{"id":"gen9ubers-1985920717","p1":"Anonymous Pulsar","p2":"smallestcheese","format":"[Gen 9] Ubers","log":"|j|\u2606Anonymous Pulsar\n|j|\u2606smallestcheese\n|t:|1699422943\n|gametype|singles\n|player|p1|Anonymous Pulsar|saturn|1115\n|player|p2|smallestcheese|harlequin|1048\n|teamsize|p1|6\n|teamsize|p2|6\n|gen|9\n|tier|[Gen 9] Ubers\n|rated|\n|rule|Sleep Clause Mod: Limit one foe put to sleep\n|rule|Species Clause: Limit one of each Pok\u00e9mon\n|rule|OHKO Clause: OHKO moves are banned\n|rule|Evasion Items Clause: Evasion items are banned\n|rule|Evasion Moves Clause: Evasion moves are banned\n|rule|Endless Battle Clause: Forcing endless battles is banned\n|rule|HP Percentage Mod: HP is shown in percentages\n|clearpoke\n|poke|p1|Giratina-Origin|\n|poke|p1|Skeledirge, F|\n|poke|p1|Clodsire, F|\n|poke|p1|Arceus-Fairy|\n|poke|p1|Zacian-*|\n|poke|p1|Koraidon|\n|poke|p2|Espathra, M|\n|poke|p2|Corviknight, F|\n|poke|p2|Annihilape, F|\n|poke|p2|Sylveon, F|\n|poke|p2|Iron Hands|\n|poke|p2|Kingambit, F|\n|teampreview\n|\n|t:|1699422959\n|start\n|switch|p1a: Koraidon|Koraidon|100\/100\n|switch|p2a: Corviknight|Corviknight, F|100\/100\n|-weather|SunnyDay|[from] ability: Orichalcum Pulse|[of] p1a: Koraidon\n|-activate|p1a: Koraidon|Orichalcum Pulse|[source]\n|turn|1\n|\n|t:|1699422978\n|move|p1a: Koraidon|Flare Blitz|p2a: Corviknight\n|-supereffective|p2a: Corviknight\n|-damage|p2a: Corviknight|0 fnt\n|faint|p2a: Corviknight\n|-damage|p1a: Koraidon|62\/100|[from] Recoil\n|\n|-weather|SunnyDay|[upkeep]\n|upkeep\n|\n|t:|1699422987\n|switch|p2a: Espathra|Espathra, M|100\/100\n|turn|2\n|\n|t:|1699422991\n|-terastallize|p1a: Koraidon|Fire\n|move|p1a: Koraidon|Flare Blitz|p2a: Espathra\n|-damage|p2a: Espathra|0 fnt\n|faint|p2a: Espathra\n|-damage|p1a: Koraidon|30\/100|[from] Recoil\n|\n|-weather|SunnyDay|[upkeep]\n|upkeep\n|\n|t:|1699422998\n|switch|p2a: Annihilape|Annihilape, F|100\/100\n|turn|3\n|\n|t:|1699423011\n|move|p1a: Koraidon|Flare Blitz|p2a: Annihilape\n|-damage|p2a: Annihilape|0 fnt\n|faint|p2a: Annihilape\n|-damage|p1a: Koraidon|0 fnt|[from] Recoil\n|faint|p1a: Koraidon\n|\n|-weather|SunnyDay|[upkeep]\n|upkeep\n|\n|t:|1699423020\n|switch|p1a: Skeledirge|Skeledirge, F|100\/100\n|switch|p2a: Iron Hands|Iron Hands|100\/100\n|-enditem|p2a: Iron Hands|Booster Energy\n|-activate|p2a: Iron Hands|ability: Quark Drive|[fromitem]\n|-start|p2a: Iron Hands|quarkdrivedef\n|turn|4\n|\n|t:|1699423027\n|move|p1a: Skeledirge|Will-O-Wisp|p2a: Iron Hands\n|-status|p2a: Iron Hands|brn\n|move|p2a: Iron Hands|Substitute|p2a: Iron Hands\n|-start|p2a: Iron Hands|Substitute\n|-damage|p2a: Iron Hands|76\/100 brn\n|\n|-weather|SunnyDay|[upkeep]\n|-damage|p2a: Iron Hands|70\/100 brn|[from] brn\n|upkeep\n|turn|5\n|\n|t:|1699423037\n|move|p1a: Skeledirge|Torch Song|p2a: Iron Hands\n|-damage|p2a: Iron Hands|31\/100 brn\n|-boost|p1a: Skeledirge|spa|1\n|move|p2a: Iron Hands|Thunder Punch|p1a: Skeledirge\n|-damage|p1a: Skeledirge|91\/100\n|\n|-weather|none\n|-damage|p2a: Iron Hands|25\/100 brn|[from] brn\n|upkeep\n|turn|6\n|\n|t:|1699423052\n|move|p1a: Skeledirge|Torch Song|p2a: Iron Hands\n|-damage|p2a: Iron Hands|0 fnt\n|-boost|p1a: Skeledirge|spa|1\n|faint|p2a: Iron Hands\n|-end|p2a: Iron Hands|Quark Drive|[silent]\n|\n|upkeep\n|\n|t:|1699423058\n|switch|p2a: Sylveon|Sylveon, F, shiny|100\/100\n|turn|7\n|\n|t:|1699423064\n|move|p1a: Skeledirge|Torch Song|p2a: Sylveon\n|-damage|p2a: Sylveon|56\/100\n|-boost|p1a: Skeledirge|spa|1\n|move|p2a: Sylveon|Calm Mind|p2a: Sylveon\n|-boost|p2a: Sylveon|spa|1\n|-boost|p2a: Sylveon|spd|1\n|\n|upkeep\n|turn|8\n|\n|t:|1699423072\n|move|p1a: Skeledirge|Torch Song|p2a: Sylveon\n|-damage|p2a: Sylveon|4\/100\n|-boost|p1a: Skeledirge|spa|1\n|move|p2a: Sylveon|Moonblast|p1a: Skeledirge\n|-resisted|p1a: Skeledirge\n|-damage|p1a: Skeledirge|61\/100\n|-unboost|p1a: Skeledirge|spa|1\n|\n|upkeep\n|turn|9\n|\n|t:|1699423084\n|move|p1a: Skeledirge|Slack Off|p1a: Skeledirge\n|-heal|p1a: Skeledirge|100\/100\n|move|p2a: Sylveon|Dazzling Gleam|p1a: Skeledirge\n|-resisted|p1a: Skeledirge\n|-damage|p1a: Skeledirge|75\/100\n|\n|upkeep\n|turn|10\n|\n|t:|1699423091\n|move|p1a: Skeledirge|Torch Song|p2a: Sylveon\n|-damage|p2a: Sylveon|0 fnt\n|-boost|p1a: Skeledirge|spa|1\n|faint|p2a: Sylveon\n|\n|upkeep\n|\n|t:|1699423097\n|switch|p2a: Kingambit|Kingambit, F|100\/100\n|-activate|p2a: Kingambit|ability: Supreme Overlord\n|-start|p2a: Kingambit|fallen5|[silent]\n|turn|11\n|\n|t:|1699423103\n|-terastallize|p2a: Kingambit|Dark\n|move|p2a: Kingambit|Protect|p2a: Kingambit\n|-singleturn|p2a: Kingambit|Protect\n|move|p1a: Skeledirge|Will-O-Wisp|p2a: Kingambit\n|-activate|p2a: Kingambit|move: Protect\n|\n|upkeep\n|turn|12\n|\n|t:|1699423111\n|move|p1a: Skeledirge|Will-O-Wisp|p2a: Kingambit\n|-status|p2a: Kingambit|brn\n|move|p2a: Kingambit|Kowtow Cleave|p1a: Skeledirge\n|-supereffective|p1a: Skeledirge\n|-damage|p1a: Skeledirge|34\/100\n|\n|-damage|p2a: Kingambit|94\/100 brn|[from] brn\n|upkeep\n|turn|13\n|\n|t:|1699423119\n|move|p1a: Skeledirge|Torch Song|p2a: Kingambit\n|-damage|p2a: Kingambit|6\/100 brn\n|-boost|p1a: Skeledirge|spa|1\n|move|p2a: Kingambit|Swords Dance|p2a: Kingambit\n|-boost|p2a: Kingambit|atk|2\n|\n|-heal|p2a: Kingambit|13\/100 brn|[from] item: Leftovers\n|-damage|p2a: Kingambit|6\/100 brn|[from] brn\n|upkeep\n|turn|14\n|\n|t:|1699423128\n|move|p1a: Skeledirge|Torch Song|p2a: Kingambit\n|-damage|p2a: Kingambit|0 fnt\n|-boost|p1a: Skeledirge|spa|1\n|faint|p2a: Kingambit\n|-end|p2a: Kingambit|fallen5|[silent]\n|\n|win|Anonymous Pulsar\n|raw|Anonymous Pulsar's rating: 1115 &rarr; <strong>1135<\/strong><br \/>(+20 for winning)\n|raw|smallestcheese's rating: 1048 &rarr; <strong>1034<\/strong><br \/>(-14 for losing)\n|c|\u2606Anonymous Pulsar|GG\n|c|\u2606smallestcheese|GG\n|l|\u2606smallestcheese\n","uploadtime":1699423142,"views":20,"p1id":"anonymouspulsar","p2id":"smallestcheese","formatid":"gen9ubers","rating":1034,"private":0,"password":""}