{"id":"gen9ubers-1976287193","p1":"swaggmaster jake","p2":"yengthecoz","format":"[Gen 9] Ubers","log":"|j|\u2606swaggmaster jake\n|j|\u2606yengthecoz\n|t:|1698282510\n|gametype|singles\n|player|p1|swaggmaster jake|2|1000\n|player|p2|yengthecoz|2|1000\n|teamsize|p1|6\n|teamsize|p2|6\n|gen|9\n|tier|[Gen 9] Ubers\n|rated|\n|rule|Sleep Clause Mod: Limit one foe put to sleep\n|rule|Species Clause: Limit one of each Pok\u00e9mon\n|rule|OHKO Clause: OHKO moves are banned\n|rule|Evasion Items Clause: Evasion items are banned\n|rule|Evasion Moves Clause: Evasion moves are banned\n|rule|Endless Battle Clause: Forcing endless battles is banned\n|rule|HP Percentage Mod: HP is shown in percentages\n|clearpoke\n|poke|p1|Goodra-Hisui, M|\n|poke|p1|Annihilape, M|\n|poke|p1|Ursaluna-Bloodmoon, M|\n|poke|p1|Haxorus, F|\n|poke|p1|Amoonguss, M|\n|poke|p1|Maushold-Four|\n|poke|p2|Chien-Pao|\n|poke|p2|Iron Bundle|\n|poke|p2|Koraidon|\n|poke|p2|Miraidon|\n|poke|p2|Flutter Mane|\n|poke|p2|Arceus-Steel|\n|teampreview\n|\n|t:|1698282530\n|start\n|switch|p1a: Amoonguss|Amoonguss, M|100\/100\n|switch|p2a: koke|Koraidon|100\/100\n|-weather|SunnyDay|[from] ability: Orichalcum Pulse|[of] p2a: koke\n|-activate|p2a: koke|Orichalcum Pulse|[source]\n|turn|1\n|\n|t:|1698282545\n|move|p2a: koke|Swords Dance|p2a: koke\n|-boost|p2a: koke|atk|2\n|move|p1a: Amoonguss|Spore|p2a: koke\n|-status|p2a: koke|slp|[from] move: Spore\n|\n|-weather|SunnyDay|[upkeep]\n|upkeep\n|turn|2\n|\n|t:|1698282555\n|cant|p2a: koke|slp\n|move|p1a: Amoonguss|Clear Smog|p2a: koke\n|-damage|p2a: koke|85\/100 slp\n|-clearboost|p2a: koke\n|\n|-weather|SunnyDay|[upkeep]\n|upkeep\n|turn|3\n|\n|t:|1698282567\n|switch|p1a: Annihilape|Annihilape, M|100\/100\n|cant|p2a: koke|slp\n|\n|-weather|SunnyDay|[upkeep]\n|upkeep\n|turn|4\n|\n|t:|1698282581\n|switch|p2a: Arceus|Arceus-Steel|100\/100\n|move|p1a: Annihilape|Ice Punch|p2a: Arceus\n|-resisted|p2a: Arceus\n|-damage|p2a: Arceus|92\/100\n|\n|-weather|SunnyDay|[upkeep]\n|upkeep\n|turn|5\n|\n|t:|1698282591\n|switch|p1a: Ursaluna|Ursaluna-Bloodmoon, M|100\/100\n|move|p2a: Arceus|Will-O-Wisp|p1a: Ursaluna\n|-status|p1a: Ursaluna|brn\n|\n|-weather|none\n|-damage|p1a: Ursaluna|94\/100 brn|[from] brn\n|upkeep\n|turn|6\n|\n|t:|1698282602\n|move|p2a: Arceus|Judgment|p1a: Ursaluna\n|-damage|p1a: Ursaluna|36\/100 brn\n|move|p1a: Ursaluna|Earth Power|p2a: Arceus\n|-supereffective|p2a: Arceus\n|-crit|p2a: Arceus\n|-damage|p2a: Arceus|0 fnt\n|faint|p2a: Arceus\n|\n|-heal|p1a: Ursaluna|42\/100 brn|[from] item: Leftovers\n|-damage|p1a: Ursaluna|36\/100 brn|[from] brn\n|upkeep\n|\n|t:|1698282652\n|switch|p2a: Chien-Pao|Chien-Pao|100\/100\n|-ability|p2a: Chien-Pao|Sword of Ruin\n|turn|7\n|\n|t:|1698282659\n|move|p1a: Ursaluna|Protect|p1a: Ursaluna\n|-singleturn|p1a: Ursaluna|Protect\n|move|p2a: Chien-Pao|Sacred Sword|p1a: Ursaluna\n|-activate|p1a: Ursaluna|move: Protect\n|\n|-heal|p1a: Ursaluna|42\/100 brn|[from] item: Leftovers\n|-damage|p1a: Ursaluna|36\/100 brn|[from] brn\n|upkeep\n|turn|8\n|\n|t:|1698282681\n|-terastallize|p1a: Ursaluna|Ghost\n|move|p2a: Chien-Pao|Crunch|p1a: Ursaluna\n|-supereffective|p1a: Ursaluna\n|-damage|p1a: Ursaluna|0 fnt\n|faint|p1a: Ursaluna\n|\n|upkeep\n|\n|t:|1698282696\n|switch|p1a: Maushold|Maushold-Four|100\/100\n|turn|9\n|\n|t:|1698282738\n|move|p2a: Chien-Pao|Sacred Sword|p1a: Maushold\n|-supereffective|p1a: Maushold\n|-damage|p1a: Maushold|0 fnt\n|faint|p1a: Maushold\n|\n|upkeep\n|\n|t:|1698282745\n|switch|p1a: Amoonguss|Amoonguss, M|100\/100\n|turn|10\n|\n|t:|1698282758\n|switch|p2a: koke|Koraidon|85\/100 slp\n|-weather|SunnyDay|[from] ability: Orichalcum Pulse|[of] p2a: koke\n|-activate|p2a: koke|Orichalcum Pulse|[source]\n|switch|p1a: Annihilape|Annihilape, M|100\/100\n|\n|-weather|SunnyDay|[upkeep]\n|upkeep\n|turn|11\n|\n|t:|1698282806\n|move|p1a: Annihilape|Ice Punch|p2a: koke\n|-supereffective|p2a: koke\n|-damage|p2a: koke|45\/100 slp\n|cant|p2a: koke|slp\n|\n|-weather|SunnyDay|[upkeep]\n|upkeep\n|turn|12\n|\n|t:|1698282814\n|move|p1a: Annihilape|Ice Punch|p2a: koke\n|-supereffective|p2a: koke\n|-damage|p2a: koke|0 fnt\n|faint|p2a: koke\n|\n|-weather|SunnyDay|[upkeep]\n|upkeep\n|\n|t:|1698282825\n|switch|p2a: Flutter Mane|Flutter Mane|100\/100\n|-activate|p2a: Flutter Mane|ability: Protosynthesis\n|-start|p2a: Flutter Mane|protosynthesisspe\n|turn|13\n|\n|t:|1698282834\n|switch|p1a: Amoonguss|Amoonguss, M|100\/100\n|move|p2a: Flutter Mane|Shadow Ball|p1a: Amoonguss\n|-damage|p1a: Amoonguss|75\/100\n|-unboost|p1a: Amoonguss|spd|1\n|\n|-weather|SunnyDay|[upkeep]\n|-heal|p1a: Amoonguss|81\/100|[from] item: Black Sludge\n|upkeep\n|turn|14\n|\n|t:|1698282848\n|move|p2a: Flutter Mane|Protect|p2a: Flutter Mane\n|-singleturn|p2a: Flutter Mane|Protect\n|move|p1a: Amoonguss|Spore|p2a: Flutter Mane\n|-activate|p2a: Flutter Mane|move: Protect\n|\n|-weather|none\n|-end|p2a: Flutter Mane|Protosynthesis\n|-heal|p1a: Amoonguss|87\/100|[from] item: Black Sludge\n|upkeep\n|-enditem|p2a: Flutter Mane|Booster Energy\n|-activate|p2a: Flutter Mane|ability: Protosynthesis|[fromitem]\n|-start|p2a: Flutter Mane|protosynthesisspe\n|turn|15\n|\n|t:|1698282859\n|-end|p2a: Flutter Mane|Protosynthesis|[silent]\n|switch|p2a: Miraidon|Miraidon|100\/100\n|-fieldstart|move: Electric Terrain|[from] ability: Hadron Engine|[of] p2a: Miraidon\n|move|p1a: Amoonguss|Spore|p2a: Miraidon\n|-activate|p2a: Miraidon|move: Electric Terrain\n|\n|-heal|p1a: Amoonguss|93\/100|[from] item: Black Sludge\n|upkeep\n|turn|16\n|\n|t:|1698282874\n|switch|p1a: Goodra|Goodra-Hisui, M|100\/100\n|move|p2a: Miraidon|Dragon Pulse|p1a: Goodra\n|-damage|p1a: Goodra|59\/100\n|\n|upkeep\n|turn|17\n|\n|t:|1698282891\n|move|p2a: Miraidon|Dragon Pulse|p1a: Goodra\n|-damage|p1a: Goodra|22\/100\n|move|p1a: Goodra|Earthquake|p2a: Miraidon\n|-supereffective|p2a: Miraidon\n|-damage|p2a: Miraidon|42\/100\n|\n|upkeep\n|turn|18\n|\n|t:|1698282910\n|switch|p1a: Amoonguss|Amoonguss, M|100\/100\n|move|p2a: Miraidon|Dragon Pulse|p1a: Amoonguss\n|-damage|p1a: Amoonguss|61\/100\n|\n|-heal|p1a: Amoonguss|67\/100|[from] item: Black Sludge\n|upkeep\n|turn|19\n|\n|t:|1698282929\n|move|p2a: Miraidon|Electro Drift|p1a: Amoonguss\n|-resisted|p1a: Amoonguss\n|-damage|p1a: Amoonguss|37\/100\n|move|p1a: Amoonguss|Giga Drain|p2a: Miraidon\n|-resisted|p2a: Miraidon\n|-damage|p2a: Miraidon|31\/100\n|-heal|p1a: Amoonguss|41\/100|[from] drain|[of] p2a: Miraidon\n|\n|-heal|p1a: Amoonguss|47\/100|[from] item: Black Sludge\n|-fieldend|move: Electric Terrain\n|upkeep\n|turn|20\n|\n|t:|1698282942\n|move|p2a: Miraidon|Dragon Pulse|p1a: Amoonguss\n|-damage|p1a: Amoonguss|16\/100\n|move|p1a: Amoonguss|Spore|p2a: Miraidon\n|-status|p2a: Miraidon|slp|[from] move: Spore\n|\n|-heal|p1a: Amoonguss|22\/100|[from] item: Black Sludge\n|upkeep\n|turn|21\n|\n|t:|1698282950\n|switch|p2a: Chien-Pao|Chien-Pao|100\/100\n|-ability|p2a: Chien-Pao|Sword of Ruin\n|switch|p1a: Goodra|Goodra-Hisui, M|22\/100\n|\n|upkeep\n|turn|22\n|\n|t:|1698282961\n|move|p2a: Chien-Pao|Crunch|p1a: Goodra\n|-damage|p1a: Goodra|0 fnt\n|-damage|p2a: Chien-Pao|84\/100|[from] item: Rocky Helmet|[of] p1a: Goodra\n|faint|p1a: Goodra\n|\n|upkeep\n|\n|t:|1698282966\n|switch|p1a: Annihilape|Annihilape, M|100\/100\n|turn|23\n|\n|t:|1698282974\n|-terastallize|p2a: Chien-Pao|Dark\n|move|p1a: Annihilape|Drain Punch|p2a: Chien-Pao\n|-supereffective|p2a: Chien-Pao\n|-crit|p2a: Chien-Pao\n|-damage|p2a: Chien-Pao|0 fnt\n|faint|p2a: Chien-Pao\n|\n|upkeep\n|\n|t:|1698282984\n|switch|p2a: Flutter Mane|Flutter Mane|100\/100\n|turn|24\n|\n|t:|1698282989\n|switch|p1a: Amoonguss|Amoonguss, M|55\/100\n|move|p2a: Flutter Mane|Shadow Ball|p1a: Amoonguss\n|-crit|p1a: Amoonguss\n|-damage|p1a: Amoonguss|16\/100\n|\n|-heal|p1a: Amoonguss|22\/100|[from] item: Black Sludge\n|upkeep\n|turn|25\n|\n|t:|1698282997\n|move|p1a: Amoonguss|Protect|p1a: Amoonguss\n|-singleturn|p1a: Amoonguss|Protect\n|move|p2a: Flutter Mane|Shadow Ball|p1a: Amoonguss\n|-activate|p1a: Amoonguss|move: Protect\n|\n|-heal|p1a: Amoonguss|28\/100|[from] item: Black Sludge\n|upkeep\n|turn|26\n|\n|t:|1698283009\n|switch|p1a: Annihilape|Annihilape, M|100\/100\n|move|p2a: Flutter Mane|Shadow Ball|p1a: Annihilape\n|-supereffective|p1a: Annihilape\n|-damage|p1a: Annihilape|16\/100\n|\n|upkeep\n|turn|27\n|\n|t:|1698283019\n|move|p2a: Flutter Mane|Protect|p2a: Flutter Mane\n|-singleturn|p2a: Flutter Mane|Protect\n|move|p1a: Annihilape|Rage Fist|p2a: Flutter Mane\n|-activate|p2a: Flutter Mane|move: Protect\n|\n|upkeep\n|turn|28\n|\n|t:|1698283087\n|move|p1a: Annihilape|Rage Fist|p2a: Flutter Mane\n|-supereffective|p2a: Flutter Mane\n|-damage|p2a: Flutter Mane|0 fnt\n|faint|p2a: Flutter Mane\n|-end|p2a: Flutter Mane|Protosynthesis|[silent]\n|\n|upkeep\n|\n|t:|1698283104\n|switch|p2a: Miraidon|Miraidon|31\/100 slp\n|-fieldstart|move: Electric Terrain|[from] ability: Hadron Engine|[of] p2a: Miraidon\n|turn|29\n|\n|t:|1698283111\n|switch|p1a: Amoonguss|Amoonguss, M|62\/100\n|cant|p2a: Miraidon|slp\n|\n|-heal|p1a: Amoonguss|68\/100|[from] item: Black Sludge\n|upkeep\n|turn|30\n|\n|t:|1698283117\n|switch|p1a: Annihilape|Annihilape, M|16\/100\n|cant|p2a: Miraidon|slp\n|\n|upkeep\n|turn|31\n|\n|t:|1698283125\n|move|p1a: Annihilape|Ice Punch|p2a: Miraidon\n|-supereffective|p2a: Miraidon\n|-damage|p2a: Miraidon|0 fnt\n|faint|p2a: Miraidon\n|\n|upkeep\n|\n|t:|1698283129\n|switch|p2a: Iron Bbandleundle|Iron Bundle|100\/100\n|-activate|p2a: Iron Bbandleundle|ability: Quark Drive\n|-start|p2a: Iron Bbandleundle|quarkdrivespe\n|turn|32\n|\n|t:|1698283134\n|move|p2a: Iron Bbandleundle|Freeze-Dry|p1a: Annihilape\n|-damage|p1a: Annihilape|0 fnt\n|faint|p1a: Annihilape\n|\n|upkeep\n|\n|t:|1698283142\n|switch|p1a: Haxorus|Haxorus, F|100\/100\n|-ability|p1a: Haxorus|Mold Breaker\n|turn|33\n|\n|t:|1698283150\n|move|p2a: Iron Bbandleundle|Freeze-Dry|p1a: Haxorus\n|-supereffective|p1a: Haxorus\n|-damage|p1a: Haxorus|0 fnt\n|faint|p1a: Haxorus\n|\n|-fieldend|move: Electric Terrain\n|-end|p2a: Iron Bbandleundle|Quark Drive\n|upkeep\n|-enditem|p2a: Iron Bbandleundle|Booster Energy\n|-activate|p2a: Iron Bbandleundle|ability: Quark Drive|[fromitem]\n|-start|p2a: Iron Bbandleundle|quarkdrivespe\n|\n|t:|1698283159\n|switch|p1a: Amoonguss|Amoonguss, M|100\/100\n|turn|34\n|\n|t:|1698283170\n|move|p2a: Iron Bbandleundle|Freeze-Dry|p1a: Amoonguss\n|-supereffective|p1a: Amoonguss\n|-damage|p1a: Amoonguss|57\/100\n|-status|p1a: Amoonguss|frz\n|cant|p1a: Amoonguss|frz\n|\n|-heal|p1a: Amoonguss|63\/100 frz|[from] item: Black Sludge\n|upkeep\n|turn|35\n|\n|t:|1698283180\n|cant|p1a: Amoonguss|frz\n|move|p2a: Iron Bbandleundle|Freeze-Dry|p1a: Amoonguss\n|-supereffective|p1a: Amoonguss\n|-damage|p1a: Amoonguss|15\/100 frz\n|\n|-heal|p1a: Amoonguss|21\/100 frz|[from] item: Black Sludge\n|upkeep\n|turn|36\n|c|\u2606yengthecoz|gg no re\n|\n|t:|1698283188\n|move|p2a: Iron Bbandleundle|Freeze-Dry|p1a: Amoonguss\n|-supereffective|p1a: Amoonguss\n|-damage|p1a: Amoonguss|0 fnt\n|faint|p1a: Amoonguss\n|\n|win|yengthecoz\n|raw|swaggmaster jake's rating: 1000 &rarr; <strong>1000<\/strong><br \/>(+0 for losing)\n|raw|yengthecoz's rating: 1000 &rarr; <strong>1040<\/strong><br \/>(+40 for winning)\n|c|\u2606yengthecoz|ITS JOEVER\n|c|\u2606swaggmaster jake|u got lucky\n|l|\u2606swaggmaster jake\n","uploadtime":1698283740,"views":13,"p1id":"swaggmasterjake","p2id":"yengthecoz","formatid":"gen9ubers","rating":1000,"private":0,"password":""}