{"id":"gen9ubers-1982015711","p1":"TubeKnight","p2":"Dhdjdjd","format":"[Gen 9] Ubers","log":"|j|\u2606TubeKnight\n|j|\u2606Dhdjdjd\n|t:|1698959833\n|gametype|singles\n|player|p1|TubeKnight|veteran|\n|player|p2|Dhdjdjd|101|\n|teamsize|p1|6\n|teamsize|p2|6\n|gen|9\n|tier|[Gen 9] Ubers\n|rule|Sleep Clause Mod: Limit one foe put to sleep\n|rule|Species Clause: Limit one of each Pok\u00e9mon\n|rule|OHKO Clause: OHKO moves are banned\n|rule|Evasion Items Clause: Evasion items are banned\n|rule|Evasion Moves Clause: Evasion moves are banned\n|rule|Endless Battle Clause: Forcing endless battles is banned\n|rule|HP Percentage Mod: HP is shown in percentages\n|clearpoke\n|poke|p1|Giratina|\n|poke|p1|Blissey, F|\n|poke|p1|Dondozo, F|\n|poke|p1|Gliscor, F|\n|poke|p1|Gholdengo|\n|poke|p1|Garganacl, M|\n|poke|p2|Shaymin-Sky|\n|poke|p2|Vikavolt, M|\n|poke|p2|Chi-Yu|\n|poke|p2|Arceus-Fire|\n|poke|p2|Palkia-Origin|\n|poke|p2|Zacian-*|\n|teampreview\n|inactive|Battle timer is ON: inactive players will automatically lose when time's up. (requested by TubeKnight)\n|c|\u2606TubeKnight|glhgf\n|c|\u2606TubeKnight|glhf\n|\n|t:|1698959851\n|start\n|switch|p1a: Gliscor|Gliscor, F, shiny|100\/100\n|switch|p2a: Vikavolt|Vikavolt, M|100\/100\n|turn|1\n|\n|t:|1698959862\n|move|p1a: Gliscor|Taunt|p2a: Vikavolt\n|-start|p2a: Vikavolt|move: Taunt\n|cant|p2a: Vikavolt|move: Taunt|Sticky Web\n|\n|-status|p1a: Gliscor|tox|[from] item: Toxic Orb\n|upkeep\n|turn|2\n|\n|t:|1698959871\n|move|p1a: Gliscor|Knock Off|p2a: Vikavolt\n|-damage|p2a: Vikavolt|80\/100\n|-enditem|p2a: Vikavolt|Focus Sash|[from] move: Knock Off|[of] p1a: Gliscor\n|move|p2a: Vikavolt|Bug Buzz|p1a: Gliscor\n|-resisted|p1a: Gliscor\n|-damage|p1a: Gliscor|66\/100 tox\n|\n|-heal|p1a: Gliscor|78\/100 tox|[from] ability: Poison Heal\n|upkeep\n|turn|3\n|\n|t:|1698959882\n|move|p1a: Gliscor|Toxic Spikes|p2a: Vikavolt\n|-sidestart|p2: Dhdjdjd|move: Toxic Spikes\n|move|p2a: Vikavolt|Bug Buzz|p1a: Gliscor\n|-resisted|p1a: Gliscor\n|-damage|p1a: Gliscor|43\/100 tox\n|\n|-heal|p1a: Gliscor|55\/100 tox|[from] ability: Poison Heal\n|-end|p2a: Vikavolt|move: Taunt\n|upkeep\n|turn|4\n|\n|t:|1698959892\n|move|p1a: Gliscor|Toxic Spikes|p2a: Vikavolt\n|-sidestart|p2: Dhdjdjd|move: Toxic Spikes\n|move|p2a: Vikavolt|Bug Buzz|p1a: Gliscor\n|-resisted|p1a: Gliscor\n|-damage|p1a: Gliscor|23\/100 tox\n|\n|-heal|p1a: Gliscor|35\/100 tox|[from] ability: Poison Heal\n|upkeep\n|turn|5\n|\n|t:|1698959900\n|switch|p1a: Garganacl|Garganacl, M, shiny|100\/100\n|move|p2a: Vikavolt|Bug Buzz|p1a: Garganacl\n|-damage|p1a: Garganacl|65\/100\n|\n|upkeep\n|turn|6\n|\n|t:|1698959914\n|move|p2a: Vikavolt|Volt Switch|p1a: Garganacl\n|-damage|p1a: Garganacl|35\/100\n|\n|t:|1698959937\n|switch|p2a: Zacian|Zacian|100\/100|[from] Volt Switch\n|-status|p2a: Zacian|tox\n|-ability|p2a: Zacian|Intrepid Sword|boost\n|-boost|p2a: Zacian|atk|1\n|move|p1a: Garganacl|Salt Cure|p2a: Zacian\n|-damage|p2a: Zacian|88\/100 tox\n|-start|p2a: Zacian|Salt Cure\n|\n|-damage|p2a: Zacian|81\/100 tox|[from] psn\n|-damage|p2a: Zacian|69\/100 tox|[from] Salt Cure\n|upkeep\n|turn|7\n|inactive|Dhdjdjd has 270 seconds left.\n|\n|t:|1698959958\n|switch|p1a: Dondozo|Dondozo, F, shiny|100\/100\n|move|p2a: Zacian|Play Rough|p1a: Dondozo\n|-crit|p1a: Dondozo\n|-damage|p1a: Dondozo|55\/100\n|\n|-damage|p2a: Zacian|57\/100 tox|[from] psn\n|-damage|p2a: Zacian|44\/100 tox|[from] Salt Cure\n|upkeep\n|turn|8\n|inactive|Dhdjdjd has 270 seconds left.\n|\n|t:|1698959969\n|move|p2a: Zacian|Play Rough|p1a: Dondozo|[miss]\n|-miss|p2a: Zacian|p1a: Dondozo\n|move|p1a: Dondozo|Rest|p1a: Dondozo\n|-status|p1a: Dondozo|slp|[from] move: Rest\n|-heal|p1a: Dondozo|100\/100 slp|[silent]\n|\n|-damage|p2a: Zacian|26\/100 tox|[from] psn\n|-damage|p2a: Zacian|14\/100 tox|[from] Salt Cure\n|upkeep\n|turn|9\n|inactive|Dhdjdjd has 270 seconds left.\n|\n|t:|1698959980\n|move|p2a: Zacian|Play Rough|p1a: Dondozo\n|-damage|p1a: Dondozo|70\/100 slp\n|cant|p1a: Dondozo|slp\n|move|p1a: Dondozo|Sleep Talk|p1a: Dondozo\n|move|p1a: Dondozo|Body Press|p2a: Zacian|[from]move: Sleep Talk\n|-resisted|p2a: Zacian\n|-damage|p2a: Zacian|0 fnt\n|faint|p2a: Zacian\n|\n|upkeep\n|\n|t:|1698960010\n|switch|p2a: Shaymin|Shaymin-Sky|100\/100\n|turn|10\n|\n|t:|1698960017\n|switch|p1a: Blissey|Blissey, F, shiny|100\/100\n|move|p2a: Shaymin|Seed Flare|p1a: Blissey|[miss]\n|-miss|p2a: Shaymin|p1a: Blissey\n|\n|upkeep\n|turn|11\n|\n|t:|1698960025\n|switch|p2a: Vikavolt|Vikavolt, M|80\/100\n|move|p1a: Blissey|Thunder Wave|p2a: Vikavolt\n|-immune|p2a: Vikavolt\n|\n|upkeep\n|turn|12\n|\n|t:|1698960041\n|switch|p1a: Giratina|Giratina, shiny|100\/100\n|-ability|p1a: Giratina|Pressure\n|move|p2a: Vikavolt|Sticky Web|p1a: Giratina\n|-sidestart|p1: TubeKnight|move: Sticky Web\n|\n|upkeep\n|turn|13\n|\n|t:|1698960048\n|move|p2a: Vikavolt|Volt Switch|p1a: Giratina\n|-resisted|p1a: Giratina\n|-damage|p1a: Giratina|90\/100\n|\n|t:|1698960058\n|switch|p2a: Chi-Yu|Chi-Yu|100\/100|[from] Volt Switch\n|-status|p2a: Chi-Yu|tox\n|-ability|p2a: Chi-Yu|Beads of Ruin\n|move|p1a: Giratina|Roar|p2a: Chi-Yu\n|drag|p2a: Palkia|Palkia-Origin|100\/100\n|-status|p2a: Palkia|tox\n|-ability|p2a: Palkia|Pressure\n|\n|-damage|p2a: Palkia|94\/100 tox|[from] psn\n|upkeep\n|turn|14\n|inactive|Dhdjdjd has 270 seconds left.\n|\n|t:|1698960076\n|switch|p1a: Blissey|Blissey, F, shiny|100\/100\n|move|p2a: Palkia|Draco Meteor|p1a: Blissey\n|-damage|p1a: Blissey|76\/100\n|-unboost|p2a: Palkia|spa|2\n|\n|-damage|p2a: Palkia|82\/100 tox|[from] psn\n|upkeep\n|turn|15\n|\n|t:|1698960101\n|switch|p2a: Shaymin|Shaymin-Sky|100\/100\n|move|p1a: Blissey|Stealth Rock|p2a: Shaymin\n|-sidestart|p2: Dhdjdjd|move: Stealth Rock\n|\n|upkeep\n|turn|16\n|\n|t:|1698960108\n|move|p2a: Shaymin|Seed Flare|p1a: Blissey\n|-damage|p1a: Blissey|55\/100\n|-unboost|p1a: Blissey|spd|2\n|-damage|p2a: Shaymin|91\/100|[from] item: Life Orb\n|move|p1a: Blissey|Thunder Wave|p2a: Shaymin\n|-status|p2a: Shaymin|par\n|\n|upkeep\n|turn|17\n|\n|t:|1698960126\n|move|p2a: Shaymin|Seed Flare|p1a: Blissey|[miss]\n|-miss|p2a: Shaymin|p1a: Blissey\n|move|p1a: Blissey|Soft-Boiled|p1a: Blissey\n|-heal|p1a: Blissey|100\/100\n|\n|upkeep\n|turn|18\n|\n|t:|1698960134\n|switch|p1a: Giratina|Giratina, shiny|90\/100\n|-ability|p1a: Giratina|Pressure\n|move|p2a: Shaymin|Seed Flare|p1a: Giratina\n|-resisted|p1a: Giratina\n|-crit|p1a: Giratina\n|-damage|p1a: Giratina|64\/100\n|-unboost|p1a: Giratina|spd|2\n|-damage|p2a: Shaymin|81\/100 par|[from] item: Life Orb\n|\n|upkeep\n|turn|19\n|\n|t:|1698960160\n|move|p1a: Giratina|Hex|p2a: Shaymin\n|-damage|p2a: Shaymin|27\/100 par\n|move|p2a: Shaymin|Air Slash|p1a: Giratina\n|-damage|p1a: Giratina|23\/100\n|-damage|p2a: Shaymin|17\/100 par|[from] item: Life Orb\n|\n|upkeep\n|turn|20\n|\n|t:|1698960169\n|switch|p1a: Gholdengo|Gholdengo|100\/100\n|-activate|p1a: Gholdengo|move: Sticky Web\n|-unboost|p1a: Gholdengo|spe|1\n|move|p2a: Shaymin|Giga Drain|p1a: Gholdengo\n|-resisted|p1a: Gholdengo\n|-damage|p1a: Gholdengo|70\/100\n|-heal|p2a: Shaymin|31\/100 par|[from] drain|[of] p1a: Gholdengo\n|-damage|p2a: Shaymin|21\/100 par|[from] item: Life Orb\n|\n|upkeep\n|turn|21\n|\n|t:|1698960186\n|move|p1a: Gholdengo|Shadow Ball|p2a: Shaymin\n|-damage|p2a: Shaymin|0 fnt\n|faint|p2a: Shaymin\n|\n|upkeep\n|\n|t:|1698960195\n|switch|p2a: Arceus|Arceus-Fire|100\/100\n|-status|p2a: Arceus|tox\n|-damage|p2a: Arceus|76\/100 tox|[from] Stealth Rock\n|turn|22\n|\n|t:|1698960206\n|switch|p1a: Dondozo|Dondozo, F, shiny|70\/100 slp\n|move|p2a: Arceus|Energy Ball|p1a: Dondozo\n|-supereffective|p1a: Dondozo\n|-damage|p1a: Dondozo|19\/100 slp\n|\n|-damage|p2a: Arceus|70\/100 tox|[from] psn\n|upkeep\n|turn|23\n|\n|t:|1698960217\n|switch|p1a: Blissey|Blissey, F, shiny|100\/100\n|move|p2a: Arceus|Energy Ball|p1a: Blissey\n|-damage|p1a: Blissey|93\/100\n|\n|-damage|p2a: Arceus|57\/100 tox|[from] psn\n|upkeep\n|turn|24\n|\n|t:|1698960230\n|switch|p2a: Vikavolt|Vikavolt, M|80\/100\n|-damage|p2a: Vikavolt|55\/100|[from] Stealth Rock\n|move|p1a: Blissey|Soft-Boiled|p1a: Blissey\n|-heal|p1a: Blissey|100\/100\n|\n|upkeep\n|turn|25\n|\n|t:|1698960241\n|move|p1a: Blissey|Seismic Toss|p2a: Vikavolt\n|-damage|p2a: Vikavolt|27\/100\n|move|p2a: Vikavolt|Bug Buzz|p1a: Blissey\n|-damage|p1a: Blissey|85\/100\n|\n|upkeep\n|turn|26\n|\n|t:|1698960248\n|move|p1a: Blissey|Seismic Toss|p2a: Vikavolt\n|-damage|p2a: Vikavolt|0 fnt\n|faint|p2a: Vikavolt\n|\n|upkeep\n|\n|t:|1698960255\n|switch|p2a: Chi-Yu|Chi-Yu|100\/100 tox\n|-damage|p2a: Chi-Yu|76\/100 tox|[from] Stealth Rock\n|-ability|p2a: Chi-Yu|Beads of Ruin\n|turn|27\n|\n|t:|1698960264\n|move|p2a: Chi-Yu|Overheat|p1a: Blissey\n|-damage|p1a: Blissey|45\/100\n|-unboost|p2a: Chi-Yu|spa|2\n|move|p1a: Blissey|Soft-Boiled|p1a: Blissey\n|-heal|p1a: Blissey|95\/100\n|\n|-damage|p2a: Chi-Yu|70\/100 tox|[from] psn\n|upkeep\n|turn|28\n|inactive|Dhdjdjd has 270 seconds left.\n|-message|Dhdjdjd forfeited.\n|\n|win|TubeKnight\n|l|\u2606Dhdjdjd\n|c|\u2606TubeKnight|ggs\n","uploadtime":1698960287,"views":15,"p1id":"tubeknight","p2id":"dhdjdjd","formatid":"gen9ubers","rating":0,"private":0,"password":""}