{"id":"gen9ubers-1992423579","p1":"ArbysDealer23","p2":"Speedtospare","format":"[Gen 9] Ubers","log":"|j|\u2606ArbysDealer23\n|j|\u2606Speedtospare\n|t:|1700185855\n|gametype|singles\n|player|p1|ArbysDealer23|clair|1063\n|player|p2|Speedtospare|2|1201\n|teamsize|p1|6\n|teamsize|p2|6\n|gen|9\n|tier|[Gen 9] Ubers\n|rated|\n|rule|Sleep Clause Mod: Limit one foe put to sleep\n|rule|Species Clause: Limit one of each Pok\u00e9mon\n|rule|OHKO Clause: OHKO moves are banned\n|rule|Evasion Items Clause: Evasion items are banned\n|rule|Evasion Moves Clause: Evasion moves are banned\n|rule|Endless Battle Clause: Forcing endless battles is banned\n|rule|HP Percentage Mod: HP is shown in percentages\n|clearpoke\n|poke|p1|Cresselia, F|\n|poke|p1|Roaring Moon|\n|poke|p1|Talonflame, M|\n|poke|p1|Volcanion|\n|poke|p1|Mudsdale, F|\n|poke|p1|Lucario, F|\n|poke|p2|Gliscor, M|\n|poke|p2|Landorus-Therian, M|\n|poke|p2|Sneasler, M|\n|poke|p2|Samurott-Hisui, M|\n|poke|p2|Zapdos|\n|poke|p2|Rillaboom, F|\n|teampreview\n|inactive|Battle timer is ON: inactive players will automatically lose when time's up. (requested by Speedtospare)\n|\n|t:|1700185870\n|start\n|switch|p1a: Roaring Moon|Roaring Moon|100\/100\n|switch|p2a: Landorus|Landorus-Therian, M|100\/100\n|-ability|p2a: Landorus|Intimidate|boost\n|-unboost|p1a: Roaring Moon|atk|1\n|-enditem|p1a: Roaring Moon|Booster Energy\n|-activate|p1a: Roaring Moon|ability: Protosynthesis|[fromitem]\n|-start|p1a: Roaring Moon|protosynthesisspe\n|turn|1\n|\n|t:|1700185898\n|move|p1a: Roaring Moon|Dragon Dance|p1a: Roaring Moon\n|-boost|p1a: Roaring Moon|atk|1\n|-boost|p1a: Roaring Moon|spe|1\n|move|p2a: Landorus|Earthquake|p1a: Roaring Moon\n|-damage|p1a: Roaring Moon|27\/100\n|\n|upkeep\n|turn|2\n|\n|t:|1700185906\n|move|p1a: Roaring Moon|Dragon Claw|p2a: Landorus\n|-damage|p2a: Landorus|46\/100\n|move|p2a: Landorus|Earthquake|p1a: Roaring Moon\n|-damage|p1a: Roaring Moon|0 fnt\n|faint|p1a: Roaring Moon\n|-end|p1a: Roaring Moon|Protosynthesis|[silent]\n|\n|upkeep\n|\n|t:|1700185918\n|switch|p1a: Talonflame|Talonflame, M|100\/100\n|turn|3\n|\n|t:|1700185926\n|-terastallize|p1a: Talonflame|Flying\n|move|p1a: Talonflame|Air Slash|p2a: Landorus\n|-damage|p2a: Landorus|0 fnt\n|faint|p2a: Landorus\n|\n|upkeep\n|\n|t:|1700185934\n|switch|p2a: Zapdos|Zapdos|100\/100\n|turn|4\n|\n|t:|1700185940\n|move|p1a: Talonflame|U-turn|p2a: Zapdos\n|-resisted|p2a: Zapdos\n|-damage|p2a: Zapdos|94\/100\n|-status|p1a: Talonflame|par|[from] ability: Static|[of] p2a: Zapdos\n|\n|t:|1700185944\n|switch|p1a: Mudsdale|Mudsdale, F|100\/100|[from] U-turn\n|move|p2a: Zapdos|Thunderbolt|p1a: Mudsdale\n|-immune|p1a: Mudsdale\n|\n|upkeep\n|turn|5\n|\n|t:|1700185950\n|switch|p2a: Rillaboom|Rillaboom, F|100\/100\n|-fieldstart|move: Grassy Terrain|[from] ability: Grassy Surge|[of] p2a: Rillaboom\n|move|p1a: Mudsdale|Stealth Rock|p2a: Rillaboom\n|-sidestart|p2: Speedtospare|move: Stealth Rock\n|\n|upkeep\n|turn|6\n|\n|t:|1700185970\n|switch|p1a: Talonflame|Talonflame, M, tera:Flying|100\/100 par\n|move|p2a: Rillaboom|Drum Beating|p1a: Talonflame\n|-resisted|p1a: Talonflame\n|-damage|p1a: Talonflame|42\/100 par\n|-unboost|p1a: Talonflame|spe|1\n|\n|upkeep\n|turn|7\n|\n|t:|1700185979\n|move|p2a: Rillaboom|Drum Beating|p1a: Talonflame\n|-resisted|p1a: Talonflame\n|-damage|p1a: Talonflame|0 fnt\n|faint|p1a: Talonflame\n|\n|upkeep\n|\n|t:|1700185989\n|switch|p1a: Volcanion|Volcanion|100\/100\n|turn|8\n|\n|t:|1700185995\n|switch|p2a: Zapdos|Zapdos|94\/100\n|move|p1a: Volcanion|Heat Wave|p2a: Zapdos\n|-damage|p2a: Zapdos|44\/100\n|\n|upkeep\n|turn|9\n|\n|t:|1700186003\n|switch|p1a: Mudsdale|Mudsdale, F|100\/100\n|move|p2a: Zapdos|Roost|p2a: Zapdos\n|-heal|p2a: Zapdos|94\/100\n|-singleturn|p2a: Zapdos|move: Roost\n|\n|-heal|p2a: Zapdos|100\/100|[from] Grassy Terrain\n|-fieldend|move: Grassy Terrain\n|upkeep\n|turn|10\n|\n|t:|1700186011\n|switch|p2a: Rillaboom|Rillaboom, F|100\/100\n|-damage|p2a: Rillaboom|88\/100|[from] Stealth Rock\n|-fieldstart|move: Grassy Terrain|[from] ability: Grassy Surge|[of] p2a: Rillaboom\n|move|p1a: Mudsdale|Iron Defense|p1a: Mudsdale\n|-boost|p1a: Mudsdale|def|2\n|\n|-heal|p2a: Rillaboom|94\/100|[from] Grassy Terrain\n|upkeep\n|turn|11\n|\n|t:|1700186028\n|move|p2a: Rillaboom|Knock Off|p1a: Mudsdale\n|-damage|p1a: Mudsdale|79\/100\n|-ability|p1a: Mudsdale|Stamina|boost\n|-boost|p1a: Mudsdale|def|1\n|-enditem|p1a: Mudsdale|Leftovers|[from] move: Knock Off|[of] p2a: Rillaboom\n|move|p1a: Mudsdale|Body Press|p2a: Rillaboom\n|-damage|p2a: Rillaboom|43\/100\n|\n|-heal|p2a: Rillaboom|49\/100|[from] Grassy Terrain\n|-heal|p1a: Mudsdale|85\/100|[from] Grassy Terrain\n|upkeep\n|turn|12\n|\n|t:|1700186039\n|switch|p2a: Zapdos|Zapdos|100\/100\n|move|p1a: Mudsdale|Body Press|p2a: Zapdos\n|-resisted|p2a: Zapdos\n|-damage|p2a: Zapdos|79\/100\n|\n|-heal|p1a: Mudsdale|91\/100|[from] Grassy Terrain\n|upkeep\n|turn|13\n|\n|t:|1700186048\n|switch|p2a: Rillaboom|Rillaboom, F|49\/100\n|-damage|p2a: Rillaboom|37\/100|[from] Stealth Rock\n|move|p1a: Mudsdale|Iron Defense|p1a: Mudsdale\n|-boost|p1a: Mudsdale|def|2\n|\n|-heal|p2a: Rillaboom|43\/100|[from] Grassy Terrain\n|-heal|p1a: Mudsdale|98\/100|[from] Grassy Terrain\n|upkeep\n|turn|14\n|\n|t:|1700186059\n|move|p2a: Rillaboom|Drum Beating|p1a: Mudsdale\n|-supereffective|p1a: Mudsdale\n|-damage|p1a: Mudsdale|57\/100\n|-unboost|p1a: Mudsdale|spe|1\n|-ability|p1a: Mudsdale|Stamina|boost\n|-boost|p1a: Mudsdale|def|1\n|move|p1a: Mudsdale|Body Press|p2a: Rillaboom\n|-damage|p2a: Rillaboom|0 fnt\n|faint|p2a: Rillaboom\n|\n|-heal|p1a: Mudsdale|64\/100|[from] Grassy Terrain\n|-fieldend|move: Grassy Terrain\n|upkeep\n|\n|t:|1700186070\n|switch|p2a: Samurott|Samurott-Hisui, M|100\/100\n|-damage|p2a: Samurott|88\/100|[from] Stealth Rock\n|turn|15\n|\n|t:|1700186077\n|move|p2a: Samurott|Aqua Cutter|p1a: Mudsdale\n|-supereffective|p1a: Mudsdale\n|-crit|p1a: Mudsdale\n|-damage|p1a: Mudsdale|0 fnt\n|faint|p1a: Mudsdale\n|\n|upkeep\n|\n|t:|1700186089\n|switch|p1a: Lucario|Lucario, F|100\/100\n|turn|16\n|\n|t:|1700186093\n|switch|p2a: Zapdos|Zapdos|79\/100\n|move|p1a: Lucario|Swords Dance|p1a: Lucario\n|-boost|p1a: Lucario|atk|2\n|\n|upkeep\n|turn|17\n|\n|t:|1700186100\n|move|p1a: Lucario|Extreme Speed|p2a: Zapdos\n|-crit|p2a: Zapdos\n|-damage|p2a: Zapdos|0 fnt\n|faint|p2a: Zapdos\n|-damage|p1a: Lucario|91\/100|[from] item: Life Orb\n|\n|upkeep\n|\n|t:|1700186111\n|switch|p2a: Gliscor|Gliscor, M|100\/100\n|-damage|p2a: Gliscor|88\/100|[from] Stealth Rock\n|turn|18\n|\n|t:|1700186120\n|move|p1a: Lucario|Extreme Speed|p2a: Gliscor\n|-damage|p2a: Gliscor|23\/100\n|-damage|p1a: Lucario|81\/100|[from] item: Life Orb\n|move|p2a: Gliscor|Earthquake|p1a: Lucario\n|-supereffective|p1a: Lucario\n|-damage|p1a: Lucario|0 fnt\n|faint|p1a: Lucario\n|\n|-status|p2a: Gliscor|tox|[from] item: Toxic Orb\n|upkeep\n|\n|t:|1700186135\n|switch|p1a: Cresselia|Cresselia, F|100\/100\n|turn|19\n|\n|t:|1700186147\n|move|p2a: Gliscor|U-turn|p1a: Cresselia\n|-supereffective|p1a: Cresselia\n|-damage|p1a: Cresselia|72\/100\n|\n|t:|1700186154\n|switch|p2a: Sneasler|Sneasler, M|100\/100|[from] U-turn\n|-damage|p2a: Sneasler|95\/100|[from] Stealth Rock\n|move|p1a: Cresselia|Calm Mind|p1a: Cresselia\n|-boost|p1a: Cresselia|spa|1\n|-boost|p1a: Cresselia|spd|1\n|\n|-heal|p1a: Cresselia|78\/100|[from] item: Leftovers\n|upkeep\n|turn|20\n|\n|t:|1700186165\n|move|p2a: Sneasler|U-turn|p1a: Cresselia\n|-supereffective|p1a: Cresselia\n|-damage|p1a: Cresselia|42\/100\n|\n|t:|1700186168\n|switch|p2a: Gliscor|Gliscor, M|23\/100 tox|[from] U-turn\n|-damage|p2a: Gliscor|10\/100 tox|[from] Stealth Rock\n|move|p1a: Cresselia|Stored Power|p2a: Gliscor\n|-damage|p2a: Gliscor|0 fnt\n|faint|p2a: Gliscor\n|\n|-heal|p1a: Cresselia|48\/100|[from] item: Leftovers\n|upkeep\n|\n|t:|1700186171\n|switch|p2a: Samurott|Samurott-Hisui, M|88\/100\n|-damage|p2a: Samurott|76\/100|[from] Stealth Rock\n|turn|21\n|\n|t:|1700186180\n|move|p2a: Samurott|Ceaseless Edge|p1a: Cresselia\n|-supereffective|p1a: Cresselia\n|-damage|p1a: Cresselia|0 fnt\n|-sidestart|p1: ArbysDealer23|Spikes\n|faint|p1a: Cresselia\n|\n|upkeep\n|\n|t:|1700186185\n|switch|p1a: Volcanion|Volcanion|100\/100\n|-damage|p1a: Volcanion|88\/100|[from] Spikes\n|turn|22\n|\n|t:|1700186191\n|move|p2a: Samurott|Ceaseless Edge|p1a: Volcanion\n|-damage|p1a: Volcanion|52\/100\n|-sidestart|p1: ArbysDealer23|Spikes\n|move|p1a: Volcanion|Earth Power|p2a: Samurott\n|-damage|p2a: Samurott|13\/100\n|\n|upkeep\n|turn|23\n|\n|t:|1700186203\n|move|p2a: Samurott|Ceaseless Edge|p1a: Volcanion\n|-damage|p1a: Volcanion|13\/100\n|-sidestart|p1: ArbysDealer23|Spikes\n|move|p1a: Volcanion|Earth Power|p2a: Samurott\n|-crit|p2a: Samurott\n|-damage|p2a: Samurott|0 fnt\n|faint|p2a: Samurott\n|\n|upkeep\n|\n|t:|1700186215\n|switch|p2a: Sneasler|Sneasler, M|95\/100\n|-damage|p2a: Sneasler|89\/100|[from] Stealth Rock\n|turn|24\n|\n|t:|1700186227\n|-terastallize|p2a: Sneasler|Fighting\n|move|p2a: Sneasler|Close Combat|p1a: Volcanion\n|-damage|p1a: Volcanion|0 fnt\n|-unboost|p2a: Sneasler|def|1\n|-unboost|p2a: Sneasler|spd|1\n|faint|p1a: Volcanion\n|\n|win|Speedtospare\n|raw|ArbysDealer23's rating: 1063 &rarr; <strong>1051<\/strong><br \/>(-12 for losing)\n|raw|Speedtospare's rating: 1201 &rarr; <strong>1217<\/strong><br \/>(+16 for winning)\n|c|\u2606ArbysDealer23|gg\n|l|\u2606Speedtospare\n","uploadtime":1700186238,"views":24,"p1id":"arbysdealer23","p2id":"speedtospare","formatid":"gen9ubers","rating":1051,"private":0,"password":""}