{"id":"gen9ubers-1989811670","p1":"ShadezGXD","p2":"Shrewstorm1","format":"[Gen 9] Ubers","log":"|j|\u2606ShadezGXD\n|j|\u2606Shrewstorm1\n|t:|1699897746\n|gametype|singles\n|player|p1|ShadezGXD|266|\n|player|p2|Shrewstorm1|265|\n|teamsize|p1|6\n|teamsize|p2|6\n|gen|9\n|tier|[Gen 9] Ubers\n|rule|Sleep Clause Mod: Limit one foe put to sleep\n|rule|Species Clause: Limit one of each Pok\u00e9mon\n|rule|OHKO Clause: OHKO moves are banned\n|rule|Evasion Items Clause: Evasion items are banned\n|rule|Evasion Moves Clause: Evasion moves are banned\n|rule|Endless Battle Clause: Forcing endless battles is banned\n|rule|HP Percentage Mod: HP is shown in percentages\n|clearpoke\n|poke|p1|Gallade, M|\n|poke|p1|Grafaiai, M|\n|poke|p1|Corviknight, F|\n|poke|p1|Dragapult, F|\n|poke|p1|Clefable, F|\n|poke|p1|Rotom-Wash|\n|poke|p2|Torkoal, M|\n|poke|p2|Hatterene, F|\n|poke|p2|Cresselia, F|\n|poke|p2|Ursaluna, M|\n|poke|p2|Walking Wake|\n|poke|p2|Roaring Moon|\n|teampreview\n|\n|t:|1699897768\n|start\n|switch|p1a: Clefable|Clefable, F|100\/100\n|switch|p2a: Hatterene|Hatterene, F|100\/100\n|turn|1\n|\n|t:|1699897786\n|switch|p1a: Corviknight|Corviknight, F|100\/100\n|-ability|p1a: Corviknight|Pressure\n|move|p2a: Hatterene|Nuzzle|p1a: Corviknight\n|-supereffective|p1a: Corviknight\n|-damage|p1a: Corviknight|95\/100\n|-status|p1a: Corviknight|par\n|\n|-heal|p1a: Corviknight|100\/100 par|[from] item: Leftovers\n|upkeep\n|turn|2\n|\n|t:|1699897805\n|move|p1a: Corviknight|Brave Bird|p2a: Hatterene\n|-damage|p2a: Hatterene|70\/100\n|-damage|p1a: Corviknight|92\/100 par|[from] Recoil\n|move|p2a: Hatterene|Trick Room|p2a: Hatterene\n|-fieldstart|move: Trick Room|[of] p2a: Hatterene\n|\n|-heal|p1a: Corviknight|98\/100 par|[from] item: Leftovers\n|upkeep\n|turn|3\n|\n|t:|1699897835\n|switch|p2a: Torkoal|Torkoal, M|100\/100\n|-weather|SunnyDay|[from] ability: Drought|[of] p2a: Torkoal\n|move|p1a: Corviknight|Brave Bird|p2a: Torkoal\n|-damage|p2a: Torkoal|72\/100\n|-damage|p1a: Corviknight|90\/100 par|[from] Recoil\n|\n|-weather|SunnyDay|[upkeep]\n|-heal|p1a: Corviknight|96\/100 par|[from] item: Leftovers\n|upkeep\n|turn|4\n|\n|t:|1699897859\n|move|p2a: Torkoal|Eruption|p1a: Corviknight\n|-supereffective|p1a: Corviknight\n|-damage|p1a: Corviknight|0 fnt\n|faint|p1a: Corviknight\n|\n|-weather|SunnyDay|[upkeep]\n|upkeep\n|\n|t:|1699897866\n|switch|p1a: Clefable|Clefable, F|100\/100\n|turn|5\n|\n|t:|1699897886\n|move|p2a: Torkoal|Eruption|p1a: Clefable\n|-damage|p1a: Clefable|31\/100\n|move|p1a: Clefable|Wish|p1a: Clefable\n|\n|-weather|SunnyDay|[upkeep]\n|-heal|p1a: Clefable|37\/100|[from] item: Leftovers\n|upkeep\n|turn|6\n|\n|t:|1699897893\n|move|p1a: Clefable|Protect|p1a: Clefable\n|-singleturn|p1a: Clefable|Protect\n|move|p2a: Torkoal|Eruption|p1a: Clefable\n|-activate|p1a: Clefable|move: Protect\n|\n|-weather|SunnyDay|[upkeep]\n|-heal|p1a: Clefable|87\/100|[from] move: Wish|[wisher] Clefable\n|-heal|p1a: Clefable|93\/100|[from] item: Leftovers\n|-fieldend|move: Trick Room\n|upkeep\n|turn|7\n|\n|t:|1699897905\n|move|p1a: Clefable|Stealth Rock|p2a: Torkoal\n|-sidestart|p2: Shrewstorm1|move: Stealth Rock\n|move|p2a: Torkoal|Eruption|p1a: Clefable\n|-damage|p1a: Clefable|24\/100\n|\n|-weather|none\n|-heal|p1a: Clefable|30\/100|[from] item: Leftovers\n|upkeep\n|turn|8\n|c|\u2606Shrewstorm1|just let it die\n|\n|t:|1699897923\n|move|p1a: Clefable|Protect|p1a: Clefable\n|-singleturn|p1a: Clefable|Protect\n|move|p2a: Torkoal|Eruption|p1a: Clefable\n|-activate|p1a: Clefable|move: Protect\n|\n|-heal|p1a: Clefable|36\/100|[from] item: Leftovers\n|upkeep\n|turn|9\n|c|\u2606Shrewstorm1|ill just kill it now then\n|inactive|Battle timer is ON: inactive players will automatically lose when time's up. (requested by Shrewstorm1)\n|\n|t:|1699897965\n|move|p1a: Clefable|Moonblast|p2a: Torkoal\n|-resisted|p2a: Torkoal\n|-damage|p2a: Torkoal|50\/100\n|-unboost|p2a: Torkoal|spa|1\n|move|p2a: Torkoal|Eruption|p1a: Clefable\n|-crit|p1a: Clefable\n|-damage|p1a: Clefable|0 fnt\n|faint|p1a: Clefable\n|\n|upkeep\n|\n|t:|1699897982\n|switch|p1a: Rotom|Rotom-Wash|100\/100\n|turn|10\n|\n|t:|1699898000\n|switch|p2a: Walking Wake|Walking Wake|100\/100\n|-damage|p2a: Walking Wake|88\/100|[from] Stealth Rock\n|move|p1a: Rotom|Hydro Pump|p2a: Walking Wake\n|-resisted|p2a: Walking Wake\n|-damage|p2a: Walking Wake|76\/100\n|\n|upkeep\n|turn|11\n|\n|t:|1699898019\n|move|p2a: Walking Wake|Draco Meteor|p1a: Rotom\n|-damage|p1a: Rotom|0 fnt\n|-unboost|p2a: Walking Wake|spa|2\n|faint|p1a: Rotom\n|\n|upkeep\n|\n|t:|1699898024\n|switch|p1a: Dragapult|Dragapult, F|100\/100\n|turn|12\n|\n|t:|1699898031\n|-terastallize|p1a: Dragapult|Ghost\n|-terastallize|p2a: Walking Wake|Poison\n|move|p1a: Dragapult|Draco Meteor|p2a: Walking Wake|[miss]\n|-miss|p1a: Dragapult|p2a: Walking Wake\n|move|p2a: Walking Wake|Draco Meteor|p1a: Dragapult\n|-damage|p1a: Dragapult|34\/100\n|-unboost|p2a: Walking Wake|spa|2\n|\n|upkeep\n|turn|13\n|\n|t:|1699898043\n|move|p1a: Dragapult|Draco Meteor|p2a: Walking Wake\n|-damage|p2a: Walking Wake|0 fnt\n|-unboost|p1a: Dragapult|spa|2\n|faint|p2a: Walking Wake\n|-end|p2a: Walking Wake|Protosynthesis|[silent]\n|\n|upkeep\n|\n|t:|1699898049\n|switch|p2a: Hatterene|Hatterene, F|70\/100\n|-damage|p2a: Hatterene|58\/100|[from] Stealth Rock\n|turn|14\n|\n|t:|1699898063\n|switch|p1a: Grafaiai|Grafaiai, M|100\/100\n|move|p2a: Hatterene|Psychic|p1a: Grafaiai\n|-supereffective|p1a: Grafaiai\n|-crit|p1a: Grafaiai\n|-damage|p1a: Grafaiai|0 fnt\n|faint|p1a: Grafaiai\n|\n|upkeep\n|\n|t:|1699898067\n|switch|p1a: Dragapult|Dragapult, F, tera:Ghost|34\/100\n|turn|15\n|\n|t:|1699898073\n|move|p1a: Dragapult|Shadow Ball|p2a: Hatterene\n|-supereffective|p2a: Hatterene\n|-damage|p2a: Hatterene|0 fnt\n|faint|p2a: Hatterene\n|\n|upkeep\n|\n|t:|1699898080\n|switch|p2a: Ursaluna|Ursaluna, M|100\/100\n|-damage|p2a: Ursaluna|94\/100|[from] Stealth Rock\n|turn|16\n|\n|t:|1699898090\n|switch|p1a: Gallade|Gallade, M|100\/100\n|move|p2a: Ursaluna|Fire Punch|p1a: Gallade\n|-damage|p1a: Gallade|48\/100\n|\n|-status|p2a: Ursaluna|brn|[from] item: Flame Orb\n|upkeep\n|turn|17\n|\n|t:|1699898111\n|move|p1a: Gallade|Sacred Sword|p2a: Ursaluna\n|-supereffective|p2a: Ursaluna\n|-crit|p2a: Ursaluna\n|-damage|p2a: Ursaluna|0 fnt\n|faint|p2a: Ursaluna\n|\n|upkeep\n|\n|t:|1699898118\n|switch|p2a: Roaring Moon|Roaring Moon|100\/100\n|-damage|p2a: Roaring Moon|88\/100|[from] Stealth Rock\n|-enditem|p2a: Roaring Moon|Booster Energy\n|-activate|p2a: Roaring Moon|ability: Protosynthesis|[fromitem]\n|-start|p2a: Roaring Moon|protosynthesisspe\n|turn|18\n|\n|t:|1699898125\n|move|p2a: Roaring Moon|Acrobatics|p1a: Gallade\n|-supereffective|p1a: Gallade\n|-damage|p1a: Gallade|0 fnt\n|faint|p1a: Gallade\n|\n|upkeep\n|\n|t:|1699898130\n|switch|p1a: Dragapult|Dragapult, F, tera:Ghost|34\/100\n|turn|19\n|\n|t:|1699898137\n|move|p2a: Roaring Moon|Knock Off|p1a: Dragapult\n|-supereffective|p1a: Dragapult\n|-damage|p1a: Dragapult|0 fnt\n|-enditem|p1a: Dragapult|Choice Specs|[from] move: Knock Off|[of] p2a: Roaring Moon\n|faint|p1a: Dragapult\n|\n|win|Shrewstorm1\n|c|\u2606ShadezGXD|gg\n|c|\u2606Shrewstorm1|gg\n|l|\u2606ShadezGXD\n","uploadtime":1699898154,"views":12,"p1id":"shadezgxd","p2id":"shrewstorm1","formatid":"gen9ubers","rating":0,"private":0,"password":""}