{"id":"gen9ubers-1983452853","p1":"ttkilla","p2":"the tr4sh man","format":"[Gen 9] Ubers","log":"|j|\u2606ttkilla\n|j|\u2606the tr4sh man\n|t:|1699131701\n|gametype|singles\n|player|p1|ttkilla|cameraman|\n|player|p2|the tr4sh man|xerosic|\n|teamsize|p1|6\n|teamsize|p2|6\n|gen|9\n|tier|[Gen 9] Ubers\n|rule|Sleep Clause Mod: Limit one foe put to sleep\n|rule|Species Clause: Limit one of each Pok\u00e9mon\n|rule|OHKO Clause: OHKO moves are banned\n|rule|Evasion Items Clause: Evasion items are banned\n|rule|Evasion Moves Clause: Evasion moves are banned\n|rule|Endless Battle Clause: Forcing endless battles is banned\n|rule|HP Percentage Mod: HP is shown in percentages\n|clearpoke\n|poke|p1|Baxcalibur, M|\n|poke|p1|Ogerpon, F|\n|poke|p1|Dialga|\n|poke|p1|Tyranitar, M|\n|poke|p1|Arceus-Fighting|\n|poke|p1|Iron Moth|\n|poke|p2|Enamorus, F|\n|poke|p2|Slowking-Galar, F|\n|poke|p2|Ursaluna, M|\n|poke|p2|Dialga|\n|poke|p2|Espathra, F|\n|poke|p2|Meowscarada, F|\n|teampreview\n|\n|t:|1699131733\n|start\n|switch|p1a: Ogerpon|Ogerpon, F|100\/100\n|switch|p2a: Meowscarada|Meowscarada, F|100\/100\n|turn|1\n|\n|t:|1699131767\n|-terastallize|p1a: Ogerpon|Grass\n|detailschange|p1a: Ogerpon|Ogerpon-Teal-Tera, F, tera:Grass\n|-ability|p1a: Ogerpon|Embody Aspect (Teal)|boost\n|-boost|p1a: Ogerpon|spe|1\n|move|p1a: Ogerpon|U-turn|p2a: Meowscarada\n|-supereffective|p2a: Meowscarada\n|-enditem|p2a: Meowscarada|Focus Sash\n|-damage|p2a: Meowscarada|1\/100\n|\n|t:|1699131774\n|switch|p1a: Tyranitar|Tyranitar, M|100\/100|[from] U-turn\n|-weather|Sandstorm|[from] ability: Sand Stream|[of] p1a: Tyranitar\n|move|p2a: Meowscarada|Spikes|p1a: Tyranitar\n|-start|p2a: Meowscarada|typechange|Ground|[from] ability: Protean\n|-sidestart|p1: ttkilla|Spikes\n|\n|-weather|Sandstorm|[upkeep]\n|upkeep\n|turn|2\n|\n|t:|1699131780\n|move|p2a: Meowscarada|Spikes|p1a: Tyranitar\n|-sidestart|p1: ttkilla|Spikes\n|move|p1a: Tyranitar|Knock Off|p2a: Meowscarada\n|-damage|p2a: Meowscarada|0 fnt\n|faint|p2a: Meowscarada\n|\n|-weather|Sandstorm|[upkeep]\n|upkeep\n|\n|t:|1699131791\n|switch|p2a: Dialga|Dialga|100\/100\n|-ability|p2a: Dialga|Pressure\n|turn|3\n|\n|t:|1699131793\n|move|p1a: Tyranitar|Knock Off|p2a: Dialga\n|-damage|p2a: Dialga|63\/100\n|-enditem|p2a: Dialga|White Herb|[from] move: Knock Off|[of] p1a: Tyranitar\n|move|p2a: Dialga|Trick Room|p2a: Dialga\n|-fieldstart|move: Trick Room|[of] p2a: Dialga\n|\n|-weather|Sandstorm|[upkeep]\n|upkeep\n|turn|4\n|\n|t:|1699131796\n|move|p1a: Tyranitar|Earthquake|p2a: Dialga\n|-supereffective|p2a: Dialga\n|-damage|p2a: Dialga|11\/100\n|move|p2a: Dialga|Flash Cannon|p1a: Tyranitar\n|-supereffective|p1a: Tyranitar\n|-damage|p1a: Tyranitar|66\/100\n|\n|-weather|Sandstorm|[upkeep]\n|upkeep\n|turn|5\n|\n|t:|1699131801\n|move|p1a: Tyranitar|Earthquake|p2a: Dialga\n|-supereffective|p2a: Dialga\n|-damage|p2a: Dialga|0 fnt\n|faint|p2a: Dialga\n|\n|-weather|none\n|upkeep\n|\n|t:|1699131806\n|switch|p2a: Ursaluna|Ursaluna, M|100\/100\n|turn|6\n|\n|t:|1699131813\n|move|p2a: Ursaluna|Headlong Rush|p1a: Tyranitar\n|-supereffective|p1a: Tyranitar\n|-damage|p1a: Tyranitar|0 fnt\n|-unboost|p2a: Ursaluna|def|1\n|-unboost|p2a: Ursaluna|spd|1\n|faint|p1a: Tyranitar\n|\n|-status|p2a: Ursaluna|brn|[from] item: Flame Orb\n|upkeep\n|\n|t:|1699131817\n|switch|p1a: Baxcalibur|Baxcalibur, M|100\/100\n|-damage|p1a: Baxcalibur|84\/100|[from] Spikes\n|turn|7\n|\n|t:|1699131826\n|switch|p1a: Iron Moth|Iron Moth|100\/100\n|-damage|p1a: Iron Moth|84\/100|[from] Spikes\n|-enditem|p1a: Iron Moth|Booster Energy\n|-activate|p1a: Iron Moth|ability: Quark Drive|[fromitem]\n|-start|p1a: Iron Moth|quarkdrivespa\n|move|p2a: Ursaluna|Facade|p1a: Iron Moth\n|-damage|p1a: Iron Moth|0 fnt\n|faint|p1a: Iron Moth\n|-end|p1a: Iron Moth|Quark Drive|[silent]\n|\n|-damage|p2a: Ursaluna|94\/100 brn|[from] brn\n|-fieldend|move: Trick Room\n|upkeep\n|\n|t:|1699131828\n|switch|p1a: Baxcalibur|Baxcalibur, M|84\/100\n|-damage|p1a: Baxcalibur|68\/100|[from] Spikes\n|turn|8\n|\n|t:|1699131834\n|move|p1a: Baxcalibur|Swords Dance|p1a: Baxcalibur\n|-boost|p1a: Baxcalibur|atk|2\n|move|p2a: Ursaluna|Facade|p1a: Baxcalibur\n|-damage|p1a: Baxcalibur|0 fnt\n|faint|p1a: Baxcalibur\n|\n|-damage|p2a: Ursaluna|88\/100 brn|[from] brn\n|upkeep\n|\n|t:|1699131840\n|switch|p1a: Ogerpon|Ogerpon-Teal-Tera, F, tera:Grass|100\/100\n|-damage|p1a: Ogerpon|84\/100|[from] Spikes\n|-ability|p1a: Ogerpon|Embody Aspect (Teal)|boost\n|-boost|p1a: Ogerpon|spe|1\n|turn|9\n|\n|t:|1699131844\n|switch|p2a: Espathra|Espathra, F|100\/100\n|move|p1a: Ogerpon|Ivy Cudgel|p2a: Espathra\n|-damage|p2a: Espathra|0 fnt\n|faint|p2a: Espathra\n|\n|upkeep\n|\n|t:|1699131846\n|switch|p2a: Slowking|Slowking-Galar, F|100\/100\n|turn|10\n|\n|t:|1699131852\n|switch|p1a: Arceus|Arceus-Fighting|100\/100\n|-damage|p1a: Arceus|84\/100|[from] Spikes\n|move|p2a: Slowking|Trick Room|p2a: Slowking\n|-fieldstart|move: Trick Room|[of] p2a: Slowking\n|\n|upkeep\n|turn|11\n|\n|t:|1699131856\n|move|p1a: Arceus|Cosmic Power|p1a: Arceus\n|-boost|p1a: Arceus|def|1\n|-boost|p1a: Arceus|spd|1\n|move|p2a: Slowking|Future Sight|p1a: Arceus\n|-start|p2a: Slowking|move: Future Sight\n|\n|upkeep\n|turn|12\n|\n|t:|1699131873\n|move|p1a: Arceus|Cosmic Power|p1a: Arceus\n|-boost|p1a: Arceus|def|1\n|-boost|p1a: Arceus|spd|1\n|move|p2a: Slowking|Chilly Reception|p2a: Slowking\n|-weather|Snow\n|\n|t:|1699131880\n|switch|p2a: Ursaluna|Ursaluna, M|88\/100 brn|[from] Chilly Reception\n|\n|-weather|Snow|[upkeep]\n|-damage|p2a: Ursaluna|82\/100 brn|[from] brn\n|upkeep\n|turn|13\n|\n|t:|1699131885\n|move|p2a: Ursaluna|Facade|p1a: Arceus\n|-damage|p1a: Arceus|40\/100\n|move|p1a: Arceus|Body Press|p2a: Ursaluna\n|-supereffective|p2a: Ursaluna\n|-damage|p2a: Ursaluna|0 fnt\n|faint|p2a: Ursaluna\n|\n|-weather|Snow|[upkeep]\n|-end|p1a: Arceus|move: Future Sight\n|-supereffective|p1a: Arceus\n|-damage|p1a: Arceus|11\/100\n|upkeep\n|\n|t:|1699131892\n|switch|p2a: Slowking|Slowking-Galar, F|100\/100\n|turn|14\n|\n|t:|1699131901\n|move|p1a: Arceus|Recover|p1a: Arceus\n|-heal|p1a: Arceus|61\/100\n|move|p2a: Slowking|Chilly Reception|p2a: Slowking\n|\n|t:|1699131908\n|switch|p2a: Enamorus|Enamorus, F|100\/100|[from] Chilly Reception\n|-enditem|p2a: Enamorus|Room Service\n|-boost|p2a: Enamorus|spe|1|[from] item: Room Service\n|\n|-weather|Snow|[upkeep]\n|-fieldend|move: Trick Room\n|upkeep\n|turn|15\n|\n|t:|1699131921\n|move|p2a: Enamorus|Superpower|p1a: Arceus\n|-damage|p1a: Arceus|49\/100\n|-boost|p2a: Enamorus|atk|1\n|-boost|p2a: Enamorus|def|1\n|move|p1a: Arceus|Recover|p1a: Arceus\n|-heal|p1a: Arceus|99\/100\n|\n|-weather|Snow|[upkeep]\n|upkeep\n|turn|16\n|\n|t:|1699131924\n|move|p2a: Enamorus|Superpower|p1a: Arceus\n|-damage|p1a: Arceus|82\/100\n|-boost|p2a: Enamorus|atk|1\n|-boost|p2a: Enamorus|def|1\n|move|p1a: Arceus|Cosmic Power|p1a: Arceus\n|-boost|p1a: Arceus|def|1\n|-boost|p1a: Arceus|spd|1\n|\n|-weather|none\n|upkeep\n|turn|17\n|\n|t:|1699131929\n|move|p2a: Enamorus|Superpower|p1a: Arceus\n|-damage|p1a: Arceus|62\/100\n|-boost|p2a: Enamorus|atk|1\n|-boost|p2a: Enamorus|def|1\n|move|p1a: Arceus|Cosmic Power|p1a: Arceus\n|-boost|p1a: Arceus|def|1\n|-boost|p1a: Arceus|spd|1\n|\n|upkeep\n|turn|18\n|\n|t:|1699131932\n|move|p2a: Enamorus|Play Rough|p1a: Arceus\n|-supereffective|p1a: Arceus\n|-damage|p1a: Arceus|11\/100\n|-unboost|p1a: Arceus|atk|1\n|move|p1a: Arceus|Flash Cannon|p2a: Enamorus\n|-supereffective|p2a: Enamorus\n|-damage|p2a: Enamorus|40\/100\n|\n|upkeep\n|turn|19\n|\n|t:|1699131936\n|move|p2a: Enamorus|Superpower|p1a: Arceus\n|-damage|p1a: Arceus|0 fnt\n|-boost|p2a: Enamorus|atk|1\n|-boost|p2a: Enamorus|def|1\n|faint|p1a: Arceus\n|\n|upkeep\n|\n|t:|1699131940\n|switch|p1a: Ogerpon|Ogerpon-Teal-Tera, F, tera:Grass|84\/100\n|-damage|p1a: Ogerpon|67\/100|[from] Spikes\n|-ability|p1a: Ogerpon|Embody Aspect (Teal)|boost\n|-boost|p1a: Ogerpon|spe|1\n|turn|20\n|\n|t:|1699131995\n|move|p1a: Ogerpon|Ivy Cudgel|p2a: Enamorus\n|-resisted|p2a: Enamorus\n|-damage|p2a: Enamorus|13\/100\n|move|p2a: Enamorus|Superpower|p1a: Ogerpon\n|-damage|p1a: Ogerpon|0 fnt\n|-boost|p2a: Enamorus|atk|1\n|-boost|p2a: Enamorus|def|1\n|faint|p1a: Ogerpon\n|\n|upkeep\n|\n|t:|1699131997\n|switch|p1a: Dialga|Dialga|100\/100\n|-damage|p1a: Dialga|84\/100|[from] Spikes\n|-ability|p1a: Dialga|Pressure\n|turn|21\n|\n|t:|1699132000\n|move|p2a: Enamorus|Superpower|p1a: Dialga\n|-supereffective|p1a: Dialga\n|-damage|p1a: Dialga|0 fnt\n|-boost|p2a: Enamorus|atk|1\n|-boost|p2a: Enamorus|def|1\n|faint|p1a: Dialga\n|\n|win|the tr4sh man\n|c|\u2606ttkilla|gg\n|c|\u2606the tr4sh man|gg\n|l|\u2606the tr4sh man\n","uploadtime":1699132023,"views":13,"p1id":"ttkilla","p2id":"thetr4shman","formatid":"gen9ubers","rating":0,"private":0,"password":""}