{"id":"gen9ubers-1977010489","p1":"Jrmoore896","p2":"Le poke fever","format":"[Gen 9] Ubers","log":"|j|\u2606Jrmoore896\n|j|\u2606Le poke fever\n|t:|1698361517\n|gametype|singles\n|player|p1|Jrmoore896|lucas-gen4pt|1267\n|player|p2|Le poke fever|ballguy|1309\n|teamsize|p1|6\n|teamsize|p2|6\n|gen|9\n|tier|[Gen 9] Ubers\n|rated|\n|rule|Sleep Clause Mod: Limit one foe put to sleep\n|rule|Species Clause: Limit one of each Pok\u00e9mon\n|rule|OHKO Clause: OHKO moves are banned\n|rule|Evasion Items Clause: Evasion items are banned\n|rule|Evasion Moves Clause: Evasion moves are banned\n|rule|Endless Battle Clause: Forcing endless battles is banned\n|rule|HP Percentage Mod: HP is shown in percentages\n|clearpoke\n|poke|p1|Ninetales-Alola, M|\n|poke|p1|Baxcalibur, M|\n|poke|p1|Mienshao, M|\n|poke|p1|Chandelure, M|\n|poke|p1|Cinderace, M|\n|poke|p1|Clefable, M|\n|poke|p2|Koraidon|\n|poke|p2|Flutter Mane|\n|poke|p2|Iron Treads|\n|poke|p2|Ting-Lu|\n|poke|p2|Miraidon|\n|poke|p2|Espathra, F|\n|teampreview\n|inactive|Battle timer is ON: inactive players will automatically lose when time's up. (requested by Jrmoore896)\n|\n|t:|1698361535\n|start\n|switch|p1a: Mienshao|Mienshao, M|100\/100\n|switch|p2a: Ting-Lu|Ting-Lu|100\/100\n|-ability|p2a: Ting-Lu|Vessel of Ruin\n|turn|1\n|\n|t:|1698361546\n|move|p1a: Mienshao|U-turn|p2a: Ting-Lu\n|-supereffective|p2a: Ting-Lu\n|-damage|p2a: Ting-Lu|74\/100\n|\n|t:|1698361552\n|switch|p1a: Ninetales|Ninetales-Alola, M|100\/100|[from] U-turn\n|-weather|Snow|[from] ability: Snow Warning|[of] p1a: Ninetales\n|move|p2a: Ting-Lu|Stealth Rock|p1a: Ninetales\n|-sidestart|p1: Jrmoore896|move: Stealth Rock\n|\n|-weather|Snow|[upkeep]\n|-heal|p2a: Ting-Lu|80\/100|[from] item: Leftovers\n|upkeep\n|turn|2\n|\n|t:|1698361562\n|switch|p2a: Koraidon|Koraidon|100\/100\n|-weather|SunnyDay|[from] ability: Orichalcum Pulse|[of] p2a: Koraidon\n|-activate|p2a: Koraidon|Orichalcum Pulse|[source]\n|move|p1a: Ninetales|Encore||[still]\n|-fail|p1a: Ninetales\n|\n|-weather|SunnyDay|[upkeep]\n|upkeep\n|turn|3\n|\n|t:|1698361572\n|switch|p2a: Ting-Lu|Ting-Lu|80\/100\n|-ability|p2a: Ting-Lu|Vessel of Ruin\n|switch|p1a: Chandelure|Chandelure, M|100\/100\n|-damage|p1a: Chandelure|76\/100|[from] Stealth Rock\n|\n|-weather|SunnyDay|[upkeep]\n|-heal|p2a: Ting-Lu|86\/100|[from] item: Leftovers\n|upkeep\n|turn|4\n|\n|t:|1698361587\n|switch|p1a: Mienshao|Mienshao, M|100\/100\n|-damage|p1a: Mienshao|94\/100|[from] Stealth Rock\n|move|p2a: Ting-Lu|Spikes|p1a: Mienshao\n|-sidestart|p1: Jrmoore896|Spikes\n|\n|-weather|SunnyDay|[upkeep]\n|-heal|p2a: Ting-Lu|93\/100|[from] item: Leftovers\n|upkeep\n|turn|5\n|\n|t:|1698361598\n|move|p1a: Mienshao|Close Combat|p2a: Ting-Lu\n|-supereffective|p2a: Ting-Lu\n|-damage|p2a: Ting-Lu|13\/100\n|-unboost|p1a: Mienshao|def|1\n|-unboost|p1a: Mienshao|spd|1\n|move|p2a: Ting-Lu|Spikes|p1a: Mienshao\n|-sidestart|p1: Jrmoore896|Spikes\n|\n|-weather|SunnyDay|[upkeep]\n|-heal|p2a: Ting-Lu|20\/100|[from] item: Leftovers\n|upkeep\n|turn|6\n|\n|t:|1698361609\n|move|p1a: Mienshao|Close Combat|p2a: Ting-Lu\n|-supereffective|p2a: Ting-Lu\n|-damage|p2a: Ting-Lu|0 fnt\n|-unboost|p1a: Mienshao|def|1\n|-unboost|p1a: Mienshao|spd|1\n|faint|p2a: Ting-Lu\n|\n|-weather|none\n|upkeep\n|\n|t:|1698361610\n|switch|p2a: Miraidon|Miraidon|100\/100\n|-fieldstart|move: Electric Terrain|[from] ability: Hadron Engine|[of] p2a: Miraidon\n|turn|7\n|inactive|Jrmoore896 has 120 seconds left.\n|\n|t:|1698361645\n|move|p1a: Mienshao|Close Combat|p2a: Miraidon\n|-damage|p2a: Miraidon|32\/100\n|-unboost|p1a: Mienshao|def|1\n|-unboost|p1a: Mienshao|spd|1\n|move|p2a: Miraidon|Calm Mind|p2a: Miraidon\n|-boost|p2a: Miraidon|spa|1\n|-boost|p2a: Miraidon|spd|1\n|\n|upkeep\n|turn|8\n|\n|t:|1698361653\n|switch|p2a: Flutter Mane|Flutter Mane|100\/100\n|move|p1a: Mienshao|Close Combat|p2a: Flutter Mane\n|-immune|p2a: Flutter Mane\n|\n|upkeep\n|turn|9\n|\n|t:|1698361662\n|switch|p1a: Chandelure|Chandelure, M|76\/100\n|-damage|p1a: Chandelure|51\/100|[from] Stealth Rock\n|-damage|p1a: Chandelure|34\/100|[from] Spikes\n|move|p2a: Flutter Mane|Shadow Ball|p1a: Chandelure\n|-supereffective|p1a: Chandelure\n|-damage|p1a: Chandelure|0 fnt\n|faint|p1a: Chandelure\n|\n|upkeep\n|\n|t:|1698361674\n|switch|p1a: Cinderace|Cinderace, M|100\/100\n|turn|10\n|\n|t:|1698361678\n|move|p2a: Flutter Mane|Shadow Ball|p1a: Cinderace\n|-damage|p1a: Cinderace|25\/100\n|-unboost|p1a: Cinderace|spd|1\n|move|p1a: Cinderace|Court Change|p1a: Cinderace\n|-start|p1a: Cinderace|typechange|Normal|[from] ability: Libero\n|-swapsideconditions\n|-activate|p1a: Cinderace|move: Court Change\n|\n|upkeep\n|turn|11\n|\n|t:|1698361692\n|-end|p2a: Flutter Mane|Protosynthesis|[silent]\n|switch|p2a: Iron Treads|Iron Treads|100\/100\n|-damage|p2a: Iron Treads|97\/100|[from] Stealth Rock\n|-damage|p2a: Iron Treads|81\/100|[from] Spikes\n|-activate|p2a: Iron Treads|ability: Quark Drive\n|-start|p2a: Iron Treads|quarkdrivespe\n|move|p1a: Cinderace|U-turn|p2a: Iron Treads\n|-resisted|p2a: Iron Treads\n|-crit|p2a: Iron Treads\n|-damage|p2a: Iron Treads|71\/100\n|\n|t:|1698361707\n|switch|p1a: Mienshao|Mienshao, M|100\/100|[from] U-turn\n|\n|-heal|p2a: Iron Treads|77\/100|[from] item: Leftovers\n|-fieldend|move: Electric Terrain\n|-end|p2a: Iron Treads|Quark Drive\n|upkeep\n|turn|12\n|\n|t:|1698361721\n|-terastallize|p2a: Iron Treads|Flying\n|move|p1a: Mienshao|U-turn|p2a: Iron Treads\n|-resisted|p2a: Iron Treads\n|-damage|p2a: Iron Treads|67\/100\n|\n|t:|1698361729\n|switch|p1a: Ninetales|Ninetales-Alola, M|100\/100|[from] U-turn\n|-weather|Snow|[from] ability: Snow Warning|[of] p1a: Ninetales\n|move|p2a: Iron Treads|Rapid Spin|p1a: Ninetales\n|-damage|p1a: Ninetales|89\/100\n|-boost|p2a: Iron Treads|spe|1\n|-sideend|p2: Le poke fever|Spikes|[from] move: Rapid Spin|[of] p2a: Iron Treads\n|-sideend|p2: Le poke fever|Stealth Rock|[from] move: Rapid Spin|[of] p2a: Iron Treads\n|\n|-weather|Snow|[upkeep]\n|-heal|p2a: Iron Treads|73\/100|[from] item: Leftovers\n|upkeep\n|turn|13\n|\n|t:|1698361744\n|move|p2a: Iron Treads|Knock Off|p1a: Ninetales\n|-resisted|p1a: Ninetales\n|-damage|p1a: Ninetales|79\/100\n|-enditem|p1a: Ninetales|Light Clay|[from] move: Knock Off|[of] p2a: Iron Treads\n|move|p1a: Ninetales|Aurora Veil|p1a: Ninetales\n|-sidestart|p1: Jrmoore896|move: Aurora Veil\n|\n|-weather|Snow|[upkeep]\n|-heal|p2a: Iron Treads|79\/100|[from] item: Leftovers\n|upkeep\n|turn|14\n|\n|t:|1698361758\n|switch|p1a: Cinderace|Cinderace, M|25\/100\n|move|p2a: Iron Treads|Volt Switch|p1a: Cinderace\n|-damage|p1a: Cinderace|19\/100\n|j| PFPolly\n|\n|t:|1698361775\n|-end|p2a: Iron Treads|Quark Drive|[silent]\n|switch|p2a: Koraidon|Koraidon|100\/100|[from] Volt Switch\n|-weather|SunnyDay|[from] ability: Orichalcum Pulse|[of] p2a: Koraidon\n|-activate|p2a: Koraidon|Orichalcum Pulse|[source]\n|\n|-weather|SunnyDay|[upkeep]\n|upkeep\n|turn|15\n|\n|t:|1698361782\n|move|p2a: Koraidon|Swords Dance|p2a: Koraidon\n|-boost|p2a: Koraidon|atk|2\n|move|p1a: Cinderace|Will-O-Wisp|p2a: Koraidon\n|-status|p2a: Koraidon|brn\n|\n|-weather|SunnyDay|[upkeep]\n|-damage|p2a: Koraidon|94\/100 brn|[from] brn\n|upkeep\n|turn|16\n|\n|t:|1698361794\n|move|p2a: Koraidon|Collision Course|p1a: Cinderace\n|-damage|p1a: Cinderace|0 fnt\n|faint|p1a: Cinderace\n|\n|-weather|SunnyDay|[upkeep]\n|-damage|p2a: Koraidon|88\/100 brn|[from] brn\n|upkeep\n|\n|t:|1698361803\n|switch|p1a: Baxcalibur|Baxcalibur, M, shiny|100\/100\n|turn|17\n|\n|t:|1698361812\n|-terastallize|p1a: Baxcalibur|Fairy\n|move|p2a: Koraidon|Collision Course|p1a: Baxcalibur\n|-resisted|p1a: Baxcalibur\n|-damage|p1a: Baxcalibur|84\/100\n|move|p1a: Baxcalibur|Scale Shot|p2a: Koraidon\n|-supereffective|p2a: Koraidon\n|-damage|p2a: Koraidon|65\/100 brn\n|-supereffective|p2a: Koraidon\n|-damage|p2a: Koraidon|39\/100 brn\n|-supereffective|p2a: Koraidon\n|-damage|p2a: Koraidon|12\/100 brn\n|-supereffective|p2a: Koraidon\n|-damage|p2a: Koraidon|0 fnt\n|faint|p2a: Koraidon\n|-hitcount|p2: Koraidon|4\n|-unboost|p1a: Baxcalibur|def|1\n|-boost|p1a: Baxcalibur|spe|1\n|\n|-weather|SunnyDay|[upkeep]\n|-sideend|p1: Jrmoore896|move: Aurora Veil\n|upkeep\n|\n|t:|1698361815\n|switch|p2a: Miraidon|Miraidon|32\/100\n|-fieldstart|move: Electric Terrain|[from] ability: Hadron Engine|[of] p2a: Miraidon\n|turn|18\n|\n|t:|1698361836\n|move|p1a: Baxcalibur|Icicle Spear|p2a: Miraidon\n|-supereffective|p2a: Miraidon\n|-damage|p2a: Miraidon|5\/100\n|-supereffective|p2a: Miraidon\n|-damage|p2a: Miraidon|0 fnt\n|faint|p2a: Miraidon\n|-hitcount|p2: Miraidon|2\n|\n|-weather|none\n|upkeep\n|\n|t:|1698361838\n|switch|p2a: Espathra|Espathra, F|100\/100\n|-enditem|p2a: Espathra|Electric Seed\n|-boost|p2a: Espathra|def|1|[from] item: Electric Seed\n|turn|19\n|\n|t:|1698361849\n|move|p2a: Espathra|Protect|p2a: Espathra\n|-singleturn|p2a: Espathra|Protect\n|move|p1a: Baxcalibur|Swords Dance|p1a: Baxcalibur\n|-boost|p1a: Baxcalibur|atk|2\n|\n|-ability|p2a: Espathra|Speed Boost|boost\n|-boost|p2a: Espathra|spe|1\n|upkeep\n|turn|20\n|\n|t:|1698361859\n|move|p1a: Baxcalibur|Scale Shot|p2a: Espathra\n|-damage|p2a: Espathra|83\/100\n|-damage|p2a: Espathra|67\/100\n|-damage|p2a: Espathra|51\/100\n|-damage|p2a: Espathra|33\/100\n|-damage|p2a: Espathra|16\/100\n|-hitcount|p2a: Espathra|5\n|-unboost|p1a: Baxcalibur|def|1\n|-boost|p1a: Baxcalibur|spe|1\n|move|p2a: Espathra|Calm Mind|p2a: Espathra\n|-boost|p2a: Espathra|spa|1\n|-boost|p2a: Espathra|spd|1\n|\n|-ability|p2a: Espathra|Speed Boost|boost\n|-boost|p2a: Espathra|spe|1\n|upkeep\n|turn|21\n|\n|t:|1698361876\n|move|p2a: Espathra|Protect|p2a: Espathra\n|-singleturn|p2a: Espathra|Protect\n|move|p1a: Baxcalibur|Scale Shot|p2a: Espathra\n|-activate|p2a: Espathra|move: Protect\n|\n|-ability|p2a: Espathra|Speed Boost|boost\n|-boost|p2a: Espathra|spe|1\n|upkeep\n|turn|22\n|\n|t:|1698361885\n|move|p2a: Espathra|Stored Power|p1a: Baxcalibur\n|-damage|p1a: Baxcalibur|8\/100\n|move|p1a: Baxcalibur|Earthquake|p2a: Espathra\n|-damage|p2a: Espathra|0 fnt\n|faint|p2a: Espathra\n|\n|-fieldend|move: Electric Terrain\n|upkeep\n|-message|Le poke fever forfeited.\n|\n|win|Jrmoore896\n|raw|Jrmoore896's rating: 1250 &rarr; <strong>1279<\/strong><br \/>(+29 for winning)\n|raw|Le poke fever's rating: 1309 &rarr; <strong>1286<\/strong><br \/>(-23 for losing)\n|l|\u2606Le poke fever\n|l| PFPolly\n","uploadtime":1698361897,"views":7,"p1id":"jrmoore896","p2id":"lepokefever","formatid":"gen9ubers","rating":1279,"private":0,"password":""}