{"id":"gen9ubers-1975249394","p1":"Dozaen","p2":"Anne Frankkkk","format":"[Gen 9] Ubers","log":"|j|\u2606Dozaen\n|j|\u2606Anne Frankkkk\n|t:|1698173549\n|gametype|singles\n|player|p1|Dozaen|steven|1157\n|player|p2|Anne Frankkkk|hilbert|1211\n|teamsize|p1|6\n|teamsize|p2|6\n|gen|9\n|tier|[Gen 9] Ubers\n|rated|\n|rule|Sleep Clause Mod: Limit one foe put to sleep\n|rule|Species Clause: Limit one of each Pok\u00e9mon\n|rule|OHKO Clause: OHKO moves are banned\n|rule|Evasion Items Clause: Evasion items are banned\n|rule|Evasion Moves Clause: Evasion moves are banned\n|rule|Endless Battle Clause: Forcing endless battles is banned\n|rule|HP Percentage Mod: HP is shown in percentages\n|clearpoke\n|poke|p1|Annihilape, F|\n|poke|p1|Palafin, F|\n|poke|p1|Regieleki|\n|poke|p1|Shaymin-Sky|\n|poke|p1|Chi-Yu|\n|poke|p1|Magearna|\n|poke|p2|Iron Hands|\n|poke|p2|Kyogre|\n|poke|p2|Chien-Pao|\n|poke|p2|Ribombee, M|\n|poke|p2|Miraidon|\n|poke|p2|Flutter Mane|\n|teampreview\n|inactive|Battle timer is ON: inactive players will automatically lose when time's up. (requested by Dozaen)\n|inactiveoff|Battle timer is now OFF.\n|inactive|Battle timer is ON: inactive players will automatically lose when time's up. (requested by Anne Frankkkk)\n|\n|t:|1698173563\n|start\n|switch|p1a: Magearna|Magearna|100\/100\n|switch|p2a: Ribombee|Ribombee, M, shiny|100\/100\n|turn|1\n|\n|t:|1698173572\n|move|p2a: Ribombee|Sticky Web|p1a: Magearna\n|-sidestart|p1: Dozaen|move: Sticky Web\n|move|p1a: Magearna|Flash Cannon|p2a: Ribombee\n|-supereffective|p2a: Ribombee\n|-enditem|p2a: Ribombee|Focus Sash\n|-damage|p2a: Ribombee|1\/100\n|\n|upkeep\n|turn|2\n|\n|t:|1698173582\n|move|p2a: Ribombee|Stun Spore|p1a: Magearna\n|-status|p1a: Magearna|par\n|move|p1a: Magearna|Volt Switch|p2a: Ribombee\n|-damage|p2a: Ribombee|0 fnt\n|faint|p2a: Ribombee\n|-ability|p1a: Magearna|Soul-Heart|boost\n|-boost|p1a: Magearna|spa|1\n|\n|t:|1698173595\n|switch|p1a: Palafin|Palafin, F|100\/100|[from] Volt Switch\n|-activate|p1a: Palafin|move: Sticky Web\n|-unboost|p1a: Palafin|spe|1\n|\n|upkeep\n|\n|t:|1698173613\n|switch|p2a: Iron Hands|Iron Hands, shiny|100\/100\n|turn|3\n|\n|t:|1698173632\n|detailschange|p1a: Palafin|Palafin-Hero, F\n|switch|p1a: Magearna|Magearna|100\/100 par\n|-activate|p1a: Magearna|move: Sticky Web\n|-unboost|p1a: Magearna|spe|1\n|move|p2a: Iron Hands|Drain Punch|p1a: Magearna\n|-damage|p1a: Magearna|60\/100 par\n|\n|upkeep\n|turn|4\n|inactive|Dozaen has 120 seconds left.\n|\n|t:|1698173664\n|move|p2a: Iron Hands|Drain Punch|p1a: Magearna\n|-crit|p1a: Magearna\n|-damage|p1a: Magearna|6\/100 par\n|move|p1a: Magearna|Fleur Cannon|p2a: Iron Hands\n|-supereffective|p2a: Iron Hands\n|-damage|p2a: Iron Hands|14\/100\n|-unboost|p1a: Magearna|spa|2\n|\n|upkeep\n|turn|5\n|inactive|Dozaen has 120 seconds left.\n|\n|t:|1698173675\n|move|p2a: Iron Hands|Drain Punch|p1a: Magearna\n|-damage|p1a: Magearna|0 fnt\n|-heal|p2a: Iron Hands|16\/100|[from] drain|[of] p1a: Magearna\n|faint|p1a: Magearna\n|\n|upkeep\n|\n|t:|1698173702\n|switch|p1a: Shaymin|Shaymin-Sky|100\/100\n|turn|6\n|inactive|Dozaen has 90 seconds left.\n|\n|t:|1698173718\n|move|p1a: Shaymin|Earth Power|p2a: Iron Hands\n|-supereffective|p2a: Iron Hands\n|-damage|p2a: Iron Hands|0 fnt\n|faint|p2a: Iron Hands\n|-end|p2a: Iron Hands|Quark Drive|[silent]\n|\n|upkeep\n|\n|t:|1698173725\n|switch|p2a: Flutter Mane|Flutter Mane, shiny|100\/100\n|-enditem|p2a: Flutter Mane|Booster Energy\n|-activate|p2a: Flutter Mane|ability: Protosynthesis|[fromitem]\n|-start|p2a: Flutter Mane|protosynthesisspe\n|turn|7\n|inactive|Dozaen has 90 seconds left.\n|\n|t:|1698173761\n|move|p2a: Flutter Mane|Power Gem|p1a: Shaymin\n|-supereffective|p1a: Shaymin\n|-damage|p1a: Shaymin|31\/100\n|move|p1a: Shaymin|Seed Flare|p2a: Flutter Mane\n|-damage|p2a: Flutter Mane|37\/100\n|\n|upkeep\n|turn|8\n|\n|t:|1698173769\n|switch|p1a: Regieleki|Regieleki|100\/100\n|-activate|p1a: Regieleki|move: Sticky Web\n|-unboost|p1a: Regieleki|spe|1\n|move|p2a: Flutter Mane|Power Gem|p1a: Regieleki\n|-damage|p1a: Regieleki|58\/100\n|\n|upkeep\n|turn|9\n|\n|t:|1698173778\n|move|p2a: Flutter Mane|Moonblast|p1a: Regieleki\n|-damage|p1a: Regieleki|0 fnt\n|faint|p1a: Regieleki\n|\n|upkeep\n|\n|t:|1698173793\n|switch|p1a: Palafin|Palafin-Hero, F|100\/100\n|-activate|p1a: Palafin|move: Sticky Web\n|-unboost|p1a: Palafin|spe|1\n|-activate|p1a: Palafin|ability: Zero to Hero\n|turn|10\n|\n|t:|1698173806\n|move|p1a: Palafin|Jet Punch|p2a: Flutter Mane\n|-damage|p2a: Flutter Mane|0 fnt\n|faint|p2a: Flutter Mane\n|-end|p2a: Flutter Mane|Protosynthesis|[silent]\n|\n|upkeep\n|\n|t:|1698173812\n|switch|p2a: Miraidon|Miraidon|100\/100\n|-fieldstart|move: Electric Terrain|[from] ability: Hadron Engine|[of] p2a: Miraidon\n|-item|p2a: Miraidon|Air Balloon\n|turn|11\n|inactive|Dozaen has 90 seconds left.\n|\n|t:|1698173845\n|move|p1a: Palafin|Jet Punch|p2a: Miraidon\n|-resisted|p2a: Miraidon\n|-damage|p2a: Miraidon|70\/100\n|-enditem|p2a: Miraidon|Air Balloon\n|move|p2a: Miraidon|Calm Mind|p2a: Miraidon\n|-boost|p2a: Miraidon|spa|1\n|-boost|p2a: Miraidon|spd|1\n|\n|upkeep\n|turn|12\n|\n|t:|1698173855\n|move|p1a: Palafin|Jet Punch|p2a: Miraidon\n|-resisted|p2a: Miraidon\n|-damage|p2a: Miraidon|39\/100\n|move|p2a: Miraidon|Electro Drift|p1a: Palafin\n|-supereffective|p1a: Palafin\n|-damage|p1a: Palafin|0 fnt\n|faint|p1a: Palafin\n|\n|upkeep\n|inactive|Dozaen has 60 seconds left.\n|\n|t:|1698173874\n|switch|p1a: Shaymin|Shaymin-Sky|31\/100\n|turn|13\n|inactive|Dozaen has 60 seconds left.\n|\n|t:|1698173882\n|move|p1a: Shaymin|Endure|p1a: Shaymin\n|-singleturn|p1a: Shaymin|move: Endure\n|move|p2a: Miraidon|Electro Drift|p1a: Shaymin\n|-activate|p1a: Shaymin|move: Endure\n|-damage|p1a: Shaymin|1\/100\n|-enditem|p1a: Shaymin|Salac Berry|[eat]\n|-boost|p1a: Shaymin|spe|1|[from] item: Salac Berry\n|\n|upkeep\n|turn|14\n|inactive|Dozaen has 60 seconds left.\n|\n|t:|1698173895\n|move|p1a: Shaymin|Earth Power|p2a: Miraidon\n|-supereffective|p2a: Miraidon\n|-damage|p2a: Miraidon|1\/100\n|move|p2a: Miraidon|Dragon Pulse|p1a: Shaymin\n|-damage|p1a: Shaymin|0 fnt\n|faint|p1a: Shaymin\n|\n|upkeep\n|inactive|Dozaen has 60 seconds left.\n|\n|t:|1698173910\n|switch|p1a: Chi-Yu|Chi-Yu|100\/100\n|-activate|p1a: Chi-Yu|move: Sticky Web\n|-unboost|p1a: Chi-Yu|spe|1\n|-ability|p1a: Chi-Yu|Beads of Ruin\n|turn|15\n|inactive|Dozaen has 60 seconds left.\n|\n|t:|1698173920\n|move|p2a: Miraidon|Electro Drift|p1a: Chi-Yu\n|-damage|p1a: Chi-Yu|0 fnt\n|faint|p1a: Chi-Yu\n|\n|-fieldend|move: Electric Terrain\n|upkeep\n|\n|t:|1698173928\n|switch|p1a: Annihilape|Annihilape, F|100\/100\n|-activate|p1a: Annihilape|move: Sticky Web\n|-unboost|p1a: Annihilape|spe|1\n|-ability|p1a: Annihilape|Defiant|boost\n|-boost|p1a: Annihilape|atk|2\n|turn|16\n|inactive|Dozaen has 60 seconds left.\n|\n|t:|1698173954\n|move|p2a: Miraidon|Electro Drift|p1a: Annihilape\n|-damage|p1a: Annihilape|44\/100\n|move|p1a: Annihilape|Drain Punch|p2a: Miraidon\n|-damage|p2a: Miraidon|0 fnt\n|-heal|p1a: Annihilape|44\/100|[from] drain|[of] p2a: Miraidon\n|faint|p2a: Miraidon\n|\n|-heal|p1a: Annihilape|50\/100|[from] item: Leftovers\n|upkeep\n|\n|t:|1698173959\n|switch|p2a: Kyogre|Kyogre|100\/100\n|-weather|RainDance|[from] ability: Drizzle|[of] p2a: Kyogre\n|turn|17\n|\n|t:|1698173982\n|-terastallize|p2a: Kyogre|Water\n|move|p1a: Annihilape|Protect|p1a: Annihilape\n|-singleturn|p1a: Annihilape|Protect\n|move|p2a: Kyogre|Water Spout|p1a: Annihilape\n|-activate|p1a: Annihilape|move: Protect\n|\n|-weather|RainDance|[upkeep]\n|-heal|p1a: Annihilape|57\/100|[from] item: Leftovers\n|upkeep\n|turn|18\n|inactive|Dozaen has 30 seconds left.\n|inactive|Dozaen has 20 seconds left.\n|\n|t:|1698174009\n|-terastallize|p1a: Annihilape|Water\n|move|p2a: Kyogre|Water Spout|p1a: Annihilape\n|-resisted|p1a: Annihilape\n|-damage|p1a: Annihilape|0 fnt\n|faint|p1a: Annihilape\n|\n|win|Anne Frankkkk\n|inactive|Dozaen has 25 seconds left this turn.\n|raw|Dozaen's rating: 1157 &rarr; <strong>1136<\/strong><br \/>(-21 for losing)\n|raw|Anne Frankkkk's rating: 1211 &rarr; <strong>1232<\/strong><br \/>(+21 for winning)\n","uploadtime":1698174034,"views":10,"p1id":"dozaen","p2id":"annefrankkkk","formatid":"gen9ubers","rating":1136,"private":0,"password":""}