{"id":"gen9ubers-1969218586","p1":"ewisko","p2":"default0","format":"[Gen 9] Ubers","log":"|j|\u2606ewisko\n|j|\u2606default0\n|t:|1697501593\n|gametype|singles\n|player|p1|ewisko|pokemonbreederf-gen4|\n|player|p2|default0|skierf-gen4dp|\n|teamsize|p1|6\n|teamsize|p2|6\n|gen|9\n|tier|[Gen 9] Ubers\n|rated|Tournament battle\n|rule|Sleep Clause Mod: Limit one foe put to sleep\n|rule|Species Clause: Limit one of each Pok\u00e9mon\n|rule|OHKO Clause: OHKO moves are banned\n|rule|Evasion Items Clause: Evasion items are banned\n|rule|Evasion Moves Clause: Evasion moves are banned\n|rule|Endless Battle Clause: Forcing endless battles is banned\n|rule|HP Percentage Mod: HP is shown in percentages\n|clearpoke\n|poke|p1|Koraidon|\n|poke|p1|Zacian-*|\n|poke|p1|Skeledirge, F|\n|poke|p1|Clodsire, F|\n|poke|p1|Miraidon|\n|poke|p1|Giratina-Origin|\n|poke|p2|Skeledirge, F|\n|poke|p2|Koraidon|\n|poke|p2|Mewtwo|\n|poke|p2|Ting-Lu|\n|poke|p2|Arceus-Fairy|\n|poke|p2|Eternatus|\n|teampreview\n|\n|t:|1697501642\n|start\n|switch|p1a: Clodsire|Clodsire, F|100\/100\n|switch|p2a: Arceus|Arceus-Fairy|100\/100\n|turn|1\n|\n|t:|1697501647\n|move|p2a: Arceus|Taunt|p1a: Clodsire\n|-start|p1a: Clodsire|move: Taunt\n|cant|p1a: Clodsire|move: Taunt|Stealth Rock\n|\n|upkeep\n|turn|2\n|\n|t:|1697501657\n|switch|p1a: Skeledirge|Skeledirge, F|100\/100\n|move|p2a: Arceus|Judgment|p1a: Skeledirge\n|-resisted|p1a: Skeledirge\n|-damage|p1a: Skeledirge|73\/100\n|\n|upkeep\n|turn|3\n|\n|t:|1697501662\n|switch|p2a: Ting-Lu|Ting-Lu|100\/100\n|-ability|p2a: Ting-Lu|Vessel of Ruin\n|move|p1a: Skeledirge|Torch Song|p2a: Ting-Lu\n|-damage|p2a: Ting-Lu|87\/100\n|-boost|p1a: Skeledirge|spa|1\n|\n|-heal|p2a: Ting-Lu|94\/100|[from] item: Leftovers\n|upkeep\n|turn|4\n|\n|t:|1697501674\n|move|p1a: Skeledirge|Will-O-Wisp|p2a: Ting-Lu\n|-status|p2a: Ting-Lu|brn\n|move|p2a: Ting-Lu|Ruination|p1a: Skeledirge\n|-damage|p1a: Skeledirge|37\/100\n|\n|-heal|p2a: Ting-Lu|99\/100 brn|[from] item: Leftovers\n|-damage|p2a: Ting-Lu|94\/100 brn|[from] brn\n|upkeep\n|turn|5\n|\n|t:|1697501679\n|move|p1a: Skeledirge|Slack Off|p1a: Skeledirge\n|-heal|p1a: Skeledirge|87\/100\n|move|p2a: Ting-Lu|Earthquake|p1a: Skeledirge\n|-supereffective|p1a: Skeledirge\n|-damage|p1a: Skeledirge|65\/100\n|\n|-heal|p2a: Ting-Lu|99\/100 brn|[from] item: Leftovers\n|-damage|p2a: Ting-Lu|94\/100 brn|[from] brn\n|upkeep\n|turn|6\n|\n|t:|1697501684\n|move|p1a: Skeledirge|Torch Song|p2a: Ting-Lu\n|-damage|p2a: Ting-Lu|76\/100 brn\n|-boost|p1a: Skeledirge|spa|1\n|move|p2a: Ting-Lu|Ruination|p1a: Skeledirge\n|-damage|p1a: Skeledirge|33\/100\n|\n|-heal|p2a: Ting-Lu|82\/100 brn|[from] item: Leftovers\n|-damage|p2a: Ting-Lu|76\/100 brn|[from] brn\n|upkeep\n|turn|7\n|\n|t:|1697501689\n|move|p1a: Skeledirge|Slack Off|p1a: Skeledirge\n|-heal|p1a: Skeledirge|83\/100\n|move|p2a: Ting-Lu|Spikes|p1a: Skeledirge\n|-sidestart|p1: ewisko|Spikes\n|\n|-heal|p2a: Ting-Lu|82\/100 brn|[from] item: Leftovers\n|-damage|p2a: Ting-Lu|76\/100 brn|[from] brn\n|upkeep\n|turn|8\n|\n|t:|1697501694\n|switch|p1a: Clodsire|Clodsire, F|100\/100\n|move|p2a: Ting-Lu|Ruination|p1a: Clodsire\n|-damage|p1a: Clodsire|50\/100\n|\n|-heal|p2a: Ting-Lu|82\/100 brn|[from] item: Leftovers\n|-damage|p2a: Ting-Lu|76\/100 brn|[from] brn\n|upkeep\n|turn|9\n|\n|t:|1697501709\n|switch|p2a: Mewtwo|Mewtwo|100\/100\n|-ability|p2a: Mewtwo|Pressure\n|move|p1a: Clodsire|Stealth Rock|p2a: Mewtwo\n|-sidestart|p2: default0|move: Stealth Rock\n|\n|upkeep\n|turn|10\n|\n|t:|1697501779\n|move|p2a: Mewtwo|Calm Mind|p2a: Mewtwo\n|-boost|p2a: Mewtwo|spa|1\n|-boost|p2a: Mewtwo|spd|1\n|move|p1a: Clodsire|Toxic|p2a: Mewtwo\n|-status|p2a: Mewtwo|tox\n|\n|-damage|p2a: Mewtwo|94\/100 tox|[from] psn\n|upkeep\n|turn|11\n|\n|t:|1697501789\n|switch|p1a: Zacian|Zacian-Crowned|100\/100\n|-damage|p1a: Zacian|88\/100|[from] Spikes\n|-ability|p1a: Zacian|Intrepid Sword|boost\n|-boost|p1a: Zacian|atk|1\n|move|p2a: Mewtwo|Stored Power|p1a: Zacian\n|-resisted|p1a: Zacian\n|-damage|p1a: Zacian|66\/100\n|\n|-heal|p2a: Mewtwo|100\/100 tox|[from] item: Leftovers\n|-damage|p2a: Mewtwo|88\/100 tox|[from] psn\n|upkeep\n|turn|12\n|\n|t:|1697501799\n|move|p1a: Zacian|Swords Dance|p1a: Zacian\n|-boost|p1a: Zacian|atk|2\n|move|p2a: Mewtwo|Flamethrower|p1a: Zacian\n|-supereffective|p1a: Zacian\n|-damage|p1a: Zacian|0 fnt\n|faint|p1a: Zacian\n|\n|-heal|p2a: Mewtwo|94\/100 tox|[from] item: Leftovers\n|-damage|p2a: Mewtwo|75\/100 tox|[from] psn\n|upkeep\n|\n|t:|1697501818\n|switch|p1a: Miraidon|Miraidon|100\/100\n|-fieldstart|move: Electric Terrain|[from] ability: Hadron Engine|[of] p1a: Miraidon\n|turn|13\n|\n|t:|1697501826\n|move|p1a: Miraidon|U-turn|p2a: Mewtwo\n|-supereffective|p2a: Mewtwo\n|-damage|p2a: Mewtwo|54\/100 tox\n|\n|t:|1697501830\n|switch|p1a: Clodsire|Clodsire, F|50\/100|[from] U-turn\n|move|p2a: Mewtwo|Recover|p2a: Mewtwo\n|-heal|p2a: Mewtwo|100\/100 tox\n|\n|-damage|p2a: Mewtwo|75\/100 tox|[from] psn\n|upkeep\n|turn|14\n|\n|t:|1697501836\n|move|p2a: Mewtwo|Stored Power|p1a: Clodsire\n|-supereffective|p1a: Clodsire\n|-damage|p1a: Clodsire|0 fnt\n|faint|p1a: Clodsire\n|\n|-heal|p2a: Mewtwo|82\/100 tox|[from] item: Leftovers\n|-damage|p2a: Mewtwo|50\/100 tox|[from] psn\n|upkeep\n|\n|t:|1697501840\n|switch|p1a: Miraidon|Miraidon|100\/100\n|-activate|p1a: Miraidon|ability: Hadron Engine\n|turn|15\n|\n|t:|1697501846\n|move|p1a: Miraidon|Electro Drift|p2a: Mewtwo\n|-damage|p2a: Mewtwo|0 fnt\n|faint|p2a: Mewtwo\n|\n|upkeep\n|\n|t:|1697501855\n|switch|p2a: Eternatus|Eternatus|100\/100\n|-ability|p2a: Eternatus|Pressure\n|turn|16\n|\n|t:|1697501865\n|switch|p1a: Skeledirge|Skeledirge, F|83\/100\n|move|p2a: Eternatus|Dynamax Cannon|p1a: Skeledirge\n|-damage|p1a: Skeledirge|34\/100\n|\n|upkeep\n|turn|17\n|\n|t:|1697501869\n|move|p2a: Eternatus|Dynamax Cannon|p1a: Skeledirge\n|-damage|p1a: Skeledirge|0 fnt\n|faint|p1a: Skeledirge\n|\n|-fieldend|move: Electric Terrain\n|upkeep\n|\n|t:|1697501873\n|switch|p1a: Giratina|Giratina-Origin|100\/100\n|turn|18\n|\n|t:|1697501880\n|move|p2a: Eternatus|Dynamax Cannon|p1a: Giratina\n|-supereffective|p1a: Giratina\n|-damage|p1a: Giratina|35\/100\n|move|p1a: Giratina|Dragon Tail|p2a: Eternatus|[miss]\n|-miss|p1a: Giratina|p2a: Eternatus\n|\n|upkeep\n|turn|19\n|\n|t:|1697501883\n|move|p2a: Eternatus|Toxic Spikes|p1a: Giratina\n|-sidestart|p1: ewisko|move: Toxic Spikes\n|move|p1a: Giratina|Earthquake|p2a: Eternatus\n|-supereffective|p2a: Eternatus\n|-damage|p2a: Eternatus|58\/100\n|\n|upkeep\n|turn|20\n|\n|t:|1697501889\n|move|p2a: Eternatus|Dynamax Cannon|p1a: Giratina\n|-supereffective|p1a: Giratina\n|-damage|p1a: Giratina|0 fnt\n|faint|p1a: Giratina\n|\n|upkeep\n|\n|t:|1697501893\n|switch|p1a: Miraidon|Miraidon|100\/100\n|-fieldstart|move: Electric Terrain|[from] ability: Hadron Engine|[of] p1a: Miraidon\n|turn|21\n|\n|t:|1697501902\n|move|p1a: Miraidon|Draco Meteor|p2a: Eternatus\n|-supereffective|p2a: Eternatus\n|-damage|p2a: Eternatus|0 fnt\n|-unboost|p1a: Miraidon|spa|2\n|faint|p2a: Eternatus\n|\n|upkeep\n|\n|t:|1697501905\n|switch|p2a: Arceus|Arceus-Fairy|100\/100\n|-damage|p2a: Arceus|88\/100|[from] Stealth Rock\n|turn|22\n|\n|t:|1697501916\n|-terastallize|p1a: Miraidon|Fairy\n|move|p1a: Miraidon|U-turn|p2a: Arceus\n|-resisted|p2a: Arceus\n|-damage|p2a: Arceus|84\/100\n|\n|t:|1697501919\n|switch|p1a: Koraidon|Koraidon|100\/100|[from] U-turn\n|-damage|p1a: Koraidon|88\/100|[from] Spikes\n|-status|p1a: Koraidon|psn\n|-weather|SunnyDay|[from] ability: Orichalcum Pulse|[of] p1a: Koraidon\n|-activate|p1a: Koraidon|Orichalcum Pulse|[source]\n|move|p2a: Arceus|Judgment|p1a: Koraidon\n|-supereffective|p1a: Koraidon\n|-damage|p1a: Koraidon|0 fnt\n|faint|p1a: Koraidon\n|\n|-weather|SunnyDay|[upkeep]\n|upkeep\n|\n|t:|1697501921\n|switch|p1a: Miraidon|Miraidon, tera:Fairy|100\/100\n|-activate|p1a: Miraidon|ability: Hadron Engine\n|turn|23\n|\n|t:|1697501933\n|switch|p2a: Ting-Lu|Ting-Lu|76\/100 brn\n|-damage|p2a: Ting-Lu|70\/100 brn|[from] Stealth Rock\n|-ability|p2a: Ting-Lu|Vessel of Ruin\n|move|p1a: Miraidon|Electro Drift|p2a: Ting-Lu\n|-immune|p2a: Ting-Lu\n|\n|-weather|SunnyDay|[upkeep]\n|-heal|p2a: Ting-Lu|76\/100 brn|[from] item: Leftovers\n|-damage|p2a: Ting-Lu|70\/100 brn|[from] brn\n|upkeep\n|turn|24\n|\n|t:|1697501939\n|move|p1a: Miraidon|U-turn|p2a: Ting-Lu\n|-supereffective|p2a: Ting-Lu\n|-damage|p2a: Ting-Lu|57\/100 brn\n|move|p2a: Ting-Lu|Ruination|p1a: Miraidon\n|-damage|p1a: Miraidon|51\/100\n|\n|-weather|SunnyDay|[upkeep]\n|-heal|p2a: Ting-Lu|63\/100 brn|[from] item: Leftovers\n|-damage|p2a: Ting-Lu|57\/100 brn|[from] brn\n|upkeep\n|turn|25\n|\n|t:|1697501944\n|move|p1a: Miraidon|Overheat|p2a: Ting-Lu\n|-damage|p2a: Ting-Lu|17\/100 brn\n|-unboost|p1a: Miraidon|spa|2\n|move|p2a: Ting-Lu|Ruination|p1a: Miraidon\n|-damage|p1a: Miraidon|26\/100\n|\n|-weather|SunnyDay|[upkeep]\n|-heal|p2a: Ting-Lu|24\/100 brn|[from] item: Leftovers\n|-damage|p2a: Ting-Lu|17\/100 brn|[from] brn\n|-fieldend|move: Electric Terrain\n|upkeep\n|turn|26\n|\n|t:|1697501949\n|move|p1a: Miraidon|U-turn|p2a: Ting-Lu\n|-supereffective|p2a: Ting-Lu\n|-damage|p2a: Ting-Lu|4\/100 brn\n|move|p2a: Ting-Lu|Earthquake|p1a: Miraidon\n|-damage|p1a: Miraidon|6\/100\n|\n|-weather|none\n|-heal|p2a: Ting-Lu|10\/100 brn|[from] item: Leftovers\n|-damage|p2a: Ting-Lu|4\/100 brn|[from] brn\n|upkeep\n|turn|27\n|\n|t:|1697501951\n|move|p1a: Miraidon|U-turn|p2a: Ting-Lu\n|-supereffective|p2a: Ting-Lu\n|-damage|p2a: Ting-Lu|0 fnt\n|faint|p2a: Ting-Lu\n|\n|upkeep\n|c|\u2606ewisko|gg\n|\n|t:|1697501957\n|switch|p2a: Arceus|Arceus-Fairy|84\/100\n|-damage|p2a: Arceus|71\/100|[from] Stealth Rock\n|turn|28\n|\n|t:|1697501959\n|move|p1a: Miraidon|Electro Drift|p2a: Arceus\n|-damage|p2a: Arceus|55\/100\n|move|p2a: Arceus|Judgment|p1a: Miraidon\n|-damage|p1a: Miraidon|0 fnt\n|faint|p1a: Miraidon\n|\n|win|default0\n|n|\u2606ewisko|ewisko\n|n|\u2606default0|default0\n","uploadtime":1697501962,"views":23,"p1id":"ewisko","p2id":"default0","formatid":"gen9ubers","rating":0,"private":0,"password":""}