{"id":"gen9ubers-1989625185","p1":"XpokVEVO","p2":"Steven Stone 007","format":"[Gen 9] Ubers","log":"|j|\u2606XpokVEVO\n|j|\u2606Steven Stone 007\n|t:|1699880350\n|gametype|singles\n|player|p1|XpokVEVO|rika|\n|player|p2|Steven Stone 007|steven|\n|teamsize|p1|6\n|teamsize|p2|6\n|gen|9\n|tier|[Gen 9] Ubers\n|rule|Sleep Clause Mod: Limit one foe put to sleep\n|rule|Species Clause: Limit one of each Pok\u00e9mon\n|rule|OHKO Clause: OHKO moves are banned\n|rule|Evasion Items Clause: Evasion items are banned\n|rule|Evasion Moves Clause: Evasion moves are banned\n|rule|Endless Battle Clause: Forcing endless battles is banned\n|rule|HP Percentage Mod: HP is shown in percentages\n|clearpoke\n|poke|p1|Cyclizar, M|\n|poke|p1|Espathra, F|\n|poke|p1|Zacian-*|\n|poke|p1|Roaring Moon|\n|poke|p1|Arceus-Fire|\n|poke|p1|Magearna|\n|poke|p2|Ninetales-Alola, F|\n|poke|p2|Baxcalibur, M|\n|poke|p2|Cyclizar, M|\n|poke|p2|Magearna|\n|poke|p2|Arceus-Poison|\n|poke|p2|Zacian-*|\n|teampreview\n|c|\u2606Steven Stone 007|Gl\n|\n|t:|1699880364\n|start\n|switch|p1a: Akira|Cyclizar, M|100\/100\n|switch|p2a: Cyclizar|Cyclizar, M|100\/100\n|turn|1\n|\n|t:|1699880378\n|move|p2a: Cyclizar|Draco Meteor|p1a: Akira\n|-supereffective|p1a: Akira\n|-damage|p1a: Akira|0 fnt\n|-unboost|p2a: Cyclizar|spa|2\n|faint|p1a: Akira\n|\n|upkeep\n|\n|t:|1699880382\n|switch|p1a: Emu War|Espathra, F|100\/100\n|turn|2\n|\n|t:|1699880388\n|switch|p2a: Magearna|Magearna|100\/100\n|move|p1a: Emu War|Calm Mind|p1a: Emu War\n|-boost|p1a: Emu War|spa|1\n|-boost|p1a: Emu War|spd|1\n|\n|-ability|p1a: Emu War|Speed Boost|boost\n|-boost|p1a: Emu War|spe|1\n|upkeep\n|turn|3\n|\n|t:|1699880392\n|move|p1a: Emu War|Protect|p1a: Emu War\n|-singleturn|p1a: Emu War|Protect\n|move|p2a: Magearna|Thunder Wave|p1a: Emu War\n|-activate|p1a: Emu War|move: Protect\n|\n|-ability|p1a: Emu War|Speed Boost|boost\n|-boost|p1a: Emu War|spe|1\n|upkeep\n|turn|4\n|\n|t:|1699880399\n|move|p1a: Emu War|Calm Mind|p1a: Emu War\n|-boost|p1a: Emu War|spa|1\n|-boost|p1a: Emu War|spd|1\n|move|p2a: Magearna|Thunder Wave|p1a: Emu War\n|-status|p1a: Emu War|par\n|\n|-ability|p1a: Emu War|Speed Boost|boost\n|-boost|p1a: Emu War|spe|1\n|upkeep\n|turn|5\n|\n|t:|1699880415\n|move|p1a: Emu War|Calm Mind|p1a: Emu War\n|-boost|p1a: Emu War|spa|1\n|-boost|p1a: Emu War|spd|1\n|move|p2a: Magearna|Encore|p1a: Emu War\n|-start|p1a: Emu War|Encore\n|\n|-ability|p1a: Emu War|Speed Boost|boost\n|-boost|p1a: Emu War|spe|1\n|upkeep\n|turn|6\n|\n|t:|1699880419\n|switch|p2a: Baxcalibur|Baxcalibur, M|100\/100\n|cant|p1a: Emu War|par\n|\n|-ability|p1a: Emu War|Speed Boost|boost\n|-boost|p1a: Emu War|spe|1\n|upkeep\n|turn|7\n|\n|t:|1699880423\n|-terastallize|p1a: Emu War|Fairy\n|move|p1a: Emu War|Calm Mind|p1a: Emu War\n|-boost|p1a: Emu War|spa|1\n|-boost|p1a: Emu War|spd|1\n|move|p2a: Baxcalibur|Icicle Spear|p1a: Emu War\n|-damage|p1a: Emu War|86\/100 par\n|-damage|p1a: Emu War|72\/100 par\n|-damage|p1a: Emu War|58\/100 par\n|-damage|p1a: Emu War|44\/100 par\n|-damage|p1a: Emu War|31\/100 par\n|-hitcount|p1a: Emu War|5\n|\n|-heal|p1a: Emu War|37\/100 par|[from] item: Leftovers\n|-ability|p1a: Emu War|Speed Boost|boost\n|-boost|p1a: Emu War|spe|1\n|upkeep\n|turn|8\n|\n|t:|1699880427\n|move|p1a: Emu War|Calm Mind|p1a: Emu War\n|-boost|p1a: Emu War|spa|1\n|-boost|p1a: Emu War|spd|1\n|move|p2a: Baxcalibur|Icicle Spear|p1a: Emu War\n|-damage|p1a: Emu War|23\/100 par\n|-damage|p1a: Emu War|10\/100 par\n|-damage|p1a: Emu War|0 fnt\n|faint|p1a: Emu War\n|-hitcount|p1: Emu War|3\n|\n|upkeep\n|\n|t:|1699880434\n|switch|p1a: Princess|Zacian, shiny|100\/100\n|-ability|p1a: Princess|Intrepid Sword|boost\n|-boost|p1a: Princess|atk|1\n|turn|9\n|\n|t:|1699880443\n|switch|p2a: Arceus|Arceus-Poison|100\/100\n|move|p1a: Princess|Close Combat|p2a: Arceus\n|-resisted|p2a: Arceus\n|-damage|p2a: Arceus|79\/100\n|-unboost|p1a: Princess|def|1\n|-unboost|p1a: Princess|spd|1\n|\n|upkeep\n|turn|10\n|\n|t:|1699880453\n|switch|p1a: Aunt Fanny|Magearna|100\/100\n|move|p2a: Arceus|Calm Mind|p2a: Arceus\n|-boost|p2a: Arceus|spa|1\n|-boost|p2a: Arceus|spd|1\n|\n|upkeep\n|turn|11\n|\n|t:|1699880456\n|move|p2a: Arceus|Earth Power|p1a: Aunt Fanny\n|-supereffective|p1a: Aunt Fanny\n|-damage|p1a: Aunt Fanny|45\/100\n|move|p1a: Aunt Fanny|Encore|p2a: Arceus\n|-start|p2a: Arceus|Encore\n|\n|upkeep\n|turn|12\n|\n|t:|1699880463\n|switch|p1a: Roaring Peak|Roaring Moon|100\/100\n|-enditem|p1a: Roaring Peak|Booster Energy\n|-activate|p1a: Roaring Peak|ability: Protosynthesis|[fromitem]\n|-start|p1a: Roaring Peak|protosynthesisspe\n|move|p2a: Arceus|Earth Power|p1a: Roaring Peak\n|-damage|p1a: Roaring Peak|65\/100\n|\n|upkeep\n|turn|13\n|\n|t:|1699880472\n|switch|p2a: Ninetales|Ninetales-Alola, F|100\/100\n|-weather|Snow|[from] ability: Snow Warning|[of] p2a: Ninetales\n|move|p1a: Roaring Peak|Dragon Dance|p1a: Roaring Peak\n|-boost|p1a: Roaring Peak|atk|1\n|-boost|p1a: Roaring Peak|spe|1\n|\n|-weather|Snow|[upkeep]\n|upkeep\n|turn|14\n|\n|t:|1699880483\n|move|p1a: Roaring Peak|Acrobatics|p2a: Ninetales\n|-damage|p2a: Ninetales|51\/100\n|move|p2a: Ninetales|Aurora Veil|p2a: Ninetales\n|-sidestart|p2: Steven Stone 007|move: Aurora Veil\n|\n|-weather|Snow|[upkeep]\n|upkeep\n|turn|15\n|\n|t:|1699880486\n|move|p1a: Roaring Peak|Knock Off|p2a: Ninetales\n|-resisted|p2a: Ninetales\n|-damage|p2a: Ninetales|36\/100\n|-enditem|p2a: Ninetales|Light Clay|[from] move: Knock Off|[of] p1a: Roaring Peak\n|move|p2a: Ninetales|Moonblast|p1a: Roaring Peak\n|-supereffective|p1a: Roaring Peak\n|-damage|p1a: Roaring Peak|0 fnt\n|faint|p1a: Roaring Peak\n|-end|p1a: Roaring Peak|Protosynthesis|[silent]\n|\n|-weather|Snow|[upkeep]\n|upkeep\n|\n|t:|1699880488\n|switch|p1a: Ar\u0441eus-Fighting|Arceus-Fire, shiny|100\/100\n|turn|16\n|\n|t:|1699880493\n|switch|p1a: Princess|Zacian, shiny|100\/100\n|move|p2a: Ninetales|Moonblast|p1a: Princess\n|-damage|p1a: Princess|78\/100\n|-unboost|p1a: Princess|spa|1\n|\n|-weather|Snow|[upkeep]\n|upkeep\n|turn|17\n|\n|t:|1699880498\n|switch|p1a: Aunt Fanny|Magearna|45\/100\n|switch|p2a: Magearna|Magearna|100\/100\n|\n|-weather|none\n|upkeep\n|turn|18\n|\n|t:|1699880502\n|move|p1a: Aunt Fanny|Volt Switch|p2a: Magearna\n|-damage|p2a: Magearna|93\/100\n|\n|t:|1699880505\n|switch|p1a: Ar\u0441eus-Fighting|Arceus-Fire, shiny|100\/100|[from] Volt Switch\n|move|p2a: Magearna|Thunder Wave|p1a: Ar\u0441eus-Fighting|[miss]\n|-miss|p2a: Magearna|p1a: Ar\u0441eus-Fighting\n|\n|-heal|p2a: Magearna|99\/100|[from] item: Leftovers\n|upkeep\n|turn|19\n|\n|t:|1699880510\n|switch|p1a: Aunt Fanny|Magearna|45\/100\n|move|p2a: Magearna|Thunder Wave|p1a: Aunt Fanny\n|-status|p1a: Aunt Fanny|par\n|\n|-heal|p2a: Magearna|100\/100|[from] item: Leftovers\n|upkeep\n|turn|20\n|\n|t:|1699880512\n|move|p2a: Magearna|Spikes|p1a: Aunt Fanny\n|-sidestart|p1: XpokVEVO|Spikes\n|move|p1a: Aunt Fanny|Volt Switch|p2a: Magearna\n|-damage|p2a: Magearna|92\/100\n|\n|t:|1699880514\n|switch|p1a: Ar\u0441eus-Fighting|Arceus-Fire, shiny|100\/100|[from] Volt Switch\n|-damage|p1a: Ar\u0441eus-Fighting|88\/100|[from] Spikes\n|\n|-heal|p2a: Magearna|98\/100|[from] item: Leftovers\n|upkeep\n|turn|21\n|\n|t:|1699880517\n|move|p1a: Ar\u0441eus-Fighting|Dragon Dance|p1a: Ar\u0441eus-Fighting\n|-boost|p1a: Ar\u0441eus-Fighting|atk|1\n|-boost|p1a: Ar\u0441eus-Fighting|spe|1\n|move|p2a: Magearna|Spikes|p1a: Ar\u0441eus-Fighting\n|-sidestart|p1: XpokVEVO|Spikes\n|\n|-heal|p2a: Magearna|100\/100|[from] item: Leftovers\n|-sideend|p2: Steven Stone 007|move: Aurora Veil\n|upkeep\n|turn|22\n|\n|t:|1699880523\n|-terastallize|p2a: Magearna|Water\n|move|p1a: Ar\u0441eus-Fighting|Flare Blitz|p2a: Magearna\n|-resisted|p2a: Magearna\n|-damage|p2a: Magearna|54\/100\n|-damage|p1a: Ar\u0441eus-Fighting|75\/100|[from] Recoil\n|move|p2a: Magearna|Thunder Wave|p1a: Ar\u0441eus-Fighting\n|-status|p1a: Ar\u0441eus-Fighting|par\n|\n|-heal|p2a: Magearna|60\/100|[from] item: Leftovers\n|upkeep\n|turn|23\n|c|\u2606XpokVEVO|Re\n|-message|XpokVEVO forfeited.\n|\n|win|Steven Stone 007\n|l|\u2606XpokVEVO\n|c|\u2606Steven Stone 007|GG\n|c|\u2606Steven Stone 007|I DON'T HAVW ANOTHER TEAM\n|c|\u2606Steven Stone 007|That Is Good To Play\n","uploadtime":1699880570,"views":11,"p1id":"xpokvevo","p2id":"stevenstone007","formatid":"gen9ubers","rating":0,"private":0,"password":""}