{"id":"gen9ubers-1997927669","p1":"Sl3kii","p2":"bigmansuperpower","format":"[Gen 9] Ubers","log":"|j|\u2606Sl3kii\n|j|\u2606bigmansuperpower\n|t:|1700868441\n|gametype|singles\n|player|p1|Sl3kii|cynthia-masters|\n|player|p2|bigmansuperpower|giovanni|\n|teamsize|p1|6\n|teamsize|p2|6\n|gen|9\n|tier|[Gen 9] Ubers\n|rule|Sleep Clause Mod: Limit one foe put to sleep\n|rule|Species Clause: Limit one of each Pok\u00e9mon\n|rule|OHKO Clause: OHKO moves are banned\n|rule|Evasion Items Clause: Evasion items are banned\n|rule|Evasion Moves Clause: Evasion moves are banned\n|rule|Endless Battle Clause: Forcing endless battles is banned\n|rule|HP Percentage Mod: HP is shown in percentages\n|clearpoke\n|poke|p1|Basculegion, M|\n|poke|p1|Pelipper, F|\n|poke|p1|Toxicroak, M|\n|poke|p1|Ogerpon-Wellspring, F|\n|poke|p1|Kilowattrel, F|\n|poke|p1|Ninetales-Alola, F|\n|poke|p2|Urshifu-*, M|\n|poke|p2|Zamazenta-*|\n|poke|p2|Dragapult, F|\n|poke|p2|Hydreigon, M|\n|poke|p2|Grimmsnarl, M|\n|poke|p2|Copperajah, F|\n|teampreview\n|\n|t:|1700868452\n|start\n|switch|p1a: Ninetales|Ninetales-Alola, F|100\/100\n|switch|p2a: Dragapult|Dragapult, F, shiny|100\/100\n|-weather|Snow|[from] ability: Snow Warning|[of] p1a: Ninetales\n|turn|1\n|c|\u2606bigmansuperpower|hollup let me get out the type chart\n|c|\u2606Sl3kii|LMFAO\n|c|\u2606bigmansuperpower|alr im ready\n|\n|t:|1700868498\n|move|p2a: Dragapult|U-turn|p1a: Ninetales\n|-resisted|p1a: Ninetales\n|-damage|p1a: Ninetales|91\/100\n|c|\u2606bigmansuperpower|wrong move\n|c|\u2606Sl3kii|its a good choice tho\n|\n|t:|1700868514\n|switch|p2a: Copperajah|Copperajah, F|100\/100|[from] U-turn\n|move|p1a: Ninetales|Aurora Veil|p1a: Ninetales\n|-sidestart|p1: Sl3kii|move: Aurora Veil\n|\n|-weather|Snow|[upkeep]\n|upkeep\n|turn|2\n|\n|t:|1700868522\n|-terastallize|p1a: Ninetales|Fire\n|move|p1a: Ninetales|Tera Blast|p2a: Copperajah|[anim] Tera Blast Fire\n|-supereffective|p2a: Copperajah\n|-damage|p2a: Copperajah|55\/100\n|move|p2a: Copperajah|Heavy Slam|p1a: Ninetales\n|-resisted|p1a: Ninetales\n|-damage|p1a: Ninetales|69\/100\n|\n|-weather|Snow|[upkeep]\n|-heal|p2a: Copperajah|61\/100|[from] item: Leftovers\n|upkeep\n|turn|3\n|c|\u2606bigmansuperpower|oh.\n|\n|t:|1700868543\n|switch|p2a: Dragapult|Dragapult, F, shiny|100\/100\n|move|p1a: Ninetales|Tera Blast|p2a: Dragapult|[anim] Tera Blast Fire\n|-resisted|p2a: Dragapult\n|-damage|p2a: Dragapult|78\/100\n|\n|-weather|Snow|[upkeep]\n|upkeep\n|turn|4\n|\n|t:|1700868552\n|move|p2a: Dragapult|Draco Meteor|p1a: Ninetales\n|-damage|p1a: Ninetales|36\/100\n|-unboost|p2a: Dragapult|spa|2\n|move|p1a: Ninetales|Blizzard|p2a: Dragapult\n|-supereffective|p2a: Dragapult\n|-damage|p2a: Dragapult|0 fnt\n|faint|p2a: Dragapult\n|\n|-weather|Snow|[upkeep]\n|upkeep\n|c|\u2606bigmansuperpower|i forgot about terastallize\n|c|\u2606bigmansuperpower|its so over\n|\n|t:|1700868578\n|switch|p2a: Grimmsnarl|Grimmsnarl, M, shiny|100\/100\n|turn|5\n|\n|t:|1700868590\n|move|p2a: Grimmsnarl|Thunder Wave|p1a: Ninetales|[miss]\n|-miss|p2a: Grimmsnarl|p1a: Ninetales\n|move|p1a: Ninetales|Blizzard|p2a: Grimmsnarl\n|-damage|p2a: Grimmsnarl|52\/100\n|\n|-weather|none\n|upkeep\n|turn|6\n|c|\u2606bigmansuperpower|the 10%\n|c|\u2606bigmansuperpower|its over\n|\n|t:|1700868602\n|switch|p1a: Pelipper|Pelipper, F|100\/100\n|-weather|RainDance|[from] ability: Drizzle|[of] p1a: Pelipper\n|move|p2a: Grimmsnarl|Sucker Punch||[still]\n|-fail|p2a: Grimmsnarl\n|\n|-weather|RainDance|[upkeep]\n|upkeep\n|turn|7\n|\n|t:|1700868617\n|move|p2a: Grimmsnarl|Thunder Wave|p1a: Pelipper\n|-status|p1a: Pelipper|par\n|cant|p1a: Pelipper|par\n|\n|-weather|RainDance|[upkeep]\n|upkeep\n|turn|8\n|c|\u2606bigmansuperpower|i forgot that doesnt do damage\n|c|\u2606bigmansuperpower|ermmm\n|c|\u2606Sl3kii|k this could be bad\n|\n|t:|1700868640\n|switch|p2a: Hydreigon|Hydreigon, M|100\/100\n|move|p1a: Pelipper|Weather Ball|p2a: Hydreigon\n|-resisted|p2a: Hydreigon\n|-damage|p2a: Hydreigon|68\/100\n|\n|-weather|RainDance|[upkeep]\n|-heal|p2a: Hydreigon|74\/100|[from] item: Leftovers\n|-sideend|p1: Sl3kii|move: Aurora Veil\n|upkeep\n|turn|9\n|\n|t:|1700868658\n|switch|p1a: Ninetales|Ninetales-Alola, F, tera:Fire|36\/100\n|-weather|Snow|[from] ability: Snow Warning|[of] p1a: Ninetales\n|move|p2a: Hydreigon|Draco Meteor|p1a: Ninetales\n|-damage|p1a: Ninetales|0 fnt\n|-unboost|p2a: Hydreigon|spa|2\n|faint|p1a: Ninetales\n|\n|-weather|Snow|[upkeep]\n|-heal|p2a: Hydreigon|80\/100|[from] item: Leftovers\n|upkeep\n|\n|t:|1700868662\n|switch|p1a: Pelipper|Pelipper, F|100\/100 par\n|-weather|RainDance|[from] ability: Drizzle|[of] p1a: Pelipper\n|turn|10\n|c|\u2606bigmansuperpower|at leas tnow if i lose it wont be 6-0\n|c|\u2606Sl3kii|ur already doing better than dilbert\n|c|\u2606Sl3kii|gj\n|c|\u2606bigmansuperpower|dibbler aint nothin on me fr...\n|\n|t:|1700868690\n|move|p2a: Hydreigon|Draco Meteor|p1a: Pelipper\n|-damage|p1a: Pelipper|52\/100 par\n|-unboost|p2a: Hydreigon|spa|2\n|move|p1a: Pelipper|Hurricane|p2a: Hydreigon\n|-damage|p2a: Hydreigon|34\/100\n|-start|p2a: Hydreigon|confusion\n|\n|-weather|RainDance|[upkeep]\n|-heal|p2a: Hydreigon|40\/100|[from] item: Leftovers\n|upkeep\n|turn|11\n|\n|t:|1700868705\n|-activate|p2a: Hydreigon|confusion\n|-damage|p2a: Hydreigon|29\/100|[from] confusion\n|move|p1a: Pelipper|Roost|p1a: Pelipper\n|-heal|p1a: Pelipper|100\/100 par\n|-singleturn|p1a: Pelipper|move: Roost\n|\n|-weather|RainDance|[upkeep]\n|-heal|p2a: Hydreigon|35\/100|[from] item: Leftovers\n|upkeep\n|turn|12\n|c|\u2606bigmansuperpower|i used protect how did it hurt me???\n|c|\u2606Sl3kii|confusion effect\n|\n|t:|1700868724\n|-activate|p2a: Hydreigon|confusion\n|-damage|p2a: Hydreigon|24\/100|[from] confusion\n|move|p1a: Pelipper|Hurricane|p2a: Hydreigon\n|-damage|p2a: Hydreigon|0 fnt\n|faint|p2a: Hydreigon\n|\n|-weather|RainDance|[upkeep]\n|upkeep\n|\n|t:|1700868740\n|switch|p2a: Copperajah|Copperajah, F|61\/100\n|turn|13\n|\n|t:|1700868748\n|move|p1a: Pelipper|Weather Ball|p2a: Copperajah\n|-damage|p2a: Copperajah|13\/100\n|move|p2a: Copperajah|Heavy Slam|p1a: Pelipper\n|-resisted|p1a: Pelipper\n|-damage|p1a: Pelipper|67\/100 par\n|\n|-weather|RainDance|[upkeep]\n|-heal|p2a: Copperajah|19\/100|[from] item: Leftovers\n|upkeep\n|turn|14\n|\n|t:|1700868759\n|move|p1a: Pelipper|Weather Ball|p2a: Copperajah\n|-crit|p2a: Copperajah\n|-damage|p2a: Copperajah|0 fnt\n|faint|p2a: Copperajah\n|\n|-weather|RainDance|[upkeep]\n|upkeep\n|c|\u2606bigmansuperpower|so over\n|\n|t:|1700868772\n|switch|p2a: Zamazenta|Zamazenta|100\/100\n|-ability|p2a: Zamazenta|Dauntless Shield|boost\n|-boost|p2a: Zamazenta|def|1\n|turn|15\n|\n|t:|1700868792\n|move|p2a: Zamazenta|Stone Edge|p1a: Pelipper\n|-supereffective|p1a: Pelipper\n|-damage|p1a: Pelipper|0 fnt\n|faint|p1a: Pelipper\n|\n|-weather|RainDance|[upkeep]\n|upkeep\n|c|\u2606bigmansuperpower|or not\n|\n|t:|1700868816\n|switch|p1a: Kilowattrel|Kilowattrel, F|100\/100\n|turn|16\n|c|\u2606Sl3kii|am i faster\n|c|\u2606Sl3kii|lets see\n|c|\u2606bigmansuperpower|hmm\n|\n|t:|1700868861\n|move|p1a: Kilowattrel|Hurricane|p2a: Zamazenta\n|-supereffective|p2a: Zamazenta\n|-damage|p2a: Zamazenta|9\/100\n|-start|p2a: Zamazenta|confusion\n|-activate|p2a: Zamazenta|confusion\n|-damage|p2a: Zamazenta|4\/100|[from] confusion\n|\n|-weather|RainDance|[upkeep]\n|-heal|p2a: Zamazenta|10\/100|[from] item: Leftovers\n|upkeep\n|turn|17\n|c|\u2606bigmansuperpower|oh.\n|c|\u2606bigmansuperpower|ok.\n|\n|t:|1700868880\n|switch|p2a: Grimmsnarl|Grimmsnarl, M, shiny|52\/100\n|move|p1a: Kilowattrel|Thunder|p2a: Grimmsnarl\n|-damage|p2a: Grimmsnarl|0 fnt\n|faint|p2a: Grimmsnarl\n|\n|-weather|none\n|upkeep\n|c|\u2606bigmansuperpower|OK.\n|\n|t:|1700868899\n|switch|p2a: Urshifu|Urshifu, M|100\/100\n|turn|18\n|\n|t:|1700868906\n|move|p1a: Kilowattrel|Hurricane|p2a: Urshifu\n|-supereffective|p2a: Urshifu\n|-damage|p2a: Urshifu|0 fnt\n|faint|p2a: Urshifu\n|\n|upkeep\n|c|\u2606bigmansuperpower|DAMN\n|c|\u2606bigmansuperpower|ITS ACTUALLY OVER\n|\n|t:|1700868914\n|switch|p2a: Zamazenta|Zamazenta|10\/100\n|turn|19\n|c|\u2606Sl3kii|stand proud\n|c|\u2606Sl3kii|youre strong\n|\n|t:|1700868920\n|move|p1a: Kilowattrel|Volt Switch|p2a: Zamazenta\n|-damage|p2a: Zamazenta|0 fnt\n|faint|p2a: Zamazenta\n|\n|win|Sl3kii\n|c|\u2606bigmansuperpower|gg\n|c|\u2606Sl3kii|ggs\n","uploadtime":1700868934,"views":11,"p1id":"sl3kii","p2id":"bigmansuperpower","formatid":"gen9ubers","rating":0,"private":0,"password":""}