{"id":"gen9ubers-1968706169","p1":"Frimal Kyogre","p2":"Skwibbzz","format":"[Gen 9] Ubers","log":"|j|\u2606Frimal Kyogre\n|j|\u2606Skwibbzz\n|t:|1697456140\n|gametype|singles\n|player|p1|Frimal Kyogre|170|1040\n|player|p2|Skwibbzz|caitlin|1040\n|teamsize|p1|6\n|teamsize|p2|6\n|gen|9\n|tier|[Gen 9] Ubers\n|rated|\n|rule|Sleep Clause Mod: Limit one foe put to sleep\n|rule|Species Clause: Limit one of each Pok\u00e9mon\n|rule|OHKO Clause: OHKO moves are banned\n|rule|Evasion Items Clause: Evasion items are banned\n|rule|Evasion Moves Clause: Evasion moves are banned\n|rule|Endless Battle Clause: Forcing endless battles is banned\n|rule|HP Percentage Mod: HP is shown in percentages\n|clearpoke\n|poke|p1|Rayquaza|\n|poke|p1|Groudon|\n|poke|p1|Kyogre|\n|poke|p1|Meowscarada, M|\n|poke|p1|Quaquaval, M|\n|poke|p1|Skeledirge, M|\n|poke|p2|Torkoal, M|\n|poke|p2|Walking Wake|\n|poke|p2|Typhlosion, M|\n|poke|p2|Chi-Yu|\n|poke|p2|Volcarona, F|\n|poke|p2|Koraidon|\n|teampreview\n|\n|t:|1697456151\n|start\n|switch|p1a: Meowscarada|Meowscarada, M, shiny|100\/100\n|switch|p2a: Torkoal|Torkoal, M|100\/100\n|-weather|SunnyDay|[from] ability: Drought|[of] p2a: Torkoal\n|turn|1\n|\n|t:|1697456162\n|move|p1a: Meowscarada|Knock Off|p2a: Torkoal\n|-start|p1a: Meowscarada|typechange|Dark|[from] ability: Protean\n|-damage|p2a: Torkoal|74\/100\n|-enditem|p2a: Torkoal|Heavy-Duty Boots|[from] move: Knock Off|[of] p1a: Meowscarada\n|move|p2a: Torkoal|Flame Charge|p1a: Meowscarada\n|-damage|p1a: Meowscarada|72\/100\n|-boost|p2a: Torkoal|spe|1\n|\n|-weather|SunnyDay|[upkeep]\n|upkeep\n|turn|2\n|\n|t:|1697456176\n|move|p1a: Meowscarada|Dark Pulse|p2a: Torkoal\n|-damage|p2a: Torkoal|41\/100\n|move|p2a: Torkoal|Stealth Rock|p1a: Meowscarada\n|-sidestart|p1: Frimal Kyogre|move: Stealth Rock\n|\n|-weather|SunnyDay|[upkeep]\n|upkeep\n|turn|3\n|\n|t:|1697456185\n|switch|p1a: Quaquaval|Quaquaval, M, shiny|100\/100\n|-damage|p1a: Quaquaval|95\/100|[from] Stealth Rock\n|move|p2a: Torkoal|Solar Beam||[still]\n|-prepare|p2a: Torkoal|Solar Beam\n|-anim|p2a: Torkoal|Solar Beam|p1a: Quaquaval\n|-supereffective|p1a: Quaquaval\n|-damage|p1a: Quaquaval|29\/100\n|\n|-weather|SunnyDay|[upkeep]\n|upkeep\n|turn|4\n|\n|t:|1697456197\n|move|p1a: Quaquaval|Aqua Jet|p2a: Torkoal\n|-supereffective|p2a: Torkoal\n|-damage|p2a: Torkoal|30\/100\n|move|p2a: Torkoal|Solar Beam||[still]\n|-prepare|p2a: Torkoal|Solar Beam\n|-anim|p2a: Torkoal|Solar Beam|p1a: Quaquaval\n|-supereffective|p1a: Quaquaval\n|-damage|p1a: Quaquaval|0 fnt\n|faint|p1a: Quaquaval\n|\n|-weather|SunnyDay|[upkeep]\n|upkeep\n|\n|t:|1697456208\n|switch|p1a: Kyogre|Kyogre, shiny|100\/100\n|-damage|p1a: Kyogre|88\/100|[from] Stealth Rock\n|-weather|RainDance|[from] ability: Drizzle|[of] p1a: Kyogre\n|turn|5\n|\n|t:|1697456216\n|move|p1a: Kyogre|Liquidation|p2a: Torkoal\n|-supereffective|p2a: Torkoal\n|-damage|p2a: Torkoal|0 fnt\n|faint|p2a: Torkoal\n|\n|-weather|RainDance|[upkeep]\n|upkeep\n|\n|t:|1697456224\n|switch|p2a: Koraidon|Koraidon|100\/100\n|-weather|SunnyDay|[from] ability: Orichalcum Pulse|[of] p2a: Koraidon\n|-activate|p2a: Koraidon|Orichalcum Pulse|[source]\n|turn|6\n|\n|t:|1697456230\n|move|p2a: Koraidon|Outrage|p1a: Kyogre\n|-damage|p1a: Kyogre|0 fnt\n|faint|p1a: Kyogre\n|\n|-weather|SunnyDay|[upkeep]\n|upkeep\n|\n|t:|1697456238\n|switch|p1a: Rayquaza|Rayquaza, shiny|100\/100\n|-damage|p1a: Rayquaza|76\/100|[from] Stealth Rock\n|-ability|p1a: Rayquaza|Air Lock\n|turn|7\n|inactive|Battle timer is ON: inactive players will automatically lose when time's up. (requested by Skwibbzz)\n|\n|t:|1697456283\n|move|p2a: Koraidon|Outrage|p1a: Rayquaza|[from]lockedmove\n|-supereffective|p1a: Rayquaza\n|-damage|p1a: Rayquaza|0 fnt\n|faint|p1a: Rayquaza\n|\n|-weather|SunnyDay|[upkeep]\n|upkeep\n|\n|t:|1697456294\n|switch|p1a: Groudon|Groudon, shiny|100\/100\n|-damage|p1a: Groudon|94\/100|[from] Stealth Rock\n|turn|8\n|\n|t:|1697456302\n|move|p2a: Koraidon|Outrage|p1a: Groudon|[from]lockedmove\n|-damage|p1a: Groudon|11\/100\n|-start|p2a: Koraidon|confusion|[fatigue]\n|move|p1a: Groudon|Precipice Blades|p2a: Koraidon\n|-damage|p2a: Koraidon|45\/100\n|\n|-weather|SunnyDay|[upkeep]\n|-status|p1a: Groudon|brn|[from] item: Flame Orb\n|upkeep\n|turn|9\n|\n|t:|1697456317\n|switch|p2a: Walking Wake|Walking Wake|100\/100\n|-activate|p2a: Walking Wake|ability: Protosynthesis\n|-start|p2a: Walking Wake|protosynthesisspe\n|move|p1a: Groudon|Precipice Blades|p2a: Walking Wake\n|-damage|p2a: Walking Wake|66\/100\n|\n|-weather|SunnyDay|[upkeep]\n|-damage|p1a: Groudon|5\/100 brn|[from] brn\n|upkeep\n|turn|10\n|\n|t:|1697456334\n|move|p2a: Walking Wake|Hydro Steam|p1a: Groudon\n|-supereffective|p1a: Groudon\n|-damage|p1a: Groudon|0 fnt\n|faint|p1a: Groudon\n|\n|-weather|none\n|-end|p2a: Walking Wake|Protosynthesis\n|upkeep\n|\n|t:|1697456343\n|switch|p1a: Meowscarada|Meowscarada, M, shiny|72\/100\n|-damage|p1a: Meowscarada|60\/100|[from] Stealth Rock\n|turn|11\n|\n|t:|1697456349\n|-end|p2a: Walking Wake|Protosynthesis|[silent]\n|switch|p2a: Koraidon|Koraidon|45\/100\n|-weather|SunnyDay|[from] ability: Orichalcum Pulse|[of] p2a: Koraidon\n|-activate|p2a: Koraidon|Orichalcum Pulse|[source]\n|move|p1a: Meowscarada|Grass Knot|p2a: Koraidon\n|-start|p1a: Meowscarada|typechange|Grass|[from] ability: Protean\n|-resisted|p2a: Koraidon\n|-damage|p2a: Koraidon|29\/100\n|\n|-weather|SunnyDay|[upkeep]\n|upkeep\n|turn|12\n|\n|t:|1697456363\n|move|p2a: Koraidon|Outrage|p1a: Meowscarada\n|-damage|p1a: Meowscarada|0 fnt\n|faint|p1a: Meowscarada\n|\n|-weather|SunnyDay|[upkeep]\n|upkeep\n|\n|t:|1697456371\n|switch|p1a: Skeledirge|Skeledirge, M, shiny|100\/100\n|-damage|p1a: Skeledirge|76\/100|[from] Stealth Rock\n|turn|13\n|\n|t:|1697456380\n|move|p2a: Koraidon|Outrage|p1a: Skeledirge|[from]lockedmove\n|-damage|p1a: Skeledirge|0 fnt\n|faint|p1a: Skeledirge\n|\n|win|Skwibbzz\n|raw|Frimal Kyogre's rating: 1040 &rarr; <strong>1024<\/strong><br \/>(-16 for losing)\n|raw|Skwibbzz's rating: 1040 &rarr; <strong>1074<\/strong><br \/>(+34 for winning)\n|c|\u2606Skwibbzz|gg\n|l|\u2606Frimal Kyogre\n","uploadtime":1697456394,"views":16,"p1id":"frimalkyogre","p2id":"skwibbzz","formatid":"gen9ubers","rating":1024,"private":0,"password":""}