{"id":"gen9ubers-1970418312","p1":"SilverSlime","p2":"Leo Justice","format":"[Gen 9] Ubers","log":"|j|\u2606SilverSlime\n|j|\u2606Leo Justice\n|t:|1697637353\n|gametype|singles\n|player|p1|SilverSlime|larry|\n|player|p2|Leo Justice|carmine|\n|teamsize|p1|6\n|teamsize|p2|6\n|gen|9\n|tier|[Gen 9] Ubers\n|rule|Sleep Clause Mod: Limit one foe put to sleep\n|rule|Species Clause: Limit one of each Pok\u00e9mon\n|rule|OHKO Clause: OHKO moves are banned\n|rule|Evasion Items Clause: Evasion items are banned\n|rule|Evasion Moves Clause: Evasion moves are banned\n|rule|Endless Battle Clause: Forcing endless battles is banned\n|rule|HP Percentage Mod: HP is shown in percentages\n|clearpoke\n|poke|p1|Palkia-Origin|\n|poke|p1|Dialga|\n|poke|p1|Alomomola, M|\n|poke|p1|Mandibuzz, F|\n|poke|p1|Palafin, F|\n|poke|p1|Blissey, F|\n|poke|p2|Hippowdon, M|\n|poke|p2|Houndstone, F|\n|poke|p2|Garchomp, M|\n|poke|p2|Garganacl, M|\n|poke|p2|Zamazenta-*|\n|poke|p2|Dialga|\n|teampreview\n|inactive|Battle timer is ON: inactive players will automatically lose when time's up. (requested by SilverSlime)\n|c|\u2606Leo Justice|Gl\n|c|\u2606SilverSlime|U2\n|\n|t:|1697637384\n|start\n|switch|p1a: Dialga|Dialga|100\/100\n|switch|p2a: Hippowdon|Hippowdon, M|100\/100\n|-ability|p1a: Dialga|Pressure\n|-weather|Sandstorm|[from] ability: Sand Stream|[of] p2a: Hippowdon\n|turn|1\n|\n|t:|1697637394\n|move|p1a: Dialga|Stealth Rock|p2a: Hippowdon\n|-sidestart|p2: Leo Justice|move: Stealth Rock\n|move|p2a: Hippowdon|Stealth Rock|p1a: Dialga\n|-sidestart|p1: SilverSlime|move: Stealth Rock\n|\n|-weather|Sandstorm|[upkeep]\n|upkeep\n|turn|2\n|\n|t:|1697637411\n|move|p1a: Dialga|Draco Meteor|p2a: Hippowdon\n|-damage|p2a: Hippowdon|18\/100\n|-unboost|p1a: Dialga|spa|2\n|-enditem|p1a: Dialga|Eject Pack\n|\n|t:|1697637416\n|switch|p1a: Mandibuzz|Mandibuzz, F|100\/100\n|move|p2a: Hippowdon|Earthquake|p1a: Mandibuzz\n|-immune|p1a: Mandibuzz\n|\n|-weather|Sandstorm|[upkeep]\n|-damage|p1a: Mandibuzz|94\/100|[from] Sandstorm\n|upkeep\n|turn|3\n|\n|t:|1697637428\n|switch|p2a: Garganacl|Garganacl, M|100\/100\n|-damage|p2a: Garganacl|88\/100|[from] Stealth Rock\n|move|p1a: Mandibuzz|Foul Play|p2a: Garganacl\n|-crit|p2a: Garganacl\n|-damage|p2a: Garganacl|55\/100\n|\n|-weather|Sandstorm|[upkeep]\n|-damage|p1a: Mandibuzz|88\/100|[from] Sandstorm\n|-heal|p2a: Garganacl|61\/100|[from] item: Leftovers\n|upkeep\n|turn|4\n|\n|t:|1697637437\n|move|p1a: Mandibuzz|Defog|p2a: Garganacl\n|-unboost|p2a: Garganacl|evasion|1\n|-sideend|p2: Leo Justice|Stealth Rock|[from] move: Defog|[of] p1a: Mandibuzz\n|-sideend|p1: SilverSlime|Stealth Rock|[from] move: Defog|[of] p1a: Mandibuzz\n|move|p2a: Garganacl|Salt Cure|p1a: Mandibuzz\n|-supereffective|p1a: Mandibuzz\n|-damage|p1a: Mandibuzz|71\/100\n|-start|p1a: Mandibuzz|Salt Cure\n|\n|-weather|Sandstorm|[upkeep]\n|-damage|p1a: Mandibuzz|65\/100|[from] Sandstorm\n|-heal|p2a: Garganacl|67\/100|[from] item: Leftovers\n|-damage|p1a: Mandibuzz|53\/100|[from] Salt Cure\n|upkeep\n|turn|5\n|\n|t:|1697637448\n|move|p1a: Mandibuzz|U-turn|p2a: Garganacl\n|-damage|p2a: Garganacl|59\/100\n|\n|t:|1697637450\n|switch|p1a: Palafin|Palafin, F|100\/100|[from] U-turn\n|move|p2a: Garganacl|Iron Defense|p2a: Garganacl\n|-boost|p2a: Garganacl|def|2\n|\n|-weather|Sandstorm|[upkeep]\n|-damage|p1a: Palafin|94\/100|[from] Sandstorm\n|-heal|p2a: Garganacl|66\/100|[from] item: Leftovers\n|upkeep\n|turn|6\n|\n|t:|1697637454\n|move|p1a: Palafin|Flip Turn|p2a: Garganacl\n|-supereffective|p2a: Garganacl\n|-damage|p2a: Garganacl|46\/100\n|c|\u2606Leo Justice|Fear me mortal\n|l|\u2606SilverSlime\n|inactive|SilverSlime disconnected and has 300 seconds to reconnect!\n|player|p1|\n|inactive|SilverSlime has 270 seconds to reconnect!\n|j|\u2606SilverSlime\n|inactive|SilverSlime reconnected and has 280 seconds left.\n|player|p1|SilverSlime|larry\n|c|\u2606SilverSlime|Connection issues, my bad\n|inactive|SilverSlime has 270 seconds left.\n|c|\u2606Leo Justice|tis okay\n|\n|t:|1697637538\n|detailschange|p1a: Palafin|Palafin-Hero, F\n|switch|p1a: Dialga|Dialga|100\/100|[from] Flip Turn\n|-ability|p1a: Dialga|Pressure\n|move|p2a: Garganacl|Salt Cure|p1a: Dialga\n|-resisted|p1a: Dialga\n|-damage|p1a: Dialga|94\/100\n|-start|p1a: Dialga|Salt Cure\n|\n|-weather|Sandstorm|[upkeep]\n|-heal|p2a: Garganacl|52\/100|[from] item: Leftovers\n|-damage|p1a: Dialga|69\/100|[from] Salt Cure\n|upkeep\n|turn|7\n|\n|t:|1697637550\n|switch|p2a: Dialga|Dialga|100\/100\n|-ability|p2a: Dialga|Pressure\n|move|p1a: Dialga|Draco Meteor|p2a: Dialga\n|-damage|p2a: Dialga|54\/100\n|-unboost|p1a: Dialga|spa|2\n|\n|-weather|Sandstorm|[upkeep]\n|-heal|p2a: Dialga|61\/100|[from] item: Leftovers\n|-damage|p1a: Dialga|44\/100|[from] Salt Cure\n|upkeep\n|turn|8\n|\n|t:|1697637561\n|switch|p1a: Blissey|Blissey, F|100\/100\n|move|p2a: Dialga|Thunder Wave|p1a: Blissey|[miss]\n|-miss|p2a: Dialga|p1a: Blissey\n|\n|-weather|none\n|-heal|p2a: Dialga|67\/100|[from] item: Leftovers\n|upkeep\n|turn|9\n|\n|t:|1697637574\n|switch|p2a: GarchUUmp|Garchomp, M, shiny|100\/100\n|move|p1a: Blissey|Seismic Toss|p2a: GarchUUmp\n|-damage|p2a: GarchUUmp|72\/100\n|\n|upkeep\n|turn|10\n|\n|t:|1697637583\n|switch|p1a: Alomomola|Alomomola, M|100\/100\n|move|p2a: GarchUUmp|Swords Dance|p2a: GarchUUmp\n|-boost|p2a: GarchUUmp|atk|2\n|\n|upkeep\n|turn|11\n|\n|t:|1697637607\n|move|p2a: GarchUUmp|Scale Shot|p1a: Alomomola\n|-damage|p1a: Alomomola|86\/100\n|-damage|p1a: Alomomola|73\/100\n|-damage|p1a: Alomomola|58\/100\n|-damage|p1a: Alomomola|43\/100\n|-damage|p1a: Alomomola|28\/100\n|-hitcount|p1a: Alomomola|5\n|-unboost|p2a: GarchUUmp|def|1\n|-boost|p2a: GarchUUmp|spe|1\n|move|p1a: Alomomola|Flip Turn|p2a: GarchUUmp\n|-damage|p2a: GarchUUmp|48\/100\n|\n|t:|1697637615\n|switch|p1a: Palafin|Palafin-Hero, F|94\/100|[from] Flip Turn\n|-activate|p1a: Palafin|ability: Zero to Hero\n|\n|upkeep\n|turn|12\n|\n|t:|1697637623\n|switch|p2a: Dialga|Dialga|67\/100\n|-ability|p2a: Dialga|Pressure\n|move|p1a: Palafin|Jet Punch|p2a: Dialga\n|-resisted|p2a: Dialga\n|-damage|p2a: Dialga|48\/100\n|\n|-heal|p2a: Dialga|54\/100|[from] item: Leftovers\n|upkeep\n|turn|13\n|\n|t:|1697637633\n|switch|p1a: Blissey|Blissey, F|100\/100\n|switch|p2a: Hippowdon|Hippowdon, M|18\/100\n|-weather|Sandstorm|[from] ability: Sand Stream|[of] p2a: Hippowdon\n|\n|-weather|Sandstorm|[upkeep]\n|-damage|p1a: Blissey|94\/100|[from] Sandstorm\n|-heal|p1a: Blissey|100\/100|[from] item: Leftovers\n|upkeep\n|turn|14\n|\n|t:|1697637639\n|switch|p1a: Alomomola|Alomomola, M|61\/100\n|switch|p2a: GarchUUmp|Garchomp, M, shiny|48\/100\n|\n|-weather|Sandstorm|[upkeep]\n|-damage|p1a: Alomomola|55\/100|[from] Sandstorm\n|upkeep\n|turn|15\n|\n|t:|1697637647\n|move|p2a: GarchUUmp|Earthquake|p1a: Alomomola\n|-damage|p1a: Alomomola|27\/100\n|move|p1a: Alomomola|Flip Turn|p2a: GarchUUmp\n|-damage|p2a: GarchUUmp|33\/100\n|\n|t:|1697637651\n|switch|p1a: Palkia|Palkia-Origin|100\/100|[from] Flip Turn\n|-ability|p1a: Palkia|Pressure\n|\n|-weather|Sandstorm|[upkeep]\n|-damage|p1a: Palkia|94\/100|[from] Sandstorm\n|upkeep\n|turn|16\n|c|\u2606SilverSlime|oh god it's sand veil\n|\n|t:|1697637669\n|move|p1a: Palkia|Ice Beam|p2a: GarchUUmp|[miss]\n|-miss|p1a: Palkia|p2a: GarchUUmp\n|move|p2a: GarchUUmp|Scale Shot|p1a: Palkia\n|-supereffective|p1a: Palkia\n|-damage|p1a: Palkia|66\/100\n|-supereffective|p1a: Palkia\n|-damage|p1a: Palkia|38\/100\n|-supereffective|p1a: Palkia\n|-damage|p1a: Palkia|11\/100\n|-supereffective|p1a: Palkia\n|-damage|p1a: Palkia|0 fnt\n|faint|p1a: Palkia\n|-hitcount|p1: Palkia|4\n|-unboost|p2a: GarchUUmp|def|1\n|-boost|p2a: GarchUUmp|spe|1\n|\n|-weather|Sandstorm|[upkeep]\n|upkeep\n|c|\u2606SilverSlime|OH GOD\n|\n|t:|1697637677\n|switch|p1a: Palafin|Palafin-Hero, F|94\/100\n|turn|17\n|c|\u2606Leo Justice|YES\n|c|\u2606Leo Justice|ITS NOT GARCHOVER\n|\n|t:|1697637688\n|switch|p2a: Dialga|Dialga|54\/100\n|-ability|p2a: Dialga|Pressure\n|move|p1a: Palafin|Flip Turn|p2a: Dialga\n|-resisted|p2a: Dialga\n|-damage|p2a: Dialga|36\/100\n|\n|t:|1697637699\n|switch|p1a: Blissey|Blissey, F|100\/100|[from] Flip Turn\n|\n|-weather|Sandstorm|[upkeep]\n|-damage|p1a: Blissey|94\/100|[from] Sandstorm\n|-heal|p2a: Dialga|42\/100|[from] item: Leftovers\n|-heal|p1a: Blissey|100\/100|[from] item: Leftovers\n|upkeep\n|turn|18\n|\n|t:|1697637711\n|switch|p2a: Garganacl|Garganacl, M|52\/100\n|switch|p1a: Palafin|Palafin-Hero, F|94\/100\n|\n|-weather|Sandstorm|[upkeep]\n|-damage|p1a: Palafin|88\/100|[from] Sandstorm\n|-heal|p2a: Garganacl|58\/100|[from] item: Leftovers\n|upkeep\n|turn|19\n|\n|t:|1697637718\n|-terastallize|p1a: Palafin|Water\n|-terastallize|p2a: Garganacl|Water\n|move|p1a: Palafin|Flip Turn|p2a: Garganacl\n|-resisted|p2a: Garganacl\n|-damage|p2a: Garganacl|31\/100\n|\n|t:|1697637727\n|switch|p1a: Mandibuzz|Mandibuzz, F|53\/100|[from] Flip Turn\n|move|p2a: Garganacl|Salt Cure|p1a: Mandibuzz\n|-supereffective|p1a: Mandibuzz\n|-damage|p1a: Mandibuzz|36\/100\n|-start|p1a: Mandibuzz|Salt Cure\n|\n|-weather|Sandstorm|[upkeep]\n|-damage|p1a: Mandibuzz|30\/100|[from] Sandstorm\n|-damage|p2a: Garganacl|25\/100|[from] Sandstorm\n|-heal|p2a: Garganacl|31\/100|[from] item: Leftovers\n|-damage|p1a: Mandibuzz|17\/100|[from] Salt Cure\n|upkeep\n|turn|20\n|\n|t:|1697637736\n|move|p1a: Mandibuzz|Roost|p1a: Mandibuzz\n|-heal|p1a: Mandibuzz|67\/100\n|-singleturn|p1a: Mandibuzz|move: Roost\n|move|p2a: Garganacl|Recover|p2a: Garganacl\n|-heal|p2a: Garganacl|81\/100\n|\n|-weather|none\n|-heal|p2a: Garganacl|88\/100|[from] item: Leftovers\n|-damage|p1a: Mandibuzz|55\/100|[from] Salt Cure\n|upkeep\n|turn|21\n|\n|t:|1697637742\n|switch|p1a: Dialga|Dialga|44\/100\n|-ability|p1a: Dialga|Pressure\n|move|p2a: Garganacl|Iron Defense|p2a: Garganacl\n|-boost|p2a: Garganacl|def|2\n|\n|-heal|p2a: Garganacl|94\/100|[from] item: Leftovers\n|upkeep\n|turn|22\n|\n|t:|1697637745\n|move|p1a: Dialga|Draco Meteor|p2a: Garganacl|[miss]\n|-miss|p1a: Dialga|p2a: Garganacl\n|move|p2a: Garganacl|Salt Cure|p1a: Dialga\n|-resisted|p1a: Dialga\n|-damage|p1a: Dialga|39\/100\n|-start|p1a: Dialga|Salt Cure\n|\n|-heal|p2a: Garganacl|99\/100|[from] item: Leftovers\n|-damage|p1a: Dialga|14\/100|[from] Salt Cure\n|upkeep\n|turn|23\n|\n|t:|1697637748\n|move|p1a: Dialga|Draco Meteor|p2a: Garganacl\n|-damage|p2a: Garganacl|48\/100\n|-unboost|p1a: Dialga|spa|2\n|move|p2a: Garganacl|Recover|p2a: Garganacl\n|-heal|p2a: Garganacl|98\/100\n|\n|-heal|p2a: Garganacl|100\/100|[from] item: Leftovers\n|-damage|p1a: Dialga|0 fnt|[from] Salt Cure\n|faint|p1a: Dialga\n|upkeep\n|c|\u2606SilverSlime|noo not the hax'\n|c|\u2606SilverSlime|:(\n|\n|t:|1697637762\n|switch|p1a: Alomomola|Alomomola, M|61\/100\n|turn|24\n|c|\u2606Leo Justice|Sorry\n|\n|t:|1697637769\n|move|p1a: Alomomola|Wish|p1a: Alomomola\n|move|p2a: Garganacl|Salt Cure|p1a: Alomomola\n|-damage|p1a: Alomomola|54\/100\n|-start|p1a: Alomomola|Salt Cure\n|\n|-damage|p1a: Alomomola|29\/100|[from] Salt Cure\n|upkeep\n|turn|25\n|\n|t:|1697637775\n|move|p1a: Alomomola|Scald|p2a: Garganacl\n|-resisted|p2a: Garganacl\n|-damage|p2a: Garganacl|96\/100\n|move|p2a: Garganacl|Body Press|p1a: Alomomola\n|-damage|p1a: Alomomola|5\/100\n|\n|-heal|p1a: Alomomola|55\/100|[from] move: Wish|[wisher] Alomomola\n|-heal|p2a: Garganacl|100\/100|[from] item: Leftovers\n|-damage|p1a: Alomomola|30\/100|[from] Salt Cure\n|upkeep\n|turn|26\n|\n|t:|1697637789\n|switch|p1a: Mandibuzz|Mandibuzz, F|55\/100\n|move|p2a: Garganacl|Iron Defense|p2a: Garganacl\n|-boost|p2a: Garganacl|def|2\n|\n|upkeep\n|turn|27\n|\n|t:|1697637797\n|move|p1a: Mandibuzz|Roost|p1a: Mandibuzz\n|-heal|p1a: Mandibuzz|100\/100\n|-singleturn|p1a: Mandibuzz|move: Roost\n|move|p2a: Garganacl|Salt Cure|p1a: Mandibuzz\n|-damage|p1a: Mandibuzz|93\/100\n|-start|p1a: Mandibuzz|Salt Cure\n|\n|-damage|p1a: Mandibuzz|80\/100|[from] Salt Cure\n|upkeep\n|turn|28\n|\n|t:|1697637803\n|switch|p1a: Alomomola|Alomomola, M|63\/100\n|move|p2a: Garganacl|Iron Defense|p2a: Garganacl\n|-boost|p2a: Garganacl|def|2\n|\n|upkeep\n|turn|29\n|\n|t:|1697637806\n|move|p1a: Alomomola|Scald|p2a: Garganacl\n|-resisted|p2a: Garganacl\n|-damage|p2a: Garganacl|96\/100\n|move|p2a: Garganacl|Salt Cure|p1a: Alomomola\n|-damage|p1a: Alomomola|57\/100\n|-start|p1a: Alomomola|Salt Cure\n|\n|-heal|p2a: Garganacl|100\/100|[from] item: Leftovers\n|-damage|p1a: Alomomola|32\/100|[from] Salt Cure\n|upkeep\n|turn|30\n|\n|t:|1697637812\n|move|p1a: Alomomola|Scald|p2a: Garganacl\n|-resisted|p2a: Garganacl\n|-damage|p2a: Garganacl|96\/100\n|move|p2a: Garganacl|Body Press|p1a: Alomomola\n|-damage|p1a: Alomomola|0 fnt\n|faint|p1a: Alomomola\n|\n|-heal|p2a: Garganacl|100\/100|[from] item: Leftovers\n|upkeep\n|\n|t:|1697637816\n|switch|p1a: Palafin|Palafin-Hero, F, tera:Water|88\/100\n|turn|31\n|c|\u2606SilverSlime|gg\n|\n|t:|1697637822\n|move|p1a: Palafin|Close Combat|p2a: Garganacl\n|-damage|p2a: Garganacl|88\/100\n|-unboost|p1a: Palafin|def|1\n|-unboost|p1a: Palafin|spd|1\n|move|p2a: Garganacl|Salt Cure|p1a: Palafin\n|-damage|p1a: Palafin|65\/100\n|-start|p1a: Palafin|Salt Cure\n|\n|-heal|p2a: Garganacl|94\/100|[from] item: Leftovers\n|-damage|p1a: Palafin|40\/100|[from] Salt Cure\n|upkeep\n|turn|32\n|-message|SilverSlime forfeited.\n|\n|win|Leo Justice\n|l|\u2606SilverSlime\n|c|\u2606Leo Justice|gg\n","uploadtime":1697637835,"views":15,"p1id":"silverslime","p2id":"leojustice","formatid":"gen9ubers","rating":0,"private":0,"password":""}