{"id":"gen9ubers-1977136014","p1":"Valt1","p2":"Jrmoore896","format":"[Gen 9] Ubers","log":"|j|\u2606Valt1\n|j|\u2606Jrmoore896\n|t:|1698375758\n|gametype|singles\n|player|p1|Valt1|ethan|1173\n|player|p2|Jrmoore896|lucas-gen4pt|1277\n|teamsize|p1|6\n|teamsize|p2|6\n|gen|9\n|tier|[Gen 9] Ubers\n|rated|\n|rule|Sleep Clause Mod: Limit one foe put to sleep\n|rule|Species Clause: Limit one of each Pok\u00e9mon\n|rule|OHKO Clause: OHKO moves are banned\n|rule|Evasion Items Clause: Evasion items are banned\n|rule|Evasion Moves Clause: Evasion moves are banned\n|rule|Endless Battle Clause: Forcing endless battles is banned\n|rule|HP Percentage Mod: HP is shown in percentages\n|clearpoke\n|poke|p1|Glimmora, F|\n|poke|p1|Espathra, M|\n|poke|p1|Kingambit, F|\n|poke|p1|Gogoat, M|\n|poke|p1|Avalugg, F|\n|poke|p1|Veluza, F|\n|poke|p2|Ninetales-Alola, M|\n|poke|p2|Baxcalibur, M|\n|poke|p2|Mienshao, M|\n|poke|p2|Chandelure, M|\n|poke|p2|Cinderace, M|\n|poke|p2|Clefable, M|\n|teampreview\n|inactive|Battle timer is ON: inactive players will automatically lose when time's up. (requested by Valt1)\n|\n|t:|1698375776\n|start\n|switch|p1a: Espathra|Espathra, M|100\/100\n|switch|p2a: Mienshao|Mienshao, M|100\/100\n|turn|1\n|\n|t:|1698375788\n|move|p2a: Mienshao|U-turn|p1a: Espathra\n|-supereffective|p1a: Espathra\n|-damage|p1a: Espathra|23\/100\n|\n|t:|1698375793\n|switch|p2a: Chandelure|Chandelure, M|100\/100|[from] U-turn\n|move|p1a: Espathra|Lumina Crash|p2a: Chandelure\n|-damage|p2a: Chandelure|46\/100\n|-unboost|p2a: Chandelure|spd|2\n|\n|-ability|p1a: Espathra|Speed Boost|boost\n|-boost|p1a: Espathra|spe|1\n|upkeep\n|turn|2\n|\n|t:|1698375805\n|move|p1a: Espathra|Lumina Crash|p2a: Chandelure\n|-damage|p2a: Chandelure|0 fnt\n|faint|p2a: Chandelure\n|\n|-ability|p1a: Espathra|Speed Boost|boost\n|-boost|p1a: Espathra|spe|1\n|upkeep\n|\n|t:|1698375813\n|switch|p2a: Ninetales|Ninetales-Alola, M|100\/100\n|-weather|Snow|[from] ability: Snow Warning|[of] p2a: Ninetales\n|turn|3\n|\n|t:|1698375823\n|move|p1a: Espathra|Lumina Crash|p2a: Ninetales\n|-damage|p2a: Ninetales|62\/100\n|-unboost|p2a: Ninetales|spd|2\n|move|p2a: Ninetales|Disable|p1a: Espathra\n|-start|p1a: Espathra|Disable|Lumina Crash\n|\n|-weather|Snow|[upkeep]\n|-ability|p1a: Espathra|Speed Boost|boost\n|-boost|p1a: Espathra|spe|1\n|upkeep\n|turn|4\n|\n|t:|1698375841\n|switch|p1a: Avalugg|Avalugg, F|100\/100\n|move|p2a: Ninetales|Aurora Veil|p2a: Ninetales\n|-sidestart|p2: Jrmoore896|move: Aurora Veil\n|\n|-weather|Snow|[upkeep]\n|upkeep\n|turn|5\n|\n|t:|1698375853\n|switch|p2a: Cinderace|Cinderace, M|100\/100\n|move|p1a: Avalugg|Curse|p1a: Avalugg\n|-unboost|p1a: Avalugg|spe|1\n|-boost|p1a: Avalugg|atk|1\n|-boost|p1a: Avalugg|def|1\n|\n|-weather|Snow|[upkeep]\n|upkeep\n|turn|6\n|\n|t:|1698375862\n|move|p2a: Cinderace|Will-O-Wisp|p1a: Avalugg\n|-status|p1a: Avalugg|brn\n|move|p1a: Avalugg|Aurora Veil|p1a: Avalugg\n|-sidestart|p1: Valt1|move: Aurora Veil\n|\n|-weather|Snow|[upkeep]\n|-damage|p1a: Avalugg|94\/100 brn|[from] brn\n|upkeep\n|turn|7\n|\n|t:|1698375876\n|move|p2a: Cinderace|U-turn|p1a: Avalugg\n|-start|p2a: Cinderace|typechange|Bug|[from] ability: Libero\n|-damage|p1a: Avalugg|91\/100 brn\n|\n|t:|1698375880\n|switch|p2a: Clefable|Clefable, M|100\/100|[from] U-turn\n|move|p1a: Avalugg|Curse|p1a: Avalugg\n|-unboost|p1a: Avalugg|spe|1\n|-boost|p1a: Avalugg|atk|1\n|-boost|p1a: Avalugg|def|1\n|\n|-weather|none\n|-damage|p1a: Avalugg|85\/100 brn|[from] brn\n|upkeep\n|turn|8\n|\n|t:|1698375897\n|switch|p1a: Veluza|Veluza, F|100\/100\n|-ability|p1a: Veluza|Mold Breaker\n|move|p2a: Clefable|Cosmic Power|p2a: Clefable\n|-boost|p2a: Clefable|def|1\n|-boost|p2a: Clefable|spd|1\n|\n|upkeep\n|turn|9\n|\n|t:|1698375907\n|switch|p2a: Mienshao|Mienshao, M|100\/100\n|move|p1a: Veluza|Fillet Away|p1a: Veluza\n|-boost|p1a: Veluza|atk|2\n|-boost|p1a: Veluza|spa|2\n|-boost|p1a: Veluza|spe|2\n|-damage|p1a: Veluza|51\/100\n|\n|upkeep\n|turn|10\n|\n|t:|1698375919\n|move|p1a: Veluza|Stored Power|p2a: Mienshao\n|-supereffective|p2a: Mienshao\n|-damage|p2a: Mienshao|0 fnt\n|faint|p2a: Mienshao\n|\n|-sideend|p1: Valt1|move: Aurora Veil\n|upkeep\n|\n|t:|1698375933\n|switch|p2a: Baxcalibur|Baxcalibur, M, shiny|100\/100\n|turn|11\n|\n|t:|1698375941\n|move|p1a: Veluza|Stored Power|p2a: Baxcalibur\n|-damage|p2a: Baxcalibur|46\/100\n|move|p2a: Baxcalibur|Scale Shot|p1a: Veluza\n|-damage|p1a: Veluza|32\/100\n|-enditem|p1a: Veluza|Sitrus Berry|[eat]\n|-heal|p1a: Veluza|57\/100|[from] item: Sitrus Berry\n|-damage|p1a: Veluza|37\/100\n|-damage|p1a: Veluza|18\/100\n|-damage|p1a: Veluza|0 fnt\n|faint|p1a: Veluza\n|-hitcount|p1: Veluza|4\n|-unboost|p2a: Baxcalibur|def|1\n|-boost|p2a: Baxcalibur|spe|1\n|\n|-sideend|p2: Jrmoore896|move: Aurora Veil\n|upkeep\n|\n|t:|1698375960\n|switch|p1a: Espathra|Espathra, M|23\/100\n|turn|12\n|\n|t:|1698375966\n|-terastallize|p1a: Espathra|Fairy\n|move|p1a: Espathra|Dazzling Gleam|p2a: Baxcalibur\n|-supereffective|p2a: Baxcalibur\n|-damage|p2a: Baxcalibur|0 fnt\n|faint|p2a: Baxcalibur\n|\n|-ability|p1a: Espathra|Speed Boost|boost\n|-boost|p1a: Espathra|spe|1\n|upkeep\n|\n|t:|1698375977\n|switch|p2a: Ninetales|Ninetales-Alola, M|62\/100\n|-weather|Snow|[from] ability: Snow Warning|[of] p2a: Ninetales\n|turn|13\n|\n|t:|1698375983\n|switch|p1a: Glimmora|Glimmora, F|100\/100\n|move|p2a: Ninetales|Aurora Veil|p2a: Ninetales\n|-sidestart|p2: Jrmoore896|move: Aurora Veil\n|\n|-weather|Snow|[upkeep]\n|upkeep\n|turn|14\n|\n|t:|1698375991\n|move|p2a: Ninetales|Freeze-Dry|p1a: Glimmora\n|-damage|p1a: Glimmora|78\/100\n|move|p1a: Glimmora|Stealth Rock|p2a: Ninetales\n|-sidestart|p2: Jrmoore896|move: Stealth Rock\n|\n|-weather|Snow|[upkeep]\n|upkeep\n|turn|15\n|\n|t:|1698375999\n|move|p2a: Ninetales|Encore|p1a: Glimmora\n|-start|p1a: Glimmora|Encore\n|move|p1a: Glimmora|Stealth Rock||[still]\n|-fail|p1a: Glimmora\n|\n|-weather|Snow|[upkeep]\n|upkeep\n|turn|16\n|\n|t:|1698376009\n|switch|p2a: Clefable|Clefable, M|100\/100\n|-damage|p2a: Clefable|88\/100|[from] Stealth Rock\n|switch|p1a: Espathra|Espathra, M, tera:Fairy|23\/100\n|\n|-weather|Snow|[upkeep]\n|-heal|p2a: Clefable|94\/100|[from] item: Leftovers\n|upkeep\n|turn|17\n|\n|t:|1698376021\n|move|p1a: Espathra|Lumina Crash|p2a: Clefable\n|-damage|p2a: Clefable|78\/100\n|-unboost|p2a: Clefable|spd|2\n|move|p2a: Clefable|Night Shade|p1a: Espathra\n|-damage|p1a: Espathra|0 fnt\n|faint|p1a: Espathra\n|\n|-weather|none\n|-heal|p2a: Clefable|84\/100|[from] item: Leftovers\n|upkeep\n|\n|t:|1698376034\n|switch|p1a: Glimmora|Glimmora, F|78\/100\n|turn|18\n|\n|t:|1698376042\n|switch|p2a: Cinderace|Cinderace, M|100\/100\n|move|p1a: Glimmora|Mortal Spin|p2a: Cinderace\n|-damage|p2a: Cinderace|97\/100\n|-status|p2a: Cinderace|psn\n|\n|-damage|p2a: Cinderace|85\/100 psn|[from] psn\n|upkeep\n|turn|19\n|\n|t:|1698376057\n|switch|p2a: Clefable|Clefable, M|84\/100\n|-damage|p2a: Clefable|72\/100|[from] Stealth Rock\n|move|p1a: Glimmora|Earth Power|p2a: Clefable\n|-damage|p2a: Clefable|61\/100\n|\n|-heal|p2a: Clefable|67\/100|[from] item: Leftovers\n|upkeep\n|turn|20\n|\n|t:|1698376071\n|switch|p2a: Cinderace|Cinderace, M|85\/100 psn\n|move|p1a: Glimmora|Mortal Spin|p2a: Cinderace\n|-damage|p2a: Cinderace|80\/100 psn\n|\n|-damage|p2a: Cinderace|68\/100 psn|[from] psn\n|-sideend|p2: Jrmoore896|move: Aurora Veil\n|upkeep\n|turn|21\n|\n|t:|1698376082\n|move|p2a: Cinderace|Court Change|p2a: Cinderace\n|-start|p2a: Cinderace|typechange|Normal|[from] ability: Libero\n|-swapsideconditions\n|-activate|p2a: Cinderace|move: Court Change\n|move|p1a: Glimmora|Mortal Spin|p2a: Cinderace\n|-damage|p2a: Cinderace|60\/100 psn\n|-sideend|p1: Valt1|Stealth Rock|[from] move: Mortal Spin|[of] p1a: Glimmora\n|\n|-damage|p2a: Cinderace|47\/100 psn|[from] psn\n|upkeep\n|turn|22\n|\n|t:|1698376095\n|move|p2a: Cinderace|Will-O-Wisp|p1a: Glimmora\n|-status|p1a: Glimmora|brn\n|move|p1a: Glimmora|Spikes|p2a: Cinderace\n|-sidestart|p2: Jrmoore896|Spikes\n|\n|-damage|p2a: Cinderace|35\/100 psn|[from] psn\n|-damage|p1a: Glimmora|71\/100 brn|[from] brn\n|upkeep\n|turn|23\n|\n|t:|1698376108\n|move|p2a: Cinderace|Court Change|p2a: Cinderace\n|-swapsideconditions\n|-activate|p2a: Cinderace|move: Court Change\n|move|p1a: Glimmora|Stealth Rock|p2a: Cinderace\n|-sidestart|p2: Jrmoore896|move: Stealth Rock\n|\n|-damage|p2a: Cinderace|23\/100 psn|[from] psn\n|-damage|p1a: Glimmora|65\/100 brn|[from] brn\n|upkeep\n|turn|24\n|\n|t:|1698376116\n|move|p2a: Cinderace|Court Change|p2a: Cinderace\n|-swapsideconditions\n|-activate|p2a: Cinderace|move: Court Change\n|move|p1a: Glimmora|Mortal Spin|p2a: Cinderace\n|-damage|p2a: Cinderace|19\/100 psn\n|-sideend|p1: Valt1|Stealth Rock|[from] move: Mortal Spin|[of] p1a: Glimmora\n|\n|-damage|p2a: Cinderace|7\/100 psn|[from] psn\n|-damage|p1a: Glimmora|59\/100 brn|[from] brn\n|upkeep\n|turn|25\n|\n|t:|1698376128\n|move|p2a: Cinderace|Court Change|p2a: Cinderace\n|-swapsideconditions\n|-activate|p2a: Cinderace|move: Court Change\n|move|p1a: Glimmora|Stealth Rock|p2a: Cinderace\n|-sidestart|p2: Jrmoore896|move: Stealth Rock\n|\n|-damage|p2a: Cinderace|0 fnt|[from] psn\n|faint|p2a: Cinderace\n|-damage|p1a: Glimmora|53\/100 brn|[from] brn\n|upkeep\n|\n|t:|1698376138\n|switch|p2a: Ninetales|Ninetales-Alola, M|62\/100\n|-damage|p2a: Ninetales|38\/100|[from] Stealth Rock\n|-weather|Snow|[from] ability: Snow Warning|[of] p2a: Ninetales\n|turn|26\n|\n|t:|1698376146\n|move|p2a: Ninetales|Aurora Veil|p2a: Ninetales\n|-sidestart|p2: Jrmoore896|move: Aurora Veil\n|move|p1a: Glimmora|Mortal Spin|p2a: Ninetales\n|-supereffective|p2a: Ninetales\n|-damage|p2a: Ninetales|35\/100\n|-status|p2a: Ninetales|psn\n|-sideend|p1: Valt1|Spikes|[from] move: Mortal Spin|[of] p1a: Glimmora\n|\n|-weather|Snow|[upkeep]\n|-damage|p2a: Ninetales|23\/100 psn|[from] psn\n|-damage|p1a: Glimmora|46\/100 brn|[from] brn\n|upkeep\n|turn|27\n|\n|t:|1698376156\n|move|p2a: Ninetales|Freeze-Dry|p1a: Glimmora\n|-damage|p1a: Glimmora|20\/100 brn\n|move|p1a: Glimmora|Spikes|p2a: Ninetales\n|-sidestart|p2: Jrmoore896|Spikes\n|\n|-weather|Snow|[upkeep]\n|-damage|p2a: Ninetales|10\/100 psn|[from] psn\n|-damage|p1a: Glimmora|13\/100 brn|[from] brn\n|upkeep\n|turn|28\n|\n|t:|1698376166\n|switch|p2a: Clefable|Clefable, M|67\/100\n|-damage|p2a: Clefable|55\/100|[from] Stealth Rock\n|-damage|p2a: Clefable|42\/100|[from] Spikes\n|move|p1a: Glimmora|Spikes|p2a: Clefable\n|-sidestart|p2: Jrmoore896|Spikes\n|\n|-weather|Snow|[upkeep]\n|-heal|p2a: Clefable|48\/100|[from] item: Leftovers\n|-damage|p1a: Glimmora|7\/100 brn|[from] brn\n|upkeep\n|turn|29\n|\n|t:|1698376177\n|move|p1a: Glimmora|Mortal Spin|p2a: Clefable\n|-supereffective|p2a: Clefable\n|-damage|p2a: Clefable|46\/100\n|-status|p2a: Clefable|psn\n|move|p2a: Clefable|Cosmic Power|p2a: Clefable\n|-boost|p2a: Clefable|def|1\n|-boost|p2a: Clefable|spd|1\n|\n|-weather|Snow|[upkeep]\n|-heal|p2a: Clefable|52\/100 psn|[from] item: Leftovers\n|-damage|p2a: Clefable|40\/100 psn|[from] psn\n|-damage|p1a: Glimmora|1\/100 brn|[from] brn\n|upkeep\n|turn|30\n|\n|t:|1698376191\n|move|p1a: Glimmora|Spikes|p2a: Clefable\n|-sidestart|p2: Jrmoore896|Spikes\n|move|p2a: Clefable|Cosmic Power|p2a: Clefable\n|-boost|p2a: Clefable|def|1\n|-boost|p2a: Clefable|spd|1\n|\n|-weather|none\n|-heal|p2a: Clefable|46\/100 psn|[from] item: Leftovers\n|-damage|p2a: Clefable|33\/100 psn|[from] psn\n|-damage|p1a: Glimmora|0 fnt|[from] brn\n|faint|p1a: Glimmora\n|upkeep\n|\n|t:|1698376203\n|switch|p1a: Kingambit|Kingambit, F|100\/100\n|-activate|p1a: Kingambit|ability: Supreme Overlord\n|-start|p1a: Kingambit|fallen3|[silent]\n|turn|31\n|\n|t:|1698376216\n|-terastallize|p2a: Clefable|Water\n|move|p1a: Kingambit|Swords Dance|p1a: Kingambit\n|-boost|p1a: Kingambit|atk|2\n|move|p2a: Clefable|Rest|p2a: Clefable\n|-status|p2a: Clefable|slp|[from] move: Rest\n|-heal|p2a: Clefable|100\/100 slp|[silent]\n|\n|upkeep\n|turn|32\n|\n|t:|1698376226\n|move|p1a: Kingambit|Swords Dance|p1a: Kingambit\n|-boost|p1a: Kingambit|atk|2\n|cant|p2a: Clefable|slp\n|\n|upkeep\n|turn|33\n|\n|t:|1698376233\n|move|p1a: Kingambit|Swords Dance|p1a: Kingambit\n|-boost|p1a: Kingambit|atk|2\n|cant|p2a: Clefable|slp\n|\n|-sideend|p2: Jrmoore896|move: Aurora Veil\n|upkeep\n|turn|34\n|\n|t:|1698376240\n|move|p1a: Kingambit|Kowtow Cleave|p2a: Clefable\n|-damage|p2a: Clefable|73\/100 slp\n|-curestatus|p2a: Clefable|slp|[msg]\n|move|p2a: Clefable|Cosmic Power|p2a: Clefable\n|-boost|p2a: Clefable|def|1\n|-boost|p2a: Clefable|spd|1\n|\n|-heal|p2a: Clefable|79\/100|[from] item: Leftovers\n|upkeep\n|turn|35\n|\n|t:|1698376256\n|move|p1a: Kingambit|Substitute|p1a: Kingambit\n|-start|p1a: Kingambit|Substitute\n|-damage|p1a: Kingambit|76\/100\n|move|p2a: Clefable|Cosmic Power|p2a: Clefable\n|-boost|p2a: Clefable|def|1\n|-boost|p2a: Clefable|spd|1\n|\n|-heal|p1a: Kingambit|82\/100|[from] item: Leftovers\n|-heal|p2a: Clefable|85\/100|[from] item: Leftovers\n|upkeep\n|turn|36\n|\n|t:|1698376266\n|move|p1a: Kingambit|Kowtow Cleave|p2a: Clefable\n|-damage|p2a: Clefable|68\/100\n|move|p2a: Clefable|Cosmic Power|p2a: Clefable\n|-boost|p2a: Clefable|def|1\n|-boost|p2a: Clefable|spd|1\n|\n|-heal|p1a: Kingambit|88\/100|[from] item: Leftovers\n|-heal|p2a: Clefable|74\/100|[from] item: Leftovers\n|upkeep\n|turn|37\n|\n|t:|1698376277\n|move|p1a: Kingambit|Kowtow Cleave|p2a: Clefable\n|-damage|p2a: Clefable|59\/100\n|move|p2a: Clefable|Cosmic Power|p2a: Clefable\n|-boost|p2a: Clefable|def|1\n|-boost|p2a: Clefable|spd|1\n|\n|-heal|p1a: Kingambit|94\/100|[from] item: Leftovers\n|-heal|p2a: Clefable|65\/100|[from] item: Leftovers\n|upkeep\n|turn|38\n|\n|t:|1698376288\n|move|p1a: Kingambit|Kowtow Cleave|p2a: Clefable\n|-damage|p2a: Clefable|53\/100\n|move|p2a: Clefable|Night Shade|p1a: Kingambit\n|-end|p1a: Kingambit|Substitute\n|\n|-heal|p1a: Kingambit|99\/100|[from] item: Leftovers\n|-heal|p2a: Clefable|59\/100|[from] item: Leftovers\n|upkeep\n|turn|39\n|\n|t:|1698376299\n|move|p1a: Kingambit|Kowtow Cleave|p2a: Clefable\n|-damage|p2a: Clefable|45\/100\n|move|p2a: Clefable|Night Shade|p1a: Kingambit\n|-damage|p1a: Kingambit|72\/100\n|\n|-heal|p1a: Kingambit|78\/100|[from] item: Leftovers\n|-heal|p2a: Clefable|52\/100|[from] item: Leftovers\n|upkeep\n|turn|40\n|\n|t:|1698376309\n|move|p1a: Kingambit|Kowtow Cleave|p2a: Clefable\n|-damage|p2a: Clefable|37\/100\n|move|p2a: Clefable|Night Shade|p1a: Kingambit\n|-damage|p1a: Kingambit|51\/100\n|\n|-heal|p1a: Kingambit|57\/100|[from] item: Leftovers\n|-heal|p2a: Clefable|43\/100|[from] item: Leftovers\n|upkeep\n|turn|41\n|\n|t:|1698376319\n|move|p1a: Kingambit|Kowtow Cleave|p2a: Clefable\n|-damage|p2a: Clefable|29\/100\n|move|p2a: Clefable|Rest|p2a: Clefable\n|-status|p2a: Clefable|slp|[from] move: Rest\n|-heal|p2a: Clefable|100\/100 slp|[silent]\n|\n|-heal|p1a: Kingambit|63\/100|[from] item: Leftovers\n|upkeep\n|turn|42\n|\n|t:|1698376332\n|-end|p1a: Kingambit|fallen3|[silent]\n|switch|p1a: Gogoat|Gogoat, M|100\/100\n|cant|p2a: Clefable|slp\n|\n|upkeep\n|turn|43\n|\n|t:|1698376342\n|move|p1a: Gogoat|Bulk Up|p1a: Gogoat\n|-boost|p1a: Gogoat|atk|1\n|-boost|p1a: Gogoat|def|1\n|cant|p2a: Clefable|slp\n|\n|upkeep\n|turn|44\n|\n|t:|1698376349\n|move|p1a: Gogoat|Bulk Up|p1a: Gogoat\n|-boost|p1a: Gogoat|atk|1\n|-boost|p1a: Gogoat|def|1\n|-curestatus|p2a: Clefable|slp|[msg]\n|move|p2a: Clefable|Stored Power|p1a: Gogoat\n|-damage|p1a: Gogoat|64\/100\n|\n|-heal|p1a: Gogoat|71\/100|[from] item: Leftovers\n|upkeep\n|turn|45\n|\n|t:|1698376359\n|move|p1a: Gogoat|Horn Leech|p2a: Clefable\n|-supereffective|p2a: Clefable\n|-damage|p2a: Clefable|89\/100\n|-heal|p1a: Gogoat|76\/100|[from] drain|[of] p2a: Clefable\n|move|p2a: Clefable|Stored Power|p1a: Gogoat\n|-damage|p1a: Gogoat|37\/100\n|\n|-heal|p1a: Gogoat|43\/100|[from] item: Leftovers\n|-heal|p2a: Clefable|95\/100|[from] item: Leftovers\n|upkeep\n|turn|46\n|\n|t:|1698376371\n|move|p1a: Gogoat|Synthesis|p1a: Gogoat\n|-heal|p1a: Gogoat|93\/100\n|move|p2a: Clefable|Stored Power|p1a: Gogoat\n|-damage|p1a: Gogoat|58\/100\n|\n|-heal|p1a: Gogoat|64\/100|[from] item: Leftovers\n|-heal|p2a: Clefable|100\/100|[from] item: Leftovers\n|upkeep\n|turn|47\n|\n|t:|1698376380\n|move|p1a: Gogoat|Horn Leech|p2a: Clefable\n|-supereffective|p2a: Clefable\n|-damage|p2a: Clefable|88\/100\n|-heal|p1a: Gogoat|69\/100|[from] drain|[of] p2a: Clefable\n|move|p2a: Clefable|Stored Power|p1a: Gogoat\n|-damage|p1a: Gogoat|31\/100\n|\n|-heal|p1a: Gogoat|37\/100|[from] item: Leftovers\n|-heal|p2a: Clefable|94\/100|[from] item: Leftovers\n|upkeep\n|turn|48\n|\n|t:|1698376392\n|move|p1a: Gogoat|Synthesis|p1a: Gogoat\n|-heal|p1a: Gogoat|87\/100\n|move|p2a: Clefable|Stored Power|p1a: Gogoat\n|-damage|p1a: Gogoat|49\/100\n|\n|-heal|p1a: Gogoat|56\/100|[from] item: Leftovers\n|-heal|p2a: Clefable|100\/100|[from] item: Leftovers\n|upkeep\n|turn|49\n|\n|t:|1698376401\n|move|p1a: Gogoat|Horn Leech|p2a: Clefable\n|-supereffective|p2a: Clefable\n|-damage|p2a: Clefable|90\/100\n|-heal|p1a: Gogoat|60\/100|[from] drain|[of] p2a: Clefable\n|move|p2a: Clefable|Stored Power|p1a: Gogoat\n|-crit|p1a: Gogoat\n|-damage|p1a: Gogoat|5\/100\n|\n|-heal|p1a: Gogoat|11\/100|[from] item: Leftovers\n|-heal|p2a: Clefable|96\/100|[from] item: Leftovers\n|upkeep\n|turn|50\n|\n|t:|1698376413\n|move|p1a: Gogoat|Synthesis|p1a: Gogoat\n|-heal|p1a: Gogoat|61\/100\n|move|p2a: Clefable|Stored Power|p1a: Gogoat\n|-damage|p1a: Gogoat|29\/100\n|\n|-heal|p1a: Gogoat|35\/100|[from] item: Leftovers\n|-heal|p2a: Clefable|100\/100|[from] item: Leftovers\n|upkeep\n|turn|51\n|\n|t:|1698376423\n|move|p1a: Gogoat|Synthesis|p1a: Gogoat\n|-heal|p1a: Gogoat|85\/100\n|move|p2a: Clefable|Stored Power|p1a: Gogoat\n|-damage|p1a: Gogoat|49\/100\n|\n|-heal|p1a: Gogoat|56\/100|[from] item: Leftovers\n|upkeep\n|turn|52\n|\n|t:|1698376431\n|move|p1a: Gogoat|Horn Leech|p2a: Clefable\n|-supereffective|p2a: Clefable\n|-damage|p2a: Clefable|88\/100\n|-heal|p1a: Gogoat|61\/100|[from] drain|[of] p2a: Clefable\n|move|p2a: Clefable|Stored Power|p1a: Gogoat\n|-damage|p1a: Gogoat|24\/100\n|\n|-heal|p1a: Gogoat|30\/100|[from] item: Leftovers\n|-heal|p2a: Clefable|94\/100|[from] item: Leftovers\n|upkeep\n|turn|53\n|\n|t:|1698376443\n|move|p1a: Gogoat|Synthesis|p1a: Gogoat\n|-heal|p1a: Gogoat|80\/100\n|move|p2a: Clefable|Stored Power|p1a: Gogoat\n|-damage|p1a: Gogoat|46\/100\n|\n|-heal|p1a: Gogoat|52\/100|[from] item: Leftovers\n|-heal|p2a: Clefable|100\/100|[from] item: Leftovers\n|upkeep\n|turn|54\n|\n|t:|1698376453\n|move|p1a: Gogoat|Horn Leech|p2a: Clefable\n|-supereffective|p2a: Clefable\n|-damage|p2a: Clefable|89\/100\n|-heal|p1a: Gogoat|57\/100|[from] drain|[of] p2a: Clefable\n|move|p2a: Clefable|Night Shade|p1a: Gogoat\n|-damage|p1a: Gogoat|35\/100\n|\n|-heal|p1a: Gogoat|41\/100|[from] item: Leftovers\n|-heal|p2a: Clefable|95\/100|[from] item: Leftovers\n|upkeep\n|turn|55\n|\n|t:|1698376465\n|move|p1a: Gogoat|Synthesis|p1a: Gogoat\n|-heal|p1a: Gogoat|91\/100\n|move|p2a: Clefable|Night Shade|p1a: Gogoat\n|-damage|p1a: Gogoat|69\/100\n|\n|-heal|p1a: Gogoat|75\/100|[from] item: Leftovers\n|-heal|p2a: Clefable|100\/100|[from] item: Leftovers\n|upkeep\n|turn|56\n|\n|t:|1698376474\n|move|p1a: Gogoat|Horn Leech|p2a: Clefable\n|-supereffective|p2a: Clefable\n|-damage|p2a: Clefable|90\/100\n|-heal|p1a: Gogoat|80\/100|[from] drain|[of] p2a: Clefable\n|move|p2a: Clefable|Stored Power|p1a: Gogoat\n|-damage|p1a: Gogoat|43\/100\n|\n|-heal|p1a: Gogoat|49\/100|[from] item: Leftovers\n|-heal|p2a: Clefable|96\/100|[from] item: Leftovers\n|upkeep\n|turn|57\n|\n|t:|1698376490\n|move|p1a: Gogoat|Horn Leech|p2a: Clefable\n|-supereffective|p2a: Clefable\n|-damage|p2a: Clefable|85\/100\n|-heal|p1a: Gogoat|54\/100|[from] drain|[of] p2a: Clefable\n|move|p2a: Clefable|Night Shade|p1a: Gogoat\n|-damage|p1a: Gogoat|31\/100\n|\n|-heal|p1a: Gogoat|37\/100|[from] item: Leftovers\n|-heal|p2a: Clefable|91\/100|[from] item: Leftovers\n|upkeep\n|turn|58\n|\n|t:|1698376502\n|move|p1a: Gogoat|Synthesis|p1a: Gogoat\n|-heal|p1a: Gogoat|87\/100\n|move|p2a: Clefable|Night Shade|p1a: Gogoat\n|-damage|p1a: Gogoat|65\/100\n|\n|-heal|p1a: Gogoat|71\/100|[from] item: Leftovers\n|-heal|p2a: Clefable|97\/100|[from] item: Leftovers\n|upkeep\n|turn|59\n|\n|t:|1698376511\n|move|p1a: Gogoat|Horn Leech|p2a: Clefable\n|-supereffective|p2a: Clefable\n|-damage|p2a: Clefable|85\/100\n|-heal|p1a: Gogoat|77\/100|[from] drain|[of] p2a: Clefable\n|move|p2a: Clefable|Stored Power|p1a: Gogoat\n|-damage|p1a: Gogoat|42\/100\n|\n|-heal|p1a: Gogoat|49\/100|[from] item: Leftovers\n|-heal|p2a: Clefable|91\/100|[from] item: Leftovers\n|upkeep\n|turn|60\n|\n|t:|1698376523\n|move|p1a: Gogoat|Horn Leech|p2a: Clefable\n|-supereffective|p2a: Clefable\n|-damage|p2a: Clefable|79\/100\n|-heal|p1a: Gogoat|54\/100|[from] drain|[of] p2a: Clefable\n|move|p2a: Clefable|Night Shade|p1a: Gogoat\n|-damage|p1a: Gogoat|32\/100\n|\n|-heal|p1a: Gogoat|38\/100|[from] item: Leftovers\n|-heal|p2a: Clefable|85\/100|[from] item: Leftovers\n|upkeep\n|turn|61\n|\n|t:|1698376535\n|move|p1a: Gogoat|Synthesis|p1a: Gogoat\n|-heal|p1a: Gogoat|88\/100\n|move|p2a: Clefable|Stored Power|p1a: Gogoat\n|-crit|p1a: Gogoat\n|-damage|p1a: Gogoat|37\/100\n|\n|-heal|p1a: Gogoat|43\/100|[from] item: Leftovers\n|-heal|p2a: Clefable|91\/100|[from] item: Leftovers\n|upkeep\n|turn|62\n|\n|t:|1698376545\n|move|p1a: Gogoat|Horn Leech|p2a: Clefable\n|-supereffective|p2a: Clefable\n|-damage|p2a: Clefable|80\/100\n|-heal|p1a: Gogoat|48\/100|[from] drain|[of] p2a: Clefable\n|move|p2a: Clefable|Night Shade|p1a: Gogoat\n|-damage|p1a: Gogoat|26\/100\n|\n|-heal|p1a: Gogoat|32\/100|[from] item: Leftovers\n|-heal|p2a: Clefable|86\/100|[from] item: Leftovers\n|upkeep\n|turn|63\n|\n|t:|1698376556\n|move|p1a: Gogoat|Horn Leech|p2a: Clefable\n|-supereffective|p2a: Clefable\n|-damage|p2a: Clefable|74\/100\n|-heal|p1a: Gogoat|38\/100|[from] drain|[of] p2a: Clefable\n|move|p2a: Clefable|Stored Power|p1a: Gogoat\n|-crit|p1a: Gogoat\n|-damage|p1a: Gogoat|0 fnt\n|faint|p1a: Gogoat\n|\n|-heal|p2a: Clefable|80\/100|[from] item: Leftovers\n|upkeep\n|\n|t:|1698376568\n|switch|p1a: Avalugg|Avalugg, F|85\/100 brn\n|turn|64\n|\n|t:|1698376578\n|move|p2a: Clefable|Stored Power|p1a: Avalugg\n|-damage|p1a: Avalugg|28\/100 brn\n|move|p1a: Avalugg|Recover|p1a: Avalugg\n|-heal|p1a: Avalugg|78\/100 brn\n|\n|-heal|p2a: Clefable|86\/100|[from] item: Leftovers\n|-damage|p1a: Avalugg|72\/100 brn|[from] brn\n|upkeep\n|turn|65\n|\n|t:|1698376590\n|move|p2a: Clefable|Cosmic Power|p2a: Clefable\n|-boost|p2a: Clefable|def|0\n|-boost|p2a: Clefable|spd|0\n|move|p1a: Avalugg|Recover|p1a: Avalugg\n|-heal|p1a: Avalugg|100\/100 brn\n|\n|-heal|p2a: Clefable|92\/100|[from] item: Leftovers\n|-damage|p1a: Avalugg|94\/100 brn|[from] brn\n|upkeep\n|turn|66\n|\n|t:|1698376601\n|move|p2a: Clefable|Cosmic Power|p2a: Clefable\n|-boost|p2a: Clefable|def|0\n|-boost|p2a: Clefable|spd|0\n|move|p1a: Avalugg|Curse|p1a: Avalugg\n|-unboost|p1a: Avalugg|spe|1\n|-boost|p1a: Avalugg|atk|1\n|-boost|p1a: Avalugg|def|1\n|\n|-heal|p2a: Clefable|98\/100|[from] item: Leftovers\n|-damage|p1a: Avalugg|88\/100 brn|[from] brn\n|upkeep\n|turn|67\n|\n|t:|1698376613\n|move|p2a: Clefable|Cosmic Power|p2a: Clefable\n|-boost|p2a: Clefable|def|0\n|-boost|p2a: Clefable|spd|0\n|move|p1a: Avalugg|Curse|p1a: Avalugg\n|-unboost|p1a: Avalugg|spe|1\n|-boost|p1a: Avalugg|atk|1\n|-boost|p1a: Avalugg|def|1\n|\n|-heal|p2a: Clefable|100\/100|[from] item: Leftovers\n|-damage|p1a: Avalugg|82\/100 brn|[from] brn\n|upkeep\n|turn|68\n|\n|t:|1698376624\n|move|p2a: Clefable|Cosmic Power|p2a: Clefable\n|-boost|p2a: Clefable|def|0\n|-boost|p2a: Clefable|spd|0\n|move|p1a: Avalugg|Curse|p1a: Avalugg\n|-unboost|p1a: Avalugg|spe|1\n|-boost|p1a: Avalugg|atk|1\n|-boost|p1a: Avalugg|def|1\n|\n|-damage|p1a: Avalugg|76\/100 brn|[from] brn\n|upkeep\n|turn|69\n|\n|t:|1698376634\n|move|p2a: Clefable|Cosmic Power|p2a: Clefable\n|-boost|p2a: Clefable|def|0\n|-boost|p2a: Clefable|spd|0\n|move|p1a: Avalugg|Curse|p1a: Avalugg\n|-unboost|p1a: Avalugg|spe|1\n|-boost|p1a: Avalugg|atk|1\n|-boost|p1a: Avalugg|def|1\n|\n|-damage|p1a: Avalugg|70\/100 brn|[from] brn\n|upkeep\n|turn|70\n|\n|t:|1698376645\n|move|p2a: Clefable|Cosmic Power|p2a: Clefable\n|-boost|p2a: Clefable|def|0\n|-boost|p2a: Clefable|spd|0\n|move|p1a: Avalugg|Curse|p1a: Avalugg\n|-unboost|p1a: Avalugg|spe|1\n|-boost|p1a: Avalugg|atk|1\n|-boost|p1a: Avalugg|def|1\n|\n|-damage|p1a: Avalugg|64\/100 brn|[from] brn\n|upkeep\n|turn|71\n|\n|t:|1698376656\n|move|p2a: Clefable|Cosmic Power|p2a: Clefable\n|-boost|p2a: Clefable|def|0\n|-boost|p2a: Clefable|spd|0\n|move|p1a: Avalugg|Recover|p1a: Avalugg\n|-heal|p1a: Avalugg|100\/100 brn\n|\n|-damage|p1a: Avalugg|94\/100 brn|[from] brn\n|upkeep\n|turn|72\n|\n|t:|1698376665\n|move|p2a: Clefable|Cosmic Power|p2a: Clefable\n|-boost|p2a: Clefable|def|0\n|-boost|p2a: Clefable|spd|0\n|move|p1a: Avalugg|Curse|p1a: Avalugg\n|-unboost|p1a: Avalugg|spe|1\n|-boost|p1a: Avalugg|atk|1\n|-boost|p1a: Avalugg|def|1\n|\n|-damage|p1a: Avalugg|88\/100 brn|[from] brn\n|upkeep\n|turn|73\n|\n|t:|1698376675\n|move|p2a: Clefable|Cosmic Power|p2a: Clefable\n|-boost|p2a: Clefable|def|0\n|-boost|p2a: Clefable|spd|0\n|move|p1a: Avalugg|Body Press|p2a: Clefable\n|-damage|p2a: Clefable|97\/100\n|\n|-heal|p2a: Clefable|100\/100|[from] item: Leftovers\n|-damage|p1a: Avalugg|82\/100 brn|[from] brn\n|upkeep\n|turn|74\n|\n|t:|1698376686\n|move|p2a: Clefable|Cosmic Power|p2a: Clefable\n|-boost|p2a: Clefable|def|0\n|-boost|p2a: Clefable|spd|0\n|move|p1a: Avalugg|Body Press|p2a: Clefable\n|-damage|p2a: Clefable|97\/100\n|\n|-heal|p2a: Clefable|100\/100|[from] item: Leftovers\n|-damage|p1a: Avalugg|76\/100 brn|[from] brn\n|upkeep\n|turn|75\n|\n|t:|1698376696\n|move|p2a: Clefable|Cosmic Power|p2a: Clefable\n|-boost|p2a: Clefable|def|0\n|-boost|p2a: Clefable|spd|0\n|move|p1a: Avalugg|Body Press|p2a: Clefable\n|-damage|p2a: Clefable|97\/100\n|\n|-heal|p2a: Clefable|100\/100|[from] item: Leftovers\n|-damage|p1a: Avalugg|70\/100 brn|[from] brn\n|upkeep\n|turn|76\n|\n|t:|1698376707\n|move|p2a: Clefable|Cosmic Power|p2a: Clefable\n|-boost|p2a: Clefable|def|0\n|-boost|p2a: Clefable|spd|0\n|move|p1a: Avalugg|Body Press|p2a: Clefable\n|-damage|p2a: Clefable|97\/100\n|\n|-heal|p2a: Clefable|100\/100|[from] item: Leftovers\n|-damage|p1a: Avalugg|64\/100 brn|[from] brn\n|upkeep\n|turn|77\n|\n|t:|1698376718\n|move|p2a: Clefable|Cosmic Power|p2a: Clefable\n|-boost|p2a: Clefable|def|0\n|-boost|p2a: Clefable|spd|0\n|move|p1a: Avalugg|Recover|p1a: Avalugg\n|-heal|p1a: Avalugg|100\/100 brn\n|\n|-damage|p1a: Avalugg|94\/100 brn|[from] brn\n|upkeep\n|turn|78\n|\n|t:|1698376727\n|move|p2a: Clefable|Cosmic Power|p2a: Clefable\n|-boost|p2a: Clefable|def|0\n|-boost|p2a: Clefable|spd|0\n|move|p1a: Avalugg|Body Press|p2a: Clefable\n|-damage|p2a: Clefable|97\/100\n|\n|-heal|p2a: Clefable|100\/100|[from] item: Leftovers\n|-damage|p1a: Avalugg|88\/100 brn|[from] brn\n|upkeep\n|turn|79\n|\n|t:|1698376737\n|move|p2a: Clefable|Cosmic Power|p2a: Clefable\n|-boost|p2a: Clefable|def|0\n|-boost|p2a: Clefable|spd|0\n|move|p1a: Avalugg|Body Press|p2a: Clefable\n|-damage|p2a: Clefable|97\/100\n|\n|-heal|p2a: Clefable|100\/100|[from] item: Leftovers\n|-damage|p1a: Avalugg|82\/100 brn|[from] brn\n|upkeep\n|turn|80\n|\n|t:|1698376748\n|move|p2a: Clefable|Cosmic Power|p2a: Clefable\n|-boost|p2a: Clefable|def|0\n|-boost|p2a: Clefable|spd|0\n|move|p1a: Avalugg|Body Press|p2a: Clefable\n|-damage|p2a: Clefable|97\/100\n|\n|-heal|p2a: Clefable|100\/100|[from] item: Leftovers\n|-damage|p1a: Avalugg|76\/100 brn|[from] brn\n|upkeep\n|turn|81\n|\n|t:|1698376759\n|move|p2a: Clefable|Cosmic Power|p2a: Clefable\n|-boost|p2a: Clefable|def|0\n|-boost|p2a: Clefable|spd|0\n|move|p1a: Avalugg|Body Press|p2a: Clefable\n|-crit|p2a: Clefable\n|-damage|p2a: Clefable|80\/100\n|\n|-heal|p2a: Clefable|87\/100|[from] item: Leftovers\n|-damage|p1a: Avalugg|70\/100 brn|[from] brn\n|upkeep\n|turn|82\n|\n|t:|1698376769\n|move|p2a: Clefable|Rest|p2a: Clefable\n|-status|p2a: Clefable|slp|[from] move: Rest\n|-heal|p2a: Clefable|100\/100 slp|[silent]\n|move|p1a: Avalugg|Body Press|p2a: Clefable\n|-crit|p2a: Clefable\n|-damage|p2a: Clefable|81\/100 slp\n|\n|-heal|p2a: Clefable|87\/100 slp|[from] item: Leftovers\n|-damage|p1a: Avalugg|64\/100 brn|[from] brn\n|upkeep\n|turn|83\n|\n|t:|1698376782\n|cant|p2a: Clefable|slp\n|move|p1a: Avalugg|Body Press|p2a: Clefable\n|-damage|p2a: Clefable|84\/100 slp\n|\n|-heal|p2a: Clefable|90\/100 slp|[from] item: Leftovers\n|-damage|p1a: Avalugg|58\/100 brn|[from] brn\n|upkeep\n|turn|84\n|\n|t:|1698376791\n|cant|p2a: Clefable|slp\n|move|p1a: Avalugg|Body Press|p2a: Clefable\n|-damage|p2a: Clefable|86\/100 slp\n|\n|-heal|p2a: Clefable|92\/100 slp|[from] item: Leftovers\n|-damage|p1a: Avalugg|52\/100 brn|[from] brn\n|upkeep\n|turn|85\n|\n|t:|1698376801\n|-curestatus|p2a: Clefable|slp|[msg]\n|move|p2a: Clefable|Cosmic Power|p2a: Clefable\n|-boost|p2a: Clefable|def|0\n|-boost|p2a: Clefable|spd|0\n|move|p1a: Avalugg|Recover|p1a: Avalugg\n|-heal|p1a: Avalugg|100\/100 brn\n|\n|-heal|p2a: Clefable|98\/100|[from] item: Leftovers\n|-damage|p1a: Avalugg|94\/100 brn|[from] brn\n|upkeep\n|turn|86\n|\n|t:|1698376813\n|move|p2a: Clefable|Rest|p2a: Clefable\n|-status|p2a: Clefable|slp|[from] move: Rest\n|-heal|p2a: Clefable|100\/100 slp|[silent]\n|move|p1a: Avalugg|Body Press|p2a: Clefable\n|-damage|p2a: Clefable|97\/100 slp\n|\n|-heal|p2a: Clefable|100\/100 slp|[from] item: Leftovers\n|-damage|p1a: Avalugg|88\/100 brn|[from] brn\n|upkeep\n|turn|87\n|\n|t:|1698376825\n|cant|p2a: Clefable|slp\n|move|p1a: Avalugg|Body Press|p2a: Clefable\n|-damage|p2a: Clefable|97\/100 slp\n|\n|-heal|p2a: Clefable|100\/100 slp|[from] item: Leftovers\n|-damage|p1a: Avalugg|82\/100 brn|[from] brn\n|upkeep\n|turn|88\n|\n|t:|1698376834\n|cant|p2a: Clefable|slp\n|move|p1a: Avalugg|Body Press|p2a: Clefable\n|-damage|p2a: Clefable|97\/100 slp\n|\n|-heal|p2a: Clefable|100\/100 slp|[from] item: Leftovers\n|-damage|p1a: Avalugg|76\/100 brn|[from] brn\n|upkeep\n|turn|89\n|\n|t:|1698376844\n|-curestatus|p2a: Clefable|slp|[msg]\n|move|p2a: Clefable|Cosmic Power|p2a: Clefable\n|-boost|p2a: Clefable|def|0\n|-boost|p2a: Clefable|spd|0\n|move|p1a: Avalugg|Body Press|p2a: Clefable\n|-damage|p2a: Clefable|97\/100\n|\n|-heal|p2a: Clefable|100\/100|[from] item: Leftovers\n|-damage|p1a: Avalugg|70\/100 brn|[from] brn\n|upkeep\n|turn|90\n|\n|t:|1698376856\n|move|p2a: Clefable|Cosmic Power|p2a: Clefable\n|-boost|p2a: Clefable|def|0\n|-boost|p2a: Clefable|spd|0\n|move|p1a: Avalugg|Body Press|p2a: Clefable\n|-damage|p2a: Clefable|97\/100\n|\n|-heal|p2a: Clefable|100\/100|[from] item: Leftovers\n|-damage|p1a: Avalugg|64\/100 brn|[from] brn\n|upkeep\n|turn|91\n|\n|t:|1698376867\n|move|p2a: Clefable|Cosmic Power|p2a: Clefable\n|-boost|p2a: Clefable|def|0\n|-boost|p2a: Clefable|spd|0\n|move|p1a: Avalugg|Curse|p1a: Avalugg\n|\n|-damage|p1a: Avalugg|58\/100 brn|[from] brn\n|upkeep\n|turn|92\n|\n|t:|1698376875\n|move|p2a: Clefable|Cosmic Power|p2a: Clefable\n|-boost|p2a: Clefable|def|0\n|-boost|p2a: Clefable|spd|0\n|move|p1a: Avalugg|Curse|p1a: Avalugg\n|\n|-damage|p1a: Avalugg|52\/100 brn|[from] brn\n|upkeep\n|turn|93\n|\n|t:|1698376884\n|move|p2a: Clefable|Cosmic Power|p2a: Clefable\n|-boost|p2a: Clefable|def|0\n|-boost|p2a: Clefable|spd|0\n|move|p1a: Avalugg|Curse|p1a: Avalugg\n|\n|-damage|p1a: Avalugg|46\/100 brn|[from] brn\n|upkeep\n|turn|94\n|\n|t:|1698376896\n|move|p2a: Clefable|Stored Power|p1a: Avalugg\n|-damage|p1a: Avalugg|0 fnt\n|faint|p1a: Avalugg\n|\n|upkeep\n|\n|t:|1698376901\n|switch|p1a: Kingambit|Kingambit, F|63\/100\n|-activate|p1a: Kingambit|ability: Supreme Overlord\n|-start|p1a: Kingambit|fallen5|[silent]\n|turn|95\n|\n|t:|1698376907\n|move|p1a: Kingambit|Substitute|p1a: Kingambit\n|-start|p1a: Kingambit|Substitute\n|-damage|p1a: Kingambit|38\/100\n|move|p2a: Clefable|Night Shade|p1a: Kingambit\n|-end|p1a: Kingambit|Substitute\n|\n|-heal|p1a: Kingambit|44\/100|[from] item: Leftovers\n|upkeep\n|turn|96\n|\n|t:|1698376920\n|move|p1a: Kingambit|Iron Head|p2a: Clefable\n|-resisted|p2a: Clefable\n|-damage|p2a: Clefable|93\/100\n|cant|p2a: Clefable|flinch\n|\n|-heal|p1a: Kingambit|50\/100|[from] item: Leftovers\n|-heal|p2a: Clefable|99\/100|[from] item: Leftovers\n|upkeep\n|turn|97\n|\n|t:|1698376930\n|move|p1a: Kingambit|Iron Head|p2a: Clefable\n|-resisted|p2a: Clefable\n|-damage|p2a: Clefable|91\/100\n|cant|p2a: Clefable|flinch\n|\n|-heal|p1a: Kingambit|56\/100|[from] item: Leftovers\n|-heal|p2a: Clefable|97\/100|[from] item: Leftovers\n|upkeep\n|turn|98\n|\n|t:|1698376939\n|move|p1a: Kingambit|Iron Head|p2a: Clefable\n|-resisted|p2a: Clefable\n|-damage|p2a: Clefable|90\/100\n|cant|p2a: Clefable|flinch\n|\n|-heal|p1a: Kingambit|62\/100|[from] item: Leftovers\n|-heal|p2a: Clefable|96\/100|[from] item: Leftovers\n|upkeep\n|turn|99\n|\n|t:|1698376948\n|move|p1a: Kingambit|Iron Head|p2a: Clefable\n|-resisted|p2a: Clefable\n|-damage|p2a: Clefable|89\/100\n|move|p2a: Clefable|Night Shade|p1a: Kingambit\n|-damage|p1a: Kingambit|35\/100\n|\n|-heal|p1a: Kingambit|41\/100|[from] item: Leftovers\n|-heal|p2a: Clefable|95\/100|[from] item: Leftovers\n|upkeep\n|turn|100\n|\n|t:|1698376958\n|move|p1a: Kingambit|Iron Head|p2a: Clefable\n|-resisted|p2a: Clefable\n|-damage|p2a: Clefable|88\/100\n|cant|p2a: Clefable|flinch\n|\n|-heal|p1a: Kingambit|47\/100|[from] item: Leftovers\n|-heal|p2a: Clefable|94\/100|[from] item: Leftovers\n|upkeep\n|turn|101\n|\n|t:|1698376967\n|move|p1a: Kingambit|Iron Head|p2a: Clefable\n|-resisted|p2a: Clefable\n|-damage|p2a: Clefable|86\/100\n|move|p2a: Clefable|Night Shade|p1a: Kingambit\n|-damage|p1a: Kingambit|20\/100\n|\n|-heal|p1a: Kingambit|26\/100|[from] item: Leftovers\n|-heal|p2a: Clefable|92\/100|[from] item: Leftovers\n|upkeep\n|turn|102\n|\n|t:|1698376977\n|move|p1a: Kingambit|Iron Head|p2a: Clefable\n|-resisted|p2a: Clefable\n|-damage|p2a: Clefable|84\/100\n|cant|p2a: Clefable|flinch\n|\n|-heal|p1a: Kingambit|32\/100|[from] item: Leftovers\n|-heal|p2a: Clefable|90\/100|[from] item: Leftovers\n|upkeep\n|turn|103\n|\n|t:|1698376986\n|move|p1a: Kingambit|Iron Head|p2a: Clefable\n|-resisted|p2a: Clefable\n|-damage|p2a: Clefable|82\/100\n|cant|p2a: Clefable|flinch\n|\n|-heal|p1a: Kingambit|38\/100|[from] item: Leftovers\n|-heal|p2a: Clefable|88\/100|[from] item: Leftovers\n|upkeep\n|turn|104\n|\n|t:|1698376995\n|move|p1a: Kingambit|Iron Head|p2a: Clefable\n|-resisted|p2a: Clefable\n|-damage|p2a: Clefable|81\/100\n|cant|p2a: Clefable|flinch\n|\n|-heal|p1a: Kingambit|44\/100|[from] item: Leftovers\n|-heal|p2a: Clefable|87\/100|[from] item: Leftovers\n|upkeep\n|turn|105\n|\n|t:|1698377004\n|move|p1a: Kingambit|Iron Head|p2a: Clefable\n|-resisted|p2a: Clefable\n|-damage|p2a: Clefable|80\/100\n|move|p2a: Clefable|Night Shade|p1a: Kingambit\n|-damage|p1a: Kingambit|17\/100\n|\n|-heal|p1a: Kingambit|23\/100|[from] item: Leftovers\n|-heal|p2a: Clefable|86\/100|[from] item: Leftovers\n|upkeep\n|turn|106\n|\n|t:|1698377014\n|move|p1a: Kingambit|Iron Head|p2a: Clefable\n|-resisted|p2a: Clefable\n|-damage|p2a: Clefable|78\/100\n|move|p2a: Clefable|Night Shade|p1a: Kingambit\n|-damage|p1a: Kingambit|0 fnt\n|faint|p1a: Kingambit\n|-end|p1a: Kingambit|fallen5|[silent]\n|\n|win|Jrmoore896\n|raw|Valt1's rating: 1173 &rarr; <strong>1155<\/strong><br \/>(-18 for losing)\n|raw|Jrmoore896's rating: 1277 &rarr; <strong>1295<\/strong><br \/>(+18 for winning)\n","uploadtime":1698377024,"views":8,"p1id":"valt1","p2id":"jrmoore896","formatid":"gen9ubers","rating":1155,"private":0,"password":""}