{"id":"gen9ubers-1979605408","p1":"Knychala","p2":"AlastorTheOverLord","format":"[Gen 9] Ubers","log":"|j|\u2606Knychala\n|j|\u2606AlastorTheOverLord\n|t:|1698696052\n|gametype|singles\n|player|p1|Knychala|266|1016\n|player|p2|AlastorTheOverLord|n|1000\n|teamsize|p1|6\n|teamsize|p2|6\n|gen|9\n|tier|[Gen 9] Ubers\n|rated|\n|rule|Sleep Clause Mod: Limit one foe put to sleep\n|rule|Species Clause: Limit one of each Pok\u00e9mon\n|rule|OHKO Clause: OHKO moves are banned\n|rule|Evasion Items Clause: Evasion items are banned\n|rule|Evasion Moves Clause: Evasion moves are banned\n|rule|Endless Battle Clause: Forcing endless battles is banned\n|rule|HP Percentage Mod: HP is shown in percentages\n|clearpoke\n|poke|p1|Annihilape, F|\n|poke|p1|Chien-Pao|\n|poke|p1|Maushold|\n|poke|p1|Tauros-Paldea-Blaze, M|\n|poke|p1|Palafin, M|\n|poke|p1|Ribombee, F|\n|poke|p2|Skeledirge, M|\n|poke|p2|Garganacl, M|\n|poke|p2|Lokix, M|\n|poke|p2|Scream Tail|\n|poke|p2|Noivern, M|\n|poke|p2|Chien-Pao|\n|teampreview\n|\n|t:|1698696073\n|start\n|switch|p1a: Palafin|Palafin, M, shiny|100\/100\n|switch|p2a: Chien-Pao|Chien-Pao|100\/100\n|-ability|p2a: Chien-Pao|Sword of Ruin\n|turn|1\n|\n|t:|1698696094\n|move|p2a: Chien-Pao|Throat Chop|p1a: Palafin\n|-damage|p1a: Palafin|2\/100\n|-start|p1a: Palafin|Throat Chop|[silent]\n|move|p1a: Palafin|Flip Turn|p2a: Chien-Pao\n|-damage|p2a: Chien-Pao|50\/100\n|\n|t:|1698696103\n|detailschange|p1a: Palafin|Palafin-Hero, M, shiny\n|switch|p1a: Tauros|Tauros-Paldea-Blaze, M|100\/100|[from] Flip Turn\n|\n|upkeep\n|turn|2\n|\n|t:|1698696115\n|move|p2a: Chien-Pao|Throat Chop|p1a: Tauros\n|-resisted|p1a: Tauros\n|-damage|p1a: Tauros|55\/100\n|-start|p1a: Tauros|Throat Chop|[silent]\n|move|p1a: Tauros|Raging Bull|p2a: Chien-Pao\n|-supereffective|p2a: Chien-Pao\n|-damage|p2a: Chien-Pao|0 fnt\n|faint|p2a: Chien-Pao\n|\n|upkeep\n|\n|t:|1698696156\n|switch|p2a: Noivern|Noivern, M|100\/100\n|turn|3\n|\n|t:|1698696167\n|move|p2a: Noivern|Boomburst|p1a: Tauros\n|-damage|p1a: Tauros|0 fnt\n|faint|p1a: Tauros\n|-enditem|p2a: Noivern|Throat Spray\n|-boost|p2a: Noivern|spa|1|[from] item: Throat Spray\n|\n|upkeep\n|\n|t:|1698696177\n|switch|p1a: Maushold|Maushold, shiny|100\/100\n|turn|4\n|\n|t:|1698696188\n|-terastallize|p2a: Noivern|Normal\n|move|p2a: Noivern|Boomburst|p1a: Maushold\n|-damage|p1a: Maushold|0 fnt\n|faint|p1a: Maushold\n|\n|upkeep\n|\n|t:|1698696196\n|switch|p1a: Ribombee|Ribombee, F, shiny|100\/100\n|turn|5\n|\n|t:|1698696202\n|move|p2a: Noivern|Boomburst|p1a: Ribombee\n|-damage|p1a: Ribombee|0 fnt\n|faint|p1a: Ribombee\n|\n|upkeep\n|\n|t:|1698696207\n|switch|p1a: Palafin|Palafin-Hero, M, shiny|2\/100\n|-activate|p1a: Palafin|ability: Zero to Hero\n|turn|6\n|\n|t:|1698696214\n|move|p2a: Noivern|Boomburst|p1a: Palafin\n|-damage|p1a: Palafin|0 fnt\n|faint|p1a: Palafin\n|\n|upkeep\n|\n|t:|1698696220\n|switch|p1a: Annihilape|Annihilape, F, shiny|100\/100\n|turn|7\n|\n|t:|1698696231\n|move|p2a: Noivern|Air Slash|p1a: Annihilape\n|-supereffective|p1a: Annihilape\n|-damage|p1a: Annihilape|43\/100\n|cant|p1a: Annihilape|flinch\n|\n|-heal|p1a: Annihilape|50\/100|[from] item: Leftovers\n|upkeep\n|turn|8\n|\n|t:|1698696239\n|move|p2a: Noivern|Air Slash|p1a: Annihilape|[miss]\n|-miss|p2a: Noivern|p1a: Annihilape\n|move|p1a: Annihilape|Rage Fist|p2a: Noivern\n|-immune|p2a: Noivern\n|\n|-heal|p1a: Annihilape|56\/100|[from] item: Leftovers\n|upkeep\n|turn|9\n|\n|t:|1698696251\n|move|p2a: Noivern|Air Slash|p1a: Annihilape\n|-supereffective|p1a: Annihilape\n|-damage|p1a: Annihilape|0 fnt\n|faint|p1a: Annihilape\n|\n|upkeep\n|\n|t:|1698696257\n|switch|p1a: Chien-Pao|Chien-Pao|100\/100\n|-ability|p1a: Chien-Pao|Sword of Ruin\n|turn|10\n|\n|t:|1698696265\n|move|p1a: Chien-Pao|Ice Spinner|p2a: Noivern\n|-damage|p2a: Noivern|29\/100\n|move|p2a: Noivern|Boomburst|p1a: Chien-Pao\n|-damage|p1a: Chien-Pao|0 fnt\n|faint|p1a: Chien-Pao\n|\n|win|AlastorTheOverLord\n|raw|Knychala's rating: 1016 &rarr; <strong>1003<\/strong><br \/>(-13 for losing)\n|raw|AlastorTheOverLord's rating: 1000 &rarr; <strong>1042<\/strong><br \/>(+42 for winning)\n","uploadtime":1698696272,"views":8,"p1id":"knychala","p2id":"alastortheoverlord","formatid":"gen9ubers","rating":1003,"private":0,"password":""}