{"id":"gen9ubers-1980935804","p1":"AlicieLizzie","p2":"Laprasrules12","format":"[Gen 9] Ubers","log":"|j|\u2606AlicieLizzie\n|j|\u2606Laprasrules12\n|t:|1698850398\n|gametype|singles\n|player|p1|AlicieLizzie|marnie-masters3|\n|player|p2|Laprasrules12|lusamine-nihilego|\n|teamsize|p1|6\n|teamsize|p2|6\n|gen|9\n|tier|[Gen 9] Ubers\n|rule|Sleep Clause Mod: Limit one foe put to sleep\n|rule|Species Clause: Limit one of each Pok\u00e9mon\n|rule|OHKO Clause: OHKO moves are banned\n|rule|Evasion Items Clause: Evasion items are banned\n|rule|Evasion Moves Clause: Evasion moves are banned\n|rule|Endless Battle Clause: Forcing endless battles is banned\n|rule|HP Percentage Mod: HP is shown in percentages\n|clearpoke\n|poke|p1|Baxcalibur, F|\n|poke|p1|Ninetales-Alola, M|\n|poke|p1|Arceus-Ghost|\n|poke|p1|Espathra, F|\n|poke|p1|Kommo-o, F|\n|poke|p1|Cyclizar, M|\n|poke|p2|Ninetales-Alola, F|\n|poke|p2|Baxcalibur, M|\n|poke|p2|Magearna-Original|\n|poke|p2|Espathra, M|\n|poke|p2|Arceus-Poison|\n|poke|p2|Chi-Yu|\n|teampreview\n|inactive|Battle timer is ON: inactive players will automatically lose when time's up. (requested by AlicieLizzie)\n|inactive|Laprasrules12 also wants the timer to be on.\n|c|\u2606AlicieLizzie|I hath brought thine emu\n|\n|t:|1698850413\n|start\n|switch|p1a: Nine Inch Tails|Ninetales-Alola, M|100\/100\n|switch|p2a: Snowfall|Ninetales-Alola, F, shiny|100\/100\n|-weather|Snow|[from] ability: Snow Warning|[of] p2a: Snowfall\n|turn|1\n|inactive|Laprasrules12 has 270 seconds left.\n|\n|t:|1698850451\n|move|p2a: Snowfall|Aurora Veil|p2a: Snowfall\n|-sidestart|p2: Laprasrules12|move: Aurora Veil\n|move|p1a: Nine Inch Tails|Aurora Veil|p1a: Nine Inch Tails\n|-sidestart|p1: AlicieLizzie|move: Aurora Veil\n|\n|-weather|Snow|[upkeep]\n|upkeep\n|turn|2\n|\n|t:|1698850457\n|switch|p1a: Pathwood Mac|Espathra, F|100\/100\n|move|p2a: Snowfall|Encore||[still]\n|-fail|p2a: Snowfall\n|\n|-weather|Snow|[upkeep]\n|upkeep\n|turn|3\n|\n|t:|1698850464\n|move|p2a: Snowfall|Encore||[still]\n|-fail|p2a: Snowfall\n|move|p1a: Pathwood Mac|Calm Mind|p1a: Pathwood Mac\n|-boost|p1a: Pathwood Mac|spa|1\n|-boost|p1a: Pathwood Mac|spd|1\n|\n|-weather|Snow|[upkeep]\n|-ability|p1a: Pathwood Mac|Speed Boost|boost\n|-boost|p1a: Pathwood Mac|spe|1\n|upkeep\n|turn|4\n|\n|t:|1698850466\n|move|p1a: Pathwood Mac|Protect|p1a: Pathwood Mac\n|-singleturn|p1a: Pathwood Mac|Protect\n|move|p2a: Snowfall|Encore|p1a: Pathwood Mac\n|-activate|p1a: Pathwood Mac|move: Protect\n|\n|-weather|Snow|[upkeep]\n|-ability|p1a: Pathwood Mac|Speed Boost|boost\n|-boost|p1a: Pathwood Mac|spe|1\n|upkeep\n|turn|5\n|\n|t:|1698850471\n|move|p1a: Pathwood Mac|Stored Power|p2a: Snowfall\n|-damage|p2a: Snowfall|66\/100\n|move|p2a: Snowfall|Encore|p1a: Pathwood Mac\n|-start|p1a: Pathwood Mac|Encore\n|\n|-weather|none\n|-ability|p1a: Pathwood Mac|Speed Boost|boost\n|-boost|p1a: Pathwood Mac|spe|1\n|upkeep\n|turn|6\n|\n|t:|1698850478\n|switch|p2a: Goldfish|Chi-Yu|100\/100\n|-ability|p2a: Goldfish|Beads of Ruin\n|move|p1a: Pathwood Mac|Stored Power|p2a: Goldfish\n|-immune|p2a: Goldfish\n|\n|-ability|p1a: Pathwood Mac|Speed Boost|boost\n|-boost|p1a: Pathwood Mac|spe|1\n|upkeep\n|turn|7\n|\n|t:|1698850488\n|move|p1a: Pathwood Mac|Stored Power|p2a: Goldfish\n|-immune|p2a: Goldfish\n|move|p2a: Goldfish|Flame Charge|p1a: Pathwood Mac\n|-damage|p1a: Pathwood Mac|91\/100\n|-boost|p2a: Goldfish|spe|1\n|\n|-heal|p1a: Pathwood Mac|97\/100|[from] item: Leftovers\n|-ability|p1a: Pathwood Mac|Speed Boost|boost\n|-boost|p1a: Pathwood Mac|spe|1\n|upkeep\n|turn|8\n|\n|t:|1698850496\n|move|p1a: Pathwood Mac|Stored Power|p2a: Goldfish\n|-immune|p2a: Goldfish\n|move|p2a: Goldfish|Nasty Plot|p2a: Goldfish\n|-boost|p2a: Goldfish|spa|2\n|\n|-heal|p1a: Pathwood Mac|100\/100|[from] item: Leftovers\n|-end|p1a: Pathwood Mac|Encore\n|-sideend|p2: Laprasrules12|move: Aurora Veil\n|-sideend|p1: AlicieLizzie|move: Aurora Veil\n|-ability|p1a: Pathwood Mac|Speed Boost|boost\n|-boost|p1a: Pathwood Mac|spe|1\n|upkeep\n|turn|9\n|\n|t:|1698850498\n|-terastallize|p1a: Pathwood Mac|Fighting\n|move|p1a: Pathwood Mac|Tera Blast|p2a: Goldfish|[anim] Tera Blast Fighting\n|-supereffective|p2a: Goldfish\n|-damage|p2a: Goldfish|0 fnt\n|faint|p2a: Goldfish\n|\n|upkeep\n|c|\u2606Laprasrules12|I miscounted the turns lol\n|\n|t:|1698850515\n|switch|p2a: Pok\u00e9ball|Magearna-Original|100\/100\n|turn|10\n|\n|t:|1698850519\n|move|p1a: Pathwood Mac|Tera Blast|p2a: Pok\u00e9ball|[anim] Tera Blast Fighting\n|-damage|p2a: Pok\u00e9ball|67\/100\n|move|p2a: Pok\u00e9ball|Thunder Wave|p1a: Pathwood Mac\n|-status|p1a: Pathwood Mac|par\n|\n|-heal|p2a: Pok\u00e9ball|73\/100|[from] item: Leftovers\n|upkeep\n|turn|11\n|\n|t:|1698850526\n|move|p1a: Pathwood Mac|Calm Mind|p1a: Pathwood Mac\n|-boost|p1a: Pathwood Mac|spa|1\n|-boost|p1a: Pathwood Mac|spd|1\n|move|p2a: Pok\u00e9ball|Fleur Cannon|p1a: Pathwood Mac\n|-supereffective|p1a: Pathwood Mac\n|-damage|p1a: Pathwood Mac|18\/100 par\n|-unboost|p2a: Pok\u00e9ball|spa|2\n|\n|-heal|p1a: Pathwood Mac|24\/100 par|[from] item: Leftovers\n|-heal|p2a: Pok\u00e9ball|79\/100|[from] item: Leftovers\n|upkeep\n|turn|12\n|\n|t:|1698850532\n|move|p1a: Pathwood Mac|Protect|p1a: Pathwood Mac\n|-singleturn|p1a: Pathwood Mac|Protect\n|move|p2a: Pok\u00e9ball|Fleur Cannon|p1a: Pathwood Mac\n|-activate|p1a: Pathwood Mac|move: Protect\n|\n|-heal|p1a: Pathwood Mac|30\/100 par|[from] item: Leftovers\n|-heal|p2a: Pok\u00e9ball|85\/100|[from] item: Leftovers\n|upkeep\n|turn|13\n|\n|t:|1698850538\n|move|p1a: Pathwood Mac|Stored Power|p2a: Pok\u00e9ball\n|-resisted|p2a: Pok\u00e9ball\n|-damage|p2a: Pok\u00e9ball|18\/100\n|move|p2a: Pok\u00e9ball|Fleur Cannon|p1a: Pathwood Mac\n|-supereffective|p1a: Pathwood Mac\n|-damage|p1a: Pathwood Mac|0 fnt\n|-unboost|p2a: Pok\u00e9ball|spa|2\n|faint|p1a: Pathwood Mac\n|-ability|p2a: Pok\u00e9ball|Soul-Heart|boost\n|-boost|p2a: Pok\u00e9ball|spa|1\n|\n|-heal|p2a: Pok\u00e9ball|24\/100|[from] item: Leftovers\n|upkeep\n|\n|t:|1698850544\n|switch|p1a: Nine Inch Tails|Ninetales-Alola, M|100\/100\n|-weather|Snow|[from] ability: Snow Warning|[of] p1a: Nine Inch Tails\n|turn|14\n|\n|t:|1698850549\n|move|p1a: Nine Inch Tails|Aurora Veil|p1a: Nine Inch Tails\n|-sidestart|p1: AlicieLizzie|move: Aurora Veil\n|move|p2a: Pok\u00e9ball|Volt Switch|p1a: Nine Inch Tails\n|-crit|p1a: Nine Inch Tails\n|-damage|p1a: Nine Inch Tails|67\/100\n|\n|t:|1698850552\n|switch|p2a: Godzilla|Baxcalibur, M, shiny|100\/100|[from] Volt Switch\n|\n|-weather|Snow|[upkeep]\n|upkeep\n|turn|15\n|c|\u2606Laprasrules12|Misclick fuck\n|\n|t:|1698850561\n|switch|p2a: Pok\u00e9ball|Magearna-Original|24\/100\n|move|p1a: Nine Inch Tails|Moonblast|p2a: Pok\u00e9ball\n|-resisted|p2a: Pok\u00e9ball\n|-damage|p2a: Pok\u00e9ball|13\/100\n|\n|-weather|Snow|[upkeep]\n|-heal|p2a: Pok\u00e9ball|19\/100|[from] item: Leftovers\n|upkeep\n|turn|16\n|\n|t:|1698850564\n|move|p1a: Nine Inch Tails|Blizzard|p2a: Pok\u00e9ball\n|-resisted|p2a: Pok\u00e9ball\n|-damage|p2a: Pok\u00e9ball|5\/100\n|move|p2a: Pok\u00e9ball|Thunder Wave|p1a: Nine Inch Tails\n|-status|p1a: Nine Inch Tails|par\n|\n|-weather|Snow|[upkeep]\n|-heal|p2a: Pok\u00e9ball|11\/100|[from] item: Leftovers\n|upkeep\n|turn|17\n|\n|t:|1698850567\n|move|p1a: Nine Inch Tails|Blizzard|p2a: Pok\u00e9ball\n|-resisted|p2a: Pok\u00e9ball\n|-damage|p2a: Pok\u00e9ball|0 fnt\n|faint|p2a: Pok\u00e9ball\n|\n|-weather|Snow|[upkeep]\n|upkeep\n|\n|t:|1698850568\n|switch|p2a: Thanatos|Arceus-Poison, shiny|100\/100\n|turn|18\n|\n|t:|1698850573\n|move|p2a: Thanatos|Calm Mind|p2a: Thanatos\n|-boost|p2a: Thanatos|spa|1\n|-boost|p2a: Thanatos|spd|1\n|move|p1a: Nine Inch Tails|Blizzard|p2a: Thanatos\n|-damage|p2a: Thanatos|81\/100\n|\n|-weather|none\n|upkeep\n|turn|19\n|\n|t:|1698850578\n|switch|p1a: Ghosts N\u2019 Roses|Arceus-Ghost|100\/100\n|move|p2a: Thanatos|Judgment|p1a: Ghosts N\u2019 Roses\n|-resisted|p1a: Ghosts N\u2019 Roses\n|-damage|p1a: Ghosts N\u2019 Roses|89\/100\n|\n|upkeep\n|turn|20\n|\n|t:|1698850582\n|move|p2a: Thanatos|Earth Power|p1a: Ghosts N\u2019 Roses\n|-damage|p1a: Ghosts N\u2019 Roses|76\/100\n|move|p1a: Ghosts N\u2019 Roses|Swords Dance|p1a: Ghosts N\u2019 Roses\n|-boost|p1a: Ghosts N\u2019 Roses|atk|2\n|\n|upkeep\n|turn|21\n|\n|t:|1698850587\n|move|p2a: Thanatos|Earth Power|p1a: Ghosts N\u2019 Roses\n|-damage|p1a: Ghosts N\u2019 Roses|65\/100\n|move|p1a: Ghosts N\u2019 Roses|Swords Dance|p1a: Ghosts N\u2019 Roses\n|-boost|p1a: Ghosts N\u2019 Roses|atk|2\n|\n|-sideend|p1: AlicieLizzie|move: Aurora Veil\n|upkeep\n|turn|22\n|\n|t:|1698850591\n|move|p1a: Ghosts N\u2019 Roses|Extreme Speed|p2a: Thanatos\n|-damage|p2a: Thanatos|24\/100\n|move|p2a: Thanatos|Earth Power|p1a: Ghosts N\u2019 Roses\n|-damage|p1a: Ghosts N\u2019 Roses|41\/100\n|\n|upkeep\n|turn|23\n|\n|t:|1698850593\n|move|p1a: Ghosts N\u2019 Roses|Extreme Speed|p2a: Thanatos\n|-damage|p2a: Thanatos|0 fnt\n|faint|p2a: Thanatos\n|\n|upkeep\n|\n|t:|1698850595\n|switch|p2a: Snowfall|Ninetales-Alola, F, shiny|66\/100\n|-weather|Snow|[from] ability: Snow Warning|[of] p2a: Snowfall\n|turn|24\n|\n|t:|1698850599\n|move|p1a: Ghosts N\u2019 Roses|Extreme Speed|p2a: Snowfall\n|-crit|p2a: Snowfall\n|-damage|p2a: Snowfall|0 fnt\n|faint|p2a: Snowfall\n|\n|-weather|Snow|[upkeep]\n|upkeep\n|\n|t:|1698850609\n|switch|p2a: Godzilla|Baxcalibur, M, shiny|100\/100\n|turn|25\n|\n|t:|1698850612\n|-terastallize|p2a: Godzilla|Ground\n|move|p2a: Godzilla|Scale Shot|p1a: Ghosts N\u2019 Roses\n|-damage|p1a: Ghosts N\u2019 Roses|31\/100\n|-damage|p1a: Ghosts N\u2019 Roses|21\/100\n|-damage|p1a: Ghosts N\u2019 Roses|12\/100\n|-damage|p1a: Ghosts N\u2019 Roses|2\/100\n|-hitcount|p1a: Ghosts N\u2019 Roses|4\n|-unboost|p2a: Godzilla|def|1\n|-boost|p2a: Godzilla|spe|1\n|move|p1a: Ghosts N\u2019 Roses|Recover|p1a: Ghosts N\u2019 Roses\n|-heal|p1a: Ghosts N\u2019 Roses|52\/100\n|\n|-weather|Snow|[upkeep]\n|upkeep\n|turn|26\n|c|\u2606Laprasrules12|Imagine\n|\n|t:|1698850623\n|move|p2a: Godzilla|Icicle Spear|p1a: Ghosts N\u2019 Roses\n|-damage|p1a: Ghosts N\u2019 Roses|43\/100\n|-damage|p1a: Ghosts N\u2019 Roses|34\/100\n|-damage|p1a: Ghosts N\u2019 Roses|23\/100\n|-damage|p1a: Ghosts N\u2019 Roses|13\/100\n|-hitcount|p1a: Ghosts N\u2019 Roses|4\n|move|p1a: Ghosts N\u2019 Roses|Recover|p1a: Ghosts N\u2019 Roses\n|-heal|p1a: Ghosts N\u2019 Roses|63\/100\n|\n|-weather|Snow|[upkeep]\n|upkeep\n|turn|27\n|c|\u2606AlicieLizzie|you hate to see it\n|\n|t:|1698850635\n|move|p2a: Godzilla|Swords Dance|p2a: Godzilla\n|-boost|p2a: Godzilla|atk|2\n|move|p1a: Ghosts N\u2019 Roses|Recover|p1a: Ghosts N\u2019 Roses\n|-heal|p1a: Ghosts N\u2019 Roses|100\/100\n|\n|-weather|Snow|[upkeep]\n|upkeep\n|turn|28\n|\n|t:|1698850651\n|move|p1a: Ghosts N\u2019 Roses|Extreme Speed|p2a: Godzilla\n|-damage|p2a: Godzilla|0 fnt\n|faint|p2a: Godzilla\n|\n|-weather|none\n|upkeep\n|\n|t:|1698850656\n|switch|p2a: Cleopatra|Espathra, M, shiny|100\/100\n|turn|29\n|\n|t:|1698850658\n|move|p1a: Ghosts N\u2019 Roses|Extreme Speed|p2a: Cleopatra\n|-damage|p2a: Cleopatra|0 fnt\n|faint|p2a: Cleopatra\n|\n|win|AlicieLizzie\n","uploadtime":1698850662,"views":14,"p1id":"alicielizzie","p2id":"laprasrules12","formatid":"gen9ubers","rating":0,"private":0,"password":""}