{"id":"gen9ubers-1990726693","p1":"TRaSHiNSeCT","p2":"Rei_darkness","format":"[Gen 9] Ubers","log":"|j|\u2606TRaSHiNSeCT\n|j|\u2606Rei_darkness\n|t:|1699995201\n|gametype|singles\n|player|p1|TRaSHiNSeCT|workerice|\n|player|p2|Rei_darkness|drayden|\n|teamsize|p1|6\n|teamsize|p2|6\n|gen|9\n|tier|[Gen 9] Ubers\n|rule|Sleep Clause Mod: Limit one foe put to sleep\n|rule|Species Clause: Limit one of each Pok\u00e9mon\n|rule|OHKO Clause: OHKO moves are banned\n|rule|Evasion Items Clause: Evasion items are banned\n|rule|Evasion Moves Clause: Evasion moves are banned\n|rule|Endless Battle Clause: Forcing endless battles is banned\n|rule|HP Percentage Mod: HP is shown in percentages\n|clearpoke\n|poke|p1|Slowking-Galar, M|\n|poke|p1|Gholdengo|\n|poke|p1|Toedscruel, F|\n|poke|p1|Palafin, M|\n|poke|p1|Lucario, F|\n|poke|p1|Landorus-Therian, M|\n|poke|p2|Ogerpon, F|\n|poke|p2|Calyrex-Ice|\n|poke|p2|Goodra-Hisui, F|\n|poke|p2|Blissey, F|\n|poke|p2|Empoleon, F|\n|poke|p2|Slowking-Galar, M|\n|teampreview\n|\n|t:|1699995213\n|start\n|switch|p1a: Palafin|Palafin, M|100\/100\n|switch|p2a: Slowking|Slowking-Galar, M|100\/100\n|turn|1\n|\n|t:|1699995226\n|detailschange|p1a: Palafin|Palafin-Hero, M\n|switch|p1a: Slowking|Slowking-Galar, M|100\/100\n|move|p2a: Slowking|Thunder Wave|p1a: Slowking|[miss]\n|-miss|p2a: Slowking|p1a: Slowking\n|\n|upkeep\n|turn|2\n|\n|t:|1699995232\n|move|p2a: Slowking|Thunder Wave|p1a: Slowking\n|-status|p1a: Slowking|par\n|move|p1a: Slowking|Thunder Wave|p2a: Slowking\n|-status|p2a: Slowking|par\n|\n|upkeep\n|turn|3\n|\n|t:|1699995239\n|cant|p2a: Slowking|par\n|cant|p1a: Slowking|par\n|\n|upkeep\n|turn|4\n|\n|t:|1699995248\n|move|p2a: Slowking|Chilly Reception|p2a: Slowking\n|-weather|Snow\n|\n|t:|1699995262\n|switch|p2a: Calyrex|Calyrex-Ice|100\/100|[from] Chilly Reception\n|-ability|p2a: Calyrex|As One\n|-ability|p2a: Calyrex|Unnerve\n|move|p1a: Slowking|Chilly Reception|p1a: Slowking\n|\n|t:|1699995275\n|switch|p1a: Gholdengo|Gholdengo|100\/100|[from] Chilly Reception\n|\n|-weather|Snow|[upkeep]\n|upkeep\n|turn|5\n|\n|t:|1699995313\n|move|p1a: Gholdengo|Thunder Wave|p2a: Calyrex\n|-status|p2a: Calyrex|par\n|cant|p2a: Calyrex|par\n|\n|-weather|Snow|[upkeep]\n|upkeep\n|turn|6\n|\n|t:|1699995338\n|switch|p1a: Lucario|Lucario, F|100\/100\n|move|p2a: Calyrex|Iron Defense|p2a: Calyrex\n|-boost|p2a: Calyrex|def|2\n|\n|-weather|Snow|[upkeep]\n|upkeep\n|turn|7\n|\n|t:|1699995346\n|move|p1a: Lucario|Swords Dance|p1a: Lucario\n|-boost|p1a: Lucario|atk|2\n|move|p2a: Calyrex|Calm Mind|p2a: Calyrex\n|-boost|p2a: Calyrex|spa|1\n|-boost|p2a: Calyrex|spd|1\n|\n|-weather|Snow|[upkeep]\n|upkeep\n|turn|8\n|\n|t:|1699995352\n|move|p1a: Lucario|Swords Dance|p1a: Lucario\n|-boost|p1a: Lucario|atk|2\n|move|p2a: Calyrex|Stored Power|p1a: Lucario\n|-damage|p1a: Lucario|23\/100\n|\n|-weather|none\n|upkeep\n|turn|9\n|\n|t:|1699995359\n|move|p1a: Lucario|Meteor Mash|p2a: Calyrex\n|-supereffective|p2a: Calyrex\n|-damage|p2a: Calyrex|32\/100 par\n|move|p2a: Calyrex|Stored Power|p1a: Lucario\n|-damage|p1a: Lucario|0 fnt\n|faint|p1a: Lucario\n|-ability|p2a: Calyrex|Chilling Neigh|boost\n|-boost|p2a: Calyrex|atk|1\n|\n|upkeep\n|\n|t:|1699995372\n|switch|p1a: Palafin|Palafin-Hero, M|100\/100\n|-activate|p1a: Palafin|ability: Zero to Hero\n|turn|10\n|\n|t:|1699995377\n|move|p1a: Palafin|Boomburst|p2a: Calyrex\n|-damage|p2a: Calyrex|10\/100 par\n|move|p2a: Calyrex|Draining Kiss|p1a: Palafin\n|-damage|p1a: Palafin|84\/100\n|-heal|p2a: Calyrex|20\/100 par|[from] drain|[of] p1a: Palafin\n|\n|upkeep\n|turn|11\n|\n|t:|1699995385\n|move|p1a: Palafin|Boomburst|p2a: Calyrex\n|-damage|p2a: Calyrex|0 fnt\n|faint|p2a: Calyrex\n|\n|upkeep\n|\n|t:|1699995398\n|switch|p2a: Blissey|Blissey, F|100\/100\n|turn|12\n|\n|t:|1699995402\n|switch|p1a: Gholdengo|Gholdengo|100\/100\n|move|p2a: Blissey|Stealth Rock|p1a: Gholdengo\n|-sidestart|p1: TRaSHiNSeCT|move: Stealth Rock\n|\n|upkeep\n|turn|13\n|\n|t:|1699995425\n|switch|p2a: Slowking|Slowking-Galar, M|100\/100 par\n|move|p1a: Gholdengo|Thunder Wave|p2a: Slowking\n|-fail|p2a: Slowking|par\n|\n|upkeep\n|turn|14\n|\n|t:|1699995432\n|move|p1a: Gholdengo|Poltergeist|p2a: Slowking\n|-activate|p2a: Slowking|move: Poltergeist|Heavy-Duty Boots\n|-supereffective|p2a: Slowking\n|-damage|p2a: Slowking|48\/100 par\n|cant|p2a: Slowking|par\n|\n|upkeep\n|turn|15\n|\n|t:|1699995442\n|switch|p2a: Goodra|Goodra-Hisui, F|100\/100\n|move|p1a: Gholdengo|Poltergeist|p2a: Goodra\n|-activate|p2a: Goodra|move: Poltergeist|Leftovers\n|-damage|p2a: Goodra|76\/100\n|\n|-heal|p2a: Goodra|82\/100|[from] item: Leftovers\n|upkeep\n|turn|16\n|\n|t:|1699995451\n|switch|p1a: Toedscruel|Toedscruel, F|100\/100\n|-damage|p1a: Toedscruel|94\/100|[from] Stealth Rock\n|move|p2a: Goodra|Protect||[still]\n|-fail|p2a: Goodra\n|\n|-heal|p1a: Toedscruel|100\/100|[from] item: Leftovers\n|-heal|p2a: Goodra|88\/100|[from] item: Leftovers\n|upkeep\n|turn|17\n|\n|t:|1699995461\n|switch|p2a: Ogerpon|Ogerpon, F|100\/100\n|move|p1a: Toedscruel|Spikes|p2a: Ogerpon\n|-sidestart|p2: Rei_darkness|Spikes\n|\n|upkeep\n|turn|18\n|\n|t:|1699995466\n|move|p2a: Ogerpon|Encore|p1a: Toedscruel\n|-start|p1a: Toedscruel|Encore\n|move|p1a: Toedscruel|Spikes|p2a: Ogerpon\n|-sidestart|p2: Rei_darkness|Spikes\n|\n|upkeep\n|turn|19\n|\n|t:|1699995472\n|switch|p2a: Goodra|Goodra-Hisui, F|88\/100\n|-damage|p2a: Goodra|71\/100|[from] Spikes\n|switch|p1a: Gholdengo|Gholdengo|100\/100\n|-damage|p1a: Gholdengo|94\/100|[from] Stealth Rock\n|\n|-heal|p1a: Gholdengo|100\/100|[from] item: Leftovers\n|-heal|p2a: Goodra|77\/100|[from] item: Leftovers\n|upkeep\n|turn|20\n|\n|t:|1699995482\n|move|p1a: Gholdengo|Thunder Wave|p2a: Goodra\n|-status|p2a: Goodra|par\n|cant|p2a: Goodra|par\n|\n|-heal|p2a: Goodra|83\/100 par|[from] item: Leftovers\n|upkeep\n|turn|21\n|\n|t:|1699995488\n|switch|p1a: Toedscruel|Toedscruel, F|100\/100\n|-damage|p1a: Toedscruel|94\/100|[from] Stealth Rock\n|move|p2a: Goodra|Acid Armor|p2a: Goodra\n|-boost|p2a: Goodra|def|2\n|\n|-heal|p1a: Toedscruel|100\/100|[from] item: Leftovers\n|-heal|p2a: Goodra|90\/100 par|[from] item: Leftovers\n|upkeep\n|turn|22\n|\n|t:|1699995497\n|move|p1a: Toedscruel|Knock Off|p2a: Goodra\n|-damage|p2a: Goodra|82\/100 par\n|-enditem|p2a: Goodra|Leftovers|[from] move: Knock Off|[of] p1a: Toedscruel\n|move|p2a: Goodra|Body Press|p1a: Toedscruel\n|-damage|p1a: Toedscruel|51\/100\n|\n|-heal|p1a: Toedscruel|57\/100|[from] item: Leftovers\n|upkeep\n|turn|23\n|\n|t:|1699995506\n|move|p1a: Toedscruel|Rapid Spin|p2a: Goodra\n|-resisted|p2a: Goodra\n|-damage|p2a: Goodra|79\/100 par\n|-boost|p1a: Toedscruel|spe|1\n|-sideend|p1: TRaSHiNSeCT|Stealth Rock|[from] move: Rapid Spin|[of] p1a: Toedscruel\n|move|p2a: Goodra|Acid Armor|p2a: Goodra\n|-boost|p2a: Goodra|def|2\n|\n|-heal|p1a: Toedscruel|63\/100|[from] item: Leftovers\n|upkeep\n|turn|24\n|\n|t:|1699995527\n|switch|p1a: Gholdengo|Gholdengo|100\/100\n|switch|p2a: Ogerpon|Ogerpon, F|100\/100\n|-damage|p2a: Ogerpon|84\/100|[from] Spikes\n|\n|-heal|p2a: Ogerpon|90\/100|[from] item: Leftovers\n|upkeep\n|turn|25\n|\n|t:|1699995535\n|switch|p2a: Slowking|Slowking-Galar, M|81\/100 par\n|move|p1a: Gholdengo|Thunder Wave|p2a: Slowking\n|-fail|p2a: Slowking|par\n|\n|upkeep\n|turn|26\n|\n|t:|1699995541\n|move|p1a: Gholdengo|Poltergeist|p2a: Slowking\n|-activate|p2a: Slowking|move: Poltergeist|Heavy-Duty Boots\n|-supereffective|p2a: Slowking\n|-damage|p2a: Slowking|25\/100 par\n|move|p2a: Slowking|Chilly Reception|p2a: Slowking\n|-weather|Snow\n|\n|t:|1699995546\n|switch|p2a: Empoleon|Empoleon, F|100\/100|[from] Chilly Reception\n|-damage|p2a: Empoleon|84\/100|[from] Spikes\n|\n|-weather|Snow|[upkeep]\n|-heal|p2a: Empoleon|90\/100|[from] item: Leftovers\n|upkeep\n|turn|27\n|\n|t:|1699995552\n|move|p2a: Empoleon|Agility|p2a: Empoleon\n|-boost|p2a: Empoleon|spe|2\n|move|p1a: Gholdengo|Thunder Wave|p2a: Empoleon\n|-status|p2a: Empoleon|par\n|\n|-weather|Snow|[upkeep]\n|-heal|p2a: Empoleon|96\/100 par|[from] item: Leftovers\n|upkeep\n|turn|28\n|\n|t:|1699995566\n|switch|p1a: Landorus|Landorus-Therian, M|100\/100\n|-ability|p1a: Landorus|Intimidate|boost\n|-unboost|p2a: Empoleon|atk|1\n|-ability|p2a: Empoleon|Competitive|boost\n|-boost|p2a: Empoleon|spa|2\n|move|p2a: Empoleon|Swords Dance|p2a: Empoleon\n|-boost|p2a: Empoleon|atk|2\n|\n|-weather|Snow|[upkeep]\n|-heal|p2a: Empoleon|100\/100 par|[from] item: Leftovers\n|upkeep\n|turn|29\n|\n|t:|1699995578\n|-terastallize|p1a: Landorus|Water\n|-terastallize|p2a: Empoleon|Dark\n|move|p1a: Landorus|Nasty Plot|p1a: Landorus\n|-boost|p1a: Landorus|spa|2\n|move|p2a: Empoleon|Power Trip|p1a: Landorus\n|-damage|p1a: Landorus|24\/100\n|\n|-weather|Snow|[upkeep]\n|-heal|p1a: Landorus|30\/100|[from] item: Leftovers\n|upkeep\n|turn|30\n|\n|t:|1699995589\n|move|p1a: Landorus|Earth Power|p2a: Empoleon\n|-damage|p2a: Empoleon|0 fnt\n|faint|p2a: Empoleon\n|\n|-weather|none\n|-heal|p1a: Landorus|36\/100|[from] item: Leftovers\n|upkeep\n|c|\u2606Rei_darkness|uncommon gholdengo 6-0 this team :death:\n|-message|Rei_darkness forfeited.\n|\n|win|TRaSHiNSeCT\n|c|\u2606Rei_darkness|GG\n|c|\u2606TRaSHiNSeCT|gg wp\n","uploadtime":1699995623,"views":24,"p1id":"trashinsect","p2id":"reidarkness","formatid":"gen9ubers","rating":0,"private":0,"password":""}