{"id":"gen9ubers-1990972430","p1":"ZemTheTem","p2":"Narutouzumaki21","format":"[Gen 9] Ubers","log":"|j|\u2606ZemTheTem\n|j|\u203dNarutouzumaki21\n|t:|1700021675\n|gametype|singles\n|player|p1|ZemTheTem|erika|1000\n|player|p2|Narutouzumaki21|blue|1049\n|teamsize|p1|6\n|teamsize|p2|6\n|gen|9\n|tier|[Gen 9] Ubers\n|rated|\n|rule|Sleep Clause Mod: Limit one foe put to sleep\n|rule|Species Clause: Limit one of each Pok\u00e9mon\n|rule|OHKO Clause: OHKO moves are banned\n|rule|Evasion Items Clause: Evasion items are banned\n|rule|Evasion Moves Clause: Evasion moves are banned\n|rule|Endless Battle Clause: Forcing endless battles is banned\n|rule|HP Percentage Mod: HP is shown in percentages\n|clearpoke\n|poke|p1|Maushold-Four|\n|poke|p1|Gengar, F|\n|poke|p1|Kingambit, M|\n|poke|p1|Gardevoir, M|\n|poke|p1|Arcanine-Hisui, F|\n|poke|p1|Ceruledge, F|\n|poke|p2|Spidops, M|\n|poke|p2|Chien-Pao|\n|poke|p2|Chi-Yu|\n|poke|p2|Pawmot, M|\n|poke|p2|Skeledirge, F|\n|poke|p2|Koraidon|\n|teampreview\n|\n|t:|1700021697\n|start\n|switch|p1a: Gengar|Gengar, F|100\/100\n|switch|p2a: Chi-Yu|Chi-Yu|100\/100\n|-ability|p2a: Chi-Yu|Beads of Ruin\n|turn|1\n|\n|t:|1700021712\n|move|p2a: Chi-Yu|Dark Pulse|p1a: Gengar\n|-supereffective|p1a: Gengar\n|-enditem|p1a: Gengar|Focus Sash\n|-damage|p1a: Gengar|1\/100\n|-start|p2a: Chi-Yu|Disable|Dark Pulse|[from] ability: Cursed Body|[of] p1a: Gengar\n|move|p1a: Gengar|Dark Pulse|p2a: Chi-Yu\n|-resisted|p2a: Chi-Yu\n|-damage|p2a: Chi-Yu|87\/100\n|\n|upkeep\n|turn|2\n|inactive|Battle timer is ON: inactive players will automatically lose when time's up. (requested by Narutouzumaki21)\n|\n|t:|1700021740\n|switch|p2a: Chien-Pao|Chien-Pao|100\/100\n|-ability|p2a: Chien-Pao|Sword of Ruin\n|move|p1a: Gengar|Destiny Bond|p1a: Gengar\n|-singlemove|p1a: Gengar|Destiny Bond\n|\n|upkeep\n|turn|3\n|\n|t:|1700021758\n|switch|p2a: Spidops|Spidops, M, shiny|100\/100\n|move|p1a: Gengar|Dark Pulse|p2a: Spidops\n|-damage|p2a: Spidops|74\/100\n|\n|upkeep\n|turn|4\n|\n|t:|1700021766\n|switch|p1a: Arcanine|Arcanine-Hisui, F|100\/100\n|move|p2a: Spidops|First Impression|p1a: Arcanine\n|-resisted|p1a: Arcanine\n|-damage|p1a: Arcanine|59\/100\n|\n|upkeep\n|turn|5\n|\n|t:|1700021789\n|-terastallize|p2a: Spidops|Normal\n|move|p1a: Arcanine|Flare Blitz|p2a: Spidops\n|-damage|p2a: Spidops|0 fnt\n|-damage|p1a: Arcanine|42\/100|[from] item: Rocky Helmet|[of] p2a: Spidops\n|faint|p2a: Spidops\n|-damage|p1a: Arcanine|21\/100|[from] Recoil\n|\n|upkeep\n|\n|t:|1700021803\n|switch|p2a: Skeledirge|Skeledirge, F, shiny|100\/100\n|turn|6\n|\n|t:|1700021809\n|switch|p1a: Ceruledge|Ceruledge, F|100\/100\n|move|p2a: Skeledirge|Flame Charge|p1a: Ceruledge\n|-resisted|p1a: Ceruledge\n|-damage|p1a: Ceruledge|92\/100\n|-boost|p2a: Skeledirge|spe|1\n|-ability|p1a: Ceruledge|Weak Armor|boost\n|-unboost|p1a: Ceruledge|def|1\n|-boost|p1a: Ceruledge|spe|2\n|\n|upkeep\n|turn|7\n|\n|t:|1700021823\n|move|p1a: Ceruledge|Bulk Up|p1a: Ceruledge\n|-boost|p1a: Ceruledge|atk|1\n|-boost|p1a: Ceruledge|def|1\n|move|p2a: Skeledirge|Shadow Ball|p1a: Ceruledge\n|-supereffective|p1a: Ceruledge\n|-damage|p1a: Ceruledge|5\/100\n|\n|upkeep\n|turn|8\n|\n|t:|1700021832\n|move|p1a: Ceruledge|Destiny Bond|p1a: Ceruledge\n|-singlemove|p1a: Ceruledge|Destiny Bond\n|move|p2a: Skeledirge|Flame Charge|p1a: Ceruledge\n|-resisted|p1a: Ceruledge\n|-damage|p1a: Ceruledge|0 fnt\n|-boost|p2a: Skeledirge|spe|1\n|faint|p1a: Ceruledge\n|-activate|p1a: Ceruledge|move: Destiny Bond\n|faint|p2a: Skeledirge\n|\n|upkeep\n|\n|t:|1700021848\n|switch|p1a: Arcanine|Arcanine-Hisui, F|21\/100\n|switch|p2a: Chi-Yu|Chi-Yu|87\/100\n|-ability|p2a: Chi-Yu|Beads of Ruin\n|turn|9\n|\n|t:|1700021869\n|move|p2a: Chi-Yu|Dark Pulse|p1a: Arcanine\n|-damage|p1a: Arcanine|0 fnt\n|faint|p1a: Arcanine\n|\n|upkeep\n|\n|t:|1700021874\n|switch|p1a: Gardevoir|Gardevoir, M|100\/100\n|turn|10\n|\n|t:|1700021880\n|move|p1a: Gardevoir|Protect|p1a: Gardevoir\n|-singleturn|p1a: Gardevoir|Protect\n|move|p2a: Chi-Yu|Dark Pulse|p1a: Gardevoir\n|-activate|p1a: Gardevoir|move: Protect\n|\n|upkeep\n|turn|11\n|\n|t:|1700021887\n|switch|p1a: Kingambit|Kingambit, M|100\/100\n|move|p2a: Chi-Yu|Dark Pulse|p1a: Kingambit\n|-resisted|p1a: Kingambit\n|-damage|p1a: Kingambit|70\/100\n|\n|upkeep\n|turn|12\n|\n|t:|1700021901\n|switch|p2a: Koraidon|Koraidon|100\/100\n|-weather|SunnyDay|[from] ability: Orichalcum Pulse|[of] p2a: Koraidon\n|-activate|p2a: Koraidon|Orichalcum Pulse|[source]\n|move|p1a: Kingambit|Sucker Punch||[still]\n|-fail|p1a: Kingambit\n|\n|-weather|SunnyDay|[upkeep]\n|upkeep\n|turn|13\n|\n|t:|1700021909\n|switch|p1a: Gardevoir|Gardevoir, M|100\/100\n|move|p2a: Koraidon|Flame Charge|p1a: Gardevoir\n|-damage|p1a: Gardevoir|66\/100\n|-boost|p2a: Koraidon|spe|1\n|\n|-weather|SunnyDay|[upkeep]\n|upkeep\n|turn|14\n|\n|t:|1700021921\n|move|p2a: Koraidon|Flare Blitz|p1a: Gardevoir\n|-damage|p1a: Gardevoir|0 fnt\n|faint|p1a: Gardevoir\n|-damage|p2a: Koraidon|79\/100|[from] Recoil\n|\n|-weather|SunnyDay|[upkeep]\n|upkeep\n|\n|t:|1700021929\n|switch|p1a: Kingambit|Kingambit, M|70\/100\n|turn|15\n|\n|t:|1700021934\n|move|p1a: Kingambit|Sucker Punch|p2a: Koraidon\n|-resisted|p2a: Koraidon\n|-damage|p2a: Koraidon|62\/100\n|move|p2a: Koraidon|Collision Course|p1a: Kingambit\n|-supereffective|p1a: Kingambit\n|-damage|p1a: Kingambit|0 fnt\n|faint|p1a: Kingambit\n|\n|-weather|SunnyDay|[upkeep]\n|upkeep\n|\n|t:|1700021938\n|switch|p1a: Gengar|Gengar, F|1\/100\n|turn|16\n|\n|t:|1700021943\n|move|p2a: Koraidon|Flame Charge|p1a: Gengar\n|-damage|p1a: Gengar|0 fnt\n|-boost|p2a: Koraidon|spe|1\n|faint|p1a: Gengar\n|\n|-weather|none\n|upkeep\n|\n|t:|1700021950\n|switch|p1a: Maushold|Maushold-Four|100\/100\n|turn|17\n|\n|t:|1700021954\n|move|p2a: Koraidon|Collision Course|p1a: Maushold\n|-supereffective|p1a: Maushold\n|-damage|p1a: Maushold|0 fnt\n|faint|p1a: Maushold\n|\n|win|Narutouzumaki21\n|raw|ZemTheTem's rating: 1000 &rarr; <strong>1000<\/strong><br \/>(+0 for losing)\n|raw|Narutouzumaki21's rating: 1049 &rarr; <strong>1077<\/strong><br \/>(+28 for winning)\n|l|\u2606ZemTheTem\n","uploadtime":1700021974,"views":13,"p1id":"zemthetem","p2id":"narutouzumaki21","formatid":"gen9ubers","rating":1000,"private":0,"password":""}