{"id":"gen9ubers-1978353227","p1":"Rei_darkness","p2":"godiamsosorry","format":"[Gen 9] Ubers","log":"|j|\u2606Rei_darkness\n|j|\u2606godiamsosorry\n|t:|1698528466\n|gametype|singles\n|player|p1|Rei_darkness|drayden|\n|player|p2|godiamsosorry|caitlin|\n|teamsize|p1|6\n|teamsize|p2|6\n|gen|9\n|tier|[Gen 9] Ubers\n|rule|Sleep Clause Mod: Limit one foe put to sleep\n|rule|Species Clause: Limit one of each Pok\u00e9mon\n|rule|OHKO Clause: OHKO moves are banned\n|rule|Evasion Items Clause: Evasion items are banned\n|rule|Evasion Moves Clause: Evasion moves are banned\n|rule|Endless Battle Clause: Forcing endless battles is banned\n|rule|HP Percentage Mod: HP is shown in percentages\n|clearpoke\n|poke|p1|Slowbro-Galar, F|\n|poke|p1|Klefki, M|\n|poke|p1|Arcanine, M|\n|poke|p1|Victreebel, F|\n|poke|p1|Scovillain, F|\n|poke|p1|Koraidon|\n|poke|p2|Koraidon|\n|poke|p2|Victreebel, M|\n|poke|p2|Scream Tail|\n|poke|p2|Volcanion|\n|poke|p2|Infernape, M|\n|poke|p2|Weezing-Galar, M|\n|teampreview\n|\n|t:|1698528484\n|start\n|switch|p1a: Cowgurl|Slowbro-Galar, F|100\/100\n|switch|p2a: Koraidon|Koraidon|100\/100\n|-weather|SunnyDay|[from] ability: Orichalcum Pulse|[of] p2a: Koraidon\n|-activate|p2a: Koraidon|Orichalcum Pulse|[source]\n|turn|1\n|-activate|p1a: Cowgurl|item: Quick Claw\n|\n|t:|1698528489\n|move|p1a: Cowgurl|Psyshock|p2a: Koraidon\n|-supereffective|p2a: Koraidon\n|-damage|p2a: Koraidon|32\/100\n|move|p2a: Koraidon|Roar|p1a: Cowgurl\n|drag|p1a: I die now|Klefki, M|100\/100\n|\n|-weather|SunnyDay|[upkeep]\n|upkeep\n|turn|2\n|\n|t:|1698528501\n|switch|p2a: Infernape|Infernape, M|100\/100\n|move|p1a: I die now|Light Screen|p1a: I die now\n|-sidestart|p1: Rei_darkness|move: Light Screen\n|\n|-weather|SunnyDay|[upkeep]\n|upkeep\n|turn|3\n|\n|t:|1698528506\n|move|p1a: I die now|Reflect|p1a: I die now\n|-sidestart|p1: Rei_darkness|Reflect\n|move|p2a: Infernape|Flare Blitz|p1a: I die now\n|-supereffective|p1a: I die now\n|-damage|p1a: I die now|0 fnt\n|faint|p1a: I die now\n|-damage|p2a: Infernape|65\/100|[from] Recoil\n|\n|-weather|SunnyDay|[upkeep]\n|upkeep\n|\n|t:|1698528522\n|switch|p1a: gen9shitmon|Scovillain, F|100\/100\n|turn|4\n|\n|t:|1698528526\n|-terastallize|p1a: gen9shitmon|Fire\n|move|p1a: gen9shitmon|Seed Bomb|p2a: Infernape\n|-resisted|p2a: Infernape\n|-damage|p2a: Infernape|36\/100\n|move|p2a: Infernape|Flare Blitz|p1a: gen9shitmon\n|-resisted|p1a: gen9shitmon\n|-damage|p1a: gen9shitmon|45\/100\n|-damage|p2a: Infernape|19\/100|[from] Recoil\n|\n|-weather|SunnyDay|[upkeep]\n|upkeep\n|turn|5\n|c|\u2606Rei_darkness|misclick\n|c|\u2606Rei_darkness|oh well\n|\n|t:|1698528545\n|switch|p2a: Scream Tail|Scream Tail|100\/100\n|-activate|p2a: Scream Tail|ability: Protosynthesis\n|-start|p2a: Scream Tail|protosynthesisdef\n|move|p1a: gen9shitmon|Lash Out|p2a: Scream Tail\n|-damage|p2a: Scream Tail|87\/100\n|\n|-weather|SunnyDay|[upkeep]\n|-heal|p2a: Scream Tail|94\/100|[from] item: Leftovers\n|upkeep\n|turn|6\n|\n|t:|1698528552\n|move|p1a: gen9shitmon|Growth|p1a: gen9shitmon\n|-boost|p1a: gen9shitmon|atk|2\n|-boost|p1a: gen9shitmon|spa|2\n|move|p2a: Scream Tail|Thunder Wave|p1a: gen9shitmon\n|-status|p1a: gen9shitmon|par\n|\n|-weather|SunnyDay|[upkeep]\n|-heal|p2a: Scream Tail|99\/100|[from] item: Leftovers\n|upkeep\n|turn|7\n|\n|t:|1698528561\n|-terastallize|p2a: Scream Tail|Water\n|move|p2a: Scream Tail|Dazzling Gleam|p1a: gen9shitmon\n|-resisted|p1a: gen9shitmon\n|-damage|p1a: gen9shitmon|37\/100 par\n|cant|p1a: gen9shitmon|par\n|\n|-weather|SunnyDay|[upkeep]\n|-heal|p2a: Scream Tail|100\/100|[from] item: Leftovers\n|upkeep\n|turn|8\n|\n|t:|1698528568\n|-end|p2a: Scream Tail|Protosynthesis|[silent]\n|switch|p2a: Volcanion|Volcanion|100\/100\n|move|p1a: gen9shitmon|Seed Bomb|p2a: Volcanion\n|-damage|p2a: Volcanion|53\/100\n|\n|-weather|none\n|upkeep\n|turn|9\n|\n|t:|1698528578\n|move|p2a: Volcanion|Earthquake|p1a: gen9shitmon\n|-supereffective|p1a: gen9shitmon\n|-damage|p1a: gen9shitmon|0 fnt\n|faint|p1a: gen9shitmon\n|\n|-sideend|p1: Rei_darkness|move: Light Screen\n|upkeep\n|\n|t:|1698528586\n|switch|p1a: actualboxleg|Koraidon|100\/100\n|-weather|SunnyDay|[from] ability: Orichalcum Pulse|[of] p1a: actualboxleg\n|-activate|p1a: actualboxleg|Orichalcum Pulse|[source]\n|turn|10\n|\n|t:|1698528599\n|move|p1a: actualboxleg|Solar Beam||[still]\n|-prepare|p1a: actualboxleg|Solar Beam\n|-anim|p1a: actualboxleg|Solar Beam|p2a: Volcanion\n|-damage|p2a: Volcanion|23\/100\n|move|p2a: Volcanion|Taunt|p1a: actualboxleg\n|-start|p1a: actualboxleg|move: Taunt\n|\n|-weather|SunnyDay|[upkeep]\n|-sideend|p1: Rei_darkness|Reflect\n|upkeep\n|turn|11\n|\n|t:|1698528604\n|switch|p2a: Weezing|Weezing-Galar, M, shiny|100\/100\n|move|p1a: actualboxleg|Draco Meteor|p2a: Weezing\n|-immune|p2a: Weezing\n|\n|-weather|SunnyDay|[upkeep]\n|upkeep\n|turn|12\n|\n|t:|1698528618\n|switch|p1a: Cowgurl|Slowbro-Galar, F|100\/100\n|switch|p2a: Scream Tail|Scream Tail, tera:Water|100\/100\n|-activate|p2a: Scream Tail|ability: Protosynthesis\n|-start|p2a: Scream Tail|protosynthesisdef\n|\n|-weather|SunnyDay|[upkeep]\n|upkeep\n|turn|13\n|\n|t:|1698528625\n|move|p2a: Scream Tail|Wish|p2a: Scream Tail\n|move|p1a: Cowgurl|Sludge Bomb|p2a: Scream Tail\n|-damage|p2a: Scream Tail|68\/100\n|\n|-weather|SunnyDay|[upkeep]\n|-heal|p2a: Scream Tail|74\/100|[from] item: Leftovers\n|upkeep\n|turn|14\n|-activate|p1a: Cowgurl|item: Quick Claw\n|\n|t:|1698528629\n|move|p1a: Cowgurl|Nasty Plot|p1a: Cowgurl\n|-boost|p1a: Cowgurl|spa|2\n|move|p2a: Scream Tail|Thunder Wave|p1a: Cowgurl\n|-status|p1a: Cowgurl|par\n|\n|-weather|SunnyDay|[upkeep]\n|-heal|p2a: Scream Tail|100\/100|[from] move: Wish|[wisher] Scream Tail\n|upkeep\n|turn|15\n|-activate|p1a: Cowgurl|item: Quick Claw\n|\n|t:|1698528639\n|move|p1a: Cowgurl|Nasty Plot|p1a: Cowgurl\n|-boost|p1a: Cowgurl|spa|2\n|move|p2a: Scream Tail|Wish|p2a: Scream Tail\n|\n|-weather|SunnyDay|[upkeep]\n|upkeep\n|turn|16\n|\n|t:|1698528642\n|-end|p2a: Scream Tail|Protosynthesis|[silent]\n|switch|p2a: Volcanion|Volcanion|23\/100\n|move|p1a: Cowgurl|Nasty Plot|p1a: Cowgurl\n|-boost|p1a: Cowgurl|spa|2\n|\n|-weather|SunnyDay|[upkeep]\n|-heal|p2a: Volcanion|83\/100|[from] move: Wish|[wisher] Scream Tail\n|upkeep\n|turn|17\n|\n|t:|1698528646\n|move|p2a: Volcanion|Flare Blitz|p1a: Cowgurl\n|-damage|p1a: Cowgurl|43\/100 par\n|-damage|p2a: Volcanion|62\/100|[from] Recoil\n|move|p1a: Cowgurl|Sludge Bomb|p2a: Volcanion\n|-damage|p2a: Volcanion|0 fnt\n|faint|p2a: Volcanion\n|\n|-weather|none\n|upkeep\n|\n|t:|1698528651\n|switch|p2a: Infernape|Infernape, M|19\/100\n|turn|18\n|\n|t:|1698528654\n|move|p2a: Infernape|Flare Blitz|p1a: Cowgurl\n|-damage|p1a: Cowgurl|0 fnt\n|faint|p1a: Cowgurl\n|-damage|p2a: Infernape|0 fnt|[from] Recoil\n|faint|p2a: Infernape\n|\n|upkeep\n|\n|t:|1698528663\n|switch|p2a: Koraidon|Koraidon|32\/100\n|switch|p1a: actualboxleg|Koraidon|100\/100\n|-weather|SunnyDay|[from] ability: Orichalcum Pulse|[of] p1a: actualboxleg\n|-activate|p1a: actualboxleg|Orichalcum Pulse|[source]\n|-activate|p2a: Koraidon|ability: Orichalcum Pulse\n|turn|19\n|\n|t:|1698528668\n|move|p2a: Koraidon|Draco Meteor|p1a: actualboxleg\n|-supereffective|p1a: actualboxleg\n|-damage|p1a: actualboxleg|0 fnt\n|-unboost|p2a: Koraidon|spa|2\n|faint|p1a: actualboxleg\n|\n|-weather|SunnyDay|[upkeep]\n|upkeep\n|\n|t:|1698528671\n|switch|p1a: gen1shitmon|Victreebel, F|100\/100\n|turn|20\n|\n|t:|1698528673\n|move|p1a: gen1shitmon|Growth|p1a: gen1shitmon\n|-boost|p1a: gen1shitmon|atk|2\n|-boost|p1a: gen1shitmon|spa|2\n|move|p2a: Koraidon|Flamethrower|p1a: gen1shitmon\n|-supereffective|p1a: gen1shitmon\n|-damage|p1a: gen1shitmon|43\/100\n|\n|-weather|SunnyDay|[upkeep]\n|upkeep\n|turn|21\n|\n|t:|1698528682\n|move|p1a: gen1shitmon|Sludge Bomb|p2a: Koraidon\n|-damage|p2a: Koraidon|0 fnt\n|faint|p2a: Koraidon\n|\n|-weather|SunnyDay|[upkeep]\n|upkeep\n|\n|t:|1698528685\n|switch|p2a: Victreebel|Victreebel, M|100\/100\n|turn|22\n|\n|t:|1698528704\n|move|p2a: Victreebel|Weather Ball|p1a: gen1shitmon\n|-supereffective|p1a: gen1shitmon\n|-damage|p1a: gen1shitmon|0 fnt\n|faint|p1a: gen1shitmon\n|\n|-weather|SunnyDay|[upkeep]\n|upkeep\n|\n|t:|1698528708\n|switch|p1a: Arcanine|Arcanine, M|100\/100\n|turn|23\n|-message|Rei_darkness forfeited.\n|\n|win|godiamsosorry\n|l|\u2606Rei_darkness\n|j|\u2606Rei_darkness\n|player|p1|Rei_darkness|drayden\n","uploadtime":1698528717,"views":19,"p1id":"reidarkness","p2id":"godiamsosorry","formatid":"gen9ubers","rating":0,"private":0,"password":""}