{"id":"gen9ubers-1988322664","p1":"HinaKagiyama1","p2":"miebaso11","format":"[Gen 9] Ubers","log":"|j|\u2606HinaKagiyama1\n|j|\u2606miebaso11\n|t:|1699708383\n|gametype|singles\n|player|p1|HinaKagiyama1|170|\n|player|p2|miebaso11|hilda-wonderlauncher|\n|teamsize|p1|6\n|teamsize|p2|6\n|gen|9\n|tier|[Gen 9] Ubers\n|rule|Sleep Clause Mod: Limit one foe put to sleep\n|rule|Species Clause: Limit one of each Pok\u00e9mon\n|rule|OHKO Clause: OHKO moves are banned\n|rule|Evasion Items Clause: Evasion items are banned\n|rule|Evasion Moves Clause: Evasion moves are banned\n|rule|Endless Battle Clause: Forcing endless battles is banned\n|rule|HP Percentage Mod: HP is shown in percentages\n|clearpoke\n|poke|p1|Tyranitar, F|\n|poke|p1|Arceus-Rock|\n|poke|p1|Garchomp, F|\n|poke|p1|Donphan, M|\n|poke|p1|Magearna|\n|poke|p1|Houndstone, M|\n|poke|p2|Walking Wake|\n|poke|p2|Manaphy|\n|poke|p2|Dragonite, M|\n|poke|p2|Sylveon, M|\n|poke|p2|Arceus-Poison|\n|poke|p2|Shaymin-Sky|\n|teampreview\n|inactive|Battle timer is ON: inactive players will automatically lose when time's up. (requested by miebaso11)\n|\n|t:|1699708401\n|start\n|switch|p1a: Arc the rock eus|Arceus-Rock|100\/100\n|switch|p2a: Sylveon|Sylveon, M|100\/100\n|turn|1\n|\n|t:|1699708409\n|move|p1a: Arc the rock eus|Calm Mind|p1a: Arc the rock eus\n|-boost|p1a: Arc the rock eus|spa|1\n|-boost|p1a: Arc the rock eus|spd|1\n|move|p2a: Sylveon|Yawn|p1a: Arc the rock eus\n|-start|p1a: Arc the rock eus|move: Yawn|[of] p2a: Sylveon\n|\n|upkeep\n|turn|2\n|\n|t:|1699708417\n|switch|p1a: Uwu orb|Magearna|100\/100\n|move|p2a: Sylveon|Light Screen|p2a: Sylveon\n|-sidestart|p2: miebaso11|move: Light Screen\n|\n|upkeep\n|turn|3\n|\n|t:|1699708436\n|switch|p2a: Manaphy|Manaphy|100\/100\n|move|p1a: Uwu orb|Spikes|p2a: Manaphy\n|-sidestart|p2: miebaso11|Spikes\n|\n|upkeep\n|turn|4\n|\n|t:|1699708445\n|move|p2a: Manaphy|Tail Glow|p2a: Manaphy\n|-boost|p2a: Manaphy|spa|3\n|move|p1a: Uwu orb|Thunder Wave|p2a: Manaphy\n|-status|p2a: Manaphy|par\n|\n|upkeep\n|turn|5\n|\n|t:|1699708451\n|move|p1a: Uwu orb|Volt Switch|p2a: Manaphy\n|-supereffective|p2a: Manaphy\n|-damage|p2a: Manaphy|73\/100 par\n|\n|t:|1699708460\n|switch|p1a: DREAM ON|Tyranitar, F|100\/100|[from] Volt Switch\n|-weather|Sandstorm|[from] ability: Sand Stream|[of] p1a: DREAM ON\n|move|p2a: Manaphy|Tail Glow|p2a: Manaphy\n|-boost|p2a: Manaphy|spa|3\n|\n|-weather|Sandstorm|[upkeep]\n|-damage|p2a: Manaphy|67\/100 par|[from] Sandstorm\n|upkeep\n|turn|6\n|\n|t:|1699708477\n|move|p2a: Manaphy|Surf|p1a: DREAM ON\n|-supereffective|p1a: DREAM ON\n|-damage|p1a: DREAM ON|0 fnt\n|faint|p1a: DREAM ON\n|\n|-weather|Sandstorm|[upkeep]\n|-damage|p2a: Manaphy|61\/100 par|[from] Sandstorm\n|upkeep\n|\n|t:|1699708480\n|switch|p1a: Cynthia DREAM ON|Garchomp, F|100\/100\n|turn|7\n|\n|t:|1699708487\n|move|p1a: Cynthia DREAM ON|Scale Shot|p2a: Manaphy\n|-damage|p2a: Manaphy|47\/100 par\n|-damage|p2a: Manaphy|35\/100 par\n|-damage|p2a: Manaphy|20\/100 par\n|-enditem|p2a: Manaphy|Aguav Berry|[eat]\n|-heal|p2a: Manaphy|53\/100 par|[from] item: Aguav Berry\n|-damage|p2a: Manaphy|41\/100 par\n|-damage|p2a: Manaphy|28\/100 par\n|-hitcount|p2a: Manaphy|5\n|-unboost|p1a: Cynthia DREAM ON|def|1\n|-boost|p1a: Cynthia DREAM ON|spe|1\n|move|p2a: Manaphy|Dazzling Gleam|p1a: Cynthia DREAM ON|[miss]\n|-miss|p2a: Manaphy|p1a: Cynthia DREAM ON\n|\n|-weather|Sandstorm|[upkeep]\n|-damage|p2a: Manaphy|22\/100 par|[from] Sandstorm\n|upkeep\n|turn|8\n|\n|t:|1699708504\n|move|p1a: Cynthia DREAM ON|Earthquake|p2a: Manaphy\n|-damage|p2a: Manaphy|0 fnt\n|faint|p2a: Manaphy\n|\n|-weather|Sandstorm|[upkeep]\n|upkeep\n|c|\u2606HinaKagiyama1|Gotta love legal sand veil :D\n|\n|t:|1699708517\n|switch|p2a: Shaymin|Shaymin-Sky|100\/100\n|turn|9\n|\n|t:|1699708528\n|-terastallize|p1a: Cynthia DREAM ON|Steel\n|move|p1a: Cynthia DREAM ON|Swords Dance|p1a: Cynthia DREAM ON\n|-boost|p1a: Cynthia DREAM ON|atk|2\n|move|p2a: Shaymin|Air Slash|p1a: Cynthia DREAM ON\n|-resisted|p1a: Cynthia DREAM ON\n|-damage|p1a: Cynthia DREAM ON|79\/100\n|\n|-weather|Sandstorm|[upkeep]\n|-damage|p2a: Shaymin|94\/100|[from] Sandstorm\n|-heal|p2a: Shaymin|100\/100|[from] item: Leftovers\n|-sideend|p2: miebaso11|move: Light Screen\n|upkeep\n|turn|10\n|\n|t:|1699708537\n|switch|p2a: Sylveon|Sylveon, M|100\/100\n|-damage|p2a: Sylveon|88\/100|[from] Spikes\n|move|p1a: Cynthia DREAM ON|Scale Shot|p2a: Sylveon\n|-immune|p2a: Sylveon\n|\n|-weather|Sandstorm|[upkeep]\n|-damage|p2a: Sylveon|82\/100|[from] Sandstorm\n|upkeep\n|turn|11\n|\n|t:|1699708540\n|move|p1a: Cynthia DREAM ON|Iron Head|p2a: Sylveon\n|-supereffective|p2a: Sylveon\n|-damage|p2a: Sylveon|0 fnt\n|faint|p2a: Sylveon\n|\n|-weather|Sandstorm|[upkeep]\n|upkeep\n|\n|t:|1699708543\n|switch|p2a: Dragonite|Dragonite, M|100\/100\n|turn|12\n|\n|t:|1699708557\n|-terastallize|p2a: Dragonite|Normal\n|move|p1a: Cynthia DREAM ON|Scale Shot|p2a: Dragonite\n|-damage|p2a: Dragonite|70\/100\n|-damage|p2a: Dragonite|40\/100\n|-damage|p2a: Dragonite|12\/100\n|-enditem|p2a: Dragonite|Liechi Berry|[eat]\n|-boost|p2a: Dragonite|atk|1|[from] item: Liechi Berry\n|-damage|p2a: Dragonite|0 fnt\n|faint|p2a: Dragonite\n|-hitcount|p2: Dragonite|4\n|-unboost|p1a: Cynthia DREAM ON|def|1\n|-boost|p1a: Cynthia DREAM ON|spe|1\n|\n|-weather|none\n|upkeep\n|\n|t:|1699708563\n|switch|p2a: Shaymin|Shaymin-Sky|100\/100\n|turn|13\n|\n|t:|1699708567\n|move|p1a: Cynthia DREAM ON|Scale Shot|p2a: Shaymin\n|-damage|p2a: Shaymin|66\/100\n|-damage|p2a: Shaymin|34\/100\n|-damage|p2a: Shaymin|2\/100\n|-damage|p2a: Shaymin|0 fnt\n|faint|p2a: Shaymin\n|-hitcount|p2: Shaymin|4\n|-unboost|p1a: Cynthia DREAM ON|def|1\n|-boost|p1a: Cynthia DREAM ON|spe|1\n|\n|upkeep\n|\n|t:|1699708573\n|switch|p2a: Walking Wake|Walking Wake|100\/100\n|-damage|p2a: Walking Wake|88\/100|[from] Spikes\n|turn|14\n|\n|t:|1699708579\n|move|p1a: Cynthia DREAM ON|Scale Shot|p2a: Walking Wake\n|-supereffective|p2a: Walking Wake\n|-damage|p2a: Walking Wake|35\/100\n|-supereffective|p2a: Walking Wake\n|-damage|p2a: Walking Wake|0 fnt\n|faint|p2a: Walking Wake\n|-end|p2a: Walking Wake|Protosynthesis|[silent]\n|-hitcount|p2: Walking Wake|2\n|-unboost|p1a: Cynthia DREAM ON|def|1\n|-boost|p1a: Cynthia DREAM ON|spe|1\n|\n|upkeep\n|\n|t:|1699708581\n|switch|p2a: Arceus|Arceus-Poison|100\/100\n|-damage|p2a: Arceus|88\/100|[from] Spikes\n|turn|15\n|\n|t:|1699708588\n|move|p1a: Cynthia DREAM ON|Earthquake|p2a: Arceus\n|-supereffective|p2a: Arceus\n|-crit|p2a: Arceus\n|-damage|p2a: Arceus|0 fnt\n|faint|p2a: Arceus\n|\n|win|HinaKagiyama1\n|c|\u2606HinaKagiyama1|Gg\n","uploadtime":1699708593,"views":43,"p1id":"hinakagiyama1","p2id":"miebaso11","formatid":"gen9ubers","rating":0,"private":0,"password":""}