{"id":"gen9ubers-1974365798","p1":"bowsori","p2":"Theminals","format":"[Gen 9] Ubers","log":"|j|\u2606bowsori\n|j|\u2606Theminals\n|t:|1698081247\n|gametype|singles\n|player|p1|bowsori|ruinmaniac|\n|player|p2|Theminals|depotagent|\n|teamsize|p1|6\n|teamsize|p2|6\n|gen|9\n|tier|[Gen 9] Ubers\n|rule|Sleep Clause Mod: Limit one foe put to sleep\n|rule|Species Clause: Limit one of each Pok\u00e9mon\n|rule|OHKO Clause: OHKO moves are banned\n|rule|Evasion Items Clause: Evasion items are banned\n|rule|Evasion Moves Clause: Evasion moves are banned\n|rule|Endless Battle Clause: Forcing endless battles is banned\n|rule|HP Percentage Mod: HP is shown in percentages\n|clearpoke\n|poke|p1|Palkia-Origin|\n|poke|p1|Masquerain, M|\n|poke|p1|Gholdengo|\n|poke|p1|Landorus, M|\n|poke|p1|Basculegion-F, F|\n|poke|p1|Zacian-*|\n|poke|p2|Magearna|\n|poke|p2|Palkia-Origin|\n|poke|p2|Zacian-*|\n|poke|p2|Arceus-Poison|\n|poke|p2|Cyclizar, F|\n|poke|p2|Urshifu-*, M|\n|teampreview\n|\n|t:|1698081266\n|start\n|switch|p1a: Zacian|Zacian|100\/100\n|switch|p2a: Cyclizar|Cyclizar, F|100\/100\n|-ability|p1a: Zacian|Intrepid Sword|boost\n|-boost|p1a: Zacian|atk|1\n|turn|1\n|c|\u2606Theminals|glhf\n|c|\u2606bowsori|glhf\n|\n|t:|1698081276\n|switch|p2a: Magearna|Magearna|100\/100\n|-terastallize|p1a: Zacian|Ground\n|move|p1a: Zacian|Tera Blast|p2a: Magearna|[anim] Tera Blast Ground\n|-supereffective|p2a: Magearna\n|-damage|p2a: Magearna|0 fnt\n|faint|p2a: Magearna\n|\n|upkeep\n|\n|t:|1698081285\n|switch|p2a: Zacian|Zacian|100\/100\n|-ability|p2a: Zacian|Intrepid Sword|boost\n|-boost|p2a: Zacian|atk|1\n|turn|2\n|\n|t:|1698081292\n|-terastallize|p2a: Zacian|Fighting\n|move|p2a: Zacian|Close Combat|p1a: Zacian\n|-damage|p1a: Zacian|0 fnt\n|-unboost|p2a: Zacian|def|1\n|-unboost|p2a: Zacian|spd|1\n|faint|p1a: Zacian\n|\n|upkeep\n|\n|t:|1698081299\n|switch|p1a: Masquerain|Masquerain, M|100\/100\n|-ability|p1a: Masquerain|Intimidate|boost\n|-unboost|p2a: Zacian|atk|1\n|turn|3\n|\n|t:|1698081308\n|switch|p2a: Cyclizar|Cyclizar, F|100\/100\n|move|p1a: Masquerain|Stun Spore|p2a: Cyclizar\n|-status|p2a: Cyclizar|par\n|\n|upkeep\n|turn|4\n|\n|t:|1698081316\n|move|p1a: Masquerain|Sticky Web|p2a: Cyclizar\n|-sidestart|p2: Theminals|move: Sticky Web\n|move|p2a: Cyclizar|Rapid Spin|p1a: Masquerain\n|-damage|p1a: Masquerain|76\/100\n|-boost|p2a: Cyclizar|spe|1\n|-sideend|p2: Theminals|Sticky Web|[from] move: Rapid Spin|[of] p2a: Cyclizar\n|\n|upkeep\n|turn|5\n|\n|t:|1698081325\n|move|p1a: Masquerain|Sticky Web|p2a: Cyclizar\n|-sidestart|p2: Theminals|move: Sticky Web\n|move|p2a: Cyclizar|U-turn|p1a: Masquerain\n|-resisted|p1a: Masquerain\n|-damage|p1a: Masquerain|65\/100\n|\n|t:|1698081337\n|switch|p2a: Palkia|Palkia-Origin|100\/100|[from] U-turn\n|-activate|p2a: Palkia|move: Sticky Web\n|-unboost|p2a: Palkia|spe|1\n|-ability|p2a: Palkia|Pressure\n|\n|upkeep\n|turn|6\n|\n|t:|1698081350\n|switch|p2a: Cyclizar|Cyclizar, F|100\/100 par\n|-activate|p2a: Cyclizar|move: Sticky Web\n|-unboost|p2a: Cyclizar|spe|1\n|move|p1a: Masquerain|U-turn|p2a: Cyclizar\n|-damage|p2a: Cyclizar|80\/100 par\n|\n|t:|1698081361\n|switch|p1a: Palkia|Palkia-Origin|100\/100|[from] U-turn\n|-ability|p1a: Palkia|Pressure\n|\n|upkeep\n|turn|7\n|\n|t:|1698081382\n|switch|p2a: Arceus|Arceus-Poison|100\/100\n|-activate|p2a: Arceus|move: Sticky Web\n|-unboost|p2a: Arceus|spe|1\n|move|p1a: Palkia|Spacial Rend|p2a: Arceus\n|-damage|p2a: Arceus|52\/100\n|\n|upkeep\n|turn|8\n|\n|t:|1698081392\n|move|p1a: Palkia|Hydro Pump|p2a: Arceus\n|-damage|p2a: Arceus|1\/100\n|move|p2a: Arceus|Recover|p2a: Arceus\n|-heal|p2a: Arceus|51\/100\n|\n|upkeep\n|turn|9\n|\n|t:|1698081398\n|move|p1a: Palkia|Hydro Pump|p2a: Arceus|[miss]\n|-miss|p1a: Palkia|p2a: Arceus\n|move|p2a: Arceus|Recover|p2a: Arceus\n|-heal|p2a: Arceus|100\/100\n|\n|upkeep\n|turn|10\n|\n|t:|1698081404\n|move|p1a: Palkia|Substitute|p1a: Palkia\n|-start|p1a: Palkia|Substitute\n|-damage|p1a: Palkia|76\/100\n|move|p2a: Arceus|Body Press|p1a: Palkia\n|-end|p1a: Palkia|Substitute\n|\n|upkeep\n|turn|11\n|\n|t:|1698081410\n|move|p1a: Palkia|Hydro Pump|p2a: Arceus\n|-damage|p2a: Arceus|46\/100\n|move|p2a: Arceus|Body Press|p1a: Palkia\n|-damage|p1a: Palkia|44\/100\n|\n|upkeep\n|turn|12\n|\n|t:|1698081420\n|move|p1a: Palkia|Hydro Pump|p2a: Arceus\n|-damage|p2a: Arceus|0 fnt\n|faint|p2a: Arceus\n|\n|upkeep\n|\n|t:|1698081424\n|switch|p2a: Urshifu|Urshifu, M|100\/100\n|-activate|p2a: Urshifu|move: Sticky Web\n|-unboost|p2a: Urshifu|spe|1\n|turn|13\n|\n|t:|1698081432\n|move|p1a: Palkia|Hydro Pump|p2a: Urshifu|[miss]\n|-miss|p1a: Palkia|p2a: Urshifu\n|move|p2a: Urshifu|Wicked Blow|p1a: Palkia\n|-crit|p1a: Palkia\n|-damage|p1a: Palkia|0 fnt\n|faint|p1a: Palkia\n|-damage|p2a: Urshifu|91\/100|[from] item: Life Orb\n|\n|upkeep\n|\n|t:|1698081444\n|switch|p1a: Masquerain|Masquerain, M|65\/100\n|-ability|p1a: Masquerain|Intimidate|boost\n|-unboost|p2a: Urshifu|atk|1\n|turn|14\n|\n|t:|1698081448\n|switch|p2a: Cyclizar|Cyclizar, F|100\/100 par\n|-activate|p2a: Cyclizar|move: Sticky Web\n|-unboost|p2a: Cyclizar|spe|1\n|move|p1a: Masquerain|U-turn|p2a: Cyclizar\n|-damage|p2a: Cyclizar|80\/100 par\n|\n|t:|1698081455\n|switch|p1a: Landorus|Landorus, M|100\/100|[from] U-turn\n|\n|upkeep\n|turn|15\n|\n|t:|1698081473\n|switch|p2a: Zacian|Zacian, tera:Fighting|100\/100\n|-activate|p2a: Zacian|move: Sticky Web\n|-unboost|p2a: Zacian|spe|1\n|move|p1a: Landorus|Earth Power|p2a: Zacian\n|-damage|p2a: Zacian|27\/100\n|\n|upkeep\n|turn|16\n|\n|t:|1698081480\n|move|p1a: Landorus|Earth Power|p2a: Zacian\n|-damage|p2a: Zacian|0 fnt\n|faint|p2a: Zacian\n|\n|upkeep\n|\n|t:|1698081483\n|switch|p2a: Palkia|Palkia-Origin|100\/100\n|-activate|p2a: Palkia|move: Sticky Web\n|-unboost|p2a: Palkia|spe|1\n|-ability|p2a: Palkia|Pressure\n|turn|17\n|\n|t:|1698081492\n|move|p1a: Landorus|Earth Power|p2a: Palkia\n|-damage|p2a: Palkia|34\/100\n|move|p2a: Palkia|Hydro Pump|p1a: Landorus\n|-supereffective|p1a: Landorus\n|-damage|p1a: Landorus|0 fnt\n|faint|p1a: Landorus\n|\n|upkeep\n|\n|t:|1698081508\n|switch|p1a: Gholdengo|Gholdengo|100\/100\n|turn|18\n|\n|t:|1698081513\n|move|p1a: Gholdengo|Make It Rain|p2a: Palkia\n|-resisted|p2a: Palkia\n|-damage|p2a: Palkia|3\/100\n|-unboost|p1a: Gholdengo|spa|1\n|move|p2a: Palkia|Earth Power|p1a: Gholdengo\n|-supereffective|p1a: Gholdengo\n|-damage|p1a: Gholdengo|23\/100\n|\n|upkeep\n|turn|19\n|\n|t:|1698081522\n|move|p1a: Gholdengo|Make It Rain|p2a: Palkia\n|-resisted|p2a: Palkia\n|-damage|p2a: Palkia|0 fnt\n|-unboost|p1a: Gholdengo|spa|1\n|faint|p2a: Palkia\n|\n|upkeep\n|\n|t:|1698081527\n|switch|p2a: Urshifu|Urshifu, M|91\/100\n|-activate|p2a: Urshifu|move: Sticky Web\n|-unboost|p2a: Urshifu|spe|1\n|turn|20\n|\n|t:|1698081536\n|switch|p1a: Masquerain|Masquerain, M|65\/100\n|-ability|p1a: Masquerain|Intimidate|boost\n|-unboost|p2a: Urshifu|atk|1\n|move|p2a: Urshifu|Wicked Blow|p1a: Masquerain\n|-crit|p1a: Masquerain\n|-damage|p1a: Masquerain|0 fnt\n|faint|p1a: Masquerain\n|-damage|p2a: Urshifu|81\/100|[from] item: Life Orb\n|\n|upkeep\n|\n|t:|1698081547\n|switch|p1a: Basculegion|Basculegion-F, F|100\/100\n|turn|21\n|\n|t:|1698081553\n|switch|p2a: Cyclizar|Cyclizar, F|100\/100 par\n|-activate|p2a: Cyclizar|move: Sticky Web\n|-unboost|p2a: Cyclizar|spe|1\n|move|p1a: Basculegion|Wave Crash|p2a: Cyclizar\n|-resisted|p2a: Cyclizar\n|-crit|p2a: Cyclizar\n|-damage|p2a: Cyclizar|28\/100 par\n|-enditem|p2a: Cyclizar|Sitrus Berry|[eat]\n|-heal|p2a: Cyclizar|53\/100 par|[from] item: Sitrus Berry\n|-damage|p1a: Basculegion|79\/100|[from] Recoil\n|\n|upkeep\n|turn|22\n|\n|t:|1698081563\n|move|p1a: Basculegion|Wave Crash|p2a: Cyclizar\n|-resisted|p2a: Cyclizar\n|-damage|p2a: Cyclizar|8\/100 par\n|-damage|p1a: Basculegion|66\/100|[from] Recoil\n|move|p2a: Cyclizar|Shed Tail|p2a: Cyclizar\n|-fail|p2a: Cyclizar|move: Shed Tail|[weak]\n|\n|upkeep\n|turn|23\n|\n|t:|1698081573\n|move|p1a: Basculegion|Wave Crash|p2a: Cyclizar\n|-resisted|p2a: Cyclizar\n|-damage|p2a: Cyclizar|0 fnt\n|faint|p2a: Cyclizar\n|-damage|p1a: Basculegion|63\/100|[from] Recoil\n|\n|upkeep\n|\n|t:|1698081578\n|switch|p2a: Urshifu|Urshifu, M|81\/100\n|-activate|p2a: Urshifu|move: Sticky Web\n|-unboost|p2a: Urshifu|spe|1\n|turn|24\n|\n|t:|1698081583\n|switch|p1a: Gholdengo|Gholdengo|23\/100\n|move|p2a: Urshifu|Sucker Punch||[still]\n|-fail|p2a: Urshifu\n|\n|upkeep\n|turn|25\n|\n|t:|1698081589\n|move|p2a: Urshifu|Sucker Punch||[still]\n|-fail|p2a: Urshifu\n|move|p1a: Gholdengo|Trick|p2a: Urshifu\n|-activate|p1a: Gholdengo|move: Trick|[of] p2a: Urshifu\n|-item|p2a: Urshifu|Choice Scarf|[from] move: Trick\n|-item|p1a: Gholdengo|Life Orb|[from] move: Trick\n|\n|upkeep\n|turn|26\n|\n|t:|1698081601\n|move|p2a: Urshifu|Wicked Blow|p1a: Gholdengo\n|-supereffective|p1a: Gholdengo\n|-crit|p1a: Gholdengo\n|-damage|p1a: Gholdengo|0 fnt\n|faint|p1a: Gholdengo\n|\n|upkeep\n|\n|t:|1698081606\n|switch|p1a: Basculegion|Basculegion-F, F|63\/100\n|turn|27\n|\n|t:|1698081611\n|move|p1a: Basculegion|Last Respects|p2a: Urshifu\n|-resisted|p2a: Urshifu\n|-damage|p2a: Urshifu|0 fnt\n|faint|p2a: Urshifu\n|\n|win|bowsori\n|c|\u2606bowsori|gg\n|c|\u2606Theminals|gg\n|l|\u2606Theminals\n","uploadtime":1698081623,"views":6,"p1id":"bowsori","p2id":"theminals","formatid":"gen9ubers","rating":0,"private":0,"password":""}