{"id":"gen9ubers-1986285633","p1":"PicoleSexy","p2":"weechunk","format":"[Gen 9] Ubers","log":"|j|\u2606PicoleSexy\n|j|\u2606weechunk\n|t:|1699466223\n|gametype|singles\n|player|p1|PicoleSexy|harlequin|1061\n|player|p2|weechunk|170|1105\n|teamsize|p1|6\n|teamsize|p2|6\n|gen|9\n|tier|[Gen 9] Ubers\n|rated|\n|rule|Sleep Clause Mod: Limit one foe put to sleep\n|rule|Species Clause: Limit one of each Pok\u00e9mon\n|rule|OHKO Clause: OHKO moves are banned\n|rule|Evasion Items Clause: Evasion items are banned\n|rule|Evasion Moves Clause: Evasion moves are banned\n|rule|Endless Battle Clause: Forcing endless battles is banned\n|rule|HP Percentage Mod: HP is shown in percentages\n|clearpoke\n|poke|p1|Masquerain, F|\n|poke|p1|Espathra, F|\n|poke|p1|Miraidon|\n|poke|p1|Iron Treads|\n|poke|p1|Zoroark-Hisui, F|\n|poke|p1|Iron Valiant|\n|poke|p2|Fezandipiti, M|\n|poke|p2|Espeon, F|\n|poke|p2|Garchomp, M|\n|poke|p2|Scizor, F|\n|poke|p2|Quaquaval, M|\n|poke|p2|Ogerpon-Hearthflame, F|\n|teampreview\n|\n|t:|1699466238\n|start\n|switch|p1a: Masquerain|Masquerain, F, shiny|100\/100\n|switch|p2a: Espeon|Espeon, F|100\/100\n|-ability|p1a: Masquerain|Intimidate|boost\n|-unboost|p2a: Espeon|atk|1\n|turn|1\n|\n|t:|1699466251\n|-terastallize|p2a: Espeon|Ghost\n|move|p2a: Espeon|Shadow Ball|p1a: Masquerain\n|-damage|p1a: Masquerain|5\/100\n|move|p1a: Masquerain|Sticky Web|p2a: Espeon\n|move|p2a: Espeon|Sticky Web|p1a: Masquerain|[from]ability: Magic Bounce\n|-sidestart|p1: PicoleSexy|move: Sticky Web\n|\n|upkeep\n|turn|2\n|\n|t:|1699466265\n|switch|p1a: Espathra|Espathra, F, shiny|100\/100\n|-activate|p1a: Espathra|move: Sticky Web\n|-unboost|p1a: Espathra|spe|1\n|move|p2a: Espeon|Shadow Ball|p1a: Espathra\n|-immune|p1a: Espathra\n|\n|upkeep\n|turn|3\n|\n|t:|1699466274\n|switch|p2a: Fezandipiti|Fezandipiti, M|100\/100\n|move|p1a: Espathra|Shadow Ball|p2a: Fezandipiti\n|-damage|p2a: Fezandipiti|54\/100\n|\n|-heal|p2a: Fezandipiti|60\/100|[from] item: Leftovers\n|upkeep\n|turn|4\n|\n|t:|1699466283\n|switch|p1a: Iron Treads|Iron Treads|100\/100\n|-activate|p1a: Iron Treads|move: Sticky Web\n|-unboost|p1a: Iron Treads|spe|1\n|move|p2a: Fezandipiti|Poison Jab|p1a: Iron Treads\n|-immune|p1a: Iron Treads\n|\n|-heal|p2a: Fezandipiti|66\/100|[from] item: Leftovers\n|upkeep\n|turn|5\n|\n|t:|1699466293\n|move|p2a: Fezandipiti|Taunt|p1a: Iron Treads\n|-start|p1a: Iron Treads|move: Taunt\n|move|p1a: Iron Treads|Rapid Spin|p2a: Fezandipiti\n|-damage|p2a: Fezandipiti|52\/100\n|-boost|p1a: Iron Treads|spe|1\n|-sideend|p1: PicoleSexy|Sticky Web|[from] move: Rapid Spin|[of] p1a: Iron Treads\n|\n|-heal|p2a: Fezandipiti|59\/100|[from] item: Leftovers\n|upkeep\n|turn|6\n|\n|t:|1699466303\n|switch|p2a: Garchomp|Garchomp, M|100\/100\n|move|p1a: Iron Treads|Earthquake|p2a: Garchomp\n|-damage|p2a: Garchomp|71\/100\n|\n|upkeep\n|turn|7\n|\n|t:|1699466312\n|-end|p1a: Iron Treads|Quark Drive|[silent]\n|switch|p1a: Iron Valiant|Iron Valiant|100\/100\n|-enditem|p1a: Iron Valiant|Booster Energy\n|-activate|p1a: Iron Valiant|ability: Quark Drive|[fromitem]\n|-start|p1a: Iron Valiant|quarkdrivespe\n|move|p2a: Garchomp|Earthquake|p1a: Iron Valiant\n|-damage|p1a: Iron Valiant|44\/100\n|\n|upkeep\n|turn|8\n|\n|t:|1699466324\n|switch|p2a: Scizor|Scizor, F|100\/100\n|move|p1a: Iron Valiant|Spirit Break|p2a: Scizor\n|-resisted|p2a: Scizor\n|-damage|p2a: Scizor|76\/100\n|-unboost|p2a: Scizor|spa|1\n|\n|upkeep\n|turn|9\n|\n|t:|1699466340\n|-end|p1a: Iron Valiant|Quark Drive|[silent]\n|switch|p1a: Espathra|Espathra, F, shiny|100\/100\n|move|p2a: Scizor|Bullet Punch|p1a: Espathra\n|-damage|p1a: Espathra|2\/100\n|replace|p1a: Zoroark|Zoroark-Hisui, F, shiny\n|-end|p1a: Zoroark|Illusion\n|\n|upkeep\n|turn|10\n|\n|t:|1699466352\n|switch|p1a: Iron Treads|Iron Treads|100\/100\n|move|p2a: Scizor|Bullet Punch|p1a: Iron Treads\n|-resisted|p1a: Iron Treads\n|-damage|p1a: Iron Treads|81\/100\n|\n|-heal|p1a: Iron Treads|87\/100|[from] item: Leftovers\n|upkeep\n|turn|11\n|\n|t:|1699466360\n|switch|p2a: Quaquaval|Quaquaval, M|100\/100\n|move|p1a: Iron Treads|Earthquake|p2a: Quaquaval\n|-damage|p2a: Quaquaval|54\/100\n|\n|-heal|p1a: Iron Treads|93\/100|[from] item: Leftovers\n|upkeep\n|turn|12\n|\n|t:|1699466369\n|move|p1a: Iron Treads|Volt Switch|p2a: Quaquaval\n|-supereffective|p2a: Quaquaval\n|-crit|p2a: Quaquaval\n|-damage|p2a: Quaquaval|11\/100\n|\n|t:|1699466374\n|-end|p1a: Iron Treads|Quark Drive|[silent]\n|switch|p1a: Miraidon|Miraidon|100\/100|[from] Volt Switch\n|-fieldstart|move: Electric Terrain|[from] ability: Hadron Engine|[of] p1a: Miraidon\n|-item|p1a: Miraidon|Air Balloon\n|move|p2a: Quaquaval|Aqua Step|p1a: Miraidon\n|-resisted|p1a: Miraidon\n|-damage|p1a: Miraidon|80\/100\n|-boost|p2a: Quaquaval|spe|1\n|-enditem|p1a: Miraidon|Air Balloon\n|\n|upkeep\n|turn|13\n|\n|t:|1699466393\n|move|p2a: Quaquaval|Close Combat|p1a: Miraidon\n|-damage|p1a: Miraidon|21\/100\n|-unboost|p2a: Quaquaval|def|1\n|-unboost|p2a: Quaquaval|spd|1\n|move|p1a: Miraidon|Electro Drift|p2a: Quaquaval\n|-supereffective|p2a: Quaquaval\n|-damage|p2a: Quaquaval|0 fnt\n|faint|p2a: Quaquaval\n|\n|upkeep\n|\n|t:|1699466403\n|switch|p2a: Scizor|Scizor, F|76\/100\n|turn|14\n|\n|t:|1699466408\n|switch|p1a: Iron Treads|Iron Treads|93\/100\n|-activate|p1a: Iron Treads|ability: Quark Drive\n|-start|p1a: Iron Treads|quarkdrivespe\n|move|p2a: Scizor|Bullet Punch|p1a: Iron Treads\n|-resisted|p1a: Iron Treads\n|-damage|p1a: Iron Treads|73\/100\n|\n|-heal|p1a: Iron Treads|79\/100|[from] item: Leftovers\n|upkeep\n|turn|15\n|\n|t:|1699466417\n|switch|p2a: Garchomp|Garchomp, M|71\/100\n|move|p1a: Iron Treads|Earthquake|p2a: Garchomp\n|-damage|p2a: Garchomp|38\/100\n|\n|-heal|p1a: Iron Treads|86\/100|[from] item: Leftovers\n|upkeep\n|turn|16\n|\n|t:|1699466426\n|move|p1a: Iron Treads|Earthquake|p2a: Garchomp\n|-damage|p2a: Garchomp|6\/100\n|move|p2a: Garchomp|Earthquake|p1a: Iron Treads\n|-supereffective|p1a: Iron Treads\n|-damage|p1a: Iron Treads|25\/100\n|\n|-heal|p1a: Iron Treads|31\/100|[from] item: Leftovers\n|-fieldend|move: Electric Terrain\n|-end|p1a: Iron Treads|Quark Drive\n|upkeep\n|turn|17\n|\n|t:|1699466440\n|move|p1a: Iron Treads|Rapid Spin|p2a: Garchomp\n|-damage|p2a: Garchomp|0 fnt\n|-boost|p1a: Iron Treads|spe|1\n|-damage|p1a: Iron Treads|18\/100|[from] ability: Rough Skin|[of] p2a: Garchomp\n|-damage|p1a: Iron Treads|2\/100|[from] item: Rocky Helmet|[of] p2a: Garchomp\n|faint|p2a: Garchomp\n|\n|-heal|p1a: Iron Treads|8\/100|[from] item: Leftovers\n|upkeep\n|\n|t:|1699466448\n|switch|p2a: Scizor|Scizor, F|76\/100\n|turn|18\n|\n|t:|1699466458\n|move|p2a: Scizor|Bullet Punch|p1a: Iron Treads\n|-resisted|p1a: Iron Treads\n|-damage|p1a: Iron Treads|0 fnt\n|faint|p1a: Iron Treads\n|-end|p1a: Iron Treads|Quark Drive|[silent]\n|\n|upkeep\n|\n|t:|1699466467\n|switch|p1a: Miraidon|Miraidon|21\/100\n|-fieldstart|move: Electric Terrain|[from] ability: Hadron Engine|[of] p1a: Miraidon\n|turn|19\n|\n|t:|1699466476\n|move|p2a: Scizor|Bullet Punch|p1a: Miraidon\n|-resisted|p1a: Miraidon\n|-damage|p1a: Miraidon|0 fnt\n|faint|p1a: Miraidon\n|\n|upkeep\n|\n|t:|1699466481\n|switch|p1a: Espathra|Espathra, F, shiny|100\/100\n|-enditem|p1a: Espathra|Electric Seed\n|-boost|p1a: Espathra|def|1|[from] item: Electric Seed\n|turn|20\n|\n|t:|1699466486\n|move|p2a: Scizor|Bullet Punch|p1a: Espathra\n|-damage|p1a: Espathra|68\/100\n|move|p1a: Espathra|Calm Mind|p1a: Espathra\n|-boost|p1a: Espathra|spa|1\n|-boost|p1a: Espathra|spd|1\n|\n|-ability|p1a: Espathra|Speed Boost|boost\n|-boost|p1a: Espathra|spe|1\n|upkeep\n|turn|21\n|\n|t:|1699466494\n|move|p2a: Scizor|Bullet Punch|p1a: Espathra\n|-damage|p1a: Espathra|36\/100\n|move|p1a: Espathra|Calm Mind|p1a: Espathra\n|-boost|p1a: Espathra|spa|1\n|-boost|p1a: Espathra|spd|1\n|\n|-ability|p1a: Espathra|Speed Boost|boost\n|-boost|p1a: Espathra|spe|1\n|upkeep\n|turn|22\n|\n|t:|1699466503\n|move|p2a: Scizor|Bullet Punch|p1a: Espathra\n|-damage|p1a: Espathra|6\/100\n|move|p1a: Espathra|Roost|p1a: Espathra\n|-heal|p1a: Espathra|56\/100\n|-singleturn|p1a: Espathra|move: Roost\n|\n|-ability|p1a: Espathra|Speed Boost|boost\n|-boost|p1a: Espathra|spe|1\n|upkeep\n|turn|23\n|\n|t:|1699466511\n|move|p2a: Scizor|Bullet Punch|p1a: Espathra\n|-damage|p1a: Espathra|22\/100\n|move|p1a: Espathra|Roost|p1a: Espathra\n|-heal|p1a: Espathra|72\/100\n|-singleturn|p1a: Espathra|move: Roost\n|\n|-fieldend|move: Electric Terrain\n|-ability|p1a: Espathra|Speed Boost|boost\n|-boost|p1a: Espathra|spe|1\n|upkeep\n|turn|24\n|\n|t:|1699466525\n|move|p2a: Scizor|Bullet Punch|p1a: Espathra\n|-damage|p1a: Espathra|40\/100\n|move|p1a: Espathra|Stored Power|p2a: Scizor\n|-resisted|p2a: Scizor\n|-damage|p2a: Scizor|0 fnt\n|faint|p2a: Scizor\n|\n|-ability|p1a: Espathra|Speed Boost|boost\n|-boost|p1a: Espathra|spe|1\n|upkeep\n|\n|t:|1699466537\n|switch|p2a: Espeon|Espeon, F, tera:Ghost|100\/100\n|turn|25\n|\n|t:|1699466542\n|move|p1a: Espathra|Stored Power|p2a: Espeon\n|-damage|p2a: Espeon|0 fnt\n|faint|p2a: Espeon\n|\n|-ability|p1a: Espathra|Speed Boost|boost\n|-boost|p1a: Espathra|spe|1\n|upkeep\n|\n|t:|1699466548\n|switch|p2a: Fezandipiti|Fezandipiti, M|59\/100\n|turn|26\n|\n|t:|1699466555\n|move|p1a: Espathra|Stored Power|p2a: Fezandipiti\n|-supereffective|p2a: Fezandipiti\n|-damage|p2a: Fezandipiti|0 fnt\n|faint|p2a: Fezandipiti\n|\n|upkeep\n|\n|t:|1699466559\n|switch|p2a: Ogerpon|Ogerpon-Hearthflame, F|100\/100\n|-ability|p2a: Ogerpon|Mold Breaker\n|turn|27\n|\n|t:|1699466576\n|move|p1a: Espathra|Stored Power|p2a: Ogerpon\n|-damage|p2a: Ogerpon|0 fnt\n|faint|p2a: Ogerpon\n|\n|win|PicoleSexy\n|raw|PicoleSexy's rating: 1061 &rarr; <strong>1096<\/strong><br \/>(+35 for winning)\n|raw|weechunk's rating: 1105 &rarr; <strong>1077<\/strong><br \/>(-28 for losing)\n|l|\u2606weechunk\n","uploadtime":1699466594,"views":10,"p1id":"picolesexy","p2id":"weechunk","formatid":"gen9ubers","rating":1077,"private":0,"password":""}