{"id":"gen9ubers-1978903692","p1":"Yuri_Is_Sweet","p2":"Westhecook","format":"[Gen 9] Ubers","log":"|j|\u2606Yuri_Is_Sweet\n|j|\u2606Westhecook\n|t:|1698608478\n|gametype|singles\n|player|p1|Yuri_Is_Sweet|elesa|\n|player|p2|Westhecook|169|\n|teamsize|p1|6\n|teamsize|p2|6\n|gen|9\n|tier|[Gen 9] Ubers\n|rule|Sleep Clause Mod: Limit one foe put to sleep\n|rule|Species Clause: Limit one of each Pok\u00e9mon\n|rule|OHKO Clause: OHKO moves are banned\n|rule|Evasion Items Clause: Evasion items are banned\n|rule|Evasion Moves Clause: Evasion moves are banned\n|rule|Endless Battle Clause: Forcing endless battles is banned\n|rule|HP Percentage Mod: HP is shown in percentages\n|clearpoke\n|poke|p1|Ninetales-Alola, F|\n|poke|p1|Baxcalibur, F|\n|poke|p1|Chien-Pao|\n|poke|p1|Annihilape, F|\n|poke|p1|Flutter Mane|\n|poke|p1|Basculegion, M|\n|poke|p2|Koraidon|\n|poke|p2|Iron Valiant|\n|poke|p2|Sneasler, F|\n|poke|p2|Kyogre|\n|poke|p2|Toxapex, F|\n|poke|p2|Basculegion, M|\n|teampreview\n|inactive|Battle timer is ON: inactive players will automatically lose when time's up. (requested by Yuri_Is_Sweet)\n|\n|t:|1698608497\n|start\n|switch|p1a: Baxcalibur|Baxcalibur, F, shiny|100\/100\n|switch|p2a: Kyogre|Kyogre|100\/100\n|-weather|RainDance|[from] ability: Drizzle|[of] p2a: Kyogre\n|turn|1\n|\n|t:|1698608525\n|move|p2a: Kyogre|Water Spout|p1a: Baxcalibur\n|-resisted|p1a: Baxcalibur\n|-damage|p1a: Baxcalibur|37\/100\n|move|p1a: Baxcalibur|Dragon Dance|p1a: Baxcalibur\n|-boost|p1a: Baxcalibur|atk|1\n|-boost|p1a: Baxcalibur|spe|1\n|\n|-weather|RainDance|[upkeep]\n|upkeep\n|turn|2\n|\n|t:|1698608533\n|move|p2a: Kyogre|Water Spout|p1a: Baxcalibur\n|-resisted|p1a: Baxcalibur\n|-damage|p1a: Baxcalibur|0 fnt\n|faint|p1a: Baxcalibur\n|\n|-weather|RainDance|[upkeep]\n|upkeep\n|\n|t:|1698608538\n|switch|p1a: Ninetales|Ninetales-Alola, F, shiny|100\/100\n|-weather|Snow|[from] ability: Snow Warning|[of] p1a: Ninetales\n|turn|3\n|\n|t:|1698608547\n|move|p2a: Kyogre|Water Spout|p1a: Ninetales\n|-damage|p1a: Ninetales|4\/100\n|move|p1a: Ninetales|Freeze-Dry|p2a: Kyogre\n|-supereffective|p2a: Kyogre\n|-damage|p2a: Kyogre|58\/100\n|\n|-weather|Snow|[upkeep]\n|upkeep\n|turn|4\n|\n|t:|1698608552\n|move|p2a: Kyogre|Water Spout|p1a: Ninetales\n|-damage|p1a: Ninetales|0 fnt\n|faint|p1a: Ninetales\n|\n|-weather|Snow|[upkeep]\n|upkeep\n|\n|t:|1698608556\n|switch|p1a: Flutter Mane|Flutter Mane, shiny|100\/100\n|-enditem|p1a: Flutter Mane|Booster Energy\n|-activate|p1a: Flutter Mane|ability: Protosynthesis|[fromitem]\n|-start|p1a: Flutter Mane|protosynthesisspe\n|turn|5\n|inactive|Westhecook has 270 seconds left.\n|\n|t:|1698608607\n|switch|p2a: Toxapex|Toxapex, F|100\/100\n|move|p1a: Flutter Mane|Calm Mind|p1a: Flutter Mane\n|-boost|p1a: Flutter Mane|spa|1\n|-boost|p1a: Flutter Mane|spd|1\n|\n|-weather|Snow|[upkeep]\n|upkeep\n|turn|6\n|\n|t:|1698608613\n|move|p1a: Flutter Mane|Shadow Ball|p2a: Toxapex\n|-damage|p2a: Toxapex|43\/100\n|move|p2a: Toxapex|Haze|p2a: Toxapex\n|-clearallboost\n|\n|-weather|Snow|[upkeep]\n|upkeep\n|turn|7\n|\n|t:|1698608618\n|move|p1a: Flutter Mane|Calm Mind|p1a: Flutter Mane\n|-boost|p1a: Flutter Mane|spa|1\n|-boost|p1a: Flutter Mane|spd|1\n|move|p2a: Toxapex|Surf|p1a: Flutter Mane\n|-damage|p1a: Flutter Mane|86\/100\n|\n|-weather|none\n|upkeep\n|turn|8\n|\n|t:|1698608621\n|move|p1a: Flutter Mane|Shadow Ball|p2a: Toxapex\n|-damage|p2a: Toxapex|0 fnt\n|faint|p2a: Toxapex\n|\n|upkeep\n|\n|t:|1698608625\n|switch|p2a: Koraidon|Koraidon|100\/100\n|-weather|SunnyDay|[from] ability: Orichalcum Pulse|[of] p2a: Koraidon\n|-activate|p2a: Koraidon|Orichalcum Pulse|[source]\n|turn|9\n|\n|t:|1698608630\n|-terastallize|p2a: Koraidon|Fire\n|move|p1a: Flutter Mane|Moonblast|p2a: Koraidon\n|-resisted|p2a: Koraidon\n|-damage|p2a: Koraidon|65\/100\n|move|p2a: Koraidon|Flare Blitz|p1a: Flutter Mane\n|-damage|p1a: Flutter Mane|0 fnt\n|faint|p1a: Flutter Mane\n|-end|p1a: Flutter Mane|Protosynthesis|[silent]\n|-damage|p2a: Koraidon|45\/100|[from] Recoil\n|\n|-weather|SunnyDay|[upkeep]\n|upkeep\n|\n|t:|1698608637\n|switch|p1a: Basculegion|Basculegion, M, shiny|100\/100\n|turn|10\n|\n|t:|1698608657\n|switch|p2a: Sneasler|Sneasler, F|100\/100\n|move|p1a: Basculegion|Last Respects|p2a: Sneasler\n|-damage|p2a: Sneasler|0 fnt\n|faint|p2a: Sneasler\n|\n|-weather|SunnyDay|[upkeep]\n|upkeep\n|\n|t:|1698608662\n|switch|p2a: Iron Valiant|Iron Valiant|100\/100\n|-enditem|p2a: Iron Valiant|Booster Energy\n|-activate|p2a: Iron Valiant|ability: Quark Drive|[fromitem]\n|-start|p2a: Iron Valiant|quarkdrivespe\n|turn|11\n|\n|t:|1698608676\n|-terastallize|p1a: Basculegion|Water\n|move|p2a: Iron Valiant|Thunderbolt|p1a: Basculegion\n|-supereffective|p1a: Basculegion\n|-damage|p1a: Basculegion|28\/100\n|move|p1a: Basculegion|Last Respects|p2a: Iron Valiant\n|-damage|p2a: Iron Valiant|0 fnt\n|faint|p2a: Iron Valiant\n|-end|p2a: Iron Valiant|Quark Drive|[silent]\n|\n|-weather|SunnyDay|[upkeep]\n|upkeep\n|\n|t:|1698608688\n|switch|p2a: Koraidon|Koraidon, tera:Fire|45\/100\n|-activate|p2a: Koraidon|ability: Orichalcum Pulse\n|turn|12\n|\n|t:|1698608691\n|move|p2a: Koraidon|U-turn|p1a: Basculegion\n|-damage|p1a: Basculegion|0 fnt\n|faint|p1a: Basculegion\n|\n|t:|1698608693\n|switch|p2a: Kyogre|Kyogre|58\/100|[from] U-turn\n|-weather|RainDance|[from] ability: Drizzle|[of] p2a: Kyogre\n|\n|-weather|RainDance|[upkeep]\n|upkeep\n|\n|t:|1698608697\n|switch|p1a: Annihilape|Annihilape, F, shiny|100\/100\n|turn|13\n|\n|t:|1698608714\n|move|p2a: Kyogre|Origin Pulse|p1a: Annihilape|[miss]\n|-miss|p2a: Kyogre|p1a: Annihilape\n|move|p1a: Annihilape|Close Combat|p2a: Kyogre\n|-damage|p2a: Kyogre|0 fnt\n|-unboost|p1a: Annihilape|def|1\n|-unboost|p1a: Annihilape|spd|1\n|faint|p2a: Kyogre\n|\n|-weather|RainDance|[upkeep]\n|upkeep\n|\n|t:|1698608720\n|switch|p2a: Basculegion|Basculegion, M|100\/100\n|turn|14\n|\n|t:|1698608729\n|move|p2a: Basculegion|Last Respects|p1a: Annihilape\n|-supereffective|p1a: Annihilape\n|-damage|p1a: Annihilape|0 fnt\n|faint|p1a: Annihilape\n|-damage|p2a: Basculegion|91\/100|[from] item: Life Orb\n|\n|-weather|RainDance|[upkeep]\n|upkeep\n|\n|t:|1698608731\n|switch|p1a: Chien-Pao|Chien-Pao|100\/100\n|-ability|p1a: Chien-Pao|Sword of Ruin\n|turn|15\n|\n|t:|1698608752\n|move|p2a: Basculegion|Substitute|p2a: Basculegion\n|-start|p2a: Basculegion|Substitute\n|-damage|p2a: Basculegion|66\/100\n|move|p1a: Chien-Pao|Crunch|p2a: Basculegion\n|-supereffective|p2a: Basculegion\n|-end|p2a: Basculegion|Substitute\n|\n|-weather|RainDance|[upkeep]\n|upkeep\n|turn|16\n|\n|t:|1698608755\n|move|p2a: Basculegion|Wave Crash|p1a: Chien-Pao\n|-damage|p1a: Chien-Pao|0 fnt\n|faint|p1a: Chien-Pao\n|-damage|p2a: Basculegion|43\/100|[from] Recoil\n|-damage|p2a: Basculegion|33\/100|[from] item: Life Orb\n|\n|win|Westhecook\n|c|\u2606Yuri_Is_Sweet|My set didn\u2019t have sucker punch\n|c|\u2606Yuri_Is_Sweet|I could\u2019ve sworn I put sucker punch on\n","uploadtime":1698608758,"views":11,"p1id":"yuriissweet","p2id":"westhecook","formatid":"gen9ubers","rating":0,"private":0,"password":""}