{"id":"gen9ubers-1997889406","p1":"Augodyne","p2":"PizzaTowerEpic","format":"[Gen 9] Ubers","log":"|j|\u2606Augodyne\n|j|\u2606PizzaTowerEpic\n|t:|1700864067\n|gametype|singles\n|player|p1|Augodyne|aromalady|\n|player|p2|PizzaTowerEpic|baker|\n|teamsize|p1|6\n|teamsize|p2|6\n|gen|9\n|tier|[Gen 9] Ubers\n|rule|Sleep Clause Mod: Limit one foe put to sleep\n|rule|Species Clause: Limit one of each Pok\u00e9mon\n|rule|OHKO Clause: OHKO moves are banned\n|rule|Evasion Items Clause: Evasion items are banned\n|rule|Evasion Moves Clause: Evasion moves are banned\n|rule|Endless Battle Clause: Forcing endless battles is banned\n|rule|HP Percentage Mod: HP is shown in percentages\n|clearpoke\n|poke|p1|Grimmsnarl, M|\n|poke|p1|Weavile, M|\n|poke|p1|Hydreigon, F|\n|poke|p1|Zoroark-Hisui, F|\n|poke|p1|Gurdurr, M|\n|poke|p1|Toxapex, F|\n|poke|p2|Landorus-Therian, M|\n|poke|p2|Salazzle, F|\n|poke|p2|Tornadus-Therian, M|\n|poke|p2|Mienshao, M|\n|poke|p2|Florges-White, F|\n|poke|p2|Abomasnow, F|\n|teampreview\n|\n|t:|1700864085\n|start\n|switch|p1a: The fat lady|Toxapex, F|100\/100\n|switch|p2a: Insane3|Tornadus-Therian, M|100\/100\n|turn|1\n|j| Aeziolu\n|\n|t:|1700864093\n|move|p1a: The fat lady|Trick|p2a: Insane3\n|-activate|p1a: The fat lady|move: Trick|[of] p2a: Insane3\n|-item|p2a: Insane3|Choice Scarf|[from] move: Trick\n|-item|p1a: The fat lady|Eject Button|[from] move: Trick\n|move|p2a: Insane3|Sunny Day|p2a: Insane3\n|-weather|SunnyDay\n|\n|-weather|SunnyDay|[upkeep]\n|upkeep\n|turn|2\n|\n|t:|1700864113\n|switch|p2a: Insane|Landorus-Therian, M|100\/100\n|-ability|p2a: Insane|Intimidate|boost\n|-unboost|p1a: The fat lady|atk|1\n|move|p1a: The fat lady|Flamethrower|p2a: Insane\n|-damage|p2a: Insane|50\/100\n|\n|-weather|SunnyDay|[upkeep]\n|upkeep\n|turn|3\n|j| frokathan\n|j| jacklives\n|\n|t:|1700864137\n|move|p1a: The fat lady|Flamethrower|p2a: Insane\n|-damage|p2a: Insane|5\/100\n|move|p2a: Insane|Stealth Rock|p1a: The fat lady\n|-sidestart|p1: Augodyne|move: Stealth Rock\n|\n|-weather|SunnyDay|[upkeep]\n|upkeep\n|turn|4\n|l| frokathan\n|\n|t:|1700864144\n|move|p1a: The fat lady|Flamethrower|p2a: Insane\n|-damage|p2a: Insane|0 fnt\n|faint|p2a: Insane\n|\n|-weather|SunnyDay|[upkeep]\n|upkeep\n|j| frokathan\n|\n|t:|1700864148\n|switch|p2a: Insane2|Salazzle, F|100\/100\n|turn|5\n|\n|t:|1700864152\n|move|p2a: Insane2|Overheat|p1a: The fat lady\n|-damage|p1a: The fat lady|0 fnt\n|-unboost|p2a: Insane2|spa|2\n|replace|p1a: Zoroark|Zoroark-Hisui, F\n|-end|p1a: Zoroark|Illusion\n|faint|p1a: Zoroark\n|\n|-weather|none\n|upkeep\n|\n|t:|1700864161\n|switch|p1a: Gurdurr|Gurdurr, M|100\/100\n|-damage|p1a: Gurdurr|94\/100|[from] Stealth Rock\n|turn|6\n|\n|t:|1700864165\n|move|p2a: Insane2|Overheat|p1a: Gurdurr\n|-damage|p1a: Gurdurr|57\/100\n|-unboost|p2a: Insane2|spa|2\n|move|p1a: Gurdurr|Bulk Up|p1a: Gurdurr\n|-boost|p1a: Gurdurr|atk|1\n|-boost|p1a: Gurdurr|def|1\n|\n|upkeep\n|turn|7\n|\n|t:|1700864176\n|switch|p2a: Insane3|Tornadus-Therian, M|100\/100\n|move|p1a: Gurdurr|Bulk Up|p1a: Gurdurr\n|-boost|p1a: Gurdurr|atk|1\n|-boost|p1a: Gurdurr|def|1\n|\n|upkeep\n|turn|8\n|\n|t:|1700864185\n|move|p2a: Insane3|Sunny Day|p2a: Insane3\n|-weather|SunnyDay\n|move|p1a: Gurdurr|Knock Off|p2a: Insane3\n|-damage|p2a: Insane3|39\/100\n|-enditem|p2a: Insane3|Choice Scarf|[from] move: Knock Off|[of] p1a: Gurdurr\n|\n|-weather|SunnyDay|[upkeep]\n|upkeep\n|turn|9\n|j| solarialmp4\n|\n|t:|1700864196\n|-terastallize|p1a: Gurdurr|Fighting\n|move|p1a: Gurdurr|Mach Punch|p2a: Insane3\n|-resisted|p2a: Insane3\n|-damage|p2a: Insane3|10\/100\n|move|p2a: Insane3|Knock Off|p1a: Gurdurr\n|-resisted|p1a: Gurdurr\n|-damage|p1a: Gurdurr|54\/100\n|-enditem|p1a: Gurdurr|Eviolite|[from] move: Knock Off|[of] p2a: Insane3\n|\n|-weather|SunnyDay|[upkeep]\n|upkeep\n|turn|10\n|\n|t:|1700864208\n|move|p1a: Gurdurr|Mach Punch|p2a: Insane3\n|-resisted|p2a: Insane3\n|-damage|p2a: Insane3|0 fnt\n|faint|p2a: Insane3\n|\n|-weather|SunnyDay|[upkeep]\n|upkeep\n|\n|t:|1700864214\n|switch|p2a: Insane2|Salazzle, F|100\/100\n|turn|11\n|\n|t:|1700864222\n|move|p1a: Gurdurr|Mach Punch|p2a: Insane2\n|-resisted|p2a: Insane2\n|-damage|p2a: Insane2|50\/100\n|move|p2a: Insane2|Overheat|p1a: Gurdurr\n|-damage|p1a: Gurdurr|0 fnt\n|-unboost|p2a: Insane2|spa|2\n|faint|p1a: Gurdurr\n|\n|-weather|SunnyDay|[upkeep]\n|upkeep\n|\n|t:|1700864230\n|switch|p1a: Grimmsnarl|Grimmsnarl, M|100\/100\n|-damage|p1a: Grimmsnarl|88\/100|[from] Stealth Rock\n|turn|12\n|\n|t:|1700864242\n|move|p1a: Grimmsnarl|Light Screen|p1a: Grimmsnarl\n|-sidestart|p1: Augodyne|move: Light Screen\n|move|p2a: Insane2|Overheat|p1a: Grimmsnarl\n|-damage|p1a: Grimmsnarl|64\/100\n|-unboost|p2a: Insane2|spa|2\n|\n|-weather|none\n|upkeep\n|turn|13\n|\n|t:|1700864250\n|switch|p2a: sol lol|Abomasnow, F|100\/100\n|-weather|Snow|[from] ability: Snow Warning|[of] p2a: sol lol\n|move|p1a: Grimmsnarl|Reflect|p1a: Grimmsnarl\n|-sidestart|p1: Augodyne|Reflect\n|\n|-weather|Snow|[upkeep]\n|upkeep\n|turn|14\n|\n|t:|1700864256\n|move|p1a: Grimmsnarl|Parting Shot|p2a: sol lol\n|-unboost|p2a: sol lol|atk|1\n|-unboost|p2a: sol lol|spa|1\n|\n|t:|1700864260\n|switch|p1a: Weavile|Weavile, M|100\/100|[from] Parting Shot\n|-damage|p1a: Weavile|76\/100|[from] Stealth Rock\n|-ability|p1a: Weavile|Pressure\n|move|p2a: sol lol|Aurora Veil|p2a: sol lol\n|-sidestart|p2: PizzaTowerEpic|move: Aurora Veil\n|\n|-weather|Snow|[upkeep]\n|upkeep\n|turn|15\n|\n|t:|1700864283\n|switch|p2a: Insane4|Mienshao, M|100\/100\n|move|p1a: Weavile|Swords Dance|p1a: Weavile\n|-boost|p1a: Weavile|atk|2\n|\n|-weather|Snow|[upkeep]\n|upkeep\n|turn|16\n|\n|t:|1700864290\n|move|p1a: Weavile|Trailblaze|p2a: Insane4\n|-damage|p2a: Insane4|75\/100\n|-boost|p1a: Weavile|spe|1\n|move|p2a: Insane4|Brick Break|p1a: Weavile\n|-sideend|p1: Augodyne|Reflect\n|-sideend|p1: Augodyne|move: Light Screen\n|-supereffective|p1a: Weavile\n|-damage|p1a: Weavile|0 fnt\n|faint|p1a: Weavile\n|\n|-weather|Snow|[upkeep]\n|-heal|p2a: Insane4|81\/100|[from] item: Leftovers\n|upkeep\n|l| frokathan\n|\n|t:|1700864322\n|switch|p1a: The fat lady|Toxapex, F|100\/100\n|-damage|p1a: The fat lady|88\/100|[from] Stealth Rock\n|turn|17\n|\n|t:|1700864332\n|move|p2a: Insane4|Knock Off|p1a: The fat lady\n|-damage|p1a: The fat lady|67\/100\n|-enditem|p1a: The fat lady|Leftovers|[from] move: Knock Off|[of] p2a: Insane4\n|move|p1a: The fat lady|Toxic|p2a: Insane4\n|-status|p2a: Insane4|tox\n|\n|-weather|none\n|-heal|p2a: Insane4|87\/100 tox|[from] item: Leftovers\n|-damage|p2a: Insane4|81\/100 tox|[from] psn\n|upkeep\n|turn|18\n|\n|t:|1700864347\n|switch|p2a: Insane2|Salazzle, F|50\/100\n|move|p1a: The fat lady|Surf|p2a: Insane2\n|-supereffective|p2a: Insane2\n|-damage|p2a: Insane2|16\/100\n|\n|upkeep\n|turn|19\n|\n|t:|1700864365\n|move|p2a: Insane2|Overheat|p1a: The fat lady|[miss]\n|-miss|p2a: Insane2|p1a: The fat lady\n|move|p1a: The fat lady|Surf|p2a: Insane2\n|-supereffective|p2a: Insane2\n|-damage|p2a: Insane2|0 fnt\n|faint|p2a: Insane2\n|\n|upkeep\n|\n|t:|1700864381\n|switch|p2a: sol lol|Abomasnow, F|100\/100\n|-weather|Snow|[from] ability: Snow Warning|[of] p2a: sol lol\n|turn|20\n|\n|t:|1700864386\n|move|p2a: sol lol|Leech Seed|p1a: The fat lady\n|-start|p1a: The fat lady|move: Leech Seed\n|move|p1a: The fat lady|Toxic|p2a: sol lol\n|-status|p2a: sol lol|tox\n|\n|-weather|Snow|[upkeep]\n|-damage|p1a: The fat lady|55\/100|[from] Leech Seed|[of] p2a: sol lol\n|-damage|p2a: sol lol|94\/100 tox|[from] psn\n|upkeep\n|turn|21\n|\n|t:|1700864395\n|switch|p1a: Hydreigon|Hydreigon, F|100\/100\n|-damage|p1a: Hydreigon|88\/100|[from] Stealth Rock\n|move|p2a: sol lol|Blizzard|p1a: Hydreigon\n|-supereffective|p1a: Hydreigon\n|-damage|p1a: Hydreigon|14\/100\n|\n|-weather|Snow|[upkeep]\n|-damage|p2a: sol lol|82\/100 tox|[from] psn\n|-sideend|p2: PizzaTowerEpic|move: Aurora Veil\n|upkeep\n|turn|22\n|\n|t:|1700864410\n|move|p1a: Hydreigon|Draco Meteor|p2a: sol lol\n|-damage|p2a: sol lol|22\/100 tox\n|-unboost|p1a: Hydreigon|spa|2\n|-damage|p1a: Hydreigon|4\/100|[from] item: Life Orb\n|move|p2a: sol lol|Aurora Veil|p2a: sol lol\n|-sidestart|p2: PizzaTowerEpic|move: Aurora Veil\n|\n|-weather|Snow|[upkeep]\n|-damage|p2a: sol lol|3\/100 tox|[from] psn\n|upkeep\n|turn|23\n|\n|t:|1700864421\n|switch|p2a: Insane-whiute|Florges-White, F, shiny|100\/100\n|move|p1a: Hydreigon|Dark Pulse|p2a: Insane-whiute\n|-resisted|p2a: Insane-whiute\n|-crit|p2a: Insane-whiute\n|-damage|p2a: Insane-whiute|77\/100\n|-damage|p1a: Hydreigon|0 fnt|[from] item: Life Orb\n|faint|p1a: Hydreigon\n|\n|-weather|Snow|[upkeep]\n|-heal|p2a: Insane-whiute|83\/100|[from] item: Leftovers\n|upkeep\n|\n|t:|1700864431\n|switch|p1a: Grimmsnarl|Grimmsnarl, M|64\/100\n|-damage|p1a: Grimmsnarl|52\/100|[from] Stealth Rock\n|turn|24\n|\n|t:|1700864437\n|move|p1a: Grimmsnarl|Light Screen|p1a: Grimmsnarl\n|-sidestart|p1: Augodyne|move: Light Screen\n|move|p2a: Insane-whiute|Calm Mind|p2a: Insane-whiute\n|-boost|p2a: Insane-whiute|spa|1\n|-boost|p2a: Insane-whiute|spd|1\n|\n|-weather|none\n|-heal|p2a: Insane-whiute|89\/100|[from] item: Leftovers\n|upkeep\n|turn|25\n|\n|t:|1700864444\n|move|p1a: Grimmsnarl|Parting Shot|p2a: Insane-whiute\n|-unboost|p2a: Insane-whiute|atk|1\n|-unboost|p2a: Insane-whiute|spa|1\n|\n|t:|1700864448\n|switch|p1a: The fat lady|Toxapex, F|88\/100|[from] Parting Shot\n|-damage|p1a: The fat lady|75\/100|[from] Stealth Rock\n|move|p2a: Insane-whiute|Calm Mind|p2a: Insane-whiute\n|-boost|p2a: Insane-whiute|spa|1\n|-boost|p2a: Insane-whiute|spd|1\n|\n|-heal|p2a: Insane-whiute|95\/100|[from] item: Leftovers\n|upkeep\n|turn|26\n|\n|t:|1700864464\n|move|p2a: Insane-whiute|Moonblast|p1a: The fat lady\n|-resisted|p1a: The fat lady\n|-damage|p1a: The fat lady|62\/100\n|move|p1a: The fat lady|Toxic|p2a: Insane-whiute\n|-status|p2a: Insane-whiute|tox\n|\n|-heal|p2a: Insane-whiute|100\/100 tox|[from] item: Leftovers\n|-damage|p2a: Insane-whiute|94\/100 tox|[from] psn\n|upkeep\n|turn|27\n|\n|t:|1700864490\n|move|p2a: Insane-whiute|Calm Mind|p2a: Insane-whiute\n|-boost|p2a: Insane-whiute|spa|1\n|-boost|p2a: Insane-whiute|spd|1\n|move|p1a: The fat lady|Haze|p1a: The fat lady\n|-clearallboost\n|\n|-heal|p2a: Insane-whiute|100\/100 tox|[from] item: Leftovers\n|-damage|p2a: Insane-whiute|88\/100 tox|[from] psn\n|upkeep\n|turn|28\n|\n|t:|1700864499\n|move|p2a: Insane-whiute|Moonblast|p1a: The fat lady\n|-resisted|p1a: The fat lady\n|-damage|p1a: The fat lady|53\/100\n|-unboost|p1a: The fat lady|spa|1\n|move|p1a: The fat lady|Surf|p2a: Insane-whiute\n|-damage|p2a: Insane-whiute|84\/100 tox\n|\n|-heal|p2a: Insane-whiute|90\/100 tox|[from] item: Leftovers\n|-damage|p2a: Insane-whiute|72\/100 tox|[from] psn\n|upkeep\n|turn|29\n|\n|t:|1700864520\n|move|p2a: Insane-whiute|Calm Mind|p2a: Insane-whiute\n|-boost|p2a: Insane-whiute|spa|1\n|-boost|p2a: Insane-whiute|spd|1\n|move|p1a: The fat lady|Recover|p1a: The fat lady\n|-heal|p1a: The fat lady|100\/100\n|\n|-heal|p2a: Insane-whiute|78\/100 tox|[from] item: Leftovers\n|-damage|p2a: Insane-whiute|54\/100 tox|[from] psn\n|-sideend|p2: PizzaTowerEpic|move: Aurora Veil\n|upkeep\n|turn|30\n|\n|t:|1700864537\n|move|p2a: Insane-whiute|Giga Drain|p1a: The fat lady\n|-damage|p1a: The fat lady|86\/100\n|-heal|p2a: Insane-whiute|60\/100 tox|[from] drain|[of] p1a: The fat lady\n|move|p1a: The fat lady|Surf|p2a: Insane-whiute\n|-damage|p2a: Insane-whiute|55\/100 tox\n|\n|-heal|p2a: Insane-whiute|61\/100 tox|[from] item: Leftovers\n|-damage|p2a: Insane-whiute|30\/100 tox|[from] psn\n|upkeep\n|turn|31\n|\n|t:|1700864548\n|move|p2a: Insane-whiute|Giga Drain|p1a: The fat lady\n|-damage|p1a: The fat lady|70\/100\n|-heal|p2a: Insane-whiute|37\/100 tox|[from] drain|[of] p1a: The fat lady\n|move|p1a: The fat lady|Surf|p2a: Insane-whiute\n|-damage|p2a: Insane-whiute|31\/100 tox\n|\n|-heal|p2a: Insane-whiute|37\/100 tox|[from] item: Leftovers\n|-damage|p2a: Insane-whiute|1\/100 tox|[from] psn\n|-sideend|p1: Augodyne|move: Light Screen\n|upkeep\n|turn|32\n|\n|t:|1700864560\n|switch|p1a: Grimmsnarl|Grimmsnarl, M|52\/100\n|-damage|p1a: Grimmsnarl|39\/100|[from] Stealth Rock\n|move|p2a: Insane-whiute|Giga Drain|p1a: Grimmsnarl\n|-damage|p1a: Grimmsnarl|11\/100\n|-heal|p2a: Insane-whiute|16\/100 tox|[from] drain|[of] p1a: Grimmsnarl\n|\n|-heal|p2a: Insane-whiute|22\/100 tox|[from] item: Leftovers\n|-damage|p2a: Insane-whiute|0 fnt|[from] psn\n|faint|p2a: Insane-whiute\n|upkeep\n|\n|t:|1700864567\n|switch|p2a: Insane4|Mienshao, M|100\/100 tox\n|turn|33\n|\n|t:|1700864575\n|move|p1a: Grimmsnarl|Reflect|p1a: Grimmsnarl\n|-sidestart|p1: Augodyne|Reflect\n|move|p2a: Insane4|Brick Break|p1a: Grimmsnarl\n|-sideend|p1: Augodyne|Reflect\n|-damage|p1a: Grimmsnarl|0 fnt\n|faint|p1a: Grimmsnarl\n|\n|-damage|p2a: Insane4|95\/100 tox|[from] psn\n|upkeep\n|\n|t:|1700864582\n|switch|p1a: The fat lady|Toxapex, F|100\/100\n|-damage|p1a: The fat lady|88\/100|[from] Stealth Rock\n|turn|34\n|\n|t:|1700864590\n|move|p2a: Insane4|Bulk Up|p2a: Insane4\n|-boost|p2a: Insane4|atk|1\n|-boost|p2a: Insane4|def|1\n|move|p1a: The fat lady|Surf|p2a: Insane4\n|-damage|p2a: Insane4|67\/100 tox\n|\n|-heal|p2a: Insane4|73\/100 tox|[from] item: Leftovers\n|-damage|p2a: Insane4|61\/100 tox|[from] psn\n|upkeep\n|turn|35\n|\n|t:|1700864598\n|move|p2a: Insane4|Brick Break|p1a: The fat lady\n|-resisted|p1a: The fat lady\n|-damage|p1a: The fat lady|69\/100\n|move|p1a: The fat lady|Haze|p1a: The fat lady\n|-clearallboost\n|\n|-heal|p2a: Insane4|67\/100 tox|[from] item: Leftovers\n|-damage|p2a: Insane4|49\/100 tox|[from] psn\n|upkeep\n|turn|36\n|\n|t:|1700864607\n|move|p2a: Insane4|Brick Break|p1a: The fat lady\n|-resisted|p1a: The fat lady\n|-damage|p1a: The fat lady|56\/100\n|move|p1a: The fat lady|Surf|p2a: Insane4\n|-damage|p2a: Insane4|20\/100 tox\n|\n|-heal|p2a: Insane4|26\/100 tox|[from] item: Leftovers\n|-damage|p2a: Insane4|2\/100 tox|[from] psn\n|upkeep\n|turn|37\n|\n|t:|1700864616\n|move|p2a: Insane4|Brick Break|p1a: The fat lady\n|-resisted|p1a: The fat lady\n|-damage|p1a: The fat lady|44\/100\n|move|p1a: The fat lady|Recover|p1a: The fat lady\n|-heal|p1a: The fat lady|94\/100\n|\n|-heal|p2a: Insane4|8\/100 tox|[from] item: Leftovers\n|-damage|p2a: Insane4|0 fnt|[from] psn\n|faint|p2a: Insane4\n|upkeep\n|\n|t:|1700864620\n|switch|p2a: sol lol|Abomasnow, F|3\/100 tox\n|-weather|Snow|[from] ability: Snow Warning|[of] p2a: sol lol\n|turn|38\n|\n|t:|1700864628\n|move|p2a: sol lol|Outrage|p1a: The fat lady\n|-damage|p1a: The fat lady|78\/100\n|move|p1a: The fat lady|Recover|p1a: The fat lady\n|-heal|p1a: The fat lady|100\/100\n|\n|-weather|Snow|[upkeep]\n|-damage|p2a: sol lol|0 fnt|[from] psn\n|faint|p2a: sol lol\n|\n|win|Augodyne\n|upkeep\n","uploadtime":1700864638,"views":3,"p1id":"augodyne","p2id":"pizzatowerepic","formatid":"gen9ubers","rating":0,"private":0,"password":""}