{"id":"gen9ubers-1972029037","p1":"Tipo Shitstorm","p2":"MeteorAsh15","format":"[Gen 9] Ubers","log":"|j|\u2606Tipo Shitstorm\n|j|\u2606MeteorAsh15\n|t:|1697806457\n|gametype|singles\n|player|p1|Tipo Shitstorm|teamrocket|1274\n|player|p2|MeteorAsh15|nate|1234\n|teamsize|p1|6\n|teamsize|p2|6\n|gen|9\n|tier|[Gen 9] Ubers\n|rated|\n|rule|Sleep Clause Mod: Limit one foe put to sleep\n|rule|Species Clause: Limit one of each Pok\u00e9mon\n|rule|OHKO Clause: OHKO moves are banned\n|rule|Evasion Items Clause: Evasion items are banned\n|rule|Evasion Moves Clause: Evasion moves are banned\n|rule|Endless Battle Clause: Forcing endless battles is banned\n|rule|HP Percentage Mod: HP is shown in percentages\n|clearpoke\n|poke|p1|Shaymin-Sky|\n|poke|p1|Volcarona, F|\n|poke|p1|Flutter Mane|\n|poke|p1|Regieleki|\n|poke|p1|Groudon|\n|poke|p1|Great Tusk|\n|poke|p2|Baxcalibur, F|\n|poke|p2|Ninetales-Alola, F|\n|poke|p2|Koraidon|\n|poke|p2|Zacian-*|\n|poke|p2|Tornadus, M|\n|poke|p2|Ribombee, F|\n|teampreview\n|inactive|Battle timer is ON: inactive players will automatically lose when time's up. (requested by Tipo Shitstorm)\n|inactive|Tipo Shitstorm has 120 seconds left.\n|\n|t:|1697806488\n|start\n|switch|p1a: Regieleki|Regieleki|100\/100\n|switch|p2a: Ribombee|Ribombee, F, shiny|100\/100\n|turn|1\n|\n|t:|1697806495\n|move|p1a: Regieleki|Thunderbolt|p2a: Ribombee\n|-damage|p2a: Ribombee|32\/100\n|-status|p2a: Ribombee|par\n|move|p2a: Ribombee|Sticky Web|p1a: Regieleki\n|-sidestart|p1: Tipo Shitstorm|move: Sticky Web\n|\n|upkeep\n|turn|2\n|inactive|Tipo Shitstorm has 120 seconds left.\n|\n|t:|1697806547\n|move|p1a: Regieleki|Rapid Spin|p2a: Ribombee\n|-damage|p2a: Ribombee|0 fnt\n|-boost|p1a: Regieleki|spe|1\n|-sideend|p1: Tipo Shitstorm|Sticky Web|[from] move: Rapid Spin|[of] p1a: Regieleki\n|faint|p2a: Ribombee\n|\n|upkeep\n|\n|t:|1697806553\n|switch|p2a: Koraidon|Koraidon|100\/100\n|-weather|SunnyDay|[from] ability: Orichalcum Pulse|[of] p2a: Koraidon\n|-activate|p2a: Koraidon|Orichalcum Pulse|[source]\n|turn|3\n|\n|t:|1697806559\n|move|p1a: Regieleki|Thunderbolt|p2a: Koraidon\n|-resisted|p2a: Koraidon\n|-damage|p2a: Koraidon|81\/100\n|move|p2a: Koraidon|Dragon Tail|p1a: Regieleki\n|-damage|p1a: Regieleki|1\/100\n|drag|p1a: Shaymin|Shaymin-Sky|100\/100\n|\n|-weather|SunnyDay|[upkeep]\n|upkeep\n|turn|4\n|inactive|Tipo Shitstorm has 120 seconds left.\n|\n|t:|1697806568\n|move|p2a: Koraidon|Flare Blitz|p1a: Shaymin\n|-supereffective|p1a: Shaymin\n|-damage|p1a: Shaymin|0 fnt\n|faint|p1a: Shaymin\n|-damage|p2a: Koraidon|48\/100|[from] Recoil\n|\n|-weather|SunnyDay|[upkeep]\n|upkeep\n|inactive|Tipo Shitstorm has 120 seconds left.\n|\n|t:|1697806595\n|switch|p1a: Flutter Mane|Flutter Mane|100\/100\n|-activate|p1a: Flutter Mane|ability: Protosynthesis\n|-start|p1a: Flutter Mane|protosynthesisspe\n|turn|5\n|\n|t:|1697806607\n|move|p1a: Flutter Mane|Moonblast|p2a: Koraidon\n|-supereffective|p2a: Koraidon\n|-damage|p2a: Koraidon|0 fnt\n|faint|p2a: Koraidon\n|\n|-weather|SunnyDay|[upkeep]\n|upkeep\n|\n|t:|1697806613\n|switch|p2a: Zacian|Zacian-Crowned, shiny|100\/100\n|-ability|p2a: Zacian|Intrepid Sword|boost\n|-boost|p2a: Zacian|atk|1\n|turn|6\n|inactive|Tipo Shitstorm has 120 seconds left.\n|\n|t:|1697806631\n|-end|p1a: Flutter Mane|Protosynthesis|[silent]\n|switch|p1a: Volcarona|Volcarona, F|100\/100\n|move|p2a: Zacian|Behemoth Blade|p1a: Volcarona\n|-resisted|p1a: Volcarona\n|-damage|p1a: Volcarona|32\/100\n|\n|-weather|SunnyDay|[upkeep]\n|upkeep\n|turn|7\n|\n|t:|1697806640\n|move|p2a: Zacian|Behemoth Blade|p1a: Volcarona\n|-resisted|p1a: Volcarona\n|-crit|p1a: Volcarona\n|-damage|p1a: Volcarona|0 fnt\n|faint|p1a: Volcarona\n|\n|-weather|none\n|upkeep\n|\n|t:|1697806644\n|switch|p1a: Groudon|Groudon|100\/100\n|-weather|SunnyDay|[from] ability: Drought|[of] p1a: Groudon\n|turn|8\n|\n|t:|1697806655\n|-terastallize|p2a: Zacian|Fairy\n|move|p2a: Zacian|Play Rough|p1a: Groudon\n|-damage|p1a: Groudon|26\/100\n|move|p1a: Groudon|Eruption|p2a: Zacian\n|-crit|p2a: Zacian\n|-damage|p2a: Zacian|73\/100\n|\n|-weather|SunnyDay|[upkeep]\n|upkeep\n|turn|9\n|-message|Tipo Shitstorm forfeited.\n|\n|win|MeteorAsh15\n|raw|Tipo Shitstorm's rating: 1274 &rarr; <strong>1246<\/strong><br \/>(-28 for losing)\n|raw|MeteorAsh15's rating: 1234 &rarr; <strong>1262<\/strong><br \/>(+28 for winning)\n|l|\u2606Tipo Shitstorm\n","uploadtime":1697806672,"views":8,"p1id":"tiposhitstorm","p2id":"meteorash15","formatid":"gen9ubers","rating":1246,"private":0,"password":""}