{"id":"gen9ubers-1982674095","p1":"SadaShidz\ufe0f","p2":"FRicks96","format":"[Gen 9] Ubers","log":"|j|\u2606SadaShidz\ufe0f\n|j|\u2606FRicks96\n|t:|1699034739\n|gametype|singles\n|player|p1|SadaShidz\ufe0f|sada-ai|1187\n|player|p2|FRicks96|169|1094\n|teamsize|p1|6\n|teamsize|p2|6\n|gen|9\n|tier|[Gen 9] Ubers\n|rated|\n|rule|Sleep Clause Mod: Limit one foe put to sleep\n|rule|Species Clause: Limit one of each Pok\u00e9mon\n|rule|OHKO Clause: OHKO moves are banned\n|rule|Evasion Items Clause: Evasion items are banned\n|rule|Evasion Moves Clause: Evasion moves are banned\n|rule|Endless Battle Clause: Forcing endless battles is banned\n|rule|HP Percentage Mod: HP is shown in percentages\n|clearpoke\n|poke|p1|Glimmora, F|\n|poke|p1|Landorus-Therian, M|\n|poke|p1|Arceus-Ghost|\n|poke|p1|Iron Valiant|\n|poke|p1|Polteageist-Antique|\n|poke|p1|Kingambit, M|\n|poke|p2|Zacian-*|\n|poke|p2|Flutter Mane|\n|poke|p2|Ting-Lu|\n|poke|p2|Amoonguss, M|\n|poke|p2|Darkrai|\n|poke|p2|Dragonite, M|\n|teampreview\n|inactive|Battle timer is ON: inactive players will automatically lose when time's up. (requested by SadaShidz\ufe0f)\n|\n|t:|1699034759\n|start\n|switch|p1a: Mora The Explorer|Glimmora, F|100\/100\n|switch|p2a: Ting-Lu|Ting-Lu|100\/100\n|-ability|p2a: Ting-Lu|Vessel of Ruin\n|turn|1\n|\n|t:|1699034779\n|move|p1a: Mora The Explorer|Stealth Rock|p2a: Ting-Lu\n|-sidestart|p2: FRicks96|move: Stealth Rock\n|move|p2a: Ting-Lu|Stealth Rock|p1a: Mora The Explorer\n|-sidestart|p1: SadaShidz\ufe0f|move: Stealth Rock\n|\n|upkeep\n|turn|2\n|\n|t:|1699034794\n|switch|p1a: Lan Dan|Landorus-Therian, M, shiny|100\/100\n|-damage|p1a: Lan Dan|88\/100|[from] Stealth Rock\n|-ability|p1a: Lan Dan|Intimidate|boost\n|-unboost|p2a: Ting-Lu|atk|1\n|move|p2a: Ting-Lu|Spikes|p1a: Lan Dan\n|-sidestart|p1: SadaShidz\ufe0f|Spikes\n|\n|upkeep\n|turn|3\n|\n|t:|1699034802\n|move|p1a: Lan Dan|Grass Knot|p2a: Ting-Lu\n|-supereffective|p2a: Ting-Lu\n|-damage|p2a: Ting-Lu|76\/100\n|move|p2a: Ting-Lu|Ruination|p1a: Lan Dan\n|-damage|p1a: Lan Dan|44\/100\n|\n|-heal|p2a: Ting-Lu|82\/100|[from] item: Leftovers\n|upkeep\n|turn|4\n|\n|t:|1699034810\n|move|p1a: Lan Dan|Earthquake|p2a: Ting-Lu\n|-damage|p2a: Ting-Lu|49\/100\n|move|p2a: Ting-Lu|Whirlwind|p1a: Lan Dan\n|drag|p1a: Yamz|Arceus-Ghost, shiny|100\/100\n|-damage|p1a: Yamz|88\/100|[from] Stealth Rock\n|-damage|p1a: Yamz|76\/100|[from] Spikes\n|\n|-heal|p2a: Ting-Lu|56\/100|[from] item: Leftovers\n|upkeep\n|turn|5\n|\n|t:|1699034819\n|move|p1a: Yamz|Focus Blast|p2a: Ting-Lu\n|-supereffective|p2a: Ting-Lu\n|-crit|p2a: Ting-Lu\n|-damage|p2a: Ting-Lu|15\/100\n|-unboost|p2a: Ting-Lu|spd|1\n|move|p2a: Ting-Lu|Ruination|p1a: Yamz\n|-damage|p1a: Yamz|38\/100\n|\n|-heal|p2a: Ting-Lu|22\/100|[from] item: Leftovers\n|upkeep\n|turn|6\n|\n|t:|1699034832\n|move|p1a: Yamz|Judgment|p2a: Ting-Lu\n|-resisted|p2a: Ting-Lu\n|-damage|p2a: Ting-Lu|7\/100\n|move|p2a: Ting-Lu|Spikes|p1a: Yamz\n|-sidestart|p1: SadaShidz\ufe0f|Spikes\n|\n|-heal|p2a: Ting-Lu|13\/100|[from] item: Leftovers\n|upkeep\n|turn|7\n|\n|t:|1699034839\n|move|p1a: Yamz|Recover|p1a: Yamz\n|-heal|p1a: Yamz|88\/100\n|move|p2a: Ting-Lu|Spikes|p1a: Yamz\n|-sidestart|p1: SadaShidz\ufe0f|Spikes\n|\n|-heal|p2a: Ting-Lu|19\/100|[from] item: Leftovers\n|upkeep\n|turn|8\n|\n|t:|1699034845\n|move|p1a: Yamz|Focus Blast|p2a: Ting-Lu\n|-supereffective|p2a: Ting-Lu\n|-damage|p2a: Ting-Lu|0 fnt\n|faint|p2a: Ting-Lu\n|\n|upkeep\n|\n|t:|1699034855\n|switch|p2a: Flutter Mane|Flutter Mane|100\/100\n|-damage|p2a: Flutter Mane|88\/100|[from] Stealth Rock\n|turn|9\n|\n|t:|1699034859\n|move|p2a: Flutter Mane|Shadow Ball|p1a: Yamz\n|-supereffective|p1a: Yamz\n|-damage|p1a: Yamz|10\/100\n|-damage|p2a: Flutter Mane|78\/100|[from] item: Life Orb\n|move|p1a: Yamz|Judgment|p2a: Flutter Mane\n|-supereffective|p2a: Flutter Mane\n|-damage|p2a: Flutter Mane|0 fnt\n|faint|p2a: Flutter Mane\n|-end|p2a: Flutter Mane|Protosynthesis|[silent]\n|\n|upkeep\n|\n|t:|1699034867\n|switch|p2a: Dragonite|Dragonite, M|100\/100\n|turn|10\n|\n|t:|1699034882\n|move|p1a: Yamz|Judgment|p2a: Dragonite\n|-damage|p2a: Dragonite|77\/100\n|move|p2a: Dragonite|Earthquake|p1a: Yamz\n|-crit|p1a: Yamz\n|-damage|p1a: Yamz|0 fnt\n|faint|p1a: Yamz\n|\n|upkeep\n|\n|t:|1699034889\n|switch|p1a: Lan Dan|Landorus-Therian, M, shiny|44\/100\n|-damage|p1a: Lan Dan|32\/100|[from] Stealth Rock\n|-ability|p1a: Lan Dan|Intimidate|boost\n|-unboost|p2a: Dragonite|atk|1\n|turn|11\n|\n|t:|1699034894\n|move|p2a: Dragonite|Extreme Speed|p1a: Lan Dan\n|-damage|p1a: Lan Dan|8\/100\n|move|p1a: Lan Dan|Stone Edge|p2a: Dragonite\n|-supereffective|p2a: Dragonite\n|-damage|p2a: Dragonite|0 fnt\n|faint|p2a: Dragonite\n|\n|upkeep\n|\n|t:|1699034911\n|switch|p2a: Darkrai|Darkrai|100\/100\n|-damage|p2a: Darkrai|88\/100|[from] Stealth Rock\n|turn|12\n|\n|t:|1699034918\n|move|p2a: Darkrai|Ice Beam|p1a: Lan Dan\n|-supereffective|p1a: Lan Dan\n|-damage|p1a: Lan Dan|0 fnt\n|faint|p1a: Lan Dan\n|-damage|p2a: Darkrai|78\/100|[from] item: Life Orb\n|\n|upkeep\n|\n|t:|1699034938\n|switch|p1a: Mora The Explorer|Glimmora, F|100\/100\n|-damage|p1a: Mora The Explorer|88\/100|[from] Stealth Rock\n|-damage|p1a: Mora The Explorer|63\/100|[from] Spikes\n|turn|13\n|inactive|FRicks96 has 120 seconds left.\n|\n|t:|1699034977\n|switch|p2a: Zacian|Zacian-Crowned|100\/100\n|-damage|p2a: Zacian|94\/100|[from] Stealth Rock\n|-ability|p2a: Zacian|Intrepid Sword|boost\n|-boost|p2a: Zacian|atk|1\n|move|p1a: Mora The Explorer|Dazzling Gleam|p2a: Zacian\n|-resisted|p2a: Zacian\n|-damage|p2a: Zacian|81\/100\n|\n|upkeep\n|turn|14\n|inactive|FRicks96 has 120 seconds left.\n|\n|t:|1699034994\n|move|p2a: Zacian|Behemoth Blade|p1a: Mora The Explorer\n|-supereffective|p1a: Mora The Explorer\n|-damage|p1a: Mora The Explorer|0 fnt\n|-activate|p1a: Mora The Explorer|ability: Toxic Debris\n|-sidestart|p2: FRicks96|move: Toxic Spikes\n|faint|p1a: Mora The Explorer\n|\n|upkeep\n|\n|t:|1699035002\n|switch|p1a: Chess Master|Kingambit, M, shiny|100\/100\n|-damage|p1a: Chess Master|94\/100|[from] Stealth Rock\n|-damage|p1a: Chess Master|69\/100|[from] Spikes\n|-activate|p1a: Chess Master|ability: Supreme Overlord\n|-start|p1a: Chess Master|fallen3|[silent]\n|turn|15\n|inactive|FRicks96 has 120 seconds left.\n|inactive|SadaShidz\ufe0f has 120 seconds left.\n|\n|t:|1699035029\n|-terastallize|p1a: Chess Master|Fairy\n|move|p2a: Zacian|Close Combat|p1a: Chess Master\n|-resisted|p1a: Chess Master\n|-damage|p1a: Chess Master|45\/100\n|-unboost|p2a: Zacian|def|1\n|-unboost|p2a: Zacian|spd|1\n|move|p1a: Chess Master|Iron Head|p2a: Zacian\n|-damage|p2a: Zacian|0 fnt\n|faint|p2a: Zacian\n|\n|upkeep\n|inactive|FRicks96 has 120 seconds left.\n|\n|t:|1699035042\n|switch|p2a: Amoonguss|Amoonguss, M|100\/100\n|-damage|p2a: Amoonguss|88\/100|[from] Stealth Rock\n|-sideend|p2: FRicks96|move: Toxic Spikes|[of] p2a: Amoonguss\n|turn|16\n|inactive|SadaShidz\ufe0f has 120 seconds left.\n|\n|t:|1699035054\n|move|p1a: Chess Master|Kowtow Cleave|p2a: Amoonguss\n|-damage|p2a: Amoonguss|25\/100\n|-damage|p1a: Chess Master|28\/100|[from] item: Rocky Helmet|[of] p2a: Amoonguss\n|move|p2a: Amoonguss|Spore|p1a: Chess Master\n|-status|p1a: Chess Master|slp|[from] move: Spore\n|\n|upkeep\n|turn|17\n|\n|t:|1699035064\n|-end|p1a: Chess Master|fallen3|[silent]\n|switch|p1a: Teakaboo|Polteageist-Antique, shiny|100\/100\n|-damage|p1a: Teakaboo|88\/100|[from] Stealth Rock\n|-damage|p1a: Teakaboo|63\/100|[from] Spikes\n|move|p2a: Amoonguss|Sludge Bomb|p1a: Teakaboo\n|-resisted|p1a: Teakaboo\n|-damage|p1a: Teakaboo|48\/100\n|\n|upkeep\n|turn|18\n|inactive|FRicks96 has 120 seconds left.\n|\n|t:|1699035083\n|-terastallize|p2a: Amoonguss|Steel\n|move|p1a: Teakaboo|Shell Smash|p1a: Teakaboo\n|-unboost|p1a: Teakaboo|def|1\n|-unboost|p1a: Teakaboo|spd|1\n|-boost|p1a: Teakaboo|atk|2\n|-boost|p1a: Teakaboo|spa|2\n|-boost|p1a: Teakaboo|spe|2\n|move|p2a: Amoonguss|Giga Drain|p1a: Teakaboo\n|-damage|p1a: Teakaboo|9\/100\n|-heal|p2a: Amoonguss|37\/100|[from] drain|[of] p1a: Teakaboo\n|\n|upkeep\n|turn|19\n|inactive|FRicks96 has 120 seconds left.\n|\n|t:|1699035095\n|move|p1a: Teakaboo|Shadow Ball|p2a: Amoonguss\n|-damage|p2a: Amoonguss|0 fnt\n|faint|p2a: Amoonguss\n|\n|upkeep\n|\n|t:|1699035099\n|switch|p2a: Darkrai|Darkrai|78\/100\n|-damage|p2a: Darkrai|66\/100|[from] Stealth Rock\n|turn|20\n|\n|t:|1699035113\n|move|p1a: Teakaboo|Giga Drain|p2a: Darkrai\n|-damage|p2a: Darkrai|0 fnt\n|-heal|p1a: Teakaboo|45\/100|[from] drain|[of] p2a: Darkrai\n|faint|p2a: Darkrai\n|\n|win|SadaShidz\ufe0f\n|raw|SadaShidz\ufe0f's rating: 1187 &rarr; <strong>1205<\/strong><br \/>(+18 for winning)\n|raw|FRicks96's rating: 1094 &rarr; <strong>1076<\/strong><br \/>(-18 for losing)\n|c|\u2606SadaShidz\ufe0f|Gg\n","uploadtime":1699035124,"views":7,"p1id":"sadashidz","p2id":"fricks96","formatid":"gen9ubers","rating":1076,"private":0,"password":""}