{"id":"gen9ubers-1976989097","p1":"Iron Maiden 6","p2":"ImGoodATM","format":"[Gen 9] Ubers","log":"|j|\u2606Iron Maiden 6\n|j|\u2606ImGoodATM\n|t:|1698359241\n|gametype|singles\n|player|p1|Iron Maiden 6|dawn|\n|player|p2|ImGoodATM|will|\n|teamsize|p1|6\n|teamsize|p2|6\n|gen|9\n|tier|[Gen 9] Ubers\n|rule|Sleep Clause Mod: Limit one foe put to sleep\n|rule|Species Clause: Limit one of each Pok\u00e9mon\n|rule|OHKO Clause: OHKO moves are banned\n|rule|Evasion Items Clause: Evasion items are banned\n|rule|Evasion Moves Clause: Evasion moves are banned\n|rule|Endless Battle Clause: Forcing endless battles is banned\n|rule|HP Percentage Mod: HP is shown in percentages\n|clearpoke\n|poke|p1|Gholdengo|\n|poke|p1|Empoleon, F|\n|poke|p1|Kingambit, M|\n|poke|p1|Iron Treads|\n|poke|p1|Goodra-Hisui, F|\n|poke|p1|Klefki, M|\n|poke|p2|Gengar, F|\n|poke|p2|Glimmora, M|\n|poke|p2|Toxapex, M|\n|poke|p2|Fezandipiti, M|\n|poke|p2|Sneasler, M|\n|poke|p2|Muk-Alola, M|\n|teampreview\n|\n|t:|1698359247\n|start\n|switch|p1a: Klefki|Klefki, M|100\/100\n|switch|p2a: Glimmora|Glimmora, M|100\/100\n|turn|1\n|\n|t:|1698359256\n|move|p1a: Klefki|Switcheroo|p2a: Glimmora\n|-activate|p1a: Klefki|move: Trick|[of] p2a: Glimmora\n|-item|p2a: Glimmora|Choice Band|[from] move: Switcheroo\n|-item|p1a: Klefki|Focus Sash|[from] move: Switcheroo\n|move|p2a: Glimmora|Stealth Rock|p1a: Klefki\n|-sidestart|p1: Iron Maiden 6|move: Stealth Rock\n|\n|upkeep\n|turn|2\n|\n|t:|1698359266\n|switch|p2a: Muk|Muk-Alola, M|100\/100\n|move|p1a: Klefki|Trick Room|p1a: Klefki\n|-fieldstart|move: Trick Room|[of] p1a: Klefki\n|\n|upkeep\n|turn|3\n|\n|t:|1698359277\n|move|p1a: Klefki|Reflect|p1a: Klefki\n|-sidestart|p1: Iron Maiden 6|Reflect\n|move|p2a: Muk|Acid Armor|p2a: Muk\n|-boost|p2a: Muk|def|2\n|\n|upkeep\n|turn|4\n|\n|t:|1698359287\n|move|p1a: Klefki|Switcheroo|p2a: Muk\n|-hint|Since gen 7, Dark is immune to Prankster moves.\n|-immune|p2a: Muk\n|move|p2a: Muk|Acid Armor|p2a: Muk\n|-boost|p2a: Muk|def|2\n|\n|upkeep\n|turn|5\n|\n|t:|1698359309\n|switch|p1a: Iron Treads|Iron Treads|100\/100\n|-damage|p1a: Iron Treads|97\/100|[from] Stealth Rock\n|-enditem|p1a: Iron Treads|Booster Energy\n|-activate|p1a: Iron Treads|ability: Quark Drive|[fromitem]\n|-start|p1a: Iron Treads|quarkdrivespe\n|move|p2a: Muk|Acid Armor|p2a: Muk\n|-boost|p2a: Muk|def|2\n|\n|upkeep\n|turn|6\n|\n|t:|1698359324\n|move|p2a: Muk|Drain Punch|p1a: Iron Treads\n|-supereffective|p1a: Iron Treads\n|-damage|p1a: Iron Treads|73\/100\n|move|p1a: Iron Treads|Earthquake|p2a: Muk\n|-supereffective|p2a: Muk\n|-damage|p2a: Muk|77\/100\n|\n|-fieldend|move: Trick Room\n|upkeep\n|turn|7\n|\n|t:|1698359332\n|move|p1a: Iron Treads|Earthquake|p2a: Muk\n|-supereffective|p2a: Muk\n|-damage|p2a: Muk|52\/100\n|move|p2a: Muk|Drain Punch|p1a: Iron Treads\n|-supereffective|p1a: Iron Treads\n|-damage|p1a: Iron Treads|52\/100\n|-heal|p2a: Muk|61\/100|[from] drain|[of] p1a: Iron Treads\n|\n|-sideend|p1: Iron Maiden 6|Reflect\n|upkeep\n|turn|8\n|\n|t:|1698359348\n|-end|p1a: Iron Treads|Quark Drive|[silent]\n|switch|p1a: Gholdengo|Gholdengo|100\/100\n|-damage|p1a: Gholdengo|94\/100|[from] Stealth Rock\n|move|p2a: Muk|Drain Punch|p1a: Gholdengo\n|-immune|p1a: Gholdengo\n|\n|upkeep\n|turn|9\n|\n|t:|1698359363\n|-terastallize|p2a: Muk|Ghost\n|move|p2a: Muk|Shadow Sneak|p1a: Gholdengo\n|-supereffective|p1a: Gholdengo\n|-damage|p1a: Gholdengo|48\/100\n|move|p1a: Gholdengo|Make It Rain|p2a: Muk\n|-damage|p2a: Muk|5\/100\n|-unboost|p1a: Gholdengo|spa|1\n|-enditem|p2a: Muk|Mago Berry|[eat]\n|-heal|p2a: Muk|39\/100|[from] item: Mago Berry\n|\n|upkeep\n|turn|10\n|\n|t:|1698359375\n|move|p2a: Muk|Shadow Sneak|p1a: Gholdengo\n|-supereffective|p1a: Gholdengo\n|-damage|p1a: Gholdengo|6\/100\n|move|p1a: Gholdengo|Make It Rain|p2a: Muk\n|-damage|p2a: Muk|3\/100\n|-unboost|p1a: Gholdengo|spa|1\n|\n|upkeep\n|turn|11\n|\n|t:|1698359384\n|move|p2a: Muk|Shadow Sneak|p1a: Gholdengo\n|-supereffective|p1a: Gholdengo\n|-damage|p1a: Gholdengo|0 fnt\n|faint|p1a: Gholdengo\n|\n|upkeep\n|\n|t:|1698359392\n|switch|p1a: Klefki|Klefki, M|100\/100\n|-damage|p1a: Klefki|95\/100|[from] Stealth Rock\n|turn|12\n|\n|t:|1698359398\n|move|p2a: Muk|Shadow Sneak|p1a: Klefki\n|-damage|p1a: Klefki|77\/100\n|move|p1a: Klefki|Trick Room|p1a: Klefki\n|-fieldstart|move: Trick Room|[of] p1a: Klefki\n|\n|upkeep\n|turn|13\n|\n|t:|1698359410\n|move|p2a: Muk|Shadow Sneak|p1a: Klefki\n|-damage|p1a: Klefki|61\/100\n|move|p1a: Klefki|Reflect|p1a: Klefki\n|-sidestart|p1: Iron Maiden 6|Reflect\n|\n|upkeep\n|turn|14\n|\n|t:|1698359424\n|switch|p1a: Empoleon|Empoleon, F|100\/100\n|-damage|p1a: Empoleon|94\/100|[from] Stealth Rock\n|move|p2a: Muk|Drain Punch|p1a: Empoleon\n|-supereffective|p1a: Empoleon\n|-damage|p1a: Empoleon|67\/100\n|-heal|p2a: Muk|15\/100|[from] drain|[of] p1a: Empoleon\n|\n|upkeep\n|turn|15\n|\n|t:|1698359435\n|move|p2a: Muk|Shadow Sneak|p1a: Empoleon\n|-damage|p1a: Empoleon|57\/100\n|move|p1a: Empoleon|Growl|p2a: Muk\n|-unboost|p2a: Muk|atk|1\n|\n|upkeep\n|turn|16\n|\n|t:|1698359446\n|move|p2a: Muk|Drain Punch|p1a: Empoleon\n|-supereffective|p1a: Empoleon\n|-damage|p1a: Empoleon|38\/100\n|-heal|p2a: Muk|24\/100|[from] drain|[of] p1a: Empoleon\n|move|p1a: Empoleon|Water Pledge|p2a: Muk\n|-damage|p2a: Muk|0 fnt\n|faint|p2a: Muk\n|\n|-fieldend|move: Trick Room\n|upkeep\n|\n|t:|1698359457\n|switch|p2a: Glimmora|Glimmora, M|100\/100\n|turn|17\n|\n|t:|1698359468\n|switch|p1a: Klefki|Klefki, M|61\/100\n|-damage|p1a: Klefki|55\/100|[from] Stealth Rock\n|move|p2a: Glimmora|Spikes|p1a: Klefki\n|-sidestart|p1: Iron Maiden 6|Spikes\n|\n|-sideend|p1: Iron Maiden 6|Reflect\n|upkeep\n|turn|18\n|\n|t:|1698359476\n|move|p2a: Glimmora|Spikes|p1a: Klefki\n|-sidestart|p1: Iron Maiden 6|Spikes\n|move|p1a: Klefki|Trick Room|p1a: Klefki\n|-fieldstart|move: Trick Room|[of] p1a: Klefki\n|\n|upkeep\n|turn|19\n|\n|t:|1698359489\n|move|p1a: Klefki|Light Screen|p1a: Klefki\n|-sidestart|p1: Iron Maiden 6|move: Light Screen\n|move|p2a: Glimmora|Spikes|p1a: Klefki\n|-sidestart|p1: Iron Maiden 6|Spikes\n|\n|upkeep\n|turn|20\n|\n|t:|1698359494\n|switch|p2a: Toxapex|Toxapex, M|100\/100\n|move|p1a: Klefki|Reflect|p1a: Klefki\n|-sidestart|p1: Iron Maiden 6|Reflect\n|\n|upkeep\n|turn|21\n|\n|t:|1698359501\n|switch|p2a: Glimmora|Glimmora, M|100\/100\n|move|p1a: Klefki|Switcheroo|p2a: Glimmora\n|-activate|p1a: Klefki|move: Trick|[of] p2a: Glimmora\n|-item|p2a: Glimmora|Focus Sash|[from] move: Switcheroo\n|-item|p1a: Klefki|Choice Band|[from] move: Switcheroo\n|\n|upkeep\n|turn|22\n|\n|t:|1698359508\n|move|p2a: Glimmora|Spiky Shield|p2a: Glimmora\n|-singleturn|p2a: Glimmora|move: Protect\n|move|p1a: Klefki|Switcheroo|p2a: Glimmora\n|-activate|p2a: Glimmora|move: Protect\n|\n|-fieldend|move: Trick Room\n|upkeep\n|turn|23\n|\n|t:|1698359515\n|move|p2a: Glimmora|Spiky Shield||[still]\n|-fail|p2a: Glimmora\n|move|p1a: Klefki|Switcheroo|p2a: Glimmora\n|-activate|p1a: Klefki|move: Trick|[of] p2a: Glimmora\n|-item|p2a: Glimmora|Choice Band|[from] move: Switcheroo\n|-item|p1a: Klefki|Focus Sash|[from] move: Switcheroo\n|\n|-sideend|p1: Iron Maiden 6|move: Light Screen\n|upkeep\n|turn|24\n|\n|t:|1698359527\n|move|p2a: Glimmora|Spiky Shield|p2a: Glimmora\n|-singleturn|p2a: Glimmora|move: Protect\n|move|p1a: Klefki|Trick Room|p1a: Klefki\n|-fieldstart|move: Trick Room|[of] p1a: Klefki\n|\n|-sideend|p1: Iron Maiden 6|Reflect\n|upkeep\n|turn|25\n|\n|t:|1698359541\n|switch|p1a: Iron Treads|Iron Treads|52\/100\n|-damage|p1a: Iron Treads|49\/100|[from] Stealth Rock\n|-damage|p1a: Iron Treads|24\/100|[from] Spikes\n|move|p2a: Glimmora|Spiky Shield||[still]\n|-fail|p2a: Glimmora\n|\n|upkeep\n|turn|26\n|\n|t:|1698359550\n|move|p2a: Glimmora|Spiky Shield|p2a: Glimmora\n|-singleturn|p2a: Glimmora|move: Protect\n|move|p1a: Iron Treads|Earthquake|p2a: Glimmora\n|-activate|p2a: Glimmora|move: Protect\n|\n|upkeep\n|turn|27\n|\n|t:|1698359557\n|move|p2a: Glimmora|Spiky Shield|p2a: Glimmora\n|-singleturn|p2a: Glimmora|move: Protect\n|move|p1a: Iron Treads|Earthquake|p2a: Glimmora\n|-activate|p2a: Glimmora|move: Protect\n|\n|upkeep\n|turn|28\n|\n|t:|1698359563\n|move|p2a: Glimmora|Spiky Shield||[still]\n|-fail|p2a: Glimmora\n|move|p1a: Iron Treads|Earthquake|p2a: Glimmora\n|-supereffective|p2a: Glimmora\n|-damage|p2a: Glimmora|0 fnt\n|-activate|p2a: Glimmora|ability: Toxic Debris\n|-sidestart|p1: Iron Maiden 6|move: Toxic Spikes\n|faint|p2a: Glimmora\n|\n|-fieldend|move: Trick Room\n|upkeep\n|\n|t:|1698359567\n|switch|p2a: Gengar|Gengar, F|100\/100\n|turn|29\n|\n|t:|1698359575\n|move|p2a: Gengar|Hypnosis|p1a: Iron Treads|[miss]\n|-miss|p2a: Gengar|p1a: Iron Treads\n|move|p1a: Iron Treads|Earthquake|p2a: Gengar\n|-supereffective|p2a: Gengar\n|-damage|p2a: Gengar|0 fnt\n|-start|p1a: Iron Treads|Disable|Earthquake|[from] ability: Cursed Body|[of] p2a: Gengar\n|faint|p2a: Gengar\n|\n|upkeep\n|\n|t:|1698359579\n|switch|p2a: Sneasler|Sneasler, M|100\/100\n|turn|30\n|\n|t:|1698359589\n|move|p2a: Sneasler|Fake Out|p1a: Iron Treads\n|-enditem|p2a: Sneasler|Normal Gem|[from] gem\n|-resisted|p1a: Iron Treads\n|-damage|p1a: Iron Treads|15\/100\n|cant|p1a: Iron Treads|flinch\n|\n|upkeep\n|turn|31\n|j| Trainer Lore\n|\n|t:|1698359604\n|move|p2a: Sneasler|Swords Dance|p2a: Sneasler\n|-boost|p2a: Sneasler|atk|2\n|move|p1a: Iron Treads|Ice Spinner|p2a: Sneasler\n|-damage|p2a: Sneasler|55\/100\n|\n|upkeep\n|turn|32\n|\n|t:|1698359612\n|move|p2a: Sneasler|Brick Break|p1a: Iron Treads\n|-supereffective|p1a: Iron Treads\n|-damage|p1a: Iron Treads|0 fnt\n|faint|p1a: Iron Treads\n|-end|p1a: Iron Treads|Quark Drive|[silent]\n|\n|upkeep\n|\n|t:|1698359617\n|switch|p1a: Klefki|Klefki, M|55\/100\n|-damage|p1a: Klefki|49\/100|[from] Stealth Rock\n|-damage|p1a: Klefki|24\/100|[from] Spikes\n|turn|33\n|\n|t:|1698359623\n|move|p2a: Sneasler|Brick Break|p1a: Klefki\n|-damage|p1a: Klefki|0 fnt\n|faint|p1a: Klefki\n|\n|upkeep\n|\n|t:|1698359642\n|switch|p1a: Empoleon|Empoleon, F|38\/100\n|-damage|p1a: Empoleon|32\/100|[from] Stealth Rock\n|-damage|p1a: Empoleon|7\/100|[from] Spikes\n|turn|34\n|\n|t:|1698359650\n|move|p2a: Sneasler|Brick Break|p1a: Empoleon\n|-supereffective|p1a: Empoleon\n|-damage|p1a: Empoleon|0 fnt\n|faint|p1a: Empoleon\n|\n|upkeep\n|\n|t:|1698359660\n|switch|p1a: Goodra|Goodra-Hisui, F|100\/100\n|-damage|p1a: Goodra|94\/100|[from] Stealth Rock\n|-damage|p1a: Goodra|69\/100|[from] Spikes\n|turn|35\n|\n|t:|1698359670\n|move|p2a: Sneasler|Brick Break|p1a: Goodra\n|-supereffective|p1a: Goodra\n|-damage|p1a: Goodra|0 fnt\n|-ability|p1a: Goodra|Gooey\n|-unboost|p2a: Sneasler|spe|1\n|faint|p1a: Goodra\n|\n|upkeep\n|\n|t:|1698359677\n|switch|p1a: Kingambit|Kingambit, M|100\/100\n|-damage|p1a: Kingambit|94\/100|[from] Stealth Rock\n|-damage|p1a: Kingambit|69\/100|[from] Spikes\n|-activate|p1a: Kingambit|ability: Supreme Overlord\n|-start|p1a: Kingambit|fallen5|[silent]\n|turn|36\n|c|\u2606ImGoodATM|Not extremely good, not extremely baf\n|c|\u2606ImGoodATM|bad\n|c|\u2606ImGoodATM|Fuck mr\n|c|\u2606ImGoodATM|Me\n|c|\u2606ImGoodATM|holy shit\n|\n|t:|1698359698\n|-terastallize|p1a: Kingambit|Dark\n|move|p1a: Kingambit|Sucker Punch|p2a: Sneasler\n|-resisted|p2a: Sneasler\n|-damage|p2a: Sneasler|0 fnt\n|faint|p2a: Sneasler\n|\n|upkeep\n|\n|t:|1698359702\n|switch|p2a: Fezandipiti|Fezandipiti, M|100\/100\n|turn|37\n|\n|t:|1698359707\n|move|p1a: Kingambit|Sucker Punch|p2a: Fezandipiti\n|-resisted|p2a: Fezandipiti\n|-damage|p2a: Fezandipiti|29\/100\n|move|p2a: Fezandipiti|Double Kick|p1a: Kingambit\n|-supereffective|p1a: Kingambit\n|-damage|p1a: Kingambit|52\/100\n|-supereffective|p1a: Kingambit\n|-damage|p1a: Kingambit|36\/100\n|-hitcount|p1a: Kingambit|2\n|\n|upkeep\n|turn|38\n|\n|t:|1698359716\n|switch|p2a: Toxapex|Toxapex, M|100\/100\n|move|p1a: Kingambit|Sucker Punch||[still]\n|-fail|p1a: Kingambit\n|\n|upkeep\n|turn|39\n|\n|t:|1698359722\n|move|p2a: Toxapex|Protect|p2a: Toxapex\n|-singleturn|p2a: Toxapex|Protect\n|move|p1a: Kingambit|Sucker Punch||[still]\n|-fail|p1a: Kingambit\n|\n|upkeep\n|turn|40\n|\n|t:|1698359728\n|move|p1a: Kingambit|Sucker Punch||[still]\n|-fail|p1a: Kingambit\n|move|p2a: Toxapex|Substitute|p2a: Toxapex\n|-start|p2a: Toxapex|Substitute\n|-damage|p2a: Toxapex|76\/100\n|\n|-heal|p2a: Toxapex|82\/100|[from] item: Black Sludge\n|upkeep\n|turn|41\n|\n|t:|1698359736\n|move|p2a: Toxapex|Protect|p2a: Toxapex\n|-singleturn|p2a: Toxapex|Protect\n|move|p1a: Kingambit|Sucker Punch||[still]\n|-fail|p1a: Kingambit\n|\n|-heal|p2a: Toxapex|88\/100|[from] item: Black Sludge\n|upkeep\n|turn|42\n|\n|t:|1698359743\n|move|p1a: Kingambit|Sucker Punch||[still]\n|-fail|p1a: Kingambit\n|move|p2a: Toxapex|Recover|p2a: Toxapex\n|-heal|p2a: Toxapex|100\/100\n|\n|upkeep\n|turn|43\n|player|p1|\n|l|ironmaiden6\n|l|\u2606ImGoodATM\n|player|p2|\n|j|\u2606ImGoodATM\n|player|p2|ImGoodATM|will\n|n|\u2606ImGoodATM|imgoodatm\n|l| Trainer Lore\n|inactive|Battle timer is ON: inactive players will automatically lose when time's up. (requested by ImGoodATM)\n|l|\u2606ImGoodATM\n|inactive|ImGoodATM disconnected and has 300 seconds to reconnect!\n|player|p2|\n|j|\u2606ImGoodATM\n|inactive|ImGoodATM reconnected.\n|player|p2|ImGoodATM|will\n|inactive|Iron Maiden 6 has 270 seconds to reconnect!\n|l|\u2606ImGoodATM\n|inactive|ImGoodATM disconnected and has 300 seconds to reconnect!\n|player|p2|\n|j|\u2606ImGoodATM\n|inactive|ImGoodATM reconnected.\n|player|p2|ImGoodATM|will\n|inactive|Iron Maiden 6 has 240 seconds to reconnect!\n|-message|ImGoodATM forfeited.\n|\n|win|Iron Maiden 6\n","uploadtime":1698359868,"views":11,"p1id":"ironmaiden6","p2id":"imgoodatm","formatid":"gen9ubers","rating":0,"private":0,"password":""}