{"id":"gen9ubers-1983556056","p1":"sixounce","p2":"TheNecroreaper","format":"[Gen 9] Ubers","log":"|j|\u2606sixounce\n|j|\u2606TheNecroreaper\n|t:|1699142997\n|gametype|singles\n|player|p1|sixounce|265|\n|player|p2|TheNecroreaper|101|\n|teamsize|p1|6\n|teamsize|p2|6\n|gen|9\n|tier|[Gen 9] Ubers\n|rule|Sleep Clause Mod: Limit one foe put to sleep\n|rule|Species Clause: Limit one of each Pok\u00e9mon\n|rule|OHKO Clause: OHKO moves are banned\n|rule|Evasion Items Clause: Evasion items are banned\n|rule|Evasion Moves Clause: Evasion moves are banned\n|rule|Endless Battle Clause: Forcing endless battles is banned\n|rule|HP Percentage Mod: HP is shown in percentages\n|clearpoke\n|poke|p1|Walking Wake|\n|poke|p1|Cinderace, F|\n|poke|p1|Ting-Lu|\n|poke|p1|Hatterene, F|\n|poke|p1|Ninetales, F|\n|poke|p1|Brute Bonnet|\n|poke|p2|Polteageist-Antique|\n|poke|p2|Bellibolt, F|\n|poke|p2|Zapdos-Galar|\n|poke|p2|Iron Thorns|\n|poke|p2|Garganacl, M|\n|poke|p2|Roaring Moon|\n|teampreview\n|\n|t:|1699143005\n|start\n|switch|p1a: Ninetales|Ninetales, F|100\/100\n|switch|p2a: Iron Thorns|Iron Thorns|100\/100\n|-weather|SunnyDay|[from] ability: Drought|[of] p1a: Ninetales\n|-enditem|p2a: Iron Thorns|Booster Energy\n|-activate|p2a: Iron Thorns|ability: Quark Drive|[fromitem]\n|-start|p2a: Iron Thorns|quarkdrivedef\n|turn|1\n|\n|t:|1699143022\n|-terastallize|p2a: Iron Thorns|Electric\n|move|p1a: Ninetales|Solar Beam||[still]\n|-prepare|p1a: Ninetales|Solar Beam\n|-anim|p1a: Ninetales|Solar Beam|p2a: Iron Thorns\n|-damage|p2a: Iron Thorns|71\/100\n|move|p2a: Iron Thorns|Spikes|p1a: Ninetales\n|-sidestart|p1: sixounce|Spikes\n|\n|-weather|SunnyDay|[upkeep]\n|upkeep\n|turn|2\n|\n|t:|1699143031\n|move|p1a: Ninetales|Nasty Plot|p1a: Ninetales\n|-boost|p1a: Ninetales|spa|2\n|move|p2a: Iron Thorns|Tera Blast|p1a: Ninetales|[anim] Tera Blast Electric\n|-damage|p1a: Ninetales|38\/100\n|\n|-weather|SunnyDay|[upkeep]\n|upkeep\n|turn|3\n|\n|t:|1699143045\n|move|p1a: Ninetales|Solar Beam||[still]\n|-prepare|p1a: Ninetales|Solar Beam\n|-anim|p1a: Ninetales|Solar Beam|p2a: Iron Thorns\n|-damage|p2a: Iron Thorns|13\/100\n|move|p2a: Iron Thorns|Tera Blast|p1a: Ninetales|[anim] Tera Blast Electric\n|-damage|p1a: Ninetales|0 fnt\n|faint|p1a: Ninetales\n|\n|-weather|SunnyDay|[upkeep]\n|upkeep\n|\n|t:|1699143053\n|switch|p1a: Ting-Lu|Ting-Lu|100\/100\n|-damage|p1a: Ting-Lu|88\/100|[from] Spikes\n|-ability|p1a: Ting-Lu|Vessel of Ruin\n|turn|4\n|\n|t:|1699143064\n|move|p2a: Iron Thorns|Taunt|p1a: Ting-Lu\n|-start|p1a: Ting-Lu|move: Taunt\n|cant|p1a: Ting-Lu|move: Taunt|Spikes\n|\n|-weather|SunnyDay|[upkeep]\n|-heal|p1a: Ting-Lu|94\/100|[from] item: Leftovers\n|upkeep\n|turn|5\n|\n|t:|1699143077\n|move|p2a: Iron Thorns|Spikes|p1a: Ting-Lu\n|-sidestart|p1: sixounce|Spikes\n|move|p1a: Ting-Lu|Earthquake|p2a: Iron Thorns\n|-supereffective|p2a: Iron Thorns\n|-damage|p2a: Iron Thorns|0 fnt\n|faint|p2a: Iron Thorns\n|-end|p2a: Iron Thorns|Quark Drive|[silent]\n|\n|-weather|SunnyDay|[upkeep]\n|-heal|p1a: Ting-Lu|100\/100|[from] item: Leftovers\n|upkeep\n|\n|t:|1699143096\n|switch|p2a: Zapdos|Zapdos-Galar|100\/100\n|turn|6\n|\n|t:|1699143131\n|switch|p1a: Hatterene|Hatterene, F|100\/100\n|-damage|p1a: Hatterene|84\/100|[from] Spikes\n|move|p2a: Zapdos|Close Combat|p1a: Hatterene\n|-resisted|p1a: Hatterene\n|-damage|p1a: Hatterene|71\/100\n|-unboost|p2a: Zapdos|def|1\n|-unboost|p2a: Zapdos|spd|1\n|\n|-weather|SunnyDay|[upkeep]\n|upkeep\n|turn|7\n|\n|t:|1699143151\n|switch|p2a: Garganacl|Garganacl, M|100\/100\n|move|p1a: Hatterene|Draining Kiss|p2a: Garganacl\n|-damage|p2a: Garganacl|80\/100\n|-heal|p1a: Hatterene|90\/100|[from] drain|[of] p2a: Garganacl\n|\n|-weather|SunnyDay|[upkeep]\n|-heal|p2a: Garganacl|86\/100|[from] item: Leftovers\n|upkeep\n|turn|8\n|\n|t:|1699143187\n|switch|p1a: Ting-Lu|Ting-Lu|100\/100\n|-damage|p1a: Ting-Lu|84\/100|[from] Spikes\n|-ability|p1a: Ting-Lu|Vessel of Ruin\n|move|p2a: Garganacl|Salt Cure|p1a: Ting-Lu\n|-resisted|p1a: Ting-Lu\n|-damage|p1a: Ting-Lu|81\/100\n|-start|p1a: Ting-Lu|Salt Cure\n|\n|-weather|none\n|-heal|p1a: Ting-Lu|87\/100|[from] item: Leftovers\n|-heal|p2a: Garganacl|93\/100|[from] item: Leftovers\n|-damage|p1a: Ting-Lu|75\/100|[from] Salt Cure\n|upkeep\n|turn|9\n|\n|t:|1699143205\n|move|p1a: Ting-Lu|Spikes|p2a: Garganacl\n|-sidestart|p2: TheNecroreaper|Spikes\n|move|p2a: Garganacl|Iron Defense|p2a: Garganacl\n|-boost|p2a: Garganacl|def|2\n|\n|-heal|p1a: Ting-Lu|81\/100|[from] item: Leftovers\n|-heal|p2a: Garganacl|99\/100|[from] item: Leftovers\n|-damage|p1a: Ting-Lu|69\/100|[from] Salt Cure\n|upkeep\n|turn|10\n|\n|t:|1699143214\n|move|p1a: Ting-Lu|Spikes|p2a: Garganacl\n|-sidestart|p2: TheNecroreaper|Spikes\n|move|p2a: Garganacl|Iron Defense|p2a: Garganacl\n|-boost|p2a: Garganacl|def|2\n|\n|-heal|p1a: Ting-Lu|75\/100|[from] item: Leftovers\n|-heal|p2a: Garganacl|100\/100|[from] item: Leftovers\n|-damage|p1a: Ting-Lu|63\/100|[from] Salt Cure\n|upkeep\n|turn|11\n|\n|t:|1699143222\n|move|p1a: Ting-Lu|Spikes|p2a: Garganacl\n|-sidestart|p2: TheNecroreaper|Spikes\n|move|p2a: Garganacl|Body Press|p1a: Ting-Lu\n|-supereffective|p1a: Ting-Lu\n|-damage|p1a: Ting-Lu|0 fnt\n|faint|p1a: Ting-Lu\n|\n|upkeep\n|\n|t:|1699143240\n|switch|p1a: Walking Wake|Walking Wake|100\/100\n|-damage|p1a: Walking Wake|84\/100|[from] Spikes\n|turn|12\n|\n|t:|1699143252\n|move|p1a: Walking Wake|Hydro Steam|p2a: Garganacl\n|-supereffective|p2a: Garganacl\n|-damage|p2a: Garganacl|0 fnt\n|faint|p2a: Garganacl\n|\n|upkeep\n|\n|t:|1699143273\n|switch|p2a: Zapdos|Zapdos-Galar|100\/100\n|turn|13\n|\n|t:|1699143322\n|-end|p1a: Walking Wake|Protosynthesis|[silent]\n|switch|p1a: Brute Bonnet|Brute Bonnet|100\/100\n|-damage|p1a: Brute Bonnet|84\/100|[from] Spikes\n|move|p2a: Zapdos|U-turn|p1a: Brute Bonnet\n|-supereffective|p1a: Brute Bonnet\n|-damage|p1a: Brute Bonnet|1\/100\n|\n|t:|1699143336\n|switch|p2a: Roaring Moon|Roaring Moon|100\/100|[from] U-turn\n|-damage|p2a: Roaring Moon|76\/100|[from] Spikes\n|-enditem|p2a: Roaring Moon|Booster Energy\n|-activate|p2a: Roaring Moon|ability: Protosynthesis|[fromitem]\n|-start|p2a: Roaring Moon|protosynthesisatk\n|\n|upkeep\n|turn|14\n|\n|t:|1699143374\n|move|p2a: Roaring Moon|Dragon Dance|p2a: Roaring Moon\n|-boost|p2a: Roaring Moon|atk|1\n|-boost|p2a: Roaring Moon|spe|1\n|move|p1a: Brute Bonnet|Spore|p2a: Roaring Moon\n|-status|p2a: Roaring Moon|slp|[from] move: Spore\n|\n|upkeep\n|turn|15\n|\n|t:|1699143415\n|-terastallize|p1a: Brute Bonnet|Fire\n|move|p1a: Brute Bonnet|Sucker Punch|p2a: Roaring Moon\n|-resisted|p2a: Roaring Moon\n|-damage|p2a: Roaring Moon|48\/100 slp\n|cant|p2a: Roaring Moon|slp\n|\n|upkeep\n|turn|16\n|\n|t:|1699143428\n|move|p1a: Brute Bonnet|Sucker Punch|p2a: Roaring Moon\n|-resisted|p2a: Roaring Moon\n|-damage|p2a: Roaring Moon|22\/100 slp\n|-curestatus|p2a: Roaring Moon|slp|[msg]\n|move|p2a: Roaring Moon|Acrobatics|p1a: Brute Bonnet\n|-damage|p1a: Brute Bonnet|0 fnt\n|faint|p1a: Brute Bonnet\n|-end|p1a: Brute Bonnet|Protosynthesis|[silent]\n|\n|upkeep\n|\n|t:|1699143458\n|switch|p1a: Hatterene|Hatterene, F|90\/100\n|-damage|p1a: Hatterene|74\/100|[from] Spikes\n|turn|17\n|\n|t:|1699143464\n|move|p2a: Roaring Moon|Acrobatics|p1a: Hatterene\n|-damage|p1a: Hatterene|6\/100\n|move|p1a: Hatterene|Draining Kiss|p2a: Roaring Moon\n|-supereffective|p2a: Roaring Moon\n|-damage|p2a: Roaring Moon|0 fnt\n|-heal|p1a: Hatterene|24\/100|[from] drain|[of] p2a: Roaring Moon\n|faint|p2a: Roaring Moon\n|-end|p2a: Roaring Moon|Protosynthesis|[silent]\n|\n|upkeep\n|\n|t:|1699143480\n|switch|p2a: Bellibolt|Bellibolt, F|100\/100\n|-damage|p2a: Bellibolt|76\/100|[from] Spikes\n|turn|18\n|\n|t:|1699143532\n|move|p2a: Bellibolt|Toxic|p1a: Hatterene\n|move|p1a: Hatterene|Toxic|p2a: Bellibolt|[from]ability: Magic Bounce\n|-status|p2a: Bellibolt|tox\n|move|p1a: Hatterene|Draining Kiss|p2a: Bellibolt\n|-damage|p2a: Bellibolt|54\/100 tox\n|-heal|p1a: Hatterene|45\/100|[from] drain|[of] p2a: Bellibolt\n|\n|-heal|p2a: Bellibolt|60\/100 tox|[from] item: Leftovers\n|-damage|p2a: Bellibolt|54\/100 tox|[from] psn\n|upkeep\n|turn|19\n|\n|t:|1699143547\n|move|p2a: Bellibolt|Volt Switch|p1a: Hatterene\n|-damage|p1a: Hatterene|19\/100\n|\n|t:|1699143552\n|switch|p2a: Zapdos|Zapdos-Galar|100\/100|[from] Volt Switch\n|move|p1a: Hatterene|Mystical Fire|p2a: Zapdos\n|-damage|p2a: Zapdos|77\/100\n|-unboost|p2a: Zapdos|spa|1\n|-ability|p2a: Zapdos|Defiant|boost\n|-boost|p2a: Zapdos|atk|2\n|\n|upkeep\n|turn|20\n|\n|t:|1699143579\n|move|p2a: Zapdos|Brave Bird|p1a: Hatterene\n|-crit|p1a: Hatterene\n|-damage|p1a: Hatterene|0 fnt\n|faint|p1a: Hatterene\n|-damage|p2a: Zapdos|71\/100|[from] Recoil\n|\n|upkeep\n|\n|t:|1699143635\n|switch|p1a: Walking Wake|Walking Wake|84\/100\n|-damage|p1a: Walking Wake|67\/100|[from] Spikes\n|turn|21\n|\n|t:|1699143692\n|move|p2a: Zapdos|Brave Bird|p1a: Walking Wake\n|-damage|p1a: Walking Wake|0 fnt\n|faint|p1a: Walking Wake\n|-end|p1a: Walking Wake|Protosynthesis|[silent]\n|-damage|p2a: Zapdos|47\/100|[from] Recoil\n|\n|upkeep\n|\n|t:|1699143695\n|switch|p1a: Cinderace|Cinderace, F|100\/100\n|turn|22\n|\n|t:|1699143712\n|move|p2a: Zapdos|Brave Bird|p1a: Cinderace\n|-damage|p1a: Cinderace|0 fnt\n|faint|p1a: Cinderace\n|-damage|p2a: Zapdos|16\/100|[from] Recoil\n|\n|win|TheNecroreaper\n","uploadtime":1699143739,"views":28,"p1id":"sixounce","p2id":"thenecroreaper","formatid":"gen9ubers","rating":0,"private":0,"password":""}