{"id":"gen9ubers-1974531011","p1":"firecreepr","p2":"gmg1245","format":"[Gen 9] Ubers","log":"|j|\u2606firecreepr\n|j|\u2606gmg1245\n|t:|1698094749\n|gametype|singles\n|player|p1|firecreepr|silver|1146\n|player|p2|gmg1245|pokemaniac|1039\n|teamsize|p1|6\n|teamsize|p2|6\n|gen|9\n|tier|[Gen 9] Ubers\n|rated|\n|rule|Sleep Clause Mod: Limit one foe put to sleep\n|rule|Species Clause: Limit one of each Pok\u00e9mon\n|rule|OHKO Clause: OHKO moves are banned\n|rule|Evasion Items Clause: Evasion items are banned\n|rule|Evasion Moves Clause: Evasion moves are banned\n|rule|Endless Battle Clause: Forcing endless battles is banned\n|rule|HP Percentage Mod: HP is shown in percentages\n|clearpoke\n|poke|p1|Koraidon|\n|poke|p1|Flutter Mane|\n|poke|p1|Great Tusk|\n|poke|p1|Walking Wake|\n|poke|p1|Roaring Moon|\n|poke|p1|Heatran, M|\n|poke|p2|Meowscarada, F|\n|poke|p2|Glimmora, F|\n|poke|p2|Garchomp, M|\n|poke|p2|Mimikyu, F|\n|poke|p2|Quaquaval, F|\n|poke|p2|Garganacl, M|\n|teampreview\n|inactive|Battle timer is ON: inactive players will automatically lose when time's up. (requested by firecreepr)\n|\n|t:|1698094755\n|start\n|switch|p1a: Koraidon|Koraidon|100\/100\n|switch|p2a: Garganacl|Garganacl, M|100\/100\n|-weather|SunnyDay|[from] ability: Orichalcum Pulse|[of] p1a: Koraidon\n|-activate|p1a: Koraidon|Orichalcum Pulse|[source]\n|turn|1\n|\n|t:|1698094773\n|move|p1a: Koraidon|Swords Dance|p1a: Koraidon\n|-boost|p1a: Koraidon|atk|2\n|move|p2a: Garganacl|Iron Defense|p2a: Garganacl\n|-boost|p2a: Garganacl|def|2\n|\n|-weather|SunnyDay|[upkeep]\n|upkeep\n|turn|2\n|inactive|gmg1245 has 120 seconds left.\n|inactive|gmg1245 has 90 seconds left.\n|inactive|gmg1245 has 60 seconds left.\n|\n|t:|1698094879\n|move|p1a: Koraidon|Brick Break|p2a: Garganacl\n|-supereffective|p2a: Garganacl\n|-damage|p2a: Garganacl|42\/100\n|move|p2a: Garganacl|Iron Defense|p2a: Garganacl\n|-boost|p2a: Garganacl|def|2\n|\n|-weather|SunnyDay|[upkeep]\n|-heal|p2a: Garganacl|48\/100|[from] item: Leftovers\n|upkeep\n|turn|3\n|\n|t:|1698094888\n|move|p1a: Koraidon|Brick Break|p2a: Garganacl\n|-supereffective|p2a: Garganacl\n|-damage|p2a: Garganacl|9\/100\n|move|p2a: Garganacl|Recover|p2a: Garganacl\n|-heal|p2a: Garganacl|59\/100\n|\n|-weather|SunnyDay|[upkeep]\n|-heal|p2a: Garganacl|65\/100|[from] item: Leftovers\n|upkeep\n|turn|4\n|\n|t:|1698094905\n|move|p1a: Koraidon|Brick Break|p2a: Garganacl\n|-supereffective|p2a: Garganacl\n|-damage|p2a: Garganacl|27\/100\n|move|p2a: Garganacl|Recover|p2a: Garganacl\n|-heal|p2a: Garganacl|77\/100\n|\n|-weather|SunnyDay|[upkeep]\n|-heal|p2a: Garganacl|83\/100|[from] item: Leftovers\n|upkeep\n|turn|5\n|\n|t:|1698094925\n|move|p1a: Koraidon|Brick Break|p2a: Garganacl\n|-supereffective|p2a: Garganacl\n|-damage|p2a: Garganacl|45\/100\n|move|p2a: Garganacl|Recover|p2a: Garganacl\n|-heal|p2a: Garganacl|95\/100\n|\n|-weather|SunnyDay|[upkeep]\n|-heal|p2a: Garganacl|100\/100|[from] item: Leftovers\n|upkeep\n|turn|6\n|\n|t:|1698094933\n|switch|p1a: yuuta|Walking Wake|100\/100\n|-activate|p1a: yuuta|ability: Protosynthesis\n|-start|p1a: yuuta|protosynthesisspe\n|move|p2a: Garganacl|Body Press|p1a: yuuta\n|-damage|p1a: yuuta|8\/100\n|\n|-weather|SunnyDay|[upkeep]\n|upkeep\n|turn|7\n|inactive|gmg1245 has 60 seconds left.\n|\n|t:|1698094945\n|move|p1a: yuuta|Hydro Steam|p2a: Garganacl\n|-supereffective|p2a: Garganacl\n|-damage|p2a: Garganacl|0 fnt\n|faint|p2a: Garganacl\n|\n|-weather|SunnyDay|[upkeep]\n|upkeep\n|\n|t:|1698094955\n|switch|p2a: Mimikyu|Mimikyu, F|100\/100\n|turn|8\n|\n|t:|1698094969\n|-end|p1a: yuuta|Protosynthesis|[silent]\n|switch|p1a: jogo|Heatran, M|100\/100\n|-item|p1a: jogo|Air Balloon\n|move|p2a: Mimikyu|Swords Dance|p2a: Mimikyu\n|-boost|p2a: Mimikyu|atk|2\n|\n|-weather|none\n|upkeep\n|turn|9\n|\n|t:|1698094985\n|move|p2a: Mimikyu|Swords Dance|p2a: Mimikyu\n|-boost|p2a: Mimikyu|atk|2\n|move|p1a: jogo|Earth Power|p2a: Mimikyu\n|-activate|p2a: Mimikyu|ability: Disguise\n|-damage|p2a: Mimikyu|100\/100\n|detailschange|p2a: Mimikyu|Mimikyu-Busted, F\n|-damage|p2a: Mimikyu|88\/100|[from] pokemon: Mimikyu-Busted\n|\n|upkeep\n|turn|10\n|\n|t:|1698094995\n|move|p2a: Mimikyu|Shadow Claw|p1a: jogo\n|-damage|p1a: jogo|4\/100\n|-enditem|p1a: jogo|Air Balloon\n|-damage|p2a: Mimikyu|78\/100|[from] item: Life Orb\n|move|p1a: jogo|Taunt|p2a: Mimikyu\n|-start|p2a: Mimikyu|move: Taunt\n|\n|upkeep\n|turn|11\n|\n|t:|1698095004\n|move|p2a: Mimikyu|Shadow Sneak|p1a: jogo\n|-damage|p1a: jogo|0 fnt\n|faint|p1a: jogo\n|-damage|p2a: Mimikyu|68\/100|[from] item: Life Orb\n|\n|upkeep\n|\n|t:|1698095013\n|switch|p1a: hakari|Roaring Moon|100\/100\n|turn|12\n|\n|t:|1698095021\n|move|p1a: hakari|Knock Off|p2a: Mimikyu\n|-damage|p2a: Mimikyu|0 fnt\n|-enditem|p2a: Mimikyu|Life Orb|[from] move: Knock Off|[of] p1a: hakari\n|faint|p2a: Mimikyu\n|\n|upkeep\n|\n|t:|1698095029\n|switch|p2a: Glimmora|Glimmora, F|100\/100\n|turn|13\n|\n|t:|1698095042\n|move|p1a: hakari|Taunt|p2a: Glimmora\n|-start|p2a: Glimmora|move: Taunt\n|cant|p2a: Glimmora|move: Taunt|Stealth Rock\n|\n|upkeep\n|turn|14\n|\n|t:|1698095051\n|move|p1a: hakari|Dragon Dance|p1a: hakari\n|-boost|p1a: hakari|atk|1\n|-boost|p1a: hakari|spe|1\n|move|p2a: Glimmora|Mortal Spin|p1a: hakari\n|-damage|p1a: hakari|92\/100\n|-status|p1a: hakari|psn\n|-enditem|p1a: hakari|Lum Berry|[eat]\n|-curestatus|p1a: hakari|psn|[msg]\n|\n|upkeep\n|turn|15\n|\n|t:|1698095061\n|move|p1a: hakari|Earthquake|p2a: Glimmora\n|-supereffective|p2a: Glimmora\n|-enditem|p2a: Glimmora|Focus Sash\n|-damage|p2a: Glimmora|1\/100\n|-activate|p2a: Glimmora|ability: Toxic Debris\n|-sidestart|p1: firecreepr|move: Toxic Spikes\n|move|p2a: Glimmora|Mortal Spin|p1a: hakari\n|-damage|p1a: hakari|85\/100\n|-status|p1a: hakari|psn\n|\n|-damage|p1a: hakari|73\/100 psn|[from] psn\n|-end|p2a: Glimmora|move: Taunt\n|upkeep\n|turn|16\n|inactive|gmg1245 has 90 seconds left.\n|\n|t:|1698095074\n|move|p1a: hakari|Knock Off|p2a: Glimmora\n|-damage|p2a: Glimmora|0 fnt\n|-activate|p2a: Glimmora|ability: Toxic Debris\n|-sidestart|p1: firecreepr|move: Toxic Spikes\n|faint|p2a: Glimmora\n|\n|-damage|p1a: hakari|60\/100 psn|[from] psn\n|upkeep\n|\n|t:|1698095085\n|switch|p2a: Meowscarada|Meowscarada, F, shiny|100\/100\n|turn|17\n|\n|t:|1698095099\n|move|p1a: hakari|Knock Off|p2a: Meowscarada\n|-resisted|p2a: Meowscarada\n|-damage|p2a: Meowscarada|44\/100\n|-enditem|p2a: Meowscarada|Heavy-Duty Boots|[from] move: Knock Off|[of] p1a: hakari\n|move|p2a: Meowscarada|Flower Trick|p1a: hakari\n|-start|p2a: Meowscarada|typechange|Grass|[from] ability: Protean\n|-resisted|p1a: hakari\n|-crit|p1a: hakari\n|-damage|p1a: hakari|29\/100 psn\n|\n|-damage|p1a: hakari|17\/100 psn|[from] psn\n|upkeep\n|turn|18\n|\n|t:|1698095117\n|move|p2a: Meowscarada|Sucker Punch|p1a: hakari\n|-resisted|p1a: hakari\n|-damage|p1a: hakari|3\/100 psn\n|move|p1a: hakari|Knock Off|p2a: Meowscarada\n|-damage|p2a: Meowscarada|0 fnt\n|faint|p2a: Meowscarada\n|\n|-damage|p1a: hakari|0 fnt|[from] psn\n|faint|p1a: hakari\n|-end|p1a: hakari|Protosynthesis|[silent]\n|upkeep\n|c|\u2606firecreepr|didnt think i'd tank that lmao\n|\n|t:|1698095136\n|switch|p2a: Garchomp|Garchomp, M|100\/100\n|switch|p1a: Koraidon|Koraidon|100\/100\n|-status|p1a: Koraidon|tox\n|-weather|SunnyDay|[from] ability: Orichalcum Pulse|[of] p1a: Koraidon\n|-activate|p1a: Koraidon|Orichalcum Pulse|[source]\n|turn|19\n|\n|t:|1698095153\n|-terastallize|p1a: Koraidon|Fairy\n|move|p1a: Koraidon|Swords Dance|p1a: Koraidon\n|-boost|p1a: Koraidon|atk|2\n|move|p2a: Garchomp|Swords Dance|p2a: Garchomp\n|-boost|p2a: Garchomp|atk|2\n|\n|-weather|SunnyDay|[upkeep]\n|-damage|p1a: Koraidon|94\/100 tox|[from] psn\n|upkeep\n|turn|20\n|\n|t:|1698095164\n|move|p1a: Koraidon|Tera Blast|p2a: Garchomp|[anim] Tera Blast Fairy\n|-supereffective|p2a: Garchomp\n|-damage|p2a: Garchomp|0 fnt\n|faint|p2a: Garchomp\n|\n|-weather|SunnyDay|[upkeep]\n|-damage|p1a: Koraidon|82\/100 tox|[from] psn\n|upkeep\n|\n|t:|1698095170\n|switch|p2a: Quaquaval|Quaquaval, F|100\/100\n|turn|21\n|\n|t:|1698095176\n|move|p1a: Koraidon|Tera Blast|p2a: Quaquaval|[anim] Tera Blast Fairy\n|-supereffective|p2a: Quaquaval\n|-damage|p2a: Quaquaval|0 fnt\n|faint|p2a: Quaquaval\n|\n|win|firecreepr\n|raw|firecreepr's rating: 1146 &rarr; <strong>1164<\/strong><br \/>(+18 for winning)\n|raw|gmg1245's rating: 1039 &rarr; <strong>1028<\/strong><br \/>(-11 for losing)\n|l|\u2606gmg1245\n","uploadtime":1698095192,"views":12,"p1id":"firecreepr","p2id":"gmg1245","formatid":"gen9ubers","rating":1028,"private":0,"password":""}