{"id":"gen9ubers-1993997582","p1":"Doomsday (Crunchy)","p2":"mrcarrot901","format":"[Gen 9] Ubers","log":"|j|\u2606Doomsday (Crunchy)\n|j|\u2606mrcarrot901\n|t:|1700390659\n|gametype|singles\n|player|p1|Doomsday (Crunchy)|cyrus|1000\n|player|p2|mrcarrot901|bruno|1157\n|teamsize|p1|6\n|teamsize|p2|6\n|gen|9\n|tier|[Gen 9] Ubers\n|rated|\n|rule|Sleep Clause Mod: Limit one foe put to sleep\n|rule|Species Clause: Limit one of each Pok\u00e9mon\n|rule|OHKO Clause: OHKO moves are banned\n|rule|Evasion Items Clause: Evasion items are banned\n|rule|Evasion Moves Clause: Evasion moves are banned\n|rule|Endless Battle Clause: Forcing endless battles is banned\n|rule|HP Percentage Mod: HP is shown in percentages\n|clearpoke\n|poke|p1|Armarouge, F|\n|poke|p1|Gallade, M|\n|poke|p1|Tauros-Paldea-Aqua, M|\n|poke|p1|Palafin, M|\n|poke|p1|Grimmsnarl, M|\n|poke|p1|Farigiraf, M|\n|poke|p2|Annihilape, M|\n|poke|p2|Corviknight, M|\n|poke|p2|Grimmsnarl, M|\n|poke|p2|Mew|\n|poke|p2|Mewtwo|\n|poke|p2|Flutter Mane|\n|teampreview\n|c|\u2606Doomsday (Crunchy)|this is my playthrough team. don't expect me to be broken kekw\n|\n|t:|1700390688\n|start\n|switch|p1a: Wrangler|Grimmsnarl, M|100\/100\n|switch|p2a: Corviknight|Corviknight, M|100\/100\n|-ability|p2a: Corviknight|Pressure\n|turn|1\n|inactive|Battle timer is ON: inactive players will automatically lose when time's up. (requested by Doomsday (Crunchy))\n|c|\u2606mrcarrot901|nah man i am in fact sorry for you that you have to fight annihilape\n|\n|t:|1700390735\n|move|p1a: Wrangler|Thunder Wave|p2a: Corviknight\n|-status|p2a: Corviknight|par\n|move|p2a: Corviknight|U-turn|p1a: Wrangler\n|-damage|p1a: Wrangler|84\/100\n|c|\u2606Doomsday (Crunchy)|fair enough\n|c|\u2606Doomsday (Crunchy)|let us do battle\n|c|\u2606mrcarrot901|yeah\n|c|\u2606mrcarrot901|good luck\n|c|\u2606Doomsday (Crunchy)|you too!\n|\n|t:|1700390759\n|switch|p2a: Grimmsnarl|Grimmsnarl, M|100\/100|[from] U-turn\n|\n|upkeep\n|turn|2\n|\n|t:|1700390767\n|move|p2a: Grimmsnarl|Taunt|p1a: Wrangler\n|-hint|Since gen 7, Dark is immune to Prankster moves.\n|-immune|p1a: Wrangler\n|move|p1a: Wrangler|Spirit Break|p2a: Grimmsnarl\n|-supereffective|p2a: Grimmsnarl\n|-damage|p2a: Grimmsnarl|26\/100\n|-unboost|p2a: Grimmsnarl|spa|1\n|\n|upkeep\n|turn|3\n|c|\u2606mrcarrot901|oh ma gah\n|c|\u2606mrcarrot901|i fogor\n|c|\u2606mrcarrot901|lol\n|inactive|mrcarrot901 has 120 seconds left.\n|c|\u2606Doomsday (Crunchy)|kekw\n|\n|t:|1700390818\n|move|p2a: Grimmsnarl|Reflect|p2a: Grimmsnarl\n|-sidestart|p2: mrcarrot901|Reflect\n|move|p1a: Wrangler|Spirit Break|p2a: Grimmsnarl\n|-supereffective|p2a: Grimmsnarl\n|-damage|p2a: Grimmsnarl|0 fnt\n|faint|p2a: Grimmsnarl\n|\n|upkeep\n|\n|t:|1700390824\n|switch|p2a: Corviknight|Corviknight, M|100\/100 par\n|-ability|p2a: Corviknight|Pressure\n|turn|4\n|\n|t:|1700390829\n|move|p1a: Wrangler|Reflect|p1a: Wrangler\n|-sidestart|p1: Doomsday (Crunchy)|Reflect\n|move|p2a: Corviknight|Light Screen|p2a: Corviknight\n|-sidestart|p2: mrcarrot901|move: Light Screen\n|\n|upkeep\n|turn|5\n|\n|t:|1700390838\n|move|p1a: Wrangler|Light Screen|p1a: Wrangler\n|-sidestart|p1: Doomsday (Crunchy)|move: Light Screen\n|move|p2a: Corviknight|U-turn|p1a: Wrangler\n|-damage|p1a: Wrangler|75\/100\n|inactive|mrcarrot901 has 120 seconds left.\n|\n|t:|1700390860\n|switch|p2a: Flutter Mane|Flutter Mane|100\/100|[from] U-turn\n|-enditem|p2a: Flutter Mane|Booster Energy\n|-activate|p2a: Flutter Mane|ability: Protosynthesis|[fromitem]\n|-start|p2a: Flutter Mane|protosynthesisspe\n|\n|upkeep\n|turn|6\n|c|\u2606Doomsday (Crunchy)|i have an odd feeling i'm about to die\n|\n|t:|1700390872\n|move|p1a: Wrangler|Thunder Wave|p2a: Flutter Mane|[miss]\n|-miss|p1a: Wrangler|p2a: Flutter Mane\n|move|p2a: Flutter Mane|Moonblast|p1a: Wrangler\n|-supereffective|p1a: Wrangler\n|-damage|p1a: Wrangler|20\/100\n|-unboost|p1a: Wrangler|spa|1\n|\n|upkeep\n|turn|7\n|\n|t:|1700390881\n|move|p1a: Wrangler|Thunder Wave|p2a: Flutter Mane\n|-status|p2a: Flutter Mane|par\n|move|p2a: Flutter Mane|Moonblast|p1a: Wrangler\n|-supereffective|p1a: Wrangler\n|-damage|p1a: Wrangler|0 fnt\n|faint|p1a: Wrangler\n|\n|upkeep\n|\n|t:|1700390895\n|switch|p1a: Helmet Horse|Farigiraf, M|100\/100\n|turn|8\n|\n|t:|1700390904\n|move|p2a: Flutter Mane|Moonblast|p1a: Helmet Horse\n|-damage|p1a: Helmet Horse|73\/100\n|-unboost|p1a: Helmet Horse|spa|1\n|move|p1a: Helmet Horse|Shadow Ball|p2a: Flutter Mane\n|-supereffective|p2a: Flutter Mane\n|-damage|p2a: Flutter Mane|73\/100 par\n|\n|upkeep\n|turn|9\n|\n|t:|1700390914\n|move|p2a: Flutter Mane|Moonblast|p1a: Helmet Horse\n|-damage|p1a: Helmet Horse|45\/100\n|move|p1a: Helmet Horse|Shadow Ball|p2a: Flutter Mane\n|-supereffective|p2a: Flutter Mane\n|-damage|p2a: Flutter Mane|44\/100 par\n|\n|upkeep\n|turn|10\n|\n|t:|1700390921\n|move|p2a: Flutter Mane|Moonblast|p1a: Helmet Horse\n|-damage|p1a: Helmet Horse|19\/100\n|move|p1a: Helmet Horse|Shadow Ball|p2a: Flutter Mane\n|-supereffective|p2a: Flutter Mane\n|-damage|p2a: Flutter Mane|18\/100 par\n|\n|-sideend|p2: mrcarrot901|Reflect\n|upkeep\n|turn|11\n|\n|t:|1700390930\n|move|p2a: Flutter Mane|Moonblast|p1a: Helmet Horse\n|-damage|p1a: Helmet Horse|0 fnt\n|faint|p1a: Helmet Horse\n|\n|-sideend|p1: Doomsday (Crunchy)|Reflect\n|-sideend|p2: mrcarrot901|move: Light Screen\n|upkeep\n|\n|t:|1700390947\n|switch|p1a: Barrel|Tauros-Paldea-Aqua, M|100\/100\n|-ability|p1a: Barrel|Intimidate|boost\n|-unboost|p2a: Flutter Mane|atk|1\n|turn|12\n|\n|t:|1700390959\n|move|p1a: Barrel|Aqua Jet|p2a: Flutter Mane\n|-damage|p2a: Flutter Mane|0 fnt\n|faint|p2a: Flutter Mane\n|-end|p2a: Flutter Mane|Protosynthesis|[silent]\n|\n|-sideend|p1: Doomsday (Crunchy)|move: Light Screen\n|upkeep\n|\n|t:|1700390978\n|switch|p2a: Corviknight|Corviknight, M|100\/100 par\n|-ability|p2a: Corviknight|Pressure\n|turn|13\n|\n|t:|1700390988\n|switch|p1a: Hotshot|Armarouge, F|100\/100\n|move|p2a: Corviknight|Reflect|p2a: Corviknight\n|-sidestart|p2: mrcarrot901|Reflect\n|\n|upkeep\n|turn|14\n|\n|t:|1700391001\n|-terastallize|p2a: Corviknight|Dragon\n|move|p1a: Hotshot|Armor Cannon|p2a: Corviknight\n|-resisted|p2a: Corviknight\n|-damage|p2a: Corviknight|68\/100 par\n|-unboost|p1a: Hotshot|def|1\n|-unboost|p1a: Hotshot|spd|1\n|move|p2a: Corviknight|Light Screen|p2a: Corviknight\n|-sidestart|p2: mrcarrot901|move: Light Screen\n|\n|upkeep\n|turn|15\n|\n|t:|1700391016\n|move|p1a: Hotshot|Psychic|p2a: Corviknight\n|-damage|p2a: Corviknight|42\/100 par\n|move|p2a: Corviknight|U-turn|p1a: Hotshot\n|-damage|p1a: Hotshot|81\/100\n|-ability|p1a: Hotshot|Weak Armor|boost\n|-unboost|p1a: Hotshot|def|1\n|-boost|p1a: Hotshot|spe|2\n|\n|t:|1700391037\n|switch|p2a: Annihilape|Annihilape, M|100\/100|[from] U-turn\n|\n|upkeep\n|turn|16\n|\n|t:|1700391050\n|move|p1a: Hotshot|Will-O-Wisp|p2a: Annihilape\n|-status|p2a: Annihilape|brn\n|move|p2a: Annihilape|Bulk Up|p2a: Annihilape\n|-boost|p2a: Annihilape|atk|1\n|-boost|p2a: Annihilape|def|1\n|\n|-damage|p2a: Annihilape|94\/100 brn|[from] brn\n|upkeep\n|turn|17\n|\n|t:|1700391063\n|move|p1a: Hotshot|Psychic|p2a: Annihilape\n|-supereffective|p2a: Annihilape\n|-damage|p2a: Annihilape|61\/100 brn\n|move|p2a: Annihilape|Bulk Up|p2a: Annihilape\n|-boost|p2a: Annihilape|atk|1\n|-boost|p2a: Annihilape|def|1\n|\n|-heal|p2a: Annihilape|67\/100 brn|[from] item: Leftovers\n|-damage|p2a: Annihilape|61\/100 brn|[from] brn\n|upkeep\n|turn|18\n|\n|t:|1700391077\n|move|p1a: Hotshot|Psychic|p2a: Annihilape\n|-supereffective|p2a: Annihilape\n|-damage|p2a: Annihilape|27\/100 brn\n|move|p2a: Annihilape|Rage Fist|p1a: Hotshot\n|-supereffective|p1a: Hotshot\n|-damage|p1a: Hotshot|0 fnt\n|faint|p1a: Hotshot\n|\n|-heal|p2a: Annihilape|33\/100 brn|[from] item: Leftovers\n|-damage|p2a: Annihilape|27\/100 brn|[from] brn\n|upkeep\n|c|\u2606Doomsday (Crunchy)|i see what you mean now.\n|inactive|Doomsday (Crunchy) has 120 seconds left.\n|\n|t:|1700391102\n|switch|p1a: Barrel|Tauros-Paldea-Aqua, M|100\/100\n|-ability|p1a: Barrel|Intimidate|boost\n|-unboost|p2a: Annihilape|atk|1\n|turn|19\n|inactive|Doomsday (Crunchy) has 120 seconds left.\n|\n|t:|1700391113\n|move|p1a: Barrel|Raging Bull|p2a: Annihilape\n|-sideend|p2: mrcarrot901|Reflect\n|-sideend|p2: mrcarrot901|move: Light Screen\n|-damage|p2a: Annihilape|0 fnt\n|faint|p2a: Annihilape\n|\n|upkeep\n|c|\u2606Doomsday (Crunchy)|ngl forgot raging bull broke screens\n|inactive|mrcarrot901 has 120 seconds left.\n|\n|t:|1700391172\n|switch|p2a: Mewtwo|Mewtwo|100\/100\n|-ability|p2a: Mewtwo|Unnerve\n|turn|20\n|\n|t:|1700391182\n|move|p2a: Mewtwo|Psychic|p1a: Barrel\n|-supereffective|p1a: Barrel\n|-damage|p1a: Barrel|0 fnt\n|faint|p1a: Barrel\n|\n|upkeep\n|inactive|Doomsday (Crunchy) has 120 seconds left.\n|\n|t:|1700391202\n|switch|p1a: Metro|Palafin, M|100\/100\n|turn|21\n|inactive|Doomsday (Crunchy) has 120 seconds left.\n|inactive|mrcarrot901 has 90 seconds left.\n|\n|t:|1700391232\n|move|p2a: Mewtwo|Psystrike|p1a: Metro\n|-damage|p1a: Metro|36\/100\n|move|p1a: Metro|Flip Turn|p2a: Mewtwo\n|-damage|p2a: Mewtwo|75\/100\n|inactive|Doomsday (Crunchy) has 120 seconds left.\n|\n|t:|1700391239\n|detailschange|p1a: Metro|Palafin-Hero, M\n|switch|p1a: Carver|Gallade, M|100\/100|[from] Flip Turn\n|\n|upkeep\n|turn|22\n|inactive|Doomsday (Crunchy) has 120 seconds left.\n|inactive|mrcarrot901 has 90 seconds left.\n|\n|t:|1700391256\n|move|p2a: Mewtwo|Psystrike|p1a: Carver\n|-damage|p1a: Carver|0 fnt\n|faint|p1a: Carver\n|\n|upkeep\n|inactive|Doomsday (Crunchy) has 120 seconds left.\n|\n|t:|1700391262\n|switch|p1a: Metro|Palafin-Hero, M|36\/100\n|-activate|p1a: Metro|ability: Zero to Hero\n|turn|23\n|inactive|Doomsday (Crunchy) has 120 seconds left.\n|\n|t:|1700391274\n|switch|p2a: Corviknight|Corviknight, M, tera:Dragon|42\/100 par\n|-ability|p2a: Corviknight|Pressure\n|-terastallize|p1a: Metro|Water\n|move|p1a: Metro|Jet Punch|p2a: Corviknight\n|-resisted|p2a: Corviknight\n|-damage|p2a: Corviknight|23\/100 par\n|\n|upkeep\n|turn|24\n|inactive|Doomsday (Crunchy) has 120 seconds left.\n|\n|t:|1700391286\n|move|p1a: Metro|Ice Punch|p2a: Corviknight\n|-supereffective|p2a: Corviknight\n|-damage|p2a: Corviknight|0 fnt\n|faint|p2a: Corviknight\n|\n|upkeep\n|\n|t:|1700391290\n|switch|p2a: Mew|Mew|100\/100\n|turn|25\n|\n|t:|1700391296\n|move|p1a: Metro|Jet Punch|p2a: Mew\n|-damage|p2a: Mew|50\/100\n|move|p2a: Mew|Reflect|p2a: Mew\n|-sidestart|p2: mrcarrot901|Reflect\n|\n|upkeep\n|turn|26\n|\n|t:|1700391302\n|move|p1a: Metro|Jet Punch|p2a: Mew\n|-damage|p2a: Mew|23\/100\n|move|p2a: Mew|Volt Switch|p1a: Metro\n|-supereffective|p1a: Metro\n|-damage|p1a: Metro|4\/100\n|\n|t:|1700391307\n|switch|p2a: Mewtwo|Mewtwo|75\/100|[from] Volt Switch\n|-ability|p2a: Mewtwo|Unnerve\n|\n|upkeep\n|turn|27\n|c|\u2606Doomsday (Crunchy)|welp, it's been fun.\n|c|\u2606mrcarrot901|gg\n|\n|t:|1700391321\n|move|p1a: Metro|Jet Punch|p2a: Mewtwo\n|-crit|p2a: Mewtwo\n|-damage|p2a: Mewtwo|0 fnt\n|faint|p2a: Mewtwo\n|\n|upkeep\n|c|\u2606mrcarrot901|good game\n|c|\u2606mrcarrot901|ih\n|c|\u2606mrcarrot901|oh\n|c|\u2606Doomsday (Crunchy)|WHAT.\n|inactive|mrcarrot901 has 120 seconds left.\n|c|\u2606mrcarrot901|ok i didn't expect this\n|c|\u2606Doomsday (Crunchy)|ME NEITHER.\n|c|\u2606mrcarrot901|lucky\n|\n|t:|1700391344\n|switch|p2a: Mew|Mew|23\/100\n|turn|28\n|\n|t:|1700391350\n|move|p1a: Metro|Jet Punch|p2a: Mew\n|-damage|p2a: Mew|0 fnt\n|faint|p2a: Mew\n|\n|win|Doomsday (Crunchy)\n|raw|Doomsday (Crunchy)'s rating: 1000 &rarr; <strong>1057<\/strong><br \/>(+57 for winning)\n|raw|mrcarrot901's rating: 1157 &rarr; <strong>1121<\/strong><br \/>(-36 for losing)\n|c|\u2606mrcarrot901|man\n|c|\u2606Doomsday (Crunchy)|JESUS.\n|c|\u2606mrcarrot901|lol\n|c|\u2606Doomsday (Crunchy)|i'm so sorry.\n|c|\u2606mrcarrot901|gg\n|c|\u2606mrcarrot901|nah it happens\n|c|\u2606Doomsday (Crunchy)|i genuinely feel bad that i got off with luck.\n|c|\u2606mrcarrot901|critical hit\n|c|\u2606Doomsday (Crunchy)|but you played very well, i liked the tera corviknight\n|c|\u2606Doomsday (Crunchy)|good luck in future battles.\n|c|\u2606Doomsday (Crunchy)|au revoir.\n|c|\u2606mrcarrot901|thx\n|c|\u2606mrcarrot901|bye bye\n","uploadtime":1700391413,"views":8,"p1id":"doomsdaycrunchy","p2id":"mrcarrot901","formatid":"gen9ubers","rating":1057,"private":0,"password":""}