{"id":"gen9ubers-1971876854","p1":"im yoated","p2":"DangerLeaderLizana","format":"[Gen 9] Ubers","log":"|j|\u2606im yoated\n|j|\u2606DangerLeaderLizana\n|t:|1697785559\n|gametype|singles\n|player|p1|im yoated|266|\n|player|p2|DangerLeaderLizana|101|\n|teamsize|p1|6\n|teamsize|p2|6\n|gen|9\n|tier|[Gen 9] Ubers\n|rule|Sleep Clause Mod: Limit one foe put to sleep\n|rule|Species Clause: Limit one of each Pok\u00e9mon\n|rule|OHKO Clause: OHKO moves are banned\n|rule|Evasion Items Clause: Evasion items are banned\n|rule|Evasion Moves Clause: Evasion moves are banned\n|rule|Endless Battle Clause: Forcing endless battles is banned\n|rule|HP Percentage Mod: HP is shown in percentages\n|clearpoke\n|poke|p1|Zacian-*|\n|poke|p1|Hatterene, F|\n|poke|p1|Basculegion-F, F|\n|poke|p1|Chi-Yu|\n|poke|p1|Arceus-Poison|\n|poke|p1|Gholdengo|\n|poke|p2|Zacian-*|\n|poke|p2|Giratina|\n|poke|p2|Ursaluna-Bloodmoon, M|\n|poke|p2|Palkia-Origin|\n|poke|p2|Arceus-Poison|\n|poke|p2|Magearna|\n|teampreview\n|inactive|Battle timer is ON: inactive players will automatically lose when time's up. (requested by DangerLeaderLizana)\n|c|\u2606im yoated|glhf\n|c|\u2606DangerLeaderLizana|Glhf\n|\n|t:|1697785576\n|start\n|switch|p1a: Arceus|Arceus-Poison|100\/100\n|switch|p2a: Magearna|Magearna|100\/100\n|turn|1\n|\n|t:|1697785580\n|move|p1a: Arceus|Stealth Rock|p2a: Magearna\n|-sidestart|p2: DangerLeaderLizana|move: Stealth Rock\n|move|p2a: Magearna|Spikes|p1a: Arceus\n|-sidestart|p1: im yoated|Spikes\n|\n|upkeep\n|turn|2\n|\n|t:|1697785585\n|move|p1a: Arceus|Earth Power|p2a: Magearna\n|-supereffective|p2a: Magearna\n|-damage|p2a: Magearna|60\/100\n|-unboost|p2a: Magearna|spd|1\n|move|p2a: Magearna|Spikes|p1a: Arceus\n|-sidestart|p1: im yoated|Spikes\n|\n|-heal|p2a: Magearna|66\/100|[from] item: Leftovers\n|upkeep\n|turn|3\n|\n|t:|1697785588\n|move|p1a: Arceus|Earth Power|p2a: Magearna\n|-supereffective|p2a: Magearna\n|-damage|p2a: Magearna|9\/100\n|move|p2a: Magearna|Volt Switch|p1a: Arceus\n|-damage|p1a: Arceus|82\/100\n|\n|t:|1697785593\n|switch|p2a: Giratina|Giratina|100\/100|[from] Volt Switch\n|-damage|p2a: Giratina|88\/100|[from] Stealth Rock\n|-ability|p2a: Giratina|Pressure\n|\n|-heal|p2a: Giratina|94\/100|[from] item: Leftovers\n|upkeep\n|turn|4\n|\n|t:|1697785601\n|switch|p1a: Chi-Yu|Chi-Yu|100\/100\n|-damage|p1a: Chi-Yu|84\/100|[from] Spikes\n|-ability|p1a: Chi-Yu|Beads of Ruin\n|move|p2a: Giratina|Defog|p1a: Chi-Yu\n|-unboost|p1a: Chi-Yu|evasion|1\n|-sideend|p1: im yoated|Spikes|[from] move: Defog|[of] p2a: Giratina\n|-sideend|p2: DangerLeaderLizana|Stealth Rock|[from] move: Defog|[of] p2a: Giratina\n|\n|-heal|p2a: Giratina|99\/100|[from] item: Leftovers\n|upkeep\n|turn|5\n|\n|t:|1697785610\n|move|p1a: Chi-Yu|Dark Pulse|p2a: Giratina\n|-supereffective|p2a: Giratina\n|-damage|p2a: Giratina|34\/100\n|move|p2a: Giratina|Aura Sphere|p1a: Chi-Yu\n|-supereffective|p1a: Chi-Yu\n|-damage|p1a: Chi-Yu|25\/100\n|\n|-heal|p2a: Giratina|41\/100|[from] item: Leftovers\n|upkeep\n|turn|6\n|\n|t:|1697785624\n|move|p1a: Chi-Yu|Dark Pulse|p2a: Giratina\n|-supereffective|p2a: Giratina\n|-damage|p2a: Giratina|0 fnt\n|faint|p2a: Giratina\n|\n|upkeep\n|\n|t:|1697785627\n|switch|p2a: Magearna|Magearna|9\/100\n|turn|7\n|\n|t:|1697785634\n|move|p1a: Chi-Yu|Dark Pulse|p2a: Magearna\n|-resisted|p2a: Magearna\n|-damage|p2a: Magearna|0 fnt\n|faint|p2a: Magearna\n|\n|upkeep\n|\n|t:|1697785641\n|switch|p2a: Zacian|Zacian|100\/100\n|-ability|p2a: Zacian|Intrepid Sword|boost\n|-boost|p2a: Zacian|atk|1\n|turn|8\n|\n|t:|1697785654\n|switch|p1a: Hatterene|Hatterene, F|100\/100\n|move|p2a: Zacian|Swords Dance|p2a: Zacian\n|-boost|p2a: Zacian|atk|2\n|\n|upkeep\n|turn|9\n|\n|t:|1697785659\n|move|p2a: Zacian|Play Rough|p1a: Hatterene\n|-damage|p1a: Hatterene|0 fnt\n|faint|p1a: Hatterene\n|\n|upkeep\n|\n|t:|1697785673\n|switch|p1a: Chi-Yu|Chi-Yu|25\/100\n|-ability|p1a: Chi-Yu|Beads of Ruin\n|turn|10\n|\n|t:|1697785675\n|move|p1a: Chi-Yu|Memento|p2a: Zacian\n|-unboost|p2a: Zacian|atk|2\n|-unboost|p2a: Zacian|spa|2\n|faint|p1a: Chi-Yu\n|move|p2a: Zacian|Play Rough|p1: Chi-Yu|[notarget]\n|-fail|p2a: Zacian\n|\n|upkeep\n|\n|t:|1697785685\n|switch|p1a: Gholdengo|Gholdengo|100\/100\n|-item|p1a: Gholdengo|Air Balloon\n|turn|11\n|\n|t:|1697785695\n|move|p2a: Zacian|Crunch|p1a: Gholdengo\n|-supereffective|p1a: Gholdengo\n|-damage|p1a: Gholdengo|3\/100\n|-enditem|p1a: Gholdengo|Air Balloon\n|move|p1a: Gholdengo|Make It Rain|p2a: Zacian\n|-supereffective|p2a: Zacian\n|-damage|p2a: Zacian|0 fnt\n|-unboost|p1a: Gholdengo|spa|1\n|faint|p2a: Zacian\n|\n|upkeep\n|\n|t:|1697785701\n|switch|p2a: Palkia|Palkia-Origin|100\/100\n|-ability|p2a: Palkia|Pressure\n|turn|12\n|\n|t:|1697785707\n|move|p2a: Palkia|Substitute|p2a: Palkia\n|-start|p2a: Palkia|Substitute\n|-damage|p2a: Palkia|76\/100\n|move|p1a: Gholdengo|Shadow Ball|p2a: Palkia\n|-end|p2a: Palkia|Substitute\n|\n|upkeep\n|turn|13\n|\n|t:|1697785713\n|move|p2a: Palkia|Substitute|p2a: Palkia\n|-start|p2a: Palkia|Substitute\n|-damage|p2a: Palkia|51\/100\n|move|p1a: Gholdengo|Shadow Ball|p2a: Palkia\n|-activate|p2a: Palkia|move: Substitute|[damage]\n|\n|upkeep\n|turn|14\n|\n|t:|1697785717\n|move|p2a: Palkia|Flamethrower|p1a: Gholdengo\n|-supereffective|p1a: Gholdengo\n|-damage|p1a: Gholdengo|0 fnt\n|faint|p1a: Gholdengo\n|\n|upkeep\n|\n|t:|1697785722\n|switch|p1a: Arceus|Arceus-Poison|82\/100\n|turn|15\n|\n|t:|1697785728\n|move|p2a: Palkia|Hydro Pump|p1a: Arceus\n|-damage|p1a: Arceus|32\/100\n|move|p1a: Arceus|Sludge Bomb|p2a: Palkia\n|-end|p2a: Palkia|Substitute\n|\n|upkeep\n|turn|16\n|\n|t:|1697785732\n|move|p2a: Palkia|Hydro Pump|p1a: Arceus\n|-damage|p1a: Arceus|0 fnt\n|faint|p1a: Arceus\n|\n|upkeep\n|\n|t:|1697785735\n|switch|p1a: Basculegion|Basculegion-F, F|100\/100\n|turn|17\n|\n|t:|1697785741\n|move|p2a: Palkia|Spacial Rend|p1a: Basculegion\n|-damage|p1a: Basculegion|26\/100\n|move|p1a: Basculegion|Last Respects|p2a: Palkia\n|-damage|p2a: Palkia|0 fnt\n|faint|p2a: Palkia\n|\n|upkeep\n|\n|t:|1697785744\n|switch|p2a: Arceus|Arceus-Poison|100\/100\n|turn|18\n|\n|t:|1697785750\n|move|p2a: Arceus|Earth Power|p1a: Basculegion\n|-damage|p1a: Basculegion|0 fnt\n|faint|p1a: Basculegion\n|\n|upkeep\n|\n|t:|1697785753\n|switch|p1a: Zacian|Zacian|100\/100\n|-ability|p1a: Zacian|Intrepid Sword|boost\n|-boost|p1a: Zacian|atk|1\n|turn|19\n|c|\u2606DangerLeaderLizana|Gg\n|\n|t:|1697785761\n|-terastallize|p1a: Zacian|Ground\n|move|p1a: Zacian|Swords Dance|p1a: Zacian\n|-boost|p1a: Zacian|atk|2\n|move|p2a: Arceus|Judgment|p1a: Zacian\n|-resisted|p1a: Zacian\n|-damage|p1a: Zacian|74\/100\n|\n|upkeep\n|turn|20\n|\n|t:|1697785768\n|-terastallize|p2a: Arceus|Flying\n|move|p1a: Zacian|Tera Blast|p2a: Arceus|[anim] Tera Blast Ground\n|-immune|p2a: Arceus\n|move|p2a: Arceus|Earth Power|p1a: Zacian\n|-damage|p1a: Zacian|45\/100\n|\n|upkeep\n|turn|21\n|\n|t:|1697785774\n|move|p1a: Zacian|Swords Dance|p1a: Zacian\n|-boost|p1a: Zacian|atk|2\n|move|p2a: Arceus|Earth Power|p1a: Zacian\n|-damage|p1a: Zacian|16\/100\n|\n|upkeep\n|turn|22\n|\n|t:|1697785778\n|move|p1a: Zacian|Play Rough|p2a: Arceus\n|-damage|p2a: Arceus|0 fnt\n|faint|p2a: Arceus\n|-damage|p1a: Zacian|6\/100|[from] item: Life Orb\n|\n|upkeep\n|\n|t:|1697785781\n|switch|p2a: Ursaluna|Ursaluna-Bloodmoon, M|100\/100\n|turn|23\n|\n|t:|1697785783\n|move|p1a: Zacian|Close Combat|p2a: Ursaluna\n|-supereffective|p2a: Ursaluna\n|-damage|p2a: Ursaluna|0 fnt\n|-unboost|p1a: Zacian|def|1\n|-unboost|p1a: Zacian|spd|1\n|faint|p2a: Ursaluna\n|-damage|p1a: Zacian|0 fnt|[from] item: Life Orb\n|faint|p1a: Zacian\n|\n|win|im yoated\n|l|\u2606DangerLeaderLizana\n|c|\u2606im yoated|gg\n","uploadtime":1697785792,"views":43,"p1id":"imyoated","p2id":"dangerleaderlizana","formatid":"gen9ubers","rating":0,"private":0,"password":""}