{"id":"gen9ubers-1998487422","p1":"ksajdo","p2":"Emilchelo","format":"[Gen 9] Ubers","log":"|j|\u2606ksajdo\n|j|\u203dEmilchelo\n|t:|1700947893\n|gametype|singles\n|player|p1|ksajdo|102|1065\n|player|p2|Emilchelo|170|1130\n|teamsize|p1|6\n|teamsize|p2|6\n|gen|9\n|tier|[Gen 9] Ubers\n|rated|\n|rule|Sleep Clause Mod: Limit one foe put to sleep\n|rule|Species Clause: Limit one of each Pok\u00e9mon\n|rule|OHKO Clause: OHKO moves are banned\n|rule|Evasion Items Clause: Evasion items are banned\n|rule|Evasion Moves Clause: Evasion moves are banned\n|rule|Endless Battle Clause: Forcing endless battles is banned\n|rule|HP Percentage Mod: HP is shown in percentages\n|clearpoke\n|poke|p1|Palafin, M|\n|poke|p1|Lokix, M|\n|poke|p1|Gholdengo|\n|poke|p1|Miraidon|\n|poke|p1|Forretress, F|\n|poke|p1|Rotom-Wash|\n|poke|p2|Ting-Lu|\n|poke|p2|Regieleki|\n|poke|p2|Groudon|\n|poke|p2|Arceus-Water|\n|poke|p2|Chansey, F|\n|poke|p2|Kingambit, F|\n|teampreview\n|\n|t:|1700947900\n|start\n|switch|p1a: Palafin|Palafin, M|100\/100\n|switch|p2a: Regieleki|Regieleki|100\/100\n|turn|1\n|\n|t:|1700947914\n|detailschange|p1a: Palafin|Palafin-Hero, M\n|switch|p1a: Miraidon|Miraidon|100\/100\n|-fieldstart|move: Electric Terrain|[from] ability: Hadron Engine|[of] p1a: Miraidon\n|move|p2a: Regieleki|Volt Switch|p1a: Miraidon\n|-resisted|p1a: Miraidon\n|-crit|p1a: Miraidon\n|-damage|p1a: Miraidon|73\/100\n|\n|t:|1700947925\n|switch|p2a: Chansey|Chansey, F|100\/100|[from] Volt Switch\n|\n|upkeep\n|turn|2\n|\n|t:|1700947933\n|move|p1a: Miraidon|Taunt|p2a: Chansey\n|-start|p2a: Chansey|move: Taunt\n|move|p2a: Chansey|Seismic Toss|p1a: Miraidon\n|-damage|p1a: Miraidon|44\/100\n|\n|upkeep\n|turn|3\n|\n|t:|1700947942\n|move|p1a: Miraidon|Volt Switch|p2a: Chansey\n|-crit|p2a: Chansey\n|-damage|p2a: Chansey|72\/100\n|\n|t:|1700947950\n|switch|p1a: Palafin|Palafin-Hero, M|100\/100|[from] Volt Switch\n|-activate|p1a: Palafin|ability: Zero to Hero\n|move|p2a: Chansey|Shadow Ball|p1a: Palafin\n|-damage|p1a: Palafin|91\/100\n|\n|upkeep\n|turn|4\n|\n|t:|1700947963\n|switch|p2a: Groudon|Groudon|100\/100\n|-weather|SunnyDay|[from] ability: Drought|[of] p2a: Groudon\n|move|p1a: Palafin|Wave Crash|p2a: Groudon\n|-supereffective|p2a: Groudon\n|-crit|p2a: Groudon\n|-damage|p2a: Groudon|0 fnt\n|faint|p2a: Groudon\n|-damage|p1a: Palafin|52\/100|[from] Recoil\n|\n|-weather|SunnyDay|[upkeep]\n|upkeep\n|\n|t:|1700947979\n|switch|p2a: Regieleki|Regieleki|100\/100\n|turn|5\n|\n|t:|1700947985\n|switch|p1a: Miraidon|Miraidon|44\/100\n|-activate|p1a: Miraidon|ability: Hadron Engine\n|-terastallize|p2a: Regieleki|Ice\n|move|p2a: Regieleki|Tera Blast|p1a: Miraidon|[anim] Tera Blast Ice\n|-supereffective|p1a: Miraidon\n|-damage|p1a: Miraidon|0 fnt\n|faint|p1a: Miraidon\n|\n|-weather|SunnyDay|[upkeep]\n|-fieldend|move: Electric Terrain\n|upkeep\n|\n|t:|1700948009\n|switch|p1a: Forretress|Forretress, F|100\/100\n|turn|6\n|\n|t:|1700948019\n|switch|p2a: Ting-Lu|Ting-Lu|100\/100\n|-ability|p2a: Ting-Lu|Vessel of Ruin\n|move|p1a: Forretress|Volt Switch|p2a: Ting-Lu\n|-immune|p2a: Ting-Lu\n|\n|-weather|SunnyDay|[upkeep]\n|upkeep\n|turn|7\n|\n|t:|1700948030\n|switch|p1a: Rotom|Rotom-Wash|100\/100\n|move|p2a: Ting-Lu|Stealth Rock|p1a: Rotom\n|-sidestart|p1: ksajdo|move: Stealth Rock\n|\n|-weather|SunnyDay|[upkeep]\n|upkeep\n|turn|8\n|\n|t:|1700948039\n|switch|p2a: Chansey|Chansey, F|72\/100\n|move|p1a: Rotom|Trick|p2a: Chansey\n|-activate|p1a: Rotom|move: Trick|[of] p2a: Chansey\n|-item|p2a: Chansey|Choice Scarf|[from] move: Trick\n|-item|p1a: Rotom|Eviolite|[from] move: Trick\n|\n|-weather|none\n|upkeep\n|turn|9\n|\n|t:|1700948062\n|switch|p1a: Gholdengo|Gholdengo|100\/100\n|-damage|p1a: Gholdengo|94\/100|[from] Stealth Rock\n|move|p2a: Chansey|Shadow Ball|p1a: Gholdengo\n|-supereffective|p1a: Gholdengo\n|-damage|p1a: Gholdengo|79\/100\n|\n|-heal|p1a: Gholdengo|85\/100|[from] item: Leftovers\n|upkeep\n|turn|10\n|\n|t:|1700948080\n|switch|p2a: Kingambit|Kingambit, F|100\/100\n|-activate|p2a: Kingambit|ability: Supreme Overlord\n|-start|p2a: Kingambit|fallen1|[silent]\n|move|p1a: Gholdengo|Thunder Wave|p2a: Kingambit\n|-status|p2a: Kingambit|par\n|\n|-heal|p1a: Gholdengo|91\/100|[from] item: Leftovers\n|upkeep\n|turn|11\n|\n|t:|1700948101\n|switch|p1a: Forretress|Forretress, F|100\/100\n|-damage|p1a: Forretress|88\/100|[from] Stealth Rock\n|-end|p2a: Kingambit|fallen1|[silent]\n|switch|p2a: Regieleki|Regieleki, tera:Ice|100\/100\n|\n|upkeep\n|turn|12\n|\n|t:|1700948114\n|move|p2a: Regieleki|Volt Switch|p1a: Forretress\n|-damage|p1a: Forretress|28\/100\n|\n|t:|1700948118\n|switch|p2a: Ting-Lu|Ting-Lu|100\/100|[from] Volt Switch\n|-ability|p2a: Ting-Lu|Vessel of Ruin\n|move|p1a: Forretress|Stealth Rock|p2a: Ting-Lu\n|-sidestart|p2: Emilchelo|move: Stealth Rock\n|\n|upkeep\n|turn|13\n|\n|t:|1700948133\n|move|p1a: Forretress|Spikes|p2a: Ting-Lu\n|-sidestart|p2: Emilchelo|Spikes\n|move|p2a: Ting-Lu|Ruination|p1a: Forretress\n|-damage|p1a: Forretress|14\/100\n|\n|upkeep\n|turn|14\n|inactive|Battle timer is ON: inactive players will automatically lose when time's up. (requested by ksajdo)\n|\n|t:|1700948153\n|move|p1a: Forretress|Spikes|p2a: Ting-Lu\n|-sidestart|p2: Emilchelo|Spikes\n|move|p2a: Ting-Lu|Earthquake|p1a: Forretress\n|-damage|p1a: Forretress|0 fnt\n|faint|p1a: Forretress\n|\n|upkeep\n|\n|t:|1700948162\n|switch|p1a: Palafin|Palafin-Hero, M|52\/100\n|-damage|p1a: Palafin|39\/100|[from] Stealth Rock\n|turn|15\n|\n|t:|1700948170\n|switch|p2a: Arceus|Arceus-Water|100\/100\n|-damage|p2a: Arceus|88\/100|[from] Stealth Rock\n|-damage|p2a: Arceus|72\/100|[from] Spikes\n|move|p1a: Palafin|Wave Crash|p2a: Arceus\n|-resisted|p2a: Arceus\n|-damage|p2a: Arceus|32\/100\n|-damage|p1a: Palafin|25\/100|[from] Recoil\n|\n|upkeep\n|turn|16\n|\n|t:|1700948182\n|move|p2a: Arceus|Recover|p2a: Arceus\n|-heal|p2a: Arceus|82\/100\n|move|p1a: Palafin|Wave Crash|p2a: Arceus\n|-resisted|p2a: Arceus\n|-damage|p2a: Arceus|42\/100\n|-damage|p1a: Palafin|10\/100|[from] Recoil\n|\n|upkeep\n|turn|17\n|\n|t:|1700948192\n|move|p2a: Arceus|Recover|p2a: Arceus\n|-heal|p2a: Arceus|93\/100\n|move|p1a: Palafin|Wave Crash|p2a: Arceus\n|-resisted|p2a: Arceus\n|-damage|p2a: Arceus|50\/100\n|-damage|p1a: Palafin|0 fnt|[from] Recoil\n|faint|p1a: Palafin\n|\n|upkeep\n|\n|t:|1700948204\n|switch|p1a: Rotom|Rotom-Wash|100\/100\n|-damage|p1a: Rotom|88\/100|[from] Stealth Rock\n|turn|18\n|\n|t:|1700948225\n|move|p2a: Arceus|Recover|p2a: Arceus\n|-heal|p2a: Arceus|99\/100\n|move|p1a: Rotom|Hydro Pump|p2a: Arceus\n|-resisted|p2a: Arceus\n|-damage|p2a: Arceus|81\/100\n|\n|upkeep\n|turn|19\n|\n|t:|1700948238\n|move|p2a: Arceus|Calm Mind|p2a: Arceus\n|-boost|p2a: Arceus|spa|1\n|-boost|p2a: Arceus|spd|1\n|move|p1a: Rotom|Discharge|p2a: Arceus\n|-supereffective|p2a: Arceus\n|-damage|p2a: Arceus|40\/100\n|-status|p2a: Arceus|par\n|\n|upkeep\n|turn|20\n|\n|t:|1700948248\n|move|p1a: Rotom|Discharge|p2a: Arceus\n|-supereffective|p2a: Arceus\n|-damage|p2a: Arceus|1\/100 par\n|cant|p2a: Arceus|par\n|\n|upkeep\n|turn|21\n|\n|t:|1700948256\n|move|p1a: Rotom|Volt Switch|p2a: Arceus\n|-supereffective|p2a: Arceus\n|-damage|p2a: Arceus|0 fnt\n|faint|p2a: Arceus\n|\n|t:|1700948261\n|switch|p1a: Lokix|Lokix, M|100\/100|[from] Volt Switch\n|-damage|p1a: Lokix|75\/100|[from] Stealth Rock\n|\n|upkeep\n|\n|t:|1700948275\n|switch|p2a: Ting-Lu|Ting-Lu|100\/100\n|-damage|p2a: Ting-Lu|94\/100|[from] Stealth Rock\n|-damage|p2a: Ting-Lu|78\/100|[from] Spikes\n|-ability|p2a: Ting-Lu|Vessel of Ruin\n|turn|22\n|\n|t:|1700948287\n|move|p1a: Lokix|First Impression|p2a: Ting-Lu\n|-supereffective|p2a: Ting-Lu\n|-damage|p2a: Ting-Lu|33\/100\n|move|p2a: Ting-Lu|Earthquake|p1a: Lokix\n|-resisted|p1a: Lokix\n|-damage|p1a: Lokix|46\/100\n|\n|-heal|p2a: Ting-Lu|40\/100|[from] item: Leftovers\n|upkeep\n|turn|23\n|\n|t:|1700948307\n|move|p1a: Lokix|Leech Life|p2a: Ting-Lu\n|-supereffective|p2a: Ting-Lu\n|-damage|p2a: Ting-Lu|2\/100\n|-heal|p1a: Lokix|79\/100|[from] drain|[of] p2a: Ting-Lu\n|move|p2a: Ting-Lu|Ruination|p1a: Lokix\n|-damage|p1a: Lokix|40\/100\n|\n|-heal|p2a: Ting-Lu|8\/100|[from] item: Leftovers\n|upkeep\n|turn|24\n|\n|t:|1700948320\n|move|p1a: Lokix|U-turn|p2a: Ting-Lu\n|-supereffective|p2a: Ting-Lu\n|-damage|p2a: Ting-Lu|0 fnt\n|faint|p2a: Ting-Lu\n|\n|t:|1700948327\n|switch|p1a: Gholdengo|Gholdengo|91\/100|[from] U-turn\n|-damage|p1a: Gholdengo|85\/100|[from] Stealth Rock\n|\n|-heal|p1a: Gholdengo|91\/100|[from] item: Leftovers\n|upkeep\n|\n|t:|1700948335\n|switch|p2a: Kingambit|Kingambit, F|100\/100 par\n|-damage|p2a: Kingambit|94\/100 par|[from] Stealth Rock\n|-damage|p2a: Kingambit|78\/100 par|[from] Spikes\n|-activate|p2a: Kingambit|ability: Supreme Overlord\n|-start|p2a: Kingambit|fallen3|[silent]\n|turn|25\n|\n|t:|1700948349\n|-terastallize|p1a: Gholdengo|Dark\n|move|p1a: Gholdengo|Hex|p2a: Kingambit\n|-resisted|p2a: Kingambit\n|-damage|p2a: Kingambit|52\/100 par\n|move|p2a: Kingambit|Iron Head|p1a: Gholdengo\n|-damage|p1a: Gholdengo|50\/100\n|\n|-heal|p1a: Gholdengo|56\/100|[from] item: Leftovers\n|-heal|p2a: Kingambit|58\/100 par|[from] item: Leftovers\n|upkeep\n|turn|26\n|inactive|ksajdo has 120 seconds left.\n|\n|t:|1700948375\n|move|p1a: Gholdengo|Hex|p2a: Kingambit\n|-resisted|p2a: Kingambit\n|-damage|p2a: Kingambit|31\/100 par\n|move|p2a: Kingambit|Low Kick|p1a: Gholdengo\n|-supereffective|p1a: Gholdengo\n|-damage|p1a: Gholdengo|17\/100\n|\n|-heal|p1a: Gholdengo|23\/100|[from] item: Leftovers\n|-heal|p2a: Kingambit|37\/100 par|[from] item: Leftovers\n|upkeep\n|turn|27\n|\n|t:|1700948389\n|move|p1a: Gholdengo|Hex|p2a: Kingambit\n|-resisted|p2a: Kingambit\n|-damage|p2a: Kingambit|9\/100 par\n|cant|p2a: Kingambit|par\n|\n|-heal|p1a: Gholdengo|29\/100|[from] item: Leftovers\n|-heal|p2a: Kingambit|15\/100 par|[from] item: Leftovers\n|upkeep\n|turn|28\n|\n|t:|1700948399\n|move|p1a: Gholdengo|Hex|p2a: Kingambit\n|-resisted|p2a: Kingambit\n|-damage|p2a: Kingambit|0 fnt\n|faint|p2a: Kingambit\n|-end|p2a: Kingambit|fallen3|[silent]\n|\n|-heal|p1a: Gholdengo|35\/100|[from] item: Leftovers\n|upkeep\n|\n|t:|1700948407\n|switch|p2a: Chansey|Chansey, F|72\/100\n|-damage|p2a: Chansey|60\/100|[from] Stealth Rock\n|-damage|p2a: Chansey|43\/100|[from] Spikes\n|turn|29\n|inactive|ksajdo has 120 seconds left.\n|\n|t:|1700948443\n|move|p1a: Gholdengo|Thunder Wave|p2a: Chansey\n|-status|p2a: Chansey|par\n|move|p2a: Chansey|Soft-Boiled|p2a: Chansey\n|-heal|p2a: Chansey|93\/100 par\n|\n|-heal|p1a: Gholdengo|41\/100|[from] item: Leftovers\n|upkeep\n|turn|30\n|\n|t:|1700948467\n|move|p1a: Gholdengo|Recover|p1a: Gholdengo\n|-heal|p1a: Gholdengo|91\/100\n|move|p2a: Chansey|Soft-Boiled|p2a: Chansey\n|-heal|p2a: Chansey|100\/100 par\n|\n|-heal|p1a: Gholdengo|97\/100|[from] item: Leftovers\n|upkeep\n|turn|31\n|\n|t:|1700948483\n|switch|p1a: Lokix|Lokix, M|40\/100\n|-damage|p1a: Lokix|15\/100|[from] Stealth Rock\n|-curestatus|p2a: Chansey|par|[from] ability: Natural Cure\n|switch|p2a: Regieleki|Regieleki, tera:Ice|100\/100\n|-damage|p2a: Regieleki|76\/100|[from] Stealth Rock\n|-damage|p2a: Regieleki|59\/100|[from] Spikes\n|\n|upkeep\n|turn|32\n|inactive|Emilchelo has 120 seconds left.\n|\n|t:|1700948500\n|switch|p2a: Chansey|Chansey, F|100\/100\n|-damage|p2a: Chansey|88\/100|[from] Stealth Rock\n|-damage|p2a: Chansey|71\/100|[from] Spikes\n|move|p1a: Lokix|First Impression|p2a: Chansey\n|-damage|p2a: Chansey|0 fnt\n|faint|p2a: Chansey\n|\n|upkeep\n|inactive|Emilchelo has 120 seconds left.\n|\n|t:|1700948511\n|switch|p2a: Regieleki|Regieleki, tera:Ice|59\/100\n|-damage|p2a: Regieleki|34\/100|[from] Stealth Rock\n|-damage|p2a: Regieleki|17\/100|[from] Spikes\n|turn|33\n|inactive|Emilchelo has 120 seconds left.\n|\n|t:|1700948518\n|move|p1a: Lokix|Sucker Punch|p2a: Regieleki\n|-damage|p2a: Regieleki|0 fnt\n|faint|p2a: Regieleki\n|\n|win|ksajdo\n|raw|ksajdo's rating: 1065 &rarr; <strong>1101<\/strong><br \/>(+36 for winning)\n|raw|Emilchelo's rating: 1130 &rarr; <strong>1100<\/strong><br \/>(-30 for losing)\n","uploadtime":1700948562,"views":4,"p1id":"ksajdo","p2id":"emilchelo","formatid":"gen9ubers","rating":1100,"private":0,"password":""}