{"id":"gen9ubers-1979886153","p1":"Charbotron","p2":"flambojambo","format":"[Gen 9] Ubers","log":"|j|\u2606Charbotron\n|j|\u2606flambojambo\n|t:|1698724337\n|gametype|singles\n|player|p1|Charbotron|266|\n|player|p2|flambojambo|skyla|\n|teamsize|p1|6\n|teamsize|p2|6\n|gen|9\n|tier|[Gen 9] Ubers\n|rule|Sleep Clause Mod: Limit one foe put to sleep\n|rule|Species Clause: Limit one of each Pok\u00e9mon\n|rule|OHKO Clause: OHKO moves are banned\n|rule|Evasion Items Clause: Evasion items are banned\n|rule|Evasion Moves Clause: Evasion moves are banned\n|rule|Endless Battle Clause: Forcing endless battles is banned\n|rule|HP Percentage Mod: HP is shown in percentages\n|clearpoke\n|poke|p1|Iron Moth|\n|poke|p1|Sandy Shocks|\n|poke|p1|Torkoal, F|\n|poke|p1|Corviknight, F|\n|poke|p1|Walking Wake|\n|poke|p1|Great Tusk|\n|poke|p2|Enamorus, F|\n|poke|p2|Zamazenta-*|\n|poke|p2|Skeledirge, F|\n|poke|p2|Manaphy|\n|poke|p2|Mamoswine, M|\n|poke|p2|Hoopa-Unbound|\n|teampreview\n|\n|t:|1698724352\n|start\n|switch|p1a: Torkoal|Torkoal, F|100\/100\n|switch|p2a: Maddiphy|Manaphy|100\/100\n|-weather|SunnyDay|[from] ability: Drought|[of] p1a: Torkoal\n|turn|1\n|\n|t:|1698724375\n|switch|p1a: Sandy Shocks|Sandy Shocks|100\/100\n|-activate|p1a: Sandy Shocks|ability: Protosynthesis\n|-start|p1a: Sandy Shocks|protosynthesisspa\n|move|p2a: Maddiphy|Tail Glow|p2a: Maddiphy\n|-boost|p2a: Maddiphy|spa|3\n|\n|-weather|SunnyDay|[upkeep]\n|upkeep\n|turn|2\n|\n|t:|1698724404\n|switch|p2a: Mannyswine|Mamoswine, M|100\/100\n|move|p1a: Sandy Shocks|Thunderbolt|p2a: Mannyswine\n|-immune|p2a: Mannyswine\n|\n|-weather|SunnyDay|[upkeep]\n|upkeep\n|turn|3\n|j| Nuttyr\n|j| rustygoomba\n|\n|t:|1698724461\n|move|p1a: Sandy Shocks|Flash Cannon|p2a: Mannyswine\n|-supereffective|p2a: Mannyswine\n|-damage|p2a: Mannyswine|0 fnt\n|faint|p2a: Mannyswine\n|\n|-weather|SunnyDay|[upkeep]\n|upkeep\n|\n|t:|1698724488\n|switch|p2a: Annamorus|Enamorus, F|100\/100\n|turn|4\n|\n|t:|1698724529\n|move|p2a: Annamorus|Earth Power|p1a: Sandy Shocks\n|-supereffective|p1a: Sandy Shocks\n|-damage|p1a: Sandy Shocks|0 fnt\n|faint|p1a: Sandy Shocks\n|-end|p1a: Sandy Shocks|Protosynthesis|[silent]\n|\n|-weather|SunnyDay|[upkeep]\n|upkeep\n|\n|t:|1698724542\n|switch|p1a: Iron Moth|Iron Moth|100\/100\n|turn|5\n|\n|t:|1698724560\n|switch|p2a: Maddiphy|Manaphy|100\/100\n|move|p1a: Iron Moth|Discharge|p2a: Maddiphy\n|-supereffective|p2a: Maddiphy\n|-damage|p2a: Maddiphy|38\/100\n|\n|-weather|SunnyDay|[upkeep]\n|-heal|p2a: Maddiphy|44\/100|[from] item: Leftovers\n|upkeep\n|turn|6\n|\n|t:|1698724578\n|switch|p2a: Zendaya-Crowned|Zamazenta-Crowned|100\/100\n|-ability|p2a: Zendaya-Crowned|Dauntless Shield|boost\n|-boost|p2a: Zendaya-Crowned|def|1\n|move|p1a: Iron Moth|Discharge|p2a: Zendaya-Crowned\n|-damage|p2a: Zendaya-Crowned|73\/100\n|\n|-weather|SunnyDay|[upkeep]\n|upkeep\n|turn|7\n|\n|t:|1698724628\n|-end|p1a: Iron Moth|Quark Drive|[silent]\n|switch|p1a: Great Tusk|Great Tusk|100\/100\n|-activate|p1a: Great Tusk|ability: Protosynthesis\n|-start|p1a: Great Tusk|protosynthesisatk\n|move|p2a: Zendaya-Crowned|Behemoth Bash|p1a: Great Tusk\n|-damage|p1a: Great Tusk|63\/100\n|\n|-weather|SunnyDay|[upkeep]\n|upkeep\n|turn|8\n|\n|t:|1698724663\n|move|p2a: Zendaya-Crowned|Play Rough|p1a: Great Tusk\n|-supereffective|p1a: Great Tusk\n|-damage|p1a: Great Tusk|23\/100\n|move|p1a: Great Tusk|Stealth Rock|p2a: Zendaya-Crowned\n|-sidestart|p2: flambojambo|move: Stealth Rock\n|\n|-weather|none\n|-end|p1a: Great Tusk|Protosynthesis\n|upkeep\n|turn|9\n|\n|t:|1698724687\n|-end|p1a: Great Tusk|Protosynthesis|[silent]\n|switch|p1a: Torkoal|Torkoal, F|100\/100\n|-weather|SunnyDay|[from] ability: Drought|[of] p1a: Torkoal\n|move|p2a: Zendaya-Crowned|Play Rough|p1a: Torkoal\n|-resisted|p1a: Torkoal\n|-damage|p1a: Torkoal|90\/100\n|\n|-weather|SunnyDay|[upkeep]\n|upkeep\n|turn|10\n|\n|t:|1698724708\n|switch|p2a: Houdini-Unbound|Hoopa-Unbound|100\/100\n|-damage|p2a: Houdini-Unbound|88\/100|[from] Stealth Rock\n|move|p1a: Torkoal|Eruption|p2a: Houdini-Unbound\n|-damage|p2a: Houdini-Unbound|25\/100\n|\n|-weather|SunnyDay|[upkeep]\n|upkeep\n|turn|11\n|\n|t:|1698724730\n|move|p2a: Houdini-Unbound|Destiny Bond|p2a: Houdini-Unbound\n|-singlemove|p2a: Houdini-Unbound|Destiny Bond\n|move|p1a: Torkoal|Solar Beam||[still]\n|-prepare|p1a: Torkoal|Solar Beam\n|-anim|p1a: Torkoal|Solar Beam|p2a: Houdini-Unbound\n|-damage|p2a: Houdini-Unbound|0 fnt\n|faint|p2a: Houdini-Unbound\n|-activate|p2a: Houdini-Unbound|move: Destiny Bond\n|faint|p1a: Torkoal\n|\n|-weather|SunnyDay|[upkeep]\n|upkeep\n|\n|t:|1698724765\n|switch|p2a: Sarahdirge|Skeledirge, F|100\/100\n|switch|p1a: Walking Wake|Walking Wake|100\/100\n|-activate|p1a: Walking Wake|ability: Protosynthesis\n|-start|p1a: Walking Wake|protosynthesisspe\n|-damage|p2a: Sarahdirge|76\/100|[from] Stealth Rock\n|turn|12\n|\n|t:|1698724781\n|-terastallize|p2a: Sarahdirge|Fairy\n|move|p1a: Walking Wake|Hydro Steam|p2a: Sarahdirge\n|-damage|p2a: Sarahdirge|35\/100\n|-damage|p1a: Walking Wake|91\/100|[from] item: Life Orb\n|move|p2a: Sarahdirge|Tera Blast|p1a: Walking Wake|[anim] Tera Blast Fairy\n|-supereffective|p1a: Walking Wake\n|-damage|p1a: Walking Wake|25\/100\n|\n|-weather|SunnyDay|[upkeep]\n|upkeep\n|turn|13\n|\n|t:|1698724810\n|move|p1a: Walking Wake|Hydro Steam|p2a: Sarahdirge\n|-damage|p2a: Sarahdirge|0 fnt\n|faint|p2a: Sarahdirge\n|-damage|p1a: Walking Wake|15\/100|[from] item: Life Orb\n|\n|-weather|SunnyDay|[upkeep]\n|upkeep\n|\n|t:|1698724827\n|switch|p2a: Zendaya-Crowned|Zamazenta-Crowned|73\/100\n|-damage|p2a: Zendaya-Crowned|70\/100|[from] Stealth Rock\n|turn|14\n|\n|t:|1698724837\n|move|p1a: Walking Wake|Flamethrower|p2a: Zendaya-Crowned\n|-supereffective|p2a: Zendaya-Crowned\n|-damage|p2a: Zendaya-Crowned|0 fnt\n|faint|p2a: Zendaya-Crowned\n|-damage|p1a: Walking Wake|5\/100|[from] item: Life Orb\n|\n|-weather|SunnyDay|[upkeep]\n|upkeep\n|\n|t:|1698724843\n|switch|p2a: Annamorus|Enamorus, F|100\/100\n|-damage|p2a: Annamorus|76\/100|[from] Stealth Rock\n|turn|15\n|\n|t:|1698724871\n|move|p1a: Walking Wake|Hydro Steam|p2a: Annamorus\n|-damage|p2a: Annamorus|0 fnt\n|faint|p2a: Annamorus\n|-damage|p1a: Walking Wake|0 fnt|[from] item: Life Orb\n|faint|p1a: Walking Wake\n|-end|p1a: Walking Wake|Protosynthesis|[silent]\n|\n|-weather|SunnyDay|[upkeep]\n|upkeep\n|\n|t:|1698724901\n|switch|p1a: Iron Moth|Iron Moth|100\/100\n|switch|p2a: Maddiphy|Manaphy|44\/100\n|-damage|p2a: Maddiphy|32\/100|[from] Stealth Rock\n|turn|16\n|l| rustygoomba\n|\n|t:|1698724926\n|-end|p1a: Iron Moth|Quark Drive|[silent]\n|switch|p1a: Great Tusk|Great Tusk|23\/100\n|-activate|p1a: Great Tusk|ability: Protosynthesis\n|-start|p1a: Great Tusk|protosynthesisatk\n|move|p2a: Maddiphy|Weather Ball|p1a: Great Tusk\n|-damage|p1a: Great Tusk|0 fnt\n|faint|p1a: Great Tusk\n|-end|p1a: Great Tusk|Protosynthesis|[silent]\n|\n|-weather|none\n|-heal|p2a: Maddiphy|38\/100|[from] item: Leftovers\n|upkeep\n|\n|t:|1698724938\n|switch|p1a: Iron Moth|Iron Moth|100\/100\n|turn|17\n|\n|t:|1698724942\n|move|p1a: Iron Moth|Discharge|p2a: Maddiphy\n|-supereffective|p2a: Maddiphy\n|-damage|p2a: Maddiphy|0 fnt\n|faint|p2a: Maddiphy\n|\n|win|Charbotron\n","uploadtime":1698724958,"views":23,"p1id":"charbotron","p2id":"flambojambo","formatid":"gen9ubers","rating":0,"private":0,"password":""}