{"id":"gen9ubers-1972876216","p1":"Durant889","p2":"RyanFP","format":"[Gen 9] Ubers","log":"|j|\u2606Durant889\n|j|\u2606RyanFP\n|t:|1697904649\n|gametype|singles\n|player|p1|Durant889|linebacker|1128\n|player|p2|RyanFP|ruinmaniac|1284\n|teamsize|p1|6\n|teamsize|p2|6\n|gen|9\n|tier|[Gen 9] Ubers\n|rated|\n|rule|Sleep Clause Mod: Limit one foe put to sleep\n|rule|Species Clause: Limit one of each Pok\u00e9mon\n|rule|OHKO Clause: OHKO moves are banned\n|rule|Evasion Items Clause: Evasion items are banned\n|rule|Evasion Moves Clause: Evasion moves are banned\n|rule|Endless Battle Clause: Forcing endless battles is banned\n|rule|HP Percentage Mod: HP is shown in percentages\n|clearpoke\n|poke|p1|Kleavor, M|\n|poke|p1|Glimmora, M|\n|poke|p1|Diancie|\n|poke|p1|Tyranitar, F|\n|poke|p1|Iron Thorns|\n|poke|p1|Arcanine-Hisui, M|\n|poke|p2|Cyclizar, M|\n|poke|p2|Clodsire, M|\n|poke|p2|Armarouge, F|\n|poke|p2|Annihilape, M|\n|poke|p2|Kingambit, M|\n|poke|p2|Iron Bundle|\n|teampreview\n|inactive|Battle timer is ON: inactive players will automatically lose when time's up. (requested by RyanFP)\n|inactive|Durant889 has 120 seconds left.\n|inactive|RyanFP has 120 seconds left.\n|\n|t:|1697904681\n|start\n|switch|p1a: Tyranitar|Tyranitar, F|100\/100\n|switch|p2a: XLR8|Cyclizar, M, shiny|100\/100\n|-weather|Sandstorm|[from] ability: Sand Stream|[of] p1a: Tyranitar\n|turn|1\n|\n|t:|1697904700\n|move|p2a: XLR8|Shed Tail|p2a: XLR8\n|-start|p2a: XLR8|Substitute|[from] move: Shed Tail\n|-damage|p2a: XLR8|50\/100\n|\n|t:|1697904711\n|switch|p2a: Girl in Red|Armarouge, F, shiny|100\/100|[from] Shed Tail\n|move|p1a: Tyranitar|Ice Beam|p2a: Girl in Red\n|-resisted|p2a: Girl in Red\n|-activate|p2a: Girl in Red|move: Substitute|[damage]\n|\n|-weather|Sandstorm|[upkeep]\n|-damage|p2a: Girl in Red|94\/100|[from] Sandstorm\n|upkeep\n|turn|2\n|\n|t:|1697904722\n|move|p2a: Girl in Red|Iron Defense|p2a: Girl in Red\n|-boost|p2a: Girl in Red|def|2\n|move|p1a: Tyranitar|Ice Beam|p2a: Girl in Red\n|-resisted|p2a: Girl in Red\n|-end|p2a: Girl in Red|Substitute\n|\n|-weather|Sandstorm|[upkeep]\n|-damage|p2a: Girl in Red|88\/100|[from] Sandstorm\n|upkeep\n|turn|3\n|\n|t:|1697904732\n|switch|p1a: Diancie|Diancie|100\/100\n|move|p2a: Girl in Red|Calm Mind|p2a: Girl in Red\n|-boost|p2a: Girl in Red|spa|1\n|-boost|p2a: Girl in Red|spd|1\n|\n|-weather|Sandstorm|[upkeep]\n|-damage|p2a: Girl in Red|82\/100|[from] Sandstorm\n|upkeep\n|turn|4\n|\n|t:|1697904744\n|move|p2a: Girl in Red|Iron Defense|p2a: Girl in Red\n|-boost|p2a: Girl in Red|def|2\n|move|p1a: Diancie|Trick Room|p1a: Diancie\n|-fieldstart|move: Trick Room|[of] p1a: Diancie\n|\n|-weather|Sandstorm|[upkeep]\n|-damage|p2a: Girl in Red|76\/100|[from] Sandstorm\n|upkeep\n|turn|5\n|\n|t:|1697904753\n|-terastallize|p2a: Girl in Red|Steel\n|move|p1a: Diancie|Calm Mind|p1a: Diancie\n|-boost|p1a: Diancie|spa|1\n|-boost|p1a: Diancie|spd|1\n|move|p2a: Girl in Red|Calm Mind|p2a: Girl in Red\n|-boost|p2a: Girl in Red|spa|1\n|-boost|p2a: Girl in Red|spd|1\n|\n|-weather|none\n|upkeep\n|turn|6\n|\n|t:|1697904771\n|-terastallize|p1a: Diancie|Fighting\n|move|p1a: Diancie|Body Press|p2a: Girl in Red\n|-supereffective|p2a: Girl in Red\n|-crit|p2a: Girl in Red\n|-damage|p2a: Girl in Red|0 fnt\n|faint|p2a: Girl in Red\n|\n|upkeep\n|c|\u2606RyanFP|Fuck this game and the stupid fucking crits\n|inactive|RyanFP has 120 seconds left.\n|c|\u2606RyanFP|Ive lost my last 6 battles to stupid crits ruining everything\n|\n|t:|1697904821\n|switch|p2a: Furious George|Annihilape, M, shiny|100\/100\n|turn|7\n|\n|t:|1697904836\n|move|p1a: Diancie|Draining Kiss|p2a: Furious George\n|-supereffective|p2a: Furious George\n|-damage|p2a: Furious George|60\/100\n|move|p2a: Furious George|Rage Fist|p1a: Diancie\n|-damage|p1a: Diancie|72\/100\n|\n|-heal|p2a: Furious George|66\/100|[from] item: Leftovers\n|upkeep\n|turn|8\n|\n|t:|1697904845\n|move|p1a: Diancie|Calm Mind|p1a: Diancie\n|-boost|p1a: Diancie|spa|1\n|-boost|p1a: Diancie|spd|1\n|move|p2a: Furious George|Rage Fist|p1a: Diancie\n|-damage|p1a: Diancie|44\/100\n|\n|-heal|p2a: Furious George|73\/100|[from] item: Leftovers\n|-fieldend|move: Trick Room\n|upkeep\n|turn|9\n|\n|t:|1697904854\n|move|p2a: Furious George|Taunt|p1a: Diancie\n|-start|p1a: Diancie|move: Taunt\n|move|p1a: Diancie|Draining Kiss|p2a: Furious George\n|-supereffective|p2a: Furious George\n|-damage|p2a: Furious George|22\/100\n|-heal|p1a: Diancie|100\/100|[from] drain|[of] p2a: Furious George\n|\n|-heal|p2a: Furious George|28\/100|[from] item: Leftovers\n|upkeep\n|turn|10\n|\n|t:|1697904864\n|move|p2a: Furious George|Rage Fist|p1a: Diancie\n|-damage|p1a: Diancie|53\/100\n|move|p1a: Diancie|Draining Kiss|p2a: Furious George\n|-supereffective|p2a: Furious George\n|-damage|p2a: Furious George|0 fnt\n|-heal|p1a: Diancie|89\/100|[from] drain|[of] p2a: Furious George\n|faint|p2a: Furious George\n|\n|upkeep\n|\n|t:|1697904870\n|switch|p2a: Godsire|Clodsire, M, shiny|100\/100\n|turn|11\n|inactive|Durant889 has 120 seconds left.\n|\n|t:|1697904917\n|move|p1a: Diancie|Body Press|p2a: Godsire\n|-resisted|p2a: Godsire\n|-damage|p2a: Godsire|71\/100\n|move|p2a: Godsire|Toxic|p1a: Diancie\n|-status|p1a: Diancie|tox\n|\n|-heal|p2a: Godsire|77\/100|[from] item: Leftovers\n|-damage|p1a: Diancie|82\/100 tox|[from] psn\n|-end|p1a: Diancie|move: Taunt\n|upkeep\n|turn|12\n|\n|t:|1697904933\n|switch|p1a: Glimmora|Glimmora, M|100\/100\n|move|p2a: Godsire|Earthquake|p1a: Glimmora\n|-supereffective|p1a: Glimmora\n|-damage|p1a: Glimmora|11\/100\n|-activate|p1a: Glimmora|ability: Toxic Debris\n|-sidestart|p2: RyanFP|move: Toxic Spikes\n|\n|-heal|p1a: Glimmora|17\/100|[from] item: Leftovers\n|-heal|p2a: Godsire|83\/100|[from] item: Leftovers\n|upkeep\n|turn|13\n|\n|t:|1697904949\n|move|p1a: Glimmora|Earth Power|p2a: Godsire\n|-supereffective|p2a: Godsire\n|-damage|p2a: Godsire|56\/100\n|move|p2a: Godsire|Earthquake|p1a: Glimmora\n|-supereffective|p1a: Glimmora\n|-damage|p1a: Glimmora|0 fnt\n|-activate|p1a: Glimmora|ability: Toxic Debris\n|-sidestart|p2: RyanFP|move: Toxic Spikes\n|faint|p1a: Glimmora\n|\n|-heal|p2a: Godsire|62\/100|[from] item: Leftovers\n|upkeep\n|\n|t:|1697904963\n|switch|p1a: Iron Thorns|Iron Thorns|100\/100\n|turn|14\n|\n|t:|1697904973\n|move|p1a: Iron Thorns|Dragon Dance|p1a: Iron Thorns\n|-boost|p1a: Iron Thorns|atk|1\n|-boost|p1a: Iron Thorns|spe|1\n|move|p2a: Godsire|Earthquake|p1a: Iron Thorns\n|-supereffective|p1a: Iron Thorns\n|-damage|p1a: Iron Thorns|30\/100\n|\n|-heal|p2a: Godsire|68\/100|[from] item: Leftovers\n|upkeep\n|turn|15\n|c|\u2606RyanFP|Kid named unaware\n|\n|t:|1697904984\n|move|p1a: Iron Thorns|Ice Punch|p2a: Godsire\n|-supereffective|p2a: Godsire\n|-damage|p2a: Godsire|0 fnt\n|faint|p2a: Godsire\n|\n|upkeep\n|\n|t:|1697904994\n|switch|p2a: DELIB0T|Iron Bundle|100\/100\n|-status|p2a: DELIB0T|tox\n|turn|16\n|\n|t:|1697905001\n|-end|p1a: Iron Thorns|Quark Drive|[silent]\n|switch|p1a: Tyranitar|Tyranitar, F|100\/100\n|-weather|Sandstorm|[from] ability: Sand Stream|[of] p1a: Tyranitar\n|move|p2a: DELIB0T|Hydro Pump|p1a: Tyranitar\n|-supereffective|p1a: Tyranitar\n|-crit|p1a: Tyranitar\n|-damage|p1a: Tyranitar|0 fnt\n|faint|p1a: Tyranitar\n|-damage|p2a: DELIB0T|91\/100 tox|[from] item: Life Orb\n|\n|-weather|Sandstorm|[upkeep]\n|-damage|p2a: DELIB0T|85\/100 tox|[from] Sandstorm\n|-damage|p2a: DELIB0T|79\/100 tox|[from] psn\n|upkeep\n|\n|t:|1697905018\n|switch|p1a: Arcanine|Arcanine-Hisui, M|100\/100\n|turn|17\n|\n|t:|1697905033\n|move|p1a: Arcanine|Stone Edge|p2a: DELIB0T\n|-supereffective|p2a: DELIB0T\n|-damage|p2a: DELIB0T|0 fnt\n|faint|p2a: DELIB0T\n|-end|p2a: DELIB0T|Quark Drive|[silent]\n|\n|-weather|Sandstorm|[upkeep]\n|upkeep\n|\n|t:|1697905037\n|switch|p2a: XLR8|Cyclizar, M, shiny|84\/100\n|-status|p2a: XLR8|tox\n|turn|18\n|\n|t:|1697905044\n|move|p2a: XLR8|Shed Tail|p2a: XLR8\n|-start|p2a: XLR8|Substitute|[from] move: Shed Tail\n|-damage|p2a: XLR8|34\/100 tox\n|\n|t:|1697905045\n|switch|p2a: Chesster|Kingambit, M, shiny|100\/100|[from] Shed Tail\n|-activate|p2a: Chesster|ability: Supreme Overlord\n|-start|p2a: Chesster|fallen4|[silent]\n|move|p1a: Arcanine|Stone Edge|p2a: Chesster\n|-resisted|p2a: Chesster\n|-activate|p2a: Chesster|move: Substitute|[damage]\n|\n|-weather|Sandstorm|[upkeep]\n|upkeep\n|turn|19\n|\n|t:|1697905061\n|switch|p1a: Kleavor|Kleavor, M|100\/100\n|move|p2a: Chesster|Swords Dance|p2a: Chesster\n|-boost|p2a: Chesster|atk|2\n|\n|-weather|Sandstorm|[upkeep]\n|upkeep\n|turn|20\n|\n|t:|1697905071\n|move|p1a: Kleavor|Brick Break|p2a: Chesster\n|-supereffective|p2a: Chesster\n|-end|p2a: Chesster|Substitute\n|move|p2a: Chesster|Swords Dance|p2a: Chesster\n|-boost|p2a: Chesster|atk|2\n|\n|-weather|none\n|upkeep\n|turn|21\n|\n|t:|1697905079\n|move|p2a: Chesster|Sucker Punch|p1a: Kleavor\n|-damage|p1a: Kleavor|0 fnt\n|faint|p1a: Kleavor\n|\n|upkeep\n|\n|t:|1697905089\n|switch|p1a: Arcanine|Arcanine-Hisui, M|100\/100\n|turn|22\n|\n|t:|1697905093\n|move|p1a: Arcanine|Extreme Speed|p2a: Chesster\n|-resisted|p2a: Chesster\n|-damage|p2a: Chesster|89\/100\n|move|p2a: Chesster|Sucker Punch||[still]\n|-fail|p2a: Chesster\n|\n|upkeep\n|turn|23\n|inactive|Durant889 has 120 seconds left.\n|\n|t:|1697905101\n|switch|p1a: Iron Thorns|Iron Thorns|30\/100\n|move|p2a: Chesster|Sucker Punch||[still]\n|-fail|p2a: Chesster\n|\n|upkeep\n|turn|24\n|\n|t:|1697905108\n|move|p1a: Iron Thorns|Dragon Dance|p1a: Iron Thorns\n|-boost|p1a: Iron Thorns|atk|1\n|-boost|p1a: Iron Thorns|spe|1\n|move|p2a: Chesster|Iron Head|p1a: Iron Thorns\n|-damage|p1a: Iron Thorns|0 fnt\n|faint|p1a: Iron Thorns\n|-end|p1a: Iron Thorns|Quark Drive|[silent]\n|\n|upkeep\n|inactive|Durant889 has 120 seconds left.\n|\n|t:|1697905120\n|switch|p1a: Diancie|Diancie, tera:Fighting|82\/100 tox\n|turn|25\n|\n|t:|1697905124\n|move|p2a: Chesster|Iron Head|p1a: Diancie\n|-damage|p1a: Diancie|0 fnt\n|faint|p1a: Diancie\n|\n|upkeep\n|\n|t:|1697905129\n|switch|p1a: Arcanine|Arcanine-Hisui, M|100\/100\n|turn|26\n|\n|t:|1697905135\n|move|p2a: Chesster|Sucker Punch|p1a: Arcanine\n|-damage|p1a: Arcanine|0 fnt\n|faint|p1a: Arcanine\n|\n|win|RyanFP\n|raw|Durant889's rating: 1128 &rarr; <strong>1114<\/strong><br \/>(-14 for losing)\n|raw|RyanFP's rating: 1284 &rarr; <strong>1298<\/strong><br \/>(+14 for winning)\n","uploadtime":1697904788,"views":4,"p1id":"durant889","p2id":"ryanfp","formatid":"gen9ubers","rating":1114,"private":0,"password":""}