{"id":"gen9ubers-1997853827","p1":"Lass Starling","p2":"ThatGuyAltro","format":"[Gen 9] Ubers","log":"|j|\u2606Lass Starling\n|j|\u2606ThatGuyAltro\n|t:|1700859993\n|gametype|singles\n|player|p1|Lass Starling|lass-gen4dp|\n|player|p2|ThatGuyAltro|102|\n|teamsize|p1|6\n|teamsize|p2|6\n|gen|9\n|tier|[Gen 9] Ubers\n|rule|Sleep Clause Mod: Limit one foe put to sleep\n|rule|Species Clause: Limit one of each Pok\u00e9mon\n|rule|OHKO Clause: OHKO moves are banned\n|rule|Evasion Items Clause: Evasion items are banned\n|rule|Evasion Moves Clause: Evasion moves are banned\n|rule|Endless Battle Clause: Forcing endless battles is banned\n|rule|HP Percentage Mod: HP is shown in percentages\n|clearpoke\n|poke|p1|Mandibuzz, F|\n|poke|p1|Ogerpon-Hearthflame, F|\n|poke|p1|Ninetales-Alola, F|\n|poke|p1|Iron Valiant|\n|poke|p1|Ting-Lu|\n|poke|p1|Electrode-Hisui|\n|poke|p2|Ursaluna, M|\n|poke|p2|Walking Wake|\n|poke|p2|Slowking-Galar, M|\n|poke|p2|Ninetales, M|\n|poke|p2|Glastrier|\n|poke|p2|Grimmsnarl, M|\n|teampreview\n|\n|t:|1700860169\n|start\n|switch|p1a: Dingus-Lose|Ting-Lu|100\/100\n|switch|p2a: Grimmsnarl|Grimmsnarl, M|100\/100\n|-ability|p1a: Dingus-Lose|Vessel of Ruin\n|turn|1\n|\n|t:|1700860189\n|move|p2a: Grimmsnarl|Reflect|p2a: Grimmsnarl\n|-sidestart|p2: ThatGuyAltro|Reflect\n|move|p1a: Dingus-Lose|Heavy Slam|p2a: Grimmsnarl\n|-supereffective|p2a: Grimmsnarl\n|-damage|p2a: Grimmsnarl|62\/100\n|\n|upkeep\n|turn|2\n|\n|t:|1700860198\n|switch|p1a: Australis|Ninetales-Alola, F, shiny|100\/100\n|-weather|Snow|[from] ability: Snow Warning|[of] p1a: Australis\n|move|p2a: Grimmsnarl|Drain Punch|p1a: Australis\n|-damage|p1a: Australis|81\/100\n|-heal|p2a: Grimmsnarl|70\/100|[from] drain|[of] p1a: Australis\n|\n|-weather|Snow|[upkeep]\n|upkeep\n|turn|3\n|\n|t:|1700860266\n|switch|p1a: Pokeball|Electrode-Hisui, shiny|100\/100\n|move|p2a: Grimmsnarl|Spirit Break|p1a: Pokeball\n|-damage|p1a: Pokeball|37\/100\n|-unboost|p1a: Pokeball|spa|1\n|\n|-weather|Snow|[upkeep]\n|upkeep\n|turn|4\n|\n|t:|1700860286\n|switch|p1a: Dingus-Lose|Ting-Lu|100\/100\n|-ability|p1a: Dingus-Lose|Vessel of Ruin\n|move|p2a: Grimmsnarl|Drain Punch|p1a: Dingus-Lose\n|-supereffective|p1a: Dingus-Lose\n|-damage|p1a: Dingus-Lose|69\/100\n|-heal|p2a: Grimmsnarl|90\/100|[from] drain|[of] p1a: Dingus-Lose\n|\n|-weather|Snow|[upkeep]\n|upkeep\n|turn|5\n|\n|t:|1700860308\n|move|p2a: Grimmsnarl|Drain Punch|p1a: Dingus-Lose\n|-supereffective|p1a: Dingus-Lose\n|-damage|p1a: Dingus-Lose|37\/100\n|-heal|p2a: Grimmsnarl|100\/100|[from] drain|[of] p1a: Dingus-Lose\n|move|p1a: Dingus-Lose|Ruination|p2a: Grimmsnarl\n|-damage|p2a: Grimmsnarl|50\/100\n|\n|-weather|Snow|[upkeep]\n|upkeep\n|turn|6\n|\n|t:|1700860345\n|switch|p1a: Mandy|Mandibuzz, F|100\/100\n|move|p2a: Grimmsnarl|Spirit Break|p1a: Mandy\n|-supereffective|p1a: Mandy\n|-damage|p1a: Mandy|43\/100\n|-unboost|p1a: Mandy|spa|1\n|\n|-weather|none\n|upkeep\n|turn|7\n|j| MessiMeli\n|\n|t:|1700860377\n|move|p1a: Mandy|U-turn|p2a: Grimmsnarl\n|-damage|p2a: Grimmsnarl|40\/100\n|\n|t:|1700860385\n|switch|p1a: Australis|Ninetales-Alola, F, shiny|81\/100|[from] U-turn\n|-weather|Snow|[from] ability: Snow Warning|[of] p1a: Australis\n|move|p2a: Grimmsnarl|Spirit Break|p1a: Australis\n|-damage|p1a: Australis|53\/100\n|-unboost|p1a: Australis|spa|1\n|\n|-weather|Snow|[upkeep]\n|upkeep\n|turn|8\n|\n|t:|1700860417\n|move|p2a: Grimmsnarl|Parting Shot|p1a: Australis\n|-unboost|p1a: Australis|atk|1\n|-unboost|p1a: Australis|spa|1\n|\n|t:|1700860423\n|switch|p2a: Ninetales|Ninetales, M, shiny|100\/100|[from] Parting Shot\n|-weather|SunnyDay|[from] ability: Drought|[of] p2a: Ninetales\n|move|p1a: Australis|Draining Kiss|p2a: Ninetales\n|-resisted|p2a: Ninetales\n|-damage|p2a: Ninetales|96\/100\n|-heal|p1a: Australis|55\/100|[from] drain|[of] p2a: Ninetales\n|\n|-weather|SunnyDay|[upkeep]\n|-sideend|p2: ThatGuyAltro|Reflect\n|upkeep\n|turn|9\n|\n|t:|1700860458\n|switch|p1a: Dingus-Lose|Ting-Lu|37\/100\n|-ability|p1a: Dingus-Lose|Vessel of Ruin\n|move|p2a: Ninetales|Weather Ball|p1a: Dingus-Lose\n|-crit|p1a: Dingus-Lose\n|-damage|p1a: Dingus-Lose|11\/100\n|\n|-weather|SunnyDay|[upkeep]\n|upkeep\n|turn|10\n|\n|t:|1700860468\n|move|p2a: Ninetales|Flamethrower|p1a: Dingus-Lose\n|-damage|p1a: Dingus-Lose|0 fnt\n|faint|p1a: Dingus-Lose\n|\n|-weather|SunnyDay|[upkeep]\n|upkeep\n|\n|t:|1700860507\n|switch|p1a: Valerie|Iron Valiant, shiny|100\/100\n|-enditem|p1a: Valerie|Booster Energy\n|-activate|p1a: Valerie|ability: Quark Drive|[fromitem]\n|-start|p1a: Valerie|quarkdriveatk\n|turn|11\n|\n|t:|1700860513\n|move|p1a: Valerie|Close Combat|p2a: Ninetales\n|-damage|p2a: Ninetales|0 fnt\n|-unboost|p1a: Valerie|def|1\n|-unboost|p1a: Valerie|spd|1\n|faint|p2a: Ninetales\n|\n|-weather|SunnyDay|[upkeep]\n|upkeep\n|\n|t:|1700860525\n|switch|p2a: Slowking|Slowking-Galar, M|100\/100\n|turn|12\n|\n|t:|1700860572\n|-end|p1a: Valerie|Quark Drive|[silent]\n|switch|p1a: Mandy|Mandibuzz, F|43\/100\n|move|p2a: Slowking|Trick Room|p2a: Slowking\n|-fieldstart|move: Trick Room|[of] p2a: Slowking\n|\n|-weather|none\n|upkeep\n|turn|13\n|\n|t:|1700860579\n|move|p2a: Slowking|Toxic Spikes|p1a: Mandy\n|-sidestart|p1: Lass Starling|move: Toxic Spikes\n|move|p1a: Mandy|Knock Off|p2a: Slowking\n|-supereffective|p2a: Slowking\n|-damage|p2a: Slowking|39\/100\n|-enditem|p2a: Slowking|Leftovers|[from] move: Knock Off|[of] p1a: Mandy\n|\n|upkeep\n|turn|14\n|\n|t:|1700860597\n|move|p2a: Slowking|Chilly Reception|p2a: Slowking\n|-weather|Snow\n|\n|t:|1700860605\n|switch|p2a: Glastrier|Glastrier|100\/100|[from] Chilly Reception\n|move|p1a: Mandy|Brave Bird|p2a: Glastrier\n|-damage|p2a: Glastrier|82\/100\n|-damage|p1a: Mandy|38\/100|[from] Recoil\n|\n|-weather|Snow|[upkeep]\n|upkeep\n|turn|15\n|\n|t:|1700860632\n|move|p2a: Glastrier|Icicle Crash|p1a: Mandy\n|-supereffective|p1a: Mandy\n|-damage|p1a: Mandy|0 fnt\n|faint|p1a: Mandy\n|-ability|p2a: Glastrier|Chilling Neigh|boost\n|-boost|p2a: Glastrier|atk|1\n|\n|-weather|Snow|[upkeep]\n|upkeep\n|\n|t:|1700860646\n|switch|p1a: Pokeball|Electrode-Hisui, shiny|37\/100\n|-status|p1a: Pokeball|psn\n|turn|16\n|\n|t:|1700860665\n|-terastallize|p1a: Pokeball|Ice\n|move|p2a: Glastrier|Body Press|p1a: Pokeball\n|-supereffective|p1a: Pokeball\n|-damage|p1a: Pokeball|0 fnt\n|faint|p1a: Pokeball\n|-ability|p2a: Glastrier|Chilling Neigh|boost\n|-boost|p2a: Glastrier|atk|1\n|\n|-weather|Snow|[upkeep]\n|-fieldend|move: Trick Room\n|upkeep\n|\n|t:|1700860682\n|switch|p1a: Emily|Ogerpon-Hearthflame, F|100\/100\n|-status|p1a: Emily|psn\n|-ability|p1a: Emily|Mold Breaker\n|turn|17\n|\n|t:|1700860699\n|-terastallize|p2a: Glastrier|Water\n|move|p1a: Emily|Ivy Cudgel|p2a: Glastrier|[anim] Ivy Cudgel Fire\n|-resisted|p2a: Glastrier\n|-damage|p2a: Glastrier|64\/100\n|move|p2a: Glastrier|Icicle Crash|p1a: Emily\n|-damage|p1a: Emily|0 fnt\n|faint|p1a: Emily\n|-ability|p2a: Glastrier|Chilling Neigh|boost\n|-boost|p2a: Glastrier|atk|1\n|\n|-weather|Snow|[upkeep]\n|upkeep\n|\n|t:|1700860712\n|switch|p1a: Valerie|Iron Valiant, shiny|100\/100\n|-status|p1a: Valerie|psn\n|turn|18\n|\n|t:|1700860731\n|move|p1a: Valerie|Close Combat|p2a: Glastrier\n|-damage|p2a: Glastrier|23\/100\n|-unboost|p1a: Valerie|def|1\n|-unboost|p1a: Valerie|spd|1\n|move|p2a: Glastrier|Heavy Slam|p1a: Valerie\n|-supereffective|p1a: Valerie\n|-crit|p1a: Valerie\n|-damage|p1a: Valerie|0 fnt\n|faint|p1a: Valerie\n|-end|p1a: Valerie|Quark Drive|[silent]\n|-ability|p2a: Glastrier|Chilling Neigh|boost\n|-boost|p2a: Glastrier|atk|1\n|\n|-weather|none\n|upkeep\n|\n|t:|1700860741\n|switch|p1a: Australis|Ninetales-Alola, F, shiny|55\/100\n|-status|p1a: Australis|psn\n|-weather|Snow|[from] ability: Snow Warning|[of] p1a: Australis\n|turn|19\n|\n|t:|1700860781\n|switch|p2a: Slowking|Slowking-Galar, M|72\/100\n|move|p1a: Australis|Draining Kiss|p2a: Slowking\n|-resisted|p2a: Slowking\n|-damage|p2a: Slowking|67\/100\n|-heal|p1a: Australis|59\/100 psn|[from] drain|[of] p2a: Slowking\n|\n|-weather|Snow|[upkeep]\n|-damage|p1a: Australis|47\/100 psn|[from] psn\n|upkeep\n|turn|20\n|\n|t:|1700860796\n|move|p1a: Australis|Protect|p1a: Australis\n|-singleturn|p1a: Australis|Protect\n|move|p2a: Slowking|Trick Room|p2a: Slowking\n|-fieldstart|move: Trick Room|[of] p2a: Slowking\n|\n|-weather|Snow|[upkeep]\n|-damage|p1a: Australis|35\/100 psn|[from] psn\n|upkeep\n|turn|21\n|\n|t:|1700860806\n|move|p2a: Slowking|Sludge Bomb|p1a: Australis\n|-supereffective|p1a: Australis\n|-damage|p1a: Australis|0 fnt\n|faint|p1a: Australis\n|\n|win|ThatGuyAltro\n|l|\u2606Lass Starling\n|j| Yveltql\n|l| Yveltql\n|l| MessiMeli\n|l|\u2606ThatGuyAltro\n|j| MessiMeli\n","uploadtime":1700860882,"views":13,"p1id":"lassstarling","p2id":"thatguyaltro","formatid":"gen9ubers","rating":0,"private":0,"password":""}