{"id":"gen9ubers-1974270430","p1":"TFMatas","p2":"Anne Frankkkk","format":"[Gen 9] Ubers","log":"|j|\u2606TFMatas\n|j|\u2606Anne Frankkkk\n|t:|1698073636\n|gametype|singles\n|player|p1|TFMatas|265|1021\n|player|p2|Anne Frankkkk|hilbert|1115\n|teamsize|p1|6\n|teamsize|p2|6\n|gen|9\n|tier|[Gen 9] Ubers\n|rated|\n|rule|Sleep Clause Mod: Limit one foe put to sleep\n|rule|Species Clause: Limit one of each Pok\u00e9mon\n|rule|OHKO Clause: OHKO moves are banned\n|rule|Evasion Items Clause: Evasion items are banned\n|rule|Evasion Moves Clause: Evasion moves are banned\n|rule|Endless Battle Clause: Forcing endless battles is banned\n|rule|HP Percentage Mod: HP is shown in percentages\n|clearpoke\n|poke|p1|Urshifu-*, M|\n|poke|p1|Darkrai|\n|poke|p1|Ursaluna-Bloodmoon, M|\n|poke|p1|Palkia|\n|poke|p1|Flutter Mane|\n|poke|p1|Kilowattrel, M|\n|poke|p2|Iron Hands|\n|poke|p2|Kyogre|\n|poke|p2|Chien-Pao|\n|poke|p2|Ribombee, F|\n|poke|p2|Miraidon|\n|poke|p2|Flutter Mane|\n|teampreview\n|\n|t:|1698073644\n|start\n|switch|p1a: Kilowattrel|Kilowattrel, M|100\/100\n|switch|p2a: Ribombee|Ribombee, F, shiny|100\/100\n|turn|1\n|\n|t:|1698073650\n|move|p2a: Ribombee|Sticky Web|p1a: Kilowattrel\n|-sidestart|p1: TFMatas|move: Sticky Web\n|move|p1a: Kilowattrel|Tailwind|p1a: Kilowattrel\n|-sidestart|p1: TFMatas|move: Tailwind\n|-start|p1a: Kilowattrel|Charge|Tailwind|[from] ability: Wind Power\n|\n|upkeep\n|turn|2\n|\n|t:|1698073656\n|move|p1a: Kilowattrel|Hurricane|p2a: Ribombee\n|-supereffective|p2a: Ribombee\n|-enditem|p2a: Ribombee|Focus Sash\n|-damage|p2a: Ribombee|1\/100\n|-damage|p1a: Kilowattrel|91\/100|[from] item: Life Orb\n|move|p2a: Ribombee|Stun Spore|p1a: Kilowattrel\n|-immune|p1a: Kilowattrel\n|\n|upkeep\n|turn|3\n|\n|t:|1698073665\n|move|p1a: Kilowattrel|Volt Switch|p2a: Ribombee\n|-damage|p2a: Ribombee|0 fnt\n|faint|p2a: Ribombee\n|-damage|p1a: Kilowattrel|81\/100|[from] item: Life Orb\n|-end|p1a: Kilowattrel|Charge|[silent]\n|\n|t:|1698073669\n|switch|p1a: Darkrai|Darkrai|100\/100|[from] Volt Switch\n|-activate|p1a: Darkrai|move: Sticky Web\n|-unboost|p1a: Darkrai|spe|1\n|\n|upkeep\n|\n|t:|1698073675\n|switch|p2a: Iron Hands|Iron Hands, shiny|100\/100\n|turn|4\n|\n|t:|1698073680\n|move|p2a: Iron Hands|Fake Out|p1a: Darkrai\n|-damage|p1a: Darkrai|81\/100\n|cant|p1a: Darkrai|flinch\n|\n|-heal|p1a: Darkrai|87\/100|[from] item: Leftovers\n|-sideend|p1: TFMatas|move: Tailwind\n|upkeep\n|turn|5\n|\n|t:|1698073684\n|move|p1a: Darkrai|Hypnosis|p2a: Iron Hands\n|-status|p2a: Iron Hands|slp|[from] move: Hypnosis\n|cant|p2a: Iron Hands|slp\n|\n|-heal|p1a: Darkrai|93\/100|[from] item: Leftovers\n|-damage|p2a: Iron Hands|88\/100 slp|[from] ability: Bad Dreams|[of] p1a: Darkrai\n|upkeep\n|turn|6\n|\n|t:|1698073691\n|move|p1a: Darkrai|Calm Mind|p1a: Darkrai\n|-boost|p1a: Darkrai|spa|1\n|-boost|p1a: Darkrai|spd|1\n|cant|p2a: Iron Hands|slp\n|\n|-heal|p1a: Darkrai|99\/100|[from] item: Leftovers\n|-damage|p2a: Iron Hands|76\/100 slp|[from] ability: Bad Dreams|[of] p1a: Darkrai\n|upkeep\n|turn|7\n|\n|t:|1698073694\n|move|p1a: Darkrai|Calm Mind|p1a: Darkrai\n|-boost|p1a: Darkrai|spa|1\n|-boost|p1a: Darkrai|spd|1\n|cant|p2a: Iron Hands|slp\n|\n|-heal|p1a: Darkrai|100\/100|[from] item: Leftovers\n|-damage|p2a: Iron Hands|64\/100 slp|[from] ability: Bad Dreams|[of] p1a: Darkrai\n|upkeep\n|turn|8\n|inactive|Battle timer is ON: inactive players will automatically lose when time's up. (requested by Anne Frankkkk)\n|\n|t:|1698073702\n|move|p1a: Darkrai|Calm Mind|p1a: Darkrai\n|-boost|p1a: Darkrai|spa|1\n|-boost|p1a: Darkrai|spd|1\n|-curestatus|p2a: Iron Hands|slp|[msg]\n|move|p2a: Iron Hands|Drain Punch|p1a: Darkrai\n|-supereffective|p1a: Darkrai\n|-damage|p1a: Darkrai|0 fnt\n|-heal|p2a: Iron Hands|91\/100|[from] drain|[of] p1a: Darkrai\n|faint|p1a: Darkrai\n|\n|upkeep\n|\n|t:|1698073707\n|switch|p1a: Flutter Mane|Flutter Mane|100\/100\n|-activate|p1a: Flutter Mane|move: Sticky Web\n|-unboost|p1a: Flutter Mane|spe|1\n|-enditem|p1a: Flutter Mane|Booster Energy\n|-activate|p1a: Flutter Mane|ability: Protosynthesis|[fromitem]\n|-start|p1a: Flutter Mane|protosynthesisspa\n|turn|9\n|\n|t:|1698073730\n|move|p1a: Flutter Mane|Calm Mind|p1a: Flutter Mane\n|-boost|p1a: Flutter Mane|spa|1\n|-boost|p1a: Flutter Mane|spd|1\n|move|p2a: Iron Hands|Heavy Slam|p1a: Flutter Mane\n|-supereffective|p1a: Flutter Mane\n|-damage|p1a: Flutter Mane|0 fnt\n|faint|p1a: Flutter Mane\n|-end|p1a: Flutter Mane|Protosynthesis|[silent]\n|\n|upkeep\n|\n|t:|1698073738\n|switch|p1a: Kilowattrel|Kilowattrel, M|81\/100\n|turn|10\n|\n|t:|1698073746\n|move|p1a: Kilowattrel|Hurricane|p2a: Iron Hands\n|-damage|p2a: Iron Hands|48\/100\n|-damage|p1a: Kilowattrel|71\/100|[from] item: Life Orb\n|move|p2a: Iron Hands|Heavy Slam|p1a: Kilowattrel\n|-resisted|p1a: Kilowattrel\n|-damage|p1a: Kilowattrel|26\/100\n|\n|upkeep\n|turn|11\n|\n|t:|1698073751\n|move|p1a: Kilowattrel|Roost|p1a: Kilowattrel\n|-heal|p1a: Kilowattrel|76\/100\n|-singleturn|p1a: Kilowattrel|move: Roost\n|move|p2a: Iron Hands|Heavy Slam|p1a: Kilowattrel\n|-resisted|p1a: Kilowattrel\n|-crit|p1a: Kilowattrel\n|-damage|p1a: Kilowattrel|10\/100\n|\n|upkeep\n|turn|12\n|\n|t:|1698073756\n|move|p1a: Kilowattrel|Hurricane|p2a: Iron Hands\n|-damage|p2a: Iron Hands|5\/100\n|-start|p2a: Iron Hands|confusion\n|-damage|p1a: Kilowattrel|0 fnt|[from] item: Life Orb\n|faint|p1a: Kilowattrel\n|-activate|p2a: Iron Hands|confusion\n|move|p2a: Iron Hands|Heavy Slam|p1: Kilowattrel|[notarget]\n|-fail|p2a: Iron Hands\n|\n|upkeep\n|\n|t:|1698073764\n|switch|p1a: Ursaluna|Ursaluna-Bloodmoon, M|100\/100\n|-activate|p1a: Ursaluna|move: Sticky Web\n|-unboost|p1a: Ursaluna|spe|1\n|turn|13\n|\n|t:|1698073770\n|-end|p2a: Iron Hands|confusion\n|move|p2a: Iron Hands|Drain Punch|p1a: Ursaluna\n|-supereffective|p1a: Ursaluna\n|-damage|p1a: Ursaluna|32\/100\n|-heal|p2a: Iron Hands|29\/100|[from] drain|[of] p1a: Ursaluna\n|move|p1a: Ursaluna|Moonblast|p2a: Iron Hands\n|-supereffective|p2a: Iron Hands\n|-damage|p2a: Iron Hands|0 fnt\n|faint|p2a: Iron Hands\n|-end|p2a: Iron Hands|Quark Drive|[silent]\n|-damage|p1a: Ursaluna|22\/100|[from] item: Life Orb\n|\n|upkeep\n|\n|t:|1698073784\n|switch|p2a: Chien-Pao|Chien-Pao|100\/100\n|-ability|p2a: Chien-Pao|Sword of Ruin\n|turn|14\n|\n|t:|1698073788\n|move|p2a: Chien-Pao|Ice Spinner|p1a: Ursaluna\n|-supereffective|p1a: Ursaluna\n|-damage|p1a: Ursaluna|0 fnt\n|faint|p1a: Ursaluna\n|-damage|p2a: Chien-Pao|91\/100|[from] item: Life Orb\n|\n|upkeep\n|\n|t:|1698073791\n|switch|p1a: Urshifu|Urshifu, M|100\/100\n|-activate|p1a: Urshifu|move: Sticky Web\n|-unboost|p1a: Urshifu|spe|1\n|turn|15\n|\n|t:|1698073796\n|move|p2a: Chien-Pao|Sacred Sword|p1a: Urshifu\n|-supereffective|p1a: Urshifu\n|-crit|p1a: Urshifu\n|-damage|p1a: Urshifu|0 fnt\n|faint|p1a: Urshifu\n|-damage|p2a: Chien-Pao|81\/100|[from] item: Life Orb\n|\n|upkeep\n|\n|t:|1698073800\n|switch|p1a: Palkia|Palkia|100\/100\n|-activate|p1a: Palkia|move: Sticky Web\n|-unboost|p1a: Palkia|spe|1\n|-ability|p1a: Palkia|Pressure\n|turn|16\n|\n|t:|1698073805\n|move|p2a: Chien-Pao|Ice Spinner|p1a: Palkia\n|-damage|p1a: Palkia|18\/100\n|-damage|p2a: Chien-Pao|71\/100|[from] item: Life Orb\n|move|p1a: Palkia|Spacial Rend|p2a: Chien-Pao\n|-damage|p2a: Chien-Pao|0 fnt\n|faint|p2a: Chien-Pao\n|\n|upkeep\n|\n|t:|1698073808\n|switch|p2a: Kyogre|Kyogre|100\/100\n|-weather|RainDance|[from] ability: Drizzle|[of] p2a: Kyogre\n|turn|17\n|\n|t:|1698073813\n|-terastallize|p2a: Kyogre|Water\n|move|p2a: Kyogre|Water Spout|p1a: Palkia\n|-resisted|p1a: Palkia\n|-damage|p1a: Palkia|0 fnt\n|faint|p1a: Palkia\n|\n|win|Anne Frankkkk\n|raw|TFMatas's rating: 1021 &rarr; <strong>1011<\/strong><br \/>(-10 for losing)\n|raw|Anne Frankkkk's rating: 1115 &rarr; <strong>1133<\/strong><br \/>(+18 for winning)\n|l|\u2606TFMatas\n","uploadtime":1698073823,"views":8,"p1id":"tfmatas","p2id":"annefrankkkk","formatid":"gen9ubers","rating":1011,"private":0,"password":""}