{"id":"gen9ubers-1968208300","p1":"bennymbs","p2":"XpokVEVO","format":"[Gen 9] Ubers","log":"|j|\u2606bennymbs\n|j|\u2606XpokVEVO\n|t:|1697394987\n|gametype|singles\n|player|p1|bennymbs|mina|\n|player|p2|XpokVEVO|marshal|\n|teamsize|p1|6\n|teamsize|p2|6\n|gen|9\n|tier|[Gen 9] Ubers\n|rule|Sleep Clause Mod: Limit one foe put to sleep\n|rule|Species Clause: Limit one of each Pok\u00e9mon\n|rule|OHKO Clause: OHKO moves are banned\n|rule|Evasion Items Clause: Evasion items are banned\n|rule|Evasion Moves Clause: Evasion moves are banned\n|rule|Endless Battle Clause: Forcing endless battles is banned\n|rule|HP Percentage Mod: HP is shown in percentages\n|clearpoke\n|poke|p1|Cyclizar, F|\n|poke|p1|Zacian-*|\n|poke|p1|Magearna|\n|poke|p1|Palkia-Origin|\n|poke|p1|Arceus-Fire|\n|poke|p1|Shaymin-Sky|\n|poke|p2|Arceus-Fire|\n|poke|p2|Shaymin-Sky|\n|poke|p2|Palkia-Origin|\n|poke|p2|Cyclizar, M|\n|poke|p2|Espathra, M|\n|poke|p2|Samurott-Hisui, F|\n|teampreview\n|inactive|Battle timer is ON: inactive players will automatically lose when time's up. (requested by bennymbs)\n|inactive|bennymbs has 270 seconds left.\n|inactive|bennymbs has 240 seconds left.\n|c|\u2606bennymbs|2nd time I see someone else with the Arceus Fire+Shaymin+Palkia+Cyclizar core lol\n|\n|t:|1697395078\n|start\n|switch|p1a: Shaymin|Shaymin-Sky|100\/100\n|switch|p2a: Samurott|Samurott-Hisui, F|100\/100\n|turn|1\n|inactive|XpokVEVO has 270 seconds left.\n|\n|t:|1697395111\n|move|p1a: Shaymin|Air Slash|p2a: Samurott\n|-damage|p2a: Samurott|13\/100\n|cant|p2a: Samurott|flinch\n|\n|upkeep\n|turn|2\n|\n|t:|1697395126\n|move|p1a: Shaymin|Air Slash|p2a: Samurott\n|-damage|p2a: Samurott|0 fnt\n|faint|p2a: Samurott\n|\n|upkeep\n|inactive|XpokVEVO has 270 seconds left.\n|\n|t:|1697395145\n|switch|p2a: Cyclizar|Cyclizar, M|100\/100\n|turn|3\n|l|\u2606bennymbs\n|inactive|bennymbs disconnected and has 300 seconds to reconnect!\n|player|p1|\n|j|\u2606bennymbs\n|inactive|bennymbs reconnected and has 275 seconds left.\n|player|p1|bennymbs|mina\n|\n|t:|1697395177\n|move|p1a: Shaymin|Air Slash|p2a: Cyclizar\n|-damage|p2a: Cyclizar|28\/100\n|cant|p2a: Cyclizar|flinch\n|\n|upkeep\n|turn|4\n|\n|t:|1697395191\n|switch|p2a: Palkia|Palkia-Origin|100\/100\n|-ability|p2a: Palkia|Pressure\n|move|p1a: Shaymin|Air Slash|p2a: Palkia\n|-crit|p2a: Palkia\n|-damage|p2a: Palkia|29\/100\n|\n|upkeep\n|turn|5\n|\n|t:|1697395195\n|move|p1a: Shaymin|Air Slash|p2a: Palkia\n|-damage|p2a: Palkia|0 fnt\n|faint|p2a: Palkia\n|\n|upkeep\n|\n|t:|1697395199\n|switch|p2a: Cyclizar|Cyclizar, M|61\/100\n|turn|6\n|\n|t:|1697395209\n|switch|p2a: Arceus-Fight\u0131ng|Arceus-Fire, shiny|100\/100\n|move|p1a: Shaymin|Air Slash|p2a: Arceus-Fight\u0131ng\n|-damage|p2a: Arceus-Fight\u0131ng|59\/100\n|\n|upkeep\n|turn|7\n|\n|t:|1697395216\n|-terastallize|p1a: Shaymin|Fire\n|move|p1a: Shaymin|Air Slash|p2a: Arceus-Fight\u0131ng\n|-damage|p2a: Arceus-Fight\u0131ng|14\/100\n|cant|p2a: Arceus-Fight\u0131ng|flinch\n|\n|upkeep\n|turn|8\n|\n|t:|1697395218\n|move|p1a: Shaymin|Air Slash|p2a: Arceus-Fight\u0131ng\n|-damage|p2a: Arceus-Fight\u0131ng|0 fnt\n|faint|p2a: Arceus-Fight\u0131ng\n|\n|upkeep\n|\n|t:|1697395227\n|switch|p2a: Cyclizar|Cyclizar, M|94\/100\n|turn|9\n|\n|t:|1697395239\n|move|p1a: Shaymin|Air Slash|p2a: Cyclizar\n|-damage|p2a: Cyclizar|14\/100\n|-enditem|p2a: Cyclizar|Aguav Berry|[eat]\n|-heal|p2a: Cyclizar|47\/100|[from] item: Aguav Berry\n|move|p2a: Cyclizar|Shed Tail|p2a: Cyclizar\n|-fail|p2a: Cyclizar|move: Shed Tail|[weak]\n|\n|upkeep\n|turn|10\n|c|\u2606XpokVEVO|Dude.\n|\n|t:|1697395248\n|move|p1a: Shaymin|Air Slash|p2a: Cyclizar\n|-damage|p2a: Cyclizar|0 fnt\n|faint|p2a: Cyclizar\n|\n|upkeep\n|c|\u2606bennymbs|RIP.\n|\n|t:|1697395255\n|switch|p2a: Shaymin|Shaymin-Sky, shiny|100\/100\n|turn|11\n|\n|t:|1697395257\n|move|p2a: Shaymin|Air Slash|p1a: Shaymin\n|-damage|p1a: Shaymin|35\/100\n|-damage|p2a: Shaymin|91\/100|[from] item: Life Orb\n|cant|p1a: Shaymin|flinch\n|\n|upkeep\n|turn|12\n|c|\u2606bennymbs|Revenge\n|\n|t:|1697395265\n|move|p1a: Shaymin|Air Slash|p2a: Shaymin\n|-supereffective|p2a: Shaymin\n|-damage|p2a: Shaymin|0 fnt\n|faint|p2a: Shaymin\n|\n|upkeep\n|\n|t:|1697395268\n|switch|p2a: Espathra|Espathra, M|100\/100\n|turn|13\n|c|\u2606bennymbs|Nvm-\n|\n|t:|1697395276\n|move|p2a: Espathra|Protect|p2a: Espathra\n|-singleturn|p2a: Espathra|Protect\n|move|p1a: Shaymin|Air Slash|p2a: Espathra\n|-activate|p2a: Espathra|move: Protect\n|\n|-ability|p2a: Espathra|Speed Boost|boost\n|-boost|p2a: Espathra|spe|1\n|upkeep\n|turn|14\n|\n|t:|1697395280\n|move|p2a: Espathra|Calm Mind|p2a: Espathra\n|-boost|p2a: Espathra|spa|1\n|-boost|p2a: Espathra|spd|1\n|move|p1a: Shaymin|Air Slash|p2a: Espathra|[miss]\n|-miss|p1a: Shaymin|p2a: Espathra\n|\n|-ability|p2a: Espathra|Speed Boost|boost\n|-boost|p2a: Espathra|spe|1\n|upkeep\n|turn|15\n|\n|t:|1697395286\n|move|p2a: Espathra|Protect|p2a: Espathra\n|-singleturn|p2a: Espathra|Protect\n|move|p1a: Shaymin|Air Slash|p2a: Espathra\n|-activate|p2a: Espathra|move: Protect\n|\n|-ability|p2a: Espathra|Speed Boost|boost\n|-boost|p2a: Espathra|spe|1\n|upkeep\n|turn|16\n|\n|t:|1697395295\n|move|p2a: Espathra|Calm Mind|p2a: Espathra\n|-boost|p2a: Espathra|spa|1\n|-boost|p2a: Espathra|spd|1\n|move|p1a: Shaymin|Air Slash|p2a: Espathra\n|-damage|p2a: Espathra|60\/100\n|\n|-ability|p2a: Espathra|Speed Boost|boost\n|-boost|p2a: Espathra|spe|1\n|upkeep\n|turn|17\n|\n|t:|1697395303\n|switch|p1a: Magearna|Magearna|100\/100\n|move|p2a: Espathra|Protect||[still]\n|-fail|p2a: Espathra\n|\n|-ability|p2a: Espathra|Speed Boost|boost\n|-boost|p2a: Espathra|spe|1\n|upkeep\n|turn|18\n|\n|t:|1697395308\n|move|p2a: Espathra|Stored Power|p1a: Magearna\n|-resisted|p1a: Magearna\n|-damage|p1a: Magearna|14\/100\n|move|p1a: Magearna|Calm Mind|p1a: Magearna\n|-boost|p1a: Magearna|spa|1\n|-boost|p1a: Magearna|spd|1\n|\n|-heal|p1a: Magearna|20\/100|[from] item: Leftovers\n|-ability|p2a: Espathra|Speed Boost|boost\n|-boost|p2a: Espathra|spe|1\n|upkeep\n|turn|19\n|\n|t:|1697395311\n|move|p2a: Espathra|Stored Power|p1a: Magearna\n|-resisted|p1a: Magearna\n|-damage|p1a: Magearna|0 fnt\n|faint|p1a: Magearna\n|\n|upkeep\n|c|\u2606XpokVEVO|No scarf?\n|c|\u2606XpokVEVO|I mean sash\n|\n|t:|1697395329\n|switch|p1a: Arceus|Arceus-Fire|100\/100\n|turn|20\n|\n|t:|1697395333\n|move|p1a: Arceus|Extreme Speed|p2a: Espathra\n|-crit|p2a: Espathra\n|-damage|p2a: Espathra|0 fnt\n|faint|p2a: Espathra\n|\n|win|bennymbs\n|c|\u2606XpokVEVO|Bruh\n|c|\u2606bennymbs|Ggs\n|c|\u2606XpokVEVO|Rematch\n|l|\u2606XpokVEVO\n|l|\u2606bennymbs\n|j|\u2606XpokVEVO\n|player|p2|XpokVEVO|marshal\n","uploadtime":1697395662,"views":18,"p1id":"bennymbs","p2id":"xpokvevo","formatid":"gen9ubers","rating":0,"private":0,"password":""}