{"id":"gen9ubers-1979816871","p1":"Tier Acid","p2":"makers manhattan","format":"[Gen 9] Ubers","log":"|j|\u2606Tier Acid\n|j|\u2606makers manhattan\n|t:|1698716278\n|gametype|singles\n|player|p1|Tier Acid|#omplxisolgaleos|\n|player|p2|makers manhattan|266|\n|teamsize|p1|6\n|teamsize|p2|6\n|gen|9\n|tier|[Gen 9] Ubers\n|rated|Tournament battle\n|rule|Sleep Clause Mod: Limit one foe put to sleep\n|rule|Species Clause: Limit one of each Pok\u00e9mon\n|rule|OHKO Clause: OHKO moves are banned\n|rule|Evasion Items Clause: Evasion items are banned\n|rule|Evasion Moves Clause: Evasion moves are banned\n|rule|Endless Battle Clause: Forcing endless battles is banned\n|rule|HP Percentage Mod: HP is shown in percentages\n|clearpoke\n|poke|p1|Ribombee, F|\n|poke|p1|Koraidon|\n|poke|p1|Miraidon|\n|poke|p1|Zacian-*|\n|poke|p1|Basculegion, M|\n|poke|p1|Arceus-Ground|\n|poke|p2|Ribombee, F|\n|poke|p2|Mewtwo|\n|poke|p2|Miraidon|\n|poke|p2|Eternatus|\n|poke|p2|Zacian-*|\n|poke|p2|Basculegion, M|\n|teampreview\n|inactive|Battle timer is ON: inactive players will automatically lose when time's up. (requested by makers manhattan)\n|c|\u2606makers manhattan|hf\n|c|\u2606Tier Acid|hf\n|c|\u2606makers manhattan|ahh I see\n|c|\u2606makers manhattan|a man of culture\n|\n|t:|1698716292\n|start\n|switch|p1a: Ribombee|Ribombee, F|100\/100\n|switch|p2a: Ribombee|Ribombee, F, shiny|100\/100\n|turn|1\n|\n|t:|1698716305\n|move|p2a: Ribombee|Sticky Web|p1a: Ribombee\n|-sidestart|p1: Tier Acid|move: Sticky Web\n|move|p1a: Ribombee|Sticky Web|p2a: Ribombee\n|-sidestart|p2: makers manhattan|move: Sticky Web\n|\n|upkeep\n|turn|2\n|\n|t:|1698716313\n|move|p1a: Ribombee|Stun Spore|p2a: Ribombee\n|-status|p2a: Ribombee|par\n|cant|p2a: Ribombee|par\n|\n|upkeep\n|turn|3\n|\n|t:|1698716317\n|move|p1a: Ribombee|Pounce|p2a: Ribombee\n|-resisted|p2a: Ribombee\n|-damage|p2a: Ribombee|90\/100 par\n|cant|p2a: Ribombee|par\n|\n|upkeep\n|turn|4\n|\n|t:|1698716322\n|move|p1a: Ribombee|Pounce|p2a: Ribombee\n|-resisted|p2a: Ribombee\n|-damage|p2a: Ribombee|80\/100 par\n|move|p2a: Ribombee|Stun Spore|p1a: Ribombee\n|-status|p1a: Ribombee|par\n|\n|upkeep\n|turn|5\n|\n|t:|1698716328\n|move|p2a: Ribombee|Moonblast|p1a: Ribombee\n|-damage|p1a: Ribombee|46\/100 par\n|move|p1a: Ribombee|Reflect|p1a: Ribombee\n|-sidestart|p1: Tier Acid|Reflect\n|\n|upkeep\n|turn|6\n|\n|t:|1698716335\n|cant|p1a: Ribombee|par\n|move|p2a: Ribombee|Tailwind|p2a: Ribombee\n|-sidestart|p2: makers manhattan|move: Tailwind\n|\n|upkeep\n|turn|7\n|\n|t:|1698716338\n|move|p2a: Ribombee|Moonblast|p1a: Ribombee\n|-damage|p1a: Ribombee|0 fnt\n|faint|p1a: Ribombee\n|\n|upkeep\n|\n|t:|1698716342\n|switch|p1a: Miraidon|Miraidon|100\/100\n|-activate|p1a: Miraidon|move: Sticky Web\n|-unboost|p1a: Miraidon|spe|1\n|-fieldstart|move: Electric Terrain|[from] ability: Hadron Engine|[of] p1a: Miraidon\n|-enditem|p1a: Miraidon|Electric Seed\n|-boost|p1a: Miraidon|def|1|[from] item: Electric Seed\n|turn|8\n|j|%Taka\n|l|%Taka\n|\n|t:|1698716367\n|switch|p2a: Miraidon|Miraidon|100\/100\n|-activate|p2a: Miraidon|move: Sticky Web\n|-unboost|p2a: Miraidon|spe|1\n|-activate|p2a: Miraidon|ability: Hadron Engine\n|-enditem|p2a: Miraidon|Electric Seed\n|-boost|p2a: Miraidon|def|1|[from] item: Electric Seed\n|-terastallize|p1a: Miraidon|Fairy\n|move|p1a: Miraidon|Agility|p1a: Miraidon\n|-boost|p1a: Miraidon|spe|2\n|\n|upkeep\n|turn|9\n|\n|t:|1698716379\n|-terastallize|p2a: Miraidon|Fairy\n|move|p1a: Miraidon|Dazzling Gleam|p2a: Miraidon\n|-damage|p2a: Miraidon|53\/100\n|move|p2a: Miraidon|Agility|p2a: Miraidon\n|-boost|p2a: Miraidon|spe|2\n|\n|-sideend|p1: Tier Acid|Reflect\n|-sideend|p2: makers manhattan|move: Tailwind\n|upkeep\n|turn|10\n|\n|t:|1698716388\n|move|p2a: Miraidon|Calm Mind|p2a: Miraidon\n|-boost|p2a: Miraidon|spa|1\n|-boost|p2a: Miraidon|spd|1\n|move|p1a: Miraidon|Parabolic Charge|p2a: Miraidon\n|-damage|p2a: Miraidon|20\/100\n|\n|upkeep\n|turn|11\n|\n|t:|1698716394\n|move|p2a: Miraidon|Parabolic Charge|p1a: Miraidon\n|-damage|p1a: Miraidon|20\/100\n|-heal|p2a: Miraidon|57\/100|[from] drain|[of] p1a: Miraidon\n|move|p1a: Miraidon|Parabolic Charge|p2a: Miraidon\n|-damage|p2a: Miraidon|26\/100\n|-heal|p1a: Miraidon|37\/100|[from] drain|[of] p2a: Miraidon\n|\n|upkeep\n|turn|12\n|\n|t:|1698716402\n|move|p2a: Miraidon|Parabolic Charge|p1a: Miraidon\n|-damage|p1a: Miraidon|0 fnt\n|-heal|p2a: Miraidon|42\/100|[from] drain|[of] p1a: Miraidon\n|faint|p1a: Miraidon\n|\n|-fieldend|move: Electric Terrain\n|upkeep\n|\n|t:|1698716403\n|switch|p1a: Arceus|Arceus-Ground|100\/100\n|-activate|p1a: Arceus|move: Sticky Web\n|-unboost|p1a: Arceus|spe|1\n|turn|13\n|\n|t:|1698716408\n|move|p2a: Miraidon|Dazzling Gleam|p1a: Arceus\n|-damage|p1a: Arceus|45\/100\n|move|p1a: Arceus|Earthquake|p2a: Miraidon\n|-damage|p2a: Miraidon|8\/100\n|\n|upkeep\n|turn|14\n|c|\u2606Tier Acid|gg\n|c|\u2606makers manhattan|gg\n|-message|Tier Acid forfeited.\n|\n|win|makers manhattan\n|n|\u2606Tier Acid|tieracid\n|n|\u2606makers manhattan|makersmanhattan\n|l|\u2606Tier Acid\n|l|\u2606makers manhattan\n|j| Taka\n|l| Taka\n|j|\u2606makers manhattan\n|player|p2|makers manhattan|266\n","uploadtime":1698716516,"views":23,"p1id":"tieracid","p2id":"makersmanhattan","formatid":"gen9ubers","rating":0,"private":0,"password":""}