{"id":"gen9ubers-1976146781","p1":"Windstorm72","p2":"CTC Pokemon","format":"[Gen 9] Ubers","log":"|j|\u2606Windstorm72\n|j|\u2606CTC Pokemon\n|t:|1698267809\n|gametype|singles\n|player|p1|Windstorm72|102|\n|player|p2|CTC Pokemon|fantina|\n|teamsize|p1|6\n|teamsize|p2|6\n|gen|9\n|tier|[Gen 9] Ubers\n|rule|Sleep Clause Mod: Limit one foe put to sleep\n|rule|Species Clause: Limit one of each Pok\u00e9mon\n|rule|OHKO Clause: OHKO moves are banned\n|rule|Evasion Items Clause: Evasion items are banned\n|rule|Evasion Moves Clause: Evasion moves are banned\n|rule|Endless Battle Clause: Forcing endless battles is banned\n|rule|HP Percentage Mod: HP is shown in percentages\n|clearpoke\n|poke|p1|Iron Bundle|\n|poke|p1|Garchomp, M|\n|poke|p1|Goodra, F|\n|poke|p1|Ninetales-Alola, M|\n|poke|p1|Hoopa-Unbound|\n|poke|p1|Glastrier|\n|poke|p2|Walking Wake|\n|poke|p2|Tinkaton, F|\n|poke|p2|Dipplin, M|\n|poke|p2|Meowscarada, F|\n|poke|p2|Volcarona, M|\n|poke|p2|Braviary-Hisui, M|\n|teampreview\n|c|\u2606Windstorm72|Tinkaton my beloved\n|j| HiHowAria?\n|c|\u2606CTC Pokemon|glhf\n|c|\u2606Windstorm72|Glhf!\n|j| Mathl3te\n|\n|t:|1698267890\n|start\n|switch|p1a: Ninetails|Ninetales-Alola, M|100\/100\n|switch|p2a: Meowscarada|Meowscarada, F|100\/100\n|-weather|Snow|[from] ability: Snow Warning|[of] p1a: Ninetails\n|turn|1\n|c| Mathl3te|Glhf\n|j| Jullo27\n|l| Jullo27\n|\n|t:|1698267912\n|move|p2a: Meowscarada|U-turn|p1a: Ninetails\n|-start|p2a: Meowscarada|typechange|Bug|[from] ability: Protean\n|-resisted|p1a: Ninetails\n|-damage|p1a: Ninetails|84\/100\n|\n|t:|1698267916\n|switch|p2a: Tinkaton|Tinkaton, F|100\/100|[from] U-turn\n|-ability|p2a: Tinkaton|Mold Breaker\n|-item|p2a: Tinkaton|Air Balloon\n|move|p1a: Ninetails|Aurora Veil|p1a: Ninetails\n|-sidestart|p1: Windstorm72|move: Aurora Veil\n|\n|-weather|Snow|[upkeep]\n|upkeep\n|turn|2\n|\n|t:|1698267932\n|move|p1a: Ninetails|Freeze-Dry|p2a: Tinkaton\n|-resisted|p2a: Tinkaton\n|-damage|p2a: Tinkaton|88\/100\n|-enditem|p2a: Tinkaton|Air Balloon\n|move|p2a: Tinkaton|Swords Dance|p2a: Tinkaton\n|-boost|p2a: Tinkaton|atk|2\n|\n|-weather|Snow|[upkeep]\n|upkeep\n|turn|3\n|\n|t:|1698267943\n|switch|p1a: Neigh idk|Glastrier|100\/100\n|move|p2a: Tinkaton|Gigaton Hammer|p1a: Neigh idk\n|-supereffective|p1a: Neigh idk\n|-damage|p1a: Neigh idk|55\/100\n|\n|-weather|Snow|[upkeep]\n|-heal|p1a: Neigh idk|61\/100|[from] item: Leftovers\n|upkeep\n|turn|4\n|j| Jullo27\n|\n|t:|1698267976\n|move|p2a: Tinkaton|Swords Dance|p2a: Tinkaton\n|-boost|p2a: Tinkaton|atk|2\n|move|p1a: Neigh idk|Icicle Crash|p2a: Tinkaton\n|-resisted|p2a: Tinkaton\n|-damage|p2a: Tinkaton|58\/100\n|\n|-weather|Snow|[upkeep]\n|-heal|p1a: Neigh idk|67\/100|[from] item: Leftovers\n|upkeep\n|turn|5\n|\n|t:|1698267986\n|move|p2a: Tinkaton|Gigaton Hammer|p1a: Neigh idk\n|-supereffective|p1a: Neigh idk\n|-damage|p1a: Neigh idk|0 fnt\n|faint|p1a: Neigh idk\n|\n|-weather|none\n|upkeep\n|l| Mathl3te\n|\n|t:|1698268005\n|switch|p1a: All\u00e9hooparing|Hoopa-Unbound|100\/100\n|turn|6\n|\n|t:|1698268009\n|move|p1a: All\u00e9hooparing|Hyperspace Fury|p2a: Tinkaton\n|-resisted|p2a: Tinkaton\n|-damage|p2a: Tinkaton|14\/100\n|-unboost|p1a: All\u00e9hooparing|def|1\n|move|p2a: Tinkaton|Play Rough|p1a: All\u00e9hooparing|[miss]\n|-miss|p2a: Tinkaton|p1a: All\u00e9hooparing\n|\n|upkeep\n|turn|7\n|l| Jullo27\n|j| Mathl3te\n|j| Jullo27\n|\n|t:|1698268035\n|move|p1a: All\u00e9hooparing|Hyperspace Fury|p2a: Tinkaton\n|-resisted|p2a: Tinkaton\n|-damage|p2a: Tinkaton|0 fnt\n|-unboost|p1a: All\u00e9hooparing|def|1\n|faint|p2a: Tinkaton\n|\n|upkeep\n|\n|t:|1698268042\n|switch|p2a: Dipplin|Dipplin, M|100\/100\n|turn|8\n|\n|t:|1698268053\n|switch|p1a: Ninetails|Ninetales-Alola, M|84\/100\n|-weather|Snow|[from] ability: Snow Warning|[of] p1a: Ninetails\n|-terastallize|p2a: Dipplin|Fairy\n|move|p2a: Dipplin|Tera Blast|p1a: Ninetails|[anim] Tera Blast Fairy\n|-damage|p1a: Ninetails|70\/100\n|\n|-weather|Snow|[upkeep]\n|-sideend|p1: Windstorm72|move: Aurora Veil\n|upkeep\n|turn|9\n|\n|t:|1698268067\n|switch|p2a: Volcarona|Volcarona, M|100\/100\n|move|p1a: Ninetails|Aurora Veil|p1a: Ninetails\n|-sidestart|p1: Windstorm72|move: Aurora Veil\n|\n|-weather|Snow|[upkeep]\n|upkeep\n|turn|10\n|\n|t:|1698268075\n|move|p1a: Ninetails|Hypnosis|p2a: Volcarona|[miss]\n|-miss|p1a: Ninetails|p2a: Volcarona\n|move|p2a: Volcarona|Quiver Dance|p2a: Volcarona\n|-boost|p2a: Volcarona|spa|1\n|-boost|p2a: Volcarona|spd|1\n|-boost|p2a: Volcarona|spe|1\n|\n|-weather|Snow|[upkeep]\n|upkeep\n|turn|11\n|\n|t:|1698268086\n|move|p2a: Volcarona|Fiery Dance|p1a: Ninetails\n|-supereffective|p1a: Ninetails\n|-damage|p1a: Ninetails|0 fnt\n|-boost|p2a: Volcarona|spa|1\n|faint|p1a: Ninetails\n|\n|-weather|Snow|[upkeep]\n|upkeep\n|\n|t:|1698268095\n|switch|p1a: Not Bax :(|Garchomp, M|100\/100\n|turn|12\n|\n|t:|1698268119\n|switch|p2a: Dipplin|Dipplin, M, tera:Fairy|100\/100\n|move|p1a: Not Bax :(|Earthquake|p2a: Dipplin\n|-damage|p2a: Dipplin|67\/100\n|\n|-weather|none\n|upkeep\n|turn|13\n|\n|t:|1698268141\n|switch|p1a: Mecha-Claus|Iron Bundle|100\/100\n|move|p2a: Dipplin|Recover|p2a: Dipplin\n|-heal|p2a: Dipplin|100\/100\n|\n|upkeep\n|turn|14\n|\n|t:|1698268162\n|move|p1a: Mecha-Claus|Hydro Pump|p2a: Dipplin\n|-damage|p2a: Dipplin|64\/100\n|-damage|p1a: Mecha-Claus|91\/100|[from] item: Life Orb\n|move|p2a: Dipplin|Giga Drain|p1a: Mecha-Claus\n|-supereffective|p1a: Mecha-Claus\n|-damage|p1a: Mecha-Claus|40\/100\n|-heal|p2a: Dipplin|81\/100|[from] drain|[of] p1a: Mecha-Claus\n|\n|upkeep\n|turn|15\n|\n|t:|1698268174\n|-end|p1a: Mecha-Claus|Quark Drive|[silent]\n|switch|p1a: Goodra the Goat|Goodra, F|100\/100\n|move|p2a: Dipplin|Giga Drain|p1a: Goodra the Goat\n|-ability|p1a: Goodra the Goat|Sap Sipper|boost\n|-boost|p1a: Goodra the Goat|atk|1\n|\n|upkeep\n|turn|16\n|\n|t:|1698268180\n|move|p1a: Goodra the Goat|Sludge Bomb|p2a: Dipplin\n|-supereffective|p2a: Dipplin\n|-damage|p2a: Dipplin|54\/100\n|move|p2a: Dipplin|Dragon Tail|p1a: Goodra the Goat\n|-supereffective|p1a: Goodra the Goat\n|-damage|p1a: Goodra the Goat|76\/100\n|drag|p1a: Not Bax :(|Garchomp, M|100\/100\n|\n|-sideend|p1: Windstorm72|move: Aurora Veil\n|upkeep\n|turn|17\n|\n|t:|1698268193\n|move|p1a: Not Bax :(|Spikes|p2a: Dipplin\n|-sidestart|p2: CTC Pokemon|Spikes\n|move|p2a: Dipplin|Recover|p2a: Dipplin\n|-heal|p2a: Dipplin|100\/100\n|\n|upkeep\n|turn|18\n|\n|t:|1698268198\n|move|p1a: Not Bax :(|Spikes|p2a: Dipplin\n|-sidestart|p2: CTC Pokemon|Spikes\n|move|p2a: Dipplin|Tera Blast|p1a: Not Bax :(|[anim] Tera Blast Fairy\n|-supereffective|p1a: Not Bax :(\n|-damage|p1a: Not Bax :(|55\/100\n|\n|upkeep\n|turn|19\n|\n|t:|1698268204\n|move|p1a: Not Bax :(|Earthquake|p2a: Dipplin\n|-damage|p2a: Dipplin|67\/100\n|move|p2a: Dipplin|Tera Blast|p1a: Not Bax :(|[anim] Tera Blast Fairy\n|-supereffective|p1a: Not Bax :(\n|-crit|p1a: Not Bax :(\n|-damage|p1a: Not Bax :(|0 fnt\n|faint|p1a: Not Bax :(\n|\n|upkeep\n|\n|t:|1698268213\n|switch|p1a: All\u00e9hooparing|Hoopa-Unbound|100\/100\n|turn|20\n|c|\u2606CTC Pokemon|good job dipplin\n|\n|t:|1698268218\n|move|p1a: All\u00e9hooparing|Gunk Shot|p2a: Dipplin|[miss]\n|-miss|p1a: All\u00e9hooparing|p2a: Dipplin\n|move|p2a: Dipplin|Recover|p2a: Dipplin\n|-heal|p2a: Dipplin|100\/100\n|\n|upkeep\n|turn|21\n|c| HiHowAria?|damn this guy dipplin\n|l| Mathl3te\n|\n|t:|1698268246\n|switch|p2a: Volcarona|Volcarona, M|100\/100\n|-damage|p2a: Volcarona|84\/100|[from] Spikes\n|move|p1a: All\u00e9hooparing|Gunk Shot|p2a: Volcarona\n|-damage|p2a: Volcarona|16\/100\n|\n|upkeep\n|turn|22\n|j| spritecheat14\n|\n|t:|1698268254\n|move|p1a: All\u00e9hooparing|Gunk Shot|p2a: Volcarona\n|-damage|p2a: Volcarona|0 fnt\n|faint|p2a: Volcarona\n|\n|upkeep\n|\n|t:|1698268256\n|switch|p2a: Meowscarada|Meowscarada, F|100\/100\n|-damage|p2a: Meowscarada|84\/100|[from] Spikes\n|turn|23\n|\n|t:|1698268264\n|switch|p1a: Mecha-Claus|Iron Bundle|40\/100\n|move|p2a: Meowscarada|U-turn|p1a: Mecha-Claus\n|-start|p2a: Meowscarada|typechange|Bug|[from] ability: Protean\n|-damage|p1a: Mecha-Claus|0 fnt\n|faint|p1a: Mecha-Claus\n|-end|p1a: Mecha-Claus|Quark Drive|[silent]\n|j| Mathl3te\n|\n|t:|1698268278\n|switch|p2a: Walking Wake|Walking Wake|100\/100|[from] U-turn\n|-damage|p2a: Walking Wake|84\/100|[from] Spikes\n|-enditem|p2a: Walking Wake|Booster Energy\n|-activate|p2a: Walking Wake|ability: Protosynthesis|[fromitem]\n|-start|p2a: Walking Wake|protosynthesisspa\n|\n|upkeep\n|\n|t:|1698268285\n|switch|p1a: Goodra the Goat|Goodra, F|76\/100\n|turn|24\n|c| Jullo27|My boy\n|\n|t:|1698268293\n|move|p2a: Walking Wake|Dragon Pulse|p1a: Goodra the Goat\n|-supereffective|p1a: Goodra the Goat\n|-damage|p1a: Goodra the Goat|24\/100\n|move|p1a: Goodra the Goat|Dragon Pulse|p2a: Walking Wake\n|-supereffective|p2a: Walking Wake\n|-damage|p2a: Walking Wake|0 fnt\n|faint|p2a: Walking Wake\n|-end|p2a: Walking Wake|Protosynthesis|[silent]\n|\n|upkeep\n|c| Jullo27|MY BOY\n|\n|t:|1698268311\n|switch|p2a: Dipplin|Dipplin, M, tera:Fairy|100\/100\n|-damage|p2a: Dipplin|84\/100|[from] Spikes\n|turn|25\n|c|\u2606Windstorm72|Rip lmao\n|\n|t:|1698268322\n|move|p1a: Goodra the Goat|Sludge Bomb|p2a: Dipplin\n|-supereffective|p2a: Dipplin\n|-damage|p2a: Dipplin|54\/100\n|move|p2a: Dipplin|Tera Blast|p1a: Goodra the Goat|[anim] Tera Blast Fairy\n|-supereffective|p1a: Goodra the Goat\n|-damage|p1a: Goodra the Goat|3\/100\n|\n|upkeep\n|turn|26\n|\n|t:|1698268330\n|move|p1a: Goodra the Goat|Sludge Bomb|p2a: Dipplin\n|-supereffective|p2a: Dipplin\n|-damage|p2a: Dipplin|25\/100\n|move|p2a: Dipplin|Tera Blast|p1a: Goodra the Goat|[anim] Tera Blast Fairy\n|-supereffective|p1a: Goodra the Goat\n|-damage|p1a: Goodra the Goat|0 fnt\n|faint|p1a: Goodra the Goat\n|\n|upkeep\n|c| Jullo27|It\u2019s ok Goodra is my number 1\n|\n|t:|1698268338\n|switch|p1a: All\u00e9hooparing|Hoopa-Unbound|100\/100\n|turn|27\n|\n|t:|1698268352\n|move|p1a: All\u00e9hooparing|Hyperspace Fury|p2a: Dipplin\n|-resisted|p2a: Dipplin\n|-crit|p2a: Dipplin\n|-damage|p2a: Dipplin|0 fnt\n|-unboost|p1a: All\u00e9hooparing|def|1\n|faint|p2a: Dipplin\n|\n|upkeep\n|l| Mathl3te\n|\n|t:|1698268356\n|switch|p2a: Meowscarada|Meowscarada, F|84\/100\n|-damage|p2a: Meowscarada|67\/100|[from] Spikes\n|turn|28\n|\n|t:|1698268362\n|move|p2a: Meowscarada|U-turn|p1a: All\u00e9hooparing\n|-start|p2a: Meowscarada|typechange|Bug|[from] ability: Protean\n|-supereffective|p1a: All\u00e9hooparing\n|-damage|p1a: All\u00e9hooparing|0 fnt\n|faint|p1a: All\u00e9hooparing\n|\n|win|CTC Pokemon\n|c|\u2606Windstorm72|OUCH\n|c|\u2606Windstorm72|Gg lol\n|l|\u2606CTC Pokemon\n|l| HiHowAria?\n|j|\u2606CTC Pokemon\n|player|p2|CTC Pokemon|fantina\n|j| HiHowAria?\n|c|\u2606CTC Pokemon|gg!\n|l| Jullo27\n|l| HiHowAria?\n","uploadtime":1698268389,"views":23,"p1id":"windstorm72","p2id":"ctcpokemon","formatid":"gen9ubers","rating":0,"private":0,"password":""}