{"id":"gen9ubers-1978889825","p1":"collierm","p2":"AvaluggEnjoyer420","format":"[Gen 9] Ubers","log":"|j|\u2606collierm\n|j|\u2606AvaluggEnjoyer420\n|t:|1698606958\n|gametype|singles\n|player|p1|collierm|red|1086\n|player|p2|AvaluggEnjoyer420|lusamine|1164\n|teamsize|p1|6\n|teamsize|p2|6\n|gen|9\n|tier|[Gen 9] Ubers\n|rated|\n|rule|Sleep Clause Mod: Limit one foe put to sleep\n|rule|Species Clause: Limit one of each Pok\u00e9mon\n|rule|OHKO Clause: OHKO moves are banned\n|rule|Evasion Items Clause: Evasion items are banned\n|rule|Evasion Moves Clause: Evasion moves are banned\n|rule|Endless Battle Clause: Forcing endless battles is banned\n|rule|HP Percentage Mod: HP is shown in percentages\n|clearpoke\n|poke|p1|Ogerpon-Hearthflame, F|\n|poke|p1|Flutter Mane|\n|poke|p1|Dragonite, F|\n|poke|p1|Ursaluna-Bloodmoon, M|\n|poke|p1|Urshifu-*, M|\n|poke|p1|Gliscor, F|\n|poke|p2|Avalugg, M|\n|poke|p2|Ditto|\n|poke|p2|Alomomola, F|\n|poke|p2|Clefable, M|\n|poke|p2|Miraidon|\n|poke|p2|Spectrier|\n|teampreview\n|inactive|Battle timer is ON: inactive players will automatically lose when time's up. (requested by AvaluggEnjoyer420)\n|c|\u2606collierm|What\n|c|\u2606AvaluggEnjoyer420|whats wrong?\n|c|\u2606AvaluggEnjoyer420|u got the bug?\n|c|\u2606AvaluggEnjoyer420|where it swaps the teams?\n|c|\u2606collierm|No\n|c|\u2606AvaluggEnjoyer420|ok\n|inactive|AvaluggEnjoyer420 has 120 seconds left.\n|\n|t:|1698606994\n|start\n|switch|p1a: Flutter Mane|Flutter Mane, shiny|100\/100\n|switch|p2a: Clefable|Clefable, M|100\/100\n|turn|1\n|c|\u2606collierm|Just confused about ur team\n|\n|t:|1698607002\n|move|p1a: Flutter Mane|Shadow Ball|p2a: Clefable\n|-damage|p2a: Clefable|46\/100\n|move|p2a: Clefable|Cosmic Power|p2a: Clefable\n|-boost|p2a: Clefable|def|1\n|-boost|p2a: Clefable|spd|1\n|\n|upkeep\n|turn|2\n|c|\u2606AvaluggEnjoyer420|why would u be confused\n|j| fudufin\n|\n|t:|1698607009\n|move|p1a: Flutter Mane|Shadow Ball|p2a: Clefable\n|-damage|p2a: Clefable|7\/100\n|move|p2a: Clefable|Moonlight|p2a: Clefable\n|-heal|p2a: Clefable|57\/100\n|\n|upkeep\n|turn|3\n|c|\u2606AvaluggEnjoyer420|hi fudfudin\n|c|\u2606collierm|Hello there\n|\n|t:|1698607027\n|move|p1a: Flutter Mane|Shadow Ball|p2a: Clefable\n|-damage|p2a: Clefable|20\/100\n|move|p2a: Clefable|Moonlight|p2a: Clefable\n|-heal|p2a: Clefable|70\/100\n|\n|upkeep\n|turn|4\n|j| EclipseWave\n|\n|t:|1698607034\n|move|p1a: Flutter Mane|Shadow Ball|p2a: Clefable\n|-damage|p2a: Clefable|34\/100\n|move|p2a: Clefable|Moonlight|p2a: Clefable\n|-heal|p2a: Clefable|84\/100\n|\n|upkeep\n|turn|5\n|\n|t:|1698607041\n|move|p1a: Flutter Mane|Shadow Ball|p2a: Clefable\n|-damage|p2a: Clefable|43\/100\n|move|p2a: Clefable|Cosmic Power|p2a: Clefable\n|-boost|p2a: Clefable|def|1\n|-boost|p2a: Clefable|spd|1\n|\n|upkeep\n|turn|6\n|j| memz100\n|\n|t:|1698607051\n|move|p1a: Flutter Mane|Shadow Ball|p2a: Clefable\n|-damage|p2a: Clefable|15\/100\n|move|p2a: Clefable|Moonlight|p2a: Clefable\n|-heal|p2a: Clefable|65\/100\n|\n|upkeep\n|turn|7\n|c| memz100|I\u2019m feeling l\n|c|\u2606collierm|1 crit and u screwed\n|\n|t:|1698607061\n|move|p1a: Flutter Mane|Shadow Ball|p2a: Clefable\n|-damage|p2a: Clefable|38\/100\n|move|p2a: Clefable|Moonlight|p2a: Clefable\n|-heal|p2a: Clefable|88\/100\n|\n|upkeep\n|turn|8\n|c|\u2606AvaluggEnjoyer420|nah\n|c|\u2606AvaluggEnjoyer420|i tank a crit\n|c| EclipseWave|true\n|j| WhatDoesUberMean\n|c|\u2606collierm|Ok\n|\n|t:|1698607076\n|move|p1a: Flutter Mane|Shadow Ball|p2a: Clefable\n|-damage|p2a: Clefable|60\/100\n|move|p2a: Clefable|Cosmic Power|p2a: Clefable\n|-boost|p2a: Clefable|def|1\n|-boost|p2a: Clefable|spd|1\n|\n|upkeep\n|turn|9\n|c|\u2606AvaluggEnjoyer420|i tank a crit from max hp atleast\n|j| Toon Link Gaming64\n|c|\u2606collierm|Why is this battle so popular\n|\n|t:|1698607089\n|move|p1a: Flutter Mane|Shadow Ball|p2a: Clefable\n|-damage|p2a: Clefable|37\/100\n|move|p2a: Clefable|Moonlight|p2a: Clefable\n|-heal|p2a: Clefable|87\/100\n|\n|upkeep\n|turn|10\n|c| WhatDoesUberMean|Idk\n|c| EclipseWave|they posted the link in lobby\n|c|\u2606collierm|Ok\n|j| 123456789loo\n|\n|t:|1698607114\n|move|p1a: Flutter Mane|Shadow Ball|p2a: Clefable\n|-damage|p2a: Clefable|66\/100\n|move|p2a: Clefable|Cosmic Power|p2a: Clefable\n|-boost|p2a: Clefable|def|1\n|-boost|p2a: Clefable|spd|1\n|\n|upkeep\n|turn|11\n|c| EclipseWave|so we must watch\n|c|\u2606collierm|Ok\n|\n|t:|1698607122\n|move|p1a: Flutter Mane|Shadow Ball|p2a: Clefable\n|-damage|p2a: Clefable|48\/100\n|move|p2a: Clefable|Moonlight|p2a: Clefable\n|-heal|p2a: Clefable|98\/100\n|\n|upkeep\n|turn|12\n|c|\u2606AvaluggEnjoyer420|nah they're watching because im just the main character ngl\n|\n|t:|1698607129\n|move|p1a: Flutter Mane|Shadow Ball|p2a: Clefable\n|-damage|p2a: Clefable|78\/100\n|move|p2a: Clefable|Cosmic Power|p2a: Clefable\n|-boost|p2a: Clefable|def|1\n|-boost|p2a: Clefable|spd|1\n|\n|upkeep\n|turn|13\n|c| EclipseWave|true\n|j| Lillian_55\n|\n|t:|1698607137\n|move|p1a: Flutter Mane|Shadow Ball|p2a: Clefable\n|-damage|p2a: Clefable|60\/100\n|move|p2a: Clefable|Cosmic Power|p2a: Clefable\n|-boost|p2a: Clefable|def|1\n|-boost|p2a: Clefable|spd|1\n|\n|upkeep\n|turn|14\n|l| Lillian_55\n|\n|t:|1698607144\n|move|p1a: Flutter Mane|Shadow Ball|p2a: Clefable\n|-crit|p2a: Clefable\n|-damage|p2a: Clefable|0 fnt\n|faint|p2a: Clefable\n|\n|upkeep\n|c|\u2606AvaluggEnjoyer420|steel should resist ghost\n|c|\u2606AvaluggEnjoyer420|what is ghost doing to steel\n|\n|t:|1698607153\n|switch|p2a: Miraidon|Miraidon|100\/100\n|-fieldstart|move: Electric Terrain|[from] ability: Hadron Engine|[of] p2a: Miraidon\n|turn|15\n|c|\u2606collierm|Idk\n|c| EclipseWave|damn the crit\n|\n|t:|1698607163\n|-end|p1a: Flutter Mane|Protosynthesis|[silent]\n|switch|p1a: Gliscor|Gliscor, F, shiny|100\/100\n|-terastallize|p2a: Miraidon|Electric\n|move|p2a: Miraidon|Parabolic Charge|p1a: Gliscor\n|-immune|p1a: Gliscor\n|\n|-status|p1a: Gliscor|tox|[from] item: Toxic Orb\n|upkeep\n|turn|16\n|c| EclipseWave|damn\n|c|\u2606AvaluggEnjoyer420|this thing literally has like 70 sp defense bro\n|c|\u2606AvaluggEnjoyer420|!dt gliscor\n|raw|<div class=\"message\"><ul class=\"utilichart\"><li class=\"result\"><span class=\"col numcol\">OU<\/span> <span class=\"col iconcol\"><psicon pokemon=\"gliscor\"\/><\/span> <span class=\"col pokemonnamecol\" style=\"white-space:nowrap\"><a href=\"https:\/\/dex.pokemonshowdown.com\/pokemon\/gliscor\" target=\"_blank\">Gliscor<\/a><\/span> <span class=\"col typecol\"><img src=\"https:\/\/play.pokemonshowdown.com\/sprites\/types\/Ground.png\" alt=\"Ground\" height=\"14\" width=\"32\"><img src=\"https:\/\/play.pokemonshowdown.com\/sprites\/types\/Flying.png\" alt=\"Flying\" height=\"14\" width=\"32\"><\/span> <span style=\"float:left;min-height:26px\"><span class=\"col twoabilitycol\">Hyper Cutter<br \/>Sand Veil<\/span><span class=\"col abilitycol\"><em>Poison Heal<\/em><\/span><\/span><span style=\"float:left;min-height:26px\"><span class=\"col statcol\"><em>HP<\/em><br \/>75<\/span> <span class=\"col statcol\"><em>Atk<\/em><br \/>95<\/span> <span class=\"col statcol\"><em>Def<\/em><br \/>125<\/span> <span class=\"col statcol\"><em>SpA<\/em><br \/>45<\/span> <span class=\"col statcol\"><em>SpD<\/em><br \/>75<\/span> <span class=\"col statcol\"><em>Spe<\/em><br \/>95<\/span> <span class=\"col bstcol\"><em>BST<br \/>510<\/em><\/span> <\/span><\/li><li style=\"clear:both\"><\/li><\/ul><\/div>\n|raw|<font size=\"1\"><font color=\"#686868\">Dex#:<\/font> 472&nbsp;|&ThickSpace;<font color=\"#686868\">Gen:<\/font> 4&nbsp;|&ThickSpace;<font color=\"#686868\">Height:<\/font> 2 m&nbsp;|&ThickSpace;<font color=\"#686868\">Weight:<\/font> 42.5 kg <em>(60 BP)<\/em>&nbsp;|&ThickSpace;<font color=\"#686868\">Dex Colour:<\/font> Purple&nbsp;|&ThickSpace;<font color=\"#686868\">Egg Group(s):<\/font> Bug&nbsp;|&ThickSpace;<font color=\"#686868\">Pre-Evolution:<\/font> Gligar&nbsp;|&ThickSpace;<font color=\"#686868\">Does Not Evolve<\/font><\/font>\n\n|c|\u2606AvaluggEnjoyer420|75\/75\n|\n|t:|1698607182\n|switch|p2a: Ditto|Ditto|100\/100\n|-transform|p2a: Ditto|p1a: Gliscor|[from] ability: Imposter\n|move|p1a: Gliscor|Fling|p2a: Ditto\n|-damage|p2a: Ditto|93\/100\n|-status|p2a: Ditto|tox\n|-enditem|p1a: Gliscor|Toxic Orb|[from] move: Fling\n|\n|-heal|p2a: Ditto|100\/100 tox|[from] ability: Poison Heal\n|upkeep\n|turn|17\n|c|\u2606AvaluggEnjoyer420|OUTPLAYED\n|c| 123456789loo|It's no longer Fair on both sides with one Pokemon fainted on one side and on the other side there's none\n|c|\u2606collierm|Dang\n|j| Grimora\n|\n|t:|1698607205\n|switch|p2a: Alomomola|Alomomola, F|100\/100\n|move|p1a: Gliscor|Acrobatics|p2a: Alomomola\n|-damage|p2a: Alomomola|78\/100\n|\n|upkeep\n|turn|18\n|l| memz100\n|\n|t:|1698607214\n|move|p1a: Gliscor|Facade|p2a: Alomomola\n|-damage|p2a: Alomomola|56\/100\n|move|p2a: Alomomola|Flip Turn|p1a: Gliscor\n|-supereffective|p1a: Gliscor\n|-crit|p1a: Gliscor\n|-damage|p1a: Gliscor|49\/100 tox\n|\n|t:|1698607237\n|switch|p2a: Spectrier|Spectrier|100\/100|[from] Flip Turn\n|\n|-heal|p1a: Gliscor|61\/100 tox|[from] ability: Poison Heal\n|upkeep\n|turn|19\n|c|\u2606AvaluggEnjoyer420|yeah so for some reason my friend cant chat\n|c|\u2606AvaluggEnjoyer420|because he has an issue with spam from his internet provider idk why\n|inactive|AvaluggEnjoyer420 has 120 seconds left.\n|c|\u2606AvaluggEnjoyer420|i got him to contact the mods\n|\n|t:|1698607256\n|move|p2a: Spectrier|Shadow Ball|p1a: Gliscor\n|-damage|p1a: Gliscor|0 fnt\n|faint|p1a: Gliscor\n|-ability|p2a: Spectrier|Grim Neigh|boost\n|-boost|p2a: Spectrier|spa|1\n|\n|-fieldend|move: Electric Terrain\n|upkeep\n|c| Grimora|spamton\n|\n|t:|1698607267\n|switch|p1a: Flutter Mane|Flutter Mane, shiny|100\/100\n|turn|20\n|c|\u2606AvaluggEnjoyer420|wait does urshifu run sucker punch\n|\n|t:|1698607275\n|move|p1a: Flutter Mane|Shadow Ball|p2a: Spectrier\n|-supereffective|p2a: Spectrier\n|-enditem|p2a: Spectrier|Focus Sash\n|-damage|p2a: Spectrier|1\/100\n|-unboost|p2a: Spectrier|spd|1\n|move|p2a: Spectrier|Agility|p2a: Spectrier\n|-boost|p2a: Spectrier|spe|2\n|\n|upkeep\n|turn|21\n|c| EclipseWave|nah\n|c|\u2606AvaluggEnjoyer420|it does doesnt it?\n|c| Grimora|no but he walks it\n|c|\u2606AvaluggEnjoyer420|ok\n|c|\u2606collierm|Oh come on\n|c|\u2606AvaluggEnjoyer420|hes gonna tera\n|\n|t:|1698607295\n|-end|p1a: Flutter Mane|Protosynthesis|[silent]\n|switch|p1a: Ursaluna|Ursaluna-Bloodmoon, M|100\/100\n|move|p2a: Spectrier|Shadow Ball|p1a: Ursaluna\n|-immune|p1a: Ursaluna\n|\n|upkeep\n|turn|22\n|c| EclipseWave|nah\n|c| EclipseWave|he gonna switch\n|c| EclipseWave|see, im a psychic\n|c|\u2606AvaluggEnjoyer420|i think this tanks even with its bad sp defense because its not stab\n|\n|t:|1698607309\n|move|p1a: Ursaluna|Vacuum Wave|p2a: Spectrier\n|-damage|p2a: Spectrier|0 fnt\n|faint|p2a: Spectrier\n|\n|upkeep\n|c|\u2606AvaluggEnjoyer420|oh yeah i forgot that could hit ghosts\n|\n|t:|1698607317\n|switch|p2a: Miraidon|Miraidon, tera:Electric|100\/100\n|-fieldstart|move: Electric Terrain|[from] ability: Hadron Engine|[of] p2a: Miraidon\n|turn|23\n|c| 123456789loo|Now he's not going to switch\n|\n|t:|1698607322\n|move|p2a: Miraidon|Draco Meteor|p1a: Ursaluna\n|-damage|p1a: Ursaluna|24\/100\n|-unboost|p2a: Miraidon|spa|2\n|move|p1a: Ursaluna|Earth Power|p2a: Miraidon\n|-supereffective|p2a: Miraidon\n|-damage|p2a: Miraidon|51\/100\n|\n|upkeep\n|turn|24\n|c|\u2606AvaluggEnjoyer420|yeah av easily took that\n|\n|t:|1698607340\n|switch|p2a: Alomomola|Alomomola, F|89\/100\n|move|p1a: Ursaluna|Earth Power|p2a: Alomomola\n|-damage|p2a: Alomomola|21\/100\n|\n|upkeep\n|turn|25\n|\n|t:|1698607347\n|move|p1a: Ursaluna|Vacuum Wave|p2a: Alomomola\n|-damage|p2a: Alomomola|3\/100\n|move|p2a: Alomomola|Wish|p2a: Alomomola\n|\n|upkeep\n|turn|26\n|c| EclipseWave|damn\n|\n|t:|1698607353\n|switch|p2a: Miraidon|Miraidon, tera:Electric|51\/100\n|-activate|p2a: Miraidon|ability: Hadron Engine\n|move|p1a: Ursaluna|Vacuum Wave|p2a: Miraidon\n|-damage|p2a: Miraidon|43\/100\n|\n|-heal|p2a: Miraidon|100\/100|[from] move: Wish|[wisher] Alomomola\n|upkeep\n|turn|27\n|c|\u2606AvaluggEnjoyer420|LETS GO W\n|c|\u2606AvaluggEnjoyer420|I AM THE MAIN CHARACTER\n|c|\u2606collierm|Why\n|\n|t:|1698607372\n|move|p2a: Miraidon|Draco Meteor|p1a: Ursaluna\n|-damage|p1a: Ursaluna|0 fnt\n|-unboost|p2a: Miraidon|spa|2\n|faint|p1a: Ursaluna\n|\n|-fieldend|move: Electric Terrain\n|upkeep\n|c|\u2606AvaluggEnjoyer420|wait so ru running offensive ursuluna or defensive\n|c|\u2606AvaluggEnjoyer420|ngl defensive ursuluna is way better than offensive\n|\n|t:|1698607384\n|switch|p1a: Flutter Mane|Flutter Mane, shiny|100\/100\n|turn|28\n|c|\u2606AvaluggEnjoyer420|defensive with cm, moonlight, earth power, blood moon goes hard\n|\n|t:|1698607391\n|switch|p2a: Alomomola|Alomomola, F|36\/100\n|move|p1a: Flutter Mane|Moonblast|p2a: Alomomola\n|-damage|p2a: Alomomola|0 fnt\n|faint|p2a: Alomomola\n|\n|upkeep\n|\n|t:|1698607394\n|switch|p2a: Ditto|Ditto|100\/100 tox\n|-transform|p2a: Ditto|p1a: Flutter Mane|[from] ability: Imposter\n|turn|29\n|c|\u2606AvaluggEnjoyer420|this probably tanks 135 sp defense\n|c|\u2606AvaluggEnjoyer420|but bad hp\n|c|\u2606AvaluggEnjoyer420|so idk\n|\n|t:|1698607418\n|-end|p1a: Flutter Mane|Protosynthesis|[silent]\n|switch|p1a: Urshifu|Urshifu-Rapid-Strike, M|100\/100\n|move|p2a: Ditto|Moonblast|p1a: Urshifu\n|-supereffective|p1a: Urshifu\n|-damage|p1a: Urshifu|0 fnt\n|faint|p1a: Urshifu\n|\n|-damage|p2a: Ditto|94\/100 tox|[from] psn\n|upkeep\n|c|\u2606AvaluggEnjoyer420|get outplayed\n|c| Grimora|ouch\n|c|\u2606collierm|Dude\n|inactive|collierm has 120 seconds left.\n|c|\u2606AvaluggEnjoyer420|its kinda annoying how it doesnt tell u which form it is until they swap in\n|\n|t:|1698607436\n|switch|p1a: Flutter Mane|Flutter Mane, shiny|100\/100\n|turn|30\n|\n|t:|1698607440\n|-end|p2a: Ditto|Protosynthesis|[silent]\n|switch|p2a: Miraidon|Miraidon, tera:Electric|100\/100\n|-fieldstart|move: Electric Terrain|[from] ability: Hadron Engine|[of] p2a: Miraidon\n|move|p1a: Flutter Mane|Shadow Ball|p2a: Miraidon\n|-damage|p2a: Miraidon|68\/100\n|\n|upkeep\n|turn|31\n|\n|t:|1698607449\n|move|p1a: Flutter Mane|Shadow Ball|p2a: Miraidon\n|-damage|p2a: Miraidon|35\/100\n|move|p2a: Miraidon|Parabolic Charge|p1a: Flutter Mane\n|-crit|p1a: Flutter Mane\n|-damage|p1a: Flutter Mane|0 fnt\n|-heal|p2a: Miraidon|72\/100|[from] drain|[of] p1a: Flutter Mane\n|faint|p1a: Flutter Mane\n|-end|p1a: Flutter Mane|Protosynthesis|[silent]\n|\n|upkeep\n|\n|t:|1698607461\n|switch|p1a: Dragonite|Dragonite, F, shiny|100\/100\n|turn|32\n|c|\u2606AvaluggEnjoyer420|so who u gonna tera dragonite or ogerpon\n|\n|t:|1698607466\n|move|p2a: Miraidon|Draco Meteor|p1a: Dragonite\n|-supereffective|p1a: Dragonite\n|-damage|p1a: Dragonite|4\/100\n|-unboost|p2a: Miraidon|spa|2\n|-enditem|p1a: Dragonite|Weakness Policy\n|-boost|p1a: Dragonite|atk|2|[from] item: Weakness Policy\n|-boost|p1a: Dragonite|spa|2|[from] item: Weakness Policy\n|move|p1a: Dragonite|Dragon Dance|p1a: Dragonite\n|-boost|p1a: Dragonite|atk|1\n|-boost|p1a: Dragonite|spe|1\n|\n|upkeep\n|turn|33\n|c| 123456789loo|Shiny\n|c|\u2606AvaluggEnjoyer420|96????\n|c|\u2606AvaluggEnjoyer420|NO WAY\n|c|\u2606AvaluggEnjoyer420|69 is crazy\n|c|\u2606collierm|Multiscale\n|c|\u2606AvaluggEnjoyer420|96\n|\n|t:|1698607484\n|switch|p2a: Avalugg|Avalugg, M|100\/100\n|-terastallize|p1a: Dragonite|Normal\n|move|p1a: Dragonite|Extreme Speed|p2a: Avalugg\n|-damage|p2a: Avalugg|57\/100\n|\n|upkeep\n|turn|34\n|c|\u2606AvaluggEnjoyer420|nah i mean 96 through multiscale\n|c|\u2606AvaluggEnjoyer420|is crazy\n|c| EclipseWave|damn\n|\n|t:|1698607494\n|move|p1a: Dragonite|Extreme Speed|p2a: Avalugg\n|-damage|p2a: Avalugg|11\/100\n|move|p2a: Avalugg|Body Press|p1a: Dragonite\n|-supereffective|p1a: Dragonite\n|-damage|p1a: Dragonite|0 fnt\n|faint|p1a: Dragonite\n|\n|-fieldend|move: Electric Terrain\n|upkeep\n|c|\u2606AvaluggEnjoyer420|avalugg tanking + 4 easily is crazy\n|c| EclipseWave|avalugg sweep\n|c|\u2606AvaluggEnjoyer420|thats why avalugg is the goat\n|c|\u2606collierm|ngl I'm watching clone wars rn\n|\n|t:|1698607518\n|switch|p1a: Ogerpon|Ogerpon-Hearthflame, F|100\/100\n|-ability|p1a: Ogerpon|Mold Breaker\n|turn|35\n|c| EclipseWave|that dragonite had draco meteor\n|\n|t:|1698607527\n|move|p1a: Ogerpon|Ivy Cudgel|p2a: Avalugg\n|-supereffective|p2a: Avalugg\n|-damage|p2a: Avalugg|0 fnt\n|faint|p2a: Avalugg\n|\n|upkeep\n|\n|t:|1698607530\n|switch|p2a: Ditto|Ditto|94\/100 tox\n|-transform|p2a: Ditto|p1a: Ogerpon|[from] ability: Imposter\n|-ability|p2a: Ditto|Mold Breaker\n|turn|36\n|\n|t:|1698607537\n|move|p2a: Ditto|Ivy Cudgel|p1a: Ogerpon\n|-damage|p1a: Ogerpon|31\/100\n|move|p1a: Ogerpon|Swords Dance|p1a: Ogerpon\n|-boost|p1a: Ogerpon|atk|2\n|\n|-damage|p2a: Ditto|88\/100 tox|[from] psn\n|upkeep\n|turn|37\n|c|\u2606AvaluggEnjoyer420|draco meteor? why not hurricane\n|c|\u2606AvaluggEnjoyer420|gg\n|\n|t:|1698607546\n|move|p2a: Ditto|Ivy Cudgel|p1a: Ogerpon\n|-damage|p1a: Ogerpon|0 fnt\n|faint|p1a: Ogerpon\n|\n|win|AvaluggEnjoyer420\n|raw|collierm's rating: 1086 &rarr; <strong>1068<\/strong><br \/>(-18 for losing)\n|raw|AvaluggEnjoyer420's rating: 1164 &rarr; <strong>1183<\/strong><br \/>(+19 for winning)\n|l| EclipseWave\n|l|\u2606AvaluggEnjoyer420\n|c|\u2606collierm|How u outspeed\n|c| 123456789loo|Corn morn\n|l| Grimora\n|l| WhatDoesUberMean\n","uploadtime":1698607756,"views":24,"p1id":"collierm","p2id":"avaluggenjoyer420","formatid":"gen9ubers","rating":1068,"private":0,"password":""}