{"id":"gen9ubers-1984394832","p1":"grass knot zygarde","p2":"abaabaabaaba","format":"[Gen 9] Ubers","log":"|j|\u2606grass knot zygarde\n|j|\u2606abaabaabaaba\n|t:|1699255853\n|gametype|singles\n|player|p1|grass knot zygarde|dawn|1141\n|player|p2|abaabaabaaba|170|1072\n|teamsize|p1|6\n|teamsize|p2|6\n|gen|9\n|tier|[Gen 9] Ubers\n|rated|\n|rule|Sleep Clause Mod: Limit one foe put to sleep\n|rule|Species Clause: Limit one of each Pok\u00e9mon\n|rule|OHKO Clause: OHKO moves are banned\n|rule|Evasion Items Clause: Evasion items are banned\n|rule|Evasion Moves Clause: Evasion moves are banned\n|rule|Endless Battle Clause: Forcing endless battles is banned\n|rule|HP Percentage Mod: HP is shown in percentages\n|clearpoke\n|poke|p1|Ribombee, F|\n|poke|p1|Ogerpon-Hearthflame, F|\n|poke|p1|Koraidon|\n|poke|p1|Zacian-*|\n|poke|p1|Flutter Mane|\n|poke|p1|Miraidon|\n|poke|p2|Magearna|\n|poke|p2|Shaymin-Sky|\n|poke|p2|Palafin, F|\n|poke|p2|Urshifu-*, M|\n|poke|p2|Volcarona, M|\n|poke|p2|Chien-Pao|\n|teampreview\n|inactive|Battle timer is ON: inactive players will automatically lose when time's up. (requested by grass knot zygarde)\n|j| incrediblegassygem\n|inactive|abaabaabaaba has 120 seconds left.\n|c| incrediblegassygem|this yung generation is clearly lost mayne\n|c| incrediblegassygem|clearly loust\n|c|\u2606grass knot zygarde|shut up grandpa\n|inactive|abaabaabaaba has 90 seconds left.\n|\n|t:|1699255929\n|start\n|switch|p1a: Miraidon|Miraidon|100\/100\n|switch|p2a: Palafin|Palafin, F|100\/100\n|-fieldstart|move: Electric Terrain|[from] ability: Hadron Engine|[of] p1a: Miraidon\n|-enditem|p1a: Miraidon|Electric Seed\n|-boost|p1a: Miraidon|def|1|[from] item: Electric Seed\n|turn|1\n|c| incrediblegassygem|when i was ur age i was top 10 on ubers\n|\n|t:|1699255943\n|detailschange|p2a: Palafin|Palafin-Hero, F\n|switch|p2a: Magearna|Magearna|100\/100\n|move|p1a: Miraidon|Calm Mind|p1a: Miraidon\n|-boost|p1a: Miraidon|spa|1\n|-boost|p1a: Miraidon|spd|1\n|\n|upkeep\n|turn|2\n|\n|t:|1699255949\n|move|p1a: Miraidon|Parabolic Charge|p2a: Magearna\n|-damage|p2a: Magearna|6\/100\n|move|p2a: Magearna|Fleur Cannon|p1a: Miraidon\n|-supereffective|p1a: Miraidon\n|-damage|p1a: Miraidon|0 fnt\n|-unboost|p2a: Magearna|spa|2\n|faint|p1a: Miraidon\n|-ability|p2a: Magearna|Soul-Heart|boost\n|-boost|p2a: Magearna|spa|1\n|-damage|p2a: Magearna|0 fnt|[from] item: Life Orb\n|faint|p2a: Magearna\n|\n|upkeep\n|\n|t:|1699255958\n|switch|p1a: ohio rizz|Ribombee, F, shiny|100\/100\n|switch|p2a: Palafin|Palafin-Hero, F|100\/100\n|-activate|p2a: Palafin|ability: Zero to Hero\n|turn|3\n|\n|t:|1699255966\n|move|p1a: ohio rizz|Sticky Web|p2a: Palafin\n|-sidestart|p2: abaabaabaaba|move: Sticky Web\n|move|p2a: Palafin|Iron Head|p1a: ohio rizz\n|-supereffective|p1a: ohio rizz\n|-enditem|p1a: ohio rizz|Focus Sash\n|-damage|p1a: ohio rizz|1\/100\n|\n|upkeep\n|turn|4\n|\n|t:|1699255970\n|move|p2a: Palafin|Jet Punch|p1a: ohio rizz\n|-damage|p1a: ohio rizz|0 fnt\n|faint|p1a: ohio rizz\n|\n|upkeep\n|\n|t:|1699255974\n|switch|p1a: Koraidon|Koraidon|100\/100\n|-weather|SunnyDay|[from] ability: Orichalcum Pulse|[of] p1a: Koraidon\n|-activate|p1a: Koraidon|Orichalcum Pulse|[source]\n|turn|5\n|\n|t:|1699255985\n|move|p2a: Palafin|Jet Punch|p1a: Koraidon\n|-resisted|p1a: Koraidon\n|-damage|p1a: Koraidon|92\/100\n|move|p1a: Koraidon|Swords Dance|p1a: Koraidon\n|-boost|p1a: Koraidon|atk|2\n|\n|-weather|SunnyDay|[upkeep]\n|-fieldend|move: Electric Terrain\n|upkeep\n|turn|6\n|\n|t:|1699255990\n|move|p1a: Koraidon|Scale Shot|p2a: Palafin|[miss]\n|-miss|p1a: Koraidon|p2a: Palafin\n|move|p2a: Palafin|Close Combat|p1a: Koraidon\n|-damage|p1a: Koraidon|43\/100\n|-unboost|p2a: Palafin|def|1\n|-unboost|p2a: Palafin|spd|1\n|\n|-weather|SunnyDay|[upkeep]\n|upkeep\n|turn|7\n|\n|t:|1699255995\n|move|p1a: Koraidon|Scale Shot|p2a: Palafin\n|-damage|p2a: Palafin|43\/100\n|-damage|p2a: Palafin|0 fnt\n|faint|p2a: Palafin\n|-hitcount|p2: Palafin|2\n|-unboost|p1a: Koraidon|def|1\n|-boost|p1a: Koraidon|spe|1\n|\n|-weather|SunnyDay|[upkeep]\n|upkeep\n|c|\u2606grass knot zygarde|im FUCKINT burping\n|\n|t:|1699256006\n|switch|p2a: Chien-Pao|Chien-Pao|100\/100\n|-activate|p2a: Chien-Pao|move: Sticky Web\n|-unboost|p2a: Chien-Pao|spe|1\n|-ability|p2a: Chien-Pao|Sword of Ruin\n|turn|8\n|c| incrediblegassygem|sadly\n|c| incrediblegassygem|im brapping\n|\n|t:|1699256018\n|move|p2a: Chien-Pao|Ice Shard|p1a: Koraidon\n|-supereffective|p1a: Koraidon\n|-damage|p1a: Koraidon|0 fnt\n|faint|p1a: Koraidon\n|\n|-weather|SunnyDay|[upkeep]\n|upkeep\n|c| incrediblegassygem|soooooo\n|c| incrediblegassygem|does it matter???\n|c| incrediblegassygem|can i know\n|c| incrediblegassygem|does it matter\n|\n|t:|1699256032\n|switch|p1a: Flutter Mane|Flutter Mane, shiny|100\/100\n|-activate|p1a: Flutter Mane|ability: Protosynthesis\n|-start|p1a: Flutter Mane|protosynthesisspe\n|turn|9\n|inactive|abaabaabaaba has 120 seconds left.\n|\n|t:|1699256076\n|move|p2a: Chien-Pao|Sucker Punch|p1a: Flutter Mane\n|-damage|p1a: Flutter Mane|0 fnt\n|faint|p1a: Flutter Mane\n|-end|p1a: Flutter Mane|Protosynthesis|[silent]\n|\n|-weather|none\n|upkeep\n|c|\u2606grass knot zygarde|double priority\n|c|\u2606grass knot zygarde|amazing\n|\n|t:|1699256088\n|switch|p1a: Zacian|Zacian-Crowned, shiny|100\/100\n|-ability|p1a: Zacian|Intrepid Sword|boost\n|-boost|p1a: Zacian|atk|1\n|turn|10\n|inactive|abaabaabaaba has 120 seconds left.\n|c|\u2606grass knot zygarde|very cool\n|\n|t:|1699256106\n|switch|p2a: Shaymin|Shaymin-Sky|100\/100\n|move|p1a: Zacian|Swords Dance|p1a: Zacian\n|-boost|p1a: Zacian|atk|2\n|\n|upkeep\n|turn|11\n|\n|t:|1699256113\n|move|p1a: Zacian|Behemoth Blade|p2a: Shaymin\n|-damage|p2a: Shaymin|0 fnt\n|faint|p2a: Shaymin\n|\n|upkeep\n|c| incrediblegassygem|thsi yung generation is clearly lost mane\n|\n|t:|1699256119\n|switch|p2a: Volcarona|Volcarona, M|100\/100\n|turn|12\n|c| incrediblegassygem|clearly lost\n|c| incrediblegassygem|to priority no less\n|c| incrediblegassygem|reheheh\n|inactive|abaabaabaaba has 120 seconds left.\n|\n|t:|1699256131\n|move|p1a: Zacian|Wild Charge|p2a: Volcarona\n|-damage|p2a: Volcarona|0 fnt\n|-status|p1a: Zacian|brn|[from] ability: Flame Body|[of] p2a: Volcarona\n|faint|p2a: Volcarona\n|-damage|p1a: Zacian|76\/100 brn|[from] Recoil\n|\n|-damage|p1a: Zacian|70\/100 brn|[from] brn\n|upkeep\n|c| incrediblegassygem|ddeserved.\n|c|\u2606grass knot zygarde|was ir\n|c|\u2606grass knot zygarde|it\n|c| incrediblegassygem|nerp\n|c| incrediblegassygem|but still\n|\n|t:|1699256157\n|switch|p2a: Chien-Pao|Chien-Pao|100\/100\n|-activate|p2a: Chien-Pao|move: Sticky Web\n|-unboost|p2a: Chien-Pao|spe|1\n|-ability|p2a: Chien-Pao|Sword of Ruin\n|turn|13\n|\n|t:|1699256164\n|move|p1a: Zacian|Behemoth Blade|p2a: Chien-Pao\n|-supereffective|p2a: Chien-Pao\n|-enditem|p2a: Chien-Pao|Focus Sash\n|-damage|p2a: Chien-Pao|1\/100\n|move|p2a: Chien-Pao|Icicle Crash|p1a: Zacian\n|-resisted|p1a: Zacian\n|-damage|p1a: Zacian|42\/100 brn\n|\n|-damage|p1a: Zacian|36\/100 brn|[from] brn\n|upkeep\n|turn|14\n|\n|t:|1699256173\n|move|p2a: Chien-Pao|Sucker Punch|p1a: Zacian\n|-resisted|p1a: Zacian\n|-damage|p1a: Zacian|13\/100 brn\n|move|p1a: Zacian|Behemoth Blade|p2a: Chien-Pao\n|-supereffective|p2a: Chien-Pao\n|-damage|p2a: Chien-Pao|0 fnt\n|faint|p2a: Chien-Pao\n|\n|-damage|p1a: Zacian|7\/100 brn|[from] brn\n|upkeep\n|\n|t:|1699256176\n|switch|p2a: Urshifu|Urshifu, M|100\/100\n|-activate|p2a: Urshifu|move: Sticky Web\n|-unboost|p2a: Urshifu|spe|1\n|turn|15\n|\n|t:|1699256180\n|move|p1a: Zacian|Play Rough|p2a: Urshifu\n|-supereffective|p2a: Urshifu\n|-damage|p2a: Urshifu|0 fnt\n|faint|p2a: Urshifu\n|\n|win|grass knot zygarde\n|raw|grass knot zygarde's rating: 1141 &rarr; <strong>1161<\/strong><br \/>(+20 for winning)\n|raw|abaabaabaaba's rating: 1072 &rarr; <strong>1055<\/strong><br \/>(-17 for losing)\n|l|\u2606abaabaabaaba\n","uploadtime":1699256189,"views":4,"p1id":"grassknotzygarde","p2id":"abaabaabaaba","formatid":"gen9ubers","rating":1055,"private":0,"password":""}