{"id":"gen9ubers-1985837493","p1":"moolacat","p2":"cheenue","format":"[Gen 9] Ubers","log":"|j|\u2606moolacat\n|j|\u2606cheenue\n|t:|1699411593\n|gametype|singles\n|player|p1|moolacat|gardenia|1069\n|player|p2|cheenue|101|1000\n|teamsize|p1|6\n|teamsize|p2|6\n|gen|9\n|tier|[Gen 9] Ubers\n|rated|\n|rule|Sleep Clause Mod: Limit one foe put to sleep\n|rule|Species Clause: Limit one of each Pok\u00e9mon\n|rule|OHKO Clause: OHKO moves are banned\n|rule|Evasion Items Clause: Evasion items are banned\n|rule|Evasion Moves Clause: Evasion moves are banned\n|rule|Endless Battle Clause: Forcing endless battles is banned\n|rule|HP Percentage Mod: HP is shown in percentages\n|clearpoke\n|poke|p1|Miraidon|\n|poke|p1|Raichu-Alola, F|\n|poke|p1|Barraskewda, F|\n|poke|p1|Pelipper, M|\n|poke|p1|Kilowattrel, M|\n|poke|p1|Tinkaton, F|\n|poke|p2|Kyogre|\n|poke|p2|Ludicolo, M|\n|poke|p2|Palkia-Origin|\n|poke|p2|Zacian-*|\n|poke|p2|Rayquaza|\n|poke|p2|Infernape, M|\n|teampreview\n|inactive|Battle timer is ON: inactive players will automatically lose when time's up. (requested by moolacat)\n|\n|t:|1699411608\n|start\n|switch|p1a: Pelipper|Pelipper, M|100\/100\n|switch|p2a: Kyogre|Kyogre|100\/100\n|-weather|RainDance|[from] ability: Drizzle|[of] p2a: Kyogre\n|turn|1\n|c|\u2606moolacat|kyoman\n|\n|t:|1699411620\n|move|p2a: Kyogre|Water Spout|p1a: Pelipper\n|-resisted|p1a: Pelipper\n|-damage|p1a: Pelipper|0 fnt\n|faint|p1a: Pelipper\n|\n|-weather|RainDance|[upkeep]\n|upkeep\n|\n|t:|1699411627\n|switch|p1a: Miraidon|Miraidon|100\/100\n|-fieldstart|move: Electric Terrain|[from] ability: Hadron Engine|[of] p1a: Miraidon\n|turn|2\n|c|\u2606cheenue|my bad dude\n|\n|t:|1699411634\n|switch|p1a: Barraskewda|Barraskewda, F|100\/100\n|move|p2a: Kyogre|Water Spout|p1a: Barraskewda\n|-resisted|p1a: Barraskewda\n|-damage|p1a: Barraskewda|0 fnt\n|faint|p1a: Barraskewda\n|\n|-weather|RainDance|[upkeep]\n|upkeep\n|c|\u2606moolacat|bro I should go back to ou\n|\n|t:|1699411645\n|switch|p1a: rai|Raichu-Alola, F|100\/100\n|turn|3\n|\n|t:|1699411649\n|-terastallize|p1a: rai|Electric\n|move|p1a: rai|Thunder|p2a: Kyogre\n|-supereffective|p2a: Kyogre\n|-damage|p2a: Kyogre|0 fnt\n|faint|p2a: Kyogre\n|\n|-weather|RainDance|[upkeep]\n|upkeep\n|c|\u2606moolacat|goddamn\n|\n|t:|1699411666\n|switch|p2a: Ludicolo|Ludicolo, M|100\/100\n|turn|4\n|\n|t:|1699411674\n|move|p1a: rai|Thunder|p2a: Ludicolo\n|-damage|p2a: Ludicolo|12\/100\n|-status|p2a: Ludicolo|par\n|move|p2a: Ludicolo|Leech Seed|p1a: rai\n|-start|p1a: rai|move: Leech Seed\n|\n|-weather|RainDance|[upkeep]\n|-heal|p2a: Ludicolo|18\/100 par|[from] ability: Rain Dish\n|-heal|p2a: Ludicolo|24\/100 par|[from] item: Leftovers\n|-damage|p1a: rai|88\/100|[from] Leech Seed|[of] p2a: Ludicolo\n|-heal|p2a: Ludicolo|34\/100 par|[silent]\n|upkeep\n|turn|5\n|\n|t:|1699411680\n|move|p2a: Ludicolo|Protect|p2a: Ludicolo\n|-singleturn|p2a: Ludicolo|Protect\n|move|p1a: rai|Thunder|p2a: Ludicolo\n|-activate|p2a: Ludicolo|move: Protect\n|\n|-weather|none\n|-heal|p2a: Ludicolo|40\/100 par|[from] item: Leftovers\n|-damage|p1a: rai|76\/100|[from] Leech Seed|[of] p2a: Ludicolo\n|-heal|p2a: Ludicolo|50\/100 par|[silent]\n|upkeep\n|turn|6\n|\n|t:|1699411690\n|move|p1a: rai|Thunder|p2a: Ludicolo\n|-damage|p2a: Ludicolo|0 fnt\n|faint|p2a: Ludicolo\n|\n|upkeep\n|\n|t:|1699411695\n|switch|p2a: Zacian|Zacian-Crowned|100\/100\n|-ability|p2a: Zacian|Intrepid Sword|boost\n|-boost|p2a: Zacian|atk|1\n|turn|7\n|\n|t:|1699411697\n|move|p1a: rai|Thunder|p2a: Zacian\n|-damage|p2a: Zacian|0 fnt\n|faint|p2a: Zacian\n|\n|upkeep\n|c|\u2606moolacat|raichu\n|\n|t:|1699411701\n|switch|p2a: Infernape|Infernape, M|100\/100\n|turn|8\n|\n|t:|1699411711\n|move|p1a: rai|Thunder|p2a: Infernape\n|-damage|p2a: Infernape|0 fnt\n|faint|p2a: Infernape\n|\n|upkeep\n|\n|t:|1699411717\n|switch|p2a: Rayquaza|Rayquaza|100\/100\n|-ability|p2a: Rayquaza|Air Lock\n|turn|9\n|\n|t:|1699411726\n|-terastallize|p2a: Rayquaza|Dragon\n|move|p1a: rai|Thunder|p2a: Rayquaza\n|-resisted|p2a: Rayquaza\n|-damage|p2a: Rayquaza|34\/100\n|move|p2a: Rayquaza|Dragon Dance|p2a: Rayquaza\n|-boost|p2a: Rayquaza|atk|1\n|-boost|p2a: Rayquaza|spe|1\n|\n|-damage|p1a: rai|64\/100|[from] Leech Seed|[of] p2a: Rayquaza\n|-heal|p2a: Rayquaza|43\/100|[silent]\n|-fieldend|move: Electric Terrain\n|upkeep\n|turn|10\n|c|\u2606cheenue|hoh\n|c|\u2606moolacat|goddamn\n|c|\u2606moolacat|this guy hits hard\n|\n|t:|1699411739\n|switch|p1a: the slayer|Tinkaton, F|100\/100\n|-ability|p1a: the slayer|Mold Breaker\n|move|p2a: Rayquaza|Earthquake|p1a: the slayer\n|-supereffective|p1a: the slayer\n|-damage|p1a: the slayer|0 fnt\n|faint|p1a: the slayer\n|-damage|p2a: Rayquaza|33\/100|[from] item: Life Orb\n|\n|upkeep\n|\n|t:|1699411744\n|switch|p1a: Miraidon|Miraidon|100\/100\n|-fieldstart|move: Electric Terrain|[from] ability: Hadron Engine|[of] p1a: Miraidon\n|turn|11\n|\n|t:|1699411746\n|move|p2a: Rayquaza|Dragon Ascent|p1a: Miraidon\n|-resisted|p1a: Miraidon\n|-damage|p1a: Miraidon|29\/100\n|-unboost|p2a: Rayquaza|def|1\n|-unboost|p2a: Rayquaza|spd|1\n|-damage|p2a: Rayquaza|23\/100|[from] item: Life Orb\n|move|p1a: Miraidon|Draco Meteor|p2a: Rayquaza\n|-supereffective|p2a: Rayquaza\n|-damage|p2a: Rayquaza|0 fnt\n|-unboost|p1a: Miraidon|spa|2\n|faint|p2a: Rayquaza\n|\n|upkeep\n|\n|t:|1699411754\n|switch|p2a: Palkia|Palkia-Origin|100\/100\n|-ability|p2a: Palkia|Pressure\n|turn|12\n|\n|t:|1699411759\n|move|p1a: Miraidon|Draco Meteor|p2a: Palkia\n|-supereffective|p2a: Palkia\n|-damage|p2a: Palkia|18\/100\n|-unboost|p1a: Miraidon|spa|2\n|move|p2a: Palkia|Spacial Rend|p1a: Miraidon\n|-supereffective|p1a: Miraidon\n|-damage|p1a: Miraidon|0 fnt\n|faint|p1a: Miraidon\n|\n|upkeep\n|c|\u2606moolacat|hey\n|c|\u2606moolacat|know what time it is\n|\n|t:|1699411771\n|switch|p1a: rai|Raichu-Alola, F, tera:Electric|64\/100\n|turn|13\n|c|\u2606moolacat|its rich time\n|c|\u2606cheenue|time for u to get a watch lol\n|c|\u2606moolacat|*rachi\n|c|\u2606moolacat|XD\n|c|\u2606moolacat|yeah I should tbh\n|\n|t:|1699411794\n|move|p1a: rai|Volt Switch|p2a: Palkia\n|-damage|p2a: Palkia|0 fnt\n|faint|p2a: Palkia\n|\n|win|moolacat\n|raw|moolacat's rating: 1069 &rarr; <strong>1093<\/strong><br \/>(+24 for winning)\n|raw|cheenue's rating: 1000 &rarr; <strong>1000<\/strong><br \/>(+0 for losing)\n|c|\u2606cheenue|anyway gg lol'\n|l|\u2606cheenue\n|c|\u2606moolacat|gg wp\n","uploadtime":1699411798,"views":7,"p1id":"moolacat","p2id":"cheenue","formatid":"gen9ubers","rating":1000,"private":0,"password":""}