{"id":"gen9ubers-1987653691","p1":"i liek pink mawns","p2":"geefeeee","format":"[Gen 9] Ubers","log":"|j|\u2606i liek pink mawns\n|j|\u2606geefeeee\n|t:|1699624347\n|gametype|singles\n|player|p1|i liek pink mawns|marnie|1222\n|player|p2|geefeeee|170|1259\n|teamsize|p1|6\n|teamsize|p2|6\n|gen|9\n|tier|[Gen 9] Ubers\n|rated|\n|rule|Sleep Clause Mod: Limit one foe put to sleep\n|rule|Species Clause: Limit one of each Pok\u00e9mon\n|rule|OHKO Clause: OHKO moves are banned\n|rule|Evasion Items Clause: Evasion items are banned\n|rule|Evasion Moves Clause: Evasion moves are banned\n|rule|Endless Battle Clause: Forcing endless battles is banned\n|rule|HP Percentage Mod: HP is shown in percentages\n|clearpoke\n|poke|p1|Groudon|\n|poke|p1|Iron Treads|\n|poke|p1|Miraidon|\n|poke|p1|Arceus|\n|poke|p1|Iron Bundle|\n|poke|p1|Gholdengo|\n|poke|p2|Kyogre|\n|poke|p2|Arceus-Ground|\n|poke|p2|Basculegion, M|\n|poke|p2|Palkia-Origin|\n|poke|p2|Zacian-*|\n|poke|p2|Roaring Moon|\n|teampreview\n|\n|t:|1699624358\n|start\n|switch|p1a: Groudon|Groudon|100\/100\n|switch|p2a: Roaring Moon|Roaring Moon|100\/100\n|-weather|SunnyDay|[from] ability: Drought|[of] p1a: Groudon\n|-activate|p2a: Roaring Moon|ability: Protosynthesis\n|-start|p2a: Roaring Moon|protosynthesisatk\n|turn|1\n|\n|t:|1699624368\n|move|p2a: Roaring Moon|Crunch|p1a: Groudon\n|-damage|p1a: Groudon|67\/100\n|move|p1a: Groudon|Will-O-Wisp|p2a: Roaring Moon\n|-status|p2a: Roaring Moon|brn\n|\n|-weather|SunnyDay|[upkeep]\n|-heal|p1a: Groudon|73\/100|[from] item: Leftovers\n|-damage|p2a: Roaring Moon|94\/100 brn|[from] brn\n|upkeep\n|turn|2\n|\n|t:|1699624378\n|move|p2a: Roaring Moon|Crunch|p1a: Groudon\n|-damage|p1a: Groudon|57\/100\n|move|p1a: Groudon|Stealth Rock|p2a: Roaring Moon\n|-sidestart|p2: geefeeee|move: Stealth Rock\n|\n|-weather|SunnyDay|[upkeep]\n|-heal|p1a: Groudon|63\/100|[from] item: Leftovers\n|-damage|p2a: Roaring Moon|88\/100 brn|[from] brn\n|upkeep\n|turn|3\n|\n|t:|1699624384\n|-end|p2a: Roaring Moon|Protosynthesis|[silent]\n|switch|p2a: Kyogre|Kyogre|100\/100\n|-damage|p2a: Kyogre|88\/100|[from] Stealth Rock\n|-weather|RainDance|[from] ability: Drizzle|[of] p2a: Kyogre\n|move|p1a: Groudon|Spikes|p2a: Kyogre\n|-sidestart|p2: geefeeee|Spikes\n|\n|-weather|RainDance|[upkeep]\n|-heal|p1a: Groudon|69\/100|[from] item: Leftovers\n|upkeep\n|turn|4\n|\n|t:|1699624394\n|switch|p1a: Miraidon|Miraidon|100\/100\n|-fieldstart|move: Electric Terrain|[from] ability: Hadron Engine|[of] p1a: Miraidon\n|move|p2a: Kyogre|Ice Beam|p1a: Miraidon\n|-supereffective|p1a: Miraidon\n|-damage|p1a: Miraidon|44\/100\n|\n|-weather|RainDance|[upkeep]\n|-heal|p1a: Miraidon|50\/100|[from] item: Leftovers\n|upkeep\n|turn|5\n|\n|t:|1699624399\n|move|p1a: Miraidon|Volt Switch|p2a: Kyogre\n|-supereffective|p2a: Kyogre\n|-damage|p2a: Kyogre|6\/100\n|\n|t:|1699624407\n|switch|p1a: Iron Bundle|Iron Bundle, shiny|100\/100|[from] Volt Switch\n|-activate|p1a: Iron Bundle|ability: Quark Drive\n|-start|p1a: Iron Bundle|quarkdrivespe\n|move|p2a: Kyogre|Ice Beam|p1a: Iron Bundle\n|-resisted|p1a: Iron Bundle\n|-damage|p1a: Iron Bundle|87\/100\n|\n|-weather|RainDance|[upkeep]\n|upkeep\n|turn|6\n|\n|t:|1699624413\n|move|p1a: Iron Bundle|Freeze-Dry|p2a: Kyogre\n|-supereffective|p2a: Kyogre\n|-damage|p2a: Kyogre|0 fnt\n|faint|p2a: Kyogre\n|\n|-weather|RainDance|[upkeep]\n|upkeep\n|\n|t:|1699624416\n|switch|p2a: Roaring Moon|Roaring Moon|88\/100 brn\n|-damage|p2a: Roaring Moon|76\/100 brn|[from] Stealth Rock\n|-damage|p2a: Roaring Moon|63\/100 brn|[from] Spikes\n|turn|7\n|\n|t:|1699624420\n|-terastallize|p2a: Roaring Moon|Steel\n|move|p1a: Iron Bundle|Freeze-Dry|p2a: Roaring Moon\n|-resisted|p2a: Roaring Moon\n|-damage|p2a: Roaring Moon|39\/100 brn\n|move|p2a: Roaring Moon|Iron Head|p1a: Iron Bundle\n|-damage|p1a: Iron Bundle|59\/100\n|\n|-weather|RainDance|[upkeep]\n|-damage|p2a: Roaring Moon|32\/100 brn|[from] brn\n|upkeep\n|turn|8\n|\n|t:|1699624430\n|-end|p1a: Iron Bundle|Quark Drive|[silent]\n|switch|p1a: Iron Treads|Iron Treads|100\/100\n|-activate|p1a: Iron Treads|ability: Quark Drive\n|-start|p1a: Iron Treads|quarkdrivespe\n|move|p2a: Roaring Moon|Iron Head|p1a: Iron Treads\n|-resisted|p1a: Iron Treads\n|-damage|p1a: Iron Treads|90\/100\n|\n|-weather|RainDance|[upkeep]\n|-damage|p2a: Roaring Moon|26\/100 brn|[from] brn\n|-fieldend|move: Electric Terrain\n|-end|p1a: Iron Treads|Quark Drive\n|upkeep\n|turn|9\n|\n|t:|1699624436\n|move|p2a: Roaring Moon|Iron Head|p1a: Iron Treads\n|-resisted|p1a: Iron Treads\n|-damage|p1a: Iron Treads|79\/100\n|move|p1a: Iron Treads|Volt Switch|p2a: Roaring Moon\n|-damage|p2a: Roaring Moon|16\/100 brn\n|\n|t:|1699624439\n|-end|p1a: Iron Treads|Quark Drive|[silent]\n|switch|p1a: Miraidon|Miraidon|50\/100|[from] Volt Switch\n|-fieldstart|move: Electric Terrain|[from] ability: Hadron Engine|[of] p1a: Miraidon\n|\n|-weather|RainDance|[upkeep]\n|-heal|p1a: Miraidon|57\/100|[from] item: Leftovers\n|-damage|p2a: Roaring Moon|10\/100 brn|[from] brn\n|upkeep\n|turn|10\n|\n|t:|1699624444\n|switch|p1a: Iron Treads|Iron Treads|79\/100\n|-activate|p1a: Iron Treads|ability: Quark Drive\n|-start|p1a: Iron Treads|quarkdrivespe\n|move|p2a: Roaring Moon|Iron Head|p1a: Iron Treads\n|-resisted|p1a: Iron Treads\n|-damage|p1a: Iron Treads|68\/100\n|\n|-weather|none\n|-damage|p2a: Roaring Moon|4\/100 brn|[from] brn\n|upkeep\n|turn|11\n|\n|t:|1699624451\n|move|p1a: Iron Treads|Knock Off|p2a: Roaring Moon\n|-damage|p2a: Roaring Moon|0 fnt\n|-enditem|p2a: Roaring Moon|Choice Scarf|[from] move: Knock Off|[of] p1a: Iron Treads\n|faint|p2a: Roaring Moon\n|-end|p2a: Roaring Moon|Protosynthesis|[silent]\n|\n|upkeep\n|\n|t:|1699624454\n|switch|p2a: Arceus|Arceus-Ground|100\/100\n|-damage|p2a: Arceus|94\/100|[from] Stealth Rock\n|-damage|p2a: Arceus|82\/100|[from] Spikes\n|turn|12\n|\n|t:|1699624460\n|move|p1a: Iron Treads|Earthquake|p2a: Arceus\n|-damage|p2a: Arceus|57\/100\n|move|p2a: Arceus|Judgment|p1a: Iron Treads\n|-supereffective|p1a: Iron Treads\n|-damage|p1a: Iron Treads|0 fnt\n|faint|p1a: Iron Treads\n|-end|p1a: Iron Treads|Quark Drive|[silent]\n|\n|upkeep\n|inactive|Battle timer is ON: inactive players will automatically lose when time's up. (requested by geefeeee)\n|\n|t:|1699624467\n|switch|p1a: Iron Bundle|Iron Bundle, shiny|59\/100\n|-activate|p1a: Iron Bundle|ability: Quark Drive\n|-start|p1a: Iron Bundle|quarkdrivespe\n|turn|13\n|\n|t:|1699624473\n|move|p1a: Iron Bundle|Freeze-Dry|p2a: Arceus\n|-supereffective|p2a: Arceus\n|-damage|p2a: Arceus|0 fnt\n|faint|p2a: Arceus\n|\n|-fieldend|move: Electric Terrain\n|-end|p1a: Iron Bundle|Quark Drive\n|upkeep\n|\n|t:|1699624479\n|switch|p2a: Palkia|Palkia-Origin|100\/100\n|-damage|p2a: Palkia|88\/100|[from] Stealth Rock\n|-damage|p2a: Palkia|76\/100|[from] Spikes\n|-ability|p2a: Palkia|Pressure\n|turn|14\n|\n|t:|1699624483\n|move|p1a: Iron Bundle|Freeze-Dry|p2a: Palkia\n|-supereffective|p2a: Palkia\n|-damage|p2a: Palkia|0 fnt\n|faint|p2a: Palkia\n|\n|upkeep\n|\n|t:|1699624486\n|switch|p2a: Zacian|Zacian|100\/100\n|-damage|p2a: Zacian|88\/100|[from] Stealth Rock\n|-damage|p2a: Zacian|76\/100|[from] Spikes\n|-ability|p2a: Zacian|Intrepid Sword|boost\n|-boost|p2a: Zacian|atk|1\n|turn|15\n|\n|t:|1699624493\n|-end|p1a: Iron Bundle|Quark Drive|[silent]\n|switch|p1a: Miraidon|Miraidon|57\/100\n|-fieldstart|move: Electric Terrain|[from] ability: Hadron Engine|[of] p1a: Miraidon\n|move|p2a: Zacian|Play Rough|p1a: Miraidon\n|-supereffective|p1a: Miraidon\n|-damage|p1a: Miraidon|0 fnt\n|faint|p1a: Miraidon\n|\n|upkeep\n|\n|t:|1699624497\n|switch|p1a: Iron Bundle|Iron Bundle, shiny|59\/100\n|-activate|p1a: Iron Bundle|ability: Quark Drive\n|-start|p1a: Iron Bundle|quarkdrivespe\n|turn|16\n|\n|t:|1699624507\n|-terastallize|p1a: Iron Bundle|Ice\n|move|p1a: Iron Bundle|Freeze-Dry|p2a: Zacian\n|-damage|p2a: Zacian|10\/100\n|move|p2a: Zacian|Play Rough|p1a: Iron Bundle\n|-damage|p1a: Iron Bundle|0 fnt\n|faint|p1a: Iron Bundle\n|-end|p1a: Iron Bundle|Quark Drive|[silent]\n|\n|upkeep\n|\n|t:|1699624516\n|switch|p1a: Arceus|Arceus|100\/100\n|turn|17\n|\n|t:|1699624519\n|move|p1a: Arceus|Extreme Speed|p2a: Zacian\n|-damage|p2a: Zacian|0 fnt\n|faint|p2a: Zacian\n|\n|upkeep\n|\n|t:|1699624521\n|switch|p2a: Basculegion|Basculegion, M|100\/100\n|-damage|p2a: Basculegion|88\/100|[from] Stealth Rock\n|-damage|p2a: Basculegion|76\/100|[from] Spikes\n|turn|18\n|\n|t:|1699624527\n|switch|p1a: Groudon|Groudon|69\/100\n|-weather|SunnyDay|[from] ability: Drought|[of] p1a: Groudon\n|move|p2a: Basculegion|Rain Dance|p2a: Basculegion\n|-weather|RainDance\n|\n|-weather|RainDance|[upkeep]\n|-heal|p1a: Groudon|75\/100|[from] item: Leftovers\n|upkeep\n|turn|19\n|\n|t:|1699624537\n|move|p2a: Basculegion|Last Respects|p1a: Groudon\n|-damage|p1a: Groudon|1\/100\n|move|p1a: Groudon|Will-O-Wisp|p2a: Basculegion\n|-status|p2a: Basculegion|brn\n|\n|-weather|RainDance|[upkeep]\n|-heal|p1a: Groudon|7\/100|[from] item: Leftovers\n|-damage|p2a: Basculegion|69\/100 brn|[from] brn\n|-fieldend|move: Electric Terrain\n|upkeep\n|turn|20\n|c|\u2606i liek pink mawns|GROUDON THE GOATTTTTT\n|\n|t:|1699624553\n|move|p2a: Basculegion|Wave Crash|p1a: Groudon\n|-supereffective|p1a: Groudon\n|-damage|p1a: Groudon|0 fnt\n|faint|p1a: Groudon\n|-damage|p2a: Basculegion|67\/100 brn|[from] Recoil\n|\n|-weather|RainDance|[upkeep]\n|-damage|p2a: Basculegion|61\/100 brn|[from] brn\n|upkeep\n|\n|t:|1699624556\n|switch|p1a: Gholdengo|Gholdengo|100\/100\n|-item|p1a: Gholdengo|Air Balloon\n|turn|21\n|\n|t:|1699624572\n|move|p2a: Basculegion|Last Respects|p1a: Gholdengo\n|-supereffective|p1a: Gholdengo\n|-damage|p1a: Gholdengo|0 fnt\n|-enditem|p1a: Gholdengo|Air Balloon\n|faint|p1a: Gholdengo\n|\n|-weather|RainDance|[upkeep]\n|-damage|p2a: Basculegion|55\/100 brn|[from] brn\n|upkeep\n|c|\u2606i liek pink mawns|GROUDON THE MFING GOAT\n|\n|t:|1699624576\n|switch|p1a: Arceus|Arceus|100\/100\n|turn|22\n|\n|t:|1699624580\n|move|p2a: Basculegion|Wave Crash|p1a: Arceus\n|-crit|p1a: Arceus\n|-damage|p1a: Arceus|42\/100\n|-damage|p2a: Basculegion|35\/100 brn|[from] Recoil\n|move|p1a: Arceus|Shadow Claw|p2a: Basculegion\n|-supereffective|p2a: Basculegion\n|-damage|p2a: Basculegion|0 fnt\n|faint|p2a: Basculegion\n|\n|win|i liek pink mawns\n|raw|i liek pink mawns's rating: 1222 &rarr; <strong>1248<\/strong><br \/>(+26 for winning)\n|raw|geefeeee's rating: 1233 &rarr; <strong>1207<\/strong><br \/>(-26 for losing)\n|c|\u2606i liek pink mawns|gg\n","uploadtime":1699624589,"views":7,"p1id":"iliekpinkmawns","p2id":"geefeeee","formatid":"gen9ubers","rating":1207,"private":0,"password":""}