{"id":"gen9ubers-1982495408","p1":"ashfqwer","p2":"OreoSpeedruns","format":"[Gen 9] Ubers","log":"|j|\u2606ashfqwer\n|j|\u2606OreoSpeedruns\n|t:|1699020208\n|gametype|singles\n|player|p1|ashfqwer|lusamine-nihilego|\n|player|p2|OreoSpeedruns|hilbert-masters|\n|teamsize|p1|6\n|teamsize|p2|6\n|gen|9\n|tier|[Gen 9] Ubers\n|rated|Tournament battle\n|rule|Sleep Clause Mod: Limit one foe put to sleep\n|rule|Species Clause: Limit one of each Pok\u00e9mon\n|rule|OHKO Clause: OHKO moves are banned\n|rule|Evasion Items Clause: Evasion items are banned\n|rule|Evasion Moves Clause: Evasion moves are banned\n|rule|Endless Battle Clause: Forcing endless battles is banned\n|rule|HP Percentage Mod: HP is shown in percentages\n|clearpoke\n|poke|p1|Koraidon|\n|poke|p1|Walking Wake|\n|poke|p1|Ting-Lu|\n|poke|p1|Toxapex, F|\n|poke|p1|Arceus-Fairy|\n|poke|p1|Corviknight, F|\n|poke|p2|Koraidon|\n|poke|p2|Flutter Mane|\n|poke|p2|Giratina-Origin|\n|poke|p2|Arceus-Steel|\n|poke|p2|Alomomola, F|\n|poke|p2|Ting-Lu|\n|teampreview\n|inactive|Battle timer is ON: inactive players will automatically lose when time's up. (requested by ashfqwer)\n|\n|t:|1699020219\n|start\n|switch|p1a: Koraidon|Koraidon|100\/100\n|switch|p2a: Koraidon|Koraidon|100\/100\n|-weather|SunnyDay|[from] ability: Orichalcum Pulse|[of] p2a: Koraidon\n|-activate|p2a: Koraidon|Orichalcum Pulse|[source]\n|-activate|p1a: Koraidon|ability: Orichalcum Pulse\n|turn|1\n|\n|t:|1699020224\n|switch|p1a: Toxapex|Toxapex, F|100\/100\n|move|p2a: Koraidon|U-turn|p1a: Toxapex\n|-resisted|p1a: Toxapex\n|-damage|p1a: Toxapex|90\/100\n|-damage|p2a: Koraidon|84\/100|[from] item: Rocky Helmet|[of] p1a: Toxapex\n|\n|t:|1699020228\n|switch|p2a: Arceus|Arceus-Steel|100\/100|[from] U-turn\n|\n|-weather|SunnyDay|[upkeep]\n|upkeep\n|turn|2\n|\n|t:|1699020232\n|switch|p1a: Koraidon|Koraidon|100\/100\n|-activate|p1a: Koraidon|ability: Orichalcum Pulse\n|move|p2a: Arceus|Stealth Rock|p1a: Koraidon\n|-sidestart|p1: ashfqwer|move: Stealth Rock\n|\n|-weather|SunnyDay|[upkeep]\n|upkeep\n|turn|3\n|\n|t:|1699020235\n|switch|p2a: Alomomola|Alomomola, F|100\/100\n|move|p1a: Koraidon|U-turn|p2a: Alomomola\n|-damage|p2a: Alomomola|81\/100\n|-damage|p1a: Koraidon|84\/100|[from] item: Rocky Helmet|[of] p2a: Alomomola\n|\n|t:|1699020238\n|switch|p1a: Walking Wake|Walking Wake|100\/100|[from] U-turn\n|-damage|p1a: Walking Wake|88\/100|[from] Stealth Rock\n|-activate|p1a: Walking Wake|ability: Protosynthesis\n|-start|p1a: Walking Wake|protosynthesisspe\n|\n|-weather|SunnyDay|[upkeep]\n|upkeep\n|turn|4\n|\n|t:|1699020246\n|move|p2a: Alomomola|Protect|p2a: Alomomola\n|-singleturn|p2a: Alomomola|Protect\n|move|p1a: Walking Wake|Hydro Steam|p2a: Alomomola\n|-activate|p2a: Alomomola|move: Protect\n|\n|-weather|SunnyDay|[upkeep]\n|upkeep\n|turn|5\n|\n|t:|1699020255\n|-terastallize|p1a: Walking Wake|Water\n|move|p1a: Walking Wake|Hydro Steam|p2a: Alomomola\n|-resisted|p2a: Alomomola\n|-damage|p2a: Alomomola|10\/100\n|move|p2a: Alomomola|Wish|p2a: Alomomola\n|\n|-weather|none\n|-end|p1a: Walking Wake|Protosynthesis\n|upkeep\n|turn|6\n|\n|t:|1699020279\n|-end|p1a: Walking Wake|Protosynthesis|[silent]\n|switch|p1a: Corviknight|Corviknight, F|100\/100\n|-damage|p1a: Corviknight|88\/100|[from] Stealth Rock\n|-ability|p1a: Corviknight|Pressure\n|move|p2a: Alomomola|Protect||[still]\n|-fail|p2a: Alomomola\n|\n|-heal|p2a: Alomomola|60\/100|[from] move: Wish|[wisher] Alomomola\n|-heal|p1a: Corviknight|94\/100|[from] item: Leftovers\n|upkeep\n|turn|7\n|\n|t:|1699020285\n|move|p1a: Corviknight|Defog|p2a: Alomomola\n|-unboost|p2a: Alomomola|evasion|1\n|-sideend|p1: ashfqwer|Stealth Rock|[from] move: Defog|[of] p1a: Corviknight\n|move|p2a: Alomomola|Wish|p2a: Alomomola\n|\n|-heal|p1a: Corviknight|100\/100|[from] item: Leftovers\n|upkeep\n|turn|8\n|\n|t:|1699020290\n|move|p1a: Corviknight|U-turn|p2a: Alomomola\n|-damage|p2a: Alomomola|53\/100\n|-damage|p1a: Corviknight|84\/100|[from] item: Rocky Helmet|[of] p2a: Alomomola\n|\n|t:|1699020293\n|switch|p1a: Toxapex|Toxapex, F|100\/100|[from] U-turn\n|move|p2a: Alomomola|Flip Turn|p1a: Toxapex\n|-resisted|p1a: Toxapex\n|-damage|p1a: Toxapex|95\/100\n|-damage|p2a: Alomomola|36\/100|[from] item: Rocky Helmet|[of] p1a: Toxapex\n|\n|t:|1699020308\n|switch|p2a: Koraidon|Koraidon|84\/100|[from] Flip Turn\n|-weather|SunnyDay|[from] ability: Orichalcum Pulse|[of] p2a: Koraidon\n|-activate|p2a: Koraidon|Orichalcum Pulse|[source]\n|\n|-weather|SunnyDay|[upkeep]\n|-heal|p2a: Koraidon|100\/100|[from] move: Wish|[wisher] Alomomola\n|upkeep\n|turn|9\n|\n|t:|1699020315\n|switch|p2a: Arceus|Arceus-Steel|100\/100\n|move|p1a: Toxapex|Chilling Water|p2a: Arceus\n|-damage|p2a: Arceus|98\/100\n|-unboost|p2a: Arceus|atk|1\n|\n|-weather|SunnyDay|[upkeep]\n|upkeep\n|turn|10\n|\n|t:|1699020320\n|switch|p1a: Koraidon|Koraidon|84\/100\n|-activate|p1a: Koraidon|ability: Orichalcum Pulse\n|move|p2a: Arceus|Stealth Rock|p1a: Koraidon\n|-sidestart|p1: ashfqwer|move: Stealth Rock\n|\n|-weather|SunnyDay|[upkeep]\n|upkeep\n|turn|11\n|\n|t:|1699020327\n|move|p1a: Koraidon|Collision Course|p2a: Arceus\n|-supereffective|p2a: Arceus\n|-damage|p2a: Arceus|4\/100\n|move|p2a: Arceus|Will-O-Wisp|p1a: Koraidon\n|-status|p1a: Koraidon|brn\n|\n|-weather|SunnyDay|[upkeep]\n|-damage|p1a: Koraidon|78\/100 brn|[from] brn\n|upkeep\n|turn|12\n|\n|t:|1699020335\n|switch|p1a: Walking Wake|Walking Wake, tera:Water|88\/100\n|-damage|p1a: Walking Wake|76\/100|[from] Stealth Rock\n|-activate|p1a: Walking Wake|ability: Protosynthesis\n|-start|p1a: Walking Wake|protosynthesisspe\n|switch|p2a: Alomomola|Alomomola, F|69\/100\n|\n|-weather|none\n|-end|p1a: Walking Wake|Protosynthesis\n|upkeep\n|turn|13\n|j| whack teams\n|l| whack teams\n|\n|t:|1699020353\n|-end|p1a: Walking Wake|Protosynthesis|[silent]\n|switch|p1a: Arceus|Arceus-Fairy|100\/100\n|-damage|p1a: Arceus|88\/100|[from] Stealth Rock\n|move|p2a: Alomomola|Wish|p2a: Alomomola\n|\n|upkeep\n|turn|14\n|\n|t:|1699020357\n|move|p1a: Arceus|Stealth Rock|p2a: Alomomola\n|-sidestart|p2: OreoSpeedruns|move: Stealth Rock\n|move|p2a: Alomomola|Flip Turn|p1a: Arceus\n|-damage|p1a: Arceus|79\/100\n|\n|t:|1699020366\n|switch|p2a: Giratina|Giratina-Origin, shiny|100\/100|[from] Flip Turn\n|-damage|p2a: Giratina|88\/100|[from] Stealth Rock\n|\n|-heal|p2a: Giratina|100\/100|[from] move: Wish|[wisher] Alomomola\n|upkeep\n|turn|15\n|\n|t:|1699020370\n|move|p1a: Arceus|Judgment|p2a: Giratina\n|-supereffective|p2a: Giratina\n|-damage|p2a: Giratina|31\/100\n|move|p2a: Giratina|Defog|p1a: Arceus\n|-unboost|p1a: Arceus|evasion|1\n|-sideend|p1: ashfqwer|Stealth Rock|[from] move: Defog|[of] p2a: Giratina\n|-sideend|p2: OreoSpeedruns|Stealth Rock|[from] move: Defog|[of] p2a: Giratina\n|\n|upkeep\n|turn|16\n|\n|t:|1699020377\n|switch|p2a: Arceus|Arceus-Steel|4\/100\n|move|p1a: Arceus|Stealth Rock|p2a: Arceus\n|-sidestart|p2: OreoSpeedruns|move: Stealth Rock\n|\n|upkeep\n|turn|17\n|\n|t:|1699020383\n|move|p1a: Arceus|Judgment|p2a: Arceus\n|-resisted|p2a: Arceus\n|-crit|p2a: Arceus\n|-damage|p2a: Arceus|0 fnt\n|faint|p2a: Arceus\n|\n|upkeep\n|\n|t:|1699020388\n|switch|p2a: Koraidon|Koraidon|100\/100\n|-damage|p2a: Koraidon|94\/100|[from] Stealth Rock\n|-weather|SunnyDay|[from] ability: Orichalcum Pulse|[of] p2a: Koraidon\n|-activate|p2a: Koraidon|Orichalcum Pulse|[source]\n|turn|18\n|\n|t:|1699020391\n|switch|p1a: Toxapex|Toxapex, F|100\/100\n|move|p2a: Koraidon|U-turn|p1a: Toxapex\n|-resisted|p1a: Toxapex\n|-damage|p1a: Toxapex|91\/100\n|-damage|p2a: Koraidon|78\/100|[from] item: Rocky Helmet|[of] p1a: Toxapex\n|\n|t:|1699020394\n|switch|p2a: Flutter Mane|Flutter Mane|100\/100|[from] U-turn\n|-damage|p2a: Flutter Mane|88\/100|[from] Stealth Rock\n|-activate|p2a: Flutter Mane|ability: Protosynthesis\n|-start|p2a: Flutter Mane|protosynthesisspe\n|\n|-weather|SunnyDay|[upkeep]\n|upkeep\n|turn|19\n|\n|t:|1699020398\n|move|p2a: Flutter Mane|Taunt|p1a: Toxapex\n|-start|p1a: Toxapex|move: Taunt\n|cant|p1a: Toxapex|move: Taunt|Toxic\n|\n|-weather|SunnyDay|[upkeep]\n|upkeep\n|turn|20\n|\n|t:|1699020405\n|switch|p1a: Ting-Lu|Ting-Lu|100\/100\n|-ability|p1a: Ting-Lu|Vessel of Ruin\n|move|p2a: Flutter Mane|Shadow Ball|p1a: Ting-Lu\n|-resisted|p1a: Ting-Lu\n|-damage|p1a: Ting-Lu|89\/100\n|-damage|p2a: Flutter Mane|78\/100|[from] item: Life Orb\n|\n|-weather|SunnyDay|[upkeep]\n|-heal|p1a: Ting-Lu|96\/100|[from] item: Leftovers\n|upkeep\n|turn|21\n|\n|t:|1699020408\n|-end|p2a: Flutter Mane|Protosynthesis|[silent]\n|switch|p2a: Giratina|Giratina-Origin, shiny|31\/100\n|-damage|p2a: Giratina|19\/100|[from] Stealth Rock\n|move|p1a: Ting-Lu|Earthquake|p2a: Giratina\n|-immune|p2a: Giratina|[from] ability: Levitate\n|\n|-weather|SunnyDay|[upkeep]\n|-heal|p1a: Ting-Lu|100\/100|[from] item: Leftovers\n|upkeep\n|turn|22\n|\n|t:|1699020413\n|switch|p1a: Arceus|Arceus-Fairy|79\/100\n|move|p2a: Giratina|Defog|p1a: Arceus\n|-unboost|p1a: Arceus|evasion|1\n|-sideend|p2: OreoSpeedruns|Stealth Rock|[from] move: Defog|[of] p2a: Giratina\n|\n|-weather|none\n|upkeep\n|turn|23\n|\n|t:|1699020415\n|switch|p2a: Flutter Mane|Flutter Mane|78\/100\n|move|p1a: Arceus|Stealth Rock|p2a: Flutter Mane\n|-sidestart|p2: OreoSpeedruns|move: Stealth Rock\n|\n|upkeep\n|turn|24\n|\n|t:|1699020420\n|switch|p1a: Toxapex|Toxapex, F|100\/100\n|move|p2a: Flutter Mane|Moonblast|p1a: Toxapex\n|-resisted|p1a: Toxapex\n|-damage|p1a: Toxapex|71\/100\n|-damage|p2a: Flutter Mane|68\/100|[from] item: Life Orb\n|\n|upkeep\n|turn|25\n|\n|t:|1699020423\n|move|p2a: Flutter Mane|Moonblast|p1a: Toxapex\n|-resisted|p1a: Toxapex\n|-crit|p1a: Toxapex\n|-damage|p1a: Toxapex|26\/100\n|-damage|p2a: Flutter Mane|58\/100|[from] item: Life Orb\n|move|p1a: Toxapex|Chilling Water|p2a: Flutter Mane\n|-damage|p2a: Flutter Mane|47\/100\n|-unboost|p2a: Flutter Mane|atk|1\n|\n|upkeep\n|turn|26\n|\n|t:|1699020427\n|switch|p1a: Corviknight|Corviknight, F|84\/100\n|-ability|p1a: Corviknight|Pressure\n|move|p2a: Flutter Mane|Moonblast|p1a: Corviknight\n|-resisted|p1a: Corviknight\n|-damage|p1a: Corviknight|57\/100\n|-damage|p2a: Flutter Mane|37\/100|[from] item: Life Orb\n|\n|-heal|p1a: Corviknight|63\/100|[from] item: Leftovers\n|upkeep\n|turn|27\n|\n|t:|1699020431\n|switch|p1a: Ting-Lu|Ting-Lu|100\/100\n|-ability|p1a: Ting-Lu|Vessel of Ruin\n|move|p2a: Flutter Mane|Shadow Ball|p1a: Ting-Lu\n|-resisted|p1a: Ting-Lu\n|-damage|p1a: Ting-Lu|90\/100\n|-damage|p2a: Flutter Mane|27\/100|[from] item: Life Orb\n|\n|-heal|p1a: Ting-Lu|96\/100|[from] item: Leftovers\n|upkeep\n|turn|28\n|\n|t:|1699020433\n|move|p2a: Flutter Mane|Moonblast|p1a: Ting-Lu\n|-supereffective|p1a: Ting-Lu\n|-damage|p1a: Ting-Lu|38\/100\n|-unboost|p1a: Ting-Lu|spa|1\n|-damage|p2a: Flutter Mane|17\/100|[from] item: Life Orb\n|move|p1a: Ting-Lu|Earthquake|p2a: Flutter Mane\n|-damage|p2a: Flutter Mane|0 fnt\n|faint|p2a: Flutter Mane\n|-end|p2a: Flutter Mane|Protosynthesis|[silent]\n|\n|-heal|p1a: Ting-Lu|44\/100|[from] item: Leftovers\n|upkeep\n|\n|t:|1699020439\n|switch|p2a: Koraidon|Koraidon|78\/100\n|-damage|p2a: Koraidon|72\/100|[from] Stealth Rock\n|-weather|SunnyDay|[from] ability: Orichalcum Pulse|[of] p2a: Koraidon\n|-activate|p2a: Koraidon|Orichalcum Pulse|[source]\n|turn|29\n|\n|t:|1699020442\n|switch|p1a: Toxapex|Toxapex, F|60\/100\n|move|p2a: Koraidon|U-turn|p1a: Toxapex\n|-resisted|p1a: Toxapex\n|-damage|p1a: Toxapex|49\/100\n|-damage|p2a: Koraidon|55\/100|[from] item: Rocky Helmet|[of] p1a: Toxapex\n|\n|t:|1699020444\n|switch|p2a: Giratina|Giratina-Origin, shiny|19\/100|[from] U-turn\n|-damage|p2a: Giratina|6\/100|[from] Stealth Rock\n|\n|-weather|SunnyDay|[upkeep]\n|upkeep\n|turn|30\n|\n|t:|1699020447\n|switch|p1a: Arceus|Arceus-Fairy|79\/100\n|move|p2a: Giratina|Poltergeist|p1a: Arceus\n|-activate|p1a: Arceus|move: Poltergeist|Pixie Plate\n|-damage|p1a: Arceus|42\/100\n|\n|-weather|SunnyDay|[upkeep]\n|upkeep\n|turn|31\n|\n|t:|1699020451\n|move|p1a: Arceus|Judgment|p2a: Giratina\n|-supereffective|p2a: Giratina\n|-damage|p2a: Giratina|0 fnt\n|faint|p2a: Giratina\n|\n|-weather|SunnyDay|[upkeep]\n|upkeep\n|\n|t:|1699020452\n|switch|p2a: Koraidon|Koraidon|55\/100\n|-damage|p2a: Koraidon|49\/100|[from] Stealth Rock\n|-activate|p2a: Koraidon|ability: Orichalcum Pulse\n|turn|32\n|\n|t:|1699020455\n|switch|p1a: Toxapex|Toxapex, F|82\/100\n|move|p2a: Koraidon|Flare Blitz|p1a: Toxapex\n|-resisted|p1a: Toxapex\n|-damage|p1a: Toxapex|58\/100\n|-damage|p2a: Koraidon|33\/100|[from] item: Rocky Helmet|[of] p1a: Toxapex\n|-damage|p2a: Koraidon|26\/100|[from] Recoil\n|\n|-weather|SunnyDay|[upkeep]\n|upkeep\n|turn|33\n|\n|t:|1699020457\n|move|p2a: Koraidon|Flare Blitz|p1a: Toxapex\n|-resisted|p1a: Toxapex\n|-damage|p1a: Toxapex|33\/100\n|-status|p1a: Toxapex|brn\n|-damage|p2a: Koraidon|9\/100|[from] item: Rocky Helmet|[of] p1a: Toxapex\n|-damage|p2a: Koraidon|2\/100|[from] Recoil\n|move|p1a: Toxapex|Recover|p1a: Toxapex\n|-heal|p1a: Toxapex|83\/100 brn\n|\n|-weather|none\n|-damage|p1a: Toxapex|77\/100 brn|[from] brn\n|upkeep\n|turn|34\n|c|\u2606OreoSpeedruns|wow\n|c|\u2606OreoSpeedruns|i played garbage\n|c|\u2606OreoSpeedruns|gg\n|-message|OreoSpeedruns forfeited.\n|\n|win|ashfqwer\n|n|\u2606ashfqwer|ashfqwer\n|n|\u2606OreoSpeedruns|oreospeedruns\n|c|\u2606ashfqwer|gg\n|l|\u2606OreoSpeedruns\n","uploadtime":1699020480,"views":20,"p1id":"ashfqwer","p2id":"oreospeedruns","formatid":"gen9ubers","rating":0,"private":0,"password":""}