{"id":"gen9ubers-1980804305","p1":"Bobae","p2":"puissance du feu","format":"[Gen 9] Ubers","log":"|j|\u2606Bobae\n|j|\u2606puissance du feu\n|t:|1698835947\n|gametype|singles\n|player|p1|Bobae|1|1331\n|player|p2|puissance du feu|blackbelt|1631\n|teamsize|p1|6\n|teamsize|p2|6\n|gen|9\n|tier|[Gen 9] Ubers\n|rated|\n|rule|Sleep Clause Mod: Limit one foe put to sleep\n|rule|Species Clause: Limit one of each Pok\u00e9mon\n|rule|OHKO Clause: OHKO moves are banned\n|rule|Evasion Items Clause: Evasion items are banned\n|rule|Evasion Moves Clause: Evasion moves are banned\n|rule|Endless Battle Clause: Forcing endless battles is banned\n|rule|HP Percentage Mod: HP is shown in percentages\n|clearpoke\n|poke|p1|Groudon|\n|poke|p1|Kyogre|\n|poke|p1|Flutter Mane|\n|poke|p1|Arceus-Fairy|\n|poke|p1|Zacian-*|\n|poke|p1|Rayquaza|\n|poke|p2|Arceus|\n|poke|p2|Mewtwo|\n|poke|p2|Koraidon|\n|poke|p2|Giratina-Origin|\n|poke|p2|Ditto|\n|poke|p2|Miraidon|\n|teampreview\n|inactive|Battle timer is ON: inactive players will automatically lose when time's up. (requested by puissance du feu)\n|\n|t:|1698835971\n|start\n|switch|p1a: Flutter Mane|Flutter Mane|100\/100\n|switch|p2a: Miraidon|Miraidon|100\/100\n|-fieldstart|move: Electric Terrain|[from] ability: Hadron Engine|[of] p2a: Miraidon\n|-enditem|p1a: Flutter Mane|Booster Energy\n|-activate|p1a: Flutter Mane|ability: Protosynthesis|[fromitem]\n|-start|p1a: Flutter Mane|protosynthesisspe\n|turn|1\n|j| LightningSword6354\n|\n|t:|1698835977\n|move|p1a: Flutter Mane|Moonblast|p2a: Miraidon\n|-supereffective|p2a: Miraidon\n|-damage|p2a: Miraidon|7\/100\n|move|p2a: Miraidon|Volt Switch|p1a: Flutter Mane\n|-damage|p1a: Flutter Mane|34\/100\n|l| LightningSword6354\n|\n|t:|1698835989\n|switch|p2a: Giratina|Giratina-Origin|100\/100|[from] Volt Switch\n|\n|upkeep\n|turn|2\n|\n|t:|1698835994\n|move|p2a: Giratina|Shadow Sneak|p1a: Flutter Mane\n|-supereffective|p1a: Flutter Mane\n|-damage|p1a: Flutter Mane|0 fnt\n|faint|p1a: Flutter Mane\n|-end|p1a: Flutter Mane|Protosynthesis|[silent]\n|\n|upkeep\n|\n|t:|1698836000\n|switch|p1a: Arceus|Arceus-Fairy|100\/100\n|turn|3\n|\n|t:|1698836010\n|switch|p2a: Miraidon|Miraidon|7\/100\n|-activate|p2a: Miraidon|ability: Hadron Engine\n|move|p1a: Arceus|Judgment|p2a: Miraidon\n|-supereffective|p2a: Miraidon\n|-damage|p2a: Miraidon|0 fnt\n|faint|p2a: Miraidon\n|\n|upkeep\n|\n|t:|1698836019\n|switch|p2a: Mewtwo|Mewtwo|100\/100\n|-ability|p2a: Mewtwo|Pressure\n|turn|4\n|\n|t:|1698836024\n|move|p2a: Mewtwo|Nasty Plot|p2a: Mewtwo\n|-boost|p2a: Mewtwo|spa|2\n|move|p1a: Arceus|Calm Mind|p1a: Arceus\n|-boost|p1a: Arceus|spa|1\n|-boost|p1a: Arceus|spd|1\n|\n|upkeep\n|turn|5\n|inactive|Bobae has 120 seconds left.\n|inactive|Bobae has 90 seconds left.\n|\n|t:|1698836101\n|move|p2a: Mewtwo|Psystrike|p1a: Arceus\n|-damage|p1a: Arceus|22\/100\n|move|p1a: Arceus|Calm Mind|p1a: Arceus\n|-boost|p1a: Arceus|spa|1\n|-boost|p1a: Arceus|spd|1\n|\n|-fieldend|move: Electric Terrain\n|upkeep\n|turn|6\n|\n|t:|1698836112\n|move|p2a: Mewtwo|Psystrike|p1a: Arceus\n|-damage|p1a: Arceus|0 fnt\n|faint|p1a: Arceus\n|\n|upkeep\n|\n|t:|1698836114\n|switch|p1a: Zacian|Zacian-Crowned|100\/100\n|-ability|p1a: Zacian|Intrepid Sword|boost\n|-boost|p1a: Zacian|atk|1\n|turn|7\n|inactive|puissance du feu has 120 seconds left.\n|\n|t:|1698836159\n|switch|p2a: Ditto|Ditto|100\/100\n|-transform|p2a: Ditto|p1a: Zacian|[from] ability: Imposter\n|-ability|p2a: Ditto|Intrepid Sword|boost\n|-boost|p2a: Ditto|atk|1\n|move|p1a: Zacian|Behemoth Blade|p2a: Ditto\n|-damage|p2a: Ditto|15\/100\n|\n|upkeep\n|turn|8\n|inactive|Bobae has 90 seconds left.\n|inactive|Bobae has 60 seconds left.\n|\n|t:|1698836204\n|switch|p1a: Groudon|Groudon|100\/100\n|-weather|SunnyDay|[from] ability: Drought|[of] p1a: Groudon\n|move|p2a: Ditto|Behemoth Blade|p1a: Groudon\n|-damage|p1a: Groudon|45\/100\n|\n|-weather|SunnyDay|[upkeep]\n|-heal|p1a: Groudon|51\/100|[from] item: Leftovers\n|upkeep\n|turn|9\n|inactive|puissance du feu has 120 seconds left.\n|inactive|Bobae has 60 seconds left.\n|\n|t:|1698836229\n|move|p2a: Ditto|Behemoth Blade|p1a: Groudon\n|-damage|p1a: Groudon|0 fnt\n|faint|p1a: Groudon\n|\n|-weather|SunnyDay|[upkeep]\n|upkeep\n|\n|t:|1698836232\n|switch|p1a: Rayquaza|Rayquaza, shiny|100\/100\n|-ability|p1a: Rayquaza|Air Lock\n|turn|10\n|inactive|Bobae has 60 seconds left.\n|\n|t:|1698836259\n|switch|p2a: Giratina|Giratina-Origin|100\/100\n|move|p1a: Rayquaza|Extreme Speed|p2a: Giratina\n|-immune|p2a: Giratina\n|\n|-weather|SunnyDay|[upkeep]\n|upkeep\n|turn|11\n|\n|t:|1698836276\n|switch|p1a: Zacian|Zacian-Crowned|100\/100\n|move|p2a: Giratina|Dragon Tail|p1a: Zacian\n|-immune|p1a: Zacian\n|\n|-weather|SunnyDay|[upkeep]\n|upkeep\n|turn|12\n|\n|t:|1698836282\n|move|p1a: Zacian|Play Rough|p2a: Giratina\n|-supereffective|p2a: Giratina\n|-damage|p2a: Giratina|33\/100\n|move|p2a: Giratina|Shadow Ball|p1a: Zacian\n|-damage|p1a: Zacian|51\/100\n|-unboost|p1a: Zacian|spd|1\n|\n|-weather|none\n|upkeep\n|turn|13\n|\n|t:|1698836294\n|move|p2a: Giratina|Shadow Sneak|p1a: Zacian\n|-damage|p1a: Zacian|34\/100\n|move|p1a: Zacian|Play Rough|p2a: Giratina\n|-supereffective|p2a: Giratina\n|-damage|p2a: Giratina|0 fnt\n|faint|p2a: Giratina\n|\n|upkeep\n|\n|t:|1698836303\n|switch|p2a: Ditto|Ditto|15\/100\n|-transform|p2a: Ditto|p1a: Zacian|[from] ability: Imposter\n|turn|14\n|\n|t:|1698836313\n|move|p2a: Ditto|Behemoth Blade|p1a: Zacian\n|-damage|p1a: Zacian|0 fnt\n|faint|p1a: Zacian\n|\n|upkeep\n|\n|t:|1698836314\n|switch|p1a: Rayquaza|Rayquaza, shiny|100\/100\n|-ability|p1a: Rayquaza|Air Lock\n|turn|15\n|\n|t:|1698836320\n|move|p1a: Rayquaza|Extreme Speed|p2a: Ditto\n|-resisted|p2a: Ditto\n|-damage|p2a: Ditto|0 fnt\n|faint|p2a: Ditto\n|\n|upkeep\n|\n|t:|1698836327\n|switch|p2a: Mewtwo|Mewtwo|100\/100\n|-ability|p2a: Mewtwo|Pressure\n|turn|16\n|inactive|Bobae has 90 seconds left.\n|inactive|Bobae has 60 seconds left.\n|\n|t:|1698836376\n|-terastallize|p1a: Rayquaza|Normal\n|move|p2a: Mewtwo|Psystrike|p1a: Rayquaza\n|-damage|p1a: Rayquaza|42\/100\n|move|p1a: Rayquaza|Swords Dance|p1a: Rayquaza\n|-boost|p1a: Rayquaza|atk|2\n|\n|upkeep\n|turn|17\n|\n|t:|1698836384\n|move|p1a: Rayquaza|Extreme Speed|p2a: Mewtwo\n|-crit|p2a: Mewtwo\n|-damage|p2a: Mewtwo|0 fnt\n|faint|p2a: Mewtwo\n|\n|upkeep\n|\n|t:|1698836400\n|switch|p2a: Arceus|Arceus|100\/100\n|turn|18\n|c|\u2606puissance du feu|Gg\n|\n|t:|1698836415\n|-terastallize|p2a: Arceus|Ghost\n|move|p1a: Rayquaza|Extreme Speed|p2a: Arceus\n|-immune|p2a: Arceus\n|move|p2a: Arceus|Extreme Speed|p1a: Rayquaza\n|-damage|p1a: Rayquaza|0 fnt\n|faint|p1a: Rayquaza\n|\n|upkeep\n|\n|t:|1698836417\n|switch|p1a: Kyogre|Kyogre|100\/100\n|-weather|RainDance|[from] ability: Drizzle|[of] p1a: Kyogre\n|turn|19\n|\n|t:|1698836424\n|move|p2a: Arceus|Extreme Speed|p1a: Kyogre\n|-damage|p1a: Kyogre|43\/100\n|move|p1a: Kyogre|Ice Beam|p2a: Arceus\n|-damage|p2a: Arceus|76\/100\n|\n|-weather|RainDance|[upkeep]\n|upkeep\n|turn|20\n|\n|t:|1698836429\n|move|p2a: Arceus|Extreme Speed|p1a: Kyogre\n|-damage|p1a: Kyogre|0 fnt\n|faint|p1a: Kyogre\n|\n|win|puissance du feu\n|raw|Bobae's rating: 1331 &rarr; <strong>1325<\/strong><br \/>(-6 for losing)\n|raw|puissance du feu's rating: 1631 &rarr; <strong>1637<\/strong><br \/>(+6 for winning)\n|l|\u2606Bobae\n","uploadtime":1698836439,"views":8,"p1id":"bobae","p2id":"puissancedufeu","formatid":"gen9ubers","rating":1325,"private":0,"password":""}