{"id":"gen9ubers-1968328398","p1":"Electricratman","p2":"The_beastgod12","format":"[Gen 9] Ubers","log":"|j|\u2606Electricratman\n|j|\u203dThe_beastgod12\n|t:|1697406626\n|gametype|singles\n|player|p1|Electricratman|1|\n|player|p2|The_beastgod12|hilbert|\n|teamsize|p1|6\n|teamsize|p2|6\n|gen|9\n|tier|[Gen 9] Ubers\n|rule|Sleep Clause Mod: Limit one foe put to sleep\n|rule|Species Clause: Limit one of each Pok\u00e9mon\n|rule|OHKO Clause: OHKO moves are banned\n|rule|Evasion Items Clause: Evasion items are banned\n|rule|Evasion Moves Clause: Evasion moves are banned\n|rule|Endless Battle Clause: Forcing endless battles is banned\n|rule|HP Percentage Mod: HP is shown in percentages\n|clearpoke\n|poke|p1|Weezing-Galar, M|\n|poke|p1|Rillaboom, M|\n|poke|p1|Greninja-*, M|\n|poke|p1|Magearna|\n|poke|p1|Hawlucha, M|\n|poke|p1|Thundurus-Therian, M|\n|poke|p2|Grimmsnarl, M|\n|poke|p2|Gardevoir, M|\n|poke|p2|Greedent, M|\n|poke|p2|Garchomp, M|\n|poke|p2|Landorus-Therian, M|\n|poke|p2|Milotic, F|\n|teampreview\n|\n|t:|1697406643\n|start\n|switch|p1a: Thundurus|Thundurus-Therian, M|100\/100\n|switch|p2a: Grimmsnarl|Grimmsnarl, M, shiny|100\/100\n|turn|1\n|\n|t:|1697406657\n|move|p2a: Grimmsnarl|Light Screen|p2a: Grimmsnarl\n|-sidestart|p2: The_beastgod12|move: Light Screen\n|move|p1a: Thundurus|Volt Switch|p2a: Grimmsnarl\n|-damage|p2a: Grimmsnarl|76\/100\n|\n|t:|1697406666\n|switch|p1a: Rillaboom|Rillaboom, M|100\/100|[from] Volt Switch\n|-fieldstart|move: Grassy Terrain|[from] ability: Grassy Surge|[of] p1a: Rillaboom\n|\n|-heal|p2a: Grimmsnarl|82\/100|[from] Grassy Terrain\n|upkeep\n|turn|2\n|\n|t:|1697406680\n|move|p2a: Grimmsnarl|Reflect|p2a: Grimmsnarl\n|-sidestart|p2: The_beastgod12|Reflect\n|move|p1a: Rillaboom|U-turn|p2a: Grimmsnarl\n|-damage|p2a: Grimmsnarl|67\/100\n|\n|t:|1697406691\n|switch|p1a: Hawlucha|Hawlucha, M, shiny|100\/100|[from] U-turn\n|-enditem|p1a: Hawlucha|Grassy Seed\n|-boost|p1a: Hawlucha|def|1|[from] item: Grassy Seed\n|\n|-heal|p2a: Grimmsnarl|73\/100|[from] Grassy Terrain\n|upkeep\n|turn|3\n|\n|t:|1697406707\n|move|p2a: Grimmsnarl|Parting Shot|p1a: Hawlucha\n|-unboost|p1a: Hawlucha|atk|1\n|-unboost|p1a: Hawlucha|spa|1\n|\n|t:|1697406721\n|switch|p2a: Garchomp|Garchomp, M|100\/100|[from] Parting Shot\n|move|p1a: Hawlucha|Close Combat|p2a: Garchomp\n|-damage|p2a: Garchomp|82\/100\n|-unboost|p1a: Hawlucha|def|1\n|-unboost|p1a: Hawlucha|spd|1\n|-damage|p1a: Hawlucha|88\/100|[from] ability: Rough Skin|[of] p2a: Garchomp\n|\n|-heal|p2a: Garchomp|88\/100|[from] Grassy Terrain\n|-heal|p2a: Garchomp|94\/100|[from] item: Leftovers\n|upkeep\n|turn|4\n|\n|t:|1697406735\n|move|p1a: Hawlucha|Swords Dance|p1a: Hawlucha\n|-boost|p1a: Hawlucha|atk|2\n|move|p2a: Garchomp|Swords Dance|p2a: Garchomp\n|-boost|p2a: Garchomp|atk|2\n|\n|-heal|p2a: Garchomp|100\/100|[from] Grassy Terrain\n|upkeep\n|turn|5\n|\n|t:|1697406760\n|move|p1a: Hawlucha|Swords Dance|p1a: Hawlucha\n|-boost|p1a: Hawlucha|atk|2\n|move|p2a: Garchomp|Swords Dance|p2a: Garchomp\n|-boost|p2a: Garchomp|atk|2\n|\n|-fieldend|move: Grassy Terrain\n|upkeep\n|turn|6\n|\n|t:|1697406778\n|move|p1a: Hawlucha|Acrobatics|p2a: Garchomp\n|-damage|p2a: Garchomp|36\/100\n|-damage|p1a: Hawlucha|75\/100|[from] ability: Rough Skin|[of] p2a: Garchomp\n|move|p2a: Garchomp|Scale Shot|p1a: Hawlucha\n|-damage|p1a: Hawlucha|26\/100\n|-damage|p1a: Hawlucha|0 fnt\n|faint|p1a: Hawlucha\n|-hitcount|p1: Hawlucha|2\n|-unboost|p2a: Garchomp|def|1\n|-boost|p2a: Garchomp|spe|1\n|\n|-heal|p2a: Garchomp|43\/100|[from] item: Leftovers\n|upkeep\n|\n|t:|1697406832\n|switch|p1a: Weezing|Weezing-Galar, M|100\/100\n|-ability|p1a: Weezing|Neutralizing Gas\n|turn|7\n|\n|t:|1697406845\n|switch|p2a: Gardevoir|Gardevoir, M, shiny|100\/100\n|move|p1a: Weezing|Strange Steam|p2a: Gardevoir|[miss]\n|-miss|p1a: Weezing|p2a: Gardevoir\n|\n|upkeep\n|turn|8\n|\n|t:|1697406859\n|-end|p1a: Weezing|ability: Neutralizing Gas\n|switch|p1a: Greninja|Greninja, M, shiny|100\/100\n|move|p2a: Gardevoir|Calm Mind|p2a: Gardevoir\n|-boost|p2a: Gardevoir|spa|1\n|-boost|p2a: Gardevoir|spd|1\n|\n|-sideend|p2: The_beastgod12|move: Light Screen\n|upkeep\n|turn|9\n|\n|t:|1697406950\n|move|p1a: Greninja|Ice Beam|p2a: Gardevoir\n|-start|p1a: Greninja|typechange|Ice|[from] ability: Protean\n|-damage|p2a: Gardevoir|75\/100\n|move|p2a: Gardevoir|Draining Kiss|p1a: Greninja\n|-damage|p1a: Greninja|37\/100\n|-heal|p2a: Gardevoir|100\/100|[from] drain|[of] p1a: Greninja\n|\n|-sideend|p2: The_beastgod12|Reflect\n|upkeep\n|turn|10\n|\n|t:|1697407037\n|switch|p1a: Weezing|Weezing-Galar, M|100\/100\n|-ability|p1a: Weezing|Neutralizing Gas\n|move|p2a: Gardevoir|Calm Mind|p2a: Gardevoir\n|-boost|p2a: Gardevoir|spa|1\n|-boost|p2a: Gardevoir|spd|1\n|\n|upkeep\n|turn|11\n|\n|t:|1697407046\n|move|p1a: Weezing|Clear Smog|p2a: Gardevoir\n|-supereffective|p2a: Gardevoir\n|-damage|p2a: Gardevoir|80\/100\n|-clearboost|p2a: Gardevoir\n|move|p2a: Gardevoir|Stored Power|p1a: Weezing\n|-supereffective|p1a: Weezing\n|-damage|p1a: Weezing|71\/100\n|\n|-heal|p2a: Gardevoir|87\/100|[from] item: Leftovers\n|upkeep\n|turn|12\n|\n|t:|1697407072\n|move|p1a: Weezing|Clear Smog|p2a: Gardevoir\n|-supereffective|p2a: Gardevoir\n|-damage|p2a: Gardevoir|47\/100\n|-clearboost|p2a: Gardevoir\n|move|p2a: Gardevoir|Stored Power|p1a: Weezing\n|-supereffective|p1a: Weezing\n|-damage|p1a: Weezing|39\/100\n|\n|-heal|p2a: Gardevoir|53\/100|[from] item: Leftovers\n|upkeep\n|turn|13\n|\n|t:|1697407088\n|-end|p1a: Weezing|ability: Neutralizing Gas\n|switch|p1a: Greninja|Greninja, M, shiny|37\/100\n|move|p2a: Gardevoir|Stored Power|p1a: Greninja\n|-immune|p1a: Greninja\n|\n|-heal|p2a: Gardevoir|60\/100|[from] item: Leftovers\n|upkeep\n|turn|14\n|j| Willish6634\n|\n|t:|1697407125\n|switch|p1a: Weezing|Weezing-Galar, M|39\/100\n|-ability|p1a: Weezing|Neutralizing Gas\n|move|p2a: Gardevoir|Draining Kiss|p1a: Weezing\n|-resisted|p1a: Weezing\n|-damage|p1a: Weezing|21\/100\n|-heal|p2a: Gardevoir|73\/100|[from] drain|[of] p1a: Weezing\n|\n|-heal|p2a: Gardevoir|79\/100|[from] item: Leftovers\n|upkeep\n|turn|15\n|\n|t:|1697407137\n|move|p1a: Weezing|Clear Smog|p2a: Gardevoir\n|-supereffective|p2a: Gardevoir\n|-damage|p2a: Gardevoir|39\/100\n|-clearboost|p2a: Gardevoir\n|move|p2a: Gardevoir|Stored Power|p1a: Weezing\n|-supereffective|p1a: Weezing\n|-crit|p1a: Weezing\n|-damage|p1a: Weezing|0 fnt\n|faint|p1a: Weezing\n|-end|p1a: Weezing|ability: Neutralizing Gas\n|\n|-heal|p2a: Gardevoir|45\/100|[from] item: Leftovers\n|upkeep\n|\n|t:|1697407201\n|switch|p1a: Thundurus|Thundurus-Therian, M|100\/100\n|turn|16\n|\n|t:|1697407209\n|move|p1a: Thundurus|Volt Switch|p2a: Gardevoir\n|-damage|p2a: Gardevoir|0 fnt\n|faint|p2a: Gardevoir\n|\n|t:|1697407233\n|switch|p1a: Greninja|Greninja, M, shiny|37\/100|[from] Volt Switch\n|\n|upkeep\n|\n|t:|1697407249\n|switch|p2a: Milotic|Milotic, F|100\/100\n|turn|17\n|\n|t:|1697407273\n|move|p1a: Greninja|Ice Beam|p2a: Milotic\n|-start|p1a: Greninja|typechange|Ice|[from] ability: Protean\n|-resisted|p2a: Milotic\n|-damage|p2a: Milotic|85\/100\n|move|p2a: Milotic|Scald|p1a: Greninja\n|-damage|p1a: Greninja|0 fnt\n|faint|p1a: Greninja\n|\n|-heal|p2a: Milotic|91\/100|[from] item: Leftovers\n|upkeep\n|\n|t:|1697407287\n|switch|p1a: Rillaboom|Rillaboom, M|100\/100\n|-fieldstart|move: Grassy Terrain|[from] ability: Grassy Surge|[of] p1a: Rillaboom\n|turn|18\n|\n|t:|1697407297\n|switch|p2a: Landorus|Landorus-Therian, M|100\/100\n|-ability|p2a: Landorus|Intimidate|boost\n|-unboost|p1a: Rillaboom|atk|1\n|move|p1a: Rillaboom|Grassy Glide|p2a: Landorus\n|-damage|p2a: Landorus|81\/100\n|-damage|p1a: Rillaboom|84\/100|[from] item: Rocky Helmet|[of] p2a: Landorus\n|\n|-heal|p1a: Rillaboom|90\/100|[from] Grassy Terrain\n|upkeep\n|turn|19\n|\n|t:|1697407330\n|switch|p1a: Thundurus|Thundurus-Therian, M|100\/100\n|move|p2a: Landorus|U-turn|p1a: Thundurus\n|-resisted|p1a: Thundurus\n|-damage|p1a: Thundurus|84\/100\n|\n|t:|1697407336\n|switch|p2a: Grimmsnarl|Grimmsnarl, M, shiny|73\/100|[from] U-turn\n|\n|-heal|p2a: Grimmsnarl|79\/100|[from] Grassy Terrain\n|upkeep\n|turn|20\n|\n|t:|1697407364\n|move|p2a: Grimmsnarl|Light Screen|p2a: Grimmsnarl\n|-sidestart|p2: The_beastgod12|move: Light Screen\n|move|p1a: Thundurus|Focus Blast|p2a: Grimmsnarl\n|-damage|p2a: Grimmsnarl|53\/100\n|\n|-heal|p2a: Grimmsnarl|59\/100|[from] Grassy Terrain\n|upkeep\n|turn|21\n|\n|t:|1697407378\n|switch|p1a: Magearna|Magearna|100\/100\n|move|p2a: Grimmsnarl|Reflect|p2a: Grimmsnarl\n|-sidestart|p2: The_beastgod12|Reflect\n|\n|-heal|p2a: Grimmsnarl|65\/100|[from] Grassy Terrain\n|upkeep\n|turn|22\n|\n|t:|1697407388\n|move|p2a: Grimmsnarl|Parting Shot|p1a: Magearna\n|-unboost|p1a: Magearna|atk|1\n|-unboost|p1a: Magearna|spa|1\n|\n|t:|1697407394\n|switch|p2a: Landorus|Landorus-Therian, M|81\/100|[from] Parting Shot\n|-ability|p2a: Landorus|Intimidate|boost\n|-unboost|p1a: Magearna|atk|1\n|move|p1a: Magearna|Shift Gear|p1a: Magearna\n|-boost|p1a: Magearna|spe|2\n|-boost|p1a: Magearna|atk|1\n|\n|-fieldend|move: Grassy Terrain\n|upkeep\n|turn|23\n|\n|t:|1697407441\n|-terastallize|p1a: Magearna|Fairy\n|move|p1a: Magearna|Calm Mind|p1a: Magearna\n|-boost|p1a: Magearna|spa|1\n|-boost|p1a: Magearna|spd|1\n|move|p2a: Landorus|Earthquake|p1a: Magearna\n|-damage|p1a: Magearna|63\/100\n|\n|-heal|p1a: Magearna|69\/100|[from] item: Leftovers\n|upkeep\n|turn|24\n|\n|t:|1697407459\n|switch|p2a: Milotic|Milotic, F|91\/100\n|move|p1a: Magearna|Shift Gear|p1a: Magearna\n|-boost|p1a: Magearna|spe|2\n|-boost|p1a: Magearna|atk|1\n|\n|-heal|p1a: Magearna|75\/100|[from] item: Leftovers\n|-heal|p2a: Milotic|97\/100|[from] item: Leftovers\n|upkeep\n|turn|25\n|\n|t:|1697407469\n|move|p1a: Magearna|Calm Mind|p1a: Magearna\n|-boost|p1a: Magearna|spa|1\n|-boost|p1a: Magearna|spd|1\n|move|p2a: Milotic|Scald|p1a: Magearna\n|-damage|p1a: Magearna|63\/100\n|\n|-heal|p1a: Magearna|69\/100|[from] item: Leftovers\n|-heal|p2a: Milotic|100\/100|[from] item: Leftovers\n|upkeep\n|turn|26\n|\n|t:|1697407482\n|move|p1a: Magearna|Calm Mind|p1a: Magearna\n|-boost|p1a: Magearna|spa|1\n|-boost|p1a: Magearna|spd|1\n|move|p2a: Milotic|Scald|p1a: Magearna\n|-damage|p1a: Magearna|60\/100\n|\n|-heal|p1a: Magearna|66\/100|[from] item: Leftovers\n|upkeep\n|turn|27\n|\n|t:|1697407525\n|move|p1a: Magearna|Stored Power|p2a: Milotic\n|-damage|p2a: Milotic|49\/100\n|move|p2a: Milotic|Haze|p2a: Milotic\n|-clearallboost\n|\n|-heal|p2a: Milotic|55\/100|[from] item: Leftovers\n|-heal|p1a: Magearna|72\/100|[from] item: Leftovers\n|-sideend|p2: The_beastgod12|move: Light Screen\n|upkeep\n|turn|28\n|\n|t:|1697407551\n|move|p2a: Milotic|Scald|p1a: Magearna\n|-damage|p1a: Magearna|47\/100\n|move|p1a: Magearna|Calm Mind|p1a: Magearna\n|-boost|p1a: Magearna|spa|1\n|-boost|p1a: Magearna|spd|1\n|\n|-heal|p2a: Milotic|62\/100|[from] item: Leftovers\n|-heal|p1a: Magearna|54\/100|[from] item: Leftovers\n|-sideend|p2: The_beastgod12|Reflect\n|upkeep\n|turn|29\n|\n|t:|1697407584\n|move|p2a: Milotic|Haze|p2a: Milotic\n|-clearallboost\n|move|p1a: Magearna|Draining Kiss|p2a: Milotic\n|-damage|p2a: Milotic|27\/100\n|-heal|p1a: Magearna|82\/100|[from] drain|[of] p2a: Milotic\n|\n|-heal|p2a: Milotic|33\/100|[from] item: Leftovers\n|-heal|p1a: Magearna|88\/100|[from] item: Leftovers\n|upkeep\n|turn|30\n|\n|t:|1697407603\n|move|p2a: Milotic|Scald|p1a: Magearna\n|-damage|p1a: Magearna|65\/100\n|move|p1a: Magearna|Draining Kiss|p2a: Milotic\n|-damage|p2a: Milotic|0 fnt\n|-heal|p1a: Magearna|92\/100|[from] drain|[of] p2a: Milotic\n|faint|p2a: Milotic\n|-ability|p1a: Magearna|Soul-Heart|boost\n|-boost|p1a: Magearna|spa|1\n|\n|-heal|p1a: Magearna|98\/100|[from] item: Leftovers\n|upkeep\n|\n|t:|1697407614\n|switch|p2a: Landorus|Landorus-Therian, M|81\/100\n|-ability|p2a: Landorus|Intimidate|boost\n|-unboost|p1a: Magearna|atk|1\n|turn|31\n|\n|t:|1697407618\n|-terastallize|p2a: Landorus|Ground\n|move|p2a: Landorus|Earthquake|p1a: Magearna\n|-damage|p1a: Magearna|49\/100\n|move|p1a: Magearna|Draining Kiss|p2a: Landorus\n|-damage|p2a: Landorus|11\/100\n|-heal|p1a: Magearna|100\/100|[from] drain|[of] p2a: Landorus\n|-damage|p1a: Magearna|84\/100|[from] item: Rocky Helmet|[of] p2a: Landorus\n|\n|-heal|p1a: Magearna|90\/100|[from] item: Leftovers\n|upkeep\n|turn|32\n|\n|t:|1697407632\n|move|p2a: Landorus|Earthquake|p1a: Magearna\n|-damage|p1a: Magearna|34\/100\n|move|p1a: Magearna|Draining Kiss|p2a: Landorus\n|-damage|p2a: Landorus|0 fnt\n|-heal|p1a: Magearna|42\/100|[from] drain|[of] p2a: Landorus\n|-damage|p1a: Magearna|25\/100|[from] item: Rocky Helmet|[of] p2a: Landorus\n|faint|p2a: Landorus\n|-ability|p1a: Magearna|Soul-Heart|boost\n|-boost|p1a: Magearna|spa|1\n|\n|-heal|p1a: Magearna|32\/100|[from] item: Leftovers\n|upkeep\n|\n|t:|1697407651\n|switch|p2a: Garchomp|Garchomp, M|43\/100\n|turn|33\n|\n|t:|1697407664\n|move|p2a: Garchomp|Earthquake|p1a: Magearna\n|-damage|p1a: Magearna|0 fnt\n|faint|p1a: Magearna\n|\n|-heal|p2a: Garchomp|49\/100|[from] item: Leftovers\n|upkeep\n|\n|t:|1697407676\n|switch|p1a: Rillaboom|Rillaboom, M|90\/100\n|-fieldstart|move: Grassy Terrain|[from] ability: Grassy Surge|[of] p1a: Rillaboom\n|turn|34\n|\n|t:|1697407702\n|move|p1a: Rillaboom|Grassy Glide|p2a: Garchomp\n|-damage|p2a: Garchomp|13\/100\n|-damage|p1a: Rillaboom|78\/100|[from] ability: Rough Skin|[of] p2a: Garchomp\n|move|p2a: Garchomp|Scale Shot|p1a: Rillaboom\n|-damage|p1a: Rillaboom|65\/100\n|-damage|p1a: Rillaboom|51\/100\n|-hitcount|p1a: Rillaboom|2\n|-unboost|p2a: Garchomp|def|1\n|-boost|p2a: Garchomp|spe|1\n|\n|-heal|p2a: Garchomp|19\/100|[from] Grassy Terrain\n|-heal|p2a: Garchomp|25\/100|[from] item: Leftovers\n|-heal|p1a: Rillaboom|57\/100|[from] Grassy Terrain\n|upkeep\n|turn|35\n|\n|t:|1697407720\n|move|p1a: Rillaboom|Grassy Glide|p2a: Garchomp\n|-damage|p2a: Garchomp|0 fnt\n|-damage|p1a: Rillaboom|45\/100|[from] ability: Rough Skin|[of] p2a: Garchomp\n|faint|p2a: Garchomp\n|\n|-heal|p1a: Rillaboom|51\/100|[from] Grassy Terrain\n|upkeep\n|\n|t:|1697407730\n|switch|p2a: Grimmsnarl|Grimmsnarl, M, shiny|65\/100\n|turn|36\n|\n|t:|1697407753\n|move|p2a: Grimmsnarl|Reflect|p2a: Grimmsnarl\n|-sidestart|p2: The_beastgod12|Reflect\n|move|p1a: Rillaboom|Drain Punch|p2a: Grimmsnarl\n|-damage|p2a: Grimmsnarl|49\/100\n|-heal|p1a: Rillaboom|61\/100|[from] drain|[of] p2a: Grimmsnarl\n|\n|-heal|p1a: Rillaboom|67\/100|[from] Grassy Terrain\n|-heal|p2a: Grimmsnarl|55\/100|[from] Grassy Terrain\n|upkeep\n|turn|37\n|\n|t:|1697407766\n|move|p1a: Rillaboom|Grassy Glide|p2a: Grimmsnarl\n|-damage|p2a: Grimmsnarl|35\/100\n|move|p2a: Grimmsnarl|Light Screen|p2a: Grimmsnarl\n|-sidestart|p2: The_beastgod12|move: Light Screen\n|\n|-heal|p1a: Rillaboom|73\/100|[from] Grassy Terrain\n|-heal|p2a: Grimmsnarl|41\/100|[from] Grassy Terrain\n|upkeep\n|turn|38\n|l| Willish6634\n|\n|t:|1697407786\n|move|p1a: Rillaboom|Grassy Glide|p2a: Grimmsnarl\n|-damage|p2a: Grimmsnarl|20\/100\n|move|p2a: Grimmsnarl|Parting Shot|p1a: Rillaboom\n|-unboost|p1a: Rillaboom|atk|1\n|-unboost|p1a: Rillaboom|spa|1\n|\n|t:|1697407791\n|switch|p2a: Greedent|Greedent, M|100\/100|[from] Parting Shot\n|\n|-heal|p1a: Rillaboom|79\/100|[from] Grassy Terrain\n|-fieldend|move: Grassy Terrain\n|upkeep\n|turn|39\n|\n|t:|1697407799\n|move|p1a: Rillaboom|Drain Punch|p2a: Greedent\n|-supereffective|p2a: Greedent\n|-damage|p2a: Greedent|86\/100\n|-heal|p1a: Rillaboom|89\/100|[from] drain|[of] p2a: Greedent\n|move|p2a: Greedent|Belly Drum|p2a: Greedent\n|-damage|p2a: Greedent|36\/100\n|-setboost|p2a: Greedent|atk|6|[from] move: Belly Drum\n|-enditem|p2a: Greedent|Sitrus Berry|[eat]\n|-heal|p2a: Greedent|61\/100|[from] item: Sitrus Berry\n|-heal|p2a: Greedent|94\/100|[from] ability: Cheek Pouch\n|\n|upkeep\n|turn|40\n|\n|t:|1697407840\n|move|p1a: Rillaboom|Drain Punch|p2a: Greedent\n|-supereffective|p2a: Greedent\n|-damage|p2a: Greedent|80\/100\n|-heal|p1a: Rillaboom|98\/100|[from] drain|[of] p2a: Greedent\n|move|p2a: Greedent|Body Slam|p1a: Rillaboom\n|-crit|p1a: Rillaboom\n|-damage|p1a: Rillaboom|0 fnt\n|faint|p1a: Rillaboom\n|\n|upkeep\n|\n|t:|1697407854\n|switch|p1a: Thundurus|Thundurus-Therian, M|84\/100\n|turn|41\n|\n|t:|1697407873\n|move|p1a: Thundurus|Focus Blast|p2a: Greedent|[miss]\n|-miss|p1a: Thundurus|p2a: Greedent\n|move|p2a: Greedent|Body Slam|p1a: Thundurus\n|-damage|p1a: Thundurus|0 fnt\n|faint|p1a: Thundurus\n|\n|win|The_beastgod12\n|l|\u203dThe_beastgod12\n","uploadtime":1697407976,"views":11,"p1id":"electricratman","p2id":"thebeastgod12","formatid":"gen9ubers","rating":0,"private":0,"password":""}