{"id":"gen9ubers-1970189284","p1":"Overripe","p2":"Turtleboys","format":"[Gen 9] Ubers","log":"|j|\u2606Overripe\n|j|\u2606Turtleboys\n|t:|1697607436\n|gametype|singles\n|player|p1|Overripe|iris-gen5bw2|1197\n|player|p2|Turtleboys|101|1091\n|teamsize|p1|6\n|teamsize|p2|6\n|gen|9\n|tier|[Gen 9] Ubers\n|rated|\n|rule|Sleep Clause Mod: Limit one foe put to sleep\n|rule|Species Clause: Limit one of each Pok\u00e9mon\n|rule|OHKO Clause: OHKO moves are banned\n|rule|Evasion Items Clause: Evasion items are banned\n|rule|Evasion Moves Clause: Evasion moves are banned\n|rule|Endless Battle Clause: Forcing endless battles is banned\n|rule|HP Percentage Mod: HP is shown in percentages\n|clearpoke\n|poke|p1|Kyogre|\n|poke|p1|Corviknight, M|\n|poke|p1|Koraidon|\n|poke|p1|Shaymin-Sky|\n|poke|p1|Ogerpon-Wellspring, F|\n|poke|p1|Ribombee, F|\n|poke|p2|Landorus-Therian, M|\n|poke|p2|Heatran, M|\n|poke|p2|Ribombee, M|\n|poke|p2|Glimmora, F|\n|poke|p2|Ditto|\n|poke|p2|Quaquaval, F|\n|teampreview\n|\n|t:|1697607441\n|start\n|switch|p1a: tinker.|Ribombee, F, shiny|100\/100\n|switch|p2a: Ribombee|Ribombee, M|100\/100\n|turn|1\n|inactive|Battle timer is ON: inactive players will automatically lose when time's up. (requested by Overripe)\n|c|\u2606Turtleboys|so we trading webs huh\n|\n|t:|1697607452\n|move|p1a: tinker.|Sticky Web|p2a: Ribombee\n|-sidestart|p2: Turtleboys|move: Sticky Web\n|move|p2a: Ribombee|Sticky Web|p1a: tinker.\n|-sidestart|p1: Overripe|move: Sticky Web\n|\n|upkeep\n|turn|2\n|\n|t:|1697607457\n|move|p1a: tinker.|Stun Spore|p2a: Ribombee\n|-status|p2a: Ribombee|par\n|move|p2a: Ribombee|Tailwind|p2a: Ribombee\n|-sidestart|p2: Turtleboys|move: Tailwind\n|\n|upkeep\n|turn|3\n|\n|t:|1697607467\n|switch|p1a: Shaymin|Shaymin-Sky, shiny|100\/100\n|switch|p2a: Heatran|Heatran, M|100\/100\n|-activate|p2a: Heatran|move: Sticky Web\n|-unboost|p2a: Heatran|spe|1\n|\n|upkeep\n|turn|4\n|\n|t:|1697607476\n|move|p1a: Shaymin|Earth Power|p2a: Heatran\n|-supereffective|p2a: Heatran\n|-damage|p2a: Heatran|0 fnt\n|faint|p2a: Heatran\n|\n|upkeep\n|\n|t:|1697607484\n|switch|p2a: Quaquaval|Quaquaval, F|100\/100\n|-activate|p2a: Quaquaval|move: Sticky Web\n|-unboost|p2a: Quaquaval|spe|1\n|turn|5\n|\n|t:|1697607499\n|switch|p1a: \u30e1\u30bf\u30ca\u30a4\u30c8|Corviknight, M, shiny|100\/100\n|-ability|p1a: \u30e1\u30bf\u30ca\u30a4\u30c8|Pressure\n|move|p2a: Quaquaval|Brave Bird|p1a: \u30e1\u30bf\u30ca\u30a4\u30c8\n|-resisted|p1a: \u30e1\u30bf\u30ca\u30a4\u30c8\n|-damage|p1a: \u30e1\u30bf\u30ca\u30a4\u30c8|82\/100\n|-damage|p2a: Quaquaval|93\/100|[from] Recoil\n|-damage|p2a: Quaquaval|83\/100|[from] item: Life Orb\n|\n|-heal|p1a: \u30e1\u30bf\u30ca\u30a4\u30c8|89\/100|[from] item: Leftovers\n|-sideend|p2: Turtleboys|move: Tailwind\n|upkeep\n|turn|6\n|\n|t:|1697607504\n|move|p2a: Quaquaval|Aqua Step|p1a: \u30e1\u30bf\u30ca\u30a4\u30c8\n|-damage|p1a: \u30e1\u30bf\u30ca\u30a4\u30c8|53\/100\n|-boost|p2a: Quaquaval|spe|1\n|-damage|p2a: Quaquaval|73\/100|[from] item: Life Orb\n|move|p1a: \u30e1\u30bf\u30ca\u30a4\u30c8|Iron Defense|p1a: \u30e1\u30bf\u30ca\u30a4\u30c8\n|-boost|p1a: \u30e1\u30bf\u30ca\u30a4\u30c8|def|2\n|\n|-heal|p1a: \u30e1\u30bf\u30ca\u30a4\u30c8|60\/100|[from] item: Leftovers\n|upkeep\n|turn|7\n|\n|t:|1697607510\n|move|p2a: Quaquaval|Close Combat|p1a: \u30e1\u30bf\u30ca\u30a4\u30c8\n|-damage|p1a: \u30e1\u30bf\u30ca\u30a4\u30c8|28\/100\n|-unboost|p2a: Quaquaval|def|1\n|-unboost|p2a: Quaquaval|spd|1\n|-damage|p2a: Quaquaval|63\/100|[from] item: Life Orb\n|move|p1a: \u30e1\u30bf\u30ca\u30a4\u30c8|Roost|p1a: \u30e1\u30bf\u30ca\u30a4\u30c8\n|-heal|p1a: \u30e1\u30bf\u30ca\u30a4\u30c8|78\/100\n|-singleturn|p1a: \u30e1\u30bf\u30ca\u30a4\u30c8|move: Roost\n|\n|-heal|p1a: \u30e1\u30bf\u30ca\u30a4\u30c8|84\/100|[from] item: Leftovers\n|upkeep\n|turn|8\n|\n|t:|1697607516\n|switch|p2a: Ditto|Ditto|100\/100\n|-activate|p2a: Ditto|move: Sticky Web\n|-unboost|p2a: Ditto|spe|1\n|-transform|p2a: Ditto|p1a: \u30e1\u30bf\u30ca\u30a4\u30c8|[from] ability: Imposter\n|-ability|p2a: Ditto|Pressure\n|move|p1a: \u30e1\u30bf\u30ca\u30a4\u30c8|Body Press|p2a: Ditto\n|-damage|p2a: Ditto|80\/100\n|\n|-heal|p1a: \u30e1\u30bf\u30ca\u30a4\u30c8|91\/100|[from] item: Leftovers\n|upkeep\n|turn|9\n|\n|t:|1697607524\n|move|p2a: Ditto|Body Press|p1a: \u30e1\u30bf\u30ca\u30a4\u30c8\n|-damage|p1a: \u30e1\u30bf\u30ca\u30a4\u30c8|74\/100\n|move|p1a: \u30e1\u30bf\u30ca\u30a4\u30c8|Iron Defense|p1a: \u30e1\u30bf\u30ca\u30a4\u30c8\n|-boost|p1a: \u30e1\u30bf\u30ca\u30a4\u30c8|def|2\n|\n|-heal|p1a: \u30e1\u30bf\u30ca\u30a4\u30c8|80\/100|[from] item: Leftovers\n|upkeep\n|turn|10\n|\n|t:|1697607533\n|switch|p2a: Ribombee|Ribombee, M|100\/100 par\n|-activate|p2a: Ribombee|move: Sticky Web\n|-unboost|p2a: Ribombee|spe|1\n|move|p1a: \u30e1\u30bf\u30ca\u30a4\u30c8|Body Press|p2a: Ribombee\n|-resisted|p2a: Ribombee\n|-damage|p2a: Ribombee|76\/100 par\n|\n|-heal|p1a: \u30e1\u30bf\u30ca\u30a4\u30c8|86\/100|[from] item: Leftovers\n|upkeep\n|turn|11\n|\n|t:|1697607538\n|move|p1a: \u30e1\u30bf\u30ca\u30a4\u30c8|Body Press|p2a: Ribombee\n|-resisted|p2a: Ribombee\n|-damage|p2a: Ribombee|51\/100 par\n|move|p2a: Ribombee|Bug Buzz|p1a: \u30e1\u30bf\u30ca\u30a4\u30c8\n|-resisted|p1a: \u30e1\u30bf\u30ca\u30a4\u30c8\n|-damage|p1a: \u30e1\u30bf\u30ca\u30a4\u30c8|80\/100\n|-unboost|p1a: \u30e1\u30bf\u30ca\u30a4\u30c8|spd|1\n|\n|-heal|p1a: \u30e1\u30bf\u30ca\u30a4\u30c8|86\/100|[from] item: Leftovers\n|upkeep\n|turn|12\n|\n|t:|1697607542\n|move|p1a: \u30e1\u30bf\u30ca\u30a4\u30c8|Body Press|p2a: Ribombee\n|-resisted|p2a: Ribombee\n|-damage|p2a: Ribombee|26\/100 par\n|move|p2a: Ribombee|Bug Buzz|p1a: \u30e1\u30bf\u30ca\u30a4\u30c8\n|-resisted|p1a: \u30e1\u30bf\u30ca\u30a4\u30c8\n|-damage|p1a: \u30e1\u30bf\u30ca\u30a4\u30c8|78\/100\n|\n|-heal|p1a: \u30e1\u30bf\u30ca\u30a4\u30c8|85\/100|[from] item: Leftovers\n|upkeep\n|turn|13\n|\n|t:|1697607545\n|move|p1a: \u30e1\u30bf\u30ca\u30a4\u30c8|Iron Defense|p1a: \u30e1\u30bf\u30ca\u30a4\u30c8\n|-boost|p1a: \u30e1\u30bf\u30ca\u30a4\u30c8|def|2\n|move|p2a: Ribombee|Bug Buzz|p1a: \u30e1\u30bf\u30ca\u30a4\u30c8\n|-resisted|p1a: \u30e1\u30bf\u30ca\u30a4\u30c8\n|-damage|p1a: \u30e1\u30bf\u30ca\u30a4\u30c8|75\/100\n|\n|-heal|p1a: \u30e1\u30bf\u30ca\u30a4\u30c8|82\/100|[from] item: Leftovers\n|upkeep\n|turn|14\n|\n|t:|1697607548\n|move|p1a: \u30e1\u30bf\u30ca\u30a4\u30c8|Body Press|p2a: Ribombee\n|-resisted|p2a: Ribombee\n|-damage|p2a: Ribombee|0 fnt\n|faint|p2a: Ribombee\n|\n|-heal|p1a: \u30e1\u30bf\u30ca\u30a4\u30c8|88\/100|[from] item: Leftovers\n|upkeep\n|\n|t:|1697607551\n|switch|p2a: Ditto|Ditto|80\/100\n|-activate|p2a: Ditto|move: Sticky Web\n|-unboost|p2a: Ditto|spe|1\n|-transform|p2a: Ditto|p1a: \u30e1\u30bf\u30ca\u30a4\u30c8|[from] ability: Imposter\n|-ability|p2a: Ditto|Pressure\n|turn|15\n|\n|t:|1697607555\n|move|p2a: Ditto|Body Press|p1a: \u30e1\u30bf\u30ca\u30a4\u30c8\n|-damage|p1a: \u30e1\u30bf\u30ca\u30a4\u30c8|71\/100\n|move|p1a: \u30e1\u30bf\u30ca\u30a4\u30c8|Body Press|p2a: Ditto\n|-damage|p2a: Ditto|58\/100\n|\n|-heal|p1a: \u30e1\u30bf\u30ca\u30a4\u30c8|77\/100|[from] item: Leftovers\n|upkeep\n|turn|16\n|\n|t:|1697607558\n|move|p2a: Ditto|Body Press|p1a: \u30e1\u30bf\u30ca\u30a4\u30c8\n|-damage|p1a: \u30e1\u30bf\u30ca\u30a4\u30c8|62\/100\n|move|p1a: \u30e1\u30bf\u30ca\u30a4\u30c8|Body Press|p2a: Ditto\n|-damage|p2a: Ditto|39\/100\n|\n|-heal|p1a: \u30e1\u30bf\u30ca\u30a4\u30c8|69\/100|[from] item: Leftovers\n|upkeep\n|turn|17\n|\n|t:|1697607560\n|move|p2a: Ditto|Body Press|p1a: \u30e1\u30bf\u30ca\u30a4\u30c8\n|-damage|p1a: \u30e1\u30bf\u30ca\u30a4\u30c8|53\/100\n|move|p1a: \u30e1\u30bf\u30ca\u30a4\u30c8|Body Press|p2a: Ditto\n|-damage|p2a: Ditto|18\/100\n|\n|-heal|p1a: \u30e1\u30bf\u30ca\u30a4\u30c8|59\/100|[from] item: Leftovers\n|upkeep\n|turn|18\n|\n|t:|1697607566\n|switch|p2a: Landorus|Landorus-Therian, M|100\/100\n|-ability|p2a: Landorus|Intimidate|boost\n|-unboost|p1a: \u30e1\u30bf\u30ca\u30a4\u30c8|atk|1\n|move|p1a: \u30e1\u30bf\u30ca\u30a4\u30c8|Body Press|p2a: Landorus\n|-resisted|p2a: Landorus\n|-damage|p2a: Landorus|48\/100\n|\n|-heal|p1a: \u30e1\u30bf\u30ca\u30a4\u30c8|66\/100|[from] item: Leftovers\n|upkeep\n|turn|19\n|\n|t:|1697607569\n|move|p2a: Landorus|Stone Edge|p1a: \u30e1\u30bf\u30ca\u30a4\u30c8\n|-damage|p1a: \u30e1\u30bf\u30ca\u30a4\u30c8|55\/100\n|-damage|p2a: Landorus|38\/100|[from] item: Life Orb\n|move|p1a: \u30e1\u30bf\u30ca\u30a4\u30c8|Roost|p1a: \u30e1\u30bf\u30ca\u30a4\u30c8\n|-heal|p1a: \u30e1\u30bf\u30ca\u30a4\u30c8|100\/100\n|-singleturn|p1a: \u30e1\u30bf\u30ca\u30a4\u30c8|move: Roost\n|\n|upkeep\n|turn|20\n|\n|t:|1697607574\n|move|p2a: Landorus|Stone Edge|p1a: \u30e1\u30bf\u30ca\u30a4\u30c8\n|-damage|p1a: \u30e1\u30bf\u30ca\u30a4\u30c8|90\/100\n|-damage|p2a: Landorus|28\/100|[from] item: Life Orb\n|move|p1a: \u30e1\u30bf\u30ca\u30a4\u30c8|Body Press|p2a: Landorus\n|-resisted|p2a: Landorus\n|-damage|p2a: Landorus|0 fnt\n|faint|p2a: Landorus\n|\n|-heal|p1a: \u30e1\u30bf\u30ca\u30a4\u30c8|96\/100|[from] item: Leftovers\n|upkeep\n|\n|t:|1697607576\n|switch|p2a: Glimmora|Glimmora, F|100\/100\n|-activate|p2a: Glimmora|move: Sticky Web\n|-unboost|p2a: Glimmora|spe|1\n|turn|21\n|\n|t:|1697607579\n|move|p2a: Glimmora|Power Gem|p1a: \u30e1\u30bf\u30ca\u30a4\u30c8\n|-damage|p1a: \u30e1\u30bf\u30ca\u30a4\u30c8|46\/100\n|move|p1a: \u30e1\u30bf\u30ca\u30a4\u30c8|Body Press|p2a: Glimmora\n|-damage|p2a: Glimmora|0 fnt\n|-activate|p2a: Glimmora|ability: Toxic Debris\n|-sidestart|p1: Overripe|move: Toxic Spikes\n|faint|p2a: Glimmora\n|\n|-heal|p1a: \u30e1\u30bf\u30ca\u30a4\u30c8|52\/100|[from] item: Leftovers\n|upkeep\n|\n|t:|1697607582\n|switch|p2a: Quaquaval|Quaquaval, F|63\/100\n|-activate|p2a: Quaquaval|move: Sticky Web\n|-unboost|p2a: Quaquaval|spe|1\n|turn|22\n|\n|t:|1697607585\n|move|p2a: Quaquaval|Brave Bird|p1a: \u30e1\u30bf\u30ca\u30a4\u30c8\n|-resisted|p1a: \u30e1\u30bf\u30ca\u30a4\u30c8\n|-damage|p1a: \u30e1\u30bf\u30ca\u30a4\u30c8|47\/100\n|-damage|p2a: Quaquaval|61\/100|[from] Recoil\n|-damage|p2a: Quaquaval|51\/100|[from] item: Life Orb\n|move|p1a: \u30e1\u30bf\u30ca\u30a4\u30c8|Roost|p1a: \u30e1\u30bf\u30ca\u30a4\u30c8\n|-heal|p1a: \u30e1\u30bf\u30ca\u30a4\u30c8|97\/100\n|-singleturn|p1a: \u30e1\u30bf\u30ca\u30a4\u30c8|move: Roost\n|\n|-heal|p1a: \u30e1\u30bf\u30ca\u30a4\u30c8|100\/100|[from] item: Leftovers\n|upkeep\n|turn|23\n|-message|Turtleboys forfeited.\n|\n|win|Overripe\n|raw|Overripe's rating: 1197 &rarr; <strong>1215<\/strong><br \/>(+18 for winning)\n|raw|Turtleboys's rating: 1091 &rarr; <strong>1074<\/strong><br \/>(-17 for losing)\n|l|\u2606Turtleboys\n","uploadtime":1697607596,"views":13,"p1id":"overripe","p2id":"turtleboys","formatid":"gen9ubers","rating":1074,"private":0,"password":""}