{"id":"gen9ubers-1994984802","p1":"Dang Rope Fan","p2":"TRaSHiNSeCT","format":"[Gen 9] Ubers","log":"|j|\u2606Dang Rope Fan\n|j|\u2606TRaSHiNSeCT\n|t:|1700510549\n|gametype|singles\n|player|p1|Dang Rope Fan|misty|\n|player|p2|TRaSHiNSeCT|workerice|\n|teamsize|p1|6\n|teamsize|p2|6\n|gen|9\n|tier|[Gen 9] Ubers\n|rule|Sleep Clause Mod: Limit one foe put to sleep\n|rule|Species Clause: Limit one of each Pok\u00e9mon\n|rule|OHKO Clause: OHKO moves are banned\n|rule|Evasion Items Clause: Evasion items are banned\n|rule|Evasion Moves Clause: Evasion moves are banned\n|rule|Endless Battle Clause: Forcing endless battles is banned\n|rule|HP Percentage Mod: HP is shown in percentages\n|clearpoke\n|poke|p1|Samurott, M|\n|poke|p1|Eelektross, F|\n|poke|p1|Moltres|\n|poke|p1|Zoroark-Hisui, M|\n|poke|p1|Darkrai|\n|poke|p1|Slowbro-Galar, M|\n|poke|p2|Lucario, F|\n|poke|p2|Basculegion, M|\n|poke|p2|Slowking-Galar, F|\n|poke|p2|Moltres|\n|poke|p2|Toedscruel, M|\n|poke|p2|Mesprit|\n|teampreview\n|inactive|Battle timer is ON: inactive players will automatically lose when time's up. (requested by Dang Rope Fan)\n|c|\u2606Dang Rope Fan|gl\n|c|\u2606TRaSHiNSeCT|u2\n|\n|t:|1700510576\n|start\n|switch|p1a: Moltres|Moltres|100\/100\n|switch|p2a: Buffalo Wings|Moltres|100\/100\n|turn|1\n|\n|t:|1700510590\n|switch|p1a: Samurott|Samurott, M|100\/100\n|move|p2a: Buffalo Wings|U-turn|p1a: Samurott\n|-damage|p1a: Samurott|85\/100\n|inactive|TRaSHiNSeCT has 270 seconds left.\n|\n|t:|1700510624\n|switch|p2a: BASCULEGION #1!!!|Basculegion, M|100\/100|[from] U-turn\n|\n|upkeep\n|turn|2\n|\n|t:|1700510650\n|switch|p2a: Dan|Lucario, F|100\/100\n|move|p1a: Samurott|Knock Off|p2a: Dan\n|-resisted|p2a: Dan\n|-damage|p2a: Dan|75\/100\n|-ability|p2a: Dan|Justified|boost\n|-boost|p2a: Dan|atk|1\n|-enditem|p2a: Dan|Life Orb|[from] move: Knock Off|[of] p1a: Samurott\n|\n|upkeep\n|turn|3\n|\n|t:|1700510660\n|switch|p1a: Moltres|Moltres|100\/100\n|move|p2a: Dan|Drain Punch|p1a: Moltres\n|-resisted|p1a: Moltres\n|-damage|p1a: Moltres|73\/100\n|-heal|p2a: Dan|93\/100|[from] drain|[of] p1a: Moltres\n|-status|p2a: Dan|brn|[from] ability: Flame Body|[of] p1a: Moltres\n|\n|-damage|p2a: Dan|87\/100 brn|[from] brn\n|upkeep\n|turn|4\n|inactive|TRaSHiNSeCT has 270 seconds left.\n|\n|t:|1700510681\n|move|p2a: Dan|Swords Dance|p2a: Dan\n|-boost|p2a: Dan|atk|2\n|move|p1a: Moltres|U-turn|p2a: Dan\n|-resisted|p2a: Dan\n|-damage|p2a: Dan|79\/100 brn\n|\n|t:|1700510694\n|switch|p1a: Slowbro|Slowbro-Galar, M|100\/100|[from] U-turn\n|\n|-damage|p2a: Dan|73\/100 brn|[from] brn\n|upkeep\n|turn|5\n|inactive|TRaSHiNSeCT has 270 seconds left.\n|\n|t:|1700510715\n|switch|p2a: Fluoride Stare|Slowking-Galar, F|100\/100\n|switch|p1a: Moltres|Moltres|73\/100\n|\n|upkeep\n|turn|6\n|\n|t:|1700510723\n|move|p1a: Moltres|U-turn|p2a: Fluoride Stare\n|-damage|p2a: Fluoride Stare|79\/100\n|\n|t:|1700510730\n|switch|p1a: Samurott|Samurott, M|85\/100|[from] U-turn\n|move|p2a: Fluoride Stare|Thunder Wave|p1a: Samurott\n|-status|p1a: Samurott|par\n|\n|upkeep\n|turn|7\n|\n|t:|1700510741\n|switch|p2a: Dan|Lucario, F|73\/100 brn\n|move|p1a: Samurott|Razor Shell|p2a: Dan\n|-damage|p2a: Dan|10\/100 brn\n|-unboost|p2a: Dan|def|1\n|\n|-damage|p2a: Dan|4\/100 brn|[from] brn\n|upkeep\n|turn|8\n|\n|t:|1700510753\n|switch|p1a: Moltres|Moltres|73\/100\n|move|p2a: Dan|Drain Punch|p1a: Moltres\n|-resisted|p1a: Moltres\n|-damage|p1a: Moltres|66\/100\n|-heal|p2a: Dan|10\/100 brn|[from] drain|[of] p1a: Moltres\n|\n|-damage|p2a: Dan|4\/100 brn|[from] brn\n|upkeep\n|turn|9\n|\n|t:|1700510764\n|move|p2a: Dan|Extreme Speed|p1a: Moltres\n|-damage|p1a: Moltres|55\/100\n|move|p1a: Moltres|Roost|p1a: Moltres\n|-heal|p1a: Moltres|100\/100\n|-singleturn|p1a: Moltres|move: Roost\n|\n|-damage|p2a: Dan|0 fnt|[from] brn\n|faint|p2a: Dan\n|upkeep\n|\n|t:|1700510775\n|switch|p2a: Not Azelf|Mesprit|100\/100\n|turn|10\n|\n|t:|1700510782\n|move|p2a: Not Azelf|Stealth Rock|p1a: Moltres\n|-sidestart|p1: Dang Rope Fan|move: Stealth Rock\n|move|p1a: Moltres|U-turn|p2a: Not Azelf\n|-supereffective|p2a: Not Azelf\n|-damage|p2a: Not Azelf|48\/100\n|\n|t:|1700510792\n|switch|p1a: Samurott|Samurott, M|100\/100|[from] U-turn\n|\n|upkeep\n|turn|11\n|\n|t:|1700510799\n|switch|p2a: Buffalo Wings|Moltres|100\/100\n|move|p1a: Samurott|Poltergeist|p2a: Buffalo Wings\n|-activate|p2a: Buffalo Wings|move: Poltergeist|Heavy-Duty Boots\n|-damage|p2a: Buffalo Wings|67\/100\n|\n|upkeep\n|turn|12\n|\n|t:|1700510812\n|switch|p1a: Samurott|Samurott, M|85\/100 par\n|move|p2a: Buffalo Wings|Roost|p2a: Buffalo Wings\n|-heal|p2a: Buffalo Wings|100\/100\n|-singleturn|p2a: Buffalo Wings|move: Roost\n|\n|upkeep\n|turn|13\n|\n|t:|1700510829\n|move|p2a: Buffalo Wings|U-turn|p1a: Samurott\n|-damage|p1a: Samurott|69\/100 par\n|inactive|TRaSHiNSeCT has 270 seconds left.\n|\n|t:|1700510852\n|switch|p2a: BASCULEGION #1!!!|Basculegion, M|100\/100|[from] U-turn\n|cant|p1a: Samurott|par\n|\n|upkeep\n|turn|14\n|\n|t:|1700510860\n|move|p2a: BASCULEGION #1!!!|Hex|p1a: Samurott\n|-damage|p1a: Samurott|0 fnt\n|faint|p1a: Samurott\n|\n|upkeep\n|\n|t:|1700510867\n|switch|p1a: Slowbro|Slowbro-Galar, M|100\/100\n|turn|15\n|\n|t:|1700510871\n|move|p1a: Slowbro|Swords Dance|p1a: Slowbro\n|-boost|p1a: Slowbro|atk|2\n|move|p2a: BASCULEGION #1!!!|Hex|p1a: Slowbro\n|-immune|p1a: Slowbro\n|\n|upkeep\n|turn|16\n|\n|t:|1700510879\n|switch|p2a: Buffalo Wings|Moltres|100\/100\n|move|p1a: Slowbro|Poltergeist|p2a: Buffalo Wings\n|-activate|p2a: Buffalo Wings|move: Poltergeist|Heavy-Duty Boots\n|-damage|p2a: Buffalo Wings|39\/100\n|\n|upkeep\n|turn|17\n|\n|t:|1700510894\n|switch|p2a: Not Azelf|Mesprit|48\/100\n|move|p1a: Slowbro|Poltergeist|p2a: Not Azelf\n|-activate|p2a: Not Azelf|move: Poltergeist|Choice Scarf\n|-supereffective|p2a: Not Azelf\n|-damage|p2a: Not Azelf|0 fnt\n|faint|p2a: Not Azelf\n|\n|upkeep\n|inactive|TRaSHiNSeCT has 270 seconds left.\n|\n|t:|1700510920\n|switch|p2a: Fluoride Stare|Slowking-Galar, F|100\/100\n|turn|18\n|\n|t:|1700510925\n|-terastallize|p1a: Slowbro|Ghost\n|-terastallize|p2a: Fluoride Stare|Dark\n|move|p1a: Slowbro|Poltergeist|p2a: Fluoride Stare\n|-activate|p2a: Fluoride Stare|move: Poltergeist|Heavy-Duty Boots\n|-resisted|p2a: Fluoride Stare\n|-damage|p2a: Fluoride Stare|43\/100\n|move|p2a: Fluoride Stare|Thunder Wave|p1a: Slowbro\n|-status|p1a: Slowbro|par\n|\n|upkeep\n|turn|19\n|\n|t:|1700510936\n|move|p1a: Slowbro|Body Slam|p2a: Fluoride Stare\n|-damage|p2a: Fluoride Stare|0 fnt\n|faint|p2a: Fluoride Stare\n|\n|upkeep\n|\n|t:|1700510946\n|switch|p2a: Fat Fuck|Toedscruel, M|100\/100\n|turn|20\n|\n|t:|1700510951\n|move|p2a: Fat Fuck|Knock Off|p1a: Slowbro\n|-supereffective|p1a: Slowbro\n|-damage|p1a: Slowbro|30\/100 par\n|replace|p1a: Zoroark|Zoroark-Hisui, M\n|-end|p1a: Zoroark|Illusion\n|-enditem|p1a: Zoroark|Heavy-Duty Boots|[from] move: Knock Off|[of] p2a: Fat Fuck\n|move|p1a: Zoroark|Poltergeist|p2a: Fat Fuck\n|-activate|p2a: Fat Fuck|move: Poltergeist|Leftovers\n|-damage|p2a: Fat Fuck|0 fnt\n|faint|p2a: Fat Fuck\n|\n|upkeep\n|\n|t:|1700510963\n|switch|p2a: BASCULEGION #1!!!|Basculegion, M|100\/100\n|turn|21\n|\n|t:|1700510967\n|move|p2a: BASCULEGION #1!!!|Surf|p1a: Zoroark\n|-damage|p1a: Zoroark|0 fnt\n|faint|p1a: Zoroark\n|\n|upkeep\n|\n|t:|1700510971\n|switch|p1a: Eelektross|Eelektross, F|100\/100\n|-damage|p1a: Eelektross|88\/100|[from] Stealth Rock\n|turn|22\n|c|\u2606Dang Rope Fan|gg\n|c|\u2606TRaSHiNSeCT|gg wp\n|c|\u2606Dang Rope Fan|yt\n|\n|t:|1700510985\n|switch|p2a: Buffalo Wings|Moltres|39\/100\n|move|p1a: Eelektross|Volt Switch|p2a: Buffalo Wings\n|-supereffective|p2a: Buffalo Wings\n|-damage|p2a: Buffalo Wings|0 fnt\n|faint|p2a: Buffalo Wings\n|\n|t:|1700510989\n|switch|p1a: Darkrai|Darkrai|100\/100|[from] Volt Switch\n|-damage|p1a: Darkrai|88\/100|[from] Stealth Rock\n|\n|upkeep\n|\n|t:|1700510995\n|switch|p2a: BASCULEGION #1!!!|Basculegion, M|100\/100\n|turn|23\n|\n|t:|1700510998\n|move|p1a: Darkrai|Knock Off|p2a: BASCULEGION #1!!!\n|-supereffective|p2a: BASCULEGION #1!!!\n|-damage|p2a: BASCULEGION #1!!!|0 fnt\n|-enditem|p2a: BASCULEGION #1!!!|Choice Specs|[from] move: Knock Off|[of] p1a: Darkrai\n|faint|p2a: BASCULEGION #1!!!\n|-damage|p1a: Darkrai|78\/100|[from] item: Life Orb\n|\n|win|Dang Rope Fan\n","uploadtime":1700511008,"views":9,"p1id":"dangropefan","p2id":"trashinsect","formatid":"gen9ubers","rating":0,"private":0,"password":""}