{"id":"gen9ubers-1977319022","p1":"Weredude08","p2":"dumpy lump","format":"[Gen 9] Ubers","log":"|j|\u2606Weredude08\n|j|\u2606dumpy lump\n|t:|1698404435\n|gametype|singles\n|player|p1|Weredude08|steven|\n|player|p2|dumpy lump|volo|\n|teamsize|p1|6\n|teamsize|p2|6\n|gen|9\n|tier|[Gen 9] Ubers\n|rule|Sleep Clause Mod: Limit one foe put to sleep\n|rule|Species Clause: Limit one of each Pok\u00e9mon\n|rule|OHKO Clause: OHKO moves are banned\n|rule|Evasion Items Clause: Evasion items are banned\n|rule|Evasion Moves Clause: Evasion moves are banned\n|rule|Endless Battle Clause: Forcing endless battles is banned\n|rule|HP Percentage Mod: HP is shown in percentages\n|clearpoke\n|poke|p1|Torkoal, F|\n|poke|p1|Walking Wake|\n|poke|p1|Roaring Moon|\n|poke|p1|Chi-Yu|\n|poke|p1|Hatterene, F|\n|poke|p1|Zacian-*|\n|poke|p2|Dialga-Origin|\n|poke|p2|Chi-Yu|\n|poke|p2|Magearna|\n|poke|p2|Ursaluna, F|\n|poke|p2|Cresselia, F|\n|poke|p2|Azumarill, F|\n|teampreview\n|inactive|Battle timer is ON: inactive players will automatically lose when time's up. (requested by Weredude08)\n|c|\u2606Weredude08|Glhf\n|c|\u2606dumpy lump|u2\n|\n|t:|1698404457\n|start\n|switch|p1a: Chi-Yu|Chi-Yu|100\/100\n|switch|p2a: Magearna|Magearna|100\/100\n|-ability|p1a: Chi-Yu|Beads of Ruin\n|turn|1\n|\n|t:|1698404486\n|-terastallize|p2a: Magearna|Water\n|move|p1a: Chi-Yu|Dark Pulse|p2a: Magearna\n|-damage|p2a: Magearna|50\/100\n|move|p2a: Magearna|Trick Room|p2a: Magearna\n|-fieldstart|move: Trick Room|[of] p2a: Magearna\n|\n|-heal|p2a: Magearna|56\/100|[from] item: Leftovers\n|upkeep\n|turn|2\n|\n|t:|1698404498\n|move|p2a: Magearna|Volt Switch|p1a: Chi-Yu\n|-damage|p1a: Chi-Yu|76\/100\n|\n|t:|1698404503\n|switch|p2a: Azumarill|Azumarill, F, shiny|100\/100|[from] Volt Switch\n|move|p1a: Chi-Yu|Dark Pulse|p2a: Azumarill\n|-resisted|p2a: Azumarill\n|-damage|p2a: Azumarill|57\/100\n|\n|upkeep\n|turn|3\n|c|\u2606Weredude08|Azu just wins doesn't iit\n|inactive|dumpy lump has 270 seconds left.\n|c|\u2606dumpy lump|yup\n|\n|t:|1698404543\n|move|p2a: Azumarill|Belly Drum|p2a: Azumarill\n|-damage|p2a: Azumarill|7\/100\n|-setboost|p2a: Azumarill|atk|6|[from] move: Belly Drum\n|-enditem|p2a: Azumarill|Sitrus Berry|[eat]\n|-heal|p2a: Azumarill|32\/100|[from] item: Sitrus Berry\n|move|p1a: Chi-Yu|Dark Pulse|p2a: Azumarill\n|-resisted|p2a: Azumarill\n|-damage|p2a: Azumarill|0 fnt\n|faint|p2a: Azumarill\n|\n|upkeep\n|c|\u2606Weredude08|The pog read\n|c|\u2606dumpy lump|it was worth a shot lmfao\n|inactive|dumpy lump has 240 seconds left.\n|c|\u2606Weredude08|Ye\n|\n|t:|1698404564\n|switch|p2a: Magearna|Magearna, tera:Water|56\/100\n|turn|4\n|c|\u2606Weredude08|If got off you won\n|inactive|dumpy lump has 240 seconds left.\n|\n|t:|1698404575\n|move|p2a: Magearna|Fleur Cannon|p1a: Chi-Yu\n|-damage|p1a: Chi-Yu|14\/100\n|-unboost|p2a: Magearna|spa|2\n|move|p1a: Chi-Yu|Dark Pulse|p2a: Magearna\n|-damage|p2a: Magearna|7\/100\n|\n|-heal|p2a: Magearna|13\/100|[from] item: Leftovers\n|upkeep\n|turn|5\n|\n|t:|1698404581\n|switch|p1a: Torkoal|Torkoal, F|100\/100\n|-weather|SunnyDay|[from] ability: Drought|[of] p1a: Torkoal\n|move|p2a: Magearna|Fleur Cannon|p1a: Torkoal\n|-resisted|p1a: Torkoal\n|-damage|p1a: Torkoal|82\/100\n|-unboost|p2a: Magearna|spa|2\n|\n|-weather|SunnyDay|[upkeep]\n|-heal|p2a: Magearna|19\/100|[from] item: Leftovers\n|-fieldend|move: Trick Room\n|upkeep\n|turn|6\n|\n|t:|1698404585\n|switch|p1a: Hatterene|Hatterene, F|100\/100\n|move|p2a: Magearna|Trick Room|p2a: Magearna\n|-fieldstart|move: Trick Room|[of] p2a: Magearna\n|\n|-weather|SunnyDay|[upkeep]\n|-heal|p2a: Magearna|25\/100|[from] item: Leftovers\n|upkeep\n|turn|7\n|\n|t:|1698404589\n|move|p2a: Magearna|Volt Switch|p1a: Hatterene\n|-damage|p1a: Hatterene|95\/100\n|-enditem|p1a: Hatterene|Eject Button\n|c|\u2606dumpy lump|lol\n|\n|t:|1698404602\n|switch|p1a: Roaring Moon|Roaring Moon|100\/100\n|-activate|p1a: Roaring Moon|ability: Protosynthesis\n|-start|p1a: Roaring Moon|protosynthesisspe\n|\n|-weather|SunnyDay|[upkeep]\n|-heal|p2a: Magearna|32\/100|[from] item: Leftovers\n|upkeep\n|turn|8\n|\n|t:|1698404615\n|move|p2a: Magearna|Fleur Cannon|p1a: Roaring Moon|[miss]\n|-miss|p2a: Magearna|p1a: Roaring Moon\n|move|p1a: Roaring Moon|Knock Off|p2a: Magearna\n|-damage|p2a: Magearna|0 fnt\n|-enditem|p2a: Magearna|Leftovers|[from] move: Knock Off|[of] p1a: Roaring Moon\n|faint|p2a: Magearna\n|\n|-weather|SunnyDay|[upkeep]\n|upkeep\n|c|\u2606dumpy lump|MAN\n|\n|t:|1698404621\n|switch|p2a: Ursaluna|Ursaluna, F|100\/100\n|turn|9\n|c|\u2606Weredude08|Didn't matter\n|c|\u2606Weredude08|Would've done nothing\n|\n|t:|1698404629\n|move|p2a: Ursaluna|Swords Dance|p2a: Ursaluna\n|-boost|p2a: Ursaluna|atk|2\n|move|p1a: Roaring Moon|Knock Off|p2a: Ursaluna\n|-damage|p2a: Ursaluna|41\/100\n|-enditem|p2a: Ursaluna|Flame Orb|[from] move: Knock Off|[of] p1a: Roaring Moon\n|\n|-weather|SunnyDay|[upkeep]\n|upkeep\n|turn|10\n|c|\u2606dumpy lump|no wayyyy lmfao\n|\n|t:|1698404647\n|-end|p1a: Roaring Moon|Protosynthesis|[silent]\n|switch|p1a: Hatterene|Hatterene, F|95\/100\n|move|p2a: Ursaluna|Headlong Rush|p1a: Hatterene\n|-damage|p1a: Hatterene|0 fnt\n|-unboost|p2a: Ursaluna|def|1\n|-unboost|p2a: Ursaluna|spd|1\n|faint|p1a: Hatterene\n|\n|-weather|SunnyDay|[upkeep]\n|-fieldend|move: Trick Room\n|upkeep\n|\n|t:|1698404657\n|switch|p1a: Walking Wake|Walking Wake|100\/100\n|-activate|p1a: Walking Wake|ability: Protosynthesis\n|-start|p1a: Walking Wake|protosynthesisspe\n|turn|11\n|\n|t:|1698404667\n|move|p1a: Walking Wake|Flamethrower|p2a: Ursaluna\n|-damage|p2a: Ursaluna|0 fnt\n|faint|p2a: Ursaluna\n|-damage|p1a: Walking Wake|91\/100|[from] item: Life Orb\n|\n|-weather|SunnyDay|[upkeep]\n|upkeep\n|\n|t:|1698404673\n|switch|p2a: Dialga|Dialga-Origin|100\/100\n|-ability|p2a: Dialga|Pressure\n|turn|12\n|\n|t:|1698404683\n|move|p1a: Walking Wake|Draco Meteor|p2a: Dialga\n|-damage|p2a: Dialga|35\/100\n|-unboost|p1a: Walking Wake|spa|2\n|-damage|p1a: Walking Wake|81\/100|[from] item: Life Orb\n|move|p2a: Dialga|Trick Room|p2a: Dialga\n|-fieldstart|move: Trick Room|[of] p2a: Dialga\n|\n|-weather|none\n|-end|p1a: Walking Wake|Protosynthesis\n|upkeep\n|turn|13\n|\n|t:|1698404700\n|-end|p1a: Walking Wake|Protosynthesis|[silent]\n|switch|p1a: Chi-Yu|Chi-Yu|14\/100\n|-ability|p1a: Chi-Yu|Beads of Ruin\n|move|p2a: Dialga|Dragon Pulse|p1a: Chi-Yu\n|-damage|p1a: Chi-Yu|0 fnt\n|faint|p1a: Chi-Yu\n|\n|upkeep\n|\n|t:|1698404712\n|switch|p1a: Zacian|Zacian|100\/100\n|-ability|p1a: Zacian|Intrepid Sword|boost\n|-boost|p1a: Zacian|atk|1\n|turn|14\n|\n|t:|1698404716\n|move|p2a: Dialga|Flash Cannon|p1a: Zacian\n|-supereffective|p1a: Zacian\n|-crit|p1a: Zacian\n|-damage|p1a: Zacian|0 fnt\n|faint|p1a: Zacian\n|\n|upkeep\n|c|\u2606Weredude08|Sad crit\n|\n|t:|1698404729\n|switch|p1a: Torkoal|Torkoal, F|82\/100\n|-weather|SunnyDay|[from] ability: Drought|[of] p1a: Torkoal\n|turn|15\n|c|\u2606dumpy lump|the saddest\n|\n|t:|1698404744\n|move|p1a: Torkoal|Lava Plume|p2a: Dialga\n|-damage|p2a: Dialga|7\/100\n|-status|p2a: Dialga|brn\n|move|p2a: Dialga|Dragon Pulse|p1a: Torkoal\n|-damage|p1a: Torkoal|0 fnt\n|faint|p1a: Torkoal\n|\n|-weather|SunnyDay|[upkeep]\n|-damage|p2a: Dialga|1\/100 brn|[from] brn\n|upkeep\n|\n|t:|1698404765\n|switch|p1a: Walking Wake|Walking Wake|81\/100\n|-activate|p1a: Walking Wake|ability: Protosynthesis\n|-start|p1a: Walking Wake|protosynthesisspe\n|turn|16\n|\n|t:|1698404777\n|-terastallize|p1a: Walking Wake|Water\n|move|p2a: Dialga|Dragon Pulse|p1a: Walking Wake\n|-damage|p1a: Walking Wake|0 fnt\n|faint|p1a: Walking Wake\n|-end|p1a: Walking Wake|Protosynthesis|[silent]\n|\n|-weather|SunnyDay|[upkeep]\n|-damage|p2a: Dialga|0 fnt|[from] brn\n|faint|p2a: Dialga\n|-fieldend|move: Trick Room\n|upkeep\n|c|\u2606dumpy lump|did not think that was gonna kill\n|\n|t:|1698404791\n|switch|p1a: Roaring Moon|Roaring Moon|100\/100\n|switch|p2a: Cresselia|Cresselia, F, shiny|100\/100\n|-activate|p1a: Roaring Moon|ability: Protosynthesis\n|-start|p1a: Roaring Moon|protosynthesisspe\n|turn|17\n|c|\u2606Weredude08|Damn that huts hard\n|c|\u2606Weredude08|No\n|\n|t:|1698404801\n|move|p1a: Roaring Moon|Outrage|p2a: Cresselia\n|-damage|p2a: Cresselia|31\/100\n|move|p2a: Cresselia|Trick Room|p2a: Cresselia\n|-fieldstart|move: Trick Room|[of] p2a: Cresselia\n|\n|-weather|SunnyDay|[upkeep]\n|upkeep\n|turn|18\n|\n|t:|1698404810\n|move|p2a: Cresselia|Reflect|p2a: Cresselia\n|-sidestart|p2: dumpy lump|Reflect\n|move|p1a: Roaring Moon|Outrage|p2a: Cresselia|[from]lockedmove\n|-damage|p2a: Cresselia|0 fnt\n|faint|p2a: Cresselia\n|-start|p1a: Roaring Moon|confusion|[fatigue]\n|\n|-weather|SunnyDay|[upkeep]\n|upkeep\n|\n|t:|1698404814\n|switch|p2a: Chi-Yu|Chi-Yu|100\/100\n|-ability|p2a: Chi-Yu|Beads of Ruin\n|turn|19\n|\n|t:|1698404816\n|move|p2a: Chi-Yu|Overheat|p1a: Roaring Moon\n|-resisted|p1a: Roaring Moon\n|-damage|p1a: Roaring Moon|0 fnt\n|-unboost|p2a: Chi-Yu|spa|2\n|faint|p1a: Roaring Moon\n|-end|p1a: Roaring Moon|Protosynthesis|[silent]\n|\n|win|dumpy lump\n|c|\u2606dumpy lump|ggs\n|c|\u2606Weredude08|GG\n|c|\u2606Weredude08|Well played\n|c|\u2606dumpy lump|good stuff\n","uploadtime":1698404835,"views":20,"p1id":"weredude08","p2id":"dumpylump","formatid":"gen9ubers","rating":0,"private":0,"password":""}