{"id":"gen9ubers-1994901101","p1":"Icy glastrier","p2":"MizuriKip","format":"[Gen 9] Ubers","log":"|j|\u2606Icy glastrier\n|j|\u2606MizuriKip\n|t:|1700503051\n|gametype|singles\n|player|p1|Icy glastrier|blue|\n|player|p2|MizuriKip|zinnia|\n|teamsize|p1|6\n|teamsize|p2|6\n|gen|9\n|tier|[Gen 9] Ubers\n|rule|Sleep Clause Mod: Limit one foe put to sleep\n|rule|Species Clause: Limit one of each Pok\u00e9mon\n|rule|OHKO Clause: OHKO moves are banned\n|rule|Evasion Items Clause: Evasion items are banned\n|rule|Evasion Moves Clause: Evasion moves are banned\n|rule|Endless Battle Clause: Forcing endless battles is banned\n|rule|HP Percentage Mod: HP is shown in percentages\n|clearpoke\n|poke|p1|Corviknight, M|\n|poke|p1|Zamazenta-*|\n|poke|p1|Dragapult, F|\n|poke|p1|Iron Moth|\n|poke|p1|Rillaboom, F|\n|poke|p1|Greninja-*, F|\n|poke|p2|Abomasnow, F|\n|poke|p2|Glastrier|\n|poke|p2|Sandslash-Alola, M|\n|poke|p2|Toxapex, F|\n|poke|p2|Gholdengo|\n|poke|p2|Glimmora, F|\n|teampreview\n|inactive|Battle timer is ON: inactive players will automatically lose when time's up. (requested by Icy glastrier)\n|c|\u2606MizuriKip|why are you\n|c|\u2606MizuriKip|cheating\n|inactive|MizuriKip has 270 seconds left.\n|c|\u2606Icy glastrier|I'm simply just lucky\n|j| hattorivt\n|c| hattorivt|hf man\n|\n|t:|1700503106\n|start\n|switch|p1a: Greninja|Greninja, F|100\/100\n|switch|p2a: Glimmora|Glimmora, F|100\/100\n|turn|1\n|c|\u2606MizuriKip|energy ball\n|c|\u2606Icy glastrier|Ik your moves\n|c|\u2606MizuriKip|shhhh\n|inactive|MizuriKip has 270 seconds left.\n|inactive|Icy glastrier has 270 seconds left.\n|c|\u2606Icy glastrier|Lemme check what you are invested in rq\n|c|\u2606MizuriKip|252+ spd\n|c|\u2606MizuriKip|and av\n|c|\u2606MizuriKip|trust\n|c|\u2606Icy glastrier|Speed huh\n|inactiveoff|Battle timer is now OFF.\n|inactive|Battle timer is ON: inactive players will automatically lose when time's up. (requested by MizuriKip)\n|c|\u2606MizuriKip|!?\n|c|\u2606MizuriKip|thinking too much boss...\n|\n|t:|1700503190\n|switch|p2a: Toxapex|Toxapex, F|100\/100\n|move|p1a: Greninja|Dark Pulse|p2a: Toxapex\n|-start|p1a: Greninja|typechange|Dark|[from] ability: Protean\n|-damage|p2a: Toxapex|78\/100\n|\n|-heal|p2a: Toxapex|85\/100|[from] item: Leftovers\n|upkeep\n|turn|2\n|inactive|MizuriKip has 240 seconds left.\n|inactive|MizuriKip has 210 seconds left.\n|\n|t:|1700503242\n|move|p1a: Greninja|Spikes|p2a: Toxapex\n|-sidestart|p2: MizuriKip|Spikes\n|move|p2a: Toxapex|Toxic|p1a: Greninja\n|-status|p1a: Greninja|tox\n|\n|-heal|p2a: Toxapex|91\/100|[from] item: Leftovers\n|-damage|p1a: Greninja|95\/100 tox|[from] psn\n|upkeep\n|turn|3\n|inactive|MizuriKip has 210 seconds left.\n|\n|t:|1700503255\n|move|p1a: Greninja|Spikes|p2a: Toxapex\n|-sidestart|p2: MizuriKip|Spikes\n|move|p2a: Toxapex|Surf|p1a: Greninja\n|-damage|p1a: Greninja|64\/100 tox\n|\n|-heal|p2a: Toxapex|97\/100|[from] item: Leftovers\n|-damage|p1a: Greninja|52\/100 tox|[from] psn\n|upkeep\n|turn|4\n|inactive|MizuriKip has 210 seconds left.\n|\n|t:|1700503276\n|move|p1a: Greninja|Dark Pulse|p2a: Toxapex\n|-damage|p2a: Toxapex|76\/100\n|move|p2a: Toxapex|Surf|p1a: Greninja\n|-damage|p1a: Greninja|22\/100 tox\n|\n|-heal|p2a: Toxapex|82\/100|[from] item: Leftovers\n|-damage|p1a: Greninja|4\/100 tox|[from] psn\n|upkeep\n|turn|5\n|\n|t:|1700503283\n|move|p1a: Greninja|U-turn|p2a: Toxapex\n|-resisted|p2a: Toxapex\n|-damage|p2a: Toxapex|77\/100\n|\n|t:|1700503302\n|switch|p1a: Zamazenta|Zamazenta|100\/100|[from] U-turn\n|-ability|p1a: Zamazenta|Dauntless Shield|boost\n|-boost|p1a: Zamazenta|def|1\n|move|p2a: Toxapex|Recover|p2a: Toxapex\n|-heal|p2a: Toxapex|100\/100\n|\n|upkeep\n|turn|6\n|inactive|MizuriKip has 210 seconds left.\n|inactive|MizuriKip has 180 seconds left.\n|\n|t:|1700503360\n|switch|p2a: Gholdengo|Gholdengo|100\/100\n|-damage|p2a: Gholdengo|84\/100|[from] Spikes\n|move|p1a: Zamazenta|Substitute|p1a: Zamazenta\n|-start|p1a: Zamazenta|Substitute\n|-damage|p1a: Zamazenta|75\/100\n|\n|-heal|p1a: Zamazenta|82\/100|[from] item: Leftovers\n|upkeep\n|turn|7\n|inactive|MizuriKip has 150 seconds left.\n|inactive|Icy glastrier has 240 seconds left.\n|j| Denzqqq\n|c|\u2606Icy glastrier|You don't land focus blasts\n|\n|t:|1700503402\n|move|p2a: Gholdengo|Shadow Ball|p1a: Zamazenta\n|-end|p1a: Zamazenta|Substitute\n|move|p1a: Zamazenta|Crunch|p2a: Gholdengo\n|-supereffective|p2a: Gholdengo\n|-damage|p2a: Gholdengo|31\/100\n|\n|-heal|p1a: Zamazenta|88\/100|[from] item: Leftovers\n|upkeep\n|turn|8\n|inactive|Icy glastrier has 240 seconds left.\n|c|\u2606MizuriKip|maybe I dont\n|c|\u2606MizuriKip|maybe I do\n|c| Denzqqq|DAMN WTF\n|\n|t:|1700503422\n|switch|p2a: Glimmora|Glimmora, F|100\/100\n|-damage|p2a: Glimmora|84\/100|[from] Spikes\n|move|p1a: Zamazenta|Crunch|p2a: Glimmora\n|-damage|p2a: Glimmora|58\/100\n|-activate|p2a: Glimmora|ability: Toxic Debris\n|-sidestart|p1: Icy glastrier|move: Toxic Spikes\n|\n|-heal|p1a: Zamazenta|94\/100|[from] item: Leftovers\n|upkeep\n|turn|9\n|c| Denzqqq|that's crazy team mizu\n|c|\u2606MizuriKip|crazy bad man\n|c|\u2606MizuriKip|who let me cook a defensive snow team\n|c|\u2606MizuriKip|I was high\n|\n|t:|1700503439\n|move|p1a: Zamazenta|Substitute|p1a: Zamazenta\n|-start|p1a: Zamazenta|Substitute\n|-damage|p1a: Zamazenta|69\/100\n|move|p2a: Glimmora|Sludge Wave|p1a: Zamazenta\n|-end|p1a: Zamazenta|Substitute\n|\n|-heal|p1a: Zamazenta|75\/100|[from] item: Leftovers\n|upkeep\n|turn|10\n|inactive|Icy glastrier has 240 seconds left.\n|inactive|MizuriKip has 120 seconds left.\n|\n|t:|1700503461\n|move|p1a: Zamazenta|Body Press|p2a: Glimmora\n|-damage|p2a: Glimmora|5\/100\n|-activate|p2a: Glimmora|ability: Toxic Debris\n|-sidestart|p1: Icy glastrier|move: Toxic Spikes\n|move|p2a: Glimmora|Sludge Wave|p1a: Zamazenta\n|-crit|p1a: Zamazenta\n|-damage|p1a: Zamazenta|21\/100\n|\n|-heal|p1a: Zamazenta|27\/100|[from] item: Leftovers\n|upkeep\n|turn|11\n|inactive|Icy glastrier has 240 seconds left.\n|inactive|MizuriKip has 120 seconds left.\n|c|\u2606MizuriKip|deserved crit\n|\n|t:|1700503474\n|move|p1a: Zamazenta|Body Press|p2a: Glimmora\n|-damage|p2a: Glimmora|0 fnt\n|faint|p2a: Glimmora\n|\n|-heal|p1a: Zamazenta|33\/100|[from] item: Leftovers\n|upkeep\n|\n|t:|1700503480\n|switch|p2a: Gholdengo|Gholdengo|31\/100\n|-damage|p2a: Gholdengo|15\/100|[from] Spikes\n|turn|12\n|c|\u2606MizuriKip|wassup\n|inactive|MizuriKip has 120 seconds left.\n|\n|t:|1700503488\n|move|p2a: Gholdengo|Make It Rain|p1a: Zamazenta\n|-damage|p1a: Zamazenta|0 fnt\n|-unboost|p2a: Gholdengo|spa|1\n|faint|p1a: Zamazenta\n|\n|upkeep\n|inactive|Icy glastrier has 240 seconds left.\n|c|\u2606Icy glastrier|Nice t spikes\n|\n|t:|1700503506\n|switch|p1a: Iron Moth|Iron Moth|100\/100\n|-sideend|p1: Icy glastrier|move: Toxic Spikes|[of] p1a: Iron Moth\n|-enditem|p1a: Iron Moth|Booster Energy\n|-activate|p1a: Iron Moth|ability: Quark Drive|[fromitem]\n|-start|p1a: Iron Moth|quarkdrivespe\n|turn|13\n|c|\u2606MizuriKip|thanks\n|c|\u2606MizuriKip|man wth...\n|c|\u2606Icy glastrier|The moth\n|inactive|Icy glastrier has 240 seconds left.\n|\n|t:|1700503518\n|move|p1a: Iron Moth|Fiery Dance|p2a: Gholdengo\n|-supereffective|p2a: Gholdengo\n|-damage|p2a: Gholdengo|0 fnt\n|faint|p2a: Gholdengo\n|\n|upkeep\n|inactive|MizuriKip has 120 seconds left.\n|\n|t:|1700503530\n|switch|p2a: Glastrier|Glastrier|100\/100\n|-damage|p2a: Glastrier|84\/100|[from] Spikes\n|turn|14\n|c|\u2606MizuriKip|hi\n|c|\u2606MizuriKip|I am\n|c|\u2606MizuriKip|a frozen horse\n|inactive|MizuriKip has 120 seconds left.\n|inactive|Icy glastrier has 240 seconds left.\n|c|\u2606Icy glastrier|Nice Tera ground\n|c|\u2606MizuriKip|thanks\n|c|\u2606MizuriKip|I am doing it rn\n|\n|t:|1700503552\n|-end|p1a: Iron Moth|Quark Drive|[silent]\n|switch|p1a: Greninja|Greninja, F|4\/100 tox\n|move|p2a: Glastrier|High Horsepower|p1a: Greninja\n|-damage|p1a: Greninja|0 fnt\n|faint|p1a: Greninja\n|-ability|p2a: Glastrier|Chilling Neigh|boost\n|-boost|p2a: Glastrier|atk|1\n|\n|upkeep\n|inactive|Icy glastrier has 240 seconds left.\n|c|\u2606MizuriKip|I lied sorry\n|\n|t:|1700503565\n|switch|p1a: Rillaboom|Rillaboom, F|100\/100\n|-fieldstart|move: Grassy Terrain|[from] ability: Grassy Surge|[of] p1a: Rillaboom\n|turn|15\n|inactive|Icy glastrier has 240 seconds left.\n|inactive|MizuriKip has 120 seconds left.\n|\n|t:|1700503586\n|-terastallize|p1a: Rillaboom|Fire\n|move|p1a: Rillaboom|Knock Off|p2a: Glastrier\n|-damage|p2a: Glastrier|65\/100\n|-enditem|p2a: Glastrier|Assault Vest|[from] move: Knock Off|[of] p1a: Rillaboom\n|move|p2a: Glastrier|Icicle Crash|p1a: Rillaboom\n|-resisted|p1a: Rillaboom\n|-damage|p1a: Rillaboom|66\/100\n|\n|-heal|p1a: Rillaboom|72\/100|[from] Grassy Terrain\n|-heal|p2a: Glastrier|71\/100|[from] Grassy Terrain\n|upkeep\n|turn|16\n|\n|t:|1700503603\n|move|p1a: Rillaboom|Drain Punch|p2a: Glastrier\n|-supereffective|p2a: Glastrier\n|-damage|p2a: Glastrier|38\/100\n|-heal|p1a: Rillaboom|88\/100|[from] drain|[of] p2a: Glastrier\n|move|p2a: Glastrier|High Horsepower|p1a: Rillaboom\n|-supereffective|p1a: Rillaboom\n|-damage|p1a: Rillaboom|0 fnt\n|faint|p1a: Rillaboom\n|-ability|p2a: Glastrier|Chilling Neigh|boost\n|-boost|p2a: Glastrier|atk|1\n|\n|-heal|p2a: Glastrier|44\/100|[from] Grassy Terrain\n|upkeep\n|\n|t:|1700503617\n|switch|p1a: Dragapult|Dragapult, F|100\/100\n|turn|17\n|c|\u2606Icy glastrier|You shall pay for that lie heathen\n|c|\u2606MizuriKip|ok\n|c|\u2606MizuriKip|go and flamethrower\n|c|\u2606MizuriKip|watch ur dragon die\n|inactive|MizuriKip has 90 seconds left.\n|\n|t:|1700503652\n|move|p1a: Dragapult|Shadow Ball|p2a: Glastrier\n|-damage|p2a: Glastrier|2\/100\n|move|p2a: Glastrier|Icicle Crash|p1a: Dragapult\n|-supereffective|p1a: Dragapult\n|-damage|p1a: Dragapult|0 fnt\n|faint|p1a: Dragapult\n|-ability|p2a: Glastrier|Chilling Neigh|boost\n|-boost|p2a: Glastrier|atk|1\n|\n|-heal|p2a: Glastrier|8\/100|[from] Grassy Terrain\n|upkeep\n|c|\u2606MizuriKip|should've flamethrowed\n|\n|t:|1700503665\n|switch|p1a: Iron Moth|Iron Moth|100\/100\n|turn|18\n|\n|t:|1700503670\n|move|p1a: Iron Moth|Fiery Dance|p2a: Glastrier\n|-supereffective|p2a: Glastrier\n|-damage|p2a: Glastrier|0 fnt\n|faint|p2a: Glastrier\n|\n|upkeep\n|\n|t:|1700503675\n|switch|p2a: Toxapex|Toxapex, F|100\/100\n|-damage|p2a: Toxapex|84\/100|[from] Spikes\n|turn|19\n|c|\u2606Icy glastrier|Para\n|\n|t:|1700503684\n|move|p1a: Iron Moth|Discharge|p2a: Toxapex\n|-supereffective|p2a: Toxapex\n|-damage|p2a: Toxapex|49\/100\n|move|p2a: Toxapex|Surf|p1a: Iron Moth\n|-supereffective|p1a: Iron Moth\n|-damage|p1a: Iron Moth|65\/100\n|\n|-heal|p1a: Iron Moth|71\/100|[from] Grassy Terrain\n|-heal|p2a: Toxapex|55\/100|[from] Grassy Terrain\n|-heal|p2a: Toxapex|62\/100|[from] item: Leftovers\n|-fieldend|move: Grassy Terrain\n|upkeep\n|turn|20\n|inactive|Icy glastrier has 240 seconds left.\n|c|\u2606Icy glastrier|Para\n|c|\u2606Icy glastrier|Para\n|c|\u2606Icy glastrier|Para\n|c| Denzqqq|Insane\n|c| hattorivt|DISCHARGE ??? WHO MADE THAT TEAM\n|inactive|MizuriKip has 90 seconds left.\n|\n|t:|1700503717\n|move|p1a: Iron Moth|Discharge|p2a: Toxapex\n|-supereffective|p2a: Toxapex\n|-damage|p2a: Toxapex|27\/100\n|-status|p2a: Toxapex|par\n|move|p2a: Toxapex|Recover|p2a: Toxapex\n|-heal|p2a: Toxapex|77\/100 par\n|\n|-heal|p2a: Toxapex|83\/100 par|[from] item: Leftovers\n|upkeep\n|turn|21\n|inactive|Icy glastrier has 240 seconds left.\n|inactive|MizuriKip has 90 seconds left.\n|c|\u2606Icy glastrier|Mr luck\n|c| Denzqqq|It's ok sandslash is scarfed..\n|c|\u2606MizuriKip|didnt you get a counter team\n|c|\u2606MizuriKip|and para me\n|c|\u2606MizuriKip|?\n|inactive|Icy glastrier has 210 seconds left.\n|c|\u2606Icy glastrier|I summon thee divine to give me the boost and para this heathen\n|\n|t:|1700503760\n|move|p1a: Iron Moth|Fiery Dance|p2a: Toxapex\n|-resisted|p2a: Toxapex\n|-damage|p2a: Toxapex|70\/100 par\n|-boost|p1a: Iron Moth|spa|1\n|move|p2a: Toxapex|Surf|p1a: Iron Moth\n|-supereffective|p1a: Iron Moth\n|-damage|p1a: Iron Moth|34\/100\n|\n|-heal|p2a: Toxapex|76\/100 par|[from] item: Leftovers\n|upkeep\n|turn|22\n|inactive|Icy glastrier has 210 seconds left.\n|inactive|MizuriKip has 90 seconds left.\n|c| Denzqqq|Tf\n|c|\u2606MizuriKip|insane cheats\n|\n|t:|1700503773\n|move|p1a: Iron Moth|Discharge|p2a: Toxapex\n|-supereffective|p2a: Toxapex\n|-damage|p2a: Toxapex|25\/100 par\n|cant|p2a: Toxapex|par\n|\n|-heal|p2a: Toxapex|31\/100 par|[from] item: Leftovers\n|upkeep\n|turn|23\n|inactive|MizuriKip has 90 seconds left.\n|c| Denzqqq|INSANE\n|c|\u2606MizuriKip|wtf\n|\n|t:|1700503793\n|-terastallize|p2a: Toxapex|Fairy\n|move|p1a: Iron Moth|Discharge|p2a: Toxapex\n|-damage|p2a: Toxapex|4\/100 par\n|cant|p2a: Toxapex|par\n|\n|-heal|p2a: Toxapex|10\/100 par|[from] item: Leftovers\n|upkeep\n|turn|24\n|c|\u2606MizuriKip|naw.....\n|c|\u2606Icy glastrier|L\n|inactive|Icy glastrier has 210 seconds left.\n|c|\u2606MizuriKip|why sell pex\n|\n|t:|1700503809\n|move|p1a: Iron Moth|Fiery Dance|p2a: Toxapex\n|-damage|p2a: Toxapex|0 fnt\n|-boost|p1a: Iron Moth|spa|1\n|faint|p2a: Toxapex\n|\n|upkeep\n|c| Denzqqq|Mhm\n|c| Denzqqq|So moth clears\n|\n|t:|1700503816\n|switch|p2a: Sandslash|Sandslash-Alola, M|100\/100\n|turn|25\n|c|\u2606MizuriKip|miss the fiery dance\n|c|\u2606MizuriKip|thanks\n|\n|t:|1700503824\n|move|p1a: Iron Moth|Fiery Dance|p2a: Sandslash\n|-supereffective|p2a: Sandslash\n|-damage|p2a: Sandslash|0 fnt\n|-boost|p1a: Iron Moth|spa|1\n|faint|p2a: Sandslash\n|\n|upkeep\n|c|\u2606MizuriKip|why didnt you miss man\n|\n|t:|1700503831\n|switch|p2a: Abomasnow|Abomasnow, F|100\/100\n|-damage|p2a: Abomasnow|84\/100|[from] Spikes\n|-weather|Snow|[from] ability: Snow Warning|[of] p2a: Abomasnow\n|turn|26\n|c|\u2606Icy glastrier|Fraudzuri...\n|inactive|MizuriKip has 90 seconds left.\n|c|\u2606Icy glastrier|Fiery dance can't miss\n|c|\u2606Icy glastrier|What are you on\n|c|\u2606MizuriKip|you got a counter team and still needed rng to win\n|inactive|Icy glastrier has 210 seconds left.\n|c|\u2606MizuriKip|aint even funny when you call me fraudzuri man\n|c|\u2606MizuriKip|at least have a valid point\n|c|\u2606Icy glastrier|Btw if you went into abomasnow then sandslash you would have won\n|inactive|Icy glastrier has 180 seconds left.\n|\n|t:|1700503886\n|move|p1a: Iron Moth|Fiery Dance|p2a: Abomasnow\n|-supereffective|p2a: Abomasnow\n|-damage|p2a: Abomasnow|0 fnt\n|-boost|p1a: Iron Moth|spa|1\n|faint|p2a: Abomasnow\n|\n|win|Icy glastrier\n|l| hattorivt\n|c|\u2606MizuriKip|yeah if you didnt get 2 paras in a row I would've won as well\n|c|\u2606Icy glastrier|Gg\n|j| hattorivt\n|l| Denzqqq\n|l| hattorivt\n|c|\u2606MizuriKip|switching is risky because of predictions\n|c|\u2606MizuriKip|imma get my food now\n|c|\u2606MizuriKip|munch munch\n","uploadtime":1700503925,"views":2,"p1id":"icyglastrier","p2id":"mizurikip","formatid":"gen9ubers","rating":0,"private":0,"password":""}