{"id":"gen9ubers-1979093396","p1":"zsg","p2":"LadyMaria-Blue","format":"[Gen 9] Ubers","log":"|j|\u2606zsg\n|j|\u2606LadyMaria-Blue\n|t:|1698631289\n|gametype|singles\n|player|p1|zsg|byron|\n|player|p2|LadyMaria-Blue|cynthia|\n|teamsize|p1|6\n|teamsize|p2|6\n|gen|9\n|tier|[Gen 9] Ubers\n|rule|Sleep Clause Mod: Limit one foe put to sleep\n|rule|Species Clause: Limit one of each Pok\u00e9mon\n|rule|OHKO Clause: OHKO moves are banned\n|rule|Evasion Items Clause: Evasion items are banned\n|rule|Evasion Moves Clause: Evasion moves are banned\n|rule|Endless Battle Clause: Forcing endless battles is banned\n|rule|HP Percentage Mod: HP is shown in percentages\n|clearpoke\n|poke|p1|Spectrier|\n|poke|p1|Cyclizar, M|\n|poke|p1|Dondozo, M|\n|poke|p1|Blissey, F|\n|poke|p1|Magearna|\n|poke|p1|Arceus-Fire|\n|poke|p2|Zacian-*|\n|poke|p2|Roaring Moon|\n|poke|p2|Palafin, F|\n|poke|p2|Spectrier|\n|poke|p2|Leavanny, F|\n|poke|p2|Arceus-Ice|\n|teampreview\n|c|\u2606zsg|gl hf!\n|c|\u2606LadyMaria-Blue|u2\n|\n|t:|1698631329\n|start\n|switch|p1a: Dondozo|Dondozo, M|100\/100\n|switch|p2a: Palafin|Palafin, F|100\/100\n|turn|1\n|\n|t:|1698631336\n|move|p2a: Palafin|Flip Turn|p1a: Dondozo\n|-resisted|p1a: Dondozo\n|-damage|p1a: Dondozo|93\/100\n|\n|t:|1698631338\n|detailschange|p2a: Palafin|Palafin-Hero, F\n|switch|p2a: Leavanny|Leavanny, F, shiny|100\/100|[from] Flip Turn\n|move|p1a: Dondozo|Yawn|p2a: Leavanny\n|-start|p2a: Leavanny|move: Yawn|[of] p1a: Dondozo\n|\n|-heal|p1a: Dondozo|99\/100|[from] item: Leftovers\n|upkeep\n|turn|2\n|\n|t:|1698631350\n|switch|p1a: Blissey|Blissey, F|100\/100\n|move|p2a: Leavanny|Sticky Web|p1a: Blissey\n|-sidestart|p1: zsg|move: Sticky Web\n|\n|-end|p2a: Leavanny|move: Yawn|[silent]\n|-status|p2a: Leavanny|slp\n|upkeep\n|turn|3\n|\n|t:|1698631359\n|switch|p2a: Palafin|Palafin-Hero, F|100\/100\n|-activate|p2a: Palafin|ability: Zero to Hero\n|move|p1a: Blissey|Stealth Rock|p2a: Palafin\n|-sidestart|p2: LadyMaria-Blue|move: Stealth Rock\n|\n|upkeep\n|turn|4\n|\n|t:|1698631368\n|switch|p1a: Dondozo|Dondozo, M|99\/100\n|-activate|p1a: Dondozo|move: Sticky Web\n|-unboost|p1a: Dondozo|spe|1\n|move|p2a: Palafin|Jet Punch|p1a: Dondozo\n|-resisted|p1a: Dondozo\n|-damage|p1a: Dondozo|88\/100\n|\n|-heal|p1a: Dondozo|94\/100|[from] item: Leftovers\n|upkeep\n|turn|5\n|\n|t:|1698631390\n|switch|p2a: Leavanny|Leavanny, F, shiny|100\/100 slp\n|-damage|p2a: Leavanny|76\/100 slp|[from] Stealth Rock\n|switch|p1a: Cyclizar|Cyclizar, M|100\/100\n|-activate|p1a: Cyclizar|move: Sticky Web\n|-unboost|p1a: Cyclizar|spe|1\n|\n|upkeep\n|turn|6\n|\n|t:|1698631400\n|switch|p2a: Spectrier|Spectrier|100\/100\n|-damage|p2a: Spectrier|88\/100|[from] Stealth Rock\n|move|p1a: Cyclizar|Overheat|p2a: Spectrier\n|-damage|p2a: Spectrier|55\/100\n|-unboost|p1a: Cyclizar|spa|2\n|\n|upkeep\n|turn|7\n|\n|t:|1698631406\n|move|p2a: Spectrier|Draining Kiss|p1a: Cyclizar\n|-supereffective|p1a: Cyclizar\n|-damage|p1a: Cyclizar|26\/100\n|-heal|p2a: Spectrier|100\/100|[from] drain|[of] p1a: Cyclizar\n|-damage|p2a: Spectrier|91\/100|[from] item: Life Orb\n|move|p1a: Cyclizar|Shed Tail|p1a: Cyclizar\n|-fail|p1a: Cyclizar|move: Shed Tail|[weak]\n|\n|-heal|p1a: Cyclizar|32\/100|[from] item: Leftovers\n|upkeep\n|turn|8\n|\n|t:|1698631412\n|switch|p1a: Blissey|Blissey, F|100\/100\n|-activate|p1a: Blissey|move: Sticky Web\n|-unboost|p1a: Blissey|spe|1\n|move|p2a: Spectrier|Substitute|p2a: Spectrier\n|-start|p2a: Spectrier|Substitute\n|-damage|p2a: Spectrier|66\/100\n|\n|upkeep\n|turn|9\n|\n|t:|1698631427\n|switch|p2a: Palafin|Palafin-Hero, F|100\/100\n|-damage|p2a: Palafin|88\/100|[from] Stealth Rock\n|move|p1a: Blissey|Soft-Boiled||[still]\n|-fail|p1a: Blissey|heal\n|\n|upkeep\n|turn|10\n|\n|t:|1698631431\n|move|p2a: Palafin|Flip Turn|p1a: Blissey\n|-damage|p1a: Blissey|0 fnt\n|faint|p1a: Blissey\n|\n|t:|1698631449\n|switch|p2a: Spectrier|Spectrier|66\/100|[from] Flip Turn\n|-damage|p2a: Spectrier|53\/100|[from] Stealth Rock\n|\n|upkeep\n|\n|t:|1698631465\n|switch|p1a: Magearna|Magearna|100\/100\n|-activate|p1a: Magearna|move: Sticky Web\n|-unboost|p1a: Magearna|spe|1\n|turn|11\n|\n|t:|1698631480\n|switch|p2a: Leavanny|Leavanny, F, shiny|76\/100 slp\n|-damage|p2a: Leavanny|51\/100 slp|[from] Stealth Rock\n|move|p1a: Magearna|Dazzling Gleam|p2a: Leavanny\n|-crit|p2a: Leavanny\n|-damage|p2a: Leavanny|0 fnt\n|faint|p2a: Leavanny\n|-ability|p1a: Magearna|Soul-Heart|boost\n|-boost|p1a: Magearna|spa|1\n|\n|upkeep\n|\n|t:|1698631490\n|switch|p2a: Palafin|Palafin-Hero, F|88\/100\n|-damage|p2a: Palafin|76\/100|[from] Stealth Rock\n|turn|12\n|\n|t:|1698631514\n|switch|p1a: Dondozo|Dondozo, M|94\/100\n|-activate|p1a: Dondozo|move: Sticky Web\n|-unboost|p1a: Dondozo|spe|1\n|move|p2a: Palafin|Jet Punch|p1a: Dondozo\n|-resisted|p1a: Dondozo\n|-damage|p1a: Dondozo|82\/100\n|\n|-heal|p1a: Dondozo|89\/100|[from] item: Leftovers\n|upkeep\n|turn|13\n|\n|t:|1698631523\n|switch|p2a: Roaring Moon|Roaring Moon|100\/100\n|-damage|p2a: Roaring Moon|88\/100|[from] Stealth Rock\n|-enditem|p2a: Roaring Moon|Booster Energy\n|-activate|p2a: Roaring Moon|ability: Protosynthesis|[fromitem]\n|-start|p2a: Roaring Moon|protosynthesisatk\n|move|p1a: Dondozo|Yawn|p2a: Roaring Moon\n|-start|p2a: Roaring Moon|move: Yawn|[of] p1a: Dondozo\n|\n|-heal|p1a: Dondozo|95\/100|[from] item: Leftovers\n|upkeep\n|turn|14\n|\n|t:|1698631533\n|move|p2a: Roaring Moon|Dragon Dance|p2a: Roaring Moon\n|-boost|p2a: Roaring Moon|atk|1\n|-boost|p2a: Roaring Moon|spe|1\n|move|p1a: Dondozo|Liquidation|p2a: Roaring Moon\n|-resisted|p2a: Roaring Moon\n|-damage|p2a: Roaring Moon|68\/100\n|\n|-heal|p1a: Dondozo|100\/100|[from] item: Leftovers\n|-end|p2a: Roaring Moon|move: Yawn|[silent]\n|-status|p2a: Roaring Moon|slp\n|upkeep\n|turn|15\n|\n|t:|1698631538\n|switch|p1a: Spectrier|Spectrier|100\/100\n|-activate|p1a: Spectrier|move: Sticky Web\n|-unboost|p1a: Spectrier|spe|1\n|cant|p2a: Roaring Moon|slp\n|\n|upkeep\n|turn|16\n|\n|t:|1698631547\n|cant|p2a: Roaring Moon|slp\n|move|p1a: Spectrier|Agility|p1a: Spectrier\n|-boost|p1a: Spectrier|spe|2\n|\n|upkeep\n|turn|17\n|\n|t:|1698631550\n|-terastallize|p1a: Spectrier|Fighting\n|move|p1a: Spectrier|Tera Blast|p2a: Roaring Moon|[anim] Tera Blast Fighting\n|-supereffective|p2a: Roaring Moon\n|-damage|p2a: Roaring Moon|0 fnt\n|faint|p2a: Roaring Moon\n|-end|p2a: Roaring Moon|Protosynthesis|[silent]\n|-ability|p1a: Spectrier|Grim Neigh|boost\n|-boost|p1a: Spectrier|spa|1\n|-damage|p1a: Spectrier|91\/100|[from] item: Life Orb\n|\n|upkeep\n|\n|t:|1698631556\n|switch|p2a: Palafin|Palafin-Hero, F|76\/100\n|-damage|p2a: Palafin|64\/100|[from] Stealth Rock\n|turn|18\n|\n|t:|1698631561\n|move|p2a: Palafin|Jet Punch|p1a: Spectrier\n|-damage|p1a: Spectrier|1\/100\n|move|p1a: Spectrier|Shadow Ball|p2a: Palafin\n|-damage|p2a: Palafin|0 fnt\n|faint|p2a: Palafin\n|-ability|p1a: Spectrier|Grim Neigh|boost\n|-boost|p1a: Spectrier|spa|1\n|-damage|p1a: Spectrier|0 fnt|[from] item: Life Orb\n|faint|p1a: Spectrier\n|\n|upkeep\n|\n|t:|1698631590\n|switch|p1a: Arceus|Arceus-Fire|100\/100\n|switch|p2a: Spectrier|Spectrier|53\/100\n|-damage|p2a: Spectrier|41\/100|[from] Stealth Rock\n|-activate|p1a: Arceus|move: Sticky Web\n|-unboost|p1a: Arceus|spe|1\n|turn|19\n|\n|t:|1698631603\n|move|p2a: Spectrier|Shadow Ball|p1a: Arceus\n|-damage|p1a: Arceus|56\/100\n|-damage|p2a: Spectrier|31\/100|[from] item: Life Orb\n|move|p1a: Arceus|Flare Blitz|p2a: Spectrier\n|-damage|p2a: Spectrier|0 fnt\n|faint|p2a: Spectrier\n|-damage|p1a: Arceus|47\/100|[from] Recoil\n|\n|upkeep\n|\n|t:|1698631614\n|switch|p2a: Zacian|Zacian|100\/100\n|-damage|p2a: Zacian|88\/100|[from] Stealth Rock\n|-ability|p2a: Zacian|Intrepid Sword|boost\n|-boost|p2a: Zacian|atk|1\n|turn|20\n|\n|t:|1698631636\n|move|p1a: Arceus|Extreme Speed|p2a: Zacian\n|-damage|p2a: Zacian|66\/100\n|move|p2a: Zacian|Close Combat|p1a: Arceus\n|-damage|p1a: Arceus|0 fnt\n|-unboost|p2a: Zacian|def|1\n|-unboost|p2a: Zacian|spd|1\n|faint|p1a: Arceus\n|-damage|p2a: Zacian|56\/100|[from] item: Life Orb\n|\n|upkeep\n|\n|t:|1698631644\n|switch|p1a: Dondozo|Dondozo, M|100\/100\n|-activate|p1a: Dondozo|move: Sticky Web\n|-unboost|p1a: Dondozo|spe|1\n|turn|21\n|\n|t:|1698631650\n|move|p2a: Zacian|Trailblaze|p1a: Dondozo\n|-supereffective|p1a: Dondozo\n|-damage|p1a: Dondozo|79\/100\n|-boost|p2a: Zacian|spe|1\n|-damage|p2a: Zacian|46\/100|[from] item: Life Orb\n|move|p1a: Dondozo|Liquidation|p2a: Zacian\n|-damage|p2a: Zacian|16\/100\n|\n|-heal|p1a: Dondozo|85\/100|[from] item: Leftovers\n|upkeep\n|turn|22\n|\n|t:|1698631658\n|move|p2a: Zacian|Close Combat|p1a: Dondozo\n|-damage|p1a: Dondozo|62\/100\n|-unboost|p2a: Zacian|def|1\n|-unboost|p2a: Zacian|spd|1\n|-damage|p2a: Zacian|7\/100|[from] item: Life Orb\n|move|p1a: Dondozo|Liquidation|p2a: Zacian\n|-damage|p2a: Zacian|0 fnt\n|faint|p2a: Zacian\n|\n|-heal|p1a: Dondozo|68\/100|[from] item: Leftovers\n|upkeep\n|\n|t:|1698631660\n|switch|p2a: Arceus|Arceus-Ice|100\/100\n|-damage|p2a: Arceus|76\/100|[from] Stealth Rock\n|turn|23\n|\n|t:|1698631668\n|move|p2a: Arceus|Calm Mind|p2a: Arceus\n|-boost|p2a: Arceus|spa|1\n|-boost|p2a: Arceus|spd|1\n|move|p1a: Dondozo|Yawn|p2a: Arceus\n|-start|p2a: Arceus|move: Yawn|[of] p1a: Dondozo\n|\n|-heal|p1a: Dondozo|74\/100|[from] item: Leftovers\n|upkeep\n|turn|24\n|\n|t:|1698631680\n|switch|p1a: Magearna|Magearna|100\/100\n|-activate|p1a: Magearna|move: Sticky Web\n|-unboost|p1a: Magearna|spe|1\n|move|p2a: Arceus|Thunderbolt|p1a: Magearna\n|-damage|p1a: Magearna|79\/100\n|\n|-end|p2a: Arceus|move: Yawn|[silent]\n|-status|p2a: Arceus|slp\n|upkeep\n|turn|25\n|\n|t:|1698631689\n|-terastallize|p2a: Arceus|Electric\n|cant|p2a: Arceus|slp\n|move|p1a: Magearna|Aura Sphere|p2a: Arceus\n|-damage|p2a: Arceus|60\/100 slp\n|\n|upkeep\n|turn|26\n|\n|t:|1698631698\n|cant|p2a: Arceus|slp\n|move|p1a: Magearna|Dazzling Gleam|p2a: Arceus\n|-damage|p2a: Arceus|40\/100 slp\n|\n|upkeep\n|turn|27\n|\n|t:|1698631701\n|cant|p2a: Arceus|slp\n|move|p1a: Magearna|Dazzling Gleam|p2a: Arceus\n|-damage|p2a: Arceus|20\/100 slp\n|\n|upkeep\n|turn|28\n|\n|t:|1698631706\n|-curestatus|p2a: Arceus|slp|[msg]\n|move|p2a: Arceus|Flamethrower|p1a: Magearna\n|-supereffective|p1a: Magearna\n|-damage|p1a: Magearna|38\/100\n|move|p1a: Magearna|Dazzling Gleam|p2a: Arceus\n|-damage|p2a: Arceus|0 fnt\n|faint|p2a: Arceus\n|\n|win|zsg\n|c|\u2606LadyMaria-Blue|ggs\n|c|\u2606zsg|gg\n","uploadtime":1698631716,"views":14,"p1id":"zsg","p2id":"ladymariablue","formatid":"gen9ubers","rating":0,"private":0,"password":""}