{"id":"gen9ubers-1981380276","p1":"HinaKagiyama1","p2":"PinkScourge","format":"[Gen 9] Ubers","log":"|j|\u2606HinaKagiyama1\n|j|\u2606PinkScourge\n|t:|1698889491\n|gametype|singles\n|player|p1|HinaKagiyama1|2|\n|player|p2|PinkScourge|bede-leader|\n|teamsize|p1|6\n|teamsize|p2|6\n|gen|9\n|tier|[Gen 9] Ubers\n|rule|Sleep Clause Mod: Limit one foe put to sleep\n|rule|Species Clause: Limit one of each Pok\u00e9mon\n|rule|OHKO Clause: OHKO moves are banned\n|rule|Evasion Items Clause: Evasion items are banned\n|rule|Evasion Moves Clause: Evasion moves are banned\n|rule|Endless Battle Clause: Forcing endless battles is banned\n|rule|HP Percentage Mod: HP is shown in percentages\n|clearpoke\n|poke|p1|Tyranitar, F|\n|poke|p1|Arceus-Rock|\n|poke|p1|Garchomp, M|\n|poke|p1|Donphan, M|\n|poke|p1|Magearna|\n|poke|p1|Houndstone, M|\n|poke|p2|Alomomola, M|\n|poke|p2|Ninetales-Alola, M|\n|poke|p2|Baxcalibur, F|\n|poke|p2|Weezing-Galar, F|\n|poke|p2|Slowking, F|\n|poke|p2|Arceus-Fire|\n|teampreview\n|inactive|Battle timer is ON: inactive players will automatically lose when time's up. (requested by PinkScourge)\n|c|\u2606HinaKagiyama1|Weird looking glowbro\n|\n|t:|1698889506\n|start\n|switch|p1a: Uwu orb|Magearna|100\/100\n|switch|p2a: Ninetales|Ninetales-Alola, M|100\/100\n|-weather|Snow|[from] ability: Snow Warning|[of] p2a: Ninetales\n|turn|1\n|\n|t:|1698889515\n|switch|p2a: Arceus|Arceus-Fire|100\/100\n|move|p1a: Uwu orb|Volt Switch|p2a: Arceus\n|-crit|p2a: Arceus\n|-damage|p2a: Arceus|81\/100\n|\n|t:|1698889520\n|switch|p1a: Arc the rock eus|Arceus-Rock|100\/100|[from] Volt Switch\n|\n|-weather|Snow|[upkeep]\n|upkeep\n|turn|2\n|\n|t:|1698889536\n|switch|p2a: Slowking|Slowking, F|100\/100\n|move|p1a: Arc the rock eus|Judgment|p2a: Slowking\n|-damage|p2a: Slowking|65\/100\n|\n|-weather|Snow|[upkeep]\n|upkeep\n|turn|3\n|\n|t:|1698889549\n|switch|p1a: DREAM ON|Tyranitar, F|100\/100\n|-weather|Sandstorm|[from] ability: Sand Stream|[of] p1a: DREAM ON\n|move|p2a: Slowking|Thunder Wave|p1a: DREAM ON\n|-status|p1a: DREAM ON|par\n|\n|-weather|Sandstorm|[upkeep]\n|-damage|p2a: Slowking|59\/100|[from] Sandstorm\n|upkeep\n|turn|4\n|\n|t:|1698889557\n|switch|p2a: Alomomola|Alomomola, M|100\/100\n|cant|p1a: DREAM ON|par\n|\n|-weather|Sandstorm|[upkeep]\n|-damage|p2a: Alomomola|94\/100|[from] Sandstorm\n|upkeep\n|turn|5\n|\n|t:|1698889564\n|switch|p1a: Uwu orb|Magearna|100\/100\n|move|p2a: Alomomola|Flip Turn|p1a: Uwu orb\n|-damage|p1a: Uwu orb|86\/100\n|\n|t:|1698889575\n|switch|p2a: Arceus|Arceus-Fire|81\/100|[from] Flip Turn\n|\n|-weather|Sandstorm|[upkeep]\n|-damage|p2a: Arceus|75\/100|[from] Sandstorm\n|-heal|p1a: Uwu orb|92\/100|[from] item: Leftovers\n|upkeep\n|turn|6\n|\n|t:|1698889596\n|move|p2a: Arceus|Recover|p2a: Arceus\n|-heal|p2a: Arceus|100\/100\n|move|p1a: Uwu orb|Volt Switch|p2a: Arceus\n|-damage|p2a: Arceus|86\/100\n|\n|t:|1698889599\n|switch|p1a: Arc the rock eus|Arceus-Rock|100\/100|[from] Volt Switch\n|\n|-weather|Sandstorm|[upkeep]\n|-damage|p2a: Arceus|80\/100|[from] Sandstorm\n|upkeep\n|turn|7\n|\n|t:|1698889613\n|-terastallize|p2a: Arceus|Dark\n|move|p1a: Arc the rock eus|Judgment|p2a: Arceus\n|-damage|p2a: Arceus|56\/100\n|move|p2a: Arceus|Perish Song|p2a: Arceus\n|-start|p1a: Arc the rock eus|perish3|[silent]\n|-start|p2a: Arceus|perish3|[silent]\n|-fieldactivate|move: Perish Song\n|\n|-weather|Sandstorm|[upkeep]\n|-damage|p2a: Arceus|50\/100|[from] Sandstorm\n|-start|p1a: Arc the rock eus|perish3\n|-start|p2a: Arceus|perish3\n|upkeep\n|turn|8\n|\n|t:|1698889624\n|switch|p1a: Uwu orb|Magearna|92\/100\n|move|p2a: Arceus|Recover|p2a: Arceus\n|-heal|p2a: Arceus|99\/100\n|\n|-weather|Sandstorm|[upkeep]\n|-damage|p2a: Arceus|94\/100|[from] Sandstorm\n|-heal|p1a: Uwu orb|98\/100|[from] item: Leftovers\n|-start|p2a: Arceus|perish2\n|upkeep\n|turn|9\n|\n|t:|1698889630\n|switch|p2a: Alomomola|Alomomola, M|100\/100\n|move|p1a: Uwu orb|Fleur Cannon|p2a: Alomomola\n|-damage|p2a: Alomomola|31\/100\n|-unboost|p1a: Uwu orb|spa|2\n|\n|-weather|Sandstorm|[upkeep]\n|-damage|p2a: Alomomola|25\/100|[from] Sandstorm\n|-heal|p1a: Uwu orb|100\/100|[from] item: Leftovers\n|upkeep\n|turn|10\n|\n|t:|1698889658\n|switch|p2a: Slowking|Slowking, F|92\/100\n|move|p1a: Uwu orb|Volt Switch|p2a: Slowking\n|-supereffective|p2a: Slowking\n|-damage|p2a: Slowking|71\/100\n|\n|t:|1698889665\n|switch|p1a: DREAM ON|Tyranitar, F|100\/100 par|[from] Volt Switch\n|\n|-weather|none\n|upkeep\n|turn|11\n|\n|t:|1698889673\n|switch|p2a: Alomomola|Alomomola, M|58\/100\n|move|p1a: DREAM ON|Knock Off|p2a: Alomomola\n|-damage|p2a: Alomomola|23\/100\n|-damage|p1a: DREAM ON|84\/100 par|[from] item: Rocky Helmet|[of] p2a: Alomomola\n|-enditem|p2a: Alomomola|Rocky Helmet|[from] move: Knock Off|[of] p1a: DREAM ON\n|\n|upkeep\n|turn|12\n|\n|t:|1698889691\n|switch|p2a: Weezing|Weezing-Galar, F|100\/100\n|move|p1a: DREAM ON|Stone Edge|p2a: Weezing\n|-damage|p2a: Weezing|63\/100\n|\n|-heal|p2a: Weezing|69\/100|[from] item: Leftovers\n|upkeep\n|turn|13\n|\n|t:|1698889697\n|move|p2a: Weezing|Strange Steam|p1a: DREAM ON\n|-supereffective|p1a: DREAM ON\n|-damage|p1a: DREAM ON|37\/100 par\n|cant|p1a: DREAM ON|par\n|\n|-heal|p2a: Weezing|75\/100|[from] item: Leftovers\n|upkeep\n|turn|14\n|\n|t:|1698889705\n|switch|p1a: Uwu orb|Magearna|100\/100\n|move|p2a: Weezing|Will-O-Wisp|p1a: Uwu orb\n|-status|p1a: Uwu orb|brn\n|\n|-heal|p2a: Weezing|81\/100|[from] item: Leftovers\n|-damage|p1a: Uwu orb|94\/100 brn|[from] brn\n|upkeep\n|turn|15\n|\n|t:|1698889722\n|switch|p2a: Slowking|Slowking, F|100\/100\n|move|p1a: Uwu orb|Volt Switch|p2a: Slowking\n|-supereffective|p2a: Slowking\n|-damage|p2a: Slowking|60\/100\n|\n|t:|1698889726\n|switch|p1a: Donphozo|Donphan, M|100\/100|[from] Volt Switch\n|\n|upkeep\n|turn|16\n|\n|t:|1698889732\n|switch|p2a: Alomomola|Alomomola, M|56\/100\n|move|p1a: Donphozo|Knock Off|p2a: Alomomola\n|-damage|p2a: Alomomola|41\/100\n|\n|upkeep\n|turn|17\n|\n|t:|1698889744\n|move|p1a: Donphozo|Earthquake|p2a: Alomomola\n|-damage|p2a: Alomomola|5\/100\n|move|p2a: Alomomola|Wish|p2a: Alomomola\n|\n|upkeep\n|turn|18\n|\n|t:|1698889752\n|move|p2a: Alomomola|Protect|p2a: Alomomola\n|-singleturn|p2a: Alomomola|Protect\n|move|p1a: Donphozo|Earthquake|p2a: Alomomola\n|-activate|p2a: Alomomola|move: Protect\n|\n|-heal|p2a: Alomomola|55\/100|[from] move: Wish|[wisher] Alomomola\n|upkeep\n|turn|19\n|\n|t:|1698889755\n|move|p1a: Donphozo|Earthquake|p2a: Alomomola\n|-damage|p2a: Alomomola|24\/100\n|move|p2a: Alomomola|Wish|p2a: Alomomola\n|\n|upkeep\n|turn|20\n|\n|t:|1698889760\n|switch|p1a: DREAM ON|Tyranitar, F|37\/100 par\n|-weather|Sandstorm|[from] ability: Sand Stream|[of] p1a: DREAM ON\n|move|p2a: Alomomola|Protect||[still]\n|-fail|p2a: Alomomola\n|\n|-weather|Sandstorm|[upkeep]\n|-damage|p2a: Alomomola|18\/100|[from] Sandstorm\n|-heal|p2a: Alomomola|68\/100|[from] move: Wish|[wisher] Alomomola\n|upkeep\n|turn|21\n|\n|t:|1698889764\n|switch|p1a: Donphozo|Donphan, M|100\/100\n|move|p2a: Alomomola|Wish|p2a: Alomomola\n|\n|-weather|Sandstorm|[upkeep]\n|-damage|p2a: Alomomola|62\/100|[from] Sandstorm\n|upkeep\n|turn|22\n|\n|t:|1698889783\n|move|p1a: Donphozo|Earthquake|p2a: Alomomola\n|-damage|p2a: Alomomola|31\/100\n|move|p2a: Alomomola|Scald|p1a: Donphozo\n|-supereffective|p1a: Donphozo\n|-damage|p1a: Donphozo|64\/100\n|\n|-weather|Sandstorm|[upkeep]\n|-damage|p2a: Alomomola|25\/100|[from] Sandstorm\n|-heal|p2a: Alomomola|75\/100|[from] move: Wish|[wisher] Alomomola\n|upkeep\n|turn|23\n|\n|t:|1698889790\n|switch|p1a: Uwu orb|Magearna|94\/100 brn\n|move|p2a: Alomomola|Wish|p2a: Alomomola\n|\n|-weather|Sandstorm|[upkeep]\n|-damage|p2a: Alomomola|69\/100|[from] Sandstorm\n|-heal|p1a: Uwu orb|100\/100 brn|[from] item: Leftovers\n|-damage|p1a: Uwu orb|94\/100 brn|[from] brn\n|upkeep\n|turn|24\n|\n|t:|1698889805\n|switch|p2a: Slowking|Slowking, F|94\/100\n|move|p1a: Uwu orb|Spikes|p2a: Slowking\n|-sidestart|p2: PinkScourge|Spikes\n|\n|-weather|Sandstorm|[upkeep]\n|-damage|p2a: Slowking|88\/100|[from] Sandstorm\n|-heal|p2a: Slowking|100\/100|[from] move: Wish|[wisher] Alomomola\n|-heal|p1a: Uwu orb|100\/100 brn|[from] item: Leftovers\n|-damage|p1a: Uwu orb|94\/100 brn|[from] brn\n|upkeep\n|turn|25\n|\n|t:|1698889809\n|move|p1a: Uwu orb|Volt Switch|p2a: Slowking\n|-supereffective|p2a: Slowking\n|-damage|p2a: Slowking|59\/100\n|\n|t:|1698889833\n|switch|p1a: DREAM ON|Tyranitar, F|37\/100 par|[from] Volt Switch\n|move|p2a: Slowking|Future Sight|p1a: DREAM ON\n|-start|p2a: Slowking|move: Future Sight\n|\n|-weather|Sandstorm|[upkeep]\n|-damage|p2a: Slowking|53\/100|[from] Sandstorm\n|upkeep\n|turn|26\n|\n|t:|1698889839\n|switch|p2a: Alomomola|Alomomola, M|100\/100\n|-damage|p2a: Alomomola|88\/100|[from] Spikes\n|move|p1a: DREAM ON|Knock Off|p2a: Alomomola\n|-damage|p2a: Alomomola|64\/100\n|\n|-weather|Sandstorm|[upkeep]\n|-damage|p2a: Alomomola|58\/100|[from] Sandstorm\n|upkeep\n|turn|27\n|inactive|HinaKagiyama1 has 270 seconds left.\n|\n|t:|1698889870\n|move|p2a: Alomomola|Flip Turn|p1a: DREAM ON\n|-supereffective|p1a: DREAM ON\n|-damage|p1a: DREAM ON|12\/100 par\n|\n|t:|1698889875\n|switch|p2a: Arceus|Arceus-Fire, tera:Dark|94\/100|[from] Flip Turn\n|-damage|p2a: Arceus|82\/100|[from] Spikes\n|move|p1a: DREAM ON|Stone Edge|p2a: Arceus\n|-damage|p2a: Arceus|46\/100\n|\n|-weather|none\n|-end|p1a: DREAM ON|move: Future Sight\n|-immune|p1a: DREAM ON\n|upkeep\n|turn|28\n|inactive|HinaKagiyama1 has 270 seconds left.\n|\n|t:|1698889894\n|switch|p1a: Uwu orb|Magearna|94\/100 brn\n|move|p2a: Arceus|Recover|p2a: Arceus\n|-heal|p2a: Arceus|96\/100\n|\n|-heal|p1a: Uwu orb|100\/100 brn|[from] item: Leftovers\n|-damage|p1a: Uwu orb|94\/100 brn|[from] brn\n|upkeep\n|turn|29\n|\n|t:|1698889903\n|move|p2a: Arceus|Judgment|p1a: Uwu orb\n|-supereffective|p1a: Uwu orb\n|-damage|p1a: Uwu orb|15\/100 brn\n|move|p1a: Uwu orb|Volt Switch|p2a: Arceus\n|-damage|p2a: Arceus|82\/100\n|inactive|HinaKagiyama1 has 270 seconds left.\n|c|\u2606HinaKagiyama1|\u2026.ow\n|\n|t:|1698889930\n|switch|p1a: Arc the rock eus|Arceus-Rock|100\/100|[from] Volt Switch\n|\n|upkeep\n|turn|30\n|\n|t:|1698889934\n|move|p1a: Arc the rock eus|Judgment|p2a: Arceus\n|-damage|p2a: Arceus|60\/100\n|move|p2a: Arceus|Perish Song|p2a: Arceus\n|-start|p1a: Arc the rock eus|perish3|[silent]\n|-start|p2a: Arceus|perish3|[silent]\n|-fieldactivate|move: Perish Song\n|\n|-start|p1a: Arc the rock eus|perish3\n|-start|p2a: Arceus|perish3\n|upkeep\n|turn|31\n|inactive|HinaKagiyama1 has 270 seconds left.\n|\n|t:|1698889952\n|switch|p1a: Uwu orb|Magearna|15\/100 brn\n|move|p2a: Arceus|Recover|p2a: Arceus\n|-heal|p2a: Arceus|100\/100\n|\n|-heal|p1a: Uwu orb|21\/100 brn|[from] item: Leftovers\n|-damage|p1a: Uwu orb|15\/100 brn|[from] brn\n|-start|p2a: Arceus|perish2\n|upkeep\n|turn|32\n|inactive|HinaKagiyama1 has 270 seconds left.\n|\n|t:|1698889958\n|switch|p1a: Arc the rock eus|Arceus-Rock|100\/100\n|move|p2a: Arceus|Judgment|p1a: Arc the rock eus\n|-resisted|p1a: Arc the rock eus\n|-damage|p1a: Arc the rock eus|83\/100\n|\n|-start|p2a: Arceus|perish1\n|upkeep\n|turn|33\n|\n|t:|1698889969\n|switch|p2a: Slowking|Slowking, F|86\/100\n|move|p1a: Arc the rock eus|Judgment|p2a: Slowking\n|-damage|p2a: Slowking|45\/100\n|\n|upkeep\n|turn|34\n|inactive|HinaKagiyama1 has 270 seconds left.\n|\n|t:|1698889996\n|move|p1a: Arc the rock eus|Taunt|p2a: Slowking\n|-start|p2a: Slowking|move: Taunt\n|cant|p2a: Slowking|move: Taunt|Chilly Reception\n|\n|upkeep\n|turn|35\n|\n|t:|1698890004\n|move|p1a: Arc the rock eus|Judgment|p2a: Slowking\n|-damage|p2a: Slowking|3\/100\n|move|p2a: Slowking|Future Sight|p1a: Arc the rock eus\n|-start|p2a: Slowking|move: Future Sight\n|\n|upkeep\n|turn|36\n|inactive|HinaKagiyama1 has 270 seconds left.\n|\n|t:|1698890030\n|switch|p2a: Arceus|Arceus-Fire, tera:Dark|100\/100\n|-damage|p2a: Arceus|88\/100|[from] Spikes\n|move|p1a: Arc the rock eus|Judgment|p2a: Arceus\n|-damage|p2a: Arceus|63\/100\n|\n|upkeep\n|turn|37\n|\n|t:|1698890038\n|move|p1a: Arc the rock eus|Taunt|p2a: Arceus\n|-start|p2a: Arceus|move: Taunt\n|move|p2a: Arceus|Foul Play|p1a: Arc the rock eus\n|-damage|p1a: Arc the rock eus|65\/100\n|\n|-end|p1a: Arc the rock eus|move: Future Sight\n|-damage|p1a: Arc the rock eus|40\/100\n|upkeep\n|turn|38\n|c|\u2606HinaKagiyama1|I was very worried for that last move being a trapping move\n|\n|t:|1698890054\n|switch|p2a: Alomomola|Alomomola, M|91\/100\n|-damage|p2a: Alomomola|79\/100|[from] Spikes\n|move|p1a: Arc the rock eus|Recover|p1a: Arc the rock eus\n|-heal|p1a: Arc the rock eus|90\/100\n|\n|upkeep\n|turn|39\n|\n|t:|1698890063\n|move|p1a: Arc the rock eus|Taunt|p2a: Alomomola\n|-start|p2a: Alomomola|move: Taunt\n|move|p2a: Alomomola|Flip Turn|p1a: Arc the rock eus\n|-supereffective|p1a: Arc the rock eus\n|-damage|p1a: Arc the rock eus|66\/100\n|\n|t:|1698890087\n|switch|p2a: Arceus|Arceus-Fire, tera:Dark|63\/100|[from] Flip Turn\n|-damage|p2a: Arceus|51\/100|[from] Spikes\n|\n|upkeep\n|turn|40\n|\n|t:|1698890099\n|move|p1a: Arc the rock eus|Calm Mind|p1a: Arc the rock eus\n|-boost|p1a: Arc the rock eus|spa|1\n|-boost|p1a: Arc the rock eus|spd|1\n|move|p2a: Arceus|Perish Song|p2a: Arceus\n|-start|p1a: Arc the rock eus|perish3|[silent]\n|-start|p2a: Arceus|perish3|[silent]\n|-fieldactivate|move: Perish Song\n|\n|-start|p1a: Arc the rock eus|perish3\n|-start|p2a: Arceus|perish3\n|upkeep\n|turn|41\n|\n|t:|1698890105\n|switch|p2a: Alomomola|Alomomola, M|100\/100\n|-damage|p2a: Alomomola|88\/100|[from] Spikes\n|move|p1a: Arc the rock eus|Judgment|p2a: Alomomola\n|-damage|p2a: Alomomola|26\/100\n|\n|-start|p1a: Arc the rock eus|perish2\n|upkeep\n|turn|42\n|\n|t:|1698890112\n|move|p2a: Alomomola|Protect|p2a: Alomomola\n|-singleturn|p2a: Alomomola|Protect\n|move|p1a: Arc the rock eus|Judgment|p2a: Alomomola\n|-activate|p2a: Alomomola|move: Protect\n|\n|-start|p1a: Arc the rock eus|perish1\n|upkeep\n|turn|43\n|\n|t:|1698890116\n|switch|p1a: Uwu orb|Magearna|15\/100 brn\n|move|p2a: Alomomola|Wish|p2a: Alomomola\n|\n|-heal|p1a: Uwu orb|21\/100 brn|[from] item: Leftovers\n|-damage|p1a: Uwu orb|15\/100 brn|[from] brn\n|upkeep\n|turn|44\n|\n|t:|1698890123\n|move|p2a: Alomomola|Protect|p2a: Alomomola\n|-singleturn|p2a: Alomomola|Protect\n|move|p1a: Uwu orb|Spikes|p2a: Alomomola\n|-sidestart|p2: PinkScourge|Spikes\n|\n|-heal|p2a: Alomomola|76\/100|[from] move: Wish|[wisher] Alomomola\n|-heal|p1a: Uwu orb|21\/100 brn|[from] item: Leftovers\n|-damage|p1a: Uwu orb|15\/100 brn|[from] brn\n|upkeep\n|turn|45\n|c|\u2606HinaKagiyama1|Dont you love spikes?\n|\n|t:|1698890135\n|move|p1a: Uwu orb|Volt Switch|p2a: Alomomola\n|-supereffective|p2a: Alomomola\n|-damage|p2a: Alomomola|31\/100\n|\n|t:|1698890140\n|switch|p1a: Arc the rock eus|Arceus-Rock|66\/100|[from] Volt Switch\n|move|p2a: Alomomola|Wish|p2a: Alomomola\n|\n|upkeep\n|turn|46\n|c|\u2606HinaKagiyama1|How have I only used ONE recover\n|\n|t:|1698890155\n|switch|p2a: Slowking|Slowking, F|37\/100\n|move|p1a: Arc the rock eus|Calm Mind|p1a: Arc the rock eus\n|-boost|p1a: Arc the rock eus|spa|1\n|-boost|p1a: Arc the rock eus|spd|1\n|\n|-heal|p2a: Slowking|97\/100|[from] move: Wish|[wisher] Alomomola\n|upkeep\n|turn|47\n|\n|t:|1698890165\n|move|p1a: Arc the rock eus|Taunt|p2a: Slowking\n|-start|p2a: Slowking|move: Taunt\n|move|p2a: Slowking|Future Sight|p1a: Arc the rock eus\n|-start|p2a: Slowking|move: Future Sight\n|\n|upkeep\n|turn|48\n|\n|t:|1698890168\n|move|p1a: Arc the rock eus|Judgment|p2a: Slowking\n|-damage|p2a: Slowking|37\/100\n|move|p2a: Slowking|Scald|p1a: Arc the rock eus\n|-supereffective|p1a: Arc the rock eus\n|-damage|p1a: Arc the rock eus|41\/100\n|\n|upkeep\n|turn|49\n|\n|t:|1698890177\n|move|p1a: Arc the rock eus|Recover|p1a: Arc the rock eus\n|-heal|p1a: Arc the rock eus|91\/100\n|move|p2a: Slowking|Scald|p1a: Arc the rock eus\n|-supereffective|p1a: Arc the rock eus\n|-crit|p1a: Arc the rock eus\n|-damage|p1a: Arc the rock eus|34\/100\n|-status|p1a: Arc the rock eus|brn\n|\n|-end|p1a: Arc the rock eus|move: Future Sight\n|-damage|p1a: Arc the rock eus|16\/100 brn\n|-damage|p1a: Arc the rock eus|10\/100 brn|[from] brn\n|-end|p2a: Slowking|move: Taunt\n|upkeep\n|turn|50\n|\n|t:|1698890190\n|move|p1a: Arc the rock eus|Recover|p1a: Arc the rock eus\n|-heal|p1a: Arc the rock eus|60\/100 brn\n|move|p2a: Slowking|Chilly Reception|p2a: Slowking\n|-weather|Snow\n|\n|t:|1698890202\n|switch|p2a: Alomomola|Alomomola, M|64\/100|[from] Chilly Reception\n|-damage|p2a: Alomomola|47\/100|[from] Spikes\n|\n|-weather|Snow|[upkeep]\n|-damage|p1a: Arc the rock eus|54\/100 brn|[from] brn\n|upkeep\n|turn|51\n|\n|t:|1698890210\n|move|p1a: Arc the rock eus|Judgment|p2a: Alomomola\n|-damage|p2a: Alomomola|0 fnt\n|faint|p2a: Alomomola\n|\n|-weather|Snow|[upkeep]\n|-damage|p1a: Arc the rock eus|48\/100 brn|[from] brn\n|upkeep\n|c|\u2606HinaKagiyama1|NO MORE WISHES\n|\n|t:|1698890218\n|switch|p2a: Arceus|Arceus-Fire, tera:Dark|51\/100\n|-damage|p2a: Arceus|34\/100|[from] Spikes\n|turn|52\n|c|\u2606HinaKagiyama1|NO MORE HOPES\n|c|\u2606HinaKagiyama1|NO MORE DREAMS\n|c|\u2606HinaKagiyama1|NO\n|c|\u2606HinaKagiyama1|MORE\n|c|\u2606HinaKagiyama1|WISHES\n|c|\u2606PinkScourge|Hahaha\n|c|\u2606HinaKagiyama1|MWHAHAHAHAHAHAHA\n|\n|t:|1698890233\n|move|p1a: Arc the rock eus|Recover|p1a: Arc the rock eus\n|-heal|p1a: Arc the rock eus|98\/100 brn\n|move|p2a: Arceus|Recover|p2a: Arceus\n|-heal|p2a: Arceus|84\/100\n|\n|-weather|Snow|[upkeep]\n|-damage|p1a: Arc the rock eus|91\/100 brn|[from] brn\n|upkeep\n|turn|53\n|\n|t:|1698890239\n|switch|p1a: DREAM ON|Tyranitar, F|12\/100 par\n|-weather|Sandstorm|[from] ability: Sand Stream|[of] p1a: DREAM ON\n|move|p2a: Arceus|Judgment|p1a: DREAM ON\n|-resisted|p1a: DREAM ON\n|-crit|p1a: DREAM ON\n|-damage|p1a: DREAM ON|0 fnt\n|faint|p1a: DREAM ON\n|\n|-weather|Sandstorm|[upkeep]\n|-damage|p2a: Arceus|78\/100|[from] Sandstorm\n|upkeep\n|\n|t:|1698890259\n|switch|p1a: Uwu orb|Magearna|15\/100 brn\n|turn|54\n|\n|t:|1698890262\n|move|p2a: Arceus|Judgment|p1a: Uwu orb\n|-supereffective|p1a: Uwu orb\n|-damage|p1a: Uwu orb|0 fnt\n|faint|p1a: Uwu orb\n|\n|-weather|Sandstorm|[upkeep]\n|-damage|p2a: Arceus|72\/100|[from] Sandstorm\n|upkeep\n|\n|t:|1698890275\n|switch|p1a: Arc the rock eus|Arceus-Rock|91\/100 brn\n|turn|55\n|\n|t:|1698890281\n|move|p1a: Arc the rock eus|Calm Mind|p1a: Arc the rock eus\n|-boost|p1a: Arc the rock eus|spa|1\n|-boost|p1a: Arc the rock eus|spd|1\n|move|p2a: Arceus|Foul Play|p1a: Arc the rock eus\n|-damage|p1a: Arc the rock eus|73\/100 brn\n|\n|-weather|Sandstorm|[upkeep]\n|-damage|p2a: Arceus|66\/100|[from] Sandstorm\n|-damage|p1a: Arc the rock eus|67\/100 brn|[from] brn\n|upkeep\n|turn|56\n|inactive|HinaKagiyama1 has 270 seconds left.\n|\n|t:|1698890314\n|move|p1a: Arc the rock eus|Judgment|p2a: Arceus\n|-damage|p2a: Arceus|32\/100\n|move|p2a: Arceus|Perish Song|p2a: Arceus\n|-start|p1a: Arc the rock eus|perish3|[silent]\n|-start|p2a: Arceus|perish3|[silent]\n|-fieldactivate|move: Perish Song\n|\n|-weather|Sandstorm|[upkeep]\n|-damage|p2a: Arceus|26\/100|[from] Sandstorm\n|-damage|p1a: Arc the rock eus|61\/100 brn|[from] brn\n|-start|p1a: Arc the rock eus|perish3\n|-start|p2a: Arceus|perish3\n|upkeep\n|turn|57\n|\n|t:|1698890323\n|switch|p2a: Slowking|Slowking, F|71\/100\n|move|p1a: Arc the rock eus|Judgment|p2a: Slowking\n|-damage|p2a: Slowking|15\/100\n|\n|-weather|Sandstorm|[upkeep]\n|-damage|p2a: Slowking|9\/100|[from] Sandstorm\n|-damage|p1a: Arc the rock eus|55\/100 brn|[from] brn\n|-start|p1a: Arc the rock eus|perish2\n|upkeep\n|turn|58\n|inactive|HinaKagiyama1 has 270 seconds left.\n|\n|t:|1698890347\n|switch|p2a: Weezing|Weezing-Galar, F|81\/100\n|move|p1a: Arc the rock eus|Judgment|p2a: Weezing\n|-damage|p2a: Weezing|0 fnt\n|faint|p2a: Weezing\n|\n|-weather|Sandstorm|[upkeep]\n|-damage|p1a: Arc the rock eus|49\/100 brn|[from] brn\n|-start|p1a: Arc the rock eus|perish1\n|upkeep\n|\n|t:|1698890352\n|switch|p2a: Ninetales|Ninetales-Alola, M|100\/100\n|-damage|p2a: Ninetales|84\/100|[from] Spikes\n|-weather|Snow|[from] ability: Snow Warning|[of] p2a: Ninetales\n|turn|59\n|\n|t:|1698890355\n|move|p1a: Arc the rock eus|Judgment|p2a: Ninetales\n|-supereffective|p2a: Ninetales\n|-damage|p2a: Ninetales|0 fnt\n|faint|p2a: Ninetales\n|\n|-weather|Snow|[upkeep]\n|-damage|p1a: Arc the rock eus|43\/100 brn|[from] brn\n|-start|p1a: Arc the rock eus|perish0\n|upkeep\n|faint|p1a: Arc the rock eus\n|c|\u2606HinaKagiyama1|Worth\n|\n|t:|1698890362\n|switch|p1a: Houndstone|Houndstone, M|100\/100\n|switch|p2a: Baxcalibur|Baxcalibur, F|100\/100\n|-damage|p2a: Baxcalibur|84\/100|[from] Spikes\n|turn|60\n|\n|t:|1698890373\n|move|p2a: Baxcalibur|Scale Shot|p1a: Houndstone\n|-damage|p1a: Houndstone|84\/100\n|-damage|p1a: Houndstone|67\/100\n|-damage|p1a: Houndstone|50\/100\n|-damage|p1a: Houndstone|32\/100\n|-hitcount|p1a: Houndstone|4\n|-unboost|p2a: Baxcalibur|def|1\n|-boost|p2a: Baxcalibur|spe|1\n|move|p1a: Houndstone|Play Rough|p2a: Baxcalibur\n|-supereffective|p2a: Baxcalibur\n|-damage|p2a: Baxcalibur|31\/100\n|\n|-weather|Snow|[upkeep]\n|upkeep\n|turn|61\n|\n|t:|1698890385\n|move|p1a: Houndstone|Shadow Sneak|p2a: Baxcalibur\n|-damage|p2a: Baxcalibur|9\/100\n|move|p2a: Baxcalibur|Scale Shot|p1a: Houndstone\n|-damage|p1a: Houndstone|15\/100\n|-damage|p1a: Houndstone|0 fnt\n|faint|p1a: Houndstone\n|-hitcount|p1: Houndstone|2\n|-unboost|p2a: Baxcalibur|def|1\n|-boost|p2a: Baxcalibur|spe|1\n|\n|-weather|Snow|[upkeep]\n|upkeep\n|\n|t:|1698890390\n|switch|p1a: Donphozo|Donphan, M|64\/100\n|turn|62\n|\n|t:|1698890403\n|switch|p2a: Slowking|Slowking, F|42\/100\n|move|p1a: Donphozo|Ice Shard|p2a: Slowking\n|-resisted|p2a: Slowking\n|-damage|p2a: Slowking|37\/100\n|\n|-weather|Snow|[upkeep]\n|upkeep\n|turn|63\n|\n|t:|1698890416\n|switch|p2a: Arceus|Arceus-Fire, tera:Dark|26\/100\n|-damage|p2a: Arceus|10\/100|[from] Spikes\n|move|p1a: Donphozo|Knock Off|p2a: Arceus\n|-resisted|p2a: Arceus\n|-damage|p2a: Arceus|2\/100\n|\n|-weather|none\n|upkeep\n|turn|64\n|\n|t:|1698890423\n|move|p1a: Donphozo|Ice Shard|p2a: Arceus\n|-damage|p2a: Arceus|0 fnt\n|faint|p2a: Arceus\n|\n|upkeep\n|\n|t:|1698890425\n|switch|p2a: Slowking|Slowking, F|71\/100\n|turn|65\n|\n|t:|1698890433\n|switch|p1a: Cynthia DREAM ON|Garchomp, M|100\/100\n|move|p2a: Slowking|Scald|p1a: Cynthia DREAM ON\n|-damage|p1a: Cynthia DREAM ON|73\/100\n|\n|upkeep\n|turn|66\n|\n|t:|1698890446\n|move|p1a: Cynthia DREAM ON|Scale Shot|p2a: Slowking\n|-damage|p2a: Slowking|61\/100\n|-damage|p2a: Slowking|52\/100\n|-damage|p2a: Slowking|42\/100\n|-crit|p2a: Slowking\n|-damage|p2a: Slowking|27\/100\n|-hitcount|p2a: Slowking|4\n|-unboost|p1a: Cynthia DREAM ON|def|1\n|-boost|p1a: Cynthia DREAM ON|spe|1\n|move|p2a: Slowking|Scald|p1a: Cynthia DREAM ON\n|-damage|p1a: Cynthia DREAM ON|43\/100\n|\n|upkeep\n|turn|67\n|\n|t:|1698890454\n|switch|p2a: Baxcalibur|Baxcalibur, F|9\/100\n|-damage|p2a: Baxcalibur|0 fnt|[from] Spikes\n|faint|p2a: Baxcalibur\n|move|p1a: Cynthia DREAM ON|Scale Shot|p2: Baxcalibur|[notarget]\n|-fail|p1a: Cynthia DREAM ON\n|\n|upkeep\n|\n|t:|1698890459\n|switch|p2a: Slowking|Slowking, F|60\/100\n|turn|68\n|\n|t:|1698890467\n|move|p1a: Cynthia DREAM ON|Scale Shot|p2a: Slowking\n|-damage|p2a: Slowking|51\/100\n|-damage|p2a: Slowking|41\/100\n|-damage|p2a: Slowking|31\/100\n|-damage|p2a: Slowking|22\/100\n|-damage|p2a: Slowking|12\/100\n|-hitcount|p2a: Slowking|5\n|-unboost|p1a: Cynthia DREAM ON|def|1\n|-boost|p1a: Cynthia DREAM ON|spe|1\n|move|p2a: Slowking|Scald|p1a: Cynthia DREAM ON\n|-damage|p1a: Cynthia DREAM ON|11\/100\n|\n|upkeep\n|turn|69\n|\n|t:|1698890470\n|move|p1a: Cynthia DREAM ON|Earthquake|p2a: Slowking\n|-damage|p2a: Slowking|0 fnt\n|faint|p2a: Slowking\n|\n|win|HinaKagiyama1\n|c|\u2606PinkScourge|GG\n|c|\u2606HinaKagiyama1|Gg\n|c|\u2606PinkScourge|WP\n|c|\u2606HinaKagiyama1|thx\n|c|\u2606HinaKagiyama1|You too\n|c|\u2606PinkScourge|This team needs polishing\n|c|\u2606HinaKagiyama1|It does\n|c|\u2606HinaKagiyama1|,aybe\n|c|\u2606HinaKagiyama1|idk\n","uploadtime":1698890592,"views":6,"p1id":"hinakagiyama1","p2id":"pinkscourge","formatid":"gen9ubers","rating":0,"private":0,"password":""}