{"id":"gen9ubers-1992310418","p1":"Jayaa","p2":"palmin","format":"[Gen 9] Ubers","log":"|j|\u2606Jayaa\n|j|\u2606palmin\n|t:|1700173368\n|gametype|singles\n|player|p1|Jayaa|clown|1178\n|player|p2|palmin|lance|1395\n|teamsize|p1|6\n|teamsize|p2|6\n|gen|9\n|tier|[Gen 9] Ubers\n|rated|\n|rule|Sleep Clause Mod: Limit one foe put to sleep\n|rule|Species Clause: Limit one of each Pok\u00e9mon\n|rule|OHKO Clause: OHKO moves are banned\n|rule|Evasion Items Clause: Evasion items are banned\n|rule|Evasion Moves Clause: Evasion moves are banned\n|rule|Endless Battle Clause: Forcing endless battles is banned\n|rule|HP Percentage Mod: HP is shown in percentages\n|clearpoke\n|poke|p1|Eternatus|\n|poke|p1|Kyogre|\n|poke|p1|Zacian-*|\n|poke|p1|Regieleki|\n|poke|p1|Landorus, M|\n|poke|p1|Arceus|\n|poke|p2|Gliscor, M|\n|poke|p2|Koraidon|\n|poke|p2|Zacian-*|\n|poke|p2|Arceus|\n|poke|p2|Miraidon|\n|poke|p2|Toxapex, F|\n|teampreview\n|inactive|Battle timer is ON: inactive players will automatically lose when time's up. (requested by palmin)\n|inactive|palmin has 120 seconds left.\n|\n|t:|1700173425\n|start\n|switch|p1a: Regieleki|Regieleki|100\/100\n|switch|p2a: Gliscor|Gliscor, M|100\/100\n|turn|1\n|\n|t:|1700173437\n|move|p1a: Regieleki|Light Screen|p1a: Regieleki\n|-sidestart|p1: Jayaa|move: Light Screen\n|move|p2a: Gliscor|Toxic|p1a: Regieleki\n|-status|p1a: Regieleki|tox\n|\n|-damage|p1a: Regieleki|94\/100 tox|[from] psn\n|-status|p2a: Gliscor|tox|[from] item: Toxic Orb\n|upkeep\n|turn|2\n|\n|t:|1700173447\n|move|p2a: Gliscor|Protect|p2a: Gliscor\n|-singleturn|p2a: Gliscor|Protect\n|move|p1a: Regieleki|Reflect|p1a: Regieleki\n|-sidestart|p1: Jayaa|Reflect\n|\n|-damage|p1a: Regieleki|82\/100 tox|[from] psn\n|upkeep\n|turn|3\n|\n|t:|1700173457\n|switch|p1a: Zacian|Zacian-Crowned|100\/100\n|-ability|p1a: Zacian|Intrepid Sword|boost\n|-boost|p1a: Zacian|atk|1\n|move|p2a: Gliscor|Spikes|p1a: Zacian\n|-sidestart|p1: Jayaa|Spikes\n|\n|upkeep\n|turn|4\n|\n|t:|1700173462\n|switch|p2a: Toxapex|Toxapex, F|100\/100\n|move|p1a: Zacian|Substitute|p1a: Zacian\n|-start|p1a: Zacian|Substitute\n|-damage|p1a: Zacian|76\/100\n|\n|upkeep\n|turn|5\n|\n|t:|1700173466\n|move|p1a: Zacian|Swords Dance|p1a: Zacian\n|-boost|p1a: Zacian|atk|2\n|move|p2a: Toxapex|Haze|p2a: Toxapex\n|-clearallboost\n|\n|upkeep\n|turn|6\n|\n|t:|1700173481\n|move|p2a: Toxapex|Baneful Bunker|p2a: Toxapex\n|-singleturn|p2a: Toxapex|move: Protect\n|move|p1a: Zacian|Play Rough|p2a: Toxapex\n|-activate|p2a: Toxapex|move: Protect\n|\n|upkeep\n|turn|7\n|\n|t:|1700173494\n|switch|p2a: Gliscor|Gliscor, M|100\/100 tox\n|move|p1a: Zacian|Play Rough|p2a: Gliscor\n|-damage|p2a: Gliscor|60\/100 tox\n|\n|-heal|p2a: Gliscor|72\/100 tox|[from] ability: Poison Heal\n|upkeep\n|turn|8\n|\n|t:|1700173500\n|move|p1a: Zacian|Swords Dance|p1a: Zacian\n|-boost|p1a: Zacian|atk|2\n|move|p2a: Gliscor|Earthquake|p1a: Zacian\n|-supereffective|p1a: Zacian\n|-end|p1a: Zacian|Substitute\n|\n|-heal|p2a: Gliscor|84\/100 tox|[from] ability: Poison Heal\n|-sideend|p1: Jayaa|move: Light Screen\n|upkeep\n|turn|9\n|\n|t:|1700173508\n|switch|p2a: Toxapex|Toxapex, F|100\/100\n|move|p1a: Zacian|Behemoth Blade|p2a: Toxapex\n|-resisted|p2a: Toxapex\n|-damage|p2a: Toxapex|68\/100\n|-damage|p1a: Zacian|59\/100|[from] item: Rocky Helmet|[of] p2a: Toxapex\n|\n|-sideend|p1: Jayaa|Reflect\n|upkeep\n|turn|10\n|\n|t:|1700173514\n|move|p1a: Zacian|Play Rough|p2a: Toxapex|[miss]\n|-miss|p1a: Zacian|p2a: Toxapex\n|move|p2a: Toxapex|Haze|p2a: Toxapex\n|-clearallboost\n|\n|upkeep\n|turn|11\n|\n|t:|1700173519\n|move|p1a: Zacian|Substitute|p1a: Zacian\n|-start|p1a: Zacian|Substitute\n|-damage|p1a: Zacian|34\/100\n|move|p2a: Toxapex|Recover|p2a: Toxapex\n|-heal|p2a: Toxapex|100\/100\n|\n|upkeep\n|turn|12\n|\n|t:|1700173526\n|switch|p2a: Gliscor|Gliscor, M|84\/100 tox\n|move|p1a: Zacian|Play Rough|p2a: Gliscor|[miss]\n|-miss|p1a: Zacian|p2a: Gliscor\n|\n|-heal|p2a: Gliscor|97\/100 tox|[from] ability: Poison Heal\n|upkeep\n|turn|13\n|\n|t:|1700173533\n|move|p1a: Zacian|Play Rough|p2a: Gliscor\n|-damage|p2a: Gliscor|56\/100 tox\n|move|p2a: Gliscor|Earthquake|p1a: Zacian\n|-supereffective|p1a: Zacian\n|-end|p1a: Zacian|Substitute\n|\n|-heal|p2a: Gliscor|69\/100 tox|[from] ability: Poison Heal\n|upkeep\n|turn|14\n|\n|t:|1700173536\n|move|p1a: Zacian|Behemoth Blade|p2a: Gliscor\n|-damage|p2a: Gliscor|25\/100 tox\n|move|p2a: Gliscor|Earthquake|p1a: Zacian\n|-supereffective|p1a: Zacian\n|-damage|p1a: Zacian|0 fnt\n|faint|p1a: Zacian\n|\n|-heal|p2a: Gliscor|38\/100 tox|[from] ability: Poison Heal\n|upkeep\n|\n|t:|1700173539\n|switch|p1a: Regieleki|Regieleki|82\/100 tox\n|-damage|p1a: Regieleki|70\/100 tox|[from] Spikes\n|turn|15\n|\n|t:|1700173555\n|move|p2a: Gliscor|Protect|p2a: Gliscor\n|-singleturn|p2a: Gliscor|Protect\n|move|p1a: Regieleki|Rapid Spin|p2a: Gliscor\n|-activate|p2a: Gliscor|move: Protect\n|\n|-damage|p1a: Regieleki|64\/100 tox|[from] psn\n|-heal|p2a: Gliscor|50\/100 tox|[from] ability: Poison Heal\n|upkeep\n|turn|16\n|\n|t:|1700173562\n|move|p1a: Regieleki|Rapid Spin|p2a: Gliscor\n|-damage|p2a: Gliscor|42\/100 tox\n|-boost|p1a: Regieleki|spe|1\n|-sideend|p1: Jayaa|Spikes|[from] move: Rapid Spin|[of] p1a: Regieleki\n|move|p2a: Gliscor|Spikes|p1a: Regieleki\n|-sidestart|p1: Jayaa|Spikes\n|\n|-damage|p1a: Regieleki|52\/100 tox|[from] psn\n|-heal|p2a: Gliscor|54\/100 tox|[from] ability: Poison Heal\n|upkeep\n|turn|17\n|\n|t:|1700173567\n|move|p2a: Gliscor|Protect|p2a: Gliscor\n|-singleturn|p2a: Gliscor|Protect\n|move|p1a: Regieleki|Light Screen|p1a: Regieleki\n|-sidestart|p1: Jayaa|move: Light Screen\n|\n|-damage|p1a: Regieleki|34\/100 tox|[from] psn\n|-heal|p2a: Gliscor|67\/100 tox|[from] ability: Poison Heal\n|upkeep\n|turn|18\n|\n|t:|1700173573\n|move|p1a: Regieleki|Reflect|p1a: Regieleki\n|-sidestart|p1: Jayaa|Reflect\n|move|p2a: Gliscor|Spikes|p1a: Regieleki\n|-sidestart|p1: Jayaa|Spikes\n|\n|-damage|p1a: Regieleki|10\/100 tox|[from] psn\n|-heal|p2a: Gliscor|79\/100 tox|[from] ability: Poison Heal\n|upkeep\n|turn|19\n|\n|t:|1700173576\n|move|p2a: Gliscor|Protect|p2a: Gliscor\n|-singleturn|p2a: Gliscor|Protect\n|move|p1a: Regieleki|Rapid Spin|p2a: Gliscor\n|-activate|p2a: Gliscor|move: Protect\n|\n|-damage|p1a: Regieleki|0 fnt|[from] psn\n|faint|p1a: Regieleki\n|-heal|p2a: Gliscor|91\/100 tox|[from] ability: Poison Heal\n|upkeep\n|\n|t:|1700173583\n|switch|p1a: Landorus|Landorus, M|100\/100\n|turn|20\n|\n|t:|1700173597\n|switch|p2a: Toxapex|Toxapex, F|100\/100\n|move|p1a: Landorus|Nasty Plot|p1a: Landorus\n|-boost|p1a: Landorus|spa|2\n|\n|upkeep\n|turn|21\n|\n|t:|1700173607\n|move|p1a: Landorus|Psychic|p2a: Toxapex\n|-supereffective|p2a: Toxapex\n|-damage|p2a: Toxapex|0 fnt\n|faint|p2a: Toxapex\n|\n|upkeep\n|\n|t:|1700173617\n|switch|p2a: Gliscor|Gliscor, M|91\/100 tox\n|turn|22\n|\n|t:|1700173625\n|move|p1a: Landorus|Psychic|p2a: Gliscor\n|-damage|p2a: Gliscor|2\/100 tox\n|move|p2a: Gliscor|Toxic|p1a: Landorus\n|-status|p1a: Landorus|tox\n|\n|-damage|p1a: Landorus|95\/100 tox|[from] psn\n|-heal|p2a: Gliscor|15\/100 tox|[from] ability: Poison Heal\n|upkeep\n|turn|23\n|\n|t:|1700173631\n|move|p2a: Gliscor|Protect|p2a: Gliscor\n|-singleturn|p2a: Gliscor|Protect\n|move|p1a: Landorus|Psychic|p2a: Gliscor\n|-activate|p2a: Gliscor|move: Protect\n|\n|-damage|p1a: Landorus|83\/100 tox|[from] psn\n|-heal|p2a: Gliscor|27\/100 tox|[from] ability: Poison Heal\n|upkeep\n|turn|24\n|\n|t:|1700173635\n|switch|p2a: Zacian|Zacian-Crowned|100\/100\n|-ability|p2a: Zacian|Intrepid Sword|boost\n|-boost|p2a: Zacian|atk|1\n|move|p1a: Landorus|Psychic|p2a: Zacian\n|-resisted|p2a: Zacian\n|-damage|p2a: Zacian|56\/100\n|\n|-damage|p1a: Landorus|65\/100 tox|[from] psn\n|-sideend|p1: Jayaa|move: Light Screen\n|upkeep\n|turn|25\n|\n|t:|1700173641\n|switch|p2a: Gliscor|Gliscor, M|27\/100 tox\n|move|p1a: Landorus|Earth Power|p2a: Gliscor\n|-immune|p2a: Gliscor\n|\n|-damage|p1a: Landorus|41\/100 tox|[from] psn\n|-heal|p2a: Gliscor|39\/100 tox|[from] ability: Poison Heal\n|-sideend|p1: Jayaa|Reflect\n|upkeep\n|turn|26\n|\n|t:|1700173646\n|move|p2a: Gliscor|Protect|p2a: Gliscor\n|-singleturn|p2a: Gliscor|Protect\n|move|p1a: Landorus|Nasty Plot|p1a: Landorus\n|-boost|p1a: Landorus|spa|2\n|\n|-damage|p1a: Landorus|11\/100 tox|[from] psn\n|-heal|p2a: Gliscor|52\/100 tox|[from] ability: Poison Heal\n|upkeep\n|turn|27\n|\n|t:|1700173652\n|move|p2a: Gliscor|Protect|p2a: Gliscor\n|-singleturn|p2a: Gliscor|Protect\n|move|p1a: Landorus|Psychic|p2a: Gliscor\n|-activate|p2a: Gliscor|move: Protect\n|\n|-damage|p1a: Landorus|0 fnt|[from] psn\n|faint|p1a: Landorus\n|-heal|p2a: Gliscor|64\/100 tox|[from] ability: Poison Heal\n|upkeep\n|\n|t:|1700173661\n|switch|p1a: Kyogre|Kyogre|100\/100\n|-damage|p1a: Kyogre|84\/100|[from] Spikes\n|-weather|RainDance|[from] ability: Drizzle|[of] p1a: Kyogre\n|turn|28\n|\n|t:|1700173665\n|-terastallize|p2a: Gliscor|Water\n|move|p1a: Kyogre|Water Spout|p2a: Gliscor\n|-resisted|p2a: Gliscor\n|-damage|p2a: Gliscor|19\/100 tox\n|move|p2a: Gliscor|Toxic|p1a: Kyogre\n|-status|p1a: Kyogre|tox\n|\n|-weather|RainDance|[upkeep]\n|-damage|p1a: Kyogre|78\/100 tox|[from] psn\n|-heal|p2a: Gliscor|31\/100 tox|[from] ability: Poison Heal\n|upkeep\n|turn|29\n|\n|t:|1700173673\n|move|p2a: Gliscor|Protect|p2a: Gliscor\n|-singleturn|p2a: Gliscor|Protect\n|move|p1a: Kyogre|Water Spout|p2a: Gliscor\n|-activate|p2a: Gliscor|move: Protect\n|\n|-weather|RainDance|[upkeep]\n|-damage|p1a: Kyogre|66\/100 tox|[from] psn\n|-heal|p2a: Gliscor|44\/100 tox|[from] ability: Poison Heal\n|upkeep\n|turn|30\n|\n|t:|1700173675\n|switch|p2a: Koraidon|Koraidon|100\/100\n|-weather|SunnyDay|[from] ability: Orichalcum Pulse|[of] p2a: Koraidon\n|-activate|p2a: Koraidon|Orichalcum Pulse|[source]\n|move|p1a: Kyogre|Water Spout|p2a: Koraidon\n|-resisted|p2a: Koraidon\n|-damage|p2a: Koraidon|86\/100\n|\n|-weather|SunnyDay|[upkeep]\n|-damage|p1a: Kyogre|47\/100 tox|[from] psn\n|upkeep\n|turn|31\n|\n|t:|1700173682\n|move|p2a: Koraidon|U-turn|p1a: Kyogre\n|-damage|p1a: Kyogre|11\/100 tox\n|\n|t:|1700173684\n|switch|p2a: Gliscor|Gliscor, M, tera:Water|44\/100 tox|[from] U-turn\n|move|p1a: Kyogre|Water Spout|p2a: Gliscor\n|-resisted|p2a: Gliscor\n|-damage|p2a: Gliscor|42\/100 tox\n|\n|-weather|SunnyDay|[upkeep]\n|-damage|p1a: Kyogre|0 fnt|[from] psn\n|faint|p1a: Kyogre\n|-heal|p2a: Gliscor|54\/100 tox|[from] ability: Poison Heal\n|upkeep\n|\n|t:|1700173692\n|switch|p1a: Arceus|Arceus|100\/100\n|-damage|p1a: Arceus|84\/100|[from] Spikes\n|turn|32\n|\n|t:|1700173702\n|move|p1a: Arceus|Swords Dance|p1a: Arceus\n|-boost|p1a: Arceus|atk|2\n|move|p2a: Gliscor|Toxic|p1a: Arceus\n|-status|p1a: Arceus|tox\n|-enditem|p1a: Arceus|Lum Berry|[eat]\n|-curestatus|p1a: Arceus|tox|[msg]\n|\n|-weather|SunnyDay|[upkeep]\n|-heal|p2a: Gliscor|67\/100 tox|[from] ability: Poison Heal\n|upkeep\n|turn|33\n|\n|t:|1700173708\n|move|p1a: Arceus|Earthquake|p2a: Gliscor\n|-damage|p2a: Gliscor|13\/100 tox\n|move|p2a: Gliscor|Toxic|p1a: Arceus\n|-status|p1a: Arceus|tox\n|\n|-weather|SunnyDay|[upkeep]\n|-damage|p1a: Arceus|78\/100 tox|[from] psn\n|-heal|p2a: Gliscor|25\/100 tox|[from] ability: Poison Heal\n|upkeep\n|turn|34\n|\n|t:|1700173714\n|move|p2a: Gliscor|Protect|p2a: Gliscor\n|-singleturn|p2a: Gliscor|Protect\n|move|p1a: Arceus|Swords Dance|p1a: Arceus\n|-boost|p1a: Arceus|atk|2\n|\n|-weather|none\n|-damage|p1a: Arceus|66\/100 tox|[from] psn\n|-heal|p2a: Gliscor|38\/100 tox|[from] ability: Poison Heal\n|upkeep\n|turn|35\n|\n|t:|1700173719\n|switch|p2a: Zacian|Zacian-Crowned|56\/100\n|move|p1a: Arceus|Earthquake|p2a: Zacian\n|-supereffective|p2a: Zacian\n|-damage|p2a: Zacian|0 fnt\n|faint|p2a: Zacian\n|\n|-damage|p1a: Arceus|48\/100 tox|[from] psn\n|upkeep\n|\n|t:|1700173720\n|switch|p2a: Gliscor|Gliscor, M, tera:Water|38\/100 tox\n|turn|36\n|\n|t:|1700173725\n|move|p2a: Gliscor|Protect|p2a: Gliscor\n|-singleturn|p2a: Gliscor|Protect\n|move|p1a: Arceus|Recover|p1a: Arceus\n|-heal|p1a: Arceus|98\/100 tox\n|\n|-damage|p1a: Arceus|74\/100 tox|[from] psn\n|-heal|p2a: Gliscor|50\/100 tox|[from] ability: Poison Heal\n|upkeep\n|turn|37\n|\n|t:|1700173731\n|switch|p2a: Koraidon|Koraidon|86\/100\n|-weather|SunnyDay|[from] ability: Orichalcum Pulse|[of] p2a: Koraidon\n|-activate|p2a: Koraidon|Orichalcum Pulse|[source]\n|move|p1a: Arceus|Earthquake|p2a: Koraidon\n|-damage|p2a: Koraidon|0 fnt\n|faint|p2a: Koraidon\n|\n|-weather|SunnyDay|[upkeep]\n|-damage|p1a: Arceus|44\/100 tox|[from] psn\n|upkeep\n|\n|t:|1700173737\n|switch|p2a: Miraidon|Miraidon|100\/100\n|-fieldstart|move: Electric Terrain|[from] ability: Hadron Engine|[of] p2a: Miraidon\n|turn|38\n|\n|t:|1700173741\n|move|p1a: Arceus|Extreme Speed|p2a: Miraidon\n|-damage|p2a: Miraidon|0 fnt\n|faint|p2a: Miraidon\n|\n|-weather|SunnyDay|[upkeep]\n|-damage|p1a: Arceus|7\/100 tox|[from] psn\n|upkeep\n|\n|t:|1700173744\n|switch|p2a: Gliscor|Gliscor, M, tera:Water|50\/100 tox\n|turn|39\n|\n|t:|1700173747\n|move|p1a: Arceus|Recover|p1a: Arceus\n|-heal|p1a: Arceus|58\/100 tox\n|move|p2a: Gliscor|Earthquake|p1a: Arceus\n|-damage|p1a: Arceus|35\/100 tox\n|\n|-weather|SunnyDay|[upkeep]\n|-damage|p1a: Arceus|0 fnt|[from] psn\n|faint|p1a: Arceus\n|-heal|p2a: Gliscor|62\/100 tox|[from] ability: Poison Heal\n|upkeep\n|\n|t:|1700173752\n|switch|p1a: Eternatus|Eternatus|100\/100\n|-ability|p1a: Eternatus|Pressure\n|turn|40\n|\n|t:|1700173764\n|move|p2a: Gliscor|Protect|p2a: Gliscor\n|-singleturn|p2a: Gliscor|Protect\n|move|p1a: Eternatus|Dynamax Cannon|p2a: Gliscor\n|-activate|p2a: Gliscor|move: Protect\n|\n|-weather|SunnyDay|[upkeep]\n|-heal|p2a: Gliscor|75\/100 tox|[from] ability: Poison Heal\n|upkeep\n|turn|41\n|\n|t:|1700173768\n|move|p1a: Eternatus|Dynamax Cannon|p2a: Gliscor\n|-damage|p2a: Gliscor|36\/100 tox\n|move|p2a: Gliscor|Earthquake|p1a: Eternatus\n|-supereffective|p1a: Eternatus\n|-damage|p1a: Eternatus|44\/100\n|\n|-weather|none\n|-heal|p2a: Gliscor|48\/100 tox|[from] ability: Poison Heal\n|upkeep\n|turn|42\n|\n|t:|1700173776\n|move|p2a: Gliscor|Protect|p2a: Gliscor\n|-singleturn|p2a: Gliscor|Protect\n|move|p1a: Eternatus|Recover|p1a: Eternatus\n|-heal|p1a: Eternatus|94\/100\n|\n|-heal|p2a: Gliscor|60\/100 tox|[from] ability: Poison Heal\n|-fieldend|move: Electric Terrain\n|upkeep\n|turn|43\n|\n|t:|1700173795\n|move|p1a: Eternatus|Dynamax Cannon|p2a: Gliscor\n|-damage|p2a: Gliscor|19\/100 tox\n|move|p2a: Gliscor|Earthquake|p1a: Eternatus\n|-supereffective|p1a: Eternatus\n|-damage|p1a: Eternatus|41\/100\n|\n|-heal|p2a: Gliscor|32\/100 tox|[from] ability: Poison Heal\n|upkeep\n|turn|44\n|\n|t:|1700173801\n|move|p1a: Eternatus|Recover|p1a: Eternatus\n|-heal|p1a: Eternatus|91\/100\n|move|p2a: Gliscor|Earthquake|p1a: Eternatus\n|-supereffective|p1a: Eternatus\n|-damage|p1a: Eternatus|39\/100\n|\n|-heal|p2a: Gliscor|44\/100 tox|[from] ability: Poison Heal\n|upkeep\n|turn|45\n|\n|t:|1700173809\n|move|p2a: Gliscor|Protect|p2a: Gliscor\n|-singleturn|p2a: Gliscor|Protect\n|move|p1a: Eternatus|Dynamax Cannon|p2a: Gliscor\n|-activate|p2a: Gliscor|move: Protect\n|\n|-heal|p2a: Gliscor|57\/100 tox|[from] ability: Poison Heal\n|upkeep\n|turn|46\n|\n|t:|1700173813\n|move|p1a: Eternatus|Recover|p1a: Eternatus\n|-heal|p1a: Eternatus|89\/100\n|move|p2a: Gliscor|Earthquake|p1a: Eternatus\n|-supereffective|p1a: Eternatus\n|-damage|p1a: Eternatus|35\/100\n|\n|-heal|p2a: Gliscor|69\/100 tox|[from] ability: Poison Heal\n|upkeep\n|turn|47\n|\n|t:|1700173818\n|move|p1a: Eternatus|Dynamax Cannon|p2a: Gliscor\n|-crit|p2a: Gliscor\n|-damage|p2a: Gliscor|11\/100 tox\n|move|p2a: Gliscor|Earthquake|p1a: Eternatus\n|-supereffective|p1a: Eternatus\n|-damage|p1a: Eternatus|0 fnt\n|faint|p1a: Eternatus\n|\n|win|palmin\n|raw|Jayaa's rating: 1178 &rarr; <strong>1167<\/strong><br \/>(-11 for losing)\n|raw|palmin's rating: 1395 &rarr; <strong>1404<\/strong><br \/>(+9 for winning)\n|l|\u2606Jayaa\n","uploadtime":1700173827,"views":5,"p1id":"jayaa","p2id":"palmin","formatid":"gen9ubers","rating":1167,"private":0,"password":""}