{"id":"gen9ubers-1976240946","p1":"breaded_human","p2":"Bloogiepop","format":"[Gen 9] Ubers","log":"|j|\u2606breaded_human\n|j|\u2606Bloogiepop\n|t:|1698277468\n|gametype|singles\n|player|p1|breaded_human|169|1073\n|player|p2|Bloogiepop|1|1000\n|teamsize|p1|6\n|teamsize|p2|5\n|gen|9\n|tier|[Gen 9] Ubers\n|rated|\n|rule|Sleep Clause Mod: Limit one foe put to sleep\n|rule|Species Clause: Limit one of each Pok\u00e9mon\n|rule|OHKO Clause: OHKO moves are banned\n|rule|Evasion Items Clause: Evasion items are banned\n|rule|Evasion Moves Clause: Evasion moves are banned\n|rule|Endless Battle Clause: Forcing endless battles is banned\n|rule|HP Percentage Mod: HP is shown in percentages\n|clearpoke\n|poke|p1|Palafin, M|\n|poke|p1|Sneasler, F|\n|poke|p1|Espathra, M|\n|poke|p1|Ting-Lu|\n|poke|p1|Glimmora, M|\n|poke|p1|Ogerpon-Cornerstone, F|\n|poke|p2|Hoopa-Unbound|\n|poke|p2|Avalugg-Hisui, M|\n|poke|p2|Regieleki|\n|poke|p2|Zamazenta-*|\n|poke|p2|Tauros-Paldea-Blaze, M|\n|teampreview\n|\n|t:|1698277478\n|start\n|switch|p1a: BrettTedielCarter|Palafin, M, shiny|100\/100\n|switch|p2a: Tauros|Tauros-Paldea-Blaze, M|100\/100\n|-ability|p2a: Tauros|Intimidate|boost\n|-unboost|p1a: BrettTedielCarter|atk|1\n|turn|1\n|\n|t:|1698277486\n|-terastallize|p2a: Tauros|Fighting\n|move|p2a: Tauros|Close Combat|p1a: BrettTedielCarter\n|-damage|p1a: BrettTedielCarter|0 fnt\n|-unboost|p2a: Tauros|def|1\n|-unboost|p2a: Tauros|spd|1\n|faint|p1a: BrettTedielCarter\n|\n|upkeep\n|\n|t:|1698277497\n|switch|p1a: TedielScrutton|Ogerpon-Cornerstone, F|100\/100\n|turn|2\n|\n|t:|1698277501\n|move|p1a: TedielScrutton|Ivy Cudgel|p2a: Tauros\n|-resisted|p2a: Tauros\n|-crit|p2a: Tauros\n|-damage|p2a: Tauros|12\/100\n|move|p2a: Tauros|Close Combat|p1a: TedielScrutton\n|-supereffective|p1a: TedielScrutton\n|-ability|p1a: TedielScrutton|Sturdy\n|-damage|p1a: TedielScrutton|1\/100\n|-unboost|p2a: Tauros|def|1\n|-unboost|p2a: Tauros|spd|1\n|\n|upkeep\n|turn|3\n|\n|t:|1698277534\n|switch|p2a: Avalugg|Avalugg-Hisui, M|100\/100\n|move|p1a: TedielScrutton|Ivy Cudgel|p2a: Avalugg\n|-supereffective|p2a: Avalugg\n|-damage|p2a: Avalugg|49\/100\n|\n|upkeep\n|turn|4\n|\n|t:|1698277553\n|move|p1a: TedielScrutton|Ivy Cudgel|p2a: Avalugg\n|-supereffective|p2a: Avalugg\n|-damage|p2a: Avalugg|0 fnt\n|faint|p2a: Avalugg\n|\n|upkeep\n|\n|t:|1698277563\n|switch|p2a: Regieleki|Regieleki|100\/100\n|turn|5\n|c|\u2606breaded_human|FE!N\n|\n|t:|1698277574\n|switch|p1a: Ting-Lu|Ting-Lu|100\/100\n|-ability|p1a: Ting-Lu|Vessel of Ruin\n|move|p2a: Regieleki|Rain Dance|p2a: Regieleki\n|-weather|RainDance\n|\n|-weather|RainDance|[upkeep]\n|upkeep\n|turn|6\n|\n|t:|1698277583\n|move|p2a: Regieleki|Zap Cannon|p1a: Ting-Lu\n|-immune|p1a: Ting-Lu\n|move|p1a: Ting-Lu|Earthquake|p2a: Regieleki\n|-supereffective|p2a: Regieleki\n|-enditem|p2a: Regieleki|Focus Sash\n|-damage|p2a: Regieleki|1\/100\n|\n|-weather|RainDance|[upkeep]\n|upkeep\n|turn|7\n|\n|t:|1698277595\n|switch|p2a: Zamazenta|Zamazenta-Crowned|100\/100\n|-ability|p2a: Zamazenta|Dauntless Shield|boost\n|-boost|p2a: Zamazenta|def|1\n|move|p1a: Ting-Lu|Earthquake|p2a: Zamazenta\n|-supereffective|p2a: Zamazenta\n|-damage|p2a: Zamazenta|70\/100\n|\n|-weather|RainDance|[upkeep]\n|upkeep\n|turn|8\n|\n|t:|1698277610\n|move|p2a: Zamazenta|Close Combat|p1a: Ting-Lu\n|-supereffective|p1a: Ting-Lu\n|-damage|p1a: Ting-Lu|45\/100\n|-unboost|p2a: Zamazenta|def|1\n|-unboost|p2a: Zamazenta|spd|1\n|move|p1a: Ting-Lu|Whirlwind|p2a: Zamazenta\n|drag|p2a: Hoopa|Hoopa-Unbound|100\/100\n|\n|-weather|RainDance|[upkeep]\n|-heal|p1a: Ting-Lu|51\/100|[from] item: Leftovers\n|upkeep\n|turn|9\n|\n|t:|1698277621\n|move|p2a: Hoopa|Hyperspace Fury|p1a: Ting-Lu\n|-resisted|p1a: Ting-Lu\n|-damage|p1a: Ting-Lu|39\/100\n|-unboost|p2a: Hoopa|def|1\n|move|p1a: Ting-Lu|Ruination|p2a: Hoopa\n|-damage|p2a: Hoopa|51\/100\n|\n|-weather|none\n|-heal|p1a: Ting-Lu|45\/100|[from] item: Leftovers\n|upkeep\n|turn|10\n|\n|t:|1698277630\n|move|p2a: Hoopa|Hyperspace Fury|p1a: Ting-Lu\n|-resisted|p1a: Ting-Lu\n|-damage|p1a: Ting-Lu|33\/100\n|-unboost|p2a: Hoopa|def|1\n|move|p1a: Ting-Lu|Ruination|p2a: Hoopa\n|-damage|p2a: Hoopa|26\/100\n|\n|-heal|p1a: Ting-Lu|40\/100|[from] item: Leftovers\n|upkeep\n|turn|11\n|\n|t:|1698277639\n|move|p2a: Hoopa|Hyperspace Fury|p1a: Ting-Lu\n|-resisted|p1a: Ting-Lu\n|-damage|p1a: Ting-Lu|27\/100\n|-unboost|p2a: Hoopa|def|1\n|move|p1a: Ting-Lu|Earthquake|p2a: Hoopa\n|-damage|p2a: Hoopa|0 fnt\n|faint|p2a: Hoopa\n|\n|-heal|p1a: Ting-Lu|33\/100|[from] item: Leftovers\n|upkeep\n|\n|t:|1698277650\n|switch|p2a: Tauros|Tauros-Paldea-Blaze, M, tera:Fighting|12\/100\n|-ability|p2a: Tauros|Intimidate|boost\n|-unboost|p1a: Ting-Lu|atk|1\n|turn|12\n|\n|t:|1698277656\n|move|p2a: Tauros|Close Combat|p1a: Ting-Lu\n|-supereffective|p1a: Ting-Lu\n|-damage|p1a: Ting-Lu|0 fnt\n|-unboost|p2a: Tauros|def|1\n|-unboost|p2a: Tauros|spd|1\n|faint|p1a: Ting-Lu\n|\n|upkeep\n|\n|t:|1698277671\n|switch|p1a: MiloVKP|Sneasler, F|100\/100\n|-item|p1a: MiloVKP|Air Balloon\n|turn|13\n|\n|t:|1698277677\n|move|p1a: MiloVKP|Acrobatics|p2a: Tauros\n|-supereffective|p2a: Tauros\n|-damage|p2a: Tauros|0 fnt\n|faint|p2a: Tauros\n|\n|upkeep\n|\n|t:|1698277684\n|switch|p2a: Regieleki|Regieleki|1\/100\n|turn|14\n|\n|t:|1698277689\n|move|p2a: Regieleki|Rest|p2a: Regieleki\n|-status|p2a: Regieleki|slp|[from] move: Rest\n|-heal|p2a: Regieleki|100\/100 slp|[silent]\n|move|p1a: MiloVKP|Dire Claw|p2a: Regieleki\n|-damage|p2a: Regieleki|7\/100 slp\n|\n|upkeep\n|turn|15\n|\n|t:|1698277699\n|cant|p2a: Regieleki|slp\n|move|p2a: Regieleki|Sleep Talk|p2a: Regieleki\n|move|p2a: Regieleki|Rain Dance|p2a: Regieleki|[from]move: Sleep Talk\n|-weather|RainDance\n|move|p1a: MiloVKP|Swords Dance|p1a: MiloVKP\n|-boost|p1a: MiloVKP|atk|2\n|\n|-weather|RainDance|[upkeep]\n|upkeep\n|turn|16\n|\n|t:|1698277707\n|cant|p2a: Regieleki|slp\n|move|p2a: Regieleki|Sleep Talk|p2a: Regieleki\n|move|p2a: Regieleki|Zap Cannon|p1a: MiloVKP|[from]move: Sleep Talk|[miss]\n|-miss|p2a: Regieleki|p1a: MiloVKP\n|move|p1a: MiloVKP|Dire Claw|p2a: Regieleki\n|-damage|p2a: Regieleki|0 fnt\n|faint|p2a: Regieleki\n|\n|-weather|RainDance|[upkeep]\n|upkeep\n|\n|t:|1698277717\n|switch|p2a: Zamazenta|Zamazenta-Crowned|70\/100\n|turn|17\n|\n|t:|1698277724\n|move|p1a: MiloVKP|Close Combat|p2a: Zamazenta\n|-supereffective|p2a: Zamazenta\n|-damage|p2a: Zamazenta|0 fnt\n|-unboost|p1a: MiloVKP|def|1\n|-unboost|p1a: MiloVKP|spd|1\n|faint|p2a: Zamazenta\n|\n|win|breaded_human\n|raw|breaded_human's rating: 1073 &rarr; <strong>1096<\/strong><br \/>(+23 for winning)\n|raw|Bloogiepop's rating: 1000 &rarr; <strong>1000<\/strong><br \/>(+0 for losing)\n|c|\u2606breaded_human|FE!N\n","uploadtime":1698277736,"views":13,"p1id":"breadedhuman","p2id":"bloogiepop","formatid":"gen9ubers","rating":1000,"private":0,"password":""}