{"id":"gen9ubers-1983050886","p1":"LadyMaria-Blue","p2":"lolgz","format":"[Gen 9] Ubers","log":"|j|\u2606LadyMaria-Blue\n|j|\u2606lolgz\n|t:|1699075714\n|gametype|singles\n|player|p1|LadyMaria-Blue|cynthia|\n|player|p2|lolgz|101|\n|teamsize|p1|6\n|teamsize|p2|6\n|gen|9\n|tier|[Gen 9] Ubers\n|rule|Sleep Clause Mod: Limit one foe put to sleep\n|rule|Species Clause: Limit one of each Pok\u00e9mon\n|rule|OHKO Clause: OHKO moves are banned\n|rule|Evasion Items Clause: Evasion items are banned\n|rule|Evasion Moves Clause: Evasion moves are banned\n|rule|Endless Battle Clause: Forcing endless battles is banned\n|rule|HP Percentage Mod: HP is shown in percentages\n|clearpoke\n|poke|p1|Baxcalibur, F|\n|poke|p1|Milotic, F|\n|poke|p1|Zacian-*|\n|poke|p1|Mandibuzz, F|\n|poke|p1|Arceus-Poison|\n|poke|p1|Magearna|\n|poke|p2|Magearna|\n|poke|p2|Zacian-*|\n|poke|p2|Cyclizar, F|\n|poke|p2|Roaring Moon|\n|poke|p2|Dialga|\n|poke|p2|Volcarona, F|\n|teampreview\n|inactive|Battle timer is ON: inactive players will automatically lose when time's up. (requested by lolgz)\n|inactive|LadyMaria-Blue has 270 seconds left.\n|\n|t:|1699075750\n|start\n|switch|p1a: Magearna|Magearna|100\/100\n|switch|p2a: Roaring Moon|Roaring Moon|100\/100\n|-enditem|p2a: Roaring Moon|Booster Energy\n|-activate|p2a: Roaring Moon|ability: Protosynthesis|[fromitem]\n|-start|p2a: Roaring Moon|protosynthesisatk\n|turn|1\n|\n|t:|1699075774\n|-end|p2a: Roaring Moon|Protosynthesis|[silent]\n|switch|p2a: Dialga|Dialga|100\/100\n|-ability|p2a: Dialga|Pressure\n|move|p1a: Magearna|Thunder Wave|p2a: Dialga\n|-status|p2a: Dialga|par\n|\n|upkeep\n|turn|2\n|\n|t:|1699075796\n|move|p2a: Dialga|Fire Blast|p1a: Magearna\n|-supereffective|p1a: Magearna\n|-damage|p1a: Magearna|48\/100\n|-status|p1a: Magearna|brn\n|move|p1a: Magearna|Volt Switch|p2a: Dialga\n|-resisted|p2a: Dialga\n|-damage|p2a: Dialga|90\/100 par\n|\n|t:|1699075805\n|switch|p1a: Zacian|Zacian|100\/100|[from] Volt Switch\n|-ability|p1a: Zacian|Intrepid Sword|boost\n|-boost|p1a: Zacian|atk|1\n|\n|upkeep\n|turn|3\n|\n|t:|1699075826\n|move|p1a: Zacian|Close Combat|p2a: Dialga\n|-supereffective|p2a: Dialga\n|-damage|p2a: Dialga|0 fnt\n|-unboost|p1a: Zacian|def|1\n|-unboost|p1a: Zacian|spd|1\n|faint|p2a: Dialga\n|\n|upkeep\n|inactive|lolgz has 270 seconds left.\n|\n|t:|1699075842\n|switch|p2a: Magearna|Magearna|100\/100\n|turn|4\n|\n|t:|1699075845\n|move|p1a: Zacian|Close Combat|p2a: Magearna\n|-damage|p2a: Magearna|47\/100\n|-unboost|p1a: Zacian|def|1\n|-unboost|p1a: Zacian|spd|1\n|move|p2a: Magearna|Calm Mind|p2a: Magearna\n|-boost|p2a: Magearna|spa|1\n|-boost|p2a: Magearna|spd|1\n|\n|-heal|p2a: Magearna|53\/100|[from] item: Leftovers\n|upkeep\n|turn|5\n|\n|t:|1699075848\n|move|p1a: Zacian|Close Combat|p2a: Magearna\n|-damage|p2a: Magearna|1\/100\n|-unboost|p1a: Zacian|def|1\n|-unboost|p1a: Zacian|spd|1\n|move|p2a: Magearna|Draining Kiss|p1a: Zacian\n|-damage|p1a: Zacian|28\/100\n|-heal|p2a: Magearna|50\/100|[from] drain|[of] p1a: Zacian\n|\n|-heal|p2a: Magearna|56\/100|[from] item: Leftovers\n|upkeep\n|turn|6\n|\n|t:|1699075852\n|move|p1a: Zacian|Close Combat|p2a: Magearna\n|-damage|p2a: Magearna|2\/100\n|-unboost|p1a: Zacian|def|1\n|-unboost|p1a: Zacian|spd|1\n|move|p2a: Magearna|Draining Kiss|p1a: Zacian\n|-damage|p1a: Zacian|0 fnt\n|-heal|p2a: Magearna|21\/100|[from] drain|[of] p1a: Zacian\n|faint|p1a: Zacian\n|-ability|p2a: Magearna|Soul-Heart|boost\n|-boost|p2a: Magearna|spa|1\n|\n|-heal|p2a: Magearna|27\/100|[from] item: Leftovers\n|upkeep\n|\n|t:|1699075860\n|switch|p1a: Milotic|Milotic, F, shiny|100\/100\n|turn|7\n|\n|t:|1699075863\n|move|p1a: Milotic|Haze|p1a: Milotic\n|-clearallboost\n|move|p2a: Magearna|Draining Kiss|p1a: Milotic\n|-damage|p1a: Milotic|88\/100\n|-heal|p2a: Magearna|37\/100|[from] drain|[of] p1a: Milotic\n|\n|-heal|p1a: Milotic|94\/100|[from] item: Leftovers\n|-heal|p2a: Magearna|43\/100|[from] item: Leftovers\n|upkeep\n|turn|8\n|\n|t:|1699075874\n|switch|p2a: Cyclizar|Cyclizar, F|100\/100\n|move|p1a: Milotic|Scald|p2a: Cyclizar\n|-resisted|p2a: Cyclizar\n|-damage|p2a: Cyclizar|80\/100\n|\n|-heal|p1a: Milotic|99\/100|[from] item: Leftovers\n|upkeep\n|turn|9\n|\n|t:|1699075883\n|move|p2a: Cyclizar|Shed Tail|p2a: Cyclizar\n|-start|p2a: Cyclizar|Substitute|[from] move: Shed Tail\n|-damage|p2a: Cyclizar|30\/100\n|\n|t:|1699075894\n|switch|p2a: Zacian|Zacian|100\/100|[from] Shed Tail\n|-ability|p2a: Zacian|Intrepid Sword|boost\n|-boost|p2a: Zacian|atk|1\n|move|p1a: Milotic|Flip Turn|p2a: Zacian\n|-activate|p2a: Zacian|move: Substitute|[damage]\n|\n|t:|1699075900\n|switch|p1a: Mandibuzz|Mandibuzz, F, shiny|100\/100|[from] Flip Turn\n|\n|upkeep\n|turn|10\n|\n|t:|1699075905\n|move|p2a: Zacian|Play Rough|p1a: Mandibuzz|[miss]\n|-miss|p2a: Zacian|p1a: Mandibuzz\n|move|p1a: Mandibuzz|Foul Play|p2a: Zacian\n|-resisted|p2a: Zacian\n|-end|p2a: Zacian|Substitute\n|\n|upkeep\n|turn|11\n|\n|t:|1699075918\n|move|p2a: Zacian|Play Rough|p1a: Mandibuzz\n|-supereffective|p1a: Mandibuzz\n|-damage|p1a: Mandibuzz|0 fnt\n|faint|p1a: Mandibuzz\n|-damage|p2a: Zacian|91\/100|[from] item: Life Orb\n|\n|upkeep\n|\n|t:|1699075923\n|switch|p1a: Arceus|Arceus-Poison|100\/100\n|turn|12\n|\n|t:|1699075932\n|-terastallize|p2a: Zacian|Steel\n|move|p2a: Zacian|Swords Dance|p2a: Zacian\n|-boost|p2a: Zacian|atk|2\n|move|p1a: Arceus|Calm Mind|p1a: Arceus\n|-boost|p1a: Arceus|spa|1\n|-boost|p1a: Arceus|spd|1\n|\n|upkeep\n|turn|13\n|\n|t:|1699075945\n|move|p2a: Zacian|Iron Head|p1a: Arceus\n|-damage|p1a: Arceus|23\/100\n|-damage|p2a: Zacian|81\/100|[from] item: Life Orb\n|move|p1a: Arceus|Earth Power|p2a: Zacian\n|-supereffective|p2a: Zacian\n|-damage|p2a: Zacian|8\/100\n|\n|upkeep\n|turn|14\n|\n|t:|1699075954\n|move|p2a: Zacian|Iron Head|p1a: Arceus\n|-damage|p1a: Arceus|0 fnt\n|faint|p1a: Arceus\n|-damage|p2a: Zacian|0 fnt|[from] item: Life Orb\n|faint|p2a: Zacian\n|\n|upkeep\n|\n|t:|1699075967\n|switch|p2a: Roaring Moon|Roaring Moon|100\/100\n|switch|p1a: Magearna|Magearna|48\/100 brn\n|turn|15\n|\n|t:|1699075996\n|-end|p2a: Roaring Moon|Protosynthesis|[silent]\n|switch|p2a: Cyclizar|Cyclizar, F|63\/100\n|move|p1a: Magearna|Thunder Wave|p2a: Cyclizar\n|-status|p2a: Cyclizar|par\n|\n|-heal|p1a: Magearna|54\/100 brn|[from] item: Leftovers\n|-damage|p1a: Magearna|48\/100 brn|[from] brn\n|upkeep\n|turn|16\n|\n|t:|1699076002\n|move|p2a: Cyclizar|Shed Tail|p2a: Cyclizar\n|-start|p2a: Cyclizar|Substitute|[from] move: Shed Tail\n|-damage|p2a: Cyclizar|13\/100 par\n|\n|t:|1699076005\n|switch|p2a: Volcarona|Volcarona, F|100\/100|[from] Shed Tail\n|move|p1a: Magearna|Fleur Cannon|p2a: Volcarona\n|-resisted|p2a: Volcarona\n|-end|p2a: Volcarona|Substitute\n|-unboost|p1a: Magearna|spa|2\n|\n|-heal|p1a: Magearna|54\/100 brn|[from] item: Leftovers\n|-damage|p1a: Magearna|48\/100 brn|[from] brn\n|upkeep\n|turn|17\n|\n|t:|1699076013\n|switch|p1a: Milotic|Milotic, F, shiny|99\/100\n|move|p2a: Volcarona|Quiver Dance|p2a: Volcarona\n|-boost|p2a: Volcarona|spa|1\n|-boost|p2a: Volcarona|spd|1\n|-boost|p2a: Volcarona|spe|1\n|\n|-heal|p1a: Milotic|100\/100|[from] item: Leftovers\n|upkeep\n|turn|18\n|\n|t:|1699076017\n|move|p2a: Volcarona|Giga Drain|p1a: Milotic\n|-supereffective|p1a: Milotic\n|-damage|p1a: Milotic|51\/100\n|move|p1a: Milotic|Haze|p1a: Milotic\n|-clearallboost\n|\n|-heal|p1a: Milotic|57\/100|[from] item: Leftovers\n|upkeep\n|turn|19\n|\n|t:|1699076021\n|move|p2a: Volcarona|Giga Drain|p1a: Milotic\n|-supereffective|p1a: Milotic\n|-damage|p1a: Milotic|27\/100\n|move|p1a: Milotic|Scald|p2a: Volcarona\n|-supereffective|p2a: Volcarona\n|-damage|p2a: Volcarona|42\/100\n|\n|-heal|p1a: Milotic|33\/100|[from] item: Leftovers\n|upkeep\n|turn|20\n|\n|t:|1699076023\n|move|p2a: Volcarona|Giga Drain|p1a: Milotic\n|-supereffective|p1a: Milotic\n|-damage|p1a: Milotic|4\/100\n|-heal|p2a: Volcarona|61\/100|[from] drain|[of] p1a: Milotic\n|move|p1a: Milotic|Recover|p1a: Milotic\n|-heal|p1a: Milotic|54\/100\n|\n|-heal|p1a: Milotic|60\/100|[from] item: Leftovers\n|upkeep\n|turn|21\n|\n|t:|1699076028\n|move|p2a: Volcarona|Giga Drain|p1a: Milotic\n|-supereffective|p1a: Milotic\n|-damage|p1a: Milotic|27\/100\n|-heal|p2a: Volcarona|82\/100|[from] drain|[of] p1a: Milotic\n|move|p1a: Milotic|Scald|p2a: Volcarona\n|-supereffective|p2a: Volcarona\n|-damage|p2a: Volcarona|20\/100\n|\n|-heal|p1a: Milotic|33\/100|[from] item: Leftovers\n|upkeep\n|turn|22\n|\n|t:|1699076032\n|move|p2a: Volcarona|Giga Drain|p1a: Milotic\n|-supereffective|p1a: Milotic\n|-damage|p1a: Milotic|2\/100\n|-heal|p2a: Volcarona|40\/100|[from] drain|[of] p1a: Milotic\n|move|p1a: Milotic|Recover|p1a: Milotic\n|-heal|p1a: Milotic|52\/100\n|\n|-heal|p1a: Milotic|58\/100|[from] item: Leftovers\n|upkeep\n|turn|23\n|\n|t:|1699076037\n|move|p2a: Volcarona|Giga Drain|p1a: Milotic\n|-supereffective|p1a: Milotic\n|-damage|p1a: Milotic|27\/100\n|-heal|p2a: Volcarona|59\/100|[from] drain|[of] p1a: Milotic\n|move|p1a: Milotic|Recover|p1a: Milotic\n|-heal|p1a: Milotic|77\/100\n|\n|-heal|p1a: Milotic|83\/100|[from] item: Leftovers\n|upkeep\n|turn|24\n|\n|t:|1699076048\n|move|p2a: Volcarona|Giga Drain|p1a: Milotic\n|-supereffective|p1a: Milotic\n|-damage|p1a: Milotic|51\/100\n|-heal|p2a: Volcarona|80\/100|[from] drain|[of] p1a: Milotic\n|move|p1a: Milotic|Scald|p2a: Volcarona\n|-supereffective|p2a: Volcarona\n|-damage|p2a: Volcarona|18\/100\n|\n|-heal|p1a: Milotic|57\/100|[from] item: Leftovers\n|upkeep\n|turn|25\n|\n|t:|1699076053\n|switch|p2a: Roaring Moon|Roaring Moon|100\/100\n|move|p1a: Milotic|Scald|p2a: Roaring Moon\n|-resisted|p2a: Roaring Moon\n|-damage|p2a: Roaring Moon|88\/100\n|\n|-heal|p1a: Milotic|63\/100|[from] item: Leftovers\n|upkeep\n|turn|26\n|\n|t:|1699076061\n|move|p2a: Roaring Moon|Knock Off|p1a: Milotic\n|-damage|p1a: Milotic|14\/100\n|-enditem|p1a: Milotic|Leftovers|[from] move: Knock Off|[of] p2a: Roaring Moon\n|move|p1a: Milotic|Scald|p2a: Roaring Moon\n|-resisted|p2a: Roaring Moon\n|-crit|p2a: Roaring Moon\n|-damage|p2a: Roaring Moon|70\/100\n|-status|p2a: Roaring Moon|brn\n|\n|-damage|p2a: Roaring Moon|64\/100 brn|[from] brn\n|upkeep\n|turn|27\n|\n|t:|1699076064\n|move|p2a: Roaring Moon|Scale Shot|p1a: Milotic\n|-damage|p1a: Milotic|8\/100\n|-damage|p1a: Milotic|2\/100\n|-crit|p1a: Milotic\n|-damage|p1a: Milotic|0 fnt\n|faint|p1a: Milotic\n|-hitcount|p1: Milotic|3\n|-unboost|p2a: Roaring Moon|def|1\n|-boost|p2a: Roaring Moon|spe|1\n|\n|-damage|p2a: Roaring Moon|58\/100 brn|[from] brn\n|upkeep\n|\n|t:|1699076066\n|switch|p1a: Magearna|Magearna|48\/100 brn\n|turn|28\n|\n|t:|1699076075\n|move|p2a: Roaring Moon|Acrobatics|p1a: Magearna\n|-resisted|p1a: Magearna\n|-damage|p1a: Magearna|39\/100 brn\n|move|p1a: Magearna|Spikes|p2a: Roaring Moon\n|-sidestart|p2: lolgz|Spikes\n|\n|-heal|p1a: Magearna|45\/100 brn|[from] item: Leftovers\n|-damage|p2a: Roaring Moon|52\/100 brn|[from] brn\n|-damage|p1a: Magearna|39\/100 brn|[from] brn\n|upkeep\n|turn|29\n|\n|t:|1699076083\n|-end|p2a: Roaring Moon|Protosynthesis|[silent]\n|switch|p2a: Volcarona|Volcarona, F|18\/100\n|move|p1a: Magearna|Spikes|p2a: Volcarona\n|-sidestart|p2: lolgz|Spikes\n|\n|-heal|p1a: Magearna|45\/100 brn|[from] item: Leftovers\n|-damage|p1a: Magearna|39\/100 brn|[from] brn\n|upkeep\n|turn|30\n|\n|t:|1699076088\n|move|p2a: Volcarona|Fiery Dance|p1a: Magearna\n|-supereffective|p1a: Magearna\n|-damage|p1a: Magearna|0 fnt\n|faint|p1a: Magearna\n|\n|upkeep\n|\n|t:|1699076090\n|switch|p1a: Baxcalibur|Baxcalibur, F|100\/100\n|turn|31\n|\n|t:|1699076099\n|move|p2a: Volcarona|Bug Buzz|p1a: Baxcalibur\n|-damage|p1a: Baxcalibur|49\/100\n|move|p1a: Baxcalibur|Dragon Dance|p1a: Baxcalibur\n|-boost|p1a: Baxcalibur|atk|1\n|-boost|p1a: Baxcalibur|spe|1\n|\n|upkeep\n|turn|32\n|\n|t:|1699076107\n|move|p1a: Baxcalibur|Earthquake|p2a: Volcarona\n|-damage|p2a: Volcarona|0 fnt\n|faint|p2a: Volcarona\n|\n|upkeep\n|\n|t:|1699076110\n|switch|p2a: Magearna|Magearna|43\/100\n|-damage|p2a: Magearna|27\/100|[from] Spikes\n|turn|33\n|\n|t:|1699076113\n|move|p1a: Baxcalibur|Earthquake|p2a: Magearna\n|-supereffective|p2a: Magearna\n|-damage|p2a: Magearna|0 fnt\n|faint|p2a: Magearna\n|\n|upkeep\n|\n|t:|1699076119\n|switch|p2a: Roaring Moon|Roaring Moon|52\/100 brn\n|-damage|p2a: Roaring Moon|35\/100 brn|[from] Spikes\n|turn|34\n|\n|t:|1699076124\n|move|p1a: Baxcalibur|Glaive Rush|p2a: Roaring Moon\n|-supereffective|p2a: Roaring Moon\n|-damage|p2a: Roaring Moon|0 fnt\n|-singlemove|p1a: Baxcalibur|Glaive Rush|[silent]\n|faint|p2a: Roaring Moon\n|-end|p2a: Roaring Moon|Protosynthesis|[silent]\n|\n|upkeep\n|\n|t:|1699076126\n|switch|p2a: Cyclizar|Cyclizar, F|46\/100 par\n|turn|35\n|\n|t:|1699076129\n|move|p1a: Baxcalibur|Glaive Rush|p2a: Cyclizar\n|-supereffective|p2a: Cyclizar\n|-damage|p2a: Cyclizar|0 fnt\n|-singlemove|p1a: Baxcalibur|Glaive Rush|[silent]\n|faint|p2a: Cyclizar\n|\n|win|LadyMaria-Blue\n|c|\u2606LadyMaria-Blue|ggs\n","uploadtime":1699076136,"views":10,"p1id":"ladymariablue","p2id":"lolgz","formatid":"gen9ubers","rating":0,"private":0,"password":""}