{"id":"gen9ubers-1971812294","p1":"pkpowers310","p2":"Sol CPU","format":"[Gen 9] Ubers","log":"|j|\u2606pkpowers310\n|j|\u2606Sol CPU\n|t:|1697775425\n|gametype|singles\n|player|p1|pkpowers310|crasherwake|\n|player|p2|Sol CPU|ethan|\n|teamsize|p1|6\n|teamsize|p2|6\n|gen|9\n|tier|[Gen 9] Ubers\n|rule|Sleep Clause Mod: Limit one foe put to sleep\n|rule|Species Clause: Limit one of each Pok\u00e9mon\n|rule|OHKO Clause: OHKO moves are banned\n|rule|Evasion Items Clause: Evasion items are banned\n|rule|Evasion Moves Clause: Evasion moves are banned\n|rule|Endless Battle Clause: Forcing endless battles is banned\n|rule|HP Percentage Mod: HP is shown in percentages\n|clearpoke\n|poke|p1|Amoonguss, M|\n|poke|p1|Chi-Yu|\n|poke|p1|Glimmora, F|\n|poke|p1|Regieleki|\n|poke|p1|Ting-Lu|\n|poke|p1|Alomomola, F|\n|poke|p2|Great Tusk|\n|poke|p2|Muk-Alola, M|\n|poke|p2|Mismagius, F|\n|poke|p2|Sylveon, F|\n|poke|p2|Volcarona, F|\n|poke|p2|Meloetta|\n|teampreview\n|j| Squirshawott\n|j| BLACK METAL 3\n|j| slugmaaa\n|\n|t:|1697775466\n|start\n|switch|p1a: Glimmora|Glimmora, F|100\/100\n|switch|p2a: The Cooler Muk|Muk-Alola, M|100\/100\n|-item|p1a: Glimmora|Air Balloon\n|turn|1\n|\n|t:|1697775472\n|move|p1a: Glimmora|Toxic|p2a: The Cooler Muk\n|-status|p2a: The Cooler Muk|tox\n|move|p2a: The Cooler Muk|Knock Off|p1a: Glimmora\n|-damage|p1a: Glimmora|55\/100\n|-enditem|p1a: Glimmora|Air Balloon\n|\n|-damage|p2a: The Cooler Muk|94\/100 tox|[from] psn\n|upkeep\n|turn|2\n|\n|t:|1697775493\n|switch|p2a: Large Hat Enjoyer|Mismagius, F|100\/100\n|move|p1a: Glimmora|Toxic|p2a: Large Hat Enjoyer\n|-status|p2a: Large Hat Enjoyer|tox\n|\n|-damage|p2a: Large Hat Enjoyer|94\/100 tox|[from] psn\n|upkeep\n|turn|3\n|\n|t:|1697775508\n|switch|p1a: Mr. Blubby|Chi-Yu|100\/100\n|-ability|p1a: Mr. Blubby|Beads of Ruin\n|move|p2a: Large Hat Enjoyer|Shadow Ball|p1a: Mr. Blubby\n|-resisted|p1a: Mr. Blubby\n|-damage|p1a: Mr. Blubby|81\/100\n|\n|-damage|p2a: Large Hat Enjoyer|82\/100 tox|[from] psn\n|upkeep\n|turn|4\n|\n|t:|1697775519\n|switch|p2a: Ribbons Galore|Sylveon, F|100\/100\n|move|p1a: Mr. Blubby|Flamethrower|p2a: Ribbons Galore\n|-damage|p2a: Ribbons Galore|36\/100\n|\n|-heal|p2a: Ribbons Galore|42\/100|[from] item: Leftovers\n|upkeep\n|turn|5\n|c|\u2606Sol CPU|Man\n|\n|t:|1697775532\n|move|p1a: Mr. Blubby|Flamethrower|p2a: Ribbons Galore\n|-damage|p2a: Ribbons Galore|0 fnt\n|faint|p2a: Ribbons Galore\n|\n|upkeep\n|\n|t:|1697775542\n|switch|p2a: The Cooler Muk|Muk-Alola, M|94\/100 tox\n|turn|6\n|\n|t:|1697775588\n|switch|p1a: Amoonguss|Amoonguss, M|100\/100\n|move|p2a: The Cooler Muk|Knock Off|p1a: Amoonguss\n|-damage|p1a: Amoonguss|65\/100\n|-enditem|p1a: Amoonguss|Black Sludge|[from] move: Knock Off|[of] p2a: The Cooler Muk\n|\n|-heal|p2a: The Cooler Muk|100\/100 tox|[from] item: Black Sludge\n|-damage|p2a: The Cooler Muk|94\/100 tox|[from] psn\n|upkeep\n|turn|7\n|\n|t:|1697775599\n|switch|p1a: Mrs. Blubby|Alomomola, F|100\/100\n|move|p2a: The Cooler Muk|Crunch|p1a: Mrs. Blubby\n|-damage|p1a: Mrs. Blubby|78\/100\n|-damage|p2a: The Cooler Muk|78\/100 tox|[from] item: Rocky Helmet|[of] p1a: Mrs. Blubby\n|-status|p1a: Mrs. Blubby|psn|[from] ability: Poison Touch|[of] p2a: The Cooler Muk\n|\n|-heal|p2a: The Cooler Muk|84\/100 tox|[from] item: Black Sludge\n|-damage|p2a: The Cooler Muk|72\/100 tox|[from] psn\n|-damage|p1a: Mrs. Blubby|66\/100 psn|[from] psn\n|upkeep\n|turn|8\n|\n|t:|1697775619\n|switch|p1a: Amoonguss|Amoonguss, M|98\/100\n|move|p2a: The Cooler Muk|Knock Off|p1a: Amoonguss\n|-damage|p1a: Amoonguss|77\/100\n|\n|-heal|p2a: The Cooler Muk|78\/100 tox|[from] item: Black Sludge\n|-damage|p2a: The Cooler Muk|60\/100 tox|[from] psn\n|upkeep\n|turn|9\n|\n|t:|1697775635\n|switch|p2a: M O T H|Volcarona, F|100\/100\n|move|p1a: Amoonguss|Sludge Bomb|p2a: M O T H\n|-damage|p2a: M O T H|74\/100\n|\n|upkeep\n|turn|10\n|\n|t:|1697775668\n|switch|p1a: Regieleki|Regieleki|100\/100\n|move|p2a: M O T H|Quiver Dance|p2a: M O T H\n|-boost|p2a: M O T H|spa|1\n|-boost|p2a: M O T H|spd|1\n|-boost|p2a: M O T H|spe|1\n|\n|upkeep\n|turn|11\n|\n|t:|1697775677\n|move|p1a: Regieleki|Eerie Impulse|p2a: M O T H\n|-unboost|p2a: M O T H|spa|2\n|move|p2a: M O T H|Flamethrower|p1a: Regieleki\n|-damage|p1a: Regieleki|34\/100\n|-status|p1a: Regieleki|brn\n|\n|-damage|p1a: Regieleki|28\/100 brn|[from] brn\n|upkeep\n|turn|12\n|\n|t:|1697775686\n|move|p1a: Regieleki|Volt Switch|p2a: M O T H\n|-damage|p2a: M O T H|37\/100\n|\n|t:|1697775690\n|switch|p1a: Ting-Lu|Ting-Lu|100\/100|[from] Volt Switch\n|-ability|p1a: Ting-Lu|Vessel of Ruin\n|move|p2a: M O T H|Quiver Dance|p2a: M O T H\n|-boost|p2a: M O T H|spa|1\n|-boost|p2a: M O T H|spd|1\n|-boost|p2a: M O T H|spe|1\n|\n|upkeep\n|turn|13\n|\n|t:|1697775698\n|move|p2a: M O T H|Bug Buzz|p1a: Ting-Lu\n|-supereffective|p1a: Ting-Lu\n|-damage|p1a: Ting-Lu|58\/100\n|move|p1a: Ting-Lu|Rock Slide|p2a: M O T H\n|-supereffective|p2a: M O T H\n|-damage|p2a: M O T H|0 fnt\n|faint|p2a: M O T H\n|\n|-heal|p1a: Ting-Lu|65\/100|[from] item: Leftovers\n|upkeep\n|\n|t:|1697775711\n|switch|p2a: Large Hat Enjoyer|Mismagius, F|82\/100 tox\n|turn|14\n|\n|t:|1697775721\n|move|p2a: Large Hat Enjoyer|Dazzling Gleam|p1a: Ting-Lu\n|-supereffective|p1a: Ting-Lu\n|-damage|p1a: Ting-Lu|41\/100\n|move|p1a: Ting-Lu|Throat Chop|p2a: Large Hat Enjoyer\n|-supereffective|p2a: Large Hat Enjoyer\n|-damage|p2a: Large Hat Enjoyer|0 fnt\n|faint|p2a: Large Hat Enjoyer\n|\n|-heal|p1a: Ting-Lu|47\/100|[from] item: Leftovers\n|upkeep\n|\n|t:|1697775730\n|switch|p2a: GET 'EM BOYS|Great Tusk|100\/100\n|-enditem|p2a: GET 'EM BOYS|Booster Energy\n|-activate|p2a: GET 'EM BOYS|ability: Protosynthesis|[fromitem]\n|-start|p2a: GET 'EM BOYS|protosynthesisatk\n|turn|15\n|\n|t:|1697775744\n|move|p2a: GET 'EM BOYS|Close Combat|p1a: Ting-Lu\n|-supereffective|p1a: Ting-Lu\n|-damage|p1a: Ting-Lu|0 fnt\n|-unboost|p2a: GET 'EM BOYS|def|1\n|-unboost|p2a: GET 'EM BOYS|spd|1\n|faint|p1a: Ting-Lu\n|\n|upkeep\n|\n|t:|1697775758\n|switch|p1a: Glimmora|Glimmora, F|55\/100\n|turn|16\n|\n|t:|1697775766\n|move|p1a: Glimmora|Spiky Shield|p1a: Glimmora\n|-singleturn|p1a: Glimmora|move: Protect\n|move|p2a: GET 'EM BOYS|Iron Head|p1a: Glimmora\n|-activate|p1a: Glimmora|move: Protect\n|-damage|p2a: GET 'EM BOYS|88\/100|[from] Spiky Shield|[of] p1a: Glimmora\n|\n|upkeep\n|turn|17\n|\n|t:|1697775778\n|move|p2a: GET 'EM BOYS|Iron Head|p1a: Glimmora\n|-supereffective|p1a: Glimmora\n|-damage|p1a: Glimmora|0 fnt\n|faint|p1a: Glimmora\n|\n|upkeep\n|\n|t:|1697775785\n|switch|p1a: Amoonguss|Amoonguss, M|100\/100\n|turn|18\n|\n|t:|1697775789\n|move|p2a: GET 'EM BOYS|Close Combat|p1a: Amoonguss\n|-resisted|p1a: Amoonguss\n|-damage|p1a: Amoonguss|73\/100\n|-unboost|p2a: GET 'EM BOYS|def|1\n|-unboost|p2a: GET 'EM BOYS|spd|1\n|move|p1a: Amoonguss|Spore|p2a: GET 'EM BOYS\n|-status|p2a: GET 'EM BOYS|slp|[from] move: Spore\n|\n|upkeep\n|turn|19\n|\n|t:|1697775799\n|cant|p2a: GET 'EM BOYS|slp\n|move|p1a: Amoonguss|Giga Drain|p2a: GET 'EM BOYS\n|-supereffective|p2a: GET 'EM BOYS\n|-damage|p2a: GET 'EM BOYS|0 fnt\n|-heal|p1a: Amoonguss|100\/100|[from] drain|[of] p2a: GET 'EM BOYS\n|faint|p2a: GET 'EM BOYS\n|-end|p2a: GET 'EM BOYS|Protosynthesis|[silent]\n|\n|upkeep\n|\n|t:|1697775806\n|switch|p2a: Sing Queen|Meloetta|100\/100\n|turn|20\n|\n|t:|1697775813\n|move|p2a: Sing Queen|Calm Mind|p2a: Sing Queen\n|-boost|p2a: Sing Queen|spa|1\n|-boost|p2a: Sing Queen|spd|1\n|move|p1a: Amoonguss|Spore|p2a: Sing Queen\n|-status|p2a: Sing Queen|slp|[from] move: Spore\n|\n|upkeep\n|turn|21\n|\n|t:|1697775821\n|switch|p1a: Mr. Blubby|Chi-Yu|81\/100\n|-ability|p1a: Mr. Blubby|Beads of Ruin\n|cant|p2a: Sing Queen|slp\n|\n|upkeep\n|turn|22\n|\n|t:|1697775827\n|move|p1a: Mr. Blubby|Dark Pulse|p2a: Sing Queen\n|-supereffective|p2a: Sing Queen\n|-damage|p2a: Sing Queen|18\/100 slp\n|-curestatus|p2a: Sing Queen|slp|[msg]\n|move|p2a: Sing Queen|Thunder Wave|p1a: Mr. Blubby\n|-status|p1a: Mr. Blubby|par\n|\n|upkeep\n|turn|23\n|\n|t:|1697775835\n|move|p2a: Sing Queen|Dazzling Gleam|p1a: Mr. Blubby\n|-crit|p1a: Mr. Blubby\n|-damage|p1a: Mr. Blubby|8\/100 par\n|cant|p1a: Mr. Blubby|par\n|\n|upkeep\n|turn|24\n|\n|t:|1697775841\n|move|p2a: Sing Queen|Dazzling Gleam|p1a: Mr. Blubby\n|-damage|p1a: Mr. Blubby|0 fnt\n|faint|p1a: Mr. Blubby\n|\n|upkeep\n|c|\u2606pkpowers310|ight\n|\n|t:|1697775846\n|switch|p1a: Regieleki|Regieleki|28\/100 brn\n|turn|25\n|\n|t:|1697775857\n|-terastallize|p2a: Sing Queen|Steel\n|move|p1a: Regieleki|Volt Switch|p2a: Sing Queen\n|-damage|p2a: Sing Queen|0 fnt\n|faint|p2a: Sing Queen\n|\n|t:|1697775869\n|switch|p1a: Mrs. Blubby|Alomomola, F|99\/100 psn|[from] Volt Switch\n|\n|-damage|p1a: Mrs. Blubby|87\/100 psn|[from] psn\n|upkeep\n|\n|t:|1697775873\n|switch|p2a: The Cooler Muk|Muk-Alola, M|60\/100 tox\n|turn|26\n|\n|t:|1697775878\n|move|p1a: Mrs. Blubby|Protect|p1a: Mrs. Blubby\n|-singleturn|p1a: Mrs. Blubby|Protect\n|move|p2a: The Cooler Muk|Knock Off|p1a: Mrs. Blubby\n|-activate|p1a: Mrs. Blubby|move: Protect\n|\n|-heal|p2a: The Cooler Muk|66\/100 tox|[from] item: Black Sludge\n|-damage|p2a: The Cooler Muk|60\/100 tox|[from] psn\n|-damage|p1a: Mrs. Blubby|74\/100 psn|[from] psn\n|upkeep\n|turn|27\n|j| RubenGuyPratice\n|\n|t:|1697775893\n|move|p2a: The Cooler Muk|Knock Off|p1a: Mrs. Blubby\n|-damage|p1a: Mrs. Blubby|49\/100 psn\n|-damage|p2a: The Cooler Muk|43\/100 tox|[from] item: Rocky Helmet|[of] p1a: Mrs. Blubby\n|-enditem|p1a: Mrs. Blubby|Rocky Helmet|[from] move: Knock Off|[of] p2a: The Cooler Muk\n|move|p1a: Mrs. Blubby|Wish|p1a: Mrs. Blubby\n|\n|-heal|p2a: The Cooler Muk|49\/100 tox|[from] item: Black Sludge\n|-damage|p2a: The Cooler Muk|37\/100 tox|[from] psn\n|-damage|p1a: Mrs. Blubby|37\/100 psn|[from] psn\n|upkeep\n|turn|28\n|\n|t:|1697775909\n|switch|p1a: Amoonguss|Amoonguss, M|100\/100\n|move|p2a: The Cooler Muk|Toxic|p1a: Amoonguss\n|-immune|p1a: Amoonguss\n|\n|-heal|p2a: The Cooler Muk|43\/100 tox|[from] item: Black Sludge\n|-damage|p2a: The Cooler Muk|25\/100 tox|[from] psn\n|upkeep\n|turn|29\n|\n|t:|1697775921\n|switch|p1a: Mrs. Blubby|Alomomola, F|70\/100 psn\n|move|p2a: The Cooler Muk|Crunch|p1a: Mrs. Blubby\n|-damage|p1a: Mrs. Blubby|49\/100 psn\n|\n|-heal|p2a: The Cooler Muk|31\/100 tox|[from] item: Black Sludge\n|-damage|p2a: The Cooler Muk|7\/100 tox|[from] psn\n|-damage|p1a: Mrs. Blubby|37\/100 psn|[from] psn\n|upkeep\n|turn|30\n|\n|t:|1697775929\n|move|p1a: Mrs. Blubby|Protect|p1a: Mrs. Blubby\n|-singleturn|p1a: Mrs. Blubby|Protect\n|move|p2a: The Cooler Muk|Crunch|p1a: Mrs. Blubby\n|-activate|p1a: Mrs. Blubby|move: Protect\n|\n|-heal|p2a: The Cooler Muk|13\/100 tox|[from] item: Black Sludge\n|-damage|p2a: The Cooler Muk|0 fnt|[from] psn\n|faint|p2a: The Cooler Muk\n|\n|win|pkpowers310\n|upkeep\n|c|\u2606pkpowers310|gg\n|c|\u2606Sol CPU|ggs\n","uploadtime":1697775938,"views":13,"p1id":"pkpowers310","p2id":"solcpu","formatid":"gen9ubers","rating":0,"private":0,"password":""}