{"id":"gen9ubers-2000624219","p1":"LITLE0","p2":"Guzztylega","format":"[Gen 9] Ubers","log":"|j|\u2606LITLE0\n|j|\u2606Guzztylega\n|t:|1701211700\n|gametype|singles\n|player|p1|LITLE0|brock|1201\n|player|p2|Guzztylega|265|1068\n|teamsize|p1|6\n|teamsize|p2|6\n|gen|9\n|tier|[Gen 9] Ubers\n|rated|\n|rule|Sleep Clause Mod: Limit one foe put to sleep\n|rule|Species Clause: Limit one of each Pok\u00e9mon\n|rule|OHKO Clause: OHKO moves are banned\n|rule|Evasion Items Clause: Evasion items are banned\n|rule|Evasion Moves Clause: Evasion moves are banned\n|rule|Endless Battle Clause: Forcing endless battles is banned\n|rule|HP Percentage Mod: HP is shown in percentages\n|clearpoke\n|poke|p1|Baxcalibur, M|\n|poke|p1|Corviknight, M|\n|poke|p1|Clodsire, M|\n|poke|p1|Ninetales-Alola, F|\n|poke|p1|Palafin, F|\n|poke|p1|Sinistcha|\n|poke|p2|Volcarona, M|\n|poke|p2|Koraidon|\n|poke|p2|Groudon|\n|poke|p2|Landorus-Therian, M|\n|poke|p2|Arceus-Fairy|\n|poke|p2|Eternatus|\n|teampreview\n|inactive|Battle timer is ON: inactive players will automatically lose when time's up. (requested by LITLE0)\n|\n|t:|1701211726\n|start\n|switch|p1a: Palafin|Palafin, F|100\/100\n|switch|p2a: Koraidon|Koraidon|100\/100\n|-weather|SunnyDay|[from] ability: Orichalcum Pulse|[of] p2a: Koraidon\n|-activate|p2a: Koraidon|Orichalcum Pulse|[source]\n|turn|1\n|\n|t:|1701211742\n|detailschange|p1a: Palafin|Palafin-Hero, F\n|switch|p1a: Corviknight|Corviknight, M|100\/100\n|move|p2a: Koraidon|U-turn|p1a: Corviknight\n|-resisted|p1a: Corviknight\n|-damage|p1a: Corviknight|96\/100\n|\n|t:|1701211758\n|switch|p2a: Volcarona|Volcarona, M|100\/100|[from] U-turn\n|\n|-weather|SunnyDay|[upkeep]\n|-heal|p1a: Corviknight|100\/100|[from] item: Leftovers\n|upkeep\n|turn|2\n|\n|t:|1701211764\n|switch|p1a: Clodsire|Clodsire, M|100\/100\n|move|p2a: Volcarona|Fiery Dance|p1a: Clodsire\n|-damage|p1a: Clodsire|64\/100\n|\n|-weather|SunnyDay|[upkeep]\n|-heal|p1a: Clodsire|71\/100|[from] item: Leftovers\n|upkeep\n|turn|3\n|\n|t:|1701211774\n|move|p2a: Volcarona|Psychic|p1a: Clodsire\n|-supereffective|p1a: Clodsire\n|-damage|p1a: Clodsire|38\/100\n|move|p1a: Clodsire|Toxic|p2a: Volcarona\n|-status|p2a: Volcarona|tox\n|\n|-weather|SunnyDay|[upkeep]\n|-heal|p1a: Clodsire|44\/100|[from] item: Leftovers\n|-damage|p2a: Volcarona|94\/100 tox|[from] psn\n|upkeep\n|turn|4\n|\n|t:|1701211790\n|switch|p1a: Corviknight|Corviknight, M|100\/100\n|move|p2a: Volcarona|Psychic|p1a: Corviknight\n|-resisted|p1a: Corviknight\n|-damage|p1a: Corviknight|84\/100\n|\n|-weather|SunnyDay|[upkeep]\n|-heal|p1a: Corviknight|91\/100|[from] item: Leftovers\n|-damage|p2a: Volcarona|82\/100 tox|[from] psn\n|upkeep\n|turn|5\n|\n|t:|1701211813\n|switch|p1a: Palafin|Palafin-Hero, F|100\/100\n|-activate|p1a: Palafin|ability: Zero to Hero\n|move|p2a: Volcarona|Fiery Dance|p1a: Palafin\n|-resisted|p1a: Palafin\n|-damage|p1a: Palafin|68\/100\n|\n|-weather|none\n|-damage|p2a: Volcarona|64\/100 tox|[from] psn\n|upkeep\n|turn|6\n|inactive|LITLE0 has 120 seconds left.\n|\n|t:|1701211833\n|-terastallize|p2a: Volcarona|Fairy\n|move|p1a: Palafin|Jet Punch|p2a: Volcarona\n|-damage|p2a: Volcarona|0 fnt\n|faint|p2a: Volcarona\n|\n|upkeep\n|\n|t:|1701211845\n|switch|p2a: Landorus|Landorus-Therian, M|100\/100\n|-ability|p2a: Landorus|Intimidate|boost\n|-unboost|p1a: Palafin|atk|1\n|turn|7\n|\n|t:|1701211857\n|switch|p1a: Baxcalibur|Baxcalibur, M|100\/100\n|move|p2a: Landorus|Grass Knot|p1a: Baxcalibur\n|-resisted|p1a: Baxcalibur\n|-damage|p1a: Baxcalibur|87\/100\n|\n|upkeep\n|turn|8\n|\n|t:|1701211865\n|move|p1a: Baxcalibur|Swords Dance|p1a: Baxcalibur\n|-boost|p1a: Baxcalibur|atk|2\n|move|p2a: Landorus|Stealth Rock|p1a: Baxcalibur\n|-sidestart|p1: LITLE0|move: Stealth Rock\n|\n|upkeep\n|turn|9\n|\n|t:|1701211882\n|switch|p2a: Groudon|Groudon|100\/100\n|-weather|SunnyDay|[from] ability: Drought|[of] p2a: Groudon\n|move|p1a: Baxcalibur|Scale Shot|p2a: Groudon\n|-damage|p2a: Groudon|83\/100\n|-damage|p2a: Groudon|66\/100\n|-damage|p2a: Groudon|48\/100\n|-damage|p2a: Groudon|29\/100\n|-hitcount|p2a: Groudon|4\n|-unboost|p1a: Baxcalibur|def|1\n|-boost|p1a: Baxcalibur|spe|1\n|\n|-weather|SunnyDay|[upkeep]\n|-heal|p2a: Groudon|35\/100|[from] item: Leftovers\n|upkeep\n|turn|10\n|\n|t:|1701211897\n|move|p1a: Baxcalibur|Scale Shot|p2a: Groudon\n|-damage|p2a: Groudon|19\/100\n|-damage|p2a: Groudon|2\/100\n|-damage|p2a: Groudon|0 fnt\n|faint|p2a: Groudon\n|-hitcount|p2: Groudon|3\n|-unboost|p1a: Baxcalibur|def|1\n|-boost|p1a: Baxcalibur|spe|1\n|\n|-weather|SunnyDay|[upkeep]\n|upkeep\n|inactive|Guzztylega has 120 seconds left.\n|\n|t:|1701211913\n|switch|p2a: Arceus|Arceus-Fairy|100\/100\n|turn|11\n|\n|t:|1701211925\n|move|p1a: Baxcalibur|Icicle Spear|p2a: Arceus\n|-damage|p2a: Arceus|82\/100\n|-damage|p2a: Arceus|64\/100\n|-damage|p2a: Arceus|44\/100\n|-damage|p2a: Arceus|25\/100\n|-damage|p2a: Arceus|7\/100\n|-hitcount|p2a: Arceus|5\n|move|p2a: Arceus|Judgment|p1a: Baxcalibur\n|-supereffective|p1a: Baxcalibur\n|-damage|p1a: Baxcalibur|0 fnt\n|faint|p1a: Baxcalibur\n|\n|-weather|SunnyDay|[upkeep]\n|upkeep\n|\n|t:|1701211930\n|switch|p1a: Palafin|Palafin-Hero, F|68\/100\n|-damage|p1a: Palafin|56\/100|[from] Stealth Rock\n|turn|12\n|\n|t:|1701211942\n|move|p1a: Palafin|Jet Punch|p2a: Arceus\n|-damage|p2a: Arceus|0 fnt\n|faint|p2a: Arceus\n|\n|-weather|SunnyDay|[upkeep]\n|upkeep\n|\n|t:|1701211954\n|switch|p2a: Eternatus|Eternatus|100\/100\n|-ability|p2a: Eternatus|Pressure\n|turn|13\n|\n|t:|1701211967\n|switch|p1a: Corviknight|Corviknight, M|91\/100\n|-damage|p1a: Corviknight|78\/100|[from] Stealth Rock\n|move|p2a: Eternatus|Toxic|p1a: Corviknight\n|-immune|p1a: Corviknight\n|\n|-weather|none\n|-heal|p1a: Corviknight|84\/100|[from] item: Leftovers\n|upkeep\n|turn|14\n|\n|t:|1701211976\n|move|p2a: Eternatus|Flamethrower|p1a: Corviknight\n|-supereffective|p1a: Corviknight\n|-damage|p1a: Corviknight|32\/100\n|move|p1a: Corviknight|Defog|p2a: Eternatus\n|-unboost|p2a: Eternatus|evasion|1\n|-sideend|p1: LITLE0|Stealth Rock|[from] move: Defog|[of] p1a: Corviknight\n|\n|-heal|p1a: Corviknight|39\/100|[from] item: Leftovers\n|upkeep\n|turn|15\n|\n|t:|1701211985\n|switch|p1a: Palafin|Palafin-Hero, F|56\/100\n|move|p2a: Eternatus|Flamethrower|p1a: Palafin\n|-resisted|p1a: Palafin\n|-damage|p1a: Palafin|40\/100\n|\n|upkeep\n|turn|16\n|\n|t:|1701211992\n|move|p2a: Eternatus|Toxic|p1a: Palafin\n|-status|p1a: Palafin|tox\n|move|p1a: Palafin|Zen Headbutt|p2a: Eternatus\n|-supereffective|p2a: Eternatus\n|-damage|p2a: Eternatus|14\/100\n|\n|-damage|p1a: Palafin|34\/100 tox|[from] psn\n|upkeep\n|turn|17\n|\n|t:|1701212003\n|switch|p1a: Ninetales|Ninetales-Alola, F|100\/100\n|-weather|Snow|[from] ability: Snow Warning|[of] p1a: Ninetales\n|move|p2a: Eternatus|Dynamax Cannon|p1a: Ninetales\n|-immune|p1a: Ninetales\n|\n|-weather|Snow|[upkeep]\n|upkeep\n|turn|18\n|\n|t:|1701212012\n|switch|p1a: Palafin|Palafin-Hero, F|34\/100 tox\n|move|p2a: Eternatus|Toxic|p1a: Palafin\n|-fail|p1a: Palafin|tox\n|\n|-weather|Snow|[upkeep]\n|-damage|p1a: Palafin|27\/100 tox|[from] psn\n|upkeep\n|turn|19\n|\n|t:|1701212022\n|move|p1a: Palafin|Jet Punch|p2a: Eternatus\n|-resisted|p2a: Eternatus\n|-damage|p2a: Eternatus|0 fnt\n|faint|p2a: Eternatus\n|\n|-weather|Snow|[upkeep]\n|-damage|p1a: Palafin|15\/100 tox|[from] psn\n|upkeep\n|\n|t:|1701212029\n|switch|p2a: Koraidon|Koraidon|100\/100\n|-weather|SunnyDay|[from] ability: Orichalcum Pulse|[of] p2a: Koraidon\n|-activate|p2a: Koraidon|Orichalcum Pulse|[source]\n|turn|20\n|\n|t:|1701212043\n|switch|p1a: Corviknight|Corviknight, M|39\/100\n|move|p2a: Koraidon|U-turn|p1a: Corviknight\n|-resisted|p1a: Corviknight\n|-damage|p1a: Corviknight|34\/100\n|\n|t:|1701212049\n|switch|p2a: Landorus|Landorus-Therian, M|100\/100|[from] U-turn\n|-ability|p2a: Landorus|Intimidate|boost\n|-ability|p1a: Corviknight|Mirror Armor\n|-unboost|p2a: Landorus|atk|1\n|\n|-weather|SunnyDay|[upkeep]\n|-heal|p1a: Corviknight|40\/100|[from] item: Leftovers\n|upkeep\n|turn|21\n|\n|t:|1701212069\n|move|p2a: Landorus|Stealth Rock|p1a: Corviknight\n|-sidestart|p1: LITLE0|move: Stealth Rock\n|move|p1a: Corviknight|Roost|p1a: Corviknight\n|-heal|p1a: Corviknight|90\/100\n|-singleturn|p1a: Corviknight|move: Roost\n|\n|-weather|SunnyDay|[upkeep]\n|-heal|p1a: Corviknight|96\/100|[from] item: Leftovers\n|upkeep\n|turn|22\n|\n|t:|1701212082\n|switch|p2a: Koraidon|Koraidon|100\/100\n|-activate|p2a: Koraidon|ability: Orichalcum Pulse\n|move|p1a: Corviknight|Defog|p2a: Koraidon\n|-unboost|p2a: Koraidon|evasion|1\n|-sideend|p1: LITLE0|Stealth Rock|[from] move: Defog|[of] p1a: Corviknight\n|\n|-weather|SunnyDay|[upkeep]\n|-heal|p1a: Corviknight|100\/100|[from] item: Leftovers\n|upkeep\n|turn|23\n|\n|t:|1701212094\n|move|p2a: Koraidon|Flare Blitz|p1a: Corviknight\n|-supereffective|p1a: Corviknight\n|-damage|p1a: Corviknight|3\/100\n|-damage|p2a: Koraidon|63\/100|[from] Recoil\n|move|p1a: Corviknight|Brave Bird|p2a: Koraidon\n|-supereffective|p2a: Koraidon\n|-damage|p2a: Koraidon|0 fnt\n|faint|p2a: Koraidon\n|-damage|p1a: Corviknight|0 fnt|[from] Recoil\n|faint|p1a: Corviknight\n|\n|-weather|SunnyDay|[upkeep]\n|upkeep\n|\n|t:|1701212107\n|switch|p2a: Landorus|Landorus-Therian, M|100\/100\n|switch|p1a: Ninetales|Ninetales-Alola, F|100\/100\n|-weather|Snow|[from] ability: Snow Warning|[of] p1a: Ninetales\n|-ability|p2a: Landorus|Intimidate|boost\n|-unboost|p1a: Ninetales|atk|1\n|turn|24\n|\n|t:|1701212115\n|move|p1a: Ninetales|Blizzard|p2a: Landorus\n|-supereffective|p2a: Landorus\n|-damage|p2a: Landorus|0 fnt\n|faint|p2a: Landorus\n|\n|win|LITLE0\n|raw|LITLE0's rating: 1216 &rarr; <strong>1231<\/strong><br \/>(+15 for winning)\n|raw|Guzztylega's rating: 1068 &rarr; <strong>1056<\/strong><br \/>(-12 for losing)\n","uploadtime":1701212119,"views":0,"p1id":"litle0","p2id":"guzztylega","formatid":"gen9ubers","rating":1056,"private":0,"password":""}