{"id":"gen9ubers-1981969066","p1":"DragonPhoenix333","p2":"mkap","format":"[Gen 9] Ubers","log":"|j|\u2606DragonPhoenix333\n|j|\u2606mkap\n|inactive|Battle timer is ON: inactive players will automatically lose when time's up.\n|t:|1698955814\n|gametype|singles\n|player|p1|DragonPhoenix333|nobunaga-conquest|\n|player|p2|mkap|lusamine-nihilego|\n|teamsize|p1|6\n|teamsize|p2|6\n|gen|9\n|tier|[Gen 9] Ubers\n|rated|Tournament battle\n|rule|Sleep Clause Mod: Limit one foe put to sleep\n|rule|Species Clause: Limit one of each Pok\u00e9mon\n|rule|OHKO Clause: OHKO moves are banned\n|rule|Evasion Items Clause: Evasion items are banned\n|rule|Evasion Moves Clause: Evasion moves are banned\n|rule|Endless Battle Clause: Forcing endless battles is banned\n|rule|HP Percentage Mod: HP is shown in percentages\n|rule|Terastal Clause: You cannot Terastallize\n|rule|1 Ability Clause: Limit 1 of each ability\n|clearpoke\n|poke|p1|Ursaluna, M|\n|poke|p1|Dragapult, M|\n|poke|p1|Slaking, M|\n|poke|p1|Pawmot, M|\n|poke|p1|Rayquaza|\n|poke|p1|Mewtwo|\n|poke|p2|Miraidon|\n|poke|p2|Koraidon|\n|poke|p2|Ting-Lu|\n|poke|p2|Arceus|\n|poke|p2|Skeledirge, F|\n|poke|p2|Flutter Mane|\n|teampreview\n|j|*Lady Monita \u263d\n|\n|t:|1698955834\n|start\n|switch|p1a: Rayquaza|Rayquaza, shiny|100\/100\n|switch|p2a: Koraidon|Koraidon|100\/100\n|-weather|SunnyDay|[from] ability: Orichalcum Pulse|[of] p2a: Koraidon\n|-activate|p2a: Koraidon|Orichalcum Pulse|[source]\n|-activate|p1a: Rayquaza|ability: Orichalcum Pulse\n|turn|1\n|j| Pure Hackmons\n|\n|t:|1698955847\n|switch|p1a: Slaking|Slaking, M, shiny|100\/100\n|move|p2a: Koraidon|Dragon Claw|p1a: Slaking\n|-damage|p1a: Slaking|57\/100\n|\n|-weather|SunnyDay|[upkeep]\n|upkeep\n|turn|2\n|\n|t:|1698955854\n|switch|p2a: Skeledirge|Skeledirge, F|100\/100\n|-activate|p2a: Skeledirge|ability: Protosynthesis\n|-start|p2a: Skeledirge|protosynthesisdef\n|move|p1a: Slaking|Play Rough|p2a: Skeledirge\n|-resisted|p2a: Skeledirge\n|-damage|p2a: Skeledirge|85\/100\n|\n|-weather|SunnyDay|[upkeep]\n|upkeep\n|turn|3\n|j| happysh\n|\n|t:|1698955865\n|move|p1a: Slaking|Earthquake|p2a: Skeledirge\n|-supereffective|p2a: Skeledirge\n|-damage|p2a: Skeledirge|39\/100\n|-damage|p1a: Slaking|47\/100|[from] item: Life Orb\n|move|p2a: Skeledirge|Torch Song|p1a: Slaking\n|-damage|p1a: Slaking|0 fnt\n|-boost|p2a: Skeledirge|spa|1\n|faint|p1a: Slaking\n|\n|-weather|SunnyDay|[upkeep]\n|upkeep\n|\n|t:|1698955871\n|switch|p1a: Mewtwo|Mewtwo, shiny|100\/100\n|turn|4\n|\n|t:|1698955876\n|move|p1a: Mewtwo|Psystrike|p2a: Skeledirge\n|-damage|p2a: Skeledirge|0 fnt\n|faint|p2a: Skeledirge\n|-end|p2a: Skeledirge|Protosynthesis|[silent]\n|-damage|p1a: Mewtwo|91\/100|[from] item: Life Orb\n|\n|-weather|SunnyDay|[upkeep]\n|upkeep\n|\n|t:|1698955878\n|switch|p2a: Ting-Lu|Ting-Lu|100\/100\n|turn|5\n|\n|t:|1698955881\n|move|p1a: Mewtwo|Solar Beam||[still]\n|-prepare|p1a: Mewtwo|Solar Beam\n|-anim|p1a: Mewtwo|Solar Beam|p2a: Ting-Lu\n|-supereffective|p2a: Ting-Lu\n|-damage|p2a: Ting-Lu|22\/100\n|-damage|p1a: Mewtwo|81\/100|[from] item: Life Orb\n|move|p2a: Ting-Lu|Spikes|p1a: Mewtwo\n|-sidestart|p1: DragonPhoenix333|Spikes\n|\n|-weather|none\n|-heal|p2a: Ting-Lu|28\/100|[from] item: Leftovers\n|upkeep\n|turn|6\n|\n|t:|1698955887\n|move|p1a: Mewtwo|Fire Blast|p2a: Ting-Lu\n|-damage|p2a: Ting-Lu|0 fnt\n|faint|p2a: Ting-Lu\n|-damage|p1a: Mewtwo|71\/100|[from] item: Life Orb\n|\n|upkeep\n|\n|t:|1698955891\n|switch|p2a: Flutter Mane|Flutter Mane|100\/100\n|-enditem|p2a: Flutter Mane|Booster Energy\n|-activate|p2a: Flutter Mane|ability: Quark Drive|[fromitem]\n|-start|p2a: Flutter Mane|quarkdrivespe\n|turn|7\n|\n|t:|1698955898\n|switch|p1a: Rayquaza|Rayquaza, shiny|100\/100\n|-weather|SunnyDay|[from] ability: Orichalcum Pulse|[of] p1a: Rayquaza\n|-activate|p1a: Rayquaza|Orichalcum Pulse|[source]\n|move|p2a: Flutter Mane|Shadow Ball|p1a: Rayquaza\n|-damage|p1a: Rayquaza|52\/100\n|\n|-weather|SunnyDay|[upkeep]\n|upkeep\n|turn|8\n|\n|t:|1698955901\n|move|p2a: Flutter Mane|Moonblast|p1a: Rayquaza\n|-supereffective|p1a: Rayquaza\n|-damage|p1a: Rayquaza|0 fnt\n|faint|p1a: Rayquaza\n|\n|-weather|SunnyDay|[upkeep]\n|upkeep\n|\n|t:|1698955902\n|switch|p1a: Mewtwo|Mewtwo, shiny|71\/100\n|-damage|p1a: Mewtwo|58\/100|[from] Spikes\n|turn|9\n|\n|t:|1698955905\n|move|p1a: Mewtwo|Psystrike|p2a: Flutter Mane\n|-damage|p2a: Flutter Mane|0 fnt\n|faint|p2a: Flutter Mane\n|-end|p2a: Flutter Mane|Quark Drive|[silent]\n|-damage|p1a: Mewtwo|48\/100|[from] item: Life Orb\n|\n|-weather|SunnyDay|[upkeep]\n|upkeep\n|\n|t:|1698955909\n|switch|p2a: Arceus|Arceus|100\/100\n|turn|10\n|\n|t:|1698955913\n|move|p2a: Arceus|Extreme Speed|p1a: Mewtwo\n|-damage|p1a: Mewtwo|4\/100\n|move|p1a: Mewtwo|Focus Blast|p2a: Arceus\n|-supereffective|p2a: Arceus\n|-damage|p2a: Arceus|18\/100\n|-damage|p1a: Mewtwo|0 fnt|[from] item: Life Orb\n|faint|p1a: Mewtwo\n|\n|-weather|SunnyDay|[upkeep]\n|upkeep\n|\n|t:|1698955917\n|switch|p1a: Pawmot|Pawmot, M|100\/100\n|-damage|p1a: Pawmot|88\/100|[from] Spikes\n|turn|11\n|\n|t:|1698955921\n|move|p1a: Pawmot|Nuzzle|p2a: Arceus\n|-damage|p2a: Arceus|12\/100\n|-status|p2a: Arceus|par\n|move|p2a: Arceus|Swords Dance|p2a: Arceus\n|-boost|p2a: Arceus|atk|2\n|\n|-weather|none\n|upkeep\n|turn|12\n|\n|t:|1698955923\n|cant|p2a: Arceus|par\n|move|p1a: Pawmot|Revival Blessing|p1a: Pawmot\n|-enditem|p1a: Pawmot|Leppa Berry|[eat]\n|-activate|p1a: Pawmot|item: Leppa Berry|Revival Blessing|[consumed]\n|\n|t:|1698955929\n|-heal|p1: Mewtwo|50\/100|[from] move: Revival Blessing\n|\n|upkeep\n|turn|13\n|\n|t:|1698955931\n|cant|p2a: Arceus|par\n|move|p1a: Pawmot|Mach Punch|p2a: Arceus\n|-supereffective|p2a: Arceus\n|-damage|p2a: Arceus|0 fnt\n|faint|p2a: Arceus\n|\n|-item|p1a: Pawmot|Leppa Berry|[from] ability: Harvest\n|upkeep\n|c|\u2606DragonPhoenix333|mb\n|c|\u2606mkap|all good\n|\n|t:|1698955938\n|switch|p2a: Koraidon|Koraidon|100\/100\n|-weather|SunnyDay|[from] ability: Orichalcum Pulse|[of] p2a: Koraidon\n|-activate|p2a: Koraidon|Orichalcum Pulse|[source]\n|turn|14\n|\n|t:|1698955945\n|move|p2a: Koraidon|Dragon Claw|p1a: Pawmot\n|-damage|p1a: Pawmot|10\/100\n|move|p1a: Pawmot|Revival Blessing|p1a: Pawmot\n|-enditem|p1a: Pawmot|Leppa Berry|[eat]\n|-activate|p1a: Pawmot|item: Leppa Berry|Revival Blessing|[consumed]\n|\n|t:|1698955950\n|-heal|p1: Slaking|50\/100|[from] move: Revival Blessing\n|\n|-weather|SunnyDay|[upkeep]\n|-item|p1a: Pawmot|Leppa Berry|[from] ability: Harvest\n|upkeep\n|turn|15\n|\n|t:|1698955952\n|move|p1a: Pawmot|Mach Punch|p2a: Koraidon\n|-damage|p2a: Koraidon|86\/100\n|move|p2a: Koraidon|Dragon Claw|p1a: Pawmot\n|-damage|p1a: Pawmot|0 fnt\n|faint|p1a: Pawmot\n|\n|-weather|SunnyDay|[upkeep]\n|upkeep\n|\n|t:|1698955956\n|switch|p1a: Mewtwo|Mewtwo, shiny|50\/100\n|-damage|p1a: Mewtwo|38\/100|[from] Spikes\n|turn|16\n|j| AtariAlex\n|\n|t:|1698955962\n|move|p1a: Mewtwo|Psystrike|p2a: Koraidon\n|-supereffective|p2a: Koraidon\n|-damage|p2a: Koraidon|0 fnt\n|faint|p2a: Koraidon\n|-damage|p1a: Mewtwo|28\/100|[from] item: Life Orb\n|\n|-weather|SunnyDay|[upkeep]\n|upkeep\n|j| Dregone\n|\n|t:|1698955963\n|switch|p2a: Miraidon|Miraidon|100\/100\n|turn|17\n|\n|t:|1698955966\n|move|p1a: Mewtwo|Psystrike|p2a: Miraidon\n|-damage|p2a: Miraidon|14\/100\n|-damage|p1a: Mewtwo|18\/100|[from] item: Life Orb\n|move|p2a: Miraidon|Electro Drift|p1a: Mewtwo\n|-damage|p1a: Mewtwo|0 fnt\n|faint|p1a: Mewtwo\n|\n|-weather|SunnyDay|[upkeep]\n|-damage|p2a: Miraidon|2\/100|[from] ability: Solar Power|[of] p2a: Miraidon\n|upkeep\n|\n|t:|1698955970\n|switch|p1a: Ursaluna|Ursaluna, M, shiny|100\/100\n|-damage|p1a: Ursaluna|88\/100|[from] Spikes\n|turn|18\n|\n|t:|1698955972\n|move|p1a: Ursaluna|Drain Punch|p2a: Miraidon\n|-damage|p2a: Miraidon|0 fnt\n|-heal|p1a: Ursaluna|89\/100|[from] drain|[of] p2a: Miraidon\n|faint|p2a: Miraidon\n|\n|win|DragonPhoenix333\n|n|\u2606DragonPhoenix333|dragonphoenix333\n|n|\u2606mkap|mkap\n|n|*Lady Monita \u263d|ladymonita\n|n| Pure Hackmons|purehackmons\n|n| happysh|happysh\n|n| AtariAlex|atarialex\n|n| Dregone|dregone\n","uploadtime":1698955973,"views":7,"p1id":"dragonphoenix333","p2id":"mkap","formatid":"gen9ubers","rating":0,"private":0,"password":""}