{"id":"gen9ubers-1970665962","p1":"MeteorAsh15","p2":"911wasascandal","format":"[Gen 9] Ubers","log":"|j|\u2606MeteorAsh15\n|j|\u2606911wasascandal\n|t:|1697656551\n|gametype|singles\n|player|p1|MeteorAsh15|nate|1138\n|player|p2|911wasascandal|unknown|1132\n|teamsize|p1|6\n|teamsize|p2|6\n|gen|9\n|tier|[Gen 9] Ubers\n|rated|\n|rule|Sleep Clause Mod: Limit one foe put to sleep\n|rule|Species Clause: Limit one of each Pok\u00e9mon\n|rule|OHKO Clause: OHKO moves are banned\n|rule|Evasion Items Clause: Evasion items are banned\n|rule|Evasion Moves Clause: Evasion moves are banned\n|rule|Endless Battle Clause: Forcing endless battles is banned\n|rule|HP Percentage Mod: HP is shown in percentages\n|clearpoke\n|poke|p1|Mew|\n|poke|p1|Zacian-*|\n|poke|p1|Espathra, F|\n|poke|p1|Eternatus|\n|poke|p1|Ninetales-Alola, F|\n|poke|p1|Baxcalibur, F|\n|poke|p2|Arceus|\n|poke|p2|Zamazenta-*|\n|poke|p2|Calyrex-Ice|\n|poke|p2|Espathra, F|\n|poke|p2|Shaymin-Sky|\n|poke|p2|Regieleki|\n|teampreview\n|inactive|Battle timer is ON: inactive players will automatically lose when time's up. (requested by 911wasascandal)\n|\n|t:|1697656556\n|start\n|switch|p1a: Mew|Mew, shiny|100\/100\n|switch|p2a: I like young boys|Espathra, F|100\/100\n|turn|1\n|\n|t:|1697656563\n|move|p2a: I like young boys|Calm Mind|p2a: I like young boys\n|-boost|p2a: I like young boys|spa|1\n|-boost|p2a: I like young boys|spd|1\n|move|p1a: Mew|Taunt|p2a: I like young boys\n|-start|p2a: I like young boys|move: Taunt\n|\n|-ability|p2a: I like young boys|Speed Boost|boost\n|-boost|p2a: I like young boys|spe|1\n|upkeep\n|turn|2\n|\n|t:|1697656575\n|move|p2a: I like young boys|Dazzling Gleam|p1a: Mew\n|-damage|p1a: Mew|68\/100\n|-enditem|p1a: Mew|Red Card|[of] p2a: I like young boys\n|drag|p2a: Animals\ud83e\udd75|Shaymin-Sky|100\/100\n|move|p1a: Mew|Toxic Spikes|p2a: Animals\ud83e\udd75\n|-sidestart|p2: 911wasascandal|move: Toxic Spikes\n|\n|upkeep\n|turn|3\n|\n|t:|1697656584\n|move|p2a: Animals\ud83e\udd75|Tailwind|p2a: Animals\ud83e\udd75\n|-sidestart|p2: 911wasascandal|move: Tailwind\n|move|p1a: Mew|Stealth Rock|p2a: Animals\ud83e\udd75\n|-sidestart|p2: 911wasascandal|move: Stealth Rock\n|\n|upkeep\n|turn|4\n|\n|t:|1697656593\n|move|p2a: Animals\ud83e\udd75|Air Slash|p1a: Mew\n|-damage|p1a: Mew|32\/100\n|cant|p1a: Mew|flinch\n|\n|upkeep\n|turn|5\n|\n|t:|1697656600\n|move|p2a: Animals\ud83e\udd75|Air Slash|p1a: Mew\n|-damage|p1a: Mew|0 fnt\n|faint|p1a: Mew\n|\n|upkeep\n|\n|t:|1697656605\n|switch|p1a: Espathra|Espathra, F, shiny|100\/100\n|turn|6\n|\n|t:|1697656611\n|move|p1a: Espathra|Protect|p1a: Espathra\n|-singleturn|p1a: Espathra|Protect\n|move|p2a: Animals\ud83e\udd75|Seed Flare|p1a: Espathra\n|-activate|p1a: Espathra|move: Protect\n|\n|-sideend|p2: 911wasascandal|move: Tailwind\n|-ability|p1a: Espathra|Speed Boost|boost\n|-boost|p1a: Espathra|spe|1\n|upkeep\n|turn|7\n|\n|t:|1697656620\n|move|p1a: Espathra|Calm Mind|p1a: Espathra\n|-boost|p1a: Espathra|spa|1\n|-boost|p1a: Espathra|spd|1\n|move|p2a: Animals\ud83e\udd75|Seed Flare|p1a: Espathra\n|-damage|p1a: Espathra|43\/100\n|-unboost|p1a: Espathra|spd|2\n|\n|-heal|p1a: Espathra|49\/100|[from] item: Leftovers\n|-ability|p1a: Espathra|Speed Boost|boost\n|-boost|p1a: Espathra|spe|1\n|upkeep\n|turn|8\n|\n|t:|1697656631\n|move|p1a: Espathra|Protect|p1a: Espathra\n|-singleturn|p1a: Espathra|Protect\n|move|p2a: Animals\ud83e\udd75|Seed Flare|p1a: Espathra\n|-activate|p1a: Espathra|move: Protect\n|\n|-heal|p1a: Espathra|55\/100|[from] item: Leftovers\n|-ability|p1a: Espathra|Speed Boost|boost\n|-boost|p1a: Espathra|spe|1\n|upkeep\n|turn|9\n|\n|t:|1697656641\n|move|p1a: Espathra|Stored Power|p2a: Animals\ud83e\udd75\n|-crit|p2a: Animals\ud83e\udd75\n|-damage|p2a: Animals\ud83e\udd75|0 fnt\n|faint|p2a: Animals\ud83e\udd75\n|\n|-heal|p1a: Espathra|61\/100|[from] item: Leftovers\n|-ability|p1a: Espathra|Speed Boost|boost\n|-boost|p1a: Espathra|spe|1\n|upkeep\n|\n|t:|1697656649\n|switch|p2a: IMA TOCUH YOU|Zamazenta-Crowned|100\/100\n|-damage|p2a: IMA TOCUH YOU|97\/100|[from] Stealth Rock\n|-ability|p2a: IMA TOCUH YOU|Dauntless Shield|boost\n|-boost|p2a: IMA TOCUH YOU|def|1\n|turn|10\n|\n|t:|1697656660\n|move|p1a: Espathra|Protect|p1a: Espathra\n|-singleturn|p1a: Espathra|Protect\n|move|p2a: IMA TOCUH YOU|Roar|p1a: Espathra\n|drag|p1a: Ninetales|Ninetales-Alola, F|100\/100\n|-weather|Snow|[from] ability: Snow Warning|[of] p1a: Ninetales\n|\n|-weather|Snow|[upkeep]\n|upkeep\n|turn|11\n|\n|t:|1697656671\n|move|p2a: IMA TOCUH YOU|Iron Defense|p2a: IMA TOCUH YOU\n|-boost|p2a: IMA TOCUH YOU|def|2\n|move|p1a: Ninetales|Hypnosis|p2a: IMA TOCUH YOU\n|-status|p2a: IMA TOCUH YOU|slp|[from] move: Hypnosis\n|\n|-weather|Snow|[upkeep]\n|upkeep\n|turn|12\n|c|\u2606911wasascandal|you lucky little boy\n|\n|t:|1697656683\n|cant|p2a: IMA TOCUH YOU|slp\n|move|p1a: Ninetales|Aurora Veil|p1a: Ninetales\n|-sidestart|p1: MeteorAsh15|move: Aurora Veil\n|\n|-weather|Snow|[upkeep]\n|upkeep\n|turn|13\n|\n|t:|1697656690\n|switch|p1a: Eternatus|Eternatus|100\/100\n|-ability|p1a: Eternatus|Pressure\n|-curestatus|p2a: IMA TOCUH YOU|slp|[msg]\n|move|p2a: IMA TOCUH YOU|Iron Defense|p2a: IMA TOCUH YOU\n|-boost|p2a: IMA TOCUH YOU|def|2\n|\n|-weather|Snow|[upkeep]\n|upkeep\n|turn|14\n|\n|t:|1697656701\n|move|p2a: IMA TOCUH YOU|Body Press|p1a: Eternatus\n|-resisted|p1a: Eternatus\n|-damage|p1a: Eternatus|70\/100\n|move|p1a: Eternatus|Flamethrower|p2a: IMA TOCUH YOU\n|-supereffective|p2a: IMA TOCUH YOU\n|-damage|p2a: IMA TOCUH YOU|32\/100\n|-status|p2a: IMA TOCUH YOU|brn\n|\n|-weather|none\n|-damage|p2a: IMA TOCUH YOU|25\/100 brn|[from] brn\n|upkeep\n|turn|15\n|\n|t:|1697656713\n|move|p2a: IMA TOCUH YOU|Body Press|p1a: Eternatus\n|-resisted|p1a: Eternatus\n|-damage|p1a: Eternatus|55\/100\n|move|p1a: Eternatus|Flamethrower|p2a: IMA TOCUH YOU\n|-supereffective|p2a: IMA TOCUH YOU\n|-damage|p2a: IMA TOCUH YOU|0 fnt\n|faint|p2a: IMA TOCUH YOU\n|\n|upkeep\n|\n|t:|1697656726\n|switch|p2a: Active Shoot|Regieleki|100\/100\n|-status|p2a: Active Shoot|psn\n|-damage|p2a: Active Shoot|88\/100 psn|[from] Stealth Rock\n|turn|16\n|\n|t:|1697656738\n|move|p2a: Active Shoot|Thunder Cage|p1a: Eternatus\n|-resisted|p1a: Eternatus\n|-damage|p1a: Eternatus|42\/100\n|-activate|p1a: Eternatus|move: Thunder Cage|[of] p2a: Active Shoot\n|-damage|p2a: Active Shoot|78\/100 psn|[from] item: Life Orb\n|move|p1a: Eternatus|Dynamax Cannon|p2a: Active Shoot\n|-damage|p2a: Active Shoot|0 fnt\n|faint|p2a: Active Shoot\n|\n|-end|p1a: Eternatus|Thunder Cage|[partiallytrapped]|[silent]\n|upkeep\n|\n|t:|1697656748\n|switch|p2a: \ud83c\udfc7\ud83d\udfe2\ud83c\udf35|Calyrex-Ice|100\/100\n|-ability|p2a: \ud83c\udfc7\ud83d\udfe2\ud83c\udf35|As One\n|-ability|p2a: \ud83c\udfc7\ud83d\udfe2\ud83c\udf35|Unnerve\n|-status|p2a: \ud83c\udfc7\ud83d\udfe2\ud83c\udf35|psn\n|-damage|p2a: \ud83c\udfc7\ud83d\udfe2\ud83c\udf35|75\/100 psn|[from] Stealth Rock\n|turn|17\n|c|\u2606911wasascandal|this strat is wild\n|\n|t:|1697656769\n|move|p1a: Eternatus|Flamethrower|p2a: \ud83c\udfc7\ud83d\udfe2\ud83c\udf35\n|-supereffective|p2a: \ud83c\udfc7\ud83d\udfe2\ud83c\udf35\n|-damage|p2a: \ud83c\udfc7\ud83d\udfe2\ud83c\udf35|28\/100 psn\n|move|p2a: \ud83c\udfc7\ud83d\udfe2\ud83c\udf35|Glacial Lance|p1a: Eternatus\n|-supereffective|p1a: Eternatus\n|-damage|p1a: Eternatus|0 fnt\n|faint|p1a: Eternatus\n|-ability|p2a: \ud83c\udfc7\ud83d\udfe2\ud83c\udf35|Chilling Neigh|boost\n|-boost|p2a: \ud83c\udfc7\ud83d\udfe2\ud83c\udf35|atk|1\n|\n|-heal|p2a: \ud83c\udfc7\ud83d\udfe2\ud83c\udf35|34\/100 psn|[from] item: Leftovers\n|-damage|p2a: \ud83c\udfc7\ud83d\udfe2\ud83c\udf35|22\/100 psn|[from] psn\n|upkeep\n|\n|t:|1697656783\n|switch|p1a: Ninetales|Ninetales-Alola, F|100\/100\n|-weather|Snow|[from] ability: Snow Warning|[of] p1a: Ninetales\n|turn|18\n|inactive|911wasascandal has 120 seconds left.\n|\n|t:|1697656826\n|move|p1a: Ninetales|Freeze-Dry|p2a: \ud83c\udfc7\ud83d\udfe2\ud83c\udf35\n|-resisted|p2a: \ud83c\udfc7\ud83d\udfe2\ud83c\udf35\n|-damage|p2a: \ud83c\udfc7\ud83d\udfe2\ud83c\udf35|14\/100 psn\n|move|p2a: \ud83c\udfc7\ud83d\udfe2\ud83c\udf35|Leech Seed|p1a: Ninetales\n|-start|p1a: Ninetales|move: Leech Seed\n|\n|-weather|Snow|[upkeep]\n|-heal|p2a: \ud83c\udfc7\ud83d\udfe2\ud83c\udf35|20\/100 psn|[from] item: Leftovers\n|-damage|p1a: Ninetales|88\/100|[from] Leech Seed|[of] p2a: \ud83c\udfc7\ud83d\udfe2\ud83c\udf35\n|-heal|p2a: \ud83c\udfc7\ud83d\udfe2\ud83c\udf35|29\/100 psn|[silent]\n|-damage|p2a: \ud83c\udfc7\ud83d\udfe2\ud83c\udf35|17\/100 psn|[from] psn\n|upkeep\n|turn|19\n|\n|t:|1697656838\n|switch|p1a: Zacian|Zacian-Crowned|100\/100\n|-ability|p1a: Zacian|Intrepid Sword|boost\n|-boost|p1a: Zacian|atk|1\n|move|p2a: \ud83c\udfc7\ud83d\udfe2\ud83c\udf35|Glacial Lance|p1a: Zacian\n|-resisted|p1a: Zacian\n|-damage|p1a: Zacian|80\/100\n|\n|-weather|Snow|[upkeep]\n|-heal|p2a: \ud83c\udfc7\ud83d\udfe2\ud83c\udf35|23\/100 psn|[from] item: Leftovers\n|-damage|p2a: \ud83c\udfc7\ud83d\udfe2\ud83c\udf35|11\/100 psn|[from] psn\n|-sideend|p1: MeteorAsh15|move: Aurora Veil\n|upkeep\n|turn|20\n|\n|t:|1697656850\n|move|p1a: Zacian|Play Rough|p2a: \ud83c\udfc7\ud83d\udfe2\ud83c\udf35\n|-damage|p2a: \ud83c\udfc7\ud83d\udfe2\ud83c\udf35|0 fnt\n|faint|p2a: \ud83c\udfc7\ud83d\udfe2\ud83c\udf35\n|\n|-weather|Snow|[upkeep]\n|upkeep\n|\n|t:|1697656855\n|switch|p2a: I like young boys|Espathra, F|100\/100\n|-status|p2a: I like young boys|psn\n|-damage|p2a: I like young boys|88\/100 psn|[from] Stealth Rock\n|turn|21\n|-message|911wasascandal forfeited.\n|\n|win|MeteorAsh15\n|raw|MeteorAsh15's rating: 1138 &rarr; <strong>1163<\/strong><br \/>(+25 for winning)\n|raw|911wasascandal's rating: 1132 &rarr; <strong>1107<\/strong><br \/>(-25 for losing)\n|l|\u2606911wasascandal\n|c|\u2606MeteorAsh15|Gg\n","uploadtime":1697656872,"views":11,"p1id":"meteorash15","p2id":"911wasascandal","formatid":"gen9ubers","rating":1107,"private":0,"password":""}