{"id":"gen9ubers-1978283785","p1":"IspamObjection","p2":"shortie1118","format":"[Gen 9] Ubers","log":"|j|\u2606IspamObjection\n|j|\u2606shortie1118\n|t:|1698520739\n|gametype|singles\n|player|p1|IspamObjection|lance-gen2|\n|player|p2|shortie1118|marnie-masters2|\n|teamsize|p1|6\n|teamsize|p2|6\n|gen|9\n|tier|[Gen 9] Ubers\n|rule|Sleep Clause Mod: Limit one foe put to sleep\n|rule|Species Clause: Limit one of each Pok\u00e9mon\n|rule|OHKO Clause: OHKO moves are banned\n|rule|Evasion Items Clause: Evasion items are banned\n|rule|Evasion Moves Clause: Evasion moves are banned\n|rule|Endless Battle Clause: Forcing endless battles is banned\n|rule|HP Percentage Mod: HP is shown in percentages\n|clearpoke\n|poke|p1|Giratina|\n|poke|p1|Garchomp, F|\n|poke|p1|Espathra, F|\n|poke|p1|Chi-Yu|\n|poke|p1|Roaring Moon|\n|poke|p1|Cyclizar, M|\n|poke|p2|Arceus-Fire|\n|poke|p2|Gliscor, M|\n|poke|p2|Magearna|\n|poke|p2|Ursaluna, M|\n|poke|p2|Hatterene, F|\n|poke|p2|Dialga-Origin|\n|teampreview\n|c|\u2606shortie1118|Glhf\n|\n|t:|1698520770\n|start\n|switch|p1a: Cyclizar|Cyclizar, M|100\/100\n|switch|p2a: Hatterene|Hatterene, F|100\/100\n|turn|1\n|\n|t:|1698520779\n|move|p1a: Cyclizar|Shed Tail|p1a: Cyclizar\n|-start|p1a: Cyclizar|Substitute|[from] move: Shed Tail\n|-damage|p1a: Cyclizar|50\/100\n|\n|t:|1698520796\n|switch|p1a: Espathra|Espathra, F|100\/100|[from] Shed Tail\n|move|p2a: Hatterene|Trick Room|p2a: Hatterene\n|-fieldstart|move: Trick Room|[of] p2a: Hatterene\n|\n|upkeep\n|turn|2\n|\n|t:|1698520805\n|move|p2a: Hatterene|Dazzling Gleam|p1a: Espathra\n|-end|p1a: Espathra|Substitute\n|move|p1a: Espathra|Calm Mind|p1a: Espathra\n|-boost|p1a: Espathra|spa|1\n|-boost|p1a: Espathra|spd|1\n|\n|-ability|p1a: Espathra|Speed Boost|boost\n|-boost|p1a: Espathra|spe|1\n|upkeep\n|turn|3\n|\n|t:|1698520816\n|switch|p2a: Ursaluna|Ursaluna, M|100\/100\n|move|p1a: Espathra|Calm Mind|p1a: Espathra\n|-boost|p1a: Espathra|spa|1\n|-boost|p1a: Espathra|spd|1\n|\n|-status|p2a: Ursaluna|brn|[from] item: Flame Orb\n|-ability|p1a: Espathra|Speed Boost|boost\n|-boost|p1a: Espathra|spe|1\n|upkeep\n|turn|4\n|\n|t:|1698520835\n|switch|p1a: Giratina|Giratina|100\/100\n|-ability|p1a: Giratina|Pressure\n|move|p2a: Ursaluna|Facade|p1a: Giratina\n|-immune|p1a: Giratina\n|\n|-damage|p2a: Ursaluna|94\/100 brn|[from] brn\n|upkeep\n|turn|5\n|\n|t:|1698520850\n|switch|p1a: Cyclizar|Cyclizar, M|84\/100\n|move|p2a: Ursaluna|Earthquake|p1a: Cyclizar\n|-damage|p1a: Cyclizar|0 fnt\n|faint|p1a: Cyclizar\n|\n|-damage|p2a: Ursaluna|88\/100 brn|[from] brn\n|-fieldend|move: Trick Room\n|upkeep\n|\n|t:|1698520855\n|switch|p1a: Garchover|Garchomp, F|100\/100\n|turn|6\n|\n|t:|1698520863\n|move|p1a: Garchover|Earthquake|p2a: Ursaluna\n|-crit|p2a: Ursaluna\n|-damage|p2a: Ursaluna|27\/100 brn\n|move|p2a: Ursaluna|Trailblaze|p1a: Garchover\n|-damage|p1a: Garchover|70\/100\n|-boost|p2a: Ursaluna|spe|1\n|-damage|p2a: Ursaluna|15\/100 brn|[from] ability: Rough Skin|[of] p1a: Garchover\n|\n|-damage|p2a: Ursaluna|8\/100 brn|[from] brn\n|upkeep\n|turn|7\n|\n|t:|1698520874\n|move|p1a: Garchover|Stealth Rock|p2a: Ursaluna\n|-sidestart|p2: shortie1118|move: Stealth Rock\n|move|p2a: Ursaluna|Trailblaze|p1a: Garchover\n|-damage|p1a: Garchover|37\/100\n|-boost|p2a: Ursaluna|spe|1\n|-damage|p2a: Ursaluna|0 fnt|[from] ability: Rough Skin|[of] p1a: Garchover\n|faint|p2a: Ursaluna\n|\n|upkeep\n|\n|t:|1698520887\n|switch|p2a: Gliscor|Gliscor, M|100\/100\n|-damage|p2a: Gliscor|88\/100|[from] Stealth Rock\n|turn|8\n|\n|t:|1698520895\n|move|p1a: Garchover|Spikes|p2a: Gliscor\n|-sidestart|p2: shortie1118|Spikes\n|move|p2a: Gliscor|Earthquake|p1a: Garchover\n|-damage|p1a: Garchover|6\/100\n|\n|-status|p2a: Gliscor|tox|[from] item: Toxic Orb\n|upkeep\n|turn|9\n|\n|t:|1698520907\n|move|p1a: Garchover|Outrage|p2a: Gliscor\n|-damage|p2a: Gliscor|48\/100 tox\n|move|p2a: Gliscor|Earthquake|p1a: Garchover\n|-damage|p1a: Garchover|0 fnt\n|faint|p1a: Garchover\n|\n|-heal|p2a: Gliscor|60\/100 tox|[from] ability: Poison Heal\n|upkeep\n|\n|t:|1698520973\n|switch|p1a: Giratina|Giratina|100\/100\n|-ability|p1a: Giratina|Pressure\n|turn|10\n|\n|t:|1698520993\n|move|p2a: Gliscor|Toxic|p1a: Giratina\n|-status|p1a: Giratina|tox\n|move|p1a: Giratina|Roar|p2a: Gliscor\n|drag|p2a: Magearna|Magearna|100\/100\n|-damage|p2a: Magearna|94\/100|[from] Stealth Rock\n|-damage|p2a: Magearna|82\/100|[from] Spikes\n|\n|-heal|p2a: Magearna|88\/100|[from] item: Leftovers\n|-damage|p1a: Giratina|94\/100 tox|[from] psn\n|upkeep\n|turn|11\n|\n|t:|1698521014\n|-terastallize|p1a: Giratina|Normal\n|move|p2a: Magearna|Fleur Cannon|p1a: Giratina\n|-damage|p1a: Giratina|61\/100 tox\n|-unboost|p2a: Magearna|spa|2\n|move|p1a: Giratina|Roar|p2a: Magearna\n|drag|p2a: Arceus|Arceus-Fire|100\/100\n|-damage|p2a: Arceus|76\/100|[from] Stealth Rock\n|-damage|p2a: Arceus|63\/100|[from] Spikes\n|\n|-heal|p1a: Giratina|68\/100 tox|[from] item: Leftovers\n|-damage|p1a: Giratina|55\/100 tox|[from] psn\n|upkeep\n|turn|12\n|\n|t:|1698521025\n|move|p2a: Arceus|Taunt|p1a: Giratina\n|-start|p1a: Giratina|move: Taunt\n|cant|p1a: Giratina|move: Taunt|Rest\n|\n|-heal|p1a: Giratina|61\/100 tox|[from] item: Leftovers\n|-damage|p1a: Giratina|43\/100 tox|[from] psn\n|upkeep\n|turn|13\n|\n|t:|1698521062\n|switch|p1a: Chi-Yu|Chi-Yu|100\/100\n|-ability|p1a: Chi-Yu|Beads of Ruin\n|move|p2a: Arceus|Dragon Dance|p2a: Arceus\n|-boost|p2a: Arceus|atk|1\n|-boost|p2a: Arceus|spe|1\n|\n|upkeep\n|turn|14\n|\n|t:|1698521071\n|move|p2a: Arceus|Earthquake|p1a: Chi-Yu\n|-supereffective|p1a: Chi-Yu\n|-damage|p1a: Chi-Yu|0 fnt\n|faint|p1a: Chi-Yu\n|\n|upkeep\n|\n|t:|1698521084\n|switch|p1a: Roaring Moon|Roaring Moon|100\/100\n|-enditem|p1a: Roaring Moon|Booster Energy\n|-activate|p1a: Roaring Moon|ability: Protosynthesis|[fromitem]\n|-start|p1a: Roaring Moon|protosynthesisatk\n|turn|15\n|\n|t:|1698521109\n|move|p2a: Arceus|Earthquake|p1a: Roaring Moon\n|-damage|p1a: Roaring Moon|26\/100\n|move|p1a: Roaring Moon|Dragon Dance|p1a: Roaring Moon\n|-boost|p1a: Roaring Moon|atk|1\n|-boost|p1a: Roaring Moon|spe|1\n|\n|upkeep\n|turn|16\n|\n|t:|1698521120\n|move|p1a: Roaring Moon|Earthquake|p2a: Arceus\n|-supereffective|p2a: Arceus\n|-damage|p2a: Arceus|0 fnt\n|faint|p2a: Arceus\n|\n|upkeep\n|\n|t:|1698521130\n|switch|p2a: Gliscor|Gliscor, M|60\/100 tox\n|-damage|p2a: Gliscor|48\/100 tox|[from] Stealth Rock\n|turn|17\n|\n|t:|1698521139\n|move|p2a: Gliscor|Protect|p2a: Gliscor\n|-singleturn|p2a: Gliscor|Protect\n|move|p1a: Roaring Moon|Knock Off|p2a: Gliscor\n|-activate|p2a: Gliscor|move: Protect\n|\n|-heal|p2a: Gliscor|60\/100 tox|[from] ability: Poison Heal\n|upkeep\n|turn|18\n|\n|t:|1698521155\n|move|p1a: Roaring Moon|Knock Off|p2a: Gliscor\n|-damage|p2a: Gliscor|0 fnt\n|-enditem|p2a: Gliscor|Toxic Orb|[from] move: Knock Off|[of] p1a: Roaring Moon\n|faint|p2a: Gliscor\n|\n|upkeep\n|\n|t:|1698521164\n|switch|p2a: Magearna|Magearna|88\/100\n|-damage|p2a: Magearna|82\/100|[from] Stealth Rock\n|-damage|p2a: Magearna|70\/100|[from] Spikes\n|turn|19\n|\n|t:|1698521170\n|-terastallize|p2a: Magearna|Water\n|move|p1a: Roaring Moon|Earthquake|p2a: Magearna\n|-damage|p2a: Magearna|20\/100\n|move|p2a: Magearna|Fleur Cannon|p1a: Roaring Moon\n|-supereffective|p1a: Roaring Moon\n|-damage|p1a: Roaring Moon|0 fnt\n|-unboost|p2a: Magearna|spa|2\n|faint|p1a: Roaring Moon\n|-ability|p2a: Magearna|Soul-Heart|boost\n|-boost|p2a: Magearna|spa|1\n|-end|p1a: Roaring Moon|Protosynthesis|[silent]\n|\n|-heal|p2a: Magearna|26\/100|[from] item: Leftovers\n|upkeep\n|\n|t:|1698521190\n|switch|p1a: Giratina|Giratina, tera:Normal|43\/100 tox\n|-ability|p1a: Giratina|Pressure\n|turn|20\n|\n|t:|1698521196\n|move|p1a: Giratina|Rest|p1a: Giratina\n|-status|p1a: Giratina|slp|[from] move: Rest\n|-heal|p1a: Giratina|100\/100 slp|[silent]\n|move|p2a: Magearna|Fleur Cannon|p1a: Giratina\n|-damage|p1a: Giratina|78\/100 slp\n|-unboost|p2a: Magearna|spa|2\n|\n|-heal|p1a: Giratina|85\/100 slp|[from] item: Leftovers\n|-heal|p2a: Magearna|32\/100|[from] item: Leftovers\n|upkeep\n|turn|21\n|\n|t:|1698521201\n|cant|p1a: Giratina|slp\n|move|p1a: Giratina|Sleep Talk|p1a: Giratina\n|move|p1a: Giratina|Roar|p2a: Magearna|[from]move: Sleep Talk\n|drag|p2a: Hatterene|Hatterene, F|100\/100\n|-damage|p2a: Hatterene|88\/100|[from] Stealth Rock\n|-damage|p2a: Hatterene|76\/100|[from] Spikes\n|\n|-heal|p1a: Giratina|91\/100 slp|[from] item: Leftovers\n|upkeep\n|turn|22\n|\n|t:|1698521210\n|cant|p1a: Giratina|slp\n|move|p1a: Giratina|Sleep Talk|p1a: Giratina\n|move|p1a: Giratina|Will-O-Wisp|p2a: Hatterene|[from]move: Sleep Talk\n|move|p2a: Hatterene|Will-O-Wisp||[from]ability: Magic Bounce|[still]\n|-fail|p2a: Hatterene\n|move|p2a: Hatterene|Psychic|p1a: Giratina\n|-damage|p1a: Giratina|69\/100 slp\n|\n|-heal|p1a: Giratina|75\/100 slp|[from] item: Leftovers\n|upkeep\n|turn|23\n|\n|t:|1698521220\n|move|p2a: Hatterene|Psychic|p1a: Giratina\n|-damage|p1a: Giratina|54\/100 slp\n|-curestatus|p1a: Giratina|slp|[msg]\n|move|p1a: Giratina|Roar|p2a: Hatterene\n|move|p2a: Hatterene|Roar|p1a: Giratina|[from]ability: Magic Bounce\n|drag|p1a: Espathra|Espathra, F|100\/100\n|\n|upkeep\n|turn|24\n|\n|t:|1698521231\n|move|p1a: Espathra|Calm Mind|p1a: Espathra\n|-boost|p1a: Espathra|spa|1\n|-boost|p1a: Espathra|spd|1\n|move|p2a: Hatterene|Trick Room|p2a: Hatterene\n|-fieldstart|move: Trick Room|[of] p2a: Hatterene\n|\n|-ability|p1a: Espathra|Speed Boost|boost\n|-boost|p1a: Espathra|spe|1\n|upkeep\n|turn|25\n|\n|t:|1698521241\n|move|p2a: Hatterene|Dazzling Gleam|p1a: Espathra\n|-damage|p1a: Espathra|66\/100\n|move|p1a: Espathra|Calm Mind|p1a: Espathra\n|-boost|p1a: Espathra|spa|1\n|-boost|p1a: Espathra|spd|1\n|\n|-heal|p1a: Espathra|72\/100|[from] item: Leftovers\n|-ability|p1a: Espathra|Speed Boost|boost\n|-boost|p1a: Espathra|spe|1\n|upkeep\n|turn|26\n|\n|t:|1698521253\n|move|p2a: Hatterene|Dazzling Gleam|p1a: Espathra\n|-damage|p1a: Espathra|48\/100\n|move|p1a: Espathra|Roost|p1a: Espathra\n|-heal|p1a: Espathra|98\/100\n|-singleturn|p1a: Espathra|move: Roost\n|\n|-heal|p1a: Espathra|100\/100|[from] item: Leftovers\n|-ability|p1a: Espathra|Speed Boost|boost\n|-boost|p1a: Espathra|spe|1\n|upkeep\n|turn|27\n|\n|t:|1698521264\n|move|p2a: Hatterene|Healing Wish|p2a: Hatterene\n|faint|p2a: Hatterene\n|move|p1a: Espathra|Calm Mind|p1a: Espathra\n|-boost|p1a: Espathra|spa|1\n|-boost|p1a: Espathra|spd|1\n|\n|-ability|p1a: Espathra|Speed Boost|boost\n|-boost|p1a: Espathra|spe|1\n|upkeep\n|\n|t:|1698521265\n|switch|p2a: Magearna|Magearna, tera:Water|32\/100\n|-heal|p2a: Magearna|100\/100|[from] move: Healing Wish\n|-damage|p2a: Magearna|88\/100|[from] Stealth Rock\n|-damage|p2a: Magearna|76\/100|[from] Spikes\n|turn|28\n|\n|t:|1698521277\n|move|p2a: Magearna|Fleur Cannon|p1a: Espathra\n|-damage|p1a: Espathra|66\/100\n|-unboost|p2a: Magearna|spa|2\n|move|p1a: Espathra|Stored Power|p2a: Magearna\n|-damage|p2a: Magearna|0 fnt\n|faint|p2a: Magearna\n|\n|-heal|p1a: Espathra|72\/100|[from] item: Leftovers\n|-fieldend|move: Trick Room\n|-ability|p1a: Espathra|Speed Boost|boost\n|-boost|p1a: Espathra|spe|1\n|upkeep\n|\n|t:|1698521293\n|switch|p2a: Dialga|Dialga-Origin|100\/100\n|-damage|p2a: Dialga|94\/100|[from] Stealth Rock\n|-damage|p2a: Dialga|82\/100|[from] Spikes\n|-ability|p2a: Dialga|Pressure\n|turn|29\n|c|\u2606shortie1118|Gg\n|\n|t:|1698521307\n|move|p1a: Espathra|Stored Power|p2a: Dialga\n|-resisted|p2a: Dialga\n|-damage|p2a: Dialga|8\/100\n|move|p2a: Dialga|Dragon Pulse|p1a: Espathra\n|-damage|p1a: Espathra|35\/100\n|\n|-heal|p1a: Espathra|41\/100|[from] item: Leftovers\n|-ability|p1a: Espathra|Speed Boost|boost\n|-boost|p1a: Espathra|spe|1\n|upkeep\n|turn|30\n|c|\u2606IspamObjection|gg\n|\n|t:|1698521314\n|move|p1a: Espathra|Stored Power|p2a: Dialga\n|-resisted|p2a: Dialga\n|-damage|p2a: Dialga|0 fnt\n|faint|p2a: Dialga\n|\n|win|IspamObjection\n","uploadtime":1698521318,"views":23,"p1id":"ispamobjection","p2id":"shortie1118","formatid":"gen9ubers","rating":0,"private":0,"password":""}