{"id":"gen9ubers-1984283653","p1":"bennymbs","p2":"rutriyououiyiyuyt","format":"[Gen 9] Ubers","log":"|j|\u2606bennymbs\n|j|\u2606rutriyououiyiyuyt\n|t:|1699238801\n|gametype|singles\n|player|p1|bennymbs|mina|\n|player|p2|rutriyououiyiyuyt|elesa|\n|teamsize|p1|6\n|teamsize|p2|6\n|gen|9\n|tier|[Gen 9] Ubers\n|rule|Sleep Clause Mod: Limit one foe put to sleep\n|rule|Species Clause: Limit one of each Pok\u00e9mon\n|rule|OHKO Clause: OHKO moves are banned\n|rule|Evasion Items Clause: Evasion items are banned\n|rule|Evasion Moves Clause: Evasion moves are banned\n|rule|Endless Battle Clause: Forcing endless battles is banned\n|rule|HP Percentage Mod: HP is shown in percentages\n|clearpoke\n|poke|p1|Meowscarada, M|\n|poke|p1|Gholdengo|\n|poke|p1|Dialga|\n|poke|p1|Zacian-*|\n|poke|p1|Magearna|\n|poke|p1|Cyclizar, F|\n|poke|p2|Arceus-Ghost|\n|poke|p2|Baxcalibur, M|\n|poke|p2|Cinderace, F|\n|poke|p2|Dialga|\n|poke|p2|Alomomola, F|\n|poke|p2|Slowking-Galar, F|\n|teampreview\n|inactive|Battle timer is ON: inactive players will automatically lose when time's up. (requested by bennymbs)\n|inactive|bennymbs has 270 seconds left.\n|\n|t:|1699238842\n|start\n|switch|p1a: Meowscarada|Meowscarada, M|100\/100\n|switch|p2a: Cinderace|Cinderace, F|100\/100\n|turn|1\n|inactive|rutriyououiyiyuyt has 270 seconds left.\n|\n|t:|1699238875\n|switch|p1a: Cyclizar|Cyclizar, F|100\/100\n|move|p2a: Cinderace|U-turn|p1a: Cyclizar\n|-start|p2a: Cinderace|typechange|Bug|[from] ability: Libero\n|-damage|p1a: Cyclizar|54\/100\n|inactive|rutriyououiyiyuyt has 270 seconds left.\n|\n|t:|1699238885\n|switch|p2a: Dialga|Dialga|100\/100|[from] U-turn\n|-ability|p2a: Dialga|Pressure\n|\n|upkeep\n|turn|2\n|inactive|rutriyououiyiyuyt has 270 seconds left.\n|\n|t:|1699238908\n|move|p2a: Dialga|Dragon Pulse|p1a: Cyclizar\n|-supereffective|p1a: Cyclizar\n|-damage|p1a: Cyclizar|0 fnt\n|faint|p1a: Cyclizar\n|\n|upkeep\n|\n|t:|1699238914\n|switch|p1a: Magearna|Magearna|100\/100\n|turn|3\n|inactive|rutriyououiyiyuyt has 270 seconds left.\n|\n|t:|1699238931\n|switch|p2a: Alomomola|Alomomola, F|100\/100\n|move|p1a: Magearna|Spikes|p2a: Alomomola\n|-sidestart|p2: rutriyououiyiyuyt|Spikes\n|\n|upkeep\n|turn|4\n|\n|t:|1699238937\n|move|p1a: Magearna|Draining Kiss|p2a: Alomomola\n|-damage|p2a: Alomomola|75\/100\n|move|p2a: Alomomola|Flip Turn|p1a: Magearna\n|-damage|p1a: Magearna|91\/100\n|inactive|rutriyououiyiyuyt has 240 seconds left.\n|\n|t:|1699238968\n|switch|p2a: Baxcalibur|Baxcalibur, M|100\/100|[from] Flip Turn\n|-damage|p2a: Baxcalibur|88\/100|[from] Spikes\n|\n|-heal|p1a: Magearna|97\/100|[from] item: Leftovers\n|upkeep\n|turn|5\n|\n|t:|1699238978\n|-terastallize|p2a: Baxcalibur|Fairy\n|move|p2a: Baxcalibur|Earthquake|p1a: Magearna\n|-supereffective|p1a: Magearna\n|-damage|p1a: Magearna|43\/100\n|move|p1a: Magearna|Flash Cannon|p2a: Baxcalibur\n|-supereffective|p2a: Baxcalibur\n|-damage|p2a: Baxcalibur|16\/100\n|\n|-heal|p1a: Magearna|49\/100|[from] item: Leftovers\n|upkeep\n|turn|6\n|\n|t:|1699238992\n|-terastallize|p1a: Magearna|Water\n|move|p2a: Baxcalibur|Earthquake|p1a: Magearna\n|-damage|p1a: Magearna|24\/100\n|move|p1a: Magearna|Flash Cannon|p2a: Baxcalibur\n|-supereffective|p2a: Baxcalibur\n|-damage|p2a: Baxcalibur|0 fnt\n|faint|p2a: Baxcalibur\n|-ability|p1a: Magearna|Soul-Heart|boost\n|-boost|p1a: Magearna|spa|1\n|\n|-heal|p1a: Magearna|30\/100|[from] item: Leftovers\n|upkeep\n|\n|t:|1699238999\n|switch|p2a: Dialga|Dialga|100\/100\n|-damage|p2a: Dialga|88\/100|[from] Spikes\n|-ability|p2a: Dialga|Pressure\n|turn|7\n|\n|t:|1699239003\n|move|p2a: Dialga|Thunder|p1a: Magearna\n|-supereffective|p1a: Magearna\n|-damage|p1a: Magearna|0 fnt\n|faint|p1a: Magearna\n|\n|upkeep\n|\n|t:|1699239015\n|switch|p1a: Dialga|Dialga|100\/100\n|-ability|p1a: Dialga|Pressure\n|turn|8\n|inactive|rutriyououiyiyuyt has 270 seconds left.\n|\n|t:|1699239030\n|switch|p2a: Slowking|Slowking-Galar, F|100\/100\n|-damage|p2a: Slowking|88\/100|[from] Spikes\n|move|p1a: Dialga|Stealth Rock|p2a: Slowking\n|-sidestart|p2: rutriyououiyiyuyt|move: Stealth Rock\n|\n|upkeep\n|turn|9\n|\n|t:|1699239038\n|move|p2a: Slowking|Yawn|p1a: Dialga\n|-start|p1a: Dialga|move: Yawn|[of] p2a: Slowking\n|move|p1a: Dialga|Roar|p2a: Slowking\n|drag|p2a: Alomomola|Alomomola, F|100\/100\n|\n|upkeep\n|turn|10\n|inactive|rutriyououiyiyuyt has 270 seconds left.\n|\n|t:|1699239056\n|switch|p1a: Meowscarada|Meowscarada, M|100\/100\n|move|p2a: Alomomola|Scald|p1a: Meowscarada\n|-resisted|p1a: Meowscarada\n|-damage|p1a: Meowscarada|90\/100\n|-status|p1a: Meowscarada|brn\n|\n|-damage|p1a: Meowscarada|84\/100 brn|[from] brn\n|upkeep\n|turn|11\n|\n|t:|1699239065\n|switch|p2a: Cinderace|Cinderace, F|100\/100\n|move|p1a: Meowscarada|Toxic Spikes|p2a: Cinderace\n|-sidestart|p2: rutriyououiyiyuyt|move: Toxic Spikes\n|\n|-damage|p1a: Meowscarada|78\/100 brn|[from] brn\n|upkeep\n|turn|12\n|inactive|rutriyououiyiyuyt has 270 seconds left.\n|\n|t:|1699239086\n|move|p1a: Meowscarada|Flower Trick|p2a: Cinderace\n|-resisted|p2a: Cinderace\n|-crit|p2a: Cinderace\n|-damage|p2a: Cinderace|83\/100\n|move|p2a: Cinderace|Pyro Ball|p1a: Meowscarada\n|-supereffective|p1a: Meowscarada\n|-damage|p1a: Meowscarada|0 fnt\n|faint|p1a: Meowscarada\n|\n|upkeep\n|\n|t:|1699239097\n|switch|p1a: Zacian|Zacian|100\/100\n|-ability|p1a: Zacian|Intrepid Sword|boost\n|-boost|p1a: Zacian|atk|1\n|turn|13\n|\n|t:|1699239104\n|move|p1a: Zacian|Close Combat|p2a: Cinderace\n|-damage|p2a: Cinderace|4\/100\n|-unboost|p1a: Zacian|def|1\n|-unboost|p1a: Zacian|spd|1\n|move|p2a: Cinderace|Court Change|p2a: Cinderace\n|-start|p2a: Cinderace|typechange|Normal|[from] ability: Libero\n|-swapsideconditions\n|-activate|p2a: Cinderace|move: Court Change\n|\n|upkeep\n|turn|14\n|inactive|rutriyououiyiyuyt has 270 seconds left.\n|\n|t:|1699239111\n|move|p2a: Cinderace|Sucker Punch|p1a: Zacian\n|-resisted|p1a: Zacian\n|-damage|p1a: Zacian|86\/100\n|move|p1a: Zacian|Close Combat|p2a: Cinderace\n|-supereffective|p2a: Cinderace\n|-damage|p2a: Cinderace|0 fnt\n|-unboost|p1a: Zacian|def|1\n|-unboost|p1a: Zacian|spd|1\n|faint|p2a: Cinderace\n|\n|upkeep\n|inactive|rutriyououiyiyuyt has 270 seconds left.\n|\n|t:|1699239118\n|switch|p2a: Arceus|Arceus-Ghost|100\/100\n|turn|15\n|\n|t:|1699239127\n|switch|p1a: Dialga|Dialga|100\/100\n|-damage|p1a: Dialga|88\/100|[from] Spikes\n|-damage|p1a: Dialga|82\/100|[from] Stealth Rock\n|-ability|p1a: Dialga|Pressure\n|move|p2a: Arceus|Judgment|p1a: Dialga\n|-damage|p1a: Dialga|43\/100\n|\n|-heal|p1a: Dialga|49\/100|[from] item: Leftovers\n|upkeep\n|turn|16\n|inactive|rutriyououiyiyuyt has 270 seconds left.\n|\n|t:|1699239151\n|move|p2a: Arceus|Calm Mind|p2a: Arceus\n|-boost|p2a: Arceus|spa|1\n|-boost|p2a: Arceus|spd|1\n|move|p1a: Dialga|Stealth Rock|p2a: Arceus\n|-sidestart|p2: rutriyououiyiyuyt|move: Stealth Rock\n|\n|-heal|p1a: Dialga|55\/100|[from] item: Leftovers\n|upkeep\n|turn|17\n|\n|t:|1699239160\n|move|p2a: Arceus|Calm Mind|p2a: Arceus\n|-boost|p2a: Arceus|spa|1\n|-boost|p2a: Arceus|spd|1\n|move|p1a: Dialga|Roar|p2a: Arceus\n|drag|p2a: Slowking|Slowking-Galar, F|100\/100\n|-damage|p2a: Slowking|88\/100|[from] Stealth Rock\n|\n|-heal|p1a: Dialga|62\/100|[from] item: Leftovers\n|upkeep\n|turn|18\n|\n|t:|1699239169\n|move|p2a: Slowking|Chilly Reception|p2a: Slowking\n|-weather|Snow\n|inactive|rutriyououiyiyuyt has 270 seconds left.\n|\n|t:|1699239194\n|switch|p2a: Dialga|Dialga|88\/100|[from] Chilly Reception\n|-damage|p2a: Dialga|82\/100|[from] Stealth Rock\n|-ability|p2a: Dialga|Pressure\n|move|p1a: Dialga|Roar|p2a: Dialga\n|drag|p2a: Slowking|Slowking-Galar, F|100\/100\n|-damage|p2a: Slowking|88\/100|[from] Stealth Rock\n|\n|-weather|Snow|[upkeep]\n|-heal|p1a: Dialga|68\/100|[from] item: Leftovers\n|upkeep\n|turn|19\n|inactive|rutriyououiyiyuyt has 270 seconds left.\n|c|\u2606bennymbs|Sysiphean Struggle\n|inactive|rutriyououiyiyuyt has 240 seconds left.\n|\n|t:|1699239244\n|move|p2a: Slowking|Yawn|p1a: Dialga\n|-start|p1a: Dialga|move: Yawn|[of] p2a: Slowking\n|move|p1a: Dialga|Roar|p2a: Slowking\n|drag|p2a: Arceus|Arceus-Ghost|100\/100\n|-damage|p2a: Arceus|88\/100|[from] Stealth Rock\n|\n|-weather|Snow|[upkeep]\n|-heal|p1a: Dialga|74\/100|[from] item: Leftovers\n|upkeep\n|turn|20\n|\n|t:|1699239254\n|switch|p1a: Gholdengo|Gholdengo|100\/100\n|-damage|p1a: Gholdengo|94\/100|[from] Stealth Rock\n|-item|p1a: Gholdengo|Air Balloon\n|move|p2a: Arceus|Judgment|p1a: Gholdengo\n|-supereffective|p1a: Gholdengo\n|-damage|p1a: Gholdengo|9\/100\n|-enditem|p1a: Gholdengo|Air Balloon\n|\n|-weather|Snow|[upkeep]\n|upkeep\n|turn|21\n|\n|t:|1699239275\n|switch|p2a: Alomomola|Alomomola, F|100\/100\n|move|p1a: Gholdengo|Shadow Ball|p2a: Alomomola\n|-damage|p2a: Alomomola|53\/100\n|-unboost|p2a: Alomomola|spd|1\n|\n|-weather|Snow|[upkeep]\n|upkeep\n|turn|22\n|\n|t:|1699239286\n|switch|p2a: Dialga|Dialga|82\/100\n|-damage|p2a: Dialga|76\/100|[from] Stealth Rock\n|-ability|p2a: Dialga|Pressure\n|move|p1a: Gholdengo|Shadow Ball|p2a: Dialga\n|-damage|p2a: Dialga|37\/100\n|\n|-weather|none\n|upkeep\n|turn|23\n|\n|t:|1699239305\n|move|p2a: Dialga|Fire Blast|p1a: Gholdengo\n|-supereffective|p1a: Gholdengo\n|-damage|p1a: Gholdengo|0 fnt\n|faint|p1a: Gholdengo\n|\n|upkeep\n|\n|t:|1699239312\n|switch|p1a: Zacian|Zacian|86\/100\n|turn|24\n|\n|t:|1699239326\n|move|p2a: Dialga|Fire Blast|p1a: Zacian\n|-damage|p1a: Zacian|49\/100\n|-status|p1a: Zacian|brn\n|move|p1a: Zacian|Play Rough|p2a: Dialga|[miss]\n|-miss|p1a: Zacian|p2a: Dialga\n|\n|-damage|p1a: Zacian|43\/100 brn|[from] brn\n|upkeep\n|turn|25\n|c|\u2606bennymbs|Ah, that's fucked up\n|\n|t:|1699239345\n|move|p2a: Dialga|Fire Blast|p1a: Zacian\n|-damage|p1a: Zacian|4\/100 brn\n|move|p1a: Zacian|Close Combat|p2a: Dialga\n|-supereffective|p2a: Dialga\n|-damage|p2a: Dialga|1\/100\n|-unboost|p1a: Zacian|def|1\n|-unboost|p1a: Zacian|spd|1\n|\n|-damage|p1a: Zacian|0 fnt|[from] brn\n|faint|p1a: Zacian\n|upkeep\n|\n|t:|1699239349\n|switch|p1a: Dialga|Dialga|74\/100\n|-damage|p1a: Dialga|62\/100|[from] Spikes\n|-damage|p1a: Dialga|55\/100|[from] Stealth Rock\n|-ability|p1a: Dialga|Pressure\n|turn|26\n|c|\u2606bennymbs|That's ggs\n|\n|t:|1699239358\n|move|p2a: Dialga|Fire Blast|p1a: Dialga\n|-damage|p1a: Dialga|26\/100\n|move|p1a: Dialga|Flash Cannon|p2a: Dialga\n|-resisted|p2a: Dialga\n|-damage|p2a: Dialga|0 fnt\n|faint|p2a: Dialga\n|\n|-heal|p1a: Dialga|32\/100|[from] item: Leftovers\n|upkeep\n|c|\u2606rutriyououiyiyuyt|gg\n|c|\u2606rutriyououiyiyuyt|I don't think it mattered but yeah\n|\n|t:|1699239371\n|switch|p2a: Alomomola|Alomomola, F|87\/100\n|turn|27\n|\n|t:|1699239376\n|move|p2a: Alomomola|Scald|p1a: Dialga\n|-resisted|p1a: Dialga\n|-damage|p1a: Dialga|27\/100\n|-status|p1a: Dialga|brn\n|move|p1a: Dialga|Roar|p2a: Alomomola\n|drag|p2a: Arceus|Arceus-Ghost|88\/100\n|-damage|p2a: Arceus|76\/100|[from] Stealth Rock\n|\n|-heal|p1a: Dialga|34\/100 brn|[from] item: Leftovers\n|-damage|p1a: Dialga|27\/100 brn|[from] brn\n|upkeep\n|turn|28\n|\n|t:|1699239384\n|move|p2a: Arceus|Judgment|p1a: Dialga\n|-damage|p1a: Dialga|0 fnt\n|faint|p1a: Dialga\n|\n|win|rutriyououiyiyuyt\n|c|\u2606bennymbs|Ggwp\n|l|\u2606bennymbs\n|c|\u2606rutriyououiyiyuyt|u2\n","uploadtime":1699239400,"views":11,"p1id":"bennymbs","p2id":"rutriyououiyiyuyt","formatid":"gen9ubers","rating":0,"private":0,"password":""}