{"id":"gen9ubers-1968195315","p1":"XpokVEVO","p2":"vespyyy","format":"[Gen 9] Ubers","log":"|j|\u2606XpokVEVO\n|j|\u2606vespyyy\n|t:|1697393712\n|gametype|singles\n|player|p1|XpokVEVO|marshal|\n|player|p2|vespyyy|juggler|\n|teamsize|p1|6\n|teamsize|p2|6\n|gen|9\n|tier|[Gen 9] Ubers\n|rule|Sleep Clause Mod: Limit one foe put to sleep\n|rule|Species Clause: Limit one of each Pok\u00e9mon\n|rule|OHKO Clause: OHKO moves are banned\n|rule|Evasion Items Clause: Evasion items are banned\n|rule|Evasion Moves Clause: Evasion moves are banned\n|rule|Endless Battle Clause: Forcing endless battles is banned\n|rule|HP Percentage Mod: HP is shown in percentages\n|clearpoke\n|poke|p1|Arceus-Fire|\n|poke|p1|Spectrier|\n|poke|p1|Magearna|\n|poke|p1|Shaymin-Sky|\n|poke|p1|Palkia-Origin|\n|poke|p1|Cyclizar, M|\n|poke|p2|Arceus-Dark|\n|poke|p2|Dondozo, M|\n|poke|p2|Blissey, F|\n|poke|p2|Cresselia, F|\n|poke|p2|Giratina|\n|poke|p2|Zacian-*|\n|teampreview\n|\n|t:|1697393736\n|start\n|switch|p1a: Magearna|Magearna|100\/100\n|switch|p2a: Zacian|Zacian, shiny|100\/100\n|-ability|p2a: Zacian|Intrepid Sword|boost\n|-boost|p2a: Zacian|atk|1\n|turn|1\n|\n|t:|1697393748\n|-terastallize|p2a: Zacian|Ground\n|move|p2a: Zacian|Tera Blast|p1a: Magearna|[anim] Tera Blast Ground\n|-supereffective|p1a: Magearna\n|-damage|p1a: Magearna|0 fnt\n|faint|p1a: Magearna\n|\n|upkeep\n|\n|t:|1697393763\n|switch|p1a: Shaymin|Shaymin-Sky, shiny|100\/100\n|turn|2\n|\n|t:|1697393771\n|move|p2a: Zacian|Play Rough|p1a: Shaymin\n|-damage|p1a: Shaymin|22\/100\n|move|p1a: Shaymin|Seed Flare|p2a: Zacian|[miss]\n|-miss|p1a: Shaymin|p2a: Zacian\n|\n|upkeep\n|turn|3\n|\n|t:|1697393775\n|move|p2a: Zacian|Play Rough|p1a: Shaymin\n|-damage|p1a: Shaymin|0 fnt\n|faint|p1a: Shaymin\n|\n|upkeep\n|c|\u2606XpokVEVO|Bruh\n|\n|t:|1697393785\n|switch|p1a: Spectrier|Spectrier|100\/100\n|turn|4\n|c|\u2606vespyyy|That sucks\n|c|\u2606vespyyy|Yeah that wouldve kod\n|\n|t:|1697393811\n|switch|p2a: Cresselia|Cresselia, F|100\/100\n|move|p1a: Spectrier|Will-O-Wisp|p2a: Cresselia\n|-status|p2a: Cresselia|brn\n|\n|-damage|p2a: Cresselia|94\/100 brn|[from] brn\n|upkeep\n|turn|5\n|\n|t:|1697393822\n|switch|p1a: Cyclizar|Cyclizar, M|100\/100\n|move|p2a: Cresselia|Calm Mind|p2a: Cresselia\n|-boost|p2a: Cresselia|spa|1\n|-boost|p2a: Cresselia|spd|1\n|\n|-heal|p2a: Cresselia|100\/100 brn|[from] item: Leftovers\n|-damage|p2a: Cresselia|94\/100 brn|[from] brn\n|upkeep\n|turn|6\n|\n|t:|1697393824\n|move|p1a: Cyclizar|Taunt|p2a: Cresselia\n|-start|p2a: Cresselia|move: Taunt\n|move|p2a: Cresselia|Moonblast|p1a: Cyclizar\n|-supereffective|p1a: Cyclizar\n|-damage|p1a: Cyclizar|25\/100\n|-unboost|p1a: Cyclizar|spa|1\n|-enditem|p1a: Cyclizar|Aguav Berry|[eat]\n|-heal|p1a: Cyclizar|58\/100|[from] item: Aguav Berry\n|\n|-heal|p2a: Cresselia|100\/100 brn|[from] item: Leftovers\n|-damage|p2a: Cresselia|94\/100 brn|[from] brn\n|upkeep\n|turn|7\n|\n|t:|1697393826\n|move|p1a: Cyclizar|Knock Off|p2a: Cresselia\n|-supereffective|p2a: Cresselia\n|-damage|p2a: Cresselia|71\/100 brn\n|-enditem|p2a: Cresselia|Leftovers|[from] move: Knock Off|[of] p1a: Cyclizar\n|move|p2a: Cresselia|Moonblast|p1a: Cyclizar\n|-supereffective|p1a: Cyclizar\n|-crit|p1a: Cyclizar\n|-damage|p1a: Cyclizar|0 fnt\n|faint|p1a: Cyclizar\n|\n|-damage|p2a: Cresselia|65\/100 brn|[from] brn\n|upkeep\n|\n|t:|1697393831\n|switch|p1a: Spectrier|Spectrier|100\/100\n|turn|8\n|\n|t:|1697393834\n|-terastallize|p1a: Spectrier|Ghost\n|move|p1a: Spectrier|Shadow Ball|p2a: Cresselia\n|-supereffective|p2a: Cresselia\n|-damage|p2a: Cresselia|9\/100 brn\n|move|p2a: Cresselia|Moonblast|p1a: Spectrier\n|-damage|p1a: Spectrier|71\/100\n|-unboost|p1a: Spectrier|spa|1\n|\n|-damage|p2a: Cresselia|3\/100 brn|[from] brn\n|-end|p2a: Cresselia|move: Taunt\n|upkeep\n|turn|9\n|\n|t:|1697393841\n|switch|p2a: Blissey|Blissey, F|100\/100\n|move|p1a: Spectrier|Shadow Ball|p2a: Blissey\n|-immune|p2a: Blissey\n|\n|upkeep\n|turn|10\n|-message|XpokVEVO forfeited.\n|\n|win|vespyyy\n|l|\u2606XpokVEVO\n|l|\u2606vespyyy\n|j|\u2606vespyyy\n|player|p2|vespyyy|juggler\n|l|\u2606vespyyy\n|player|p2|\n|j|\u2606vespyyy\n|player|p2|vespyyy|juggler\n","uploadtime":1697393851,"views":13,"p1id":"xpokvevo","p2id":"vespyyy","formatid":"gen9ubers","rating":0,"private":0,"password":""}