{"id":"gen9ubers-1990788410","p1":"Anne Frankkkk","p2":"DanteisNOTWilma","format":"[Gen 9] Ubers","log":"|j|\u2606Anne Frankkkk\n|j|\u2606DanteisNOTWilma\n|t:|1700000920\n|gametype|singles\n|player|p1|Anne Frankkkk|hilbert|1282\n|player|p2|DanteisNOTWilma|dancer|1130\n|teamsize|p1|6\n|teamsize|p2|6\n|gen|9\n|tier|[Gen 9] Ubers\n|rated|\n|rule|Sleep Clause Mod: Limit one foe put to sleep\n|rule|Species Clause: Limit one of each Pok\u00e9mon\n|rule|OHKO Clause: OHKO moves are banned\n|rule|Evasion Items Clause: Evasion items are banned\n|rule|Evasion Moves Clause: Evasion moves are banned\n|rule|Endless Battle Clause: Forcing endless battles is banned\n|rule|HP Percentage Mod: HP is shown in percentages\n|clearpoke\n|poke|p1|Iron Hands|\n|poke|p1|Kyogre|\n|poke|p1|Chien-Pao|\n|poke|p1|Ribombee, F|\n|poke|p1|Miraidon|\n|poke|p1|Flutter Mane|\n|poke|p2|Ribombee, F|\n|poke|p2|Chien-Pao|\n|poke|p2|Arceus-Water|\n|poke|p2|Chi-Yu|\n|poke|p2|Espathra, F|\n|poke|p2|Cinderace, M|\n|teampreview\n|inactive|Battle timer is ON: inactive players will automatically lose when time's up. (requested by DanteisNOTWilma)\n|inactive|Anne Frankkkk has 120 seconds left.\n|\n|t:|1700000964\n|start\n|switch|p1a: Ice Cat|Chien-Pao|100\/100\n|switch|p2a: Ribombee|Ribombee, F|100\/100\n|-ability|p1a: Ice Cat|Sword of Ruin\n|turn|1\n|\n|t:|1700000974\n|move|p2a: Ribombee|Moonblast|p1a: Ice Cat\n|-supereffective|p1a: Ice Cat\n|-crit|p1a: Ice Cat\n|-enditem|p1a: Ice Cat|Focus Sash\n|-damage|p1a: Ice Cat|1\/100\n|-unboost|p1a: Ice Cat|spa|1\n|move|p1a: Ice Cat|Ice Spinner|p2a: Ribombee\n|-enditem|p2a: Ribombee|Focus Sash\n|-damage|p2a: Ribombee|1\/100\n|\n|upkeep\n|turn|2\n|\n|t:|1700000987\n|move|p1a: Ice Cat|Sucker Punch|p2a: Ribombee\n|-resisted|p2a: Ribombee\n|-damage|p2a: Ribombee|0 fnt\n|faint|p2a: Ribombee\n|\n|upkeep\n|\n|t:|1700000994\n|switch|p2a: Cinderace|Cinderace, M|100\/100\n|turn|3\n|\n|t:|1700001001\n|move|p1a: Ice Cat|Sucker Punch|p2a: Cinderace\n|-damage|p2a: Cinderace|31\/100\n|move|p2a: Cinderace|Pyro Ball|p1a: Ice Cat\n|-supereffective|p1a: Ice Cat\n|-damage|p1a: Ice Cat|0 fnt\n|faint|p1a: Ice Cat\n|\n|upkeep\n|\n|t:|1700001005\n|switch|p1a: Big Boy|Iron Hands, shiny|100\/100\n|turn|4\n|\n|t:|1700001011\n|move|p1a: Big Boy|Fake Out|p2a: Cinderace\n|-damage|p2a: Cinderace|8\/100\n|cant|p2a: Cinderace|flinch\n|\n|upkeep\n|turn|5\n|\n|t:|1700001017\n|move|p2a: Cinderace|U-turn|p1a: Big Boy\n|-start|p2a: Cinderace|typechange|Bug|[from] ability: Libero\n|-resisted|p1a: Big Boy\n|-damage|p1a: Big Boy|90\/100\n|\n|t:|1700001021\n|switch|p2a: Chi-Yu|Chi-Yu|100\/100|[from] U-turn\n|-ability|p2a: Chi-Yu|Beads of Ruin\n|move|p1a: Big Boy|Brick Break|p2a: Chi-Yu\n|-supereffective|p2a: Chi-Yu\n|-damage|p2a: Chi-Yu|0 fnt\n|faint|p2a: Chi-Yu\n|\n|upkeep\n|\n|t:|1700001032\n|switch|p2a: Espathra|Espathra, F|100\/100\n|turn|6\n|\n|t:|1700001036\n|move|p2a: Espathra|Calm Mind|p2a: Espathra\n|-boost|p2a: Espathra|spa|1\n|-boost|p2a: Espathra|spd|1\n|move|p1a: Big Boy|Wild Charge|p2a: Espathra\n|-damage|p2a: Espathra|20\/100\n|-damage|p1a: Big Boy|77\/100|[from] Recoil\n|\n|-ability|p2a: Espathra|Speed Boost|boost\n|-boost|p2a: Espathra|spe|1\n|upkeep\n|turn|7\n|\n|t:|1700001046\n|move|p2a: Espathra|Lumina Crash|p1a: Big Boy\n|-supereffective|p1a: Big Boy\n|-damage|p1a: Big Boy|3\/100\n|-unboost|p1a: Big Boy|spd|2\n|move|p1a: Big Boy|Wild Charge|p2a: Espathra\n|-damage|p2a: Espathra|0 fnt\n|faint|p2a: Espathra\n|-damage|p1a: Big Boy|0 fnt|[from] Recoil\n|faint|p1a: Big Boy\n|-end|p1a: Big Boy|Quark Drive|[silent]\n|\n|upkeep\n|\n|t:|1700001059\n|switch|p2a: Cinderace|Cinderace, M|8\/100\n|switch|p1a: Moonblast|Ribombee, F, shiny|100\/100\n|turn|8\n|\n|t:|1700001066\n|move|p1a: Moonblast|Moonblast|p2a: Cinderace\n|-resisted|p2a: Cinderace\n|-damage|p2a: Cinderace|0 fnt\n|faint|p2a: Cinderace\n|\n|upkeep\n|\n|t:|1700001077\n|switch|p2a: Arceus|Arceus-Water|100\/100\n|turn|9\n|\n|t:|1700001080\n|move|p1a: Moonblast|Stun Spore|p2a: Arceus\n|-status|p2a: Arceus|par\n|move|p2a: Arceus|Surf|p1a: Moonblast\n|-damage|p1a: Moonblast|29\/100\n|\n|upkeep\n|turn|10\n|\n|t:|1700001087\n|move|p1a: Moonblast|Sticky Web|p2a: Arceus\n|-sidestart|p2: DanteisNOTWilma|move: Sticky Web\n|cant|p2a: Arceus|par\n|\n|upkeep\n|turn|11\n|\n|t:|1700001092\n|move|p1a: Moonblast|Moonblast|p2a: Arceus\n|-damage|p2a: Arceus|75\/100 par\n|move|p2a: Arceus|Surf|p1a: Moonblast\n|-damage|p1a: Moonblast|0 fnt\n|faint|p1a: Moonblast\n|\n|upkeep\n|\n|t:|1700001096\n|switch|p1a: Cyber Lizard|Miraidon|100\/100\n|-fieldstart|move: Electric Terrain|[from] ability: Hadron Engine|[of] p1a: Cyber Lizard\n|-item|p1a: Cyber Lizard|Air Balloon\n|turn|12\n|-message|DanteisNOTWilma forfeited.\n|\n|win|Anne Frankkkk\n|raw|Anne Frankkkk's rating: 1282 &rarr; <strong>1297<\/strong><br \/>(+15 for winning)\n|raw|DanteisNOTWilma's rating: 1130 &rarr; <strong>1115<\/strong><br \/>(-15 for losing)\n|l|\u2606DanteisNOTWilma\n","uploadtime":1700001100,"views":4,"p1id":"annefrankkkk","p2id":"danteisnotwilma","formatid":"gen9ubers","rating":1115,"private":0,"password":""}