{"id":"gen9ubers-1977170836","p1":"fart narb","p2":"i<3Latis","format":"[Gen 9] Ubers","log":"|j|\u2606fart narb\n|j|\u2606i<3Latis\n|t:|1698380511\n|gametype|singles\n|player|p1|fart narb|pokemaniac|1213\n|player|p2|i<3Latis|2|1130\n|teamsize|p1|6\n|teamsize|p2|6\n|gen|9\n|tier|[Gen 9] Ubers\n|rated|\n|rule|Sleep Clause Mod: Limit one foe put to sleep\n|rule|Species Clause: Limit one of each Pok\u00e9mon\n|rule|OHKO Clause: OHKO moves are banned\n|rule|Evasion Items Clause: Evasion items are banned\n|rule|Evasion Moves Clause: Evasion moves are banned\n|rule|Endless Battle Clause: Forcing endless battles is banned\n|rule|HP Percentage Mod: HP is shown in percentages\n|clearpoke\n|poke|p1|Calyrex-Ice|\n|poke|p1|Kingambit, M|\n|poke|p1|Ogerpon-Hearthflame, F|\n|poke|p1|Miraidon|\n|poke|p1|Great Tusk|\n|poke|p1|Dondozo, F|\n|poke|p2|Koraidon|\n|poke|p2|Miraidon|\n|poke|p2|Calyrex-Ice|\n|poke|p2|Ribombee, M|\n|poke|p2|Landorus-Therian, M|\n|poke|p2|Zacian-*|\n|teampreview\n|\n|t:|1698380528\n|start\n|switch|p1a: Calyrex|Calyrex-Ice|100\/100\n|switch|p2a: Beee <3|Ribombee, M, shiny|100\/100\n|-ability|p1a: Calyrex|As One\n|-ability|p1a: Calyrex|Unnerve\n|turn|1\n|\n|t:|1698380540\n|move|p2a: Beee <3|Sticky Web|p1a: Calyrex\n|-sidestart|p1: fart narb|move: Sticky Web\n|move|p1a: Calyrex|Zen Headbutt|p2a: Beee <3\n|-damage|p2a: Beee <3|1\/100\n|\n|upkeep\n|turn|2\n|\n|t:|1698380546\n|move|p2a: Beee <3|Stun Spore|p1a: Calyrex|[miss]\n|-miss|p2a: Beee <3|p1a: Calyrex\n|move|p1a: Calyrex|Zen Headbutt|p2a: Beee <3\n|-damage|p2a: Beee <3|0 fnt\n|faint|p2a: Beee <3\n|-ability|p1a: Calyrex|Chilling Neigh|boost\n|-boost|p1a: Calyrex|atk|1\n|\n|upkeep\n|\n|t:|1698380553\n|switch|p2a: King|Landorus-Therian, M, shiny|100\/100\n|-ability|p2a: King|Intimidate|boost\n|-unboost|p1a: Calyrex|atk|1\n|turn|3\n|\n|t:|1698380559\n|move|p2a: King|U-turn|p1a: Calyrex\n|-supereffective|p1a: Calyrex\n|-damage|p1a: Calyrex|69\/100\n|\n|t:|1698380560\n|switch|p2a: De Dog|Zacian-Crowned, shiny|100\/100|[from] U-turn\n|-ability|p2a: De Dog|Intrepid Sword|boost\n|-boost|p2a: De Dog|atk|1\n|move|p1a: Calyrex|Glacial Lance|p2a: De Dog\n|-resisted|p2a: De Dog\n|-damage|p2a: De Dog|68\/100\n|\n|upkeep\n|turn|4\n|\n|t:|1698380576\n|switch|p1a: Great Tusk|Great Tusk|100\/100\n|-activate|p1a: Great Tusk|move: Sticky Web\n|-unboost|p1a: Great Tusk|spe|1\n|-enditem|p1a: Great Tusk|Booster Energy\n|-activate|p1a: Great Tusk|ability: Protosynthesis|[fromitem]\n|-start|p1a: Great Tusk|protosynthesisatk\n|move|p2a: De Dog|Behemoth Blade|p1a: Great Tusk\n|-damage|p1a: Great Tusk|33\/100\n|\n|upkeep\n|turn|5\n|\n|t:|1698380588\n|move|p2a: De Dog|Play Rough|p1a: Great Tusk\n|-supereffective|p1a: Great Tusk\n|-damage|p1a: Great Tusk|0 fnt\n|faint|p1a: Great Tusk\n|-end|p1a: Great Tusk|Protosynthesis|[silent]\n|\n|upkeep\n|-message|fart narb forfeited.\n|\n|win|i<3Latis\n|raw|fart narb's rating: 1213 &rarr; <strong>1182<\/strong><br \/>(-31 for losing)\n|raw|i&lt;3Latis's rating: 1130 &rarr; <strong>1161<\/strong><br \/>(+31 for winning)\n|l|\u2606fart narb\n","uploadtime":1698380630,"views":8,"p1id":"fartnarb","p2id":"i3latis","formatid":"gen9ubers","rating":1161,"private":0,"password":""}