{"id":"gen9ubers-1991862102","p1":"Sb4l","p2":"siams","format":"[Gen 9] Ubers","log":"|j|\u2606Sb4l\n|j|\u2606siams\n|t:|1700130093\n|gametype|singles\n|player|p1|Sb4l|1|1154\n|player|p2|siams|lance|1201\n|teamsize|p1|6\n|teamsize|p2|6\n|gen|9\n|tier|[Gen 9] Ubers\n|rated|\n|rule|Sleep Clause Mod: Limit one foe put to sleep\n|rule|Species Clause: Limit one of each Pok\u00e9mon\n|rule|OHKO Clause: OHKO moves are banned\n|rule|Evasion Items Clause: Evasion items are banned\n|rule|Evasion Moves Clause: Evasion moves are banned\n|rule|Endless Battle Clause: Forcing endless battles is banned\n|rule|HP Percentage Mod: HP is shown in percentages\n|clearpoke\n|poke|p1|Arceus|\n|poke|p1|Giratina|\n|poke|p1|Zacian-*|\n|poke|p1|Gliscor, F|\n|poke|p1|Miraidon|\n|poke|p1|Palkia|\n|poke|p2|Ursaluna-Bloodmoon, M|\n|poke|p2|Flutter Mane|\n|poke|p2|Miraidon|\n|poke|p2|Calyrex-Ice|\n|poke|p2|Urshifu-*, M|\n|poke|p2|Ogerpon-Hearthflame, F|\n|teampreview\n|inactive|Battle timer is ON: inactive players will automatically lose when time's up. (requested by Sb4l)\n|\n|t:|1700130103\n|start\n|switch|p1a: Gliscor|Gliscor, F|100\/100\n|switch|p2a: Urshifu|Urshifu-Rapid-Strike, M|100\/100\n|turn|1\n|\n|t:|1700130109\n|switch|p1a: Palkia|Palkia|100\/100\n|-ability|p1a: Palkia|Pressure\n|move|p2a: Urshifu|Surging Strikes|p1a: Palkia\n|-resisted|p1a: Palkia\n|-crit|p1a: Palkia\n|-damage|p1a: Palkia|96\/100\n|-resisted|p1a: Palkia\n|-crit|p1a: Palkia\n|-damage|p1a: Palkia|91\/100\n|-resisted|p1a: Palkia\n|-crit|p1a: Palkia\n|-damage|p1a: Palkia|87\/100\n|-hitcount|p1a: Palkia|3\n|\n|upkeep\n|turn|2\n|c|\u2606siams|why is palkia a water type\n|\n|t:|1700130131\n|switch|p2a: Ice rider|Calyrex-Ice|100\/100\n|-ability|p2a: Ice rider|As One\n|-ability|p2a: Ice rider|Unnerve\n|move|p1a: Palkia|Spacial Rend|p2a: Ice rider\n|-damage|p2a: Ice rider|59\/100\n|\n|upkeep\n|turn|3\n|c|\u2606siams|can anyone explain\n|\n|t:|1700130142\n|switch|p1a: Zacian|Zacian-Crowned|100\/100\n|-ability|p1a: Zacian|Intrepid Sword|boost\n|-boost|p1a: Zacian|atk|1\n|move|p2a: Ice rider|Trick Room|p2a: Ice rider\n|-fieldstart|move: Trick Room|[of] p2a: Ice rider\n|\n|upkeep\n|turn|4\n|\n|t:|1700130153\n|-terastallize|p2a: Ice rider|Psychic\n|move|p2a: Ice rider|High Horsepower|p1a: Zacian\n|-supereffective|p1a: Zacian\n|-damage|p1a: Zacian|16\/100\n|move|p1a: Zacian|Behemoth Blade|p2a: Ice rider\n|-damage|p2a: Ice rider|4\/100\n|-damage|p1a: Zacian|0 fnt|[from] item: Rocky Helmet|[of] p2a: Ice rider\n|faint|p1a: Zacian\n|\n|upkeep\n|\n|t:|1700130162\n|switch|p1a: Arceus|Arceus|100\/100\n|turn|5\n|\n|t:|1700130169\n|move|p1a: Arceus|Extreme Speed|p2a: Ice rider\n|-damage|p2a: Ice rider|0 fnt\n|-damage|p1a: Arceus|84\/100|[from] item: Rocky Helmet|[of] p2a: Ice rider\n|faint|p2a: Ice rider\n|-damage|p1a: Arceus|74\/100|[from] item: Life Orb\n|\n|upkeep\n|\n|t:|1700130173\n|switch|p2a: Ghosty boi|Flutter Mane, shiny|100\/100\n|-enditem|p2a: Ghosty boi|Booster Energy\n|-activate|p2a: Ghosty boi|ability: Protosynthesis|[fromitem]\n|-start|p2a: Ghosty boi|protosynthesisspa\n|turn|6\n|\n|t:|1700130185\n|move|p2a: Ghosty boi|Calm Mind|p2a: Ghosty boi\n|-boost|p2a: Ghosty boi|spa|1\n|-boost|p2a: Ghosty boi|spd|1\n|move|p1a: Arceus|Swords Dance|p1a: Arceus\n|-boost|p1a: Arceus|atk|2\n|\n|upkeep\n|turn|7\n|\n|t:|1700130191\n|move|p2a: Ghosty boi|Moonblast|p1a: Arceus\n|-damage|p1a: Arceus|0 fnt\n|faint|p1a: Arceus\n|\n|-fieldend|move: Trick Room\n|upkeep\n|\n|t:|1700130205\n|switch|p1a: Gliscor|Gliscor, F|100\/100\n|turn|8\n|\n|t:|1700130211\n|move|p2a: Ghosty boi|Moonblast|p1a: Gliscor\n|-damage|p1a: Gliscor|0 fnt\n|faint|p1a: Gliscor\n|\n|upkeep\n|\n|t:|1700130218\n|switch|p1a: Giratina|Giratina|100\/100\n|-ability|p1a: Giratina|Pressure\n|turn|9\n|\n|t:|1700130225\n|-terastallize|p1a: Giratina|Steel\n|move|p2a: Ghosty boi|Moonblast|p1a: Giratina\n|-resisted|p1a: Giratina\n|-damage|p1a: Giratina|77\/100\n|move|p1a: Giratina|Will-O-Wisp|p2a: Ghosty boi\n|-status|p2a: Ghosty boi|brn\n|\n|-damage|p2a: Ghosty boi|95\/100 brn|[from] brn\n|upkeep\n|turn|10\n|\n|t:|1700130229\n|move|p2a: Ghosty boi|Shadow Ball|p1a: Giratina\n|-damage|p1a: Giratina|38\/100\n|move|p1a: Giratina|Hex|p2a: Ghosty boi\n|-supereffective|p2a: Ghosty boi\n|-damage|p2a: Ghosty boi|29\/100 brn\n|\n|-damage|p2a: Ghosty boi|23\/100 brn|[from] brn\n|upkeep\n|turn|11\n|\n|t:|1700130240\n|move|p2a: Ghosty boi|Shadow Ball|p1a: Giratina\n|-damage|p1a: Giratina|0 fnt\n|faint|p1a: Giratina\n|\n|-damage|p2a: Ghosty boi|17\/100 brn|[from] brn\n|upkeep\n|\n|t:|1700130244\n|switch|p1a: Miraidon|Miraidon|100\/100\n|-fieldstart|move: Electric Terrain|[from] ability: Hadron Engine|[of] p1a: Miraidon\n|turn|12\n|\n|t:|1700130249\n|move|p1a: Miraidon|U-turn|p2a: Ghosty boi\n|-resisted|p2a: Ghosty boi\n|-damage|p2a: Ghosty boi|11\/100 brn\n|\n|t:|1700130251\n|switch|p1a: Palkia|Palkia|87\/100|[from] U-turn\n|-ability|p1a: Palkia|Pressure\n|move|p2a: Ghosty boi|Moonblast|p1a: Palkia\n|-supereffective|p1a: Palkia\n|-damage|p1a: Palkia|0 fnt\n|faint|p1a: Palkia\n|\n|-damage|p2a: Ghosty boi|5\/100 brn|[from] brn\n|upkeep\n|\n|t:|1700130252\n|switch|p1a: Miraidon|Miraidon|100\/100\n|-activate|p1a: Miraidon|ability: Hadron Engine\n|turn|13\n|\n|t:|1700130257\n|move|p1a: Miraidon|Draco Meteor|p2a: Ghosty boi\n|-immune|p2a: Ghosty boi\n|move|p2a: Ghosty boi|Moonblast|p1a: Miraidon\n|-supereffective|p1a: Miraidon\n|-damage|p1a: Miraidon|0 fnt\n|faint|p1a: Miraidon\n|\n|win|siams\n|raw|Sb4l's rating: 1154 &rarr; <strong>1132<\/strong><br \/>(-22 for losing)\n|raw|siams's rating: 1201 &rarr; <strong>1223<\/strong><br \/>(+22 for winning)\n|l|\u2606Sb4l\n|c|\u2606siams|bruh\n|c|\u2606siams|wgar\n|c|\u2606siams|what\n","uploadtime":1700130274,"views":10,"p1id":"sb4l","p2id":"siams","formatid":"gen9ubers","rating":1132,"private":0,"password":""}