{"id":"gen9ubers-1969261554","p1":"massivesket","p2":"EvilMsSmash","format":"[Gen 9] Ubers","log":"|j|\u2606massivesket\n|j|\u2606EvilMsSmash\n|t:|1697507273\n|gametype|singles\n|player|p1|massivesket|clown|1119\n|player|p2|EvilMsSmash|nobunaga-conquest|1201\n|teamsize|p1|6\n|teamsize|p2|6\n|gen|9\n|tier|[Gen 9] Ubers\n|rated|\n|rule|Sleep Clause Mod: Limit one foe put to sleep\n|rule|Species Clause: Limit one of each Pok\u00e9mon\n|rule|OHKO Clause: OHKO moves are banned\n|rule|Evasion Items Clause: Evasion items are banned\n|rule|Evasion Moves Clause: Evasion moves are banned\n|rule|Endless Battle Clause: Forcing endless battles is banned\n|rule|HP Percentage Mod: HP is shown in percentages\n|clearpoke\n|poke|p1|Cyclizar, F|\n|poke|p1|Volcarona, M|\n|poke|p1|Chien-Pao|\n|poke|p1|Ursaluna-Bloodmoon, M|\n|poke|p1|Ogerpon-Hearthflame, F|\n|poke|p1|Baxcalibur, M|\n|poke|p2|Kyogre|\n|poke|p2|Koraidon|\n|poke|p2|Iron Treads|\n|poke|p2|Eternatus|\n|poke|p2|Arceus-Fairy|\n|poke|p2|Kingambit, M|\n|teampreview\n|inactive|Battle timer is ON: inactive players will automatically lose when time's up. (requested by massivesket)\n|\n|t:|1697507279\n|start\n|switch|p1a: Cyclizar|Cyclizar, F|100\/100\n|switch|p2a: Kyogre|Kyogre|100\/100\n|-weather|RainDance|[from] ability: Drizzle|[of] p2a: Kyogre\n|turn|1\n|\n|t:|1697507285\n|-terastallize|p2a: Kyogre|Water\n|move|p2a: Kyogre|Water Spout|p1a: Cyclizar\n|-resisted|p1a: Cyclizar\n|-damage|p1a: Cyclizar|0 fnt\n|faint|p1a: Cyclizar\n|\n|-weather|RainDance|[upkeep]\n|upkeep\n|\n|t:|1697507292\n|switch|p1a: Chien-Pao|Chien-Pao|100\/100\n|-ability|p1a: Chien-Pao|Sword of Ruin\n|turn|2\n|\n|t:|1697507297\n|move|p1a: Chien-Pao|Sucker Punch|p2a: Kyogre\n|-damage|p2a: Kyogre|47\/100\n|move|p2a: Kyogre|Water Spout|p1a: Chien-Pao\n|-damage|p1a: Chien-Pao|0 fnt\n|faint|p1a: Chien-Pao\n|\n|-weather|RainDance|[upkeep]\n|upkeep\n|\n|t:|1697507302\n|switch|p1a: Ursaluna|Ursaluna-Bloodmoon, M|100\/100\n|turn|3\n|\n|t:|1697507307\n|-terastallize|p1a: Ursaluna|Ghost\n|move|p2a: Kyogre|Water Spout|p1a: Ursaluna\n|-damage|p1a: Ursaluna|14\/100\n|move|p1a: Ursaluna|Blood Moon|p2a: Kyogre\n|-damage|p2a: Kyogre|0 fnt\n|faint|p2a: Kyogre\n|\n|-weather|RainDance|[upkeep]\n|upkeep\n|\n|t:|1697507313\n|switch|p2a: Koraidon|Koraidon|100\/100\n|-weather|SunnyDay|[from] ability: Orichalcum Pulse|[of] p2a: Koraidon\n|-activate|p2a: Koraidon|Orichalcum Pulse|[source]\n|turn|4\n|\n|t:|1697507323\n|move|p1a: Ursaluna|Vacuum Wave|p2a: Koraidon\n|-crit|p2a: Koraidon\n|-damage|p2a: Koraidon|73\/100\n|move|p2a: Koraidon|Dragon Claw|p1a: Ursaluna\n|-damage|p1a: Ursaluna|0 fnt\n|faint|p1a: Ursaluna\n|\n|-weather|SunnyDay|[upkeep]\n|upkeep\n|\n|t:|1697507326\n|switch|p1a: Baxcalibur|Baxcalibur, M|100\/100\n|turn|5\n|\n|t:|1697507329\n|move|p2a: Koraidon|Dragon Claw|p1a: Baxcalibur\n|-supereffective|p1a: Baxcalibur\n|-damage|p1a: Baxcalibur|0 fnt\n|faint|p1a: Baxcalibur\n|\n|-weather|SunnyDay|[upkeep]\n|upkeep\n|\n|t:|1697507331\n|switch|p1a: Volcarona|Volcarona, M, shiny|100\/100\n|turn|6\n|\n|t:|1697507336\n|move|p2a: Koraidon|Dragon Claw|p1a: Volcarona\n|-damage|p1a: Volcarona|0 fnt\n|faint|p1a: Volcarona\n|\n|-weather|SunnyDay|[upkeep]\n|upkeep\n|-message|massivesket forfeited.\n|\n|win|EvilMsSmash\n|raw|massivesket's rating: 1119 &rarr; <strong>1100<\/strong><br \/>(-19 for losing)\n|raw|EvilMsSmash's rating: 1201 &rarr; <strong>1220<\/strong><br \/>(+19 for winning)\n|l|\u2606massivesket\n","uploadtime":1697507364,"views":8,"p1id":"massivesket","p2id":"evilmssmash","formatid":"gen9ubers","rating":1100,"private":0,"password":""}