{"id":"gen9ubers-1985693314","p1":"JohnLongGone","p2":"LuukTheGamer","format":"[Gen 9] Ubers","log":"|j|\u2606JohnLongGone\n|j|\u2606LuukTheGamer\n|t:|1699396386\n|gametype|singles\n|player|p1|JohnLongGone|caitlin|\n|player|p2|LuukTheGamer|anabel|\n|teamsize|p1|6\n|teamsize|p2|6\n|gen|9\n|tier|[Gen 9] Ubers\n|rule|Sleep Clause Mod: Limit one foe put to sleep\n|rule|Species Clause: Limit one of each Pok\u00e9mon\n|rule|OHKO Clause: OHKO moves are banned\n|rule|Evasion Items Clause: Evasion items are banned\n|rule|Evasion Moves Clause: Evasion moves are banned\n|rule|Endless Battle Clause: Forcing endless battles is banned\n|rule|HP Percentage Mod: HP is shown in percentages\n|clearpoke\n|poke|p1|Garchomp, F|\n|poke|p1|Houndstone, M|\n|poke|p1|Hippowdon, F|\n|poke|p1|Overqwil, F|\n|poke|p1|Landorus, M|\n|poke|p1|Empoleon, F|\n|poke|p2|Hippowdon, M|\n|poke|p2|Arceus-Rock|\n|poke|p2|Houndstone, M|\n|poke|p2|Landorus, M|\n|poke|p2|Clefable, F|\n|poke|p2|Roaring Moon|\n|teampreview\n|inactive|Battle timer is ON: inactive players will automatically lose when time's up. (requested by LuukTheGamer)\n|c|\u2606JohnLongGone|Oh hey\n|c|\u2606LuukTheGamer|both sand\n|c|\u2606LuukTheGamer|lmao\n|c|\u2606LuukTheGamer|glhf\n|c|\u2606JohnLongGone|Glhf\n|inactive|JohnLongGone has 270 seconds left.\n|inactive|LuukTheGamer has 270 seconds left.\n|\n|t:|1699396425\n|start\n|switch|p1a: Garchomp|Garchomp, F|100\/100\n|switch|p2a: Hippowdon|Hippowdon, M|100\/100\n|-weather|Sandstorm|[from] ability: Sand Stream|[of] p2a: Hippowdon\n|turn|1\n|\n|t:|1699396435\n|move|p1a: Garchomp|Swords Dance|p1a: Garchomp\n|-boost|p1a: Garchomp|atk|2\n|move|p2a: Hippowdon|Stealth Rock|p1a: Garchomp\n|-sidestart|p1: JohnLongGone|move: Stealth Rock\n|\n|-weather|Sandstorm|[upkeep]\n|upkeep\n|turn|2\n|\n|t:|1699396445\n|move|p1a: Garchomp|Scale Shot|p2a: Hippowdon\n|-damage|p2a: Hippowdon|87\/100\n|-damage|p2a: Hippowdon|72\/100\n|-damage|p2a: Hippowdon|59\/100\n|-damage|p2a: Hippowdon|45\/100\n|-hitcount|p2a: Hippowdon|4\n|-unboost|p1a: Garchomp|def|1\n|-boost|p1a: Garchomp|spe|1\n|move|p2a: Hippowdon|Roar|p1a: Garchomp\n|drag|p1a: Houndstone|Houndstone, M|100\/100\n|-damage|p1a: Houndstone|88\/100|[from] Stealth Rock\n|\n|-weather|Sandstorm|[upkeep]\n|upkeep\n|turn|3\n|inactive|LuukTheGamer has 270 seconds left.\n|\n|t:|1699396482\n|switch|p1a: Empoleon|Empoleon, F|100\/100\n|-damage|p1a: Empoleon|94\/100|[from] Stealth Rock\n|switch|p2a: Clefable|Clefable, F|100\/100\n|\n|-weather|Sandstorm|[upkeep]\n|-damage|p2a: Clefable|94\/100|[from] Sandstorm\n|-heal|p1a: Empoleon|100\/100|[from] item: Leftovers\n|-heal|p2a: Clefable|100\/100|[from] item: Leftovers\n|upkeep\n|turn|4\n|inactive|LuukTheGamer has 270 seconds left.\n|\n|t:|1699396503\n|move|p2a: Clefable|Thunder Wave|p1a: Empoleon\n|-status|p1a: Empoleon|par\n|move|p1a: Empoleon|Roar|p2a: Clefable\n|drag|p2a: Arceus|Arceus-Rock|100\/100\n|\n|-weather|Sandstorm|[upkeep]\n|upkeep\n|turn|5\n|\n|t:|1699396518\n|move|p2a: Arceus|Calm Mind|p2a: Arceus\n|-boost|p2a: Arceus|spa|1\n|-boost|p2a: Arceus|spd|1\n|move|p1a: Empoleon|Flip Turn|p2a: Arceus\n|-supereffective|p2a: Arceus\n|-damage|p2a: Arceus|78\/100\n|\n|t:|1699396523\n|switch|p1a: Landorus|Landorus, M|100\/100|[from] Flip Turn\n|-damage|p1a: Landorus|88\/100|[from] Stealth Rock\n|\n|-weather|Sandstorm|[upkeep]\n|upkeep\n|turn|6\n|\n|t:|1699396531\n|move|p1a: Landorus|U-turn|p2a: Arceus\n|-damage|p2a: Arceus|62\/100\n|\n|t:|1699396533\n|switch|p1a: Empoleon|Empoleon, F|100\/100 par|[from] U-turn\n|-damage|p1a: Empoleon|94\/100 par|[from] Stealth Rock\n|move|p2a: Arceus|Judgment|p1a: Empoleon\n|-resisted|p1a: Empoleon\n|-damage|p1a: Empoleon|69\/100 par\n|\n|-weather|Sandstorm|[upkeep]\n|-heal|p1a: Empoleon|75\/100 par|[from] item: Leftovers\n|upkeep\n|turn|7\n|inactive|LuukTheGamer has 270 seconds left.\n|\n|t:|1699396544\n|move|p2a: Arceus|Recover|p2a: Arceus\n|-heal|p2a: Arceus|100\/100\n|move|p1a: Empoleon|Flip Turn|p2a: Arceus\n|-supereffective|p2a: Arceus\n|-damage|p2a: Arceus|79\/100\n|\n|t:|1699396549\n|switch|p1a: Landorus|Landorus, M|88\/100|[from] Flip Turn\n|-damage|p1a: Landorus|76\/100|[from] Stealth Rock\n|\n|-weather|Sandstorm|[upkeep]\n|upkeep\n|turn|8\n|\n|t:|1699396553\n|move|p1a: Landorus|Earthquake|p2a: Arceus\n|-supereffective|p2a: Arceus\n|-damage|p2a: Arceus|0 fnt\n|faint|p2a: Arceus\n|\n|-weather|none\n|upkeep\n|inactive|LuukTheGamer has 270 seconds left.\n|\n|t:|1699396571\n|switch|p2a: Clefable|Clefable, F|100\/100\n|turn|9\n|\n|t:|1699396580\n|switch|p1a: Empoleon|Empoleon, F|75\/100 par\n|-damage|p1a: Empoleon|69\/100 par|[from] Stealth Rock\n|move|p2a: Clefable|Wish|p2a: Clefable\n|\n|-heal|p1a: Empoleon|75\/100 par|[from] item: Leftovers\n|upkeep\n|turn|10\n|inactive|LuukTheGamer has 270 seconds left.\n|\n|t:|1699396599\n|move|p2a: Clefable|Calm Mind|p2a: Clefable\n|-boost|p2a: Clefable|spa|1\n|-boost|p2a: Clefable|spd|1\n|move|p1a: Empoleon|Flip Turn|p2a: Clefable\n|-crit|p2a: Clefable\n|-damage|p2a: Clefable|81\/100\n|\n|t:|1699396605\n|switch|p1a: Hippowdon|Hippowdon, F|100\/100|[from] Flip Turn\n|-damage|p1a: Hippowdon|94\/100|[from] Stealth Rock\n|-weather|Sandstorm|[from] ability: Sand Stream|[of] p1a: Hippowdon\n|\n|-weather|Sandstorm|[upkeep]\n|-damage|p2a: Clefable|75\/100|[from] Sandstorm\n|-heal|p2a: Clefable|100\/100|[from] move: Wish|[wisher] Clefable\n|upkeep\n|turn|11\n|\n|t:|1699396610\n|move|p2a: Clefable|Wish|p2a: Clefable\n|move|p1a: Hippowdon|Whirlwind|p2a: Clefable\n|drag|p2a: Landorus|Landorus, M|100\/100\n|\n|-weather|Sandstorm|[upkeep]\n|upkeep\n|turn|12\n|\n|t:|1699396624\n|move|p2a: Landorus|Grass Knot|p1a: Hippowdon\n|-supereffective|p1a: Hippowdon\n|-damage|p1a: Hippowdon|12\/100\n|move|p1a: Hippowdon|Whirlwind|p2a: Landorus\n|drag|p2a: Houndstone|Houndstone, M|100\/100\n|\n|-weather|Sandstorm|[upkeep]\n|upkeep\n|turn|13\n|\n|t:|1699396640\n|switch|p1a: Garchomp|Garchomp, F|100\/100\n|-damage|p1a: Garchomp|94\/100|[from] Stealth Rock\n|move|p2a: Houndstone|Last Respects|p1a: Garchomp\n|-damage|p1a: Garchomp|45\/100\n|\n|-weather|Sandstorm|[upkeep]\n|upkeep\n|turn|14\n|\n|t:|1699396649\n|switch|p1a: Overqwil|Overqwil, F|100\/100\n|-damage|p1a: Overqwil|88\/100|[from] Stealth Rock\n|-ability|p1a: Overqwil|Intimidate|boost\n|-unboost|p2a: Houndstone|atk|1\n|move|p2a: Houndstone|Last Respects|p1a: Overqwil\n|-resisted|p1a: Overqwil\n|-damage|p1a: Overqwil|77\/100\n|\n|-weather|Sandstorm|[upkeep]\n|-damage|p1a: Overqwil|71\/100|[from] Sandstorm\n|-heal|p1a: Overqwil|77\/100|[from] item: Leftovers\n|upkeep\n|turn|15\n|\n|t:|1699396664\n|switch|p2a: Landorus|Landorus, M|100\/100\n|move|p1a: Overqwil|Toxic|p2a: Landorus\n|-status|p2a: Landorus|tox\n|\n|-weather|Sandstorm|[upkeep]\n|-damage|p1a: Overqwil|71\/100|[from] Sandstorm\n|-heal|p1a: Overqwil|77\/100|[from] item: Leftovers\n|-damage|p2a: Landorus|95\/100 tox|[from] psn\n|upkeep\n|turn|16\n|\n|t:|1699396686\n|switch|p1a: Landorus|Landorus, M|76\/100\n|-damage|p1a: Landorus|64\/100|[from] Stealth Rock\n|move|p2a: Landorus|Weather Ball|p1a: Landorus\n|-damage|p1a: Landorus|13\/100\n|\n|-weather|Sandstorm|[upkeep]\n|-damage|p2a: Landorus|83\/100 tox|[from] psn\n|upkeep\n|turn|17\n|\n|t:|1699396694\n|move|p2a: Landorus|Weather Ball|p1a: Landorus\n|-damage|p1a: Landorus|0 fnt\n|faint|p1a: Landorus\n|\n|-weather|none\n|-damage|p2a: Landorus|65\/100 tox|[from] psn\n|upkeep\n|\n|t:|1699396717\n|switch|p1a: Hippowdon|Hippowdon, F|12\/100\n|-damage|p1a: Hippowdon|6\/100|[from] Stealth Rock\n|-weather|Sandstorm|[from] ability: Sand Stream|[of] p1a: Hippowdon\n|turn|18\n|\n|t:|1699396720\n|move|p2a: Landorus|Weather Ball|p1a: Hippowdon\n|-resisted|p1a: Hippowdon\n|-damage|p1a: Hippowdon|0 fnt\n|faint|p1a: Hippowdon\n|\n|-weather|Sandstorm|[upkeep]\n|-damage|p2a: Landorus|41\/100 tox|[from] psn\n|upkeep\n|\n|t:|1699396724\n|switch|p1a: Houndstone|Houndstone, M|88\/100\n|-damage|p1a: Houndstone|76\/100|[from] Stealth Rock\n|turn|19\n|\n|t:|1699396730\n|move|p2a: Landorus|Weather Ball|p1a: Houndstone\n|-damage|p1a: Houndstone|26\/100\n|move|p1a: Houndstone|Last Respects|p2a: Landorus\n|-damage|p2a: Landorus|0 fnt\n|faint|p2a: Landorus\n|\n|-weather|Sandstorm|[upkeep]\n|upkeep\n|\n|t:|1699396742\n|switch|p2a: Houndstone|Houndstone, M|100\/100\n|turn|20\n|\n|t:|1699396745\n|move|p2a: Houndstone|Last Respects|p1a: Houndstone\n|-supereffective|p1a: Houndstone\n|-damage|p1a: Houndstone|0 fnt\n|faint|p1a: Houndstone\n|\n|-weather|Sandstorm|[upkeep]\n|upkeep\n|\n|t:|1699396748\n|switch|p1a: Overqwil|Overqwil, F|77\/100\n|-damage|p1a: Overqwil|65\/100|[from] Stealth Rock\n|-ability|p1a: Overqwil|Intimidate|boost\n|-unboost|p2a: Houndstone|atk|1\n|turn|21\n|\n|t:|1699396758\n|switch|p2a: Roaring Moon|Roaring Moon|100\/100\n|-enditem|p2a: Roaring Moon|Booster Energy\n|-activate|p2a: Roaring Moon|ability: Protosynthesis|[fromitem]\n|-start|p2a: Roaring Moon|protosynthesisatk\n|move|p1a: Overqwil|Toxic|p2a: Roaring Moon\n|-status|p2a: Roaring Moon|tox\n|\n|-weather|Sandstorm|[upkeep]\n|-damage|p2a: Roaring Moon|95\/100 tox|[from] Sandstorm\n|-damage|p1a: Overqwil|59\/100|[from] Sandstorm\n|-heal|p1a: Overqwil|65\/100|[from] item: Leftovers\n|-damage|p2a: Roaring Moon|89\/100 tox|[from] psn\n|upkeep\n|turn|22\n|\n|t:|1699396770\n|switch|p1a: Empoleon|Empoleon, F|75\/100 par\n|-damage|p1a: Empoleon|69\/100 par|[from] Stealth Rock\n|move|p2a: Roaring Moon|Earthquake|p1a: Empoleon\n|-supereffective|p1a: Empoleon\n|-damage|p1a: Empoleon|0 fnt\n|faint|p1a: Empoleon\n|\n|-weather|Sandstorm|[upkeep]\n|-damage|p2a: Roaring Moon|83\/100 tox|[from] Sandstorm\n|-damage|p2a: Roaring Moon|71\/100 tox|[from] psn\n|upkeep\n|\n|t:|1699396776\n|switch|p1a: Garchomp|Garchomp, F|45\/100\n|-damage|p1a: Garchomp|39\/100|[from] Stealth Rock\n|turn|23\n|\n|t:|1699396779\n|-terastallize|p1a: Garchomp|Steel\n|move|p2a: Roaring Moon|Knock Off|p1a: Garchomp\n|-damage|p1a: Garchomp|0 fnt\n|-enditem|p1a: Garchomp|Loaded Dice|[from] move: Knock Off|[of] p2a: Roaring Moon\n|faint|p1a: Garchomp\n|\n|-weather|Sandstorm|[upkeep]\n|-damage|p2a: Roaring Moon|65\/100 tox|[from] Sandstorm\n|-damage|p2a: Roaring Moon|47\/100 tox|[from] psn\n|upkeep\n|\n|t:|1699396784\n|switch|p1a: Overqwil|Overqwil, F|65\/100\n|-damage|p1a: Overqwil|52\/100|[from] Stealth Rock\n|-ability|p1a: Overqwil|Intimidate|boost\n|-unboost|p2a: Roaring Moon|atk|1\n|turn|24\n|\n|t:|1699396788\n|move|p2a: Roaring Moon|Earthquake|p1a: Overqwil\n|-supereffective|p1a: Overqwil\n|-damage|p1a: Overqwil|8\/100\n|move|p1a: Overqwil|Spikes|p2a: Roaring Moon\n|-sidestart|p2: LuukTheGamer|Spikes\n|\n|-weather|Sandstorm|[upkeep]\n|-damage|p2a: Roaring Moon|41\/100 tox|[from] Sandstorm\n|-damage|p1a: Overqwil|2\/100|[from] Sandstorm\n|-heal|p1a: Overqwil|8\/100|[from] item: Leftovers\n|-damage|p2a: Roaring Moon|17\/100 tox|[from] psn\n|upkeep\n|turn|25\n|c|\u2606LuukTheGamer|gg\n|\n|t:|1699396795\n|move|p2a: Roaring Moon|Earthquake|p1a: Overqwil\n|-supereffective|p1a: Overqwil\n|-damage|p1a: Overqwil|0 fnt\n|faint|p1a: Overqwil\n|\n|win|LuukTheGamer\n|c|\u2606JohnLongGone|gg\n","uploadtime":1699396832,"views":4,"p1id":"johnlonggone","p2id":"luukthegamer","formatid":"gen9ubers","rating":0,"private":0,"password":""}