{"id":"gen9ubers-1982180602","p1":"FoxasBat","p2":"Dono_XD","format":"[Gen 9] Ubers","log":"|j|\u2606FoxasBat\n|j|\u2606Dono_XD\n|t:|1698976278\n|gametype|singles\n|player|p1|FoxasBat|170|\n|player|p2|Dono_XD|elesa|\n|teamsize|p1|6\n|teamsize|p2|6\n|gen|9\n|tier|[Gen 9] Ubers\n|rule|Sleep Clause Mod: Limit one foe put to sleep\n|rule|Species Clause: Limit one of each Pok\u00e9mon\n|rule|OHKO Clause: OHKO moves are banned\n|rule|Evasion Items Clause: Evasion items are banned\n|rule|Evasion Moves Clause: Evasion moves are banned\n|rule|Endless Battle Clause: Forcing endless battles is banned\n|rule|HP Percentage Mod: HP is shown in percentages\n|clearpoke\n|poke|p1|Clodsire, M|\n|poke|p1|Roaring Moon|\n|poke|p1|Armarouge, M|\n|poke|p1|Decidueye, F|\n|poke|p1|Sliggoo-Hisui, F|\n|poke|p1|Dunsparce, F|\n|poke|p2|Corviknight, F|\n|poke|p2|Gengar, F|\n|poke|p2|Decidueye-Hisui, M|\n|poke|p2|Sableye, F|\n|poke|p2|Raichu, F|\n|poke|p2|Jigglypuff, F|\n|teampreview\n|\n|t:|1698976294\n|start\n|switch|p1a: Armarouge|Armarouge, M|100\/100\n|switch|p2a: I smell pennies|Sableye, F|100\/100\n|turn|1\n|\n|t:|1698976309\n|move|p1a: Armarouge|Calm Mind|p1a: Armarouge\n|-boost|p1a: Armarouge|spa|1\n|-boost|p1a: Armarouge|spd|1\n|move|p2a: I smell pennies|Knock Off|p1a: Armarouge\n|-supereffective|p1a: Armarouge\n|-damage|p1a: Armarouge|46\/100\n|-ability|p1a: Armarouge|Weak Armor|boost\n|-unboost|p1a: Armarouge|def|1\n|-boost|p1a: Armarouge|spe|2\n|-enditem|p1a: Armarouge|Weakness Policy\n|-boost|p1a: Armarouge|atk|2|[from] item: Weakness Policy\n|-boost|p1a: Armarouge|spa|2|[from] item: Weakness Policy\n|\n|upkeep\n|turn|2\n|\n|t:|1698976324\n|move|p2a: I smell pennies|Light Screen|p2a: I smell pennies\n|-sidestart|p2: Dono_XD|move: Light Screen\n|move|p1a: Armarouge|Flamethrower|p2a: I smell pennies\n|-damage|p2a: I smell pennies|1\/100\n|\n|upkeep\n|turn|3\n|\n|t:|1698976348\n|move|p2a: I smell pennies|Reflect|p2a: I smell pennies\n|-sidestart|p2: Dono_XD|Reflect\n|move|p1a: Armarouge|Flamethrower|p2a: I smell pennies\n|-damage|p2a: I smell pennies|0 fnt\n|faint|p2a: I smell pennies\n|\n|upkeep\n|\n|t:|1698976360\n|switch|p2a: Noah|Gengar, F, shiny|100\/100\n|turn|4\n|\n|t:|1698976366\n|move|p1a: Armarouge|Stored Power|p2a: Noah\n|-supereffective|p2a: Noah\n|-damage|p2a: Noah|0 fnt\n|faint|p2a: Noah\n|\n|upkeep\n|\n|t:|1698976387\n|switch|p2a: Jiggle on dat puff|Jigglypuff, F, shiny|100\/100\n|turn|5\n|\n|t:|1698976390\n|move|p1a: Armarouge|Stored Power|p2a: Jiggle on dat puff\n|-damage|p2a: Jiggle on dat puff|0 fnt\n|faint|p2a: Jiggle on dat puff\n|\n|upkeep\n|\n|t:|1698976395\n|switch|p2a: Decidueye|Decidueye-Hisui, M, shiny|100\/100\n|turn|6\n|\n|t:|1698976399\n|move|p1a: Armarouge|Stored Power|p2a: Decidueye\n|-supereffective|p2a: Decidueye\n|-damage|p2a: Decidueye|0 fnt\n|faint|p2a: Decidueye\n|\n|upkeep\n|\n|t:|1698976411\n|switch|p2a: Biggest Berd|Corviknight, F, shiny|100\/100\n|turn|7\n|\n|t:|1698976416\n|-terastallize|p2a: Biggest Berd|Water\n|move|p1a: Armarouge|Stored Power|p2a: Biggest Berd\n|-damage|p2a: Biggest Berd|0 fnt\n|faint|p2a: Biggest Berd\n|\n|upkeep\n|\n|t:|1698976421\n|switch|p2a: Virgil|Raichu, F, shiny|100\/100\n|-item|p2a: Virgil|Air Balloon\n|turn|8\n|\n|t:|1698976426\n|move|p1a: Armarouge|Stored Power|p2a: Virgil\n|-damage|p2a: Virgil|0 fnt\n|-enditem|p2a: Virgil|Air Balloon\n|faint|p2a: Virgil\n|\n|win|FoxasBat\n|l|\u2606FoxasBat\n","uploadtime":1698976443,"views":9,"p1id":"foxasbat","p2id":"donoxd","formatid":"gen9ubers","rating":0,"private":0,"password":""}