{"id":"gen9ubers-1987403098","p1":"So Threatening","p2":"tortortortellini","format":"[Gen 9] Ubers","log":"|j|\u2606So Threatening\n|j|\u2606tortortortellini\n|t:|1699586807\n|gametype|singles\n|player|p1|So Threatening|caitlin|\n|player|p2|tortortortellini|musician|\n|teamsize|p1|6\n|teamsize|p2|6\n|gen|9\n|tier|[Gen 9] Ubers\n|rule|Sleep Clause Mod: Limit one foe put to sleep\n|rule|Species Clause: Limit one of each Pok\u00e9mon\n|rule|OHKO Clause: OHKO moves are banned\n|rule|Evasion Items Clause: Evasion items are banned\n|rule|Evasion Moves Clause: Evasion moves are banned\n|rule|Endless Battle Clause: Forcing endless battles is banned\n|rule|HP Percentage Mod: HP is shown in percentages\n|clearpoke\n|poke|p1|Zamazenta-*|\n|poke|p1|Sandy Shocks|\n|poke|p1|Wo-Chien|\n|poke|p1|Rotom|\n|poke|p1|Talonflame, M|\n|poke|p1|Fezandipiti, M|\n|poke|p2|Articuno-Galar|\n|poke|p2|Zamazenta-*|\n|poke|p2|Ogerpon-Wellspring, F|\n|poke|p2|Skeledirge, M|\n|poke|p2|Dipplin, F|\n|poke|p2|Tinkaton, F|\n|teampreview\n|\n|t:|1699586825\n|start\n|switch|p1a: SANDY CROCS|Sandy Shocks|100\/100\n|switch|p2a: Ogerpon|Ogerpon-Wellspring, F|100\/100\n|turn|1\n|\n|t:|1699586883\n|-end|p1a: SANDY CROCS|Protosynthesis|[silent]\n|switch|p1a: WOAH|Wo-Chien|100\/100\n|-ability|p1a: WOAH|Tablets of Ruin\n|move|p2a: Ogerpon|Ivy Cudgel|p1a: WOAH\n|-resisted|p1a: WOAH\n|-damage|p1a: WOAH|82\/100\n|\n|-heal|p1a: WOAH|88\/100|[from] item: Leftovers\n|upkeep\n|turn|2\n|c|\u2606tortortortellini|sorry i took a while, i was drafting removal\n|c|\u2606So Threatening|lmaooo\n|c|\u2606So Threatening|i saw\n|c|\u2606So Threatening|that was the first thing i noticed when i prep'd this week\n|\n|t:|1699586924\n|switch|p2a: Dipplin|Dipplin, F|100\/100\n|move|p1a: WOAH|Foul Play|p2a: Dipplin\n|-damage|p2a: Dipplin|92\/100\n|\n|-heal|p1a: WOAH|94\/100|[from] item: Leftovers\n|upkeep\n|turn|3\n|c|\u2606tortortortellini|boots aren't real\n|\n|t:|1699586936\n|switch|p1a: Dipendeez|Fezandipiti, M|100\/100\n|move|p2a: Dipplin|Reflect|p2a: Dipplin\n|-sidestart|p2: tortortortellini|Reflect\n|\n|upkeep\n|turn|4\n|\n|t:|1699586954\n|switch|p2a: Tinkaton|Tinkaton, F|100\/100\n|-item|p2a: Tinkaton|Air Balloon\n|move|p1a: Dipendeez|Toxic|p2a: Tinkaton\n|-immune|p2a: Tinkaton\n|\n|upkeep\n|turn|5\n|\n|t:|1699586960\n|switch|p1a: Scrotom-Base|Rotom|100\/100\n|move|p2a: Tinkaton|Thunder Wave|p1a: Scrotom-Base\n|-immune|p1a: Scrotom-Base\n|\n|upkeep\n|turn|6\n|\n|t:|1699586978\n|switch|p2a: Skeledirge|Skeledirge, M|100\/100\n|move|p1a: Scrotom-Base|Discharge|p2a: Skeledirge\n|-damage|p2a: Skeledirge|74\/100\n|\n|upkeep\n|turn|7\n|\n|t:|1699586987\n|move|p1a: Scrotom-Base|Shadow Ball|p2a: Skeledirge\n|-supereffective|p2a: Skeledirge\n|-damage|p2a: Skeledirge|15\/100\n|move|p2a: Skeledirge|Slack Off|p2a: Skeledirge\n|-heal|p2a: Skeledirge|65\/100\n|\n|-sideend|p2: tortortortellini|Reflect\n|upkeep\n|turn|8\n|\n|t:|1699587009\n|switch|p2a: Dipplin|Dipplin, F|92\/100\n|move|p1a: Scrotom-Base|Shadow Ball|p2a: Dipplin\n|-damage|p2a: Dipplin|74\/100\n|\n|upkeep\n|turn|9\n|\n|t:|1699587031\n|move|p1a: Scrotom-Base|Volt Switch|p2a: Dipplin\n|-resisted|p2a: Dipplin\n|-damage|p2a: Dipplin|69\/100\n|\n|t:|1699587035\n|switch|p1a: I am Speed|Talonflame, M|100\/100|[from] Volt Switch\n|move|p2a: Dipplin|Energy Ball|p1a: I am Speed\n|-resisted|p1a: I am Speed\n|-damage|p1a: I am Speed|92\/100\n|\n|upkeep\n|turn|10\n|\n|t:|1699587050\n|switch|p2a: Skeledirge|Skeledirge, M|65\/100\n|move|p1a: I am Speed|Brave Bird|p2a: Skeledirge\n|-damage|p2a: Skeledirge|45\/100\n|-damage|p1a: I am Speed|85\/100|[from] Recoil\n|\n|upkeep\n|turn|11\n|\n|t:|1699587058\n|move|p1a: I am Speed|U-turn|p2a: Skeledirge\n|-resisted|p2a: Skeledirge\n|-damage|p2a: Skeledirge|43\/100\n|\n|t:|1699587060\n|switch|p1a: SANDY CROCS|Sandy Shocks|100\/100|[from] U-turn\n|move|p2a: Skeledirge|Slack Off|p2a: Skeledirge\n|-heal|p2a: Skeledirge|93\/100\n|\n|upkeep\n|turn|12\n|\n|t:|1699587066\n|switch|p2a: Tinkaton|Tinkaton, F|100\/100\n|-item|p2a: Tinkaton|Air Balloon\n|move|p1a: SANDY CROCS|Stealth Rock|p2a: Tinkaton\n|-sidestart|p2: tortortortellini|move: Stealth Rock\n|\n|upkeep\n|turn|13\n|\n|t:|1699587072\n|move|p1a: SANDY CROCS|Discharge|p2a: Tinkaton\n|-damage|p2a: Tinkaton|63\/100\n|-status|p2a: Tinkaton|par\n|-enditem|p2a: Tinkaton|Air Balloon\n|move|p2a: Tinkaton|Encore|p1a: SANDY CROCS\n|-start|p1a: SANDY CROCS|Encore\n|\n|upkeep\n|turn|14\n|\n|t:|1699587084\n|switch|p2a: Ogerpon|Ogerpon-Wellspring, F|100\/100\n|-damage|p2a: Ogerpon|88\/100|[from] Stealth Rock\n|move|p1a: SANDY CROCS|Discharge|p2a: Ogerpon\n|-damage|p2a: Ogerpon|40\/100\n|\n|upkeep\n|turn|15\n|\n|t:|1699587094\n|-end|p1a: SANDY CROCS|Protosynthesis|[silent]\n|switch|p1a: WOAH|Wo-Chien|94\/100\n|-ability|p1a: WOAH|Tablets of Ruin\n|move|p2a: Ogerpon|Swords Dance|p2a: Ogerpon\n|-boost|p2a: Ogerpon|atk|2\n|\n|-heal|p1a: WOAH|100\/100|[from] item: Leftovers\n|upkeep\n|turn|16\n|\n|t:|1699587107\n|-terastallize|p1a: WOAH|Flying\n|move|p2a: Ogerpon|Ivy Cudgel|p1a: WOAH\n|-damage|p1a: WOAH|23\/100\n|move|p1a: WOAH|Foul Play|p2a: Ogerpon\n|-damage|p2a: Ogerpon|0 fnt\n|faint|p2a: Ogerpon\n|\n|-heal|p1a: WOAH|29\/100|[from] item: Leftovers\n|upkeep\n|\n|t:|1699587154\n|switch|p2a: Skeledirge|Skeledirge, M|93\/100\n|-damage|p2a: Skeledirge|68\/100|[from] Stealth Rock\n|turn|17\n|\n|t:|1699587165\n|switch|p1a: SANDY CROCS|Sandy Shocks|100\/100\n|move|p2a: Skeledirge|Torch Song|p1a: SANDY CROCS\n|-damage|p1a: SANDY CROCS|67\/100\n|-boost|p2a: Skeledirge|spa|1\n|\n|-heal|p1a: SANDY CROCS|73\/100|[from] item: Leftovers\n|upkeep\n|turn|18\n|\n|t:|1699587174\n|switch|p2a: Dipplin|Dipplin, F|69\/100\n|-damage|p2a: Dipplin|56\/100|[from] Stealth Rock\n|move|p1a: SANDY CROCS|Spikes|p2a: Dipplin\n|-sidestart|p2: tortortortellini|Spikes\n|\n|-heal|p1a: SANDY CROCS|79\/100|[from] item: Leftovers\n|upkeep\n|turn|19\n|\n|t:|1699587181\n|-end|p1a: SANDY CROCS|Protosynthesis|[silent]\n|switch|p1a: I am Speed|Talonflame, M|85\/100\n|move|p2a: Dipplin|Recover|p2a: Dipplin\n|-heal|p2a: Dipplin|100\/100\n|\n|upkeep\n|turn|20\n|\n|t:|1699587190\n|switch|p2a: Tinkaton|Tinkaton, F|63\/100 par\n|-damage|p2a: Tinkaton|56\/100 par|[from] Stealth Rock\n|-damage|p2a: Tinkaton|44\/100 par|[from] Spikes\n|move|p1a: I am Speed|Taunt|p2a: Tinkaton\n|-start|p2a: Tinkaton|move: Taunt\n|\n|upkeep\n|turn|21\n|\n|t:|1699587197\n|move|p1a: I am Speed|U-turn|p2a: Tinkaton\n|-resisted|p2a: Tinkaton\n|-damage|p2a: Tinkaton|42\/100 par\n|-enditem|p1a: I am Speed|Heavy-Duty Boots|[silent]|[from] ability: Pickpocket|[of] p1a: I am Speed\n|-item|p2a: Tinkaton|Heavy-Duty Boots|[from] ability: Pickpocket|[of] p1a: I am Speed\n|c|\u2606So Threatening|bruh\n|c|\u2606So Threatening|omg\n|c|\u2606So Threatening|i forgot it had pickpocket\n|\n|t:|1699587214\n|switch|p1a: SANDY CROCS|Sandy Shocks|79\/100|[from] U-turn\n|move|p2a: Tinkaton|Play Rough|p1a: SANDY CROCS\n|-damage|p1a: SANDY CROCS|52\/100\n|\n|-heal|p1a: SANDY CROCS|58\/100|[from] item: Leftovers\n|upkeep\n|turn|22\n|c|\u2606tortortortellini|it doesnt matter but ok\n|\n|t:|1699587223\n|move|p1a: SANDY CROCS|Spikes|p2a: Tinkaton\n|-sidestart|p2: tortortortellini|Spikes\n|move|p2a: Tinkaton|Play Rough|p1a: SANDY CROCS\n|-damage|p1a: SANDY CROCS|30\/100\n|\n|-heal|p1a: SANDY CROCS|36\/100|[from] item: Leftovers\n|-end|p2a: Tinkaton|move: Taunt\n|upkeep\n|turn|23\n|\n|t:|1699587228\n|move|p1a: SANDY CROCS|Earth Power|p2a: Tinkaton\n|-supereffective|p2a: Tinkaton\n|-damage|p2a: Tinkaton|0 fnt\n|faint|p2a: Tinkaton\n|\n|-heal|p1a: SANDY CROCS|43\/100|[from] item: Leftovers\n|upkeep\n|\n|t:|1699587244\n|switch|p2a: Articuno|Articuno-Galar|100\/100\n|-damage|p2a: Articuno|76\/100|[from] Stealth Rock\n|turn|24\n|\n|t:|1699587261\n|-end|p1a: SANDY CROCS|Protosynthesis|[silent]\n|switch|p1a: Dipendeez|Fezandipiti, M|100\/100\n|-terastallize|p2a: Articuno|Ground\n|move|p2a: Articuno|Agility|p2a: Articuno\n|-boost|p2a: Articuno|spe|2\n|\n|-heal|p2a: Articuno|82\/100|[from] item: Leftovers\n|upkeep\n|turn|25\n|\n|t:|1699587267\n|move|p2a: Articuno|Stored Power|p1a: Dipendeez\n|-supereffective|p1a: Dipendeez\n|-crit|p1a: Dipendeez\n|-damage|p1a: Dipendeez|32\/100\n|move|p1a: Dipendeez|Toxic|p2a: Articuno\n|-status|p2a: Articuno|tox\n|\n|-heal|p2a: Articuno|88\/100 tox|[from] item: Leftovers\n|-heal|p1a: Dipendeez|38\/100|[from] item: Black Sludge\n|-damage|p2a: Articuno|82\/100 tox|[from] psn\n|upkeep\n|turn|26\n|\n|t:|1699587289\n|switch|p1a: I am Speed|Talonflame, M|85\/100\n|move|p2a: Articuno|Calm Mind|p2a: Articuno\n|-boost|p2a: Articuno|spa|1\n|-boost|p2a: Articuno|spd|1\n|\n|-heal|p2a: Articuno|88\/100 tox|[from] item: Leftovers\n|-damage|p2a: Articuno|76\/100 tox|[from] psn\n|upkeep\n|turn|27\n|c|\u2606tortortortellini|i still don't know what fezandipiti does ngl\n|c|\u2606So Threatening|its best\n|\n|t:|1699587335\n|switch|p1a: WOAH|Wo-Chien, tera:Flying|29\/100\n|-ability|p1a: WOAH|Tablets of Ruin\n|move|p2a: Articuno|Stored Power|p1a: WOAH\n|-damage|p1a: WOAH|0 fnt\n|faint|p1a: WOAH\n|\n|-heal|p2a: Articuno|82\/100 tox|[from] item: Leftovers\n|-damage|p2a: Articuno|63\/100 tox|[from] psn\n|upkeep\n|\n|t:|1699587347\n|switch|p1a: No Ghosts?|Zamazenta-Crowned|100\/100\n|-ability|p1a: No Ghosts?|Dauntless Shield|boost\n|-boost|p1a: No Ghosts?|def|1\n|turn|28\n|\n|t:|1699587357\n|move|p2a: Articuno|Stored Power|p1a: No Ghosts?\n|-damage|p1a: No Ghosts?|31\/100\n|move|p1a: No Ghosts?|Heavy Slam|p2a: Articuno\n|-damage|p2a: Articuno|0 fnt\n|faint|p2a: Articuno\n|\n|upkeep\n|\n|t:|1699587393\n|switch|p2a: Zamazenta|Zamazenta|100\/100\n|-damage|p2a: Zamazenta|94\/100|[from] Stealth Rock\n|-damage|p2a: Zamazenta|78\/100|[from] Spikes\n|-ability|p2a: Zamazenta|Dauntless Shield|boost\n|-boost|p2a: Zamazenta|def|1\n|turn|29\n|\n|t:|1699587398\n|switch|p1a: Dipendeez|Fezandipiti, M|38\/100\n|move|p2a: Zamazenta|Substitute|p2a: Zamazenta\n|-start|p2a: Zamazenta|Substitute\n|-damage|p2a: Zamazenta|53\/100\n|\n|-heal|p1a: Dipendeez|44\/100|[from] item: Black Sludge\n|upkeep\n|turn|30\n|\n|t:|1699587403\n|move|p2a: Zamazenta|Psychic Fangs|p1a: Dipendeez\n|-supereffective|p1a: Dipendeez\n|-damage|p1a: Dipendeez|0 fnt\n|faint|p1a: Dipendeez\n|\n|upkeep\n|\n|t:|1699587406\n|switch|p1a: I am Speed|Talonflame, M|85\/100\n|turn|31\n|\n|t:|1699587408\n|move|p2a: Zamazenta|Stone Edge|p1a: I am Speed|[miss]\n|-miss|p2a: Zamazenta|p1a: I am Speed\n|move|p1a: I am Speed|Brave Bird|p2a: Zamazenta\n|-supereffective|p2a: Zamazenta\n|-end|p2a: Zamazenta|Substitute\n|-damage|p1a: I am Speed|77\/100|[from] Recoil|[of] p2a: Zamazenta\n|\n|upkeep\n|turn|32\n|\n|t:|1699587420\n|switch|p1a: No Ghosts?|Zamazenta-Crowned|31\/100\n|move|p2a: Zamazenta|Stone Edge|p1a: No Ghosts?\n|-resisted|p1a: No Ghosts?\n|-damage|p1a: No Ghosts?|24\/100\n|\n|upkeep\n|turn|33\n|\n|t:|1699587436\n|move|p2a: Zamazenta|Psychic Fangs|p1a: No Ghosts?\n|-damage|p1a: No Ghosts?|1\/100\n|move|p1a: No Ghosts?|Body Press|p2a: Zamazenta\n|-damage|p2a: Zamazenta|29\/100\n|\n|upkeep\n|turn|34\n|\n|t:|1699587450\n|move|p2a: Zamazenta|Substitute|p2a: Zamazenta\n|-start|p2a: Zamazenta|Substitute\n|-damage|p2a: Zamazenta|5\/100\n|-enditem|p2a: Zamazenta|Liechi Berry|[eat]\n|-boost|p2a: Zamazenta|atk|1|[from] item: Liechi Berry\n|move|p1a: No Ghosts?|Body Press|p2a: Zamazenta\n|-activate|p2a: Zamazenta|move: Substitute|[damage]\n|\n|upkeep\n|turn|35\n|\n|t:|1699587461\n|move|p2a: Zamazenta|Psychic Fangs|p1a: No Ghosts?\n|-damage|p1a: No Ghosts?|0 fnt\n|faint|p1a: No Ghosts?\n|\n|upkeep\n|\n|t:|1699587462\n|switch|p1a: Scrotom-Base|Rotom|100\/100\n|turn|36\n|\n|t:|1699587472\n|move|p2a: Zamazenta|Stone Edge|p1a: Scrotom-Base|[miss]\n|-miss|p2a: Zamazenta|p1a: Scrotom-Base\n|move|p1a: Scrotom-Base|Shadow Ball|p2a: Zamazenta\n|-crit|p2a: Zamazenta\n|-end|p2a: Zamazenta|Substitute\n|\n|upkeep\n|turn|37\n|c|\u2606So Threatening|damn\n|c|\u2606So Threatening|sorry\n|\n|t:|1699587484\n|move|p2a: Zamazenta|Stone Edge|p1a: Scrotom-Base\n|-damage|p1a: Scrotom-Base|35\/100\n|move|p1a: Scrotom-Base|Shadow Ball|p2a: Zamazenta\n|-damage|p2a: Zamazenta|0 fnt\n|faint|p2a: Zamazenta\n|\n|upkeep\n|\n|t:|1699587497\n|switch|p2a: Dipplin|Dipplin, F|100\/100\n|-damage|p2a: Dipplin|88\/100|[from] Stealth Rock\n|-damage|p2a: Dipplin|72\/100|[from] Spikes\n|turn|38\n|\n|t:|1699587502\n|move|p1a: Scrotom-Base|Volt Switch|p2a: Dipplin\n|-resisted|p2a: Dipplin\n|-damage|p2a: Dipplin|67\/100\n|\n|t:|1699587505\n|switch|p1a: I am Speed|Talonflame, M|77\/100|[from] Volt Switch\n|move|p2a: Dipplin|Reflect|p2a: Dipplin\n|-sidestart|p2: tortortortellini|Reflect\n|\n|upkeep\n|turn|39\n|\n|t:|1699587511\n|move|p1a: I am Speed|Taunt|p2a: Dipplin\n|-start|p2a: Dipplin|move: Taunt\n|cant|p2a: Dipplin|move: Taunt|Recover\n|\n|upkeep\n|turn|40\n|\n|t:|1699587515\n|move|p1a: I am Speed|Brave Bird|p2a: Dipplin\n|-supereffective|p2a: Dipplin\n|-damage|p2a: Dipplin|53\/100\n|-damage|p1a: I am Speed|72\/100|[from] Recoil\n|move|p2a: Dipplin|Infestation|p1a: I am Speed\n|-resisted|p1a: I am Speed\n|-damage|p1a: I am Speed|71\/100\n|-activate|p1a: I am Speed|move: Infestation|[of] p2a: Dipplin\n|\n|-damage|p1a: I am Speed|58\/100|[from] move: Infestation|[partiallytrapped]\n|upkeep\n|turn|41\n|\n|t:|1699587524\n|move|p1a: I am Speed|Roost|p1a: I am Speed\n|-heal|p1a: I am Speed|100\/100\n|-singleturn|p1a: I am Speed|move: Roost\n|move|p2a: Dipplin|Energy Ball|p1a: I am Speed\n|-resisted|p1a: I am Speed\n|-damage|p1a: I am Speed|84\/100\n|\n|-damage|p1a: I am Speed|71\/100|[from] move: Infestation|[partiallytrapped]\n|-end|p2a: Dipplin|move: Taunt\n|upkeep\n|turn|42\n|\n|t:|1699587530\n|move|p1a: I am Speed|Taunt|p2a: Dipplin\n|-start|p2a: Dipplin|move: Taunt\n|cant|p2a: Dipplin|move: Taunt|Recover\n|\n|-damage|p1a: I am Speed|59\/100|[from] move: Infestation|[partiallytrapped]\n|-sideend|p2: tortortortellini|Reflect\n|upkeep\n|turn|43\n|\n|t:|1699587548\n|move|p1a: I am Speed|Brave Bird|p2a: Dipplin\n|-supereffective|p2a: Dipplin\n|-damage|p2a: Dipplin|21\/100\n|-damage|p1a: I am Speed|48\/100|[from] Recoil\n|move|p2a: Dipplin|Energy Ball|p1a: I am Speed\n|-resisted|p1a: I am Speed\n|-damage|p1a: I am Speed|39\/100\n|-unboost|p1a: I am Speed|spd|1\n|\n|-damage|p1a: I am Speed|27\/100|[from] move: Infestation|[partiallytrapped]\n|upkeep\n|turn|44\n|\n|t:|1699587553\n|move|p1a: I am Speed|Brave Bird|p2a: Dipplin\n|-supereffective|p2a: Dipplin\n|-damage|p2a: Dipplin|0 fnt\n|faint|p2a: Dipplin\n|-damage|p1a: I am Speed|20\/100|[from] Recoil\n|\n|-end|p1a: I am Speed|Infestation|[partiallytrapped]\n|upkeep\n|\n|t:|1699587555\n|switch|p2a: Skeledirge|Skeledirge, M|68\/100\n|-damage|p2a: Skeledirge|44\/100|[from] Stealth Rock\n|-damage|p2a: Skeledirge|27\/100|[from] Spikes\n|turn|45\n|\n|t:|1699587559\n|move|p1a: I am Speed|Taunt|p2a: Skeledirge\n|-start|p2a: Skeledirge|move: Taunt\n|cant|p2a: Skeledirge|move: Taunt|Slack Off\n|\n|upkeep\n|turn|46\n|\n|t:|1699587569\n|move|p1a: I am Speed|Brave Bird|p2a: Skeledirge\n|-damage|p2a: Skeledirge|7\/100\n|-damage|p1a: I am Speed|12\/100|[from] Recoil\n|move|p2a: Skeledirge|Torch Song|p1a: I am Speed\n|-resisted|p1a: I am Speed\n|-damage|p1a: I am Speed|0 fnt\n|-boost|p2a: Skeledirge|spa|1\n|faint|p1a: I am Speed\n|\n|upkeep\n|\n|t:|1699587573\n|switch|p1a: SANDY CROCS|Sandy Shocks|43\/100\n|turn|47\n|\n|t:|1699587576\n|move|p1a: SANDY CROCS|Earth Power|p2a: Skeledirge\n|-supereffective|p2a: Skeledirge\n|-damage|p2a: Skeledirge|0 fnt\n|faint|p2a: Skeledirge\n|\n|win|So Threatening\n|c|\u2606So Threatening|gg\n|c|\u2606So Threatening|sorry for the misses\n|l|\u2606tortortortellini\n","uploadtime":1699587585,"views":33,"p1id":"sothreatening","p2id":"tortortortellini","formatid":"gen9ubers","rating":0,"private":0,"password":""}