{"id":"gen9ubers-1976046567","p1":"SannsyJ","p2":"drakmoore","format":"[Gen 9] Ubers","log":"|j|\u2606SannsyJ\n|j|\u2606drakmoore\n|t:|1698259193\n|gametype|singles\n|player|p1|SannsyJ|plasmagrunt|1098\n|player|p2|drakmoore|265|1192\n|teamsize|p1|6\n|teamsize|p2|6\n|gen|9\n|tier|[Gen 9] Ubers\n|rated|\n|rule|Sleep Clause Mod: Limit one foe put to sleep\n|rule|Species Clause: Limit one of each Pok\u00e9mon\n|rule|OHKO Clause: OHKO moves are banned\n|rule|Evasion Items Clause: Evasion items are banned\n|rule|Evasion Moves Clause: Evasion moves are banned\n|rule|Endless Battle Clause: Forcing endless battles is banned\n|rule|HP Percentage Mod: HP is shown in percentages\n|clearpoke\n|poke|p1|Kingambit, M|\n|poke|p1|Darkrai|\n|poke|p1|Landorus, M|\n|poke|p1|Ribombee, F|\n|poke|p1|Volcarona, F|\n|poke|p1|Cryogonal|\n|poke|p2|Ninetales-Alola, M|\n|poke|p2|Baxcalibur, F|\n|poke|p2|Annihilape, M|\n|poke|p2|Garganacl, M|\n|poke|p2|Espathra, M|\n|poke|p2|Corviknight, F|\n|teampreview\n|\n|t:|1698259203\n|start\n|switch|p1a: BabyBee|Ribombee, F, shiny|100\/100\n|switch|p2a: Garganacl|Garganacl, M|100\/100\n|turn|1\n|\n|t:|1698259218\n|move|p1a: BabyBee|Sticky Web|p2a: Garganacl\n|-sidestart|p2: drakmoore|move: Sticky Web\n|move|p2a: Garganacl|Salt Cure|p1a: BabyBee\n|-supereffective|p1a: BabyBee\n|-damage|p1a: BabyBee|58\/100\n|\n|upkeep\n|turn|2\n|\n|t:|1698259224\n|move|p1a: BabyBee|Stun Spore|p2a: Garganacl\n|-immune|p2a: Garganacl|[from] ability: Purifying Salt\n|move|p2a: Garganacl|Iron Defense|p2a: Garganacl\n|-boost|p2a: Garganacl|def|2\n|\n|upkeep\n|turn|3\n|\n|t:|1698259233\n|switch|p1a: LandoTrash|Landorus, M|100\/100\n|move|p2a: Garganacl|Iron Defense|p2a: Garganacl\n|-boost|p2a: Garganacl|def|2\n|\n|upkeep\n|turn|4\n|\n|t:|1698259242\n|-terastallize|p2a: Garganacl|Water\n|move|p1a: LandoTrash|Focus Blast|p2a: Garganacl|[miss]\n|-miss|p1a: LandoTrash|p2a: Garganacl\n|move|p2a: Garganacl|Salt Cure|p1a: LandoTrash\n|-damage|p1a: LandoTrash|85\/100\n|-start|p1a: LandoTrash|Salt Cure\n|\n|-damage|p1a: LandoTrash|73\/100|[from] Salt Cure\n|upkeep\n|turn|5\n|\n|t:|1698259251\n|move|p1a: LandoTrash|Focus Blast|p2a: Garganacl|[miss]\n|-miss|p1a: LandoTrash|p2a: Garganacl\n|move|p2a: Garganacl|Iron Defense|p2a: Garganacl\n|-boost|p2a: Garganacl|def|2\n|\n|-damage|p1a: LandoTrash|61\/100|[from] Salt Cure\n|upkeep\n|turn|6\n|c|\u2606SannsyJ|...\n|c|\u2606SannsyJ|...\n|c|\u2606SannsyJ|...\n|\n|t:|1698259259\n|move|p1a: LandoTrash|Focus Blast|p2a: Garganacl|[miss]\n|-miss|p1a: LandoTrash|p2a: Garganacl\n|move|p2a: Garganacl|Body Press|p1a: LandoTrash\n|-resisted|p1a: LandoTrash\n|-damage|p1a: LandoTrash|8\/100\n|\n|-damage|p1a: LandoTrash|0 fnt|[from] Salt Cure\n|faint|p1a: LandoTrash\n|upkeep\n|c|\u2606SannsyJ|landotrash get your goofy ass off my team\n|\n|t:|1698259277\n|switch|p1a: Spectre|Darkrai|100\/100\n|turn|7\n|\n|t:|1698259280\n|move|p1a: Spectre|Thunder|p2a: Garganacl\n|-supereffective|p2a: Garganacl\n|-crit|p2a: Garganacl\n|-damage|p2a: Garganacl|24\/100\n|-enditem|p2a: Garganacl|Sitrus Berry|[eat]\n|-heal|p2a: Garganacl|49\/100|[from] item: Sitrus Berry\n|move|p2a: Garganacl|Body Press|p1a: Spectre\n|-supereffective|p1a: Spectre\n|-damage|p1a: Spectre|0 fnt\n|faint|p1a: Spectre\n|\n|upkeep\n|c|\u2606SannsyJ|T0T\n|\n|t:|1698259287\n|switch|p1a: Kawakami|Cryogonal, shiny|100\/100\n|turn|8\n|\n|t:|1698259291\n|move|p1a: Kawakami|Freeze-Dry|p2a: Garganacl\n|-supereffective|p2a: Garganacl\n|-damage|p2a: Garganacl|9\/100\n|move|p2a: Garganacl|Recover|p2a: Garganacl\n|-heal|p2a: Garganacl|59\/100\n|\n|upkeep\n|turn|9\n|\n|t:|1698259297\n|move|p1a: Kawakami|Freeze-Dry|p2a: Garganacl\n|-supereffective|p2a: Garganacl\n|-damage|p2a: Garganacl|23\/100\n|move|p2a: Garganacl|Recover|p2a: Garganacl\n|-heal|p2a: Garganacl|73\/100\n|\n|upkeep\n|turn|10\n|\n|t:|1698259303\n|switch|p1a: BabyBee|Ribombee, F, shiny|58\/100\n|move|p2a: Garganacl|Recover|p2a: Garganacl\n|-heal|p2a: Garganacl|100\/100\n|\n|upkeep\n|turn|11\n|\n|t:|1698259309\n|move|p1a: BabyBee|Moonblast|p2a: Garganacl\n|-damage|p2a: Garganacl|80\/100\n|move|p2a: Garganacl|Salt Cure|p1a: BabyBee\n|-supereffective|p1a: BabyBee\n|-damage|p1a: BabyBee|15\/100\n|\n|upkeep\n|turn|12\n|\n|t:|1698259316\n|move|p1a: BabyBee|Moonblast|p2a: Garganacl\n|-damage|p2a: Garganacl|57\/100\n|move|p2a: Garganacl|Recover|p2a: Garganacl\n|-heal|p2a: Garganacl|100\/100\n|\n|upkeep\n|turn|13\n|\n|t:|1698259322\n|move|p1a: BabyBee|Stun Spore|p2a: Garganacl\n|-immune|p2a: Garganacl|[from] ability: Purifying Salt\n|move|p2a: Garganacl|Salt Cure|p1a: BabyBee\n|-supereffective|p1a: BabyBee\n|-damage|p1a: BabyBee|0 fnt\n|faint|p1a: BabyBee\n|\n|upkeep\n|\n|t:|1698259338\n|switch|p1a: Ladybird Larva|Volcarona, F, shiny|100\/100\n|turn|14\n|\n|t:|1698259341\n|move|p1a: Ladybird Larva|Substitute|p1a: Ladybird Larva\n|-start|p1a: Ladybird Larva|Substitute\n|-damage|p1a: Ladybird Larva|75\/100\n|move|p2a: Garganacl|Salt Cure|p1a: Ladybird Larva\n|-supereffective|p1a: Ladybird Larva\n|-end|p1a: Ladybird Larva|Substitute\n|\n|upkeep\n|turn|15\n|\n|t:|1698259347\n|move|p1a: Ladybird Larva|Bug Buzz|p2a: Garganacl\n|-damage|p2a: Garganacl|65\/100\n|move|p2a: Garganacl|Salt Cure|p1a: Ladybird Larva\n|-supereffective|p1a: Ladybird Larva\n|-damage|p1a: Ladybird Larva|0 fnt\n|faint|p1a: Ladybird Larva\n|\n|upkeep\n|\n|t:|1698259350\n|switch|p1a: Kawakami|Cryogonal, shiny|100\/100\n|turn|16\n|\n|t:|1698259359\n|move|p1a: Kawakami|Freeze-Dry|p2a: Garganacl\n|-supereffective|p2a: Garganacl\n|-damage|p2a: Garganacl|25\/100\n|move|p2a: Garganacl|Body Press|p1a: Kawakami\n|-supereffective|p1a: Kawakami\n|-damage|p1a: Kawakami|0 fnt\n|faint|p1a: Kawakami\n|\n|upkeep\n|\n|t:|1698259363\n|switch|p1a: SannsyJ (Evolved)|Kingambit, M|100\/100\n|-activate|p1a: SannsyJ (Evolved)|ability: Supreme Overlord\n|-start|p1a: SannsyJ (Evolved)|fallen5|[silent]\n|turn|17\n|\n|t:|1698259369\n|move|p1a: SannsyJ (Evolved)|Kowtow Cleave|p2a: Garganacl\n|-damage|p2a: Garganacl|9\/100\n|move|p2a: Garganacl|Recover|p2a: Garganacl\n|-heal|p2a: Garganacl|59\/100\n|\n|upkeep\n|turn|18\n|\n|t:|1698259375\n|-terastallize|p1a: SannsyJ (Evolved)|Dark\n|move|p1a: SannsyJ (Evolved)|Swords Dance|p1a: SannsyJ (Evolved)\n|-boost|p1a: SannsyJ (Evolved)|atk|2\n|move|p2a: Garganacl|Body Press|p1a: SannsyJ (Evolved)\n|-supereffective|p1a: SannsyJ (Evolved)\n|-damage|p1a: SannsyJ (Evolved)|0 fnt\n|faint|p1a: SannsyJ (Evolved)\n|-end|p1a: SannsyJ (Evolved)|fallen5|[silent]\n|\n|win|drakmoore\n|raw|SannsyJ's rating: 1098 &rarr; <strong>1080<\/strong><br \/>(-18 for losing)\n|raw|drakmoore's rating: 1192 &rarr; <strong>1210<\/strong><br \/>(+18 for winning)\n","uploadtime":1698259276,"views":9,"p1id":"sannsyj","p2id":"drakmoore","formatid":"gen9ubers","rating":1080,"private":0,"password":""}