{"id":"gen9ubers-1990852793","p1":"Azie Zar'nia","p2":"Anne Frankkkk","format":"[Gen 9] Ubers","log":"|j|\u2606Azie Zar'nia\n|j|\u2606Anne Frankkkk\n|t:|1700007716\n|gametype|singles\n|player|p1|Azie Zar'nia|cynthia|1063\n|player|p2|Anne Frankkkk|hilbert|1201\n|teamsize|p1|6\n|teamsize|p2|6\n|gen|9\n|tier|[Gen 9] Ubers\n|rated|\n|rule|Sleep Clause Mod: Limit one foe put to sleep\n|rule|Species Clause: Limit one of each Pok\u00e9mon\n|rule|OHKO Clause: OHKO moves are banned\n|rule|Evasion Items Clause: Evasion items are banned\n|rule|Evasion Moves Clause: Evasion moves are banned\n|rule|Endless Battle Clause: Forcing endless battles is banned\n|rule|HP Percentage Mod: HP is shown in percentages\n|clearpoke\n|poke|p1|Miraidon|\n|poke|p1|Iron Valiant|\n|poke|p1|Iron Leaves|\n|poke|p1|Iron Hands|\n|poke|p1|Iron Bundle|\n|poke|p1|Iron Moth|\n|poke|p2|Iron Hands|\n|poke|p2|Kyogre|\n|poke|p2|Chien-Pao|\n|poke|p2|Ribombee, M|\n|poke|p2|Miraidon|\n|poke|p2|Flutter Mane|\n|teampreview\n|\n|t:|1700007728\n|start\n|switch|p1a: Iron Valiant|Iron Valiant|100\/100\n|switch|p2a: Moonblast|Ribombee, M, shiny|100\/100\n|-enditem|p1a: Iron Valiant|Booster Energy\n|-activate|p1a: Iron Valiant|ability: Quark Drive|[fromitem]\n|-start|p1a: Iron Valiant|quarkdrivespe\n|turn|1\n|\n|t:|1700007742\n|move|p1a: Iron Valiant|Shadow Sneak|p2a: Moonblast\n|-damage|p2a: Moonblast|73\/100\n|move|p2a: Moonblast|Stun Spore|p1a: Iron Valiant\n|-status|p1a: Iron Valiant|par\n|\n|upkeep\n|turn|2\n|\n|t:|1700007748\n|move|p1a: Iron Valiant|Shadow Sneak|p2a: Moonblast\n|-damage|p2a: Moonblast|42\/100\n|move|p2a: Moonblast|Sticky Web|p1a: Iron Valiant\n|-sidestart|p1: Azie Zar'nia|move: Sticky Web\n|\n|upkeep\n|turn|3\n|\n|t:|1700007752\n|move|p1a: Iron Valiant|Shadow Sneak|p2a: Moonblast\n|-damage|p2a: Moonblast|16\/100\n|move|p2a: Moonblast|Moonblast|p1a: Iron Valiant\n|-supereffective|p1a: Iron Valiant\n|-damage|p1a: Iron Valiant|0 fnt\n|faint|p1a: Iron Valiant\n|-end|p1a: Iron Valiant|Quark Drive|[silent]\n|\n|upkeep\n|\n|t:|1700007759\n|switch|p1a: Iron Hands|Iron Hands|100\/100\n|-activate|p1a: Iron Hands|move: Sticky Web\n|-unboost|p1a: Iron Hands|spe|1\n|turn|4\n|\n|t:|1700007763\n|move|p1a: Iron Hands|Fake Out|p2a: Moonblast\n|-damage|p2a: Moonblast|0 fnt\n|faint|p2a: Moonblast\n|\n|upkeep\n|\n|t:|1700007772\n|switch|p2a: Misdreavius|Flutter Mane, shiny|100\/100\n|-enditem|p2a: Misdreavius|Booster Energy\n|-activate|p2a: Misdreavius|ability: Protosynthesis|[fromitem]\n|-start|p2a: Misdreavius|protosynthesisspe\n|turn|5\n|\n|t:|1700007784\n|-end|p1a: Iron Hands|Quark Drive|[silent]\n|switch|p1a: Iron Moth|Iron Moth|100\/100\n|-activate|p1a: Iron Moth|move: Sticky Web\n|-unboost|p1a: Iron Moth|spe|1\n|move|p2a: Misdreavius|Moonblast|p1a: Iron Moth\n|-resisted|p1a: Iron Moth\n|-damage|p1a: Iron Moth|87\/100\n|-unboost|p1a: Iron Moth|spa|1\n|\n|upkeep\n|turn|6\n|inactive|Battle timer is ON: inactive players will automatically lose when time's up. (requested by Anne Frankkkk)\n|\n|t:|1700007797\n|move|p2a: Misdreavius|Power Gem|p1a: Iron Moth\n|-supereffective|p1a: Iron Moth\n|-damage|p1a: Iron Moth|23\/100\n|move|p1a: Iron Moth|Sludge Wave|p2a: Misdreavius\n|-damage|p2a: Misdreavius|47\/100\n|\n|upkeep\n|turn|7\n|\n|t:|1700007805\n|move|p2a: Misdreavius|Power Gem|p1a: Iron Moth\n|-supereffective|p1a: Iron Moth\n|-damage|p1a: Iron Moth|0 fnt\n|faint|p1a: Iron Moth\n|-end|p1a: Iron Moth|Quark Drive|[silent]\n|\n|upkeep\n|\n|t:|1700007812\n|switch|p1a: Miraidon|Miraidon|100\/100\n|-activate|p1a: Miraidon|move: Sticky Web\n|-unboost|p1a: Miraidon|spe|1\n|-fieldstart|move: Electric Terrain|[from] ability: Hadron Engine|[of] p1a: Miraidon\n|turn|8\n|\n|t:|1700007820\n|move|p2a: Misdreavius|Moonblast|p1a: Miraidon\n|-supereffective|p1a: Miraidon\n|-damage|p1a: Miraidon|4\/100\n|-unboost|p1a: Miraidon|spa|1\n|move|p1a: Miraidon|Flash Cannon|p2a: Misdreavius\n|-supereffective|p2a: Misdreavius\n|-damage|p2a: Misdreavius|0 fnt\n|faint|p2a: Misdreavius\n|-end|p2a: Misdreavius|Protosynthesis|[silent]\n|\n|upkeep\n|\n|t:|1700007825\n|switch|p2a: Big Boy|Iron Hands, shiny|100\/100\n|-activate|p2a: Big Boy|ability: Quark Drive\n|-start|p2a: Big Boy|quarkdriveatk\n|turn|9\n|\n|t:|1700007834\n|switch|p1a: Iron Hands|Iron Hands|100\/100\n|-activate|p1a: Iron Hands|move: Sticky Web\n|-unboost|p1a: Iron Hands|spe|1\n|-activate|p1a: Iron Hands|ability: Quark Drive\n|-start|p1a: Iron Hands|quarkdriveatk\n|move|p2a: Big Boy|Fake Out|p1a: Iron Hands\n|-damage|p1a: Iron Hands|88\/100\n|\n|upkeep\n|turn|10\n|\n|t:|1700007842\n|move|p1a: Iron Hands|Fake Out|p2a: Big Boy\n|-damage|p2a: Big Boy|88\/100\n|cant|p2a: Big Boy|flinch\n|\n|upkeep\n|turn|11\n|\n|t:|1700007849\n|move|p2a: Big Boy|Brick Break|p1a: Iron Hands\n|-damage|p1a: Iron Hands|50\/100\n|move|p1a: Iron Hands|Earthquake|p2a: Big Boy\n|-supereffective|p2a: Big Boy\n|-damage|p2a: Big Boy|26\/100\n|\n|upkeep\n|turn|12\n|\n|t:|1700007857\n|move|p2a: Big Boy|Brick Break|p1a: Iron Hands\n|-damage|p1a: Iron Hands|10\/100\n|move|p1a: Iron Hands|Earthquake|p2a: Big Boy\n|-supereffective|p2a: Big Boy\n|-damage|p2a: Big Boy|0 fnt\n|faint|p2a: Big Boy\n|-end|p2a: Big Boy|Quark Drive|[silent]\n|\n|-fieldend|move: Electric Terrain\n|-end|p1a: Iron Hands|Quark Drive\n|upkeep\n|\n|t:|1700007863\n|switch|p2a: Ice Cat|Chien-Pao|100\/100\n|-ability|p2a: Ice Cat|Sword of Ruin\n|turn|13\n|\n|t:|1700007870\n|move|p2a: Ice Cat|Ice Spinner|p1a: Iron Hands\n|-damage|p1a: Iron Hands|0 fnt\n|faint|p1a: Iron Hands\n|-end|p1a: Iron Hands|Quark Drive|[silent]\n|\n|upkeep\n|\n|t:|1700007883\n|switch|p1a: Iron Bundle|Iron Bundle|100\/100\n|-activate|p1a: Iron Bundle|move: Sticky Web\n|-unboost|p1a: Iron Bundle|spe|1\n|turn|14\n|\n|t:|1700007892\n|move|p2a: Ice Cat|Swords Dance|p2a: Ice Cat\n|-boost|p2a: Ice Cat|atk|2\n|move|p1a: Iron Bundle|Snowscape|p1a: Iron Bundle\n|-weather|Snow\n|\n|-weather|Snow|[upkeep]\n|upkeep\n|turn|15\n|\n|t:|1700007900\n|move|p2a: Ice Cat|Swords Dance|p2a: Ice Cat\n|-boost|p2a: Ice Cat|atk|2\n|move|p1a: Iron Bundle|Aurora Veil|p1a: Iron Bundle\n|-sidestart|p1: Azie Zar'nia|move: Aurora Veil\n|\n|-weather|Snow|[upkeep]\n|upkeep\n|turn|16\n|\n|t:|1700007909\n|move|p2a: Ice Cat|Swords Dance|p2a: Ice Cat\n|-boost|p2a: Ice Cat|atk|2\n|move|p1a: Iron Bundle|Blizzard|p2a: Ice Cat\n|-resisted|p2a: Ice Cat\n|-damage|p2a: Ice Cat|41\/100\n|-damage|p1a: Iron Bundle|91\/100|[from] item: Life Orb\n|\n|-weather|Snow|[upkeep]\n|upkeep\n|turn|17\n|\n|t:|1700007917\n|move|p2a: Ice Cat|Sacred Sword|p1a: Iron Bundle\n|-supereffective|p1a: Iron Bundle\n|-damage|p1a: Iron Bundle|0 fnt\n|faint|p1a: Iron Bundle\n|-end|p1a: Iron Bundle|Quark Drive|[silent]\n|\n|-weather|Snow|[upkeep]\n|upkeep\n|\n|t:|1700007923\n|switch|p1a: Iron Leaves|Iron Leaves|100\/100\n|-activate|p1a: Iron Leaves|move: Sticky Web\n|-unboost|p1a: Iron Leaves|spe|1\n|turn|18\n|\n|t:|1700007932\n|-terastallize|p2a: Ice Cat|Dark\n|move|p2a: Ice Cat|Sucker Punch|p1a: Iron Leaves\n|-supereffective|p1a: Iron Leaves\n|-damage|p1a: Iron Leaves|0 fnt\n|faint|p1a: Iron Leaves\n|-end|p1a: Iron Leaves|Quark Drive|[silent]\n|\n|-weather|none\n|upkeep\n|\n|t:|1700007939\n|switch|p1a: Miraidon|Miraidon|4\/100\n|-activate|p1a: Miraidon|move: Sticky Web\n|-unboost|p1a: Miraidon|spe|1\n|-fieldstart|move: Electric Terrain|[from] ability: Hadron Engine|[of] p1a: Miraidon\n|turn|19\n|\n|t:|1700007946\n|move|p1a: Miraidon|Protect|p1a: Miraidon\n|-singleturn|p1a: Miraidon|Protect\n|move|p2a: Ice Cat|Sucker Punch||[still]\n|-fail|p2a: Ice Cat\n|\n|-sideend|p1: Azie Zar'nia|move: Aurora Veil\n|upkeep\n|turn|20\n|\n|t:|1700007953\n|move|p2a: Ice Cat|Ice Spinner|p1a: Miraidon\n|-supereffective|p1a: Miraidon\n|-damage|p1a: Miraidon|0 fnt\n|-fieldend|move: Electric Terrain\n|faint|p1a: Miraidon\n|\n|win|Anne Frankkkk\n|raw|Azie Zar&apos;nia's rating: 1063 &rarr; <strong>1051<\/strong><br \/>(-12 for losing)\n|raw|Anne Frankkkk's rating: 1201 &rarr; <strong>1217<\/strong><br \/>(+16 for winning)\n","uploadtime":1700007960,"views":6,"p1id":"aziezarnia","p2id":"annefrankkkk","formatid":"gen9ubers","rating":1051,"private":0,"password":""}