{"id":"gen9ubers-1976131808","p1":"Orokamo_Kaito","p2":"aDestructive","format":"[Gen 9] Ubers","log":"|j|\u2606Orokamo_Kaito\n|j|\u2606aDestructive\n|t:|1698266425\n|gametype|singles\n|player|p1|Orokamo_Kaito|ballguy|1154\n|player|p2|aDestructive|1|1185\n|teamsize|p1|6\n|teamsize|p2|6\n|gen|9\n|tier|[Gen 9] Ubers\n|rated|\n|rule|Sleep Clause Mod: Limit one foe put to sleep\n|rule|Species Clause: Limit one of each Pok\u00e9mon\n|rule|OHKO Clause: OHKO moves are banned\n|rule|Evasion Items Clause: Evasion items are banned\n|rule|Evasion Moves Clause: Evasion moves are banned\n|rule|Endless Battle Clause: Forcing endless battles is banned\n|rule|HP Percentage Mod: HP is shown in percentages\n|clearpoke\n|poke|p1|Miraidon|\n|poke|p1|Iron Bundle|\n|poke|p1|Iron Valiant|\n|poke|p1|Iron Treads|\n|poke|p1|Iron Hands|\n|poke|p1|Iron Jugulis|\n|poke|p2|Ribombee, F|\n|poke|p2|Koraidon|\n|poke|p2|Iron Moth|\n|poke|p2|Annihilape, M|\n|poke|p2|Landorus, M|\n|poke|p2|Brute Bonnet|\n|teampreview\n|\n|t:|1698266467\n|start\n|switch|p1a: Iron Treads|Iron Treads|100\/100\n|switch|p2a: Koraidon|Koraidon|100\/100\n|-weather|SunnyDay|[from] ability: Orichalcum Pulse|[of] p2a: Koraidon\n|-activate|p2a: Koraidon|Orichalcum Pulse|[source]\n|turn|1\n|\n|t:|1698266492\n|-end|p1a: Iron Treads|Quark Drive|[silent]\n|switch|p1a: Iron Hands|Iron Hands|100\/100\n|move|p2a: Koraidon|Collision Course|p1a: Iron Hands\n|-damage|p1a: Iron Hands|75\/100\n|\n|-weather|SunnyDay|[upkeep]\n|-heal|p1a: Iron Hands|81\/100|[from] item: Leftovers\n|upkeep\n|turn|2\n|\n|t:|1698266505\n|switch|p2a: Landorus|Landorus, M|100\/100\n|move|p1a: Iron Hands|Drain Punch|p2a: Landorus\n|-resisted|p2a: Landorus\n|-damage|p2a: Landorus|80\/100\n|-heal|p1a: Iron Hands|87\/100|[from] drain|[of] p2a: Landorus\n|\n|-weather|SunnyDay|[upkeep]\n|-heal|p1a: Iron Hands|93\/100|[from] item: Leftovers\n|upkeep\n|turn|3\n|\n|t:|1698266518\n|switch|p2a: Brute Bonnet|Brute Bonnet|100\/100\n|-activate|p2a: Brute Bonnet|ability: Protosynthesis\n|-start|p2a: Brute Bonnet|protosynthesisspd\n|-end|p1a: Iron Hands|Quark Drive|[silent]\n|switch|p1a: Iron Jugulis|Iron Jugulis|100\/100\n|\n|-weather|SunnyDay|[upkeep]\n|upkeep\n|turn|4\n|inactive|Battle timer is ON: inactive players will automatically lose when time's up. (requested by aDestructive)\n|\n|t:|1698266544\n|move|p1a: Iron Jugulis|Flamethrower|p2a: Brute Bonnet\n|-supereffective|p2a: Brute Bonnet\n|-damage|p2a: Brute Bonnet|36\/100\n|-damage|p1a: Iron Jugulis|91\/100|[from] item: Life Orb\n|move|p2a: Brute Bonnet|Spore|p1a: Iron Jugulis\n|-status|p1a: Iron Jugulis|slp|[from] move: Spore\n|\n|-weather|SunnyDay|[upkeep]\n|upkeep\n|turn|5\n|\n|t:|1698266555\n|-end|p1a: Iron Jugulis|Quark Drive|[silent]\n|switch|p1a: Miraidon|Miraidon|100\/100\n|-fieldstart|move: Electric Terrain|[from] ability: Hadron Engine|[of] p1a: Miraidon\n|-end|p2a: Brute Bonnet|Protosynthesis|[silent]\n|switch|p2a: Koraidon|Koraidon|100\/100\n|-activate|p2a: Koraidon|ability: Orichalcum Pulse\n|\n|-weather|none\n|upkeep\n|turn|6\n|\n|t:|1698266580\n|switch|p2a: Iron Moth|Iron Moth|100\/100\n|-activate|p2a: Iron Moth|ability: Quark Drive\n|-start|p2a: Iron Moth|quarkdrivespa\n|-item|p2a: Iron Moth|Air Balloon\n|move|p1a: Miraidon|Draco Meteor|p2a: Iron Moth\n|-damage|p2a: Iron Moth|10\/100\n|-unboost|p1a: Miraidon|spa|2\n|-enditem|p2a: Iron Moth|Air Balloon\n|\n|upkeep\n|turn|7\n|\n|t:|1698266593\n|move|p1a: Miraidon|Volt Switch|p2a: Iron Moth\n|-damage|p2a: Iron Moth|0 fnt\n|faint|p2a: Iron Moth\n|-end|p2a: Iron Moth|Quark Drive|[silent]\n|inactive|Orokamo_Kaito has 120 seconds left.\n|\n|t:|1698266615\n|switch|p1a: Iron Bundle|Iron Bundle|100\/100|[from] Volt Switch\n|-activate|p1a: Iron Bundle|ability: Quark Drive\n|-start|p1a: Iron Bundle|quarkdrivespe\n|\n|upkeep\n|\n|t:|1698266637\n|switch|p2a: Koraidon|Koraidon|100\/100\n|-weather|SunnyDay|[from] ability: Orichalcum Pulse|[of] p2a: Koraidon\n|-activate|p2a: Koraidon|Orichalcum Pulse|[source]\n|turn|8\n|inactive|Orokamo_Kaito has 120 seconds left.\n|\n|t:|1698266647\n|move|p1a: Iron Bundle|Ice Beam|p2a: Koraidon\n|-supereffective|p2a: Koraidon\n|-damage|p2a: Koraidon|0 fnt\n|faint|p2a: Koraidon\n|\n|-weather|SunnyDay|[upkeep]\n|upkeep\n|\n|t:|1698266651\n|switch|p2a: Ribombee|Ribombee, F|100\/100\n|turn|9\n|\n|t:|1698266657\n|-end|p1a: Iron Bundle|Quark Drive|[silent]\n|switch|p1a: Iron Treads|Iron Treads|100\/100\n|-activate|p1a: Iron Treads|ability: Quark Drive\n|-start|p1a: Iron Treads|quarkdrivespd\n|move|p2a: Ribombee|Sticky Web|p1a: Iron Treads\n|-sidestart|p1: Orokamo_Kaito|move: Sticky Web\n|\n|-weather|SunnyDay|[upkeep]\n|-fieldend|move: Electric Terrain\n|-end|p1a: Iron Treads|Quark Drive\n|upkeep\n|turn|10\n|\n|t:|1698266676\n|move|p2a: Ribombee|Psychic|p1a: Iron Treads\n|-resisted|p1a: Iron Treads\n|-damage|p1a: Iron Treads|94\/100\n|move|p1a: Iron Treads|Rapid Spin|p2a: Ribombee\n|-damage|p2a: Ribombee|74\/100\n|-boost|p1a: Iron Treads|spe|1\n|-sideend|p1: Orokamo_Kaito|Sticky Web|[from] move: Rapid Spin|[of] p1a: Iron Treads\n|\n|-weather|SunnyDay|[upkeep]\n|upkeep\n|turn|11\n|\n|t:|1698266689\n|move|p2a: Ribombee|Sticky Web|p1a: Iron Treads\n|-sidestart|p1: Orokamo_Kaito|move: Sticky Web\n|move|p1a: Iron Treads|Iron Head|p2a: Ribombee\n|-supereffective|p2a: Ribombee\n|-crit|p2a: Ribombee\n|-damage|p2a: Ribombee|0 fnt\n|faint|p2a: Ribombee\n|\n|-weather|SunnyDay|[upkeep]\n|upkeep\n|\n|t:|1698266693\n|switch|p2a: Annihilape|Annihilape, M, shiny|100\/100\n|turn|12\n|\n|t:|1698266708\n|-end|p1a: Iron Treads|Quark Drive|[silent]\n|switch|p1a: Iron Valiant|Iron Valiant|100\/100\n|-activate|p1a: Iron Valiant|move: Sticky Web\n|-unboost|p1a: Iron Valiant|spe|1\n|move|p2a: Annihilape|Drain Punch|p1a: Iron Valiant\n|-resisted|p1a: Iron Valiant\n|-damage|p1a: Iron Valiant|78\/100\n|\n|-weather|none\n|upkeep\n|turn|13\n|\n|t:|1698266719\n|switch|p2a: Landorus|Landorus, M|80\/100\n|move|p1a: Iron Valiant|Psycho Cut|p2a: Landorus\n|-damage|p2a: Landorus|52\/100\n|\n|upkeep\n|turn|14\n|\n|t:|1698266742\n|-end|p1a: Iron Valiant|Quark Drive|[silent]\n|switch|p1a: Miraidon|Miraidon|100\/100\n|-fieldstart|move: Electric Terrain|[from] ability: Hadron Engine|[of] p1a: Miraidon\n|-terastallize|p2a: Landorus|Psychic\n|move|p2a: Landorus|Extrasensory|p1a: Miraidon\n|-damage|p1a: Miraidon|57\/100\n|\n|upkeep\n|turn|15\n|\n|t:|1698266748\n|switch|p1a: Iron Valiant|Iron Valiant|78\/100\n|-activate|p1a: Iron Valiant|move: Sticky Web\n|-unboost|p1a: Iron Valiant|spe|1\n|-activate|p1a: Iron Valiant|ability: Quark Drive\n|-start|p1a: Iron Valiant|quarkdriveatk\n|move|p2a: Landorus|Extrasensory|p1a: Iron Valiant\n|-supereffective|p1a: Iron Valiant\n|-crit|p1a: Iron Valiant\n|-damage|p1a: Iron Valiant|0 fnt\n|faint|p1a: Iron Valiant\n|-end|p1a: Iron Valiant|Quark Drive|[silent]\n|\n|upkeep\n|c|\u2606Orokamo_Kaito|What\n|c|\u2606Orokamo_Kaito|Hey\n|inactive|Orokamo_Kaito has 120 seconds left.\n|c|\u2606aDestructive|lol\n|c|\u2606Orokamo_Kaito|I didnt pressed anything\n|c|\u2606Orokamo_Kaito|wtf\n|c|\u2606aDestructive|sux\n|\n|t:|1698266794\n|switch|p1a: Iron Bundle|Iron Bundle|100\/100\n|-activate|p1a: Iron Bundle|move: Sticky Web\n|-unboost|p1a: Iron Bundle|spe|1\n|-activate|p1a: Iron Bundle|ability: Quark Drive\n|-start|p1a: Iron Bundle|quarkdrivespa\n|turn|16\n|\n|t:|1698266809\n|switch|p2a: Brute Bonnet|Brute Bonnet|36\/100\n|move|p1a: Iron Bundle|Ice Beam|p2a: Brute Bonnet\n|-supereffective|p2a: Brute Bonnet\n|-damage|p2a: Brute Bonnet|0 fnt\n|faint|p2a: Brute Bonnet\n|-end|p2a: Brute Bonnet|Protosynthesis|[silent]\n|\n|upkeep\n|\n|t:|1698266822\n|switch|p2a: Annihilape|Annihilape, M, shiny|100\/100\n|turn|17\n|\n|t:|1698266838\n|-end|p1a: Iron Bundle|Quark Drive|[silent]\n|switch|p1a: Iron Treads|Iron Treads|94\/100\n|-activate|p1a: Iron Treads|move: Sticky Web\n|-unboost|p1a: Iron Treads|spe|1\n|-activate|p1a: Iron Treads|ability: Quark Drive\n|-start|p1a: Iron Treads|quarkdrivespd\n|move|p2a: Annihilape|Drain Punch|p1a: Iron Treads\n|-supereffective|p1a: Iron Treads\n|-damage|p1a: Iron Treads|39\/100\n|\n|upkeep\n|turn|18\n|c|\u2606Orokamo_Kaito|Welp, i did press that one.\n|inactive|Orokamo_Kaito has 90 seconds left.\n|\n|t:|1698266863\n|-terastallize|p1a: Iron Treads|Fairy\n|move|p2a: Annihilape|Drain Punch|p1a: Iron Treads\n|-resisted|p1a: Iron Treads\n|-damage|p1a: Iron Treads|24\/100\n|move|p1a: Iron Treads|Rapid Spin|p2a: Annihilape\n|-immune|p2a: Annihilape\n|\n|-fieldend|move: Electric Terrain\n|-end|p1a: Iron Treads|Quark Drive\n|upkeep\n|turn|19\n|c|\u2606aDestructive|last two pokemon i have are just supporting bulk so it's whatever lol\n|inactive|Orokamo_Kaito has 90 seconds left.\n|c|\u2606Orokamo_Kaito|...\n|c|\u2606Orokamo_Kaito|uhhh\n|\n|t:|1698266895\n|-end|p1a: Iron Treads|Quark Drive|[silent]\n|switch|p1a: Miraidon|Miraidon|57\/100\n|-fieldstart|move: Electric Terrain|[from] ability: Hadron Engine|[of] p1a: Miraidon\n|move|p2a: Annihilape|Drain Punch|p1a: Miraidon\n|-damage|p1a: Miraidon|23\/100\n|\n|upkeep\n|turn|20\n|\n|t:|1698266903\n|move|p2a: Annihilape|Drain Punch|p1a: Miraidon\n|-damage|p1a: Miraidon|0 fnt\n|faint|p1a: Miraidon\n|\n|upkeep\n|\n|t:|1698266918\n|switch|p1a: Iron Hands|Iron Hands|93\/100\n|-activate|p1a: Iron Hands|move: Sticky Web\n|-unboost|p1a: Iron Hands|spe|1\n|-activate|p1a: Iron Hands|ability: Quark Drive\n|-start|p1a: Iron Hands|quarkdrivedef\n|turn|21\n|\n|t:|1698266925\n|switch|p2a: Landorus|Landorus, M, tera:Psychic|52\/100\n|move|p1a: Iron Hands|Ice Punch|p2a: Landorus\n|-damage|p2a: Landorus|23\/100\n|\n|-heal|p1a: Iron Hands|99\/100|[from] item: Leftovers\n|upkeep\n|turn|22\n|\n|t:|1698266935\n|move|p2a: Landorus|Extrasensory|p1a: Iron Hands\n|-supereffective|p1a: Iron Hands\n|-damage|p1a: Iron Hands|13\/100\n|move|p1a: Iron Hands|Ice Punch|p2a: Landorus\n|-damage|p2a: Landorus|0 fnt\n|faint|p2a: Landorus\n|\n|-heal|p1a: Iron Hands|19\/100|[from] item: Leftovers\n|upkeep\n|\n|t:|1698266937\n|switch|p2a: Annihilape|Annihilape, M, shiny|100\/100\n|turn|23\n|inactive|Orokamo_Kaito has 90 seconds left.\n|\n|t:|1698266947\n|move|p2a: Annihilape|Drain Punch|p1a: Iron Hands\n|-damage|p1a: Iron Hands|5\/100\n|move|p1a: Iron Hands|Ice Punch|p2a: Annihilape\n|-damage|p2a: Annihilape|72\/100\n|\n|-heal|p1a: Iron Hands|11\/100|[from] item: Leftovers\n|-fieldend|move: Electric Terrain\n|-end|p1a: Iron Hands|Quark Drive\n|upkeep\n|turn|24\n|inactive|Orokamo_Kaito has 90 seconds left.\n|\n|t:|1698266958\n|move|p2a: Annihilape|Drain Punch|p1a: Iron Hands\n|-damage|p1a: Iron Hands|0 fnt\n|-heal|p2a: Annihilape|80\/100|[from] drain|[of] p1a: Iron Hands\n|faint|p1a: Iron Hands\n|-end|p1a: Iron Hands|Quark Drive|[silent]\n|\n|upkeep\n|inactive|Orokamo_Kaito has 90 seconds left.\n|\n|t:|1698266964\n|switch|p1a: Iron Jugulis|Iron Jugulis|91\/100 slp\n|turn|25\n|\n|t:|1698266969\n|move|p2a: Annihilape|Drain Punch|p1a: Iron Jugulis\n|-damage|p1a: Iron Jugulis|49\/100 slp\n|-heal|p2a: Annihilape|99\/100|[from] drain|[of] p1a: Iron Jugulis\n|cant|p1a: Iron Jugulis|slp\n|\n|upkeep\n|turn|26\n|\n|t:|1698266976\n|move|p2a: Annihilape|Drain Punch|p1a: Iron Jugulis\n|-damage|p1a: Iron Jugulis|7\/100 slp\n|-heal|p2a: Annihilape|100\/100|[from] drain|[of] p1a: Iron Jugulis\n|cant|p1a: Iron Jugulis|slp\n|\n|upkeep\n|turn|27\n|\n|t:|1698266984\n|move|p2a: Annihilape|Drain Punch|p1a: Iron Jugulis\n|-damage|p1a: Iron Jugulis|0 fnt\n|faint|p1a: Iron Jugulis\n|-end|p1a: Iron Jugulis|Quark Drive|[silent]\n|\n|upkeep\n|c|\u2606Orokamo_Kaito|gg\n|c|\u2606Orokamo_Kaito|that web really ruined me\n|c|\u2606aDestructive|i was choice\n|c|\u2606Orokamo_Kaito|And my dumb tera\n|inactive|Orokamo_Kaito has 90 seconds left.\n|c|\u2606Orokamo_Kaito|Yeah, i noticed.\n|c|\u2606aDestructive|lol\n|\n|t:|1698267027\n|switch|p1a: Iron Bundle|Iron Bundle|100\/100\n|-activate|p1a: Iron Bundle|move: Sticky Web\n|-unboost|p1a: Iron Bundle|spe|1\n|turn|28\n|\n|t:|1698267036\n|move|p2a: Annihilape|Drain Punch|p1a: Iron Bundle\n|-supereffective|p1a: Iron Bundle\n|-damage|p1a: Iron Bundle|20\/100\n|move|p1a: Iron Bundle|Hydro Pump|p2a: Annihilape\n|-damage|p2a: Annihilape|10\/100\n|\n|upkeep\n|turn|29\n|c|\u2606aDestructive|holy\n|\n|t:|1698267044\n|move|p2a: Annihilape|Drain Punch|p1a: Iron Bundle\n|-supereffective|p1a: Iron Bundle\n|-damage|p1a: Iron Bundle|0 fnt\n|-heal|p2a: Annihilape|17\/100|[from] drain|[of] p1a: Iron Bundle\n|faint|p1a: Iron Bundle\n|-end|p1a: Iron Bundle|Quark Drive|[silent]\n|\n|upkeep\n|c|\u2606aDestructive|i lost\n|c|\u2606aDestructive|just because i don't have any help\n|c|\u2606aDestructive|health\n|\n|t:|1698267051\n|switch|p1a: Iron Treads|Iron Treads, tera:Fairy|24\/100\n|-activate|p1a: Iron Treads|move: Sticky Web\n|-unboost|p1a: Iron Treads|spe|1\n|turn|30\n|inactive|Orokamo_Kaito has 90 seconds left.\n|c|\u2606Orokamo_Kaito|Oh hey\n|c|\u2606aDestructive|ggs\n|c|\u2606Orokamo_Kaito|Maybe that wasnt as dumb of a tera as i thought\n|c|\u2606Orokamo_Kaito|gg\n|\n|t:|1698267075\n|move|p2a: Annihilape|Drain Punch|p1a: Iron Treads\n|-resisted|p1a: Iron Treads\n|-damage|p1a: Iron Treads|11\/100\n|-heal|p2a: Annihilape|24\/100|[from] drain|[of] p1a: Iron Treads\n|move|p1a: Iron Treads|Earthquake|p2a: Annihilape\n|-damage|p2a: Annihilape|0 fnt\n|faint|p2a: Annihilape\n|\n|win|Orokamo_Kaito\n|raw|Orokamo_Kaito's rating: 1154 &rarr; <strong>1181<\/strong><br \/>(+27 for winning)\n|raw|aDestructive's rating: 1185 &rarr; <strong>1158<\/strong><br \/>(-27 for losing)\n|c|\u2606aDestructive|i wish that would've missed lowkey\n","uploadtime":1698267081,"views":8,"p1id":"orokamokaito","p2id":"adestructive","formatid":"gen9ubers","rating":1158,"private":0,"password":""}