{"id":"gen9ubers-1982701529","p1":"Bramhakamalam","p2":"Anne Frankkkk","format":"[Gen 9] Ubers","log":"|j|\u2606Bramhakamalam\n|j|\u2606Anne Frankkkk\n|t:|1699037044\n|gametype|singles\n|player|p1|Bramhakamalam|parasollady|1231\n|player|p2|Anne Frankkkk|hilbert|1231\n|teamsize|p1|6\n|teamsize|p2|6\n|gen|9\n|tier|[Gen 9] Ubers\n|rated|\n|rule|Sleep Clause Mod: Limit one foe put to sleep\n|rule|Species Clause: Limit one of each Pok\u00e9mon\n|rule|OHKO Clause: OHKO moves are banned\n|rule|Evasion Items Clause: Evasion items are banned\n|rule|Evasion Moves Clause: Evasion moves are banned\n|rule|Endless Battle Clause: Forcing endless battles is banned\n|rule|HP Percentage Mod: HP is shown in percentages\n|clearpoke\n|poke|p1|Tyranitar, F|\n|poke|p1|Volcarona, F|\n|poke|p1|Hydreigon, M|\n|poke|p1|Ursaluna-Bloodmoon, M|\n|poke|p1|Baxcalibur, F|\n|poke|p1|Landorus, M|\n|poke|p2|Iron Hands|\n|poke|p2|Kyogre|\n|poke|p2|Chien-Pao|\n|poke|p2|Ribombee, M|\n|poke|p2|Miraidon|\n|poke|p2|Flutter Mane|\n|teampreview\n|inactive|Battle timer is ON: inactive players will automatically lose when time's up. (requested by Anne Frankkkk)\n|\n|t:|1699037056\n|start\n|switch|p1a: Baxcalibur|Baxcalibur, F|100\/100\n|switch|p2a: Moonblast|Ribombee, M, shiny|100\/100\n|turn|1\n|\n|t:|1699037062\n|move|p2a: Moonblast|Sticky Web|p1a: Baxcalibur\n|-sidestart|p1: Bramhakamalam|move: Sticky Web\n|move|p1a: Baxcalibur|Dragon Dance|p1a: Baxcalibur\n|-boost|p1a: Baxcalibur|atk|1\n|-boost|p1a: Baxcalibur|spe|1\n|\n|upkeep\n|turn|2\n|\n|t:|1699037066\n|move|p1a: Baxcalibur|Icicle Spear|p2a: Moonblast\n|-damage|p2a: Moonblast|56\/100\n|-damage|p2a: Moonblast|12\/100\n|-hitcount|p2a: Moonblast|2\n|move|p2a: Moonblast|Stun Spore|p1a: Baxcalibur\n|-status|p1a: Baxcalibur|par\n|\n|upkeep\n|turn|3\n|\n|t:|1699037072\n|cant|p1a: Baxcalibur|par\n|move|p2a: Moonblast|Moonblast|p1a: Baxcalibur\n|-supereffective|p1a: Baxcalibur\n|-damage|p1a: Baxcalibur|23\/100 par\n|-unboost|p1a: Baxcalibur|spa|1\n|\n|-heal|p1a: Baxcalibur|29\/100 par|[from] item: Leftovers\n|upkeep\n|turn|4\n|\n|t:|1699037076\n|move|p1a: Baxcalibur|Ice Shard|p2a: Moonblast\n|-damage|p2a: Moonblast|0 fnt\n|faint|p2a: Moonblast\n|\n|-heal|p1a: Baxcalibur|35\/100 par|[from] item: Leftovers\n|upkeep\n|\n|t:|1699037081\n|switch|p2a: Big Boy|Iron Hands, shiny|100\/100\n|turn|5\n|\n|t:|1699037083\n|move|p2a: Big Boy|Fake Out|p1a: Baxcalibur\n|-damage|p1a: Baxcalibur|20\/100 par\n|cant|p1a: Baxcalibur|flinch\n|\n|-heal|p1a: Baxcalibur|26\/100 par|[from] item: Leftovers\n|upkeep\n|turn|6\n|\n|t:|1699037087\n|cant|p1a: Baxcalibur|par\n|move|p2a: Big Boy|Drain Punch|p1a: Baxcalibur\n|-supereffective|p1a: Baxcalibur\n|-crit|p1a: Baxcalibur\n|-damage|p1a: Baxcalibur|0 fnt\n|faint|p1a: Baxcalibur\n|\n|upkeep\n|\n|t:|1699037095\n|switch|p1a: Landorus|Landorus, M|100\/100\n|turn|7\n|\n|t:|1699037100\n|-end|p2a: Big Boy|Quark Drive|[silent]\n|switch|p2a: Cyber Lizard|Miraidon|100\/100\n|-fieldstart|move: Electric Terrain|[from] ability: Hadron Engine|[of] p2a: Cyber Lizard\n|-item|p2a: Cyber Lizard|Air Balloon\n|move|p1a: Landorus|Earth Power|p2a: Cyber Lizard\n|-immune|p2a: Cyber Lizard\n|\n|upkeep\n|turn|8\n|\n|t:|1699037113\n|move|p2a: Cyber Lizard|Calm Mind|p2a: Cyber Lizard\n|-boost|p2a: Cyber Lizard|spa|1\n|-boost|p2a: Cyber Lizard|spd|1\n|move|p1a: Landorus|Sludge Bomb|p2a: Cyber Lizard\n|-damage|p2a: Cyber Lizard|74\/100\n|-enditem|p2a: Cyber Lizard|Air Balloon\n|\n|upkeep\n|turn|9\n|\n|t:|1699037120\n|move|p2a: Cyber Lizard|Dragon Pulse|p1a: Landorus\n|-damage|p1a: Landorus|0 fnt\n|faint|p1a: Landorus\n|\n|upkeep\n|\n|t:|1699037124\n|switch|p1a: Tyranitar|Tyranitar, F|100\/100\n|-activate|p1a: Tyranitar|move: Sticky Web\n|-unboost|p1a: Tyranitar|spe|1\n|-weather|Sandstorm|[from] ability: Sand Stream|[of] p1a: Tyranitar\n|turn|10\n|j| kindsofsongs\n|\n|t:|1699037130\n|move|p2a: Cyber Lizard|Electro Drift|p1a: Tyranitar\n|-damage|p1a: Tyranitar|10\/100\n|move|p1a: Tyranitar|Dragon Tail|p2a: Cyber Lizard\n|-supereffective|p2a: Cyber Lizard\n|-damage|p2a: Cyber Lizard|25\/100\n|drag|p2a: Ice Cat|Chien-Pao|100\/100\n|-ability|p2a: Ice Cat|Sword of Ruin\n|\n|-weather|Sandstorm|[upkeep]\n|-damage|p2a: Ice Cat|95\/100|[from] Sandstorm\n|-heal|p1a: Tyranitar|16\/100|[from] item: Leftovers\n|upkeep\n|turn|11\n|\n|t:|1699037143\n|move|p2a: Ice Cat|Ice Spinner|p1a: Tyranitar\n|-damage|p1a: Tyranitar|0 fnt\n|-fieldend|move: Electric Terrain\n|faint|p1a: Tyranitar\n|-damage|p2a: Ice Cat|85\/100|[from] item: Life Orb\n|\n|-weather|Sandstorm|[upkeep]\n|-damage|p2a: Ice Cat|79\/100|[from] Sandstorm\n|upkeep\n|l| kindsofsongs\n|\n|t:|1699037158\n|switch|p1a: Ursaluna|Ursaluna-Bloodmoon, M|100\/100\n|-activate|p1a: Ursaluna|move: Sticky Web\n|-unboost|p1a: Ursaluna|spe|1\n|turn|12\n|\n|t:|1699037164\n|move|p2a: Ice Cat|Ice Spinner|p1a: Ursaluna\n|-supereffective|p1a: Ursaluna\n|-damage|p1a: Ursaluna|24\/100\n|-damage|p2a: Ice Cat|69\/100|[from] item: Life Orb\n|move|p1a: Ursaluna|Earth Power|p2a: Ice Cat\n|-damage|p2a: Ice Cat|2\/100\n|\n|-weather|Sandstorm|[upkeep]\n|-damage|p2a: Ice Cat|0 fnt|[from] Sandstorm\n|faint|p2a: Ice Cat\n|-heal|p1a: Ursaluna|30\/100|[from] item: Leftovers\n|upkeep\n|\n|t:|1699037174\n|switch|p2a: OHKO|Kyogre|100\/100\n|-weather|RainDance|[from] ability: Drizzle|[of] p2a: OHKO\n|turn|13\n|\n|t:|1699037179\n|move|p2a: OHKO|Water Spout|p1a: Ursaluna\n|-supereffective|p1a: Ursaluna\n|-damage|p1a: Ursaluna|0 fnt\n|faint|p1a: Ursaluna\n|\n|-weather|RainDance|[upkeep]\n|upkeep\n|\n|t:|1699037182\n|switch|p1a: Hydreigon|Hydreigon, M|100\/100\n|turn|14\n|\n|t:|1699037186\n|switch|p2a: Big Boy|Iron Hands, shiny|100\/100\n|move|p1a: Hydreigon|Draco Meteor|p2a: Big Boy\n|-damage|p2a: Big Boy|58\/100\n|-unboost|p1a: Hydreigon|spa|2\n|\n|-weather|RainDance|[upkeep]\n|upkeep\n|turn|15\n|-message|Bramhakamalam forfeited.\n|\n|win|Anne Frankkkk\n|raw|Bramhakamalam's rating: 1231 &rarr; <strong>1206<\/strong><br \/>(-25 for losing)\n|raw|Anne Frankkkk's rating: 1231 &rarr; <strong>1256<\/strong><br \/>(+25 for winning)\n|l|\u2606Bramhakamalam\n","uploadtime":1699037199,"views":5,"p1id":"bramhakamalam","p2id":"annefrankkkk","formatid":"gen9ubers","rating":1206,"private":0,"password":""}