{"id":"gen9ubers-1983483965","p1":"natorsa","p2":"matorsa","format":"[Gen 9] Ubers","log":"|j|\u2606natorsa\n|j|\u2606matorsa\n|t:|1699135048\n|gametype|singles\n|player|p1|natorsa|1|\n|player|p2|matorsa|102|\n|teamsize|p1|6\n|teamsize|p2|6\n|gen|9\n|tier|[Gen 9] Ubers\n|rule|Sleep Clause Mod: Limit one foe put to sleep\n|rule|Species Clause: Limit one of each Pok\u00e9mon\n|rule|OHKO Clause: OHKO moves are banned\n|rule|Evasion Items Clause: Evasion items are banned\n|rule|Evasion Moves Clause: Evasion moves are banned\n|rule|Endless Battle Clause: Forcing endless battles is banned\n|rule|HP Percentage Mod: HP is shown in percentages\n|clearpoke\n|poke|p1|Dipplin, M|\n|poke|p1|Vikavolt, F|\n|poke|p1|Poliwrath, M|\n|poke|p1|Arcanine, F|\n|poke|p1|Golem, F|\n|poke|p1|Staraptor, F|\n|poke|p2|Skeledirge, F|\n|poke|p2|Tinkaton, F|\n|poke|p2|Toedscruel, M|\n|poke|p2|Dondozo, M|\n|poke|p2|Bellibolt, F|\n|poke|p2|Flamigo, M|\n|teampreview\n|\n|t:|1699135058\n|start\n|switch|p1a: Vikavolt|Vikavolt, F|100\/100\n|switch|p2a: Dondozo|Dondozo, M|100\/100\n|turn|1\n|\n|t:|1699135070\n|switch|p2a: Toedscruel|Toedscruel, M|100\/100\n|move|p1a: Vikavolt|Thunderbolt|p2a: Toedscruel\n|-immune|p2a: Toedscruel\n|\n|upkeep\n|turn|2\n|\n|t:|1699135096\n|switch|p2a: Bellibolt|Bellibolt, F|100\/100\n|switch|p1a: Staraptor|Staraptor, F|100\/100\n|\n|upkeep\n|turn|3\n|\n|t:|1699135141\n|move|p1a: Staraptor|Double-Edge|p2a: Bellibolt\n|-damage|p2a: Bellibolt|23\/100\n|-start|p2a: Bellibolt|Charge|Double-Edge|[from] ability: Electromorphosis\n|-enditem|p2a: Bellibolt|Sitrus Berry|[eat]\n|-heal|p2a: Bellibolt|48\/100|[from] item: Sitrus Berry\n|-damage|p1a: Staraptor|66\/100|[from] Recoil\n|-damage|p1a: Staraptor|56\/100|[from] item: Life Orb\n|move|p2a: Bellibolt|Hyper Voice|p1a: Staraptor\n|-damage|p1a: Staraptor|11\/100\n|\n|upkeep\n|turn|4\n|\n|t:|1699135163\n|switch|p2a: Tinkaton|Tinkaton, F|100\/100\n|-ability|p2a: Tinkaton|Mold Breaker\n|move|p1a: Staraptor|Double-Edge|p2a: Tinkaton\n|-resisted|p2a: Tinkaton\n|-damage|p2a: Tinkaton|53\/100\n|-damage|p1a: Staraptor|0 fnt|[from] Recoil\n|faint|p1a: Staraptor\n|\n|upkeep\n|\n|t:|1699135176\n|switch|p1a: Arcanine|Arcanine, F|100\/100\n|-ability|p1a: Arcanine|Intimidate|boost\n|-unboost|p2a: Tinkaton|atk|1\n|turn|5\n|\n|t:|1699135183\n|switch|p2a: Dondozo|Dondozo, M|100\/100\n|move|p1a: Arcanine|Extreme Speed|p2a: Dondozo\n|-damage|p2a: Dondozo|79\/100\n|-damage|p1a: Arcanine|91\/100|[from] item: Life Orb\n|\n|upkeep\n|turn|6\n|\n|t:|1699135197\n|move|p1a: Arcanine|Crunch|p2a: Dondozo\n|-damage|p2a: Dondozo|61\/100\n|-damage|p1a: Arcanine|81\/100|[from] item: Life Orb\n|move|p2a: Dondozo|Wave Crash|p1a: Arcanine\n|-supereffective|p1a: Arcanine\n|-damage|p1a: Arcanine|0 fnt\n|faint|p1a: Arcanine\n|-damage|p2a: Dondozo|44\/100|[from] Recoil\n|\n|upkeep\n|\n|t:|1699135212\n|switch|p1a: Vikavolt|Vikavolt, F|100\/100\n|turn|7\n|\n|t:|1699135218\n|move|p1a: Vikavolt|Thunderbolt|p2a: Dondozo\n|-supereffective|p2a: Dondozo\n|-damage|p2a: Dondozo|0 fnt\n|faint|p2a: Dondozo\n|-damage|p1a: Vikavolt|91\/100|[from] item: Life Orb\n|\n|upkeep\n|\n|t:|1699135224\n|switch|p2a: Skeledirge|Skeledirge, F|100\/100\n|turn|8\n|\n|t:|1699135231\n|move|p2a: Skeledirge|Torch Song|p1a: Vikavolt\n|-supereffective|p1a: Vikavolt\n|-damage|p1a: Vikavolt|0 fnt\n|-boost|p2a: Skeledirge|spa|1\n|faint|p1a: Vikavolt\n|-damage|p2a: Skeledirge|91\/100|[from] item: Life Orb\n|\n|upkeep\n|\n|t:|1699135241\n|switch|p1a: Poliwrath|Poliwrath, M|100\/100\n|turn|9\n|\n|t:|1699135249\n|move|p1a: Poliwrath|Liquidation|p2a: Skeledirge\n|-supereffective|p2a: Skeledirge\n|-damage|p2a: Skeledirge|28\/100\n|-unboost|p2a: Skeledirge|def|1\n|move|p2a: Skeledirge|Shadow Ball|p1a: Poliwrath\n|-damage|p1a: Poliwrath|26\/100\n|-enditem|p1a: Poliwrath|Sitrus Berry|[eat]\n|-heal|p1a: Poliwrath|51\/100|[from] item: Sitrus Berry\n|-damage|p2a: Skeledirge|18\/100|[from] item: Life Orb\n|\n|upkeep\n|turn|10\n|\n|t:|1699135273\n|move|p1a: Poliwrath|Earthquake|p2a: Skeledirge\n|-supereffective|p2a: Skeledirge\n|-damage|p2a: Skeledirge|0 fnt\n|faint|p2a: Skeledirge\n|\n|upkeep\n|\n|t:|1699135283\n|switch|p2a: Bellibolt|Bellibolt, F|48\/100\n|turn|11\n|\n|t:|1699135289\n|switch|p1a: Dipplin|Dipplin, M|100\/100\n|move|p2a: Bellibolt|Hyper Voice|p1a: Dipplin\n|-damage|p1a: Dipplin|69\/100\n|\n|-heal|p1a: Dipplin|75\/100|[from] item: Leftovers\n|upkeep\n|turn|12\n|\n|t:|1699135301\n|move|p2a: Bellibolt|Hyper Voice|p1a: Dipplin\n|-damage|p1a: Dipplin|43\/100\n|move|p1a: Dipplin|Dragon Pulse|p2a: Bellibolt\n|-damage|p2a: Bellibolt|13\/100\n|-start|p2a: Bellibolt|Charge|Dragon Pulse|[from] ability: Electromorphosis\n|\n|-heal|p1a: Dipplin|49\/100|[from] item: Leftovers\n|upkeep\n|turn|13\n|\n|t:|1699135314\n|move|p2a: Bellibolt|Hyper Voice|p1a: Dipplin\n|-damage|p1a: Dipplin|21\/100\n|move|p1a: Dipplin|Dragon Pulse|p2a: Bellibolt\n|-damage|p2a: Bellibolt|0 fnt\n|faint|p2a: Bellibolt\n|\n|-heal|p1a: Dipplin|27\/100|[from] item: Leftovers\n|upkeep\n|\n|t:|1699135326\n|switch|p2a: Flamigo|Flamigo, M|100\/100\n|turn|14\n|\n|t:|1699135331\n|switch|p1a: Golem|Golem, F|100\/100\n|move|p2a: Flamigo|Close Combat|p1a: Golem\n|-supereffective|p1a: Golem\n|-damage|p1a: Golem|11\/100\n|-unboost|p2a: Flamigo|def|1\n|-unboost|p2a: Flamigo|spd|1\n|\n|-heal|p1a: Golem|17\/100|[from] item: Leftovers\n|upkeep\n|turn|15\n|\n|t:|1699135346\n|move|p2a: Flamigo|Close Combat|p1a: Golem\n|-supereffective|p1a: Golem\n|-damage|p1a: Golem|0 fnt\n|-unboost|p2a: Flamigo|def|1\n|-unboost|p2a: Flamigo|spd|1\n|faint|p1a: Golem\n|\n|upkeep\n|\n|t:|1699135354\n|switch|p1a: Poliwrath|Poliwrath, M|51\/100\n|turn|16\n|\n|t:|1699135362\n|move|p2a: Flamigo|U-turn|p1a: Poliwrath\n|-resisted|p1a: Poliwrath\n|-damage|p1a: Poliwrath|41\/100\n|\n|t:|1699135369\n|switch|p2a: Tinkaton|Tinkaton, F|53\/100|[from] U-turn\n|-ability|p2a: Tinkaton|Mold Breaker\n|move|p1a: Poliwrath|Ice Punch|p2a: Tinkaton\n|-resisted|p2a: Tinkaton\n|-damage|p2a: Tinkaton|40\/100\n|-enditem|p2a: Tinkaton|Sitrus Berry|[eat]\n|-heal|p2a: Tinkaton|65\/100|[from] item: Sitrus Berry\n|\n|upkeep\n|turn|17\n|\n|t:|1699135384\n|move|p2a: Tinkaton|Play Rough|p1a: Poliwrath|[miss]\n|-miss|p2a: Tinkaton|p1a: Poliwrath\n|move|p1a: Poliwrath|Liquidation|p2a: Tinkaton\n|-damage|p2a: Tinkaton|26\/100\n|\n|upkeep\n|turn|18\n|\n|t:|1699135390\n|move|p2a: Tinkaton|Play Rough|p1a: Poliwrath\n|-supereffective|p1a: Poliwrath\n|-damage|p1a: Poliwrath|0 fnt\n|faint|p1a: Poliwrath\n|\n|upkeep\n|\n|t:|1699135393\n|switch|p1a: Dipplin|Dipplin, M|27\/100\n|turn|19\n|\n|t:|1699135400\n|move|p2a: Tinkaton|Gigaton Hammer|p1a: Dipplin\n|-damage|p1a: Dipplin|0 fnt\n|faint|p1a: Dipplin\n|\n|win|matorsa\n","uploadtime":1699135407,"views":5,"p1id":"natorsa","p2id":"matorsa","formatid":"gen9ubers","rating":0,"private":0,"password":""}