{"id":"gen9ubers-1969881751","p1":"bowsori","p2":"1P1o1s1h1e1","format":"[Gen 9] Ubers","log":"|j|\u2606bowsori\n|j|\u26061P1o1s1h1e1\n|t:|1697572789\n|gametype|singles\n|player|p1|bowsori|ruinmaniac|\n|player|p2|1P1o1s1h1e1|1|\n|teamsize|p1|6\n|teamsize|p2|6\n|gen|9\n|tier|[Gen 9] Ubers\n|rule|Sleep Clause Mod: Limit one foe put to sleep\n|rule|Species Clause: Limit one of each Pok\u00e9mon\n|rule|OHKO Clause: OHKO moves are banned\n|rule|Evasion Items Clause: Evasion items are banned\n|rule|Evasion Moves Clause: Evasion moves are banned\n|rule|Endless Battle Clause: Forcing endless battles is banned\n|rule|HP Percentage Mod: HP is shown in percentages\n|clearpoke\n|poke|p1|Palkia-Origin|\n|poke|p1|Masquerain, F|\n|poke|p1|Gholdengo|\n|poke|p1|Chi-Yu|\n|poke|p1|Basculegion-F, F|\n|poke|p1|Zacian-*|\n|poke|p2|Arceus-Rock|\n|poke|p2|Hippowdon, M|\n|poke|p2|Garchomp, F|\n|poke|p2|Magearna|\n|poke|p2|Houndstone, M|\n|poke|p2|Cyclizar, M|\n|teampreview\n|j| Hauss Nellessen\n|c|\u2606bowsori|hi\n|c|\u26061P1o1s1h1e1|one sec\n|c|\u26061P1o1s1h1e1|finishing another game\n|c|\u2606bowsori|no worries\n|l| Hauss Nellessen\n|inactive|Battle timer is ON: inactive players will automatically lose when time's up. (requested by bowsori)\n|inactive|1P1o1s1h1e1 has 270 seconds left.\n|c|\u26061P1o1s1h1e1|alright\n|\n|t:|1697573099\n|start\n|switch|p1a: Masquerain|Masquerain, F|100\/100\n|switch|p2a: Cyclizar|Cyclizar, M|100\/100\n|-ability|p1a: Masquerain|Intimidate|boost\n|-unboost|p2a: Cyclizar|atk|1\n|turn|1\n|\n|t:|1697573126\n|move|p2a: Cyclizar|Taunt|p1a: Masquerain\n|-start|p1a: Masquerain|move: Taunt\n|cant|p1a: Masquerain|move: Taunt|Sticky Web\n|\n|upkeep\n|turn|2\n|inactive|bowsori has 270 seconds left.\n|\n|t:|1697573144\n|switch|p1a: Basculegion|Basculegion-F, F|100\/100\n|move|p2a: Cyclizar|Knock Off|p1a: Basculegion\n|-supereffective|p1a: Basculegion\n|-damage|p1a: Basculegion|62\/100\n|-enditem|p1a: Basculegion|Choice Scarf|[from] move: Knock Off|[of] p2a: Cyclizar\n|\n|upkeep\n|turn|3\n|inactive|bowsori has 270 seconds left.\n|\n|t:|1697573159\n|move|p2a: Cyclizar|Shed Tail|p2a: Cyclizar\n|-start|p2a: Cyclizar|Substitute|[from] move: Shed Tail\n|-damage|p2a: Cyclizar|50\/100\n|\n|t:|1697573170\n|switch|p2a: Hippowdon|Hippowdon, M|100\/100|[from] Shed Tail\n|-weather|Sandstorm|[from] ability: Sand Stream|[of] p2a: Hippowdon\n|move|p1a: Basculegion|Flip Turn|p2a: Hippowdon\n|-supereffective|p2a: Hippowdon\n|-end|p2a: Hippowdon|Substitute\n|inactive|bowsori has 270 seconds left.\n|j| OceanicGamer3\n|\n|t:|1697573188\n|switch|p1a: Palkia|Palkia-Origin|100\/100|[from] Flip Turn\n|-ability|p1a: Palkia|Pressure\n|\n|-weather|Sandstorm|[upkeep]\n|-damage|p1a: Palkia|94\/100|[from] Sandstorm\n|upkeep\n|turn|4\n|inactive|bowsori has 270 seconds left.\n|inactive|1P1o1s1h1e1 has 270 seconds left.\n|c| OceanicGamer3|Bowsori is in two games LMAO\n|inactive|bowsori has 240 seconds left.\n|\n|t:|1697573227\n|switch|p1a: Masquerain|Masquerain, F|100\/100\n|-ability|p1a: Masquerain|Intimidate|boost\n|-unboost|p2a: Hippowdon|atk|1\n|switch|p2a: Magearna|Magearna|100\/100\n|\n|-weather|Sandstorm|[upkeep]\n|-damage|p1a: Masquerain|94\/100|[from] Sandstorm\n|upkeep\n|turn|5\n|\n|t:|1697573235\n|move|p1a: Masquerain|Sticky Web|p2a: Magearna\n|-sidestart|p2: 1P1o1s1h1e1|move: Sticky Web\n|move|p2a: Magearna|Volt Switch|p1a: Masquerain\n|-supereffective|p1a: Masquerain\n|-damage|p1a: Masquerain|47\/100\n|\n|t:|1697573241\n|switch|p2a: Cyclizar|Cyclizar, M|84\/100|[from] Volt Switch\n|\n|-weather|Sandstorm|[upkeep]\n|-damage|p2a: Cyclizar|77\/100|[from] Sandstorm\n|-damage|p1a: Masquerain|41\/100|[from] Sandstorm\n|upkeep\n|turn|6\n|inactive|1P1o1s1h1e1 has 270 seconds left.\n|inactive|bowsori has 240 seconds left.\n|\n|t:|1697573266\n|switch|p1a: Gholdengo|Gholdengo|100\/100\n|move|p2a: Cyclizar|Rapid Spin|p1a: Gholdengo\n|-immune|p1a: Gholdengo\n|\n|-weather|Sandstorm|[upkeep]\n|-damage|p2a: Cyclizar|71\/100|[from] Sandstorm\n|upkeep\n|turn|7\n|inactive|bowsori has 240 seconds left.\n|\n|t:|1697573276\n|move|p1a: Gholdengo|Trick|p2a: Cyclizar\n|-activate|p1a: Gholdengo|move: Trick|[of] p2a: Cyclizar\n|-item|p2a: Cyclizar|Choice Scarf|[from] move: Trick\n|-item|p1a: Gholdengo|Heavy-Duty Boots|[from] move: Trick\n|move|p2a: Cyclizar|Knock Off|p1a: Gholdengo\n|-supereffective|p1a: Gholdengo\n|-damage|p1a: Gholdengo|52\/100\n|-enditem|p1a: Gholdengo|Heavy-Duty Boots|[from] move: Knock Off|[of] p2a: Cyclizar\n|\n|-weather|Sandstorm|[upkeep]\n|-damage|p2a: Cyclizar|65\/100|[from] Sandstorm\n|upkeep\n|turn|8\n|inactive|bowsori has 240 seconds left.\n|l| OceanicGamer3\n|\n|t:|1697573291\n|switch|p2a: Arceus|Arceus-Rock|100\/100\n|-activate|p2a: Arceus|move: Sticky Web\n|-unboost|p2a: Arceus|spe|1\n|switch|p1a: Zacian|Zacian|100\/100\n|-ability|p1a: Zacian|Intrepid Sword|boost\n|-boost|p1a: Zacian|atk|1\n|\n|-weather|Sandstorm|[upkeep]\n|-damage|p1a: Zacian|94\/100|[from] Sandstorm\n|upkeep\n|turn|9\n|inactive|bowsori has 240 seconds left.\n|inactive|1P1o1s1h1e1 has 270 seconds left.\n|inactive|bowsori has 210 seconds left.\n|\n|t:|1697573343\n|switch|p2a: Hippowdon|Hippowdon, M|100\/100\n|-activate|p2a: Hippowdon|move: Sticky Web\n|-unboost|p2a: Hippowdon|spe|1\n|move|p1a: Zacian|Play Rough|p2a: Hippowdon\n|-damage|p2a: Hippowdon|49\/100\n|\n|-weather|Sandstorm|[upkeep]\n|-damage|p1a: Zacian|88\/100|[from] Sandstorm\n|upkeep\n|turn|10\n|inactive|1P1o1s1h1e1 has 270 seconds left.\n|inactive|bowsori has 180 seconds left.\n|\n|t:|1697573384\n|switch|p1a: Chi-Yu|Chi-Yu|100\/100\n|-ability|p1a: Chi-Yu|Beads of Ruin\n|switch|p2a: Magearna|Magearna|100\/100\n|-activate|p2a: Magearna|move: Sticky Web\n|-unboost|p2a: Magearna|spe|1\n|\n|-weather|none\n|upkeep\n|turn|11\n|inactive|1P1o1s1h1e1 has 240 seconds left.\n|inactive|bowsori has 150 seconds left.\n|inactive|1P1o1s1h1e1 has 210 seconds left.\n|\n|t:|1697573452\n|-terastallize|p2a: Magearna|Water\n|move|p1a: Chi-Yu|Flamethrower|p2a: Magearna\n|-resisted|p2a: Magearna\n|-damage|p2a: Magearna|80\/100\n|move|p2a: Magearna|Thunder Wave|p1a: Chi-Yu\n|-status|p1a: Chi-Yu|par\n|\n|-heal|p2a: Magearna|86\/100|[from] item: Leftovers\n|upkeep\n|turn|12\n|inactive|1P1o1s1h1e1 has 210 seconds left.\n|\n|t:|1697573464\n|cant|p1a: Chi-Yu|par\n|move|p2a: Magearna|Spikes|p1a: Chi-Yu\n|-sidestart|p1: bowsori|Spikes\n|\n|-heal|p2a: Magearna|92\/100|[from] item: Leftovers\n|upkeep\n|turn|13\n|inactive|bowsori has 120 seconds left.\n|inactive|1P1o1s1h1e1 has 210 seconds left.\n|\n|t:|1697573495\n|switch|p1a: Gholdengo|Gholdengo|52\/100\n|-damage|p1a: Gholdengo|40\/100|[from] Spikes\n|move|p2a: Magearna|Volt Switch|p1a: Gholdengo\n|-damage|p1a: Gholdengo|15\/100\n|\n|t:|1697573505\n|switch|p2a: Cyclizar|Cyclizar, M|98\/100|[from] Volt Switch\n|-activate|p2a: Cyclizar|move: Sticky Web\n|-unboost|p2a: Cyclizar|spe|1\n|\n|upkeep\n|turn|14\n|inactive|bowsori has 120 seconds left.\n|inactive|bowsori has 90 seconds left.\n|inactive|bowsori has 60 seconds left.\n|\n|t:|1697573576\n|move|p2a: Cyclizar|Knock Off|p1a: Gholdengo\n|-supereffective|p1a: Gholdengo\n|-damage|p1a: Gholdengo|0 fnt\n|faint|p1a: Gholdengo\n|\n|upkeep\n|\n|t:|1697573581\n|switch|p1a: Zacian|Zacian|88\/100\n|-damage|p1a: Zacian|76\/100|[from] Spikes\n|turn|15\n|inactive|bowsori has 60 seconds left.\n|inactive|1P1o1s1h1e1 has 180 seconds left.\n|inactive|1P1o1s1h1e1 has 150 seconds left.\n|\n|t:|1697573641\n|switch|p2a: Arceus|Arceus-Rock|100\/100\n|-activate|p2a: Arceus|move: Sticky Web\n|-unboost|p2a: Arceus|spe|1\n|move|p1a: Zacian|Close Combat|p2a: Arceus\n|-supereffective|p2a: Arceus\n|-damage|p2a: Arceus|19\/100\n|-unboost|p1a: Zacian|def|1\n|-unboost|p1a: Zacian|spd|1\n|\n|upkeep\n|turn|16\n|inactive|1P1o1s1h1e1 has 150 seconds left.\n|inactive|bowsori has 30 seconds left.\n|\n|t:|1697573672\n|move|p1a: Zacian|Close Combat|p2a: Arceus\n|-supereffective|p2a: Arceus\n|-damage|p2a: Arceus|0 fnt\n|-unboost|p1a: Zacian|def|1\n|-unboost|p1a: Zacian|spd|1\n|faint|p2a: Arceus\n|\n|upkeep\n|\n|t:|1697573675\n|switch|p2a: Hippowdon|Hippowdon, M|49\/100\n|-activate|p2a: Hippowdon|move: Sticky Web\n|-unboost|p2a: Hippowdon|spe|1\n|-weather|Sandstorm|[from] ability: Sand Stream|[of] p2a: Hippowdon\n|turn|17\n|\n|t:|1697573682\n|move|p1a: Zacian|Close Combat|p2a: Hippowdon\n|-damage|p2a: Hippowdon|17\/100\n|-unboost|p1a: Zacian|def|1\n|-unboost|p1a: Zacian|spd|1\n|move|p2a: Hippowdon|Slack Off|p2a: Hippowdon\n|-heal|p2a: Hippowdon|67\/100\n|\n|-weather|Sandstorm|[upkeep]\n|-damage|p1a: Zacian|70\/100|[from] Sandstorm\n|upkeep\n|turn|18\n|\n|t:|1697573698\n|switch|p1a: Palkia|Palkia-Origin|94\/100\n|-damage|p1a: Palkia|82\/100|[from] Spikes\n|-ability|p1a: Palkia|Pressure\n|move|p2a: Hippowdon|Stealth Rock|p1a: Palkia\n|-sidestart|p1: bowsori|move: Stealth Rock\n|\n|-weather|Sandstorm|[upkeep]\n|-damage|p1a: Palkia|76\/100|[from] Sandstorm\n|upkeep\n|turn|19\n|\n|t:|1697573712\n|switch|p2a: Magearna|Magearna, tera:Water|92\/100\n|-activate|p2a: Magearna|move: Sticky Web\n|-unboost|p2a: Magearna|spe|1\n|move|p1a: Palkia|Hydro Pump|p2a: Magearna\n|-resisted|p2a: Magearna\n|-damage|p2a: Magearna|70\/100\n|\n|-weather|Sandstorm|[upkeep]\n|-damage|p1a: Palkia|69\/100|[from] Sandstorm\n|-damage|p2a: Magearna|64\/100|[from] Sandstorm\n|-heal|p2a: Magearna|70\/100|[from] item: Leftovers\n|upkeep\n|turn|20\n|inactive|1P1o1s1h1e1 has 150 seconds left.\n|\n|t:|1697573726\n|-terastallize|p1a: Palkia|Fairy\n|move|p1a: Palkia|Earth Power|p2a: Magearna\n|-damage|p2a: Magearna|50\/100\n|move|p2a: Magearna|Draining Kiss|p1a: Palkia\n|-damage|p1a: Palkia|48\/100\n|-heal|p2a: Magearna|65\/100|[from] drain|[of] p1a: Palkia\n|\n|-weather|Sandstorm|[upkeep]\n|-damage|p1a: Palkia|42\/100|[from] Sandstorm\n|-damage|p2a: Magearna|58\/100|[from] Sandstorm\n|-heal|p2a: Magearna|65\/100|[from] item: Leftovers\n|upkeep\n|turn|21\n|inactive|1P1o1s1h1e1 has 150 seconds left.\n|inactive|bowsori has 30 seconds left.\n|\n|t:|1697573746\n|move|p1a: Palkia|Hydro Pump|p2a: Magearna\n|-resisted|p2a: Magearna\n|-damage|p2a: Magearna|40\/100\n|move|p2a: Magearna|Draining Kiss|p1a: Palkia\n|-damage|p1a: Palkia|21\/100\n|-heal|p2a: Magearna|54\/100|[from] drain|[of] p1a: Palkia\n|\n|-weather|Sandstorm|[upkeep]\n|-damage|p1a: Palkia|15\/100|[from] Sandstorm\n|-damage|p2a: Magearna|47\/100|[from] Sandstorm\n|-heal|p2a: Magearna|54\/100|[from] item: Leftovers\n|upkeep\n|turn|22\n|inactive|bowsori has 30 seconds left.\n|\n|t:|1697573759\n|move|p1a: Palkia|Spacial Rend|p2a: Magearna\n|-damage|p2a: Magearna|12\/100\n|move|p2a: Magearna|Draining Kiss|p1a: Palkia\n|-damage|p1a: Palkia|0 fnt\n|-heal|p2a: Magearna|22\/100|[from] drain|[of] p1a: Palkia\n|faint|p1a: Palkia\n|-ability|p2a: Magearna|Soul-Heart|boost\n|-boost|p2a: Magearna|spa|1\n|\n|-weather|Sandstorm|[upkeep]\n|-damage|p2a: Magearna|16\/100|[from] Sandstorm\n|-heal|p2a: Magearna|22\/100|[from] item: Leftovers\n|upkeep\n|inactive|bowsori has 30 seconds left this turn.\n|inactive|bowsori has 20 seconds left.\n|\n|t:|1697573770\n|switch|p1a: Zacian|Zacian|70\/100\n|-damage|p1a: Zacian|57\/100|[from] Spikes\n|-damage|p1a: Zacian|45\/100|[from] Stealth Rock\n|turn|23\n|inactive|bowsori has 30 seconds left this turn.\n|\n|t:|1697573776\n|move|p1a: Zacian|Play Rough|p2a: Magearna\n|-damage|p2a: Magearna|0 fnt\n|faint|p2a: Magearna\n|\n|-weather|Sandstorm|[upkeep]\n|-damage|p1a: Zacian|39\/100|[from] Sandstorm\n|upkeep\n|\n|t:|1697573796\n|switch|p2a: Hippowdon|Hippowdon, M|67\/100\n|-activate|p2a: Hippowdon|move: Sticky Web\n|-unboost|p2a: Hippowdon|spe|1\n|turn|24\n|\n|t:|1697573806\n|move|p1a: Zacian|Play Rough|p2a: Hippowdon|[miss]\n|-miss|p1a: Zacian|p2a: Hippowdon\n|move|p2a: Hippowdon|Slack Off|p2a: Hippowdon\n|-heal|p2a: Hippowdon|100\/100\n|\n|-weather|none\n|upkeep\n|turn|25\n|\n|t:|1697573813\n|move|p1a: Zacian|Play Rough|p2a: Hippowdon\n|-damage|p2a: Hippowdon|68\/100\n|move|p2a: Hippowdon|Earthquake|p1a: Zacian\n|-damage|p1a: Zacian|5\/100\n|\n|upkeep\n|turn|26\n|\n|t:|1697573819\n|move|p1a: Zacian|Play Rough|p2a: Hippowdon\n|-damage|p2a: Hippowdon|33\/100\n|move|p2a: Hippowdon|Slack Off|p2a: Hippowdon\n|-heal|p2a: Hippowdon|83\/100\n|\n|upkeep\n|turn|27\n|inactive|1P1o1s1h1e1 has 180 seconds left.\n|\n|t:|1697573848\n|move|p1a: Zacian|Play Rough|p2a: Hippowdon\n|-damage|p2a: Hippowdon|46\/100\n|move|p2a: Hippowdon|Earthquake|p1a: Zacian\n|-damage|p1a: Zacian|0 fnt\n|faint|p1a: Zacian\n|\n|upkeep\n|\n|t:|1697573862\n|switch|p1a: Chi-Yu|Chi-Yu|100\/100 par\n|-ability|p1a: Chi-Yu|Beads of Ruin\n|turn|28\n|j| ThePlumber7\n|inactive|1P1o1s1h1e1 has 150 seconds left.\n|\n|t:|1697573903\n|switch|p2a: Garchomp|Garchomp, F|100\/100\n|-activate|p2a: Garchomp|move: Sticky Web\n|-unboost|p2a: Garchomp|spe|1\n|cant|p1a: Chi-Yu|par\n|\n|upkeep\n|turn|29\n|inactive|bowsori has 60 seconds left.\n|\n|t:|1697573926\n|move|p2a: Garchomp|Scale Shot|p1a: Chi-Yu\n|-damage|p1a: Chi-Yu|80\/100 par\n|-damage|p1a: Chi-Yu|59\/100 par\n|-damage|p1a: Chi-Yu|38\/100 par\n|-damage|p1a: Chi-Yu|15\/100 par\n|-damage|p1a: Chi-Yu|0 fnt\n|faint|p1a: Chi-Yu\n|-hitcount|p1: Chi-Yu|5\n|-unboost|p2a: Garchomp|def|1\n|-boost|p2a: Garchomp|spe|1\n|\n|upkeep\n|\n|t:|1697573936\n|switch|p1a: Basculegion|Basculegion-F, F|62\/100\n|-damage|p1a: Basculegion|49\/100|[from] Spikes\n|-damage|p1a: Basculegion|37\/100|[from] Stealth Rock\n|turn|30\n|c|\u26061P1o1s1h1e1|gg\n|\n|t:|1697573949\n|move|p2a: Garchomp|Scale Shot|p1a: Basculegion\n|-damage|p1a: Basculegion|19\/100\n|-damage|p1a: Basculegion|1\/100\n|-damage|p1a: Basculegion|0 fnt\n|faint|p1a: Basculegion\n|-hitcount|p1: Basculegion|3\n|-unboost|p2a: Garchomp|def|1\n|-boost|p2a: Garchomp|spe|1\n|\n|upkeep\n|l| ThePlumber7\n|c|\u2606bowsori|gg\n|\n|t:|1697573961\n|switch|p1a: Masquerain|Masquerain, F|41\/100\n|-damage|p1a: Masquerain|0 fnt|[from] Stealth Rock\n|faint|p1a: Masquerain\n|\n|win|1P1o1s1h1e1\n","uploadtime":1697573978,"views":20,"p1id":"bowsori","p2id":"1p1o1s1h1e1","formatid":"gen9ubers","rating":0,"private":0,"password":""}