{"id":"gen9ubers-1990702261","p1":"benhalfdragon","p2":"poifunlol99","format":"[Gen 9] Ubers","log":"|j|\u2606benhalfdragon\n|j|\u2606poifunlol99\n|t:|1699993093\n|gametype|singles\n|player|p1|benhalfdragon|lucas|1000\n|player|p2|poifunlol99|iono|1070\n|teamsize|p1|6\n|teamsize|p2|6\n|gen|9\n|tier|[Gen 9] Ubers\n|rated|\n|rule|Sleep Clause Mod: Limit one foe put to sleep\n|rule|Species Clause: Limit one of each Pok\u00e9mon\n|rule|OHKO Clause: OHKO moves are banned\n|rule|Evasion Items Clause: Evasion items are banned\n|rule|Evasion Moves Clause: Evasion moves are banned\n|rule|Endless Battle Clause: Forcing endless battles is banned\n|rule|HP Percentage Mod: HP is shown in percentages\n|clearpoke\n|poke|p1|Barraskewda, M|\n|poke|p1|Pelipper, F|\n|poke|p1|Kyogre|\n|poke|p1|Basculegion-F, F|\n|poke|p1|Haxorus, M|\n|poke|p1|Greninja-*, M|\n|poke|p2|Groudon|\n|poke|p2|Koraidon|\n|poke|p2|Flutter Mane|\n|poke|p2|Walking Wake|\n|poke|p2|Ribombee, M|\n|poke|p2|Gholdengo|\n|teampreview\n|\n|t:|1699993104\n|start\n|switch|p1a: Kyogre|Kyogre|100\/100\n|switch|p2a: Ribombee|Ribombee, M|100\/100\n|-weather|RainDance|[from] ability: Drizzle|[of] p1a: Kyogre\n|turn|1\n|\n|t:|1699993115\n|move|p2a: Ribombee|Stun Spore|p1a: Kyogre|[miss]\n|-miss|p2a: Ribombee|p1a: Kyogre\n|move|p1a: Kyogre|Thunder|p2a: Ribombee\n|-damage|p2a: Ribombee|21\/100\n|\n|-weather|RainDance|[upkeep]\n|upkeep\n|turn|2\n|\n|t:|1699993122\n|move|p2a: Ribombee|Sticky Web|p1a: Kyogre\n|-sidestart|p1: benhalfdragon|move: Sticky Web\n|move|p1a: Kyogre|Origin Pulse|p2a: Ribombee\n|-damage|p2a: Ribombee|0 fnt\n|faint|p2a: Ribombee\n|\n|-weather|RainDance|[upkeep]\n|upkeep\n|\n|t:|1699993135\n|switch|p2a: Groudon|Groudon|100\/100\n|-weather|SunnyDay|[from] ability: Drought|[of] p2a: Groudon\n|turn|3\n|c|\u2606benhalfdragon|heheheha >:)\n|\n|t:|1699993144\n|move|p1a: Kyogre|Origin Pulse|p2a: Groudon\n|-supereffective|p2a: Groudon\n|-damage|p2a: Groudon|15\/100\n|move|p2a: Groudon|Thunder Wave|p1a: Kyogre\n|-status|p1a: Kyogre|par\n|\n|-weather|SunnyDay|[upkeep]\n|-heal|p2a: Groudon|22\/100|[from] item: Leftovers\n|upkeep\n|turn|4\n|\n|t:|1699993152\n|move|p2a: Groudon|Stealth Rock|p1a: Kyogre\n|-sidestart|p1: benhalfdragon|move: Stealth Rock\n|move|p1a: Kyogre|Origin Pulse|p2a: Groudon\n|-supereffective|p2a: Groudon\n|-damage|p2a: Groudon|0 fnt\n|faint|p2a: Groudon\n|\n|-weather|SunnyDay|[upkeep]\n|upkeep\n|\n|t:|1699993160\n|switch|p2a: Walking Wake|Walking Wake|100\/100\n|-activate|p2a: Walking Wake|ability: Protosynthesis\n|-start|p2a: Walking Wake|protosynthesisspe\n|turn|5\n|\n|t:|1699993175\n|switch|p1a: Pelipper|Pelipper, F|100\/100\n|-damage|p1a: Pelipper|76\/100|[from] Stealth Rock\n|move|p2a: Walking Wake|Draco Meteor|p1a: Pelipper\n|-damage|p1a: Pelipper|0 fnt\n|-unboost|p2a: Walking Wake|spa|2\n|faint|p1a: Pelipper\n|-damage|p2a: Walking Wake|91\/100|[from] item: Life Orb\n|\n|-weather|SunnyDay|[upkeep]\n|upkeep\n|\n|t:|1699993186\n|switch|p1a: Kyogre|Kyogre|100\/100 par\n|-activate|p1a: Kyogre|move: Sticky Web\n|-unboost|p1a: Kyogre|spe|1\n|-damage|p1a: Kyogre|88\/100 par|[from] Stealth Rock\n|-weather|RainDance|[from] ability: Drizzle|[of] p1a: Kyogre\n|-end|p2a: Walking Wake|Protosynthesis\n|turn|6\n|\n|t:|1699993201\n|-terastallize|p1a: Kyogre|Water\n|move|p2a: Walking Wake|Flip Turn|p1a: Kyogre\n|-resisted|p1a: Kyogre\n|-damage|p1a: Kyogre|72\/100 par\n|-damage|p2a: Walking Wake|81\/100|[from] item: Life Orb\n|\n|t:|1699993208\n|-end|p2a: Walking Wake|Protosynthesis|[silent]\n|switch|p2a: Gholdengo|Gholdengo|100\/100|[from] Flip Turn\n|move|p1a: Kyogre|Thunder|p2a: Gholdengo\n|-damage|p2a: Gholdengo|53\/100\n|\n|-weather|RainDance|[upkeep]\n|upkeep\n|turn|7\n|\n|t:|1699993218\n|move|p2a: Gholdengo|Shadow Ball|p1a: Kyogre\n|-damage|p1a: Kyogre|43\/100 par\n|cant|p1a: Kyogre|par\n|\n|-weather|RainDance|[upkeep]\n|upkeep\n|turn|8\n|\n|t:|1699993225\n|move|p2a: Gholdengo|Shadow Ball|p1a: Kyogre\n|-damage|p1a: Kyogre|11\/100 par\n|move|p1a: Kyogre|Origin Pulse|p2a: Gholdengo\n|-damage|p2a: Gholdengo|0 fnt\n|faint|p2a: Gholdengo\n|\n|-weather|RainDance|[upkeep]\n|upkeep\n|\n|t:|1699993232\n|switch|p2a: Koraidon|Koraidon|100\/100\n|-weather|SunnyDay|[from] ability: Orichalcum Pulse|[of] p2a: Koraidon\n|-activate|p2a: Koraidon|Orichalcum Pulse|[source]\n|turn|9\n|\n|t:|1699993249\n|switch|p1a: Barraskewda|Barraskewda, M|100\/100\n|-activate|p1a: Barraskewda|move: Sticky Web\n|-unboost|p1a: Barraskewda|spe|1\n|-damage|p1a: Barraskewda|88\/100|[from] Stealth Rock\n|move|p2a: Koraidon|Scale Shot|p1a: Barraskewda\n|-crit|p1a: Barraskewda\n|-damage|p1a: Barraskewda|33\/100\n|-damage|p1a: Barraskewda|0 fnt\n|faint|p1a: Barraskewda\n|-hitcount|p1: Barraskewda|2\n|-unboost|p2a: Koraidon|def|1\n|-boost|p2a: Koraidon|spe|1\n|-enditem|p2a: Koraidon|White Herb\n|-clearnegativeboost|p2a: Koraidon|[silent]\n|\n|-weather|SunnyDay|[upkeep]\n|upkeep\n|\n|t:|1699993264\n|switch|p1a: Kyogre|Kyogre, tera:Water|11\/100 par\n|-activate|p1a: Kyogre|move: Sticky Web\n|-unboost|p1a: Kyogre|spe|1\n|-damage|p1a: Kyogre|0 fnt|[from] Stealth Rock\n|faint|p1a: Kyogre\n|\n|t:|1699993270\n|switch|p1a: Haxorus|Haxorus, M, shiny|100\/100\n|-activate|p1a: Haxorus|move: Sticky Web\n|-unboost|p1a: Haxorus|spe|1\n|-damage|p1a: Haxorus|88\/100|[from] Stealth Rock\n|-ability|p1a: Haxorus|Mold Breaker\n|turn|10\n|\n|t:|1699993277\n|move|p2a: Koraidon|Draco Meteor|p1a: Haxorus\n|-supereffective|p1a: Haxorus\n|-damage|p1a: Haxorus|0 fnt\n|-unboost|p2a: Koraidon|spa|2\n|faint|p1a: Haxorus\n|\n|-weather|SunnyDay|[upkeep]\n|upkeep\n|-message|benhalfdragon forfeited.\n|\n|win|poifunlol99\n|raw|benhalfdragon's rating: 1000 &rarr; <strong>1000<\/strong><br \/>(+0 for losing)\n|raw|poifunlol99's rating: 1070 &rarr; <strong>1094<\/strong><br \/>(+24 for winning)\n|l|\u2606benhalfdragon\n","uploadtime":1699993286,"views":20,"p1id":"benhalfdragon","p2id":"poifunlol99","formatid":"gen9ubers","rating":1000,"private":0,"password":""}