{"id":"gen9ubers-1978942594","p1":"PinkScourge","p2":"XpokVEVO","format":"[Gen 9] Ubers","log":"|j|\u2606PinkScourge\n|j|\u2606XpokVEVO\n|t:|1698612865\n|gametype|singles\n|player|p1|PinkScourge|bede-leader|\n|player|p2|XpokVEVO|rika|\n|teamsize|p1|6\n|teamsize|p2|6\n|gen|9\n|tier|[Gen 9] Ubers\n|rule|Sleep Clause Mod: Limit one foe put to sleep\n|rule|Species Clause: Limit one of each Pok\u00e9mon\n|rule|OHKO Clause: OHKO moves are banned\n|rule|Evasion Items Clause: Evasion items are banned\n|rule|Evasion Moves Clause: Evasion moves are banned\n|rule|Endless Battle Clause: Forcing endless battles is banned\n|rule|HP Percentage Mod: HP is shown in percentages\n|clearpoke\n|poke|p1|Indeedee-F, F|\n|poke|p1|Arceus-Psychic|\n|poke|p1|Palkia|\n|poke|p1|Alomomola, M|\n|poke|p1|Mandibuzz, F|\n|poke|p1|Slowking-Galar, F|\n|poke|p2|Ursaluna, F|\n|poke|p2|Magearna|\n|poke|p2|Dialga|\n|poke|p2|Glastrier|\n|poke|p2|Hoopa-Unbound|\n|poke|p2|Hatterene, F|\n|teampreview\n|inactive|Battle timer is ON: inactive players will automatically lose when time's up. (requested by PinkScourge)\n|\n|t:|1698612885\n|start\n|switch|p1a: Slowking|Slowking-Galar, F|100\/100\n|switch|p2a: Magearna|Magearna|100\/100\n|turn|1\n|\n|t:|1698612890\n|move|p1a: Slowking|Future Sight|p2a: Magearna\n|-start|p1a: Slowking|move: Future Sight\n|move|p2a: Magearna|Trick Room|p2a: Magearna\n|-fieldstart|move: Trick Room|[of] p2a: Magearna\n|\n|upkeep\n|turn|2\n|\n|t:|1698612899\n|switch|p2a: Hoopa|Hoopa-Unbound|100\/100\n|move|p1a: Slowking|Trick Room|p1a: Slowking\n|-fieldend|move: Trick Room\n|\n|upkeep\n|turn|3\n|c|\u2606XpokVEVO|das crazy\n|c|\u2606XpokVEVO|now you ready to take an mray tier attack?\n|\n|t:|1698612920\n|switch|p1a: Mandibuzz|Mandibuzz, F|100\/100\n|move|p2a: Hoopa|Hyperspace Fury|p1a: Mandibuzz\n|-resisted|p1a: Mandibuzz\n|-damage|p1a: Mandibuzz|70\/100\n|-unboost|p2a: Hoopa|def|1\n|-damage|p2a: Hoopa|91\/100|[from] item: Life Orb\n|\n|-end|p2a: Hoopa|move: Future Sight\n|-immune|p2a: Hoopa\n|upkeep\n|turn|4\n|\n|t:|1698612933\n|move|p2a: Hoopa|Focus Blast|p1a: Mandibuzz\n|-damage|p1a: Mandibuzz|26\/100\n|-damage|p2a: Hoopa|81\/100|[from] item: Life Orb\n|move|p1a: Mandibuzz|U-turn|p2a: Hoopa\n|-supereffective|p2a: Hoopa\n|-damage|p2a: Hoopa|0 fnt\n|faint|p2a: Hoopa\n|c|\u2606XpokVEVO|damn\n|c|\u2606XpokVEVO|i forgor\n|\n|t:|1698612954\n|switch|p1a: Slowking|Slowking-Galar, F|100\/100|[from] U-turn\n|\n|upkeep\n|\n|t:|1698612969\n|switch|p2a: Magearna|Magearna|100\/100\n|turn|5\n|\n|t:|1698612972\n|move|p1a: Slowking|Future Sight|p2a: Magearna\n|-start|p1a: Slowking|move: Future Sight\n|move|p2a: Magearna|Trick Room|p2a: Magearna\n|-fieldstart|move: Trick Room|[of] p2a: Magearna\n|\n|upkeep\n|turn|6\n|c|\u2606XpokVEVO|wait\n|c|\u2606XpokVEVO|im stupid\n|\n|t:|1698612987\n|move|p2a: Magearna|Flash Cannon|p1a: Slowking\n|-damage|p1a: Slowking|73\/100\n|move|p1a: Slowking|Trick Room|p1a: Slowking\n|-fieldend|move: Trick Room\n|\n|upkeep\n|turn|7\n|\n|t:|1698612993\n|move|p2a: Magearna|Flash Cannon|p1a: Slowking\n|-damage|p1a: Slowking|46\/100\n|move|p1a: Slowking|Chilly Reception|p1a: Slowking\n|-weather|Snow\n|\n|t:|1698613001\n|switch|p1a: Indeedee|Indeedee-F, F|100\/100|[from] Chilly Reception\n|-fieldstart|move: Psychic Terrain|[from] ability: Psychic Surge|[of] p1a: Indeedee\n|\n|-weather|Snow|[upkeep]\n|-end|p2a: Magearna|move: Future Sight\n|-resisted|p2a: Magearna\n|-damage|p2a: Magearna|74\/100\n|-heal|p2a: Magearna|80\/100|[from] item: Leftovers\n|upkeep\n|turn|8\n|\n|t:|1698613010\n|move|p1a: Indeedee|Trick Room|p1a: Indeedee\n|-fieldstart|move: Trick Room|[of] p1a: Indeedee\n|move|p2a: Magearna|Trick Room|p2a: Magearna\n|-fieldend|move: Trick Room\n|\n|-weather|Snow|[upkeep]\n|-heal|p2a: Magearna|86\/100|[from] item: Leftovers\n|upkeep\n|turn|9\n|\n|t:|1698613019\n|switch|p1a: Palkia|Palkia|100\/100\n|-ability|p1a: Palkia|Pressure\n|move|p2a: Magearna|Trick Room|p2a: Magearna\n|-fieldstart|move: Trick Room|[of] p2a: Magearna\n|\n|-weather|Snow|[upkeep]\n|-heal|p2a: Magearna|93\/100|[from] item: Leftovers\n|upkeep\n|turn|10\n|\n|t:|1698613029\n|-terastallize|p1a: Palkia|Water\n|move|p2a: Magearna|Fleur Cannon|p1a: Palkia|[miss]\n|-miss|p2a: Magearna|p1a: Palkia\n|move|p1a: Palkia|Surf|p2a: Magearna\n|-damage|p2a: Magearna|13\/100\n|\n|-weather|Snow|[upkeep]\n|-heal|p2a: Magearna|19\/100|[from] item: Leftovers\n|upkeep\n|turn|11\n|c|\u2606XpokVEVO|this game stinks\n|\n|t:|1698613039\n|switch|p1a: Slowking|Slowking-Galar, F|79\/100\n|move|p2a: Magearna|Energy Ball|p1a: Slowking\n|-resisted|p1a: Slowking\n|-damage|p1a: Slowking|68\/100\n|\n|-weather|none\n|-heal|p2a: Magearna|25\/100|[from] item: Leftovers\n|upkeep\n|turn|12\n|\n|t:|1698613046\n|move|p2a: Magearna|Flash Cannon|p1a: Slowking\n|-damage|p1a: Slowking|42\/100\n|-unboost|p1a: Slowking|spd|1\n|move|p1a: Slowking|Trick Room|p1a: Slowking\n|-fieldend|move: Trick Room\n|\n|-heal|p2a: Magearna|31\/100|[from] item: Leftovers\n|upkeep\n|turn|13\n|\n|t:|1698613050\n|switch|p1a: Alomomola|Alomomola, M|100\/100\n|move|p2a: Magearna|Flash Cannon|p1a: Alomomola\n|-resisted|p1a: Alomomola\n|-damage|p1a: Alomomola|80\/100\n|\n|-heal|p2a: Magearna|37\/100|[from] item: Leftovers\n|upkeep\n|turn|14\n|\n|t:|1698613055\n|move|p1a: Alomomola|Wish|p1a: Alomomola\n|move|p2a: Magearna|Trick Room|p2a: Magearna\n|-fieldstart|move: Trick Room|[of] p2a: Magearna\n|\n|-heal|p2a: Magearna|43\/100|[from] item: Leftovers\n|-fieldend|move: Psychic Terrain\n|upkeep\n|turn|15\n|\n|t:|1698613062\n|move|p2a: Magearna|Energy Ball|p1a: Alomomola\n|-supereffective|p1a: Alomomola\n|-damage|p1a: Alomomola|16\/100\n|move|p1a: Alomomola|Mirror Coat|p2a: Magearna\n|-damage|p2a: Magearna|0 fnt\n|faint|p2a: Magearna\n|\n|-heal|p1a: Alomomola|66\/100|[from] move: Wish|[wisher] Alomomola\n|upkeep\n|\n|t:|1698613073\n|switch|p2a: Ursaluna|Ursaluna, F, shiny|100\/100\n|turn|16\n|\n|t:|1698613079\n|move|p2a: Ursaluna|Headlong Rush|p1a: Alomomola\n|-damage|p1a: Alomomola|18\/100\n|-unboost|p2a: Ursaluna|def|1\n|-unboost|p2a: Ursaluna|spd|1\n|-damage|p2a: Ursaluna|84\/100|[from] item: Rocky Helmet|[of] p1a: Alomomola\n|move|p1a: Alomomola|Wish|p1a: Alomomola\n|\n|-status|p2a: Ursaluna|brn|[from] item: Flame Orb\n|upkeep\n|turn|17\n|\n|t:|1698613087\n|move|p1a: Alomomola|Protect|p1a: Alomomola\n|-singleturn|p1a: Alomomola|Protect\n|move|p2a: Ursaluna|Facade|p1a: Alomomola\n|-activate|p1a: Alomomola|move: Protect\n|\n|-heal|p1a: Alomomola|68\/100|[from] move: Wish|[wisher] Alomomola\n|-damage|p2a: Ursaluna|78\/100 brn|[from] brn\n|upkeep\n|turn|18\n|\n|t:|1698613096\n|switch|p2a: Dialga|Dialga, shiny|100\/100\n|-ability|p2a: Dialga|Pressure\n|switch|p1a: Mandibuzz|Mandibuzz, F|26\/100\n|\n|-fieldend|move: Trick Room\n|upkeep\n|turn|19\n|\n|t:|1698613101\n|move|p1a: Mandibuzz|Roost|p1a: Mandibuzz\n|-heal|p1a: Mandibuzz|76\/100\n|-singleturn|p1a: Mandibuzz|move: Roost\n|move|p2a: Dialga|Trick Room|p2a: Dialga\n|-fieldstart|move: Trick Room|[of] p2a: Dialga\n|\n|upkeep\n|turn|20\n|\n|t:|1698613107\n|move|p1a: Mandibuzz|Foul Play|p2a: Dialga\n|-damage|p2a: Dialga|75\/100\n|move|p2a: Dialga|Draco Meteor|p1a: Mandibuzz\n|-damage|p1a: Mandibuzz|27\/100\n|-unboost|p2a: Dialga|spa|2\n|-enditem|p2a: Dialga|Eject Pack\n|\n|t:|1698613121\n|switch|p2a: Glastrier|Glastrier|100\/100\n|\n|upkeep\n|turn|21\n|\n|t:|1698613137\n|switch|p1a: Alomomola|Alomomola, M|100\/100\n|move|p2a: Glastrier|Crunch|p1a: Alomomola\n|-damage|p1a: Alomomola|73\/100\n|-damage|p2a: Glastrier|84\/100|[from] item: Rocky Helmet|[of] p1a: Alomomola\n|-damage|p2a: Glastrier|74\/100|[from] item: Life Orb\n|\n|upkeep\n|turn|22\n|c|\u2606XpokVEVO|christ\n|c|\u2606XpokVEVO|thats a LOT of damage\n|\n|t:|1698613147\n|switch|p2a: Dialga|Dialga, shiny|75\/100\n|-ability|p2a: Dialga|Pressure\n|move|p1a: Alomomola|Flip Turn|p2a: Dialga\n|-resisted|p2a: Dialga\n|-damage|p2a: Dialga|69\/100\n|\n|t:|1698613154\n|switch|p1a: Arceus|Arceus-Psychic|100\/100|[from] Flip Turn\n|\n|upkeep\n|turn|23\n|\n|t:|1698613170\n|move|p1a: Arceus|Future Sight|p2a: Dialga\n|-start|p1a: Arceus|move: Future Sight\n|move|p2a: Dialga|Roar|p1a: Arceus\n|drag|p1a: Slowking|Slowking-Galar, F|75\/100\n|\n|-fieldend|move: Trick Room\n|upkeep\n|turn|24\n|\n|t:|1698613179\n|move|p2a: Dialga|Trick Room|p2a: Dialga\n|-fieldstart|move: Trick Room|[of] p2a: Dialga\n|move|p1a: Slowking|Trick Room|p1a: Slowking\n|-fieldend|move: Trick Room\n|\n|upkeep\n|turn|25\n|\n|t:|1698613184\n|move|p1a: Slowking|Chilly Reception|p1a: Slowking\n|-weather|Snow\n|\n|t:|1698613187\n|switch|p1a: Indeedee|Indeedee-F, F|100\/100|[from] Chilly Reception\n|-fieldstart|move: Psychic Terrain|[from] ability: Psychic Surge|[of] p1a: Indeedee\n|move|p2a: Dialga|Trick Room|p2a: Dialga\n|-fieldstart|move: Trick Room|[of] p2a: Dialga\n|\n|-weather|Snow|[upkeep]\n|-end|p2a: Dialga|move: Future Sight\n|-resisted|p2a: Dialga\n|-damage|p2a: Dialga|35\/100\n|upkeep\n|turn|26\n|\n|t:|1698613199\n|switch|p2a: Ursaluna|Ursaluna, F, shiny|78\/100 brn\n|move|p1a: Indeedee|Trick Room|p1a: Indeedee\n|-fieldend|move: Trick Room\n|\n|-weather|Snow|[upkeep]\n|-damage|p2a: Ursaluna|71\/100 brn|[from] brn\n|upkeep\n|turn|27\n|\n|t:|1698613214\n|switch|p1a: Mandibuzz|Mandibuzz, F|27\/100\n|move|p2a: Ursaluna|Facade|p1a: Mandibuzz\n|-damage|p1a: Mandibuzz|0 fnt\n|faint|p1a: Mandibuzz\n|\n|-weather|Snow|[upkeep]\n|-damage|p2a: Ursaluna|65\/100 brn|[from] brn\n|upkeep\n|\n|t:|1698613218\n|switch|p1a: Palkia|Palkia, tera:Water|100\/100\n|-ability|p1a: Palkia|Pressure\n|turn|28\n|\n|t:|1698613229\n|switch|p2a: Glastrier|Glastrier|74\/100\n|move|p1a: Palkia|Surf|p2a: Glastrier\n|-damage|p2a: Glastrier|7\/100\n|\n|-weather|Snow|[upkeep]\n|upkeep\n|turn|29\n|\n|t:|1698613235\n|move|p1a: Palkia|Surf|p2a: Glastrier\n|-damage|p2a: Glastrier|0 fnt\n|faint|p2a: Glastrier\n|\n|-weather|none\n|upkeep\n|\n|t:|1698613237\n|switch|p2a: Hatterene|Hatterene, F, shiny|100\/100\n|turn|30\n|\n|t:|1698613245\n|move|p1a: Palkia|Surf|p2a: Hatterene\n|-crit|p2a: Hatterene\n|-enditem|p2a: Hatterene|Focus Sash\n|-damage|p2a: Hatterene|1\/100\n|move|p2a: Hatterene|Trick Room|p2a: Hatterene\n|-fieldstart|move: Trick Room|[of] p2a: Hatterene\n|\n|upkeep\n|turn|31\n|\n|t:|1698613251\n|move|p2a: Hatterene|Misty Explosion|p1a: Palkia\n|-damage|p1a: Palkia|56\/100\n|faint|p2a: Hatterene\n|move|p1a: Palkia|Trick Room|p1a: Palkia\n|-fieldend|move: Trick Room\n|\n|upkeep\n|c|\u2606XpokVEVO|oh my god dude\n|\n|t:|1698613259\n|switch|p2a: Ursaluna|Ursaluna, F, shiny|65\/100 brn\n|turn|32\n|c|\u2606PinkScourge|Lulz\n|\n|t:|1698613262\n|-terastallize|p2a: Ursaluna|Ghost\n|move|p1a: Palkia|Surf|p2a: Ursaluna\n|-damage|p2a: Ursaluna|0 fnt\n|faint|p2a: Ursaluna\n|\n|-fieldend|move: Psychic Terrain\n|upkeep\n|c|\u2606XpokVEVO|did trick room hurt your family\n|c|\u2606PinkScourge|GG\n|c|\u2606XpokVEVO|what the\n|c|\u2606PinkScourge|This is a TR team as well\n|c|\u2606PinkScourge|But is a bulky one\n|c|\u2606PinkScourge|I don't play offense\n|inactive|XpokVEVO has 270 seconds left.\n|\n|t:|1698613305\n|switch|p2a: Dialga|Dialga, shiny|35\/100\n|-ability|p2a: Dialga|Pressure\n|turn|33\n|\n|t:|1698613323\n|move|p1a: Palkia|Spacial Rend|p2a: Dialga\n|-damage|p2a: Dialga|0 fnt\n|faint|p2a: Dialga\n|\n|win|PinkScourge\n|c|\u2606XpokVEVO|re\n|l|\u2606XpokVEVO\n","uploadtime":1698613328,"views":10,"p1id":"pinkscourge","p2id":"xpokvevo","formatid":"gen9ubers","rating":0,"private":0,"password":""}