{"id":"gen9ubers-1978919323","p1":"Yuri_Is_Sweet","p2":"Builder556","format":"[Gen 9] Ubers","log":"|j|\u2606Yuri_Is_Sweet\n|j|\u2606Builder556\n|t:|1698610237\n|gametype|singles\n|player|p1|Yuri_Is_Sweet|elesa|\n|player|p2|Builder556|gambler|\n|teamsize|p1|6\n|teamsize|p2|6\n|gen|9\n|tier|[Gen 9] Ubers\n|rule|Sleep Clause Mod: Limit one foe put to sleep\n|rule|Species Clause: Limit one of each Pok\u00e9mon\n|rule|OHKO Clause: OHKO moves are banned\n|rule|Evasion Items Clause: Evasion items are banned\n|rule|Evasion Moves Clause: Evasion moves are banned\n|rule|Endless Battle Clause: Forcing endless battles is banned\n|rule|HP Percentage Mod: HP is shown in percentages\n|clearpoke\n|poke|p1|Ninetales-Alola, F|\n|poke|p1|Baxcalibur, F|\n|poke|p1|Chien-Pao|\n|poke|p1|Annihilape, F|\n|poke|p1|Flutter Mane|\n|poke|p1|Basculegion, M|\n|poke|p2|Eternatus|\n|poke|p2|Glimmora, F|\n|poke|p2|Flutter Mane|\n|poke|p2|Ninetales-Alola, M|\n|poke|p2|Muk-Alola, M|\n|poke|p2|Iron Valiant|\n|teampreview\n|inactive|Battle timer is ON: inactive players will automatically lose when time's up. (requested by Yuri_Is_Sweet)\n|\n|t:|1698610267\n|start\n|switch|p1a: Ninetales|Ninetales-Alola, F, shiny|100\/100\n|switch|p2a: Magic Hair|Flutter Mane|100\/100\n|-weather|Snow|[from] ability: Snow Warning|[of] p1a: Ninetales\n|turn|1\n|\n|t:|1698610274\n|move|p2a: Magic Hair|Mystical Fire|p1a: Ninetales\n|-supereffective|p1a: Ninetales\n|-damage|p1a: Ninetales|1\/100\n|-unboost|p1a: Ninetales|spa|1\n|move|p1a: Ninetales|Aurora Veil|p1a: Ninetales\n|-sidestart|p1: Yuri_Is_Sweet|move: Aurora Veil\n|\n|-weather|Snow|[upkeep]\n|upkeep\n|turn|2\n|inactive|Builder556 has 270 seconds left.\n|\n|t:|1698610309\n|switch|p1a: Basculegion|Basculegion, M, shiny|100\/100\n|move|p2a: Magic Hair|Mystical Fire|p1a: Basculegion\n|-resisted|p1a: Basculegion\n|-damage|p1a: Basculegion|89\/100\n|-unboost|p1a: Basculegion|spa|1\n|\n|-weather|Snow|[upkeep]\n|upkeep\n|turn|3\n|inactive|Builder556 has 270 seconds left.\n|\n|t:|1698610320\n|-end|p2a: Magic Hair|Protosynthesis|[silent]\n|switch|p2a: Touch of Disdain|Muk-Alola, M|100\/100\n|move|p1a: Basculegion|Last Respects|p2a: Touch of Disdain\n|-resisted|p2a: Touch of Disdain\n|-damage|p2a: Touch of Disdain|84\/100\n|\n|-weather|Snow|[upkeep]\n|upkeep\n|turn|4\n|\n|t:|1698610330\n|switch|p1a: Chien-Pao|Chien-Pao|100\/100\n|-ability|p1a: Chien-Pao|Sword of Ruin\n|move|p2a: Touch of Disdain|Knock Off|p1a: Chien-Pao\n|-resisted|p1a: Chien-Pao\n|-damage|p1a: Chien-Pao|91\/100\n|-enditem|p1a: Chien-Pao|Heavy-Duty Boots|[from] move: Knock Off|[of] p2a: Touch of Disdain\n|\n|-weather|Snow|[upkeep]\n|upkeep\n|turn|5\n|\n|t:|1698610340\n|move|p1a: Chien-Pao|Icicle Crash|p2a: Touch of Disdain\n|-damage|p2a: Touch of Disdain|29\/100\n|move|p2a: Touch of Disdain|Drain Punch|p1a: Chien-Pao\n|-supereffective|p1a: Chien-Pao\n|-damage|p1a: Chien-Pao|46\/100\n|-heal|p2a: Touch of Disdain|46\/100|[from] drain|[of] p1a: Chien-Pao\n|\n|-weather|none\n|upkeep\n|turn|6\n|\n|t:|1698610348\n|move|p1a: Chien-Pao|Icicle Crash|p2a: Touch of Disdain\n|-damage|p2a: Touch of Disdain|0 fnt\n|faint|p2a: Touch of Disdain\n|\n|upkeep\n|\n|t:|1698610362\n|switch|p2a: Flowa|Glimmora, F|100\/100\n|-item|p2a: Flowa|Air Balloon\n|turn|7\n|\n|t:|1698610371\n|move|p1a: Chien-Pao|Icicle Crash|p2a: Flowa\n|-damage|p2a: Flowa|43\/100\n|-activate|p2a: Flowa|ability: Toxic Debris\n|-sidestart|p1: Yuri_Is_Sweet|move: Toxic Spikes\n|-enditem|p2a: Flowa|Air Balloon\n|move|p2a: Flowa|Power Gem|p1a: Chien-Pao\n|-supereffective|p1a: Chien-Pao\n|-damage|p1a: Chien-Pao|0 fnt\n|faint|p1a: Chien-Pao\n|\n|upkeep\n|\n|t:|1698610378\n|switch|p1a: Ninetales|Ninetales-Alola, F, shiny|1\/100\n|-status|p1a: Ninetales|psn\n|-weather|Snow|[from] ability: Snow Warning|[of] p1a: Ninetales\n|turn|8\n|\n|t:|1698610387\n|switch|p1a: Annihilape|Annihilape, F, shiny|100\/100\n|-status|p1a: Annihilape|psn\n|switch|p2a: Kitsune|Ninetales-Alola, M|100\/100\n|\n|-weather|Snow|[upkeep]\n|-damage|p1a: Annihilape|88\/100 psn|[from] psn\n|-sideend|p1: Yuri_Is_Sweet|move: Aurora Veil\n|upkeep\n|turn|9\n|\n|t:|1698610404\n|move|p2a: Kitsune|Aurora Veil|p2a: Kitsune\n|-sidestart|p2: Builder556|move: Aurora Veil\n|move|p1a: Annihilape|Close Combat|p2a: Kitsune\n|-damage|p2a: Kitsune|74\/100\n|-unboost|p1a: Annihilape|def|1\n|-unboost|p1a: Annihilape|spd|1\n|\n|-weather|Snow|[upkeep]\n|-heal|p1a: Annihilape|94\/100 psn|[from] item: Leftovers\n|-damage|p1a: Annihilape|82\/100 psn|[from] psn\n|upkeep\n|turn|10\n|\n|t:|1698610414\n|switch|p2a: Flowa|Glimmora, F|43\/100\n|move|p1a: Annihilape|Close Combat|p2a: Flowa\n|-damage|p2a: Flowa|16\/100\n|-unboost|p1a: Annihilape|def|1\n|-unboost|p1a: Annihilape|spd|1\n|-activate|p2a: Flowa|ability: Toxic Debris\n|-sidestart|p1: Yuri_Is_Sweet|move: Toxic Spikes\n|\n|-weather|Snow|[upkeep]\n|-heal|p1a: Annihilape|88\/100 psn|[from] item: Leftovers\n|-damage|p1a: Annihilape|75\/100 psn|[from] psn\n|upkeep\n|turn|11\n|\n|t:|1698610427\n|move|p1a: Annihilape|Rage Fist|p2a: Flowa\n|-damage|p2a: Flowa|3\/100\n|move|p2a: Flowa|Venoshock|p1a: Annihilape\n|-resisted|p1a: Annihilape\n|-damage|p1a: Annihilape|3\/100 psn\n|\n|-weather|Snow|[upkeep]\n|-heal|p1a: Annihilape|9\/100 psn|[from] item: Leftovers\n|-damage|p1a: Annihilape|0 fnt|[from] psn\n|faint|p1a: Annihilape\n|upkeep\n|\n|t:|1698610436\n|switch|p1a: Ninetales|Ninetales-Alola, F, shiny|1\/100 psn\n|turn|12\n|\n|t:|1698610462\n|switch|p2a: Metal Garde|Iron Valiant|100\/100\n|-enditem|p2a: Metal Garde|Booster Energy\n|-activate|p2a: Metal Garde|ability: Quark Drive|[fromitem]\n|-start|p2a: Metal Garde|quarkdrivespe\n|move|p1a: Ninetales|Aurora Veil|p1a: Ninetales\n|-sidestart|p1: Yuri_Is_Sweet|move: Aurora Veil\n|\n|-weather|none\n|-damage|p1a: Ninetales|0 fnt|[from] psn\n|faint|p1a: Ninetales\n|upkeep\n|\n|t:|1698610468\n|switch|p1a: Flutter Mane|Flutter Mane, shiny|100\/100\n|-status|p1a: Flutter Mane|tox\n|-enditem|p1a: Flutter Mane|Booster Energy\n|-activate|p1a: Flutter Mane|ability: Protosynthesis|[fromitem]\n|-start|p1a: Flutter Mane|protosynthesisspe\n|turn|13\n|inactive|Builder556 has 270 seconds left.\n|\n|t:|1698610492\n|-end|p2a: Metal Garde|Quark Drive|[silent]\n|switch|p2a: Flowa|Glimmora, F|3\/100\n|move|p1a: Flutter Mane|Moonblast|p2a: Flowa\n|-resisted|p2a: Flowa\n|-damage|p2a: Flowa|0 fnt\n|faint|p2a: Flowa\n|\n|-damage|p1a: Flutter Mane|95\/100 tox|[from] psn\n|-sideend|p2: Builder556|move: Aurora Veil\n|upkeep\n|inactive|Builder556 has 270 seconds left.\n|\n|t:|1698610510\n|switch|p2a: Kitsune|Ninetales-Alola, M|74\/100\n|-weather|Snow|[from] ability: Snow Warning|[of] p2a: Kitsune\n|turn|14\n|\n|t:|1698610526\n|move|p1a: Flutter Mane|Mystical Fire|p2a: Kitsune\n|-supereffective|p2a: Kitsune\n|-damage|p2a: Kitsune|9\/100\n|-unboost|p2a: Kitsune|spa|1\n|move|p2a: Kitsune|Aurora Veil|p2a: Kitsune\n|-sidestart|p2: Builder556|move: Aurora Veil\n|\n|-weather|Snow|[upkeep]\n|-damage|p1a: Flutter Mane|83\/100 tox|[from] psn\n|upkeep\n|turn|15\n|inactive|Builder556 has 270 seconds left.\n|\n|t:|1698610548\n|switch|p2a: Metal Garde|Iron Valiant|100\/100\n|move|p1a: Flutter Mane|Shadow Ball|p2a: Metal Garde\n|-damage|p2a: Metal Garde|54\/100\n|-unboost|p2a: Metal Garde|spd|1\n|\n|-weather|Snow|[upkeep]\n|-damage|p1a: Flutter Mane|65\/100 tox|[from] psn\n|upkeep\n|turn|16\n|\n|t:|1698610561\n|-end|p2a: Metal Garde|Quark Drive|[silent]\n|switch|p2a: Kitsune|Ninetales-Alola, M|9\/100\n|move|p1a: Flutter Mane|Moonblast|p2a: Kitsune\n|-damage|p2a: Kitsune|0 fnt\n|faint|p2a: Kitsune\n|\n|-weather|Snow|[upkeep]\n|-damage|p1a: Flutter Mane|41\/100 tox|[from] psn\n|upkeep\n|\n|t:|1698610575\n|switch|p2a: Devastator|Eternatus|100\/100\n|-ability|p2a: Devastator|Pressure\n|turn|17\n|\n|t:|1698610580\n|move|p1a: Flutter Mane|Shadow Ball|p2a: Devastator\n|-damage|p2a: Devastator|83\/100\n|move|p2a: Devastator|Agility|p2a: Devastator\n|-boost|p2a: Devastator|spe|2\n|\n|-weather|Snow|[upkeep]\n|-damage|p1a: Flutter Mane|11\/100 tox|[from] psn\n|upkeep\n|turn|18\n|\n|t:|1698610593\n|move|p2a: Devastator|Agility|p2a: Devastator\n|-boost|p2a: Devastator|spe|2\n|move|p1a: Flutter Mane|Mystical Fire|p2a: Devastator\n|-resisted|p2a: Devastator\n|-damage|p2a: Devastator|79\/100\n|-unboost|p2a: Devastator|spa|1\n|\n|-weather|none\n|-damage|p1a: Flutter Mane|0 fnt|[from] psn\n|faint|p1a: Flutter Mane\n|-end|p1a: Flutter Mane|Protosynthesis|[silent]\n|-sideend|p2: Builder556|move: Aurora Veil\n|upkeep\n|\n|t:|1698610598\n|switch|p1a: Baxcalibur|Baxcalibur, F, shiny|100\/100\n|-status|p1a: Baxcalibur|tox\n|turn|19\n|inactive|Builder556 has 270 seconds left.\n|inactive|Yuri_Is_Sweet has 270 seconds left.\n|\n|t:|1698610641\n|-terastallize|p1a: Baxcalibur|Fairy\n|move|p2a: Devastator|Dynamax Cannon|p1a: Baxcalibur\n|-immune|p1a: Baxcalibur\n|move|p1a: Baxcalibur|Icicle Spear|p2a: Devastator\n|-supereffective|p2a: Devastator\n|-damage|p2a: Devastator|56\/100\n|-enditem|p2a: Devastator|Weakness Policy\n|-boost|p2a: Devastator|atk|2|[from] item: Weakness Policy\n|-boost|p2a: Devastator|spa|2|[from] item: Weakness Policy\n|-supereffective|p2a: Devastator\n|-damage|p2a: Devastator|33\/100\n|-supereffective|p2a: Devastator\n|-damage|p2a: Devastator|9\/100\n|-supereffective|p2a: Devastator\n|-damage|p2a: Devastator|0 fnt\n|faint|p2a: Devastator\n|-hitcount|p2: Devastator|4\n|\n|-damage|p1a: Baxcalibur|94\/100 tox|[from] psn\n|-sideend|p1: Yuri_Is_Sweet|move: Aurora Veil\n|upkeep\n|inactive|Builder556 has 240 seconds left.\n|\n|t:|1698610661\n|switch|p2a: Metal Garde|Iron Valiant|54\/100\n|turn|20\n|inactive|Builder556 has 240 seconds left.\n|\n|t:|1698610678\n|move|p2a: Metal Garde|Destiny Bond|p2a: Metal Garde\n|-singlemove|p2a: Metal Garde|Destiny Bond\n|move|p1a: Baxcalibur|Icicle Spear|p2a: Metal Garde\n|-damage|p2a: Metal Garde|35\/100\n|-damage|p2a: Metal Garde|13\/100\n|-damage|p2a: Metal Garde|0 fnt\n|faint|p2a: Metal Garde\n|-activate|p2a: Metal Garde|move: Destiny Bond\n|-end|p2a: Metal Garde|Quark Drive|[silent]\n|faint|p1a: Baxcalibur\n|-hitcount|p2: Metal Garde|3\n|\n|upkeep\n|inactive|Builder556 has 240 seconds left.\n|\n|t:|1698610688\n|switch|p2a: Magic Hair|Flutter Mane|100\/100\n|switch|p1a: Basculegion|Basculegion, M, shiny|89\/100\n|-status|p1a: Basculegion|tox\n|turn|21\n|\n|t:|1698610697\n|-terastallize|p2a: Magic Hair|Fire\n|move|p1a: Basculegion|Last Respects|p2a: Magic Hair\n|-damage|p2a: Magic Hair|0 fnt\n|faint|p2a: Magic Hair\n|-end|p2a: Magic Hair|Protosynthesis|[silent]\n|\n|win|Yuri_Is_Sweet\n|c|\u2606Yuri_Is_Sweet|gg\n","uploadtime":1698610712,"views":19,"p1id":"yuriissweet","p2id":"builder556","formatid":"gen9ubers","rating":0,"private":0,"password":""}