{"id":"gen9ubers-1976341569","p1":"PinkScourge","p2":"Laprasrules12","format":"[Gen 9] Ubers","log":"|j|\u2606PinkScourge\n|j|\u2606Laprasrules12\n|t:|1698288775\n|gametype|singles\n|player|p1|PinkScourge|bede-leader|\n|player|p2|Laprasrules12|lusamine-nihilego|\n|teamsize|p1|6\n|teamsize|p2|6\n|gen|9\n|tier|[Gen 9] Ubers\n|rule|Sleep Clause Mod: Limit one foe put to sleep\n|rule|Species Clause: Limit one of each Pok\u00e9mon\n|rule|OHKO Clause: OHKO moves are banned\n|rule|Evasion Items Clause: Evasion items are banned\n|rule|Evasion Moves Clause: Evasion moves are banned\n|rule|Endless Battle Clause: Forcing endless battles is banned\n|rule|HP Percentage Mod: HP is shown in percentages\n|clearpoke\n|poke|p1|Alomomola, F|\n|poke|p1|Rillaboom, F|\n|poke|p1|Shaymin-Sky|\n|poke|p1|Heatran, F|\n|poke|p1|Arceus-Grass|\n|poke|p1|Weezing-Galar, F|\n|poke|p2|Arceus-Fighting|\n|poke|p2|Espathra, M|\n|poke|p2|Zacian-*|\n|poke|p2|Palkia-Origin|\n|poke|p2|Cyclizar, F|\n|poke|p2|Magearna-Original|\n|teampreview\n|inactive|Battle timer is ON: inactive players will automatically lose when time's up. (requested by PinkScourge)\n|inactive|Laprasrules12 also wants the timer to be on.\n|\n|t:|1698288791\n|start\n|switch|p1a: Shaymin|Shaymin-Sky|100\/100\n|switch|p2a: Say Gex|Cyclizar, F, shiny|100\/100\n|turn|1\n|\n|t:|1698288798\n|move|p2a: Say Gex|Shed Tail|p2a: Say Gex\n|-start|p2a: Say Gex|Substitute|[from] move: Shed Tail\n|-damage|p2a: Say Gex|50\/100\n|\n|t:|1698288800\n|switch|p2a: Cleopatra|Espathra, M, shiny|100\/100|[from] Shed Tail\n|move|p1a: Shaymin|Air Slash|p2a: Cleopatra\n|-end|p2a: Cleopatra|Substitute\n|\n|upkeep\n|turn|2\n|\n|t:|1698288818\n|switch|p1a: Rillaboom|Rillaboom, F|100\/100\n|-fieldstart|move: Grassy Terrain|[from] ability: Grassy Surge|[of] p1a: Rillaboom\n|move|p2a: Cleopatra|Calm Mind|p2a: Cleopatra\n|-boost|p2a: Cleopatra|spa|1\n|-boost|p2a: Cleopatra|spd|1\n|\n|-ability|p2a: Cleopatra|Speed Boost|boost\n|-boost|p2a: Cleopatra|spe|1\n|upkeep\n|turn|3\n|\n|t:|1698288820\n|move|p2a: Cleopatra|Protect|p2a: Cleopatra\n|-singleturn|p2a: Cleopatra|Protect\n|move|p1a: Rillaboom|Knock Off|p2a: Cleopatra\n|-activate|p2a: Cleopatra|move: Protect\n|\n|-ability|p2a: Cleopatra|Speed Boost|boost\n|-boost|p2a: Cleopatra|spe|1\n|upkeep\n|turn|4\n|\n|t:|1698288827\n|-terastallize|p2a: Cleopatra|Fighting\n|-terastallize|p1a: Rillaboom|Grass\n|move|p1a: Rillaboom|Grassy Glide|p2a: Cleopatra\n|-damage|p2a: Cleopatra|22\/100\n|move|p2a: Cleopatra|Stored Power|p1a: Rillaboom\n|-damage|p1a: Rillaboom|25\/100\n|\n|-heal|p2a: Cleopatra|28\/100|[from] Grassy Terrain\n|-heal|p2a: Cleopatra|34\/100|[from] item: Leftovers\n|-heal|p1a: Rillaboom|32\/100|[from] Grassy Terrain\n|-ability|p2a: Cleopatra|Speed Boost|boost\n|-boost|p2a: Cleopatra|spe|1\n|upkeep\n|turn|5\n|\n|t:|1698288838\n|move|p2a: Cleopatra|Protect|p2a: Cleopatra\n|-singleturn|p2a: Cleopatra|Protect\n|move|p1a: Rillaboom|Grassy Glide|p2a: Cleopatra\n|-activate|p2a: Cleopatra|move: Protect\n|\n|-heal|p2a: Cleopatra|40\/100|[from] Grassy Terrain\n|-heal|p2a: Cleopatra|46\/100|[from] item: Leftovers\n|-heal|p1a: Rillaboom|38\/100|[from] Grassy Terrain\n|-ability|p2a: Cleopatra|Speed Boost|boost\n|-boost|p2a: Cleopatra|spe|1\n|upkeep\n|turn|6\n|\n|t:|1698288840\n|move|p1a: Rillaboom|Grassy Glide|p2a: Cleopatra\n|-damage|p2a: Cleopatra|0 fnt\n|faint|p2a: Cleopatra\n|\n|-heal|p1a: Rillaboom|44\/100|[from] Grassy Terrain\n|upkeep\n|\n|t:|1698288844\n|switch|p2a: Kratos|Arceus-Fighting, shiny|100\/100\n|turn|7\n|\n|t:|1698288856\n|switch|p1a: Weezing|Weezing-Galar, F|100\/100\n|-ability|p1a: Weezing|Neutralizing Gas\n|move|p2a: Kratos|Cosmic Power|p2a: Kratos\n|-boost|p2a: Kratos|def|1\n|-boost|p2a: Kratos|spd|1\n|\n|upkeep\n|turn|8\n|\n|t:|1698288862\n|move|p2a: Kratos|Stored Power|p1a: Weezing\n|-supereffective|p1a: Weezing\n|-damage|p1a: Weezing|57\/100\n|move|p1a: Weezing|Will-O-Wisp|p2a: Kratos\n|-status|p2a: Kratos|brn\n|\n|-heal|p1a: Weezing|63\/100|[from] Grassy Terrain\n|-damage|p2a: Kratos|94\/100 brn|[from] brn\n|upkeep\n|turn|9\n|\n|t:|1698288868\n|move|p2a: Kratos|Stored Power|p1a: Weezing\n|-supereffective|p1a: Weezing\n|-damage|p1a: Weezing|17\/100\n|move|p1a: Weezing|Haze|p1a: Weezing\n|-clearallboost\n|\n|-heal|p2a: Kratos|100\/100 brn|[from] Grassy Terrain\n|-heal|p1a: Weezing|23\/100|[from] Grassy Terrain\n|-damage|p2a: Kratos|94\/100 brn|[from] brn\n|-fieldend|move: Grassy Terrain\n|upkeep\n|turn|10\n|\n|t:|1698288872\n|-end|p1a: Weezing|ability: Neutralizing Gas\n|switch|p1a: Heatran|Heatran, F|100\/100\n|move|p2a: Kratos|Stored Power|p1a: Heatran\n|-resisted|p1a: Heatran\n|-damage|p1a: Heatran|99\/100\n|\n|-heal|p1a: Heatran|100\/100|[from] item: Leftovers\n|-damage|p2a: Kratos|88\/100 brn|[from] brn\n|upkeep\n|turn|11\n|\n|t:|1698288881\n|move|p2a: Kratos|Cosmic Power|p2a: Kratos\n|-boost|p2a: Kratos|def|1\n|-boost|p2a: Kratos|spd|1\n|move|p1a: Heatran|Magma Storm|p2a: Kratos\n|-damage|p2a: Kratos|69\/100 brn\n|-activate|p2a: Kratos|move: Magma Storm|[of] p1a: Heatran\n|\n|-damage|p2a: Kratos|63\/100 brn|[from] brn\n|-damage|p2a: Kratos|50\/100 brn|[from] move: Magma Storm|[partiallytrapped]\n|upkeep\n|turn|12\n|\n|t:|1698288887\n|move|p2a: Kratos|Recover|p2a: Kratos\n|-heal|p2a: Kratos|99\/100 brn\n|move|p1a: Heatran|Taunt|p2a: Kratos\n|-start|p2a: Kratos|move: Taunt\n|\n|-damage|p2a: Kratos|94\/100 brn|[from] brn\n|-damage|p2a: Kratos|82\/100 brn|[from] move: Magma Storm|[partiallytrapped]\n|upkeep\n|turn|13\n|\n|t:|1698288890\n|move|p2a: Kratos|Body Press|p1a: Heatran\n|-supereffective|p1a: Heatran\n|-damage|p1a: Heatran|37\/100\n|move|p1a: Heatran|Earth Power|p2a: Kratos\n|-damage|p2a: Kratos|71\/100 brn\n|\n|-heal|p1a: Heatran|43\/100|[from] item: Leftovers\n|-damage|p2a: Kratos|64\/100 brn|[from] brn\n|-damage|p2a: Kratos|52\/100 brn|[from] move: Magma Storm|[partiallytrapped]\n|upkeep\n|turn|14\n|\n|t:|1698288902\n|switch|p1a: Alomomola|Alomomola, F|100\/100\n|move|p2a: Kratos|Stored Power|p1a: Alomomola\n|-damage|p1a: Alomomola|86\/100\n|\n|-damage|p2a: Kratos|46\/100 brn|[from] brn\n|-end|p2a: Kratos|Magma Storm|[partiallytrapped]|[silent]\n|upkeep\n|turn|15\n|\n|t:|1698288911\n|move|p2a: Kratos|Body Press|p1a: Alomomola\n|-damage|p1a: Alomomola|65\/100\n|-damage|p2a: Kratos|29\/100 brn|[from] item: Rocky Helmet|[of] p1a: Alomomola\n|move|p1a: Alomomola|Flip Turn|p2a: Kratos\n|-damage|p2a: Kratos|24\/100 brn\n|\n|t:|1698288920\n|switch|p1a: Rillaboom|Rillaboom, F, tera:Grass|44\/100|[from] Flip Turn\n|-fieldstart|move: Grassy Terrain|[from] ability: Grassy Surge|[of] p1a: Rillaboom\n|\n|-heal|p2a: Kratos|30\/100 brn|[from] Grassy Terrain\n|-heal|p1a: Rillaboom|50\/100|[from] Grassy Terrain\n|-damage|p2a: Kratos|24\/100 brn|[from] brn\n|-end|p2a: Kratos|move: Taunt\n|upkeep\n|turn|16\n|\n|t:|1698288926\n|move|p1a: Rillaboom|Grassy Glide|p2a: Kratos\n|-damage|p2a: Kratos|5\/100 brn\n|move|p2a: Kratos|Recover|p2a: Kratos\n|-heal|p2a: Kratos|55\/100 brn\n|\n|-heal|p2a: Kratos|61\/100 brn|[from] Grassy Terrain\n|-heal|p1a: Rillaboom|56\/100|[from] Grassy Terrain\n|-damage|p2a: Kratos|55\/100 brn|[from] brn\n|upkeep\n|turn|17\n|\n|t:|1698288938\n|move|p2a: Kratos|Cosmic Power|p2a: Kratos\n|-boost|p2a: Kratos|def|1\n|-boost|p2a: Kratos|spd|1\n|move|p1a: Rillaboom|U-turn|p2a: Kratos\n|-resisted|p2a: Kratos\n|-damage|p2a: Kratos|52\/100 brn\n|\n|t:|1698288944\n|switch|p1a: Shaymin|Shaymin-Sky|100\/100|[from] U-turn\n|\n|-heal|p2a: Kratos|58\/100 brn|[from] Grassy Terrain\n|-damage|p2a: Kratos|52\/100 brn|[from] brn\n|upkeep\n|turn|18\n|\n|t:|1698288950\n|move|p1a: Shaymin|Air Slash|p2a: Kratos|[miss]\n|-miss|p1a: Shaymin|p2a: Kratos\n|move|p2a: Kratos|Recover|p2a: Kratos\n|-heal|p2a: Kratos|100\/100 brn\n|\n|-damage|p2a: Kratos|94\/100 brn|[from] brn\n|upkeep\n|turn|19\n|c|\u2606Laprasrules12|There it is\n|\n|t:|1698288961\n|move|p1a: Shaymin|Air Slash|p2a: Kratos\n|-supereffective|p2a: Kratos\n|-damage|p2a: Kratos|69\/100 brn\n|move|p2a: Kratos|Body Press|p1a: Shaymin\n|-resisted|p1a: Shaymin\n|-crit|p1a: Shaymin\n|-damage|p1a: Shaymin|58\/100\n|\n|-heal|p2a: Kratos|75\/100 brn|[from] Grassy Terrain\n|-damage|p2a: Kratos|69\/100 brn|[from] brn\n|upkeep\n|turn|20\n|\n|t:|1698288966\n|move|p1a: Shaymin|Air Slash|p2a: Kratos\n|-supereffective|p2a: Kratos\n|-damage|p2a: Kratos|43\/100 brn\n|cant|p2a: Kratos|flinch\n|\n|-heal|p2a: Kratos|49\/100 brn|[from] Grassy Terrain\n|-damage|p2a: Kratos|43\/100 brn|[from] brn\n|upkeep\n|turn|21\n|c|\u2606Laprasrules12|Wow\n|\n|t:|1698288970\n|move|p1a: Shaymin|Air Slash|p2a: Kratos|[miss]\n|-miss|p1a: Shaymin|p2a: Kratos\n|move|p2a: Kratos|Recover|p2a: Kratos\n|-heal|p2a: Kratos|93\/100 brn\n|\n|-heal|p2a: Kratos|99\/100 brn|[from] Grassy Terrain\n|-damage|p2a: Kratos|93\/100 brn|[from] brn\n|upkeep\n|turn|22\n|\n|t:|1698288972\n|move|p1a: Shaymin|Air Slash|p2a: Kratos\n|-supereffective|p2a: Kratos\n|-damage|p2a: Kratos|63\/100 brn\n|move|p2a: Kratos|Stored Power|p1a: Shaymin\n|-damage|p1a: Shaymin|27\/100\n|\n|-heal|p2a: Kratos|69\/100 brn|[from] Grassy Terrain\n|-damage|p2a: Kratos|63\/100 brn|[from] brn\n|-fieldend|move: Grassy Terrain\n|upkeep\n|turn|23\n|\n|t:|1698288980\n|switch|p1a: Alomomola|Alomomola, F|98\/100\n|move|p2a: Kratos|Stored Power|p1a: Alomomola\n|-damage|p1a: Alomomola|74\/100\n|\n|-damage|p2a: Kratos|57\/100 brn|[from] brn\n|upkeep\n|turn|24\n|\n|t:|1698288986\n|move|p2a: Kratos|Cosmic Power|p2a: Kratos\n|-boost|p2a: Kratos|def|1\n|-boost|p2a: Kratos|spd|1\n|move|p1a: Alomomola|Mirror Coat||[still]\n|-fail|p1a: Alomomola\n|\n|-damage|p2a: Kratos|51\/100 brn|[from] brn\n|upkeep\n|turn|25\n|\n|t:|1698288988\n|move|p2a: Kratos|Recover|p2a: Kratos\n|-heal|p2a: Kratos|100\/100 brn\n|move|p1a: Alomomola|Wish|p1a: Alomomola\n|\n|-damage|p2a: Kratos|94\/100 brn|[from] brn\n|upkeep\n|turn|26\n|\n|t:|1698288992\n|move|p2a: Kratos|Cosmic Power|p2a: Kratos\n|-boost|p2a: Kratos|def|1\n|-boost|p2a: Kratos|spd|1\n|move|p1a: Alomomola|Flip Turn|p2a: Kratos\n|-damage|p2a: Kratos|91\/100 brn\n|\n|t:|1698289003\n|switch|p1a: Shaymin|Shaymin-Sky|27\/100|[from] Flip Turn\n|\n|-heal|p1a: Shaymin|97\/100|[from] move: Wish|[wisher] Alomomola\n|-damage|p2a: Kratos|85\/100 brn|[from] brn\n|upkeep\n|turn|27\n|\n|t:|1698289009\n|move|p1a: Shaymin|Air Slash|p2a: Kratos\n|-supereffective|p2a: Kratos\n|-damage|p2a: Kratos|66\/100 brn\n|cant|p2a: Kratos|flinch\n|\n|-damage|p2a: Kratos|60\/100 brn|[from] brn\n|upkeep\n|turn|28\n|\n|t:|1698289013\n|move|p1a: Shaymin|Air Slash|p2a: Kratos\n|-supereffective|p2a: Kratos\n|-damage|p2a: Kratos|42\/100 brn\n|move|p2a: Kratos|Stored Power|p1a: Shaymin\n|-damage|p1a: Shaymin|33\/100\n|\n|-damage|p2a: Kratos|36\/100 brn|[from] brn\n|upkeep\n|turn|29\n|\n|t:|1698289018\n|move|p1a: Shaymin|Air Slash|p2a: Kratos\n|-supereffective|p2a: Kratos\n|-damage|p2a: Kratos|16\/100 brn\n|cant|p2a: Kratos|flinch\n|\n|-damage|p2a: Kratos|10\/100 brn|[from] brn\n|upkeep\n|turn|30\n|\n|t:|1698289022\n|move|p1a: Shaymin|Air Slash|p2a: Kratos\n|-supereffective|p2a: Kratos\n|-damage|p2a: Kratos|0 fnt\n|faint|p2a: Kratos\n|\n|upkeep\n|c|\u2606Laprasrules12|Damn\n|\n|t:|1698289026\n|switch|p2a: Sif|Zacian, shiny|100\/100\n|-ability|p2a: Sif|Intrepid Sword|boost\n|-boost|p2a: Sif|atk|1\n|turn|31\n|\n|t:|1698289046\n|move|p1a: Shaymin|Air Slash|p2a: Sif\n|-damage|p2a: Sif|62\/100\n|move|p2a: Sif|Swords Dance|p2a: Sif\n|-boost|p2a: Sif|atk|2\n|\n|upkeep\n|turn|32\n|\n|t:|1698289051\n|move|p1a: Shaymin|Air Slash|p2a: Sif\n|-damage|p2a: Sif|25\/100\n|cant|p2a: Sif|flinch\n|\n|upkeep\n|turn|33\n|\n|t:|1698289055\n|move|p1a: Shaymin|Air Slash|p2a: Sif\n|-damage|p2a: Sif|0 fnt\n|faint|p2a: Sif\n|\n|upkeep\n|\n|t:|1698289058\n|switch|p2a: Say Gex|Cyclizar, F, shiny|84\/100\n|turn|34\n|c|\u2606PinkScourge|Fucking unfait\n|c|\u2606Laprasrules12|I cant even with that\n|\n|t:|1698289069\n|switch|p1a: Alomomola|Alomomola, F|100\/100\n|move|p2a: Say Gex|Shed Tail|p2a: Say Gex\n|-start|p2a: Say Gex|Substitute|[from] move: Shed Tail\n|-damage|p2a: Say Gex|34\/100\n|c|\u2606Laprasrules12|Fml apparently\n|\n|t:|1698289073\n|switch|p2a: Pok\u00e9ball|Magearna-Original|100\/100|[from] Shed Tail\n|\n|upkeep\n|turn|35\n|\n|t:|1698289075\n|move|p2a: Pok\u00e9ball|Thunder Wave|p1a: Alomomola\n|-status|p1a: Alomomola|par\n|move|p1a: Alomomola|Wish|p1a: Alomomola\n|\n|upkeep\n|turn|36\n|\n|t:|1698289078\n|move|p2a: Pok\u00e9ball|Spikes|p1a: Alomomola\n|-sidestart|p1: PinkScourge|Spikes\n|move|p1a: Alomomola|Flip Turn|p2a: Pok\u00e9ball\n|-activate|p2a: Pok\u00e9ball|move: Substitute|[damage]\n|\n|t:|1698289083\n|switch|p1a: Weezing|Weezing-Galar, F|23\/100|[from] Flip Turn\n|-ability|p1a: Weezing|Neutralizing Gas\n|\n|-heal|p1a: Weezing|95\/100|[from] move: Wish|[wisher] Alomomola\n|upkeep\n|turn|37\n|\n|t:|1698289106\n|-end|p1a: Weezing|ability: Neutralizing Gas\n|switch|p1a: Arceus|Arceus-Grass|100\/100\n|-damage|p1a: Arceus|88\/100|[from] Spikes\n|move|p2a: Pok\u00e9ball|Spikes|p1a: Arceus\n|-sidestart|p1: PinkScourge|Spikes\n|\n|upkeep\n|turn|38\n|\n|t:|1698289112\n|move|p1a: Arceus|Flamethrower|p2a: Pok\u00e9ball\n|-supereffective|p2a: Pok\u00e9ball\n|-end|p2a: Pok\u00e9ball|Substitute\n|move|p2a: Pok\u00e9ball|Thunder Wave|p1a: Arceus\n|-status|p1a: Arceus|par\n|\n|upkeep\n|turn|39\n|\n|t:|1698289117\n|move|p2a: Pok\u00e9ball|Volt Switch|p1a: Arceus\n|-resisted|p1a: Arceus\n|-damage|p1a: Arceus|83\/100 par\n|\n|t:|1698289119\n|switch|p2a: The Horse|Palkia-Origin, shiny|100\/100|[from] Volt Switch\n|-ability|p2a: The Horse|Pressure\n|move|p1a: Arceus|Calm Mind|p1a: Arceus\n|-boost|p1a: Arceus|spa|1\n|-boost|p1a: Arceus|spd|1\n|\n|upkeep\n|turn|40\n|\n|t:|1698289125\n|move|p2a: The Horse|Substitute|p2a: The Horse\n|-start|p2a: The Horse|Substitute\n|-damage|p2a: The Horse|76\/100\n|cant|p1a: Arceus|par\n|\n|upkeep\n|turn|41\n|\n|t:|1698289129\n|move|p2a: The Horse|Flamethrower|p1a: Arceus\n|-supereffective|p1a: Arceus\n|-damage|p1a: Arceus|58\/100 par\n|cant|p1a: Arceus|par\n|\n|upkeep\n|turn|42\n|\n|t:|1698289134\n|move|p2a: The Horse|Spacial Rend|p1a: Arceus\n|-damage|p1a: Arceus|37\/100 par\n|move|p1a: Arceus|Recover|p1a: Arceus\n|-heal|p1a: Arceus|87\/100 par\n|\n|upkeep\n|turn|43\n|\n|t:|1698289140\n|move|p2a: The Horse|Flamethrower|p1a: Arceus\n|-supereffective|p1a: Arceus\n|-damage|p1a: Arceus|63\/100 par\n|move|p1a: Arceus|Calm Mind|p1a: Arceus\n|-boost|p1a: Arceus|spa|1\n|-boost|p1a: Arceus|spd|1\n|\n|upkeep\n|turn|44\n|\n|t:|1698289145\n|move|p2a: The Horse|Spacial Rend|p1a: Arceus\n|-crit|p1a: Arceus\n|-damage|p1a: Arceus|15\/100 par\n|move|p1a: Arceus|Recover|p1a: Arceus\n|-heal|p1a: Arceus|65\/100 par\n|\n|upkeep\n|turn|45\n|\n|t:|1698289152\n|move|p2a: The Horse|Flamethrower|p1a: Arceus\n|-supereffective|p1a: Arceus\n|-damage|p1a: Arceus|48\/100 par\n|move|p1a: Arceus|Recover|p1a: Arceus\n|-heal|p1a: Arceus|98\/100 par\n|\n|upkeep\n|turn|46\n|\n|t:|1698289157\n|move|p2a: The Horse|Flamethrower|p1a: Arceus\n|-supereffective|p1a: Arceus\n|-damage|p1a: Arceus|79\/100 par\n|move|p1a: Arceus|Calm Mind|p1a: Arceus\n|-boost|p1a: Arceus|spa|1\n|-boost|p1a: Arceus|spd|1\n|\n|upkeep\n|turn|47\n|\n|t:|1698289162\n|move|p2a: The Horse|Spacial Rend|p1a: Arceus\n|-damage|p1a: Arceus|66\/100 par\n|move|p1a: Arceus|Calm Mind|p1a: Arceus\n|-boost|p1a: Arceus|spa|1\n|-boost|p1a: Arceus|spd|1\n|\n|upkeep\n|turn|48\n|\n|t:|1698289167\n|move|p2a: The Horse|Spacial Rend|p1a: Arceus\n|-damage|p1a: Arceus|55\/100 par\n|cant|p1a: Arceus|par\n|\n|upkeep\n|turn|49\n|\n|t:|1698289175\n|move|p2a: The Horse|Spacial Rend|p1a: Arceus\n|-damage|p1a: Arceus|43\/100 par\n|move|p1a: Arceus|Recover|p1a: Arceus\n|-heal|p1a: Arceus|93\/100 par\n|\n|upkeep\n|turn|50\n|\n|t:|1698289180\n|move|p2a: The Horse|Spacial Rend|p1a: Arceus\n|-damage|p1a: Arceus|82\/100 par\n|cant|p1a: Arceus|par\n|\n|upkeep\n|turn|51\n|\n|t:|1698289184\n|move|p2a: The Horse|Flamethrower|p1a: Arceus\n|-supereffective|p1a: Arceus\n|-damage|p1a: Arceus|69\/100 par\n|move|p1a: Arceus|Judgment|p2a: The Horse\n|-end|p2a: The Horse|Substitute\n|\n|upkeep\n|turn|52\n|c|\u2606Laprasrules12|I guess no crit into para\n|\n|t:|1698289190\n|move|p2a: The Horse|Spacial Rend|p1a: Arceus\n|-damage|p1a: Arceus|58\/100 par\n|cant|p1a: Arceus|par\n|\n|upkeep\n|turn|53\n|\n|t:|1698289193\n|move|p2a: The Horse|Flamethrower|p1a: Arceus\n|-supereffective|p1a: Arceus\n|-damage|p1a: Arceus|46\/100 par\n|move|p1a: Arceus|Calm Mind|p1a: Arceus\n|-boost|p1a: Arceus|spa|1\n|-boost|p1a: Arceus|spd|1\n|\n|upkeep\n|turn|54\n|c|\u2606Laprasrules12|Why did I think this team was any good\n|\n|t:|1698289207\n|move|p2a: The Horse|Flamethrower|p1a: Arceus\n|-supereffective|p1a: Arceus\n|-damage|p1a: Arceus|35\/100 par\n|cant|p1a: Arceus|par\n|\n|upkeep\n|turn|55\n|\n|t:|1698289212\n|move|p2a: The Horse|Spacial Rend|p1a: Arceus\n|-damage|p1a: Arceus|24\/100 par\n|move|p1a: Arceus|Recover|p1a: Arceus\n|-heal|p1a: Arceus|74\/100 par\n|\n|upkeep\n|turn|56\n|\n|t:|1698289216\n|move|p2a: The Horse|Flamethrower|p1a: Arceus\n|-supereffective|p1a: Arceus\n|-damage|p1a: Arceus|64\/100 par\n|move|p1a: Arceus|Judgment|p2a: The Horse\n|-damage|p2a: The Horse|0 fnt\n|faint|p2a: The Horse\n|\n|upkeep\n|-message|Laprasrules12 forfeited.\n|\n|win|PinkScourge\n|l|\u2606Laprasrules12\n","uploadtime":1698289227,"views":14,"p1id":"pinkscourge","p2id":"laprasrules12","formatid":"gen9ubers","rating":0,"private":0,"password":""}