{"id":"gen9ubers-1990154377","p1":"SadaShidz\ufe0f","p2":"Junky Dummy","format":"[Gen 9] Ubers","log":"|j|\u2606SadaShidz\ufe0f\n|j|\u2606Junky Dummy\n|t:|1699930538\n|gametype|singles\n|player|p1|SadaShidz\ufe0f|sada-ai|1236\n|player|p2|Junky Dummy|102|1165\n|teamsize|p1|6\n|teamsize|p2|6\n|gen|9\n|tier|[Gen 9] Ubers\n|rated|\n|rule|Sleep Clause Mod: Limit one foe put to sleep\n|rule|Species Clause: Limit one of each Pok\u00e9mon\n|rule|OHKO Clause: OHKO moves are banned\n|rule|Evasion Items Clause: Evasion items are banned\n|rule|Evasion Moves Clause: Evasion moves are banned\n|rule|Endless Battle Clause: Forcing endless battles is banned\n|rule|HP Percentage Mod: HP is shown in percentages\n|clearpoke\n|poke|p1|Baxcalibur, M|\n|poke|p1|Ninetales-Alola, F|\n|poke|p1|Iron Valiant|\n|poke|p1|Flutter Mane|\n|poke|p1|Ribombee, M|\n|poke|p1|Arceus-Ghost|\n|poke|p2|Miraidon|\n|poke|p2|Ting-Lu|\n|poke|p2|Kyogre|\n|poke|p2|Zacian-*|\n|poke|p2|Mewtwo|\n|poke|p2|Giratina|\n|teampreview\n|inactive|Battle timer is ON: inactive players will automatically lose when time's up. (requested by SadaShidz\ufe0f)\n|\n|t:|1699930552\n|start\n|switch|p1a: Yamato|Ninetales-Alola, F, shiny|100\/100\n|switch|p2a: Mewtwo|Mewtwo, shiny|100\/100\n|-ability|p2a: Mewtwo|Pressure\n|-weather|Snow|[from] ability: Snow Warning|[of] p1a: Yamato\n|turn|1\n|\n|t:|1699930555\n|move|p2a: Mewtwo|Taunt|p1a: Yamato\n|-start|p1a: Yamato|move: Taunt\n|cant|p1a: Yamato|move: Taunt|Aurora Veil\n|\n|-weather|Snow|[upkeep]\n|upkeep\n|turn|2\n|\n|t:|1699930566\n|move|p2a: Mewtwo|Nasty Plot|p2a: Mewtwo\n|-boost|p2a: Mewtwo|spa|2\n|move|p1a: Yamato|Freeze-Dry|p2a: Mewtwo\n|-damage|p2a: Mewtwo|72\/100\n|\n|-weather|Snow|[upkeep]\n|-heal|p2a: Mewtwo|78\/100|[from] item: Leftovers\n|upkeep\n|turn|3\n|\n|t:|1699930575\n|switch|p1a: Yamz|Arceus-Ghost, shiny|100\/100\n|move|p2a: Mewtwo|Psystrike|p1a: Yamz\n|-damage|p1a: Yamz|28\/100\n|\n|-weather|Snow|[upkeep]\n|-heal|p2a: Mewtwo|84\/100|[from] item: Leftovers\n|upkeep\n|turn|4\n|\n|t:|1699930581\n|move|p2a: Mewtwo|Psystrike|p1a: Yamz\n|-damage|p1a: Yamz|0 fnt\n|faint|p1a: Yamz\n|\n|-weather|Snow|[upkeep]\n|-heal|p2a: Mewtwo|90\/100|[from] item: Leftovers\n|upkeep\n|\n|t:|1699930586\n|switch|p1a: Shinobu|Ribombee, M, shiny|100\/100\n|turn|5\n|inactive|Junky Dummy has 120 seconds left.\n|\n|t:|1699930620\n|move|p2a: Mewtwo|Taunt|p1a: Shinobu\n|-start|p1a: Shinobu|move: Taunt\n|cant|p1a: Shinobu|move: Taunt|Stun Spore\n|\n|-weather|none\n|-heal|p2a: Mewtwo|97\/100|[from] item: Leftovers\n|upkeep\n|turn|6\n|\n|t:|1699930638\n|-terastallize|p2a: Mewtwo|Steel\n|move|p2a: Mewtwo|Psystrike|p1a: Shinobu\n|-enditem|p1a: Shinobu|Focus Sash\n|-damage|p1a: Shinobu|1\/100\n|move|p1a: Shinobu|U-turn|p2a: Mewtwo\n|-resisted|p2a: Mewtwo\n|-damage|p2a: Mewtwo|90\/100\n|\n|t:|1699930645\n|switch|p1a: XJ9|Iron Valiant|100\/100|[from] U-turn\n|-enditem|p1a: XJ9|Booster Energy\n|-activate|p1a: XJ9|ability: Quark Drive|[fromitem]\n|-start|p1a: XJ9|quarkdrivespe\n|\n|-heal|p2a: Mewtwo|96\/100|[from] item: Leftovers\n|upkeep\n|turn|7\n|inactive|Junky Dummy has 120 seconds left.\n|\n|t:|1699930671\n|move|p1a: XJ9|Aura Sphere|p2a: Mewtwo\n|-supereffective|p2a: Mewtwo\n|-damage|p2a: Mewtwo|14\/100\n|move|p2a: Mewtwo|Psystrike|p1a: XJ9\n|-supereffective|p1a: XJ9\n|-damage|p1a: XJ9|0 fnt\n|faint|p1a: XJ9\n|-end|p1a: XJ9|Quark Drive|[silent]\n|\n|-heal|p2a: Mewtwo|20\/100|[from] item: Leftovers\n|upkeep\n|\n|t:|1699930681\n|switch|p1a: Gucci|Flutter Mane, shiny|100\/100\n|-enditem|p1a: Gucci|Booster Energy\n|-activate|p1a: Gucci|ability: Protosynthesis|[fromitem]\n|-start|p1a: Gucci|protosynthesisspe\n|turn|8\n|\n|t:|1699930688\n|move|p1a: Gucci|Mystical Fire|p2a: Mewtwo\n|-supereffective|p2a: Mewtwo\n|-damage|p2a: Mewtwo|0 fnt\n|faint|p2a: Mewtwo\n|\n|upkeep\n|inactive|Junky Dummy has 120 seconds left.\n|\n|t:|1699930702\n|switch|p2a: Kyogre|Kyogre, shiny|100\/100\n|-weather|RainDance|[from] ability: Drizzle|[of] p2a: Kyogre\n|turn|9\n|\n|t:|1699930706\n|move|p1a: Gucci|Calm Mind|p1a: Gucci\n|-boost|p1a: Gucci|spa|1\n|-boost|p1a: Gucci|spd|1\n|move|p2a: Kyogre|Water Spout|p1a: Gucci\n|-damage|p1a: Gucci|7\/100\n|\n|-weather|RainDance|[upkeep]\n|upkeep\n|turn|10\n|\n|t:|1699930722\n|switch|p2a: Ting-Lu|Ting-Lu|100\/100\n|-ability|p2a: Ting-Lu|Vessel of Ruin\n|move|p1a: Gucci|Draining Kiss|p2a: Ting-Lu\n|-supereffective|p2a: Ting-Lu\n|-damage|p2a: Ting-Lu|65\/100\n|-heal|p1a: Gucci|61\/100|[from] drain|[of] p2a: Ting-Lu\n|\n|-weather|RainDance|[upkeep]\n|-heal|p2a: Ting-Lu|72\/100|[from] item: Leftovers\n|upkeep\n|turn|11\n|\n|t:|1699930730\n|move|p1a: Gucci|Draining Kiss|p2a: Ting-Lu\n|-supereffective|p2a: Ting-Lu\n|-crit|p2a: Ting-Lu\n|-damage|p2a: Ting-Lu|24\/100\n|-heal|p1a: Gucci|100\/100|[from] drain|[of] p2a: Ting-Lu\n|move|p2a: Ting-Lu|Whirlwind|p1a: Gucci\n|-end|p1a: Gucci|Protosynthesis|[silent]\n|drag|p1a: Shinobu|Ribombee, M, shiny|1\/100\n|\n|-weather|RainDance|[upkeep]\n|-heal|p2a: Ting-Lu|30\/100|[from] item: Leftovers\n|upkeep\n|turn|12\n|\n|t:|1699930747\n|switch|p2a: Giratina|Giratina, shiny|100\/100\n|-ability|p2a: Giratina|Pressure\n|move|p1a: Shinobu|Sticky Web|p2a: Giratina\n|-sidestart|p2: Junky Dummy|move: Sticky Web\n|\n|-weather|RainDance|[upkeep]\n|upkeep\n|turn|13\n|\n|t:|1699930753\n|move|p1a: Shinobu|Stun Spore|p2a: Giratina\n|-status|p2a: Giratina|par\n|cant|p2a: Giratina|par\n|\n|-weather|none\n|upkeep\n|turn|14\n|\n|t:|1699930760\n|move|p1a: Shinobu|U-turn|p2a: Giratina\n|-resisted|p2a: Giratina\n|-damage|p2a: Giratina|98\/100 par\n|\n|t:|1699930762\n|switch|p1a: Jumbotron|Baxcalibur, M, shiny|100\/100|[from] U-turn\n|move|p2a: Giratina|Will-O-Wisp|p1a: Jumbotron\n|-immune|p1a: Jumbotron|[from] ability: Thermal Exchange\n|\n|upkeep\n|turn|15\n|\n|t:|1699930771\n|-terastallize|p1a: Jumbotron|Fairy\n|move|p1a: Jumbotron|Dragon Dance|p1a: Jumbotron\n|-boost|p1a: Jumbotron|atk|1\n|-boost|p1a: Jumbotron|spe|1\n|move|p2a: Giratina|Defog|p1a: Jumbotron\n|-unboost|p1a: Jumbotron|evasion|1\n|-sideend|p2: Junky Dummy|Sticky Web|[from] move: Defog|[of] p2a: Giratina\n|\n|upkeep\n|turn|16\n|\n|t:|1699930795\n|switch|p2a: Kyogre|Kyogre, shiny|100\/100\n|-weather|RainDance|[from] ability: Drizzle|[of] p2a: Kyogre\n|move|p1a: Jumbotron|Dragon Dance|p1a: Jumbotron\n|-boost|p1a: Jumbotron|atk|1\n|-boost|p1a: Jumbotron|spe|1\n|\n|-weather|RainDance|[upkeep]\n|upkeep\n|turn|17\n|\n|t:|1699930811\n|move|p1a: Jumbotron|Scale Shot|p2a: Kyogre\n|-damage|p2a: Kyogre|71\/100\n|-damage|p2a: Kyogre|38\/100\n|-damage|p2a: Kyogre|4\/100\n|-damage|p2a: Kyogre|0 fnt\n|faint|p2a: Kyogre\n|-hitcount|p2: Kyogre|4\n|-unboost|p1a: Jumbotron|def|1\n|-boost|p1a: Jumbotron|spe|1\n|\n|-weather|RainDance|[upkeep]\n|upkeep\n|\n|t:|1699930816\n|switch|p2a: Zacian|Zacian-Crowned, shiny|100\/100\n|-ability|p2a: Zacian|Intrepid Sword|boost\n|-boost|p2a: Zacian|atk|1\n|turn|18\n|\n|t:|1699930820\n|move|p1a: Jumbotron|Earthquake|p2a: Zacian\n|-supereffective|p2a: Zacian\n|-damage|p2a: Zacian|0 fnt\n|faint|p2a: Zacian\n|\n|-weather|RainDance|[upkeep]\n|upkeep\n|\n|t:|1699930823\n|switch|p2a: Miraidon|Miraidon|100\/100\n|-fieldstart|move: Electric Terrain|[from] ability: Hadron Engine|[of] p2a: Miraidon\n|turn|19\n|\n|t:|1699930826\n|move|p1a: Jumbotron|Icicle Spear|p2a: Miraidon\n|-supereffective|p2a: Miraidon\n|-damage|p2a: Miraidon|48\/100\n|-supereffective|p2a: Miraidon\n|-damage|p2a: Miraidon|0 fnt\n|faint|p2a: Miraidon\n|-hitcount|p2: Miraidon|2\n|\n|-weather|RainDance|[upkeep]\n|upkeep\n|-message|Junky Dummy forfeited.\n|\n|win|SadaShidz\ufe0f\n|raw|SadaShidz\ufe0f's rating: 1236 &rarr; <strong>1256<\/strong><br \/>(+20 for winning)\n|raw|Junky Dummy's rating: 1165 &rarr; <strong>1145<\/strong><br \/>(-20 for losing)\n|l|\u2606Junky Dummy\n","uploadtime":1699930837,"views":6,"p1id":"sadashidz","p2id":"junkydummy","formatid":"gen9ubers","rating":1145,"private":0,"password":""}