{"id":"gen9ubers-1976768806","p1":"anarchistsshitpost","p2":"AverageStallFan","format":"[Gen 9] Ubers","log":"|j|\u2606anarchistsshitpost\n|j|\u2606AverageStallFan\n|t:|1698339869\n|gametype|singles\n|player|p1|anarchistsshitpost|raihan|\n|player|p2|AverageStallFan|265|\n|teamsize|p1|6\n|teamsize|p2|6\n|gen|9\n|tier|[Gen 9] Ubers\n|rule|Sleep Clause Mod: Limit one foe put to sleep\n|rule|Species Clause: Limit one of each Pok\u00e9mon\n|rule|OHKO Clause: OHKO moves are banned\n|rule|Evasion Items Clause: Evasion items are banned\n|rule|Evasion Moves Clause: Evasion moves are banned\n|rule|Endless Battle Clause: Forcing endless battles is banned\n|rule|HP Percentage Mod: HP is shown in percentages\n|clearpoke\n|poke|p1|Masquerain, F|\n|poke|p1|Glimmora, M|\n|poke|p1|Pikachu, F|\n|poke|p1|Alomomola, F|\n|poke|p1|Garchomp, F|\n|poke|p1|Ogerpon-Hearthflame, F|\n|poke|p2|Volcarona, M|\n|poke|p2|Toxapex, F|\n|poke|p2|Ting-Lu|\n|poke|p2|Clefable, M|\n|poke|p2|Ludicolo, M|\n|poke|p2|Dragapult, M|\n|teampreview\n|\n|t:|1698339897\n|start\n|switch|p1a: Girl Boss|Ogerpon-Hearthflame, F|100\/100\n|switch|p2a: Ting-Lu|Ting-Lu|100\/100\n|-ability|p1a: Girl Boss|Mold Breaker\n|-ability|p2a: Ting-Lu|Vessel of Ruin\n|turn|1\n|\n|t:|1698339908\n|move|p1a: Girl Boss|Taunt|p2a: Ting-Lu\n|-start|p2a: Ting-Lu|move: Taunt\n|cant|p2a: Ting-Lu|move: Taunt|Whirlwind\n|\n|upkeep\n|turn|2\n|\n|t:|1698339917\n|switch|p2a: Clefable|Clefable, M|100\/100\n|move|p1a: Girl Boss|Horn Leech|p2a: Clefable\n|-damage|p2a: Clefable|62\/100\n|\n|-heal|p2a: Clefable|69\/100|[from] item: Leftovers\n|upkeep\n|turn|3\n|\n|t:|1698339926\n|move|p1a: Girl Boss|Taunt|p2a: Clefable\n|-start|p2a: Clefable|move: Taunt\n|cant|p2a: Clefable|move: Taunt|Thunder Wave\n|\n|-heal|p2a: Clefable|75\/100|[from] item: Leftovers\n|upkeep\n|turn|4\n|\n|t:|1698339934\n|move|p1a: Girl Boss|Ivy Cudgel|p2a: Clefable\n|-crit|p2a: Clefable\n|-damage|p2a: Clefable|0 fnt\n|faint|p2a: Clefable\n|\n|upkeep\n|c|\u2606anarchistsshitpost|oof\n|\n|t:|1698339943\n|switch|p2a: Ludicolo|Ludicolo, M|100\/100\n|turn|5\n|\n|t:|1698339981\n|move|p1a: Girl Boss|Ivy Cudgel|p2a: Ludicolo\n|-crit|p2a: Ludicolo\n|-damage|p2a: Ludicolo|0 fnt\n|faint|p2a: Ludicolo\n|\n|upkeep\n|c|\u2606anarchistsshitpost|oof\n|c|\u2606anarchistsshitpost|thats so unlucky\n|\n|t:|1698339999\n|switch|p2a: Dragapult|Dragapult, M|100\/100\n|turn|6\n|\n|t:|1698340003\n|move|p2a: Dragapult|Dragon Darts|p1a: Girl Boss\n|-damage|p1a: Girl Boss|69\/100\n|-anim|p2a: Dragapult|Dragon Darts|p1a: Girl Boss\n|-damage|p1a: Girl Boss|38\/100\n|move|p1a: Girl Boss|Knock Off|p2a: Dragapult\n|-supereffective|p2a: Dragapult\n|-damage|p2a: Dragapult|0 fnt\n|-enditem|p2a: Dragapult|Leftovers|[from] move: Knock Off|[of] p1a: Girl Boss\n|faint|p2a: Dragapult\n|\n|upkeep\n|\n|t:|1698340012\n|switch|p2a: Volcarona|Volcarona, M|100\/100\n|turn|7\n|\n|t:|1698340067\n|switch|p1a: Grunt|Garchomp, F|100\/100\n|move|p2a: Volcarona|Bug Buzz|p1a: Grunt\n|-damage|p1a: Grunt|55\/100\n|\n|-heal|p1a: Grunt|61\/100|[from] item: Leftovers\n|upkeep\n|turn|8\n|\n|t:|1698340081\n|switch|p2a: Ting-Lu|Ting-Lu|100\/100\n|-ability|p2a: Ting-Lu|Vessel of Ruin\n|move|p1a: Grunt|Stealth Rock|p2a: Ting-Lu\n|-sidestart|p2: AverageStallFan|move: Stealth Rock\n|\n|-heal|p1a: Grunt|67\/100|[from] item: Leftovers\n|upkeep\n|turn|9\n|\n|t:|1698340091\n|move|p2a: Ting-Lu|Spikes|p1a: Grunt\n|-sidestart|p1: anarchistsshitpost|Spikes\n|move|p1a: Grunt|Dragon Tail|p2a: Ting-Lu\n|-damage|p2a: Ting-Lu|84\/100\n|drag|p2a: Volcarona|Volcarona, M|100\/100\n|\n|-heal|p1a: Grunt|73\/100|[from] item: Leftovers\n|upkeep\n|turn|10\n|\n|t:|1698340100\n|switch|p2a: Toxapex|Toxapex, F|100\/100\n|-damage|p2a: Toxapex|88\/100|[from] Stealth Rock\n|move|p1a: Grunt|Earthquake|p2a: Toxapex\n|-supereffective|p2a: Toxapex\n|-damage|p2a: Toxapex|19\/100\n|\n|-heal|p1a: Grunt|80\/100|[from] item: Leftovers\n|-heal|p2a: Toxapex|25\/100|[from] item: Black Sludge\n|upkeep\n|turn|11\n|\n|t:|1698340110\n|move|p1a: Grunt|Earthquake|p2a: Toxapex\n|-supereffective|p2a: Toxapex\n|-damage|p2a: Toxapex|0 fnt\n|faint|p2a: Toxapex\n|\n|-heal|p1a: Grunt|86\/100|[from] item: Leftovers\n|upkeep\n|\n|t:|1698340115\n|switch|p2a: Ting-Lu|Ting-Lu|84\/100\n|-damage|p2a: Ting-Lu|78\/100|[from] Stealth Rock\n|-ability|p2a: Ting-Lu|Vessel of Ruin\n|turn|12\n|\n|t:|1698340121\n|move|p1a: Grunt|Dragon Tail|p2a: Ting-Lu\n|-damage|p2a: Ting-Lu|63\/100\n|drag|p2a: Volcarona|Volcarona, M|100\/100\n|\n|-heal|p1a: Grunt|92\/100|[from] item: Leftovers\n|upkeep\n|turn|13\n|\n|t:|1698340128\n|move|p2a: Volcarona|Quiver Dance|p2a: Volcarona\n|-boost|p2a: Volcarona|spa|1\n|-boost|p2a: Volcarona|spd|1\n|-boost|p2a: Volcarona|spe|1\n|move|p1a: Grunt|Earthquake|p2a: Volcarona\n|-damage|p2a: Volcarona|32\/100\n|\n|-heal|p1a: Grunt|98\/100|[from] item: Leftovers\n|upkeep\n|turn|14\n|\n|t:|1698340140\n|move|p2a: Volcarona|Giga Drain|p1a: Grunt\n|-damage|p1a: Grunt|61\/100\n|-heal|p2a: Volcarona|57\/100|[from] drain|[of] p1a: Grunt\n|move|p1a: Grunt|Earthquake|p2a: Volcarona\n|-damage|p2a: Volcarona|0 fnt\n|faint|p2a: Volcarona\n|\n|-heal|p1a: Grunt|67\/100|[from] item: Leftovers\n|upkeep\n|\n|t:|1698340148\n|switch|p2a: Ting-Lu|Ting-Lu|63\/100\n|-damage|p2a: Ting-Lu|57\/100|[from] Stealth Rock\n|-ability|p2a: Ting-Lu|Vessel of Ruin\n|turn|15\n|\n|t:|1698340154\n|move|p1a: Grunt|Earthquake|p2a: Ting-Lu\n|-damage|p2a: Ting-Lu|30\/100\n|move|p2a: Ting-Lu|Earthquake|p1a: Grunt\n|-damage|p1a: Grunt|38\/100\n|\n|-heal|p1a: Grunt|44\/100|[from] item: Leftovers\n|-heal|p2a: Ting-Lu|36\/100|[from] item: Leftovers\n|upkeep\n|turn|16\n|\n|t:|1698340162\n|move|p1a: Grunt|Earthquake|p2a: Ting-Lu\n|-damage|p2a: Ting-Lu|8\/100\n|move|p2a: Ting-Lu|Earthquake|p1a: Grunt\n|-damage|p1a: Grunt|11\/100\n|\n|-heal|p1a: Grunt|17\/100|[from] item: Leftovers\n|-heal|p2a: Ting-Lu|15\/100|[from] item: Leftovers\n|upkeep\n|turn|17\n|\n|t:|1698340170\n|move|p1a: Grunt|Earthquake|p2a: Ting-Lu\n|-damage|p2a: Ting-Lu|0 fnt\n|faint|p2a: Ting-Lu\n|\n|win|anarchistsshitpost\n|c|\u2606AverageStallFan|gg\n|c|\u2606anarchistsshitpost|gg\n|c|\u2606anarchistsshitpost|you got really unlucky with those crits\n|c|\u2606anarchistsshitpost|its best of 3 yeah?\n","uploadtime":1698340224,"views":38,"p1id":"anarchistsshitpost","p2id":"averagestallfan","formatid":"gen9ubers","rating":0,"private":0,"password":""}