{"id":"gen9ubers-1978310095","p1":"XpokVEVO","p2":"IcyTheScreamer","format":"[Gen 9] Ubers","log":"|j|\u2606XpokVEVO\n|j|\u2606IcyTheScreamer\n|t:|1698523627\n|gametype|singles\n|player|p1|XpokVEVO|anabel|\n|player|p2|IcyTheScreamer|ingo|\n|teamsize|p1|6\n|teamsize|p2|6\n|gen|9\n|tier|[Gen 9] Ubers\n|rule|Sleep Clause Mod: Limit one foe put to sleep\n|rule|Species Clause: Limit one of each Pok\u00e9mon\n|rule|OHKO Clause: OHKO moves are banned\n|rule|Evasion Items Clause: Evasion items are banned\n|rule|Evasion Moves Clause: Evasion moves are banned\n|rule|Endless Battle Clause: Forcing endless battles is banned\n|rule|HP Percentage Mod: HP is shown in percentages\n|clearpoke\n|poke|p1|Arceus-Fire|\n|poke|p1|Shaymin-Sky|\n|poke|p1|Cyclizar, M|\n|poke|p1|Espathra, M|\n|poke|p1|Magearna|\n|poke|p1|Zacian-*|\n|poke|p2|Dialga|\n|poke|p2|Gliscor, M|\n|poke|p2|Arceus-Poison|\n|poke|p2|Blissey, F|\n|poke|p2|Giratina|\n|poke|p2|Dondozo, F|\n|teampreview\n|\n|t:|1698523635\n|start\n|switch|p1a: Cyclizar|Cyclizar, M|100\/100\n|switch|p2a: Dialga|Dialga|100\/100\n|-ability|p2a: Dialga|Pressure\n|turn|1\n|\n|t:|1698523649\n|move|p1a: Cyclizar|Shed Tail|p1a: Cyclizar\n|-start|p1a: Cyclizar|Substitute|[from] move: Shed Tail\n|-damage|p1a: Cyclizar|50\/100\n|\n|t:|1698523664\n|switch|p1a: Shaymin|Shaymin-Sky, shiny|100\/100|[from] Shed Tail\n|move|p2a: Dialga|Roar|p1a: Shaymin\n|drag|p1a: Cyclizar|Cyclizar, M|84\/100\n|\n|upkeep\n|turn|2\n|c|\u2606XpokVEVO|thats sad\n|\n|t:|1698523673\n|move|p1a: Cyclizar|Shed Tail|p1a: Cyclizar\n|-start|p1a: Cyclizar|Substitute|[from] move: Shed Tail\n|-damage|p1a: Cyclizar|34\/100\n|\n|t:|1698523675\n|switch|p1a: Magearna|Magearna|100\/100|[from] Shed Tail\n|move|p2a: Dialga|Stealth Rock|p1a: Magearna\n|-sidestart|p1: XpokVEVO|move: Stealth Rock\n|\n|upkeep\n|turn|3\n|\n|t:|1698523684\n|move|p1a: Magearna|Thunder Wave|p2a: Dialga\n|-status|p2a: Dialga|par\n|move|p2a: Dialga|Roar|p1a: Magearna\n|drag|p1a: Zacian|Zacian, shiny|100\/100\n|-damage|p1a: Zacian|88\/100|[from] Stealth Rock\n|-ability|p1a: Zacian|Intrepid Sword|boost\n|-boost|p1a: Zacian|atk|1\n|\n|upkeep\n|turn|4\n|\n|t:|1698523692\n|switch|p2a: Dondozo|Dondozo, F|100\/100\n|move|p1a: Zacian|Play Rough|p2a: Dondozo\n|-damage|p2a: Dondozo|71\/100\n|-unboost|p2a: Dondozo|atk|1\n|-damage|p1a: Zacian|72\/100|[from] item: Rocky Helmet|[of] p2a: Dondozo\n|\n|upkeep\n|turn|5\n|\n|t:|1698523724\n|switch|p1a: Shaymin|Shaymin-Sky, shiny|100\/100\n|-damage|p1a: Shaymin|76\/100|[from] Stealth Rock\n|move|p2a: Dondozo|Curse|p2a: Dondozo\n|-unboost|p2a: Dondozo|spe|1\n|-boost|p2a: Dondozo|atk|1\n|-boost|p2a: Dondozo|def|1\n|\n|upkeep\n|turn|6\n|\n|t:|1698523732\n|switch|p2a: Dialga|Dialga|100\/100 par\n|-ability|p2a: Dialga|Pressure\n|move|p1a: Shaymin|Seed Flare|p2a: Dialga\n|-resisted|p2a: Dialga\n|-crit|p2a: Dialga\n|-damage|p2a: Dialga|75\/100 par\n|-unboost|p2a: Dialga|spd|2\n|-damage|p1a: Shaymin|66\/100|[from] item: Life Orb\n|\n|-heal|p2a: Dialga|82\/100 par|[from] item: Leftovers\n|upkeep\n|turn|7\n|\n|t:|1698523743\n|move|p1a: Shaymin|Earth Power|p2a: Dialga\n|-supereffective|p2a: Dialga\n|-damage|p2a: Dialga|0 fnt\n|faint|p2a: Dialga\n|-damage|p1a: Shaymin|56\/100|[from] item: Life Orb\n|\n|upkeep\n|\n|t:|1698523751\n|switch|p2a: Arceus|Arceus-Poison|100\/100\n|turn|8\n|\n|t:|1698523772\n|switch|p1a: Magearna|Magearna|100\/100\n|-damage|p1a: Magearna|95\/100|[from] Stealth Rock\n|move|p2a: Arceus|Taunt|p1a: Magearna\n|-start|p1a: Magearna|move: Taunt\n|\n|upkeep\n|turn|9\n|c|\u2606XpokVEVO|please dont be eq\n|\n|t:|1698523782\n|move|p2a: Arceus|Flamethrower|p1a: Magearna\n|-supereffective|p1a: Magearna\n|-damage|p1a: Magearna|31\/100\n|-enditem|p1a: Magearna|Weakness Policy\n|-boost|p1a: Magearna|atk|2|[from] item: Weakness Policy\n|-boost|p1a: Magearna|spa|2|[from] item: Weakness Policy\n|move|p1a: Magearna|Flash Cannon|p2a: Arceus\n|-damage|p2a: Arceus|37\/100\n|\n|upkeep\n|turn|10\n|c|\u2606XpokVEVO|thats even worse\n|\n|t:|1698523791\n|-terastallize|p1a: Magearna|Water\n|move|p2a: Arceus|Flamethrower|p1a: Magearna\n|-resisted|p1a: Magearna\n|-damage|p1a: Magearna|14\/100\n|move|p1a: Magearna|Flash Cannon|p2a: Arceus\n|-damage|p2a: Arceus|0 fnt\n|faint|p2a: Arceus\n|-ability|p1a: Magearna|Soul-Heart|boost\n|-boost|p1a: Magearna|spa|1\n|\n|-end|p1a: Magearna|move: Taunt\n|upkeep\n|c|\u2606XpokVEVO|kill\n|\n|t:|1698523800\n|switch|p2a: Gliscor|Gliscor, M|100\/100\n|turn|11\n|c|\u2606XpokVEVO|with glisor\n|c|\u2606XpokVEVO|eq\n|c|\u2606XpokVEVO|there\n|\n|t:|1698523808\n|move|p2a: Gliscor|Earthquake|p1a: Magearna\n|-damage|p1a: Magearna|0 fnt\n|faint|p1a: Magearna\n|\n|-status|p2a: Gliscor|tox|[from] item: Toxic Orb\n|upkeep\n|\n|t:|1698523813\n|switch|p1a: Cyclizar|Cyclizar, M|67\/100\n|turn|12\n|\n|t:|1698523823\n|move|p1a: Cyclizar|Taunt|p2a: Gliscor\n|-start|p2a: Gliscor|move: Taunt\n|move|p2a: Gliscor|Knock Off|p1a: Cyclizar\n|-damage|p1a: Cyclizar|37\/100\n|-enditem|p1a: Cyclizar|Heavy-Duty Boots|[from] move: Knock Off|[of] p2a: Gliscor\n|\n|upkeep\n|turn|13\n|\n|t:|1698523829\n|move|p1a: Cyclizar|Rapid Spin|p2a: Gliscor\n|-damage|p2a: Gliscor|87\/100 tox\n|-boost|p1a: Cyclizar|spe|1\n|-sideend|p1: XpokVEVO|Stealth Rock|[from] move: Rapid Spin|[of] p1a: Cyclizar\n|move|p2a: Gliscor|Earthquake|p1a: Cyclizar\n|-damage|p1a: Cyclizar|0 fnt\n|faint|p1a: Cyclizar\n|\n|-heal|p2a: Gliscor|99\/100 tox|[from] ability: Poison Heal\n|upkeep\n|\n|t:|1698523849\n|switch|p1a: Shaymin|Shaymin-Sky, shiny|56\/100\n|turn|14\n|\n|t:|1698523857\n|switch|p2a: Blissey|Blissey, F|100\/100\n|move|p1a: Shaymin|Seed Flare|p2a: Blissey\n|-damage|p2a: Blissey|72\/100\n|-unboost|p2a: Blissey|spd|2\n|-damage|p1a: Shaymin|46\/100|[from] item: Life Orb\n|\n|-heal|p2a: Blissey|78\/100|[from] item: Leftovers\n|upkeep\n|turn|15\n|\n|t:|1698523863\n|move|p1a: Shaymin|Seed Flare|p2a: Blissey\n|-damage|p2a: Blissey|18\/100\n|-unboost|p2a: Blissey|spd|2\n|-damage|p1a: Shaymin|36\/100|[from] item: Life Orb\n|move|p2a: Blissey|Ice Beam|p1a: Shaymin\n|-supereffective|p1a: Shaymin\n|-damage|p1a: Shaymin|0 fnt\n|faint|p1a: Shaymin\n|\n|-heal|p2a: Blissey|24\/100|[from] item: Leftovers\n|upkeep\n|\n|t:|1698523875\n|switch|p1a: Espathra|Espathra, M|100\/100\n|turn|16\n|\n|t:|1698523885\n|switch|p2a: Gliscor|Gliscor, M|99\/100 tox\n|move|p1a: Espathra|Calm Mind|p1a: Espathra\n|-boost|p1a: Espathra|spa|1\n|-boost|p1a: Espathra|spd|1\n|\n|-heal|p2a: Gliscor|100\/100 tox|[from] ability: Poison Heal\n|-ability|p1a: Espathra|Speed Boost|boost\n|-boost|p1a: Espathra|spe|1\n|upkeep\n|turn|17\n|\n|t:|1698523889\n|move|p1a: Espathra|Protect|p1a: Espathra\n|-singleturn|p1a: Espathra|Protect\n|move|p2a: Gliscor|Toxic|p1a: Espathra\n|-activate|p1a: Espathra|move: Protect\n|\n|-ability|p1a: Espathra|Speed Boost|boost\n|-boost|p1a: Espathra|spe|1\n|upkeep\n|turn|18\n|\n|t:|1698523900\n|-terastallize|p2a: Gliscor|Steel\n|move|p1a: Espathra|Stored Power|p2a: Gliscor\n|-resisted|p2a: Gliscor\n|-damage|p2a: Gliscor|70\/100 tox\n|move|p2a: Gliscor|Toxic|p1a: Espathra\n|-status|p1a: Espathra|tox\n|\n|-damage|p1a: Espathra|94\/100 tox|[from] psn\n|-heal|p2a: Gliscor|82\/100 tox|[from] ability: Poison Heal\n|-ability|p1a: Espathra|Speed Boost|boost\n|-boost|p1a: Espathra|spe|1\n|upkeep\n|turn|19\n|c|\u2606XpokVEVO|NO\n|c|\u2606XpokVEVO|ITS SO ESPATHROVER\n|\n|t:|1698523915\n|move|p1a: Espathra|Calm Mind|p1a: Espathra\n|-boost|p1a: Espathra|spa|1\n|-boost|p1a: Espathra|spd|1\n|move|p2a: Gliscor|Knock Off|p1a: Espathra\n|-supereffective|p1a: Espathra\n|-damage|p1a: Espathra|28\/100 tox\n|-enditem|p1a: Espathra|Focus Sash|[from] move: Knock Off|[of] p2a: Gliscor\n|\n|-damage|p1a: Espathra|16\/100 tox|[from] psn\n|-heal|p2a: Gliscor|95\/100 tox|[from] ability: Poison Heal\n|-ability|p1a: Espathra|Speed Boost|boost\n|-boost|p1a: Espathra|spe|1\n|upkeep\n|turn|20\n|c|\u2606XpokVEVO|OH ITS ESPATHROVER\n|\n|t:|1698523927\n|move|p2a: Gliscor|Protect|p2a: Gliscor\n|-singleturn|p2a: Gliscor|Protect\n|move|p1a: Espathra|Stored Power|p2a: Gliscor\n|-activate|p2a: Gliscor|move: Protect\n|\n|-damage|p1a: Espathra|0 fnt|[from] psn\n|faint|p1a: Espathra\n|-heal|p2a: Gliscor|100\/100 tox|[from] ability: Poison Heal\n|upkeep\n|\n|t:|1698523929\n|switch|p1a: Arceus|Arceus-Fire, shiny|100\/100\n|turn|21\n|\n|t:|1698523951\n|switch|p2a: Dondozo|Dondozo, F|71\/100\n|move|p1a: Arceus|Tera Blast|p2a: Dondozo\n|-damage|p2a: Dondozo|53\/100\n|\n|upkeep\n|turn|22\n|\n|t:|1698523962\n|switch|p1a: Zacian|Zacian, shiny|72\/100\n|move|p2a: Dondozo|Curse|p2a: Dondozo\n|-unboost|p2a: Dondozo|spe|1\n|-boost|p2a: Dondozo|atk|1\n|-boost|p2a: Dondozo|def|1\n|\n|upkeep\n|turn|23\n|\n|t:|1698523969\n|move|p1a: Zacian|Play Rough|p2a: Dondozo\n|-damage|p2a: Dondozo|34\/100\n|-damage|p1a: Zacian|55\/100|[from] item: Rocky Helmet|[of] p2a: Dondozo\n|move|p2a: Dondozo|Rest|p2a: Dondozo\n|-status|p2a: Dondozo|slp|[from] move: Rest\n|-heal|p2a: Dondozo|100\/100 slp|[silent]\n|\n|upkeep\n|turn|24\n|\n|t:|1698523984\n|move|p1a: Zacian|Play Rough|p2a: Dondozo\n|-damage|p2a: Dondozo|82\/100 slp\n|-damage|p1a: Zacian|39\/100|[from] item: Rocky Helmet|[of] p2a: Dondozo\n|cant|p2a: Dondozo|slp\n|move|p2a: Dondozo|Sleep Talk|p2a: Dondozo\n|move|p2a: Dondozo|Waterfall|p1a: Zacian|[from]move: Sleep Talk\n|-damage|p1a: Zacian|1\/100\n|\n|upkeep\n|turn|25\n|c|\u2606XpokVEVO|i let skymin die to blisse\n|c|\u2606XpokVEVO|for no reason\n|c|\u2606XpokVEVO|re?\n|c|\u2606IcyTheScreamer|not rn, sorry\n|\n|t:|1698524026\n|move|p1a: Zacian|Play Rough|p2a: Dondozo\n|-damage|p2a: Dondozo|63\/100 slp\n|-damage|p1a: Zacian|0 fnt|[from] item: Rocky Helmet|[of] p2a: Dondozo\n|faint|p1a: Zacian\n|cant|p2a: Dondozo|slp\n|move|p2a: Dondozo|Sleep Talk|p2a: Dondozo\n|move|p2a: Dondozo|Waterfall|p1: Zacian|[from]move: Sleep Talk|[notarget]\n|-fail|p2a: Dondozo\n|\n|upkeep\n|c|\u2606XpokVEVO|alr\n|c|\u2606XpokVEVO|also i teraed mag for no reason\n|c|\u2606XpokVEVO|since it didnt get to carry any momentum\n|\n|t:|1698524040\n|switch|p1a: Arceus|Arceus-Fire, shiny|100\/100\n|turn|26\n|\n|t:|1698524046\n|move|p1a: Arceus|Tera Blast|p2a: Dondozo\n|-damage|p2a: Dondozo|44\/100 slp\n|-curestatus|p2a: Dondozo|slp|[msg]\n|move|p2a: Dondozo|Waterfall|p1a: Arceus\n|-supereffective|p1a: Arceus\n|-damage|p1a: Arceus|37\/100\n|\n|upkeep\n|turn|27\n|\n|t:|1698524053\n|move|p1a: Arceus|Tera Blast|p2a: Dondozo\n|-damage|p2a: Dondozo|27\/100\n|move|p2a: Dondozo|Waterfall|p1a: Arceus\n|-supereffective|p1a: Arceus\n|-damage|p1a: Arceus|0 fnt\n|faint|p1a: Arceus\n|\n|win|IcyTheScreamer\n|c|\u2606IcyTheScreamer|gg\n","uploadtime":1698524061,"views":11,"p1id":"xpokvevo","p2id":"icythescreamer","formatid":"gen9ubers","rating":0,"private":0,"password":""}