{"id":"gen9ubers-1968098576","p1":"Lidianimel","p2":"Scummy strats","format":"[Gen 9] Ubers","log":"|j|\u2606Lidianimel\n|j|\u2606Scummy strats\n|t:|1697384145\n|gametype|singles\n|player|p1|Lidianimel|170|1007\n|player|p2|Scummy strats|n|1103\n|teamsize|p1|6\n|teamsize|p2|6\n|gen|9\n|tier|[Gen 9] Ubers\n|rated|\n|rule|Sleep Clause Mod: Limit one foe put to sleep\n|rule|Species Clause: Limit one of each Pok\u00e9mon\n|rule|OHKO Clause: OHKO moves are banned\n|rule|Evasion Items Clause: Evasion items are banned\n|rule|Evasion Moves Clause: Evasion moves are banned\n|rule|Endless Battle Clause: Forcing endless battles is banned\n|rule|HP Percentage Mod: HP is shown in percentages\n|clearpoke\n|poke|p1|Iron Valiant|\n|poke|p1|Arcanine-Hisui, M|\n|poke|p1|Shaymin-Sky|\n|poke|p1|Ting-Lu|\n|poke|p1|Arceus-Poison|\n|poke|p1|Gholdengo|\n|poke|p2|Ditto|\n|poke|p2|Basculegion, M|\n|poke|p2|Pawmot, M|\n|poke|p2|Rabsca, M|\n|poke|p2|Zamazenta-*|\n|poke|p2|Klefki, F|\n|teampreview\n|\n|t:|1697384173\n|start\n|switch|p1a: Shaymin|Shaymin-Sky, shiny|100\/100\n|switch|p2a: Ditto|Ditto, shiny|100\/100\n|-transform|p2a: Ditto|p1a: Shaymin|[from] ability: Imposter\n|turn|1\n|inactive|Battle timer is ON: inactive players will automatically lose when time's up. (requested by Lidianimel)\n|c|\u2606Scummy strats|Intresting moveset\n|\n|t:|1697384193\n|move|p1a: Shaymin|Quick Attack|p2a: Ditto\n|-damage|p2a: Ditto|84\/100\n|move|p2a: Ditto|Facade|p1a: Shaymin\n|-damage|p1a: Shaymin|79\/100\n|-damage|p2a: Ditto|67\/100|[from] item: Rocky Helmet|[of] p1a: Shaymin\n|\n|upkeep\n|turn|2\n|\n|t:|1697384203\n|switch|p2a: Zamazenta|Zamazenta|100\/100\n|-ability|p2a: Zamazenta|Dauntless Shield|boost\n|-boost|p2a: Zamazenta|def|1\n|move|p1a: Shaymin|Quick Attack|p2a: Zamazenta\n|-damage|p2a: Zamazenta|96\/100\n|\n|-heal|p2a: Zamazenta|100\/100|[from] item: Leftovers\n|upkeep\n|turn|3\n|\n|t:|1697384215\n|move|p1a: Shaymin|Grass Knot|p2a: Zamazenta\n|-damage|p2a: Zamazenta|49\/100\n|move|p2a: Zamazenta|Iron Defense|p2a: Zamazenta\n|-boost|p2a: Zamazenta|def|2\n|\n|-heal|p2a: Zamazenta|56\/100|[from] item: Leftovers\n|upkeep\n|turn|4\n|c|\u2606Scummy strats|Dayun\n|c|\u2606Scummy strats|Didnt expect that much dmg\n|\n|t:|1697384232\n|move|p1a: Shaymin|Grass Knot|p2a: Zamazenta\n|-damage|p2a: Zamazenta|1\/100\n|move|p2a: Zamazenta|Body Press|p1a: Shaymin\n|-resisted|p1a: Shaymin\n|-damage|p1a: Shaymin|8\/100\n|-damage|p2a: Zamazenta|0 fnt|[from] item: Rocky Helmet|[of] p1a: Shaymin\n|faint|p2a: Zamazenta\n|\n|upkeep\n|\n|t:|1697384250\n|switch|p2a: Ditto|Ditto, shiny|67\/100\n|-transform|p2a: Ditto|p1a: Shaymin|[from] ability: Imposter\n|turn|5\n|c|\u2606Lidianimel|Well, zamazenta is heavy.\n|\n|t:|1697384270\n|move|p2a: Ditto|Quick Attack|p1a: Shaymin\n|-damage|p1a: Shaymin|0 fnt\n|-damage|p2a: Ditto|51\/100|[from] item: Rocky Helmet|[of] p1a: Shaymin\n|faint|p1a: Shaymin\n|\n|upkeep\n|c|\u2606Scummy strats|Yea\n|\n|t:|1697384279\n|switch|p1a: Arcanine|Arcanine-Hisui, M|100\/100\n|turn|6\n|c|\u2606Scummy strats|Heavier than i thought\n|\n|t:|1697384291\n|switch|p2a: Basculegion|Basculegion, M, shiny|100\/100\n|move|p1a: Arcanine|Flamethrower|p2a: Basculegion\n|-resisted|p2a: Basculegion\n|-damage|p2a: Basculegion|84\/100\n|\n|upkeep\n|turn|7\n|inactive|Scummy strats has 120 seconds left.\n|\n|t:|1697384329\n|switch|p1a: Ting-Lu|Ting-Lu|100\/100\n|-ability|p1a: Ting-Lu|Vessel of Ruin\n|move|p2a: Basculegion|Flip Turn|p1a: Ting-Lu\n|-supereffective|p1a: Ting-Lu\n|-damage|p1a: Ting-Lu|72\/100\n|c|\u2606Lidianimel|It said 120 base power for grass knot\n|c|\u2606Lidianimel|So yeah, heavy.\n|c|\u2606Scummy strats|Oh dayum\n|inactive|Scummy strats has 90 seconds left.\n|c|\u2606Scummy strats|I thought it was light without its shield\n|c|\u2606Scummy strats|Clearly not\n|c|\u2606Lidianimel|Nope.lol\n|\n|t:|1697384384\n|switch|p2a: Ditto|Ditto, shiny|51\/100|[from] Flip Turn\n|-transform|p2a: Ditto|p1a: Ting-Lu|[from] ability: Imposter\n|-ability|p2a: Ditto|Vessel of Ruin\n|\n|-heal|p1a: Ting-Lu|78\/100|[from] item: Leftovers\n|upkeep\n|turn|8\n|inactive|Scummy strats has 60 seconds left.\n|\n|t:|1697384401\n|switch|p1a: Iron Valiant|Iron Valiant|100\/100\n|move|p2a: Ditto|Ruination|p1a: Iron Valiant\n|-damage|p1a: Iron Valiant|51\/100\n|\n|upkeep\n|turn|9\n|inactive|Scummy strats has 60 seconds left.\n|c|\u2606Scummy strats|Honstly\n|c|\u2606Scummy strats|I was hoping to fight legendary spam this match\n|inactive|Scummy strats has 30 seconds left.\n|c|\u2606Scummy strats|Cuz i made this klefki to counter it a bit\n|\n|t:|1697384446\n|switch|p2a: Basculegion|Basculegion, M, shiny|84\/100\n|move|p1a: Iron Valiant|Close Combat|p2a: Basculegion\n|-immune|p2a: Basculegion\n|\n|upkeep\n|turn|10\n|inactive|Scummy strats has 30 seconds left.\n|c|\u2606Lidianimel|Oh, okay.\n|c|\u2606Lidianimel|Sorry, I'm not q legendary spammer.\n|inactive|Lidianimel has 120 seconds left.\n|c|\u2606Scummy strats|Nah dont be sorry\n|c|\u2606Lidianimel|I use some, but not for my entire team.\n|c|\u2606Scummy strats|Its a nice change\n|c|\u2606Lidianimel|Okay.\n|inactiveoff|Battle timer is now OFF.\n|\n|t:|1697384501\n|-end|p1a: Iron Valiant|Quark Drive|[silent]\n|switch|p1a: Ting-Lu|Ting-Lu|78\/100\n|-ability|p1a: Ting-Lu|Vessel of Ruin\n|move|p2a: Basculegion|Wave Crash|p1a: Ting-Lu\n|-supereffective|p1a: Ting-Lu\n|-damage|p1a: Ting-Lu|16\/100\n|-damage|p2a: Basculegion|57\/100|[from] Recoil\n|\n|-heal|p1a: Ting-Lu|23\/100|[from] item: Leftovers\n|upkeep\n|turn|11\n|\n|t:|1697384511\n|move|p2a: Basculegion|Wave Crash|p1a: Ting-Lu\n|-supereffective|p1a: Ting-Lu\n|-damage|p1a: Ting-Lu|0 fnt\n|faint|p1a: Ting-Lu\n|-damage|p2a: Basculegion|47\/100|[from] Recoil\n|\n|upkeep\n|\n|t:|1697384521\n|switch|p1a: Gholdengo|Gholdengo, shiny|100\/100\n|turn|12\n|\n|t:|1697384580\n|switch|p2a: Klefki|Klefki, F|100\/100\n|move|p1a: Gholdengo|Hex|p2a: Klefki\n|-damage|p2a: Klefki|67\/100\n|\n|upkeep\n|turn|13\n|\n|t:|1697384610\n|move|p2a: Klefki|Thunder Wave|p1a: Gholdengo\n|-immune|p1a: Gholdengo|[from] ability: Good as Gold\n|move|p1a: Gholdengo|Steel Beam|p2a: Klefki\n|-damage|p2a: Klefki|0 fnt\n|-damage|p1a: Gholdengo|50\/100|[from] steelbeam\n|faint|p2a: Klefki\n|\n|-heal|p1a: Gholdengo|56\/100|[from] item: Leftovers\n|upkeep\n|c|\u2606Scummy strats|I forgot\n|c|\u2606Scummy strats|About the main feature of gholdengo\n|\n|t:|1697384630\n|switch|p2a: Basculegion|Basculegion, M, shiny|47\/100\n|turn|14\n|\n|t:|1697384634\n|move|p2a: Basculegion|Last Respects|p1a: Gholdengo\n|-supereffective|p1a: Gholdengo\n|-damage|p1a: Gholdengo|0 fnt\n|faint|p1a: Gholdengo\n|\n|upkeep\n|\n|t:|1697384645\n|switch|p1a: Iron Valiant|Iron Valiant|51\/100\n|turn|15\n|\n|t:|1697384650\n|move|p2a: Basculegion|Last Respects|p1a: Iron Valiant\n|-damage|p1a: Iron Valiant|0 fnt\n|faint|p1a: Iron Valiant\n|-end|p1a: Iron Valiant|Quark Drive|[silent]\n|\n|upkeep\n|\n|t:|1697384655\n|switch|p1a: Arcanine|Arcanine-Hisui, M|100\/100\n|turn|16\n|\n|t:|1697384676\n|switch|p2a: Ditto|Ditto, shiny|51\/100\n|-transform|p2a: Ditto|p1a: Arcanine|[from] ability: Imposter\n|move|p1a: Arcanine|Flamethrower|p2a: Ditto\n|-resisted|p2a: Ditto\n|-damage|p2a: Ditto|41\/100\n|\n|upkeep\n|turn|17\n|\n|t:|1697384690\n|move|p2a: Ditto|Dig||[still]\n|-prepare|p2a: Ditto|Dig\n|move|p1a: Arcanine|Dig||[still]\n|-prepare|p1a: Arcanine|Dig\n|\n|upkeep\n|turn|18\n|\n|t:|1697384695\n|move|p2a: Ditto|Dig|p1a: Arcanine|[from]lockedmove|[miss]\n|-miss|p2a: Ditto|p1a: Arcanine\n|move|p1a: Arcanine|Dig|p2a: Ditto|[from]lockedmove\n|-supereffective|p2a: Ditto\n|-damage|p2a: Ditto|0 fnt\n|faint|p2a: Ditto\n|\n|upkeep\n|\n|t:|1697384702\n|switch|p2a: Pawmot|Pawmot, M|100\/100\n|turn|19\n|\n|t:|1697384708\n|move|p2a: Pawmot|Revival Blessing|p2a: Pawmot\n|-enditem|p2a: Pawmot|Leppa Berry|[eat]\n|-activate|p2a: Pawmot|item: Leppa Berry|Revival Blessing|[consumed]\n|\n|t:|1697384723\n|-heal|p2: Zamazenta|50\/100|[from] move: Revival Blessing\n|move|p1a: Arcanine|Dig||[still]\n|-prepare|p1a: Arcanine|Dig\n|\n|upkeep\n|turn|20\n|c|\u2606Lidianimel|Okay, that was smart.\n|c|\u2606Scummy strats|Thx\n|c|\u2606Lidianimel|That's the first time I saw revival blessing in combination with a leppa berry.\n|\n|t:|1697384773\n|move|p2a: Pawmot|Revival Blessing|p2a: Pawmot\n|\n|t:|1697384783\n|-heal|p2: Ditto|50\/100|[from] move: Revival Blessing\n|move|p1a: Arcanine|Dig|p2a: Pawmot|[from]lockedmove\n|-supereffective|p2a: Pawmot\n|-damage|p2a: Pawmot|27\/100\n|\n|upkeep\n|turn|21\n|\n|t:|1697384793\n|move|p2a: Pawmot|Knock Off|p1a: Arcanine\n|-damage|p1a: Arcanine|64\/100\n|-enditem|p1a: Arcanine|Clear Amulet|[from] move: Knock Off|[of] p2a: Pawmot\n|move|p1a: Arcanine|Dig||[still]\n|-prepare|p1a: Arcanine|Dig\n|\n|upkeep\n|turn|22\n|\n|t:|1697384803\n|move|p2a: Pawmot|Nuzzle|p1a: Arcanine|[miss]\n|-miss|p2a: Pawmot|p1a: Arcanine\n|move|p1a: Arcanine|Dig|p2a: Pawmot|[from]lockedmove\n|-supereffective|p2a: Pawmot\n|-damage|p2a: Pawmot|0 fnt\n|faint|p2a: Pawmot\n|\n|upkeep\n|\n|t:|1697384817\n|switch|p2a: Zamazenta|Zamazenta|50\/100\n|turn|23\n|\n|t:|1697384824\n|move|p2a: Zamazenta|Substitute|p2a: Zamazenta\n|-start|p2a: Zamazenta|Substitute\n|-damage|p2a: Zamazenta|25\/100\n|move|p1a: Arcanine|Aerial Ace|p2a: Zamazenta\n|-supereffective|p2a: Zamazenta\n|-end|p2a: Zamazenta|Substitute\n|\n|-heal|p2a: Zamazenta|32\/100|[from] item: Leftovers\n|upkeep\n|turn|24\n|\n|t:|1697384840\n|-terastallize|p2a: Zamazenta|Dark\n|move|p2a: Zamazenta|Iron Defense|p2a: Zamazenta\n|-boost|p2a: Zamazenta|def|2\n|move|p1a: Arcanine|Aerial Ace|p2a: Zamazenta\n|-damage|p2a: Zamazenta|24\/100\n|\n|-heal|p2a: Zamazenta|31\/100|[from] item: Leftovers\n|upkeep\n|turn|25\n|\n|t:|1697384858\n|move|p2a: Zamazenta|Body Press|p1a: Arcanine\n|-supereffective|p1a: Arcanine\n|-damage|p1a: Arcanine|0 fnt\n|faint|p1a: Arcanine\n|\n|-heal|p2a: Zamazenta|37\/100|[from] item: Leftovers\n|upkeep\n|\n|t:|1697384866\n|switch|p1a: Arceus|Arceus-Poison, shiny|100\/100\n|turn|26\n|c|\u2606Scummy strats|First time ive seen arceus poison\n|c|\u2606Scummy strats|To get rid off toxic spikes i assume?\n|\n|t:|1697384891\n|move|p2a: Zamazenta|Body Press|p1a: Arceus\n|-resisted|p1a: Arceus\n|-damage|p1a: Arceus|73\/100\n|move|p1a: Arceus|Sludge Bomb|p2a: Zamazenta\n|-damage|p2a: Zamazenta|0 fnt\n|faint|p2a: Zamazenta\n|\n|upkeep\n|c|\u2606Scummy strats|Imma do this\n|c|\u2606Scummy strats|Cuz im interested on ur set\n|\n|t:|1697384909\n|switch|p2a: Ditto|Ditto, shiny|50\/100\n|-transform|p2a: Ditto|p1a: Arceus|[from] ability: Imposter\n|turn|27\n|c|\u2606Lidianimel|I guess.\n|c|\u2606Scummy strats|Oh alr so thats what ur doing\n|c|\u2606Lidianimel|I'm not exactly a pro, but my friend, who's a pro, said I'm doing really well for not being a pro.\n|c|\u2606Scummy strats|Yea u are\n|c|\u2606Lidianimel|Thanks.\n|\n|t:|1697384971\n|-terastallize|p1a: Arceus|Flying\n|move|p2a: Ditto|Sludge Bomb|p1a: Arceus\n|-damage|p1a: Arceus|40\/100\n|move|p1a: Arceus|Misty Terrain|p1a: Arceus\n|-fieldstart|move: Misty Terrain\n|\n|upkeep\n|turn|28\n|c|\u2606Scummy strats|Ur better than half the people i see on this format\n|\n|t:|1697384983\n|move|p2a: Ditto|Sludge Bomb|p1a: Arceus\n|-damage|p1a: Arceus|9\/100\n|move|p1a: Arceus|Air Slash|p2a: Ditto\n|-damage|p2a: Ditto|14\/100\n|\n|upkeep\n|turn|29\n|\n|t:|1697384989\n|move|p2a: Ditto|Sludge Bomb|p1a: Arceus\n|-damage|p1a: Arceus|0 fnt\n|faint|p1a: Arceus\n|\n|win|Scummy strats\n|raw|Lidianimel's rating: 1007 &rarr; <strong>1000<\/strong><br \/>(-7 for losing)\n|raw|Scummy strats's rating: 1103 &rarr; <strong>1121<\/strong><br \/>(+18 for winning)\n|c|\u2606Scummy strats|Ggs\n|c|\u2606Scummy strats|Wp\n|c|\u2606Lidianimel|Gg\n|c|\u2606Lidianimel|Wait, really?\n|c|\u2606Lidianimel|You think so?\n|c|\u2606Scummy strats|Yea\n|c|\u2606Lidianimel|Thanks.\n|c|\u2606Scummy strats|No worres\n|c|\u2606Scummy strats|Have a nice day or night\n|c|\u2606Lidianimel|Thanks.\n|c|\u2606Lidianimel|You too\n|l|\u2606Scummy strats\n","uploadtime":1697385095,"views":9,"p1id":"lidianimel","p2id":"scummystrats","formatid":"gen9ubers","rating":1000,"private":0,"password":""}