{"id":"gen9ubers-1996330794","p1":"Dragon Master Rosa","p2":"Rei_darkness","format":"[Gen 9] Ubers","log":"|j|\u2606Dragon Master Rosa\n|j|\u2606Rei_darkness\n|t:|1700671835\n|gametype|singles\n|player|p1|Dragon Master Rosa|rosa|\n|player|p2|Rei_darkness|drayden|\n|teamsize|p1|6\n|teamsize|p2|6\n|gen|9\n|tier|[Gen 9] Ubers\n|rule|Sleep Clause Mod: Limit one foe put to sleep\n|rule|Species Clause: Limit one of each Pok\u00e9mon\n|rule|OHKO Clause: OHKO moves are banned\n|rule|Evasion Items Clause: Evasion items are banned\n|rule|Evasion Moves Clause: Evasion moves are banned\n|rule|Endless Battle Clause: Forcing endless battles is banned\n|rule|HP Percentage Mod: HP is shown in percentages\n|clearpoke\n|poke|p1|Palafin, M|\n|poke|p1|Slowking-Galar, M|\n|poke|p1|Greninja-*, F|\n|poke|p1|Moltres|\n|poke|p1|Weezing-Galar, F|\n|poke|p1|Zoroark-Hisui, M|\n|poke|p2|Ribombee, M|\n|poke|p2|Iron Jugulis|\n|poke|p2|Weezing-Galar, M|\n|poke|p2|Annihilape, M|\n|poke|p2|Thundurus, M|\n|poke|p2|Clefable, F|\n|teampreview\n|\n|t:|1700671924\n|start\n|switch|p1a: Palafin|Palafin, M|100\/100\n|switch|p2a: Annihilape|Annihilape, M|100\/100\n|turn|1\n|\n|t:|1700671964\n|move|p1a: Palafin|Swords Dance|p1a: Palafin\n|-boost|p1a: Palafin|atk|2\n|move|p2a: Annihilape|Stealth Rock|p1a: Palafin\n|-sidestart|p1: Dragon Master Rosa|move: Stealth Rock\n|\n|upkeep\n|turn|2\n|\n|t:|1700671987\n|move|p1a: Palafin|Poltergeist|p2a: Annihilape\n|-activate|p2a: Annihilape|move: Poltergeist|Sitrus Berry\n|-supereffective|p2a: Annihilape\n|-damage|p2a: Annihilape|0 fnt\n|faint|p2a: Annihilape\n|\n|upkeep\n|\n|t:|1700671990\n|switch|p2a: Ribombee|Ribombee, M|100\/100\n|turn|3\n|\n|t:|1700672001\n|move|p2a: Ribombee|Thief|p1a: Palafin\n|-supereffective|p1a: Palafin\n|-damage|p1a: Palafin|48\/100\n|replace|p1a: Zoroark|Zoroark-Hisui, M\n|-end|p1a: Zoroark|Illusion\n|move|p1a: Zoroark|Poltergeist|p2a: Ribombee\n|-activate|p2a: Ribombee|move: Poltergeist|Focus Sash\n|-enditem|p2a: Ribombee|Focus Sash\n|-damage|p2a: Ribombee|1\/100\n|\n|upkeep\n|turn|4\n|\n|t:|1700672016\n|move|p2a: Ribombee|Sticky Web|p1a: Zoroark\n|-sidestart|p1: Dragon Master Rosa|move: Sticky Web\n|move|p1a: Zoroark|Crunch|p2a: Ribombee\n|-resisted|p2a: Ribombee\n|-damage|p2a: Ribombee|0 fnt\n|faint|p2a: Ribombee\n|\n|upkeep\n|\n|t:|1700672025\n|switch|p2a: Iron Jugulis|Iron Jugulis|100\/100\n|-enditem|p2a: Iron Jugulis|Booster Energy\n|-activate|p2a: Iron Jugulis|ability: Quark Drive|[fromitem]\n|-start|p2a: Iron Jugulis|quarkdrivespe\n|turn|5\n|\n|t:|1700672036\n|move|p2a: Iron Jugulis|Acrobatics|p1a: Zoroark\n|-damage|p1a: Zoroark|0 fnt\n|faint|p1a: Zoroark\n|\n|upkeep\n|\n|t:|1700672039\n|switch|p1a: Weezing|Weezing-Galar, F|100\/100\n|-damage|p1a: Weezing|88\/100|[from] Stealth Rock\n|turn|6\n|\n|t:|1700672064\n|-end|p2a: Iron Jugulis|Quark Drive|[silent]\n|switch|p2a: Thundurus|Thundurus, M|100\/100\n|move|p1a: Weezing|Defog|p2a: Thundurus\n|-unboost|p2a: Thundurus|evasion|1\n|-ability|p2a: Thundurus|Defiant|boost\n|-boost|p2a: Thundurus|atk|2\n|-sideend|p1: Dragon Master Rosa|Stealth Rock|[from] move: Defog|[of] p1a: Weezing\n|-sideend|p1: Dragon Master Rosa|Sticky Web|[from] move: Defog|[of] p1a: Weezing\n|\n|-heal|p1a: Weezing|94\/100|[from] item: Leftovers\n|upkeep\n|turn|7\n|\n|t:|1700672081\n|move|p2a: Thundurus|Thunder Punch|p1a: Weezing\n|-damage|p1a: Weezing|51\/100\n|move|p1a: Weezing|Haze|p1a: Weezing\n|-clearallboost\n|\n|-heal|p1a: Weezing|57\/100|[from] item: Leftovers\n|upkeep\n|turn|8\n|\n|t:|1700672092\n|switch|p2a: Weezing|Weezing-Galar, M|100\/100\n|-fieldstart|move: Misty Terrain|[from] ability: Misty Surge|[of] p2a: Weezing\n|move|p1a: Weezing|Strange Steam|p2a: Weezing\n|-resisted|p2a: Weezing\n|-damage|p2a: Weezing|83\/100\n|\n|-heal|p2a: Weezing|89\/100|[from] item: Leftovers\n|-heal|p1a: Weezing|63\/100|[from] item: Leftovers\n|upkeep\n|turn|9\n|\n|t:|1700672119\n|move|p2a: Weezing|Strange Steam|p1a: Weezing\n|-resisted|p1a: Weezing\n|-damage|p1a: Weezing|45\/100\n|move|p1a: Weezing|Pain Split|p2a: Weezing\n|-sethp|p2a: Weezing|67\/100|[from] move: Pain Split|[silent]\n|-sethp|p1a: Weezing|67\/100|[from] move: Pain Split\n|\n|-heal|p2a: Weezing|73\/100|[from] item: Leftovers\n|-heal|p1a: Weezing|73\/100|[from] item: Leftovers\n|upkeep\n|turn|10\n|\n|t:|1700672126\n|switch|p1a: Moltres|Moltres|100\/100\n|move|p2a: Weezing|Pain Split|p1a: Moltres\n|-sethp|p1a: Moltres|82\/100|[from] move: Pain Split|[silent]\n|-sethp|p2a: Weezing|94\/100|[from] move: Pain Split\n|\n|-heal|p2a: Weezing|99\/100|[from] item: Leftovers\n|upkeep\n|turn|11\n|\n|t:|1700672131\n|switch|p2a: Clefable|Clefable, F|100\/100\n|move|p1a: Moltres|U-turn|p2a: Clefable\n|-resisted|p2a: Clefable\n|-damage|p2a: Clefable|92\/100\n|\n|t:|1700672138\n|switch|p1a: Palafin|Palafin, M|100\/100|[from] U-turn\n|\n|-heal|p2a: Clefable|98\/100|[from] item: Leftovers\n|upkeep\n|turn|12\n|\n|t:|1700672143\n|detailschange|p1a: Palafin|Palafin-Hero, M\n|switch|p1a: Moltres|Moltres|82\/100\n|move|p2a: Clefable|Thunder Wave|p1a: Moltres\n|-status|p1a: Moltres|par\n|\n|-heal|p2a: Clefable|100\/100|[from] item: Leftovers\n|-fieldend|Misty Terrain\n|upkeep\n|turn|13\n|\n|t:|1700672166\n|move|p2a: Clefable|Protect|p2a: Clefable\n|-singleturn|p2a: Clefable|Protect\n|cant|p1a: Moltres|par\n|\n|upkeep\n|turn|14\n|\n|t:|1700672173\n|move|p2a: Clefable|Knock Off|p1a: Moltres\n|-damage|p1a: Moltres|70\/100 par\n|-enditem|p1a: Moltres|Heavy-Duty Boots|[from] move: Knock Off|[of] p2a: Clefable\n|move|p1a: Moltres|U-turn|p2a: Clefable\n|-resisted|p2a: Clefable\n|-damage|p2a: Clefable|92\/100\n|\n|t:|1700672192\n|switch|p1a: Greninja|Greninja, F|100\/100|[from] U-turn\n|\n|-heal|p2a: Clefable|98\/100|[from] item: Leftovers\n|upkeep\n|turn|15\n|\n|t:|1700672202\n|move|p1a: Greninja|Liquidation|p2a: Clefable\n|-start|p1a: Greninja|typechange|Water|[from] ability: Protean\n|-damage|p2a: Clefable|36\/100\n|move|p2a: Clefable|Thunder Wave|p1a: Greninja\n|-status|p1a: Greninja|par\n|\n|-heal|p2a: Clefable|42\/100|[from] item: Leftovers\n|upkeep\n|turn|16\n|\n|t:|1700672212\n|move|p2a: Clefable|Protect|p2a: Clefable\n|-singleturn|p2a: Clefable|Protect\n|move|p1a: Greninja|Liquidation|p2a: Clefable\n|-activate|p2a: Clefable|move: Protect\n|\n|-heal|p2a: Clefable|48\/100|[from] item: Leftovers\n|upkeep\n|turn|17\n|\n|t:|1700672216\n|switch|p2a: Weezing|Weezing-Galar, M|99\/100\n|-fieldstart|move: Misty Terrain|[from] ability: Misty Surge|[of] p2a: Weezing\n|move|p1a: Greninja|Liquidation|p2a: Weezing\n|-damage|p2a: Weezing|68\/100\n|\n|-heal|p2a: Weezing|74\/100|[from] item: Leftovers\n|upkeep\n|turn|18\n|\n|t:|1700672221\n|cant|p1a: Greninja|par\n|move|p2a: Weezing|Pain Split|p1a: Greninja\n|-sethp|p1a: Greninja|93\/100 par|[from] move: Pain Split|[silent]\n|-sethp|p2a: Weezing|80\/100|[from] move: Pain Split\n|\n|-heal|p2a: Weezing|86\/100|[from] item: Leftovers\n|upkeep\n|turn|19\n|\n|t:|1700672225\n|move|p1a: Greninja|Liquidation|p2a: Weezing\n|-damage|p2a: Weezing|51\/100\n|-unboost|p2a: Weezing|def|1\n|move|p2a: Weezing|Strange Steam|p1a: Greninja\n|-damage|p1a: Greninja|48\/100 par\n|\n|-heal|p2a: Weezing|57\/100|[from] item: Leftovers\n|upkeep\n|turn|20\n|\n|t:|1700672231\n|move|p1a: Greninja|Liquidation|p2a: Weezing\n|-damage|p2a: Weezing|1\/100\n|move|p2a: Weezing|Strange Steam|p1a: Greninja\n|-damage|p1a: Greninja|6\/100 par\n|\n|-heal|p2a: Weezing|7\/100|[from] item: Leftovers\n|upkeep\n|turn|21\n|\n|t:|1700672254\n|switch|p2a: Thundurus|Thundurus, M|100\/100\n|-enditem|p2a: Thundurus|Misty Seed\n|-boost|p2a: Thundurus|spd|1|[from] item: Misty Seed\n|cant|p1a: Greninja|par\n|\n|-fieldend|Misty Terrain\n|upkeep\n|turn|22\n|\n|t:|1700672262\n|move|p2a: Thundurus|Bulk Up|p2a: Thundurus\n|-boost|p2a: Thundurus|atk|1\n|-boost|p2a: Thundurus|def|1\n|cant|p1a: Greninja|par\n|\n|upkeep\n|turn|23\n|\n|t:|1700672267\n|move|p2a: Thundurus|Bulk Up|p2a: Thundurus\n|-boost|p2a: Thundurus|atk|1\n|-boost|p2a: Thundurus|def|1\n|move|p1a: Greninja|Liquidation|p2a: Thundurus\n|-damage|p2a: Thundurus|57\/100\n|\n|upkeep\n|turn|24\n|\n|t:|1700672271\n|move|p2a: Thundurus|Thunder Punch|p1a: Greninja\n|-supereffective|p1a: Greninja\n|-damage|p1a: Greninja|0 fnt\n|faint|p1a: Greninja\n|\n|upkeep\n|\n|t:|1700672274\n|switch|p1a: Palafin|Palafin-Hero, M|100\/100\n|-activate|p1a: Palafin|ability: Zero to Hero\n|turn|25\n|\n|t:|1700672280\n|-terastallize|p1a: Palafin|Normal\n|move|p2a: Thundurus|Thunder Punch|p1a: Palafin\n|-damage|p1a: Palafin|20\/100\n|move|p1a: Palafin|Boomburst|p2a: Thundurus\n|-damage|p2a: Thundurus|0 fnt\n|faint|p2a: Thundurus\n|\n|upkeep\n|\n|t:|1700672290\n|switch|p2a: Clefable|Clefable, F|48\/100\n|turn|26\n|\n|t:|1700672294\n|move|p2a: Clefable|Protect|p2a: Clefable\n|-singleturn|p2a: Clefable|Protect\n|move|p1a: Palafin|Boomburst|p2a: Clefable\n|-activate|p2a: Clefable|move: Protect\n|\n|-heal|p2a: Clefable|54\/100|[from] item: Leftovers\n|upkeep\n|turn|27\n|\n|t:|1700672296\n|switch|p2a: Weezing|Weezing-Galar, M|7\/100\n|-fieldstart|move: Misty Terrain|[from] ability: Misty Surge|[of] p2a: Weezing\n|move|p1a: Palafin|Boomburst|p2a: Weezing\n|-damage|p2a: Weezing|0 fnt\n|faint|p2a: Weezing\n|\n|upkeep\n|\n|t:|1700672300\n|switch|p2a: Clefable|Clefable, F|54\/100\n|turn|28\n|\n|t:|1700672304\n|move|p2a: Clefable|Protect|p2a: Clefable\n|-singleturn|p2a: Clefable|Protect\n|move|p1a: Palafin|Boomburst|p2a: Clefable\n|-activate|p2a: Clefable|move: Protect\n|\n|-heal|p2a: Clefable|60\/100|[from] item: Leftovers\n|upkeep\n|turn|29\n|\n|t:|1700672306\n|move|p1a: Palafin|Boomburst|p2a: Clefable\n|-damage|p2a: Clefable|0 fnt\n|faint|p2a: Clefable\n|\n|upkeep\n|\n|t:|1700672309\n|switch|p2a: Iron Jugulis|Iron Jugulis|100\/100\n|turn|30\n|j| ThePlumber7\n|\n|t:|1700672312\n|move|p1a: Palafin|Boomburst|p2a: Iron Jugulis\n|-damage|p2a: Iron Jugulis|0 fnt\n|faint|p2a: Iron Jugulis\n|-end|p2a: Iron Jugulis|Quark Drive|[silent]\n|\n|win|Dragon Master Rosa\n|l| ThePlumber7\n|c|\u2606Dragon Master Rosa|ggwp\n","uploadtime":1700672316,"views":9,"p1id":"dragonmasterrosa","p2id":"reidarkness","formatid":"gen9ubers","rating":0,"private":0,"password":""}