{"id":"gen9ubers-1998680375","p1":"Etsafebimbambom","p2":"VikingGod","format":"[Gen 9] Ubers","log":"|j|\u2606Etsafebimbambom\n|j|\u2606VikingGod\n|t:|1700971614\n|gametype|singles\n|player|p1|Etsafebimbambom|cheren-gen5bw2|1209\n|player|p2|VikingGod|tamer-gen3|1229\n|teamsize|p1|6\n|teamsize|p2|6\n|gen|9\n|tier|[Gen 9] Ubers\n|rated|\n|rule|Sleep Clause Mod: Limit one foe put to sleep\n|rule|Species Clause: Limit one of each Pok\u00e9mon\n|rule|OHKO Clause: OHKO moves are banned\n|rule|Evasion Items Clause: Evasion items are banned\n|rule|Evasion Moves Clause: Evasion moves are banned\n|rule|Endless Battle Clause: Forcing endless battles is banned\n|rule|HP Percentage Mod: HP is shown in percentages\n|clearpoke\n|poke|p1|Arceus-Flying|\n|poke|p1|Palafin, M|\n|poke|p1|Chien-Pao|\n|poke|p1|Miraidon|\n|poke|p1|Iron Bundle|\n|poke|p1|Regieleki|\n|poke|p2|Arceus-Ground|\n|poke|p2|Miraidon|\n|poke|p2|Koraidon|\n|poke|p2|Zacian-*|\n|poke|p2|Jirachi|\n|poke|p2|Eternatus|\n|teampreview\n|\n|t:|1700971634\n|start\n|switch|p1a: Regieleki|Regieleki|100\/100\n|switch|p2a: Arceus|Arceus-Ground|100\/100\n|turn|1\n|inactive|Battle timer is ON: inactive players will automatically lose when time's up. (requested by VikingGod)\n|\n|t:|1700971641\n|switch|p1a: Arceus|Arceus-Flying|100\/100\n|move|p2a: Arceus|Swords Dance|p2a: Arceus\n|-boost|p2a: Arceus|atk|2\n|\n|upkeep\n|turn|2\n|\n|t:|1700971647\n|move|p1a: Arceus|Calm Mind|p1a: Arceus\n|-boost|p1a: Arceus|spa|1\n|-boost|p1a: Arceus|spd|1\n|move|p2a: Arceus|Stone Edge|p1a: Arceus\n|-supereffective|p1a: Arceus\n|-crit|p1a: Arceus\n|-damage|p1a: Arceus|0 fnt\n|faint|p1a: Arceus\n|\n|upkeep\n|\n|t:|1700971650\n|switch|p1a: Chien-Pao|Chien-Pao|100\/100\n|-ability|p1a: Chien-Pao|Sword of Ruin\n|turn|3\n|\n|t:|1700971657\n|move|p1a: Chien-Pao|Ice Spinner|p2a: Arceus\n|-supereffective|p2a: Arceus\n|-damage|p2a: Arceus|22\/100\n|move|p2a: Arceus|Earthquake|p1a: Chien-Pao\n|-damage|p1a: Chien-Pao|0 fnt\n|faint|p1a: Chien-Pao\n|\n|upkeep\n|\n|t:|1700971671\n|switch|p1a: Palafin|Palafin, M|100\/100\n|turn|4\n|\n|t:|1700971675\n|move|p1a: Palafin|Jet Punch|p2a: Arceus\n|-supereffective|p2a: Arceus\n|-damage|p2a: Arceus|0 fnt\n|faint|p2a: Arceus\n|\n|upkeep\n|\n|t:|1700971684\n|switch|p2a: WOCKY SLUSH|Miraidon|100\/100\n|-fieldstart|move: Electric Terrain|[from] ability: Hadron Engine|[of] p2a: WOCKY SLUSH\n|turn|5\n|\n|t:|1700971690\n|detailschange|p1a: Palafin|Palafin-Hero, M\n|switch|p1a: Regieleki|Regieleki|100\/100\n|move|p2a: WOCKY SLUSH|Calm Mind|p2a: WOCKY SLUSH\n|-boost|p2a: WOCKY SLUSH|spa|1\n|-boost|p2a: WOCKY SLUSH|spd|1\n|\n|upkeep\n|turn|6\n|\n|t:|1700971697\n|move|p1a: Regieleki|Volt Switch|p2a: WOCKY SLUSH\n|-resisted|p2a: WOCKY SLUSH\n|-damage|p2a: WOCKY SLUSH|92\/100\n|\n|t:|1700971702\n|switch|p1a: Miraidon|Miraidon|100\/100|[from] Volt Switch\n|-activate|p1a: Miraidon|ability: Hadron Engine\n|move|p2a: WOCKY SLUSH|Draco Meteor|p1a: Miraidon\n|-supereffective|p1a: Miraidon\n|-damage|p1a: Miraidon|0 fnt\n|-unboost|p2a: WOCKY SLUSH|spa|2\n|faint|p1a: Miraidon\n|\n|upkeep\n|\n|t:|1700971704\n|switch|p1a: Iron Bundle|Iron Bundle|100\/100\n|-activate|p1a: Iron Bundle|ability: Quark Drive\n|-start|p1a: Iron Bundle|quarkdrivespe\n|turn|7\n|\n|t:|1700971715\n|move|p1a: Iron Bundle|Ice Beam|p2a: WOCKY SLUSH\n|-supereffective|p2a: WOCKY SLUSH\n|-damage|p2a: WOCKY SLUSH|19\/100\n|-damage|p1a: Iron Bundle|91\/100|[from] item: Life Orb\n|move|p2a: WOCKY SLUSH|Volt Switch|p1a: Iron Bundle\n|-supereffective|p1a: Iron Bundle\n|-damage|p1a: Iron Bundle|0 fnt\n|faint|p1a: Iron Bundle\n|-end|p1a: Iron Bundle|Quark Drive|[silent]\n|\n|t:|1700971736\n|switch|p2a: Lifts-Her-Tail|Koraidon|100\/100|[from] Volt Switch\n|-weather|SunnyDay|[from] ability: Orichalcum Pulse|[of] p2a: Lifts-Her-Tail\n|-activate|p2a: Lifts-Her-Tail|Orichalcum Pulse|[source]\n|\n|-weather|SunnyDay|[upkeep]\n|upkeep\n|\n|t:|1700971744\n|switch|p1a: Regieleki|Regieleki|100\/100\n|turn|8\n|\n|t:|1700971751\n|-terastallize|p1a: Regieleki|Ice\n|-terastallize|p2a: Lifts-Her-Tail|Fire\n|move|p1a: Regieleki|Tera Blast|p2a: Lifts-Her-Tail|[anim] Tera Blast Ice\n|-resisted|p2a: Lifts-Her-Tail\n|-damage|p2a: Lifts-Her-Tail|82\/100\n|move|p2a: Lifts-Her-Tail|Flare Blitz|p1a: Regieleki\n|-supereffective|p1a: Regieleki\n|-damage|p1a: Regieleki|0 fnt\n|faint|p1a: Regieleki\n|-damage|p2a: Lifts-Her-Tail|53\/100|[from] Recoil\n|\n|-weather|SunnyDay|[upkeep]\n|upkeep\n|-message|Etsafebimbambom forfeited.\n|\n|win|VikingGod\n|raw|Etsafebimbambom's rating: 1209 &rarr; <strong>1185<\/strong><br \/>(-24 for losing)\n|raw|VikingGod's rating: 1229 &rarr; <strong>1253<\/strong><br \/>(+24 for winning)\n|l|\u2606Etsafebimbambom\n|c|\u2606VikingGod|fucking baited\n","uploadtime":1700971839,"views":3,"p1id":"etsafebimbambom","p2id":"vikinggod","formatid":"gen9ubers","rating":1185,"private":0,"password":""}