{"id":"gen9ubers-1991583801","p1":"bo552","p2":"JoeBidem","format":"[Gen 9] Ubers","log":"|j|\u2606bo552\n|j|\u2606JoeBidem\n|t:|1700090961\n|gametype|singles\n|player|p1|bo552|artist-gen4|1389\n|player|p2|JoeBidem|266|1341\n|teamsize|p1|6\n|teamsize|p2|6\n|gen|9\n|tier|[Gen 9] Ubers\n|rated|\n|rule|Sleep Clause Mod: Limit one foe put to sleep\n|rule|Species Clause: Limit one of each Pok\u00e9mon\n|rule|OHKO Clause: OHKO moves are banned\n|rule|Evasion Items Clause: Evasion items are banned\n|rule|Evasion Moves Clause: Evasion moves are banned\n|rule|Endless Battle Clause: Forcing endless battles is banned\n|rule|HP Percentage Mod: HP is shown in percentages\n|clearpoke\n|poke|p1|Sneasler, M|\n|poke|p1|Miraidon|\n|poke|p1|Arceus|\n|poke|p1|Regieleki|\n|poke|p1|Ditto|\n|poke|p1|Groudon|\n|poke|p2|Mewtwo|\n|poke|p2|Palkia-Origin|\n|poke|p2|Kyogre|\n|poke|p2|Clodsire, M|\n|poke|p2|Giratina-Origin|\n|poke|p2|Zacian-*|\n|teampreview\n|inactive|Battle timer is ON: inactive players will automatically lose when time's up. (requested by JoeBidem)\n|c|\u2606JoeBidem|glhf\n|\n|t:|1700090976\n|start\n|switch|p1a: Groudon|Groudon|100\/100\n|switch|p2a: Clodsire|Clodsire, M|100\/100\n|-weather|SunnyDay|[from] ability: Drought|[of] p1a: Groudon\n|turn|1\n|\n|t:|1700090986\n|switch|p2a: Giratina|Giratina-Origin|100\/100\n|move|p1a: Groudon|Precipice Blades|p2a: Giratina\n|-immune|p2a: Giratina|[from] ability: Levitate\n|\n|-weather|SunnyDay|[upkeep]\n|upkeep\n|turn|2\n|\n|t:|1700090990\n|move|p2a: Giratina|Will-O-Wisp|p1a: Groudon|[miss]\n|-miss|p2a: Giratina|p1a: Groudon\n|move|p1a: Groudon|Will-O-Wisp|p2a: Giratina\n|-status|p2a: Giratina|brn\n|\n|-weather|SunnyDay|[upkeep]\n|-damage|p2a: Giratina|94\/100 brn|[from] brn\n|upkeep\n|turn|3\n|\n|t:|1700090997\n|move|p1a: Groudon|Spikes|p2a: Giratina\n|-sidestart|p2: JoeBidem|Spikes\n|move|p2a: Giratina|Will-O-Wisp|p1a: Groudon\n|-status|p1a: Groudon|brn\n|\n|-weather|SunnyDay|[upkeep]\n|-damage|p2a: Giratina|88\/100 brn|[from] brn\n|-damage|p1a: Groudon|94\/100 brn|[from] brn\n|upkeep\n|turn|4\n|\n|t:|1700091002\n|move|p1a: Groudon|Spikes|p2a: Giratina\n|-sidestart|p2: JoeBidem|Spikes\n|move|p2a: Giratina|Defog|p1a: Groudon\n|-unboost|p1a: Groudon|evasion|1\n|-sideend|p2: JoeBidem|Spikes|[from] move: Defog|[of] p2a: Giratina\n|\n|-weather|SunnyDay|[upkeep]\n|-heal|p1a: Groudon|100\/100 brn|[from] item: Leftovers\n|-damage|p1a: Groudon|94\/100 brn|[from] brn\n|-damage|p2a: Giratina|82\/100 brn|[from] brn\n|upkeep\n|turn|5\n|\n|t:|1700091007\n|switch|p2a: Kyogre|Kyogre|100\/100\n|-weather|RainDance|[from] ability: Drizzle|[of] p2a: Kyogre\n|move|p1a: Groudon|Spikes|p2a: Kyogre\n|-sidestart|p2: JoeBidem|Spikes\n|\n|-weather|RainDance|[upkeep]\n|-heal|p1a: Groudon|100\/100 brn|[from] item: Leftovers\n|-damage|p1a: Groudon|94\/100 brn|[from] brn\n|upkeep\n|turn|6\n|\n|t:|1700091012\n|move|p1a: Groudon|Protect|p1a: Groudon\n|-singleturn|p1a: Groudon|Protect\n|move|p2a: Kyogre|Water Spout|p1a: Groudon\n|-activate|p1a: Groudon|move: Protect\n|\n|-weather|RainDance|[upkeep]\n|-heal|p1a: Groudon|100\/100 brn|[from] item: Leftovers\n|-damage|p1a: Groudon|94\/100 brn|[from] brn\n|upkeep\n|turn|7\n|\n|t:|1700091020\n|move|p2a: Kyogre|Water Spout|p1a: Groudon\n|-supereffective|p1a: Groudon\n|-damage|p1a: Groudon|0 fnt\n|faint|p1a: Groudon\n|\n|-weather|RainDance|[upkeep]\n|upkeep\n|\n|t:|1700091043\n|switch|p1a: Miraidon|Miraidon|100\/100\n|-fieldstart|move: Electric Terrain|[from] ability: Hadron Engine|[of] p1a: Miraidon\n|turn|8\n|\n|t:|1700091054\n|switch|p2a: Clodsire|Clodsire, M|100\/100\n|-damage|p2a: Clodsire|88\/100|[from] Spikes\n|move|p1a: Miraidon|U-turn|p2a: Clodsire\n|-resisted|p2a: Clodsire\n|-damage|p2a: Clodsire|81\/100\n|\n|t:|1700091063\n|switch|p1a: Ditto|Ditto|100\/100|[from] U-turn\n|-transform|p1a: Ditto|p2a: Clodsire|[from] ability: Imposter\n|\n|-weather|RainDance|[upkeep]\n|-heal|p2a: Clodsire|87\/100|[from] item: Leftovers\n|upkeep\n|turn|9\n|inactive|bo552 has 120 seconds left.\n|\n|t:|1700091090\n|move|p1a: Ditto|Earthquake|p2a: Clodsire\n|-supereffective|p2a: Clodsire\n|-damage|p2a: Clodsire|25\/100\n|move|p2a: Clodsire|Earthquake|p1a: Ditto\n|-supereffective|p1a: Ditto\n|-damage|p1a: Ditto|0 fnt\n|faint|p1a: Ditto\n|\n|-weather|none\n|-heal|p2a: Clodsire|31\/100|[from] item: Leftovers\n|upkeep\n|\n|t:|1700091106\n|switch|p1a: Sneasler|Sneasler, M|100\/100\n|-enditem|p1a: Sneasler|Electric Seed\n|-boost|p1a: Sneasler|def|1|[from] item: Electric Seed\n|turn|10\n|\n|t:|1700091130\n|move|p1a: Sneasler|Swords Dance|p1a: Sneasler\n|-boost|p1a: Sneasler|atk|2\n|move|p2a: Clodsire|Earthquake|p1a: Sneasler\n|-supereffective|p1a: Sneasler\n|-damage|p1a: Sneasler|44\/100\n|\n|-heal|p2a: Clodsire|37\/100|[from] item: Leftovers\n|upkeep\n|turn|11\n|\n|t:|1700091144\n|-terastallize|p1a: Sneasler|Fairy\n|move|p1a: Sneasler|Swords Dance|p1a: Sneasler\n|-boost|p1a: Sneasler|atk|2\n|move|p2a: Clodsire|Earthquake|p1a: Sneasler\n|-damage|p1a: Sneasler|13\/100\n|\n|-heal|p2a: Clodsire|43\/100|[from] item: Leftovers\n|upkeep\n|turn|12\n|inactive|bo552 has 90 seconds left.\n|\n|t:|1700091169\n|move|p1a: Sneasler|Acrobatics|p2a: Clodsire\n|-damage|p2a: Clodsire|0 fnt\n|faint|p2a: Clodsire\n|\n|-fieldend|move: Electric Terrain\n|upkeep\n|\n|t:|1700091175\n|switch|p2a: Giratina|Giratina-Origin|82\/100 brn\n|turn|13\n|\n|t:|1700091178\n|move|p1a: Sneasler|Acrobatics|p2a: Giratina\n|-damage|p2a: Giratina|12\/100 brn\n|move|p2a: Giratina|Earthquake|p1a: Sneasler\n|-damage|p1a: Sneasler|0 fnt\n|faint|p1a: Sneasler\n|\n|-damage|p2a: Giratina|6\/100 brn|[from] brn\n|upkeep\n|\n|t:|1700091190\n|switch|p1a: Regieleki|Regieleki|100\/100\n|turn|14\n|\n|t:|1700091195\n|move|p1a: Regieleki|Thunderbolt|p2a: Giratina\n|-resisted|p2a: Giratina\n|-damage|p2a: Giratina|0 fnt\n|faint|p2a: Giratina\n|\n|upkeep\n|\n|t:|1700091198\n|switch|p2a: Mewtwo|Mewtwo|100\/100\n|-damage|p2a: Mewtwo|88\/100|[from] Spikes\n|-ability|p2a: Mewtwo|Pressure\n|turn|15\n|\n|t:|1700091204\n|move|p1a: Regieleki|Thunderbolt|p2a: Mewtwo\n|-crit|p2a: Mewtwo\n|-damage|p2a: Mewtwo|0 fnt\n|faint|p2a: Mewtwo\n|\n|upkeep\n|\n|t:|1700091213\n|switch|p2a: Palkia|Palkia-Origin|100\/100\n|-damage|p2a: Palkia|88\/100|[from] Spikes\n|-ability|p2a: Palkia|Pressure\n|turn|16\n|inactive|bo552 has 120 seconds left.\n|\n|t:|1700091226\n|move|p1a: Regieleki|Thunderbolt|p2a: Palkia\n|-damage|p2a: Palkia|34\/100\n|move|p2a: Palkia|Draco Meteor|p1a: Regieleki\n|-damage|p1a: Regieleki|0 fnt\n|-unboost|p2a: Palkia|spa|2\n|faint|p1a: Regieleki\n|\n|upkeep\n|\n|t:|1700091231\n|switch|p1a: Miraidon|Miraidon|100\/100\n|-fieldstart|move: Electric Terrain|[from] ability: Hadron Engine|[of] p1a: Miraidon\n|turn|17\n|inactive|bo552 has 120 seconds left.\n|\n|t:|1700091266\n|move|p1a: Miraidon|Electro Drift|p2a: Palkia\n|-damage|p2a: Palkia|0 fnt\n|faint|p2a: Palkia\n|\n|upkeep\n|\n|t:|1700091272\n|switch|p2a: Zacian|Zacian-Crowned|100\/100\n|-damage|p2a: Zacian|88\/100|[from] Spikes\n|-ability|p2a: Zacian|Intrepid Sword|boost\n|-boost|p2a: Zacian|atk|1\n|turn|18\n|\n|t:|1700091278\n|move|p1a: Miraidon|Electro Drift|p2a: Zacian\n|-damage|p2a: Zacian|2\/100\n|move|p2a: Zacian|Play Rough|p1a: Miraidon\n|-supereffective|p1a: Miraidon\n|-damage|p1a: Miraidon|0 fnt\n|faint|p1a: Miraidon\n|\n|upkeep\n|\n|t:|1700091283\n|switch|p1a: Arceus|Arceus|100\/100\n|turn|19\n|\n|t:|1700091289\n|move|p1a: Arceus|Extreme Speed|p2a: Zacian\n|-resisted|p2a: Zacian\n|-damage|p2a: Zacian|0 fnt\n|faint|p2a: Zacian\n|\n|upkeep\n|\n|t:|1700091292\n|switch|p2a: Kyogre|Kyogre|100\/100\n|-damage|p2a: Kyogre|88\/100|[from] Spikes\n|-weather|RainDance|[from] ability: Drizzle|[of] p2a: Kyogre\n|turn|20\n|inactive|bo552 has 120 seconds left.\n|\n|t:|1700091302\n|-terastallize|p2a: Kyogre|Water\n|move|p1a: Arceus|Extreme Speed|p2a: Kyogre\n|-damage|p2a: Kyogre|36\/100\n|move|p2a: Kyogre|Origin Pulse|p1a: Arceus\n|-damage|p1a: Arceus|13\/100\n|\n|-weather|RainDance|[upkeep]\n|upkeep\n|turn|21\n|inactive|bo552 has 120 seconds left.\n|\n|t:|1700091309\n|move|p1a: Arceus|Extreme Speed|p2a: Kyogre\n|-damage|p2a: Kyogre|0 fnt\n|faint|p2a: Kyogre\n|\n|win|bo552\n|raw|bo552's rating: 1389 &rarr; <strong>1406<\/strong><br \/>(+17 for winning)\n|raw|JoeBidem's rating: 1341 &rarr; <strong>1324<\/strong><br \/>(-17 for losing)\n|l|\u2606JoeBidem\n","uploadtime":1700091314,"views":8,"p1id":"bo552","p2id":"joebidem","formatid":"gen9ubers","rating":1324,"private":0,"password":""}