{"id":"gen9ubers-2000069724","p1":"RiddleDog","p2":"ChungleWungle","format":"[Gen 9] Ubers","log":"|j|\u2606RiddleDog\n|j|\u2606ChungleWungle\n|t:|1701149243\n|gametype|singles\n|player|p1|RiddleDog|dawn-gen4pt|\n|player|p2|ChungleWungle|unknown|\n|teamsize|p1|6\n|teamsize|p2|6\n|gen|9\n|tier|[Gen 9] Ubers\n|rule|Sleep Clause Mod: Limit one foe put to sleep\n|rule|Species Clause: Limit one of each Pok\u00e9mon\n|rule|OHKO Clause: OHKO moves are banned\n|rule|Evasion Items Clause: Evasion items are banned\n|rule|Evasion Moves Clause: Evasion moves are banned\n|rule|Endless Battle Clause: Forcing endless battles is banned\n|rule|HP Percentage Mod: HP is shown in percentages\n|clearpoke\n|poke|p1|Chi-Yu|\n|poke|p1|Zoroark-Hisui, M|\n|poke|p1|Vaporeon, F|\n|poke|p1|Espeon, F|\n|poke|p1|Ditto|\n|poke|p1|Meowscarada, F|\n|poke|p2|Snorlax, M|\n|poke|p2|Polteageist-Antique|\n|poke|p2|Iron Valiant|\n|poke|p2|Dragonite, M|\n|poke|p2|Gothitelle, M|\n|poke|p2|Slowking, M|\n|teampreview\n|\n|t:|1701149271\n|start\n|switch|p1a: Big Floppa|Espeon, F|100\/100\n|switch|p2a: Steve|Gothitelle, M|100\/100\n|turn|1\n|\n|t:|1701149283\n|move|p1a: Big Floppa|Shadow Ball|p2a: Steve\n|-supereffective|p2a: Steve\n|-damage|p2a: Steve|57\/100\n|move|p2a: Steve|Metronome|p2a: Steve\n|move|p2a: Steve|Twister|p1a: Big Floppa|[from]move: Metronome\n|-damage|p1a: Big Floppa|86\/100\n|\n|upkeep\n|turn|2\n|\n|t:|1701149297\n|move|p1a: Big Floppa|Reflect|p1a: Big Floppa\n|-sidestart|p1: RiddleDog|Reflect\n|move|p2a: Steve|Metronome|p2a: Steve\n|move|p2a: Steve|Struggle Bug|p1a: Big Floppa|[from]move: Metronome\n|-supereffective|p1a: Big Floppa\n|-damage|p1a: Big Floppa|54\/100\n|-unboost|p1a: Big Floppa|spa|1\n|\n|upkeep\n|turn|3\n|\n|t:|1701149308\n|move|p1a: Big Floppa|Shadow Ball|p2a: Steve\n|-supereffective|p2a: Steve\n|-damage|p2a: Steve|31\/100\n|move|p2a: Steve|Metronome|p2a: Steve\n|move|p2a: Steve|Incinerate|p1a: Big Floppa|[from]move: Metronome\n|-damage|p1a: Big Floppa|35\/100\n|\n|upkeep\n|turn|4\n|\n|t:|1701149319\n|move|p1a: Big Floppa|Shadow Ball|p2a: Steve\n|-supereffective|p2a: Steve\n|-damage|p2a: Steve|3\/100\n|move|p2a: Steve|Metronome|p2a: Steve\n|move|p2a: Steve|Mountain Gale|p1a: Big Floppa|[from]move: Metronome|[miss]\n|-miss|p2a: Steve|p1a: Big Floppa\n|\n|upkeep\n|turn|5\n|\n|t:|1701149364\n|switch|p2a: Cuppa|Polteageist-Antique, shiny|100\/100\n|move|p1a: Big Floppa|Psychic|p2a: Cuppa\n|-damage|p2a: Cuppa|80\/100\n|\n|upkeep\n|turn|6\n|\n|t:|1701149373\n|switch|p1a: Goober|Ditto, shiny|100\/100\n|-transform|p1a: Goober|p2a: Cuppa|[from] ability: Imposter\n|move|p2a: Cuppa|Metronome|p2a: Cuppa\n|move|p2a: Cuppa|Guillotine|p1a: Goober|[from]move: Metronome\n|-immune|p1a: Goober\n|\n|upkeep\n|turn|7\n|\n|t:|1701149384\n|-terastallize|p2a: Cuppa|Fire\n|move|p1a: Goober|Metronome|p1a: Goober\n|move|p1a: Goober|Sticky Web|p2a: Cuppa|[from]move: Metronome\n|-sidestart|p2: ChungleWungle|move: Sticky Web\n|move|p2a: Cuppa|Metronome|p2a: Cuppa\n|move|p2a: Cuppa|Belly Drum|p2a: Cuppa|[from]move: Metronome\n|-damage|p2a: Cuppa|30\/100\n|-setboost|p2a: Cuppa|atk|6|[from] move: Belly Drum\n|\n|upkeep\n|turn|8\n|\n|t:|1701149395\n|move|p1a: Goober|Metronome|p1a: Goober\n|move|p1a: Goober|Howl|p1a: Goober|[from]move: Metronome\n|-boost|p1a: Goober|atk|1\n|move|p2a: Cuppa|Metronome|p2a: Cuppa\n|move|p2a: Cuppa|Bitter Malice|p1a: Goober|[from]move: Metronome\n|-supereffective|p1a: Goober\n|-damage|p1a: Goober|48\/100\n|-unboost|p1a: Goober|atk|1\n|\n|upkeep\n|turn|9\n|\n|t:|1701149419\n|move|p2a: Cuppa|Metronome|p2a: Cuppa\n|move|p2a: Cuppa|Double Team|p2a: Cuppa|[from]move: Metronome\n|-boost|p2a: Cuppa|evasion|1\n|move|p1a: Goober|Metronome|p1a: Goober\n|move|p1a: Goober|Fire Blast|p2a: Cuppa|[from]move: Metronome\n|-resisted|p2a: Cuppa\n|-damage|p2a: Cuppa|17\/100\n|-start|p1a: Goober|Disable|Metronome|[from] ability: Cursed Body|[of] p2a: Cuppa\n|-enditem|p2a: Cuppa|Starf Berry|[eat]\n|-boost|p2a: Cuppa|spd|2|[from] item: Starf Berry\n|\n|-sideend|p1: RiddleDog|Reflect\n|upkeep\n|turn|10\n|\n|t:|1701149433\n|move|p1a: Goober|Hex|p2a: Cuppa\n|-damage|p2a: Cuppa|6\/100\n|move|p2a: Cuppa|Metronome|p2a: Cuppa\n|move|p2a: Cuppa|Doom Desire|p1a: Goober|[from]move: Metronome\n|-start|p2a: Cuppa|Doom Desire\n|\n|upkeep\n|turn|11\n|\n|t:|1701149458\n|move|p1a: Goober|Hex|p2a: Cuppa|[miss]\n|-miss|p1a: Goober|p2a: Cuppa\n|move|p2a: Cuppa|Metronome|p2a: Cuppa\n|move|p2a: Cuppa|Double Kick|p1a: Goober|[from]move: Metronome\n|-immune|p1a: Goober\n|\n|upkeep\n|turn|12\n|\n|t:|1701149466\n|move|p1a: Goober|Hex|p2a: Cuppa|[miss]\n|-miss|p1a: Goober|p2a: Cuppa\n|move|p2a: Cuppa|Metronome|p2a: Cuppa\n|move|p2a: Cuppa|Explosion|p1a: Goober|[from]move: Metronome\n|-immune|p1a: Goober\n|faint|p2a: Cuppa\n|\n|-end|p1a: Goober|move: Doom Desire\n|-damage|p1a: Goober|16\/100\n|-end|p1a: Goober|Disable\n|upkeep\n|\n|t:|1701149485\n|switch|p2a: Blues (Clues)|Snorlax, M, shiny|100\/100\n|-activate|p2a: Blues (Clues)|move: Sticky Web\n|-unboost|p2a: Blues (Clues)|spe|1\n|turn|13\n|\n|t:|1701149491\n|move|p1a: Goober|Metronome|p1a: Goober\n|move|p1a: Goober|Poltergeist|p2a: Blues (Clues)|[from]move: Metronome\n|-immune|p2a: Blues (Clues)\n|move|p2a: Blues (Clues)|Metronome|p2a: Blues (Clues)\n|move|p2a: Blues (Clues)|Defense Curl|p2a: Blues (Clues)|[from]move: Metronome\n|-boost|p2a: Blues (Clues)|def|1\n|\n|upkeep\n|turn|14\n|\n|t:|1701149500\n|move|p1a: Goober|Metronome|p1a: Goober\n|move|p1a: Goober|Court Change|p1a: Goober|[from]move: Metronome\n|-swapsideconditions\n|-activate|p1a: Goober|move: Court Change\n|move|p2a: Blues (Clues)|Metronome|p2a: Blues (Clues)\n|move|p2a: Blues (Clues)|Matcha Gotcha|p1a: Goober|[from]move: Metronome\n|-damage|p1a: Goober|8\/100\n|-start|p2a: Blues (Clues)|Disable|Metronome|[from] ability: Cursed Body|[of] p1a: Goober\n|\n|upkeep\n|turn|15\n|\n|t:|1701149527\n|switch|p1a: Morgana|Meowscarada, F, shiny|100\/100\n|-activate|p1a: Morgana|move: Sticky Web\n|-unboost|p1a: Morgana|spe|1\n|switch|p2a: PingKing|Slowking, M, shiny|100\/100\n|\n|upkeep\n|turn|16\n|\n|t:|1701149545\n|move|p1a: Morgana|Flower Trick|p2a: PingKing\n|-start|p1a: Morgana|typechange|Grass|[from] ability: Protean\n|-supereffective|p2a: PingKing\n|-crit|p2a: PingKing\n|-damage|p2a: PingKing|0 fnt\n|faint|p2a: PingKing\n|\n|upkeep\n|\n|t:|1701149561\n|switch|p2a: Blues (Clues)|Snorlax, M, shiny|100\/100\n|turn|17\n|\n|t:|1701149572\n|switch|p1a: cat|Vaporeon, F|100\/100\n|-activate|p1a: cat|move: Sticky Web\n|-unboost|p1a: cat|spe|1\n|move|p2a: Blues (Clues)|Metronome|p2a: Blues (Clues)\n|move|p2a: Blues (Clues)|Eruption|p1a: cat|[from]move: Metronome\n|-damage|p1a: cat|57\/100\n|replace|p1a: Henri|Zoroark-Hisui, M\n|-end|p1a: Henri|Illusion\n|\n|upkeep\n|turn|18\n|\n|t:|1701149583\n|move|p1a: Henri|Focus Blast|p2a: Blues (Clues)\n|-supereffective|p2a: Blues (Clues)\n|-damage|p2a: Blues (Clues)|50\/100\n|move|p2a: Blues (Clues)|Metronome|p2a: Blues (Clues)\n|move|p2a: Blues (Clues)|Tri Attack|p1a: Henri|[from]move: Metronome\n|-immune|p1a: Henri\n|\n|-heal|p2a: Blues (Clues)|56\/100|[from] item: Leftovers\n|upkeep\n|turn|19\n|\n|t:|1701149598\n|move|p1a: Henri|Focus Blast|p2a: Blues (Clues)|[miss]\n|-miss|p1a: Henri|p2a: Blues (Clues)\n|move|p2a: Blues (Clues)|Metronome|p2a: Blues (Clues)\n|move|p2a: Blues (Clues)|Bulldoze|p1a: Henri|[from]move: Metronome\n|-damage|p1a: Henri|17\/100\n|-unboost|p1a: Henri|spe|1\n|\n|-heal|p2a: Blues (Clues)|62\/100|[from] item: Leftovers\n|upkeep\n|turn|20\n|\n|t:|1701149609\n|move|p1a: Henri|Will-O-Wisp|p2a: Blues (Clues)\n|-status|p2a: Blues (Clues)|brn\n|move|p2a: Blues (Clues)|Metronome|p2a: Blues (Clues)\n|move|p2a: Blues (Clues)|Charm|p1a: Henri|[from]move: Metronome\n|-unboost|p1a: Henri|atk|2\n|\n|-heal|p2a: Blues (Clues)|68\/100 brn|[from] item: Leftovers\n|-damage|p2a: Blues (Clues)|62\/100 brn|[from] brn\n|upkeep\n|turn|21\n|\n|t:|1701149634\n|move|p1a: Henri|Focus Blast|p2a: Blues (Clues)\n|-supereffective|p2a: Blues (Clues)\n|-damage|p2a: Blues (Clues)|12\/100 brn\n|move|p2a: Blues (Clues)|Metronome|p2a: Blues (Clues)\n|move|p2a: Blues (Clues)|Hyper Voice|p1a: Henri|[from]move: Metronome\n|-immune|p1a: Henri\n|\n|-heal|p2a: Blues (Clues)|18\/100 brn|[from] item: Leftovers\n|-damage|p2a: Blues (Clues)|12\/100 brn|[from] brn\n|upkeep\n|turn|22\n|\n|t:|1701149650\n|switch|p2a: Ignis Dragon|Dragonite, M|100\/100\n|move|p1a: Henri|Focus Blast|p2a: Ignis Dragon\n|-resisted|p2a: Ignis Dragon\n|-damage|p2a: Ignis Dragon|90\/100\n|\n|upkeep\n|turn|23\n|\n|t:|1701149659\n|move|p2a: Ignis Dragon|Metronome|p2a: Ignis Dragon\n|move|p2a: Ignis Dragon|Focus Blast|p1a: Henri|[from]move: Metronome\n|-immune|p1a: Henri\n|move|p1a: Henri|Shadow Ball|p2a: Ignis Dragon\n|-damage|p2a: Ignis Dragon|53\/100\n|\n|upkeep\n|turn|24\n|\n|t:|1701149671\n|move|p2a: Ignis Dragon|Metronome|p2a: Ignis Dragon\n|move|p2a: Ignis Dragon|Stockpile|p2a: Ignis Dragon|[from]move: Metronome\n|-start|p2a: Ignis Dragon|stockpile1\n|-boost|p2a: Ignis Dragon|def|1\n|-boost|p2a: Ignis Dragon|spd|1\n|move|p1a: Henri|Will-O-Wisp|p2a: Ignis Dragon\n|-status|p2a: Ignis Dragon|brn\n|\n|-damage|p2a: Ignis Dragon|47\/100 brn|[from] brn\n|upkeep\n|turn|25\n|\n|t:|1701149683\n|move|p2a: Ignis Dragon|Metronome|p2a: Ignis Dragon\n|move|p2a: Ignis Dragon|Scale Shot|p1a: Henri|[from]move: Metronome\n|-damage|p1a: Henri|3\/100\n|-damage|p1a: Henri|0 fnt\n|faint|p1a: Henri\n|-hitcount|p1: Henri|2\n|-unboost|p2a: Ignis Dragon|def|1\n|-boost|p2a: Ignis Dragon|spe|1\n|\n|-damage|p2a: Ignis Dragon|41\/100 brn|[from] brn\n|upkeep\n|j| RektCactus\n|\n|t:|1701149715\n|switch|p1a: cat|Vaporeon, F|100\/100\n|-activate|p1a: cat|move: Sticky Web\n|-unboost|p1a: cat|spe|1\n|turn|26\n|\n|t:|1701149720\n|move|p2a: Ignis Dragon|Metronome|p2a: Ignis Dragon\n|move|p2a: Ignis Dragon|Flatter|p1a: cat|[from]move: Metronome\n|-boost|p1a: cat|spa|1\n|-start|p1a: cat|confusion\n|-activate|p1a: cat|confusion\n|move|p1a: cat|Blizzard|p2a: Ignis Dragon|[miss]\n|-miss|p1a: cat|p2a: Ignis Dragon\n|\n|-damage|p2a: Ignis Dragon|35\/100 brn|[from] brn\n|upkeep\n|turn|27\n|\n|t:|1701149734\n|move|p2a: Ignis Dragon|Metronome|p2a: Ignis Dragon\n|move|p2a: Ignis Dragon|Ice Fang|p1a: cat|[from]move: Metronome\n|-resisted|p1a: cat\n|-damage|p1a: cat|96\/100\n|-status|p1a: cat|frz\n|cant|p1a: cat|frz\n|\n|-heal|p1a: cat|100\/100 frz|[from] item: Leftovers\n|-damage|p2a: Ignis Dragon|29\/100 brn|[from] brn\n|upkeep\n|turn|28\n|c| RektCactus|bro\n|c| RektCactus|this metronome going crazy\n|\n|t:|1701149758\n|move|p2a: Ignis Dragon|Metronome|p2a: Ignis Dragon\n|move|p2a: Ignis Dragon|Parting Shot|p1a: cat|[from]move: Metronome\n|-unboost|p1a: cat|atk|1\n|-unboost|p1a: cat|spa|1\n|c| RektCactus|NO SHOT IT HAS TO LEAVE\n|\n|t:|1701149783\n|switch|p2a: Frying Pan|Iron Valiant, shiny|100\/100|[from] Parting Shot\n|-enditem|p2a: Frying Pan|Booster Energy\n|-activate|p2a: Frying Pan|ability: Quark Drive|[fromitem]\n|-start|p2a: Frying Pan|quarkdrivespe\n|cant|p1a: cat|frz\n|\n|upkeep\n|turn|29\n|\n|t:|1701149793\n|move|p2a: Frying Pan|Metronome|p2a: Frying Pan\n|move|p2a: Frying Pan|Dark Pulse|p1a: cat|[from]move: Metronome\n|-damage|p1a: cat|86\/100 frz\n|cant|p1a: cat|flinch\n|\n|-heal|p1a: cat|93\/100 frz|[from] item: Leftovers\n|upkeep\n|turn|30\n|\n|t:|1701149802\n|move|p2a: Frying Pan|Metronome|p2a: Frying Pan\n|move|p2a: Frying Pan|Dazzling Gleam|p1a: cat|[from]move: Metronome\n|-damage|p1a: cat|74\/100 frz\n|-activate|p1a: cat|confusion\n|-curestatus|p1a: cat|frz|[from] move: Scald\n|move|p1a: cat|Scald|p2a: Frying Pan\n|-damage|p2a: Frying Pan|46\/100\n|\n|-heal|p1a: cat|80\/100|[from] item: Leftovers\n|upkeep\n|turn|31\n|\n|t:|1701149820\n|switch|p1a: Matthew|Chi-Yu|100\/100\n|-activate|p1a: Matthew|move: Sticky Web\n|-unboost|p1a: Matthew|spe|1\n|-ability|p1a: Matthew|Beads of Ruin\n|move|p2a: Frying Pan|Metronome|p2a: Frying Pan\n|move|p2a: Frying Pan|Swift|p1a: Matthew|[from]move: Metronome\n|-damage|p1a: Matthew|84\/100\n|\n|upkeep\n|turn|32\n|\n|t:|1701149835\n|move|p2a: Frying Pan|Metronome|p2a: Frying Pan\n|move|p2a: Frying Pan|Supersonic|p1a: Matthew|[from]move: Metronome\n|-start|p1a: Matthew|confusion\n|-activate|p1a: Matthew|confusion\n|move|p1a: Matthew|Flamethrower|p2a: Frying Pan\n|-damage|p2a: Frying Pan|0 fnt\n|faint|p2a: Frying Pan\n|-end|p2a: Frying Pan|Quark Drive|[silent]\n|\n|upkeep\n|\n|t:|1701149856\n|switch|p2a: Ignis Dragon|Dragonite, M|29\/100 brn\n|turn|33\n|\n|t:|1701149861\n|-activate|p1a: Matthew|confusion\n|-damage|p1a: Matthew|74\/100|[from] confusion\n|move|p2a: Ignis Dragon|Metronome|p2a: Ignis Dragon\n|move|p2a: Ignis Dragon|Charge|p2a: Ignis Dragon|[from]move: Metronome\n|-boost|p2a: Ignis Dragon|spd|1\n|-start|p2a: Ignis Dragon|Charge\n|\n|-damage|p2a: Ignis Dragon|22\/100 brn|[from] brn\n|upkeep\n|turn|34\n|\n|t:|1701149869\n|-activate|p1a: Matthew|confusion\n|-damage|p1a: Matthew|65\/100|[from] confusion\n|move|p2a: Ignis Dragon|Metronome|p2a: Ignis Dragon\n|move|p2a: Ignis Dragon|Volt Tackle|p1a: Matthew|[from]move: Metronome\n|-damage|p1a: Matthew|0 fnt\n|faint|p1a: Matthew\n|-damage|p2a: Ignis Dragon|7\/100 brn|[from] Recoil\n|-end|p2a: Ignis Dragon|Charge|[silent]\n|\n|-damage|p2a: Ignis Dragon|1\/100 brn|[from] brn\n|upkeep\n|\n|t:|1701149879\n|switch|p1a: Morgana|Meowscarada, F, shiny|100\/100\n|-activate|p1a: Morgana|move: Sticky Web\n|-unboost|p1a: Morgana|spe|1\n|turn|35\n|\n|t:|1701149897\n|move|p1a: Morgana|Sucker Punch||[still]\n|-fail|p1a: Morgana\n|move|p2a: Ignis Dragon|Metronome|p2a: Ignis Dragon\n|move|p2a: Ignis Dragon|Quick Attack|p1a: Morgana|[from]move: Metronome\n|-damage|p1a: Morgana|89\/100\n|\n|-damage|p2a: Ignis Dragon|0 fnt|[from] brn\n|faint|p2a: Ignis Dragon\n|upkeep\n|\n|t:|1701149915\n|switch|p2a: Blues (Clues)|Snorlax, M, shiny|12\/100 brn\n|turn|36\n|\n|t:|1701149925\n|switch|p1a: cat|Vaporeon, F|80\/100\n|-activate|p1a: cat|move: Sticky Web\n|-unboost|p1a: cat|spe|1\n|move|p2a: Blues (Clues)|Metronome|p2a: Blues (Clues)\n|move|p2a: Blues (Clues)|Expanding Force|p1a: cat|[from]move: Metronome\n|-damage|p1a: cat|73\/100\n|\n|-heal|p1a: cat|79\/100|[from] item: Leftovers\n|-heal|p2a: Blues (Clues)|18\/100 brn|[from] item: Leftovers\n|-damage|p2a: Blues (Clues)|12\/100 brn|[from] brn\n|upkeep\n|turn|37\n|\n|t:|1701149938\n|move|p1a: cat|Scald|p2a: Blues (Clues)\n|-damage|p2a: Blues (Clues)|0 fnt\n|faint|p2a: Blues (Clues)\n|\n|-heal|p1a: cat|85\/100|[from] item: Leftovers\n|upkeep\n|\n|t:|1701149943\n|switch|p2a: Steve|Gothitelle, M|3\/100\n|turn|38\n|\n|t:|1701149949\n|move|p2a: Steve|Metronome|p2a: Steve\n|move|p2a: Steve|Clear Smog|p1a: cat|[from]move: Metronome\n|-damage|p1a: cat|77\/100\n|-clearboost|p1a: cat\n|move|p1a: cat|Scald|p2a: Steve\n|-damage|p2a: Steve|0 fnt\n|faint|p2a: Steve\n|\n|win|RiddleDog\n","uploadtime":1701149959,"views":6,"p1id":"riddledog","p2id":"chunglewungle","formatid":"gen9ubers","rating":0,"private":0,"password":""}