{"id":"gen9ubers-1976915132","p1":"dresseur inconnu","p2":"breaded_human","format":"[Gen 9] Ubers","log":"|j|\u2606dresseur inconnu\n|j|\u2606breaded_human\n|t:|1698352049\n|gametype|singles\n|player|p1|dresseur inconnu|169|1052\n|player|p2|breaded_human|169|1071\n|teamsize|p1|6\n|teamsize|p2|6\n|gen|9\n|tier|[Gen 9] Ubers\n|rated|\n|rule|Sleep Clause Mod: Limit one foe put to sleep\n|rule|Species Clause: Limit one of each Pok\u00e9mon\n|rule|OHKO Clause: OHKO moves are banned\n|rule|Evasion Items Clause: Evasion items are banned\n|rule|Evasion Moves Clause: Evasion moves are banned\n|rule|Endless Battle Clause: Forcing endless battles is banned\n|rule|HP Percentage Mod: HP is shown in percentages\n|clearpoke\n|poke|p1|Toxapex, F|\n|poke|p1|Slowking-Galar, F|\n|poke|p1|Tornadus-Therian, M|\n|poke|p1|Clodsire, F|\n|poke|p1|Alomomola, M|\n|poke|p1|Cyclizar, F|\n|poke|p2|Palafin, M|\n|poke|p2|Sneasler, F|\n|poke|p2|Espathra, M|\n|poke|p2|Ting-Lu|\n|poke|p2|Glimmora, M|\n|poke|p2|Ogerpon-Cornerstone, F|\n|teampreview\n|inactive|Battle timer is ON: inactive players will automatically lose when time's up. (requested by dresseur inconnu)\n|\n|t:|1698352059\n|start\n|switch|p1a: Cyclizar|Cyclizar, F|100\/100\n|switch|p2a: BrettTedielCarter|Palafin, M, shiny|100\/100\n|turn|1\n|\n|t:|1698352064\n|move|p1a: Cyclizar|Knock Off|p2a: BrettTedielCarter\n|-damage|p2a: BrettTedielCarter|74\/100\n|-enditem|p2a: BrettTedielCarter|Choice Band|[from] move: Knock Off|[of] p1a: Cyclizar\n|move|p2a: BrettTedielCarter|Flip Turn|p1a: Cyclizar\n|-resisted|p1a: Cyclizar\n|-damage|p1a: Cyclizar|85\/100\n|\n|t:|1698352083\n|detailschange|p2a: BrettTedielCarter|Palafin-Hero, M, shiny\n|switch|p2a: EliosSalloum|Glimmora, M|100\/100|[from] Flip Turn\n|\n|upkeep\n|turn|2\n|\n|t:|1698352089\n|switch|p1a: Clodsire|Clodsire, F|100\/100\n|move|p2a: EliosSalloum|Stealth Rock|p1a: Clodsire\n|-sidestart|p1: dresseur inconnu|move: Stealth Rock\n|\n|upkeep\n|turn|3\n|\n|t:|1698352108\n|move|p2a: EliosSalloum|Energy Ball|p1a: Clodsire\n|-damage|p1a: Clodsire|83\/100\n|move|p1a: Clodsire|Stealth Rock|p2a: EliosSalloum\n|-sidestart|p2: breaded_human|move: Stealth Rock\n|\n|-heal|p1a: Clodsire|89\/100|[from] item: Leftovers\n|upkeep\n|turn|4\n|\n|t:|1698352118\n|move|p2a: EliosSalloum|Earth Power|p1a: Clodsire\n|-supereffective|p1a: Clodsire\n|-damage|p1a: Clodsire|57\/100\n|move|p1a: Clodsire|Earthquake|p2a: EliosSalloum\n|-supereffective|p2a: EliosSalloum\n|-enditem|p2a: EliosSalloum|Focus Sash\n|-damage|p2a: EliosSalloum|1\/100\n|-activate|p2a: EliosSalloum|ability: Toxic Debris\n|-sidestart|p1: dresseur inconnu|move: Toxic Spikes\n|\n|-heal|p1a: Clodsire|63\/100|[from] item: Leftovers\n|upkeep\n|turn|5\n|\n|t:|1698352129\n|move|p2a: EliosSalloum|Mortal Spin|p1a: Clodsire\n|-resisted|p1a: Clodsire\n|-damage|p1a: Clodsire|62\/100\n|-sideend|p2: breaded_human|Stealth Rock|[from] move: Mortal Spin|[of] p2a: EliosSalloum\n|move|p1a: Clodsire|Recover|p1a: Clodsire\n|-heal|p1a: Clodsire|100\/100\n|\n|upkeep\n|turn|6\n|\n|t:|1698352138\n|move|p2a: EliosSalloum|Earth Power|p1a: Clodsire\n|-supereffective|p1a: Clodsire\n|-damage|p1a: Clodsire|69\/100\n|move|p1a: Clodsire|Earthquake|p2a: EliosSalloum\n|-supereffective|p2a: EliosSalloum\n|-damage|p2a: EliosSalloum|0 fnt\n|-activate|p2a: EliosSalloum|ability: Toxic Debris\n|-sidestart|p1: dresseur inconnu|move: Toxic Spikes\n|faint|p2a: EliosSalloum\n|\n|-heal|p1a: Clodsire|75\/100|[from] item: Leftovers\n|upkeep\n|\n|t:|1698352154\n|switch|p2a: Ting-Lu|Ting-Lu|100\/100\n|-ability|p2a: Ting-Lu|Vessel of Ruin\n|turn|7\n|\n|t:|1698352172\n|move|p2a: Ting-Lu|Earthquake|p1a: Clodsire\n|-supereffective|p1a: Clodsire\n|-damage|p1a: Clodsire|0 fnt\n|faint|p1a: Clodsire\n|\n|upkeep\n|\n|t:|1698352178\n|switch|p1a: Cyclizar|Cyclizar, F|100\/100\n|turn|8\n|\n|t:|1698352184\n|move|p1a: Cyclizar|Rapid Spin|p2a: Ting-Lu\n|-damage|p2a: Ting-Lu|93\/100\n|-boost|p1a: Cyclizar|spe|1\n|-sideend|p1: dresseur inconnu|Toxic Spikes|[from] move: Rapid Spin|[of] p1a: Cyclizar\n|-sideend|p1: dresseur inconnu|Stealth Rock|[from] move: Rapid Spin|[of] p1a: Cyclizar\n|move|p2a: Ting-Lu|Ruination|p1a: Cyclizar\n|-damage|p1a: Cyclizar|50\/100\n|\n|-heal|p2a: Ting-Lu|99\/100|[from] item: Leftovers\n|upkeep\n|turn|9\n|\n|t:|1698352193\n|move|p1a: Cyclizar|Knock Off|p2a: Ting-Lu\n|-resisted|p2a: Ting-Lu\n|-damage|p2a: Ting-Lu|94\/100\n|-enditem|p2a: Ting-Lu|Leftovers|[from] move: Knock Off|[of] p1a: Cyclizar\n|move|p2a: Ting-Lu|Earthquake|p1a: Cyclizar\n|-damage|p1a: Cyclizar|0 fnt\n|faint|p1a: Cyclizar\n|\n|upkeep\n|\n|t:|1698352203\n|switch|p1a: Alomomola|Alomomola, M|100\/100\n|turn|10\n|\n|t:|1698352209\n|move|p2a: Ting-Lu|Spikes|p1a: Alomomola\n|-sidestart|p1: dresseur inconnu|Spikes\n|move|p1a: Alomomola|Whirlpool|p2a: Ting-Lu\n|-supereffective|p2a: Ting-Lu\n|-damage|p2a: Ting-Lu|88\/100\n|-activate|p2a: Ting-Lu|move: Whirlpool|[of] p1a: Alomomola\n|\n|-damage|p2a: Ting-Lu|76\/100|[from] move: Whirlpool|[partiallytrapped]\n|upkeep\n|turn|11\n|\n|t:|1698352217\n|move|p2a: Ting-Lu|Spikes|p1a: Alomomola\n|-sidestart|p1: dresseur inconnu|Spikes\n|move|p1a: Alomomola|Chilling Water|p2a: Ting-Lu\n|-supereffective|p2a: Ting-Lu\n|-damage|p2a: Ting-Lu|68\/100\n|-unboost|p2a: Ting-Lu|atk|1\n|\n|-damage|p2a: Ting-Lu|56\/100|[from] move: Whirlpool|[partiallytrapped]\n|upkeep\n|turn|12\n|\n|t:|1698352225\n|move|p2a: Ting-Lu|Spikes|p1a: Alomomola\n|-sidestart|p1: dresseur inconnu|Spikes\n|move|p1a: Alomomola|Whirlpool|p2a: Ting-Lu|[miss]\n|-miss|p1a: Alomomola|p2a: Ting-Lu\n|\n|-damage|p2a: Ting-Lu|43\/100|[from] move: Whirlpool|[partiallytrapped]\n|upkeep\n|turn|13\n|\n|t:|1698352238\n|move|p2a: Ting-Lu|Ruination|p1a: Alomomola\n|-damage|p1a: Alomomola|50\/100\n|move|p1a: Alomomola|Whirlpool|p2a: Ting-Lu\n|-supereffective|p2a: Ting-Lu\n|-damage|p2a: Ting-Lu|37\/100\n|\n|-damage|p2a: Ting-Lu|25\/100|[from] move: Whirlpool|[partiallytrapped]\n|upkeep\n|turn|14\n|\n|t:|1698352249\n|move|p1a: Alomomola|Wish|p1a: Alomomola\n|move|p2a: Ting-Lu|Whirlwind|p1a: Alomomola\n|drag|p1a: Tornadus|Tornadus-Therian, M|100\/100\n|\n|-end|p2a: Ting-Lu|Whirlpool|[partiallytrapped]|[silent]\n|upkeep\n|turn|15\n|\n|t:|1698352258\n|move|p1a: Tornadus|Taunt|p2a: Ting-Lu\n|-start|p2a: Ting-Lu|move: Taunt\n|cant|p2a: Ting-Lu|move: Taunt|Whirlwind\n|\n|upkeep\n|turn|16\n|\n|t:|1698352263\n|move|p1a: Tornadus|U-turn|p2a: Ting-Lu\n|-supereffective|p2a: Ting-Lu\n|-damage|p2a: Ting-Lu|10\/100\n|\n|t:|1698352268\n|switch|p1a: Toxapex|Toxapex, F|100\/100|[from] U-turn\n|-damage|p1a: Toxapex|75\/100|[from] Spikes\n|move|p2a: Ting-Lu|Earthquake|p1a: Toxapex\n|-supereffective|p1a: Toxapex\n|-damage|p1a: Toxapex|45\/100\n|\n|-heal|p1a: Toxapex|51\/100|[from] item: Leftovers\n|upkeep\n|turn|17\n|\n|t:|1698352279\n|move|p2a: Ting-Lu|Earthquake|p1a: Toxapex\n|-supereffective|p1a: Toxapex\n|-damage|p1a: Toxapex|20\/100\n|move|p1a: Toxapex|Recover|p1a: Toxapex\n|-heal|p1a: Toxapex|70\/100\n|\n|-heal|p1a: Toxapex|76\/100|[from] item: Leftovers\n|-end|p2a: Ting-Lu|move: Taunt\n|upkeep\n|turn|18\n|\n|t:|1698352293\n|switch|p1a: Tornadus|Tornadus-Therian, M|100\/100\n|move|p2a: Ting-Lu|Whirlwind|p1a: Tornadus\n|drag|p1a: Alomomola|Alomomola, M|84\/100\n|\n|upkeep\n|turn|19\n|\n|t:|1698352300\n|move|p2a: Ting-Lu|Earthquake|p1a: Alomomola\n|-damage|p1a: Alomomola|70\/100\n|move|p1a: Alomomola|Whirlpool|p2a: Ting-Lu\n|-supereffective|p2a: Ting-Lu\n|-damage|p2a: Ting-Lu|5\/100\n|-activate|p2a: Ting-Lu|move: Whirlpool|[of] p1a: Alomomola\n|\n|-damage|p2a: Ting-Lu|0 fnt|[from] move: Whirlpool|[partiallytrapped]\n|faint|p2a: Ting-Lu\n|upkeep\n|\n|t:|1698352314\n|switch|p2a: ElliotCurran|Espathra, M, shiny|100\/100\n|turn|20\n|\n|t:|1698352330\n|move|p2a: ElliotCurran|Calm Mind|p2a: ElliotCurran\n|-boost|p2a: ElliotCurran|spa|1\n|-boost|p2a: ElliotCurran|spd|1\n|move|p1a: Alomomola|Whirlpool|p2a: ElliotCurran\n|-damage|p2a: ElliotCurran|94\/100\n|-activate|p2a: ElliotCurran|move: Whirlpool|[of] p1a: Alomomola\n|\n|-heal|p2a: ElliotCurran|99\/100|[from] item: Leftovers\n|-damage|p2a: ElliotCurran|88\/100|[from] move: Whirlpool|[partiallytrapped]\n|-ability|p2a: ElliotCurran|Speed Boost|boost\n|-boost|p2a: ElliotCurran|spe|1\n|upkeep\n|turn|21\n|\n|t:|1698352341\n|move|p2a: ElliotCurran|Calm Mind|p2a: ElliotCurran\n|-boost|p2a: ElliotCurran|spa|1\n|-boost|p2a: ElliotCurran|spd|1\n|move|p1a: Alomomola|Wish|p1a: Alomomola\n|\n|-heal|p2a: ElliotCurran|94\/100|[from] item: Leftovers\n|-damage|p2a: ElliotCurran|81\/100|[from] move: Whirlpool|[partiallytrapped]\n|-ability|p2a: ElliotCurran|Speed Boost|boost\n|-boost|p2a: ElliotCurran|spe|1\n|upkeep\n|turn|22\n|\n|t:|1698352350\n|move|p2a: ElliotCurran|Calm Mind|p2a: ElliotCurran\n|-boost|p2a: ElliotCurran|spa|1\n|-boost|p2a: ElliotCurran|spd|1\n|move|p1a: Alomomola|Chilling Water|p2a: ElliotCurran\n|-damage|p2a: ElliotCurran|76\/100\n|-unboost|p2a: ElliotCurran|atk|1\n|\n|-heal|p1a: Alomomola|100\/100|[from] move: Wish|[wisher] Alomomola\n|-heal|p2a: ElliotCurran|82\/100|[from] item: Leftovers\n|-damage|p2a: ElliotCurran|70\/100|[from] move: Whirlpool|[partiallytrapped]\n|-ability|p2a: ElliotCurran|Speed Boost|boost\n|-boost|p2a: ElliotCurran|spe|1\n|upkeep\n|turn|23\n|\n|t:|1698352362\n|move|p2a: ElliotCurran|Stored Power|p1a: Alomomola\n|-damage|p1a: Alomomola|0 fnt\n|faint|p1a: Alomomola\n|\n|-heal|p2a: ElliotCurran|76\/100|[from] item: Leftovers\n|-end|p2a: ElliotCurran|Whirlpool|[partiallytrapped]|[silent]\n|-ability|p2a: ElliotCurran|Speed Boost|boost\n|-boost|p2a: ElliotCurran|spe|1\n|upkeep\n|-message|dresseur inconnu forfeited.\n|\n|win|breaded_human\n|raw|dresseur inconnu's rating: 1052 &rarr; <strong>1035<\/strong><br \/>(-17 for losing)\n|raw|breaded_human's rating: 1071 &rarr; <strong>1099<\/strong><br \/>(+28 for winning)\n|l|\u2606dresseur inconnu\n|c|\u2606breaded_human|L\n","uploadtime":1698352383,"views":12,"p1id":"dresseurinconnu","p2id":"breadedhuman","formatid":"gen9ubers","rating":1035,"private":0,"password":""}