{"id":"gen9ubers-1984812659","p1":"XpokVEVO","p2":"Leo Justice","format":"[Gen 9] Ubers","log":"|j|\u2606XpokVEVO\n|j|\u2606Leo Justice\n|t:|1699301088\n|gametype|singles\n|player|p1|XpokVEVO|mustard|\n|player|p2|Leo Justice|carmine|\n|teamsize|p1|6\n|teamsize|p2|6\n|gen|9\n|tier|[Gen 9] Ubers\n|rule|Sleep Clause Mod: Limit one foe put to sleep\n|rule|Species Clause: Limit one of each Pok\u00e9mon\n|rule|OHKO Clause: OHKO moves are banned\n|rule|Evasion Items Clause: Evasion items are banned\n|rule|Evasion Moves Clause: Evasion moves are banned\n|rule|Endless Battle Clause: Forcing endless battles is banned\n|rule|HP Percentage Mod: HP is shown in percentages\n|clearpoke\n|poke|p1|Cyclizar, M|\n|poke|p1|Espathra, M|\n|poke|p1|Zacian-*|\n|poke|p1|Roaring Moon|\n|poke|p1|Arceus-Fire|\n|poke|p1|Magearna|\n|poke|p2|Tyranitar, F|\n|poke|p2|Garchomp, F|\n|poke|p2|Garganacl, M|\n|poke|p2|Dialga|\n|poke|p2|Ursaluna-Bloodmoon, M|\n|poke|p2|Shaymin-Sky|\n|teampreview\n|inactive|Battle timer is ON: inactive players will automatically lose when time's up. (requested by XpokVEVO)\n|\n|t:|1699301094\n|start\n|switch|p1a: Akira|Cyclizar, M|100\/100\n|switch|p2a: Tyranitar|Tyranitar, F|100\/100\n|-weather|Sandstorm|[from] ability: Sand Stream|[of] p2a: Tyranitar\n|turn|1\n|\n|t:|1699301100\n|move|p1a: Akira|Shed Tail|p1a: Akira\n|-start|p1a: Akira|Substitute|[from] move: Shed Tail\n|-damage|p1a: Akira|50\/100\n|c|\u2606XpokVEVO|give ttar shedtail\n|c|\u2606XpokVEVO|itd somewhat fit\n|\n|t:|1699301129\n|switch|p1a: Aunt Fanny|Magearna|100\/100|[from] Shed Tail\n|move|p2a: Tyranitar|Stealth Rock|p1a: Aunt Fanny\n|-sidestart|p1: XpokVEVO|move: Stealth Rock\n|\n|-weather|Sandstorm|[upkeep]\n|upkeep\n|turn|2\n|\n|t:|1699301139\n|switch|p2a: Dialga|Dialga|100\/100\n|-ability|p2a: Dialga|Pressure\n|move|p1a: Aunt Fanny|Spikes|p2a: Dialga\n|-sidestart|p2: Leo Justice|Spikes\n|\n|-weather|Sandstorm|[upkeep]\n|upkeep\n|turn|3\n|\n|t:|1699301147\n|move|p2a: Dialga|Flash Cannon|p1a: Aunt Fanny\n|-end|p1a: Aunt Fanny|Substitute\n|move|p1a: Aunt Fanny|Volt Switch|p2a: Dialga\n|-resisted|p2a: Dialga\n|-crit|p2a: Dialga\n|-damage|p2a: Dialga|88\/100\n|\n|t:|1699301158\n|switch|p1a: Akira|Cyclizar, M|84\/100|[from] Volt Switch\n|\n|-weather|Sandstorm|[upkeep]\n|-damage|p1a: Akira|77\/100|[from] Sandstorm\n|-heal|p2a: Dialga|94\/100|[from] item: Leftovers\n|upkeep\n|turn|4\n|\n|t:|1699301164\n|-terastallize|p1a: Akira|Poison\n|move|p1a: Akira|Rapid Spin|p2a: Dialga\n|-resisted|p2a: Dialga\n|-damage|p2a: Dialga|89\/100\n|-boost|p1a: Akira|spe|1\n|-sideend|p1: XpokVEVO|Stealth Rock|[from] move: Rapid Spin|[of] p1a: Akira\n|move|p2a: Dialga|Draco Meteor|p1a: Akira|[miss]\n|-miss|p2a: Dialga|p1a: Akira\n|\n|-weather|Sandstorm|[upkeep]\n|-damage|p1a: Akira|71\/100|[from] Sandstorm\n|-heal|p2a: Dialga|95\/100|[from] item: Leftovers\n|upkeep\n|turn|5\n|c|\u2606XpokVEVO|thasts sad\n|\n|t:|1699301176\n|move|p1a: Akira|Shed Tail|p1a: Akira\n|-start|p1a: Akira|Substitute|[from] move: Shed Tail\n|-damage|p1a: Akira|21\/100\n|\n|t:|1699301181\n|switch|p1a: Ar\u0441eus-Fighting|Arceus-Fire, shiny|100\/100|[from] Shed Tail\n|move|p2a: Dialga|Roar|p1a: Ar\u0441eus-Fighting\n|drag|p1a: Roaring Peak|Roaring Moon|100\/100\n|-enditem|p1a: Roaring Peak|Booster Energy\n|-activate|p1a: Roaring Peak|ability: Protosynthesis|[fromitem]\n|-start|p1a: Roaring Peak|protosynthesisspe\n|\n|-weather|Sandstorm|[upkeep]\n|-damage|p1a: Roaring Peak|95\/100|[from] Sandstorm\n|-heal|p2a: Dialga|100\/100|[from] item: Leftovers\n|upkeep\n|turn|6\n|\n|t:|1699301191\n|move|p1a: Roaring Peak|Earthquake|p2a: Dialga\n|-supereffective|p2a: Dialga\n|-damage|p2a: Dialga|48\/100\n|move|p2a: Dialga|Draco Meteor|p1a: Roaring Peak\n|-supereffective|p1a: Roaring Peak\n|-damage|p1a: Roaring Peak|0 fnt\n|-unboost|p2a: Dialga|spa|2\n|faint|p1a: Roaring Peak\n|-end|p1a: Roaring Peak|Protosynthesis|[silent]\n|\n|-weather|Sandstorm|[upkeep]\n|-heal|p2a: Dialga|54\/100|[from] item: Leftovers\n|upkeep\n|\n|t:|1699301202\n|switch|p1a: Aunt Fanny|Magearna|100\/100\n|turn|7\n|\n|t:|1699301206\n|move|p2a: Dialga|Thunder Wave|p1a: Aunt Fanny\n|-status|p1a: Aunt Fanny|par\n|move|p1a: Aunt Fanny|Fleur Cannon|p2a: Dialga\n|-damage|p2a: Dialga|5\/100\n|-unboost|p1a: Aunt Fanny|spa|2\n|-enditem|p1a: Aunt Fanny|Eject Pack\n|\n|t:|1699301211\n|switch|p1a: Emu War|Espathra, M|100\/100\n|\n|-weather|Sandstorm|[upkeep]\n|-damage|p1a: Emu War|94\/100|[from] Sandstorm\n|-heal|p2a: Dialga|12\/100|[from] item: Leftovers\n|upkeep\n|turn|8\n|\n|t:|1699301219\n|move|p1a: Emu War|Dazzling Gleam|p2a: Dialga\n|-damage|p2a: Dialga|0 fnt\n|faint|p2a: Dialga\n|\n|-weather|none\n|-ability|p1a: Emu War|Speed Boost|boost\n|-boost|p1a: Emu War|spe|1\n|upkeep\n|\n|t:|1699301222\n|switch|p2a: Tyranitar|Tyranitar, F|100\/100\n|-damage|p2a: Tyranitar|88\/100|[from] Spikes\n|-weather|Sandstorm|[from] ability: Sand Stream|[of] p2a: Tyranitar\n|turn|9\n|\n|t:|1699301225\n|move|p1a: Emu War|Calm Mind|p1a: Emu War\n|-boost|p1a: Emu War|spa|1\n|-boost|p1a: Emu War|spd|1\n|move|p2a: Tyranitar|Knock Off|p1a: Emu War\n|-supereffective|p1a: Emu War\n|-damage|p1a: Emu War|0 fnt\n|-enditem|p1a: Emu War|Focus Sash|[from] move: Knock Off|[of] p2a: Tyranitar\n|faint|p1a: Emu War\n|\n|-weather|Sandstorm|[upkeep]\n|upkeep\n|\n|t:|1699301228\n|switch|p1a: Princess|Zacian, shiny|100\/100\n|-ability|p1a: Princess|Intrepid Sword|boost\n|-boost|p1a: Princess|atk|1\n|turn|10\n|\n|t:|1699301238\n|switch|p2a: Garganacl|Garganacl, M|100\/100\n|-damage|p2a: Garganacl|88\/100|[from] Spikes\n|move|p1a: Princess|Close Combat|p2a: Garganacl\n|-supereffective|p2a: Garganacl\n|-damage|p2a: Garganacl|8\/100\n|-unboost|p1a: Princess|def|1\n|-unboost|p1a: Princess|spd|1\n|-damage|p1a: Princess|91\/100|[from] item: Life Orb\n|\n|-weather|Sandstorm|[upkeep]\n|-damage|p1a: Princess|84\/100|[from] Sandstorm\n|-heal|p2a: Garganacl|14\/100|[from] item: Leftovers\n|upkeep\n|turn|11\n|c|\u2606XpokVEVO|this team is hilariously weak to zacian\n|c|\u2606XpokVEVO|im sorry\n|c|\u2606XpokVEVO|i just noticed\n|\n|t:|1699301255\n|move|p1a: Princess|Play Rough|p2a: Garganacl\n|-damage|p2a: Garganacl|0 fnt\n|faint|p2a: Garganacl\n|-damage|p1a: Princess|74\/100|[from] item: Life Orb\n|\n|-weather|Sandstorm|[upkeep]\n|-damage|p1a: Princess|68\/100|[from] Sandstorm\n|upkeep\n|c|\u2606XpokVEVO|unless youre scarfed\n|c|\u2606XpokVEVO|shaymin\n|\n|t:|1699301265\n|switch|p2a: Ursaluna|Ursaluna-Bloodmoon, M|100\/100\n|-damage|p2a: Ursaluna|88\/100|[from] Spikes\n|turn|12\n|\n|t:|1699301268\n|-terastallize|p2a: Ursaluna|Ghost\n|move|p1a: Princess|Close Combat|p2a: Ursaluna\n|-immune|p2a: Ursaluna\n|move|p2a: Ursaluna|Blood Moon|p1a: Princess\n|-damage|p1a: Princess|0 fnt\n|faint|p1a: Princess\n|\n|-weather|Sandstorm|[upkeep]\n|-damage|p2a: Ursaluna|82\/100|[from] Sandstorm\n|-heal|p2a: Ursaluna|88\/100|[from] item: Leftovers\n|upkeep\n|\n|t:|1699301278\n|switch|p1a: Ar\u0441eus-Fighting|Arceus-Fire, shiny|100\/100\n|turn|13\n|c|\u2606XpokVEVO|i forgor\n|c|\u2606XpokVEVO|you can tera\n|\n|t:|1699301284\n|move|p1a: Ar\u0441eus-Fighting|Flare Blitz|p2a: Ursaluna\n|-damage|p2a: Ursaluna|34\/100\n|-damage|p1a: Ar\u0441eus-Fighting|83\/100|[from] Recoil\n|move|p2a: Ursaluna|Earth Power|p1a: Ar\u0441eus-Fighting\n|-supereffective|p1a: Ar\u0441eus-Fighting\n|-damage|p1a: Ar\u0441eus-Fighting|15\/100\n|-unboost|p1a: Ar\u0441eus-Fighting|spd|1\n|\n|-weather|Sandstorm|[upkeep]\n|-damage|p1a: Ar\u0441eus-Fighting|9\/100|[from] Sandstorm\n|-damage|p2a: Ursaluna|28\/100|[from] Sandstorm\n|-heal|p2a: Ursaluna|34\/100|[from] item: Leftovers\n|upkeep\n|turn|14\n|c|\u2606XpokVEVO|wow!\n|\n|t:|1699301305\n|move|p1a: Ar\u0441eus-Fighting|Dragon Dance|p1a: Ar\u0441eus-Fighting\n|-boost|p1a: Ar\u0441eus-Fighting|atk|1\n|-boost|p1a: Ar\u0441eus-Fighting|spe|1\n|move|p2a: Ursaluna|Earth Power|p1a: Ar\u0441eus-Fighting\n|-supereffective|p1a: Ar\u0441eus-Fighting\n|-damage|p1a: Ar\u0441eus-Fighting|0 fnt\n|faint|p1a: Ar\u0441eus-Fighting\n|\n|-weather|Sandstorm|[upkeep]\n|-damage|p2a: Ursaluna|28\/100|[from] Sandstorm\n|-heal|p2a: Ursaluna|34\/100|[from] item: Leftovers\n|upkeep\n|c|\u2606XpokVEVO|it was over\n|\n|t:|1699301310\n|switch|p1a: Aunt Fanny|Magearna|100\/100 par\n|turn|15\n|c|\u2606XpokVEVO|re?\n|\n|t:|1699301315\n|move|p2a: Ursaluna|Earth Power|p1a: Aunt Fanny\n|-supereffective|p1a: Aunt Fanny\n|-damage|p1a: Aunt Fanny|17\/100 par\n|move|p1a: Aunt Fanny|Fleur Cannon|p2a: Ursaluna\n|-damage|p2a: Ursaluna|0 fnt\n|-unboost|p1a: Aunt Fanny|spa|2\n|faint|p2a: Ursaluna\n|-ability|p1a: Aunt Fanny|Soul-Heart|boost\n|-boost|p1a: Aunt Fanny|spa|1\n|\n|-weather|Sandstorm|[upkeep]\n|upkeep\n|\n|t:|1699301321\n|switch|p2a: Garchomp|Garchomp, F|100\/100\n|-damage|p2a: Garchomp|88\/100|[from] Spikes\n|turn|16\n|\n|t:|1699301336\n|move|p2a: Garchomp|Earthquake|p1a: Aunt Fanny\n|-supereffective|p1a: Aunt Fanny\n|-damage|p1a: Aunt Fanny|0 fnt\n|faint|p1a: Aunt Fanny\n|\n|-weather|none\n|upkeep\n|\n|t:|1699301337\n|switch|p1a: Akira|Cyclizar, M, tera:Poison|54\/100\n|turn|17\n|c|\u2606Leo Justice|sure\n|\n|t:|1699301354\n|move|p1a: Akira|Taunt|p2a: Garchomp\n|-start|p2a: Garchomp|move: Taunt\n|move|p2a: Garchomp|Scale Shot|p1a: Akira\n|-damage|p1a: Akira|36\/100\n|-damage|p1a: Akira|17\/100\n|-damage|p1a: Akira|0 fnt\n|faint|p1a: Akira\n|-hitcount|p1: Akira|3\n|\n|win|Leo Justice\n|l|\u2606XpokVEVO\n|l|\u2606Leo Justice\n|j|\u2606Leo Justice\n|player|p2|Leo Justice|carmine\n","uploadtime":1699301804,"views":10,"p1id":"xpokvevo","p2id":"leojustice","formatid":"gen9ubers","rating":0,"private":0,"password":""}