{"id":"gen9ubers-1974357052","p1":"bowsori","p2":"Theminals","format":"[Gen 9] Ubers","log":"|j|\u2606bowsori\n|j|\u2606Theminals\n|t:|1698080558\n|gametype|singles\n|player|p1|bowsori|ruinmaniac|\n|player|p2|Theminals|depotagent|\n|teamsize|p1|6\n|teamsize|p2|6\n|gen|9\n|tier|[Gen 9] Ubers\n|rule|Sleep Clause Mod: Limit one foe put to sleep\n|rule|Species Clause: Limit one of each Pok\u00e9mon\n|rule|OHKO Clause: OHKO moves are banned\n|rule|Evasion Items Clause: Evasion items are banned\n|rule|Evasion Moves Clause: Evasion moves are banned\n|rule|Endless Battle Clause: Forcing endless battles is banned\n|rule|HP Percentage Mod: HP is shown in percentages\n|clearpoke\n|poke|p1|Landorus, M|\n|poke|p1|Houndstone, M|\n|poke|p1|Magearna|\n|poke|p1|Tyranitar, F|\n|poke|p1|Zacian-*|\n|poke|p1|Arceus-Bug|\n|poke|p2|Magearna|\n|poke|p2|Palkia-Origin|\n|poke|p2|Zacian-*|\n|poke|p2|Arceus-Poison|\n|poke|p2|Cyclizar, F|\n|poke|p2|Urshifu-*, M|\n|teampreview\n|c|\u2606Theminals|glhf\n|c|\u2606bowsori|hi\n|c|\u2606bowsori|glhf\n|\n|t:|1698080591\n|start\n|switch|p1a: Landorus|Landorus, M|100\/100\n|switch|p2a: Palkia|Palkia-Origin|100\/100\n|-ability|p2a: Palkia|Pressure\n|turn|1\n|\n|t:|1698080612\n|switch|p1a: Tyranitar|Tyranitar, F|100\/100\n|-weather|Sandstorm|[from] ability: Sand Stream|[of] p1a: Tyranitar\n|move|p2a: Palkia|Hydro Pump|p1a: Tyranitar\n|-supereffective|p1a: Tyranitar\n|-damage|p1a: Tyranitar|35\/100\n|\n|-weather|Sandstorm|[upkeep]\n|-damage|p2a: Palkia|94\/100|[from] Sandstorm\n|upkeep\n|turn|2\n|\n|t:|1698080625\n|switch|p1a: Magearna|Magearna|100\/100\n|move|p2a: Palkia|Hydro Pump|p1a: Magearna\n|-damage|p1a: Magearna|57\/100\n|\n|-weather|Sandstorm|[upkeep]\n|-damage|p2a: Palkia|88\/100|[from] Sandstorm\n|-heal|p1a: Magearna|63\/100|[from] item: Leftovers\n|upkeep\n|turn|3\n|\n|t:|1698080640\n|switch|p2a: Arceus|Arceus-Poison|100\/100\n|move|p1a: Magearna|Draining Kiss|p2a: Arceus\n|-resisted|p2a: Arceus\n|-damage|p2a: Arceus|93\/100\n|-heal|p1a: Magearna|70\/100|[from] drain|[of] p2a: Arceus\n|\n|-weather|Sandstorm|[upkeep]\n|-damage|p2a: Arceus|87\/100|[from] Sandstorm\n|-heal|p1a: Magearna|76\/100|[from] item: Leftovers\n|upkeep\n|turn|4\n|\n|t:|1698080649\n|move|p2a: Arceus|Taunt|p1a: Magearna\n|-start|p1a: Magearna|move: Taunt\n|cant|p1a: Magearna|move: Taunt|Thunder Wave\n|\n|-weather|Sandstorm|[upkeep]\n|-damage|p2a: Arceus|81\/100|[from] Sandstorm\n|-heal|p1a: Magearna|82\/100|[from] item: Leftovers\n|upkeep\n|turn|5\n|\n|t:|1698080660\n|move|p2a: Arceus|Iron Defense|p2a: Arceus\n|-boost|p2a: Arceus|def|2\n|move|p1a: Magearna|Volt Switch|p2a: Arceus\n|-damage|p2a: Arceus|68\/100\n|\n|t:|1698080665\n|switch|p1a: Landorus|Landorus, M|100\/100|[from] Volt Switch\n|\n|-weather|Sandstorm|[upkeep]\n|-damage|p2a: Arceus|62\/100|[from] Sandstorm\n|upkeep\n|turn|6\n|\n|t:|1698080692\n|switch|p2a: Cyclizar|Cyclizar, F|100\/100\n|move|p1a: Landorus|Earth Power|p2a: Cyclizar\n|-damage|p2a: Cyclizar|5\/100\n|-enditem|p2a: Cyclizar|Sitrus Berry|[eat]\n|-heal|p2a: Cyclizar|30\/100|[from] item: Sitrus Berry\n|\n|-weather|Sandstorm|[upkeep]\n|-damage|p2a: Cyclizar|24\/100|[from] Sandstorm\n|upkeep\n|turn|7\n|\n|t:|1698080706\n|switch|p1a: Arceus Grass|Arceus-Bug|100\/100\n|move|p2a: Cyclizar|Knock Off|p1a: Arceus Grass\n|-damage|p1a: Arceus Grass|93\/100\n|\n|-weather|Sandstorm|[upkeep]\n|-damage|p2a: Cyclizar|18\/100|[from] Sandstorm\n|-damage|p1a: Arceus Grass|87\/100|[from] Sandstorm\n|upkeep\n|turn|8\n|\n|t:|1698080716\n|move|p2a: Cyclizar|U-turn|p1a: Arceus Grass\n|-damage|p1a: Arceus Grass|80\/100\n|\n|t:|1698080722\n|switch|p2a: Arceus|Arceus-Poison|62\/100|[from] U-turn\n|move|p1a: Arceus Grass|Calm Mind|p1a: Arceus Grass\n|-boost|p1a: Arceus Grass|spa|1\n|-boost|p1a: Arceus Grass|spd|1\n|\n|-weather|none\n|upkeep\n|turn|9\n|\n|t:|1698080730\n|move|p2a: Arceus|Taunt|p1a: Arceus Grass\n|-start|p1a: Arceus Grass|move: Taunt\n|cant|p1a: Arceus Grass|move: Taunt|Calm Mind\n|\n|upkeep\n|turn|10\n|\n|t:|1698080735\n|move|p2a: Arceus|Recover|p2a: Arceus\n|-heal|p2a: Arceus|100\/100\n|move|p1a: Arceus Grass|Earth Power|p2a: Arceus\n|-supereffective|p2a: Arceus\n|-damage|p2a: Arceus|55\/100\n|\n|upkeep\n|turn|11\n|\n|t:|1698080744\n|-terastallize|p1a: Arceus Grass|Ground\n|move|p2a: Arceus|Recover|p2a: Arceus\n|-heal|p2a: Arceus|100\/100\n|move|p1a: Arceus Grass|Earth Power|p2a: Arceus\n|-supereffective|p2a: Arceus\n|-damage|p2a: Arceus|32\/100\n|\n|-end|p1a: Arceus Grass|move: Taunt\n|upkeep\n|turn|12\n|\n|t:|1698080762\n|move|p2a: Arceus|Body Press|p1a: Arceus Grass\n|-damage|p1a: Arceus Grass|65\/100\n|move|p1a: Arceus Grass|Earth Power|p2a: Arceus\n|-supereffective|p2a: Arceus\n|-damage|p2a: Arceus|0 fnt\n|faint|p2a: Arceus\n|\n|upkeep\n|\n|t:|1698080769\n|switch|p2a: Palkia|Palkia-Origin|88\/100\n|-ability|p2a: Palkia|Pressure\n|turn|13\n|\n|t:|1698080850\n|move|p1a: Arceus Grass|Earth Power|p2a: Palkia\n|-damage|p2a: Palkia|36\/100\n|move|p2a: Palkia|Roar|p1a: Arceus Grass\n|drag|p1a: Zacian|Zacian, shiny|100\/100\n|-ability|p1a: Zacian|Intrepid Sword|boost\n|-boost|p1a: Zacian|atk|1\n|\n|upkeep\n|turn|14\n|\n|t:|1698080861\n|switch|p2a: Magearna|Magearna|100\/100\n|move|p1a: Zacian|Play Rough|p2a: Magearna\n|-resisted|p2a: Magearna\n|-damage|p2a: Magearna|58\/100\n|\n|upkeep\n|turn|15\n|\n|t:|1698080876\n|switch|p1a: Landorus|Landorus, M|100\/100\n|move|p2a: Magearna|Flash Cannon|p1a: Landorus\n|-damage|p1a: Landorus|43\/100\n|\n|upkeep\n|turn|16\n|\n|t:|1698080883\n|move|p1a: Landorus|Earth Power|p2a: Magearna\n|-supereffective|p2a: Magearna\n|-damage|p2a: Magearna|0 fnt\n|faint|p2a: Magearna\n|\n|upkeep\n|\n|t:|1698080897\n|switch|p2a: Cyclizar|Cyclizar, F|51\/100\n|turn|17\n|\n|t:|1698080908\n|move|p2a: Cyclizar|Shed Tail|p2a: Cyclizar\n|-start|p2a: Cyclizar|Substitute|[from] move: Shed Tail\n|-damage|p2a: Cyclizar|1\/100\n|\n|t:|1698080916\n|switch|p2a: Palkia|Palkia-Origin|36\/100|[from] Shed Tail\n|-ability|p2a: Palkia|Pressure\n|move|p1a: Landorus|Earth Power|p2a: Palkia\n|-end|p2a: Palkia|Substitute\n|\n|upkeep\n|turn|18\n|\n|t:|1698080944\n|move|p2a: Palkia|Hydro Pump|p1a: Landorus\n|-supereffective|p1a: Landorus\n|-damage|p1a: Landorus|0 fnt\n|faint|p1a: Landorus\n|\n|upkeep\n|\n|t:|1698080948\n|switch|p1a: Zacian|Zacian, shiny|100\/100\n|turn|19\n|\n|t:|1698080956\n|move|p1a: Zacian|Play Rough|p2a: Palkia\n|-supereffective|p2a: Palkia\n|-damage|p2a: Palkia|0 fnt\n|faint|p2a: Palkia\n|\n|upkeep\n|\n|t:|1698080961\n|switch|p2a: Zacian|Zacian|100\/100\n|-ability|p2a: Zacian|Intrepid Sword|boost\n|-boost|p2a: Zacian|atk|1\n|turn|20\n|\n|t:|1698080966\n|move|p1a: Zacian|Play Rough|p2a: Zacian\n|-damage|p2a: Zacian|42\/100\n|move|p2a: Zacian|Iron Head|p1a: Zacian\n|-supereffective|p1a: Zacian\n|-damage|p1a: Zacian|0 fnt\n|faint|p1a: Zacian\n|\n|upkeep\n|\n|t:|1698080976\n|switch|p1a: Arceus Grass|Arceus-Bug, tera:Ground|65\/100\n|turn|21\n|\n|t:|1698080981\n|move|p2a: Zacian|Iron Head|p1a: Arceus Grass\n|-damage|p1a: Arceus Grass|35\/100\n|cant|p1a: Arceus Grass|flinch\n|\n|upkeep\n|turn|22\n|\n|t:|1698080991\n|move|p2a: Zacian|Iron Head|p1a: Arceus Grass\n|-damage|p1a: Arceus Grass|5\/100\n|move|p1a: Arceus Grass|Earth Power|p2a: Zacian\n|-damage|p2a: Zacian|11\/100\n|\n|upkeep\n|turn|23\n|\n|t:|1698081007\n|move|p2a: Zacian|Iron Head|p1a: Arceus Grass\n|-damage|p1a: Arceus Grass|0 fnt\n|faint|p1a: Arceus Grass\n|\n|upkeep\n|\n|t:|1698081011\n|switch|p1a: Tyranitar|Tyranitar, F|35\/100\n|-weather|Sandstorm|[from] ability: Sand Stream|[of] p1a: Tyranitar\n|turn|24\n|\n|t:|1698081017\n|move|p2a: Zacian|Iron Head|p1a: Tyranitar\n|-supereffective|p1a: Tyranitar\n|-damage|p1a: Tyranitar|0 fnt\n|faint|p1a: Tyranitar\n|\n|-weather|Sandstorm|[upkeep]\n|-damage|p2a: Zacian|4\/100|[from] Sandstorm\n|upkeep\n|\n|t:|1698081024\n|switch|p1a: Houndstone|Houndstone, M|100\/100\n|turn|25\n|\n|t:|1698081028\n|move|p1a: Houndstone|Body Press|p2a: Zacian\n|-resisted|p2a: Zacian\n|-damage|p2a: Zacian|0 fnt\n|faint|p2a: Zacian\n|\n|-weather|Sandstorm|[upkeep]\n|upkeep\n|\n|t:|1698081043\n|switch|p2a: Urshifu|Urshifu, M|100\/100\n|turn|26\n|\n|t:|1698081073\n|switch|p1a: Magearna|Magearna|82\/100\n|move|p2a: Urshifu|Swords Dance|p2a: Urshifu\n|-boost|p2a: Urshifu|atk|2\n|\n|-weather|Sandstorm|[upkeep]\n|-damage|p2a: Urshifu|94\/100|[from] Sandstorm\n|-heal|p1a: Magearna|88\/100|[from] item: Leftovers\n|upkeep\n|turn|27\n|\n|t:|1698081081\n|move|p2a: Urshifu|Close Combat|p1a: Magearna\n|-damage|p1a: Magearna|0 fnt\n|-unboost|p2a: Urshifu|def|1\n|-unboost|p2a: Urshifu|spd|1\n|faint|p1a: Magearna\n|-damage|p2a: Urshifu|84\/100|[from] item: Life Orb\n|\n|-weather|Sandstorm|[upkeep]\n|-damage|p2a: Urshifu|78\/100|[from] Sandstorm\n|upkeep\n|\n|t:|1698081089\n|switch|p1a: Houndstone|Houndstone, M|100\/100\n|turn|28\n|\n|t:|1698081093\n|-terastallize|p2a: Urshifu|Dark\n|move|p2a: Urshifu|Sucker Punch|p1a: Houndstone\n|-supereffective|p1a: Houndstone\n|-damage|p1a: Houndstone|0 fnt\n|faint|p1a: Houndstone\n|-damage|p2a: Urshifu|68\/100|[from] item: Life Orb\n|\n|win|Theminals\n|c|\u2606Theminals|gg\n|c|\u2606bowsori|gg\n","uploadtime":1698081108,"views":45,"p1id":"bowsori","p2id":"theminals","formatid":"gen9ubers","rating":0,"private":0,"password":""}