{"id":"gen9ubers-1986244778","p1":"RicsixZul","p2":"aqq_lann","format":"[Gen 9] Ubers","log":"|j|\u2606RicsixZul\n|j|\u2606aqq_lann\n|t:|1699462935\n|gametype|singles\n|player|p1|RicsixZul|birdkeeper-gen4dp|1005\n|player|p2|aqq_lann|steven|1000\n|teamsize|p1|6\n|teamsize|p2|6\n|gen|9\n|tier|[Gen 9] Ubers\n|rated|\n|rule|Sleep Clause Mod: Limit one foe put to sleep\n|rule|Species Clause: Limit one of each Pok\u00e9mon\n|rule|OHKO Clause: OHKO moves are banned\n|rule|Evasion Items Clause: Evasion items are banned\n|rule|Evasion Moves Clause: Evasion moves are banned\n|rule|Endless Battle Clause: Forcing endless battles is banned\n|rule|HP Percentage Mod: HP is shown in percentages\n|clearpoke\n|poke|p1|Ursaluna-Bloodmoon, M|\n|poke|p1|Miraidon|\n|poke|p1|Koraidon|\n|poke|p1|Arceus|\n|poke|p1|Mewtwo|\n|poke|p1|Darkrai|\n|poke|p2|Landorus-Therian, M|\n|poke|p2|Iron Valiant|\n|poke|p2|Gholdengo|\n|poke|p2|Ogerpon-Cornerstone, F|\n|poke|p2|Toxapex, M|\n|poke|p2|Gliscor, M|\n|teampreview\n|inactive|Battle timer is ON: inactive players will automatically lose when time's up. (requested by RicsixZul)\n|\n|t:|1699462945\n|start\n|switch|p1a: Arceus|Arceus, shiny|100\/100\n|switch|p2a: Toxapex|Toxapex, M|100\/100\n|turn|1\n|\n|t:|1699462953\n|-terastallize|p1a: Arceus|Normal\n|move|p1a: Arceus|Extreme Speed|p2a: Toxapex\n|-damage|p2a: Toxapex|31\/100\n|move|p2a: Toxapex|Toxic|p1a: Arceus\n|-status|p1a: Arceus|tox\n|\n|-heal|p2a: Toxapex|37\/100|[from] item: Leftovers\n|-damage|p1a: Arceus|94\/100 tox|[from] psn\n|upkeep\n|turn|2\n|\n|t:|1699462964\n|move|p2a: Toxapex|Baneful Bunker|p2a: Toxapex\n|-singleturn|p2a: Toxapex|move: Protect\n|move|p1a: Arceus|Extreme Speed|p2a: Toxapex\n|-activate|p2a: Toxapex|move: Protect\n|\n|-heal|p2a: Toxapex|43\/100|[from] item: Leftovers\n|-damage|p1a: Arceus|82\/100 tox|[from] psn\n|upkeep\n|turn|3\n|\n|t:|1699462976\n|switch|p2a: Gholdengo|Gholdengo|100\/100\n|move|p1a: Arceus|Extreme Speed|p2a: Gholdengo\n|-immune|p2a: Gholdengo\n|\n|-damage|p1a: Arceus|64\/100 tox|[from] psn\n|upkeep\n|turn|4\n|\n|t:|1699462994\n|switch|p1a: Miraidon|Miraidon|100\/100\n|-fieldstart|move: Electric Terrain|[from] ability: Hadron Engine|[of] p1a: Miraidon\n|move|p2a: Gholdengo|Make It Rain|p1a: Miraidon\n|-resisted|p1a: Miraidon\n|-damage|p1a: Miraidon|74\/100\n|-unboost|p2a: Gholdengo|spa|1\n|\n|upkeep\n|turn|5\n|\n|t:|1699463007\n|switch|p2a: Landorus|Landorus-Therian, M|100\/100\n|-ability|p2a: Landorus|Intimidate|boost\n|-unboost|p1a: Miraidon|atk|1\n|move|p1a: Miraidon|Electro Drift|p2a: Landorus\n|-immune|p2a: Landorus\n|\n|upkeep\n|turn|6\n|\n|t:|1699463018\n|switch|p1a: Koraidon|Koraidon|100\/100\n|-weather|SunnyDay|[from] ability: Orichalcum Pulse|[of] p1a: Koraidon\n|-activate|p1a: Koraidon|Orichalcum Pulse|[source]\n|move|p2a: Landorus|Stealth Rock|p1a: Koraidon\n|-sidestart|p1: RicsixZul|move: Stealth Rock\n|\n|-weather|SunnyDay|[upkeep]\n|upkeep\n|turn|7\n|\n|t:|1699463030\n|move|p2a: Landorus|Protect|p2a: Landorus\n|-singleturn|p2a: Landorus|Protect\n|move|p1a: Koraidon|Collision Course|p2a: Landorus\n|-activate|p2a: Landorus|move: Protect\n|\n|-weather|SunnyDay|[upkeep]\n|upkeep\n|turn|8\n|\n|t:|1699463038\n|switch|p2a: Iron Valiant|Iron Valiant|100\/100\n|-activate|p2a: Iron Valiant|ability: Quark Drive\n|-start|p2a: Iron Valiant|quarkdrivespe\n|move|p1a: Koraidon|Collision Course|p2a: Iron Valiant\n|-resisted|p2a: Iron Valiant\n|-damage|p2a: Iron Valiant|42\/100\n|\n|-weather|SunnyDay|[upkeep]\n|-fieldend|move: Electric Terrain\n|-end|p2a: Iron Valiant|Quark Drive\n|upkeep\n|turn|9\n|j| Diz4Ditto\n|l| Diz4Ditto\n|\n|t:|1699463049\n|move|p1a: Koraidon|Collision Course|p2a: Iron Valiant\n|-resisted|p2a: Iron Valiant\n|-damage|p2a: Iron Valiant|0 fnt\n|faint|p2a: Iron Valiant\n|-end|p2a: Iron Valiant|Quark Drive|[silent]\n|\n|-weather|SunnyDay|[upkeep]\n|upkeep\n|\n|t:|1699463053\n|switch|p2a: Toxapex|Toxapex, M|76\/100\n|turn|10\n|\n|t:|1699463059\n|move|p2a: Toxapex|Baneful Bunker|p2a: Toxapex\n|-singleturn|p2a: Toxapex|move: Protect\n|move|p1a: Koraidon|Collision Course|p2a: Toxapex\n|-activate|p2a: Toxapex|move: Protect\n|-status|p1a: Koraidon|psn\n|\n|-weather|none\n|-heal|p2a: Toxapex|83\/100|[from] item: Leftovers\n|-damage|p1a: Koraidon|88\/100 psn|[from] psn\n|upkeep\n|turn|11\n|\n|t:|1699463072\n|move|p1a: Koraidon|Collision Course|p2a: Toxapex\n|-resisted|p2a: Toxapex\n|-damage|p2a: Toxapex|49\/100\n|move|p2a: Toxapex|Toxic Spikes|p1a: Koraidon\n|-sidestart|p1: RicsixZul|move: Toxic Spikes\n|\n|-heal|p2a: Toxapex|55\/100|[from] item: Leftovers\n|-damage|p1a: Koraidon|76\/100 psn|[from] psn\n|upkeep\n|turn|12\n|\n|t:|1699463082\n|move|p2a: Toxapex|Baneful Bunker|p2a: Toxapex\n|-singleturn|p2a: Toxapex|move: Protect\n|move|p1a: Koraidon|Collision Course|p2a: Toxapex\n|-activate|p2a: Toxapex|move: Protect\n|\n|-heal|p2a: Toxapex|61\/100|[from] item: Leftovers\n|-damage|p1a: Koraidon|64\/100 psn|[from] psn\n|upkeep\n|turn|13\n|\n|t:|1699463093\n|move|p1a: Koraidon|Collision Course|p2a: Toxapex\n|-resisted|p2a: Toxapex\n|-damage|p2a: Toxapex|27\/100\n|move|p2a: Toxapex|Toxic Spikes|p1a: Koraidon\n|-sidestart|p1: RicsixZul|move: Toxic Spikes\n|\n|-heal|p2a: Toxapex|33\/100|[from] item: Leftovers\n|-damage|p1a: Koraidon|51\/100 psn|[from] psn\n|upkeep\n|turn|14\n|\n|t:|1699463105\n|move|p2a: Toxapex|Baneful Bunker|p2a: Toxapex\n|-singleturn|p2a: Toxapex|move: Protect\n|move|p1a: Koraidon|Collision Course|p2a: Toxapex\n|-activate|p2a: Toxapex|move: Protect\n|\n|-heal|p2a: Toxapex|39\/100|[from] item: Leftovers\n|-damage|p1a: Koraidon|39\/100 psn|[from] psn\n|upkeep\n|turn|15\n|\n|t:|1699463116\n|switch|p2a: Gholdengo|Gholdengo|100\/100\n|-activate|p1a: Koraidon|move: Struggle\n|move|p1a: Koraidon|Struggle|p2a: Gholdengo\n|-damage|p2a: Gholdengo|71\/100\n|-damage|p1a: Koraidon|14\/100 psn|[from] recoil\n|\n|-heal|p2a: Gholdengo|77\/100|[from] item: Leftovers\n|-damage|p1a: Koraidon|2\/100 psn|[from] psn\n|upkeep\n|turn|16\n|\n|t:|1699463130\n|switch|p2a: Toxapex|Toxapex, M|72\/100\n|-activate|p1a: Koraidon|move: Struggle\n|move|p1a: Koraidon|Struggle|p2a: Toxapex\n|-damage|p2a: Toxapex|49\/100\n|-damage|p1a: Koraidon|0 fnt|[from] recoil\n|faint|p1a: Koraidon\n|\n|-heal|p2a: Toxapex|55\/100|[from] item: Leftovers\n|upkeep\n|\n|t:|1699463140\n|switch|p1a: Darkrai|Darkrai, shiny|100\/100\n|-damage|p1a: Darkrai|88\/100|[from] Stealth Rock\n|-status|p1a: Darkrai|tox\n|turn|17\n|\n|t:|1699463147\n|move|p2a: Toxapex|Baneful Bunker|p2a: Toxapex\n|-singleturn|p2a: Toxapex|move: Protect\n|move|p1a: Darkrai|Hypnosis|p2a: Toxapex\n|-activate|p2a: Toxapex|move: Protect\n|\n|-heal|p2a: Toxapex|61\/100|[from] item: Leftovers\n|-damage|p1a: Darkrai|82\/100 tox|[from] psn\n|upkeep\n|turn|18\n|\n|t:|1699463160\n|move|p1a: Darkrai|Hypnosis|p2a: Toxapex\n|-status|p2a: Toxapex|slp|[from] move: Hypnosis\n|cant|p2a: Toxapex|slp\n|\n|-heal|p2a: Toxapex|68\/100 slp|[from] item: Leftovers\n|-damage|p1a: Darkrai|70\/100 tox|[from] psn\n|-damage|p2a: Toxapex|55\/100 slp|[from] ability: Bad Dreams|[of] p1a: Darkrai\n|upkeep\n|turn|19\n|\n|t:|1699463176\n|switch|p1a: Mewtwo|Mewtwo, shiny|100\/100\n|-damage|p1a: Mewtwo|88\/100|[from] Stealth Rock\n|-status|p1a: Mewtwo|tox\n|-ability|p1a: Mewtwo|Pressure\n|cant|p2a: Toxapex|slp\n|\n|-heal|p2a: Toxapex|61\/100 slp|[from] item: Leftovers\n|-damage|p1a: Mewtwo|82\/100 tox|[from] psn\n|upkeep\n|turn|20\n|\n|t:|1699463199\n|-curestatus|p2a: Toxapex|slp|[msg]\n|move|p2a: Toxapex|Baneful Bunker|p2a: Toxapex\n|-singleturn|p2a: Toxapex|move: Protect\n|move|p1a: Mewtwo|Psybeam|p2a: Toxapex\n|-activate|p2a: Toxapex|move: Protect\n|\n|-heal|p2a: Toxapex|68\/100|[from] item: Leftovers\n|-damage|p1a: Mewtwo|69\/100 tox|[from] psn\n|upkeep\n|turn|21\n|\n|t:|1699463210\n|switch|p2a: Landorus|Landorus-Therian, M|100\/100\n|-ability|p2a: Landorus|Intimidate|boost\n|-unboost|p1a: Mewtwo|atk|1\n|move|p1a: Mewtwo|Psybeam|p2a: Landorus\n|-damage|p2a: Landorus|49\/100\n|\n|-heal|p2a: Landorus|55\/100|[from] item: Leftovers\n|-damage|p1a: Mewtwo|51\/100 tox|[from] psn\n|upkeep\n|turn|22\n|\n|t:|1699463222\n|move|p2a: Landorus|Protect|p2a: Landorus\n|-singleturn|p2a: Landorus|Protect\n|move|p1a: Mewtwo|Psybeam|p2a: Landorus\n|-activate|p2a: Landorus|move: Protect\n|\n|-heal|p2a: Landorus|61\/100|[from] item: Leftovers\n|-damage|p1a: Mewtwo|26\/100 tox|[from] psn\n|upkeep\n|turn|23\n|inactive|aqq_lann has 120 seconds left.\n|\n|t:|1699463246\n|switch|p1a: Miraidon|Miraidon|74\/100\n|-damage|p1a: Miraidon|62\/100|[from] Stealth Rock\n|-status|p1a: Miraidon|tox\n|-fieldstart|move: Electric Terrain|[from] ability: Hadron Engine|[of] p1a: Miraidon\n|move|p2a: Landorus|Earthquake|p1a: Miraidon\n|-supereffective|p1a: Miraidon\n|-damage|p1a: Miraidon|0 fnt\n|faint|p1a: Miraidon\n|\n|-heal|p2a: Landorus|67\/100|[from] item: Leftovers\n|upkeep\n|\n|t:|1699463260\n|switch|p1a: Darkrai|Darkrai, shiny|70\/100 tox\n|-damage|p1a: Darkrai|57\/100 tox|[from] Stealth Rock\n|turn|24\n|\n|t:|1699463268\n|move|p2a: Landorus|Protect|p2a: Landorus\n|-singleturn|p2a: Landorus|Protect\n|move|p1a: Darkrai|Hypnosis|p2a: Landorus\n|-activate|p2a: Landorus|move: Protect\n|\n|-heal|p2a: Landorus|74\/100|[from] item: Leftovers\n|-damage|p1a: Darkrai|51\/100 tox|[from] psn\n|upkeep\n|turn|25\n|\n|t:|1699463277\n|move|p1a: Darkrai|Hypnosis|p2a: Landorus\n|-status|p2a: Landorus|slp|[from] move: Hypnosis\n|cant|p2a: Landorus|slp\n|\n|-heal|p2a: Landorus|80\/100 slp|[from] item: Leftovers\n|-damage|p1a: Darkrai|39\/100 tox|[from] psn\n|-damage|p2a: Landorus|67\/100 slp|[from] ability: Bad Dreams|[of] p1a: Darkrai\n|upkeep\n|turn|26\n|\n|t:|1699463293\n|move|p1a: Darkrai|Ice Beam|p2a: Landorus\n|-supereffective|p2a: Landorus\n|-damage|p2a: Landorus|0 fnt\n|faint|p2a: Landorus\n|\n|-damage|p1a: Darkrai|21\/100 tox|[from] psn\n|upkeep\n|\n|t:|1699463300\n|switch|p2a: Toxapex|Toxapex, M|100\/100\n|turn|27\n|\n|t:|1699463306\n|move|p2a: Toxapex|Baneful Bunker|p2a: Toxapex\n|-singleturn|p2a: Toxapex|move: Protect\n|move|p1a: Darkrai|Hypnosis|p2a: Toxapex\n|-activate|p2a: Toxapex|move: Protect\n|\n|-damage|p1a: Darkrai|0 fnt|[from] psn\n|faint|p1a: Darkrai\n|-fieldend|move: Electric Terrain\n|upkeep\n|\n|t:|1699463316\n|switch|p1a: Mewtwo|Mewtwo, shiny|26\/100 tox\n|-damage|p1a: Mewtwo|13\/100 tox|[from] Stealth Rock\n|-ability|p1a: Mewtwo|Pressure\n|turn|28\n|\n|t:|1699463329\n|switch|p2a: Gholdengo|Gholdengo|77\/100\n|move|p1a: Mewtwo|Psybeam|p2a: Gholdengo\n|-resisted|p2a: Gholdengo\n|-damage|p2a: Gholdengo|47\/100\n|\n|-heal|p2a: Gholdengo|53\/100|[from] item: Leftovers\n|-damage|p1a: Mewtwo|7\/100 tox|[from] psn\n|upkeep\n|turn|29\n|-message|RicsixZul forfeited.\n|\n|win|aqq_lann\n|raw|RicsixZul's rating: 1005 &rarr; <strong>1000<\/strong><br \/>(-5 for losing)\n|raw|aqq_lann's rating: 1000 &rarr; <strong>1041<\/strong><br \/>(+41 for winning)\n|l|\u2606RicsixZul\n","uploadtime":1699463369,"views":16,"p1id":"ricsixzul","p2id":"aqqlann","formatid":"gen9ubers","rating":1000,"private":0,"password":""}