{"id":"gen9ubers-1985695008","p1":"The8thSamurai","p2":"Kizaco","format":"[Gen 9] Ubers","log":"|j|\u2606The8thSamurai\n|j|\u2606Kizaco\n|t:|1699396555\n|gametype|singles\n|player|p1|The8thSamurai|benga|\n|player|p2|Kizaco|1|\n|teamsize|p1|6\n|teamsize|p2|6\n|gen|9\n|tier|[Gen 9] Ubers\n|rule|Sleep Clause Mod: Limit one foe put to sleep\n|rule|Species Clause: Limit one of each Pok\u00e9mon\n|rule|OHKO Clause: OHKO moves are banned\n|rule|Evasion Items Clause: Evasion items are banned\n|rule|Evasion Moves Clause: Evasion moves are banned\n|rule|Endless Battle Clause: Forcing endless battles is banned\n|rule|HP Percentage Mod: HP is shown in percentages\n|clearpoke\n|poke|p1|Magearna|\n|poke|p1|Cyclizar, F|\n|poke|p1|Zacian-*|\n|poke|p1|Pelipper, M|\n|poke|p1|Palkia-Origin|\n|poke|p1|Barraskewda, F|\n|poke|p2|Landorus, M|\n|poke|p2|Urshifu-*, M|\n|poke|p2|Arceus-Ghost|\n|poke|p2|Masquerain, F|\n|poke|p2|Heatran, F|\n|poke|p2|Shaymin-Sky|\n|teampreview\n|inactive|Battle timer is ON: inactive players will automatically lose when time's up. (requested by The8thSamurai)\n|inactive|Kizaco has 270 seconds left.\n|\n|t:|1699396614\n|start\n|switch|p1a: Pelipper|Pelipper, M|100\/100\n|switch|p2a: Masquerain|Masquerain, F|100\/100\n|-ability|p2a: Masquerain|Intimidate|boost\n|-unboost|p1a: Pelipper|atk|1\n|-weather|RainDance|[from] ability: Drizzle|[of] p1a: Pelipper\n|turn|1\n|\n|t:|1699396618\n|move|p2a: Masquerain|Sticky Web|p1a: Pelipper\n|-sidestart|p1: The8thSamurai|move: Sticky Web\n|move|p1a: Pelipper|Hurricane|p2a: Masquerain\n|-supereffective|p2a: Masquerain\n|-damage|p2a: Masquerain|15\/100\n|\n|-weather|RainDance|[upkeep]\n|upkeep\n|turn|2\n|\n|t:|1699396626\n|switch|p2a: Heatran|Heatran, F|100\/100\n|move|p1a: Pelipper|U-turn|p2a: Heatran\n|-resisted|p2a: Heatran\n|-damage|p2a: Heatran|99\/100\n|-status|p1a: Pelipper|brn|[from] ability: Flame Body|[of] p2a: Heatran\n|j| Finchely\n|\n|t:|1699396638\n|switch|p1a: Palkia|Palkia-Origin|100\/100|[from] U-turn\n|-activate|p1a: Palkia|move: Sticky Web\n|-unboost|p1a: Palkia|spe|1\n|-ability|p1a: Palkia|Pressure\n|\n|-weather|RainDance|[upkeep]\n|-heal|p2a: Heatran|100\/100|[from] item: Leftovers\n|upkeep\n|turn|3\n|\n|t:|1699396654\n|switch|p2a: Shaymin|Shaymin-Sky|100\/100\n|move|p1a: Palkia|Hydro Pump|p2a: Shaymin\n|-resisted|p2a: Shaymin\n|-crit|p2a: Shaymin\n|-damage|p2a: Shaymin|0 fnt\n|faint|p2a: Shaymin\n|\n|-weather|RainDance|[upkeep]\n|upkeep\n|c| Finchely|Let\u2019s go honey <3\n|c| Finchely|A\n|c| Finchely|not that thi\n|inactive|Kizaco has 270 seconds left.\n|c| Finchely|*tho\n|c|\u2606The8thSamurai|I don't know would that have one-shot?\n|c| Finchely|Actually wait\n|c| Finchely|if you bring a banned mon\n|c|\u2606Kizaco|that didnt 1 shot without crit\n|c| Finchely|thsts just a forfeit\n|\n|t:|1699396699\n|switch|p2a: Urshifu|Urshifu, M|100\/100\n|turn|4\n|c|\u2606The8thSamurai|Wait what Mon is banned\n|c| Finchely|Basc?\n|c| Finchely|or wait\n|c|\u2606Kizaco|no they're talking about when you brought basc\n|c|\u2606Kizaco|last time\n|inactive|Kizaco has 240 seconds left.\n|c|\u2606Kizaco|before you resent chall\n|inactive|The8thSamurai has 270 seconds left.\n|c| Finchely|You can claim that as a win\n|c|\u2606The8thSamurai|Do i have to forfeit because of that?\n|c| Finchely|that\u2019s technically a lost game 1\n|c| Finchely|but\n|c|\u2606Kizaco|and i won a game\n|inactive|Kizaco has 210 seconds left.\n|c|\u2606Kizaco|so thats 2 wins\n|c| Finchely|if y\u2019all want to play it out\n|c|\u2606The8thSamurai|gg\n|c|\u2606Kizaco|gg\n|inactive|The8thSamurai has 240 seconds left.\n|c|\u2606The8thSamurai|Yeah can we play it out\n|\n|t:|1699396767\n|switch|p1a: Pelipper|Pelipper, M|100\/100 brn\n|move|p2a: Urshifu|Close Combat|p1a: Pelipper\n|-resisted|p1a: Pelipper\n|-damage|p1a: Pelipper|63\/100 brn\n|-unboost|p2a: Urshifu|def|1\n|-unboost|p2a: Urshifu|spd|1\n|\n|-weather|RainDance|[upkeep]\n|-damage|p1a: Pelipper|56\/100 brn|[from] brn\n|upkeep\n|turn|5\n|inactive|The8thSamurai has 240 seconds left.\n|\n|t:|1699396778\n|switch|p2a: Heatran|Heatran, F|100\/100\n|move|p1a: Pelipper|Hurricane|p2a: Heatran\n|-resisted|p2a: Heatran\n|-damage|p2a: Heatran|86\/100\n|\n|-weather|RainDance|[upkeep]\n|-heal|p2a: Heatran|92\/100|[from] item: Leftovers\n|-damage|p1a: Pelipper|50\/100 brn|[from] brn\n|upkeep\n|turn|6\n|\n|t:|1699396789\n|switch|p1a: Palkia|Palkia-Origin|100\/100\n|-activate|p1a: Palkia|move: Sticky Web\n|-unboost|p1a: Palkia|spe|1\n|-ability|p1a: Palkia|Pressure\n|move|p2a: Heatran|Earth Power|p1a: Palkia\n|-damage|p1a: Palkia|67\/100\n|\n|-weather|RainDance|[upkeep]\n|-heal|p2a: Heatran|98\/100|[from] item: Leftovers\n|upkeep\n|turn|7\n|\n|t:|1699396798\n|switch|p2a: Masquerain|Masquerain, F|15\/100\n|-ability|p2a: Masquerain|Intimidate|boost\n|-unboost|p1a: Palkia|atk|1\n|move|p1a: Palkia|Hydro Pump|p2a: Masquerain|[miss]\n|-miss|p1a: Palkia|p2a: Masquerain\n|\n|-weather|RainDance|[upkeep]\n|upkeep\n|turn|8\n|\n|t:|1699396803\n|switch|p1a: Cyclizar|Cyclizar, F|100\/100\n|move|p2a: Masquerain|Stun Spore|p1a: Cyclizar\n|-status|p1a: Cyclizar|par\n|\n|-weather|none\n|upkeep\n|turn|9\n|\n|t:|1699396812\n|switch|p2a: Arceus|Arceus-Ghost|100\/100\n|move|p1a: Cyclizar|Shed Tail|p1a: Cyclizar\n|-start|p1a: Cyclizar|Substitute|[from] move: Shed Tail\n|-damage|p1a: Cyclizar|50\/100 par\n|\n|t:|1699396817\n|switch|p1a: Zacian|Zacian, shiny|100\/100|[from] Shed Tail\n|-activate|p1a: Zacian|move: Sticky Web\n|-unboost|p1a: Zacian|spe|1\n|-ability|p1a: Zacian|Intrepid Sword|boost\n|-boost|p1a: Zacian|atk|1\n|\n|upkeep\n|turn|10\n|\n|t:|1699396821\n|move|p2a: Arceus|Shadow Claw|p1a: Zacian\n|-end|p1a: Zacian|Substitute\n|move|p1a: Zacian|Play Rough|p2a: Arceus\n|-damage|p2a: Arceus|58\/100\n|\n|upkeep\n|turn|11\n|\n|t:|1699396828\n|switch|p1a: Magearna|Magearna|100\/100\n|-activate|p1a: Magearna|move: Sticky Web\n|-unboost|p1a: Magearna|spe|1\n|move|p2a: Arceus|Swords Dance|p2a: Arceus\n|-boost|p2a: Arceus|atk|2\n|\n|upkeep\n|turn|12\n|inactive|Kizaco has 240 seconds left.\n|\n|t:|1699396835\n|move|p2a: Arceus|Swords Dance|p2a: Arceus\n|-boost|p2a: Arceus|atk|2\n|move|p1a: Magearna|Iron Defense|p1a: Magearna\n|-boost|p1a: Magearna|def|2\n|\n|upkeep\n|turn|13\n|\n|t:|1699396839\n|switch|p2a: Masquerain|Masquerain, F|15\/100\n|-ability|p2a: Masquerain|Intimidate|boost\n|-unboost|p1a: Magearna|atk|1\n|move|p1a: Magearna|Iron Defense|p1a: Magearna\n|-boost|p1a: Magearna|def|2\n|\n|upkeep\n|turn|14\n|\n|t:|1699396843\n|move|p1a: Magearna|Calm Mind|p1a: Magearna\n|-boost|p1a: Magearna|spa|1\n|-boost|p1a: Magearna|spd|1\n|move|p2a: Masquerain|Whirlwind|p1a: Magearna\n|drag|p1a: Palkia|Palkia-Origin|67\/100\n|-activate|p1a: Palkia|move: Sticky Web\n|-unboost|p1a: Palkia|spe|1\n|-ability|p1a: Palkia|Pressure\n|\n|upkeep\n|turn|15\n|\n|t:|1699396855\n|move|p2a: Masquerain|Stun Spore|p1a: Palkia\n|-status|p1a: Palkia|par\n|move|p1a: Palkia|Hydro Pump|p2a: Masquerain\n|-damage|p2a: Masquerain|0 fnt\n|faint|p2a: Masquerain\n|\n|upkeep\n|inactive|Kizaco has 240 seconds left.\n|\n|t:|1699396884\n|switch|p2a: Landorus|Landorus, M, shiny|100\/100\n|turn|16\n|\n|t:|1699396895\n|switch|p1a: Pelipper|Pelipper, M|50\/100 brn\n|-weather|RainDance|[from] ability: Drizzle|[of] p1a: Pelipper\n|-terastallize|p2a: Landorus|Water\n|move|p2a: Landorus|Nasty Plot|p2a: Landorus\n|-boost|p2a: Landorus|spa|2\n|\n|-weather|RainDance|[upkeep]\n|-damage|p1a: Pelipper|44\/100 brn|[from] brn\n|upkeep\n|turn|17\n|\n|t:|1699396903\n|move|p2a: Landorus|Sludge Bomb|p1a: Pelipper\n|-damage|p1a: Pelipper|0 fnt\n|faint|p1a: Pelipper\n|\n|-weather|RainDance|[upkeep]\n|upkeep\n|\n|t:|1699396915\n|switch|p1a: Barraskewda|Barraskewda, F|100\/100\n|-activate|p1a: Barraskewda|move: Sticky Web\n|-unboost|p1a: Barraskewda|spe|1\n|turn|18\n|\n|t:|1699396919\n|move|p1a: Barraskewda|Close Combat|p2a: Landorus\n|-damage|p2a: Landorus|19\/100\n|-unboost|p1a: Barraskewda|def|1\n|-unboost|p1a: Barraskewda|spd|1\n|move|p2a: Landorus|Earth Power|p1a: Barraskewda\n|-damage|p1a: Barraskewda|0 fnt\n|faint|p1a: Barraskewda\n|\n|-weather|RainDance|[upkeep]\n|upkeep\n|\n|t:|1699396932\n|switch|p1a: Magearna|Magearna|100\/100\n|-activate|p1a: Magearna|move: Sticky Web\n|-unboost|p1a: Magearna|spe|1\n|turn|19\n|\n|t:|1699396935\n|move|p2a: Landorus|Earth Power|p1a: Magearna\n|-supereffective|p1a: Magearna\n|-damage|p1a: Magearna|0 fnt\n|faint|p1a: Magearna\n|\n|-weather|RainDance|[upkeep]\n|upkeep\n|\n|t:|1699396941\n|switch|p1a: Palkia|Palkia-Origin|67\/100 par\n|-activate|p1a: Palkia|move: Sticky Web\n|-unboost|p1a: Palkia|spe|1\n|-ability|p1a: Palkia|Pressure\n|turn|20\n|\n|t:|1699396945\n|move|p2a: Landorus|Earth Power|p1a: Palkia\n|-damage|p1a: Palkia|0 fnt\n|faint|p1a: Palkia\n|\n|-weather|RainDance|[upkeep]\n|upkeep\n|\n|t:|1699396951\n|switch|p1a: Zacian|Zacian, shiny|100\/100\n|-activate|p1a: Zacian|move: Sticky Web\n|-unboost|p1a: Zacian|spe|1\n|turn|21\n|\n|t:|1699396954\n|move|p2a: Landorus|Sludge Bomb|p1a: Zacian\n|-supereffective|p1a: Zacian\n|-damage|p1a: Zacian|0 fnt\n|faint|p1a: Zacian\n|\n|-weather|RainDance|[upkeep]\n|upkeep\n|\n|t:|1699396957\n|switch|p1a: Cyclizar|Cyclizar, F|84\/100 par\n|turn|22\n|c| Finchely|Let\u2019s gooo\n|c|\u2606Kizaco|gg wp\n|\n|t:|1699396960\n|move|p2a: Landorus|Sludge Bomb|p1a: Cyclizar\n|-damage|p1a: Cyclizar|0 fnt\n|faint|p1a: Cyclizar\n|\n|win|Kizaco\n|c|\u2606The8thSamurai|gg\n|c| Finchely|kizaco gaming :3\n|c|\u2606Kizaco|:3\n","uploadtime":1699396972,"views":28,"p1id":"the8thsamurai","p2id":"kizaco","formatid":"gen9ubers","rating":0,"private":0,"password":""}