{"id":"gen9ubers-1971404599","p1":"PTKmoekyuun","p2":"IspamObjection","format":"[Gen 9] Ubers","log":"|j|\u2606PTKmoekyuun\n|j|\u2606IspamObjection\n|t:|1697735875\n|gametype|singles\n|player|p1|PTKmoekyuun|skierf|\n|player|p2|IspamObjection|lance-gen2|\n|teamsize|p1|6\n|teamsize|p2|6\n|gen|9\n|tier|[Gen 9] Ubers\n|rule|Sleep Clause Mod: Limit one foe put to sleep\n|rule|Species Clause: Limit one of each Pok\u00e9mon\n|rule|OHKO Clause: OHKO moves are banned\n|rule|Evasion Items Clause: Evasion items are banned\n|rule|Evasion Moves Clause: Evasion moves are banned\n|rule|Endless Battle Clause: Forcing endless battles is banned\n|rule|HP Percentage Mod: HP is shown in percentages\n|clearpoke\n|poke|p1|Iron Moth|\n|poke|p1|Empoleon, M|\n|poke|p1|Darkrai|\n|poke|p1|Quagsire, M|\n|poke|p1|Zacian-*|\n|poke|p1|Gholdengo|\n|poke|p2|Masquerain, M|\n|poke|p2|Zacian-*|\n|poke|p2|Shaymin-Sky|\n|poke|p2|Blissey, F|\n|poke|p2|Giratina|\n|poke|p2|Palafin, F|\n|teampreview\n|\n|t:|1697735908\n|start\n|switch|p1a: Darkrai|Darkrai|100\/100\n|switch|p2a: Masquerain|Masquerain, M|100\/100\n|-ability|p2a: Masquerain|Intimidate|boost\n|-unboost|p1a: Darkrai|atk|1\n|turn|1\n|\n|t:|1697735913\n|move|p1a: Darkrai|Hypnosis|p2a: Masquerain|[miss]\n|-miss|p1a: Darkrai|p2a: Masquerain\n|move|p2a: Masquerain|Sticky Web|p1a: Darkrai\n|-sidestart|p1: PTKmoekyuun|move: Sticky Web\n|\n|upkeep\n|turn|2\n|\n|t:|1697735923\n|move|p1a: Darkrai|Hypnosis|p2a: Masquerain|[miss]\n|-miss|p1a: Darkrai|p2a: Masquerain\n|move|p2a: Masquerain|Bug Buzz|p1a: Darkrai\n|-supereffective|p1a: Darkrai\n|-damage|p1a: Darkrai|0 fnt\n|faint|p1a: Darkrai\n|\n|upkeep\n|c|\u2606PTKmoekyuun|yep\n|c|\u2606IspamObjection|Darkrai just seems way too inconsistent\n|c|\u2606PTKmoekyuun|i probably won\u00b4t use darkrai in the tournament\n|c|\u2606PTKmoekyuun|it was like a 80% atleast\n|c|\u2606PTKmoekyuun|of getting 1 sleep hi\n|c|\u2606IspamObjection|yeah I would just use the funny fish\n|c|\u2606PTKmoekyuun|y\n|\n|t:|1697735963\n|switch|p1a: Quagsire|Quagsire, M|100\/100\n|-activate|p1a: Quagsire|move: Sticky Web\n|-unboost|p1a: Quagsire|spe|1\n|turn|3\n|\n|t:|1697735971\n|move|p2a: Masquerain|Stun Spore|p1a: Quagsire\n|-status|p1a: Quagsire|par\n|move|p1a: Quagsire|Stealth Rock|p2a: Masquerain\n|-sidestart|p2: IspamObjection|move: Stealth Rock\n|\n|upkeep\n|turn|4\n|\n|t:|1697735984\n|switch|p1a: Empoleon|Empoleon, M|100\/100\n|-activate|p1a: Empoleon|move: Sticky Web\n|-unboost|p1a: Empoleon|spe|1\n|-ability|p1a: Empoleon|Competitive|boost\n|-boost|p1a: Empoleon|spa|2\n|move|p2a: Masquerain|Quiver Dance|p2a: Masquerain\n|-boost|p2a: Masquerain|spa|1\n|-boost|p2a: Masquerain|spd|1\n|-boost|p2a: Masquerain|spe|1\n|\n|upkeep\n|turn|5\n|\n|t:|1697735994\n|move|p2a: Masquerain|Stun Spore|p1a: Empoleon\n|-status|p1a: Empoleon|par\n|move|p1a: Empoleon|Roar|p2a: Masquerain\n|drag|p2a: Zacian|Zacian, shiny|100\/100\n|-damage|p2a: Zacian|88\/100|[from] Stealth Rock\n|-ability|p2a: Zacian|Intrepid Sword|boost\n|-boost|p2a: Zacian|atk|1\n|\n|upkeep\n|turn|6\n|\n|t:|1697736002\n|switch|p1a: Quagsire|Quagsire, M|100\/100 par\n|-activate|p1a: Quagsire|move: Sticky Web\n|-unboost|p1a: Quagsire|spe|1\n|move|p2a: Zacian|Wild Charge|p1a: Quagsire\n|-immune|p1a: Quagsire\n|\n|upkeep\n|turn|7\n|\n|t:|1697736014\n|switch|p2a: Palafin|Palafin, F|100\/100\n|-damage|p2a: Palafin|88\/100|[from] Stealth Rock\n|cant|p1a: Quagsire|par\n|\n|-heal|p2a: Palafin|94\/100|[from] item: Leftovers\n|upkeep\n|turn|8\n|\n|t:|1697736023\n|detailschange|p2a: Palafin|Palafin-Hero, F\n|switch|p2a: Blissey|Blissey, F|100\/100\n|move|p1a: Quagsire|Toxic|p2a: Blissey\n|-status|p2a: Blissey|tox\n|\n|-damage|p2a: Blissey|94\/100 tox|[from] psn\n|upkeep\n|turn|9\n|\n|t:|1697736029\n|switch|p1a: Iron Moth|Iron Moth|100\/100\n|move|p2a: Blissey|Stealth Rock|p1a: Iron Moth\n|-sidestart|p1: PTKmoekyuun|move: Stealth Rock\n|\n|-damage|p2a: Blissey|82\/100 tox|[from] psn\n|upkeep\n|turn|10\n|\n|t:|1697736034\n|move|p1a: Iron Moth|Toxic Spikes|p2a: Blissey\n|-sidestart|p2: IspamObjection|move: Toxic Spikes\n|move|p2a: Blissey|Thunder Wave|p1a: Iron Moth\n|-status|p1a: Iron Moth|par\n|\n|-damage|p2a: Blissey|64\/100 tox|[from] psn\n|upkeep\n|turn|11\n|\n|t:|1697736055\n|-curestatus|p2a: Blissey|tox|[from] ability: Natural Cure\n|switch|p2a: Palafin|Palafin-Hero, F|94\/100\n|-damage|p2a: Palafin|82\/100|[from] Stealth Rock\n|-status|p2a: Palafin|psn\n|-activate|p2a: Palafin|ability: Zero to Hero\n|move|p1a: Iron Moth|Toxic Spikes|p2a: Palafin\n|-sidestart|p2: IspamObjection|move: Toxic Spikes\n|\n|-heal|p2a: Palafin|88\/100 psn|[from] item: Leftovers\n|-damage|p2a: Palafin|76\/100 psn|[from] psn\n|upkeep\n|turn|12\n|\n|t:|1697736066\n|-end|p1a: Iron Moth|Quark Drive|[silent]\n|switch|p1a: Quagsire|Quagsire, M|100\/100 par\n|-activate|p1a: Quagsire|move: Sticky Web\n|-unboost|p1a: Quagsire|spe|1\n|-damage|p1a: Quagsire|94\/100 par|[from] Stealth Rock\n|move|p2a: Palafin|Bulk Up|p2a: Palafin\n|-boost|p2a: Palafin|atk|1\n|-boost|p2a: Palafin|def|1\n|\n|-heal|p2a: Palafin|82\/100 psn|[from] item: Leftovers\n|-heal|p1a: Quagsire|100\/100 par|[from] item: Leftovers\n|-damage|p2a: Palafin|69\/100 psn|[from] psn\n|upkeep\n|turn|13\n|\n|t:|1697736076\n|move|p2a: Palafin|Taunt|p1a: Quagsire\n|-start|p1a: Quagsire|move: Taunt\n|cant|p1a: Quagsire|move: Taunt|Recover\n|\n|-heal|p2a: Palafin|76\/100 psn|[from] item: Leftovers\n|-damage|p2a: Palafin|63\/100 psn|[from] psn\n|upkeep\n|turn|14\n|\n|t:|1697736092\n|switch|p2a: Giratina|Giratina, shiny|100\/100\n|-damage|p2a: Giratina|88\/100|[from] Stealth Rock\n|-status|p2a: Giratina|tox\n|-ability|p2a: Giratina|Pressure\n|move|p1a: Quagsire|Surf|p2a: Giratina\n|-resisted|p2a: Giratina\n|-damage|p2a: Giratina|82\/100 tox\n|\n|-heal|p2a: Giratina|88\/100 tox|[from] item: Leftovers\n|-damage|p2a: Giratina|82\/100 tox|[from] psn\n|upkeep\n|turn|15\n|\n|t:|1697736101\n|switch|p1a: Gholdengo|Gholdengo|100\/100\n|-damage|p1a: Gholdengo|94\/100|[from] Stealth Rock\n|-item|p1a: Gholdengo|Air Balloon\n|move|p2a: Giratina|Roar|p1a: Gholdengo\n|-immune|p1a: Gholdengo|[from] ability: Good as Gold\n|\n|-heal|p2a: Giratina|88\/100 tox|[from] item: Leftovers\n|-damage|p2a: Giratina|76\/100 tox|[from] psn\n|upkeep\n|turn|16\n|\n|t:|1697736109\n|switch|p2a: Masquerain|Masquerain, M|100\/100\n|-damage|p2a: Masquerain|51\/100|[from] Stealth Rock\n|-ability|p2a: Masquerain|Intimidate|boost\n|-unboost|p1a: Gholdengo|atk|1\n|move|p1a: Gholdengo|Nasty Plot|p1a: Gholdengo\n|-boost|p1a: Gholdengo|spa|2\n|\n|upkeep\n|turn|17\n|\n|t:|1697736117\n|move|p2a: Masquerain|Stun Spore|p1a: Gholdengo\n|-immune|p1a: Gholdengo|[from] ability: Good as Gold\n|move|p1a: Gholdengo|Hex|p2a: Masquerain\n|-damage|p2a: Masquerain|0 fnt\n|faint|p2a: Masquerain\n|\n|upkeep\n|\n|t:|1697736131\n|switch|p2a: Shaymin|Shaymin-Sky, shiny|100\/100\n|turn|18\n|\n|t:|1697736146\n|move|p2a: Shaymin|Air Slash|p1a: Gholdengo\n|-resisted|p1a: Gholdengo\n|-damage|p1a: Gholdengo|76\/100\n|-enditem|p1a: Gholdengo|Air Balloon\n|cant|p1a: Gholdengo|flinch\n|\n|upkeep\n|turn|19\n|\n|t:|1697736155\n|-terastallize|p1a: Gholdengo|Flying\n|move|p2a: Shaymin|Air Slash|p1a: Gholdengo\n|-damage|p1a: Gholdengo|42\/100\n|cant|p1a: Gholdengo|flinch\n|\n|upkeep\n|turn|20\n|\n|t:|1697736162\n|move|p2a: Shaymin|Air Slash|p1a: Gholdengo\n|-crit|p1a: Gholdengo\n|-damage|p1a: Gholdengo|0 fnt\n|faint|p1a: Gholdengo\n|\n|upkeep\n|\n|t:|1697736169\n|switch|p1a: Iron Moth|Iron Moth|100\/100 par\n|turn|21\n|\n|t:|1697736173\n|move|p2a: Shaymin|Earth Power|p1a: Iron Moth\n|-supereffective|p1a: Iron Moth\n|-damage|p1a: Iron Moth|0 fnt\n|faint|p1a: Iron Moth\n|-end|p1a: Iron Moth|Quark Drive|[silent]\n|\n|upkeep\n|\n|t:|1697736177\n|switch|p1a: Empoleon|Empoleon, M|100\/100 par\n|-activate|p1a: Empoleon|move: Sticky Web\n|-unboost|p1a: Empoleon|spe|1\n|-ability|p1a: Empoleon|Competitive|boost\n|-boost|p1a: Empoleon|spa|2\n|-damage|p1a: Empoleon|94\/100 par|[from] Stealth Rock\n|turn|22\n|\n|t:|1697736188\n|-terastallize|p2a: Shaymin|Steel\n|move|p2a: Shaymin|Earth Power|p1a: Empoleon\n|-supereffective|p1a: Empoleon\n|-damage|p1a: Empoleon|58\/100 par\n|move|p1a: Empoleon|Ice Beam|p2a: Shaymin\n|-resisted|p2a: Shaymin\n|-damage|p2a: Shaymin|74\/100\n|\n|-heal|p1a: Empoleon|64\/100 par|[from] item: Leftovers\n|upkeep\n|turn|23\n|c|\u2606PTKmoekyuun|you are also lucky ngl\n|\n|t:|1697736198\n|move|p2a: Shaymin|Leech Seed|p1a: Empoleon\n|-start|p1a: Empoleon|move: Leech Seed\n|move|p1a: Empoleon|Roost|p1a: Empoleon\n|-heal|p1a: Empoleon|100\/100 par\n|-singleturn|p1a: Empoleon|move: Roost\n|\n|-damage|p1a: Empoleon|88\/100 par|[from] Leech Seed|[of] p2a: Shaymin\n|-heal|p2a: Shaymin|87\/100|[silent]\n|upkeep\n|turn|24\n|\n|t:|1697736209\n|move|p2a: Shaymin|Earth Power|p1a: Empoleon\n|-supereffective|p1a: Empoleon\n|-damage|p1a: Empoleon|46\/100 par\n|move|p1a: Empoleon|Roar|p2a: Shaymin\n|drag|p2a: Blissey|Blissey, F|64\/100\n|\n|-heal|p1a: Empoleon|52\/100 par|[from] item: Leftovers\n|-damage|p1a: Empoleon|40\/100 par|[from] Leech Seed|[of] p2a: Blissey\n|-heal|p2a: Blissey|70\/100|[silent]\n|upkeep\n|turn|25\n|\n|t:|1697736219\n|move|p2a: Blissey|Seismic Toss|p1a: Empoleon\n|-damage|p1a: Empoleon|13\/100 par\n|move|p1a: Empoleon|Roost|p1a: Empoleon\n|-heal|p1a: Empoleon|63\/100 par\n|-singleturn|p1a: Empoleon|move: Roost\n|\n|-heal|p1a: Empoleon|69\/100 par|[from] item: Leftovers\n|-damage|p1a: Empoleon|57\/100 par|[from] Leech Seed|[of] p2a: Blissey\n|-heal|p2a: Blissey|76\/100|[silent]\n|upkeep\n|turn|26\n|\n|t:|1697736230\n|switch|p1a: Quagsire|Quagsire, M|100\/100 par\n|-activate|p1a: Quagsire|move: Sticky Web\n|-unboost|p1a: Quagsire|spe|1\n|-damage|p1a: Quagsire|94\/100 par|[from] Stealth Rock\n|move|p2a: Blissey|Seismic Toss|p1a: Quagsire\n|-damage|p1a: Quagsire|69\/100 par\n|\n|-heal|p1a: Quagsire|75\/100 par|[from] item: Leftovers\n|upkeep\n|turn|27\n|\n|t:|1697736242\n|switch|p1a: Zacian|Zacian|100\/100\n|-activate|p1a: Zacian|move: Sticky Web\n|-unboost|p1a: Zacian|spe|1\n|-damage|p1a: Zacian|88\/100|[from] Stealth Rock\n|-ability|p1a: Zacian|Intrepid Sword|boost\n|-boost|p1a: Zacian|atk|1\n|move|p2a: Blissey|Seismic Toss|p1a: Zacian\n|-damage|p1a: Zacian|57\/100\n|\n|upkeep\n|turn|28\n|\n|t:|1697736257\n|move|p1a: Zacian|Close Combat|p2a: Blissey\n|-supereffective|p2a: Blissey\n|-damage|p2a: Blissey|0 fnt\n|-unboost|p1a: Zacian|def|1\n|-unboost|p1a: Zacian|spd|1\n|faint|p2a: Blissey\n|-damage|p1a: Zacian|48\/100|[from] item: Life Orb\n|\n|upkeep\n|\n|t:|1697736301\n|switch|p2a: Zacian|Zacian, shiny|88\/100\n|-damage|p2a: Zacian|76\/100|[from] Stealth Rock\n|-status|p2a: Zacian|tox\n|turn|29\n|\n|t:|1697736306\n|switch|p1a: Quagsire|Quagsire, M|75\/100 par\n|-activate|p1a: Quagsire|move: Sticky Web\n|-unboost|p1a: Quagsire|spe|1\n|-damage|p1a: Quagsire|69\/100 par|[from] Stealth Rock\n|move|p2a: Zacian|Play Rough|p1a: Quagsire\n|-damage|p1a: Quagsire|23\/100 par\n|\n|-heal|p1a: Quagsire|29\/100 par|[from] item: Leftovers\n|-damage|p2a: Zacian|70\/100 tox|[from] psn\n|upkeep\n|turn|30\n|\n|t:|1697736315\n|move|p2a: Zacian|Play Rough|p1a: Quagsire|[miss]\n|-miss|p2a: Zacian|p1a: Quagsire\n|cant|p1a: Quagsire|par\n|\n|-heal|p1a: Quagsire|35\/100 par|[from] item: Leftovers\n|-damage|p2a: Zacian|57\/100 tox|[from] psn\n|upkeep\n|turn|31\n|\n|t:|1697736321\n|move|p2a: Zacian|Play Rough|p1a: Quagsire\n|-damage|p1a: Quagsire|0 fnt\n|faint|p1a: Quagsire\n|\n|-damage|p2a: Zacian|39\/100 tox|[from] psn\n|upkeep\n|\n|t:|1697736324\n|switch|p1a: Empoleon|Empoleon, M|57\/100 par\n|-activate|p1a: Empoleon|move: Sticky Web\n|-unboost|p1a: Empoleon|spe|1\n|-ability|p1a: Empoleon|Competitive|boost\n|-boost|p1a: Empoleon|spa|2\n|-damage|p1a: Empoleon|51\/100 par|[from] Stealth Rock\n|turn|32\n|\n|t:|1697736336\n|switch|p2a: Palafin|Palafin-Hero, F|63\/100 psn\n|-damage|p2a: Palafin|51\/100 psn|[from] Stealth Rock\n|move|p1a: Empoleon|Roost|p1a: Empoleon\n|-heal|p1a: Empoleon|100\/100 par\n|-singleturn|p1a: Empoleon|move: Roost\n|\n|-heal|p2a: Palafin|57\/100 psn|[from] item: Leftovers\n|-damage|p2a: Palafin|45\/100 psn|[from] psn\n|upkeep\n|turn|33\n|\n|t:|1697736344\n|move|p2a: Palafin|Drain Punch|p1a: Empoleon\n|-supereffective|p1a: Empoleon\n|-damage|p1a: Empoleon|46\/100 par\n|-heal|p2a: Palafin|70\/100 psn|[from] drain|[of] p1a: Empoleon\n|move|p1a: Empoleon|Roar|p2a: Palafin\n|drag|p2a: Shaymin|Shaymin-Sky, shiny, tera:Steel|87\/100\n|\n|-heal|p1a: Empoleon|52\/100 par|[from] item: Leftovers\n|upkeep\n|turn|34\n|\n|t:|1697736365\n|move|p2a: Shaymin|Earth Power|p1a: Empoleon\n|-supereffective|p1a: Empoleon\n|-damage|p1a: Empoleon|15\/100 par\n|move|p1a: Empoleon|Roost|p1a: Empoleon\n|-heal|p1a: Empoleon|65\/100 par\n|-singleturn|p1a: Empoleon|move: Roost\n|\n|-heal|p1a: Empoleon|71\/100 par|[from] item: Leftovers\n|upkeep\n|turn|35\n|\n|t:|1697736375\n|move|p2a: Shaymin|Seed Flare|p1a: Empoleon\n|-damage|p1a: Empoleon|30\/100 par\n|-unboost|p1a: Empoleon|spd|2\n|-ability|p1a: Empoleon|Competitive|boost\n|-boost|p1a: Empoleon|spa|2\n|move|p1a: Empoleon|Roost|p1a: Empoleon\n|-heal|p1a: Empoleon|80\/100 par\n|-singleturn|p1a: Empoleon|move: Roost\n|\n|-heal|p1a: Empoleon|86\/100 par|[from] item: Leftovers\n|upkeep\n|turn|36\n|c|\u2606PTKmoekyuun|gg\n|\n|t:|1697736383\n|switch|p1a: Zacian|Zacian|48\/100\n|-activate|p1a: Zacian|move: Sticky Web\n|-unboost|p1a: Zacian|spe|1\n|-damage|p1a: Zacian|35\/100|[from] Stealth Rock\n|move|p2a: Shaymin|Seed Flare|p1a: Zacian\n|-damage|p1a: Zacian|0 fnt\n|faint|p1a: Zacian\n|\n|upkeep\n|c|\u2606PTKmoekyuun|i kinda lost turn 2\n|\n|t:|1697736392\n|switch|p1a: Empoleon|Empoleon, M|86\/100 par\n|-activate|p1a: Empoleon|move: Sticky Web\n|-unboost|p1a: Empoleon|spe|1\n|-ability|p1a: Empoleon|Competitive|boost\n|-boost|p1a: Empoleon|spa|2\n|-damage|p1a: Empoleon|80\/100 par|[from] Stealth Rock\n|turn|37\n|\n|t:|1697736394\n|move|p2a: Shaymin|Seed Flare|p1a: Empoleon\n|-damage|p1a: Empoleon|43\/100 par\n|-unboost|p1a: Empoleon|spd|2\n|-ability|p1a: Empoleon|Competitive|boost\n|-boost|p1a: Empoleon|spa|2\n|move|p1a: Empoleon|Ice Beam|p2a: Shaymin\n|-resisted|p2a: Shaymin\n|-damage|p2a: Shaymin|44\/100\n|\n|-heal|p1a: Empoleon|49\/100 par|[from] item: Leftovers\n|upkeep\n|turn|38\n|\n|t:|1697736397\n|move|p2a: Shaymin|Seed Flare|p1a: Empoleon\n|-damage|p1a: Empoleon|0 fnt\n|faint|p1a: Empoleon\n|\n|win|IspamObjection\n","uploadtime":1697736401,"views":24,"p1id":"ptkmoekyuun","p2id":"ispamobjection","formatid":"gen9ubers","rating":0,"private":0,"password":""}