{"id":"gen9ubers-1982848383","p1":"harmony6","p2":"chriscanway","format":"[Gen 9] Ubers","log":"|j|\u2606harmony6\n|j|\u2606chriscanway\n|t:|1699050941\n|gametype|singles\n|player|p1|harmony6|lass-gen4dp|\n|player|p2|chriscanway|ethan|\n|teamsize|p1|6\n|teamsize|p2|6\n|gen|9\n|tier|[Gen 9] Ubers\n|rule|Sleep Clause Mod: Limit one foe put to sleep\n|rule|Species Clause: Limit one of each Pok\u00e9mon\n|rule|OHKO Clause: OHKO moves are banned\n|rule|Evasion Items Clause: Evasion items are banned\n|rule|Evasion Moves Clause: Evasion moves are banned\n|rule|Endless Battle Clause: Forcing endless battles is banned\n|rule|HP Percentage Mod: HP is shown in percentages\n|clearpoke\n|poke|p1|Chi-Yu|\n|poke|p1|Magearna|\n|poke|p1|Torkoal, F|\n|poke|p1|Roaring Moon|\n|poke|p1|Arceus-Fire|\n|poke|p1|Zacian-*|\n|poke|p2|Gliscor, M|\n|poke|p2|Cyclizar, M|\n|poke|p2|Chi-Yu|\n|poke|p2|Espathra, M|\n|poke|p2|Ogerpon-Wellspring, F|\n|poke|p2|Zacian-*|\n|teampreview\n|\n|t:|1699050981\n|start\n|switch|p1a: Magearna|Magearna|100\/100\n|switch|p2a: Gliscor|Gliscor, M|100\/100\n|turn|1\n|\n|t:|1699050996\n|move|p2a: Gliscor|Earthquake|p1a: Magearna\n|-supereffective|p1a: Magearna\n|-damage|p1a: Magearna|47\/100\n|move|p1a: Magearna|Spikes|p2a: Gliscor\n|-sidestart|p2: chriscanway|Spikes\n|\n|-heal|p1a: Magearna|53\/100|[from] item: Leftovers\n|-status|p2a: Gliscor|tox|[from] item: Toxic Orb\n|upkeep\n|turn|2\n|\n|t:|1699051027\n|switch|p1a: Zacian|Zacian|100\/100\n|-ability|p1a: Zacian|Intrepid Sword|boost\n|-boost|p1a: Zacian|atk|1\n|move|p2a: Gliscor|Spikes|p1a: Zacian\n|-sidestart|p1: harmony6|Spikes\n|\n|upkeep\n|turn|3\n|\n|t:|1699051034\n|move|p1a: Zacian|Swords Dance|p1a: Zacian\n|-boost|p1a: Zacian|atk|2\n|move|p2a: Gliscor|Toxic|p1a: Zacian\n|-status|p1a: Zacian|tox\n|\n|-damage|p1a: Zacian|94\/100 tox|[from] psn\n|upkeep\n|turn|4\n|\n|t:|1699051039\n|move|p1a: Zacian|Swords Dance|p1a: Zacian\n|-boost|p1a: Zacian|atk|2\n|move|p2a: Gliscor|Earthquake|p1a: Zacian\n|-damage|p1a: Zacian|66\/100 tox\n|\n|-damage|p1a: Zacian|54\/100 tox|[from] psn\n|upkeep\n|turn|5\n|\n|t:|1699051045\n|move|p1a: Zacian|Play Rough|p2a: Gliscor|[miss]\n|-miss|p1a: Zacian|p2a: Gliscor\n|move|p2a: Gliscor|Earthquake|p1a: Zacian\n|-damage|p1a: Zacian|24\/100 tox\n|\n|-damage|p1a: Zacian|6\/100 tox|[from] psn\n|upkeep\n|turn|6\n|\n|t:|1699051054\n|move|p2a: Gliscor|Protect|p2a: Gliscor\n|-singleturn|p2a: Gliscor|Protect\n|move|p1a: Zacian|Play Rough|p2a: Gliscor\n|-activate|p2a: Gliscor|move: Protect\n|\n|-damage|p1a: Zacian|0 fnt|[from] psn\n|faint|p1a: Zacian\n|upkeep\n|c|\u2606harmony6|Wow\n|\n|t:|1699051066\n|switch|p1a: Chi-Yu|Chi-Yu|100\/100\n|-ability|p1a: Chi-Yu|Beads of Ruin\n|turn|7\n|\n|t:|1699051070\n|-terastallize|p1a: Chi-Yu|Ghost\n|move|p1a: Chi-Yu|Substitute|p1a: Chi-Yu\n|-start|p1a: Chi-Yu|Substitute\n|-damage|p1a: Chi-Yu|76\/100\n|move|p2a: Gliscor|Earthquake|p1a: Chi-Yu\n|-end|p1a: Chi-Yu|Substitute\n|\n|upkeep\n|turn|8\n|\n|t:|1699051077\n|move|p1a: Chi-Yu|Nasty Plot|p1a: Chi-Yu\n|-boost|p1a: Chi-Yu|spa|2\n|move|p2a: Gliscor|Earthquake|p1a: Chi-Yu\n|-damage|p1a: Chi-Yu|23\/100\n|\n|upkeep\n|turn|9\n|\n|t:|1699051084\n|move|p1a: Chi-Yu|Flamethrower|p2a: Gliscor\n|-damage|p2a: Gliscor|0 fnt\n|faint|p2a: Gliscor\n|\n|upkeep\n|\n|t:|1699051090\n|switch|p2a: Chi-Yu|Chi-Yu|100\/100\n|-damage|p2a: Chi-Yu|88\/100|[from] Spikes\n|-ability|p2a: Chi-Yu|Beads of Ruin\n|turn|10\n|\n|t:|1699051100\n|switch|p1a: Roaring Moon|Roaring Moon|100\/100\n|-damage|p1a: Roaring Moon|88\/100|[from] Spikes\n|move|p2a: Chi-Yu|Flamethrower|p1a: Roaring Moon\n|-resisted|p1a: Roaring Moon\n|-damage|p1a: Roaring Moon|55\/100\n|\n|upkeep\n|turn|11\n|\n|t:|1699051133\n|switch|p2a: Cyclizar|Cyclizar, M|100\/100\n|move|p1a: Roaring Moon|Knock Off|p2a: Cyclizar\n|-crit|p2a: Cyclizar\n|-damage|p2a: Cyclizar|0 fnt\n|-enditem|p2a: Cyclizar|Heavy-Duty Boots|[from] move: Knock Off|[of] p1a: Roaring Moon\n|faint|p2a: Cyclizar\n|\n|upkeep\n|\n|t:|1699051143\n|switch|p2a: Zacian|Zacian|100\/100\n|-ability|p2a: Zacian|Intrepid Sword|boost\n|-boost|p2a: Zacian|atk|1\n|turn|12\n|\n|t:|1699051154\n|move|p1a: Roaring Moon|Knock Off|p2a: Zacian\n|-resisted|p2a: Zacian\n|-damage|p2a: Zacian|76\/100\n|-enditem|p2a: Zacian|Heavy-Duty Boots|[from] move: Knock Off|[of] p1a: Roaring Moon\n|move|p2a: Zacian|Swords Dance|p2a: Zacian\n|-boost|p2a: Zacian|atk|2\n|\n|upkeep\n|turn|13\n|\n|t:|1699051169\n|-end|p1a: Roaring Moon|Protosynthesis|[silent]\n|switch|p1a: Torkoal|Torkoal, F|100\/100\n|-damage|p1a: Torkoal|88\/100|[from] Spikes\n|-weather|SunnyDay|[from] ability: Drought|[of] p1a: Torkoal\n|move|p2a: Zacian|Play Rough|p1a: Torkoal\n|-resisted|p1a: Torkoal\n|-damage|p1a: Torkoal|56\/100\n|\n|-weather|SunnyDay|[upkeep]\n|upkeep\n|turn|14\n|\n|t:|1699051184\n|-terastallize|p2a: Zacian|Fire\n|move|p2a: Zacian|Close Combat|p1a: Torkoal\n|-crit|p1a: Torkoal\n|-damage|p1a: Torkoal|0 fnt\n|-unboost|p2a: Zacian|def|1\n|-unboost|p2a: Zacian|spd|1\n|faint|p1a: Torkoal\n|\n|-weather|SunnyDay|[upkeep]\n|upkeep\n|\n|t:|1699051190\n|switch|p1a: Roaring Moon|Roaring Moon|55\/100\n|-damage|p1a: Roaring Moon|43\/100|[from] Spikes\n|-activate|p1a: Roaring Moon|ability: Protosynthesis\n|-start|p1a: Roaring Moon|protosynthesisatk\n|turn|15\n|\n|t:|1699051214\n|switch|p2a: Ogerpon|Ogerpon-Wellspring, F|100\/100\n|-damage|p2a: Ogerpon|88\/100|[from] Spikes\n|move|p1a: Roaring Moon|Outrage|p2a: Ogerpon\n|-damage|p2a: Ogerpon|0 fnt\n|faint|p2a: Ogerpon\n|\n|-weather|SunnyDay|[upkeep]\n|upkeep\n|\n|t:|1699051219\n|switch|p2a: Espathra|Espathra, M|100\/100\n|-damage|p2a: Espathra|88\/100|[from] Spikes\n|turn|16\n|\n|t:|1699051226\n|move|p2a: Espathra|Protect|p2a: Espathra\n|-singleturn|p2a: Espathra|Protect\n|move|p1a: Roaring Moon|Outrage|p2a: Espathra|[from]lockedmove\n|-activate|p2a: Espathra|move: Protect\n|-start|p1a: Roaring Moon|confusion|[fatigue]\n|\n|-weather|SunnyDay|[upkeep]\n|-ability|p2a: Espathra|Speed Boost|boost\n|-boost|p2a: Espathra|spe|1\n|upkeep\n|turn|17\n|\n|t:|1699051236\n|-activate|p1a: Roaring Moon|confusion\n|-damage|p1a: Roaring Moon|24\/100|[from] confusion\n|move|p2a: Espathra|Dazzling Gleam|p1a: Roaring Moon\n|-supereffective|p1a: Roaring Moon\n|-damage|p1a: Roaring Moon|0 fnt\n|faint|p1a: Roaring Moon\n|-end|p1a: Roaring Moon|Protosynthesis|[silent]\n|\n|-weather|none\n|-ability|p2a: Espathra|Speed Boost|boost\n|-boost|p2a: Espathra|spe|1\n|upkeep\n|\n|t:|1699051244\n|switch|p1a: Magearna|Magearna|53\/100\n|-damage|p1a: Magearna|41\/100|[from] Spikes\n|turn|18\n|\n|t:|1699051248\n|move|p2a: Espathra|Calm Mind|p2a: Espathra\n|-boost|p2a: Espathra|spa|1\n|-boost|p2a: Espathra|spd|1\n|move|p1a: Magearna|Thunder Wave|p2a: Espathra\n|-status|p2a: Espathra|par\n|\n|-heal|p1a: Magearna|47\/100|[from] item: Leftovers\n|-ability|p2a: Espathra|Speed Boost|boost\n|-boost|p2a: Espathra|spe|1\n|upkeep\n|turn|19\n|\n|t:|1699051253\n|move|p2a: Espathra|Calm Mind|p2a: Espathra\n|-boost|p2a: Espathra|spa|1\n|-boost|p2a: Espathra|spd|1\n|move|p1a: Magearna|Volt Switch|p2a: Espathra\n|-damage|p2a: Espathra|75\/100 par\n|\n|t:|1699051255\n|switch|p1a: Arceus|Arceus-Fire|100\/100|[from] Volt Switch\n|-damage|p1a: Arceus|88\/100|[from] Spikes\n|\n|-ability|p2a: Espathra|Speed Boost|boost\n|-boost|p2a: Espathra|spe|1\n|upkeep\n|turn|20\n|\n|t:|1699051258\n|move|p2a: Espathra|Calm Mind|p2a: Espathra\n|-boost|p2a: Espathra|spa|1\n|-boost|p2a: Espathra|spd|1\n|move|p1a: Arceus|Calm Mind|p1a: Arceus\n|-boost|p1a: Arceus|spa|1\n|-boost|p1a: Arceus|spd|1\n|\n|-ability|p2a: Espathra|Speed Boost|boost\n|-boost|p2a: Espathra|spe|1\n|upkeep\n|turn|21\n|\n|t:|1699051261\n|move|p2a: Espathra|Stored Power|p1a: Arceus\n|-damage|p1a: Arceus|0 fnt\n|faint|p1a: Arceus\n|\n|-ability|p2a: Espathra|Speed Boost|boost\n|-boost|p2a: Espathra|spe|1\n|upkeep\n|\n|t:|1699051264\n|switch|p1a: Chi-Yu|Chi-Yu, tera:Ghost|23\/100\n|-ability|p1a: Chi-Yu|Beads of Ruin\n|turn|22\n|\n|t:|1699051271\n|move|p2a: Espathra|Stored Power|p1a: Chi-Yu\n|-damage|p1a: Chi-Yu|0 fnt\n|faint|p1a: Chi-Yu\n|\n|upkeep\n|\n|t:|1699051273\n|switch|p1a: Magearna|Magearna|47\/100\n|-damage|p1a: Magearna|34\/100|[from] Spikes\n|turn|23\n|\n|t:|1699051275\n|move|p2a: Espathra|Stored Power|p1a: Magearna\n|-resisted|p1a: Magearna\n|-crit|p1a: Magearna\n|-damage|p1a: Magearna|0 fnt\n|faint|p1a: Magearna\n|\n|win|chriscanway\n|c|\u2606harmony6|Ggs\n|l|\u2606harmony6\n","uploadtime":1699051283,"views":6,"p1id":"harmony6","p2id":"chriscanway","formatid":"gen9ubers","rating":0,"private":0,"password":""}