{"id":"gen9ubers-1997657525","p1":"batata505","p2":"Autismo27","format":"[Gen 9] Ubers","log":"|j|\u2606batata505\n|j|\u2606Autismo27\n|t:|1700838433\n|gametype|singles\n|player|p1|batata505|169|1025\n|player|p2|Autismo27|benga|1095\n|teamsize|p1|6\n|teamsize|p2|6\n|gen|9\n|tier|[Gen 9] Ubers\n|rated|\n|rule|Sleep Clause Mod: Limit one foe put to sleep\n|rule|Species Clause: Limit one of each Pok\u00e9mon\n|rule|OHKO Clause: OHKO moves are banned\n|rule|Evasion Items Clause: Evasion items are banned\n|rule|Evasion Moves Clause: Evasion moves are banned\n|rule|Endless Battle Clause: Forcing endless battles is banned\n|rule|HP Percentage Mod: HP is shown in percentages\n|clearpoke\n|poke|p1|Zacian-*|\n|poke|p1|Eternatus|\n|poke|p1|Rayquaza|\n|poke|p1|Arceus-Grass|\n|poke|p1|Gengar, M|\n|poke|p1|Kyogre|\n|poke|p2|Tyranitar, F|\n|poke|p2|Kommo-o, F|\n|poke|p2|Lycanroc, F|\n|poke|p2|Ogerpon-Hearthflame, F|\n|poke|p2|Kingambit, F|\n|poke|p2|Baxcalibur, F|\n|teampreview\n|\n|t:|1700838440\n|start\n|switch|p1a: Kyogre|Kyogre, shiny|100\/100\n|switch|p2a: Tyranitar|Tyranitar, F|100\/100\n|-weather|RainDance|[from] ability: Drizzle|[of] p1a: Kyogre\n|-weather|Sandstorm|[from] ability: Sand Stream|[of] p2a: Tyranitar\n|turn|1\n|\n|t:|1700838452\n|-terastallize|p1a: Kyogre|Water\n|move|p1a: Kyogre|Origin Pulse|p2a: Tyranitar\n|-supereffective|p2a: Tyranitar\n|-damage|p2a: Tyranitar|19\/100\n|-enditem|p2a: Tyranitar|Aguav Berry|[eat]\n|-heal|p2a: Tyranitar|52\/100|[from] item: Aguav Berry\n|move|p2a: Tyranitar|Knock Off|p1a: Kyogre\n|-damage|p1a: Kyogre|67\/100\n|\n|-weather|Sandstorm|[upkeep]\n|-damage|p1a: Kyogre|61\/100|[from] Sandstorm\n|upkeep\n|turn|2\n|\n|t:|1700838463\n|move|p1a: Kyogre|Origin Pulse|p2a: Tyranitar\n|-supereffective|p2a: Tyranitar\n|-damage|p2a: Tyranitar|0 fnt\n|faint|p2a: Tyranitar\n|\n|-weather|Sandstorm|[upkeep]\n|-damage|p1a: Kyogre|55\/100|[from] Sandstorm\n|upkeep\n|\n|t:|1700838470\n|switch|p2a: Ogerpon|Ogerpon-Hearthflame, F|100\/100\n|-ability|p2a: Ogerpon|Mold Breaker\n|turn|3\n|\n|t:|1700838478\n|move|p2a: Ogerpon|Wood Hammer|p1a: Kyogre\n|-supereffective|p1a: Kyogre\n|-damage|p1a: Kyogre|0 fnt\n|faint|p1a: Kyogre\n|-damage|p2a: Ogerpon|80\/100|[from] Recoil\n|\n|-weather|Sandstorm|[upkeep]\n|-damage|p2a: Ogerpon|74\/100|[from] Sandstorm\n|upkeep\n|\n|t:|1700838490\n|switch|p1a: Eternatus|Eternatus|100\/100\n|-ability|p1a: Eternatus|Pressure\n|turn|4\n|\n|t:|1700838496\n|-terastallize|p2a: Ogerpon|Fire\n|detailschange|p2a: Ogerpon|Ogerpon-Hearthflame-Tera, F, tera:Fire\n|-ability|p2a: Ogerpon|Embody Aspect (Hearthflame)|boost\n|-boost|p2a: Ogerpon|atk|1\n|move|p2a: Ogerpon|Ivy Cudgel|p1a: Eternatus|[anim] Ivy Cudgel Fire\n|-resisted|p1a: Eternatus\n|-damage|p1a: Eternatus|64\/100\n|move|p1a: Eternatus|Dynamax Cannon|p2a: Ogerpon\n|-damage|p2a: Ogerpon|21\/100\n|\n|-weather|Sandstorm|[upkeep]\n|-damage|p2a: Ogerpon|15\/100|[from] Sandstorm\n|-damage|p1a: Eternatus|58\/100|[from] Sandstorm\n|upkeep\n|turn|5\n|\n|t:|1700838511\n|move|p2a: Ogerpon|Ivy Cudgel|p1a: Eternatus|[anim] Ivy Cudgel Fire\n|-resisted|p1a: Eternatus\n|-damage|p1a: Eternatus|24\/100\n|move|p1a: Eternatus|Dragon Pulse|p2a: Ogerpon\n|-damage|p2a: Ogerpon|0 fnt\n|faint|p2a: Ogerpon\n|\n|-weather|none\n|upkeep\n|\n|t:|1700838524\n|switch|p2a: Lycanroc|Lycanroc, F, shiny|100\/100\n|turn|6\n|\n|t:|1700838531\n|move|p2a: Lycanroc|Rock Blast|p1a: Eternatus\n|-damage|p1a: Eternatus|16\/100\n|-damage|p1a: Eternatus|8\/100\n|-damage|p1a: Eternatus|0 fnt\n|faint|p1a: Eternatus\n|-hitcount|p1: Eternatus|3\n|\n|upkeep\n|\n|t:|1700838538\n|switch|p1a: Rayquaza|Rayquaza, shiny|100\/100\n|-ability|p1a: Rayquaza|Air Lock\n|turn|7\n|\n|t:|1700838548\n|move|p2a: Lycanroc|Rock Blast|p1a: Rayquaza\n|-supereffective|p1a: Rayquaza\n|-damage|p1a: Rayquaza|76\/100\n|-supereffective|p1a: Rayquaza\n|-damage|p1a: Rayquaza|55\/100\n|-supereffective|p1a: Rayquaza\n|-damage|p1a: Rayquaza|34\/100\n|-supereffective|p1a: Rayquaza\n|-damage|p1a: Rayquaza|11\/100\n|-hitcount|p1a: Rayquaza|4\n|move|p1a: Rayquaza|Dragon Pulse|p2a: Lycanroc\n|-damage|p2a: Lycanroc|29\/100\n|\n|upkeep\n|turn|8\n|\n|t:|1700838559\n|move|p2a: Lycanroc|Play Rough|p1a: Rayquaza\n|-supereffective|p1a: Rayquaza\n|-damage|p1a: Rayquaza|0 fnt\n|faint|p1a: Rayquaza\n|\n|upkeep\n|\n|t:|1700838566\n|switch|p1a: Gengar|Gengar, M, shiny|100\/100\n|turn|9\n|\n|t:|1700838575\n|move|p2a: Lycanroc|Crunch|p1a: Gengar\n|-supereffective|p1a: Gengar\n|-damage|p1a: Gengar|36\/100\n|move|p1a: Gengar|Shadow Ball|p2a: Lycanroc\n|-damage|p2a: Lycanroc|0 fnt\n|faint|p2a: Lycanroc\n|\n|upkeep\n|\n|t:|1700838582\n|switch|p2a: Kommo-o|Kommo-o, F|100\/100\n|turn|10\n|\n|t:|1700838598\n|move|p1a: Gengar|Shadow Ball|p2a: Kommo-o\n|-damage|p2a: Kommo-o|66\/100\n|move|p2a: Kommo-o|Iron Defense|p2a: Kommo-o\n|-boost|p2a: Kommo-o|def|2\n|\n|upkeep\n|turn|11\n|\n|t:|1700838607\n|move|p1a: Gengar|Dark Pulse|p2a: Kommo-o\n|-resisted|p2a: Kommo-o\n|-damage|p2a: Kommo-o|56\/100\n|move|p2a: Kommo-o|Dragon Tail|p1a: Gengar\n|-crit|p1a: Gengar\n|-damage|p1a: Gengar|0 fnt\n|-start|p2a: Kommo-o|Disable|Dragon Tail|[from] ability: Cursed Body|[of] p1a: Gengar\n|faint|p1a: Gengar\n|\n|upkeep\n|\n|t:|1700838622\n|switch|p1a: Zacian|Zacian-Crowned|100\/100\n|-ability|p1a: Zacian|Intrepid Sword|boost\n|-boost|p1a: Zacian|atk|1\n|turn|12\n|\n|t:|1700838631\n|move|p1a: Zacian|Misty Terrain|p1a: Zacian\n|-fieldstart|move: Misty Terrain\n|move|p2a: Kommo-o|Body Press|p1a: Zacian\n|-damage|p1a: Zacian|46\/100\n|\n|upkeep\n|turn|13\n|\n|t:|1700838637\n|move|p1a: Zacian|Moonblast|p2a: Kommo-o\n|-supereffective|p2a: Kommo-o\n|-damage|p2a: Kommo-o|0 fnt\n|faint|p2a: Kommo-o\n|\n|upkeep\n|\n|t:|1700838642\n|switch|p2a: Kingambit|Kingambit, F|100\/100\n|-activate|p2a: Kingambit|ability: Supreme Overlord\n|-start|p2a: Kingambit|fallen4|[silent]\n|turn|14\n|\n|t:|1700838646\n|move|p2a: Kingambit|Sucker Punch|p1a: Zacian\n|-resisted|p1a: Zacian\n|-damage|p1a: Zacian|11\/100\n|move|p1a: Zacian|Flash Cannon|p2a: Kingambit\n|-resisted|p2a: Kingambit\n|-damage|p2a: Kingambit|90\/100\n|\n|upkeep\n|turn|15\n|\n|t:|1700838667\n|move|p2a: Kingambit|Sucker Punch|p1a: Zacian\n|-resisted|p1a: Zacian\n|-damage|p1a: Zacian|0 fnt\n|faint|p1a: Zacian\n|\n|upkeep\n|\n|t:|1700838675\n|switch|p1a: Arceus|Arceus-Grass|100\/100\n|turn|16\n|\n|t:|1700838681\n|move|p2a: Kingambit|Sucker Punch|p1a: Arceus\n|-damage|p1a: Arceus|56\/100\n|move|p1a: Arceus|Hex|p2a: Kingambit\n|-resisted|p2a: Kingambit\n|-damage|p2a: Kingambit|81\/100\n|\n|-fieldend|Misty Terrain\n|upkeep\n|turn|17\n|\n|t:|1700838691\n|move|p2a: Kingambit|Sucker Punch||[still]\n|-fail|p2a: Kingambit\n|move|p1a: Arceus|Grassy Terrain|p1a: Arceus\n|-fieldstart|move: Grassy Terrain\n|\n|-heal|p1a: Arceus|62\/100|[from] Grassy Terrain\n|-heal|p2a: Kingambit|88\/100|[from] Grassy Terrain\n|upkeep\n|turn|18\n|\n|t:|1700838707\n|move|p2a: Kingambit|Sucker Punch|p1a: Arceus\n|-damage|p1a: Arceus|12\/100\n|move|p1a: Arceus|Energy Ball|p2a: Kingambit\n|-resisted|p2a: Kingambit\n|-damage|p2a: Kingambit|63\/100\n|\n|-heal|p1a: Arceus|18\/100|[from] Grassy Terrain\n|-heal|p2a: Kingambit|69\/100|[from] Grassy Terrain\n|upkeep\n|turn|19\n|\n|t:|1700838719\n|move|p2a: Kingambit|Sucker Punch|p1a: Arceus\n|-damage|p1a: Arceus|0 fnt\n|faint|p1a: Arceus\n|\n|win|Autismo27\n|raw|batata505's rating: 1025 &rarr; <strong>1014<\/strong><br \/>(-11 for losing)\n|raw|Autismo27's rating: 1095 &rarr; <strong>1116<\/strong><br \/>(+21 for winning)\n","uploadtime":1700838725,"views":3,"p1id":"batata505","p2id":"autismo27","formatid":"gen9ubers","rating":1014,"private":0,"password":""}