{"id":"gen9ubers-1988523204","p1":"Nisbit1010","p2":"Medhaansh01","format":"[Gen 9] Ubers","log":"|j|\u2606Nisbit1010\n|j|\u2606Medhaansh01\n|t:|1699732053\n|gametype|singles\n|player|p1|Nisbit1010|102|\n|player|p2|Medhaansh01|wallace|\n|teamsize|p1|6\n|teamsize|p2|6\n|gen|9\n|tier|[Gen 9] Ubers\n|rule|Sleep Clause Mod: Limit one foe put to sleep\n|rule|Species Clause: Limit one of each Pok\u00e9mon\n|rule|OHKO Clause: OHKO moves are banned\n|rule|Evasion Items Clause: Evasion items are banned\n|rule|Evasion Moves Clause: Evasion moves are banned\n|rule|Endless Battle Clause: Forcing endless battles is banned\n|rule|HP Percentage Mod: HP is shown in percentages\n|clearpoke\n|poke|p1|Palafin, M|\n|poke|p1|Pelipper, M|\n|poke|p1|Ninetales, F|\n|poke|p1|Amoonguss, M|\n|poke|p1|Baxcalibur, M|\n|poke|p1|Goodra, F|\n|poke|p2|Meowscarada, F|\n|poke|p2|Sandy Shocks|\n|poke|p2|Iron Valiant|\n|poke|p2|Iron Jugulis|\n|poke|p2|Armarouge, M|\n|poke|p2|Cyclizar, M|\n|teampreview\n|\n|t:|1699732056\n|start\n|switch|p1a: Palafin|Palafin, M|100\/100\n|switch|p2a: Cyclizar|Cyclizar, M|100\/100\n|turn|1\n|\n|t:|1699732066\n|detailschange|p1a: Palafin|Palafin-Hero, M\n|switch|p1a: Pelipper|Pelipper, M|100\/100\n|-weather|RainDance|[from] ability: Drizzle|[of] p1a: Pelipper\n|-terastallize|p2a: Cyclizar|Dragon\n|move|p2a: Cyclizar|Outrage|p1a: Pelipper\n|-damage|p1a: Pelipper|36\/100\n|\n|-weather|RainDance|[upkeep]\n|upkeep\n|turn|2\n|\n|t:|1699732089\n|move|p2a: Cyclizar|Outrage|p1a: Pelipper|[from]lockedmove\n|-damage|p1a: Pelipper|0 fnt\n|faint|p1a: Pelipper\n|\n|-weather|RainDance|[upkeep]\n|upkeep\n|\n|t:|1699732102\n|switch|p1a: For phys|Goodra, F|100\/100\n|turn|3\n|\n|t:|1699732112\n|move|p2a: Cyclizar|Outrage|p1a: For phys|[from]lockedmove\n|-supereffective|p1a: For phys\n|-damage|p1a: For phys|0 fnt\n|-ability|p1a: For phys|Gooey\n|-unboost|p2a: Cyclizar|spe|1\n|faint|p1a: For phys\n|-start|p2a: Cyclizar|confusion|[fatigue]\n|\n|-weather|RainDance|[upkeep]\n|upkeep\n|\n|t:|1699732123\n|switch|p1a: Palafin|Palafin-Hero, M|100\/100\n|-activate|p1a: Palafin|ability: Zero to Hero\n|turn|4\n|\n|t:|1699732129\n|-terastallize|p1a: Palafin|Water\n|move|p1a: Palafin|Jet Punch|p2a: Cyclizar\n|-resisted|p2a: Cyclizar\n|-damage|p2a: Cyclizar|43\/100\n|-activate|p2a: Cyclizar|confusion\n|move|p2a: Cyclizar|Outrage|p1a: Palafin\n|-damage|p1a: Palafin|37\/100\n|\n|-weather|RainDance|[upkeep]\n|-heal|p2a: Cyclizar|49\/100|[from] item: Leftovers\n|upkeep\n|turn|5\n|\n|t:|1699732142\n|move|p1a: Palafin|Bulk Up|p1a: Palafin\n|-boost|p1a: Palafin|atk|1\n|-boost|p1a: Palafin|def|1\n|-activate|p2a: Cyclizar|confusion\n|move|p2a: Cyclizar|Outrage|p1a: Palafin|[from]lockedmove\n|-damage|p1a: Palafin|0 fnt\n|faint|p1a: Palafin\n|\n|-weather|none\n|-heal|p2a: Cyclizar|55\/100|[from] item: Leftovers\n|upkeep\n|\n|t:|1699732162\n|switch|p1a: For spy|Baxcalibur, M|100\/100\n|turn|6\n|\n|t:|1699732176\n|-activate|p2a: Cyclizar|confusion\n|move|p2a: Cyclizar|Outrage|p1a: For spy\n|-supereffective|p1a: For spy\n|-damage|p1a: For spy|0 fnt\n|faint|p1a: For spy\n|\n|-heal|p2a: Cyclizar|61\/100|[from] item: Leftovers\n|upkeep\n|\n|t:|1699732186\n|switch|p1a: Amoonguss|Amoonguss, M, shiny|100\/100\n|turn|7\n|\n|t:|1699732190\n|-activate|p2a: Cyclizar|confusion\n|move|p2a: Cyclizar|Outrage|p1a: Amoonguss|[from]lockedmove\n|-damage|p1a: Amoonguss|37\/100\n|move|p1a: Amoonguss|Spore|p2a: Cyclizar\n|-status|p2a: Cyclizar|slp|[from] move: Spore\n|\n|-heal|p2a: Cyclizar|67\/100 slp|[from] item: Leftovers\n|-heal|p1a: Amoonguss|43\/100|[from] item: Leftovers\n|upkeep\n|turn|8\n|\n|t:|1699732202\n|cant|p2a: Cyclizar|slp\n|move|p1a: Amoonguss|Giga Drain|p2a: Cyclizar\n|-resisted|p2a: Cyclizar\n|-damage|p2a: Cyclizar|50\/100 slp\n|-heal|p1a: Amoonguss|50\/100|[from] drain|[of] p2a: Cyclizar\n|\n|-activate|p2a: Cyclizar|ability: Shed Skin\n|-curestatus|p2a: Cyclizar|slp|[msg]\n|-heal|p2a: Cyclizar|56\/100|[from] item: Leftovers\n|-heal|p1a: Amoonguss|56\/100|[from] item: Leftovers\n|upkeep\n|turn|9\n|\n|t:|1699732215\n|-end|p2a: Cyclizar|confusion\n|move|p2a: Cyclizar|Outrage|p1a: Amoonguss\n|-damage|p1a: Amoonguss|0 fnt\n|faint|p1a: Amoonguss\n|\n|-heal|p2a: Cyclizar|62\/100|[from] item: Leftovers\n|upkeep\n|\n|t:|1699732224\n|switch|p1a: Ninetales|Ninetales, F, shiny|100\/100\n|-weather|SunnyDay|[from] ability: Drought|[of] p1a: Ninetales\n|turn|10\n|\n|t:|1699732231\n|move|p1a: Ninetales|Flamethrower|p2a: Cyclizar\n|-resisted|p2a: Cyclizar\n|-damage|p2a: Cyclizar|32\/100\n|move|p2a: Cyclizar|Outrage|p1a: Ninetales|[from]lockedmove\n|-damage|p1a: Ninetales|26\/100\n|\n|-weather|SunnyDay|[upkeep]\n|-heal|p1a: Ninetales|32\/100|[from] item: Leftovers\n|-heal|p2a: Cyclizar|38\/100|[from] item: Leftovers\n|upkeep\n|turn|11\n|\n|t:|1699732243\n|move|p1a: Ninetales|Flamethrower|p2a: Cyclizar\n|-resisted|p2a: Cyclizar\n|-damage|p2a: Cyclizar|9\/100\n|move|p2a: Cyclizar|Outrage|p1a: Ninetales|[from]lockedmove\n|-damage|p1a: Ninetales|0 fnt\n|faint|p1a: Ninetales\n|-start|p2a: Cyclizar|confusion|[fatigue]\n|\n|win|Medhaansh01\n|l|\u2606Nisbit1010\n","uploadtime":1699732274,"views":12,"p1id":"nisbit1010","p2id":"medhaansh01","formatid":"gen9ubers","rating":0,"private":0,"password":""}