{"id":"gen9ubers-1984484563","p1":"Bestmaindragonite","p2":"SaintSavant","format":"[Gen 9] Ubers","log":"|j|\u2606Bestmaindragonite\n|j|\u2606SaintSavant\n|t:|1699270920\n|gametype|singles\n|player|p1|Bestmaindragonite|lillie|\n|player|p2|SaintSavant|juan|\n|teamsize|p1|6\n|teamsize|p2|6\n|gen|9\n|tier|[Gen 9] Ubers\n|rule|Sleep Clause Mod: Limit one foe put to sleep\n|rule|Species Clause: Limit one of each Pok\u00e9mon\n|rule|OHKO Clause: OHKO moves are banned\n|rule|Evasion Items Clause: Evasion items are banned\n|rule|Evasion Moves Clause: Evasion moves are banned\n|rule|Endless Battle Clause: Forcing endless battles is banned\n|rule|HP Percentage Mod: HP is shown in percentages\n|clearpoke\n|poke|p1|Torkoal, F|\n|poke|p1|Walking Wake|\n|poke|p1|Chi-Yu|\n|poke|p1|Arceus-Grass|\n|poke|p1|Zacian-*|\n|poke|p1|Magearna|\n|poke|p2|Torkoal, M|\n|poke|p2|Walking Wake|\n|poke|p2|Chi-Yu|\n|poke|p2|Arceus-Grass|\n|poke|p2|Zacian-*|\n|poke|p2|Magearna|\n|teampreview\n|c|\u2606SaintSavant|lmao\n|\n|t:|1699270944\n|start\n|switch|p1a: Walking Wake|Walking Wake|100\/100\n|switch|p2a: Walking Wake|Walking Wake|100\/100\n|turn|1\n|\n|t:|1699270955\n|-terastallize|p1a: Walking Wake|Water\n|move|p1a: Walking Wake|Flip Turn|p2a: Walking Wake\n|-resisted|p2a: Walking Wake\n|-damage|p2a: Walking Wake|94\/100\n|\n|t:|1699270961\n|-end|p1a: Walking Wake|Protosynthesis|[silent]\n|switch|p1a: Magearna|Magearna|100\/100|[from] Flip Turn\n|move|p2a: Walking Wake|Dragon Pulse|p1a: Magearna\n|-immune|p1a: Magearna\n|\n|upkeep\n|turn|2\n|\n|t:|1699270970\n|-end|p2a: Walking Wake|Protosynthesis|[silent]\n|switch|p2a: Magearna|Magearna|100\/100\n|move|p1a: Magearna|Volt Switch|p2a: Magearna\n|-damage|p2a: Magearna|85\/100\n|\n|t:|1699270974\n|switch|p1a: Torkoal|Torkoal, F|100\/100|[from] Volt Switch\n|-weather|SunnyDay|[from] ability: Drought|[of] p1a: Torkoal\n|\n|-weather|SunnyDay|[upkeep]\n|-heal|p2a: Magearna|91\/100|[from] item: Leftovers\n|upkeep\n|turn|3\n|\n|t:|1699270984\n|move|p2a: Magearna|Spikes|p1a: Torkoal\n|-sidestart|p1: Bestmaindragonite|Spikes\n|move|p1a: Torkoal|Stealth Rock|p2a: Magearna\n|-sidestart|p2: SaintSavant|move: Stealth Rock\n|\n|-weather|SunnyDay|[upkeep]\n|-heal|p2a: Magearna|97\/100|[from] item: Leftovers\n|upkeep\n|turn|4\n|\n|t:|1699270993\n|move|p2a: Magearna|Volt Switch|p1a: Torkoal\n|-damage|p1a: Torkoal|75\/100\n|\n|t:|1699271006\n|switch|p2a: Walking Wake|Walking Wake|94\/100|[from] Volt Switch\n|-damage|p2a: Walking Wake|82\/100|[from] Stealth Rock\n|-activate|p2a: Walking Wake|ability: Protosynthesis\n|-start|p2a: Walking Wake|protosynthesisspe\n|move|p1a: Torkoal|Lava Plume|p2a: Walking Wake\n|-resisted|p2a: Walking Wake\n|-damage|p2a: Walking Wake|72\/100\n|\n|-weather|SunnyDay|[upkeep]\n|upkeep\n|turn|5\n|\n|t:|1699271038\n|move|p2a: Walking Wake|Dragon Pulse|p1a: Torkoal\n|-damage|p1a: Torkoal|0 fnt\n|faint|p1a: Torkoal\n|\n|-weather|SunnyDay|[upkeep]\n|upkeep\n|\n|t:|1699271043\n|switch|p1a: Magearna|Magearna|100\/100\n|-damage|p1a: Magearna|88\/100|[from] Spikes\n|turn|6\n|\n|t:|1699271049\n|-end|p2a: Walking Wake|Protosynthesis|[silent]\n|switch|p2a: Torkoal|Torkoal, M|100\/100\n|-damage|p2a: Torkoal|75\/100|[from] Stealth Rock\n|move|p1a: Magearna|Volt Switch|p2a: Torkoal\n|-damage|p2a: Torkoal|41\/100\n|\n|t:|1699271051\n|switch|p1a: Walking Wake|Walking Wake, tera:Water|100\/100|[from] Volt Switch\n|-damage|p1a: Walking Wake|88\/100|[from] Spikes\n|-activate|p1a: Walking Wake|ability: Protosynthesis\n|-start|p1a: Walking Wake|protosynthesisspe\n|\n|-weather|SunnyDay|[upkeep]\n|upkeep\n|turn|7\n|\n|t:|1699271059\n|switch|p2a: Arceus|Arceus-Grass|100\/100\n|-damage|p2a: Arceus|88\/100|[from] Stealth Rock\n|move|p1a: Walking Wake|Hydro Steam|p2a: Arceus\n|-resisted|p2a: Arceus\n|-crit|p2a: Arceus\n|-damage|p2a: Arceus|25\/100\n|\n|-weather|SunnyDay|[upkeep]\n|upkeep\n|turn|8\n|c|\u2606Bestmaindragonite|Walking wars\n|\n|t:|1699271078\n|move|p1a: Walking Wake|Hydro Steam|p2a: Arceus\n|-resisted|p2a: Arceus\n|-damage|p2a: Arceus|0 fnt\n|faint|p2a: Arceus\n|\n|-weather|SunnyDay|[upkeep]\n|upkeep\n|\n|t:|1699271088\n|switch|p2a: Zacian|Zacian|100\/100\n|-ability|p2a: Zacian|Intrepid Sword|boost\n|-boost|p2a: Zacian|atk|1\n|turn|9\n|\n|t:|1699271093\n|move|p1a: Walking Wake|Hydro Steam|p2a: Zacian\n|-crit|p2a: Zacian\n|-damage|p2a: Zacian|0 fnt\n|faint|p2a: Zacian\n|\n|-weather|none\n|-end|p1a: Walking Wake|Protosynthesis\n|upkeep\n|\n|t:|1699271097\n|switch|p2a: Chi-Yu|Chi-Yu|100\/100\n|-damage|p2a: Chi-Yu|76\/100|[from] Stealth Rock\n|-ability|p2a: Chi-Yu|Beads of Ruin\n|turn|10\n|\n|t:|1699271107\n|move|p2a: Chi-Yu|Dark Pulse|p1a: Walking Wake\n|-damage|p1a: Walking Wake|13\/100\n|cant|p1a: Walking Wake|flinch\n|\n|upkeep\n|turn|11\n|\n|t:|1699271114\n|-end|p1a: Walking Wake|Protosynthesis|[silent]\n|switch|p1a: Magearna|Magearna|88\/100\n|-damage|p1a: Magearna|76\/100|[from] Spikes\n|move|p2a: Chi-Yu|Dark Pulse|p1a: Magearna\n|-resisted|p1a: Magearna\n|-damage|p1a: Magearna|59\/100\n|\n|upkeep\n|turn|12\n|\n|t:|1699271134\n|switch|p2a: Magearna|Magearna|97\/100\n|-damage|p2a: Magearna|91\/100|[from] Stealth Rock\n|move|p1a: Magearna|Draining Kiss|p2a: Magearna\n|-resisted|p2a: Magearna\n|-damage|p2a: Magearna|82\/100\n|-heal|p1a: Magearna|67\/100|[from] drain|[of] p2a: Magearna\n|\n|-heal|p2a: Magearna|88\/100|[from] item: Leftovers\n|upkeep\n|turn|13\n|\n|t:|1699271141\n|move|p1a: Magearna|Volt Switch|p2a: Magearna\n|-damage|p2a: Magearna|73\/100\n|\n|t:|1699271145\n|switch|p1a: Walking Wake|Walking Wake, tera:Water|13\/100|[from] Volt Switch\n|-damage|p1a: Walking Wake|0 fnt|[from] Spikes\n|faint|p1a: Walking Wake\n|-ability|p2a: Magearna|Soul-Heart|boost\n|-boost|p2a: Magearna|spa|1\n|-end|p1a: Walking Wake|Protosynthesis|[silent]\n|move|p2a: Magearna|Spikes|p1: Walking Wake\n|-sidestart|p1: Bestmaindragonite|Spikes\n|\n|-heal|p2a: Magearna|79\/100|[from] item: Leftovers\n|upkeep\n|\n|t:|1699271159\n|switch|p1a: Arceus|Arceus-Grass|100\/100\n|-damage|p1a: Arceus|84\/100|[from] Spikes\n|turn|14\n|\n|t:|1699271171\n|move|p1a: Arceus|Taunt|p2a: Magearna\n|-start|p2a: Magearna|move: Taunt\n|move|p2a: Magearna|Fleur Cannon|p1a: Arceus\n|-damage|p1a: Arceus|33\/100\n|-unboost|p2a: Magearna|spa|2\n|\n|-heal|p2a: Magearna|85\/100|[from] item: Leftovers\n|upkeep\n|turn|15\n|\n|t:|1699271173\n|move|p1a: Arceus|Recover|p1a: Arceus\n|-heal|p1a: Arceus|83\/100\n|move|p2a: Magearna|Volt Switch|p1a: Arceus\n|-resisted|p1a: Arceus\n|-damage|p1a: Arceus|78\/100\n|\n|t:|1699271188\n|switch|p2a: Torkoal|Torkoal, M|41\/100|[from] Volt Switch\n|-damage|p2a: Torkoal|16\/100|[from] Stealth Rock\n|-weather|SunnyDay|[from] ability: Drought|[of] p2a: Torkoal\n|\n|-weather|SunnyDay|[upkeep]\n|upkeep\n|turn|16\n|\n|t:|1699271194\n|move|p1a: Arceus|Calm Mind|p1a: Arceus\n|-boost|p1a: Arceus|spa|1\n|-boost|p1a: Arceus|spd|1\n|move|p2a: Torkoal|Stealth Rock|p1a: Arceus\n|-sidestart|p1: Bestmaindragonite|move: Stealth Rock\n|\n|-weather|SunnyDay|[upkeep]\n|upkeep\n|turn|17\n|\n|t:|1699271204\n|switch|p2a: Walking Wake|Walking Wake|72\/100\n|-damage|p2a: Walking Wake|60\/100|[from] Stealth Rock\n|-activate|p2a: Walking Wake|ability: Protosynthesis\n|-start|p2a: Walking Wake|protosynthesisspe\n|move|p1a: Arceus|Calm Mind|p1a: Arceus\n|-boost|p1a: Arceus|spa|1\n|-boost|p1a: Arceus|spd|1\n|\n|-weather|SunnyDay|[upkeep]\n|upkeep\n|turn|18\n|\n|t:|1699271209\n|move|p2a: Walking Wake|Flamethrower|p1a: Arceus\n|-supereffective|p1a: Arceus\n|-damage|p1a: Arceus|35\/100\n|-status|p1a: Arceus|brn\n|move|p1a: Arceus|Judgment|p2a: Walking Wake\n|-damage|p2a: Walking Wake|0 fnt\n|faint|p2a: Walking Wake\n|-end|p2a: Walking Wake|Protosynthesis|[silent]\n|\n|-weather|SunnyDay|[upkeep]\n|-damage|p1a: Arceus|29\/100 brn|[from] brn\n|upkeep\n|\n|t:|1699271213\n|switch|p2a: Chi-Yu|Chi-Yu|76\/100\n|-damage|p2a: Chi-Yu|51\/100|[from] Stealth Rock\n|-ability|p2a: Chi-Yu|Beads of Ruin\n|turn|19\n|\n|t:|1699271226\n|move|p2a: Chi-Yu|Flamethrower|p1a: Arceus\n|-supereffective|p1a: Arceus\n|-damage|p1a: Arceus|0 fnt\n|faint|p1a: Arceus\n|\n|-weather|SunnyDay|[upkeep]\n|upkeep\n|l|\u2606Bestmaindragonite\n|player|p1|\n|j|\u2606Bestmaindragonite\n|player|p1|Bestmaindragonite|lillie\n|\n|t:|1699271263\n|switch|p1a: Chi-Yu|Chi-Yu|100\/100\n|-damage|p1a: Chi-Yu|84\/100|[from] Spikes\n|-damage|p1a: Chi-Yu|59\/100|[from] Stealth Rock\n|-ability|p1a: Chi-Yu|Beads of Ruin\n|turn|20\n|c|\u2606Bestmaindragonite|Speed tie time\n|\n|t:|1699271274\n|move|p2a: Chi-Yu|Flamethrower|p1a: Chi-Yu\n|-resisted|p1a: Chi-Yu\n|-damage|p1a: Chi-Yu|17\/100\n|move|p1a: Chi-Yu|Flamethrower|p2a: Chi-Yu\n|-resisted|p2a: Chi-Yu\n|-damage|p2a: Chi-Yu|3\/100\n|\n|-weather|SunnyDay|[upkeep]\n|upkeep\n|turn|21\n|\n|t:|1699271281\n|move|p1a: Chi-Yu|Flamethrower|p2a: Chi-Yu\n|-resisted|p2a: Chi-Yu\n|-damage|p2a: Chi-Yu|0 fnt\n|faint|p2a: Chi-Yu\n|\n|-weather|SunnyDay|[upkeep]\n|upkeep\n|c|\u2606SaintSavant|Damn\n|c|\u2606Bestmaindragonite|gg\n|c|\u2606SaintSavant|I won the one that didn't matter\n|\n|t:|1699271289\n|switch|p2a: Magearna|Magearna|85\/100\n|-damage|p2a: Magearna|79\/100|[from] Stealth Rock\n|turn|22\n|\n|t:|1699271303\n|-terastallize|p2a: Magearna|Steel\n|move|p1a: Chi-Yu|Flamethrower|p2a: Magearna\n|-supereffective|p2a: Magearna\n|-damage|p2a: Magearna|0 fnt\n|faint|p2a: Magearna\n|\n|-weather|none\n|upkeep\n|\n|t:|1699271313\n|switch|p2a: Torkoal|Torkoal, M|16\/100\n|-damage|p2a: Torkoal|0 fnt|[from] Stealth Rock\n|faint|p2a: Torkoal\n|\n|win|Bestmaindragonite\n|c|\u2606SaintSavant|gg\n|c|\u2606Bestmaindragonite|You didn't change the magearna tera?\n","uploadtime":1699271332,"views":24,"p1id":"bestmaindragonite","p2id":"saintsavant","formatid":"gen9ubers","rating":0,"private":0,"password":""}