{"id":"gen9ubers-1977171627","p1":"Nitro524","p2":"leonissenbaum","format":"[Gen 9] Ubers","log":"|j|\u2606Nitro524\n|j|\u2606leonissenbaum\n|t:|1698380632\n|gametype|singles\n|player|p1|Nitro524|hilbert|\n|player|p2|leonissenbaum|leon|\n|teamsize|p1|6\n|teamsize|p2|6\n|gen|9\n|tier|[Gen 9] Ubers\n|rule|Sleep Clause Mod: Limit one foe put to sleep\n|rule|Species Clause: Limit one of each Pok\u00e9mon\n|rule|OHKO Clause: OHKO moves are banned\n|rule|Evasion Items Clause: Evasion items are banned\n|rule|Evasion Moves Clause: Evasion moves are banned\n|rule|Endless Battle Clause: Forcing endless battles is banned\n|rule|HP Percentage Mod: HP is shown in percentages\n|clearpoke\n|poke|p1|Torkoal, F|\n|poke|p1|Chi-Yu|\n|poke|p1|Cyclizar, F|\n|poke|p1|Magearna|\n|poke|p1|Roaring Moon|\n|poke|p1|Walking Wake|\n|poke|p2|Giratina|\n|poke|p2|Gliscor, F|\n|poke|p2|Blissey, F|\n|poke|p2|Dondozo, F|\n|poke|p2|Clefable, M|\n|poke|p2|Espeon, M|\n|teampreview\n|c|\u2606Nitro524|glhf!\n|c|\u2606leonissenbaum|u2!\n|c|\u2606Nitro524|let's see if i can do it this time\n|\n|t:|1698380662\n|start\n|switch|p1a: Roaring Moon|Roaring Moon|100\/100\n|switch|p2a: Gliscor|Gliscor, F|100\/100\n|-enditem|p1a: Roaring Moon|Booster Energy\n|-activate|p1a: Roaring Moon|ability: Protosynthesis|[fromitem]\n|-start|p1a: Roaring Moon|protosynthesisspe\n|turn|1\n|\n|t:|1698380668\n|move|p2a: Gliscor|Protect|p2a: Gliscor\n|-singleturn|p2a: Gliscor|Protect\n|move|p1a: Roaring Moon|Knock Off|p2a: Gliscor\n|-activate|p2a: Gliscor|move: Protect\n|\n|-status|p2a: Gliscor|tox|[from] item: Toxic Orb\n|upkeep\n|turn|2\n|\n|t:|1698380671\n|move|p1a: Roaring Moon|Dragon Dance|p1a: Roaring Moon\n|-boost|p1a: Roaring Moon|atk|1\n|-boost|p1a: Roaring Moon|spe|1\n|move|p2a: Gliscor|Toxic Spikes|p1a: Roaring Moon\n|-sidestart|p1: Nitro524|move: Toxic Spikes\n|\n|upkeep\n|turn|3\n|\n|t:|1698380677\n|move|p1a: Roaring Moon|Knock Off|p2a: Gliscor\n|-damage|p2a: Gliscor|35\/100 tox\n|-enditem|p2a: Gliscor|Toxic Orb|[from] move: Knock Off|[of] p1a: Roaring Moon\n|move|p2a: Gliscor|Toxic Spikes|p1a: Roaring Moon\n|-sidestart|p1: Nitro524|move: Toxic Spikes\n|\n|-heal|p2a: Gliscor|48\/100 tox|[from] ability: Poison Heal\n|upkeep\n|turn|4\n|\n|t:|1698380684\n|move|p2a: Gliscor|Protect|p2a: Gliscor\n|-singleturn|p2a: Gliscor|Protect\n|move|p1a: Roaring Moon|Dragon Dance|p1a: Roaring Moon\n|-boost|p1a: Roaring Moon|atk|1\n|-boost|p1a: Roaring Moon|spe|1\n|\n|-heal|p2a: Gliscor|60\/100 tox|[from] ability: Poison Heal\n|upkeep\n|turn|5\n|\n|t:|1698380690\n|switch|p2a: Dondozo|Dondozo, F|100\/100\n|move|p1a: Roaring Moon|Knock Off|p2a: Dondozo\n|-damage|p2a: Dondozo|78\/100\n|-damage|p1a: Roaring Moon|84\/100|[from] item: Rocky Helmet|[of] p2a: Dondozo\n|-enditem|p2a: Dondozo|Rocky Helmet|[from] move: Knock Off|[of] p1a: Roaring Moon\n|\n|upkeep\n|turn|6\n|\n|t:|1698380706\n|-end|p1a: Roaring Moon|Protosynthesis|[silent]\n|switch|p1a: Torkoal|Torkoal, F|100\/100\n|-status|p1a: Torkoal|tox\n|-weather|SunnyDay|[from] ability: Drought|[of] p1a: Torkoal\n|move|p2a: Dondozo|Body Press|p1a: Torkoal\n|-crit|p1a: Torkoal\n|-damage|p1a: Torkoal|74\/100 tox\n|\n|-weather|SunnyDay|[upkeep]\n|-damage|p1a: Torkoal|68\/100 tox|[from] psn\n|upkeep\n|turn|7\n|\n|t:|1698380716\n|switch|p2a: Giratina|Giratina, shiny|100\/100\n|-ability|p2a: Giratina|Pressure\n|move|p1a: Torkoal|Rapid Spin|p2a: Giratina\n|-immune|p2a: Giratina\n|\n|-weather|SunnyDay|[upkeep]\n|-damage|p1a: Torkoal|56\/100 tox|[from] psn\n|upkeep\n|turn|8\n|\n|t:|1698380728\n|move|p2a: Giratina|Hex|p1a: Torkoal\n|-damage|p1a: Torkoal|0 fnt\n|faint|p1a: Torkoal\n|\n|-weather|SunnyDay|[upkeep]\n|upkeep\n|\n|t:|1698380742\n|switch|p1a: Cyclizar|Cyclizar, F|100\/100\n|turn|9\n|\n|t:|1698380745\n|move|p2a: Giratina|Thunder Wave|p1a: Cyclizar\n|-status|p1a: Cyclizar|par\n|cant|p1a: Cyclizar|par\n|\n|-weather|SunnyDay|[upkeep]\n|upkeep\n|turn|10\n|\n|t:|1698380751\n|move|p2a: Giratina|Roar|p1a: Cyclizar\n|drag|p1a: Walking Wake|Walking Wake|100\/100\n|-status|p1a: Walking Wake|tox\n|-activate|p1a: Walking Wake|ability: Protosynthesis\n|-start|p1a: Walking Wake|protosynthesisspe\n|\n|-weather|SunnyDay|[upkeep]\n|-damage|p1a: Walking Wake|94\/100 tox|[from] psn\n|upkeep\n|turn|11\n|\n|t:|1698380760\n|switch|p2a: Blissey|Blissey, F|100\/100\n|move|p1a: Walking Wake|Flamethrower|p2a: Blissey\n|-damage|p2a: Blissey|78\/100\n|\n|-weather|SunnyDay|[upkeep]\n|-heal|p2a: Blissey|84\/100|[from] item: Leftovers\n|-damage|p1a: Walking Wake|82\/100 tox|[from] psn\n|upkeep\n|turn|12\n|\n|t:|1698380763\n|move|p1a: Walking Wake|Flamethrower|p2a: Blissey\n|-damage|p2a: Blissey|63\/100\n|move|p2a: Blissey|Stealth Rock|p1a: Walking Wake\n|-sidestart|p1: Nitro524|move: Stealth Rock\n|\n|-weather|SunnyDay|[upkeep]\n|-heal|p2a: Blissey|69\/100|[from] item: Leftovers\n|-damage|p1a: Walking Wake|64\/100 tox|[from] psn\n|upkeep\n|turn|13\n|\n|t:|1698380766\n|move|p1a: Walking Wake|Flamethrower|p2a: Blissey\n|-damage|p2a: Blissey|48\/100\n|move|p2a: Blissey|Soft-Boiled|p2a: Blissey\n|-heal|p2a: Blissey|99\/100\n|\n|-weather|none\n|-end|p1a: Walking Wake|Protosynthesis\n|-heal|p2a: Blissey|100\/100|[from] item: Leftovers\n|-damage|p1a: Walking Wake|39\/100 tox|[from] psn\n|upkeep\n|turn|14\n|\n|t:|1698380770\n|move|p1a: Walking Wake|Flamethrower|p2a: Blissey\n|-damage|p2a: Blissey|87\/100\n|move|p2a: Blissey|Seismic Toss|p1a: Walking Wake\n|-damage|p1a: Walking Wake|10\/100 tox\n|\n|-heal|p2a: Blissey|93\/100|[from] item: Leftovers\n|-damage|p1a: Walking Wake|0 fnt|[from] psn\n|faint|p1a: Walking Wake\n|-end|p1a: Walking Wake|Protosynthesis|[silent]\n|upkeep\n|\n|t:|1698380773\n|switch|p1a: Cyclizar|Cyclizar, F|100\/100 par\n|turn|15\n|\n|t:|1698380778\n|switch|p2a: Giratina|Giratina, shiny|100\/100\n|-ability|p2a: Giratina|Pressure\n|move|p1a: Cyclizar|Taunt|p2a: Giratina\n|-start|p2a: Giratina|move: Taunt\n|\n|upkeep\n|turn|16\n|\n|t:|1698380783\n|move|p2a: Giratina|Hex|p1a: Cyclizar\n|-immune|p1a: Cyclizar\n|cant|p1a: Cyclizar|par\n|\n|upkeep\n|turn|17\n|\n|t:|1698380786\n|move|p2a: Giratina|Hex|p1a: Cyclizar\n|-immune|p1a: Cyclizar\n|cant|p1a: Cyclizar|par\n|\n|-end|p2a: Giratina|move: Taunt\n|upkeep\n|turn|18\n|\n|t:|1698380791\n|cant|p1a: Cyclizar|par\n|move|p2a: Giratina|Roar|p1a: Cyclizar\n|drag|p1a: Magearna|Magearna|100\/100\n|-damage|p1a: Magearna|94\/100|[from] Stealth Rock\n|\n|-heal|p1a: Magearna|100\/100|[from] item: Leftovers\n|upkeep\n|turn|19\n|j| maash\n|c|\u2606leonissenbaum|oof\n|c|\u2606Nitro524|fuck\n|\n|t:|1698380800\n|switch|p2a: Espeon|Espeon, M|100\/100\n|move|p1a: Magearna|Draining Kiss|p2a: Espeon\n|-damage|p2a: Espeon|83\/100\n|\n|upkeep\n|turn|20\n|\n|t:|1698380813\n|switch|p1a: Roaring Moon|Roaring Moon|84\/100\n|-status|p1a: Roaring Moon|tox\n|-damage|p1a: Roaring Moon|72\/100 tox|[from] Stealth Rock\n|move|p2a: Espeon|Trick|p1a: Roaring Moon\n|-activate|p2a: Espeon|move: Trick|[of] p1a: Roaring Moon\n|-item|p1a: Roaring Moon|Choice Scarf|[from] move: Trick\n|-enditem|p2a: Espeon|Choice Scarf|[silent]|[from] move: Trick\n|\n|-damage|p1a: Roaring Moon|66\/100 tox|[from] psn\n|upkeep\n|turn|21\n|c|\u2606leonissenbaum|itemless sad\n|\n|t:|1698380833\n|switch|p2a: Dondozo|Dondozo, F|78\/100\n|move|p1a: Roaring Moon|Knock Off|p2a: Dondozo\n|-damage|p2a: Dondozo|62\/100\n|\n|-damage|p1a: Roaring Moon|54\/100 tox|[from] psn\n|upkeep\n|turn|22\n|\n|t:|1698380838\n|move|p1a: Roaring Moon|Knock Off|p2a: Dondozo\n|-damage|p2a: Dondozo|47\/100\n|move|p2a: Dondozo|Rest|p2a: Dondozo\n|-status|p2a: Dondozo|slp|[from] move: Rest\n|-heal|p2a: Dondozo|100\/100 slp|[silent]\n|\n|-damage|p1a: Roaring Moon|36\/100 tox|[from] psn\n|upkeep\n|turn|23\n|\n|t:|1698380847\n|-end|p1a: Roaring Moon|Protosynthesis|[silent]\n|switch|p1a: Magearna|Magearna|100\/100\n|-damage|p1a: Magearna|94\/100|[from] Stealth Rock\n|cant|p2a: Dondozo|slp\n|move|p2a: Dondozo|Sleep Talk|p2a: Dondozo\n|move|p2a: Dondozo|Rest||[from]move: Sleep Talk|[still]\n|-fail|p2a: Dondozo\n|\n|-heal|p1a: Magearna|100\/100|[from] item: Leftovers\n|upkeep\n|turn|24\n|c|\u2606Nitro524|oh\n|\n|t:|1698380859\n|switch|p2a: Espeon|Espeon, M|83\/100\n|move|p1a: Magearna|Calm Mind|p1a: Magearna\n|-boost|p1a: Magearna|spa|1\n|-boost|p1a: Magearna|spd|1\n|\n|upkeep\n|turn|25\n|c|\u2606Nitro524|ohhh\n|c|\u2606Nitro524|this is the wrong set\n|c|\u2606leonissenbaum|lmao\n|\n|t:|1698380895\n|switch|p2a: Clefable|Clefable, M|100\/100\n|move|p1a: Magearna|Calm Mind|p1a: Magearna\n|-boost|p1a: Magearna|spa|1\n|-boost|p1a: Magearna|spd|1\n|\n|upkeep\n|turn|26\n|\n|t:|1698380906\n|move|p1a: Magearna|Stored Power|p2a: Clefable\n|-damage|p2a: Clefable|80\/100\n|move|p2a: Clefable|Calm Mind|p2a: Clefable\n|-boost|p2a: Clefable|spa|1\n|-boost|p2a: Clefable|spd|1\n|\n|-heal|p2a: Clefable|86\/100|[from] item: Leftovers\n|upkeep\n|turn|27\n|\n|t:|1698380914\n|switch|p1a: Roaring Moon|Roaring Moon|36\/100 tox\n|-damage|p1a: Roaring Moon|24\/100 tox|[from] Stealth Rock\n|move|p2a: Clefable|Moonblast|p1a: Roaring Moon\n|-supereffective|p1a: Roaring Moon\n|-damage|p1a: Roaring Moon|0 fnt\n|faint|p1a: Roaring Moon\n|-end|p1a: Roaring Moon|Protosynthesis|[silent]\n|\n|-heal|p2a: Clefable|92\/100|[from] item: Leftovers\n|upkeep\n|\n|t:|1698380920\n|switch|p1a: Cyclizar|Cyclizar, F|100\/100 par\n|turn|28\n|\n|t:|1698380927\n|move|p2a: Clefable|Protect|p2a: Clefable\n|-singleturn|p2a: Clefable|Protect\n|move|p1a: Cyclizar|Taunt|p2a: Clefable\n|-activate|p2a: Clefable|move: Protect\n|\n|-heal|p2a: Clefable|98\/100|[from] item: Leftovers\n|upkeep\n|turn|29\n|\n|t:|1698380930\n|switch|p2a: Giratina|Giratina, shiny|100\/100\n|-ability|p2a: Giratina|Pressure\n|move|p1a: Cyclizar|Taunt|p2a: Giratina\n|-start|p2a: Giratina|move: Taunt\n|\n|upkeep\n|turn|30\n|\n|t:|1698380933\n|move|p2a: Giratina|Hex|p1a: Cyclizar\n|-immune|p1a: Cyclizar\n|move|p1a: Cyclizar|Dragon Tail|p2a: Giratina\n|-supereffective|p2a: Giratina\n|-damage|p2a: Giratina|78\/100\n|drag|p2a: Dondozo|Dondozo, F|100\/100 slp\n|\n|upkeep\n|turn|31\n|\n|t:|1698380944\n|switch|p2a: Giratina|Giratina, shiny|78\/100\n|-ability|p2a: Giratina|Pressure\n|move|p1a: Cyclizar|Shed Tail|p1a: Cyclizar\n|-start|p1a: Cyclizar|Substitute|[from] move: Shed Tail\n|-damage|p1a: Cyclizar|50\/100 par\n|\n|t:|1698380946\n|switch|p1a: Magearna|Magearna|100\/100|[from] Shed Tail\n|-damage|p1a: Magearna|94\/100|[from] Stealth Rock\n|\n|-heal|p1a: Magearna|100\/100|[from] item: Leftovers\n|-heal|p2a: Giratina|84\/100|[from] item: Leftovers\n|upkeep\n|turn|32\n|\n|t:|1698380958\n|move|p1a: Magearna|Draining Kiss|p2a: Giratina\n|-supereffective|p2a: Giratina\n|-damage|p2a: Giratina|64\/100\n|move|p2a: Giratina|Roar|p1a: Magearna\n|drag|p1a: Chi-Yu|Chi-Yu|100\/100\n|-status|p1a: Chi-Yu|tox\n|-damage|p1a: Chi-Yu|76\/100 tox|[from] Stealth Rock\n|-ability|p1a: Chi-Yu|Beads of Ruin\n|\n|-heal|p2a: Giratina|70\/100|[from] item: Leftovers\n|-damage|p1a: Chi-Yu|70\/100 tox|[from] psn\n|upkeep\n|turn|33\n|\n|t:|1698380972\n|switch|p2a: Blissey|Blissey, F|93\/100\n|-terastallize|p1a: Chi-Yu|Fire\n|move|p1a: Chi-Yu|Overheat|p2a: Blissey\n|-damage|p2a: Blissey|51\/100\n|-unboost|p1a: Chi-Yu|spa|2\n|\n|-heal|p2a: Blissey|57\/100|[from] item: Leftovers\n|-damage|p1a: Chi-Yu|58\/100 tox|[from] psn\n|upkeep\n|turn|34\n|\n|t:|1698380975\n|move|p1a: Chi-Yu|Overheat|p2a: Blissey\n|-crit|p2a: Blissey\n|-damage|p2a: Blissey|0 fnt\n|-unboost|p1a: Chi-Yu|spa|2\n|faint|p2a: Blissey\n|\n|-damage|p1a: Chi-Yu|40\/100 tox|[from] psn\n|upkeep\n|c|\u2606leonissenbaum|woah\n|\n|t:|1698380982\n|switch|p2a: Gliscor|Gliscor, F|60\/100 tox\n|turn|35\n|c|\u2606Nitro524|yooo\n|l| maash\n|\n|t:|1698380992\n|switch|p1a: Magearna|Magearna|100\/100\n|-damage|p1a: Magearna|94\/100|[from] Stealth Rock\n|move|p2a: Gliscor|Protect||[still]\n|-fail|p2a: Gliscor\n|\n|-heal|p1a: Magearna|100\/100|[from] item: Leftovers\n|-heal|p2a: Gliscor|73\/100 tox|[from] ability: Poison Heal\n|upkeep\n|turn|36\n|\n|t:|1698380999\n|move|p2a: Gliscor|Protect|p2a: Gliscor\n|-singleturn|p2a: Gliscor|Protect\n|move|p1a: Magearna|Calm Mind|p1a: Magearna\n|-boost|p1a: Magearna|spa|1\n|-boost|p1a: Magearna|spd|1\n|\n|-heal|p2a: Gliscor|85\/100 tox|[from] ability: Poison Heal\n|upkeep\n|turn|37\n|\n|t:|1698381002\n|move|p2a: Gliscor|Knock Off|p1a: Magearna\n|-resisted|p1a: Magearna\n|-damage|p1a: Magearna|93\/100\n|-enditem|p1a: Magearna|Leftovers|[from] move: Knock Off|[of] p2a: Gliscor\n|move|p1a: Magearna|Calm Mind|p1a: Magearna\n|-boost|p1a: Magearna|spa|1\n|-boost|p1a: Magearna|spd|1\n|\n|-heal|p2a: Gliscor|97\/100 tox|[from] ability: Poison Heal\n|upkeep\n|turn|38\n|\n|t:|1698381006\n|switch|p2a: Clefable|Clefable, M|98\/100\n|move|p1a: Magearna|Shift Gear|p1a: Magearna\n|-boost|p1a: Magearna|spe|2\n|-boost|p1a: Magearna|atk|1\n|\n|-heal|p2a: Clefable|100\/100|[from] item: Leftovers\n|upkeep\n|turn|39\n|\n|t:|1698381011\n|move|p1a: Magearna|Stored Power|p2a: Clefable\n|-damage|p2a: Clefable|71\/100\n|move|p2a: Clefable|Calm Mind|p2a: Clefable\n|-boost|p2a: Clefable|spa|1\n|-boost|p2a: Clefable|spd|1\n|\n|-heal|p2a: Clefable|77\/100|[from] item: Leftovers\n|upkeep\n|turn|40\n|\n|t:|1698381020\n|-terastallize|p2a: Clefable|Dark\n|move|p1a: Magearna|Stored Power|p2a: Clefable\n|-immune|p2a: Clefable\n|move|p2a: Clefable|Calm Mind|p2a: Clefable\n|-boost|p2a: Clefable|spa|1\n|-boost|p2a: Clefable|spd|1\n|\n|-heal|p2a: Clefable|83\/100|[from] item: Leftovers\n|upkeep\n|turn|41\n|\n|t:|1698381023\n|move|p1a: Magearna|Draining Kiss|p2a: Clefable\n|-supereffective|p2a: Clefable\n|-damage|p2a: Clefable|68\/100\n|-heal|p1a: Magearna|100\/100|[from] drain|[of] p2a: Clefable\n|move|p2a: Clefable|Calm Mind|p2a: Clefable\n|-boost|p2a: Clefable|spa|1\n|-boost|p2a: Clefable|spd|1\n|\n|-heal|p2a: Clefable|74\/100|[from] item: Leftovers\n|upkeep\n|turn|42\n|\n|t:|1698381027\n|move|p1a: Magearna|Draining Kiss|p2a: Clefable\n|-supereffective|p2a: Clefable\n|-damage|p2a: Clefable|61\/100\n|move|p2a: Clefable|Wish|p2a: Clefable\n|\n|-heal|p2a: Clefable|67\/100|[from] item: Leftovers\n|upkeep\n|turn|43\n|\n|t:|1698381029\n|move|p1a: Magearna|Draining Kiss|p2a: Clefable\n|-supereffective|p2a: Clefable\n|-damage|p2a: Clefable|54\/100\n|move|p2a: Clefable|Moonblast|p1a: Magearna\n|-resisted|p1a: Magearna\n|-damage|p1a: Magearna|68\/100\n|-unboost|p1a: Magearna|spa|1\n|\n|-heal|p2a: Clefable|100\/100|[from] move: Wish|[wisher] Clefable\n|upkeep\n|turn|44\n|\n|t:|1698381034\n|move|p1a: Magearna|Calm Mind|p1a: Magearna\n|-boost|p1a: Magearna|spa|1\n|-boost|p1a: Magearna|spd|1\n|move|p2a: Clefable|Moonblast|p1a: Magearna\n|-resisted|p1a: Magearna\n|-crit|p1a: Magearna\n|-damage|p1a: Magearna|16\/100\n|\n|upkeep\n|turn|45\n|\n|t:|1698381039\n|move|p1a: Magearna|Draining Kiss|p2a: Clefable\n|-supereffective|p2a: Clefable\n|-damage|p2a: Clefable|89\/100\n|-heal|p1a: Magearna|25\/100|[from] drain|[of] p2a: Clefable\n|move|p2a: Clefable|Moonblast|p1a: Magearna\n|-resisted|p1a: Magearna\n|-damage|p1a: Magearna|0 fnt\n|faint|p1a: Magearna\n|\n|-heal|p2a: Clefable|95\/100|[from] item: Leftovers\n|upkeep\n|\n|t:|1698381045\n|switch|p1a: Chi-Yu|Chi-Yu, tera:Fire|40\/100 tox\n|-damage|p1a: Chi-Yu|15\/100 tox|[from] Stealth Rock\n|-ability|p1a: Chi-Yu|Beads of Ruin\n|turn|46\n|\n|t:|1698381051\n|move|p1a: Chi-Yu|Overheat|p2a: Clefable|[miss]\n|-miss|p1a: Chi-Yu|p2a: Clefable\n|move|p2a: Clefable|Moonblast|p1a: Chi-Yu\n|-resisted|p1a: Chi-Yu\n|-damage|p1a: Chi-Yu|0 fnt\n|faint|p1a: Chi-Yu\n|\n|-heal|p2a: Clefable|100\/100|[from] item: Leftovers\n|upkeep\n|\n|t:|1698381053\n|switch|p1a: Cyclizar|Cyclizar, F|84\/100 par\n|turn|47\n|c|\u2606leonissenbaum|gg\n|c|\u2606Nitro524|gg\n|\n|t:|1698381066\n|move|p1a: Cyclizar|Rapid Spin|p2a: Clefable\n|-damage|p2a: Clefable|81\/100\n|-boost|p1a: Cyclizar|spe|1\n|-sideend|p1: Nitro524|Toxic Spikes|[from] move: Rapid Spin|[of] p1a: Cyclizar\n|-sideend|p1: Nitro524|Stealth Rock|[from] move: Rapid Spin|[of] p1a: Cyclizar\n|move|p2a: Clefable|Moonblast|p1a: Cyclizar\n|-supereffective|p1a: Cyclizar\n|-damage|p1a: Cyclizar|0 fnt\n|faint|p1a: Cyclizar\n|\n|win|leonissenbaum\n|c|\u2606Nitro524|yeah\n|c|\u2606Nitro524|this team does not beat that one\n","uploadtime":1698381077,"views":14,"p1id":"nitro524","p2id":"leonissenbaum","formatid":"gen9ubers","rating":0,"private":0,"password":""}