{"id":"gen9ubers-1987007694","p1":"the tr4sh man","p2":"1P1o1s1h1e1","format":"[Gen 9] Ubers","log":"|j|\u2606the tr4sh man\n|j|\u26061P1o1s1h1e1\n|t:|1699548540\n|gametype|singles\n|player|p1|the tr4sh man|xerosic|\n|player|p2|1P1o1s1h1e1|169|\n|teamsize|p1|6\n|teamsize|p2|6\n|gen|9\n|tier|[Gen 9] Ubers\n|rule|Sleep Clause Mod: Limit one foe put to sleep\n|rule|Species Clause: Limit one of each Pok\u00e9mon\n|rule|OHKO Clause: OHKO moves are banned\n|rule|Evasion Items Clause: Evasion items are banned\n|rule|Evasion Moves Clause: Evasion moves are banned\n|rule|Endless Battle Clause: Forcing endless battles is banned\n|rule|HP Percentage Mod: HP is shown in percentages\n|clearpoke\n|poke|p1|Dugtrio, M|\n|poke|p1|Gothitelle, F|\n|poke|p1|Zacian-*|\n|poke|p1|Arceus-Dark|\n|poke|p1|Weezing-Galar, M|\n|poke|p1|Palafin, M|\n|poke|p2|Ursaluna-Bloodmoon, M|\n|poke|p2|Rillaboom, M|\n|poke|p2|Arceus-Ghost|\n|poke|p2|Dialga-Origin|\n|poke|p2|Iron Moth|\n|poke|p2|Cyclizar, M|\n|teampreview\n|c|\u26061P1o1s1h1e1|One sec\n|c|\u26061P1o1s1h1e1|Playing with Alice quick\n|c|\u2606the tr4sh man|gotcha\n|c|\u26061P1o1s1h1e1|Okay\n|c|\u26061P1o1s1h1e1|Back\n|\n|t:|1699548730\n|start\n|switch|p1a: Zacian|Zacian|100\/100\n|switch|p2a: Rillaboom|Rillaboom, M|100\/100\n|-ability|p1a: Zacian|Intrepid Sword|boost\n|-boost|p1a: Zacian|atk|1\n|-fieldstart|move: Grassy Terrain|[from] ability: Grassy Surge|[of] p2a: Rillaboom\n|turn|1\n|c|\u2606the tr4sh man|welcome back\n|\n|t:|1699548734\n|move|p1a: Zacian|Play Rough|p2a: Rillaboom\n|-damage|p2a: Rillaboom|36\/100\n|move|p2a: Rillaboom|U-turn|p1a: Zacian\n|-resisted|p1a: Zacian\n|-damage|p1a: Zacian|88\/100\n|\n|t:|1699548741\n|switch|p2a: Iron Moth|Iron Moth|100\/100|[from] U-turn\n|-enditem|p2a: Iron Moth|Booster Energy\n|-activate|p2a: Iron Moth|ability: Quark Drive|[fromitem]\n|-start|p2a: Iron Moth|quarkdrivespe\n|\n|-heal|p1a: Zacian|94\/100|[from] Grassy Terrain\n|upkeep\n|turn|2\n|\n|t:|1699548750\n|-terastallize|p1a: Zacian|Ground\n|move|p2a: Iron Moth|Substitute|p2a: Iron Moth\n|-start|p2a: Iron Moth|Substitute\n|-damage|p2a: Iron Moth|75\/100\n|move|p1a: Zacian|Tera Blast|p2a: Iron Moth|[anim] Tera Blast Ground\n|-supereffective|p2a: Iron Moth\n|-end|p2a: Iron Moth|Substitute\n|\n|-heal|p2a: Iron Moth|82\/100|[from] Grassy Terrain\n|-heal|p1a: Zacian|99\/100|[from] Grassy Terrain\n|upkeep\n|turn|3\n|\n|t:|1699548760\n|-end|p2a: Iron Moth|Quark Drive|[silent]\n|switch|p2a: Rillaboom|Rillaboom, M|36\/100\n|move|p1a: Zacian|Tera Blast|p2a: Rillaboom|[anim] Tera Blast Ground\n|-resisted|p2a: Rillaboom\n|-damage|p2a: Rillaboom|8\/100\n|\n|-heal|p1a: Zacian|100\/100|[from] Grassy Terrain\n|-heal|p2a: Rillaboom|14\/100|[from] Grassy Terrain\n|upkeep\n|turn|4\n|c|\u26061P1o1s1h1e1|Guh didn't actually mean to do that but ok\n|\n|t:|1699548785\n|switch|p1a: Weezing|Weezing-Galar, M|100\/100\n|-ability|p1a: Weezing|Neutralizing Gas\n|move|p2a: Rillaboom|Grassy Glide|p1a: Weezing\n|-resisted|p1a: Weezing\n|-damage|p1a: Weezing|88\/100\n|\n|-heal|p2a: Rillaboom|20\/100|[from] Grassy Terrain\n|-heal|p1a: Weezing|94\/100|[from] Grassy Terrain\n|-heal|p1a: Weezing|99\/100|[from] item: Leftovers\n|upkeep\n|turn|5\n|c|\u2606the tr4sh man|most epic pivot\n|\n|t:|1699548793\n|switch|p2a: GodsStrongestDraco|Dialga-Origin|100\/100\n|move|p1a: Weezing|Will-O-Wisp|p2a: GodsStrongestDraco\n|-status|p2a: GodsStrongestDraco|brn\n|\n|-heal|p1a: Weezing|100\/100|[from] Grassy Terrain\n|-damage|p2a: GodsStrongestDraco|94\/100 brn|[from] brn\n|upkeep\n|turn|6\n|\n|t:|1699548801\n|-end|p1a: Weezing|ability: Neutralizing Gas\n|-ability|p2a: GodsStrongestDraco|Pressure\n|switch|p1a: Palafin|Palafin, M|100\/100\n|move|p2a: GodsStrongestDraco|Steel Beam|p1a: Palafin\n|-resisted|p1a: Palafin\n|-damage|p1a: Palafin|42\/100\n|-damage|p2a: GodsStrongestDraco|44\/100 brn|[from] steelbeam\n|\n|-heal|p1a: Palafin|49\/100|[from] Grassy Terrain\n|-heal|p2a: GodsStrongestDraco|50\/100 brn|[from] Grassy Terrain\n|-damage|p2a: GodsStrongestDraco|44\/100 brn|[from] brn\n|upkeep\n|turn|7\n|\n|t:|1699548814\n|move|p1a: Palafin|Drain Punch|p2a: GodsStrongestDraco\n|-supereffective|p2a: GodsStrongestDraco\n|-damage|p2a: GodsStrongestDraco|22\/100 brn\n|-heal|p1a: Palafin|62\/100|[from] drain|[of] p2a: GodsStrongestDraco\n|move|p2a: GodsStrongestDraco|Draco Meteor|p1a: Palafin\n|-damage|p1a: Palafin|0 fnt\n|-unboost|p2a: GodsStrongestDraco|spa|2\n|faint|p1a: Palafin\n|\n|-heal|p2a: GodsStrongestDraco|28\/100 brn|[from] Grassy Terrain\n|-damage|p2a: GodsStrongestDraco|22\/100 brn|[from] brn\n|upkeep\n|\n|t:|1699548820\n|switch|p1a: Zacian|Zacian, tera:Ground|100\/100\n|turn|8\n|\n|t:|1699548824\n|move|p1a: Zacian|Play Rough|p2a: GodsStrongestDraco\n|-damage|p2a: GodsStrongestDraco|0 fnt\n|faint|p2a: GodsStrongestDraco\n|\n|-fieldend|move: Grassy Terrain\n|upkeep\n|\n|t:|1699548827\n|switch|p2a: Rillaboom|Rillaboom, M|20\/100\n|-fieldstart|move: Grassy Terrain|[from] ability: Grassy Surge|[of] p2a: Rillaboom\n|turn|9\n|\n|t:|1699548832\n|move|p1a: Zacian|Play Rough|p2a: Rillaboom|[miss]\n|-miss|p1a: Zacian|p2a: Rillaboom\n|move|p2a: Rillaboom|U-turn|p1a: Zacian\n|-damage|p1a: Zacian|77\/100\n|\n|t:|1699548834\n|switch|p2a: Ursaluna|Ursaluna-Bloodmoon, M|100\/100|[from] U-turn\n|-enditem|p2a: Ursaluna|Grassy Seed\n|-boost|p2a: Ursaluna|def|1|[from] item: Grassy Seed\n|\n|-heal|p1a: Zacian|83\/100|[from] Grassy Terrain\n|upkeep\n|turn|10\n|\n|t:|1699548842\n|move|p1a: Zacian|Swords Dance|p1a: Zacian\n|-boost|p1a: Zacian|atk|2\n|move|p2a: Ursaluna|Calm Mind|p2a: Ursaluna\n|-boost|p2a: Ursaluna|spa|1\n|-boost|p2a: Ursaluna|spd|1\n|\n|-heal|p1a: Zacian|89\/100|[from] Grassy Terrain\n|upkeep\n|turn|11\n|\n|t:|1699548847\n|switch|p1a: Gothitelle|Gothitelle, F|100\/100\n|-terastallize|p2a: Ursaluna|Poison\n|move|p2a: Ursaluna|Calm Mind|p2a: Ursaluna\n|-boost|p2a: Ursaluna|spa|1\n|-boost|p2a: Ursaluna|spd|1\n|\n|upkeep\n|turn|12\n|\n|t:|1699548856\n|move|p1a: Gothitelle|Trick|p2a: Ursaluna\n|-activate|p1a: Gothitelle|move: Trick|[of] p2a: Ursaluna\n|-item|p2a: Ursaluna|Choice Scarf|[from] move: Trick\n|-enditem|p1a: Gothitelle|Choice Scarf|[silent]|[from] move: Trick\n|move|p2a: Ursaluna|Blood Moon|p1a: Gothitelle\n|-damage|p1a: Gothitelle|0 fnt\n|faint|p1a: Gothitelle\n|\n|upkeep\n|\n|t:|1699548864\n|switch|p1a: Arceus|Arceus-Dark|100\/100\n|turn|13\n|\n|t:|1699548866\n|move|p1a: Arceus|Calm Mind|p1a: Arceus\n|-boost|p1a: Arceus|spa|1\n|-boost|p1a: Arceus|spd|1\n|-activate|p2a: Ursaluna|move: Struggle\n|move|p2a: Ursaluna|Struggle|p1a: Arceus\n|-damage|p1a: Arceus|97\/100\n|-damage|p2a: Ursaluna|75\/100|[from] recoil\n|\n|-heal|p1a: Arceus|100\/100|[from] Grassy Terrain\n|-heal|p2a: Ursaluna|81\/100|[from] Grassy Terrain\n|upkeep\n|turn|14\n|\n|t:|1699548869\n|move|p1a: Arceus|Calm Mind|p1a: Arceus\n|-boost|p1a: Arceus|spa|1\n|-boost|p1a: Arceus|spd|1\n|move|p2a: Ursaluna|Blood Moon|p1a: Arceus\n|-damage|p1a: Arceus|48\/100\n|\n|-heal|p1a: Arceus|54\/100|[from] Grassy Terrain\n|-heal|p2a: Ursaluna|87\/100|[from] Grassy Terrain\n|upkeep\n|turn|15\n|\n|t:|1699548871\n|move|p1a: Arceus|Calm Mind|p1a: Arceus\n|-boost|p1a: Arceus|spa|1\n|-boost|p1a: Arceus|spd|1\n|-activate|p2a: Ursaluna|move: Struggle\n|move|p2a: Ursaluna|Struggle|p1a: Arceus\n|-damage|p1a: Arceus|49\/100\n|-damage|p2a: Ursaluna|62\/100|[from] recoil\n|\n|-heal|p1a: Arceus|55\/100|[from] Grassy Terrain\n|-heal|p2a: Ursaluna|68\/100|[from] Grassy Terrain\n|upkeep\n|turn|16\n|\n|t:|1699548874\n|move|p1a: Arceus|Recover|p1a: Arceus\n|-heal|p1a: Arceus|100\/100\n|move|p2a: Ursaluna|Blood Moon|p1a: Arceus\n|-damage|p1a: Arceus|64\/100\n|\n|-heal|p1a: Arceus|70\/100|[from] Grassy Terrain\n|-heal|p2a: Ursaluna|74\/100|[from] Grassy Terrain\n|-fieldend|move: Grassy Terrain\n|upkeep\n|turn|17\n|\n|t:|1699548879\n|switch|p2a: Rillaboom|Rillaboom, M|20\/100\n|-fieldstart|move: Grassy Terrain|[from] ability: Grassy Surge|[of] p2a: Rillaboom\n|move|p1a: Arceus|Calm Mind|p1a: Arceus\n|-boost|p1a: Arceus|spa|1\n|-boost|p1a: Arceus|spd|1\n|\n|-heal|p1a: Arceus|76\/100|[from] Grassy Terrain\n|-heal|p2a: Rillaboom|26\/100|[from] Grassy Terrain\n|upkeep\n|turn|18\n|\n|t:|1699548887\n|move|p2a: Rillaboom|Grassy Glide|p1a: Arceus\n|-damage|p1a: Arceus|53\/100\n|move|p1a: Arceus|Judgment|p2a: Rillaboom\n|-damage|p2a: Rillaboom|0 fnt\n|faint|p2a: Rillaboom\n|\n|-heal|p1a: Arceus|59\/100|[from] Grassy Terrain\n|upkeep\n|\n|t:|1699548898\n|switch|p2a: Cyclizar|Cyclizar, M|100\/100\n|turn|19\n|\n|t:|1699548902\n|move|p2a: Cyclizar|Shed Tail|p2a: Cyclizar\n|-start|p2a: Cyclizar|Substitute|[from] move: Shed Tail\n|-damage|p2a: Cyclizar|50\/100\n|\n|t:|1699548904\n|switch|p2a: Arceus|Arceus-Ghost|100\/100|[from] Shed Tail\n|move|p1a: Arceus|Judgment|p2a: Arceus\n|-supereffective|p2a: Arceus\n|-end|p2a: Arceus|Substitute\n|\n|-heal|p1a: Arceus|65\/100|[from] Grassy Terrain\n|upkeep\n|turn|20\n|c|\u26061P1o1s1h1e1|Well fuck uhhhh\n|c|\u26061P1o1s1h1e1|Trick goth definitely put a wrench in this\n|\n|t:|1699548926\n|move|p2a: Arceus|Extreme Speed|p1a: Arceus\n|-damage|p1a: Arceus|48\/100\n|move|p1a: Arceus|Judgment|p2a: Arceus\n|-supereffective|p2a: Arceus\n|-damage|p2a: Arceus|0 fnt\n|faint|p2a: Arceus\n|\n|-heal|p1a: Arceus|54\/100|[from] Grassy Terrain\n|upkeep\n|c|\u2606the tr4sh man|as it usually does\n|c|\u26061P1o1s1h1e1|GG lol\n|c|\u2606the tr4sh man|gg!\n|-message|1P1o1s1h1e1 forfeited.\n|\n|win|the tr4sh man\n|l|\u26061P1o1s1h1e1\n","uploadtime":1699548940,"views":5,"p1id":"thetr4shman","p2id":"1p1o1s1h1e1","formatid":"gen9ubers","rating":0,"private":0,"password":""}