{"id":"gen9ubers-1983653699","p1":"Lillyrosethedemon","p2":"mklgd","format":"[Gen 9] Ubers","log":"|j|\u2606Lillyrosethedemon\n|j|\u2606mklgd\n|t:|1699154402\n|gametype|singles\n|player|p1|Lillyrosethedemon|102|\n|player|p2|mklgd|tabitha-gen3|\n|teamsize|p1|6\n|teamsize|p2|6\n|gen|9\n|tier|[Gen 9] Ubers\n|rule|Sleep Clause Mod: Limit one foe put to sleep\n|rule|Species Clause: Limit one of each Pok\u00e9mon\n|rule|OHKO Clause: OHKO moves are banned\n|rule|Evasion Items Clause: Evasion items are banned\n|rule|Evasion Moves Clause: Evasion moves are banned\n|rule|Endless Battle Clause: Forcing endless battles is banned\n|rule|HP Percentage Mod: HP is shown in percentages\n|clearpoke\n|poke|p1|Hatterene, F|\n|poke|p1|Iron Hands|\n|poke|p1|Staraptor, F|\n|poke|p1|Volcarona, M|\n|poke|p1|Mamoswine, M|\n|poke|p1|Samurott-Hisui, M|\n|poke|p2|Gengar, M|\n|poke|p2|Forretress, F|\n|poke|p2|Ogerpon-Cornerstone, F|\n|poke|p2|Tauros-Paldea-Blaze, M|\n|poke|p2|Lokix, F|\n|poke|p2|Tyranitar, M|\n|teampreview\n|\n|t:|1699154417\n|start\n|switch|p1a: Samurott|Samurott-Hisui, M|100\/100\n|switch|p2a: Tauros|Tauros-Paldea-Blaze, M|100\/100\n|-ability|p2a: Tauros|Intimidate|boost\n|-unboost|p1a: Samurott|atk|1\n|-enditem|p1a: Samurott|Adrenaline Orb\n|-boost|p1a: Samurott|spe|1|[from] item: Adrenaline Orb\n|turn|1\n|j| Willish6634\n|\n|t:|1699154428\n|move|p1a: Samurott|Swords Dance|p1a: Samurott\n|-boost|p1a: Samurott|atk|2\n|move|p2a: Tauros|Close Combat|p1a: Samurott\n|-supereffective|p1a: Samurott\n|-damage|p1a: Samurott|0 fnt\n|-unboost|p2a: Tauros|def|1\n|-unboost|p2a: Tauros|spd|1\n|faint|p1a: Samurott\n|-damage|p2a: Tauros|91\/100|[from] item: Life Orb\n|\n|upkeep\n|j| FunkyColdMedina284\n|\n|t:|1699154440\n|switch|p1a: Mamoswine|Mamoswine, M|100\/100\n|turn|2\n|\n|t:|1699154445\n|switch|p2a: Forretress|Forretress, F|100\/100\n|move|p1a: Mamoswine|Earthquake|p2a: Forretress\n|-damage|p2a: Forretress|71\/100\n|\n|upkeep\n|turn|3\n|\n|t:|1699154458\n|switch|p1a: Iron Hands|Iron Hands|100\/100\n|switch|p2a: Lokix|Lokix, F|100\/100\n|\n|upkeep\n|turn|4\n|\n|t:|1699154467\n|move|p2a: Lokix|U-turn|p1a: Iron Hands\n|-resisted|p1a: Iron Hands\n|-damage|p1a: Iron Hands|69\/100\n|\n|t:|1699154474\n|switch|p2a: Tauros|Tauros-Paldea-Blaze, M|91\/100|[from] U-turn\n|-ability|p2a: Tauros|Intimidate|boost\n|-unboost|p1a: Iron Hands|atk|1\n|move|p1a: Iron Hands|Substitute|p1a: Iron Hands\n|-start|p1a: Iron Hands|Substitute\n|-damage|p1a: Iron Hands|44\/100\n|\n|-heal|p1a: Iron Hands|50\/100|[from] item: Leftovers\n|upkeep\n|turn|5\n|\n|t:|1699154490\n|move|p2a: Tauros|Flare Blitz|p1a: Iron Hands\n|-end|p1a: Iron Hands|Substitute\n|-damage|p2a: Tauros|77\/100|[from] Recoil|[of] p1a: Iron Hands\n|-damage|p2a: Tauros|67\/100|[from] item: Life Orb\n|move|p1a: Iron Hands|Drain Punch|p2a: Tauros\n|-damage|p2a: Tauros|37\/100\n|-heal|p1a: Iron Hands|59\/100|[from] drain|[of] p2a: Tauros\n|\n|-heal|p1a: Iron Hands|66\/100|[from] item: Leftovers\n|upkeep\n|turn|6\n|j| redisdead98\n|c| FunkyColdMedina284|Wow sub iron hands. Im watching pros play here\n|\n|t:|1699154513\n|-end|p1a: Iron Hands|Quark Drive|[silent]\n|switch|p1a: Volcarona|Volcarona, M, shiny|100\/100\n|move|p2a: Tauros|Flare Blitz|p1a: Volcarona\n|-damage|p1a: Volcarona|18\/100\n|-damage|p2a: Tauros|2\/100|[from] Recoil\n|-damage|p2a: Tauros|0 fnt|[from] item: Life Orb\n|faint|p2a: Tauros\n|\n|upkeep\n|c| FunkyColdMedina284|Where do you goons play at i want to curb stomp yall\n|c| Willish6634|Women repellant\n|c|\u2606mklgd|ur dogshit\n|\n|t:|1699154562\n|switch|p2a: Gengar|Gengar, M|100\/100\n|turn|7\n|\n|t:|1699154568\n|move|p2a: Gengar|Sludge Bomb|p1a: Volcarona\n|-damage|p1a: Volcarona|0 fnt\n|faint|p1a: Volcarona\n|\n|upkeep\n|j| Judgieiscool\n|\n|t:|1699154585\n|switch|p1a: Mamoswine|Mamoswine, M|100\/100\n|turn|8\n|c| FunkyColdMedina284|Me or your opponent mklgd?\n|c|\u2606mklgd|u\n|\n|t:|1699154593\n|switch|p2a: Forretress|Forretress, F|71\/100\n|move|p1a: Mamoswine|Earthquake|p2a: Forretress\n|-damage|p2a: Forretress|40\/100\n|\n|upkeep\n|turn|9\n|c| Judgieiscool|u\n|\n|t:|1699154601\n|switch|p1a: Hatterene|Hatterene, F|100\/100\n|move|p2a: Forretress|Stealth Rock|p1a: Hatterene\n|move|p1a: Hatterene|Stealth Rock|p2a: Forretress|[from]ability: Magic Bounce\n|-sidestart|p2: mklgd|move: Stealth Rock\n|\n|upkeep\n|turn|10\n|\n|t:|1699154612\n|move|p2a: Forretress|Volt Switch|p1a: Hatterene\n|-damage|p1a: Hatterene|89\/100\n|\n|t:|1699154613\n|switch|p2a: Tyranitar|Tyranitar, M|100\/100|[from] Volt Switch\n|-damage|p2a: Tyranitar|88\/100|[from] Stealth Rock\n|-weather|Sandstorm|[from] ability: Sand Stream|[of] p2a: Tyranitar\n|move|p1a: Hatterene|Trick Room|p1a: Hatterene\n|-fieldstart|move: Trick Room|[of] p1a: Hatterene\n|\n|-weather|Sandstorm|[upkeep]\n|-damage|p1a: Hatterene|83\/100|[from] Sandstorm\n|-heal|p1a: Hatterene|89\/100|[from] item: Leftovers\n|upkeep\n|turn|11\n|c| FunkyColdMedina284|Ill beat your sorry ass\n|c|\u2606mklgd|never\n|c| redisdead98|funky you couldnt even compete in our draft leauge\n|\n|t:|1699154634\n|switch|p1a: Iron Hands|Iron Hands|66\/100\n|-terastallize|p2a: Tyranitar|Rock\n|move|p2a: Tyranitar|Rock Blast|p1a: Iron Hands\n|-resisted|p1a: Iron Hands\n|-damage|p1a: Iron Hands|59\/100\n|-resisted|p1a: Iron Hands\n|-damage|p1a: Iron Hands|52\/100\n|-resisted|p1a: Iron Hands\n|-damage|p1a: Iron Hands|45\/100\n|-resisted|p1a: Iron Hands\n|-damage|p1a: Iron Hands|39\/100\n|-resisted|p1a: Iron Hands\n|-damage|p1a: Iron Hands|32\/100\n|-hitcount|p1a: Iron Hands|5\n|\n|-weather|Sandstorm|[upkeep]\n|-damage|p1a: Iron Hands|26\/100|[from] Sandstorm\n|-heal|p1a: Iron Hands|32\/100|[from] item: Leftovers\n|upkeep\n|turn|12\n|\n|t:|1699154651\n|switch|p2a: Forretress|Forretress, F|40\/100\n|-damage|p2a: Forretress|27\/100|[from] Stealth Rock\n|move|p1a: Iron Hands|Drain Punch|p2a: Forretress\n|-damage|p2a: Forretress|4\/100\n|-heal|p1a: Iron Hands|41\/100|[from] drain|[of] p2a: Forretress\n|-damage|p1a: Iron Hands|24\/100|[from] item: Rocky Helmet|[of] p2a: Forretress\n|\n|-weather|Sandstorm|[upkeep]\n|-damage|p1a: Iron Hands|18\/100|[from] Sandstorm\n|-heal|p1a: Iron Hands|24\/100|[from] item: Leftovers\n|upkeep\n|turn|13\n|j|@ken\n|c| FunkyColdMedina284|I would beat your ass too red\n|c| Willish6634|beat this\n|\n|t:|1699154665\n|move|p2a: Forretress|Volt Switch|p1a: Iron Hands\n|-resisted|p1a: Iron Hands\n|-damage|p1a: Iron Hands|20\/100\n|\n|t:|1699154669\n|switch|p2a: Gengar|Gengar, M|100\/100|[from] Volt Switch\n|-damage|p2a: Gengar|88\/100|[from] Stealth Rock\n|move|p1a: Iron Hands|Drain Punch|p2a: Gengar\n|-immune|p2a: Gengar\n|\n|-weather|Sandstorm|[upkeep]\n|-damage|p1a: Iron Hands|14\/100|[from] Sandstorm\n|-damage|p2a: Gengar|82\/100|[from] Sandstorm\n|-heal|p1a: Iron Hands|20\/100|[from] item: Leftovers\n|upkeep\n|turn|14\n|c| redisdead98|lol i got something you can beat\n|\n|t:|1699154681\n|switch|p2a: Forretress|Forretress, F|4\/100\n|-damage|p2a: Forretress|0 fnt|[from] Stealth Rock\n|faint|p2a: Forretress\n|move|p1a: Iron Hands|Wild Charge|p2: Forretress|[notarget]\n|-fail|p1a: Iron Hands\n|\n|-weather|none\n|-heal|p1a: Iron Hands|27\/100|[from] item: Leftovers\n|-fieldend|move: Trick Room\n|upkeep\n|\n|t:|1699154684\n|switch|p2a: Ogerpon|Ogerpon-Cornerstone, F|100\/100\n|-damage|p2a: Ogerpon|88\/100|[from] Stealth Rock\n|turn|15\n|c|@ken|\/log FunkyColdMedina284 was locked from talking by ken. (battle toxicity (you aren't even the one battling pls be calm))\n|\n|t:|1699154697\n|move|p2a: Ogerpon|Ivy Cudgel|p1a: Iron Hands\n|-resisted|p1a: Iron Hands\n|-damage|p1a: Iron Hands|9\/100\n|move|p1a: Iron Hands|Drain Punch|p2a: Ogerpon\n|-supereffective|p2a: Ogerpon\n|-damage|p2a: Ogerpon|0 fnt\n|-heal|p1a: Iron Hands|36\/100|[from] drain|[of] p2a: Ogerpon\n|faint|p2a: Ogerpon\n|\n|-heal|p1a: Iron Hands|42\/100|[from] item: Leftovers\n|upkeep\n|\n|t:|1699154701\n|switch|p2a: Gengar|Gengar, M|82\/100\n|-damage|p2a: Gengar|70\/100|[from] Stealth Rock\n|turn|16\n|\n|t:|1699154715\n|move|p2a: Gengar|Sludge Bomb|p1a: Iron Hands\n|-damage|p1a: Iron Hands|0 fnt\n|faint|p1a: Iron Hands\n|-end|p1a: Iron Hands|Quark Drive|[silent]\n|\n|upkeep\n|\n|t:|1699154722\n|switch|p1a: Mamoswine|Mamoswine, M|100\/100\n|turn|17\n|\n|t:|1699154726\n|switch|p2a: Lokix|Lokix, F|100\/100\n|-damage|p2a: Lokix|76\/100|[from] Stealth Rock\n|move|p1a: Mamoswine|Earthquake|p2a: Lokix\n|-resisted|p2a: Lokix\n|-damage|p2a: Lokix|31\/100\n|\n|upkeep\n|turn|18\n|\n|t:|1699154735\n|switch|p1a: Staraptor|Staraptor, F|100\/100\n|move|p2a: Lokix|First Impression|p1a: Staraptor\n|-resisted|p1a: Staraptor\n|-damage|p1a: Staraptor|6\/100\n|\n|upkeep\n|turn|19\n|c| redisdead98|lol\n|\n|t:|1699154749\n|switch|p2a: Gengar|Gengar, M|70\/100\n|-damage|p2a: Gengar|58\/100|[from] Stealth Rock\n|move|p1a: Staraptor|Brave Bird|p2a: Gengar\n|-damage|p2a: Gengar|0 fnt\n|-start|p1a: Staraptor|Disable|Brave Bird|[from] ability: Cursed Body|[of] p2a: Gengar\n|faint|p2a: Gengar\n|-damage|p1a: Staraptor|0 fnt|[from] Recoil\n|faint|p1a: Staraptor\n|\n|upkeep\n|\n|t:|1699154762\n|switch|p1a: Hatterene|Hatterene, F|89\/100\n|switch|p2a: Tyranitar|Tyranitar, M, tera:Rock|88\/100\n|-damage|p2a: Tyranitar|76\/100|[from] Stealth Rock\n|-weather|Sandstorm|[from] ability: Sand Stream|[of] p2a: Tyranitar\n|turn|20\n|l|@ken\n|\n|t:|1699154774\n|move|p2a: Tyranitar|Dragon Dance|p2a: Tyranitar\n|-boost|p2a: Tyranitar|atk|1\n|-boost|p2a: Tyranitar|spe|1\n|move|p1a: Hatterene|Psyshock|p2a: Tyranitar\n|-damage|p2a: Tyranitar|34\/100\n|\n|-weather|Sandstorm|[upkeep]\n|-damage|p1a: Hatterene|83\/100|[from] Sandstorm\n|-heal|p1a: Hatterene|89\/100|[from] item: Leftovers\n|upkeep\n|turn|21\n|c| redisdead98|that star can put in work tho\n|\n|t:|1699154787\n|move|p2a: Tyranitar|Rock Blast|p1a: Hatterene\n|-damage|p1a: Hatterene|54\/100\n|-damage|p1a: Hatterene|22\/100\n|-damage|p1a: Hatterene|0 fnt\n|faint|p1a: Hatterene\n|-hitcount|p1: Hatterene|3\n|\n|-weather|Sandstorm|[upkeep]\n|upkeep\n|c| Willish6634|work this\n|\n|t:|1699154796\n|switch|p1a: Mamoswine|Mamoswine, M|100\/100\n|turn|22\n|\n|t:|1699154800\n|-terastallize|p1a: Mamoswine|Steel\n|move|p1a: Mamoswine|Earthquake|p2a: Tyranitar\n|-supereffective|p2a: Tyranitar\n|-damage|p2a: Tyranitar|0 fnt\n|faint|p2a: Tyranitar\n|\n|-weather|Sandstorm|[upkeep]\n|upkeep\n|\n|t:|1699154802\n|switch|p2a: Lokix|Lokix, F|31\/100\n|-damage|p2a: Lokix|6\/100|[from] Stealth Rock\n|turn|23\n|c|\u2606mklgd|gg\n|c|\u2606mklgd|g4\n|\n|t:|1699154812\n|move|p2a: Lokix|First Impression|p1a: Mamoswine\n|-resisted|p1a: Mamoswine\n|-damage|p1a: Mamoswine|28\/100\n|move|p1a: Mamoswine|Earthquake|p2a: Lokix\n|-resisted|p2a: Lokix\n|-damage|p2a: Lokix|0 fnt\n|faint|p2a: Lokix\n|\n|win|Lillyrosethedemon\n|c|\u2606mklgd|g34\n|l|\u2606mklgd\n|l|\u2606Lillyrosethedemon\n|l| redisdead98\n|l| Judgieiscool\n|l| Willish6634\n|j|\u2606mklgd\n|player|p2|mklgd|tabitha-gen3\n|l|\u2606mklgd\n|player|p2|\n|j|\u2606mklgd\n|player|p2|mklgd|tabitha-gen3\n|j| ampharosaunt11\n|l| ampharosaunt11\n|l|\u2606mklgd\n|player|p2|\n|j| Willish6634\n|l| Willish6634\n|j|\u2606mklgd\n|player|p2|mklgd|tabitha-gen3\n|l|\u2606mklgd\n|player|p2|\n|j|\u2606mklgd\n|player|p2|mklgd|tabitha-gen3\n|j| Willish6634\n","uploadtime":1699154697,"views":22,"p1id":"lillyrosethedemon","p2id":"mklgd","formatid":"gen9ubers","rating":0,"private":0,"password":""}