{"id":"gen9ubers-1996554486","p1":"Xenory","p2":"Anne Frankkkk","format":"[Gen 9] Ubers","log":"|j|\u2606Xenory\n|j|\u2606Anne Frankkkk\n|t:|1700693719\n|gametype|singles\n|player|p1|Xenory|hilbert|1144\n|player|p2|Anne Frankkkk|hilbert|1164\n|teamsize|p1|6\n|teamsize|p2|6\n|gen|9\n|tier|[Gen 9] Ubers\n|rated|\n|rule|Sleep Clause Mod: Limit one foe put to sleep\n|rule|Species Clause: Limit one of each Pok\u00e9mon\n|rule|OHKO Clause: OHKO moves are banned\n|rule|Evasion Items Clause: Evasion items are banned\n|rule|Evasion Moves Clause: Evasion moves are banned\n|rule|Endless Battle Clause: Forcing endless battles is banned\n|rule|HP Percentage Mod: HP is shown in percentages\n|clearpoke\n|poke|p1|Koraidon|\n|poke|p1|Arceus-Ghost|\n|poke|p1|Chi-Yu|\n|poke|p1|Flutter Mane|\n|poke|p1|Walking Wake|\n|poke|p1|Regieleki|\n|poke|p2|Regieleki|\n|poke|p2|Kyogre|\n|poke|p2|Chien-Pao|\n|poke|p2|Ribombee, M|\n|poke|p2|Miraidon|\n|poke|p2|Flutter Mane|\n|teampreview\n|\n|t:|1700693728\n|start\n|switch|p1a: Arceus|Arceus-Ghost|100\/100\n|switch|p2a: Moonblast|Ribombee, M, shiny|100\/100\n|turn|1\n|\n|t:|1700693737\n|move|p2a: Moonblast|Stun Spore|p1a: Arceus\n|-status|p1a: Arceus|par\n|cant|p1a: Arceus|par\n|\n|upkeep\n|turn|2\n|inactive|Battle timer is ON: inactive players will automatically lose when time's up. (requested by Xenory)\n|\n|t:|1700693744\n|move|p2a: Moonblast|Sticky Web|p1a: Arceus\n|-sidestart|p1: Xenory|move: Sticky Web\n|move|p1a: Arceus|Taunt|p2a: Moonblast\n|-start|p2a: Moonblast|move: Taunt\n|\n|upkeep\n|turn|3\n|\n|t:|1700693750\n|move|p2a: Moonblast|Moonblast|p1a: Arceus\n|-damage|p1a: Arceus|67\/100 par\n|-unboost|p1a: Arceus|spa|1\n|move|p1a: Arceus|Stealth Rock|p2a: Moonblast\n|-sidestart|p2: Anne Frankkkk|move: Stealth Rock\n|\n|upkeep\n|turn|4\n|\n|t:|1700693766\n|move|p2a: Moonblast|Moonblast|p1a: Arceus\n|-damage|p1a: Arceus|38\/100 par\n|move|p1a: Arceus|Icy Wind|p2a: Moonblast\n|-damage|p2a: Moonblast|78\/100\n|\n|upkeep\n|turn|5\n|\n|t:|1700693772\n|move|p2a: Moonblast|Moonblast|p1a: Arceus\n|-damage|p1a: Arceus|7\/100 par\n|move|p1a: Arceus|Judgment|p2a: Moonblast\n|-damage|p2a: Moonblast|5\/100\n|\n|-end|p2a: Moonblast|move: Taunt\n|upkeep\n|turn|6\n|\n|t:|1700693780\n|move|p2a: Moonblast|Moonblast|p1a: Arceus\n|-damage|p1a: Arceus|0 fnt\n|faint|p1a: Arceus\n|\n|upkeep\n|\n|t:|1700693785\n|switch|p1a: Regieleki|Regieleki|100\/100\n|turn|7\n|\n|t:|1700693788\n|switch|p2a: Misdreavius|Flutter Mane, shiny|100\/100\n|-damage|p2a: Misdreavius|88\/100|[from] Stealth Rock\n|-enditem|p2a: Misdreavius|Booster Energy\n|-activate|p2a: Misdreavius|ability: Protosynthesis|[fromitem]\n|-start|p2a: Misdreavius|protosynthesisspe\n|move|p1a: Regieleki|Rapid Spin|p2a: Misdreavius\n|-immune|p2a: Misdreavius\n|\n|upkeep\n|turn|8\n|\n|t:|1700693804\n|move|p2a: Misdreavius|Moonblast|p1a: Regieleki\n|-damage|p1a: Regieleki|1\/100\n|move|p1a: Regieleki|Volt Switch|p2a: Misdreavius\n|-damage|p2a: Misdreavius|45\/100\n|\n|t:|1700693816\n|switch|p1a: Koraidon|Koraidon|100\/100|[from] Volt Switch\n|-activate|p1a: Koraidon|move: Sticky Web\n|-unboost|p1a: Koraidon|spe|1\n|-weather|SunnyDay|[from] ability: Orichalcum Pulse|[of] p1a: Koraidon\n|-activate|p1a: Koraidon|Orichalcum Pulse|[source]\n|\n|-weather|SunnyDay|[upkeep]\n|upkeep\n|turn|9\n|\n|t:|1700693829\n|-terastallize|p1a: Koraidon|Fire\n|move|p2a: Misdreavius|Moonblast|p1a: Koraidon\n|-resisted|p1a: Koraidon\n|-damage|p1a: Koraidon|75\/100\n|-unboost|p1a: Koraidon|spa|1\n|move|p1a: Koraidon|U-turn|p2a: Misdreavius\n|-resisted|p2a: Misdreavius\n|-damage|p2a: Misdreavius|16\/100\n|\n|t:|1700693838\n|switch|p1a: Chi-Yu|Chi-Yu|100\/100|[from] U-turn\n|-activate|p1a: Chi-Yu|move: Sticky Web\n|-unboost|p1a: Chi-Yu|spe|1\n|-ability|p1a: Chi-Yu|Beads of Ruin\n|\n|-weather|SunnyDay|[upkeep]\n|upkeep\n|turn|10\n|\n|t:|1700693849\n|move|p2a: Misdreavius|Power Gem|p1a: Chi-Yu\n|-supereffective|p1a: Chi-Yu\n|-damage|p1a: Chi-Yu|38\/100\n|move|p1a: Chi-Yu|Overheat|p2a: Misdreavius\n|-damage|p2a: Misdreavius|0 fnt\n|-unboost|p1a: Chi-Yu|spa|2\n|faint|p2a: Misdreavius\n|-end|p2a: Misdreavius|Protosynthesis|[silent]\n|\n|-weather|SunnyDay|[upkeep]\n|upkeep\n|\n|t:|1700693852\n|switch|p2a: Bzzzzt|Regieleki, shiny|100\/100\n|-damage|p2a: Bzzzzt|88\/100|[from] Stealth Rock\n|turn|11\n|\n|t:|1700693860\n|move|p2a: Bzzzzt|Rapid Spin|p1a: Chi-Yu\n|-damage|p1a: Chi-Yu|22\/100\n|-boost|p2a: Bzzzzt|spe|1\n|-sideend|p2: Anne Frankkkk|Stealth Rock|[from] move: Rapid Spin|[of] p2a: Bzzzzt\n|move|p1a: Chi-Yu|Overheat|p2a: Bzzzzt|[miss]\n|-miss|p1a: Chi-Yu|p2a: Bzzzzt\n|\n|-weather|SunnyDay|[upkeep]\n|upkeep\n|turn|12\n|\n|t:|1700693868\n|move|p2a: Bzzzzt|Volt Switch|p1a: Chi-Yu\n|-damage|p1a: Chi-Yu|0 fnt\n|faint|p1a: Chi-Yu\n|\n|t:|1700693871\n|switch|p2a: Ice Cat|Chien-Pao|100\/100|[from] Volt Switch\n|-ability|p2a: Ice Cat|Sword of Ruin\n|\n|-weather|none\n|upkeep\n|\n|t:|1700693885\n|switch|p1a: Koraidon|Koraidon, tera:Fire|75\/100\n|-activate|p1a: Koraidon|move: Sticky Web\n|-unboost|p1a: Koraidon|spe|1\n|-weather|SunnyDay|[from] ability: Orichalcum Pulse|[of] p1a: Koraidon\n|-activate|p1a: Koraidon|Orichalcum Pulse|[source]\n|turn|13\n|\n|t:|1700693894\n|move|p2a: Ice Cat|Swords Dance|p2a: Ice Cat\n|-boost|p2a: Ice Cat|atk|2\n|move|p1a: Koraidon|U-turn|p2a: Ice Cat\n|-supereffective|p2a: Ice Cat\n|-crit|p2a: Ice Cat\n|-enditem|p2a: Ice Cat|Focus Sash\n|-damage|p2a: Ice Cat|1\/100\n|\n|t:|1700693904\n|switch|p1a: Walking Wake|Walking Wake|100\/100|[from] U-turn\n|-activate|p1a: Walking Wake|move: Sticky Web\n|-unboost|p1a: Walking Wake|spe|1\n|-activate|p1a: Walking Wake|ability: Protosynthesis\n|-start|p1a: Walking Wake|protosynthesisspa\n|\n|-weather|SunnyDay|[upkeep]\n|upkeep\n|turn|14\n|\n|t:|1700693914\n|move|p2a: Ice Cat|Ice Spinner|p1a: Walking Wake\n|-damage|p1a: Walking Wake|0 fnt\n|faint|p1a: Walking Wake\n|-end|p1a: Walking Wake|Protosynthesis|[silent]\n|\n|-weather|SunnyDay|[upkeep]\n|upkeep\n|-message|Xenory forfeited.\n|\n|win|Anne Frankkkk\n|raw|Xenory's rating: 1144 &rarr; <strong>1120<\/strong><br \/>(-24 for losing)\n|raw|Anne Frankkkk's rating: 1164 &rarr; <strong>1188<\/strong><br \/>(+24 for winning)\n|l|\u2606Xenory\n","uploadtime":1700693928,"views":1,"p1id":"xenory","p2id":"annefrankkkk","formatid":"gen9ubers","rating":1120,"private":0,"password":""}