{"id":"gen9ubers-1977821418","p1":"MyDeliciousAxe","p2":"godiamsosorry","format":"[Gen 9] Ubers","log":"|j|\u2606MyDeliciousAxe\n|j|\u2606godiamsosorry\n|t:|1698453745\n|gametype|singles\n|player|p1|MyDeliciousAxe|caitlin|\n|player|p2|godiamsosorry|scientistf|\n|teamsize|p1|6\n|teamsize|p2|6\n|gen|9\n|tier|[Gen 9] Ubers\n|rule|Sleep Clause Mod: Limit one foe put to sleep\n|rule|Species Clause: Limit one of each Pok\u00e9mon\n|rule|OHKO Clause: OHKO moves are banned\n|rule|Evasion Items Clause: Evasion items are banned\n|rule|Evasion Moves Clause: Evasion moves are banned\n|rule|Endless Battle Clause: Forcing endless battles is banned\n|rule|HP Percentage Mod: HP is shown in percentages\n|clearpoke\n|poke|p1|Gliscor, M|\n|poke|p1|Zoroark-Hisui, M|\n|poke|p1|Scovillain, F|\n|poke|p1|Empoleon, F|\n|poke|p1|Shroodle, M|\n|poke|p1|Nosepass, M|\n|poke|p2|Klefki, F|\n|poke|p2|Medicham, M|\n|poke|p2|Zoroark-Hisui, M|\n|poke|p2|Palafin, F|\n|poke|p2|Enamorus, F|\n|poke|p2|Toedscruel, M|\n|teampreview\n|c|\u2606MyDeliciousAxe|sorry the team saving thing is weird on mobile\n|\n|t:|1698453770\n|start\n|switch|p1a: Shroodle|Shroodle, M|100\/100\n|switch|p2a: Enamorus|Enamorus, F|100\/100\n|turn|1\n|\n|t:|1698453779\n|-terastallize|p2a: Enamorus|Steel\n|move|p1a: Shroodle|Toxic|p2a: Enamorus\n|-immune|p2a: Enamorus\n|move|p2a: Enamorus|Substitute|p2a: Enamorus\n|-start|p2a: Enamorus|Substitute\n|-damage|p2a: Enamorus|76\/100\n|\n|-heal|p2a: Enamorus|82\/100|[from] item: Leftovers\n|upkeep\n|turn|2\n|\n|t:|1698453785\n|move|p1a: Shroodle|Metronome|p1a: Shroodle\n|move|p1a: Shroodle|Echoed Voice|p2a: Enamorus|[from]move: Metronome\n|-resisted|p2a: Enamorus\n|-damage|p2a: Enamorus|78\/100\n|move|p2a: Enamorus|Superpower|p1a: Shroodle\n|-damage|p1a: Shroodle|4\/100\n|-boost|p2a: Enamorus|atk|1\n|-boost|p2a: Enamorus|def|1\n|-damage|p2a: Enamorus|61\/100|[from] item: Rocky Helmet|[of] p1a: Shroodle\n|\n|-heal|p2a: Enamorus|67\/100|[from] item: Leftovers\n|upkeep\n|turn|3\n|\n|t:|1698453795\n|move|p1a: Shroodle|Encore|p2a: Enamorus\n|-start|p2a: Enamorus|Encore\n|move|p2a: Enamorus|Superpower|p1a: Shroodle\n|-crit|p1a: Shroodle\n|-damage|p1a: Shroodle|0 fnt\n|-boost|p2a: Enamorus|atk|1\n|-boost|p2a: Enamorus|def|1\n|-damage|p2a: Enamorus|51\/100|[from] item: Rocky Helmet|[of] p1a: Shroodle\n|faint|p1a: Shroodle\n|\n|-heal|p2a: Enamorus|57\/100|[from] item: Leftovers\n|upkeep\n|\n|t:|1698453820\n|switch|p1a: Nosepass|Nosepass, M|100\/100\n|turn|4\n|\n|t:|1698453824\n|move|p2a: Enamorus|Superpower|p1a: Nosepass\n|-supereffective|p1a: Nosepass\n|-damage|p1a: Nosepass|0 fnt\n|-boost|p2a: Enamorus|atk|1\n|-boost|p2a: Enamorus|def|1\n|faint|p1a: Nosepass\n|\n|-heal|p2a: Enamorus|63\/100|[from] item: Leftovers\n|upkeep\n|\n|t:|1698453833\n|switch|p1a: Gliscor|Gliscor, M|100\/100\n|turn|5\n|\n|t:|1698453838\n|move|p1a: Gliscor|Swords Dance|p1a: Gliscor\n|-boost|p1a: Gliscor|atk|2\n|move|p2a: Enamorus|Superpower|p1a: Gliscor\n|-immune|p1a: Gliscor\n|\n|-heal|p2a: Enamorus|69\/100|[from] item: Leftovers\n|-end|p2a: Enamorus|Encore\n|-status|p1a: Gliscor|tox|[from] item: Toxic Orb\n|upkeep\n|turn|6\n|c|\u2606godiamsosorry|...\n|\n|t:|1698453854\n|move|p1a: Gliscor|Poltergeist|p2a: Enamorus\n|-activate|p2a: Enamorus|move: Poltergeist|Leftovers\n|-end|p2a: Enamorus|Substitute\n|move|p2a: Enamorus|Iron Head|p1a: Gliscor\n|-damage|p1a: Gliscor|0 fnt\n|replace|p1a: Zoroark|Zoroark-Hisui, M\n|-end|p1a: Zoroark|Illusion\n|faint|p1a: Zoroark\n|\n|-heal|p2a: Enamorus|76\/100|[from] item: Leftovers\n|upkeep\n|\n|t:|1698453870\n|switch|p1a: Scovillain|Scovillain, F|100\/100\n|turn|7\n|\n|t:|1698453878\n|move|p2a: Enamorus|Substitute|p2a: Enamorus\n|-start|p2a: Enamorus|Substitute\n|-damage|p2a: Enamorus|51\/100\n|move|p1a: Scovillain|Fire Blast|p2a: Enamorus|[miss]\n|-miss|p1a: Scovillain|p2a: Enamorus\n|\n|-heal|p2a: Enamorus|57\/100|[from] item: Leftovers\n|upkeep\n|turn|8\n|\n|t:|1698453882\n|move|p2a: Enamorus|Superpower|p1a: Scovillain\n|-damage|p1a: Scovillain|0 fnt\n|-boost|p2a: Enamorus|atk|1\n|-boost|p2a: Enamorus|def|1\n|faint|p1a: Scovillain\n|\n|-heal|p2a: Enamorus|63\/100|[from] item: Leftovers\n|upkeep\n|c|\u2606MyDeliciousAxe|this bum ass scovillain\n|c|\u2606MyDeliciousAxe|hes fired\n|\n|t:|1698453901\n|switch|p1a: Gliscor|Gliscor, M|100\/100\n|turn|9\n|c|\u2606godiamsosorry|Is he also grassed?\n|\n|t:|1698453910\n|move|p2a: Enamorus|Play Rough|p1a: Gliscor\n|-damage|p1a: Gliscor|13\/100\n|-unboost|p1a: Gliscor|atk|1\n|move|p1a: Gliscor|Earth Power|p2a: Enamorus\n|-supereffective|p2a: Enamorus\n|-end|p2a: Enamorus|Substitute\n|\n|-heal|p2a: Enamorus|69\/100|[from] item: Leftovers\n|upkeep\n|turn|10\n|c|\u2606MyDeliciousAxe|im taking him out back\n|\n|t:|1698453927\n|move|p2a: Enamorus|Iron Head|p1a: Gliscor\n|-damage|p1a: Gliscor|0 fnt\n|faint|p1a: Gliscor\n|\n|-heal|p2a: Enamorus|76\/100|[from] item: Leftovers\n|upkeep\n|\n|t:|1698453933\n|switch|p1a: Empoleon|Empoleon, F|100\/100\n|turn|11\n|c|\u2606godiamsosorry|Switch him for Klefki...\n|\n|t:|1698453942\n|move|p2a: Enamorus|Superpower|p1a: Empoleon\n|-supereffective|p1a: Empoleon\n|-damage|p1a: Empoleon|0 fnt\n|-boost|p2a: Enamorus|atk|1\n|-boost|p2a: Enamorus|def|1\n|faint|p1a: Empoleon\n|\n|win|godiamsosorry\n|c|\u2606MyDeliciousAxe|i wanted a scovillain\n","uploadtime":1698453956,"views":20,"p1id":"mydeliciousaxe","p2id":"godiamsosorry","formatid":"gen9ubers","rating":0,"private":0,"password":""}