{"id":"gen9ubers-1969133887","p1":"underhours","p2":"IrishPenguin","format":"[Gen 9] Ubers","log":"|j|\u2606underhours\n|j|\u2606IrishPenguin\n|t:|1697493048\n|gametype|singles\n|player|p1|underhours|brock-gen2|\n|player|p2|IrishPenguin|ash|\n|teamsize|p1|6\n|teamsize|p2|6\n|gen|9\n|tier|[Gen 9] Ubers\n|rule|Sleep Clause Mod: Limit one foe put to sleep\n|rule|Species Clause: Limit one of each Pok\u00e9mon\n|rule|OHKO Clause: OHKO moves are banned\n|rule|Evasion Items Clause: Evasion items are banned\n|rule|Evasion Moves Clause: Evasion moves are banned\n|rule|Endless Battle Clause: Forcing endless battles is banned\n|rule|HP Percentage Mod: HP is shown in percentages\n|clearpoke\n|poke|p1|Heatran, M|\n|poke|p1|Zacian-*|\n|poke|p1|Dragapult, M|\n|poke|p1|Magearna|\n|poke|p1|Arceus-Poison|\n|poke|p1|Chi-Yu|\n|poke|p2|Ogerpon-Wellspring, F|\n|poke|p2|Magearna|\n|poke|p2|Zacian-*|\n|poke|p2|Dialga|\n|poke|p2|Shaymin-Sky|\n|poke|p2|Gholdengo|\n|teampreview\n|inactive|Battle timer is ON: inactive players will automatically lose when time's up. (requested by underhours)\n|inactive|IrishPenguin also wants the timer to be on.\n|c|\u2606underhours|glhf\n|c|\u2606IrishPenguin|Glhf\n|inactive|underhours has 270 seconds left.\n|\n|t:|1697493112\n|start\n|switch|p1a: \u227d^\u2022\u2a4a\u2022^\u227c|Heatran, M|100\/100\n|switch|p2a: Shaymin|Shaymin-Sky, shiny|100\/100\n|turn|1\n|\n|t:|1697493129\n|switch|p1a: Dragapult|Dragapult, M|100\/100\n|move|p2a: Shaymin|Substitute|p2a: Shaymin\n|-start|p2a: Shaymin|Substitute\n|-damage|p2a: Shaymin|76\/100\n|\n|upkeep\n|turn|2\n|\n|t:|1697493133\n|move|p1a: Dragapult|U-turn|p2a: Shaymin\n|-activate|p2a: Shaymin|move: Substitute|[damage]\n|\n|t:|1697493151\n|switch|p1a: Magearna|Magearna|100\/100|[from] U-turn\n|move|p2a: Shaymin|Leech Seed|p1a: Magearna\n|-start|p1a: Magearna|move: Leech Seed\n|\n|-damage|p1a: Magearna|88\/100|[from] Leech Seed|[of] p2a: Shaymin\n|-heal|p2a: Shaymin|89\/100|[silent]\n|upkeep\n|turn|3\n|\n|t:|1697493159\n|move|p2a: Shaymin|Air Slash|p1a: Magearna\n|-resisted|p1a: Magearna\n|-damage|p1a: Magearna|72\/100\n|move|p1a: Magearna|Calm Mind|p1a: Magearna\n|-boost|p1a: Magearna|spa|1\n|-boost|p1a: Magearna|spd|1\n|\n|-heal|p1a: Magearna|78\/100|[from] item: Leftovers\n|-damage|p1a: Magearna|65\/100|[from] Leech Seed|[of] p2a: Shaymin\n|-heal|p2a: Shaymin|100\/100|[silent]\n|upkeep\n|turn|4\n|\n|t:|1697493164\n|move|p2a: Shaymin|Air Slash|p1a: Magearna\n|-resisted|p1a: Magearna\n|-damage|p1a: Magearna|55\/100\n|move|p1a: Magearna|Draining Kiss|p2a: Shaymin\n|-end|p2a: Shaymin|Substitute\n|-heal|p1a: Magearna|56\/100|[from] drain|[of] p2a: Shaymin\n|\n|-heal|p1a: Magearna|62\/100|[from] item: Leftovers\n|-damage|p1a: Magearna|50\/100|[from] Leech Seed|[of] p2a: Shaymin\n|upkeep\n|turn|5\n|\n|t:|1697493170\n|move|p2a: Shaymin|Substitute|p2a: Shaymin\n|-start|p2a: Shaymin|Substitute\n|-damage|p2a: Shaymin|76\/100\n|move|p1a: Magearna|Draining Kiss|p2a: Shaymin\n|-end|p2a: Shaymin|Substitute\n|-heal|p1a: Magearna|67\/100|[from] drain|[of] p2a: Shaymin\n|\n|-heal|p1a: Magearna|74\/100|[from] item: Leftovers\n|-damage|p1a: Magearna|61\/100|[from] Leech Seed|[of] p2a: Shaymin\n|-heal|p2a: Shaymin|89\/100|[silent]\n|upkeep\n|turn|6\n|\n|t:|1697493177\n|switch|p2a: Gholdengo|Gholdengo|100\/100\n|-item|p2a: Gholdengo|Air Balloon\n|move|p1a: Magearna|Draining Kiss|p2a: Gholdengo\n|-resisted|p2a: Gholdengo\n|-damage|p2a: Gholdengo|89\/100\n|-heal|p1a: Magearna|70\/100|[from] drain|[of] p2a: Gholdengo\n|-enditem|p2a: Gholdengo|Air Balloon\n|\n|-heal|p1a: Magearna|76\/100|[from] item: Leftovers\n|-damage|p1a: Magearna|64\/100|[from] Leech Seed|[of] p2a: Gholdengo\n|-heal|p2a: Gholdengo|100\/100|[silent]\n|upkeep\n|turn|7\n|\n|t:|1697493187\n|switch|p1a: \u227d^\u2022\u2a4a\u2022^\u227c|Heatran, M|100\/100\n|move|p2a: Gholdengo|Thunder Wave|p1a: \u227d^\u2022\u2a4a\u2022^\u227c\n|-status|p1a: \u227d^\u2022\u2a4a\u2022^\u227c|par\n|\n|upkeep\n|turn|8\n|\n|t:|1697493196\n|switch|p2a: Dialga|Dialga|100\/100\n|-ability|p2a: Dialga|Pressure\n|move|p1a: \u227d^\u2022\u2a4a\u2022^\u227c|Will-O-Wisp|p2a: Dialga\n|-status|p2a: Dialga|brn\n|\n|-damage|p2a: Dialga|94\/100 brn|[from] brn\n|upkeep\n|turn|9\n|\n|t:|1697493206\n|move|p2a: Dialga|Stealth Rock|p1a: \u227d^\u2022\u2a4a\u2022^\u227c\n|-sidestart|p1: underhours|move: Stealth Rock\n|move|p1a: \u227d^\u2022\u2a4a\u2022^\u227c|Body Press|p2a: Dialga\n|-supereffective|p2a: Dialga\n|-damage|p2a: Dialga|59\/100 brn\n|\n|-heal|p2a: Dialga|65\/100 brn|[from] item: Leftovers\n|-damage|p2a: Dialga|59\/100 brn|[from] brn\n|upkeep\n|turn|10\n|\n|t:|1697493214\n|switch|p2a: Ogerpon|Ogerpon-Wellspring, F|100\/100\n|move|p1a: \u227d^\u2022\u2a4a\u2022^\u227c|Stealth Rock|p2a: Ogerpon\n|-sidestart|p2: IrishPenguin|move: Stealth Rock\n|\n|upkeep\n|turn|11\n|\n|t:|1697493224\n|move|p2a: Ogerpon|Spikes|p1a: \u227d^\u2022\u2a4a\u2022^\u227c\n|-sidestart|p1: underhours|Spikes\n|move|p1a: \u227d^\u2022\u2a4a\u2022^\u227c|Will-O-Wisp|p2a: Ogerpon\n|-status|p2a: Ogerpon|brn\n|\n|-damage|p2a: Ogerpon|95\/100 brn|[from] brn\n|upkeep\n|turn|12\n|\n|t:|1697493233\n|switch|p1a: Dragapult|Dragapult, M|100\/100\n|-damage|p1a: Dragapult|88\/100|[from] Stealth Rock\n|-damage|p1a: Dragapult|76\/100|[from] Spikes\n|move|p2a: Ogerpon|Ivy Cudgel|p1a: Dragapult\n|-resisted|p1a: Dragapult\n|-damage|p1a: Dragapult|60\/100\n|\n|-damage|p2a: Ogerpon|89\/100 brn|[from] brn\n|upkeep\n|turn|13\n|\n|t:|1697493246\n|switch|p2a: Magearna|Magearna|100\/100\n|-damage|p2a: Magearna|94\/100|[from] Stealth Rock\n|move|p1a: Dragapult|Reflect|p1a: Dragapult\n|-sidestart|p1: underhours|Reflect\n|\n|-heal|p2a: Magearna|100\/100|[from] item: Leftovers\n|upkeep\n|turn|14\n|\n|t:|1697493255\n|move|p1a: Dragapult|Light Screen|p1a: Dragapult\n|-sidestart|p1: underhours|move: Light Screen\n|move|p2a: Magearna|Spikes|p1a: Dragapult\n|-sidestart|p1: underhours|Spikes\n|\n|upkeep\n|turn|15\n|\n|t:|1697493264\n|switch|p2a: Gholdengo|Gholdengo|100\/100\n|-damage|p2a: Gholdengo|94\/100|[from] Stealth Rock\n|move|p1a: Dragapult|U-turn|p2a: Gholdengo\n|-resisted|p2a: Gholdengo\n|-damage|p2a: Gholdengo|90\/100\n|\n|t:|1697493268\n|switch|p1a: Chi-Yu|Chi-Yu|100\/100|[from] U-turn\n|-damage|p1a: Chi-Yu|76\/100|[from] Stealth Rock\n|-damage|p1a: Chi-Yu|59\/100|[from] Spikes\n|-ability|p1a: Chi-Yu|Beads of Ruin\n|\n|upkeep\n|turn|16\n|inactive|IrishPenguin has 270 seconds left.\n|\n|t:|1697493303\n|move|p1a: Chi-Yu|Fire Blast|p2a: Gholdengo\n|-supereffective|p2a: Gholdengo\n|-damage|p2a: Gholdengo|0 fnt\n|faint|p2a: Gholdengo\n|\n|upkeep\n|inactive|IrishPenguin has 270 seconds left.\n|\n|t:|1697493309\n|switch|p2a: Zacian|Zacian, shiny|100\/100\n|-ability|p2a: Zacian|Intrepid Sword|boost\n|-boost|p2a: Zacian|atk|1\n|turn|17\n|\n|t:|1697493315\n|move|p2a: Zacian|Close Combat|p1a: Chi-Yu\n|-supereffective|p1a: Chi-Yu\n|-damage|p1a: Chi-Yu|0 fnt\n|-unboost|p2a: Zacian|def|1\n|-unboost|p2a: Zacian|spd|1\n|faint|p1a: Chi-Yu\n|\n|upkeep\n|\n|t:|1697493334\n|switch|p1a: \u227d^\u2022\u2a4a\u2022^\u227c|Heatran, M|100\/100 par\n|-damage|p1a: \u227d^\u2022\u2a4a\u2022^\u227c|88\/100 par|[from] Stealth Rock\n|-damage|p1a: \u227d^\u2022\u2a4a\u2022^\u227c|72\/100 par|[from] Spikes\n|turn|18\n|\n|t:|1697493350\n|-terastallize|p2a: Zacian|Fire\n|move|p2a: Zacian|Swords Dance|p2a: Zacian\n|-boost|p2a: Zacian|atk|2\n|move|p1a: \u227d^\u2022\u2a4a\u2022^\u227c|Will-O-Wisp|p2a: Zacian\n|-immune|p2a: Zacian\n|\n|-heal|p1a: \u227d^\u2022\u2a4a\u2022^\u227c|78\/100 par|[from] item: Leftovers\n|upkeep\n|turn|19\n|\n|t:|1697493357\n|move|p2a: Zacian|Close Combat|p1a: \u227d^\u2022\u2a4a\u2022^\u227c\n|-supereffective|p1a: \u227d^\u2022\u2a4a\u2022^\u227c\n|-damage|p1a: \u227d^\u2022\u2a4a\u2022^\u227c|9\/100 par\n|-unboost|p2a: Zacian|def|1\n|-unboost|p2a: Zacian|spd|1\n|move|p1a: \u227d^\u2022\u2a4a\u2022^\u227c|Magma Storm|p2a: Zacian\n|-resisted|p2a: Zacian\n|-crit|p2a: Zacian\n|-damage|p2a: Zacian|44\/100\n|-activate|p2a: Zacian|move: Magma Storm|[of] p1a: \u227d^\u2022\u2a4a\u2022^\u227c\n|\n|-heal|p1a: \u227d^\u2022\u2a4a\u2022^\u227c|15\/100 par|[from] item: Leftovers\n|-damage|p2a: Zacian|32\/100|[from] move: Magma Storm|[partiallytrapped]\n|upkeep\n|turn|20\n|\n|t:|1697493363\n|move|p2a: Zacian|Play Rough|p1a: \u227d^\u2022\u2a4a\u2022^\u227c\n|-resisted|p1a: \u227d^\u2022\u2a4a\u2022^\u227c\n|-damage|p1a: \u227d^\u2022\u2a4a\u2022^\u227c|5\/100 par\n|move|p1a: \u227d^\u2022\u2a4a\u2022^\u227c|Body Press|p2a: Zacian\n|-damage|p2a: Zacian|0 fnt\n|faint|p2a: Zacian\n|\n|-heal|p1a: \u227d^\u2022\u2a4a\u2022^\u227c|11\/100 par|[from] item: Leftovers\n|-sideend|p1: underhours|Reflect\n|upkeep\n|c|\u2606IrishPenguin|Ngl expected that to kill\n|inactive|IrishPenguin has 270 seconds left.\n|\n|t:|1697493384\n|switch|p2a: Shaymin|Shaymin-Sky, shiny|89\/100\n|turn|21\n|c|\u2606underhours|rip\n|\n|t:|1697493391\n|move|p2a: Shaymin|Air Slash|p1a: \u227d^\u2022\u2a4a\u2022^\u227c\n|-resisted|p1a: \u227d^\u2022\u2a4a\u2022^\u227c\n|-damage|p1a: \u227d^\u2022\u2a4a\u2022^\u227c|4\/100 par\n|cant|p1a: \u227d^\u2022\u2a4a\u2022^\u227c|flinch\n|\n|-heal|p1a: \u227d^\u2022\u2a4a\u2022^\u227c|10\/100 par|[from] item: Leftovers\n|-sideend|p1: underhours|move: Light Screen\n|upkeep\n|turn|22\n|\n|t:|1697493396\n|move|p2a: Shaymin|Air Slash|p1a: \u227d^\u2022\u2a4a\u2022^\u227c\n|-resisted|p1a: \u227d^\u2022\u2a4a\u2022^\u227c\n|-damage|p1a: \u227d^\u2022\u2a4a\u2022^\u227c|0 fnt\n|faint|p1a: \u227d^\u2022\u2a4a\u2022^\u227c\n|\n|upkeep\n|\n|t:|1697493404\n|switch|p1a: Zacian|Zacian|100\/100\n|-damage|p1a: Zacian|88\/100|[from] Stealth Rock\n|-damage|p1a: Zacian|72\/100|[from] Spikes\n|-ability|p1a: Zacian|Intrepid Sword|boost\n|-boost|p1a: Zacian|atk|1\n|turn|23\n|\n|t:|1697493409\n|switch|p2a: Magearna|Magearna|100\/100\n|-damage|p2a: Magearna|94\/100|[from] Stealth Rock\n|move|p1a: Zacian|Play Rough|p2a: Magearna\n|-resisted|p2a: Magearna\n|-damage|p2a: Magearna|74\/100\n|\n|-heal|p2a: Magearna|80\/100|[from] item: Leftovers\n|upkeep\n|turn|24\n|\n|t:|1697493423\n|move|p1a: Zacian|Swords Dance|p1a: Zacian\n|-boost|p1a: Zacian|atk|2\n|move|p2a: Magearna|Flash Cannon|p1a: Zacian\n|-supereffective|p1a: Zacian\n|-damage|p1a: Zacian|5\/100\n|-enditem|p1a: Zacian|Red Card|[of] p2a: Magearna\n|drag|p2a: Dialga|Dialga|59\/100 brn\n|-damage|p2a: Dialga|52\/100 brn|[from] Stealth Rock\n|-ability|p2a: Dialga|Pressure\n|\n|-heal|p2a: Dialga|59\/100 brn|[from] item: Leftovers\n|-damage|p2a: Dialga|52\/100 brn|[from] brn\n|upkeep\n|turn|25\n|\n|t:|1697493437\n|move|p1a: Zacian|Close Combat|p2a: Dialga\n|-supereffective|p2a: Dialga\n|-damage|p2a: Dialga|0 fnt\n|-unboost|p1a: Zacian|def|1\n|-unboost|p1a: Zacian|spd|1\n|faint|p2a: Dialga\n|\n|upkeep\n|\n|t:|1697493446\n|switch|p2a: Magearna|Magearna|80\/100\n|-damage|p2a: Magearna|74\/100|[from] Stealth Rock\n|turn|26\n|\n|t:|1697493453\n|move|p1a: Zacian|Close Combat|p2a: Magearna\n|-damage|p2a: Magearna|10\/100\n|-unboost|p1a: Zacian|def|1\n|-unboost|p1a: Zacian|spd|1\n|move|p2a: Magearna|Draining Kiss|p1a: Zacian\n|-damage|p1a: Zacian|0 fnt\n|-heal|p2a: Magearna|13\/100|[from] drain|[of] p1a: Zacian\n|faint|p1a: Zacian\n|-ability|p2a: Magearna|Soul-Heart|boost\n|-boost|p2a: Magearna|spa|1\n|\n|-heal|p2a: Magearna|19\/100|[from] item: Leftovers\n|upkeep\n|\n|t:|1697493461\n|switch|p1a: Arceus|Arceus-Poison|100\/100\n|-damage|p1a: Arceus|88\/100|[from] Stealth Rock\n|-damage|p1a: Arceus|71\/100|[from] Spikes\n|turn|27\n|\n|t:|1697493468\n|move|p1a: Arceus|Earthquake|p2a: Magearna\n|-supereffective|p2a: Magearna\n|-damage|p2a: Magearna|0 fnt\n|faint|p2a: Magearna\n|\n|upkeep\n|\n|t:|1697493479\n|switch|p2a: Ogerpon|Ogerpon-Wellspring, F|89\/100 brn\n|-damage|p2a: Ogerpon|76\/100 brn|[from] Stealth Rock\n|turn|28\n|\n|t:|1697493483\n|move|p2a: Ogerpon|Ivy Cudgel|p1a: Arceus\n|-damage|p1a: Arceus|54\/100\n|move|p1a: Arceus|Poison Jab|p2a: Ogerpon\n|-supereffective|p2a: Ogerpon\n|-damage|p2a: Ogerpon|0 fnt\n|faint|p2a: Ogerpon\n|\n|upkeep\n|\n|t:|1697493487\n|switch|p2a: Shaymin|Shaymin-Sky, shiny|89\/100\n|turn|29\n|\n|t:|1697493489\n|move|p2a: Shaymin|Air Slash|p1a: Arceus\n|-damage|p1a: Arceus|31\/100\n|move|p1a: Arceus|Poison Jab|p2a: Shaymin\n|-supereffective|p2a: Shaymin\n|-damage|p2a: Shaymin|0 fnt\n|faint|p2a: Shaymin\n|\n|win|underhours\n|c|\u2606underhours|gg\n|c|\u2606IrishPenguin|Gg\n","uploadtime":1697493495,"views":43,"p1id":"underhours","p2id":"irishpenguin","formatid":"gen9ubers","rating":0,"private":0,"password":""}