{"id":"gen9ubers-1977401765","p1":"meisgroot1","p2":"cartoon cat 4455","format":"[Gen 9] Ubers","log":"|j|\u2606meisgroot1\n|j|\u2606cartoon cat 4455\n|t:|1698413853\n|gametype|singles\n|player|p1|meisgroot1|2|1000\n|player|p2|cartoon cat 4455|red|1017\n|teamsize|p1|6\n|teamsize|p2|6\n|gen|9\n|tier|[Gen 9] Ubers\n|rated|\n|rule|Sleep Clause Mod: Limit one foe put to sleep\n|rule|Species Clause: Limit one of each Pok\u00e9mon\n|rule|OHKO Clause: OHKO moves are banned\n|rule|Evasion Items Clause: Evasion items are banned\n|rule|Evasion Moves Clause: Evasion moves are banned\n|rule|Endless Battle Clause: Forcing endless battles is banned\n|rule|HP Percentage Mod: HP is shown in percentages\n|clearpoke\n|poke|p1|Iron Valiant|\n|poke|p1|Cetitan, M|\n|poke|p1|Dialga-Origin|\n|poke|p1|Ogerpon-Wellspring, F|\n|poke|p1|Basculin-White-Striped, F|\n|poke|p1|Giratina|\n|poke|p2|Koraidon|\n|poke|p2|Groudon|\n|poke|p2|Giratina-Origin|\n|poke|p2|Miraidon|\n|poke|p2|Kyogre|\n|poke|p2|Rayquaza|\n|teampreview\n|\n|t:|1698413864\n|start\n|switch|p1a: Cetitan|Cetitan, M|100\/100\n|switch|p2a: Kyogre|Kyogre|100\/100\n|-weather|RainDance|[from] ability: Drizzle|[of] p2a: Kyogre\n|turn|1\n|inactive|Battle timer is ON: inactive players will automatically lose when time's up. (requested by cartoon cat 4455)\n|inactive|meisgroot1 has 120 seconds left.\n|inactiveoff|Battle timer is now OFF.\n|\n|t:|1698413903\n|move|p2a: Kyogre|Blizzard|p1a: Cetitan\n|-resisted|p1a: Cetitan\n|-damage|p1a: Cetitan|89\/100\n|move|p1a: Cetitan|Belly Drum|p1a: Cetitan\n|-damage|p1a: Cetitan|39\/100\n|-setboost|p1a: Cetitan|atk|6|[from] move: Belly Drum\n|-enditem|p1a: Cetitan|Sitrus Berry|[eat]\n|-heal|p1a: Cetitan|64\/100|[from] item: Sitrus Berry\n|\n|-weather|RainDance|[upkeep]\n|upkeep\n|turn|2\n|\n|t:|1698413923\n|move|p2a: Kyogre|Blizzard|p1a: Cetitan\n|-resisted|p1a: Cetitan\n|-damage|p1a: Cetitan|53\/100\n|move|p1a: Cetitan|Play Rough|p2a: Kyogre|[miss]\n|-miss|p1a: Cetitan|p2a: Kyogre\n|\n|-weather|RainDance|[upkeep]\n|upkeep\n|turn|3\n|inactive|Battle timer is ON: inactive players will automatically lose when time's up. (requested by meisgroot1)\n|\n|t:|1698413967\n|move|p2a: Kyogre|Surf|p1a: Cetitan\n|-damage|p1a: Cetitan|0 fnt\n|faint|p1a: Cetitan\n|\n|-weather|RainDance|[upkeep]\n|upkeep\n|\n|t:|1698413974\n|switch|p1a: Dialga|Dialga-Origin|100\/100\n|-ability|p1a: Dialga|Pressure\n|turn|4\n|\n|t:|1698413992\n|move|p2a: Kyogre|Surf|p1a: Dialga\n|-resisted|p1a: Dialga\n|-damage|p1a: Dialga|73\/100\n|move|p1a: Dialga|Flash Cannon|p2a: Kyogre\n|-resisted|p2a: Kyogre\n|-damage|p2a: Kyogre|83\/100\n|\n|-weather|RainDance|[upkeep]\n|upkeep\n|turn|5\n|inactive|meisgroot1 has 120 seconds left.\n|\n|t:|1698414010\n|move|p2a: Kyogre|Blizzard|p1a: Dialga\n|-damage|p1a: Dialga|44\/100\n|move|p1a: Dialga|Earth Power|p2a: Kyogre\n|-damage|p2a: Kyogre|62\/100\n|\n|-weather|none\n|upkeep\n|turn|6\n|\n|t:|1698414018\n|move|p2a: Kyogre|Blizzard|p1a: Dialga\n|-damage|p1a: Dialga|17\/100\n|move|p1a: Dialga|Dragon Pulse|p2a: Kyogre\n|-damage|p2a: Kyogre|24\/100\n|-enditem|p2a: Kyogre|Aguav Berry|[eat]\n|-heal|p2a: Kyogre|57\/100|[from] item: Aguav Berry\n|\n|upkeep\n|turn|7\n|\n|t:|1698414029\n|move|p2a: Kyogre|Blizzard|p1a: Dialga\n|-damage|p1a: Dialga|0 fnt\n|faint|p1a: Dialga\n|\n|upkeep\n|\n|t:|1698414046\n|switch|p1a: Iron Valiant|Iron Valiant|100\/100\n|-enditem|p1a: Iron Valiant|Booster Energy\n|-activate|p1a: Iron Valiant|ability: Quark Drive|[fromitem]\n|-start|p1a: Iron Valiant|quarkdrivespe\n|turn|8\n|\n|t:|1698414055\n|move|p1a: Iron Valiant|Close Combat|p2a: Kyogre\n|-damage|p2a: Kyogre|0 fnt\n|-unboost|p1a: Iron Valiant|def|1\n|-unboost|p1a: Iron Valiant|spd|1\n|faint|p2a: Kyogre\n|\n|upkeep\n|\n|t:|1698414070\n|switch|p2a: Groudon|Groudon|100\/100\n|-weather|SunnyDay|[from] ability: Drought|[of] p2a: Groudon\n|turn|9\n|\n|t:|1698414079\n|move|p1a: Iron Valiant|Swords Dance|p1a: Iron Valiant\n|-boost|p1a: Iron Valiant|atk|2\n|move|p2a: Groudon|Earth Power|p1a: Iron Valiant\n|-damage|p1a: Iron Valiant|10\/100\n|\n|-weather|SunnyDay|[upkeep]\n|upkeep\n|turn|10\n|\n|t:|1698414084\n|move|p1a: Iron Valiant|Close Combat|p2a: Groudon\n|-damage|p2a: Groudon|18\/100\n|-unboost|p1a: Iron Valiant|def|1\n|-unboost|p1a: Iron Valiant|spd|1\n|-enditem|p2a: Groudon|Aguav Berry|[eat]\n|-heal|p2a: Groudon|51\/100|[from] item: Aguav Berry\n|move|p2a: Groudon|Earth Power|p1a: Iron Valiant\n|-crit|p1a: Iron Valiant\n|-damage|p1a: Iron Valiant|0 fnt\n|faint|p1a: Iron Valiant\n|-end|p1a: Iron Valiant|Quark Drive|[silent]\n|\n|-weather|SunnyDay|[upkeep]\n|upkeep\n|\n|t:|1698414093\n|switch|p1a: Giratina|Giratina|100\/100\n|-ability|p1a: Giratina|Pressure\n|turn|11\n|\n|t:|1698414108\n|move|p2a: Groudon|Earth Power|p1a: Giratina\n|-crit|p1a: Giratina\n|-damage|p1a: Giratina|72\/100\n|move|p1a: Giratina|Will-O-Wisp|p2a: Groudon\n|-status|p2a: Groudon|brn\n|\n|-weather|SunnyDay|[upkeep]\n|-heal|p1a: Giratina|78\/100|[from] item: Leftovers\n|-damage|p2a: Groudon|45\/100 brn|[from] brn\n|upkeep\n|turn|12\n|\n|t:|1698414116\n|move|p2a: Groudon|Ancient Power|p1a: Giratina\n|-damage|p1a: Giratina|69\/100\n|-boost|p2a: Groudon|atk|1\n|-boost|p2a: Groudon|def|1\n|-boost|p2a: Groudon|spa|1\n|-boost|p2a: Groudon|spd|1\n|-boost|p2a: Groudon|spe|1\n|move|p1a: Giratina|Dragon Tail|p2a: Groudon\n|-damage|p2a: Groudon|36\/100 brn\n|drag|p2a: Koraidon|Koraidon|100\/100\n|-activate|p2a: Koraidon|ability: Orichalcum Pulse\n|\n|-weather|SunnyDay|[upkeep]\n|-heal|p1a: Giratina|76\/100|[from] item: Leftovers\n|upkeep\n|turn|13\n|\n|t:|1698414125\n|move|p2a: Koraidon|Collision Course|p1a: Giratina\n|-immune|p1a: Giratina\n|move|p1a: Giratina|Will-O-Wisp|p2a: Koraidon\n|-status|p2a: Koraidon|brn\n|\n|-weather|none\n|-heal|p1a: Giratina|82\/100|[from] item: Leftovers\n|-damage|p2a: Koraidon|94\/100 brn|[from] brn\n|upkeep\n|turn|14\n|\n|t:|1698414141\n|switch|p1a: Ogerpon|Ogerpon-Wellspring, F|100\/100\n|move|p2a: Koraidon|Drain Punch|p1a: Ogerpon\n|-damage|p1a: Ogerpon|76\/100\n|-heal|p2a: Koraidon|100\/100 brn|[from] drain|[of] p1a: Ogerpon\n|\n|-damage|p2a: Koraidon|94\/100 brn|[from] brn\n|upkeep\n|turn|15\n|\n|t:|1698414154\n|-terastallize|p2a: Koraidon|Dark\n|move|p1a: Ogerpon|Swords Dance|p1a: Ogerpon\n|-boost|p1a: Ogerpon|atk|2\n|move|p2a: Koraidon|Collision Course|p1a: Ogerpon\n|-damage|p1a: Ogerpon|46\/100\n|\n|-damage|p2a: Koraidon|88\/100 brn|[from] brn\n|upkeep\n|turn|16\n|\n|t:|1698414163\n|move|p1a: Ogerpon|Horn Leech|p2a: Koraidon\n|-damage|p2a: Koraidon|24\/100 brn\n|-heal|p1a: Ogerpon|85\/100|[from] drain|[of] p2a: Koraidon\n|-enditem|p2a: Koraidon|Aguav Berry|[eat]\n|-heal|p2a: Koraidon|57\/100 brn|[from] item: Aguav Berry\n|move|p2a: Koraidon|Collision Course|p1a: Ogerpon\n|-damage|p1a: Ogerpon|54\/100\n|\n|-damage|p2a: Koraidon|51\/100 brn|[from] brn\n|upkeep\n|turn|17\n|\n|t:|1698414180\n|move|p1a: Ogerpon|Horn Leech|p2a: Koraidon\n|-damage|p2a: Koraidon|0 fnt\n|-heal|p1a: Ogerpon|84\/100|[from] drain|[of] p2a: Koraidon\n|faint|p2a: Koraidon\n|\n|upkeep\n|\n|t:|1698414184\n|switch|p2a: Groudon|Groudon|36\/100 brn\n|-weather|SunnyDay|[from] ability: Drought|[of] p2a: Groudon\n|turn|18\n|\n|t:|1698414200\n|move|p1a: Ogerpon|Horn Leech|p2a: Groudon\n|-supereffective|p2a: Groudon\n|-damage|p2a: Groudon|0 fnt\n|-heal|p1a: Ogerpon|100\/100|[from] drain|[of] p2a: Groudon\n|faint|p2a: Groudon\n|\n|-weather|SunnyDay|[upkeep]\n|upkeep\n|\n|t:|1698414215\n|switch|p2a: Miraidon|Miraidon|100\/100\n|-fieldstart|move: Electric Terrain|[from] ability: Hadron Engine|[of] p2a: Miraidon\n|turn|19\n|\n|t:|1698414220\n|move|p1a: Ogerpon|Ivy Cudgel|p2a: Miraidon\n|-resisted|p2a: Miraidon\n|-damage|p2a: Miraidon|78\/100\n|move|p2a: Miraidon|Electro Drift|p1a: Ogerpon\n|-damage|p1a: Ogerpon|2\/100\n|\n|-weather|SunnyDay|[upkeep]\n|upkeep\n|turn|20\n|\n|t:|1698414227\n|move|p1a: Ogerpon|Horn Leech|p2a: Miraidon\n|-resisted|p2a: Miraidon\n|-damage|p2a: Miraidon|38\/100\n|-heal|p1a: Ogerpon|27\/100|[from] drain|[of] p2a: Miraidon\n|move|p2a: Miraidon|Charge Beam|p1a: Ogerpon\n|-damage|p1a: Ogerpon|0 fnt\n|-boost|p2a: Miraidon|spa|1\n|faint|p1a: Ogerpon\n|\n|-weather|SunnyDay|[upkeep]\n|upkeep\n|\n|t:|1698414232\n|switch|p1a: Basculin|Basculin-White-Striped, F, shiny|100\/100\n|turn|21\n|\n|t:|1698414239\n|-terastallize|p1a: Basculin|Ghost\n|move|p1a: Basculin|Last Respects|p2a: Miraidon\n|-damage|p2a: Miraidon|0 fnt\n|faint|p2a: Miraidon\n|\n|-weather|SunnyDay|[upkeep]\n|upkeep\n|\n|t:|1698414244\n|switch|p2a: Giratina|Giratina-Origin|100\/100\n|turn|22\n|\n|t:|1698414252\n|move|p1a: Basculin|Last Respects|p2a: Giratina\n|-supereffective|p2a: Giratina\n|-damage|p2a: Giratina|0 fnt\n|faint|p2a: Giratina\n|\n|-weather|none\n|upkeep\n|\n|t:|1698414259\n|switch|p2a: Rayquaza|Rayquaza|100\/100\n|-ability|p2a: Rayquaza|Air Lock\n|turn|23\n|\n|t:|1698414265\n|move|p1a: Basculin|Last Respects|p2a: Rayquaza\n|-damage|p2a: Rayquaza|0 fnt\n|faint|p2a: Rayquaza\n|\n|win|meisgroot1\n|raw|meisgroot1's rating: 1040 &rarr; <strong>1072<\/strong><br \/>(+32 for winning)\n|raw|cartoon cat 4455's rating: 1017 &rarr; <strong>1005<\/strong><br \/>(-12 for losing)\n|c|\u2606meisgroot1|gg\n","uploadtime":1698414271,"views":10,"p1id":"meisgroot1","p2id":"cartooncat4455","formatid":"gen9ubers","rating":1005,"private":0,"password":""}