{"id":"gen9ubers-1975344528","p1":"Dragon Master Rosa","p2":"Gladiator_Kraken","format":"[Gen 9] Ubers","log":"|j|\u2606Dragon Master Rosa\n|j|\u2606Gladiator_Kraken\n|t:|1698181707\n|gametype|singles\n|player|p1|Dragon Master Rosa|rosa|\n|player|p2|Gladiator_Kraken|rika|\n|teamsize|p1|6\n|teamsize|p2|6\n|gen|9\n|tier|[Gen 9] Ubers\n|rule|Sleep Clause Mod: Limit one foe put to sleep\n|rule|Species Clause: Limit one of each Pok\u00e9mon\n|rule|OHKO Clause: OHKO moves are banned\n|rule|Evasion Items Clause: Evasion items are banned\n|rule|Evasion Moves Clause: Evasion moves are banned\n|rule|Endless Battle Clause: Forcing endless battles is banned\n|rule|HP Percentage Mod: HP is shown in percentages\n|clearpoke\n|poke|p1|Toxtricity, M|\n|poke|p1|Weezing-Galar, M|\n|poke|p1|Greninja-*, M|\n|poke|p1|Zoroark-Hisui, M|\n|poke|p1|Landorus-Therian, M|\n|poke|p1|Blissey, F|\n|poke|p2|Garchomp, M|\n|poke|p2|Grimmsnarl, M|\n|poke|p2|Enamorus, F|\n|poke|p2|Darkrai|\n|poke|p2|Zoroark-Hisui, M|\n|poke|p2|Lucario, M|\n|teampreview\n|c|\u2606Gladiator_Kraken|the runback\n|c|\u2606Gladiator_Kraken|glhf\n|c|\u2606Dragon Master Rosa|glhf\n|\n|t:|1698181781\n|start\n|switch|p1a: Weezing|Weezing-Galar, M|100\/100\n|switch|p2a: DVD Screensaver|Grimmsnarl, M|100\/100\n|turn|1\n|\n|t:|1698181787\n|move|p2a: DVD Screensaver|Parting Shot|p1a: Weezing\n|-unboost|p1a: Weezing|atk|1\n|-unboost|p1a: Weezing|spa|1\n|\n|t:|1698181789\n|switch|p2a: Furry|Lucario, M|100\/100|[from] Parting Shot\n|move|p1a: Weezing|Toxic|p2a: Furry\n|-immune|p2a: Furry\n|\n|upkeep\n|turn|2\n|\n|t:|1698181805\n|switch|p2a: Woman|Enamorus, F|100\/100\n|switch|p1a: Landorus|Landorus-Therian, M|100\/100\n|-ability|p1a: Landorus|Intimidate|boost\n|-boost|p2a: Woman|atk|1\n|\n|upkeep\n|turn|3\n|\n|t:|1698181817\n|move|p2a: Woman|Substitute|p2a: Woman\n|-start|p2a: Woman|Substitute\n|-damage|p2a: Woman|76\/100\n|move|p1a: Landorus|Nasty Plot|p1a: Landorus\n|-boost|p1a: Landorus|spa|2\n|\n|-heal|p2a: Woman|82\/100|[from] item: Leftovers\n|upkeep\n|turn|4\n|\n|t:|1698181825\n|move|p2a: Woman|Fly||[still]\n|-prepare|p2a: Woman|Fly\n|move|p1a: Landorus|Psychic|p2a: Woman|[miss]\n|-miss|p1a: Landorus|p2a: Woman\n|\n|-heal|p2a: Woman|88\/100|[from] item: Leftovers\n|upkeep\n|turn|5\n|\n|t:|1698181833\n|move|p2a: Woman|Fly|p1a: Landorus|[from]lockedmove\n|-damage|p1a: Landorus|25\/100\n|move|p1a: Landorus|Psychic|p2a: Woman\n|-end|p2a: Woman|Substitute\n|\n|-heal|p2a: Woman|94\/100|[from] item: Leftovers\n|-heal|p1a: Landorus|31\/100|[from] item: Leftovers\n|upkeep\n|turn|6\n|\n|t:|1698181843\n|switch|p1a: Greninja|Greninja, M|100\/100\n|move|p2a: Woman|Superpower|p1a: Greninja\n|-immune|p1a: Greninja\n|\n|-heal|p2a: Woman|100\/100|[from] item: Leftovers\n|upkeep\n|turn|7\n|\n|t:|1698181866\n|switch|p2a: DVD Screensaver|Grimmsnarl, M|100\/100\n|move|p1a: Greninja|Body Slam|p2a: DVD Screensaver\n|-immune|p2a: DVD Screensaver\n|\n|upkeep\n|turn|8\n|\n|t:|1698181874\n|move|p1a: Greninja|U-turn|p2a: DVD Screensaver\n|-resisted|p2a: DVD Screensaver\n|-damage|p2a: DVD Screensaver|78\/100\n|replace|p2a: Furry 2|Zoroark-Hisui, M\n|-end|p2a: Furry 2|Illusion\n|\n|t:|1698181890\n|switch|p1a: Toxtricity|Toxtricity, M|100\/100|[from] U-turn\n|move|p2a: Furry 2|Knock Off|p1a: Toxtricity\n|-damage|p1a: Toxtricity|54\/100\n|-enditem|p1a: Toxtricity|Focus Sash|[from] move: Knock Off|[of] p2a: Furry 2\n|\n|upkeep\n|turn|9\n|\n|t:|1698181896\n|move|p2a: Furry 2|Poltergeist||[still]\n|-fail|p2a: Furry 2\n|move|p1a: Toxtricity|Thief|p2a: Furry 2\n|-supereffective|p2a: Furry 2\n|-damage|p2a: Furry 2|0 fnt\n|-enditem|p2a: Furry 2|Heavy-Duty Boots|[silent]|[from] move: Thief|[of] p1a: Toxtricity\n|-item|p1a: Toxtricity|Heavy-Duty Boots|[from] move: Thief|[of] p2a: Furry 2\n|faint|p2a: Furry 2\n|\n|upkeep\n|c|\u2606Dragon Master Rosa|yeah\n|c|\u2606Gladiator_Kraken|i am very stupid\n|c|\u2606Gladiator_Kraken|i forgot poltergeist did that\n|c|\u2606Dragon Master Rosa|nah it's a pretty common mistake\n|c|\u2606Dragon Master Rosa|just gotta be carful\n|c|\u2606Dragon Master Rosa|careful\n|c|\u2606Dragon Master Rosa|full of cars\n|\n|t:|1698181934\n|switch|p2a: Jarchomp|Garchomp, M|100\/100\n|turn|10\n|\n|t:|1698181943\n|switch|p1a: Blissey|Blissey, F|100\/100\n|move|p2a: Jarchomp|Stealth Rock|p1a: Blissey\n|-sidestart|p1: Dragon Master Rosa|move: Stealth Rock\n|\n|upkeep\n|turn|11\n|\n|t:|1698181967\n|switch|p2a: DVD Screensaver|Grimmsnarl, M|100\/100\n|move|p1a: Blissey|Stealth Rock|p2a: DVD Screensaver\n|-sidestart|p2: Gladiator_Kraken|move: Stealth Rock\n|\n|upkeep\n|turn|12\n|\n|t:|1698181972\n|move|p2a: DVD Screensaver|Light Screen|p2a: DVD Screensaver\n|-sidestart|p2: Gladiator_Kraken|move: Light Screen\n|move|p1a: Blissey|Thunder Wave|p2a: DVD Screensaver\n|-status|p2a: DVD Screensaver|par\n|\n|upkeep\n|turn|13\n|\n|t:|1698181980\n|switch|p1a: Toxtricity|Toxtricity, M|54\/100\n|move|p2a: DVD Screensaver|Reflect|p2a: DVD Screensaver\n|-sidestart|p2: Gladiator_Kraken|Reflect\n|\n|upkeep\n|turn|14\n|\n|t:|1698181987\n|move|p2a: DVD Screensaver|Parting Shot|p1a: Toxtricity\n|-unboost|p1a: Toxtricity|atk|1\n|-unboost|p1a: Toxtricity|spa|1\n|\n|t:|1698181998\n|switch|p2a: Woman|Enamorus, F|100\/100|[from] Parting Shot\n|-damage|p2a: Woman|76\/100|[from] Stealth Rock\n|move|p1a: Toxtricity|Shift Gear|p1a: Toxtricity\n|-boost|p1a: Toxtricity|spe|2\n|-boost|p1a: Toxtricity|atk|1\n|\n|-heal|p2a: Woman|82\/100|[from] item: Leftovers\n|upkeep\n|turn|15\n|\n|t:|1698182006\n|-terastallize|p2a: Woman|Fire\n|move|p1a: Toxtricity|Shift Gear|p1a: Toxtricity\n|-boost|p1a: Toxtricity|spe|2\n|-boost|p1a: Toxtricity|atk|1\n|move|p2a: Woman|Substitute|p2a: Woman\n|-start|p2a: Woman|Substitute\n|-damage|p2a: Woman|57\/100\n|\n|-heal|p2a: Woman|63\/100|[from] item: Leftovers\n|upkeep\n|turn|16\n|\n|t:|1698182016\n|move|p1a: Toxtricity|Thief|p2a: Woman\n|-crit|p2a: Woman\n|-end|p2a: Woman|Substitute\n|move|p2a: Woman|Superpower|p1a: Toxtricity\n|-resisted|p1a: Toxtricity\n|-damage|p1a: Toxtricity|25\/100\n|-boost|p2a: Woman|atk|1\n|-boost|p2a: Woman|def|1\n|\n|-heal|p2a: Woman|69\/100|[from] item: Leftovers\n|upkeep\n|turn|17\n|\n|t:|1698182022\n|move|p1a: Toxtricity|Encore|p2a: Woman\n|-start|p2a: Woman|Encore\n|move|p2a: Woman|Superpower|p1a: Toxtricity\n|-resisted|p1a: Toxtricity\n|-damage|p1a: Toxtricity|0 fnt\n|-boost|p2a: Woman|atk|1\n|-boost|p2a: Woman|def|1\n|faint|p1a: Toxtricity\n|\n|-heal|p2a: Woman|76\/100|[from] item: Leftovers\n|upkeep\n|\n|t:|1698182024\n|switch|p1a: Greninja|Greninja, M|100\/100\n|turn|18\n|\n|t:|1698182034\n|switch|p2a: Jarchomp|Garchomp, M|100\/100\n|-damage|p2a: Jarchomp|94\/100|[from] Stealth Rock\n|move|p1a: Greninja|Swords Dance|p1a: Greninja\n|-boost|p1a: Greninja|atk|2\n|\n|upkeep\n|turn|19\n|\n|t:|1698182044\n|move|p1a: Greninja|Swords Dance|p1a: Greninja\n|-boost|p1a: Greninja|atk|2\n|move|p2a: Jarchomp|Earth Power|p1a: Greninja\n|-damage|p1a: Greninja|32\/100\n|replace|p1a: Zoroark|Zoroark-Hisui, M\n|-end|p1a: Zoroark|Illusion\n|\n|-sideend|p2: Gladiator_Kraken|move: Light Screen\n|upkeep\n|turn|20\n|\n|t:|1698182051\n|move|p1a: Zoroark|Poltergeist|p2a: Jarchomp\n|-activate|p2a: Jarchomp|move: Poltergeist|Focus Sash\n|-damage|p2a: Jarchomp|20\/100\n|move|p2a: Jarchomp|Earth Power|p1a: Zoroark\n|-damage|p1a: Zoroark|0 fnt\n|faint|p1a: Zoroark\n|\n|-sideend|p2: Gladiator_Kraken|Reflect\n|upkeep\n|\n|t:|1698182061\n|switch|p1a: Blissey|Blissey, F|100\/100\n|turn|21\n|\n|t:|1698182066\n|move|p2a: Jarchomp|Spikes|p1a: Blissey\n|-sidestart|p1: Dragon Master Rosa|Spikes\n|move|p1a: Blissey|Seismic Toss|p2a: Jarchomp\n|-damage|p2a: Jarchomp|0 fnt\n|-damage|p1a: Blissey|88\/100|[from] ability: Rough Skin|[of] p2a: Jarchomp\n|faint|p2a: Jarchomp\n|\n|upkeep\n|\n|t:|1698182074\n|switch|p2a: Woman|Enamorus, F, tera:Fire|76\/100\n|-damage|p2a: Woman|51\/100|[from] Stealth Rock\n|turn|22\n|\n|t:|1698182085\n|-terastallize|p1a: Blissey|Ghost\n|move|p2a: Woman|Substitute|p2a: Woman\n|-start|p2a: Woman|Substitute\n|-damage|p2a: Woman|26\/100\n|move|p1a: Blissey|Seismic Toss|p2a: Woman\n|-end|p2a: Woman|Substitute\n|\n|-heal|p2a: Woman|32\/100|[from] item: Leftovers\n|upkeep\n|turn|23\n|\n|t:|1698182090\n|move|p2a: Woman|Fly||[still]\n|-prepare|p2a: Woman|Fly\n|move|p1a: Blissey|Seismic Toss|p2a: Woman|[miss]\n|-miss|p1a: Blissey|p2a: Woman\n|\n|-heal|p2a: Woman|38\/100|[from] item: Leftovers\n|upkeep\n|turn|24\n|\n|t:|1698182098\n|move|p2a: Woman|Fly|p1a: Blissey|[from]lockedmove\n|-damage|p1a: Blissey|52\/100\n|move|p1a: Blissey|Seismic Toss|p2a: Woman\n|-damage|p2a: Woman|4\/100\n|\n|-heal|p2a: Woman|10\/100|[from] item: Leftovers\n|upkeep\n|turn|25\n|\n|t:|1698182105\n|move|p2a: Woman|Fly||[still]\n|-prepare|p2a: Woman|Fly\n|move|p1a: Blissey|Soft-Boiled|p1a: Blissey\n|-heal|p1a: Blissey|100\/100\n|\n|-heal|p2a: Woman|16\/100|[from] item: Leftovers\n|upkeep\n|turn|26\n|\n|t:|1698182112\n|move|p2a: Woman|Fly|p1a: Blissey|[from]lockedmove\n|-damage|p1a: Blissey|60\/100\n|move|p1a: Blissey|Seismic Toss|p2a: Woman\n|-damage|p2a: Woman|0 fnt\n|faint|p2a: Woman\n|\n|upkeep\n|\n|t:|1698182118\n|switch|p2a: Nathan|Darkrai|100\/100\n|-damage|p2a: Nathan|88\/100|[from] Stealth Rock\n|turn|27\n|\n|t:|1698182122\n|switch|p1a: Landorus|Landorus-Therian, M|31\/100\n|-damage|p1a: Landorus|19\/100|[from] Stealth Rock\n|-ability|p1a: Landorus|Intimidate|boost\n|-unboost|p2a: Nathan|atk|1\n|move|p2a: Nathan|Knock Off|p1a: Landorus\n|-damage|p1a: Landorus|0 fnt\n|-enditem|p1a: Landorus|Leftovers|[from] move: Knock Off|[of] p2a: Nathan\n|faint|p1a: Landorus\n|-damage|p2a: Nathan|78\/100|[from] item: Life Orb\n|\n|upkeep\n|\n|t:|1698182136\n|switch|p1a: Greninja|Greninja, M|100\/100\n|-damage|p1a: Greninja|88\/100|[from] Stealth Rock\n|-damage|p1a: Greninja|76\/100|[from] Spikes\n|turn|28\n|\n|t:|1698182139\n|move|p2a: Nathan|Drain Punch|p1a: Greninja\n|-supereffective|p1a: Greninja\n|-damage|p1a: Greninja|16\/100\n|-heal|p2a: Nathan|100\/100|[from] drain|[of] p1a: Greninja\n|-damage|p2a: Nathan|91\/100|[from] item: Life Orb\n|move|p1a: Greninja|U-turn|p2a: Nathan\n|-start|p1a: Greninja|typechange|Bug|[from] ability: Protean\n|-supereffective|p2a: Nathan\n|-damage|p2a: Nathan|0 fnt\n|faint|p2a: Nathan\n|\n|t:|1698182142\n|switch|p1a: Weezing|Weezing-Galar, M|100\/100|[from] U-turn\n|-damage|p1a: Weezing|88\/100|[from] Stealth Rock\n|\n|-heal|p1a: Weezing|94\/100|[from] item: Leftovers\n|upkeep\n|\n|t:|1698182151\n|switch|p2a: Furry|Lucario, M|100\/100\n|-damage|p2a: Furry|98\/100|[from] Stealth Rock\n|turn|29\n|\n|t:|1698182155\n|move|p2a: Furry|Swords Dance|p2a: Furry\n|-boost|p2a: Furry|atk|2\n|move|p1a: Weezing|Defog|p2a: Furry\n|-unboost|p2a: Furry|evasion|1\n|-sideend|p2: Gladiator_Kraken|Stealth Rock|[from] move: Defog|[of] p1a: Weezing\n|-sideend|p1: Dragon Master Rosa|Spikes|[from] move: Defog|[of] p1a: Weezing\n|-sideend|p1: Dragon Master Rosa|Stealth Rock|[from] move: Defog|[of] p1a: Weezing\n|\n|-heal|p1a: Weezing|99\/100|[from] item: Leftovers\n|upkeep\n|turn|30\n|\n|t:|1698182161\n|move|p2a: Furry|Meteor Mash|p1a: Weezing\n|-supereffective|p1a: Weezing\n|-damage|p1a: Weezing|0 fnt\n|faint|p1a: Weezing\n|-damage|p2a: Furry|88\/100|[from] item: Life Orb\n|\n|upkeep\n|\n|t:|1698182165\n|switch|p1a: Greninja|Greninja, M|16\/100\n|turn|31\n|\n|t:|1698182168\n|move|p2a: Furry|Extreme Speed|p1a: Greninja\n|-damage|p1a: Greninja|0 fnt\n|faint|p1a: Greninja\n|-damage|p2a: Furry|78\/100|[from] item: Life Orb\n|\n|upkeep\n|\n|t:|1698182170\n|switch|p1a: Blissey|Blissey, F, tera:Ghost|60\/100\n|turn|32\n|\n|t:|1698182173\n|move|p2a: Furry|Meteor Mash|p1a: Blissey\n|-damage|p1a: Blissey|0 fnt\n|faint|p1a: Blissey\n|-damage|p2a: Furry|68\/100|[from] item: Life Orb\n|\n|win|Gladiator_Kraken\n|c|\u2606Dragon Master Rosa|ggwp\n|c|\u2606Gladiator_Kraken|ggwp\n|l|\u2606Gladiator_Kraken\n","uploadtime":1698182186,"views":10,"p1id":"dragonmasterrosa","p2id":"gladiatorkraken","formatid":"gen9ubers","rating":0,"private":0,"password":""}