{"id":"gen9ubers-1991457031","p1":"TheKingoftheCucks","p2":"Seath511","format":"[Gen 9] Ubers","log":"|j|\u2606TheKingoftheCucks\n|j|\u2606Seath511\n|t:|1700078731\n|gametype|singles\n|player|p1|TheKingoftheCucks|169|\n|player|p2|Seath511|102|\n|teamsize|p1|6\n|teamsize|p2|6\n|gen|9\n|tier|[Gen 9] Ubers\n|rule|Sleep Clause Mod: Limit one foe put to sleep\n|rule|Species Clause: Limit one of each Pok\u00e9mon\n|rule|OHKO Clause: OHKO moves are banned\n|rule|Evasion Items Clause: Evasion items are banned\n|rule|Evasion Moves Clause: Evasion moves are banned\n|rule|Endless Battle Clause: Forcing endless battles is banned\n|rule|HP Percentage Mod: HP is shown in percentages\n|clearpoke\n|poke|p1|Annihilape, M|\n|poke|p1|Jumpluff, M|\n|poke|p1|Sandslash-Alola, F|\n|poke|p1|Qwilfish, F|\n|poke|p1|Baxcalibur, M|\n|poke|p1|Abomasnow, F|\n|poke|p2|Gholdengo|\n|poke|p2|Tyranitar, M|\n|poke|p2|Quaquaval, M|\n|poke|p2|Iron Treads|\n|poke|p2|Ting-Lu|\n|poke|p2|Lycanroc, M|\n|teampreview\n|\n|t:|1700078775\n|start\n|switch|p1a: Qwilfish|Qwilfish, F|100\/100\n|switch|p2a: Rhingus|Tyranitar, M|100\/100\n|-ability|p1a: Qwilfish|Intimidate|boost\n|-unboost|p2a: Rhingus|atk|1\n|-weather|Sandstorm|[from] ability: Sand Stream|[of] p2a: Rhingus\n|turn|1\n|j| kadomatsu\n|j| Apezilla\n|\n|t:|1700078823\n|move|p1a: Qwilfish|Taunt|p2a: Rhingus\n|-start|p2a: Rhingus|move: Taunt\n|cant|p2a: Rhingus|move: Taunt|Stealth Rock\n|\n|-weather|Sandstorm|[upkeep]\n|-damage|p1a: Qwilfish|95\/100|[from] Sandstorm\n|upkeep\n|turn|2\n|c| kadomatsu|good looks\n|c| Apezilla|shiny hooks\n|\n|t:|1700078856\n|move|p1a: Qwilfish|Spikes|p2a: Rhingus\n|-sidestart|p2: Seath511|Spikes\n|move|p2a: Rhingus|Earthquake|p1a: Qwilfish\n|-supereffective|p1a: Qwilfish\n|-damage|p1a: Qwilfish|34\/100\n|\n|-weather|Sandstorm|[upkeep]\n|-damage|p1a: Qwilfish|28\/100|[from] Sandstorm\n|upkeep\n|turn|3\n|\n|t:|1700078867\n|move|p1a: Qwilfish|Flip Turn|p2a: Rhingus\n|-supereffective|p2a: Rhingus\n|-damage|p2a: Rhingus|70\/100\n|\n|t:|1700078871\n|switch|p1a: Annihilape|Annihilape, M|100\/100|[from] Flip Turn\n|move|p2a: Rhingus|Earthquake|p1a: Annihilape\n|-damage|p1a: Annihilape|76\/100\n|\n|-weather|Sandstorm|[upkeep]\n|-damage|p1a: Annihilape|70\/100|[from] Sandstorm\n|-heal|p1a: Annihilape|76\/100|[from] item: Leftovers\n|-heal|p2a: Rhingus|76\/100|[from] item: Leftovers\n|-end|p2a: Rhingus|move: Taunt\n|upkeep\n|turn|4\n|\n|t:|1700078890\n|switch|p2a: Dhingus|Gholdengo|100\/100\n|-damage|p2a: Dhingus|88\/100|[from] Spikes\n|move|p1a: Annihilape|Substitute|p1a: Annihilape\n|-start|p1a: Annihilape|Substitute\n|-damage|p1a: Annihilape|51\/100\n|\n|-weather|Sandstorm|[upkeep]\n|-damage|p1a: Annihilape|45\/100|[from] Sandstorm\n|-heal|p1a: Annihilape|51\/100|[from] item: Leftovers\n|upkeep\n|turn|5\n|\n|t:|1700078908\n|move|p2a: Dhingus|Shadow Ball|p1a: Annihilape\n|-supereffective|p1a: Annihilape\n|-end|p1a: Annihilape|Substitute\n|move|p1a: Annihilape|Rage Fist|p2a: Dhingus\n|-supereffective|p2a: Dhingus\n|-damage|p2a: Dhingus|0 fnt\n|faint|p2a: Dhingus\n|\n|-weather|none\n|-heal|p1a: Annihilape|57\/100|[from] item: Leftovers\n|upkeep\n|\n|t:|1700078926\n|switch|p2a: Cheemgus|Lycanroc, M|100\/100\n|-damage|p2a: Cheemgus|88\/100|[from] Spikes\n|turn|6\n|c| Apezilla|gholdhedgo\n|\n|t:|1700078932\n|-terastallize|p2a: Cheemgus|Fighting\n|move|p2a: Cheemgus|Psychic Fangs|p1a: Annihilape\n|-supereffective|p1a: Annihilape\n|-damage|p1a: Annihilape|0 fnt\n|faint|p1a: Annihilape\n|-damage|p2a: Cheemgus|78\/100|[from] item: Life Orb\n|\n|upkeep\n|c|\u2606Seath511|!data rage fist\n|raw|<ul class=\"utilichart\"><li class=\"result\"><span class=\"col movenamecol\"><a href=\"https:\/\/dex.pokemonshowdown.com\/moves\/ragefist\">Rage Fist<\/a><\/span> <span class=\"col typecol\"><img src=\"\/\/play.pokemonshowdown.com\/sprites\/types\/Ghost.png\" alt=\"Ghost\" width=\"32\" height=\"14\"><img src=\"\/\/play.pokemonshowdown.com\/sprites\/categories\/Physical.png\" alt=\"Physical\" width=\"32\" height=\"14\"><\/span> <span class=\"col labelcol\"><em>Power<\/em><br>50<\/span> <span class=\"col widelabelcol\"><em>Accuracy<\/em><br>100%<\/span> <span class=\"col pplabelcol\"><em>PP<\/em><br>16<\/span> <span class=\"col movedesccol\">+50 power for each time user was hit. Max 6 hits.<\/span> <\/li><li style=\"clear:both\"><\/li><\/ul>\n\n|\n|t:|1700078982\n|switch|p1a: Abomasnow|Abomasnow, F|100\/100\n|-weather|Snow|[from] ability: Snow Warning|[of] p1a: Abomasnow\n|turn|7\n|\n|t:|1700079122\n|-terastallize|p1a: Abomasnow|Water\n|move|p2a: Cheemgus|Close Combat|p1a: Abomasnow\n|-damage|p1a: Abomasnow|18\/100\n|-unboost|p2a: Cheemgus|def|1\n|-unboost|p2a: Cheemgus|spd|1\n|-damage|p2a: Cheemgus|68\/100|[from] item: Life Orb\n|move|p1a: Abomasnow|Earth Power|p2a: Cheemgus\n|-damage|p2a: Cheemgus|18\/100\n|\n|-weather|Snow|[upkeep]\n|upkeep\n|turn|8\n|inactive|Battle timer is ON: inactive players will automatically lose when time's up. (requested by TheKingoftheCucks)\n|inactive|TheKingoftheCucks has 270 seconds left.\n|inactive|Seath511 has 270 seconds left.\n|\n|t:|1700079158\n|switch|p1a: Qwilfish|Qwilfish, F|28\/100\n|-ability|p1a: Qwilfish|Intimidate|boost\n|-unboost|p2a: Cheemgus|atk|1\n|move|p2a: Cheemgus|Close Combat|p1a: Qwilfish\n|-resisted|p1a: Qwilfish\n|-damage|p1a: Qwilfish|0 fnt\n|-unboost|p2a: Cheemgus|def|1\n|-unboost|p2a: Cheemgus|spd|1\n|-damage|p2a: Cheemgus|2\/100|[from] item: Rocky Helmet|[of] p1a: Qwilfish\n|faint|p1a: Qwilfish\n|-damage|p2a: Cheemgus|0 fnt|[from] item: Life Orb\n|faint|p2a: Cheemgus\n|\n|-weather|Snow|[upkeep]\n|upkeep\n|\n|t:|1700079185\n|switch|p2a: Rhingus|Tyranitar, M|76\/100\n|switch|p1a: Jumpluff|Jumpluff, M|100\/100\n|-damage|p2a: Rhingus|64\/100|[from] Spikes\n|-weather|Sandstorm|[from] ability: Sand Stream|[of] p2a: Rhingus\n|turn|9\n|\n|t:|1700079197\n|move|p1a: Jumpluff|Sleep Powder|p2a: Rhingus|[miss]\n|-miss|p1a: Jumpluff|p2a: Rhingus\n|move|p2a: Rhingus|Stone Edge|p1a: Jumpluff\n|-supereffective|p1a: Jumpluff\n|-enditem|p1a: Jumpluff|Focus Sash\n|-damage|p1a: Jumpluff|1\/100\n|\n|-weather|Sandstorm|[upkeep]\n|-damage|p1a: Jumpluff|0 fnt|[from] Sandstorm\n|faint|p1a: Jumpluff\n|-heal|p2a: Rhingus|70\/100|[from] item: Leftovers\n|upkeep\n|\n|t:|1700079209\n|switch|p1a: Abomasnow|Abomasnow, F, tera:Water|18\/100\n|-weather|Snow|[from] ability: Snow Warning|[of] p1a: Abomasnow\n|turn|10\n|inactive|Seath511 has 270 seconds left.\n|\n|t:|1700079243\n|move|p1a: Abomasnow|Aurora Veil|p1a: Abomasnow\n|-sidestart|p1: TheKingoftheCucks|move: Aurora Veil\n|move|p2a: Rhingus|Earthquake|p1a: Abomasnow\n|-damage|p1a: Abomasnow|0 fnt\n|faint|p1a: Abomasnow\n|\n|-weather|Snow|[upkeep]\n|-heal|p2a: Rhingus|76\/100|[from] item: Leftovers\n|upkeep\n|\n|t:|1700079251\n|switch|p1a: Baxcalibur|Baxcalibur, M|100\/100\n|turn|11\n|inactive|Seath511 has 270 seconds left.\n|\n|t:|1700079283\n|switch|p2a: Charles|Ting-Lu|100\/100\n|-damage|p2a: Charles|88\/100|[from] Spikes\n|-ability|p2a: Charles|Vessel of Ruin\n|move|p1a: Baxcalibur|Dragon Dance|p1a: Baxcalibur\n|-boost|p1a: Baxcalibur|atk|1\n|-boost|p1a: Baxcalibur|spe|1\n|\n|-weather|Snow|[upkeep]\n|-heal|p2a: Charles|94\/100|[from] item: Leftovers\n|upkeep\n|turn|12\n|\n|t:|1700079302\n|move|p1a: Baxcalibur|Icicle Spear|p2a: Charles\n|-supereffective|p2a: Charles\n|-damage|p2a: Charles|73\/100\n|-supereffective|p2a: Charles\n|-damage|p2a: Charles|55\/100\n|-supereffective|p2a: Charles\n|-damage|p2a: Charles|36\/100\n|-supereffective|p2a: Charles\n|-damage|p2a: Charles|15\/100\n|-hitcount|p2a: Charles|4\n|move|p2a: Charles|Whirlwind|p1a: Baxcalibur\n|drag|p1a: Sandslash|Sandslash-Alola, F|100\/100\n|\n|-weather|Snow|[upkeep]\n|-heal|p2a: Charles|21\/100|[from] item: Leftovers\n|upkeep\n|turn|13\n|inactive|TheKingoftheCucks has 270 seconds left.\n|\n|t:|1700079327\n|switch|p2a: Bhingus|Quaquaval, M|100\/100\n|-damage|p2a: Bhingus|88\/100|[from] Spikes\n|move|p1a: Sandslash|Earthquake|p2a: Bhingus\n|-damage|p2a: Bhingus|46\/100\n|\n|-weather|Snow|[upkeep]\n|upkeep\n|turn|14\n|c| kadomatsu|holy\n|inactive|TheKingoftheCucks has 270 seconds left.\n|c| Apezilla|get slashed\n|\n|t:|1700079363\n|move|p1a: Sandslash|Earthquake|p2a: Bhingus\n|-damage|p2a: Bhingus|1\/100\n|move|p2a: Bhingus|Brick Break|p1a: Sandslash\n|-sideend|p1: TheKingoftheCucks|move: Aurora Veil\n|-supereffective|p1a: Sandslash\n|-damage|p1a: Sandslash|0 fnt\n|faint|p1a: Sandslash\n|-ability|p2a: Bhingus|Moxie|boost\n|-boost|p2a: Bhingus|atk|1\n|\n|-weather|none\n|upkeep\n|c| Apezilla|aint no way\n|\n|t:|1700079371\n|switch|p1a: Baxcalibur|Baxcalibur, M|100\/100\n|turn|15\n|inactive|TheKingoftheCucks has 240 seconds left.\n|inactive|Seath511 has 240 seconds left.\n|\n|t:|1700079394\n|move|p2a: Bhingus|Brick Break|p1a: Baxcalibur\n|-supereffective|p1a: Baxcalibur\n|-damage|p1a: Baxcalibur|0 fnt\n|faint|p1a: Baxcalibur\n|\n|win|Seath511\n|c| Apezilla|Time for the adaptation\n|c| kadomatsu|upload\n|c| kadomatsu|and share\n|l|\u2606TheKingoftheCucks\n","uploadtime":1700079412,"views":17,"p1id":"thekingofthecucks","p2id":"seath511","formatid":"gen9ubers","rating":0,"private":0,"password":""}