{"id":"gen9ubers-1989801249","p1":"RyRy01","p2":"Spanky069","format":"[Gen 9] Ubers","log":"|j|\u2606RyRy01\n|j|\u2606Spanky069\n|t:|1699896881\n|gametype|singles\n|player|p1|RyRy01|cyrus|1108\n|player|p2|Spanky069|saturn|1155\n|teamsize|p1|6\n|teamsize|p2|6\n|gen|9\n|tier|[Gen 9] Ubers\n|rated|\n|rule|Sleep Clause Mod: Limit one foe put to sleep\n|rule|Species Clause: Limit one of each Pok\u00e9mon\n|rule|OHKO Clause: OHKO moves are banned\n|rule|Evasion Items Clause: Evasion items are banned\n|rule|Evasion Moves Clause: Evasion moves are banned\n|rule|Endless Battle Clause: Forcing endless battles is banned\n|rule|HP Percentage Mod: HP is shown in percentages\n|clearpoke\n|poke|p1|Hatterene, F|\n|poke|p1|Ninetales-Alola, M|\n|poke|p1|Kingambit, M|\n|poke|p1|Baxcalibur, F|\n|poke|p1|Calyrex-Ice|\n|poke|p1|Ribombee, F|\n|poke|p2|Glimmora, F|\n|poke|p2|Zacian-*|\n|poke|p2|Arceus-Fairy|\n|poke|p2|Mewtwo|\n|poke|p2|Kyogre|\n|poke|p2|Rayquaza|\n|teampreview\n|inactive|Battle timer is ON: inactive players will automatically lose when time's up. (requested by Spanky069)\n|\n|t:|1699896899\n|start\n|switch|p1a: bzzz|Ribombee, F, shiny|100\/100\n|switch|p2a: Glimmora|Glimmora, F, shiny|100\/100\n|turn|1\n|\n|t:|1699896905\n|switch|p1a: Hatterene|Hatterene, F|100\/100\n|move|p2a: Glimmora|Sludge Wave|p1a: Hatterene\n|-supereffective|p1a: Hatterene\n|-damage|p1a: Hatterene|0 fnt\n|faint|p1a: Hatterene\n|\n|upkeep\n|inactive|RyRy01 has 120 seconds left.\n|\n|t:|1699896935\n|switch|p1a: bzzz|Ribombee, F, shiny|100\/100\n|turn|2\n|j| xplord21\n|l| xplord21\n|inactive|RyRy01 has 120 seconds left.\n|\n|t:|1699896950\n|move|p1a: bzzz|Sticky Web|p2a: Glimmora\n|-sidestart|p2: Spanky069|move: Sticky Web\n|move|p2a: Glimmora|Sludge Wave|p1a: bzzz\n|-supereffective|p1a: bzzz\n|-enditem|p1a: bzzz|Focus Sash\n|-damage|p1a: bzzz|1\/100\n|\n|upkeep\n|turn|3\n|\n|t:|1699896958\n|move|p1a: bzzz|Tailwind|p1a: bzzz\n|-sidestart|p1: RyRy01|move: Tailwind\n|move|p2a: Glimmora|Mortal Spin|p1a: bzzz\n|-supereffective|p1a: bzzz\n|-damage|p1a: bzzz|0 fnt\n|-sideend|p2: Spanky069|Sticky Web|[from] move: Mortal Spin|[of] p2a: Glimmora\n|faint|p1a: bzzz\n|\n|upkeep\n|\n|t:|1699896965\n|switch|p1a: Ninetales|Ninetales-Alola, M|100\/100\n|-weather|Snow|[from] ability: Snow Warning|[of] p1a: Ninetales\n|turn|4\n|\n|t:|1699896971\n|move|p1a: Ninetales|Aurora Veil|p1a: Ninetales\n|-sidestart|p1: RyRy01|move: Aurora Veil\n|move|p2a: Glimmora|Stealth Rock|p1a: Ninetales\n|-sidestart|p1: RyRy01|move: Stealth Rock\n|\n|-weather|Snow|[upkeep]\n|upkeep\n|turn|5\n|\n|t:|1699896980\n|switch|p1a: Baxcalibur|Baxcalibur, F|100\/100\n|-damage|p1a: Baxcalibur|76\/100|[from] Stealth Rock\n|move|p2a: Glimmora|Sludge Wave|p1a: Baxcalibur\n|-damage|p1a: Baxcalibur|51\/100\n|\n|-weather|Snow|[upkeep]\n|upkeep\n|turn|6\n|\n|t:|1699896992\n|move|p1a: Baxcalibur|Dragon Dance|p1a: Baxcalibur\n|-boost|p1a: Baxcalibur|atk|1\n|-boost|p1a: Baxcalibur|spe|1\n|move|p2a: Glimmora|Sludge Wave|p1a: Baxcalibur\n|-damage|p1a: Baxcalibur|27\/100\n|\n|-weather|Snow|[upkeep]\n|-sideend|p1: RyRy01|move: Tailwind\n|upkeep\n|turn|7\n|\n|t:|1699897004\n|move|p1a: Baxcalibur|Dragon Dance|p1a: Baxcalibur\n|-boost|p1a: Baxcalibur|atk|1\n|-boost|p1a: Baxcalibur|spe|1\n|move|p2a: Glimmora|Sludge Wave|p1a: Baxcalibur\n|-damage|p1a: Baxcalibur|3\/100\n|\n|-weather|Snow|[upkeep]\n|upkeep\n|turn|8\n|\n|t:|1699897011\n|move|p1a: Baxcalibur|Icicle Spear|p2a: Glimmora\n|-damage|p2a: Glimmora|60\/100\n|-activate|p2a: Glimmora|ability: Toxic Debris\n|-sidestart|p1: RyRy01|move: Toxic Spikes\n|-damage|p2a: Glimmora|25\/100\n|-activate|p2a: Glimmora|ability: Toxic Debris\n|-sidestart|p1: RyRy01|move: Toxic Spikes\n|-damage|p2a: Glimmora|0 fnt\n|faint|p2a: Glimmora\n|-hitcount|p2: Glimmora|3\n|\n|-weather|none\n|upkeep\n|\n|t:|1699897023\n|switch|p2a: Rayquaza|Rayquaza, shiny|100\/100\n|-ability|p2a: Rayquaza|Air Lock\n|turn|9\n|\n|t:|1699897030\n|move|p2a: Rayquaza|Extreme Speed|p1a: Baxcalibur\n|-damage|p1a: Baxcalibur|0 fnt\n|faint|p1a: Baxcalibur\n|\n|upkeep\n|\n|t:|1699897032\n|switch|p1a: Calyrex|Calyrex-Ice|100\/100\n|-ability|p1a: Calyrex|As One\n|-ability|p1a: Calyrex|Unnerve\n|-damage|p1a: Calyrex|75\/100|[from] Stealth Rock\n|-status|p1a: Calyrex|tox\n|turn|10\n|\n|t:|1699897056\n|switch|p2a: Zacian|Zacian-Crowned, shiny|100\/100\n|-ability|p2a: Zacian|Intrepid Sword|boost\n|-boost|p2a: Zacian|atk|1\n|move|p1a: Calyrex|Trick Room|p1a: Calyrex\n|-fieldstart|move: Trick Room|[of] p1a: Calyrex\n|\n|-damage|p1a: Calyrex|69\/100 tox|[from] psn\n|upkeep\n|turn|11\n|\n|t:|1699897068\n|move|p1a: Calyrex|High Horsepower|p2a: Zacian\n|-supereffective|p2a: Zacian\n|-damage|p2a: Zacian|20\/100\n|move|p2a: Zacian|Swords Dance|p2a: Zacian\n|-boost|p2a: Zacian|atk|2\n|\n|-damage|p1a: Calyrex|57\/100 tox|[from] psn\n|-sideend|p1: RyRy01|move: Aurora Veil\n|upkeep\n|turn|12\n|\n|t:|1699897087\n|move|p1a: Calyrex|High Horsepower|p2a: Zacian\n|-supereffective|p2a: Zacian\n|-damage|p2a: Zacian|0 fnt\n|faint|p2a: Zacian\n|-ability|p1a: Calyrex|Chilling Neigh|boost\n|-boost|p1a: Calyrex|atk|1\n|\n|-damage|p1a: Calyrex|38\/100 tox|[from] psn\n|upkeep\n|\n|t:|1699897097\n|switch|p2a: Kyogre|Kyogre, shiny|100\/100\n|-weather|RainDance|[from] ability: Drizzle|[of] p2a: Kyogre\n|turn|13\n|\n|t:|1699897107\n|move|p1a: Calyrex|High Horsepower|p2a: Kyogre|[miss]\n|-miss|p1a: Calyrex|p2a: Kyogre\n|move|p2a: Kyogre|Water Spout|p1a: Calyrex\n|-damage|p1a: Calyrex|0 fnt\n|faint|p1a: Calyrex\n|\n|-weather|RainDance|[upkeep]\n|upkeep\n|\n|t:|1699897110\n|switch|p1a: Ninetales|Ninetales-Alola, M|100\/100\n|-damage|p1a: Ninetales|76\/100|[from] Stealth Rock\n|-status|p1a: Ninetales|tox\n|-weather|Snow|[from] ability: Snow Warning|[of] p1a: Ninetales\n|turn|14\n|\n|t:|1699897120\n|move|p1a: Ninetales|Aurora Veil|p1a: Ninetales\n|-sidestart|p1: RyRy01|move: Aurora Veil\n|move|p2a: Kyogre|Water Spout|p1a: Ninetales\n|-damage|p1a: Ninetales|36\/100 tox\n|\n|-weather|Snow|[upkeep]\n|-damage|p1a: Ninetales|30\/100 tox|[from] psn\n|-fieldend|move: Trick Room\n|upkeep\n|turn|15\n|\n|t:|1699897128\n|move|p2a: Kyogre|Water Spout|p1a: Ninetales\n|-crit|p1a: Ninetales\n|-damage|p1a: Ninetales|0 fnt\n|faint|p1a: Ninetales\n|\n|-weather|Snow|[upkeep]\n|upkeep\n|\n|t:|1699897130\n|switch|p1a: Kingambit|Kingambit, M|100\/100\n|-damage|p1a: Kingambit|94\/100|[from] Stealth Rock\n|-activate|p1a: Kingambit|ability: Supreme Overlord\n|-start|p1a: Kingambit|fallen5|[silent]\n|turn|16\n|\n|t:|1699897140\n|move|p1a: Kingambit|Sucker Punch|p2a: Kyogre\n|-damage|p2a: Kyogre|19\/100\n|move|p2a: Kyogre|Water Spout|p1a: Kingambit\n|-crit|p1a: Kingambit\n|-damage|p1a: Kingambit|70\/100\n|\n|-weather|Snow|[upkeep]\n|upkeep\n|turn|17\n|\n|t:|1699897148\n|move|p2a: Kyogre|Water Spout|p1a: Kingambit\n|-damage|p1a: Kingambit|61\/100\n|move|p1a: Kingambit|Swords Dance|p1a: Kingambit\n|-boost|p1a: Kingambit|atk|2\n|\n|-weather|Snow|[upkeep]\n|upkeep\n|turn|18\n|\n|t:|1699897156\n|move|p1a: Kingambit|Sucker Punch|p2a: Kyogre\n|-crit|p2a: Kyogre\n|-damage|p2a: Kyogre|0 fnt\n|faint|p2a: Kyogre\n|\n|-weather|none\n|upkeep\n|\n|t:|1699897166\n|switch|p2a: Arceus|Arceus-Fairy|100\/100\n|turn|19\n|\n|t:|1699897176\n|-terastallize|p2a: Arceus|Poison\n|move|p2a: Arceus|Earth Power|p1a: Kingambit\n|-supereffective|p1a: Kingambit\n|-damage|p1a: Kingambit|31\/100\n|move|p1a: Kingambit|Iron Head|p2a: Arceus\n|-damage|p2a: Arceus|16\/100\n|\n|upkeep\n|turn|20\n|\n|t:|1699897185\n|move|p1a: Kingambit|Sucker Punch|p2a: Arceus\n|-damage|p2a: Arceus|0 fnt\n|faint|p2a: Arceus\n|\n|upkeep\n|\n|t:|1699897190\n|switch|p2a: Rayquaza|Rayquaza, shiny|100\/100\n|-ability|p2a: Rayquaza|Air Lock\n|turn|21\n|\n|t:|1699897208\n|move|p2a: Rayquaza|Earthquake|p1a: Kingambit\n|-supereffective|p1a: Kingambit\n|-damage|p1a: Kingambit|2\/100\n|move|p1a: Kingambit|Kowtow Cleave|p2a: Rayquaza\n|-damage|p2a: Rayquaza|0 fnt\n|faint|p2a: Rayquaza\n|\n|-sideend|p1: RyRy01|move: Aurora Veil\n|upkeep\n|\n|t:|1699897218\n|switch|p2a: Mewtwo|Mewtwo, shiny|100\/100\n|-ability|p2a: Mewtwo|Pressure\n|turn|22\n|\n|t:|1699897224\n|-terastallize|p1a: Kingambit|Dark\n|move|p1a: Kingambit|Sucker Punch|p2a: Mewtwo\n|-supereffective|p2a: Mewtwo\n|-damage|p2a: Mewtwo|0 fnt\n|faint|p2a: Mewtwo\n|\n|win|RyRy01\n|raw|RyRy01's rating: 1108 &rarr; <strong>1136<\/strong><br \/>(+28 for winning)\n|raw|Spanky069's rating: 1155 &rarr; <strong>1127<\/strong><br \/>(-28 for losing)\n","uploadtime":1699897231,"views":9,"p1id":"ryry01","p2id":"spanky069","formatid":"gen9ubers","rating":1127,"private":0,"password":""}