{"id":"gen9ubers-1972885797","p1":"Ragnar262","p2":"RyanFP","format":"[Gen 9] Ubers","log":"|j|\u2606Ragnar262\n|j|\u2606RyanFP\n|t:|1697905548\n|gametype|singles\n|player|p1|Ragnar262|pokemaniac|1232\n|player|p2|RyanFP|ruinmaniac|1316\n|teamsize|p1|6\n|teamsize|p2|6\n|gen|9\n|tier|[Gen 9] Ubers\n|rated|\n|rule|Sleep Clause Mod: Limit one foe put to sleep\n|rule|Species Clause: Limit one of each Pok\u00e9mon\n|rule|OHKO Clause: OHKO moves are banned\n|rule|Evasion Items Clause: Evasion items are banned\n|rule|Evasion Moves Clause: Evasion moves are banned\n|rule|Endless Battle Clause: Forcing endless battles is banned\n|rule|HP Percentage Mod: HP is shown in percentages\n|clearpoke\n|poke|p1|Azumarill, F|\n|poke|p1|Flutter Mane|\n|poke|p1|Victreebel, F|\n|poke|p1|Groudon|\n|poke|p1|Koraidon|\n|poke|p1|Giratina|\n|poke|p2|Cyclizar, M|\n|poke|p2|Clodsire, M|\n|poke|p2|Armarouge, F|\n|poke|p2|Annihilape, M|\n|poke|p2|Kingambit, M|\n|poke|p2|Iron Bundle|\n|teampreview\n|inactive|Battle timer is ON: inactive players will automatically lose when time's up. (requested by RyanFP)\n|\n|t:|1697905558\n|start\n|switch|p1a: Groudon|Groudon|100\/100\n|switch|p2a: XLR8|Cyclizar, M, shiny|100\/100\n|-weather|SunnyDay|[from] ability: Drought|[of] p1a: Groudon\n|turn|1\n|\n|t:|1697905568\n|move|p2a: XLR8|Shed Tail|p2a: XLR8\n|-start|p2a: XLR8|Substitute|[from] move: Shed Tail\n|-damage|p2a: XLR8|50\/100\n|\n|t:|1697905577\n|switch|p2a: DELIB0T|Iron Bundle|100\/100|[from] Shed Tail\n|move|p1a: Groudon|Stone Edge|p2a: DELIB0T\n|-supereffective|p2a: DELIB0T\n|-end|p2a: DELIB0T|Substitute\n|\n|-weather|SunnyDay|[upkeep]\n|upkeep\n|turn|2\n|\n|t:|1697905590\n|-terastallize|p1a: Groudon|Fire\n|move|p2a: DELIB0T|Ice Beam|p1a: Groudon\n|-resisted|p1a: Groudon\n|-damage|p1a: Groudon|71\/100\n|-damage|p2a: DELIB0T|91\/100|[from] item: Life Orb\n|move|p1a: Groudon|Stone Edge|p2a: DELIB0T\n|-supereffective|p2a: DELIB0T\n|-damage|p2a: DELIB0T|0 fnt\n|faint|p2a: DELIB0T\n|-end|p2a: DELIB0T|Quark Drive|[silent]\n|\n|-weather|SunnyDay|[upkeep]\n|-heal|p1a: Groudon|77\/100|[from] item: Leftovers\n|upkeep\n|c|\u2606Ragnar262|lol\n|\n|t:|1697905605\n|switch|p2a: XLR8|Cyclizar, M, shiny|84\/100\n|turn|3\n|\n|t:|1697905608\n|move|p2a: XLR8|Shed Tail|p2a: XLR8\n|-start|p2a: XLR8|Substitute|[from] move: Shed Tail\n|-damage|p2a: XLR8|34\/100\n|\n|t:|1697905610\n|switch|p2a: Godsire|Clodsire, M, shiny|100\/100|[from] Shed Tail\n|move|p1a: Groudon|Stealth Rock|p2a: Godsire\n|-sidestart|p2: RyanFP|move: Stealth Rock\n|\n|-weather|SunnyDay|[upkeep]\n|-heal|p1a: Groudon|83\/100|[from] item: Leftovers\n|upkeep\n|turn|4\n|\n|t:|1697905614\n|move|p1a: Groudon|Earthquake|p2a: Godsire\n|-supereffective|p2a: Godsire\n|-end|p2a: Godsire|Substitute\n|move|p2a: Godsire|Spikes|p1a: Groudon\n|-sidestart|p1: Ragnar262|Spikes\n|\n|-weather|SunnyDay|[upkeep]\n|-heal|p1a: Groudon|89\/100|[from] item: Leftovers\n|upkeep\n|turn|5\n|\n|t:|1697905622\n|move|p1a: Groudon|Earthquake|p2a: Godsire\n|-supereffective|p2a: Godsire\n|-crit|p2a: Godsire\n|-damage|p2a: Godsire|0 fnt\n|faint|p2a: Godsire\n|\n|-weather|none\n|-heal|p1a: Groudon|96\/100|[from] item: Leftovers\n|upkeep\n|c|\u2606RyanFP|Stupid fucking crit\n|\n|t:|1697905635\n|switch|p2a: Furious George|Annihilape, M, shiny|100\/100\n|-damage|p2a: Furious George|94\/100|[from] Stealth Rock\n|turn|6\n|\n|t:|1697905649\n|switch|p1a: Azumarill|Azumarill, F|100\/100\n|-damage|p1a: Azumarill|88\/100|[from] Spikes\n|-terastallize|p2a: Furious George|Water\n|move|p2a: Furious George|Bulk Up|p2a: Furious George\n|-boost|p2a: Furious George|atk|1\n|-boost|p2a: Furious George|def|1\n|\n|-heal|p2a: Furious George|100\/100|[from] item: Leftovers\n|upkeep\n|turn|7\n|\n|t:|1697905658\n|move|p2a: Furious George|Taunt|p1a: Azumarill\n|-start|p1a: Azumarill|move: Taunt\n|move|p1a: Azumarill|Play Rough|p2a: Furious George\n|-damage|p2a: Furious George|49\/100\n|-unboost|p2a: Furious George|atk|1\n|-ability|p2a: Furious George|Defiant|boost\n|-boost|p2a: Furious George|atk|2\n|\n|-heal|p2a: Furious George|55\/100|[from] item: Leftovers\n|upkeep\n|turn|8\n|\n|t:|1697905673\n|move|p2a: Furious George|Rage Fist|p1a: Azumarill\n|-damage|p1a: Azumarill|19\/100\n|move|p1a: Azumarill|Play Rough|p2a: Furious George\n|-damage|p2a: Furious George|0 fnt\n|faint|p2a: Furious George\n|\n|upkeep\n|c|\u2606Ragnar262|huh??\n|\n|t:|1697905686\n|switch|p2a: XLR8|Cyclizar, M, shiny|67\/100\n|-damage|p2a: XLR8|54\/100|[from] Stealth Rock\n|turn|9\n|\n|t:|1697905690\n|move|p2a: XLR8|Shed Tail|p2a: XLR8\n|-start|p2a: XLR8|Substitute|[from] move: Shed Tail\n|-damage|p2a: XLR8|4\/100\n|\n|t:|1697905691\n|switch|p2a: Girl in Red|Armarouge, F, shiny|100\/100|[from] Shed Tail\n|-damage|p2a: Girl in Red|76\/100|[from] Stealth Rock\n|move|p1a: Azumarill|Play Rough|p2a: Girl in Red\n|-resisted|p2a: Girl in Red\n|-end|p2a: Girl in Red|Substitute\n|\n|-end|p1a: Azumarill|move: Taunt\n|upkeep\n|turn|10\n|\n|t:|1697905696\n|move|p2a: Girl in Red|Iron Defense|p2a: Girl in Red\n|-boost|p2a: Girl in Red|def|2\n|move|p1a: Azumarill|Play Rough|p2a: Girl in Red\n|-resisted|p2a: Girl in Red\n|-damage|p2a: Girl in Red|58\/100\n|-ability|p2a: Girl in Red|Weak Armor|boost\n|-unboost|p2a: Girl in Red|def|1\n|-boost|p2a: Girl in Red|spe|2\n|\n|upkeep\n|turn|11\n|\n|t:|1697905702\n|switch|p1a: Groudon|Groudon, tera:Fire|96\/100\n|-damage|p1a: Groudon|83\/100|[from] Spikes\n|-weather|SunnyDay|[from] ability: Drought|[of] p1a: Groudon\n|move|p2a: Girl in Red|Iron Defense|p2a: Girl in Red\n|-boost|p2a: Girl in Red|def|2\n|\n|-weather|SunnyDay|[upkeep]\n|-heal|p1a: Groudon|89\/100|[from] item: Leftovers\n|upkeep\n|turn|12\n|\n|t:|1697905708\n|move|p2a: Girl in Red|Stored Power|p1a: Groudon\n|-damage|p1a: Groudon|33\/100\n|move|p1a: Groudon|Earthquake|p2a: Girl in Red\n|-supereffective|p2a: Girl in Red\n|-damage|p2a: Girl in Red|16\/100\n|-ability|p2a: Girl in Red|Weak Armor|boost\n|-unboost|p2a: Girl in Red|def|1\n|-boost|p2a: Girl in Red|spe|2\n|-enditem|p2a: Girl in Red|Weakness Policy\n|-boost|p2a: Girl in Red|atk|2|[from] item: Weakness Policy\n|-boost|p2a: Girl in Red|spa|2|[from] item: Weakness Policy\n|\n|-weather|SunnyDay|[upkeep]\n|-heal|p1a: Groudon|39\/100|[from] item: Leftovers\n|upkeep\n|turn|13\n|\n|t:|1697905711\n|move|p2a: Girl in Red|Stored Power|p1a: Groudon\n|-damage|p1a: Groudon|0 fnt\n|faint|p1a: Groudon\n|\n|-weather|SunnyDay|[upkeep]\n|upkeep\n|\n|t:|1697905724\n|switch|p1a: Giratina|Giratina|100\/100\n|-damage|p1a: Giratina|88\/100|[from] Spikes\n|-ability|p1a: Giratina|Pressure\n|turn|14\n|\n|t:|1697905729\n|move|p2a: Girl in Red|Stored Power|p1a: Giratina\n|-damage|p1a: Giratina|0 fnt\n|faint|p1a: Giratina\n|\n|-weather|SunnyDay|[upkeep]\n|upkeep\n|\n|t:|1697905747\n|switch|p1a: Koraidon|Koraidon|100\/100\n|-damage|p1a: Koraidon|88\/100|[from] Spikes\n|-activate|p1a: Koraidon|ability: Orichalcum Pulse\n|turn|15\n|\n|t:|1697905753\n|move|p2a: Girl in Red|Stored Power|p1a: Koraidon\n|-supereffective|p1a: Koraidon\n|-damage|p1a: Koraidon|0 fnt\n|faint|p1a: Koraidon\n|\n|-weather|none\n|upkeep\n|\n|t:|1697905755\n|switch|p1a: Azumarill|Azumarill, F|19\/100\n|-damage|p1a: Azumarill|6\/100|[from] Spikes\n|turn|16\n|\n|t:|1697905757\n|move|p1a: Azumarill|Aqua Jet|p2a: Girl in Red\n|-supereffective|p2a: Girl in Red\n|-damage|p2a: Girl in Red|0 fnt\n|faint|p2a: Girl in Red\n|\n|upkeep\n|\n|t:|1697905763\n|switch|p2a: Chesster|Kingambit, M, shiny|100\/100\n|-damage|p2a: Chesster|94\/100|[from] Stealth Rock\n|-activate|p2a: Chesster|ability: Supreme Overlord\n|-start|p2a: Chesster|fallen4|[silent]\n|turn|17\n|\n|t:|1697905772\n|move|p1a: Azumarill|Aqua Jet|p2a: Chesster\n|-damage|p2a: Chesster|65\/100\n|move|p2a: Chesster|Kowtow Cleave|p1a: Azumarill\n|-resisted|p1a: Azumarill\n|-damage|p1a: Azumarill|0 fnt\n|faint|p1a: Azumarill\n|\n|upkeep\n|\n|t:|1697905776\n|switch|p1a: Flutter Mane|Flutter Mane|100\/100\n|-damage|p1a: Flutter Mane|88\/100|[from] Spikes\n|turn|18\n|\n|t:|1697905779\n|move|p2a: Chesster|Sucker Punch|p1a: Flutter Mane\n|-damage|p1a: Flutter Mane|0 fnt\n|faint|p1a: Flutter Mane\n|-end|p1a: Flutter Mane|Protosynthesis|[silent]\n|\n|upkeep\n|\n|t:|1697905781\n|switch|p1a: VICTORY-BELL|Victreebel, F, shiny|100\/100\n|-damage|p1a: VICTORY-BELL|88\/100|[from] Spikes\n|turn|19\n|\n|t:|1697905783\n|move|p1a: VICTORY-BELL|Power Whip|p2a: Chesster\n|-resisted|p2a: Chesster\n|-damage|p2a: Chesster|34\/100\n|-damage|p1a: VICTORY-BELL|78\/100|[from] item: Life Orb\n|move|p2a: Chesster|Kowtow Cleave|p1a: VICTORY-BELL\n|-damage|p1a: VICTORY-BELL|0 fnt\n|faint|p1a: VICTORY-BELL\n|\n|win|RyanFP\n|raw|Ragnar262's rating: 1232 &rarr; <strong>1213<\/strong><br \/>(-19 for losing)\n|raw|RyanFP's rating: 1316 &rarr; <strong>1331<\/strong><br \/>(+15 for winning)\n","uploadtime":1697905632,"views":8,"p1id":"ragnar262","p2id":"ryanfp","formatid":"gen9ubers","rating":1213,"private":0,"password":""}