{"id":"gen9ubers-1980967141","p1":"Lunestanala","p2":"WARIOROFLIBERATION","format":"[Gen 9] Ubers","log":"|j|\u2606Lunestanala\n|j|\u2606WARIOROFLIBERATION\n|t:|1698853014\n|gametype|singles\n|player|p1|Lunestanala|unknown|1259\n|player|p2|WARIOROFLIBERATION|red-gen2|1431\n|teamsize|p1|6\n|teamsize|p2|6\n|gen|9\n|tier|[Gen 9] Ubers\n|rated|\n|rule|Sleep Clause Mod: Limit one foe put to sleep\n|rule|Species Clause: Limit one of each Pok\u00e9mon\n|rule|OHKO Clause: OHKO moves are banned\n|rule|Evasion Items Clause: Evasion items are banned\n|rule|Evasion Moves Clause: Evasion moves are banned\n|rule|Endless Battle Clause: Forcing endless battles is banned\n|rule|HP Percentage Mod: HP is shown in percentages\n|clearpoke\n|poke|p1|Masquerain, F|\n|poke|p1|Miraidon|\n|poke|p1|Chien-Pao|\n|poke|p1|Iron Treads|\n|poke|p1|Annihilape, F|\n|poke|p1|Koraidon|\n|poke|p2|Basculegion, M|\n|poke|p2|Bisharp, M|\n|poke|p2|Azelf|\n|poke|p2|Mimikyu, M|\n|poke|p2|Yanmega, M|\n|poke|p2|Sandaconda, M|\n|teampreview\n|c|\u2606WARIOROFLIBERATION|wrong team :\/\n|\n|t:|1698853123\n|start\n|switch|p1a: Iron Treads|Iron Treads|100\/100\n|switch|p2a: Azelf|Azelf, shiny|100\/100\n|turn|1\n|inactive|Battle timer is ON: inactive players will automatically lose when time's up. (requested by WARIOROFLIBERATION)\n|j| Bigsmoketon\n|\n|t:|1698853142\n|move|p2a: Azelf|Taunt|p1a: Iron Treads\n|-start|p1a: Iron Treads|move: Taunt\n|move|p1a: Iron Treads|Knock Off|p2a: Azelf\n|-supereffective|p2a: Azelf\n|-damage|p2a: Azelf|8\/100\n|-enditem|p2a: Azelf|Focus Sash|[from] move: Knock Off|[of] p1a: Iron Treads\n|\n|upkeep\n|turn|2\n|inactive|WARIOROFLIBERATION has 120 seconds left.\n|\n|t:|1698853195\n|switch|p2a: Basculegion|Basculegion, M|100\/100\n|move|p1a: Iron Treads|Rapid Spin|p2a: Basculegion\n|-immune|p2a: Basculegion\n|\n|upkeep\n|turn|3\n|inactive|WARIOROFLIBERATION has 90 seconds left.\n|\n|t:|1698853227\n|move|p2a: Basculegion|Surf|p1a: Iron Treads\n|-supereffective|p1a: Iron Treads\n|-damage|p1a: Iron Treads|0 fnt\n|faint|p1a: Iron Treads\n|-end|p1a: Iron Treads|Quark Drive|[silent]\n|\n|upkeep\n|\n|t:|1698853235\n|switch|p1a: Koraidon|Koraidon|100\/100\n|-weather|SunnyDay|[from] ability: Orichalcum Pulse|[of] p1a: Koraidon\n|-activate|p1a: Koraidon|Orichalcum Pulse|[source]\n|turn|4\n|inactive|WARIOROFLIBERATION has 90 seconds left.\n|\n|t:|1698853267\n|switch|p2a: Azelf|Azelf, shiny|8\/100\n|move|p1a: Koraidon|Flame Charge|p2a: Azelf\n|-damage|p2a: Azelf|0 fnt\n|-boost|p1a: Koraidon|spe|1\n|faint|p2a: Azelf\n|\n|-weather|SunnyDay|[upkeep]\n|upkeep\n|\n|t:|1698853272\n|switch|p2a: Mimikyu|Mimikyu, M|100\/100\n|turn|5\n|\n|t:|1698853287\n|move|p1a: Koraidon|Flame Charge|p2a: Mimikyu\n|-activate|p2a: Mimikyu|ability: Disguise\n|-damage|p2a: Mimikyu|100\/100\n|-boost|p1a: Koraidon|spe|1\n|detailschange|p2a: Mimikyu|Mimikyu-Busted, M\n|-damage|p2a: Mimikyu|88\/100|[from] pokemon: Mimikyu-Busted\n|move|p2a: Mimikyu|Swords Dance|p2a: Mimikyu\n|-boost|p2a: Mimikyu|atk|2\n|\n|-weather|SunnyDay|[upkeep]\n|upkeep\n|turn|6\n|\n|t:|1698853301\n|-terastallize|p2a: Mimikyu|Fire\n|move|p1a: Koraidon|Flare Blitz|p2a: Mimikyu\n|-resisted|p2a: Mimikyu\n|-damage|p2a: Mimikyu|23\/100\n|-damage|p1a: Koraidon|85\/100|[from] Recoil\n|move|p2a: Mimikyu|Shadow Claw|p1a: Koraidon\n|-damage|p1a: Koraidon|16\/100\n|-damage|p2a: Mimikyu|13\/100|[from] item: Life Orb\n|\n|-weather|SunnyDay|[upkeep]\n|upkeep\n|turn|7\n|\n|t:|1698853309\n|switch|p1a: Masquerain|Masquerain, F, shiny|100\/100\n|-ability|p1a: Masquerain|Intimidate|boost\n|-unboost|p2a: Mimikyu|atk|1\n|move|p2a: Mimikyu|Shadow Sneak|p1a: Masquerain\n|-crit|p1a: Masquerain\n|-damage|p1a: Masquerain|27\/100\n|-damage|p2a: Mimikyu|3\/100|[from] item: Life Orb\n|\n|-weather|SunnyDay|[upkeep]\n|upkeep\n|turn|8\n|\n|t:|1698853315\n|move|p2a: Mimikyu|Shadow Sneak|p1a: Masquerain\n|-damage|p1a: Masquerain|0 fnt\n|faint|p1a: Masquerain\n|-damage|p2a: Mimikyu|0 fnt|[from] item: Life Orb\n|faint|p2a: Mimikyu\n|\n|-weather|SunnyDay|[upkeep]\n|upkeep\n|inactive|WARIOROFLIBERATION has 60 seconds left.\n|l| Bigsmoketon\n|inactive|WARIOROFLIBERATION has 30 seconds left.\n|\n|t:|1698853385\n|switch|p2a: Yanmega|Yanmega, M, shiny|100\/100\n|switch|p1a: Annihilape|Annihilape, F, shiny|100\/100\n|turn|9\n|inactive|WARIOROFLIBERATION has 30 seconds left.\n|\n|t:|1698853403\n|move|p2a: Yanmega|Air Slash|p1a: Annihilape\n|-supereffective|p1a: Annihilape\n|-damage|p1a: Annihilape|17\/100\n|cant|p1a: Annihilape|flinch\n|\n|-weather|SunnyDay|[upkeep]\n|-heal|p1a: Annihilape|23\/100|[from] item: Leftovers\n|-ability|p2a: Yanmega|Speed Boost|boost\n|-boost|p2a: Yanmega|spe|1\n|upkeep\n|turn|10\n|inactive|WARIOROFLIBERATION has 30 seconds left.\n|inactive|WARIOROFLIBERATION has 20 seconds left.\n|\n|t:|1698853424\n|move|p2a: Yanmega|Air Slash|p1a: Annihilape\n|-supereffective|p1a: Annihilape\n|-damage|p1a: Annihilape|0 fnt\n|faint|p1a: Annihilape\n|\n|-weather|SunnyDay|[upkeep]\n|-ability|p2a: Yanmega|Speed Boost|boost\n|-boost|p2a: Yanmega|spe|1\n|upkeep\n|inactive|WARIOROFLIBERATION has 25 seconds left this turn.\n|\n|t:|1698853431\n|switch|p1a: Miraidon|Miraidon|100\/100\n|-fieldstart|move: Electric Terrain|[from] ability: Hadron Engine|[of] p1a: Miraidon\n|turn|11\n|inactive|WARIOROFLIBERATION has 30 seconds left.\n|\n|t:|1698853444\n|move|p2a: Yanmega|Protect|p2a: Yanmega\n|-singleturn|p2a: Yanmega|Protect\n|move|p1a: Miraidon|Overheat|p2a: Yanmega\n|-activate|p2a: Yanmega|move: Protect\n|\n|-weather|none\n|-ability|p2a: Yanmega|Speed Boost|boost\n|-boost|p2a: Yanmega|spe|1\n|upkeep\n|turn|12\n|inactive|WARIOROFLIBERATION has 30 seconds left.\n|\n|t:|1698853450\n|switch|p2a: Basculegion|Basculegion, M|100\/100\n|move|p1a: Miraidon|Overheat|p2a: Basculegion\n|-resisted|p2a: Basculegion\n|-damage|p2a: Basculegion|55\/100\n|-unboost|p1a: Miraidon|spa|2\n|-damage|p1a: Miraidon|91\/100|[from] item: Life Orb\n|\n|upkeep\n|turn|13\n|inactive|WARIOROFLIBERATION has 30 seconds left.\n|\n|t:|1698853469\n|move|p2a: Basculegion|Ice Beam|p1a: Miraidon\n|-supereffective|p1a: Miraidon\n|-crit|p1a: Miraidon\n|-damage|p1a: Miraidon|26\/100\n|move|p1a: Miraidon|Electro Drift|p2a: Basculegion\n|-supereffective|p2a: Basculegion\n|-damage|p2a: Basculegion|0 fnt\n|faint|p2a: Basculegion\n|-damage|p1a: Miraidon|16\/100|[from] item: Life Orb\n|\n|upkeep\n|inactive|WARIOROFLIBERATION has 30 seconds left this turn.\n|inactive|WARIOROFLIBERATION has 20 seconds left.\n|inactive|WARIOROFLIBERATION has 15 seconds left.\n|\n|t:|1698853486\n|switch|p2a: Yanmega|Yanmega, M, shiny|100\/100\n|turn|14\n|inactive|WARIOROFLIBERATION has 25 seconds left this turn.\n|\n|t:|1698853491\n|switch|p1a: Chien-Pao|Chien-Pao|100\/100\n|-ability|p1a: Chien-Pao|Sword of Ruin\n|move|p2a: Yanmega|Protect||[still]\n|-fail|p2a: Yanmega\n|\n|-ability|p2a: Yanmega|Speed Boost|boost\n|-boost|p2a: Yanmega|spe|1\n|upkeep\n|turn|15\n|inactive|WARIOROFLIBERATION has 30 seconds left.\n|\n|t:|1698853501\n|move|p1a: Chien-Pao|Ice Shard|p2a: Yanmega\n|-supereffective|p2a: Yanmega\n|-damage|p2a: Yanmega|17\/100\n|move|p2a: Yanmega|Bug Buzz|p1a: Chien-Pao\n|-supereffective|p1a: Chien-Pao\n|-damage|p1a: Chien-Pao|0 fnt\n|faint|p1a: Chien-Pao\n|-enditem|p2a: Yanmega|Throat Spray\n|-boost|p2a: Yanmega|spa|1|[from] item: Throat Spray\n|\n|-fieldend|move: Electric Terrain\n|-ability|p2a: Yanmega|Speed Boost|boost\n|-boost|p2a: Yanmega|spe|1\n|upkeep\n|inactive|WARIOROFLIBERATION has 30 seconds left this turn.\n|\n|t:|1698853518\n|switch|p1a: Koraidon|Koraidon|16\/100\n|-weather|SunnyDay|[from] ability: Orichalcum Pulse|[of] p1a: Koraidon\n|-activate|p1a: Koraidon|Orichalcum Pulse|[source]\n|turn|16\n|inactive|WARIOROFLIBERATION has 30 seconds left.\n|\n|t:|1698853530\n|move|p2a: Yanmega|Tera Blast|p1a: Koraidon\n|-damage|p1a: Koraidon|0 fnt\n|faint|p1a: Koraidon\n|\n|-weather|SunnyDay|[upkeep]\n|-ability|p2a: Yanmega|Speed Boost|boost\n|-boost|p2a: Yanmega|spe|1\n|upkeep\n|\n|t:|1698853532\n|switch|p1a: Miraidon|Miraidon|16\/100\n|-fieldstart|move: Electric Terrain|[from] ability: Hadron Engine|[of] p1a: Miraidon\n|turn|17\n|\n|t:|1698853540\n|move|p2a: Yanmega|Bug Buzz|p1a: Miraidon\n|-damage|p1a: Miraidon|0 fnt\n|faint|p1a: Miraidon\n|\n|win|WARIOROFLIBERATION\n|raw|Lunestanala's rating: 1312 &rarr; <strong>1299<\/strong><br \/>(-13 for losing)\n|raw|WARIOROFLIBERATION's rating: 1431 &rarr; <strong>1444<\/strong><br \/>(+13 for winning)\n|c|\u2606WARIOROFLIBERATION|gg\n|l|\u2606Lunestanala\n","uploadtime":1698853549,"views":25,"p1id":"lunestanala","p2id":"wariorofliberation","formatid":"gen9ubers","rating":1299,"private":0,"password":""}