{"id":"gen9ubers-1991158249","p1":"meliodono","p2":"bennymbs","format":"[Gen 9] Ubers","log":"|j|\u2606meliodono\n|j|\u2606bennymbs\n|t:|1700051545\n|gametype|singles\n|player|p1|meliodono|janine|\n|player|p2|bennymbs|mina|\n|teamsize|p1|6\n|teamsize|p2|6\n|gen|9\n|tier|[Gen 9] Ubers\n|rule|Sleep Clause Mod: Limit one foe put to sleep\n|rule|Species Clause: Limit one of each Pok\u00e9mon\n|rule|OHKO Clause: OHKO moves are banned\n|rule|Evasion Items Clause: Evasion items are banned\n|rule|Evasion Moves Clause: Evasion moves are banned\n|rule|Endless Battle Clause: Forcing endless battles is banned\n|rule|HP Percentage Mod: HP is shown in percentages\n|clearpoke\n|poke|p1|Spectrier|\n|poke|p1|Slowking-Galar, F|\n|poke|p1|Rotom-Heat|\n|poke|p1|Weezing-Galar, M|\n|poke|p1|Enamorus, F|\n|poke|p1|Arceus-Water|\n|poke|p2|Arceus-Poison|\n|poke|p2|Clefable, M|\n|poke|p2|Orthworm, F|\n|poke|p2|Blissey, F|\n|poke|p2|Cyclizar, F|\n|poke|p2|Zacian-*|\n|teampreview\n|inactive|Battle timer is ON: inactive players will automatically lose when time's up. (requested by bennymbs)\n|inactive|bennymbs has 270 seconds left.\n|\n|t:|1700051597\n|start\n|switch|p1a: Enamorus|Enamorus, F|100\/100\n|switch|p2a: Cyclizar|Cyclizar, F|100\/100\n|turn|1\n|\n|t:|1700051605\n|switch|p2a: Blissey|Blissey, F, shiny|100\/100\n|move|p1a: Enamorus|Moonblast|p2a: Blissey\n|-damage|p2a: Blissey|86\/100\n|-unboost|p2a: Blissey|spa|1\n|\n|-heal|p2a: Blissey|92\/100|[from] item: Leftovers\n|upkeep\n|turn|2\n|\n|t:|1700051613\n|switch|p1a: Rotom|Rotom-Heat|100\/100\n|move|p2a: Blissey|Stealth Rock|p1a: Rotom\n|-sidestart|p1: meliodono|move: Stealth Rock\n|\n|-heal|p2a: Blissey|98\/100|[from] item: Leftovers\n|upkeep\n|turn|3\n|\n|t:|1700051623\n|switch|p2a: Cyclizar|Cyclizar, F|100\/100\n|move|p1a: Rotom|Nasty Plot|p1a: Rotom\n|-boost|p1a: Rotom|spa|2\n|\n|upkeep\n|turn|4\n|\n|t:|1700051634\n|move|p2a: Cyclizar|Shed Tail|p2a: Cyclizar\n|-start|p2a: Cyclizar|Substitute|[from] move: Shed Tail\n|-damage|p2a: Cyclizar|50\/100\n|\n|t:|1700051645\n|switch|p2a: Blissey|Blissey, F, shiny|98\/100|[from] Shed Tail\n|move|p1a: Rotom|Volt Switch|p2a: Blissey\n|-end|p2a: Blissey|Substitute\n|-damage|p1a: Rotom|91\/100|[from] item: Life Orb\n|\n|t:|1700051668\n|switch|p1a: Weezing|Weezing-Galar, M|100\/100|[from] Volt Switch\n|-ability|p1a: Weezing|Neutralizing Gas\n|-damage|p1a: Weezing|88\/100|[from] Stealth Rock\n|\n|-heal|p2a: Blissey|100\/100|[from] item: Leftovers\n|upkeep\n|turn|5\n|\n|t:|1700051679\n|switch|p2a: Arceus|Arceus-Poison|100\/100\n|move|p1a: Weezing|Defog|p2a: Arceus\n|-unboost|p2a: Arceus|evasion|1\n|-sideend|p1: meliodono|Stealth Rock|[from] move: Defog|[of] p1a: Weezing\n|\n|upkeep\n|turn|6\n|c|\u2606meliodono|w8\n|c|\u2606meliodono|i have 0 pokemon for physical dmg hahaha\n|\n|t:|1700051706\n|move|p2a: Arceus|Poison Jab|p1a: Weezing\n|-crit|p1a: Weezing\n|-damage|p1a: Weezing|56\/100\n|move|p1a: Weezing|Will-O-Wisp|p2a: Arceus\n|-status|p2a: Arceus|brn\n|\n|-damage|p2a: Arceus|94\/100 brn|[from] brn\n|upkeep\n|turn|7\n|\n|t:|1700051720\n|-end|p1a: Weezing|ability: Neutralizing Gas\n|switch|p1a: Slowking|Slowking-Galar, F|100\/100\n|move|p2a: Arceus|Earthquake|p1a: Slowking\n|-supereffective|p1a: Slowking\n|-damage|p1a: Slowking|74\/100\n|\n|-heal|p1a: Slowking|80\/100|[from] item: Leftovers\n|-damage|p2a: Arceus|88\/100 brn|[from] brn\n|upkeep\n|turn|8\n|\n|t:|1700051733\n|switch|p2a: Blissey|Blissey, F, shiny|100\/100\n|move|p1a: Slowking|Sludge Bomb|p2a: Blissey\n|-damage|p2a: Blissey|91\/100\n|\n|-heal|p2a: Blissey|97\/100|[from] item: Leftovers\n|-heal|p1a: Slowking|86\/100|[from] item: Leftovers\n|upkeep\n|turn|9\n|\n|t:|1700051738\n|move|p2a: Blissey|Stealth Rock|p1a: Slowking\n|-sidestart|p1: meliodono|move: Stealth Rock\n|move|p1a: Slowking|Chilly Reception|p1a: Slowking\n|-weather|Snow\n|\n|t:|1700051751\n|switch|p1a: Arceus|Arceus-Water|100\/100|[from] Chilly Reception\n|-damage|p1a: Arceus|88\/100|[from] Stealth Rock\n|\n|-weather|Snow|[upkeep]\n|-heal|p2a: Blissey|100\/100|[from] item: Leftovers\n|upkeep\n|turn|10\n|\n|t:|1700051771\n|switch|p2a: Zacian|Zacian, shiny|100\/100\n|-ability|p2a: Zacian|Intrepid Sword|boost\n|-boost|p2a: Zacian|atk|1\n|move|p1a: Arceus|Stealth Rock|p2a: Zacian\n|-sidestart|p2: bennymbs|move: Stealth Rock\n|\n|-weather|Snow|[upkeep]\n|upkeep\n|turn|11\n|c|\u2606bennymbs|Wait, check the banlist\n|inactive|bennymbs has 270 seconds left.\n|c|\u2606meliodono|for ?\n|c|\u2606meliodono|arceus water ?\n|c|\u2606bennymbs|Arceus water is banned \ud83d\udc80\n|c|\u2606meliodono|oh\n|\n|t:|1700051818\n|move|p2a: Zacian|Play Rough|p1a: Arceus\n|-damage|p1a: Arceus|52\/100\n|move|p1a: Arceus|Judgment|p2a: Zacian\n|-damage|p2a: Zacian|53\/100\n|\n|-weather|Snow|[upkeep]\n|upkeep\n|turn|12\n|c|\u2606meliodono|uubersBL its banned pokemon ?\n|\n|t:|1700051840\n|move|p2a: Zacian|Swords Dance|p2a: Zacian\n|-boost|p2a: Zacian|atk|2\n|move|p1a: Arceus|Judgment|p2a: Zacian\n|-damage|p2a: Zacian|10\/100\n|\n|-weather|Snow|[upkeep]\n|upkeep\n|turn|13\n|\n|t:|1700051846\n|move|p2a: Zacian|Play Rough|p1a: Arceus\n|-damage|p1a: Arceus|0 fnt\n|faint|p1a: Arceus\n|\n|-weather|none\n|upkeep\n|\n|t:|1700051852\n|switch|p1a: Enamorus|Enamorus, F|100\/100\n|-damage|p1a: Enamorus|76\/100|[from] Stealth Rock\n|turn|14\n|inactive|bennymbs has 270 seconds left.\n|c|\u2606bennymbs|Yeah, it's banned in UUbers \ud83d\ude2d\n|c|\u2606meliodono|oh sh mb\n|\n|t:|1700051881\n|switch|p2a: Blissey|Blissey, F, shiny|100\/100\n|-damage|p2a: Blissey|88\/100|[from] Stealth Rock\n|move|p1a: Enamorus|Moonblast|p2a: Blissey\n|-crit|p2a: Blissey\n|-damage|p2a: Blissey|66\/100\n|\n|-heal|p2a: Blissey|72\/100|[from] item: Leftovers\n|upkeep\n|turn|15\n|\n|t:|1700051888\n|move|p1a: Enamorus|Moonblast|p2a: Blissey\n|-damage|p2a: Blissey|58\/100\n|-unboost|p2a: Blissey|spa|1\n|move|p2a: Blissey|Soft-Boiled|p2a: Blissey\n|-heal|p2a: Blissey|100\/100\n|\n|upkeep\n|turn|16\n|\n|t:|1700051893\n|switch|p1a: Weezing|Weezing-Galar, M|56\/100\n|-ability|p1a: Weezing|Neutralizing Gas\n|-damage|p1a: Weezing|44\/100|[from] Stealth Rock\n|move|p2a: Blissey|Seismic Toss|p1a: Weezing\n|-damage|p1a: Weezing|14\/100\n|\n|upkeep\n|turn|17\n|inactive|bennymbs has 270 seconds left.\n|\n|t:|1700051900\n|move|p1a: Weezing|Gunk Shot|p2a: Blissey\n|-damage|p2a: Blissey|28\/100\n|move|p2a: Blissey|Seismic Toss|p1a: Weezing\n|-damage|p1a: Weezing|0 fnt\n|faint|p1a: Weezing\n|-end|p1a: Weezing|ability: Neutralizing Gas\n|\n|-heal|p2a: Blissey|34\/100|[from] item: Leftovers\n|upkeep\n|\n|t:|1700051911\n|switch|p1a: Rotom|Rotom-Heat|91\/100\n|-damage|p1a: Rotom|66\/100|[from] Stealth Rock\n|turn|18\n|\n|t:|1700051918\n|move|p1a: Rotom|Thunder Wave|p2a: Blissey\n|-status|p2a: Blissey|par\n|move|p2a: Blissey|Soft-Boiled|p2a: Blissey\n|-heal|p2a: Blissey|84\/100 par\n|\n|-heal|p2a: Blissey|90\/100 par|[from] item: Leftovers\n|upkeep\n|turn|19\n|\n|t:|1700051922\n|move|p1a: Rotom|Nasty Plot|p1a: Rotom\n|-boost|p1a: Rotom|spa|2\n|cant|p2a: Blissey|par\n|\n|-heal|p2a: Blissey|96\/100 par|[from] item: Leftovers\n|upkeep\n|turn|20\n|\n|t:|1700051931\n|move|p1a: Rotom|Nasty Plot|p1a: Rotom\n|-boost|p1a: Rotom|spa|2\n|move|p2a: Blissey|Heal Bell|p2a: Blissey\n|-activate|p2a: Blissey|move: Heal Bell\n|-curestatus|p2a: Blissey|par|[msg]\n|-curestatus|p2: Arceus|brn|[msg]\n|\n|-heal|p2a: Blissey|100\/100|[from] item: Leftovers\n|upkeep\n|turn|21\n|\n|t:|1700051936\n|move|p1a: Rotom|Nasty Plot|p1a: Rotom\n|-boost|p1a: Rotom|spa|2\n|move|p2a: Blissey|Seismic Toss|p1a: Rotom\n|-damage|p1a: Rotom|24\/100\n|\n|upkeep\n|turn|22\n|\n|t:|1700051943\n|move|p1a: Rotom|Overheat|p2a: Blissey\n|-damage|p2a: Blissey|13\/100\n|-unboost|p1a: Rotom|spa|2\n|-damage|p1a: Rotom|14\/100|[from] item: Life Orb\n|move|p2a: Blissey|Seismic Toss|p1a: Rotom\n|-damage|p1a: Rotom|0 fnt\n|faint|p1a: Rotom\n|\n|-heal|p2a: Blissey|19\/100|[from] item: Leftovers\n|upkeep\n|\n|t:|1700051953\n|switch|p1a: Enamorus|Enamorus, F|76\/100\n|-damage|p1a: Enamorus|51\/100|[from] Stealth Rock\n|turn|23\n|\n|t:|1700051980\n|switch|p2a: Arceus|Arceus-Poison|88\/100\n|-damage|p2a: Arceus|76\/100|[from] Stealth Rock\n|move|p1a: Enamorus|Focus Blast|p2a: Arceus\n|-resisted|p2a: Arceus\n|-damage|p2a: Arceus|65\/100\n|\n|upkeep\n|turn|24\n|\n|t:|1700051989\n|switch|p1a: Slowking|Slowking-Galar, F|100\/100\n|-damage|p1a: Slowking|88\/100|[from] Stealth Rock\n|move|p2a: Arceus|Poison Jab|p1a: Slowking\n|-resisted|p1a: Slowking\n|-damage|p1a: Slowking|70\/100\n|\n|-heal|p1a: Slowking|76\/100|[from] item: Leftovers\n|upkeep\n|turn|25\n|\n|t:|1700052000\n|move|p2a: Arceus|Earthquake|p1a: Slowking\n|-supereffective|p1a: Slowking\n|-damage|p1a: Slowking|24\/100\n|move|p1a: Slowking|Yawn|p2a: Arceus\n|-start|p2a: Arceus|move: Yawn|[of] p1a: Slowking\n|\n|-heal|p1a: Slowking|30\/100|[from] item: Leftovers\n|upkeep\n|turn|26\n|\n|t:|1700052016\n|switch|p2a: Cyclizar|Cyclizar, F|84\/100\n|switch|p1a: Spectrier|Spectrier|100\/100\n|-damage|p1a: Spectrier|88\/100|[from] Stealth Rock\n|\n|upkeep\n|turn|27\n|\n|t:|1700052034\n|-terastallize|p2a: Cyclizar|Fairy\n|move|p1a: Spectrier|Draining Kiss|p2a: Cyclizar\n|-damage|p2a: Cyclizar|41\/100\n|-heal|p1a: Spectrier|100\/100|[from] drain|[of] p2a: Cyclizar\n|move|p2a: Cyclizar|Knock Off|p1a: Spectrier\n|-supereffective|p1a: Spectrier\n|-crit|p1a: Spectrier\n|-damage|p1a: Spectrier|6\/100\n|-enditem|p1a: Spectrier|Choice Specs|[from] move: Knock Off|[of] p2a: Cyclizar\n|\n|upkeep\n|turn|28\n|\n|t:|1700052052\n|move|p1a: Spectrier|Shadow Ball|p2a: Cyclizar\n|-damage|p2a: Cyclizar|0 fnt\n|faint|p2a: Cyclizar\n|-ability|p1a: Spectrier|Grim Neigh|boost\n|-boost|p1a: Spectrier|spa|1\n|\n|upkeep\n|\n|t:|1700052056\n|switch|p2a: Zacian|Zacian, shiny|10\/100\n|turn|29\n|\n|t:|1700052062\n|move|p2a: Zacian|Iron Head|p1a: Spectrier\n|-damage|p1a: Spectrier|0 fnt\n|faint|p1a: Spectrier\n|\n|upkeep\n|\n|t:|1700052065\n|switch|p1a: Enamorus|Enamorus, F|51\/100\n|-damage|p1a: Enamorus|26\/100|[from] Stealth Rock\n|turn|30\n|\n|t:|1700052084\n|move|p1a: Enamorus|Moonblast|p2a: Zacian\n|-damage|p2a: Zacian|0 fnt\n|faint|p2a: Zacian\n|\n|upkeep\n|\n|t:|1700052089\n|switch|p2a: Arceus|Arceus-Poison|65\/100\n|-damage|p2a: Arceus|53\/100|[from] Stealth Rock\n|turn|31\n|\n|t:|1700052097\n|move|p1a: Enamorus|Moonblast|p2a: Arceus\n|-resisted|p2a: Arceus\n|-damage|p2a: Arceus|41\/100\n|-unboost|p2a: Arceus|spa|1\n|move|p2a: Arceus|Bulk Up|p2a: Arceus\n|-boost|p2a: Arceus|atk|1\n|-boost|p2a: Arceus|def|1\n|\n|upkeep\n|turn|32\n|\n|t:|1700052101\n|move|p1a: Enamorus|Moonblast|p2a: Arceus\n|-resisted|p2a: Arceus\n|-damage|p2a: Arceus|28\/100\n|move|p2a: Arceus|Recover|p2a: Arceus\n|-heal|p2a: Arceus|78\/100\n|\n|upkeep\n|turn|33\n|c|\u2606meliodono|gg\n|\n|t:|1700052108\n|move|p1a: Enamorus|Moonblast|p2a: Arceus\n|-resisted|p2a: Arceus\n|-damage|p2a: Arceus|66\/100\n|move|p2a: Arceus|Bulk Up|p2a: Arceus\n|-boost|p2a: Arceus|atk|1\n|-boost|p2a: Arceus|def|1\n|\n|upkeep\n|turn|34\n|\n|t:|1700052113\n|move|p1a: Enamorus|Moonblast|p2a: Arceus\n|-resisted|p2a: Arceus\n|-damage|p2a: Arceus|55\/100\n|move|p2a: Arceus|Poison Jab|p1a: Enamorus\n|-supereffective|p1a: Enamorus\n|-damage|p1a: Enamorus|0 fnt\n|faint|p1a: Enamorus\n|\n|upkeep\n|\n|t:|1700052116\n|switch|p1a: Slowking|Slowking-Galar, F|63\/100\n|-damage|p1a: Slowking|50\/100|[from] Stealth Rock\n|turn|35\n|\n|t:|1700052118\n|move|p2a: Arceus|Earthquake|p1a: Slowking\n|-supereffective|p1a: Slowking\n|-damage|p1a: Slowking|0 fnt\n|faint|p1a: Slowking\n|\n|win|bennymbs\n|c|\u2606bennymbs|Gg\n|l|\u2606meliodono\n","uploadtime":1700052127,"views":8,"p1id":"meliodono","p2id":"bennymbs","formatid":"gen9ubers","rating":0,"private":0,"password":""}