{"id":"gen9ubers-1970366915","p1":"lorikk","p2":"flippy-chan","format":"[Gen 9] Ubers","log":"|j|\u2606lorikk\n|j|\u2606flippy-chan\n|t:|1697632523\n|gametype|singles\n|player|p1|lorikk|101|1110\n|player|p2|flippy-chan|lady-gen4|1147\n|teamsize|p1|6\n|teamsize|p2|6\n|gen|9\n|tier|[Gen 9] Ubers\n|rated|\n|rule|Sleep Clause Mod: Limit one foe put to sleep\n|rule|Species Clause: Limit one of each Pok\u00e9mon\n|rule|OHKO Clause: OHKO moves are banned\n|rule|Evasion Items Clause: Evasion items are banned\n|rule|Evasion Moves Clause: Evasion moves are banned\n|rule|Endless Battle Clause: Forcing endless battles is banned\n|rule|HP Percentage Mod: HP is shown in percentages\n|clearpoke\n|poke|p1|Victreebel, F|\n|poke|p1|Groudon|\n|poke|p1|Walking Wake|\n|poke|p1|Flutter Mane|\n|poke|p1|Heatran, M|\n|poke|p1|Conkeldurr, F|\n|poke|p2|Koraidon|\n|poke|p2|Ogerpon-Hearthflame, F|\n|poke|p2|Urshifu-*, M|\n|poke|p2|Rayquaza|\n|poke|p2|Blissey, F|\n|poke|p2|Great Tusk|\n|teampreview\n|\n|t:|1697632530\n|start\n|switch|p1a: Groudon|Groudon|100\/100\n|switch|p2a: Blobby|Blissey, F|100\/100\n|-weather|SunnyDay|[from] ability: Drought|[of] p1a: Groudon\n|turn|1\n|\n|t:|1697632537\n|move|p1a: Groudon|Stealth Rock|p2a: Blobby\n|-sidestart|p2: flippy-chan|move: Stealth Rock\n|move|p2a: Blobby|Stealth Rock|p1a: Groudon\n|-sidestart|p1: lorikk|move: Stealth Rock\n|\n|-weather|SunnyDay|[upkeep]\n|upkeep\n|turn|2\n|\n|t:|1697632542\n|switch|p2a: United|Great Tusk|100\/100\n|-damage|p2a: United|98\/100|[from] Stealth Rock\n|-activate|p2a: United|ability: Protosynthesis\n|-start|p2a: United|protosynthesisatk\n|move|p1a: Groudon|Will-O-Wisp|p2a: United\n|-status|p2a: United|brn\n|\n|-weather|SunnyDay|[upkeep]\n|-heal|p2a: United|100\/100 brn|[from] item: Leftovers\n|-damage|p2a: United|94\/100 brn|[from] brn\n|upkeep\n|turn|3\n|\n|t:|1697632563\n|switch|p1a: Flutter Mane|Flutter Mane|100\/100\n|-damage|p1a: Flutter Mane|88\/100|[from] Stealth Rock\n|-activate|p1a: Flutter Mane|ability: Protosynthesis\n|-start|p1a: Flutter Mane|protosynthesisspe\n|move|p2a: United|Rapid Spin|p1a: Flutter Mane\n|-immune|p1a: Flutter Mane\n|\n|-weather|SunnyDay|[upkeep]\n|-heal|p2a: United|100\/100 brn|[from] item: Leftovers\n|-damage|p2a: United|94\/100 brn|[from] brn\n|upkeep\n|turn|4\n|\n|t:|1697632577\n|-end|p2a: United|Protosynthesis|[silent]\n|switch|p2a: Blobby|Blissey, F|100\/100\n|move|p1a: Flutter Mane|Psyshock|p2a: Blobby\n|-damage|p2a: Blobby|72\/100\n|\n|-weather|SunnyDay|[upkeep]\n|upkeep\n|turn|5\n|\n|t:|1697632585\n|move|p1a: Flutter Mane|Psyshock|p2a: Blobby\n|-damage|p2a: Blobby|42\/100\n|move|p2a: Blobby|Thunder Wave|p1a: Flutter Mane\n|-status|p1a: Flutter Mane|par\n|\n|-weather|none\n|-end|p1a: Flutter Mane|Protosynthesis\n|upkeep\n|turn|6\n|\n|t:|1697632591\n|move|p1a: Flutter Mane|Psyshock|p2a: Blobby\n|-damage|p2a: Blobby|11\/100\n|move|p2a: Blobby|Soft-Boiled|p2a: Blobby\n|-heal|p2a: Blobby|61\/100\n|\n|upkeep\n|turn|7\n|\n|t:|1697632604\n|switch|p2a: Subballer|Rayquaza|100\/100\n|-damage|p2a: Subballer|76\/100|[from] Stealth Rock\n|-ability|p2a: Subballer|Air Lock\n|move|p1a: Flutter Mane|Psyshock|p2a: Subballer\n|-damage|p2a: Subballer|47\/100\n|\n|upkeep\n|turn|8\n|\n|t:|1697632616\n|move|p2a: Subballer|Earthquake|p1a: Flutter Mane\n|-damage|p1a: Flutter Mane|0 fnt\n|faint|p1a: Flutter Mane\n|-end|p1a: Flutter Mane|Protosynthesis|[silent]\n|-damage|p2a: Subballer|37\/100|[from] item: Life Orb\n|\n|upkeep\n|\n|t:|1697632624\n|switch|p1a: Conkeldurr|Conkeldurr, F|100\/100\n|-damage|p1a: Conkeldurr|94\/100|[from] Stealth Rock\n|turn|9\n|\n|t:|1697632630\n|move|p2a: Subballer|Dragon Ascent|p1a: Conkeldurr\n|-supereffective|p1a: Conkeldurr\n|-damage|p1a: Conkeldurr|0 fnt\n|-unboost|p2a: Subballer|def|1\n|-unboost|p2a: Subballer|spd|1\n|faint|p1a: Conkeldurr\n|-damage|p2a: Subballer|27\/100|[from] item: Life Orb\n|\n|upkeep\n|\n|t:|1697632639\n|switch|p1a: Groudon|Groudon|100\/100\n|-damage|p1a: Groudon|94\/100|[from] Stealth Rock\n|-weather|SunnyDay|[from] ability: Drought|[of] p1a: Groudon\n|turn|10\n|\n|t:|1697632648\n|move|p2a: Subballer|Earthquake|p1a: Groudon\n|-damage|p1a: Groudon|69\/100\n|-damage|p2a: Subballer|17\/100|[from] item: Life Orb\n|move|p1a: Groudon|Will-O-Wisp|p2a: Subballer\n|-status|p2a: Subballer|brn\n|\n|-weather|SunnyDay|[upkeep]\n|-heal|p1a: Groudon|75\/100|[from] item: Leftovers\n|-damage|p2a: Subballer|11\/100 brn|[from] brn\n|upkeep\n|turn|11\n|\n|t:|1697632660\n|move|p2a: Subballer|Dragon Ascent|p1a: Groudon\n|-crit|p1a: Groudon\n|-damage|p1a: Groudon|40\/100\n|-unboost|p2a: Subballer|def|1\n|-unboost|p2a: Subballer|spd|1\n|-damage|p2a: Subballer|1\/100 brn|[from] item: Life Orb\n|move|p1a: Groudon|Bulk Up|p1a: Groudon\n|-boost|p1a: Groudon|atk|1\n|-boost|p1a: Groudon|def|1\n|\n|-weather|SunnyDay|[upkeep]\n|-heal|p1a: Groudon|47\/100|[from] item: Leftovers\n|-damage|p2a: Subballer|0 fnt|[from] brn\n|faint|p2a: Subballer\n|upkeep\n|\n|t:|1697632664\n|switch|p2a: United|Great Tusk|94\/100 brn\n|-damage|p2a: United|91\/100 brn|[from] Stealth Rock\n|-activate|p2a: United|ability: Protosynthesis\n|-start|p2a: United|protosynthesisatk\n|turn|12\n|\n|t:|1697632677\n|move|p2a: United|Rapid Spin|p1a: Groudon\n|-damage|p1a: Groudon|43\/100\n|-boost|p2a: United|spe|1\n|-sideend|p2: flippy-chan|Stealth Rock|[from] move: Rapid Spin|[of] p2a: United\n|move|p1a: Groudon|Precipice Blades|p2a: United\n|-damage|p2a: United|22\/100 brn\n|\n|-weather|SunnyDay|[upkeep]\n|-heal|p2a: United|29\/100 brn|[from] item: Leftovers\n|-heal|p1a: Groudon|49\/100|[from] item: Leftovers\n|-damage|p2a: United|22\/100 brn|[from] brn\n|upkeep\n|turn|13\n|\n|t:|1697632690\n|switch|p1a: Walking Wake|Walking Wake|100\/100\n|-damage|p1a: Walking Wake|88\/100|[from] Stealth Rock\n|-activate|p1a: Walking Wake|ability: Protosynthesis\n|-start|p1a: Walking Wake|protosynthesisspa\n|move|p2a: United|Headlong Rush|p1a: Walking Wake\n|-damage|p1a: Walking Wake|49\/100\n|-unboost|p2a: United|def|1\n|-unboost|p2a: United|spd|1\n|\n|-weather|SunnyDay|[upkeep]\n|-heal|p2a: United|29\/100 brn|[from] item: Leftovers\n|-heal|p1a: Walking Wake|55\/100|[from] item: Leftovers\n|-damage|p2a: United|22\/100 brn|[from] brn\n|upkeep\n|turn|14\n|\n|t:|1697632704\n|move|p2a: United|Close Combat|p1a: Walking Wake\n|-damage|p1a: Walking Wake|16\/100\n|-unboost|p2a: United|def|1\n|-unboost|p2a: United|spd|1\n|move|p1a: Walking Wake|Surf|p2a: United\n|-supereffective|p2a: United\n|-damage|p2a: United|0 fnt\n|faint|p2a: United\n|-end|p2a: United|Protosynthesis|[silent]\n|\n|-weather|none\n|-end|p1a: Walking Wake|Protosynthesis\n|-heal|p1a: Walking Wake|22\/100|[from] item: Leftovers\n|upkeep\n|\n|t:|1697632713\n|switch|p2a: Water bender|Urshifu-Rapid-Strike, M|100\/100\n|turn|15\n|\n|t:|1697632718\n|-end|p1a: Walking Wake|Protosynthesis|[silent]\n|switch|p1a: Victreebel|Victreebel, F|100\/100\n|-damage|p1a: Victreebel|88\/100|[from] Stealth Rock\n|move|p2a: Water bender|Poison Jab|p1a: Victreebel\n|-damage|p1a: Victreebel|29\/100\n|\n|upkeep\n|turn|16\n|\n|t:|1697632727\n|switch|p1a: Groudon|Groudon|49\/100\n|-damage|p1a: Groudon|43\/100|[from] Stealth Rock\n|-weather|SunnyDay|[from] ability: Drought|[of] p1a: Groudon\n|move|p2a: Water bender|Poison Jab|p1a: Groudon\n|-resisted|p1a: Groudon\n|-damage|p1a: Groudon|32\/100\n|-status|p1a: Groudon|psn\n|\n|-weather|SunnyDay|[upkeep]\n|-heal|p1a: Groudon|39\/100 psn|[from] item: Leftovers\n|-damage|p1a: Groudon|26\/100 psn|[from] psn\n|upkeep\n|turn|17\n|\n|t:|1697632739\n|switch|p2a: Blobby|Blissey, F|61\/100\n|move|p1a: Groudon|Precipice Blades|p2a: Blobby|[miss]\n|-miss|p1a: Groudon|p2a: Blobby\n|\n|-weather|SunnyDay|[upkeep]\n|-heal|p1a: Groudon|32\/100 psn|[from] item: Leftovers\n|-damage|p1a: Groudon|20\/100 psn|[from] psn\n|upkeep\n|turn|18\n|\n|t:|1697632748\n|move|p1a: Groudon|Precipice Blades|p2a: Blobby|[miss]\n|-miss|p1a: Groudon|p2a: Blobby\n|move|p2a: Blobby|Seismic Toss|p1a: Groudon\n|-damage|p1a: Groudon|0 fnt\n|faint|p1a: Groudon\n|\n|-weather|SunnyDay|[upkeep]\n|upkeep\n|\n|t:|1697632756\n|switch|p1a: Victreebel|Victreebel, F|29\/100\n|-damage|p1a: Victreebel|16\/100|[from] Stealth Rock\n|turn|19\n|\n|t:|1697632760\n|move|p1a: Victreebel|Giga Drain|p2a: Blobby\n|-damage|p2a: Blobby|47\/100\n|-heal|p1a: Victreebel|29\/100|[from] drain|[of] p2a: Blobby\n|-damage|p1a: Victreebel|19\/100|[from] item: Life Orb\n|move|p2a: Blobby|Seismic Toss|p1a: Victreebel\n|-damage|p1a: Victreebel|0 fnt\n|faint|p1a: Victreebel\n|\n|-weather|SunnyDay|[upkeep]\n|upkeep\n|\n|t:|1697632769\n|switch|p1a: Heatran|Heatran, M|100\/100\n|-damage|p1a: Heatran|88\/100|[from] Stealth Rock\n|turn|20\n|\n|t:|1697632777\n|move|p1a: Heatran|Magma Storm|p2a: Blobby|[miss]\n|-miss|p1a: Heatran|p2a: Blobby\n|move|p2a: Blobby|Thunder Wave|p1a: Heatran\n|-status|p1a: Heatran|par\n|\n|-weather|none\n|-heal|p1a: Heatran|94\/100 par|[from] item: Leftovers\n|upkeep\n|turn|21\n|\n|t:|1697632784\n|move|p2a: Blobby|Soft-Boiled|p2a: Blobby\n|-heal|p2a: Blobby|97\/100\n|move|p1a: Heatran|Magma Storm|p2a: Blobby\n|-damage|p2a: Blobby|85\/100\n|-activate|p2a: Blobby|move: Magma Storm|[of] p1a: Heatran\n|\n|-heal|p1a: Heatran|100\/100 par|[from] item: Leftovers\n|-damage|p2a: Blobby|72\/100|[from] move: Magma Storm|[partiallytrapped]\n|upkeep\n|turn|22\n|-message|lorikk forfeited.\n|\n|win|flippy-chan\n|raw|lorikk's rating: 1110 &rarr; <strong>1088<\/strong><br \/>(-22 for losing)\n|raw|flippy-chan's rating: 1147 &rarr; <strong>1169<\/strong><br \/>(+22 for winning)\n|l|\u2606lorikk\n","uploadtime":1697633017,"views":11,"p1id":"lorikk","p2id":"flippychan","formatid":"gen9ubers","rating":1088,"private":0,"password":""}