{"id":"gen9ubers-1971707943","p1":"LadyMaria-Blue","p2":"Waluigi2262","format":"[Gen 9] Ubers","log":"|j|\u2606LadyMaria-Blue\n|j|\u2606Waluigi2262\n|t:|1697763385\n|gametype|singles\n|player|p1|LadyMaria-Blue|cynthia|\n|player|p2|Waluigi2262|hilda-wonderlauncher|\n|teamsize|p1|6\n|teamsize|p2|6\n|gen|9\n|tier|[Gen 9] Ubers\n|rule|Sleep Clause Mod: Limit one foe put to sleep\n|rule|Species Clause: Limit one of each Pok\u00e9mon\n|rule|OHKO Clause: OHKO moves are banned\n|rule|Evasion Items Clause: Evasion items are banned\n|rule|Evasion Moves Clause: Evasion moves are banned\n|rule|Endless Battle Clause: Forcing endless battles is banned\n|rule|HP Percentage Mod: HP is shown in percentages\n|clearpoke\n|poke|p1|Spiritomb, F|\n|poke|p1|Gastrodon, F|\n|poke|p1|Lucario, F|\n|poke|p1|Milotic, F|\n|poke|p1|Shaymin-Sky|\n|poke|p1|Garchomp, F|\n|poke|p2|Shaymin-Sky|\n|poke|p2|Magearna|\n|poke|p2|Palafin, M|\n|poke|p2|Gliscor, M|\n|poke|p2|Cyclizar, F|\n|poke|p2|Zacian-*|\n|teampreview\n|inactive|Battle timer is ON: inactive players will automatically lose when time's up. (requested by LadyMaria-Blue)\n|inactiveoff|Battle timer is now OFF.\n|c|\u2606Waluigi2262|(Cynthia flashbacks)\n|c|\u2606LadyMaria-Blue|:)\n|j| portobellomushroom\n|\n|t:|1697763424\n|start\n|switch|p1a: Spiritomb|Spiritomb, F, shiny|100\/100\n|switch|p2a: Hercufin|Palafin, M|100\/100\n|turn|1\n|\n|t:|1697763435\n|detailschange|p2a: Hercufin|Palafin-Hero, M\n|switch|p2a: Zoomer|Magearna|100\/100\n|move|p1a: Spiritomb|Will-O-Wisp|p2a: Zoomer\n|-status|p2a: Zoomer|brn\n|\n|-damage|p2a: Zoomer|94\/100 brn|[from] brn\n|upkeep\n|turn|2\n|\n|t:|1697763444\n|switch|p1a: Gastrodon|Gastrodon, F|100\/100\n|move|p2a: Zoomer|Shift Gear|p2a: Zoomer\n|-boost|p2a: Zoomer|spe|2\n|-boost|p2a: Zoomer|atk|1\n|\n|-heal|p2a: Zoomer|100\/100 brn|[from] item: Leftovers\n|-damage|p2a: Zoomer|94\/100 brn|[from] brn\n|upkeep\n|turn|3\n|\n|t:|1697763449\n|move|p2a: Zoomer|Calm Mind|p2a: Zoomer\n|-boost|p2a: Zoomer|spa|1\n|-boost|p2a: Zoomer|spd|1\n|move|p1a: Gastrodon|Earth Power|p2a: Zoomer\n|-supereffective|p2a: Zoomer\n|-damage|p2a: Zoomer|61\/100 brn\n|\n|-heal|p2a: Zoomer|67\/100 brn|[from] item: Leftovers\n|-damage|p2a: Zoomer|61\/100 brn|[from] brn\n|upkeep\n|turn|4\n|\n|t:|1697763454\n|move|p2a: Zoomer|Calm Mind|p2a: Zoomer\n|-boost|p2a: Zoomer|spa|1\n|-boost|p2a: Zoomer|spd|1\n|move|p1a: Gastrodon|Earth Power|p2a: Zoomer\n|-supereffective|p2a: Zoomer\n|-crit|p2a: Zoomer\n|-damage|p2a: Zoomer|0 fnt\n|faint|p2a: Zoomer\n|\n|upkeep\n|\n|t:|1697763467\n|switch|p2a: Green Baron|Shaymin-Sky|100\/100\n|turn|5\n|\n|t:|1697763476\n|switch|p1a: Spiritomb|Spiritomb, F, shiny|100\/100\n|move|p2a: Green Baron|Earth Power|p1a: Spiritomb\n|-damage|p1a: Spiritomb|69\/100\n|\n|-heal|p1a: Spiritomb|75\/100|[from] item: Leftovers\n|upkeep\n|turn|6\n|c| portobellomushroom|the cynthia power pulling through\n|\n|t:|1697763496\n|move|p2a: Green Baron|Earth Power|p1a: Spiritomb\n|-damage|p1a: Spiritomb|47\/100\n|move|p1a: Spiritomb|Will-O-Wisp|p2a: Green Baron\n|-status|p2a: Green Baron|brn\n|\n|-heal|p1a: Spiritomb|53\/100|[from] item: Leftovers\n|-damage|p2a: Green Baron|94\/100 brn|[from] brn\n|upkeep\n|turn|7\n|\n|t:|1697763506\n|move|p2a: Green Baron|Earth Power|p1a: Spiritomb\n|-damage|p1a: Spiritomb|21\/100\n|-unboost|p1a: Spiritomb|spd|1\n|move|p1a: Spiritomb|Disable|p2a: Green Baron\n|-start|p2a: Green Baron|Disable|Earth Power\n|\n|-heal|p1a: Spiritomb|27\/100|[from] item: Leftovers\n|-damage|p2a: Green Baron|88\/100 brn|[from] brn\n|upkeep\n|turn|8\n|\n|t:|1697763517\n|switch|p2a: Doge|Zacian, shiny|100\/100\n|-ability|p2a: Doge|Intrepid Sword|boost\n|-boost|p2a: Doge|atk|1\n|move|p1a: Spiritomb|Destiny Bond|p1a: Spiritomb\n|-singlemove|p1a: Spiritomb|Destiny Bond\n|\n|-heal|p1a: Spiritomb|33\/100|[from] item: Leftovers\n|upkeep\n|turn|9\n|\n|t:|1697763522\n|switch|p2a: Green Baron|Shaymin-Sky|88\/100 brn\n|move|p1a: Spiritomb|Will-O-Wisp|p2a: Green Baron\n|-fail|p2a: Green Baron|brn\n|\n|-heal|p1a: Spiritomb|40\/100|[from] item: Leftovers\n|-damage|p2a: Green Baron|82\/100 brn|[from] brn\n|upkeep\n|turn|10\n|\n|t:|1697763528\n|move|p2a: Green Baron|Dazzling Gleam|p1a: Spiritomb\n|-supereffective|p1a: Spiritomb\n|-damage|p1a: Spiritomb|0 fnt\n|faint|p1a: Spiritomb\n|\n|-damage|p2a: Green Baron|76\/100 brn|[from] brn\n|upkeep\n|\n|t:|1697763539\n|switch|p1a: Lucario|Lucario, F|100\/100\n|turn|11\n|\n|t:|1697763545\n|switch|p2a: BIG MEATY CLAWS|Gliscor, M, shiny|100\/100\n|move|p1a: Lucario|Ice Punch|p2a: BIG MEATY CLAWS\n|-supereffective|p2a: BIG MEATY CLAWS\n|-damage|p2a: BIG MEATY CLAWS|36\/100\n|\n|-status|p2a: BIG MEATY CLAWS|tox|[from] item: Toxic Orb\n|upkeep\n|turn|12\n|\n|t:|1697763555\n|switch|p2a: Hercufin|Palafin-Hero, M|100\/100\n|-activate|p2a: Hercufin|ability: Zero to Hero\n|move|p1a: Lucario|Ice Punch|p2a: Hercufin\n|-resisted|p2a: Hercufin\n|-damage|p2a: Hercufin|87\/100\n|\n|upkeep\n|turn|13\n|\n|t:|1697763574\n|switch|p1a: Gastrodon|Gastrodon, F|100\/100\n|move|p2a: Hercufin|Ice Punch|p1a: Gastrodon\n|-damage|p1a: Gastrodon|59\/100\n|\n|-heal|p1a: Gastrodon|65\/100|[from] item: Leftovers\n|upkeep\n|turn|14\n|\n|t:|1697763581\n|move|p1a: Gastrodon|Protect|p1a: Gastrodon\n|-singleturn|p1a: Gastrodon|Protect\n|move|p2a: Hercufin|Ice Punch|p1a: Gastrodon\n|-activate|p1a: Gastrodon|move: Protect\n|\n|-heal|p1a: Gastrodon|71\/100|[from] item: Leftovers\n|upkeep\n|turn|15\n|\n|t:|1697763593\n|move|p2a: Hercufin|Ice Punch|p1a: Gastrodon\n|-crit|p1a: Gastrodon\n|-damage|p1a: Gastrodon|12\/100\n|move|p1a: Gastrodon|Earth Power|p2a: Hercufin\n|-damage|p2a: Hercufin|52\/100\n|\n|-heal|p1a: Gastrodon|18\/100|[from] item: Leftovers\n|upkeep\n|turn|16\n|\n|t:|1697763600\n|switch|p2a: BIG MEATY CLAWS|Gliscor, M, shiny|36\/100 tox\n|move|p1a: Gastrodon|Protect||[still]\n|-fail|p1a: Gastrodon\n|\n|-heal|p1a: Gastrodon|24\/100|[from] item: Leftovers\n|-heal|p2a: BIG MEATY CLAWS|49\/100 tox|[from] ability: Poison Heal\n|upkeep\n|turn|17\n|\n|t:|1697763605\n|move|p2a: BIG MEATY CLAWS|Knock Off|p1a: Gastrodon\n|-damage|p1a: Gastrodon|4\/100\n|-enditem|p1a: Gastrodon|Leftovers|[from] move: Knock Off|[of] p2a: BIG MEATY CLAWS\n|move|p1a: Gastrodon|Recover|p1a: Gastrodon\n|-heal|p1a: Gastrodon|54\/100\n|\n|-heal|p2a: BIG MEATY CLAWS|61\/100 tox|[from] ability: Poison Heal\n|upkeep\n|turn|18\n|\n|t:|1697763610\n|move|p2a: BIG MEATY CLAWS|Toxic|p1a: Gastrodon\n|-status|p1a: Gastrodon|tox\n|move|p1a: Gastrodon|Recover|p1a: Gastrodon\n|-heal|p1a: Gastrodon|100\/100 tox\n|\n|-heal|p2a: BIG MEATY CLAWS|73\/100 tox|[from] ability: Poison Heal\n|-damage|p1a: Gastrodon|94\/100 tox|[from] psn\n|upkeep\n|turn|19\n|\n|t:|1697763614\n|move|p2a: BIG MEATY CLAWS|Earthquake|p1a: Gastrodon\n|-damage|p1a: Gastrodon|65\/100 tox\n|move|p1a: Gastrodon|Ice Beam|p2a: BIG MEATY CLAWS\n|-supereffective|p2a: BIG MEATY CLAWS\n|-crit|p2a: BIG MEATY CLAWS\n|-damage|p2a: BIG MEATY CLAWS|0 fnt\n|faint|p2a: BIG MEATY CLAWS\n|\n|-damage|p1a: Gastrodon|52\/100 tox|[from] psn\n|upkeep\n|\n|t:|1697763626\n|switch|p2a: Doge|Zacian, shiny|100\/100\n|turn|20\n|\n|t:|1697763635\n|move|p2a: Doge|Swords Dance|p2a: Doge\n|-boost|p2a: Doge|atk|2\n|move|p1a: Gastrodon|Earth Power|p2a: Doge\n|-damage|p2a: Doge|73\/100\n|\n|-heal|p2a: Doge|80\/100|[from] item: Leftovers\n|-damage|p1a: Gastrodon|34\/100 tox|[from] psn\n|upkeep\n|turn|21\n|\n|t:|1697763648\n|switch|p1a: Milotic|Milotic, F, shiny|100\/100\n|move|p2a: Doge|Swords Dance|p2a: Doge\n|-boost|p2a: Doge|atk|2\n|\n|-heal|p2a: Doge|86\/100|[from] item: Leftovers\n|upkeep\n|turn|22\n|\n|t:|1697763652\n|-terastallize|p2a: Doge|Fairy\n|move|p2a: Doge|Play Rough|p1a: Milotic\n|-damage|p1a: Milotic|0 fnt\n|faint|p1a: Milotic\n|\n|-heal|p2a: Doge|92\/100|[from] item: Leftovers\n|upkeep\n|\n|t:|1697763656\n|switch|p1a: Lucario|Lucario, F|100\/100\n|turn|23\n|\n|t:|1697763661\n|move|p1a: Lucario|Meteor Mash|p2a: Doge|[miss]\n|-miss|p1a: Lucario|p2a: Doge\n|move|p2a: Doge|Sacred Sword|p1a: Lucario\n|-supereffective|p1a: Lucario\n|-damage|p1a: Lucario|0 fnt\n|faint|p1a: Lucario\n|\n|-heal|p2a: Doge|98\/100|[from] item: Leftovers\n|upkeep\n|c| portobellomushroom|rip\n|\n|t:|1697763670\n|switch|p1a: Shaymin|Shaymin-Sky, shiny|100\/100\n|turn|24\n|c|\u2606Waluigi2262|oof\n|\n|t:|1697763681\n|move|p1a: Shaymin|Air Slash|p2a: Doge\n|-damage|p2a: Doge|61\/100\n|cant|p2a: Doge|flinch\n|\n|-heal|p2a: Doge|67\/100|[from] item: Leftovers\n|upkeep\n|turn|25\n|\n|t:|1697763685\n|move|p1a: Shaymin|Air Slash|p2a: Doge\n|-damage|p2a: Doge|29\/100\n|cant|p2a: Doge|flinch\n|\n|-heal|p2a: Doge|35\/100|[from] item: Leftovers\n|upkeep\n|turn|26\n|c|\u2606Waluigi2262|(Togekiss flashbacks)\n|\n|t:|1697763700\n|move|p1a: Shaymin|Air Slash|p2a: Doge\n|-damage|p2a: Doge|1\/100\n|move|p2a: Doge|Play Rough|p1a: Shaymin\n|-damage|p1a: Shaymin|0 fnt\n|faint|p1a: Shaymin\n|\n|-heal|p2a: Doge|7\/100|[from] item: Leftovers\n|upkeep\n|\n|t:|1697763705\n|switch|p1a: Gastrodon|Gastrodon, F|34\/100 tox\n|turn|27\n|\n|t:|1697763709\n|move|p2a: Doge|Play Rough|p1a: Gastrodon|[miss]\n|-miss|p2a: Doge|p1a: Gastrodon\n|move|p1a: Gastrodon|Earth Power|p2a: Doge\n|-damage|p2a: Doge|0 fnt\n|faint|p2a: Doge\n|\n|-damage|p1a: Gastrodon|28\/100 tox|[from] psn\n|upkeep\n|c|\u2606LadyMaria-Blue|gastrodon is so lucky this match lol\n|\n|t:|1697763725\n|switch|p2a: Regen|Cyclizar, F|100\/100\n|turn|28\n|\n|t:|1697763728\n|move|p2a: Regen|Draco Meteor|p1a: Gastrodon\n|-damage|p1a: Gastrodon|0 fnt\n|-unboost|p2a: Regen|spa|2\n|faint|p1a: Gastrodon\n|\n|upkeep\n|c|\u2606Waluigi2262|very\n|\n|t:|1697763731\n|switch|p1a: Garchomp|Garchomp, F, shiny|100\/100\n|turn|29\n|c| portobellomushroom|goated gastrodon\n|\n|t:|1697763742\n|-terastallize|p1a: Garchomp|Steel\n|move|p2a: Regen|Shed Tail|p2a: Regen\n|-start|p2a: Regen|Substitute|[from] move: Shed Tail\n|-damage|p2a: Regen|50\/100\n|\n|t:|1697763747\n|switch|p2a: Hercufin|Palafin-Hero, M|52\/100|[from] Shed Tail\n|move|p1a: Garchomp|Swords Dance|p1a: Garchomp\n|-boost|p1a: Garchomp|atk|2\n|\n|upkeep\n|turn|30\n|\n|t:|1697763752\n|move|p2a: Hercufin|Close Combat|p1a: Garchomp\n|-supereffective|p1a: Garchomp\n|-damage|p1a: Garchomp|0 fnt\n|-unboost|p2a: Hercufin|def|1\n|-unboost|p2a: Hercufin|spd|1\n|-damage|p2a: Hercufin|39\/100|[from] ability: Rough Skin|[of] p1a: Garchomp\n|faint|p1a: Garchomp\n|\n|win|Waluigi2262\n|c|\u2606Waluigi2262|gg\n|c|\u2606LadyMaria-Blue|ggs\n|l| portobellomushroom\n","uploadtime":1697763763,"views":24,"p1id":"ladymariablue","p2id":"waluigi2262","formatid":"gen9ubers","rating":0,"private":0,"password":""}