{"id":"gen9ubers-1988833114","p1":"MaseReloaded","p2":"7aco","format":"[Gen 9] Ubers","log":"|j|\u2606MaseReloaded\n|j|\u26067aco\n|t:|1699770183\n|gametype|singles\n|player|p1|MaseReloaded|palmer|\n|player|p2|7aco|mela|\n|teamsize|p1|6\n|teamsize|p2|6\n|gen|9\n|tier|[Gen 9] Ubers\n|rule|Sleep Clause Mod: Limit one foe put to sleep\n|rule|Species Clause: Limit one of each Pok\u00e9mon\n|rule|OHKO Clause: OHKO moves are banned\n|rule|Evasion Items Clause: Evasion items are banned\n|rule|Evasion Moves Clause: Evasion moves are banned\n|rule|Endless Battle Clause: Forcing endless battles is banned\n|rule|HP Percentage Mod: HP is shown in percentages\n|clearpoke\n|poke|p1|Hatterene, F|\n|poke|p1|Manaphy|\n|poke|p1|Mandibuzz, F|\n|poke|p1|Regidrago|\n|poke|p1|Goodra-Hisui, F|\n|poke|p1|Ursaluna-Bloodmoon, M|\n|poke|p2|Slowbro-Galar, F|\n|poke|p2|Rotom-Mow|\n|poke|p2|Donphan, F|\n|poke|p2|Falinks|\n|poke|p2|Grafaiai, F|\n|poke|p2|Ninetales-Alola, F|\n|teampreview\n|c|\u2606MaseReloaded|glhf\n|c|\u26067aco|u too\n|\n|t:|1699770267\n|start\n|switch|p1a: Meteor Burst|Regidrago, shiny|100\/100\n|switch|p2a: peyuta friend|Grafaiai, F|100\/100\n|turn|1\n|\n|t:|1699770332\n|-terastallize|p1a: Meteor Burst|Steel\n|move|p2a: peyuta friend|Parting Shot|p1a: Meteor Burst\n|-unboost|p1a: Meteor Burst|atk|1\n|-unboost|p1a: Meteor Burst|spa|1\n|\n|t:|1699770391\n|switch|p2a: dende perc|Rotom-Mow|100\/100|[from] Parting Shot\n|move|p1a: Meteor Burst|Reflect|p1a: Meteor Burst\n|-sidestart|p1: MaseReloaded|Reflect\n|\n|upkeep\n|turn|2\n|\n|t:|1699770470\n|switch|p1a: Young Hermit Crab|Goodra-Hisui, F, shiny|100\/100\n|move|p2a: dende perc|Thunder Wave|p1a: Young Hermit Crab\n|-status|p1a: Young Hermit Crab|par\n|\n|upkeep\n|turn|3\n|\n|t:|1699770483\n|move|p2a: dende perc|Volt Switch|p1a: Young Hermit Crab\n|-resisted|p1a: Young Hermit Crab\n|-damage|p1a: Young Hermit Crab|95\/100 par\n|\n|t:|1699770489\n|switch|p2a: my bitch wife|Donphan, F|100\/100|[from] Volt Switch\n|move|p1a: Young Hermit Crab|Dragon Pulse|p2a: my bitch wife\n|-damage|p2a: my bitch wife|42\/100\n|\n|-heal|p2a: my bitch wife|49\/100|[from] item: Leftovers\n|upkeep\n|turn|4\n|\n|t:|1699770578\n|move|p2a: my bitch wife|Earthquake|p1a: Young Hermit Crab\n|-supereffective|p1a: Young Hermit Crab\n|-damage|p1a: Young Hermit Crab|41\/100 par\n|cant|p1a: Young Hermit Crab|par\n|\n|-heal|p2a: my bitch wife|55\/100|[from] item: Leftovers\n|upkeep\n|turn|5\n|\n|t:|1699770600\n|switch|p1a: Bird Type Pok\u00e9mon|Mandibuzz, F, shiny|100\/100\n|move|p2a: my bitch wife|Ice Spinner|p1a: Bird Type Pok\u00e9mon\n|-supereffective|p1a: Bird Type Pok\u00e9mon\n|-damage|p1a: Bird Type Pok\u00e9mon|79\/100\n|\n|-heal|p2a: my bitch wife|61\/100|[from] item: Leftovers\n|upkeep\n|turn|6\n|\n|t:|1699770629\n|switch|p2a: peyuta friend|Grafaiai, F|100\/100\n|move|p1a: Bird Type Pok\u00e9mon|Foul Play|p2a: peyuta friend\n|-crit|p2a: peyuta friend\n|-damage|p2a: peyuta friend|0 fnt\n|faint|p2a: peyuta friend\n|\n|upkeep\n|c|\u26067aco|damn\n|c|\u2606MaseReloaded|f grafaiai\n|c|\u2606MaseReloaded|gone too soon\n|c|\u26067aco|crit hurts\n|\n|t:|1699770676\n|switch|p2a: we love you dream|Ninetales-Alola, F|100\/100\n|-weather|Snow|[from] ability: Snow Warning|[of] p2a: we love you dream\n|turn|7\n|c|\u2606MaseReloaded|rip the goat\n|\n|t:|1699770710\n|switch|p1a: Meteor Burst|Regidrago, shiny, tera:Steel|100\/100\n|move|p2a: we love you dream|Aurora Veil|p2a: we love you dream\n|-sidestart|p2: 7aco|move: Aurora Veil\n|\n|-weather|Snow|[upkeep]\n|upkeep\n|turn|8\n|\n|t:|1699770748\n|switch|p2a: dende perc|Rotom-Mow|100\/100\n|move|p1a: Meteor Burst|Light Screen|p1a: Meteor Burst\n|-sidestart|p1: MaseReloaded|move: Light Screen\n|\n|-weather|Snow|[upkeep]\n|-sideend|p1: MaseReloaded|Reflect\n|upkeep\n|turn|9\n|\n|t:|1699770770\n|switch|p1a: Young Hermit Crab|Goodra-Hisui, F, shiny|41\/100 par\n|move|p2a: dende perc|Volt Switch|p1a: Young Hermit Crab\n|-resisted|p1a: Young Hermit Crab\n|-damage|p1a: Young Hermit Crab|38\/100 par\n|\n|t:|1699770773\n|switch|p2a: my bitch wife|Donphan, F|61\/100|[from] Volt Switch\n|\n|-weather|Snow|[upkeep]\n|-heal|p2a: my bitch wife|67\/100|[from] item: Leftovers\n|upkeep\n|turn|10\n|j| JumboSauce\n|\n|t:|1699770861\n|move|p2a: my bitch wife|Stealth Rock|p1a: Young Hermit Crab\n|-sidestart|p1: MaseReloaded|move: Stealth Rock\n|move|p1a: Young Hermit Crab|Dragon Pulse|p2a: my bitch wife\n|-damage|p2a: my bitch wife|38\/100\n|\n|-weather|Snow|[upkeep]\n|-heal|p2a: my bitch wife|44\/100|[from] item: Leftovers\n|upkeep\n|turn|11\n|\n|t:|1699770873\n|move|p2a: my bitch wife|Earthquake|p1a: Young Hermit Crab\n|-supereffective|p1a: Young Hermit Crab\n|-damage|p1a: Young Hermit Crab|0 fnt\n|faint|p1a: Young Hermit Crab\n|\n|-weather|none\n|-heal|p2a: my bitch wife|50\/100|[from] item: Leftovers\n|upkeep\n|\n|t:|1699770879\n|switch|p1a: Bird Type Pok\u00e9mon|Mandibuzz, F, shiny|79\/100\n|turn|12\n|\n|t:|1699770969\n|switch|p2a: dende perc|Rotom-Mow|100\/100\n|move|p1a: Bird Type Pok\u00e9mon|Defog|p2a: dende perc\n|-unboost|p2a: dende perc|evasion|1\n|-sideend|p2: 7aco|move: Aurora Veil\n|-sideend|p1: MaseReloaded|Stealth Rock|[from] move: Defog|[of] p1a: Bird Type Pok\u00e9mon\n|\n|upkeep\n|turn|13\n|\n|t:|1699770988\n|move|p2a: dende perc|Substitute|p2a: dende perc\n|-start|p2a: dende perc|Substitute\n|-damage|p2a: dende perc|75\/100\n|move|p1a: Bird Type Pok\u00e9mon|U-turn|p2a: dende perc\n|-supereffective|p2a: dende perc\n|-end|p2a: dende perc|Substitute\n|\n|t:|1699771040\n|switch|p1a: Meteor Burst|Regidrago, shiny, tera:Steel|100\/100|[from] U-turn\n|\n|-heal|p2a: dende perc|82\/100|[from] item: Leftovers\n|upkeep\n|turn|14\n|\n|t:|1699771050\n|move|p2a: dende perc|Substitute|p2a: dende perc\n|-start|p2a: dende perc|Substitute\n|-damage|p2a: dende perc|57\/100\n|move|p1a: Meteor Burst|Reflect|p1a: Meteor Burst\n|-sidestart|p1: MaseReloaded|Reflect\n|\n|-heal|p2a: dende perc|63\/100|[from] item: Leftovers\n|upkeep\n|turn|15\n|\n|t:|1699771055\n|move|p2a: dende perc|Thunder Wave|p1a: Meteor Burst\n|-status|p1a: Meteor Burst|par\n|cant|p1a: Meteor Burst|par\n|\n|-heal|p2a: dende perc|69\/100|[from] item: Leftovers\n|-sideend|p1: MaseReloaded|move: Light Screen\n|upkeep\n|turn|16\n|\n|t:|1699771070\n|move|p2a: dende perc|Leaf Storm|p1a: Meteor Burst\n|-resisted|p1a: Meteor Burst\n|-damage|p1a: Meteor Burst|86\/100 par\n|-unboost|p2a: dende perc|spa|2\n|cant|p1a: Meteor Burst|par\n|\n|-heal|p2a: dende perc|75\/100|[from] item: Leftovers\n|upkeep\n|turn|17\n|\n|t:|1699771087\n|move|p2a: dende perc|Volt Switch|p1a: Meteor Burst\n|-damage|p1a: Meteor Burst|78\/100 par\n|\n|t:|1699771095\n|switch|p2a: my bitch wife|Donphan, F|50\/100|[from] Volt Switch\n|move|p1a: Meteor Burst|Light Screen|p1a: Meteor Burst\n|-sidestart|p1: MaseReloaded|move: Light Screen\n|\n|-heal|p2a: my bitch wife|56\/100|[from] item: Leftovers\n|upkeep\n|turn|18\n|\n|t:|1699771172\n|switch|p1a: Ocean's Blessing|Manaphy, shiny|100\/100\n|move|p2a: my bitch wife|Stealth Rock|p1a: Ocean's Blessing\n|-sidestart|p1: MaseReloaded|move: Stealth Rock\n|\n|-heal|p2a: my bitch wife|63\/100|[from] item: Leftovers\n|upkeep\n|turn|19\n|\n|t:|1699771213\n|switch|p2a: pikmin 2|Slowbro-Galar, F|100\/100\n|move|p1a: Ocean's Blessing|Take Heart|p1a: Ocean's Blessing\n|-boost|p1a: Ocean's Blessing|spa|1\n|-boost|p1a: Ocean's Blessing|spd|1\n|\n|upkeep\n|turn|20\n|\n|t:|1699771229\n|move|p1a: Ocean's Blessing|Take Heart|p1a: Ocean's Blessing\n|-boost|p1a: Ocean's Blessing|spa|1\n|-boost|p1a: Ocean's Blessing|spd|1\n|move|p2a: pikmin 2|Sludge Bomb|p1a: Ocean's Blessing\n|-damage|p1a: Ocean's Blessing|94\/100\n|-status|p1a: Ocean's Blessing|psn\n|\n|-heal|p1a: Ocean's Blessing|99\/100 psn|[from] item: Leftovers\n|-damage|p1a: Ocean's Blessing|87\/100 psn|[from] psn\n|upkeep\n|turn|21\n|\n|t:|1699771238\n|move|p1a: Ocean's Blessing|Take Heart|p1a: Ocean's Blessing\n|-boost|p1a: Ocean's Blessing|spa|1\n|-boost|p1a: Ocean's Blessing|spd|1\n|-curestatus|p1a: Ocean's Blessing|psn|[msg]\n|move|p2a: pikmin 2|Psyshock|p1a: Ocean's Blessing\n|-damage|p1a: Ocean's Blessing|74\/100\n|\n|-heal|p1a: Ocean's Blessing|80\/100|[from] item: Leftovers\n|-sideend|p1: MaseReloaded|Reflect\n|upkeep\n|turn|22\n|\n|t:|1699771292\n|move|p1a: Ocean's Blessing|Acid Armor|p1a: Ocean's Blessing\n|-boost|p1a: Ocean's Blessing|def|2\n|move|p2a: pikmin 2|Psyshock|p1a: Ocean's Blessing\n|-damage|p1a: Ocean's Blessing|75\/100\n|\n|-heal|p1a: Ocean's Blessing|81\/100|[from] item: Leftovers\n|upkeep\n|turn|23\n|\n|t:|1699771300\n|switch|p2a: we love you dream|Ninetales-Alola, F|100\/100\n|-weather|Snow|[from] ability: Snow Warning|[of] p2a: we love you dream\n|move|p1a: Ocean's Blessing|Stored Power|p2a: we love you dream\n|-damage|p2a: we love you dream|3\/100\n|\n|-weather|Snow|[upkeep]\n|-heal|p1a: Ocean's Blessing|87\/100|[from] item: Leftovers\n|upkeep\n|turn|24\n|\n|t:|1699771315\n|move|p2a: we love you dream|Hypnosis|p1a: Ocean's Blessing\n|-status|p1a: Ocean's Blessing|slp|[from] move: Hypnosis\n|cant|p1a: Ocean's Blessing|slp\n|\n|-weather|Snow|[upkeep]\n|-heal|p1a: Ocean's Blessing|93\/100 slp|[from] item: Leftovers\n|-sideend|p1: MaseReloaded|move: Light Screen\n|upkeep\n|turn|25\n|\n|t:|1699771342\n|switch|p2a: trojabn whores|Falinks|100\/100\n|-curestatus|p1a: Ocean's Blessing|slp|[msg]\n|move|p1a: Ocean's Blessing|Take Heart|p1a: Ocean's Blessing\n|-boost|p1a: Ocean's Blessing|spa|1\n|-boost|p1a: Ocean's Blessing|spd|1\n|\n|-weather|Snow|[upkeep]\n|-heal|p1a: Ocean's Blessing|99\/100|[from] item: Leftovers\n|upkeep\n|turn|26\n|\n|t:|1699771377\n|switch|p2a: dende perc|Rotom-Mow|75\/100\n|move|p1a: Ocean's Blessing|Stored Power|p2a: dende perc\n|-damage|p2a: dende perc|0 fnt\n|faint|p2a: dende perc\n|\n|-weather|Snow|[upkeep]\n|-heal|p1a: Ocean's Blessing|100\/100|[from] item: Leftovers\n|upkeep\n|\n|t:|1699771379\n|switch|p2a: we love you dream|Ninetales-Alola, F|3\/100\n|turn|27\n|\n|t:|1699771387\n|move|p2a: we love you dream|Hypnosis|p1a: Ocean's Blessing\n|-status|p1a: Ocean's Blessing|slp|[from] move: Hypnosis\n|cant|p1a: Ocean's Blessing|slp\n|\n|-weather|none\n|upkeep\n|turn|28\n|\n|t:|1699771393\n|switch|p2a: trojabn whores|Falinks|100\/100\n|cant|p1a: Ocean's Blessing|slp\n|\n|upkeep\n|turn|29\n|\n|t:|1699771398\n|cant|p1a: Ocean's Blessing|slp\n|move|p2a: trojabn whores|No Retreat|p2a: trojabn whores\n|-boost|p2a: trojabn whores|atk|1\n|-boost|p2a: trojabn whores|def|1\n|-boost|p2a: trojabn whores|spa|1\n|-boost|p2a: trojabn whores|spd|1\n|-boost|p2a: trojabn whores|spe|1\n|-start|p2a: trojabn whores|move: No Retreat\n|\n|upkeep\n|turn|30\n|\n|t:|1699771405\n|move|p2a: trojabn whores|Close Combat|p1a: Ocean's Blessing\n|-damage|p1a: Ocean's Blessing|56\/100 slp\n|-unboost|p2a: trojabn whores|def|1\n|-unboost|p2a: trojabn whores|spd|1\n|-damage|p2a: trojabn whores|91\/100|[from] item: Life Orb\n|-curestatus|p1a: Ocean's Blessing|slp|[msg]\n|move|p1a: Ocean's Blessing|Stored Power|p2a: trojabn whores\n|-supereffective|p2a: trojabn whores\n|-damage|p2a: trojabn whores|0 fnt\n|faint|p2a: trojabn whores\n|\n|-heal|p1a: Ocean's Blessing|62\/100|[from] item: Leftovers\n|upkeep\n|\n|t:|1699771411\n|switch|p2a: we love you dream|Ninetales-Alola, F|3\/100\n|-weather|Snow|[from] ability: Snow Warning|[of] p2a: we love you dream\n|turn|31\n|\n|t:|1699771420\n|move|p2a: we love you dream|Hypnosis|p1a: Ocean's Blessing\n|-status|p1a: Ocean's Blessing|slp|[from] move: Hypnosis\n|cant|p1a: Ocean's Blessing|slp\n|\n|-weather|Snow|[upkeep]\n|-heal|p1a: Ocean's Blessing|68\/100 slp|[from] item: Leftovers\n|upkeep\n|turn|32\n|\n|t:|1699771429\n|move|p2a: we love you dream|Freeze-Dry|p1a: Ocean's Blessing\n|-supereffective|p1a: Ocean's Blessing\n|-crit|p1a: Ocean's Blessing\n|-damage|p1a: Ocean's Blessing|12\/100 slp\n|cant|p1a: Ocean's Blessing|slp\n|\n|-weather|Snow|[upkeep]\n|-heal|p1a: Ocean's Blessing|18\/100 slp|[from] item: Leftovers\n|upkeep\n|turn|33\n|\n|t:|1699771438\n|move|p2a: we love you dream|Freeze-Dry|p1a: Ocean's Blessing\n|-supereffective|p1a: Ocean's Blessing\n|-damage|p1a: Ocean's Blessing|4\/100 slp\n|cant|p1a: Ocean's Blessing|slp\n|\n|-weather|Snow|[upkeep]\n|-heal|p1a: Ocean's Blessing|11\/100 slp|[from] item: Leftovers\n|upkeep\n|turn|34\n|c| JumboSauce|no way\n|\n|t:|1699771447\n|move|p2a: we love you dream|Freeze-Dry|p1a: Ocean's Blessing\n|-supereffective|p1a: Ocean's Blessing\n|-damage|p1a: Ocean's Blessing|0 fnt\n|faint|p1a: Ocean's Blessing\n|\n|-weather|Snow|[upkeep]\n|upkeep\n|\n|t:|1699771477\n|switch|p1a: Mystikal's Opp|Ursaluna-Bloodmoon, M|100\/100\n|-damage|p1a: Mystikal's Opp|94\/100|[from] Stealth Rock\n|turn|35\n|\n|t:|1699771498\n|move|p1a: Mystikal's Opp|Vacuum Wave|p2a: we love you dream\n|-damage|p2a: we love you dream|0 fnt\n|faint|p2a: we love you dream\n|\n|-weather|none\n|upkeep\n|\n|t:|1699771501\n|switch|p2a: pikmin 2|Slowbro-Galar, F|100\/100\n|turn|36\n|\n|t:|1699771506\n|move|p1a: Mystikal's Opp|Earth Power|p2a: pikmin 2\n|-supereffective|p2a: pikmin 2\n|-damage|p2a: pikmin 2|31\/100\n|move|p2a: pikmin 2|Grass Knot|p1a: Mystikal's Opp\n|-supereffective|p1a: Mystikal's Opp\n|-damage|p1a: Mystikal's Opp|25\/100\n|-enditem|p1a: Mystikal's Opp|Weakness Policy\n|-boost|p1a: Mystikal's Opp|atk|2|[from] item: Weakness Policy\n|-boost|p1a: Mystikal's Opp|spa|2|[from] item: Weakness Policy\n|\n|upkeep\n|turn|37\n|\n|t:|1699771519\n|move|p1a: Mystikal's Opp|Earth Power|p2a: pikmin 2\n|-supereffective|p2a: pikmin 2\n|-damage|p2a: pikmin 2|0 fnt\n|faint|p2a: pikmin 2\n|\n|upkeep\n|\n|t:|1699771520\n|switch|p2a: my bitch wife|Donphan, F|63\/100\n|turn|38\n|\n|t:|1699771548\n|move|p1a: Mystikal's Opp|Vacuum Wave|p2a: my bitch wife\n|-damage|p2a: my bitch wife|23\/100\n|move|p2a: my bitch wife|Ice Spinner|p1a: Mystikal's Opp\n|-supereffective|p1a: Mystikal's Opp\n|-damage|p1a: Mystikal's Opp|0 fnt\n|faint|p1a: Mystikal's Opp\n|\n|-heal|p2a: my bitch wife|29\/100|[from] item: Leftovers\n|upkeep\n|c|\u26067aco|losing graf so early was really hard for dealing with manaphy ngl\n|\n|t:|1699771561\n|switch|p1a: Bird Type Pok\u00e9mon|Mandibuzz, F, shiny|79\/100\n|turn|39\n|\n|t:|1699771570\n|move|p1a: Bird Type Pok\u00e9mon|Foul Play|p2a: my bitch wife\n|-damage|p2a: my bitch wife|0 fnt\n|faint|p2a: my bitch wife\n|\n|win|MaseReloaded\n|c|\u26067aco|ggs\n|c|\u2606MaseReloaded|gg\n|l|\u26067aco\n|l| JumboSauce\n","uploadtime":1699771656,"views":43,"p1id":"masereloaded","p2id":"7aco","formatid":"gen9ubers","rating":0,"private":0,"password":""}