{"id":"gen9ubers-1992832212","p1":"zocktropey","p2":"Fraudulent One","format":"[Gen 9] Ubers","log":"|j|\u2606zocktropey\n|j|\u2606Fraudulent One\n|t:|1700239290\n|gametype|singles\n|player|p1|zocktropey|170|1288\n|player|p2|Fraudulent One|hilbert-masters2|1553\n|teamsize|p1|6\n|teamsize|p2|6\n|gen|9\n|tier|[Gen 9] Ubers\n|rated|\n|rule|Sleep Clause Mod: Limit one foe put to sleep\n|rule|Species Clause: Limit one of each Pok\u00e9mon\n|rule|OHKO Clause: OHKO moves are banned\n|rule|Evasion Items Clause: Evasion items are banned\n|rule|Evasion Moves Clause: Evasion moves are banned\n|rule|Endless Battle Clause: Forcing endless battles is banned\n|rule|HP Percentage Mod: HP is shown in percentages\n|clearpoke\n|poke|p1|Ribombee, F|\n|poke|p1|Koraidon|\n|poke|p1|Ogerpon-Hearthflame, F|\n|poke|p1|Walking Wake|\n|poke|p1|Great Tusk|\n|poke|p1|Arceus-Fire|\n|poke|p2|Ribombee, F|\n|poke|p2|Arceus|\n|poke|p2|Zacian-*|\n|poke|p2|Eternatus|\n|poke|p2|Miraidon|\n|poke|p2|Koraidon|\n|teampreview\n|\n|t:|1700239298\n|start\n|switch|p1a: Ribombee|Ribombee, F|100\/100\n|switch|p2a: Koraidon|Koraidon|100\/100\n|-weather|SunnyDay|[from] ability: Orichalcum Pulse|[of] p2a: Koraidon\n|-activate|p2a: Koraidon|Orichalcum Pulse|[source]\n|turn|1\n|inactive|Battle timer is ON: inactive players will automatically lose when time's up. (requested by Fraudulent One)\n|\n|t:|1700239308\n|move|p2a: Koraidon|Taunt|p1a: Ribombee\n|-start|p1a: Ribombee|move: Taunt\n|cant|p1a: Ribombee|move: Taunt|Sticky Web\n|\n|-weather|SunnyDay|[upkeep]\n|upkeep\n|turn|2\n|\n|t:|1700239320\n|switch|p1a: Walking Wake|Walking Wake|100\/100\n|-activate|p1a: Walking Wake|ability: Protosynthesis\n|-start|p1a: Walking Wake|protosynthesisspa\n|move|p2a: Koraidon|Flare Blitz|p1a: Walking Wake\n|-resisted|p1a: Walking Wake\n|-damage|p1a: Walking Wake|76\/100\n|-damage|p2a: Koraidon|93\/100|[from] Recoil\n|\n|-weather|SunnyDay|[upkeep]\n|upkeep\n|turn|3\n|\n|t:|1700239334\n|switch|p2a: Ribombee|Ribombee, F|100\/100\n|move|p1a: Walking Wake|Flip Turn|p2a: Ribombee\n|-damage|p2a: Ribombee|87\/100\n|\n|t:|1700239347\n|-end|p1a: Walking Wake|Protosynthesis|[silent]\n|switch|p1a: Ribombee|Ribombee, F|100\/100|[from] Flip Turn\n|\n|-weather|SunnyDay|[upkeep]\n|upkeep\n|turn|4\n|\n|t:|1700239368\n|move|p2a: Ribombee|Sticky Web|p1a: Ribombee\n|-sidestart|p1: zocktropey|move: Sticky Web\n|move|p1a: Ribombee|Quiver Dance|p1a: Ribombee\n|-boost|p1a: Ribombee|spa|1\n|-boost|p1a: Ribombee|spd|1\n|-boost|p1a: Ribombee|spe|1\n|\n|-weather|SunnyDay|[upkeep]\n|upkeep\n|turn|5\n|\n|t:|1700239387\n|move|p1a: Ribombee|Moonblast|p2a: Ribombee\n|-damage|p2a: Ribombee|0 fnt\n|faint|p2a: Ribombee\n|\n|-weather|none\n|upkeep\n|\n|t:|1700239403\n|switch|p2a: Eternatus|Eternatus, shiny|100\/100\n|-ability|p2a: Eternatus|Pressure\n|turn|6\n|\n|t:|1700239411\n|move|p1a: Ribombee|Sticky Web|p2a: Eternatus\n|-sidestart|p2: Fraudulent One|move: Sticky Web\n|move|p2a: Eternatus|Sludge Bomb|p1a: Ribombee\n|-supereffective|p1a: Ribombee\n|-enditem|p1a: Ribombee|Focus Sash\n|-damage|p1a: Ribombee|1\/100\n|-damage|p2a: Eternatus|91\/100|[from] item: Life Orb\n|\n|upkeep\n|turn|7\n|\n|t:|1700239423\n|move|p1a: Ribombee|Moonblast|p2a: Eternatus\n|-damage|p2a: Eternatus|36\/100\n|move|p2a: Eternatus|Agility|p2a: Eternatus\n|-boost|p2a: Eternatus|spe|2\n|\n|upkeep\n|turn|8\n|inactive|zocktropey has 120 seconds left.\n|\n|t:|1700239453\n|move|p2a: Eternatus|Sludge Bomb|p1a: Ribombee\n|-supereffective|p1a: Ribombee\n|-damage|p1a: Ribombee|0 fnt\n|faint|p1a: Ribombee\n|-damage|p2a: Eternatus|26\/100|[from] item: Life Orb\n|\n|upkeep\n|inactive|zocktropey has 120 seconds left.\n|inactive|zocktropey has 90 seconds left.\n|\n|t:|1700239499\n|switch|p1a: Arceus|Arceus-Fire|100\/100\n|-activate|p1a: Arceus|move: Sticky Web\n|-unboost|p1a: Arceus|spe|1\n|turn|9\n|\n|t:|1700239512\n|move|p2a: Eternatus|Dynamax Cannon|p1a: Arceus\n|-damage|p1a: Arceus|52\/100\n|-damage|p2a: Eternatus|16\/100|[from] item: Life Orb\n|move|p1a: Arceus|Calm Mind|p1a: Arceus\n|-boost|p1a: Arceus|spa|1\n|-boost|p1a: Arceus|spd|1\n|\n|upkeep\n|turn|10\n|\n|t:|1700239522\n|move|p2a: Eternatus|Sludge Bomb|p1a: Arceus\n|-damage|p1a: Arceus|20\/100\n|-damage|p2a: Eternatus|6\/100|[from] item: Life Orb\n|move|p1a: Arceus|Recover|p1a: Arceus\n|-heal|p1a: Arceus|70\/100\n|\n|upkeep\n|turn|11\n|\n|t:|1700239530\n|move|p2a: Eternatus|Sludge Bomb|p1a: Arceus\n|-damage|p1a: Arceus|41\/100\n|-damage|p2a: Eternatus|0 fnt|[from] item: Life Orb\n|faint|p2a: Eternatus\n|move|p1a: Arceus|Recover|p1a: Arceus\n|-heal|p1a: Arceus|91\/100\n|\n|upkeep\n|\n|t:|1700239533\n|switch|p2a: Arceus|Arceus|100\/100\n|-activate|p2a: Arceus|move: Sticky Web\n|-unboost|p2a: Arceus|spe|1\n|turn|12\n|\n|t:|1700239551\n|move|p2a: Arceus|Taunt|p1a: Arceus\n|-start|p1a: Arceus|move: Taunt\n|cant|p1a: Arceus|move: Taunt|Sunny Day\n|\n|upkeep\n|turn|13\n|\n|t:|1700239555\n|move|p2a: Arceus|Swords Dance|p2a: Arceus\n|-boost|p2a: Arceus|atk|2\n|move|p1a: Arceus|Judgment|p2a: Arceus\n|-damage|p2a: Arceus|47\/100\n|\n|upkeep\n|turn|14\n|\n|t:|1700239561\n|move|p2a: Arceus|Extreme Speed|p1a: Arceus\n|-damage|p1a: Arceus|29\/100\n|move|p1a: Arceus|Judgment|p2a: Arceus\n|-damage|p2a: Arceus|0 fnt\n|faint|p2a: Arceus\n|\n|-end|p1a: Arceus|move: Taunt\n|upkeep\n|\n|t:|1700239564\n|switch|p2a: Koraidon|Koraidon|93\/100\n|-activate|p2a: Koraidon|move: Sticky Web\n|-unboost|p2a: Koraidon|spe|1\n|-weather|SunnyDay|[from] ability: Orichalcum Pulse|[of] p2a: Koraidon\n|-activate|p2a: Koraidon|Orichalcum Pulse|[source]\n|turn|15\n|inactive|zocktropey has 120 seconds left.\n|\n|t:|1700239580\n|move|p2a: Koraidon|Scale Shot|p1a: Arceus\n|-damage|p1a: Arceus|18\/100\n|-damage|p1a: Arceus|7\/100\n|-damage|p1a: Arceus|0 fnt\n|faint|p1a: Arceus\n|-hitcount|p1: Arceus|3\n|-unboost|p2a: Koraidon|def|1\n|-boost|p2a: Koraidon|spe|1\n|\n|-weather|SunnyDay|[upkeep]\n|upkeep\n|inactive|zocktropey has 120 seconds left.\n|\n|t:|1700239594\n|switch|p1a: Great Tusk|Great Tusk|100\/100\n|-activate|p1a: Great Tusk|move: Sticky Web\n|-unboost|p1a: Great Tusk|spe|1\n|-activate|p1a: Great Tusk|ability: Protosynthesis\n|-start|p1a: Great Tusk|protosynthesisatk\n|turn|16\n|inactive|zocktropey has 120 seconds left.\n|\n|t:|1700239603\n|move|p2a: Koraidon|Flare Blitz|p1a: Great Tusk\n|-damage|p1a: Great Tusk|34\/100\n|-damage|p2a: Koraidon|69\/100|[from] Recoil\n|move|p1a: Great Tusk|Rapid Spin|p2a: Koraidon\n|-damage|p2a: Koraidon|37\/100\n|-boost|p1a: Great Tusk|spe|1\n|-sideend|p1: zocktropey|Sticky Web|[from] move: Rapid Spin|[of] p1a: Great Tusk\n|\n|-weather|SunnyDay|[upkeep]\n|upkeep\n|turn|17\n|inactive|zocktropey has 120 seconds left.\n|\n|t:|1700239623\n|move|p2a: Koraidon|Scale Shot|p1a: Great Tusk|[miss]\n|-miss|p2a: Koraidon|p1a: Great Tusk\n|move|p1a: Great Tusk|Brick Break|p2a: Koraidon\n|-damage|p2a: Koraidon|0 fnt\n|faint|p2a: Koraidon\n|\n|-weather|SunnyDay|[upkeep]\n|upkeep\n|c|\u2606Fraudulent One|fucking useless piece of shit god i hate you you stupid\n|n|\u203dFraudulent One|fraudulentone\n|c|&|\/log Fraudulent One was locked from talking by Artemis. (\u2606Fraudulent One: fucking useless piece of shit god i hate you you stupid)\n|c|&|\/raw <small>This action was done automatically. Want to learn more about the AI? <a href=\"https:\/\/www.smogon.com\/forums\/threads\/3570628\/#post-9056769\">Visit the information thread<\/a>.<\/small>\n|-message|Fraudulent One forfeited.\n|\n|win|zocktropey\n|raw|zocktropey's rating: 1288 &rarr; <strong>1329<\/strong><br \/>(+41 for winning)\n|raw|Fraudulent One's rating: 1553 &rarr; <strong>1520<\/strong><br \/>(-33 for losing)\n","uploadtime":1700239627,"views":6,"p1id":"zocktropey","p2id":"fraudulentone","formatid":"gen9ubers","rating":1329,"private":0,"password":""}