{"id":"gen9ubers-1984980931","p1":"SadaShidz\ufe0f","p2":"used to be a","format":"[Gen 9] Ubers","log":"|j|\u2606SadaShidz\ufe0f\n|j|\u2606used to be a\n|t:|1699317217\n|gametype|singles\n|player|p1|SadaShidz\ufe0f|sada-ai|1307\n|player|p2|used to be a|1|1322\n|teamsize|p1|6\n|teamsize|p2|6\n|gen|9\n|tier|[Gen 9] Ubers\n|rated|\n|rule|Sleep Clause Mod: Limit one foe put to sleep\n|rule|Species Clause: Limit one of each Pok\u00e9mon\n|rule|OHKO Clause: OHKO moves are banned\n|rule|Evasion Items Clause: Evasion items are banned\n|rule|Evasion Moves Clause: Evasion moves are banned\n|rule|Endless Battle Clause: Forcing endless battles is banned\n|rule|HP Percentage Mod: HP is shown in percentages\n|clearpoke\n|poke|p1|Glimmora, F|\n|poke|p1|Landorus-Therian, M|\n|poke|p1|Arceus-Ghost|\n|poke|p1|Iron Valiant|\n|poke|p1|Polteageist-Antique|\n|poke|p1|Kingambit, M|\n|poke|p2|Kingambit, M|\n|poke|p2|Kyogre|\n|poke|p2|Arceus-Electric|\n|poke|p2|Shaymin-Sky|\n|poke|p2|Palkia-Origin|\n|poke|p2|Palafin, F|\n|teampreview\n|inactive|Battle timer is ON: inactive players will automatically lose when time's up. (requested by used to be a)\n|\n|t:|1699317231\n|start\n|switch|p1a: Chess Master|Kingambit, M, shiny|100\/100\n|switch|p2a: Palafin|Palafin, F|100\/100\n|turn|1\n|j| snwlprd\n|\n|t:|1699317242\n|-end|p1a: Chess Master|fallenundefined|[silent]\n|switch|p1a: Mora The Explorer|Glimmora, F|100\/100\n|move|p2a: Palafin|Flip Turn|p1a: Mora The Explorer\n|-supereffective|p1a: Mora The Explorer\n|-damage|p1a: Mora The Explorer|18\/100\n|-activate|p1a: Mora The Explorer|ability: Toxic Debris\n|-sidestart|p2: used to be a|move: Toxic Spikes\n|\n|t:|1699317255\n|detailschange|p2a: Palafin|Palafin-Hero, F\n|switch|p2a: Shaymin|Shaymin-Sky|100\/100|[from] Flip Turn\n|\n|upkeep\n|turn|2\n|\n|t:|1699317260\n|move|p2a: Shaymin|Air Slash|p1a: Mora The Explorer\n|-resisted|p1a: Mora The Explorer\n|-damage|p1a: Mora The Explorer|0 fnt\n|faint|p1a: Mora The Explorer\n|\n|upkeep\n|\n|t:|1699317275\n|switch|p1a: Yamz|Arceus-Ghost, shiny|100\/100\n|turn|3\n|\n|t:|1699317279\n|move|p2a: Shaymin|Air Slash|p1a: Yamz\n|-damage|p1a: Yamz|73\/100\n|move|p1a: Yamz|Judgment|p2a: Shaymin\n|-damage|p2a: Shaymin|40\/100\n|\n|upkeep\n|turn|4\n|\n|t:|1699317284\n|move|p2a: Shaymin|Air Slash|p1a: Yamz\n|-damage|p1a: Yamz|46\/100\n|move|p1a: Yamz|Calm Mind|p1a: Yamz\n|-boost|p1a: Yamz|spa|1\n|-boost|p1a: Yamz|spd|1\n|\n|upkeep\n|turn|5\n|\n|t:|1699317289\n|move|p2a: Shaymin|Air Slash|p1a: Yamz\n|-damage|p1a: Yamz|29\/100\n|move|p1a: Yamz|Recover|p1a: Yamz\n|-heal|p1a: Yamz|79\/100\n|\n|upkeep\n|turn|6\n|\n|t:|1699317298\n|switch|p2a: Kingambit|Kingambit, M|100\/100\n|move|p1a: Yamz|Judgment|p2a: Kingambit\n|-resisted|p2a: Kingambit\n|-damage|p2a: Kingambit|77\/100\n|\n|-heal|p2a: Kingambit|83\/100|[from] item: Leftovers\n|upkeep\n|turn|7\n|\n|t:|1699317308\n|move|p1a: Yamz|Focus Blast|p2a: Kingambit\n|-supereffective|p2a: Kingambit\n|-crit|p2a: Kingambit\n|-damage|p2a: Kingambit|0 fnt\n|faint|p2a: Kingambit\n|-end|p2a: Kingambit|fallenundefined|[silent]\n|\n|upkeep\n|-message|used to be a forfeited.\n|\n|win|SadaShidz\ufe0f\n|raw|SadaShidz\ufe0f's rating: 1307 &rarr; <strong>1328<\/strong><br \/>(+21 for winning)\n|raw|used to be a's rating: 1322 &rarr; <strong>1301<\/strong><br \/>(-21 for losing)\n|l|\u2606used to be a\n","uploadtime":1699317354,"views":5,"p1id":"sadashidz","p2id":"usedtobea","formatid":"gen9ubers","rating":1301,"private":0,"password":""}