{"id":"gen9ubers-1990746517","p1":"real doo blaster","p2":"PredicateCape21","format":"[Gen 9] Ubers","log":"|j|\u2606real doo blaster\n|j|\u2606PredicateCape21\n|t:|1699996976\n|gametype|singles\n|player|p1|real doo blaster|fisherman|\n|player|p2|PredicateCape21|102|\n|teamsize|p1|6\n|teamsize|p2|6\n|gen|9\n|tier|[Gen 9] Ubers\n|rule|Sleep Clause Mod: Limit one foe put to sleep\n|rule|Species Clause: Limit one of each Pok\u00e9mon\n|rule|OHKO Clause: OHKO moves are banned\n|rule|Evasion Items Clause: Evasion items are banned\n|rule|Evasion Moves Clause: Evasion moves are banned\n|rule|Endless Battle Clause: Forcing endless battles is banned\n|rule|HP Percentage Mod: HP is shown in percentages\n|clearpoke\n|poke|p1|Quagsire, M|\n|poke|p1|Dragapult, F|\n|poke|p1|Regieleki|\n|poke|p1|Slowking-Galar, F|\n|poke|p1|Moltres|\n|poke|p1|Tauros, M|\n|poke|p2|Ninetales, F|\n|poke|p2|Salamence, F|\n|poke|p2|Ursaluna, M|\n|poke|p2|Skeledirge, M|\n|poke|p2|Scovillain, M|\n|poke|p2|Yanmega, M|\n|teampreview\n|c|\u2606PredicateCape21|gl hf\n|c|\u2606real doo blaster|u2\n|\n|t:|1699996992\n|start\n|switch|p1a: Pikmin 4|Slowking-Galar, F|100\/100\n|switch|p2a: Yanmega|Yanmega, M|100\/100\n|turn|1\n|\n|t:|1699997011\n|move|p2a: Yanmega|Bug Buzz|p1a: Pikmin 4\n|-damage|p1a: Pikmin 4|63\/100\n|-damage|p2a: Yanmega|91\/100|[from] item: Life Orb\n|move|p1a: Pikmin 4|Future Sight|p2a: Yanmega\n|-start|p1a: Pikmin 4|move: Future Sight\n|\n|-ability|p2a: Yanmega|Speed Boost|boost\n|-boost|p2a: Yanmega|spe|1\n|upkeep\n|turn|2\n|\n|t:|1699997041\n|switch|p1a: A TOPE|Moltres|100\/100\n|move|p2a: Yanmega|Bug Buzz|p1a: A TOPE\n|-resisted|p1a: A TOPE\n|-damage|p1a: A TOPE|86\/100\n|-damage|p2a: Yanmega|81\/100|[from] item: Life Orb\n|\n|-ability|p2a: Yanmega|Speed Boost|boost\n|-boost|p2a: Yanmega|spe|1\n|upkeep\n|turn|3\n|\n|t:|1699997072\n|switch|p2a: Skeledirge|Skeledirge, M|100\/100\n|move|p1a: A TOPE|Flamethrower|p2a: Skeledirge\n|-resisted|p2a: Skeledirge\n|-damage|p2a: Skeledirge|88\/100\n|\n|-end|p2a: Skeledirge|move: Future Sight\n|-damage|p2a: Skeledirge|49\/100\n|-heal|p2a: Skeledirge|55\/100|[from] item: Leftovers\n|upkeep\n|turn|4\n|\n|t:|1699997084\n|move|p1a: A TOPE|U-turn|p2a: Skeledirge\n|-resisted|p2a: Skeledirge\n|-damage|p2a: Skeledirge|52\/100\n|\n|t:|1699997088\n|switch|p1a: Smurf Curse|Quagsire, M|100\/100|[from] U-turn\n|move|p2a: Skeledirge|Slack Off|p2a: Skeledirge\n|-heal|p2a: Skeledirge|100\/100\n|\n|upkeep\n|turn|5\n|\n|t:|1699997098\n|move|p2a: Skeledirge|Torch Song|p1a: Smurf Curse\n|-resisted|p1a: Smurf Curse\n|-damage|p1a: Smurf Curse|86\/100\n|-boost|p2a: Skeledirge|spa|1\n|move|p1a: Smurf Curse|Stealth Rock|p2a: Skeledirge\n|-sidestart|p2: PredicateCape21|move: Stealth Rock\n|\n|-heal|p1a: Smurf Curse|92\/100|[from] item: Leftovers\n|upkeep\n|turn|6\n|\n|t:|1699997106\n|move|p2a: Skeledirge|Torch Song|p1a: Smurf Curse\n|-resisted|p1a: Smurf Curse\n|-damage|p1a: Smurf Curse|78\/100\n|-boost|p2a: Skeledirge|spa|1\n|move|p1a: Smurf Curse|Toxic|p2a: Skeledirge\n|-status|p2a: Skeledirge|tox\n|\n|-heal|p1a: Smurf Curse|84\/100|[from] item: Leftovers\n|-damage|p2a: Skeledirge|94\/100 tox|[from] psn\n|upkeep\n|turn|7\n|\n|t:|1699997113\n|move|p2a: Skeledirge|Torch Song|p1a: Smurf Curse\n|-resisted|p1a: Smurf Curse\n|-damage|p1a: Smurf Curse|69\/100\n|-boost|p2a: Skeledirge|spa|1\n|move|p1a: Smurf Curse|Earthquake|p2a: Skeledirge\n|-supereffective|p2a: Skeledirge\n|-damage|p2a: Skeledirge|42\/100 tox\n|\n|-heal|p2a: Skeledirge|48\/100 tox|[from] item: Leftovers\n|-heal|p1a: Smurf Curse|75\/100|[from] item: Leftovers\n|-damage|p2a: Skeledirge|36\/100 tox|[from] psn\n|upkeep\n|turn|8\n|\n|t:|1699997120\n|move|p2a: Skeledirge|Slack Off|p2a: Skeledirge\n|-heal|p2a: Skeledirge|86\/100 tox\n|move|p1a: Smurf Curse|Recover|p1a: Smurf Curse\n|-heal|p1a: Smurf Curse|100\/100\n|\n|-heal|p2a: Skeledirge|92\/100 tox|[from] item: Leftovers\n|-damage|p2a: Skeledirge|74\/100 tox|[from] psn\n|upkeep\n|turn|9\n|\n|t:|1699997124\n|move|p2a: Skeledirge|Hex|p1a: Smurf Curse\n|-damage|p1a: Smurf Curse|77\/100\n|move|p1a: Smurf Curse|Earthquake|p2a: Skeledirge\n|-supereffective|p2a: Skeledirge\n|-damage|p2a: Skeledirge|26\/100 tox\n|\n|-heal|p2a: Skeledirge|32\/100 tox|[from] item: Leftovers\n|-heal|p1a: Smurf Curse|83\/100|[from] item: Leftovers\n|-damage|p2a: Skeledirge|7\/100 tox|[from] psn\n|upkeep\n|turn|10\n|\n|t:|1699997139\n|move|p2a: Skeledirge|Slack Off|p2a: Skeledirge\n|-heal|p2a: Skeledirge|57\/100 tox\n|move|p1a: Smurf Curse|Recover|p1a: Smurf Curse\n|-heal|p1a: Smurf Curse|100\/100\n|\n|-heal|p2a: Skeledirge|64\/100 tox|[from] item: Leftovers\n|-damage|p2a: Skeledirge|33\/100 tox|[from] psn\n|upkeep\n|turn|11\n|\n|t:|1699997149\n|switch|p2a: Ninetales|Ninetales, F|100\/100\n|-damage|p2a: Ninetales|76\/100|[from] Stealth Rock\n|-weather|SunnyDay|[from] ability: Drought|[of] p2a: Ninetales\n|move|p1a: Smurf Curse|Earthquake|p2a: Ninetales\n|-supereffective|p2a: Ninetales\n|-damage|p2a: Ninetales|0 fnt\n|faint|p2a: Ninetales\n|\n|-weather|SunnyDay|[upkeep]\n|upkeep\n|\n|t:|1699997158\n|switch|p2a: Scovillain|Scovillain, M|100\/100\n|-damage|p2a: Scovillain|76\/100|[from] Stealth Rock\n|turn|12\n|\n|t:|1699997202\n|switch|p1a: A TOPE|Moltres|86\/100\n|move|p2a: Scovillain|Crunch|p1a: A TOPE\n|-damage|p1a: A TOPE|59\/100\n|-unboost|p1a: A TOPE|def|1\n|\n|-weather|SunnyDay|[upkeep]\n|upkeep\n|turn|13\n|\n|t:|1699997214\n|move|p2a: Scovillain|Crunch|p1a: A TOPE\n|-damage|p1a: A TOPE|14\/100\n|move|p1a: A TOPE|Roost|p1a: A TOPE\n|-heal|p1a: A TOPE|64\/100\n|-singleturn|p1a: A TOPE|move: Roost\n|\n|-weather|SunnyDay|[upkeep]\n|upkeep\n|turn|14\n|\n|t:|1699997223\n|move|p2a: Scovillain|Crunch|p1a: A TOPE\n|-damage|p1a: A TOPE|22\/100\n|-unboost|p1a: A TOPE|def|1\n|move|p1a: A TOPE|Roost|p1a: A TOPE\n|-heal|p1a: A TOPE|72\/100\n|-singleturn|p1a: A TOPE|move: Roost\n|\n|-weather|SunnyDay|[upkeep]\n|upkeep\n|turn|15\n|c|\u2606PredicateCape21|nom\n|\n|t:|1699997233\n|switch|p1a: Smurf Curse|Quagsire, M|100\/100\n|move|p2a: Scovillain|Crunch|p1a: Smurf Curse\n|-damage|p1a: Smurf Curse|65\/100\n|\n|-weather|SunnyDay|[upkeep]\n|-heal|p1a: Smurf Curse|71\/100|[from] item: Leftovers\n|upkeep\n|turn|16\n|\n|t:|1699997240\n|switch|p1a: A TOPE|Moltres|72\/100\n|move|p2a: Scovillain|Crunch|p1a: A TOPE\n|-damage|p1a: A TOPE|41\/100\n|\n|-weather|SunnyDay|[upkeep]\n|upkeep\n|turn|17\n|\n|t:|1699997248\n|move|p2a: Scovillain|Crunch|p1a: A TOPE\n|-damage|p1a: A TOPE|11\/100\n|move|p1a: A TOPE|Roost|p1a: A TOPE\n|-heal|p1a: A TOPE|61\/100\n|-singleturn|p1a: A TOPE|move: Roost\n|\n|-weather|SunnyDay|[upkeep]\n|upkeep\n|turn|18\n|\n|t:|1699997252\n|move|p2a: Scovillain|Crunch|p1a: A TOPE\n|-damage|p1a: A TOPE|35\/100\n|-unboost|p1a: A TOPE|def|1\n|move|p1a: A TOPE|Roost|p1a: A TOPE\n|-heal|p1a: A TOPE|85\/100\n|-singleturn|p1a: A TOPE|move: Roost\n|\n|-weather|none\n|upkeep\n|turn|19\n|\n|t:|1699997258\n|move|p2a: Scovillain|Crunch|p1a: A TOPE\n|-crit|p1a: A TOPE\n|-damage|p1a: A TOPE|20\/100\n|move|p1a: A TOPE|Flamethrower|p2a: Scovillain\n|-damage|p2a: Scovillain|15\/100\n|\n|upkeep\n|turn|20\n|\n|t:|1699997269\n|switch|p1a: MASUDA\u96c4\u725b\u306e\u30da\u30cb\u30b9|Tauros, M|100\/100\n|move|p2a: Scovillain|Crunch|p1a: MASUDA\u96c4\u725b\u306e\u30da\u30cb\u30b9\n|-damage|p1a: MASUDA\u96c4\u725b\u306e\u30da\u30cb\u30b9|53\/100\n|-unboost|p1a: MASUDA\u96c4\u725b\u306e\u30da\u30cb\u30b9|def|1\n|\n|upkeep\n|turn|21\n|\n|t:|1699997278\n|move|p1a: MASUDA\u96c4\u725b\u306e\u30da\u30cb\u30b9|Earthquake|p2a: Scovillain\n|-damage|p2a: Scovillain|0 fnt\n|faint|p2a: Scovillain\n|-damage|p1a: MASUDA\u96c4\u725b\u306e\u30da\u30cb\u30b9|43\/100|[from] item: Life Orb\n|\n|upkeep\n|c|\u2606real doo blaster|he just wanted a snack\n|\n|t:|1699997296\n|switch|p2a: Yanmega|Yanmega, M|81\/100\n|-damage|p2a: Yanmega|31\/100|[from] Stealth Rock\n|turn|22\n|\n|t:|1699997304\n|-terastallize|p2a: Yanmega|Grass\n|move|p1a: MASUDA\u96c4\u725b\u306e\u30da\u30cb\u30b9|Rock Slide|p2a: Yanmega|[miss]\n|-miss|p1a: MASUDA\u96c4\u725b\u306e\u30da\u30cb\u30b9|p2a: Yanmega\n|move|p2a: Yanmega|Giga Drain|p1a: MASUDA\u96c4\u725b\u306e\u30da\u30cb\u30b9\n|-damage|p1a: MASUDA\u96c4\u725b\u306e\u30da\u30cb\u30b9|0 fnt\n|-heal|p2a: Yanmega|51\/100|[from] drain|[of] p1a: MASUDA\u96c4\u725b\u306e\u30da\u30cb\u30b9\n|faint|p1a: MASUDA\u96c4\u725b\u306e\u30da\u30cb\u30b9\n|-damage|p2a: Yanmega|41\/100|[from] item: Life Orb\n|\n|-ability|p2a: Yanmega|Speed Boost|boost\n|-boost|p2a: Yanmega|spe|1\n|upkeep\n|c|\u2606PredicateCape21|monkaS\n|\n|t:|1699997316\n|switch|p1a: Pikmin 4|Slowking-Galar, F|96\/100\n|turn|23\n|c|\u2606real doo blaster|alg...\n|\n|t:|1699997329\n|move|p2a: Yanmega|Giga Drain|p1a: Pikmin 4\n|-resisted|p1a: Pikmin 4\n|-damage|p1a: Pikmin 4|78\/100\n|-heal|p2a: Yanmega|52\/100|[from] drain|[of] p1a: Pikmin 4\n|-damage|p2a: Yanmega|42\/100|[from] item: Life Orb\n|move|p1a: Pikmin 4|Sludge Bomb|p2a: Yanmega\n|-supereffective|p2a: Yanmega\n|-damage|p2a: Yanmega|0 fnt\n|faint|p2a: Yanmega\n|\n|upkeep\n|\n|t:|1699997345\n|switch|p2a: Skeledirge|Skeledirge, M|33\/100 tox\n|-damage|p2a: Skeledirge|8\/100 tox|[from] Stealth Rock\n|turn|24\n|\n|t:|1699997359\n|move|p2a: Skeledirge|Will-O-Wisp|p1a: Pikmin 4\n|-status|p1a: Pikmin 4|brn\n|move|p1a: Pikmin 4|Chilly Reception|p1a: Pikmin 4\n|-weather|Snow\n|\n|t:|1699997370\n|switch|p1a: Smurf Curse|Quagsire, M|71\/100|[from] Chilly Reception\n|\n|-weather|Snow|[upkeep]\n|-heal|p2a: Skeledirge|14\/100 tox|[from] item: Leftovers\n|-heal|p1a: Smurf Curse|77\/100|[from] item: Leftovers\n|-damage|p2a: Skeledirge|8\/100 tox|[from] psn\n|upkeep\n|turn|25\n|\n|t:|1699997379\n|move|p2a: Skeledirge|Slack Off|p2a: Skeledirge\n|-heal|p2a: Skeledirge|58\/100 tox\n|move|p1a: Smurf Curse|Recover|p1a: Smurf Curse\n|-heal|p1a: Smurf Curse|100\/100\n|\n|-weather|Snow|[upkeep]\n|-heal|p2a: Skeledirge|64\/100 tox|[from] item: Leftovers\n|-damage|p2a: Skeledirge|52\/100 tox|[from] psn\n|upkeep\n|turn|26\n|\n|t:|1699997381\n|move|p2a: Skeledirge|Will-O-Wisp|p1a: Smurf Curse\n|-status|p1a: Smurf Curse|brn\n|move|p1a: Smurf Curse|Earthquake|p2a: Skeledirge\n|-supereffective|p2a: Skeledirge\n|-damage|p2a: Skeledirge|26\/100 tox\n|\n|-weather|Snow|[upkeep]\n|-heal|p2a: Skeledirge|32\/100 tox|[from] item: Leftovers\n|-damage|p2a: Skeledirge|14\/100 tox|[from] psn\n|-damage|p1a: Smurf Curse|94\/100 brn|[from] brn\n|upkeep\n|turn|27\n|\n|t:|1699997387\n|move|p2a: Skeledirge|Hex|p1a: Smurf Curse\n|-damage|p1a: Smurf Curse|50\/100 brn\n|move|p1a: Smurf Curse|Earthquake|p2a: Skeledirge\n|-supereffective|p2a: Skeledirge\n|-damage|p2a: Skeledirge|0 fnt\n|faint|p2a: Skeledirge\n|\n|-weather|Snow|[upkeep]\n|-heal|p1a: Smurf Curse|56\/100 brn|[from] item: Leftovers\n|-damage|p1a: Smurf Curse|50\/100 brn|[from] brn\n|upkeep\n|\n|t:|1699997398\n|switch|p2a: Salamence|Salamence, F|100\/100\n|-damage|p2a: Salamence|76\/100|[from] Stealth Rock\n|turn|28\n|\n|t:|1699997405\n|move|p2a: Salamence|Outrage|p1a: Smurf Curse\n|-damage|p1a: Smurf Curse|0 fnt\n|faint|p1a: Smurf Curse\n|-ability|p2a: Salamence|Moxie|boost\n|-boost|p2a: Salamence|atk|1\n|\n|-weather|none\n|upkeep\n|\n|t:|1699997421\n|switch|p1a: CHODE UNBOUND|Regieleki|100\/100\n|turn|29\n|\n|t:|1699997425\n|move|p1a: CHODE UNBOUND|Thunderbolt|p2a: Salamence\n|-damage|p2a: Salamence|0 fnt\n|faint|p2a: Salamence\n|\n|upkeep\n|\n|t:|1699997433\n|switch|p2a: Ursaluna|Ursaluna, M|100\/100\n|-damage|p2a: Ursaluna|94\/100|[from] Stealth Rock\n|turn|30\n|\n|t:|1699997440\n|switch|p1a: A TOPE|Moltres|20\/100\n|move|p2a: Ursaluna|Headlong Rush|p1a: A TOPE\n|-immune|p1a: A TOPE\n|\n|-status|p2a: Ursaluna|brn|[from] item: Flame Orb\n|upkeep\n|turn|31\n|\n|t:|1699997447\n|move|p1a: A TOPE|Flamethrower|p2a: Ursaluna\n|-damage|p2a: Ursaluna|61\/100 brn\n|move|p2a: Ursaluna|Body Slam|p1a: A TOPE\n|-damage|p1a: A TOPE|0 fnt\n|faint|p1a: A TOPE\n|\n|-damage|p2a: Ursaluna|54\/100 brn|[from] brn\n|upkeep\n|\n|t:|1699997561\n|switch|p1a: Pikmin 4|Slowking-Galar, F|100\/100 brn\n|turn|32\n|\n|t:|1699997583\n|move|p2a: Ursaluna|Body Slam|p1a: Pikmin 4\n|-damage|p1a: Pikmin 4|21\/100 brn\n|move|p1a: Pikmin 4|Sludge Bomb|p2a: Ursaluna\n|-resisted|p2a: Ursaluna\n|-damage|p2a: Ursaluna|39\/100 brn\n|\n|-damage|p2a: Ursaluna|33\/100 brn|[from] brn\n|-damage|p1a: Pikmin 4|15\/100 brn|[from] brn\n|upkeep\n|turn|33\n|\n|t:|1699997591\n|move|p2a: Ursaluna|Headlong Rush|p1a: Pikmin 4\n|-supereffective|p1a: Pikmin 4\n|-enditem|p1a: Pikmin 4|Shuca Berry|[eat]\n|-enditem|p1a: Pikmin 4|Shuca Berry|[weaken]\n|-damage|p1a: Pikmin 4|0 fnt\n|-unboost|p2a: Ursaluna|def|1\n|-unboost|p2a: Ursaluna|spd|1\n|faint|p1a: Pikmin 4\n|\n|-damage|p2a: Ursaluna|27\/100 brn|[from] brn\n|upkeep\n|\n|t:|1699997597\n|switch|p1a: money for fun|Dragapult, F|100\/100\n|turn|34\n|c|\u2606PredicateCape21|damn thought maybe a dragapult switch there\n|\n|t:|1699997606\n|move|p1a: money for fun|Dragon Darts|p2a: Ursaluna\n|-damage|p2a: Ursaluna|0 fnt\n|faint|p2a: Ursaluna\n|\n|win|real doo blaster\n|c|\u2606real doo blaster|ggs\n|c|\u2606PredicateCape21|gg\n|c|\u2606real doo blaster|was shitting myself for a sec\n|c|\u2606real doo blaster|w ursa\n","uploadtime":1699997631,"views":46,"p1id":"realdooblaster","p2id":"predicatecape21","formatid":"gen9ubers","rating":0,"private":0,"password":""}