{"id":"gen9ubers-1981499382","p1":"leonissenbaum","p2":"lolgz","format":"[Gen 9] Ubers","log":"|j|\u2606leonissenbaum\n|j|\u2606lolgz\n|t:|1698907298\n|gametype|singles\n|player|p1|leonissenbaum|leon|\n|player|p2|lolgz|265|\n|teamsize|p1|6\n|teamsize|p2|6\n|gen|9\n|tier|[Gen 9] Ubers\n|rule|Sleep Clause Mod: Limit one foe put to sleep\n|rule|Species Clause: Limit one of each Pok\u00e9mon\n|rule|OHKO Clause: OHKO moves are banned\n|rule|Evasion Items Clause: Evasion items are banned\n|rule|Evasion Moves Clause: Evasion moves are banned\n|rule|Endless Battle Clause: Forcing endless battles is banned\n|rule|HP Percentage Mod: HP is shown in percentages\n|clearpoke\n|poke|p1|Crocalor, F|\n|poke|p1|Amoonguss, M|\n|poke|p1|Blissey, F|\n|poke|p1|Toedscruel, M|\n|poke|p1|Clefable, M|\n|poke|p1|Mew|\n|poke|p2|Magearna|\n|poke|p2|Zacian-*|\n|poke|p2|Cyclizar, M|\n|poke|p2|Palafin, F|\n|poke|p2|Garchomp, M|\n|poke|p2|Shaymin-Sky|\n|teampreview\n|inactive|Battle timer is ON: inactive players will automatically lose when time's up. (requested by lolgz)\n|c|\u2606leonissenbaum|gl!\n|\n|t:|1698907321\n|start\n|switch|p1a: Mew|Mew|100\/100\n|switch|p2a: Cyclizar|Cyclizar, M|100\/100\n|turn|1\n|\n|t:|1698907328\n|move|p2a: Cyclizar|Shed Tail|p2a: Cyclizar\n|-start|p2a: Cyclizar|Substitute|[from] move: Shed Tail\n|-damage|p2a: Cyclizar|50\/100\n|\n|t:|1698907355\n|switch|p2a: Magearna|Magearna|100\/100|[from] Shed Tail\n|move|p1a: Mew|Spikes|p2a: Magearna\n|-sidestart|p2: lolgz|Spikes\n|\n|upkeep\n|turn|2\n|\n|t:|1698907364\n|switch|p1a: Toedscruel|Toedscruel, M|100\/100\n|move|p2a: Magearna|Shift Gear|p2a: Magearna\n|-boost|p2a: Magearna|spe|2\n|-boost|p2a: Magearna|atk|1\n|\n|upkeep\n|turn|3\n|\n|t:|1698907368\n|switch|p1a: Clefable|Clefable, M|100\/100\n|move|p2a: Magearna|Calm Mind|p2a: Magearna\n|-boost|p2a: Magearna|spa|1\n|-boost|p2a: Magearna|spd|1\n|\n|upkeep\n|turn|4\n|j| vespyyy\n|\n|t:|1698907371\n|move|p2a: Magearna|Shift Gear|p2a: Magearna\n|-boost|p2a: Magearna|spe|2\n|-boost|p2a: Magearna|atk|1\n|move|p1a: Clefable|Calm Mind|p1a: Clefable\n|-boost|p1a: Clefable|spa|1\n|-boost|p1a: Clefable|spd|1\n|\n|upkeep\n|turn|5\n|\n|t:|1698907374\n|move|p2a: Magearna|Shift Gear|p2a: Magearna\n|-boost|p2a: Magearna|spe|2\n|-boost|p2a: Magearna|atk|1\n|move|p1a: Clefable|Calm Mind|p1a: Clefable\n|-boost|p1a: Clefable|spa|1\n|-boost|p1a: Clefable|spd|1\n|\n|upkeep\n|turn|6\n|\n|t:|1698907377\n|move|p2a: Magearna|Stored Power|p1a: Clefable\n|-damage|p1a: Clefable|75\/100\n|move|p1a: Clefable|Calm Mind|p1a: Clefable\n|-boost|p1a: Clefable|spa|1\n|-boost|p1a: Clefable|spd|1\n|\n|-heal|p1a: Clefable|81\/100|[from] item: Leftovers\n|upkeep\n|turn|7\n|\n|t:|1698907381\n|move|p2a: Magearna|Stored Power|p1a: Clefable\n|-damage|p1a: Clefable|63\/100\n|move|p1a: Clefable|Moonblast|p2a: Magearna\n|-resisted|p2a: Magearna\n|-end|p2a: Magearna|Substitute\n|\n|-heal|p1a: Clefable|70\/100|[from] item: Leftovers\n|upkeep\n|turn|8\n|\n|t:|1698907404\n|-terastallize|p1a: Clefable|Dark\n|move|p2a: Magearna|Stored Power|p1a: Clefable\n|-immune|p1a: Clefable\n|move|p1a: Clefable|Calm Mind|p1a: Clefable\n|-boost|p1a: Clefable|spa|1\n|-boost|p1a: Clefable|spd|1\n|\n|-heal|p1a: Clefable|76\/100|[from] item: Leftovers\n|upkeep\n|turn|9\n|\n|t:|1698907421\n|move|p2a: Magearna|Draining Kiss|p1a: Clefable\n|-supereffective|p1a: Clefable\n|-damage|p1a: Clefable|65\/100\n|move|p1a: Clefable|Moonblast|p2a: Magearna\n|-resisted|p2a: Magearna\n|-damage|p2a: Magearna|64\/100\n|\n|-heal|p2a: Magearna|70\/100|[from] item: Leftovers\n|-heal|p1a: Clefable|71\/100|[from] item: Leftovers\n|upkeep\n|turn|10\n|\n|t:|1698907424\n|move|p2a: Magearna|Draining Kiss|p1a: Clefable\n|-supereffective|p1a: Clefable\n|-damage|p1a: Clefable|61\/100\n|-heal|p2a: Magearna|78\/100|[from] drain|[of] p1a: Clefable\n|move|p1a: Clefable|Moonblast|p2a: Magearna\n|-resisted|p2a: Magearna\n|-damage|p2a: Magearna|41\/100\n|\n|-heal|p2a: Magearna|47\/100|[from] item: Leftovers\n|-heal|p1a: Clefable|68\/100|[from] item: Leftovers\n|upkeep\n|turn|11\n|\n|t:|1698907427\n|move|p2a: Magearna|Draining Kiss|p1a: Clefable\n|-supereffective|p1a: Clefable\n|-damage|p1a: Clefable|57\/100\n|-heal|p2a: Magearna|56\/100|[from] drain|[of] p1a: Clefable\n|move|p1a: Clefable|Wish|p1a: Clefable\n|\n|-heal|p2a: Magearna|62\/100|[from] item: Leftovers\n|-heal|p1a: Clefable|63\/100|[from] item: Leftovers\n|upkeep\n|turn|12\n|\n|t:|1698907429\n|move|p2a: Magearna|Draining Kiss|p1a: Clefable\n|-supereffective|p1a: Clefable\n|-damage|p1a: Clefable|52\/100\n|-heal|p2a: Magearna|71\/100|[from] drain|[of] p1a: Clefable\n|move|p1a: Clefable|Moonblast|p2a: Magearna\n|-resisted|p2a: Magearna\n|-damage|p2a: Magearna|30\/100\n|-unboost|p2a: Magearna|spa|1\n|\n|-heal|p1a: Clefable|100\/100|[from] move: Wish|[wisher] Clefable\n|-heal|p2a: Magearna|36\/100|[from] item: Leftovers\n|upkeep\n|turn|13\n|\n|t:|1698907432\n|move|p2a: Magearna|Draining Kiss|p1a: Clefable\n|-supereffective|p1a: Clefable\n|-damage|p1a: Clefable|91\/100\n|-heal|p2a: Magearna|44\/100|[from] drain|[of] p1a: Clefable\n|move|p1a: Clefable|Calm Mind|p1a: Clefable\n|-boost|p1a: Clefable|spa|1\n|-boost|p1a: Clefable|spd|1\n|\n|-heal|p2a: Magearna|50\/100|[from] item: Leftovers\n|-heal|p1a: Clefable|97\/100|[from] item: Leftovers\n|upkeep\n|turn|14\n|\n|t:|1698907434\n|move|p2a: Magearna|Draining Kiss|p1a: Clefable\n|-supereffective|p1a: Clefable\n|-damage|p1a: Clefable|88\/100\n|-heal|p2a: Magearna|58\/100|[from] drain|[of] p1a: Clefable\n|move|p1a: Clefable|Calm Mind|p1a: Clefable\n|-boost|p1a: Clefable|spa|1\n|-boost|p1a: Clefable|spd|1\n|\n|-heal|p2a: Magearna|64\/100|[from] item: Leftovers\n|-heal|p1a: Clefable|94\/100|[from] item: Leftovers\n|upkeep\n|turn|15\n|\n|t:|1698907437\n|move|p2a: Magearna|Draining Kiss|p1a: Clefable\n|-supereffective|p1a: Clefable\n|-damage|p1a: Clefable|86\/100\n|-heal|p2a: Magearna|70\/100|[from] drain|[of] p1a: Clefable\n|move|p1a: Clefable|Moonblast|p2a: Magearna\n|-resisted|p2a: Magearna\n|-damage|p2a: Magearna|15\/100\n|-unboost|p2a: Magearna|spa|1\n|\n|-heal|p2a: Magearna|21\/100|[from] item: Leftovers\n|-heal|p1a: Clefable|92\/100|[from] item: Leftovers\n|upkeep\n|turn|16\n|\n|t:|1698907439\n|move|p2a: Magearna|Draining Kiss|p1a: Clefable\n|-supereffective|p1a: Clefable\n|-damage|p1a: Clefable|84\/100\n|-heal|p2a: Magearna|27\/100|[from] drain|[of] p1a: Clefable\n|move|p1a: Clefable|Moonblast|p2a: Magearna\n|-resisted|p2a: Magearna\n|-damage|p2a: Magearna|0 fnt\n|faint|p2a: Magearna\n|\n|-heal|p1a: Clefable|90\/100|[from] item: Leftovers\n|upkeep\n|\n|t:|1698907445\n|switch|p2a: Zacian|Zacian|100\/100\n|-damage|p2a: Zacian|88\/100|[from] Spikes\n|-ability|p2a: Zacian|Intrepid Sword|boost\n|-boost|p2a: Zacian|atk|1\n|turn|17\n|\n|t:|1698907448\n|move|p1a: Clefable|Protect|p1a: Clefable\n|-singleturn|p1a: Clefable|Protect\n|move|p2a: Zacian|Play Rough|p1a: Clefable\n|-activate|p1a: Clefable|move: Protect\n|\n|-heal|p1a: Clefable|96\/100|[from] item: Leftovers\n|upkeep\n|turn|18\n|\n|t:|1698907460\n|switch|p1a: Crocalor|Crocalor, F|100\/100\n|move|p2a: Zacian|Play Rough|p1a: Crocalor\n|-resisted|p1a: Crocalor\n|-damage|p1a: Crocalor|84\/100\n|\n|upkeep\n|turn|19\n|\n|t:|1698907465\n|switch|p2a: Cyclizar|Cyclizar, M|84\/100\n|-damage|p2a: Cyclizar|71\/100|[from] Spikes\n|move|p1a: Crocalor|Will-O-Wisp|p2a: Cyclizar|[miss]\n|-miss|p1a: Crocalor|p2a: Cyclizar\n|\n|upkeep\n|turn|20\n|\n|t:|1698907470\n|switch|p1a: Amoonguss|Amoonguss, M|100\/100\n|move|p2a: Cyclizar|Shed Tail|p2a: Cyclizar\n|-start|p2a: Cyclizar|Substitute|[from] move: Shed Tail\n|-damage|p2a: Cyclizar|21\/100\n|\n|t:|1698907478\n|switch|p2a: Garchomp|Garchomp, M|100\/100|[from] Shed Tail\n|-damage|p2a: Garchomp|88\/100|[from] Spikes\n|\n|upkeep\n|turn|21\n|\n|t:|1698907486\n|move|p2a: Garchomp|Swords Dance|p2a: Garchomp\n|-boost|p2a: Garchomp|atk|2\n|move|p1a: Amoonguss|Giga Drain|p2a: Garchomp\n|-activate|p2a: Garchomp|move: Substitute|[damage]\n|\n|upkeep\n|turn|22\n|\n|t:|1698907507\n|move|p2a: Garchomp|Earthquake|p1a: Amoonguss\n|-damage|p1a: Amoonguss|22\/100\n|move|p1a: Amoonguss|Giga Drain|p2a: Garchomp\n|-end|p2a: Garchomp|Substitute\n|-heal|p1a: Amoonguss|23\/100|[from] drain|[of] p2a: Garchomp\n|\n|upkeep\n|turn|23\n|inactive|leonissenbaum has 270 seconds left.\n|\n|t:|1698907559\n|switch|p1a: Mew|Mew|100\/100\n|move|p2a: Garchomp|Scale Shot|p1a: Mew\n|-damage|p1a: Mew|80\/100\n|-damage|p1a: Mew|59\/100\n|-damage|p1a: Mew|35\/100\n|-damage|p1a: Mew|13\/100\n|-hitcount|p1a: Mew|4\n|-unboost|p2a: Garchomp|def|1\n|-boost|p2a: Garchomp|spe|1\n|\n|-heal|p1a: Mew|19\/100|[from] item: Leftovers\n|upkeep\n|turn|24\n|\n|t:|1698907573\n|move|p2a: Garchomp|Scale Shot|p1a: Mew\n|-damage|p1a: Mew|0 fnt\n|faint|p1a: Mew\n|-hitcount|p1: Mew|1\n|-unboost|p2a: Garchomp|def|1\n|-boost|p2a: Garchomp|spe|1\n|\n|upkeep\n|\n|t:|1698907576\n|switch|p1a: Crocalor|Crocalor, F|84\/100\n|turn|25\n|c| vespyyy|This replay\n|\n|t:|1698907578\n|move|p2a: Garchomp|Earthquake|p1a: Crocalor\n|-supereffective|p1a: Crocalor\n|-damage|p1a: Crocalor|32\/100\n|move|p1a: Crocalor|Will-O-Wisp|p2a: Garchomp\n|-status|p2a: Garchomp|brn\n|\n|-damage|p2a: Garchomp|82\/100 brn|[from] brn\n|upkeep\n|turn|26\n|\n|t:|1698907584\n|move|p2a: Garchomp|Earthquake|p1a: Crocalor\n|-supereffective|p1a: Crocalor\n|-damage|p1a: Crocalor|7\/100\n|move|p1a: Crocalor|Slack Off|p1a: Crocalor\n|-heal|p1a: Crocalor|57\/100\n|\n|-damage|p2a: Garchomp|76\/100 brn|[from] brn\n|upkeep\n|turn|27\n|c| vespyyy|Is a good example\n|\n|t:|1698907589\n|move|p2a: Garchomp|Swords Dance|p2a: Garchomp\n|-boost|p2a: Garchomp|atk|2\n|move|p1a: Crocalor|Slack Off|p1a: Crocalor\n|-heal|p1a: Crocalor|100\/100\n|\n|-damage|p2a: Garchomp|70\/100 brn|[from] brn\n|upkeep\n|turn|28\n|\n|t:|1698907592\n|move|p2a: Garchomp|Swords Dance|p2a: Garchomp\n|-boost|p2a: Garchomp|atk|2\n|move|p1a: Crocalor|Flamethrower|p2a: Garchomp\n|-resisted|p2a: Garchomp\n|-damage|p2a: Garchomp|55\/100 brn\n|\n|-damage|p2a: Garchomp|48\/100 brn|[from] brn\n|upkeep\n|turn|29\n|c| vespyyy|Of why crocalor is a meme mon\n|\n|t:|1698907595\n|move|p2a: Garchomp|Earthquake|p1a: Crocalor\n|-supereffective|p1a: Crocalor\n|-damage|p1a: Crocalor|74\/100\n|move|p1a: Crocalor|Flamethrower|p2a: Garchomp\n|-resisted|p2a: Garchomp\n|-damage|p2a: Garchomp|34\/100 brn\n|\n|-damage|p2a: Garchomp|27\/100 brn|[from] brn\n|upkeep\n|turn|30\n|c|\u2606leonissenbaum|crocalor is saving the day right now\n|c|\u2606leonissenbaum|this replay is a great example of why it's not\n|\n|t:|1698907613\n|move|p2a: Garchomp|Earthquake|p1a: Crocalor\n|-supereffective|p1a: Crocalor\n|-crit|p1a: Crocalor\n|-damage|p1a: Crocalor|37\/100\n|move|p1a: Crocalor|Flamethrower|p2a: Garchomp\n|-resisted|p2a: Garchomp\n|-crit|p2a: Garchomp\n|-damage|p2a: Garchomp|6\/100 brn\n|\n|-damage|p2a: Garchomp|0 fnt|[from] brn\n|faint|p2a: Garchomp\n|upkeep\n|\n|t:|1698907619\n|switch|p2a: Palafin|Palafin, F|100\/100\n|-damage|p2a: Palafin|88\/100|[from] Spikes\n|turn|31\n|c| vespyyy|I was watching an earlier turn when i said that\n|c| vespyyy|Lol\n|\n|t:|1698907631\n|detailschange|p2a: Palafin|Palafin-Hero, F\n|switch|p2a: Cyclizar|Cyclizar, M|54\/100\n|-damage|p2a: Cyclizar|42\/100|[from] Spikes\n|switch|p1a: Amoonguss|Amoonguss, M|56\/100\n|\n|upkeep\n|turn|32\n|\n|t:|1698907640\n|move|p2a: Cyclizar|U-turn|p1a: Amoonguss\n|-damage|p1a: Amoonguss|46\/100\n|-damage|p2a: Cyclizar|25\/100|[from] item: Rocky Helmet|[of] p1a: Amoonguss\n|\n|t:|1698907643\n|switch|p2a: Shaymin|Shaymin-Sky|100\/100|[from] U-turn\n|move|p1a: Amoonguss|Toxic|p2a: Shaymin\n|-status|p2a: Shaymin|tox\n|\n|-damage|p2a: Shaymin|94\/100 tox|[from] psn\n|upkeep\n|turn|33\n|\n|t:|1698907650\n|switch|p1a: Blissey|Blissey, F|100\/100\n|move|p2a: Shaymin|Air Slash|p1a: Blissey\n|-damage|p1a: Blissey|88\/100\n|\n|-heal|p2a: Shaymin|100\/100 tox|[from] item: Leftovers\n|-damage|p2a: Shaymin|88\/100 tox|[from] psn\n|upkeep\n|turn|34\n|\n|t:|1698907656\n|move|p2a: Shaymin|Seed Flare|p1a: Blissey\n|-damage|p1a: Blissey|70\/100\n|move|p1a: Blissey|Seismic Toss|p2a: Shaymin\n|-damage|p2a: Shaymin|59\/100 tox\n|\n|-heal|p2a: Shaymin|65\/100 tox|[from] item: Leftovers\n|-damage|p2a: Shaymin|47\/100 tox|[from] psn\n|upkeep\n|turn|35\n|\n|t:|1698907663\n|switch|p2a: Zacian|Zacian|88\/100\n|-damage|p2a: Zacian|76\/100|[from] Spikes\n|move|p1a: Blissey|Seismic Toss|p2a: Zacian\n|-damage|p2a: Zacian|45\/100\n|\n|upkeep\n|turn|36\n|\n|t:|1698907674\n|switch|p1a: Toedscruel|Toedscruel, M|100\/100\n|move|p2a: Zacian|Play Rough|p1a: Toedscruel\n|-damage|p1a: Toedscruel|19\/100\n|\n|-heal|p1a: Toedscruel|25\/100|[from] item: Leftovers\n|upkeep\n|turn|37\n|\n|t:|1698907679\n|move|p2a: Zacian|Play Rough|p1a: Toedscruel\n|-damage|p1a: Toedscruel|0 fnt\n|faint|p1a: Toedscruel\n|\n|upkeep\n|\n|t:|1698907682\n|switch|p1a: Crocalor|Crocalor, F|37\/100\n|turn|38\n|\n|t:|1698907683\n|move|p2a: Zacian|Play Rough|p1a: Crocalor\n|-resisted|p1a: Crocalor\n|-crit|p1a: Crocalor\n|-damage|p1a: Crocalor|11\/100\n|move|p1a: Crocalor|Slack Off|p1a: Crocalor\n|-heal|p1a: Crocalor|61\/100\n|\n|upkeep\n|turn|39\n|\n|t:|1698907687\n|switch|p2a: Palafin|Palafin-Hero, F|88\/100\n|-damage|p2a: Palafin|76\/100|[from] Spikes\n|-activate|p2a: Palafin|ability: Zero to Hero\n|move|p1a: Crocalor|Slack Off|p1a: Crocalor\n|-heal|p1a: Crocalor|100\/100\n|\n|upkeep\n|turn|40\n|\n|t:|1698907693\n|switch|p1a: Amoonguss|Amoonguss, M|80\/100\n|-terastallize|p2a: Palafin|Water\n|move|p2a: Palafin|Wave Crash|p1a: Amoonguss\n|-resisted|p1a: Amoonguss\n|-damage|p1a: Amoonguss|33\/100\n|-damage|p2a: Palafin|59\/100|[from] item: Rocky Helmet|[of] p1a: Amoonguss\n|-damage|p2a: Palafin|43\/100|[from] Recoil\n|\n|upkeep\n|turn|41\n|\n|t:|1698907713\n|switch|p1a: Clefable|Clefable, M, tera:Dark|96\/100\n|move|p2a: Palafin|Wave Crash|p1a: Clefable\n|-damage|p1a: Clefable|0 fnt\n|faint|p1a: Clefable\n|-damage|p2a: Palafin|12\/100|[from] Recoil\n|\n|upkeep\n|\n|t:|1698907718\n|switch|p1a: Amoonguss|Amoonguss, M|66\/100\n|turn|42\n|\n|t:|1698907724\n|switch|p2a: Cyclizar|Cyclizar, M|58\/100\n|-damage|p2a: Cyclizar|46\/100|[from] Spikes\n|move|p1a: Amoonguss|Synthesis|p1a: Amoonguss\n|-heal|p1a: Amoonguss|100\/100\n|\n|upkeep\n|turn|43\n|\n|t:|1698907732\n|move|p2a: Cyclizar|U-turn|p1a: Amoonguss\n|-damage|p1a: Amoonguss|90\/100\n|-damage|p2a: Cyclizar|29\/100|[from] item: Rocky Helmet|[of] p1a: Amoonguss\n|\n|t:|1698907738\n|switch|p2a: Shaymin|Shaymin-Sky|47\/100 tox|[from] U-turn\n|move|p1a: Amoonguss|Spore|p2a: Shaymin\n|-immune|p2a: Shaymin\n|\n|-heal|p2a: Shaymin|53\/100 tox|[from] item: Leftovers\n|-damage|p2a: Shaymin|47\/100 tox|[from] psn\n|upkeep\n|turn|44\n|\n|t:|1698907744\n|switch|p1a: Blissey|Blissey, F|70\/100\n|move|p2a: Shaymin|Leech Seed|p1a: Blissey\n|-start|p1a: Blissey|move: Leech Seed\n|\n|-heal|p2a: Shaymin|53\/100 tox|[from] item: Leftovers\n|-damage|p1a: Blissey|58\/100|[from] Leech Seed|[of] p2a: Shaymin\n|-heal|p2a: Shaymin|76\/100 tox|[silent]\n|-damage|p2a: Shaymin|64\/100 tox|[from] psn\n|upkeep\n|turn|45\n|\n|t:|1698907748\n|move|p2a: Shaymin|Seed Flare|p1a: Blissey\n|-damage|p1a: Blissey|38\/100\n|move|p1a: Blissey|Soft-Boiled|p1a: Blissey\n|-heal|p1a: Blissey|88\/100\n|\n|-heal|p2a: Shaymin|70\/100 tox|[from] item: Leftovers\n|-damage|p1a: Blissey|76\/100|[from] Leech Seed|[of] p2a: Shaymin\n|-heal|p2a: Shaymin|94\/100 tox|[silent]\n|-damage|p2a: Shaymin|76\/100 tox|[from] psn\n|upkeep\n|turn|46\n|\n|t:|1698907757\n|switch|p1a: Amoonguss|Amoonguss, M|100\/100\n|move|p2a: Shaymin|Seed Flare|p1a: Amoonguss\n|-resisted|p1a: Amoonguss\n|-damage|p1a: Amoonguss|87\/100\n|-unboost|p1a: Amoonguss|spd|2\n|\n|-heal|p2a: Shaymin|82\/100 tox|[from] item: Leftovers\n|-damage|p2a: Shaymin|57\/100 tox|[from] psn\n|upkeep\n|turn|47\n|\n|t:|1698907760\n|switch|p1a: Blissey|Blissey, F|76\/100\n|move|p2a: Shaymin|Air Slash|p1a: Blissey\n|-damage|p1a: Blissey|65\/100\n|\n|-heal|p2a: Shaymin|63\/100 tox|[from] item: Leftovers\n|-damage|p2a: Shaymin|32\/100 tox|[from] psn\n|upkeep\n|turn|48\n|\n|t:|1698907764\n|switch|p2a: Cyclizar|Cyclizar, M|62\/100\n|-damage|p2a: Cyclizar|50\/100|[from] Spikes\n|move|p1a: Blissey|Soft-Boiled|p1a: Blissey\n|-heal|p1a: Blissey|100\/100\n|\n|upkeep\n|turn|49\n|\n|t:|1698907768\n|move|p2a: Cyclizar|Shed Tail|p2a: Cyclizar\n|-fail|p2a: Cyclizar|move: Shed Tail|[weak]\n|move|p1a: Blissey|Seismic Toss|p2a: Cyclizar\n|-damage|p2a: Cyclizar|21\/100\n|\n|upkeep\n|turn|50\n|c|\u2606lolgz|shoot misclick\n|c|\u2606leonissenbaum|rip\n|\n|t:|1698907783\n|switch|p2a: Zacian|Zacian|45\/100\n|-damage|p2a: Zacian|33\/100|[from] Spikes\n|move|p1a: Blissey|Seismic Toss|p2a: Zacian\n|-damage|p2a: Zacian|2\/100\n|\n|upkeep\n|turn|51\n|\n|t:|1698907792\n|switch|p1a: Crocalor|Crocalor, F|100\/100\n|move|p2a: Zacian|Close Combat|p1a: Crocalor\n|-damage|p1a: Crocalor|70\/100\n|-unboost|p2a: Zacian|def|1\n|-unboost|p2a: Zacian|spd|1\n|\n|upkeep\n|turn|52\n|\n|t:|1698907798\n|move|p2a: Zacian|Close Combat|p1a: Crocalor\n|-damage|p1a: Crocalor|40\/100\n|-unboost|p2a: Zacian|def|1\n|-unboost|p2a: Zacian|spd|1\n|move|p1a: Crocalor|Flamethrower|p2a: Zacian\n|-crit|p2a: Zacian\n|-damage|p2a: Zacian|0 fnt\n|faint|p2a: Zacian\n|\n|upkeep\n|\n|t:|1698907803\n|switch|p2a: Palafin|Palafin-Hero, F, tera:Water|12\/100\n|-damage|p2a: Palafin|0 fnt|[from] Spikes\n|faint|p2a: Palafin\n|\n|t:|1698907806\n|switch|p2a: Shaymin|Shaymin-Sky|32\/100 tox\n|turn|53\n|c|\u2606leonissenbaum|INSANE flamethrower crit\n|\n|t:|1698907814\n|move|p2a: Shaymin|Earth Power|p1a: Crocalor\n|-supereffective|p1a: Crocalor\n|-damage|p1a: Crocalor|0 fnt\n|faint|p1a: Crocalor\n|\n|-heal|p2a: Shaymin|39\/100 tox|[from] item: Leftovers\n|-damage|p2a: Shaymin|32\/100 tox|[from] psn\n|upkeep\n|\n|t:|1698907818\n|switch|p1a: Blissey|Blissey, F|100\/100\n|turn|54\n|c|\u2606leonissenbaum|gg\n|\n|t:|1698907822\n|switch|p2a: Cyclizar|Cyclizar, M|54\/100\n|-damage|p2a: Cyclizar|41\/100|[from] Spikes\n|move|p1a: Blissey|Seismic Toss|p2a: Cyclizar\n|-damage|p2a: Cyclizar|12\/100\n|\n|upkeep\n|turn|55\n|\n|t:|1698907826\n|move|p2a: Cyclizar|U-turn|p1a: Blissey\n|-damage|p1a: Blissey|85\/100\n|\n|t:|1698907828\n|switch|p2a: Shaymin|Shaymin-Sky|32\/100 tox|[from] U-turn\n|move|p1a: Blissey|Seismic Toss|p2a: Shaymin\n|-damage|p2a: Shaymin|3\/100 tox\n|\n|-heal|p2a: Shaymin|9\/100 tox|[from] item: Leftovers\n|-damage|p2a: Shaymin|3\/100 tox|[from] psn\n|upkeep\n|turn|56\n|\n|t:|1698907834\n|move|p2a: Shaymin|Seed Flare|p1a: Blissey\n|-damage|p1a: Blissey|66\/100\n|move|p1a: Blissey|Seismic Toss|p2a: Shaymin\n|-damage|p2a: Shaymin|0 fnt\n|faint|p2a: Shaymin\n|\n|upkeep\n|-message|lolgz forfeited.\n|\n|win|leonissenbaum\n","uploadtime":1698907849,"views":17,"p1id":"leonissenbaum","p2id":"lolgz","formatid":"gen9ubers","rating":0,"private":0,"password":""}