{"id":"gen9ubers-1971449983","p1":"fabxorusVGC","p2":"danksprizor","format":"[Gen 9] Ubers","log":"|j|\u2606fabxorusVGC\n|j|\u2606danksprizor\n|t:|1697739421\n|gametype|singles\n|player|p1|fabxorusVGC|hilbert|1094\n|player|p2|danksprizor|2|1033\n|teamsize|p1|6\n|teamsize|p2|6\n|gen|9\n|tier|[Gen 9] Ubers\n|rated|\n|rule|Sleep Clause Mod: Limit one foe put to sleep\n|rule|Species Clause: Limit one of each Pok\u00e9mon\n|rule|OHKO Clause: OHKO moves are banned\n|rule|Evasion Items Clause: Evasion items are banned\n|rule|Evasion Moves Clause: Evasion moves are banned\n|rule|Endless Battle Clause: Forcing endless battles is banned\n|rule|HP Percentage Mod: HP is shown in percentages\n|clearpoke\n|poke|p1|Regieleki|\n|poke|p1|Spectrier|\n|poke|p1|Lycanroc-Midnight, M|\n|poke|p1|Volcarona, M|\n|poke|p1|Copperajah, M|\n|poke|p1|Kleavor, M|\n|poke|p2|Tyranitar, M|\n|poke|p2|Breloom, M|\n|poke|p2|Gholdengo|\n|poke|p2|Corviknight, M|\n|poke|p2|Grimmsnarl, M|\n|poke|p2|Rotom-Wash|\n|teampreview\n|inactive|Battle timer is ON: inactive players will automatically lose when time's up. (requested by fabxorusVGC)\n|\n|t:|1697739430\n|start\n|switch|p1a: Sorpresa|Regieleki|100\/100\n|switch|p2a: Grimmsnarl|Grimmsnarl, M|100\/100\n|turn|1\n|\n|t:|1697739448\n|move|p2a: Grimmsnarl|Reflect|p2a: Grimmsnarl\n|-sidestart|p2: danksprizor|Reflect\n|move|p1a: Sorpresa|Wild Charge|p2a: Grimmsnarl\n|-damage|p2a: Grimmsnarl|46\/100\n|-damage|p1a: Sorpresa|85\/100|[from] Recoil\n|\n|upkeep\n|turn|2\n|\n|t:|1697739465\n|move|p2a: Grimmsnarl|Light Screen|p2a: Grimmsnarl\n|-sidestart|p2: danksprizor|move: Light Screen\n|move|p1a: Sorpresa|Wild Charge|p2a: Grimmsnarl\n|-damage|p2a: Grimmsnarl|0 fnt\n|faint|p2a: Grimmsnarl\n|-damage|p1a: Sorpresa|72\/100|[from] Recoil\n|\n|upkeep\n|\n|t:|1697739471\n|switch|p2a: Tyranitar|Tyranitar, M, shiny|100\/100\n|-weather|Sandstorm|[from] ability: Sand Stream|[of] p2a: Tyranitar\n|turn|3\n|\n|t:|1697739476\n|switch|p1a: Clavija|Kleavor, M|100\/100\n|move|p2a: Tyranitar|Earthquake|p1a: Clavija\n|-damage|p1a: Clavija|64\/100\n|\n|-weather|Sandstorm|[upkeep]\n|upkeep\n|turn|4\n|\n|t:|1697739490\n|move|p1a: Clavija|Close Combat|p2a: Tyranitar\n|-supereffective|p2a: Tyranitar\n|-damage|p2a: Tyranitar|28\/100\n|-unboost|p1a: Clavija|def|1\n|-unboost|p1a: Clavija|spd|1\n|move|p2a: Tyranitar|Fire Punch|p1a: Clavija\n|-damage|p1a: Clavija|25\/100\n|\n|-weather|Sandstorm|[upkeep]\n|upkeep\n|turn|5\n|\n|t:|1697739504\n|-terastallize|p2a: Tyranitar|Ghost\n|move|p1a: Clavija|Close Combat|p2a: Tyranitar\n|-immune|p2a: Tyranitar\n|move|p2a: Tyranitar|Earthquake|p1a: Clavija\n|-damage|p1a: Clavija|0 fnt\n|faint|p1a: Clavija\n|\n|-weather|Sandstorm|[upkeep]\n|-damage|p2a: Tyranitar|22\/100|[from] Sandstorm\n|upkeep\n|\n|t:|1697739520\n|switch|p1a: Sorpresa|Regieleki|72\/100\n|turn|6\n|\n|t:|1697739526\n|move|p1a: Sorpresa|Wild Charge|p2a: Tyranitar\n|-damage|p2a: Tyranitar|0 fnt\n|faint|p2a: Tyranitar\n|-damage|p1a: Sorpresa|66\/100|[from] Recoil\n|\n|-weather|Sandstorm|[upkeep]\n|-damage|p1a: Sorpresa|60\/100|[from] Sandstorm\n|upkeep\n|\n|t:|1697739534\n|switch|p2a: Breloom|Breloom, M|100\/100\n|turn|7\n|\n|t:|1697739553\n|move|p1a: Sorpresa|Wild Charge|p2a: Breloom\n|-resisted|p2a: Breloom\n|-damage|p2a: Breloom|68\/100\n|-damage|p1a: Sorpresa|54\/100|[from] Recoil\n|move|p2a: Breloom|Bullet Seed|p1a: Sorpresa\n|-damage|p1a: Sorpresa|22\/100\n|-damage|p1a: Sorpresa|0 fnt\n|faint|p1a: Sorpresa\n|-hitcount|p1: Sorpresa|2\n|\n|-weather|none\n|upkeep\n|inactive|fabxorusVGC has 120 seconds left.\n|\n|t:|1697739586\n|switch|p1a: Turrialba|Volcarona, M, shiny|100\/100\n|turn|8\n|\n|t:|1697739609\n|-terastallize|p1a: Turrialba|Grass\n|move|p1a: Turrialba|Will-O-Wisp|p2a: Breloom\n|-status|p2a: Breloom|brn\n|move|p2a: Breloom|Spore|p1a: Turrialba\n|-immune|p1a: Turrialba\n|\n|-damage|p2a: Breloom|62\/100 brn|[from] brn\n|-sideend|p2: danksprizor|Reflect\n|upkeep\n|turn|9\n|\n|t:|1697739625\n|move|p2a: Breloom|Mach Punch|p1a: Turrialba\n|-damage|p1a: Turrialba|84\/100\n|move|p1a: Turrialba|Quiver Dance|p1a: Turrialba\n|-boost|p1a: Turrialba|spa|1\n|-boost|p1a: Turrialba|spd|1\n|-boost|p1a: Turrialba|spe|1\n|\n|-heal|p1a: Turrialba|90\/100|[from] item: Leftovers\n|-damage|p2a: Breloom|56\/100 brn|[from] brn\n|-sideend|p2: danksprizor|move: Light Screen\n|upkeep\n|turn|10\n|\n|t:|1697739638\n|move|p1a: Turrialba|Fiery Dance|p2a: Breloom\n|-supereffective|p2a: Breloom\n|-damage|p2a: Breloom|0 fnt\n|-boost|p1a: Turrialba|spa|1\n|faint|p2a: Breloom\n|\n|-heal|p1a: Turrialba|96\/100|[from] item: Leftovers\n|upkeep\n|\n|t:|1697739644\n|switch|p2a: Rotom|Rotom-Wash|100\/100\n|turn|11\n|\n|t:|1697739653\n|move|p1a: Turrialba|Giga Drain|p2a: Rotom\n|-supereffective|p2a: Rotom\n|-damage|p2a: Rotom|0 fnt\n|-heal|p1a: Turrialba|100\/100|[from] drain|[of] p2a: Rotom\n|faint|p2a: Rotom\n|\n|upkeep\n|\n|t:|1697739657\n|switch|p2a: Corviknight|Corviknight, M|100\/100\n|turn|12\n|\n|t:|1697739662\n|move|p1a: Turrialba|Fiery Dance|p2a: Corviknight\n|-supereffective|p2a: Corviknight\n|-damage|p2a: Corviknight|0 fnt\n|-boost|p1a: Turrialba|spa|1\n|faint|p2a: Corviknight\n|\n|upkeep\n|\n|t:|1697739665\n|switch|p2a: Gholdengo|Gholdengo|100\/100\n|turn|13\n|\n|t:|1697739673\n|move|p1a: Turrialba|Fiery Dance|p2a: Gholdengo\n|-supereffective|p2a: Gholdengo\n|-damage|p2a: Gholdengo|0 fnt\n|faint|p2a: Gholdengo\n|\n|win|fabxorusVGC\n|raw|fabxorusVGC's rating: 1094 &rarr; <strong>1115<\/strong><br \/>(+21 for winning)\n|raw|danksprizor's rating: 1033 &rarr; <strong>1021<\/strong><br \/>(-12 for losing)\n|l|\u2606danksprizor\n","uploadtime":1697739684,"views":10,"p1id":"fabxorusvgc","p2id":"danksprizor","formatid":"gen9ubers","rating":1021,"private":0,"password":""}