{"id":"gen9ubers-1971113043","p1":"wamkou","p2":"IspamObjection","format":"[Gen 9] Ubers","log":"|j|\u2606wamkou\n|j|\u2606IspamObjection\n|t:|1697708077\n|gametype|singles\n|player|p1|wamkou|n|\n|player|p2|IspamObjection|lance-gen2|\n|teamsize|p1|6\n|teamsize|p2|6\n|gen|9\n|tier|[Gen 9] Ubers\n|rule|Sleep Clause Mod: Limit one foe put to sleep\n|rule|Species Clause: Limit one of each Pok\u00e9mon\n|rule|OHKO Clause: OHKO moves are banned\n|rule|Evasion Items Clause: Evasion items are banned\n|rule|Evasion Moves Clause: Evasion moves are banned\n|rule|Endless Battle Clause: Forcing endless battles is banned\n|rule|HP Percentage Mod: HP is shown in percentages\n|clearpoke\n|poke|p1|Masquerain, M|\n|poke|p1|Chi-Yu|\n|poke|p1|Gholdengo|\n|poke|p1|Zacian-*|\n|poke|p1|Magearna|\n|poke|p1|Arceus-Grass|\n|poke|p2|Masquerain, F|\n|poke|p2|Urshifu-*, M|\n|poke|p2|Gholdengo|\n|poke|p2|Zacian-*|\n|poke|p2|Shaymin-Sky|\n|poke|p2|Dialga|\n|teampreview\n|\n|t:|1697708104\n|start\n|switch|p1a: Masquerain|Masquerain, M, shiny|100\/100\n|switch|p2a: Gholdengo|Gholdengo|100\/100\n|-ability|p1a: Masquerain|Intimidate|boost\n|-unboost|p2a: Gholdengo|atk|1\n|turn|1\n|\n|t:|1697708113\n|move|p1a: Masquerain|Sticky Web|p2a: Gholdengo\n|-sidestart|p2: IspamObjection|move: Sticky Web\n|move|p2a: Gholdengo|Nasty Plot|p2a: Gholdengo\n|-boost|p2a: Gholdengo|spa|2\n|\n|upkeep\n|turn|2\n|\n|t:|1697708128\n|move|p1a: Masquerain|Tailwind|p1a: Masquerain\n|-sidestart|p1: wamkou|move: Tailwind\n|move|p2a: Gholdengo|Shadow Ball|p1a: Masquerain\n|-crit|p1a: Masquerain\n|-enditem|p1a: Masquerain|Focus Sash\n|-damage|p1a: Masquerain|1\/100\n|-unboost|p1a: Masquerain|spd|1\n|\n|upkeep\n|turn|3\n|\n|t:|1697708134\n|move|p1a: Masquerain|Leech Life|p2a: Gholdengo\n|-resisted|p2a: Gholdengo\n|-damage|p2a: Gholdengo|97\/100\n|-heal|p1a: Masquerain|3\/100|[from] drain|[of] p2a: Gholdengo\n|move|p2a: Gholdengo|Shadow Ball|p1a: Masquerain\n|-damage|p1a: Masquerain|0 fnt\n|faint|p1a: Masquerain\n|\n|-heal|p2a: Gholdengo|100\/100|[from] item: Leftovers\n|upkeep\n|\n|t:|1697708142\n|switch|p1a: Chi-Yu|Chi-Yu|100\/100\n|-ability|p1a: Chi-Yu|Beads of Ruin\n|turn|4\n|\n|t:|1697708165\n|move|p1a: Chi-Yu|Overheat|p2a: Gholdengo\n|-supereffective|p2a: Gholdengo\n|-damage|p2a: Gholdengo|0 fnt\n|-unboost|p1a: Chi-Yu|spa|2\n|faint|p2a: Gholdengo\n|\n|upkeep\n|j| Darth33\n|\n|t:|1697708177\n|switch|p2a: Masquerain|Masquerain, F|100\/100\n|-ability|p2a: Masquerain|Intimidate|boost\n|-unboost|p1a: Chi-Yu|atk|1\n|turn|5\n|\n|t:|1697708189\n|move|p1a: Chi-Yu|Overheat|p2a: Masquerain\n|-supereffective|p2a: Masquerain\n|-enditem|p2a: Masquerain|Focus Sash\n|-damage|p2a: Masquerain|1\/100\n|-unboost|p1a: Chi-Yu|spa|2\n|move|p2a: Masquerain|Sticky Web|p1a: Chi-Yu\n|-sidestart|p1: wamkou|move: Sticky Web\n|\n|-sideend|p1: wamkou|move: Tailwind\n|upkeep\n|turn|6\n|\n|t:|1697708195\n|move|p1a: Chi-Yu|Overheat|p2a: Masquerain\n|-supereffective|p2a: Masquerain\n|-damage|p2a: Masquerain|0 fnt\n|-unboost|p1a: Chi-Yu|spa|2\n|faint|p2a: Masquerain\n|\n|upkeep\n|\n|t:|1697708204\n|switch|p2a: Dialga|Dialga|100\/100\n|-activate|p2a: Dialga|move: Sticky Web\n|-unboost|p2a: Dialga|spe|1\n|-ability|p2a: Dialga|Pressure\n|turn|7\n|\n|t:|1697708215\n|switch|p1a: Magearna|Magearna|100\/100\n|-activate|p1a: Magearna|move: Sticky Web\n|-unboost|p1a: Magearna|spe|1\n|move|p2a: Dialga|Stealth Rock|p1a: Magearna\n|-sidestart|p1: wamkou|move: Stealth Rock\n|\n|upkeep\n|turn|8\n|\n|t:|1697708228\n|move|p2a: Dialga|Thunder Wave|p1a: Magearna\n|-status|p1a: Magearna|par\n|move|p1a: Magearna|Spikes|p2a: Dialga\n|-sidestart|p2: IspamObjection|Spikes\n|\n|upkeep\n|turn|9\n|\n|t:|1697708234\n|move|p1a: Magearna|Thunder Wave|p2a: Dialga\n|-status|p2a: Dialga|par\n|move|p2a: Dialga|Roar|p1a: Magearna\n|drag|p1a: Zacian|Zacian|100\/100\n|-ability|p1a: Zacian|Intrepid Sword|boost\n|-boost|p1a: Zacian|atk|1\n|\n|upkeep\n|turn|10\n|\n|t:|1697708248\n|move|p1a: Zacian|Play Rough|p2a: Dialga\n|-damage|p2a: Dialga|56\/100 par\n|move|p2a: Dialga|Thunder Wave|p1a: Zacian\n|-status|p1a: Zacian|par\n|\n|-heal|p2a: Dialga|62\/100 par|[from] item: Leftovers\n|upkeep\n|turn|11\n|\n|t:|1697708256\n|move|p1a: Zacian|Play Rough|p2a: Dialga\n|-damage|p2a: Dialga|15\/100 par\n|cant|p2a: Dialga|par\n|\n|-heal|p2a: Dialga|21\/100 par|[from] item: Leftovers\n|upkeep\n|turn|12\n|\n|t:|1697708262\n|move|p1a: Zacian|Play Rough|p2a: Dialga|[miss]\n|-miss|p1a: Zacian|p2a: Dialga\n|move|p2a: Dialga|Roar|p1a: Zacian\n|drag|p1a: Magearna|Magearna|100\/100 par\n|-activate|p1a: Magearna|move: Sticky Web\n|-unboost|p1a: Magearna|spe|1\n|-damage|p1a: Magearna|94\/100 par|[from] Stealth Rock\n|\n|-heal|p2a: Dialga|27\/100 par|[from] item: Leftovers\n|-heal|p1a: Magearna|100\/100 par|[from] item: Leftovers\n|upkeep\n|turn|13\n|c| Darth33|The t spam is real\n|\n|t:|1697708273\n|move|p1a: Magearna|Draining Kiss|p2a: Dialga\n|-damage|p2a: Dialga|13\/100 par\n|move|p2a: Dialga|Roar|p1a: Magearna\n|drag|p1a: Chi-Yu|Chi-Yu|100\/100\n|-activate|p1a: Chi-Yu|move: Sticky Web\n|-unboost|p1a: Chi-Yu|spe|1\n|-damage|p1a: Chi-Yu|76\/100|[from] Stealth Rock\n|-ability|p1a: Chi-Yu|Beads of Ruin\n|\n|-heal|p2a: Dialga|19\/100 par|[from] item: Leftovers\n|upkeep\n|turn|14\n|\n|t:|1697708287\n|move|p1a: Chi-Yu|Flamethrower|p2a: Dialga\n|-damage|p2a: Dialga|0 fnt\n|faint|p2a: Dialga\n|\n|upkeep\n|\n|t:|1697708300\n|switch|p2a: Shaymin|Shaymin-Sky|100\/100\n|turn|15\n|\n|t:|1697708310\n|move|p2a: Shaymin|Air Slash|p1a: Chi-Yu\n|-damage|p1a: Chi-Yu|32\/100\n|move|p1a: Chi-Yu|Flamethrower|p2a: Shaymin\n|-supereffective|p2a: Shaymin\n|-damage|p2a: Shaymin|0 fnt\n|faint|p2a: Shaymin\n|\n|upkeep\n|\n|t:|1697708323\n|switch|p2a: Urshifu|Urshifu, M|100\/100\n|-activate|p2a: Urshifu|move: Sticky Web\n|-unboost|p2a: Urshifu|spe|1\n|-damage|p2a: Urshifu|88\/100|[from] Spikes\n|turn|16\n|\n|t:|1697708335\n|switch|p1a: Zacian|Zacian|100\/100 par\n|move|p2a: Urshifu|Sucker Punch||[still]\n|-fail|p2a: Urshifu\n|\n|upkeep\n|turn|17\n|\n|t:|1697708343\n|switch|p2a: Zacian|Zacian|100\/100\n|-activate|p2a: Zacian|move: Sticky Web\n|-unboost|p2a: Zacian|spe|1\n|-damage|p2a: Zacian|88\/100|[from] Spikes\n|-ability|p2a: Zacian|Intrepid Sword|boost\n|-boost|p2a: Zacian|atk|1\n|move|p1a: Zacian|Play Rough|p2a: Zacian\n|-damage|p2a: Zacian|47\/100\n|\n|upkeep\n|turn|18\n|\n|t:|1697708358\n|move|p2a: Zacian|Play Rough|p1a: Zacian\n|-damage|p1a: Zacian|5\/100 par\n|-unboost|p1a: Zacian|atk|1\n|move|p1a: Zacian|Play Rough|p2a: Zacian\n|-damage|p2a: Zacian|20\/100\n|\n|upkeep\n|turn|19\n|\n|t:|1697708366\n|move|p2a: Zacian|Play Rough|p1a: Zacian\n|-damage|p1a: Zacian|0 fnt\n|faint|p1a: Zacian\n|\n|upkeep\n|\n|t:|1697708377\n|switch|p1a: Gholdengo|Gholdengo|100\/100\n|-activate|p1a: Gholdengo|move: Sticky Web\n|-unboost|p1a: Gholdengo|spe|1\n|-damage|p1a: Gholdengo|94\/100|[from] Stealth Rock\n|turn|20\n|\n|t:|1697708398\n|switch|p2a: Urshifu|Urshifu, M|88\/100\n|-activate|p2a: Urshifu|move: Sticky Web\n|-unboost|p2a: Urshifu|spe|1\n|-damage|p2a: Urshifu|76\/100|[from] Spikes\n|move|p1a: Gholdengo|Dazzling Gleam|p2a: Urshifu\n|-supereffective|p2a: Urshifu\n|-damage|p2a: Urshifu|0 fnt\n|faint|p2a: Urshifu\n|\n|upkeep\n|\n|t:|1697708405\n|switch|p2a: Zacian|Zacian|20\/100\n|-activate|p2a: Zacian|move: Sticky Web\n|-unboost|p2a: Zacian|spe|1\n|-damage|p2a: Zacian|7\/100|[from] Spikes\n|turn|21\n|\n|t:|1697708411\n|-terastallize|p2a: Zacian|Fire\n|move|p1a: Gholdengo|Dazzling Gleam|p2a: Zacian\n|-resisted|p2a: Zacian\n|-damage|p2a: Zacian|0 fnt\n|faint|p2a: Zacian\n|\n|win|wamkou\n","uploadtime":1697708415,"views":22,"p1id":"wamkou","p2id":"ispamobjection","formatid":"gen9ubers","rating":0,"private":0,"password":""}