{"id":"gen9ubers-1974499707","p1":"Underhours","p2":"kirimissing","format":"[Gen 9] Ubers","log":"|j|\u2606Underhours\n|j|\u2606kirimissing\n|t:|1698092097\n|gametype|singles\n|player|p1|Underhours|rocketgruntf|\n|player|p2|kirimissing|raifort|\n|teamsize|p1|6\n|teamsize|p2|6\n|gen|9\n|tier|[Gen 9] Ubers\n|rule|Sleep Clause Mod: Limit one foe put to sleep\n|rule|Species Clause: Limit one of each Pok\u00e9mon\n|rule|OHKO Clause: OHKO moves are banned\n|rule|Evasion Items Clause: Evasion items are banned\n|rule|Evasion Moves Clause: Evasion moves are banned\n|rule|Endless Battle Clause: Forcing endless battles is banned\n|rule|HP Percentage Mod: HP is shown in percentages\n|clearpoke\n|poke|p1|Magearna|\n|poke|p1|Shaymin-Sky|\n|poke|p1|Chi-Yu|\n|poke|p1|Basculegion-F, F|\n|poke|p1|Giratina|\n|poke|p1|Zacian-*|\n|poke|p2|Scizor, M|\n|poke|p2|Haxorus, F|\n|poke|p2|Ninetales-Alola, M|\n|poke|p2|Alomomola, F|\n|poke|p2|Espathra, M|\n|poke|p2|Masquerain, M|\n|teampreview\n|c|\u2606kirimissing|glhf\n|c|\u2606Underhours|u2\n|\n|t:|1698092120\n|start\n|switch|p1a: Magearna|Magearna|100\/100\n|switch|p2a: Masquerain|Masquerain, M|100\/100\n|-ability|p2a: Masquerain|Intimidate|boost\n|-unboost|p1a: Magearna|atk|1\n|turn|1\n|\n|t:|1698092133\n|move|p2a: Masquerain|Sticky Web|p1a: Magearna\n|-sidestart|p1: Underhours|move: Sticky Web\n|move|p1a: Magearna|Volt Switch|p2a: Masquerain\n|-supereffective|p2a: Masquerain\n|-damage|p2a: Masquerain|19\/100\n|-enditem|p2a: Masquerain|Salac Berry|[eat]\n|-boost|p2a: Masquerain|spe|1|[from] item: Salac Berry\n|\n|t:|1698092163\n|switch|p1a: Giratina|Giratina|100\/100|[from] Volt Switch\n|-ability|p1a: Giratina|Pressure\n|\n|upkeep\n|turn|2\n|\n|t:|1698092177\n|move|p2a: Masquerain|Bug Buzz|p1a: Giratina\n|-resisted|p1a: Giratina\n|-damage|p1a: Giratina|90\/100\n|move|p1a: Giratina|Will-O-Wisp|p2a: Masquerain\n|-status|p2a: Masquerain|brn\n|\n|-damage|p2a: Masquerain|13\/100 brn|[from] brn\n|upkeep\n|turn|3\n|\n|t:|1698092185\n|move|p2a: Masquerain|Hurricane|p1a: Giratina|[miss]\n|-miss|p2a: Masquerain|p1a: Giratina\n|move|p1a: Giratina|Defog|p2a: Masquerain\n|-unboost|p2a: Masquerain|evasion|1\n|-sideend|p1: Underhours|Sticky Web|[from] move: Defog|[of] p1a: Giratina\n|\n|-damage|p2a: Masquerain|7\/100 brn|[from] brn\n|upkeep\n|turn|4\n|\n|t:|1698092198\n|move|p2a: Masquerain|Sticky Web|p1a: Giratina\n|-sidestart|p1: Underhours|move: Sticky Web\n|move|p1a: Giratina|Defog|p2a: Masquerain\n|-unboost|p2a: Masquerain|evasion|1\n|-sideend|p1: Underhours|Sticky Web|[from] move: Defog|[of] p1a: Giratina\n|\n|-damage|p2a: Masquerain|1\/100 brn|[from] brn\n|upkeep\n|turn|5\n|\n|t:|1698092216\n|switch|p2a: Ninetales|Ninetales-Alola, M|100\/100\n|-weather|Snow|[from] ability: Snow Warning|[of] p2a: Ninetales\n|move|p1a: Giratina|Defog|p2a: Ninetales\n|-unboost|p2a: Ninetales|evasion|1\n|\n|-weather|Snow|[upkeep]\n|upkeep\n|turn|6\n|\n|t:|1698092232\n|switch|p1a: Magearna|Magearna|100\/100\n|move|p2a: Ninetales|Blizzard|p1a: Magearna\n|-resisted|p1a: Magearna\n|-crit|p1a: Magearna\n|-damage|p1a: Magearna|75\/100\n|\n|-weather|Snow|[upkeep]\n|-heal|p1a: Magearna|81\/100|[from] item: Leftovers\n|upkeep\n|turn|7\n|\n|t:|1698092243\n|switch|p2a: Masquerain|Masquerain, M|1\/100 brn\n|-ability|p2a: Masquerain|Intimidate|boost\n|-unboost|p1a: Magearna|atk|1\n|move|p1a: Magearna|Volt Switch|p2a: Masquerain\n|-supereffective|p2a: Masquerain\n|-damage|p2a: Masquerain|0 fnt\n|faint|p2a: Masquerain\n|-ability|p1a: Magearna|Soul-Heart|boost\n|-boost|p1a: Magearna|spa|1\n|\n|t:|1698092275\n|switch|p1a: Chi-Yu|Chi-Yu|100\/100|[from] Volt Switch\n|-ability|p1a: Chi-Yu|Beads of Ruin\n|\n|-weather|Snow|[upkeep]\n|upkeep\n|\n|t:|1698092285\n|switch|p2a: Scizor|Scizor, M|100\/100\n|turn|8\n|\n|t:|1698092299\n|-terastallize|p2a: Scizor|Water\n|move|p1a: Chi-Yu|Fire Blast|p2a: Scizor\n|-resisted|p2a: Scizor\n|-damage|p2a: Scizor|57\/100\n|move|p2a: Scizor|Tera Blast|p1a: Chi-Yu|[anim] Tera Blast Water\n|-supereffective|p1a: Chi-Yu\n|-damage|p1a: Chi-Yu|0 fnt\n|faint|p1a: Chi-Yu\n|-damage|p2a: Scizor|47\/100|[from] item: Life Orb\n|\n|-weather|Snow|[upkeep]\n|upkeep\n|\n|t:|1698092307\n|switch|p1a: Shaymin|Shaymin-Sky|100\/100\n|turn|9\n|\n|t:|1698092321\n|switch|p2a: Espathra|Espathra, M|100\/100\n|move|p1a: Shaymin|Seed Flare|p2a: Espathra\n|-damage|p2a: Espathra|6\/100\n|-unboost|p2a: Espathra|spd|2\n|\n|-weather|none\n|upkeep\n|turn|10\n|\n|t:|1698092325\n|move|p2a: Espathra|Protect|p2a: Espathra\n|-singleturn|p2a: Espathra|Protect\n|move|p1a: Shaymin|Seed Flare|p2a: Espathra\n|-activate|p2a: Espathra|move: Protect\n|\n|-ability|p2a: Espathra|Speed Boost|boost\n|-boost|p2a: Espathra|spe|1\n|upkeep\n|turn|11\n|\n|t:|1698092334\n|move|p1a: Shaymin|Seed Flare|p2a: Espathra\n|-damage|p2a: Espathra|0 fnt\n|faint|p2a: Espathra\n|\n|upkeep\n|\n|t:|1698092343\n|switch|p2a: Haxorus|Haxorus, F, shiny|100\/100\n|-ability|p2a: Haxorus|Mold Breaker\n|turn|12\n|\n|t:|1698092356\n|switch|p1a: Giratina|Giratina|90\/100\n|-ability|p1a: Giratina|Pressure\n|move|p2a: Haxorus|Scale Shot|p1a: Giratina\n|-supereffective|p1a: Giratina\n|-damage|p1a: Giratina|77\/100\n|-supereffective|p1a: Giratina\n|-damage|p1a: Giratina|66\/100\n|-supereffective|p1a: Giratina\n|-damage|p1a: Giratina|54\/100\n|-supereffective|p1a: Giratina\n|-damage|p1a: Giratina|42\/100\n|-hitcount|p1a: Giratina|4\n|-unboost|p2a: Haxorus|def|1\n|-boost|p2a: Haxorus|spe|1\n|\n|upkeep\n|turn|13\n|\n|t:|1698092376\n|-terastallize|p1a: Giratina|Steel\n|move|p2a: Haxorus|Scale Shot|p1a: Giratina\n|-resisted|p1a: Giratina\n|-damage|p1a: Giratina|39\/100\n|-resisted|p1a: Giratina\n|-crit|p1a: Giratina\n|-damage|p1a: Giratina|35\/100\n|-resisted|p1a: Giratina\n|-damage|p1a: Giratina|32\/100\n|-resisted|p1a: Giratina\n|-damage|p1a: Giratina|29\/100\n|-resisted|p1a: Giratina\n|-crit|p1a: Giratina\n|-damage|p1a: Giratina|25\/100\n|-hitcount|p1a: Giratina|5\n|-unboost|p2a: Haxorus|def|1\n|-boost|p2a: Haxorus|spe|1\n|move|p1a: Giratina|Will-O-Wisp|p2a: Haxorus\n|-status|p2a: Haxorus|brn\n|\n|-damage|p2a: Haxorus|94\/100 brn|[from] brn\n|upkeep\n|turn|14\n|\n|t:|1698092383\n|move|p2a: Haxorus|Earthquake|p1a: Giratina\n|-supereffective|p1a: Giratina\n|-damage|p1a: Giratina|10\/100\n|move|p1a: Giratina|Rest|p1a: Giratina\n|-status|p1a: Giratina|slp|[from] move: Rest\n|-heal|p1a: Giratina|100\/100 slp|[silent]\n|\n|-damage|p2a: Haxorus|88\/100 brn|[from] brn\n|upkeep\n|turn|15\n|\n|t:|1698092386\n|switch|p1a: Shaymin|Shaymin-Sky|100\/100\n|move|p2a: Haxorus|Swords Dance|p2a: Haxorus\n|-boost|p2a: Haxorus|atk|2\n|\n|-damage|p2a: Haxorus|82\/100 brn|[from] brn\n|upkeep\n|turn|16\n|\n|t:|1698092392\n|move|p2a: Haxorus|Scale Shot|p1a: Shaymin\n|-damage|p1a: Shaymin|82\/100\n|-damage|p1a: Shaymin|66\/100\n|-damage|p1a: Shaymin|49\/100\n|-damage|p1a: Shaymin|34\/100\n|-damage|p1a: Shaymin|15\/100\n|-hitcount|p1a: Shaymin|5\n|-unboost|p2a: Haxorus|def|1\n|-boost|p2a: Haxorus|spe|1\n|move|p1a: Shaymin|Air Slash|p2a: Haxorus\n|-damage|p2a: Haxorus|31\/100 brn\n|\n|-damage|p2a: Haxorus|25\/100 brn|[from] brn\n|upkeep\n|turn|17\n|\n|t:|1698092401\n|move|p2a: Haxorus|Scale Shot|p1a: Shaymin\n|-damage|p1a: Shaymin|0 fnt\n|faint|p1a: Shaymin\n|-hitcount|p1: Shaymin|1\n|-unboost|p2a: Haxorus|def|1\n|-boost|p2a: Haxorus|spe|1\n|\n|-damage|p2a: Haxorus|19\/100 brn|[from] brn\n|upkeep\n|l|\u2606kirimissing\n|player|p2|\n|\n|t:|1698092423\n|switch|p1a: Magearna|Magearna|81\/100\n|turn|18\n|j|\u2606kirimissing\n|player|p2|kirimissing|raifort\n|\n|t:|1698092464\n|move|p2a: Haxorus|Earthquake|p1a: Magearna\n|-supereffective|p1a: Magearna\n|-crit|p1a: Magearna\n|-damage|p1a: Magearna|0 fnt\n|faint|p1a: Magearna\n|\n|-damage|p2a: Haxorus|13\/100 brn|[from] brn\n|upkeep\n|\n|t:|1698092475\n|switch|p1a: Basculegion|Basculegion-F, F|100\/100\n|turn|19\n|\n|t:|1698092478\n|move|p1a: Basculegion|Aqua Jet|p2a: Haxorus\n|-resisted|p2a: Haxorus\n|-damage|p2a: Haxorus|0 fnt\n|faint|p2a: Haxorus\n|\n|upkeep\n|\n|t:|1698092482\n|switch|p2a: Ninetales|Ninetales-Alola, M|100\/100\n|-weather|Snow|[from] ability: Snow Warning|[of] p2a: Ninetales\n|turn|20\n|\n|t:|1698092488\n|switch|p1a: Giratina|Giratina, tera:Steel|100\/100 slp\n|-ability|p1a: Giratina|Pressure\n|move|p2a: Ninetales|Aurora Veil|p2a: Ninetales\n|-sidestart|p2: kirimissing|move: Aurora Veil\n|\n|-weather|Snow|[upkeep]\n|upkeep\n|turn|21\n|\n|t:|1698092493\n|switch|p2a: Alomomola|Alomomola, F|100\/100\n|cant|p1a: Giratina|slp\n|\n|-weather|Snow|[upkeep]\n|upkeep\n|turn|22\n|\n|t:|1698092501\n|cant|p1a: Giratina|slp\n|move|p2a: Alomomola|Wish|p2a: Alomomola\n|\n|-weather|Snow|[upkeep]\n|upkeep\n|turn|23\n|\n|t:|1698092512\n|switch|p2a: Scizor|Scizor, M, tera:Water|47\/100\n|-curestatus|p1a: Giratina|slp|[msg]\n|move|p1a: Giratina|Will-O-Wisp|p2a: Scizor\n|-status|p2a: Scizor|brn\n|\n|-weather|Snow|[upkeep]\n|-heal|p2a: Scizor|100\/100 brn|[from] move: Wish|[wisher] Alomomola\n|-damage|p2a: Scizor|94\/100 brn|[from] brn\n|upkeep\n|turn|24\n|\n|t:|1698092518\n|move|p2a: Scizor|Swords Dance|p2a: Scizor\n|-boost|p2a: Scizor|atk|2\n|move|p1a: Giratina|Roar|p2a: Scizor\n|drag|p2a: Ninetales|Ninetales-Alola, M|100\/100\n|\n|-weather|none\n|upkeep\n|turn|25\n|\n|t:|1698092527\n|switch|p2a: Scizor|Scizor, M, tera:Water|94\/100 brn\n|move|p1a: Giratina|Will-O-Wisp|p2a: Scizor\n|-fail|p2a: Scizor|brn\n|\n|-damage|p2a: Scizor|88\/100 brn|[from] brn\n|upkeep\n|turn|26\n|\n|t:|1698092540\n|move|p2a: Scizor|Swords Dance|p2a: Scizor\n|-boost|p2a: Scizor|atk|2\n|move|p1a: Giratina|Roar|p2a: Scizor\n|drag|p2a: Ninetales|Ninetales-Alola, M|100\/100\n|-weather|Snow|[from] ability: Snow Warning|[of] p2a: Ninetales\n|\n|-weather|Snow|[upkeep]\n|upkeep\n|turn|27\n|\n|t:|1698092550\n|switch|p2a: Alomomola|Alomomola, F|100\/100\n|move|p1a: Giratina|Will-O-Wisp|p2a: Alomomola\n|-status|p2a: Alomomola|brn\n|\n|-weather|Snow|[upkeep]\n|-damage|p2a: Alomomola|94\/100 brn|[from] brn\n|-sideend|p2: kirimissing|move: Aurora Veil\n|upkeep\n|turn|28\n|\n|t:|1698092553\n|move|p2a: Alomomola|Scald|p1a: Giratina\n|-damage|p1a: Giratina|92\/100\n|move|p1a: Giratina|Roar|p2a: Alomomola\n|drag|p2a: Scizor|Scizor, M, tera:Water|88\/100 brn\n|\n|-weather|Snow|[upkeep]\n|-damage|p2a: Scizor|82\/100 brn|[from] brn\n|upkeep\n|turn|29\n|\n|t:|1698092558\n|move|p2a: Scizor|Swords Dance|p2a: Scizor\n|-boost|p2a: Scizor|atk|2\n|move|p1a: Giratina|Roar|p2a: Scizor\n|drag|p2a: Alomomola|Alomomola, F|100\/100 brn\n|\n|-weather|Snow|[upkeep]\n|-damage|p2a: Alomomola|94\/100 brn|[from] brn\n|upkeep\n|turn|30\n|\n|t:|1698092563\n|move|p2a: Alomomola|Scald|p1a: Giratina\n|-damage|p1a: Giratina|83\/100\n|-status|p1a: Giratina|brn\n|move|p1a: Giratina|Roar|p2a: Alomomola\n|drag|p2a: Ninetales|Ninetales-Alola, M|100\/100\n|\n|-weather|none\n|-damage|p1a: Giratina|77\/100 brn|[from] brn\n|upkeep\n|turn|31\n|\n|t:|1698092577\n|switch|p2a: Alomomola|Alomomola, F|100\/100 brn\n|switch|p1a: Zacian|Zacian|100\/100\n|-ability|p1a: Zacian|Intrepid Sword|boost\n|-boost|p1a: Zacian|atk|1\n|\n|-damage|p2a: Alomomola|94\/100 brn|[from] brn\n|upkeep\n|turn|32\n|\n|t:|1698092586\n|move|p1a: Zacian|Swords Dance|p1a: Zacian\n|-boost|p1a: Zacian|atk|2\n|move|p2a: Alomomola|Scald|p1a: Zacian\n|-damage|p1a: Zacian|88\/100\n|-status|p1a: Zacian|brn\n|\n|-heal|p2a: Alomomola|100\/100 brn|[from] item: Leftovers\n|-damage|p1a: Zacian|81\/100 brn|[from] brn\n|-damage|p2a: Alomomola|94\/100 brn|[from] brn\n|upkeep\n|turn|33\n|\n|t:|1698092592\n|switch|p2a: Scizor|Scizor, M, tera:Water|82\/100 brn\n|move|p1a: Zacian|Swords Dance|p1a: Zacian\n|-boost|p1a: Zacian|atk|2\n|\n|-damage|p1a: Zacian|75\/100 brn|[from] brn\n|-damage|p2a: Scizor|76\/100 brn|[from] brn\n|upkeep\n|turn|34\n|\n|t:|1698092604\n|move|p2a: Scizor|Bullet Punch|p1a: Zacian\n|-supereffective|p1a: Zacian\n|-damage|p1a: Zacian|32\/100 brn\n|-damage|p2a: Scizor|66\/100 brn|[from] item: Life Orb\n|move|p1a: Zacian|Play Rough|p2a: Scizor\n|-damage|p2a: Scizor|0 fnt\n|faint|p2a: Scizor\n|-damage|p1a: Zacian|22\/100 brn|[from] item: Life Orb\n|\n|-damage|p1a: Zacian|16\/100 brn|[from] brn\n|upkeep\n|\n|t:|1698092610\n|switch|p2a: Ninetales|Ninetales-Alola, M|100\/100\n|-weather|Snow|[from] ability: Snow Warning|[of] p2a: Ninetales\n|turn|35\n|\n|t:|1698092615\n|switch|p2a: Alomomola|Alomomola, F|100\/100 brn\n|move|p1a: Zacian|Play Rough|p2a: Alomomola\n|-damage|p2a: Alomomola|26\/100 brn\n|-unboost|p2a: Alomomola|atk|1\n|-damage|p1a: Zacian|6\/100 brn|[from] item: Life Orb\n|\n|-weather|Snow|[upkeep]\n|-heal|p2a: Alomomola|32\/100 brn|[from] item: Leftovers\n|-damage|p1a: Zacian|0 fnt|[from] brn\n|faint|p1a: Zacian\n|-damage|p2a: Alomomola|26\/100 brn|[from] brn\n|upkeep\n|\n|t:|1698092620\n|switch|p1a: Basculegion|Basculegion-F, F|100\/100\n|turn|36\n|\n|t:|1698092627\n|move|p2a: Alomomola|Protect|p2a: Alomomola\n|-singleturn|p2a: Alomomola|Protect\n|move|p1a: Basculegion|Agility|p1a: Basculegion\n|-boost|p1a: Basculegion|spe|2\n|\n|-weather|Snow|[upkeep]\n|-heal|p2a: Alomomola|32\/100 brn|[from] item: Leftovers\n|-damage|p2a: Alomomola|26\/100 brn|[from] brn\n|upkeep\n|turn|37\n|\n|t:|1698092630\n|move|p1a: Basculegion|Last Respects|p2a: Alomomola\n|-damage|p2a: Alomomola|0 fnt\n|faint|p2a: Alomomola\n|\n|-weather|Snow|[upkeep]\n|upkeep\n|\n|t:|1698092633\n|switch|p2a: Ninetales|Ninetales-Alola, M|100\/100\n|turn|38\n|\n|t:|1698092636\n|move|p1a: Basculegion|Last Respects|p2a: Ninetales\n|-damage|p2a: Ninetales|0 fnt\n|faint|p2a: Ninetales\n|\n|win|Underhours\n|c|\u2606kirimissing|gg\n|c|\u2606Underhours|gg\n","uploadtime":1698092642,"views":40,"p1id":"underhours","p2id":"kirimissing","formatid":"gen9ubers","rating":0,"private":0,"password":""}