{"id":"gen9ubers-1975413323","p1":"Rubyboi711","p2":"Blake-Mamba","format":"[Gen 9] Ubers","log":"|j|\u2606Rubyboi711\n|j|\u2606Blake-Mamba\n|t:|1698188609\n|gametype|singles\n|player|p1|Rubyboi711|volkner|1191\n|player|p2|Blake-Mamba|juan|1203\n|teamsize|p1|6\n|teamsize|p2|6\n|gen|9\n|tier|[Gen 9] Ubers\n|rated|\n|rule|Sleep Clause Mod: Limit one foe put to sleep\n|rule|Species Clause: Limit one of each Pok\u00e9mon\n|rule|OHKO Clause: OHKO moves are banned\n|rule|Evasion Items Clause: Evasion items are banned\n|rule|Evasion Moves Clause: Evasion moves are banned\n|rule|Endless Battle Clause: Forcing endless battles is banned\n|rule|HP Percentage Mod: HP is shown in percentages\n|clearpoke\n|poke|p1|Regieleki|\n|poke|p1|Houndstone, F|\n|poke|p1|Florges, F|\n|poke|p1|Koraidon|\n|poke|p1|Miraidon|\n|poke|p1|Arceus-Water|\n|poke|p2|Ogerpon-Hearthflame, F|\n|poke|p2|Vikavolt, F|\n|poke|p2|Kommo-o, M|\n|poke|p2|Ursaluna-Bloodmoon, M|\n|poke|p2|Yanmega, F|\n|poke|p2|Chandelure, M|\n|teampreview\n|c|\u2606Blake-Mamba|Glhf\n|inactive|Battle timer is ON: inactive players will automatically lose when time's up. (requested by Blake-Mamba)\n|inactive|Rubyboi711 has 120 seconds left.\n|\n|t:|1698188653\n|start\n|switch|p1a: Arceus|Arceus-Water|100\/100\n|switch|p2a: Vikavolt|Vikavolt, F|100\/100\n|turn|1\n|-activate|p2a: Vikavolt|item: Quick Claw\n|\n|t:|1698188661\n|move|p2a: Vikavolt|Thunder|p1a: Arceus|[miss]\n|-miss|p2a: Vikavolt|p1a: Arceus\n|move|p1a: Arceus|Dragon Dance|p1a: Arceus\n|-boost|p1a: Arceus|atk|1\n|-boost|p1a: Arceus|spe|1\n|\n|upkeep\n|turn|2\n|\n|t:|1698188669\n|move|p1a: Arceus|Waterfall|p2a: Vikavolt\n|-damage|p2a: Vikavolt|16\/100\n|move|p2a: Vikavolt|Sticky Web|p1a: Arceus\n|-sidestart|p1: Rubyboi711|move: Sticky Web\n|\n|upkeep\n|turn|3\n|\n|t:|1698188676\n|move|p1a: Arceus|Waterfall|p2a: Vikavolt\n|-damage|p2a: Vikavolt|0 fnt\n|faint|p2a: Vikavolt\n|\n|upkeep\n|\n|t:|1698188682\n|switch|p2a: Kommo-o|Kommo-o, M|100\/100\n|turn|4\n|\n|t:|1698188691\n|move|p1a: Arceus|Waterfall|p2a: Kommo-o\n|-resisted|p2a: Kommo-o\n|-damage|p2a: Kommo-o|69\/100\n|move|p2a: Kommo-o|Clangorous Soul|p2a: Kommo-o\n|-boost|p2a: Kommo-o|atk|1\n|-boost|p2a: Kommo-o|def|1\n|-boost|p2a: Kommo-o|spa|1\n|-boost|p2a: Kommo-o|spd|1\n|-boost|p2a: Kommo-o|spe|1\n|-damage|p2a: Kommo-o|36\/100\n|\n|-heal|p2a: Kommo-o|42\/100|[from] item: Leftovers\n|upkeep\n|turn|5\n|\n|t:|1698188702\n|move|p1a: Arceus|Waterfall|p2a: Kommo-o\n|-resisted|p2a: Kommo-o\n|-damage|p2a: Kommo-o|21\/100\n|move|p2a: Kommo-o|Drain Punch|p1a: Arceus\n|-damage|p1a: Arceus|53\/100\n|-heal|p2a: Kommo-o|47\/100|[from] drain|[of] p1a: Arceus\n|\n|-heal|p2a: Kommo-o|53\/100|[from] item: Leftovers\n|upkeep\n|turn|6\n|\n|t:|1698188714\n|switch|p1a: Houndstone|Houndstone, F|100\/100\n|-activate|p1a: Houndstone|move: Sticky Web\n|-unboost|p1a: Houndstone|spe|1\n|move|p2a: Kommo-o|Drain Punch|p1a: Houndstone\n|-immune|p1a: Houndstone\n|\n|-heal|p2a: Kommo-o|59\/100|[from] item: Leftovers\n|upkeep\n|turn|7\n|\n|t:|1698188724\n|move|p2a: Kommo-o|Iron Head|p1a: Houndstone\n|-damage|p1a: Houndstone|75\/100\n|move|p1a: Houndstone|Play Rough|p2a: Kommo-o\n|-supereffective|p2a: Kommo-o\n|-damage|p2a: Kommo-o|0 fnt\n|faint|p2a: Kommo-o\n|\n|upkeep\n|\n|t:|1698188733\n|switch|p2a: Ogerpon|Ogerpon-Hearthflame, F|100\/100\n|-ability|p2a: Ogerpon|Mold Breaker\n|turn|8\n|\n|t:|1698188763\n|move|p2a: Ogerpon|Trailblaze|p1a: Houndstone\n|-damage|p1a: Houndstone|33\/100\n|-boost|p2a: Ogerpon|spe|1\n|move|p1a: Houndstone|Play Rough|p2a: Ogerpon\n|-resisted|p2a: Ogerpon\n|-damage|p2a: Ogerpon|82\/100\n|\n|upkeep\n|turn|9\n|\n|t:|1698188772\n|move|p2a: Ogerpon|Trailblaze|p1a: Houndstone\n|-damage|p1a: Houndstone|0 fnt\n|-boost|p2a: Ogerpon|spe|1\n|faint|p1a: Houndstone\n|\n|upkeep\n|\n|t:|1698188785\n|switch|p1a: Miraidon|Miraidon|100\/100\n|-activate|p1a: Miraidon|move: Sticky Web\n|-unboost|p1a: Miraidon|spe|1\n|-fieldstart|move: Electric Terrain|[from] ability: Hadron Engine|[of] p1a: Miraidon\n|turn|10\n|\n|t:|1698188794\n|-terastallize|p2a: Ogerpon|Fire\n|detailschange|p2a: Ogerpon|Ogerpon-Hearthflame-Tera, F, tera:Fire\n|-ability|p2a: Ogerpon|Embody Aspect (Hearthflame)|boost\n|-boost|p2a: Ogerpon|atk|1\n|move|p2a: Ogerpon|Play Rough|p1a: Miraidon\n|-supereffective|p1a: Miraidon\n|-damage|p1a: Miraidon|0 fnt\n|faint|p1a: Miraidon\n|\n|upkeep\n|\n|t:|1698188801\n|switch|p1a: Regieleki|Regieleki, shiny|100\/100\n|-activate|p1a: Regieleki|move: Sticky Web\n|-unboost|p1a: Regieleki|spe|1\n|turn|11\n|\n|t:|1698188807\n|move|p2a: Ogerpon|Ivy Cudgel|p1a: Regieleki\n|-damage|p1a: Regieleki|0 fnt\n|faint|p1a: Regieleki\n|\n|upkeep\n|\n|t:|1698188810\n|switch|p1a: Florges|Florges, F|100\/100\n|-activate|p1a: Florges|move: Sticky Web\n|-unboost|p1a: Florges|spe|1\n|turn|12\n|\n|t:|1698188816\n|move|p2a: Ogerpon|Ivy Cudgel|p1a: Florges\n|-damage|p1a: Florges|0 fnt\n|faint|p1a: Florges\n|\n|upkeep\n|\n|t:|1698188819\n|switch|p1a: Koraidon|Koraidon|100\/100\n|-activate|p1a: Koraidon|move: Sticky Web\n|-unboost|p1a: Koraidon|spe|1\n|-weather|SunnyDay|[from] ability: Orichalcum Pulse|[of] p1a: Koraidon\n|-activate|p1a: Koraidon|Orichalcum Pulse|[source]\n|turn|13\n|\n|t:|1698188834\n|-terastallize|p1a: Koraidon|Poison\n|move|p2a: Ogerpon|Play Rough|p1a: Koraidon\n|-resisted|p1a: Koraidon\n|-damage|p1a: Koraidon|72\/100\n|move|p1a: Koraidon|Collision Course|p2a: Ogerpon\n|-damage|p2a: Ogerpon|0 fnt\n|faint|p2a: Ogerpon\n|\n|-weather|SunnyDay|[upkeep]\n|upkeep\n|\n|t:|1698188846\n|switch|p2a: Ursaluna|Ursaluna-Bloodmoon, M|100\/100\n|turn|14\n|\n|t:|1698188855\n|move|p1a: Koraidon|Collision Course|p2a: Ursaluna\n|-supereffective|p2a: Ursaluna\n|-damage|p2a: Ursaluna|0 fnt\n|faint|p2a: Ursaluna\n|\n|-weather|SunnyDay|[upkeep]\n|-fieldend|move: Electric Terrain\n|upkeep\n|\n|t:|1698188862\n|switch|p2a: Chandelure|Chandelure, M|100\/100\n|turn|15\n|\n|t:|1698188865\n|move|p2a: Chandelure|Overheat|p1a: Koraidon\n|-damage|p1a: Koraidon|0 fnt\n|-unboost|p2a: Chandelure|spa|2\n|faint|p1a: Koraidon\n|\n|-weather|SunnyDay|[upkeep]\n|upkeep\n|\n|t:|1698188868\n|switch|p1a: Arceus|Arceus-Water|53\/100\n|-activate|p1a: Arceus|move: Sticky Web\n|-unboost|p1a: Arceus|spe|1\n|turn|16\n|\n|t:|1698188876\n|switch|p2a: Yanmega|Yanmega, F, shiny|100\/100\n|move|p1a: Arceus|Dragon Dance|p1a: Arceus\n|-boost|p1a: Arceus|atk|1\n|-boost|p1a: Arceus|spe|1\n|\n|-weather|SunnyDay|[upkeep]\n|upkeep\n|turn|17\n|\n|t:|1698188884\n|move|p1a: Arceus|Dragon Dance|p1a: Arceus\n|-boost|p1a: Arceus|atk|1\n|-boost|p1a: Arceus|spe|1\n|move|p2a: Yanmega|Bug Buzz|p1a: Arceus\n|-damage|p1a: Arceus|19\/100\n|-enditem|p2a: Yanmega|Throat Spray\n|-boost|p2a: Yanmega|spa|1|[from] item: Throat Spray\n|\n|-weather|none\n|-ability|p2a: Yanmega|Speed Boost|boost\n|-boost|p2a: Yanmega|spe|1\n|upkeep\n|turn|18\n|\n|t:|1698188895\n|move|p1a: Arceus|Waterfall|p2a: Yanmega\n|-damage|p2a: Yanmega|0 fnt\n|faint|p2a: Yanmega\n|\n|upkeep\n|\n|t:|1698188899\n|switch|p2a: Chandelure|Chandelure, M|100\/100\n|turn|19\n|\n|t:|1698188905\n|move|p1a: Arceus|Waterfall|p2a: Chandelure\n|-supereffective|p2a: Chandelure\n|-damage|p2a: Chandelure|0 fnt\n|faint|p2a: Chandelure\n|\n|win|Rubyboi711\n|raw|Rubyboi711's rating: 1191 &rarr; <strong>1217<\/strong><br \/>(+26 for winning)\n|raw|Blake-Mamba's rating: 1203 &rarr; <strong>1177<\/strong><br \/>(-26 for losing)\n|c|\u2606Rubyboi711|Gg\n","uploadtime":1698188916,"views":10,"p1id":"rubyboi711","p2id":"blakemamba","formatid":"gen9ubers","rating":1177,"private":0,"password":""}