{"id":"gen9ubers-1976289480","p1":"Solstorm5","p2":"wesh papillon","format":"[Gen 9] Ubers","log":"|j|\u2606Solstorm5\n|j|\u2606wesh papillon\n|inactive|Battle timer is ON: inactive players will automatically lose when time's up.\n|t:|1698282754\n|gametype|singles\n|player|p1|Solstorm5|marnie-masters3|\n|player|p2|wesh papillon|#scl3terrors|\n|teamsize|p1|6\n|teamsize|p2|6\n|gen|9\n|tier|[Gen 9] Ubers\n|rated|Tournament battle\n|rule|Sleep Clause Mod: Limit one foe put to sleep\n|rule|Species Clause: Limit one of each Pok\u00e9mon\n|rule|OHKO Clause: OHKO moves are banned\n|rule|Evasion Items Clause: Evasion items are banned\n|rule|Evasion Moves Clause: Evasion moves are banned\n|rule|Endless Battle Clause: Forcing endless battles is banned\n|rule|HP Percentage Mod: HP is shown in percentages\n|clearpoke\n|poke|p1|Miraidon|\n|poke|p1|Koraidon|\n|poke|p1|Groudon|\n|poke|p1|Skeledirge, F|\n|poke|p1|Zacian-*|\n|poke|p1|Arceus-Ground|\n|poke|p2|Skeledirge, F|\n|poke|p2|Clodsire, F|\n|poke|p2|Giratina-Origin|\n|poke|p2|Koraidon|\n|poke|p2|Arceus|\n|poke|p2|Flutter Mane|\n|teampreview\n|j|*Lady Monita \u263d\n|c|\u2606Solstorm5|glhf! :)\n|c|\u2606wesh papillon|hf\n|inactive|wesh papillon has 120 seconds left.\n|j| Drageen\n|j| ZowwyCafe\u2764\n|\n|t:|1698282813\n|start\n|switch|p1a: Groudon|Groudon|100\/100\n|switch|p2a: Flutter Mane|Flutter Mane|100\/100\n|-weather|SunnyDay|[from] ability: Drought|[of] p1a: Groudon\n|-activate|p2a: Flutter Mane|ability: Protosynthesis\n|-start|p2a: Flutter Mane|protosynthesisspe\n|turn|1\n|\n|t:|1698282820\n|move|p2a: Flutter Mane|Moonblast|p1a: Groudon\n|-damage|p1a: Groudon|33\/100\n|move|p1a: Groudon|Precipice Blades|p2a: Flutter Mane\n|-damage|p2a: Flutter Mane|0 fnt\n|faint|p2a: Flutter Mane\n|-end|p2a: Flutter Mane|Protosynthesis|[silent]\n|\n|-weather|SunnyDay|[upkeep]\n|-heal|p1a: Groudon|39\/100|[from] item: Leftovers\n|upkeep\n|\n|t:|1698282827\n|switch|p2a: Giratina|Giratina-Origin|100\/100\n|turn|2\n|\n|t:|1698282830\n|move|p2a: Giratina|Poltergeist|p1a: Groudon|[miss]\n|-miss|p2a: Giratina|p1a: Groudon\n|move|p1a: Groudon|Will-O-Wisp|p2a: Giratina\n|-status|p2a: Giratina|brn\n|\n|-weather|SunnyDay|[upkeep]\n|-heal|p1a: Groudon|45\/100|[from] item: Leftovers\n|-damage|p2a: Giratina|94\/100 brn|[from] brn\n|upkeep\n|turn|3\n|j| PokeArt2004\u2764\n|\n|t:|1698282840\n|move|p1a: Groudon|Spikes|p2a: Giratina\n|-sidestart|p2: wesh papillon|Spikes\n|move|p2a: Giratina|Dragon Tail|p1a: Groudon\n|-damage|p1a: Groudon|36\/100\n|drag|p1a: Zacian|Zacian-Crowned|100\/100\n|-ability|p1a: Zacian|Intrepid Sword|boost\n|-boost|p1a: Zacian|atk|1\n|\n|-weather|SunnyDay|[upkeep]\n|-damage|p2a: Giratina|88\/100 brn|[from] brn\n|upkeep\n|turn|4\n|j| leowooj\n|\n|t:|1698282849\n|switch|p2a: Skeledirge|Skeledirge, F|100\/100\n|move|p1a: Zacian|Play Rough|p2a: Skeledirge\n|-resisted|p2a: Skeledirge\n|-damage|p2a: Skeledirge|85\/100\n|\n|-weather|SunnyDay|[upkeep]\n|upkeep\n|turn|5\n|\n|t:|1698282856\n|switch|p1a: Skeledirge|Skeledirge, F|100\/100\n|move|p2a: Skeledirge|Torch Song|p1a: Skeledirge\n|-resisted|p1a: Skeledirge\n|-damage|p1a: Skeledirge|77\/100\n|-boost|p2a: Skeledirge|spa|1\n|\n|-weather|none\n|upkeep\n|turn|6\n|\n|t:|1698282881\n|move|p2a: Skeledirge|Hex|p1a: Skeledirge\n|-supereffective|p1a: Skeledirge\n|-damage|p1a: Skeledirge|27\/100\n|move|p1a: Skeledirge|Hex|p2a: Skeledirge\n|-supereffective|p2a: Skeledirge\n|-damage|p2a: Skeledirge|34\/100\n|\n|upkeep\n|turn|7\n|\n|t:|1698282893\n|move|p1a: Skeledirge|Hex|p2a: Skeledirge\n|-supereffective|p2a: Skeledirge\n|-damage|p2a: Skeledirge|0 fnt\n|faint|p2a: Skeledirge\n|\n|upkeep\n|\n|t:|1698282911\n|switch|p2a: Koraidon|Koraidon|100\/100\n|-damage|p2a: Koraidon|88\/100|[from] Spikes\n|-weather|SunnyDay|[from] ability: Orichalcum Pulse|[of] p2a: Koraidon\n|-activate|p2a: Koraidon|Orichalcum Pulse|[source]\n|turn|8\n|inactive|Solstorm5 has 120 seconds left.\n|\n|t:|1698282945\n|move|p2a: Koraidon|Flare Blitz|p1a: Skeledirge\n|-resisted|p1a: Skeledirge\n|-damage|p1a: Skeledirge|2\/100\n|-damage|p2a: Koraidon|79\/100|[from] Recoil\n|move|p1a: Skeledirge|Will-O-Wisp|p2a: Koraidon\n|-status|p2a: Koraidon|brn\n|\n|-weather|SunnyDay|[upkeep]\n|-damage|p2a: Koraidon|72\/100 brn|[from] brn\n|upkeep\n|turn|9\n|\n|t:|1698282948\n|move|p2a: Koraidon|Flare Blitz|p1a: Skeledirge\n|-resisted|p1a: Skeledirge\n|-damage|p1a: Skeledirge|0 fnt\n|faint|p1a: Skeledirge\n|-damage|p2a: Koraidon|72\/100 brn|[from] Recoil\n|\n|-weather|SunnyDay|[upkeep]\n|-damage|p2a: Koraidon|66\/100 brn|[from] brn\n|upkeep\n|\n|t:|1698282955\n|switch|p1a: Arceus|Arceus-Ground|100\/100\n|turn|10\n|\n|t:|1698282960\n|switch|p2a: Giratina|Giratina-Origin|88\/100 brn\n|move|p1a: Arceus|Dragon Dance|p1a: Arceus\n|-boost|p1a: Arceus|atk|1\n|-boost|p1a: Arceus|spe|1\n|\n|-weather|SunnyDay|[upkeep]\n|-damage|p2a: Giratina|82\/100 brn|[from] brn\n|upkeep\n|turn|11\n|inactive|Solstorm5 has 120 seconds left.\n|l| Drageen\n|\n|t:|1698283017\n|move|p1a: Arceus|Taunt|p2a: Giratina\n|-start|p2a: Giratina|move: Taunt\n|move|p2a: Giratina|Dragon Tail|p1a: Arceus\n|-damage|p1a: Arceus|87\/100\n|drag|p1a: Koraidon|Koraidon|100\/100\n|-activate|p1a: Koraidon|ability: Orichalcum Pulse\n|\n|-weather|SunnyDay|[upkeep]\n|-damage|p2a: Giratina|76\/100 brn|[from] brn\n|upkeep\n|turn|12\n|\n|t:|1698283022\n|move|p1a: Koraidon|Dragon Claw|p2a: Giratina\n|-supereffective|p2a: Giratina\n|-damage|p2a: Giratina|0 fnt\n|faint|p2a: Giratina\n|\n|-weather|none\n|upkeep\n|j| Troutinspace\n|\n|t:|1698283027\n|switch|p2a: Arceus|Arceus|100\/100\n|turn|13\n|l| Troutinspace\n|inactive|Solstorm5 has 90 seconds left.\n|\n|t:|1698283070\n|switch|p1a: Zacian|Zacian-Crowned|100\/100\n|move|p2a: Arceus|Swords Dance|p2a: Arceus\n|-boost|p2a: Arceus|atk|2\n|\n|upkeep\n|turn|14\n|\n|t:|1698283075\n|-terastallize|p2a: Arceus|Fire\n|move|p1a: Zacian|Close Combat|p2a: Arceus\n|-damage|p2a: Arceus|68\/100\n|-unboost|p1a: Zacian|def|1\n|-unboost|p1a: Zacian|spd|1\n|move|p2a: Arceus|Swords Dance|p2a: Arceus\n|-boost|p2a: Arceus|atk|2\n|\n|upkeep\n|turn|15\n|c|\u2606Solstorm5|shit\n|c|\u2606Solstorm5|gg\n|inactive|Solstorm5 has 90 seconds left.\n|\n|t:|1698283089\n|switch|p1a: Groudon|Groudon|36\/100\n|-weather|SunnyDay|[from] ability: Drought|[of] p1a: Groudon\n|move|p2a: Arceus|Swords Dance|p2a: Arceus\n|-boost|p2a: Arceus|atk|2\n|\n|-weather|SunnyDay|[upkeep]\n|-heal|p1a: Groudon|43\/100|[from] item: Leftovers\n|upkeep\n|turn|16\n|\n|t:|1698283094\n|move|p2a: Arceus|Extreme Speed|p1a: Groudon\n|-damage|p1a: Groudon|0 fnt\n|faint|p1a: Groudon\n|\n|-weather|SunnyDay|[upkeep]\n|upkeep\n|inactive|Solstorm5 has 90 seconds left.\n|\n|t:|1698283109\n|switch|p1a: Arceus|Arceus-Ground|87\/100\n|turn|17\n|j| Troutinspace\n|\n|t:|1698283133\n|move|p2a: Arceus|Extreme Speed|p1a: Arceus\n|-damage|p1a: Arceus|0 fnt\n|faint|p1a: Arceus\n|\n|-weather|SunnyDay|[upkeep]\n|upkeep\n|\n|t:|1698283140\n|switch|p1a: Miraidon|Miraidon|100\/100\n|-fieldstart|move: Electric Terrain|[from] ability: Hadron Engine|[of] p1a: Miraidon\n|turn|18\n|l| ZowwyCafe\u2764\n|l| Troutinspace\n|j| ZowwyCafe\u2764\n|j| Troutinspace\n|inactive|wesh papillon has 120 seconds left.\n|\n|t:|1698283165\n|move|p2a: Arceus|Extreme Speed|p1a: Miraidon\n|-damage|p1a: Miraidon|0 fnt\n|faint|p1a: Miraidon\n|\n|-weather|SunnyDay|[upkeep]\n|upkeep\n|\n|t:|1698283184\n|switch|p1a: Koraidon|Koraidon|100\/100\n|-activate|p1a: Koraidon|ability: Orichalcum Pulse\n|turn|19\n|l| Troutinspace\n|inactive|wesh papillon has 120 seconds left.\n|j| Loamnia\n|inactive|wesh papillon has 90 seconds left.\n|\n|t:|1698283232\n|move|p2a: Arceus|Extreme Speed|p1a: Koraidon\n|-crit|p1a: Koraidon\n|-damage|p1a: Koraidon|0 fnt\n|faint|p1a: Koraidon\n|\n|-weather|none\n|upkeep\n|\n|t:|1698283234\n|switch|p1a: Zacian|Zacian-Crowned|100\/100\n|turn|20\n|\n|t:|1698283238\n|move|p1a: Zacian|Behemoth Blade|p2a: Arceus\n|-resisted|p2a: Arceus\n|-damage|p2a: Arceus|50\/100\n|move|p2a: Arceus|Recover|p2a: Arceus\n|-heal|p2a: Arceus|99\/100\n|\n|upkeep\n|turn|21\n|\n|t:|1698283242\n|move|p2a: Arceus|Extreme Speed|p1a: Zacian\n|-resisted|p1a: Zacian\n|-damage|p1a: Zacian|24\/100\n|move|p1a: Zacian|Behemoth Blade|p2a: Arceus\n|-resisted|p2a: Arceus\n|-damage|p2a: Arceus|80\/100\n|\n|upkeep\n|turn|22\n|\n|t:|1698283245\n|move|p2a: Arceus|Extreme Speed|p1a: Zacian\n|-resisted|p1a: Zacian\n|-damage|p1a: Zacian|0 fnt\n|faint|p1a: Zacian\n|\n|win|wesh papillon\n|n|\u2606Solstorm5|solstorm5\n|n|\u2606wesh papillon|weshpapillon\n|n|*Lady Monita \u263d|ladymonita\n|n| PokeArt2004\u2764|pokeart2004\n|n| leowooj|leowooj\n|n| ZowwyCafe\u2764|zowwycafe\n|n| Loamnia|loamnia\n|l|*Lady Monita \u263d\n|c|\u2606Solstorm5|gg\n|c|\u2606wesh papillon|gg\n|l| PokeArt2004\u2764\n|l|\u2606wesh papillon\n|l| ZowwyCafe\u2764\n","uploadtime":1698283290,"views":10,"p1id":"solstorm5","p2id":"weshpapillon","formatid":"gen9ubers","rating":0,"private":0,"password":""}