{"id":"gen9ubers-1969251750","p1":"kirimissing","p2":"XpokVEVO","format":"[Gen 9] Ubers","log":"|j|\u2606kirimissing\n|j|\u2606XpokVEVO\n|t:|1697506233\n|gametype|singles\n|player|p1|kirimissing|clair|\n|player|p2|XpokVEVO|mustard|\n|teamsize|p1|6\n|teamsize|p2|6\n|gen|9\n|tier|[Gen 9] Ubers\n|rule|Sleep Clause Mod: Limit one foe put to sleep\n|rule|Species Clause: Limit one of each Pok\u00e9mon\n|rule|OHKO Clause: OHKO moves are banned\n|rule|Evasion Items Clause: Evasion items are banned\n|rule|Evasion Moves Clause: Evasion moves are banned\n|rule|Endless Battle Clause: Forcing endless battles is banned\n|rule|HP Percentage Mod: HP is shown in percentages\n|clearpoke\n|poke|p1|Palkia-Origin|\n|poke|p1|Pelipper, F|\n|poke|p1|Hawlucha, F|\n|poke|p1|Zamazenta-*|\n|poke|p1|Palafin, F|\n|poke|p1|Dugtrio, M|\n|poke|p2|Arceus-Fire|\n|poke|p2|Shaymin-Sky|\n|poke|p2|Cyclizar, F|\n|poke|p2|Espathra, F|\n|poke|p2|Magearna|\n|poke|p2|Sneasler, M|\n|teampreview\n|c|\u2606kirimissing|glhf\n|\n|t:|1697506340\n|start\n|switch|p1a: Pelipper|Pelipper, F|100\/100\n|switch|p2a: I miss this I kms|Sneasler, M|100\/100\n|-weather|RainDance|[from] ability: Drizzle|[of] p1a: Pelipper\n|turn|1\n|\n|t:|1697506347\n|move|p2a: I miss this I kms|Swords Dance|p2a: I miss this I kms\n|-boost|p2a: I miss this I kms|atk|2\n|move|p1a: Pelipper|Hurricane|p2a: I miss this I kms\n|-supereffective|p2a: I miss this I kms\n|-damage|p2a: I miss this I kms|5\/100\n|\n|-weather|RainDance|[upkeep]\n|upkeep\n|turn|2\n|\n|t:|1697506357\n|move|p2a: I miss this I kms|Gunk Shot|p1a: Pelipper\n|-damage|p1a: Pelipper|0 fnt\n|faint|p1a: Pelipper\n|\n|-weather|RainDance|[upkeep]\n|upkeep\n|\n|t:|1697506362\n|switch|p1a: Palafin|Palafin, F|100\/100\n|turn|3\n|\n|t:|1697506371\n|move|p1a: Palafin|Jet Punch|p2a: I miss this I kms\n|-damage|p2a: I miss this I kms|0 fnt\n|faint|p2a: I miss this I kms\n|\n|-weather|RainDance|[upkeep]\n|upkeep\n|\n|t:|1697506377\n|switch|p2a: Akira|Cyclizar, F|100\/100\n|turn|4\n|\n|t:|1697506381\n|move|p1a: Palafin|Jet Punch|p2a: Akira\n|-resisted|p2a: Akira\n|-damage|p2a: Akira|67\/100\n|move|p2a: Akira|Shed Tail|p2a: Akira\n|-start|p2a: Akira|Substitute|[from] move: Shed Tail\n|-damage|p2a: Akira|17\/100\n|-enditem|p2a: Akira|Aguav Berry|[eat]\n|-heal|p2a: Akira|50\/100|[from] item: Aguav Berry\n|\n|t:|1697506409\n|switch|p2a: Emu War|Espathra, F|100\/100|[from] Shed Tail\n|\n|-weather|RainDance|[upkeep]\n|upkeep\n|turn|5\n|\n|t:|1697506415\n|move|p1a: Palafin|Jet Punch|p2a: Emu War\n|-end|p2a: Emu War|Substitute\n|move|p2a: Emu War|Calm Mind|p2a: Emu War\n|-boost|p2a: Emu War|spa|1\n|-boost|p2a: Emu War|spd|1\n|\n|-weather|RainDance|[upkeep]\n|-ability|p2a: Emu War|Speed Boost|boost\n|-boost|p2a: Emu War|spe|1\n|upkeep\n|turn|6\n|\n|t:|1697506445\n|detailschange|p1a: Palafin|Palafin-Hero, F\n|switch|p1a: Zamazenta|Zamazenta-Crowned|100\/100\n|-ability|p1a: Zamazenta|Dauntless Shield|boost\n|-boost|p1a: Zamazenta|def|1\n|move|p2a: Emu War|Protect||[still]\n|-fail|p2a: Emu War\n|\n|-weather|RainDance|[upkeep]\n|-ability|p2a: Emu War|Speed Boost|boost\n|-boost|p2a: Emu War|spe|1\n|upkeep\n|turn|7\n|\n|t:|1697506462\n|move|p2a: Emu War|Calm Mind|p2a: Emu War\n|-boost|p2a: Emu War|spa|1\n|-boost|p2a: Emu War|spd|1\n|move|p1a: Zamazenta|Behemoth Bash|p2a: Emu War\n|-damage|p2a: Emu War|28\/100\n|\n|-weather|RainDance|[upkeep]\n|-ability|p2a: Emu War|Speed Boost|boost\n|-boost|p2a: Emu War|spe|1\n|upkeep\n|turn|8\n|\n|t:|1697506469\n|move|p2a: Emu War|Stored Power|p1a: Zamazenta\n|-damage|p1a: Zamazenta|5\/100\n|move|p1a: Zamazenta|Behemoth Bash|p2a: Emu War\n|-damage|p2a: Emu War|0 fnt\n|faint|p2a: Emu War\n|\n|-weather|none\n|upkeep\n|\n|t:|1697506477\n|switch|p2a: Aunt Fanny|Magearna|100\/100\n|turn|9\n|\n|t:|1697506481\n|move|p1a: Zamazenta|Rest|p1a: Zamazenta\n|-status|p1a: Zamazenta|slp|[from] move: Rest\n|-heal|p1a: Zamazenta|100\/100 slp|[silent]\n|move|p2a: Aunt Fanny|Shift Gear|p2a: Aunt Fanny\n|-boost|p2a: Aunt Fanny|spe|2\n|-boost|p2a: Aunt Fanny|atk|1\n|\n|upkeep\n|turn|10\n|\n|t:|1697506492\n|switch|p1a: Hawlucha|Hawlucha, F|100\/100\n|-ability|p1a: Hawlucha|Mold Breaker\n|move|p2a: Aunt Fanny|Flash Cannon|p1a: Hawlucha\n|-crit|p1a: Hawlucha\n|-damage|p1a: Hawlucha|0 fnt\n|faint|p1a: Hawlucha\n|-ability|p2a: Aunt Fanny|Soul-Heart|boost\n|-boost|p2a: Aunt Fanny|spa|1\n|-damage|p2a: Aunt Fanny|91\/100|[from] item: Life Orb\n|\n|upkeep\n|c|\u2606XpokVEVO|lul\u00f1\n|\n|t:|1697506502\n|switch|p1a: Dugtrio|Dugtrio, M|100\/100\n|turn|11\n|\n|t:|1697506511\n|-terastallize|p2a: Aunt Fanny|Flying\n|move|p2a: Aunt Fanny|Fleur Cannon|p1a: Dugtrio\n|-damage|p1a: Dugtrio|0 fnt\n|-unboost|p2a: Aunt Fanny|spa|2\n|faint|p1a: Dugtrio\n|-ability|p2a: Aunt Fanny|Soul-Heart|boost\n|-boost|p2a: Aunt Fanny|spa|1\n|-damage|p2a: Aunt Fanny|81\/100|[from] item: Life Orb\n|\n|upkeep\n|\n|t:|1697506525\n|switch|p1a: Palkia|Palkia-Origin|100\/100\n|-ability|p1a: Palkia|Pressure\n|turn|12\n|\n|t:|1697506530\n|move|p2a: Aunt Fanny|Fleur Cannon|p1a: Palkia\n|-supereffective|p1a: Palkia\n|-damage|p1a: Palkia|0 fnt\n|-unboost|p2a: Aunt Fanny|spa|2\n|faint|p1a: Palkia\n|-ability|p2a: Aunt Fanny|Soul-Heart|boost\n|-boost|p2a: Aunt Fanny|spa|1\n|-damage|p2a: Aunt Fanny|71\/100|[from] item: Life Orb\n|\n|upkeep\n|\n|t:|1697506538\n|switch|p1a: Palafin|Palafin-Hero, F|100\/100\n|-activate|p1a: Palafin|ability: Zero to Hero\n|turn|13\n|c|\u2606kirimissing|:(\n|\n|t:|1697506549\n|-terastallize|p1a: Palafin|Water\n|move|p1a: Palafin|Jet Punch|p2a: Aunt Fanny\n|-damage|p2a: Aunt Fanny|0 fnt\n|faint|p2a: Aunt Fanny\n|\n|upkeep\n|\n|t:|1697506557\n|switch|p2a: Sonic|Shaymin-Sky, shiny|100\/100\n|turn|14\n|\n|t:|1697506560\n|switch|p1a: Zamazenta|Zamazenta-Crowned|100\/100 slp\n|move|p2a: Sonic|Seed Flare|p1a: Zamazenta\n|-resisted|p1a: Zamazenta\n|-damage|p1a: Zamazenta|75\/100 slp\n|-unboost|p1a: Zamazenta|spd|2\n|-damage|p2a: Sonic|91\/100|[from] item: Life Orb\n|\n|upkeep\n|turn|15\n|\n|t:|1697506569\n|move|p2a: Sonic|Earth Power|p1a: Zamazenta\n|-supereffective|p1a: Zamazenta\n|-damage|p1a: Zamazenta|0 fnt\n|faint|p1a: Zamazenta\n|-damage|p2a: Sonic|81\/100|[from] item: Life Orb\n|\n|upkeep\n|\n|t:|1697506574\n|switch|p1a: Palafin|Palafin-Hero, F, tera:Water|100\/100\n|turn|16\n|\n|t:|1697506581\n|switch|p2a: Arceus-Fight\u0131ng|Arceus-Fire, shiny|100\/100\n|move|p1a: Palafin|Wave Crash|p2a: Arceus-Fight\u0131ng\n|-supereffective|p2a: Arceus-Fight\u0131ng\n|-damage|p2a: Arceus-Fight\u0131ng|0 fnt\n|faint|p2a: Arceus-Fight\u0131ng\n|-damage|p1a: Palafin|64\/100|[from] Recoil\n|\n|upkeep\n|\n|t:|1697506589\n|switch|p2a: Akira|Cyclizar, F|83\/100\n|turn|17\n|\n|t:|1697506592\n|move|p2a: Akira|Rapid Spin|p1a: Palafin\n|-damage|p1a: Palafin|45\/100\n|-boost|p2a: Akira|spe|1\n|move|p1a: Palafin|Wave Crash|p2a: Akira\n|-resisted|p2a: Akira\n|-damage|p2a: Akira|0 fnt\n|faint|p2a: Akira\n|-damage|p1a: Palafin|18\/100|[from] Recoil\n|\n|upkeep\n|\n|t:|1697506597\n|switch|p2a: Sonic|Shaymin-Sky, shiny|81\/100\n|turn|18\n|\n|t:|1697506601\n|move|p2a: Sonic|Earth Power|p1a: Palafin\n|-damage|p1a: Palafin|0 fnt\n|faint|p1a: Palafin\n|-damage|p2a: Sonic|71\/100|[from] item: Life Orb\n|\n|win|XpokVEVO\n|c|\u2606kirimissing|gg\n|c|\u2606XpokVEVO|ggs\n|l|\u2606kirimissing\n","uploadtime":1697506649,"views":27,"p1id":"kirimissing","p2id":"xpokvevo","formatid":"gen9ubers","rating":0,"private":0,"password":""}