{"id":"gen9ubers-1983692280","p1":"Beehat13","p2":"asome123","format":"[Gen 9] Ubers","log":"|j|\u2606Beehat13\n|j|\u2606asome123\n|t:|1699161837\n|gametype|singles\n|player|p1|Beehat13|169|1000\n|player|p2|asome123|guitarist|1063\n|teamsize|p1|6\n|teamsize|p2|6\n|gen|9\n|tier|[Gen 9] Ubers\n|rated|\n|rule|Sleep Clause Mod: Limit one foe put to sleep\n|rule|Species Clause: Limit one of each Pok\u00e9mon\n|rule|OHKO Clause: OHKO moves are banned\n|rule|Evasion Items Clause: Evasion items are banned\n|rule|Evasion Moves Clause: Evasion moves are banned\n|rule|Endless Battle Clause: Forcing endless battles is banned\n|rule|HP Percentage Mod: HP is shown in percentages\n|clearpoke\n|poke|p1|Electrode|\n|poke|p1|Annihilape, F|\n|poke|p1|Kommo-o, F|\n|poke|p1|Sinistcha|\n|poke|p1|Fezandipiti, M|\n|poke|p1|Squawkabilly, F|\n|poke|p2|Eternatus|\n|poke|p2|Kingambit, F|\n|poke|p2|Darkrai|\n|poke|p2|Ursaluna-Bloodmoon, M|\n|poke|p2|Volcarona, F|\n|poke|p2|Urshifu-*, M|\n|teampreview\n|\n|t:|1699161844\n|start\n|switch|p1a: Electrode|Electrode|100\/100\n|switch|p2a: Eternatus|Eternatus|100\/100\n|-ability|p2a: Eternatus|Pressure\n|turn|1\n|\n|t:|1699161855\n|-terastallize|p1a: Electrode|Normal\n|move|p1a: Electrode|Explosion|p2a: Eternatus\n|-damage|p2a: Eternatus|33\/100\n|faint|p1a: Electrode\n|move|p2a: Eternatus|Toxic Spikes|p1: Electrode\n|-sidestart|p1: Beehat13|move: Toxic Spikes\n|\n|upkeep\n|\n|t:|1699161864\n|switch|p1a: Squawkabilly|Squawkabilly, F|100\/100\n|turn|2\n|\n|t:|1699161871\n|move|p1a: Squawkabilly|Final Gambit|p2a: Eternatus\n|-damage|p2a: Eternatus|0 fnt\n|faint|p1a: Squawkabilly\n|faint|p2a: Eternatus\n|\n|upkeep\n|\n|t:|1699161887\n|switch|p2a: Volcarona|Volcarona, F|100\/100\n|switch|p1a: Fezandipiti|Fezandipiti, M|100\/100\n|-sideend|p1: Beehat13|move: Toxic Spikes|[of] p1a: Fezandipiti\n|turn|3\n|inactive|Battle timer is ON: inactive players will automatically lose when time's up. (requested by asome123)\n|\n|t:|1699161909\n|switch|p1a: Sinistcha|Sinistcha|100\/100\n|move|p2a: Volcarona|Will-O-Wisp|p1a: Sinistcha\n|-status|p1a: Sinistcha|brn\n|\n|-damage|p1a: Sinistcha|98\/100 brn|[from] brn\n|upkeep\n|turn|4\n|\n|t:|1699161922\n|move|p2a: Volcarona|Fire Blast|p1a: Sinistcha\n|-supereffective|p1a: Sinistcha\n|-damage|p1a: Sinistcha|14\/100 brn\n|-damage|p2a: Volcarona|91\/100|[from] item: Life Orb\n|move|p1a: Sinistcha|Matcha Gotcha|p2a: Volcarona\n|-resisted|p2a: Volcarona\n|-damage|p2a: Volcarona|79\/100\n|-heal|p1a: Sinistcha|19\/100 brn|[from] drain|[of] p2a: Volcarona\n|\n|-damage|p1a: Sinistcha|16\/100 brn|[from] brn\n|upkeep\n|turn|5\n|\n|t:|1699161936\n|move|p2a: Volcarona|U-turn|p1a: Sinistcha\n|-damage|p1a: Sinistcha|0 fnt\n|faint|p1a: Sinistcha\n|-damage|p2a: Volcarona|69\/100|[from] item: Life Orb\n|\n|t:|1699161942\n|switch|p2a: Darkrai|Darkrai|100\/100|[from] U-turn\n|\n|upkeep\n|\n|t:|1699161950\n|switch|p1a: Fezandipiti|Fezandipiti, M|100\/100\n|turn|6\n|\n|t:|1699161956\n|move|p2a: Darkrai|Hypnosis|p1a: Fezandipiti\n|-status|p1a: Fezandipiti|slp|[from] move: Hypnosis\n|cant|p1a: Fezandipiti|slp\n|\n|-damage|p1a: Fezandipiti|88\/100 slp|[from] ability: Bad Dreams|[of] p2a: Darkrai\n|upkeep\n|turn|7\n|\n|t:|1699161964\n|move|p2a: Darkrai|Knock Off|p1a: Fezandipiti\n|-resisted|p1a: Fezandipiti\n|-damage|p1a: Fezandipiti|68\/100 slp\n|-enditem|p1a: Fezandipiti|Life Orb|[from] move: Knock Off|[of] p2a: Darkrai\n|-curestatus|p1a: Fezandipiti|slp|[msg]\n|move|p1a: Fezandipiti|Play Rough|p2a: Darkrai\n|-supereffective|p2a: Darkrai\n|-crit|p2a: Darkrai\n|-damage|p2a: Darkrai|0 fnt\n|faint|p2a: Darkrai\n|\n|upkeep\n|\n|t:|1699161978\n|switch|p2a: Ursaluna|Ursaluna-Bloodmoon, M|100\/100\n|turn|8\n|\n|t:|1699161988\n|move|p1a: Fezandipiti|Cross Poison|p2a: Ursaluna\n|-resisted|p2a: Ursaluna\n|-damage|p2a: Ursaluna|89\/100\n|-status|p2a: Ursaluna|psn\n|move|p2a: Ursaluna|Blood Moon|p1a: Fezandipiti\n|-damage|p1a: Fezandipiti|13\/100\n|\n|-damage|p2a: Ursaluna|77\/100 psn|[from] psn\n|upkeep\n|turn|9\n|\n|t:|1699162001\n|move|p1a: Fezandipiti|Lash Out|p2a: Ursaluna\n|-damage|p2a: Ursaluna|60\/100 psn\n|move|p2a: Ursaluna|Earth Power|p1a: Fezandipiti\n|-supereffective|p1a: Fezandipiti\n|-damage|p1a: Fezandipiti|0 fnt\n|faint|p1a: Fezandipiti\n|\n|-damage|p2a: Ursaluna|48\/100 psn|[from] psn\n|upkeep\n|\n|t:|1699162013\n|switch|p1a: Annihilape|Annihilape, F|100\/100\n|turn|10\n|\n|t:|1699162022\n|-terastallize|p2a: Ursaluna|Fairy\n|move|p2a: Ursaluna|Moonblast|p1a: Annihilape\n|-supereffective|p1a: Annihilape\n|-damage|p1a: Annihilape|29\/100\n|move|p1a: Annihilape|Drain Punch|p2a: Ursaluna\n|-resisted|p2a: Ursaluna\n|-damage|p2a: Ursaluna|36\/100 psn\n|-heal|p1a: Annihilape|34\/100|[from] drain|[of] p2a: Ursaluna\n|\n|-heal|p1a: Annihilape|41\/100|[from] item: Leftovers\n|-damage|p2a: Ursaluna|24\/100 psn|[from] psn\n|upkeep\n|turn|11\n|\n|t:|1699162043\n|switch|p1a: Kommo-o|Kommo-o, F|100\/100\n|move|p2a: Ursaluna|Blood Moon|p1a: Kommo-o\n|-damage|p1a: Kommo-o|60\/100\n|\n|-damage|p2a: Ursaluna|11\/100 psn|[from] psn\n|upkeep\n|turn|12\n|\n|t:|1699162058\n|move|p1a: Kommo-o|Vacuum Wave|p2a: Ursaluna\n|-resisted|p2a: Ursaluna\n|-damage|p2a: Ursaluna|7\/100 psn\n|move|p2a: Ursaluna|Moonblast|p1a: Kommo-o\n|-supereffective|p1a: Kommo-o\n|-damage|p1a: Kommo-o|0 fnt\n|faint|p1a: Kommo-o\n|\n|-damage|p2a: Ursaluna|0 fnt|[from] psn\n|faint|p2a: Ursaluna\n|upkeep\n|\n|t:|1699162069\n|switch|p1a: Annihilape|Annihilape, F|41\/100\n|switch|p2a: Kingambit|Kingambit, F|100\/100\n|-activate|p2a: Kingambit|ability: Supreme Overlord\n|-start|p2a: Kingambit|fallen3|[silent]\n|turn|13\n|\n|t:|1699162085\n|move|p2a: Kingambit|Kowtow Cleave|p1a: Annihilape\n|-damage|p1a: Annihilape|0 fnt\n|faint|p1a: Annihilape\n|\n|win|asome123\n|raw|Beehat13's rating: 1000 &rarr; <strong>1000<\/strong><br \/>(+0 for losing)\n|raw|asome123's rating: 1063 &rarr; <strong>1088<\/strong><br \/>(+25 for winning)\n|l|\u2606Beehat13\n","uploadtime":1699162103,"views":10,"p1id":"beehat13","p2id":"asome123","formatid":"gen9ubers","rating":1000,"private":0,"password":""}