{"id":"gen9ubers-1993140868","p1":"chiefpancake","p2":"Chazl Dazl","format":"[Gen 9] Ubers","log":"|j|\u2606chiefpancake\n|j|\u2606Chazl Dazl\n|t:|1700269646\n|gametype|singles\n|player|p1|chiefpancake|hiker-gen4|\n|player|p2|Chazl Dazl|byron|\n|teamsize|p1|6\n|teamsize|p2|6\n|gen|9\n|tier|[Gen 9] Ubers\n|rule|Sleep Clause Mod: Limit one foe put to sleep\n|rule|Species Clause: Limit one of each Pok\u00e9mon\n|rule|OHKO Clause: OHKO moves are banned\n|rule|Evasion Items Clause: Evasion items are banned\n|rule|Evasion Moves Clause: Evasion moves are banned\n|rule|Endless Battle Clause: Forcing endless battles is banned\n|rule|HP Percentage Mod: HP is shown in percentages\n|clearpoke\n|poke|p1|Ogerpon, F|\n|poke|p1|Chandelure, F|\n|poke|p1|Grimmsnarl, M|\n|poke|p1|Salamence, M|\n|poke|p1|Orthworm, M|\n|poke|p1|Cinderace, M|\n|poke|p2|Slowbro-Galar, F|\n|poke|p2|Hoopa-Unbound|\n|poke|p2|Samurott-Hisui, F|\n|poke|p2|Abomasnow, M|\n|poke|p2|Iron Valiant|\n|poke|p2|Ursaluna, F|\n|teampreview\n|c|\u2606chiefpancake|glhf\n|c|\u2606Chazl Dazl|you too amigo!\n|c|\u2606chiefpancake|:]\n|\n|t:|1700269686\n|start\n|switch|p1a: HotelCalifornia|Chandelure, F, shiny|100\/100\n|switch|p2a: leaf|Abomasnow, M|100\/100\n|-weather|Snow|[from] ability: Snow Warning|[of] p2a: leaf\n|turn|1\n|\n|t:|1700269739\n|switch|p2a: smeef|Hoopa-Unbound|100\/100\n|move|p1a: HotelCalifornia|Energy Ball|p2a: smeef\n|-damage|p2a: smeef|76\/100\n|\n|-weather|Snow|[upkeep]\n|upkeep\n|turn|2\n|\n|t:|1700269758\n|switch|p1a: White Wedding|Grimmsnarl, M, shiny|100\/100\n|move|p2a: smeef|Dark Pulse|p1a: White Wedding\n|-resisted|p1a: White Wedding\n|-damage|p1a: White Wedding|86\/100\n|\n|-weather|Snow|[upkeep]\n|-heal|p1a: White Wedding|92\/100|[from] item: Leftovers\n|upkeep\n|turn|3\n|\n|t:|1700269779\n|move|p1a: White Wedding|Substitute|p1a: White Wedding\n|-start|p1a: White Wedding|Substitute\n|-damage|p1a: White Wedding|67\/100\n|move|p2a: smeef|Focus Blast|p1a: White Wedding\n|-end|p1a: White Wedding|Substitute\n|\n|-weather|Snow|[upkeep]\n|-heal|p1a: White Wedding|73\/100|[from] item: Leftovers\n|upkeep\n|turn|4\n|\n|t:|1700269812\n|switch|p2a: dreef|Samurott-Hisui, F|100\/100\n|move|p1a: White Wedding|Bulk Up|p1a: White Wedding\n|-boost|p1a: White Wedding|atk|1\n|-boost|p1a: White Wedding|def|1\n|\n|-weather|Snow|[upkeep]\n|-heal|p1a: White Wedding|79\/100|[from] item: Leftovers\n|upkeep\n|turn|5\n|\n|t:|1700269825\n|move|p2a: dreef|Razor Shell|p1a: White Wedding\n|-damage|p1a: White Wedding|39\/100\n|move|p1a: White Wedding|Play Rough|p2a: dreef\n|-supereffective|p2a: dreef\n|-damage|p2a: dreef|0 fnt\n|faint|p2a: dreef\n|\n|-weather|none\n|-heal|p1a: White Wedding|45\/100|[from] item: Leftovers\n|upkeep\n|\n|t:|1700269858\n|switch|p2a: feef|Iron Valiant|100\/100\n|-enditem|p2a: feef|Booster Energy\n|-activate|p2a: feef|ability: Quark Drive|[fromitem]\n|-start|p2a: feef|quarkdrivespe\n|turn|6\n|\n|t:|1700269873\n|move|p1a: White Wedding|Bulk Up|p1a: White Wedding\n|-boost|p1a: White Wedding|atk|1\n|-boost|p1a: White Wedding|def|1\n|move|p2a: feef|Drain Punch|p1a: White Wedding\n|-damage|p1a: White Wedding|20\/100\n|\n|-heal|p1a: White Wedding|26\/100|[from] item: Leftovers\n|upkeep\n|turn|7\n|\n|t:|1700269889\n|move|p1a: White Wedding|Substitute|p1a: White Wedding\n|-start|p1a: White Wedding|Substitute\n|-damage|p1a: White Wedding|1\/100\n|move|p2a: feef|Spirit Break|p1a: White Wedding\n|-supereffective|p1a: White Wedding\n|-end|p1a: White Wedding|Substitute\n|\n|-heal|p1a: White Wedding|7\/100|[from] item: Leftovers\n|upkeep\n|turn|8\n|\n|t:|1700269932\n|move|p2a: feef|Drain Punch|p1a: White Wedding\n|-damage|p1a: White Wedding|0 fnt\n|faint|p1a: White Wedding\n|\n|upkeep\n|\n|t:|1700269944\n|switch|p1a: LifeWillChange|Ogerpon, F|100\/100\n|turn|9\n|\n|t:|1700269959\n|-terastallize|p1a: LifeWillChange|Grass\n|detailschange|p1a: LifeWillChange|Ogerpon-Teal-Tera, F, tera:Grass\n|-ability|p1a: LifeWillChange|Embody Aspect (Teal)|boost\n|-boost|p1a: LifeWillChange|spe|1\n|move|p2a: feef|Swords Dance|p2a: feef\n|-boost|p2a: feef|atk|2\n|move|p1a: LifeWillChange|Play Rough|p2a: feef\n|-supereffective|p2a: feef\n|-damage|p2a: feef|3\/100\n|-damage|p1a: LifeWillChange|91\/100|[from] item: Life Orb\n|\n|upkeep\n|turn|10\n|\n|t:|1700269971\n|move|p2a: feef|Drain Punch|p1a: LifeWillChange\n|-damage|p1a: LifeWillChange|0 fnt\n|-heal|p2a: feef|50\/100|[from] drain|[of] p1a: LifeWillChange\n|faint|p1a: LifeWillChange\n|\n|upkeep\n|\n|t:|1700270002\n|switch|p1a: HotelCalifornia|Chandelure, F, shiny|100\/100\n|turn|11\n|\n|t:|1700270010\n|move|p2a: feef|Shadow Sneak|p1a: HotelCalifornia\n|-supereffective|p1a: HotelCalifornia\n|-damage|p1a: HotelCalifornia|22\/100\n|move|p1a: HotelCalifornia|Overheat|p2a: feef\n|-damage|p2a: feef|0 fnt\n|-unboost|p1a: HotelCalifornia|spa|2\n|faint|p2a: feef\n|-end|p2a: feef|Quark Drive|[silent]\n|\n|upkeep\n|\n|t:|1700270020\n|switch|p2a: smeef|Hoopa-Unbound|76\/100\n|turn|12\n|\n|t:|1700270030\n|switch|p1a: Space Jam|Cinderace, M, shiny|100\/100\n|move|p2a: smeef|Dark Pulse|p1a: Space Jam\n|-damage|p1a: Space Jam|27\/100\n|\n|upkeep\n|turn|13\n|\n|t:|1700270038\n|switch|p2a: breaf|Ursaluna, F|100\/100\n|move|p1a: Space Jam|U-turn|p2a: breaf\n|-damage|p2a: breaf|84\/100\n|\n|t:|1700270056\n|switch|p1a: Time4Me2Fly|Salamence, M|100\/100|[from] U-turn\n|-ability|p1a: Time4Me2Fly|Intimidate|boost\n|-unboost|p2a: breaf|atk|1\n|\n|-status|p2a: breaf|brn|[from] item: Flame Orb\n|upkeep\n|turn|14\n|\n|t:|1700270086\n|move|p1a: Time4Me2Fly|Dragon Dance|p1a: Time4Me2Fly\n|-boost|p1a: Time4Me2Fly|atk|1\n|-boost|p1a: Time4Me2Fly|spe|1\n|move|p2a: breaf|Play Rough|p1a: Time4Me2Fly\n|-supereffective|p1a: Time4Me2Fly\n|-crit|p1a: Time4Me2Fly\n|-damage|p1a: Time4Me2Fly|0 fnt\n|faint|p1a: Time4Me2Fly\n|\n|-damage|p2a: breaf|78\/100 brn|[from] brn\n|upkeep\n|c|\u2606chiefpancake|jesus, even with intimidate\n|c|\u2606chiefpancake|gg\n|\n|t:|1700270109\n|switch|p1a: HotelCalifornia|Chandelure, F, shiny|22\/100\n|turn|15\n|c|\u2606Chazl Dazl|im 95% certain that crit mattered\n|c|\u2606chiefpancake|oh i didn't see that\n|c|\u2606chiefpancake|that makes more sense then\n|\n|t:|1700270143\n|switch|p2a: smeef|Hoopa-Unbound|76\/100\n|move|p1a: HotelCalifornia|Overheat|p2a: smeef|[miss]\n|-miss|p1a: HotelCalifornia|p2a: smeef\n|\n|upkeep\n|turn|16\n|c|\u2606chiefpancake|oh kool\n|c|\u2606Chazl Dazl|i am very sorry.\n|c|\u2606chiefpancake|it's not your fault lol\n|c|\u2606chiefpancake|this is also how all my random battles went earlier\n|\n|t:|1700270174\n|move|p1a: HotelCalifornia|Overheat|p2a: smeef\n|-damage|p2a: smeef|23\/100\n|-unboost|p1a: HotelCalifornia|spa|2\n|move|p2a: smeef|Dark Pulse|p1a: HotelCalifornia\n|-supereffective|p1a: HotelCalifornia\n|-damage|p1a: HotelCalifornia|0 fnt\n|faint|p1a: HotelCalifornia\n|\n|upkeep\n|\n|t:|1700270178\n|switch|p1a: Space Jam|Cinderace, M, shiny|27\/100\n|turn|17\n|\n|t:|1700270185\n|move|p1a: Space Jam|U-turn|p2a: smeef\n|-supereffective|p2a: smeef\n|-damage|p2a: smeef|0 fnt\n|faint|p2a: smeef\n|\n|t:|1700270188\n|switch|p1a: Dr. Worm|Orthworm, M|100\/100|[from] U-turn\n|\n|upkeep\n|\n|t:|1700270195\n|switch|p2a: leaf|Abomasnow, M|100\/100\n|-weather|Snow|[from] ability: Snow Warning|[of] p2a: leaf\n|turn|18\n|\n|t:|1700270201\n|move|p1a: Dr. Worm|Body Press|p2a: leaf\n|-supereffective|p2a: leaf\n|-damage|p2a: leaf|65\/100\n|move|p2a: leaf|Body Press|p1a: Dr. Worm\n|-supereffective|p1a: Dr. Worm\n|-damage|p1a: Dr. Worm|79\/100\n|\n|-weather|Snow|[upkeep]\n|upkeep\n|turn|19\n|\n|t:|1700270208\n|move|p1a: Dr. Worm|Body Press|p2a: leaf\n|-supereffective|p2a: leaf\n|-damage|p2a: leaf|33\/100\n|move|p2a: leaf|Aurora Veil|p2a: leaf\n|-sidestart|p2: Chazl Dazl|move: Aurora Veil\n|\n|-weather|Snow|[upkeep]\n|upkeep\n|turn|20\n|\n|t:|1700270217\n|move|p1a: Dr. Worm|Shed Tail|p1a: Dr. Worm\n|-start|p1a: Dr. Worm|Substitute|[from] move: Shed Tail\n|-damage|p1a: Dr. Worm|29\/100\n|-enditem|p1a: Dr. Worm|Sitrus Berry|[eat]\n|-heal|p1a: Dr. Worm|54\/100|[from] item: Sitrus Berry\n|\n|t:|1700270220\n|switch|p1a: Space Jam|Cinderace, M, shiny|27\/100|[from] Shed Tail\n|move|p2a: leaf|Body Press|p1a: Space Jam\n|-end|p1a: Space Jam|Substitute\n|\n|-weather|Snow|[upkeep]\n|upkeep\n|turn|21\n|\n|t:|1700270226\n|move|p1a: Space Jam|Court Change|p1a: Space Jam\n|-swapsideconditions\n|-activate|p1a: Space Jam|move: Court Change\n|move|p2a: leaf|Blizzard|p1a: Space Jam\n|-resisted|p1a: Space Jam\n|-damage|p1a: Space Jam|15\/100\n|\n|-weather|Snow|[upkeep]\n|upkeep\n|turn|22\n|\n|t:|1700270239\n|move|p1a: Space Jam|U-turn|p2a: leaf\n|-supereffective|p2a: leaf\n|-damage|p2a: leaf|10\/100\n|\n|t:|1700270242\n|switch|p1a: Dr. Worm|Orthworm, M|54\/100|[from] U-turn\n|move|p2a: leaf|Blizzard|p1a: Dr. Worm\n|-resisted|p1a: Dr. Worm\n|-damage|p1a: Dr. Worm|40\/100\n|\n|-weather|none\n|upkeep\n|turn|23\n|\n|t:|1700270257\n|move|p1a: Dr. Worm|Rest|p1a: Dr. Worm\n|-status|p1a: Dr. Worm|slp|[from] move: Rest\n|-heal|p1a: Dr. Worm|100\/100 slp|[silent]\n|move|p2a: leaf|Body Press|p1a: Dr. Worm\n|-supereffective|p1a: Dr. Worm\n|-damage|p1a: Dr. Worm|88\/100 slp\n|\n|upkeep\n|turn|24\n|\n|t:|1700270268\n|switch|p2a: breaf|Ursaluna, F|78\/100 brn\n|cant|p1a: Dr. Worm|slp\n|move|p1a: Dr. Worm|Sleep Talk|p1a: Dr. Worm\n|move|p1a: Dr. Worm|Rest||[from]move: Sleep Talk|[still]\n|-fail|p1a: Dr. Worm\n|\n|-damage|p2a: breaf|72\/100 brn|[from] brn\n|upkeep\n|turn|25\n|\n|t:|1700270278\n|cant|p1a: Dr. Worm|slp\n|move|p1a: Dr. Worm|Sleep Talk|p1a: Dr. Worm\n|move|p1a: Dr. Worm|Body Press|p2a: breaf|[from]move: Sleep Talk\n|-supereffective|p2a: breaf\n|-damage|p2a: breaf|22\/100 brn\n|move|p2a: breaf|Roar|p1a: Dr. Worm\n|drag|p1a: Space Jam|Cinderace, M, shiny|15\/100\n|\n|-damage|p2a: breaf|16\/100 brn|[from] brn\n|upkeep\n|turn|26\n|\n|t:|1700270304\n|move|p1a: Space Jam|Trailblaze|p2a: breaf\n|-supereffective|p2a: breaf\n|-damage|p2a: breaf|0 fnt\n|-boost|p1a: Space Jam|spe|1\n|faint|p2a: breaf\n|\n|-sideend|p1: chiefpancake|move: Aurora Veil\n|upkeep\n|\n|t:|1700270316\n|switch|p2a: beef|Slowbro-Galar, F|100\/100\n|turn|27\n|c|\u2606chiefpancake|this is closer than I expected\n|\n|t:|1700270325\n|move|p1a: Space Jam|U-turn|p2a: beef\n|-damage|p2a: beef|86\/100\n|-damage|p1a: Space Jam|0 fnt|[from] item: Rocky Helmet|[of] p2a: beef\n|faint|p1a: Space Jam\n|move|p2a: beef|Psyshock|p1: Space Jam|[notarget]\n|-fail|p2a: beef\n|\n|upkeep\n|c|\u2606chiefpancake|LMAO\n|\n|t:|1700270336\n|switch|p1a: Dr. Worm|Orthworm, M|88\/100 slp\n|turn|28\n|c|\u2606chiefpancake|poor rabbit\n|\n|t:|1700270384\n|-curestatus|p1a: Dr. Worm|slp|[msg]\n|move|p1a: Dr. Worm|Body Press|p2a: beef\n|-resisted|p2a: beef\n|-damage|p2a: beef|80\/100\n|-damage|p1a: Dr. Worm|72\/100|[from] item: Rocky Helmet|[of] p2a: beef\n|move|p2a: beef|Psyshock|p1a: Dr. Worm\n|-resisted|p1a: Dr. Worm\n|-damage|p1a: Dr. Worm|63\/100\n|\n|upkeep\n|turn|29\n|\n|t:|1700270398\n|move|p1a: Dr. Worm|Body Press|p2a: beef\n|-resisted|p2a: beef\n|-damage|p2a: beef|75\/100\n|-damage|p1a: Dr. Worm|47\/100|[from] item: Rocky Helmet|[of] p2a: beef\n|move|p2a: beef|Psyshock|p1a: Dr. Worm\n|-resisted|p1a: Dr. Worm\n|-damage|p1a: Dr. Worm|40\/100\n|\n|upkeep\n|turn|30\n|c|\u2606Chazl Dazl|i didn't think it'd kill\n|\n|t:|1700270407\n|move|p1a: Dr. Worm|Rest|p1a: Dr. Worm\n|-status|p1a: Dr. Worm|slp|[from] move: Rest\n|-heal|p1a: Dr. Worm|100\/100 slp|[silent]\n|move|p2a: beef|Psyshock|p1a: Dr. Worm\n|-resisted|p1a: Dr. Worm\n|-damage|p1a: Dr. Worm|93\/100 slp\n|\n|upkeep\n|turn|31\n|c|\u2606chiefpancake|man\n|\n|t:|1700270454\n|switch|p2a: leaf|Abomasnow, M|10\/100\n|-weather|Snow|[from] ability: Snow Warning|[of] p2a: leaf\n|cant|p1a: Dr. Worm|slp\n|\n|-weather|Snow|[upkeep]\n|upkeep\n|turn|32\n|c|\u2606chiefpancake|oh i forgot\n|\n|t:|1700270465\n|cant|p1a: Dr. Worm|slp\n|move|p1a: Dr. Worm|Sleep Talk|p1a: Dr. Worm\n|move|p1a: Dr. Worm|Rest||[from]move: Sleep Talk|[still]\n|-fail|p1a: Dr. Worm\n|move|p2a: leaf|Body Press|p1a: Dr. Worm\n|-supereffective|p1a: Dr. Worm\n|-damage|p1a: Dr. Worm|70\/100 slp\n|\n|-weather|Snow|[upkeep]\n|upkeep\n|turn|33\n|\n|t:|1700270470\n|switch|p2a: beef|Slowbro-Galar, F|100\/100\n|-curestatus|p1a: Dr. Worm|slp|[msg]\n|move|p1a: Dr. Worm|Body Press|p2a: beef\n|-resisted|p2a: beef\n|-damage|p2a: beef|95\/100\n|-damage|p1a: Dr. Worm|53\/100|[from] item: Rocky Helmet|[of] p2a: beef\n|\n|-weather|Snow|[upkeep]\n|upkeep\n|turn|34\n|\n|t:|1700270478\n|move|p1a: Dr. Worm|Rest|p1a: Dr. Worm\n|-status|p1a: Dr. Worm|slp|[from] move: Rest\n|-heal|p1a: Dr. Worm|100\/100 slp|[silent]\n|move|p2a: beef|Psyshock|p1a: Dr. Worm\n|-resisted|p1a: Dr. Worm\n|-damage|p1a: Dr. Worm|93\/100 slp\n|\n|-weather|Snow|[upkeep]\n|upkeep\n|turn|35\n|\n|t:|1700270482\n|cant|p1a: Dr. Worm|slp\n|move|p1a: Dr. Worm|Sleep Talk|p1a: Dr. Worm\n|move|p1a: Dr. Worm|Rest||[from]move: Sleep Talk|[still]\n|-fail|p1a: Dr. Worm\n|move|p2a: beef|Psyshock|p1a: Dr. Worm\n|-resisted|p1a: Dr. Worm\n|-damage|p1a: Dr. Worm|85\/100 slp\n|\n|-weather|none\n|upkeep\n|turn|36\n|\n|t:|1700270490\n|switch|p2a: leaf|Abomasnow, M|10\/100\n|-weather|Snow|[from] ability: Snow Warning|[of] p2a: leaf\n|cant|p1a: Dr. Worm|slp\n|move|p1a: Dr. Worm|Sleep Talk|p1a: Dr. Worm\n|move|p1a: Dr. Worm|Body Press|p2a: leaf|[from]move: Sleep Talk\n|-supereffective|p2a: leaf\n|-damage|p2a: leaf|0 fnt\n|faint|p2a: leaf\n|\n|-weather|Snow|[upkeep]\n|upkeep\n|\n|t:|1700270493\n|switch|p2a: beef|Slowbro-Galar, F|100\/100\n|turn|37\n|\n|t:|1700270502\n|-curestatus|p1a: Dr. Worm|slp|[msg]\n|move|p1a: Dr. Worm|Body Press|p2a: beef\n|-resisted|p2a: beef\n|-damage|p2a: beef|95\/100\n|-damage|p1a: Dr. Worm|69\/100|[from] item: Rocky Helmet|[of] p2a: beef\n|move|p2a: beef|Psyshock|p1a: Dr. Worm\n|-resisted|p1a: Dr. Worm\n|-damage|p1a: Dr. Worm|61\/100\n|\n|-weather|Snow|[upkeep]\n|upkeep\n|turn|38\n|\n|t:|1700270510\n|move|p1a: Dr. Worm|Body Press|p2a: beef\n|-resisted|p2a: beef\n|-damage|p2a: beef|90\/100\n|-damage|p1a: Dr. Worm|45\/100|[from] item: Rocky Helmet|[of] p2a: beef\n|move|p2a: beef|Psyshock|p1a: Dr. Worm\n|-resisted|p1a: Dr. Worm\n|-damage|p1a: Dr. Worm|37\/100\n|\n|-weather|Snow|[upkeep]\n|upkeep\n|turn|39\n|c|\u2606Chazl Dazl|this is gonna be aminute\n|\n|t:|1700270518\n|move|p1a: Dr. Worm|Body Press|p2a: beef\n|-resisted|p2a: beef\n|-damage|p2a: beef|85\/100\n|-damage|p1a: Dr. Worm|20\/100|[from] item: Rocky Helmet|[of] p2a: beef\n|move|p2a: beef|Psyshock|p1a: Dr. Worm\n|-resisted|p1a: Dr. Worm\n|-damage|p1a: Dr. Worm|12\/100\n|\n|-weather|Snow|[upkeep]\n|upkeep\n|turn|40\n|\n|t:|1700270523\n|move|p1a: Dr. Worm|Rest|p1a: Dr. Worm\n|-status|p1a: Dr. Worm|slp|[from] move: Rest\n|-heal|p1a: Dr. Worm|100\/100 slp|[silent]\n|move|p2a: beef|Psyshock|p1a: Dr. Worm\n|-resisted|p1a: Dr. Worm\n|-crit|p1a: Dr. Worm\n|-damage|p1a: Dr. Worm|89\/100 slp\n|\n|-weather|none\n|upkeep\n|turn|41\n|c|\u2606chiefpancake|yeah and honestly I have no idea what it'll be mathmatically\n|\n|t:|1700270543\n|cant|p1a: Dr. Worm|slp\n|move|p1a: Dr. Worm|Sleep Talk|p1a: Dr. Worm\n|move|p1a: Dr. Worm|Shed Tail|p1a: Dr. Worm|[from]move: Sleep Talk\n|-fail|p1a: Dr. Worm\n|move|p2a: beef|Trick Room|p2a: beef\n|-fieldstart|move: Trick Room|[of] p2a: beef\n|\n|upkeep\n|turn|42\n|\n|t:|1700270552\n|move|p2a: beef|Sludge Bomb|p1a: Dr. Worm\n|-immune|p1a: Dr. Worm\n|cant|p1a: Dr. Worm|slp\n|move|p1a: Dr. Worm|Sleep Talk|p1a: Dr. Worm\n|move|p1a: Dr. Worm|Body Press|p2a: beef|[from]move: Sleep Talk\n|-resisted|p2a: beef\n|-damage|p2a: beef|80\/100\n|-damage|p1a: Dr. Worm|73\/100 slp|[from] item: Rocky Helmet|[of] p2a: beef\n|\n|upkeep\n|turn|43\n|\n|t:|1700270565\n|move|p2a: beef|Sludge Bomb|p1a: Dr. Worm\n|-immune|p1a: Dr. Worm\n|-curestatus|p1a: Dr. Worm|slp|[msg]\n|move|p1a: Dr. Worm|Body Press|p2a: beef\n|-resisted|p2a: beef\n|-damage|p2a: beef|74\/100\n|-damage|p1a: Dr. Worm|56\/100|[from] item: Rocky Helmet|[of] p2a: beef\n|\n|upkeep\n|turn|44\n|\n|t:|1700270572\n|move|p2a: beef|Sludge Bomb|p1a: Dr. Worm\n|-immune|p1a: Dr. Worm\n|move|p1a: Dr. Worm|Body Press|p2a: beef\n|-resisted|p2a: beef\n|-damage|p2a: beef|69\/100\n|-damage|p1a: Dr. Worm|39\/100|[from] item: Rocky Helmet|[of] p2a: beef\n|\n|upkeep\n|turn|45\n|\n|t:|1700270582\n|move|p2a: beef|Sludge Bomb|p1a: Dr. Worm\n|-immune|p1a: Dr. Worm\n|move|p1a: Dr. Worm|Body Press|p2a: beef\n|-resisted|p2a: beef\n|-damage|p2a: beef|64\/100\n|-damage|p1a: Dr. Worm|23\/100|[from] item: Rocky Helmet|[of] p2a: beef\n|\n|-fieldend|move: Trick Room\n|upkeep\n|turn|46\n|\n|t:|1700270587\n|move|p1a: Dr. Worm|Rest|p1a: Dr. Worm\n|-status|p1a: Dr. Worm|slp|[from] move: Rest\n|-heal|p1a: Dr. Worm|100\/100 slp|[silent]\n|move|p2a: beef|Trick Room|p2a: beef\n|-fieldstart|move: Trick Room|[of] p2a: beef\n|\n|upkeep\n|turn|47\n|\n|t:|1700270594\n|move|p2a: beef|Sludge Bomb|p1a: Dr. Worm\n|-immune|p1a: Dr. Worm\n|cant|p1a: Dr. Worm|slp\n|move|p1a: Dr. Worm|Sleep Talk|p1a: Dr. Worm\n|move|p1a: Dr. Worm|Shed Tail|p1a: Dr. Worm|[from]move: Sleep Talk\n|-fail|p1a: Dr. Worm\n|\n|upkeep\n|turn|48\n|\n|t:|1700270604\n|move|p2a: beef|Sludge Bomb|p1a: Dr. Worm\n|-immune|p1a: Dr. Worm\n|cant|p1a: Dr. Worm|slp\n|move|p1a: Dr. Worm|Sleep Talk|p1a: Dr. Worm\n|move|p1a: Dr. Worm|Body Press|p2a: beef|[from]move: Sleep Talk\n|-resisted|p2a: beef\n|-damage|p2a: beef|59\/100\n|-damage|p1a: Dr. Worm|84\/100 slp|[from] item: Rocky Helmet|[of] p2a: beef\n|\n|upkeep\n|turn|49\n|\n|t:|1700270613\n|move|p2a: beef|Sludge Bomb|p1a: Dr. Worm\n|-immune|p1a: Dr. Worm\n|-curestatus|p1a: Dr. Worm|slp|[msg]\n|move|p1a: Dr. Worm|Body Press|p2a: beef\n|-resisted|p2a: beef\n|-damage|p2a: beef|54\/100\n|-damage|p1a: Dr. Worm|67\/100|[from] item: Rocky Helmet|[of] p2a: beef\n|\n|upkeep\n|turn|50\n|\n|t:|1700270623\n|move|p2a: beef|Slack Off|p2a: beef\n|-heal|p2a: beef|100\/100\n|move|p1a: Dr. Worm|Body Press|p2a: beef\n|-resisted|p2a: beef\n|-damage|p2a: beef|95\/100\n|-damage|p1a: Dr. Worm|51\/100|[from] item: Rocky Helmet|[of] p2a: beef\n|\n|-fieldend|move: Trick Room\n|upkeep\n|turn|51\n|c|\u2606chiefpancake|damn okay you definitely win\n|c|\u2606chiefpancake|didn't know you had slack off\n|\n|t:|1700270650\n|move|p1a: Dr. Worm|Body Press|p2a: beef\n|-resisted|p2a: beef\n|-damage|p2a: beef|90\/100\n|-damage|p1a: Dr. Worm|34\/100|[from] item: Rocky Helmet|[of] p2a: beef\n|move|p2a: beef|Trick Room|p2a: beef\n|-fieldstart|move: Trick Room|[of] p2a: beef\n|\n|upkeep\n|turn|52\n|c|\u2606Chazl Dazl|we can play it out, idk how you wanna do it\n|\n|t:|1700270656\n|move|p2a: beef|Psyshock|p1a: Dr. Worm\n|-resisted|p1a: Dr. Worm\n|-damage|p1a: Dr. Worm|26\/100\n|move|p1a: Dr. Worm|Body Press|p2a: beef\n|-resisted|p2a: beef\n|-damage|p2a: beef|85\/100\n|-damage|p1a: Dr. Worm|10\/100|[from] item: Rocky Helmet|[of] p2a: beef\n|\n|upkeep\n|turn|53\n|\n|t:|1700270659\n|move|p2a: beef|Psyshock|p1a: Dr. Worm\n|-resisted|p1a: Dr. Worm\n|-damage|p1a: Dr. Worm|2\/100\n|move|p1a: Dr. Worm|Body Press|p2a: beef\n|-resisted|p2a: beef\n|-damage|p2a: beef|80\/100\n|-damage|p1a: Dr. Worm|0 fnt|[from] item: Rocky Helmet|[of] p2a: beef\n|faint|p1a: Dr. Worm\n|\n|win|Chazl Dazl\n|c|\u2606chiefpancake|gg\n|c|\u2606Chazl Dazl|ggs\n|c|\u2606Chazl Dazl|was damn close\n|c|\u2606chiefpancake|for sure\n|c|\u2606chiefpancake|that was a canon-moment crit\n|c|\u2606Chazl Dazl|factual\n|c|\u2606chiefpancake|also I big time messed up my mental speed calc on IV vs Ogerpon\n|c|\u2606chiefpancake|I thought Ogerpon was gonna be faster\n|c|\u2606Chazl Dazl|could have been a speed tie or maybe a little faster.\n|c|\u2606Chazl Dazl|I think i went jolly\n|c|\u2606Chazl Dazl|if that matters for the calc\n|c|\u2606chiefpancake|I think I did too. Must've been just a couple points.\n|c|\u2606chiefpancake|I didn't do real math, just mental lol\n","uploadtime":1700270671,"views":40,"p1id":"chiefpancake","p2id":"chazldazl","formatid":"gen9ubers","rating":0,"private":0,"password":""}