{"id":"gen9ubers-1985303016","p1":"On the wave now","p2":"WARIOROFLIBERATION","format":"[Gen 9] Ubers","log":"|j|\u2606On the wave now\n|j|\u2606WARIOROFLIBERATION\n|t:|1699362221\n|gametype|singles\n|player|p1|On the wave now|cueball-gen1rb|1397\n|player|p2|WARIOROFLIBERATION|red-gen2|1483\n|teamsize|p1|6\n|teamsize|p2|6\n|gen|9\n|tier|[Gen 9] Ubers\n|rated|\n|rule|Sleep Clause Mod: Limit one foe put to sleep\n|rule|Species Clause: Limit one of each Pok\u00e9mon\n|rule|OHKO Clause: OHKO moves are banned\n|rule|Evasion Items Clause: Evasion items are banned\n|rule|Evasion Moves Clause: Evasion moves are banned\n|rule|Endless Battle Clause: Forcing endless battles is banned\n|rule|HP Percentage Mod: HP is shown in percentages\n|clearpoke\n|poke|p1|Kyogre|\n|poke|p1|Iron Treads|\n|poke|p1|Arceus|\n|poke|p1|Miraidon|\n|poke|p1|Chien-Pao|\n|poke|p1|Basculegion, M|\n|poke|p2|Ribombee, M|\n|poke|p2|Annihilape, M|\n|poke|p2|Landorus, M|\n|poke|p2|Volcarona, M|\n|poke|p2|Arceus|\n|poke|p2|Dialga-Origin|\n|teampreview\n|\n|t:|1699362289\n|start\n|switch|p1a: Larry Bird|Iron Treads|100\/100\n|switch|p2a: Dialga|Dialga-Origin, shiny|100\/100\n|-ability|p2a: Dialga|Pressure\n|-enditem|p1a: Larry Bird|Booster Energy\n|-activate|p1a: Larry Bird|ability: Quark Drive|[fromitem]\n|-start|p1a: Larry Bird|quarkdrivespe\n|turn|1\n|inactive|Battle timer is ON: inactive players will automatically lose when time's up. (requested by WARIOROFLIBERATION)\n|inactive|On the wave now has 120 seconds left.\n|\n|t:|1699362342\n|switch|p2a: Landorus|Landorus, M, shiny|100\/100\n|move|p1a: Larry Bird|Stealth Rock|p2a: Landorus\n|-sidestart|p2: WARIOROFLIBERATION|move: Stealth Rock\n|\n|upkeep\n|turn|2\n|\n|t:|1699362351\n|-end|p1a: Larry Bird|Quark Drive|[silent]\n|switch|p1a: Ronaldo Nazario|Arceus, shiny|100\/100\n|move|p2a: Landorus|Earth Power|p1a: Ronaldo Nazario\n|-damage|p1a: Ronaldo Nazario|53\/100\n|\n|upkeep\n|turn|3\n|inactive|WARIOROFLIBERATION has 120 seconds left.\n|\n|t:|1699362405\n|move|p1a: Ronaldo Nazario|Extreme Speed|p2a: Landorus\n|-damage|p2a: Landorus|43\/100\n|move|p2a: Landorus|Focus Blast|p1a: Ronaldo Nazario\n|-supereffective|p1a: Ronaldo Nazario\n|-damage|p1a: Ronaldo Nazario|0 fnt\n|faint|p1a: Ronaldo Nazario\n|\n|upkeep\n|\n|t:|1699362411\n|switch|p1a: Kagurabachi|Kyogre|100\/100\n|-weather|RainDance|[from] ability: Drizzle|[of] p1a: Kagurabachi\n|turn|4\n|inactive|WARIOROFLIBERATION has 90 seconds left.\n|\n|t:|1699362447\n|move|p1a: Kagurabachi|Water Spout|p2a: Landorus\n|-supereffective|p2a: Landorus\n|-damage|p2a: Landorus|0 fnt\n|faint|p2a: Landorus\n|\n|-weather|RainDance|[upkeep]\n|upkeep\n|\n|t:|1699362461\n|switch|p2a: Dialga|Dialga-Origin, shiny|100\/100\n|-damage|p2a: Dialga|94\/100|[from] Stealth Rock\n|-ability|p2a: Dialga|Pressure\n|turn|5\n|\n|t:|1699362484\n|switch|p1a: Larry Bird|Iron Treads|100\/100\n|move|p2a: Dialga|Stealth Rock|p1a: Larry Bird\n|-sidestart|p1: On the wave now|move: Stealth Rock\n|\n|-weather|RainDance|[upkeep]\n|upkeep\n|turn|6\n|\n|t:|1699362497\n|switch|p2a: Annihilape|Annihilape, M, shiny|100\/100\n|-damage|p2a: Annihilape|94\/100|[from] Stealth Rock\n|move|p1a: Larry Bird|Earthquake|p2a: Annihilape\n|-damage|p2a: Annihilape|46\/100\n|\n|-weather|RainDance|[upkeep]\n|-heal|p2a: Annihilape|52\/100|[from] item: Leftovers\n|upkeep\n|turn|7\n|\n|t:|1699362505\n|move|p1a: Larry Bird|Earthquake|p2a: Annihilape\n|-damage|p2a: Annihilape|8\/100\n|move|p2a: Annihilape|Drain Punch|p1a: Larry Bird\n|-supereffective|p1a: Larry Bird\n|-damage|p1a: Larry Bird|50\/100\n|-heal|p2a: Annihilape|27\/100|[from] drain|[of] p1a: Larry Bird\n|\n|-weather|RainDance|[upkeep]\n|-heal|p2a: Annihilape|34\/100|[from] item: Leftovers\n|upkeep\n|turn|8\n|inactive|WARIOROFLIBERATION has 60 seconds left.\n|\n|t:|1699362547\n|switch|p2a: Ribombee|Ribombee, M, shiny|100\/100\n|-damage|p2a: Ribombee|76\/100|[from] Stealth Rock\n|move|p1a: Larry Bird|Earthquake|p2a: Ribombee\n|-resisted|p2a: Ribombee\n|-damage|p2a: Ribombee|27\/100\n|\n|-weather|none\n|upkeep\n|turn|9\n|\n|t:|1699362559\n|move|p2a: Ribombee|Reflect|p2a: Ribombee\n|-sidestart|p2: WARIOROFLIBERATION|Reflect\n|move|p1a: Larry Bird|Rapid Spin|p2a: Ribombee\n|-damage|p2a: Ribombee|12\/100\n|-boost|p1a: Larry Bird|spe|1\n|-sideend|p1: On the wave now|Stealth Rock|[from] move: Rapid Spin|[of] p1a: Larry Bird\n|\n|upkeep\n|turn|10\n|inactive|WARIOROFLIBERATION has 30 seconds left.\n|\n|t:|1699362580\n|move|p1a: Larry Bird|Earthquake|p2a: Ribombee\n|-resisted|p2a: Ribombee\n|-damage|p2a: Ribombee|0 fnt\n|faint|p2a: Ribombee\n|\n|upkeep\n|inactive|WARIOROFLIBERATION has 30 seconds left.\n|inactive|WARIOROFLIBERATION has 20 seconds left.\n|inactive|WARIOROFLIBERATION has 15 seconds left.\n|inactive|WARIOROFLIBERATION has 10 seconds left.\n|\n|t:|1699362608\n|switch|p2a: Arceus|Arceus, shiny|100\/100\n|-damage|p2a: Arceus|88\/100|[from] Stealth Rock\n|turn|11\n|inactive|WARIOROFLIBERATION has 20 seconds left this turn.\n|\n|t:|1699362611\n|move|p1a: Larry Bird|Steel Beam|p2a: Arceus\n|-damage|p2a: Arceus|62\/100\n|-damage|p1a: Larry Bird|0 fnt|[from] steelbeam\n|faint|p1a: Larry Bird\n|-end|p1a: Larry Bird|Quark Drive|[silent]\n|move|p2a: Arceus|Swords Dance|p2a: Arceus\n|-boost|p2a: Arceus|atk|2\n|\n|upkeep\n|inactive|WARIOROFLIBERATION has 25 seconds left this turn.\n|\n|t:|1699362629\n|switch|p1a: Servomotor|Miraidon|100\/100\n|-fieldstart|move: Electric Terrain|[from] ability: Hadron Engine|[of] p1a: Servomotor\n|turn|12\n|inactive|WARIOROFLIBERATION has 30 seconds left.\n|\n|t:|1699362643\n|-terastallize|p2a: Arceus|Normal\n|move|p2a: Arceus|Extreme Speed|p1a: Servomotor\n|-damage|p1a: Servomotor|0 fnt\n|faint|p1a: Servomotor\n|\n|upkeep\n|inactive|WARIOROFLIBERATION has 30 seconds left this turn.\n|\n|t:|1699362650\n|switch|p1a: Kagurabachi|Kyogre|100\/100\n|-weather|RainDance|[from] ability: Drizzle|[of] p1a: Kagurabachi\n|turn|13\n|\n|t:|1699362655\n|switch|p1a: Baki|Chien-Pao|100\/100\n|-ability|p1a: Baki|Sword of Ruin\n|move|p2a: Arceus|Extreme Speed|p1a: Baki\n|-damage|p1a: Baki|0 fnt\n|faint|p1a: Baki\n|\n|-weather|RainDance|[upkeep]\n|upkeep\n|\n|t:|1699362658\n|switch|p1a: Quevedo|Basculegion, M, shiny|100\/100\n|turn|14\n|\n|t:|1699362671\n|move|p1a: Quevedo|Flip Turn|p2a: Arceus\n|-damage|p2a: Arceus|34\/100\n|\n|t:|1699362674\n|switch|p1a: Kagurabachi|Kyogre|100\/100|[from] Flip Turn\n|move|p2a: Arceus|Shadow Claw|p1a: Kagurabachi\n|-crit|p1a: Kagurabachi\n|-damage|p1a: Kagurabachi|13\/100\n|\n|-weather|RainDance|[upkeep]\n|upkeep\n|turn|15\n|\n|t:|1699362688\n|move|p2a: Arceus|Extreme Speed|p1a: Kagurabachi\n|-damage|p1a: Kagurabachi|0 fnt\n|faint|p1a: Kagurabachi\n|\n|-weather|RainDance|[upkeep]\n|upkeep\n|\n|t:|1699362690\n|switch|p1a: Quevedo|Basculegion, M, shiny|100\/100\n|turn|16\n|inactive|WARIOROFLIBERATION has 60 seconds left.\n|\n|t:|1699362712\n|switch|p2a: Volcarona|Volcarona, M|100\/100\n|move|p1a: Quevedo|Liquidation|p2a: Volcarona\n|-supereffective|p2a: Volcarona\n|-damage|p2a: Volcarona|0 fnt\n|-status|p1a: Quevedo|brn|[from] ability: Flame Body|[of] p2a: Volcarona\n|faint|p2a: Volcarona\n|\n|-weather|RainDance|[upkeep]\n|-damage|p1a: Quevedo|94\/100 brn|[from] brn\n|-sideend|p2: WARIOROFLIBERATION|Reflect\n|-fieldend|move: Electric Terrain\n|upkeep\n|-message|On the wave now forfeited.\n|\n|win|WARIOROFLIBERATION\n|raw|On the wave now's rating: 1411 &rarr; <strong>1395<\/strong><br \/>(-16 for losing)\n|raw|WARIOROFLIBERATION's rating: 1483 &rarr; <strong>1499<\/strong><br \/>(+16 for winning)\n|c|\u2606On the wave now|gg\n","uploadtime":1699362730,"views":6,"p1id":"onthewavenow","p2id":"wariorofliberation","formatid":"gen9ubers","rating":1395,"private":0,"password":""}