{"id":"gen9ubers-1985708604","p1":"SunShinyReys","p2":"Manatsu","format":"[Gen 9] Ubers","log":"|j|\u2606SunShinyReys\n|j|\u2606Manatsu\n|t:|1699397911\n|gametype|singles\n|player|p1|SunShinyReys|burglar|\n|player|p2|Manatsu|2|\n|teamsize|p1|6\n|teamsize|p2|6\n|gen|9\n|tier|[Gen 9] Ubers\n|rule|Sleep Clause Mod: Limit one foe put to sleep\n|rule|Species Clause: Limit one of each Pok\u00e9mon\n|rule|OHKO Clause: OHKO moves are banned\n|rule|Evasion Items Clause: Evasion items are banned\n|rule|Evasion Moves Clause: Evasion moves are banned\n|rule|Endless Battle Clause: Forcing endless battles is banned\n|rule|HP Percentage Mod: HP is shown in percentages\n|clearpoke\n|poke|p1|Blissey, F|\n|poke|p1|Beartic, M|\n|poke|p1|Slowking, M|\n|poke|p1|Scizor, F|\n|poke|p1|Dachsbun, F|\n|poke|p1|Gengar, M|\n|poke|p2|Masquerain, F|\n|poke|p2|Torkoal, M|\n|poke|p2|Walking Wake|\n|poke|p2|Lilligant-Hisui, F|\n|poke|p2|Clodsire, M|\n|poke|p2|Ogerpon-Cornerstone, F|\n|teampreview\n|inactive|Battle timer is ON: inactive players will automatically lose when time's up. (requested by Manatsu)\n|c|\u2606SunShinyReys|Battle timer??\n|inactiveoff|Battle timer is now OFF.\n|c|\u2606Manatsu|oops\n|c|\u2606Manatsu|i have it auto on\n|c|\u2606SunShinyReys|This dood\n|c|\u2606SunShinyReys|xD\n|c|\u2606Manatsu|as i'm a random battle goblin\n|c|\u2606SunShinyReys|I thought we'd have to restart the room because of it\n|c|\u2606SunShinyReys|Live game posted\n|j| ThatGuyAltro\n|j| DivogoJota\n|\n|t:|1699398046\n|start\n|switch|p1a: Ice Bear|Beartic, M|100\/100\n|switch|p2a: Clodsire|Clodsire, M|100\/100\n|turn|1\n|\n|t:|1699398065\n|switch|p2a: Torkoal|Torkoal, M|100\/100\n|-weather|SunnyDay|[from] ability: Drought|[of] p2a: Torkoal\n|move|p1a: Ice Bear|Earthquake|p2a: Torkoal\n|-supereffective|p2a: Torkoal\n|-damage|p2a: Torkoal|43\/100\n|-damage|p1a: Ice Bear|91\/100|[from] item: Life Orb\n|\n|-weather|SunnyDay|[upkeep]\n|upkeep\n|turn|2\n|j| xegrizzy\n|c|\u2606SunShinyReys|I'm just admiring the plume on toarkoal's back\n|c| DivogoJota|It\u2019s impressive\n|c|\u2606SunShinyReys|This dood out here hard calcing\n|l| DivogoJota\n|\n|t:|1699398256\n|-terastallize|p1a: Ice Bear|Fighting\n|move|p1a: Ice Bear|Close Combat|p2a: Torkoal\n|-crit|p2a: Torkoal\n|-damage|p2a: Torkoal|0 fnt\n|-unboost|p1a: Ice Bear|def|1\n|-unboost|p1a: Ice Bear|spd|1\n|faint|p2a: Torkoal\n|-damage|p1a: Ice Bear|81\/100|[from] item: Life Orb\n|\n|-weather|SunnyDay|[upkeep]\n|upkeep\n|\n|t:|1699398284\n|switch|p2a: Masquerain|Masquerain, F|100\/100\n|-ability|p2a: Masquerain|Intimidate|boost\n|-unboost|p1a: Ice Bear|atk|1\n|turn|3\n|c| xegrizzy|Hey sometimes the timer is necessary just sayin lol\n|\n|t:|1699398307\n|move|p2a: Masquerain|Sticky Web|p1a: Ice Bear\n|-sidestart|p1: SunShinyReys|move: Sticky Web\n|move|p1a: Ice Bear|Icicle Crash|p2a: Masquerain\n|-supereffective|p2a: Masquerain\n|-enditem|p2a: Masquerain|Focus Sash\n|-damage|p2a: Masquerain|1\/100\n|-damage|p1a: Ice Bear|71\/100|[from] item: Life Orb\n|\n|-weather|SunnyDay|[upkeep]\n|upkeep\n|turn|4\n|j| DivogoJota\n|c| ThatGuyAltro|*coughcoughishancoughcough*\n|\n|t:|1699398320\n|move|p1a: Ice Bear|Aqua Jet|p2a: Masquerain\n|-damage|p2a: Masquerain|0 fnt\n|faint|p2a: Masquerain\n|-damage|p1a: Ice Bear|61\/100|[from] item: Life Orb\n|\n|-weather|SunnyDay|[upkeep]\n|upkeep\n|\n|t:|1699398375\n|switch|p2a: Lilligant|Lilligant-Hisui, F|100\/100\n|turn|5\n|\n|t:|1699398394\n|switch|p1a: Scald King|Slowking, M|100\/100\n|move|p2a: Lilligant|Solar Blade||[still]\n|-prepare|p2a: Lilligant|Solar Blade\n|-anim|p2a: Lilligant|Solar Blade|p1a: Scald King\n|-supereffective|p1a: Scald King\n|-damage|p1a: Scald King|14\/100\n|\n|-weather|SunnyDay|[upkeep]\n|upkeep\n|turn|6\n|l| xegrizzy\n|\n|t:|1699398440\n|switch|p1a: Burnt Toast|Dachsbun, F, shiny|100\/100\n|-activate|p1a: Burnt Toast|move: Sticky Web\n|-unboost|p1a: Burnt Toast|spe|1\n|move|p2a: Lilligant|Solar Blade||[still]\n|-prepare|p2a: Lilligant|Solar Blade\n|-anim|p2a: Lilligant|Solar Blade|p1a: Burnt Toast\n|-damage|p1a: Burnt Toast|57\/100\n|\n|-weather|SunnyDay|[upkeep]\n|-heal|p1a: Burnt Toast|63\/100|[from] item: Leftovers\n|upkeep\n|turn|7\n|\n|t:|1699398465\n|move|p2a: Lilligant|Victory Dance|p2a: Lilligant\n|-boost|p2a: Lilligant|atk|1\n|-boost|p2a: Lilligant|def|1\n|-boost|p2a: Lilligant|spe|1\n|move|p1a: Burnt Toast|Wish|p1a: Burnt Toast\n|\n|-weather|SunnyDay|[upkeep]\n|-heal|p1a: Burnt Toast|69\/100|[from] item: Leftovers\n|upkeep\n|turn|8\n|\n|t:|1699398515\n|move|p2a: Lilligant|Victory Dance|p2a: Lilligant\n|-boost|p2a: Lilligant|atk|1\n|-boost|p2a: Lilligant|def|1\n|-boost|p2a: Lilligant|spe|1\n|move|p1a: Burnt Toast|Play Rough|p2a: Lilligant\n|-supereffective|p2a: Lilligant\n|-damage|p2a: Lilligant|61\/100\n|\n|-weather|none\n|-heal|p1a: Burnt Toast|100\/100|[from] move: Wish|[wisher] Burnt Toast\n|-heal|p2a: Lilligant|67\/100|[from] item: Leftovers\n|upkeep\n|turn|9\n|\n|t:|1699398536\n|move|p2a: Lilligant|Victory Dance|p2a: Lilligant\n|-boost|p2a: Lilligant|atk|1\n|-boost|p2a: Lilligant|def|1\n|-boost|p2a: Lilligant|spe|1\n|move|p1a: Burnt Toast|Play Rough|p2a: Lilligant\n|-supereffective|p2a: Lilligant\n|-damage|p2a: Lilligant|33\/100\n|\n|-heal|p2a: Lilligant|39\/100|[from] item: Leftovers\n|upkeep\n|turn|10\n|l| DivogoJota\n|\n|t:|1699398679\n|move|p2a: Lilligant|Ice Spinner|p1a: Burnt Toast\n|-damage|p1a: Burnt Toast|54\/100\n|move|p1a: Burnt Toast|Play Rough|p2a: Lilligant\n|-supereffective|p2a: Lilligant\n|-damage|p2a: Lilligant|7\/100\n|-unboost|p2a: Lilligant|atk|1\n|\n|-heal|p2a: Lilligant|13\/100|[from] item: Leftovers\n|-heal|p1a: Burnt Toast|60\/100|[from] item: Leftovers\n|upkeep\n|turn|11\n|\n|t:|1699398715\n|switch|p2a: Clodsire|Clodsire, M|100\/100\n|move|p1a: Burnt Toast|Play Rough|p2a: Clodsire\n|-resisted|p2a: Clodsire\n|-damage|p2a: Clodsire|86\/100\n|-unboost|p2a: Clodsire|atk|1\n|\n|-heal|p1a: Burnt Toast|66\/100|[from] item: Leftovers\n|-heal|p2a: Clodsire|92\/100|[from] item: Leftovers\n|upkeep\n|turn|12\n|\n|t:|1699398740\n|move|p1a: Burnt Toast|Wish|p1a: Burnt Toast\n|move|p2a: Clodsire|Spikes|p1a: Burnt Toast\n|-sidestart|p1: SunShinyReys|Spikes\n|\n|-heal|p1a: Burnt Toast|72\/100|[from] item: Leftovers\n|-heal|p2a: Clodsire|99\/100|[from] item: Leftovers\n|upkeep\n|turn|13\n|j| Superison\n|\n|t:|1699398783\n|switch|p1a: Ice Bear|Beartic, M, tera:Fighting|61\/100\n|-activate|p1a: Ice Bear|move: Sticky Web\n|-unboost|p1a: Ice Bear|spe|1\n|-damage|p1a: Ice Bear|48\/100|[from] Spikes\n|switch|p2a: Lilligant|Lilligant-Hisui, F|13\/100\n|\n|-heal|p1a: Ice Bear|96\/100|[from] move: Wish|[wisher] Burnt Toast\n|-heal|p2a: Lilligant|19\/100|[from] item: Leftovers\n|upkeep\n|turn|14\n|\n|t:|1699398823\n|move|p2a: Lilligant|Close Combat|p1a: Ice Bear\n|-damage|p1a: Ice Bear|17\/100\n|-unboost|p2a: Lilligant|def|1\n|-unboost|p2a: Lilligant|spd|1\n|move|p1a: Ice Bear|Earthquake|p2a: Lilligant\n|-resisted|p2a: Lilligant\n|-damage|p2a: Lilligant|0 fnt\n|faint|p2a: Lilligant\n|-damage|p1a: Ice Bear|7\/100|[from] item: Life Orb\n|\n|upkeep\n|j| xegrizzy\n|\n|t:|1699398860\n|switch|p2a: Ogerpon|Ogerpon-Cornerstone, F|100\/100\n|turn|15\n|l| xegrizzy\n|\n|t:|1699398884\n|move|p1a: Ice Bear|Aqua Jet|p2a: Ogerpon\n|-damage|p2a: Ogerpon|75\/100\n|-damage|p1a: Ice Bear|0 fnt|[from] item: Life Orb\n|faint|p1a: Ice Bear\n|move|p2a: Ogerpon|Knock Off|p1: Ice Bear|[notarget]\n|-fail|p2a: Ogerpon\n|\n|upkeep\n|\n|t:|1699398894\n|switch|p1a: Steve|Scizor, F|100\/100\n|turn|16\n|\n|t:|1699398920\n|switch|p2a: Clodsire|Clodsire, M|99\/100\n|move|p1a: Steve|U-turn|p2a: Clodsire\n|-resisted|p2a: Clodsire\n|-damage|p2a: Clodsire|76\/100\n|\n|t:|1699398933\n|switch|p1a: Nurse Joy|Blissey, F|100\/100|[from] U-turn\n|-activate|p1a: Nurse Joy|move: Sticky Web\n|-unboost|p1a: Nurse Joy|spe|1\n|-damage|p1a: Nurse Joy|88\/100|[from] Spikes\n|\n|-heal|p1a: Nurse Joy|94\/100|[from] item: Leftovers\n|-heal|p2a: Clodsire|82\/100|[from] item: Leftovers\n|upkeep\n|turn|17\n|\n|t:|1699398956\n|move|p1a: Nurse Joy|Stealth Rock|p2a: Clodsire\n|-sidestart|p2: Manatsu|move: Stealth Rock\n|move|p2a: Clodsire|Spikes|p1a: Nurse Joy\n|-sidestart|p1: SunShinyReys|Spikes\n|\n|-heal|p1a: Nurse Joy|99\/100|[from] item: Leftovers\n|-heal|p2a: Clodsire|89\/100|[from] item: Leftovers\n|upkeep\n|turn|18\n|\n|t:|1699398970\n|switch|p1a: Scald King|Slowking, M|47\/100\n|move|p2a: Clodsire|Toxic Spikes|p1a: Scald King\n|-sidestart|p1: SunShinyReys|move: Toxic Spikes\n|\n|-heal|p2a: Clodsire|95\/100|[from] item: Leftovers\n|upkeep\n|turn|19\n|\n|t:|1699398998\n|move|p1a: Scald King|Slack Off|p1a: Scald King\n|-heal|p1a: Scald King|97\/100\n|move|p2a: Clodsire|Spikes|p1a: Scald King\n|-sidestart|p1: SunShinyReys|Spikes\n|\n|-heal|p2a: Clodsire|100\/100|[from] item: Leftovers\n|upkeep\n|turn|20\n|\n|t:|1699399026\n|move|p1a: Scald King|Chilly Reception|p1a: Scald King\n|-weather|Snow\n|\n|t:|1699399029\n|switch|p1a: Steve|Scizor, F|100\/100|[from] Chilly Reception\n|move|p2a: Clodsire|Earthquake|p1a: Steve\n|-damage|p1a: Steve|74\/100\n|\n|-weather|Snow|[upkeep]\n|upkeep\n|turn|21\n|\n|t:|1699399046\n|move|p1a: Steve|Defog|p2a: Clodsire\n|-unboost|p2a: Clodsire|evasion|1\n|-sideend|p2: Manatsu|Stealth Rock|[from] move: Defog|[of] p1a: Steve\n|-sideend|p1: SunShinyReys|Spikes|[from] move: Defog|[of] p1a: Steve\n|-sideend|p1: SunShinyReys|Toxic Spikes|[from] move: Defog|[of] p1a: Steve\n|-sideend|p1: SunShinyReys|Sticky Web|[from] move: Defog|[of] p1a: Steve\n|move|p2a: Clodsire|Recover||[still]\n|-fail|p2a: Clodsire|heal\n|\n|-weather|Snow|[upkeep]\n|upkeep\n|turn|22\n|\n|t:|1699399075\n|move|p1a: Steve|Swords Dance|p1a: Steve\n|-boost|p1a: Steve|atk|2\n|move|p2a: Clodsire|Toxic Spikes|p1a: Steve\n|-sidestart|p1: SunShinyReys|move: Toxic Spikes\n|\n|-weather|Snow|[upkeep]\n|upkeep\n|turn|23\n|\n|t:|1699399086\n|move|p1a: Steve|Swords Dance|p1a: Steve\n|-boost|p1a: Steve|atk|2\n|move|p2a: Clodsire|Earthquake|p1a: Steve\n|-damage|p1a: Steve|49\/100\n|\n|-weather|Snow|[upkeep]\n|upkeep\n|turn|24\n|\n|t:|1699399104\n|move|p1a: Steve|Bullet Punch|p2a: Clodsire\n|-damage|p2a: Clodsire|0 fnt\n|faint|p2a: Clodsire\n|\n|-weather|none\n|upkeep\n|\n|t:|1699399110\n|switch|p2a: Walking Wake|Walking Wake|100\/100\n|turn|25\n|\n|t:|1699399163\n|switch|p1a: Nurse Joy|Blissey, F|99\/100\n|-status|p1a: Nurse Joy|psn\n|move|p2a: Walking Wake|Hydro Steam|p1a: Nurse Joy\n|-damage|p1a: Nurse Joy|81\/100 psn\n|\n|-heal|p1a: Nurse Joy|87\/100 psn|[from] item: Leftovers\n|-damage|p1a: Nurse Joy|75\/100 psn|[from] psn\n|upkeep\n|turn|26\n|\n|t:|1699399175\n|-end|p2a: Walking Wake|Protosynthesis|[silent]\n|switch|p2a: Ogerpon|Ogerpon-Cornerstone, F|75\/100\n|move|p1a: Nurse Joy|Thunder Wave|p2a: Ogerpon\n|-status|p2a: Ogerpon|par\n|\n|-heal|p1a: Nurse Joy|81\/100 psn|[from] item: Leftovers\n|-damage|p1a: Nurse Joy|69\/100 psn|[from] psn\n|upkeep\n|turn|27\n|j| DivogoJota\n|\n|t:|1699399203\n|move|p2a: Ogerpon|Knock Off|p1a: Nurse Joy\n|-damage|p1a: Nurse Joy|29\/100 psn\n|-enditem|p1a: Nurse Joy|Leftovers|[from] move: Knock Off|[of] p2a: Ogerpon\n|move|p1a: Nurse Joy|Stealth Rock|p2a: Ogerpon\n|-sidestart|p2: Manatsu|move: Stealth Rock\n|\n|-damage|p1a: Nurse Joy|16\/100 psn|[from] psn\n|upkeep\n|turn|28\n|\n|t:|1699399216\n|-curestatus|p1a: Nurse Joy|psn|[from] ability: Natural Cure\n|switch|p1a: Scald King|Slowking, M|100\/100\n|move|p2a: Ogerpon|Swords Dance|p2a: Ogerpon\n|-boost|p2a: Ogerpon|atk|2\n|\n|upkeep\n|turn|29\n|\n|t:|1699399226\n|cant|p2a: Ogerpon|par\n|move|p1a: Scald King|Ice Beam|p2a: Ogerpon\n|-supereffective|p2a: Ogerpon\n|-damage|p2a: Ogerpon|23\/100 par\n|\n|upkeep\n|turn|30\n|\n|t:|1699399238\n|move|p2a: Ogerpon|Horn Leech|p1a: Scald King\n|-supereffective|p1a: Scald King\n|-damage|p1a: Scald King|0 fnt\n|-heal|p2a: Ogerpon|88\/100 par|[from] drain|[of] p1a: Scald King\n|faint|p1a: Scald King\n|\n|upkeep\n|\n|t:|1699399262\n|switch|p1a: Steve|Scizor, F|49\/100\n|turn|31\n|\n|t:|1699399287\n|move|p1a: Steve|Bullet Punch|p2a: Ogerpon\n|-supereffective|p2a: Ogerpon\n|-damage|p2a: Ogerpon|0 fnt\n|faint|p2a: Ogerpon\n|\n|upkeep\n|\n|t:|1699399294\n|switch|p2a: Walking Wake|Walking Wake|100\/100\n|-damage|p2a: Walking Wake|88\/100|[from] Stealth Rock\n|turn|32\n|\n|t:|1699399315\n|move|p1a: Steve|Bullet Punch|p2a: Walking Wake\n|-resisted|p2a: Walking Wake\n|-damage|p2a: Walking Wake|69\/100\n|move|p2a: Walking Wake|Hydro Steam|p1a: Steve\n|-damage|p1a: Steve|0 fnt\n|faint|p1a: Steve\n|\n|upkeep\n|\n|t:|1699399343\n|switch|p1a: Burnt Toast|Dachsbun, F, shiny|72\/100\n|-status|p1a: Burnt Toast|psn\n|turn|33\n|\n|t:|1699399366\n|move|p2a: Walking Wake|Hydro Steam|p1a: Burnt Toast\n|-damage|p1a: Burnt Toast|0 fnt\n|faint|p1a: Burnt Toast\n|\n|upkeep\n|\n|t:|1699399383\n|switch|p1a: Mr. Smiles|Gengar, M|100\/100\n|-sideend|p1: SunShinyReys|move: Toxic Spikes|[of] p1a: Mr. Smiles\n|turn|34\n|c|\u2606Manatsu|OKAY\n|c|\u2606Manatsu|50%\n|c|\u2606Manatsu|is rng\n|c|\u2606Manatsu|on my side\n|c|\u2606Manatsu|PLEAAAAAAASE\n|\n|t:|1699399417\n|move|p1a: Mr. Smiles|Dark Pulse|p2a: Walking Wake\n|-damage|p2a: Walking Wake|33\/100\n|move|p2a: Walking Wake|Hydro Steam|p1a: Mr. Smiles\n|-damage|p1a: Mr. Smiles|2\/100\n|\n|upkeep\n|turn|35\n|c|\u2606SunShinyReys|dang, no fling\n|c|\u2606Manatsu|noooo\n|c|\u2606Manatsu|RNG\n|c|\u2606Manatsu|not on my side\n|c| DivogoJota|What a fun roll\n|c|\u2606SunShinyReys|not fun enough\n|c|\u2606SunShinyReys|lets do it again\n|j| xegrizzy\n|c|\u2606Manatsu|gg\n|c|\u2606Manatsu|if this was modest nature\n|c|\u2606Manatsu|i win\n|c|\u2606Manatsu|LOL\n|\n|t:|1699399504\n|switch|p1a: Nurse Joy|Blissey, F|16\/100\n|move|p2a: Walking Wake|Hydro Steam|p1a: Nurse Joy\n|-damage|p1a: Nurse Joy|0 fnt\n|faint|p1a: Nurse Joy\n|\n|upkeep\n|\n|t:|1699399511\n|switch|p1a: Mr. Smiles|Gengar, M|2\/100\n|turn|36\n|c|\u2606SunShinyReys|Now you use a move o:\n|\n|t:|1699399539\n|move|p1a: Mr. Smiles|Sludge Bomb|p2a: Walking Wake\n|-damage|p2a: Walking Wake|0 fnt\n|faint|p2a: Walking Wake\n|-end|p2a: Walking Wake|Protosynthesis|[silent]\n|\n|win|SunShinyReys\n|c|\u2606Manatsu|gg\n|c|\u2606Manatsu|dammit\n|c|\u2606SunShinyReys|gg <3\n|c|\u2606Manatsu|if i just\n|l| xegrizzy\n|c|\u2606Manatsu|made it modest nature\n|c|\u2606Manatsu|i win\n|c|\u2606SunShinyReys|I was scarfed\n|c|\u2606Manatsu|LOLOLOL\n|c| DivogoJota|The 2%\n|c|\u2606Manatsu|for the first calc\n|c|\u2606Manatsu|modest nature walking wake\n|c|\u2606Manatsu|OHKO the gengar\n|c|\u2606SunShinyReys|You're not faster than 525 are you?\n|c| DivogoJota|The speed doesn\u2019t matter Rey\n|l| Superison\n|c|\u2606Manatsu|that's not the point\n|c|\u2606SunShinyReys|Oh, modest is more damage\n|c|\u2606Manatsu|yeah\n|c|\u2606Manatsu|exactly\n|c|\u2606Manatsu|i went timid\n|c|\u2606SunShinyReys|yeah, that'd have been it for me\n|c|\u2606Manatsu|but realized I should have done modest\n|c| DivogoJota|Very compelling contest\n|c|\u2606SunShinyReys|I knew your team outsped most of mine so I kept some priority moves\n|c|\u2606Manatsu|i was very surprised\n|c|\u2606Manatsu|about the defog scizor\n|c|\u2606Manatsu|didn't know it was a thing\n|c| ThatGuyAltro|i was surprised by aqua jet beartic\n|c|\u2606SunShinyReys|tbh, it was only a thing in one match I had other than this one\n|c|\u2606SunShinyReys|this is just the one where it mattered\n|c| ThatGuyAltro|why tf does beartic get aqua jet\n|c|\u2606SunShinyReys|Ye, jet on Ice Bear for chip before it dies.\n|c| DivogoJota|Beartic is a swift swimmer uno\n|c|\u2606Manatsu|oh really\n|c|\u2606Manatsu|i looked at replays and didn't see you use defog\n|c|\u2606Manatsu|maybe i overlooked it\n|c|\u2606SunShinyReys|Nah, he's a slush rusher, but I knew I had to scare your opener by threatening an ohko\n|c| DivogoJota|I don\u2019t know if Rey clicked it on the time it was brought before\n|c|\u2606SunShinyReys|I clicked defog like... 2 times ever\n|c| DivogoJota|Big Bear has both swift swim and slush rush\n|c|\u2606SunShinyReys|But THIS time it mattered\n|c| DivogoJota|so it makes sense to me it gets jet\n|c|\u2606SunShinyReys|Oh it does??? wtf\n|c| DivogoJota|ye\n|c| DivogoJota|it\u2019s a great tera captain for weather\n|c|\u2606Manatsu|yeah\n|c|\u2606Manatsu|i knew it was over\n|c|\u2606Manatsu|when I didn't prio keeping torkoal alive\n|c|\u2606Manatsu|to set sun up one more time\n|c|\u2606Manatsu|i completely forgot solar blade needed the sun to not charge\n|c|\u2606Manatsu|and kinda ruined the calc on dachsbun\n|c| DivogoJota|If you ran Leaf Blade instead\n|c| DivogoJota|was gg\n|c|\u2606SunShinyReys|When I saw the solar blade I knew I needed to outstall the sun\n|c| DivogoJota|ye\n|c| DivogoJota|rey played to the out\n|c|\u2606Manatsu|you'll see in my video replay\n|c|\u2606Manatsu|i made some miscalcs\n|c| DivogoJota|Unfortunate\n|l| ThatGuyAltro\n|c|\u2606Manatsu|i completely forgot to reset the stats for lilligant\n|c|\u2606Manatsu|i thought i had the kill\n|c|\u2606Manatsu|did wayyy elss damage than I thought\n|c| DivogoJota|Oh noooo\n|c| DivogoJota|well at least you were aware the stats reset on switch out\n|c| DivogoJota|OH\n|c| DivogoJota|WOW\n|c| DivogoJota|just realized\n|c| DivogoJota|if you clicked regular spike instead of toxic spike on that last one post-defog\n|c|\u2606Manatsu|omfg\n|c| DivogoJota|then Gengar wouldve not lived\n|c|\u2606Manatsu|stop\n|c|\u2606Manatsu|sadday\n|c|\u2606Manatsu|that would have been hilarious\n|l|\u2606Manatsu\n|c|\u2606SunShinyReys|gengar gets his by spikes even tho its a normal move?\n|c|\u2606SunShinyReys|hot8\n|c|\u2606SunShinyReys|hit*\n|c| DivogoJota|Ground move\n|c| DivogoJota|and yes\n|c|\u2606SunShinyReys|Ooooooh, well damn\n|l|\u2606SunShinyReys\n|c| DivogoJota|Such a cool battle\n","uploadtime":1699399733,"views":72,"p1id":"sunshinyreys","p2id":"manatsu","formatid":"gen9ubers","rating":0,"private":0,"password":""}