{"id":"gen9ubers-1986765476","p1":"Autismo27","p2":"Juan.huissi","format":"[Gen 9] Ubers","log":"|j|\u2606Autismo27\n|j|\u2606Juan.huissi\n|t:|1699521696\n|gametype|singles\n|player|p1|Autismo27|benga|1084\n|player|p2|Juan.huissi|lucas|1049\n|teamsize|p1|6\n|teamsize|p2|6\n|gen|9\n|tier|[Gen 9] Ubers\n|rated|\n|rule|Sleep Clause Mod: Limit one foe put to sleep\n|rule|Species Clause: Limit one of each Pok\u00e9mon\n|rule|OHKO Clause: OHKO moves are banned\n|rule|Evasion Items Clause: Evasion items are banned\n|rule|Evasion Moves Clause: Evasion moves are banned\n|rule|Endless Battle Clause: Forcing endless battles is banned\n|rule|HP Percentage Mod: HP is shown in percentages\n|clearpoke\n|poke|p1|Tyranitar, M|\n|poke|p1|Kommo-o, F|\n|poke|p1|Lycanroc, F|\n|poke|p1|Ogerpon-Hearthflame, F|\n|poke|p1|Kingambit, M|\n|poke|p1|Baxcalibur, M|\n|poke|p2|Staraptor, F|\n|poke|p2|Hydreigon, M|\n|poke|p2|Gholdengo|\n|poke|p2|Grimmsnarl, M|\n|poke|p2|Garganacl, F|\n|poke|p2|Amoonguss, F|\n|teampreview\n|\n|t:|1699521704\n|start\n|switch|p1a: Tyranitar|Tyranitar, M|100\/100\n|switch|p2a: Grimmsnarl|Grimmsnarl, M|100\/100\n|-weather|Sandstorm|[from] ability: Sand Stream|[of] p1a: Tyranitar\n|turn|1\n|\n|t:|1699521717\n|move|p2a: Grimmsnarl|Reflect|p2a: Grimmsnarl\n|-sidestart|p2: Juan.huissi|Reflect\n|move|p1a: Tyranitar|Knock Off|p2a: Grimmsnarl\n|-resisted|p2a: Grimmsnarl\n|-damage|p2a: Grimmsnarl|91\/100\n|-enditem|p2a: Grimmsnarl|Light Clay|[from] move: Knock Off|[of] p1a: Tyranitar\n|\n|-weather|Sandstorm|[upkeep]\n|-damage|p2a: Grimmsnarl|85\/100|[from] Sandstorm\n|upkeep\n|turn|2\n|\n|t:|1699521727\n|move|p2a: Grimmsnarl|Spirit Break|p1a: Tyranitar\n|-supereffective|p1a: Tyranitar\n|-damage|p1a: Tyranitar|54\/100\n|-unboost|p1a: Tyranitar|spa|1\n|move|p1a: Tyranitar|Stealth Rock|p2a: Grimmsnarl\n|-sidestart|p2: Juan.huissi|move: Stealth Rock\n|\n|-weather|Sandstorm|[upkeep]\n|-damage|p2a: Grimmsnarl|79\/100|[from] Sandstorm\n|upkeep\n|turn|3\n|\n|t:|1699521738\n|move|p2a: Grimmsnarl|Spirit Break|p1a: Tyranitar\n|-supereffective|p1a: Tyranitar\n|-damage|p1a: Tyranitar|4\/100\n|-unboost|p1a: Tyranitar|spa|1\n|-enditem|p1a: Tyranitar|Aguav Berry|[eat]\n|-heal|p1a: Tyranitar|38\/100|[from] item: Aguav Berry\n|move|p1a: Tyranitar|High Horsepower|p2a: Grimmsnarl\n|-damage|p2a: Grimmsnarl|55\/100\n|\n|-weather|Sandstorm|[upkeep]\n|-damage|p2a: Grimmsnarl|49\/100|[from] Sandstorm\n|upkeep\n|turn|4\n|\n|t:|1699521752\n|move|p2a: Grimmsnarl|Spirit Break|p1a: Tyranitar\n|-supereffective|p1a: Tyranitar\n|-damage|p1a: Tyranitar|0 fnt\n|faint|p1a: Tyranitar\n|\n|-weather|Sandstorm|[upkeep]\n|-damage|p2a: Grimmsnarl|43\/100|[from] Sandstorm\n|upkeep\n|\n|t:|1699521761\n|switch|p1a: Lycanroc|Lycanroc, F|100\/100\n|turn|5\n|\n|t:|1699521768\n|move|p2a: Grimmsnarl|Thunder Wave|p1a: Lycanroc\n|-status|p1a: Lycanroc|par\n|move|p1a: Lycanroc|Rock Blast|p2a: Grimmsnarl\n|-damage|p2a: Grimmsnarl|35\/100\n|-damage|p2a: Grimmsnarl|28\/100\n|-damage|p2a: Grimmsnarl|20\/100\n|-crit|p2a: Grimmsnarl\n|-damage|p2a: Grimmsnarl|0 fnt\n|faint|p2a: Grimmsnarl\n|-hitcount|p2: Grimmsnarl|4\n|\n|-weather|none\n|upkeep\n|\n|t:|1699521782\n|switch|p2a: Gholdengo|Gholdengo|100\/100\n|-damage|p2a: Gholdengo|94\/100|[from] Stealth Rock\n|turn|6\n|\n|t:|1699521788\n|move|p2a: Gholdengo|Nasty Plot|p2a: Gholdengo\n|-boost|p2a: Gholdengo|spa|2\n|move|p1a: Lycanroc|Crunch|p2a: Gholdengo\n|-supereffective|p2a: Gholdengo\n|-crit|p2a: Gholdengo\n|-damage|p2a: Gholdengo|0 fnt\n|faint|p2a: Gholdengo\n|\n|upkeep\n|\n|t:|1699521798\n|switch|p2a: Amoonguss|Amoonguss, F|100\/100\n|-damage|p2a: Amoonguss|88\/100|[from] Stealth Rock\n|turn|7\n|\n|t:|1699521808\n|cant|p1a: Lycanroc|par\n|move|p2a: Amoonguss|Giga Drain|p1a: Lycanroc\n|-supereffective|p1a: Lycanroc\n|-damage|p1a: Lycanroc|21\/100 par\n|-heal|p2a: Amoonguss|100\/100|[from] drain|[of] p1a: Lycanroc\n|\n|upkeep\n|turn|8\n|\n|t:|1699521819\n|cant|p1a: Lycanroc|par\n|move|p2a: Amoonguss|Giga Drain|p1a: Lycanroc\n|-supereffective|p1a: Lycanroc\n|-damage|p1a: Lycanroc|0 fnt\n|faint|p1a: Lycanroc\n|\n|-sideend|p2: Juan.huissi|Reflect\n|upkeep\n|\n|t:|1699521828\n|switch|p1a: Ogerpon|Ogerpon-Hearthflame, F|100\/100\n|-ability|p1a: Ogerpon|Mold Breaker\n|turn|9\n|\n|t:|1699521845\n|-terastallize|p1a: Ogerpon|Fire\n|detailschange|p1a: Ogerpon|Ogerpon-Hearthflame-Tera, F, tera:Fire\n|-ability|p1a: Ogerpon|Embody Aspect (Hearthflame)|boost\n|-boost|p1a: Ogerpon|atk|1\n|-terastallize|p2a: Amoonguss|Ground\n|move|p1a: Ogerpon|Ivy Cudgel|p2a: Amoonguss\n|-damage|p2a: Amoonguss|10\/100\n|move|p2a: Amoonguss|Giga Drain|p1a: Ogerpon\n|-resisted|p1a: Ogerpon\n|-damage|p1a: Ogerpon|88\/100\n|-heal|p2a: Amoonguss|15\/100|[from] drain|[of] p1a: Ogerpon\n|\n|-damage|p2a: Amoonguss|2\/100|[from] item: Black Sludge\n|upkeep\n|turn|10\n|\n|t:|1699521863\n|move|p1a: Ogerpon|Trailblaze|p2a: Amoonguss\n|-supereffective|p2a: Amoonguss\n|-damage|p2a: Amoonguss|0 fnt\n|-boost|p1a: Ogerpon|spe|1\n|faint|p2a: Amoonguss\n|\n|upkeep\n|\n|t:|1699521871\n|switch|p2a: Staraptor|Staraptor, F|100\/100\n|-damage|p2a: Staraptor|76\/100|[from] Stealth Rock\n|-ability|p2a: Staraptor|Intimidate|boost\n|-unboost|p1a: Ogerpon|atk|1\n|turn|11\n|\n|t:|1699521883\n|move|p1a: Ogerpon|Ivy Cudgel|p2a: Staraptor\n|-damage|p2a: Staraptor|0 fnt\n|faint|p2a: Staraptor\n|\n|upkeep\n|\n|t:|1699521888\n|switch|p2a: Garganacl|Garganacl, F|100\/100\n|-damage|p2a: Garganacl|88\/100|[from] Stealth Rock\n|turn|12\n|\n|t:|1699521893\n|move|p1a: Ogerpon|Wood Hammer|p2a: Garganacl\n|-supereffective|p2a: Garganacl\n|-damage|p2a: Garganacl|10\/100\n|-damage|p1a: Ogerpon|53\/100|[from] Recoil\n|move|p2a: Garganacl|Salt Cure|p1a: Ogerpon\n|-supereffective|p1a: Ogerpon\n|-damage|p1a: Ogerpon|15\/100\n|-start|p1a: Ogerpon|Salt Cure\n|\n|-heal|p2a: Garganacl|17\/100|[from] item: Leftovers\n|-damage|p1a: Ogerpon|3\/100|[from] Salt Cure\n|upkeep\n|turn|13\n|\n|t:|1699521907\n|move|p1a: Ogerpon|Trailblaze|p2a: Garganacl\n|-supereffective|p2a: Garganacl\n|-damage|p2a: Garganacl|0 fnt\n|-boost|p1a: Ogerpon|spe|1\n|faint|p2a: Garganacl\n|\n|-damage|p1a: Ogerpon|0 fnt|[from] Salt Cure\n|faint|p1a: Ogerpon\n|upkeep\n|\n|t:|1699521917\n|switch|p1a: Kommo-o|Kommo-o, F|100\/100\n|switch|p2a: Hydreigon|Hydreigon, M|100\/100\n|-damage|p2a: Hydreigon|88\/100|[from] Stealth Rock\n|turn|14\n|\n|t:|1699521931\n|move|p2a: Hydreigon|Dragon Pulse|p1a: Kommo-o\n|-supereffective|p1a: Kommo-o\n|-damage|p1a: Kommo-o|19\/100\n|move|p1a: Kommo-o|Body Press|p2a: Hydreigon\n|-supereffective|p2a: Hydreigon\n|-damage|p2a: Hydreigon|0 fnt\n|faint|p2a: Hydreigon\n|\n|win|Autismo27\n|raw|Autismo27's rating: 1084 &rarr; <strong>1109<\/strong><br \/>(+25 for winning)\n|raw|Juan.huissi's rating: 1049 &rarr; <strong>1033<\/strong><br \/>(-16 for losing)\n|l|\u2606Juan.huissi\n","uploadtime":1699521943,"views":19,"p1id":"autismo27","p2id":"juanhuissi","formatid":"gen9ubers","rating":1033,"private":0,"password":""}