{"id":"gen9ubers-2000016542","p1":"LITLE0","p2":"Dragonfriz9","format":"[Gen 9] Ubers","log":"|j|\u2606LITLE0\n|j|\u2606Dragonfriz9\n|t:|1701141581\n|gametype|singles\n|player|p1|LITLE0|brock|1112\n|player|p2|Dragonfriz9|ghetsis|1000\n|teamsize|p1|6\n|teamsize|p2|6\n|gen|9\n|tier|[Gen 9] Ubers\n|rated|\n|rule|Sleep Clause Mod: Limit one foe put to sleep\n|rule|Species Clause: Limit one of each Pok\u00e9mon\n|rule|OHKO Clause: OHKO moves are banned\n|rule|Evasion Items Clause: Evasion items are banned\n|rule|Evasion Moves Clause: Evasion moves are banned\n|rule|Endless Battle Clause: Forcing endless battles is banned\n|rule|HP Percentage Mod: HP is shown in percentages\n|clearpoke\n|poke|p1|Baxcalibur, M|\n|poke|p1|Corviknight, M|\n|poke|p1|Clodsire, M|\n|poke|p1|Ninetales-Alola, F|\n|poke|p1|Palafin, F|\n|poke|p1|Sinistcha|\n|poke|p2|Zacian-*|\n|poke|p2|Mewtwo|\n|poke|p2|Fezandipiti, M|\n|poke|p2|Rayquaza|\n|poke|p2|Miraidon|\n|poke|p2|Eternatus|\n|teampreview\n|inactive|Battle timer is ON: inactive players will automatically lose when time's up. (requested by Dragonfriz9)\n|c|\u2606Dragonfriz9|hi\n|c|\u2606Dragonfriz9|glhf\n|\n|t:|1701141589\n|start\n|switch|p1a: Palafin|Palafin, F|100\/100\n|switch|p2a: Fezandipiti|Fezandipiti, M|100\/100\n|turn|1\n|c|\u2606LITLE0|hey\n|c|\u2606LITLE0|y2\n|\n|t:|1701141599\n|detailschange|p1a: Palafin|Palafin-Hero, F\n|switch|p1a: Sinistcha|Sinistcha|100\/100\n|move|p2a: Fezandipiti|Swords Dance|p2a: Fezandipiti\n|-boost|p2a: Fezandipiti|atk|2\n|\n|upkeep\n|turn|2\n|\n|t:|1701141609\n|move|p1a: Sinistcha|Scald|p2a: Fezandipiti\n|-damage|p2a: Fezandipiti|78\/100\n|-status|p2a: Fezandipiti|brn\n|move|p2a: Fezandipiti|Beat Up|p1a: Sinistcha\n|-supereffective|p1a: Sinistcha\n|-damage|p1a: Sinistcha|92\/100\n|-supereffective|p1a: Sinistcha\n|-damage|p1a: Sinistcha|83\/100\n|-supereffective|p1a: Sinistcha\n|-damage|p1a: Sinistcha|70\/100\n|-supereffective|p1a: Sinistcha\n|-damage|p1a: Sinistcha|59\/100\n|-supereffective|p1a: Sinistcha\n|-damage|p1a: Sinistcha|51\/100\n|-supereffective|p1a: Sinistcha\n|-crit|p1a: Sinistcha\n|-damage|p1a: Sinistcha|40\/100\n|-hitcount|p1a: Sinistcha|6\n|\n|-damage|p2a: Fezandipiti|72\/100 brn|[from] brn\n|upkeep\n|turn|3\n|\n|t:|1701141619\n|move|p1a: Sinistcha|Strength Sap|p2a: Fezandipiti\n|-unboost|p2a: Fezandipiti|atk|1\n|-heal|p1a: Sinistcha|100\/100\n|move|p2a: Fezandipiti|Swords Dance|p2a: Fezandipiti\n|-boost|p2a: Fezandipiti|atk|2\n|\n|-damage|p2a: Fezandipiti|66\/100 brn|[from] brn\n|upkeep\n|turn|4\n|\n|t:|1701141630\n|move|p1a: Sinistcha|Hex|p2a: Fezandipiti\n|-damage|p2a: Fezandipiti|14\/100 brn\n|-enditem|p2a: Fezandipiti|Aguav Berry|[eat]\n|-heal|p2a: Fezandipiti|48\/100 brn|[from] item: Aguav Berry\n|move|p2a: Fezandipiti|Dual Wingbeat|p1a: Sinistcha\n|-supereffective|p1a: Sinistcha\n|-damage|p1a: Sinistcha|74\/100\n|-supereffective|p1a: Sinistcha\n|-damage|p1a: Sinistcha|45\/100\n|-hitcount|p1a: Sinistcha|2\n|\n|-damage|p2a: Fezandipiti|42\/100 brn|[from] brn\n|upkeep\n|turn|5\n|\n|t:|1701141642\n|move|p1a: Sinistcha|Strength Sap|p2a: Fezandipiti\n|-unboost|p2a: Fezandipiti|atk|1\n|-heal|p1a: Sinistcha|100\/100\n|move|p2a: Fezandipiti|Roost|p2a: Fezandipiti\n|-heal|p2a: Fezandipiti|92\/100 brn\n|-singleturn|p2a: Fezandipiti|move: Roost\n|\n|-damage|p2a: Fezandipiti|86\/100 brn|[from] brn\n|upkeep\n|turn|6\n|\n|t:|1701141654\n|switch|p2a: Eternatus|Eternatus|100\/100\n|-ability|p2a: Eternatus|Pressure\n|move|p1a: Sinistcha|Hex|p2a: Eternatus\n|-damage|p2a: Eternatus|78\/100\n|\n|-heal|p2a: Eternatus|84\/100|[from] item: Leftovers\n|upkeep\n|turn|7\n|\n|t:|1701141662\n|switch|p1a: Clodsire|Clodsire, M|100\/100\n|move|p2a: Eternatus|Sludge Bomb|p1a: Clodsire\n|-resisted|p1a: Clodsire\n|-damage|p1a: Clodsire|95\/100\n|\n|-heal|p2a: Eternatus|90\/100|[from] item: Leftovers\n|-heal|p1a: Clodsire|100\/100|[from] item: Leftovers\n|upkeep\n|turn|8\n|\n|t:|1701141672\n|switch|p2a: Fezandipiti|Fezandipiti, M|86\/100 brn\n|move|p1a: Clodsire|Earthquake|p2a: Fezandipiti\n|-supereffective|p2a: Fezandipiti\n|-damage|p2a: Fezandipiti|26\/100 brn\n|\n|-damage|p2a: Fezandipiti|19\/100 brn|[from] brn\n|upkeep\n|turn|9\n|\n|t:|1701141689\n|move|p2a: Fezandipiti|Beat Up|p1a: Clodsire\n|-damage|p1a: Clodsire|98\/100\n|-damage|p1a: Clodsire|96\/100\n|-damage|p1a: Clodsire|93\/100\n|-damage|p1a: Clodsire|91\/100\n|-damage|p1a: Clodsire|89\/100\n|-damage|p1a: Clodsire|87\/100\n|-hitcount|p1a: Clodsire|6\n|move|p1a: Clodsire|Earthquake|p2a: Fezandipiti\n|-supereffective|p2a: Fezandipiti\n|-damage|p2a: Fezandipiti|0 fnt\n|faint|p2a: Fezandipiti\n|\n|-heal|p1a: Clodsire|93\/100|[from] item: Leftovers\n|upkeep\n|c|\u2606Dragonfriz9|oof\n|\n|t:|1701141699\n|switch|p2a: Mewtwo|Mewtwo|100\/100\n|-ability|p2a: Mewtwo|Pressure\n|turn|10\n|\n|t:|1701141705\n|switch|p1a: Corviknight|Corviknight, M|100\/100\n|move|p2a: Mewtwo|Knock Off|p1a: Corviknight\n|-damage|p1a: Corviknight|85\/100\n|-enditem|p1a: Corviknight|Leftovers|[from] move: Knock Off|[of] p2a: Mewtwo\n|\n|upkeep\n|turn|11\n|\n|t:|1701141715\n|move|p2a: Mewtwo|Future Sight|p1a: Corviknight\n|-start|p2a: Mewtwo|move: Future Sight\n|move|p1a: Corviknight|U-turn|p2a: Mewtwo\n|-supereffective|p2a: Mewtwo\n|-damage|p2a: Mewtwo|75\/100\n|\n|t:|1701141720\n|switch|p1a: Sinistcha|Sinistcha|100\/100|[from] U-turn\n|\n|-heal|p2a: Mewtwo|81\/100|[from] item: Leftovers\n|upkeep\n|turn|12\n|\n|t:|1701141726\n|move|p2a: Mewtwo|Knock Off|p1a: Sinistcha\n|-supereffective|p1a: Sinistcha\n|-damage|p1a: Sinistcha|33\/100\n|-enditem|p1a: Sinistcha|Covert Cloak|[from] move: Knock Off|[of] p2a: Mewtwo\n|move|p1a: Sinistcha|Matcha Gotcha|p2a: Mewtwo\n|-damage|p2a: Mewtwo|46\/100\n|-heal|p1a: Sinistcha|56\/100|[from] drain|[of] p2a: Mewtwo\n|\n|-heal|p2a: Mewtwo|52\/100|[from] item: Leftovers\n|upkeep\n|turn|13\n|\n|t:|1701141737\n|switch|p1a: Corviknight|Corviknight, M|85\/100\n|move|p2a: Mewtwo|Knock Off|p1a: Corviknight\n|-damage|p1a: Corviknight|73\/100\n|\n|-end|p1a: Corviknight|move: Future Sight\n|-resisted|p1a: Corviknight\n|-damage|p1a: Corviknight|45\/100\n|-heal|p2a: Mewtwo|58\/100|[from] item: Leftovers\n|upkeep\n|turn|14\n|\n|t:|1701141747\n|move|p2a: Mewtwo|Thunder Wave|p1a: Corviknight\n|-status|p1a: Corviknight|par\n|cant|p1a: Corviknight|par\n|\n|-heal|p2a: Mewtwo|65\/100|[from] item: Leftovers\n|upkeep\n|turn|15\n|\n|t:|1701141757\n|move|p2a: Mewtwo|Future Sight|p1a: Corviknight\n|-start|p2a: Mewtwo|move: Future Sight\n|move|p1a: Corviknight|Roost|p1a: Corviknight\n|-heal|p1a: Corviknight|95\/100 par\n|-singleturn|p1a: Corviknight|move: Roost\n|\n|-heal|p2a: Mewtwo|71\/100|[from] item: Leftovers\n|upkeep\n|turn|16\n|\n|t:|1701141766\n|switch|p2a: Eternatus|Eternatus|90\/100\n|-ability|p2a: Eternatus|Pressure\n|move|p1a: Corviknight|U-turn|p2a: Eternatus\n|-resisted|p2a: Eternatus\n|-damage|p2a: Eternatus|83\/100\n|\n|t:|1701141772\n|switch|p1a: Clodsire|Clodsire, M|93\/100|[from] U-turn\n|\n|-heal|p2a: Eternatus|90\/100|[from] item: Leftovers\n|-heal|p1a: Clodsire|99\/100|[from] item: Leftovers\n|upkeep\n|turn|17\n|\n|t:|1701141780\n|move|p2a: Eternatus|Dynamax Cannon|p1a: Clodsire\n|-damage|p1a: Clodsire|74\/100\n|move|p1a: Clodsire|Earthquake|p2a: Eternatus\n|-supereffective|p2a: Eternatus\n|-damage|p2a: Eternatus|40\/100\n|\n|-end|p1a: Clodsire|move: Future Sight\n|-supereffective|p1a: Clodsire\n|-damage|p1a: Clodsire|4\/100\n|-heal|p2a: Eternatus|46\/100|[from] item: Leftovers\n|-heal|p1a: Clodsire|10\/100|[from] item: Leftovers\n|upkeep\n|turn|18\n|\n|t:|1701141796\n|switch|p1a: Ninetales|Ninetales-Alola, F|100\/100\n|-weather|Snow|[from] ability: Snow Warning|[of] p1a: Ninetales\n|move|p2a: Eternatus|Dynamax Cannon|p1a: Ninetales\n|-immune|p1a: Ninetales\n|\n|-weather|Snow|[upkeep]\n|-heal|p2a: Eternatus|52\/100|[from] item: Leftovers\n|upkeep\n|turn|19\n|\n|t:|1701141808\n|switch|p2a: Mewtwo|Mewtwo|71\/100\n|-ability|p2a: Mewtwo|Pressure\n|move|p1a: Ninetales|Blizzard|p2a: Mewtwo\n|-damage|p2a: Mewtwo|37\/100\n|-status|p2a: Mewtwo|frz\n|\n|-weather|Snow|[upkeep]\n|-heal|p2a: Mewtwo|43\/100 frz|[from] item: Leftovers\n|upkeep\n|turn|20\n|\n|t:|1701141821\n|move|p1a: Ninetales|Aurora Veil|p1a: Ninetales\n|-sidestart|p1: LITLE0|move: Aurora Veil\n|-curestatus|p2a: Mewtwo|frz|[msg]\n|move|p2a: Mewtwo|Thunder Wave|p1a: Ninetales\n|-status|p1a: Ninetales|par\n|\n|-weather|Snow|[upkeep]\n|-heal|p2a: Mewtwo|49\/100|[from] item: Leftovers\n|upkeep\n|turn|21\n|\n|t:|1701141836\n|switch|p1a: Baxcalibur|Baxcalibur, M|100\/100\n|move|p2a: Mewtwo|Future Sight|p1a: Baxcalibur\n|-start|p2a: Mewtwo|move: Future Sight\n|\n|-weather|Snow|[upkeep]\n|-heal|p2a: Mewtwo|56\/100|[from] item: Leftovers\n|upkeep\n|turn|22\n|c|\u2606Dragonfriz9|dragon\n|\n|t:|1701141853\n|-terastallize|p1a: Baxcalibur|Ground\n|move|p1a: Baxcalibur|Scale Shot|p2a: Mewtwo\n|-crit|p2a: Mewtwo\n|-damage|p2a: Mewtwo|39\/100\n|-damage|p2a: Mewtwo|27\/100\n|-damage|p2a: Mewtwo|15\/100\n|-damage|p2a: Mewtwo|2\/100\n|-damage|p2a: Mewtwo|0 fnt\n|faint|p2a: Mewtwo\n|-hitcount|p2: Mewtwo|5\n|-unboost|p1a: Baxcalibur|def|1\n|-boost|p1a: Baxcalibur|spe|1\n|\n|-weather|none\n|upkeep\n|c|\u2606LITLE0|Ground\n|\n|t:|1701141868\n|switch|p2a: Zacian|Zacian-Crowned, shiny|100\/100\n|-ability|p2a: Zacian|Intrepid Sword|boost\n|-boost|p2a: Zacian|atk|1\n|turn|23\n|\n|t:|1701141874\n|move|p1a: Baxcalibur|Earthquake|p2a: Zacian\n|-supereffective|p2a: Zacian\n|-damage|p2a: Zacian|11\/100\n|move|p2a: Zacian|Behemoth Blade|p1a: Baxcalibur\n|-damage|p1a: Baxcalibur|49\/100\n|\n|-end|p1a: Baxcalibur|move: Future Sight\n|-damage|p1a: Baxcalibur|20\/100\n|upkeep\n|turn|24\n|\n|t:|1701141885\n|move|p1a: Baxcalibur|Earthquake|p2a: Zacian\n|-supereffective|p2a: Zacian\n|-damage|p2a: Zacian|0 fnt\n|faint|p2a: Zacian\n|\n|upkeep\n|\n|t:|1701141890\n|switch|p2a: Rayquaza|Rayquaza, shiny|100\/100\n|-ability|p2a: Rayquaza|Air Lock\n|turn|25\n|\n|t:|1701141895\n|move|p1a: Baxcalibur|Icicle Spear|p2a: Rayquaza\n|-supereffective|p2a: Rayquaza\n|-damage|p2a: Rayquaza|48\/100\n|-supereffective|p2a: Rayquaza\n|-damage|p2a: Rayquaza|0 fnt\n|faint|p2a: Rayquaza\n|-hitcount|p2: Rayquaza|2\n|\n|upkeep\n|\n|t:|1701141900\n|switch|p2a: Eternatus|Eternatus|52\/100\n|-ability|p2a: Eternatus|Pressure\n|turn|26\n|\n|t:|1701141907\n|move|p1a: Baxcalibur|Scale Shot|p2a: Eternatus\n|-supereffective|p2a: Eternatus\n|-damage|p2a: Eternatus|26\/100\n|-supereffective|p2a: Eternatus\n|-damage|p2a: Eternatus|3\/100\n|-supereffective|p2a: Eternatus\n|-damage|p2a: Eternatus|0 fnt\n|faint|p2a: Eternatus\n|-hitcount|p2: Eternatus|3\n|-unboost|p1a: Baxcalibur|def|1\n|-boost|p1a: Baxcalibur|spe|1\n|\n|upkeep\n|\n|t:|1701141916\n|switch|p2a: Miraidon|Miraidon|100\/100\n|-fieldstart|move: Electric Terrain|[from] ability: Hadron Engine|[of] p2a: Miraidon\n|turn|27\n|\n|t:|1701141922\n|-terastallize|p2a: Miraidon|Electric\n|move|p1a: Baxcalibur|Earthquake|p2a: Miraidon\n|-supereffective|p2a: Miraidon\n|-damage|p2a: Miraidon|3\/100\n|-enditem|p2a: Miraidon|Aguav Berry|[eat]\n|-heal|p2a: Miraidon|36\/100|[from] item: Aguav Berry\n|move|p2a: Miraidon|Crunch|p1a: Baxcalibur\n|-damage|p1a: Baxcalibur|2\/100\n|\n|-sideend|p1: LITLE0|move: Aurora Veil\n|upkeep\n|turn|28\n|\n|t:|1701141934\n|move|p1a: Baxcalibur|Earthquake|p2a: Miraidon\n|-supereffective|p2a: Miraidon\n|-damage|p2a: Miraidon|0 fnt\n|faint|p2a: Miraidon\n|\n|win|LITLE0\n|raw|LITLE0's rating: 1112 &rarr; <strong>1129<\/strong><br \/>(+17 for winning)\n|raw|Dragonfriz9's rating: 1000 &rarr; <strong>1000<\/strong><br \/>(+0 for losing)\n|c|\u2606LITLE0|gg\n|c|\u2606Dragonfriz9|welp gg\n","uploadtime":1701141938,"views":2,"p1id":"litle0","p2id":"dragonfriz9","formatid":"gen9ubers","rating":1000,"private":0,"password":""}