{"id":"gen9ubers-1968370674","p1":"ilikeeatingcrayons","p2":"Finchely","format":"[Gen 9] Ubers","log":"|j|\u2606ilikeeatingcrayons\n|j|\u2606Finchely\n|t:|1697411154\n|gametype|singles\n|player|p1|ilikeeatingcrayons|youngster-gen4dp|\n|player|p2|Finchely|acetrainerf|\n|teamsize|p1|6\n|teamsize|p2|6\n|gen|9\n|tier|[Gen 9] Ubers\n|rule|Sleep Clause Mod: Limit one foe put to sleep\n|rule|Species Clause: Limit one of each Pok\u00e9mon\n|rule|OHKO Clause: OHKO moves are banned\n|rule|Evasion Items Clause: Evasion items are banned\n|rule|Evasion Moves Clause: Evasion moves are banned\n|rule|Endless Battle Clause: Forcing endless battles is banned\n|rule|HP Percentage Mod: HP is shown in percentages\n|clearpoke\n|poke|p1|Landorus, M|\n|poke|p1|Shaymin-Sky|\n|poke|p1|Magearna|\n|poke|p1|Arceus-Fire|\n|poke|p1|Zacian-*|\n|poke|p1|Cyclizar, M|\n|poke|p2|Masquerain, F|\n|poke|p2|Gholdengo|\n|poke|p2|Palafin, M|\n|poke|p2|Chi-Yu|\n|poke|p2|Palkia-Origin|\n|poke|p2|Arceus-Ice|\n|teampreview\n|inactive|Battle timer is ON: inactive players will automatically lose when time's up. (requested by ilikeeatingcrayons)\n|c|\u2606Finchely|glhf!\n|c|\u2606ilikeeatingcrayons|u2!\n|\n|t:|1697411167\n|start\n|switch|p1a: Shaymin|Shaymin-Sky|100\/100\n|switch|p2a: Palafin|Palafin, M|100\/100\n|turn|1\n|\n|t:|1697411193\n|detailschange|p2a: Palafin|Palafin-Hero, M\n|switch|p2a: Palkia|Palkia-Origin|100\/100\n|-ability|p2a: Palkia|Pressure\n|move|p1a: Shaymin|Substitute|p1a: Shaymin\n|-start|p1a: Shaymin|Substitute\n|-damage|p1a: Shaymin|76\/100\n|\n|upkeep\n|turn|2\n|\n|t:|1697411198\n|move|p1a: Shaymin|Seed Flare|p2a: Palkia\n|-damage|p2a: Palkia|36\/100\n|-unboost|p2a: Palkia|spd|2\n|-damage|p1a: Shaymin|66\/100|[from] item: Life Orb\n|move|p2a: Palkia|Spacial Rend|p1a: Shaymin\n|-end|p1a: Shaymin|Substitute\n|\n|upkeep\n|turn|3\n|\n|t:|1697411203\n|move|p1a: Shaymin|Air Slash|p2a: Palkia\n|-crit|p2a: Palkia\n|-damage|p2a: Palkia|0 fnt\n|faint|p2a: Palkia\n|-damage|p1a: Shaymin|56\/100|[from] item: Life Orb\n|\n|upkeep\n|\n|t:|1697411206\n|switch|p2a: Masquerain|Masquerain, F|100\/100\n|-ability|p2a: Masquerain|Intimidate|boost\n|-unboost|p1a: Shaymin|atk|1\n|turn|4\n|\n|t:|1697411209\n|move|p1a: Shaymin|Air Slash|p2a: Masquerain\n|-supereffective|p2a: Masquerain\n|-enditem|p2a: Masquerain|Focus Sash\n|-damage|p2a: Masquerain|1\/100\n|-damage|p1a: Shaymin|46\/100|[from] item: Life Orb\n|move|p2a: Masquerain|Sticky Web|p1a: Shaymin\n|-sidestart|p1: ilikeeatingcrayons|move: Sticky Web\n|\n|upkeep\n|turn|5\n|\n|t:|1697411212\n|move|p1a: Shaymin|Air Slash|p2a: Masquerain\n|-supereffective|p2a: Masquerain\n|-damage|p2a: Masquerain|0 fnt\n|faint|p2a: Masquerain\n|-damage|p1a: Shaymin|36\/100|[from] item: Life Orb\n|\n|upkeep\n|\n|t:|1697411227\n|switch|p2a: Gholdengo|Gholdengo|100\/100\n|turn|6\n|\n|t:|1697411230\n|move|p2a: Gholdengo|Shadow Ball|p1a: Shaymin\n|-damage|p1a: Shaymin|0 fnt\n|faint|p1a: Shaymin\n|\n|upkeep\n|\n|t:|1697411240\n|switch|p1a: Cyclizar|Cyclizar, M|100\/100\n|turn|7\n|\n|t:|1697411244\n|move|p2a: Gholdengo|Shadow Ball|p1a: Cyclizar\n|-immune|p1a: Cyclizar\n|move|p1a: Cyclizar|Rapid Spin|p2a: Gholdengo\n|-immune|p2a: Gholdengo\n|\n|upkeep\n|turn|8\n|\n|t:|1697411248\n|move|p2a: Gholdengo|Shadow Ball|p1a: Cyclizar\n|-immune|p1a: Cyclizar\n|move|p1a: Cyclizar|Rapid Spin|p2a: Gholdengo\n|-immune|p2a: Gholdengo\n|\n|upkeep\n|turn|9\n|\n|t:|1697411256\n|move|p2a: Gholdengo|Shadow Ball|p1a: Cyclizar\n|-immune|p1a: Cyclizar\n|move|p1a: Cyclizar|Rapid Spin|p2a: Gholdengo\n|-immune|p2a: Gholdengo\n|\n|upkeep\n|turn|10\n|\n|t:|1697411258\n|move|p2a: Gholdengo|Shadow Ball|p1a: Cyclizar\n|-immune|p1a: Cyclizar\n|move|p1a: Cyclizar|Rapid Spin|p2a: Gholdengo\n|-immune|p2a: Gholdengo\n|\n|upkeep\n|turn|11\n|\n|t:|1697411259\n|move|p2a: Gholdengo|Shadow Ball|p1a: Cyclizar\n|-immune|p1a: Cyclizar\n|move|p1a: Cyclizar|Rapid Spin|p2a: Gholdengo\n|-immune|p2a: Gholdengo\n|\n|upkeep\n|turn|12\n|\n|t:|1697411261\n|move|p2a: Gholdengo|Shadow Ball|p1a: Cyclizar\n|-immune|p1a: Cyclizar\n|move|p1a: Cyclizar|Rapid Spin|p2a: Gholdengo\n|-immune|p2a: Gholdengo\n|\n|upkeep\n|turn|13\n|\n|t:|1697411266\n|move|p2a: Gholdengo|Shadow Ball|p1a: Cyclizar\n|-immune|p1a: Cyclizar\n|move|p1a: Cyclizar|Rapid Spin|p2a: Gholdengo\n|-immune|p2a: Gholdengo\n|\n|upkeep\n|turn|14\n|\n|t:|1697411268\n|move|p2a: Gholdengo|Shadow Ball|p1a: Cyclizar\n|-immune|p1a: Cyclizar\n|move|p1a: Cyclizar|Rapid Spin|p2a: Gholdengo\n|-immune|p2a: Gholdengo\n|\n|upkeep\n|turn|15\n|\n|t:|1697411271\n|move|p2a: Gholdengo|Shadow Ball|p1a: Cyclizar\n|-immune|p1a: Cyclizar\n|move|p1a: Cyclizar|Rapid Spin|p2a: Gholdengo\n|-immune|p2a: Gholdengo\n|\n|upkeep\n|turn|16\n|\n|t:|1697411275\n|move|p2a: Gholdengo|Shadow Ball|p1a: Cyclizar\n|-immune|p1a: Cyclizar\n|move|p1a: Cyclizar|Rapid Spin|p2a: Gholdengo\n|-immune|p2a: Gholdengo\n|\n|upkeep\n|turn|17\n|\n|t:|1697411277\n|move|p2a: Gholdengo|Shadow Ball|p1a: Cyclizar\n|-immune|p1a: Cyclizar\n|move|p1a: Cyclizar|Rapid Spin|p2a: Gholdengo\n|-immune|p2a: Gholdengo\n|\n|upkeep\n|turn|18\n|\n|t:|1697411279\n|move|p2a: Gholdengo|Shadow Ball|p1a: Cyclizar\n|-immune|p1a: Cyclizar\n|move|p1a: Cyclizar|Rapid Spin|p2a: Gholdengo\n|-immune|p2a: Gholdengo\n|\n|upkeep\n|turn|19\n|\n|t:|1697411282\n|move|p2a: Gholdengo|Shadow Ball|p1a: Cyclizar\n|-immune|p1a: Cyclizar\n|move|p1a: Cyclizar|Rapid Spin|p2a: Gholdengo\n|-immune|p2a: Gholdengo\n|\n|upkeep\n|turn|20\n|\n|t:|1697411283\n|move|p2a: Gholdengo|Shadow Ball|p1a: Cyclizar\n|-immune|p1a: Cyclizar\n|move|p1a: Cyclizar|Rapid Spin|p2a: Gholdengo\n|-immune|p2a: Gholdengo\n|\n|upkeep\n|turn|21\n|\n|t:|1697411285\n|move|p2a: Gholdengo|Shadow Ball|p1a: Cyclizar\n|-immune|p1a: Cyclizar\n|move|p1a: Cyclizar|Rapid Spin|p2a: Gholdengo\n|-immune|p2a: Gholdengo\n|\n|upkeep\n|turn|22\n|\n|t:|1697411287\n|move|p2a: Gholdengo|Shadow Ball|p1a: Cyclizar\n|-immune|p1a: Cyclizar\n|move|p1a: Cyclizar|Rapid Spin|p2a: Gholdengo\n|-immune|p2a: Gholdengo\n|\n|upkeep\n|turn|23\n|\n|t:|1697411290\n|move|p2a: Gholdengo|Shadow Ball|p1a: Cyclizar\n|-immune|p1a: Cyclizar\n|move|p1a: Cyclizar|Rapid Spin|p2a: Gholdengo\n|-immune|p2a: Gholdengo\n|\n|upkeep\n|turn|24\n|\n|t:|1697411292\n|move|p2a: Gholdengo|Shadow Ball|p1a: Cyclizar\n|-immune|p1a: Cyclizar\n|move|p1a: Cyclizar|Rapid Spin|p2a: Gholdengo\n|-immune|p2a: Gholdengo\n|\n|upkeep\n|turn|25\n|\n|t:|1697411294\n|move|p2a: Gholdengo|Shadow Ball|p1a: Cyclizar\n|-immune|p1a: Cyclizar\n|move|p1a: Cyclizar|Rapid Spin|p2a: Gholdengo\n|-immune|p2a: Gholdengo\n|\n|upkeep\n|turn|26\n|\n|t:|1697411296\n|move|p2a: Gholdengo|Shadow Ball|p1a: Cyclizar\n|-immune|p1a: Cyclizar\n|move|p1a: Cyclizar|Rapid Spin|p2a: Gholdengo\n|-immune|p2a: Gholdengo\n|\n|upkeep\n|turn|27\n|\n|t:|1697411298\n|move|p2a: Gholdengo|Shadow Ball|p1a: Cyclizar\n|-immune|p1a: Cyclizar\n|move|p1a: Cyclizar|Rapid Spin|p2a: Gholdengo\n|-immune|p2a: Gholdengo\n|\n|upkeep\n|turn|28\n|\n|t:|1697411300\n|move|p2a: Gholdengo|Shadow Ball|p1a: Cyclizar\n|-immune|p1a: Cyclizar\n|move|p1a: Cyclizar|Rapid Spin|p2a: Gholdengo\n|-immune|p2a: Gholdengo\n|\n|upkeep\n|turn|29\n|\n|t:|1697411302\n|move|p2a: Gholdengo|Shadow Ball|p1a: Cyclizar\n|-immune|p1a: Cyclizar\n|move|p1a: Cyclizar|Rapid Spin|p2a: Gholdengo\n|-immune|p2a: Gholdengo\n|\n|upkeep\n|turn|30\n|\n|t:|1697411305\n|-activate|p2a: Gholdengo|move: Struggle\n|move|p2a: Gholdengo|Struggle|p1a: Cyclizar\n|-damage|p1a: Cyclizar|90\/100\n|-damage|p2a: Gholdengo|75\/100|[from] recoil\n|move|p1a: Cyclizar|Rapid Spin|p2a: Gholdengo\n|-immune|p2a: Gholdengo\n|\n|upkeep\n|turn|31\n|\n|t:|1697411310\n|-activate|p2a: Gholdengo|move: Struggle\n|move|p2a: Gholdengo|Struggle|p1a: Cyclizar\n|-damage|p1a: Cyclizar|80\/100\n|-damage|p2a: Gholdengo|50\/100|[from] recoil\n|move|p1a: Cyclizar|Shed Tail|p1a: Cyclizar\n|-start|p1a: Cyclizar|Substitute|[from] move: Shed Tail\n|-damage|p1a: Cyclizar|30\/100\n|\n|t:|1697411311\n|switch|p1a: Landorus|Landorus, M|100\/100|[from] Shed Tail\n|\n|upkeep\n|turn|32\n|\n|t:|1697411319\n|switch|p2a: Arceus|Arceus-Ice|100\/100\n|move|p1a: Landorus|Earth Power|p2a: Arceus\n|-crit|p2a: Arceus\n|-damage|p2a: Arceus|36\/100\n|\n|upkeep\n|turn|33\n|\n|t:|1697411322\n|move|p1a: Landorus|Earth Power|p2a: Arceus\n|-damage|p2a: Arceus|0 fnt\n|faint|p2a: Arceus\n|\n|upkeep\n|\n|t:|1697411325\n|switch|p2a: Chi-Yu|Chi-Yu|100\/100\n|-ability|p2a: Chi-Yu|Beads of Ruin\n|turn|34\n|\n|t:|1697411327\n|move|p1a: Landorus|Earth Power|p2a: Chi-Yu\n|-supereffective|p2a: Chi-Yu\n|-damage|p2a: Chi-Yu|0 fnt\n|faint|p2a: Chi-Yu\n|\n|upkeep\n|\n|t:|1697411330\n|switch|p2a: Palafin|Palafin-Hero, M|100\/100\n|-activate|p2a: Palafin|ability: Zero to Hero\n|turn|35\n|\n|t:|1697411336\n|move|p1a: Landorus|Earth Power|p2a: Palafin\n|-damage|p2a: Palafin|33\/100\n|move|p2a: Palafin|Wave Crash|p1a: Landorus\n|-supereffective|p1a: Landorus\n|-end|p1a: Landorus|Substitute\n|-damage|p2a: Palafin|25\/100|[from] Recoil|[of] p1a: Landorus\n|\n|-heal|p2a: Palafin|31\/100|[from] item: Leftovers\n|upkeep\n|turn|36\n|\n|t:|1697411341\n|move|p1a: Landorus|Earth Power|p2a: Palafin\n|-damage|p2a: Palafin|0 fnt\n|faint|p2a: Palafin\n|\n|upkeep\n|\n|t:|1697411343\n|switch|p2a: Gholdengo|Gholdengo|50\/100\n|turn|37\n|\n|t:|1697411345\n|move|p1a: Landorus|Earth Power|p2a: Gholdengo\n|-supereffective|p2a: Gholdengo\n|-damage|p2a: Gholdengo|0 fnt\n|faint|p2a: Gholdengo\n|\n|win|ilikeeatingcrayons\n|c|\u2606Finchely|gg\n|c|\u2606ilikeeatingcrayons|Gg\n","uploadtime":1697411351,"views":27,"p1id":"ilikeeatingcrayons","p2id":"finchely","formatid":"gen9ubers","rating":0,"private":0,"password":""}