{"id":"gen9ubers-1996892695","p1":"Mouseattack","p2":"kakjohn","format":"[Gen 9] Ubers","log":"|j|\u2606Mouseattack\n|j|\u2606kakjohn\n|t:|1700741268\n|gametype|singles\n|player|p1|Mouseattack|koga|1217\n|player|p2|kakjohn|riley|1239\n|teamsize|p1|6\n|teamsize|p2|6\n|gen|9\n|tier|[Gen 9] Ubers\n|rated|\n|rule|Sleep Clause Mod: Limit one foe put to sleep\n|rule|Species Clause: Limit one of each Pok\u00e9mon\n|rule|OHKO Clause: OHKO moves are banned\n|rule|Evasion Items Clause: Evasion items are banned\n|rule|Evasion Moves Clause: Evasion moves are banned\n|rule|Endless Battle Clause: Forcing endless battles is banned\n|rule|HP Percentage Mod: HP is shown in percentages\n|clearpoke\n|poke|p1|Koraidon|\n|poke|p1|Great Tusk|\n|poke|p1|Baxcalibur, F|\n|poke|p1|Arceus-Ghost|\n|poke|p1|Zacian-*|\n|poke|p1|Ribombee, M|\n|poke|p2|Palkia-Origin|\n|poke|p2|Ribombee, F|\n|poke|p2|Glimmora, M|\n|poke|p2|Miraidon|\n|poke|p2|Zacian-*|\n|poke|p2|Sneasler, M|\n|teampreview\n|\n|t:|1700741281\n|start\n|switch|p1a: Great Tusk|Great Tusk|100\/100\n|switch|p2a: Ribombee|Ribombee, F|100\/100\n|turn|1\n|\n|t:|1700741291\n|move|p1a: Great Tusk|Rapid Spin|p2a: Ribombee\n|-damage|p2a: Ribombee|65\/100\n|-boost|p1a: Great Tusk|spe|1\n|move|p2a: Ribombee|Stun Spore|p1a: Great Tusk|[miss]\n|-miss|p2a: Ribombee|p1a: Great Tusk\n|\n|upkeep\n|turn|2\n|\n|t:|1700741301\n|move|p1a: Great Tusk|Rapid Spin|p2a: Ribombee\n|-damage|p2a: Ribombee|27\/100\n|-boost|p1a: Great Tusk|spe|1\n|move|p2a: Ribombee|Sticky Web|p1a: Great Tusk\n|-sidestart|p1: Mouseattack|move: Sticky Web\n|\n|upkeep\n|turn|3\n|\n|t:|1700741310\n|move|p1a: Great Tusk|Rapid Spin|p2a: Ribombee\n|-damage|p2a: Ribombee|0 fnt\n|-boost|p1a: Great Tusk|spe|1\n|-sideend|p1: Mouseattack|Sticky Web|[from] move: Rapid Spin|[of] p1a: Great Tusk\n|faint|p2a: Ribombee\n|\n|upkeep\n|\n|t:|1700741323\n|switch|p2a: Palkia|Palkia-Origin|100\/100\n|-ability|p2a: Palkia|Pressure\n|turn|4\n|\n|t:|1700741332\n|-end|p1a: Great Tusk|Protosynthesis|[silent]\n|switch|p1a: Ribombee|Ribombee, M|100\/100\n|move|p2a: Palkia|Hydro Pump|p1a: Ribombee|[miss]\n|-miss|p2a: Palkia|p1a: Ribombee\n|\n|upkeep\n|turn|5\n|\n|t:|1700741339\n|switch|p2a: Glimmora|Glimmora, M|100\/100\n|move|p1a: Ribombee|Sticky Web|p2a: Glimmora\n|-sidestart|p2: kakjohn|move: Sticky Web\n|\n|upkeep\n|turn|6\n|\n|t:|1700741348\n|switch|p1a: Zacian|Zacian-Crowned|100\/100\n|-ability|p1a: Zacian|Intrepid Sword|boost\n|-boost|p1a: Zacian|atk|1\n|move|p2a: Glimmora|Power Gem|p1a: Zacian\n|-resisted|p1a: Zacian\n|-damage|p1a: Zacian|80\/100\n|\n|upkeep\n|turn|7\n|\n|t:|1700741362\n|move|p1a: Zacian|Behemoth Blade|p2a: Glimmora\n|-supereffective|p2a: Glimmora\n|-enditem|p2a: Glimmora|Focus Sash\n|-damage|p2a: Glimmora|1\/100\n|-activate|p2a: Glimmora|ability: Toxic Debris\n|-sidestart|p1: Mouseattack|move: Toxic Spikes\n|move|p2a: Glimmora|Earth Power|p1a: Zacian\n|-supereffective|p1a: Zacian\n|-damage|p1a: Zacian|20\/100\n|\n|upkeep\n|turn|8\n|\n|t:|1700741392\n|move|p1a: Zacian|Behemoth Blade|p2a: Glimmora\n|-supereffective|p2a: Glimmora\n|-damage|p2a: Glimmora|0 fnt\n|-activate|p2a: Glimmora|ability: Toxic Debris\n|-sidestart|p1: Mouseattack|move: Toxic Spikes\n|faint|p2a: Glimmora\n|\n|upkeep\n|\n|t:|1700741404\n|switch|p2a: Miraidon|Miraidon|100\/100\n|-activate|p2a: Miraidon|move: Sticky Web\n|-unboost|p2a: Miraidon|spe|1\n|-fieldstart|move: Electric Terrain|[from] ability: Hadron Engine|[of] p2a: Miraidon\n|turn|9\n|\n|t:|1700741413\n|move|p1a: Zacian|Play Rough|p2a: Miraidon\n|-supereffective|p2a: Miraidon\n|-damage|p2a: Miraidon|0 fnt\n|faint|p2a: Miraidon\n|\n|upkeep\n|\n|t:|1700741420\n|switch|p2a: Sneasler|Sneasler, M|100\/100\n|-activate|p2a: Sneasler|move: Sticky Web\n|-unboost|p2a: Sneasler|spe|1\n|-enditem|p2a: Sneasler|Electric Seed\n|-boost|p2a: Sneasler|def|1|[from] item: Electric Seed\n|turn|10\n|\n|t:|1700741430\n|move|p2a: Sneasler|Close Combat|p1a: Zacian\n|-damage|p1a: Zacian|0 fnt\n|-unboost|p2a: Sneasler|def|1\n|-unboost|p2a: Sneasler|spd|1\n|faint|p1a: Zacian\n|\n|upkeep\n|\n|t:|1700741434\n|switch|p1a: Great Tusk|Great Tusk|100\/100\n|-status|p1a: Great Tusk|tox\n|turn|11\n|\n|t:|1700741443\n|-terastallize|p2a: Sneasler|Flying\n|move|p2a: Sneasler|Swords Dance|p2a: Sneasler\n|-boost|p2a: Sneasler|atk|2\n|move|p1a: Great Tusk|Headlong Rush|p2a: Sneasler\n|-immune|p2a: Sneasler\n|\n|-damage|p1a: Great Tusk|94\/100 tox|[from] psn\n|upkeep\n|turn|12\n|\n|t:|1700741455\n|-end|p1a: Great Tusk|Protosynthesis|[silent]\n|switch|p1a: Baxcalibur|Baxcalibur, F|100\/100\n|-status|p1a: Baxcalibur|tox\n|move|p2a: Sneasler|Acrobatics|p1a: Baxcalibur\n|-damage|p1a: Baxcalibur|0 fnt\n|faint|p1a: Baxcalibur\n|\n|upkeep\n|\n|t:|1700741462\n|switch|p1a: Ribombee|Ribombee, M|100\/100\n|-status|p1a: Ribombee|tox\n|turn|13\n|\n|t:|1700741469\n|move|p2a: Sneasler|Acrobatics|p1a: Ribombee\n|-supereffective|p1a: Ribombee\n|-crit|p1a: Ribombee\n|-enditem|p1a: Ribombee|Focus Sash\n|-damage|p1a: Ribombee|1\/100 tox\n|move|p1a: Ribombee|Tailwind|p1a: Ribombee\n|-sidestart|p1: Mouseattack|move: Tailwind\n|\n|-damage|p1a: Ribombee|0 fnt|[from] psn\n|faint|p1a: Ribombee\n|-fieldend|move: Electric Terrain\n|upkeep\n|\n|t:|1700741491\n|switch|p1a: Koraidon|Koraidon|100\/100\n|-status|p1a: Koraidon|tox\n|-weather|SunnyDay|[from] ability: Orichalcum Pulse|[of] p1a: Koraidon\n|-activate|p1a: Koraidon|Orichalcum Pulse|[source]\n|turn|14\n|\n|t:|1700741501\n|-terastallize|p1a: Koraidon|Fire\n|move|p1a: Koraidon|Flare Blitz|p2a: Sneasler\n|-damage|p2a: Sneasler|0 fnt\n|faint|p2a: Sneasler\n|-damage|p1a: Koraidon|71\/100 tox|[from] Recoil\n|\n|-weather|SunnyDay|[upkeep]\n|-damage|p1a: Koraidon|65\/100 tox|[from] psn\n|upkeep\n|\n|t:|1700741509\n|switch|p2a: Palkia|Palkia-Origin|100\/100\n|-activate|p2a: Palkia|move: Sticky Web\n|-unboost|p2a: Palkia|spe|1\n|-ability|p2a: Palkia|Pressure\n|turn|15\n|\n|t:|1700741516\n|move|p1a: Koraidon|Scale Shot|p2a: Palkia\n|-supereffective|p2a: Palkia\n|-damage|p2a: Palkia|61\/100\n|-supereffective|p2a: Palkia\n|-crit|p2a: Palkia\n|-damage|p2a: Palkia|5\/100\n|-supereffective|p2a: Palkia\n|-damage|p2a: Palkia|0 fnt\n|faint|p2a: Palkia\n|-hitcount|p2: Palkia|3\n|-unboost|p1a: Koraidon|def|1\n|-boost|p1a: Koraidon|spe|1\n|\n|-weather|SunnyDay|[upkeep]\n|-damage|p1a: Koraidon|53\/100 tox|[from] psn\n|upkeep\n|-message|kakjohn forfeited.\n|\n|win|Mouseattack\n|raw|Mouseattack's rating: 1217 &rarr; <strong>1244<\/strong><br \/>(+27 for winning)\n|raw|kakjohn's rating: 1239 &rarr; <strong>1212<\/strong><br \/>(-27 for losing)\n|l|\u2606kakjohn\n","uploadtime":1700741528,"views":11,"p1id":"mouseattack","p2id":"kakjohn","formatid":"gen9ubers","rating":1212,"private":0,"password":""}