{"id":"gen9ubers-1975688537","p1":"Imagineagiantduck","p2":"MeteorAsh15","format":"[Gen 9] Ubers","log":"|j|\u2606Imagineagiantduck\n|j|\u2606MeteorAsh15\n|t:|1698225342\n|gametype|singles\n|player|p1|Imagineagiantduck|101|1102\n|player|p2|MeteorAsh15|2|1189\n|teamsize|p1|6\n|teamsize|p2|6\n|gen|9\n|tier|[Gen 9] Ubers\n|rated|\n|rule|Sleep Clause Mod: Limit one foe put to sleep\n|rule|Species Clause: Limit one of each Pok\u00e9mon\n|rule|OHKO Clause: OHKO moves are banned\n|rule|Evasion Items Clause: Evasion items are banned\n|rule|Evasion Moves Clause: Evasion moves are banned\n|rule|Endless Battle Clause: Forcing endless battles is banned\n|rule|HP Percentage Mod: HP is shown in percentages\n|clearpoke\n|poke|p1|Ogerpon-Cornerstone, F|\n|poke|p1|Houndstone, M|\n|poke|p1|Hippowdon, F|\n|poke|p1|Corviknight, F|\n|poke|p1|Empoleon, M|\n|poke|p1|Gardevoir, F|\n|poke|p2|Baxcalibur, F|\n|poke|p2|Ninetales-Alola, F|\n|poke|p2|Koraidon|\n|poke|p2|Zacian-*|\n|poke|p2|Tornadus, M|\n|poke|p2|Ribombee, F|\n|teampreview\n|\n|t:|1698225350\n|start\n|switch|p1a: Corviknight|Corviknight, F|100\/100\n|switch|p2a: Ribombee|Ribombee, F, shiny|100\/100\n|turn|1\n|\n|t:|1698225356\n|move|p2a: Ribombee|Sticky Web|p1a: Corviknight\n|-sidestart|p1: Imagineagiantduck|move: Sticky Web\n|move|p1a: Corviknight|Brave Bird|p2a: Ribombee\n|-supereffective|p2a: Ribombee\n|-enditem|p2a: Ribombee|Focus Sash\n|-damage|p2a: Ribombee|1\/100\n|-damage|p1a: Corviknight|79\/100|[from] Recoil\n|\n|-heal|p1a: Corviknight|85\/100|[from] item: Leftovers\n|upkeep\n|turn|2\n|\n|t:|1698225366\n|move|p2a: Ribombee|Tailwind|p2a: Ribombee\n|-sidestart|p2: MeteorAsh15|move: Tailwind\n|move|p1a: Corviknight|Body Press|p2a: Ribombee\n|-resisted|p2a: Ribombee\n|-damage|p2a: Ribombee|0 fnt\n|faint|p2a: Ribombee\n|\n|-heal|p1a: Corviknight|91\/100|[from] item: Leftovers\n|upkeep\n|\n|t:|1698225378\n|switch|p2a: Tornadus|Tornadus, M, shiny|100\/100\n|turn|3\n|\n|t:|1698225383\n|move|p2a: Tornadus|Heat Wave|p1a: Corviknight\n|-supereffective|p1a: Corviknight\n|-damage|p1a: Corviknight|58\/100\n|move|p1a: Corviknight|Iron Defense|p1a: Corviknight\n|-boost|p1a: Corviknight|def|2\n|\n|-heal|p1a: Corviknight|64\/100|[from] item: Leftovers\n|upkeep\n|turn|4\n|\n|t:|1698225392\n|move|p2a: Tornadus|Heat Wave|p1a: Corviknight\n|-supereffective|p1a: Corviknight\n|-damage|p1a: Corviknight|29\/100\n|move|p1a: Corviknight|Defog|p2a: Tornadus\n|-unboost|p2a: Tornadus|evasion|1\n|-sideend|p1: Imagineagiantduck|Sticky Web|[from] move: Defog|[of] p1a: Corviknight\n|\n|-heal|p1a: Corviknight|35\/100|[from] item: Leftovers\n|upkeep\n|turn|5\n|\n|t:|1698225401\n|move|p2a: Tornadus|Heat Wave|p1a: Corviknight|[miss]\n|-miss|p2a: Tornadus|p1a: Corviknight\n|move|p1a: Corviknight|Brave Bird|p2a: Tornadus\n|-damage|p2a: Tornadus|62\/100\n|-damage|p1a: Corviknight|25\/100|[from] Recoil\n|\n|-heal|p1a: Corviknight|32\/100|[from] item: Leftovers\n|-sideend|p2: MeteorAsh15|move: Tailwind\n|upkeep\n|turn|6\n|\n|t:|1698225411\n|switch|p1a: Hippowdon|Hippowdon, F|100\/100\n|-weather|Sandstorm|[from] ability: Sand Stream|[of] p1a: Hippowdon\n|move|p2a: Tornadus|Heat Wave|p1a: Hippowdon|[miss]\n|-miss|p2a: Tornadus|p1a: Hippowdon\n|\n|-weather|Sandstorm|[upkeep]\n|-damage|p2a: Tornadus|57\/100|[from] Sandstorm\n|upkeep\n|turn|7\n|\n|t:|1698225421\n|move|p2a: Tornadus|Tailwind|p2a: Tornadus\n|-sidestart|p2: MeteorAsh15|move: Tailwind\n|move|p1a: Hippowdon|Stone Edge|p2a: Tornadus\n|-supereffective|p2a: Tornadus\n|-crit|p2a: Tornadus\n|-damage|p2a: Tornadus|0 fnt\n|faint|p2a: Tornadus\n|\n|-weather|Sandstorm|[upkeep]\n|upkeep\n|\n|t:|1698225431\n|switch|p2a: Ninetales|Ninetales-Alola, F|100\/100\n|-weather|Snow|[from] ability: Snow Warning|[of] p2a: Ninetales\n|turn|8\n|\n|t:|1698225440\n|switch|p1a: Corviknight|Corviknight, F|32\/100\n|move|p2a: Ninetales|Aurora Veil|p2a: Ninetales\n|-sidestart|p2: MeteorAsh15|move: Aurora Veil\n|\n|-weather|Snow|[upkeep]\n|-heal|p1a: Corviknight|38\/100|[from] item: Leftovers\n|upkeep\n|turn|9\n|\n|t:|1698225449\n|move|p2a: Ninetales|Hypnosis|p1a: Corviknight|[miss]\n|-miss|p2a: Ninetales|p1a: Corviknight\n|move|p1a: Corviknight|Iron Defense|p1a: Corviknight\n|-boost|p1a: Corviknight|def|2\n|\n|-weather|Snow|[upkeep]\n|-heal|p1a: Corviknight|44\/100|[from] item: Leftovers\n|upkeep\n|turn|10\n|\n|t:|1698225457\n|move|p2a: Ninetales|Hypnosis|p1a: Corviknight\n|-status|p1a: Corviknight|slp|[from] move: Hypnosis\n|cant|p1a: Corviknight|slp\n|\n|-weather|Snow|[upkeep]\n|-heal|p1a: Corviknight|50\/100 slp|[from] item: Leftovers\n|-sideend|p2: MeteorAsh15|move: Tailwind\n|upkeep\n|turn|11\n|\n|t:|1698225466\n|switch|p2a: Koraidon|Koraidon|100\/100\n|-weather|SunnyDay|[from] ability: Orichalcum Pulse|[of] p2a: Koraidon\n|-activate|p2a: Koraidon|Orichalcum Pulse|[source]\n|switch|p1a: Gardevoir|Gardevoir, F|100\/100\n|\n|-weather|SunnyDay|[upkeep]\n|upkeep\n|turn|12\n|\n|t:|1698225476\n|move|p1a: Gardevoir|Moonblast|p2a: Koraidon\n|-supereffective|p2a: Koraidon\n|-damage|p2a: Koraidon|0 fnt\n|faint|p2a: Koraidon\n|\n|-weather|SunnyDay|[upkeep]\n|upkeep\n|\n|t:|1698225483\n|switch|p2a: Zacian|Zacian-Crowned, shiny|100\/100\n|-ability|p2a: Zacian|Intrepid Sword|boost\n|-boost|p2a: Zacian|atk|1\n|turn|13\n|\n|t:|1698225490\n|switch|p1a: Hippowdon|Hippowdon, F|100\/100\n|-weather|Sandstorm|[from] ability: Sand Stream|[of] p1a: Hippowdon\n|move|p2a: Zacian|Behemoth Blade|p1a: Hippowdon\n|-damage|p1a: Hippowdon|58\/100\n|\n|-weather|Sandstorm|[upkeep]\n|upkeep\n|turn|14\n|\n|t:|1698225499\n|move|p2a: Zacian|Play Rough|p1a: Hippowdon\n|-damage|p1a: Hippowdon|20\/100\n|move|p1a: Hippowdon|Earthquake|p2a: Zacian\n|-supereffective|p2a: Zacian\n|-damage|p2a: Zacian|63\/100\n|\n|-weather|Sandstorm|[upkeep]\n|upkeep\n|turn|15\n|\n|t:|1698225508\n|move|p2a: Zacian|Behemoth Blade|p1a: Hippowdon\n|-damage|p1a: Hippowdon|0 fnt\n|faint|p1a: Hippowdon\n|\n|-weather|Sandstorm|[upkeep]\n|-sideend|p2: MeteorAsh15|move: Aurora Veil\n|upkeep\n|\n|t:|1698225511\n|switch|p1a: Empoleon|Empoleon, M|100\/100\n|turn|16\n|\n|t:|1698225519\n|move|p2a: Zacian|Sacred Sword|p1a: Empoleon\n|-supereffective|p1a: Empoleon\n|-damage|p1a: Empoleon|0 fnt\n|faint|p1a: Empoleon\n|\n|-weather|Sandstorm|[upkeep]\n|upkeep\n|\n|t:|1698225522\n|switch|p1a: Houndstone|Houndstone, M|100\/100\n|turn|17\n|\n|t:|1698225530\n|move|p1a: Houndstone|Last Respects|p2a: Zacian\n|-damage|p2a: Zacian|0 fnt\n|faint|p2a: Zacian\n|\n|-weather|Sandstorm|[upkeep]\n|upkeep\n|\n|t:|1698225537\n|switch|p2a: Ninetales|Ninetales-Alola, F|100\/100\n|-weather|Snow|[from] ability: Snow Warning|[of] p2a: Ninetales\n|turn|18\n|\n|t:|1698225544\n|move|p2a: Ninetales|Aurora Veil|p2a: Ninetales\n|-sidestart|p2: MeteorAsh15|move: Aurora Veil\n|move|p1a: Houndstone|Last Respects|p2a: Ninetales\n|-damage|p2a: Ninetales|44\/100\n|\n|-weather|Snow|[upkeep]\n|upkeep\n|turn|19\n|\n|t:|1698225552\n|move|p2a: Ninetales|Hypnosis|p1a: Houndstone|[miss]\n|-miss|p2a: Ninetales|p1a: Houndstone\n|move|p1a: Houndstone|Last Respects|p2a: Ninetales\n|-crit|p2a: Ninetales\n|-damage|p2a: Ninetales|0 fnt\n|faint|p2a: Ninetales\n|\n|-weather|Snow|[upkeep]\n|upkeep\n|\n|t:|1698225562\n|switch|p2a: Baxcalibur|Baxcalibur, F|100\/100\n|turn|20\n|\n|t:|1698225565\n|move|p2a: Baxcalibur|Swords Dance|p2a: Baxcalibur\n|-boost|p2a: Baxcalibur|atk|2\n|move|p1a: Houndstone|Last Respects|p2a: Baxcalibur\n|-damage|p2a: Baxcalibur|67\/100\n|\n|-weather|Snow|[upkeep]\n|upkeep\n|turn|21\n|\n|t:|1698225574\n|move|p2a: Baxcalibur|Scale Shot|p1a: Houndstone\n|-damage|p1a: Houndstone|66\/100\n|-damage|p1a: Houndstone|30\/100\n|-damage|p1a: Houndstone|0 fnt\n|faint|p1a: Houndstone\n|-hitcount|p1: Houndstone|3\n|-unboost|p2a: Baxcalibur|def|1\n|-boost|p2a: Baxcalibur|spe|1\n|\n|-weather|Snow|[upkeep]\n|upkeep\n|\n|t:|1698225576\n|switch|p1a: Gardevoir|Gardevoir, F|100\/100\n|turn|22\n|\n|t:|1698225586\n|move|p2a: Baxcalibur|Icicle Spear|p1a: Gardevoir\n|-damage|p1a: Gardevoir|46\/100\n|-damage|p1a: Gardevoir|0 fnt\n|faint|p1a: Gardevoir\n|-hitcount|p1: Gardevoir|2\n|\n|-weather|none\n|upkeep\n|\n|t:|1698225590\n|switch|p1a: Ogerpon|Ogerpon-Cornerstone, F|100\/100\n|turn|23\n|\n|t:|1698225596\n|move|p2a: Baxcalibur|Scale Shot|p1a: Ogerpon\n|-damage|p1a: Ogerpon|66\/100\n|-damage|p1a: Ogerpon|29\/100\n|-damage|p1a: Ogerpon|0 fnt\n|faint|p1a: Ogerpon\n|-hitcount|p1: Ogerpon|3\n|-unboost|p2a: Baxcalibur|def|1\n|-boost|p2a: Baxcalibur|spe|1\n|\n|upkeep\n|\n|t:|1698225598\n|switch|p1a: Corviknight|Corviknight, F|50\/100 slp\n|turn|24\n|\n|t:|1698225608\n|move|p2a: Baxcalibur|Icicle Spear|p1a: Corviknight\n|-damage|p1a: Corviknight|26\/100 slp\n|-damage|p1a: Corviknight|3\/100 slp\n|-damage|p1a: Corviknight|0 fnt\n|faint|p1a: Corviknight\n|-hitcount|p1: Corviknight|3\n|\n|win|MeteorAsh15\n|raw|Imagineagiantduck's rating: 1102 &rarr; <strong>1083<\/strong><br \/>(-19 for losing)\n|raw|MeteorAsh15's rating: 1189 &rarr; <strong>1208<\/strong><br \/>(+19 for winning)\n|l|\u2606Imagineagiantduck\n|c|\u2606MeteorAsh15|Gg\n","uploadtime":1698225625,"views":10,"p1id":"imagineagiantduck","p2id":"meteorash15","formatid":"gen9ubers","rating":1083,"private":0,"password":""}