{"id":"gen9ubers-1973406699","p1":"DiffusedTurtle","p2":"Lukkz","format":"[Gen 9] Ubers","log":"|j|\u2606DiffusedTurtle\n|j|\u2606Lukkz\n|t:|1697970125\n|gametype|singles\n|player|p1|DiffusedTurtle|sordward-shielbert|1313\n|player|p2|Lukkz|102|1407\n|teamsize|p1|6\n|teamsize|p2|6\n|gen|9\n|tier|[Gen 9] Ubers\n|rated|\n|rule|Sleep Clause Mod: Limit one foe put to sleep\n|rule|Species Clause: Limit one of each Pok\u00e9mon\n|rule|OHKO Clause: OHKO moves are banned\n|rule|Evasion Items Clause: Evasion items are banned\n|rule|Evasion Moves Clause: Evasion moves are banned\n|rule|Endless Battle Clause: Forcing endless battles is banned\n|rule|HP Percentage Mod: HP is shown in percentages\n|clearpoke\n|poke|p1|Arceus|\n|poke|p1|Flutter Mane|\n|poke|p1|Koraidon|\n|poke|p1|Regieleki|\n|poke|p1|Zacian-*|\n|poke|p1|Miraidon|\n|poke|p2|Arceus|\n|poke|p2|Shaymin-Sky|\n|poke|p2|Miraidon|\n|poke|p2|Koraidon|\n|poke|p2|Zacian-*|\n|poke|p2|Giratina|\n|teampreview\n|inactive|Battle timer is ON: inactive players will automatically lose when time's up. (requested by DiffusedTurtle)\n|\n|t:|1697970133\n|start\n|switch|p1a: Miraidon|Miraidon|100\/100\n|switch|p2a: Koraidon|Koraidon|100\/100\n|-weather|SunnyDay|[from] ability: Orichalcum Pulse|[of] p2a: Koraidon\n|-activate|p2a: Koraidon|Orichalcum Pulse|[source]\n|-fieldstart|move: Electric Terrain|[from] ability: Hadron Engine|[of] p1a: Miraidon\n|turn|1\n|\n|t:|1697970140\n|move|p2a: Koraidon|Dragon Claw|p1a: Miraidon\n|-supereffective|p1a: Miraidon\n|-damage|p1a: Miraidon|0 fnt\n|faint|p1a: Miraidon\n|\n|-weather|SunnyDay|[upkeep]\n|upkeep\n|\n|t:|1697970145\n|switch|p1a: Flutter Mane|Flutter Mane, shiny|100\/100\n|-activate|p1a: Flutter Mane|ability: Protosynthesis\n|-start|p1a: Flutter Mane|protosynthesisspe\n|turn|2\n|\n|t:|1697970155\n|switch|p2a: Zacian|Zacian-Crowned|100\/100\n|-ability|p2a: Zacian|Intrepid Sword|boost\n|-boost|p2a: Zacian|atk|1\n|move|p1a: Flutter Mane|Substitute|p1a: Flutter Mane\n|-start|p1a: Flutter Mane|Substitute\n|-damage|p1a: Flutter Mane|76\/100\n|\n|-weather|SunnyDay|[upkeep]\n|-heal|p1a: Flutter Mane|82\/100|[from] item: Leftovers\n|upkeep\n|turn|3\n|\n|t:|1697970161\n|move|p1a: Flutter Mane|Shadow Ball|p2a: Zacian\n|-damage|p2a: Zacian|58\/100\n|move|p2a: Zacian|Behemoth Blade|p1a: Flutter Mane\n|-supereffective|p1a: Flutter Mane\n|-end|p1a: Flutter Mane|Substitute\n|\n|-weather|SunnyDay|[upkeep]\n|-heal|p1a: Flutter Mane|88\/100|[from] item: Leftovers\n|upkeep\n|turn|4\n|\n|t:|1697970172\n|-end|p1a: Flutter Mane|Protosynthesis|[silent]\n|switch|p1a: Zacian|Zacian-Crowned, shiny|100\/100\n|-ability|p1a: Zacian|Intrepid Sword|boost\n|-boost|p1a: Zacian|atk|1\n|move|p2a: Zacian|Behemoth Blade|p1a: Zacian\n|-damage|p1a: Zacian|20\/100\n|\n|-weather|SunnyDay|[upkeep]\n|upkeep\n|turn|5\n|\n|t:|1697970187\n|move|p2a: Zacian|Behemoth Blade|p1a: Zacian\n|-damage|p1a: Zacian|0 fnt\n|faint|p1a: Zacian\n|\n|-weather|none\n|-fieldend|move: Electric Terrain\n|upkeep\n|\n|t:|1697970200\n|switch|p1a: Koraidon|Koraidon|100\/100\n|-weather|SunnyDay|[from] ability: Orichalcum Pulse|[of] p1a: Koraidon\n|-activate|p1a: Koraidon|Orichalcum Pulse|[source]\n|turn|6\n|\n|t:|1697970210\n|switch|p2a: Koraidon|Koraidon|100\/100\n|-activate|p2a: Koraidon|ability: Orichalcum Pulse\n|move|p1a: Koraidon|Flame Charge|p2a: Koraidon\n|-resisted|p2a: Koraidon\n|-damage|p2a: Koraidon|81\/100\n|-boost|p1a: Koraidon|spe|1\n|-damage|p1a: Koraidon|91\/100|[from] item: Life Orb\n|\n|-weather|SunnyDay|[upkeep]\n|upkeep\n|turn|7\n|\n|t:|1697970225\n|-terastallize|p1a: Koraidon|Fire\n|move|p1a: Koraidon|Flame Charge|p2a: Koraidon\n|-resisted|p2a: Koraidon\n|-damage|p2a: Koraidon|45\/100\n|-boost|p1a: Koraidon|spe|1\n|-damage|p1a: Koraidon|81\/100|[from] item: Life Orb\n|move|p2a: Koraidon|Dragon Claw|p1a: Koraidon\n|-damage|p1a: Koraidon|31\/100\n|\n|-weather|SunnyDay|[upkeep]\n|upkeep\n|turn|8\n|\n|t:|1697970235\n|switch|p2a: Arceus|Arceus|100\/100\n|move|p1a: Koraidon|Low Kick|p2a: Arceus\n|-supereffective|p2a: Arceus\n|-damage|p2a: Arceus|0 fnt\n|faint|p2a: Arceus\n|-damage|p1a: Koraidon|21\/100|[from] item: Life Orb\n|\n|-weather|SunnyDay|[upkeep]\n|upkeep\n|\n|t:|1697970243\n|switch|p2a: Giratina|Giratina|100\/100\n|-ability|p2a: Giratina|Pressure\n|turn|9\n|\n|t:|1697970246\n|move|p1a: Koraidon|Stomping Tantrum|p2a: Giratina\n|-damage|p2a: Giratina|75\/100\n|-damage|p1a: Koraidon|11\/100|[from] item: Life Orb\n|move|p2a: Giratina|Shadow Ball|p1a: Koraidon\n|-damage|p1a: Koraidon|0 fnt\n|faint|p1a: Koraidon\n|\n|-weather|SunnyDay|[upkeep]\n|upkeep\n|\n|t:|1697970250\n|switch|p1a: Flutter Mane|Flutter Mane, shiny|88\/100\n|-activate|p1a: Flutter Mane|ability: Protosynthesis\n|-start|p1a: Flutter Mane|protosynthesisspe\n|turn|10\n|\n|t:|1697970253\n|move|p1a: Flutter Mane|Substitute|p1a: Flutter Mane\n|-start|p1a: Flutter Mane|Substitute\n|-damage|p1a: Flutter Mane|63\/100\n|move|p2a: Giratina|Shadow Ball|p1a: Flutter Mane\n|-supereffective|p1a: Flutter Mane\n|-end|p1a: Flutter Mane|Substitute\n|\n|-weather|none\n|-end|p1a: Flutter Mane|Protosynthesis\n|-heal|p1a: Flutter Mane|69\/100|[from] item: Leftovers\n|upkeep\n|turn|11\n|\n|t:|1697970255\n|move|p1a: Flutter Mane|Shadow Ball|p2a: Giratina\n|-supereffective|p2a: Giratina\n|-damage|p2a: Giratina|36\/100\n|-unboost|p2a: Giratina|spd|1\n|move|p2a: Giratina|Shadow Ball|p1a: Flutter Mane\n|-supereffective|p1a: Flutter Mane\n|-damage|p1a: Flutter Mane|9\/100\n|\n|-heal|p1a: Flutter Mane|15\/100|[from] item: Leftovers\n|upkeep\n|turn|12\n|\n|t:|1697970269\n|move|p1a: Flutter Mane|Moonblast|p2a: Giratina\n|-supereffective|p2a: Giratina\n|-damage|p2a: Giratina|0 fnt\n|faint|p2a: Giratina\n|\n|-heal|p1a: Flutter Mane|21\/100|[from] item: Leftovers\n|upkeep\n|\n|t:|1697970284\n|switch|p2a: Zacian|Zacian-Crowned|58\/100\n|turn|13\n|\n|t:|1697970289\n|move|p2a: Zacian|Behemoth Blade|p1a: Flutter Mane\n|-supereffective|p1a: Flutter Mane\n|-damage|p1a: Flutter Mane|0 fnt\n|faint|p1a: Flutter Mane\n|-end|p1a: Flutter Mane|Protosynthesis|[silent]\n|\n|upkeep\n|\n|t:|1697970292\n|switch|p1a: Regieleki|Regieleki|100\/100\n|turn|14\n|\n|t:|1697970296\n|move|p1a: Regieleki|Electro Ball|p2a: Zacian\n|-damage|p2a: Zacian|25\/100\n|move|p2a: Zacian|Play Rough|p1a: Regieleki\n|-damage|p1a: Regieleki|0 fnt\n|faint|p1a: Regieleki\n|\n|upkeep\n|\n|t:|1697970299\n|switch|p1a: Arceus|Arceus|100\/100\n|turn|15\n|\n|t:|1697970304\n|move|p2a: Zacian|Behemoth Blade|p1a: Arceus\n|-damage|p1a: Arceus|59\/100\n|move|p1a: Arceus|Swords Dance|p1a: Arceus\n|-boost|p1a: Arceus|atk|2\n|\n|upkeep\n|turn|16\n|\n|t:|1697970310\n|move|p2a: Zacian|Behemoth Blade|p1a: Arceus\n|-crit|p1a: Arceus\n|-damage|p1a: Arceus|5\/100\n|move|p1a: Arceus|Swords Dance|p1a: Arceus\n|-boost|p1a: Arceus|atk|2\n|\n|upkeep\n|turn|17\n|\n|t:|1697970318\n|move|p1a: Arceus|Extreme Speed|p2a: Zacian\n|-resisted|p2a: Zacian\n|-damage|p2a: Zacian|0 fnt\n|faint|p2a: Zacian\n|\n|upkeep\n|\n|t:|1697970327\n|switch|p2a: Miraidon|Miraidon|100\/100\n|-fieldstart|move: Electric Terrain|[from] ability: Hadron Engine|[of] p2a: Miraidon\n|turn|18\n|\n|t:|1697970332\n|move|p1a: Arceus|Extreme Speed|p2a: Miraidon\n|-damage|p2a: Miraidon|0 fnt\n|faint|p2a: Miraidon\n|\n|upkeep\n|\n|t:|1697970335\n|switch|p2a: Shaymin|Shaymin-Sky|100\/100\n|turn|19\n|\n|t:|1697970337\n|-terastallize|p2a: Shaymin|Flying\n|move|p1a: Arceus|Extreme Speed|p2a: Shaymin\n|-damage|p2a: Shaymin|0 fnt\n|faint|p2a: Shaymin\n|\n|upkeep\n|\n|t:|1697970341\n|switch|p2a: Koraidon|Koraidon|45\/100\n|-weather|SunnyDay|[from] ability: Orichalcum Pulse|[of] p2a: Koraidon\n|-activate|p2a: Koraidon|Orichalcum Pulse|[source]\n|turn|20\n|\n|t:|1697970343\n|move|p1a: Arceus|Extreme Speed|p2a: Koraidon\n|-damage|p2a: Koraidon|0 fnt\n|faint|p2a: Koraidon\n|\n|win|DiffusedTurtle\n|raw|DiffusedTurtle's rating: 1313 &rarr; <strong>1338<\/strong><br \/>(+25 for winning)\n|raw|Lukkz's rating: 1407 &rarr; <strong>1382<\/strong><br \/>(-25 for losing)\n|c|\u2606DiffusedTurtle|ggs\n","uploadtime":1697970350,"views":13,"p1id":"diffusedturtle","p2id":"lukkz","formatid":"gen9ubers","rating":1338,"private":0,"password":""}