{"id":"gen9ubers-1973176552","p1":"terraxgeb","p2":"Anne Frankkkk","format":"[Gen 9] Ubers","log":"|j|\u2606terraxgeb\n|j|\u2606Anne Frankkkk\n|t:|1697936086\n|gametype|singles\n|player|p1|terraxgeb|buck|1052\n|player|p2|Anne Frankkkk|hilbert|1149\n|teamsize|p1|6\n|teamsize|p2|6\n|gen|9\n|tier|[Gen 9] Ubers\n|rated|\n|rule|Sleep Clause Mod: Limit one foe put to sleep\n|rule|Species Clause: Limit one of each Pok\u00e9mon\n|rule|OHKO Clause: OHKO moves are banned\n|rule|Evasion Items Clause: Evasion items are banned\n|rule|Evasion Moves Clause: Evasion moves are banned\n|rule|Endless Battle Clause: Forcing endless battles is banned\n|rule|HP Percentage Mod: HP is shown in percentages\n|clearpoke\n|poke|p1|Skeledirge, F|\n|poke|p1|Umbreon, M|\n|poke|p1|Iron Bundle|\n|poke|p1|Slowking-Galar, F|\n|poke|p1|Gliscor, F|\n|poke|p1|Sinistcha-Masterpiece|\n|poke|p2|Iron Hands|\n|poke|p2|Kyogre|\n|poke|p2|Chien-Pao|\n|poke|p2|Ribombee, M|\n|poke|p2|Miraidon|\n|poke|p2|Iron Moth|\n|teampreview\n|inactive|Battle timer is ON: inactive players will automatically lose when time's up. (requested by terraxgeb)\n|\n|t:|1697936090\n|start\n|switch|p1a: Iron Bundle|Iron Bundle, shiny|100\/100\n|switch|p2a: Ribombee|Ribombee, M, shiny|100\/100\n|turn|1\n|\n|t:|1697936096\n|move|p1a: Iron Bundle|Freeze-Dry|p2a: Ribombee\n|-damage|p2a: Ribombee|43\/100\n|move|p2a: Ribombee|Sticky Web|p1a: Iron Bundle\n|-sidestart|p1: terraxgeb|move: Sticky Web\n|\n|upkeep\n|turn|2\n|\n|t:|1697936101\n|move|p1a: Iron Bundle|Freeze-Dry|p2a: Ribombee\n|-damage|p2a: Ribombee|0 fnt\n|faint|p2a: Ribombee\n|\n|upkeep\n|\n|t:|1697936106\n|switch|p2a: Iron Hands|Iron Hands, shiny|100\/100\n|turn|3\n|\n|t:|1697936112\n|move|p2a: Iron Hands|Fake Out|p1a: Iron Bundle\n|-damage|p1a: Iron Bundle|85\/100\n|cant|p1a: Iron Bundle|flinch\n|\n|upkeep\n|turn|4\n|\n|t:|1697936114\n|move|p1a: Iron Bundle|U-turn|p2a: Iron Hands\n|-resisted|p2a: Iron Hands\n|-damage|p2a: Iron Hands|97\/100\n|\n|t:|1697936119\n|-end|p1a: Iron Bundle|Quark Drive|[silent]\n|switch|p1a: Gliscor|Gliscor, F|100\/100|[from] U-turn\n|move|p2a: Iron Hands|Drain Punch|p1a: Gliscor\n|-resisted|p1a: Gliscor\n|-damage|p1a: Gliscor|83\/100\n|-heal|p2a: Iron Hands|100\/100|[from] drain|[of] p1a: Gliscor\n|\n|-status|p1a: Gliscor|tox|[from] item: Toxic Orb\n|upkeep\n|turn|5\n|\n|t:|1697936136\n|move|p1a: Gliscor|Knock Off|p2a: Iron Hands\n|-resisted|p2a: Iron Hands\n|-damage|p2a: Iron Hands|93\/100\n|-enditem|p2a: Iron Hands|Assault Vest|[from] move: Knock Off|[of] p1a: Gliscor\n|move|p2a: Iron Hands|Heavy Slam|p1a: Gliscor\n|-damage|p1a: Gliscor|46\/100 tox\n|\n|-heal|p1a: Gliscor|58\/100 tox|[from] ability: Poison Heal\n|upkeep\n|turn|6\n|\n|t:|1697936144\n|move|p1a: Gliscor|Swords Dance|p1a: Gliscor\n|-boost|p1a: Gliscor|atk|2\n|move|p2a: Iron Hands|Heavy Slam|p1a: Gliscor\n|-damage|p1a: Gliscor|22\/100 tox\n|\n|-heal|p1a: Gliscor|35\/100 tox|[from] ability: Poison Heal\n|upkeep\n|turn|7\n|\n|t:|1697936147\n|move|p1a: Gliscor|Earthquake|p2a: Iron Hands\n|-supereffective|p2a: Iron Hands\n|-damage|p2a: Iron Hands|12\/100\n|move|p2a: Iron Hands|Heavy Slam|p1a: Gliscor\n|-damage|p1a: Gliscor|0 fnt\n|faint|p1a: Gliscor\n|\n|upkeep\n|\n|t:|1697936150\n|switch|p1a: Iron Bundle|Iron Bundle, shiny|85\/100\n|turn|8\n|\n|t:|1697936154\n|move|p1a: Iron Bundle|Freeze-Dry|p2a: Iron Hands\n|-damage|p2a: Iron Hands|0 fnt\n|faint|p2a: Iron Hands\n|-end|p2a: Iron Hands|Quark Drive|[silent]\n|\n|upkeep\n|\n|t:|1697936163\n|switch|p2a: Chien-Pao|Chien-Pao|100\/100\n|-ability|p2a: Chien-Pao|Sword of Ruin\n|turn|9\n|\n|t:|1697936167\n|move|p1a: Iron Bundle|U-turn|p2a: Chien-Pao\n|-supereffective|p2a: Chien-Pao\n|-damage|p2a: Chien-Pao|70\/100\n|\n|t:|1697936170\n|-end|p1a: Iron Bundle|Quark Drive|[silent]\n|switch|p1a: Skeledirge|Skeledirge, F|100\/100|[from] U-turn\n|-activate|p1a: Skeledirge|move: Sticky Web\n|-unboost|p1a: Skeledirge|spe|1\n|move|p2a: Chien-Pao|Swords Dance|p2a: Chien-Pao\n|-boost|p2a: Chien-Pao|atk|2\n|\n|upkeep\n|turn|10\n|\n|t:|1697936177\n|move|p2a: Chien-Pao|Sucker Punch|p1a: Skeledirge\n|-supereffective|p1a: Skeledirge\n|-damage|p1a: Skeledirge|8\/100\n|-enditem|p1a: Skeledirge|Weakness Policy\n|-boost|p1a: Skeledirge|atk|2|[from] item: Weakness Policy\n|-boost|p1a: Skeledirge|spa|2|[from] item: Weakness Policy\n|-damage|p2a: Chien-Pao|60\/100|[from] item: Life Orb\n|move|p1a: Skeledirge|Torch Song|p2a: Chien-Pao\n|-supereffective|p2a: Chien-Pao\n|-damage|p2a: Chien-Pao|0 fnt\n|-boost|p1a: Skeledirge|spa|1\n|faint|p2a: Chien-Pao\n|\n|upkeep\n|\n|t:|1697936188\n|switch|p2a: Kyogre|Kyogre|100\/100\n|-weather|RainDance|[from] ability: Drizzle|[of] p2a: Kyogre\n|turn|11\n|\n|t:|1697936195\n|-terastallize|p2a: Kyogre|Water\n|move|p2a: Kyogre|Water Spout|p1a: Skeledirge\n|-supereffective|p1a: Skeledirge\n|-damage|p1a: Skeledirge|0 fnt\n|faint|p1a: Skeledirge\n|\n|-weather|RainDance|[upkeep]\n|upkeep\n|\n|t:|1697936202\n|switch|p1a: Sinistcha|Sinistcha-Masterpiece|100\/100\n|-activate|p1a: Sinistcha|move: Sticky Web\n|-unboost|p1a: Sinistcha|spe|1\n|turn|12\n|\n|t:|1697936206\n|move|p2a: Kyogre|Water Spout|p1a: Sinistcha\n|-resisted|p1a: Sinistcha\n|-damage|p1a: Sinistcha|0 fnt\n|faint|p1a: Sinistcha\n|\n|-weather|RainDance|[upkeep]\n|upkeep\n|\n|t:|1697936213\n|switch|p1a: Slowking|Slowking-Galar, F|100\/100\n|-activate|p1a: Slowking|move: Sticky Web\n|-unboost|p1a: Slowking|spe|1\n|turn|13\n|\n|t:|1697936217\n|move|p2a: Kyogre|Water Spout|p1a: Slowking\n|-crit|p1a: Slowking\n|-damage|p1a: Slowking|0 fnt\n|faint|p1a: Slowking\n|\n|-weather|RainDance|[upkeep]\n|upkeep\n|\n|t:|1697936222\n|switch|p1a: Iron Bundle|Iron Bundle, shiny|85\/100\n|turn|14\n|\n|t:|1697936225\n|move|p1a: Iron Bundle|Freeze-Dry|p2a: Kyogre\n|-supereffective|p2a: Kyogre\n|-damage|p2a: Kyogre|58\/100\n|move|p2a: Kyogre|Water Spout|p1a: Iron Bundle\n|-resisted|p1a: Iron Bundle\n|-damage|p1a: Iron Bundle|0 fnt\n|faint|p1a: Iron Bundle\n|-end|p1a: Iron Bundle|Quark Drive|[silent]\n|\n|-weather|RainDance|[upkeep]\n|upkeep\n|\n|t:|1697936227\n|switch|p1a: Umbreon|Umbreon, M, shiny|100\/100\n|-activate|p1a: Umbreon|move: Sticky Web\n|-unboost|p1a: Umbreon|spe|1\n|turn|15\n|\n|t:|1697936230\n|move|p1a: Umbreon|Detect|p1a: Umbreon\n|-singleturn|p1a: Umbreon|Protect\n|move|p2a: Kyogre|Water Spout|p1a: Umbreon\n|-activate|p1a: Umbreon|move: Protect\n|\n|-weather|none\n|upkeep\n|turn|16\n|\n|t:|1697936232\n|move|p2a: Kyogre|Water Spout|p1a: Umbreon\n|-damage|p1a: Umbreon|42\/100\n|move|p1a: Umbreon|Snarl|p2a: Kyogre\n|-damage|p2a: Kyogre|48\/100\n|-unboost|p2a: Kyogre|spa|1\n|\n|-heal|p1a: Umbreon|48\/100|[from] item: Leftovers\n|upkeep\n|turn|17\n|\n|t:|1697936239\n|-terastallize|p1a: Umbreon|Ghost\n|move|p1a: Umbreon|Detect|p1a: Umbreon\n|-singleturn|p1a: Umbreon|Protect\n|move|p2a: Kyogre|Water Spout|p1a: Umbreon\n|-activate|p1a: Umbreon|move: Protect\n|\n|-heal|p1a: Umbreon|54\/100|[from] item: Leftovers\n|upkeep\n|turn|18\n|\n|t:|1697936246\n|switch|p2a: Miraidon|Miraidon|100\/100\n|-fieldstart|move: Electric Terrain|[from] ability: Hadron Engine|[of] p2a: Miraidon\n|-item|p2a: Miraidon|Air Balloon\n|move|p1a: Umbreon|Wish|p1a: Umbreon\n|\n|-heal|p1a: Umbreon|60\/100|[from] item: Leftovers\n|upkeep\n|turn|19\n|\n|t:|1697936254\n|move|p1a: Umbreon|Detect|p1a: Umbreon\n|-singleturn|p1a: Umbreon|Protect\n|move|p2a: Miraidon|Electro Drift|p1a: Umbreon\n|-activate|p1a: Umbreon|move: Protect\n|\n|-heal|p1a: Umbreon|100\/100|[from] move: Wish|[wisher] Umbreon\n|upkeep\n|turn|20\n|\n|t:|1697936261\n|move|p2a: Miraidon|Electro Drift|p1a: Umbreon\n|-damage|p1a: Umbreon|53\/100\n|move|p1a: Umbreon|Snarl|p2a: Miraidon\n|-damage|p2a: Miraidon|91\/100\n|-unboost|p2a: Miraidon|spa|1\n|-enditem|p2a: Miraidon|Air Balloon\n|\n|-heal|p1a: Umbreon|59\/100|[from] item: Leftovers\n|upkeep\n|turn|21\n|\n|t:|1697936269\n|move|p1a: Umbreon|Detect|p1a: Umbreon\n|-singleturn|p1a: Umbreon|Protect\n|move|p2a: Miraidon|Electro Drift|p1a: Umbreon\n|-activate|p1a: Umbreon|move: Protect\n|\n|-heal|p1a: Umbreon|65\/100|[from] item: Leftovers\n|upkeep\n|turn|22\n|\n|t:|1697936275\n|move|p2a: Miraidon|Electro Drift|p1a: Umbreon\n|-damage|p1a: Umbreon|24\/100\n|move|p1a: Umbreon|Wish|p1a: Umbreon\n|\n|-heal|p1a: Umbreon|30\/100|[from] item: Leftovers\n|-fieldend|move: Electric Terrain\n|upkeep\n|turn|23\n|\n|t:|1697936282\n|move|p1a: Umbreon|Detect|p1a: Umbreon\n|-singleturn|p1a: Umbreon|Protect\n|move|p2a: Miraidon|Calm Mind|p2a: Miraidon\n|-boost|p2a: Miraidon|spa|1\n|-boost|p2a: Miraidon|spd|1\n|\n|-heal|p1a: Umbreon|80\/100|[from] move: Wish|[wisher] Umbreon\n|-heal|p1a: Umbreon|87\/100|[from] item: Leftovers\n|upkeep\n|turn|24\n|\n|t:|1697936286\n|move|p2a: Miraidon|Electro Drift|p1a: Umbreon\n|-crit|p1a: Umbreon\n|-damage|p1a: Umbreon|34\/100\n|move|p1a: Umbreon|Snarl|p2a: Miraidon\n|-damage|p2a: Miraidon|83\/100\n|-unboost|p2a: Miraidon|spa|1\n|\n|-heal|p1a: Umbreon|40\/100|[from] item: Leftovers\n|upkeep\n|turn|25\n|\n|t:|1697936295\n|switch|p2a: Kyogre|Kyogre, tera:Water|48\/100\n|-weather|RainDance|[from] ability: Drizzle|[of] p2a: Kyogre\n|move|p1a: Umbreon|Snarl|p2a: Kyogre\n|-damage|p2a: Kyogre|39\/100\n|-unboost|p2a: Kyogre|spa|1\n|\n|-weather|RainDance|[upkeep]\n|-heal|p1a: Umbreon|46\/100|[from] item: Leftovers\n|upkeep\n|turn|26\n|\n|t:|1697936302\n|move|p1a: Umbreon|Detect|p1a: Umbreon\n|-singleturn|p1a: Umbreon|Protect\n|move|p2a: Kyogre|Origin Pulse|p1a: Umbreon\n|-activate|p1a: Umbreon|move: Protect\n|\n|-weather|RainDance|[upkeep]\n|-heal|p1a: Umbreon|52\/100|[from] item: Leftovers\n|upkeep\n|turn|27\n|\n|t:|1697936308\n|move|p2a: Kyogre|Origin Pulse|p1a: Umbreon\n|-damage|p1a: Umbreon|0 fnt\n|faint|p1a: Umbreon\n|\n|win|Anne Frankkkk\n|raw|terraxgeb's rating: 1052 &rarr; <strong>1039<\/strong><br \/>(-13 for losing)\n|raw|Anne Frankkkk's rating: 1149 &rarr; <strong>1167<\/strong><br \/>(+18 for winning)\n","uploadtime":1697936314,"views":10,"p1id":"terraxgeb","p2id":"annefrankkkk","formatid":"gen9ubers","rating":1039,"private":0,"password":""}