{"id":"gen9ubers-1972258704","p1":"TREASURE4151525","p2":"quetzalxxx","format":"[Gen 9] Ubers","log":"|j|\u2606TREASURE4151525\n|j|\u2606quetzalxxx\n|t:|1697825757\n|gametype|singles\n|player|p1|TREASURE4151525|gambler|1000\n|player|p2|quetzalxxx|giovanni|1066\n|teamsize|p1|4\n|teamsize|p2|6\n|gen|9\n|tier|[Gen 9] Ubers\n|rated|\n|rule|Sleep Clause Mod: Limit one foe put to sleep\n|rule|Species Clause: Limit one of each Pok\u00e9mon\n|rule|OHKO Clause: OHKO moves are banned\n|rule|Evasion Items Clause: Evasion items are banned\n|rule|Evasion Moves Clause: Evasion moves are banned\n|rule|Endless Battle Clause: Forcing endless battles is banned\n|rule|HP Percentage Mod: HP is shown in percentages\n|clearpoke\n|poke|p1|Wo-Chien|\n|poke|p1|Ting-Lu|\n|poke|p1|Chien-Pao|\n|poke|p1|Chi-Yu|\n|poke|p2|Gyarados, F|\n|poke|p2|Snorlax, M|\n|poke|p2|Mewtwo|\n|poke|p2|Typhlosion-Hisui, M|\n|poke|p2|Scizor, M|\n|poke|p2|Tyranitar, M|\n|teampreview\n|\n|t:|1697825761\n|start\n|switch|p1a: Your mom|Wo-Chien|100\/100\n|switch|p2a: Gyarados|Gyarados, F|100\/100\n|-ability|p1a: Your mom|Tablets of Ruin\n|-ability|p2a: Gyarados|Intimidate|boost\n|-unboost|p1a: Your mom|atk|1\n|turn|1\n|inactive|Battle timer is ON: inactive players will automatically lose when time's up. (requested by TREASURE4151525)\n|\n|t:|1697825802\n|switch|p2a: Scizor|Scizor, M, shiny|100\/100\n|move|p1a: Your mom|Mega Drain|p2a: Scizor\n|-resisted|p2a: Scizor\n|-damage|p2a: Scizor|96\/100\n|\n|upkeep\n|turn|2\n|\n|t:|1697825810\n|-terastallize|p1a: Your mom|Fire\n|move|p1a: Your mom|Ruination|p2a: Scizor\n|-damage|p2a: Scizor|48\/100\n|move|p2a: Scizor|X-Scissor|p1a: Your mom\n|-resisted|p1a: Your mom\n|-damage|p1a: Your mom|83\/100\n|\n|upkeep\n|turn|3\n|\n|t:|1697825831\n|switch|p2a: Tyranitar|Tyranitar, M|100\/100\n|-weather|Sandstorm|[from] ability: Sand Stream|[of] p2a: Tyranitar\n|move|p1a: Your mom|Mega Drain|p2a: Tyranitar\n|-supereffective|p2a: Tyranitar\n|-damage|p2a: Tyranitar|85\/100\n|-heal|p1a: Your mom|93\/100|[from] drain|[of] p2a: Tyranitar\n|\n|-weather|Sandstorm|[upkeep]\n|-damage|p1a: Your mom|87\/100|[from] Sandstorm\n|upkeep\n|turn|4\n|inactive|quetzalxxx has 120 seconds left.\n|\n|t:|1697825855\n|-terastallize|p2a: Tyranitar|Electric\n|move|p1a: Your mom|Ruination|p2a: Tyranitar\n|-damage|p2a: Tyranitar|43\/100\n|move|p2a: Tyranitar|Earthquake|p1a: Your mom\n|-supereffective|p1a: Your mom\n|-damage|p1a: Your mom|32\/100\n|\n|-weather|Sandstorm|[upkeep]\n|-damage|p1a: Your mom|26\/100|[from] Sandstorm\n|-damage|p2a: Tyranitar|37\/100|[from] Sandstorm\n|upkeep\n|turn|5\n|inactive|quetzalxxx has 120 seconds left.\n|\n|t:|1697825869\n|move|p1a: Your mom|Ruination|p2a: Tyranitar\n|-damage|p2a: Tyranitar|19\/100\n|-enditem|p2a: Tyranitar|Aguav Berry|[eat]\n|-heal|p2a: Tyranitar|52\/100|[from] item: Aguav Berry\n|move|p2a: Tyranitar|Earthquake|p1a: Your mom\n|-supereffective|p1a: Your mom\n|-damage|p1a: Your mom|0 fnt\n|faint|p1a: Your mom\n|\n|-weather|Sandstorm|[upkeep]\n|-damage|p2a: Tyranitar|46\/100|[from] Sandstorm\n|upkeep\n|\n|t:|1697825879\n|switch|p1a: Blyth\u2019s panther|Chien-Pao|100\/100\n|-ability|p1a: Blyth\u2019s panther|Sword of Ruin\n|turn|6\n|inactive|quetzalxxx has 120 seconds left.\n|\n|t:|1697825894\n|move|p1a: Blyth\u2019s panther|Ice Fang|p2a: Tyranitar\n|-damage|p2a: Tyranitar|6\/100\n|move|p2a: Tyranitar|Body Press|p1a: Blyth\u2019s panther\n|-supereffective|p1a: Blyth\u2019s panther\n|-damage|p1a: Blyth\u2019s panther|0 fnt\n|faint|p1a: Blyth\u2019s panther\n|\n|-weather|Sandstorm|[upkeep]\n|-damage|p2a: Tyranitar|0 fnt|[from] Sandstorm\n|faint|p2a: Tyranitar\n|upkeep\n|inactive|quetzalxxx has 120 seconds left.\n|\n|t:|1697825930\n|switch|p1a: Hyneria|Chi-Yu|100\/100\n|switch|p2a: Scizor|Scizor, M, shiny|48\/100\n|-ability|p1a: Hyneria|Beads of Ruin\n|turn|7\n|inactive|quetzalxxx has 90 seconds left.\n|\n|t:|1697825947\n|switch|p2a: Snorlax|Snorlax, M|100\/100\n|move|p1a: Hyneria|Fire Blast|p2a: Snorlax\n|-damage|p2a: Snorlax|60\/100\n|\n|-weather|none\n|-heal|p2a: Snorlax|67\/100|[from] item: Leftovers\n|upkeep\n|turn|8\n|inactive|quetzalxxx has 90 seconds left.\n|\n|t:|1697825959\n|move|p1a: Hyneria|Ruination|p2a: Snorlax\n|-damage|p2a: Snorlax|34\/100\n|move|p2a: Snorlax|Body Press|p1a: Hyneria\n|-supereffective|p1a: Hyneria\n|-damage|p1a: Hyneria|55\/100\n|\n|-heal|p2a: Snorlax|40\/100|[from] item: Leftovers\n|upkeep\n|turn|9\n|inactive|quetzalxxx has 90 seconds left.\n|\n|t:|1697825982\n|switch|p2a: Gyarados|Gyarados, F|100\/100\n|-ability|p2a: Gyarados|Intimidate|boost\n|-unboost|p1a: Hyneria|atk|1\n|move|p1a: Hyneria|Fire Blast|p2a: Gyarados\n|-resisted|p2a: Gyarados\n|-damage|p2a: Gyarados|73\/100\n|\n|-heal|p2a: Gyarados|79\/100|[from] item: Leftovers\n|upkeep\n|turn|10\n|\n|t:|1697825996\n|switch|p1a: Megaloceros|Ting-Lu|100\/100\n|-ability|p1a: Megaloceros|Vessel of Ruin\n|move|p2a: Gyarados|Dragon Dance|p2a: Gyarados\n|-boost|p2a: Gyarados|atk|1\n|-boost|p2a: Gyarados|spe|1\n|\n|-heal|p2a: Gyarados|85\/100|[from] item: Leftovers\n|upkeep\n|turn|11\n|\n|t:|1697826009\n|move|p2a: Gyarados|Hydro Pump|p1a: Megaloceros\n|-supereffective|p1a: Megaloceros\n|-damage|p1a: Megaloceros|59\/100\n|move|p1a: Megaloceros|Taunt|p2a: Gyarados\n|-start|p2a: Gyarados|move: Taunt\n|\n|-heal|p2a: Gyarados|92\/100|[from] item: Leftovers\n|upkeep\n|turn|12\n|\n|t:|1697826022\n|move|p2a: Gyarados|Hydro Pump|p1a: Megaloceros|[miss]\n|-miss|p2a: Gyarados|p1a: Megaloceros\n|move|p1a: Megaloceros|Spikes|p2a: Gyarados\n|-sidestart|p2: quetzalxxx|Spikes\n|\n|-heal|p2a: Gyarados|98\/100|[from] item: Leftovers\n|upkeep\n|turn|13\n|\n|t:|1697826030\n|move|p2a: Gyarados|Hydro Pump|p1a: Megaloceros|[miss]\n|-miss|p2a: Gyarados|p1a: Megaloceros\n|move|p1a: Megaloceros|Ruination|p2a: Gyarados\n|-damage|p2a: Gyarados|49\/100\n|\n|-heal|p2a: Gyarados|55\/100|[from] item: Leftovers\n|upkeep\n|turn|14\n|inactive|quetzalxxx has 90 seconds left.\n|\n|t:|1697826040\n|move|p2a: Gyarados|Dragon Pulse|p1a: Megaloceros\n|-damage|p1a: Megaloceros|49\/100\n|move|p1a: Megaloceros|Stomping Tantrum|p2a: Gyarados\n|-immune|p2a: Gyarados\n|\n|-heal|p2a: Gyarados|62\/100|[from] item: Leftovers\n|-end|p2a: Gyarados|move: Taunt\n|upkeep\n|turn|15\n|inactive|quetzalxxx has 90 seconds left.\n|\n|t:|1697826051\n|move|p2a: Gyarados|Dragon Dance|p2a: Gyarados\n|-boost|p2a: Gyarados|atk|1\n|-boost|p2a: Gyarados|spe|1\n|move|p1a: Megaloceros|Taunt|p2a: Gyarados\n|-start|p2a: Gyarados|move: Taunt\n|\n|-heal|p2a: Gyarados|68\/100|[from] item: Leftovers\n|upkeep\n|turn|16\n|inactive|quetzalxxx has 90 seconds left.\n|\n|t:|1697826061\n|move|p2a: Gyarados|Hydro Pump|p1a: Megaloceros\n|-supereffective|p1a: Megaloceros\n|-damage|p1a: Megaloceros|10\/100\n|move|p1a: Megaloceros|Ruination|p2a: Gyarados\n|-damage|p2a: Gyarados|34\/100\n|\n|-heal|p2a: Gyarados|40\/100|[from] item: Leftovers\n|upkeep\n|turn|17\n|inactive|quetzalxxx has 90 seconds left.\n|\n|t:|1697826070\n|move|p2a: Gyarados|Dragon Pulse|p1a: Megaloceros\n|-damage|p1a: Megaloceros|0 fnt\n|faint|p1a: Megaloceros\n|\n|-heal|p2a: Gyarados|47\/100|[from] item: Leftovers\n|upkeep\n|\n|t:|1697826076\n|switch|p1a: Hyneria|Chi-Yu|55\/100\n|-ability|p1a: Hyneria|Beads of Ruin\n|turn|18\n|\n|t:|1697826081\n|move|p2a: Gyarados|Hydro Pump|p1a: Hyneria\n|-supereffective|p1a: Hyneria\n|-enditem|p1a: Hyneria|Passho Berry|[eat]\n|-enditem|p1a: Hyneria|Passho Berry|[weaken]\n|-damage|p1a: Hyneria|21\/100\n|move|p1a: Hyneria|Ruination|p2a: Gyarados\n|-damage|p2a: Gyarados|24\/100\n|\n|-heal|p2a: Gyarados|30\/100|[from] item: Leftovers\n|-end|p2a: Gyarados|move: Taunt\n|upkeep\n|turn|19\n|\n|t:|1697826094\n|move|p2a: Gyarados|Hydro Pump|p1a: Hyneria|[miss]\n|-miss|p2a: Gyarados|p1a: Hyneria\n|move|p1a: Hyneria|Fire Blast|p2a: Gyarados|[miss]\n|-miss|p1a: Hyneria|p2a: Gyarados\n|\n|-heal|p2a: Gyarados|36\/100|[from] item: Leftovers\n|upkeep\n|turn|20\n|\n|t:|1697826103\n|move|p2a: Gyarados|Dragon Pulse|p1a: Hyneria\n|-damage|p1a: Hyneria|3\/100\n|move|p1a: Hyneria|Ruination|p2a: Gyarados\n|-damage|p2a: Gyarados|18\/100\n|\n|-heal|p2a: Gyarados|25\/100|[from] item: Leftovers\n|upkeep\n|turn|21\n|\n|t:|1697826113\n|move|p2a: Gyarados|Dragon Pulse|p1a: Hyneria\n|-damage|p1a: Hyneria|0 fnt\n|faint|p1a: Hyneria\n|\n|win|quetzalxxx\n|raw|TREASURE4151525's rating: 1000 &rarr; <strong>1000<\/strong><br \/>(+0 for losing)\n|raw|quetzalxxx's rating: 1066 &rarr; <strong>1090<\/strong><br \/>(+24 for winning)\n|l|\u2606TREASURE4151525\n","uploadtime":1697826121,"views":8,"p1id":"treasure4151525","p2id":"quetzalxxx","formatid":"gen9ubers","rating":1000,"private":0,"password":""}