{"id":"gen9ubers-1994861373","p1":"Skyiew","p2":"tekken_is_life","format":"[Gen 9] Ubers","log":"|j|\u2606Skyiew\n|j|\u2606tekken_is_life\n|t:|1700499504\n|gametype|singles\n|player|p1|Skyiew|dawn|1586\n|player|p2|tekken_is_life|riley|1641\n|teamsize|p1|6\n|teamsize|p2|6\n|gen|9\n|tier|[Gen 9] Ubers\n|rated|\n|rule|Sleep Clause Mod: Limit one foe put to sleep\n|rule|Species Clause: Limit one of each Pok\u00e9mon\n|rule|OHKO Clause: OHKO moves are banned\n|rule|Evasion Items Clause: Evasion items are banned\n|rule|Evasion Moves Clause: Evasion moves are banned\n|rule|Endless Battle Clause: Forcing endless battles is banned\n|rule|HP Percentage Mod: HP is shown in percentages\n|clearpoke\n|poke|p1|Ribombee, F|\n|poke|p1|Zacian-*|\n|poke|p1|Arceus|\n|poke|p1|Miraidon|\n|poke|p1|Ditto|\n|poke|p1|Eternatus|\n|poke|p2|Rayquaza|\n|poke|p2|Zacian-*|\n|poke|p2|Skeledirge, M|\n|poke|p2|Miraidon|\n|poke|p2|Arceus-Ground|\n|poke|p2|Iron Bundle|\n|teampreview\n|\n|t:|1700499518\n|start\n|switch|p1a: Ribombee|Ribombee, F|100\/100\n|switch|p2a: Still Decent|Zacian-Crowned|100\/100\n|-ability|p2a: Still Decent|Intrepid Sword|boost\n|-boost|p2a: Still Decent|atk|1\n|turn|1\n|\n|t:|1700499523\n|move|p2a: Still Decent|Substitute|p2a: Still Decent\n|-start|p2a: Still Decent|Substitute\n|-damage|p2a: Still Decent|76\/100\n|move|p1a: Ribombee|Tailwind|p1a: Ribombee\n|-sidestart|p1: Skyiew|move: Tailwind\n|\n|upkeep\n|turn|2\n|\n|t:|1700499525\n|move|p1a: Ribombee|Sticky Web|p2a: Still Decent\n|-sidestart|p2: tekken_is_life|move: Sticky Web\n|move|p2a: Still Decent|Behemoth Blade|p1a: Ribombee\n|-supereffective|p1a: Ribombee\n|-enditem|p1a: Ribombee|Focus Sash\n|-damage|p1a: Ribombee|1\/100\n|\n|upkeep\n|turn|3\n|\n|t:|1700499536\n|move|p1a: Ribombee|Moonblast|p2a: Still Decent\n|-resisted|p2a: Still Decent\n|-activate|p2a: Still Decent|move: Substitute|[damage]\n|move|p2a: Still Decent|Substitute|p2a: Still Decent\n|-fail|p2a: Still Decent|move: Substitute\n|\n|upkeep\n|turn|4\n|\n|t:|1700499544\n|move|p1a: Ribombee|Moonblast|p2a: Still Decent\n|-resisted|p2a: Still Decent\n|-end|p2a: Still Decent|Substitute\n|move|p2a: Still Decent|Substitute|p2a: Still Decent\n|-start|p2a: Still Decent|Substitute\n|-damage|p2a: Still Decent|51\/100\n|\n|-sideend|p1: Skyiew|move: Tailwind\n|upkeep\n|turn|5\n|\n|t:|1700499553\n|move|p2a: Still Decent|Behemoth Blade|p1a: Ribombee\n|-supereffective|p1a: Ribombee\n|-damage|p1a: Ribombee|0 fnt\n|faint|p1a: Ribombee\n|\n|upkeep\n|\n|t:|1700499560\n|switch|p1a: Zacian|Zacian-Crowned|100\/100\n|-ability|p1a: Zacian|Intrepid Sword|boost\n|-boost|p1a: Zacian|atk|1\n|turn|6\n|\n|t:|1700499562\n|move|p1a: Zacian|Behemoth Blade|p2a: Still Decent\n|-end|p2a: Still Decent|Substitute\n|move|p2a: Still Decent|Behemoth Blade|p1a: Zacian\n|-damage|p1a: Zacian|17\/100\n|\n|upkeep\n|turn|7\n|\n|t:|1700499564\n|move|p2a: Still Decent|Behemoth Blade|p1a: Zacian\n|-damage|p1a: Zacian|0 fnt\n|faint|p1a: Zacian\n|\n|upkeep\n|inactive|Battle timer is ON: inactive players will automatically lose when time's up. (requested by tekken_is_life)\n|\n|t:|1700499569\n|switch|p1a: Ditto|Ditto|100\/100\n|-transform|p1a: Ditto|p2a: Still Decent|[from] ability: Imposter\n|-ability|p1a: Ditto|Intrepid Sword|boost\n|-boost|p1a: Ditto|atk|1\n|turn|8\n|\n|t:|1700499573\n|switch|p1a: Eternatus|Eternatus|100\/100\n|-ability|p1a: Eternatus|Pressure\n|switch|p2a: Skeledirge|Skeledirge, M|100\/100\n|\n|upkeep\n|turn|9\n|\n|t:|1700499581\n|switch|p2a: Still Decent|Zacian-Crowned|51\/100\n|-activate|p2a: Still Decent|move: Sticky Web\n|-unboost|p2a: Still Decent|spe|1\n|move|p1a: Eternatus|Dynamax Cannon|p2a: Still Decent\n|-immune|p2a: Still Decent\n|\n|upkeep\n|turn|10\n|\n|t:|1700499583\n|move|p1a: Eternatus|Agility|p1a: Eternatus\n|-boost|p1a: Eternatus|spe|2\n|move|p2a: Still Decent|Behemoth Blade|p1a: Eternatus\n|-damage|p1a: Eternatus|58\/100\n|\n|upkeep\n|turn|11\n|\n|t:|1700499588\n|move|p1a: Eternatus|Fire Blast|p2a: Still Decent\n|-supereffective|p2a: Still Decent\n|-damage|p2a: Still Decent|0 fnt\n|faint|p2a: Still Decent\n|\n|upkeep\n|\n|t:|1700499592\n|switch|p2a: Ban me|Arceus-Ground|100\/100\n|-activate|p2a: Ban me|move: Sticky Web\n|-unboost|p2a: Ban me|spe|1\n|turn|12\n|\n|t:|1700499596\n|move|p1a: Eternatus|Dynamax Cannon|p2a: Ban me\n|-damage|p2a: Ban me|53\/100\n|move|p2a: Ban me|Earthquake|p1a: Eternatus\n|-supereffective|p1a: Eternatus\n|-crit|p1a: Eternatus\n|-damage|p1a: Eternatus|0 fnt\n|faint|p1a: Eternatus\n|\n|upkeep\n|\n|t:|1700499602\n|switch|p1a: Arceus|Arceus|100\/100\n|turn|13\n|\n|t:|1700499604\n|move|p1a: Arceus|Swords Dance|p1a: Arceus\n|-boost|p1a: Arceus|atk|2\n|move|p2a: Ban me|Earthquake|p1a: Arceus\n|-damage|p1a: Arceus|60\/100\n|\n|upkeep\n|turn|14\n|\n|t:|1700499608\n|switch|p2a: Skeledirge|Skeledirge, M|100\/100\n|move|p1a: Arceus|Recover|p1a: Arceus\n|-heal|p1a: Arceus|100\/100\n|\n|upkeep\n|turn|15\n|\n|t:|1700499611\n|-terastallize|p1a: Arceus|Fire\n|move|p1a: Arceus|Shadow Claw|p2a: Skeledirge\n|-supereffective|p2a: Skeledirge\n|-damage|p2a: Skeledirge|68\/100\n|move|p2a: Skeledirge|Will-O-Wisp|p1a: Arceus\n|-immune|p1a: Arceus\n|\n|upkeep\n|turn|16\n|\n|t:|1700499616\n|move|p1a: Arceus|Shadow Claw|p2a: Skeledirge\n|-supereffective|p2a: Skeledirge\n|-damage|p2a: Skeledirge|35\/100\n|move|p2a: Skeledirge|Slack Off|p2a: Skeledirge\n|-heal|p2a: Skeledirge|85\/100\n|\n|upkeep\n|turn|17\n|\n|t:|1700499620\n|move|p1a: Arceus|Shadow Claw|p2a: Skeledirge\n|-supereffective|p2a: Skeledirge\n|-damage|p2a: Skeledirge|56\/100\n|move|p2a: Skeledirge|Slack Off|p2a: Skeledirge\n|-heal|p2a: Skeledirge|100\/100\n|\n|upkeep\n|turn|18\n|\n|t:|1700499623\n|switch|p1a: Miraidon|Miraidon|100\/100\n|-fieldstart|move: Electric Terrain|[from] ability: Hadron Engine|[of] p1a: Miraidon\n|move|p2a: Skeledirge|Torch Song|p1a: Miraidon\n|-resisted|p1a: Miraidon\n|-damage|p1a: Miraidon|87\/100\n|-boost|p2a: Skeledirge|spa|1\n|\n|upkeep\n|turn|19\n|\n|t:|1700499640\n|move|p1a: Miraidon|Draco Meteor|p2a: Skeledirge\n|-damage|p2a: Skeledirge|10\/100\n|-unboost|p1a: Miraidon|spa|2\n|move|p2a: Skeledirge|Earth Power|p1a: Miraidon\n|-supereffective|p1a: Miraidon\n|-damage|p1a: Miraidon|32\/100\n|-unboost|p1a: Miraidon|spd|1\n|\n|upkeep\n|turn|20\n|\n|t:|1700499645\n|move|p1a: Miraidon|Electro Drift|p2a: Skeledirge\n|-damage|p2a: Skeledirge|0 fnt\n|faint|p2a: Skeledirge\n|\n|upkeep\n|\n|t:|1700499651\n|switch|p2a: Poke Ace|Iron Bundle|100\/100\n|-activate|p2a: Poke Ace|ability: Quark Drive\n|-start|p2a: Poke Ace|quarkdrivespe\n|turn|21\n|\n|t:|1700499654\n|switch|p1a: Ditto|Ditto|100\/100\n|-transform|p1a: Ditto|p2a: Poke Ace|[from] ability: Imposter\n|move|p2a: Poke Ace|Freeze-Dry|p1a: Ditto\n|-damage|p1a: Ditto|44\/100\n|\n|upkeep\n|turn|22\n|\n|t:|1700499663\n|move|p1a: Ditto|Encore|p2a: Poke Ace\n|-start|p2a: Poke Ace|Encore\n|move|p2a: Poke Ace|Freeze-Dry|p1a: Ditto\n|-damage|p1a: Ditto|0 fnt\n|faint|p1a: Ditto\n|-end|p1a: Ditto|Quark Drive|[silent]\n|\n|-fieldend|move: Electric Terrain\n|-end|p2a: Poke Ace|Quark Drive\n|upkeep\n|\n|t:|1700499667\n|switch|p1a: Arceus|Arceus, tera:Fire|100\/100\n|turn|23\n|\n|t:|1700499672\n|-end|p2a: Poke Ace|Quark Drive|[silent]\n|switch|p2a: Ban me|Arceus-Ground|53\/100\n|-activate|p2a: Ban me|move: Sticky Web\n|-unboost|p2a: Ban me|spe|1\n|move|p1a: Arceus|Swords Dance|p1a: Arceus\n|-boost|p1a: Arceus|atk|2\n|\n|upkeep\n|turn|24\n|\n|t:|1700499674\n|move|p1a: Arceus|Extreme Speed|p2a: Ban me\n|-damage|p2a: Ban me|0 fnt\n|faint|p2a: Ban me\n|\n|upkeep\n|j| WARIOROFLIBERATION\n|\n|t:|1700499678\n|switch|p2a: I\u2019m allowed smh|Miraidon|100\/100\n|-activate|p2a: I\u2019m allowed smh|move: Sticky Web\n|-unboost|p2a: I\u2019m allowed smh|spe|1\n|-fieldstart|move: Electric Terrain|[from] ability: Hadron Engine|[of] p2a: I\u2019m allowed smh\n|turn|25\n|\n|t:|1700499685\n|-terastallize|p2a: I\u2019m allowed smh|Electric\n|move|p2a: I\u2019m allowed smh|Electro Drift|p1a: Arceus\n|-crit|p1a: Arceus\n|-damage|p1a: Arceus|0 fnt\n|faint|p1a: Arceus\n|\n|upkeep\n|\n|t:|1700499688\n|switch|p1a: Miraidon|Miraidon|32\/100\n|-activate|p1a: Miraidon|ability: Hadron Engine\n|turn|26\n|\n|t:|1700499691\n|move|p2a: I\u2019m allowed smh|Electro Drift|p1a: Miraidon\n|-resisted|p1a: Miraidon\n|-damage|p1a: Miraidon|2\/100\n|move|p1a: Miraidon|Draco Meteor|p2a: I\u2019m allowed smh\n|-damage|p2a: I\u2019m allowed smh|17\/100\n|-unboost|p1a: Miraidon|spa|2\n|\n|upkeep\n|turn|27\n|\n|t:|1700499699\n|move|p2a: I\u2019m allowed smh|Electro Drift|p1a: Miraidon\n|-resisted|p1a: Miraidon\n|-damage|p1a: Miraidon|0 fnt\n|faint|p1a: Miraidon\n|\n|win|tekken_is_life\n|raw|Skyiew's rating: 1586 &rarr; <strong>1569<\/strong><br \/>(-17 for losing)\n|raw|tekken_is_life's rating: 1641 &rarr; <strong>1658<\/strong><br \/>(+17 for winning)\n|l|\u2606Skyiew\n|l|\u2606tekken_is_life\n","uploadtime":1700499716,"views":5,"p1id":"skyiew","p2id":"tekkenislife","formatid":"gen9ubers","rating":1569,"private":0,"password":""}