{"id":"gen9ubers-1969249571","p1":"RoyalReloaded","p2":"LITLE0","format":"[Gen 9] Ubers","log":"|j|\u2606RoyalReloaded\n|j|\u2606LITLE0\n|inactive|Battle timer is ON: inactive players will automatically lose when time's up.\n|t:|1697505997\n|gametype|singles\n|player|p1|RoyalReloaded|#mplixhonchkrows|\n|player|p2|LITLE0|alec-anime|\n|teamsize|p1|6\n|teamsize|p2|6\n|gen|9\n|tier|[Gen 9] Ubers\n|rated|Tournament battle\n|rule|Sleep Clause Mod: Limit one foe put to sleep\n|rule|Species Clause: Limit one of each Pok\u00e9mon\n|rule|OHKO Clause: OHKO moves are banned\n|rule|Evasion Items Clause: Evasion items are banned\n|rule|Evasion Moves Clause: Evasion moves are banned\n|rule|Endless Battle Clause: Forcing endless battles is banned\n|rule|HP Percentage Mod: HP is shown in percentages\n|clearpoke\n|poke|p1|Grimmsnarl, M|\n|poke|p1|Miraidon|\n|poke|p1|Magearna-Original|\n|poke|p1|Zacian-*|\n|poke|p1|Koraidon|\n|poke|p1|Volcarona, F|\n|poke|p2|Blissey, F|\n|poke|p2|Dondozo, M|\n|poke|p2|Koraidon|\n|poke|p2|Torkoal, M|\n|poke|p2|Kingambit, M|\n|poke|p2|Flutter Mane|\n|teampreview\n|j|*Lady Monita \u263d\n|c|\u2606RoyalReloaded|have fun\n|c|\u2606LITLE0|you too\n|j| the zest of lie\n|inactive|RoyalReloaded has 120 seconds left.\n|\n|t:|1697506042\n|start\n|switch|p1a: Grimmsnarl|Grimmsnarl, M|100\/100\n|switch|p2a: Torkoal|Torkoal, M|100\/100\n|-weather|SunnyDay|[from] ability: Drought|[of] p2a: Torkoal\n|turn|1\n|\n|t:|1697506049\n|move|p1a: Grimmsnarl|Taunt|p2a: Torkoal\n|-start|p2a: Torkoal|move: Taunt\n|cant|p2a: Torkoal|move: Taunt|Yawn\n|\n|-weather|SunnyDay|[upkeep]\n|upkeep\n|turn|2\n|inactive|LITLE0 has 120 seconds left.\n|\n|t:|1697506096\n|switch|p2a: Dondozo|Dondozo, M|100\/100\n|move|p1a: Grimmsnarl|Reflect|p1a: Grimmsnarl\n|-sidestart|p1: RoyalReloaded|Reflect\n|\n|-weather|SunnyDay|[upkeep]\n|upkeep\n|turn|3\n|\n|t:|1697506108\n|move|p1a: Grimmsnarl|Light Screen|p1a: Grimmsnarl\n|-sidestart|p1: RoyalReloaded|move: Light Screen\n|move|p2a: Dondozo|Body Press|p1a: Grimmsnarl\n|-damage|p1a: Grimmsnarl|84\/100\n|\n|-weather|SunnyDay|[upkeep]\n|upkeep\n|turn|4\n|inactive|LITLE0 has 90 seconds left.\n|\n|t:|1697506137\n|switch|p2a: Torkoal|Torkoal, M|100\/100\n|move|p1a: Grimmsnarl|Parting Shot|p2a: Torkoal\n|-unboost|p2a: Torkoal|atk|1\n|-unboost|p2a: Torkoal|spa|1\n|\n|t:|1697506147\n|switch|p1a: Magearna|Magearna-Original|100\/100|[from] Parting Shot\n|\n|-weather|SunnyDay|[upkeep]\n|upkeep\n|turn|5\n|\n|t:|1697506157\n|move|p1a: Magearna|Shift Gear|p1a: Magearna\n|-boost|p1a: Magearna|spe|2\n|-boost|p1a: Magearna|atk|1\n|move|p2a: Torkoal|Yawn|p1a: Magearna\n|-start|p1a: Magearna|move: Yawn|[of] p2a: Torkoal\n|\n|-weather|none\n|upkeep\n|turn|6\n|inactive|LITLE0 has 90 seconds left.\n|inactive|RoyalReloaded has 120 seconds left.\n|inactive|RoyalReloaded has 90 seconds left.\n|\n|t:|1697506219\n|switch|p2a: Koraidon|Koraidon|100\/100\n|-weather|SunnyDay|[from] ability: Orichalcum Pulse|[of] p2a: Koraidon\n|-activate|p2a: Koraidon|Orichalcum Pulse|[source]\n|move|p1a: Magearna|Shift Gear|p1a: Magearna\n|-boost|p1a: Magearna|spe|2\n|-boost|p1a: Magearna|atk|1\n|\n|-weather|SunnyDay|[upkeep]\n|-end|p1a: Magearna|move: Yawn|[silent]\n|-status|p1a: Magearna|slp\n|upkeep\n|turn|7\n|\n|t:|1697506230\n|cant|p1a: Magearna|slp\n|move|p2a: Koraidon|Swords Dance|p2a: Koraidon\n|-boost|p2a: Koraidon|atk|2\n|\n|-weather|SunnyDay|[upkeep]\n|upkeep\n|turn|8\n|inactive|RoyalReloaded has 90 seconds left.\n|inactive|RoyalReloaded has 60 seconds left.\n|\n|t:|1697506275\n|-terastallize|p2a: Koraidon|Fire\n|-curestatus|p1a: Magearna|slp|[msg]\n|move|p1a: Magearna|Draining Kiss|p2a: Koraidon\n|-resisted|p2a: Koraidon\n|-damage|p2a: Koraidon|90\/100\n|move|p2a: Koraidon|Flame Charge|p1a: Magearna\n|-supereffective|p1a: Magearna\n|-damage|p1a: Magearna|0 fnt\n|-boost|p2a: Koraidon|spe|1\n|faint|p1a: Magearna\n|\n|-weather|SunnyDay|[upkeep]\n|upkeep\n|inactive|RoyalReloaded has 60 seconds left.\n|\n|t:|1697506292\n|switch|p1a: Miraidon|Miraidon|100\/100\n|-fieldstart|move: Electric Terrain|[from] ability: Hadron Engine|[of] p1a: Miraidon\n|turn|9\n|inactive|LITLE0 has 90 seconds left.\n|\n|t:|1697506318\n|-terastallize|p1a: Miraidon|Fairy\n|move|p2a: Koraidon|Collision Course|p1a: Miraidon\n|-resisted|p1a: Miraidon\n|-damage|p1a: Miraidon|65\/100\n|move|p1a: Miraidon|Electro Drift|p2a: Koraidon\n|-damage|p2a: Koraidon|0 fnt\n|faint|p2a: Koraidon\n|-damage|p1a: Miraidon|55\/100|[from] item: Life Orb\n|\n|-weather|SunnyDay|[upkeep]\n|-sideend|p1: RoyalReloaded|Reflect\n|upkeep\n|\n|t:|1697506332\n|switch|p2a: Blissey|Blissey, F|100\/100\n|turn|10\n|\n|t:|1697506340\n|move|p1a: Miraidon|Taunt|p2a: Blissey\n|-start|p2a: Blissey|move: Taunt\n|move|p2a: Blissey|Seismic Toss|p1a: Miraidon\n|-damage|p1a: Miraidon|26\/100\n|\n|-weather|none\n|-sideend|p1: RoyalReloaded|move: Light Screen\n|upkeep\n|turn|11\n|inactive|LITLE0 has 90 seconds left.\n|\n|t:|1697506348\n|switch|p1a: Zacian|Zacian-Crowned|100\/100\n|-ability|p1a: Zacian|Intrepid Sword|boost\n|-boost|p1a: Zacian|atk|1\n|move|p2a: Blissey|Seismic Toss|p1a: Zacian\n|-damage|p1a: Zacian|70\/100\n|\n|upkeep\n|turn|12\n|inactive|LITLE0 has 90 seconds left.\n|\n|t:|1697506360\n|switch|p2a: Dondozo|Dondozo, M|100\/100\n|move|p1a: Zacian|Play Rough|p2a: Dondozo\n|-damage|p2a: Dondozo|77\/100\n|\n|-heal|p2a: Dondozo|83\/100|[from] item: Leftovers\n|upkeep\n|turn|13\n|inactive|RoyalReloaded has 90 seconds left.\n|inactive|LITLE0 has 90 seconds left.\n|\n|t:|1697506374\n|switch|p1a: Miraidon|Miraidon, tera:Fairy|26\/100\n|-activate|p1a: Miraidon|ability: Hadron Engine\n|move|p2a: Dondozo|Body Press|p1a: Miraidon\n|-resisted|p1a: Miraidon\n|-damage|p1a: Miraidon|12\/100\n|\n|-heal|p2a: Dondozo|89\/100|[from] item: Leftovers\n|-fieldend|move: Electric Terrain\n|upkeep\n|turn|14\n|l| the zest of lie\n|inactive|LITLE0 has 90 seconds left.\n|\n|t:|1697506385\n|switch|p2a: Blissey|Blissey, F|100\/100\n|move|p1a: Miraidon|Electro Drift|p2a: Blissey\n|-damage|p2a: Blissey|76\/100\n|-damage|p1a: Miraidon|2\/100|[from] item: Life Orb\n|\n|-heal|p2a: Blissey|83\/100|[from] item: Leftovers\n|upkeep\n|turn|15\n|inactive|LITLE0 has 90 seconds left.\n|\n|t:|1697506397\n|switch|p1a: Koraidon|Koraidon|100\/100\n|-weather|SunnyDay|[from] ability: Orichalcum Pulse|[of] p1a: Koraidon\n|-activate|p1a: Koraidon|Orichalcum Pulse|[source]\n|move|p2a: Blissey|Chilling Water|p1a: Koraidon\n|-resisted|p1a: Koraidon\n|-damage|p1a: Koraidon|98\/100\n|-unboost|p1a: Koraidon|atk|1\n|\n|-weather|SunnyDay|[upkeep]\n|-heal|p2a: Blissey|89\/100|[from] item: Leftovers\n|upkeep\n|turn|16\n|inactive|LITLE0 has 90 seconds left.\n|\n|t:|1697506409\n|switch|p2a: Dondozo|Dondozo, M|89\/100\n|move|p1a: Koraidon|Swords Dance|p1a: Koraidon\n|-boost|p1a: Koraidon|atk|2\n|\n|-weather|SunnyDay|[upkeep]\n|-heal|p2a: Dondozo|96\/100|[from] item: Leftovers\n|upkeep\n|turn|17\n|\n|t:|1697506418\n|move|p1a: Koraidon|Scale Shot|p2a: Dondozo\n|-damage|p2a: Dondozo|88\/100\n|-damage|p2a: Dondozo|79\/100\n|-damage|p2a: Dondozo|72\/100\n|-damage|p2a: Dondozo|63\/100\n|-hitcount|p2a: Dondozo|4\n|-unboost|p1a: Koraidon|def|1\n|-boost|p1a: Koraidon|spe|1\n|move|p2a: Dondozo|Avalanche|p1a: Koraidon\n|-supereffective|p1a: Koraidon\n|-damage|p1a: Koraidon|46\/100\n|\n|-weather|SunnyDay|[upkeep]\n|-heal|p2a: Dondozo|69\/100|[from] item: Leftovers\n|upkeep\n|turn|18\n|inactive|LITLE0 has 90 seconds left.\n|\n|t:|1697506434\n|move|p1a: Koraidon|Scale Shot|p2a: Dondozo\n|-damage|p2a: Dondozo|61\/100\n|-damage|p2a: Dondozo|53\/100\n|-damage|p2a: Dondozo|45\/100\n|-damage|p2a: Dondozo|38\/100\n|-damage|p2a: Dondozo|29\/100\n|-hitcount|p2a: Dondozo|5\n|-unboost|p1a: Koraidon|def|1\n|-boost|p1a: Koraidon|spe|1\n|move|p2a: Dondozo|Rest|p2a: Dondozo\n|-status|p2a: Dondozo|slp|[from] move: Rest\n|-heal|p2a: Dondozo|100\/100 slp|[silent]\n|\n|-weather|SunnyDay|[upkeep]\n|upkeep\n|turn|19\n|inactive|RoyalReloaded has 120 seconds left.\n|\n|t:|1697506460\n|move|p1a: Koraidon|Scale Shot|p2a: Dondozo\n|-damage|p2a: Dondozo|93\/100 slp\n|-damage|p2a: Dondozo|85\/100 slp\n|-damage|p2a: Dondozo|77\/100 slp\n|-damage|p2a: Dondozo|69\/100 slp\n|-hitcount|p2a: Dondozo|4\n|-unboost|p1a: Koraidon|def|1\n|-boost|p1a: Koraidon|spe|1\n|cant|p2a: Dondozo|slp\n|move|p2a: Dondozo|Sleep Talk|p2a: Dondozo\n|move|p2a: Dondozo|Avalanche|p1a: Koraidon|[from]move: Sleep Talk\n|-supereffective|p1a: Koraidon\n|-damage|p1a: Koraidon|0 fnt\n|faint|p1a: Koraidon\n|\n|-weather|none\n|-heal|p2a: Dondozo|75\/100 slp|[from] item: Leftovers\n|upkeep\n|j| wesh papillon\n|\n|t:|1697506465\n|switch|p1a: Miraidon|Miraidon, tera:Fairy|2\/100\n|-fieldstart|move: Electric Terrain|[from] ability: Hadron Engine|[of] p1a: Miraidon\n|turn|20\n|\n|t:|1697506481\n|switch|p1a: Zacian|Zacian-Crowned|70\/100\n|switch|p2a: Blissey|Blissey, F|89\/100\n|\n|-heal|p2a: Blissey|95\/100|[from] item: Leftovers\n|upkeep\n|turn|21\n|inactive|RoyalReloaded has 120 seconds left.\n|\n|t:|1697506512\n|switch|p2a: Dondozo|Dondozo, M|75\/100 slp\n|move|p1a: Zacian|Play Rough|p2a: Dondozo\n|-damage|p2a: Dondozo|51\/100 slp\n|\n|-heal|p2a: Dondozo|58\/100 slp|[from] item: Leftovers\n|upkeep\n|turn|22\n|\n|t:|1697506520\n|move|p1a: Zacian|Play Rough|p2a: Dondozo\n|-damage|p2a: Dondozo|32\/100 slp\n|cant|p2a: Dondozo|slp\n|move|p2a: Dondozo|Sleep Talk|p2a: Dondozo\n|move|p2a: Dondozo|Rest||[from]move: Sleep Talk|[still]\n|-fail|p2a: Dondozo\n|\n|-heal|p2a: Dondozo|39\/100 slp|[from] item: Leftovers\n|upkeep\n|turn|23\n|\n|t:|1697506529\n|move|p1a: Zacian|Play Rough|p2a: Dondozo\n|-damage|p2a: Dondozo|16\/100 slp\n|-curestatus|p2a: Dondozo|slp|[msg]\n|move|p2a: Dondozo|Rest||[still]\n|-activate|p2a: Dondozo|move: Electric Terrain\n|-fail|p2a: Dondozo\n|\n|-heal|p2a: Dondozo|22\/100|[from] item: Leftovers\n|upkeep\n|turn|24\n|inactive|LITLE0 has 120 seconds left.\n|inactive|RoyalReloaded has 120 seconds left.\n|\n|t:|1697506561\n|switch|p2a: Torkoal|Torkoal, M|100\/100\n|-weather|SunnyDay|[from] ability: Drought|[of] p2a: Torkoal\n|move|p1a: Zacian|Swords Dance|p1a: Zacian\n|-boost|p1a: Zacian|atk|2\n|\n|-weather|SunnyDay|[upkeep]\n|-fieldend|move: Electric Terrain\n|upkeep\n|turn|25\n|inactive|LITLE0 has 120 seconds left.\n|\n|t:|1697506577\n|switch|p1a: Volcarona|Volcarona, F|100\/100\n|move|p2a: Torkoal|Yawn|p1a: Volcarona\n|-start|p1a: Volcarona|move: Yawn|[of] p2a: Torkoal\n|\n|-weather|SunnyDay|[upkeep]\n|upkeep\n|turn|26\n|inactive|LITLE0 has 120 seconds left.\n|\n|t:|1697506584\n|switch|p1a: Grimmsnarl|Grimmsnarl, M|84\/100\n|move|p2a: Torkoal|Stealth Rock|p1a: Grimmsnarl\n|-sidestart|p1: RoyalReloaded|move: Stealth Rock\n|\n|-weather|SunnyDay|[upkeep]\n|upkeep\n|turn|27\n|inactive|LITLE0 has 120 seconds left.\n|\n|t:|1697506604\n|switch|p2a: Flutter Mane|Flutter Mane|100\/100\n|-activate|p2a: Flutter Mane|ability: Protosynthesis\n|-start|p2a: Flutter Mane|protosynthesisspe\n|move|p1a: Grimmsnarl|Taunt|p2a: Flutter Mane\n|-start|p2a: Flutter Mane|move: Taunt\n|\n|-weather|SunnyDay|[upkeep]\n|upkeep\n|turn|28\n|\n|t:|1697506616\n|move|p1a: Grimmsnarl|Light Screen|p1a: Grimmsnarl\n|-sidestart|p1: RoyalReloaded|move: Light Screen\n|move|p2a: Flutter Mane|Moonblast|p1a: Grimmsnarl\n|-supereffective|p1a: Grimmsnarl\n|-damage|p1a: Grimmsnarl|36\/100\n|-damage|p2a: Flutter Mane|91\/100|[from] item: Life Orb\n|\n|-weather|none\n|-end|p2a: Flutter Mane|Protosynthesis\n|upkeep\n|turn|29\n|\n|t:|1697506627\n|switch|p1a: Miraidon|Miraidon, tera:Fairy|2\/100\n|-damage|p1a: Miraidon|0 fnt|[from] Stealth Rock\n|faint|p1a: Miraidon\n|move|p2a: Flutter Mane|Moonblast|p1: Miraidon|[notarget]\n|-fail|p2a: Flutter Mane\n|\n|-end|p2a: Flutter Mane|move: Taunt\n|upkeep\n|inactive|RoyalReloaded has 120 seconds left.\n|j| the zest of lie\n|\n|t:|1697506645\n|switch|p1a: Volcarona|Volcarona, F|100\/100\n|turn|30\n|inactive|LITLE0 has 120 seconds left.\n|\n|t:|1697506661\n|move|p2a: Flutter Mane|Shadow Ball|p1a: Volcarona\n|-damage|p1a: Volcarona|77\/100\n|-damage|p2a: Flutter Mane|81\/100|[from] item: Life Orb\n|move|p1a: Volcarona|Fiery Dance|p2a: Flutter Mane\n|-damage|p2a: Flutter Mane|41\/100\n|-boost|p1a: Volcarona|spa|1\n|\n|upkeep\n|turn|31\n|\n|t:|1697506678\n|-end|p2a: Flutter Mane|Protosynthesis|[silent]\n|switch|p2a: Torkoal|Torkoal, M|100\/100\n|-weather|SunnyDay|[from] ability: Drought|[of] p2a: Torkoal\n|move|p1a: Volcarona|Fiery Dance|p2a: Torkoal\n|-resisted|p2a: Torkoal\n|-damage|p2a: Torkoal|51\/100\n|\n|-weather|SunnyDay|[upkeep]\n|-heal|p2a: Torkoal|57\/100|[from] item: Leftovers\n|upkeep\n|turn|32\n|inactive|RoyalReloaded has 120 seconds left.\n|\n|t:|1697506694\n|move|p1a: Volcarona|Fiery Dance|p2a: Torkoal\n|-resisted|p2a: Torkoal\n|-damage|p2a: Torkoal|4\/100\n|move|p2a: Torkoal|Yawn|p1a: Volcarona\n|-start|p1a: Volcarona|move: Yawn|[of] p2a: Torkoal\n|\n|-weather|SunnyDay|[upkeep]\n|-heal|p2a: Torkoal|10\/100|[from] item: Leftovers\n|upkeep\n|turn|33\n|inactive|LITLE0 has 120 seconds left.\n|\n|t:|1697506713\n|move|p1a: Volcarona|Quiver Dance|p1a: Volcarona\n|-boost|p1a: Volcarona|spa|1\n|-boost|p1a: Volcarona|spd|1\n|-boost|p1a: Volcarona|spe|1\n|move|p2a: Torkoal|Yawn||[still]\n|-fail|p2a: Torkoal\n|\n|-weather|SunnyDay|[upkeep]\n|-heal|p2a: Torkoal|16\/100|[from] item: Leftovers\n|-end|p1a: Volcarona|move: Yawn|[silent]\n|-status|p1a: Volcarona|slp\n|upkeep\n|turn|34\n|\n|t:|1697506727\n|switch|p2a: Dondozo|Dondozo, M|22\/100\n|cant|p1a: Volcarona|slp\n|\n|-weather|SunnyDay|[upkeep]\n|-heal|p2a: Dondozo|28\/100|[from] item: Leftovers\n|upkeep\n|turn|35\n|\n|t:|1697506729\n|-curestatus|p1a: Volcarona|slp|[msg]\n|move|p1a: Volcarona|Fiery Dance|p2a: Dondozo\n|-resisted|p2a: Dondozo\n|-damage|p2a: Dondozo|3\/100\n|move|p2a: Dondozo|Rest|p2a: Dondozo\n|-status|p2a: Dondozo|slp|[from] move: Rest\n|-heal|p2a: Dondozo|100\/100 slp|[silent]\n|\n|-weather|none\n|-sideend|p1: RoyalReloaded|move: Light Screen\n|upkeep\n|turn|36\n|inactive|LITLE0 has 120 seconds left.\n|\n|t:|1697506740\n|move|p1a: Volcarona|Quiver Dance|p1a: Volcarona\n|-boost|p1a: Volcarona|spa|1\n|-boost|p1a: Volcarona|spd|1\n|-boost|p1a: Volcarona|spe|1\n|cant|p2a: Dondozo|slp\n|move|p2a: Dondozo|Sleep Talk|p2a: Dondozo\n|move|p2a: Dondozo|Avalanche|p1a: Volcarona|[from]move: Sleep Talk\n|-resisted|p1a: Volcarona\n|-damage|p1a: Volcarona|71\/100\n|\n|upkeep\n|turn|37\n|\n|t:|1697506763\n|move|p1a: Volcarona|Quiver Dance|p1a: Volcarona\n|-boost|p1a: Volcarona|spa|1\n|-boost|p1a: Volcarona|spd|1\n|-boost|p1a: Volcarona|spe|1\n|cant|p2a: Dondozo|slp\n|move|p2a: Dondozo|Sleep Talk|p2a: Dondozo\n|move|p2a: Dondozo|Body Press|p1a: Volcarona|[from]move: Sleep Talk\n|-resisted|p1a: Volcarona\n|-damage|p1a: Volcarona|57\/100\n|\n|upkeep\n|turn|38\n|inactive|LITLE0 has 120 seconds left.\n|\n|t:|1697506783\n|move|p1a: Volcarona|Quiver Dance|p1a: Volcarona\n|-boost|p1a: Volcarona|spa|1\n|-boost|p1a: Volcarona|spd|1\n|-boost|p1a: Volcarona|spe|1\n|-curestatus|p2a: Dondozo|slp|[msg]\n|move|p2a: Dondozo|Body Press|p1a: Volcarona\n|-resisted|p1a: Volcarona\n|-damage|p1a: Volcarona|42\/100\n|\n|upkeep\n|turn|39\n|inactive|LITLE0 has 120 seconds left.\n|\n|t:|1697506800\n|move|p1a: Volcarona|Morning Sun|p1a: Volcarona\n|-heal|p1a: Volcarona|92\/100\n|move|p2a: Dondozo|Body Press|p1a: Volcarona\n|-resisted|p1a: Volcarona\n|-damage|p1a: Volcarona|78\/100\n|-status|p2a: Dondozo|brn|[from] ability: Flame Body|[of] p1a: Volcarona\n|\n|-damage|p2a: Dondozo|94\/100 brn|[from] brn\n|upkeep\n|turn|40\n|inactive|LITLE0 has 120 seconds left.\n|\n|t:|1697506812\n|move|p1a: Volcarona|Quiver Dance|p1a: Volcarona\n|-boost|p1a: Volcarona|spa|1\n|-boost|p1a: Volcarona|spd|1\n|-boost|p1a: Volcarona|spe|1\n|move|p2a: Dondozo|Rest|p2a: Dondozo\n|-status|p2a: Dondozo|slp|[from] move: Rest\n|-heal|p2a: Dondozo|100\/100 slp|[silent]\n|\n|upkeep\n|turn|41\n|inactive|LITLE0 has 120 seconds left.\n|inactive|RoyalReloaded has 120 seconds left.\n|\n|t:|1697506845\n|move|p1a: Volcarona|Quiver Dance|p1a: Volcarona\n|-boost|p1a: Volcarona|spa|0\n|-boost|p1a: Volcarona|spd|1\n|-boost|p1a: Volcarona|spe|1\n|cant|p2a: Dondozo|slp\n|move|p2a: Dondozo|Sleep Talk|p2a: Dondozo\n|move|p2a: Dondozo|Avalanche|p1a: Volcarona|[from]move: Sleep Talk\n|-resisted|p1a: Volcarona\n|-damage|p1a: Volcarona|71\/100\n|\n|upkeep\n|turn|42\n|inactive|LITLE0 has 120 seconds left.\n|\n|t:|1697506856\n|move|p1a: Volcarona|Quiver Dance|p1a: Volcarona\n|-boost|p1a: Volcarona|spa|0\n|-boost|p1a: Volcarona|spd|0\n|-boost|p1a: Volcarona|spe|0\n|cant|p2a: Dondozo|slp\n|move|p2a: Dondozo|Sleep Talk|p2a: Dondozo\n|move|p2a: Dondozo|Rest||[from]move: Sleep Talk|[still]\n|-fail|p2a: Dondozo\n|\n|upkeep\n|turn|43\n|inactive|LITLE0 has 120 seconds left.\n|inactive|RoyalReloaded has 120 seconds left.\n|\n|t:|1697506886\n|move|p1a: Volcarona|Quiver Dance|p1a: Volcarona\n|-boost|p1a: Volcarona|spa|0\n|-boost|p1a: Volcarona|spd|0\n|-boost|p1a: Volcarona|spe|0\n|-curestatus|p2a: Dondozo|slp|[msg]\n|move|p2a: Dondozo|Body Press|p1a: Volcarona\n|-resisted|p1a: Volcarona\n|-damage|p1a: Volcarona|56\/100\n|\n|upkeep\n|turn|44\n|\n|t:|1697506895\n|move|p1a: Volcarona|Quiver Dance|p1a: Volcarona\n|-boost|p1a: Volcarona|spa|0\n|-boost|p1a: Volcarona|spd|0\n|-boost|p1a: Volcarona|spe|0\n|move|p2a: Dondozo|Body Press|p1a: Volcarona\n|-resisted|p1a: Volcarona\n|-damage|p1a: Volcarona|42\/100\n|-status|p2a: Dondozo|brn|[from] ability: Flame Body|[of] p1a: Volcarona\n|\n|-damage|p2a: Dondozo|94\/100 brn|[from] brn\n|upkeep\n|turn|45\n|inactive|RoyalReloaded has 120 seconds left.\n|\n|t:|1697506923\n|move|p1a: Volcarona|Morning Sun|p1a: Volcarona\n|-heal|p1a: Volcarona|92\/100\n|move|p2a: Dondozo|Body Press|p1a: Volcarona\n|-resisted|p1a: Volcarona\n|-damage|p1a: Volcarona|85\/100\n|\n|-heal|p2a: Dondozo|100\/100 brn|[from] item: Leftovers\n|-damage|p2a: Dondozo|94\/100 brn|[from] brn\n|upkeep\n|turn|46\n|\n|t:|1697506939\n|move|p1a: Volcarona|Quiver Dance|p1a: Volcarona\n|-boost|p1a: Volcarona|spa|0\n|-boost|p1a: Volcarona|spd|0\n|-boost|p1a: Volcarona|spe|0\n|move|p2a: Dondozo|Body Press|p1a: Volcarona\n|-resisted|p1a: Volcarona\n|-damage|p1a: Volcarona|77\/100\n|\n|-heal|p2a: Dondozo|100\/100 brn|[from] item: Leftovers\n|-damage|p2a: Dondozo|94\/100 brn|[from] brn\n|upkeep\n|turn|47\n|inactive|RoyalReloaded has 120 seconds left.\n|inactive|RoyalReloaded has 90 seconds left.\n|\n|t:|1697506984\n|move|p1a: Volcarona|Quiver Dance|p1a: Volcarona\n|-boost|p1a: Volcarona|spa|0\n|-boost|p1a: Volcarona|spd|0\n|-boost|p1a: Volcarona|spe|0\n|move|p2a: Dondozo|Rest|p2a: Dondozo\n|-status|p2a: Dondozo|slp|[from] move: Rest\n|-heal|p2a: Dondozo|100\/100 slp|[silent]\n|\n|upkeep\n|turn|48\n|\n|t:|1697506993\n|move|p1a: Volcarona|Quiver Dance|p1a: Volcarona\n|-boost|p1a: Volcarona|spa|0\n|-boost|p1a: Volcarona|spd|0\n|-boost|p1a: Volcarona|spe|0\n|cant|p2a: Dondozo|slp\n|move|p2a: Dondozo|Sleep Talk|p2a: Dondozo\n|move|p2a: Dondozo|Body Press|p1a: Volcarona|[from]move: Sleep Talk\n|-resisted|p1a: Volcarona\n|-damage|p1a: Volcarona|63\/100\n|\n|upkeep\n|turn|49\n|\n|t:|1697507004\n|move|p1a: Volcarona|Quiver Dance|p1a: Volcarona\n|-boost|p1a: Volcarona|spa|0\n|-boost|p1a: Volcarona|spd|0\n|-boost|p1a: Volcarona|spe|0\n|cant|p2a: Dondozo|slp\n|move|p2a: Dondozo|Sleep Talk|p2a: Dondozo\n|move|p2a: Dondozo|Avalanche|p1a: Volcarona|[from]move: Sleep Talk\n|-resisted|p1a: Volcarona\n|-damage|p1a: Volcarona|57\/100\n|\n|upkeep\n|turn|50\n|inactive|RoyalReloaded has 90 seconds left.\n|\n|t:|1697507032\n|move|p1a: Volcarona|Quiver Dance|p1a: Volcarona\n|-boost|p1a: Volcarona|spa|0\n|-boost|p1a: Volcarona|spd|0\n|-boost|p1a: Volcarona|spe|0\n|-curestatus|p2a: Dondozo|slp|[msg]\n|move|p2a: Dondozo|Avalanche|p1a: Volcarona\n|-resisted|p1a: Volcarona\n|-damage|p1a: Volcarona|50\/100\n|\n|upkeep\n|turn|51\n|\n|t:|1697507038\n|move|p1a: Volcarona|Morning Sun|p1a: Volcarona\n|-heal|p1a: Volcarona|99\/100\n|move|p2a: Dondozo|Avalanche|p1a: Volcarona\n|-resisted|p1a: Volcarona\n|-damage|p1a: Volcarona|92\/100\n|\n|upkeep\n|turn|52\n|inactive|RoyalReloaded has 90 seconds left.\n|\n|t:|1697507073\n|move|p1a: Volcarona|Quiver Dance|p1a: Volcarona\n|-boost|p1a: Volcarona|spa|0\n|-boost|p1a: Volcarona|spd|0\n|-boost|p1a: Volcarona|spe|0\n|move|p2a: Dondozo|Avalanche|p1a: Volcarona\n|-resisted|p1a: Volcarona\n|-damage|p1a: Volcarona|86\/100\n|\n|upkeep\n|turn|53\n|c|\u2606LITLE0|were gonna be here awhile\n|\n|t:|1697507090\n|move|p1a: Volcarona|Quiver Dance|p1a: Volcarona\n|-boost|p1a: Volcarona|spa|0\n|-boost|p1a: Volcarona|spd|0\n|-boost|p1a: Volcarona|spe|0\n|move|p2a: Dondozo|Avalanche|p1a: Volcarona\n|-resisted|p1a: Volcarona\n|-damage|p1a: Volcarona|79\/100\n|\n|upkeep\n|turn|54\n|\n|t:|1697507107\n|move|p1a: Volcarona|Quiver Dance|p1a: Volcarona\n|-boost|p1a: Volcarona|spa|0\n|-boost|p1a: Volcarona|spd|0\n|-boost|p1a: Volcarona|spe|0\n|move|p2a: Dondozo|Avalanche|p1a: Volcarona\n|-resisted|p1a: Volcarona\n|-crit|p1a: Volcarona\n|-damage|p1a: Volcarona|68\/100\n|-status|p2a: Dondozo|brn|[from] ability: Flame Body|[of] p1a: Volcarona\n|\n|-damage|p2a: Dondozo|94\/100 brn|[from] brn\n|upkeep\n|turn|55\n|\n|t:|1697507118\n|move|p1a: Volcarona|Quiver Dance|p1a: Volcarona\n|-boost|p1a: Volcarona|spa|0\n|-boost|p1a: Volcarona|spd|0\n|-boost|p1a: Volcarona|spe|0\n|move|p2a: Dondozo|Avalanche|p1a: Volcarona\n|-resisted|p1a: Volcarona\n|-damage|p1a: Volcarona|65\/100\n|\n|-heal|p2a: Dondozo|100\/100 brn|[from] item: Leftovers\n|-damage|p2a: Dondozo|94\/100 brn|[from] brn\n|upkeep\n|turn|56\n|inactive|RoyalReloaded has 90 seconds left.\n|\n|t:|1697507147\n|move|p1a: Volcarona|Quiver Dance|p1a: Volcarona\n|-boost|p1a: Volcarona|spa|0\n|-boost|p1a: Volcarona|spd|0\n|-boost|p1a: Volcarona|spe|0\n|move|p2a: Dondozo|Rest|p2a: Dondozo\n|-status|p2a: Dondozo|slp|[from] move: Rest\n|-heal|p2a: Dondozo|100\/100 slp|[silent]\n|\n|upkeep\n|turn|57\n|\n|t:|1697507163\n|move|p1a: Volcarona|Quiver Dance|p1a: Volcarona\n|-boost|p1a: Volcarona|spa|0\n|-boost|p1a: Volcarona|spd|0\n|-boost|p1a: Volcarona|spe|0\n|cant|p2a: Dondozo|slp\n|move|p2a: Dondozo|Sleep Talk|p2a: Dondozo\n|move|p2a: Dondozo|Body Press|p1a: Volcarona|[from]move: Sleep Talk\n|-resisted|p1a: Volcarona\n|-damage|p1a: Volcarona|52\/100\n|\n|upkeep\n|turn|58\n|\n|t:|1697507173\n|move|p1a: Volcarona|Fiery Dance|p2a: Dondozo\n|-resisted|p2a: Dondozo\n|-damage|p2a: Dondozo|82\/100 slp\n|cant|p2a: Dondozo|slp\n|move|p2a: Dondozo|Sleep Talk|p2a: Dondozo\n|move|p2a: Dondozo|Body Press|p1a: Volcarona|[from]move: Sleep Talk\n|-resisted|p1a: Volcarona\n|-damage|p1a: Volcarona|38\/100\n|\n|-heal|p2a: Dondozo|89\/100 slp|[from] item: Leftovers\n|upkeep\n|turn|59\n|\n|t:|1697507188\n|move|p1a: Volcarona|Morning Sun|p1a: Volcarona\n|-heal|p1a: Volcarona|88\/100\n|-curestatus|p2a: Dondozo|slp|[msg]\n|move|p2a: Dondozo|Avalanche|p1a: Volcarona\n|-resisted|p1a: Volcarona\n|-damage|p1a: Volcarona|82\/100\n|\n|-heal|p2a: Dondozo|95\/100|[from] item: Leftovers\n|upkeep\n|turn|60\n|inactive|RoyalReloaded has 90 seconds left.\n|inactive|LITLE0 has 120 seconds left.\n|\n|t:|1697507222\n|move|p1a: Volcarona|Quiver Dance|p1a: Volcarona\n|-boost|p1a: Volcarona|spa|0\n|-boost|p1a: Volcarona|spd|0\n|-boost|p1a: Volcarona|spe|0\n|move|p2a: Dondozo|Body Press|p1a: Volcarona\n|-resisted|p1a: Volcarona\n|-damage|p1a: Volcarona|68\/100\n|\n|-heal|p2a: Dondozo|100\/100|[from] item: Leftovers\n|upkeep\n|turn|61\n|\n|t:|1697507225\n|move|p1a: Volcarona|Quiver Dance|p1a: Volcarona\n|-boost|p1a: Volcarona|spa|0\n|-boost|p1a: Volcarona|spd|0\n|-boost|p1a: Volcarona|spe|0\n|move|p2a: Dondozo|Avalanche|p1a: Volcarona\n|-resisted|p1a: Volcarona\n|-crit|p1a: Volcarona\n|-damage|p1a: Volcarona|58\/100\n|\n|upkeep\n|turn|62\n|inactive|LITLE0 has 120 seconds left.\n|\n|t:|1697507256\n|move|p1a: Volcarona|Quiver Dance|p1a: Volcarona\n|-boost|p1a: Volcarona|spa|0\n|-boost|p1a: Volcarona|spd|0\n|-boost|p1a: Volcarona|spe|0\n|move|p2a: Dondozo|Avalanche|p1a: Volcarona\n|-resisted|p1a: Volcarona\n|-damage|p1a: Volcarona|51\/100\n|\n|upkeep\n|turn|63\n|\n|t:|1697507277\n|move|p1a: Volcarona|Quiver Dance|p1a: Volcarona\n|-boost|p1a: Volcarona|spa|0\n|-boost|p1a: Volcarona|spd|0\n|-boost|p1a: Volcarona|spe|0\n|move|p2a: Dondozo|Avalanche|p1a: Volcarona\n|-resisted|p1a: Volcarona\n|-damage|p1a: Volcarona|44\/100\n|-status|p2a: Dondozo|brn|[from] ability: Flame Body|[of] p1a: Volcarona\n|\n|-damage|p2a: Dondozo|94\/100 brn|[from] brn\n|upkeep\n|turn|64\n|inactive|RoyalReloaded has 90 seconds left.\n|inactive|LITLE0 has 90 seconds left.\n|\n|t:|1697507313\n|move|p1a: Volcarona|Morning Sun|p1a: Volcarona\n|-heal|p1a: Volcarona|94\/100\n|move|p2a: Dondozo|Rest|p2a: Dondozo\n|-status|p2a: Dondozo|slp|[from] move: Rest\n|-heal|p2a: Dondozo|100\/100 slp|[silent]\n|\n|upkeep\n|turn|65\n|inactive|RoyalReloaded has 90 seconds left.\n|j| Cleeks\n|\n|t:|1697507327\n|move|p1a: Volcarona|Quiver Dance|p1a: Volcarona\n|-boost|p1a: Volcarona|spa|0\n|-boost|p1a: Volcarona|spd|0\n|-boost|p1a: Volcarona|spe|0\n|cant|p2a: Dondozo|slp\n|move|p2a: Dondozo|Sleep Talk|p2a: Dondozo\n|move|p2a: Dondozo|Body Press|p1a: Volcarona|[from]move: Sleep Talk\n|-resisted|p1a: Volcarona\n|-damage|p1a: Volcarona|80\/100\n|\n|upkeep\n|turn|66\n|c| Cleeks|wtf\n|inactive|LITLE0 has 60 seconds left.\n|\n|t:|1697507350\n|move|p1a: Volcarona|Quiver Dance|p1a: Volcarona\n|-boost|p1a: Volcarona|spa|0\n|-boost|p1a: Volcarona|spd|0\n|-boost|p1a: Volcarona|spe|0\n|cant|p2a: Dondozo|slp\n|move|p2a: Dondozo|Sleep Talk|p2a: Dondozo\n|move|p2a: Dondozo|Rest||[from]move: Sleep Talk|[still]\n|-fail|p2a: Dondozo\n|\n|upkeep\n|turn|67\n|inactive|LITLE0 has 60 seconds left.\n|\n|t:|1697507363\n|move|p1a: Volcarona|Quiver Dance|p1a: Volcarona\n|-boost|p1a: Volcarona|spa|0\n|-boost|p1a: Volcarona|spd|0\n|-boost|p1a: Volcarona|spe|0\n|-curestatus|p2a: Dondozo|slp|[msg]\n|move|p2a: Dondozo|Body Press|p1a: Volcarona\n|-resisted|p1a: Volcarona\n|-damage|p1a: Volcarona|66\/100\n|\n|upkeep\n|turn|68\n|inactive|LITLE0 has 60 seconds left.\n|\n|t:|1697507377\n|move|p1a: Volcarona|Quiver Dance|p1a: Volcarona\n|-boost|p1a: Volcarona|spa|0\n|-boost|p1a: Volcarona|spd|0\n|-boost|p1a: Volcarona|spe|0\n|move|p2a: Dondozo|Sleep Talk||[still]\n|-fail|p2a: Dondozo\n|\n|upkeep\n|turn|69\n|\n|t:|1697507385\n|move|p1a: Volcarona|Quiver Dance|p1a: Volcarona\n|-boost|p1a: Volcarona|spa|0\n|-boost|p1a: Volcarona|spd|0\n|-boost|p1a: Volcarona|spe|0\n|move|p2a: Dondozo|Sleep Talk||[still]\n|-fail|p2a: Dondozo\n|\n|upkeep\n|turn|70\n|\n|t:|1697507399\n|move|p1a: Volcarona|Quiver Dance|p1a: Volcarona\n|-boost|p1a: Volcarona|spa|0\n|-boost|p1a: Volcarona|spd|0\n|-boost|p1a: Volcarona|spe|0\n|move|p2a: Dondozo|Body Press|p1a: Volcarona\n|-resisted|p1a: Volcarona\n|-damage|p1a: Volcarona|53\/100\n|\n|upkeep\n|turn|71\n|\n|t:|1697507408\n|move|p1a: Volcarona|Quiver Dance|p1a: Volcarona\n|-boost|p1a: Volcarona|spa|0\n|-boost|p1a: Volcarona|spd|0\n|-boost|p1a: Volcarona|spe|0\n|move|p2a: Dondozo|Avalanche|p1a: Volcarona\n|-resisted|p1a: Volcarona\n|-damage|p1a: Volcarona|46\/100\n|-status|p2a: Dondozo|brn|[from] ability: Flame Body|[of] p1a: Volcarona\n|\n|-damage|p2a: Dondozo|94\/100 brn|[from] brn\n|upkeep\n|turn|72\n|j| kirinok0usaka\n|l| kirinok0usaka\n|inactive|LITLE0 has 60 seconds left.\n|\n|t:|1697507430\n|move|p1a: Volcarona|Morning Sun|p1a: Volcarona\n|-heal|p1a: Volcarona|96\/100\n|move|p2a: Dondozo|Body Press|p1a: Volcarona\n|-resisted|p1a: Volcarona\n|-damage|p1a: Volcarona|89\/100\n|\n|-heal|p2a: Dondozo|100\/100 brn|[from] item: Leftovers\n|-damage|p2a: Dondozo|94\/100 brn|[from] brn\n|upkeep\n|turn|73\n|inactive|LITLE0 has 60 seconds left.\n|\n|t:|1697507448\n|move|p1a: Volcarona|Quiver Dance|p1a: Volcarona\n|-boost|p1a: Volcarona|spa|0\n|-boost|p1a: Volcarona|spd|0\n|-boost|p1a: Volcarona|spe|0\n|move|p2a: Dondozo|Body Press|p1a: Volcarona\n|-resisted|p1a: Volcarona\n|-damage|p1a: Volcarona|82\/100\n|\n|-heal|p2a: Dondozo|100\/100 brn|[from] item: Leftovers\n|-damage|p2a: Dondozo|94\/100 brn|[from] brn\n|upkeep\n|turn|74\n|inactive|LITLE0 has 60 seconds left.\n|\n|t:|1697507461\n|move|p1a: Volcarona|Will-O-Wisp|p2a: Dondozo\n|-fail|p2a: Dondozo|brn\n|move|p2a: Dondozo|Avalanche|p1a: Volcarona\n|-resisted|p1a: Volcarona\n|-damage|p1a: Volcarona|78\/100\n|\n|-heal|p2a: Dondozo|100\/100 brn|[from] item: Leftovers\n|-damage|p2a: Dondozo|94\/100 brn|[from] brn\n|upkeep\n|turn|75\n|inactive|LITLE0 has 60 seconds left.\n|\n|t:|1697507486\n|move|p1a: Volcarona|Will-O-Wisp|p2a: Dondozo|[miss]\n|-miss|p1a: Volcarona|p2a: Dondozo\n|move|p2a: Dondozo|Body Press|p1a: Volcarona\n|-resisted|p1a: Volcarona\n|-damage|p1a: Volcarona|72\/100\n|\n|-heal|p2a: Dondozo|100\/100 brn|[from] item: Leftovers\n|-damage|p2a: Dondozo|94\/100 brn|[from] brn\n|upkeep\n|turn|76\n|\n|t:|1697507496\n|move|p1a: Volcarona|Will-O-Wisp|p2a: Dondozo\n|-fail|p2a: Dondozo|brn\n|move|p2a: Dondozo|Rest|p2a: Dondozo\n|-status|p2a: Dondozo|slp|[from] move: Rest\n|-heal|p2a: Dondozo|100\/100 slp|[silent]\n|\n|upkeep\n|turn|77\n|inactive|RoyalReloaded has 120 seconds left.\n|\n|t:|1697507531\n|move|p1a: Volcarona|Will-O-Wisp||[still]\n|-fail|p1a: Volcarona\n|cant|p2a: Dondozo|slp\n|move|p2a: Dondozo|Sleep Talk|p2a: Dondozo\n|move|p2a: Dondozo|Rest||[from]move: Sleep Talk|[still]\n|-fail|p2a: Dondozo\n|\n|upkeep\n|turn|78\n|inactive|RoyalReloaded has 120 seconds left.\n|\n|t:|1697507547\n|move|p1a: Volcarona|Will-O-Wisp||[still]\n|-fail|p1a: Volcarona\n|cant|p2a: Dondozo|slp\n|move|p2a: Dondozo|Sleep Talk|p2a: Dondozo\n|move|p2a: Dondozo|Body Press|p1a: Volcarona|[from]move: Sleep Talk\n|-resisted|p1a: Volcarona\n|-damage|p1a: Volcarona|59\/100\n|\n|upkeep\n|turn|79\n|\n|t:|1697507561\n|move|p1a: Volcarona|Will-O-Wisp||[still]\n|-fail|p1a: Volcarona\n|-curestatus|p2a: Dondozo|slp|[msg]\n|move|p2a: Dondozo|Body Press|p1a: Volcarona\n|-resisted|p1a: Volcarona\n|-damage|p1a: Volcarona|46\/100\n|\n|upkeep\n|turn|80\n|\n|t:|1697507575\n|move|p1a: Volcarona|Will-O-Wisp|p2a: Dondozo\n|-status|p2a: Dondozo|brn\n|move|p2a: Dondozo|Body Press|p1a: Volcarona\n|-resisted|p1a: Volcarona\n|-damage|p1a: Volcarona|39\/100\n|\n|-damage|p2a: Dondozo|94\/100 brn|[from] brn\n|upkeep\n|turn|81\n|inactive|LITLE0 has 60 seconds left.\n|\n|t:|1697507585\n|move|p1a: Volcarona|Morning Sun|p1a: Volcarona\n|-heal|p1a: Volcarona|88\/100\n|move|p2a: Dondozo|Avalanche|p1a: Volcarona\n|-resisted|p1a: Volcarona\n|-damage|p1a: Volcarona|85\/100\n|\n|-heal|p2a: Dondozo|100\/100 brn|[from] item: Leftovers\n|-damage|p2a: Dondozo|94\/100 brn|[from] brn\n|upkeep\n|turn|82\n|\n|t:|1697507596\n|move|p1a: Volcarona|Fiery Dance|p2a: Dondozo\n|-resisted|p2a: Dondozo\n|-damage|p2a: Dondozo|77\/100 brn\n|move|p2a: Dondozo|Avalanche|p1a: Volcarona\n|-resisted|p1a: Volcarona\n|-damage|p1a: Volcarona|78\/100\n|\n|-heal|p2a: Dondozo|83\/100 brn|[from] item: Leftovers\n|-damage|p2a: Dondozo|77\/100 brn|[from] brn\n|upkeep\n|turn|83\n|j| OreoSpeedruns\n|l| OreoSpeedruns\n|\n|t:|1697507609\n|move|p1a: Volcarona|Fiery Dance|p2a: Dondozo\n|-resisted|p2a: Dondozo\n|-damage|p2a: Dondozo|59\/100 brn\n|move|p2a: Dondozo|Avalanche|p1a: Volcarona\n|-resisted|p1a: Volcarona\n|-damage|p1a: Volcarona|71\/100\n|\n|-heal|p2a: Dondozo|65\/100 brn|[from] item: Leftovers\n|-damage|p2a: Dondozo|59\/100 brn|[from] brn\n|upkeep\n|turn|84\n|\n|t:|1697507616\n|move|p1a: Volcarona|Fiery Dance|p2a: Dondozo\n|-resisted|p2a: Dondozo\n|-damage|p2a: Dondozo|42\/100 brn\n|-activate|p2a: Dondozo|move: Struggle\n|move|p2a: Dondozo|Struggle|p1a: Volcarona\n|-damage|p1a: Volcarona|65\/100\n|-damage|p2a: Dondozo|17\/100 brn|[from] recoil\n|\n|-heal|p2a: Dondozo|23\/100 brn|[from] item: Leftovers\n|-damage|p2a: Dondozo|17\/100 brn|[from] brn\n|upkeep\n|turn|85\n|\n|t:|1697507623\n|move|p1a: Volcarona|Morning Sun|p1a: Volcarona\n|-heal|p1a: Volcarona|100\/100\n|-activate|p2a: Dondozo|move: Struggle\n|move|p2a: Dondozo|Struggle|p1a: Volcarona\n|-damage|p1a: Volcarona|95\/100\n|-damage|p2a: Dondozo|0 fnt|[from] recoil\n|faint|p2a: Dondozo\n|\n|upkeep\n|j| Goomy Guy12345\n|\n|t:|1697507628\n|switch|p2a: Torkoal|Torkoal, M|16\/100\n|-weather|SunnyDay|[from] ability: Drought|[of] p2a: Torkoal\n|turn|86\n|\n|t:|1697507633\n|move|p2a: Torkoal|Protect|p2a: Torkoal\n|-singleturn|p2a: Torkoal|Protect\n|move|p1a: Volcarona|Fiery Dance|p2a: Torkoal\n|-activate|p2a: Torkoal|move: Protect\n|\n|-weather|SunnyDay|[upkeep]\n|-heal|p2a: Torkoal|22\/100|[from] item: Leftovers\n|upkeep\n|turn|87\n|inactive|LITLE0 has 90 seconds left.\n|\n|t:|1697507640\n|move|p2a: Torkoal|Protect|p2a: Torkoal\n|-singleturn|p2a: Torkoal|Protect\n|move|p1a: Volcarona|Fiery Dance|p2a: Torkoal\n|-activate|p2a: Torkoal|move: Protect\n|\n|-weather|SunnyDay|[upkeep]\n|-heal|p2a: Torkoal|28\/100|[from] item: Leftovers\n|upkeep\n|turn|88\n|\n|t:|1697507647\n|move|p2a: Torkoal|Protect|p2a: Torkoal\n|-singleturn|p2a: Torkoal|Protect\n|move|p1a: Volcarona|Fiery Dance|p2a: Torkoal\n|-activate|p2a: Torkoal|move: Protect\n|\n|-weather|SunnyDay|[upkeep]\n|-heal|p2a: Torkoal|35\/100|[from] item: Leftovers\n|upkeep\n|turn|89\n|c|\u2606RoyalReloaded|...\n|\n|t:|1697507655\n|move|p2a: Torkoal|Protect||[still]\n|-fail|p2a: Torkoal\n|move|p1a: Volcarona|Fiery Dance|p2a: Torkoal\n|-resisted|p2a: Torkoal\n|-damage|p2a: Torkoal|0 fnt\n|faint|p2a: Torkoal\n|\n|-weather|SunnyDay|[upkeep]\n|upkeep\n|j| christmas egirl\n|\n|t:|1697507663\n|switch|p2a: Flutter Mane|Flutter Mane|41\/100\n|-activate|p2a: Flutter Mane|ability: Protosynthesis\n|-start|p2a: Flutter Mane|protosynthesisspe\n|turn|90\n|\n|t:|1697507670\n|move|p1a: Volcarona|Fiery Dance|p2a: Flutter Mane\n|-damage|p2a: Flutter Mane|0 fnt\n|faint|p2a: Flutter Mane\n|-end|p2a: Flutter Mane|Protosynthesis|[silent]\n|\n|-weather|none\n|upkeep\n|\n|t:|1697507673\n|switch|p2a: Blissey|Blissey, F|95\/100\n|turn|91\n|\n|t:|1697507678\n|move|p1a: Volcarona|Fiery Dance|p2a: Blissey\n|-damage|p2a: Blissey|50\/100\n|move|p2a: Blissey|Seismic Toss|p1a: Volcarona\n|-damage|p1a: Volcarona|68\/100\n|\n|-heal|p2a: Blissey|56\/100|[from] item: Leftovers\n|upkeep\n|turn|92\n|inactive|LITLE0 has 120 seconds left.\n|\n|t:|1697507685\n|move|p1a: Volcarona|Fiery Dance|p2a: Blissey\n|-damage|p2a: Blissey|7\/100\n|move|p2a: Blissey|Soft-Boiled|p2a: Blissey\n|-heal|p2a: Blissey|57\/100\n|\n|-heal|p2a: Blissey|64\/100|[from] item: Leftovers\n|upkeep\n|turn|93\n|inactive|LITLE0 has 120 seconds left.\n|\n|t:|1697507692\n|move|p1a: Volcarona|Will-O-Wisp|p2a: Blissey\n|-status|p2a: Blissey|brn\n|move|p2a: Blissey|Soft-Boiled|p2a: Blissey\n|-heal|p2a: Blissey|100\/100 brn\n|\n|-damage|p2a: Blissey|94\/100 brn|[from] brn\n|upkeep\n|turn|94\n|j|+Goro Yagami\n|\n|t:|1697507701\n|switch|p1a: Grimmsnarl|Grimmsnarl, M|36\/100\n|-damage|p1a: Grimmsnarl|24\/100|[from] Stealth Rock\n|move|p2a: Blissey|Heal Bell|p2a: Blissey\n|-activate|p2a: Blissey|move: Heal Bell\n|-curestatus|p2a: Blissey|brn|[msg]\n|\n|-heal|p2a: Blissey|100\/100|[from] item: Leftovers\n|upkeep\n|turn|95\n|j|@Jadino\n|\n|t:|1697507706\n|move|p1a: Grimmsnarl|Taunt|p2a: Blissey\n|-start|p2a: Blissey|move: Taunt\n|move|p2a: Blissey|Seismic Toss|p1a: Grimmsnarl\n|-damage|p1a: Grimmsnarl|0 fnt\n|faint|p1a: Grimmsnarl\n|\n|upkeep\n|\n|t:|1697507717\n|switch|p1a: Zacian|Zacian-Crowned|70\/100\n|-damage|p1a: Zacian|64\/100|[from] Stealth Rock\n|turn|96\n|\n|t:|1697507723\n|move|p1a: Zacian|Close Combat|p2a: Blissey\n|-supereffective|p2a: Blissey\n|-damage|p2a: Blissey|15\/100\n|-unboost|p1a: Zacian|def|1\n|-unboost|p1a: Zacian|spd|1\n|move|p2a: Blissey|Chilling Water|p1a: Zacian\n|-damage|p1a: Zacian|51\/100\n|-unboost|p1a: Zacian|atk|1\n|\n|-heal|p2a: Blissey|21\/100|[from] item: Leftovers\n|upkeep\n|turn|97\n|\n|t:|1697507733\n|move|p1a: Zacian|Behemoth Blade|p2a: Blissey\n|-damage|p2a: Blissey|0 fnt\n|faint|p2a: Blissey\n|\n|upkeep\n|\n|t:|1697507737\n|switch|p2a: Kingambit|Kingambit, M|100\/100\n|-activate|p2a: Kingambit|ability: Supreme Overlord\n|-start|p2a: Kingambit|fallen5|[silent]\n|turn|98\n|j| PoliticalMan\n|inactive|LITLE0 has 120 seconds left.\n|\n|t:|1697507755\n|move|p2a: Kingambit|Sucker Punch|p1a: Zacian\n|-resisted|p1a: Zacian\n|-damage|p1a: Zacian|6\/100\n|move|p1a: Zacian|Close Combat|p2a: Kingambit\n|-supereffective|p2a: Kingambit\n|-damage|p2a: Kingambit|8\/100\n|-unboost|p1a: Zacian|def|1\n|-unboost|p1a: Zacian|spd|1\n|\n|upkeep\n|turn|99\n|inactive|LITLE0 has 120 seconds left.\n|\n|t:|1697507764\n|move|p2a: Kingambit|Sucker Punch|p1a: Zacian\n|-resisted|p1a: Zacian\n|-damage|p1a: Zacian|0 fnt\n|faint|p1a: Zacian\n|\n|upkeep\n|\n|t:|1697507766\n|switch|p1a: Volcarona|Volcarona, F|68\/100\n|turn|100\n|\n|t:|1697507772\n|move|p1a: Volcarona|Fiery Dance|p2a: Kingambit\n|-supereffective|p2a: Kingambit\n|-damage|p2a: Kingambit|0 fnt\n|faint|p2a: Kingambit\n|-end|p2a: Kingambit|fallen5|[silent]\n|\n|win|RoyalReloaded\n|n|\u2606RoyalReloaded|royalreloaded\n|n|\u2606LITLE0|litle0\n|n|*Lady Monita \u263d|ladymonita\n|n| wesh papillon|weshpapillon\n|n| the zest of lie|thezestoflie\n|n| Cleeks|cleeks\n|n| Goomy Guy12345|goomyguy12345\n|n| christmas egirl|christmasegirl\n|n|+Goro Yagami|goroyagami\n|n| Jadino|jadino\n|n| PoliticalMan|politicalman\n|l|*Lady Monita \u263d\n|c|\u2606RoyalReloaded|gg\n|l|\u2606RoyalReloaded\n|l| PoliticalMan\n|l| Jadino\n|c| Cleeks|wtf\n|c|\u2606LITLE0|gg nice job\n|l| christmas egirl\n","uploadtime":1697507788,"views":11,"p1id":"royalreloaded","p2id":"litle0","formatid":"gen9ubers","rating":0,"private":0,"password":""}