{"id":"gen9ubers-1973224129","p1":"sword over shield","p2":"1P1o1s1h1e1","format":"[Gen 9] Ubers","log":"|j|\u2606sword over shield\n|j|\u26061P1o1s1h1e1\n|t:|1697941359\n|gametype|singles\n|player|p1|sword over shield|1|\n|player|p2|1P1o1s1h1e1|1|\n|teamsize|p1|6\n|teamsize|p2|6\n|gen|9\n|tier|[Gen 9] Ubers\n|rule|Sleep Clause Mod: Limit one foe put to sleep\n|rule|Species Clause: Limit one of each Pok\u00e9mon\n|rule|OHKO Clause: OHKO moves are banned\n|rule|Evasion Items Clause: Evasion items are banned\n|rule|Evasion Moves Clause: Evasion moves are banned\n|rule|Endless Battle Clause: Forcing endless battles is banned\n|rule|HP Percentage Mod: HP is shown in percentages\n|clearpoke\n|poke|p1|Magearna|\n|poke|p1|Shaymin-Sky|\n|poke|p1|Arceus-Dragon|\n|poke|p1|Volcarona, M|\n|poke|p1|Palkia-Origin|\n|poke|p1|Giratina|\n|poke|p2|Dialga|\n|poke|p2|Palkia-Origin|\n|poke|p2|Arceus-Dragon|\n|poke|p2|Magnezone|\n|poke|p2|Roaring Moon|\n|poke|p2|Magearna|\n|teampreview\n|\n|t:|1697941371\n|start\n|switch|p1a: Volcarona|Volcarona, M|100\/100\n|switch|p2a: Magearna|Magearna|100\/100\n|turn|1\n|\n|t:|1697941379\n|move|p1a: Volcarona|Quiver Dance|p1a: Volcarona\n|-boost|p1a: Volcarona|spa|1\n|-boost|p1a: Volcarona|spd|1\n|-boost|p1a: Volcarona|spe|1\n|move|p2a: Magearna|Thunder Wave|p1a: Volcarona\n|-status|p1a: Volcarona|par\n|\n|upkeep\n|turn|2\n|\n|t:|1697941397\n|move|p1a: Volcarona|Quiver Dance|p1a: Volcarona\n|-boost|p1a: Volcarona|spa|1\n|-boost|p1a: Volcarona|spd|1\n|-boost|p1a: Volcarona|spe|1\n|move|p2a: Magearna|Volt Switch|p1a: Volcarona\n|-damage|p1a: Volcarona|92\/100 par\n|\n|t:|1697941399\n|switch|p2a: Roaring Moon|Roaring Moon|100\/100|[from] Volt Switch\n|-enditem|p2a: Roaring Moon|Booster Energy\n|-activate|p2a: Roaring Moon|ability: Protosynthesis|[fromitem]\n|-start|p2a: Roaring Moon|protosynthesisatk\n|\n|upkeep\n|turn|3\n|\n|t:|1697941413\n|move|p2a: Roaring Moon|Acrobatics|p1a: Volcarona\n|-supereffective|p1a: Volcarona\n|-damage|p1a: Volcarona|0 fnt\n|faint|p1a: Volcarona\n|\n|upkeep\n|c|\u2606sword over shield|so much for max phys bulk\n|c|\u26061P1o1s1h1e1|lol\n|\n|t:|1697941438\n|switch|p1a: Palkia|Palkia-Origin|100\/100\n|-ability|p1a: Palkia|Pressure\n|turn|4\n|\n|t:|1697941446\n|-terastallize|p2a: Roaring Moon|Flying\n|move|p1a: Palkia|Spacial Rend|p2a: Roaring Moon\n|-damage|p2a: Roaring Moon|29\/100\n|move|p2a: Roaring Moon|Dragon Dance|p2a: Roaring Moon\n|-boost|p2a: Roaring Moon|atk|1\n|-boost|p2a: Roaring Moon|spe|1\n|\n|upkeep\n|turn|5\n|\n|t:|1697941458\n|switch|p1a: Magearna|Magearna|100\/100\n|move|p2a: Roaring Moon|Acrobatics|p1a: Magearna\n|-resisted|p1a: Magearna\n|-damage|p1a: Magearna|44\/100\n|\n|-heal|p1a: Magearna|50\/100|[from] item: Leftovers\n|upkeep\n|turn|6\n|\n|t:|1697941466\n|move|p2a: Roaring Moon|Acrobatics|p1a: Magearna\n|-resisted|p1a: Magearna\n|-crit|p1a: Magearna\n|-damage|p1a: Magearna|0 fnt\n|faint|p1a: Magearna\n|\n|upkeep\n|\n|t:|1697941476\n|switch|p1a: Giratina|Giratina|100\/100\n|-ability|p1a: Giratina|Pressure\n|turn|7\n|\n|t:|1697941486\n|move|p2a: Roaring Moon|Knock Off|p1a: Giratina\n|-supereffective|p1a: Giratina\n|-damage|p1a: Giratina|4\/100\n|-enditem|p1a: Giratina|Leftovers|[from] move: Knock Off|[of] p2a: Roaring Moon\n|move|p1a: Giratina|Hex|p2a: Roaring Moon\n|-damage|p2a: Roaring Moon|6\/100\n|\n|upkeep\n|turn|8\n|\n|t:|1697941495\n|move|p2a: Roaring Moon|Iron Head|p1a: Giratina\n|-damage|p1a: Giratina|0 fnt\n|faint|p1a: Giratina\n|\n|upkeep\n|\n|t:|1697941503\n|switch|p1a: Shaymin|Shaymin-Sky|100\/100\n|turn|9\n|\n|t:|1697941506\n|move|p2a: Roaring Moon|Acrobatics|p1a: Shaymin\n|-supereffective|p1a: Shaymin\n|-damage|p1a: Shaymin|0 fnt\n|faint|p1a: Shaymin\n|\n|upkeep\n|\n|t:|1697941508\n|switch|p1a: Arceus|Arceus-Dragon|100\/100\n|turn|10\n|\n|t:|1697941513\n|move|p2a: Roaring Moon|Acrobatics|p1a: Arceus\n|-damage|p1a: Arceus|21\/100\n|move|p1a: Arceus|Judgment|p2a: Roaring Moon\n|-damage|p2a: Roaring Moon|0 fnt\n|faint|p2a: Roaring Moon\n|-end|p2a: Roaring Moon|Protosynthesis|[silent]\n|\n|upkeep\n|\n|t:|1697941519\n|switch|p2a: Dialga|Dialga|100\/100\n|-ability|p2a: Dialga|Pressure\n|turn|11\n|\n|t:|1697941527\n|-terastallize|p1a: Arceus|Steel\n|move|p1a: Arceus|Recover|p1a: Arceus\n|-heal|p1a: Arceus|71\/100\n|move|p2a: Dialga|Steel Beam|p1a: Arceus\n|-resisted|p1a: Arceus\n|-damage|p1a: Arceus|27\/100\n|-damage|p2a: Dialga|50\/100|[from] steelbeam\n|\n|upkeep\n|turn|12\n|\n|t:|1697941537\n|move|p1a: Arceus|Recover|p1a: Arceus\n|-heal|p1a: Arceus|77\/100\n|move|p2a: Dialga|Steel Beam|p1a: Arceus\n|-resisted|p1a: Arceus\n|-damage|p1a: Arceus|31\/100\n|-damage|p2a: Dialga|0 fnt|[from] steelbeam\n|faint|p2a: Dialga\n|\n|upkeep\n|\n|t:|1697941539\n|switch|p2a: Magnezone|Magnezone|100\/100\n|turn|13\n|\n|t:|1697941546\n|move|p1a: Arceus|Recover|p1a: Arceus\n|-heal|p1a: Arceus|81\/100\n|move|p2a: Magnezone|Charge Beam|p1a: Arceus\n|-damage|p1a: Arceus|68\/100\n|-boost|p2a: Magnezone|spa|1\n|\n|upkeep\n|turn|14\n|\n|t:|1697941553\n|move|p1a: Arceus|Recover|p1a: Arceus\n|-heal|p1a: Arceus|100\/100\n|move|p2a: Magnezone|Charge Beam|p1a: Arceus\n|-damage|p1a: Arceus|78\/100\n|-boost|p2a: Magnezone|spa|1\n|\n|upkeep\n|turn|15\n|\n|t:|1697941560\n|move|p1a: Arceus|Calm Mind|p1a: Arceus\n|-boost|p1a: Arceus|spa|1\n|-boost|p1a: Arceus|spd|1\n|move|p2a: Magnezone|Charge Beam|p1a: Arceus\n|-damage|p1a: Arceus|60\/100\n|-boost|p2a: Magnezone|spa|1\n|\n|upkeep\n|turn|16\n|\n|t:|1697941567\n|move|p1a: Arceus|Calm Mind|p1a: Arceus\n|-boost|p1a: Arceus|spa|1\n|-boost|p1a: Arceus|spd|1\n|move|p2a: Magnezone|Charge Beam|p1a: Arceus\n|-damage|p1a: Arceus|42\/100\n|-boost|p2a: Magnezone|spa|1\n|\n|upkeep\n|turn|17\n|\n|t:|1697941576\n|move|p1a: Arceus|Recover|p1a: Arceus\n|-heal|p1a: Arceus|92\/100\n|move|p2a: Magnezone|Charge Beam|p1a: Arceus\n|-damage|p1a: Arceus|70\/100\n|-boost|p2a: Magnezone|spa|1\n|\n|upkeep\n|turn|18\n|\n|t:|1697941582\n|move|p1a: Arceus|Flamethrower|p2a: Magnezone\n|-supereffective|p2a: Magnezone\n|-damage|p2a: Magnezone|23\/100\n|move|p2a: Magnezone|Substitute|p2a: Magnezone\n|-fail|p2a: Magnezone|move: Substitute|[weak]\n|\n|-heal|p2a: Magnezone|29\/100|[from] item: Leftovers\n|upkeep\n|turn|19\n|\n|t:|1697941589\n|move|p1a: Arceus|Flamethrower|p2a: Magnezone\n|-supereffective|p2a: Magnezone\n|-damage|p2a: Magnezone|0 fnt\n|faint|p2a: Magnezone\n|\n|upkeep\n|\n|t:|1697941594\n|switch|p2a: Arceus|Arceus-Dragon|100\/100\n|turn|20\n|\n|t:|1697941597\n|move|p1a: Arceus|Judgment|p2a: Arceus\n|-supereffective|p2a: Arceus\n|-damage|p2a: Arceus|0 fnt\n|faint|p2a: Arceus\n|\n|upkeep\n|\n|t:|1697941602\n|switch|p2a: Palkia|Palkia-Origin|100\/100\n|-ability|p2a: Palkia|Pressure\n|turn|21\n|\n|t:|1697941606\n|move|p2a: Palkia|Fire Blast|p1a: Arceus\n|-supereffective|p1a: Arceus\n|-damage|p1a: Arceus|43\/100\n|move|p1a: Arceus|Judgment|p2a: Palkia\n|-supereffective|p2a: Palkia\n|-damage|p2a: Palkia|0 fnt\n|faint|p2a: Palkia\n|\n|upkeep\n|c|\u26061P1o1s1h1e1|lol\n|-message|1P1o1s1h1e1 forfeited.\n|\n|win|sword over shield\n|l|\u26061P1o1s1h1e1\n|c|\u2606sword over shield|idk how you lost that\n","uploadtime":1697941627,"views":17,"p1id":"swordovershield","p2id":"1p1o1s1h1e1","formatid":"gen9ubers","rating":0,"private":0,"password":""}