{"id":"gen9ubers-1968284299","p1":"GratedsShtickface","p2":"PTKmoekyuun","format":"[Gen 9] Ubers","log":"|j|\u2606GratedsShtickface\n|j|\u2606PTKmoekyuun\n|t:|1697402269\n|gametype|singles\n|player|p1|GratedsShtickface|hiker-gen4|\n|player|p2|PTKmoekyuun|1|\n|teamsize|p1|6\n|teamsize|p2|6\n|gen|9\n|tier|[Gen 9] Ubers\n|rule|Sleep Clause Mod: Limit one foe put to sleep\n|rule|Species Clause: Limit one of each Pok\u00e9mon\n|rule|OHKO Clause: OHKO moves are banned\n|rule|Evasion Items Clause: Evasion items are banned\n|rule|Evasion Moves Clause: Evasion moves are banned\n|rule|Endless Battle Clause: Forcing endless battles is banned\n|rule|HP Percentage Mod: HP is shown in percentages\n|clearpoke\n|poke|p1|Pelipper, M|\n|poke|p1|Palafin, M|\n|poke|p1|Thundurus-Therian, M|\n|poke|p1|Zacian-*|\n|poke|p1|Landorus, M|\n|poke|p1|Arceus-Grass|\n|poke|p2|Darkrai|\n|poke|p2|Empoleon, M|\n|poke|p2|Dugtrio, F|\n|poke|p2|Sylveon, F|\n|poke|p2|Quagsire, M|\n|poke|p2|Conkeldurr, M|\n|teampreview\n|inactive|Battle timer is ON: inactive players will automatically lose when time's up. (requested by GratedsShtickface)\n|\n|t:|1697402287\n|start\n|switch|p1a: Toilet Bird|Pelipper, M, shiny|100\/100\n|switch|p2a: Darkrai|Darkrai|100\/100\n|-weather|RainDance|[from] ability: Drizzle|[of] p1a: Toilet Bird\n|turn|1\n|\n|t:|1697402293\n|move|p2a: Darkrai|Hypnosis|p1a: Toilet Bird\n|-status|p1a: Toilet Bird|slp|[from] move: Hypnosis\n|cant|p1a: Toilet Bird|slp\n|\n|-weather|RainDance|[upkeep]\n|-damage|p1a: Toilet Bird|88\/100 slp|[from] ability: Bad Dreams|[of] p2a: Darkrai\n|upkeep\n|turn|2\n|\n|t:|1697402303\n|move|p2a: Darkrai|Dark Pulse|p1a: Toilet Bird\n|-crit|p1a: Toilet Bird\n|-damage|p1a: Toilet Bird|5\/100 slp\n|-damage|p2a: Darkrai|91\/100|[from] item: Life Orb\n|cant|p1a: Toilet Bird|slp\n|\n|-weather|RainDance|[upkeep]\n|-damage|p1a: Toilet Bird|0 fnt|[from] ability: Bad Dreams|[of] p2a: Darkrai\n|faint|p1a: Toilet Bird\n|upkeep\n|\n|t:|1697402306\n|switch|p1a: Random Finizen|Palafin, M|100\/100\n|turn|3\n|\n|t:|1697402312\n|detailschange|p1a: Random Finizen|Palafin-Hero, M\n|switch|p1a: Sif|Zacian|100\/100\n|-ability|p1a: Sif|Intrepid Sword|boost\n|-boost|p1a: Sif|atk|1\n|move|p2a: Darkrai|Hypnosis|p1a: Sif\n|-status|p1a: Sif|slp|[from] move: Hypnosis\n|\n|-weather|RainDance|[upkeep]\n|-damage|p1a: Sif|88\/100 slp|[from] ability: Bad Dreams|[of] p2a: Darkrai\n|upkeep\n|turn|4\n|\n|t:|1697402339\n|switch|p1a: Sando|Landorus, M|100\/100\n|switch|p2a: Sylveon|Sylveon, F|100\/100\n|\n|-weather|RainDance|[upkeep]\n|upkeep\n|turn|5\n|\n|t:|1697402346\n|move|p1a: Sando|Sludge Bomb|p2a: Sylveon\n|-supereffective|p2a: Sylveon\n|-damage|p2a: Sylveon|41\/100\n|-damage|p1a: Sando|91\/100|[from] item: Life Orb\n|move|p2a: Sylveon|Hyper Voice|p1a: Sando\n|-damage|p1a: Sando|0 fnt\n|faint|p1a: Sando\n|\n|-weather|RainDance|[upkeep]\n|upkeep\n|\n|t:|1697402352\n|switch|p1a: Zappo|Thundurus-Therian, M|100\/100\n|turn|6\n|\n|t:|1697402365\n|move|p1a: Zappo|Weather Ball|p2a: Sylveon\n|-damage|p2a: Sylveon|0 fnt\n|faint|p2a: Sylveon\n|-damage|p1a: Zappo|91\/100|[from] item: Life Orb\n|\n|-weather|RainDance|[upkeep]\n|upkeep\n|\n|t:|1697402373\n|switch|p2a: Dugtrio|Dugtrio, F|100\/100\n|turn|7\n|\n|t:|1697402387\n|switch|p1a: Ar\u0441eus-Bug|Arceus-Grass|100\/100\n|move|p2a: Dugtrio|Stone Edge|p1a: Ar\u0441eus-Bug\n|-damage|p1a: Ar\u0441eus-Bug|72\/100\n|\n|-weather|RainDance|[upkeep]\n|upkeep\n|turn|8\n|\n|t:|1697402396\n|switch|p2a: Conkeldurr|Conkeldurr, M|100\/100\n|move|p1a: Ar\u0441eus-Bug|Judgment|p2a: Conkeldurr\n|-damage|p2a: Conkeldurr|36\/100\n|\n|-weather|none\n|-status|p2a: Conkeldurr|brn|[from] item: Flame Orb\n|upkeep\n|turn|9\n|\n|t:|1697402404\n|switch|p2a: Empoleon|Empoleon, M|100\/100\n|move|p1a: Ar\u0441eus-Bug|Judgment|p2a: Empoleon\n|-damage|p2a: Empoleon|66\/100\n|\n|upkeep\n|turn|10\n|\n|t:|1697402409\n|move|p1a: Ar\u0441eus-Bug|Calm Mind|p1a: Ar\u0441eus-Bug\n|-boost|p1a: Ar\u0441eus-Bug|spa|1\n|-boost|p1a: Ar\u0441eus-Bug|spd|1\n|move|p2a: Empoleon|Ice Beam|p1a: Ar\u0441eus-Bug\n|-supereffective|p1a: Ar\u0441eus-Bug\n|-crit|p1a: Ar\u0441eus-Bug\n|-damage|p1a: Ar\u0441eus-Bug|27\/100\n|-status|p1a: Ar\u0441eus-Bug|frz\n|\n|upkeep\n|turn|11\n|\n|t:|1697402413\n|cant|p1a: Ar\u0441eus-Bug|frz\n|move|p2a: Empoleon|Roost|p2a: Empoleon\n|-heal|p2a: Empoleon|100\/100\n|-singleturn|p2a: Empoleon|move: Roost\n|\n|upkeep\n|turn|12\n|\n|t:|1697402417\n|cant|p1a: Ar\u0441eus-Bug|frz\n|move|p2a: Empoleon|Ice Beam|p1a: Ar\u0441eus-Bug\n|-supereffective|p1a: Ar\u0441eus-Bug\n|-damage|p1a: Ar\u0441eus-Bug|8\/100 frz\n|\n|upkeep\n|turn|13\n|\n|t:|1697402421\n|cant|p1a: Ar\u0441eus-Bug|frz\n|move|p2a: Empoleon|Ice Beam|p1a: Ar\u0441eus-Bug\n|-supereffective|p1a: Ar\u0441eus-Bug\n|-damage|p1a: Ar\u0441eus-Bug|0 fnt\n|faint|p1a: Ar\u0441eus-Bug\n|\n|upkeep\n|\n|t:|1697402425\n|switch|p1a: Zappo|Thundurus-Therian, M|91\/100\n|turn|14\n|inactive|PTKmoekyuun has 270 seconds left.\n|\n|t:|1697402460\n|switch|p2a: Dugtrio|Dugtrio, F|100\/100\n|move|p1a: Zappo|Thunder|p2a: Dugtrio\n|-immune|p2a: Dugtrio\n|\n|upkeep\n|turn|15\n|\n|t:|1697402464\n|switch|p1a: Random Finizen|Palafin-Hero, M|100\/100\n|-activate|p1a: Random Finizen|ability: Zero to Hero\n|move|p2a: Dugtrio|Stone Edge|p1a: Random Finizen\n|-damage|p1a: Random Finizen|59\/100\n|\n|upkeep\n|turn|16\n|inactive|PTKmoekyuun has 270 seconds left.\n|\n|t:|1697402489\n|switch|p2a: Quagsire|Quagsire, M|100\/100\n|move|p1a: Random Finizen|Jet Punch|p2a: Quagsire\n|-damage|p2a: Quagsire|61\/100\n|\n|-heal|p2a: Quagsire|67\/100|[from] item: Leftovers\n|upkeep\n|turn|17\n|\n|t:|1697402497\n|switch|p1a: Sif|Zacian|88\/100 slp\n|move|p2a: Quagsire|Recover|p2a: Quagsire\n|-heal|p2a: Quagsire|100\/100\n|\n|upkeep\n|turn|18\n|\n|t:|1697402511\n|cant|p1a: Sif|slp\n|move|p2a: Quagsire|Toxic Spikes|p1a: Sif\n|-sidestart|p1: GratedsShtickface|move: Toxic Spikes\n|\n|upkeep\n|turn|19\n|\n|t:|1697402514\n|-curestatus|p1a: Sif|slp|[msg]\n|move|p1a: Sif|Trailblaze|p2a: Quagsire\n|-supereffective|p2a: Quagsire\n|-damage|p2a: Quagsire|55\/100\n|-boost|p1a: Sif|spe|1\n|move|p2a: Quagsire|Surf|p1a: Sif\n|-damage|p1a: Sif|71\/100\n|\n|-heal|p2a: Quagsire|61\/100|[from] item: Leftovers\n|upkeep\n|turn|20\n|\n|t:|1697402527\n|switch|p1a: Random Finizen|Palafin-Hero, M|59\/100\n|-status|p1a: Random Finizen|psn\n|-terastallize|p2a: Quagsire|Poison\n|move|p2a: Quagsire|Recover|p2a: Quagsire\n|-heal|p2a: Quagsire|100\/100\n|\n|-damage|p1a: Random Finizen|47\/100 psn|[from] psn\n|upkeep\n|turn|21\n|\n|t:|1697402543\n|switch|p2a: Empoleon|Empoleon, M|100\/100\n|move|p1a: Random Finizen|Jet Punch|p2a: Empoleon\n|-resisted|p2a: Empoleon\n|-damage|p2a: Empoleon|72\/100\n|\n|-damage|p1a: Random Finizen|35\/100 psn|[from] psn\n|upkeep\n|turn|22\n|\n|t:|1697402562\n|switch|p1a: Zappo|Thundurus-Therian, M|91\/100\n|move|p2a: Empoleon|Roost|p2a: Empoleon\n|-heal|p2a: Empoleon|100\/100\n|-singleturn|p2a: Empoleon|move: Roost\n|\n|upkeep\n|turn|23\n|\n|t:|1697402573\n|switch|p2a: Dugtrio|Dugtrio, F|100\/100\n|move|p1a: Zappo|Weather Ball|p2a: Dugtrio\n|-damage|p2a: Dugtrio|51\/100\n|-damage|p1a: Zappo|81\/100|[from] item: Life Orb\n|\n|upkeep\n|turn|24\n|\n|t:|1697402578\n|switch|p1a: Sif|Zacian|71\/100\n|move|p2a: Dugtrio|Stone Edge|p1a: Sif\n|-damage|p1a: Sif|27\/100\n|\n|upkeep\n|turn|25\n|\n|t:|1697402582\n|switch|p2a: Quagsire|Quagsire, M, tera:Poison|100\/100\n|move|p1a: Sif|Trailblaze|p2a: Quagsire\n|-resisted|p2a: Quagsire\n|-damage|p2a: Quagsire|94\/100\n|-boost|p1a: Sif|spe|1\n|\n|-heal|p2a: Quagsire|100\/100|[from] item: Leftovers\n|upkeep\n|turn|26\n|\n|t:|1697402586\n|move|p1a: Sif|Crunch|p2a: Quagsire\n|-damage|p2a: Quagsire|81\/100\n|move|p2a: Quagsire|Stealth Rock|p1a: Sif\n|-sidestart|p1: GratedsShtickface|move: Stealth Rock\n|\n|-heal|p2a: Quagsire|87\/100|[from] item: Leftovers\n|upkeep\n|turn|27\n|\n|t:|1697402590\n|move|p1a: Sif|Crunch|p2a: Quagsire\n|-damage|p2a: Quagsire|69\/100\n|move|p2a: Quagsire|Surf|p1a: Sif\n|-damage|p1a: Sif|7\/100\n|\n|-heal|p2a: Quagsire|75\/100|[from] item: Leftovers\n|upkeep\n|turn|28\n|\n|t:|1697402594\n|move|p1a: Sif|Crunch|p2a: Quagsire\n|-damage|p2a: Quagsire|56\/100\n|move|p2a: Quagsire|Recover|p2a: Quagsire\n|-heal|p2a: Quagsire|100\/100\n|\n|upkeep\n|turn|29\n|\n|t:|1697402596\n|move|p1a: Sif|Crunch|p2a: Quagsire\n|-damage|p2a: Quagsire|81\/100\n|-unboost|p2a: Quagsire|def|1\n|move|p2a: Quagsire|Surf|p1a: Sif\n|-damage|p1a: Sif|0 fnt\n|faint|p1a: Sif\n|\n|-heal|p2a: Quagsire|88\/100|[from] item: Leftovers\n|upkeep\n|\n|t:|1697402599\n|switch|p1a: Zappo|Thundurus-Therian, M|81\/100\n|-damage|p1a: Zappo|56\/100|[from] Stealth Rock\n|turn|30\n|\n|t:|1697402611\n|switch|p2a: Dugtrio|Dugtrio, F|51\/100\n|move|p1a: Zappo|Weather Ball|p2a: Dugtrio\n|-damage|p2a: Dugtrio|0 fnt\n|faint|p2a: Dugtrio\n|-damage|p1a: Zappo|47\/100|[from] item: Life Orb\n|\n|upkeep\n|\n|t:|1697402615\n|switch|p2a: Darkrai|Darkrai|91\/100\n|turn|31\n|\n|t:|1697402621\n|switch|p1a: Random Finizen|Palafin-Hero, M|35\/100 psn\n|-damage|p1a: Random Finizen|22\/100 psn|[from] Stealth Rock\n|move|p2a: Darkrai|Dark Pulse|p1a: Random Finizen\n|-damage|p1a: Random Finizen|0 fnt\n|faint|p1a: Random Finizen\n|-damage|p2a: Darkrai|81\/100|[from] item: Life Orb\n|\n|upkeep\n|\n|t:|1697402622\n|switch|p1a: Zappo|Thundurus-Therian, M|47\/100\n|-damage|p1a: Zappo|22\/100|[from] Stealth Rock\n|turn|32\n|\n|t:|1697402625\n|move|p2a: Darkrai|Dark Pulse|p1a: Zappo\n|-damage|p1a: Zappo|0 fnt\n|faint|p1a: Zappo\n|-damage|p2a: Darkrai|71\/100|[from] item: Life Orb\n|\n|win|PTKmoekyuun\n|c|\u2606GratedsShtickface|gg\n","uploadtime":1697402630,"views":25,"p1id":"gratedsshtickface","p2id":"ptkmoekyuun","formatid":"gen9ubers","rating":0,"private":0,"password":""}