{"id":"gen9ubers-1996284253","p1":"Passemonde RPPLF","p2":"Skotchaud","format":"[Gen 9] Ubers","log":"|j|\u2606Passemonde RPPLF\n|j|\u2606Skotchaud\n|t:|1700667416\n|gametype|singles\n|player|p1|Passemonde RPPLF|rood|\n|player|p2|Skotchaud|noland|\n|teamsize|p1|6\n|teamsize|p2|6\n|gen|9\n|tier|[Gen 9] Ubers\n|rule|Sleep Clause Mod: Limit one foe put to sleep\n|rule|Species Clause: Limit one of each Pok\u00e9mon\n|rule|OHKO Clause: OHKO moves are banned\n|rule|Evasion Items Clause: Evasion items are banned\n|rule|Evasion Moves Clause: Evasion moves are banned\n|rule|Endless Battle Clause: Forcing endless battles is banned\n|rule|HP Percentage Mod: HP is shown in percentages\n|clearpoke\n|poke|p1|Clefable, F|\n|poke|p1|Avalugg, M|\n|poke|p1|Crawdaunt, M|\n|poke|p1|Slowking-Galar, F|\n|poke|p1|Eternatus|\n|poke|p1|Landorus-Therian, M|\n|poke|p2|Grimmsnarl, M|\n|poke|p2|Ursaluna, F|\n|poke|p2|Heatran, F|\n|poke|p2|Hawlucha, M|\n|poke|p2|Hydreigon, M|\n|poke|p2|Rillaboom, F|\n|teampreview\n|\n|t:|1700667437\n|start\n|switch|p1a: Eau chiotte|Crawdaunt, M|100\/100\n|switch|p2a: Grimmsnarl|Grimmsnarl, M|100\/100\n|turn|1\n|\n|t:|1700667462\n|move|p2a: Grimmsnarl|Reflect|p2a: Grimmsnarl\n|-sidestart|p2: Skotchaud|Reflect\n|move|p1a: Eau chiotte|Knock Off|p2a: Grimmsnarl\n|-resisted|p2a: Grimmsnarl\n|-damage|p2a: Grimmsnarl|93\/100\n|-enditem|p2a: Grimmsnarl|Light Clay|[from] move: Knock Off|[of] p1a: Eau chiotte\n|\n|upkeep\n|turn|2\n|\n|t:|1700667476\n|switch|p2a: Rillaboom|Rillaboom, F|100\/100\n|-fieldstart|move: Grassy Terrain|[from] ability: Grassy Surge|[of] p2a: Rillaboom\n|move|p1a: Eau chiotte|Swords Dance|p1a: Eau chiotte\n|-boost|p1a: Eau chiotte|atk|2\n|\n|upkeep\n|turn|3\n|\n|t:|1700667487\n|switch|p1a: Dragon berg|Avalugg, M|100\/100\n|move|p2a: Rillaboom|Grassy Glide|p1a: Dragon berg\n|-damage|p1a: Dragon berg|74\/100\n|\n|-heal|p1a: Dragon berg|80\/100|[from] Grassy Terrain\n|upkeep\n|turn|4\n|\n|t:|1700667509\n|switch|p2a: Ursaluna|Ursaluna, F|100\/100\n|switch|p1a: Landorus|Landorus-Therian, M|100\/100\n|-ability|p1a: Landorus|Intimidate|boost\n|-unboost|p2a: Ursaluna|atk|1\n|\n|-status|p2a: Ursaluna|brn|[from] item: Flame Orb\n|upkeep\n|turn|5\n|\n|t:|1700667538\n|move|p1a: Landorus|U-turn|p2a: Ursaluna\n|-damage|p2a: Ursaluna|91\/100 brn\n|\n|t:|1700667542\n|switch|p1a: Dragon berg|Avalugg, M|80\/100|[from] U-turn\n|move|p2a: Ursaluna|Ice Punch|p1a: Dragon berg\n|-resisted|p1a: Dragon berg\n|-damage|p1a: Dragon berg|75\/100\n|\n|-heal|p2a: Ursaluna|97\/100 brn|[from] Grassy Terrain\n|-heal|p1a: Dragon berg|81\/100|[from] Grassy Terrain\n|-damage|p2a: Ursaluna|91\/100 brn|[from] brn\n|upkeep\n|turn|6\n|\n|t:|1700667556\n|move|p2a: Ursaluna|Swords Dance|p2a: Ursaluna\n|-boost|p2a: Ursaluna|atk|2\n|move|p1a: Dragon berg|Avalanche|p2a: Ursaluna\n|-supereffective|p2a: Ursaluna\n|-damage|p2a: Ursaluna|74\/100 brn\n|\n|-heal|p2a: Ursaluna|80\/100 brn|[from] Grassy Terrain\n|-heal|p1a: Dragon berg|87\/100|[from] Grassy Terrain\n|-damage|p2a: Ursaluna|74\/100 brn|[from] brn\n|-fieldend|move: Grassy Terrain\n|upkeep\n|turn|7\n|\n|t:|1700667573\n|switch|p1a: Landorus|Landorus-Therian, M|100\/100\n|-ability|p1a: Landorus|Intimidate|boost\n|-unboost|p2a: Ursaluna|atk|1\n|move|p2a: Ursaluna|Facade|p1a: Landorus\n|-damage|p1a: Landorus|0 fnt\n|faint|p1a: Landorus\n|\n|-damage|p2a: Ursaluna|67\/100 brn|[from] brn\n|upkeep\n|\n|t:|1700667587\n|switch|p1a: Eau chiotte|Crawdaunt, M|100\/100\n|turn|8\n|\n|t:|1700667598\n|switch|p2a: Rillaboom|Rillaboom, F|100\/100\n|-fieldstart|move: Grassy Terrain|[from] ability: Grassy Surge|[of] p2a: Rillaboom\n|-terastallize|p1a: Eau chiotte|Water\n|move|p1a: Eau chiotte|Crabhammer|p2a: Rillaboom\n|-resisted|p2a: Rillaboom\n|-damage|p2a: Rillaboom|77\/100\n|\n|-heal|p2a: Rillaboom|83\/100|[from] Grassy Terrain\n|-sideend|p2: Skotchaud|Reflect\n|upkeep\n|turn|9\n|\n|t:|1700667621\n|switch|p1a: Eau revoir|Slowking-Galar, F|100\/100\n|move|p2a: Rillaboom|Wood Hammer|p1a: Eau revoir\n|-resisted|p1a: Eau revoir\n|-damage|p1a: Eau revoir|28\/100\n|-enditem|p1a: Eau revoir|Sitrus Berry|[eat]\n|-heal|p1a: Eau revoir|53\/100|[from] item: Sitrus Berry\n|-damage|p2a: Rillaboom|59\/100|[from] Recoil\n|\n|-heal|p2a: Rillaboom|65\/100|[from] Grassy Terrain\n|-heal|p1a: Eau revoir|59\/100|[from] Grassy Terrain\n|upkeep\n|turn|10\n|\n|t:|1700667639\n|switch|p2a: Grimmsnarl|Grimmsnarl, M|93\/100\n|switch|p1a: Dragon berg|Avalugg, M|87\/100\n|\n|-heal|p2a: Grimmsnarl|99\/100|[from] Grassy Terrain\n|-heal|p1a: Dragon berg|93\/100|[from] Grassy Terrain\n|upkeep\n|turn|11\n|\n|t:|1700667662\n|move|p2a: Grimmsnarl|Reflect|p2a: Grimmsnarl\n|-sidestart|p2: Skotchaud|Reflect\n|move|p1a: Dragon berg|Body Press|p2a: Grimmsnarl\n|-damage|p2a: Grimmsnarl|80\/100\n|\n|-heal|p2a: Grimmsnarl|87\/100|[from] Grassy Terrain\n|-heal|p1a: Dragon berg|99\/100|[from] Grassy Terrain\n|upkeep\n|turn|12\n|\n|t:|1700667676\n|move|p2a: Grimmsnarl|Light Screen|p2a: Grimmsnarl\n|-sidestart|p2: Skotchaud|move: Light Screen\n|move|p1a: Dragon berg|Body Press|p2a: Grimmsnarl\n|-damage|p2a: Grimmsnarl|69\/100\n|\n|-heal|p2a: Grimmsnarl|75\/100|[from] Grassy Terrain\n|-heal|p1a: Dragon berg|100\/100|[from] Grassy Terrain\n|-fieldend|move: Grassy Terrain\n|upkeep\n|turn|13\n|\n|t:|1700667688\n|move|p2a: Grimmsnarl|Taunt|p1a: Dragon berg\n|-start|p1a: Dragon berg|move: Taunt\n|move|p1a: Dragon berg|Body Press|p2a: Grimmsnarl\n|-damage|p2a: Grimmsnarl|57\/100\n|\n|upkeep\n|turn|14\n|\n|t:|1700667700\n|move|p2a: Grimmsnarl|Parting Shot|p1a: Dragon berg\n|-unboost|p1a: Dragon berg|atk|1\n|-unboost|p1a: Dragon berg|spa|1\n|\n|t:|1700667766\n|switch|p2a: Heatran|Heatran, F|100\/100|[from] Parting Shot\n|move|p1a: Dragon berg|Body Press|p2a: Heatran\n|-supereffective|p2a: Heatran\n|-damage|p2a: Heatran|68\/100\n|\n|-heal|p2a: Heatran|74\/100|[from] item: Leftovers\n|upkeep\n|turn|15\n|\n|t:|1700667786\n|switch|p1a: Eau revoir|Slowking-Galar, F|92\/100\n|move|p2a: Heatran|Stealth Rock|p1a: Eau revoir\n|-sidestart|p1: Passemonde RPPLF|move: Stealth Rock\n|\n|-heal|p2a: Heatran|80\/100|[from] item: Leftovers\n|-sideend|p2: Skotchaud|Reflect\n|upkeep\n|turn|16\n|\n|t:|1700667798\n|move|p2a: Heatran|Taunt|p1a: Eau revoir\n|-start|p1a: Eau revoir|move: Taunt\n|cant|p1a: Eau revoir|move: Taunt|Chilly Reception\n|\n|-heal|p2a: Heatran|87\/100|[from] item: Leftovers\n|-sideend|p2: Skotchaud|move: Light Screen\n|upkeep\n|turn|17\n|\n|t:|1700667821\n|switch|p1a: Eau chiotte|Crawdaunt, M, tera:Water|100\/100\n|-damage|p1a: Eau chiotte|88\/100|[from] Stealth Rock\n|move|p2a: Heatran|Earth Power|p1a: Eau chiotte\n|-damage|p1a: Eau chiotte|42\/100\n|\n|-heal|p2a: Heatran|93\/100|[from] item: Leftovers\n|upkeep\n|turn|18\n|\n|t:|1700667849\n|switch|p2a: Hydreigon|Hydreigon, M|100\/100\n|move|p1a: Eau chiotte|Aqua Jet|p2a: Hydreigon\n|-resisted|p2a: Hydreigon\n|-damage|p2a: Hydreigon|78\/100\n|-enditem|p2a: Hydreigon|Red Card|[of] p1a: Eau chiotte\n|drag|p1a: Eternatus|Eternatus|100\/100\n|-damage|p1a: Eternatus|88\/100|[from] Stealth Rock\n|-ability|p1a: Eternatus|Pressure\n|\n|-heal|p1a: Eternatus|94\/100|[from] item: Leftovers\n|upkeep\n|turn|19\n|\n|t:|1700667898\n|switch|p1a: Eau revoir|Slowking-Galar, F|100\/100\n|-damage|p1a: Eau revoir|88\/100|[from] Stealth Rock\n|switch|p2a: Rillaboom|Rillaboom, F|65\/100\n|-fieldstart|move: Grassy Terrain|[from] ability: Grassy Surge|[of] p2a: Rillaboom\n|\n|-heal|p2a: Rillaboom|71\/100|[from] Grassy Terrain\n|-heal|p1a: Eau revoir|94\/100|[from] Grassy Terrain\n|upkeep\n|turn|20\n|\n|t:|1700667913\n|switch|p1a: Dragon berg|Avalugg, M|100\/100\n|move|p2a: Rillaboom|U-turn|p1a: Dragon berg\n|-damage|p1a: Dragon berg|86\/100\n|\n|t:|1700667919\n|switch|p2a: Heatran|Heatran, F|93\/100|[from] U-turn\n|\n|-heal|p2a: Heatran|99\/100|[from] Grassy Terrain\n|-heal|p2a: Heatran|100\/100|[from] item: Leftovers\n|-heal|p1a: Dragon berg|92\/100|[from] Grassy Terrain\n|upkeep\n|turn|21\n|\n|t:|1700667936\n|switch|p1a: Eau revoir|Slowking-Galar, F|100\/100\n|-damage|p1a: Eau revoir|88\/100|[from] Stealth Rock\n|move|p2a: Heatran|Magma Storm|p1a: Eau revoir\n|-damage|p1a: Eau revoir|58\/100\n|-activate|p1a: Eau revoir|move: Magma Storm|[of] p2a: Heatran\n|\n|-heal|p1a: Eau revoir|64\/100|[from] Grassy Terrain\n|-damage|p1a: Eau revoir|52\/100|[from] move: Magma Storm|[partiallytrapped]\n|upkeep\n|turn|22\n|\n|t:|1700667957\n|move|p2a: Heatran|Taunt|p1a: Eau revoir\n|-start|p1a: Eau revoir|move: Taunt\n|move|p1a: Eau revoir|Future Sight|p2a: Heatran\n|-start|p1a: Eau revoir|move: Future Sight\n|\n|-heal|p1a: Eau revoir|58\/100|[from] Grassy Terrain\n|-damage|p1a: Eau revoir|45\/100|[from] move: Magma Storm|[partiallytrapped]\n|upkeep\n|turn|23\n|\n|t:|1700667981\n|move|p2a: Heatran|Earth Power|p1a: Eau revoir\n|-supereffective|p1a: Eau revoir\n|-damage|p1a: Eau revoir|7\/100\n|move|p1a: Eau revoir|Sludge Bomb|p2a: Heatran\n|-immune|p2a: Heatran\n|\n|-heal|p1a: Eau revoir|13\/100|[from] Grassy Terrain\n|-damage|p1a: Eau revoir|0 fnt|[from] move: Magma Storm|[partiallytrapped]\n|faint|p1a: Eau revoir\n|-fieldend|move: Grassy Terrain\n|upkeep\n|\n|t:|1700667993\n|switch|p1a: Eau chiotte|Crawdaunt, M, tera:Water|42\/100\n|-damage|p1a: Eau chiotte|30\/100|[from] Stealth Rock\n|turn|24\n|\n|t:|1700668046\n|switch|p2a: Grimmsnarl|Grimmsnarl, M|57\/100\n|move|p1a: Eau chiotte|Crabhammer|p2a: Grimmsnarl\n|-damage|p2a: Grimmsnarl|0 fnt\n|faint|p2a: Grimmsnarl\n|\n|-hint|Future Sight did not hit because the target is fainted.\n|upkeep\n|\n|t:|1700668052\n|switch|p2a: Rillaboom|Rillaboom, F|71\/100\n|-fieldstart|move: Grassy Terrain|[from] ability: Grassy Surge|[of] p2a: Rillaboom\n|turn|25\n|\n|t:|1700668065\n|switch|p1a: Eternatus|Eternatus|94\/100\n|-damage|p1a: Eternatus|82\/100|[from] Stealth Rock\n|-ability|p1a: Eternatus|Pressure\n|move|p2a: Rillaboom|Wood Hammer|p1a: Eternatus\n|-resisted|p1a: Eternatus\n|-damage|p1a: Eternatus|56\/100\n|-damage|p2a: Rillaboom|61\/100|[from] Recoil\n|\n|-heal|p1a: Eternatus|62\/100|[from] Grassy Terrain\n|-heal|p1a: Eternatus|68\/100|[from] item: Leftovers\n|-heal|p2a: Rillaboom|67\/100|[from] Grassy Terrain\n|upkeep\n|turn|26\n|\n|t:|1700668089\n|switch|p2a: Heatran|Heatran, F|100\/100\n|move|p1a: Eternatus|Cosmic Power|p1a: Eternatus\n|-boost|p1a: Eternatus|def|1\n|-boost|p1a: Eternatus|spd|1\n|\n|-heal|p1a: Eternatus|75\/100|[from] Grassy Terrain\n|-heal|p1a: Eternatus|81\/100|[from] item: Leftovers\n|upkeep\n|turn|27\n|\n|t:|1700668099\n|switch|p2a: Hawlucha|Hawlucha, M|100\/100\n|-enditem|p2a: Hawlucha|Grassy Seed\n|-boost|p2a: Hawlucha|def|1|[from] item: Grassy Seed\n|move|p1a: Eternatus|Cosmic Power|p1a: Eternatus\n|-boost|p1a: Eternatus|def|1\n|-boost|p1a: Eternatus|spd|1\n|\n|-heal|p1a: Eternatus|87\/100|[from] Grassy Terrain\n|-heal|p1a: Eternatus|93\/100|[from] item: Leftovers\n|upkeep\n|turn|28\n|\n|t:|1700668112\n|move|p2a: Hawlucha|Encore|p1a: Eternatus\n|-start|p1a: Eternatus|Encore\n|move|p1a: Eternatus|Cosmic Power|p1a: Eternatus\n|-boost|p1a: Eternatus|def|1\n|-boost|p1a: Eternatus|spd|1\n|\n|-heal|p1a: Eternatus|99\/100|[from] Grassy Terrain\n|-heal|p1a: Eternatus|100\/100|[from] item: Leftovers\n|upkeep\n|turn|29\n|\n|t:|1700668123\n|move|p2a: Hawlucha|Swords Dance|p2a: Hawlucha\n|-boost|p2a: Hawlucha|atk|2\n|move|p1a: Eternatus|Cosmic Power|p1a: Eternatus\n|-boost|p1a: Eternatus|def|1\n|-boost|p1a: Eternatus|spd|1\n|\n|-fieldend|move: Grassy Terrain\n|upkeep\n|turn|30\n|\n|t:|1700668132\n|switch|p1a: Eau mon dieu|Clefable, F|100\/100\n|-damage|p1a: Eau mon dieu|88\/100|[from] Stealth Rock\n|move|p2a: Hawlucha|Swords Dance|p2a: Hawlucha\n|-boost|p2a: Hawlucha|atk|2\n|\n|upkeep\n|turn|31\n|\n|t:|1700668153\n|-terastallize|p2a: Hawlucha|Flying\n|move|p2a: Hawlucha|Acrobatics|p1a: Eau mon dieu\n|-damage|p1a: Eau mon dieu|36\/100\n|move|p1a: Eau mon dieu|Draining Kiss|p2a: Hawlucha\n|-damage|p2a: Hawlucha|71\/100\n|-heal|p1a: Eau mon dieu|53\/100|[from] drain|[of] p2a: Hawlucha\n|\n|upkeep\n|turn|32\n|\n|t:|1700668164\n|move|p2a: Hawlucha|Acrobatics|p1a: Eau mon dieu\n|-damage|p1a: Eau mon dieu|6\/100\n|move|p1a: Eau mon dieu|Moonlight|p1a: Eau mon dieu\n|-heal|p1a: Eau mon dieu|56\/100\n|\n|upkeep\n|turn|33\n|\n|t:|1700668172\n|move|p2a: Hawlucha|Acrobatics|p1a: Eau mon dieu\n|-damage|p1a: Eau mon dieu|8\/100\n|move|p1a: Eau mon dieu|Moonlight|p1a: Eau mon dieu\n|-heal|p1a: Eau mon dieu|58\/100\n|\n|upkeep\n|turn|34\n|\n|t:|1700668180\n|move|p2a: Hawlucha|Encore|p1a: Eau mon dieu\n|-start|p1a: Eau mon dieu|Encore\n|move|p1a: Eau mon dieu|Moonlight|p1a: Eau mon dieu\n|-heal|p1a: Eau mon dieu|100\/100\n|\n|upkeep\n|turn|35\n|\n|t:|1700668197\n|switch|p1a: Dragon berg|Avalugg, M|92\/100\n|move|p2a: Hawlucha|Swords Dance|p2a: Hawlucha\n|-boost|p2a: Hawlucha|atk|2\n|\n|upkeep\n|turn|36\n|\n|t:|1700668211\n|move|p2a: Hawlucha|Acrobatics|p1a: Dragon berg\n|-damage|p1a: Dragon berg|0 fnt\n|faint|p1a: Dragon berg\n|\n|upkeep\n|\n|t:|1700668218\n|switch|p1a: Eau mon dieu|Clefable, F|100\/100\n|-damage|p1a: Eau mon dieu|88\/100|[from] Stealth Rock\n|turn|37\n|\n|t:|1700668226\n|move|p2a: Hawlucha|Acrobatics|p1a: Eau mon dieu\n|-damage|p1a: Eau mon dieu|40\/100\n|move|p1a: Eau mon dieu|Draining Kiss|p2a: Hawlucha\n|-crit|p2a: Hawlucha\n|-damage|p2a: Hawlucha|31\/100\n|-heal|p1a: Eau mon dieu|64\/100|[from] drain|[of] p2a: Hawlucha\n|\n|upkeep\n|turn|38\n|\n|t:|1700668265\n|move|p2a: Hawlucha|Acrobatics|p1a: Eau mon dieu\n|-damage|p1a: Eau mon dieu|19\/100\n|move|p1a: Eau mon dieu|Draining Kiss|p2a: Hawlucha\n|-damage|p2a: Hawlucha|3\/100\n|-heal|p1a: Eau mon dieu|36\/100|[from] drain|[of] p2a: Hawlucha\n|\n|upkeep\n|turn|39\n|\n|t:|1700668274\n|move|p2a: Hawlucha|Acrobatics|p1a: Eau mon dieu\n|-damage|p1a: Eau mon dieu|0 fnt\n|faint|p1a: Eau mon dieu\n|\n|upkeep\n|\n|t:|1700668279\n|switch|p1a: Eau chiotte|Crawdaunt, M, tera:Water|30\/100\n|-damage|p1a: Eau chiotte|17\/100|[from] Stealth Rock\n|turn|40\n|\n|t:|1700668307\n|move|p1a: Eau chiotte|Aqua Jet|p2a: Hawlucha\n|-damage|p2a: Hawlucha|0 fnt\n|faint|p2a: Hawlucha\n|\n|upkeep\n|\n|t:|1700668325\n|switch|p2a: Rillaboom|Rillaboom, F|67\/100\n|-fieldstart|move: Grassy Terrain|[from] ability: Grassy Surge|[of] p2a: Rillaboom\n|turn|41\n|\n|t:|1700668337\n|move|p2a: Rillaboom|Grassy Glide|p1a: Eau chiotte\n|-supereffective|p1a: Eau chiotte\n|-damage|p1a: Eau chiotte|0 fnt\n|faint|p1a: Eau chiotte\n|\n|-heal|p2a: Rillaboom|73\/100|[from] Grassy Terrain\n|upkeep\n|\n|t:|1700668345\n|switch|p1a: Eternatus|Eternatus|100\/100\n|-damage|p1a: Eternatus|88\/100|[from] Stealth Rock\n|-ability|p1a: Eternatus|Pressure\n|turn|42\n|\n|t:|1700668357\n|switch|p2a: Ursaluna|Ursaluna, F|67\/100 brn\n|move|p1a: Eternatus|Cosmic Power|p1a: Eternatus\n|-boost|p1a: Eternatus|def|1\n|-boost|p1a: Eternatus|spd|1\n|\n|-heal|p1a: Eternatus|94\/100|[from] Grassy Terrain\n|-heal|p1a: Eternatus|100\/100|[from] item: Leftovers\n|-heal|p2a: Ursaluna|74\/100 brn|[from] Grassy Terrain\n|-damage|p2a: Ursaluna|67\/100 brn|[from] brn\n|upkeep\n|turn|43\n|\n|t:|1700668371\n|move|p1a: Eternatus|Cosmic Power|p1a: Eternatus\n|-boost|p1a: Eternatus|def|1\n|-boost|p1a: Eternatus|spd|1\n|move|p2a: Ursaluna|Facade|p1a: Eternatus\n|-damage|p1a: Eternatus|56\/100\n|\n|-heal|p1a: Eternatus|62\/100|[from] Grassy Terrain\n|-heal|p1a: Eternatus|69\/100|[from] item: Leftovers\n|-heal|p2a: Ursaluna|74\/100 brn|[from] Grassy Terrain\n|-damage|p2a: Ursaluna|67\/100 brn|[from] brn\n|upkeep\n|turn|44\n|\n|t:|1700668385\n|move|p1a: Eternatus|Sludge Bomb|p2a: Ursaluna\n|-resisted|p2a: Ursaluna\n|-crit|p2a: Ursaluna\n|-damage|p2a: Ursaluna|29\/100 brn\n|move|p2a: Ursaluna|Swords Dance|p2a: Ursaluna\n|-boost|p2a: Ursaluna|atk|2\n|\n|-heal|p1a: Eternatus|75\/100|[from] Grassy Terrain\n|-heal|p1a: Eternatus|81\/100|[from] item: Leftovers\n|-heal|p2a: Ursaluna|35\/100 brn|[from] Grassy Terrain\n|-damage|p2a: Ursaluna|29\/100 brn|[from] brn\n|upkeep\n|turn|45\n|\n|t:|1700668397\n|move|p1a: Eternatus|Sludge Bomb|p2a: Ursaluna\n|-resisted|p2a: Ursaluna\n|-damage|p2a: Ursaluna|6\/100 brn\n|move|p2a: Ursaluna|Facade|p1a: Eternatus\n|-damage|p1a: Eternatus|0 fnt\n|faint|p1a: Eternatus\n|\n|win|Skotchaud\n","uploadtime":1700668408,"views":14,"p1id":"passemonderpplf","p2id":"skotchaud","formatid":"gen9ubers","rating":0,"private":0,"password":""}