{"id":"gen9ubers-1982697383","p1":"AlicieLizzie","p2":"Leo Justice","format":"[Gen 9] Ubers","log":"|j|\u2606AlicieLizzie\n|j|\u2606Leo Justice\n|t:|1699036690\n|gametype|singles\n|player|p1|AlicieLizzie|marnie-masters3|\n|player|p2|Leo Justice|carmine|\n|teamsize|p1|6\n|teamsize|p2|6\n|gen|9\n|tier|[Gen 9] Ubers\n|rule|Sleep Clause Mod: Limit one foe put to sleep\n|rule|Species Clause: Limit one of each Pok\u00e9mon\n|rule|OHKO Clause: OHKO moves are banned\n|rule|Evasion Items Clause: Evasion items are banned\n|rule|Evasion Moves Clause: Evasion moves are banned\n|rule|Endless Battle Clause: Forcing endless battles is banned\n|rule|HP Percentage Mod: HP is shown in percentages\n|clearpoke\n|poke|p1|Cyclizar, M|\n|poke|p1|Kommo-o, M|\n|poke|p1|Shaymin-Sky|\n|poke|p1|Gholdengo|\n|poke|p1|Zacian-*|\n|poke|p1|Espathra, F|\n|poke|p2|Quagsire, F|\n|poke|p2|Alomomola, M|\n|poke|p2|Blissey, F|\n|poke|p2|Garganacl, F|\n|poke|p2|Dialga|\n|poke|p2|Toedscruel, F|\n|teampreview\n|inactive|Battle timer is ON: inactive players will automatically lose when time's up. (requested by AlicieLizzie)\n|c|\u2606Leo Justice|Good luck\n|\n|t:|1699036705\n|start\n|switch|p1a: Cycle Dryer|Cyclizar, M|100\/100\n|switch|p2a: Toedscruel|Toedscruel, F|100\/100\n|turn|1\n|\n|t:|1699036712\n|move|p1a: Cycle Dryer|Shed Tail|p1a: Cycle Dryer\n|-start|p1a: Cycle Dryer|Substitute|[from] move: Shed Tail\n|-damage|p1a: Cycle Dryer|50\/100\n|\n|t:|1699036714\n|switch|p1a: path to womanhood|Espathra, F|100\/100|[from] Shed Tail\n|move|p2a: Toedscruel|Toxic Spikes|p1a: path to womanhood\n|-sidestart|p1: AlicieLizzie|move: Toxic Spikes\n|\n|upkeep\n|turn|2\n|\n|t:|1699036720\n|switch|p2a: Dialga|Dialga|100\/100\n|-ability|p2a: Dialga|Pressure\n|move|p1a: path to womanhood|Calm Mind|p1a: path to womanhood\n|-boost|p1a: path to womanhood|spa|1\n|-boost|p1a: path to womanhood|spd|1\n|\n|-ability|p1a: path to womanhood|Speed Boost|boost\n|-boost|p1a: path to womanhood|spe|1\n|upkeep\n|turn|3\n|\n|t:|1699036727\n|-terastallize|p1a: path to womanhood|Fighting\n|move|p1a: path to womanhood|Tera Blast|p2a: Dialga|[anim] Tera Blast Fighting\n|-supereffective|p2a: Dialga\n|-damage|p2a: Dialga|30\/100\n|move|p2a: Dialga|Roar|p1a: path to womanhood\n|drag|p1a: Spiffy as Silver|Gholdengo|100\/100\n|\n|-heal|p2a: Dialga|36\/100|[from] item: Leftovers\n|upkeep\n|turn|4\n|\n|t:|1699036737\n|switch|p2a: Toedscruel|Toedscruel, F|100\/100\n|move|p1a: Spiffy as Silver|Focus Blast|p2a: Toedscruel\n|-damage|p2a: Toedscruel|76\/100\n|\n|upkeep\n|turn|5\n|\n|t:|1699036745\n|switch|p1a: Cycle Dryer|Cyclizar, M|84\/100\n|move|p2a: Toedscruel|Spore|p1a: Cycle Dryer\n|-status|p1a: Cycle Dryer|slp|[from] move: Spore\n|\n|upkeep\n|turn|6\n|\n|t:|1699036755\n|switch|p1a: It's a Shayme|Shaymin-Sky|100\/100\n|move|p2a: Toedscruel|Earth Power|p1a: It's a Shayme\n|-immune|p1a: It's a Shayme\n|\n|upkeep\n|turn|7\n|\n|t:|1699036767\n|switch|p2a: Blissey|Blissey, F|100\/100\n|move|p1a: It's a Shayme|Air Slash|p2a: Blissey\n|-damage|p2a: Blissey|91\/100\n|\n|upkeep\n|turn|8\n|\n|t:|1699036776\n|move|p1a: It's a Shayme|Substitute|p1a: It's a Shayme\n|-start|p1a: It's a Shayme|Substitute\n|-damage|p1a: It's a Shayme|76\/100\n|move|p2a: Blissey|Stealth Rock|p1a: It's a Shayme\n|-sidestart|p1: AlicieLizzie|move: Stealth Rock\n|\n|upkeep\n|turn|9\n|\n|t:|1699036780\n|move|p1a: It's a Shayme|Seed Flare|p2a: Blissey\n|-damage|p2a: Blissey|79\/100\n|-unboost|p2a: Blissey|spd|2\n|move|p2a: Blissey|Seismic Toss|p1a: It's a Shayme\n|-end|p1a: It's a Shayme|Substitute\n|\n|upkeep\n|turn|10\n|\n|t:|1699036790\n|switch|p2a: Dialga|Dialga|36\/100\n|-ability|p2a: Dialga|Pressure\n|move|p1a: It's a Shayme|Substitute|p1a: It's a Shayme\n|-start|p1a: It's a Shayme|Substitute\n|-damage|p1a: It's a Shayme|51\/100\n|\n|-heal|p2a: Dialga|43\/100|[from] item: Leftovers\n|upkeep\n|turn|11\n|\n|t:|1699036797\n|switch|p2a: Blissey|Blissey, F|79\/100\n|move|p1a: It's a Shayme|Air Slash|p2a: Blissey|[miss]\n|-miss|p1a: It's a Shayme|p2a: Blissey\n|\n|upkeep\n|turn|12\n|\n|t:|1699036803\n|move|p1a: It's a Shayme|Leech Seed|p2a: Blissey\n|-start|p2a: Blissey|move: Leech Seed\n|move|p2a: Blissey|Seismic Toss|p1a: It's a Shayme\n|-end|p1a: It's a Shayme|Substitute\n|\n|-damage|p2a: Blissey|66\/100|[from] Leech Seed|[of] p1a: It's a Shayme\n|-heal|p1a: It's a Shayme|73\/100|[silent]\n|upkeep\n|turn|13\n|\n|t:|1699036813\n|switch|p2a: Dialga|Dialga|43\/100\n|-ability|p2a: Dialga|Pressure\n|move|p1a: It's a Shayme|Air Slash|p2a: Dialga\n|-resisted|p2a: Dialga\n|-damage|p2a: Dialga|33\/100\n|\n|-heal|p2a: Dialga|39\/100|[from] item: Leftovers\n|upkeep\n|turn|14\n|\n|t:|1699036825\n|switch|p2a: Blissey|Blissey, F|66\/100\n|move|p1a: It's a Shayme|Leech Seed|p2a: Blissey\n|-start|p2a: Blissey|move: Leech Seed\n|\n|-damage|p2a: Blissey|54\/100|[from] Leech Seed|[of] p1a: It's a Shayme\n|-heal|p1a: It's a Shayme|95\/100|[silent]\n|upkeep\n|turn|15\n|\n|t:|1699036830\n|move|p1a: It's a Shayme|Air Slash|p2a: Blissey\n|-damage|p2a: Blissey|44\/100\n|cant|p2a: Blissey|flinch\n|\n|-damage|p2a: Blissey|32\/100|[from] Leech Seed|[of] p1a: It's a Shayme\n|-heal|p1a: It's a Shayme|100\/100|[silent]\n|upkeep\n|turn|16\n|\n|t:|1699036836\n|switch|p2a: Dialga|Dialga|39\/100\n|-ability|p2a: Dialga|Pressure\n|move|p1a: It's a Shayme|Seed Flare|p2a: Dialga\n|-resisted|p2a: Dialga\n|-damage|p2a: Dialga|31\/100\n|-unboost|p2a: Dialga|spd|2\n|\n|-heal|p2a: Dialga|38\/100|[from] item: Leftovers\n|upkeep\n|turn|17\n|\n|t:|1699036849\n|switch|p2a: Toedscruel|Toedscruel, F|76\/100\n|move|p1a: It's a Shayme|Air Slash|p2a: Toedscruel\n|-supereffective|p2a: Toedscruel\n|-damage|p2a: Toedscruel|38\/100\n|\n|upkeep\n|turn|18\n|\n|t:|1699036855\n|switch|p2a: Dialga|Dialga|38\/100\n|-ability|p2a: Dialga|Pressure\n|move|p1a: It's a Shayme|Air Slash|p2a: Dialga\n|-resisted|p2a: Dialga\n|-damage|p2a: Dialga|29\/100\n|\n|-heal|p2a: Dialga|35\/100|[from] item: Leftovers\n|upkeep\n|turn|19\n|\n|t:|1699036883\n|move|p1a: It's a Shayme|Leech Seed|p2a: Dialga\n|-start|p2a: Dialga|move: Leech Seed\n|move|p2a: Dialga|Thunder Wave|p1a: It's a Shayme\n|-status|p1a: It's a Shayme|par\n|\n|-heal|p2a: Dialga|41\/100|[from] item: Leftovers\n|-damage|p2a: Dialga|29\/100|[from] Leech Seed|[of] p1a: It's a Shayme\n|upkeep\n|turn|20\n|\n|t:|1699036894\n|switch|p2a: Garganacl|Garganacl, F|100\/100\n|cant|p1a: It's a Shayme|par\n|\n|upkeep\n|turn|21\n|\n|t:|1699036899\n|move|p1a: It's a Shayme|Seed Flare|p2a: Garganacl\n|-supereffective|p2a: Garganacl\n|-damage|p2a: Garganacl|40\/100\n|-unboost|p2a: Garganacl|spd|2\n|move|p2a: Garganacl|Salt Cure|p1a: It's a Shayme\n|-supereffective|p1a: It's a Shayme\n|-damage|p1a: It's a Shayme|71\/100 par\n|-start|p1a: It's a Shayme|Salt Cure\n|\n|-heal|p2a: Garganacl|46\/100|[from] item: Leftovers\n|-damage|p1a: It's a Shayme|58\/100 par|[from] Salt Cure\n|upkeep\n|turn|22\n|\n|t:|1699036910\n|switch|p1a: Cycle Dryer|Cyclizar, M|100\/100 slp\n|switch|p2a: Blissey|Blissey, F|32\/100\n|\n|upkeep\n|turn|23\n|\n|t:|1699036915\n|cant|p1a: Cycle Dryer|slp\n|move|p2a: Blissey|Soft-Boiled|p2a: Blissey\n|-heal|p2a: Blissey|82\/100\n|\n|upkeep\n|turn|24\n|\n|t:|1699036922\n|switch|p2a: Alomomola|Alomomola, M|100\/100\n|cant|p1a: Cycle Dryer|slp\n|\n|upkeep\n|turn|25\n|\n|t:|1699036926\n|-curestatus|p1a: Cycle Dryer|slp|[msg]\n|move|p1a: Cycle Dryer|Rapid Spin|p2a: Alomomola\n|-damage|p2a: Alomomola|91\/100\n|-boost|p1a: Cycle Dryer|spe|1\n|-sideend|p1: AlicieLizzie|Toxic Spikes|[from] move: Rapid Spin|[of] p1a: Cycle Dryer\n|-sideend|p1: AlicieLizzie|Stealth Rock|[from] move: Rapid Spin|[of] p1a: Cycle Dryer\n|move|p2a: Alomomola|Wish|p2a: Alomomola\n|\n|upkeep\n|turn|26\n|\n|t:|1699036932\n|move|p1a: Cycle Dryer|Shed Tail|p1a: Cycle Dryer\n|-start|p1a: Cycle Dryer|Substitute|[from] move: Shed Tail\n|-damage|p1a: Cycle Dryer|50\/100\n|\n|t:|1699036934\n|switch|p1a: Kommo-OH NO|Kommo-o, M|100\/100|[from] Shed Tail\n|move|p2a: Alomomola|Flip Turn|p1a: Kommo-OH NO\n|-resisted|p1a: Kommo-OH NO\n|-activate|p1a: Kommo-OH NO|move: Substitute|[damage]\n|\n|t:|1699036951\n|switch|p2a: Dialga|Dialga|29\/100|[from] Flip Turn\n|-ability|p2a: Dialga|Pressure\n|\n|-heal|p2a: Dialga|95\/100|[from] move: Wish|[wisher] Alomomola\n|-heal|p2a: Dialga|100\/100|[from] item: Leftovers\n|upkeep\n|turn|27\n|\n|t:|1699036975\n|move|p1a: Kommo-OH NO|Clangorous Soul|p1a: Kommo-OH NO\n|-boost|p1a: Kommo-OH NO|atk|1\n|-boost|p1a: Kommo-OH NO|def|1\n|-boost|p1a: Kommo-OH NO|spa|1\n|-boost|p1a: Kommo-OH NO|spd|1\n|-boost|p1a: Kommo-OH NO|spe|1\n|-damage|p1a: Kommo-OH NO|68\/100\n|-enditem|p1a: Kommo-OH NO|Throat Spray\n|-boost|p1a: Kommo-OH NO|spa|1|[from] item: Throat Spray\n|move|p2a: Dialga|Roar|p1a: Kommo-OH NO\n|-immune|p1a: Kommo-OH NO|[from] ability: Soundproof\n|\n|upkeep\n|turn|28\n|inactive|Leo Justice has 270 seconds left.\n|c|\u2606Leo Justice|oh fuck I completely forgot\n|c|\u2606AlicieLizzie|lmao\n|\n|t:|1699037000\n|move|p1a: Kommo-OH NO|Clangorous Soul|p1a: Kommo-OH NO\n|-boost|p1a: Kommo-OH NO|atk|1\n|-boost|p1a: Kommo-OH NO|def|1\n|-boost|p1a: Kommo-OH NO|spa|1\n|-boost|p1a: Kommo-OH NO|spd|1\n|-boost|p1a: Kommo-OH NO|spe|1\n|-damage|p1a: Kommo-OH NO|35\/100\n|move|p2a: Dialga|Flash Cannon|p1a: Kommo-OH NO\n|-activate|p1a: Kommo-OH NO|move: Substitute|[damage]\n|\n|upkeep\n|turn|29\n|inactive|Leo Justice has 270 seconds left.\n|c|\u2606AlicieLizzie|misclick lmao\n|\n|t:|1699037011\n|move|p1a: Kommo-OH NO|Clanging Scales|p2a: Dialga\n|-damage|p2a: Dialga|33\/100\n|-unboost|p1a: Kommo-OH NO|def|1\n|move|p2a: Dialga|Flash Cannon|p1a: Kommo-OH NO\n|-end|p1a: Kommo-OH NO|Substitute\n|\n|-heal|p2a: Dialga|39\/100|[from] item: Leftovers\n|upkeep\n|turn|30\n|inactive|Leo Justice has 270 seconds left.\n|\n|t:|1699037023\n|switch|p2a: Garganacl|Garganacl, F|46\/100\n|move|p1a: Kommo-OH NO|Clanging Scales|p2a: Garganacl\n|-damage|p2a: Garganacl|0 fnt\n|faint|p2a: Garganacl\n|-unboost|p1a: Kommo-OH NO|def|1\n|\n|upkeep\n|\n|t:|1699037029\n|switch|p2a: Quagsire|Quagsire, F|100\/100\n|turn|31\n|inactive|Leo Justice has 270 seconds left.\n|\n|t:|1699037035\n|move|p1a: Kommo-OH NO|Boomburst|p2a: Quagsire\n|-damage|p2a: Quagsire|50\/100\n|move|p2a: Quagsire|Toxic|p1a: Kommo-OH NO\n|-status|p1a: Kommo-OH NO|tox\n|\n|-damage|p1a: Kommo-OH NO|28\/100 tox|[from] psn\n|upkeep\n|turn|32\n|\n|t:|1699037044\n|switch|p2a: Dialga|Dialga|39\/100\n|-ability|p2a: Dialga|Pressure\n|move|p1a: Kommo-OH NO|Boomburst|p2a: Dialga\n|-resisted|p2a: Dialga\n|-damage|p2a: Dialga|7\/100\n|\n|-heal|p2a: Dialga|13\/100|[from] item: Leftovers\n|-damage|p1a: Kommo-OH NO|16\/100 tox|[from] psn\n|upkeep\n|turn|33\n|\n|t:|1699037054\n|switch|p2a: Blissey|Blissey, F|82\/100\n|move|p1a: Kommo-OH NO|Boomburst|p2a: Blissey\n|-damage|p2a: Blissey|52\/100\n|\n|-damage|p1a: Kommo-OH NO|0 fnt|[from] psn\n|faint|p1a: Kommo-OH NO\n|upkeep\n|\n|t:|1699037059\n|switch|p1a: Zac King|Zacian|100\/100\n|-ability|p1a: Zac King|Intrepid Sword|boost\n|-boost|p1a: Zac King|atk|1\n|turn|34\n|\n|t:|1699037063\n|switch|p2a: Alomomola|Alomomola, M|100\/100\n|move|p1a: Zac King|Close Combat|p2a: Alomomola\n|-damage|p2a: Alomomola|52\/100\n|-unboost|p1a: Zac King|def|1\n|-unboost|p1a: Zac King|spd|1\n|\n|upkeep\n|turn|35\n|\n|t:|1699037077\n|move|p1a: Zac King|Close Combat|p2a: Alomomola\n|-damage|p2a: Alomomola|1\/100\n|-unboost|p1a: Zac King|def|1\n|-unboost|p1a: Zac King|spd|1\n|move|p2a: Alomomola|Wish|p2a: Alomomola\n|\n|upkeep\n|turn|36\n|\n|t:|1699037086\n|switch|p1a: path to womanhood|Espathra, F, tera:Fighting|100\/100\n|switch|p2a: Quagsire|Quagsire, F|50\/100\n|\n|-heal|p2a: Quagsire|100\/100|[from] move: Wish|[wisher] Alomomola\n|upkeep\n|turn|37\n|\n|t:|1699037093\n|move|p1a: path to womanhood|Protect|p1a: path to womanhood\n|-singleturn|p1a: path to womanhood|Protect\n|move|p2a: Quagsire|Toxic|p1a: path to womanhood\n|-activate|p1a: path to womanhood|move: Protect\n|\n|-ability|p1a: path to womanhood|Speed Boost|boost\n|-boost|p1a: path to womanhood|spe|1\n|upkeep\n|turn|38\n|\n|t:|1699037101\n|move|p1a: path to womanhood|Calm Mind|p1a: path to womanhood\n|-boost|p1a: path to womanhood|spa|1\n|-boost|p1a: path to womanhood|spd|1\n|move|p2a: Quagsire|Toxic|p1a: path to womanhood\n|-status|p1a: path to womanhood|tox\n|\n|-damage|p1a: path to womanhood|94\/100 tox|[from] psn\n|-ability|p1a: path to womanhood|Speed Boost|boost\n|-boost|p1a: path to womanhood|spe|1\n|upkeep\n|turn|39\n|\n|t:|1699037108\n|move|p1a: path to womanhood|Calm Mind|p1a: path to womanhood\n|-boost|p1a: path to womanhood|spa|1\n|-boost|p1a: path to womanhood|spd|1\n|move|p2a: Quagsire|Earthquake|p1a: path to womanhood\n|-damage|p1a: path to womanhood|51\/100 tox\n|\n|-heal|p1a: path to womanhood|57\/100 tox|[from] item: Leftovers\n|-damage|p1a: path to womanhood|45\/100 tox|[from] psn\n|-ability|p1a: path to womanhood|Speed Boost|boost\n|-boost|p1a: path to womanhood|spe|1\n|upkeep\n|turn|40\n|\n|t:|1699037127\n|move|p1a: path to womanhood|Stored Power|p2a: Quagsire\n|-damage|p2a: Quagsire|0 fnt\n|faint|p2a: Quagsire\n|\n|-heal|p1a: path to womanhood|51\/100 tox|[from] item: Leftovers\n|-damage|p1a: path to womanhood|33\/100 tox|[from] psn\n|-ability|p1a: path to womanhood|Speed Boost|boost\n|-boost|p1a: path to womanhood|spe|1\n|upkeep\n|c|\u2606Leo Justice|gg\n|c|\u2606Leo Justice|Fuck skymin man\n|c|\u2606Leo Justice|Also kommo-o\n|\n|t:|1699037146\n|switch|p2a: Blissey|Blissey, F|52\/100\n|turn|41\n|\n|t:|1699037154\n|move|p1a: path to womanhood|Tera Blast|p2a: Blissey|[anim] Tera Blast Fighting\n|-supereffective|p2a: Blissey\n|-damage|p2a: Blissey|7\/100\n|move|p2a: Blissey|Seismic Toss|p1a: path to womanhood\n|-damage|p1a: path to womanhood|5\/100 tox\n|\n|-heal|p1a: path to womanhood|11\/100 tox|[from] item: Leftovers\n|-damage|p1a: path to womanhood|0 fnt|[from] psn\n|faint|p1a: path to womanhood\n|upkeep\n|\n|t:|1699037159\n|switch|p1a: It's a Shayme|Shaymin-Sky|58\/100 par\n|turn|42\n|\n|t:|1699037162\n|move|p1a: It's a Shayme|Air Slash|p2a: Blissey\n|-damage|p2a: Blissey|0 fnt\n|faint|p2a: Blissey\n|\n|upkeep\n|\n|t:|1699037166\n|switch|p2a: Dialga|Dialga|13\/100\n|-ability|p2a: Dialga|Pressure\n|turn|43\n|\n|t:|1699037172\n|move|p2a: Dialga|Draco Meteor|p1a: It's a Shayme\n|-damage|p1a: It's a Shayme|0 fnt\n|-unboost|p2a: Dialga|spa|2\n|faint|p1a: It's a Shayme\n|\n|-heal|p2a: Dialga|20\/100|[from] item: Leftovers\n|upkeep\n|\n|t:|1699037175\n|switch|p1a: Spiffy as Silver|Gholdengo|100\/100\n|turn|44\n|\n|t:|1699037191\n|switch|p2a: Toedscruel|Toedscruel, F|38\/100\n|move|p1a: Spiffy as Silver|Make It Rain|p2a: Toedscruel\n|-damage|p2a: Toedscruel|0 fnt\n|-unboost|p1a: Spiffy as Silver|spa|1\n|faint|p2a: Toedscruel\n|\n|upkeep\n|\n|t:|1699037197\n|switch|p2a: Alomomola|Alomomola, M|35\/100\n|turn|45\n|\n|t:|1699037199\n|switch|p1a: Zac King|Zacian|100\/100\n|move|p2a: Alomomola|Wish|p2a: Alomomola\n|\n|upkeep\n|turn|46\n|\n|t:|1699037204\n|move|p2a: Alomomola|Protect|p2a: Alomomola\n|-singleturn|p2a: Alomomola|Protect\n|move|p1a: Zac King|Close Combat|p2a: Alomomola\n|-activate|p2a: Alomomola|move: Protect\n|\n|-heal|p2a: Alomomola|85\/100|[from] move: Wish|[wisher] Alomomola\n|upkeep\n|turn|47\n|\n|t:|1699037207\n|move|p1a: Zac King|Close Combat|p2a: Alomomola\n|-damage|p2a: Alomomola|50\/100\n|-unboost|p1a: Zac King|def|1\n|-unboost|p1a: Zac King|spd|1\n|move|p2a: Alomomola|Scald|p1a: Zac King\n|-damage|p1a: Zac King|80\/100\n|-status|p1a: Zac King|brn\n|\n|-damage|p1a: Zac King|74\/100 brn|[from] brn\n|upkeep\n|turn|48\n|c|\u2606AlicieLizzie|FUCK\n|\n|t:|1699037217\n|switch|p1a: Cycle Dryer|Cyclizar, M|84\/100\n|move|p2a: Alomomola|Wish|p2a: Alomomola\n|\n|upkeep\n|turn|49\n|\n|t:|1699037221\n|move|p1a: Cycle Dryer|Taunt|p2a: Alomomola\n|-start|p2a: Alomomola|move: Taunt\n|move|p2a: Alomomola|Flip Turn|p1a: Cycle Dryer\n|-resisted|p1a: Cycle Dryer\n|-damage|p1a: Cycle Dryer|73\/100\n|\n|t:|1699037227\n|switch|p2a: Dialga|Dialga|20\/100|[from] Flip Turn\n|-ability|p2a: Dialga|Pressure\n|\n|-heal|p2a: Dialga|86\/100|[from] move: Wish|[wisher] Alomomola\n|-heal|p2a: Dialga|92\/100|[from] item: Leftovers\n|upkeep\n|turn|50\n|\n|t:|1699037239\n|move|p1a: Cycle Dryer|Shed Tail|p1a: Cycle Dryer\n|-start|p1a: Cycle Dryer|Substitute|[from] move: Shed Tail\n|-damage|p1a: Cycle Dryer|23\/100\n|\n|t:|1699037242\n|switch|p1a: Spiffy as Silver|Gholdengo|100\/100|[from] Shed Tail\n|move|p2a: Dialga|Flash Cannon|p1a: Spiffy as Silver\n|-resisted|p1a: Spiffy as Silver\n|-activate|p1a: Spiffy as Silver|move: Substitute|[damage]\n|\n|-heal|p2a: Dialga|98\/100|[from] item: Leftovers\n|upkeep\n|turn|51\n|\n|t:|1699037271\n|move|p1a: Spiffy as Silver|Focus Blast|p2a: Dialga|[miss]\n|-miss|p1a: Spiffy as Silver|p2a: Dialga\n|move|p2a: Dialga|Flash Cannon|p1a: Spiffy as Silver\n|-resisted|p1a: Spiffy as Silver\n|-end|p1a: Spiffy as Silver|Substitute\n|\n|-heal|p2a: Dialga|100\/100|[from] item: Leftovers\n|upkeep\n|turn|52\n|c|\u2606AlicieLizzie|FOCUS MISS\n|inactive|Leo Justice has 270 seconds left.\n|\n|t:|1699037295\n|switch|p2a: Alomomola|Alomomola, M|84\/100\n|move|p1a: Spiffy as Silver|Focus Blast|p2a: Alomomola|[miss]\n|-miss|p1a: Spiffy as Silver|p2a: Alomomola\n|\n|upkeep\n|turn|53\n|inactive|Leo Justice has 270 seconds left.\n|\n|t:|1699037304\n|-terastallize|p2a: Alomomola|Fairy\n|move|p1a: Spiffy as Silver|Focus Blast|p2a: Alomomola|[miss]\n|-miss|p1a: Spiffy as Silver|p2a: Alomomola\n|move|p2a: Alomomola|Scald|p1a: Spiffy as Silver\n|-damage|p1a: Spiffy as Silver|85\/100\n|-status|p1a: Spiffy as Silver|brn\n|\n|-damage|p1a: Spiffy as Silver|79\/100 brn|[from] brn\n|upkeep\n|turn|54\n|inactive|Leo Justice has 270 seconds left.\n|\n|t:|1699037318\n|switch|p1a: Zac King|Zacian|74\/100 brn\n|move|p2a: Alomomola|Flip Turn|p1a: Zac King\n|-damage|p1a: Zac King|60\/100 brn\n|inactive|Leo Justice has 270 seconds left.\n|\n|t:|1699037324\n|switch|p2a: Dialga|Dialga|100\/100|[from] Flip Turn\n|-ability|p2a: Dialga|Pressure\n|\n|-damage|p1a: Zac King|54\/100 brn|[from] brn\n|upkeep\n|turn|55\n|\n|t:|1699037328\n|switch|p2a: Alomomola|Alomomola, M, tera:Fairy|100\/100\n|move|p1a: Zac King|Close Combat|p2a: Alomomola\n|-resisted|p2a: Alomomola\n|-damage|p2a: Alomomola|92\/100\n|-unboost|p1a: Zac King|def|1\n|-unboost|p1a: Zac King|spd|1\n|\n|-damage|p1a: Zac King|48\/100 brn|[from] brn\n|upkeep\n|turn|56\n|\n|t:|1699037337\n|switch|p1a: Spiffy as Silver|Gholdengo|79\/100 brn\n|move|p2a: Alomomola|Scald|p1a: Spiffy as Silver\n|-damage|p1a: Spiffy as Silver|65\/100 brn\n|\n|-damage|p1a: Spiffy as Silver|59\/100 brn|[from] brn\n|upkeep\n|turn|57\n|\n|t:|1699037344\n|move|p2a: Alomomola|Protect|p2a: Alomomola\n|-singleturn|p2a: Alomomola|Protect\n|move|p1a: Spiffy as Silver|Make It Rain|p2a: Alomomola\n|-activate|p2a: Alomomola|move: Protect\n|\n|-damage|p1a: Spiffy as Silver|53\/100 brn|[from] brn\n|upkeep\n|turn|58\n|\n|t:|1699037349\n|switch|p2a: Dialga|Dialga|100\/100\n|-ability|p2a: Dialga|Pressure\n|move|p1a: Spiffy as Silver|Make It Rain|p2a: Dialga\n|-resisted|p2a: Dialga\n|-damage|p2a: Dialga|81\/100\n|-unboost|p1a: Spiffy as Silver|spa|1\n|\n|-heal|p2a: Dialga|88\/100|[from] item: Leftovers\n|-damage|p1a: Spiffy as Silver|47\/100 brn|[from] brn\n|upkeep\n|turn|59\n|\n|t:|1699037359\n|switch|p1a: Zac King|Zacian|48\/100 brn\n|move|p2a: Dialga|Flash Cannon|p1a: Zac King\n|-supereffective|p1a: Zac King\n|-damage|p1a: Zac King|0 fnt\n|faint|p1a: Zac King\n|\n|-heal|p2a: Dialga|94\/100|[from] item: Leftovers\n|upkeep\n|\n|t:|1699037363\n|switch|p1a: Cycle Dryer|Cyclizar, M|56\/100\n|turn|60\n|\n|t:|1699037369\n|move|p1a: Cycle Dryer|Knock Off|p2a: Dialga\n|-damage|p2a: Dialga|79\/100\n|-enditem|p2a: Dialga|Leftovers|[from] move: Knock Off|[of] p1a: Cycle Dryer\n|move|p2a: Dialga|Draco Meteor|p1a: Cycle Dryer\n|-supereffective|p1a: Cycle Dryer\n|-damage|p1a: Cycle Dryer|0 fnt\n|-unboost|p2a: Dialga|spa|2\n|faint|p1a: Cycle Dryer\n|\n|upkeep\n|\n|t:|1699037371\n|switch|p1a: Spiffy as Silver|Gholdengo|47\/100 brn\n|turn|61\n|c|\u2606AlicieLizzie|I fucking hate stall\n|\n|t:|1699037379\n|switch|p2a: Alomomola|Alomomola, M, tera:Fairy|100\/100\n|move|p1a: Spiffy as Silver|Make It Rain|p2a: Alomomola\n|-supereffective|p2a: Alomomola\n|-damage|p2a: Alomomola|0 fnt\n|-unboost|p1a: Spiffy as Silver|spa|1\n|faint|p2a: Alomomola\n|\n|-damage|p1a: Spiffy as Silver|40\/100 brn|[from] brn\n|upkeep\n|\n|t:|1699037387\n|switch|p2a: Dialga|Dialga|79\/100\n|-ability|p2a: Dialga|Pressure\n|turn|62\n|c|\u2606Leo Justice|oh my gofd\n|c|\u2606Leo Justice|What the fuck happened\n|c|\u2606Leo Justice|how did I win\n|c|\u2606Leo Justice|I thought I had lsot\n|\n|t:|1699037407\n|move|p1a: Spiffy as Silver|Make It Rain|p2a: Dialga\n|-resisted|p2a: Dialga\n|-damage|p2a: Dialga|67\/100\n|-unboost|p1a: Spiffy as Silver|spa|1\n|move|p2a: Dialga|Draco Meteor|p1a: Spiffy as Silver\n|-resisted|p1a: Spiffy as Silver\n|-damage|p1a: Spiffy as Silver|2\/100 brn\n|-unboost|p2a: Dialga|spa|2\n|\n|-damage|p1a: Spiffy as Silver|0 fnt|[from] brn\n|faint|p1a: Spiffy as Silver\n|\n|win|Leo Justice\n|upkeep\n|c|\u2606AlicieLizzie|because stall is bullshit\n|c|\u2606AlicieLizzie|i lost instantly when you burned my zacian\n|c|\u2606AlicieLizzie|But I had to play 20 more turns\n|c|\u2606AlicieLizzie|and those focus blasts\n|c|\u2606AlicieLizzie|If those landed i might have won\n|c|\u2606AlicieLizzie|But nope\n|c|\u2606Leo Justice|I dont think so actually\n|c|\u2606AlicieLizzie|God I fucking hate stall\n|c|\u2606AlicieLizzie|No it won you the game 100%\n|c|\u2606Leo Justice|No in the senser\n|c|\u2606Leo Justice|alomonola survived\n|c|\u2606AlicieLizzie|or maybe if I high rolled and killed your mola\n|c|\u2606AlicieLizzie|What\n|c|\u2606Leo Justice|focus blast > Focus blast if I tera'd\n|c|\u2606Leo Justice|which would've let me wish\n|c|\u2606Leo Justice|and then flip turn to heal Dialga back up\n|c|\u2606Leo Justice|Dialga doesn\n|c|\u2606Leo Justice|die\n|c|\u2606Leo Justice|to one focus blast\n|c|\u2606AlicieLizzie|yeah okay the focus blasts maybe\n|c|\u2606AlicieLizzie|But the burn\n|c|\u2606AlicieLizzie|and me not getting the 2HKO\n|c|\u2606AlicieLizzie|that was it\n","uploadtime":1699037420,"views":18,"p1id":"alicielizzie","p2id":"leojustice","formatid":"gen9ubers","rating":0,"private":0,"password":""}