{"id":"gen9ubers-1981048795","p1":"HITTHEROADJACK420","p2":"Alan0423","format":"[Gen 9] Ubers","log":"|j|\u2606HITTHEROADJACK420\n|j|\u2606Alan0423\n|t:|1698859535\n|gametype|singles\n|player|p1|HITTHEROADJACK420|102|1161\n|player|p2|Alan0423|hilbert|1000\n|teamsize|p1|6\n|teamsize|p2|6\n|gen|9\n|tier|[Gen 9] Ubers\n|rated|\n|rule|Sleep Clause Mod: Limit one foe put to sleep\n|rule|Species Clause: Limit one of each Pok\u00e9mon\n|rule|OHKO Clause: OHKO moves are banned\n|rule|Evasion Items Clause: Evasion items are banned\n|rule|Evasion Moves Clause: Evasion moves are banned\n|rule|Endless Battle Clause: Forcing endless battles is banned\n|rule|HP Percentage Mod: HP is shown in percentages\n|clearpoke\n|poke|p1|Eternatus|\n|poke|p1|Volcarona, M|\n|poke|p1|Zacian-*|\n|poke|p1|Greninja-*, M|\n|poke|p1|Regieleki|\n|poke|p1|Darkrai|\n|poke|p2|Dragapult, F|\n|poke|p2|Miraidon|\n|poke|p2|Corviknight, M|\n|poke|p2|Garchomp, M|\n|poke|p2|Empoleon, M|\n|poke|p2|Haxorus, M|\n|teampreview\n|inactive|Battle timer is ON: inactive players will automatically lose when time's up. (requested by HITTHEROADJACK420)\n|\n|t:|1698859558\n|start\n|switch|p1a: MOTHRA|Volcarona, M|100\/100\n|switch|p2a: Garchomp|Garchomp, M|100\/100\n|turn|1\n|\n|t:|1698859573\n|switch|p2a: Empoleon|Empoleon, M|100\/100\n|-item|p2a: Empoleon|Air Balloon\n|-terastallize|p1a: MOTHRA|Bug\n|move|p1a: MOTHRA|Quiver Dance|p1a: MOTHRA\n|-boost|p1a: MOTHRA|spa|1\n|-boost|p1a: MOTHRA|spd|1\n|-boost|p1a: MOTHRA|spe|1\n|\n|upkeep\n|turn|2\n|\n|t:|1698859591\n|move|p2a: Empoleon|Aqua Jet|p1a: MOTHRA\n|-damage|p1a: MOTHRA|77\/100\n|move|p1a: MOTHRA|Quiver Dance|p1a: MOTHRA\n|-boost|p1a: MOTHRA|spa|1\n|-boost|p1a: MOTHRA|spd|1\n|-boost|p1a: MOTHRA|spe|1\n|\n|upkeep\n|turn|3\n|\n|t:|1698859601\n|move|p1a: MOTHRA|Giga Drain|p2a: Empoleon\n|-crit|p2a: Empoleon\n|-damage|p2a: Empoleon|8\/100\n|-heal|p1a: MOTHRA|100\/100|[from] drain|[of] p2a: Empoleon\n|-enditem|p2a: Empoleon|Air Balloon\n|move|p2a: Empoleon|Hydro Pump|p1a: MOTHRA\n|-damage|p1a: MOTHRA|67\/100\n|\n|upkeep\n|turn|4\n|c|\u2606HITTHEROADJACK420|glhf\n|\n|t:|1698859616\n|-terastallize|p2a: Empoleon|Electric\n|move|p1a: MOTHRA|Fiery Dance|p2a: Empoleon\n|-damage|p2a: Empoleon|0 fnt\n|faint|p2a: Empoleon\n|\n|upkeep\n|\n|t:|1698859626\n|switch|p2a: Miraidon|Miraidon|100\/100\n|-fieldstart|move: Electric Terrain|[from] ability: Hadron Engine|[of] p2a: Miraidon\n|turn|5\n|\n|t:|1698859641\n|move|p1a: MOTHRA|Bug Buzz|p2a: Miraidon\n|-damage|p2a: Miraidon|0 fnt\n|faint|p2a: Miraidon\n|\n|upkeep\n|\n|t:|1698859648\n|switch|p2a: Corviknight|Corviknight, M|100\/100\n|-ability|p2a: Corviknight|Pressure\n|turn|6\n|\n|t:|1698859654\n|move|p1a: MOTHRA|Fiery Dance|p2a: Corviknight\n|-supereffective|p2a: Corviknight\n|-damage|p2a: Corviknight|0 fnt\n|faint|p2a: Corviknight\n|\n|upkeep\n|\n|t:|1698859662\n|switch|p2a: Garchomp|Garchomp, M|100\/100\n|turn|7\n|\n|t:|1698859669\n|move|p1a: MOTHRA|Giga Drain|p2a: Garchomp\n|-damage|p2a: Garchomp|50\/100\n|-heal|p1a: MOTHRA|100\/100|[from] drain|[of] p2a: Garchomp\n|move|p2a: Garchomp|Brick Break|p1a: MOTHRA\n|-resisted|p1a: MOTHRA\n|-crit|p1a: MOTHRA\n|-damage|p1a: MOTHRA|71\/100\n|-status|p2a: Garchomp|brn|[from] ability: Flame Body|[of] p1a: MOTHRA\n|\n|-damage|p2a: Garchomp|44\/100 brn|[from] brn\n|upkeep\n|turn|8\n|\n|t:|1698859682\n|move|p1a: MOTHRA|Giga Drain|p2a: Garchomp\n|-damage|p2a: Garchomp|0 fnt\n|-heal|p1a: MOTHRA|99\/100|[from] drain|[of] p2a: Garchomp\n|faint|p2a: Garchomp\n|\n|upkeep\n|\n|t:|1698859690\n|switch|p2a: Haxorus|Haxorus, M|100\/100\n|turn|9\n|\n|t:|1698859697\n|move|p1a: MOTHRA|Bug Buzz|p2a: Haxorus\n|-damage|p2a: Haxorus|0 fnt\n|faint|p2a: Haxorus\n|\n|-fieldend|move: Electric Terrain\n|upkeep\n|c|\u2606HITTHEROADJACK420|gg\n|inactive|Alan0423 has 120 seconds left.\n|inactive|Alan0423 has 90 seconds left.\n|c|\u2606HITTHEROADJACK420|not leaving lol\n|inactive|Alan0423 has 60 seconds left.\n|\n|t:|1698859798\n|switch|p2a: Dragapult|Dragapult, F|100\/100\n|turn|10\n|\n|t:|1698859808\n|move|p1a: MOTHRA|Bug Buzz|p2a: Dragapult\n|-resisted|p2a: Dragapult\n|-damage|p2a: Dragapult|5\/100\n|-enditem|p2a: Dragapult|Oran Berry|[eat]\n|-heal|p2a: Dragapult|9\/100|[from] item: Oran Berry\n|move|p2a: Dragapult|Will-O-Wisp|p1a: MOTHRA|[miss]\n|-miss|p2a: Dragapult|p1a: MOTHRA\n|\n|upkeep\n|turn|11\n|inactive|Alan0423 has 60 seconds left.\n|inactive|Alan0423 has 30 seconds left.\n|inactive|Alan0423 has 20 seconds left.\n|inactive|Alan0423 has 15 seconds left.\n|l|\u2606Alan0423\n|inactive|Alan0423 disconnected and has a minute to reconnect!\n|player|p2|\n|inactive|Alan0423 has 10 seconds left.\n|inactive|Alan0423 has 5 seconds left.\n|-message|Alan0423 lost due to inactivity.\n|\n|win|HITTHEROADJACK420\n|raw|HITTHEROADJACK420's rating: 1161 &rarr; <strong>1175<\/strong><br \/>(+14 for winning)\n|raw|Alan0423's rating: 1000 &rarr; <strong>1000<\/strong><br \/>(+0 for losing)\n","uploadtime":1698859909,"views":15,"p1id":"hittheroadjack420","p2id":"alan0423","formatid":"gen9ubers","rating":1000,"private":0,"password":""}