{"id":"gen9ubers-1979098759","p1":"Laprasrules12","p2":"nimjaishot","format":"[Gen 9] Ubers","log":"|j|\u2606Laprasrules12\n|j|\u2606nimjaishot\n|t:|1698631991\n|gametype|singles\n|player|p1|Laprasrules12|lusamine-nihilego|\n|player|p2|nimjaishot|winona-gen6|\n|teamsize|p1|6\n|teamsize|p2|6\n|gen|9\n|tier|[Gen 9] Ubers\n|rule|Sleep Clause Mod: Limit one foe put to sleep\n|rule|Species Clause: Limit one of each Pok\u00e9mon\n|rule|OHKO Clause: OHKO moves are banned\n|rule|Evasion Items Clause: Evasion items are banned\n|rule|Evasion Moves Clause: Evasion moves are banned\n|rule|Endless Battle Clause: Forcing endless battles is banned\n|rule|HP Percentage Mod: HP is shown in percentages\n|clearpoke\n|poke|p1|Arceus-Fighting|\n|poke|p1|Zacian-*|\n|poke|p1|Palkia-Origin|\n|poke|p1|Cyclizar, M|\n|poke|p1|Kommo-o, F|\n|poke|p1|Chi-Yu|\n|poke|p2|Gliscor, F|\n|poke|p2|Cyclizar, F|\n|poke|p2|Chi-Yu|\n|poke|p2|Klefki, M|\n|poke|p2|Sneasler, M|\n|poke|p2|Palkia-Origin|\n|teampreview\n|inactive|Battle timer is ON: inactive players will automatically lose when time's up. (requested by Laprasrules12)\n|j| fwuffypetsowo\n|j| FrostyRandom02\n|c|\u2606nimjaishot|glhf\n|c|\u2606Laprasrules12|Same\n|\n|t:|1698632015\n|start\n|switch|p1a: Say Gex|Cyclizar, M, shiny|100\/100\n|switch|p2a: Toxic Stall|Gliscor, F|100\/100\n|turn|1\n|\n|t:|1698632018\n|move|p2a: Toxic Stall|Dual Wingbeat|p1a: Say Gex\n|-damage|p1a: Say Gex|80\/100\n|-damage|p1a: Say Gex|59\/100\n|-hitcount|p1a: Say Gex|2\n|move|p1a: Say Gex|Shed Tail|p1a: Say Gex\n|-start|p1a: Say Gex|Substitute|[from] move: Shed Tail\n|-damage|p1a: Say Gex|9\/100\n|c| fwuffypetsowo|I was lied to\n|j| PinkScourge\n|j| Vario 64\u2606\u5f61\n|\n|t:|1698632025\n|switch|p1a: Dragie|Kommo-o, F, shiny|100\/100|[from] Shed Tail\n|\n|-status|p2a: Toxic Stall|tox|[from] item: Toxic Orb\n|upkeep\n|turn|2\n|c| fwuffypetsowo|no espathra\n|\n|t:|1698632031\n|-terastallize|p1a: Dragie|Normal\n|move|p2a: Toxic Stall|Dual Wingbeat|p1a: Dragie\n|-activate|p1a: Dragie|move: Substitute|[damage]\n|-end|p1a: Dragie|Substitute\n|-hitcount|p1a: Dragie|2\n|move|p1a: Dragie|Clangorous Soul|p1a: Dragie\n|-boost|p1a: Dragie|atk|1\n|-boost|p1a: Dragie|def|1\n|-boost|p1a: Dragie|spa|1\n|-boost|p1a: Dragie|spd|1\n|-boost|p1a: Dragie|spe|1\n|-damage|p1a: Dragie|68\/100\n|-enditem|p1a: Dragie|Throat Spray\n|-boost|p1a: Dragie|spa|1|[from] item: Throat Spray\n|\n|upkeep\n|turn|3\n|c|\u2606Laprasrules12|Indeed\n|\n|t:|1698632046\n|-terastallize|p2a: Toxic Stall|Normal\n|move|p1a: Dragie|Boomburst|p2a: Toxic Stall\n|-damage|p2a: Toxic Stall|0 fnt\n|faint|p2a: Toxic Stall\n|\n|upkeep\n|c| PinkScourge|Boom\n|\n|t:|1698632054\n|switch|p2a: *rattling noise*|Klefki, M|100\/100\n|turn|4\n|\n|t:|1698632057\n|move|p2a: *rattling noise*|Light Screen|p2a: *rattling noise*\n|-sidestart|p2: nimjaishot|move: Light Screen\n|move|p1a: Dragie|Flamethrower|p2a: *rattling noise*\n|-supereffective|p2a: *rattling noise*\n|-damage|p2a: *rattling noise*|50\/100\n|-status|p2a: *rattling noise*|brn\n|\n|-damage|p2a: *rattling noise*|44\/100 brn|[from] brn\n|upkeep\n|turn|5\n|\n|t:|1698632067\n|move|p2a: *rattling noise*|Reflect|p2a: *rattling noise*\n|-sidestart|p2: nimjaishot|Reflect\n|move|p1a: Dragie|Flamethrower|p2a: *rattling noise*\n|-supereffective|p2a: *rattling noise*\n|-damage|p2a: *rattling noise*|0 fnt\n|faint|p2a: *rattling noise*\n|\n|upkeep\n|j| Vazquez 2.0\n|\n|t:|1698632096\n|switch|p2a: zacian at home|Sneasler, M|100\/100\n|-item|p2a: zacian at home|Air Balloon\n|turn|6\n|\n|t:|1698632104\n|move|p1a: Dragie|Boomburst|p2a: zacian at home\n|-damage|p2a: zacian at home|12\/100\n|-enditem|p2a: zacian at home|Air Balloon\n|move|p2a: zacian at home|Swords Dance|p2a: zacian at home\n|-boost|p2a: zacian at home|atk|2\n|\n|upkeep\n|turn|7\n|\n|t:|1698632107\n|move|p2a: zacian at home|Close Combat|p1a: Dragie\n|-supereffective|p1a: Dragie\n|-damage|p1a: Dragie|0 fnt\n|-unboost|p2a: zacian at home|def|1\n|-unboost|p2a: zacian at home|spd|1\n|faint|p1a: Dragie\n|\n|upkeep\n|j| Maeevd12\n|c|\u2606Laprasrules12|Damn\n|c|\u2606Laprasrules12|That was close to killing\n|\n|t:|1698632118\n|switch|p1a: Kratos|Arceus-Fighting, shiny|100\/100\n|turn|8\n|j| Reposti\n|\n|t:|1698632127\n|move|p2a: zacian at home|Dire Claw|p1a: Kratos\n|-damage|p1a: Kratos|53\/100\n|move|p1a: Kratos|Stored Power|p2a: zacian at home\n|-supereffective|p2a: zacian at home\n|-damage|p2a: zacian at home|0 fnt\n|faint|p2a: zacian at home\n|\n|upkeep\n|c| Reposti|Hype\n|\n|t:|1698632134\n|switch|p2a: SnackSmilesBack|Chi-Yu|100\/100\n|-ability|p2a: SnackSmilesBack|Beads of Ruin\n|turn|9\n|\n|t:|1698632140\n|switch|p1a: The Horse|Palkia-Origin, shiny|100\/100\n|-ability|p1a: The Horse|Pressure\n|move|p2a: SnackSmilesBack|Nasty Plot|p2a: SnackSmilesBack\n|-boost|p2a: SnackSmilesBack|spa|2\n|\n|upkeep\n|turn|10\n|\n|t:|1698632144\n|move|p1a: The Horse|Substitute|p1a: The Horse\n|-start|p1a: The Horse|Substitute\n|-damage|p1a: The Horse|76\/100\n|move|p2a: SnackSmilesBack|Dark Pulse|p1a: The Horse\n|-end|p1a: The Horse|Substitute\n|\n|upkeep\n|turn|11\n|\n|t:|1698632147\n|move|p1a: The Horse|Substitute|p1a: The Horse\n|-start|p1a: The Horse|Substitute\n|-damage|p1a: The Horse|51\/100\n|move|p2a: SnackSmilesBack|Dark Pulse|p1a: The Horse\n|-end|p1a: The Horse|Substitute\n|\n|-sideend|p2: nimjaishot|move: Light Screen\n|upkeep\n|turn|12\n|\n|t:|1698632149\n|switch|p2a: wheels on the bus|Cyclizar, F|100\/100\n|move|p1a: The Horse|Hydro Pump|p2a: wheels on the bus\n|-resisted|p2a: wheels on the bus\n|-damage|p2a: wheels on the bus|50\/100\n|\n|-sideend|p2: nimjaishot|Reflect\n|upkeep\n|turn|13\n|\n|t:|1698632155\n|move|p2a: wheels on the bus|Knock Off|p1a: The Horse\n|-damage|p1a: The Horse|36\/100\n|move|p1a: The Horse|Spacial Rend|p2a: wheels on the bus\n|-supereffective|p2a: wheels on the bus\n|-crit|p2a: wheels on the bus\n|-damage|p2a: wheels on the bus|0 fnt\n|faint|p2a: wheels on the bus\n|\n|upkeep\n|\n|t:|1698632162\n|switch|p2a: PO|Palkia-Origin|100\/100\n|-ability|p2a: PO|Pressure\n|turn|14\n|\n|t:|1698632177\n|switch|p1a: Say Gex|Cyclizar, M, shiny|42\/100\n|move|p2a: PO|Substitute|p2a: PO\n|-start|p2a: PO|Substitute\n|-damage|p2a: PO|76\/100\n|\n|upkeep\n|turn|15\n|c| Vazquez 2.0|PO NO\n|c|\u2606Laprasrules12|Boy do I love Child Po rn\n|\n|t:|1698632191\n|move|p2a: PO|Spacial Rend|p1a: Say Gex\n|-supereffective|p1a: Say Gex\n|-damage|p1a: Say Gex|0 fnt\n|faint|p1a: Say Gex\n|\n|upkeep\n|\n|t:|1698632193\n|switch|p1a: Sif|Zacian, shiny|100\/100\n|-ability|p1a: Sif|Intrepid Sword|boost\n|-boost|p1a: Sif|atk|1\n|turn|16\n|l|maeevd12\n|\n|t:|1698632208\n|move|p1a: Sif|Play Rough|p2a: PO\n|-supereffective|p2a: PO\n|-end|p2a: PO|Substitute\n|-damage|p1a: Sif|91\/100|[from] item: Life Orb\n|move|p2a: PO|Surf|p1a: Sif\n|-damage|p1a: Sif|35\/100\n|\n|upkeep\n|turn|17\n|\n|t:|1698632211\n|move|p1a: Sif|Play Rough|p2a: PO\n|-supereffective|p2a: PO\n|-damage|p2a: PO|0 fnt\n|faint|p2a: PO\n|-damage|p1a: Sif|25\/100|[from] item: Life Orb\n|\n|upkeep\n|\n|t:|1698632212\n|switch|p2a: SnackSmilesBack|Chi-Yu|100\/100\n|-ability|p2a: SnackSmilesBack|Beads of Ruin\n|turn|18\n|\n|t:|1698632216\n|move|p1a: Sif|Play Rough|p2a: SnackSmilesBack\n|-damage|p2a: SnackSmilesBack|0 fnt\n|faint|p2a: SnackSmilesBack\n|-damage|p1a: Sif|15\/100|[from] item: Life Orb\n|\n|win|Laprasrules12\n|c|\u2606Laprasrules12|GG\n","uploadtime":1698632221,"views":27,"p1id":"laprasrules12","p2id":"nimjaishot","formatid":"gen9ubers","rating":0,"private":0,"password":""}