{"id":"gen9ubers-1991554146","p1":"MeteorAsh15","p2":"Fabrizioli","format":"[Gen 9] Ubers","log":"|j|\u2606MeteorAsh15\n|j|\u2606Fabrizioli\n|t:|1700087806\n|gametype|singles\n|player|p1|MeteorAsh15|nate|1169\n|player|p2|Fabrizioli|n|1000\n|teamsize|p1|6\n|teamsize|p2|6\n|gen|9\n|tier|[Gen 9] Ubers\n|rated|\n|rule|Sleep Clause Mod: Limit one foe put to sleep\n|rule|Species Clause: Limit one of each Pok\u00e9mon\n|rule|OHKO Clause: OHKO moves are banned\n|rule|Evasion Items Clause: Evasion items are banned\n|rule|Evasion Moves Clause: Evasion moves are banned\n|rule|Endless Battle Clause: Forcing endless battles is banned\n|rule|HP Percentage Mod: HP is shown in percentages\n|clearpoke\n|poke|p1|Baxcalibur, F|\n|poke|p1|Ninetales-Alola, F|\n|poke|p1|Koraidon|\n|poke|p1|Zacian-*|\n|poke|p1|Tornadus, M|\n|poke|p1|Ribombee, F|\n|poke|p2|Garchomp, M|\n|poke|p2|Heracross, M|\n|poke|p2|Zapdos|\n|poke|p2|Azumarill, M|\n|poke|p2|Shiftry, M|\n|poke|p2|Armarouge, M|\n|teampreview\n|inactive|Battle timer is ON: inactive players will automatically lose when time's up. (requested by MeteorAsh15)\n|\n|t:|1700087812\n|start\n|switch|p1a: Ribombee|Ribombee, F, shiny|100\/100\n|switch|p2a: Heracross|Heracross, M, shiny|100\/100\n|turn|1\n|\n|t:|1700087819\n|move|p1a: Ribombee|Sticky Web|p2a: Heracross\n|-sidestart|p2: Fabrizioli|move: Sticky Web\n|move|p2a: Heracross|Spikes|p1a: Ribombee\n|-sidestart|p1: MeteorAsh15|Spikes\n|\n|upkeep\n|turn|2\n|\n|t:|1700087825\n|move|p1a: Ribombee|Stun Spore|p2a: Heracross\n|-status|p2a: Heracross|par\n|move|p2a: Heracross|Spikes|p1a: Ribombee\n|-sidestart|p1: MeteorAsh15|Spikes\n|\n|upkeep\n|turn|3\n|\n|t:|1700087831\n|move|p1a: Ribombee|Tailwind|p1a: Ribombee\n|-sidestart|p1: MeteorAsh15|move: Tailwind\n|move|p2a: Heracross|Spikes|p1a: Ribombee\n|-sidestart|p1: MeteorAsh15|Spikes\n|\n|upkeep\n|turn|4\n|\n|t:|1700087840\n|switch|p1a: Zacian|Zacian-Crowned, shiny|100\/100\n|-damage|p1a: Zacian|76\/100|[from] Spikes\n|-ability|p1a: Zacian|Intrepid Sword|boost\n|-boost|p1a: Zacian|atk|1\n|cant|p2a: Heracross|par\n|\n|upkeep\n|turn|5\n|\n|t:|1700087848\n|move|p1a: Zacian|Play Rough|p2a: Heracross\n|-supereffective|p2a: Heracross\n|-damage|p2a: Heracross|0 fnt\n|faint|p2a: Heracross\n|\n|upkeep\n|\n|t:|1700087853\n|switch|p2a: Armarouge|Armarouge, M, shiny|100\/100\n|-activate|p2a: Armarouge|move: Sticky Web\n|-unboost|p2a: Armarouge|spe|1\n|turn|6\n|\n|t:|1700087865\n|move|p1a: Zacian|Crunch|p2a: Armarouge\n|-supereffective|p2a: Armarouge\n|-damage|p2a: Armarouge|5\/100\n|-ability|p2a: Armarouge|Weak Armor|boost\n|-unboost|p2a: Armarouge|def|1\n|-boost|p2a: Armarouge|spe|2\n|move|p2a: Armarouge|Clear Smog|p1a: Zacian\n|-immune|p1a: Zacian\n|\n|-sideend|p1: MeteorAsh15|move: Tailwind\n|upkeep\n|turn|7\n|\n|t:|1700087878\n|move|p1a: Zacian|Crunch|p2a: Armarouge\n|-supereffective|p2a: Armarouge\n|-damage|p2a: Armarouge|0 fnt\n|faint|p2a: Armarouge\n|\n|upkeep\n|\n|t:|1700087883\n|switch|p2a: Azumarill|Azumarill, M, shiny|100\/100\n|-activate|p2a: Azumarill|move: Sticky Web\n|-unboost|p2a: Azumarill|spe|1\n|turn|8\n|\n|t:|1700087888\n|move|p1a: Zacian|Behemoth Blade|p2a: Azumarill\n|-damage|p2a: Azumarill|0 fnt\n|faint|p2a: Azumarill\n|\n|upkeep\n|\n|t:|1700087895\n|switch|p2a: Shiftry|Shiftry, M, shiny|100\/100\n|-activate|p2a: Shiftry|move: Sticky Web\n|-unboost|p2a: Shiftry|spe|1\n|turn|9\n|\n|t:|1700087901\n|move|p1a: Zacian|Play Rough|p2a: Shiftry\n|-supereffective|p2a: Shiftry\n|-damage|p2a: Shiftry|0 fnt\n|faint|p2a: Shiftry\n|\n|upkeep\n|\n|t:|1700087907\n|switch|p2a: Garchomp|Garchomp, M, shiny|100\/100\n|-activate|p2a: Garchomp|move: Sticky Web\n|-unboost|p2a: Garchomp|spe|1\n|turn|10\n|\n|t:|1700087916\n|-terastallize|p2a: Garchomp|Ice\n|move|p1a: Zacian|Play Rough|p2a: Garchomp\n|-damage|p2a: Garchomp|30\/100\n|-damage|p1a: Zacian|63\/100|[from] ability: Rough Skin|[of] p2a: Garchomp\n|move|p2a: Garchomp|Earthquake|p1a: Zacian\n|-supereffective|p1a: Zacian\n|-damage|p1a: Zacian|0 fnt\n|faint|p1a: Zacian\n|\n|-heal|p2a: Garchomp|36\/100|[from] item: Leftovers\n|upkeep\n|\n|t:|1700087931\n|switch|p1a: Baxcalibur|Baxcalibur, F|100\/100\n|-damage|p1a: Baxcalibur|76\/100|[from] Spikes\n|turn|11\n|\n|t:|1700087940\n|switch|p2a: Zapdos|Zapdos, shiny|100\/100\n|-terastallize|p1a: Baxcalibur|Ground\n|move|p1a: Baxcalibur|Scale Shot|p2a: Zapdos\n|-damage|p2a: Zapdos|82\/100\n|-damage|p2a: Zapdos|65\/100\n|-damage|p2a: Zapdos|50\/100\n|-crit|p2a: Zapdos\n|-damage|p2a: Zapdos|24\/100\n|-hitcount|p2a: Zapdos|4\n|-unboost|p1a: Baxcalibur|def|1\n|-boost|p1a: Baxcalibur|spe|1\n|\n|-heal|p2a: Zapdos|30\/100|[from] item: Leftovers\n|upkeep\n|turn|12\n|\n|t:|1700087957\n|move|p1a: Baxcalibur|Icicle Spear|p2a: Zapdos\n|-supereffective|p2a: Zapdos\n|-damage|p2a: Zapdos|0 fnt\n|faint|p2a: Zapdos\n|-hitcount|p2: Zapdos|1\n|\n|upkeep\n|\n|t:|1700087962\n|switch|p2a: Garchomp|Garchomp, M, shiny, tera:Ice|36\/100\n|-activate|p2a: Garchomp|move: Sticky Web\n|-unboost|p2a: Garchomp|spe|1\n|turn|13\n|\n|t:|1700087972\n|move|p1a: Baxcalibur|Earthquake|p2a: Garchomp\n|-crit|p2a: Garchomp\n|-damage|p2a: Garchomp|0 fnt\n|faint|p2a: Garchomp\n|\n|win|MeteorAsh15\n|raw|MeteorAsh15's rating: 1169 &rarr; <strong>1183<\/strong><br \/>(+14 for winning)\n|raw|Fabrizioli's rating: 1000 &rarr; <strong>1000<\/strong><br \/>(+0 for losing)\n|c|\u2606Fabrizioli|gg\n|c|\u2606MeteorAsh15|Gg\n|l|\u2606Fabrizioli\n","uploadtime":1700087992,"views":11,"p1id":"meteorash15","p2id":"fabrizioli","formatid":"gen9ubers","rating":1000,"private":0,"password":""}