{"id":"gen9ubers-1980557389","p1":"JeffreyPavo","p2":"HelloThereMites","format":"[Gen 9] Ubers","log":"|j|\u2606JeffreyPavo\n|j|\u2606HelloThereMites\n|t:|1698797066\n|gametype|singles\n|player|p1|JeffreyPavo|170|1124\n|player|p2|HelloThereMites|larry|1160\n|teamsize|p1|6\n|teamsize|p2|6\n|gen|9\n|tier|[Gen 9] Ubers\n|rated|\n|rule|Sleep Clause Mod: Limit one foe put to sleep\n|rule|Species Clause: Limit one of each Pok\u00e9mon\n|rule|OHKO Clause: OHKO moves are banned\n|rule|Evasion Items Clause: Evasion items are banned\n|rule|Evasion Moves Clause: Evasion moves are banned\n|rule|Endless Battle Clause: Forcing endless battles is banned\n|rule|HP Percentage Mod: HP is shown in percentages\n|clearpoke\n|poke|p1|Cloyster, F|\n|poke|p1|Chien-Pao|\n|poke|p1|Flutter Mane|\n|poke|p1|Roaring Moon|\n|poke|p1|Iron Valiant|\n|poke|p1|Orthworm, F|\n|poke|p2|Ogerpon-Hearthflame, F|\n|poke|p2|Zacian-*|\n|poke|p2|Flutter Mane|\n|poke|p2|Iron Bundle|\n|poke|p2|Chien-Pao|\n|poke|p2|Koraidon|\n|teampreview\n|inactive|Battle timer is ON: inactive players will automatically lose when time's up. (requested by HelloThereMites)\n|\n|t:|1698797096\n|start\n|switch|p1a: Cloyster|Cloyster, F|100\/100\n|switch|p2a: Koraidon|Koraidon|100\/100\n|-weather|SunnyDay|[from] ability: Orichalcum Pulse|[of] p2a: Koraidon\n|-activate|p2a: Koraidon|Orichalcum Pulse|[source]\n|turn|1\n|\n|t:|1698797102\n|move|p2a: Koraidon|Collision Course|p1a: Cloyster\n|-supereffective|p1a: Cloyster\n|-enditem|p1a: Cloyster|Focus Sash\n|-damage|p1a: Cloyster|1\/100\n|move|p1a: Cloyster|Toxic Spikes|p2a: Koraidon\n|-sidestart|p2: HelloThereMites|move: Toxic Spikes\n|\n|-weather|SunnyDay|[upkeep]\n|upkeep\n|turn|2\n|\n|t:|1698797114\n|move|p2a: Koraidon|Flame Charge|p1a: Cloyster\n|-damage|p1a: Cloyster|0 fnt\n|-boost|p2a: Koraidon|spe|1\n|faint|p1a: Cloyster\n|\n|-weather|SunnyDay|[upkeep]\n|upkeep\n|\n|t:|1698797123\n|switch|p1a: Orthworm|Orthworm, F|100\/100\n|turn|3\n|\n|t:|1698797140\n|-terastallize|p1a: Orthworm|Electric\n|move|p2a: Koraidon|Collision Course|p1a: Orthworm\n|-damage|p1a: Orthworm|58\/100\n|move|p1a: Orthworm|Stealth Rock|p2a: Koraidon\n|-sidestart|p2: HelloThereMites|move: Stealth Rock\n|\n|-weather|SunnyDay|[upkeep]\n|-heal|p1a: Orthworm|64\/100|[from] item: Leftovers\n|upkeep\n|turn|4\n|\n|t:|1698797150\n|move|p2a: Koraidon|Flare Blitz|p1a: Orthworm\n|-damage|p1a: Orthworm|12\/100\n|-damage|p2a: Koraidon|83\/100|[from] Recoil\n|move|p1a: Orthworm|Spikes|p2a: Koraidon\n|-sidestart|p2: HelloThereMites|Spikes\n|\n|-weather|SunnyDay|[upkeep]\n|-heal|p2a: Koraidon|90\/100|[from] item: Leftovers\n|-heal|p1a: Orthworm|18\/100|[from] item: Leftovers\n|upkeep\n|turn|5\n|\n|t:|1698797159\n|move|p2a: Koraidon|Flame Charge|p1a: Orthworm\n|-damage|p1a: Orthworm|0 fnt\n|-boost|p2a: Koraidon|spe|1\n|faint|p1a: Orthworm\n|\n|-weather|none\n|-heal|p2a: Koraidon|96\/100|[from] item: Leftovers\n|upkeep\n|\n|t:|1698797171\n|switch|p1a: Chien-Pao|Chien-Pao|100\/100\n|-ability|p1a: Chien-Pao|Sword of Ruin\n|turn|6\n|\n|t:|1698797179\n|move|p2a: Koraidon|Collision Course|p1a: Chien-Pao\n|-supereffective|p1a: Chien-Pao\n|-enditem|p1a: Chien-Pao|Focus Sash\n|-damage|p1a: Chien-Pao|1\/100\n|move|p1a: Chien-Pao|Swords Dance|p1a: Chien-Pao\n|-boost|p1a: Chien-Pao|atk|2\n|\n|-heal|p2a: Koraidon|100\/100|[from] item: Leftovers\n|upkeep\n|turn|7\n|\n|t:|1698797189\n|move|p1a: Chien-Pao|Sucker Punch|p2a: Koraidon\n|-resisted|p2a: Koraidon\n|-damage|p2a: Koraidon|59\/100\n|move|p2a: Koraidon|Flame Charge|p1a: Chien-Pao\n|-supereffective|p1a: Chien-Pao\n|-damage|p1a: Chien-Pao|0 fnt\n|-boost|p2a: Koraidon|spe|1\n|faint|p1a: Chien-Pao\n|\n|-heal|p2a: Koraidon|65\/100|[from] item: Leftovers\n|upkeep\n|\n|t:|1698797194\n|switch|p1a: Flutter Mane|Flutter Mane|100\/100\n|turn|8\n|\n|t:|1698797214\n|move|p2a: Koraidon|Flare Blitz|p1a: Flutter Mane\n|-damage|p1a: Flutter Mane|9\/100\n|-status|p1a: Flutter Mane|brn\n|-damage|p2a: Koraidon|43\/100|[from] Recoil\n|move|p1a: Flutter Mane|Dazzling Gleam|p2a: Koraidon\n|-supereffective|p2a: Koraidon\n|-damage|p2a: Koraidon|0 fnt\n|faint|p2a: Koraidon\n|\n|-damage|p1a: Flutter Mane|3\/100 brn|[from] brn\n|upkeep\n|inactive|HelloThereMites has 120 seconds left.\n|\n|t:|1698797239\n|switch|p2a: Zacian|Zacian-Crowned|100\/100\n|-damage|p2a: Zacian|94\/100|[from] Stealth Rock\n|-damage|p2a: Zacian|82\/100|[from] Spikes\n|-ability|p2a: Zacian|Intrepid Sword|boost\n|-boost|p2a: Zacian|atk|1\n|turn|9\n|\n|t:|1698797253\n|move|p2a: Zacian|Behemoth Blade|p1a: Flutter Mane\n|-supereffective|p1a: Flutter Mane\n|-damage|p1a: Flutter Mane|0 fnt\n|faint|p1a: Flutter Mane\n|-end|p1a: Flutter Mane|Protosynthesis|[silent]\n|\n|upkeep\n|\n|t:|1698797262\n|switch|p1a: Roaring Moon|Roaring Moon|100\/100\n|-enditem|p1a: Roaring Moon|Booster Energy\n|-activate|p1a: Roaring Moon|ability: Protosynthesis|[fromitem]\n|-start|p1a: Roaring Moon|protosynthesisatk\n|turn|10\n|\n|t:|1698797266\n|move|p2a: Zacian|Play Rough|p1a: Roaring Moon\n|-supereffective|p1a: Roaring Moon\n|-damage|p1a: Roaring Moon|0 fnt\n|faint|p1a: Roaring Moon\n|-end|p1a: Roaring Moon|Protosynthesis|[silent]\n|\n|upkeep\n|\n|t:|1698797272\n|switch|p1a: Iron Valiant|Iron Valiant|100\/100\n|-enditem|p1a: Iron Valiant|Booster Energy\n|-activate|p1a: Iron Valiant|ability: Quark Drive|[fromitem]\n|-start|p1a: Iron Valiant|quarkdrivespe\n|turn|11\n|-message|JeffreyPavo forfeited.\n|\n|win|HelloThereMites\n|raw|JeffreyPavo's rating: 1124 &rarr; <strong>1102<\/strong><br \/>(-22 for losing)\n|raw|HelloThereMites's rating: 1160 &rarr; <strong>1182<\/strong><br \/>(+22 for winning)\n|l|\u2606JeffreyPavo\n","uploadtime":1698797281,"views":7,"p1id":"jeffreypavo","p2id":"hellotheremites","formatid":"gen9ubers","rating":1102,"private":0,"password":""}