{"id":"gen9ubers-1979167164","p1":"alive!12","p2":"superiax","format":"[Gen 9] Ubers","log":"|j|\u2606alive!12\n|j|\u2606superiax\n|t:|1698642589\n|gametype|singles\n|player|p1|alive!12|janitor|1121\n|player|p2|superiax|whitney|1170\n|teamsize|p1|6\n|teamsize|p2|6\n|gen|9\n|tier|[Gen 9] Ubers\n|rated|\n|rule|Sleep Clause Mod: Limit one foe put to sleep\n|rule|Species Clause: Limit one of each Pok\u00e9mon\n|rule|OHKO Clause: OHKO moves are banned\n|rule|Evasion Items Clause: Evasion items are banned\n|rule|Evasion Moves Clause: Evasion moves are banned\n|rule|Endless Battle Clause: Forcing endless battles is banned\n|rule|HP Percentage Mod: HP is shown in percentages\n|clearpoke\n|poke|p1|Skeledirge, F|\n|poke|p1|Clodsire, F|\n|poke|p1|Kilowattrel, M|\n|poke|p1|Lokix, F|\n|poke|p1|Slowbro, M|\n|poke|p1|Koraidon|\n|poke|p2|Miraidon|\n|poke|p2|Iron Bundle|\n|poke|p2|Iron Moth|\n|poke|p2|Iron Valiant|\n|poke|p2|Iron Treads|\n|poke|p2|Iron Hands|\n|teampreview\n|inactive|Battle timer is ON: inactive players will automatically lose when time's up. (requested by alive!12)\n|\n|t:|1698642619\n|start\n|switch|p1a: Kilowattrel|Kilowattrel, M|100\/100\n|switch|p2a: Static Shock|Miraidon|100\/100\n|-fieldstart|move: Electric Terrain|[from] ability: Hadron Engine|[of] p2a: Static Shock\n|turn|1\n|inactive|alive!12 has 120 seconds left.\n|inactive|alive!12 has 90 seconds left.\n|\n|t:|1698642679\n|move|p2a: Static Shock|U-turn|p1a: Kilowattrel\n|-resisted|p1a: Kilowattrel\n|-damage|p1a: Kilowattrel|90\/100\n|\n|t:|1698642697\n|switch|p2a: Two-Face|Iron Treads|100\/100|[from] U-turn\n|-activate|p2a: Two-Face|ability: Quark Drive\n|-start|p2a: Two-Face|quarkdrivespd\n|move|p1a: Kilowattrel|Tailwind|p1a: Kilowattrel\n|-sidestart|p1: alive!12|move: Tailwind\n|-start|p1a: Kilowattrel|Charge|Tailwind|[from] ability: Wind Power\n|\n|upkeep\n|turn|2\n|inactive|alive!12 has 90 seconds left.\n|\n|t:|1698642713\n|switch|p1a: Lokix|Lokix, F|100\/100\n|move|p2a: Two-Face|Stealth Rock|p1a: Lokix\n|-sidestart|p1: alive!12|move: Stealth Rock\n|\n|upkeep\n|turn|3\n|\n|t:|1698642721\n|move|p1a: Lokix|Axe Kick|p2a: Two-Face\n|-supereffective|p2a: Two-Face\n|-damage|p2a: Two-Face|47\/100\n|-start|p2a: Two-Face|confusion\n|-activate|p2a: Two-Face|confusion\n|move|p2a: Two-Face|Knock Off|p1a: Lokix\n|-resisted|p1a: Lokix\n|-damage|p1a: Lokix|83\/100\n|-enditem|p1a: Lokix|Focus Sash|[from] move: Knock Off|[of] p2a: Two-Face\n|\n|-heal|p2a: Two-Face|53\/100|[from] item: Leftovers\n|upkeep\n|turn|4\n|\n|t:|1698642735\n|-end|p2a: Two-Face|Quark Drive|[silent]\n|switch|p2a: Riddler|Iron Moth, shiny|100\/100\n|-activate|p2a: Riddler|ability: Quark Drive\n|-start|p2a: Riddler|quarkdrivespe\n|move|p1a: Lokix|Axe Kick|p2a: Riddler\n|-resisted|p2a: Riddler\n|-damage|p2a: Riddler|74\/100\n|\n|-sideend|p1: alive!12|move: Tailwind\n|upkeep\n|turn|5\n|inactive|alive!12 has 90 seconds left.\n|\n|t:|1698642768\n|switch|p1a: Slowbro|Slowbro, M|100\/100\n|-damage|p1a: Slowbro|88\/100|[from] Stealth Rock\n|move|p2a: Riddler|Fiery Dance|p1a: Slowbro\n|-resisted|p1a: Slowbro\n|-damage|p1a: Slowbro|66\/100\n|-boost|p2a: Riddler|spa|1\n|\n|-fieldend|move: Electric Terrain\n|-end|p2a: Riddler|Quark Drive\n|upkeep\n|turn|6\n|\n|t:|1698642782\n|-terastallize|p2a: Riddler|Grass\n|move|p2a: Riddler|Energy Ball|p1a: Slowbro\n|-supereffective|p1a: Slowbro\n|-damage|p1a: Slowbro|0 fnt\n|faint|p1a: Slowbro\n|\n|upkeep\n|\n|t:|1698642801\n|switch|p1a: Koraidon|Koraidon|100\/100\n|-damage|p1a: Koraidon|94\/100|[from] Stealth Rock\n|-weather|SunnyDay|[from] ability: Orichalcum Pulse|[of] p1a: Koraidon\n|-activate|p1a: Koraidon|Orichalcum Pulse|[source]\n|turn|7\n|\n|t:|1698642823\n|move|p1a: Koraidon|Swords Dance|p1a: Koraidon\n|-boost|p1a: Koraidon|atk|2\n|move|p2a: Riddler|Dazzling Gleam|p1a: Koraidon\n|-supereffective|p1a: Koraidon\n|-damage|p1a: Koraidon|0 fnt\n|faint|p1a: Koraidon\n|\n|-weather|SunnyDay|[upkeep]\n|upkeep\n|\n|t:|1698642836\n|switch|p1a: Skeledirge|Skeledirge, F|100\/100\n|-damage|p1a: Skeledirge|76\/100|[from] Stealth Rock\n|turn|8\n|\n|t:|1698642845\n|-end|p2a: Riddler|Quark Drive|[silent]\n|switch|p2a: Static Shock|Miraidon|100\/100\n|-fieldstart|move: Electric Terrain|[from] ability: Hadron Engine|[of] p2a: Static Shock\n|move|p1a: Skeledirge|Earth Power|p2a: Static Shock\n|-supereffective|p2a: Static Shock\n|-damage|p2a: Static Shock|49\/100\n|\n|-weather|SunnyDay|[upkeep]\n|upkeep\n|turn|9\n|\n|t:|1698642864\n|switch|p1a: Clodsire|Clodsire, F|100\/100\n|-damage|p1a: Clodsire|94\/100|[from] Stealth Rock\n|move|p2a: Static Shock|Draco Meteor|p1a: Clodsire\n|-damage|p1a: Clodsire|45\/100\n|-unboost|p2a: Static Shock|spa|2\n|\n|-weather|SunnyDay|[upkeep]\n|-heal|p1a: Clodsire|51\/100|[from] item: Black Sludge\n|upkeep\n|turn|10\n|inactive|alive!12 has 60 seconds left.\n|\n|t:|1698642886\n|switch|p2a: Mr. Freeze|Iron Bundle, shiny|100\/100\n|-activate|p2a: Mr. Freeze|ability: Quark Drive\n|-start|p2a: Mr. Freeze|quarkdrivespe\n|move|p1a: Clodsire|Toxic|p2a: Mr. Freeze\n|-status|p2a: Mr. Freeze|tox\n|\n|-weather|SunnyDay|[upkeep]\n|-heal|p1a: Clodsire|57\/100|[from] item: Black Sludge\n|-damage|p2a: Mr. Freeze|95\/100 tox|[from] psn\n|upkeep\n|turn|11\n|inactive|alive!12 has 60 seconds left.\n|\n|t:|1698642905\n|switch|p1a: Skeledirge|Skeledirge, F|76\/100\n|-damage|p1a: Skeledirge|51\/100|[from] Stealth Rock\n|move|p2a: Mr. Freeze|Ice Beam|p1a: Skeledirge\n|-resisted|p1a: Skeledirge\n|-damage|p1a: Skeledirge|26\/100\n|\n|-weather|none\n|-damage|p2a: Mr. Freeze|83\/100 tox|[from] psn\n|upkeep\n|turn|12\n|inactive|alive!12 has 60 seconds left.\n|\n|t:|1698642920\n|move|p2a: Mr. Freeze|Ice Beam|p1a: Skeledirge\n|-resisted|p1a: Skeledirge\n|-damage|p1a: Skeledirge|2\/100\n|move|p1a: Skeledirge|Torch Song|p2a: Mr. Freeze\n|-damage|p2a: Mr. Freeze|3\/100 tox\n|-boost|p1a: Skeledirge|spa|1\n|\n|-damage|p2a: Mr. Freeze|0 fnt|[from] psn\n|faint|p2a: Mr. Freeze\n|-end|p2a: Mr. Freeze|Quark Drive|[silent]\n|-fieldend|move: Electric Terrain\n|upkeep\n|\n|t:|1698642930\n|switch|p2a: Static Shock|Miraidon|49\/100\n|-fieldstart|move: Electric Terrain|[from] ability: Hadron Engine|[of] p2a: Static Shock\n|turn|13\n|inactive|alive!12 has 60 seconds left.\n|\n|t:|1698642947\n|move|p2a: Static Shock|U-turn|p1a: Skeledirge\n|-resisted|p1a: Skeledirge\n|-damage|p1a: Skeledirge|0 fnt\n|faint|p1a: Skeledirge\n|\n|t:|1698642957\n|switch|p2a: Riddler|Iron Moth, shiny, tera:Grass|74\/100|[from] U-turn\n|-activate|p2a: Riddler|ability: Quark Drive\n|-start|p2a: Riddler|quarkdrivespe\n|\n|upkeep\n|inactive|alive!12 has 60 seconds left.\n|\n|t:|1698642965\n|switch|p1a: Kilowattrel|Kilowattrel, M|90\/100\n|-damage|p1a: Kilowattrel|65\/100|[from] Stealth Rock\n|turn|14\n|\n|t:|1698642970\n|move|p2a: Riddler|Fiery Dance|p1a: Kilowattrel\n|-damage|p1a: Kilowattrel|0 fnt\n|faint|p1a: Kilowattrel\n|\n|upkeep\n|\n|t:|1698642977\n|switch|p1a: Clodsire|Clodsire, F|57\/100\n|-damage|p1a: Clodsire|51\/100|[from] Stealth Rock\n|turn|15\n|\n|t:|1698642984\n|move|p2a: Riddler|Energy Ball|p1a: Clodsire\n|-damage|p1a: Clodsire|23\/100\n|move|p1a: Clodsire|Recover|p1a: Clodsire\n|-heal|p1a: Clodsire|73\/100\n|\n|-heal|p1a: Clodsire|79\/100|[from] item: Black Sludge\n|upkeep\n|turn|16\n|\n|t:|1698642996\n|move|p2a: Riddler|Fiery Dance|p1a: Clodsire\n|-damage|p1a: Clodsire|55\/100\n|move|p1a: Clodsire|Toxic|p2a: Riddler\n|-status|p2a: Riddler|tox\n|\n|-heal|p1a: Clodsire|61\/100|[from] item: Black Sludge\n|-damage|p2a: Riddler|68\/100 tox|[from] psn\n|upkeep\n|turn|17\n|\n|t:|1698643009\n|move|p2a: Riddler|Energy Ball|p1a: Clodsire\n|-damage|p1a: Clodsire|35\/100\n|move|p1a: Clodsire|Recover|p1a: Clodsire\n|-heal|p1a: Clodsire|85\/100\n|\n|-heal|p1a: Clodsire|92\/100|[from] item: Black Sludge\n|-damage|p2a: Riddler|56\/100 tox|[from] psn\n|-fieldend|move: Electric Terrain\n|-end|p2a: Riddler|Quark Drive\n|upkeep\n|turn|18\n|inactive|alive!12 has 60 seconds left.\n|\n|t:|1698643037\n|-end|p2a: Riddler|Quark Drive|[silent]\n|switch|p2a: Two-Face|Iron Treads|53\/100\n|move|p1a: Clodsire|Toxic|p2a: Two-Face\n|-immune|p2a: Two-Face\n|\n|-heal|p2a: Two-Face|59\/100|[from] item: Leftovers\n|-heal|p1a: Clodsire|98\/100|[from] item: Black Sludge\n|upkeep\n|turn|19\n|\n|t:|1698643047\n|move|p2a: Two-Face|Knock Off|p1a: Clodsire\n|-damage|p1a: Clodsire|74\/100\n|-enditem|p1a: Clodsire|Black Sludge|[from] move: Knock Off|[of] p2a: Two-Face\n|move|p1a: Clodsire|Stomping Tantrum|p2a: Two-Face\n|-supereffective|p2a: Two-Face\n|-damage|p2a: Two-Face|0 fnt\n|faint|p2a: Two-Face\n|-end|p2a: Two-Face|Quark Drive|[silent]\n|\n|upkeep\n|\n|t:|1698643065\n|switch|p2a: Joker|Iron Valiant, shiny|100\/100\n|turn|20\n|\n|t:|1698643075\n|move|p2a: Joker|Psyshock|p1a: Clodsire\n|-supereffective|p1a: Clodsire\n|-damage|p1a: Clodsire|10\/100\n|-damage|p2a: Joker|91\/100|[from] item: Life Orb\n|move|p1a: Clodsire|Counter||[still]\n|-fail|p1a: Clodsire\n|\n|upkeep\n|turn|21\n|\n|t:|1698643083\n|move|p2a: Joker|Moonblast|p1a: Clodsire\n|-resisted|p1a: Clodsire\n|-damage|p1a: Clodsire|0 fnt\n|faint|p1a: Clodsire\n|-damage|p2a: Joker|81\/100|[from] item: Life Orb\n|\n|upkeep\n|c|\u2606superiax|gg\n|\n|t:|1698643090\n|switch|p1a: Lokix|Lokix, F|83\/100\n|-damage|p1a: Lokix|58\/100|[from] Stealth Rock\n|turn|22\n|\n|t:|1698643100\n|-terastallize|p1a: Lokix|Bug\n|move|p2a: Joker|Moonblast|p1a: Lokix\n|-damage|p1a: Lokix|0 fnt\n|faint|p1a: Lokix\n|-damage|p2a: Joker|71\/100|[from] item: Life Orb\n|\n|win|superiax\n|raw|alive!12's rating: 1121 &rarr; <strong>1100<\/strong><br \/>(-21 for losing)\n|raw|superiax's rating: 1170 &rarr; <strong>1191<\/strong><br \/>(+21 for winning)\n","uploadtime":1698643108,"views":10,"p1id":"alive12","p2id":"superiax","formatid":"gen9ubers","rating":1100,"private":0,"password":""}