{"id":"gen9ubers-1974923566","p1":"lisquie","p2":"tabstabs","format":"[Gen 9] Ubers","log":"|j|\u2606lisquie\n|j|\u2606tabstabs\n|t:|1698145202\n|gametype|singles\n|player|p1|lisquie|170|1050\n|player|p2|tabstabs|pokemonranger|1064\n|teamsize|p1|6\n|teamsize|p2|6\n|gen|9\n|tier|[Gen 9] Ubers\n|rated|\n|rule|Sleep Clause Mod: Limit one foe put to sleep\n|rule|Species Clause: Limit one of each Pok\u00e9mon\n|rule|OHKO Clause: OHKO moves are banned\n|rule|Evasion Items Clause: Evasion items are banned\n|rule|Evasion Moves Clause: Evasion moves are banned\n|rule|Endless Battle Clause: Forcing endless battles is banned\n|rule|HP Percentage Mod: HP is shown in percentages\n|clearpoke\n|poke|p1|Chien-Pao|\n|poke|p1|Gholdengo|\n|poke|p1|Tyranitar, M|\n|poke|p1|Quaquaval, F|\n|poke|p1|Amoonguss, F|\n|poke|p1|Iron Treads|\n|poke|p2|Darkrai|\n|poke|p2|Giratina-Origin|\n|poke|p2|Mewtwo|\n|poke|p2|Palkia|\n|poke|p2|Groudon|\n|poke|p2|Arceus-Flying|\n|teampreview\n|\n|t:|1698145224\n|start\n|switch|p1a: Chien-Pao|Chien-Pao|100\/100\n|switch|p2a: Darkrai|Darkrai|100\/100\n|-ability|p1a: Chien-Pao|Sword of Ruin\n|turn|1\n|\n|t:|1698145248\n|move|p1a: Chien-Pao|Sacred Sword|p2a: Darkrai\n|-supereffective|p2a: Darkrai\n|-damage|p2a: Darkrai|0 fnt\n|faint|p2a: Darkrai\n|\n|upkeep\n|\n|t:|1698145256\n|switch|p2a: Groudon|Groudon|100\/100\n|-weather|SunnyDay|[from] ability: Drought|[of] p2a: Groudon\n|turn|2\n|c|\u2606lisquie|nice legendaries\n|\n|t:|1698145271\n|move|p1a: Chien-Pao|Ice Spinner|p2a: Groudon\n|-supereffective|p2a: Groudon\n|-damage|p2a: Groudon|31\/100\n|move|p2a: Groudon|Stealth Rock|p1a: Chien-Pao\n|-sidestart|p1: lisquie|move: Stealth Rock\n|\n|-weather|SunnyDay|[upkeep]\n|-heal|p2a: Groudon|37\/100|[from] item: Leftovers\n|upkeep\n|turn|3\n|\n|t:|1698145281\n|move|p1a: Chien-Pao|Ice Spinner|p2a: Groudon\n|-supereffective|p2a: Groudon\n|-damage|p2a: Groudon|0 fnt\n|faint|p2a: Groudon\n|\n|-weather|SunnyDay|[upkeep]\n|upkeep\n|\n|t:|1698145289\n|switch|p2a: Palkia|Palkia|100\/100\n|-ability|p2a: Palkia|Pressure\n|turn|4\n|\n|t:|1698145324\n|move|p1a: Chien-Pao|Sacred Sword|p2a: Palkia\n|-damage|p2a: Palkia|50\/100\n|move|p2a: Palkia|Fire Blast|p1a: Chien-Pao\n|-supereffective|p1a: Chien-Pao\n|-enditem|p1a: Chien-Pao|Focus Sash\n|-damage|p1a: Chien-Pao|1\/100\n|-damage|p2a: Palkia|40\/100|[from] item: Life Orb\n|\n|-weather|SunnyDay|[upkeep]\n|upkeep\n|turn|5\n|\n|t:|1698145341\n|-terastallize|p2a: Palkia|Water\n|move|p1a: Chien-Pao|Sacred Sword|p2a: Palkia\n|-damage|p2a: Palkia|0 fnt\n|faint|p2a: Palkia\n|\n|-weather|SunnyDay|[upkeep]\n|upkeep\n|\n|t:|1698145357\n|switch|p2a: Arceus|Arceus-Flying|100\/100\n|turn|6\n|\n|t:|1698145372\n|move|p1a: Chien-Pao|Ice Spinner|p2a: Arceus\n|-supereffective|p2a: Arceus\n|-damage|p2a: Arceus|31\/100\n|move|p2a: Arceus|Judgment|p1a: Chien-Pao\n|-damage|p1a: Chien-Pao|0 fnt\n|faint|p1a: Chien-Pao\n|\n|-weather|none\n|upkeep\n|\n|t:|1698145394\n|switch|p1a: Tyranitar|Tyranitar, M|100\/100\n|-damage|p1a: Tyranitar|88\/100|[from] Stealth Rock\n|-weather|Sandstorm|[from] ability: Sand Stream|[of] p1a: Tyranitar\n|turn|7\n|\n|t:|1698145402\n|move|p2a: Arceus|Recover|p2a: Arceus\n|-heal|p2a: Arceus|81\/100\n|move|p1a: Tyranitar|Stone Edge|p2a: Arceus\n|-supereffective|p2a: Arceus\n|-damage|p2a: Arceus|28\/100\n|\n|-weather|Sandstorm|[upkeep]\n|-damage|p2a: Arceus|22\/100|[from] Sandstorm\n|upkeep\n|turn|8\n|\n|t:|1698145410\n|move|p2a: Arceus|Stone Edge|p1a: Tyranitar\n|-damage|p1a: Tyranitar|68\/100\n|move|p1a: Tyranitar|Stone Edge|p2a: Arceus\n|-supereffective|p2a: Arceus\n|-damage|p2a: Arceus|0 fnt\n|faint|p2a: Arceus\n|\n|-weather|Sandstorm|[upkeep]\n|upkeep\n|\n|t:|1698145417\n|switch|p2a: Giratina|Giratina-Origin|100\/100\n|turn|9\n|c|\u2606lisquie|stone edge on my rock type\n|\n|t:|1698145434\n|move|p2a: Giratina|Dragon Pulse|p1a: Tyranitar\n|-damage|p1a: Tyranitar|54\/100\n|move|p1a: Tyranitar|Crunch|p2a: Giratina\n|-supereffective|p2a: Giratina\n|-damage|p2a: Giratina|53\/100\n|\n|-weather|Sandstorm|[upkeep]\n|-damage|p2a: Giratina|47\/100|[from] Sandstorm\n|upkeep\n|turn|10\n|\n|t:|1698145442\n|move|p2a: Giratina|Hex|p1a: Tyranitar\n|-resisted|p1a: Tyranitar\n|-damage|p1a: Tyranitar|49\/100\n|move|p1a: Tyranitar|Crunch|p2a: Giratina\n|-supereffective|p2a: Giratina\n|-damage|p2a: Giratina|0 fnt\n|faint|p2a: Giratina\n|\n|-weather|Sandstorm|[upkeep]\n|upkeep\n|\n|t:|1698145449\n|switch|p2a: Mewtwo|Mewtwo|100\/100\n|-ability|p2a: Mewtwo|Unnerve\n|turn|11\n|\n|t:|1698145461\n|move|p2a: Mewtwo|Ice Beam|p1a: Tyranitar\n|-damage|p1a: Tyranitar|40\/100\n|move|p1a: Tyranitar|Crunch|p2a: Mewtwo\n|-supereffective|p2a: Mewtwo\n|-damage|p2a: Mewtwo|27\/100\n|\n|-weather|none\n|-heal|p2a: Mewtwo|33\/100|[from] item: Leftovers\n|upkeep\n|turn|12\n|\n|t:|1698145469\n|move|p2a: Mewtwo|Focus Blast|p1a: Tyranitar\n|-supereffective|p1a: Tyranitar\n|-damage|p1a: Tyranitar|0 fnt\n|faint|p1a: Tyranitar\n|\n|-heal|p2a: Mewtwo|39\/100|[from] item: Leftovers\n|upkeep\n|\n|t:|1698145487\n|switch|p1a: Gholdengo|Gholdengo|100\/100\n|-damage|p1a: Gholdengo|94\/100|[from] Stealth Rock\n|turn|13\n|\n|t:|1698145492\n|move|p2a: Mewtwo|Fire Blast|p1a: Gholdengo\n|-supereffective|p1a: Gholdengo\n|-damage|p1a: Gholdengo|9\/100\n|-status|p1a: Gholdengo|brn\n|move|p1a: Gholdengo|Make It Rain|p2a: Mewtwo\n|-damage|p2a: Mewtwo|0 fnt\n|-unboost|p1a: Gholdengo|spa|1\n|faint|p2a: Mewtwo\n|\n|win|lisquie\n|raw|lisquie's rating: 1050 &rarr; <strong>1084<\/strong><br \/>(+34 for winning)\n|raw|tabstabs's rating: 1064 &rarr; <strong>1044<\/strong><br \/>(-20 for losing)\n|c|\u2606lisquie|gg\n|l|\u2606tabstabs\n","uploadtime":1698145507,"views":25,"p1id":"lisquie","p2id":"tabstabs","formatid":"gen9ubers","rating":1044,"private":0,"password":""}