{"id":"gen9ubers-1989402838","p1":"AtomBomb69","p2":"Squints_09","format":"[Gen 9] Ubers","log":"|j|\u2606AtomBomb69\n|j|\u2606Squints_09\n|t:|1699845730\n|gametype|singles\n|player|p1|AtomBomb69|swimmerf-gen4|1235\n|player|p2|Squints_09|ethan|1046\n|teamsize|p1|6\n|teamsize|p2|6\n|gen|9\n|tier|[Gen 9] Ubers\n|rated|\n|rule|Sleep Clause Mod: Limit one foe put to sleep\n|rule|Species Clause: Limit one of each Pok\u00e9mon\n|rule|OHKO Clause: OHKO moves are banned\n|rule|Evasion Items Clause: Evasion items are banned\n|rule|Evasion Moves Clause: Evasion moves are banned\n|rule|Endless Battle Clause: Forcing endless battles is banned\n|rule|HP Percentage Mod: HP is shown in percentages\n|clearpoke\n|poke|p1|Regieleki|\n|poke|p1|Regidrago|\n|poke|p1|Giratina-Origin|\n|poke|p1|Miraidon|\n|poke|p1|Zamazenta-*|\n|poke|p1|Kingambit, F|\n|poke|p2|Sylveon, M|\n|poke|p2|Espeon, M|\n|poke|p2|Umbreon, M|\n|poke|p2|Vaporeon, M|\n|poke|p2|Flareon, M|\n|poke|p2|Jolteon, M|\n|teampreview\n|inactive|Battle timer is ON: inactive players will automatically lose when time's up. (requested by Squints_09)\n|inactive|AtomBomb69 also wants the timer to be on.\n|\n|t:|1699845737\n|start\n|switch|p1a: Regieleki|Regieleki|100\/100\n|switch|p2a: Umbreon|Umbreon, M, shiny|100\/100\n|turn|1\n|\n|t:|1699845747\n|move|p1a: Regieleki|Reflect|p1a: Regieleki\n|-sidestart|p1: AtomBomb69|Reflect\n|move|p2a: Umbreon|Reflect|p2a: Umbreon\n|-sidestart|p2: Squints_09|Reflect\n|\n|upkeep\n|turn|2\n|\n|t:|1699845752\n|move|p1a: Regieleki|Light Screen|p1a: Regieleki\n|-sidestart|p1: AtomBomb69|move: Light Screen\n|move|p2a: Umbreon|Light Screen|p2a: Umbreon\n|-sidestart|p2: Squints_09|move: Light Screen\n|\n|upkeep\n|turn|3\n|\n|t:|1699845756\n|move|p1a: Regieleki|Volt Switch|p2a: Umbreon\n|-damage|p2a: Umbreon|93\/100\n|\n|t:|1699845759\n|switch|p1a: Kingambit|Kingambit, F, shiny|100\/100|[from] Volt Switch\n|move|p2a: Umbreon|Wish|p2a: Umbreon\n|\n|upkeep\n|turn|4\n|\n|t:|1699845769\n|switch|p2a: Vaporeon|Vaporeon, M, shiny|100\/100\n|move|p1a: Kingambit|Brick Break|p2a: Vaporeon\n|-sideend|p2: Squints_09|Reflect\n|-sideend|p2: Squints_09|move: Light Screen\n|-damage|p2a: Vaporeon|80\/100\n|\n|-heal|p2a: Vaporeon|100\/100|[from] move: Wish|[wisher] Umbreon\n|upkeep\n|turn|5\n|\n|t:|1699845784\n|-end|p1a: Kingambit|fallenundefined|[silent]\n|switch|p1a: Regieleki|Regieleki|100\/100\n|move|p2a: Vaporeon|Scald|p1a: Regieleki\n|-damage|p1a: Regieleki|77\/100\n|-status|p1a: Regieleki|brn\n|\n|-damage|p1a: Regieleki|71\/100 brn|[from] brn\n|upkeep\n|turn|6\n|\n|t:|1699845795\n|switch|p2a: Umbreon|Umbreon, M, shiny|93\/100\n|move|p1a: Regieleki|Volt Switch|p2a: Umbreon\n|-damage|p2a: Umbreon|78\/100\n|\n|t:|1699845803\n|switch|p1a: Zamazenta|Zamazenta-Crowned|100\/100|[from] Volt Switch\n|-ability|p1a: Zamazenta|Dauntless Shield|boost\n|-boost|p1a: Zamazenta|def|1\n|\n|upkeep\n|turn|7\n|\n|t:|1699845810\n|move|p2a: Umbreon|Protect|p2a: Umbreon\n|-singleturn|p2a: Umbreon|Protect\n|move|p1a: Zamazenta|Iron Defense|p1a: Zamazenta\n|-boost|p1a: Zamazenta|def|2\n|\n|upkeep\n|turn|8\n|\n|t:|1699845817\n|switch|p2a: Espeon|Espeon, M, shiny|100\/100\n|move|p1a: Zamazenta|Body Press|p2a: Espeon\n|-resisted|p2a: Espeon\n|-damage|p2a: Espeon|47\/100\n|\n|-heal|p2a: Espeon|53\/100|[from] item: Leftovers\n|-sideend|p1: AtomBomb69|Reflect\n|upkeep\n|turn|9\n|\n|t:|1699845826\n|move|p1a: Zamazenta|Crunch|p2a: Espeon\n|-supereffective|p2a: Espeon\n|-damage|p2a: Espeon|0 fnt\n|faint|p2a: Espeon\n|\n|-sideend|p1: AtomBomb69|move: Light Screen\n|upkeep\n|\n|t:|1699845835\n|switch|p2a: Sylveon|Sylveon, M, shiny|100\/100\n|turn|10\n|\n|t:|1699845841\n|-terastallize|p1a: Zamazenta|Steel\n|move|p1a: Zamazenta|Behemoth Bash|p2a: Sylveon\n|-supereffective|p2a: Sylveon\n|-damage|p2a: Sylveon|0 fnt\n|faint|p2a: Sylveon\n|\n|upkeep\n|\n|t:|1699845846\n|switch|p2a: Flareon|Flareon, M, shiny|100\/100\n|turn|11\n|\n|t:|1699845853\n|-terastallize|p2a: Flareon|Ground\n|move|p1a: Zamazenta|Body Press|p2a: Flareon\n|-damage|p2a: Flareon|0 fnt\n|faint|p2a: Flareon\n|\n|upkeep\n|\n|t:|1699845859\n|switch|p2a: Vaporeon|Vaporeon, M, shiny|100\/100\n|turn|12\n|\n|t:|1699845864\n|move|p1a: Zamazenta|Body Press|p2a: Vaporeon\n|-damage|p2a: Vaporeon|37\/100\n|move|p2a: Vaporeon|Scald|p1a: Zamazenta\n|-damage|p1a: Zamazenta|81\/100\n|\n|-heal|p2a: Vaporeon|43\/100|[from] item: Leftovers\n|upkeep\n|turn|13\n|\n|t:|1699845873\n|move|p1a: Zamazenta|Body Press|p2a: Vaporeon\n|-damage|p2a: Vaporeon|0 fnt\n|faint|p2a: Vaporeon\n|\n|upkeep\n|-message|Squints_09 forfeited.\n|\n|win|AtomBomb69\n|raw|AtomBomb69's rating: 1235 &rarr; <strong>1248<\/strong><br \/>(+13 for winning)\n|raw|Squints_09's rating: 1046 &rarr; <strong>1037<\/strong><br \/>(-9 for losing)\n|l|\u2606Squints_09\n|c|\u2606AtomBomb69|Stick to ou with all eevee\n","uploadtime":1699845897,"views":24,"p1id":"atombomb69","p2id":"squints09","formatid":"gen9ubers","rating":1037,"private":0,"password":""}