{"id":"gen9ubers-1993776268","p1":"S3PP1","p2":"CRIPPYwitdaGRIPPY","format":"[Gen 9] Ubers","log":"|j|\u2606S3PP1\n|j|\u2606CRIPPYwitdaGRIPPY\n|t:|1700355896\n|gametype|singles\n|player|p1|S3PP1|chuck|\n|player|p2|CRIPPYwitdaGRIPPY|caitlin|\n|teamsize|p1|6\n|teamsize|p2|6\n|gen|9\n|tier|[Gen 9] Ubers\n|rule|Sleep Clause Mod: Limit one foe put to sleep\n|rule|Species Clause: Limit one of each Pok\u00e9mon\n|rule|OHKO Clause: OHKO moves are banned\n|rule|Evasion Items Clause: Evasion items are banned\n|rule|Evasion Moves Clause: Evasion moves are banned\n|rule|Endless Battle Clause: Forcing endless battles is banned\n|rule|HP Percentage Mod: HP is shown in percentages\n|clearpoke\n|poke|p1|Walking Wake|\n|poke|p1|Pawmot, F|\n|poke|p1|Rotom-Heat|\n|poke|p1|Murkrow, M|\n|poke|p1|Goodra, M|\n|poke|p1|Qwilfish, M|\n|poke|p2|Sneasler, F|\n|poke|p2|Mudsdale, F|\n|poke|p2|Cresselia, F|\n|poke|p2|Tsareena, F|\n|poke|p2|Umbreon, M|\n|poke|p2|Greninja-*, M|\n|teampreview\n|inactive|Battle timer is ON: inactive players will automatically lose when time's up. (requested by S3PP1)\n|\n|t:|1700355910\n|start\n|switch|p1a: Easy bake|Rotom-Heat, shiny|100\/100\n|switch|p2a: Mudsdale|Mudsdale, F, shiny|100\/100\n|turn|1\n|\n|t:|1700355925\n|move|p1a: Easy bake|Trick|p2a: Mudsdale\n|-activate|p1a: Easy bake|move: Trick|[of] p2a: Mudsdale\n|-item|p2a: Mudsdale|Choice Scarf|[from] move: Trick\n|-item|p1a: Easy bake|Leftovers|[from] move: Trick\n|move|p2a: Mudsdale|Body Press|p1a: Easy bake\n|-damage|p1a: Easy bake|71\/100\n|\n|-heal|p1a: Easy bake|77\/100|[from] item: Leftovers\n|upkeep\n|turn|2\n|j| BeardoftheRed\n|inactive|CRIPPYwitdaGRIPPY has 270 seconds left.\n|\n|t:|1700355951\n|switch|p2a: Greninja|Greninja, M|100\/100\n|move|p1a: Easy bake|Nasty Plot|p1a: Easy bake\n|-boost|p1a: Easy bake|spa|2\n|\n|-heal|p1a: Easy bake|83\/100|[from] item: Leftovers\n|upkeep\n|turn|3\n|\n|t:|1700355961\n|-terastallize|p1a: Easy bake|Electric\n|move|p2a: Greninja|Surf|p1a: Easy bake\n|-start|p2a: Greninja|typechange|Water|[from] ability: Protean\n|-damage|p1a: Easy bake|26\/100\n|move|p1a: Easy bake|Volt Switch|p2a: Greninja\n|-supereffective|p2a: Greninja\n|-damage|p2a: Greninja|0 fnt\n|faint|p2a: Greninja\n|\n|t:|1700355974\n|switch|p1a: Salem|Murkrow, M|100\/100|[from] Volt Switch\n|\n|upkeep\n|\n|t:|1700355979\n|switch|p2a: Sneasler|Sneasler, F, shiny|100\/100\n|turn|4\n|\n|t:|1700355983\n|move|p1a: Salem|Rain Dance|p1a: Salem\n|-weather|RainDance\n|move|p2a: Sneasler|Swords Dance|p2a: Sneasler\n|-boost|p2a: Sneasler|atk|2\n|\n|-weather|RainDance|[upkeep]\n|upkeep\n|turn|5\n|\n|t:|1700355989\n|move|p1a: Salem|Haze|p1a: Salem\n|-clearallboost\n|move|p2a: Sneasler|Close Combat|p1a: Salem\n|-damage|p1a: Salem|0 fnt\n|-unboost|p2a: Sneasler|def|1\n|-unboost|p2a: Sneasler|spd|1\n|faint|p1a: Salem\n|\n|-weather|RainDance|[upkeep]\n|upkeep\n|\n|t:|1700355998\n|switch|p1a: Qwilfish|Qwilfish, M, shiny|100\/100\n|turn|6\n|\n|t:|1700356012\n|move|p1a: Qwilfish|Aqua Jet|p2a: Sneasler\n|-damage|p2a: Sneasler|2\/100\n|-damage|p1a: Qwilfish|91\/100|[from] item: Life Orb\n|move|p2a: Sneasler|Swords Dance|p2a: Sneasler\n|-boost|p2a: Sneasler|atk|2\n|\n|-weather|RainDance|[upkeep]\n|upkeep\n|turn|7\n|\n|t:|1700356042\n|move|p1a: Qwilfish|Aqua Jet|p2a: Sneasler\n|-damage|p2a: Sneasler|0 fnt\n|faint|p2a: Sneasler\n|-damage|p1a: Qwilfish|81\/100|[from] item: Life Orb\n|\n|-weather|RainDance|[upkeep]\n|upkeep\n|inactive|CRIPPYwitdaGRIPPY has 270 seconds left.\n|\n|t:|1700356052\n|switch|p2a: Tsareena|Tsareena, F|100\/100\n|turn|8\n|\n|t:|1700356059\n|-terastallize|p2a: Tsareena|Grass\n|move|p1a: Qwilfish|Poison Jab|p2a: Tsareena\n|-supereffective|p2a: Tsareena\n|-damage|p2a: Tsareena|6\/100\n|-damage|p1a: Qwilfish|71\/100|[from] item: Life Orb\n|move|p2a: Tsareena|Power Whip|p1a: Qwilfish\n|-damage|p1a: Qwilfish|0 fnt\n|faint|p1a: Qwilfish\n|\n|-weather|RainDance|[upkeep]\n|upkeep\n|\n|t:|1700356069\n|switch|p1a: Easy bake|Rotom-Heat, shiny, tera:Electric|26\/100\n|turn|9\n|\n|t:|1700356077\n|switch|p2a: Cresselia|Cresselia, F, shiny|100\/100\n|move|p1a: Easy bake|Volt Switch|p2a: Cresselia\n|-crit|p2a: Cresselia\n|-damage|p2a: Cresselia|66\/100\n|\n|t:|1700356079\n|switch|p1a: Goodra|Goodra, M|100\/100|[from] Volt Switch\n|\n|-weather|RainDance|[upkeep]\n|-heal|p2a: Cresselia|72\/100|[from] item: Leftovers\n|upkeep\n|turn|10\n|\n|t:|1700356088\n|move|p2a: Cresselia|Dazzling Gleam|p1a: Goodra\n|-supereffective|p1a: Goodra\n|-damage|p1a: Goodra|87\/100\n|move|p1a: Goodra|Knock Off|p2a: Cresselia\n|-supereffective|p2a: Cresselia\n|-damage|p2a: Cresselia|42\/100\n|-enditem|p2a: Cresselia|Leftovers|[from] move: Knock Off|[of] p1a: Goodra\n|\n|-weather|RainDance|[upkeep]\n|upkeep\n|turn|11\n|\n|t:|1700356105\n|switch|p1a: Pawmot|Pawmot, F|100\/100\n|move|p2a: Cresselia|Moonlight|p2a: Cresselia\n|-heal|p2a: Cresselia|67\/100\n|\n|-weather|none\n|upkeep\n|turn|12\n|\n|t:|1700356116\n|move|p1a: Pawmot|Nuzzle|p2a: Cresselia\n|-damage|p2a: Cresselia|60\/100\n|-status|p2a: Cresselia|par\n|cant|p2a: Cresselia|par\n|\n|upkeep\n|turn|13\n|\n|t:|1700356133\n|move|p1a: Pawmot|Double Shock|p2a: Cresselia\n|-damage|p2a: Cresselia|22\/100 par\n|-start|p1a: Pawmot|typechange|???\/Fighting|[from] move: Double Shock\n|move|p2a: Cresselia|Dazzling Gleam|p1a: Pawmot\n|-supereffective|p1a: Pawmot\n|-damage|p1a: Pawmot|40\/100\n|\n|upkeep\n|turn|14\n|\n|t:|1700356141\n|move|p1a: Pawmot|Revival Blessing|p1a: Pawmot\n|-enditem|p1a: Pawmot|Leppa Berry|[eat]\n|-activate|p1a: Pawmot|item: Leppa Berry|Revival Blessing|[consumed]\n|\n|t:|1700356145\n|-heal|p1: Salem|50\/100|[from] move: Revival Blessing\n|move|p2a: Cresselia|Dazzling Gleam|p1a: Pawmot\n|-supereffective|p1a: Pawmot\n|-damage|p1a: Pawmot|0 fnt\n|faint|p1a: Pawmot\n|\n|upkeep\n|\n|t:|1700356151\n|switch|p1a: Salem|Murkrow, M|50\/100\n|turn|15\n|\n|t:|1700356178\n|move|p1a: Salem|Foul Play|p2a: Cresselia\n|-supereffective|p2a: Cresselia\n|-damage|p2a: Cresselia|0 fnt\n|faint|p2a: Cresselia\n|\n|upkeep\n|inactive|CRIPPYwitdaGRIPPY has 270 seconds left.\n|\n|t:|1700356190\n|switch|p2a: Mudsdale|Mudsdale, F, shiny|100\/100\n|turn|16\n|\n|t:|1700356195\n|move|p1a: Salem|Rain Dance|p1a: Salem\n|-weather|RainDance\n|move|p2a: Mudsdale|Body Press|p1a: Salem\n|-damage|p1a: Salem|2\/100\n|\n|-weather|RainDance|[upkeep]\n|upkeep\n|turn|17\n|\n|t:|1700356201\n|move|p1a: Salem|U-turn|p2a: Mudsdale\n|-damage|p2a: Mudsdale|91\/100\n|-ability|p2a: Mudsdale|Stamina|boost\n|-boost|p2a: Mudsdale|def|1\n|\n|t:|1700356205\n|switch|p1a: Walking Wake|Walking Wake|100\/100|[from] U-turn\n|move|p2a: Mudsdale|Body Press|p1a: Walking Wake\n|-damage|p1a: Walking Wake|59\/100\n|\n|-weather|RainDance|[upkeep]\n|upkeep\n|turn|18\n|\n|t:|1700356216\n|move|p1a: Walking Wake|Hydro Steam|p2a: Mudsdale\n|-supereffective|p2a: Mudsdale\n|-damage|p2a: Mudsdale|0 fnt\n|faint|p2a: Mudsdale\n|\n|-weather|RainDance|[upkeep]\n|upkeep\n|\n|t:|1700356223\n|switch|p2a: Umbreon|Umbreon, M|100\/100\n|turn|19\n|\n|t:|1700356236\n|move|p1a: Walking Wake|Hydro Steam|p2a: Umbreon\n|-damage|p2a: Umbreon|51\/100\n|move|p2a: Umbreon|Toxic|p1a: Walking Wake\n|-status|p1a: Walking Wake|tox\n|\n|-weather|RainDance|[upkeep]\n|-heal|p2a: Umbreon|57\/100|[from] item: Leftovers\n|-damage|p1a: Walking Wake|53\/100 tox|[from] psn\n|upkeep\n|turn|20\n|\n|t:|1700356247\n|move|p2a: Umbreon|Protect|p2a: Umbreon\n|-singleturn|p2a: Umbreon|Protect\n|move|p1a: Walking Wake|Hydro Steam|p2a: Umbreon\n|-activate|p2a: Umbreon|move: Protect\n|\n|-weather|RainDance|[upkeep]\n|-heal|p2a: Umbreon|63\/100|[from] item: Leftovers\n|-damage|p1a: Walking Wake|41\/100 tox|[from] psn\n|upkeep\n|turn|21\n|\n|t:|1700356255\n|move|p1a: Walking Wake|Hydro Steam|p2a: Umbreon\n|-damage|p2a: Umbreon|13\/100\n|move|p2a: Umbreon|Wish|p2a: Umbreon\n|\n|-weather|RainDance|[upkeep]\n|-heal|p2a: Umbreon|19\/100|[from] item: Leftovers\n|-damage|p1a: Walking Wake|22\/100 tox|[from] psn\n|upkeep\n|turn|22\n|\n|t:|1700356277\n|-end|p1a: Walking Wake|Protosynthesis|[silent]\n|switch|p1a: Easy bake|Rotom-Heat, shiny, tera:Electric|26\/100\n|move|p2a: Umbreon|Protect||[still]\n|-fail|p2a: Umbreon\n|\n|-weather|RainDance|[upkeep]\n|-heal|p2a: Umbreon|69\/100|[from] move: Wish|[wisher] Umbreon\n|-heal|p1a: Easy bake|32\/100|[from] item: Leftovers\n|-heal|p2a: Umbreon|75\/100|[from] item: Leftovers\n|upkeep\n|turn|23\n|\n|t:|1700356288\n|move|p1a: Easy bake|Nasty Plot|p1a: Easy bake\n|-boost|p1a: Easy bake|spa|2\n|move|p2a: Umbreon|Toxic|p1a: Easy bake|[miss]\n|-miss|p2a: Umbreon|p1a: Easy bake\n|\n|-weather|none\n|-heal|p1a: Easy bake|39\/100|[from] item: Leftovers\n|-heal|p2a: Umbreon|81\/100|[from] item: Leftovers\n|upkeep\n|turn|24\n|\n|t:|1700356298\n|move|p1a: Easy bake|Trick|p2a: Umbreon\n|-activate|p1a: Easy bake|move: Trick|[of] p2a: Umbreon\n|-item|p2a: Umbreon|Leftovers|[from] move: Trick\n|-item|p1a: Easy bake|Leftovers|[from] move: Trick\n|move|p2a: Umbreon|Toxic|p1a: Easy bake\n|-status|p1a: Easy bake|tox\n|\n|-heal|p1a: Easy bake|45\/100 tox|[from] item: Leftovers\n|-heal|p2a: Umbreon|87\/100|[from] item: Leftovers\n|-damage|p1a: Easy bake|39\/100 tox|[from] psn\n|upkeep\n|turn|25\n|\n|t:|1700356309\n|move|p2a: Umbreon|Protect|p2a: Umbreon\n|-singleturn|p2a: Umbreon|Protect\n|move|p1a: Easy bake|Overheat|p2a: Umbreon\n|-activate|p2a: Umbreon|move: Protect\n|\n|-heal|p1a: Easy bake|45\/100 tox|[from] item: Leftovers\n|-heal|p2a: Umbreon|93\/100|[from] item: Leftovers\n|-damage|p1a: Easy bake|32\/100 tox|[from] psn\n|upkeep\n|turn|26\n|\n|t:|1700356318\n|move|p1a: Easy bake|Overheat|p2a: Umbreon\n|-damage|p2a: Umbreon|30\/100\n|-unboost|p1a: Easy bake|spa|2\n|move|p2a: Umbreon|Wish|p2a: Umbreon\n|\n|-heal|p1a: Easy bake|39\/100 tox|[from] item: Leftovers\n|-heal|p2a: Umbreon|36\/100|[from] item: Leftovers\n|-damage|p1a: Easy bake|20\/100 tox|[from] psn\n|upkeep\n|turn|27\n|inactive|CRIPPYwitdaGRIPPY has 270 seconds left.\n|\n|t:|1700356351\n|switch|p1a: Goodra|Goodra, M|87\/100\n|move|p2a: Umbreon|Protect||[still]\n|-fail|p2a: Umbreon\n|\n|-heal|p2a: Umbreon|86\/100|[from] move: Wish|[wisher] Umbreon\n|-heal|p2a: Umbreon|92\/100|[from] item: Leftovers\n|upkeep\n|turn|28\n|inactive|CRIPPYwitdaGRIPPY has 270 seconds left.\n|\n|t:|1700356364\n|move|p1a: Goodra|Knock Off|p2a: Umbreon\n|-resisted|p2a: Umbreon\n|-damage|p2a: Umbreon|83\/100\n|-enditem|p2a: Umbreon|Leftovers|[from] move: Knock Off|[of] p1a: Goodra\n|move|p2a: Umbreon|Toxic|p1a: Goodra\n|-status|p1a: Goodra|tox\n|\n|-damage|p1a: Goodra|81\/100 tox|[from] psn\n|upkeep\n|turn|29\n|\n|t:|1700356373\n|move|p2a: Umbreon|Protect|p2a: Umbreon\n|-singleturn|p2a: Umbreon|Protect\n|move|p1a: Goodra|Thunderbolt|p2a: Umbreon\n|-activate|p2a: Umbreon|move: Protect\n|\n|-damage|p1a: Goodra|69\/100 tox|[from] psn\n|upkeep\n|turn|30\n|\n|t:|1700356380\n|move|p1a: Goodra|Thunderbolt|p2a: Umbreon\n|-damage|p2a: Umbreon|67\/100\n|move|p2a: Umbreon|Foul Play|p1a: Goodra\n|-damage|p1a: Goodra|31\/100 tox\n|\n|-damage|p1a: Goodra|13\/100 tox|[from] psn\n|upkeep\n|turn|31\n|\n|t:|1700356389\n|move|p2a: Umbreon|Protect|p2a: Umbreon\n|-singleturn|p2a: Umbreon|Protect\n|move|p1a: Goodra|Draco Meteor|p2a: Umbreon\n|-activate|p2a: Umbreon|move: Protect\n|\n|-damage|p1a: Goodra|0 fnt|[from] psn\n|faint|p1a: Goodra\n|upkeep\n|\n|t:|1700356394\n|switch|p1a: Easy bake|Rotom-Heat, shiny, tera:Electric|20\/100 tox\n|turn|32\n|\n|t:|1700356398\n|move|p1a: Easy bake|Overheat|p2a: Umbreon\n|-damage|p2a: Umbreon|36\/100\n|-unboost|p1a: Easy bake|spa|2\n|move|p2a: Umbreon|Foul Play|p1a: Easy bake\n|-damage|p1a: Easy bake|0 fnt\n|faint|p1a: Easy bake\n|\n|upkeep\n|\n|t:|1700356401\n|switch|p1a: Walking Wake|Walking Wake|22\/100 tox\n|turn|33\n|\n|t:|1700356408\n|move|p2a: Umbreon|Protect|p2a: Umbreon\n|-singleturn|p2a: Umbreon|Protect\n|move|p1a: Walking Wake|Dragon Pulse|p2a: Umbreon\n|-activate|p2a: Umbreon|move: Protect\n|\n|-damage|p1a: Walking Wake|16\/100 tox|[from] psn\n|upkeep\n|turn|34\n|\n|t:|1700356418\n|move|p1a: Walking Wake|Dragon Pulse|p2a: Umbreon\n|-damage|p2a: Umbreon|0 fnt\n|faint|p2a: Umbreon\n|\n|-damage|p1a: Walking Wake|3\/100 tox|[from] psn\n|upkeep\n|\n|t:|1700356424\n|switch|p2a: Tsareena|Tsareena, F, tera:Grass|6\/100\n|turn|35\n|\n|t:|1700356427\n|move|p1a: Walking Wake|Dragon Pulse|p2a: Tsareena\n|-damage|p2a: Tsareena|0 fnt\n|faint|p2a: Tsareena\n|\n|win|S3PP1\n|l| BeardoftheRed\n","uploadtime":1700356460,"views":4,"p1id":"s3pp1","p2id":"crippywitdagrippy","formatid":"gen9ubers","rating":0,"private":0,"password":""}