{"id":"gen9ubers-1974369862","p1":"AlicieLizzie","p2":"Leo Justice","format":"[Gen 9] Ubers","log":"|j|\u2606AlicieLizzie\n|j|\u2606Leo Justice\n|t:|1698081565\n|gametype|singles\n|player|p1|AlicieLizzie|marnie-masters3|\n|player|p2|Leo Justice|carmine|\n|teamsize|p1|6\n|teamsize|p2|6\n|gen|9\n|tier|[Gen 9] Ubers\n|rule|Sleep Clause Mod: Limit one foe put to sleep\n|rule|Species Clause: Limit one of each Pok\u00e9mon\n|rule|OHKO Clause: OHKO moves are banned\n|rule|Evasion Items Clause: Evasion items are banned\n|rule|Evasion Moves Clause: Evasion moves are banned\n|rule|Endless Battle Clause: Forcing endless battles is banned\n|rule|HP Percentage Mod: HP is shown in percentages\n|clearpoke\n|poke|p1|Cyclizar, F|\n|poke|p1|Kommo-o, F|\n|poke|p1|Magearna|\n|poke|p1|Shaymin-Sky|\n|poke|p1|Dondozo, F|\n|poke|p1|Slowking-Galar, M|\n|poke|p2|Meowscarada, F|\n|poke|p2|Gholdengo|\n|poke|p2|Dialga|\n|poke|p2|Zacian-*|\n|poke|p2|Magearna|\n|poke|p2|Cyclizar, F|\n|teampreview\n|inactive|Battle timer is ON: inactive players will automatically lose when time's up. (requested by AlicieLizzie)\n|\n|t:|1698081580\n|start\n|switch|p1a: Cycle Dryer|Cyclizar, F|100\/100\n|switch|p2a: Meowscarada|Meowscarada, F|100\/100\n|turn|1\n|\n|t:|1698081588\n|move|p2a: Meowscarada|Taunt|p1a: Cycle Dryer\n|-start|p1a: Cycle Dryer|move: Taunt\n|move|p1a: Cycle Dryer|Knock Off|p2a: Meowscarada\n|-resisted|p2a: Meowscarada\n|-damage|p2a: Meowscarada|84\/100\n|-enditem|p2a: Meowscarada|Focus Sash|[from] move: Knock Off|[of] p1a: Cycle Dryer\n|\n|upkeep\n|turn|2\n|\n|t:|1698081598\n|switch|p1a: Glowstone|Slowking-Galar, M|100\/100\n|move|p2a: Meowscarada|Flower Trick|p1a: Glowstone\n|-resisted|p1a: Glowstone\n|-crit|p1a: Glowstone\n|-damage|p1a: Glowstone|77\/100\n|\n|upkeep\n|turn|3\n|\n|t:|1698081611\n|move|p2a: Meowscarada|Spikes|p1a: Glowstone\n|-sidestart|p1: AlicieLizzie|Spikes\n|move|p1a: Glowstone|Flamethrower|p2a: Meowscarada\n|-supereffective|p2a: Meowscarada\n|-damage|p2a: Meowscarada|15\/100\n|\n|upkeep\n|turn|4\n|\n|t:|1698081619\n|move|p2a: Meowscarada|Spikes|p1a: Glowstone\n|-sidestart|p1: AlicieLizzie|Spikes\n|move|p1a: Glowstone|Flamethrower|p2a: Meowscarada\n|-supereffective|p2a: Meowscarada\n|-damage|p2a: Meowscarada|0 fnt\n|faint|p2a: Meowscarada\n|\n|upkeep\n|\n|t:|1698081633\n|switch|p2a: Cyclizar|Cyclizar, F|100\/100\n|turn|5\n|\n|t:|1698081638\n|move|p2a: Cyclizar|Knock Off|p1a: Glowstone\n|-supereffective|p1a: Glowstone\n|-damage|p1a: Glowstone|32\/100\n|-enditem|p1a: Glowstone|Heavy-Duty Boots|[from] move: Knock Off|[of] p2a: Cyclizar\n|move|p1a: Glowstone|Toxic|p2a: Cyclizar\n|-status|p2a: Cyclizar|tox\n|\n|-damage|p2a: Cyclizar|94\/100 tox|[from] psn\n|upkeep\n|turn|6\n|\n|t:|1698081645\n|switch|p2a: Gholdengo|Gholdengo|100\/100\n|-item|p2a: Gholdengo|Air Balloon\n|switch|p1a: Cycle Dryer|Cyclizar, F|100\/100\n|\n|upkeep\n|turn|7\n|\n|t:|1698081656\n|move|p1a: Cycle Dryer|Knock Off|p2a: Gholdengo\n|-supereffective|p2a: Gholdengo\n|-damage|p2a: Gholdengo|61\/100\n|-enditem|p2a: Gholdengo|Air Balloon\n|move|p2a: Gholdengo|Make It Rain|p1a: Cycle Dryer\n|-damage|p1a: Cycle Dryer|28\/100\n|-unboost|p2a: Gholdengo|spa|1\n|\n|upkeep\n|turn|8\n|\n|t:|1698081670\n|switch|p1a: Don Flamenco|Dondozo, F|100\/100\n|-damage|p1a: Don Flamenco|84\/100|[from] Spikes\n|move|p2a: Gholdengo|Recover|p2a: Gholdengo\n|-heal|p2a: Gholdengo|100\/100\n|\n|-heal|p1a: Don Flamenco|90\/100|[from] item: Leftovers\n|upkeep\n|turn|9\n|\n|t:|1698081678\n|switch|p2a: Magearna|Magearna|100\/100\n|move|p1a: Don Flamenco|Liquidation|p2a: Magearna\n|-damage|p2a: Magearna|82\/100\n|-unboost|p2a: Magearna|def|1\n|\n|-heal|p2a: Magearna|88\/100|[from] item: Leftovers\n|-heal|p1a: Don Flamenco|96\/100|[from] item: Leftovers\n|upkeep\n|turn|10\n|\n|t:|1698081686\n|switch|p1a: Cycle Dryer|Cyclizar, F|61\/100\n|move|p2a: Magearna|Spikes|p1a: Cycle Dryer\n|-sidestart|p1: AlicieLizzie|Spikes\n|\n|-heal|p2a: Magearna|94\/100|[from] item: Leftovers\n|upkeep\n|turn|11\n|\n|t:|1698081695\n|switch|p2a: Gholdengo|Gholdengo|100\/100\n|move|p1a: Cycle Dryer|Shed Tail|p1a: Cycle Dryer\n|-start|p1a: Cycle Dryer|Substitute|[from] move: Shed Tail\n|-damage|p1a: Cycle Dryer|11\/100\n|\n|t:|1698081706\n|switch|p1a: Glowstone|Slowking-Galar, M|65\/100|[from] Shed Tail\n|-damage|p1a: Glowstone|40\/100|[from] Spikes\n|\n|upkeep\n|turn|12\n|\n|t:|1698081714\n|move|p2a: Gholdengo|Shadow Ball|p1a: Glowstone\n|-supereffective|p1a: Glowstone\n|-end|p1a: Glowstone|Substitute\n|move|p1a: Glowstone|Slack Off|p1a: Glowstone\n|-heal|p1a: Glowstone|90\/100\n|\n|upkeep\n|turn|13\n|\n|t:|1698081719\n|move|p2a: Gholdengo|Nasty Plot|p2a: Gholdengo\n|-boost|p2a: Gholdengo|spa|2\n|move|p1a: Glowstone|Flamethrower|p2a: Gholdengo\n|-supereffective|p2a: Gholdengo\n|-damage|p2a: Gholdengo|69\/100\n|-status|p2a: Gholdengo|brn\n|\n|-damage|p2a: Gholdengo|63\/100 brn|[from] brn\n|upkeep\n|turn|14\n|\n|t:|1698081734\n|move|p2a: Gholdengo|Make It Rain|p1a: Glowstone\n|-damage|p1a: Glowstone|26\/100\n|-unboost|p2a: Gholdengo|spa|1\n|move|p1a: Glowstone|Flamethrower|p2a: Gholdengo\n|-supereffective|p2a: Gholdengo\n|-damage|p2a: Gholdengo|31\/100 brn\n|\n|-damage|p2a: Gholdengo|25\/100 brn|[from] brn\n|upkeep\n|turn|15\n|\n|t:|1698081748\n|switch|p1a: Don Flamenco|Dondozo, F|96\/100\n|-damage|p1a: Don Flamenco|71\/100|[from] Spikes\n|move|p2a: Gholdengo|Recover|p2a: Gholdengo\n|-heal|p2a: Gholdengo|75\/100 brn\n|\n|-heal|p1a: Don Flamenco|77\/100|[from] item: Leftovers\n|-damage|p2a: Gholdengo|69\/100 brn|[from] brn\n|upkeep\n|turn|16\n|\n|t:|1698081754\n|move|p2a: Gholdengo|Shadow Ball|p1a: Don Flamenco\n|-damage|p1a: Don Flamenco|44\/100\n|move|p1a: Don Flamenco|Liquidation|p2a: Gholdengo\n|-damage|p2a: Gholdengo|41\/100 brn\n|-unboost|p2a: Gholdengo|def|1\n|\n|-heal|p1a: Don Flamenco|50\/100|[from] item: Leftovers\n|-damage|p2a: Gholdengo|35\/100 brn|[from] brn\n|upkeep\n|turn|17\n|\n|t:|1698081760\n|move|p2a: Gholdengo|Recover|p2a: Gholdengo\n|-heal|p2a: Gholdengo|85\/100 brn\n|move|p1a: Don Flamenco|Rest|p1a: Don Flamenco\n|-status|p1a: Don Flamenco|slp|[from] move: Rest\n|-heal|p1a: Don Flamenco|100\/100 slp|[silent]\n|\n|-damage|p2a: Gholdengo|79\/100 brn|[from] brn\n|upkeep\n|turn|18\n|\n|t:|1698081767\n|switch|p2a: Magearna|Magearna|94\/100\n|cant|p1a: Don Flamenco|slp\n|move|p1a: Don Flamenco|Sleep Talk|p1a: Don Flamenco\n|move|p1a: Don Flamenco|Rest||[from]move: Sleep Talk|[still]\n|-fail|p1a: Don Flamenco\n|\n|-heal|p2a: Magearna|99\/100|[from] item: Leftovers\n|upkeep\n|turn|19\n|\n|t:|1698081778\n|move|p2a: Magearna|Draining Kiss|p1a: Don Flamenco\n|-damage|p1a: Don Flamenco|80\/100 slp\n|-heal|p2a: Magearna|100\/100|[from] drain|[of] p1a: Don Flamenco\n|cant|p1a: Don Flamenco|slp\n|move|p1a: Don Flamenco|Sleep Talk|p1a: Don Flamenco\n|move|p1a: Don Flamenco|Rest||[from]move: Sleep Talk|[still]\n|-fail|p1a: Don Flamenco\n|\n|-heal|p1a: Don Flamenco|86\/100 slp|[from] item: Leftovers\n|upkeep\n|turn|20\n|\n|t:|1698081790\n|switch|p1a: Glowstone|Slowking-Galar, M|59\/100\n|-damage|p1a: Glowstone|34\/100|[from] Spikes\n|move|p2a: Magearna|Ice Beam|p1a: Glowstone\n|-damage|p1a: Glowstone|18\/100\n|-status|p1a: Glowstone|frz\n|\n|upkeep\n|turn|21\n|\n|t:|1698081797\n|move|p2a: Magearna|Ice Beam|p1a: Glowstone\n|-damage|p1a: Glowstone|4\/100 frz\n|cant|p1a: Glowstone|frz\n|\n|upkeep\n|turn|22\n|\n|t:|1698081802\n|move|p2a: Magearna|Ice Beam|p1a: Glowstone\n|-damage|p1a: Glowstone|0 fnt\n|faint|p1a: Glowstone\n|-ability|p2a: Magearna|Soul-Heart|boost\n|-boost|p2a: Magearna|spa|1\n|\n|upkeep\n|\n|t:|1698081803\n|switch|p1a: Cycle Dryer|Cyclizar, F|44\/100\n|turn|23\n|\n|t:|1698081811\n|move|p1a: Cycle Dryer|Rapid Spin|p2a: Magearna\n|-resisted|p2a: Magearna\n|-damage|p2a: Magearna|96\/100\n|-boost|p1a: Cycle Dryer|spe|1\n|-sideend|p1: AlicieLizzie|Spikes|[from] move: Rapid Spin|[of] p1a: Cycle Dryer\n|move|p2a: Magearna|Draining Kiss|p1a: Cycle Dryer\n|-supereffective|p1a: Cycle Dryer\n|-damage|p1a: Cycle Dryer|0 fnt\n|-heal|p2a: Magearna|100\/100|[from] drain|[of] p1a: Cycle Dryer\n|faint|p1a: Cycle Dryer\n|-ability|p2a: Magearna|Soul-Heart|boost\n|-boost|p2a: Magearna|spa|1\n|\n|upkeep\n|\n|t:|1698081822\n|switch|p1a: Don Flamenco|Dondozo, F|86\/100 slp\n|turn|24\n|\n|t:|1698081825\n|move|p2a: Magearna|Spikes|p1a: Don Flamenco\n|-sidestart|p1: AlicieLizzie|Spikes\n|-curestatus|p1a: Don Flamenco|slp|[msg]\n|move|p1a: Don Flamenco|Liquidation|p2a: Magearna\n|-damage|p2a: Magearna|82\/100\n|\n|-heal|p2a: Magearna|88\/100|[from] item: Leftovers\n|-heal|p1a: Don Flamenco|92\/100|[from] item: Leftovers\n|upkeep\n|turn|25\n|\n|t:|1698081836\n|switch|p1a: It\u2019s a Shayme|Shaymin-Sky|100\/100\n|move|p2a: Magearna|Draining Kiss|p1a: It\u2019s a Shayme\n|-damage|p1a: It\u2019s a Shayme|56\/100\n|-heal|p2a: Magearna|100\/100|[from] drain|[of] p1a: It\u2019s a Shayme\n|\n|-heal|p1a: It\u2019s a Shayme|62\/100|[from] item: Leftovers\n|upkeep\n|turn|26\n|\n|t:|1698081844\n|move|p1a: It\u2019s a Shayme|Leech Seed|p2a: Magearna|[miss]\n|-miss|p1a: It\u2019s a Shayme|p2a: Magearna\n|move|p2a: Magearna|Ice Beam|p1a: It\u2019s a Shayme\n|-supereffective|p1a: It\u2019s a Shayme\n|-damage|p1a: It\u2019s a Shayme|0 fnt\n|faint|p1a: It\u2019s a Shayme\n|-ability|p2a: Magearna|Soul-Heart|boost\n|-boost|p2a: Magearna|spa|1\n|\n|upkeep\n|\n|t:|1698081852\n|switch|p1a: Don Flamenco|Dondozo, F|92\/100\n|-damage|p1a: Don Flamenco|80\/100|[from] Spikes\n|turn|27\n|\n|t:|1698081856\n|move|p2a: Magearna|Spikes|p1a: Don Flamenco\n|-sidestart|p1: AlicieLizzie|Spikes\n|move|p1a: Don Flamenco|Liquidation|p2a: Magearna\n|-damage|p2a: Magearna|82\/100\n|\n|-heal|p2a: Magearna|88\/100|[from] item: Leftovers\n|-heal|p1a: Don Flamenco|86\/100|[from] item: Leftovers\n|upkeep\n|turn|28\n|\n|t:|1698081861\n|move|p2a: Magearna|Draining Kiss|p1a: Don Flamenco\n|-damage|p1a: Don Flamenco|64\/100\n|-heal|p2a: Magearna|100\/100|[from] drain|[of] p1a: Don Flamenco\n|move|p1a: Don Flamenco|Liquidation|p2a: Magearna\n|-damage|p2a: Magearna|83\/100\n|\n|-heal|p2a: Magearna|89\/100|[from] item: Leftovers\n|-heal|p1a: Don Flamenco|70\/100|[from] item: Leftovers\n|upkeep\n|turn|29\n|\n|t:|1698081868\n|move|p2a: Magearna|Spikes|p1a: Don Flamenco\n|-sidestart|p1: AlicieLizzie|Spikes\n|move|p1a: Don Flamenco|Curse|p1a: Don Flamenco\n|-unboost|p1a: Don Flamenco|spe|1\n|-boost|p1a: Don Flamenco|atk|1\n|-boost|p1a: Don Flamenco|def|1\n|\n|-heal|p2a: Magearna|95\/100|[from] item: Leftovers\n|-heal|p1a: Don Flamenco|76\/100|[from] item: Leftovers\n|upkeep\n|turn|30\n|\n|t:|1698081871\n|move|p2a: Magearna|Encore|p1a: Don Flamenco\n|-start|p1a: Don Flamenco|Encore\n|move|p1a: Don Flamenco|Curse|p1a: Don Flamenco\n|-unboost|p1a: Don Flamenco|spe|1\n|-boost|p1a: Don Flamenco|atk|1\n|-boost|p1a: Don Flamenco|def|1\n|\n|-heal|p2a: Magearna|100\/100|[from] item: Leftovers\n|-heal|p1a: Don Flamenco|82\/100|[from] item: Leftovers\n|upkeep\n|turn|31\n|\n|t:|1698081875\n|move|p2a: Magearna|Draining Kiss|p1a: Don Flamenco\n|-damage|p1a: Don Flamenco|60\/100\n|move|p1a: Don Flamenco|Curse|p1a: Don Flamenco\n|-unboost|p1a: Don Flamenco|spe|1\n|-boost|p1a: Don Flamenco|atk|1\n|-boost|p1a: Don Flamenco|def|1\n|\n|-heal|p1a: Don Flamenco|66\/100|[from] item: Leftovers\n|upkeep\n|turn|32\n|\n|t:|1698081878\n|move|p2a: Magearna|Draining Kiss|p1a: Don Flamenco\n|-damage|p1a: Don Flamenco|44\/100\n|move|p1a: Don Flamenco|Curse|p1a: Don Flamenco\n|-unboost|p1a: Don Flamenco|spe|1\n|-boost|p1a: Don Flamenco|atk|1\n|-boost|p1a: Don Flamenco|def|1\n|\n|-heal|p1a: Don Flamenco|50\/100|[from] item: Leftovers\n|-end|p1a: Don Flamenco|Encore\n|upkeep\n|turn|33\n|\n|t:|1698081882\n|move|p2a: Magearna|Encore|p1a: Don Flamenco\n|-start|p1a: Don Flamenco|Encore\n|move|p1a: Don Flamenco|Curse|p1a: Don Flamenco\n|-unboost|p1a: Don Flamenco|spe|1\n|-boost|p1a: Don Flamenco|atk|1\n|-boost|p1a: Don Flamenco|def|1\n|\n|-heal|p1a: Don Flamenco|56\/100|[from] item: Leftovers\n|upkeep\n|turn|34\n|\n|t:|1698081885\n|move|p2a: Magearna|Draining Kiss|p1a: Don Flamenco\n|-damage|p1a: Don Flamenco|36\/100\n|move|p1a: Don Flamenco|Curse|p1a: Don Flamenco\n|-unboost|p1a: Don Flamenco|spe|1\n|-boost|p1a: Don Flamenco|atk|1\n|-boost|p1a: Don Flamenco|def|1\n|\n|-heal|p1a: Don Flamenco|42\/100|[from] item: Leftovers\n|upkeep\n|turn|35\n|\n|t:|1698081890\n|switch|p1a: Magqueerna|Magearna|100\/100\n|-damage|p1a: Magqueerna|75\/100|[from] Spikes\n|move|p2a: Magearna|Draining Kiss|p1a: Magqueerna\n|-resisted|p1a: Magqueerna\n|-damage|p1a: Magqueerna|55\/100\n|\n|-heal|p1a: Magqueerna|61\/100|[from] item: Leftovers\n|upkeep\n|turn|36\n|\n|t:|1698081897\n|move|p2a: Magearna|Ice Beam|p1a: Magqueerna\n|-resisted|p1a: Magqueerna\n|-damage|p1a: Magqueerna|33\/100\n|move|p1a: Magqueerna|Thunder Wave|p2a: Magearna\n|-status|p2a: Magearna|par\n|\n|-heal|p1a: Magqueerna|40\/100|[from] item: Leftovers\n|upkeep\n|turn|37\n|\n|t:|1698081906\n|move|p1a: Magqueerna|Flash Cannon|p2a: Magearna\n|-damage|p2a: Magearna|61\/100 par\n|move|p2a: Magearna|Ice Beam|p1a: Magqueerna\n|-resisted|p1a: Magqueerna\n|-damage|p1a: Magqueerna|11\/100\n|\n|-heal|p1a: Magqueerna|17\/100|[from] item: Leftovers\n|-heal|p2a: Magearna|67\/100 par|[from] item: Leftovers\n|upkeep\n|turn|38\n|\n|t:|1698081915\n|move|p1a: Magqueerna|Flash Cannon|p2a: Magearna\n|-damage|p2a: Magearna|27\/100 par\n|move|p2a: Magearna|Draining Kiss|p1a: Magqueerna\n|-resisted|p1a: Magqueerna\n|-damage|p1a: Magqueerna|0 fnt\n|-heal|p2a: Magearna|40\/100 par|[from] drain|[of] p1a: Magqueerna\n|faint|p1a: Magqueerna\n|-ability|p2a: Magearna|Soul-Heart|boost\n|-boost|p2a: Magearna|spa|1\n|\n|-heal|p2a: Magearna|46\/100 par|[from] item: Leftovers\n|upkeep\n|\n|t:|1698081920\n|switch|p1a: Kommo-oh no|Kommo-o, F|100\/100\n|-damage|p1a: Kommo-oh no|76\/100|[from] Spikes\n|turn|39\n|\n|t:|1698081926\n|move|p1a: Kommo-oh no|Aura Sphere|p2a: Magearna\n|-damage|p2a: Magearna|18\/100 par\n|cant|p2a: Magearna|par\n|\n|-heal|p2a: Magearna|24\/100 par|[from] item: Leftovers\n|upkeep\n|turn|40\n|\n|t:|1698081933\n|switch|p2a: Gholdengo|Gholdengo|79\/100 brn\n|move|p1a: Kommo-oh no|Aura Sphere|p2a: Gholdengo\n|-immune|p2a: Gholdengo\n|\n|-damage|p2a: Gholdengo|73\/100 brn|[from] brn\n|upkeep\n|turn|41\n|\n|t:|1698081941\n|-terastallize|p1a: Kommo-oh no|Normal\n|move|p1a: Kommo-oh no|Clangorous Soul|p1a: Kommo-oh no\n|-boost|p1a: Kommo-oh no|atk|1\n|-boost|p1a: Kommo-oh no|def|1\n|-boost|p1a: Kommo-oh no|spa|1\n|-boost|p1a: Kommo-oh no|spd|1\n|-boost|p1a: Kommo-oh no|spe|1\n|-damage|p1a: Kommo-oh no|43\/100\n|-enditem|p1a: Kommo-oh no|Throat Spray\n|-boost|p1a: Kommo-oh no|spa|1|[from] item: Throat Spray\n|move|p2a: Gholdengo|Make It Rain|p1a: Kommo-oh no\n|-damage|p1a: Kommo-oh no|0 fnt\n|-unboost|p2a: Gholdengo|spa|1\n|faint|p1a: Kommo-oh no\n|\n|-damage|p2a: Gholdengo|67\/100 brn|[from] brn\n|upkeep\n|\n|t:|1698081945\n|switch|p1a: Don Flamenco|Dondozo, F|42\/100\n|-damage|p1a: Don Flamenco|17\/100|[from] Spikes\n|turn|42\n|\n|t:|1698081958\n|move|p2a: Gholdengo|Shadow Ball|p1a: Don Flamenco\n|-damage|p1a: Don Flamenco|0 fnt\n|faint|p1a: Don Flamenco\n|\n|win|Leo Justice\n|c|\u2606Leo Justice|GG\n|l|\u2606AlicieLizzie\n|j|\u2606AlicieLizzie\n|player|p1|AlicieLizzie|marnie-masters3\n|l|\u2606AlicieLizzie\n|player|p1|\n","uploadtime":1698081963,"views":22,"p1id":"alicielizzie","p2id":"leojustice","formatid":"gen9ubers","rating":0,"private":0,"password":""}