{"id":"gen9ubers-1974002545","p1":"RiddleDog","p2":"Nuttyr","format":"[Gen 9] Ubers","log":"|j|\u2606RiddleDog\n|j|\u2606Nuttyr\n|t:|1698039859\n|gametype|singles\n|player|p1|RiddleDog|dawn-gen4pt|\n|player|p2|Nuttyr|lucas|\n|teamsize|p1|6\n|teamsize|p2|6\n|gen|9\n|tier|[Gen 9] Ubers\n|rule|Sleep Clause Mod: Limit one foe put to sleep\n|rule|Species Clause: Limit one of each Pok\u00e9mon\n|rule|OHKO Clause: OHKO moves are banned\n|rule|Evasion Items Clause: Evasion items are banned\n|rule|Evasion Moves Clause: Evasion moves are banned\n|rule|Endless Battle Clause: Forcing endless battles is banned\n|rule|HP Percentage Mod: HP is shown in percentages\n|clearpoke\n|poke|p1|Chi-Yu|\n|poke|p1|Meowscarada, M|\n|poke|p1|Iron Treads|\n|poke|p1|Zoroark-Hisui, M|\n|poke|p1|Kleavor, M|\n|poke|p1|Appletun, M|\n|poke|p2|Dipplin, F|\n|poke|p2|Ninetales-Alola, M|\n|poke|p2|Garganacl, F|\n|poke|p2|Samurott-Hisui, F|\n|poke|p2|Gholdengo|\n|poke|p2|Quaquaval, F|\n|teampreview\n|inactive|Battle timer is ON: inactive players will automatically lose when time's up. (requested by Nuttyr)\n|inactive|RiddleDog has 270 seconds left.\n|\n|t:|1698039890\n|start\n|switch|p1a: Morgana|Meowscarada, M, shiny|100\/100\n|switch|p2a: Samurott|Samurott-Hisui, F|100\/100\n|turn|1\n|inactive|RiddleDog has 270 seconds left.\n|\n|t:|1698039930\n|move|p2a: Samurott|Flip Turn|p1a: Morgana\n|-resisted|p1a: Morgana\n|-damage|p1a: Morgana|80\/100\n|\n|t:|1698039935\n|switch|p2a: Dipplin|Dipplin, F|100\/100|[from] Flip Turn\n|move|p1a: Morgana|Knock Off|p2a: Dipplin\n|-start|p1a: Morgana|typechange|Dark|[from] ability: Protean\n|-damage|p2a: Dipplin|60\/100\n|-activate|p2a: Dipplin|ability: Sticky Hold\n|\n|upkeep\n|turn|2\n|inactive|RiddleDog has 240 seconds left.\n|\n|t:|1698039974\n|move|p1a: Morgana|Knock Off|p2a: Dipplin\n|-damage|p2a: Dipplin|19\/100\n|-activate|p2a: Dipplin|ability: Sticky Hold\n|move|p2a: Dipplin|Recover|p2a: Dipplin\n|-heal|p2a: Dipplin|69\/100\n|\n|upkeep\n|turn|3\n|inactive|RiddleDog has 240 seconds left.\n|\n|t:|1698039987\n|switch|p1a: DA CLEAVAH|Kleavor, M|100\/100\n|move|p2a: Dipplin|Giga Drain|p1a: DA CLEAVAH\n|-damage|p1a: DA CLEAVAH|60\/100\n|-heal|p2a: Dipplin|84\/100|[from] drain|[of] p1a: DA CLEAVAH\n|\n|upkeep\n|turn|4\n|inactive|RiddleDog has 240 seconds left.\n|\n|t:|1698040009\n|switch|p2a: Gholdengo|Gholdengo|100\/100\n|-item|p2a: Gholdengo|Air Balloon\n|move|p1a: DA CLEAVAH|Stone Axe|p2a: Gholdengo\n|-resisted|p2a: Gholdengo\n|-damage|p2a: Gholdengo|77\/100\n|-enditem|p2a: Gholdengo|Air Balloon\n|-sidestart|p2: Nuttyr|move: Stealth Rock\n|\n|upkeep\n|turn|5\n|inactive|Nuttyr has 270 seconds left.\n|inactive|RiddleDog has 210 seconds left.\n|\n|t:|1698040035\n|switch|p1a: Matthew|Chi-Yu|100\/100\n|-ability|p1a: Matthew|Beads of Ruin\n|move|p2a: Gholdengo|Power Gem|p1a: Matthew\n|-supereffective|p1a: Matthew\n|-damage|p1a: Matthew|29\/100\n|\n|upkeep\n|turn|6\n|inactive|Nuttyr has 270 seconds left.\n|inactive|RiddleDog has 210 seconds left.\n|\n|t:|1698040079\n|move|p1a: Matthew|Dark Pulse|p2a: Gholdengo\n|-supereffective|p2a: Gholdengo\n|-damage|p2a: Gholdengo|0 fnt\n|faint|p2a: Gholdengo\n|\n|upkeep\n|\n|t:|1698040085\n|switch|p2a: Quaquaval|Quaquaval, F|100\/100\n|-damage|p2a: Quaquaval|94\/100|[from] Stealth Rock\n|turn|7\n|inactive|RiddleDog has 180 seconds left.\n|\n|t:|1698040112\n|switch|p1a: Honeycrisp|Appletun, M|100\/100\n|move|p2a: Quaquaval|Aqua Jet|p1a: Honeycrisp\n|-resisted|p1a: Honeycrisp\n|-damage|p1a: Honeycrisp|96\/100\n|\n|-heal|p1a: Honeycrisp|100\/100|[from] item: Leftovers\n|upkeep\n|turn|8\n|inactive|RiddleDog has 180 seconds left.\n|\n|t:|1698040137\n|switch|p2a: Ninetales|Ninetales-Alola, M|100\/100\n|-damage|p2a: Ninetales|76\/100|[from] Stealth Rock\n|-weather|Snow|[from] ability: Snow Warning|[of] p2a: Ninetales\n|move|p1a: Honeycrisp|Draco Meteor|p2a: Ninetales\n|-immune|p2a: Ninetales\n|\n|-weather|Snow|[upkeep]\n|upkeep\n|turn|9\n|inactive|RiddleDog has 150 seconds left.\n|\n|t:|1698040161\n|switch|p1a: Ralph|Iron Treads|100\/100\n|-enditem|p1a: Ralph|Booster Energy\n|-activate|p1a: Ralph|ability: Quark Drive|[fromitem]\n|-start|p1a: Ralph|quarkdrivespe\n|move|p2a: Ninetales|Aurora Veil|p2a: Ninetales\n|-sidestart|p2: Nuttyr|move: Aurora Veil\n|\n|-weather|Snow|[upkeep]\n|upkeep\n|turn|10\n|inactive|RiddleDog has 150 seconds left.\n|\n|t:|1698040177\n|switch|p2a: Garganacl|Garganacl, F|100\/100\n|-damage|p2a: Garganacl|88\/100|[from] Stealth Rock\n|move|p1a: Ralph|Earthquake|p2a: Garganacl\n|-supereffective|p2a: Garganacl\n|-damage|p2a: Garganacl|58\/100\n|\n|-weather|Snow|[upkeep]\n|-heal|p2a: Garganacl|64\/100|[from] item: Leftovers\n|upkeep\n|turn|11\n|inactive|RiddleDog has 150 seconds left.\n|\n|t:|1698040189\n|-terastallize|p2a: Garganacl|Water\n|move|p1a: Ralph|Earthquake|p2a: Garganacl\n|-damage|p2a: Garganacl|48\/100\n|move|p2a: Garganacl|Salt Cure|p1a: Ralph\n|-resisted|p1a: Ralph\n|-damage|p1a: Ralph|97\/100\n|-start|p1a: Ralph|Salt Cure\n|\n|-weather|Snow|[upkeep]\n|-heal|p2a: Garganacl|54\/100|[from] item: Leftovers\n|-damage|p1a: Ralph|73\/100|[from] Salt Cure\n|upkeep\n|turn|12\n|inactive|RiddleDog has 150 seconds left.\n|\n|t:|1698040208\n|-end|p1a: Ralph|Quark Drive|[silent]\n|switch|p1a: Honeycrisp|Appletun, M|100\/100\n|move|p2a: Garganacl|Stealth Rock|p1a: Honeycrisp\n|-sidestart|p1: RiddleDog|move: Stealth Rock\n|\n|-weather|none\n|-heal|p2a: Garganacl|60\/100|[from] item: Leftovers\n|upkeep\n|turn|13\n|inactive|RiddleDog has 150 seconds left.\n|\n|t:|1698040224\n|move|p1a: Honeycrisp|Grass Knot|p2a: Garganacl\n|-supereffective|p2a: Garganacl\n|-crit|p2a: Garganacl\n|-damage|p2a: Garganacl|0 fnt\n|faint|p2a: Garganacl\n|\n|upkeep\n|inactive|Nuttyr has 240 seconds left.\n|\n|t:|1698040244\n|switch|p2a: Ninetales|Ninetales-Alola, M|76\/100\n|-damage|p2a: Ninetales|51\/100|[from] Stealth Rock\n|-weather|Snow|[from] ability: Snow Warning|[of] p2a: Ninetales\n|turn|14\n|inactive|RiddleDog has 150 seconds left.\n|inactive|RiddleDog has 120 seconds left.\n|\n|t:|1698040290\n|switch|p1a: DA CLEAVAH|Kleavor, M|60\/100\n|move|p2a: Ninetales|Blizzard|p1a: DA CLEAVAH\n|-damage|p1a: DA CLEAVAH|7\/100\n|\n|-weather|Snow|[upkeep]\n|upkeep\n|turn|15\n|\n|t:|1698040298\n|move|p2a: Ninetales|Blizzard|p1a: DA CLEAVAH\n|-damage|p1a: DA CLEAVAH|0 fnt\n|faint|p1a: DA CLEAVAH\n|\n|-weather|Snow|[upkeep]\n|upkeep\n|\n|t:|1698040321\n|switch|p1a: Morgana|Meowscarada, M, shiny|100\/100\n|-damage|p1a: Morgana|88\/100|[from] Stealth Rock\n|turn|16\n|inactive|Nuttyr has 240 seconds left.\n|\n|t:|1698040354\n|switch|p2a: Samurott|Samurott-Hisui, F|100\/100\n|-damage|p2a: Samurott|88\/100|[from] Stealth Rock\n|move|p1a: Morgana|Flamethrower|p2a: Samurott\n|-resisted|p2a: Samurott\n|-damage|p2a: Samurott|77\/100\n|\n|-weather|Snow|[upkeep]\n|-sideend|p2: Nuttyr|move: Aurora Veil\n|upkeep\n|turn|17\n|\n|t:|1698040363\n|move|p2a: Samurott|Ceaseless Edge|p1a: Morgana\n|-supereffective|p1a: Morgana\n|-damage|p1a: Morgana|0 fnt\n|replace|p1a: Henri|Zoroark-Hisui, M\n|-end|p1a: Henri|Illusion\n|-sidestart|p1: RiddleDog|Spikes\n|faint|p1a: Henri\n|\n|-weather|Snow|[upkeep]\n|upkeep\n|\n|t:|1698040371\n|switch|p1a: Honeycrisp|Appletun, M|100\/100\n|-damage|p1a: Honeycrisp|88\/100|[from] Stealth Rock\n|-damage|p1a: Honeycrisp|76\/100|[from] Spikes\n|turn|18\n|\n|t:|1698040394\n|move|p2a: Samurott|Ceaseless Edge|p1a: Honeycrisp\n|-damage|p1a: Honeycrisp|43\/100\n|-sidestart|p1: RiddleDog|Spikes\n|move|p1a: Honeycrisp|Apple Acid|p2a: Samurott\n|-supereffective|p2a: Samurott\n|-damage|p2a: Samurott|8\/100\n|-unboost|p2a: Samurott|spd|1\n|\n|-weather|none\n|-heal|p1a: Honeycrisp|49\/100|[from] item: Leftovers\n|upkeep\n|turn|19\n|\n|t:|1698040404\n|move|p2a: Samurott|Ceaseless Edge|p1a: Honeycrisp\n|-crit|p1a: Honeycrisp\n|-damage|p1a: Honeycrisp|0 fnt\n|-sidestart|p1: RiddleDog|Spikes\n|faint|p1a: Honeycrisp\n|\n|upkeep\n|inactive|RiddleDog has 90 seconds left.\n|\n|t:|1698040429\n|switch|p1a: Ralph|Iron Treads|73\/100\n|-damage|p1a: Ralph|69\/100|[from] Stealth Rock\n|-damage|p1a: Ralph|45\/100|[from] Spikes\n|turn|20\n|inactive|RiddleDog has 90 seconds left.\n|\n|t:|1698040447\n|move|p2a: Samurott|Ceaseless Edge|p1a: Ralph\n|-damage|p1a: Ralph|5\/100\n|move|p1a: Ralph|Earthquake|p2a: Samurott\n|-damage|p2a: Samurott|0 fnt\n|faint|p2a: Samurott\n|\n|upkeep\n|\n|t:|1698040460\n|switch|p2a: Quaquaval|Quaquaval, F|94\/100\n|-damage|p2a: Quaquaval|88\/100|[from] Stealth Rock\n|turn|21\n|inactive|RiddleDog has 90 seconds left.\n|\n|t:|1698040472\n|move|p1a: Ralph|Earthquake|p2a: Quaquaval\n|-damage|p2a: Quaquaval|30\/100\n|move|p2a: Quaquaval|Aqua Step|p1a: Ralph\n|-supereffective|p1a: Ralph\n|-damage|p1a: Ralph|0 fnt\n|-boost|p2a: Quaquaval|spe|1\n|faint|p1a: Ralph\n|-end|p1a: Ralph|Quark Drive|[silent]\n|-ability|p2a: Quaquaval|Moxie|boost\n|-boost|p2a: Quaquaval|atk|1\n|\n|upkeep\n|inactive|RiddleDog has 90 seconds left.\n|\n|t:|1698040487\n|switch|p1a: Morgana|Meowscarada, M, shiny|80\/100\n|-damage|p1a: Morgana|68\/100|[from] Stealth Rock\n|-damage|p1a: Morgana|43\/100|[from] Spikes\n|turn|22\n|inactive|RiddleDog has 90 seconds left.\n|\n|t:|1698040498\n|move|p2a: Quaquaval|Close Combat|p1a: Morgana\n|-supereffective|p1a: Morgana\n|-damage|p1a: Morgana|0 fnt\n|-unboost|p2a: Quaquaval|def|1\n|-unboost|p2a: Quaquaval|spd|1\n|faint|p1a: Morgana\n|-ability|p2a: Quaquaval|Moxie|boost\n|-boost|p2a: Quaquaval|atk|1\n|\n|upkeep\n|\n|t:|1698040501\n|switch|p1a: Matthew|Chi-Yu|29\/100\n|-damage|p1a: Matthew|4\/100|[from] Stealth Rock\n|-damage|p1a: Matthew|0 fnt|[from] Spikes\n|faint|p1a: Matthew\n|\n|win|Nuttyr\n","uploadtime":1698040518,"views":13,"p1id":"riddledog","p2id":"nuttyr","formatid":"gen9ubers","rating":0,"private":0,"password":""}