{"id":"gen9ubers-1976927678","p1":"Msjsjaka","p2":"GomathR","format":"[Gen 9] Ubers","log":"|j|\u2606Msjsjaka\n|j|\u2606GomathR\n|t:|1698353201\n|gametype|singles\n|player|p1|Msjsjaka|169|1029\n|player|p2|GomathR|n-masters3|1245\n|teamsize|p1|6\n|teamsize|p2|6\n|gen|9\n|tier|[Gen 9] Ubers\n|rated|\n|rule|Sleep Clause Mod: Limit one foe put to sleep\n|rule|Species Clause: Limit one of each Pok\u00e9mon\n|rule|OHKO Clause: OHKO moves are banned\n|rule|Evasion Items Clause: Evasion items are banned\n|rule|Evasion Moves Clause: Evasion moves are banned\n|rule|Endless Battle Clause: Forcing endless battles is banned\n|rule|HP Percentage Mod: HP is shown in percentages\n|clearpoke\n|poke|p1|Zacian-*|\n|poke|p1|Charizard, F|\n|poke|p1|Dialga-Origin|\n|poke|p1|Rayquaza|\n|poke|p1|Gengar, M|\n|poke|p1|Flutter Mane|\n|poke|p2|Arceus|\n|poke|p2|Kyogre|\n|poke|p2|Darkrai|\n|poke|p2|Miraidon|\n|poke|p2|Flutter Mane|\n|poke|p2|Spectrier|\n|teampreview\n|inactive|Battle timer is ON: inactive players will automatically lose when time's up. (requested by GomathR)\n|\n|t:|1698353209\n|start\n|switch|p1a: Flutter Mane|Flutter Mane|100\/100\n|switch|p2a: Kyogre|Kyogre|100\/100\n|-weather|RainDance|[from] ability: Drizzle|[of] p2a: Kyogre\n|turn|1\n|inactive|GomathR has 120 seconds left.\n|\n|t:|1698353240\n|move|p2a: Kyogre|Water Spout|p1a: Flutter Mane\n|-enditem|p1a: Flutter Mane|Focus Sash\n|-damage|p1a: Flutter Mane|1\/100\n|move|p1a: Flutter Mane|Thunder|p2a: Kyogre\n|-supereffective|p2a: Kyogre\n|-damage|p2a: Kyogre|44\/100\n|\n|-weather|RainDance|[upkeep]\n|upkeep\n|turn|2\n|inactive|GomathR has 120 seconds left.\n|\n|t:|1698353267\n|switch|p2a: Flutter Mane|Flutter Mane|100\/100\n|-enditem|p2a: Flutter Mane|Booster Energy\n|-activate|p2a: Flutter Mane|ability: Protosynthesis|[fromitem]\n|-start|p2a: Flutter Mane|protosynthesisspe\n|move|p1a: Flutter Mane|Thunder|p2a: Flutter Mane\n|-damage|p2a: Flutter Mane|67\/100\n|\n|-weather|RainDance|[upkeep]\n|upkeep\n|turn|3\n|\n|t:|1698353286\n|move|p2a: Flutter Mane|Shadow Ball|p1a: Flutter Mane\n|-supereffective|p1a: Flutter Mane\n|-damage|p1a: Flutter Mane|0 fnt\n|faint|p1a: Flutter Mane\n|-end|p1a: Flutter Mane|Protosynthesis|[silent]\n|\n|-weather|RainDance|[upkeep]\n|upkeep\n|\n|t:|1698353293\n|switch|p1a: Zacian|Zacian-Crowned|100\/100\n|-ability|p1a: Zacian|Intrepid Sword|boost\n|-boost|p1a: Zacian|atk|1\n|turn|4\n|inactive|GomathR has 120 seconds left.\n|\n|t:|1698353306\n|move|p2a: Flutter Mane|Shadow Ball|p1a: Zacian\n|-damage|p1a: Zacian|63\/100\n|-unboost|p1a: Zacian|spd|1\n|move|p1a: Zacian|Moonblast|p2a: Flutter Mane\n|-damage|p2a: Flutter Mane|38\/100\n|-unboost|p2a: Flutter Mane|spa|1\n|\n|-weather|RainDance|[upkeep]\n|upkeep\n|turn|5\n|inactive|GomathR has 120 seconds left.\n|inactive|Msjsjaka has 120 seconds left.\n|\n|t:|1698353329\n|move|p2a: Flutter Mane|Mystical Fire|p1a: Zacian\n|-supereffective|p1a: Zacian\n|-damage|p1a: Zacian|43\/100\n|-unboost|p1a: Zacian|spa|1\n|move|p1a: Zacian|Moonblast|p2a: Flutter Mane\n|-damage|p2a: Flutter Mane|15\/100\n|-unboost|p2a: Flutter Mane|spa|1\n|\n|-weather|none\n|upkeep\n|turn|6\n|inactive|Msjsjaka has 120 seconds left.\n|inactive|GomathR has 120 seconds left.\n|\n|t:|1698353341\n|move|p2a: Flutter Mane|Mystical Fire|p1a: Zacian\n|-supereffective|p1a: Zacian\n|-damage|p1a: Zacian|8\/100\n|-unboost|p1a: Zacian|spa|1\n|move|p1a: Zacian|Moonblast|p2a: Flutter Mane\n|-damage|p2a: Flutter Mane|0 fnt\n|faint|p2a: Flutter Mane\n|-end|p2a: Flutter Mane|Protosynthesis|[silent]\n|\n|upkeep\n|inactive|GomathR has 120 seconds left.\n|\n|t:|1698353350\n|switch|p2a: Kyogre|Kyogre|44\/100\n|-weather|RainDance|[from] ability: Drizzle|[of] p2a: Kyogre\n|turn|7\n|\n|t:|1698353363\n|switch|p1a: Charizard|Charizard, F|100\/100\n|move|p2a: Kyogre|Origin Pulse|p1a: Charizard\n|-supereffective|p1a: Charizard\n|-enditem|p1a: Charizard|Focus Sash\n|-damage|p1a: Charizard|1\/100\n|\n|-weather|RainDance|[upkeep]\n|upkeep\n|turn|8\n|\n|t:|1698353378\n|move|p2a: Kyogre|Origin Pulse|p1a: Charizard\n|-supereffective|p1a: Charizard\n|-damage|p1a: Charizard|0 fnt\n|faint|p1a: Charizard\n|\n|-weather|RainDance|[upkeep]\n|upkeep\n|\n|t:|1698353385\n|switch|p1a: Gengar|Gengar, M|100\/100\n|turn|9\n|\n|t:|1698353393\n|move|p2a: Kyogre|Origin Pulse|p1a: Gengar\n|-damage|p1a: Gengar|0 fnt\n|-start|p2a: Kyogre|Disable|Origin Pulse|[from] ability: Cursed Body|[of] p1a: Gengar\n|faint|p1a: Gengar\n|\n|-weather|RainDance|[upkeep]\n|upkeep\n|\n|t:|1698353401\n|switch|p1a: Dialga|Dialga-Origin|100\/100\n|-ability|p1a: Dialga|Pressure\n|turn|10\n|\n|t:|1698353408\n|switch|p2a: Arceus|Arceus|100\/100\n|move|p1a: Dialga|Draco Meteor|p2a: Arceus\n|-damage|p2a: Arceus|44\/100\n|-unboost|p1a: Dialga|spa|2\n|\n|-weather|RainDance|[upkeep]\n|upkeep\n|turn|11\n|\n|t:|1698353419\n|move|p2a: Arceus|Taunt|p1a: Dialga\n|-start|p1a: Dialga|move: Taunt\n|move|p1a: Dialga|Draco Meteor|p2a: Arceus\n|-damage|p2a: Arceus|14\/100\n|-unboost|p1a: Dialga|spa|2\n|\n|-weather|none\n|upkeep\n|turn|12\n|\n|t:|1698353430\n|move|p2a: Arceus|Shadow Claw|p1a: Dialga\n|-damage|p1a: Dialga|82\/100\n|move|p1a: Dialga|Draco Meteor|p2a: Arceus\n|-damage|p2a: Arceus|0 fnt\n|-unboost|p1a: Dialga|spa|2\n|faint|p2a: Arceus\n|\n|upkeep\n|\n|t:|1698353438\n|switch|p2a: Spectrier|Spectrier|100\/100\n|turn|13\n|\n|t:|1698353448\n|move|p2a: Spectrier|Substitute|p2a: Spectrier\n|-start|p2a: Spectrier|Substitute\n|-damage|p2a: Spectrier|76\/100\n|move|p1a: Dialga|Draco Meteor|p2a: Spectrier\n|-activate|p2a: Spectrier|move: Substitute|[damage]\n|\n|-heal|p2a: Spectrier|82\/100|[from] item: Leftovers\n|-end|p1a: Dialga|move: Taunt\n|upkeep\n|turn|14\n|\n|t:|1698353462\n|-terastallize|p2a: Spectrier|Fairy\n|move|p2a: Spectrier|Nasty Plot|p2a: Spectrier\n|-boost|p2a: Spectrier|spa|2\n|move|p1a: Dialga|Earthquake|p2a: Spectrier\n|-end|p2a: Spectrier|Substitute\n|\n|-heal|p2a: Spectrier|88\/100|[from] item: Leftovers\n|upkeep\n|turn|15\n|inactive|GomathR has 120 seconds left.\n|inactive|GomathR has 90 seconds left.\n|inactive|GomathR has 60 seconds left.\n|\n|t:|1698353574\n|move|p2a: Spectrier|Draining Kiss|p1a: Dialga\n|-crit|p1a: Dialga\n|-damage|p1a: Dialga|2\/100\n|-heal|p2a: Spectrier|100\/100|[from] drain|[of] p1a: Dialga\n|move|p1a: Dialga|Draco Meteor|p2a: Spectrier\n|-immune|p2a: Spectrier\n|\n|upkeep\n|turn|16\n|\n|t:|1698353588\n|move|p2a: Spectrier|Nasty Plot|p2a: Spectrier\n|-boost|p2a: Spectrier|spa|2\n|move|p1a: Dialga|Earthquake|p2a: Spectrier\n|-damage|p2a: Spectrier|64\/100\n|\n|-heal|p2a: Spectrier|70\/100|[from] item: Leftovers\n|upkeep\n|turn|17\n|\n|t:|1698353601\n|move|p2a: Spectrier|Draining Kiss|p1a: Dialga\n|-damage|p1a: Dialga|0 fnt\n|-heal|p2a: Spectrier|71\/100|[from] drain|[of] p1a: Dialga\n|faint|p1a: Dialga\n|-ability|p2a: Spectrier|Grim Neigh|boost\n|-boost|p2a: Spectrier|spa|1\n|\n|-heal|p2a: Spectrier|78\/100|[from] item: Leftovers\n|upkeep\n|\n|t:|1698353610\n|switch|p1a: Zacian|Zacian-Crowned|8\/100\n|turn|18\n|\n|t:|1698353615\n|move|p2a: Spectrier|Shadow Ball|p1a: Zacian\n|-damage|p1a: Zacian|0 fnt\n|faint|p1a: Zacian\n|-ability|p2a: Spectrier|Grim Neigh|boost\n|-boost|p2a: Spectrier|spa|1\n|\n|-heal|p2a: Spectrier|84\/100|[from] item: Leftovers\n|upkeep\n|\n|t:|1698353624\n|switch|p1a: Rayquaza|Rayquaza|100\/100\n|-ability|p1a: Rayquaza|Air Lock\n|turn|19\n|\n|t:|1698353632\n|move|p2a: Spectrier|Draining Kiss|p1a: Rayquaza\n|-supereffective|p1a: Rayquaza\n|-damage|p1a: Rayquaza|0 fnt\n|-heal|p2a: Spectrier|100\/100|[from] drain|[of] p1a: Rayquaza\n|faint|p1a: Rayquaza\n|\n|win|GomathR\n|raw|Msjsjaka's rating: 1029 &rarr; <strong>1023<\/strong><br \/>(-6 for losing)\n|raw|GomathR's rating: 1245 &rarr; <strong>1256<\/strong><br \/>(+11 for winning)\n","uploadtime":1698353641,"views":6,"p1id":"msjsjaka","p2id":"gomathr","formatid":"gen9ubers","rating":1023,"private":0,"password":""}