{"id":"gen9ubers-1987137686","p1":"Jorgensax","p2":"dkap","format":"[Gen 9] Ubers","log":"|j|\u2606Jorgensax\n|j|\u2606dkap\n|t:|1699559180\n|gametype|singles\n|player|p1|Jorgensax|giovanni|\n|player|p2|dkap|101|\n|teamsize|p1|6\n|teamsize|p2|6\n|gen|9\n|tier|[Gen 9] Ubers\n|rule|Sleep Clause Mod: Limit one foe put to sleep\n|rule|Species Clause: Limit one of each Pok\u00e9mon\n|rule|OHKO Clause: OHKO moves are banned\n|rule|Evasion Items Clause: Evasion items are banned\n|rule|Evasion Moves Clause: Evasion moves are banned\n|rule|Endless Battle Clause: Forcing endless battles is banned\n|rule|HP Percentage Mod: HP is shown in percentages\n|clearpoke\n|poke|p1|Scizor, M|\n|poke|p1|Great Tusk|\n|poke|p1|Rotom-Mow|\n|poke|p1|Lycanroc-Dusk, F|\n|poke|p1|Dachsbun, F|\n|poke|p1|Arcanine, M|\n|poke|p2|Volcarona, M|\n|poke|p2|Rotom-Wash|\n|poke|p2|Wo-Chien|\n|poke|p2|Garganacl, M|\n|poke|p2|Polteageist|\n|poke|p2|Copperajah, M|\n|teampreview\n|c|\u2606dkap|glhf\n|c|\u2606Jorgensax|u 2\n|c|\u2606dkap|long LONG awaited finals\n|j| PorygonTheBot\n|c| PorygonTheBot|Porygon has digitized into the match... booting up... successfully calibrating stats!\n|j| Seth the Nerd\n|c|\u2606Jorgensax|the very long awaited\n|c|\u2606dkap|fr\n|\n|t:|1699559253\n|start\n|switch|p1a: Buzzcut|Rotom-Mow, shiny|100\/100\n|switch|p2a: Jah|Copperajah, M|100\/100\n|turn|1\n|j| Mkap\n|l| Mkap\n|\n|t:|1699559264\n|move|p1a: Buzzcut|Volt Switch|p2a: Jah\n|-damage|p2a: Jah|76\/100\n|\n|t:|1699559272\n|switch|p1a: Grave Digger|Great Tusk|100\/100|[from] Volt Switch\n|move|p2a: Jah|Stealth Rock|p1a: Grave Digger\n|-sidestart|p1: Jorgensax|move: Stealth Rock\n|\n|-heal|p2a: Jah|83\/100|[from] item: Leftovers\n|upkeep\n|turn|2\n|c|\u2606dkap|yee yee ass haircut\n|\n|t:|1699559282\n|move|p2a: Jah|Protect|p2a: Jah\n|-singleturn|p2a: Jah|Protect\n|move|p1a: Grave Digger|Stealth Rock|p2a: Jah\n|-sidestart|p2: dkap|move: Stealth Rock\n|\n|-heal|p2a: Jah|89\/100|[from] item: Leftovers\n|upkeep\n|turn|3\n|c|\u2606Jorgensax|the jah\n|\n|t:|1699559306\n|switch|p2a: Sweeper|Volcarona, M|100\/100\n|-damage|p2a: Sweeper|51\/100|[from] Stealth Rock\n|move|p1a: Grave Digger|Knock Off|p2a: Sweeper\n|-damage|p2a: Sweeper|0 fnt\n|-enditem|p2a: Sweeper|Leftovers|[from] move: Knock Off|[of] p1a: Grave Digger\n|faint|p2a: Sweeper\n|\n|upkeep\n|\n|t:|1699559312\n|switch|p2a: T-Cup|Polteageist|100\/100\n|-damage|p2a: T-Cup|88\/100|[from] Stealth Rock\n|turn|4\n|c|\u2606Jorgensax|NO BOOTS\n|c|\u2606dkap|boots not needed\n|c|\u2606dkap|also I forgot that item exists maybe\n|c|\u2606Jorgensax|lol\n|\n|t:|1699559350\n|-terastallize|p2a: T-Cup|Fighting\n|move|p2a: T-Cup|Shadow Ball|p1a: Grave Digger\n|-damage|p1a: Grave Digger|34\/100\n|move|p1a: Grave Digger|Headlong Rush|p2a: T-Cup\n|-damage|p2a: T-Cup|0 fnt\n|-unboost|p1a: Grave Digger|def|1\n|-unboost|p1a: Grave Digger|spd|1\n|faint|p2a: T-Cup\n|\n|-heal|p1a: Grave Digger|40\/100|[from] item: Leftovers\n|upkeep\n|\n|t:|1699559361\n|switch|p2a: Washin|Rotom-Wash|100\/100\n|-damage|p2a: Washin|88\/100|[from] Stealth Rock\n|turn|5\n|\n|t:|1699559367\n|-end|p1a: Grave Digger|Protosynthesis|[silent]\n|switch|p1a: Buzzcut|Rotom-Mow, shiny|100\/100\n|-damage|p1a: Buzzcut|88\/100|[from] Stealth Rock\n|move|p2a: Washin|Protect||[still]\n|-fail|p2a: Washin\n|\n|-heal|p2a: Washin|94\/100|[from] item: Leftovers\n|upkeep\n|turn|6\n|c|\u2606Jorgensax|u doing doubles or what\n|c|\u2606dkap|yea\n|\n|t:|1699559393\n|move|p2a: Washin|Protect|p2a: Washin\n|-singleturn|p2a: Washin|Protect\n|move|p1a: Buzzcut|Volt Switch|p2a: Washin\n|-activate|p2a: Washin|move: Protect\n|\n|-heal|p2a: Washin|100\/100|[from] item: Leftovers\n|upkeep\n|turn|7\n|c|\u2606dkap|did I prep for wrong format\n|\n|t:|1699559397\n|switch|p2a: LIVE REACTION|Wo-Chien|100\/100\n|-damage|p2a: LIVE REACTION|88\/100|[from] Stealth Rock\n|-ability|p2a: LIVE REACTION|Tablets of Ruin\n|move|p1a: Buzzcut|Volt Switch|p2a: LIVE REACTION\n|-resisted|p2a: LIVE REACTION\n|-damage|p2a: LIVE REACTION|77\/100\n|\n|t:|1699559405\n|switch|p1a: Ultron|Scizor, M, shiny|100\/100|[from] Volt Switch\n|-damage|p1a: Ultron|88\/100|[from] Stealth Rock\n|\n|-heal|p2a: LIVE REACTION|83\/100|[from] item: Leftovers\n|upkeep\n|turn|8\n|\n|t:|1699559413\n|switch|p2a: Top Guy|Garganacl, M|100\/100\n|-damage|p2a: Top Guy|88\/100|[from] Stealth Rock\n|move|p1a: Ultron|U-turn|p2a: Top Guy\n|-damage|p2a: Top Guy|58\/100\n|\n|t:|1699559420\n|switch|p1a: Buzzcut|Rotom-Mow, shiny|88\/100|[from] U-turn\n|-damage|p1a: Buzzcut|76\/100|[from] Stealth Rock\n|\n|-heal|p2a: Top Guy|64\/100|[from] item: Leftovers\n|upkeep\n|turn|9\n|\n|t:|1699559433\n|move|p2a: Top Guy|Protect|p2a: Top Guy\n|-singleturn|p2a: Top Guy|Protect\n|move|p1a: Buzzcut|Volt Switch|p2a: Top Guy\n|-activate|p2a: Top Guy|move: Protect\n|\n|-heal|p2a: Top Guy|71\/100|[from] item: Leftovers\n|upkeep\n|turn|10\n|\n|t:|1699559438\n|switch|p2a: Jah|Copperajah, M|89\/100\n|-damage|p2a: Jah|83\/100|[from] Stealth Rock\n|move|p1a: Buzzcut|Volt Switch|p2a: Jah\n|-damage|p2a: Jah|60\/100\n|c|\u2606Jorgensax|whats with all the protect\n|c|\u2606dkap|I thought this was doubles\n|c|\u2606dkap|mb king\n|\n|t:|1699559452\n|switch|p1a: Grave Digger|Great Tusk|40\/100|[from] Volt Switch\n|-damage|p1a: Grave Digger|37\/100|[from] Stealth Rock\n|\n|-heal|p1a: Grave Digger|43\/100|[from] item: Leftovers\n|-heal|p2a: Jah|67\/100|[from] item: Leftovers\n|upkeep\n|turn|11\n|\n|t:|1699559461\n|move|p2a: Jah|Protect|p2a: Jah\n|-singleturn|p2a: Jah|Protect\n|move|p1a: Grave Digger|Close Combat|p2a: Jah\n|-activate|p2a: Jah|move: Protect\n|\n|-heal|p1a: Grave Digger|50\/100|[from] item: Leftovers\n|-heal|p2a: Jah|73\/100|[from] item: Leftovers\n|upkeep\n|turn|12\n|\n|t:|1699559475\n|switch|p2a: Top Guy|Garganacl, M|71\/100\n|-damage|p2a: Top Guy|58\/100|[from] Stealth Rock\n|move|p1a: Grave Digger|Close Combat|p2a: Top Guy\n|-supereffective|p2a: Top Guy\n|-damage|p2a: Top Guy|0 fnt\n|-unboost|p1a: Grave Digger|def|1\n|-unboost|p1a: Grave Digger|spd|1\n|faint|p2a: Top Guy\n|\n|-heal|p1a: Grave Digger|56\/100|[from] item: Leftovers\n|upkeep\n|\n|t:|1699559477\n|switch|p2a: Washin|Rotom-Wash|100\/100\n|-damage|p2a: Washin|88\/100|[from] Stealth Rock\n|turn|13\n|\n|t:|1699559494\n|-end|p1a: Grave Digger|Protosynthesis|[silent]\n|switch|p1a: Buzzcut|Rotom-Mow, shiny|76\/100\n|-damage|p1a: Buzzcut|64\/100|[from] Stealth Rock\n|move|p2a: Washin|Volt Switch|p1a: Buzzcut\n|-resisted|p1a: Buzzcut\n|-damage|p1a: Buzzcut|56\/100\n|\n|t:|1699559500\n|switch|p2a: Jah|Copperajah, M|73\/100|[from] Volt Switch\n|-damage|p2a: Jah|67\/100|[from] Stealth Rock\n|\n|-heal|p2a: Jah|73\/100|[from] item: Leftovers\n|upkeep\n|turn|14\n|\n|t:|1699559508\n|move|p1a: Buzzcut|Volt Switch|p2a: Jah\n|-damage|p2a: Jah|50\/100\n|\n|t:|1699559512\n|switch|p1a: Axo|Arcanine, M|100\/100|[from] Volt Switch\n|-ability|p1a: Axo|Intimidate|boost\n|-unboost|p2a: Jah|atk|1\n|move|p2a: Jah|Heavy Slam|p1a: Axo\n|-resisted|p1a: Axo\n|-crit|p1a: Axo\n|-damage|p1a: Axo|62\/100\n|\n|-heal|p2a: Jah|56\/100|[from] item: Leftovers\n|upkeep\n|turn|15\n|\n|t:|1699559523\n|move|p2a: Jah|Protect|p2a: Jah\n|-singleturn|p2a: Jah|Protect\n|move|p1a: Axo|Will-O-Wisp|p2a: Jah\n|-activate|p2a: Jah|move: Protect\n|\n|-heal|p2a: Jah|63\/100|[from] item: Leftovers\n|upkeep\n|turn|16\n|\n|t:|1699559529\n|switch|p2a: Washin|Rotom-Wash|88\/100\n|-damage|p2a: Washin|75\/100|[from] Stealth Rock\n|move|p1a: Axo|Will-O-Wisp|p2a: Washin\n|-status|p2a: Washin|brn\n|\n|-heal|p2a: Washin|82\/100 brn|[from] item: Leftovers\n|-damage|p2a: Washin|75\/100 brn|[from] brn\n|upkeep\n|turn|17\n|\n|t:|1699559546\n|switch|p1a: Vera|Dachsbun, F|100\/100\n|-damage|p1a: Vera|88\/100|[from] Stealth Rock\n|move|p2a: Washin|Volt Switch|p1a: Vera\n|-damage|p1a: Vera|54\/100\n|\n|t:|1699559549\n|switch|p2a: Jah|Copperajah, M|63\/100|[from] Volt Switch\n|-damage|p2a: Jah|56\/100|[from] Stealth Rock\n|\n|-heal|p1a: Vera|60\/100|[from] item: Leftovers\n|-heal|p2a: Jah|63\/100|[from] item: Leftovers\n|upkeep\n|turn|18\n|\n|t:|1699559557\n|switch|p1a: Axo|Arcanine, M|62\/100\n|-ability|p1a: Axo|Intimidate|boost\n|-unboost|p2a: Jah|atk|1\n|move|p2a: Jah|Heavy Slam|p1a: Axo\n|-resisted|p1a: Axo\n|-damage|p1a: Axo|43\/100\n|\n|-heal|p2a: Jah|69\/100|[from] item: Leftovers\n|upkeep\n|turn|19\n|\n|t:|1699559563\n|move|p2a: Jah|Protect|p2a: Jah\n|-singleturn|p2a: Jah|Protect\n|move|p1a: Axo|Morning Sun|p1a: Axo\n|-heal|p1a: Axo|93\/100\n|\n|-heal|p2a: Jah|75\/100|[from] item: Leftovers\n|upkeep\n|turn|20\n|\n|t:|1699559568\n|switch|p2a: Washin|Rotom-Wash|75\/100 brn\n|-damage|p2a: Washin|63\/100 brn|[from] Stealth Rock\n|move|p1a: Axo|Flare Blitz|p2a: Washin\n|-resisted|p2a: Washin\n|-damage|p2a: Washin|43\/100 brn\n|-damage|p1a: Axo|88\/100|[from] Recoil\n|\n|-heal|p2a: Washin|49\/100 brn|[from] item: Leftovers\n|-damage|p2a: Washin|43\/100 brn|[from] brn\n|upkeep\n|turn|21\n|\n|t:|1699559592\n|switch|p1a: Buzzcut|Rotom-Mow, shiny|56\/100\n|-damage|p1a: Buzzcut|44\/100|[from] Stealth Rock\n|move|p2a: Washin|Hydro Pump|p1a: Buzzcut\n|-resisted|p1a: Buzzcut\n|-damage|p1a: Buzzcut|23\/100\n|\n|-heal|p2a: Washin|49\/100 brn|[from] item: Leftovers\n|-damage|p2a: Washin|43\/100 brn|[from] brn\n|upkeep\n|turn|22\n|\n|t:|1699559598\n|move|p2a: Washin|Protect|p2a: Washin\n|-singleturn|p2a: Washin|Protect\n|move|p1a: Buzzcut|Volt Switch|p2a: Washin\n|-activate|p2a: Washin|move: Protect\n|\n|-heal|p2a: Washin|49\/100 brn|[from] item: Leftovers\n|-damage|p2a: Washin|43\/100 brn|[from] brn\n|upkeep\n|turn|23\n|\n|t:|1699559603\n|move|p1a: Buzzcut|Volt Switch|p2a: Washin\n|-damage|p2a: Washin|9\/100 brn\n|\n|t:|1699559609\n|switch|p1a: Vera|Dachsbun, F|60\/100|[from] Volt Switch\n|-damage|p1a: Vera|48\/100|[from] Stealth Rock\n|move|p2a: Washin|Volt Switch|p1a: Vera\n|-damage|p1a: Vera|17\/100\n|\n|t:|1699559614\n|switch|p2a: Jah|Copperajah, M|75\/100|[from] Volt Switch\n|-damage|p2a: Jah|69\/100|[from] Stealth Rock\n|\n|-heal|p1a: Vera|23\/100|[from] item: Leftovers\n|-heal|p2a: Jah|75\/100|[from] item: Leftovers\n|upkeep\n|turn|24\n|\n|t:|1699559623\n|switch|p1a: Axo|Arcanine, M|88\/100\n|-ability|p1a: Axo|Intimidate|boost\n|-unboost|p2a: Jah|atk|1\n|move|p2a: Jah|Earthquake|p1a: Axo\n|-supereffective|p1a: Axo\n|-damage|p1a: Axo|50\/100\n|\n|-heal|p2a: Jah|81\/100|[from] item: Leftovers\n|upkeep\n|turn|25\n|\n|t:|1699559638\n|switch|p2a: Washin|Rotom-Wash|9\/100 brn\n|-damage|p2a: Washin|0 fnt|[from] Stealth Rock\n|faint|p2a: Washin\n|move|p1a: Axo|Morning Sun|p1a: Axo\n|-heal|p1a: Axo|99\/100\n|\n|upkeep\n|\n|t:|1699559642\n|switch|p2a: LIVE REACTION|Wo-Chien|83\/100\n|-damage|p2a: LIVE REACTION|71\/100|[from] Stealth Rock\n|-ability|p2a: LIVE REACTION|Tablets of Ruin\n|turn|26\n|\n|t:|1699559650\n|move|p1a: Axo|Will-O-Wisp|p2a: LIVE REACTION\n|-status|p2a: LIVE REACTION|brn\n|move|p2a: LIVE REACTION|Foul Play|p1a: Axo\n|-damage|p1a: Axo|77\/100\n|\n|-heal|p2a: LIVE REACTION|77\/100 brn|[from] item: Leftovers\n|-damage|p2a: LIVE REACTION|71\/100 brn|[from] brn\n|upkeep\n|turn|27\n|\n|t:|1699559655\n|move|p1a: Axo|Flare Blitz|p2a: LIVE REACTION\n|-supereffective|p2a: LIVE REACTION\n|-damage|p2a: LIVE REACTION|18\/100 brn\n|-damage|p1a: Axo|60\/100|[from] Recoil\n|move|p2a: LIVE REACTION|Foul Play|p1a: Axo\n|-damage|p1a: Axo|39\/100\n|\n|-heal|p2a: LIVE REACTION|24\/100 brn|[from] item: Leftovers\n|-damage|p2a: LIVE REACTION|18\/100 brn|[from] brn\n|upkeep\n|turn|28\n|\n|t:|1699559657\n|move|p1a: Axo|Morning Sun|p1a: Axo\n|-heal|p1a: Axo|89\/100\n|move|p2a: LIVE REACTION|Foul Play|p1a: Axo\n|-damage|p1a: Axo|65\/100\n|\n|-heal|p2a: LIVE REACTION|24\/100 brn|[from] item: Leftovers\n|-damage|p2a: LIVE REACTION|18\/100 brn|[from] brn\n|upkeep\n|turn|29\n|\n|t:|1699559659\n|move|p1a: Axo|Extreme Speed|p2a: LIVE REACTION\n|-damage|p2a: LIVE REACTION|6\/100 brn\n|move|p2a: LIVE REACTION|Foul Play|p1a: Axo\n|-damage|p1a: Axo|43\/100\n|\n|-heal|p2a: LIVE REACTION|12\/100 brn|[from] item: Leftovers\n|-damage|p2a: LIVE REACTION|6\/100 brn|[from] brn\n|upkeep\n|turn|30\n|\n|t:|1699559662\n|move|p1a: Axo|Morning Sun|p1a: Axo\n|-heal|p1a: Axo|93\/100\n|move|p2a: LIVE REACTION|Foul Play|p1a: Axo\n|-damage|p1a: Axo|71\/100\n|\n|-heal|p2a: LIVE REACTION|12\/100 brn|[from] item: Leftovers\n|-damage|p2a: LIVE REACTION|6\/100 brn|[from] brn\n|upkeep\n|turn|31\n|\n|t:|1699559666\n|move|p1a: Axo|Morning Sun|p1a: Axo\n|-heal|p1a: Axo|100\/100\n|move|p2a: LIVE REACTION|Foul Play|p1a: Axo\n|-damage|p1a: Axo|78\/100\n|\n|-heal|p2a: LIVE REACTION|12\/100 brn|[from] item: Leftovers\n|-damage|p2a: LIVE REACTION|6\/100 brn|[from] brn\n|upkeep\n|turn|32\n|\n|t:|1699559668\n|move|p1a: Axo|Extreme Speed|p2a: LIVE REACTION\n|-damage|p2a: LIVE REACTION|0 fnt\n|faint|p2a: LIVE REACTION\n|\n|upkeep\n|\n|t:|1699559670\n|switch|p2a: Jah|Copperajah, M|81\/100\n|-damage|p2a: Jah|75\/100|[from] Stealth Rock\n|turn|33\n|\n|t:|1699559682\n|move|p2a: Jah|Protect|p2a: Jah\n|-singleturn|p2a: Jah|Protect\n|move|p1a: Axo|Will-O-Wisp|p2a: Jah\n|-activate|p2a: Jah|move: Protect\n|\n|-heal|p2a: Jah|81\/100|[from] item: Leftovers\n|upkeep\n|turn|34\n|\n|t:|1699559685\n|move|p1a: Axo|Will-O-Wisp|p2a: Jah\n|-status|p2a: Jah|brn\n|move|p2a: Jah|Earthquake|p1a: Axo\n|-supereffective|p1a: Axo\n|-damage|p1a: Axo|48\/100\n|\n|-heal|p2a: Jah|88\/100 brn|[from] item: Leftovers\n|-damage|p2a: Jah|81\/100 brn|[from] brn\n|upkeep\n|turn|35\n|\n|t:|1699559694\n|switch|p1a: Grave Digger|Great Tusk|56\/100\n|-damage|p1a: Grave Digger|53\/100|[from] Stealth Rock\n|move|p2a: Jah|Earthquake|p1a: Grave Digger\n|-damage|p1a: Grave Digger|45\/100\n|\n|-heal|p1a: Grave Digger|51\/100|[from] item: Leftovers\n|-heal|p2a: Jah|88\/100 brn|[from] item: Leftovers\n|-damage|p2a: Jah|81\/100 brn|[from] brn\n|upkeep\n|turn|36\n|\n|t:|1699559697\n|move|p2a: Jah|Protect|p2a: Jah\n|-singleturn|p2a: Jah|Protect\n|move|p1a: Grave Digger|Headlong Rush|p2a: Jah\n|-activate|p2a: Jah|move: Protect\n|\n|-heal|p1a: Grave Digger|57\/100|[from] item: Leftovers\n|-heal|p2a: Jah|88\/100 brn|[from] item: Leftovers\n|-damage|p2a: Jah|81\/100 brn|[from] brn\n|upkeep\n|turn|37\n|\n|t:|1699559701\n|move|p1a: Grave Digger|Headlong Rush|p2a: Jah\n|-supereffective|p2a: Jah\n|-damage|p2a: Jah|0 fnt\n|-unboost|p1a: Grave Digger|def|1\n|-unboost|p1a: Grave Digger|spd|1\n|faint|p2a: Jah\n|\n|win|Jorgensax\n|c|\u2606dkap|gg\n|l| PorygonTheBot\n|c|\u2606Jorgensax|gg\n|l|\u2606dkap\n|c|\u2606Jorgensax|what was your sets\n|l| Seth the Nerd\n","uploadtime":1699559702,"views":22,"p1id":"jorgensax","p2id":"dkap","formatid":"gen9ubers","rating":0,"private":0,"password":""}