{"id":"gen9ubers-1975548813","p1":"game18","p2":"Rell28","format":"[Gen 9] Ubers","log":"|j|\u2606game18\n|j|\u2606Rell28\n|t:|1698203535\n|gametype|singles\n|player|p1|game18|ghetsis|1364\n|player|p2|Rell28|2|1397\n|teamsize|p1|6\n|teamsize|p2|6\n|gen|9\n|tier|[Gen 9] Ubers\n|rated|\n|rule|Sleep Clause Mod: Limit one foe put to sleep\n|rule|Species Clause: Limit one of each Pok\u00e9mon\n|rule|OHKO Clause: OHKO moves are banned\n|rule|Evasion Items Clause: Evasion items are banned\n|rule|Evasion Moves Clause: Evasion moves are banned\n|rule|Endless Battle Clause: Forcing endless battles is banned\n|rule|HP Percentage Mod: HP is shown in percentages\n|clearpoke\n|poke|p1|Eternatus|\n|poke|p1|Skeledirge, M|\n|poke|p1|Ting-Lu|\n|poke|p1|Arceus-Fairy|\n|poke|p1|Koraidon|\n|poke|p1|Zacian-*|\n|poke|p2|Zacian-*|\n|poke|p2|Koraidon|\n|poke|p2|Groudon|\n|poke|p2|Arceus-Ground|\n|poke|p2|Miraidon|\n|poke|p2|Giratina-Origin|\n|teampreview\n|\n|t:|1698203562\n|start\n|switch|p1a: Koraidon|Koraidon|100\/100\n|switch|p2a: Groudon|Groudon|100\/100\n|-weather|SunnyDay|[from] ability: Orichalcum Pulse|[of] p1a: Koraidon\n|-activate|p1a: Koraidon|Orichalcum Pulse|[source]\n|turn|1\n|\n|t:|1698203581\n|move|p1a: Koraidon|Flare Blitz|p2a: Groudon\n|-damage|p2a: Groudon|13\/100\n|-damage|p1a: Koraidon|67\/100|[from] Recoil\n|move|p2a: Groudon|Thunder Wave|p1a: Koraidon\n|-status|p1a: Koraidon|par\n|\n|-weather|SunnyDay|[upkeep]\n|-heal|p2a: Groudon|19\/100|[from] item: Leftovers\n|upkeep\n|turn|2\n|\n|t:|1698203594\n|move|p2a: Groudon|Stealth Rock|p1a: Koraidon\n|-sidestart|p1: game18|move: Stealth Rock\n|move|p1a: Koraidon|Flare Blitz|p2a: Groudon\n|-damage|p2a: Groudon|0 fnt\n|faint|p2a: Groudon\n|-damage|p1a: Koraidon|60\/100 par|[from] Recoil\n|\n|-weather|SunnyDay|[upkeep]\n|upkeep\n|\n|t:|1698203604\n|switch|p2a: Miraidon|Miraidon|100\/100\n|-fieldstart|move: Electric Terrain|[from] ability: Hadron Engine|[of] p2a: Miraidon\n|turn|3\n|\n|t:|1698203616\n|move|p2a: Miraidon|Dragon Pulse|p1a: Koraidon\n|-supereffective|p1a: Koraidon\n|-damage|p1a: Koraidon|0 fnt\n|faint|p1a: Koraidon\n|-damage|p2a: Miraidon|91\/100|[from] item: Life Orb\n|\n|-weather|SunnyDay|[upkeep]\n|upkeep\n|\n|t:|1698203633\n|switch|p1a: Zacian|Zacian-Crowned|100\/100\n|-damage|p1a: Zacian|94\/100|[from] Stealth Rock\n|-ability|p1a: Zacian|Intrepid Sword|boost\n|-boost|p1a: Zacian|atk|1\n|turn|4\n|\n|t:|1698203651\n|switch|p2a: Giratina|Giratina-Origin|100\/100\n|move|p1a: Zacian|Play Rough|p2a: Giratina\n|-supereffective|p2a: Giratina\n|-damage|p2a: Giratina|0 fnt\n|faint|p2a: Giratina\n|\n|-weather|SunnyDay|[upkeep]\n|upkeep\n|\n|t:|1698203665\n|switch|p2a: Koraidon|Koraidon|100\/100\n|-activate|p2a: Koraidon|ability: Orichalcum Pulse\n|turn|5\n|\n|t:|1698203679\n|switch|p1a: Skeledirge|Skeledirge, M|100\/100\n|-terastallize|p2a: Koraidon|Fire\n|move|p2a: Koraidon|Flare Blitz|p1a: Skeledirge\n|-resisted|p1a: Skeledirge\n|-damage|p1a: Skeledirge|57\/100\n|-damage|p2a: Koraidon|83\/100|[from] Recoil\n|\n|-weather|none\n|upkeep\n|turn|6\n|\n|t:|1698203690\n|switch|p2a: Arceus|Arceus-Ground|100\/100\n|move|p1a: Skeledirge|Slack Off|p1a: Skeledirge\n|-heal|p1a: Skeledirge|100\/100\n|\n|upkeep\n|turn|7\n|\n|t:|1698203698\n|switch|p1a: Arceus|Arceus-Fairy|100\/100\n|-damage|p1a: Arceus|88\/100|[from] Stealth Rock\n|move|p2a: Arceus|Judgment|p1a: Arceus\n|-damage|p1a: Arceus|52\/100\n|\n|-fieldend|move: Electric Terrain\n|upkeep\n|turn|8\n|\n|t:|1698203707\n|move|p2a: Arceus|Taunt|p1a: Arceus\n|-start|p1a: Arceus|move: Taunt\n|cant|p1a: Arceus|move: Taunt|Recover\n|\n|upkeep\n|turn|9\n|\n|t:|1698203715\n|move|p2a: Arceus|Judgment|p1a: Arceus\n|-damage|p1a: Arceus|14\/100\n|move|p1a: Arceus|Judgment|p2a: Arceus\n|-damage|p2a: Arceus|67\/100\n|\n|upkeep\n|turn|10\n|\n|t:|1698203723\n|move|p2a: Arceus|Judgment|p1a: Arceus\n|-damage|p1a: Arceus|0 fnt\n|faint|p1a: Arceus\n|\n|upkeep\n|\n|t:|1698203740\n|switch|p1a: Zacian|Zacian-Crowned|94\/100\n|-damage|p1a: Zacian|88\/100|[from] Stealth Rock\n|turn|11\n|\n|t:|1698203748\n|-terastallize|p1a: Zacian|Flying\n|move|p1a: Zacian|Swords Dance|p1a: Zacian\n|-boost|p1a: Zacian|atk|2\n|move|p2a: Arceus|Judgment|p1a: Zacian\n|-immune|p1a: Zacian\n|\n|upkeep\n|turn|12\n|\n|t:|1698203757\n|move|p1a: Zacian|Behemoth Blade|p2a: Arceus\n|-damage|p2a: Arceus|0 fnt\n|faint|p2a: Arceus\n|\n|upkeep\n|\n|t:|1698203761\n|switch|p2a: Koraidon|Koraidon, tera:Fire|83\/100\n|-weather|SunnyDay|[from] ability: Orichalcum Pulse|[of] p2a: Koraidon\n|-activate|p2a: Koraidon|Orichalcum Pulse|[source]\n|turn|13\n|\n|t:|1698203768\n|switch|p1a: Skeledirge|Skeledirge, M|100\/100\n|move|p2a: Koraidon|Flame Charge|p1a: Skeledirge\n|-resisted|p1a: Skeledirge\n|-damage|p1a: Skeledirge|80\/100\n|-boost|p2a: Koraidon|spe|1\n|\n|-weather|SunnyDay|[upkeep]\n|upkeep\n|turn|14\n|\n|t:|1698203783\n|switch|p2a: Miraidon|Miraidon|91\/100\n|-fieldstart|move: Electric Terrain|[from] ability: Hadron Engine|[of] p2a: Miraidon\n|move|p1a: Skeledirge|Slack Off|p1a: Skeledirge\n|-heal|p1a: Skeledirge|100\/100\n|\n|-weather|SunnyDay|[upkeep]\n|upkeep\n|turn|15\n|\n|t:|1698203793\n|switch|p1a: Ting-Lu|Ting-Lu|100\/100\n|-damage|p1a: Ting-Lu|94\/100|[from] Stealth Rock\n|-ability|p1a: Ting-Lu|Vessel of Ruin\n|move|p2a: Miraidon|Dragon Pulse|p1a: Ting-Lu\n|-damage|p1a: Ting-Lu|63\/100\n|-damage|p2a: Miraidon|81\/100|[from] item: Life Orb\n|\n|-weather|SunnyDay|[upkeep]\n|-heal|p1a: Ting-Lu|69\/100|[from] item: Leftovers\n|upkeep\n|turn|16\n|\n|t:|1698203808\n|switch|p2a: Zacian|Zacian-Crowned|100\/100\n|-ability|p2a: Zacian|Intrepid Sword|boost\n|-boost|p2a: Zacian|atk|1\n|move|p1a: Ting-Lu|Earthquake|p2a: Zacian\n|-supereffective|p2a: Zacian\n|-damage|p2a: Zacian|27\/100\n|\n|-weather|SunnyDay|[upkeep]\n|-heal|p1a: Ting-Lu|75\/100|[from] item: Leftovers\n|upkeep\n|turn|17\n|\n|t:|1698203829\n|switch|p1a: Skeledirge|Skeledirge, M|100\/100\n|move|p2a: Zacian|Play Rough|p1a: Skeledirge\n|-resisted|p1a: Skeledirge\n|-damage|p1a: Skeledirge|85\/100\n|\n|-weather|none\n|upkeep\n|turn|18\n|\n|t:|1698203840\n|switch|p2a: Miraidon|Miraidon|81\/100\n|-activate|p2a: Miraidon|ability: Hadron Engine\n|move|p1a: Skeledirge|Slack Off|p1a: Skeledirge\n|-heal|p1a: Skeledirge|100\/100\n|\n|-fieldend|move: Electric Terrain\n|upkeep\n|turn|19\n|\n|t:|1698203849\n|switch|p2a: Koraidon|Koraidon, tera:Fire|83\/100\n|-weather|SunnyDay|[from] ability: Orichalcum Pulse|[of] p2a: Koraidon\n|-activate|p2a: Koraidon|Orichalcum Pulse|[source]\n|switch|p1a: Eternatus|Eternatus|100\/100\n|-ability|p1a: Eternatus|Pressure\n|\n|-weather|SunnyDay|[upkeep]\n|upkeep\n|turn|20\n|\n|t:|1698203861\n|move|p2a: Koraidon|Dragon Claw|p1a: Eternatus\n|-supereffective|p1a: Eternatus\n|-damage|p1a: Eternatus|5\/100\n|move|p1a: Eternatus|Dynamax Cannon|p2a: Koraidon\n|-damage|p2a: Koraidon|36\/100\n|\n|-weather|SunnyDay|[upkeep]\n|upkeep\n|turn|21\n|\n|t:|1698203871\n|move|p2a: Koraidon|Flame Charge|p1a: Eternatus\n|-resisted|p1a: Eternatus\n|-damage|p1a: Eternatus|0 fnt\n|-boost|p2a: Koraidon|spe|1\n|faint|p1a: Eternatus\n|\n|-weather|SunnyDay|[upkeep]\n|upkeep\n|\n|t:|1698203875\n|switch|p1a: Skeledirge|Skeledirge, M|100\/100\n|turn|22\n|\n|t:|1698203882\n|switch|p2a: Miraidon|Miraidon|81\/100\n|-fieldstart|move: Electric Terrain|[from] ability: Hadron Engine|[of] p2a: Miraidon\n|move|p1a: Skeledirge|Hex|p2a: Miraidon\n|-damage|p2a: Miraidon|59\/100\n|\n|-weather|SunnyDay|[upkeep]\n|upkeep\n|turn|23\n|\n|t:|1698203893\n|switch|p1a: Ting-Lu|Ting-Lu|75\/100\n|-damage|p1a: Ting-Lu|69\/100|[from] Stealth Rock\n|-ability|p1a: Ting-Lu|Vessel of Ruin\n|move|p2a: Miraidon|Dragon Pulse|p1a: Ting-Lu\n|-damage|p1a: Ting-Lu|38\/100\n|-damage|p2a: Miraidon|49\/100|[from] item: Life Orb\n|\n|-weather|none\n|-heal|p1a: Ting-Lu|44\/100|[from] item: Leftovers\n|upkeep\n|turn|24\n|\n|t:|1698203905\n|switch|p2a: Zacian|Zacian-Crowned|27\/100\n|move|p1a: Ting-Lu|Earthquake|p2a: Zacian\n|-supereffective|p2a: Zacian\n|-damage|p2a: Zacian|0 fnt\n|faint|p2a: Zacian\n|\n|-heal|p1a: Ting-Lu|50\/100|[from] item: Leftovers\n|upkeep\n|\n|t:|1698203907\n|switch|p2a: Koraidon|Koraidon, tera:Fire|36\/100\n|-weather|SunnyDay|[from] ability: Orichalcum Pulse|[of] p2a: Koraidon\n|-activate|p2a: Koraidon|Orichalcum Pulse|[source]\n|turn|25\n|\n|t:|1698203926\n|switch|p1a: Skeledirge|Skeledirge, M|100\/100\n|move|p2a: Koraidon|Flare Blitz|p1a: Skeledirge\n|-resisted|p1a: Skeledirge\n|-damage|p1a: Skeledirge|59\/100\n|-damage|p2a: Koraidon|19\/100|[from] Recoil\n|\n|-weather|SunnyDay|[upkeep]\n|upkeep\n|turn|26\n|\n|t:|1698203936\n|switch|p2a: Miraidon|Miraidon|49\/100\n|-activate|p2a: Miraidon|ability: Hadron Engine\n|move|p1a: Skeledirge|Slack Off|p1a: Skeledirge\n|-heal|p1a: Skeledirge|100\/100\n|\n|-weather|SunnyDay|[upkeep]\n|-fieldend|move: Electric Terrain\n|upkeep\n|turn|27\n|\n|t:|1698203946\n|switch|p2a: Koraidon|Koraidon, tera:Fire|19\/100\n|-activate|p2a: Koraidon|ability: Orichalcum Pulse\n|switch|p1a: Ting-Lu|Ting-Lu|50\/100\n|-damage|p1a: Ting-Lu|44\/100|[from] Stealth Rock\n|-ability|p1a: Ting-Lu|Vessel of Ruin\n|\n|-weather|SunnyDay|[upkeep]\n|-heal|p1a: Ting-Lu|50\/100|[from] item: Leftovers\n|upkeep\n|turn|28\n|\n|t:|1698203961\n|switch|p1a: Skeledirge|Skeledirge, M|100\/100\n|move|p2a: Koraidon|Dragon Claw|p1a: Skeledirge\n|-damage|p1a: Skeledirge|60\/100\n|\n|-weather|SunnyDay|[upkeep]\n|upkeep\n|turn|29\n|\n|t:|1698203972\n|switch|p2a: Miraidon|Miraidon|49\/100\n|-fieldstart|move: Electric Terrain|[from] ability: Hadron Engine|[of] p2a: Miraidon\n|move|p1a: Skeledirge|Slack Off|p1a: Skeledirge\n|-heal|p1a: Skeledirge|100\/100\n|\n|-weather|none\n|upkeep\n|turn|30\n|\n|t:|1698203983\n|switch|p1a: Ting-Lu|Ting-Lu|50\/100\n|-damage|p1a: Ting-Lu|44\/100|[from] Stealth Rock\n|-ability|p1a: Ting-Lu|Vessel of Ruin\n|move|p2a: Miraidon|Dragon Pulse|p1a: Ting-Lu\n|-damage|p1a: Ting-Lu|13\/100\n|-damage|p2a: Miraidon|40\/100|[from] item: Life Orb\n|\n|-heal|p1a: Ting-Lu|19\/100|[from] item: Leftovers\n|upkeep\n|turn|31\n|\n|t:|1698203997\n|move|p2a: Miraidon|Dragon Pulse|p1a: Ting-Lu\n|-damage|p1a: Ting-Lu|0 fnt\n|faint|p1a: Ting-Lu\n|-damage|p2a: Miraidon|30\/100|[from] item: Life Orb\n|\n|upkeep\n|\n|t:|1698204000\n|switch|p1a: Zacian|Zacian-Crowned, tera:Flying|88\/100\n|-damage|p1a: Zacian|63\/100|[from] Stealth Rock\n|turn|32\n|\n|t:|1698204007\n|move|p1a: Zacian|Play Rough|p2a: Miraidon\n|-supereffective|p2a: Miraidon\n|-crit|p2a: Miraidon\n|-damage|p2a: Miraidon|0 fnt\n|faint|p2a: Miraidon\n|\n|upkeep\n|-message|Rell28 forfeited.\n|\n|win|game18\n|raw|game18's rating: 1364 &rarr; <strong>1386<\/strong><br \/>(+22 for winning)\n|raw|Rell28's rating: 1397 &rarr; <strong>1375<\/strong><br \/>(-22 for losing)\n|l|\u2606Rell28\n","uploadtime":1698204048,"views":10,"p1id":"game18","p2id":"rell28","formatid":"gen9ubers","rating":1375,"private":0,"password":""}