{"id":"gen9ubers-1979911788","p1":"the tr4sh man","p2":"Kizaco","format":"[Gen 9] Ubers","log":"|j|\u2606the tr4sh man\n|j|\u2606Kizaco\n|t:|1698728168\n|gametype|singles\n|player|p1|the tr4sh man|xerosic|\n|player|p2|Kizaco|1|\n|teamsize|p1|6\n|teamsize|p2|6\n|gen|9\n|tier|[Gen 9] Ubers\n|rule|Sleep Clause Mod: Limit one foe put to sleep\n|rule|Species Clause: Limit one of each Pok\u00e9mon\n|rule|OHKO Clause: OHKO moves are banned\n|rule|Evasion Items Clause: Evasion items are banned\n|rule|Evasion Moves Clause: Evasion moves are banned\n|rule|Endless Battle Clause: Forcing endless battles is banned\n|rule|HP Percentage Mod: HP is shown in percentages\n|clearpoke\n|poke|p1|Magearna|\n|poke|p1|Dialga|\n|poke|p1|Chi-Yu|\n|poke|p1|Palafin, M|\n|poke|p1|Spectrier|\n|poke|p1|Shaymin-Sky|\n|poke|p2|Masquerain, F|\n|poke|p2|Arceus-Fire|\n|poke|p2|Basculegion-F, F|\n|poke|p2|Shaymin-Sky|\n|poke|p2|Gholdengo|\n|poke|p2|Magearna|\n|teampreview\n|c|\u2606the tr4sh man|hm.\n|c|\u2606the tr4sh man|a losing matchup.\n|c|\u2606the tr4sh man|but we shall see\n|c|\u2606the tr4sh man|glhf\n|\n|t:|1698728191\n|start\n|switch|p1a: Shaymin|Shaymin-Sky|100\/100\n|switch|p2a: Masquerain|Masquerain, F|100\/100\n|-ability|p2a: Masquerain|Intimidate|boost\n|-unboost|p1a: Shaymin|atk|1\n|turn|1\n|c|\u2606Kizaco|u2\n|\n|t:|1698728234\n|move|p1a: Shaymin|Air Slash|p2a: Masquerain\n|-supereffective|p2a: Masquerain\n|-enditem|p2a: Masquerain|Focus Sash\n|-damage|p2a: Masquerain|1\/100\n|cant|p2a: Masquerain|flinch\n|\n|upkeep\n|turn|2\n|\n|t:|1698728240\n|switch|p2a: Gholdengo|Gholdengo|100\/100\n|move|p1a: Shaymin|Air Slash|p2a: Gholdengo\n|-resisted|p2a: Gholdengo\n|-damage|p2a: Gholdengo|70\/100\n|\n|upkeep\n|turn|3\n|\n|t:|1698728249\n|switch|p1a: Dialga|Dialga|100\/100\n|-ability|p1a: Dialga|Pressure\n|move|p2a: Gholdengo|Make It Rain|p1a: Dialga\n|-resisted|p1a: Dialga\n|-damage|p1a: Dialga|74\/100\n|-unboost|p2a: Gholdengo|spa|1\n|\n|upkeep\n|turn|4\n|\n|t:|1698728252\n|switch|p2a: Masquerain|Masquerain, F|1\/100\n|-ability|p2a: Masquerain|Intimidate|boost\n|-unboost|p1a: Dialga|atk|1\n|move|p1a: Dialga|Stealth Rock|p2a: Masquerain\n|-sidestart|p2: Kizaco|move: Stealth Rock\n|\n|upkeep\n|turn|5\n|\n|t:|1698728256\n|switch|p1a: Palafin|Palafin, M|100\/100\n|move|p2a: Masquerain|Sticky Web|p1a: Palafin\n|-sidestart|p1: the tr4sh man|move: Sticky Web\n|\n|upkeep\n|turn|6\n|\n|t:|1698728259\n|move|p1a: Palafin|Flip Turn|p2a: Masquerain\n|-damage|p2a: Masquerain|0 fnt\n|faint|p2a: Masquerain\n|\n|t:|1698728263\n|detailschange|p1a: Palafin|Palafin-Hero, M\n|switch|p1a: Shaymin|Shaymin-Sky|100\/100|[from] Flip Turn\n|\n|upkeep\n|\n|t:|1698728279\n|switch|p2a: Magearna|Magearna|100\/100\n|-damage|p2a: Magearna|94\/100|[from] Stealth Rock\n|turn|7\n|\n|t:|1698728287\n|-terastallize|p2a: Magearna|Fairy\n|move|p1a: Shaymin|Earth Power|p2a: Magearna\n|-damage|p2a: Magearna|60\/100\n|move|p2a: Magearna|Fleur Cannon|p1a: Shaymin\n|-damage|p1a: Shaymin|0 fnt\n|-unboost|p2a: Magearna|spa|2\n|faint|p1a: Shaymin\n|-ability|p2a: Magearna|Soul-Heart|boost\n|-boost|p2a: Magearna|spa|1\n|\n|-heal|p2a: Magearna|66\/100|[from] item: Leftovers\n|upkeep\n|c|\u2606the tr4sh man|true!!\n|\n|t:|1698728292\n|switch|p1a: Magearna|Magearna|100\/100\n|-activate|p1a: Magearna|move: Sticky Web\n|-unboost|p1a: Magearna|spe|1\n|turn|8\n|\n|t:|1698728296\n|switch|p2a: Gholdengo|Gholdengo|70\/100\n|-damage|p2a: Gholdengo|64\/100|[from] Stealth Rock\n|move|p1a: Magearna|Volt Switch|p2a: Gholdengo\n|-crit|p2a: Gholdengo\n|-damage|p2a: Gholdengo|0 fnt\n|faint|p2a: Gholdengo\n|-ability|p1a: Magearna|Soul-Heart|boost\n|-boost|p1a: Magearna|spa|1\n|\n|t:|1698728300\n|switch|p1a: Palafin|Palafin-Hero, M|100\/100|[from] Volt Switch\n|-activate|p1a: Palafin|move: Sticky Web\n|-unboost|p1a: Palafin|spe|1\n|-activate|p1a: Palafin|ability: Zero to Hero\n|\n|upkeep\n|\n|t:|1698728306\n|switch|p2a: Shaymin|Shaymin-Sky|100\/100\n|-damage|p2a: Shaymin|76\/100|[from] Stealth Rock\n|turn|9\n|\n|t:|1698728309\n|switch|p1a: Dialga|Dialga|74\/100\n|-activate|p1a: Dialga|move: Sticky Web\n|-unboost|p1a: Dialga|spe|1\n|-ability|p1a: Dialga|Pressure\n|move|p2a: Shaymin|Seed Flare|p1a: Dialga\n|-resisted|p1a: Dialga\n|-damage|p1a: Dialga|56\/100\n|\n|upkeep\n|turn|10\n|\n|t:|1698728312\n|move|p2a: Shaymin|Seed Flare|p1a: Dialga|[miss]\n|-miss|p2a: Shaymin|p1a: Dialga\n|move|p1a: Dialga|Draco Meteor|p2a: Shaymin\n|-damage|p2a: Shaymin|0 fnt\n|-unboost|p1a: Dialga|spa|2\n|faint|p2a: Shaymin\n|\n|upkeep\n|\n|t:|1698728321\n|switch|p2a: Arceus|Arceus-Fire|100\/100\n|-damage|p2a: Arceus|76\/100|[from] Stealth Rock\n|turn|11\n|\n|t:|1698728325\n|move|p2a: Arceus|Swords Dance|p2a: Arceus\n|-boost|p2a: Arceus|atk|2\n|move|p1a: Dialga|Draco Meteor|p2a: Arceus\n|-damage|p2a: Arceus|33\/100\n|-unboost|p1a: Dialga|spa|2\n|\n|upkeep\n|turn|12\n|\n|t:|1698728329\n|move|p2a: Arceus|Recover|p2a: Arceus\n|-heal|p2a: Arceus|83\/100\n|move|p1a: Dialga|Draco Meteor|p2a: Arceus\n|-damage|p2a: Arceus|57\/100\n|-unboost|p1a: Dialga|spa|2\n|\n|upkeep\n|turn|13\n|\n|t:|1698728336\n|switch|p1a: Chi-Yu|Chi-Yu|100\/100\n|-activate|p1a: Chi-Yu|move: Sticky Web\n|-unboost|p1a: Chi-Yu|spe|1\n|-ability|p1a: Chi-Yu|Beads of Ruin\n|move|p2a: Arceus|Recover|p2a: Arceus\n|-heal|p2a: Arceus|100\/100\n|\n|upkeep\n|turn|14\n|\n|t:|1698728341\n|move|p2a: Arceus|Swords Dance|p2a: Arceus\n|-boost|p2a: Arceus|atk|2\n|move|p1a: Chi-Yu|Dark Pulse|p2a: Arceus\n|-damage|p2a: Arceus|43\/100\n|\n|upkeep\n|turn|15\n|\n|t:|1698728344\n|move|p2a: Arceus|Extreme Speed|p1a: Chi-Yu\n|-crit|p1a: Chi-Yu\n|-damage|p1a: Chi-Yu|0 fnt\n|faint|p1a: Chi-Yu\n|\n|upkeep\n|\n|t:|1698728346\n|switch|p1a: Dialga|Dialga|56\/100\n|-activate|p1a: Dialga|move: Sticky Web\n|-unboost|p1a: Dialga|spe|1\n|-ability|p1a: Dialga|Pressure\n|turn|16\n|\n|t:|1698728349\n|move|p2a: Arceus|Flare Blitz|p1a: Dialga\n|-damage|p1a: Dialga|0 fnt\n|faint|p1a: Dialga\n|-damage|p2a: Arceus|26\/100|[from] Recoil\n|\n|upkeep\n|\n|t:|1698728352\n|switch|p1a: Palafin|Palafin-Hero, M|100\/100\n|-activate|p1a: Palafin|move: Sticky Web\n|-unboost|p1a: Palafin|spe|1\n|turn|17\n|\n|t:|1698728362\n|move|p2a: Arceus|Extreme Speed|p1a: Palafin\n|-damage|p1a: Palafin|7\/100\n|move|p1a: Palafin|Hydro Pump|p2a: Arceus\n|-supereffective|p2a: Arceus\n|-damage|p2a: Arceus|0 fnt\n|faint|p2a: Arceus\n|\n|upkeep\n|\n|t:|1698728367\n|switch|p2a: Magearna|Magearna, tera:Fairy|66\/100\n|-damage|p2a: Magearna|54\/100|[from] Stealth Rock\n|turn|18\n|\n|t:|1698728373\n|switch|p1a: Magearna|Magearna|100\/100\n|-activate|p1a: Magearna|move: Sticky Web\n|-unboost|p1a: Magearna|spe|1\n|move|p2a: Magearna|Thunder Wave|p1a: Magearna\n|-status|p1a: Magearna|par\n|\n|-heal|p2a: Magearna|60\/100|[from] item: Leftovers\n|upkeep\n|turn|19\n|\n|t:|1698728379\n|switch|p2a: Basculegion|Basculegion-F, F|100\/100\n|-damage|p2a: Basculegion|88\/100|[from] Stealth Rock\n|move|p1a: Magearna|Flash Cannon|p2a: Basculegion\n|-resisted|p2a: Basculegion\n|-damage|p2a: Basculegion|47\/100\n|\n|upkeep\n|turn|20\n|\n|t:|1698728389\n|switch|p1a: Spectrier|Spectrier|100\/100\n|-activate|p1a: Spectrier|move: Sticky Web\n|-unboost|p1a: Spectrier|spe|1\n|move|p2a: Basculegion|Last Respects|p1a: Spectrier\n|-supereffective|p1a: Spectrier\n|-damage|p1a: Spectrier|0 fnt\n|faint|p1a: Spectrier\n|\n|upkeep\n|\n|t:|1698728390\n|switch|p1a: Palafin|Palafin-Hero, M|7\/100\n|-activate|p1a: Palafin|move: Sticky Web\n|-unboost|p1a: Palafin|spe|1\n|turn|21\n|\n|t:|1698728392\n|-terastallize|p1a: Palafin|Normal\n|move|p2a: Basculegion|Last Respects|p1a: Palafin\n|-immune|p1a: Palafin\n|move|p1a: Palafin|Hydro Pump|p2a: Basculegion|[miss]\n|-miss|p1a: Palafin|p2a: Basculegion\n|\n|upkeep\n|turn|22\n|\n|t:|1698728396\n|switch|p2a: Magearna|Magearna, tera:Fairy|60\/100\n|-damage|p2a: Magearna|48\/100|[from] Stealth Rock\n|move|p1a: Palafin|Hydro Pump|p2a: Magearna\n|-damage|p2a: Magearna|0 fnt\n|faint|p2a: Magearna\n|\n|upkeep\n|\n|t:|1698728398\n|switch|p2a: Basculegion|Basculegion-F, F|47\/100\n|-damage|p2a: Basculegion|35\/100|[from] Stealth Rock\n|turn|23\n|\n|t:|1698728403\n|move|p2a: Basculegion|Wave Crash|p1a: Palafin\n|-crit|p1a: Palafin\n|-damage|p1a: Palafin|0 fnt\n|faint|p1a: Palafin\n|-damage|p2a: Basculegion|33\/100|[from] Recoil\n|\n|upkeep\n|\n|t:|1698728405\n|switch|p1a: Magearna|Magearna|100\/100 par\n|-activate|p1a: Magearna|move: Sticky Web\n|-unboost|p1a: Magearna|spe|1\n|turn|24\n|c|\u2606Kizaco|yeah gg i lost here\n|\n|t:|1698728412\n|move|p2a: Basculegion|Wave Crash|p1a: Magearna\n|-damage|p1a: Magearna|42\/100 par\n|-damage|p2a: Basculegion|14\/100|[from] Recoil\n|move|p1a: Magearna|Volt Switch|p2a: Basculegion\n|-supereffective|p2a: Basculegion\n|-damage|p2a: Basculegion|0 fnt\n|faint|p2a: Basculegion\n|\n|win|the tr4sh man\n|c|\u2606the tr4sh man|gg\n|l|\u2606Kizaco\n","uploadtime":1698728420,"views":11,"p1id":"thetr4shman","p2id":"kizaco","formatid":"gen9ubers","rating":0,"private":0,"password":""}