{"id":"gen9ubers-1993692501","p1":"Seanketchum","p2":"llBrayzed","format":"[Gen 9] Ubers","log":"|j|\u2606Seanketchum\n|j|\u2606llBrayzed\n|t:|1700346184\n|gametype|singles\n|player|p1|Seanketchum|169|1068\n|player|p2|llBrayzed|riley|1120\n|teamsize|p1|6\n|teamsize|p2|6\n|gen|9\n|tier|[Gen 9] Ubers\n|rated|\n|rule|Sleep Clause Mod: Limit one foe put to sleep\n|rule|Species Clause: Limit one of each Pok\u00e9mon\n|rule|OHKO Clause: OHKO moves are banned\n|rule|Evasion Items Clause: Evasion items are banned\n|rule|Evasion Moves Clause: Evasion moves are banned\n|rule|Endless Battle Clause: Forcing endless battles is banned\n|rule|HP Percentage Mod: HP is shown in percentages\n|clearpoke\n|poke|p1|Baxcalibur, M|\n|poke|p1|Espathra, M|\n|poke|p1|Garganacl, M|\n|poke|p1|Skeledirge, F|\n|poke|p1|Sneasler, F|\n|poke|p1|Flutter Mane|\n|poke|p2|Chi-Yu|\n|poke|p2|Gastrodon-East, M|\n|poke|p2|Kyogre|\n|poke|p2|Basculegion, M|\n|poke|p2|Quaquaval, F|\n|poke|p2|Walking Wake|\n|teampreview\n|inactive|Battle timer is ON: inactive players will automatically lose when time's up. (requested by llBrayzed)\n|\n|t:|1700346208\n|start\n|switch|p1a: Baxcalibur|Baxcalibur, M|100\/100\n|switch|p2a: Gastrodon|Gastrodon-East, M, shiny|100\/100\n|turn|1\n|\n|t:|1700346236\n|move|p1a: Baxcalibur|Dragon Dance|p1a: Baxcalibur\n|-boost|p1a: Baxcalibur|atk|1\n|-boost|p1a: Baxcalibur|spe|1\n|move|p2a: Gastrodon|Stealth Rock|p1a: Baxcalibur\n|-sidestart|p1: Seanketchum|move: Stealth Rock\n|\n|upkeep\n|turn|2\n|\n|t:|1700346246\n|move|p1a: Baxcalibur|Icicle Spear|p2a: Gastrodon\n|-crit|p2a: Gastrodon\n|-damage|p2a: Gastrodon|62\/100\n|-damage|p2a: Gastrodon|38\/100\n|-damage|p2a: Gastrodon|11\/100\n|-damage|p2a: Gastrodon|0 fnt\n|faint|p2a: Gastrodon\n|-hitcount|p2: Gastrodon|4\n|\n|upkeep\n|\n|t:|1700346257\n|switch|p2a: Walking Wake|Walking Wake|100\/100\n|-enditem|p2a: Walking Wake|Booster Energy\n|-activate|p2a: Walking Wake|ability: Protosynthesis|[fromitem]\n|-start|p2a: Walking Wake|protosynthesisspa\n|turn|3\n|\n|t:|1700346266\n|switch|p1a: Flutter Mane|Flutter Mane|100\/100\n|-damage|p1a: Flutter Mane|88\/100|[from] Stealth Rock\n|-terastallize|p2a: Walking Wake|Fairy\n|move|p2a: Walking Wake|Tera Blast|p1a: Flutter Mane|[anim] Tera Blast Fairy\n|-damage|p1a: Flutter Mane|26\/100\n|\n|upkeep\n|turn|4\n|inactive|Seanketchum has 120 seconds left.\n|\n|t:|1700346293\n|move|p1a: Flutter Mane|Shadow Ball|p2a: Walking Wake\n|-damage|p2a: Walking Wake|40\/100\n|-damage|p1a: Flutter Mane|16\/100|[from] item: Life Orb\n|move|p2a: Walking Wake|Hydro Steam|p1a: Flutter Mane\n|-damage|p1a: Flutter Mane|0 fnt\n|faint|p1a: Flutter Mane\n|-end|p1a: Flutter Mane|Protosynthesis|[silent]\n|\n|upkeep\n|inactive|Seanketchum has 120 seconds left.\n|\n|t:|1700346310\n|switch|p1a: Espathra|Espathra, M|100\/100\n|-damage|p1a: Espathra|88\/100|[from] Stealth Rock\n|turn|5\n|\n|t:|1700346316\n|move|p1a: Espathra|Protect|p1a: Espathra\n|-singleturn|p1a: Espathra|Protect\n|move|p2a: Walking Wake|Dragon Pulse|p1a: Espathra\n|-activate|p1a: Espathra|move: Protect\n|\n|-heal|p1a: Espathra|94\/100|[from] item: Leftovers\n|-ability|p1a: Espathra|Speed Boost|boost\n|-boost|p1a: Espathra|spe|1\n|upkeep\n|turn|6\n|inactive|Seanketchum has 120 seconds left.\n|\n|t:|1700346324\n|-terastallize|p1a: Espathra|Fairy\n|move|p1a: Espathra|Calm Mind|p1a: Espathra\n|-boost|p1a: Espathra|spa|1\n|-boost|p1a: Espathra|spd|1\n|move|p2a: Walking Wake|Dragon Pulse|p1a: Espathra\n|-immune|p1a: Espathra\n|\n|-heal|p1a: Espathra|100\/100|[from] item: Leftovers\n|-ability|p1a: Espathra|Speed Boost|boost\n|-boost|p1a: Espathra|spe|1\n|upkeep\n|turn|7\n|inactive|Seanketchum has 120 seconds left.\n|\n|t:|1700346337\n|move|p1a: Espathra|Calm Mind|p1a: Espathra\n|-boost|p1a: Espathra|spa|1\n|-boost|p1a: Espathra|spd|1\n|move|p2a: Walking Wake|Hydro Steam|p1a: Espathra\n|-damage|p1a: Espathra|59\/100\n|\n|-heal|p1a: Espathra|65\/100|[from] item: Leftovers\n|-ability|p1a: Espathra|Speed Boost|boost\n|-boost|p1a: Espathra|spe|1\n|upkeep\n|turn|8\n|\n|t:|1700346344\n|move|p1a: Espathra|Protect|p1a: Espathra\n|-singleturn|p1a: Espathra|Protect\n|move|p2a: Walking Wake|Hydro Steam|p1a: Espathra\n|-activate|p1a: Espathra|move: Protect\n|\n|-heal|p1a: Espathra|72\/100|[from] item: Leftovers\n|-ability|p1a: Espathra|Speed Boost|boost\n|-boost|p1a: Espathra|spe|1\n|upkeep\n|turn|9\n|\n|t:|1700346354\n|move|p1a: Espathra|Stored Power|p2a: Walking Wake\n|-damage|p2a: Walking Wake|0 fnt\n|faint|p2a: Walking Wake\n|-end|p2a: Walking Wake|Protosynthesis|[silent]\n|\n|-heal|p1a: Espathra|78\/100|[from] item: Leftovers\n|-ability|p1a: Espathra|Speed Boost|boost\n|-boost|p1a: Espathra|spe|1\n|upkeep\n|c|\u2606Seanketchum|Woop\n|\n|t:|1700346365\n|switch|p2a: Quaquaval|Quaquaval, F|100\/100\n|turn|10\n|\n|t:|1700346370\n|move|p1a: Espathra|Stored Power|p2a: Quaquaval\n|-supereffective|p2a: Quaquaval\n|-damage|p2a: Quaquaval|0 fnt\n|faint|p2a: Quaquaval\n|\n|-heal|p1a: Espathra|84\/100|[from] item: Leftovers\n|-ability|p1a: Espathra|Speed Boost|boost\n|-boost|p1a: Espathra|spe|1\n|upkeep\n|\n|t:|1700346374\n|switch|p2a: Chi-Yu|Chi-Yu|100\/100\n|-ability|p2a: Chi-Yu|Beads of Ruin\n|turn|11\n|\n|t:|1700346379\n|move|p1a: Espathra|Dazzling Gleam|p2a: Chi-Yu\n|-damage|p2a: Chi-Yu|40\/100\n|move|p2a: Chi-Yu|Flamethrower|p1a: Espathra\n|-damage|p1a: Espathra|31\/100\n|\n|-heal|p1a: Espathra|37\/100|[from] item: Leftovers\n|upkeep\n|turn|12\n|\n|t:|1700346385\n|move|p1a: Espathra|Dazzling Gleam|p2a: Chi-Yu\n|-damage|p2a: Chi-Yu|0 fnt\n|faint|p2a: Chi-Yu\n|\n|-heal|p1a: Espathra|44\/100|[from] item: Leftovers\n|upkeep\n|\n|t:|1700346388\n|switch|p2a: Kyogre|Kyogre, shiny|100\/100\n|-weather|RainDance|[from] ability: Drizzle|[of] p2a: Kyogre\n|turn|13\n|\n|t:|1700346393\n|move|p1a: Espathra|Stored Power|p2a: Kyogre\n|-damage|p2a: Kyogre|7\/100\n|move|p2a: Kyogre|Origin Pulse|p1a: Espathra\n|-damage|p1a: Espathra|0 fnt\n|faint|p1a: Espathra\n|\n|-weather|RainDance|[upkeep]\n|-heal|p2a: Kyogre|14\/100|[from] item: Leftovers\n|upkeep\n|\n|t:|1700346402\n|switch|p1a: Sneasler|Sneasler, F|100\/100\n|-damage|p1a: Sneasler|95\/100|[from] Stealth Rock\n|-item|p1a: Sneasler|Air Balloon\n|turn|14\n|\n|t:|1700346408\n|move|p1a: Sneasler|Dire Claw|p2a: Kyogre\n|-damage|p2a: Kyogre|0 fnt\n|faint|p2a: Kyogre\n|\n|-weather|RainDance|[upkeep]\n|upkeep\n|\n|t:|1700346410\n|switch|p2a: Basculegion|Basculegion, M|100\/100\n|turn|15\n|\n|t:|1700346418\n|move|p2a: Basculegion|Last Respects|p1a: Sneasler\n|-damage|p1a: Sneasler|0 fnt\n|-enditem|p1a: Sneasler|Air Balloon\n|faint|p1a: Sneasler\n|\n|-weather|RainDance|[upkeep]\n|upkeep\n|\n|t:|1700346425\n|switch|p1a: Garganacl|Garganacl, M|100\/100\n|-damage|p1a: Garganacl|88\/100|[from] Stealth Rock\n|turn|16\n|\n|t:|1700346430\n|move|p2a: Basculegion|Last Respects|p1a: Garganacl\n|-damage|p1a: Garganacl|53\/100\n|move|p1a: Garganacl|Salt Cure|p2a: Basculegion\n|-damage|p2a: Basculegion|83\/100\n|-start|p2a: Basculegion|Salt Cure\n|\n|-weather|RainDance|[upkeep]\n|-damage|p2a: Basculegion|58\/100|[from] Salt Cure\n|upkeep\n|turn|17\n|\n|t:|1700346435\n|move|p2a: Basculegion|Last Respects|p1a: Garganacl\n|-damage|p1a: Garganacl|13\/100\n|-enditem|p1a: Garganacl|Sitrus Berry|[eat]\n|-heal|p1a: Garganacl|38\/100|[from] item: Sitrus Berry\n|move|p1a: Garganacl|Recover|p1a: Garganacl\n|-heal|p1a: Garganacl|88\/100\n|\n|-weather|none\n|-damage|p2a: Basculegion|33\/100|[from] Salt Cure\n|upkeep\n|turn|18\n|\n|t:|1700346440\n|move|p2a: Basculegion|Last Respects|p1a: Garganacl\n|-damage|p1a: Garganacl|50\/100\n|move|p1a: Garganacl|Iron Defense|p1a: Garganacl\n|-boost|p1a: Garganacl|def|2\n|\n|-damage|p2a: Basculegion|8\/100|[from] Salt Cure\n|upkeep\n|turn|19\n|\n|t:|1700346445\n|move|p2a: Basculegion|Last Respects|p1a: Garganacl\n|-crit|p1a: Garganacl\n|-damage|p1a: Garganacl|0 fnt\n|faint|p1a: Garganacl\n|\n|-damage|p2a: Basculegion|0 fnt|[from] Salt Cure\n|faint|p2a: Basculegion\n|\n|win|Seanketchum\n|upkeep\n|raw|Seanketchum's rating: 1068 &rarr; <strong>1102<\/strong><br \/>(+34 for winning)\n|raw|llBrayzed's rating: 1120 &rarr; <strong>1091<\/strong><br \/>(-29 for losing)\n|c|\u2606Seanketchum|Gg\n|l|\u2606llBrayzed\n","uploadtime":1700346461,"views":12,"p1id":"seanketchum","p2id":"llbrayzed","formatid":"gen9ubers","rating":1091,"private":0,"password":""}