{"id":"gen9ubers-1980596259","p1":"Gaara1","p2":"SadaShidz\ufe0f","format":"[Gen 9] Ubers","log":"|j|\u2606Gaara1\n|j|\u2606SadaShidz\ufe0f\n|t:|1698801404\n|gametype|singles\n|player|p1|Gaara1|blue|1241\n|player|p2|SadaShidz\ufe0f|sada-ai|1159\n|teamsize|p1|6\n|teamsize|p2|6\n|gen|9\n|tier|[Gen 9] Ubers\n|rated|\n|rule|Sleep Clause Mod: Limit one foe put to sleep\n|rule|Species Clause: Limit one of each Pok\u00e9mon\n|rule|OHKO Clause: OHKO moves are banned\n|rule|Evasion Items Clause: Evasion items are banned\n|rule|Evasion Moves Clause: Evasion moves are banned\n|rule|Endless Battle Clause: Forcing endless battles is banned\n|rule|HP Percentage Mod: HP is shown in percentages\n|clearpoke\n|poke|p1|Glimmora, M|\n|poke|p1|Koraidon|\n|poke|p1|Zacian-*|\n|poke|p1|Garchomp, M|\n|poke|p1|Pelipper, M|\n|poke|p1|Basculegion, M|\n|poke|p2|Chien-Pao|\n|poke|p2|Ogerpon-Hearthflame, F|\n|poke|p2|Arceus-Ghost|\n|poke|p2|Iron Valiant|\n|poke|p2|Great Tusk|\n|poke|p2|Koraidon|\n|teampreview\n|inactive|Battle timer is ON: inactive players will automatically lose when time's up. (requested by Gaara1)\n|\n|t:|1698801415\n|start\n|switch|p1a: Glimmora|Glimmora, M, shiny|100\/100\n|switch|p2a: Yamz|Arceus-Ghost, shiny|100\/100\n|turn|1\n|\n|t:|1698801425\n|move|p2a: Yamz|Calm Mind|p2a: Yamz\n|-boost|p2a: Yamz|spa|1\n|-boost|p2a: Yamz|spd|1\n|move|p1a: Glimmora|Mortal Spin|p2a: Yamz\n|-resisted|p2a: Yamz\n|-damage|p2a: Yamz|98\/100\n|-status|p2a: Yamz|psn\n|\n|-damage|p2a: Yamz|86\/100 psn|[from] psn\n|upkeep\n|turn|2\n|\n|t:|1698801434\n|move|p2a: Yamz|Judgment|p1a: Glimmora\n|-enditem|p1a: Glimmora|Focus Sash\n|-damage|p1a: Glimmora|1\/100\n|move|p1a: Glimmora|Stealth Rock|p2a: Yamz\n|-sidestart|p2: SadaShidz\ufe0f|move: Stealth Rock\n|\n|-damage|p2a: Yamz|74\/100 psn|[from] psn\n|upkeep\n|turn|3\n|\n|t:|1698801443\n|move|p2a: Yamz|Judgment|p1a: Glimmora\n|-crit|p1a: Glimmora\n|-damage|p1a: Glimmora|0 fnt\n|faint|p1a: Glimmora\n|\n|-damage|p2a: Yamz|61\/100 psn|[from] psn\n|upkeep\n|\n|t:|1698801449\n|switch|p1a: Overused Legend|Koraidon|100\/100\n|-weather|SunnyDay|[from] ability: Orichalcum Pulse|[of] p1a: Overused Legend\n|-activate|p1a: Overused Legend|Orichalcum Pulse|[source]\n|turn|4\n|\n|t:|1698801455\n|move|p2a: Yamz|Judgment|p1a: Overused Legend\n|-damage|p1a: Overused Legend|40\/100\n|move|p1a: Overused Legend|Bulk Up|p1a: Overused Legend\n|-boost|p1a: Overused Legend|atk|1\n|-boost|p1a: Overused Legend|def|1\n|\n|-weather|SunnyDay|[upkeep]\n|-heal|p1a: Overused Legend|46\/100|[from] item: Leftovers\n|-damage|p2a: Yamz|49\/100 psn|[from] psn\n|upkeep\n|turn|5\n|\n|t:|1698801464\n|move|p2a: Yamz|Judgment|p1a: Overused Legend\n|-damage|p1a: Overused Legend|0 fnt\n|faint|p1a: Overused Legend\n|\n|-weather|SunnyDay|[upkeep]\n|-damage|p2a: Yamz|37\/100 psn|[from] psn\n|upkeep\n|\n|t:|1698801471\n|switch|p1a: Zacian|Zacian-Crowned, shiny|100\/100\n|-ability|p1a: Zacian|Intrepid Sword|boost\n|-boost|p1a: Zacian|atk|1\n|turn|6\n|\n|t:|1698801477\n|move|p1a: Zacian|Trailblaze|p2a: Yamz\n|-damage|p2a: Yamz|17\/100 psn\n|-boost|p1a: Zacian|spe|1\n|move|p2a: Yamz|Judgment|p1a: Zacian\n|-damage|p1a: Zacian|33\/100\n|\n|-weather|SunnyDay|[upkeep]\n|-damage|p2a: Yamz|5\/100 psn|[from] psn\n|upkeep\n|turn|7\n|\n|t:|1698801486\n|move|p1a: Zacian|Trailblaze|p2a: Yamz\n|-damage|p2a: Yamz|0 fnt\n|-boost|p1a: Zacian|spe|1\n|faint|p2a: Yamz\n|\n|-weather|SunnyDay|[upkeep]\n|upkeep\n|\n|t:|1698801488\n|switch|p2a: BigFatBone|Great Tusk|100\/100\n|-damage|p2a: BigFatBone|98\/100|[from] Stealth Rock\n|-activate|p2a: BigFatBone|ability: Protosynthesis\n|-start|p2a: BigFatBone|protosynthesisatk\n|turn|8\n|\n|t:|1698801502\n|-terastallize|p2a: BigFatBone|Steel\n|move|p1a: Zacian|Behemoth Blade|p2a: BigFatBone\n|-resisted|p2a: BigFatBone\n|-damage|p2a: BigFatBone|69\/100\n|move|p2a: BigFatBone|Rapid Spin|p1a: Zacian\n|-resisted|p1a: Zacian\n|-damage|p1a: Zacian|23\/100\n|-boost|p2a: BigFatBone|spe|1\n|-sideend|p2: SadaShidz\ufe0f|Stealth Rock|[from] move: Rapid Spin|[of] p2a: BigFatBone\n|\n|-weather|none\n|-end|p2a: BigFatBone|Protosynthesis\n|upkeep\n|-enditem|p2a: BigFatBone|Booster Energy\n|-activate|p2a: BigFatBone|ability: Protosynthesis|[fromitem]\n|-start|p2a: BigFatBone|protosynthesisspe\n|turn|9\n|\n|t:|1698801520\n|move|p1a: Zacian|Play Rough|p2a: BigFatBone\n|-resisted|p2a: BigFatBone\n|-damage|p2a: BigFatBone|43\/100\n|move|p2a: BigFatBone|Headlong Rush|p1a: Zacian\n|-supereffective|p1a: Zacian\n|-damage|p1a: Zacian|0 fnt\n|-unboost|p2a: BigFatBone|def|1\n|-unboost|p2a: BigFatBone|spd|1\n|faint|p1a: Zacian\n|\n|upkeep\n|\n|t:|1698801531\n|switch|p1a: Garchomp|Garchomp, M, shiny|100\/100\n|turn|10\n|\n|t:|1698801536\n|move|p2a: BigFatBone|Ice Spinner|p1a: Garchomp\n|-supereffective|p1a: Garchomp\n|-damage|p1a: Garchomp|0 fnt\n|-damage|p2a: BigFatBone|30\/100|[from] ability: Rough Skin|[of] p1a: Garchomp\n|-damage|p2a: BigFatBone|14\/100|[from] item: Rocky Helmet|[of] p1a: Garchomp\n|faint|p1a: Garchomp\n|\n|upkeep\n|\n|t:|1698801543\n|switch|p1a: Pelipper|Pelipper, M, shiny|100\/100\n|-weather|RainDance|[from] ability: Drizzle|[of] p1a: Pelipper\n|turn|11\n|\n|t:|1698801549\n|move|p2a: BigFatBone|Knock Off|p1a: Pelipper\n|-damage|p1a: Pelipper|55\/100\n|-enditem|p1a: Pelipper|Damp Rock|[from] move: Knock Off|[of] p2a: BigFatBone\n|move|p1a: Pelipper|Tailwind|p1a: Pelipper\n|-sidestart|p1: Gaara1|move: Tailwind\n|\n|-weather|RainDance|[upkeep]\n|upkeep\n|turn|12\n|\n|t:|1698801564\n|move|p2a: BigFatBone|Knock Off|p1a: Pelipper\n|-damage|p1a: Pelipper|28\/100\n|move|p1a: Pelipper|Knock Off|p2a: BigFatBone\n|-damage|p2a: BigFatBone|5\/100\n|\n|-weather|RainDance|[upkeep]\n|upkeep\n|turn|13\n|\n|t:|1698801572\n|move|p2a: BigFatBone|Rapid Spin|p1a: Pelipper\n|-damage|p1a: Pelipper|4\/100\n|-boost|p2a: BigFatBone|spe|1\n|move|p1a: Pelipper|Knock Off|p2a: BigFatBone\n|-damage|p2a: BigFatBone|0 fnt\n|faint|p2a: BigFatBone\n|-end|p2a: BigFatBone|Protosynthesis|[silent]\n|\n|-weather|RainDance|[upkeep]\n|upkeep\n|\n|t:|1698801586\n|switch|p2a: Type Bike|Koraidon|100\/100\n|-weather|SunnyDay|[from] ability: Orichalcum Pulse|[of] p2a: Type Bike\n|-activate|p2a: Type Bike|Orichalcum Pulse|[source]\n|turn|14\n|-message|Gaara1 forfeited.\n|\n|win|SadaShidz\ufe0f\n|raw|Gaara1's rating: 1241 &rarr; <strong>1210<\/strong><br \/>(-31 for losing)\n|raw|SadaShidz\ufe0f's rating: 1159 &rarr; <strong>1190<\/strong><br \/>(+31 for winning)\n|l|\u2606Gaara1\n","uploadtime":1698801593,"views":9,"p1id":"gaara1","p2id":"sadashidz","formatid":"gen9ubers","rating":1190,"private":0,"password":""}