{"id":"gen9ubers-1999390508","p1":"Rei_darkness","p2":"TRaSHiNSeCT","format":"[Gen 9] Ubers","log":"|j|\u2606Rei_darkness\n|j|\u2606TRaSHiNSeCT\n|t:|1701072326\n|gametype|singles\n|player|p1|Rei_darkness|drayden|\n|player|p2|TRaSHiNSeCT|workerice|\n|teamsize|p1|6\n|teamsize|p2|6\n|gen|9\n|tier|[Gen 9] Ubers\n|rule|Sleep Clause Mod: Limit one foe put to sleep\n|rule|Species Clause: Limit one of each Pok\u00e9mon\n|rule|OHKO Clause: OHKO moves are banned\n|rule|Evasion Items Clause: Evasion items are banned\n|rule|Evasion Moves Clause: Evasion moves are banned\n|rule|Endless Battle Clause: Forcing endless battles is banned\n|rule|HP Percentage Mod: HP is shown in percentages\n|clearpoke\n|poke|p1|Slowbro-Galar, F|\n|poke|p1|Weezing-Galar, M|\n|poke|p1|Calyrex-Ice|\n|poke|p1|Victreebel, F|\n|poke|p1|Scovillain, F|\n|poke|p1|Koraidon|\n|poke|p2|Garchomp, M|\n|poke|p2|Grimmsnarl, M|\n|poke|p2|Infernape, M|\n|poke|p2|Slowbro-Galar, F|\n|poke|p2|Darkrai|\n|poke|p2|Landorus-Therian, M|\n|teampreview\n|inactive|Battle timer is ON: inactive players will automatically lose when time's up. (requested by Rei_darkness)\n|inactive|Rei_darkness has 270 seconds left.\n|\n|t:|1701072360\n|start\n|switch|p1a: actualboxleg|Koraidon|100\/100\n|switch|p2a: Grimmsnarl|Grimmsnarl, M|100\/100\n|-weather|SunnyDay|[from] ability: Orichalcum Pulse|[of] p1a: actualboxleg\n|-activate|p1a: actualboxleg|Orichalcum Pulse|[source]\n|turn|1\n|\n|t:|1701072367\n|move|p2a: Grimmsnarl|Thunder Wave|p1a: actualboxleg\n|-status|p1a: actualboxleg|par\n|cant|p1a: actualboxleg|par\n|\n|-weather|SunnyDay|[upkeep]\n|upkeep\n|turn|2\n|\n|t:|1701072373\n|move|p2a: Grimmsnarl|Reflect|p2a: Grimmsnarl\n|-sidestart|p2: TRaSHiNSeCT|Reflect\n|move|p1a: actualboxleg|Fire Spin|p2a: Grimmsnarl\n|-damage|p2a: Grimmsnarl|87\/100\n|-activate|p2a: Grimmsnarl|move: Fire Spin|[of] p1a: actualboxleg\n|\n|-weather|SunnyDay|[upkeep]\n|-damage|p2a: Grimmsnarl|74\/100|[from] move: Fire Spin|[partiallytrapped]\n|upkeep\n|turn|3\n|\n|t:|1701072380\n|move|p1a: actualboxleg|Taunt|p2a: Grimmsnarl\n|-start|p2a: Grimmsnarl|move: Taunt\n|move|p2a: Grimmsnarl|Dazzling Gleam|p1a: actualboxleg\n|-supereffective|p1a: actualboxleg\n|-damage|p1a: actualboxleg|0 fnt\n|faint|p1a: actualboxleg\n|\n|-weather|SunnyDay|[upkeep]\n|-end|p2a: Grimmsnarl|Fire Spin|[partiallytrapped]|[silent]\n|upkeep\n|\n|t:|1701072394\n|switch|p1a: gen1shitmon|Victreebel, F|100\/100\n|turn|4\n|\n|t:|1701072402\n|switch|p2a: Slowbro|Slowbro-Galar, F|100\/100\n|move|p1a: gen1shitmon|Growth|p1a: gen1shitmon\n|-boost|p1a: gen1shitmon|atk|2\n|-boost|p1a: gen1shitmon|spa|2\n|\n|-weather|SunnyDay|[upkeep]\n|upkeep\n|turn|5\n|\n|t:|1701072409\n|move|p1a: gen1shitmon|Weather Ball|p2a: Slowbro\n|-damage|p2a: Slowbro|0 fnt\n|faint|p2a: Slowbro\n|\n|-weather|SunnyDay|[upkeep]\n|upkeep\n|\n|t:|1701072421\n|switch|p2a: Garchomp|Garchomp, M|100\/100\n|turn|6\n|\n|t:|1701072440\n|move|p1a: gen1shitmon|Solar Beam||[still]\n|-prepare|p1a: gen1shitmon|Solar Beam\n|-anim|p1a: gen1shitmon|Solar Beam|p2a: Garchomp\n|-damage|p2a: Garchomp|0 fnt\n|faint|p2a: Garchomp\n|\n|-weather|SunnyDay|[upkeep]\n|upkeep\n|\n|t:|1701072446\n|switch|p2a: Grimmsnarl|Grimmsnarl, M|74\/100\n|turn|7\n|\n|t:|1701072452\n|move|p2a: Grimmsnarl|Thunder Wave|p1a: gen1shitmon\n|-status|p1a: gen1shitmon|par\n|move|p1a: gen1shitmon|Sludge Bomb|p2a: Grimmsnarl\n|-supereffective|p2a: Grimmsnarl\n|-damage|p2a: Grimmsnarl|0 fnt\n|faint|p2a: Grimmsnarl\n|\n|-weather|SunnyDay|[upkeep]\n|upkeep\n|\n|t:|1701072464\n|switch|p2a: Infernape|Infernape, M|100\/100\n|turn|8\n|\n|t:|1701072468\n|move|p2a: Infernape|Flare Blitz|p1a: gen1shitmon\n|-supereffective|p1a: gen1shitmon\n|-enditem|p1a: gen1shitmon|Focus Sash\n|-damage|p1a: gen1shitmon|1\/100 par\n|-damage|p2a: Infernape|67\/100|[from] Recoil\n|move|p1a: gen1shitmon|Sludge Bomb|p2a: Infernape\n|-damage|p2a: Infernape|0 fnt\n|faint|p2a: Infernape\n|\n|-weather|none\n|upkeep\n|\n|t:|1701072483\n|switch|p2a: Darkrai|Darkrai|100\/100\n|turn|9\n|\n|t:|1701072486\n|move|p2a: Darkrai|Swords Dance|p2a: Darkrai\n|-boost|p2a: Darkrai|atk|2\n|move|p1a: gen1shitmon|Sludge Bomb|p2a: Darkrai\n|-damage|p2a: Darkrai|0 fnt\n|faint|p2a: Darkrai\n|\n|-sideend|p2: TRaSHiNSeCT|Reflect\n|upkeep\n|\n|t:|1701072492\n|switch|p2a: Landorus|Landorus-Therian, M|100\/100\n|-ability|p2a: Landorus|Intimidate|boost\n|-unboost|p1a: gen1shitmon|atk|1\n|turn|10\n|c|\u2606TRaSHiNSeCT|gg wp\n|\n|t:|1701072506\n|-terastallize|p2a: Landorus|Flying\n|move|p2a: Landorus|Tera Blast|p1a: gen1shitmon|[anim] Tera Blast Flying\n|-supereffective|p1a: gen1shitmon\n|-damage|p1a: gen1shitmon|0 fnt\n|faint|p1a: gen1shitmon\n|\n|upkeep\n|\n|t:|1701072518\n|switch|p1a: gen9shitmon|Scovillain, F|100\/100\n|turn|11\n|c|\u2606TRaSHiNSeCT|i mean, probably\n|\n|t:|1701072525\n|move|p2a: Landorus|Tera Blast|p1a: gen9shitmon|[anim] Tera Blast Flying\n|-supereffective|p1a: gen9shitmon\n|-enditem|p1a: gen9shitmon|Focus Sash\n|-damage|p1a: gen9shitmon|1\/100\n|move|p1a: gen9shitmon|Fire Fang|p2a: Landorus\n|-damage|p2a: Landorus|63\/100\n|\n|-heal|p2a: Landorus|69\/100|[from] item: Leftovers\n|upkeep\n|turn|12\n|\n|t:|1701072534\n|move|p2a: Landorus|Tera Blast|p1a: gen9shitmon|[anim] Tera Blast Flying\n|-supereffective|p1a: gen9shitmon\n|-crit|p1a: gen9shitmon\n|-damage|p1a: gen9shitmon|0 fnt\n|faint|p1a: gen9shitmon\n|\n|-heal|p2a: Landorus|75\/100|[from] item: Leftovers\n|upkeep\n|\n|t:|1701072538\n|switch|p1a: Weezing|Weezing-Galar, M|100\/100\n|turn|13\n|\n|t:|1701072542\n|move|p2a: Landorus|Taunt|p1a: Weezing\n|-start|p1a: Weezing|move: Taunt\n|move|p1a: Weezing|Strange Steam|p2a: Landorus\n|-damage|p2a: Landorus|42\/100\n|\n|-heal|p2a: Landorus|48\/100|[from] item: Leftovers\n|upkeep\n|turn|14\n|\n|t:|1701072550\n|move|p2a: Landorus|Tera Blast|p1a: Weezing|[anim] Tera Blast Flying\n|-damage|p1a: Weezing|35\/100\n|move|p1a: Weezing|Strange Steam|p2a: Landorus\n|-damage|p2a: Landorus|10\/100\n|\n|-heal|p2a: Landorus|16\/100|[from] item: Leftovers\n|-heal|p1a: Weezing|41\/100|[from] item: Leftovers\n|upkeep\n|turn|15\n|\n|t:|1701072558\n|move|p2a: Landorus|Tera Blast|p1a: Weezing|[anim] Tera Blast Flying\n|-crit|p1a: Weezing\n|-damage|p1a: Weezing|0 fnt\n|faint|p1a: Weezing\n|\n|-heal|p2a: Landorus|22\/100|[from] item: Leftovers\n|upkeep\n|\n|t:|1701072578\n|switch|p1a: Cowgurl|Slowbro-Galar, F|100\/100\n|turn|16\n|\n|t:|1701072582\n|-terastallize|p1a: Cowgurl|Psychic\n|move|p2a: Landorus|Earth Power|p1a: Cowgurl\n|-damage|p1a: Cowgurl|51\/100\n|move|p1a: Cowgurl|Psyshock|p2a: Landorus\n|-damage|p2a: Landorus|0 fnt\n|faint|p2a: Landorus\n|\n|win|Rei_darkness\n|c|\u2606Rei_darkness|GG\n|c|\u2606TRaSHiNSeCT|ggs\n","uploadtime":1701072589,"views":17,"p1id":"reidarkness","p2id":"trashinsect","formatid":"gen9ubers","rating":0,"private":0,"password":""}