{"id":"gen9ubers-1988645434","p1":"iceberg149","p2":"curtisthecacnea","format":"[Gen 9] Ubers","log":"|j|\u2606iceberg149\n|j|\u2606curtisthecacnea\n|t:|1699745686\n|gametype|singles\n|player|p1|iceberg149|ethan|\n|player|p2|curtisthecacnea|veteran|\n|teamsize|p1|6\n|teamsize|p2|6\n|gen|9\n|tier|[Gen 9] Ubers\n|rule|Sleep Clause Mod: Limit one foe put to sleep\n|rule|Species Clause: Limit one of each Pok\u00e9mon\n|rule|OHKO Clause: OHKO moves are banned\n|rule|Evasion Items Clause: Evasion items are banned\n|rule|Evasion Moves Clause: Evasion moves are banned\n|rule|Endless Battle Clause: Forcing endless battles is banned\n|rule|HP Percentage Mod: HP is shown in percentages\n|clearpoke\n|poke|p1|Mew|\n|poke|p1|Ursaluna-Bloodmoon, M|\n|poke|p1|Sneasler, F|\n|poke|p1|Gastrodon-East, F|\n|poke|p1|Muk-Alola, F|\n|poke|p1|Zoroark, F|\n|poke|p2|Cinderace, F|\n|poke|p2|Okidogi, M|\n|poke|p2|Sylveon, M|\n|poke|p2|Spidops, F|\n|poke|p2|Brambleghast, F|\n|poke|p2|Krookodile, F|\n|teampreview\n|j| KaoVT\n|c|\u2606iceberg149|hfhf\n|\n|t:|1699745865\n|start\n|switch|p1a: Swiper|Sneasler, F|100\/100\n|switch|p2a: Goblin Gang|Spidops, F|100\/100\n|turn|1\n|c|\u2606curtisthecacnea|gl hf\n|\n|t:|1699745893\n|move|p1a: Swiper|Dire Claw|p2a: Goblin Gang\n|-damage|p2a: Goblin Gang|48\/100\n|-status|p2a: Goblin Gang|par\n|move|p2a: Goblin Gang|Sticky Web|p1a: Swiper\n|-sidestart|p1: iceberg149|move: Sticky Web\n|\n|upkeep\n|turn|2\n|\n|t:|1699745909\n|move|p1a: Swiper|Bulk Up|p1a: Swiper\n|-boost|p1a: Swiper|atk|1\n|-boost|p1a: Swiper|def|1\n|move|p2a: Goblin Gang|Spikes|p1a: Swiper\n|-sidestart|p1: iceberg149|Spikes\n|\n|upkeep\n|turn|3\n|\n|t:|1699745915\n|move|p1a: Swiper|Dire Claw|p2a: Goblin Gang\n|-damage|p2a: Goblin Gang|0 fnt\n|faint|p2a: Goblin Gang\n|\n|upkeep\n|\n|t:|1699745918\n|switch|p2a: Goblin Giant|Okidogi, M|100\/100\n|turn|4\n|\n|t:|1699745949\n|move|p1a: Swiper|Dire Claw|p2a: Goblin Giant\n|-resisted|p2a: Goblin Giant\n|-damage|p2a: Goblin Giant|72\/100\n|move|p2a: Goblin Giant|Psychic Fangs|p1a: Swiper\n|-supereffective|p1a: Swiper\n|-damage|p1a: Swiper|0 fnt\n|faint|p1a: Swiper\n|\n|upkeep\n|j| DivogoJota\n|\n|t:|1699746002\n|switch|p1a: Bingus|Mew, shiny|100\/100\n|-activate|p1a: Bingus|move: Sticky Web\n|-unboost|p1a: Bingus|spe|1\n|-damage|p1a: Bingus|88\/100|[from] Spikes\n|turn|5\n|\n|t:|1699746046\n|switch|p2a: Dark Prince|Krookodile, F|100\/100\n|-ability|p2a: Dark Prince|Intimidate|boost\n|-unboost|p1a: Bingus|atk|1\n|move|p1a: Bingus|Will-O-Wisp|p2a: Dark Prince|[miss]\n|-miss|p1a: Bingus|p2a: Dark Prince\n|\n|upkeep\n|turn|6\n|\n|t:|1699746103\n|move|p2a: Dark Prince|Knock Off|p1a: Bingus\n|-supereffective|p1a: Bingus\n|-enditem|p1a: Bingus|Colbur Berry|[eat]\n|-enditem|p1a: Bingus|Colbur Berry|[weaken]\n|-damage|p1a: Bingus|37\/100\n|move|p1a: Bingus|Will-O-Wisp|p2a: Dark Prince\n|-status|p2a: Dark Prince|brn\n|\n|-damage|p2a: Dark Prince|94\/100 brn|[from] brn\n|upkeep\n|turn|7\n|\n|t:|1699746155\n|move|p2a: Dark Prince|Knock Off|p1a: Bingus\n|-supereffective|p1a: Bingus\n|-damage|p1a: Bingus|4\/100\n|move|p1a: Bingus|Ice Beam|p2a: Dark Prince\n|-supereffective|p2a: Dark Prince\n|-damage|p2a: Dark Prince|27\/100 brn\n|\n|-damage|p2a: Dark Prince|21\/100 brn|[from] brn\n|upkeep\n|turn|8\n|\n|t:|1699746199\n|move|p2a: Dark Prince|Knock Off|p1a: Bingus\n|-supereffective|p1a: Bingus\n|-damage|p1a: Bingus|0 fnt\n|faint|p1a: Bingus\n|\n|-damage|p2a: Dark Prince|15\/100 brn|[from] brn\n|upkeep\n|\n|t:|1699746222\n|switch|p1a: Scary Feet!|Ursaluna-Bloodmoon, M|100\/100\n|-activate|p1a: Scary Feet!|move: Sticky Web\n|-unboost|p1a: Scary Feet!|spe|1\n|-damage|p1a: Scary Feet!|88\/100|[from] Spikes\n|turn|9\n|\n|t:|1699746246\n|switch|p2a: Witch|Sylveon, M|100\/100\n|move|p1a: Scary Feet!|Moonblast|p2a: Witch\n|-damage|p2a: Witch|82\/100\n|\n|-heal|p2a: Witch|89\/100|[from] item: Leftovers\n|upkeep\n|turn|10\n|\n|t:|1699746320\n|move|p2a: Witch|Hyper Voice|p1a: Scary Feet!\n|-damage|p1a: Scary Feet!|58\/100\n|move|p1a: Scary Feet!|Blood Moon|p2a: Witch\n|-damage|p2a: Witch|45\/100\n|\n|-heal|p2a: Witch|51\/100|[from] item: Leftovers\n|upkeep\n|turn|11\n|\n|t:|1699746372\n|switch|p1a: me|Muk-Alola, F, shiny|100\/100\n|-activate|p1a: me|move: Sticky Web\n|-unboost|p1a: me|spe|1\n|-damage|p1a: me|88\/100|[from] Spikes\n|move|p2a: Witch|Wish|p2a: Witch\n|\n|-heal|p2a: Witch|57\/100|[from] item: Leftovers\n|upkeep\n|turn|12\n|\n|t:|1699746402\n|move|p2a: Witch|Protect|p2a: Witch\n|-singleturn|p2a: Witch|Protect\n|move|p1a: me|Poison Jab|p2a: Witch\n|-activate|p2a: Witch|move: Protect\n|\n|-heal|p2a: Witch|100\/100|[from] move: Wish|[wisher] Witch\n|upkeep\n|turn|13\n|\n|t:|1699746412\n|switch|p2a: Dark Prince|Krookodile, F|15\/100 brn\n|-ability|p2a: Dark Prince|Intimidate|boost\n|-unboost|p1a: me|atk|1\n|move|p1a: me|Poison Jab|p2a: Dark Prince\n|-resisted|p2a: Dark Prince\n|-damage|p2a: Dark Prince|3\/100 brn\n|\n|-damage|p2a: Dark Prince|0 fnt|[from] brn\n|faint|p2a: Dark Prince\n|upkeep\n|\n|t:|1699746445\n|switch|p2a: Goblin Giant|Okidogi, M|72\/100\n|turn|14\n|\n|t:|1699746476\n|move|p2a: Goblin Giant|Drain Punch|p1a: me\n|-damage|p1a: me|59\/100\n|-heal|p2a: Goblin Giant|88\/100|[from] drain|[of] p1a: me\n|move|p1a: me|Knock Off|p2a: Goblin Giant\n|-resisted|p2a: Goblin Giant\n|-damage|p2a: Goblin Giant|78\/100\n|-enditem|p2a: Goblin Giant|Assault Vest|[from] move: Knock Off|[of] p1a: me\n|\n|upkeep\n|turn|15\n|\n|t:|1699746542\n|switch|p1a: A Slug -David 2023|Gastrodon-East, F|100\/100\n|-activate|p1a: A Slug -David 2023|move: Sticky Web\n|-unboost|p1a: A Slug -David 2023|spe|1\n|-damage|p1a: A Slug -David 2023|88\/100|[from] Spikes\n|move|p2a: Goblin Giant|Knock Off|p1a: A Slug -David 2023\n|-damage|p1a: A Slug -David 2023|63\/100\n|-status|p1a: A Slug -David 2023|tox|[from] ability: Toxic Chain|[of] p2a: Goblin Giant\n|-enditem|p1a: A Slug -David 2023|Rindo Berry|[from] move: Knock Off|[of] p2a: Goblin Giant\n|\n|-damage|p1a: A Slug -David 2023|57\/100 tox|[from] psn\n|upkeep\n|turn|16\n|\n|t:|1699746607\n|switch|p2a: HOG RIDER!|Brambleghast, F|100\/100\n|move|p1a: A Slug -David 2023|Recover|p1a: A Slug -David 2023\n|-heal|p1a: A Slug -David 2023|100\/100 tox\n|\n|-damage|p1a: A Slug -David 2023|88\/100 tox|[from] psn\n|upkeep\n|turn|17\n|\n|t:|1699746664\n|switch|p1a: me|Muk-Alola, F, shiny|59\/100\n|-activate|p1a: me|move: Sticky Web\n|-unboost|p1a: me|spe|1\n|-damage|p1a: me|47\/100|[from] Spikes\n|-terastallize|p2a: HOG RIDER!|Ghost\n|move|p2a: HOG RIDER!|Leech Seed|p1a: me\n|-start|p1a: me|move: Leech Seed\n|\n|-damage|p1a: me|34\/100|[from] Leech Seed|[of] p2a: HOG RIDER!\n|upkeep\n|turn|18\n|\n|t:|1699746677\n|switch|p2a: Goblin Giant|Okidogi, M|78\/100\n|move|p1a: me|Knock Off|p2a: Goblin Giant\n|-resisted|p2a: Goblin Giant\n|-damage|p2a: Goblin Giant|69\/100\n|\n|-damage|p1a: me|22\/100|[from] Leech Seed|[of] p2a: Goblin Giant\n|-heal|p2a: Goblin Giant|83\/100|[silent]\n|upkeep\n|turn|19\n|\n|t:|1699746693\n|switch|p1a: A Slug -David 2023|Gastrodon-East, F|88\/100 tox\n|-activate|p1a: A Slug -David 2023|move: Sticky Web\n|-unboost|p1a: A Slug -David 2023|spe|1\n|-damage|p1a: A Slug -David 2023|76\/100 tox|[from] Spikes\n|move|p2a: Goblin Giant|Drain Punch|p1a: A Slug -David 2023\n|-damage|p1a: A Slug -David 2023|44\/100 tox\n|-heal|p2a: Goblin Giant|100\/100|[from] drain|[of] p1a: A Slug -David 2023\n|\n|-damage|p1a: A Slug -David 2023|38\/100 tox|[from] psn\n|upkeep\n|turn|20\n|\n|t:|1699746705\n|switch|p2a: HOG RIDER!|Brambleghast, F, tera:Ghost|100\/100\n|move|p1a: A Slug -David 2023|Earth Power|p2a: HOG RIDER!\n|-damage|p2a: HOG RIDER!|47\/100\n|\n|-heal|p2a: HOG RIDER!|53\/100|[from] item: Leftovers\n|-damage|p1a: A Slug -David 2023|26\/100 tox|[from] psn\n|upkeep\n|turn|21\n|\n|t:|1699746714\n|move|p2a: HOG RIDER!|Power Whip|p1a: A Slug -David 2023\n|-supereffective|p1a: A Slug -David 2023\n|-damage|p1a: A Slug -David 2023|0 fnt\n|faint|p1a: A Slug -David 2023\n|\n|-heal|p2a: HOG RIDER!|59\/100|[from] item: Leftovers\n|upkeep\n|\n|t:|1699746719\n|switch|p1a: Scary Feet!|Ursaluna-Bloodmoon, M|100\/100\n|-activate|p1a: Scary Feet!|move: Sticky Web\n|-unboost|p1a: Scary Feet!|spe|1\n|-damage|p1a: Scary Feet!|88\/100|[from] Spikes\n|turn|22\n|\n|t:|1699746774\n|switch|p2a: Goblin Giant|Okidogi, M|100\/100\n|move|p1a: Scary Feet!|Knock Off|p2a: Goblin Giant\n|-resisted|p2a: Goblin Giant\n|-damage|p2a: Goblin Giant|89\/100\n|\n|upkeep\n|turn|23\n|\n|t:|1699746799\n|switch|p1a: me|Muk-Alola, F, shiny|22\/100\n|-activate|p1a: me|move: Sticky Web\n|-unboost|p1a: me|spe|1\n|-damage|p1a: me|10\/100|[from] Spikes\n|move|p2a: Goblin Giant|Drain Punch|p1a: me\n|-damage|p1a: me|0 fnt\n|-heal|p2a: Goblin Giant|94\/100|[from] drain|[of] p1a: me\n|faint|p1a: me\n|\n|upkeep\n|\n|t:|1699746809\n|switch|p1a: Scary Feet!|Ursaluna-Bloodmoon, M|58\/100\n|-activate|p1a: Scary Feet!|move: Sticky Web\n|-unboost|p1a: Scary Feet!|spe|1\n|-damage|p1a: Scary Feet!|45\/100|[from] Spikes\n|turn|24\n|\n|t:|1699746828\n|move|p2a: Goblin Giant|Drain Punch|p1a: Scary Feet!\n|-supereffective|p1a: Scary Feet!\n|-damage|p1a: Scary Feet!|0 fnt\n|-heal|p2a: Goblin Giant|100\/100|[from] drain|[of] p1a: Scary Feet!\n|faint|p1a: Scary Feet!\n|\n|upkeep\n|\n|t:|1699746832\n|switch|p1a: Twoser|Zoroark, F, shiny|88\/100\n|-activate|p1a: Twoser|move: Sticky Web\n|-unboost|p1a: Twoser|spe|1\n|-damage|p1a: Twoser|76\/100|[from] Spikes\n|turn|25\n|\n|t:|1699746838\n|move|p1a: Twoser|Dig||[still]\n|-prepare|p1a: Twoser|Dig\n|-enditem|p1a: Twoser|Power Herb\n|-anim|p1a: Twoser|Dig|p2a: Goblin Giant\n|-supereffective|p2a: Goblin Giant\n|-damage|p2a: Goblin Giant|61\/100\n|move|p2a: Goblin Giant|Drain Punch|p1a: Twoser\n|-supereffective|p1a: Twoser\n|-damage|p1a: Twoser|0 fnt\n|-heal|p2a: Goblin Giant|87\/100|[from] drain|[of] p1a: Twoser\n|faint|p1a: Twoser\n|\n|win|curtisthecacnea\n|c|\u2606iceberg149|gg\n|c|\u2606curtisthecacnea|sick tech\n|c|\u2606curtisthecacnea|gg\n|l|\u2606iceberg149\n|c| DivogoJota|so was Zoroark in the last spot\n|c| DivogoJota|had to have been right?\n|c|\u2606curtisthecacnea|it came out as bloodmoon\n|l| KaoVT\n|c| DivogoJota|Did it\n|c|\u2606curtisthecacnea|yuh\n|c|\u2606curtisthecacnea|cuz bloodmoon was low and he came in at full and took spikes\n|c| DivogoJota|You right\n|c| DivogoJota|Spaced out\n|c|\u2606curtisthecacnea|all good haha\n|l|\u2606curtisthecacnea\n","uploadtime":1699746853,"views":63,"p1id":"iceberg149","p2id":"curtisthecacnea","formatid":"gen9ubers","rating":0,"private":0,"password":""}