{"id":"gen9ubers-1994297610","p1":"EX1400","p2":"Hedgehog415","format":"[Gen 9] Ubers","log":"|j|\u2606EX1400\n|j|\u2606Hedgehog415\n|t:|1700428353\n|gametype|singles\n|player|p1|EX1400|benga|\n|player|p2|Hedgehog415|hilbert|\n|teamsize|p1|6\n|teamsize|p2|6\n|gen|9\n|tier|[Gen 9] Ubers\n|rule|Sleep Clause Mod: Limit one foe put to sleep\n|rule|Species Clause: Limit one of each Pok\u00e9mon\n|rule|OHKO Clause: OHKO moves are banned\n|rule|Evasion Items Clause: Evasion items are banned\n|rule|Evasion Moves Clause: Evasion moves are banned\n|rule|Endless Battle Clause: Forcing endless battles is banned\n|rule|HP Percentage Mod: HP is shown in percentages\n|clearpoke\n|poke|p1|Dragonite, M|\n|poke|p1|Ninetales-Alola, F|\n|poke|p1|Empoleon, F|\n|poke|p1|Gengar, F|\n|poke|p1|Iron Hands|\n|poke|p1|Rotom-Heat|\n|poke|p2|Dragapult, F|\n|poke|p2|Great Tusk|\n|poke|p2|Meowscarada, F|\n|poke|p2|Samurott-Hisui, M|\n|poke|p2|Lucario, M|\n|poke|p2|Arcanine-Hisui, M|\n|teampreview\n|j| KosmicBAD\n|\n|t:|1700428395\n|start\n|switch|p1a: Empoleon|Empoleon, F|100\/100\n|switch|p2a: Peter Griffin|Dragapult, F, shiny|100\/100\n|turn|1\n|\n|t:|1700428411\n|-terastallize|p2a: Peter Griffin|Electric\n|move|p2a: Peter Griffin|Dragon Dance|p2a: Peter Griffin\n|-boost|p2a: Peter Griffin|atk|1\n|-boost|p2a: Peter Griffin|spe|1\n|move|p1a: Empoleon|Blizzard|p2a: Peter Griffin\n|-damage|p2a: Peter Griffin|50\/100\n|\n|-heal|p2a: Peter Griffin|56\/100|[from] item: Leftovers\n|upkeep\n|turn|2\n|\n|t:|1700428434\n|switch|p1a: Iron Hands|Iron Hands|100\/100\n|-enditem|p1a: Iron Hands|Booster Energy\n|-activate|p1a: Iron Hands|ability: Quark Drive|[fromitem]\n|-start|p1a: Iron Hands|quarkdriveatk\n|move|p2a: Peter Griffin|Tera Blast|p1a: Iron Hands|[anim] Tera Blast Electric\n|-resisted|p1a: Iron Hands\n|-damage|p1a: Iron Hands|82\/100\n|\n|-heal|p2a: Peter Griffin|62\/100|[from] item: Leftovers\n|upkeep\n|turn|3\n|\n|t:|1700428449\n|move|p2a: Peter Griffin|Substitute|p2a: Peter Griffin\n|-start|p2a: Peter Griffin|Substitute\n|-damage|p2a: Peter Griffin|37\/100\n|move|p1a: Iron Hands|Earthquake|p2a: Peter Griffin\n|-supereffective|p2a: Peter Griffin\n|-end|p2a: Peter Griffin|Substitute\n|\n|-heal|p2a: Peter Griffin|43\/100|[from] item: Leftovers\n|upkeep\n|turn|4\n|\n|t:|1700428467\n|move|p2a: Peter Griffin|Dragon Darts|p1a: Iron Hands\n|-crit|p1a: Iron Hands\n|-damage|p1a: Iron Hands|45\/100\n|-anim|p2a: Peter Griffin|Dragon Darts|p1a: Iron Hands\n|-damage|p1a: Iron Hands|20\/100\n|move|p1a: Iron Hands|Drain Punch|p2a: Peter Griffin\n|-damage|p2a: Peter Griffin|0 fnt\n|-heal|p1a: Iron Hands|33\/100|[from] drain|[of] p2a: Peter Griffin\n|faint|p2a: Peter Griffin\n|\n|upkeep\n|\n|t:|1700428482\n|switch|p2a: Ice age mf|Great Tusk|100\/100\n|-enditem|p2a: Ice age mf|Booster Energy\n|-activate|p2a: Ice age mf|ability: Protosynthesis|[fromitem]\n|-start|p2a: Ice age mf|protosynthesisatk\n|turn|5\n|\n|t:|1700428537\n|move|p2a: Ice age mf|Bulk Up|p2a: Ice age mf\n|-boost|p2a: Ice age mf|atk|1\n|-boost|p2a: Ice age mf|def|1\n|move|p1a: Iron Hands|Play Rough|p2a: Ice age mf\n|-supereffective|p2a: Ice age mf\n|-damage|p2a: Ice age mf|60\/100\n|\n|upkeep\n|turn|6\n|c| KosmicBAD|ex if u win I will throw next week so you make playoffs\n|c| KosmicBAD|so u better win\n|c|\u2606EX1400|its not possible ngl\n|c|\u2606Hedgehog415|That would be so hype\n|c|\u2606EX1400|with this ice age mf\n|c| KosmicBAD|ur chillin\n|\n|t:|1700428575\n|-end|p1a: Iron Hands|Quark Drive|[silent]\n|switch|p1a: Gengar|Gengar, F|100\/100\n|move|p2a: Ice age mf|Earthquake|p1a: Gengar\n|-supereffective|p1a: Gengar\n|-damage|p1a: Gengar|0 fnt\n|-start|p2a: Ice age mf|Disable|Earthquake|[from] ability: Cursed Body|[of] p1a: Gengar\n|faint|p1a: Gengar\n|\n|upkeep\n|c| KosmicBAD|u can still beat it\n|c| KosmicBAD|trust\n|\n|t:|1700428605\n|switch|p1a: Empoleon|Empoleon, F|100\/100\n|turn|7\n|\n|t:|1700428631\n|move|p2a: Ice age mf|Close Combat|p1a: Empoleon\n|-supereffective|p1a: Empoleon\n|-damage|p1a: Empoleon|0 fnt\n|-unboost|p2a: Ice age mf|def|1\n|-unboost|p2a: Ice age mf|spd|1\n|faint|p1a: Empoleon\n|\n|upkeep\n|\n|t:|1700428647\n|switch|p1a: Ninetales|Ninetales-Alola, F|100\/100\n|-weather|Snow|[from] ability: Snow Warning|[of] p1a: Ninetales\n|turn|8\n|\n|t:|1700428659\n|-end|p2a: Ice age mf|Protosynthesis|[silent]\n|switch|p2a: :3|Arcanine-Hisui, M|100\/100\n|-ability|p2a: :3|Intimidate|boost\n|-unboost|p1a: Ninetales|atk|1\n|move|p1a: Ninetales|Aurora Veil|p1a: Ninetales\n|-sidestart|p1: EX1400|move: Aurora Veil\n|\n|-weather|Snow|[upkeep]\n|upkeep\n|turn|9\n|c| KosmicBAD|WHAT A PLAY\n|\n|t:|1700428693\n|switch|p1a: Dragonite|Dragonite, M|100\/100\n|move|p2a: :3|Will-O-Wisp|p1a: Dragonite\n|-status|p1a: Dragonite|brn\n|\n|-weather|Snow|[upkeep]\n|-damage|p1a: Dragonite|94\/100 brn|[from] brn\n|upkeep\n|turn|10\n|c| KosmicBAD|read like a book he is in ur head ryan\n|\n|t:|1700428703\n|move|p1a: Dragonite|Dragon Dance|p1a: Dragonite\n|-boost|p1a: Dragonite|atk|1\n|-boost|p1a: Dragonite|spe|1\n|move|p2a: :3|Stone Edge|p1a: Dragonite\n|-supereffective|p1a: Dragonite\n|-damage|p1a: Dragonite|53\/100 brn\n|\n|-weather|Snow|[upkeep]\n|-heal|p1a: Dragonite|60\/100 brn|[from] item: Leftovers\n|-damage|p1a: Dragonite|53\/100 brn|[from] brn\n|upkeep\n|turn|11\n|\n|t:|1700428714\n|-terastallize|p1a: Dragonite|Dragon\n|move|p1a: Dragonite|Dragon Dance|p1a: Dragonite\n|-boost|p1a: Dragonite|atk|1\n|-boost|p1a: Dragonite|spe|1\n|move|p2a: :3|Stone Edge|p1a: Dragonite\n|-damage|p1a: Dragonite|31\/100 brn\n|\n|-weather|Snow|[upkeep]\n|-heal|p1a: Dragonite|38\/100 brn|[from] item: Leftovers\n|-damage|p1a: Dragonite|31\/100 brn|[from] brn\n|upkeep\n|turn|12\n|\n|t:|1700428727\n|move|p1a: Dragonite|Earthquake|p2a: :3\n|-supereffective|p2a: :3\n|-damage|p2a: :3|0 fnt\n|faint|p2a: :3\n|\n|-weather|none\n|-heal|p1a: Dragonite|38\/100 brn|[from] item: Leftovers\n|-damage|p1a: Dragonite|31\/100 brn|[from] brn\n|upkeep\n|\n|t:|1700428747\n|switch|p2a: MY BOY!!!|Samurott-Hisui, M|100\/100\n|turn|13\n|\n|t:|1700428787\n|move|p1a: Dragonite|Iron Head|p2a: MY BOY!!!\n|-resisted|p2a: MY BOY!!!\n|-damage|p2a: MY BOY!!!|81\/100\n|move|p2a: MY BOY!!!|Ceaseless Edge|p1a: Dragonite\n|-damage|p1a: Dragonite|0 fnt\n|-sidestart|p1: EX1400|Spikes\n|faint|p1a: Dragonite\n|-damage|p2a: MY BOY!!!|71\/100|[from] item: Life Orb\n|\n|upkeep\n|\n|t:|1700428797\n|switch|p1a: Rotom|Rotom-Heat|100\/100\n|turn|14\n|\n|t:|1700428809\n|switch|p2a: Ice age mf|Great Tusk|60\/100\n|move|p1a: Rotom|Volt Switch|p2a: Ice age mf\n|-immune|p2a: Ice age mf\n|\n|upkeep\n|turn|15\n|\n|t:|1700428824\n|move|p2a: Ice age mf|Iron Head|p1a: Rotom\n|-resisted|p1a: Rotom\n|-damage|p1a: Rotom|97\/100\n|move|p1a: Rotom|Will-O-Wisp|p2a: Ice age mf\n|-status|p2a: Ice age mf|brn\n|\n|-heal|p1a: Rotom|100\/100|[from] item: Leftovers\n|-damage|p2a: Ice age mf|54\/100 brn|[from] brn\n|-sideend|p1: EX1400|move: Aurora Veil\n|upkeep\n|turn|16\n|\n|t:|1700428835\n|move|p1a: Rotom|Protect|p1a: Rotom\n|-singleturn|p1a: Rotom|Protect\n|move|p2a: Ice age mf|Bulk Up|p2a: Ice age mf\n|-boost|p2a: Ice age mf|atk|1\n|-boost|p2a: Ice age mf|def|1\n|\n|-damage|p2a: Ice age mf|48\/100 brn|[from] brn\n|upkeep\n|turn|17\n|\n|t:|1700428859\n|switch|p1a: Ninetales|Ninetales-Alola, F|100\/100\n|-damage|p1a: Ninetales|88\/100|[from] Spikes\n|-weather|Snow|[from] ability: Snow Warning|[of] p1a: Ninetales\n|move|p2a: Ice age mf|Close Combat|p1a: Ninetales\n|-damage|p1a: Ninetales|34\/100\n|-unboost|p2a: Ice age mf|def|1\n|-unboost|p2a: Ice age mf|spd|1\n|\n|-weather|Snow|[upkeep]\n|-damage|p2a: Ice age mf|42\/100 brn|[from] brn\n|upkeep\n|turn|18\n|c|\u2606Hedgehog415|Robby ember would go crazy\n|c| KosmicBAD|lmao\n|\n|t:|1700428888\n|move|p1a: Ninetales|Moonblast|p2a: Ice age mf\n|-supereffective|p2a: Ice age mf\n|-damage|p2a: Ice age mf|0 fnt\n|faint|p2a: Ice age mf\n|-end|p2a: Ice age mf|Protosynthesis|[silent]\n|\n|-weather|Snow|[upkeep]\n|upkeep\n|c| KosmicBAD|at the ege of my seat rn I am praying on your downfall so hard\n|\n|t:|1700428900\n|switch|p2a: Goku|Lucario, M, shiny|100\/100\n|turn|19\n|\n|t:|1700428935\n|move|p1a: Ninetales|Aurora Veil|p1a: Ninetales\n|-sidestart|p1: EX1400|move: Aurora Veil\n|move|p2a: Goku|Flash Cannon|p1a: Ninetales\n|-supereffective|p1a: Ninetales\n|-damage|p1a: Ninetales|0 fnt\n|faint|p1a: Ninetales\n|-damage|p2a: Goku|91\/100|[from] item: Life Orb\n|\n|-weather|Snow|[upkeep]\n|upkeep\n|\n|t:|1700428938\n|switch|p1a: Rotom|Rotom-Heat|100\/100\n|turn|20\n|\n|t:|1700428952\n|switch|p2a: MY BOY!!!|Samurott-Hisui, M|71\/100\n|move|p1a: Rotom|Will-O-Wisp|p2a: MY BOY!!!\n|-status|p2a: MY BOY!!!|brn\n|\n|-weather|Snow|[upkeep]\n|-damage|p2a: MY BOY!!!|65\/100 brn|[from] brn\n|upkeep\n|turn|21\n|\n|t:|1700428980\n|move|p2a: MY BOY!!!|Ceaseless Edge|p1a: Rotom\n|-damage|p1a: Rotom|88\/100\n|-sidestart|p1: EX1400|Spikes\n|-damage|p2a: MY BOY!!!|55\/100 brn|[from] item: Life Orb\n|move|p1a: Rotom|Volt Switch|p2a: MY BOY!!!\n|-supereffective|p2a: MY BOY!!!\n|-damage|p2a: MY BOY!!!|0 fnt\n|faint|p2a: MY BOY!!!\n|\n|t:|1700428990\n|switch|p1a: Iron Hands|Iron Hands|33\/100|[from] Volt Switch\n|-damage|p1a: Iron Hands|17\/100|[from] Spikes\n|\n|-weather|none\n|upkeep\n|\n|t:|1700429001\n|switch|p2a: Car|Meowscarada, F|100\/100\n|turn|22\n|\n|t:|1700429013\n|move|p2a: Car|Play Rough|p1a: Iron Hands\n|-start|p2a: Car|typechange|Fairy|[from] ability: Protean\n|-supereffective|p1a: Iron Hands\n|-damage|p1a: Iron Hands|0 fnt\n|faint|p1a: Iron Hands\n|-end|p1a: Iron Hands|Quark Drive|[silent]\n|-damage|p2a: Car|91\/100|[from] item: Life Orb\n|\n|upkeep\n|\n|t:|1700429018\n|switch|p1a: Rotom|Rotom-Heat|88\/100\n|turn|23\n|\n|t:|1700429025\n|move|p2a: Car|Knock Off|p1a: Rotom\n|-damage|p1a: Rotom|70\/100\n|-enditem|p1a: Rotom|Leftovers|[from] move: Knock Off|[of] p2a: Car\n|-damage|p2a: Car|81\/100|[from] item: Life Orb\n|move|p1a: Rotom|Will-O-Wisp|p2a: Car\n|-status|p2a: Car|brn\n|\n|-damage|p2a: Car|75\/100 brn|[from] brn\n|upkeep\n|turn|24\n|\n|t:|1700429049\n|move|p1a: Rotom|Protect|p1a: Rotom\n|-singleturn|p1a: Rotom|Protect\n|move|p2a: Car|Play Rough|p1a: Rotom\n|-activate|p1a: Rotom|move: Protect\n|\n|-damage|p2a: Car|68\/100 brn|[from] brn\n|upkeep\n|turn|25\n|\n|t:|1700429060\n|move|p2a: Car|Play Rough|p1a: Rotom\n|-resisted|p1a: Rotom\n|-damage|p1a: Rotom|65\/100\n|-damage|p2a: Car|59\/100 brn|[from] item: Life Orb\n|move|p1a: Rotom|Overheat|p2a: Car\n|-damage|p2a: Car|0 fnt\n|-unboost|p1a: Rotom|spa|2\n|faint|p2a: Car\n|\n|upkeep\n|c| KosmicBAD|EX NOOOO\n|\n|t:|1700429071\n|switch|p2a: Goku|Lucario, M, shiny|91\/100\n|turn|26\n|c|\u2606EX1400|what you mean no\n|c| KosmicBAD|bro if u volt switch u win\n|c|\u2606EX1400|no\n|c|\u2606EX1400|it wouldnt have killed him\n|c| KosmicBAD|so he cant do any damage to you\n|\n|t:|1700429110\n|move|p2a: Goku|Dragon Pulse|p1a: Rotom\n|-damage|p1a: Rotom|47\/100\n|-damage|p2a: Goku|81\/100|[from] item: Life Orb\n|move|p1a: Rotom|Will-O-Wisp|p2a: Goku\n|-status|p2a: Goku|brn\n|\n|-damage|p2a: Goku|75\/100 brn|[from] brn\n|-sideend|p1: EX1400|move: Aurora Veil\n|upkeep\n|turn|27\n|\n|t:|1700429119\n|move|p1a: Rotom|Protect|p1a: Rotom\n|-singleturn|p1a: Rotom|Protect\n|move|p2a: Goku|Dragon Pulse|p1a: Rotom\n|-activate|p1a: Rotom|move: Protect\n|\n|-damage|p2a: Goku|68\/100 brn|[from] brn\n|upkeep\n|turn|28\n|\n|t:|1700429133\n|move|p2a: Goku|Dragon Pulse|p1a: Rotom\n|-damage|p1a: Rotom|6\/100\n|-damage|p2a: Goku|59\/100 brn|[from] item: Life Orb\n|move|p1a: Rotom|Overheat|p2a: Goku\n|-supereffective|p2a: Goku\n|-damage|p2a: Goku|0 fnt\n|-unboost|p1a: Rotom|spa|2\n|faint|p2a: Goku\n|\n|win|EX1400\n|c| KosmicBAD|HOLY SHIT\n|c|\u2606EX1400|NO WYA\n|c| KosmicBAD|OMG\n|c|\u2606EX1400|LMAO\n|c| KosmicBAD|RYAN U SUCK\n|c|\u2606EX1400|THERE IS NO WAY|\n|c|\u2606EX1400|LMAO\n|c|\u2606EX1400|THATS JOEKS\n|c|\u2606EX1400|IM DEAD\n|c| KosmicBAD|EX IS IN PLAOFFS\n|c|\u2606EX1400|EZ\n|c|\u2606EX1400|LMA\n|c|\u2606Hedgehog415|W\n","uploadtime":1700429193,"views":22,"p1id":"ex1400","p2id":"hedgehog415","formatid":"gen9ubers","rating":0,"private":0,"password":""}