{"id":"gen9ubers-1978559687","p1":"Haziebien","p2":"Unwallable","format":"[Gen 9] Ubers","log":"|j|\u2606Haziebien\n|j|\u2606Unwallable\n|t:|1698555970\n|gametype|singles\n|player|p1|Haziebien|elesa|1425\n|player|p2|Unwallable|2|1379\n|teamsize|p1|6\n|teamsize|p2|6\n|gen|9\n|tier|[Gen 9] Ubers\n|rated|\n|rule|Sleep Clause Mod: Limit one foe put to sleep\n|rule|Species Clause: Limit one of each Pok\u00e9mon\n|rule|OHKO Clause: OHKO moves are banned\n|rule|Evasion Items Clause: Evasion items are banned\n|rule|Evasion Moves Clause: Evasion moves are banned\n|rule|Endless Battle Clause: Forcing endless battles is banned\n|rule|HP Percentage Mod: HP is shown in percentages\n|clearpoke\n|poke|p1|Kyogre|\n|poke|p1|Flutter Mane|\n|poke|p1|Arceus-Steel|\n|poke|p1|Koraidon|\n|poke|p1|Groudon|\n|poke|p1|Zacian-*|\n|poke|p2|Koraidon|\n|poke|p2|Zacian-*|\n|poke|p2|Miraidon|\n|poke|p2|Ting-Lu|\n|poke|p2|Giratina-Origin|\n|poke|p2|Arceus|\n|teampreview\n|inactive|Battle timer is ON: inactive players will automatically lose when time's up. (requested by Haziebien)\n|\n|t:|1698555997\n|start\n|switch|p1a: Koraidon|Koraidon|100\/100\n|switch|p2a: Giratina|Giratina-Origin|100\/100\n|-weather|SunnyDay|[from] ability: Orichalcum Pulse|[of] p1a: Koraidon\n|-activate|p1a: Koraidon|Orichalcum Pulse|[source]\n|turn|1\n|\n|t:|1698556010\n|-terastallize|p2a: Giratina|Poison\n|move|p1a: Koraidon|U-turn|p2a: Giratina\n|-resisted|p2a: Giratina\n|-damage|p2a: Giratina|90\/100\n|\n|t:|1698556017\n|switch|p1a: Arceus|Arceus-Steel|100\/100|[from] U-turn\n|move|p2a: Giratina|Will-O-Wisp|p1a: Arceus\n|-status|p1a: Arceus|brn\n|\n|-weather|SunnyDay|[upkeep]\n|-damage|p1a: Arceus|94\/100 brn|[from] brn\n|upkeep\n|turn|2\n|\n|t:|1698556026\n|move|p1a: Arceus|Cosmic Power|p1a: Arceus\n|-boost|p1a: Arceus|def|1\n|-boost|p1a: Arceus|spd|1\n|move|p2a: Giratina|Dragon Tail|p1a: Arceus|[miss]\n|-miss|p2a: Giratina|p1a: Arceus\n|\n|-weather|SunnyDay|[upkeep]\n|-damage|p1a: Arceus|88\/100 brn|[from] brn\n|upkeep\n|turn|3\n|\n|t:|1698556029\n|move|p1a: Arceus|Cosmic Power|p1a: Arceus\n|-boost|p1a: Arceus|def|1\n|-boost|p1a: Arceus|spd|1\n|move|p2a: Giratina|Dragon Tail|p1a: Arceus\n|-resisted|p1a: Arceus\n|-damage|p1a: Arceus|83\/100 brn\n|drag|p1a: Koraidon|Koraidon|100\/100\n|-activate|p1a: Koraidon|ability: Orichalcum Pulse\n|\n|-weather|SunnyDay|[upkeep]\n|upkeep\n|turn|4\n|\n|t:|1698556035\n|move|p1a: Koraidon|U-turn|p2a: Giratina\n|-resisted|p2a: Giratina\n|-damage|p2a: Giratina|79\/100\n|\n|t:|1698556037\n|switch|p1a: Arceus|Arceus-Steel|83\/100 brn|[from] U-turn\n|move|p2a: Giratina|Poltergeist|p1a: Arceus\n|-activate|p1a: Arceus|move: Poltergeist|Iron Plate\n|-damage|p1a: Arceus|46\/100 brn\n|\n|-weather|SunnyDay|[upkeep]\n|-damage|p1a: Arceus|40\/100 brn|[from] brn\n|upkeep\n|turn|5\n|\n|t:|1698556039\n|move|p1a: Arceus|Recover|p1a: Arceus\n|-heal|p1a: Arceus|90\/100 brn\n|move|p2a: Giratina|Poltergeist|p1a: Arceus\n|-activate|p1a: Arceus|move: Poltergeist|Iron Plate\n|-damage|p1a: Arceus|51\/100 brn\n|\n|-weather|none\n|-damage|p1a: Arceus|45\/100 brn|[from] brn\n|upkeep\n|turn|6\n|\n|t:|1698556046\n|switch|p1a: Groudon|Groudon|100\/100\n|-weather|SunnyDay|[from] ability: Drought|[of] p1a: Groudon\n|move|p2a: Giratina|Dragon Tail|p1a: Groudon\n|-damage|p1a: Groudon|83\/100\n|-damage|p2a: Giratina|63\/100|[from] item: Rocky Helmet|[of] p1a: Groudon\n|drag|p1a: Zacian|Zacian-Crowned|100\/100\n|-ability|p1a: Zacian|Intrepid Sword|boost\n|-boost|p1a: Zacian|atk|1\n|\n|-weather|SunnyDay|[upkeep]\n|upkeep\n|turn|7\n|\n|t:|1698556055\n|switch|p1a: Groudon|Groudon|83\/100\n|move|p2a: Giratina|Will-O-Wisp|p1a: Groudon\n|-status|p1a: Groudon|brn\n|\n|-weather|SunnyDay|[upkeep]\n|-damage|p1a: Groudon|76\/100 brn|[from] brn\n|upkeep\n|turn|8\n|\n|t:|1698556060\n|move|p1a: Groudon|Spikes|p2a: Giratina\n|-sidestart|p2: Unwallable|Spikes\n|move|p2a: Giratina|Dragon Tail|p1a: Groudon\n|-damage|p1a: Groudon|59\/100 brn\n|-damage|p2a: Giratina|46\/100|[from] item: Rocky Helmet|[of] p1a: Groudon\n|drag|p1a: Kyogre|Kyogre|100\/100\n|-weather|RainDance|[from] ability: Drizzle|[of] p1a: Kyogre\n|\n|-weather|RainDance|[upkeep]\n|upkeep\n|turn|9\n|\n|t:|1698556064\n|move|p2a: Giratina|Poltergeist|p1a: Kyogre\n|-activate|p1a: Kyogre|move: Poltergeist|Wacan Berry\n|-damage|p1a: Kyogre|32\/100\n|move|p1a: Kyogre|Surf|p2a: Giratina\n|-damage|p2a: Giratina|0 fnt\n|faint|p2a: Giratina\n|\n|-weather|RainDance|[upkeep]\n|upkeep\n|\n|t:|1698556073\n|switch|p2a: Koraidon|Koraidon|100\/100\n|-damage|p2a: Koraidon|88\/100|[from] Spikes\n|-weather|SunnyDay|[from] ability: Orichalcum Pulse|[of] p2a: Koraidon\n|-activate|p2a: Koraidon|Orichalcum Pulse|[source]\n|turn|10\n|\n|t:|1698556084\n|move|p2a: Koraidon|Scale Shot|p1a: Kyogre\n|-damage|p1a: Kyogre|15\/100\n|-damage|p1a: Kyogre|0 fnt\n|faint|p1a: Kyogre\n|-hitcount|p1: Kyogre|2\n|-unboost|p2a: Koraidon|def|1\n|-boost|p2a: Koraidon|spe|1\n|\n|-weather|SunnyDay|[upkeep]\n|upkeep\n|\n|t:|1698556097\n|switch|p1a: Groudon|Groudon|59\/100 brn\n|turn|11\n|\n|t:|1698556102\n|move|p2a: Koraidon|Swords Dance|p2a: Koraidon\n|-boost|p2a: Koraidon|atk|2\n|move|p1a: Groudon|Roar|p2a: Koraidon\n|drag|p2a: Ting-Lu|Ting-Lu|100\/100\n|-damage|p2a: Ting-Lu|88\/100|[from] Spikes\n|-ability|p2a: Ting-Lu|Vessel of Ruin\n|\n|-weather|SunnyDay|[upkeep]\n|-heal|p2a: Ting-Lu|94\/100|[from] item: Leftovers\n|-damage|p1a: Groudon|53\/100 brn|[from] brn\n|upkeep\n|turn|12\n|\n|t:|1698556113\n|move|p1a: Groudon|Spikes|p2a: Ting-Lu\n|-sidestart|p2: Unwallable|Spikes\n|move|p2a: Ting-Lu|Spikes|p1a: Groudon\n|-sidestart|p1: Haziebien|Spikes\n|\n|-weather|SunnyDay|[upkeep]\n|-heal|p2a: Ting-Lu|100\/100|[from] item: Leftovers\n|-damage|p1a: Groudon|47\/100 brn|[from] brn\n|upkeep\n|turn|13\n|\n|t:|1698556124\n|move|p1a: Groudon|Spikes|p2a: Ting-Lu\n|-sidestart|p2: Unwallable|Spikes\n|move|p2a: Ting-Lu|Spikes|p1a: Groudon\n|-sidestart|p1: Haziebien|Spikes\n|\n|-weather|SunnyDay|[upkeep]\n|-damage|p1a: Groudon|41\/100 brn|[from] brn\n|upkeep\n|turn|14\n|\n|t:|1698556126\n|move|p2a: Ting-Lu|Spikes|p1a: Groudon\n|-sidestart|p1: Haziebien|Spikes\n|move|p1a: Groudon|Roar|p2a: Ting-Lu\n|drag|p2a: Arceus|Arceus|100\/100\n|-damage|p2a: Arceus|76\/100|[from] Spikes\n|\n|-weather|none\n|-damage|p1a: Groudon|34\/100 brn|[from] brn\n|upkeep\n|turn|15\n|\n|t:|1698556130\n|move|p2a: Arceus|Taunt|p1a: Groudon\n|-start|p1a: Groudon|move: Taunt\n|cant|p1a: Groudon|move: Taunt|Will-O-Wisp\n|\n|-damage|p1a: Groudon|28\/100 brn|[from] brn\n|upkeep\n|turn|16\n|\n|t:|1698556137\n|switch|p1a: Koraidon|Koraidon|100\/100\n|-damage|p1a: Koraidon|76\/100|[from] Spikes\n|-weather|SunnyDay|[from] ability: Orichalcum Pulse|[of] p1a: Koraidon\n|-activate|p1a: Koraidon|Orichalcum Pulse|[source]\n|move|p2a: Arceus|Swords Dance|p2a: Arceus\n|-boost|p2a: Arceus|atk|2\n|\n|-weather|SunnyDay|[upkeep]\n|upkeep\n|turn|17\n|\n|t:|1698556142\n|switch|p1a: Arceus|Arceus-Steel|45\/100 brn\n|-damage|p1a: Arceus|20\/100 brn|[from] Spikes\n|move|p2a: Arceus|Extreme Speed|p1a: Arceus\n|-resisted|p1a: Arceus\n|-damage|p1a: Arceus|0 fnt\n|faint|p1a: Arceus\n|\n|-weather|SunnyDay|[upkeep]\n|upkeep\n|\n|t:|1698556150\n|switch|p1a: Zacian|Zacian-Crowned|100\/100\n|-damage|p1a: Zacian|76\/100|[from] Spikes\n|turn|18\n|\n|t:|1698556155\n|-terastallize|p1a: Zacian|Steel\n|move|p2a: Arceus|Extreme Speed|p1a: Zacian\n|-resisted|p1a: Zacian\n|-damage|p1a: Zacian|23\/100\n|move|p1a: Zacian|Behemoth Blade|p2a: Arceus\n|-damage|p2a: Arceus|20\/100\n|\n|-weather|SunnyDay|[upkeep]\n|upkeep\n|turn|19\n|\n|t:|1698556162\n|switch|p1a: Flutter Mane|Flutter Mane|100\/100\n|-activate|p1a: Flutter Mane|ability: Protosynthesis\n|-start|p1a: Flutter Mane|protosynthesisspe\n|move|p2a: Arceus|Shadow Claw|p1a: Flutter Mane\n|-supereffective|p1a: Flutter Mane\n|-damage|p1a: Flutter Mane|0 fnt\n|faint|p1a: Flutter Mane\n|-end|p1a: Flutter Mane|Protosynthesis|[silent]\n|\n|-weather|SunnyDay|[upkeep]\n|upkeep\n|-message|Haziebien forfeited.\n|\n|win|Unwallable\n|raw|Haziebien's rating: 1443 &rarr; <strong>1419<\/strong><br \/>(-24 for losing)\n|raw|Unwallable's rating: 1379 &rarr; <strong>1403<\/strong><br \/>(+24 for winning)\n|l|\u2606Haziebien\n|c|\u2606Unwallable|rolled\n","uploadtime":1698556174,"views":8,"p1id":"haziebien","p2id":"unwallable","formatid":"gen9ubers","rating":1403,"private":0,"password":""}