{"id":"gen9ubers-1972014408","p1":"MeteorAsh15","p2":"The N00B Guy","format":"[Gen 9] Ubers","log":"|j|\u2606MeteorAsh15\n|j|\u2606The N00B Guy\n|t:|1697804909\n|gametype|singles\n|player|p1|MeteorAsh15|nate|1217\n|player|p2|The N00B Guy|pokemonrangerf|1173\n|teamsize|p1|6\n|teamsize|p2|6\n|gen|9\n|tier|[Gen 9] Ubers\n|rated|\n|rule|Sleep Clause Mod: Limit one foe put to sleep\n|rule|Species Clause: Limit one of each Pok\u00e9mon\n|rule|OHKO Clause: OHKO moves are banned\n|rule|Evasion Items Clause: Evasion items are banned\n|rule|Evasion Moves Clause: Evasion moves are banned\n|rule|Endless Battle Clause: Forcing endless battles is banned\n|rule|HP Percentage Mod: HP is shown in percentages\n|clearpoke\n|poke|p1|Baxcalibur, F|\n|poke|p1|Ninetales-Alola, F|\n|poke|p1|Koraidon|\n|poke|p1|Zacian-*|\n|poke|p1|Tornadus, M|\n|poke|p1|Ribombee, F|\n|poke|p2|Cyclizar, M|\n|poke|p2|Hatterene, F|\n|poke|p2|Palafin, M|\n|poke|p2|Ogerpon-Hearthflame, F|\n|poke|p2|Landorus, M|\n|poke|p2|Zamazenta-*|\n|teampreview\n|inactive|Battle timer is ON: inactive players will automatically lose when time's up. (requested by MeteorAsh15)\n|\n|t:|1697804926\n|start\n|switch|p1a: Koraidon|Koraidon|100\/100\n|switch|p2a: Palafin|Palafin, M|100\/100\n|-weather|SunnyDay|[from] ability: Orichalcum Pulse|[of] p1a: Koraidon\n|-activate|p1a: Koraidon|Orichalcum Pulse|[source]\n|turn|1\n|\n|t:|1697804938\n|detailschange|p2a: Palafin|Palafin-Hero, M\n|switch|p2a: Hatterene|Hatterene, F|100\/100\n|move|p1a: Koraidon|Collision Course|p2a: Hatterene\n|-resisted|p2a: Hatterene\n|-damage|p2a: Hatterene|80\/100\n|\n|-weather|SunnyDay|[upkeep]\n|-heal|p2a: Hatterene|86\/100|[from] item: Leftovers\n|upkeep\n|turn|2\n|\n|t:|1697804947\n|move|p1a: Koraidon|Flare Blitz|p2a: Hatterene\n|-damage|p2a: Hatterene|0 fnt\n|faint|p2a: Hatterene\n|-damage|p1a: Koraidon|74\/100|[from] Recoil\n|\n|-weather|SunnyDay|[upkeep]\n|upkeep\n|\n|t:|1697804959\n|switch|p2a: Zamazenta|Zamazenta-Crowned|100\/100\n|-ability|p2a: Zamazenta|Dauntless Shield|boost\n|-boost|p2a: Zamazenta|def|1\n|turn|3\n|\n|t:|1697804964\n|-terastallize|p2a: Zamazenta|Water\n|move|p1a: Koraidon|Flare Blitz|p2a: Zamazenta\n|-resisted|p2a: Zamazenta\n|-damage|p2a: Zamazenta|80\/100\n|-damage|p1a: Koraidon|68\/100|[from] Recoil\n|move|p2a: Zamazenta|Iron Defense|p2a: Zamazenta\n|-boost|p2a: Zamazenta|def|2\n|\n|-weather|SunnyDay|[upkeep]\n|upkeep\n|turn|4\n|\n|t:|1697804975\n|move|p2a: Zamazenta|Howl|p2a: Zamazenta\n|-boost|p2a: Zamazenta|atk|1\n|move|p1a: Koraidon|Dragon Tail|p2a: Zamazenta\n|-damage|p2a: Zamazenta|66\/100\n|drag|p2a: Palafin|Palafin-Hero, M|100\/100\n|-activate|p2a: Palafin|ability: Zero to Hero\n|\n|-weather|SunnyDay|[upkeep]\n|upkeep\n|turn|5\n|\n|t:|1697804986\n|move|p1a: Koraidon|Collision Course|p2a: Palafin\n|-damage|p2a: Palafin|27\/100\n|move|p2a: Palafin|Bulk Up|p2a: Palafin\n|-boost|p2a: Palafin|atk|1\n|-boost|p2a: Palafin|def|1\n|\n|-weather|none\n|-heal|p2a: Palafin|34\/100|[from] item: Leftovers\n|upkeep\n|turn|6\n|\n|t:|1697804996\n|move|p2a: Palafin|Ice Punch|p1a: Koraidon\n|-supereffective|p1a: Koraidon\n|-damage|p1a: Koraidon|0 fnt\n|faint|p1a: Koraidon\n|\n|-heal|p2a: Palafin|40\/100|[from] item: Leftovers\n|upkeep\n|\n|t:|1697805004\n|switch|p1a: Ribombee|Ribombee, F, shiny|100\/100\n|turn|7\n|\n|t:|1697805008\n|move|p2a: Palafin|Jet Punch|p1a: Ribombee\n|-damage|p1a: Ribombee|2\/100\n|move|p1a: Ribombee|Sticky Web|p2a: Palafin\n|-sidestart|p2: The N00B Guy|move: Sticky Web\n|\n|-heal|p2a: Palafin|46\/100|[from] item: Leftovers\n|upkeep\n|turn|8\n|\n|t:|1697805016\n|move|p2a: Palafin|Jet Punch|p1a: Ribombee\n|-damage|p1a: Ribombee|0 fnt\n|faint|p1a: Ribombee\n|\n|-heal|p2a: Palafin|52\/100|[from] item: Leftovers\n|upkeep\n|\n|t:|1697805026\n|switch|p1a: Zacian|Zacian-Crowned, shiny|100\/100\n|-ability|p1a: Zacian|Intrepid Sword|boost\n|-boost|p1a: Zacian|atk|1\n|turn|9\n|\n|t:|1697805031\n|move|p2a: Palafin|Jet Punch|p1a: Zacian\n|-damage|p1a: Zacian|50\/100\n|move|p1a: Zacian|Play Rough|p2a: Palafin\n|-damage|p2a: Palafin|0 fnt\n|faint|p2a: Palafin\n|\n|upkeep\n|\n|t:|1697805043\n|switch|p2a: Zamazenta|Zamazenta-Crowned, tera:Water|66\/100\n|-activate|p2a: Zamazenta|move: Sticky Web\n|-unboost|p2a: Zamazenta|spe|1\n|turn|10\n|\n|t:|1697805049\n|move|p1a: Zacian|Play Rough|p2a: Zamazenta\n|-damage|p2a: Zamazenta|4\/100\n|move|p2a: Zamazenta|Iron Defense|p2a: Zamazenta\n|-boost|p2a: Zamazenta|def|2\n|\n|upkeep\n|turn|11\n|\n|t:|1697805056\n|move|p1a: Zacian|Crunch|p2a: Zamazenta\n|-damage|p2a: Zamazenta|0 fnt\n|faint|p2a: Zamazenta\n|\n|upkeep\n|\n|t:|1697805059\n|switch|p2a: Ogerpon|Ogerpon-Hearthflame, F|100\/100\n|-activate|p2a: Ogerpon|move: Sticky Web\n|-unboost|p2a: Ogerpon|spe|1\n|-ability|p2a: Ogerpon|Mold Breaker\n|turn|12\n|\n|t:|1697805070\n|move|p1a: Zacian|Crunch|p2a: Ogerpon\n|-damage|p2a: Ogerpon|37\/100\n|-unboost|p2a: Ogerpon|def|1\n|move|p2a: Ogerpon|Ivy Cudgel|p1a: Zacian\n|-supereffective|p1a: Zacian\n|-damage|p1a: Zacian|0 fnt\n|faint|p1a: Zacian\n|\n|upkeep\n|\n|t:|1697805082\n|switch|p1a: Ninetales|Ninetales-Alola, F|100\/100\n|-weather|Snow|[from] ability: Snow Warning|[of] p1a: Ninetales\n|turn|13\n|\n|t:|1697805091\n|switch|p2a: Cyclizar|Cyclizar, M|100\/100\n|-activate|p2a: Cyclizar|move: Sticky Web\n|-unboost|p2a: Cyclizar|spe|1\n|move|p1a: Ninetales|Aurora Veil|p1a: Ninetales\n|-sidestart|p1: MeteorAsh15|move: Aurora Veil\n|\n|-weather|Snow|[upkeep]\n|upkeep\n|turn|14\n|\n|t:|1697805099\n|move|p1a: Ninetales|Freeze-Dry|p2a: Cyclizar\n|-supereffective|p2a: Cyclizar\n|-damage|p2a: Cyclizar|0 fnt\n|faint|p2a: Cyclizar\n|\n|-weather|Snow|[upkeep]\n|upkeep\n|-message|The N00B Guy forfeited.\n|\n|win|MeteorAsh15\n|raw|MeteorAsh15's rating: 1217 &rarr; <strong>1239<\/strong><br \/>(+22 for winning)\n|raw|The N00B Guy's rating: 1173 &rarr; <strong>1151<\/strong><br \/>(-22 for losing)\n|l|\u2606The N00B Guy\n","uploadtime":1697805113,"views":12,"p1id":"meteorash15","p2id":"then00bguy","formatid":"gen9ubers","rating":1151,"private":0,"password":""}