{"id":"gen9ubers-1978486342","p1":"Dt77","p2":"zshmoneyy","format":"[Gen 9] Ubers","log":"|j|\u2606Dt77\n|j|\u2606zshmoneyy\n|t:|1698545222\n|gametype|singles\n|player|p1|Dt77|169|1139\n|player|p2|zshmoneyy|lorelei-lgpe|1123\n|teamsize|p1|6\n|teamsize|p2|6\n|gen|9\n|tier|[Gen 9] Ubers\n|rated|\n|rule|Sleep Clause Mod: Limit one foe put to sleep\n|rule|Species Clause: Limit one of each Pok\u00e9mon\n|rule|OHKO Clause: OHKO moves are banned\n|rule|Evasion Items Clause: Evasion items are banned\n|rule|Evasion Moves Clause: Evasion moves are banned\n|rule|Endless Battle Clause: Forcing endless battles is banned\n|rule|HP Percentage Mod: HP is shown in percentages\n|clearpoke\n|poke|p1|Urshifu-*, F|\n|poke|p1|Arceus-Water|\n|poke|p1|Kyogre|\n|poke|p1|Walking Wake|\n|poke|p1|Rayquaza|\n|poke|p1|Tornadus, M|\n|poke|p2|Gholdengo|\n|poke|p2|Slowking-Galar, M|\n|poke|p2|Dondozo, M|\n|poke|p2|Roaring Moon|\n|poke|p2|Great Tusk|\n|poke|p2|Cinderace, F|\n|teampreview\n|\n|t:|1698545231\n|start\n|switch|p1a: Kyogre|Kyogre|100\/100\n|switch|p2a: MuGiWaRa!!!|Slowking-Galar, M|100\/100\n|-weather|RainDance|[from] ability: Drizzle|[of] p1a: Kyogre\n|turn|1\n|\n|t:|1698545237\n|move|p1a: Kyogre|Thunderbolt|p2a: MuGiWaRa!!!\n|-damage|p2a: MuGiWaRa!!!|83\/100\n|move|p2a: MuGiWaRa!!!|Future Sight|p1a: Kyogre\n|-start|p2a: MuGiWaRa!!!|move: Future Sight\n|\n|-weather|RainDance|[upkeep]\n|upkeep\n|turn|2\n|\n|t:|1698545245\n|move|p1a: Kyogre|Ice Beam|p2a: MuGiWaRa!!!\n|-damage|p2a: MuGiWaRa!!!|65\/100\n|move|p2a: MuGiWaRa!!!|Psyshock|p1a: Kyogre\n|-damage|p1a: Kyogre|65\/100\n|\n|-weather|RainDance|[upkeep]\n|upkeep\n|turn|3\n|\n|t:|1698545254\n|move|p1a: Kyogre|Ice Beam|p2a: MuGiWaRa!!!\n|-damage|p2a: MuGiWaRa!!!|46\/100\n|move|p2a: MuGiWaRa!!!|Psyshock|p1a: Kyogre\n|-damage|p1a: Kyogre|32\/100\n|\n|-weather|RainDance|[upkeep]\n|-end|p1a: Kyogre|move: Future Sight\n|-damage|p1a: Kyogre|0 fnt\n|faint|p1a: Kyogre\n|upkeep\n|\n|t:|1698545261\n|switch|p1a: Tornadus|Tornadus, M|100\/100\n|turn|4\n|\n|t:|1698545273\n|switch|p2a: ZeHaHAHA|Gholdengo|100\/100\n|move|p1a: Tornadus|Dark Pulse|p2a: ZeHaHAHA\n|-supereffective|p2a: ZeHaHAHA\n|-damage|p2a: ZeHaHAHA|23\/100\n|-damage|p1a: Tornadus|90\/100|[from] item: Life Orb\n|\n|-weather|RainDance|[upkeep]\n|upkeep\n|turn|5\n|\n|t:|1698545310\n|move|p1a: Tornadus|Tailwind|p1a: Tornadus\n|-sidestart|p1: Dt77|move: Tailwind\n|move|p2a: ZeHaHAHA|Make It Rain|p1a: Tornadus\n|-damage|p1a: Tornadus|3\/100\n|-unboost|p2a: ZeHaHAHA|spa|1\n|\n|-weather|RainDance|[upkeep]\n|upkeep\n|turn|6\n|\n|t:|1698545334\n|switch|p2a: KaiDo!!|Dondozo, M|100\/100\n|move|p1a: Tornadus|Dark Pulse|p2a: KaiDo!!\n|-damage|p2a: KaiDo!!|68\/100\n|-damage|p1a: Tornadus|0 fnt|[from] item: Life Orb\n|faint|p1a: Tornadus\n|\n|-weather|RainDance|[upkeep]\n|-heal|p2a: KaiDo!!|74\/100|[from] item: Leftovers\n|upkeep\n|\n|t:|1698545342\n|switch|p1a: Arceus|Arceus-Water|100\/100\n|turn|7\n|\n|t:|1698545351\n|switch|p2a: MuGiWaRa!!!|Slowking-Galar, M|79\/100\n|move|p1a: Arceus|Giga Drain|p2a: MuGiWaRa!!!\n|-resisted|p2a: MuGiWaRa!!!\n|-damage|p2a: MuGiWaRa!!!|71\/100\n|\n|-weather|RainDance|[upkeep]\n|upkeep\n|turn|8\n|\n|t:|1698545359\n|move|p1a: Arceus|Dazzling Gleam|p2a: MuGiWaRa!!!\n|-resisted|p2a: MuGiWaRa!!!\n|-damage|p2a: MuGiWaRa!!!|63\/100\n|move|p2a: MuGiWaRa!!!|Future Sight|p1a: Arceus\n|-start|p2a: MuGiWaRa!!!|move: Future Sight\n|\n|-weather|none\n|-sideend|p1: Dt77|move: Tailwind\n|upkeep\n|turn|9\n|\n|t:|1698545368\n|move|p1a: Arceus|Ice Beam|p2a: MuGiWaRa!!!\n|-damage|p2a: MuGiWaRa!!!|46\/100\n|move|p2a: MuGiWaRa!!!|Psyshock|p1a: Arceus\n|-damage|p1a: Arceus|80\/100\n|\n|upkeep\n|turn|10\n|\n|t:|1698545382\n|move|p1a: Arceus|Hydro Pump|p2a: MuGiWaRa!!!\n|-damage|p2a: MuGiWaRa!!!|11\/100\n|move|p2a: MuGiWaRa!!!|Psyshock|p1a: Arceus\n|-damage|p1a: Arceus|58\/100\n|\n|-end|p1a: Arceus|move: Future Sight\n|-damage|p1a: Arceus|31\/100\n|upkeep\n|turn|11\n|inactive|Battle timer is ON: inactive players will automatically lose when time's up. (requested by Dt77)\n|\n|t:|1698545430\n|switch|p2a: Fire Fist Sabo\ud83d\udd25|Cinderace, F|100\/100\n|move|p1a: Arceus|Hydro Pump|p2a: Fire Fist Sabo\ud83d\udd25\n|-supereffective|p2a: Fire Fist Sabo\ud83d\udd25\n|-damage|p2a: Fire Fist Sabo\ud83d\udd25|0 fnt\n|faint|p2a: Fire Fist Sabo\ud83d\udd25\n|\n|upkeep\n|\n|t:|1698545449\n|switch|p2a: ZeHaHAHA|Gholdengo|23\/100\n|turn|12\n|\n|t:|1698545457\n|move|p2a: ZeHaHAHA|Shadow Ball|p1a: Arceus\n|-damage|p1a: Arceus|4\/100\n|move|p1a: Arceus|Dazzling Gleam|p2a: ZeHaHAHA\n|-resisted|p2a: ZeHaHAHA\n|-damage|p2a: ZeHaHAHA|7\/100\n|\n|upkeep\n|turn|13\n|\n|t:|1698545468\n|switch|p2a: MuGiWaRa!!!|Slowking-Galar, M|45\/100\n|switch|p1a: Urshifu|Urshifu-Rapid-Strike, F|100\/100\n|\n|upkeep\n|turn|14\n|\n|t:|1698545482\n|switch|p2a: KaiDo!!|Dondozo, M|74\/100\n|move|p1a: Urshifu|U-turn|p2a: KaiDo!!\n|-crit|p2a: KaiDo!!\n|-damage|p2a: KaiDo!!|59\/100\n|\n|t:|1698545488\n|switch|p1a: Arceus|Arceus-Water|4\/100|[from] U-turn\n|\n|-heal|p2a: KaiDo!!|65\/100|[from] item: Leftovers\n|upkeep\n|turn|15\n|\n|t:|1698545494\n|switch|p2a: MuGiWaRa!!!|Slowking-Galar, M|78\/100\n|move|p1a: Arceus|Giga Drain|p2a: MuGiWaRa!!!\n|-resisted|p2a: MuGiWaRa!!!\n|-damage|p2a: MuGiWaRa!!!|71\/100\n|-heal|p1a: Arceus|7\/100|[from] drain|[of] p2a: MuGiWaRa!!!\n|\n|upkeep\n|turn|16\n|\n|t:|1698545501\n|switch|p1a: Walking Wake|Walking Wake|100\/100\n|-enditem|p1a: Walking Wake|Booster Energy\n|-activate|p1a: Walking Wake|ability: Protosynthesis|[fromitem]\n|-start|p1a: Walking Wake|protosynthesisspa\n|move|p2a: MuGiWaRa!!!|Future Sight|p1a: Walking Wake\n|-start|p2a: MuGiWaRa!!!|move: Future Sight\n|\n|upkeep\n|turn|17\n|\n|t:|1698545518\n|move|p1a: Walking Wake|Hydro Steam|p2a: MuGiWaRa!!!\n|-damage|p2a: MuGiWaRa!!!|42\/100\n|move|p2a: MuGiWaRa!!!|Psyshock|p1a: Walking Wake\n|-damage|p1a: Walking Wake|66\/100\n|\n|upkeep\n|turn|18\n|\n|t:|1698545528\n|switch|p2a: KaiDo!!|Dondozo, M|65\/100\n|move|p1a: Walking Wake|Dragon Pulse|p2a: KaiDo!!\n|-damage|p2a: KaiDo!!|6\/100\n|\n|-end|p1a: Walking Wake|move: Future Sight\n|-damage|p1a: Walking Wake|10\/100\n|-heal|p2a: KaiDo!!|12\/100|[from] item: Leftovers\n|upkeep\n|turn|19\n|\n|t:|1698545539\n|switch|p2a: MuGiWaRa!!!|Slowking-Galar, M|76\/100\n|move|p1a: Walking Wake|Tera Blast|p2a: MuGiWaRa!!!\n|-damage|p2a: MuGiWaRa!!!|56\/100\n|\n|upkeep\n|turn|20\n|\n|t:|1698545545\n|move|p1a: Walking Wake|Dragon Pulse|p2a: MuGiWaRa!!!\n|-damage|p2a: MuGiWaRa!!!|26\/100\n|move|p2a: MuGiWaRa!!!|Future Sight|p1a: Walking Wake\n|-start|p2a: MuGiWaRa!!!|move: Future Sight\n|\n|upkeep\n|turn|21\n|\n|t:|1698545569\n|move|p1a: Walking Wake|Dragon Pulse|p2a: MuGiWaRa!!!\n|-damage|p2a: MuGiWaRa!!!|0 fnt\n|faint|p2a: MuGiWaRa!!!\n|\n|upkeep\n|\n|t:|1698545581\n|switch|p2a: ZeHaHAHA|Gholdengo|7\/100\n|turn|22\n|\n|t:|1698545586\n|move|p2a: ZeHaHAHA|Shadow Ball|p1a: Walking Wake\n|-damage|p1a: Walking Wake|0 fnt\n|faint|p1a: Walking Wake\n|-end|p1a: Walking Wake|Protosynthesis|[silent]\n|\n|-hint|Future Sight did not hit because the target is fainted.\n|upkeep\n|\n|t:|1698545596\n|switch|p1a: Rayquaza|Rayquaza, shiny|100\/100\n|-ability|p1a: Rayquaza|Air Lock\n|turn|23\n|\n|t:|1698545607\n|move|p2a: ZeHaHAHA|Shadow Ball|p1a: Rayquaza\n|-damage|p1a: Rayquaza|59\/100\n|move|p1a: Rayquaza|Dragon Claw|p2a: ZeHaHAHA\n|-resisted|p2a: ZeHaHAHA\n|-damage|p2a: ZeHaHAHA|0 fnt\n|faint|p2a: ZeHaHAHA\n|-damage|p1a: Rayquaza|49\/100|[from] item: Life Orb\n|\n|upkeep\n|\n|t:|1698545626\n|switch|p2a: MiHawK|Roaring Moon|100\/100\n|-enditem|p2a: MiHawK|Booster Energy\n|-activate|p2a: MiHawK|ability: Protosynthesis|[fromitem]\n|-start|p2a: MiHawK|protosynthesisatk\n|turn|24\n|inactive|zshmoneyy has 120 seconds left.\n|\n|t:|1698545646\n|-terastallize|p2a: MiHawK|Flying\n|move|p2a: MiHawK|Acrobatics|p1a: Rayquaza\n|-damage|p1a: Rayquaza|0 fnt\n|faint|p1a: Rayquaza\n|\n|upkeep\n|\n|t:|1698545653\n|switch|p1a: Urshifu|Urshifu-Rapid-Strike, F|100\/100\n|turn|25\n|\n|t:|1698545660\n|move|p2a: MiHawK|Acrobatics|p1a: Urshifu\n|-supereffective|p1a: Urshifu\n|-damage|p1a: Urshifu|0 fnt\n|faint|p1a: Urshifu\n|\n|upkeep\n|\n|t:|1698545663\n|switch|p1a: Arceus|Arceus-Water|7\/100\n|turn|26\n|c|\u2606zshmoneyy|gg\n|-message|Dt77 forfeited.\n|\n|win|zshmoneyy\n|raw|Dt77's rating: 1139 &rarr; <strong>1113<\/strong><br \/>(-26 for losing)\n|raw|zshmoneyy's rating: 1123 &rarr; <strong>1149<\/strong><br \/>(+26 for winning)\n|l|\u2606Dt77\n","uploadtime":1698547967,"views":8,"p1id":"dt77","p2id":"zshmoneyy","formatid":"gen9ubers","rating":1113,"private":0,"password":""}