{"id":"gen9ubers-1989262665","p1":"ItsmeBlankKnight","p2":"babynogalXD","format":"[Gen 9] Ubers","log":"|j|\u2606ItsmeBlankKnight\n|j|\u2606babynogalXD\n|t:|1699829343\n|gametype|singles\n|player|p1|ItsmeBlankKnight|larry|\n|player|p2|babynogalXD|ethan|\n|teamsize|p1|6\n|teamsize|p2|6\n|gen|9\n|tier|[Gen 9] Ubers\n|rule|Sleep Clause Mod: Limit one foe put to sleep\n|rule|Species Clause: Limit one of each Pok\u00e9mon\n|rule|OHKO Clause: OHKO moves are banned\n|rule|Evasion Items Clause: Evasion items are banned\n|rule|Evasion Moves Clause: Evasion moves are banned\n|rule|Endless Battle Clause: Forcing endless battles is banned\n|rule|HP Percentage Mod: HP is shown in percentages\n|clearpoke\n|poke|p1|Chi-Yu|\n|poke|p1|Cyclizar, M|\n|poke|p1|Houndstone, M|\n|poke|p1|Torkoal, F|\n|poke|p1|Espathra, M|\n|poke|p1|Regidrago|\n|poke|p2|Blissey, F|\n|poke|p2|Alomomola, M|\n|poke|p2|Zamazenta-*|\n|poke|p2|Cyclizar, F|\n|poke|p2|Dialga|\n|poke|p2|Magearna|\n|teampreview\n|inactive|Battle timer is ON: inactive players will automatically lose when time's up. (requested by ItsmeBlankKnight)\n|inactive|ItsmeBlankKnight has 270 seconds left.\n|\n|t:|1699829377\n|start\n|switch|p1a: Cyclizar|Cyclizar, M|100\/100\n|switch|p2a: Dialga|Dialga|100\/100\n|-ability|p2a: Dialga|Pressure\n|turn|1\n|inactive|babynogalXD has 270 seconds left.\n|inactive|babynogalXD has 240 seconds left.\n|inactive|babynogalXD has 210 seconds left.\n|\n|t:|1699829474\n|switch|p1a: Torkoal|Torkoal, F|100\/100\n|-weather|SunnyDay|[from] ability: Drought|[of] p1a: Torkoal\n|move|p2a: Dialga|Stealth Rock|p1a: Torkoal\n|-sidestart|p1: ItsmeBlankKnight|move: Stealth Rock\n|\n|-weather|SunnyDay|[upkeep]\n|upkeep\n|turn|2\n|\n|t:|1699829484\n|move|p2a: Dialga|Draco Meteor|p1a: Torkoal\n|-damage|p1a: Torkoal|14\/100\n|-unboost|p2a: Dialga|spa|2\n|move|p1a: Torkoal|Rapid Spin|p2a: Dialga\n|-resisted|p2a: Dialga\n|-damage|p2a: Dialga|97\/100\n|-boost|p1a: Torkoal|spe|1\n|-sideend|p1: ItsmeBlankKnight|Stealth Rock|[from] move: Rapid Spin|[of] p1a: Torkoal\n|\n|-weather|SunnyDay|[upkeep]\n|upkeep\n|turn|3\n|\n|t:|1699829492\n|move|p2a: Dialga|Stealth Rock|p1a: Torkoal\n|-sidestart|p1: ItsmeBlankKnight|move: Stealth Rock\n|move|p1a: Torkoal|Stealth Rock|p2a: Dialga\n|-sidestart|p2: babynogalXD|move: Stealth Rock\n|\n|-weather|SunnyDay|[upkeep]\n|upkeep\n|turn|4\n|\n|t:|1699829496\n|move|p2a: Dialga|Heavy Slam|p1a: Torkoal\n|-resisted|p1a: Torkoal\n|-damage|p1a: Torkoal|0 fnt\n|faint|p1a: Torkoal\n|\n|-weather|SunnyDay|[upkeep]\n|upkeep\n|\n|t:|1699829499\n|switch|p1a: Chi-Yu|Chi-Yu|100\/100\n|-damage|p1a: Chi-Yu|76\/100|[from] Stealth Rock\n|-ability|p1a: Chi-Yu|Beads of Ruin\n|turn|5\n|inactive|babynogalXD has 240 seconds left.\n|\n|t:|1699829528\n|switch|p2a: Blissey|Blissey, F|100\/100\n|-terastallize|p1a: Chi-Yu|Fire\n|move|p1a: Chi-Yu|Overheat|p2a: Blissey\n|-damage|p2a: Blissey|22\/100\n|-unboost|p1a: Chi-Yu|spa|2\n|\n|-weather|SunnyDay|[upkeep]\n|upkeep\n|turn|6\n|inactive|ItsmeBlankKnight has 270 seconds left.\n|\n|t:|1699829586\n|switch|p2a: Cyclizar|Cyclizar, F|100\/100\n|move|p1a: Chi-Yu|Overheat|p2a: Cyclizar\n|-resisted|p2a: Cyclizar\n|-damage|p2a: Cyclizar|9\/100\n|-unboost|p1a: Chi-Yu|spa|2\n|\n|-weather|SunnyDay|[upkeep]\n|upkeep\n|turn|7\n|\n|t:|1699829594\n|switch|p1a: Cyclizar|Cyclizar, M|100\/100\n|-damage|p1a: Cyclizar|88\/100|[from] Stealth Rock\n|move|p2a: Cyclizar|Rapid Spin|p1a: Cyclizar\n|-damage|p1a: Cyclizar|59\/100\n|-boost|p2a: Cyclizar|spe|1\n|-sideend|p2: babynogalXD|Stealth Rock|[from] move: Rapid Spin|[of] p2a: Cyclizar\n|\n|-weather|SunnyDay|[upkeep]\n|upkeep\n|turn|8\n|\n|t:|1699829603\n|move|p1a: Cyclizar|Rapid Spin|p2a: Cyclizar\n|-damage|p2a: Cyclizar|0 fnt\n|-boost|p1a: Cyclizar|spe|1\n|-sideend|p1: ItsmeBlankKnight|Stealth Rock|[from] move: Rapid Spin|[of] p1a: Cyclizar\n|faint|p2a: Cyclizar\n|\n|-weather|none\n|upkeep\n|\n|t:|1699829615\n|switch|p2a: Alomomola|Alomomola, M|100\/100\n|turn|9\n|\n|t:|1699829621\n|switch|p1a: Regidrago|Regidrago|100\/100\n|move|p2a: Alomomola|Wish|p2a: Alomomola\n|\n|upkeep\n|turn|10\n|\n|t:|1699829629\n|switch|p2a: Dialga|Dialga|97\/100\n|-ability|p2a: Dialga|Pressure\n|move|p1a: Regidrago|Dragon Energy|p2a: Dialga\n|-damage|p2a: Dialga|36\/100\n|\n|-heal|p2a: Dialga|100\/100|[from] move: Wish|[wisher] Alomomola\n|upkeep\n|turn|11\n|inactive|babynogalXD has 240 seconds left.\n|\n|t:|1699829637\n|move|p1a: Regidrago|Dragon Energy|p2a: Dialga\n|-damage|p2a: Dialga|38\/100\n|move|p2a: Dialga|Stealth Rock|p1a: Regidrago\n|-sidestart|p1: ItsmeBlankKnight|move: Stealth Rock\n|\n|upkeep\n|turn|12\n|\n|t:|1699829641\n|switch|p2a: Magearna|Magearna|100\/100\n|move|p1a: Regidrago|Dragon Energy|p2a: Magearna\n|-immune|p2a: Magearna\n|\n|upkeep\n|turn|13\n|\n|t:|1699829646\n|switch|p1a: Cyclizar|Cyclizar, M|92\/100\n|-damage|p1a: Cyclizar|80\/100|[from] Stealth Rock\n|move|p2a: Magearna|Volt Switch|p1a: Cyclizar\n|-resisted|p1a: Cyclizar\n|-damage|p1a: Cyclizar|63\/100\n|\n|t:|1699829651\n|switch|p2a: Alomomola|Alomomola, M|100\/100|[from] Volt Switch\n|\n|upkeep\n|turn|14\n|\n|t:|1699829654\n|move|p1a: Cyclizar|Shed Tail|p1a: Cyclizar\n|-start|p1a: Cyclizar|Substitute|[from] move: Shed Tail\n|-damage|p1a: Cyclizar|13\/100\n|\n|t:|1699829660\n|switch|p1a: Chi-Yu|Chi-Yu, tera:Fire|76\/100|[from] Shed Tail\n|-damage|p1a: Chi-Yu|51\/100|[from] Stealth Rock\n|-ability|p1a: Chi-Yu|Beads of Ruin\n|move|p2a: Alomomola|Wish|p2a: Alomomola\n|\n|upkeep\n|turn|15\n|\n|t:|1699829664\n|move|p1a: Chi-Yu|Overheat|p2a: Alomomola\n|-resisted|p2a: Alomomola\n|-damage|p2a: Alomomola|0 fnt\n|-unboost|p1a: Chi-Yu|spa|2\n|faint|p2a: Alomomola\n|\n|upkeep\n|\n|t:|1699829671\n|switch|p2a: Blissey|Blissey, F|22\/100\n|turn|16\n|\n|t:|1699829673\n|-terastallize|p2a: Blissey|Water\n|move|p1a: Chi-Yu|Overheat|p2a: Blissey\n|-resisted|p2a: Blissey\n|-damage|p2a: Blissey|10\/100\n|-unboost|p1a: Chi-Yu|spa|2\n|move|p2a: Blissey|Soft-Boiled|p2a: Blissey\n|-heal|p2a: Blissey|60\/100\n|\n|upkeep\n|turn|17\n|\n|t:|1699829677\n|switch|p1a: Cyclizar|Cyclizar, M|46\/100\n|-damage|p1a: Cyclizar|33\/100|[from] Stealth Rock\n|move|p2a: Blissey|Soft-Boiled|p2a: Blissey\n|-heal|p2a: Blissey|100\/100\n|\n|upkeep\n|turn|18\n|\n|t:|1699829687\n|switch|p1a: Houndstone|Houndstone, M|100\/100\n|-damage|p1a: Houndstone|88\/100|[from] Stealth Rock\n|switch|p2a: Dialga|Dialga|38\/100\n|-ability|p2a: Dialga|Pressure\n|\n|upkeep\n|turn|19\n|\n|t:|1699829693\n|switch|p2a: Magearna|Magearna|100\/100\n|move|p1a: Houndstone|Last Respects|p2a: Magearna\n|-damage|p2a: Magearna|57\/100\n|\n|-heal|p2a: Magearna|63\/100|[from] item: Leftovers\n|upkeep\n|turn|20\n|\n|t:|1699829701\n|move|p1a: Houndstone|Last Respects|p2a: Magearna\n|-damage|p2a: Magearna|19\/100\n|move|p2a: Magearna|Fleur Cannon|p1a: Houndstone\n|-damage|p1a: Houndstone|31\/100\n|-unboost|p2a: Magearna|spa|2\n|\n|-heal|p2a: Magearna|25\/100|[from] item: Leftovers\n|upkeep\n|turn|21\n|\n|t:|1699829704\n|switch|p2a: Blissey|Blissey, F, tera:Water|100\/100\n|move|p1a: Houndstone|Last Respects|p2a: Blissey\n|-damage|p2a: Blissey|0 fnt\n|faint|p2a: Blissey\n|\n|upkeep\n|\n|t:|1699829711\n|switch|p2a: Zamazenta|Zamazenta-Crowned|100\/100\n|-ability|p2a: Zamazenta|Dauntless Shield|boost\n|-boost|p2a: Zamazenta|def|1\n|turn|22\n|\n|t:|1699829716\n|switch|p1a: Espathra|Espathra, M|100\/100\n|-damage|p1a: Espathra|88\/100|[from] Stealth Rock\n|move|p2a: Zamazenta|Iron Defense|p2a: Zamazenta\n|-boost|p2a: Zamazenta|def|2\n|\n|-heal|p1a: Espathra|94\/100|[from] item: Leftovers\n|upkeep\n|turn|23\n|\n|t:|1699829723\n|move|p1a: Espathra|Protect|p1a: Espathra\n|-singleturn|p1a: Espathra|Protect\n|move|p2a: Zamazenta|Body Press|p1a: Espathra\n|-activate|p1a: Espathra|move: Protect\n|\n|-heal|p1a: Espathra|99\/100|[from] item: Leftovers\n|-ability|p1a: Espathra|Speed Boost|boost\n|-boost|p1a: Espathra|spe|1\n|upkeep\n|turn|24\n|\n|t:|1699829726\n|move|p1a: Espathra|Substitute|p1a: Espathra\n|-start|p1a: Espathra|Substitute\n|-damage|p1a: Espathra|75\/100\n|move|p2a: Zamazenta|Body Press|p1a: Espathra\n|-resisted|p1a: Espathra\n|-end|p1a: Espathra|Substitute\n|\n|-heal|p1a: Espathra|81\/100|[from] item: Leftovers\n|-ability|p1a: Espathra|Speed Boost|boost\n|-boost|p1a: Espathra|spe|1\n|upkeep\n|turn|25\n|\n|t:|1699829728\n|move|p1a: Espathra|Substitute|p1a: Espathra\n|-start|p1a: Espathra|Substitute\n|-damage|p1a: Espathra|57\/100\n|move|p2a: Zamazenta|Body Press|p1a: Espathra\n|-resisted|p1a: Espathra\n|-end|p1a: Espathra|Substitute\n|\n|-heal|p1a: Espathra|63\/100|[from] item: Leftovers\n|-ability|p1a: Espathra|Speed Boost|boost\n|-boost|p1a: Espathra|spe|1\n|upkeep\n|turn|26\n|\n|t:|1699829732\n|move|p1a: Espathra|Substitute|p1a: Espathra\n|-start|p1a: Espathra|Substitute\n|-damage|p1a: Espathra|38\/100\n|move|p2a: Zamazenta|Iron Defense|p2a: Zamazenta\n|-boost|p2a: Zamazenta|def|2\n|\n|-heal|p1a: Espathra|44\/100|[from] item: Leftovers\n|-ability|p1a: Espathra|Speed Boost|boost\n|-boost|p1a: Espathra|spe|1\n|upkeep\n|turn|27\n|\n|t:|1699829735\n|move|p1a: Espathra|Protect|p1a: Espathra\n|-singleturn|p1a: Espathra|Protect\n|move|p2a: Zamazenta|Body Press|p1a: Espathra\n|-activate|p1a: Espathra|move: Protect\n|\n|-heal|p1a: Espathra|50\/100|[from] item: Leftovers\n|-ability|p1a: Espathra|Speed Boost|boost\n|-boost|p1a: Espathra|spe|1\n|upkeep\n|turn|28\n|\n|t:|1699829740\n|move|p1a: Espathra|Calm Mind|p1a: Espathra\n|-boost|p1a: Espathra|spa|1\n|-boost|p1a: Espathra|spd|1\n|move|p2a: Zamazenta|Body Press|p1a: Espathra\n|-resisted|p1a: Espathra\n|-end|p1a: Espathra|Substitute\n|\n|-heal|p1a: Espathra|56\/100|[from] item: Leftovers\n|-ability|p1a: Espathra|Speed Boost|boost\n|-boost|p1a: Espathra|spe|1\n|upkeep\n|turn|29\n|\n|t:|1699829748\n|move|p1a: Espathra|Protect|p1a: Espathra\n|-singleturn|p1a: Espathra|Protect\n|move|p2a: Zamazenta|Body Press|p1a: Espathra\n|-activate|p1a: Espathra|move: Protect\n|\n|-heal|p1a: Espathra|62\/100|[from] item: Leftovers\n|upkeep\n|turn|30\n|\n|t:|1699829750\n|move|p1a: Espathra|Stored Power|p2a: Zamazenta\n|-damage|p2a: Zamazenta|7\/100\n|move|p2a: Zamazenta|Body Press|p1a: Espathra\n|-resisted|p1a: Espathra\n|-damage|p1a: Espathra|0 fnt\n|faint|p1a: Espathra\n|\n|upkeep\n|\n|t:|1699829758\n|switch|p1a: Regidrago|Regidrago|100\/100\n|-damage|p1a: Regidrago|88\/100|[from] Stealth Rock\n|turn|31\n|\n|t:|1699829765\n|move|p1a: Regidrago|Earth Power|p2a: Zamazenta\n|-supereffective|p2a: Zamazenta\n|-damage|p2a: Zamazenta|0 fnt\n|faint|p2a: Zamazenta\n|\n|upkeep\n|c|\u2606babynogalXD|i fucked up\n|c|\u2606babynogalXD|i forgot that i tera\n|c|\u2606ItsmeBlankKnight|rip\n|-message|babynogalXD forfeited.\n|\n|win|ItsmeBlankKnight\n|l|\u2606babynogalXD\n","uploadtime":1699829790,"views":17,"p1id":"itsmeblankknight","p2id":"babynogalxd","formatid":"gen9ubers","rating":0,"private":0,"password":""}