{"id":"gen9ubers-1977168427","p1":"i<3Latis","p2":"Tri1998","format":"[Gen 9] Ubers","log":"|j|\u2606i<3Latis\n|j|\u2606Tri1998\n|t:|1698380152\n|gametype|singles\n|player|p1|i<3Latis|2|1099\n|player|p2|Tri1998|ethan|1179\n|teamsize|p1|6\n|teamsize|p2|6\n|gen|9\n|tier|[Gen 9] Ubers\n|rated|\n|rule|Sleep Clause Mod: Limit one foe put to sleep\n|rule|Species Clause: Limit one of each Pok\u00e9mon\n|rule|OHKO Clause: OHKO moves are banned\n|rule|Evasion Items Clause: Evasion items are banned\n|rule|Evasion Moves Clause: Evasion moves are banned\n|rule|Endless Battle Clause: Forcing endless battles is banned\n|rule|HP Percentage Mod: HP is shown in percentages\n|clearpoke\n|poke|p1|Koraidon|\n|poke|p1|Miraidon|\n|poke|p1|Calyrex-Ice|\n|poke|p1|Ribombee, M|\n|poke|p1|Landorus-Therian, M|\n|poke|p1|Zacian-*|\n|poke|p2|Koraidon|\n|poke|p2|Ogerpon-Hearthflame, F|\n|poke|p2|Flutter Mane|\n|poke|p2|Landorus-Therian, M|\n|poke|p2|Walking Wake|\n|poke|p2|Groudon|\n|teampreview\n|\n|t:|1698380156\n|start\n|switch|p1a: Beee <3|Ribombee, M, shiny|100\/100\n|switch|p2a: Groudon|Groudon|100\/100\n|-weather|SunnyDay|[from] ability: Drought|[of] p2a: Groudon\n|turn|1\n|\n|t:|1698380165\n|move|p1a: Beee <3|Sticky Web|p2a: Groudon\n|-sidestart|p2: Tri1998|move: Sticky Web\n|move|p2a: Groudon|Stone Edge|p1a: Beee <3\n|-supereffective|p1a: Beee <3\n|-enditem|p1a: Beee <3|Focus Sash\n|-damage|p1a: Beee <3|1\/100\n|\n|-weather|SunnyDay|[upkeep]\n|upkeep\n|turn|2\n|\n|t:|1698380174\n|move|p1a: Beee <3|Stun Spore|p2a: Groudon\n|-status|p2a: Groudon|par\n|move|p2a: Groudon|Stone Edge|p1a: Beee <3\n|-supereffective|p1a: Beee <3\n|-damage|p1a: Beee <3|0 fnt\n|faint|p1a: Beee <3\n|\n|-weather|SunnyDay|[upkeep]\n|upkeep\n|\n|t:|1698380177\n|switch|p1a: De Horse|Calyrex-Ice|100\/100\n|-ability|p1a: De Horse|As One\n|-ability|p1a: De Horse|Unnerve\n|turn|3\n|\n|t:|1698380190\n|move|p1a: De Horse|Glacial Lance|p2a: Groudon\n|-supereffective|p2a: Groudon\n|-damage|p2a: Groudon|0 fnt\n|faint|p2a: Groudon\n|-ability|p1a: De Horse|Chilling Neigh|boost\n|-boost|p1a: De Horse|atk|1\n|\n|-weather|SunnyDay|[upkeep]\n|upkeep\n|\n|t:|1698380201\n|switch|p2a: Landorus|Landorus-Therian, M|100\/100\n|-ability|p2a: Landorus|Intimidate|boost\n|-unboost|p1a: De Horse|atk|1\n|turn|4\n|\n|t:|1698380210\n|switch|p1a: King|Landorus-Therian, M, shiny|100\/100\n|-ability|p1a: King|Intimidate|boost\n|-unboost|p2a: Landorus|atk|1\n|move|p2a: Landorus|U-turn|p1a: King\n|-resisted|p1a: King\n|-damage|p1a: King|90\/100\n|\n|t:|1698380216\n|switch|p2a: Walking Wake|Walking Wake|100\/100|[from] U-turn\n|-activate|p2a: Walking Wake|move: Sticky Web\n|-unboost|p2a: Walking Wake|spe|1\n|-activate|p2a: Walking Wake|ability: Protosynthesis\n|-start|p2a: Walking Wake|protosynthesisspa\n|\n|-weather|SunnyDay|[upkeep]\n|upkeep\n|turn|5\n|\n|t:|1698380234\n|move|p1a: King|U-turn|p2a: Walking Wake\n|-damage|p2a: Walking Wake|71\/100\n|\n|t:|1698380236\n|switch|p1a: Latios's Brother|Miraidon|100\/100|[from] U-turn\n|-fieldstart|move: Electric Terrain|[from] ability: Hadron Engine|[of] p1a: Latios's Brother\n|move|p2a: Walking Wake|Draco Meteor|p1a: Latios's Brother\n|-supereffective|p1a: Latios's Brother\n|-damage|p1a: Latios's Brother|0 fnt\n|-unboost|p2a: Walking Wake|spa|2\n|faint|p1a: Latios's Brother\n|\n|-weather|none\n|-end|p2a: Walking Wake|Protosynthesis\n|upkeep\n|\n|t:|1698380240\n|switch|p1a: De Horse|Calyrex-Ice|100\/100\n|-ability|p1a: De Horse|As One\n|-ability|p1a: De Horse|Unnerve\n|turn|6\n|\n|t:|1698380256\n|-end|p2a: Walking Wake|Protosynthesis|[silent]\n|switch|p2a: Flutter Mane|Flutter Mane|100\/100\n|-activate|p2a: Flutter Mane|move: Sticky Web\n|-unboost|p2a: Flutter Mane|spe|1\n|move|p1a: De Horse|Glacial Lance|p2a: Flutter Mane\n|-damage|p2a: Flutter Mane|0 fnt\n|faint|p2a: Flutter Mane\n|-end|p2a: Flutter Mane|Protosynthesis|[silent]\n|-ability|p1a: De Horse|Chilling Neigh|boost\n|-boost|p1a: De Horse|atk|1\n|\n|upkeep\n|\n|t:|1698380267\n|switch|p2a: Landorus|Landorus-Therian, M|100\/100\n|-ability|p2a: Landorus|Intimidate|boost\n|-unboost|p1a: De Horse|atk|1\n|turn|7\n|\n|t:|1698380277\n|switch|p1a: De Dog|Zacian-Crowned, shiny|100\/100\n|-ability|p1a: De Dog|Intrepid Sword|boost\n|-boost|p1a: De Dog|atk|1\n|move|p2a: Landorus|U-turn|p1a: De Dog\n|-resisted|p1a: De Dog\n|-damage|p1a: De Dog|95\/100\n|\n|t:|1698380290\n|switch|p2a: Walking Wake|Walking Wake|71\/100|[from] U-turn\n|-activate|p2a: Walking Wake|move: Sticky Web\n|-unboost|p2a: Walking Wake|spe|1\n|\n|upkeep\n|turn|8\n|\n|t:|1698380299\n|move|p1a: De Dog|Swords Dance|p1a: De Dog\n|-boost|p1a: De Dog|atk|2\n|move|p2a: Walking Wake|Flamethrower|p1a: De Dog\n|-supereffective|p1a: De Dog\n|-damage|p1a: De Dog|37\/100\n|\n|upkeep\n|turn|9\n|\n|t:|1698380306\n|move|p1a: De Dog|Play Rough|p2a: Walking Wake\n|-supereffective|p2a: Walking Wake\n|-damage|p2a: Walking Wake|0 fnt\n|faint|p2a: Walking Wake\n|-end|p2a: Walking Wake|Protosynthesis|[silent]\n|\n|-fieldend|move: Electric Terrain\n|upkeep\n|\n|t:|1698380310\n|switch|p2a: Landorus|Landorus-Therian, M|100\/100\n|-ability|p2a: Landorus|Intimidate|boost\n|-unboost|p1a: De Dog|atk|1\n|turn|10\n|\n|t:|1698380314\n|switch|p1a: King|Landorus-Therian, M, shiny|90\/100\n|-ability|p1a: King|Intimidate|boost\n|-unboost|p2a: Landorus|atk|1\n|move|p2a: Landorus|Earthquake|p1a: King\n|-immune|p1a: King\n|\n|upkeep\n|turn|11\n|\n|t:|1698380318\n|move|p1a: King|U-turn|p2a: Landorus\n|-resisted|p2a: Landorus\n|-damage|p2a: Landorus|86\/100\n|-damage|p1a: King|73\/100|[from] item: Rocky Helmet|[of] p2a: Landorus\n|\n|t:|1698380324\n|switch|p1a: Koraidizzy|Koraidon|100\/100|[from] U-turn\n|-weather|SunnyDay|[from] ability: Orichalcum Pulse|[of] p1a: Koraidizzy\n|-activate|p1a: Koraidizzy|Orichalcum Pulse|[source]\n|move|p2a: Landorus|Taunt|p1a: Koraidizzy\n|-start|p1a: Koraidizzy|move: Taunt\n|\n|-weather|SunnyDay|[upkeep]\n|upkeep\n|turn|12\n|\n|t:|1698380332\n|move|p1a: Koraidizzy|Flame Charge|p2a: Landorus\n|-damage|p2a: Landorus|44\/100\n|-boost|p1a: Koraidizzy|spe|1\n|-damage|p1a: Koraidizzy|84\/100|[from] item: Rocky Helmet|[of] p2a: Landorus\n|move|p2a: Landorus|U-turn|p1a: Koraidizzy\n|-resisted|p1a: Koraidizzy\n|-damage|p1a: Koraidizzy|77\/100\n|\n|t:|1698380340\n|switch|p2a: Koraidon|Koraidon|100\/100|[from] U-turn\n|-activate|p2a: Koraidon|move: Sticky Web\n|-unboost|p2a: Koraidon|spe|1\n|-activate|p2a: Koraidon|ability: Orichalcum Pulse\n|\n|-weather|SunnyDay|[upkeep]\n|-heal|p1a: Koraidizzy|83\/100|[from] item: Leftovers\n|upkeep\n|turn|13\n|\n|t:|1698380351\n|-terastallize|p2a: Koraidon|Fighting\n|move|p1a: Koraidizzy|Dragon Claw|p2a: Koraidon\n|-damage|p2a: Koraidon|51\/100\n|move|p2a: Koraidon|Dragon Claw|p1a: Koraidizzy\n|-supereffective|p1a: Koraidizzy\n|-damage|p1a: Koraidizzy|0 fnt\n|faint|p1a: Koraidizzy\n|\n|-weather|SunnyDay|[upkeep]\n|upkeep\n|\n|t:|1698380360\n|switch|p1a: De Dog|Zacian-Crowned, shiny|37\/100\n|turn|14\n|\n|t:|1698380365\n|move|p1a: De Dog|Play Rough|p2a: Koraidon\n|-supereffective|p2a: Koraidon\n|-damage|p2a: Koraidon|0 fnt\n|faint|p2a: Koraidon\n|\n|-weather|SunnyDay|[upkeep]\n|upkeep\n|\n|t:|1698380368\n|switch|p2a: Landorus|Landorus-Therian, M|44\/100\n|-ability|p2a: Landorus|Intimidate|boost\n|-unboost|p1a: De Dog|atk|1\n|turn|15\n|\n|t:|1698380374\n|switch|p1a: King|Landorus-Therian, M, shiny|73\/100\n|-ability|p1a: King|Intimidate|boost\n|-unboost|p2a: Landorus|atk|1\n|move|p2a: Landorus|U-turn|p1a: King\n|-resisted|p1a: King\n|-damage|p1a: King|62\/100\n|\n|t:|1698380381\n|switch|p2a: Ogerpon|Ogerpon-Hearthflame, F|100\/100|[from] U-turn\n|-activate|p2a: Ogerpon|move: Sticky Web\n|-unboost|p2a: Ogerpon|spe|1\n|-ability|p2a: Ogerpon|Mold Breaker\n|\n|-weather|none\n|upkeep\n|turn|16\n|\n|t:|1698380392\n|move|p1a: King|Stone Edge|p2a: Ogerpon\n|-supereffective|p2a: Ogerpon\n|-damage|p2a: Ogerpon|4\/100\n|move|p2a: Ogerpon|Ivy Cudgel|p1a: King\n|-damage|p1a: King|0 fnt\n|faint|p1a: King\n|\n|upkeep\n|\n|t:|1698380394\n|switch|p1a: De Horse|Calyrex-Ice|100\/100\n|-ability|p1a: De Horse|As One\n|-ability|p1a: De Horse|Unnerve\n|turn|17\n|\n|t:|1698380404\n|-terastallize|p1a: De Horse|Fire\n|move|p2a: Ogerpon|Ivy Cudgel|p1a: De Horse\n|-resisted|p1a: De Horse\n|-damage|p1a: De Horse|80\/100\n|move|p1a: De Horse|Glacial Lance|p2a: Ogerpon\n|-damage|p2a: Ogerpon|0 fnt\n|faint|p2a: Ogerpon\n|-ability|p1a: De Horse|Chilling Neigh|boost\n|-boost|p1a: De Horse|atk|1\n|\n|upkeep\n|\n|t:|1698380411\n|switch|p2a: Landorus|Landorus-Therian, M|44\/100\n|-ability|p2a: Landorus|Intimidate|boost\n|-unboost|p1a: De Horse|atk|1\n|turn|18\n|\n|t:|1698380416\n|move|p2a: Landorus|Earthquake|p1a: De Horse\n|-supereffective|p1a: De Horse\n|-damage|p1a: De Horse|6\/100\n|move|p1a: De Horse|Glacial Lance|p2a: Landorus\n|-supereffective|p2a: Landorus\n|-damage|p2a: Landorus|0 fnt\n|faint|p2a: Landorus\n|\n|win|i<3Latis\n|raw|i&lt;3Latis's rating: 1099 &rarr; <strong>1130<\/strong><br \/>(+31 for winning)\n|raw|Tri1998's rating: 1179 &rarr; <strong>1148<\/strong><br \/>(-31 for losing)\n|c|\u2606i<3Latis|gg\\\n|l|\u2606Tri1998\n","uploadtime":1698380436,"views":5,"p1id":"i3latis","p2id":"tri1998","formatid":"gen9ubers","rating":1130,"private":0,"password":""}