{"id":"gen9ubers-1978362770","p1":"leonissenbaum","p2":"fwuffypetsowo","format":"[Gen 9] Ubers","log":"|j|\u2606leonissenbaum\n|j|\u2606fwuffypetsowo\n|t:|1698529566\n|gametype|singles\n|player|p1|leonissenbaum|leon|\n|player|p2|fwuffypetsowo|zinnia|\n|teamsize|p1|6\n|teamsize|p2|6\n|gen|9\n|tier|[Gen 9] Ubers\n|rule|Sleep Clause Mod: Limit one foe put to sleep\n|rule|Species Clause: Limit one of each Pok\u00e9mon\n|rule|OHKO Clause: OHKO moves are banned\n|rule|Evasion Items Clause: Evasion items are banned\n|rule|Evasion Moves Clause: Evasion moves are banned\n|rule|Endless Battle Clause: Forcing endless battles is banned\n|rule|HP Percentage Mod: HP is shown in percentages\n|clearpoke\n|poke|p1|Giratina|\n|poke|p1|Gliscor, M|\n|poke|p1|Blissey, F|\n|poke|p1|Dondozo, M|\n|poke|p1|Clefable, M|\n|poke|p1|Espeon, M|\n|poke|p2|Torkoal, F|\n|poke|p2|Walking Wake|\n|poke|p2|Chi-Yu|\n|poke|p2|Arceus-Grass|\n|poke|p2|Zacian-*|\n|poke|p2|Magearna-Original|\n|teampreview\n|c|\u2606leonissenbaum|gl!\n|j| uubers account\n|\n|t:|1698529594\n|start\n|switch|p1a: Gliscor|Gliscor, M|100\/100\n|switch|p2a: Arceus|Arceus-Grass|100\/100\n|turn|1\n|c| uubers account|rip fluffy\n|c|\u2606fwuffypetsowo|I'm so dead\n|\n|t:|1698529620\n|move|p1a: Gliscor|Protect|p1a: Gliscor\n|-singleturn|p1a: Gliscor|Protect\n|move|p2a: Arceus|Taunt|p1a: Gliscor\n|-activate|p1a: Gliscor|move: Protect\n|\n|-status|p1a: Gliscor|tox|[from] item: Toxic Orb\n|upkeep\n|turn|2\n|\n|t:|1698529628\n|move|p2a: Arceus|Taunt|p1a: Gliscor\n|-start|p1a: Gliscor|move: Taunt\n|cant|p1a: Gliscor|move: Taunt|Toxic Spikes\n|\n|upkeep\n|turn|3\n|\n|t:|1698529636\n|switch|p1a: Clefable|Clefable, M|100\/100\n|move|p2a: Arceus|Calm Mind|p2a: Arceus\n|-boost|p2a: Arceus|spa|1\n|-boost|p2a: Arceus|spd|1\n|\n|upkeep\n|turn|4\n|\n|t:|1698529641\n|move|p2a: Arceus|Taunt|p1a: Clefable\n|-start|p1a: Clefable|move: Taunt\n|cant|p1a: Clefable|move: Taunt|Calm Mind\n|\n|upkeep\n|turn|5\n|\n|t:|1698529645\n|move|p2a: Arceus|Calm Mind|p2a: Arceus\n|-boost|p2a: Arceus|spa|1\n|-boost|p2a: Arceus|spd|1\n|move|p1a: Clefable|Moonblast|p2a: Arceus\n|-damage|p2a: Arceus|82\/100\n|\n|upkeep\n|turn|6\n|\n|t:|1698529650\n|move|p2a: Arceus|Judgment|p1a: Clefable\n|-damage|p1a: Clefable|68\/100\n|move|p1a: Clefable|Moonblast|p2a: Arceus\n|-damage|p2a: Arceus|62\/100\n|\n|-heal|p1a: Clefable|74\/100|[from] item: Leftovers\n|-end|p1a: Clefable|move: Taunt\n|upkeep\n|turn|7\n|\n|t:|1698529663\n|move|p1a: Clefable|Protect|p1a: Clefable\n|-singleturn|p1a: Clefable|Protect\n|move|p2a: Arceus|Taunt|p1a: Clefable\n|-activate|p1a: Clefable|move: Protect\n|\n|-heal|p1a: Clefable|80\/100|[from] item: Leftovers\n|upkeep\n|turn|8\n|\n|t:|1698529668\n|move|p2a: Arceus|Taunt|p1a: Clefable\n|-start|p1a: Clefable|move: Taunt\n|cant|p1a: Clefable|move: Taunt|Calm Mind\n|\n|-heal|p1a: Clefable|87\/100|[from] item: Leftovers\n|upkeep\n|turn|9\n|\n|t:|1698529685\n|move|p2a: Arceus|Recover|p2a: Arceus\n|-heal|p2a: Arceus|100\/100\n|move|p1a: Clefable|Moonblast|p2a: Arceus\n|-damage|p2a: Arceus|80\/100\n|\n|-heal|p1a: Clefable|93\/100|[from] item: Leftovers\n|upkeep\n|turn|10\n|\n|t:|1698529689\n|move|p2a: Arceus|Judgment|p1a: Clefable\n|-damage|p1a: Clefable|58\/100\n|move|p1a: Clefable|Moonblast|p2a: Arceus\n|-damage|p2a: Arceus|58\/100\n|-unboost|p2a: Arceus|spa|1\n|\n|-heal|p1a: Clefable|64\/100|[from] item: Leftovers\n|-end|p1a: Clefable|move: Taunt\n|upkeep\n|turn|11\n|\n|t:|1698529694\n|move|p1a: Clefable|Protect|p1a: Clefable\n|-singleturn|p1a: Clefable|Protect\n|move|p2a: Arceus|Recover|p2a: Arceus\n|-heal|p2a: Arceus|100\/100\n|\n|-heal|p1a: Clefable|70\/100|[from] item: Leftovers\n|upkeep\n|turn|12\n|\n|t:|1698529700\n|move|p2a: Arceus|Judgment|p1a: Clefable\n|-damage|p1a: Clefable|38\/100\n|move|p1a: Clefable|Moonblast|p2a: Arceus\n|-damage|p2a: Arceus|78\/100\n|\n|-heal|p1a: Clefable|44\/100|[from] item: Leftovers\n|upkeep\n|turn|13\n|\n|t:|1698529706\n|move|p1a: Clefable|Protect|p1a: Clefable\n|-singleturn|p1a: Clefable|Protect\n|move|p2a: Arceus|Taunt|p1a: Clefable\n|-activate|p1a: Clefable|move: Protect\n|\n|-heal|p1a: Clefable|50\/100|[from] item: Leftovers\n|upkeep\n|turn|14\n|\n|t:|1698529712\n|move|p2a: Arceus|Taunt|p1a: Clefable\n|-start|p1a: Clefable|move: Taunt\n|cant|p1a: Clefable|move: Taunt|Wish\n|\n|-heal|p1a: Clefable|56\/100|[from] item: Leftovers\n|upkeep\n|turn|15\n|\n|t:|1698529715\n|move|p2a: Arceus|Judgment|p1a: Clefable\n|-damage|p1a: Clefable|23\/100\n|move|p1a: Clefable|Moonblast|p2a: Arceus\n|-damage|p2a: Arceus|56\/100\n|-unboost|p2a: Arceus|spa|1\n|\n|-heal|p1a: Clefable|29\/100|[from] item: Leftovers\n|upkeep\n|turn|16\n|j| Cw1999\n|\n|t:|1698529719\n|move|p2a: Arceus|Judgment|p1a: Clefable\n|-damage|p1a: Clefable|0 fnt\n|faint|p1a: Clefable\n|\n|upkeep\n|\n|t:|1698529759\n|switch|p1a: Blissey|Blissey, F|100\/100\n|turn|17\n|\n|t:|1698529763\n|move|p2a: Arceus|Taunt|p1a: Blissey\n|-start|p1a: Blissey|move: Taunt\n|move|p1a: Blissey|Seismic Toss|p2a: Arceus\n|-damage|p2a: Arceus|34\/100\n|\n|upkeep\n|turn|18\n|\n|t:|1698529768\n|move|p2a: Arceus|Recover|p2a: Arceus\n|-heal|p2a: Arceus|84\/100\n|move|p1a: Blissey|Seismic Toss|p2a: Arceus\n|-damage|p2a: Arceus|61\/100\n|\n|upkeep\n|turn|19\n|\n|t:|1698529772\n|move|p2a: Arceus|Calm Mind|p2a: Arceus\n|-boost|p2a: Arceus|spa|1\n|-boost|p2a: Arceus|spd|1\n|move|p1a: Blissey|Seismic Toss|p2a: Arceus\n|-damage|p2a: Arceus|39\/100\n|\n|-end|p1a: Blissey|move: Taunt\n|upkeep\n|turn|20\n|\n|t:|1698529775\n|move|p2a: Arceus|Taunt|p1a: Blissey\n|-start|p1a: Blissey|move: Taunt\n|move|p1a: Blissey|Seismic Toss|p2a: Arceus\n|-damage|p2a: Arceus|16\/100\n|\n|upkeep\n|turn|21\n|\n|t:|1698529777\n|move|p2a: Arceus|Recover|p2a: Arceus\n|-heal|p2a: Arceus|66\/100\n|move|p1a: Blissey|Seismic Toss|p2a: Arceus\n|-damage|p2a: Arceus|44\/100\n|\n|upkeep\n|turn|22\n|\n|t:|1698529782\n|move|p2a: Arceus|Recover|p2a: Arceus\n|-heal|p2a: Arceus|94\/100\n|move|p1a: Blissey|Seismic Toss|p2a: Arceus\n|-damage|p2a: Arceus|71\/100\n|\n|-end|p1a: Blissey|move: Taunt\n|upkeep\n|turn|23\n|\n|t:|1698529785\n|move|p2a: Arceus|Taunt|p1a: Blissey\n|-start|p1a: Blissey|move: Taunt\n|move|p1a: Blissey|Seismic Toss|p2a: Arceus\n|-damage|p2a: Arceus|49\/100\n|\n|upkeep\n|turn|24\n|\n|t:|1698529787\n|move|p2a: Arceus|Calm Mind|p2a: Arceus\n|-boost|p2a: Arceus|spa|1\n|-boost|p2a: Arceus|spd|1\n|move|p1a: Blissey|Seismic Toss|p2a: Arceus\n|-damage|p2a: Arceus|26\/100\n|\n|upkeep\n|turn|25\n|\n|t:|1698529792\n|move|p2a: Arceus|Recover|p2a: Arceus\n|-heal|p2a: Arceus|76\/100\n|move|p1a: Blissey|Seismic Toss|p2a: Arceus\n|-damage|p2a: Arceus|54\/100\n|\n|-end|p1a: Blissey|move: Taunt\n|upkeep\n|turn|26\n|\n|t:|1698529796\n|move|p2a: Arceus|Recover|p2a: Arceus\n|-heal|p2a: Arceus|100\/100\n|move|p1a: Blissey|Seismic Toss|p2a: Arceus\n|-damage|p2a: Arceus|78\/100\n|\n|upkeep\n|turn|27\n|\n|t:|1698529798\n|move|p2a: Arceus|Taunt|p1a: Blissey\n|-start|p1a: Blissey|move: Taunt\n|move|p1a: Blissey|Seismic Toss|p2a: Arceus\n|-damage|p2a: Arceus|55\/100\n|\n|upkeep\n|turn|28\n|\n|t:|1698529802\n|move|p2a: Arceus|Judgment|p1a: Blissey\n|-damage|p1a: Blissey|71\/100\n|move|p1a: Blissey|Seismic Toss|p2a: Arceus\n|-damage|p2a: Arceus|33\/100\n|\n|-heal|p1a: Blissey|77\/100|[from] item: Leftovers\n|upkeep\n|turn|29\n|l| Cw1999\n|\n|t:|1698529819\n|move|p2a: Arceus|Judgment|p1a: Blissey\n|-damage|p1a: Blissey|48\/100\n|move|p1a: Blissey|Seismic Toss|p2a: Arceus\n|-damage|p2a: Arceus|10\/100\n|\n|-heal|p1a: Blissey|54\/100|[from] item: Leftovers\n|-end|p1a: Blissey|move: Taunt\n|upkeep\n|turn|30\n|\n|t:|1698529821\n|move|p2a: Arceus|Judgment|p1a: Blissey\n|-damage|p1a: Blissey|22\/100\n|move|p1a: Blissey|Seismic Toss|p2a: Arceus\n|-damage|p2a: Arceus|0 fnt\n|faint|p2a: Arceus\n|\n|-heal|p1a: Blissey|28\/100|[from] item: Leftovers\n|upkeep\n|\n|t:|1698529827\n|switch|p2a: Chi-Yu|Chi-Yu|100\/100\n|-ability|p2a: Chi-Yu|Beads of Ruin\n|turn|31\n|\n|t:|1698529848\n|switch|p1a: Giratina|Giratina, shiny|100\/100\n|-ability|p1a: Giratina|Pressure\n|move|p2a: Chi-Yu|Overheat|p1a: Giratina\n|-resisted|p1a: Giratina\n|-damage|p1a: Giratina|80\/100\n|-unboost|p2a: Chi-Yu|spa|2\n|\n|-heal|p1a: Giratina|86\/100|[from] item: Leftovers\n|upkeep\n|turn|32\n|inactive|Battle timer is ON: inactive players will automatically lose when time's up. (requested by fwuffypetsowo)\n|\n|t:|1698529875\n|switch|p2a: Torkoal|Torkoal, F|100\/100\n|-weather|SunnyDay|[from] ability: Drought|[of] p2a: Torkoal\n|switch|p1a: Blissey|Blissey, F|28\/100\n|\n|-weather|SunnyDay|[upkeep]\n|-heal|p1a: Blissey|34\/100|[from] item: Leftovers\n|upkeep\n|turn|33\n|\n|t:|1698529884\n|switch|p1a: Espeon|Espeon, M|100\/100\n|switch|p2a: Chi-Yu|Chi-Yu|100\/100\n|-ability|p2a: Chi-Yu|Beads of Ruin\n|\n|-weather|SunnyDay|[upkeep]\n|upkeep\n|turn|34\n|\n|t:|1698529907\n|-terastallize|p2a: Chi-Yu|Fire\n|move|p2a: Chi-Yu|Overheat|p1a: Espeon\n|-damage|p1a: Espeon|0 fnt\n|-unboost|p2a: Chi-Yu|spa|2\n|faint|p1a: Espeon\n|\n|-weather|SunnyDay|[upkeep]\n|upkeep\n|inactive|leonissenbaum has 270 seconds left.\n|\n|t:|1698529924\n|switch|p1a: Gliscor|Gliscor, M|100\/100 tox\n|turn|35\n|\n|t:|1698529929\n|move|p2a: Chi-Yu|Overheat|p1a: Gliscor\n|-damage|p1a: Gliscor|11\/100 tox\n|-unboost|p2a: Chi-Yu|spa|2\n|move|p1a: Gliscor|Toxic Spikes|p2a: Chi-Yu\n|-sidestart|p2: fwuffypetsowo|move: Toxic Spikes\n|\n|-weather|SunnyDay|[upkeep]\n|-heal|p1a: Gliscor|24\/100 tox|[from] ability: Poison Heal\n|upkeep\n|turn|36\n|\n|t:|1698529948\n|switch|p2a: Torkoal|Torkoal, F|100\/100\n|-status|p2a: Torkoal|psn\n|move|p1a: Gliscor|Protect||[still]\n|-fail|p1a: Gliscor\n|\n|-weather|SunnyDay|[upkeep]\n|-heal|p1a: Gliscor|36\/100 tox|[from] ability: Poison Heal\n|-damage|p2a: Torkoal|88\/100 psn|[from] psn\n|upkeep\n|turn|37\n|\n|t:|1698529957\n|move|p1a: Gliscor|Protect|p1a: Gliscor\n|-singleturn|p1a: Gliscor|Protect\n|move|p2a: Torkoal|Rapid Spin|p1a: Gliscor\n|-activate|p1a: Gliscor|move: Protect\n|\n|-weather|SunnyDay|[upkeep]\n|-heal|p1a: Gliscor|49\/100 tox|[from] ability: Poison Heal\n|-damage|p2a: Torkoal|75\/100 psn|[from] psn\n|upkeep\n|turn|38\n|\n|t:|1698529966\n|move|p1a: Gliscor|Knock Off|p2a: Torkoal\n|-damage|p2a: Torkoal|64\/100 psn\n|-enditem|p2a: Torkoal|Heat Rock|[from] move: Knock Off|[of] p1a: Gliscor\n|move|p2a: Torkoal|Rapid Spin|p1a: Gliscor\n|-damage|p1a: Gliscor|41\/100 tox\n|-boost|p2a: Torkoal|spe|1\n|-sideend|p2: fwuffypetsowo|Toxic Spikes|[from] move: Rapid Spin|[of] p2a: Torkoal\n|\n|-weather|SunnyDay|[upkeep]\n|-heal|p1a: Gliscor|53\/100 tox|[from] ability: Poison Heal\n|-damage|p2a: Torkoal|52\/100 psn|[from] psn\n|upkeep\n|turn|39\n|\n|t:|1698529977\n|switch|p2a: Chi-Yu|Chi-Yu, tera:Fire|100\/100\n|-ability|p2a: Chi-Yu|Beads of Ruin\n|move|p1a: Gliscor|Toxic Spikes|p2a: Chi-Yu\n|-sidestart|p2: fwuffypetsowo|move: Toxic Spikes\n|\n|-weather|none\n|-heal|p1a: Gliscor|66\/100 tox|[from] ability: Poison Heal\n|upkeep\n|turn|40\n|\n|t:|1698529985\n|switch|p2a: Torkoal|Torkoal, F|52\/100 psn\n|-weather|SunnyDay|[from] ability: Drought|[of] p2a: Torkoal\n|move|p1a: Gliscor|Protect||[still]\n|-fail|p1a: Gliscor\n|\n|-weather|SunnyDay|[upkeep]\n|-heal|p1a: Gliscor|78\/100 tox|[from] ability: Poison Heal\n|-damage|p2a: Torkoal|39\/100 psn|[from] psn\n|upkeep\n|turn|41\n|\n|t:|1698529993\n|switch|p2a: Chi-Yu|Chi-Yu, tera:Fire|100\/100\n|-status|p2a: Chi-Yu|psn\n|-ability|p2a: Chi-Yu|Beads of Ruin\n|move|p1a: Gliscor|Protect||[still]\n|-fail|p1a: Gliscor\n|\n|-weather|SunnyDay|[upkeep]\n|-damage|p2a: Chi-Yu|88\/100 psn|[from] psn\n|-heal|p1a: Gliscor|91\/100 tox|[from] ability: Poison Heal\n|upkeep\n|turn|42\n|\n|t:|1698530003\n|move|p1a: Gliscor|Protect|p1a: Gliscor\n|-singleturn|p1a: Gliscor|Protect\n|move|p2a: Chi-Yu|Overheat|p1a: Gliscor\n|-activate|p1a: Gliscor|move: Protect\n|\n|-weather|SunnyDay|[upkeep]\n|-damage|p2a: Chi-Yu|76\/100 psn|[from] psn\n|-heal|p1a: Gliscor|100\/100 tox|[from] ability: Poison Heal\n|upkeep\n|turn|43\n|\n|t:|1698530014\n|switch|p1a: Giratina|Giratina, shiny|86\/100\n|-ability|p1a: Giratina|Pressure\n|move|p2a: Chi-Yu|Overheat|p1a: Giratina\n|-resisted|p1a: Giratina\n|-damage|p1a: Giratina|38\/100\n|-unboost|p2a: Chi-Yu|spa|2\n|\n|-weather|SunnyDay|[upkeep]\n|-heal|p1a: Giratina|44\/100|[from] item: Leftovers\n|-damage|p2a: Chi-Yu|63\/100 psn|[from] psn\n|upkeep\n|turn|44\n|\n|t:|1698530021\n|switch|p2a: Walking Wake|Walking Wake|100\/100\n|-status|p2a: Walking Wake|psn\n|-activate|p2a: Walking Wake|ability: Protosynthesis\n|-start|p2a: Walking Wake|protosynthesisspe\n|move|p1a: Giratina|Rest|p1a: Giratina\n|-status|p1a: Giratina|slp|[from] move: Rest\n|-heal|p1a: Giratina|100\/100 slp|[silent]\n|\n|-weather|none\n|-end|p2a: Walking Wake|Protosynthesis\n|-damage|p2a: Walking Wake|88\/100 psn|[from] psn\n|upkeep\n|turn|45\n|\n|t:|1698530038\n|switch|p1a: Blissey|Blissey, F|34\/100\n|move|p2a: Walking Wake|Dragon Pulse|p1a: Blissey\n|-damage|p1a: Blissey|15\/100\n|\n|-heal|p1a: Blissey|21\/100|[from] item: Leftovers\n|-damage|p2a: Walking Wake|76\/100 psn|[from] psn\n|upkeep\n|turn|46\n|\n|t:|1698530043\n|move|p2a: Walking Wake|Dragon Pulse|p1a: Blissey\n|-damage|p1a: Blissey|2\/100\n|move|p1a: Blissey|Soft-Boiled|p1a: Blissey\n|-heal|p1a: Blissey|52\/100\n|\n|-heal|p1a: Blissey|59\/100|[from] item: Leftovers\n|-damage|p2a: Walking Wake|64\/100 psn|[from] psn\n|upkeep\n|turn|47\n|\n|t:|1698530048\n|-end|p2a: Walking Wake|Protosynthesis|[silent]\n|switch|p2a: Magearna|Magearna-Original|100\/100\n|move|p1a: Blissey|Soft-Boiled|p1a: Blissey\n|-heal|p1a: Blissey|100\/100\n|\n|upkeep\n|turn|48\n|\n|t:|1698530059\n|switch|p1a: Giratina|Giratina, shiny|100\/100 slp\n|-ability|p1a: Giratina|Pressure\n|move|p2a: Magearna|Spikes|p1a: Giratina\n|-sidestart|p1: leonissenbaum|Spikes\n|\n|upkeep\n|turn|49\n|\n|t:|1698530078\n|switch|p1a: Blissey|Blissey, F|100\/100\n|-damage|p1a: Blissey|88\/100|[from] Spikes\n|move|p2a: Magearna|Fleur Cannon|p1a: Blissey\n|-damage|p1a: Blissey|71\/100\n|-unboost|p2a: Magearna|spa|2\n|\n|-heal|p1a: Blissey|77\/100|[from] item: Leftovers\n|upkeep\n|turn|50\n|\n|t:|1698530081\n|move|p2a: Magearna|Thunder Wave|p1a: Blissey\n|-status|p1a: Blissey|par\n|move|p1a: Blissey|Stealth Rock|p2a: Magearna\n|-sidestart|p2: fwuffypetsowo|move: Stealth Rock\n|\n|-heal|p1a: Blissey|84\/100 par|[from] item: Leftovers\n|upkeep\n|turn|51\n|\n|t:|1698530090\n|-curestatus|p1a: Blissey|par|[from] ability: Natural Cure\n|switch|p1a: Gliscor|Gliscor, M|100\/100 tox\n|move|p2a: Magearna|Spikes|p1a: Gliscor\n|-sidestart|p1: leonissenbaum|Spikes\n|\n|upkeep\n|turn|52\n|\n|t:|1698530102\n|switch|p2a: Torkoal|Torkoal, F|39\/100 psn\n|-damage|p2a: Torkoal|14\/100 psn|[from] Stealth Rock\n|-weather|SunnyDay|[from] ability: Drought|[of] p2a: Torkoal\n|move|p1a: Gliscor|Toxic Spikes|p2a: Torkoal\n|-sidestart|p2: fwuffypetsowo|move: Toxic Spikes\n|\n|-weather|SunnyDay|[upkeep]\n|-damage|p2a: Torkoal|2\/100 psn|[from] psn\n|upkeep\n|turn|53\n|\n|t:|1698530111\n|switch|p2a: Walking Wake|Walking Wake|64\/100 psn\n|-damage|p2a: Walking Wake|51\/100 psn|[from] Stealth Rock\n|-activate|p2a: Walking Wake|ability: Protosynthesis\n|-start|p2a: Walking Wake|protosynthesisspe\n|move|p1a: Gliscor|Protect||[still]\n|-fail|p1a: Gliscor\n|\n|-weather|SunnyDay|[upkeep]\n|-damage|p2a: Walking Wake|39\/100 psn|[from] psn\n|upkeep\n|turn|54\n|\n|t:|1698530120\n|move|p1a: Gliscor|Protect|p1a: Gliscor\n|-singleturn|p1a: Gliscor|Protect\n|move|p2a: Walking Wake|Hydro Steam|p1a: Gliscor\n|-activate|p1a: Gliscor|move: Protect\n|\n|-weather|SunnyDay|[upkeep]\n|-damage|p2a: Walking Wake|27\/100 psn|[from] psn\n|upkeep\n|turn|55\n|\n|t:|1698530127\n|switch|p1a: Blissey|Blissey, F|84\/100\n|-damage|p1a: Blissey|67\/100|[from] Spikes\n|move|p2a: Walking Wake|Hydro Steam|p1a: Blissey\n|-damage|p1a: Blissey|38\/100\n|\n|-weather|SunnyDay|[upkeep]\n|-heal|p1a: Blissey|44\/100|[from] item: Leftovers\n|-damage|p2a: Walking Wake|15\/100 psn|[from] psn\n|upkeep\n|turn|56\n|\n|t:|1698530133\n|move|p2a: Walking Wake|Hydro Steam|p1a: Blissey\n|-damage|p1a: Blissey|16\/100\n|move|p1a: Blissey|Soft-Boiled|p1a: Blissey\n|-heal|p1a: Blissey|66\/100\n|\n|-weather|none\n|-end|p2a: Walking Wake|Protosynthesis\n|-heal|p1a: Blissey|72\/100|[from] item: Leftovers\n|-damage|p2a: Walking Wake|2\/100 psn|[from] psn\n|upkeep\n|turn|57\n|\n|t:|1698530137\n|move|p2a: Walking Wake|Hydro Steam|p1a: Blissey\n|-damage|p1a: Blissey|55\/100\n|move|p1a: Blissey|Soft-Boiled|p1a: Blissey\n|-heal|p1a: Blissey|100\/100\n|\n|-damage|p2a: Walking Wake|0 fnt|[from] psn\n|faint|p2a: Walking Wake\n|-end|p2a: Walking Wake|Protosynthesis|[silent]\n|upkeep\n|\n|t:|1698530145\n|switch|p2a: Chi-Yu|Chi-Yu, tera:Fire|63\/100 psn\n|-damage|p2a: Chi-Yu|39\/100 psn|[from] Stealth Rock\n|-ability|p2a: Chi-Yu|Beads of Ruin\n|turn|58\n|\n|t:|1698530153\n|move|p2a: Chi-Yu|Dark Pulse|p1a: Blissey\n|-damage|p1a: Blissey|82\/100\n|cant|p1a: Blissey|flinch\n|\n|-heal|p1a: Blissey|88\/100|[from] item: Leftovers\n|-damage|p2a: Chi-Yu|26\/100 psn|[from] psn\n|upkeep\n|turn|59\n|\n|t:|1698530160\n|move|p2a: Chi-Yu|Dark Pulse|p1a: Blissey\n|-damage|p1a: Blissey|67\/100\n|cant|p1a: Blissey|flinch\n|\n|-heal|p1a: Blissey|73\/100|[from] item: Leftovers\n|-damage|p2a: Chi-Yu|14\/100 psn|[from] psn\n|upkeep\n|turn|60\n|\n|t:|1698530165\n|move|p2a: Chi-Yu|Dark Pulse|p1a: Blissey\n|-damage|p1a: Blissey|54\/100\n|move|p1a: Blissey|Seismic Toss|p2a: Chi-Yu\n|-damage|p2a: Chi-Yu|0 fnt\n|faint|p2a: Chi-Yu\n|\n|-heal|p1a: Blissey|60\/100|[from] item: Leftovers\n|upkeep\n|\n|t:|1698530169\n|switch|p2a: Torkoal|Torkoal, F|2\/100 psn\n|-damage|p2a: Torkoal|0 fnt|[from] Stealth Rock\n|faint|p2a: Torkoal\n|\n|t:|1698530170\n|switch|p2a: Magearna|Magearna-Original|100\/100\n|-damage|p2a: Magearna|94\/100|[from] Stealth Rock\n|turn|61\n|\n|t:|1698530180\n|move|p2a: Magearna|Spikes|p1a: Blissey\n|-sidestart|p1: leonissenbaum|Spikes\n|move|p1a: Blissey|Seismic Toss|p2a: Magearna\n|-damage|p2a: Magearna|67\/100\n|\n|-heal|p2a: Magearna|73\/100|[from] item: Leftovers\n|-heal|p1a: Blissey|66\/100|[from] item: Leftovers\n|upkeep\n|turn|62\n|\n|t:|1698530191\n|move|p2a: Magearna|Volt Switch|p1a: Blissey\n|-damage|p1a: Blissey|60\/100\n|\n|t:|1698530195\n|switch|p2a: Zacian|Zacian|100\/100|[from] Volt Switch\n|-ability|p2a: Zacian|Intrepid Sword|boost\n|-boost|p2a: Zacian|atk|1\n|move|p1a: Blissey|Seismic Toss|p2a: Zacian\n|-damage|p2a: Zacian|70\/100\n|\n|-heal|p1a: Blissey|66\/100|[from] item: Leftovers\n|upkeep\n|turn|63\n|\n|t:|1698530203\n|switch|p1a: Dondozo|Dondozo, M|100\/100\n|-damage|p1a: Dondozo|75\/100|[from] Spikes\n|move|p2a: Zacian|Tera Blast|p1a: Dondozo\n|-damage|p1a: Dondozo|63\/100\n|\n|upkeep\n|turn|64\n|\n|t:|1698530215\n|move|p2a: Zacian|Play Rough|p1a: Dondozo\n|-damage|p1a: Dondozo|45\/100\n|-damage|p2a: Zacian|53\/100|[from] item: Rocky Helmet|[of] p1a: Dondozo\n|move|p1a: Dondozo|Rest|p1a: Dondozo\n|-status|p1a: Dondozo|slp|[from] move: Rest\n|-heal|p1a: Dondozo|100\/100 slp|[silent]\n|\n|upkeep\n|turn|65\n|\n|t:|1698530224\n|switch|p2a: Magearna|Magearna-Original|73\/100\n|-damage|p2a: Magearna|67\/100|[from] Stealth Rock\n|cant|p1a: Dondozo|slp\n|move|p1a: Dondozo|Sleep Talk|p1a: Dondozo\n|move|p1a: Dondozo|Body Press|p2a: Magearna|[from]move: Sleep Talk\n|-damage|p2a: Magearna|44\/100\n|\n|-heal|p2a: Magearna|50\/100|[from] item: Leftovers\n|upkeep\n|turn|66\n|\n|t:|1698530246\n|-terastallize|p1a: Dondozo|Poison\n|move|p2a: Magearna|Volt Switch|p1a: Dondozo\n|-crit|p1a: Dondozo\n|-damage|p1a: Dondozo|70\/100 slp\n|\n|t:|1698530250\n|switch|p2a: Zacian|Zacian|53\/100|[from] Volt Switch\n|cant|p1a: Dondozo|slp\n|move|p1a: Dondozo|Sleep Talk|p1a: Dondozo\n|move|p1a: Dondozo|Body Press|p2a: Zacian|[from]move: Sleep Talk\n|-resisted|p2a: Zacian\n|-damage|p2a: Zacian|39\/100\n|\n|upkeep\n|turn|67\n|\n|t:|1698530256\n|move|p2a: Zacian|Tera Blast|p1a: Dondozo\n|-damage|p1a: Dondozo|56\/100 slp\n|-curestatus|p1a: Dondozo|slp|[msg]\n|move|p1a: Dondozo|Waterfall|p2a: Zacian\n|-damage|p2a: Zacian|13\/100\n|\n|upkeep\n|turn|68\n|\n|t:|1698530262\n|move|p2a: Zacian|Tera Blast|p1a: Dondozo\n|-damage|p1a: Dondozo|43\/100\n|move|p1a: Dondozo|Waterfall|p2a: Zacian\n|-damage|p2a: Zacian|0 fnt\n|faint|p2a: Zacian\n|\n|upkeep\n|\n|t:|1698530266\n|switch|p2a: Magearna|Magearna-Original|50\/100\n|-damage|p2a: Magearna|44\/100|[from] Stealth Rock\n|turn|69\n|\n|t:|1698530271\n|move|p2a: Magearna|Volt Switch|p1a: Dondozo\n|-damage|p1a: Dondozo|23\/100\n|move|p1a: Dondozo|Rest|p1a: Dondozo\n|-status|p1a: Dondozo|slp|[from] move: Rest\n|-heal|p1a: Dondozo|100\/100 slp|[silent]\n|\n|-heal|p2a: Magearna|50\/100|[from] item: Leftovers\n|upkeep\n|turn|70\n|\n|t:|1698530275\n|move|p2a: Magearna|Volt Switch|p1a: Dondozo\n|-damage|p1a: Dondozo|81\/100 slp\n|cant|p1a: Dondozo|slp\n|move|p1a: Dondozo|Sleep Talk|p1a: Dondozo\n|move|p1a: Dondozo|Waterfall|p2a: Magearna|[from]move: Sleep Talk\n|-damage|p2a: Magearna|26\/100\n|\n|-heal|p2a: Magearna|32\/100|[from] item: Leftovers\n|upkeep\n|turn|71\n|\n|t:|1698530278\n|move|p2a: Magearna|Volt Switch|p1a: Dondozo\n|-damage|p1a: Dondozo|63\/100 slp\n|cant|p1a: Dondozo|slp\n|move|p1a: Dondozo|Sleep Talk|p1a: Dondozo\n|move|p1a: Dondozo|Body Press|p2a: Magearna|[from]move: Sleep Talk\n|-damage|p2a: Magearna|10\/100\n|\n|-heal|p2a: Magearna|16\/100|[from] item: Leftovers\n|upkeep\n|turn|72\n|\n|t:|1698530281\n|move|p2a: Magearna|Volt Switch|p1a: Dondozo\n|-damage|p1a: Dondozo|43\/100 slp\n|-curestatus|p1a: Dondozo|slp|[msg]\n|move|p1a: Dondozo|Body Press|p2a: Magearna\n|-damage|p2a: Magearna|0 fnt\n|faint|p2a: Magearna\n|\n|win|leonissenbaum\n|c|\u2606leonissenbaum|gg\n|l|\u2606fwuffypetsowo\n","uploadtime":1698530330,"views":16,"p1id":"leonissenbaum","p2id":"fwuffypetsowo","formatid":"gen9ubers","rating":0,"private":0,"password":""}