{"id":"gen9ubers-1980323632","p1":"Simp4Greedent","p2":"dvdpoola","format":"[Gen 9] Ubers","log":"|j|\u2606Simp4Greedent\n|j|\u2606dvdpoola\n|t:|1698775348\n|gametype|singles\n|player|p1|Simp4Greedent|backersf|\n|player|p2|dvdpoola|clown|\n|teamsize|p1|6\n|teamsize|p2|6\n|gen|9\n|tier|[Gen 9] Ubers\n|rule|Sleep Clause Mod: Limit one foe put to sleep\n|rule|Species Clause: Limit one of each Pok\u00e9mon\n|rule|OHKO Clause: OHKO moves are banned\n|rule|Evasion Items Clause: Evasion items are banned\n|rule|Evasion Moves Clause: Evasion moves are banned\n|rule|Endless Battle Clause: Forcing endless battles is banned\n|rule|HP Percentage Mod: HP is shown in percentages\n|clearpoke\n|poke|p1|Mew|\n|poke|p1|Leafeon, F|\n|poke|p1|Grimmsnarl, M|\n|poke|p1|Ursaluna-Bloodmoon, M|\n|poke|p1|Tornadus-Therian, M|\n|poke|p1|Glimmora, F|\n|poke|p2|Toedscruel, M|\n|poke|p2|Dragonite, M|\n|poke|p2|Kingambit, M|\n|poke|p2|Azumarill, M|\n|poke|p2|Iron Jugulis|\n|poke|p2|Delphox, M|\n|teampreview\n|c|\u2606dvdpoola|Ayyy glhf\n|c|\u2606Simp4Greedent|glhf bb\n|c|\u2606dvdpoola|you mind sending the link for me?\n|c|\u2606dvdpoola|Mobile is ass\n|c|\u2606Simp4Greedent|yessir\n|c|\u2606dvdpoola|Thanks man\n|c|\u2606dvdpoola|ready to send it?\n|c|\u2606Simp4Greedent|yep, lets boogie\n|\n|t:|1698775439\n|start\n|switch|p1a: Space Rat|Mew, shiny|100\/100\n|switch|p2a: Feet pics|Toedscruel, M, shiny|100\/100\n|turn|1\n|\n|t:|1698775449\n|move|p1a: Space Rat|Reflect Type|p2a: Feet pics\n|-start|p1a: Space Rat|typechange|[from] move: Reflect Type|[of] p2a: Feet pics\n|move|p2a: Feet pics|Spore|p1a: Space Rat\n|-immune|p1a: Space Rat\n|\n|upkeep\n|-start|p1a: Space Rat|typechange|Ground\/Grass|[silent]\n|turn|2\n|\n|t:|1698775464\n|move|p1a: Space Rat|Stealth Rock|p2a: Feet pics\n|-sidestart|p2: dvdpoola|move: Stealth Rock\n|move|p2a: Feet pics|Spikes|p1a: Space Rat\n|-sidestart|p1: Simp4Greedent|Spikes\n|\n|upkeep\n|turn|3\n|\n|t:|1698775469\n|move|p2a: Feet pics|Rapid Spin|p1a: Space Rat\n|-damage|p1a: Space Rat|95\/100\n|-boost|p2a: Feet pics|spe|1\n|-sideend|p2: dvdpoola|Stealth Rock|[from] move: Rapid Spin|[of] p2a: Feet pics\n|move|p1a: Space Rat|Ice Beam|p2a: Feet pics\n|-supereffective|p2a: Feet pics\n|-damage|p2a: Feet pics|17\/100\n|\n|upkeep\n|turn|4\n|\n|t:|1698775497\n|move|p1a: Space Rat|Stealth Rock|p2a: Feet pics\n|-sidestart|p2: dvdpoola|move: Stealth Rock\n|move|p2a: Feet pics|Spikes|p1a: Space Rat\n|-sidestart|p1: Simp4Greedent|Spikes\n|\n|upkeep\n|turn|5\n|\n|t:|1698775504\n|move|p2a: Feet pics|Rapid Spin|p1a: Space Rat\n|-damage|p1a: Space Rat|89\/100\n|-boost|p2a: Feet pics|spe|1\n|-sideend|p2: dvdpoola|Stealth Rock|[from] move: Rapid Spin|[of] p2a: Feet pics\n|move|p1a: Space Rat|Ice Beam|p2a: Feet pics\n|-supereffective|p2a: Feet pics\n|-damage|p2a: Feet pics|0 fnt\n|faint|p2a: Feet pics\n|\n|upkeep\n|\n|t:|1698775516\n|switch|p2a: Lvl 100 fire mage|Delphox, M, shiny|100\/100\n|turn|6\n|\n|t:|1698775541\n|switch|p1a: Glimmy Dimmy|Glimmora, F|100\/100\n|move|p2a: Lvl 100 fire mage|Fire Blast|p1a: Glimmy Dimmy\n|-resisted|p1a: Glimmy Dimmy\n|-damage|p1a: Glimmy Dimmy|69\/100\n|\n|upkeep\n|turn|7\n|\n|t:|1698775560\n|move|p2a: Lvl 100 fire mage|Psychic|p1a: Glimmy Dimmy\n|-supereffective|p1a: Glimmy Dimmy\n|-damage|p1a: Glimmy Dimmy|0 fnt\n|faint|p1a: Glimmy Dimmy\n|\n|upkeep\n|\n|t:|1698775566\n|switch|p1a: Sock Goblin|Grimmsnarl, M|100\/100\n|-damage|p1a: Sock Goblin|84\/100|[from] Spikes\n|turn|8\n|\n|t:|1698775574\n|switch|p2a: Royalty|Kingambit, M|100\/100\n|-activate|p2a: Royalty|ability: Supreme Overlord\n|-start|p2a: Royalty|fallen1|[silent]\n|move|p1a: Sock Goblin|Light Screen|p1a: Sock Goblin\n|-sidestart|p1: Simp4Greedent|move: Light Screen\n|\n|upkeep\n|turn|9\n|\n|t:|1698775583\n|move|p1a: Sock Goblin|Reflect|p1a: Sock Goblin\n|-sidestart|p1: Simp4Greedent|Reflect\n|move|p2a: Royalty|Iron Head|p1a: Sock Goblin\n|-supereffective|p1a: Sock Goblin\n|-damage|p1a: Sock Goblin|43\/100\n|\n|upkeep\n|turn|10\n|\n|t:|1698775594\n|move|p2a: Royalty|Swords Dance|p2a: Royalty\n|-boost|p2a: Royalty|atk|2\n|move|p1a: Sock Goblin|Spirit Break|p2a: Royalty\n|-damage|p2a: Royalty|77\/100\n|-unboost|p2a: Royalty|spa|1\n|\n|upkeep\n|turn|11\n|\n|t:|1698775608\n|move|p2a: Royalty|Iron Head|p1a: Sock Goblin\n|-supereffective|p1a: Sock Goblin\n|-damage|p1a: Sock Goblin|0 fnt\n|faint|p1a: Sock Goblin\n|\n|upkeep\n|j| Muk fan\n|\n|t:|1698775632\n|switch|p1a: Space Rat|Mew, shiny|89\/100\n|-damage|p1a: Space Rat|73\/100|[from] Spikes\n|turn|12\n|c|\u2606dvdpoola|Oh god Trey joined\n|\n|t:|1698775655\n|move|p1a: Space Rat|Aura Sphere|p2a: Royalty\n|-supereffective|p2a: Royalty\n|-crit|p2a: Royalty\n|-damage|p2a: Royalty|0 fnt\n|faint|p2a: Royalty\n|-end|p2a: Royalty|fallen1|[silent]\n|\n|upkeep\n|c|\u2606Simp4Greedent|be my good luck charm Trey\n|\n|t:|1698775661\n|switch|p2a: Amarillo|Azumarill, M, shiny|100\/100\n|turn|13\n|c| Muk fan|Im impartial here; two of my faves\n|\n|t:|1698775703\n|switch|p1a: Moon Moon|Ursaluna-Bloodmoon, M|100\/100\n|-damage|p1a: Moon Moon|84\/100|[from] Spikes\n|move|p2a: Amarillo|Belly Drum|p2a: Amarillo\n|-damage|p2a: Amarillo|50\/100\n|-setboost|p2a: Amarillo|atk|6|[from] move: Belly Drum\n|-enditem|p2a: Amarillo|Sitrus Berry|[eat]\n|-heal|p2a: Amarillo|75\/100|[from] item: Sitrus Berry\n|\n|upkeep\n|turn|14\n|c| Muk fan|Bro pulled up with the leafeon goddamn\n|\n|t:|1698775716\n|move|p2a: Amarillo|Play Rough|p1a: Moon Moon\n|-damage|p1a: Moon Moon|11\/100\n|move|p1a: Moon Moon|Blood Moon|p2a: Amarillo\n|-damage|p2a: Amarillo|0 fnt\n|faint|p2a: Amarillo\n|\n|upkeep\n|c| Muk fan|Poola wtf was that\n|\n|t:|1698775740\n|switch|p2a: Iron Lung|Iron Jugulis|100\/100\n|-enditem|p2a: Iron Lung|Booster Energy\n|-activate|p2a: Iron Lung|ability: Quark Drive|[fromitem]\n|-start|p2a: Iron Lung|quarkdrivespe\n|turn|15\n|\n|t:|1698775763\n|move|p1a: Moon Moon|Vacuum Wave|p2a: Iron Lung\n|-damage|p2a: Iron Lung|81\/100\n|move|p2a: Iron Lung|Dark Pulse|p1a: Moon Moon\n|-damage|p1a: Moon Moon|0 fnt\n|faint|p1a: Moon Moon\n|\n|-sideend|p1: Simp4Greedent|move: Light Screen\n|upkeep\n|\n|t:|1698775774\n|switch|p1a: Space Rat|Mew, shiny|73\/100\n|-damage|p1a: Space Rat|56\/100|[from] Spikes\n|turn|16\n|\n|t:|1698775783\n|move|p2a: Iron Lung|Taunt|p1a: Space Rat\n|-start|p1a: Space Rat|move: Taunt\n|cant|p1a: Space Rat|move: Taunt|Stealth Rock\n|\n|-sideend|p1: Simp4Greedent|Reflect\n|upkeep\n|turn|17\n|\n|t:|1698775789\n|move|p2a: Iron Lung|Charge Beam|p1a: Space Rat|[miss]\n|-miss|p2a: Iron Lung|p1a: Space Rat\n|move|p1a: Space Rat|Ice Beam|p2a: Iron Lung\n|-supereffective|p2a: Iron Lung\n|-damage|p2a: Iron Lung|33\/100\n|\n|upkeep\n|turn|18\n|\n|t:|1698775797\n|move|p2a: Iron Lung|Dark Pulse|p1a: Space Rat\n|-supereffective|p1a: Space Rat\n|-enditem|p1a: Space Rat|Colbur Berry|[eat]\n|-enditem|p1a: Space Rat|Colbur Berry|[weaken]\n|-damage|p1a: Space Rat|21\/100\n|move|p1a: Space Rat|Ice Beam|p2a: Iron Lung\n|-supereffective|p2a: Iron Lung\n|-damage|p2a: Iron Lung|0 fnt\n|faint|p2a: Iron Lung\n|-end|p2a: Iron Lung|Quark Drive|[silent]\n|\n|-end|p1a: Space Rat|move: Taunt\n|upkeep\n|c| Muk fan|LMFAO what are these sets\n|\n|t:|1698775810\n|switch|p2a: Lvl 100 fire mage|Delphox, M, shiny|100\/100\n|turn|19\n|\n|t:|1698775817\n|move|p2a: Lvl 100 fire mage|Nasty Plot|p2a: Lvl 100 fire mage\n|-boost|p2a: Lvl 100 fire mage|spa|2\n|move|p1a: Space Rat|Stealth Rock|p2a: Lvl 100 fire mage\n|-sidestart|p2: dvdpoola|move: Stealth Rock\n|\n|upkeep\n|turn|20\n|\n|t:|1698775826\n|move|p2a: Lvl 100 fire mage|Psychic|p1a: Space Rat\n|-resisted|p1a: Space Rat\n|-damage|p1a: Space Rat|0 fnt\n|faint|p1a: Space Rat\n|\n|upkeep\n|\n|t:|1698775831\n|switch|p1a: Larry|Tornadus-Therian, M|100\/100\n|turn|21\n|\n|t:|1698775844\n|move|p1a: Larry|Sunny Day|p1a: Larry\n|-weather|SunnyDay\n|move|p2a: Lvl 100 fire mage|Fire Blast|p1a: Larry\n|-damage|p1a: Larry|0 fnt\n|faint|p1a: Larry\n|\n|-weather|SunnyDay|[upkeep]\n|upkeep\n|\n|t:|1698775851\n|switch|p1a: Leaf Me Alone|Leafeon, F|100\/100\n|-damage|p1a: Leaf Me Alone|84\/100|[from] Spikes\n|turn|22\n|\n|t:|1698775859\n|-terastallize|p1a: Leaf Me Alone|Rock\n|-terastallize|p2a: Lvl 100 fire mage|Grass\n|move|p1a: Leaf Me Alone|Tera Blast|p2a: Lvl 100 fire mage|[anim] Tera Blast Rock\n|-damage|p2a: Lvl 100 fire mage|20\/100\n|-damage|p1a: Leaf Me Alone|74\/100|[from] item: Life Orb\n|move|p2a: Lvl 100 fire mage|Solar Beam||[still]\n|-prepare|p2a: Lvl 100 fire mage|Solar Beam\n|-anim|p2a: Lvl 100 fire mage|Solar Beam|p1a: Leaf Me Alone\n|-supereffective|p1a: Leaf Me Alone\n|-damage|p1a: Leaf Me Alone|0 fnt\n|faint|p1a: Leaf Me Alone\n|\n|win|dvdpoola\n|c| Muk fan|\ud83e\udd14\n|c|\u2606Simp4Greedent|gg buddy\n|c| Muk fan|YOOOOOOOOO\n|c|\u2606dvdpoola|gg man\n|c| Muk fan|LMAOOOOOO\n|c| Muk fan|that was sick\n|c|\u2606dvdpoola|was expecting Tera water\n|c|\u2606Simp4Greedent|i was winging it\n|l|\u2606dvdpoola\n|c|\u2606Simp4Greedent|hopium\n|c| Muk fan|Cool sets\n","uploadtime":1698775897,"views":46,"p1id":"simp4greedent","p2id":"dvdpoola","formatid":"gen9ubers","rating":0,"private":0,"password":""}