{"id":"gen9ubers-1976620010","p1":"WavyIsMyFriend","p2":"tupokeabuela","format":"[Gen 9] Ubers","log":"|j|\u2606WavyIsMyFriend\n|j|\u2606tupokeabuela\n|t:|1698327871\n|gametype|singles\n|player|p1|WavyIsMyFriend|unknown|1145\n|player|p2|tupokeabuela|ninjaboy|1233\n|teamsize|p1|6\n|teamsize|p2|6\n|gen|9\n|tier|[Gen 9] Ubers\n|rated|\n|rule|Sleep Clause Mod: Limit one foe put to sleep\n|rule|Species Clause: Limit one of each Pok\u00e9mon\n|rule|OHKO Clause: OHKO moves are banned\n|rule|Evasion Items Clause: Evasion items are banned\n|rule|Evasion Moves Clause: Evasion moves are banned\n|rule|Endless Battle Clause: Forcing endless battles is banned\n|rule|HP Percentage Mod: HP is shown in percentages\n|clearpoke\n|poke|p1|Ribombee, M|\n|poke|p1|Koraidon|\n|poke|p1|Arceus|\n|poke|p1|Miraidon|\n|poke|p1|Zacian-*|\n|poke|p1|Iron Treads|\n|poke|p2|Cyclizar, M|\n|poke|p2|Miraidon|\n|poke|p2|Grimmsnarl, M|\n|poke|p2|Chien-Pao|\n|poke|p2|Flutter Mane|\n|poke|p2|Koraidon|\n|teampreview\n|\n|t:|1698327891\n|start\n|switch|p1a: Ribombee|Ribombee, M|100\/100\n|switch|p2a: Grimmsnarl|Grimmsnarl, M|100\/100\n|turn|1\n|\n|t:|1698327897\n|move|p2a: Grimmsnarl|Light Screen|p2a: Grimmsnarl\n|-sidestart|p2: tupokeabuela|move: Light Screen\n|move|p1a: Ribombee|Moonblast|p2a: Grimmsnarl\n|-supereffective|p2a: Grimmsnarl\n|-damage|p2a: Grimmsnarl|72\/100\n|\n|upkeep\n|turn|2\n|\n|t:|1698327903\n|move|p2a: Grimmsnarl|Reflect|p2a: Grimmsnarl\n|-sidestart|p2: tupokeabuela|Reflect\n|move|p1a: Ribombee|Sticky Web|p2a: Grimmsnarl\n|-sidestart|p2: tupokeabuela|move: Sticky Web\n|\n|upkeep\n|turn|3\n|\n|t:|1698327914\n|move|p2a: Grimmsnarl|Parting Shot|p1a: Ribombee\n|-unboost|p1a: Ribombee|atk|1\n|-unboost|p1a: Ribombee|spa|1\n|\n|t:|1698327918\n|switch|p2a: Koraidon|Koraidon|100\/100|[from] Parting Shot\n|-activate|p2a: Koraidon|move: Sticky Web\n|-unboost|p2a: Koraidon|spe|1\n|-weather|SunnyDay|[from] ability: Orichalcum Pulse|[of] p2a: Koraidon\n|-activate|p2a: Koraidon|Orichalcum Pulse|[source]\n|move|p1a: Ribombee|Moonblast|p2a: Koraidon\n|-supereffective|p2a: Koraidon\n|-damage|p2a: Koraidon|44\/100\n|\n|-weather|SunnyDay|[upkeep]\n|-heal|p2a: Koraidon|50\/100|[from] item: Leftovers\n|upkeep\n|turn|4\n|\n|t:|1698327930\n|-terastallize|p2a: Koraidon|Fairy\n|move|p1a: Ribombee|Moonblast|p2a: Koraidon\n|-damage|p2a: Koraidon|37\/100\n|move|p2a: Koraidon|Flame Charge|p1a: Ribombee\n|-supereffective|p1a: Ribombee\n|-enditem|p1a: Ribombee|Focus Sash\n|-damage|p1a: Ribombee|1\/100\n|-boost|p2a: Koraidon|spe|1\n|\n|-weather|SunnyDay|[upkeep]\n|-heal|p2a: Koraidon|43\/100|[from] item: Leftovers\n|upkeep\n|turn|5\n|inactive|Battle timer is ON: inactive players will automatically lose when time's up. (requested by tupokeabuela)\n|\n|t:|1698327944\n|move|p2a: Koraidon|Flame Charge|p1a: Ribombee\n|-supereffective|p1a: Ribombee\n|-damage|p1a: Ribombee|0 fnt\n|-boost|p2a: Koraidon|spe|1\n|faint|p1a: Ribombee\n|\n|-weather|SunnyDay|[upkeep]\n|-heal|p2a: Koraidon|49\/100|[from] item: Leftovers\n|upkeep\n|inactive|WavyIsMyFriend has 120 seconds left.\n|\n|t:|1698327998\n|switch|p1a: Arceus|Arceus|100\/100\n|turn|6\n|\n|t:|1698328004\n|-terastallize|p1a: Arceus|Ghost\n|move|p2a: Koraidon|Collision Course|p1a: Arceus\n|-immune|p1a: Arceus\n|move|p1a: Arceus|Swords Dance|p1a: Arceus\n|-boost|p1a: Arceus|atk|2\n|\n|-weather|SunnyDay|[upkeep]\n|-heal|p2a: Koraidon|55\/100|[from] item: Leftovers\n|upkeep\n|turn|7\n|\n|t:|1698328021\n|move|p2a: Koraidon|Dragon Claw|p1a: Arceus\n|-damage|p1a: Arceus|65\/100\n|move|p1a: Arceus|Swords Dance|p1a: Arceus\n|-boost|p1a: Arceus|atk|2\n|\n|-weather|none\n|-heal|p2a: Koraidon|61\/100|[from] item: Leftovers\n|upkeep\n|turn|8\n|\n|t:|1698328029\n|move|p2a: Koraidon|Dragon Claw|p1a: Arceus\n|-damage|p1a: Arceus|37\/100\n|move|p1a: Arceus|Swords Dance|p1a: Arceus\n|-boost|p1a: Arceus|atk|2\n|\n|-heal|p2a: Koraidon|68\/100|[from] item: Leftovers\n|-sideend|p2: tupokeabuela|move: Light Screen\n|upkeep\n|turn|9\n|\n|t:|1698328048\n|switch|p2a: Cyclizar|Cyclizar, M|100\/100\n|-activate|p2a: Cyclizar|move: Sticky Web\n|-unboost|p2a: Cyclizar|spe|1\n|move|p1a: Arceus|Extreme Speed|p2a: Cyclizar\n|-damage|p2a: Cyclizar|0 fnt\n|faint|p2a: Cyclizar\n|\n|-sideend|p2: tupokeabuela|Reflect\n|upkeep\n|\n|t:|1698328054\n|switch|p2a: Flutter Mane|Flutter Mane|100\/100\n|-activate|p2a: Flutter Mane|move: Sticky Web\n|-unboost|p2a: Flutter Mane|spe|1\n|-enditem|p2a: Flutter Mane|Booster Energy\n|-activate|p2a: Flutter Mane|ability: Protosynthesis|[fromitem]\n|-start|p2a: Flutter Mane|protosynthesisspa\n|turn|10\n|\n|t:|1698328072\n|move|p1a: Arceus|Shadow Claw|p2a: Flutter Mane\n|-supereffective|p2a: Flutter Mane\n|-damage|p2a: Flutter Mane|0 fnt\n|faint|p2a: Flutter Mane\n|-end|p2a: Flutter Mane|Protosynthesis|[silent]\n|\n|upkeep\n|\n|t:|1698328080\n|switch|p2a: Koraidon|Koraidon, tera:Fairy|68\/100\n|-activate|p2a: Koraidon|move: Sticky Web\n|-unboost|p2a: Koraidon|spe|1\n|-weather|SunnyDay|[from] ability: Orichalcum Pulse|[of] p2a: Koraidon\n|-activate|p2a: Koraidon|Orichalcum Pulse|[source]\n|turn|11\n|inactive|WavyIsMyFriend has 120 seconds left.\n|-message|tupokeabuela forfeited.\n|\n|win|WavyIsMyFriend\n|raw|WavyIsMyFriend's rating: 1145 &rarr; <strong>1176<\/strong><br \/>(+31 for winning)\n|raw|tupokeabuela's rating: 1233 &rarr; <strong>1202<\/strong><br \/>(-31 for losing)\n|l|\u2606tupokeabuela\n","uploadtime":1698328200,"views":10,"p1id":"wavyismyfriend","p2id":"tupokeabuela","formatid":"gen9ubers","rating":1176,"private":0,"password":""}