{"id":"gen9ubers-1970648682","p1":"SenkTheMoth","p2":"Paragondegree","format":"[Gen 9] Ubers","log":"|j|\u2606SenkTheMoth\n|j|\u2606Paragondegree\n|t:|1697655185\n|gametype|singles\n|player|p1|SenkTheMoth|dawn-gen4pt|\n|player|p2|Paragondegree|266|\n|teamsize|p1|6\n|teamsize|p2|6\n|gen|9\n|tier|[Gen 9] Ubers\n|rule|Sleep Clause Mod: Limit one foe put to sleep\n|rule|Species Clause: Limit one of each Pok\u00e9mon\n|rule|OHKO Clause: OHKO moves are banned\n|rule|Evasion Items Clause: Evasion items are banned\n|rule|Evasion Moves Clause: Evasion moves are banned\n|rule|Endless Battle Clause: Forcing endless battles is banned\n|rule|HP Percentage Mod: HP is shown in percentages\n|clearpoke\n|poke|p1|Zacian-*|\n|poke|p1|Palkia-Origin|\n|poke|p1|Arceus-Fire|\n|poke|p1|Magearna|\n|poke|p1|Zamazenta-*|\n|poke|p1|Shaymin-Sky|\n|poke|p2|Cutiefly, M|\n|poke|p2|Gholdengo|\n|poke|p2|Landorus, M|\n|poke|p2|Cyclizar, F|\n|poke|p2|Arceus-Fighting|\n|poke|p2|Basculegion-F, F|\n|teampreview\n|inactive|Battle timer is ON: inactive players will automatically lose when time's up. (requested by Paragondegree)\n|\n|t:|1697655193\n|start\n|switch|p1a: Shaymin|Shaymin-Sky|100\/100\n|switch|p2a: Cutiefly|Cutiefly, M, shiny|100\/100\n|turn|1\n|\n|t:|1697655198\n|move|p1a: Shaymin|Air Slash|p2a: Cutiefly\n|-supereffective|p2a: Cutiefly\n|-enditem|p2a: Cutiefly|Focus Sash\n|-damage|p2a: Cutiefly|1\/100\n|move|p2a: Cutiefly|Sticky Web|p1a: Shaymin\n|-sidestart|p1: SenkTheMoth|move: Sticky Web\n|\n|upkeep\n|turn|2\n|j| Kodiak3b\n|inactive|Paragondegree has 270 seconds left.\n|\n|t:|1697655230\n|move|p1a: Shaymin|Air Slash|p2a: Cutiefly\n|-supereffective|p2a: Cutiefly\n|-damage|p2a: Cutiefly|0 fnt\n|faint|p2a: Cutiefly\n|\n|upkeep\n|inactive|Paragondegree has 270 seconds left.\n|\n|t:|1697655237\n|switch|p2a: Gholdengo|Gholdengo|100\/100\n|turn|3\n|\n|t:|1697655242\n|switch|p1a: Zamazenta|Zamazenta-Crowned|100\/100\n|-activate|p1a: Zamazenta|move: Sticky Web\n|-unboost|p1a: Zamazenta|spe|1\n|-ability|p1a: Zamazenta|Dauntless Shield|boost\n|-boost|p1a: Zamazenta|def|1\n|move|p2a: Gholdengo|Thunder Wave|p1a: Zamazenta\n|-status|p1a: Zamazenta|par\n|\n|upkeep\n|turn|4\n|\n|t:|1697655254\n|move|p2a: Gholdengo|Nasty Plot|p2a: Gholdengo\n|-boost|p2a: Gholdengo|spa|2\n|move|p1a: Zamazenta|Crunch|p2a: Gholdengo\n|-supereffective|p2a: Gholdengo\n|-damage|p2a: Gholdengo|55\/100\n|\n|upkeep\n|turn|5\n|\n|t:|1697655263\n|switch|p1a: Arceus|Arceus-Fire|100\/100\n|-activate|p1a: Arceus|move: Sticky Web\n|-unboost|p1a: Arceus|spe|1\n|move|p2a: Gholdengo|Recover|p2a: Gholdengo\n|-heal|p2a: Gholdengo|100\/100\n|\n|upkeep\n|turn|6\n|\n|t:|1697655283\n|-terastallize|p2a: Gholdengo|Ghost\n|move|p1a: Arceus|Flare Blitz|p2a: Gholdengo\n|-damage|p2a: Gholdengo|30\/100\n|-damage|p1a: Arceus|78\/100|[from] Recoil\n|move|p2a: Gholdengo|Thunder Wave|p1a: Arceus\n|-status|p1a: Arceus|par\n|\n|upkeep\n|turn|7\n|\n|t:|1697655292\n|move|p2a: Gholdengo|Hex|p1a: Arceus\n|-damage|p1a: Arceus|0 fnt\n|faint|p1a: Arceus\n|\n|upkeep\n|\n|t:|1697655297\n|switch|p1a: Shaymin|Shaymin-Sky|100\/100\n|turn|8\n|\n|t:|1697655307\n|switch|p2a: Landorus|Landorus, M|100\/100\n|move|p1a: Shaymin|Air Slash|p2a: Landorus\n|-damage|p2a: Landorus|56\/100\n|\n|upkeep\n|turn|9\n|\n|t:|1697655317\n|-terastallize|p1a: Shaymin|Flying\n|move|p1a: Shaymin|Air Slash|p2a: Landorus\n|-damage|p2a: Landorus|0 fnt\n|faint|p2a: Landorus\n|\n|upkeep\n|\n|t:|1697655327\n|switch|p2a: Cyclizar|Cyclizar, F|100\/100\n|turn|10\n|\n|t:|1697655331\n|move|p1a: Shaymin|Air Slash|p2a: Cyclizar\n|-damage|p2a: Cyclizar|10\/100\n|move|p2a: Cyclizar|Shed Tail|p2a: Cyclizar\n|-fail|p2a: Cyclizar|move: Shed Tail|[weak]\n|\n|upkeep\n|turn|11\n|\n|t:|1697655338\n|move|p1a: Shaymin|Air Slash|p2a: Cyclizar\n|-damage|p2a: Cyclizar|0 fnt\n|faint|p2a: Cyclizar\n|\n|upkeep\n|\n|t:|1697655344\n|switch|p2a: Gholdengo|Gholdengo, tera:Ghost|30\/100\n|turn|12\n|\n|t:|1697655353\n|move|p1a: Shaymin|Air Slash|p2a: Gholdengo\n|-damage|p2a: Gholdengo|0 fnt\n|faint|p2a: Gholdengo\n|\n|upkeep\n|\n|t:|1697655358\n|switch|p2a: Arceus|Arceus-Fighting|100\/100\n|turn|13\n|\n|t:|1697655362\n|move|p2a: Arceus|Extreme Speed|p1a: Shaymin\n|-damage|p1a: Shaymin|65\/100\n|move|p1a: Shaymin|Air Slash|p2a: Arceus\n|-supereffective|p2a: Arceus\n|-damage|p2a: Arceus|32\/100\n|\n|upkeep\n|turn|14\n|\n|t:|1697655368\n|move|p2a: Arceus|Extreme Speed|p1a: Shaymin\n|-damage|p1a: Shaymin|31\/100\n|move|p1a: Shaymin|Air Slash|p2a: Arceus\n|-supereffective|p2a: Arceus\n|-damage|p2a: Arceus|0 fnt\n|faint|p2a: Arceus\n|\n|upkeep\n|\n|t:|1697655375\n|switch|p2a: Basculegion|Basculegion-F, F|100\/100\n|turn|15\n|\n|t:|1697655383\n|switch|p1a: Zamazenta|Zamazenta-Crowned|100\/100 par\n|-activate|p1a: Zamazenta|move: Sticky Web\n|-unboost|p1a: Zamazenta|spe|1\n|move|p2a: Basculegion|Crunch|p1a: Zamazenta\n|-resisted|p1a: Zamazenta\n|-damage|p1a: Zamazenta|93\/100 par\n|\n|upkeep\n|turn|16\n|\n|t:|1697655392\n|move|p2a: Basculegion|Last Respects|p1a: Zamazenta\n|-damage|p1a: Zamazenta|0 fnt\n|faint|p1a: Zamazenta\n|\n|upkeep\n|\n|t:|1697655395\n|switch|p1a: Shaymin|Shaymin-Sky, tera:Flying|31\/100\n|turn|17\n|\n|t:|1697655400\n|move|p1a: Shaymin|Seed Flare|p2a: Basculegion\n|-supereffective|p2a: Basculegion\n|-enditem|p2a: Basculegion|Focus Sash\n|-damage|p2a: Basculegion|1\/100\n|move|p2a: Basculegion|Last Respects|p1a: Shaymin\n|-damage|p1a: Shaymin|0 fnt\n|faint|p1a: Shaymin\n|\n|upkeep\n|c|\u2606SenkTheMoth|heck\n|c|\u2606Paragondegree|anti meta\n|c|\u2606Paragondegree|:)\n|c|\u2606SenkTheMoth|i should have just air slashed and had a 60% chance to win\n|\n|t:|1697655426\n|switch|p1a: Magearna|Magearna|100\/100\n|-activate|p1a: Magearna|move: Sticky Web\n|-unboost|p1a: Magearna|spe|1\n|turn|18\n|c|\u2606Paragondegree|ye\n|\n|t:|1697655442\n|move|p2a: Basculegion|Last Respects|p1a: Magearna\n|-damage|p1a: Magearna|7\/100\n|move|p1a: Magearna|Draining Kiss|p2a: Basculegion\n|-damage|p2a: Basculegion|0 fnt\n|-heal|p1a: Magearna|7\/100|[from] drain|[of] p2a: Basculegion\n|faint|p2a: Basculegion\n|\n|win|SenkTheMoth\n|c|\u2606Paragondegree|bru\n|c|\u2606SenkTheMoth|are you not adaptability?\n|c|\u2606Paragondegree|i am\n|c|\u2606Paragondegree|i think\n|c|\u2606Paragondegree|yei i am\n|l|\u2606Paragondegree\n|c|\u2606SenkTheMoth|wow magearna\n","uploadtime":1697655493,"views":25,"p1id":"senkthemoth","p2id":"paragondegree","formatid":"gen9ubers","rating":0,"private":0,"password":""}