{"id":"gen9ubers-1978170207","p1":"ItsmeBlankKnight","p2":"Leo Justice","format":"[Gen 9] Ubers","log":"|j|\u2606ItsmeBlankKnight\n|j|\u2606Leo Justice\n|t:|1698507670\n|gametype|singles\n|player|p1|ItsmeBlankKnight|larry|\n|player|p2|Leo Justice|carmine|\n|teamsize|p1|6\n|teamsize|p2|6\n|gen|9\n|tier|[Gen 9] Ubers\n|rule|Sleep Clause Mod: Limit one foe put to sleep\n|rule|Species Clause: Limit one of each Pok\u00e9mon\n|rule|OHKO Clause: OHKO moves are banned\n|rule|Evasion Items Clause: Evasion items are banned\n|rule|Evasion Moves Clause: Evasion moves are banned\n|rule|Endless Battle Clause: Forcing endless battles is banned\n|rule|HP Percentage Mod: HP is shown in percentages\n|clearpoke\n|poke|p1|Chi-Yu|\n|poke|p1|Palafin, F|\n|poke|p1|Spectrier|\n|poke|p1|Arceus-Poison|\n|poke|p1|Masquerain, F|\n|poke|p1|Basculegion-F, F|\n|poke|p2|Pelipper, M|\n|poke|p2|Basculegion-F, F|\n|poke|p2|Meowscarada, F|\n|poke|p2|Gholdengo|\n|poke|p2|Arceus-Dragon|\n|poke|p2|Landorus, M|\n|teampreview\n|inactive|Battle timer is ON: inactive players will automatically lose when time's up. (requested by ItsmeBlankKnight)\n|\n|t:|1698507679\n|start\n|switch|p1a: Masquerain|Masquerain, F|100\/100\n|switch|p2a: Meowscarada|Meowscarada, F|100\/100\n|-ability|p1a: Masquerain|Intimidate|boost\n|-unboost|p2a: Meowscarada|atk|1\n|turn|1\n|\n|t:|1698507690\n|move|p2a: Meowscarada|Spikes|p1a: Masquerain\n|-sidestart|p1: ItsmeBlankKnight|Spikes\n|move|p1a: Masquerain|Sticky Web|p2a: Meowscarada\n|-sidestart|p2: Leo Justice|move: Sticky Web\n|\n|upkeep\n|turn|2\n|\n|t:|1698507697\n|move|p2a: Meowscarada|Knock Off|p1a: Masquerain\n|-damage|p1a: Masquerain|54\/100\n|-enditem|p1a: Masquerain|Focus Sash|[from] move: Knock Off|[of] p2a: Meowscarada\n|move|p1a: Masquerain|U-turn|p2a: Meowscarada\n|-supereffective|p2a: Meowscarada\n|-damage|p2a: Meowscarada|1\/100\n|\n|t:|1698507706\n|switch|p1a: Spectrier|Spectrier|100\/100|[from] U-turn\n|-damage|p1a: Spectrier|88\/100|[from] Spikes\n|\n|upkeep\n|turn|3\n|\n|t:|1698507709\n|move|p1a: Spectrier|Shadow Ball|p2a: Meowscarada\n|-resisted|p2a: Meowscarada\n|-damage|p2a: Meowscarada|0 fnt\n|faint|p2a: Meowscarada\n|-ability|p1a: Spectrier|Grim Neigh|boost\n|-boost|p1a: Spectrier|spa|1\n|\n|upkeep\n|\n|t:|1698507715\n|switch|p2a: Landorus|Landorus, M|100\/100\n|turn|4\n|\n|t:|1698507719\n|move|p1a: Spectrier|Shadow Ball|p2a: Landorus\n|-damage|p2a: Landorus|12\/100\n|move|p2a: Landorus|Earth Power|p1a: Spectrier\n|-damage|p1a: Spectrier|8\/100\n|\n|upkeep\n|turn|5\n|\n|t:|1698507727\n|move|p1a: Spectrier|Shadow Ball|p2a: Landorus\n|-crit|p2a: Landorus\n|-damage|p2a: Landorus|0 fnt\n|faint|p2a: Landorus\n|-ability|p1a: Spectrier|Grim Neigh|boost\n|-boost|p1a: Spectrier|spa|1\n|\n|upkeep\n|c|\u2606ItsmeBlankKnight|the one time i dont have specs\n|\n|t:|1698507740\n|switch|p2a: Basculegion|Basculegion-F, F|100\/100\n|turn|6\n|\n|t:|1698507744\n|move|p2a: Basculegion|Aqua Jet|p1a: Spectrier\n|-damage|p1a: Spectrier|0 fnt\n|faint|p1a: Spectrier\n|\n|upkeep\n|\n|t:|1698507760\n|switch|p1a: Basculegion|Basculegion-F, F|100\/100\n|-damage|p1a: Basculegion|88\/100|[from] Spikes\n|turn|7\n|\n|t:|1698507766\n|-terastallize|p2a: Basculegion|Normal\n|move|p1a: Basculegion|Last Respects|p2a: Basculegion\n|-immune|p2a: Basculegion\n|move|p2a: Basculegion|Last Respects|p1a: Basculegion\n|-supereffective|p1a: Basculegion\n|-crit|p1a: Basculegion\n|-damage|p1a: Basculegion|0 fnt\n|faint|p1a: Basculegion\n|\n|upkeep\n|\n|t:|1698507772\n|switch|p1a: Arceus|Arceus-Poison|100\/100\n|-damage|p1a: Arceus|88\/100|[from] Spikes\n|turn|8\n|\n|t:|1698507784\n|switch|p2a: Gholdengo|Gholdengo|100\/100\n|-activate|p2a: Gholdengo|move: Sticky Web\n|-unboost|p2a: Gholdengo|spe|1\n|move|p1a: Arceus|Gunk Shot|p2a: Gholdengo\n|-immune|p2a: Gholdengo\n|\n|upkeep\n|turn|9\n|\n|t:|1698507803\n|move|p2a: Gholdengo|Shadow Ball|p1a: Arceus\n|-damage|p1a: Arceus|59\/100\n|move|p1a: Arceus|Swords Dance|p1a: Arceus\n|-boost|p1a: Arceus|atk|2\n|\n|upkeep\n|turn|10\n|\n|t:|1698507807\n|move|p2a: Gholdengo|Shadow Ball|p1a: Arceus\n|-damage|p1a: Arceus|29\/100\n|move|p1a: Arceus|Earthquake|p2a: Gholdengo\n|-supereffective|p2a: Gholdengo\n|-damage|p2a: Gholdengo|0 fnt\n|faint|p2a: Gholdengo\n|\n|upkeep\n|\n|t:|1698507826\n|switch|p2a: Arceus|Arceus-Dragon|100\/100\n|-activate|p2a: Arceus|move: Sticky Web\n|-unboost|p2a: Arceus|spe|1\n|turn|11\n|\n|t:|1698507843\n|move|p2a: Arceus|Extreme Speed|p1a: Arceus\n|-damage|p1a: Arceus|10\/100\n|move|p1a: Arceus|Gunk Shot|p2a: Arceus\n|-crit|p2a: Arceus\n|-damage|p2a: Arceus|0 fnt\n|faint|p2a: Arceus\n|\n|upkeep\n|\n|t:|1698507847\n|switch|p2a: Pelipper|Pelipper, M, shiny|100\/100\n|-weather|RainDance|[from] ability: Drizzle|[of] p2a: Pelipper\n|turn|12\n|\n|t:|1698507850\n|move|p1a: Arceus|Gunk Shot|p2a: Pelipper\n|-damage|p2a: Pelipper|0 fnt\n|faint|p2a: Pelipper\n|\n|-weather|RainDance|[upkeep]\n|upkeep\n|\n|t:|1698507852\n|switch|p2a: Basculegion|Basculegion-F, F, tera:Normal|100\/100\n|turn|13\n|\n|t:|1698507855\n|-terastallize|p1a: Arceus|Normal\n|move|p1a: Arceus|Extreme Speed|p2a: Basculegion\n|-damage|p2a: Basculegion|0 fnt\n|faint|p2a: Basculegion\n|\n|win|ItsmeBlankKnight\n|c|\u2606ItsmeBlankKnight|gg\n|c|\u2606Leo Justice|gg\n","uploadtime":1698507878,"views":16,"p1id":"itsmeblankknight","p2id":"leojustice","formatid":"gen9ubers","rating":0,"private":0,"password":""}