{"id":"gen9ubers-1998592781","p1":"yisuselpraim","p2":"Gumballismo45","format":"[Gen 9] Ubers","log":"|j|\u2606yisuselpraim\n|j|\u2606Gumballismo45\n|t:|1700960444\n|gametype|singles\n|player|p1|yisuselpraim|benga|\n|player|p2|Gumballismo45|hugh|\n|teamsize|p1|6\n|teamsize|p2|6\n|gen|9\n|tier|[Gen 9] Ubers\n|rule|Sleep Clause Mod: Limit one foe put to sleep\n|rule|Species Clause: Limit one of each Pok\u00e9mon\n|rule|OHKO Clause: OHKO moves are banned\n|rule|Evasion Items Clause: Evasion items are banned\n|rule|Evasion Moves Clause: Evasion moves are banned\n|rule|Endless Battle Clause: Forcing endless battles is banned\n|rule|HP Percentage Mod: HP is shown in percentages\n|clearpoke\n|poke|p1|Miraidon|\n|poke|p1|Chien-Pao|\n|poke|p1|Ogerpon-Hearthflame, F|\n|poke|p1|Regieleki|\n|poke|p1|Iron Valiant|\n|poke|p1|Tyranitar, F|\n|poke|p2|Hippowdon, M|\n|poke|p2|Kommo-o, F|\n|poke|p2|Garchomp, M|\n|poke|p2|Gholdengo|\n|poke|p2|Ogerpon-Cornerstone, F|\n|poke|p2|Tyranitar, M|\n|teampreview\n|j| solitario777\n|\n|t:|1700960464\n|start\n|switch|p1a: Tyranitar|Tyranitar, F|100\/100\n|switch|p2a: Hippowdon|Hippowdon, M|100\/100\n|-weather|Sandstorm|[from] ability: Sand Stream|[of] p1a: Tyranitar\n|turn|1\n|\n|t:|1700960474\n|move|p1a: Tyranitar|Earthquake|p2a: Hippowdon\n|-damage|p2a: Hippowdon|82\/100\n|move|p2a: Hippowdon|Stealth Rock|p1a: Tyranitar\n|-sidestart|p1: yisuselpraim|move: Stealth Rock\n|\n|-weather|Sandstorm|[upkeep]\n|upkeep\n|turn|2\n|\n|t:|1700960484\n|move|p1a: Tyranitar|Crunch|p2a: Hippowdon\n|-damage|p2a: Hippowdon|58\/100\n|move|p2a: Hippowdon|Earthquake|p1a: Tyranitar\n|-supereffective|p1a: Tyranitar\n|-damage|p1a: Tyranitar|36\/100\n|\n|-weather|Sandstorm|[upkeep]\n|upkeep\n|turn|3\n|\n|t:|1700960494\n|move|p1a: Tyranitar|Stone Edge|p2a: Hippowdon\n|-resisted|p2a: Hippowdon\n|-damage|p2a: Hippowdon|43\/100\n|move|p2a: Hippowdon|Slack Off|p2a: Hippowdon\n|-heal|p2a: Hippowdon|93\/100\n|\n|-weather|Sandstorm|[upkeep]\n|upkeep\n|turn|4\n|\n|t:|1700960504\n|switch|p1a: Ogerpon|Ogerpon-Hearthflame, F|100\/100\n|-damage|p1a: Ogerpon|76\/100|[from] Stealth Rock\n|-ability|p1a: Ogerpon|Mold Breaker\n|move|p2a: Hippowdon|Earthquake|p1a: Ogerpon\n|-damage|p1a: Ogerpon|26\/100\n|\n|-weather|Sandstorm|[upkeep]\n|-damage|p1a: Ogerpon|20\/100|[from] Sandstorm\n|upkeep\n|turn|5\n|\n|t:|1700960515\n|move|p1a: Ogerpon|Giga Drain|p2a: Hippowdon\n|-supereffective|p2a: Hippowdon\n|-damage|p2a: Hippowdon|48\/100\n|-heal|p1a: Ogerpon|51\/100|[from] drain|[of] p2a: Hippowdon\n|move|p2a: Hippowdon|Earthquake|p1a: Ogerpon\n|-damage|p1a: Ogerpon|4\/100\n|\n|-weather|none\n|upkeep\n|turn|6\n|\n|t:|1700960528\n|switch|p2a: Kommo-o|Kommo-o, F|100\/100\n|move|p1a: Ogerpon|Giga Drain|p2a: Kommo-o\n|-resisted|p2a: Kommo-o\n|-damage|p2a: Kommo-o|89\/100\n|-heal|p1a: Ogerpon|10\/100|[from] drain|[of] p2a: Kommo-o\n|\n|upkeep\n|turn|7\n|\n|t:|1700960551\n|move|p2a: Kommo-o|Clangorous Soul|p2a: Kommo-o\n|-boost|p2a: Kommo-o|atk|1\n|-boost|p2a: Kommo-o|def|1\n|-boost|p2a: Kommo-o|spa|1\n|-boost|p2a: Kommo-o|spd|1\n|-boost|p2a: Kommo-o|spe|1\n|-damage|p2a: Kommo-o|56\/100\n|-enditem|p2a: Kommo-o|Throat Spray\n|-boost|p2a: Kommo-o|spa|1|[from] item: Throat Spray\n|move|p1a: Ogerpon|Rest|p1a: Ogerpon\n|-status|p1a: Ogerpon|slp|[from] move: Rest\n|-heal|p1a: Ogerpon|100\/100 slp|[silent]\n|\n|upkeep\n|turn|8\n|\n|t:|1700960575\n|switch|p1a: Tyranitar|Tyranitar, F|36\/100\n|-damage|p1a: Tyranitar|24\/100|[from] Stealth Rock\n|-weather|Sandstorm|[from] ability: Sand Stream|[of] p1a: Tyranitar\n|move|p2a: Kommo-o|Boomburst|p1a: Tyranitar\n|-resisted|p1a: Tyranitar\n|-damage|p1a: Tyranitar|9\/100\n|\n|-weather|Sandstorm|[upkeep]\n|upkeep\n|turn|9\n|\n|t:|1700960587\n|move|p2a: Kommo-o|Boomburst|p1a: Tyranitar\n|-resisted|p1a: Tyranitar\n|-damage|p1a: Tyranitar|0 fnt\n|faint|p1a: Tyranitar\n|\n|-weather|Sandstorm|[upkeep]\n|upkeep\n|\n|t:|1700960597\n|switch|p1a: Iron Valiant|Iron Valiant|100\/100\n|-damage|p1a: Iron Valiant|94\/100|[from] Stealth Rock\n|turn|10\n|\n|t:|1700960610\n|move|p2a: Kommo-o|Boomburst|p1a: Iron Valiant\n|-damage|p1a: Iron Valiant|0 fnt\n|faint|p1a: Iron Valiant\n|-end|p1a: Iron Valiant|Quark Drive|[silent]\n|\n|-weather|Sandstorm|[upkeep]\n|upkeep\n|\n|t:|1700960615\n|switch|p1a: Miraidon|Miraidon|100\/100\n|-damage|p1a: Miraidon|88\/100|[from] Stealth Rock\n|-fieldstart|move: Electric Terrain|[from] ability: Hadron Engine|[of] p1a: Miraidon\n|turn|11\n|\n|t:|1700960622\n|-terastallize|p1a: Miraidon|Electric\n|move|p1a: Miraidon|Electro Drift|p2a: Kommo-o\n|-resisted|p2a: Kommo-o\n|-damage|p2a: Kommo-o|4\/100\n|move|p2a: Kommo-o|Clanging Scales|p1a: Miraidon\n|-damage|p1a: Miraidon|0 fnt\n|faint|p1a: Miraidon\n|-unboost|p2a: Kommo-o|def|1\n|\n|-weather|Sandstorm|[upkeep]\n|upkeep\n|\n|t:|1700960633\n|switch|p1a: Regieleki|Regieleki, shiny|100\/100\n|-damage|p1a: Regieleki|88\/100|[from] Stealth Rock\n|turn|12\n|\n|t:|1700960645\n|move|p1a: Regieleki|Body Slam|p2a: Kommo-o\n|-damage|p2a: Kommo-o|0 fnt\n|faint|p2a: Kommo-o\n|-damage|p1a: Regieleki|78\/100|[from] item: Life Orb\n|\n|-weather|none\n|upkeep\n|l| solitario777\n|\n|t:|1700960657\n|switch|p2a: Garchomp|Garchomp, M|100\/100\n|turn|13\n|\n|t:|1700960668\n|move|p1a: Regieleki|Body Slam|p2a: Garchomp\n|-damage|p2a: Garchomp|69\/100\n|-status|p2a: Garchomp|par\n|-damage|p1a: Regieleki|68\/100|[from] item: Life Orb\n|move|p2a: Garchomp|Swords Dance|p2a: Garchomp\n|-boost|p2a: Garchomp|atk|2\n|\n|upkeep\n|turn|14\n|\n|t:|1700960681\n|move|p1a: Regieleki|Volt Switch|p2a: Garchomp\n|-immune|p2a: Garchomp\n|cant|p2a: Garchomp|par\n|\n|upkeep\n|turn|15\n|\n|t:|1700960688\n|switch|p1a: Chien-Pao|Chien-Pao|100\/100\n|-damage|p1a: Chien-Pao|76\/100|[from] Stealth Rock\n|-ability|p1a: Chien-Pao|Sword of Ruin\n|move|p2a: Garchomp|Earthquake|p1a: Chien-Pao\n|-damage|p1a: Chien-Pao|0 fnt\n|faint|p1a: Chien-Pao\n|\n|-fieldend|move: Electric Terrain\n|upkeep\n|\n|t:|1700960698\n|switch|p1a: Ogerpon|Ogerpon-Hearthflame, F|100\/100 slp\n|-damage|p1a: Ogerpon|76\/100 slp|[from] Stealth Rock\n|-ability|p1a: Ogerpon|Mold Breaker\n|turn|16\n|j| solitario777\n|\n|t:|1700960705\n|cant|p1a: Ogerpon|slp\n|move|p2a: Garchomp|Scale Shot|p1a: Ogerpon\n|-damage|p1a: Ogerpon|44\/100 slp\n|-damage|p1a: Ogerpon|12\/100 slp\n|-crit|p1a: Ogerpon\n|-damage|p1a: Ogerpon|0 fnt\n|faint|p1a: Ogerpon\n|-hitcount|p1: Ogerpon|3\n|-unboost|p2a: Garchomp|def|1\n|-boost|p2a: Garchomp|spe|1\n|\n|upkeep\n|-message|yisuselpraim forfeited.\n|\n|win|Gumballismo45\n|l|\u2606yisuselpraim\n|l| solitario777\n|l|\u2606Gumballismo45\n|j|\u2606Gumballismo45\n|player|p2|Gumballismo45|hugh\n","uploadtime":1700961244,"views":23,"p1id":"yisuselpraim","p2id":"gumballismo45","formatid":"gen9ubers","rating":0,"private":0,"password":""}