{"id":"gen9ubers-1982892096","p1":"TubeKnight","p2":"lolgz","format":"[Gen 9] Ubers","log":"|j|\u2606TubeKnight\n|j|\u2606lolgz\n|t:|1699055582\n|gametype|singles\n|player|p1|TubeKnight|2|\n|player|p2|lolgz|265|\n|teamsize|p1|6\n|teamsize|p2|6\n|gen|9\n|tier|[Gen 9] Ubers\n|rule|Sleep Clause Mod: Limit one foe put to sleep\n|rule|Species Clause: Limit one of each Pok\u00e9mon\n|rule|OHKO Clause: OHKO moves are banned\n|rule|Evasion Items Clause: Evasion items are banned\n|rule|Evasion Moves Clause: Evasion moves are banned\n|rule|Endless Battle Clause: Forcing endless battles is banned\n|rule|HP Percentage Mod: HP is shown in percentages\n|clearpoke\n|poke|p1|Torkoal, M|\n|poke|p1|Chi-Yu|\n|poke|p1|Walking Wake|\n|poke|p1|Lilligant-Hisui, F|\n|poke|p1|Mandibuzz, F|\n|poke|p1|Zacian-*|\n|poke|p2|Magearna|\n|poke|p2|Zacian-*|\n|poke|p2|Cyclizar, M|\n|poke|p2|Roaring Moon|\n|poke|p2|Dialga|\n|poke|p2|Volcarona, M|\n|teampreview\n|inactive|Battle timer is ON: inactive players will automatically lose when time's up. (requested by lolgz)\n|c|\u2606TubeKnight|glhf\n|\n|t:|1699055595\n|start\n|switch|p1a: Ze Turtle|Torkoal, M, shiny|100\/100\n|switch|p2a: Cyclizar|Cyclizar, M|100\/100\n|-weather|SunnyDay|[from] ability: Drought|[of] p1a: Ze Turtle\n|turn|1\n|\n|t:|1699055602\n|move|p2a: Cyclizar|Shed Tail|p2a: Cyclizar\n|-start|p2a: Cyclizar|Substitute|[from] move: Shed Tail\n|-damage|p2a: Cyclizar|50\/100\n|\n|t:|1699055620\n|switch|p2a: Roaring Moon|Roaring Moon|100\/100|[from] Shed Tail\n|-activate|p2a: Roaring Moon|ability: Protosynthesis\n|-start|p2a: Roaring Moon|protosynthesisatk\n|move|p1a: Ze Turtle|Lava Plume|p2a: Roaring Moon\n|-resisted|p2a: Roaring Moon\n|-activate|p2a: Roaring Moon|move: Substitute|[damage]\n|\n|-weather|SunnyDay|[upkeep]\n|upkeep\n|turn|2\n|\n|t:|1699055627\n|switch|p1a: Ze Dog|Zacian, shiny|100\/100\n|-ability|p1a: Ze Dog|Intrepid Sword|boost\n|-boost|p1a: Ze Dog|atk|1\n|move|p2a: Roaring Moon|Dragon Dance|p2a: Roaring Moon\n|-boost|p2a: Roaring Moon|atk|1\n|-boost|p2a: Roaring Moon|spe|1\n|\n|-weather|SunnyDay|[upkeep]\n|upkeep\n|turn|3\n|\n|t:|1699055632\n|-terastallize|p2a: Roaring Moon|Flying\n|move|p2a: Roaring Moon|Acrobatics|p1a: Ze Dog\n|-damage|p1a: Ze Dog|40\/100\n|move|p1a: Ze Dog|Play Rough|p2a: Roaring Moon\n|-end|p2a: Roaring Moon|Substitute\n|\n|-weather|SunnyDay|[upkeep]\n|upkeep\n|turn|4\n|\n|t:|1699055643\n|switch|p1a: Mandibuzz|Mandibuzz, F|100\/100\n|move|p2a: Roaring Moon|Acrobatics|p1a: Mandibuzz\n|-damage|p1a: Mandibuzz|65\/100\n|\n|-weather|SunnyDay|[upkeep]\n|upkeep\n|turn|5\n|\n|t:|1699055652\n|-end|p2a: Roaring Moon|Protosynthesis|[silent]\n|switch|p2a: Magearna|Magearna|100\/100\n|move|p1a: Mandibuzz|Toxic|p2a: Magearna\n|-immune|p2a: Magearna\n|\n|-weather|SunnyDay|[upkeep]\n|upkeep\n|turn|6\n|\n|t:|1699055657\n|switch|p1a: Ze Extinct One|Walking Wake|100\/100\n|-activate|p1a: Ze Extinct One|ability: Protosynthesis\n|-start|p1a: Ze Extinct One|protosynthesisspe\n|move|p2a: Magearna|Shift Gear|p2a: Magearna\n|-boost|p2a: Magearna|spe|2\n|-boost|p2a: Magearna|atk|1\n|\n|-weather|SunnyDay|[upkeep]\n|upkeep\n|turn|7\n|\n|t:|1699055662\n|move|p1a: Ze Extinct One|Flamethrower|p2a: Magearna\n|-supereffective|p2a: Magearna\n|-crit|p2a: Magearna\n|-damage|p2a: Magearna|0 fnt\n|faint|p2a: Magearna\n|\n|-weather|SunnyDay|[upkeep]\n|upkeep\n|\n|t:|1699055669\n|switch|p2a: Volcarona|Volcarona, M|100\/100\n|turn|8\n|c|\u2606TubeKnight|i hope that didnt matter too much\n|c|\u2606lolgz|misclick\n|c|\u2606lolgz|i meant to go dialga\n|\n|t:|1699055688\n|switch|p2a: Dialga|Dialga|100\/100\n|-ability|p2a: Dialga|Pressure\n|move|p1a: Ze Extinct One|Flamethrower|p2a: Dialga\n|-damage|p2a: Dialga|36\/100\n|\n|-weather|none\n|-end|p1a: Ze Extinct One|Protosynthesis\n|upkeep\n|turn|9\n|c|\u2606TubeKnight|damn\n|\n|t:|1699055696\n|move|p2a: Dialga|Draco Meteor|p1a: Ze Extinct One\n|-supereffective|p1a: Ze Extinct One\n|-damage|p1a: Ze Extinct One|0 fnt\n|-unboost|p2a: Dialga|spa|2\n|faint|p1a: Ze Extinct One\n|-end|p1a: Ze Extinct One|Protosynthesis|[silent]\n|\n|upkeep\n|c|\u2606TubeKnight|scarf gialga\n|\n|t:|1699055715\n|switch|p1a: Ze Turtle|Torkoal, M, shiny|100\/100\n|-weather|SunnyDay|[from] ability: Drought|[of] p1a: Ze Turtle\n|turn|10\n|\n|t:|1699055723\n|switch|p2a: Cyclizar|Cyclizar, M|84\/100\n|move|p1a: Ze Turtle|Lava Plume|p2a: Cyclizar\n|-resisted|p2a: Cyclizar\n|-damage|p2a: Cyclizar|60\/100\n|\n|-weather|SunnyDay|[upkeep]\n|upkeep\n|turn|11\n|\n|t:|1699055729\n|switch|p1a: Ze Feesh|Chi-Yu|100\/100\n|-ability|p1a: Ze Feesh|Beads of Ruin\n|move|p2a: Cyclizar|Shed Tail|p2a: Cyclizar\n|-start|p2a: Cyclizar|Substitute|[from] move: Shed Tail\n|-damage|p2a: Cyclizar|10\/100\n|\n|t:|1699055741\n|switch|p2a: Roaring Moon|Roaring Moon, tera:Flying|100\/100|[from] Shed Tail\n|-activate|p2a: Roaring Moon|ability: Protosynthesis\n|-start|p2a: Roaring Moon|protosynthesisatk\n|\n|-weather|SunnyDay|[upkeep]\n|upkeep\n|turn|12\n|\n|t:|1699055746\n|move|p1a: Ze Feesh|Flamethrower|p2a: Roaring Moon\n|-crit|p2a: Roaring Moon\n|-end|p2a: Roaring Moon|Substitute\n|move|p2a: Roaring Moon|Acrobatics|p1a: Ze Feesh\n|-damage|p1a: Ze Feesh|28\/100\n|\n|-weather|SunnyDay|[upkeep]\n|upkeep\n|turn|13\n|\n|t:|1699055752\n|-terastallize|p1a: Ze Feesh|Fire\n|move|p1a: Ze Feesh|Flamethrower|p2a: Roaring Moon\n|-damage|p2a: Roaring Moon|0 fnt\n|faint|p2a: Roaring Moon\n|-end|p2a: Roaring Moon|Protosynthesis|[silent]\n|\n|-weather|SunnyDay|[upkeep]\n|upkeep\n|\n|t:|1699055755\n|switch|p2a: Dialga|Dialga|36\/100\n|-ability|p2a: Dialga|Pressure\n|turn|14\n|\n|t:|1699055760\n|move|p1a: Ze Feesh|Flamethrower|p2a: Dialga\n|-damage|p2a: Dialga|0 fnt\n|faint|p2a: Dialga\n|\n|-weather|SunnyDay|[upkeep]\n|upkeep\n|\n|t:|1699055763\n|switch|p2a: Zacian|Zacian|100\/100\n|-ability|p2a: Zacian|Intrepid Sword|boost\n|-boost|p2a: Zacian|atk|1\n|turn|15\n|\n|t:|1699055767\n|move|p1a: Ze Feesh|Flamethrower|p2a: Zacian\n|-damage|p2a: Zacian|0 fnt\n|faint|p2a: Zacian\n|\n|-weather|SunnyDay|[upkeep]\n|upkeep\n|\n|t:|1699055776\n|switch|p2a: Cyclizar|Cyclizar, M|43\/100\n|turn|16\n|\n|t:|1699055780\n|move|p1a: Ze Feesh|Flamethrower|p2a: Cyclizar\n|-resisted|p2a: Cyclizar\n|-crit|p2a: Cyclizar\n|-damage|p2a: Cyclizar|0 fnt\n|faint|p2a: Cyclizar\n|\n|-weather|SunnyDay|[upkeep]\n|upkeep\n|\n|t:|1699055786\n|switch|p2a: Volcarona|Volcarona, M|100\/100\n|turn|17\n|\n|t:|1699055790\n|move|p1a: Ze Feesh|Flamethrower|p2a: Volcarona\n|-damage|p2a: Volcarona|0 fnt\n|faint|p2a: Volcarona\n|\n|win|TubeKnight\n|l|\u2606lolgz\n|c|\u2606TubeKnight|gg\n|c|\u2606TubeKnight|chi yu in sun is op\n","uploadtime":1699055802,"views":15,"p1id":"tubeknight","p2id":"lolgz","formatid":"gen9ubers","rating":0,"private":0,"password":""}