{"id":"gen9ubers-1998469987","p1":"TheMasterAJ","p2":"Hedgehog415","format":"[Gen 9] Ubers","log":"|j|\u2606TheMasterAJ\n|j|\u2606Hedgehog415\n|t:|1700945896\n|gametype|singles\n|player|p1|TheMasterAJ|lucas|\n|player|p2|Hedgehog415|hilbert|\n|teamsize|p1|6\n|teamsize|p2|6\n|gen|9\n|tier|[Gen 9] Ubers\n|rule|Sleep Clause Mod: Limit one foe put to sleep\n|rule|Species Clause: Limit one of each Pok\u00e9mon\n|rule|OHKO Clause: OHKO moves are banned\n|rule|Evasion Items Clause: Evasion items are banned\n|rule|Evasion Moves Clause: Evasion moves are banned\n|rule|Endless Battle Clause: Forcing endless battles is banned\n|rule|HP Percentage Mod: HP is shown in percentages\n|clearpoke\n|poke|p1|Scream Tail|\n|poke|p1|Greninja-*, M|\n|poke|p1|Weavile, M|\n|poke|p1|Garchomp, M|\n|poke|p1|Skeledirge, F|\n|poke|p1|Amoonguss, M|\n|poke|p2|Lucario, M|\n|poke|p2|Samurott-Hisui, F|\n|poke|p2|Dragapult, F|\n|poke|p2|Meowscarada, M|\n|poke|p2|Great Tusk|\n|poke|p2|Arcanine-Hisui, F|\n|teampreview\n|\n|t:|1700945989\n|start\n|switch|p1a: Frokage|Greninja, M|100\/100\n|switch|p2a: MY BOY!!!|Samurott-Hisui, F|100\/100\n|turn|1\n|\n|t:|1700946028\n|-terastallize|p1a: Frokage|Fighting\n|move|p1a: Frokage|Tera Blast|p2a: MY BOY!!!|[anim] Tera Blast Fighting\n|-supereffective|p2a: MY BOY!!!\n|-damage|p2a: MY BOY!!!|46\/100\n|move|p2a: MY BOY!!!|Ceaseless Edge|p1a: Frokage\n|-resisted|p1a: Frokage\n|-damage|p1a: Frokage|64\/100\n|-sidestart|p1: TheMasterAJ|Spikes\n|\n|upkeep\n|turn|2\n|\n|t:|1700946060\n|-terastallize|p2a: MY BOY!!!|Water\n|move|p1a: Frokage|Tera Blast|p2a: MY BOY!!!|[anim] Tera Blast Fighting\n|-crit|p2a: MY BOY!!!\n|-damage|p2a: MY BOY!!!|7\/100\n|move|p2a: MY BOY!!!|Ceaseless Edge|p1a: Frokage|[miss]\n|-miss|p2a: MY BOY!!!|p1a: Frokage\n|\n|upkeep\n|turn|3\n|\n|t:|1700946098\n|switch|p2a: Peter Griffin|Dragapult, F|100\/100\n|move|p1a: Frokage|Ice Beam|p2a: Peter Griffin\n|-supereffective|p2a: Peter Griffin\n|-damage|p2a: Peter Griffin|23\/100\n|\n|upkeep\n|turn|4\n|\n|t:|1700946122\n|move|p2a: Peter Griffin|Dragon Darts|p1a: Frokage\n|-damage|p1a: Frokage|12\/100\n|-anim|p2a: Peter Griffin|Dragon Darts|p1a: Frokage\n|-damage|p1a: Frokage|0 fnt\n|faint|p1a: Frokage\n|-damage|p2a: Peter Griffin|13\/100|[from] item: Life Orb\n|\n|upkeep\n|\n|t:|1700946131\n|switch|p1a: Chompy|Garchomp, M|100\/100\n|-damage|p1a: Chompy|88\/100|[from] Spikes\n|turn|5\n|\n|t:|1700946150\n|switch|p2a: Ice age mf|Great Tusk|100\/100\n|-enditem|p2a: Ice age mf|Booster Energy\n|-activate|p2a: Ice age mf|ability: Protosynthesis|[fromitem]\n|-start|p2a: Ice age mf|protosynthesisatk\n|switch|p1a: Scream Tail|Scream Tail|100\/100\n|-damage|p1a: Scream Tail|88\/100|[from] Spikes\n|-enditem|p1a: Scream Tail|Booster Energy\n|-activate|p1a: Scream Tail|ability: Protosynthesis|[fromitem]\n|-start|p1a: Scream Tail|protosynthesisspe\n|\n|upkeep\n|turn|6\n|\n|t:|1700946164\n|move|p1a: Scream Tail|Wish|p1a: Scream Tail\n|move|p2a: Ice age mf|Iron Head|p1a: Scream Tail\n|-supereffective|p1a: Scream Tail\n|-damage|p1a: Scream Tail|41\/100\n|\n|upkeep\n|turn|7\n|\n|t:|1700946238\n|move|p1a: Scream Tail|Psychic|p2a: Ice age mf\n|-supereffective|p2a: Ice age mf\n|-damage|p2a: Ice age mf|33\/100\n|move|p2a: Ice age mf|Iron Head|p1a: Scream Tail\n|-supereffective|p1a: Scream Tail\n|-damage|p1a: Scream Tail|0 fnt\n|faint|p1a: Scream Tail\n|-end|p1a: Scream Tail|Protosynthesis|[silent]\n|\n|upkeep\n|\n|t:|1700946275\n|switch|p1a: Weavile|Weavile, M|100\/100\n|-damage|p1a: Weavile|88\/100|[from] Spikes\n|-ability|p1a: Weavile|Pressure\n|turn|8\n|\n|t:|1700946296\n|-end|p2a: Ice age mf|Protosynthesis|[silent]\n|switch|p2a: :3|Arcanine-Hisui, F|100\/100\n|move|p1a: Weavile|Fake Out|p2a: :3\n|-resisted|p2a: :3\n|-damage|p2a: :3|89\/100\n|-damage|p1a: Weavile|78\/100|[from] item: Life Orb\n|\n|upkeep\n|turn|9\n|\n|t:|1700946331\n|switch|p1a: Amoonguss|Amoonguss, M|100\/100\n|-damage|p1a: Amoonguss|88\/100|[from] Spikes\n|move|p2a: :3|Flare Blitz|p1a: Amoonguss\n|-supereffective|p1a: Amoonguss\n|-damage|p1a: Amoonguss|0 fnt\n|faint|p1a: Amoonguss\n|-damage|p2a: :3|79\/100|[from] item: Life Orb\n|\n|upkeep\n|\n|t:|1700946341\n|switch|p1a: Chompy|Garchomp, M|88\/100\n|-damage|p1a: Chompy|76\/100|[from] Spikes\n|turn|10\n|\n|t:|1700946351\n|move|p1a: Chompy|Earthquake|p2a: :3\n|-supereffective|p2a: :3\n|-damage|p2a: :3|0 fnt\n|faint|p2a: :3\n|\n|upkeep\n|\n|t:|1700946368\n|switch|p2a: Car|Meowscarada, M|100\/100\n|turn|11\n|\n|t:|1700946389\n|move|p2a: Car|Play Rough|p1a: Chompy\n|-start|p2a: Car|typechange|Fairy|[from] ability: Protean\n|-supereffective|p1a: Chompy\n|-damage|p1a: Chompy|0 fnt\n|-damage|p2a: Car|88\/100|[from] ability: Rough Skin|[of] p1a: Chompy\n|faint|p1a: Chompy\n|\n|upkeep\n|\n|t:|1700946409\n|switch|p1a: Skeledirge|Skeledirge, F, shiny|100\/100\n|-item|p1a: Skeledirge|Air Balloon\n|turn|12\n|\n|t:|1700946421\n|move|p2a: Car|Shadow Claw|p1a: Skeledirge\n|-supereffective|p1a: Skeledirge\n|-damage|p1a: Skeledirge|68\/100\n|-enditem|p1a: Skeledirge|Air Balloon\n|move|p1a: Skeledirge|Torch Song|p2a: Car\n|-damage|p2a: Car|42\/100\n|-boost|p1a: Skeledirge|spa|1\n|\n|upkeep\n|turn|13\n|\n|t:|1700946433\n|move|p2a: Car|Shadow Claw|p1a: Skeledirge\n|-supereffective|p1a: Skeledirge\n|-damage|p1a: Skeledirge|36\/100\n|move|p1a: Skeledirge|Torch Song|p2a: Car\n|-damage|p2a: Car|0 fnt\n|-boost|p1a: Skeledirge|spa|1\n|faint|p2a: Car\n|\n|upkeep\n|\n|t:|1700946471\n|switch|p2a: Ice age mf|Great Tusk|33\/100\n|turn|14\n|\n|t:|1700946532\n|move|p2a: Ice age mf|Earthquake|p1a: Skeledirge\n|-supereffective|p1a: Skeledirge\n|-damage|p1a: Skeledirge|0 fnt\n|faint|p1a: Skeledirge\n|\n|upkeep\n|\n|t:|1700946536\n|switch|p1a: Weavile|Weavile, M|78\/100\n|-damage|p1a: Weavile|66\/100|[from] Spikes\n|-ability|p1a: Weavile|Pressure\n|turn|15\n|\n|t:|1700946566\n|-end|p2a: Ice age mf|Protosynthesis|[silent]\n|switch|p2a: Peter Griffin|Dragapult, F|13\/100\n|move|p1a: Weavile|Ice Spinner|p2a: Peter Griffin\n|-supereffective|p2a: Peter Griffin\n|-damage|p2a: Peter Griffin|0 fnt\n|faint|p2a: Peter Griffin\n|-damage|p1a: Weavile|56\/100|[from] item: Life Orb\n|\n|upkeep\n|\n|t:|1700946589\n|switch|p2a: MY BOY!!!|Samurott-Hisui, F, tera:Water|7\/100\n|turn|16\n|\n|t:|1700946613\n|move|p1a: Weavile|Ice Shard|p2a: MY BOY!!!\n|-resisted|p2a: MY BOY!!!\n|-damage|p2a: MY BOY!!!|0 fnt\n|faint|p2a: MY BOY!!!\n|-damage|p1a: Weavile|46\/100|[from] item: Life Orb\n|\n|upkeep\n|\n|t:|1700946659\n|switch|p2a: Ice age mf|Great Tusk|33\/100\n|turn|17\n|\n|t:|1700946670\n|move|p1a: Weavile|Ice Spinner|p2a: Ice age mf\n|-supereffective|p2a: Ice age mf\n|-damage|p2a: Ice age mf|0 fnt\n|faint|p2a: Ice age mf\n|-end|p2a: Ice age mf|Protosynthesis|[silent]\n|-damage|p1a: Weavile|36\/100|[from] item: Life Orb\n|\n|upkeep\n|\n|t:|1700946677\n|switch|p2a: Goku|Lucario, M, shiny|100\/100\n|turn|18\n|\n|t:|1700946681\n|move|p2a: Goku|Bullet Punch|p1a: Weavile\n|-supereffective|p1a: Weavile\n|-damage|p1a: Weavile|0 fnt\n|faint|p1a: Weavile\n|-damage|p2a: Goku|91\/100|[from] item: Life Orb\n|\n|win|Hedgehog415\n|l|\u2606TheMasterAJ\n","uploadtime":1700946744,"views":26,"p1id":"themasteraj","p2id":"hedgehog415","formatid":"gen9ubers","rating":0,"private":0,"password":""}