{"id":"gen9ubers-1988861106","p1":"ateup","p2":"pkfire fx","format":"[Gen 9] Ubers","log":"|j|\u2606ateup\n|j|\u2606pkfire fx\n|t:|1699775823\n|gametype|singles\n|player|p1|ateup|265|\n|player|p2|pkfire fx|2|\n|teamsize|p1|6\n|teamsize|p2|6\n|gen|9\n|tier|[Gen 9] Ubers\n|rule|Sleep Clause Mod: Limit one foe put to sleep\n|rule|Species Clause: Limit one of each Pok\u00e9mon\n|rule|OHKO Clause: OHKO moves are banned\n|rule|Evasion Items Clause: Evasion items are banned\n|rule|Evasion Moves Clause: Evasion moves are banned\n|rule|Endless Battle Clause: Forcing endless battles is banned\n|rule|HP Percentage Mod: HP is shown in percentages\n|clearpoke\n|poke|p1|Torkoal, M|\n|poke|p1|Walking Wake|\n|poke|p1|Arceus-Fire|\n|poke|p1|Zacian-*|\n|poke|p1|Ursaluna-Bloodmoon, M|\n|poke|p1|Sneasler, F|\n|poke|p2|Masquerain, M|\n|poke|p2|Arceus-Ghost|\n|poke|p2|Shaymin-Sky|\n|poke|p2|Zacian-*|\n|poke|p2|Palafin, F|\n|poke|p2|Roaring Moon|\n|teampreview\n|c|\u2606pkfire fx|oh this is the\n|c|\u2606pkfire fx|arceus-fighting (arceus-fire)\n|c|\u2606ateup|Noo webs\n|c|\u2606ateup|My one weakness\n|\n|t:|1699775847\n|start\n|switch|p1a: Torkoal|Torkoal, M|100\/100\n|switch|p2a: Roaring Moon|Roaring Moon|100\/100\n|-weather|SunnyDay|[from] ability: Drought|[of] p1a: Torkoal\n|-activate|p2a: Roaring Moon|ability: Protosynthesis\n|-start|p2a: Roaring Moon|protosynthesisatk\n|turn|1\n|\n|t:|1699775855\n|move|p2a: Roaring Moon|Earthquake|p1a: Torkoal\n|-supereffective|p1a: Torkoal\n|-damage|p1a: Torkoal|19\/100\n|move|p1a: Torkoal|Yawn|p2a: Roaring Moon\n|-start|p2a: Roaring Moon|move: Yawn|[of] p1a: Torkoal\n|\n|-weather|SunnyDay|[upkeep]\n|upkeep\n|turn|2\n|\n|t:|1699775870\n|-end|p2a: Roaring Moon|Protosynthesis|[silent]\n|switch|p2a: Palafin|Palafin, F|100\/100\n|switch|p1a: Walking Wake|Walking Wake|100\/100\n|-activate|p1a: Walking Wake|ability: Protosynthesis\n|-start|p1a: Walking Wake|protosynthesisspe\n|\n|-weather|SunnyDay|[upkeep]\n|upkeep\n|turn|3\n|\n|t:|1699775925\n|detailschange|p2a: Palafin|Palafin-Hero, F\n|switch|p2a: Shaymin|Shaymin-Sky|100\/100\n|move|p1a: Walking Wake|Hydro Steam|p2a: Shaymin\n|-resisted|p2a: Shaymin\n|-damage|p2a: Shaymin|47\/100\n|\n|-weather|SunnyDay|[upkeep]\n|upkeep\n|turn|4\n|\n|t:|1699775935\n|move|p1a: Walking Wake|Hydro Steam|p2a: Shaymin\n|-resisted|p2a: Shaymin\n|-damage|p2a: Shaymin|0 fnt\n|faint|p2a: Shaymin\n|\n|-weather|SunnyDay|[upkeep]\n|upkeep\n|\n|t:|1699775978\n|switch|p2a: Arceus|Arceus-Ghost|100\/100\n|turn|5\n|c|\u2606ateup|Wait didnt arc ghost get banned\n|\n|t:|1699775987\n|move|p1a: Walking Wake|Hydro Steam|p2a: Arceus\n|-damage|p2a: Arceus|50\/100\n|move|p2a: Arceus|Calm Mind|p2a: Arceus\n|-boost|p2a: Arceus|spa|1\n|-boost|p2a: Arceus|spd|1\n|\n|-weather|SunnyDay|[upkeep]\n|upkeep\n|turn|6\n|c|\u2606pkfire fx|we are still week 3\n|c|\u2606ateup|Oh yeah\n|c|\u2606pkfire fx|the ban only takes into effect next week\n|\n|t:|1699776004\n|move|p1a: Walking Wake|Hydro Steam|p2a: Arceus\n|-damage|p2a: Arceus|11\/100\n|move|p2a: Arceus|Recover|p2a: Arceus\n|-heal|p2a: Arceus|61\/100\n|\n|-weather|SunnyDay|[upkeep]\n|upkeep\n|turn|7\n|\n|t:|1699776042\n|move|p1a: Walking Wake|Hydro Steam|p2a: Arceus\n|-crit|p2a: Arceus\n|-damage|p2a: Arceus|0 fnt\n|faint|p2a: Arceus\n|\n|-weather|SunnyDay|[upkeep]\n|upkeep\n|c|\u2606ateup|THE HAX\n|\n|t:|1699776051\n|switch|p2a: Masquerain|Masquerain, M|100\/100\n|-ability|p2a: Masquerain|Intimidate|boost\n|-unboost|p1a: Walking Wake|atk|1\n|turn|8\n|\n|t:|1699776059\n|move|p1a: Walking Wake|Hydro Steam|p2a: Masquerain\n|-damage|p2a: Masquerain|6\/100\n|move|p2a: Masquerain|Sticky Web|p1a: Walking Wake\n|-sidestart|p1: ateup|move: Sticky Web\n|\n|-weather|none\n|-end|p1a: Walking Wake|Protosynthesis\n|upkeep\n|turn|9\n|\n|t:|1699776063\n|switch|p2a: Roaring Moon|Roaring Moon|100\/100\n|-enditem|p2a: Roaring Moon|Booster Energy\n|-activate|p2a: Roaring Moon|ability: Protosynthesis|[fromitem]\n|-start|p2a: Roaring Moon|protosynthesisatk\n|move|p1a: Walking Wake|Hydro Steam|p2a: Roaring Moon\n|-resisted|p2a: Roaring Moon\n|-damage|p2a: Roaring Moon|73\/100\n|\n|upkeep\n|turn|10\n|\n|t:|1699776068\n|-end|p1a: Walking Wake|Protosynthesis|[silent]\n|switch|p1a: Torkoal|Torkoal, M|19\/100\n|-activate|p1a: Torkoal|move: Sticky Web\n|-unboost|p1a: Torkoal|spe|1\n|-weather|SunnyDay|[from] ability: Drought|[of] p1a: Torkoal\n|move|p2a: Roaring Moon|Dragon Dance|p2a: Roaring Moon\n|-boost|p2a: Roaring Moon|atk|1\n|-boost|p2a: Roaring Moon|spe|1\n|\n|-weather|SunnyDay|[upkeep]\n|upkeep\n|turn|11\n|\n|t:|1699776076\n|move|p2a: Roaring Moon|Knock Off|p1a: Torkoal\n|-damage|p1a: Torkoal|0 fnt\n|-enditem|p1a: Torkoal|Heat Rock|[from] move: Knock Off|[of] p2a: Roaring Moon\n|faint|p1a: Torkoal\n|\n|-weather|SunnyDay|[upkeep]\n|upkeep\n|\n|t:|1699776079\n|switch|p1a: Zacian|Zacian|100\/100\n|-ability|p1a: Zacian|Intrepid Sword|boost\n|-boost|p1a: Zacian|atk|1\n|turn|12\n|\n|t:|1699776090\n|-terastallize|p1a: Zacian|Fire\n|move|p2a: Roaring Moon|Acrobatics|p1a: Zacian\n|-damage|p1a: Zacian|8\/100\n|move|p1a: Zacian|Play Rough|p2a: Roaring Moon\n|-supereffective|p2a: Roaring Moon\n|-damage|p2a: Roaring Moon|0 fnt\n|faint|p2a: Roaring Moon\n|-end|p2a: Roaring Moon|Protosynthesis|[silent]\n|\n|-weather|SunnyDay|[upkeep]\n|upkeep\n|\n|t:|1699776100\n|switch|p2a: Palafin|Palafin-Hero, F|100\/100\n|-activate|p2a: Palafin|ability: Zero to Hero\n|turn|13\n|\n|t:|1699776106\n|move|p2a: Palafin|Jet Punch|p1a: Zacian\n|-supereffective|p1a: Zacian\n|-damage|p1a: Zacian|0 fnt\n|faint|p1a: Zacian\n|\n|-weather|SunnyDay|[upkeep]\n|upkeep\n|\n|t:|1699776110\n|switch|p1a: Walking Wake|Walking Wake|100\/100\n|-activate|p1a: Walking Wake|move: Sticky Web\n|-unboost|p1a: Walking Wake|spe|1\n|-activate|p1a: Walking Wake|ability: Protosynthesis\n|-start|p1a: Walking Wake|protosynthesisspa\n|turn|14\n|\n|t:|1699776121\n|switch|p2a: Masquerain|Masquerain, M|6\/100\n|-ability|p2a: Masquerain|Intimidate|boost\n|-unboost|p1a: Walking Wake|atk|1\n|move|p1a: Walking Wake|Hydro Steam|p2a: Masquerain\n|-damage|p2a: Masquerain|0 fnt\n|faint|p2a: Masquerain\n|\n|-weather|SunnyDay|[upkeep]\n|upkeep\n|\n|t:|1699776140\n|switch|p2a: Zacian|Zacian|100\/100\n|-ability|p2a: Zacian|Intrepid Sword|boost\n|-boost|p2a: Zacian|atk|1\n|turn|15\n|\n|t:|1699776142\n|move|p2a: Zacian|Play Rough|p1a: Walking Wake\n|-supereffective|p1a: Walking Wake\n|-damage|p1a: Walking Wake|0 fnt\n|faint|p1a: Walking Wake\n|-end|p1a: Walking Wake|Protosynthesis|[silent]\n|\n|-weather|SunnyDay|[upkeep]\n|upkeep\n|\n|t:|1699776155\n|switch|p1a: Sneasler|Sneasler, F|100\/100\n|-activate|p1a: Sneasler|move: Sticky Web\n|-unboost|p1a: Sneasler|spe|1\n|turn|16\n|\n|t:|1699776163\n|-terastallize|p2a: Zacian|Ground\n|move|p1a: Sneasler|Fake Out|p2a: Zacian\n|-enditem|p1a: Sneasler|Normal Gem|[from] gem\n|-damage|p2a: Zacian|78\/100\n|cant|p2a: Zacian|flinch\n|\n|-weather|SunnyDay|[upkeep]\n|upkeep\n|turn|17\n|c|\u2606pkfire fx|normal gem\n|c|\u2606pkfire fx|oh shit unburden\n|\n|t:|1699776177\n|move|p1a: Sneasler|Close Combat|p2a: Zacian\n|-damage|p2a: Zacian|11\/100\n|-unboost|p1a: Sneasler|def|1\n|-unboost|p1a: Sneasler|spd|1\n|move|p2a: Zacian|Tera Blast|p1a: Sneasler|[anim] Tera Blast Ground\n|-supereffective|p1a: Sneasler\n|-damage|p1a: Sneasler|0 fnt\n|faint|p1a: Sneasler\n|\n|-weather|none\n|upkeep\n|\n|t:|1699776181\n|switch|p1a: Ursaluna|Ursaluna-Bloodmoon, M|100\/100\n|-activate|p1a: Ursaluna|move: Sticky Web\n|-unboost|p1a: Ursaluna|spe|1\n|turn|18\n|c|\u2606pkfire fx|oh shit vacuum wave\n|\n|t:|1699776187\n|move|p1a: Ursaluna|Vacuum Wave|p2a: Zacian\n|-damage|p2a: Zacian|0 fnt\n|faint|p2a: Zacian\n|\n|upkeep\n|\n|t:|1699776189\n|switch|p2a: Palafin|Palafin-Hero, F|100\/100\n|turn|19\n|\n|t:|1699776194\n|move|p2a: Palafin|Wave Crash|p1a: Ursaluna\n|-supereffective|p1a: Ursaluna\n|-damage|p1a: Ursaluna|0 fnt\n|faint|p1a: Ursaluna\n|-damage|p2a: Palafin|59\/100|[from] Recoil\n|\n|upkeep\n|\n|t:|1699776195\n|switch|p1a: Arceus|Arceus-Fire|100\/100\n|-activate|p1a: Arceus|move: Sticky Web\n|-unboost|p1a: Arceus|spe|1\n|turn|20\n|\n|t:|1699776200\n|move|p2a: Palafin|Wave Crash|p1a: Arceus\n|-supereffective|p1a: Arceus\n|-damage|p1a: Arceus|0 fnt\n|faint|p1a: Arceus\n|-damage|p2a: Palafin|22\/100|[from] Recoil\n|\n|win|pkfire fx\n|c|\u2606pkfire fx|gg\n|c|\u2606ateup|Gg that was close\n","uploadtime":1699776209,"views":27,"p1id":"ateup","p2id":"pkfirefx","formatid":"gen9ubers","rating":0,"private":0,"password":""}