{"id":"gen9ubers-1998270685","p1":"Rei_darkness","p2":"HarmoniChaos","format":"[Gen 9] Ubers","log":"|j|\u2606Rei_darkness\n|j|\u2606HarmoniChaos\n|t:|1700922778\n|gametype|singles\n|player|p1|Rei_darkness|drayden|\n|player|p2|HarmoniChaos|cheren|\n|teamsize|p1|6\n|teamsize|p2|6\n|gen|9\n|tier|[Gen 9] Ubers\n|rule|Sleep Clause Mod: Limit one foe put to sleep\n|rule|Species Clause: Limit one of each Pok\u00e9mon\n|rule|OHKO Clause: OHKO moves are banned\n|rule|Evasion Items Clause: Evasion items are banned\n|rule|Evasion Moves Clause: Evasion moves are banned\n|rule|Endless Battle Clause: Forcing endless battles is banned\n|rule|HP Percentage Mod: HP is shown in percentages\n|clearpoke\n|poke|p1|Ribombee, M|\n|poke|p1|Iron Jugulis|\n|poke|p1|Weezing-Galar, M|\n|poke|p1|Hoopa|\n|poke|p1|Slowking-Galar, F|\n|poke|p1|Palafin, F|\n|poke|p2|Torkoal, F|\n|poke|p2|Scovillain, M|\n|poke|p2|Victreebel, F|\n|poke|p2|Trevenant, F|\n|poke|p2|Uxie|\n|poke|p2|Arcanine, M|\n|teampreview\n|c|\u2606HarmoniChaos|alright fixed\n|c|\u2606HarmoniChaos|take 2\n|\n|t:|1700922788\n|start\n|switch|p1a: Ribombee|Ribombee, M|100\/100\n|switch|p2a: Torkoal|Torkoal, F|100\/100\n|-weather|SunnyDay|[from] ability: Drought|[of] p2a: Torkoal\n|turn|1\n|\n|t:|1700922791\n|move|p1a: Ribombee|Sticky Web|p2a: Torkoal\n|-sidestart|p2: HarmoniChaos|move: Sticky Web\n|move|p2a: Torkoal|Shell Smash|p2a: Torkoal\n|-unboost|p2a: Torkoal|def|1\n|-unboost|p2a: Torkoal|spd|1\n|-boost|p2a: Torkoal|atk|2\n|-boost|p2a: Torkoal|spa|2\n|-boost|p2a: Torkoal|spe|2\n|-enditem|p2a: Torkoal|White Herb\n|-clearnegativeboost|p2a: Torkoal|[silent]\n|\n|-weather|SunnyDay|[upkeep]\n|upkeep\n|turn|2\n|\n|t:|1700922808\n|move|p1a: Ribombee|Thief|p2a: Torkoal\n|-damage|p2a: Torkoal|90\/100\n|move|p2a: Torkoal|Weather Ball|p1a: Ribombee\n|-supereffective|p1a: Ribombee\n|-enditem|p1a: Ribombee|Focus Sash\n|-damage|p1a: Ribombee|1\/100\n|\n|-weather|SunnyDay|[upkeep]\n|upkeep\n|turn|3\n|c|\u2606HarmoniChaos|also why would I use chorophyll and trick room\n|c|\u2606Rei_darkness|2 modes\n|c|\u2606HarmoniChaos|ahh\n|\n|t:|1700922836\n|move|p1a: Ribombee|Thief|p2a: Torkoal\n|-damage|p2a: Torkoal|78\/100\n|move|p2a: Torkoal|Weather Ball|p1a: Ribombee\n|-supereffective|p1a: Ribombee\n|-damage|p1a: Ribombee|0 fnt\n|faint|p1a: Ribombee\n|\n|-weather|SunnyDay|[upkeep]\n|upkeep\n|c|\u2606HarmoniChaos|why are you stealing my nonexistent item\n|c|\u2606Rei_darkness|doing chip and trying to get a free entry\n|c|\u2606HarmoniChaos|ah\n|\n|t:|1700922871\n|switch|p1a: Iron Jugulis|Iron Jugulis|100\/100\n|-enditem|p1a: Iron Jugulis|Booster Energy\n|-activate|p1a: Iron Jugulis|ability: Quark Drive|[fromitem]\n|-start|p1a: Iron Jugulis|quarkdrivespe\n|turn|4\n|\n|t:|1700922883\n|-terastallize|p1a: Iron Jugulis|Ground\n|move|p1a: Iron Jugulis|Tera Blast|p2a: Torkoal|[anim] Tera Blast Ground\n|-supereffective|p2a: Torkoal\n|-damage|p2a: Torkoal|22\/100\n|move|p2a: Torkoal|Weather Ball|p1a: Iron Jugulis\n|-damage|p1a: Iron Jugulis|0 fnt\n|faint|p1a: Iron Jugulis\n|-end|p1a: Iron Jugulis|Quark Drive|[silent]\n|\n|-weather|SunnyDay|[upkeep]\n|upkeep\n|c|\u2606HarmoniChaos|ow\n|c|\u2606HarmoniChaos|HOLY-\n|c|\u2606Rei_darkness|i should have calced that\n|\n|t:|1700922898\n|switch|p1a: Palafin|Palafin, F|100\/100\n|turn|5\n|\n|t:|1700922902\n|move|p2a: Torkoal|Solar Beam||[still]\n|-prepare|p2a: Torkoal|Solar Beam\n|-anim|p2a: Torkoal|Solar Beam|p1a: Palafin\n|-supereffective|p1a: Palafin\n|-damage|p1a: Palafin|0 fnt\n|faint|p1a: Palafin\n|\n|-weather|none\n|upkeep\n|c|\u2606Rei_darkness|my dumb ass forgettign about your speed boost\n|\n|t:|1700922913\n|switch|p1a: Hoopa|Hoopa|100\/100\n|turn|6\n|c|\u2606HarmoniChaos|isn't it great how fire types can learn solar beam covering ALL of their weaknesses\n|\n|t:|1700922946\n|switch|p2a: Victreebel|Victreebel, F|100\/100\n|-activate|p2a: Victreebel|move: Sticky Web\n|-unboost|p2a: Victreebel|spe|1\n|move|p1a: Hoopa|Zen Headbutt|p2a: Victreebel\n|-supereffective|p2a: Victreebel\n|-damage|p2a: Victreebel|0 fnt\n|faint|p2a: Victreebel\n|\n|upkeep\n|\n|t:|1700922954\n|switch|p2a: Torkoal|Torkoal, F|22\/100\n|-activate|p2a: Torkoal|move: Sticky Web\n|-unboost|p2a: Torkoal|spe|1\n|-weather|SunnyDay|[from] ability: Drought|[of] p2a: Torkoal\n|turn|7\n|\n|t:|1700922962\n|move|p1a: Hoopa|Zen Headbutt|p2a: Torkoal\n|-damage|p2a: Torkoal|0 fnt\n|faint|p2a: Torkoal\n|\n|-weather|SunnyDay|[upkeep]\n|upkeep\n|\n|t:|1700922976\n|switch|p2a: Arcanine|Arcanine, M|100\/100\n|-activate|p2a: Arcanine|move: Sticky Web\n|-unboost|p2a: Arcanine|spe|1\n|-ability|p2a: Arcanine|Intimidate|boost\n|-unboost|p1a: Hoopa|atk|1\n|turn|8\n|\n|t:|1700922982\n|switch|p1a: Weezing|Weezing-Galar, M|100\/100\n|move|p2a: Arcanine|Snarl|p1a: Weezing\n|-resisted|p1a: Weezing\n|-damage|p1a: Weezing|88\/100\n|-unboost|p1a: Weezing|spa|1\n|-enditem|p2a: Arcanine|Throat Spray\n|-boost|p2a: Arcanine|spa|1|[from] item: Throat Spray\n|\n|-weather|SunnyDay|[upkeep]\n|-heal|p1a: Weezing|94\/100|[from] item: Leftovers\n|upkeep\n|turn|9\n|\n|t:|1700922995\n|move|p2a: Arcanine|Flamethrower|p1a: Weezing\n|-damage|p1a: Weezing|0 fnt\n|faint|p1a: Weezing\n|\n|-weather|SunnyDay|[upkeep]\n|upkeep\n|\n|t:|1700922997\n|switch|p1a: Slowking|Slowking-Galar, F|100\/100\n|turn|10\n|c|\u2606HarmoniChaos|nice\n|\n|t:|1700923001\n|move|p2a: Arcanine|Snarl|p1a: Slowking\n|-supereffective|p1a: Slowking\n|-damage|p1a: Slowking|72\/100\n|-unboost|p1a: Slowking|spa|1\n|move|p1a: Slowking|Chilly Reception|p1a: Slowking\n|-weather|Snow\n|\n|t:|1700923003\n|switch|p1a: Hoopa|Hoopa|100\/100|[from] Chilly Reception\n|\n|-weather|Snow|[upkeep]\n|upkeep\n|turn|11\n|\n|t:|1700923011\n|move|p1a: Hoopa|Fling|p2a: Arcanine\n|-damage|p2a: Arcanine|49\/100\n|-enditem|p1a: Hoopa|Big Nugget|[from] move: Fling\n|move|p2a: Arcanine|Snarl|p1a: Hoopa\n|-supereffective|p1a: Hoopa\n|-damage|p1a: Hoopa|10\/100\n|-unboost|p1a: Hoopa|spa|1\n|\n|-weather|Snow|[upkeep]\n|upkeep\n|turn|12\n|\n|t:|1700923019\n|move|p1a: Hoopa|Zen Headbutt|p2a: Arcanine\n|-damage|p2a: Arcanine|5\/100\n|move|p2a: Arcanine|Snarl|p1a: Hoopa\n|-supereffective|p1a: Hoopa\n|-damage|p1a: Hoopa|0 fnt\n|faint|p1a: Hoopa\n|\n|-weather|Snow|[upkeep]\n|upkeep\n|\n|t:|1700923022\n|switch|p1a: Slowking|Slowking-Galar, F|100\/100\n|turn|13\n|\n|t:|1700923029\n|move|p2a: Arcanine|Flamethrower|p1a: Slowking\n|-damage|p1a: Slowking|64\/100\n|move|p1a: Slowking|Foul Play|p2a: Arcanine\n|-damage|p2a: Arcanine|0 fnt\n|faint|p2a: Arcanine\n|\n|-weather|Snow|[upkeep]\n|upkeep\n|\n|t:|1700923036\n|switch|p2a: Uxie|Uxie|100\/100\n|turn|14\n|\n|t:|1700923042\n|move|p2a: Uxie|Shadow Ball|p1a: Slowking\n|-supereffective|p1a: Slowking\n|-damage|p1a: Slowking|37\/100\n|-unboost|p1a: Slowking|spd|1\n|move|p1a: Slowking|Taunt|p2a: Uxie\n|-start|p2a: Uxie|move: Taunt\n|\n|-weather|none\n|upkeep\n|turn|15\n|-message|Rei_darkness forfeited.\n|\n|win|HarmoniChaos\n|l|\u2606Rei_darkness\n|c|\u2606HarmoniChaos|if your moveset consists of 100% attacks\n|l|\u2606HarmoniChaos\n|j|\u2606Rei_darkness\n|player|p1|Rei_darkness|drayden\n","uploadtime":1700923062,"views":9,"p1id":"reidarkness","p2id":"harmonichaos","formatid":"gen9ubers","rating":0,"private":0,"password":""}