{"id":"gen9ubers-1997707531","p1":"Reposti","p2":"MayatazKJ","format":"[Gen 9] Ubers","log":"|j|\u2606Reposti\n|j|\u2606MayatazKJ\n|t:|1700844066\n|gametype|singles\n|player|p1|Reposti|gentleman-gen4dp|\n|player|p2|MayatazKJ|2|\n|teamsize|p1|6\n|teamsize|p2|6\n|gen|9\n|tier|[Gen 9] Ubers\n|rule|Sleep Clause Mod: Limit one foe put to sleep\n|rule|Species Clause: Limit one of each Pok\u00e9mon\n|rule|OHKO Clause: OHKO moves are banned\n|rule|Evasion Items Clause: Evasion items are banned\n|rule|Evasion Moves Clause: Evasion moves are banned\n|rule|Endless Battle Clause: Forcing endless battles is banned\n|rule|HP Percentage Mod: HP is shown in percentages\n|clearpoke\n|poke|p1|Kommo-o, M|\n|poke|p1|Cyclizar, F|\n|poke|p1|Arceus-Poison|\n|poke|p1|Zacian-*|\n|poke|p1|Polteageist|\n|poke|p1|Zamazenta-*|\n|poke|p2|Palkia-Origin|\n|poke|p2|Pelipper, F|\n|poke|p2|Palafin, F|\n|poke|p2|Goodra-Hisui, F|\n|poke|p2|Zacian-*|\n|poke|p2|Basculin-White-Striped, F|\n|teampreview\n|\n|t:|1700844076\n|start\n|switch|p1a: Bicycle Kick|Cyclizar, F|100\/100\n|switch|p2a: Palafin|Palafin, F|100\/100\n|turn|1\n|\n|t:|1700844088\n|detailschange|p2a: Palafin|Palafin-Hero, F\n|switch|p2a: Palkia|Palkia-Origin|100\/100\n|-ability|p2a: Palkia|Pressure\n|move|p1a: Bicycle Kick|Shed Tail|p1a: Bicycle Kick\n|-start|p1a: Bicycle Kick|Substitute|[from] move: Shed Tail\n|-damage|p1a: Bicycle Kick|50\/100\n|\n|t:|1700844119\n|switch|p1a: Polteageist|Polteageist|100\/100|[from] Shed Tail\n|\n|upkeep\n|turn|2\n|\n|t:|1700844128\n|move|p2a: Palkia|Spacial Rend|p1a: Polteageist\n|-end|p1a: Polteageist|Substitute\n|move|p1a: Polteageist|Shell Smash|p1a: Polteageist\n|-unboost|p1a: Polteageist|def|1\n|-unboost|p1a: Polteageist|spd|1\n|-boost|p1a: Polteageist|atk|2\n|-boost|p1a: Polteageist|spa|2\n|-boost|p1a: Polteageist|spe|2\n|-enditem|p1a: Polteageist|White Herb\n|-clearnegativeboost|p1a: Polteageist|[silent]\n|\n|upkeep\n|turn|3\n|\n|t:|1700844138\n|move|p1a: Polteageist|Shadow Ball|p2a: Palkia\n|-damage|p2a: Palkia|10\/100\n|-unboost|p2a: Palkia|spd|1\n|move|p2a: Palkia|Spacial Rend|p1a: Polteageist\n|-damage|p1a: Polteageist|14\/100\n|\n|upkeep\n|turn|4\n|\n|t:|1700844147\n|move|p1a: Polteageist|Giga Drain|p2a: Palkia\n|-damage|p2a: Palkia|0 fnt\n|-heal|p1a: Polteageist|20\/100|[from] drain|[of] p2a: Palkia\n|faint|p2a: Palkia\n|\n|upkeep\n|\n|t:|1700844152\n|switch|p2a: Palafin|Palafin-Hero, F|100\/100\n|-activate|p2a: Palafin|ability: Zero to Hero\n|turn|5\n|\n|t:|1700844158\n|move|p2a: Palafin|Jet Punch|p1a: Polteageist\n|-damage|p1a: Polteageist|0 fnt\n|faint|p1a: Polteageist\n|\n|upkeep\n|\n|t:|1700844163\n|switch|p1a: Zamazenta|Zamazenta-Crowned|100\/100\n|-ability|p1a: Zamazenta|Dauntless Shield|boost\n|-boost|p1a: Zamazenta|def|1\n|turn|6\n|\n|t:|1700844172\n|switch|p2a: Pelipper|Pelipper, F|100\/100\n|-weather|RainDance|[from] ability: Drizzle|[of] p2a: Pelipper\n|-terastallize|p1a: Zamazenta|Flying\n|move|p1a: Zamazenta|Iron Defense|p1a: Zamazenta\n|-boost|p1a: Zamazenta|def|2\n|\n|-weather|RainDance|[upkeep]\n|upkeep\n|turn|7\n|\n|t:|1700844182\n|move|p1a: Zamazenta|Body Press|p2a: Pelipper\n|-resisted|p2a: Pelipper\n|-damage|p2a: Pelipper|66\/100\n|move|p2a: Pelipper|Hurricane|p1a: Zamazenta\n|-damage|p1a: Zamazenta|74\/100\n|\n|-weather|RainDance|[upkeep]\n|upkeep\n|turn|8\n|\n|t:|1700844190\n|move|p2a: Pelipper|Roost|p2a: Pelipper\n|-heal|p2a: Pelipper|100\/100\n|-singleturn|p2a: Pelipper|move: Roost\n|move|p1a: Zamazenta|Roar|p2a: Pelipper\n|drag|p2a: Basculin|Basculin-White-Striped, F|100\/100\n|\n|-weather|RainDance|[upkeep]\n|upkeep\n|turn|9\n|\n|t:|1700844201\n|move|p2a: Basculin|Flip Turn|p1a: Zamazenta\n|-damage|p1a: Zamazenta|59\/100\n|\n|t:|1700844210\n|switch|p2a: Pelipper|Pelipper, F|100\/100|[from] Flip Turn\n|move|p1a: Zamazenta|Body Press|p2a: Pelipper\n|-resisted|p2a: Pelipper\n|-damage|p2a: Pelipper|69\/100\n|\n|-weather|RainDance|[upkeep]\n|upkeep\n|turn|10\n|\n|t:|1700844254\n|move|p1a: Zamazenta|Body Press|p2a: Pelipper\n|-resisted|p2a: Pelipper\n|-damage|p2a: Pelipper|35\/100\n|move|p2a: Pelipper|Roost|p2a: Pelipper\n|-heal|p2a: Pelipper|85\/100\n|-singleturn|p2a: Pelipper|move: Roost\n|\n|-weather|RainDance|[upkeep]\n|upkeep\n|turn|11\n|\n|t:|1700844267\n|switch|p1a: Big G?|Arceus-Poison|100\/100\n|move|p2a: Pelipper|Hurricane|p1a: Big G?\n|-damage|p1a: Big G?|77\/100\n|-start|p1a: Big G?|confusion\n|\n|-weather|RainDance|[upkeep]\n|upkeep\n|turn|12\n|\n|t:|1700844275\n|switch|p2a: Palafin|Palafin-Hero, F|100\/100\n|-activate|p1a: Big G?|confusion\n|move|p1a: Big G?|Cosmic Power|p1a: Big G?\n|-boost|p1a: Big G?|def|1\n|-boost|p1a: Big G?|spd|1\n|\n|-weather|RainDance|[upkeep]\n|upkeep\n|turn|13\n|\n|t:|1700844284\n|-activate|p1a: Big G?|confusion\n|move|p1a: Big G?|Recover|p1a: Big G?\n|-heal|p1a: Big G?|100\/100\n|move|p2a: Palafin|Taunt|p1a: Big G?\n|-start|p1a: Big G?|move: Taunt\n|\n|-weather|none\n|upkeep\n|turn|14\n|\n|t:|1700844292\n|-end|p1a: Big G?|confusion\n|move|p1a: Big G?|Body Press|p2a: Palafin\n|-damage|p2a: Palafin|69\/100\n|move|p2a: Palafin|Bulk Up|p2a: Palafin\n|-boost|p2a: Palafin|atk|1\n|-boost|p2a: Palafin|def|1\n|\n|-heal|p2a: Palafin|75\/100|[from] item: Leftovers\n|upkeep\n|turn|15\n|\n|t:|1700844303\n|move|p1a: Big G?|Body Press|p2a: Palafin\n|-damage|p2a: Palafin|53\/100\n|move|p2a: Palafin|Bulk Up|p2a: Palafin\n|-boost|p2a: Palafin|atk|1\n|-boost|p2a: Palafin|def|1\n|\n|-heal|p2a: Palafin|60\/100|[from] item: Leftovers\n|upkeep\n|turn|16\n|\n|t:|1700844316\n|move|p2a: Palafin|Jet Punch|p1a: Big G?\n|-damage|p1a: Big G?|71\/100\n|move|p1a: Big G?|Body Press|p2a: Palafin\n|-damage|p2a: Palafin|43\/100\n|\n|-heal|p2a: Palafin|49\/100|[from] item: Leftovers\n|-end|p1a: Big G?|move: Taunt\n|upkeep\n|turn|17\n|\n|t:|1700844325\n|move|p1a: Big G?|Cosmic Power|p1a: Big G?\n|-boost|p1a: Big G?|def|1\n|-boost|p1a: Big G?|spd|1\n|move|p2a: Palafin|Wave Crash|p1a: Big G?\n|-damage|p1a: Big G?|29\/100\n|-damage|p2a: Palafin|34\/100|[from] Recoil\n|\n|-heal|p2a: Palafin|40\/100|[from] item: Leftovers\n|upkeep\n|turn|18\n|\n|t:|1700844344\n|move|p1a: Big G?|Recover|p1a: Big G?\n|-heal|p1a: Big G?|79\/100\n|move|p2a: Palafin|Taunt|p1a: Big G?\n|-start|p1a: Big G?|move: Taunt\n|\n|-heal|p2a: Palafin|46\/100|[from] item: Leftovers\n|upkeep\n|turn|19\n|\n|t:|1700844353\n|move|p1a: Big G?|Body Press|p2a: Palafin\n|-damage|p2a: Palafin|24\/100\n|move|p2a: Palafin|Bulk Up|p2a: Palafin\n|-boost|p2a: Palafin|atk|1\n|-boost|p2a: Palafin|def|1\n|\n|-heal|p2a: Palafin|30\/100|[from] item: Leftovers\n|upkeep\n|turn|20\n|\n|t:|1700844362\n|-terastallize|p2a: Palafin|Water\n|move|p1a: Big G?|Stored Power|p2a: Palafin\n|-damage|p2a: Palafin|5\/100\n|move|p2a: Palafin|Wave Crash|p1a: Big G?\n|-damage|p1a: Big G?|10\/100\n|-damage|p2a: Palafin|0 fnt|[from] Recoil\n|faint|p2a: Palafin\n|\n|upkeep\n|\n|t:|1700844372\n|switch|p2a: Basculin|Basculin-White-Striped, F|100\/100\n|turn|21\n|\n|t:|1700844376\n|move|p2a: Basculin|Wave Crash|p1a: Big G?\n|-damage|p1a: Big G?|0 fnt\n|faint|p1a: Big G?\n|-damage|p2a: Basculin|96\/100|[from] Recoil\n|\n|upkeep\n|\n|t:|1700844385\n|switch|p1a: Bicycle Kick|Cyclizar, F|84\/100\n|turn|22\n|\n|t:|1700844390\n|move|p1a: Bicycle Kick|Knock Off|p2a: Basculin\n|-damage|p2a: Basculin|59\/100\n|-enditem|p2a: Basculin|Choice Scarf|[from] move: Knock Off|[of] p1a: Bicycle Kick\n|move|p2a: Basculin|Wave Crash|p1a: Bicycle Kick\n|-resisted|p1a: Bicycle Kick\n|-damage|p1a: Bicycle Kick|42\/100\n|-damage|p2a: Basculin|42\/100|[from] Recoil\n|\n|upkeep\n|turn|23\n|\n|t:|1700844400\n|switch|p1a: Zamazenta|Zamazenta-Crowned, tera:Flying|59\/100\n|move|p2a: Basculin|Wave Crash|p1a: Zamazenta\n|-damage|p1a: Zamazenta|14\/100\n|-damage|p2a: Basculin|21\/100|[from] Recoil\n|\n|upkeep\n|turn|24\n|\n|t:|1700844409\n|move|p2a: Basculin|Aqua Jet|p1a: Zamazenta\n|-damage|p1a: Zamazenta|0 fnt\n|faint|p1a: Zamazenta\n|\n|upkeep\n|\n|t:|1700844414\n|switch|p1a: Bicycle Kick|Cyclizar, F|75\/100\n|turn|25\n|\n|t:|1700844417\n|move|p2a: Basculin|Aqua Jet|p1a: Bicycle Kick\n|-resisted|p1a: Bicycle Kick\n|-damage|p1a: Bicycle Kick|60\/100\n|move|p1a: Bicycle Kick|Shed Tail|p1a: Bicycle Kick\n|-start|p1a: Bicycle Kick|Substitute|[from] move: Shed Tail\n|-damage|p1a: Bicycle Kick|10\/100\n|\n|t:|1700844423\n|switch|p1a: The Bass Cannon|Kommo-o, M|100\/100|[from] Shed Tail\n|\n|upkeep\n|turn|26\n|\n|t:|1700844428\n|move|p2a: Basculin|Last Respects|p1a: The Bass Cannon\n|-end|p1a: The Bass Cannon|Substitute\n|move|p1a: The Bass Cannon|Clangorous Soul|p1a: The Bass Cannon\n|-boost|p1a: The Bass Cannon|atk|1\n|-boost|p1a: The Bass Cannon|def|1\n|-boost|p1a: The Bass Cannon|spa|1\n|-boost|p1a: The Bass Cannon|spd|1\n|-boost|p1a: The Bass Cannon|spe|1\n|-damage|p1a: The Bass Cannon|68\/100\n|-enditem|p1a: The Bass Cannon|Throat Spray\n|-boost|p1a: The Bass Cannon|spa|1|[from] item: Throat Spray\n|\n|upkeep\n|turn|27\n|\n|t:|1700844441\n|move|p1a: The Bass Cannon|Drain Punch|p2a: Basculin\n|-damage|p2a: Basculin|0 fnt\n|-heal|p1a: The Bass Cannon|78\/100|[from] drain|[of] p2a: Basculin\n|faint|p2a: Basculin\n|\n|upkeep\n|\n|t:|1700844488\n|switch|p2a: Zacian|Zacian|100\/100\n|-ability|p2a: Zacian|Intrepid Sword|boost\n|-boost|p2a: Zacian|atk|1\n|turn|28\n|\n|t:|1700844495\n|move|p2a: Zacian|Play Rough|p1a: The Bass Cannon\n|-supereffective|p1a: The Bass Cannon\n|-damage|p1a: The Bass Cannon|0 fnt\n|faint|p1a: The Bass Cannon\n|\n|upkeep\n|\n|t:|1700844501\n|switch|p1a: Bicycle Kick|Cyclizar, F|43\/100\n|turn|29\n|\n|t:|1700844508\n|move|p1a: Bicycle Kick|Knock Off|p2a: Zacian\n|-resisted|p2a: Zacian\n|-damage|p2a: Zacian|91\/100\n|-enditem|p2a: Zacian|Heavy-Duty Boots|[from] move: Knock Off|[of] p1a: Bicycle Kick\n|move|p2a: Zacian|Play Rough|p1a: Bicycle Kick\n|-supereffective|p1a: Bicycle Kick\n|-damage|p1a: Bicycle Kick|0 fnt\n|faint|p1a: Bicycle Kick\n|\n|upkeep\n|\n|t:|1700844517\n|switch|p1a: what the dog doin?|Zacian|100\/100\n|-ability|p1a: what the dog doin?|Intrepid Sword|boost\n|-boost|p1a: what the dog doin?|atk|1\n|turn|30\n|\n|t:|1700844523\n|move|p2a: Zacian|Play Rough|p1a: what the dog doin?\n|-damage|p1a: what the dog doin?|36\/100\n|move|p1a: what the dog doin?|Swords Dance|p1a: what the dog doin?\n|-boost|p1a: what the dog doin?|atk|2\n|\n|upkeep\n|turn|31\n|\n|t:|1700844531\n|move|p1a: what the dog doin?|Play Rough|p2a: Zacian\n|-damage|p2a: Zacian|0 fnt\n|faint|p2a: Zacian\n|\n|upkeep\n|\n|t:|1700844539\n|switch|p2a: Pelipper|Pelipper, F|85\/100\n|-weather|RainDance|[from] ability: Drizzle|[of] p2a: Pelipper\n|turn|32\n|\n|t:|1700844544\n|move|p1a: what the dog doin?|Play Rough|p2a: Pelipper|[miss]\n|-miss|p1a: what the dog doin?|p2a: Pelipper\n|move|p2a: Pelipper|Surf|p1a: what the dog doin?\n|-damage|p1a: what the dog doin?|0 fnt\n|faint|p1a: what the dog doin?\n|\n|win|MayatazKJ\n|c|\u2606Reposti|Damn\n","uploadtime":1700844556,"views":11,"p1id":"reposti","p2id":"mayatazkj","formatid":"gen9ubers","rating":0,"private":0,"password":""}