{"id":"gen9ubers-1993210871","p1":"Spectrum725","p2":"LhamaBoi","format":"[Gen 9] Ubers","log":"|j|\u2606Spectrum725\n|j|\u2606LhamaBoi\n|t:|1700278564\n|gametype|singles\n|player|p1|Spectrum725|waiter-gen4dp|\n|player|p2|LhamaBoi|dawn|\n|teamsize|p1|6\n|teamsize|p2|6\n|gen|9\n|tier|[Gen 9] Ubers\n|rule|Sleep Clause Mod: Limit one foe put to sleep\n|rule|Species Clause: Limit one of each Pok\u00e9mon\n|rule|OHKO Clause: OHKO moves are banned\n|rule|Evasion Items Clause: Evasion items are banned\n|rule|Evasion Moves Clause: Evasion moves are banned\n|rule|Endless Battle Clause: Forcing endless battles is banned\n|rule|HP Percentage Mod: HP is shown in percentages\n|clearpoke\n|poke|p1|Torkoal, F|\n|poke|p1|Walking Wake|\n|poke|p1|Chi-Yu|\n|poke|p1|Arceus-Grass|\n|poke|p1|Zacian-*|\n|poke|p1|Magearna-Original|\n|poke|p2|Espathra, M|\n|poke|p2|Landorus, M|\n|poke|p2|Volcarona, M|\n|poke|p2|Magearna|\n|poke|p2|Zamazenta-*|\n|poke|p2|Goodra-Hisui, M|\n|teampreview\n|c|\u2606LhamaBoi|Me when Chi yu\n|c|\u2606Spectrum725|is it unallowed\n|l|\u2606Spectrum725\n|player|p1|\n|c|\u2606LhamaBoi|No for some reason\n|j|\u2606Spectrum725\n|player|p1|Spectrum725|waiter-gen4dp\n|c|\u2606Spectrum725|ok\n|c|\u2606LhamaBoi|You cant use ribombee\n|c|\u2606LhamaBoi|But you can use chi yu\n|\n|t:|1700278640\n|start\n|switch|p1a: Magearna|Magearna-Original|100\/100\n|switch|p2a: Landorus|Landorus, M|100\/100\n|turn|1\n|c|\u2606Spectrum725|is it bo3\n|c|\u2606LhamaBoi|Uhhh\n|c|\u2606LhamaBoi|Yes\n|\n|t:|1700278655\n|switch|p1a: Arceus|Arceus-Grass|100\/100\n|move|p2a: Landorus|Stealth Rock|p1a: Arceus\n|-sidestart|p1: Spectrum725|move: Stealth Rock\n|\n|upkeep\n|turn|2\n|\n|t:|1700278667\n|switch|p2a: Goodra|Goodra-Hisui, M|100\/100\n|move|p1a: Arceus|Calm Mind|p1a: Arceus\n|-boost|p1a: Arceus|spa|1\n|-boost|p1a: Arceus|spd|1\n|\n|upkeep\n|turn|3\n|\n|t:|1700278672\n|move|p1a: Arceus|Taunt|p2a: Goodra\n|-start|p2a: Goodra|move: Taunt\n|move|p2a: Goodra|Dragon Tail|p1a: Arceus\n|-damage|p1a: Arceus|88\/100\n|drag|p1a: Torkoal|Torkoal, F|100\/100\n|-damage|p1a: Torkoal|75\/100|[from] Stealth Rock\n|-weather|SunnyDay|[from] ability: Drought|[of] p1a: Torkoal\n|\n|-weather|SunnyDay|[upkeep]\n|upkeep\n|turn|4\n|\n|t:|1700278692\n|switch|p2a: Volcarona|Volcarona, M|100\/100\n|move|p1a: Torkoal|Stealth Rock|p2a: Volcarona\n|-sidestart|p2: LhamaBoi|move: Stealth Rock\n|\n|-weather|SunnyDay|[upkeep]\n|upkeep\n|turn|5\n|\n|t:|1700278700\n|switch|p1a: Walking Wake|Walking Wake|100\/100\n|-damage|p1a: Walking Wake|88\/100|[from] Stealth Rock\n|-activate|p1a: Walking Wake|ability: Protosynthesis\n|-start|p1a: Walking Wake|protosynthesisspe\n|move|p2a: Volcarona|Quiver Dance|p2a: Volcarona\n|-boost|p2a: Volcarona|spa|1\n|-boost|p2a: Volcarona|spd|1\n|-boost|p2a: Volcarona|spe|1\n|\n|-weather|SunnyDay|[upkeep]\n|upkeep\n|turn|6\n|\n|t:|1700278729\n|-terastallize|p2a: Volcarona|Water\n|move|p1a: Walking Wake|Hydro Steam|p2a: Volcarona\n|-resisted|p2a: Volcarona\n|-damage|p2a: Volcarona|71\/100\n|move|p2a: Volcarona|Quiver Dance|p2a: Volcarona\n|-boost|p2a: Volcarona|spa|1\n|-boost|p2a: Volcarona|spd|1\n|-boost|p2a: Volcarona|spe|1\n|\n|-weather|SunnyDay|[upkeep]\n|upkeep\n|turn|7\n|\n|t:|1700278732\n|switch|p2a: Magearna|Magearna|100\/100\n|-damage|p2a: Magearna|94\/100|[from] Stealth Rock\n|-end|p1a: Walking Wake|Protosynthesis|[silent]\n|switch|p1a: Arceus|Arceus-Grass|88\/100\n|-damage|p1a: Arceus|75\/100|[from] Stealth Rock\n|\n|-weather|SunnyDay|[upkeep]\n|upkeep\n|turn|8\n|c|\u2606LhamaBoi|? how did I just get switched out\n|\n|t:|1700278784\n|move|p1a: Arceus|Taunt|p2a: Magearna\n|-start|p2a: Magearna|move: Taunt\n|cant|p2a: Magearna|move: Taunt|Shift Gear\n|\n|-weather|SunnyDay|[upkeep]\n|upkeep\n|turn|9\n|\n|t:|1700278791\n|switch|p2a: Goodra|Goodra-Hisui, M|100\/100\n|-damage|p2a: Goodra|94\/100|[from] Stealth Rock\n|move|p1a: Arceus|Calm Mind|p1a: Arceus\n|-boost|p1a: Arceus|spa|1\n|-boost|p1a: Arceus|spd|1\n|\n|-weather|SunnyDay|[upkeep]\n|-heal|p2a: Goodra|100\/100|[from] item: Leftovers\n|upkeep\n|turn|10\n|\n|t:|1700278799\n|move|p1a: Arceus|Recover|p1a: Arceus\n|-heal|p1a: Arceus|100\/100\n|move|p2a: Goodra|Flamethrower|p1a: Arceus\n|-supereffective|p1a: Arceus\n|-damage|p1a: Arceus|71\/100\n|\n|-weather|none\n|upkeep\n|turn|11\n|\n|t:|1700278807\n|switch|p1a: Walking Wake|Walking Wake|88\/100\n|-damage|p1a: Walking Wake|76\/100|[from] Stealth Rock\n|move|p2a: Goodra|Dragon Tail|p1a: Walking Wake\n|-supereffective|p1a: Walking Wake\n|-damage|p1a: Walking Wake|35\/100\n|-end|p1a: Walking Wake|Protosynthesis|[silent]\n|drag|p1a: Chi-Yu|Chi-Yu|100\/100\n|-damage|p1a: Chi-Yu|76\/100|[from] Stealth Rock\n|-ability|p1a: Chi-Yu|Beads of Ruin\n|\n|upkeep\n|turn|12\n|\n|t:|1700278817\n|move|p1a: Chi-Yu|Overheat|p2a: Goodra\n|-damage|p2a: Goodra|42\/100\n|-unboost|p1a: Chi-Yu|spa|2\n|move|p2a: Goodra|Draco Meteor|p1a: Chi-Yu\n|-damage|p1a: Chi-Yu|15\/100\n|-unboost|p2a: Goodra|spa|2\n|\n|-heal|p2a: Goodra|48\/100|[from] item: Leftovers\n|upkeep\n|turn|13\n|\n|t:|1700278833\n|switch|p1a: Torkoal|Torkoal, F|75\/100\n|-damage|p1a: Torkoal|50\/100|[from] Stealth Rock\n|-weather|SunnyDay|[from] ability: Drought|[of] p1a: Torkoal\n|switch|p2a: Espathra|Espathra, M|100\/100\n|-damage|p2a: Espathra|88\/100|[from] Stealth Rock\n|\n|-weather|SunnyDay|[upkeep]\n|-heal|p2a: Espathra|94\/100|[from] item: Leftovers\n|upkeep\n|turn|14\n|\n|t:|1700278844\n|move|p2a: Espathra|Calm Mind|p2a: Espathra\n|-boost|p2a: Espathra|spa|1\n|-boost|p2a: Espathra|spd|1\n|move|p1a: Torkoal|Rapid Spin|p2a: Espathra\n|-damage|p2a: Espathra|86\/100\n|-boost|p1a: Torkoal|spe|1\n|-sideend|p1: Spectrum725|Stealth Rock|[from] move: Rapid Spin|[of] p1a: Torkoal\n|\n|-weather|SunnyDay|[upkeep]\n|-heal|p2a: Espathra|93\/100|[from] item: Leftovers\n|-ability|p2a: Espathra|Speed Boost|boost\n|-boost|p2a: Espathra|spe|1\n|upkeep\n|turn|15\n|\n|t:|1700278851\n|switch|p1a: Magearna|Magearna-Original|100\/100\n|move|p2a: Espathra|Stored Power|p1a: Magearna\n|-resisted|p1a: Magearna\n|-damage|p1a: Magearna|88\/100\n|\n|-weather|SunnyDay|[upkeep]\n|-heal|p2a: Espathra|99\/100|[from] item: Leftovers\n|-heal|p1a: Magearna|94\/100|[from] item: Leftovers\n|-ability|p2a: Espathra|Speed Boost|boost\n|-boost|p2a: Espathra|spe|1\n|upkeep\n|turn|16\n|\n|t:|1700278858\n|move|p2a: Espathra|Calm Mind|p2a: Espathra\n|-boost|p2a: Espathra|spa|1\n|-boost|p2a: Espathra|spd|1\n|move|p1a: Magearna|Thunder Wave|p2a: Espathra\n|-status|p2a: Espathra|par\n|\n|-weather|SunnyDay|[upkeep]\n|-heal|p2a: Espathra|100\/100 par|[from] item: Leftovers\n|-heal|p1a: Magearna|99\/100|[from] item: Leftovers\n|-ability|p2a: Espathra|Speed Boost|boost\n|-boost|p2a: Espathra|spe|1\n|upkeep\n|turn|17\n|\n|t:|1700278865\n|move|p2a: Espathra|Calm Mind|p2a: Espathra\n|-boost|p2a: Espathra|spa|1\n|-boost|p2a: Espathra|spd|1\n|move|p1a: Magearna|Volt Switch|p2a: Espathra\n|-damage|p2a: Espathra|90\/100 par\n|\n|t:|1700278876\n|switch|p1a: Chi-Yu|Chi-Yu|15\/100|[from] Volt Switch\n|-ability|p1a: Chi-Yu|Beads of Ruin\n|\n|-weather|SunnyDay|[upkeep]\n|-heal|p2a: Espathra|96\/100 par|[from] item: Leftovers\n|-ability|p2a: Espathra|Speed Boost|boost\n|-boost|p2a: Espathra|spe|1\n|upkeep\n|turn|18\n|\n|t:|1700278899\n|move|p1a: Chi-Yu|Overheat|p2a: Espathra\n|-damage|p2a: Espathra|11\/100 par\n|-unboost|p1a: Chi-Yu|spa|2\n|move|p2a: Espathra|Stored Power|p1a: Chi-Yu\n|-immune|p1a: Chi-Yu\n|\n|-weather|SunnyDay|[upkeep]\n|-heal|p2a: Espathra|17\/100 par|[from] item: Leftovers\n|-ability|p2a: Espathra|Speed Boost|boost\n|-boost|p2a: Espathra|spe|1\n|upkeep\n|turn|19\n|c|\u2606LhamaBoi|Wait...\n|\n|t:|1700278909\n|move|p2a: Espathra|Tera Blast|p1a: Chi-Yu\n|-damage|p1a: Chi-Yu|0 fnt\n|faint|p1a: Chi-Yu\n|\n|-weather|SunnyDay|[upkeep]\n|-heal|p2a: Espathra|23\/100 par|[from] item: Leftovers\n|-ability|p2a: Espathra|Speed Boost|boost\n|-boost|p2a: Espathra|spe|1\n|upkeep\n|\n|t:|1700278914\n|switch|p1a: Magearna|Magearna-Original|99\/100\n|turn|20\n|\n|t:|1700278918\n|move|p2a: Espathra|Protect|p2a: Espathra\n|-singleturn|p2a: Espathra|Protect\n|move|p1a: Magearna|Fleur Cannon|p2a: Espathra\n|-activate|p2a: Espathra|move: Protect\n|\n|-weather|none\n|-heal|p2a: Espathra|29\/100 par|[from] item: Leftovers\n|-heal|p1a: Magearna|100\/100|[from] item: Leftovers\n|upkeep\n|turn|21\n|\n|t:|1700278927\n|cant|p2a: Espathra|par\n|move|p1a: Magearna|Fleur Cannon|p2a: Espathra|[miss]\n|-miss|p1a: Magearna|p2a: Espathra\n|\n|-heal|p2a: Espathra|36\/100 par|[from] item: Leftovers\n|upkeep\n|turn|22\n|\n|t:|1700278931\n|move|p2a: Espathra|Stored Power|p1a: Magearna\n|-resisted|p1a: Magearna\n|-damage|p1a: Magearna|31\/100\n|move|p1a: Magearna|Fleur Cannon|p2a: Espathra\n|-damage|p2a: Espathra|2\/100 par\n|-unboost|p1a: Magearna|spa|2\n|\n|-heal|p2a: Espathra|9\/100 par|[from] item: Leftovers\n|-heal|p1a: Magearna|37\/100|[from] item: Leftovers\n|upkeep\n|turn|23\n|\n|t:|1700278936\n|cant|p2a: Espathra|par\n|move|p1a: Magearna|Fleur Cannon|p2a: Espathra\n|-damage|p2a: Espathra|0 fnt\n|-unboost|p1a: Magearna|spa|2\n|faint|p2a: Espathra\n|-ability|p1a: Magearna|Soul-Heart|boost\n|-boost|p1a: Magearna|spa|1\n|\n|-heal|p1a: Magearna|43\/100|[from] item: Leftovers\n|upkeep\n|\n|t:|1700278943\n|switch|p2a: Volcarona|Volcarona, M, tera:Water|71\/100\n|turn|24\n|\n|t:|1700278947\n|move|p2a: Volcarona|Quiver Dance|p2a: Volcarona\n|-boost|p2a: Volcarona|spa|1\n|-boost|p2a: Volcarona|spd|1\n|-boost|p2a: Volcarona|spe|1\n|move|p1a: Magearna|Thunder Wave|p2a: Volcarona\n|-status|p2a: Volcarona|par\n|\n|-heal|p1a: Magearna|49\/100|[from] item: Leftovers\n|upkeep\n|turn|25\n|\n|t:|1700278954\n|move|p2a: Volcarona|Quiver Dance|p2a: Volcarona\n|-boost|p2a: Volcarona|spa|1\n|-boost|p2a: Volcarona|spd|1\n|-boost|p2a: Volcarona|spe|1\n|move|p1a: Magearna|Volt Switch|p2a: Volcarona\n|-supereffective|p2a: Volcarona\n|-damage|p2a: Volcarona|62\/100 par\n|\n|t:|1700278962\n|switch|p1a: Arceus|Arceus-Grass|71\/100|[from] Volt Switch\n|\n|upkeep\n|turn|26\n|\n|t:|1700278969\n|-terastallize|p1a: Arceus|Poison\n|move|p1a: Arceus|Calm Mind|p1a: Arceus\n|-boost|p1a: Arceus|spa|1\n|-boost|p1a: Arceus|spd|1\n|move|p2a: Volcarona|Flamethrower|p1a: Arceus\n|-damage|p1a: Arceus|35\/100\n|\n|upkeep\n|turn|27\n|\n|t:|1700278977\n|move|p1a: Arceus|Recover|p1a: Arceus\n|-heal|p1a: Arceus|85\/100\n|move|p2a: Volcarona|Morning Sun|p2a: Volcarona\n|-heal|p2a: Volcarona|100\/100 par\n|\n|upkeep\n|turn|28\n|\n|t:|1700278988\n|switch|p2a: Landorus|Landorus, M|100\/100\n|-damage|p2a: Landorus|88\/100|[from] Stealth Rock\n|move|p1a: Arceus|Taunt|p2a: Landorus\n|-start|p2a: Landorus|move: Taunt\n|\n|upkeep\n|turn|29\n|\n|t:|1700278993\n|move|p1a: Arceus|Calm Mind|p1a: Arceus\n|-boost|p1a: Arceus|spa|1\n|-boost|p1a: Arceus|spd|1\n|move|p2a: Landorus|Earth Power|p1a: Arceus\n|-supereffective|p1a: Arceus\n|-damage|p1a: Arceus|40\/100\n|\n|upkeep\n|turn|30\n|\n|t:|1700279002\n|move|p1a: Arceus|Recover|p1a: Arceus\n|-heal|p1a: Arceus|90\/100\n|move|p2a: Landorus|Earth Power|p1a: Arceus\n|-supereffective|p1a: Arceus\n|-damage|p1a: Arceus|44\/100\n|\n|-end|p2a: Landorus|move: Taunt\n|upkeep\n|turn|31\n|\n|t:|1700279008\n|move|p1a: Arceus|Judgment|p2a: Landorus\n|-damage|p2a: Landorus|0 fnt\n|faint|p2a: Landorus\n|\n|upkeep\n|\n|t:|1700279016\n|switch|p2a: Goodra|Goodra-Hisui, M|48\/100\n|-damage|p2a: Goodra|42\/100|[from] Stealth Rock\n|turn|32\n|\n|t:|1700279019\n|move|p1a: Arceus|Recover|p1a: Arceus\n|-heal|p1a: Arceus|94\/100\n|move|p2a: Goodra|Dragon Tail|p1a: Arceus\n|-damage|p1a: Arceus|82\/100\n|drag|p1a: Torkoal|Torkoal, F|50\/100\n|-weather|SunnyDay|[from] ability: Drought|[of] p1a: Torkoal\n|\n|-weather|SunnyDay|[upkeep]\n|-heal|p2a: Goodra|48\/100|[from] item: Leftovers\n|upkeep\n|turn|33\n|\n|t:|1700279028\n|move|p2a: Goodra|Flash Cannon|p1a: Torkoal\n|-resisted|p1a: Torkoal\n|-damage|p1a: Torkoal|32\/100\n|move|p1a: Torkoal|Lava Plume|p2a: Goodra\n|-damage|p2a: Goodra|27\/100\n|-status|p2a: Goodra|brn\n|\n|-weather|SunnyDay|[upkeep]\n|-heal|p2a: Goodra|33\/100 brn|[from] item: Leftovers\n|-damage|p2a: Goodra|27\/100 brn|[from] brn\n|upkeep\n|turn|34\n|\n|t:|1700279030\n|switch|p2a: Magearna|Magearna|94\/100\n|-damage|p2a: Magearna|88\/100|[from] Stealth Rock\n|move|p1a: Torkoal|Lava Plume|p2a: Magearna\n|-supereffective|p2a: Magearna\n|-damage|p2a: Magearna|29\/100\n|-enditem|p2a: Magearna|Weakness Policy\n|-boost|p2a: Magearna|atk|2|[from] item: Weakness Policy\n|-boost|p2a: Magearna|spa|2|[from] item: Weakness Policy\n|\n|-weather|SunnyDay|[upkeep]\n|upkeep\n|turn|35\n|\n|t:|1700279050\n|move|p2a: Magearna|Calm Mind|p2a: Magearna\n|-boost|p2a: Magearna|spa|1\n|-boost|p2a: Magearna|spd|1\n|move|p1a: Torkoal|Lava Plume|p2a: Magearna\n|-supereffective|p2a: Magearna\n|-damage|p2a: Magearna|0 fnt\n|faint|p2a: Magearna\n|\n|-weather|SunnyDay|[upkeep]\n|upkeep\n|\n|t:|1700279060\n|switch|p2a: Volcarona|Volcarona, M, tera:Water|100\/100 par\n|turn|36\n|\n|t:|1700279071\n|switch|p1a: Magearna|Magearna-Original|49\/100\n|cant|p2a: Volcarona|par\n|\n|-weather|SunnyDay|[upkeep]\n|-heal|p1a: Magearna|55\/100|[from] item: Leftovers\n|upkeep\n|turn|37\n|\n|t:|1700279075\n|move|p1a: Magearna|Volt Switch|p2a: Volcarona\n|-supereffective|p2a: Volcarona\n|-damage|p2a: Volcarona|60\/100 par\n|\n|t:|1700279077\n|switch|p1a: Arceus|Arceus-Grass, tera:Poison|82\/100|[from] Volt Switch\n|move|p2a: Volcarona|Quiver Dance|p2a: Volcarona\n|-boost|p2a: Volcarona|spa|1\n|-boost|p2a: Volcarona|spd|1\n|-boost|p2a: Volcarona|spe|1\n|\n|-weather|SunnyDay|[upkeep]\n|upkeep\n|turn|38\n|\n|t:|1700279082\n|move|p1a: Arceus|Taunt|p2a: Volcarona\n|-start|p2a: Volcarona|move: Taunt\n|move|p2a: Volcarona|Flamethrower|p1a: Arceus\n|-damage|p1a: Arceus|22\/100\n|\n|-weather|SunnyDay|[upkeep]\n|upkeep\n|turn|39\n|\n|t:|1700279087\n|move|p1a: Arceus|Judgment|p2a: Volcarona\n|-supereffective|p2a: Volcarona\n|-damage|p2a: Volcarona|1\/100 par\n|cant|p2a: Volcarona|par\n|\n|-weather|none\n|upkeep\n|turn|40\n|\n|t:|1700279098\n|move|p1a: Arceus|Judgment|p2a: Volcarona\n|-supereffective|p2a: Volcarona\n|-damage|p2a: Volcarona|0 fnt\n|faint|p2a: Volcarona\n|\n|upkeep\n|\n|t:|1700279100\n|switch|p2a: Zamazenta|Zamazenta-Crowned|100\/100\n|-damage|p2a: Zamazenta|97\/100|[from] Stealth Rock\n|-ability|p2a: Zamazenta|Dauntless Shield|boost\n|-boost|p2a: Zamazenta|def|1\n|turn|41\n|\n|t:|1700279110\n|move|p2a: Zamazenta|Substitute|p2a: Zamazenta\n|-start|p2a: Zamazenta|Substitute\n|-damage|p2a: Zamazenta|72\/100\n|move|p1a: Arceus|Taunt|p2a: Zamazenta\n|-start|p2a: Zamazenta|move: Taunt\n|\n|upkeep\n|turn|42\n|\n|t:|1700279129\n|move|p2a: Zamazenta|Body Press|p1a: Arceus\n|-resisted|p1a: Arceus\n|-damage|p1a: Arceus|3\/100\n|move|p1a: Arceus|Recover|p1a: Arceus\n|-heal|p1a: Arceus|53\/100\n|\n|upkeep\n|turn|43\n|c|\u2606LhamaBoi|I hate you.\n|\n|t:|1700279139\n|move|p2a: Zamazenta|Body Press|p1a: Arceus\n|-resisted|p1a: Arceus\n|-damage|p1a: Arceus|34\/100\n|move|p1a: Arceus|Judgment|p2a: Zamazenta\n|-resisted|p2a: Zamazenta\n|-activate|p2a: Zamazenta|move: Substitute|[damage]\n|\n|upkeep\n|turn|44\n|\n|t:|1700279148\n|move|p2a: Zamazenta|Body Press|p1a: Arceus\n|-resisted|p1a: Arceus\n|-damage|p1a: Arceus|15\/100\n|move|p1a: Arceus|Calm Mind|p1a: Arceus\n|-boost|p1a: Arceus|spa|1\n|-boost|p1a: Arceus|spd|1\n|\n|-end|p2a: Zamazenta|move: Taunt\n|upkeep\n|turn|45\n|\n|t:|1700279154\n|move|p2a: Zamazenta|Iron Defense|p2a: Zamazenta\n|-boost|p2a: Zamazenta|def|2\n|move|p1a: Arceus|Recover|p1a: Arceus\n|-heal|p1a: Arceus|65\/100\n|\n|upkeep\n|turn|46\n|\n|t:|1700279158\n|move|p2a: Zamazenta|Iron Defense|p2a: Zamazenta\n|-boost|p2a: Zamazenta|def|2\n|move|p1a: Arceus|Judgment|p2a: Zamazenta\n|-resisted|p2a: Zamazenta\n|-end|p2a: Zamazenta|Substitute\n|\n|upkeep\n|turn|47\n|\n|t:|1700279165\n|move|p2a: Zamazenta|Substitute|p2a: Zamazenta\n|-start|p2a: Zamazenta|Substitute\n|-damage|p2a: Zamazenta|47\/100\n|move|p1a: Arceus|Judgment|p2a: Zamazenta\n|-resisted|p2a: Zamazenta\n|-activate|p2a: Zamazenta|move: Substitute|[damage]\n|\n|upkeep\n|turn|48\n|\n|t:|1700279171\n|move|p2a: Zamazenta|Body Press|p1a: Arceus\n|-resisted|p1a: Arceus\n|-damage|p1a: Arceus|23\/100\n|move|p1a: Arceus|Judgment|p2a: Zamazenta\n|-resisted|p2a: Zamazenta\n|-end|p2a: Zamazenta|Substitute\n|\n|upkeep\n|turn|49\n|\n|t:|1700279176\n|move|p2a: Zamazenta|Body Press|p1a: Arceus\n|-resisted|p1a: Arceus\n|-damage|p1a: Arceus|0 fnt\n|faint|p1a: Arceus\n|\n|upkeep\n|\n|t:|1700279179\n|switch|p1a: Torkoal|Torkoal, F|32\/100\n|-weather|SunnyDay|[from] ability: Drought|[of] p1a: Torkoal\n|turn|50\n|\n|t:|1700279184\n|move|p2a: Zamazenta|Body Press|p1a: Torkoal\n|-damage|p1a: Torkoal|0 fnt\n|faint|p1a: Torkoal\n|\n|-weather|SunnyDay|[upkeep]\n|upkeep\n|\n|t:|1700279187\n|switch|p1a: Walking Wake|Walking Wake|35\/100\n|-activate|p1a: Walking Wake|ability: Protosynthesis\n|-start|p1a: Walking Wake|protosynthesisspe\n|turn|51\n|\n|t:|1700279196\n|move|p1a: Walking Wake|Hydro Steam|p2a: Zamazenta\n|-damage|p2a: Zamazenta|0 fnt\n|faint|p2a: Zamazenta\n|\n|-weather|SunnyDay|[upkeep]\n|upkeep\n|\n|t:|1700279199\n|switch|p2a: Goodra|Goodra-Hisui, M|27\/100 brn\n|-damage|p2a: Goodra|21\/100 brn|[from] Stealth Rock\n|turn|52\n|\n|t:|1700279202\n|move|p1a: Walking Wake|Hydro Steam|p2a: Goodra\n|-resisted|p2a: Goodra\n|-damage|p2a: Goodra|0 fnt\n|faint|p2a: Goodra\n|\n|win|Spectrum725\n|c|\u2606Spectrum725|p\n|c|\u2606LhamaBoi|Sigh\n|c|\u2606LhamaBoi|Run it back\n|c|\u2606Spectrum725|gg1\n|c|\u2606LhamaBoi|Gg\n","uploadtime":1700279212,"views":22,"p1id":"spectrum725","p2id":"lhamaboi","formatid":"gen9ubers","rating":0,"private":0,"password":""}