{"id":"gen9ubers-1999354997","p1":"Pickedman","p2":"Pennys No.1 Fan","format":"[Gen 9] Ubers","log":"|j|\u2606Pickedman\n|j|\u2606Pennys No.1 Fan\n|t:|1701065615\n|gametype|singles\n|player|p1|Pickedman|zinnia|\n|player|p2|Pennys No.1 Fan|penny|\n|teamsize|p1|6\n|teamsize|p2|6\n|gen|9\n|tier|[Gen 9] Ubers\n|rule|Sleep Clause Mod: Limit one foe put to sleep\n|rule|Species Clause: Limit one of each Pok\u00e9mon\n|rule|OHKO Clause: OHKO moves are banned\n|rule|Evasion Items Clause: Evasion items are banned\n|rule|Evasion Moves Clause: Evasion moves are banned\n|rule|Endless Battle Clause: Forcing endless battles is banned\n|rule|HP Percentage Mod: HP is shown in percentages\n|clearpoke\n|poke|p1|Dragonite, F|\n|poke|p1|Walking Wake|\n|poke|p1|Glimmora, M|\n|poke|p1|Landorus-Therian, M|\n|poke|p1|Annihilape, F|\n|poke|p1|Greninja-*, M|\n|poke|p2|Hatterene, F|\n|poke|p2|Slowking-Galar, M|\n|poke|p2|Alomomola, F|\n|poke|p2|Calyrex-Ice|\n|poke|p2|Weezing-Galar, M|\n|poke|p2|Zoroark-Hisui, F|\n|teampreview\n|inactive|Battle timer is ON: inactive players will automatically lose when time's up. (requested by Pennys No.1 Fan)\n|\n|t:|1701065630\n|start\n|switch|p1a: Glimmora|Glimmora, M|100\/100\n|switch|p2a: THE META|Slowking-Galar, M, shiny|100\/100\n|turn|1\n|\n|t:|1701065636\n|move|p1a: Glimmora|Spikes|p2a: THE META\n|-sidestart|p2: Pennys No.1 Fan|Spikes\n|move|p2a: THE META|Chilly Reception|p2a: THE META\n|-weather|Snow\n|\n|t:|1701065647\n|switch|p2a: Icelex|Calyrex-Ice|100\/100|[from] Chilly Reception\n|-ability|p2a: Icelex|As One\n|-ability|p2a: Icelex|Unnerve\n|-damage|p2a: Icelex|88\/100|[from] Spikes\n|\n|-weather|Snow|[upkeep]\n|upkeep\n|turn|2\n|inactive|Pickedman has 270 seconds left.\n|\n|t:|1701065679\n|move|p1a: Glimmora|Spikes|p2a: Icelex\n|-sidestart|p2: Pennys No.1 Fan|Spikes\n|move|p2a: Icelex|Agility|p2a: Icelex\n|-boost|p2a: Icelex|spe|2\n|\n|-weather|Snow|[upkeep]\n|upkeep\n|turn|3\n|\n|t:|1701065690\n|move|p2a: Icelex|Stored Power|p1a: Glimmora\n|-supereffective|p1a: Glimmora\n|-damage|p1a: Glimmora|45\/100\n|move|p1a: Glimmora|Spikes|p2a: Icelex\n|-sidestart|p2: Pennys No.1 Fan|Spikes\n|\n|-weather|Snow|[upkeep]\n|upkeep\n|turn|4\n|inactive|Pickedman has 270 seconds left.\n|\n|t:|1701065725\n|move|p2a: Icelex|Iron Defense|p2a: Icelex\n|-boost|p2a: Icelex|def|2\n|move|p1a: Glimmora|Mortal Spin|p2a: Icelex\n|-damage|p2a: Icelex|86\/100\n|-status|p2a: Icelex|psn\n|\n|-weather|Snow|[upkeep]\n|-damage|p2a: Icelex|74\/100 psn|[from] psn\n|upkeep\n|turn|5\n|\n|t:|1701065730\n|move|p2a: Icelex|Stored Power|p1a: Glimmora\n|-supereffective|p1a: Glimmora\n|-damage|p1a: Glimmora|0 fnt\n|faint|p1a: Glimmora\n|-ability|p2a: Icelex|Chilling Neigh|boost\n|-boost|p2a: Icelex|atk|1\n|\n|-weather|none\n|-damage|p2a: Icelex|62\/100 psn|[from] psn\n|upkeep\n|\n|t:|1701065734\n|switch|p1a: Annihilape|Annihilape, F|100\/100\n|turn|6\n|\n|t:|1701065739\n|-terastallize|p2a: Icelex|Fairy\n|move|p2a: Icelex|Draining Kiss|p1a: Annihilape\n|-supereffective|p1a: Annihilape\n|-damage|p1a: Annihilape|66\/100\n|-heal|p2a: Icelex|91\/100 psn|[from] drain|[of] p1a: Annihilape\n|move|p1a: Annihilape|Taunt|p2a: Icelex\n|-start|p2a: Icelex|move: Taunt\n|\n|-heal|p1a: Annihilape|72\/100|[from] item: Leftovers\n|-damage|p2a: Icelex|79\/100 psn|[from] psn\n|upkeep\n|turn|7\n|\n|t:|1701065747\n|move|p2a: Icelex|Stored Power|p1a: Annihilape\n|-supereffective|p1a: Annihilape\n|-damage|p1a: Annihilape|13\/100\n|move|p1a: Annihilape|Night Shade|p2a: Icelex\n|-damage|p2a: Icelex|52\/100 psn\n|\n|-heal|p1a: Annihilape|19\/100|[from] item: Leftovers\n|-damage|p2a: Icelex|39\/100 psn|[from] psn\n|upkeep\n|turn|8\n|\n|t:|1701065755\n|move|p2a: Icelex|Draining Kiss|p1a: Annihilape\n|-supereffective|p1a: Annihilape\n|-crit|p1a: Annihilape\n|-damage|p1a: Annihilape|0 fnt\n|-heal|p2a: Icelex|55\/100 psn|[from] drain|[of] p1a: Annihilape\n|faint|p1a: Annihilape\n|-ability|p2a: Icelex|Chilling Neigh|boost\n|-boost|p2a: Icelex|atk|1\n|\n|-damage|p2a: Icelex|43\/100 psn|[from] psn\n|upkeep\n|\n|t:|1701065763\n|switch|p1a: Dragonite|Dragonite, F|100\/100\n|turn|9\n|\n|t:|1701065767\n|move|p2a: Icelex|Stored Power|p1a: Dragonite\n|-damage|p1a: Dragonite|69\/100\n|move|p1a: Dragonite|Hurricane|p2a: Icelex\n|-damage|p2a: Icelex|2\/100 psn\n|-start|p2a: Icelex|confusion\n|\n|-damage|p2a: Icelex|0 fnt|[from] psn\n|faint|p2a: Icelex\n|upkeep\n|\n|t:|1701065772\n|switch|p2a: Ol' Geezer|Weezing-Galar, M|100\/100\n|turn|10\n|\n|t:|1701065776\n|move|p1a: Dragonite|Hurricane|p2a: Ol' Geezer|[miss]\n|-miss|p1a: Dragonite|p2a: Ol' Geezer\n|move|p2a: Ol' Geezer|Defog|p1a: Dragonite\n|-unboost|p1a: Dragonite|evasion|1\n|-sideend|p2: Pennys No.1 Fan|Spikes|[from] move: Defog|[of] p2a: Ol' Geezer\n|\n|upkeep\n|turn|11\n|\n|t:|1701065786\n|move|p1a: Dragonite|Hurricane|p2a: Ol' Geezer|[miss]\n|-miss|p1a: Dragonite|p2a: Ol' Geezer\n|move|p2a: Ol' Geezer|Strange Steam|p1a: Dragonite\n|-supereffective|p1a: Dragonite\n|-damage|p1a: Dragonite|13\/100\n|\n|upkeep\n|turn|12\n|\n|t:|1701065793\n|move|p1a: Dragonite|Hurricane|p2a: Ol' Geezer|[miss]\n|-miss|p1a: Dragonite|p2a: Ol' Geezer\n|move|p2a: Ol' Geezer|Clear Smog|p1a: Dragonite\n|-damage|p1a: Dragonite|0 fnt\n|-clearboost|p1a: Dragonite\n|faint|p1a: Dragonite\n|\n|upkeep\n|c|\u2606Pennys No.1 Fan|damn.\n|inactive|Pickedman has 270 seconds left.\n|c|\u2606Pickedman|thanks dragonite\n|\n|t:|1701065833\n|switch|p1a: Walking Wake|Walking Wake|100\/100\n|turn|13\n|\n|t:|1701065838\n|move|p1a: Walking Wake|Flip Turn|p2a: Ol' Geezer\n|-damage|p2a: Ol' Geezer|71\/100\n|\n|t:|1701065841\n|-end|p1a: Walking Wake|Protosynthesis|[silent]\n|switch|p1a: Landorus|Landorus-Therian, M|100\/100|[from] Flip Turn\n|-ability|p1a: Landorus|Intimidate|boost\n|-unboost|p2a: Ol' Geezer|atk|1\n|move|p2a: Ol' Geezer|Will-O-Wisp|p1a: Landorus\n|-status|p1a: Landorus|brn\n|\n|-heal|p2a: Ol' Geezer|77\/100|[from] item: Leftovers\n|-damage|p1a: Landorus|94\/100 brn|[from] brn\n|upkeep\n|turn|14\n|c|\u2606Pennys No.1 Fan|neveruse dragamid\n|\n|t:|1701065862\n|move|p1a: Landorus|Psychic|p2a: Ol' Geezer\n|-supereffective|p2a: Ol' Geezer\n|-damage|p2a: Ol' Geezer|0 fnt\n|faint|p2a: Ol' Geezer\n|\n|-damage|p1a: Landorus|88\/100 brn|[from] brn\n|upkeep\n|\n|t:|1701065868\n|switch|p2a: THE META|Slowking-Galar, M, shiny|100\/100\n|turn|15\n|c|\u2606Pickedman|true\n|c|\u2606Pickedman|mence solos i fear\n|\n|t:|1701065876\n|move|p2a: THE META|Poltergeist|p1a: Landorus\n|-activate|p1a: Landorus|move: Poltergeist|Choice Specs\n|-damage|p1a: Landorus|14\/100 brn\n|move|p1a: Landorus|Psychic|p2a: THE META\n|-damage|p2a: THE META|4\/100\n|replace|p2a: Fooled Ya!|Zoroark-Hisui, F\n|-end|p2a: Fooled Ya!|Illusion\n|\n|-damage|p1a: Landorus|8\/100 brn|[from] brn\n|upkeep\n|turn|16\n|\n|t:|1701065881\n|move|p2a: Fooled Ya!|Poltergeist|p1a: Landorus\n|-activate|p1a: Landorus|move: Poltergeist|Choice Specs\n|-damage|p1a: Landorus|0 fnt\n|faint|p1a: Landorus\n|\n|upkeep\n|\n|t:|1701065886\n|switch|p1a: Walking Wake|Walking Wake|100\/100\n|turn|17\n|\n|t:|1701065895\n|move|p2a: Fooled Ya!|Poltergeist|p1a: Walking Wake\n|-activate|p1a: Walking Wake|move: Poltergeist|Choice Band\n|-damage|p1a: Walking Wake|25\/100\n|move|p1a: Walking Wake|Flip Turn|p2a: Fooled Ya!\n|-damage|p2a: Fooled Ya!|0 fnt\n|faint|p2a: Fooled Ya!\n|\n|t:|1701065901\n|-end|p1a: Walking Wake|Protosynthesis|[silent]\n|switch|p1a: Greninja|Greninja, M|100\/100|[from] Flip Turn\n|\n|upkeep\n|\n|t:|1701065929\n|switch|p2a: The better SD user|Hatterene, F, shiny|100\/100\n|turn|18\n|\n|t:|1701065938\n|move|p1a: Greninja|Gunk Shot|p2a: The better SD user|[miss]\n|-start|p1a: Greninja|typechange|Poison|[from] ability: Protean\n|-miss|p1a: Greninja|p2a: The better SD user\n|move|p2a: The better SD user|Trick Room|p2a: The better SD user\n|-fieldstart|move: Trick Room|[of] p2a: The better SD user\n|\n|upkeep\n|turn|19\n|c|\u2606Pickedman|ok buddy\n|\n|t:|1701065952\n|switch|p2a: Alolololololo|Alomomola, F|100\/100\n|move|p1a: Greninja|Gunk Shot|p2a: Alolololololo\n|-damage|p2a: Alolololololo|63\/100\n|\n|upkeep\n|turn|20\n|\n|t:|1701065957\n|move|p2a: Alolololololo|Whirlpool|p1a: Greninja|[miss]\n|-miss|p2a: Alolololololo|p1a: Greninja\n|move|p1a: Greninja|Gunk Shot|p2a: Alolololololo\n|-damage|p2a: Alolololololo|22\/100\n|-status|p2a: Alolololololo|psn\n|\n|-damage|p2a: Alolololololo|10\/100 psn|[from] psn\n|upkeep\n|turn|21\n|\n|t:|1701065963\n|move|p2a: Alolololololo|Wish|p2a: Alolololololo\n|move|p1a: Greninja|Gunk Shot|p2a: Alolololololo|[miss]\n|-miss|p1a: Greninja|p2a: Alolololololo\n|\n|-damage|p2a: Alolololololo|0 fnt|[from] psn\n|faint|p2a: Alolololololo\n|upkeep\n|\n|t:|1701065968\n|switch|p2a: THE META|Slowking-Galar, M, shiny|100\/100\n|turn|22\n|c|\u2606Pennys No.1 Fan|okay pal\n|\n|t:|1701065975\n|move|p2a: THE META|Foul Play|p1a: Greninja\n|-damage|p1a: Greninja|55\/100\n|move|p1a: Greninja|Gunk Shot|p2a: THE META\n|-resisted|p2a: THE META\n|-damage|p2a: THE META|64\/100\n|\n|-heal|p2a: THE META|100\/100|[from] move: Wish|[wisher] Alolololololo\n|-fieldend|move: Trick Room\n|upkeep\n|turn|23\n|\n|t:|1701065980\n|move|p1a: Greninja|Gunk Shot|p2a: THE META\n|-resisted|p2a: THE META\n|-damage|p2a: THE META|61\/100\n|move|p2a: THE META|Foul Play|p1a: Greninja\n|-damage|p1a: Greninja|12\/100\n|\n|upkeep\n|turn|24\n|\n|t:|1701065987\n|move|p1a: Greninja|Gunk Shot|p2a: THE META\n|-resisted|p2a: THE META\n|-damage|p2a: THE META|23\/100\n|move|p2a: THE META|Foul Play|p1a: Greninja\n|-damage|p1a: Greninja|0 fnt\n|faint|p1a: Greninja\n|\n|upkeep\n|\n|t:|1701065990\n|switch|p1a: Walking Wake|Walking Wake|25\/100\n|turn|25\n|\n|t:|1701065996\n|switch|p2a: The better SD user|Hatterene, F, shiny|100\/100\n|-terastallize|p1a: Walking Wake|Water\n|move|p1a: Walking Wake|Liquidation|p2a: The better SD user\n|-damage|p2a: The better SD user|26\/100\n|\n|upkeep\n|turn|26\n|\n|t:|1701066002\n|move|p1a: Walking Wake|Liquidation|p2a: The better SD user\n|-damage|p2a: The better SD user|0 fnt\n|faint|p2a: The better SD user\n|\n|upkeep\n|\n|t:|1701066004\n|switch|p2a: THE META|Slowking-Galar, M, shiny|56\/100\n|turn|27\n|\n|t:|1701066007\n|move|p1a: Walking Wake|Liquidation|p2a: THE META\n|-damage|p2a: THE META|0 fnt\n|faint|p2a: THE META\n|\n|win|Pickedman\n|c|\u2606Pickedman|ggwp\n|c|\u2606Pennys No.1 Fan|ggwp\n","uploadtime":1701066013,"views":14,"p1id":"pickedman","p2id":"pennysno1fan","formatid":"gen9ubers","rating":0,"private":0,"password":""}