{"id":"gen9ubers-1989331203","p1":"KingDuns","p2":"guner9542","format":"[Gen 9] Ubers","log":"|j|\u2606KingDuns\n|j|\u2606guner9542\n|t:|1699837232\n|gametype|singles\n|player|p1|KingDuns|hero2-conquest|\n|player|p2|guner9542|crasherwake|\n|teamsize|p1|6\n|teamsize|p2|6\n|gen|9\n|tier|[Gen 9] Ubers\n|rule|Sleep Clause Mod: Limit one foe put to sleep\n|rule|Species Clause: Limit one of each Pok\u00e9mon\n|rule|OHKO Clause: OHKO moves are banned\n|rule|Evasion Items Clause: Evasion items are banned\n|rule|Evasion Moves Clause: Evasion moves are banned\n|rule|Endless Battle Clause: Forcing endless battles is banned\n|rule|HP Percentage Mod: HP is shown in percentages\n|clearpoke\n|poke|p1|Gengar, F|\n|poke|p1|Ludicolo, F|\n|poke|p1|Decidueye, F|\n|poke|p1|Klefki, M|\n|poke|p1|Torkoal, F|\n|poke|p1|Roaring Moon|\n|poke|p2|Iron Valiant|\n|poke|p2|Gliscor, M|\n|poke|p2|Greninja-*, F|\n|poke|p2|Abomasnow, M|\n|poke|p2|Kleavor, F|\n|poke|p2|Rillaboom, M|\n|teampreview\n|j| DerekGrish\n|j| Derpyderk\n|j| MaxiumMeda\n|j| BossShuckle\n|c| BossShuckle|pat said brb\n|c|\u2606KingDuns|Hoe\n|c|\u2606KingDuns|He forfeits a mon\n|c|\u2606guner9542|Im back\n|c| BossShuckle|he back start\n|\n|t:|1699837314\n|start\n|switch|p1a: Key to your Butt|Klefki, M|100\/100\n|switch|p2a: Kleavor|Kleavor, F|100\/100\n|turn|1\n|j| onlytestingstuff\n|inactive|Battle timer is ON: inactive players will automatically lose when time's up. (requested by KingDuns)\n|inactive|guner9542 has 270 seconds left.\n|inactive|guner9542 has 240 seconds left.\n|\n|t:|1699837380\n|move|p1a: Key to your Butt|Switcheroo|p2a: Kleavor\n|-activate|p1a: Key to your Butt|move: Trick|[of] p2a: Kleavor\n|-item|p2a: Kleavor|Flame Orb|[from] move: Switcheroo\n|-item|p1a: Key to your Butt|Stone Plate|[from] move: Switcheroo\n|move|p2a: Kleavor|Stone Axe|p1a: Key to your Butt\n|-resisted|p1a: Key to your Butt\n|-damage|p1a: Key to your Butt|76\/100\n|-sidestart|p1: KingDuns|move: Stealth Rock\n|\n|-status|p2a: Kleavor|brn|[from] item: Flame Orb\n|upkeep\n|turn|2\n|\n|t:|1699837400\n|switch|p2a: Abomasnow|Abomasnow, M|100\/100\n|-weather|Snow|[from] ability: Snow Warning|[of] p2a: Abomasnow\n|move|p1a: Key to your Butt|Switcheroo|p2a: Abomasnow\n|-activate|p1a: Key to your Butt|move: Trick|[of] p2a: Abomasnow\n|-item|p2a: Abomasnow|Stone Plate|[from] move: Switcheroo\n|-item|p1a: Key to your Butt|Light Clay|[from] move: Switcheroo\n|\n|-weather|Snow|[upkeep]\n|upkeep\n|turn|3\n|\n|t:|1699837408\n|switch|p1a: Gengarglin'balls|Gengar, F, shiny|100\/100\n|-damage|p1a: Gengarglin'balls|88\/100|[from] Stealth Rock\n|move|p2a: Abomasnow|Leech Seed|p1a: Gengarglin'balls\n|-start|p1a: Gengarglin'balls|move: Leech Seed\n|\n|-weather|Snow|[upkeep]\n|-damage|p1a: Gengarglin'balls|76\/100|[from] Leech Seed|[of] p2a: Abomasnow\n|upkeep\n|turn|4\n|inactive|guner9542 has 270 seconds left.\n|inactive|guner9542 has 240 seconds left.\n|\n|t:|1699837494\n|switch|p2a: Gliscor|Gliscor, M|100\/100\n|move|p1a: Gengarglin'balls|Toxic Spikes|p2a: Gliscor\n|-sidestart|p2: guner9542|move: Toxic Spikes\n|\n|-weather|Snow|[upkeep]\n|-damage|p1a: Gengarglin'balls|64\/100|[from] Leech Seed|[of] p2a: Gliscor\n|-status|p2a: Gliscor|tox|[from] item: Toxic Orb\n|upkeep\n|turn|5\n|inactive|KingDuns has 270 seconds left.\n|inactive|guner9542 has 210 seconds left.\n|j| tom chwando\n|\n|t:|1699837543\n|move|p1a: Gengarglin'balls|Toxic Spikes|p2a: Gliscor\n|-sidestart|p2: guner9542|move: Toxic Spikes\n|move|p2a: Gliscor|Earthquake|p1a: Gengarglin'balls\n|-supereffective|p1a: Gengarglin'balls\n|-damage|p1a: Gengarglin'balls|0 fnt\n|faint|p1a: Gengarglin'balls\n|\n|-weather|Snow|[upkeep]\n|upkeep\n|\n|t:|1699837547\n|switch|p1a: Roaring Toot|Roaring Moon|100\/100\n|-damage|p1a: Roaring Toot|88\/100|[from] Stealth Rock\n|turn|6\n|inactive|guner9542 has 210 seconds left.\n|inactive|guner9542 has 180 seconds left.\n|\n|t:|1699837586\n|move|p2a: Gliscor|Protect|p2a: Gliscor\n|-singleturn|p2a: Gliscor|Protect\n|move|p1a: Roaring Toot|Jaw Lock|p2a: Gliscor\n|-activate|p2a: Gliscor|move: Protect\n|\n|-weather|none\n|upkeep\n|turn|7\n|inactive|guner9542 has 180 seconds left.\n|\n|t:|1699837600\n|move|p1a: Roaring Toot|Jaw Lock|p2a: Gliscor\n|-damage|p2a: Gliscor|74\/100 tox\n|-activate|p1a: Roaring Toot|trapped\n|-activate|p2a: Gliscor|trapped\n|move|p2a: Gliscor|Counter|p1a: Roaring Toot\n|-damage|p1a: Roaring Toot|35\/100\n|\n|-heal|p2a: Gliscor|86\/100 tox|[from] ability: Poison Heal\n|upkeep\n|turn|8\n|inactive|guner9542 has 180 seconds left.\n|\n|t:|1699837637\n|move|p1a: Roaring Toot|Dragon Dance|p1a: Roaring Toot\n|-boost|p1a: Roaring Toot|atk|1\n|-boost|p1a: Roaring Toot|spe|1\n|move|p2a: Gliscor|Earthquake|p1a: Roaring Toot\n|-damage|p1a: Roaring Toot|0 fnt\n|faint|p1a: Roaring Toot\n|-end|p1a: Roaring Toot|Protosynthesis|[silent]\n|\n|-heal|p2a: Gliscor|99\/100 tox|[from] ability: Poison Heal\n|upkeep\n|\n|t:|1699837641\n|switch|p1a: Key to your Butt|Klefki, M|76\/100\n|-damage|p1a: Key to your Butt|70\/100|[from] Stealth Rock\n|turn|9\n|\n|t:|1699837650\n|move|p2a: Gliscor|Protect|p2a: Gliscor\n|-singleturn|p2a: Gliscor|Protect\n|move|p1a: Key to your Butt|Switcheroo|p2a: Gliscor\n|-activate|p2a: Gliscor|move: Protect\n|\n|-heal|p2a: Gliscor|100\/100 tox|[from] ability: Poison Heal\n|upkeep\n|turn|10\n|\n|t:|1699837659\n|switch|p2a: Kleavor|Kleavor, F|100\/100 brn\n|move|p1a: Key to your Butt|Switcheroo|p2a: Kleavor\n|-activate|p1a: Key to your Butt|move: Trick|[of] p2a: Kleavor\n|-item|p2a: Kleavor|Light Clay|[from] move: Switcheroo\n|-item|p1a: Key to your Butt|Flame Orb|[from] move: Switcheroo\n|\n|-damage|p2a: Kleavor|94\/100 brn|[from] brn\n|-status|p1a: Key to your Butt|brn|[from] item: Flame Orb\n|upkeep\n|turn|11\n|inactive|guner9542 has 150 seconds left.\n|\n|t:|1699837700\n|switch|p1a: Flow|Torkoal, F|100\/100\n|-damage|p1a: Flow|76\/100|[from] Stealth Rock\n|move|p2a: Kleavor|Defog|p1a: Flow\n|-unboost|p1a: Flow|evasion|1\n|-sideend|p1: KingDuns|Stealth Rock|[from] move: Defog|[of] p2a: Kleavor\n|-sideend|p2: guner9542|Toxic Spikes|[from] move: Defog|[of] p2a: Kleavor\n|\n|-heal|p1a: Flow|82\/100|[from] item: Leftovers\n|-damage|p2a: Kleavor|88\/100 brn|[from] brn\n|upkeep\n|turn|12\n|\n|t:|1699837722\n|move|p2a: Kleavor|Stone Axe|p1a: Flow\n|-supereffective|p1a: Flow\n|-damage|p1a: Flow|47\/100\n|-sidestart|p1: KingDuns|move: Stealth Rock\n|move|p1a: Flow|Fire Spin|p2a: Kleavor|[miss]\n|-miss|p1a: Flow|p2a: Kleavor\n|\n|-heal|p1a: Flow|53\/100|[from] item: Leftovers\n|-damage|p2a: Kleavor|82\/100 brn|[from] brn\n|upkeep\n|turn|13\n|\n|t:|1699837730\n|move|p1a: Flow|Protect|p1a: Flow\n|-singleturn|p1a: Flow|Protect\n|move|p2a: Kleavor|Stone Axe|p1a: Flow\n|-activate|p1a: Flow|move: Protect\n|\n|-heal|p1a: Flow|59\/100|[from] item: Leftovers\n|-damage|p2a: Kleavor|76\/100 brn|[from] brn\n|upkeep\n|turn|14\n|\n|t:|1699837734\n|move|p2a: Kleavor|Stone Axe|p1a: Flow\n|-supereffective|p1a: Flow\n|-damage|p1a: Flow|26\/100\n|move|p1a: Flow|Rapid Spin|p2a: Kleavor\n|-resisted|p2a: Kleavor\n|-damage|p2a: Kleavor|72\/100 brn\n|-boost|p1a: Flow|spe|1\n|-sideend|p1: KingDuns|Stealth Rock|[from] move: Rapid Spin|[of] p1a: Flow\n|\n|-heal|p1a: Flow|33\/100|[from] item: Leftovers\n|-damage|p2a: Kleavor|66\/100 brn|[from] brn\n|upkeep\n|turn|15\n|inactive|guner9542 has 150 seconds left.\n|\n|t:|1699837742\n|move|p1a: Flow|Protect|p1a: Flow\n|-singleturn|p1a: Flow|Protect\n|move|p2a: Kleavor|Stone Axe|p1a: Flow\n|-activate|p1a: Flow|move: Protect\n|\n|-heal|p1a: Flow|39\/100|[from] item: Leftovers\n|-damage|p2a: Kleavor|59\/100 brn|[from] brn\n|upkeep\n|turn|16\n|\n|t:|1699837748\n|move|p2a: Kleavor|Stone Axe|p1a: Flow\n|-supereffective|p1a: Flow\n|-damage|p1a: Flow|5\/100\n|-sidestart|p1: KingDuns|move: Stealth Rock\n|move|p1a: Flow|Fire Spin|p2a: Kleavor\n|-damage|p2a: Kleavor|44\/100 brn\n|-activate|p2a: Kleavor|move: Fire Spin|[of] p1a: Flow\n|\n|-heal|p1a: Flow|12\/100|[from] item: Leftovers\n|-damage|p2a: Kleavor|38\/100 brn|[from] brn\n|-damage|p2a: Kleavor|25\/100 brn|[from] move: Fire Spin|[partiallytrapped]\n|upkeep\n|turn|17\n|\n|t:|1699837756\n|move|p1a: Flow|Protect|p1a: Flow\n|-singleturn|p1a: Flow|Protect\n|move|p2a: Kleavor|Stone Axe|p1a: Flow\n|-activate|p1a: Flow|move: Protect\n|\n|-heal|p1a: Flow|18\/100|[from] item: Leftovers\n|-damage|p2a: Kleavor|19\/100 brn|[from] brn\n|-damage|p2a: Kleavor|7\/100 brn|[from] move: Fire Spin|[partiallytrapped]\n|upkeep\n|turn|18\n|inactive|guner9542 has 150 seconds left.\n|\n|t:|1699837783\n|switch|p1a: Key to your Butt|Klefki, M|70\/100 brn\n|-damage|p1a: Key to your Butt|64\/100 brn|[from] Stealth Rock\n|move|p2a: Kleavor|Stone Axe|p1a: Key to your Butt\n|-resisted|p1a: Key to your Butt\n|-damage|p1a: Key to your Butt|53\/100 brn\n|\n|-damage|p2a: Kleavor|1\/100 brn|[from] brn\n|-damage|p1a: Key to your Butt|47\/100 brn|[from] brn\n|-end|p2a: Kleavor|Fire Spin|[partiallytrapped]|[silent]\n|upkeep\n|turn|19\n|inactive|guner9542 has 150 seconds left.\n|\n|t:|1699837793\n|switch|p2a: Abomasnow|Abomasnow, M|100\/100\n|-weather|Snow|[from] ability: Snow Warning|[of] p2a: Abomasnow\n|move|p1a: Key to your Butt|Protect||[still]\n|-fail|p1a: Key to your Butt\n|\n|-weather|Snow|[upkeep]\n|-damage|p1a: Key to your Butt|41\/100 brn|[from] brn\n|upkeep\n|turn|20\n|\n|t:|1699837800\n|move|p1a: Key to your Butt|Switcheroo|p2a: Abomasnow\n|-activate|p1a: Key to your Butt|move: Trick|[of] p2a: Abomasnow\n|-item|p2a: Abomasnow|Flame Orb|[from] move: Switcheroo\n|-item|p1a: Key to your Butt|Stone Plate|[from] move: Switcheroo\n|move|p2a: Abomasnow|Leech Seed|p1a: Key to your Butt\n|-start|p1a: Key to your Butt|move: Leech Seed\n|\n|-weather|Snow|[upkeep]\n|-damage|p1a: Key to your Butt|29\/100 brn|[from] Leech Seed|[of] p2a: Abomasnow\n|-damage|p1a: Key to your Butt|23\/100 brn|[from] brn\n|-status|p2a: Abomasnow|brn|[from] item: Flame Orb\n|upkeep\n|turn|21\n|inactive|guner9542 has 150 seconds left.\n|inactive|guner9542 has 120 seconds left.\n|\n|t:|1699837850\n|switch|p1a: Flow|Torkoal, F|18\/100\n|-damage|p1a: Flow|0 fnt|[from] Stealth Rock\n|faint|p1a: Flow\n|switch|p2a: Rillaboom|Rillaboom, M|100\/100\n|-fieldstart|move: Grassy Terrain|[from] ability: Grassy Surge|[of] p2a: Rillaboom\n|\n|-weather|Snow|[upkeep]\n|upkeep\n|\n|t:|1699837863\n|switch|p1a: Decidudie|Decidueye, F, shiny|100\/100\n|turn|22\n|inactive|guner9542 has 120 seconds left.\n|\n|t:|1699837882\n|move|p2a: Rillaboom|Swords Dance|p2a: Rillaboom\n|-boost|p2a: Rillaboom|atk|2\n|move|p1a: Decidudie|Spirit Shackle|p2a: Rillaboom\n|-damage|p2a: Rillaboom|69\/100\n|-activate|p2a: Rillaboom|trapped\n|\n|-weather|Snow|[upkeep]\n|-heal|p2a: Rillaboom|75\/100|[from] Grassy Terrain\n|upkeep\n|turn|23\n|\n|t:|1699837889\n|move|p2a: Rillaboom|Wood Hammer|p1a: Decidudie\n|-resisted|p1a: Decidudie\n|-damage|p1a: Decidudie|9\/100\n|-damage|p2a: Rillaboom|44\/100|[from] Recoil\n|-damage|p2a: Rillaboom|34\/100|[from] item: Life Orb\n|move|p1a: Decidudie|Haze|p1a: Decidudie\n|-clearallboost\n|\n|-weather|none\n|-heal|p2a: Rillaboom|40\/100|[from] Grassy Terrain\n|-heal|p1a: Decidudie|15\/100|[from] Grassy Terrain\n|upkeep\n|turn|24\n|\n|t:|1699837896\n|move|p2a: Rillaboom|Grassy Glide|p1a: Decidudie\n|-resisted|p1a: Decidudie\n|-damage|p1a: Decidudie|0 fnt\n|faint|p1a: Decidudie\n|-damage|p2a: Rillaboom|31\/100|[from] item: Life Orb\n|\n|-heal|p2a: Rillaboom|37\/100|[from] Grassy Terrain\n|upkeep\n|\n|t:|1699837898\n|switch|p1a: Ricardo|Ludicolo, F|100\/100\n|-damage|p1a: Ricardo|88\/100|[from] Stealth Rock\n|turn|25\n|\n|t:|1699837919\n|move|p2a: Rillaboom|Grassy Glide|p1a: Ricardo\n|-damage|p1a: Ricardo|28\/100\n|-damage|p2a: Rillaboom|27\/100|[from] item: Life Orb\n|move|p1a: Ricardo|Rain Dance|p1a: Ricardo\n|-weather|RainDance\n|\n|-weather|RainDance|[upkeep]\n|-heal|p1a: Ricardo|34\/100|[from] ability: Rain Dish\n|-heal|p2a: Rillaboom|33\/100|[from] Grassy Terrain\n|-heal|p1a: Ricardo|40\/100|[from] Grassy Terrain\n|-heal|p1a: Ricardo|46\/100|[from] item: Leftovers\n|-fieldend|move: Grassy Terrain\n|upkeep\n|turn|26\n|inactive|guner9542 has 120 seconds left.\n|\n|t:|1699837947\n|switch|p2a: Abomasnow|Abomasnow, M|100\/100 brn\n|-weather|Snow|[from] ability: Snow Warning|[of] p2a: Abomasnow\n|move|p1a: Ricardo|Protect||[still]\n|-fail|p1a: Ricardo\n|\n|-weather|Snow|[upkeep]\n|-heal|p1a: Ricardo|52\/100|[from] item: Leftovers\n|-damage|p2a: Abomasnow|94\/100 brn|[from] brn\n|upkeep\n|turn|27\n|\n|t:|1699837959\n|move|p1a: Ricardo|Rain Dance|p1a: Ricardo\n|-weather|RainDance\n|move|p2a: Abomasnow|Aurora Veil||[still]\n|-fail|p2a: Abomasnow\n|\n|-weather|RainDance|[upkeep]\n|-heal|p1a: Ricardo|58\/100|[from] ability: Rain Dish\n|-heal|p1a: Ricardo|64\/100|[from] item: Leftovers\n|-damage|p2a: Abomasnow|88\/100 brn|[from] brn\n|upkeep\n|turn|28\n|\n|t:|1699837966\n|move|p1a: Ricardo|Leech Seed|p2a: Abomasnow\n|-immune|p2a: Abomasnow\n|move|p2a: Abomasnow|Leech Seed|p1a: Ricardo\n|-immune|p1a: Ricardo\n|\n|-weather|RainDance|[upkeep]\n|-heal|p1a: Ricardo|70\/100|[from] ability: Rain Dish\n|-heal|p1a: Ricardo|77\/100|[from] item: Leftovers\n|-damage|p2a: Abomasnow|82\/100 brn|[from] brn\n|upkeep\n|turn|29\n|inactive|guner9542 has 120 seconds left.\n|c| MaxiumMeda|same brain\n|\n|t:|1699837986\n|move|p1a: Ricardo|Leech Seed|p2a: Abomasnow\n|-immune|p2a: Abomasnow\n|move|p2a: Abomasnow|Giga Drain|p1a: Ricardo\n|-damage|p1a: Ricardo|59\/100\n|-heal|p2a: Abomasnow|91\/100 brn|[from] drain|[of] p1a: Ricardo\n|\n|-weather|RainDance|[upkeep]\n|-heal|p1a: Ricardo|65\/100|[from] ability: Rain Dish\n|-heal|p1a: Ricardo|71\/100|[from] item: Leftovers\n|-damage|p2a: Abomasnow|85\/100 brn|[from] brn\n|upkeep\n|turn|30\n|\n|t:|1699837991\n|move|p1a: Ricardo|Protect|p1a: Ricardo\n|-singleturn|p1a: Ricardo|Protect\n|move|p2a: Abomasnow|Blizzard|p1a: Ricardo\n|-activate|p1a: Ricardo|move: Protect\n|\n|-weather|RainDance|[upkeep]\n|-heal|p1a: Ricardo|77\/100|[from] ability: Rain Dish\n|-heal|p1a: Ricardo|83\/100|[from] item: Leftovers\n|-damage|p2a: Abomasnow|79\/100 brn|[from] brn\n|upkeep\n|turn|31\n|inactive|guner9542 has 120 seconds left.\n|\n|t:|1699838008\n|move|p1a: Ricardo|Substitute|p1a: Ricardo\n|-start|p1a: Ricardo|Substitute\n|-damage|p1a: Ricardo|58\/100\n|move|p2a: Abomasnow|Blizzard|p1a: Ricardo\n|-activate|p1a: Ricardo|move: Substitute|[damage]\n|\n|-weather|none\n|-heal|p1a: Ricardo|64\/100|[from] item: Leftovers\n|-damage|p2a: Abomasnow|73\/100 brn|[from] brn\n|upkeep\n|turn|32\n|inactive|guner9542 has 120 seconds left.\n|\n|t:|1699838039\n|switch|p2a: Iron Valiant|Iron Valiant|100\/100\n|-enditem|p2a: Iron Valiant|Booster Energy\n|-activate|p2a: Iron Valiant|ability: Quark Drive|[fromitem]\n|-start|p2a: Iron Valiant|quarkdrivespe\n|move|p1a: Ricardo|Rain Dance|p1a: Ricardo\n|-weather|RainDance\n|\n|-weather|RainDance|[upkeep]\n|-heal|p1a: Ricardo|70\/100|[from] ability: Rain Dish\n|-heal|p1a: Ricardo|77\/100|[from] item: Leftovers\n|upkeep\n|turn|33\n|\n|t:|1699838043\n|move|p2a: Iron Valiant|Knock Off|p1a: Ricardo\n|-end|p1a: Ricardo|Substitute\n|move|p1a: Ricardo|Leech Seed|p2a: Iron Valiant\n|-start|p2a: Iron Valiant|move: Leech Seed\n|\n|-weather|RainDance|[upkeep]\n|-heal|p1a: Ricardo|83\/100|[from] ability: Rain Dish\n|-heal|p1a: Ricardo|89\/100|[from] item: Leftovers\n|-damage|p2a: Iron Valiant|88\/100|[from] Leech Seed|[of] p1a: Ricardo\n|-heal|p1a: Ricardo|99\/100|[silent]\n|upkeep\n|turn|34\n|\n|t:|1699838057\n|move|p2a: Iron Valiant|Close Combat|p1a: Ricardo\n|-damage|p1a: Ricardo|16\/100\n|-unboost|p2a: Iron Valiant|def|1\n|-unboost|p2a: Iron Valiant|spd|1\n|move|p1a: Ricardo|Substitute|p1a: Ricardo\n|-fail|p1a: Ricardo|move: Substitute|[weak]\n|\n|-weather|RainDance|[upkeep]\n|-heal|p1a: Ricardo|22\/100|[from] ability: Rain Dish\n|-heal|p1a: Ricardo|28\/100|[from] item: Leftovers\n|-damage|p2a: Iron Valiant|76\/100|[from] Leech Seed|[of] p1a: Ricardo\n|-heal|p1a: Ricardo|38\/100|[silent]\n|upkeep\n|turn|35\n|\n|t:|1699838061\n|move|p1a: Ricardo|Protect|p1a: Ricardo\n|-singleturn|p1a: Ricardo|Protect\n|move|p2a: Iron Valiant|Close Combat|p1a: Ricardo\n|-activate|p1a: Ricardo|move: Protect\n|\n|-weather|RainDance|[upkeep]\n|-heal|p1a: Ricardo|44\/100|[from] ability: Rain Dish\n|-heal|p1a: Ricardo|50\/100|[from] item: Leftovers\n|-damage|p2a: Iron Valiant|63\/100|[from] Leech Seed|[of] p1a: Ricardo\n|-heal|p1a: Ricardo|60\/100|[silent]\n|upkeep\n|turn|36\n|\n|t:|1699838072\n|-terastallize|p1a: Ricardo|Poison\n|move|p2a: Iron Valiant|Close Combat|p1a: Ricardo\n|-resisted|p1a: Ricardo\n|-damage|p1a: Ricardo|25\/100\n|-unboost|p2a: Iron Valiant|def|1\n|-unboost|p2a: Iron Valiant|spd|1\n|move|p1a: Ricardo|Substitute|p1a: Ricardo\n|-fail|p1a: Ricardo|move: Substitute|[weak]\n|\n|-weather|none\n|-heal|p1a: Ricardo|31\/100|[from] item: Leftovers\n|-damage|p2a: Iron Valiant|51\/100|[from] Leech Seed|[of] p1a: Ricardo\n|-heal|p1a: Ricardo|41\/100|[silent]\n|upkeep\n|turn|37\n|\n|t:|1699838080\n|move|p1a: Ricardo|Protect|p1a: Ricardo\n|-singleturn|p1a: Ricardo|Protect\n|move|p2a: Iron Valiant|Ice Punch|p1a: Ricardo\n|-activate|p1a: Ricardo|move: Protect\n|\n|-heal|p1a: Ricardo|47\/100|[from] item: Leftovers\n|-damage|p2a: Iron Valiant|38\/100|[from] Leech Seed|[of] p1a: Ricardo\n|-heal|p1a: Ricardo|57\/100|[silent]\n|upkeep\n|turn|38\n|\n|t:|1699838085\n|move|p2a: Iron Valiant|Ice Punch|p1a: Ricardo\n|-damage|p1a: Ricardo|23\/100\n|move|p1a: Ricardo|Rain Dance|p1a: Ricardo\n|-weather|RainDance\n|\n|-weather|RainDance|[upkeep]\n|-heal|p1a: Ricardo|29\/100|[from] ability: Rain Dish\n|-heal|p1a: Ricardo|35\/100|[from] item: Leftovers\n|-damage|p2a: Iron Valiant|26\/100|[from] Leech Seed|[of] p1a: Ricardo\n|-heal|p1a: Ricardo|45\/100|[silent]\n|upkeep\n|turn|39\n|\n|t:|1699838098\n|-end|p2a: Iron Valiant|Quark Drive|[silent]\n|switch|p2a: Abomasnow|Abomasnow, M|73\/100 brn\n|-weather|Snow|[from] ability: Snow Warning|[of] p2a: Abomasnow\n|move|p1a: Ricardo|Protect||[still]\n|-fail|p1a: Ricardo\n|\n|-weather|Snow|[upkeep]\n|-heal|p1a: Ricardo|51\/100|[from] item: Leftovers\n|-damage|p2a: Abomasnow|67\/100 brn|[from] brn\n|upkeep\n|turn|40\n|inactive|guner9542 has 120 seconds left.\n|\n|t:|1699838130\n|switch|p2a: Rillaboom|Rillaboom, M|33\/100\n|-fieldstart|move: Grassy Terrain|[from] ability: Grassy Surge|[of] p2a: Rillaboom\n|move|p1a: Ricardo|Rain Dance|p1a: Ricardo\n|-weather|RainDance\n|\n|-weather|RainDance|[upkeep]\n|-heal|p1a: Ricardo|57\/100|[from] ability: Rain Dish\n|-heal|p2a: Rillaboom|39\/100|[from] Grassy Terrain\n|-heal|p1a: Ricardo|63\/100|[from] Grassy Terrain\n|-heal|p1a: Ricardo|69\/100|[from] item: Leftovers\n|upkeep\n|turn|41\n|\n|t:|1699838137\n|switch|p1a: Key to your Butt|Klefki, M|23\/100 brn\n|-damage|p1a: Key to your Butt|17\/100 brn|[from] Stealth Rock\n|move|p2a: Rillaboom|Swords Dance|p2a: Rillaboom\n|-boost|p2a: Rillaboom|atk|2\n|\n|-weather|RainDance|[upkeep]\n|-heal|p2a: Rillaboom|45\/100|[from] Grassy Terrain\n|-heal|p1a: Key to your Butt|23\/100 brn|[from] Grassy Terrain\n|-damage|p1a: Key to your Butt|17\/100 brn|[from] brn\n|upkeep\n|turn|42\n|\n|t:|1699838149\n|move|p2a: Rillaboom|Grassy Glide|p1a: Key to your Butt\n|-resisted|p1a: Key to your Butt\n|-crit|p1a: Key to your Butt\n|-damage|p1a: Key to your Butt|0 fnt\n|faint|p1a: Key to your Butt\n|-damage|p2a: Rillaboom|35\/100|[from] item: Life Orb\n|\n|-weather|RainDance|[upkeep]\n|-heal|p2a: Rillaboom|41\/100|[from] Grassy Terrain\n|upkeep\n|\n|t:|1699838151\n|switch|p1a: Ricardo|Ludicolo, F, tera:Poison|69\/100\n|-damage|p1a: Ricardo|56\/100|[from] Stealth Rock\n|turn|43\n|\n|t:|1699838156\n|move|p1a: Ricardo|Protect|p1a: Ricardo\n|-singleturn|p1a: Ricardo|Protect\n|move|p2a: Rillaboom|Swords Dance|p2a: Rillaboom\n|-boost|p2a: Rillaboom|atk|2\n|\n|-weather|RainDance|[upkeep]\n|-heal|p1a: Ricardo|62\/100|[from] ability: Rain Dish\n|-heal|p2a: Rillaboom|47\/100|[from] Grassy Terrain\n|-heal|p1a: Ricardo|69\/100|[from] Grassy Terrain\n|-heal|p1a: Ricardo|75\/100|[from] item: Leftovers\n|upkeep\n|turn|44\n|\n|t:|1699838161\n|move|p2a: Rillaboom|Swords Dance|p2a: Rillaboom\n|-boost|p2a: Rillaboom|atk|2\n|move|p1a: Ricardo|Substitute|p1a: Ricardo\n|-start|p1a: Ricardo|Substitute\n|-damage|p1a: Ricardo|50\/100\n|\n|-weather|none\n|-heal|p2a: Rillaboom|53\/100|[from] Grassy Terrain\n|-heal|p1a: Ricardo|56\/100|[from] Grassy Terrain\n|-heal|p1a: Ricardo|62\/100|[from] item: Leftovers\n|-fieldend|move: Grassy Terrain\n|upkeep\n|turn|45\n|inactive|guner9542 has 150 seconds left.\n|c| BossShuckle|ouch ajs hitting me\n|\n|t:|1699838188\n|move|p2a: Rillaboom|High Horsepower|p1a: Ricardo\n|-supereffective|p1a: Ricardo\n|-crit|p1a: Ricardo\n|-end|p1a: Ricardo|Substitute\n|-damage|p2a: Rillaboom|43\/100|[from] item: Life Orb\n|move|p1a: Ricardo|Rain Dance|p1a: Ricardo\n|-weather|RainDance\n|\n|-weather|RainDance|[upkeep]\n|-heal|p1a: Ricardo|68\/100|[from] ability: Rain Dish\n|-heal|p1a: Ricardo|74\/100|[from] item: Leftovers\n|upkeep\n|turn|46\n|c|\u2606KingDuns|Good\n|c| MaxiumMeda|please just kill him\n|\n|t:|1699838200\n|move|p1a: Ricardo|Protect|p1a: Ricardo\n|-singleturn|p1a: Ricardo|Protect\n|move|p2a: Rillaboom|High Horsepower|p1a: Ricardo\n|-activate|p1a: Ricardo|move: Protect\n|\n|-weather|RainDance|[upkeep]\n|-heal|p1a: Ricardo|80\/100|[from] ability: Rain Dish\n|-heal|p1a: Ricardo|86\/100|[from] item: Leftovers\n|upkeep\n|turn|47\n|\n|t:|1699838205\n|move|p1a: Ricardo|Protect||[still]\n|-fail|p1a: Ricardo\n|move|p2a: Rillaboom|High Horsepower|p1a: Ricardo\n|-supereffective|p1a: Ricardo\n|-damage|p1a: Ricardo|0 fnt\n|faint|p1a: Ricardo\n|-damage|p2a: Rillaboom|34\/100|[from] item: Life Orb\n|\n|win|guner9542\n|c| MaxiumMeda|thank you\n","uploadtime":1699838219,"views":17,"p1id":"kingduns","p2id":"guner9542","formatid":"gen9ubers","rating":0,"private":0,"password":""}