{"id":"gen9ubers-1974173273","p1":"White3002","p2":"Anne Frankkkk","format":"[Gen 9] Ubers","log":"|j|\u2606White3002\n|j|\u2606Anne Frankkkk\n|t:|1698064973\n|gametype|singles\n|player|p1|White3002|gentleman-gen4dp|1207\n|player|p2|Anne Frankkkk|hilbert|1209\n|teamsize|p1|6\n|teamsize|p2|6\n|gen|9\n|tier|[Gen 9] Ubers\n|rated|\n|rule|Sleep Clause Mod: Limit one foe put to sleep\n|rule|Species Clause: Limit one of each Pok\u00e9mon\n|rule|OHKO Clause: OHKO moves are banned\n|rule|Evasion Items Clause: Evasion items are banned\n|rule|Evasion Moves Clause: Evasion moves are banned\n|rule|Endless Battle Clause: Forcing endless battles is banned\n|rule|HP Percentage Mod: HP is shown in percentages\n|clearpoke\n|poke|p1|Zacian-*|\n|poke|p1|Skeledirge, M|\n|poke|p1|Groudon|\n|poke|p1|Miraidon|\n|poke|p1|Arceus-Flying|\n|poke|p1|Regieleki|\n|poke|p2|Iron Hands|\n|poke|p2|Kyogre|\n|poke|p2|Chien-Pao|\n|poke|p2|Ribombee, M|\n|poke|p2|Miraidon|\n|poke|p2|Flutter Mane|\n|teampreview\n|inactive|Battle timer is ON: inactive players will automatically lose when time's up. (requested by White3002)\n|\n|t:|1698064983\n|start\n|switch|p1a: Dont care|Skeledirge, M|100\/100\n|switch|p2a: Ribombee|Ribombee, M, shiny|100\/100\n|turn|1\n|\n|t:|1698064987\n|switch|p1a: S P E E D|Regieleki|100\/100\n|move|p2a: Ribombee|Sticky Web|p1a: S P E E D\n|-sidestart|p1: White3002|move: Sticky Web\n|\n|upkeep\n|turn|2\n|\n|t:|1698064990\n|switch|p2a: Flutter Mane|Flutter Mane, shiny|100\/100\n|-enditem|p2a: Flutter Mane|Booster Energy\n|-activate|p2a: Flutter Mane|ability: Protosynthesis|[fromitem]\n|-start|p2a: Flutter Mane|protosynthesisspe\n|move|p1a: S P E E D|Thunderbolt|p2a: Flutter Mane\n|-damage|p2a: Flutter Mane|46\/100\n|\n|upkeep\n|turn|3\n|\n|t:|1698065000\n|switch|p1a: Dont care|Skeledirge, M|100\/100\n|move|p2a: Flutter Mane|Moonblast|p1a: Dont care\n|-resisted|p1a: Dont care\n|-damage|p1a: Dont care|74\/100\n|-unboost|p1a: Dont care|spa|1\n|\n|upkeep\n|turn|4\n|\n|t:|1698065004\n|move|p2a: Flutter Mane|Power Gem|p1a: Dont care\n|-supereffective|p1a: Dont care\n|-damage|p1a: Dont care|17\/100\n|move|p1a: Dont care|Hex|p2a: Flutter Mane\n|-supereffective|p2a: Flutter Mane\n|-damage|p2a: Flutter Mane|14\/100\n|\n|upkeep\n|turn|5\n|\n|t:|1698065008\n|move|p2a: Flutter Mane|Power Gem|p1a: Dont care\n|-supereffective|p1a: Dont care\n|-damage|p1a: Dont care|0 fnt\n|faint|p1a: Dont care\n|\n|upkeep\n|\n|t:|1698065016\n|switch|p1a: S P E E D|Regieleki|100\/100\n|turn|6\n|\n|t:|1698065021\n|move|p2a: Flutter Mane|Moonblast|p1a: S P E E D\n|-crit|p1a: S P E E D\n|-damage|p1a: S P E E D|0 fnt\n|faint|p1a: S P E E D\n|\n|upkeep\n|\n|t:|1698065048\n|switch|p1a: Zacian|Zacian-Crowned|100\/100\n|-activate|p1a: Zacian|move: Sticky Web\n|-unboost|p1a: Zacian|spe|1\n|-ability|p1a: Zacian|Intrepid Sword|boost\n|-boost|p1a: Zacian|atk|1\n|turn|7\n|\n|t:|1698065054\n|move|p2a: Flutter Mane|Shadow Ball|p1a: Zacian\n|-damage|p1a: Zacian|59\/100\n|move|p1a: Zacian|Behemoth Blade|p2a: Flutter Mane\n|-supereffective|p2a: Flutter Mane\n|-damage|p2a: Flutter Mane|0 fnt\n|faint|p2a: Flutter Mane\n|-end|p2a: Flutter Mane|Protosynthesis|[silent]\n|\n|upkeep\n|\n|t:|1698065065\n|switch|p2a: Miraidon|Miraidon|100\/100\n|-fieldstart|move: Electric Terrain|[from] ability: Hadron Engine|[of] p2a: Miraidon\n|-item|p2a: Miraidon|Air Balloon\n|turn|8\n|\n|t:|1698065068\n|move|p2a: Miraidon|Electro Drift|p1a: Zacian\n|-damage|p1a: Zacian|0 fnt\n|faint|p1a: Zacian\n|\n|upkeep\n|\n|t:|1698065071\n|switch|p1a: Groudon|Groudon|100\/100\n|-activate|p1a: Groudon|move: Sticky Web\n|-unboost|p1a: Groudon|spe|1\n|-weather|SunnyDay|[from] ability: Drought|[of] p1a: Groudon\n|turn|9\n|\n|t:|1698065076\n|move|p2a: Miraidon|Dragon Pulse|p1a: Groudon\n|-damage|p1a: Groudon|35\/100\n|move|p1a: Groudon|Precipice Blades|p2a: Miraidon\n|-immune|p2a: Miraidon\n|\n|-weather|SunnyDay|[upkeep]\n|-heal|p1a: Groudon|41\/100|[from] item: Leftovers\n|upkeep\n|turn|10\n|\n|t:|1698065080\n|move|p2a: Miraidon|Dragon Pulse|p1a: Groudon\n|-damage|p1a: Groudon|0 fnt\n|faint|p1a: Groudon\n|\n|-weather|SunnyDay|[upkeep]\n|upkeep\n|\n|t:|1698065083\n|switch|p1a: Miraidon|Miraidon|100\/100\n|-activate|p1a: Miraidon|move: Sticky Web\n|-unboost|p1a: Miraidon|spe|1\n|-activate|p1a: Miraidon|ability: Hadron Engine\n|turn|11\n|\n|t:|1698065090\n|-terastallize|p2a: Miraidon|Fairy\n|move|p2a: Miraidon|Calm Mind|p2a: Miraidon\n|-boost|p2a: Miraidon|spa|1\n|-boost|p2a: Miraidon|spd|1\n|move|p1a: Miraidon|Draco Meteor|p2a: Miraidon\n|-immune|p2a: Miraidon\n|\n|-weather|SunnyDay|[upkeep]\n|upkeep\n|turn|12\n|\n|t:|1698065101\n|switch|p1a: Arceus-Steel \u2122|Arceus-Flying|100\/100\n|move|p2a: Miraidon|Dragon Pulse|p1a: Arceus-Steel \u2122\n|-damage|p1a: Arceus-Steel \u2122|30\/100\n|\n|-weather|SunnyDay|[upkeep]\n|-fieldend|move: Electric Terrain\n|upkeep\n|turn|13\n|\n|t:|1698065111\n|move|p1a: Arceus-Steel \u2122|Judgment|p2a: Miraidon\n|-damage|p2a: Miraidon|70\/100\n|-enditem|p2a: Miraidon|Air Balloon\n|move|p2a: Miraidon|Electro Drift|p1a: Arceus-Steel \u2122\n|-supereffective|p1a: Arceus-Steel \u2122\n|-damage|p1a: Arceus-Steel \u2122|0 fnt\n|faint|p1a: Arceus-Steel \u2122\n|\n|-weather|none\n|upkeep\n|\n|t:|1698065116\n|switch|p1a: Miraidon|Miraidon|100\/100\n|-activate|p1a: Miraidon|move: Sticky Web\n|-unboost|p1a: Miraidon|spe|1\n|-fieldstart|move: Electric Terrain|[from] ability: Hadron Engine|[of] p1a: Miraidon\n|turn|14\n|\n|t:|1698065136\n|-terastallize|p1a: Miraidon|Fire\n|move|p2a: Miraidon|Dragon Pulse|p1a: Miraidon\n|-damage|p1a: Miraidon|17\/100\n|move|p1a: Miraidon|Electro Drift|p2a: Miraidon\n|-damage|p2a: Miraidon|0 fnt\n|faint|p2a: Miraidon\n|\n|upkeep\n|\n|t:|1698065157\n|switch|p2a: Iron Hands|Iron Hands, shiny|100\/100\n|-activate|p2a: Iron Hands|ability: Quark Drive\n|-start|p2a: Iron Hands|quarkdriveatk\n|turn|15\n|\n|t:|1698065159\n|move|p2a: Iron Hands|Fake Out|p1a: Miraidon\n|-damage|p1a: Miraidon|0 fnt\n|faint|p1a: Miraidon\n|\n|win|Anne Frankkkk\n|raw|White3002's rating: 1207 &rarr; <strong>1182<\/strong><br \/>(-25 for losing)\n|raw|Anne Frankkkk's rating: 1209 &rarr; <strong>1234<\/strong><br \/>(+25 for winning)\n|l|\u2606White3002\n","uploadtime":1698065170,"views":15,"p1id":"white3002","p2id":"annefrankkkk","formatid":"gen9ubers","rating":1182,"private":0,"password":""}