{"id":"gen9ubers-1989808672","p1":"AsianGuyDude","p2":"Dangeruz","format":"[Gen 9] Ubers","log":"|j|\u2606AsianGuyDude\n|j|\u2606Dangeruz\n|t:|1699897498\n|gametype|singles\n|player|p1|AsianGuyDude|riley|1000\n|player|p2|Dangeruz|unknownf|1000\n|teamsize|p1|6\n|teamsize|p2|6\n|gen|9\n|tier|[Gen 9] Ubers\n|rated|\n|rule|Sleep Clause Mod: Limit one foe put to sleep\n|rule|Species Clause: Limit one of each Pok\u00e9mon\n|rule|OHKO Clause: OHKO moves are banned\n|rule|Evasion Items Clause: Evasion items are banned\n|rule|Evasion Moves Clause: Evasion moves are banned\n|rule|Endless Battle Clause: Forcing endless battles is banned\n|rule|HP Percentage Mod: HP is shown in percentages\n|clearpoke\n|poke|p1|Iron Moth|\n|poke|p1|Iron Bundle|\n|poke|p1|Iron Leaves|\n|poke|p1|Iron Jugulis|\n|poke|p1|Iron Valiant|\n|poke|p1|Miraidon|\n|poke|p2|Kommo-o, M|\n|poke|p2|Mimikyu, M|\n|poke|p2|Toxapex, M|\n|poke|p2|Landorus-Therian, M|\n|poke|p2|Ribombee, M|\n|poke|p2|Maushold|\n|teampreview\n|c|\u2606AsianGuyDude|gl hf\n|inactive|Battle timer is ON: inactive players will automatically lose when time's up. (requested by Dangeruz)\n|\n|t:|1699897519\n|start\n|switch|p1a: Miraidon|Miraidon|100\/100\n|switch|p2a: Ribombee|Ribombee, M|100\/100\n|-fieldstart|move: Electric Terrain|[from] ability: Hadron Engine|[of] p1a: Miraidon\n|turn|1\n|n|\u2606Dangeruz|dangeruz\n|\n|t:|1699897537\n|-terastallize|p1a: Miraidon|Fairy\n|move|p2a: Ribombee|Sticky Web|p1a: Miraidon\n|-sidestart|p1: AsianGuyDude|move: Sticky Web\n|move|p1a: Miraidon|Volt Switch|p2a: Ribombee\n|-damage|p2a: Ribombee|2\/100\n|\n|t:|1699897547\n|switch|p1a: Iron Leaves|Iron Leaves|100\/100|[from] Volt Switch\n|-activate|p1a: Iron Leaves|move: Sticky Web\n|-unboost|p1a: Iron Leaves|spe|1\n|-activate|p1a: Iron Leaves|ability: Quark Drive\n|-start|p1a: Iron Leaves|quarkdriveatk\n|\n|upkeep\n|turn|2\n|\n|t:|1699897562\n|move|p2a: Ribombee|Moonblast|p1a: Iron Leaves\n|-damage|p1a: Iron Leaves|70\/100\n|move|p1a: Iron Leaves|Night Slash|p2a: Ribombee\n|-resisted|p2a: Ribombee\n|-damage|p2a: Ribombee|0 fnt\n|faint|p2a: Ribombee\n|\n|upkeep\n|\n|t:|1699897585\n|switch|p2a: Mimikyu|Mimikyu, M|100\/100\n|turn|3\n|\n|t:|1699897592\n|move|p1a: Iron Leaves|Night Slash|p2a: Mimikyu\n|-activate|p2a: Mimikyu|ability: Disguise\n|-damage|p2a: Mimikyu|100\/100\n|detailschange|p2a: Mimikyu|Mimikyu-Busted, M\n|-damage|p2a: Mimikyu|88\/100|[from] pokemon: Mimikyu-Busted\n|move|p2a: Mimikyu|Swords Dance|p2a: Mimikyu\n|-boost|p2a: Mimikyu|atk|2\n|\n|upkeep\n|turn|4\n|\n|t:|1699897602\n|move|p2a: Mimikyu|Shadow Sneak|p1a: Iron Leaves\n|-supereffective|p1a: Iron Leaves\n|-damage|p1a: Iron Leaves|0 fnt\n|faint|p1a: Iron Leaves\n|-end|p1a: Iron Leaves|Quark Drive|[silent]\n|\n|upkeep\n|\n|t:|1699897607\n|switch|p1a: Iron Jugulis|Iron Jugulis, shiny|100\/100\n|-activate|p1a: Iron Jugulis|ability: Quark Drive\n|-start|p1a: Iron Jugulis|quarkdrivespe\n|turn|5\n|\n|t:|1699897613\n|move|p1a: Iron Jugulis|Dark Pulse|p2a: Mimikyu\n|-damage|p2a: Mimikyu|19\/100\n|cant|p2a: Mimikyu|flinch\n|\n|-fieldend|move: Electric Terrain\n|-end|p1a: Iron Jugulis|Quark Drive\n|upkeep\n|turn|6\n|\n|t:|1699897619\n|move|p1a: Iron Jugulis|Dark Pulse|p2a: Mimikyu\n|-damage|p2a: Mimikyu|0 fnt\n|faint|p2a: Mimikyu\n|\n|upkeep\n|c|\u2606Dangeruz|wtfff\n|c|\u2606Dangeruz|Ofc i flinch\n|\n|t:|1699897629\n|switch|p2a: Landorus|Landorus-Therian, M|100\/100\n|-ability|p2a: Landorus|Intimidate|boost\n|-unboost|p1a: Iron Jugulis|atk|1\n|turn|7\n|c|\u2606AsianGuyDude|luck???\n|c|\u2606Dangeruz|for real\n|c|\u2606Dangeruz|stop being lucky\n|\n|t:|1699897640\n|move|p1a: Iron Jugulis|Dark Pulse|p2a: Landorus\n|-crit|p2a: Landorus\n|-damage|p2a: Landorus|48\/100\n|move|p2a: Landorus|Stone Edge|p1a: Iron Jugulis\n|-supereffective|p1a: Iron Jugulis\n|-crit|p1a: Iron Jugulis\n|-damage|p1a: Iron Jugulis|0 fnt\n|faint|p1a: Iron Jugulis\n|-end|p1a: Iron Jugulis|Quark Drive|[silent]\n|\n|upkeep\n|\n|t:|1699897649\n|switch|p1a: Iron Bundle|Iron Bundle, shiny|100\/100\n|-activate|p1a: Iron Bundle|move: Sticky Web\n|-unboost|p1a: Iron Bundle|spe|1\n|turn|8\n|\n|t:|1699897659\n|move|p1a: Iron Bundle|Ice Beam|p2a: Landorus\n|-supereffective|p2a: Landorus\n|-damage|p2a: Landorus|0 fnt\n|faint|p2a: Landorus\n|\n|upkeep\n|\n|t:|1699897669\n|switch|p2a: Maushold|Maushold|100\/100\n|turn|9\n|c|\u2606AsianGuyDude|ngl i think that crit mattered\n|\n|t:|1699897678\n|move|p2a: Maushold|Population Bomb|p1a: Iron Bundle\n|-damage|p1a: Iron Bundle|84\/100\n|-damage|p1a: Iron Bundle|65\/100\n|-damage|p1a: Iron Bundle|49\/100\n|-hitcount|p1a: Iron Bundle|3\n|-damage|p2a: Maushold|91\/100|[from] item: Life Orb\n|move|p1a: Iron Bundle|Ice Beam|p2a: Maushold\n|-damage|p2a: Maushold|0 fnt\n|faint|p2a: Maushold\n|\n|upkeep\n|c|\u2606Dangeruz|it did\n|c|\u2606AsianGuyDude|dang\n|c|\u2606Dangeruz|i have max ev health with assault vest\n|c|\u2606AsianGuyDude|what\n|c|\u2606Dangeruz|doensnt population bomb\n|c|\u2606Dangeruz|hit 10 times\n|c|\u2606Dangeruz|why didnt it\n|\n|t:|1699897704\n|switch|p2a: Toxapex|Toxapex, M|100\/100\n|turn|10\n|\n|t:|1699897717\n|-end|p1a: Iron Bundle|Quark Drive|[silent]\n|switch|p1a: Iron Valiant|Iron Valiant, shiny|100\/100\n|-activate|p1a: Iron Valiant|move: Sticky Web\n|-unboost|p1a: Iron Valiant|spe|1\n|-enditem|p1a: Iron Valiant|Booster Energy\n|-activate|p1a: Iron Valiant|ability: Quark Drive|[fromitem]\n|-start|p1a: Iron Valiant|quarkdriveatk\n|move|p2a: Toxapex|Toxic Spikes|p1a: Iron Valiant\n|-sidestart|p1: AsianGuyDude|move: Toxic Spikes\n|\n|upkeep\n|turn|11\n|c|\u2606AsianGuyDude|it has a max of 10\n|c|\u2606AsianGuyDude|use scope lens on it\n|\n|t:|1699897742\n|move|p2a: Toxapex|Baneful Bunker|p2a: Toxapex\n|-singleturn|p2a: Toxapex|move: Protect\n|move|p1a: Iron Valiant|Close Combat|p2a: Toxapex\n|-activate|p2a: Toxapex|move: Protect\n|-status|p1a: Iron Valiant|psn\n|\n|-damage|p1a: Iron Valiant|88\/100 psn|[from] psn\n|upkeep\n|turn|12\n|c|\u2606Dangeruz|oh ok\n|\n|t:|1699897751\n|move|p1a: Iron Valiant|Close Combat|p2a: Toxapex\n|-resisted|p2a: Toxapex\n|-damage|p2a: Toxapex|76\/100\n|-unboost|p1a: Iron Valiant|def|1\n|-unboost|p1a: Iron Valiant|spd|1\n|move|p2a: Toxapex|Recover|p2a: Toxapex\n|-heal|p2a: Toxapex|100\/100\n|\n|-damage|p1a: Iron Valiant|76\/100 psn|[from] psn\n|upkeep\n|turn|13\n|\n|t:|1699897761\n|-end|p1a: Iron Valiant|Quark Drive|[silent]\n|switch|p1a: Miraidon|Miraidon, tera:Fairy|100\/100\n|-activate|p1a: Miraidon|move: Sticky Web\n|-unboost|p1a: Miraidon|spe|1\n|-status|p1a: Miraidon|psn\n|-fieldstart|move: Electric Terrain|[from] ability: Hadron Engine|[of] p1a: Miraidon\n|move|p2a: Toxapex|Toxic Spikes|p1a: Miraidon\n|-sidestart|p1: AsianGuyDude|move: Toxic Spikes\n|\n|-damage|p1a: Miraidon|88\/100 psn|[from] psn\n|upkeep\n|turn|14\n|\n|t:|1699897773\n|move|p2a: Toxapex|Baneful Bunker|p2a: Toxapex\n|-singleturn|p2a: Toxapex|move: Protect\n|move|p1a: Miraidon|Electro Drift|p2a: Toxapex\n|-activate|p2a: Toxapex|move: Protect\n|\n|-damage|p1a: Miraidon|76\/100 psn|[from] psn\n|upkeep\n|turn|15\n|\n|t:|1699897791\n|switch|p2a: Kommo-o|Kommo-o, M|100\/100\n|move|p1a: Miraidon|Electro Drift|p2a: Kommo-o\n|-resisted|p2a: Kommo-o\n|-damage|p2a: Kommo-o|52\/100\n|\n|-damage|p1a: Miraidon|63\/100 psn|[from] psn\n|upkeep\n|turn|16\n|\n|t:|1699897806\n|-terastallize|p2a: Kommo-o|Steel\n|move|p2a: Kommo-o|Clangorous Soul|p2a: Kommo-o\n|-boost|p2a: Kommo-o|atk|1\n|-boost|p2a: Kommo-o|def|1\n|-boost|p2a: Kommo-o|spa|1\n|-boost|p2a: Kommo-o|spd|1\n|-boost|p2a: Kommo-o|spe|1\n|-damage|p2a: Kommo-o|19\/100\n|-enditem|p2a: Kommo-o|Iapapa Berry|[eat]\n|-heal|p2a: Kommo-o|52\/100|[from] item: Iapapa Berry\n|move|p1a: Miraidon|Draco Meteor|p2a: Kommo-o\n|-resisted|p2a: Kommo-o\n|-damage|p2a: Kommo-o|20\/100\n|-unboost|p1a: Miraidon|spa|2\n|\n|-damage|p1a: Miraidon|51\/100 psn|[from] psn\n|upkeep\n|turn|17\n|c|\u2606AsianGuyDude|wow\n|c|\u2606Dangeruz|kommo-o is so cool\n|\n|t:|1699897827\n|move|p2a: Kommo-o|Flash Cannon|p1a: Miraidon\n|-supereffective|p1a: Miraidon\n|-damage|p1a: Miraidon|3\/100 psn\n|move|p1a: Miraidon|Electro Drift|p2a: Kommo-o\n|-damage|p2a: Kommo-o|0 fnt\n|faint|p2a: Kommo-o\n|\n|-damage|p1a: Miraidon|0 fnt|[from] psn\n|faint|p1a: Miraidon\n|-fieldend|move: Electric Terrain\n|upkeep\n|c|\u2606Dangeruz|Nvm\n|c|\u2606Dangeruz|fuck kommo-o\n|c|\u2606AsianGuyDude|eh\n|c|\u2606AsianGuyDude|yo\n|\n|t:|1699897842\n|switch|p1a: Iron Bundle|Iron Bundle, shiny|49\/100\n|switch|p2a: Toxapex|Toxapex, M|100\/100\n|-activate|p1a: Iron Bundle|move: Sticky Web\n|-unboost|p1a: Iron Bundle|spe|1\n|-status|p1a: Iron Bundle|tox\n|turn|18\n|\n|t:|1699897852\n|move|p2a: Toxapex|Baneful Bunker|p2a: Toxapex\n|-singleturn|p2a: Toxapex|move: Protect\n|move|p1a: Iron Bundle|Freeze-Dry|p2a: Toxapex\n|-activate|p2a: Toxapex|move: Protect\n|\n|-damage|p1a: Iron Bundle|43\/100 tox|[from] psn\n|upkeep\n|turn|19\n|\n|t:|1699897859\n|move|p1a: Iron Bundle|Freeze-Dry|p2a: Toxapex\n|-supereffective|p2a: Toxapex\n|-damage|p2a: Toxapex|18\/100\n|move|p2a: Toxapex|Recover|p2a: Toxapex\n|-heal|p2a: Toxapex|68\/100\n|\n|-heal|p2a: Toxapex|74\/100|[from] item: Black Sludge\n|-damage|p1a: Iron Bundle|31\/100 tox|[from] psn\n|upkeep\n|turn|20\n|\n|t:|1699897870\n|move|p2a: Toxapex|Baneful Bunker|p2a: Toxapex\n|-singleturn|p2a: Toxapex|move: Protect\n|move|p1a: Iron Bundle|Freeze-Dry|p2a: Toxapex\n|-activate|p2a: Toxapex|move: Protect\n|\n|-heal|p2a: Toxapex|80\/100|[from] item: Black Sludge\n|-damage|p1a: Iron Bundle|13\/100 tox|[from] psn\n|upkeep\n|turn|21\n|c|\u2606Dangeruz|i lsoe cause ur moth thing\n|\n|t:|1699897878\n|move|p1a: Iron Bundle|Freeze-Dry|p2a: Toxapex\n|-supereffective|p2a: Toxapex\n|-damage|p2a: Toxapex|1\/100\n|move|p2a: Toxapex|Recover|p2a: Toxapex\n|-heal|p2a: Toxapex|51\/100\n|\n|-heal|p2a: Toxapex|57\/100|[from] item: Black Sludge\n|-damage|p1a: Iron Bundle|0 fnt|[from] psn\n|faint|p1a: Iron Bundle\n|-end|p1a: Iron Bundle|Quark Drive|[silent]\n|upkeep\n|c|\u2606AsianGuyDude|wow\n|\n|t:|1699897888\n|switch|p1a: Iron Moth|Iron Moth, shiny|100\/100\n|-sideend|p1: AsianGuyDude|move: Toxic Spikes|[of] p1a: Iron Moth\n|turn|22\n|\n|t:|1699897894\n|move|p2a: Toxapex|Baneful Bunker|p2a: Toxapex\n|-singleturn|p2a: Toxapex|move: Protect\n|move|p1a: Iron Moth|Discharge|p2a: Toxapex\n|-activate|p2a: Toxapex|move: Protect\n|\n|-heal|p2a: Toxapex|64\/100|[from] item: Black Sludge\n|upkeep\n|turn|23\n|c|\u2606AsianGuyDude|its fire\n|c|\u2606Dangeruz|i cant do anything against it\n|c|\u2606Dangeruz|i dont have any uhhh\n|c|\u2606Dangeruz|water moves\n|c|\u2606AsianGuyDude|u have no moves\n|c|\u2606Dangeruz|haze baneful buncer toxic spikes recover\n|inactive|Dangeruz has 120 seconds left.\n|c|\u2606Dangeruz|gg lal\n|-message|Dangeruz forfeited.\n|\n|win|AsianGuyDude\n|raw|AsianGuyDude's rating: 1000 &rarr; <strong>1040<\/strong><br \/>(+40 for winning)\n|raw|Dangeruz's rating: 1000 &rarr; <strong>1000<\/strong><br \/>(+0 for losing)\n","uploadtime":1699897837,"views":5,"p1id":"asianguydude","p2id":"dangeruz","formatid":"gen9ubers","rating":1000,"private":0,"password":""}