{"id":"gen9ubers-1969217295","p1":"Reposti","p2":"Xmaserd","format":"[Gen 9] Ubers","log":"|j|\u2606Reposti\n|j|\u203dXmaserd\n|t:|1697501459\n|gametype|singles\n|player|p1|Reposti|gentleman-gen4|\n|player|p2|Xmaserd|fisherman-gen4|\n|teamsize|p1|6\n|teamsize|p2|6\n|gen|9\n|tier|[Gen 9] Ubers\n|rule|Sleep Clause Mod: Limit one foe put to sleep\n|rule|Species Clause: Limit one of each Pok\u00e9mon\n|rule|OHKO Clause: OHKO moves are banned\n|rule|Evasion Items Clause: Evasion items are banned\n|rule|Evasion Moves Clause: Evasion moves are banned\n|rule|Endless Battle Clause: Forcing endless battles is banned\n|rule|HP Percentage Mod: HP is shown in percentages\n|clearpoke\n|poke|p1|Regidrago|\n|poke|p1|Zacian-*|\n|poke|p1|Masquerain, M|\n|poke|p1|Urshifu-*, F|\n|poke|p1|Arceus-Fire|\n|poke|p1|Gholdengo|\n|poke|p2|Ninetales-Alola, F|\n|poke|p2|Zacian-*|\n|poke|p2|Espathra, F|\n|poke|p2|Arceus-Ice|\n|poke|p2|Magearna|\n|poke|p2|Ogerpon, F|\n|teampreview\n|c|\u2606Reposti|Glhf\n|\n|t:|1697501480\n|start\n|switch|p1a: Regidrago|Regidrago|100\/100\n|switch|p2a: Ninetales|Ninetales-Alola, F|100\/100\n|-weather|Snow|[from] ability: Snow Warning|[of] p2a: Ninetales\n|turn|1\n|\n|t:|1697501489\n|-terastallize|p1a: Regidrago|Steel\n|move|p1a: Regidrago|Tera Blast|p2a: Ninetales|[anim] Tera Blast Steel\n|-supereffective|p2a: Ninetales\n|-damage|p2a: Ninetales|0 fnt\n|faint|p2a: Ninetales\n|\n|-weather|Snow|[upkeep]\n|upkeep\n|\n|t:|1697501524\n|switch|p2a: Arceus|Arceus-Ice|100\/100\n|turn|2\n|\n|t:|1697501541\n|-terastallize|p2a: Arceus|Electric\n|move|p1a: Regidrago|Tera Blast|p2a: Arceus|[anim] Tera Blast Steel\n|-resisted|p2a: Arceus\n|-damage|p2a: Arceus|89\/100\n|move|p2a: Arceus|Calm Mind|p2a: Arceus\n|-boost|p2a: Arceus|spa|1\n|-boost|p2a: Arceus|spd|1\n|\n|-weather|Snow|[upkeep]\n|upkeep\n|turn|3\n|\n|t:|1697501557\n|switch|p1a: Arceus|Arceus-Fire|100\/100\n|move|p2a: Arceus|Calm Mind|p2a: Arceus\n|-boost|p2a: Arceus|spa|1\n|-boost|p2a: Arceus|spd|1\n|\n|-weather|Snow|[upkeep]\n|upkeep\n|turn|4\n|\n|t:|1697501569\n|move|p2a: Arceus|Calm Mind|p2a: Arceus\n|-boost|p2a: Arceus|spa|1\n|-boost|p2a: Arceus|spd|1\n|move|p1a: Arceus|Swords Dance|p1a: Arceus\n|-boost|p1a: Arceus|atk|2\n|\n|-weather|Snow|[upkeep]\n|upkeep\n|turn|5\n|\n|t:|1697501577\n|move|p2a: Arceus|Thunderbolt|p1a: Arceus\n|-damage|p1a: Arceus|29\/100\n|move|p1a: Arceus|Earthquake|p2a: Arceus\n|-supereffective|p2a: Arceus\n|-damage|p2a: Arceus|0 fnt\n|faint|p2a: Arceus\n|\n|-weather|none\n|upkeep\n|\n|t:|1697501588\n|switch|p2a: Zacian|Zacian|100\/100\n|-ability|p2a: Zacian|Intrepid Sword|boost\n|-boost|p2a: Zacian|atk|1\n|turn|6\n|\n|t:|1697501605\n|switch|p1a: Masquerain|Masquerain, M|100\/100\n|-ability|p1a: Masquerain|Intimidate|boost\n|-unboost|p2a: Zacian|atk|1\n|move|p2a: Zacian|Swords Dance|p2a: Zacian\n|-boost|p2a: Zacian|atk|2\n|\n|upkeep\n|turn|7\n|\n|t:|1697501617\n|switch|p2a: Espathra|Espathra, F|100\/100\n|move|p1a: Masquerain|Stun Spore|p2a: Espathra\n|-status|p2a: Espathra|par\n|\n|upkeep\n|turn|8\n|\n|t:|1697501624\n|move|p1a: Masquerain|Bug Buzz|p2a: Espathra\n|-supereffective|p2a: Espathra\n|-damage|p2a: Espathra|1\/100 par\n|move|p2a: Espathra|Calm Mind|p2a: Espathra\n|-boost|p2a: Espathra|spa|1\n|-boost|p2a: Espathra|spd|1\n|\n|-heal|p2a: Espathra|7\/100 par|[from] item: Leftovers\n|-ability|p2a: Espathra|Speed Boost|boost\n|-boost|p2a: Espathra|spe|1\n|upkeep\n|turn|9\n|\n|t:|1697501635\n|switch|p2a: Magearna|Magearna|100\/100\n|move|p1a: Masquerain|Sticky Web|p2a: Magearna\n|-sidestart|p2: Xmaserd|move: Sticky Web\n|\n|upkeep\n|turn|10\n|\n|t:|1697501641\n|switch|p2a: Ogerpon|Ogerpon, F|100\/100\n|-activate|p2a: Ogerpon|move: Sticky Web\n|-unboost|p2a: Ogerpon|spe|1\n|-ability|p2a: Ogerpon|Defiant|boost\n|-boost|p2a: Ogerpon|atk|2\n|move|p1a: Masquerain|Stun Spore|p2a: Ogerpon\n|-immune|p2a: Ogerpon\n|\n|upkeep\n|turn|11\n|-message|Xmaserd forfeited.\n|\n|win|Reposti\n|l|\u2606Reposti\n|j|\u2606Reposti\n|player|p1|Reposti|gentleman-gen4\n","uploadtime":1697501665,"views":26,"p1id":"reposti","p2id":"xmaserd","formatid":"gen9ubers","rating":0,"private":0,"password":""}