{"id":"gen9ubers-1983683667","p1":"leonissenbaum","p2":"Blanched","format":"[Gen 9] Ubers","log":"|j|\u2606leonissenbaum\n|j|\u203dBlanched\n|t:|1699160362\n|gametype|singles\n|player|p1|leonissenbaum|leon|\n|player|p2|Blanched|cynthia-masters|\n|teamsize|p1|6\n|teamsize|p2|6\n|gen|9\n|tier|[Gen 9] Ubers\n|rule|Sleep Clause Mod: Limit one foe put to sleep\n|rule|Species Clause: Limit one of each Pok\u00e9mon\n|rule|OHKO Clause: OHKO moves are banned\n|rule|Evasion Items Clause: Evasion items are banned\n|rule|Evasion Moves Clause: Evasion moves are banned\n|rule|Endless Battle Clause: Forcing endless battles is banned\n|rule|HP Percentage Mod: HP is shown in percentages\n|clearpoke\n|poke|p1|Giratina|\n|poke|p1|Gliscor, F|\n|poke|p1|Blissey, F|\n|poke|p1|Dondozo, M|\n|poke|p1|Clefable, F|\n|poke|p1|Espeon, F|\n|poke|p2|Gliscor, F|\n|poke|p2|Arceus-Dark|\n|poke|p2|Gholdengo|\n|poke|p2|Zacian-*|\n|poke|p2|Palkia-Origin|\n|poke|p2|Cyclizar, M|\n|teampreview\n|c|\u2606leonissenbaum|gl!\n|\n|t:|1699160382\n|start\n|switch|p1a: Gliscor|Gliscor, F|100\/100\n|switch|p2a: Cyclizar|Cyclizar, M|100\/100\n|turn|1\n|\n|t:|1699160392\n|move|p1a: Gliscor|Protect|p1a: Gliscor\n|-singleturn|p1a: Gliscor|Protect\n|move|p2a: Cyclizar|Shed Tail|p2a: Cyclizar\n|-start|p2a: Cyclizar|Substitute|[from] move: Shed Tail\n|-damage|p2a: Cyclizar|50\/100\n|\n|t:|1699160468\n|switch|p2a: Palkia|Palkia-Origin|100\/100|[from] Shed Tail\n|-ability|p2a: Palkia|Pressure\n|\n|-status|p1a: Gliscor|tox|[from] item: Toxic Orb\n|upkeep\n|turn|2\n|\n|t:|1699160477\n|switch|p1a: Blissey|Blissey, F|100\/100\n|move|p2a: Palkia|Hydro Pump|p1a: Blissey\n|-damage|p1a: Blissey|78\/100\n|\n|-heal|p1a: Blissey|84\/100|[from] item: Leftovers\n|upkeep\n|turn|3\n|\n|t:|1699160493\n|switch|p2a: Cyclizar|Cyclizar, M|84\/100\n|move|p1a: Blissey|Stealth Rock|p2a: Cyclizar\n|-sidestart|p2: Blanched|move: Stealth Rock\n|\n|-heal|p1a: Blissey|90\/100|[from] item: Leftovers\n|upkeep\n|turn|4\n|\n|t:|1699160503\n|move|p2a: Cyclizar|Knock Off|p1a: Blissey\n|-damage|p1a: Blissey|71\/100\n|-enditem|p1a: Blissey|Leftovers|[from] move: Knock Off|[of] p2a: Cyclizar\n|move|p1a: Blissey|Seismic Toss|p2a: Cyclizar\n|-damage|p2a: Cyclizar|55\/100\n|\n|upkeep\n|turn|5\n|\n|t:|1699160520\n|move|p2a: Cyclizar|Shed Tail|p2a: Cyclizar\n|-start|p2a: Cyclizar|Substitute|[from] move: Shed Tail\n|-damage|p2a: Cyclizar|5\/100\n|\n|t:|1699160522\n|switch|p2a: Gholdengo|Gholdengo|100\/100|[from] Shed Tail\n|-damage|p2a: Gholdengo|94\/100|[from] Stealth Rock\n|move|p1a: Blissey|Seismic Toss|p2a: Gholdengo\n|-immune|p2a: Gholdengo\n|\n|upkeep\n|turn|6\n|\n|t:|1699160528\n|switch|p1a: Gliscor|Gliscor, F|100\/100 tox\n|move|p2a: Gholdengo|Trick|p1a: Gliscor\n|-activate|p2a: Gholdengo|move: Trick|[of] p1a: Gliscor\n|-item|p1a: Gliscor|Choice Scarf|[from] move: Trick\n|-item|p2a: Gholdengo|Toxic Orb|[from] move: Trick\n|\n|upkeep\n|turn|7\n|\n|t:|1699160537\n|move|p1a: Gliscor|Protect|p1a: Gliscor\n|-singleturn|p1a: Gliscor|Protect\n|move|p2a: Gholdengo|Shadow Ball|p1a: Gliscor\n|-activate|p1a: Gliscor|move: Protect\n|\n|upkeep\n|turn|8\n|\n|t:|1699160545\n|switch|p1a: Blissey|Blissey, F|71\/100\n|move|p2a: Gholdengo|Trick|p1a: Blissey\n|-activate|p2a: Gholdengo|move: Trick|[of] p1a: Blissey\n|-item|p1a: Blissey|Toxic Orb|[from] move: Trick\n|-enditem|p2a: Gholdengo|Toxic Orb|[silent]|[from] move: Trick\n|\n|-status|p1a: Blissey|tox|[from] item: Toxic Orb\n|upkeep\n|turn|9\n|\n|t:|1699160561\n|move|p2a: Gholdengo|Make It Rain|p1a: Blissey\n|-damage|p1a: Blissey|52\/100 tox\n|-unboost|p2a: Gholdengo|spa|1\n|move|p1a: Blissey|Shadow Ball|p2a: Gholdengo\n|-supereffective|p2a: Gholdengo\n|-end|p2a: Gholdengo|Substitute\n|\n|-damage|p1a: Blissey|46\/100 tox|[from] psn\n|upkeep\n|turn|10\n|\n|t:|1699160586\n|move|p2a: Gholdengo|Make It Rain|p1a: Blissey\n|-damage|p1a: Blissey|34\/100 tox\n|-unboost|p2a: Gholdengo|spa|1\n|move|p1a: Blissey|Soft-Boiled|p1a: Blissey\n|-heal|p1a: Blissey|84\/100 tox\n|\n|-damage|p1a: Blissey|71\/100 tox|[from] psn\n|upkeep\n|turn|11\n|\n|t:|1699160599\n|switch|p2a: Gliscor|Gliscor, F|100\/100\n|-damage|p2a: Gliscor|88\/100|[from] Stealth Rock\n|-curestatus|p1a: Blissey|tox|[from] ability: Natural Cure\n|switch|p1a: Gliscor|Gliscor, F|100\/100 tox\n|\n|-status|p2a: Gliscor|tox|[from] item: Toxic Orb\n|upkeep\n|turn|12\n|\n|t:|1699160610\n|switch|p1a: Espeon|Espeon, F|100\/100\n|move|p2a: Gliscor|Earthquake|p1a: Espeon\n|-damage|p1a: Espeon|47\/100\n|\n|-heal|p2a: Gliscor|100\/100 tox|[from] ability: Poison Heal\n|upkeep\n|turn|13\n|\n|t:|1699160617\n|move|p2a: Gliscor|Protect|p2a: Gliscor\n|-singleturn|p2a: Gliscor|Protect\n|move|p1a: Espeon|Trick|p2a: Gliscor\n|-activate|p2a: Gliscor|move: Protect\n|\n|upkeep\n|turn|14\n|\n|t:|1699160623\n|switch|p2a: Gholdengo|Gholdengo|94\/100\n|-damage|p2a: Gholdengo|88\/100|[from] Stealth Rock\n|move|p1a: Espeon|Trick|p2a: Gholdengo\n|-immune|p2a: Gholdengo|[from] ability: Good as Gold\n|\n|upkeep\n|turn|15\n|\n|t:|1699160633\n|switch|p1a: Gliscor|Gliscor, F|100\/100 tox\n|move|p2a: Gholdengo|Shadow Ball|p1a: Gliscor\n|-damage|p1a: Gliscor|67\/100 tox\n|\n|-heal|p1a: Gliscor|80\/100 tox|[from] ability: Poison Heal\n|upkeep\n|turn|16\n|\n|t:|1699160637\n|switch|p2a: Gliscor|Gliscor, F|100\/100 tox\n|-damage|p2a: Gliscor|88\/100 tox|[from] Stealth Rock\n|move|p1a: Gliscor|Knock Off|p2a: Gliscor\n|-damage|p2a: Gliscor|69\/100 tox\n|-enditem|p2a: Gliscor|Toxic Orb|[from] move: Knock Off|[of] p1a: Gliscor\n|\n|-heal|p1a: Gliscor|92\/100 tox|[from] ability: Poison Heal\n|-heal|p2a: Gliscor|82\/100 tox|[from] ability: Poison Heal\n|upkeep\n|turn|17\n|\n|t:|1699160667\n|switch|p1a: Espeon|Espeon, F|47\/100\n|move|p2a: Gliscor|Earthquake|p1a: Espeon\n|-damage|p1a: Espeon|0 fnt\n|faint|p1a: Espeon\n|\n|-heal|p2a: Gliscor|94\/100 tox|[from] ability: Poison Heal\n|upkeep\n|\n|t:|1699160674\n|switch|p1a: Gliscor|Gliscor, F|92\/100 tox\n|turn|18\n|\n|t:|1699160678\n|move|p1a: Gliscor|Spikes|p2a: Gliscor\n|-sidestart|p2: Blanched|Spikes\n|move|p2a: Gliscor|Spikes|p1a: Gliscor\n|-sidestart|p1: leonissenbaum|Spikes\n|\n|-heal|p1a: Gliscor|100\/100 tox|[from] ability: Poison Heal\n|-heal|p2a: Gliscor|100\/100 tox|[from] ability: Poison Heal\n|upkeep\n|turn|19\n|\n|t:|1699160681\n|move|p1a: Gliscor|Spikes|p2a: Gliscor\n|-sidestart|p2: Blanched|Spikes\n|move|p2a: Gliscor|Spikes|p1a: Gliscor\n|-sidestart|p1: leonissenbaum|Spikes\n|\n|upkeep\n|turn|20\n|\n|t:|1699160683\n|move|p1a: Gliscor|Spikes|p2a: Gliscor\n|-sidestart|p2: Blanched|Spikes\n|move|p2a: Gliscor|Spikes|p1a: Gliscor\n|-sidestart|p1: leonissenbaum|Spikes\n|\n|upkeep\n|turn|21\n|\n|t:|1699160710\n|switch|p2a: Cyclizar|Cyclizar, M|38\/100\n|move|p1a: Gliscor|Spikes||[still]\n|-fail|p1a: Gliscor\n|\n|upkeep\n|turn|22\n|inactive|Battle timer is ON: inactive players will automatically lose when time's up. (requested by Blanched)\n|\n|t:|1699160718\n|switch|p1a: Giratina|Giratina, shiny|100\/100\n|-damage|p1a: Giratina|76\/100|[from] Spikes\n|-ability|p1a: Giratina|Pressure\n|move|p2a: Cyclizar|U-turn|p1a: Giratina\n|-resisted|p1a: Giratina\n|-damage|p1a: Giratina|71\/100\n|\n|t:|1699160725\n|switch|p2a: Gliscor|Gliscor, F|100\/100 tox|[from] U-turn\n|-damage|p2a: Gliscor|88\/100 tox|[from] Stealth Rock\n|\n|-heal|p1a: Giratina|77\/100|[from] item: Leftovers\n|-heal|p2a: Gliscor|100\/100 tox|[from] ability: Poison Heal\n|upkeep\n|turn|23\n|\n|t:|1699160740\n|move|p2a: Gliscor|Toxic|p1a: Giratina\n|-status|p1a: Giratina|tox\n|move|p1a: Giratina|Roar|p2a: Gliscor\n|drag|p2a: Arceus|Arceus-Dark|100\/100\n|-damage|p2a: Arceus|88\/100|[from] Stealth Rock\n|-damage|p2a: Arceus|63\/100|[from] Spikes\n|\n|-heal|p1a: Giratina|84\/100 tox|[from] item: Leftovers\n|-damage|p1a: Giratina|77\/100 tox|[from] psn\n|upkeep\n|turn|24\n|\n|t:|1699160752\n|move|p2a: Arceus|Stealth Rock|p1a: Giratina\n|-sidestart|p1: leonissenbaum|move: Stealth Rock\n|move|p1a: Giratina|Will-O-Wisp|p2a: Arceus\n|-status|p2a: Arceus|brn\n|\n|-heal|p1a: Giratina|84\/100 tox|[from] item: Leftovers\n|-damage|p1a: Giratina|71\/100 tox|[from] psn\n|-damage|p2a: Arceus|57\/100 brn|[from] brn\n|upkeep\n|turn|25\n|\n|t:|1699160761\n|move|p2a: Arceus|Recover|p2a: Arceus\n|-heal|p2a: Arceus|100\/100 brn\n|move|p1a: Giratina|Rest|p1a: Giratina\n|-status|p1a: Giratina|slp|[from] move: Rest\n|-heal|p1a: Giratina|100\/100 slp|[silent]\n|\n|-damage|p2a: Arceus|94\/100 brn|[from] brn\n|upkeep\n|turn|26\n|\n|t:|1699160770\n|move|p2a: Arceus|Judgment|p1a: Giratina\n|-supereffective|p1a: Giratina\n|-damage|p1a: Giratina|57\/100 slp\n|cant|p1a: Giratina|slp\n|\n|-heal|p1a: Giratina|63\/100 slp|[from] item: Leftovers\n|-damage|p2a: Arceus|88\/100 brn|[from] brn\n|upkeep\n|turn|27\n|\n|t:|1699160786\n|switch|p2a: Gliscor|Gliscor, F|100\/100 tox\n|-damage|p2a: Gliscor|88\/100 tox|[from] Stealth Rock\n|switch|p1a: Blissey|Blissey, F|71\/100\n|-damage|p1a: Blissey|46\/100|[from] Spikes\n|-damage|p1a: Blissey|34\/100|[from] Stealth Rock\n|\n|-heal|p2a: Gliscor|100\/100 tox|[from] ability: Poison Heal\n|-status|p1a: Blissey|tox|[from] item: Toxic Orb\n|upkeep\n|turn|28\n|\n|t:|1699160803\n|-curestatus|p1a: Blissey|tox|[from] ability: Natural Cure\n|switch|p1a: Dondozo|Dondozo, M|100\/100\n|move|p2a: Gliscor|Earthquake|p1a: Dondozo\n|-damage|p1a: Dondozo|86\/100\n|\n|upkeep\n|turn|29\n|\n|t:|1699160823\n|move|p2a: Gliscor|Toxic|p1a: Dondozo\n|-status|p1a: Dondozo|tox\n|move|p1a: Dondozo|Waterfall|p2a: Gliscor\n|-supereffective|p2a: Gliscor\n|-damage|p2a: Gliscor|59\/100 tox\n|\n|-heal|p2a: Gliscor|72\/100 tox|[from] ability: Poison Heal\n|-damage|p1a: Dondozo|80\/100 tox|[from] psn\n|upkeep\n|turn|30\n|\n|t:|1699160829\n|move|p2a: Gliscor|Earthquake|p1a: Dondozo\n|-damage|p1a: Dondozo|65\/100 tox\n|move|p1a: Dondozo|Waterfall|p2a: Gliscor\n|-supereffective|p2a: Gliscor\n|-damage|p2a: Gliscor|30\/100 tox\n|\n|-heal|p2a: Gliscor|43\/100 tox|[from] ability: Poison Heal\n|-damage|p1a: Dondozo|53\/100 tox|[from] psn\n|upkeep\n|turn|31\n|\n|t:|1699160834\n|move|p2a: Gliscor|Protect|p2a: Gliscor\n|-singleturn|p2a: Gliscor|Protect\n|move|p1a: Dondozo|Waterfall|p2a: Gliscor\n|-activate|p2a: Gliscor|move: Protect\n|\n|-heal|p2a: Gliscor|55\/100 tox|[from] ability: Poison Heal\n|-damage|p1a: Dondozo|34\/100 tox|[from] psn\n|upkeep\n|turn|32\n|\n|t:|1699160839\n|switch|p2a: Cyclizar|Cyclizar, M|71\/100\n|move|p1a: Dondozo|Rest|p1a: Dondozo\n|-status|p1a: Dondozo|slp|[from] move: Rest\n|-heal|p1a: Dondozo|100\/100 slp|[silent]\n|\n|upkeep\n|turn|33\n|\n|t:|1699160844\n|switch|p1a: Gliscor|Gliscor, F|100\/100 tox\n|-damage|p1a: Gliscor|88\/100 tox|[from] Stealth Rock\n|move|p2a: Cyclizar|Knock Off|p1a: Gliscor\n|-crit|p1a: Gliscor\n|-damage|p1a: Gliscor|67\/100 tox\n|-enditem|p1a: Gliscor|Choice Scarf|[from] move: Knock Off|[of] p2a: Cyclizar\n|\n|-heal|p1a: Gliscor|80\/100 tox|[from] ability: Poison Heal\n|upkeep\n|turn|34\n|\n|t:|1699160852\n|move|p1a: Gliscor|Protect|p1a: Gliscor\n|-singleturn|p1a: Gliscor|Protect\n|move|p2a: Cyclizar|Rapid Spin|p1a: Gliscor\n|-activate|p1a: Gliscor|move: Protect\n|\n|-heal|p1a: Gliscor|92\/100 tox|[from] ability: Poison Heal\n|upkeep\n|turn|35\n|\n|t:|1699160860\n|switch|p1a: Giratina|Giratina, shiny|63\/100 slp\n|-damage|p1a: Giratina|38\/100 slp|[from] Spikes\n|-damage|p1a: Giratina|26\/100 slp|[from] Stealth Rock\n|-ability|p1a: Giratina|Pressure\n|move|p2a: Cyclizar|Shed Tail|p2a: Cyclizar\n|-start|p2a: Cyclizar|Substitute|[from] move: Shed Tail\n|-damage|p2a: Cyclizar|21\/100\n|\n|t:|1699160867\n|switch|p2a: Zacian|Zacian|100\/100|[from] Shed Tail\n|-damage|p2a: Zacian|88\/100|[from] Stealth Rock\n|-damage|p2a: Zacian|63\/100|[from] Spikes\n|-ability|p2a: Zacian|Intrepid Sword|boost\n|-boost|p2a: Zacian|atk|1\n|\n|-heal|p1a: Giratina|32\/100 slp|[from] item: Leftovers\n|upkeep\n|turn|36\n|\n|t:|1699160875\n|switch|p1a: Dondozo|Dondozo, M|100\/100 slp\n|move|p2a: Zacian|Play Rough|p1a: Dondozo\n|-damage|p1a: Dondozo|71\/100 slp\n|\n|upkeep\n|turn|37\n|\n|t:|1699160886\n|move|p2a: Zacian|Play Rough|p1a: Dondozo\n|-damage|p1a: Dondozo|42\/100 slp\n|cant|p1a: Dondozo|slp\n|move|p1a: Dondozo|Sleep Talk|p1a: Dondozo\n|move|p1a: Dondozo|Body Press|p2a: Zacian|[from]move: Sleep Talk\n|-resisted|p2a: Zacian\n|-activate|p2a: Zacian|move: Substitute|[damage]\n|\n|upkeep\n|turn|38\n|\n|t:|1699160889\n|move|p2a: Zacian|Play Rough|p1a: Dondozo\n|-damage|p1a: Dondozo|14\/100 slp\n|cant|p1a: Dondozo|slp\n|move|p1a: Dondozo|Sleep Talk|p1a: Dondozo\n|move|p1a: Dondozo|Body Press|p2a: Zacian|[from]move: Sleep Talk\n|-resisted|p2a: Zacian\n|-activate|p2a: Zacian|move: Substitute|[damage]\n|\n|upkeep\n|turn|39\n|\n|t:|1699160895\n|move|p2a: Zacian|Play Rough|p1a: Dondozo\n|-damage|p1a: Dondozo|0 fnt\n|faint|p1a: Dondozo\n|\n|upkeep\n|\n|t:|1699160915\n|switch|p1a: Clefable|Clefable, F|100\/100\n|-damage|p1a: Clefable|76\/100|[from] Spikes\n|-damage|p1a: Clefable|63\/100|[from] Stealth Rock\n|turn|40\n|\n|t:|1699160921\n|move|p1a: Clefable|Protect|p1a: Clefable\n|-singleturn|p1a: Clefable|Protect\n|move|p2a: Zacian|Play Rough|p1a: Clefable\n|-activate|p1a: Clefable|move: Protect\n|\n|-heal|p1a: Clefable|69\/100|[from] item: Leftovers\n|upkeep\n|turn|41\n|\n|t:|1699160935\n|move|p2a: Zacian|Play Rough|p1a: Clefable|[miss]\n|-miss|p2a: Zacian|p1a: Clefable\n|move|p1a: Clefable|Wish|p1a: Clefable\n|\n|-heal|p1a: Clefable|75\/100|[from] item: Leftovers\n|upkeep\n|turn|42\n|\n|t:|1699160940\n|move|p1a: Clefable|Protect|p1a: Clefable\n|-singleturn|p1a: Clefable|Protect\n|move|p2a: Zacian|Play Rough|p1a: Clefable\n|-activate|p1a: Clefable|move: Protect\n|\n|-heal|p1a: Clefable|100\/100|[from] move: Wish|[wisher] Clefable\n|upkeep\n|turn|43\n|\n|t:|1699160945\n|move|p2a: Zacian|Play Rough|p1a: Clefable\n|-damage|p1a: Clefable|22\/100\n|move|p1a: Clefable|Wish|p1a: Clefable\n|\n|-heal|p1a: Clefable|28\/100|[from] item: Leftovers\n|upkeep\n|turn|44\n|\n|t:|1699160949\n|move|p1a: Clefable|Protect|p1a: Clefable\n|-singleturn|p1a: Clefable|Protect\n|move|p2a: Zacian|Play Rough|p1a: Clefable\n|-activate|p1a: Clefable|move: Protect\n|\n|-heal|p1a: Clefable|78\/100|[from] move: Wish|[wisher] Clefable\n|-heal|p1a: Clefable|84\/100|[from] item: Leftovers\n|upkeep\n|turn|45\n|\n|t:|1699160955\n|move|p2a: Zacian|Play Rough|p1a: Clefable\n|-damage|p1a: Clefable|6\/100\n|move|p1a: Clefable|Wish|p1a: Clefable\n|\n|-heal|p1a: Clefable|12\/100|[from] item: Leftovers\n|upkeep\n|turn|46\n|\n|t:|1699160959\n|move|p1a: Clefable|Protect|p1a: Clefable\n|-singleturn|p1a: Clefable|Protect\n|move|p2a: Zacian|Play Rough|p1a: Clefable\n|-activate|p1a: Clefable|move: Protect\n|\n|-heal|p1a: Clefable|62\/100|[from] move: Wish|[wisher] Clefable\n|-heal|p1a: Clefable|68\/100|[from] item: Leftovers\n|upkeep\n|turn|47\n|\n|t:|1699160963\n|move|p2a: Zacian|Play Rough|p1a: Clefable|[miss]\n|-miss|p2a: Zacian|p1a: Clefable\n|move|p1a: Clefable|Wish|p1a: Clefable\n|\n|-heal|p1a: Clefable|74\/100|[from] item: Leftovers\n|upkeep\n|turn|48\n|\n|t:|1699160971\n|switch|p2a: Gholdengo|Gholdengo|88\/100\n|-damage|p2a: Gholdengo|82\/100|[from] Stealth Rock\n|-damage|p2a: Gholdengo|57\/100|[from] Spikes\n|move|p1a: Clefable|Protect||[still]\n|-fail|p1a: Clefable\n|\n|-heal|p1a: Clefable|100\/100|[from] move: Wish|[wisher] Clefable\n|upkeep\n|turn|49\n|\n|t:|1699160980\n|switch|p1a: Gliscor|Gliscor, F|92\/100 tox\n|-damage|p1a: Gliscor|80\/100 tox|[from] Stealth Rock\n|move|p2a: Gholdengo|Recover|p2a: Gholdengo\n|-heal|p2a: Gholdengo|100\/100\n|\n|-heal|p1a: Gliscor|92\/100 tox|[from] ability: Poison Heal\n|upkeep\n|turn|50\n|\n|t:|1699160988\n|move|p2a: Gholdengo|Shadow Ball|p1a: Gliscor\n|-damage|p1a: Gliscor|56\/100 tox\n|-unboost|p1a: Gliscor|spd|1\n|move|p1a: Gliscor|Knock Off|p2a: Gholdengo\n|-supereffective|p2a: Gholdengo\n|-damage|p2a: Gholdengo|70\/100\n|\n|-heal|p1a: Gliscor|68\/100 tox|[from] ability: Poison Heal\n|upkeep\n|turn|51\n|j| GratedsShtickface\n|\n|t:|1699161001\n|move|p1a: Gliscor|Protect|p1a: Gliscor\n|-singleturn|p1a: Gliscor|Protect\n|move|p2a: Gholdengo|Shadow Ball|p1a: Gliscor\n|-activate|p1a: Gliscor|move: Protect\n|\n|-heal|p1a: Gliscor|80\/100 tox|[from] ability: Poison Heal\n|upkeep\n|turn|52\n|l| GratedsShtickface\n|\n|t:|1699161024\n|switch|p1a: Giratina|Giratina, shiny|32\/100 slp\n|-damage|p1a: Giratina|7\/100 slp|[from] Spikes\n|-damage|p1a: Giratina|0 fnt|[from] Stealth Rock\n|faint|p1a: Giratina\n|move|p2a: Gholdengo|Shadow Ball|p1: Giratina|[notarget]\n|-fail|p2a: Gholdengo\n|\n|upkeep\n|\n|t:|1699161026\n|switch|p1a: Gliscor|Gliscor, F|80\/100 tox\n|-damage|p1a: Gliscor|68\/100 tox|[from] Stealth Rock\n|turn|53\n|\n|t:|1699161032\n|move|p1a: Gliscor|Protect|p1a: Gliscor\n|-singleturn|p1a: Gliscor|Protect\n|move|p2a: Gholdengo|Shadow Ball|p1a: Gliscor\n|-activate|p1a: Gliscor|move: Protect\n|\n|-heal|p1a: Gliscor|80\/100 tox|[from] ability: Poison Heal\n|upkeep\n|turn|54\n|\n|t:|1699161038\n|-terastallize|p1a: Gliscor|Normal\n|move|p2a: Gholdengo|Shadow Ball|p1a: Gliscor\n|-immune|p1a: Gliscor\n|move|p1a: Gliscor|Knock Off|p2a: Gholdengo\n|-supereffective|p2a: Gholdengo\n|-damage|p2a: Gholdengo|37\/100\n|\n|-heal|p1a: Gliscor|93\/100 tox|[from] ability: Poison Heal\n|upkeep\n|turn|55\n|\n|t:|1699161041\n|move|p2a: Gholdengo|Recover|p2a: Gholdengo\n|-heal|p2a: Gholdengo|87\/100\n|move|p1a: Gliscor|Knock Off|p2a: Gholdengo\n|-supereffective|p2a: Gholdengo\n|-damage|p2a: Gholdengo|56\/100\n|\n|-heal|p1a: Gliscor|100\/100 tox|[from] ability: Poison Heal\n|upkeep\n|turn|56\n|\n|t:|1699161043\n|move|p2a: Gholdengo|Recover|p2a: Gholdengo\n|-heal|p2a: Gholdengo|100\/100\n|move|p1a: Gliscor|Knock Off|p2a: Gholdengo\n|-supereffective|p2a: Gholdengo\n|-damage|p2a: Gholdengo|72\/100\n|\n|upkeep\n|turn|57\n|\n|t:|1699161047\n|switch|p2a: Gliscor|Gliscor, F|55\/100 tox\n|-damage|p2a: Gliscor|43\/100 tox|[from] Stealth Rock\n|move|p1a: Gliscor|Knock Off|p2a: Gliscor\n|-crit|p2a: Gliscor\n|-damage|p2a: Gliscor|25\/100 tox\n|\n|-heal|p2a: Gliscor|38\/100 tox|[from] ability: Poison Heal\n|upkeep\n|turn|58\n|\n|t:|1699161056\n|move|p2a: Gliscor|Earthquake|p1a: Gliscor\n|-damage|p1a: Gliscor|73\/100 tox\n|move|p1a: Gliscor|Spikes||[still]\n|-fail|p1a: Gliscor\n|\n|-heal|p2a: Gliscor|50\/100 tox|[from] ability: Poison Heal\n|-heal|p1a: Gliscor|86\/100 tox|[from] ability: Poison Heal\n|upkeep\n|turn|59\n|\n|t:|1699161063\n|move|p1a: Gliscor|Protect|p1a: Gliscor\n|-singleturn|p1a: Gliscor|Protect\n|move|p2a: Gliscor|Earthquake|p1a: Gliscor\n|-activate|p1a: Gliscor|move: Protect\n|\n|-heal|p2a: Gliscor|63\/100 tox|[from] ability: Poison Heal\n|-heal|p1a: Gliscor|98\/100 tox|[from] ability: Poison Heal\n|upkeep\n|turn|60\n|\n|t:|1699161083\n|switch|p2a: Cyclizar|Cyclizar, M|54\/100\n|move|p1a: Gliscor|Spikes||[still]\n|-fail|p1a: Gliscor\n|\n|-heal|p1a: Gliscor|100\/100 tox|[from] ability: Poison Heal\n|upkeep\n|turn|61\n|\n|t:|1699161090\n|move|p2a: Cyclizar|Rapid Spin|p1a: Gliscor\n|-damage|p1a: Gliscor|88\/100 tox\n|-boost|p2a: Cyclizar|spe|1\n|-sideend|p2: Blanched|Spikes|[from] move: Rapid Spin|[of] p2a: Cyclizar\n|-sideend|p2: Blanched|Stealth Rock|[from] move: Rapid Spin|[of] p2a: Cyclizar\n|move|p1a: Gliscor|Knock Off|p2a: Cyclizar\n|-damage|p2a: Cyclizar|26\/100\n|-enditem|p2a: Cyclizar|Heavy-Duty Boots|[from] move: Knock Off|[of] p1a: Gliscor\n|\n|-heal|p1a: Gliscor|99\/100 tox|[from] ability: Poison Heal\n|upkeep\n|turn|62\n|\n|t:|1699161097\n|move|p2a: Cyclizar|U-turn|p1a: Gliscor\n|-damage|p1a: Gliscor|89\/100 tox\n|\n|t:|1699161100\n|switch|p2a: Zacian|Zacian|63\/100|[from] U-turn\n|move|p1a: Gliscor|Spikes|p2a: Zacian\n|-sidestart|p2: Blanched|Spikes\n|\n|-heal|p1a: Gliscor|100\/100 tox|[from] ability: Poison Heal\n|upkeep\n|turn|63\n|\n|t:|1699161107\n|move|p1a: Gliscor|Protect|p1a: Gliscor\n|-singleturn|p1a: Gliscor|Protect\n|move|p2a: Zacian|Close Combat|p1a: Gliscor\n|-activate|p1a: Gliscor|move: Protect\n|\n|upkeep\n|turn|64\n|\n|t:|1699161129\n|switch|p2a: Gholdengo|Gholdengo|72\/100\n|-damage|p2a: Gholdengo|59\/100|[from] Spikes\n|switch|p1a: Clefable|Clefable, F|100\/100\n|-damage|p1a: Clefable|76\/100|[from] Spikes\n|-damage|p1a: Clefable|63\/100|[from] Stealth Rock\n|\n|-heal|p1a: Clefable|69\/100|[from] item: Leftovers\n|upkeep\n|turn|65\n|\n|t:|1699161135\n|move|p1a: Clefable|Protect|p1a: Clefable\n|-singleturn|p1a: Clefable|Protect\n|move|p2a: Gholdengo|Make It Rain|p1a: Clefable\n|-activate|p1a: Clefable|move: Protect\n|\n|-heal|p1a: Clefable|75\/100|[from] item: Leftovers\n|upkeep\n|turn|66\n|\n|t:|1699161141\n|switch|p1a: Gliscor|Gliscor, F, tera:Normal|100\/100 tox\n|-damage|p1a: Gliscor|76\/100 tox|[from] Spikes\n|-damage|p1a: Gliscor|63\/100 tox|[from] Stealth Rock\n|move|p2a: Gholdengo|Make It Rain|p1a: Gliscor\n|-damage|p1a: Gliscor|11\/100 tox\n|-unboost|p2a: Gholdengo|spa|1\n|\n|-heal|p1a: Gliscor|24\/100 tox|[from] ability: Poison Heal\n|upkeep\n|turn|67\n|\n|t:|1699161144\n|move|p1a: Gliscor|Protect|p1a: Gliscor\n|-singleturn|p1a: Gliscor|Protect\n|move|p2a: Gholdengo|Recover|p2a: Gholdengo\n|-heal|p2a: Gholdengo|100\/100\n|\n|-heal|p1a: Gliscor|36\/100 tox|[from] ability: Poison Heal\n|upkeep\n|turn|68\n|\n|t:|1699161148\n|move|p2a: Gholdengo|Make It Rain|p1a: Gliscor\n|-damage|p1a: Gliscor|3\/100 tox\n|-unboost|p2a: Gholdengo|spa|1\n|move|p1a: Gliscor|Spikes|p2a: Gholdengo\n|-sidestart|p2: Blanched|Spikes\n|\n|-heal|p1a: Gliscor|15\/100 tox|[from] ability: Poison Heal\n|upkeep\n|turn|69\n|\n|t:|1699161156\n|move|p1a: Gliscor|Protect|p1a: Gliscor\n|-singleturn|p1a: Gliscor|Protect\n|move|p2a: Gholdengo|Make It Rain|p1a: Gliscor\n|-activate|p1a: Gliscor|move: Protect\n|\n|-heal|p1a: Gliscor|28\/100 tox|[from] ability: Poison Heal\n|upkeep\n|turn|70\n|\n|t:|1699161159\n|move|p2a: Gholdengo|Make It Rain|p1a: Gliscor\n|-damage|p1a: Gliscor|1\/100 tox\n|-unboost|p2a: Gholdengo|spa|1\n|move|p1a: Gliscor|Spikes|p2a: Gholdengo\n|-sidestart|p2: Blanched|Spikes\n|\n|-heal|p1a: Gliscor|14\/100 tox|[from] ability: Poison Heal\n|upkeep\n|turn|71\n|\n|t:|1699161162\n|switch|p2a: Cyclizar|Cyclizar, M|59\/100\n|-damage|p2a: Cyclizar|34\/100|[from] Spikes\n|move|p1a: Gliscor|Protect||[still]\n|-fail|p1a: Gliscor\n|\n|-heal|p1a: Gliscor|26\/100 tox|[from] ability: Poison Heal\n|upkeep\n|turn|72\n|\n|t:|1699161172\n|move|p2a: Cyclizar|Rapid Spin|p1a: Gliscor\n|-damage|p1a: Gliscor|15\/100 tox\n|-boost|p2a: Cyclizar|spe|1\n|-sideend|p2: Blanched|Spikes|[from] move: Rapid Spin|[of] p2a: Cyclizar\n|move|p1a: Gliscor|Toxic|p2a: Cyclizar\n|-status|p2a: Cyclizar|tox\n|\n|-damage|p2a: Cyclizar|28\/100 tox|[from] psn\n|-heal|p1a: Gliscor|27\/100 tox|[from] ability: Poison Heal\n|upkeep\n|turn|73\n|\n|t:|1699161177\n|switch|p2a: Gholdengo|Gholdengo|100\/100\n|move|p1a: Gliscor|Spikes|p2a: Gholdengo\n|-sidestart|p2: Blanched|Spikes\n|\n|-heal|p1a: Gliscor|40\/100 tox|[from] ability: Poison Heal\n|upkeep\n|turn|74\n|\n|t:|1699161184\n|move|p1a: Gliscor|Protect|p1a: Gliscor\n|-singleturn|p1a: Gliscor|Protect\n|move|p2a: Gholdengo|Make It Rain|p1a: Gliscor\n|-activate|p1a: Gliscor|move: Protect\n|\n|-heal|p1a: Gliscor|52\/100 tox|[from] ability: Poison Heal\n|upkeep\n|turn|75\n|\n|t:|1699161206\n|switch|p2a: Palkia|Palkia-Origin|100\/100\n|-damage|p2a: Palkia|88\/100|[from] Spikes\n|-ability|p2a: Palkia|Pressure\n|move|p1a: Gliscor|Spikes|p2a: Palkia\n|-sidestart|p2: Blanched|Spikes\n|\n|-heal|p1a: Gliscor|65\/100 tox|[from] ability: Poison Heal\n|upkeep\n|turn|76\n|\n|t:|1699161211\n|move|p1a: Gliscor|Protect|p1a: Gliscor\n|-singleturn|p1a: Gliscor|Protect\n|move|p2a: Palkia|Substitute|p2a: Palkia\n|-start|p2a: Palkia|Substitute\n|-damage|p2a: Palkia|63\/100\n|\n|-heal|p1a: Gliscor|77\/100 tox|[from] ability: Poison Heal\n|upkeep\n|turn|77\n|\n|t:|1699161223\n|switch|p1a: Blissey|Blissey, F|34\/100\n|-damage|p1a: Blissey|9\/100|[from] Spikes\n|-damage|p1a: Blissey|0 fnt|[from] Stealth Rock\n|faint|p1a: Blissey\n|move|p2a: Palkia|Hydro Pump|p1: Blissey|[notarget]\n|-fail|p2a: Palkia\n|\n|upkeep\n|\n|t:|1699161226\n|switch|p1a: Clefable|Clefable, F|75\/100\n|-damage|p1a: Clefable|50\/100|[from] Spikes\n|-damage|p1a: Clefable|38\/100|[from] Stealth Rock\n|turn|78\n|\n|t:|1699161229\n|move|p1a: Clefable|Protect|p1a: Clefable\n|-singleturn|p1a: Clefable|Protect\n|move|p2a: Palkia|Hydro Pump|p1a: Clefable\n|-activate|p1a: Clefable|move: Protect\n|\n|-heal|p1a: Clefable|44\/100|[from] item: Leftovers\n|upkeep\n|turn|79\n|\n|t:|1699161233\n|move|p2a: Palkia|Hydro Pump|p1a: Clefable\n|-damage|p1a: Clefable|0 fnt\n|faint|p1a: Clefable\n|\n|upkeep\n|\n|t:|1699161236\n|switch|p1a: Gliscor|Gliscor, F, tera:Normal|77\/100 tox\n|-damage|p1a: Gliscor|52\/100 tox|[from] Spikes\n|-damage|p1a: Gliscor|40\/100 tox|[from] Stealth Rock\n|turn|80\n|c|\u2606leonissenbaum|gg\n|\n|t:|1699161241\n|move|p1a: Gliscor|Protect|p1a: Gliscor\n|-singleturn|p1a: Gliscor|Protect\n|move|p2a: Palkia|Draco Meteor|p1a: Gliscor\n|-activate|p1a: Gliscor|move: Protect\n|\n|-heal|p1a: Gliscor|52\/100 tox|[from] ability: Poison Heal\n|upkeep\n|turn|81\n|\n|t:|1699161243\n|move|p2a: Palkia|Draco Meteor|p1a: Gliscor\n|-damage|p1a: Gliscor|0 fnt\n|-unboost|p2a: Palkia|spa|2\n|faint|p1a: Gliscor\n|\n|win|Blanched\n","uploadtime":1699161251,"views":28,"p1id":"leonissenbaum","p2id":"blanched","formatid":"gen9ubers","rating":0,"private":0,"password":""}