{"id":"gen9ubers-1980529906","p1":"cabdullahi","p2":"JOE1234F","format":"[Gen 9] Ubers","log":"|j|\u2606cabdullahi\n|j|\u2606JOE1234F\n|t:|1698794045\n|gametype|singles\n|player|p1|cabdullahi|169|1000\n|player|p2|JOE1234F|265|1064\n|teamsize|p1|6\n|teamsize|p2|6\n|gen|9\n|tier|[Gen 9] Ubers\n|rated|\n|rule|Sleep Clause Mod: Limit one foe put to sleep\n|rule|Species Clause: Limit one of each Pok\u00e9mon\n|rule|OHKO Clause: OHKO moves are banned\n|rule|Evasion Items Clause: Evasion items are banned\n|rule|Evasion Moves Clause: Evasion moves are banned\n|rule|Endless Battle Clause: Forcing endless battles is banned\n|rule|HP Percentage Mod: HP is shown in percentages\n|clearpoke\n|poke|p1|Arceus-Dragon|\n|poke|p1|Articuno-Galar|\n|poke|p1|Mewtwo|\n|poke|p1|Rayquaza|\n|poke|p1|Kyogre|\n|poke|p1|Moltres|\n|poke|p2|Sylveon, F|\n|poke|p2|Infernape, F|\n|poke|p2|Tandemaus|\n|poke|p2|Greninja-*, M|\n|poke|p2|Garchomp, M|\n|poke|p2|Arceus|\n|teampreview\n|\n|t:|1698794063\n|start\n|switch|p1a: Rayquaza|Rayquaza|100\/100\n|switch|p2a: Arceus|Arceus, shiny|100\/100\n|-ability|p1a: Rayquaza|Air Lock\n|turn|1\n|\n|t:|1698794071\n|move|p2a: Arceus|Swords Dance|p2a: Arceus\n|-boost|p2a: Arceus|atk|2\n|move|p1a: Rayquaza|Dragon Pulse|p2a: Arceus\n|-damage|p2a: Arceus|73\/100\n|\n|-heal|p2a: Arceus|79\/100|[from] item: Leftovers\n|upkeep\n|turn|2\n|\n|t:|1698794081\n|move|p2a: Arceus|Swords Dance|p2a: Arceus\n|-boost|p2a: Arceus|atk|2\n|move|p1a: Rayquaza|Flamethrower|p2a: Arceus\n|-damage|p2a: Arceus|58\/100\n|\n|-heal|p2a: Arceus|64\/100|[from] item: Leftovers\n|upkeep\n|turn|3\n|\n|t:|1698794090\n|move|p1a: Rayquaza|Blizzard|p2a: Arceus|[miss]\n|-miss|p1a: Rayquaza|p2a: Arceus\n|move|p2a: Arceus|Avalanche|p1a: Rayquaza\n|-supereffective|p1a: Rayquaza\n|-damage|p1a: Rayquaza|0 fnt\n|faint|p1a: Rayquaza\n|\n|-heal|p2a: Arceus|70\/100|[from] item: Leftovers\n|upkeep\n|\n|t:|1698794103\n|switch|p1a: Articuno|Articuno-Galar|100\/100\n|turn|4\n|\n|t:|1698794115\n|move|p2a: Arceus|Extreme Speed|p1a: Articuno\n|-damage|p1a: Articuno|0 fnt\n|faint|p1a: Articuno\n|\n|-heal|p2a: Arceus|76\/100|[from] item: Leftovers\n|upkeep\n|\n|t:|1698794121\n|switch|p1a: Arceus|Arceus-Dragon|100\/100\n|turn|5\n|\n|t:|1698794137\n|move|p1a: Arceus|Body Press|p2a: Arceus\n|-supereffective|p2a: Arceus\n|-damage|p2a: Arceus|44\/100\n|move|p2a: Arceus|Avalanche|p1a: Arceus\n|-supereffective|p1a: Arceus\n|-damage|p1a: Arceus|0 fnt\n|faint|p1a: Arceus\n|\n|-heal|p2a: Arceus|50\/100|[from] item: Leftovers\n|upkeep\n|\n|t:|1698794147\n|switch|p1a: Moltres|Moltres|100\/100\n|-ability|p1a: Moltres|Pressure\n|turn|6\n|\n|t:|1698794153\n|move|p2a: Arceus|Extreme Speed|p1a: Moltres\n|-damage|p1a: Moltres|0 fnt\n|faint|p1a: Moltres\n|\n|-heal|p2a: Arceus|56\/100|[from] item: Leftovers\n|upkeep\n|c|\u2606JOE1234F|you suck hoe\n|\n|t:|1698794164\n|switch|p1a: Mewtwo|Mewtwo|100\/100\n|-ability|p1a: Mewtwo|Pressure\n|turn|7\n|\n|t:|1698794171\n|move|p2a: Arceus|Extreme Speed|p1a: Mewtwo\n|-damage|p1a: Mewtwo|0 fnt\n|faint|p1a: Mewtwo\n|\n|-heal|p2a: Arceus|62\/100|[from] item: Leftovers\n|upkeep\n|\n|t:|1698794177\n|switch|p1a: Kyogre|Kyogre|100\/100\n|-weather|RainDance|[from] ability: Drizzle|[of] p1a: Kyogre\n|turn|8\n|\n|t:|1698794182\n|move|p2a: Arceus|Extreme Speed|p1a: Kyogre\n|-damage|p1a: Kyogre|0 fnt\n|faint|p1a: Kyogre\n|\n|win|JOE1234F\n|raw|cabdullahi's rating: 1000 &rarr; <strong>1000<\/strong><br \/>(+0 for losing)\n|raw|JOE1234F's rating: 1064 &rarr; <strong>1089<\/strong><br \/>(+25 for winning)\n","uploadtime":1698794161,"views":7,"p1id":"cabdullahi","p2id":"joe1234f","formatid":"gen9ubers","rating":1000,"private":0,"password":""}