{"id":"gen9ubers-1969137125","p1":"pepinho14","p2":"lilliput78","format":"[Gen 9] Ubers","log":"|j|\u2606pepinho14\n|j|\u2606lilliput78\n|t:|1697493357\n|gametype|singles\n|player|p1|pepinho14|tuber|1277\n|player|p2|lilliput78|169|1551\n|teamsize|p1|6\n|teamsize|p2|6\n|gen|9\n|tier|[Gen 9] Ubers\n|rated|\n|rule|Sleep Clause Mod: Limit one foe put to sleep\n|rule|Species Clause: Limit one of each Pok\u00e9mon\n|rule|OHKO Clause: OHKO moves are banned\n|rule|Evasion Items Clause: Evasion items are banned\n|rule|Evasion Moves Clause: Evasion moves are banned\n|rule|Endless Battle Clause: Forcing endless battles is banned\n|rule|HP Percentage Mod: HP is shown in percentages\n|clearpoke\n|poke|p1|Koraidon|\n|poke|p1|Miraidon|\n|poke|p1|Ribombee, F|\n|poke|p1|Skeledirge, F|\n|poke|p1|Zacian-*|\n|poke|p1|Ting-Lu|\n|poke|p2|Dondozo, F|\n|poke|p2|Blissey, F|\n|poke|p2|Giratina-Origin|\n|poke|p2|Toxapex, M|\n|poke|p2|Clodsire, F|\n|poke|p2|Koraidon|\n|teampreview\n|inactive|Battle timer is ON: inactive players will automatically lose when time's up. (requested by pepinho14)\n|\n|t:|1697493370\n|start\n|switch|p1a: Ribombee|Ribombee, F|100\/100\n|switch|p2a: Clodsire|Clodsire, F|100\/100\n|turn|1\n|\n|t:|1697493397\n|move|p1a: Ribombee|Stun Spore|p2a: Clodsire\n|-status|p2a: Clodsire|par\n|move|p2a: Clodsire|Spikes|p1a: Ribombee\n|-sidestart|p1: pepinho14|Spikes\n|\n|upkeep\n|turn|2\n|inactive|lilliput78 has 120 seconds left.\n|\n|t:|1697493429\n|move|p1a: Ribombee|Sticky Web|p2a: Clodsire\n|-sidestart|p2: lilliput78|move: Sticky Web\n|move|p2a: Clodsire|Spikes|p1a: Ribombee\n|-sidestart|p1: pepinho14|Spikes\n|\n|upkeep\n|turn|3\n|inactive|pepinho14 has 120 seconds left.\n|\n|t:|1697493460\n|switch|p1a: Ting-Lu|Ting-Lu|100\/100\n|-damage|p1a: Ting-Lu|84\/100|[from] Spikes\n|-ability|p1a: Ting-Lu|Vessel of Ruin\n|move|p2a: Clodsire|Spikes|p1a: Ting-Lu\n|-sidestart|p1: pepinho14|Spikes\n|\n|-heal|p1a: Ting-Lu|90\/100|[from] item: Leftovers\n|upkeep\n|turn|4\n|\n|t:|1697493464\n|switch|p2a: Giratina|Giratina-Origin|100\/100\n|move|p1a: Ting-Lu|Stealth Rock|p2a: Giratina\n|-sidestart|p2: lilliput78|move: Stealth Rock\n|\n|-heal|p1a: Ting-Lu|96\/100|[from] item: Leftovers\n|upkeep\n|turn|5\n|\n|t:|1697493472\n|move|p2a: Giratina|Will-O-Wisp|p1a: Ting-Lu\n|-status|p1a: Ting-Lu|brn\n|move|p1a: Ting-Lu|Whirlwind|p2a: Giratina\n|drag|p2a: Blissey|Blissey, F|100\/100\n|\n|-heal|p1a: Ting-Lu|100\/100 brn|[from] item: Leftovers\n|-damage|p1a: Ting-Lu|94\/100 brn|[from] brn\n|upkeep\n|turn|6\n|\n|t:|1697493482\n|move|p2a: Blissey|Stealth Rock|p1a: Ting-Lu\n|-sidestart|p1: pepinho14|move: Stealth Rock\n|move|p1a: Ting-Lu|Spikes|p2a: Blissey\n|-sidestart|p2: lilliput78|Spikes\n|\n|-heal|p1a: Ting-Lu|100\/100 brn|[from] item: Leftovers\n|-damage|p1a: Ting-Lu|94\/100 brn|[from] brn\n|upkeep\n|turn|7\n|\n|t:|1697493484\n|switch|p2a: Giratina|Giratina-Origin|100\/100\n|-damage|p2a: Giratina|88\/100|[from] Stealth Rock\n|move|p1a: Ting-Lu|Spikes|p2a: Giratina\n|-sidestart|p2: lilliput78|Spikes\n|\n|-heal|p1a: Ting-Lu|100\/100 brn|[from] item: Leftovers\n|-damage|p1a: Ting-Lu|94\/100 brn|[from] brn\n|upkeep\n|turn|8\n|\n|t:|1697493491\n|move|p2a: Giratina|Defog|p1a: Ting-Lu\n|-unboost|p1a: Ting-Lu|evasion|1\n|-sideend|p1: pepinho14|Spikes|[from] move: Defog|[of] p2a: Giratina\n|-sideend|p1: pepinho14|Stealth Rock|[from] move: Defog|[of] p2a: Giratina\n|-sideend|p2: lilliput78|Spikes|[from] move: Defog|[of] p2a: Giratina\n|-sideend|p2: lilliput78|Stealth Rock|[from] move: Defog|[of] p2a: Giratina\n|-sideend|p2: lilliput78|Sticky Web|[from] move: Defog|[of] p2a: Giratina\n|move|p1a: Ting-Lu|Spikes|p2a: Giratina\n|-sidestart|p2: lilliput78|Spikes\n|\n|-heal|p1a: Ting-Lu|100\/100 brn|[from] item: Leftovers\n|-damage|p1a: Ting-Lu|94\/100 brn|[from] brn\n|upkeep\n|turn|9\n|\n|t:|1697493502\n|move|p2a: Giratina|Defog|p1a: Ting-Lu\n|-unboost|p1a: Ting-Lu|evasion|1\n|-sideend|p2: lilliput78|Spikes|[from] move: Defog|[of] p2a: Giratina\n|move|p1a: Ting-Lu|Stealth Rock|p2a: Giratina\n|-sidestart|p2: lilliput78|move: Stealth Rock\n|\n|-heal|p1a: Ting-Lu|100\/100 brn|[from] item: Leftovers\n|-damage|p1a: Ting-Lu|94\/100 brn|[from] brn\n|upkeep\n|turn|10\n|\n|t:|1697493511\n|switch|p2a: Koraidon|Koraidon|100\/100\n|-damage|p2a: Koraidon|94\/100|[from] Stealth Rock\n|-weather|SunnyDay|[from] ability: Orichalcum Pulse|[of] p2a: Koraidon\n|-activate|p2a: Koraidon|Orichalcum Pulse|[source]\n|move|p1a: Ting-Lu|Spikes|p2a: Koraidon\n|-sidestart|p2: lilliput78|Spikes\n|\n|-weather|SunnyDay|[upkeep]\n|-heal|p1a: Ting-Lu|100\/100 brn|[from] item: Leftovers\n|-damage|p1a: Ting-Lu|94\/100 brn|[from] brn\n|upkeep\n|turn|11\n|\n|t:|1697493517\n|switch|p1a: Skeledirge|Skeledirge, F|100\/100\n|move|p2a: Koraidon|Close Combat|p1a: Skeledirge\n|-immune|p1a: Skeledirge\n|\n|-weather|SunnyDay|[upkeep]\n|upkeep\n|turn|12\n|\n|t:|1697493525\n|switch|p2a: Blissey|Blissey, F|100\/100\n|move|p1a: Skeledirge|Will-O-Wisp|p2a: Blissey\n|-status|p2a: Blissey|brn\n|\n|-weather|SunnyDay|[upkeep]\n|-damage|p2a: Blissey|94\/100 brn|[from] brn\n|upkeep\n|turn|13\n|\n|t:|1697493541\n|switch|p1a: Koraidon|Koraidon|100\/100\n|-activate|p1a: Koraidon|ability: Orichalcum Pulse\n|move|p2a: Blissey|Heal Bell|p2a: Blissey\n|-activate|p2a: Blissey|move: Heal Bell\n|-curestatus|p2a: Blissey|brn|[msg]\n|-curestatus|p2: Clodsire|par|[msg]\n|\n|-weather|SunnyDay|[upkeep]\n|upkeep\n|turn|14\n|\n|t:|1697493549\n|switch|p2a: Dondozo|Dondozo, F|100\/100\n|move|p1a: Koraidon|U-turn|p2a: Dondozo\n|-damage|p2a: Dondozo|84\/100\n|\n|t:|1697493556\n|switch|p1a: Miraidon|Miraidon|100\/100|[from] U-turn\n|-fieldstart|move: Electric Terrain|[from] ability: Hadron Engine|[of] p1a: Miraidon\n|\n|-weather|none\n|upkeep\n|turn|15\n|\n|t:|1697493564\n|switch|p2a: Clodsire|Clodsire, F|100\/100\n|move|p1a: Miraidon|Calm Mind|p1a: Miraidon\n|-boost|p1a: Miraidon|spa|1\n|-boost|p1a: Miraidon|spd|1\n|\n|upkeep\n|turn|16\n|l|\u2606pepinho14\n|inactive|pepinho14 disconnected and has a minute to reconnect!\n|player|p1|\n|inactive|pepinho14 has 30 seconds to reconnect!\n|j|\u2606pepinho14\n|inactive|pepinho14 reconnected and has 105 seconds left.\n|player|p1|pepinho14|tuber\n|\n|t:|1697493613\n|move|p1a: Miraidon|Draco Meteor|p2a: Clodsire\n|-damage|p2a: Clodsire|2\/100\n|-unboost|p1a: Miraidon|spa|2\n|-damage|p1a: Miraidon|91\/100|[from] item: Life Orb\n|move|p2a: Clodsire|Toxic|p1a: Miraidon\n|-status|p1a: Miraidon|tox\n|\n|-damage|p1a: Miraidon|84\/100 tox|[from] psn\n|upkeep\n|turn|17\n|\n|t:|1697493623\n|move|p1a: Miraidon|Dazzling Gleam|p2a: Clodsire\n|-resisted|p2a: Clodsire\n|-crit|p2a: Clodsire\n|-damage|p2a: Clodsire|0 fnt\n|faint|p2a: Clodsire\n|-damage|p1a: Miraidon|74\/100 tox|[from] item: Life Orb\n|\n|-damage|p1a: Miraidon|62\/100 tox|[from] psn\n|upkeep\n|\n|t:|1697493625\n|switch|p2a: Blissey|Blissey, F|94\/100\n|turn|18\n|inactive|pepinho14 has 120 seconds left.\n|j| Bjergtrolde\n|l|\u2606pepinho14\n|inactive|pepinho14 disconnected and has a minute to reconnect!\n|player|p1|\n|inactive|pepinho14 has 30 seconds to reconnect!\n|j|\u2606pepinho14\n|inactive|pepinho14 reconnected and has 85 seconds left.\n|player|p1|pepinho14|tuber\n|\n|t:|1697493679\n|switch|p1a: Ting-Lu|Ting-Lu|94\/100 brn\n|-ability|p1a: Ting-Lu|Vessel of Ruin\n|move|p2a: Blissey|Seismic Toss|p1a: Ting-Lu\n|-damage|p1a: Ting-Lu|75\/100 brn\n|\n|-heal|p1a: Ting-Lu|81\/100 brn|[from] item: Leftovers\n|-damage|p1a: Ting-Lu|75\/100 brn|[from] brn\n|-fieldend|move: Electric Terrain\n|upkeep\n|turn|19\n|\n|t:|1697493685\n|switch|p2a: Giratina|Giratina-Origin|88\/100\n|-damage|p2a: Giratina|76\/100|[from] Stealth Rock\n|move|p1a: Ting-Lu|Whirlwind|p2a: Giratina\n|drag|p2a: Blissey|Blissey, F|94\/100\n|\n|-heal|p1a: Ting-Lu|81\/100 brn|[from] item: Leftovers\n|-damage|p1a: Ting-Lu|75\/100 brn|[from] brn\n|upkeep\n|turn|20\n|\n|t:|1697493688\n|switch|p2a: Giratina|Giratina-Origin|76\/100\n|-damage|p2a: Giratina|64\/100|[from] Stealth Rock\n|move|p1a: Ting-Lu|Spikes|p2a: Giratina\n|-sidestart|p2: lilliput78|Spikes\n|\n|-heal|p1a: Ting-Lu|81\/100 brn|[from] item: Leftovers\n|-damage|p1a: Ting-Lu|75\/100 brn|[from] brn\n|upkeep\n|turn|21\n|\n|t:|1697493695\n|switch|p1a: Ribombee|Ribombee, F|100\/100\n|move|p2a: Giratina|Defog|p1a: Ribombee\n|-unboost|p1a: Ribombee|evasion|1\n|-sideend|p2: lilliput78|Spikes|[from] move: Defog|[of] p2a: Giratina\n|-sideend|p2: lilliput78|Stealth Rock|[from] move: Defog|[of] p2a: Giratina\n|\n|upkeep\n|turn|22\n|\n|t:|1697493708\n|switch|p2a: Blissey|Blissey, F|94\/100\n|move|p1a: Ribombee|Moonblast|p2a: Blissey\n|-damage|p2a: Blissey|79\/100\n|\n|upkeep\n|turn|23\n|inactive|pepinho14 has 120 seconds left.\n|\n|t:|1697493720\n|switch|p1a: Ting-Lu|Ting-Lu|75\/100 brn\n|-ability|p1a: Ting-Lu|Vessel of Ruin\n|move|p2a: Blissey|Seismic Toss|p1a: Ting-Lu\n|-damage|p1a: Ting-Lu|55\/100 brn\n|\n|-heal|p1a: Ting-Lu|62\/100 brn|[from] item: Leftovers\n|-damage|p1a: Ting-Lu|55\/100 brn|[from] brn\n|upkeep\n|turn|24\n|\n|t:|1697493726\n|move|p2a: Blissey|Seismic Toss|p1a: Ting-Lu\n|-damage|p1a: Ting-Lu|36\/100 brn\n|move|p1a: Ting-Lu|Stealth Rock|p2a: Blissey\n|-sidestart|p2: lilliput78|move: Stealth Rock\n|\n|-heal|p1a: Ting-Lu|42\/100 brn|[from] item: Leftovers\n|-damage|p1a: Ting-Lu|36\/100 brn|[from] brn\n|upkeep\n|turn|25\n|\n|t:|1697493737\n|switch|p2a: Giratina|Giratina-Origin|64\/100\n|-damage|p2a: Giratina|51\/100|[from] Stealth Rock\n|switch|p1a: Skeledirge|Skeledirge, F|100\/100\n|\n|upkeep\n|turn|26\n|l|\u2606pepinho14\n|inactive|pepinho14 disconnected and has a minute to reconnect!\n|player|p1|\n|j|\u2606pepinho14\n|inactive|pepinho14 reconnected and has 115 seconds left.\n|player|p1|pepinho14|tuber\n|\n|t:|1697493763\n|switch|p2a: Toxapex|Toxapex, M|100\/100\n|move|p1a: Skeledirge|Will-O-Wisp|p2a: Toxapex\n|-status|p2a: Toxapex|brn\n|\n|-damage|p2a: Toxapex|95\/100 brn|[from] brn\n|upkeep\n|turn|27\n|\n|t:|1697493769\n|switch|p1a: Ting-Lu|Ting-Lu|36\/100 brn\n|-ability|p1a: Ting-Lu|Vessel of Ruin\n|move|p2a: Toxapex|Poison Jab|p1a: Ting-Lu\n|-resisted|p1a: Ting-Lu\n|-damage|p1a: Ting-Lu|33\/100 brn\n|\n|-heal|p1a: Ting-Lu|39\/100 brn|[from] item: Leftovers\n|-damage|p1a: Ting-Lu|33\/100 brn|[from] brn\n|-damage|p2a: Toxapex|89\/100 brn|[from] brn\n|upkeep\n|turn|28\n|\n|t:|1697493773\n|switch|p2a: Giratina|Giratina-Origin|51\/100\n|-damage|p2a: Giratina|39\/100|[from] Stealth Rock\n|move|p1a: Ting-Lu|Spikes|p2a: Giratina\n|-sidestart|p2: lilliput78|Spikes\n|\n|-heal|p1a: Ting-Lu|39\/100 brn|[from] item: Leftovers\n|-damage|p1a: Ting-Lu|33\/100 brn|[from] brn\n|upkeep\n|turn|29\n|\n|t:|1697493777\n|switch|p1a: Skeledirge|Skeledirge, F|100\/100\n|move|p2a: Giratina|Defog|p1a: Skeledirge\n|-unboost|p1a: Skeledirge|evasion|1\n|-sideend|p2: lilliput78|Spikes|[from] move: Defog|[of] p2a: Giratina\n|-sideend|p2: lilliput78|Stealth Rock|[from] move: Defog|[of] p2a: Giratina\n|\n|upkeep\n|turn|30\n|\n|t:|1697493785\n|switch|p2a: Toxapex|Toxapex, M|100\/100 brn\n|move|p1a: Skeledirge|Hex|p2a: Toxapex\n|-damage|p2a: Toxapex|57\/100 brn\n|\n|-damage|p2a: Toxapex|51\/100 brn|[from] brn\n|upkeep\n|turn|31\n|\n|t:|1697493796\n|switch|p1a: Ting-Lu|Ting-Lu|33\/100 brn\n|-ability|p1a: Ting-Lu|Vessel of Ruin\n|move|p2a: Toxapex|Poison Jab|p1a: Ting-Lu\n|-resisted|p1a: Ting-Lu\n|-damage|p1a: Ting-Lu|31\/100 brn\n|\n|-heal|p1a: Ting-Lu|37\/100 brn|[from] item: Leftovers\n|-damage|p1a: Ting-Lu|31\/100 brn|[from] brn\n|-damage|p2a: Toxapex|46\/100 brn|[from] brn\n|upkeep\n|turn|32\n|\n|t:|1697493801\n|move|p1a: Ting-Lu|Stealth Rock|p2a: Toxapex\n|-sidestart|p2: lilliput78|move: Stealth Rock\n|move|p2a: Toxapex|Recover|p2a: Toxapex\n|-heal|p2a: Toxapex|96\/100 brn\n|\n|-heal|p1a: Ting-Lu|37\/100 brn|[from] item: Leftovers\n|-damage|p1a: Ting-Lu|31\/100 brn|[from] brn\n|-damage|p2a: Toxapex|90\/100 brn|[from] brn\n|upkeep\n|turn|33\n|\n|t:|1697493804\n|move|p2a: Toxapex|Toxic Spikes|p1a: Ting-Lu\n|-sidestart|p1: pepinho14|move: Toxic Spikes\n|move|p1a: Ting-Lu|Whirlwind|p2a: Toxapex\n|drag|p2a: Blissey|Blissey, F|79\/100\n|\n|-heal|p1a: Ting-Lu|37\/100 brn|[from] item: Leftovers\n|-damage|p1a: Ting-Lu|31\/100 brn|[from] brn\n|upkeep\n|turn|34\n|\n|t:|1697493808\n|move|p2a: Blissey|Seismic Toss|p1a: Ting-Lu\n|-damage|p1a: Ting-Lu|11\/100 brn\n|move|p1a: Ting-Lu|Spikes|p2a: Blissey\n|-sidestart|p2: lilliput78|Spikes\n|\n|-heal|p1a: Ting-Lu|17\/100 brn|[from] item: Leftovers\n|-damage|p1a: Ting-Lu|11\/100 brn|[from] brn\n|upkeep\n|turn|35\n|\n|t:|1697493812\n|move|p2a: Blissey|Seismic Toss|p1a: Ting-Lu\n|-damage|p1a: Ting-Lu|0 fnt\n|faint|p1a: Ting-Lu\n|\n|upkeep\n|\n|t:|1697493815\n|switch|p1a: Zacian|Zacian-Crowned|100\/100\n|-ability|p1a: Zacian|Intrepid Sword|boost\n|-boost|p1a: Zacian|atk|1\n|turn|36\n|\n|t:|1697493822\n|switch|p2a: Dondozo|Dondozo, F|84\/100\n|-terastallize|p1a: Zacian|Ground\n|move|p1a: Zacian|Tera Blast|p2a: Dondozo|[anim] Tera Blast Ground\n|-damage|p2a: Dondozo|62\/100\n|\n|upkeep\n|turn|37\n|\n|t:|1697493833\n|switch|p1a: Ribombee|Ribombee, F|100\/100\n|-status|p1a: Ribombee|psn\n|move|p2a: Dondozo|Avalanche|p1a: Ribombee\n|-damage|p1a: Ribombee|74\/100 psn\n|\n|-damage|p1a: Ribombee|62\/100 psn|[from] psn\n|upkeep\n|turn|38\n|\n|t:|1697493843\n|switch|p2a: Giratina|Giratina-Origin|39\/100\n|-damage|p2a: Giratina|27\/100|[from] Stealth Rock\n|move|p1a: Ribombee|Sticky Web|p2a: Giratina\n|-sidestart|p2: lilliput78|move: Sticky Web\n|\n|-damage|p1a: Ribombee|50\/100 psn|[from] psn\n|upkeep\n|turn|39\n|\n|t:|1697493847\n|-terastallize|p2a: Giratina|Poison\n|move|p1a: Ribombee|Moonblast|p2a: Giratina\n|-resisted|p2a: Giratina\n|-damage|p2a: Giratina|13\/100\n|move|p2a: Giratina|Defog|p1a: Ribombee\n|-unboost|p1a: Ribombee|evasion|1\n|-sideend|p1: pepinho14|Toxic Spikes|[from] move: Defog|[of] p2a: Giratina\n|-sideend|p2: lilliput78|Spikes|[from] move: Defog|[of] p2a: Giratina\n|-sideend|p2: lilliput78|Stealth Rock|[from] move: Defog|[of] p2a: Giratina\n|-sideend|p2: lilliput78|Sticky Web|[from] move: Defog|[of] p2a: Giratina\n|\n|-damage|p1a: Ribombee|38\/100 psn|[from] psn\n|upkeep\n|turn|40\n|\n|t:|1697493876\n|move|p1a: Ribombee|Stun Spore|p2a: Giratina|[miss]\n|-miss|p1a: Ribombee|p2a: Giratina\n|move|p2a: Giratina|Defog|p1a: Ribombee\n|-unboost|p1a: Ribombee|evasion|1\n|\n|-damage|p1a: Ribombee|25\/100 psn|[from] psn\n|upkeep\n|turn|41\n|\n|t:|1697493886\n|move|p1a: Ribombee|Sticky Web|p2a: Giratina\n|-sidestart|p2: lilliput78|move: Sticky Web\n|move|p2a: Giratina|Defog|p1a: Ribombee\n|-unboost|p1a: Ribombee|evasion|1\n|-sideend|p2: lilliput78|Sticky Web|[from] move: Defog|[of] p2a: Giratina\n|\n|-damage|p1a: Ribombee|13\/100 psn|[from] psn\n|upkeep\n|turn|42\n|\n|t:|1697493890\n|move|p1a: Ribombee|Sticky Web|p2a: Giratina\n|-sidestart|p2: lilliput78|move: Sticky Web\n|move|p2a: Giratina|Defog|p1a: Ribombee\n|-unboost|p1a: Ribombee|evasion|1\n|-sideend|p2: lilliput78|Sticky Web|[from] move: Defog|[of] p2a: Giratina\n|\n|-damage|p1a: Ribombee|1\/100 psn|[from] psn\n|upkeep\n|turn|43\n|\n|t:|1697493892\n|move|p1a: Ribombee|Stun Spore|p2a: Giratina\n|-status|p2a: Giratina|par\n|move|p2a: Giratina|Defog|p1a: Ribombee\n|-unboost|p1a: Ribombee|evasion|1\n|\n|-damage|p1a: Ribombee|0 fnt|[from] psn\n|faint|p1a: Ribombee\n|upkeep\n|\n|t:|1697493902\n|switch|p1a: Koraidon|Koraidon|100\/100\n|-weather|SunnyDay|[from] ability: Orichalcum Pulse|[of] p1a: Koraidon\n|-activate|p1a: Koraidon|Orichalcum Pulse|[source]\n|turn|44\n|\n|t:|1697493912\n|move|p1a: Koraidon|Dragon Claw|p2a: Giratina\n|-damage|p2a: Giratina|0 fnt\n|faint|p2a: Giratina\n|\n|-weather|SunnyDay|[upkeep]\n|upkeep\n|\n|t:|1697493914\n|switch|p2a: Koraidon|Koraidon|94\/100\n|-activate|p2a: Koraidon|ability: Orichalcum Pulse\n|turn|45\n|\n|t:|1697493931\n|move|p2a: Koraidon|Scale Shot|p1a: Koraidon\n|-supereffective|p1a: Koraidon\n|-damage|p1a: Koraidon|67\/100\n|-supereffective|p1a: Koraidon\n|-damage|p1a: Koraidon|34\/100\n|-supereffective|p1a: Koraidon\n|-damage|p1a: Koraidon|2\/100\n|-hitcount|p1a: Koraidon|3\n|-unboost|p2a: Koraidon|def|1\n|-boost|p2a: Koraidon|spe|1\n|move|p1a: Koraidon|Dragon Claw|p2a: Koraidon\n|-supereffective|p2a: Koraidon\n|-damage|p2a: Koraidon|0 fnt\n|faint|p2a: Koraidon\n|\n|-weather|SunnyDay|[upkeep]\n|upkeep\n|l|\u2606pepinho14\n|inactive|pepinho14 disconnected and has a minute to reconnect!\n|player|p1|\n|\n|t:|1697493943\n|switch|p2a: Dondozo|Dondozo, F|62\/100\n|turn|46\n|inactive|pepinho14 has 30 seconds to reconnect!\n|inactive|pepinho14 has 20 seconds to reconnect!\n|inactive|pepinho14 has 15 seconds to reconnect!\n|inactive|pepinho14 has 10 seconds to reconnect!\n|inactive|pepinho14 has 5 seconds to reconnect!\n|-message|pepinho14 lost due to inactivity.\n|\n|win|lilliput78\n|raw|pepinho14's rating: 1277 &rarr; <strong>1268<\/strong><br \/>(-9 for losing)\n|raw|lilliput78's rating: 1551 &rarr; <strong>1558<\/strong><br \/>(+7 for winning)\n|j|\u2606pepinho14\n|player|p1|pepinho14|tuber\n","uploadtime":1697494014,"views":7,"p1id":"pepinho14","p2id":"lilliput78","formatid":"gen9ubers","rating":1268,"private":0,"password":""}