{"id":"gen9ubers-1993200095","p1":"RektCactus","p2":"Charbotron","format":"[Gen 9] Ubers","log":"|j|\u2606RektCactus\n|j|\u2606Charbotron\n|t:|1700277139\n|gametype|singles\n|player|p1|RektCactus|101|\n|player|p2|Charbotron|266|\n|teamsize|p1|6\n|teamsize|p2|6\n|gen|9\n|tier|[Gen 9] Ubers\n|rule|Sleep Clause Mod: Limit one foe put to sleep\n|rule|Species Clause: Limit one of each Pok\u00e9mon\n|rule|OHKO Clause: OHKO moves are banned\n|rule|Evasion Items Clause: Evasion items are banned\n|rule|Evasion Moves Clause: Evasion moves are banned\n|rule|Endless Battle Clause: Forcing endless battles is banned\n|rule|HP Percentage Mod: HP is shown in percentages\n|clearpoke\n|poke|p1|Sneasler, M|\n|poke|p1|Landorus-Therian, M|\n|poke|p1|Glimmora, M|\n|poke|p1|Heatran, M|\n|poke|p1|Ogerpon-Hearthflame, F|\n|poke|p1|Urshifu-*, F|\n|poke|p2|Iron Moth|\n|poke|p2|Torkoal, M|\n|poke|p2|Corviknight, F|\n|poke|p2|Walking Wake|\n|poke|p2|Great Tusk|\n|poke|p2|Volcanion|\n|teampreview\n|\n|t:|1700277165\n|start\n|switch|p1a: Ogerpon|Ogerpon-Hearthflame, F|100\/100\n|switch|p2a: Turt Reynolds|Torkoal, M|100\/100\n|-ability|p1a: Ogerpon|Mold Breaker\n|-weather|SunnyDay|[from] ability: Drought|[of] p2a: Turt Reynolds\n|turn|1\n|\n|t:|1700277185\n|move|p1a: Ogerpon|U-turn|p2a: Turt Reynolds\n|-resisted|p2a: Turt Reynolds\n|-damage|p2a: Turt Reynolds|90\/100\n|\n|t:|1700277188\n|switch|p1a: Heatran|Heatran, M|100\/100|[from] U-turn\n|move|p2a: Turt Reynolds|Stealth Rock|p1a: Heatran\n|-sidestart|p1: RektCactus|move: Stealth Rock\n|\n|-weather|SunnyDay|[upkeep]\n|upkeep\n|turn|2\n|\n|t:|1700277206\n|switch|p2a: Edgy Blastoise|Volcanion|100\/100\n|move|p1a: Heatran|Magma Storm|p2a: Edgy Blastoise|[miss]\n|-miss|p1a: Heatran|p2a: Edgy Blastoise\n|\n|-weather|SunnyDay|[upkeep]\n|upkeep\n|turn|3\n|\n|t:|1700277266\n|move|p1a: Heatran|Earth Power|p2a: Edgy Blastoise\n|-supereffective|p2a: Edgy Blastoise\n|-damage|p2a: Edgy Blastoise|47\/100\n|move|p2a: Edgy Blastoise|Earth Power|p1a: Heatran\n|-supereffective|p1a: Heatran\n|-damage|p1a: Heatran|0 fnt\n|faint|p1a: Heatran\n|\n|-weather|SunnyDay|[upkeep]\n|upkeep\n|\n|t:|1700277288\n|switch|p1a: Landorus|Landorus-Therian, M|100\/100\n|-damage|p1a: Landorus|88\/100|[from] Stealth Rock\n|-ability|p1a: Landorus|Intimidate|boost\n|-unboost|p2a: Edgy Blastoise|atk|1\n|turn|4\n|\n|t:|1700277346\n|switch|p2a: Great Toof|Great Tusk|100\/100\n|-activate|p2a: Great Toof|ability: Protosynthesis\n|-start|p2a: Great Toof|protosynthesisatk\n|move|p1a: Landorus|Earthquake|p2a: Great Toof\n|-damage|p2a: Great Toof|67\/100\n|\n|-weather|SunnyDay|[upkeep]\n|upkeep\n|turn|5\n|\n|t:|1700277387\n|switch|p1a: Urshifu|Urshifu, F|100\/100\n|-damage|p1a: Urshifu|94\/100|[from] Stealth Rock\n|move|p2a: Great Toof|Ice Spinner|p1a: Urshifu\n|-damage|p1a: Urshifu|57\/100\n|\n|-weather|SunnyDay|[upkeep]\n|upkeep\n|turn|6\n|\n|t:|1700277428\n|move|p1a: Urshifu|Close Combat|p2a: Great Toof\n|-damage|p2a: Great Toof|7\/100\n|-unboost|p1a: Urshifu|def|1\n|-unboost|p1a: Urshifu|spd|1\n|move|p2a: Great Toof|Close Combat|p1a: Urshifu\n|-supereffective|p1a: Urshifu\n|-damage|p1a: Urshifu|0 fnt\n|-unboost|p2a: Great Toof|def|1\n|-unboost|p2a: Great Toof|spd|1\n|faint|p1a: Urshifu\n|\n|-weather|SunnyDay|[upkeep]\n|upkeep\n|\n|t:|1700277436\n|switch|p1a: Sneasler|Sneasler, M|100\/100\n|-damage|p1a: Sneasler|95\/100|[from] Stealth Rock\n|turn|7\n|\n|t:|1700277453\n|move|p1a: Sneasler|Close Combat|p2a: Great Toof\n|-damage|p2a: Great Toof|0 fnt\n|-unboost|p1a: Sneasler|def|1\n|-unboost|p1a: Sneasler|spd|1\n|-enditem|p1a: Sneasler|White Herb\n|-clearnegativeboost|p1a: Sneasler|[silent]\n|faint|p2a: Great Toof\n|-end|p2a: Great Toof|Protosynthesis|[silent]\n|\n|-weather|SunnyDay|[upkeep]\n|upkeep\n|\n|t:|1700277517\n|switch|p2a: New Bug|Iron Moth|100\/100\n|turn|8\n|\n|t:|1700277559\n|move|p1a: Sneasler|Acrobatics|p2a: New Bug\n|-damage|p2a: New Bug|40\/100\n|move|p2a: New Bug|U-turn|p1a: Sneasler\n|-resisted|p1a: Sneasler\n|-damage|p1a: Sneasler|90\/100\n|\n|t:|1700277568\n|-end|p2a: New Bug|Quark Drive|[silent]\n|switch|p2a: Big Borb|Corviknight, F|100\/100|[from] U-turn\n|\n|-weather|none\n|upkeep\n|turn|9\n|\n|t:|1700277576\n|switch|p1a: Glimmora|Glimmora, M|100\/100\n|-damage|p1a: Glimmora|88\/100|[from] Stealth Rock\n|move|p2a: Big Borb|Iron Defense|p2a: Big Borb\n|-boost|p2a: Big Borb|def|2\n|\n|-heal|p1a: Glimmora|94\/100|[from] item: Black Sludge\n|upkeep\n|turn|10\n|\n|t:|1700277594\n|move|p1a: Glimmora|Toxic|p2a: Big Borb\n|-status|p2a: Big Borb|tox\n|move|p2a: Big Borb|Body Press|p1a: Glimmora\n|-damage|p1a: Glimmora|44\/100\n|\n|-heal|p1a: Glimmora|50\/100|[from] item: Black Sludge\n|-damage|p2a: Big Borb|94\/100 tox|[from] psn\n|upkeep\n|turn|11\n|\n|t:|1700277607\n|move|p1a: Glimmora|Stealth Rock|p2a: Big Borb\n|-sidestart|p2: Charbotron|move: Stealth Rock\n|move|p2a: Big Borb|Body Press|p1a: Glimmora\n|-damage|p1a: Glimmora|2\/100\n|\n|-heal|p1a: Glimmora|8\/100|[from] item: Black Sludge\n|-heal|p2a: Big Borb|100\/100 tox|[from] item: Leftovers\n|-damage|p2a: Big Borb|88\/100 tox|[from] psn\n|upkeep\n|turn|12\n|\n|t:|1700277616\n|move|p1a: Glimmora|Spiky Shield|p1a: Glimmora\n|-singleturn|p1a: Glimmora|move: Protect\n|move|p2a: Big Borb|Body Press|p1a: Glimmora\n|-activate|p1a: Glimmora|move: Protect\n|-damage|p2a: Big Borb|75\/100 tox|[from] Spiky Shield|[of] p1a: Glimmora\n|\n|-heal|p1a: Glimmora|14\/100|[from] item: Black Sludge\n|-heal|p2a: Big Borb|82\/100 tox|[from] item: Leftovers\n|-damage|p2a: Big Borb|63\/100 tox|[from] psn\n|upkeep\n|turn|13\n|\n|t:|1700277643\n|move|p1a: Glimmora|Power Gem|p2a: Big Borb\n|-damage|p2a: Big Borb|32\/100 tox\n|move|p2a: Big Borb|Body Press|p1a: Glimmora\n|-damage|p1a: Glimmora|0 fnt\n|faint|p1a: Glimmora\n|\n|-heal|p2a: Big Borb|38\/100 tox|[from] item: Leftovers\n|-damage|p2a: Big Borb|13\/100 tox|[from] psn\n|upkeep\n|\n|t:|1700277660\n|switch|p1a: Sneasler|Sneasler, M|90\/100\n|-damage|p1a: Sneasler|84\/100|[from] Stealth Rock\n|turn|14\n|\n|t:|1700277676\n|move|p1a: Sneasler|Close Combat|p2a: Big Borb\n|-damage|p2a: Big Borb|0 fnt\n|-unboost|p1a: Sneasler|def|1\n|-unboost|p1a: Sneasler|spd|1\n|faint|p2a: Big Borb\n|\n|upkeep\n|\n|t:|1700277686\n|switch|p2a: Turt Reynolds|Torkoal, M|90\/100\n|-damage|p2a: Turt Reynolds|66\/100|[from] Stealth Rock\n|-weather|SunnyDay|[from] ability: Drought|[of] p2a: Turt Reynolds\n|turn|15\n|\n|t:|1700277698\n|switch|p1a: Landorus|Landorus-Therian, M|88\/100\n|-damage|p1a: Landorus|76\/100|[from] Stealth Rock\n|-ability|p1a: Landorus|Intimidate|boost\n|-unboost|p2a: Turt Reynolds|atk|1\n|move|p2a: Turt Reynolds|Flamethrower|p1a: Landorus\n|-damage|p1a: Landorus|28\/100\n|\n|-weather|SunnyDay|[upkeep]\n|upkeep\n|turn|16\n|\n|t:|1700277771\n|move|p1a: Landorus|Earthquake|p2a: Turt Reynolds\n|-supereffective|p2a: Turt Reynolds\n|-damage|p2a: Turt Reynolds|0 fnt\n|faint|p2a: Turt Reynolds\n|\n|-weather|SunnyDay|[upkeep]\n|upkeep\n|\n|t:|1700277783\n|switch|p2a: Legs|Walking Wake|100\/100\n|-damage|p2a: Legs|88\/100|[from] Stealth Rock\n|-activate|p2a: Legs|ability: Protosynthesis\n|-start|p2a: Legs|protosynthesisspe\n|turn|17\n|\n|t:|1700277826\n|move|p2a: Legs|Hydro Steam|p1a: Landorus\n|-supereffective|p1a: Landorus\n|-damage|p1a: Landorus|0 fnt\n|faint|p1a: Landorus\n|\n|-weather|SunnyDay|[upkeep]\n|upkeep\n|j| Fireball1234\n|\n|t:|1700277833\n|switch|p1a: Sneasler|Sneasler, M|84\/100\n|-damage|p1a: Sneasler|78\/100|[from] Stealth Rock\n|turn|18\n|\n|t:|1700277839\n|move|p2a: Legs|Hydro Steam|p1a: Sneasler\n|-damage|p1a: Sneasler|0 fnt\n|faint|p1a: Sneasler\n|\n|-weather|SunnyDay|[upkeep]\n|upkeep\n|\n|t:|1700277842\n|switch|p1a: Ogerpon|Ogerpon-Hearthflame, F|100\/100\n|-damage|p1a: Ogerpon|76\/100|[from] Stealth Rock\n|-ability|p1a: Ogerpon|Mold Breaker\n|turn|19\n|l| Fireball1234\n|\n|t:|1700277848\n|move|p2a: Legs|Hydro Steam|p1a: Ogerpon\n|-damage|p1a: Ogerpon|1\/100\n|move|p1a: Ogerpon|Power Whip|p2a: Legs\n|-damage|p2a: Legs|15\/100\n|\n|-weather|SunnyDay|[upkeep]\n|upkeep\n|turn|20\n|\n|t:|1700277856\n|move|p2a: Legs|Hydro Steam|p1a: Ogerpon\n|-damage|p1a: Ogerpon|0 fnt\n|faint|p1a: Ogerpon\n|\n|win|Charbotron\n|l|\u2606RektCactus\n|l|\u2606Charbotron\n","uploadtime":1700277895,"views":22,"p1id":"rektcactus","p2id":"charbotron","formatid":"gen9ubers","rating":0,"private":0,"password":""}