{"id":"gen9ubers-1976123343","p1":"DarkLordLoki","p2":"Deriverse","format":"[Gen 9] Ubers","log":"|j|\u2606DarkLordLoki\n|j|\u2606Deriverse\n|t:|1698265655\n|gametype|singles\n|player|p1|DarkLordLoki|266|1140\n|player|p2|Deriverse|roxanne|1315\n|teamsize|p1|6\n|teamsize|p2|6\n|gen|9\n|tier|[Gen 9] Ubers\n|rated|\n|rule|Sleep Clause Mod: Limit one foe put to sleep\n|rule|Species Clause: Limit one of each Pok\u00e9mon\n|rule|OHKO Clause: OHKO moves are banned\n|rule|Evasion Items Clause: Evasion items are banned\n|rule|Evasion Moves Clause: Evasion moves are banned\n|rule|Endless Battle Clause: Forcing endless battles is banned\n|rule|HP Percentage Mod: HP is shown in percentages\n|clearpoke\n|poke|p1|Ninetales-Alola, M|\n|poke|p1|Magearna|\n|poke|p1|Baxcalibur, F|\n|poke|p1|Chi-Yu|\n|poke|p1|Shaymin-Sky|\n|poke|p1|Urshifu-*, M|\n|poke|p2|Shaymin-Sky|\n|poke|p2|Flutter Mane|\n|poke|p2|Groudon|\n|poke|p2|Chi-Yu|\n|poke|p2|Ribombee, M|\n|poke|p2|Great Tusk|\n|teampreview\n|inactive|Battle timer is ON: inactive players will automatically lose when time's up. (requested by Deriverse)\n|\n|t:|1698265660\n|start\n|switch|p1a: Ninetales|Ninetales-Alola, M|100\/100\n|switch|p2a: Ribombee|Ribombee, M|100\/100\n|-weather|Snow|[from] ability: Snow Warning|[of] p1a: Ninetales\n|turn|1\n|\n|t:|1698265674\n|move|p2a: Ribombee|Stun Spore|p1a: Ninetales\n|-status|p1a: Ninetales|par\n|move|p1a: Ninetales|Aurora Veil|p1a: Ninetales\n|-sidestart|p1: DarkLordLoki|move: Aurora Veil\n|\n|-weather|Snow|[upkeep]\n|upkeep\n|turn|2\n|\n|t:|1698265681\n|move|p2a: Ribombee|Sticky Web|p1a: Ninetales\n|-sidestart|p1: DarkLordLoki|move: Sticky Web\n|move|p1a: Ninetales|Freeze-Dry|p2a: Ribombee\n|-damage|p2a: Ribombee|66\/100\n|\n|-weather|Snow|[upkeep]\n|upkeep\n|turn|3\n|\n|t:|1698265688\n|move|p2a: Ribombee|Quiver Dance|p2a: Ribombee\n|-boost|p2a: Ribombee|spa|1\n|-boost|p2a: Ribombee|spd|1\n|-boost|p2a: Ribombee|spe|1\n|cant|p1a: Ninetales|par\n|\n|-weather|Snow|[upkeep]\n|upkeep\n|turn|4\n|\n|t:|1698265697\n|switch|p1a: Magearna|Magearna|100\/100\n|-activate|p1a: Magearna|move: Sticky Web\n|-unboost|p1a: Magearna|spe|1\n|move|p2a: Ribombee|Moonblast|p1a: Magearna\n|-resisted|p1a: Magearna\n|-damage|p1a: Magearna|87\/100\n|\n|-weather|Snow|[upkeep]\n|-heal|p1a: Magearna|93\/100|[from] item: Leftovers\n|upkeep\n|turn|5\n|\n|t:|1698265705\n|move|p2a: Ribombee|Stun Spore|p1a: Magearna\n|-status|p1a: Magearna|par\n|move|p1a: Magearna|Shift Gear|p1a: Magearna\n|-boost|p1a: Magearna|spe|2\n|-boost|p1a: Magearna|atk|1\n|\n|-weather|none\n|-heal|p1a: Magearna|99\/100 par|[from] item: Leftovers\n|upkeep\n|turn|6\n|\n|t:|1698265716\n|move|p2a: Ribombee|Quiver Dance|p2a: Ribombee\n|-boost|p2a: Ribombee|spa|1\n|-boost|p2a: Ribombee|spd|1\n|-boost|p2a: Ribombee|spe|1\n|move|p1a: Magearna|Shift Gear|p1a: Magearna\n|-boost|p1a: Magearna|spe|2\n|-boost|p1a: Magearna|atk|1\n|\n|-heal|p1a: Magearna|100\/100 par|[from] item: Leftovers\n|upkeep\n|turn|7\n|\n|t:|1698265724\n|move|p2a: Ribombee|Moonblast|p1a: Magearna\n|-resisted|p1a: Magearna\n|-damage|p1a: Magearna|82\/100 par\n|cant|p1a: Magearna|par\n|\n|-heal|p1a: Magearna|88\/100 par|[from] item: Leftovers\n|upkeep\n|turn|8\n|\n|t:|1698265730\n|move|p2a: Ribombee|Moonblast|p1a: Magearna\n|-resisted|p1a: Magearna\n|-damage|p1a: Magearna|70\/100 par\n|-unboost|p1a: Magearna|spa|1\n|move|p1a: Magearna|Shift Gear|p1a: Magearna\n|-boost|p1a: Magearna|spe|2\n|-boost|p1a: Magearna|atk|1\n|\n|-heal|p1a: Magearna|76\/100 par|[from] item: Leftovers\n|-sideend|p1: DarkLordLoki|move: Aurora Veil\n|upkeep\n|turn|9\n|\n|t:|1698265741\n|move|p2a: Ribombee|Moonblast|p1a: Magearna\n|-resisted|p1a: Magearna\n|-damage|p1a: Magearna|39\/100 par\n|-unboost|p1a: Magearna|spa|1\n|move|p1a: Magearna|Iron Head|p2a: Ribombee\n|-supereffective|p2a: Ribombee\n|-damage|p2a: Ribombee|0 fnt\n|faint|p2a: Ribombee\n|-ability|p1a: Magearna|Soul-Heart|boost\n|-boost|p1a: Magearna|spa|1\n|\n|-heal|p1a: Magearna|45\/100 par|[from] item: Leftovers\n|upkeep\n|\n|t:|1698265751\n|switch|p2a: Chi-Yu|Chi-Yu|100\/100\n|-ability|p2a: Chi-Yu|Beads of Ruin\n|turn|10\n|\n|t:|1698265759\n|move|p2a: Chi-Yu|Heat Wave|p1a: Magearna\n|-supereffective|p1a: Magearna\n|-damage|p1a: Magearna|0 fnt\n|faint|p1a: Magearna\n|\n|upkeep\n|\n|t:|1698265770\n|switch|p1a: Urshifu|Urshifu-Rapid-Strike, M|100\/100\n|-activate|p1a: Urshifu|move: Sticky Web\n|-unboost|p1a: Urshifu|spe|1\n|turn|11\n|\n|t:|1698265774\n|switch|p2a: Great Tusk|Great Tusk|100\/100\n|move|p1a: Urshifu|Liquidation|p2a: Great Tusk\n|-supereffective|p2a: Great Tusk\n|-damage|p2a: Great Tusk|23\/100\n|-damage|p1a: Urshifu|91\/100|[from] item: Life Orb\n|\n|upkeep\n|turn|12\n|\n|t:|1698265790\n|move|p2a: Great Tusk|Stealth Rock|p1a: Urshifu\n|-sidestart|p1: DarkLordLoki|move: Stealth Rock\n|move|p1a: Urshifu|Liquidation|p2a: Great Tusk\n|-supereffective|p2a: Great Tusk\n|-damage|p2a: Great Tusk|0 fnt\n|faint|p2a: Great Tusk\n|-end|p2a: Great Tusk|Protosynthesis|[silent]\n|-damage|p1a: Urshifu|81\/100|[from] item: Life Orb\n|\n|upkeep\n|\n|t:|1698265798\n|switch|p2a: Shaymin|Shaymin-Sky|100\/100\n|turn|13\n|\n|t:|1698265804\n|switch|p1a: Ninetales|Ninetales-Alola, M|100\/100 par\n|-activate|p1a: Ninetales|move: Sticky Web\n|-unboost|p1a: Ninetales|spe|1\n|-damage|p1a: Ninetales|76\/100 par|[from] Stealth Rock\n|-weather|Snow|[from] ability: Snow Warning|[of] p1a: Ninetales\n|move|p2a: Shaymin|Air Slash|p1a: Ninetales\n|-damage|p1a: Ninetales|39\/100 par\n|\n|-weather|Snow|[upkeep]\n|upkeep\n|turn|14\n|\n|t:|1698265816\n|move|p2a: Shaymin|Air Slash|p1a: Ninetales\n|-damage|p1a: Ninetales|3\/100 par\n|move|p1a: Ninetales|Aurora Veil|p1a: Ninetales\n|-sidestart|p1: DarkLordLoki|move: Aurora Veil\n|\n|-weather|Snow|[upkeep]\n|upkeep\n|turn|15\n|\n|t:|1698265820\n|move|p2a: Shaymin|Air Slash|p1a: Ninetales\n|-crit|p1a: Ninetales\n|-damage|p1a: Ninetales|0 fnt\n|faint|p1a: Ninetales\n|\n|-weather|Snow|[upkeep]\n|upkeep\n|\n|t:|1698265822\n|switch|p1a: Baxcalibur|Baxcalibur, F|100\/100\n|-activate|p1a: Baxcalibur|move: Sticky Web\n|-unboost|p1a: Baxcalibur|spe|1\n|-damage|p1a: Baxcalibur|76\/100|[from] Stealth Rock\n|turn|16\n|\n|t:|1698265830\n|switch|p2a: Groudon|Groudon|100\/100\n|-weather|SunnyDay|[from] ability: Drought|[of] p2a: Groudon\n|move|p1a: Baxcalibur|Dragon Dance|p1a: Baxcalibur\n|-boost|p1a: Baxcalibur|atk|1\n|-boost|p1a: Baxcalibur|spe|1\n|\n|-weather|SunnyDay|[upkeep]\n|upkeep\n|turn|17\n|\n|t:|1698265844\n|-terastallize|p1a: Baxcalibur|Dragon\n|-terastallize|p2a: Groudon|Fire\n|move|p1a: Baxcalibur|Dragon Dance|p1a: Baxcalibur\n|-boost|p1a: Baxcalibur|atk|1\n|-boost|p1a: Baxcalibur|spe|1\n|move|p2a: Groudon|Stone Edge|p1a: Baxcalibur\n|-damage|p1a: Baxcalibur|55\/100\n|\n|-weather|SunnyDay|[upkeep]\n|upkeep\n|turn|18\n|\n|t:|1698265860\n|move|p1a: Baxcalibur|Earthquake|p2a: Groudon\n|-supereffective|p2a: Groudon\n|-damage|p2a: Groudon|0 fnt\n|faint|p2a: Groudon\n|-damage|p1a: Baxcalibur|45\/100|[from] item: Life Orb\n|\n|-weather|SunnyDay|[upkeep]\n|upkeep\n|\n|t:|1698265870\n|switch|p2a: Chi-Yu|Chi-Yu|100\/100\n|-ability|p2a: Chi-Yu|Beads of Ruin\n|turn|19\n|\n|t:|1698265880\n|move|p2a: Chi-Yu|Heat Wave|p1a: Baxcalibur\n|-resisted|p1a: Baxcalibur\n|-damage|p1a: Baxcalibur|19\/100\n|-ability|p1a: Baxcalibur|Thermal Exchange|boost\n|-boost|p1a: Baxcalibur|atk|1\n|move|p1a: Baxcalibur|Earthquake|p2a: Chi-Yu\n|-supereffective|p2a: Chi-Yu\n|-damage|p2a: Chi-Yu|0 fnt\n|faint|p2a: Chi-Yu\n|-damage|p1a: Baxcalibur|9\/100|[from] item: Life Orb\n|\n|-weather|SunnyDay|[upkeep]\n|upkeep\n|\n|t:|1698265887\n|switch|p2a: Flutter Mane|Flutter Mane|100\/100\n|-activate|p2a: Flutter Mane|ability: Protosynthesis\n|-start|p2a: Flutter Mane|protosynthesisspe\n|turn|20\n|\n|t:|1698265893\n|move|p2a: Flutter Mane|Moonblast|p1a: Baxcalibur\n|-supereffective|p1a: Baxcalibur\n|-damage|p1a: Baxcalibur|0 fnt\n|faint|p1a: Baxcalibur\n|\n|-weather|SunnyDay|[upkeep]\n|upkeep\n|\n|t:|1698265899\n|switch|p1a: Shaymin|Shaymin-Sky|100\/100\n|-damage|p1a: Shaymin|76\/100|[from] Stealth Rock\n|turn|21\n|\n|t:|1698265907\n|move|p2a: Flutter Mane|Moonblast|p1a: Shaymin\n|-damage|p1a: Shaymin|43\/100\n|-unboost|p1a: Shaymin|spa|1\n|move|p1a: Shaymin|Tailwind|p1a: Shaymin\n|-sidestart|p1: DarkLordLoki|move: Tailwind\n|\n|-weather|SunnyDay|[upkeep]\n|-sideend|p1: DarkLordLoki|move: Aurora Veil\n|upkeep\n|turn|22\n|\n|t:|1698265917\n|move|p1a: Shaymin|Air Slash|p2a: Flutter Mane\n|-damage|p2a: Flutter Mane|63\/100\n|-damage|p1a: Shaymin|33\/100|[from] item: Life Orb\n|cant|p2a: Flutter Mane|flinch\n|\n|-weather|SunnyDay|[upkeep]\n|-heal|p2a: Flutter Mane|69\/100|[from] item: Leftovers\n|upkeep\n|turn|23\n|\n|t:|1698265923\n|move|p1a: Shaymin|Air Slash|p2a: Flutter Mane\n|-damage|p2a: Flutter Mane|32\/100\n|-damage|p1a: Shaymin|23\/100|[from] item: Life Orb\n|move|p2a: Flutter Mane|Moonblast|p1a: Shaymin\n|-damage|p1a: Shaymin|0 fnt\n|faint|p1a: Shaymin\n|\n|-weather|none\n|-end|p2a: Flutter Mane|Protosynthesis\n|-heal|p2a: Flutter Mane|38\/100|[from] item: Leftovers\n|upkeep\n|\n|t:|1698265934\n|switch|p1a: Urshifu|Urshifu-Rapid-Strike, M|81\/100\n|-activate|p1a: Urshifu|move: Sticky Web\n|-unboost|p1a: Urshifu|spe|1\n|-damage|p1a: Urshifu|74\/100|[from] Stealth Rock\n|turn|24\n|\n|t:|1698265938\n|move|p2a: Flutter Mane|Moonblast|p1a: Urshifu\n|-supereffective|p1a: Urshifu\n|-damage|p1a: Urshifu|0 fnt\n|faint|p1a: Urshifu\n|\n|-heal|p2a: Flutter Mane|44\/100|[from] item: Leftovers\n|-sideend|p1: DarkLordLoki|move: Tailwind\n|upkeep\n|\n|t:|1698265940\n|switch|p1a: Chi-Yu|Chi-Yu|100\/100\n|-activate|p1a: Chi-Yu|move: Sticky Web\n|-unboost|p1a: Chi-Yu|spe|1\n|-damage|p1a: Chi-Yu|76\/100|[from] Stealth Rock\n|-ability|p1a: Chi-Yu|Beads of Ruin\n|turn|25\n|\n|t:|1698265949\n|move|p2a: Flutter Mane|Moonblast|p1a: Chi-Yu\n|-damage|p1a: Chi-Yu|38\/100\n|move|p1a: Chi-Yu|Dark Pulse|p2a: Flutter Mane\n|-damage|p2a: Flutter Mane|0 fnt\n|faint|p2a: Flutter Mane\n|-end|p2a: Flutter Mane|Protosynthesis|[silent]\n|\n|upkeep\n|\n|t:|1698265954\n|switch|p2a: Shaymin|Shaymin-Sky|100\/100\n|turn|26\n|\n|t:|1698265958\n|move|p2a: Shaymin|Earth Power|p1a: Chi-Yu\n|-supereffective|p1a: Chi-Yu\n|-damage|p1a: Chi-Yu|0 fnt\n|faint|p1a: Chi-Yu\n|\n|win|Deriverse\n|raw|DarkLordLoki's rating: 1166 &rarr; <strong>1150<\/strong><br \/>(-16 for losing)\n|raw|Deriverse's rating: 1298 &rarr; <strong>1314<\/strong><br \/>(+16 for winning)\n|l|\u2606DarkLordLoki\n","uploadtime":1698265982,"views":8,"p1id":"darklordloki","p2id":"deriverse","formatid":"gen9ubers","rating":1150,"private":0,"password":""}