{"id":"gen9ubers-1973859465","p1":"Dang Rope Fan","p2":"TRaSHiNSeCT","format":"[Gen 9] Ubers","log":"|j|\u2606Dang Rope Fan\n|j|\u2606TRaSHiNSeCT\n|t:|1698021407\n|gametype|singles\n|player|p1|Dang Rope Fan|rika|\n|player|p2|TRaSHiNSeCT|workerice|\n|teamsize|p1|6\n|teamsize|p2|6\n|gen|9\n|tier|[Gen 9] Ubers\n|rule|Sleep Clause Mod: Limit one foe put to sleep\n|rule|Species Clause: Limit one of each Pok\u00e9mon\n|rule|OHKO Clause: OHKO moves are banned\n|rule|Evasion Items Clause: Evasion items are banned\n|rule|Evasion Moves Clause: Evasion moves are banned\n|rule|Endless Battle Clause: Forcing endless battles is banned\n|rule|HP Percentage Mod: HP is shown in percentages\n|clearpoke\n|poke|p1|Slowking-Galar, M|\n|poke|p1|Palafin, F|\n|poke|p1|Ribombee, M|\n|poke|p1|Thundurus, M|\n|poke|p1|Volcanion|\n|poke|p1|Gholdengo|\n|poke|p2|Ribombee, F|\n|poke|p2|Medicham, F|\n|poke|p2|Lurantis, M|\n|poke|p2|Azelf|\n|poke|p2|Slowking-Galar, M|\n|poke|p2|Greninja-*, M|\n|teampreview\n|inactive|Battle timer is ON: inactive players will automatically lose when time's up. (requested by Dang Rope Fan)\n|\n|t:|1698021426\n|start\n|switch|p1a: Ribombee|Ribombee, M|100\/100\n|switch|p2a: Ribombee|Ribombee, F|100\/100\n|turn|1\n|\n|t:|1698021433\n|move|p2a: Ribombee|Trick|p1a: Ribombee\n|-activate|p2a: Ribombee|move: Trick|[of] p1a: Ribombee\n|-item|p1a: Ribombee|Choice Scarf|[from] move: Trick\n|-item|p2a: Ribombee|Focus Sash|[from] move: Trick\n|move|p1a: Ribombee|Stun Spore|p2a: Ribombee\n|-status|p2a: Ribombee|par\n|\n|upkeep\n|turn|2\n|\n|t:|1698021442\n|switch|p1a: Palafin|Palafin, F|100\/100\n|cant|p2a: Ribombee|par\n|\n|upkeep\n|turn|3\n|\n|t:|1698021448\n|detailschange|p1a: Palafin|Palafin-Hero, F\n|switch|p1a: Ribombee|Ribombee, M|100\/100\n|move|p2a: Ribombee|Sticky Web|p1a: Ribombee\n|-sidestart|p1: Dang Rope Fan|move: Sticky Web\n|\n|upkeep\n|turn|4\n|\n|t:|1698021455\n|move|p1a: Ribombee|Sticky Web|p2a: Ribombee\n|-sidestart|p2: TRaSHiNSeCT|move: Sticky Web\n|move|p2a: Ribombee|Stun Spore|p1a: Ribombee\n|-status|p1a: Ribombee|par\n|\n|upkeep\n|turn|5\n|\n|t:|1698021469\n|switch|p1a: Thundurus|Thundurus, M|100\/100\n|cant|p2a: Ribombee|par\n|\n|upkeep\n|turn|6\n|\n|t:|1698021475\n|move|p1a: Thundurus|Substitute|p1a: Thundurus\n|-start|p1a: Thundurus|Substitute\n|-damage|p1a: Thundurus|76\/100\n|cant|p2a: Ribombee|par\n|\n|upkeep\n|turn|7\n|\n|t:|1698021483\n|switch|p2a: Azelf|Azelf|100\/100\n|move|p1a: Thundurus|Bulk Up|p1a: Thundurus\n|-boost|p1a: Thundurus|atk|1\n|-boost|p1a: Thundurus|def|1\n|\n|upkeep\n|turn|8\n|\n|t:|1698021491\n|move|p2a: Azelf|Shadow Ball|p1a: Thundurus\n|-end|p1a: Thundurus|Substitute\n|move|p1a: Thundurus|Knock Off|p2a: Azelf\n|-supereffective|p2a: Azelf\n|-damage|p2a: Azelf|0 fnt\n|-enditem|p2a: Azelf|Choice Specs|[from] move: Knock Off|[of] p1a: Thundurus\n|faint|p2a: Azelf\n|\n|upkeep\n|\n|t:|1698021508\n|switch|p2a: Slowking|Slowking-Galar, M|100\/100\n|turn|9\n|\n|t:|1698021515\n|-terastallize|p2a: Slowking|Grass\n|move|p1a: Thundurus|Substitute|p1a: Thundurus\n|-start|p1a: Thundurus|Substitute\n|-damage|p1a: Thundurus|51\/100\n|move|p2a: Slowking|Toxic||[still]\n|-fail|p2a: Slowking\n|\n|upkeep\n|turn|10\n|\n|t:|1698021522\n|move|p1a: Thundurus|Bulk Up|p1a: Thundurus\n|-boost|p1a: Thundurus|atk|1\n|-boost|p1a: Thundurus|def|1\n|move|p2a: Slowking|Foul Play|p1a: Thundurus\n|-end|p1a: Thundurus|Substitute\n|\n|upkeep\n|turn|11\n|\n|t:|1698021531\n|-terastallize|p1a: Thundurus|Dark\n|move|p1a: Thundurus|Substitute|p1a: Thundurus\n|-start|p1a: Thundurus|Substitute\n|-damage|p1a: Thundurus|26\/100\n|move|p2a: Slowking|Chilly Reception|p2a: Slowking\n|-weather|Snow\n|\n|t:|1698021541\n|switch|p2a: Greninja|Greninja, M|100\/100|[from] Chilly Reception\n|-activate|p2a: Greninja|move: Sticky Web\n|-unboost|p2a: Greninja|spe|1\n|\n|-weather|Snow|[upkeep]\n|upkeep\n|turn|12\n|\n|t:|1698021549\n|move|p1a: Thundurus|Thunder Punch|p2a: Greninja\n|-supereffective|p2a: Greninja\n|-enditem|p2a: Greninja|Focus Sash\n|-damage|p2a: Greninja|1\/100\n|move|p2a: Greninja|Acrobatics|p1a: Thundurus\n|-end|p1a: Thundurus|Substitute\n|\n|-weather|Snow|[upkeep]\n|upkeep\n|turn|13\n|\n|t:|1698021556\n|move|p1a: Thundurus|Thunder Punch|p2a: Greninja\n|-supereffective|p2a: Greninja\n|-damage|p2a: Greninja|0 fnt\n|faint|p2a: Greninja\n|\n|-weather|Snow|[upkeep]\n|upkeep\n|\n|t:|1698021562\n|switch|p2a: Lurantis|Lurantis, M|100\/100\n|-activate|p2a: Lurantis|move: Sticky Web\n|-boost|p2a: Lurantis|spe|1\n|turn|14\n|\n|t:|1698021567\n|move|p1a: Thundurus|Knock Off|p2a: Lurantis\n|-crit|p2a: Lurantis\n|-damage|p2a: Lurantis|0 fnt\n|-enditem|p2a: Lurantis|Expert Belt|[from] move: Knock Off|[of] p1a: Thundurus\n|faint|p2a: Lurantis\n|\n|-weather|Snow|[upkeep]\n|upkeep\n|\n|t:|1698021573\n|switch|p2a: Medicham|Medicham, F|100\/100\n|-activate|p2a: Medicham|move: Sticky Web\n|-unboost|p2a: Medicham|spe|1\n|turn|15\n|\n|t:|1698021578\n|move|p1a: Thundurus|Knock Off|p2a: Medicham\n|-damage|p2a: Medicham|0 fnt\n|-enditem|p2a: Medicham|Choice Band|[from] move: Knock Off|[of] p1a: Thundurus\n|faint|p2a: Medicham\n|\n|-weather|none\n|upkeep\n|c|\u2606TRaSHiNSeCT|ggs\n|c|\u2606TRaSHiNSeCT|wp\n|c|\u2606Dang Rope Fan|gg\n|\n|t:|1698021591\n|switch|p2a: Ribombee|Ribombee, F|100\/100 par\n|-activate|p2a: Ribombee|move: Sticky Web\n|-unboost|p2a: Ribombee|spe|1\n|turn|16\n|c|\u2606Dang Rope Fan|yt\n|\n|t:|1698021595\n|move|p1a: Thundurus|Thunder Punch|p2a: Ribombee\n|-enditem|p2a: Ribombee|Focus Sash\n|-damage|p2a: Ribombee|1\/100 par\n|move|p2a: Ribombee|Stun Spore|p1a: Thundurus\n|-status|p1a: Thundurus|par\n|\n|upkeep\n|turn|17\n|\n|t:|1698021602\n|cant|p1a: Thundurus|par\n|move|p2a: Ribombee|U-turn|p1a: Thundurus\n|-supereffective|p1a: Thundurus\n|-damage|p1a: Thundurus|4\/100 par\n|\n|t:|1698021607\n|switch|p2a: Slowking|Slowking-Galar, M, tera:Grass|100\/100|[from] U-turn\n|\n|upkeep\n|turn|18\n|\n|t:|1698021611\n|cant|p1a: Thundurus|par\n|move|p2a: Slowking|Foul Play|p1a: Thundurus\n|-resisted|p1a: Thundurus\n|-damage|p1a: Thundurus|0 fnt\n|faint|p1a: Thundurus\n|\n|upkeep\n|\n|t:|1698021617\n|switch|p1a: Volcanion|Volcanion|100\/100\n|-activate|p1a: Volcanion|move: Sticky Web\n|-unboost|p1a: Volcanion|spe|1\n|turn|19\n|\n|t:|1698021622\n|move|p1a: Volcanion|Flare Blitz|p2a: Slowking\n|-supereffective|p2a: Slowking\n|-damage|p2a: Slowking|0 fnt\n|faint|p2a: Slowking\n|-damage|p1a: Volcanion|65\/100|[from] Recoil\n|\n|-heal|p1a: Volcanion|71\/100|[from] item: Leftovers\n|upkeep\n|\n|t:|1698021628\n|switch|p2a: Ribombee|Ribombee, F|1\/100 par\n|-activate|p2a: Ribombee|move: Sticky Web\n|-unboost|p2a: Ribombee|spe|1\n|turn|20\n|\n|t:|1698021634\n|move|p2a: Ribombee|U-turn|p1a: Volcanion\n|-resisted|p1a: Volcanion\n|-damage|p1a: Volcanion|64\/100\n|move|p1a: Volcanion|Liquidation|p2a: Ribombee\n|-damage|p2a: Ribombee|0 fnt\n|faint|p2a: Ribombee\n|\n|win|Dang Rope Fan\n","uploadtime":1698021637,"views":16,"p1id":"dangropefan","p2id":"trashinsect","formatid":"gen9ubers","rating":0,"private":0,"password":""}