{"id":"gen9ubers-1987720848","p1":"Bka Onon","p2":"Vazquez 2.0","format":"[Gen 9] Ubers","log":"|j|\u2606Bka Onon\n|j|\u2606Vazquez 2.0\n|t:|1699630817\n|gametype|singles\n|player|p1|Bka Onon|amelia-shuffle|\n|player|p2|Vazquez 2.0|gardenia|\n|teamsize|p1|6\n|teamsize|p2|6\n|gen|9\n|tier|[Gen 9] Ubers\n|rule|Sleep Clause Mod: Limit one foe put to sleep\n|rule|Species Clause: Limit one of each Pok\u00e9mon\n|rule|OHKO Clause: OHKO moves are banned\n|rule|Evasion Items Clause: Evasion items are banned\n|rule|Evasion Moves Clause: Evasion moves are banned\n|rule|Endless Battle Clause: Forcing endless battles is banned\n|rule|HP Percentage Mod: HP is shown in percentages\n|clearpoke\n|poke|p1|Espathra, M|\n|poke|p1|Arceus-Dragon|\n|poke|p1|Palkia-Origin|\n|poke|p1|Ursaluna-Bloodmoon, M|\n|poke|p1|Cyclizar, F|\n|poke|p1|Klefki, M|\n|poke|p2|Houndstone, F|\n|poke|p2|Dialga|\n|poke|p2|Landorus, M|\n|poke|p2|Zamazenta-*|\n|poke|p2|Mandibuzz, F|\n|poke|p2|Tyranitar, M|\n|teampreview\n|c|\u2606Bka Onon|hf\n|c|\u2606Vazquez 2.0|glhf\n|\n|t:|1699630835\n|start\n|switch|p1a: Cyclizar|Cyclizar, F|100\/100\n|switch|p2a: Landorus|Landorus, M|100\/100\n|turn|1\n|\n|t:|1699630842\n|move|p1a: Cyclizar|Shed Tail|p1a: Cyclizar\n|-start|p1a: Cyclizar|Substitute|[from] move: Shed Tail\n|-damage|p1a: Cyclizar|50\/100\n|\n|t:|1699630844\n|switch|p1a: Palkia|Palkia-Origin, shiny|100\/100|[from] Shed Tail\n|-ability|p1a: Palkia|Pressure\n|move|p2a: Landorus|Earth Power|p1a: Palkia\n|-end|p1a: Palkia|Substitute\n|\n|upkeep\n|turn|2\n|\n|t:|1699630848\n|switch|p2a: Dialga|Dialga|100\/100\n|-ability|p2a: Dialga|Pressure\n|move|p1a: Palkia|Hydro Pump|p2a: Dialga\n|-resisted|p2a: Dialga\n|-damage|p2a: Dialga|64\/100\n|\n|upkeep\n|turn|3\n|\n|t:|1699630857\n|move|p2a: Dialga|Stealth Rock|p1a: Palkia\n|-sidestart|p1: Bka Onon|move: Stealth Rock\n|move|p1a: Palkia|Spacial Rend|p2a: Dialga\n|-damage|p2a: Dialga|0 fnt\n|faint|p2a: Dialga\n|\n|upkeep\n|\n|t:|1699630865\n|switch|p2a: Zamazenta|Zamazenta-Crowned|100\/100\n|-ability|p2a: Zamazenta|Dauntless Shield|boost\n|-boost|p2a: Zamazenta|def|1\n|turn|4\n|\n|t:|1699630875\n|move|p2a: Zamazenta|Close Combat|p1a: Palkia\n|-damage|p1a: Palkia|43\/100\n|-unboost|p2a: Zamazenta|def|1\n|-unboost|p2a: Zamazenta|spd|1\n|move|p1a: Palkia|Thunder Wave|p2a: Zamazenta\n|-status|p2a: Zamazenta|par\n|\n|upkeep\n|turn|5\n|\n|t:|1699630881\n|switch|p1a: Klefki|Klefki, M|100\/100\n|-damage|p1a: Klefki|95\/100|[from] Stealth Rock\n|move|p2a: Zamazenta|Close Combat|p1a: Klefki\n|-damage|p1a: Klefki|33\/100\n|-unboost|p2a: Zamazenta|def|1\n|-unboost|p2a: Zamazenta|spd|1\n|\n|upkeep\n|turn|6\n|\n|t:|1699630888\n|move|p1a: Klefki|Reflect|p1a: Klefki\n|-sidestart|p1: Bka Onon|Reflect\n|move|p2a: Zamazenta|Close Combat|p1a: Klefki\n|-damage|p1a: Klefki|3\/100\n|-unboost|p2a: Zamazenta|def|1\n|-unboost|p2a: Zamazenta|spd|1\n|\n|upkeep\n|turn|7\n|\n|t:|1699630894\n|switch|p2a: Landorus|Landorus, M|100\/100\n|move|p1a: Klefki|Light Screen|p1a: Klefki\n|-sidestart|p1: Bka Onon|move: Light Screen\n|\n|upkeep\n|turn|8\n|\n|t:|1699630898\n|move|p1a: Klefki|Spikes|p2a: Landorus\n|-sidestart|p2: Vazquez 2.0|Spikes\n|move|p2a: Landorus|Nasty Plot|p2a: Landorus\n|-boost|p2a: Landorus|spa|2\n|\n|upkeep\n|turn|9\n|\n|t:|1699630902\n|move|p1a: Klefki|Spikes|p2a: Landorus\n|-sidestart|p2: Vazquez 2.0|Spikes\n|move|p2a: Landorus|Earth Power|p1a: Klefki\n|-supereffective|p1a: Klefki\n|-damage|p1a: Klefki|0 fnt\n|faint|p1a: Klefki\n|\n|upkeep\n|\n|t:|1699630906\n|switch|p1a: Palkia|Palkia-Origin, shiny|43\/100\n|-damage|p1a: Palkia|30\/100|[from] Stealth Rock\n|-ability|p1a: Palkia|Pressure\n|turn|10\n|\n|t:|1699630913\n|switch|p2a: Zamazenta|Zamazenta-Crowned|100\/100 par\n|-damage|p2a: Zamazenta|84\/100 par|[from] Spikes\n|move|p1a: Palkia|Hydro Pump|p2a: Zamazenta\n|-damage|p2a: Zamazenta|30\/100 par\n|\n|upkeep\n|turn|11\n|\n|t:|1699630930\n|move|p1a: Palkia|Hydro Pump|p2a: Zamazenta\n|-damage|p2a: Zamazenta|0 fnt\n|faint|p2a: Zamazenta\n|\n|upkeep\n|\n|t:|1699630942\n|switch|p2a: Tyranitar|Tyranitar, M|100\/100\n|-damage|p2a: Tyranitar|84\/100|[from] Spikes\n|-weather|Sandstorm|[from] ability: Sand Stream|[of] p2a: Tyranitar\n|turn|12\n|\n|t:|1699630949\n|move|p1a: Palkia|Thunder Wave|p2a: Tyranitar|[miss]\n|-miss|p1a: Palkia|p2a: Tyranitar\n|move|p2a: Tyranitar|Earthquake|p1a: Palkia\n|-damage|p1a: Palkia|15\/100\n|\n|-weather|Sandstorm|[upkeep]\n|-damage|p1a: Palkia|8\/100|[from] Sandstorm\n|upkeep\n|turn|13\n|\n|t:|1699630957\n|move|p1a: Palkia|Thunder Wave|p2a: Tyranitar\n|-status|p2a: Tyranitar|par\n|cant|p2a: Tyranitar|par\n|\n|-weather|Sandstorm|[upkeep]\n|-damage|p1a: Palkia|2\/100|[from] Sandstorm\n|-sideend|p1: Bka Onon|Reflect\n|upkeep\n|turn|14\n|\n|t:|1699630964\n|switch|p2a: Mandibuzz|Mandibuzz, F|100\/100\n|move|p1a: Palkia|Hydro Pump|p2a: Mandibuzz|[miss]\n|-miss|p1a: Palkia|p2a: Mandibuzz\n|\n|-weather|Sandstorm|[upkeep]\n|-damage|p1a: Palkia|0 fnt|[from] Sandstorm\n|faint|p1a: Palkia\n|-sideend|p1: Bka Onon|move: Light Screen\n|upkeep\n|\n|t:|1699630972\n|switch|p1a: Ursaluna|Ursaluna-Bloodmoon, M|100\/100\n|-damage|p1a: Ursaluna|94\/100|[from] Stealth Rock\n|turn|15\n|\n|t:|1699630975\n|move|p2a: Mandibuzz|Toxic|p1a: Ursaluna\n|-status|p1a: Ursaluna|tox\n|move|p1a: Ursaluna|Calm Mind|p1a: Ursaluna\n|-boost|p1a: Ursaluna|spa|1\n|-boost|p1a: Ursaluna|spd|1\n|\n|-weather|Sandstorm|[upkeep]\n|-heal|p1a: Ursaluna|100\/100 tox|[from] item: Leftovers\n|-damage|p1a: Ursaluna|94\/100 tox|[from] psn\n|upkeep\n|turn|16\n|\n|t:|1699630982\n|move|p2a: Mandibuzz|Knock Off|p1a: Ursaluna\n|-damage|p1a: Ursaluna|79\/100 tox\n|-enditem|p1a: Ursaluna|Leftovers|[from] move: Knock Off|[of] p2a: Mandibuzz\n|move|p1a: Ursaluna|Calm Mind|p1a: Ursaluna\n|-boost|p1a: Ursaluna|spa|1\n|-boost|p1a: Ursaluna|spd|1\n|\n|-weather|Sandstorm|[upkeep]\n|-damage|p1a: Ursaluna|67\/100 tox|[from] psn\n|upkeep\n|turn|17\n|\n|t:|1699631000\n|-terastallize|p2a: Mandibuzz|Steel\n|move|p2a: Mandibuzz|Knock Off|p1a: Ursaluna\n|-damage|p1a: Ursaluna|57\/100 tox\n|move|p1a: Ursaluna|Blood Moon|p2a: Mandibuzz\n|-resisted|p2a: Mandibuzz\n|-damage|p2a: Mandibuzz|29\/100\n|\n|-weather|Sandstorm|[upkeep]\n|-damage|p1a: Ursaluna|39\/100 tox|[from] psn\n|upkeep\n|turn|18\n|\n|t:|1699631007\n|switch|p2a: Landorus|Landorus, M|100\/100\n|move|p1a: Ursaluna|Vacuum Wave|p2a: Landorus\n|-resisted|p2a: Landorus\n|-damage|p2a: Landorus|79\/100\n|\n|-weather|Sandstorm|[upkeep]\n|-damage|p1a: Ursaluna|14\/100 tox|[from] psn\n|upkeep\n|turn|19\n|\n|t:|1699631010\n|switch|p2a: Mandibuzz|Mandibuzz, F, tera:Steel|29\/100\n|move|p1a: Ursaluna|Vacuum Wave|p2a: Mandibuzz\n|-supereffective|p2a: Mandibuzz\n|-damage|p2a: Mandibuzz|0 fnt\n|faint|p2a: Mandibuzz\n|\n|-weather|none\n|-damage|p1a: Ursaluna|0 fnt|[from] psn\n|faint|p1a: Ursaluna\n|upkeep\n|\n|t:|1699631015\n|switch|p2a: Tyranitar|Tyranitar, M|84\/100 par\n|switch|p1a: Arceus|Arceus-Dragon|100\/100\n|-damage|p1a: Arceus|88\/100|[from] Stealth Rock\n|-damage|p2a: Tyranitar|67\/100 par|[from] Spikes\n|-weather|Sandstorm|[from] ability: Sand Stream|[of] p2a: Tyranitar\n|turn|20\n|\n|t:|1699631021\n|move|p1a: Arceus|Bulk Up|p1a: Arceus\n|-boost|p1a: Arceus|atk|1\n|-boost|p1a: Arceus|def|1\n|move|p2a: Tyranitar|Thunder Wave|p1a: Arceus|[miss]\n|-miss|p2a: Tyranitar|p1a: Arceus\n|\n|-weather|Sandstorm|[upkeep]\n|-damage|p1a: Arceus|82\/100|[from] Sandstorm\n|upkeep\n|turn|21\n|\n|t:|1699631030\n|move|p1a: Arceus|Earthquake|p2a: Tyranitar\n|-supereffective|p2a: Tyranitar\n|-damage|p2a: Tyranitar|15\/100 par\n|cant|p2a: Tyranitar|par\n|\n|-weather|Sandstorm|[upkeep]\n|-damage|p1a: Arceus|76\/100|[from] Sandstorm\n|upkeep\n|turn|22\n|\n|t:|1699631035\n|move|p1a: Arceus|Earthquake|p2a: Tyranitar\n|-supereffective|p2a: Tyranitar\n|-damage|p2a: Tyranitar|0 fnt\n|faint|p2a: Tyranitar\n|\n|-weather|Sandstorm|[upkeep]\n|-damage|p1a: Arceus|70\/100|[from] Sandstorm\n|upkeep\n|\n|t:|1699631037\n|switch|p2a: Houndstone|Houndstone, F|100\/100\n|-damage|p2a: Houndstone|84\/100|[from] Spikes\n|turn|23\n|\n|t:|1699631055\n|move|p2a: Houndstone|Last Respects|p1a: Arceus\n|-damage|p1a: Arceus|0 fnt\n|faint|p1a: Arceus\n|\n|-weather|Sandstorm|[upkeep]\n|upkeep\n|\n|t:|1699631061\n|switch|p1a: Cyclizar|Cyclizar, F|84\/100\n|-damage|p1a: Cyclizar|72\/100|[from] Stealth Rock\n|turn|24\n|l|\u2606Vazquez 2.0\n|player|p2|\n|j|\u2606Vazquez 2.0\n|player|p2|Vazquez 2.0|gardenia\n|\n|t:|1699631130\n|switch|p2a: Landorus|Landorus, M|79\/100\n|move|p1a: Cyclizar|Shed Tail|p1a: Cyclizar\n|-start|p1a: Cyclizar|Substitute|[from] move: Shed Tail\n|-damage|p1a: Cyclizar|22\/100\n|\n|t:|1699631134\n|switch|p1a: Espathra|Espathra, M|100\/100|[from] Shed Tail\n|\n|-weather|Sandstorm|[upkeep]\n|-damage|p1a: Espathra|94\/100|[from] Sandstorm\n|upkeep\n|turn|25\n|j|+style.css\n|\n|t:|1699631137\n|move|p2a: Landorus|Earth Power|p1a: Espathra\n|-end|p1a: Espathra|Substitute\n|move|p1a: Espathra|Calm Mind|p1a: Espathra\n|-boost|p1a: Espathra|spa|1\n|-boost|p1a: Espathra|spd|1\n|\n|-weather|Sandstorm|[upkeep]\n|-damage|p1a: Espathra|88\/100|[from] Sandstorm\n|-ability|p1a: Espathra|Speed Boost|boost\n|-boost|p1a: Espathra|spe|1\n|upkeep\n|turn|26\n|\n|t:|1699631142\n|move|p1a: Espathra|Calm Mind|p1a: Espathra\n|-boost|p1a: Espathra|spa|1\n|-boost|p1a: Espathra|spd|1\n|move|p2a: Landorus|Earth Power|p1a: Espathra\n|-damage|p1a: Espathra|41\/100\n|\n|-weather|Sandstorm|[upkeep]\n|-damage|p1a: Espathra|35\/100|[from] Sandstorm\n|-ability|p1a: Espathra|Speed Boost|boost\n|-boost|p1a: Espathra|spe|1\n|upkeep\n|turn|27\n|\n|t:|1699631147\n|move|p1a: Espathra|Roost|p1a: Espathra\n|-heal|p1a: Espathra|85\/100\n|-singleturn|p1a: Espathra|move: Roost\n|move|p2a: Landorus|Earth Power|p1a: Espathra\n|-damage|p1a: Espathra|39\/100\n|\n|-weather|none\n|-ability|p1a: Espathra|Speed Boost|boost\n|-boost|p1a: Espathra|spe|1\n|upkeep\n|turn|28\n|\n|t:|1699631153\n|move|p1a: Espathra|Stored Power|p2a: Landorus\n|-damage|p2a: Landorus|0 fnt\n|faint|p2a: Landorus\n|\n|-ability|p1a: Espathra|Speed Boost|boost\n|-boost|p1a: Espathra|spe|1\n|upkeep\n|\n|t:|1699631156\n|switch|p2a: Houndstone|Houndstone, F|84\/100\n|-damage|p2a: Houndstone|68\/100|[from] Spikes\n|turn|29\n|\n|t:|1699631160\n|-terastallize|p1a: Espathra|Fighting\n|move|p2a: Houndstone|Shadow Sneak|p1a: Espathra\n|-damage|p1a: Espathra|12\/100\n|move|p1a: Espathra|Stored Power|p2a: Houndstone\n|-damage|p2a: Houndstone|0 fnt\n|faint|p2a: Houndstone\n|\n|win|Bka Onon\n|c|\u2606Bka Onon|gg\n|c|\u2606Vazquez 2.0|gg\n|l|\u2606Bka Onon\n|l|+style.css\n|l|\u2606Vazquez 2.0\n|j|\u2606Vazquez 2.0\n|player|p2|Vazquez 2.0|gardenia\n","uploadtime":1699631574,"views":26,"p1id":"bkaonon","p2id":"vazquez20","formatid":"gen9ubers","rating":0,"private":0,"password":""}