{"id":"gen9ubers-1981056500","p1":"clorboycoctopus","p2":"uubers account","format":"[Gen 9] Ubers","log":"|j|\u2606clorboycoctopus\n|j|\u2606uubers account\n|t:|1698860129\n|gametype|singles\n|player|p1|clorboycoctopus|blackbelt-gen4dp|\n|player|p2|uubers account|2|\n|teamsize|p1|6\n|teamsize|p2|6\n|gen|9\n|tier|[Gen 9] Ubers\n|rule|Sleep Clause Mod: Limit one foe put to sleep\n|rule|Species Clause: Limit one of each Pok\u00e9mon\n|rule|OHKO Clause: OHKO moves are banned\n|rule|Evasion Items Clause: Evasion items are banned\n|rule|Evasion Moves Clause: Evasion moves are banned\n|rule|Endless Battle Clause: Forcing endless battles is banned\n|rule|HP Percentage Mod: HP is shown in percentages\n|clearpoke\n|poke|p1|Spectrier|\n|poke|p1|Masquerain, M|\n|poke|p1|Cyclizar, F|\n|poke|p1|Landorus, M|\n|poke|p1|Zacian-*|\n|poke|p1|Arceus-Fire|\n|poke|p2|Dialga|\n|poke|p2|Magearna|\n|poke|p2|Arceus-Ghost|\n|poke|p2|Garganacl, F|\n|poke|p2|Shaymin-Sky|\n|poke|p2|Palafin, F|\n|teampreview\n|\n|t:|1698860140\n|start\n|switch|p1a: Masquerain|Masquerain, M|100\/100\n|switch|p2a: Palafin|Palafin, F|100\/100\n|-ability|p1a: Masquerain|Intimidate|boost\n|-unboost|p2a: Palafin|atk|1\n|turn|1\n|\n|t:|1698860148\n|move|p1a: Masquerain|Sticky Web|p2a: Palafin\n|-sidestart|p2: uubers account|move: Sticky Web\n|move|p2a: Palafin|Flip Turn|p1a: Masquerain\n|-damage|p1a: Masquerain|61\/100\n|\n|t:|1698860174\n|detailschange|p2a: Palafin|Palafin-Hero, F\n|switch|p2a: Shaymin|Shaymin-Sky|100\/100|[from] Flip Turn\n|\n|upkeep\n|turn|2\n|\n|t:|1698860182\n|move|p2a: Shaymin|Air Slash|p1a: Masquerain\n|-supereffective|p1a: Masquerain\n|-damage|p1a: Masquerain|0 fnt\n|faint|p1a: Masquerain\n|\n|upkeep\n|\n|t:|1698860184\n|switch|p1a: Zacian|Zacian|100\/100\n|-ability|p1a: Zacian|Intrepid Sword|boost\n|-boost|p1a: Zacian|atk|1\n|turn|3\n|\n|t:|1698860223\n|switch|p2a: Magearna|Magearna|100\/100\n|-activate|p2a: Magearna|move: Sticky Web\n|-unboost|p2a: Magearna|spe|1\n|move|p1a: Zacian|Poison Jab|p2a: Magearna\n|-immune|p2a: Magearna\n|\n|upkeep\n|turn|4\n|\n|t:|1698860237\n|switch|p1a: Landorus|Landorus, M|100\/100\n|move|p2a: Magearna|Volt Switch|p1a: Landorus\n|-immune|p1a: Landorus\n|\n|upkeep\n|turn|5\n|\n|t:|1698860255\n|-terastallize|p1a: Landorus|Water\n|-terastallize|p2a: Magearna|Water\n|move|p1a: Landorus|Nasty Plot|p1a: Landorus\n|-boost|p1a: Landorus|spa|2\n|move|p2a: Magearna|Spikes|p1a: Landorus\n|-sidestart|p1: clorboycoctopus|Spikes\n|\n|upkeep\n|turn|6\n|\n|t:|1698860284\n|switch|p2a: Shaymin|Shaymin-Sky|100\/100\n|move|p1a: Landorus|Earth Power|p2a: Shaymin\n|-immune|p2a: Shaymin\n|\n|upkeep\n|turn|7\n|\n|t:|1698860289\n|move|p2a: Shaymin|Seed Flare|p1a: Landorus\n|-supereffective|p1a: Landorus\n|-damage|p1a: Landorus|0 fnt\n|faint|p1a: Landorus\n|\n|upkeep\n|\n|t:|1698860292\n|switch|p1a: Zacian|Zacian|100\/100\n|-damage|p1a: Zacian|88\/100|[from] Spikes\n|turn|8\n|\n|t:|1698860309\n|switch|p1a: Cyclizar|Cyclizar, F|100\/100\n|move|p2a: Shaymin|Seed Flare|p1a: Cyclizar\n|-resisted|p1a: Cyclizar\n|-damage|p1a: Cyclizar|58\/100\n|-unboost|p1a: Cyclizar|spd|2\n|\n|upkeep\n|turn|9\n|\n|t:|1698860317\n|switch|p1a: Arceus|Arceus-Fire|100\/100\n|-damage|p1a: Arceus|88\/100|[from] Spikes\n|move|p2a: Shaymin|Earth Power|p1a: Arceus\n|-supereffective|p1a: Arceus\n|-damage|p1a: Arceus|42\/100\n|\n|upkeep\n|turn|10\n|\n|t:|1698860331\n|switch|p2a: Palafin|Palafin-Hero, F|100\/100\n|-activate|p2a: Palafin|move: Sticky Web\n|-unboost|p2a: Palafin|spe|1\n|-activate|p2a: Palafin|ability: Zero to Hero\n|move|p1a: Arceus|Flare Blitz|p2a: Palafin\n|-resisted|p2a: Palafin\n|-damage|p2a: Palafin|67\/100\n|-damage|p1a: Arceus|31\/100|[from] Recoil\n|\n|upkeep\n|turn|11\n|\n|t:|1698860337\n|move|p2a: Palafin|Jet Punch|p1a: Arceus\n|-supereffective|p1a: Arceus\n|-damage|p1a: Arceus|0 fnt\n|faint|p1a: Arceus\n|\n|upkeep\n|\n|t:|1698860340\n|switch|p1a: Cyclizar|Cyclizar, F|91\/100\n|turn|12\n|\n|t:|1698860359\n|switch|p2a: Magearna|Magearna, tera:Water|100\/100\n|-activate|p2a: Magearna|move: Sticky Web\n|-unboost|p2a: Magearna|spe|1\n|move|p1a: Cyclizar|Shed Tail|p1a: Cyclizar\n|-start|p1a: Cyclizar|Substitute|[from] move: Shed Tail\n|-damage|p1a: Cyclizar|41\/100\n|\n|t:|1698860364\n|switch|p1a: Spectrier|Spectrier|100\/100|[from] Shed Tail\n|-damage|p1a: Spectrier|88\/100|[from] Spikes\n|\n|-heal|p1a: Spectrier|94\/100|[from] item: Leftovers\n|upkeep\n|turn|13\n|\n|t:|1698860369\n|move|p1a: Spectrier|Calm Mind|p1a: Spectrier\n|-boost|p1a: Spectrier|spa|1\n|-boost|p1a: Spectrier|spd|1\n|move|p2a: Magearna|Fleur Cannon|p1a: Spectrier\n|-end|p1a: Spectrier|Substitute\n|-unboost|p2a: Magearna|spa|2\n|\n|-heal|p1a: Spectrier|100\/100|[from] item: Leftovers\n|upkeep\n|turn|14\n|\n|t:|1698860376\n|move|p1a: Spectrier|Calm Mind|p1a: Spectrier\n|-boost|p1a: Spectrier|spa|1\n|-boost|p1a: Spectrier|spd|1\n|move|p2a: Magearna|Encore|p1a: Spectrier\n|-start|p1a: Spectrier|Encore\n|\n|upkeep\n|turn|15\n|\n|t:|1698860378\n|move|p1a: Spectrier|Calm Mind|p1a: Spectrier\n|-boost|p1a: Spectrier|spa|1\n|-boost|p1a: Spectrier|spd|1\n|move|p2a: Magearna|Volt Switch|p1a: Spectrier\n|-damage|p1a: Spectrier|95\/100\n|\n|t:|1698860386\n|switch|p2a: Palafin|Palafin-Hero, F|67\/100|[from] Volt Switch\n|-activate|p2a: Palafin|move: Sticky Web\n|-unboost|p2a: Palafin|spe|1\n|\n|-heal|p1a: Spectrier|100\/100|[from] item: Leftovers\n|upkeep\n|turn|16\n|\n|t:|1698860389\n|move|p2a: Palafin|Jet Punch|p1a: Spectrier\n|-damage|p1a: Spectrier|26\/100\n|move|p1a: Spectrier|Calm Mind|p1a: Spectrier\n|-boost|p1a: Spectrier|spa|1\n|-boost|p1a: Spectrier|spd|1\n|\n|-heal|p1a: Spectrier|32\/100|[from] item: Leftovers\n|upkeep\n|turn|17\n|\n|t:|1698860393\n|move|p2a: Palafin|Jet Punch|p1a: Spectrier\n|-damage|p1a: Spectrier|0 fnt\n|faint|p1a: Spectrier\n|\n|upkeep\n|\n|t:|1698860395\n|switch|p1a: Zacian|Zacian|88\/100\n|-damage|p1a: Zacian|76\/100|[from] Spikes\n|turn|18\n|\n|t:|1698860399\n|move|p2a: Palafin|Jet Punch|p1a: Zacian\n|-damage|p1a: Zacian|19\/100\n|move|p1a: Zacian|Play Rough|p2a: Palafin\n|-damage|p2a: Palafin|19\/100\n|-damage|p1a: Zacian|9\/100|[from] item: Life Orb\n|\n|upkeep\n|turn|19\n|\n|t:|1698860405\n|move|p2a: Palafin|Jet Punch|p1a: Zacian\n|-damage|p1a: Zacian|0 fnt\n|faint|p1a: Zacian\n|\n|upkeep\n|\n|t:|1698860407\n|switch|p1a: Cyclizar|Cyclizar, F|74\/100\n|turn|20\n|c|\u2606uubers account|gg\n|-message|clorboycoctopus forfeited.\n|\n|win|uubers account\n|c|\u2606clorboycoctopus|gg\n","uploadtime":1698860414,"views":11,"p1id":"clorboycoctopus","p2id":"uubersaccount","formatid":"gen9ubers","rating":0,"private":0,"password":""}