{"id":"gen9ubers-1991685537","p1":"StandinOnBusiness","p2":"Taka","format":"[Gen 9] Ubers","log":"|j|\u2606StandinOnBusiness\n|j|\u2606Taka\n|t:|1700102508\n|gametype|singles\n|player|p1|StandinOnBusiness|lucas|\n|player|p2|Taka|#bssplviiidavesdragonairs|\n|teamsize|p1|6\n|teamsize|p2|6\n|gen|9\n|tier|[Gen 9] Ubers\n|rated|Tournament battle\n|rule|Sleep Clause Mod: Limit one foe put to sleep\n|rule|Species Clause: Limit one of each Pok\u00e9mon\n|rule|OHKO Clause: OHKO moves are banned\n|rule|Evasion Items Clause: Evasion items are banned\n|rule|Evasion Moves Clause: Evasion moves are banned\n|rule|Endless Battle Clause: Forcing endless battles is banned\n|rule|HP Percentage Mod: HP is shown in percentages\n|\n|t:|1700102508\n|start\n|switch|p1a: Miraidon|Miraidon|100\/100\n|switch|p2a: Ribombee|Ribombee, M|100\/100\n|-fieldstart|move: Electric Terrain|[from] ability: Hadron Engine|[of] p1a: Miraidon\n|turn|1\n|inactive|Battle timer is ON: inactive players will automatically lose when time's up. (requested by Taka)\n|inactive|StandinOnBusiness also wants the timer to be on.\n|j| klefkwi\n|c|\u2606StandinOnBusiness|hf\n|c|\u2606Taka|u2\n|\n|t:|1700102513\n|move|p1a: Miraidon|U-turn|p2a: Ribombee\n|-resisted|p2a: Ribombee\n|-damage|p2a: Ribombee|89\/100\n|\n|t:|1700102515\n|switch|p1a: Clodsire|Clodsire, M|100\/100|[from] U-turn\n|move|p2a: Ribombee|Sticky Web|p1a: Clodsire\n|-sidestart|p1: StandinOnBusiness|move: Sticky Web\n|\n|upkeep\n|turn|2\n|\n|t:|1700102518\n|switch|p2a: Groudon|Groudon|100\/100\n|-weather|SunnyDay|[from] ability: Drought|[of] p2a: Groudon\n|move|p1a: Clodsire|Toxic Spikes|p2a: Groudon\n|-sidestart|p2: Taka|move: Toxic Spikes\n|\n|-weather|SunnyDay|[upkeep]\n|upkeep\n|turn|3\n|\n|t:|1700102522\n|switch|p1a: Giratina|Giratina-Origin|100\/100\n|move|p2a: Groudon|Swords Dance|p2a: Groudon\n|-boost|p2a: Groudon|atk|2\n|\n|-weather|SunnyDay|[upkeep]\n|upkeep\n|turn|4\n|\n|t:|1700102525\n|move|p2a: Groudon|Dragon Claw|p1a: Giratina\n|-supereffective|p1a: Giratina\n|-damage|p1a: Giratina|0 fnt\n|faint|p1a: Giratina\n|-damage|p2a: Groudon|91\/100|[from] item: Life Orb\n|\n|-weather|SunnyDay|[upkeep]\n|upkeep\n|c|\u2606Taka|1\n|\n|t:|1700102536\n|switch|p1a: Groudon|Groudon|100\/100\n|-activate|p1a: Groudon|move: Sticky Web\n|-unboost|p1a: Groudon|spe|1\n|turn|5\n|c|\u2606StandinOnBusiness|i have been owned\n|\n|t:|1700102542\n|move|p2a: Groudon|Precipice Blades|p1a: Groudon|[miss]\n|-miss|p2a: Groudon|p1a: Groudon\n|move|p1a: Groudon|Will-O-Wisp|p2a: Groudon|[miss]\n|-miss|p1a: Groudon|p2a: Groudon\n|\n|-weather|SunnyDay|[upkeep]\n|-fieldend|move: Electric Terrain\n|upkeep\n|turn|6\n|\n|t:|1700102548\n|-terastallize|p2a: Groudon|Fire\n|move|p2a: Groudon|Fire Punch|p1a: Groudon\n|-damage|p1a: Groudon|24\/100\n|-damage|p2a: Groudon|81\/100|[from] item: Life Orb\n|move|p1a: Groudon|Will-O-Wisp|p2a: Groudon\n|-immune|p2a: Groudon\n|\n|-weather|none\n|-heal|p1a: Groudon|31\/100|[from] item: Leftovers\n|upkeep\n|turn|7\n|j|+corvere\u2665\n|\n|t:|1700102555\n|move|p2a: Groudon|Dragon Claw|p1a: Groudon\n|-damage|p1a: Groudon|0 fnt\n|faint|p1a: Groudon\n|-damage|p2a: Groudon|71\/100|[from] item: Life Orb\n|\n|upkeep\n|\n|t:|1700102557\n|switch|p1a: Miraidon|Miraidon|100\/100\n|-fieldstart|move: Electric Terrain|[from] ability: Hadron Engine|[of] p1a: Miraidon\n|turn|8\n|\n|t:|1700102560\n|switch|p2a: Ribombee|Ribombee, M|89\/100\n|-status|p2a: Ribombee|psn\n|-terastallize|p1a: Miraidon|Dragon\n|move|p1a: Miraidon|Draco Meteor|p2a: Ribombee\n|-immune|p2a: Ribombee\n|\n|-damage|p2a: Ribombee|77\/100 psn|[from] psn\n|upkeep\n|turn|9\n|\n|t:|1700102563\n|move|p1a: Miraidon|Electro Drift|p2a: Ribombee\n|-damage|p2a: Ribombee|0 fnt\n|faint|p2a: Ribombee\n|\n|upkeep\n|\n|t:|1700102567\n|switch|p2a: Zacian|Zacian-Crowned|100\/100\n|-ability|p2a: Zacian|Intrepid Sword|boost\n|-boost|p2a: Zacian|atk|1\n|turn|10\n|\n|t:|1700102573\n|move|p2a: Zacian|Substitute|p2a: Zacian\n|-start|p2a: Zacian|Substitute\n|-damage|p2a: Zacian|76\/100\n|move|p1a: Miraidon|Electro Drift|p2a: Zacian\n|-crit|p2a: Zacian\n|-end|p2a: Zacian|Substitute\n|\n|upkeep\n|turn|11\n|\n|t:|1700102576\n|move|p2a: Zacian|Play Rough|p1a: Miraidon\n|-supereffective|p1a: Miraidon\n|-damage|p1a: Miraidon|0 fnt\n|faint|p1a: Miraidon\n|\n|upkeep\n|\n|t:|1700102577\n|switch|p1a: Clodsire|Clodsire, M|100\/100\n|-activate|p1a: Clodsire|move: Sticky Web\n|-unboost|p1a: Clodsire|spe|1\n|turn|12\n|\n|t:|1700102580\n|move|p2a: Zacian|Swords Dance|p2a: Zacian\n|-boost|p2a: Zacian|atk|2\n|move|p1a: Clodsire|Earthquake|p2a: Zacian\n|-supereffective|p2a: Zacian\n|-crit|p2a: Zacian\n|-damage|p2a: Zacian|0 fnt\n|faint|p2a: Zacian\n|\n|-fieldend|move: Electric Terrain\n|upkeep\n|c|\u2606StandinOnBusiness|mb\n|\n|t:|1700102584\n|switch|p2a: Groudon|Groudon, tera:Fire|71\/100\n|-status|p2a: Groudon|psn\n|-weather|SunnyDay|[from] ability: Drought|[of] p2a: Groudon\n|turn|13\n|\n|t:|1700102586\n|move|p2a: Groudon|Fire Punch|p1a: Clodsire\n|-damage|p1a: Clodsire|7\/100\n|-damage|p2a: Groudon|61\/100 psn|[from] item: Life Orb\n|move|p1a: Clodsire|Earthquake|p2a: Groudon\n|-supereffective|p2a: Groudon\n|-damage|p2a: Groudon|18\/100 psn\n|\n|-weather|SunnyDay|[upkeep]\n|-heal|p1a: Clodsire|13\/100|[from] item: Leftovers\n|-damage|p2a: Groudon|5\/100 psn|[from] psn\n|upkeep\n|turn|14\n|\n|t:|1700102590\n|move|p2a: Groudon|Dragon Claw|p1a: Clodsire\n|-crit|p1a: Clodsire\n|-damage|p1a: Clodsire|0 fnt\n|faint|p1a: Clodsire\n|-damage|p2a: Groudon|0 fnt|[from] item: Life Orb\n|faint|p2a: Groudon\n|\n|-weather|SunnyDay|[upkeep]\n|upkeep\n|\n|t:|1700102593\n|switch|p2a: Miraidon|Miraidon|100\/100\n|switch|p1a: Iron Bundle|Iron Bundle|100\/100\n|-activate|p1a: Iron Bundle|move: Sticky Web\n|-unboost|p1a: Iron Bundle|spe|1\n|-status|p2a: Miraidon|psn\n|-fieldstart|move: Electric Terrain|[from] ability: Hadron Engine|[of] p2a: Miraidon\n|-activate|p1a: Iron Bundle|ability: Quark Drive\n|-start|p1a: Iron Bundle|quarkdrivespa\n|turn|15\n|\n|t:|1700102600\n|move|p2a: Miraidon|Dragon Pulse|p1a: Iron Bundle\n|-damage|p1a: Iron Bundle|0 fnt\n|faint|p1a: Iron Bundle\n|-end|p1a: Iron Bundle|Quark Drive|[silent]\n|\n|-weather|SunnyDay|[upkeep]\n|-damage|p2a: Miraidon|88\/100 psn|[from] psn\n|upkeep\n|c|\u2606Taka|stand on business\n|\n|t:|1700102602\n|switch|p1a: Arceus|Arceus-Fairy|100\/100\n|-activate|p1a: Arceus|move: Sticky Web\n|-unboost|p1a: Arceus|spe|1\n|turn|16\n|\n|t:|1700102604\n|move|p2a: Miraidon|Electro Drift|p1a: Arceus\n|-damage|p1a: Arceus|35\/100\n|move|p1a: Arceus|Calm Mind|p1a: Arceus\n|-boost|p1a: Arceus|spa|1\n|-boost|p1a: Arceus|spd|1\n|\n|-weather|SunnyDay|[upkeep]\n|-damage|p2a: Miraidon|76\/100 psn|[from] psn\n|upkeep\n|turn|17\n|c|\u2606StandinOnBusiness|Stand on Business\n|\n|t:|1700102609\n|move|p2a: Miraidon|Electro Drift|p1a: Arceus\n|-damage|p1a: Arceus|0 fnt\n|faint|p1a: Arceus\n|\n|win|Taka\n|n|\u2606StandinOnBusiness|standinonbusiness\n|n|\u2606Taka|taka\n|n| klefkwi|klefkwi\n|n| corvere\u2665|corvere\n","uploadtime":1700102612,"views":8,"p1id":"standinonbusiness","p2id":"taka","formatid":"gen9ubers","rating":0,"private":0,"password":""}