{"id":"gen9ubers-1993008068","p1":"Rpeezy","p2":"MaseReloaded","format":"[Gen 9] Ubers","log":"|j|\u2606Rpeezy\n|j|\u2606MaseReloaded\n|t:|1700254973\n|gametype|singles\n|player|p1|Rpeezy|lady|\n|player|p2|MaseReloaded|palmer|\n|teamsize|p1|6\n|teamsize|p2|6\n|gen|9\n|tier|[Gen 9] Ubers\n|rule|Sleep Clause Mod: Limit one foe put to sleep\n|rule|Species Clause: Limit one of each Pok\u00e9mon\n|rule|OHKO Clause: OHKO moves are banned\n|rule|Evasion Items Clause: Evasion items are banned\n|rule|Evasion Moves Clause: Evasion moves are banned\n|rule|Endless Battle Clause: Forcing endless battles is banned\n|rule|HP Percentage Mod: HP is shown in percentages\n|clearpoke\n|poke|p1|Enamorus, F|\n|poke|p1|Gastrodon, M|\n|poke|p1|Lurantis, F|\n|poke|p1|Sinistcha|\n|poke|p1|Meowscarada, F|\n|poke|p1|Sneasler, F|\n|poke|p2|Crabominable, F|\n|poke|p2|Hatterene, F|\n|poke|p2|Pawmot, M|\n|poke|p2|Rabsca, F|\n|poke|p2|Ursaluna-Bloodmoon, M|\n|poke|p2|Goodra-Hisui, M|\n|teampreview\n|inactive|Battle timer is ON: inactive players will automatically lose when time's up. (requested by Rpeezy)\n|c|\u2606MaseReloaded|glhf\n|c|\u2606MaseReloaded|rahhhhhh\n|c|\u2606Rpeezy|glhf\n|inactiveoff|Battle timer is now OFF.\n|c|\u2606Rpeezy|raaaahhhh\n|c|\u2606MaseReloaded|sneasler got the animation now!\n|c|\u2606Rpeezy|we love to see it\n|\n|t:|1700255038\n|start\n|switch|p1a: MaseDeLoaded|Sneasler, F|100\/100\n|switch|p2a: Witch Bitch|Hatterene, F|100\/100\n|turn|1\n|\n|t:|1700255046\n|switch|p2a: Lootbug|Rabsca, F|100\/100\n|move|p1a: MaseDeLoaded|Fake Out|p2a: Lootbug\n|-damage|p2a: Lootbug|91\/100\n|-status|p2a: Lootbug|psn|[from] ability: Poison Touch|[of] p1a: MaseDeLoaded\n|-activate|p2a: Lootbug|ability: Synchronize\n|-immune|p1a: MaseDeLoaded\n|\n|-damage|p2a: Lootbug|78\/100 psn|[from] psn\n|upkeep\n|turn|2\n|\n|t:|1700255060\n|move|p1a: MaseDeLoaded|U-turn|p2a: Lootbug\n|-supereffective|p2a: Lootbug\n|-damage|p2a: Lootbug|40\/100 psn\n|c|\u2606MaseReloaded|how could you poison touch me\n|\n|t:|1700255084\n|switch|p1a: Fairy rg 32|Enamorus, F|100\/100|[from] U-turn\n|move|p2a: Lootbug|Trick Room|p2a: Lootbug\n|-fieldstart|move: Trick Room|[of] p2a: Lootbug\n|\n|-damage|p2a: Lootbug|28\/100 psn|[from] psn\n|upkeep\n|turn|3\n|c|\u2606Rpeezy|fake out makes contact methinks\n|c|\u2606MaseReloaded|how dare u lol\n|c|\u2606Rpeezy|OH\n|c|\u2606Rpeezy|SORRY\n|\n|t:|1700255198\n|switch|p2a: Glyphid Oppressor|Goodra-Hisui, M, shiny|100\/100\n|switch|p1a: No scald? \ud83e\udd28|Gastrodon, M|100\/100\n|\n|upkeep\n|turn|4\n|c|\u2606Rpeezy|it does in fact, not have scald\n|c|\u2606MaseReloaded|so sad\n|c|\u2606MaseReloaded|w milotic\n|c|\u2606Rpeezy|my free burns \ud83d\ude14\n|\n|t:|1700255299\n|switch|p2a: Abominable Hoeman|Crabominable, F|100\/100\n|move|p1a: No scald? \ud83e\udd28|Yawn|p2a: Abominable Hoeman\n|-start|p2a: Abominable Hoeman|move: Yawn|[of] p1a: No scald? \ud83e\udd28\n|\n|upkeep\n|turn|5\n|\n|t:|1700255359\n|switch|p2a: Glyphid Oppressor|Goodra-Hisui, M, shiny|100\/100\n|move|p1a: No scald? \ud83e\udd28|Recover||[still]\n|-fail|p1a: No scald? \ud83e\udd28|heal\n|\n|upkeep\n|turn|6\n|\n|t:|1700255388\n|switch|p2a: Witch Bitch|Hatterene, F|100\/100\n|move|p1a: No scald? \ud83e\udd28|Yawn|p2a: Witch Bitch\n|move|p2a: Witch Bitch|Yawn|p1a: No scald? \ud83e\udd28|[from]ability: Magic Bounce\n|-start|p1a: No scald? \ud83e\udd28|move: Yawn|[of] p2a: Witch Bitch\n|\n|-fieldend|move: Trick Room\n|upkeep\n|turn|7\n|c|\u2606MaseReloaded|gottem\n|c|\u2606Rpeezy|\ud83d\ude14\n|\n|t:|1700255407\n|switch|p1a: 'MERICA RAAAHHHH|Sinistcha|100\/100\n|move|p2a: Witch Bitch|Trick Room|p2a: Witch Bitch\n|-fieldstart|move: Trick Room|[of] p2a: Witch Bitch\n|\n|upkeep\n|turn|8\n|\n|t:|1700255456\n|move|p2a: Witch Bitch|Healing Wish|p2a: Witch Bitch\n|faint|p2a: Witch Bitch\n|move|p1a: 'MERICA RAAAHHHH|Calm Mind|p1a: 'MERICA RAAAHHHH\n|-boost|p1a: 'MERICA RAAAHHHH|spa|1\n|-boost|p1a: 'MERICA RAAAHHHH|spd|1\n|\n|upkeep\n|\n|t:|1700255463\n|switch|p2a: Abominable Hoeman|Crabominable, F|100\/100\n|turn|9\n|\n|t:|1700255532\n|-terastallize|p1a: 'MERICA RAAAHHHH|Fairy\n|move|p2a: Abominable Hoeman|Ice Spinner|p1a: 'MERICA RAAAHHHH\n|-damage|p1a: 'MERICA RAAAHHHH|40\/100\n|-damage|p2a: Abominable Hoeman|91\/100|[from] item: Life Orb\n|move|p1a: 'MERICA RAAAHHHH|Matcha Gotcha|p2a: Abominable Hoeman\n|-damage|p2a: Abominable Hoeman|15\/100\n|-heal|p1a: 'MERICA RAAAHHHH|93\/100|[from] drain|[of] p2a: Abominable Hoeman\n|\n|-heal|p1a: 'MERICA RAAAHHHH|99\/100|[from] item: Leftovers\n|upkeep\n|turn|10\n|\n|t:|1700255546\n|move|p2a: Abominable Hoeman|Gunk Shot|p1a: 'MERICA RAAAHHHH|[miss]\n|-miss|p2a: Abominable Hoeman|p1a: 'MERICA RAAAHHHH\n|move|p1a: 'MERICA RAAAHHHH|Shadow Ball|p2a: Abominable Hoeman\n|-damage|p2a: Abominable Hoeman|0 fnt\n|faint|p2a: Abominable Hoeman\n|\n|-heal|p1a: 'MERICA RAAAHHHH|100\/100|[from] item: Leftovers\n|upkeep\n|c|\u2606Rpeezy|unfortunate\n|c|\u2606MaseReloaded|f\n|\n|t:|1700255579\n|switch|p2a: Glyphid Oppressor|Goodra-Hisui, M, shiny|100\/100\n|turn|11\n|\n|t:|1700255608\n|switch|p1a: Save me white girl|Meowscarada, F|100\/100\n|move|p2a: Glyphid Oppressor|Flash Cannon|p1a: Save me white girl\n|-damage|p1a: Save me white girl|35\/100\n|\n|-fieldend|move: Trick Room\n|upkeep\n|turn|12\n|c|\u2606Rpeezy|white girl save me...\n|\n|t:|1700255630\n|move|p1a: Save me white girl|Low Kick|p2a: Glyphid Oppressor\n|-start|p1a: Save me white girl|typechange|Fighting|[from] ability: Protean\n|-supereffective|p2a: Glyphid Oppressor\n|-damage|p2a: Glyphid Oppressor|0 fnt\n|faint|p2a: Glyphid Oppressor\n|\n|upkeep\n|\n|t:|1700255685\n|switch|p2a: Electrogenesis|Pawmot, M|100\/100\n|turn|13\n|\n|t:|1700255698\n|switch|p1a: Fairy rg 32|Enamorus, F|100\/100\n|-terastallize|p2a: Electrogenesis|Flying\n|move|p2a: Electrogenesis|Agility|p2a: Electrogenesis\n|-boost|p2a: Electrogenesis|spe|2\n|\n|upkeep\n|turn|14\n|c|\u2606Rpeezy|oh god\n|\n|t:|1700255719\n|switch|p1a: No scald? \ud83e\udd28|Gastrodon, M|100\/100\n|move|p2a: Electrogenesis|Wild Charge|p1a: No scald? \ud83e\udd28\n|-immune|p1a: No scald? \ud83e\udd28\n|\n|upkeep\n|turn|15\n|\n|t:|1700255725\n|move|p2a: Electrogenesis|Seed Bomb|p1a: No scald? \ud83e\udd28\n|-supereffective|p1a: No scald? \ud83e\udd28\n|-damage|p1a: No scald? \ud83e\udd28|0 fnt\n|faint|p1a: No scald? \ud83e\udd28\n|\n|upkeep\n|c|\u2606Rpeezy|OH NO\n|c|\u2606Rpeezy|I DIDN'T KNOW IT GOT THAT\n|\n|t:|1700255737\n|switch|p1a: MaseDeLoaded|Sneasler, F|100\/100\n|turn|16\n|c|\u2606MaseReloaded|PAWMOT TIME\n|\n|t:|1700255743\n|move|p1a: MaseDeLoaded|Fake Out|p2a: Electrogenesis\n|-damage|p2a: Electrogenesis|77\/100\n|move|p2a: Electrogenesis|Tera Blast|p1a: MaseDeLoaded|[anim] Tera Blast Flying\n|-supereffective|p1a: MaseDeLoaded\n|-damage|p1a: MaseDeLoaded|0 fnt\n|faint|p1a: MaseDeLoaded\n|\n|upkeep\n|c|\u2606Rpeezy|WHAT\n|c|\u2606MaseReloaded|COVERT CLOAK\n|c|\u2606Rpeezy|NOOOOO\n|c|\u2606Rpeezy|well played\n|\n|t:|1700255764\n|switch|p1a: 'MERICA RAAAHHHH|Sinistcha, tera:Fairy|100\/100\n|turn|17\n|\n|t:|1700255785\n|move|p2a: Electrogenesis|Tera Blast|p1a: 'MERICA RAAAHHHH|[anim] Tera Blast Flying\n|-damage|p1a: 'MERICA RAAAHHHH|60\/100\n|move|p1a: 'MERICA RAAAHHHH|Strength Sap|p2a: Electrogenesis\n|-unboost|p2a: Electrogenesis|atk|1\n|-heal|p1a: 'MERICA RAAAHHHH|100\/100\n|\n|upkeep\n|turn|18\n|\n|t:|1700255926\n|switch|p2a: Lootbug|Rabsca, F|28\/100 psn\n|-heal|p2a: Lootbug|100\/100|[from] move: Healing Wish\n|move|p1a: 'MERICA RAAAHHHH|Calm Mind|p1a: 'MERICA RAAAHHHH\n|-boost|p1a: 'MERICA RAAAHHHH|spa|1\n|-boost|p1a: 'MERICA RAAAHHHH|spd|1\n|\n|upkeep\n|turn|19\n|c|\u2606Rpeezy|oh my god\n|c|\u2606Rpeezy|the healing wish from the start\n|\n|t:|1700255983\n|move|p1a: 'MERICA RAAAHHHH|Shadow Ball|p2a: Lootbug\n|-supereffective|p2a: Lootbug\n|-damage|p2a: Lootbug|0 fnt\n|faint|p2a: Lootbug\n|\n|upkeep\n|c|\u2606MaseReloaded|i lose to this anyway\n|\n|t:|1700256009\n|switch|p2a: Rock and Stone!|Ursaluna-Bloodmoon, M|100\/100\n|turn|20\n|c|\u2606Rpeezy|i believe\n|\n|t:|1700256023\n|move|p1a: 'MERICA RAAAHHHH|Matcha Gotcha|p2a: Rock and Stone!\n|-supereffective|p2a: Rock and Stone!\n|-damage|p2a: Rock and Stone!|0 fnt\n|faint|p2a: Rock and Stone!\n|\n|upkeep\n|c|\u2606MaseReloaded|i needed to go to rabsca on the strength sap\n|\n|t:|1700256037\n|switch|p2a: Electrogenesis|Pawmot, M, tera:Flying|77\/100\n|turn|21\n|\n|t:|1700256041\n|move|p2a: Electrogenesis|Tera Blast|p1a: 'MERICA RAAAHHHH|[anim] Tera Blast Flying\n|-damage|p1a: 'MERICA RAAAHHHH|60\/100\n|move|p1a: 'MERICA RAAAHHHH|Shadow Ball|p2a: Electrogenesis\n|-damage|p2a: Electrogenesis|0 fnt\n|faint|p2a: Electrogenesis\n|\n|win|Rpeezy\n|c|\u2606MaseReloaded|gg\n|c|\u2606Rpeezy|gg \ud83e\udd1d\n|c|\u2606MaseReloaded|gunk shot miss\n|c|\u2606Rpeezy|that pawmot was amazing tho, wp\n","uploadtime":1700256061,"views":65,"p1id":"rpeezy","p2id":"masereloaded","formatid":"gen9ubers","rating":0,"private":0,"password":""}