{"id":"gen9ubers-1977668065","p1":"edvillainy","p2":"bydy2","format":"[Gen 9] Ubers","log":"|j|\u2606edvillainy\n|j|\u2606bydy2\n|t:|1698436892\n|gametype|singles\n|player|p1|edvillainy|2|\n|player|p2|bydy2|barry|\n|teamsize|p1|6\n|teamsize|p2|6\n|gen|9\n|tier|[Gen 9] Ubers\n|rule|Sleep Clause Mod: Limit one foe put to sleep\n|rule|Species Clause: Limit one of each Pok\u00e9mon\n|rule|OHKO Clause: OHKO moves are banned\n|rule|Evasion Items Clause: Evasion items are banned\n|rule|Evasion Moves Clause: Evasion moves are banned\n|rule|Endless Battle Clause: Forcing endless battles is banned\n|rule|HP Percentage Mod: HP is shown in percentages\n|clearpoke\n|poke|p1|Torkoal, F|\n|poke|p1|Chi-Yu|\n|poke|p1|Iron Hands|\n|poke|p1|Gholdengo|\n|poke|p1|Grimmsnarl, M|\n|poke|p1|Walking Wake|\n|poke|p2|Dragapult, M|\n|poke|p2|Enamorus, F|\n|poke|p2|Diglett, F|\n|poke|p2|Cinderace, M|\n|poke|p2|Ting-Lu|\n|poke|p2|Rotom-Wash|\n|teampreview\n|j| Inkaying\n|c| Inkaying|Damn no webs\n|c|\u2606bydy2|Good call I'm practically webs immune lol\n|c|\u2606bydy2|glhf\n|c|\u2606edvillainy|and to you\n|\n|t:|1698436955\n|start\n|switch|p1a: Grimmsnarl|Grimmsnarl, M|100\/100\n|switch|p2a: Cinderace|Cinderace, M|100\/100\n|turn|1\n|\n|t:|1698436970\n|move|p1a: Grimmsnarl|Reflect|p1a: Grimmsnarl\n|-sidestart|p1: edvillainy|Reflect\n|move|p2a: Cinderace|High Jump Kick|p1a: Grimmsnarl\n|-start|p2a: Cinderace|typechange|Fighting|[from] ability: Libero\n|-damage|p1a: Grimmsnarl|64\/100\n|\n|upkeep\n|turn|2\n|\n|t:|1698436985\n|move|p1a: Grimmsnarl|Light Screen|p1a: Grimmsnarl\n|-sidestart|p1: edvillainy|move: Light Screen\n|move|p2a: Cinderace|Taunt|p1a: Grimmsnarl\n|-start|p1a: Grimmsnarl|move: Taunt\n|\n|upkeep\n|turn|3\n|\n|t:|1698436999\n|switch|p1a: Gholdengo|Gholdengo|100\/100\n|-item|p1a: Gholdengo|Air Balloon\n|move|p2a: Cinderace|Court Change|p2a: Cinderace\n|-swapsideconditions\n|-activate|p2a: Cinderace|move: Court Change\n|\n|upkeep\n|turn|4\n|c| Inkaying|Bruh you could\u2019ve done spirit break\n|c|\u2606edvillainy|pahahaha\n|\n|t:|1698437026\n|switch|p1a: Torkoal|Torkoal, F|100\/100\n|-weather|SunnyDay|[from] ability: Drought|[of] p1a: Torkoal\n|move|p2a: Cinderace|Sucker Punch||[still]\n|-fail|p2a: Cinderace\n|\n|-weather|SunnyDay|[upkeep]\n|upkeep\n|turn|5\n|c|\u2606edvillainy|i completely forgot about court change\n|\n|t:|1698437036\n|switch|p2a: Rotom|Rotom-Wash|100\/100\n|move|p1a: Torkoal|Yawn|p2a: Rotom\n|-start|p2a: Rotom|move: Yawn|[of] p1a: Torkoal\n|\n|-weather|SunnyDay|[upkeep]\n|upkeep\n|turn|6\n|\n|t:|1698437068\n|switch|p1a: Chi-Yu|Chi-Yu|100\/100\n|-ability|p1a: Chi-Yu|Beads of Ruin\n|move|p2a: Rotom|Volt Switch|p1a: Chi-Yu\n|-crit|p1a: Chi-Yu\n|-damage|p1a: Chi-Yu|55\/100\n|\n|t:|1698437073\n|switch|p2a: Diglett|Diglett, F|100\/100|[from] Volt Switch\n|\n|-weather|SunnyDay|[upkeep]\n|upkeep\n|turn|7\n|\n|t:|1698437085\n|-terastallize|p2a: Diglett|Ground\n|move|p2a: Diglett|Earthquake|p1a: Chi-Yu\n|-supereffective|p1a: Chi-Yu\n|-damage|p1a: Chi-Yu|0 fnt\n|faint|p1a: Chi-Yu\n|\n|-weather|SunnyDay|[upkeep]\n|upkeep\n|j| Nick268\n|\n|t:|1698437091\n|switch|p1a: Walking Wake|Walking Wake|100\/100\n|-activate|p1a: Walking Wake|ability: Protosynthesis\n|-start|p1a: Walking Wake|protosynthesisspa\n|turn|8\n|c| Inkaying|Rip\n|\n|t:|1698437106\n|move|p2a: Diglett|Earthquake|p1a: Walking Wake\n|-damage|p1a: Walking Wake|58\/100\n|move|p1a: Walking Wake|Flamethrower|p2a: Diglett\n|-damage|p2a: Diglett|0 fnt\n|faint|p2a: Diglett\n|\n|-weather|SunnyDay|[upkeep]\n|-sideend|p2: bydy2|Reflect\n|upkeep\n|\n|t:|1698437118\n|switch|p2a: Enamorus|Enamorus, F|100\/100\n|turn|9\n|\n|t:|1698437122\n|move|p2a: Enamorus|Moonblast|p1a: Walking Wake\n|-supereffective|p1a: Walking Wake\n|-damage|p1a: Walking Wake|0 fnt\n|faint|p1a: Walking Wake\n|-end|p1a: Walking Wake|Protosynthesis|[silent]\n|\n|-weather|SunnyDay|[upkeep]\n|-sideend|p2: bydy2|move: Light Screen\n|upkeep\n|\n|t:|1698437132\n|switch|p1a: Gholdengo|Gholdengo|100\/100\n|-item|p1a: Gholdengo|Air Balloon\n|turn|10\n|\n|t:|1698437137\n|switch|p2a: Rotom|Rotom-Wash|100\/100\n|move|p1a: Gholdengo|Nasty Plot|p1a: Gholdengo\n|-boost|p1a: Gholdengo|spa|2\n|\n|-weather|SunnyDay|[upkeep]\n|upkeep\n|turn|11\n|\n|t:|1698437147\n|move|p1a: Gholdengo|Shadow Ball|p2a: Rotom\n|-damage|p2a: Rotom|24\/100\n|-unboost|p2a: Rotom|spd|1\n|move|p2a: Rotom|Light Screen|p2a: Rotom\n|-sidestart|p2: bydy2|move: Light Screen\n|\n|-weather|none\n|-heal|p2a: Rotom|30\/100|[from] item: Leftovers\n|upkeep\n|turn|12\n|\n|t:|1698437151\n|move|p1a: Gholdengo|Shadow Ball|p2a: Rotom\n|-damage|p2a: Rotom|0 fnt\n|faint|p2a: Rotom\n|\n|upkeep\n|\n|t:|1698437171\n|switch|p2a: Enamorus|Enamorus, F|100\/100\n|turn|13\n|\n|t:|1698437184\n|move|p2a: Enamorus|Mystical Fire|p1a: Gholdengo\n|-supereffective|p1a: Gholdengo\n|-damage|p1a: Gholdengo|37\/100\n|-unboost|p1a: Gholdengo|spa|1\n|-enditem|p1a: Gholdengo|Air Balloon\n|move|p1a: Gholdengo|Make It Rain|p2a: Enamorus\n|-supereffective|p2a: Enamorus\n|-damage|p2a: Enamorus|0 fnt\n|-unboost|p1a: Gholdengo|spa|1\n|faint|p2a: Enamorus\n|\n|upkeep\n|\n|t:|1698437195\n|switch|p2a: Dragapult|Dragapult, M|100\/100\n|turn|14\n|c| Inkaying|Wow\n|\n|t:|1698437201\n|move|p2a: Dragapult|Shadow Ball|p1a: Gholdengo\n|-supereffective|p1a: Gholdengo\n|-damage|p1a: Gholdengo|0 fnt\n|faint|p1a: Gholdengo\n|\n|upkeep\n|\n|t:|1698437209\n|switch|p1a: Torkoal|Torkoal, F|100\/100\n|-weather|SunnyDay|[from] ability: Drought|[of] p1a: Torkoal\n|turn|15\n|\n|t:|1698437212\n|switch|p2a: Ting-Lu|Ting-Lu|100\/100\n|-ability|p2a: Ting-Lu|Vessel of Ruin\n|move|p1a: Torkoal|Yawn|p2a: Ting-Lu\n|-start|p2a: Ting-Lu|move: Yawn|[of] p1a: Torkoal\n|\n|-weather|SunnyDay|[upkeep]\n|-sideend|p2: bydy2|move: Light Screen\n|upkeep\n|turn|16\n|\n|t:|1698437221\n|switch|p2a: Cinderace|Cinderace, M|100\/100\n|move|p1a: Torkoal|Overheat|p2a: Cinderace\n|-resisted|p2a: Cinderace\n|-damage|p2a: Cinderace|63\/100\n|-unboost|p1a: Torkoal|spa|2\n|\n|-weather|SunnyDay|[upkeep]\n|upkeep\n|turn|17\n|\n|t:|1698437228\n|move|p2a: Cinderace|High Jump Kick|p1a: Torkoal\n|-start|p2a: Cinderace|typechange|Fighting|[from] ability: Libero\n|-damage|p1a: Torkoal|67\/100\n|move|p1a: Torkoal|Rapid Spin|p2a: Cinderace\n|-damage|p2a: Cinderace|50\/100\n|-boost|p1a: Torkoal|spe|1\n|\n|-weather|SunnyDay|[upkeep]\n|upkeep\n|turn|18\n|\n|t:|1698437237\n|move|p2a: Cinderace|High Jump Kick|p1a: Torkoal\n|-damage|p1a: Torkoal|30\/100\n|move|p1a: Torkoal|Rapid Spin|p2a: Cinderace\n|-damage|p2a: Cinderace|38\/100\n|-boost|p1a: Torkoal|spe|1\n|\n|-weather|SunnyDay|[upkeep]\n|upkeep\n|turn|19\n|\n|t:|1698437246\n|move|p2a: Cinderace|High Jump Kick|p1a: Torkoal\n|-damage|p1a: Torkoal|0 fnt\n|faint|p1a: Torkoal\n|\n|-weather|SunnyDay|[upkeep]\n|upkeep\n|\n|t:|1698437251\n|switch|p1a: Iron Hands|Iron Hands|100\/100\n|turn|20\n|c| Inkaying|Ed..\n|\n|t:|1698437256\n|move|p2a: Cinderace|High Jump Kick|p1a: Iron Hands\n|-damage|p1a: Iron Hands|62\/100\n|move|p1a: Iron Hands|Swords Dance|p1a: Iron Hands\n|-boost|p1a: Iron Hands|atk|2\n|\n|-weather|SunnyDay|[upkeep]\n|upkeep\n|turn|21\n|\n|t:|1698437281\n|move|p2a: Cinderace|High Jump Kick|p1a: Iron Hands|[miss]\n|-miss|p2a: Cinderace|p1a: Iron Hands\n|-damage|p2a: Cinderace|0 fnt|[from] highjumpkick\n|faint|p2a: Cinderace\n|move|p1a: Iron Hands|Drain Punch|p2: Cinderace|[notarget]\n|-fail|p1a: Iron Hands\n|\n|-weather|SunnyDay|[upkeep]\n|upkeep\n|\n|t:|1698437299\n|switch|p2a: Ting-Lu|Ting-Lu|100\/100\n|-ability|p2a: Ting-Lu|Vessel of Ruin\n|turn|22\n|\n|t:|1698437312\n|move|p1a: Iron Hands|Drain Punch|p2a: Ting-Lu\n|-supereffective|p2a: Ting-Lu\n|-damage|p2a: Ting-Lu|0 fnt\n|-heal|p1a: Iron Hands|100\/100|[from] drain|[of] p2a: Ting-Lu\n|faint|p2a: Ting-Lu\n|\n|-weather|none\n|upkeep\n|\n|t:|1698437315\n|switch|p2a: Dragapult|Dragapult, M|100\/100\n|turn|23\n|\n|t:|1698437326\n|move|p2a: Dragapult|Shadow Ball|p1a: Iron Hands\n|-damage|p1a: Iron Hands|66\/100\n|move|p1a: Iron Hands|Ice Punch|p2a: Dragapult\n|-supereffective|p2a: Dragapult\n|-crit|p2a: Dragapult\n|-damage|p2a: Dragapult|0 fnt\n|faint|p2a: Dragapult\n|\n|win|edvillainy\n|c|\u2606bydy2|gg mate\n|c|\u2606edvillainy|gg!\n|c| Inkaying|EDDDDDD\n|l| Nick268\n","uploadtime":1698437339,"views":15,"p1id":"edvillainy","p2id":"bydy2","formatid":"gen9ubers","rating":0,"private":0,"password":""}