{"id":"gen9ubers-2000095383","p1":"S3PP1","p2":"BeardoftheRed","format":"[Gen 9] Ubers","log":"|j|\u2606S3PP1\n|j|\u2606BeardoftheRed\n|t:|1701153872\n|gametype|singles\n|player|p1|S3PP1|biker-gen4|\n|player|p2|BeardoftheRed|266|\n|teamsize|p1|6\n|teamsize|p2|6\n|gen|9\n|tier|[Gen 9] Ubers\n|rule|Sleep Clause Mod: Limit one foe put to sleep\n|rule|Species Clause: Limit one of each Pok\u00e9mon\n|rule|OHKO Clause: OHKO moves are banned\n|rule|Evasion Items Clause: Evasion items are banned\n|rule|Evasion Moves Clause: Evasion moves are banned\n|rule|Endless Battle Clause: Forcing endless battles is banned\n|rule|HP Percentage Mod: HP is shown in percentages\n|clearpoke\n|poke|p1|Gholdengo|\n|poke|p1|Skeledirge, F|\n|poke|p1|Decidueye-Hisui, M|\n|poke|p1|Rotom-Wash|\n|poke|p1|Beartic, M|\n|poke|p1|Toxtricity, M|\n|poke|p2|Dragapult, M|\n|poke|p2|Barraskewda, M|\n|poke|p2|Oranguru, M|\n|poke|p2|Piloswine, F|\n|poke|p2|Chesnaught, F|\n|poke|p2|Palossand, F|\n|teampreview\n|inactive|Battle timer is ON: inactive players will automatically lose when time's up. (requested by S3PP1)\n|inactive|BeardoftheRed also wants the timer to be on.\n|\n|t:|1701153885\n|start\n|switch|p1a: Toxtricity|Toxtricity, M|100\/100\n|switch|p2a: Barraskewda|Barraskewda, M, shiny|100\/100\n|turn|1\n|\n|t:|1701153902\n|switch|p2a: Palossand|Palossand, F, shiny|100\/100\n|move|p1a: Toxtricity|Nuzzle|p2a: Palossand\n|-immune|p2a: Palossand\n|\n|upkeep\n|turn|2\n|\n|t:|1701153915\n|switch|p1a: Rotom|Rotom-Wash|100\/100\n|move|p2a: Palossand|Shadow Ball|p1a: Rotom\n|-damage|p1a: Rotom|63\/100\n|-unboost|p1a: Rotom|spd|1\n|\n|upkeep\n|turn|3\n|\n|t:|1701153925\n|switch|p2a: Barraskewda|Barraskewda, M, shiny|100\/100\n|move|p1a: Rotom|Rain Dance|p1a: Rotom\n|-weather|RainDance\n|\n|-weather|RainDance|[upkeep]\n|upkeep\n|turn|4\n|\n|t:|1701153931\n|move|p2a: Barraskewda|Liquidation|p1a: Rotom\n|-resisted|p1a: Rotom\n|-damage|p1a: Rotom|8\/100\n|-unboost|p1a: Rotom|def|1\n|move|p1a: Rotom|Thunderbolt|p2a: Barraskewda\n|-supereffective|p2a: Barraskewda\n|-damage|p2a: Barraskewda|0 fnt\n|faint|p2a: Barraskewda\n|\n|-weather|RainDance|[upkeep]\n|upkeep\n|\n|t:|1701153942\n|switch|p2a: Piloswine|Piloswine, F, shiny|100\/100\n|turn|5\n|\n|t:|1701153950\n|move|p2a: Piloswine|Ice Shard|p1a: Rotom\n|-resisted|p1a: Rotom\n|-damage|p1a: Rotom|0 fnt\n|faint|p1a: Rotom\n|\n|-weather|RainDance|[upkeep]\n|upkeep\n|\n|t:|1701153953\n|switch|p1a: Beartic|Beartic, M|100\/100\n|turn|6\n|\n|t:|1701153973\n|switch|p2a: Oranguru|Oranguru, M, shiny|100\/100\n|move|p1a: Beartic|Swords Dance|p1a: Beartic\n|-boost|p1a: Beartic|atk|2\n|\n|-weather|RainDance|[upkeep]\n|upkeep\n|turn|7\n|\n|t:|1701153992\n|-terastallize|p1a: Beartic|Water\n|move|p1a: Beartic|Liquidation|p2a: Oranguru\n|-damage|p2a: Oranguru|0 fnt\n|faint|p2a: Oranguru\n|\n|-weather|RainDance|[upkeep]\n|upkeep\n|\n|t:|1701154006\n|switch|p2a: Palossand|Palossand, F, shiny|100\/100\n|turn|8\n|\n|t:|1701154011\n|-terastallize|p2a: Palossand|Ghost\n|move|p1a: Beartic|Liquidation|p2a: Palossand\n|-damage|p2a: Palossand|1\/100\n|-unboost|p2a: Palossand|def|1\n|-ability|p2a: Palossand|Water Compaction|boost\n|-boost|p2a: Palossand|def|2\n|move|p2a: Palossand|Shadow Ball|p1a: Beartic\n|-damage|p1a: Beartic|47\/100\n|\n|-weather|RainDance|[upkeep]\n|upkeep\n|turn|9\n|\n|t:|1701154022\n|move|p1a: Beartic|Aqua Jet|p2a: Palossand\n|-damage|p2a: Palossand|0 fnt\n|faint|p2a: Palossand\n|\n|-weather|RainDance|[upkeep]\n|upkeep\n|\n|t:|1701154040\n|switch|p2a: Piloswine|Piloswine, F, shiny|100\/100\n|turn|10\n|inactive|BeardoftheRed has 270 seconds left.\n|\n|t:|1701154058\n|move|p1a: Beartic|Liquidation|p2a: Piloswine\n|-supereffective|p2a: Piloswine\n|-damage|p2a: Piloswine|0 fnt\n|faint|p2a: Piloswine\n|\n|-weather|none\n|upkeep\n|inactive|BeardoftheRed has 270 seconds left.\n|\n|t:|1701154065\n|switch|p2a: Dragapult|Dragapult, M, shiny|100\/100\n|turn|11\n|\n|t:|1701154068\n|move|p2a: Dragapult|Phantom Force||[still]\n|-prepare|p2a: Dragapult|Phantom Force\n|move|p1a: Beartic|Icicle Crash|p2a: Dragapult|[miss]\n|-miss|p1a: Beartic|p2a: Dragapult\n|\n|upkeep\n|turn|12\n|\n|t:|1701154073\n|move|p2a: Dragapult|Phantom Force|p1a: Beartic|[from]lockedmove\n|-damage|p1a: Beartic|0 fnt\n|faint|p1a: Beartic\n|\n|upkeep\n|\n|t:|1701154080\n|switch|p1a: Gholdengo|Gholdengo|100\/100\n|turn|13\n|\n|t:|1701154087\n|move|p1a: Gholdengo|Shadow Ball|p2a: Dragapult\n|-supereffective|p2a: Dragapult\n|-damage|p2a: Dragapult|0 fnt\n|faint|p2a: Dragapult\n|\n|upkeep\n|\n|t:|1701154093\n|switch|p2a: Chesnaught|Chesnaught, F, shiny|100\/100\n|turn|14\n|\n|t:|1701154106\n|switch|p1a: Toxtricity|Toxtricity, M|100\/100\n|move|p2a: Chesnaught|Spiky Shield||[still]\n|-fail|p2a: Chesnaught\n|\n|upkeep\n|turn|15\n|\n|t:|1701154115\n|move|p1a: Toxtricity|Boomburst|p2a: Chesnaught\n|-damage|p2a: Chesnaught|40\/100\n|-enditem|p1a: Toxtricity|Throat Spray\n|-boost|p1a: Toxtricity|spa|1|[from] item: Throat Spray\n|move|p2a: Chesnaught|Wood Hammer|p1a: Toxtricity\n|-resisted|p1a: Toxtricity\n|-damage|p1a: Toxtricity|66\/100\n|-damage|p2a: Chesnaught|31\/100|[from] Recoil\n|\n|upkeep\n|turn|16\n|\n|t:|1701154123\n|move|p2a: Chesnaught|Spiky Shield|p2a: Chesnaught\n|-singleturn|p2a: Chesnaught|move: Protect\n|move|p1a: Toxtricity|Nuzzle|p2a: Chesnaught\n|-activate|p2a: Chesnaught|move: Protect\n|-damage|p1a: Toxtricity|53\/100|[from] Spiky Shield|[of] p2a: Chesnaught\n|\n|upkeep\n|turn|17\n|\n|t:|1701154129\n|move|p1a: Toxtricity|Nuzzle|p2a: Chesnaught\n|-resisted|p2a: Chesnaught\n|-damage|p2a: Chesnaught|29\/100\n|-status|p2a: Chesnaught|par\n|-damage|p1a: Toxtricity|37\/100|[from] item: Rocky Helmet|[of] p2a: Chesnaught\n|move|p2a: Chesnaught|Synthesis|p2a: Chesnaught\n|-heal|p2a: Chesnaught|79\/100 par\n|\n|upkeep\n|turn|18\n|\n|t:|1701154138\n|cant|p2a: Chesnaught|par\n|move|p1a: Toxtricity|Boomburst|p2a: Chesnaught\n|-damage|p2a: Chesnaught|0 fnt\n|faint|p2a: Chesnaught\n|\n|win|S3PP1\n","uploadtime":1701154145,"views":2,"p1id":"s3pp1","p2id":"beardofthered","formatid":"gen9ubers","rating":0,"private":0,"password":""}