{"id":"gen9ubers-1997750316","p1":"Sir Grandmaster","p2":"jawiththeblicky","format":"[Gen 9] Ubers","log":"|j|\u2606Sir Grandmaster\n|j|\u2606jawiththeblicky\n|inactive|Battle timer is ON: inactive players will automatically lose when time's up.\n|t:|1700848693\n|gametype|singles\n|player|p1|Sir Grandmaster|ghetsis|\n|player|p2|jawiththeblicky|psychicf-gen4|\n|teamsize|p1|6\n|teamsize|p2|6\n|gen|9\n|tier|[Gen 9] Ubers\n|rated|Tournament battle\n|rule|Sleep Clause Mod: Limit one foe put to sleep\n|rule|Species Clause: Limit one of each Pok\u00e9mon\n|rule|OHKO Clause: OHKO moves are banned\n|rule|Evasion Items Clause: Evasion items are banned\n|rule|Evasion Moves Clause: Evasion moves are banned\n|rule|Endless Battle Clause: Forcing endless battles is banned\n|rule|HP Percentage Mod: HP is shown in percentages\n|clearpoke\n|poke|p1|Flutter Mane|\n|poke|p1|Koraidon|\n|poke|p1|Miraidon|\n|poke|p1|Iron Bundle|\n|poke|p1|Iron Valiant|\n|poke|p1|Walking Wake|\n|poke|p2|Roaring Moon|\n|poke|p2|Iron Bundle|\n|poke|p2|Flutter Mane|\n|poke|p2|Miraidon|\n|poke|p2|Koraidon|\n|poke|p2|Iron Valiant|\n|teampreview\n|j|*Lady Monita \u2746\n|inactive|jawiththeblicky has 120 seconds left.\n|inactive|jawiththeblicky has 90 seconds left.\n|\n|t:|1700848774\n|start\n|switch|p1a: Koraidon|Koraidon|100\/100\n|switch|p2a: Miraidon|Miraidon|100\/100\n|-fieldstart|move: Electric Terrain|[from] ability: Hadron Engine|[of] p2a: Miraidon\n|-weather|SunnyDay|[from] ability: Orichalcum Pulse|[of] p1a: Koraidon\n|-activate|p1a: Koraidon|Orichalcum Pulse|[source]\n|turn|1\n|inactive|jawiththeblicky has 120 seconds left.\n|\n|t:|1700848804\n|move|p2a: Miraidon|Dazzling Gleam|p1a: Koraidon\n|-supereffective|p1a: Koraidon\n|-enditem|p1a: Koraidon|Focus Sash\n|-damage|p1a: Koraidon|1\/100\n|move|p1a: Koraidon|Outrage|p2a: Miraidon\n|-supereffective|p2a: Miraidon\n|-damage|p2a: Miraidon|0 fnt\n|faint|p2a: Miraidon\n|\n|-weather|SunnyDay|[upkeep]\n|upkeep\n|inactive|jawiththeblicky has 90 seconds left.\n|\n|t:|1700848839\n|switch|p2a: Iron Bundle|Iron Bundle, shiny|100\/100\n|-activate|p2a: Iron Bundle|ability: Quark Drive\n|-start|p2a: Iron Bundle|quarkdrivespe\n|turn|2\n|\n|t:|1700848847\n|move|p2a: Iron Bundle|Freeze-Dry|p1a: Koraidon\n|-supereffective|p1a: Koraidon\n|-damage|p1a: Koraidon|0 fnt\n|faint|p1a: Koraidon\n|-damage|p2a: Iron Bundle|91\/100|[from] item: Life Orb\n|\n|-weather|SunnyDay|[upkeep]\n|upkeep\n|\n|t:|1700848855\n|switch|p1a: Iron Bundle|Iron Bundle|100\/100\n|-activate|p1a: Iron Bundle|ability: Quark Drive\n|-start|p1a: Iron Bundle|quarkdrivespe\n|turn|3\n|inactive|jawiththeblicky has 90 seconds left.\n|\n|t:|1700848882\n|move|p2a: Iron Bundle|Freeze-Dry|p1a: Iron Bundle\n|-damage|p1a: Iron Bundle|1\/100\n|-damage|p2a: Iron Bundle|81\/100|[from] item: Life Orb\n|move|p1a: Iron Bundle|Flip Turn|p2a: Iron Bundle\n|-resisted|p2a: Iron Bundle\n|-damage|p2a: Iron Bundle|77\/100\n|\n|t:|1700848892\n|-end|p1a: Iron Bundle|Quark Drive|[silent]\n|switch|p1a: Flutter Mane|Flutter Mane|100\/100|[from] Flip Turn\n|-activate|p1a: Flutter Mane|ability: Protosynthesis\n|-start|p1a: Flutter Mane|protosynthesisspe\n|\n|-weather|SunnyDay|[upkeep]\n|upkeep\n|turn|4\n|inactive|jawiththeblicky has 90 seconds left.\n|\n|t:|1700848931\n|move|p2a: Iron Bundle|Freeze-Dry|p1a: Flutter Mane\n|-damage|p1a: Flutter Mane|48\/100\n|-damage|p2a: Iron Bundle|67\/100|[from] item: Life Orb\n|move|p1a: Flutter Mane|Thunderbolt|p2a: Iron Bundle\n|-supereffective|p2a: Iron Bundle\n|-damage|p2a: Iron Bundle|0 fnt\n|faint|p2a: Iron Bundle\n|-end|p2a: Iron Bundle|Quark Drive|[silent]\n|\n|-weather|SunnyDay|[upkeep]\n|upkeep\n|inactive|jawiththeblicky has 60 seconds left.\n|\n|t:|1700848949\n|switch|p2a: Flutter Mane|Flutter Mane, shiny|100\/100\n|-activate|p2a: Flutter Mane|ability: Protosynthesis\n|-start|p2a: Flutter Mane|protosynthesisspe\n|turn|5\n|\n|t:|1700848955\n|move|p2a: Flutter Mane|Shadow Ball|p1a: Flutter Mane\n|-supereffective|p1a: Flutter Mane\n|-damage|p1a: Flutter Mane|0 fnt\n|faint|p1a: Flutter Mane\n|-end|p1a: Flutter Mane|Protosynthesis|[silent]\n|-damage|p2a: Flutter Mane|91\/100|[from] item: Life Orb\n|\n|-weather|none\n|-end|p2a: Flutter Mane|Protosynthesis\n|-fieldend|move: Electric Terrain\n|upkeep\n|\n|t:|1700848961\n|switch|p1a: Iron Bundle|Iron Bundle|1\/100\n|-enditem|p1a: Iron Bundle|Booster Energy\n|-activate|p1a: Iron Bundle|ability: Quark Drive|[fromitem]\n|-start|p1a: Iron Bundle|quarkdrivespe\n|turn|6\n|\n|t:|1700848975\n|move|p1a: Iron Bundle|Ice Beam|p2a: Flutter Mane\n|-damage|p2a: Flutter Mane|43\/100\n|-status|p2a: Flutter Mane|frz\n|cant|p2a: Flutter Mane|frz\n|\n|upkeep\n|turn|7\n|j|^RUMYMOME\n|\n|t:|1700849003\n|move|p1a: Iron Bundle|Ice Beam|p2a: Flutter Mane\n|-damage|p2a: Flutter Mane|0 fnt\n|faint|p2a: Flutter Mane\n|-end|p2a: Flutter Mane|Protosynthesis|[silent]\n|\n|upkeep\n|inactive|jawiththeblicky has 60 seconds left.\n|\n|t:|1700849051\n|switch|p2a: Iron Valiant|Iron Valiant, shiny|100\/100\n|turn|8\n|\n|t:|1700849060\n|move|p1a: Iron Bundle|Hydro Pump|p2a: Iron Valiant\n|-damage|p2a: Iron Valiant|2\/100\n|move|p2a: Iron Valiant|Knock Off|p1a: Iron Bundle\n|-damage|p1a: Iron Bundle|0 fnt\n|faint|p1a: Iron Bundle\n|-end|p1a: Iron Bundle|Quark Drive|[silent]\n|\n|upkeep\n|\n|t:|1700849066\n|switch|p1a: Miraidon|Miraidon|100\/100\n|-fieldstart|move: Electric Terrain|[from] ability: Hadron Engine|[of] p1a: Miraidon\n|-activate|p2a: Iron Valiant|ability: Quark Drive\n|-start|p2a: Iron Valiant|quarkdrivespe\n|turn|9\n|\n|t:|1700849073\n|move|p1a: Miraidon|Volt Switch|p2a: Iron Valiant\n|-damage|p2a: Iron Valiant|0 fnt\n|faint|p2a: Iron Valiant\n|-end|p2a: Iron Valiant|Quark Drive|[silent]\n|\n|t:|1700849080\n|switch|p1a: Iron Valiant|Iron Valiant|100\/100|[from] Volt Switch\n|-activate|p1a: Iron Valiant|ability: Quark Drive\n|-start|p1a: Iron Valiant|quarkdrivespe\n|\n|upkeep\n|inactive|jawiththeblicky has 60 seconds left.\n|\n|t:|1700849092\n|switch|p2a: Koraidon|Koraidon|100\/100\n|-weather|SunnyDay|[from] ability: Orichalcum Pulse|[of] p2a: Koraidon\n|-activate|p2a: Koraidon|Orichalcum Pulse|[source]\n|turn|10\n|\n|t:|1700849117\n|move|p2a: Koraidon|Iron Head|p1a: Iron Valiant\n|-supereffective|p1a: Iron Valiant\n|-damage|p1a: Iron Valiant|10\/100\n|move|p1a: Iron Valiant|Close Combat|p2a: Koraidon\n|-damage|p2a: Koraidon|21\/100\n|-unboost|p1a: Iron Valiant|def|1\n|-unboost|p1a: Iron Valiant|spd|1\n|\n|-weather|SunnyDay|[upkeep]\n|upkeep\n|turn|11\n|\n|t:|1700849121\n|move|p2a: Koraidon|Iron Head|p1a: Iron Valiant\n|-supereffective|p1a: Iron Valiant\n|-damage|p1a: Iron Valiant|0 fnt\n|faint|p1a: Iron Valiant\n|-end|p1a: Iron Valiant|Quark Drive|[silent]\n|\n|-weather|SunnyDay|[upkeep]\n|upkeep\n|\n|t:|1700849124\n|switch|p1a: Walking Wake|Walking Wake|100\/100\n|-activate|p1a: Walking Wake|ability: Protosynthesis\n|-start|p1a: Walking Wake|protosynthesisspa\n|turn|12\n|\n|t:|1700849128\n|move|p2a: Koraidon|Iron Head|p1a: Walking Wake\n|-resisted|p1a: Walking Wake\n|-damage|p1a: Walking Wake|80\/100\n|cant|p1a: Walking Wake|flinch\n|\n|-weather|SunnyDay|[upkeep]\n|upkeep\n|turn|13\n|\n|t:|1700849136\n|switch|p2a: Roaring Moon|Roaring Moon, shiny|100\/100\n|-activate|p2a: Roaring Moon|ability: Protosynthesis\n|-start|p2a: Roaring Moon|protosynthesisatk\n|move|p1a: Walking Wake|Dragon Pulse|p2a: Roaring Moon\n|-supereffective|p2a: Roaring Moon\n|-enditem|p2a: Roaring Moon|Focus Sash\n|-damage|p2a: Roaring Moon|1\/100\n|\n|-weather|SunnyDay|[upkeep]\n|-fieldend|move: Electric Terrain\n|upkeep\n|turn|14\n|\n|t:|1700849144\n|move|p1a: Walking Wake|Dragon Pulse|p2a: Roaring Moon\n|-supereffective|p2a: Roaring Moon\n|-crit|p2a: Roaring Moon\n|-damage|p2a: Roaring Moon|0 fnt\n|faint|p2a: Roaring Moon\n|-end|p2a: Roaring Moon|Protosynthesis|[silent]\n|\n|-weather|none\n|-end|p1a: Walking Wake|Protosynthesis\n|upkeep\n|\n|t:|1700849146\n|switch|p2a: Koraidon|Koraidon|21\/100\n|-weather|SunnyDay|[from] ability: Orichalcum Pulse|[of] p2a: Koraidon\n|-activate|p1a: Walking Wake|ability: Protosynthesis\n|-start|p1a: Walking Wake|protosynthesisspa\n|-activate|p2a: Koraidon|Orichalcum Pulse|[source]\n|turn|15\n|c|\u2606Sir Grandmaster|gg\n|\n|t:|1700849148\n|move|p2a: Koraidon|Dragon Claw|p1a: Walking Wake\n|-supereffective|p1a: Walking Wake\n|-damage|p1a: Walking Wake|0 fnt\n|faint|p1a: Walking Wake\n|-end|p1a: Walking Wake|Protosynthesis|[silent]\n|\n|-weather|SunnyDay|[upkeep]\n|upkeep\n|\n|t:|1700849150\n|switch|p1a: Miraidon|Miraidon|100\/100\n|-fieldstart|move: Electric Terrain|[from] ability: Hadron Engine|[of] p1a: Miraidon\n|turn|16\n|\n|t:|1700849154\n|-terastallize|p2a: Koraidon|Steel\n|-terastallize|p1a: Miraidon|Fairy\n|move|p2a: Koraidon|Dragon Claw|p1a: Miraidon\n|-immune|p1a: Miraidon\n|move|p1a: Miraidon|Dazzling Gleam|p2a: Koraidon\n|-resisted|p2a: Koraidon\n|-damage|p2a: Koraidon|0 fnt\n|faint|p2a: Koraidon\n|\n|win|Sir Grandmaster\n|n|\u2606Sir Grandmaster|sirgrandmaster\n|n|\u2606jawiththeblicky|jawiththeblicky\n|n|*Lady Monita \u2746|ladymonita\n|n| RUMYMOME|rumymome\n","uploadtime":1700849156,"views":1,"p1id":"sirgrandmaster","p2id":"jawiththeblicky","formatid":"gen9ubers","rating":0,"private":0,"password":""}