{"id":"gen9ubers-1970936074","p1":"Dillanspyxword","p2":"EriorYT","format":"[Gen 9] Ubers","log":"|j|\u2606Dillanspyxword\n|j|\u2606EriorYT\n|t:|1697682616\n|gametype|singles\n|player|p1|Dillanspyxword|hilbert-wonderlauncher|1244\n|player|p2|EriorYT|saguaro|1160\n|teamsize|p1|6\n|teamsize|p2|6\n|gen|9\n|tier|[Gen 9] Ubers\n|rated|\n|rule|Sleep Clause Mod: Limit one foe put to sleep\n|rule|Species Clause: Limit one of each Pok\u00e9mon\n|rule|OHKO Clause: OHKO moves are banned\n|rule|Evasion Items Clause: Evasion items are banned\n|rule|Evasion Moves Clause: Evasion moves are banned\n|rule|Endless Battle Clause: Forcing endless battles is banned\n|rule|HP Percentage Mod: HP is shown in percentages\n|clearpoke\n|poke|p1|Giratina|\n|poke|p1|Palkia-Origin|\n|poke|p1|Kyogre|\n|poke|p1|Dialga|\n|poke|p1|Forretress, F|\n|poke|p1|Ogerpon-Hearthflame, F|\n|poke|p2|Miraidon|\n|poke|p2|Blissey, F|\n|poke|p2|Toxapex, M|\n|poke|p2|Iron Bundle|\n|poke|p2|Koraidon|\n|poke|p2|Giratina|\n|teampreview\n|inactive|Battle timer is ON: inactive players will automatically lose when time's up. (requested by EriorYT)\n|\n|t:|1697682637\n|start\n|switch|p1a: Forretress|Forretress, F|100\/100\n|switch|p2a: Miraidon|Miraidon|100\/100\n|-fieldstart|move: Electric Terrain|[from] ability: Hadron Engine|[of] p2a: Miraidon\n|turn|1\n|\n|t:|1697682653\n|move|p2a: Miraidon|Taunt|p1a: Forretress\n|-start|p1a: Forretress|move: Taunt\n|cant|p1a: Forretress|move: Taunt|Stealth Rock\n|\n|upkeep\n|turn|2\n|\n|t:|1697682658\n|move|p2a: Miraidon|Calm Mind|p2a: Miraidon\n|-boost|p2a: Miraidon|spa|1\n|-boost|p2a: Miraidon|spd|1\n|move|p1a: Forretress|Rapid Spin|p2a: Miraidon\n|-damage|p2a: Miraidon|91\/100\n|-boost|p1a: Forretress|spe|1\n|\n|upkeep\n|turn|3\n|\n|t:|1697682661\n|move|p2a: Miraidon|Parabolic Charge|p1a: Forretress\n|-ability|p1a: Forretress|Sturdy\n|-damage|p1a: Forretress|1\/100\n|-heal|p2a: Miraidon|100\/100|[from] drain|[of] p1a: Forretress\n|-damage|p2a: Miraidon|91\/100|[from] item: Life Orb\n|move|p1a: Forretress|Rapid Spin|p2a: Miraidon\n|-crit|p2a: Miraidon\n|-damage|p2a: Miraidon|74\/100\n|-boost|p1a: Forretress|spe|1\n|\n|-end|p1a: Forretress|move: Taunt\n|upkeep\n|turn|4\n|-enditem|p1a: Forretress|Custap Berry|[eat]\n|-activate|p1a: Forretress|item: Custap Berry|[consumed]\n|\n|t:|1697682668\n|move|p1a: Forretress|Stealth Rock|p2a: Miraidon\n|-sidestart|p2: EriorYT|move: Stealth Rock\n|move|p2a: Miraidon|Parabolic Charge|p1a: Forretress\n|-damage|p1a: Forretress|0 fnt\n|-heal|p2a: Miraidon|75\/100|[from] drain|[of] p1a: Forretress\n|faint|p1a: Forretress\n|-damage|p2a: Miraidon|65\/100|[from] item: Life Orb\n|\n|upkeep\n|\n|t:|1697682675\n|switch|p1a: Dialga|Dialga|100\/100\n|-ability|p1a: Dialga|Pressure\n|turn|5\n|\n|t:|1697682686\n|move|p1a: Dialga|Dragon Pulse|p2a: Miraidon\n|-supereffective|p2a: Miraidon\n|-damage|p2a: Miraidon|4\/100\n|move|p2a: Miraidon|Draco Meteor|p1a: Dialga\n|-damage|p1a: Dialga|0 fnt\n|-unboost|p2a: Miraidon|spa|2\n|faint|p1a: Dialga\n|-damage|p2a: Miraidon|0 fnt|[from] item: Life Orb\n|faint|p2a: Miraidon\n|\n|-fieldend|move: Electric Terrain\n|upkeep\n|\n|t:|1697682700\n|switch|p2a: Toxapex|Toxapex, M|100\/100\n|switch|p1a: Ogerpon|Ogerpon-Hearthflame, F|100\/100\n|-ability|p1a: Ogerpon|Mold Breaker\n|-damage|p2a: Toxapex|88\/100|[from] Stealth Rock\n|turn|6\n|\n|t:|1697682704\n|switch|p1a: Giratina|Giratina|100\/100\n|-ability|p1a: Giratina|Pressure\n|move|p2a: Toxapex|Toxic|p1a: Giratina\n|-status|p1a: Giratina|tox\n|\n|-damage|p1a: Giratina|94\/100 tox|[from] psn\n|upkeep\n|turn|7\n|\n|t:|1697682710\n|switch|p2a: Blissey|Blissey, F|100\/100\n|move|p1a: Giratina|Will-O-Wisp|p2a: Blissey\n|-status|p2a: Blissey|brn\n|\n|-heal|p1a: Giratina|100\/100 tox|[from] item: Leftovers\n|-damage|p1a: Giratina|88\/100 tox|[from] psn\n|-damage|p2a: Blissey|94\/100 brn|[from] brn\n|upkeep\n|turn|8\n|\n|t:|1697682717\n|-curestatus|p2a: Blissey|brn|[from] ability: Natural Cure\n|switch|p2a: Giratina|Giratina|100\/100\n|-ability|p2a: Giratina|Pressure\n|move|p1a: Giratina|Aura Sphere|p2a: Giratina\n|-immune|p2a: Giratina\n|\n|-heal|p1a: Giratina|94\/100 tox|[from] item: Leftovers\n|-damage|p1a: Giratina|76\/100 tox|[from] psn\n|upkeep\n|turn|9\n|\n|t:|1697682733\n|switch|p1a: Palkia|Palkia-Origin|100\/100\n|-ability|p1a: Palkia|Pressure\n|move|p2a: Giratina|Defog|p1a: Palkia\n|-unboost|p1a: Palkia|evasion|1\n|-sideend|p2: EriorYT|Stealth Rock|[from] move: Defog|[of] p2a: Giratina\n|\n|upkeep\n|turn|10\n|\n|t:|1697682758\n|switch|p2a: Blissey|Blissey, F|94\/100\n|move|p1a: Palkia|Substitute|p1a: Palkia\n|-start|p1a: Palkia|Substitute\n|-damage|p1a: Palkia|76\/100\n|\n|upkeep\n|turn|11\n|\n|t:|1697682761\n|move|p1a: Palkia|Spacial Rend|p2a: Blissey\n|-damage|p2a: Blissey|73\/100\n|move|p2a: Blissey|Seismic Toss|p1a: Palkia\n|-end|p1a: Palkia|Substitute\n|\n|upkeep\n|turn|12\n|\n|t:|1697682772\n|switch|p1a: Ogerpon|Ogerpon-Hearthflame, F|100\/100\n|-ability|p1a: Ogerpon|Mold Breaker\n|move|p2a: Blissey|Seismic Toss|p1a: Ogerpon\n|-damage|p1a: Ogerpon|67\/100\n|\n|upkeep\n|turn|13\n|\n|t:|1697682780\n|switch|p2a: Toxapex|Toxapex, M|100\/100\n|move|p1a: Ogerpon|Knock Off|p2a: Toxapex\n|-damage|p2a: Toxapex|76\/100\n|-damage|p1a: Ogerpon|51\/100|[from] item: Rocky Helmet|[of] p2a: Toxapex\n|-enditem|p2a: Toxapex|Rocky Helmet|[from] move: Knock Off|[of] p1a: Ogerpon\n|\n|upkeep\n|turn|14\n|\n|t:|1697682786\n|switch|p1a: Giratina|Giratina|76\/100 tox\n|-ability|p1a: Giratina|Pressure\n|move|p2a: Toxapex|Toxic|p1a: Giratina\n|-fail|p1a: Giratina|tox\n|\n|-heal|p1a: Giratina|82\/100 tox|[from] item: Leftovers\n|-damage|p1a: Giratina|76\/100 tox|[from] psn\n|upkeep\n|turn|15\n|\n|t:|1697682797\n|switch|p2a: Giratina|Giratina|100\/100\n|-ability|p2a: Giratina|Pressure\n|move|p1a: Giratina|Aura Sphere|p2a: Giratina\n|-immune|p2a: Giratina\n|\n|-heal|p1a: Giratina|82\/100 tox|[from] item: Leftovers\n|-damage|p1a: Giratina|70\/100 tox|[from] psn\n|upkeep\n|turn|16\n|\n|t:|1697682819\n|move|p1a: Giratina|Will-O-Wisp|p2a: Giratina\n|-status|p2a: Giratina|brn\n|move|p2a: Giratina|Dragon Tail|p1a: Giratina\n|-supereffective|p1a: Giratina\n|-damage|p1a: Giratina|57\/100 tox\n|drag|p1a: Ogerpon|Ogerpon-Hearthflame, F|51\/100\n|-ability|p1a: Ogerpon|Mold Breaker\n|\n|-damage|p2a: Giratina|94\/100 brn|[from] brn\n|upkeep\n|turn|17\n|\n|t:|1697682828\n|move|p1a: Ogerpon|Leech Seed|p2a: Giratina\n|-start|p2a: Giratina|move: Leech Seed\n|move|p2a: Giratina|Dragon Tail|p1a: Ogerpon\n|-damage|p1a: Ogerpon|38\/100\n|drag|p1a: Giratina|Giratina|57\/100 tox\n|-ability|p1a: Giratina|Pressure\n|\n|-heal|p1a: Giratina|63\/100 tox|[from] item: Leftovers\n|-damage|p2a: Giratina|82\/100 brn|[from] Leech Seed|[of] p1a: Giratina\n|-heal|p1a: Giratina|75\/100 tox|[silent]\n|-damage|p1a: Giratina|69\/100 tox|[from] psn\n|-damage|p2a: Giratina|76\/100 brn|[from] brn\n|upkeep\n|turn|18\n|\n|t:|1697682840\n|move|p1a: Giratina|Shadow Force||[still]\n|-prepare|p1a: Giratina|Shadow Force\n|move|p2a: Giratina|Dragon Tail|p1a: Giratina|[miss]\n|-miss|p2a: Giratina|p1a: Giratina\n|\n|-heal|p1a: Giratina|75\/100 tox|[from] item: Leftovers\n|-damage|p2a: Giratina|63\/100 brn|[from] Leech Seed|[of] p1a: Giratina\n|-heal|p1a: Giratina|87\/100 tox|[silent]\n|-damage|p1a: Giratina|75\/100 tox|[from] psn\n|-damage|p2a: Giratina|57\/100 brn|[from] brn\n|upkeep\n|turn|19\n|\n|t:|1697682844\n|switch|p2a: Blissey|Blissey, F|73\/100\n|move|p1a: Giratina|Shadow Force|p2a: Blissey|[from]lockedmove\n|-immune|p2a: Blissey\n|\n|-heal|p1a: Giratina|81\/100 tox|[from] item: Leftovers\n|-damage|p1a: Giratina|62\/100 tox|[from] psn\n|upkeep\n|turn|20\n|\n|t:|1697682849\n|move|p1a: Giratina|Aura Sphere|p2a: Blissey\n|-supereffective|p2a: Blissey\n|-crit|p2a: Blissey\n|-damage|p2a: Blissey|55\/100\n|move|p2a: Blissey|Soft-Boiled|p2a: Blissey\n|-heal|p2a: Blissey|100\/100\n|\n|-heal|p1a: Giratina|69\/100 tox|[from] item: Leftovers\n|-damage|p1a: Giratina|44\/100 tox|[from] psn\n|upkeep\n|turn|21\n|\n|t:|1697682855\n|move|p1a: Giratina|Rest|p1a: Giratina\n|-status|p1a: Giratina|slp|[from] move: Rest\n|-heal|p1a: Giratina|100\/100 slp|[silent]\n|move|p2a: Blissey|Stealth Rock|p1a: Giratina\n|-sidestart|p1: Dillanspyxword|move: Stealth Rock\n|\n|upkeep\n|turn|22\n|\n|t:|1697682862\n|switch|p2a: Koraidon|Koraidon|100\/100\n|-weather|SunnyDay|[from] ability: Orichalcum Pulse|[of] p2a: Koraidon\n|-activate|p2a: Koraidon|Orichalcum Pulse|[source]\n|cant|p1a: Giratina|slp\n|\n|-weather|SunnyDay|[upkeep]\n|upkeep\n|turn|23\n|\n|t:|1697682867\n|move|p2a: Koraidon|Dragon Claw|p1a: Giratina\n|-supereffective|p1a: Giratina\n|-damage|p1a: Giratina|30\/100 slp\n|cant|p1a: Giratina|slp\n|\n|-weather|SunnyDay|[upkeep]\n|-heal|p1a: Giratina|36\/100 slp|[from] item: Leftovers\n|upkeep\n|turn|24\n|\n|t:|1697682871\n|move|p2a: Koraidon|Dragon Claw|p1a: Giratina\n|-supereffective|p1a: Giratina\n|-damage|p1a: Giratina|0 fnt\n|faint|p1a: Giratina\n|\n|-weather|SunnyDay|[upkeep]\n|upkeep\n|\n|t:|1697682873\n|switch|p1a: Palkia|Palkia-Origin|76\/100\n|-damage|p1a: Palkia|63\/100|[from] Stealth Rock\n|-ability|p1a: Palkia|Pressure\n|turn|25\n|inactive|EriorYT has 120 seconds left.\n|\n|t:|1697682930\n|-terastallize|p1a: Palkia|Fairy\n|move|p2a: Koraidon|Dragon Claw|p1a: Palkia\n|-immune|p1a: Palkia\n|move|p1a: Palkia|Spacial Rend|p2a: Koraidon\n|-supereffective|p2a: Koraidon\n|-damage|p2a: Koraidon|0 fnt\n|faint|p2a: Koraidon\n|\n|-weather|SunnyDay|[upkeep]\n|upkeep\n|\n|t:|1697682934\n|switch|p2a: Iron Bundle|Iron Bundle|100\/100\n|turn|26\n|\n|t:|1697682940\n|move|p2a: Iron Bundle|Ice Beam|p1a: Palkia\n|-damage|p1a: Palkia|22\/100\n|move|p1a: Palkia|Spacial Rend|p2a: Iron Bundle\n|-damage|p2a: Iron Bundle|0 fnt\n|faint|p2a: Iron Bundle\n|-end|p2a: Iron Bundle|Quark Drive|[silent]\n|\n|-weather|none\n|upkeep\n|\n|t:|1697682944\n|switch|p2a: Giratina|Giratina|57\/100 brn\n|-ability|p2a: Giratina|Pressure\n|turn|27\n|inactive|EriorYT has 120 seconds left.\n|\n|t:|1697682950\n|move|p1a: Palkia|Spacial Rend|p2a: Giratina\n|-supereffective|p2a: Giratina\n|-damage|p2a: Giratina|0 fnt\n|faint|p2a: Giratina\n|\n|upkeep\n|inactive|EriorYT has 120 seconds left.\n|\n|t:|1697682974\n|switch|p2a: Blissey|Blissey, F|100\/100\n|turn|28\n|\n|t:|1697682979\n|move|p1a: Palkia|Hydro Pump|p2a: Blissey\n|-damage|p2a: Blissey|77\/100\n|move|p2a: Blissey|Seismic Toss|p1a: Palkia\n|-damage|p1a: Palkia|0 fnt\n|faint|p1a: Palkia\n|\n|upkeep\n|\n|t:|1697682983\n|switch|p1a: Ogerpon|Ogerpon-Hearthflame, F|38\/100\n|-damage|p1a: Ogerpon|13\/100|[from] Stealth Rock\n|-ability|p1a: Ogerpon|Mold Breaker\n|turn|29\n|inactive|EriorYT has 120 seconds left.\n|\n|t:|1697682997\n|switch|p2a: Toxapex|Toxapex, M|100\/100\n|move|p1a: Ogerpon|Ivy Cudgel|p2a: Toxapex\n|-resisted|p2a: Toxapex\n|-damage|p2a: Toxapex|83\/100\n|\n|upkeep\n|turn|30\n|\n|t:|1697683000\n|move|p1a: Ogerpon|Leech Seed|p2a: Toxapex\n|-start|p2a: Toxapex|move: Leech Seed\n|move|p2a: Toxapex|Toxic|p1a: Ogerpon\n|-status|p1a: Ogerpon|tox\n|\n|-damage|p2a: Toxapex|70\/100|[from] Leech Seed|[of] p1a: Ogerpon\n|-heal|p1a: Ogerpon|25\/100 tox|[silent]\n|-damage|p1a: Ogerpon|19\/100 tox|[from] psn\n|upkeep\n|turn|31\n|\n|t:|1697683005\n|move|p1a: Ogerpon|Trailblaze|p2a: Toxapex\n|-damage|p2a: Toxapex|52\/100\n|-boost|p1a: Ogerpon|spe|1\n|move|p2a: Toxapex|Recover|p2a: Toxapex\n|-heal|p2a: Toxapex|100\/100\n|\n|-damage|p2a: Toxapex|88\/100|[from] Leech Seed|[of] p1a: Ogerpon\n|-heal|p1a: Ogerpon|32\/100 tox|[silent]\n|-damage|p1a: Ogerpon|20\/100 tox|[from] psn\n|upkeep\n|turn|32\n|\n|t:|1697683018\n|move|p1a: Ogerpon|Trailblaze|p2a: Toxapex\n|-damage|p2a: Toxapex|69\/100\n|-boost|p1a: Ogerpon|spe|1\n|move|p2a: Toxapex|Chilling Water|p1a: Ogerpon\n|-damage|p1a: Ogerpon|8\/100 tox\n|-unboost|p1a: Ogerpon|atk|1\n|\n|-damage|p2a: Toxapex|56\/100|[from] Leech Seed|[of] p1a: Ogerpon\n|-heal|p1a: Ogerpon|21\/100 tox|[silent]\n|-damage|p1a: Ogerpon|3\/100 tox|[from] psn\n|upkeep\n|turn|33\n|\n|t:|1697683026\n|move|p1a: Ogerpon|Knock Off|p2a: Toxapex\n|-damage|p2a: Toxapex|45\/100\n|move|p2a: Toxapex|Recover|p2a: Toxapex\n|-heal|p2a: Toxapex|95\/100\n|\n|-damage|p2a: Toxapex|82\/100|[from] Leech Seed|[of] p1a: Ogerpon\n|-heal|p1a: Ogerpon|15\/100 tox|[silent]\n|-damage|p1a: Ogerpon|0 fnt|[from] psn\n|faint|p1a: Ogerpon\n|upkeep\n|\n|t:|1697683029\n|switch|p1a: Kyogre|Kyogre|100\/100\n|-damage|p1a: Kyogre|88\/100|[from] Stealth Rock\n|-weather|RainDance|[from] ability: Drizzle|[of] p1a: Kyogre\n|turn|34\n|inactive|EriorYT has 120 seconds left.\n|\n|t:|1697683064\n|move|p1a: Kyogre|Water Spout|p2a: Toxapex\n|-resisted|p2a: Toxapex\n|-damage|p2a: Toxapex|36\/100\n|move|p2a: Toxapex|Toxic|p1a: Kyogre\n|-status|p1a: Kyogre|tox\n|\n|-weather|RainDance|[upkeep]\n|-damage|p2a: Toxapex|23\/100|[from] Leech Seed|[of] p1a: Kyogre\n|-heal|p1a: Kyogre|99\/100 tox|[silent]\n|-damage|p1a: Kyogre|93\/100 tox|[from] psn\n|upkeep\n|turn|35\n|\n|t:|1697683071\n|move|p1a: Kyogre|Water Spout|p2a: Toxapex\n|-resisted|p2a: Toxapex\n|-damage|p2a: Toxapex|0 fnt\n|faint|p2a: Toxapex\n|\n|-weather|RainDance|[upkeep]\n|-damage|p1a: Kyogre|81\/100 tox|[from] psn\n|upkeep\n|\n|t:|1697683074\n|switch|p2a: Blissey|Blissey, F|77\/100\n|turn|36\n|\n|t:|1697683077\n|move|p1a: Kyogre|Water Spout|p2a: Blissey\n|-damage|p2a: Blissey|45\/100\n|move|p2a: Blissey|Soft-Boiled|p2a: Blissey\n|-heal|p2a: Blissey|95\/100\n|\n|-weather|RainDance|[upkeep]\n|-damage|p1a: Kyogre|62\/100 tox|[from] psn\n|upkeep\n|turn|37\n|\n|t:|1697683081\n|move|p1a: Kyogre|Water Spout|p2a: Blissey\n|-damage|p2a: Blissey|70\/100\n|move|p2a: Blissey|Soft-Boiled|p2a: Blissey\n|-heal|p2a: Blissey|100\/100\n|\n|-weather|RainDance|[upkeep]\n|-damage|p1a: Kyogre|38\/100 tox|[from] psn\n|upkeep\n|turn|38\n|\n|t:|1697683084\n|move|p1a: Kyogre|Water Spout|p2a: Blissey\n|-damage|p2a: Blissey|85\/100\n|move|p2a: Blissey|Seismic Toss|p1a: Kyogre\n|-damage|p1a: Kyogre|8\/100 tox\n|\n|-weather|none\n|-damage|p1a: Kyogre|0 fnt|[from] psn\n|faint|p1a: Kyogre\n|\n|win|EriorYT\n|upkeep\n|raw|Dillanspyxword's rating: 1244 &rarr; <strong>1213<\/strong><br \/>(-31 for losing)\n|raw|EriorYT's rating: 1160 &rarr; <strong>1191<\/strong><br \/>(+31 for winning)\n|c|\u2606Dillanspyxword|gg\n|c|\u2606EriorYT|gg\n","uploadtime":1697683090,"views":10,"p1id":"dillanspyxword","p2id":"erioryt","formatid":"gen9ubers","rating":1191,"private":0,"password":""}