{"id":"gen9ubers-1977426495","p1":"Harlem Foxtrotter","p2":"Flooperschnitzel","format":"[Gen 9] Ubers","log":"|j|\u2606Harlem Foxtrotter\n|j|\u2606Flooperschnitzel\n|t:|1698416094\n|gametype|singles\n|player|p1|Harlem Foxtrotter|ghetsis|1315\n|player|p2|Flooperschnitzel|169|1420\n|teamsize|p1|6\n|teamsize|p2|6\n|gen|9\n|tier|[Gen 9] Ubers\n|rated|\n|rule|Sleep Clause Mod: Limit one foe put to sleep\n|rule|Species Clause: Limit one of each Pok\u00e9mon\n|rule|OHKO Clause: OHKO moves are banned\n|rule|Evasion Items Clause: Evasion items are banned\n|rule|Evasion Moves Clause: Evasion moves are banned\n|rule|Endless Battle Clause: Forcing endless battles is banned\n|rule|HP Percentage Mod: HP is shown in percentages\n|clearpoke\n|poke|p1|Koraidon|\n|poke|p1|Roaring Moon|\n|poke|p1|Flutter Mane|\n|poke|p1|Walking Wake|\n|poke|p1|Great Tusk|\n|poke|p1|Slither Wing|\n|poke|p2|Shaymin-Sky|\n|poke|p2|Miraidon|\n|poke|p2|Arceus-Fairy|\n|poke|p2|Zacian-*|\n|poke|p2|Skeledirge, M|\n|poke|p2|Giratina-Origin|\n|teampreview\n|inactive|Battle timer is ON: inactive players will automatically lose when time's up. (requested by Harlem Foxtrotter)\n|\n|t:|1698416113\n|start\n|switch|p1a: MR HARLEY DAVIDSON|Koraidon|100\/100\n|switch|p2a: Zacian|Zacian-Crowned|100\/100\n|-ability|p2a: Zacian|Intrepid Sword|boost\n|-boost|p2a: Zacian|atk|1\n|-weather|SunnyDay|[from] ability: Orichalcum Pulse|[of] p1a: MR HARLEY DAVIDSON\n|-activate|p1a: MR HARLEY DAVIDSON|Orichalcum Pulse|[source]\n|turn|1\n|\n|t:|1698416117\n|-terastallize|p1a: MR HARLEY DAVIDSON|Fire\n|move|p2a: Zacian|Play Rough|p1a: MR HARLEY DAVIDSON\n|-resisted|p1a: MR HARLEY DAVIDSON\n|-damage|p1a: MR HARLEY DAVIDSON|65\/100\n|move|p1a: MR HARLEY DAVIDSON|Flare Blitz|p2a: Zacian\n|-supereffective|p2a: Zacian\n|-damage|p2a: Zacian|0 fnt\n|faint|p2a: Zacian\n|-damage|p1a: MR HARLEY DAVIDSON|34\/100|[from] Recoil\n|\n|-weather|SunnyDay|[upkeep]\n|upkeep\n|\n|t:|1698416128\n|switch|p2a: Arceus|Arceus-Fairy|100\/100\n|turn|2\n|\n|t:|1698416138\n|move|p1a: MR HARLEY DAVIDSON|U-turn|p2a: Arceus\n|-resisted|p2a: Arceus\n|-damage|p2a: Arceus|92\/100\n|\n|t:|1698416161\n|switch|p1a: Voring Moon \ud83d\ude0b|Roaring Moon, shiny|100\/100|[from] U-turn\n|-activate|p1a: Voring Moon \ud83d\ude0b|ability: Protosynthesis\n|-start|p1a: Voring Moon \ud83d\ude0b|protosynthesisspe\n|move|p2a: Arceus|Stealth Rock|p1a: Voring Moon \ud83d\ude0b\n|-sidestart|p1: Harlem Foxtrotter|move: Stealth Rock\n|\n|-weather|SunnyDay|[upkeep]\n|upkeep\n|turn|3\n|\n|t:|1698416166\n|move|p1a: Voring Moon \ud83d\ude0b|Iron Head|p2a: Arceus\n|-supereffective|p2a: Arceus\n|-damage|p2a: Arceus|54\/100\n|move|p2a: Arceus|Judgment|p1a: Voring Moon \ud83d\ude0b\n|-supereffective|p1a: Voring Moon \ud83d\ude0b\n|-crit|p1a: Voring Moon \ud83d\ude0b\n|-damage|p1a: Voring Moon \ud83d\ude0b|0 fnt\n|faint|p1a: Voring Moon \ud83d\ude0b\n|-end|p1a: Voring Moon \ud83d\ude0b|Protosynthesis|[silent]\n|\n|-weather|SunnyDay|[upkeep]\n|upkeep\n|inactive|Harlem Foxtrotter has 120 seconds left.\n|\n|t:|1698416191\n|switch|p1a: IRRELEPHANT|Great Tusk, shiny|100\/100\n|-damage|p1a: IRRELEPHANT|97\/100|[from] Stealth Rock\n|-activate|p1a: IRRELEPHANT|ability: Protosynthesis\n|-start|p1a: IRRELEPHANT|protosynthesisatk\n|turn|4\n|inactive|Harlem Foxtrotter has 120 seconds left.\n|\n|t:|1698416204\n|move|p2a: Arceus|Recover|p2a: Arceus\n|-heal|p2a: Arceus|100\/100\n|move|p1a: IRRELEPHANT|Headlong Rush|p2a: Arceus\n|-damage|p2a: Arceus|63\/100\n|-unboost|p1a: IRRELEPHANT|def|1\n|-unboost|p1a: IRRELEPHANT|spd|1\n|\n|-weather|SunnyDay|[upkeep]\n|upkeep\n|turn|5\n|\n|t:|1698416212\n|move|p2a: Arceus|Judgment|p1a: IRRELEPHANT\n|-supereffective|p1a: IRRELEPHANT\n|-damage|p1a: IRRELEPHANT|10\/100\n|move|p1a: IRRELEPHANT|Rapid Spin|p2a: Arceus\n|-damage|p2a: Arceus|54\/100\n|-boost|p1a: IRRELEPHANT|spe|1\n|-sideend|p1: Harlem Foxtrotter|Stealth Rock|[from] move: Rapid Spin|[of] p1a: IRRELEPHANT\n|\n|-weather|SunnyDay|[upkeep]\n|upkeep\n|turn|6\n|\n|t:|1698416219\n|move|p1a: IRRELEPHANT|Headlong Rush|p2a: Arceus\n|-damage|p2a: Arceus|18\/100\n|-unboost|p1a: IRRELEPHANT|def|1\n|-unboost|p1a: IRRELEPHANT|spd|1\n|move|p2a: Arceus|Recover|p2a: Arceus\n|-heal|p2a: Arceus|68\/100\n|\n|-weather|SunnyDay|[upkeep]\n|upkeep\n|turn|7\n|\n|t:|1698416225\n|move|p1a: IRRELEPHANT|Headlong Rush|p2a: Arceus\n|-damage|p2a: Arceus|31\/100\n|-unboost|p1a: IRRELEPHANT|def|1\n|-unboost|p1a: IRRELEPHANT|spd|1\n|move|p2a: Arceus|Recover|p2a: Arceus\n|-heal|p2a: Arceus|82\/100\n|\n|-weather|SunnyDay|[upkeep]\n|upkeep\n|turn|8\n|\n|t:|1698416231\n|move|p1a: IRRELEPHANT|Headlong Rush|p2a: Arceus\n|-damage|p2a: Arceus|42\/100\n|-unboost|p1a: IRRELEPHANT|def|1\n|-unboost|p1a: IRRELEPHANT|spd|1\n|move|p2a: Arceus|Judgment|p1a: IRRELEPHANT\n|-supereffective|p1a: IRRELEPHANT\n|-damage|p1a: IRRELEPHANT|0 fnt\n|faint|p1a: IRRELEPHANT\n|-end|p1a: IRRELEPHANT|Protosynthesis|[silent]\n|\n|-weather|none\n|upkeep\n|\n|t:|1698416245\n|switch|p1a: MR HARLEY DAVIDSON|Koraidon, tera:Fire|34\/100\n|-weather|SunnyDay|[from] ability: Orichalcum Pulse|[of] p1a: MR HARLEY DAVIDSON\n|-activate|p1a: MR HARLEY DAVIDSON|Orichalcum Pulse|[source]\n|turn|9\n|\n|t:|1698416259\n|switch|p2a: Miraidon|Miraidon|100\/100\n|-fieldstart|move: Electric Terrain|[from] ability: Hadron Engine|[of] p2a: Miraidon\n|move|p1a: MR HARLEY DAVIDSON|Flare Blitz|p2a: Miraidon\n|-resisted|p2a: Miraidon\n|-damage|p2a: Miraidon|35\/100\n|-damage|p1a: MR HARLEY DAVIDSON|12\/100|[from] Recoil\n|\n|-weather|SunnyDay|[upkeep]\n|upkeep\n|turn|10\n|\n|t:|1698416277\n|switch|p1a: #1 fairy weak team|Flutter Mane, shiny|100\/100\n|-activate|p1a: #1 fairy weak team|ability: Protosynthesis\n|-start|p1a: #1 fairy weak team|protosynthesisspe\n|move|p2a: Miraidon|Electro Drift|p1a: #1 fairy weak team\n|-enditem|p1a: #1 fairy weak team|Focus Sash\n|-damage|p1a: #1 fairy weak team|1\/100\n|\n|-weather|SunnyDay|[upkeep]\n|upkeep\n|turn|11\n|l|\u2606Flooperschnitzel\n|inactive|Flooperschnitzel disconnected and has a minute to reconnect!\n|player|p2|\n|j|\u2606Flooperschnitzel\n|inactive|Flooperschnitzel reconnected and has 150 seconds left.\n|player|p2|Flooperschnitzel|169\n|\n|t:|1698416304\n|switch|p2a: Arceus|Arceus-Fairy|42\/100\n|move|p1a: #1 fairy weak team|Shadow Ball|p2a: Arceus\n|-damage|p2a: Arceus|16\/100\n|-unboost|p2a: Arceus|spd|1\n|\n|-weather|SunnyDay|[upkeep]\n|upkeep\n|turn|12\n|\n|t:|1698416312\n|move|p1a: #1 fairy weak team|Shadow Ball|p2a: Arceus\n|-damage|p2a: Arceus|0 fnt\n|faint|p2a: Arceus\n|\n|-weather|SunnyDay|[upkeep]\n|upkeep\n|\n|t:|1698416317\n|switch|p2a: Giratina|Giratina-Origin|100\/100\n|turn|13\n|\n|t:|1698416336\n|-end|p1a: #1 fairy weak team|Protosynthesis|[silent]\n|switch|p1a: JESUSAURUS REX|Walking Wake|100\/100\n|-activate|p1a: JESUSAURUS REX|ability: Protosynthesis\n|-start|p1a: JESUSAURUS REX|protosynthesisspe\n|move|p2a: Giratina|Shadow Sneak|p1a: JESUSAURUS REX\n|-damage|p1a: JESUSAURUS REX|77\/100\n|\n|-weather|SunnyDay|[upkeep]\n|-fieldend|move: Electric Terrain\n|upkeep\n|turn|14\n|\n|t:|1698416346\n|-terastallize|p2a: Giratina|Steel\n|move|p1a: JESUSAURUS REX|Draco Meteor|p2a: Giratina\n|-resisted|p2a: Giratina\n|-damage|p2a: Giratina|79\/100\n|-unboost|p1a: JESUSAURUS REX|spa|2\n|move|p2a: Giratina|Dragon Tail|p1a: JESUSAURUS REX\n|-supereffective|p1a: JESUSAURUS REX\n|-damage|p1a: JESUSAURUS REX|5\/100\n|-end|p1a: JESUSAURUS REX|Protosynthesis|[silent]\n|drag|p1a: TOP G SLITHMA MALE|Slither Wing, shiny|100\/100\n|-activate|p1a: TOP G SLITHMA MALE|ability: Protosynthesis\n|-start|p1a: TOP G SLITHMA MALE|protosynthesisatk\n|\n|-weather|SunnyDay|[upkeep]\n|upkeep\n|turn|15\n|\n|t:|1698416361\n|switch|p2a: Skeledirge|Skeledirge, M|100\/100\n|move|p1a: TOP G SLITHMA MALE|Flare Blitz|p2a: Skeledirge\n|-resisted|p2a: Skeledirge\n|-damage|p2a: Skeledirge|61\/100\n|-damage|p1a: TOP G SLITHMA MALE|86\/100|[from] Recoil\n|\n|-weather|SunnyDay|[upkeep]\n|upkeep\n|turn|16\n|\n|t:|1698416379\n|-end|p1a: TOP G SLITHMA MALE|Protosynthesis|[silent]\n|switch|p1a: JESUSAURUS REX|Walking Wake|5\/100\n|-activate|p1a: JESUSAURUS REX|ability: Protosynthesis\n|-start|p1a: JESUSAURUS REX|protosynthesisspe\n|move|p2a: Skeledirge|Will-O-Wisp|p1a: JESUSAURUS REX|[miss]\n|-miss|p2a: Skeledirge|p1a: JESUSAURUS REX\n|\n|-weather|none\n|-end|p1a: JESUSAURUS REX|Protosynthesis\n|upkeep\n|turn|17\n|\n|t:|1698416387\n|move|p1a: JESUSAURUS REX|Hydro Steam|p2a: Skeledirge\n|-supereffective|p2a: Skeledirge\n|-damage|p2a: Skeledirge|0 fnt\n|faint|p2a: Skeledirge\n|\n|upkeep\n|\n|t:|1698416390\n|switch|p2a: Shaymin|Shaymin-Sky|100\/100\n|turn|18\n|\n|t:|1698416403\n|-end|p1a: JESUSAURUS REX|Protosynthesis|[silent]\n|switch|p1a: MR HARLEY DAVIDSON|Koraidon, tera:Fire|12\/100\n|-weather|SunnyDay|[from] ability: Orichalcum Pulse|[of] p1a: MR HARLEY DAVIDSON\n|-activate|p1a: MR HARLEY DAVIDSON|Orichalcum Pulse|[source]\n|move|p2a: Shaymin|Air Slash|p1a: MR HARLEY DAVIDSON\n|-damage|p1a: MR HARLEY DAVIDSON|0 fnt\n|faint|p1a: MR HARLEY DAVIDSON\n|\n|-weather|SunnyDay|[upkeep]\n|upkeep\n|\n|t:|1698416410\n|switch|p1a: JESUSAURUS REX|Walking Wake|5\/100\n|-activate|p1a: JESUSAURUS REX|ability: Protosynthesis\n|-start|p1a: JESUSAURUS REX|protosynthesisspe\n|turn|19\n|\n|t:|1698416414\n|move|p1a: JESUSAURUS REX|Flamethrower|p2a: Shaymin\n|-supereffective|p2a: Shaymin\n|-damage|p2a: Shaymin|0 fnt\n|faint|p2a: Shaymin\n|\n|-weather|SunnyDay|[upkeep]\n|upkeep\n|\n|t:|1698416423\n|switch|p2a: Giratina|Giratina-Origin, tera:Steel|79\/100\n|turn|20\n|\n|t:|1698416435\n|move|p2a: Giratina|Shadow Sneak|p1a: JESUSAURUS REX\n|-damage|p1a: JESUSAURUS REX|0 fnt\n|faint|p1a: JESUSAURUS REX\n|-end|p1a: JESUSAURUS REX|Protosynthesis|[silent]\n|\n|-weather|SunnyDay|[upkeep]\n|upkeep\n|\n|t:|1698416437\n|switch|p1a: TOP G SLITHMA MALE|Slither Wing, shiny|86\/100\n|-activate|p1a: TOP G SLITHMA MALE|ability: Protosynthesis\n|-start|p1a: TOP G SLITHMA MALE|protosynthesisatk\n|turn|21\n|\n|t:|1698416444\n|move|p1a: TOP G SLITHMA MALE|Close Combat|p2a: Giratina\n|-supereffective|p2a: Giratina\n|-crit|p2a: Giratina\n|-damage|p2a: Giratina|0 fnt\n|-unboost|p1a: TOP G SLITHMA MALE|def|1\n|-unboost|p1a: TOP G SLITHMA MALE|spd|1\n|faint|p2a: Giratina\n|\n|-weather|SunnyDay|[upkeep]\n|upkeep\n|-message|Flooperschnitzel forfeited.\n|\n|win|Harlem Foxtrotter\n|raw|Harlem Foxtrotter's rating: 1315 &rarr; <strong>1341<\/strong><br \/>(+26 for winning)\n|raw|Flooperschnitzel's rating: 1420 &rarr; <strong>1394<\/strong><br \/>(-26 for losing)\n|l|\u2606Flooperschnitzel\n","uploadtime":1698416454,"views":5,"p1id":"harlemfoxtrotter","p2id":"flooperschnitzel","formatid":"gen9ubers","rating":1341,"private":0,"password":""}