{"id":"gen9ubers-1987613896","p1":"Plasmic Cosmos","p2":"ksilverk","format":"[Gen 9] Ubers","log":"|j|\u2606Plasmic Cosmos\n|j|\u2606ksilverk\n|t:|1699619717\n|gametype|singles\n|player|p1|Plasmic Cosmos|ghetsis|1121\n|player|p2|ksilverk|pokemonranger-gen4|1090\n|teamsize|p1|6\n|teamsize|p2|6\n|gen|9\n|tier|[Gen 9] Ubers\n|rated|\n|rule|Sleep Clause Mod: Limit one foe put to sleep\n|rule|Species Clause: Limit one of each Pok\u00e9mon\n|rule|OHKO Clause: OHKO moves are banned\n|rule|Evasion Items Clause: Evasion items are banned\n|rule|Evasion Moves Clause: Evasion moves are banned\n|rule|Endless Battle Clause: Forcing endless battles is banned\n|rule|HP Percentage Mod: HP is shown in percentages\n|clearpoke\n|poke|p1|Koraidon|\n|poke|p1|Flutter Mane|\n|poke|p1|Iron Moth|\n|poke|p1|Ting-Lu|\n|poke|p1|Skeledirge, F|\n|poke|p1|Great Tusk|\n|poke|p2|Dunsparce, F|\n|poke|p2|Grafaiai, M|\n|poke|p2|Charizard, M|\n|poke|p2|Raichu, M|\n|poke|p2|Quagsire, F|\n|poke|p2|Lycanroc-Dusk, M|\n|teampreview\n|inactive|Battle timer is ON: inactive players will automatically lose when time's up. (requested by Plasmic Cosmos)\n|\n|t:|1699619736\n|start\n|switch|p1a: Koraidon|Koraidon|100\/100\n|switch|p2a: Grafaiai|Grafaiai, M, shiny|100\/100\n|-weather|SunnyDay|[from] ability: Orichalcum Pulse|[of] p1a: Koraidon\n|-activate|p1a: Koraidon|Orichalcum Pulse|[source]\n|turn|1\n|\n|t:|1699619746\n|move|p2a: Grafaiai|Knock Off|p1a: Koraidon\n|-resisted|p1a: Koraidon\n|-damage|p1a: Koraidon|92\/100\n|-enditem|p1a: Koraidon|Assault Vest|[from] move: Knock Off|[of] p2a: Grafaiai\n|move|p1a: Koraidon|Close Combat|p2a: Grafaiai\n|-damage|p2a: Grafaiai|0 fnt\n|-unboost|p1a: Koraidon|def|1\n|-unboost|p1a: Koraidon|spd|1\n|faint|p2a: Grafaiai\n|\n|-weather|SunnyDay|[upkeep]\n|upkeep\n|inactive|ksilverk has 120 seconds left.\n|inactive|ksilverk has 90 seconds left.\n|\n|t:|1699619833\n|switch|p2a: monster|Quagsire, F|100\/100\n|turn|2\n|\n|t:|1699619848\n|move|p1a: Koraidon|U-turn|p2a: monster\n|-damage|p2a: monster|74\/100\n|\n|t:|1699619859\n|switch|p1a: Iron Moth|Iron Moth|100\/100|[from] U-turn\n|-enditem|p1a: Iron Moth|Booster Energy\n|-activate|p1a: Iron Moth|ability: Quark Drive|[fromitem]\n|-start|p1a: Iron Moth|quarkdrivespa\n|move|p2a: monster|Stealth Rock|p1a: Iron Moth\n|-sidestart|p1: Plasmic Cosmos|move: Stealth Rock\n|\n|-weather|SunnyDay|[upkeep]\n|-heal|p2a: monster|80\/100|[from] item: Leftovers\n|upkeep\n|turn|3\n|inactive|ksilverk has 60 seconds left.\n|\n|t:|1699619886\n|move|p1a: Iron Moth|Fiery Dance|p2a: monster\n|-resisted|p2a: monster\n|-damage|p2a: monster|21\/100\n|-boost|p1a: Iron Moth|spa|1\n|move|p2a: monster|Liquidation|p1a: Iron Moth\n|-supereffective|p1a: Iron Moth\n|-damage|p1a: Iron Moth|65\/100\n|\n|-weather|SunnyDay|[upkeep]\n|-heal|p2a: monster|27\/100|[from] item: Leftovers\n|upkeep\n|turn|4\n|inactive|ksilverk has 60 seconds left.\n|\n|t:|1699619897\n|move|p1a: Iron Moth|Fiery Dance|p2a: monster\n|-resisted|p2a: monster\n|-damage|p2a: monster|0 fnt\n|faint|p2a: monster\n|\n|-weather|SunnyDay|[upkeep]\n|upkeep\n|inactive|ksilverk has 30 seconds left.\n|inactive|ksilverk has 20 seconds left.\n|inactive|ksilverk has 15 seconds left.\n|\n|t:|1699619943\n|switch|p2a: Raichu|Raichu, M|100\/100\n|turn|5\n|inactive|ksilverk has 25 seconds left this turn.\n|inactive|ksilverk has 20 seconds left.\n|inactive|ksilverk has 15 seconds left.\n|\n|t:|1699619956\n|move|p2a: Raichu|Surf|p1a: Iron Moth\n|-supereffective|p1a: Iron Moth\n|-damage|p1a: Iron Moth|38\/100\n|move|p1a: Iron Moth|Fiery Dance|p2a: Raichu\n|-crit|p2a: Raichu\n|-damage|p2a: Raichu|0 fnt\n|faint|p2a: Raichu\n|\n|-weather|none\n|upkeep\n|inactive|ksilverk has 20 seconds left this turn.\n|inactive|ksilverk has 15 seconds left.\n|\n|t:|1699619965\n|switch|p2a: Lycanroc|Lycanroc-Dusk, M|100\/100\n|turn|6\n|inactive|ksilverk has 25 seconds left this turn.\n|\n|t:|1699619970\n|move|p2a: Lycanroc|Accelerock|p1a: Iron Moth\n|-supereffective|p1a: Iron Moth\n|-damage|p1a: Iron Moth|0 fnt\n|faint|p1a: Iron Moth\n|-end|p1a: Iron Moth|Quark Drive|[silent]\n|\n|upkeep\n|inactive|ksilverk has 30 seconds left this turn.\n|\n|t:|1699619977\n|switch|p1a: Great Tusk|Great Tusk|100\/100\n|-damage|p1a: Great Tusk|98\/100|[from] Stealth Rock\n|turn|7\n|\n|t:|1699619983\n|move|p2a: Lycanroc|Bulk Up|p2a: Lycanroc\n|-boost|p2a: Lycanroc|atk|1\n|-boost|p2a: Lycanroc|def|1\n|move|p1a: Great Tusk|Earthquake|p2a: Lycanroc\n|-supereffective|p2a: Lycanroc\n|-enditem|p2a: Lycanroc|Focus Sash\n|-damage|p2a: Lycanroc|1\/100\n|\n|-heal|p1a: Great Tusk|100\/100|[from] item: Leftovers\n|upkeep\n|turn|8\n|inactive|ksilverk has 30 seconds left.\n|\n|t:|1699620006\n|move|p2a: Lycanroc|Accelerock|p1a: Great Tusk\n|-resisted|p1a: Great Tusk\n|-damage|p1a: Great Tusk|93\/100\n|move|p1a: Great Tusk|Rapid Spin|p2a: Lycanroc\n|-resisted|p2a: Lycanroc\n|-damage|p2a: Lycanroc|0 fnt\n|-boost|p1a: Great Tusk|spe|1\n|-sideend|p1: Plasmic Cosmos|Stealth Rock|[from] move: Rapid Spin|[of] p1a: Great Tusk\n|faint|p2a: Lycanroc\n|\n|-heal|p1a: Great Tusk|99\/100|[from] item: Leftovers\n|upkeep\n|inactive|ksilverk has 30 seconds left this turn.\n|inactive|ksilverk has 20 seconds left.\n|inactive|ksilverk has 15 seconds left.\n|\n|t:|1699620022\n|switch|p2a: FEAR|Dunsparce, F, shiny|100\/100\n|turn|9\n|inactive|ksilverk has 25 seconds left this turn.\n|inactive|ksilverk has 20 seconds left.\n|inactive|ksilverk has 15 seconds left.\n|\n|t:|1699620035\n|-terastallize|p2a: FEAR|Ghost\n|move|p1a: Great Tusk|Rapid Spin|p2a: FEAR\n|-immune|p2a: FEAR\n|move|p2a: FEAR|Ice Beam|p1a: Great Tusk\n|-supereffective|p1a: Great Tusk\n|-damage|p1a: Great Tusk|37\/100\n|-status|p1a: Great Tusk|frz\n|\n|-heal|p1a: Great Tusk|43\/100 frz|[from] item: Leftovers\n|upkeep\n|turn|10\n|inactive|ksilverk has 25 seconds left this turn.\n|inactive|ksilverk has 20 seconds left.\n|inactive|ksilverk has 15 seconds left.\n|\n|t:|1699620046\n|cant|p1a: Great Tusk|frz\n|move|p2a: FEAR|Calm Mind|p2a: FEAR\n|-boost|p2a: FEAR|spa|1\n|-boost|p2a: FEAR|spd|1\n|\n|-heal|p1a: Great Tusk|49\/100 frz|[from] item: Leftovers\n|upkeep\n|turn|11\n|inactive|ksilverk has 25 seconds left this turn.\n|inactive|ksilverk has 20 seconds left.\n|\n|t:|1699620053\n|cant|p1a: Great Tusk|frz\n|move|p2a: FEAR|Ice Beam|p1a: Great Tusk\n|-supereffective|p1a: Great Tusk\n|-damage|p1a: Great Tusk|0 fnt\n|faint|p1a: Great Tusk\n|-end|p1a: Great Tusk|Protosynthesis|[silent]\n|\n|upkeep\n|inactive|ksilverk has 25 seconds left this turn.\n|\n|t:|1699620062\n|switch|p1a: Ting-Lu|Ting-Lu|100\/100\n|-ability|p1a: Ting-Lu|Vessel of Ruin\n|turn|12\n|inactive|ksilverk has 30 seconds left.\n|\n|t:|1699620069\n|move|p2a: FEAR|Ice Beam|p1a: Ting-Lu\n|-supereffective|p1a: Ting-Lu\n|-damage|p1a: Ting-Lu|60\/100\n|move|p1a: Ting-Lu|Throat Chop|p2a: FEAR\n|-supereffective|p2a: FEAR\n|-damage|p2a: FEAR|32\/100\n|-start|p2a: FEAR|Throat Chop|[silent]\n|\n|-heal|p1a: Ting-Lu|66\/100|[from] item: Leftovers\n|upkeep\n|turn|13\n|inactive|ksilverk has 30 seconds left.\n|\n|t:|1699620082\n|move|p2a: FEAR|Ice Beam|p1a: Ting-Lu\n|-supereffective|p1a: Ting-Lu\n|-damage|p1a: Ting-Lu|26\/100\n|move|p1a: Ting-Lu|Throat Chop|p2a: FEAR\n|-supereffective|p2a: FEAR\n|-damage|p2a: FEAR|0 fnt\n|faint|p2a: FEAR\n|\n|-heal|p1a: Ting-Lu|32\/100|[from] item: Leftovers\n|upkeep\n|inactive|ksilverk has 30 seconds left.\n|\n|t:|1699620090\n|switch|p2a: Charizard|Charizard, M, shiny|100\/100\n|turn|14\n|inactive|ksilverk has 30 seconds left.\n|\n|t:|1699620100\n|move|p2a: Charizard|Flare Blitz|p1a: Ting-Lu\n|-damage|p1a: Ting-Lu|1\/100\n|-damage|p2a: Charizard|83\/100|[from] Recoil\n|move|p1a: Ting-Lu|Throat Chop|p2a: Charizard\n|-damage|p2a: Charizard|29\/100\n|-start|p2a: Charizard|Throat Chop|[silent]\n|\n|-heal|p1a: Ting-Lu|8\/100|[from] item: Leftovers\n|upkeep\n|turn|15\n|\n|t:|1699620109\n|move|p2a: Charizard|Earthquake|p1a: Ting-Lu\n|-damage|p1a: Ting-Lu|0 fnt\n|faint|p1a: Ting-Lu\n|\n|-end|p2a: Charizard|Throat Chop|[silent]\n|upkeep\n|\n|t:|1699620119\n|switch|p1a: Skeledirge|Skeledirge, F|100\/100\n|turn|16\n|\n|t:|1699620123\n|move|p2a: Charizard|Earthquake|p1a: Skeledirge\n|-supereffective|p1a: Skeledirge\n|-damage|p1a: Skeledirge|51\/100\n|move|p1a: Skeledirge|Torch Song|p2a: Charizard\n|-resisted|p2a: Charizard\n|-damage|p2a: Charizard|10\/100\n|-boost|p1a: Skeledirge|spa|1\n|-enditem|p1a: Skeledirge|Throat Spray\n|-boost|p1a: Skeledirge|spa|1|[from] item: Throat Spray\n|\n|upkeep\n|turn|17\n|\n|t:|1699620132\n|move|p2a: Charizard|Earthquake|p1a: Skeledirge\n|-supereffective|p1a: Skeledirge\n|-damage|p1a: Skeledirge|2\/100\n|move|p1a: Skeledirge|Slack Off|p1a: Skeledirge\n|-heal|p1a: Skeledirge|52\/100\n|\n|upkeep\n|turn|18\n|inactive|ksilverk has 60 seconds left.\n|\n|t:|1699620140\n|move|p2a: Charizard|Earthquake|p1a: Skeledirge\n|-supereffective|p1a: Skeledirge\n|-damage|p1a: Skeledirge|2\/100\n|move|p1a: Skeledirge|Torch Song|p2a: Charizard\n|-resisted|p2a: Charizard\n|-damage|p2a: Charizard|0 fnt\n|-boost|p1a: Skeledirge|spa|1\n|faint|p2a: Charizard\n|\n|win|Plasmic Cosmos\n|raw|Plasmic Cosmos's rating: 1121 &rarr; <strong>1144<\/strong><br \/>(+23 for winning)\n|raw|ksilverk's rating: 1090 &rarr; <strong>1069<\/strong><br \/>(-21 for losing)\n|l|\u2606ksilverk\n","uploadtime":1699620151,"views":5,"p1id":"plasmiccosmos","p2id":"ksilverk","formatid":"gen9ubers","rating":1069,"private":0,"password":""}