{"id":"gen9ubers-1999107536","p1":"Tatertank","p2":"LordChampaGaming","format":"[Gen 9] Ubers","log":"|j|\u2606Tatertank\n|j|\u2606LordChampaGaming\n|t:|1701033920\n|gametype|singles\n|player|p1|Tatertank|1|\n|player|p2|LordChampaGaming|169|\n|teamsize|p1|6\n|teamsize|p2|6\n|gen|9\n|tier|[Gen 9] Ubers\n|rule|Sleep Clause Mod: Limit one foe put to sleep\n|rule|Species Clause: Limit one of each Pok\u00e9mon\n|rule|OHKO Clause: OHKO moves are banned\n|rule|Evasion Items Clause: Evasion items are banned\n|rule|Evasion Moves Clause: Evasion moves are banned\n|rule|Endless Battle Clause: Forcing endless battles is banned\n|rule|HP Percentage Mod: HP is shown in percentages\n|clearpoke\n|poke|p1|Gliscor, M|\n|poke|p1|Heatran, M|\n|poke|p1|Milotic, F|\n|poke|p1|Slither Wing|\n|poke|p1|Zoroark-Hisui, M|\n|poke|p1|Breloom, M|\n|poke|p2|Annihilape, F|\n|poke|p2|Slaking, F|\n|poke|p2|Lycanroc-Dusk, F|\n|poke|p2|Dipplin, F|\n|poke|p2|Gastrodon-East, F|\n|poke|p2|Zarude-Dada|\n|teampreview\n|\n|t:|1701033943\n|start\n|switch|p1a: notZoroark|Milotic, F, shiny|100\/100\n|switch|p2a: Zarude|Zarude-Dada|100\/100\n|turn|1\n|\n|t:|1701033954\n|move|p2a: Zarude|Trailblaze|p1a: notZoroark\n|-damage|p1a: notZoroark|49\/100\n|-boost|p2a: Zarude|spe|1\n|replace|p1a: noTzoroarok|Zoroark-Hisui, M, shiny\n|-end|p1a: noTzoroarok|Illusion\n|move|p1a: noTzoroarok|U-turn|p2a: Zarude\n|-supereffective|p2a: Zarude\n|-damage|p2a: Zarude|50\/100\n|\n|t:|1701033961\n|switch|p1a: notzoroark|Slither Wing|100\/100|[from] U-turn\n|\n|upkeep\n|turn|2\n|\n|t:|1701033970\n|move|p2a: Zarude|Acrobatics|p1a: notzoroark\n|-supereffective|p1a: notzoroark\n|-damage|p1a: notzoroark|0 fnt\n|faint|p1a: notzoroark\n|-end|p1a: notzoroark|Protosynthesis|[silent]\n|\n|upkeep\n|\n|t:|1701033976\n|switch|p1a: Notzoroark|Gliscor, M, shiny|100\/100\n|turn|3\n|\n|t:|1701033984\n|move|p2a: Zarude|Power Whip|p1a: Notzoroark\n|-damage|p1a: Notzoroark|40\/100\n|move|p1a: Notzoroark|Facade|p2a: Zarude\n|-damage|p2a: Zarude|33\/100\n|\n|-status|p1a: Notzoroark|tox|[from] item: Toxic Orb\n|upkeep\n|turn|4\n|\n|t:|1701033993\n|move|p1a: Notzoroark|Protect|p1a: Notzoroark\n|-singleturn|p1a: Notzoroark|Protect\n|move|p2a: Zarude|Power Whip|p1a: Notzoroark\n|-activate|p1a: Notzoroark|move: Protect\n|\n|-heal|p1a: Notzoroark|53\/100 tox|[from] ability: Poison Heal\n|upkeep\n|turn|5\n|\n|t:|1701034000\n|move|p2a: Zarude|Power Whip|p1a: Notzoroark\n|-damage|p1a: Notzoroark|0 fnt\n|faint|p1a: Notzoroark\n|\n|upkeep\n|\n|t:|1701034004\n|switch|p1a: nOtzoroark|Breloom, M|100\/100\n|turn|6\n|\n|t:|1701034008\n|move|p1a: nOtzoroark|Mach Punch|p2a: Zarude\n|-supereffective|p2a: Zarude\n|-damage|p2a: Zarude|0 fnt\n|faint|p2a: Zarude\n|\n|upkeep\n|\n|t:|1701034014\n|switch|p2a: Dipplin|Dipplin, F|100\/100\n|-ability|p2a: Dipplin|Supersweet Syrup\n|-ability|p2a: Dipplin|Supersweet Syrup|boost\n|-unboost|p1a: nOtzoroark|evasion|1\n|turn|7\n|\n|t:|1701034018\n|switch|p1a: notZoroark|Milotic, F, shiny|49\/100\n|-terastallize|p2a: Dipplin|Ice\n|move|p2a: Dipplin|Tera Blast|p1a: notZoroark|[anim] Tera Blast Ice\n|-damage|p1a: notZoroark|0 fnt\n|replace|p1a: noTzoroarok|Zoroark-Hisui, M, shiny\n|-end|p1a: noTzoroarok|Illusion\n|faint|p1a: noTzoroarok\n|\n|upkeep\n|\n|t:|1701034024\n|switch|p1a: nOtzoroark|Breloom, M|100\/100\n|turn|8\n|\n|t:|1701034031\n|move|p1a: nOtzoroark|Rock Tomb|p2a: Dipplin\n|-supereffective|p2a: Dipplin\n|-damage|p2a: Dipplin|67\/100\n|-unboost|p2a: Dipplin|spe|1\n|move|p2a: Dipplin|Tera Blast|p1a: nOtzoroark|[anim] Tera Blast Ice\n|-supereffective|p1a: nOtzoroark\n|-damage|p1a: nOtzoroark|0 fnt\n|faint|p1a: nOtzoroark\n|\n|upkeep\n|\n|t:|1701034037\n|switch|p1a: NotZoroark|Heatran, M|100\/100\n|turn|9\n|\n|t:|1701034043\n|move|p1a: NotZoroark|Magma Storm|p2a: Dipplin\n|-supereffective|p2a: Dipplin\n|-damage|p2a: Dipplin|0 fnt\n|faint|p2a: Dipplin\n|\n|upkeep\n|\n|t:|1701034048\n|switch|p2a: Lycanroc|Lycanroc-Dusk, F|100\/100\n|turn|10\n|\n|t:|1701034059\n|move|p2a: Lycanroc|Drill Run|p1a: NotZoroark\n|-supereffective|p1a: NotZoroark\n|-damage|p1a: NotZoroark|0 fnt\n|faint|p1a: NotZoroark\n|-damage|p2a: Lycanroc|91\/100|[from] item: Life Orb\n|\n|upkeep\n|\n|t:|1701034061\n|switch|p1a: notZoroark|Milotic, F, shiny|100\/100\n|turn|11\n|\n|t:|1701034065\n|move|p2a: Lycanroc|Close Combat|p1a: notZoroark\n|-damage|p1a: notZoroark|56\/100\n|-unboost|p2a: Lycanroc|def|1\n|-unboost|p2a: Lycanroc|spd|1\n|-damage|p2a: Lycanroc|81\/100|[from] item: Life Orb\n|move|p1a: notZoroark|Ice Beam|p2a: Lycanroc\n|-damage|p2a: Lycanroc|25\/100\n|\n|-heal|p1a: notZoroark|62\/100|[from] item: Leftovers\n|upkeep\n|turn|12\n|\n|t:|1701034075\n|-terastallize|p1a: notZoroark|Fairy\n|move|p2a: Lycanroc|Stone Edge|p1a: notZoroark\n|-damage|p1a: notZoroark|14\/100\n|-damage|p2a: Lycanroc|15\/100|[from] item: Life Orb\n|move|p1a: notZoroark|Recover|p1a: notZoroark\n|-heal|p1a: notZoroark|64\/100\n|\n|-heal|p1a: notZoroark|70\/100|[from] item: Leftovers\n|upkeep\n|turn|13\n|\n|t:|1701034086\n|move|p2a: Lycanroc|Stone Edge|p1a: notZoroark\n|-damage|p1a: notZoroark|22\/100\n|-damage|p2a: Lycanroc|5\/100|[from] item: Life Orb\n|move|p1a: notZoroark|Recover|p1a: notZoroark\n|-heal|p1a: notZoroark|72\/100\n|\n|-heal|p1a: notZoroark|78\/100|[from] item: Leftovers\n|upkeep\n|turn|14\n|\n|t:|1701034094\n|switch|p2a: Gastrodon|Gastrodon-East, F|100\/100\n|move|p1a: notZoroark|Recover|p1a: notZoroark\n|-heal|p1a: notZoroark|100\/100\n|\n|upkeep\n|turn|15\n|\n|t:|1701034096\n|move|p1a: notZoroark|Ice Beam|p2a: Gastrodon\n|-damage|p2a: Gastrodon|86\/100\n|move|p2a: Gastrodon|Yawn|p1a: notZoroark\n|-start|p1a: notZoroark|move: Yawn|[of] p2a: Gastrodon\n|\n|upkeep\n|turn|16\n|\n|t:|1701034103\n|move|p1a: notZoroark|Ice Beam|p2a: Gastrodon\n|-damage|p2a: Gastrodon|73\/100\n|move|p2a: Gastrodon|Earth Power|p1a: notZoroark\n|-damage|p1a: notZoroark|78\/100\n|\n|-heal|p1a: notZoroark|85\/100|[from] item: Leftovers\n|-end|p1a: notZoroark|move: Yawn|[silent]\n|-status|p1a: notZoroark|slp\n|upkeep\n|turn|17\n|\n|t:|1701034110\n|switch|p2a: Lycanroc|Lycanroc-Dusk, F|5\/100\n|cant|p1a: notZoroark|slp\n|\n|-heal|p1a: notZoroark|91\/100 slp|[from] item: Leftovers\n|upkeep\n|turn|18\n|\n|t:|1701034114\n|move|p2a: Lycanroc|Stone Edge|p1a: notZoroark\n|-damage|p1a: notZoroark|60\/100 slp\n|-damage|p2a: Lycanroc|0 fnt|[from] item: Life Orb\n|faint|p2a: Lycanroc\n|cant|p1a: notZoroark|slp\n|\n|-heal|p1a: notZoroark|66\/100 slp|[from] item: Leftovers\n|upkeep\n|\n|t:|1701034119\n|switch|p2a: Annihilape|Annihilape, F|100\/100\n|turn|19\n|\n|t:|1701034123\n|move|p2a: Annihilape|Rage Fist|p1a: notZoroark\n|-damage|p1a: notZoroark|54\/100 slp\n|-curestatus|p1a: notZoroark|slp|[msg]\n|move|p1a: notZoroark|Recover|p1a: notZoroark\n|-heal|p1a: notZoroark|100\/100\n|\n|upkeep\n|turn|20\n|\n|t:|1701034131\n|move|p2a: Annihilape|Rest|p2a: Annihilape\n|-fail|p2a: Annihilape|heal\n|move|p1a: notZoroark|Ice Beam|p2a: Annihilape\n|-damage|p2a: Annihilape|84\/100\n|\n|upkeep\n|turn|21\n|\n|t:|1701034135\n|move|p2a: Annihilape|Rage Fist|p1a: notZoroark\n|-damage|p1a: notZoroark|62\/100\n|move|p1a: notZoroark|Scald|p2a: Annihilape\n|-damage|p2a: Annihilape|58\/100\n|\n|-heal|p1a: notZoroark|69\/100|[from] item: Leftovers\n|upkeep\n|turn|22\n|\n|t:|1701034142\n|move|p2a: Annihilape|Rage Fist|p1a: notZoroark\n|-damage|p1a: notZoroark|15\/100\n|move|p1a: notZoroark|Scald|p2a: Annihilape\n|-damage|p2a: Annihilape|35\/100\n|-status|p2a: Annihilape|brn\n|\n|-heal|p1a: notZoroark|21\/100|[from] item: Leftovers\n|-damage|p2a: Annihilape|29\/100 brn|[from] brn\n|upkeep\n|turn|23\n|\n|t:|1701034148\n|move|p2a: Annihilape|Rage Fist|p1a: notZoroark\n|-damage|p1a: notZoroark|0 fnt\n|faint|p1a: notZoroark\n|\n|win|LordChampaGaming\n","uploadtime":1701034156,"views":2,"p1id":"tatertank","p2id":"lordchampagaming","formatid":"gen9ubers","rating":0,"private":0,"password":""}