{"id":"gen9ubers-1975410847","p1":"gottagonotsofast","p2":"flambojambo","format":"[Gen 9] Ubers","log":"|j|\u2606gottagonotsofast\n|j|\u2606flambojambo\n|t:|1698188336\n|gametype|singles\n|player|p1|gottagonotsofast|265|\n|player|p2|flambojambo|skyla|\n|teamsize|p1|6\n|teamsize|p2|6\n|gen|9\n|tier|[Gen 9] Ubers\n|rule|Sleep Clause Mod: Limit one foe put to sleep\n|rule|Species Clause: Limit one of each Pok\u00e9mon\n|rule|OHKO Clause: OHKO moves are banned\n|rule|Evasion Items Clause: Evasion items are banned\n|rule|Evasion Moves Clause: Evasion moves are banned\n|rule|Endless Battle Clause: Forcing endless battles is banned\n|rule|HP Percentage Mod: HP is shown in percentages\n|clearpoke\n|poke|p1|Kingambit, F|\n|poke|p1|Ogerpon-Wellspring, F|\n|poke|p1|Moltres|\n|poke|p1|Landorus, M|\n|poke|p1|Poliwrath, M|\n|poke|p1|Slaking, F|\n|poke|p2|Skeledirge, F|\n|poke|p2|Enamorus, F|\n|poke|p2|Munkidori, M|\n|poke|p2|Mamoswine, M|\n|poke|p2|Zamazenta-*|\n|poke|p2|Manaphy|\n|teampreview\n|j| RiddleDog\n|j| rustygoomba\n|j| ChungleWungle\n|j| RektCactus\n|j| Wha1efish\n|c| Wha1efish|chat which lake guardian should i take in my radical red playthrough\n|c| rustygoomba|azelf or uxie\n|\n|t:|1698188464\n|start\n|switch|p1a: Slaking|Slaking, F|100\/100\n|switch|p2a: Fanter (grape)|Enamorus, F|100\/100\n|turn|1\n|c| rustygoomba|id say uh\n|c| rustygoomba|azelf if you need kills uxie if you need bulk\n|\n|t:|1698188490\n|switch|p2a: mm dogta pebba|Skeledirge, F|100\/100\n|move|p1a: Slaking|Body Slam|p2a: mm dogta pebba\n|-immune|p2a: mm dogta pebba\n|\n|upkeep\n|turn|2\n|c|\u2606gottagonotsofast|do they get any funky shiz in that hack\n|\n|t:|1698188507\n|switch|p1a: Poliwrath|Poliwrath, M|100\/100\n|move|p2a: mm dogta pebba|Torch Song|p1a: Poliwrath\n|-resisted|p1a: Poliwrath\n|-damage|p1a: Poliwrath|86\/100\n|-boost|p2a: mm dogta pebba|spa|1\n|\n|upkeep\n|turn|3\n|\n|t:|1698188531\n|-terastallize|p2a: mm dogta pebba|Fairy\n|move|p1a: Poliwrath|Knock Off|p2a: mm dogta pebba\n|-resisted|p2a: mm dogta pebba\n|-damage|p2a: mm dogta pebba|92\/100\n|-enditem|p2a: mm dogta pebba|Heavy-Duty Boots|[from] move: Knock Off|[of] p1a: Poliwrath\n|move|p2a: mm dogta pebba|Shadow Ball|p1a: Poliwrath\n|-damage|p1a: Poliwrath|42\/100\n|\n|upkeep\n|turn|4\n|\n|t:|1698188543\n|move|p2a: mm dogta pebba|Shadow Ball|p1a: Poliwrath\n|-damage|p1a: Poliwrath|0 fnt\n|faint|p1a: Poliwrath\n|\n|upkeep\n|\n|t:|1698188561\n|switch|p1a: Landorus|Landorus, M|100\/100\n|turn|5\n|\n|t:|1698188569\n|move|p1a: Landorus|Sludge Bomb|p2a: mm dogta pebba\n|-supereffective|p2a: mm dogta pebba\n|-damage|p2a: mm dogta pebba|21\/100\n|move|p2a: mm dogta pebba|Torch Song|p1a: Landorus\n|-damage|p1a: Landorus|41\/100\n|-boost|p2a: mm dogta pebba|spa|1\n|\n|upkeep\n|turn|6\n|\n|t:|1698188599\n|switch|p2a: Monsert|Munkidori, M|100\/100\n|move|p1a: Landorus|Earth Power|p2a: Monsert\n|-supereffective|p2a: Monsert\n|-damage|p2a: Monsert|0 fnt\n|faint|p2a: Monsert\n|\n|upkeep\n|\n|t:|1698188615\n|switch|p2a: spirt|Manaphy|100\/100\n|turn|7\n|\n|t:|1698188651\n|move|p1a: Landorus|Earth Power|p2a: spirt\n|-damage|p2a: spirt|25\/100\n|move|p2a: spirt|Tail Glow|p2a: spirt\n|-boost|p2a: spirt|spa|3\n|\n|-heal|p2a: spirt|31\/100|[from] item: Leftovers\n|upkeep\n|turn|8\n|\n|t:|1698188664\n|move|p1a: Landorus|Sludge Bomb|p2a: spirt\n|-damage|p2a: spirt|0 fnt\n|faint|p2a: spirt\n|\n|upkeep\n|\n|t:|1698188678\n|switch|p2a: ROO BEER|Mamoswine, M|100\/100\n|turn|9\n|\n|t:|1698188686\n|switch|p1a: Moltres|Moltres|100\/100\n|move|p2a: ROO BEER|Ice Shard|p1a: Moltres\n|-damage|p1a: Moltres|84\/100\n|\n|upkeep\n|turn|10\n|c| rustygoomba|wooo go guy with nicknames\n|c|\u2606gottagonotsofast|i forgor\n|\n|t:|1698188711\n|move|p2a: ROO BEER|Stealth Rock|p1a: Moltres\n|-sidestart|p1: gottagonotsofast|move: Stealth Rock\n|move|p1a: Moltres|Will-O-Wisp|p2a: ROO BEER\n|-status|p2a: ROO BEER|brn\n|\n|-damage|p2a: ROO BEER|94\/100 brn|[from] brn\n|upkeep\n|turn|11\n|\n|t:|1698188721\n|move|p2a: ROO BEER|Stealth Rock||[still]\n|-fail|p2a: ROO BEER\n|move|p1a: Moltres|Flamethrower|p2a: ROO BEER\n|-supereffective|p2a: ROO BEER\n|-damage|p2a: ROO BEER|40\/100 brn\n|\n|-damage|p2a: ROO BEER|33\/100 brn|[from] brn\n|upkeep\n|turn|12\n|\n|t:|1698188735\n|move|p2a: ROO BEER|Ice Shard|p1a: Moltres\n|-damage|p1a: Moltres|76\/100\n|move|p1a: Moltres|Flamethrower|p2a: ROO BEER\n|-supereffective|p2a: ROO BEER\n|-damage|p2a: ROO BEER|0 fnt\n|faint|p2a: ROO BEER\n|\n|upkeep\n|\n|t:|1698188748\n|switch|p2a: pebZI|Zamazenta-Crowned|100\/100\n|-ability|p2a: pebZI|Dauntless Shield|boost\n|-boost|p2a: pebZI|def|1\n|turn|13\n|\n|t:|1698188756\n|move|p2a: pebZI|Stone Edge|p1a: Moltres\n|-supereffective|p1a: Moltres\n|-damage|p1a: Moltres|0 fnt\n|faint|p1a: Moltres\n|\n|upkeep\n|\n|t:|1698188772\n|switch|p1a: Landorus|Landorus, M|41\/100\n|-damage|p1a: Landorus|29\/100|[from] Stealth Rock\n|turn|14\n|\n|t:|1698188793\n|move|p2a: pebZI|Behemoth Bash|p1a: Landorus\n|-crit|p1a: Landorus\n|-damage|p1a: Landorus|0 fnt\n|faint|p1a: Landorus\n|\n|upkeep\n|\n|t:|1698188798\n|switch|p1a: Ogerpon|Ogerpon-Wellspring, F|100\/100\n|-damage|p1a: Ogerpon|88\/100|[from] Stealth Rock\n|turn|15\n|\n|t:|1698188808\n|move|p2a: pebZI|Iron Defense|p2a: pebZI\n|-boost|p2a: pebZI|def|2\n|move|p1a: Ogerpon|Swords Dance|p1a: Ogerpon\n|-boost|p1a: Ogerpon|atk|2\n|\n|upkeep\n|turn|16\n|\n|t:|1698188816\n|move|p2a: pebZI|Body Press|p1a: Ogerpon\n|-damage|p1a: Ogerpon|0 fnt\n|faint|p1a: Ogerpon\n|\n|upkeep\n|\n|t:|1698188822\n|switch|p1a: Slaking|Slaking, F|100\/100\n|-damage|p1a: Slaking|88\/100|[from] Stealth Rock\n|turn|17\n|\n|t:|1698188828\n|move|p2a: pebZI|Body Press|p1a: Slaking\n|-supereffective|p1a: Slaking\n|-damage|p1a: Slaking|0 fnt\n|faint|p1a: Slaking\n|\n|upkeep\n|\n|t:|1698188830\n|switch|p1a: Kingambit|Kingambit, F|100\/100\n|-damage|p1a: Kingambit|94\/100|[from] Stealth Rock\n|-activate|p1a: Kingambit|ability: Supreme Overlord\n|-start|p1a: Kingambit|fallen5|[silent]\n|turn|18\n|\n|t:|1698188837\n|-terastallize|p1a: Kingambit|Dark\n|move|p2a: pebZI|Body Press|p1a: Kingambit\n|-supereffective|p1a: Kingambit\n|-damage|p1a: Kingambit|0 fnt\n|faint|p1a: Kingambit\n|-end|p1a: Kingambit|fallen5|[silent]\n|\n|win|flambojambo\n","uploadtime":1698188850,"views":14,"p1id":"gottagonotsofast","p2id":"flambojambo","formatid":"gen9ubers","rating":0,"private":0,"password":""}