{"id":"gen9ubers-1982645513","p1":"Sundaeeeeeee","p2":"jkechde","format":"[Gen 9] Ubers","log":"|j|\u2606Sundaeeeeeee\n|j|\u2606jkechde\n|t:|1699032419\n|gametype|singles\n|player|p1|Sundaeeeeeee|dragontamer|1136\n|player|p2|jkechde|2|1080\n|teamsize|p1|6\n|teamsize|p2|6\n|gen|9\n|tier|[Gen 9] Ubers\n|rated|\n|rule|Sleep Clause Mod: Limit one foe put to sleep\n|rule|Species Clause: Limit one of each Pok\u00e9mon\n|rule|OHKO Clause: OHKO moves are banned\n|rule|Evasion Items Clause: Evasion items are banned\n|rule|Evasion Moves Clause: Evasion moves are banned\n|rule|Endless Battle Clause: Forcing endless battles is banned\n|rule|HP Percentage Mod: HP is shown in percentages\n|clearpoke\n|poke|p1|Ceruledge, F|\n|poke|p1|Dragonite, F|\n|poke|p1|Dondozo, F|\n|poke|p1|Arceus-Ground|\n|poke|p1|Magearna|\n|poke|p1|Toxtricity, F|\n|poke|p2|Groudon|\n|poke|p2|Eternatus|\n|poke|p2|Gliscor, M|\n|poke|p2|Kyogre|\n|poke|p2|Zacian-*|\n|poke|p2|Miraidon|\n|teampreview\n|inactive|Battle timer is ON: inactive players will automatically lose when time's up. (requested by Sundaeeeeeee)\n|\n|t:|1699032424\n|start\n|switch|p1a: Magearna|Magearna|100\/100\n|switch|p2a: Gliscor|Gliscor, M, shiny|100\/100\n|turn|1\n|\n|t:|1699032433\n|move|p2a: Gliscor|Toxic Spikes|p1a: Magearna\n|-sidestart|p1: Sundaeeeeeee|move: Toxic Spikes\n|move|p1a: Magearna|Calm Mind|p1a: Magearna\n|-boost|p1a: Magearna|spa|1\n|-boost|p1a: Magearna|spd|1\n|\n|upkeep\n|turn|2\n|\n|t:|1699032440\n|move|p2a: Gliscor|Spikes|p1a: Magearna\n|-sidestart|p1: Sundaeeeeeee|Spikes\n|move|p1a: Magearna|Shift Gear|p1a: Magearna\n|-boost|p1a: Magearna|spe|2\n|-boost|p1a: Magearna|atk|1\n|\n|upkeep\n|turn|3\n|\n|t:|1699032446\n|move|p1a: Magearna|Shift Gear|p1a: Magearna\n|-boost|p1a: Magearna|spe|2\n|-boost|p1a: Magearna|atk|1\n|move|p2a: Gliscor|Stealth Rock|p1a: Magearna\n|-sidestart|p1: Sundaeeeeeee|move: Stealth Rock\n|\n|upkeep\n|turn|4\n|\n|t:|1699032451\n|move|p1a: Magearna|Calm Mind|p1a: Magearna\n|-boost|p1a: Magearna|spa|1\n|-boost|p1a: Magearna|spd|1\n|move|p2a: Gliscor|Toxic Spikes|p1a: Magearna\n|-sidestart|p1: Sundaeeeeeee|move: Toxic Spikes\n|\n|upkeep\n|turn|5\n|\n|t:|1699032459\n|move|p1a: Magearna|Stored Power|p2a: Gliscor\n|-damage|p2a: Gliscor|0 fnt\n|faint|p2a: Gliscor\n|-ability|p1a: Magearna|Soul-Heart|boost\n|-boost|p1a: Magearna|spa|1\n|\n|upkeep\n|\n|t:|1699032466\n|switch|p2a: Groudon|Groudon, shiny|100\/100\n|-weather|SunnyDay|[from] ability: Drought|[of] p2a: Groudon\n|turn|6\n|\n|t:|1699032470\n|move|p1a: Magearna|Stored Power|p2a: Groudon\n|-damage|p2a: Groudon|0 fnt\n|faint|p2a: Groudon\n|-ability|p1a: Magearna|Soul-Heart|boost\n|-boost|p1a: Magearna|spa|1\n|\n|-weather|SunnyDay|[upkeep]\n|upkeep\n|\n|t:|1699032474\n|switch|p2a: Miraidon|Miraidon|100\/100\n|-fieldstart|move: Electric Terrain|[from] ability: Hadron Engine|[of] p2a: Miraidon\n|turn|7\n|\n|t:|1699032481\n|move|p1a: Magearna|Stored Power|p2a: Miraidon\n|-damage|p2a: Miraidon|0 fnt\n|faint|p2a: Miraidon\n|-ability|p1a: Magearna|Soul-Heart|boost\n|-boost|p1a: Magearna|spa|1\n|\n|-weather|SunnyDay|[upkeep]\n|upkeep\n|\n|t:|1699032485\n|switch|p2a: Zacian|Zacian-Crowned, shiny|100\/100\n|-ability|p2a: Zacian|Intrepid Sword|boost\n|-boost|p2a: Zacian|atk|1\n|turn|8\n|\n|t:|1699032488\n|move|p1a: Magearna|Stored Power|p2a: Zacian\n|-resisted|p2a: Zacian\n|-damage|p2a: Zacian|0 fnt\n|faint|p2a: Zacian\n|-ability|p1a: Magearna|Soul-Heart|boost\n|-boost|p1a: Magearna|spa|1\n|\n|-weather|SunnyDay|[upkeep]\n|upkeep\n|\n|t:|1699032491\n|switch|p2a: Kyogre|Kyogre, shiny|100\/100\n|-weather|RainDance|[from] ability: Drizzle|[of] p2a: Kyogre\n|turn|9\n|\n|t:|1699032495\n|move|p1a: Magearna|Stored Power|p2a: Kyogre\n|-damage|p2a: Kyogre|0 fnt\n|faint|p2a: Kyogre\n|\n|-weather|RainDance|[upkeep]\n|upkeep\n|\n|t:|1699032498\n|switch|p2a: Eternatus|Eternatus, shiny|100\/100\n|-ability|p2a: Eternatus|Pressure\n|turn|10\n|\n|t:|1699032503\n|-terastallize|p2a: Eternatus|Poison\n|move|p1a: Magearna|Stored Power|p2a: Eternatus\n|-supereffective|p2a: Eternatus\n|-damage|p2a: Eternatus|0 fnt\n|faint|p2a: Eternatus\n|\n|win|Sundaeeeeeee\n|raw|Sundaeeeeeee's rating: 1136 &rarr; <strong>1157<\/strong><br \/>(+21 for winning)\n|raw|jkechde's rating: 1080 &rarr; <strong>1062<\/strong><br \/>(-18 for losing)\n|l|\u2606jkechde\n","uploadtime":1699032517,"views":13,"p1id":"sundaeeeeeee","p2id":"jkechde","formatid":"gen9ubers","rating":1062,"private":0,"password":""}