{"id":"gen9ubers-1990583013","p1":"AlicieLizzie","p2":"VloneVictini","format":"[Gen 9] Ubers","log":"|j|\u2606AlicieLizzie\n|j|\u2606VloneVictini\n|t:|1699983321\n|gametype|singles\n|player|p1|AlicieLizzie|marnie-masters3|\n|player|p2|VloneVictini|1|\n|teamsize|p1|6\n|teamsize|p2|6\n|gen|9\n|tier|[Gen 9] Ubers\n|rule|Sleep Clause Mod: Limit one foe put to sleep\n|rule|Species Clause: Limit one of each Pok\u00e9mon\n|rule|OHKO Clause: OHKO moves are banned\n|rule|Evasion Items Clause: Evasion items are banned\n|rule|Evasion Moves Clause: Evasion moves are banned\n|rule|Endless Battle Clause: Forcing endless battles is banned\n|rule|HP Percentage Mod: HP is shown in percentages\n|clearpoke\n|poke|p1|Jirachi|\n|poke|p1|Arceus-Fire|\n|poke|p1|Kommo-o, M|\n|poke|p1|Cyclizar, M|\n|poke|p1|Ursaluna, F|\n|poke|p1|Gholdengo|\n|poke|p2|Iron Moth|\n|poke|p2|Orthworm, M|\n|poke|p2|Hoopa-Unbound|\n|poke|p2|Maushold|\n|poke|p2|Crawdaunt, F|\n|poke|p2|Arceus-Poison|\n|teampreview\n|inactive|Battle timer is ON: inactive players will automatically lose when time's up. (requested by AlicieLizzie)\n|\n|t:|1699983336\n|start\n|switch|p1a: WelcomeToTheJungle|Ursaluna, F|100\/100\n|switch|p2a: 3 Blind Mice|Maushold|100\/100\n|turn|1\n|\n|t:|1699983349\n|-terastallize|p2a: 3 Blind Mice|Normal\n|move|p1a: WelcomeToTheJungle|Protect|p1a: WelcomeToTheJungle\n|-singleturn|p1a: WelcomeToTheJungle|Protect\n|move|p2a: 3 Blind Mice|Population Bomb|p1a: WelcomeToTheJungle\n|-activate|p1a: WelcomeToTheJungle|move: Protect\n|\n|-status|p1a: WelcomeToTheJungle|brn|[from] item: Flame Orb\n|upkeep\n|turn|2\n|\n|t:|1699983358\n|switch|p1a: Money|Gholdengo|100\/100\n|move|p2a: 3 Blind Mice|Bite|p1a: Money\n|-supereffective|p1a: Money\n|-damage|p1a: Money|53\/100\n|\n|upkeep\n|turn|3\n|\n|t:|1699983362\n|move|p1a: Money|Make It Rain|p2a: 3 Blind Mice\n|-crit|p2a: 3 Blind Mice\n|-damage|p2a: 3 Blind Mice|0 fnt\n|-unboost|p1a: Money|spa|1\n|faint|p2a: 3 Blind Mice\n|\n|upkeep\n|\n|t:|1699983372\n|switch|p2a: #MulchGang4lyfe|Orthworm, M|100\/100\n|turn|4\n|\n|t:|1699983376\n|switch|p1a: Jump in the Fire|Arceus-Fire|100\/100\n|move|p2a: #MulchGang4lyfe|Shed Tail|p2a: #MulchGang4lyfe\n|-start|p2a: #MulchGang4lyfe|Substitute|[from] move: Shed Tail\n|-damage|p2a: #MulchGang4lyfe|50\/100\n|-enditem|p2a: #MulchGang4lyfe|Sitrus Berry|[eat]\n|-heal|p2a: #MulchGang4lyfe|75\/100|[from] item: Sitrus Berry\n|\n|t:|1699983395\n|switch|p2a: Scam Likely|Crawdaunt, F|100\/100|[from] Shed Tail\n|\n|upkeep\n|turn|5\n|\n|t:|1699983404\n|move|p1a: Jump in the Fire|Extreme Speed|p2a: Scam Likely\n|-end|p2a: Scam Likely|Substitute\n|move|p2a: Scam Likely|Crabhammer|p1a: Jump in the Fire\n|-supereffective|p1a: Jump in the Fire\n|-damage|p1a: Jump in the Fire|0 fnt\n|faint|p1a: Jump in the Fire\n|\n|upkeep\n|\n|t:|1699983412\n|switch|p1a: Shiroyama|Kommo-o, M|100\/100\n|turn|6\n|\n|t:|1699983419\n|switch|p2a: DID YOU PRAY TODAY|Arceus-Poison|100\/100\n|move|p1a: Shiroyama|Clangorous Soul|p1a: Shiroyama\n|-boost|p1a: Shiroyama|atk|1\n|-boost|p1a: Shiroyama|def|1\n|-boost|p1a: Shiroyama|spa|1\n|-boost|p1a: Shiroyama|spd|1\n|-boost|p1a: Shiroyama|spe|1\n|-damage|p1a: Shiroyama|68\/100\n|-enditem|p1a: Shiroyama|Throat Spray\n|-boost|p1a: Shiroyama|spa|1|[from] item: Throat Spray\n|\n|upkeep\n|turn|7\n|\n|t:|1699983425\n|-terastallize|p1a: Shiroyama|Normal\n|move|p1a: Shiroyama|Boomburst|p2a: DID YOU PRAY TODAY\n|-damage|p2a: DID YOU PRAY TODAY|17\/100\n|move|p2a: DID YOU PRAY TODAY|Cosmic Power|p2a: DID YOU PRAY TODAY\n|-boost|p2a: DID YOU PRAY TODAY|def|1\n|-boost|p2a: DID YOU PRAY TODAY|spd|1\n|\n|upkeep\n|turn|8\n|\n|t:|1699983429\n|move|p2a: DID YOU PRAY TODAY|Extreme Speed|p1a: Shiroyama\n|-damage|p1a: Shiroyama|47\/100\n|move|p1a: Shiroyama|Boomburst|p2a: DID YOU PRAY TODAY\n|-damage|p2a: DID YOU PRAY TODAY|0 fnt\n|faint|p2a: DID YOU PRAY TODAY\n|\n|upkeep\n|\n|t:|1699983439\n|switch|p2a: Nacho Fernandez|Iron Moth|100\/100\n|-enditem|p2a: Nacho Fernandez|Booster Energy\n|-activate|p2a: Nacho Fernandez|ability: Quark Drive|[fromitem]\n|-start|p2a: Nacho Fernandez|quarkdrivespe\n|turn|9\n|\n|t:|1699983447\n|move|p2a: Nacho Fernandez|Fiery Dance|p1a: Shiroyama\n|-damage|p1a: Shiroyama|19\/100\n|-boost|p2a: Nacho Fernandez|spa|1\n|move|p1a: Shiroyama|Clanging Scales|p2a: Nacho Fernandez\n|-damage|p2a: Nacho Fernandez|4\/100\n|-unboost|p1a: Shiroyama|def|1\n|\n|upkeep\n|turn|10\n|\n|t:|1699983459\n|move|p2a: Nacho Fernandez|Fiery Dance|p1a: Shiroyama\n|-damage|p1a: Shiroyama|0 fnt\n|-boost|p2a: Nacho Fernandez|spa|1\n|faint|p1a: Shiroyama\n|\n|upkeep\n|\n|t:|1699983468\n|switch|p1a: Round and Round|Cyclizar, M|100\/100\n|turn|11\n|\n|t:|1699983477\n|move|p2a: Nacho Fernandez|Dazzling Gleam|p1a: Round and Round\n|-supereffective|p1a: Round and Round\n|-crit|p1a: Round and Round\n|-damage|p1a: Round and Round|0 fnt\n|faint|p1a: Round and Round\n|\n|upkeep\n|\n|t:|1699983482\n|switch|p1a: WelcomeToTheJungle|Ursaluna, F|100\/100 brn\n|turn|12\n|\n|t:|1699983498\n|move|p2a: Nacho Fernandez|Fiery Dance|p1a: WelcomeToTheJungle\n|-damage|p1a: WelcomeToTheJungle|24\/100 brn\n|move|p1a: WelcomeToTheJungle|Facade|p2a: Nacho Fernandez\n|-crit|p2a: Nacho Fernandez\n|-damage|p2a: Nacho Fernandez|0 fnt\n|faint|p2a: Nacho Fernandez\n|-end|p2a: Nacho Fernandez|Quark Drive|[silent]\n|\n|-damage|p1a: WelcomeToTheJungle|18\/100 brn|[from] brn\n|upkeep\n|\n|t:|1699983507\n|switch|p2a: Poopa-Scoopa|Hoopa-Unbound|100\/100\n|turn|13\n|\n|t:|1699983513\n|move|p2a: Poopa-Scoopa|Hyperspace Fury|p1a: WelcomeToTheJungle\n|-damage|p1a: WelcomeToTheJungle|0 fnt\n|-unboost|p2a: Poopa-Scoopa|def|1\n|faint|p1a: WelcomeToTheJungle\n|\n|upkeep\n|\n|t:|1699983517\n|switch|p1a: Iron (Head) Man|Jirachi|100\/100\n|turn|14\n|inactive|VloneVictini has 270 seconds left.\n|\n|t:|1699983573\n|move|p1a: Iron (Head) Man|Iron Head|p2a: Poopa-Scoopa\n|-damage|p2a: Poopa-Scoopa|14\/100\n|move|p2a: Poopa-Scoopa|Hyperspace Fury|p1a: Iron (Head) Man\n|-supereffective|p1a: Iron (Head) Man\n|-damage|p1a: Iron (Head) Man|0 fnt\n|-unboost|p2a: Poopa-Scoopa|def|1\n|faint|p1a: Iron (Head) Man\n|\n|upkeep\n|\n|t:|1699983580\n|switch|p1a: Money|Gholdengo|53\/100\n|turn|15\n|\n|t:|1699983586\n|move|p1a: Money|Thunderbolt|p2a: Poopa-Scoopa\n|-damage|p2a: Poopa-Scoopa|0 fnt\n|faint|p2a: Poopa-Scoopa\n|\n|upkeep\n|inactive|VloneVictini has 240 seconds left.\n|\n|t:|1699983635\n|switch|p2a: #MulchGang4lyfe|Orthworm, M|75\/100\n|turn|16\n|\n|t:|1699983637\n|move|p1a: Money|Thunderbolt|p2a: #MulchGang4lyfe\n|-damage|p2a: #MulchGang4lyfe|24\/100\n|move|p2a: #MulchGang4lyfe|Iron Head|p1a: Money\n|-resisted|p1a: Money\n|-damage|p1a: Money|40\/100\n|\n|upkeep\n|turn|17\n|\n|t:|1699983642\n|move|p1a: Money|Thunderbolt|p2a: #MulchGang4lyfe\n|-damage|p2a: #MulchGang4lyfe|0 fnt\n|faint|p2a: #MulchGang4lyfe\n|\n|upkeep\n|\n|t:|1699983643\n|switch|p2a: Scam Likely|Crawdaunt, F|100\/100\n|turn|18\n|\n|t:|1699983645\n|move|p2a: Scam Likely|Aqua Jet|p1a: Money\n|-damage|p1a: Money|0 fnt\n|faint|p1a: Money\n|\n|win|VloneVictini\n|c|\u2606VloneVictini|gg\n|c|\u2606AlicieLizzie|ah damn\n|c|\u2606AlicieLizzie|Gg\n","uploadtime":1699983656,"views":7,"p1id":"alicielizzie","p2id":"vlonevictini","formatid":"gen9ubers","rating":0,"private":0,"password":""}