{"id":"gen9ubers-1984027631","p1":"Kyalami","p2":"ThePuzzler13","format":"[Gen 9] Ubers","log":"|j|\u2606Kyalami\n|j|\u2606ThePuzzler13\n|t:|1699211241\n|gametype|singles\n|player|p1|Kyalami|skyla|\n|player|p2|ThePuzzler13|169|\n|teamsize|p1|6\n|teamsize|p2|6\n|gen|9\n|tier|[Gen 9] Ubers\n|rule|Sleep Clause Mod: Limit one foe put to sleep\n|rule|Species Clause: Limit one of each Pok\u00e9mon\n|rule|OHKO Clause: OHKO moves are banned\n|rule|Evasion Items Clause: Evasion items are banned\n|rule|Evasion Moves Clause: Evasion moves are banned\n|rule|Endless Battle Clause: Forcing endless battles is banned\n|rule|HP Percentage Mod: HP is shown in percentages\n|clearpoke\n|poke|p1|Magearna|\n|poke|p1|Espathra, F|\n|poke|p1|Iron Leaves|\n|poke|p1|Ogerpon-Wellspring, F|\n|poke|p1|Ambipom, F|\n|poke|p1|Jirachi|\n|poke|p2|Masquerain, M|\n|poke|p2|Arceus-Ice|\n|poke|p2|Gholdengo|\n|poke|p2|Palafin, M|\n|poke|p2|Chi-Yu|\n|poke|p2|Zamazenta-*|\n|teampreview\n|inactive|Battle timer is ON: inactive players will automatically lose when time's up. (requested by ThePuzzler13)\n|\n|t:|1699211254\n|start\n|switch|p1a: Iron Leaves|Iron Leaves|100\/100\n|switch|p2a: Masquerain|Masquerain, M|100\/100\n|-ability|p2a: Masquerain|Intimidate|boost\n|-unboost|p1a: Iron Leaves|atk|1\n|-enditem|p1a: Iron Leaves|Booster Energy\n|-activate|p1a: Iron Leaves|ability: Quark Drive|[fromitem]\n|-start|p1a: Iron Leaves|quarkdrivespe\n|turn|1\n|c|\u2606ThePuzzler13|gl hf\n|\n|t:|1699211271\n|move|p1a: Iron Leaves|Sacred Sword|p2a: Masquerain\n|-resisted|p2a: Masquerain\n|-damage|p2a: Masquerain|92\/100\n|move|p2a: Masquerain|Sticky Web|p1a: Iron Leaves\n|-sidestart|p1: Kyalami|move: Sticky Web\n|\n|upkeep\n|turn|2\n|c|\u2606ThePuzzler13|remember that the winner has to upload the replay\n|\n|t:|1699211285\n|-end|p1a: Iron Leaves|Quark Drive|[silent]\n|switch|p1a: Espathra|Espathra, F|100\/100\n|-activate|p1a: Espathra|move: Sticky Web\n|-unboost|p1a: Espathra|spe|1\n|move|p2a: Masquerain|Bug Buzz|p1a: Espathra\n|-supereffective|p1a: Espathra\n|-damage|p1a: Espathra|0 fnt\n|faint|p1a: Espathra\n|\n|upkeep\n|\n|t:|1699211293\n|switch|p1a: Magearna|Magearna|100\/100\n|-activate|p1a: Magearna|move: Sticky Web\n|-unboost|p1a: Magearna|spe|1\n|turn|3\n|\n|t:|1699211300\n|move|p2a: Masquerain|Stun Spore|p1a: Magearna\n|-status|p1a: Magearna|par\n|move|p1a: Magearna|Ice Beam|p2a: Masquerain\n|-supereffective|p2a: Masquerain\n|-damage|p2a: Masquerain|0 fnt\n|faint|p2a: Masquerain\n|-ability|p1a: Magearna|Soul-Heart|boost\n|-boost|p1a: Magearna|spa|1\n|\n|upkeep\n|\n|t:|1699211308\n|switch|p2a: Palafin|Palafin, M|100\/100\n|turn|4\n|\n|t:|1699211313\n|move|p2a: Palafin|Flip Turn|p1a: Magearna\n|-damage|p1a: Magearna|73\/100 par\n|\n|t:|1699211323\n|detailschange|p2a: Palafin|Palafin-Hero, M\n|switch|p2a: Arceus|Arceus-Ice|100\/100|[from] Flip Turn\n|move|p1a: Magearna|Thunderbolt|p2a: Arceus\n|-damage|p2a: Arceus|61\/100\n|\n|-heal|p1a: Magearna|79\/100 par|[from] item: Leftovers\n|upkeep\n|turn|5\n|\n|t:|1699211331\n|move|p2a: Arceus|Calm Mind|p2a: Arceus\n|-boost|p2a: Arceus|spa|1\n|-boost|p2a: Arceus|spd|1\n|move|p1a: Magearna|Fleur Cannon|p2a: Arceus\n|-damage|p2a: Arceus|2\/100\n|-unboost|p1a: Magearna|spa|2\n|\n|-heal|p1a: Magearna|85\/100 par|[from] item: Leftovers\n|upkeep\n|turn|6\n|\n|t:|1699211338\n|move|p2a: Arceus|Recover|p2a: Arceus\n|-heal|p2a: Arceus|52\/100\n|cant|p1a: Magearna|par\n|\n|-heal|p1a: Magearna|91\/100 par|[from] item: Leftovers\n|upkeep\n|turn|7\n|\n|t:|1699211349\n|move|p2a: Arceus|Recover|p2a: Arceus\n|-heal|p2a: Arceus|100\/100\n|cant|p1a: Magearna|par\n|\n|-heal|p1a: Magearna|97\/100 par|[from] item: Leftovers\n|upkeep\n|turn|8\n|\n|t:|1699211353\n|switch|p1a: Iron Leaves|Iron Leaves|100\/100\n|-activate|p1a: Iron Leaves|move: Sticky Web\n|-unboost|p1a: Iron Leaves|spe|1\n|move|p2a: Arceus|Calm Mind|p2a: Arceus\n|-boost|p2a: Arceus|spa|1\n|-boost|p2a: Arceus|spd|1\n|\n|upkeep\n|turn|9\n|\n|t:|1699211365\n|move|p1a: Iron Leaves|Endure|p1a: Iron Leaves\n|-singleturn|p1a: Iron Leaves|move: Endure\n|move|p2a: Arceus|Judgment|p1a: Iron Leaves\n|-supereffective|p1a: Iron Leaves\n|-activate|p1a: Iron Leaves|move: Endure\n|-damage|p1a: Iron Leaves|1\/100\n|\n|upkeep\n|turn|10\n|\n|t:|1699211373\n|move|p2a: Arceus|Thunderbolt|p1a: Iron Leaves\n|-resisted|p1a: Iron Leaves\n|-damage|p1a: Iron Leaves|0 fnt\n|faint|p1a: Iron Leaves\n|-end|p1a: Iron Leaves|Quark Drive|[silent]\n|\n|upkeep\n|\n|t:|1699211379\n|switch|p1a: Ambipom|Ambipom, F|100\/100\n|-activate|p1a: Ambipom|move: Sticky Web\n|-unboost|p1a: Ambipom|spe|1\n|turn|11\n|\n|t:|1699211385\n|move|p1a: Ambipom|Protect|p1a: Ambipom\n|-singleturn|p1a: Ambipom|Protect\n|move|p2a: Arceus|Judgment|p1a: Ambipom\n|-activate|p1a: Ambipom|move: Protect\n|\n|upkeep\n|turn|12\n|c|\u2606Kyalami|Wrong team but its fine\n|c|\u2606Kyalami|You can win\n|\n|t:|1699211399\n|move|p2a: Arceus|Judgment|p1a: Ambipom\n|-damage|p1a: Ambipom|0 fnt\n|faint|p1a: Ambipom\n|\n|upkeep\n|\n|t:|1699211402\n|switch|p1a: Ogerpon|Ogerpon-Wellspring, F|100\/100\n|-activate|p1a: Ogerpon|move: Sticky Web\n|-unboost|p1a: Ogerpon|spe|1\n|turn|13\n|\n|t:|1699211407\n|move|p2a: Arceus|Thunderbolt|p1a: Ogerpon\n|-damage|p1a: Ogerpon|22\/100\n|move|p1a: Ogerpon|Zen Headbutt|p2a: Arceus\n|-damage|p2a: Arceus|78\/100\n|\n|upkeep\n|turn|14\n|\n|t:|1699211411\n|move|p2a: Arceus|Thunderbolt|p1a: Ogerpon\n|-damage|p1a: Ogerpon|0 fnt\n|faint|p1a: Ogerpon\n|\n|upkeep\n|\n|t:|1699211413\n|switch|p1a: Jirachi|Jirachi|100\/100\n|-activate|p1a: Jirachi|move: Sticky Web\n|-unboost|p1a: Jirachi|spe|1\n|turn|15\n|\n|t:|1699211420\n|move|p2a: Arceus|Calm Mind|p2a: Arceus\n|-boost|p2a: Arceus|spa|1\n|-boost|p2a: Arceus|spd|1\n|move|p1a: Jirachi|Meteor Mash|p2a: Arceus\n|-supereffective|p2a: Arceus\n|-damage|p2a: Arceus|10\/100\n|\n|upkeep\n|turn|16\n|\n|t:|1699211426\n|move|p2a: Arceus|Judgment|p1a: Jirachi\n|-resisted|p1a: Jirachi\n|-damage|p1a: Jirachi|23\/100\n|move|p1a: Jirachi|Meteor Mash|p2a: Arceus\n|-supereffective|p2a: Arceus\n|-damage|p2a: Arceus|0 fnt\n|faint|p2a: Arceus\n|\n|upkeep\n|\n|t:|1699211434\n|switch|p2a: Chi-Yu|Chi-Yu|100\/100\n|-ability|p2a: Chi-Yu|Beads of Ruin\n|turn|17\n|\n|t:|1699211441\n|move|p2a: Chi-Yu|Flamethrower|p1a: Jirachi\n|-supereffective|p1a: Jirachi\n|-crit|p1a: Jirachi\n|-damage|p1a: Jirachi|0 fnt\n|faint|p1a: Jirachi\n|\n|upkeep\n|\n|t:|1699211442\n|switch|p1a: Magearna|Magearna|97\/100 par\n|-activate|p1a: Magearna|move: Sticky Web\n|-unboost|p1a: Magearna|spe|1\n|turn|18\n|\n|t:|1699211450\n|move|p2a: Chi-Yu|Flamethrower|p1a: Magearna\n|-supereffective|p1a: Magearna\n|-damage|p1a: Magearna|0 fnt\n|faint|p1a: Magearna\n|\n|win|ThePuzzler13\n|c|\u2606ThePuzzler13|gg\n|c|\u2606Kyalami|Ggs\n","uploadtime":1699211457,"views":20,"p1id":"kyalami","p2id":"thepuzzler13","formatid":"gen9ubers","rating":0,"private":0,"password":""}