{"id":"gen9ubers-1990081494","p1":"WARIOROFLIBERATION","p2":"Scottiee","format":"[Gen 9] Ubers","log":"|j|\u2606WARIOROFLIBERATION\n|j|\u2606Scottiee\n|t:|1699922543\n|gametype|singles\n|player|p1|WARIOROFLIBERATION|red-gen2|1502\n|player|p2|Scottiee|brawly|1425\n|teamsize|p1|6\n|teamsize|p2|6\n|gen|9\n|tier|[Gen 9] Ubers\n|rated|\n|rule|Sleep Clause Mod: Limit one foe put to sleep\n|rule|Species Clause: Limit one of each Pok\u00e9mon\n|rule|OHKO Clause: OHKO moves are banned\n|rule|Evasion Items Clause: Evasion items are banned\n|rule|Evasion Moves Clause: Evasion moves are banned\n|rule|Endless Battle Clause: Forcing endless battles is banned\n|rule|HP Percentage Mod: HP is shown in percentages\n|clearpoke\n|poke|p1|Ursaluna, M|\n|poke|p1|Magearna|\n|poke|p1|Calyrex-Ice|\n|poke|p1|Basculegion, M|\n|poke|p1|Hatterene, F|\n|poke|p1|Dialga-Origin|\n|poke|p2|Koraidon|\n|poke|p2|Miraidon|\n|poke|p2|Ting-Lu|\n|poke|p2|Zacian-*|\n|poke|p2|Arceus-Fairy|\n|poke|p2|Corviknight, M|\n|teampreview\n|inactive|Battle timer is ON: inactive players will automatically lose when time's up. (requested by Scottiee)\n|inactive|Scottiee has 120 seconds left.\n|\n|t:|1699922582\n|start\n|switch|p1a: PERONA|Hatterene, F|100\/100\n|switch|p2a: Arceus|Arceus-Fairy|100\/100\n|turn|1\n|\n|t:|1699922587\n|move|p2a: Arceus|Calm Mind|p2a: Arceus\n|-boost|p2a: Arceus|spa|1\n|-boost|p2a: Arceus|spd|1\n|move|p1a: PERONA|Trick Room|p1a: PERONA\n|-fieldstart|move: Trick Room|[of] p1a: PERONA\n|\n|upkeep\n|turn|2\n|l|\u2606Scottiee\n|inactive|Scottiee disconnected and has a minute to reconnect!\n|player|p2|\n|j|\u2606Scottiee\n|inactive|Scottiee reconnected and has 135 seconds left.\n|player|p2|Scottiee|brawly\n|\n|t:|1699922604\n|move|p1a: PERONA|Healing Wish|p1a: PERONA\n|faint|p1a: PERONA\n|move|p2a: Arceus|Calm Mind|p2a: Arceus\n|-boost|p2a: Arceus|spa|1\n|-boost|p2a: Arceus|spd|1\n|\n|upkeep\n|\n|t:|1699922611\n|switch|p1a: KAIDO|Dialga-Origin, shiny|100\/100\n|-ability|p1a: KAIDO|Pressure\n|turn|3\n|\n|t:|1699922621\n|move|p1a: KAIDO|Stealth Rock|p2a: Arceus\n|-sidestart|p2: Scottiee|move: Stealth Rock\n|move|p2a: Arceus|Calm Mind|p2a: Arceus\n|-boost|p2a: Arceus|spa|1\n|-boost|p2a: Arceus|spd|1\n|\n|upkeep\n|turn|4\n|\n|t:|1699922624\n|move|p1a: KAIDO|Steel Beam|p2a: Arceus\n|-supereffective|p2a: Arceus\n|-damage|p2a: Arceus|44\/100\n|-damage|p1a: KAIDO|50\/100|[from] steelbeam\n|move|p2a: Arceus|Calm Mind|p2a: Arceus\n|-boost|p2a: Arceus|spa|1\n|-boost|p2a: Arceus|spd|1\n|\n|upkeep\n|turn|5\n|\n|t:|1699922626\n|move|p1a: KAIDO|Steel Beam|p2a: Arceus\n|-supereffective|p2a: Arceus\n|-damage|p2a: Arceus|0 fnt\n|-damage|p1a: KAIDO|0 fnt|[from] steelbeam\n|faint|p1a: KAIDO\n|faint|p2a: Arceus\n|\n|-fieldend|move: Trick Room\n|upkeep\n|\n|t:|1699922636\n|switch|p2a: Ting-Lu|Ting-Lu|100\/100\n|switch|p1a: AOKIJI|Calyrex-Ice|100\/100\n|-ability|p1a: AOKIJI|As One\n|-ability|p1a: AOKIJI|Unnerve\n|-damage|p2a: Ting-Lu|94\/100|[from] Stealth Rock\n|-ability|p2a: Ting-Lu|Vessel of Ruin\n|turn|6\n|\n|t:|1699922642\n|switch|p2a: Corviknight|Corviknight, M|100\/100\n|-ability|p2a: Corviknight|Pressure\n|move|p1a: AOKIJI|Glacial Lance|p2a: Corviknight\n|-damage|p2a: Corviknight|41\/100\n|-damage|p1a: AOKIJI|91\/100|[from] item: Life Orb\n|\n|upkeep\n|turn|7\n|\n|t:|1699922649\n|-terastallize|p2a: Corviknight|Water\n|move|p2a: Corviknight|Roost|p2a: Corviknight\n|-heal|p2a: Corviknight|91\/100\n|move|p1a: AOKIJI|Close Combat|p2a: Corviknight\n|-damage|p2a: Corviknight|47\/100\n|-unboost|p1a: AOKIJI|def|1\n|-unboost|p1a: AOKIJI|spd|1\n|-damage|p1a: AOKIJI|81\/100|[from] item: Life Orb\n|\n|upkeep\n|turn|8\n|\n|t:|1699922654\n|switch|p1a: KUMA|Ursaluna, M, shiny|100\/100\n|move|p2a: Corviknight|Iron Defense|p2a: Corviknight\n|-boost|p2a: Corviknight|def|2\n|\n|-status|p1a: KUMA|brn|[from] item: Flame Orb\n|upkeep\n|turn|9\n|\n|t:|1699922664\n|switch|p1a: BROOK|Basculegion, M, shiny|100\/100\n|move|p2a: Corviknight|Roost|p2a: Corviknight\n|-heal|p2a: Corviknight|97\/100\n|\n|upkeep\n|turn|10\n|\n|t:|1699922668\n|move|p2a: Corviknight|Iron Defense|p2a: Corviknight\n|-boost|p2a: Corviknight|def|2\n|move|p1a: BROOK|Last Respects|p2a: Corviknight\n|-damage|p2a: Corviknight|64\/100\n|\n|upkeep\n|turn|11\n|\n|t:|1699922673\n|move|p2a: Corviknight|Roost|p2a: Corviknight\n|-heal|p2a: Corviknight|100\/100\n|move|p1a: BROOK|Last Respects|p2a: Corviknight\n|-damage|p2a: Corviknight|68\/100\n|\n|upkeep\n|turn|12\n|\n|t:|1699922675\n|move|p2a: Corviknight|Iron Defense|p2a: Corviknight\n|-boost|p2a: Corviknight|def|2\n|move|p1a: BROOK|Last Respects|p2a: Corviknight\n|-damage|p2a: Corviknight|44\/100\n|\n|upkeep\n|turn|13\n|\n|t:|1699922681\n|move|p2a: Corviknight|Roost|p2a: Corviknight\n|-heal|p2a: Corviknight|94\/100\n|move|p1a: BROOK|Last Respects|p2a: Corviknight\n|-damage|p2a: Corviknight|71\/100\n|\n|upkeep\n|turn|14\n|\n|t:|1699922684\n|move|p2a: Corviknight|Defog|p1a: BROOK\n|-unboost|p1a: BROOK|evasion|1\n|-sideend|p2: Scottiee|Stealth Rock|[from] move: Defog|[of] p2a: Corviknight\n|move|p1a: BROOK|Last Respects|p2a: Corviknight\n|-damage|p2a: Corviknight|46\/100\n|\n|upkeep\n|turn|15\n|\n|t:|1699922702\n|move|p2a: Corviknight|Roost|p2a: Corviknight\n|-heal|p2a: Corviknight|96\/100\n|move|p1a: BROOK|Last Respects|p2a: Corviknight\n|-damage|p2a: Corviknight|74\/100\n|\n|upkeep\n|turn|16\n|\n|t:|1699922710\n|switch|p1a: KUMA|Ursaluna, M, shiny|100\/100 brn\n|-heal|p1a: KUMA|100\/100|[from] move: Healing Wish\n|move|p2a: Corviknight|Defog|p1a: KUMA\n|-unboost|p1a: KUMA|evasion|1\n|\n|-status|p1a: KUMA|brn|[from] item: Flame Orb\n|upkeep\n|turn|17\n|\n|t:|1699922720\n|-terastallize|p1a: KUMA|Ghost\n|move|p2a: Corviknight|Body Press|p1a: KUMA\n|-immune|p1a: KUMA\n|move|p1a: KUMA|Fling|p2a: Corviknight\n|-damage|p2a: Corviknight|71\/100\n|-status|p2a: Corviknight|brn\n|-enditem|p1a: KUMA|Flame Orb|[from] move: Fling\n|\n|-damage|p2a: Corviknight|65\/100 brn|[from] brn\n|-damage|p1a: KUMA|94\/100 brn|[from] brn\n|upkeep\n|turn|18\n|\n|t:|1699922730\n|move|p2a: Corviknight|Roost|p2a: Corviknight\n|-heal|p2a: Corviknight|100\/100 brn\n|move|p1a: KUMA|Facade|p2a: Corviknight\n|-damage|p2a: Corviknight|81\/100 brn\n|\n|-damage|p2a: Corviknight|75\/100 brn|[from] brn\n|-damage|p1a: KUMA|88\/100 brn|[from] brn\n|upkeep\n|turn|19\n|\n|t:|1699922742\n|switch|p2a: Miraidon|Miraidon|100\/100\n|-fieldstart|move: Electric Terrain|[from] ability: Hadron Engine|[of] p2a: Miraidon\n|move|p1a: KUMA|Facade|p2a: Miraidon\n|-damage|p2a: Miraidon|0 fnt\n|faint|p2a: Miraidon\n|\n|-damage|p1a: KUMA|82\/100 brn|[from] brn\n|upkeep\n|\n|t:|1699922745\n|switch|p2a: Ting-Lu|Ting-Lu|94\/100\n|-ability|p2a: Ting-Lu|Vessel of Ruin\n|turn|20\n|\n|t:|1699922764\n|move|p2a: Ting-Lu|Spikes|p1a: KUMA\n|-sidestart|p1: WARIOROFLIBERATION|Spikes\n|move|p1a: KUMA|Facade|p2a: Ting-Lu\n|-damage|p2a: Ting-Lu|19\/100\n|\n|-heal|p2a: Ting-Lu|26\/100|[from] item: Leftovers\n|-damage|p1a: KUMA|75\/100 brn|[from] brn\n|upkeep\n|turn|21\n|\n|t:|1699922778\n|switch|p1a: AOKIJI|Calyrex-Ice|81\/100\n|-ability|p1a: AOKIJI|As One\n|-ability|p1a: AOKIJI|Unnerve\n|-damage|p1a: AOKIJI|68\/100|[from] Spikes\n|move|p2a: Ting-Lu|Spikes|p1a: AOKIJI\n|-sidestart|p1: WARIOROFLIBERATION|Spikes\n|\n|-heal|p2a: Ting-Lu|32\/100|[from] item: Leftovers\n|upkeep\n|turn|22\n|\n|t:|1699922780\n|move|p2a: Ting-Lu|Taunt|p1a: AOKIJI\n|-start|p1a: AOKIJI|move: Taunt\n|cant|p1a: AOKIJI|move: Taunt|Trick Room\n|\n|-heal|p2a: Ting-Lu|38\/100|[from] item: Leftovers\n|upkeep\n|turn|23\n|\n|t:|1699922783\n|switch|p1a: REIJU|Magearna|100\/100\n|-damage|p1a: REIJU|84\/100|[from] Spikes\n|move|p2a: Ting-Lu|Spikes|p1a: REIJU\n|-sidestart|p1: WARIOROFLIBERATION|Spikes\n|\n|-heal|p2a: Ting-Lu|44\/100|[from] item: Leftovers\n|-fieldend|move: Electric Terrain\n|upkeep\n|turn|24\n|\n|t:|1699922785\n|move|p2a: Ting-Lu|Taunt|p1a: REIJU\n|-start|p1a: REIJU|move: Taunt\n|-enditem|p1a: REIJU|Mental Herb\n|-end|p1a: REIJU|move: Taunt\n|move|p1a: REIJU|Trick Room|p1a: REIJU\n|-fieldstart|move: Trick Room|[of] p1a: REIJU\n|\n|-heal|p2a: Ting-Lu|50\/100|[from] item: Leftovers\n|upkeep\n|turn|25\n|\n|t:|1699922803\n|switch|p1a: KUMA|Ursaluna, M, shiny, tera:Ghost|75\/100 brn\n|-damage|p1a: KUMA|50\/100 brn|[from] Spikes\n|switch|p2a: Corviknight|Corviknight, M, tera:Water|75\/100 brn\n|-ability|p2a: Corviknight|Pressure\n|\n|-damage|p1a: KUMA|44\/100 brn|[from] brn\n|-damage|p2a: Corviknight|69\/100 brn|[from] brn\n|upkeep\n|turn|26\n|\n|t:|1699922807\n|move|p1a: KUMA|Facade|p2a: Corviknight\n|-damage|p2a: Corviknight|0 fnt\n|faint|p2a: Corviknight\n|\n|-damage|p1a: KUMA|38\/100 brn|[from] brn\n|upkeep\n|\n|t:|1699922814\n|switch|p2a: Ting-Lu|Ting-Lu|50\/100\n|-ability|p2a: Ting-Lu|Vessel of Ruin\n|turn|27\n|\n|t:|1699922823\n|move|p1a: KUMA|Facade|p2a: Ting-Lu\n|-damage|p2a: Ting-Lu|0 fnt\n|faint|p2a: Ting-Lu\n|\n|-damage|p1a: KUMA|32\/100 brn|[from] brn\n|upkeep\n|\n|t:|1699922828\n|switch|p2a: Zacian|Zacian-Crowned|100\/100\n|-ability|p2a: Zacian|Intrepid Sword|boost\n|-boost|p2a: Zacian|atk|1\n|turn|28\n|\n|t:|1699922837\n|move|p1a: KUMA|Headlong Rush|p2a: Zacian\n|-supereffective|p2a: Zacian\n|-damage|p2a: Zacian|0 fnt\n|-unboost|p1a: KUMA|def|1\n|-unboost|p1a: KUMA|spd|1\n|faint|p2a: Zacian\n|\n|-damage|p1a: KUMA|25\/100 brn|[from] brn\n|-fieldend|move: Trick Room\n|upkeep\n|\n|t:|1699922842\n|switch|p2a: Koraidon|Koraidon|100\/100\n|-weather|SunnyDay|[from] ability: Orichalcum Pulse|[of] p2a: Koraidon\n|-activate|p2a: Koraidon|Orichalcum Pulse|[source]\n|turn|29\n|\n|t:|1699922849\n|move|p2a: Koraidon|Flare Blitz|p1a: KUMA\n|-damage|p1a: KUMA|0 fnt\n|faint|p1a: KUMA\n|-damage|p2a: Koraidon|89\/100|[from] Recoil\n|\n|-weather|SunnyDay|[upkeep]\n|upkeep\n|\n|t:|1699922862\n|switch|p1a: BROOK|Basculegion, M, shiny|100\/100\n|-damage|p1a: BROOK|76\/100|[from] Spikes\n|turn|30\n|\n|t:|1699922864\n|move|p2a: Koraidon|Flare Blitz|p1a: BROOK\n|-resisted|p1a: BROOK\n|-damage|p1a: BROOK|4\/100\n|-damage|p2a: Koraidon|59\/100|[from] Recoil\n|move|p1a: BROOK|Last Respects|p2a: Koraidon\n|-damage|p2a: Koraidon|0 fnt\n|faint|p2a: Koraidon\n|\n|win|WARIOROFLIBERATION\n|raw|WARIOROFLIBERATION's rating: 1502 &rarr; <strong>1518<\/strong><br \/>(+16 for winning)\n|raw|Scottiee's rating: 1425 &rarr; <strong>1409<\/strong><br \/>(-16 for losing)\n|l|\u2606Scottiee\n","uploadtime":1699922874,"views":13,"p1id":"wariorofliberation","p2id":"scottiee","formatid":"gen9ubers","rating":1409,"private":0,"password":""}