{"id":"gen9ubers-1979128397","p1":"SadaShidz\ufe0f","p2":"Bananas0","format":"[Gen 9] Ubers","log":"|j|\u2606SadaShidz\ufe0f\n|j|\u2606Bananas0\n|t:|1698636056\n|gametype|singles\n|player|p1|SadaShidz\ufe0f|sada-ai|1260\n|player|p2|Bananas0|cyrus|1039\n|teamsize|p1|6\n|teamsize|p2|6\n|gen|9\n|tier|[Gen 9] Ubers\n|rated|\n|rule|Sleep Clause Mod: Limit one foe put to sleep\n|rule|Species Clause: Limit one of each Pok\u00e9mon\n|rule|OHKO Clause: OHKO moves are banned\n|rule|Evasion Items Clause: Evasion items are banned\n|rule|Evasion Moves Clause: Evasion moves are banned\n|rule|Endless Battle Clause: Forcing endless battles is banned\n|rule|HP Percentage Mod: HP is shown in percentages\n|clearpoke\n|poke|p1|Ribombee, M|\n|poke|p1|Shaymin-Sky|\n|poke|p1|Amoonguss, M|\n|poke|p1|Darkrai|\n|poke|p1|Manaphy|\n|poke|p1|Koraidon|\n|poke|p2|Regieleki|\n|poke|p2|Flutter Mane|\n|poke|p2|Zacian-*|\n|poke|p2|Miraidon|\n|poke|p2|Volcarona, M|\n|poke|p2|Lycanroc, F|\n|teampreview\n|inactive|Battle timer is ON: inactive players will automatically lose when time's up. (requested by SadaShidz\ufe0f)\n|\n|t:|1698636066\n|start\n|switch|p1a: Shinobu|Ribombee, M, shiny|100\/100\n|switch|p2a: Regieleki|Regieleki|100\/100\n|turn|1\n|\n|t:|1698636074\n|-terastallize|p2a: Regieleki|Ice\n|move|p2a: Regieleki|Tera Blast|p1a: Shinobu|[anim] Tera Blast Ice\n|-damage|p1a: Shinobu|34\/100\n|-damage|p2a: Regieleki|91\/100|[from] item: Life Orb\n|move|p1a: Shinobu|Sticky Web|p2a: Regieleki\n|-sidestart|p2: Bananas0|move: Sticky Web\n|\n|upkeep\n|turn|2\n|\n|t:|1698636084\n|move|p2a: Regieleki|Tera Blast|p1a: Shinobu|[anim] Tera Blast Ice\n|-damage|p1a: Shinobu|0 fnt\n|faint|p1a: Shinobu\n|-damage|p2a: Regieleki|81\/100|[from] item: Life Orb\n|\n|upkeep\n|\n|t:|1698636089\n|switch|p1a: Type Bike|Koraidon|100\/100\n|-weather|SunnyDay|[from] ability: Orichalcum Pulse|[of] p1a: Type Bike\n|-activate|p1a: Type Bike|Orichalcum Pulse|[source]\n|turn|3\n|\n|t:|1698636097\n|-terastallize|p1a: Type Bike|Fire\n|move|p2a: Regieleki|Tera Blast|p1a: Type Bike|[anim] Tera Blast Ice\n|-resisted|p1a: Type Bike\n|-damage|p1a: Type Bike|76\/100\n|-damage|p2a: Regieleki|71\/100|[from] item: Life Orb\n|move|p1a: Type Bike|Flame Charge|p2a: Regieleki\n|-supereffective|p2a: Regieleki\n|-damage|p2a: Regieleki|0 fnt\n|-boost|p1a: Type Bike|spe|1\n|faint|p2a: Regieleki\n|\n|-weather|SunnyDay|[upkeep]\n|upkeep\n|\n|t:|1698636110\n|switch|p2a: Volcarona|Volcarona, M|100\/100\n|turn|4\n|\n|t:|1698636114\n|move|p1a: Type Bike|Bulk Up|p1a: Type Bike\n|-boost|p1a: Type Bike|atk|1\n|-boost|p1a: Type Bike|def|1\n|move|p2a: Volcarona|Quiver Dance|p2a: Volcarona\n|-boost|p2a: Volcarona|spa|1\n|-boost|p2a: Volcarona|spd|1\n|-boost|p2a: Volcarona|spe|1\n|\n|-weather|SunnyDay|[upkeep]\n|upkeep\n|turn|5\n|\n|t:|1698636127\n|move|p1a: Type Bike|Scale Shot|p2a: Volcarona\n|-crit|p2a: Volcarona\n|-damage|p2a: Volcarona|35\/100\n|-damage|p2a: Volcarona|0 fnt\n|faint|p2a: Volcarona\n|-hitcount|p2: Volcarona|2\n|-unboost|p1a: Type Bike|def|1\n|-boost|p1a: Type Bike|spe|1\n|\n|-weather|SunnyDay|[upkeep]\n|upkeep\n|-message|Bananas0 forfeited.\n|\n|win|SadaShidz\ufe0f\n|raw|SadaShidz\ufe0f's rating: 1260 &rarr; <strong>1271<\/strong><br \/>(+11 for winning)\n|raw|Bananas0's rating: 1039 &rarr; <strong>1032<\/strong><br \/>(-7 for losing)\n|l|\u2606Bananas0\n","uploadtime":1698636142,"views":9,"p1id":"sadashidz","p2id":"bananas0","formatid":"gen9ubers","rating":1032,"private":0,"password":""}