{"id":"gen9ubers-1992431748","p1":"massivesket","p2":"swanpermuk","format":"[Gen 9] Ubers","log":"|j|\u2606massivesket\n|j|\u2606swanpermuk\n|t:|1700186832\n|gametype|singles\n|player|p1|massivesket|medium|1117\n|player|p2|swanpermuk|102|1090\n|teamsize|p1|6\n|teamsize|p2|6\n|gen|9\n|tier|[Gen 9] Ubers\n|rated|\n|rule|Sleep Clause Mod: Limit one foe put to sleep\n|rule|Species Clause: Limit one of each Pok\u00e9mon\n|rule|OHKO Clause: OHKO moves are banned\n|rule|Evasion Items Clause: Evasion items are banned\n|rule|Evasion Moves Clause: Evasion moves are banned\n|rule|Endless Battle Clause: Forcing endless battles is banned\n|rule|HP Percentage Mod: HP is shown in percentages\n|clearpoke\n|poke|p1|Cyclizar, F|\n|poke|p1|Volcarona, M|\n|poke|p1|Chien-Pao|\n|poke|p1|Gliscor, M|\n|poke|p1|Ogerpon-Hearthflame, F|\n|poke|p1|Espathra, F|\n|poke|p2|Kyogre|\n|poke|p2|Gyarados, F|\n|poke|p2|Cloyster, M|\n|poke|p2|Palkia|\n|poke|p2|Ogerpon-Wellspring, F|\n|poke|p2|Whiscash, M|\n|teampreview\n|inactive|Battle timer is ON: inactive players will automatically lose when time's up. (requested by massivesket)\n|\n|t:|1700186842\n|start\n|switch|p1a: Arcee|Cyclizar, F, shiny|100\/100\n|switch|p2a: Whiscash|Whiscash, M|100\/100\n|turn|1\n|\n|t:|1700186855\n|move|p1a: Arcee|Shed Tail|p1a: Arcee\n|-start|p1a: Arcee|Substitute|[from] move: Shed Tail\n|-damage|p1a: Arcee|50\/100\n|\n|t:|1700186857\n|switch|p1a: OniFans|Ogerpon-Hearthflame, F|100\/100|[from] Shed Tail\n|-ability|p1a: OniFans|Mold Breaker\n|move|p2a: Whiscash|Ice Beam|p1a: OniFans\n|-activate|p1a: OniFans|move: Substitute|[damage]\n|\n|upkeep\n|turn|2\n|\n|t:|1700186872\n|switch|p2a: Cloyster|Cloyster, M|100\/100\n|move|p1a: OniFans|Swords Dance|p1a: OniFans\n|-boost|p1a: OniFans|atk|2\n|\n|upkeep\n|turn|3\n|inactive|massivesket has 120 seconds left.\n|\n|t:|1700186907\n|move|p1a: OniFans|Horn Leech|p2a: Cloyster\n|-supereffective|p2a: Cloyster\n|-enditem|p2a: Cloyster|Focus Sash\n|-damage|p2a: Cloyster|1\/100\n|move|p2a: Cloyster|Icicle Spear|p1a: OniFans\n|-end|p1a: OniFans|Substitute\n|-damage|p1a: OniFans|88\/100\n|-damage|p1a: OniFans|74\/100\n|-damage|p1a: OniFans|61\/100\n|-damage|p1a: OniFans|47\/100\n|-hitcount|p1a: OniFans|5\n|\n|upkeep\n|turn|4\n|\n|t:|1700186925\n|move|p1a: OniFans|Horn Leech|p2a: Cloyster\n|-supereffective|p2a: Cloyster\n|-damage|p2a: Cloyster|0 fnt\n|-heal|p1a: OniFans|48\/100|[from] drain|[of] p2a: Cloyster\n|faint|p2a: Cloyster\n|\n|upkeep\n|\n|t:|1700186935\n|switch|p2a: Whiscash|Whiscash, M|100\/100\n|turn|5\n|\n|t:|1700186939\n|move|p1a: OniFans|Horn Leech|p2a: Whiscash\n|-supereffective|p2a: Whiscash\n|-damage|p2a: Whiscash|0 fnt\n|-heal|p1a: OniFans|100\/100|[from] drain|[of] p2a: Whiscash\n|faint|p2a: Whiscash\n|\n|upkeep\n|\n|t:|1700186946\n|switch|p2a: Kyogre|Kyogre|100\/100\n|-weather|RainDance|[from] ability: Drizzle|[of] p2a: Kyogre\n|turn|6\n|\n|t:|1700186952\n|move|p1a: OniFans|Horn Leech|p2a: Kyogre\n|-supereffective|p2a: Kyogre\n|-damage|p2a: Kyogre|0 fnt\n|faint|p2a: Kyogre\n|\n|-weather|RainDance|[upkeep]\n|upkeep\n|\n|t:|1700186960\n|switch|p2a: Gyarados|Gyarados, F|100\/100\n|-ability|p2a: Gyarados|Intimidate|boost\n|-unboost|p1a: OniFans|atk|1\n|turn|7\n|\n|t:|1700186967\n|move|p1a: OniFans|Horn Leech|p2a: Gyarados\n|-damage|p2a: Gyarados|25\/100\n|move|p2a: Gyarados|Hurricane|p1a: OniFans\n|-supereffective|p1a: OniFans\n|-damage|p1a: OniFans|30\/100\n|\n|-weather|RainDance|[upkeep]\n|-heal|p2a: Gyarados|31\/100|[from] item: Leftovers\n|upkeep\n|turn|8\n|\n|t:|1700186981\n|move|p1a: OniFans|Horn Leech|p2a: Gyarados\n|-crit|p2a: Gyarados\n|-damage|p2a: Gyarados|0 fnt\n|-heal|p1a: OniFans|48\/100|[from] drain|[of] p2a: Gyarados\n|faint|p2a: Gyarados\n|\n|-weather|RainDance|[upkeep]\n|upkeep\n|\n|t:|1700186990\n|switch|p2a: Ogerpon|Ogerpon-Wellspring, F|100\/100\n|turn|9\n|\n|t:|1700186997\n|move|p1a: OniFans|Horn Leech|p2a: Ogerpon\n|-crit|p2a: Ogerpon\n|-damage|p2a: Ogerpon|0 fnt\n|-heal|p1a: OniFans|100\/100|[from] drain|[of] p2a: Ogerpon\n|faint|p2a: Ogerpon\n|\n|-weather|RainDance|[upkeep]\n|upkeep\n|\n|t:|1700187005\n|switch|p2a: Palkia|Palkia|100\/100\n|-ability|p2a: Palkia|Pressure\n|turn|10\n|\n|t:|1700187010\n|move|p1a: OniFans|Horn Leech|p2a: Palkia\n|-crit|p2a: Palkia\n|-damage|p2a: Palkia|0 fnt\n|faint|p2a: Palkia\n|\n|win|massivesket\n|raw|massivesket's rating: 1117 &rarr; <strong>1140<\/strong><br \/>(+23 for winning)\n|raw|swanpermuk's rating: 1090 &rarr; <strong>1068<\/strong><br \/>(-22 for losing)\n|l|\u2606swanpermuk\n","uploadtime":1700187016,"views":7,"p1id":"massivesket","p2id":"swanpermuk","formatid":"gen9ubers","rating":1068,"private":0,"password":""}