{"id":"gen9ubers-1997777293","p1":"cashapp me pls","p2":"kimmmmmmm66","format":"[Gen 9] Ubers","log":"|j|\u2606cashapp me pls\n|j|\u2606kimmmmmmm66\n|t:|1700851551\n|gametype|singles\n|player|p1|cashapp me pls|1|1261\n|player|p2|kimmmmmmm66|2|1354\n|teamsize|p1|6\n|teamsize|p2|6\n|gen|9\n|tier|[Gen 9] Ubers\n|rated|\n|rule|Sleep Clause Mod: Limit one foe put to sleep\n|rule|Species Clause: Limit one of each Pok\u00e9mon\n|rule|OHKO Clause: OHKO moves are banned\n|rule|Evasion Items Clause: Evasion items are banned\n|rule|Evasion Moves Clause: Evasion moves are banned\n|rule|Endless Battle Clause: Forcing endless battles is banned\n|rule|HP Percentage Mod: HP is shown in percentages\n|clearpoke\n|poke|p1|Ursaluna-Bloodmoon, M|\n|poke|p1|Rabsca, M|\n|poke|p1|Cresselia, F|\n|poke|p1|Mimikyu, M|\n|poke|p1|Hatterene, F|\n|poke|p1|Calyrex-Ice|\n|poke|p2|Quaquaval, M|\n|poke|p2|Dragapult, M|\n|poke|p2|Espeon, M|\n|poke|p2|Glimmora, F|\n|poke|p2|Volcarona, M|\n|poke|p2|Kingambit, F|\n|teampreview\n|\n|t:|1700851559\n|start\n|switch|p1a: Ms Squidward|Hatterene, F, shiny|100\/100\n|switch|p2a: Glimmora|Glimmora, F|100\/100\n|turn|1\n|inactive|Battle timer is ON: inactive players will automatically lose when time's up. (requested by kimmmmmmm66)\n|\n|t:|1700851564\n|move|p2a: Glimmora|Mortal Spin|p1a: Ms Squidward\n|-supereffective|p1a: Ms Squidward\n|-damage|p1a: Ms Squidward|87\/100\n|-status|p1a: Ms Squidward|psn\n|move|p1a: Ms Squidward|Trick Room|p1a: Ms Squidward\n|-fieldstart|move: Trick Room|[of] p1a: Ms Squidward\n|\n|-damage|p1a: Ms Squidward|74\/100 psn|[from] psn\n|upkeep\n|turn|2\n|\n|t:|1700851571\n|switch|p2a: Kingambit|Kingambit, F|100\/100\n|move|p1a: Ms Squidward|Psyshock|p2a: Kingambit\n|-immune|p2a: Kingambit\n|\n|-damage|p1a: Ms Squidward|62\/100 psn|[from] psn\n|upkeep\n|turn|3\n|\n|t:|1700851578\n|move|p2a: Kingambit|Sucker Punch|p1a: Ms Squidward\n|-damage|p1a: Ms Squidward|18\/100 psn\n|move|p1a: Ms Squidward|Misty Explosion|p2a: Kingambit\n|-damage|p2a: Kingambit|40\/100\n|faint|p1a: Ms Squidward\n|\n|upkeep\n|\n|t:|1700851583\n|switch|p1a: Zombear\/ Bearwolf|Ursaluna-Bloodmoon, M|100\/100\n|turn|4\n|\n|t:|1700851593\n|-end|p2a: Kingambit|fallenundefined|[silent]\n|switch|p2a: Espeon|Espeon, M|100\/100\n|move|p1a: Zombear\/ Bearwolf|Earth Power|p2a: Espeon\n|-damage|p2a: Espeon|30\/100\n|\n|upkeep\n|turn|5\n|\n|t:|1700851600\n|switch|p2a: Quaquaval|Quaquaval, M|100\/100\n|move|p1a: Zombear\/ Bearwolf|Hyper Voice|p2a: Quaquaval\n|-damage|p2a: Quaquaval|28\/100\n|\n|-fieldend|move: Trick Room\n|upkeep\n|turn|6\n|\n|t:|1700851606\n|switch|p1a: Blanket of Death|Mimikyu, M, shiny|100\/100\n|move|p2a: Quaquaval|Aqua Step|p1a: Blanket of Death\n|-activate|p1a: Blanket of Death|ability: Disguise\n|-damage|p1a: Blanket of Death|100\/100\n|-boost|p2a: Quaquaval|spe|1\n|detailschange|p1a: Blanket of Death|Mimikyu-Busted, M, shiny\n|-damage|p1a: Blanket of Death|88\/100|[from] pokemon: Mimikyu-Busted\n|\n|upkeep\n|turn|7\n|\n|t:|1700851615\n|move|p2a: Quaquaval|Aqua Jet|p1a: Blanket of Death\n|-damage|p1a: Blanket of Death|59\/100\n|move|p1a: Blanket of Death|Trick Room|p1a: Blanket of Death\n|-fieldstart|move: Trick Room|[of] p1a: Blanket of Death\n|\n|upkeep\n|turn|8\n|\n|t:|1700851621\n|move|p1a: Blanket of Death|Curse|p2a: Quaquaval\n|-start|p2a: Quaquaval|Curse|[of] p1a: Blanket of Death\n|-damage|p1a: Blanket of Death|9\/100\n|move|p2a: Quaquaval|Aqua Step|p1a: Blanket of Death\n|-damage|p1a: Blanket of Death|0 fnt\n|-boost|p2a: Quaquaval|spe|1\n|faint|p1a: Blanket of Death\n|-ability|p2a: Quaquaval|Moxie|boost\n|-boost|p2a: Quaquaval|atk|1\n|\n|-damage|p2a: Quaquaval|3\/100|[from] Curse\n|upkeep\n|\n|t:|1700851636\n|switch|p1a: Zombear\/ Bearwolf|Ursaluna-Bloodmoon, M|100\/100\n|turn|9\n|\n|t:|1700851641\n|move|p2a: Quaquaval|Aqua Jet|p1a: Zombear\/ Bearwolf\n|-supereffective|p1a: Zombear\/ Bearwolf\n|-damage|p1a: Zombear\/ Bearwolf|48\/100\n|move|p1a: Zombear\/ Bearwolf|Earth Power|p2a: Quaquaval\n|-damage|p2a: Quaquaval|0 fnt\n|faint|p2a: Quaquaval\n|\n|upkeep\n|\n|t:|1700851660\n|switch|p2a: Volcarona|Volcarona, M|100\/100\n|turn|10\n|\n|t:|1700851682\n|-terastallize|p2a: Volcarona|Grass\n|move|p1a: Zombear\/ Bearwolf|Blood Moon|p2a: Volcarona\n|-damage|p2a: Volcarona|14\/100\n|move|p2a: Volcarona|Quiver Dance|p2a: Volcarona\n|-boost|p2a: Volcarona|spa|1\n|-boost|p2a: Volcarona|spd|1\n|-boost|p2a: Volcarona|spe|1\n|\n|upkeep\n|turn|11\n|\n|t:|1700851695\n|move|p1a: Zombear\/ Bearwolf|Hyper Voice|p2a: Volcarona\n|-damage|p2a: Volcarona|0 fnt\n|faint|p2a: Volcarona\n|\n|-fieldend|move: Trick Room\n|upkeep\n|\n|t:|1700851701\n|switch|p2a: Espeon|Espeon, M|30\/100\n|turn|12\n|\n|t:|1700851709\n|switch|p1a: Moon Knight|Cresselia, F, shiny|100\/100\n|move|p2a: Espeon|Psychic|p1a: Moon Knight\n|-resisted|p1a: Moon Knight\n|-damage|p1a: Moon Knight|86\/100\n|-unboost|p1a: Moon Knight|spd|1\n|\n|upkeep\n|turn|13\n|\n|t:|1700851717\n|move|p2a: Espeon|Light Screen|p2a: Espeon\n|-sidestart|p2: kimmmmmmm66|move: Light Screen\n|move|p1a: Moon Knight|Trick Room|p1a: Moon Knight\n|-fieldstart|move: Trick Room|[of] p1a: Moon Knight\n|\n|upkeep\n|turn|14\n|\n|t:|1700851731\n|move|p1a: Moon Knight|Psyshock|p2a: Espeon\n|-resisted|p2a: Espeon\n|-damage|p2a: Espeon|15\/100\n|move|p2a: Espeon|Reflect|p2a: Espeon\n|-sidestart|p2: kimmmmmmm66|Reflect\n|\n|upkeep\n|turn|15\n|inactive|cashapp me pls has 120 seconds left.\n|\n|t:|1700851769\n|switch|p1a: Sub-Zero|Calyrex-Ice|100\/100\n|-ability|p1a: Sub-Zero|As One\n|-ability|p1a: Sub-Zero|Unnerve\n|switch|p2a: Kingambit|Kingambit, F|40\/100\n|-activate|p2a: Kingambit|ability: Supreme Overlord\n|-start|p2a: Kingambit|fallen2|[silent]\n|\n|upkeep\n|turn|16\n|inactive|cashapp me pls has 120 seconds left.\n|\n|t:|1700851784\n|move|p1a: Sub-Zero|High Horsepower|p2a: Kingambit\n|-supereffective|p2a: Kingambit\n|-damage|p2a: Kingambit|11\/100\n|move|p2a: Kingambit|Kowtow Cleave|p1a: Sub-Zero\n|-supereffective|p1a: Sub-Zero\n|-damage|p1a: Sub-Zero|28\/100\n|\n|upkeep\n|turn|17\n|\n|t:|1700851809\n|switch|p1a: Moon Knight|Cresselia, F, shiny|86\/100\n|move|p2a: Kingambit|Sucker Punch||[still]\n|-fail|p2a: Kingambit\n|\n|-fieldend|move: Trick Room\n|upkeep\n|turn|18\n|\n|t:|1700851824\n|-terastallize|p1a: Moon Knight|Fairy\n|move|p2a: Kingambit|Kowtow Cleave|p1a: Moon Knight\n|-resisted|p1a: Moon Knight\n|-damage|p1a: Moon Knight|66\/100\n|move|p1a: Moon Knight|Trick Room|p1a: Moon Knight\n|-fieldstart|move: Trick Room|[of] p1a: Moon Knight\n|\n|upkeep\n|turn|19\n|\n|t:|1700851831\n|move|p2a: Kingambit|Iron Head|p1a: Moon Knight\n|-supereffective|p1a: Moon Knight\n|-damage|p1a: Moon Knight|0 fnt\n|faint|p1a: Moon Knight\n|\n|upkeep\n|\n|t:|1700851839\n|switch|p1a: Supermon|Rabsca, M, shiny|100\/100\n|turn|20\n|c|\u2606kimmmmmmm66|same speed?\n|\n|t:|1700851845\n|move|p1a: Supermon|Bug Buzz|p2a: Kingambit\n|-damage|p2a: Kingambit|0 fnt\n|faint|p2a: Kingambit\n|-end|p2a: Kingambit|fallen2|[silent]\n|\n|-sideend|p2: kimmmmmmm66|move: Light Screen\n|upkeep\n|\n|t:|1700851852\n|switch|p2a: Glimmora|Glimmora, F|100\/100\n|turn|21\n|\n|t:|1700851854\n|move|p1a: Supermon|Psyshock|p2a: Glimmora\n|-supereffective|p2a: Glimmora\n|-damage|p2a: Glimmora|32\/100\n|move|p2a: Glimmora|Power Gem|p1a: Supermon\n|-supereffective|p1a: Supermon\n|-damage|p1a: Supermon|38\/100\n|\n|-sideend|p2: kimmmmmmm66|Reflect\n|upkeep\n|turn|22\n|inactive|cashapp me pls has 120 seconds left.\n|\n|t:|1700851871\n|move|p1a: Supermon|Revival Blessing|p1a: Supermon\n|\n|t:|1700851873\n|-heal|p1: Moon Knight|50\/100|[from] move: Revival Blessing\n|move|p2a: Glimmora|Power Gem|p1a: Supermon\n|-supereffective|p1a: Supermon\n|-damage|p1a: Supermon|0 fnt\n|faint|p1a: Supermon\n|\n|-fieldend|move: Trick Room\n|upkeep\n|\n|t:|1700851874\n|switch|p1a: Moon Knight|Cresselia, F, shiny|50\/100\n|turn|23\n|\n|t:|1700851883\n|move|p2a: Glimmora|Mortal Spin|p1a: Moon Knight\n|-damage|p1a: Moon Knight|46\/100\n|-status|p1a: Moon Knight|psn\n|move|p1a: Moon Knight|Trick Room|p1a: Moon Knight\n|-fieldstart|move: Trick Room|[of] p1a: Moon Knight\n|\n|-damage|p1a: Moon Knight|34\/100 psn|[from] psn\n|upkeep\n|turn|24\n|\n|t:|1700851890\n|move|p1a: Moon Knight|Lunar Dance|p1a: Moon Knight\n|faint|p1a: Moon Knight\n|move|p2a: Glimmora|Power Gem|p1: Moon Knight|[notarget]\n|-fail|p2a: Glimmora\n|\n|upkeep\n|\n|t:|1700851912\n|switch|p1a: Zombear\/ Bearwolf|Ursaluna-Bloodmoon, M|48\/100\n|-heal|p1a: Zombear\/ Bearwolf|100\/100|[from] move: Lunar Dance\n|turn|25\n|\n|t:|1700851918\n|move|p1a: Zombear\/ Bearwolf|Earth Power|p2a: Glimmora\n|-supereffective|p2a: Glimmora\n|-damage|p2a: Glimmora|0 fnt\n|faint|p2a: Glimmora\n|\n|upkeep\n|\n|t:|1700851927\n|switch|p2a: Espeon|Espeon, M|15\/100\n|turn|26\n|\n|t:|1700851931\n|move|p1a: Zombear\/ Bearwolf|Earth Power|p2a: Espeon\n|-damage|p2a: Espeon|0 fnt\n|faint|p2a: Espeon\n|\n|upkeep\n|\n|t:|1700851935\n|switch|p2a: Dragapult|Dragapult, M|100\/100\n|turn|27\n|\n|t:|1700851938\n|move|p1a: Zombear\/ Bearwolf|Blood Moon|p2a: Dragapult\n|-damage|p2a: Dragapult|0 fnt\n|faint|p2a: Dragapult\n|\n|win|cashapp me pls\n|raw|cashapp me pls's rating: 1261 &rarr; <strong>1293<\/strong><br \/>(+32 for winning)\n|raw|kimmmmmmm66's rating: 1354 &rarr; <strong>1329<\/strong><br \/>(-25 for losing)\n|l|\u2606kimmmmmmm66\n|l|\u2606cashapp me pls\n","uploadtime":1700851952,"views":2,"p1id":"cashappmepls","p2id":"kimmmmmmm66","formatid":"gen9ubers","rating":1293,"private":0,"password":""}