{"id":"gen9ubers-1986481685","p1":"OceanicGamer3","p2":"Leo Justice","format":"[Gen 9] Ubers","log":"|j|\u2606OceanicGamer3\n|j|\u2606Leo Justice\n|t:|1699483479\n|gametype|singles\n|player|p1|OceanicGamer3|bugcatcher-gen4dp|\n|player|p2|Leo Justice|carmine|\n|teamsize|p1|6\n|teamsize|p2|6\n|gen|9\n|tier|[Gen 9] Ubers\n|rule|Sleep Clause Mod: Limit one foe put to sleep\n|rule|Species Clause: Limit one of each Pok\u00e9mon\n|rule|OHKO Clause: OHKO moves are banned\n|rule|Evasion Items Clause: Evasion items are banned\n|rule|Evasion Moves Clause: Evasion moves are banned\n|rule|Endless Battle Clause: Forcing endless battles is banned\n|rule|HP Percentage Mod: HP is shown in percentages\n|clearpoke\n|poke|p1|Moltres|\n|poke|p1|Iron Valiant|\n|poke|p1|Dialga|\n|poke|p1|Cyclizar, M|\n|poke|p1|Clefable, F|\n|poke|p1|Sneasler, M|\n|poke|p2|Roaring Moon|\n|poke|p2|Magearna|\n|poke|p2|Shaymin-Sky|\n|poke|p2|Arceus-Ghost|\n|poke|p2|Dialga|\n|poke|p2|Palkia-Origin|\n|teampreview\n|c|\u2606Leo Justice|good luck\n|l|\u2606OceanicGamer3\n|player|p1|\n|j|\u2606OceanicGamer3\n|player|p1|OceanicGamer3|bugcatcher-gen4dp\n|c|\u2606OceanicGamer3|U2\n|c|\u2606OceanicGamer3|I made this team as my first balance team\n|c|\u2606OceanicGamer3|So it sucks lmao\n|\n|t:|1699483519\n|start\n|switch|p1a: Hisiuan Weavile|Sneasler, M|100\/100\n|switch|p2a: Magearna|Magearna|100\/100\n|turn|1\n|inactive|Battle timer is ON: inactive players will automatically lose when time's up. (requested by OceanicGamer3)\n|\n|t:|1699483533\n|move|p1a: Hisiuan Weavile|Switcheroo|p2a: Magearna\n|-activate|p1a: Hisiuan Weavile|move: Trick|[of] p2a: Magearna\n|-item|p2a: Magearna|Choice Scarf|[from] move: Switcheroo\n|-item|p1a: Hisiuan Weavile|Leftovers|[from] move: Switcheroo\n|move|p2a: Magearna|Thunder Wave|p1a: Hisiuan Weavile\n|-status|p1a: Hisiuan Weavile|par\n|\n|upkeep\n|turn|2\n|j| the tr4sh man\n|\n|t:|1699483551\n|move|p2a: Magearna|Thunder Wave|p1a: Hisiuan Weavile\n|-fail|p1a: Hisiuan Weavile|par\n|move|p1a: Hisiuan Weavile|U-turn|p2a: Magearna\n|-resisted|p2a: Magearna\n|-damage|p2a: Magearna|97\/100\n|\n|t:|1699483558\n|switch|p1a: average HO|Cyclizar, M|100\/100|[from] U-turn\n|\n|upkeep\n|turn|3\n|\n|t:|1699483562\n|switch|p2a: Dialga|Dialga|100\/100\n|-ability|p2a: Dialga|Pressure\n|move|p1a: average HO|Shed Tail|p1a: average HO\n|-start|p1a: average HO|Substitute|[from] move: Shed Tail\n|-damage|p1a: average HO|50\/100\n|\n|t:|1699483570\n|switch|p1a: Hisiuan Weavile|Sneasler, M|100\/100 par|[from] Shed Tail\n|\n|upkeep\n|turn|4\n|\n|t:|1699483583\n|switch|p2a: Magearna|Magearna|97\/100\n|move|p1a: Hisiuan Weavile|Close Combat|p2a: Magearna\n|-damage|p2a: Magearna|53\/100\n|-unboost|p1a: Hisiuan Weavile|def|1\n|-unboost|p1a: Hisiuan Weavile|spd|1\n|\n|upkeep\n|turn|5\n|\n|t:|1699483590\n|move|p2a: Magearna|Volt Switch|p1a: Hisiuan Weavile\n|-end|p1a: Hisiuan Weavile|Substitute\n|\n|t:|1699483594\n|switch|p2a: Arceus|Arceus-Ghost|100\/100|[from] Volt Switch\n|move|p1a: Hisiuan Weavile|Close Combat|p2a: Arceus\n|-immune|p2a: Arceus\n|\n|upkeep\n|turn|6\n|\n|t:|1699483607\n|move|p2a: Arceus|Swords Dance|p2a: Arceus\n|-boost|p2a: Arceus|atk|2\n|move|p1a: Hisiuan Weavile|Dire Claw|p2a: Arceus\n|-resisted|p2a: Arceus\n|-damage|p2a: Arceus|84\/100\n|-status|p2a: Arceus|slp\n|\n|upkeep\n|turn|7\n|c|\u2606OceanicGamer3|I hate ekiller noooo\n|\n|t:|1699483615\n|switch|p1a: average HO|Cyclizar, M|84\/100\n|cant|p2a: Arceus|slp\n|\n|upkeep\n|turn|8\n|\n|t:|1699483621\n|-curestatus|p2a: Arceus|slp|[msg]\n|move|p2a: Arceus|Extreme Speed|p1a: average HO\n|-damage|p1a: average HO|4\/100\n|move|p1a: average HO|Shed Tail|p1a: average HO\n|-fail|p1a: average HO|move: Shed Tail|[weak]\n|\n|upkeep\n|turn|9\n|\n|t:|1699483630\n|move|p2a: Arceus|Extreme Speed|p1a: average HO\n|-damage|p1a: average HO|0 fnt\n|faint|p1a: average HO\n|\n|upkeep\n|\n|t:|1699483635\n|switch|p1a: I\u2019m a bird|Moltres|100\/100\n|turn|10\n|\n|t:|1699483640\n|switch|p2a: Roaring Moon|Roaring Moon|100\/100\n|-enditem|p2a: Roaring Moon|Booster Energy\n|-activate|p2a: Roaring Moon|ability: Protosynthesis|[fromitem]\n|-start|p2a: Roaring Moon|protosynthesisatk\n|move|p1a: I\u2019m a bird|Will-O-Wisp|p2a: Roaring Moon\n|-status|p2a: Roaring Moon|brn\n|\n|-damage|p2a: Roaring Moon|95\/100 brn|[from] brn\n|upkeep\n|turn|11\n|\n|t:|1699483649\n|move|p2a: Roaring Moon|Knock Off|p1a: I\u2019m a bird\n|-damage|p1a: I\u2019m a bird|66\/100\n|-enditem|p1a: I\u2019m a bird|Heavy-Duty Boots|[from] move: Knock Off|[of] p2a: Roaring Moon\n|move|p1a: I\u2019m a bird|U-turn|p2a: Roaring Moon\n|-supereffective|p2a: Roaring Moon\n|-damage|p2a: Roaring Moon|54\/100 brn\n|\n|t:|1699483657\n|switch|p1a: Hisiuan Weavile|Sneasler, M|100\/100 par|[from] U-turn\n|\n|-damage|p2a: Roaring Moon|48\/100 brn|[from] brn\n|upkeep\n|turn|12\n|\n|t:|1699483672\n|move|p2a: Roaring Moon|Acrobatics|p1a: Hisiuan Weavile\n|-supereffective|p1a: Hisiuan Weavile\n|-damage|p1a: Hisiuan Weavile|2\/100 par\n|move|p1a: Hisiuan Weavile|U-turn|p2a: Roaring Moon\n|-supereffective|p2a: Roaring Moon\n|-damage|p2a: Roaring Moon|0 fnt\n|faint|p2a: Roaring Moon\n|-end|p2a: Roaring Moon|Protosynthesis|[silent]\n|\n|t:|1699483681\n|switch|p1a: I\u2019m a bird|Moltres|66\/100|[from] U-turn\n|\n|upkeep\n|\n|t:|1699483686\n|switch|p2a: Dialga|Dialga|100\/100\n|-ability|p2a: Dialga|Pressure\n|turn|13\n|\n|t:|1699483693\n|move|p2a: Dialga|Stealth Rock|p1a: I\u2019m a bird\n|-sidestart|p1: OceanicGamer3|move: Stealth Rock\n|move|p1a: I\u2019m a bird|U-turn|p2a: Dialga\n|-resisted|p2a: Dialga\n|-damage|p2a: Dialga|96\/100\n|\n|t:|1699483699\n|switch|p1a: Hisiuan Weavile|Sneasler, M|2\/100 par|[from] U-turn\n|-damage|p1a: Hisiuan Weavile|0 fnt|[from] Stealth Rock\n|faint|p1a: Hisiuan Weavile\n|\n|-heal|p2a: Dialga|100\/100|[from] item: Leftovers\n|upkeep\n|\n|t:|1699483701\n|switch|p1a: Treble Clef|Clefable, F|100\/100\n|-damage|p1a: Treble Clef|88\/100|[from] Stealth Rock\n|turn|14\n|\n|t:|1699483709\n|move|p2a: Dialga|Flash Cannon|p1a: Treble Clef\n|-supereffective|p1a: Treble Clef\n|-damage|p1a: Treble Clef|20\/100\n|-unboost|p1a: Treble Clef|spd|1\n|move|p1a: Treble Clef|Wish|p1a: Treble Clef\n|\n|-heal|p1a: Treble Clef|26\/100|[from] item: Leftovers\n|upkeep\n|turn|15\n|\n|t:|1699483714\n|move|p1a: Treble Clef|Protect|p1a: Treble Clef\n|-singleturn|p1a: Treble Clef|Protect\n|move|p2a: Dialga|Roar|p1a: Treble Clef\n|drag|p1a: guess my set|Iron Valiant, shiny|100\/100\n|-damage|p1a: guess my set|94\/100|[from] Stealth Rock\n|-enditem|p1a: guess my set|Booster Energy\n|-activate|p1a: guess my set|ability: Quark Drive|[fromitem]\n|-start|p1a: guess my set|quarkdrivespe\n|\n|-heal|p1a: guess my set|100\/100|[from] move: Wish|[wisher] Treble Clef\n|upkeep\n|turn|16\n|\n|t:|1699483723\n|-terastallize|p2a: Dialga|Fairy\n|move|p1a: guess my set|Aura Sphere|p2a: Dialga\n|-resisted|p2a: Dialga\n|-damage|p2a: Dialga|88\/100\n|move|p2a: Dialga|Flash Cannon|p1a: guess my set\n|-supereffective|p1a: guess my set\n|-damage|p1a: guess my set|0 fnt\n|faint|p1a: guess my set\n|-end|p1a: guess my set|Quark Drive|[silent]\n|\n|-heal|p2a: Dialga|95\/100|[from] item: Leftovers\n|upkeep\n|\n|t:|1699483729\n|switch|p1a: Treble Clef|Clefable, F|26\/100\n|-damage|p1a: Treble Clef|13\/100|[from] Stealth Rock\n|turn|17\n|\n|t:|1699483736\n|move|p2a: Dialga|Flash Cannon|p1a: Treble Clef\n|-supereffective|p1a: Treble Clef\n|-damage|p1a: Treble Clef|0 fnt\n|faint|p1a: Treble Clef\n|\n|-heal|p2a: Dialga|100\/100|[from] item: Leftovers\n|upkeep\n|\n|t:|1699483738\n|switch|p1a: underrated|Dialga, shiny|100\/100\n|-damage|p1a: underrated|94\/100|[from] Stealth Rock\n|-ability|p1a: underrated|Pressure\n|turn|18\n|\n|t:|1699483749\n|switch|p2a: Palkia|Palkia-Origin|100\/100\n|-ability|p2a: Palkia|Pressure\n|move|p1a: underrated|Thunder Wave|p2a: Palkia\n|-status|p2a: Palkia|par\n|\n|-heal|p1a: underrated|100\/100|[from] item: Leftovers\n|upkeep\n|turn|19\n|c|\u2606OceanicGamer3|Can i have a rematch after\n|\n|t:|1699483759\n|move|p1a: underrated|Stealth Rock|p2a: Palkia\n|-sidestart|p2: Leo Justice|move: Stealth Rock\n|move|p2a: Palkia|Substitute|p2a: Palkia\n|-start|p2a: Palkia|Substitute\n|-damage|p2a: Palkia|76\/100 par\n|\n|upkeep\n|turn|20\n|\n|t:|1699483764\n|move|p2a: Palkia|Earth Power|p1a: underrated\n|-supereffective|p1a: underrated\n|-damage|p1a: underrated|40\/100\n|-unboost|p1a: underrated|spd|1\n|move|p1a: underrated|Roar|p2a: Palkia\n|drag|p2a: Magearna|Magearna|53\/100\n|-damage|p2a: Magearna|47\/100|[from] Stealth Rock\n|\n|-heal|p1a: underrated|46\/100|[from] item: Leftovers\n|upkeep\n|turn|21\n|\n|t:|1699483773\n|move|p2a: Magearna|Fleur Cannon|p1a: underrated\n|-damage|p1a: underrated|0 fnt\n|-unboost|p2a: Magearna|spa|2\n|faint|p1a: underrated\n|-ability|p2a: Magearna|Soul-Heart|boost\n|-boost|p2a: Magearna|spa|1\n|\n|upkeep\n|\n|t:|1699483776\n|switch|p1a: I\u2019m a bird|Moltres|66\/100\n|-damage|p1a: I\u2019m a bird|16\/100|[from] Stealth Rock\n|turn|22\n|\n|t:|1699483783\n|switch|p2a: Shaymin|Shaymin-Sky|100\/100\n|-terastallize|p1a: I\u2019m a bird|Ground\n|move|p1a: I\u2019m a bird|Roost|p1a: I\u2019m a bird\n|-heal|p1a: I\u2019m a bird|66\/100\n|\n|upkeep\n|turn|23\n|\n|t:|1699483790\n|move|p2a: Shaymin|Seed Flare|p1a: I\u2019m a bird\n|-supereffective|p1a: I\u2019m a bird\n|-damage|p1a: I\u2019m a bird|0 fnt\n|faint|p1a: I\u2019m a bird\n|\n|win|Leo Justice\n|c|\u2606Leo Justice|gg\n|c|\u2606OceanicGamer3|Gh\n|c|\u2606OceanicGamer3|Rematch?\n|c|\u2606Leo Justice|sure\n|l|\u2606OceanicGamer3\n","uploadtime":1699483842,"views":5,"p1id":"oceanicgamer3","p2id":"leojustice","formatid":"gen9ubers","rating":0,"private":0,"password":""}