{"id":"gen9ubers-1973445168","p1":"Spectra Sovereign","p2":"italo1993","format":"[Gen 9] Ubers","log":"|j|\u2606Spectra Sovereign\n|j|\u2606italo1993\n|t:|1697976725\n|gametype|singles\n|player|p1|Spectra Sovereign|shadowtriad|1136\n|player|p2|italo1993|dragontamer|1146\n|teamsize|p1|6\n|teamsize|p2|6\n|gen|9\n|tier|[Gen 9] Ubers\n|rated|\n|rule|Sleep Clause Mod: Limit one foe put to sleep\n|rule|Species Clause: Limit one of each Pok\u00e9mon\n|rule|OHKO Clause: OHKO moves are banned\n|rule|Evasion Items Clause: Evasion items are banned\n|rule|Evasion Moves Clause: Evasion moves are banned\n|rule|Endless Battle Clause: Forcing endless battles is banned\n|rule|HP Percentage Mod: HP is shown in percentages\n|clearpoke\n|poke|p1|Mimikyu, F|\n|poke|p1|Corviknight, M|\n|poke|p1|Dondozo, M|\n|poke|p1|Dragapult, F|\n|poke|p1|Koraidon|\n|poke|p1|Gholdengo|\n|poke|p2|Ogerpon-Hearthflame, F|\n|poke|p2|Arceus-Ghost|\n|poke|p2|Chien-Pao|\n|poke|p2|Flutter Mane|\n|poke|p2|Iron Bundle|\n|poke|p2|Miraidon|\n|teampreview\n|\n|t:|1697976735\n|start\n|switch|p1a: Mimikyu|Mimikyu, F, shiny|100\/100\n|switch|p2a: Ogerpon|Ogerpon-Hearthflame, F|100\/100\n|-ability|p2a: Ogerpon|Mold Breaker\n|turn|1\n|\n|t:|1697976750\n|move|p2a: Ogerpon|Ivy Cudgel|p1a: Mimikyu\n|-damage|p1a: Mimikyu|0 fnt\n|faint|p1a: Mimikyu\n|\n|upkeep\n|c|\u2606Spectra Sovereign|Lmao\n|\n|t:|1697976790\n|switch|p1a: Koraidon|Koraidon|100\/100\n|-weather|SunnyDay|[from] ability: Orichalcum Pulse|[of] p1a: Koraidon\n|-activate|p1a: Koraidon|Orichalcum Pulse|[source]\n|turn|2\n|\n|t:|1697976806\n|move|p1a: Koraidon|Scale Shot|p2a: Ogerpon\n|-damage|p2a: Ogerpon|79\/100\n|-damage|p2a: Ogerpon|53\/100\n|-damage|p2a: Ogerpon|31\/100\n|-damage|p2a: Ogerpon|6\/100\n|-damage|p2a: Ogerpon|0 fnt\n|faint|p2a: Ogerpon\n|-hitcount|p2: Ogerpon|5\n|-unboost|p1a: Koraidon|def|1\n|-boost|p1a: Koraidon|spe|1\n|\n|-weather|SunnyDay|[upkeep]\n|upkeep\n|\n|t:|1697976819\n|switch|p2a: Iron Bundle|Iron Bundle, shiny|100\/100\n|-enditem|p2a: Iron Bundle|Booster Energy\n|-activate|p2a: Iron Bundle|ability: Quark Drive|[fromitem]\n|-start|p2a: Iron Bundle|quarkdrivespe\n|turn|3\n|\n|t:|1697976844\n|-terastallize|p1a: Koraidon|Steel\n|move|p2a: Iron Bundle|Ice Beam|p1a: Koraidon\n|-resisted|p1a: Koraidon\n|-damage|p1a: Koraidon|79\/100\n|move|p1a: Koraidon|Drain Punch|p2a: Iron Bundle\n|-supereffective|p2a: Iron Bundle\n|-damage|p2a: Iron Bundle|0 fnt\n|-heal|p1a: Koraidon|100\/100|[from] drain|[of] p2a: Iron Bundle\n|faint|p2a: Iron Bundle\n|-end|p2a: Iron Bundle|Quark Drive|[silent]\n|\n|-weather|SunnyDay|[upkeep]\n|upkeep\n|\n|t:|1697976860\n|switch|p2a: Flutter Mane|Flutter Mane, shiny|100\/100\n|-activate|p2a: Flutter Mane|ability: Protosynthesis\n|-start|p2a: Flutter Mane|protosynthesisspe\n|turn|4\n|\n|t:|1697976872\n|move|p2a: Flutter Mane|Moonblast|p1a: Koraidon\n|-resisted|p1a: Koraidon\n|-damage|p1a: Koraidon|77\/100\n|move|p1a: Koraidon|Iron Head|p2a: Flutter Mane\n|-supereffective|p2a: Flutter Mane\n|-damage|p2a: Flutter Mane|0 fnt\n|faint|p2a: Flutter Mane\n|-end|p2a: Flutter Mane|Protosynthesis|[silent]\n|-heal|p1a: Koraidon|86\/100|[from] item: Shell Bell|[of] p2: Flutter Mane\n|\n|-weather|SunnyDay|[upkeep]\n|upkeep\n|\n|t:|1697976883\n|switch|p2a: Chien-Pao|Chien-Pao|100\/100\n|-ability|p2a: Chien-Pao|Sword of Ruin\n|turn|5\n|\n|t:|1697976892\n|move|p2a: Chien-Pao|Sucker Punch|p1a: Koraidon\n|-damage|p1a: Koraidon|24\/100\n|move|p1a: Koraidon|Drain Punch|p2a: Chien-Pao\n|-supereffective|p2a: Chien-Pao\n|-damage|p2a: Chien-Pao|0 fnt\n|-heal|p1a: Koraidon|69\/100|[from] drain|[of] p2a: Chien-Pao\n|faint|p2a: Chien-Pao\n|-heal|p1a: Koraidon|79\/100|[from] item: Shell Bell|[of] p2: Chien-Pao\n|\n|-weather|SunnyDay|[upkeep]\n|upkeep\n|\n|t:|1697976905\n|switch|p2a: Miraidon|Miraidon|100\/100\n|-fieldstart|move: Electric Terrain|[from] ability: Hadron Engine|[of] p2a: Miraidon\n|turn|6\n|\n|t:|1697976912\n|-terastallize|p2a: Miraidon|Electric\n|move|p1a: Koraidon|Scale Shot|p2a: Miraidon\n|-crit|p2a: Miraidon\n|-damage|p2a: Miraidon|74\/100\n|-damage|p2a: Miraidon|57\/100\n|-crit|p2a: Miraidon\n|-damage|p2a: Miraidon|30\/100\n|-damage|p2a: Miraidon|13\/100\n|-hitcount|p2a: Miraidon|4\n|-unboost|p1a: Koraidon|def|1\n|-boost|p1a: Koraidon|spe|1\n|-heal|p1a: Koraidon|90\/100|[from] item: Shell Bell|[of] p2a: Miraidon\n|move|p2a: Miraidon|Electro Drift|p1a: Koraidon\n|-damage|p1a: Koraidon|0 fnt\n|faint|p1a: Koraidon\n|\n|-weather|none\n|upkeep\n|\n|t:|1697976933\n|switch|p1a: Dragapult|Dragapult, F, shiny|100\/100\n|turn|7\n|\n|t:|1697976948\n|move|p1a: Dragapult|Phantom Force||[still]\n|-prepare|p1a: Dragapult|Phantom Force\n|move|p2a: Miraidon|Electro Drift|p1a: Dragapult|[miss]\n|-miss|p2a: Miraidon|p1a: Dragapult\n|\n|upkeep\n|turn|8\n|\n|t:|1697976960\n|move|p1a: Dragapult|Phantom Force|p2a: Miraidon|[from]lockedmove\n|-damage|p2a: Miraidon|0 fnt\n|faint|p2a: Miraidon\n|\n|upkeep\n|\n|t:|1697976966\n|switch|p2a: Arceus|Arceus-Ghost|100\/100\n|turn|9\n|\n|t:|1697976972\n|move|p1a: Dragapult|Phantom Force||[still]\n|-prepare|p1a: Dragapult|Phantom Force\n|move|p2a: Arceus|Swords Dance|p2a: Arceus\n|-boost|p2a: Arceus|atk|2\n|\n|upkeep\n|turn|10\n|\n|t:|1697976984\n|move|p1a: Dragapult|Phantom Force|p2a: Arceus|[from]lockedmove\n|-supereffective|p2a: Arceus\n|-damage|p2a: Arceus|22\/100\n|move|p2a: Arceus|Outrage|p1a: Dragapult\n|-supereffective|p1a: Dragapult\n|-damage|p1a: Dragapult|0 fnt\n|faint|p1a: Dragapult\n|\n|-fieldend|move: Electric Terrain\n|upkeep\n|\n|t:|1697977001\n|switch|p1a: Corviknight|Corviknight, M, shiny|100\/100\n|turn|11\n|\n|t:|1697977010\n|move|p2a: Arceus|Outrage|p1a: Corviknight|[from]lockedmove\n|-resisted|p1a: Corviknight\n|-damage|p1a: Corviknight|67\/100\n|-start|p2a: Arceus|confusion|[fatigue]\n|move|p1a: Corviknight|Iron Head|p2a: Arceus\n|-damage|p2a: Arceus|3\/100\n|-heal|p1a: Corviknight|70\/100|[from] item: Shell Bell|[of] p2a: Arceus\n|\n|upkeep\n|turn|12\n|\n|t:|1697977024\n|-activate|p2a: Arceus|confusion\n|-damage|p2a: Arceus|0 fnt|[from] confusion\n|faint|p2a: Arceus\n|\n|win|Spectra Sovereign\n|raw|Spectra Sovereign's rating: 1136 &rarr; <strong>1162<\/strong><br \/>(+26 for winning)\n|raw|italo1993's rating: 1146 &rarr; <strong>1120<\/strong><br \/>(-26 for losing)\n|l|\u2606italo1993\n","uploadtime":1697977039,"views":14,"p1id":"spectrasovereign","p2id":"italo1993","formatid":"gen9ubers","rating":1120,"private":0,"password":""}