{"id":"gen9ubers-1998357309","p1":"sweepy boi","p2":"N-Zoroark stan","format":"[Gen 9] Ubers","log":"|j|\u2606sweepy boi\n|j|\u2606N-Zoroark stan\n|t:|1700933310\n|gametype|singles\n|player|p1|sweepy boi|skyla|\n|player|p2|N-Zoroark stan|riley|\n|teamsize|p1|6\n|teamsize|p2|6\n|gen|9\n|tier|[Gen 9] Ubers\n|rule|Sleep Clause Mod: Limit one foe put to sleep\n|rule|Species Clause: Limit one of each Pok\u00e9mon\n|rule|OHKO Clause: OHKO moves are banned\n|rule|Evasion Items Clause: Evasion items are banned\n|rule|Evasion Moves Clause: Evasion moves are banned\n|rule|Endless Battle Clause: Forcing endless battles is banned\n|rule|HP Percentage Mod: HP is shown in percentages\n|clearpoke\n|poke|p1|Illumise, F|\n|poke|p1|Clefable, M|\n|poke|p1|Gliscor, F|\n|poke|p1|Toxapex, M|\n|poke|p1|Magnezone|\n|poke|p1|Zoroark-Hisui, F|\n|poke|p2|Zoroark-Hisui, M|\n|poke|p2|Toedscruel, F|\n|poke|p2|Blissey, F|\n|poke|p2|Palafin, M|\n|poke|p2|Slowking-Galar, F|\n|poke|p2|Infernape, M|\n|teampreview\n|inactive|Battle timer is ON: inactive players will automatically lose when time's up. (requested by N-Zoroark stan)\n|c|\u2606N-Zoroark stan|glhf\n|c|\u2606N-Zoroark stan|damn I haven't been playing in a long time wtf has the meta become\n|inactive|sweepy boi has 270 seconds left.\n|inactive|N-Zoroark stan has 270 seconds left.\n|c|\u2606N-Zoroark stan|fucking illumise\n|\n|t:|1700933358\n|start\n|switch|p1a: Gliscor|Gliscor, F|100\/100\n|switch|p2a: Palafin|Palafin, M|100\/100\n|turn|1\n|\n|t:|1700933369\n|move|p1a: Gliscor|Protect|p1a: Gliscor\n|-singleturn|p1a: Gliscor|Protect\n|move|p2a: Palafin|Trick|p1a: Gliscor\n|-activate|p1a: Gliscor|move: Protect\n|\n|-status|p1a: Gliscor|tox|[from] item: Toxic Orb\n|upkeep\n|turn|2\n|\n|t:|1700933387\n|switch|p2a: Slowking|Slowking-Galar, F|100\/100\n|move|p1a: Gliscor|Toxic|p2a: Slowking\n|-immune|p2a: Slowking\n|\n|upkeep\n|turn|3\n|\n|t:|1700933396\n|move|p1a: Gliscor|Taunt|p2a: Slowking\n|-start|p2a: Slowking|move: Taunt\n|cant|p2a: Slowking|move: Taunt|Chilly Reception\n|\n|upkeep\n|turn|4\n|\n|t:|1700933403\n|switch|p2a: Blissey|Blissey, F|100\/100\n|move|p1a: Gliscor|Spikes|p2a: Blissey\n|-sidestart|p2: N-Zoroark stan|Spikes\n|\n|upkeep\n|turn|5\n|\n|t:|1700933423\n|switch|p2a: Toedscruel|Toedscruel, F|100\/100\n|move|p1a: Gliscor|Taunt|p2a: Toedscruel\n|-start|p2a: Toedscruel|move: Taunt\n|\n|upkeep\n|turn|6\n|\n|t:|1700933431\n|move|p2a: Toedscruel|Rapid Spin|p1a: Gliscor\n|-damage|p1a: Gliscor|95\/100 tox\n|-boost|p2a: Toedscruel|spe|1\n|-sideend|p2: N-Zoroark stan|Spikes|[from] move: Rapid Spin|[of] p2a: Toedscruel\n|move|p1a: Gliscor|Toxic|p2a: Toedscruel\n|-status|p2a: Toedscruel|tox\n|\n|-damage|p2a: Toedscruel|94\/100 tox|[from] psn\n|-heal|p1a: Gliscor|100\/100 tox|[from] ability: Poison Heal\n|upkeep\n|turn|7\n|\n|t:|1700933443\n|switch|p2a: Palafin|Palafin, M|100\/100\n|move|p1a: Gliscor|Spikes|p2a: Palafin\n|-sidestart|p2: N-Zoroark stan|Spikes\n|\n|upkeep\n|turn|8\n|\n|t:|1700933452\n|detailschange|p2a: Palafin|Palafin-Hero, M\n|switch|p2a: Slowking|Slowking-Galar, F|100\/100\n|move|p1a: Gliscor|Protect||[still]\n|-fail|p1a: Gliscor\n|\n|upkeep\n|turn|9\n|\n|t:|1700933464\n|switch|p2a: Palafin|Palafin-Hero, M|100\/100\n|-damage|p2a: Palafin|88\/100|[from] Spikes\n|-activate|p2a: Palafin|ability: Zero to Hero\n|move|p1a: Gliscor|Taunt|p2a: Palafin\n|-start|p2a: Palafin|move: Taunt\n|\n|upkeep\n|turn|10\n|\n|t:|1700933474\n|switch|p1a: Toxapex|Toxapex, M|100\/100\n|move|p2a: Palafin|Surf|p1a: Toxapex\n|-resisted|p1a: Toxapex\n|-damage|p1a: Toxapex|81\/100\n|\n|-heal|p1a: Toxapex|87\/100|[from] item: Leftovers\n|upkeep\n|turn|11\n|\n|t:|1700933484\n|switch|p2a: Blissey|Blissey, F|100\/100\n|move|p1a: Toxapex|Infestation|p2a: Blissey\n|-damage|p2a: Blissey|99\/100\n|-activate|p2a: Blissey|move: Infestation|[of] p1a: Toxapex\n|\n|-heal|p1a: Toxapex|94\/100|[from] item: Leftovers\n|-damage|p2a: Blissey|87\/100|[from] move: Infestation|[partiallytrapped]\n|upkeep\n|turn|12\n|\n|t:|1700933499\n|switch|p1a: Gliscor|Gliscor, F|100\/100 tox\n|move|p2a: Blissey|Heal Bell|p2a: Blissey\n|-activate|p2a: Blissey|move: Heal Bell\n|-curestatus|p2: Toedscruel|tox|[msg]\n|\n|-end|p2a: Blissey|Infestation|[partiallytrapped]|[silent]\n|upkeep\n|turn|13\n|\n|t:|1700933512\n|move|p1a: Gliscor|Taunt|p2a: Blissey\n|-start|p2a: Blissey|move: Taunt\n|cant|p2a: Blissey|move: Taunt|Stealth Rock\n|\n|upkeep\n|turn|14\n|\n|t:|1700933519\n|switch|p2a: Slowking|Slowking-Galar, F|100\/100\n|move|p1a: Gliscor|Spikes|p2a: Slowking\n|-sidestart|p2: N-Zoroark stan|Spikes\n|\n|upkeep\n|turn|15\n|\n|t:|1700933523\n|switch|p2a: Palafin|Palafin-Hero, M|88\/100\n|-damage|p2a: Palafin|72\/100|[from] Spikes\n|move|p1a: Gliscor|Spikes|p2a: Palafin\n|-sidestart|p2: N-Zoroark stan|Spikes\n|\n|upkeep\n|turn|16\n|\n|t:|1700933527\n|switch|p1a: Toxapex|Toxapex, M|100\/100\n|-terastallize|p2a: Palafin|Normal\n|move|p2a: Palafin|Boomburst|p1a: Toxapex\n|-damage|p1a: Toxapex|44\/100\n|\n|-heal|p1a: Toxapex|50\/100|[from] item: Leftovers\n|upkeep\n|turn|17\n|\n|t:|1700933539\n|switch|p2a: Toedscruel|Toedscruel, F|94\/100\n|switch|p1a: Clefable|Clefable, M|100\/100\n|\n|upkeep\n|turn|18\n|\n|t:|1700933544\n|move|p1a: Clefable|U-turn|p2a: Toedscruel\n|-supereffective|p2a: Toedscruel\n|-damage|p2a: Toedscruel|57\/100\n|\n|t:|1700933551\n|switch|p1a: Gliscor|Gliscor, F|100\/100 tox|[from] U-turn\n|move|p2a: Toedscruel|Knock Off|p1a: Gliscor\n|-damage|p1a: Gliscor|91\/100 tox\n|-enditem|p1a: Gliscor|Toxic Orb|[from] move: Knock Off|[of] p2a: Toedscruel\n|\n|-heal|p1a: Gliscor|100\/100 tox|[from] ability: Poison Heal\n|upkeep\n|turn|19\n|\n|t:|1700933565\n|move|p2a: Toedscruel|Rapid Spin|p1a: Gliscor\n|-damage|p1a: Gliscor|95\/100 tox\n|-boost|p2a: Toedscruel|spe|1\n|-sideend|p2: N-Zoroark stan|Spikes|[from] move: Rapid Spin|[of] p2a: Toedscruel\n|move|p1a: Gliscor|Toxic|p2a: Toedscruel\n|-status|p2a: Toedscruel|tox\n|\n|-damage|p2a: Toedscruel|50\/100 tox|[from] psn\n|-heal|p1a: Gliscor|100\/100 tox|[from] ability: Poison Heal\n|upkeep\n|turn|20\n|\n|t:|1700933570\n|switch|p2a: Palafin|Palafin-Hero, M, tera:Normal|72\/100\n|move|p1a: Gliscor|Spikes|p2a: Palafin\n|-sidestart|p2: N-Zoroark stan|Spikes\n|\n|upkeep\n|turn|21\n|\n|t:|1700933577\n|move|p1a: Gliscor|Protect|p1a: Gliscor\n|-singleturn|p1a: Gliscor|Protect\n|move|p2a: Palafin|Ice Beam|p1a: Gliscor\n|-activate|p1a: Gliscor|move: Protect\n|\n|upkeep\n|turn|22\n|\n|t:|1700933583\n|switch|p1a: Toxapex|Toxapex, M|83\/100\n|move|p2a: Palafin|Ice Beam|p1a: Toxapex\n|-resisted|p1a: Toxapex\n|-damage|p1a: Toxapex|72\/100\n|\n|-heal|p1a: Toxapex|78\/100|[from] item: Leftovers\n|upkeep\n|turn|23\n|\n|t:|1700933596\n|switch|p2a: Slowking|Slowking-Galar, F|100\/100\n|move|p1a: Toxapex|Toxic Spikes|p2a: Slowking\n|-sidestart|p2: N-Zoroark stan|move: Toxic Spikes\n|\n|-heal|p1a: Toxapex|84\/100|[from] item: Leftovers\n|upkeep\n|turn|24\n|\n|t:|1700933602\n|move|p1a: Toxapex|Substitute|p1a: Toxapex\n|-start|p1a: Toxapex|Substitute\n|-damage|p1a: Toxapex|59\/100\n|move|p2a: Slowking|Chilly Reception|p2a: Slowking\n|-weather|Snow\n|\n|t:|1700933607\n|switch|p2a: Blissey|Blissey, F|87\/100|[from] Chilly Reception\n|\n|-weather|Snow|[upkeep]\n|-heal|p1a: Toxapex|65\/100|[from] item: Leftovers\n|upkeep\n|turn|25\n|\n|t:|1700933609\n|move|p2a: Blissey|Heal Bell|p2a: Blissey\n|-activate|p2a: Blissey|move: Heal Bell\n|-curestatus|p2: Toedscruel|tox|[msg]\n|move|p1a: Toxapex|Infestation|p2a: Blissey\n|-damage|p2a: Blissey|86\/100\n|-activate|p2a: Blissey|move: Infestation|[of] p1a: Toxapex\n|\n|-weather|Snow|[upkeep]\n|-heal|p1a: Toxapex|72\/100|[from] item: Leftovers\n|-damage|p2a: Blissey|73\/100|[from] move: Infestation|[partiallytrapped]\n|upkeep\n|turn|26\n|\n|t:|1700933614\n|move|p2a: Blissey|Stealth Rock|p1a: Toxapex\n|-sidestart|p1: sweepy boi|move: Stealth Rock\n|move|p1a: Toxapex|Toxic Spikes|p2a: Blissey\n|-sidestart|p2: N-Zoroark stan|move: Toxic Spikes\n|\n|-weather|Snow|[upkeep]\n|-heal|p1a: Toxapex|78\/100|[from] item: Leftovers\n|-damage|p2a: Blissey|61\/100|[from] move: Infestation|[partiallytrapped]\n|upkeep\n|turn|27\n|\n|t:|1700933622\n|move|p2a: Blissey|Seismic Toss|p1a: Toxapex\n|-end|p1a: Toxapex|Substitute\n|move|p1a: Toxapex|Infestation|p2a: Blissey\n|-damage|p2a: Blissey|60\/100\n|\n|-weather|Snow|[upkeep]\n|-heal|p1a: Toxapex|84\/100|[from] item: Leftovers\n|-damage|p2a: Blissey|47\/100|[from] move: Infestation|[partiallytrapped]\n|upkeep\n|turn|28\n|\n|t:|1700933632\n|move|p2a: Blissey|Soft-Boiled|p2a: Blissey\n|-heal|p2a: Blissey|97\/100\n|move|p1a: Toxapex|Substitute|p1a: Toxapex\n|-start|p1a: Toxapex|Substitute\n|-damage|p1a: Toxapex|59\/100\n|\n|-weather|none\n|-heal|p1a: Toxapex|65\/100|[from] item: Leftovers\n|-damage|p2a: Blissey|85\/100|[from] move: Infestation|[partiallytrapped]\n|upkeep\n|turn|29\n|\n|t:|1700933642\n|move|p2a: Blissey|Seismic Toss|p1a: Toxapex\n|-end|p1a: Toxapex|Substitute\n|move|p1a: Toxapex|Toxic Spikes||[still]\n|-fail|p1a: Toxapex\n|\n|-heal|p1a: Toxapex|72\/100|[from] item: Leftovers\n|-end|p2a: Blissey|Infestation|[partiallytrapped]\n|upkeep\n|turn|30\n|\n|t:|1700933659\n|switch|p2a: Slowking|Slowking-Galar, F|100\/100\n|-sideend|p2: N-Zoroark stan|move: Toxic Spikes|[of] p2a: Slowking\n|move|p1a: Toxapex|Infestation|p2a: Slowking\n|-damage|p2a: Slowking|98\/100\n|-activate|p2a: Slowking|move: Infestation|[of] p1a: Toxapex\n|\n|-heal|p1a: Toxapex|78\/100|[from] item: Leftovers\n|-damage|p2a: Slowking|86\/100|[from] move: Infestation|[partiallytrapped]\n|upkeep\n|turn|31\n|\n|t:|1700933668\n|move|p1a: Toxapex|Toxic Spikes|p2a: Slowking\n|-sidestart|p2: N-Zoroark stan|move: Toxic Spikes\n|move|p2a: Slowking|Chilly Reception|p2a: Slowking\n|-weather|Snow\n|\n|t:|1700933672\n|switch|p2a: Toedscruel|Toedscruel, F|50\/100|[from] Chilly Reception\n|\n|-weather|Snow|[upkeep]\n|-heal|p1a: Toxapex|84\/100|[from] item: Leftovers\n|upkeep\n|turn|32\n|\n|t:|1700933678\n|switch|p1a: Gliscor|Gliscor, F|100\/100 tox\n|-damage|p1a: Gliscor|88\/100 tox|[from] Stealth Rock\n|move|p2a: Toedscruel|Leech Seed|p1a: Gliscor\n|-start|p1a: Gliscor|move: Leech Seed\n|\n|-weather|Snow|[upkeep]\n|-damage|p1a: Gliscor|76\/100 tox|[from] Leech Seed|[of] p2a: Toedscruel\n|-heal|p2a: Toedscruel|63\/100|[silent]\n|-heal|p1a: Gliscor|88\/100 tox|[from] ability: Poison Heal\n|upkeep\n|turn|33\n|\n|t:|1700933708\n|move|p1a: Gliscor|Toxic|p2a: Toedscruel\n|-status|p2a: Toedscruel|tox\n|move|p2a: Toedscruel|Spikes|p1a: Gliscor\n|-sidestart|p1: sweepy boi|Spikes\n|\n|-weather|Snow|[upkeep]\n|-damage|p1a: Gliscor|76\/100 tox|[from] Leech Seed|[of] p2a: Toedscruel\n|-heal|p2a: Toedscruel|75\/100 tox|[silent]\n|-damage|p2a: Toedscruel|69\/100 tox|[from] psn\n|-heal|p1a: Gliscor|88\/100 tox|[from] ability: Poison Heal\n|upkeep\n|turn|34\n|\n|t:|1700933715\n|switch|p2a: Palafin|Palafin-Hero, M, tera:Normal|72\/100\n|-damage|p2a: Palafin|59\/100|[from] Spikes\n|-status|p2a: Palafin|psn\n|move|p1a: Gliscor|Taunt|p2a: Palafin\n|-start|p2a: Palafin|move: Taunt\n|\n|-weather|Snow|[upkeep]\n|-damage|p1a: Gliscor|76\/100 tox|[from] Leech Seed|[of] p2a: Palafin\n|-heal|p2a: Palafin|72\/100 psn|[silent]\n|-damage|p2a: Palafin|60\/100 psn|[from] psn\n|-heal|p1a: Gliscor|88\/100 tox|[from] ability: Poison Heal\n|upkeep\n|turn|35\n|\n|t:|1700933722\n|move|p1a: Gliscor|Protect|p1a: Gliscor\n|-singleturn|p1a: Gliscor|Protect\n|move|p2a: Palafin|Boomburst|p1a: Gliscor\n|-activate|p1a: Gliscor|move: Protect\n|\n|-weather|none\n|-damage|p1a: Gliscor|76\/100 tox|[from] Leech Seed|[of] p2a: Palafin\n|-heal|p2a: Palafin|73\/100 psn|[silent]\n|-damage|p2a: Palafin|61\/100 psn|[from] psn\n|-heal|p1a: Gliscor|88\/100 tox|[from] ability: Poison Heal\n|upkeep\n|turn|36\n|\n|t:|1700933731\n|switch|p2a: Blissey|Blissey, F|85\/100\n|switch|p1a: Magnezone|Magnezone|100\/100\n|-damage|p1a: Magnezone|94\/100|[from] Stealth Rock\n|-damage|p1a: Magnezone|82\/100|[from] Spikes\n|\n|upkeep\n|turn|37\n|\n|t:|1700933747\n|move|p1a: Magnezone|Body Press|p2a: Blissey\n|-supereffective|p2a: Blissey\n|-damage|p2a: Blissey|39\/100\n|move|p2a: Blissey|Heal Bell|p2a: Blissey\n|-activate|p2a: Blissey|move: Heal Bell\n|-curestatus|p2: Toedscruel|tox|[msg]\n|-curestatus|p2: Palafin|psn|[msg]\n|\n|upkeep\n|turn|38\n|\n|t:|1700933763\n|switch|p2a: Slowking|Slowking-Galar, F|100\/100\n|-sideend|p2: N-Zoroark stan|move: Toxic Spikes|[of] p2a: Slowking\n|move|p1a: Magnezone|Heavy Slam|p2a: Slowking\n|-damage|p2a: Slowking|88\/100\n|\n|upkeep\n|turn|39\n|\n|t:|1700933773\n|move|p1a: Magnezone|Thunder Wave|p2a: Slowking\n|-status|p2a: Slowking|par\n|cant|p2a: Slowking|par\n|\n|upkeep\n|turn|40\n|inactive|sweepy boi has 270 seconds left.\n|\n|t:|1700933800\n|switch|p1a: Gliscor|Gliscor, F|88\/100 tox\n|-damage|p1a: Gliscor|76\/100 tox|[from] Stealth Rock\n|move|p2a: Slowking|Chilly Reception|p2a: Slowking\n|-weather|Snow\n|\n|t:|1700933805\n|switch|p2a: Toedscruel|Toedscruel, F|69\/100|[from] Chilly Reception\n|\n|-weather|Snow|[upkeep]\n|-heal|p1a: Gliscor|88\/100 tox|[from] ability: Poison Heal\n|upkeep\n|turn|41\n|\n|t:|1700933809\n|move|p2a: Toedscruel|Rapid Spin|p1a: Gliscor\n|-damage|p1a: Gliscor|82\/100 tox\n|-boost|p2a: Toedscruel|spe|1\n|-sideend|p2: N-Zoroark stan|Spikes|[from] move: Rapid Spin|[of] p2a: Toedscruel\n|move|p1a: Gliscor|Toxic|p2a: Toedscruel\n|-status|p2a: Toedscruel|tox\n|\n|-weather|Snow|[upkeep]\n|-damage|p2a: Toedscruel|63\/100 tox|[from] psn\n|-heal|p1a: Gliscor|95\/100 tox|[from] ability: Poison Heal\n|upkeep\n|turn|42\n|\n|t:|1700933816\n|switch|p2a: Slowking|Slowking-Galar, F|100\/100 par\n|move|p1a: Gliscor|Taunt|p2a: Slowking\n|-start|p2a: Slowking|move: Taunt\n|\n|-weather|Snow|[upkeep]\n|-heal|p1a: Gliscor|100\/100 tox|[from] ability: Poison Heal\n|upkeep\n|turn|43\n|\n|t:|1700933821\n|switch|p2a: Palafin|Palafin-Hero, M, tera:Normal|61\/100\n|move|p1a: Gliscor|Spikes|p2a: Palafin\n|-sidestart|p2: N-Zoroark stan|Spikes\n|\n|-weather|Snow|[upkeep]\n|upkeep\n|turn|44\n|\n|t:|1700933828\n|move|p1a: Gliscor|Protect|p1a: Gliscor\n|-singleturn|p1a: Gliscor|Protect\n|move|p2a: Palafin|Surf|p1a: Gliscor\n|-activate|p1a: Gliscor|move: Protect\n|\n|-weather|none\n|upkeep\n|turn|45\n|\n|t:|1700933835\n|switch|p1a: Toxapex|Toxapex, M|100\/100\n|-damage|p1a: Toxapex|88\/100|[from] Stealth Rock\n|-damage|p1a: Toxapex|75\/100|[from] Spikes\n|move|p2a: Palafin|Surf|p1a: Toxapex\n|-resisted|p1a: Toxapex\n|-damage|p1a: Toxapex|56\/100\n|\n|-heal|p1a: Toxapex|62\/100|[from] item: Leftovers\n|upkeep\n|turn|46\n|\n|t:|1700933850\n|switch|p2a: Blissey|Blissey, F|39\/100\n|switch|p1a: Magnezone|Magnezone|82\/100\n|-damage|p1a: Magnezone|75\/100|[from] Stealth Rock\n|-damage|p1a: Magnezone|63\/100|[from] Spikes\n|\n|upkeep\n|turn|47\n|\n|t:|1700933876\n|switch|p2a: Slowking|Slowking-Galar, F|100\/100 par\n|move|p1a: Magnezone|Body Press|p2a: Slowking\n|-resisted|p2a: Slowking\n|-damage|p2a: Slowking|95\/100 par\n|\n|upkeep\n|turn|48\n|\n|t:|1700933887\n|move|p1a: Magnezone|Iron Defense|p1a: Magnezone\n|-boost|p1a: Magnezone|def|2\n|move|p2a: Slowking|Foul Play|p1a: Magnezone\n|-damage|p1a: Magnezone|57\/100\n|\n|upkeep\n|turn|49\n|inactive|N-Zoroark stan has 270 seconds left.\n|inactive|N-Zoroark stan has 240 seconds left.\n|\n|t:|1700933966\n|move|p1a: Magnezone|Iron Defense|p1a: Magnezone\n|-boost|p1a: Magnezone|def|2\n|move|p2a: Slowking|Chilly Reception|p2a: Slowking\n|-weather|Snow\n|\n|t:|1700933973\n|switch|p2a: Palafin|Palafin-Hero, M, tera:Normal|61\/100|[from] Chilly Reception\n|-damage|p2a: Palafin|48\/100|[from] Spikes\n|\n|-weather|Snow|[upkeep]\n|upkeep\n|turn|50\n|\n|t:|1700933995\n|switch|p1a: Toxapex|Toxapex, M|95\/100\n|-damage|p1a: Toxapex|83\/100|[from] Stealth Rock\n|-damage|p1a: Toxapex|70\/100|[from] Spikes\n|move|p2a: Palafin|Aura Sphere|p1a: Toxapex\n|-resisted|p1a: Toxapex\n|-damage|p1a: Toxapex|58\/100\n|\n|-weather|Snow|[upkeep]\n|-heal|p1a: Toxapex|65\/100|[from] item: Leftovers\n|upkeep\n|turn|51\n|inactive|sweepy boi has 270 seconds left.\n|\n|t:|1700934023\n|switch|p2a: Blissey|Blissey, F|39\/100\n|switch|p1a: Clefable|Clefable, M|100\/100\n|-damage|p1a: Clefable|88\/100|[from] Stealth Rock\n|-damage|p1a: Clefable|76\/100|[from] Spikes\n|\n|-weather|Snow|[upkeep]\n|upkeep\n|turn|52\n|inactive|sweepy boi has 270 seconds left.\n|\n|t:|1700934036\n|move|p1a: Clefable|Knock Off|p2a: Blissey\n|-damage|p2a: Blissey|14\/100\n|-enditem|p2a: Blissey|Heavy-Duty Boots|[from] move: Knock Off|[of] p1a: Clefable\n|move|p2a: Blissey|Soft-Boiled|p2a: Blissey\n|-heal|p2a: Blissey|64\/100\n|\n|-weather|Snow|[upkeep]\n|upkeep\n|turn|53\n|inactive|sweepy boi has 270 seconds left.\n|\n|t:|1700934051\n|switch|p1a: Gliscor|Gliscor, F|100\/100 tox\n|-damage|p1a: Gliscor|88\/100 tox|[from] Stealth Rock\n|move|p2a: Blissey|Heal Bell|p2a: Blissey\n|-activate|p2a: Blissey|move: Heal Bell\n|-curestatus|p2: Toedscruel|tox|[msg]\n|-curestatus|p2: Slowking|par|[msg]\n|\n|-weather|none\n|-heal|p1a: Gliscor|100\/100 tox|[from] ability: Poison Heal\n|upkeep\n|turn|54\n|inactive|sweepy boi has 270 seconds left.\n|\n|t:|1700934067\n|switch|p2a: Slowking|Slowking-Galar, F|100\/100\n|move|p1a: Gliscor|Toxic|p2a: Slowking\n|-immune|p2a: Slowking\n|\n|upkeep\n|turn|55\n|\n|t:|1700934077\n|switch|p1a: Omlette|Illumise, F, shiny|100\/100\n|move|p2a: Slowking|Foul Play|p1a: Omlette\n|-damage|p1a: Omlette|87\/100\n|\n|upkeep\n|turn|56\n|inactive|sweepy boi has 270 seconds left.\n|\n|t:|1700934086\n|move|p1a: Omlette|Encore|p2a: Slowking\n|-start|p2a: Slowking|Encore\n|move|p2a: Slowking|Foul Play|p1a: Omlette\n|-damage|p1a: Omlette|71\/100\n|\n|upkeep\n|turn|57\n|\n|t:|1700934094\n|switch|p2a: Toedscruel|Toedscruel, F|63\/100\n|move|p1a: Omlette|U-turn|p2a: Toedscruel\n|-supereffective|p2a: Toedscruel\n|-damage|p2a: Toedscruel|41\/100\n|inactive|sweepy boi has 270 seconds left.\n|\n|t:|1700934104\n|switch|p1a: Gliscor|Gliscor, F|100\/100 tox|[from] U-turn\n|-damage|p1a: Gliscor|88\/100 tox|[from] Stealth Rock\n|\n|-heal|p1a: Gliscor|100\/100 tox|[from] ability: Poison Heal\n|upkeep\n|turn|58\n|\n|t:|1700934113\n|switch|p2a: Slowking|Slowking-Galar, F|100\/100\n|move|p1a: Gliscor|Toxic|p2a: Slowking|[miss]\n|-miss|p1a: Gliscor|p2a: Slowking\n|\n|upkeep\n|turn|59\n|inactive|N-Zoroark stan has 270 seconds left.\n|\n|t:|1700934121\n|switch|p2a: Toedscruel|Toedscruel, F|41\/100\n|move|p1a: Gliscor|Spikes|p2a: Toedscruel\n|-sidestart|p2: N-Zoroark stan|Spikes\n|\n|upkeep\n|turn|60\n|\n|t:|1700934125\n|switch|p2a: Slowking|Slowking-Galar, F|100\/100\n|move|p1a: Gliscor|Toxic|p2a: Slowking\n|-immune|p2a: Slowking\n|\n|upkeep\n|turn|61\n|\n|t:|1700934131\n|move|p1a: Gliscor|Taunt|p2a: Slowking\n|-start|p2a: Slowking|move: Taunt\n|move|p2a: Slowking|Foul Play|p1a: Gliscor\n|-damage|p1a: Gliscor|90\/100 tox\n|\n|-heal|p1a: Gliscor|100\/100 tox|[from] ability: Poison Heal\n|upkeep\n|turn|62\n|\n|t:|1700934137\n|move|p1a: Gliscor|Spikes|p2a: Slowking\n|-sidestart|p2: N-Zoroark stan|Spikes\n|move|p2a: Slowking|Foul Play|p1a: Gliscor\n|-damage|p1a: Gliscor|91\/100 tox\n|\n|-heal|p1a: Gliscor|100\/100 tox|[from] ability: Poison Heal\n|upkeep\n|turn|63\n|\n|t:|1700934142\n|switch|p1a: Omlette|Illumise, F, shiny|71\/100\n|switch|p2a: Toedscruel|Toedscruel, F|41\/100\n|\n|upkeep\n|turn|64\n|\n|t:|1700934154\n|switch|p2a: Slowking|Slowking-Galar, F|100\/100\n|move|p1a: Omlette|Ice Punch|p2a: Slowking\n|-damage|p2a: Slowking|94\/100\n|\n|upkeep\n|turn|65\n|\n|t:|1700934164\n|move|p1a: Omlette|Roost|p1a: Omlette\n|-heal|p1a: Omlette|100\/100\n|-singleturn|p1a: Omlette|move: Roost\n|move|p2a: Slowking|Chilly Reception|p2a: Slowking\n|-weather|Snow\n|\n|t:|1700934166\n|switch|p2a: Toedscruel|Toedscruel, F|41\/100|[from] Chilly Reception\n|\n|-weather|Snow|[upkeep]\n|upkeep\n|turn|66\n|\n|t:|1700934173\n|switch|p2a: Slowking|Slowking-Galar, F|100\/100\n|move|p1a: Omlette|Ice Punch|p2a: Slowking\n|-damage|p2a: Slowking|93\/100\n|\n|-weather|Snow|[upkeep]\n|upkeep\n|turn|67\n|\n|t:|1700934177\n|move|p1a: Omlette|U-turn|p2a: Slowking\n|-crit|p2a: Slowking\n|-damage|p2a: Slowking|80\/100\n|\n|t:|1700934190\n|switch|p1a: Clefable|Clefable, M|76\/100|[from] U-turn\n|-damage|p1a: Clefable|63\/100|[from] Stealth Rock\n|-damage|p1a: Clefable|51\/100|[from] Spikes\n|move|p2a: Slowking|Toxic|p1a: Clefable\n|-status|p1a: Clefable|tox\n|\n|-weather|Snow|[upkeep]\n|-damage|p1a: Clefable|45\/100 tox|[from] psn\n|upkeep\n|turn|68\n|\n|t:|1700934205\n|switch|p2a: Blissey|Blissey, F|64\/100\n|-damage|p2a: Blissey|39\/100|[from] Spikes\n|move|p1a: Clefable|Trick|p2a: Blissey\n|-activate|p1a: Clefable|move: Trick|[of] p2a: Blissey\n|-item|p2a: Blissey|Choice Scarf|[from] move: Trick\n|-enditem|p1a: Clefable|Choice Scarf|[silent]|[from] move: Trick\n|\n|-weather|Snow|[upkeep]\n|-damage|p1a: Clefable|33\/100 tox|[from] psn\n|upkeep\n|turn|69\n|\n|t:|1700934212\n|move|p1a: Clefable|U-turn|p2a: Blissey\n|-damage|p2a: Blissey|20\/100\n|\n|t:|1700934222\n|switch|p1a: Toxapex|Toxapex, M|98\/100|[from] U-turn\n|-damage|p1a: Toxapex|85\/100|[from] Stealth Rock\n|-damage|p1a: Toxapex|73\/100|[from] Spikes\n|move|p2a: Blissey|Soft-Boiled|p2a: Blissey\n|-heal|p2a: Blissey|70\/100\n|\n|-weather|none\n|-heal|p1a: Toxapex|79\/100|[from] item: Leftovers\n|upkeep\n|turn|70\n|\n|t:|1700934235\n|switch|p2a: Slowking|Slowking-Galar, F|100\/100\n|move|p1a: Toxapex|Toxic Spikes|p2a: Slowking\n|-sidestart|p2: N-Zoroark stan|move: Toxic Spikes\n|\n|-heal|p1a: Toxapex|85\/100|[from] item: Leftovers\n|upkeep\n|turn|71\n|\n|t:|1700934242\n|move|p1a: Toxapex|Infestation|p2a: Slowking\n|-damage|p2a: Slowking|98\/100\n|-activate|p2a: Slowking|move: Infestation|[of] p1a: Toxapex\n|move|p2a: Slowking|Chilly Reception|p2a: Slowking\n|-weather|Snow\n|\n|t:|1700934244\n|switch|p2a: Toedscruel|Toedscruel, F|41\/100|[from] Chilly Reception\n|\n|-weather|Snow|[upkeep]\n|-heal|p1a: Toxapex|92\/100|[from] item: Leftovers\n|upkeep\n|turn|72\n|\n|t:|1700934253\n|move|p2a: Toedscruel|Rapid Spin|p1a: Toxapex\n|-damage|p1a: Toxapex|85\/100\n|-boost|p2a: Toedscruel|spe|1\n|-sideend|p2: N-Zoroark stan|Spikes|[from] move: Rapid Spin|[of] p2a: Toedscruel\n|-sideend|p2: N-Zoroark stan|Toxic Spikes|[from] move: Rapid Spin|[of] p2a: Toedscruel\n|move|p1a: Toxapex|Infestation|p2a: Toedscruel\n|-supereffective|p2a: Toedscruel\n|-damage|p2a: Toedscruel|36\/100\n|-activate|p2a: Toedscruel|move: Infestation|[of] p1a: Toxapex\n|\n|-weather|Snow|[upkeep]\n|-heal|p1a: Toxapex|91\/100|[from] item: Leftovers\n|-damage|p2a: Toedscruel|24\/100|[from] move: Infestation|[partiallytrapped]\n|upkeep\n|turn|73\n|\n|t:|1700934262\n|move|p1a: Toxapex|Substitute|p1a: Toxapex\n|-start|p1a: Toxapex|Substitute\n|-damage|p1a: Toxapex|66\/100\n|move|p2a: Toedscruel|Leech Seed||[still]\n|-fail|p2a: Toedscruel\n|\n|-weather|Snow|[upkeep]\n|-heal|p1a: Toxapex|73\/100|[from] item: Leftovers\n|-damage|p2a: Toedscruel|11\/100|[from] move: Infestation|[partiallytrapped]\n|upkeep\n|turn|74\n|\n|t:|1700934270\n|move|p2a: Toedscruel|Rapid Spin|p1a: Toxapex\n|-crit|p1a: Toxapex\n|-activate|p1a: Toxapex|move: Substitute|[damage]\n|-end|p2a: Toedscruel|Infestation|[partiallytrapped]\n|-boost|p2a: Toedscruel|spe|1\n|move|p1a: Toxapex|Toxic Spikes|p2a: Toedscruel\n|-sidestart|p2: N-Zoroark stan|move: Toxic Spikes\n|\n|-weather|Snow|[upkeep]\n|-heal|p1a: Toxapex|79\/100|[from] item: Leftovers\n|upkeep\n|turn|75\n|\n|t:|1700934276\n|switch|p2a: Slowking|Slowking-Galar, F|100\/100\n|-sideend|p2: N-Zoroark stan|move: Toxic Spikes|[of] p2a: Slowking\n|move|p1a: Toxapex|Infestation|p2a: Slowking\n|-damage|p2a: Slowking|98\/100\n|-activate|p2a: Slowking|move: Infestation|[of] p1a: Toxapex\n|\n|-weather|none\n|-heal|p1a: Toxapex|85\/100|[from] item: Leftovers\n|-damage|p2a: Slowking|86\/100|[from] move: Infestation|[partiallytrapped]\n|upkeep\n|turn|76\n|\n|t:|1700934281\n|move|p1a: Toxapex|Toxic Spikes|p2a: Slowking\n|-sidestart|p2: N-Zoroark stan|move: Toxic Spikes\n|move|p2a: Slowking|Foul Play|p1a: Toxapex\n|-activate|p1a: Toxapex|move: Substitute|[damage]\n|\n|-heal|p1a: Toxapex|91\/100|[from] item: Leftovers\n|-damage|p2a: Slowking|73\/100|[from] move: Infestation|[partiallytrapped]\n|upkeep\n|turn|77\n|\n|t:|1700934287\n|move|p1a: Toxapex|Toxic Spikes|p2a: Slowking\n|-sidestart|p2: N-Zoroark stan|move: Toxic Spikes\n|move|p2a: Slowking|Chilly Reception|p2a: Slowking\n|-weather|Snow\n|\n|t:|1700934289\n|switch|p2a: Toedscruel|Toedscruel, F|11\/100|[from] Chilly Reception\n|\n|-weather|Snow|[upkeep]\n|-heal|p1a: Toxapex|98\/100|[from] item: Leftovers\n|upkeep\n|turn|78\n|\n|t:|1700934301\n|switch|p2a: Slowking|Slowking-Galar, F|100\/100\n|-sideend|p2: N-Zoroark stan|move: Toxic Spikes|[of] p2a: Slowking\n|move|p1a: Toxapex|Substitute|p1a: Toxapex\n|-fail|p1a: Toxapex|move: Substitute\n|\n|-weather|Snow|[upkeep]\n|-heal|p1a: Toxapex|100\/100|[from] item: Leftovers\n|upkeep\n|turn|79\n|\n|t:|1700934310\n|switch|p2a: Blissey|Blissey, F|70\/100\n|move|p1a: Toxapex|Toxic Spikes|p2a: Blissey\n|-sidestart|p2: N-Zoroark stan|move: Toxic Spikes\n|\n|-weather|Snow|[upkeep]\n|upkeep\n|turn|80\n|\n|t:|1700934316\n|switch|p2a: Slowking|Slowking-Galar, F|100\/100\n|-sideend|p2: N-Zoroark stan|move: Toxic Spikes|[of] p2a: Slowking\n|move|p1a: Toxapex|Infestation|p2a: Slowking\n|-damage|p2a: Slowking|98\/100\n|-activate|p2a: Slowking|move: Infestation|[of] p1a: Toxapex\n|\n|-weather|Snow|[upkeep]\n|-damage|p2a: Slowking|86\/100|[from] move: Infestation|[partiallytrapped]\n|upkeep\n|turn|81\n|\n|t:|1700934321\n|move|p1a: Toxapex|Toxic Spikes|p2a: Slowking\n|-sidestart|p2: N-Zoroark stan|move: Toxic Spikes\n|move|p2a: Slowking|Foul Play|p1a: Toxapex\n|-end|p1a: Toxapex|Substitute\n|\n|-weather|none\n|-damage|p2a: Slowking|73\/100|[from] move: Infestation|[partiallytrapped]\n|upkeep\n|turn|82\n|\n|t:|1700934334\n|switch|p1a: Omlette|Illumise, F, shiny|100\/100\n|move|p2a: Slowking|Foul Play|p1a: Omlette\n|-damage|p1a: Omlette|86\/100\n|\n|-end|p2a: Slowking|Infestation|[partiallytrapped]|[silent]\n|upkeep\n|turn|83\n|\n|t:|1700934349\n|switch|p2a: Blissey|Blissey, F|70\/100\n|-status|p2a: Blissey|psn\n|move|p1a: Omlette|Ice Punch|p2a: Blissey\n|-damage|p2a: Blissey|62\/100 psn\n|\n|-damage|p2a: Blissey|50\/100 psn|[from] psn\n|upkeep\n|turn|84\n|\n|t:|1700934353\n|-curestatus|p2a: Blissey|psn|[from] ability: Natural Cure\n|switch|p2a: Slowking|Slowking-Galar, F|100\/100\n|-sideend|p2: N-Zoroark stan|move: Toxic Spikes|[of] p2a: Slowking\n|move|p1a: Omlette|U-turn|p2a: Slowking\n|-damage|p2a: Slowking|91\/100\n|\n|t:|1700934361\n|switch|p1a: Clefable|Clefable, M|100\/100|[from] U-turn\n|\n|upkeep\n|turn|85\n|\n|t:|1700934368\n|move|p1a: Clefable|Knock Off|p2a: Slowking\n|-supereffective|p2a: Slowking\n|-damage|p2a: Slowking|69\/100\n|-enditem|p2a: Slowking|Heavy-Duty Boots|[from] move: Knock Off|[of] p1a: Clefable\n|move|p2a: Slowking|Chilly Reception|p2a: Slowking\n|-weather|Snow\n|\n|t:|1700934373\n|switch|p2a: Blissey|Blissey, F|100\/100|[from] Chilly Reception\n|\n|-weather|Snow|[upkeep]\n|upkeep\n|turn|86\n|\n|t:|1700934391\n|switch|p1a: Gliscor|Gliscor, F|100\/100 tox\n|-damage|p1a: Gliscor|88\/100 tox|[from] Stealth Rock\n|move|p2a: Blissey|Poltergeist||[still]\n|-fail|p2a: Blissey\n|\n|-weather|Snow|[upkeep]\n|-heal|p1a: Gliscor|100\/100 tox|[from] ability: Poison Heal\n|upkeep\n|turn|87\n|\n|t:|1700934406\n|switch|p2a: Slowking|Slowking-Galar, F|100\/100\n|move|p1a: Gliscor|Taunt|p2a: Slowking\n|-start|p2a: Slowking|move: Taunt\n|\n|-weather|Snow|[upkeep]\n|upkeep\n|turn|88\n|\n|t:|1700934410\n|switch|p2a: Blissey|Blissey, F|50\/100\n|move|p1a: Gliscor|Spikes|p2a: Blissey\n|-sidestart|p2: N-Zoroark stan|Spikes\n|\n|-weather|Snow|[upkeep]\n|upkeep\n|turn|89\n|\n|t:|1700934418\n|switch|p2a: Toedscruel|Toedscruel, F|11\/100\n|move|p1a: Gliscor|Spikes|p2a: Toedscruel\n|-sidestart|p2: N-Zoroark stan|Spikes\n|\n|-weather|none\n|upkeep\n|turn|90\n|\n|t:|1700934425\n|switch|p2a: Slowking|Slowking-Galar, F|100\/100\n|-damage|p2a: Slowking|84\/100|[from] Spikes\n|move|p1a: Gliscor|Toxic|p2a: Slowking\n|-immune|p2a: Slowking\n|\n|upkeep\n|turn|91\n|\n|t:|1700934432\n|move|p1a: Gliscor|Spikes|p2a: Slowking\n|-sidestart|p2: N-Zoroark stan|Spikes\n|move|p2a: Slowking|Chilly Reception|p2a: Slowking\n|-weather|Snow\n|\n|t:|1700934433\n|switch|p2a: Toedscruel|Toedscruel, F|11\/100|[from] Chilly Reception\n|\n|-weather|Snow|[upkeep]\n|upkeep\n|turn|92\n|\n|t:|1700934441\n|switch|p2a: Slowking|Slowking-Galar, F|100\/100\n|-damage|p2a: Slowking|76\/100|[from] Spikes\n|move|p1a: Gliscor|Taunt|p2a: Slowking\n|-start|p2a: Slowking|move: Taunt\n|\n|-weather|Snow|[upkeep]\n|upkeep\n|turn|93\n|\n|t:|1700934452\n|switch|p1a: Omlette|Illumise, F, shiny|86\/100\n|move|p2a: Slowking|Foul Play|p1a: Omlette\n|-damage|p1a: Omlette|71\/100\n|\n|-weather|Snow|[upkeep]\n|upkeep\n|turn|94\n|\n|t:|1700934460\n|move|p1a: Omlette|U-turn|p2a: Slowking\n|-damage|p2a: Slowking|65\/100\n|\n|t:|1700934468\n|switch|p1a: Toxapex|Toxapex, M|100\/100|[from] U-turn\n|-damage|p1a: Toxapex|88\/100|[from] Stealth Rock\n|-damage|p1a: Toxapex|75\/100|[from] Spikes\n|move|p2a: Slowking|Foul Play|p1a: Toxapex\n|-damage|p1a: Toxapex|67\/100\n|\n|-weather|Snow|[upkeep]\n|-heal|p1a: Toxapex|74\/100|[from] item: Leftovers\n|-end|p2a: Slowking|move: Taunt\n|upkeep\n|turn|95\n|\n|t:|1700934479\n|move|p1a: Toxapex|Substitute|p1a: Toxapex\n|-start|p1a: Toxapex|Substitute\n|-damage|p1a: Toxapex|49\/100\n|move|p2a: Slowking|Chilly Reception|p2a: Slowking\n|\n|t:|1700934482\n|switch|p2a: Toedscruel|Toedscruel, F|11\/100|[from] Chilly Reception\n|\n|-weather|none\n|-heal|p1a: Toxapex|55\/100|[from] item: Leftovers\n|upkeep\n|turn|96\n|\n|t:|1700934486\n|switch|p2a: Slowking|Slowking-Galar, F|99\/100\n|-damage|p2a: Slowking|74\/100|[from] Spikes\n|move|p1a: Toxapex|Infestation|p2a: Slowking\n|-damage|p2a: Slowking|71\/100\n|-activate|p2a: Slowking|move: Infestation|[of] p1a: Toxapex\n|\n|-heal|p1a: Toxapex|61\/100|[from] item: Leftovers\n|-damage|p2a: Slowking|59\/100|[from] move: Infestation|[partiallytrapped]\n|upkeep\n|turn|97\n|\n|t:|1700934492\n|move|p1a: Toxapex|Recover|p1a: Toxapex\n|-heal|p1a: Toxapex|100\/100\n|move|p2a: Slowking|Chilly Reception|p2a: Slowking\n|-weather|Snow\n|\n|t:|1700934494\n|switch|p2a: Toedscruel|Toedscruel, F|11\/100|[from] Chilly Reception\n|\n|-weather|Snow|[upkeep]\n|upkeep\n|turn|98\n|\n|t:|1700934497\n|switch|p2a: Slowking|Slowking-Galar, F|92\/100\n|-damage|p2a: Slowking|67\/100|[from] Spikes\n|move|p1a: Toxapex|Infestation|p2a: Slowking\n|-damage|p2a: Slowking|65\/100\n|-activate|p2a: Slowking|move: Infestation|[of] p1a: Toxapex\n|\n|-weather|Snow|[upkeep]\n|-damage|p2a: Slowking|52\/100|[from] move: Infestation|[partiallytrapped]\n|upkeep\n|turn|99\n|\n|t:|1700934508\n|move|p1a: Toxapex|Toxic Spikes|p2a: Slowking\n|-sidestart|p2: N-Zoroark stan|move: Toxic Spikes\n|move|p2a: Slowking|Chilly Reception|p2a: Slowking\n|\n|t:|1700934512\n|switch|p2a: Toedscruel|Toedscruel, F|11\/100|[from] Chilly Reception\n|\n|-weather|Snow|[upkeep]\n|upkeep\n|turn|100\n|\n|t:|1700934516\n|switch|p2a: Slowking|Slowking-Galar, F|86\/100\n|-damage|p2a: Slowking|61\/100|[from] Spikes\n|-sideend|p2: N-Zoroark stan|move: Toxic Spikes|[of] p2a: Slowking\n|move|p1a: Toxapex|Infestation|p2a: Slowking\n|-damage|p2a: Slowking|58\/100\n|-activate|p2a: Slowking|move: Infestation|[of] p1a: Toxapex\n|\n|-weather|Snow|[upkeep]\n|-damage|p2a: Slowking|46\/100|[from] move: Infestation|[partiallytrapped]\n|upkeep\n|turn|101\n|\n|t:|1700934526\n|move|p1a: Toxapex|Substitute|p1a: Toxapex\n|-fail|p1a: Toxapex|move: Substitute\n|move|p2a: Slowking|Slack Off|p2a: Slowking\n|-heal|p2a: Slowking|96\/100\n|\n|-weather|none\n|-damage|p2a: Slowking|83\/100|[from] move: Infestation|[partiallytrapped]\n|upkeep\n|turn|102\n|\n|t:|1700934532\n|move|p1a: Toxapex|Infestation|p2a: Slowking\n|-damage|p2a: Slowking|80\/100\n|move|p2a: Slowking|Foul Play|p1a: Toxapex\n|-activate|p1a: Toxapex|move: Substitute|[damage]\n|\n|-damage|p2a: Slowking|68\/100|[from] move: Infestation|[partiallytrapped]\n|upkeep\n|turn|103\n|\n|t:|1700934541\n|move|p1a: Toxapex|Infestation|p2a: Slowking\n|-damage|p2a: Slowking|65\/100\n|move|p2a: Slowking|Chilly Reception|p2a: Slowking\n|-weather|Snow\n|\n|t:|1700934544\n|switch|p2a: Toedscruel|Toedscruel, F|11\/100|[from] Chilly Reception\n|\n|-weather|Snow|[upkeep]\n|upkeep\n|turn|104\n|\n|t:|1700934551\n|switch|p2a: Slowking|Slowking-Galar, F|99\/100\n|-damage|p2a: Slowking|74\/100|[from] Spikes\n|move|p1a: Toxapex|Toxic Spikes|p2a: Slowking\n|-sidestart|p2: N-Zoroark stan|move: Toxic Spikes\n|\n|-weather|Snow|[upkeep]\n|upkeep\n|turn|105\n|\n|t:|1700934557\n|switch|p1a: Omlette|Illumise, F, shiny|71\/100\n|move|p2a: Slowking|Foul Play|p1a: Omlette\n|-damage|p1a: Omlette|56\/100\n|\n|-weather|Snow|[upkeep]\n|upkeep\n|turn|106\n|\n|t:|1700934565\n|move|p1a: Omlette|Encore|p2a: Slowking\n|-start|p2a: Slowking|Encore\n|move|p2a: Slowking|Foul Play|p1a: Omlette\n|-damage|p1a: Omlette|42\/100\n|\n|-weather|Snow|[upkeep]\n|upkeep\n|turn|107\n|\n|t:|1700934571\n|move|p1a: Omlette|Roost|p1a: Omlette\n|-heal|p1a: Omlette|92\/100\n|-singleturn|p1a: Omlette|move: Roost\n|move|p2a: Slowking|Foul Play|p1a: Omlette\n|-damage|p1a: Omlette|76\/100\n|\n|-weather|none\n|upkeep\n|turn|108\n|\n|t:|1700934582\n|move|p1a: Omlette|U-turn|p2a: Slowking\n|-damage|p2a: Slowking|64\/100\n|\n|t:|1700934590\n|switch|p1a: Gliscor|Gliscor, F|100\/100 tox|[from] U-turn\n|-damage|p1a: Gliscor|88\/100 tox|[from] Stealth Rock\n|move|p2a: Slowking|Foul Play|p1a: Gliscor\n|-damage|p1a: Gliscor|78\/100 tox\n|\n|-heal|p1a: Gliscor|90\/100 tox|[from] ability: Poison Heal\n|-end|p2a: Slowking|Encore\n|upkeep\n|turn|109\n|\n|t:|1700934602\n|switch|p2a: Toedscruel|Toedscruel, F|11\/100\n|move|p1a: Gliscor|Toxic|p2a: Toedscruel\n|-status|p2a: Toedscruel|tox\n|\n|-damage|p2a: Toedscruel|5\/100 tox|[from] psn\n|-heal|p1a: Gliscor|100\/100 tox|[from] ability: Poison Heal\n|upkeep\n|turn|110\n|\n|t:|1700934609\n|switch|p2a: Slowking|Slowking-Galar, F|98\/100\n|-damage|p2a: Slowking|73\/100|[from] Spikes\n|-sideend|p2: N-Zoroark stan|move: Toxic Spikes|[of] p2a: Slowking\n|move|p1a: Gliscor|Protect||[still]\n|-fail|p1a: Gliscor\n|\n|upkeep\n|turn|111\n|\n|t:|1700934617\n|move|p1a: Gliscor|Taunt|p2a: Slowking\n|-start|p2a: Slowking|move: Taunt\n|move|p2a: Slowking|Foul Play|p1a: Gliscor\n|-damage|p1a: Gliscor|91\/100 tox\n|\n|-heal|p1a: Gliscor|100\/100 tox|[from] ability: Poison Heal\n|upkeep\n|turn|112\n|\n|t:|1700934631\n|switch|p1a: Clefable|Clefable, M|100\/100\n|switch|p2a: Blissey|Blissey, F|50\/100\n|-damage|p2a: Blissey|25\/100|[from] Spikes\n|\n|upkeep\n|turn|113\n|\n|t:|1700934641\n|move|p2a: Blissey|Soft-Boiled|p2a: Blissey\n|-heal|p2a: Blissey|75\/100\n|move|p1a: Clefable|Play Rough|p2a: Blissey\n|-damage|p2a: Blissey|56\/100\n|\n|upkeep\n|turn|114\n|\n|t:|1700934652\n|switch|p1a: Toxapex|Toxapex, M|100\/100\n|-damage|p1a: Toxapex|88\/100|[from] Stealth Rock\n|-damage|p1a: Toxapex|75\/100|[from] Spikes\n|move|p2a: Blissey|Soft-Boiled|p2a: Blissey\n|-heal|p2a: Blissey|100\/100\n|\n|-heal|p1a: Toxapex|82\/100|[from] item: Leftovers\n|upkeep\n|turn|115\n|\n|t:|1700934662\n|switch|p2a: Slowking|Slowking-Galar, F|100\/100\n|-damage|p2a: Slowking|76\/100|[from] Spikes\n|move|p1a: Toxapex|Infestation|p2a: Slowking\n|-damage|p2a: Slowking|73\/100\n|-activate|p2a: Slowking|move: Infestation|[of] p1a: Toxapex\n|\n|-heal|p1a: Toxapex|88\/100|[from] item: Leftovers\n|-damage|p2a: Slowking|61\/100|[from] move: Infestation|[partiallytrapped]\n|upkeep\n|turn|116\n|\n|t:|1700934669\n|move|p1a: Toxapex|Toxic Spikes|p2a: Slowking\n|-sidestart|p2: N-Zoroark stan|move: Toxic Spikes\n|move|p2a: Slowking|Chilly Reception|p2a: Slowking\n|-weather|Snow\n|\n|t:|1700934672\n|switch|p2a: Blissey|Blissey, F|100\/100|[from] Chilly Reception\n|-damage|p2a: Blissey|76\/100|[from] Spikes\n|-status|p2a: Blissey|psn\n|\n|-weather|Snow|[upkeep]\n|-heal|p1a: Toxapex|94\/100|[from] item: Leftovers\n|-damage|p2a: Blissey|63\/100 psn|[from] psn\n|upkeep\n|turn|117\n|\n|t:|1700934679\n|move|p2a: Blissey|Heal Bell|p2a: Blissey\n|-activate|p2a: Blissey|move: Heal Bell\n|-curestatus|p2a: Blissey|psn|[msg]\n|-curestatus|p2: Toedscruel|tox|[msg]\n|move|p1a: Toxapex|Infestation|p2a: Blissey\n|-damage|p2a: Blissey|62\/100\n|-activate|p2a: Blissey|move: Infestation|[of] p1a: Toxapex\n|\n|-weather|Snow|[upkeep]\n|-heal|p1a: Toxapex|100\/100|[from] item: Leftovers\n|-damage|p2a: Blissey|50\/100|[from] move: Infestation|[partiallytrapped]\n|upkeep\n|turn|118\n|\n|t:|1700934690\n|move|p2a: Blissey|Heal Bell||[still]\n|-activate|p2a: Blissey|move: Heal Bell\n|-fail|p2a: Blissey\n|move|p1a: Toxapex|Substitute|p1a: Toxapex\n|-start|p1a: Toxapex|Substitute\n|-damage|p1a: Toxapex|75\/100\n|\n|-weather|Snow|[upkeep]\n|-heal|p1a: Toxapex|82\/100|[from] item: Leftovers\n|-damage|p2a: Blissey|37\/100|[from] move: Infestation|[partiallytrapped]\n|upkeep\n|turn|119\n|\n|t:|1700934692\n|move|p2a: Blissey|Heal Bell||[still]\n|-activate|p2a: Blissey|move: Heal Bell\n|-fail|p2a: Blissey\n|move|p1a: Toxapex|Toxic Spikes|p2a: Blissey\n|-sidestart|p2: N-Zoroark stan|move: Toxic Spikes\n|\n|-weather|Snow|[upkeep]\n|-heal|p1a: Toxapex|88\/100|[from] item: Leftovers\n|-damage|p2a: Blissey|25\/100|[from] move: Infestation|[partiallytrapped]\n|upkeep\n|turn|120\n|\n|t:|1700934700\n|move|p2a: Blissey|Heal Bell||[still]\n|-activate|p2a: Blissey|move: Heal Bell\n|-fail|p2a: Blissey\n|move|p1a: Toxapex|Infestation|p2a: Blissey\n|-damage|p2a: Blissey|24\/100\n|\n|-weather|none\n|-heal|p1a: Toxapex|94\/100|[from] item: Leftovers\n|-damage|p2a: Blissey|11\/100|[from] move: Infestation|[partiallytrapped]\n|upkeep\n|turn|121\n|\n|t:|1700934702\n|-activate|p2a: Blissey|move: Struggle\n|move|p2a: Blissey|Struggle|p1a: Toxapex\n|-activate|p1a: Toxapex|move: Substitute|[damage]\n|-damage|p2a: Blissey|0 fnt|[from] recoil\n|faint|p2a: Blissey\n|move|p1a: Toxapex|Infestation|p2: Blissey|[notarget]\n|-fail|p1a: Toxapex\n|\n|-heal|p1a: Toxapex|100\/100|[from] item: Leftovers\n|upkeep\n|\n|t:|1700934706\n|switch|p2a: Slowking|Slowking-Galar, F|94\/100\n|-damage|p2a: Slowking|69\/100|[from] Spikes\n|-sideend|p2: N-Zoroark stan|move: Toxic Spikes|[of] p2a: Slowking\n|turn|122\n|\n|t:|1700934710\n|move|p1a: Toxapex|Toxic Spikes|p2a: Slowking\n|-sidestart|p2: N-Zoroark stan|move: Toxic Spikes\n|move|p2a: Slowking|Foul Play|p1a: Toxapex\n|-activate|p1a: Toxapex|move: Substitute|[damage]\n|\n|upkeep\n|turn|123\n|\n|t:|1700934715\n|move|p1a: Toxapex|Toxic Spikes|p2a: Slowking\n|-sidestart|p2: N-Zoroark stan|move: Toxic Spikes\n|move|p2a: Slowking|Toxic||[still]\n|-fail|p2a: Slowking\n|\n|upkeep\n|turn|124\n|\n|t:|1700934734\n|switch|p1a: Gliscor|Gliscor, F|100\/100 tox\n|-damage|p1a: Gliscor|88\/100 tox|[from] Stealth Rock\n|move|p2a: Slowking|Toxic|p1a: Gliscor\n|-fail|p1a: Gliscor|tox\n|\n|-heal|p1a: Gliscor|100\/100 tox|[from] ability: Poison Heal\n|upkeep\n|turn|125\n|\n|t:|1700934741\n|switch|p1a: Toxapex|Toxapex, M|100\/100\n|-damage|p1a: Toxapex|88\/100|[from] Stealth Rock\n|-damage|p1a: Toxapex|75\/100|[from] Spikes\n|move|p2a: Slowking|Foul Play|p1a: Toxapex\n|-damage|p1a: Toxapex|66\/100\n|\n|-heal|p1a: Toxapex|73\/100|[from] item: Leftovers\n|upkeep\n|turn|126\n|\n|t:|1700934749\n|switch|p1a: Gliscor|Gliscor, F|100\/100 tox\n|-damage|p1a: Gliscor|88\/100 tox|[from] Stealth Rock\n|move|p2a: Slowking|Toxic|p1a: Gliscor\n|-fail|p1a: Gliscor|tox\n|\n|-heal|p1a: Gliscor|100\/100 tox|[from] ability: Poison Heal\n|upkeep\n|turn|127\n|\n|t:|1700934755\n|switch|p1a: Toxapex|Toxapex, M|100\/100\n|-damage|p1a: Toxapex|88\/100|[from] Stealth Rock\n|-damage|p1a: Toxapex|75\/100|[from] Spikes\n|switch|p2a: Toedscruel|Toedscruel, F|5\/100\n|\n|-heal|p1a: Toxapex|82\/100|[from] item: Leftovers\n|upkeep\n|turn|128\n|\n|t:|1700934763\n|switch|p2a: Slowking|Slowking-Galar, F|100\/100\n|-damage|p2a: Slowking|76\/100|[from] Spikes\n|-sideend|p2: N-Zoroark stan|move: Toxic Spikes|[of] p2a: Slowking\n|move|p1a: Toxapex|Infestation|p2a: Slowking\n|-damage|p2a: Slowking|73\/100\n|-activate|p2a: Slowking|move: Infestation|[of] p1a: Toxapex\n|\n|-heal|p1a: Toxapex|88\/100|[from] item: Leftovers\n|-damage|p2a: Slowking|61\/100|[from] move: Infestation|[partiallytrapped]\n|upkeep\n|turn|129\n|\n|t:|1700934767\n|switch|p1a: Gliscor|Gliscor, F|100\/100 tox\n|-damage|p1a: Gliscor|88\/100 tox|[from] Stealth Rock\n|move|p2a: Slowking|Foul Play|p1a: Gliscor\n|-damage|p1a: Gliscor|78\/100 tox\n|\n|-heal|p1a: Gliscor|91\/100 tox|[from] ability: Poison Heal\n|-end|p2a: Slowking|Infestation|[partiallytrapped]|[silent]\n|upkeep\n|turn|130\n|\n|t:|1700934775\n|move|p1a: Gliscor|Protect|p1a: Gliscor\n|-singleturn|p1a: Gliscor|Protect\n|move|p2a: Slowking|Foul Play|p1a: Gliscor\n|-activate|p1a: Gliscor|move: Protect\n|\n|-heal|p1a: Gliscor|100\/100 tox|[from] ability: Poison Heal\n|upkeep\n|turn|131\n|\n|t:|1700934790\n|switch|p1a: Toxapex|Toxapex, M|100\/100\n|-damage|p1a: Toxapex|88\/100|[from] Stealth Rock\n|-damage|p1a: Toxapex|75\/100|[from] Spikes\n|switch|p2a: Toedscruel|Toedscruel, F|5\/100\n|\n|-heal|p1a: Toxapex|82\/100|[from] item: Leftovers\n|upkeep\n|turn|132\n|\n|t:|1700934805\n|switch|p2a: Slowking|Slowking-Galar, F|100\/100\n|-damage|p2a: Slowking|76\/100|[from] Spikes\n|switch|p1a: Omlette|Illumise, F, shiny|33\/100 tox\n|-damage|p1a: Omlette|21\/100 tox|[from] Stealth Rock\n|-damage|p1a: Omlette|8\/100 tox|[from] Spikes\n|\n|-damage|p1a: Omlette|2\/100 tox|[from] psn\n|upkeep\n|turn|133\n|\n|t:|1700934834\n|move|p1a: Omlette|Knock Off|p2a: Slowking\n|-supereffective|p2a: Slowking\n|-damage|p2a: Slowking|0 fnt\n|replace|p2a: Zoroark|Zoroark-Hisui, M, shiny\n|-end|p2a: Zoroark|Illusion\n|-enditem|p2a: Zoroark|Choice Band|[from] move: Knock Off|[of] p1a: Omlette\n|faint|p2a: Zoroark\n|\n|-damage|p1a: Omlette|0 fnt|[from] psn\n|faint|p1a: Omlette\n|upkeep\n|inactive|N-Zoroark stan has 270 seconds left.\n|\n|t:|1700934857\n|switch|p1a: Gliscor|Gliscor, F|100\/100 tox\n|switch|p2a: Toedscruel|Toedscruel, F|5\/100\n|-damage|p1a: Gliscor|88\/100 tox|[from] Stealth Rock\n|turn|134\n|inactive|sweepy boi has 270 seconds left.\n|\n|t:|1700934877\n|move|p2a: Toedscruel|Rapid Spin|p1a: Gliscor\n|-crit|p1a: Gliscor\n|-damage|p1a: Gliscor|80\/100 tox\n|-boost|p2a: Toedscruel|spe|1\n|-sideend|p2: N-Zoroark stan|Spikes|[from] move: Rapid Spin|[of] p2a: Toedscruel\n|move|p1a: Gliscor|Taunt|p2a: Toedscruel\n|-start|p2a: Toedscruel|move: Taunt\n|\n|-heal|p1a: Gliscor|92\/100 tox|[from] ability: Poison Heal\n|upkeep\n|turn|135\n|inactive|sweepy boi has 270 seconds left.\n|\n|t:|1700934892\n|switch|p2a: Slowking|Slowking-Galar, F|94\/100\n|move|p1a: Gliscor|Spikes|p2a: Slowking\n|-sidestart|p2: N-Zoroark stan|Spikes\n|\n|-heal|p1a: Gliscor|100\/100 tox|[from] ability: Poison Heal\n|upkeep\n|turn|136\n|\n|t:|1700934899\n|move|p1a: Gliscor|Spikes|p2a: Slowking\n|-sidestart|p2: N-Zoroark stan|Spikes\n|move|p2a: Slowking|Foul Play|p1a: Gliscor\n|-damage|p1a: Gliscor|90\/100 tox\n|\n|-heal|p1a: Gliscor|100\/100 tox|[from] ability: Poison Heal\n|upkeep\n|turn|137\n|\n|t:|1700934903\n|move|p1a: Gliscor|Spikes|p2a: Slowking\n|-sidestart|p2: N-Zoroark stan|Spikes\n|move|p2a: Slowking|Chilly Reception|p2a: Slowking\n|-weather|Snow\n|\n|t:|1700934905\n|switch|p2a: Toedscruel|Toedscruel, F|5\/100|[from] Chilly Reception\n|\n|-weather|Snow|[upkeep]\n|upkeep\n|turn|138\n|\n|t:|1700934912\n|switch|p1a: Toxapex|Toxapex, M|100\/100\n|-damage|p1a: Toxapex|88\/100|[from] Stealth Rock\n|-damage|p1a: Toxapex|75\/100|[from] Spikes\n|move|p2a: Toedscruel|Rapid Spin|p1a: Toxapex\n|-damage|p1a: Toxapex|68\/100\n|-boost|p2a: Toedscruel|spe|1\n|-sideend|p2: N-Zoroark stan|Spikes|[from] move: Rapid Spin|[of] p2a: Toedscruel\n|\n|-weather|Snow|[upkeep]\n|-heal|p1a: Toxapex|75\/100|[from] item: Leftovers\n|upkeep\n|turn|139\n|\n|t:|1700934921\n|switch|p1a: Gliscor|Gliscor, F|100\/100 tox\n|-damage|p1a: Gliscor|88\/100 tox|[from] Stealth Rock\n|move|p2a: Toedscruel|Knock Off|p1a: Gliscor\n|-damage|p1a: Gliscor|81\/100 tox\n|\n|-weather|Snow|[upkeep]\n|-heal|p1a: Gliscor|93\/100 tox|[from] ability: Poison Heal\n|upkeep\n|turn|140\n|\n|t:|1700934933\n|move|p1a: Gliscor|Spikes|p2a: Toedscruel\n|-sidestart|p2: N-Zoroark stan|Spikes\n|move|p2a: Toedscruel|Spikes|p1a: Gliscor\n|-sidestart|p1: sweepy boi|Spikes\n|\n|-weather|Snow|[upkeep]\n|-heal|p1a: Gliscor|100\/100 tox|[from] ability: Poison Heal\n|upkeep\n|turn|141\n|\n|t:|1700934937\n|move|p2a: Toedscruel|Rapid Spin|p1a: Gliscor\n|-damage|p1a: Gliscor|95\/100 tox\n|-boost|p2a: Toedscruel|spe|1\n|-sideend|p2: N-Zoroark stan|Spikes|[from] move: Rapid Spin|[of] p2a: Toedscruel\n|move|p1a: Gliscor|Toxic|p2a: Toedscruel\n|-status|p2a: Toedscruel|tox\n|\n|-weather|none\n|-damage|p2a: Toedscruel|0 fnt|[from] psn\n|faint|p2a: Toedscruel\n|-heal|p1a: Gliscor|100\/100 tox|[from] ability: Poison Heal\n|upkeep\n|\n|t:|1700934939\n|switch|p2a: Palafin|Palafin-Hero, M, tera:Normal|48\/100\n|turn|142\n|\n|t:|1700934942\n|move|p1a: Gliscor|Protect|p1a: Gliscor\n|-singleturn|p1a: Gliscor|Protect\n|move|p2a: Palafin|Boomburst|p1a: Gliscor\n|-activate|p1a: Gliscor|move: Protect\n|\n|upkeep\n|turn|143\n|\n|t:|1700934948\n|switch|p1a: Magnezone|Magnezone|57\/100\n|-damage|p1a: Magnezone|51\/100|[from] Stealth Rock\n|-damage|p1a: Magnezone|34\/100|[from] Spikes\n|move|p2a: Palafin|Boomburst|p1a: Magnezone\n|-resisted|p1a: Magnezone\n|-damage|p1a: Magnezone|0 fnt\n|faint|p1a: Magnezone\n|\n|upkeep\n|\n|t:|1700934961\n|switch|p1a: Toxapex|Toxapex, M|100\/100\n|-damage|p1a: Toxapex|88\/100|[from] Stealth Rock\n|-damage|p1a: Toxapex|72\/100|[from] Spikes\n|turn|144\n|\n|t:|1700934973\n|move|p2a: Palafin|Boomburst|p1a: Toxapex\n|-damage|p1a: Toxapex|6\/100\n|move|p1a: Toxapex|Recover|p1a: Toxapex\n|-heal|p1a: Toxapex|56\/100\n|\n|-heal|p1a: Toxapex|62\/100|[from] item: Leftovers\n|upkeep\n|turn|145\n|\n|t:|1700934990\n|switch|p1a: Omlette|Illumise, F, shiny|76\/100\n|move|p2a: Palafin|Boomburst|p1a: Omlette\n|-damage|p1a: Omlette|2\/100\n|\n|upkeep\n|turn|146\n|inactive|sweepy boi has 270 seconds left.\n|\n|t:|1700935027\n|-terastallize|p1a: Omlette|Ghost\n|move|p1a: Omlette|Roost|p1a: Omlette\n|-heal|p1a: Omlette|52\/100\n|move|p2a: Palafin|Boomburst|p1a: Omlette\n|-immune|p1a: Omlette\n|\n|upkeep\n|turn|147\n|\n|t:|1700935043\n|switch|p2a: Infernape|Infernape, M|100\/100\n|move|p1a: Omlette|U-turn|p2a: Infernape\n|-resisted|p2a: Infernape\n|-damage|p2a: Infernape|95\/100\n|\n|t:|1700935051\n|switch|p1a: Toxapex|Toxapex, M|96\/100|[from] U-turn\n|-damage|p1a: Toxapex|83\/100|[from] Stealth Rock\n|-damage|p1a: Toxapex|67\/100|[from] Spikes\n|\n|-heal|p1a: Toxapex|73\/100|[from] item: Leftovers\n|upkeep\n|turn|148\n|\n|t:|1700935055\n|switch|p1a: Gliscor|Gliscor, F|100\/100 tox\n|-damage|p1a: Gliscor|88\/100 tox|[from] Stealth Rock\n|move|p2a: Infernape|Switcheroo|p1a: Gliscor\n|-activate|p2a: Infernape|move: Trick|[of] p1a: Gliscor\n|-item|p1a: Gliscor|Choice Scarf|[from] move: Switcheroo\n|-enditem|p2a: Infernape|Choice Scarf|[silent]|[from] move: Switcheroo\n|\n|-heal|p1a: Gliscor|100\/100 tox|[from] ability: Poison Heal\n|upkeep\n|turn|149\n|inactive|sweepy boi has 270 seconds left.\n|\n|t:|1700935085\n|move|p2a: Infernape|U-turn|p1a: Gliscor\n|-resisted|p1a: Gliscor\n|-damage|p1a: Gliscor|95\/100 tox\n|\n|t:|1700935088\n|switch|p2a: Slowking|Slowking-Galar, F|100\/100|[from] U-turn\n|move|p1a: Gliscor|Spikes|p2a: Slowking\n|-sidestart|p2: N-Zoroark stan|Spikes\n|\n|-heal|p1a: Gliscor|100\/100 tox|[from] ability: Poison Heal\n|upkeep\n|turn|150\n|\n|t:|1700935092\n|switch|p2a: Palafin|Palafin-Hero, M, tera:Normal|48\/100\n|-damage|p2a: Palafin|36\/100|[from] Spikes\n|move|p1a: Gliscor|Spikes|p2a: Palafin\n|-sidestart|p2: N-Zoroark stan|Spikes\n|\n|upkeep\n|turn|151\n|\n|t:|1700935115\n|switch|p1a: Toxapex|Toxapex, M|100\/100\n|-damage|p1a: Toxapex|88\/100|[from] Stealth Rock\n|-damage|p1a: Toxapex|72\/100|[from] Spikes\n|move|p2a: Palafin|Boomburst|p1a: Toxapex\n|-damage|p1a: Toxapex|9\/100\n|\n|-heal|p1a: Toxapex|16\/100|[from] item: Leftovers\n|upkeep\n|turn|152\n|\n|t:|1700935130\n|switch|p2a: Infernape|Infernape, M|95\/100\n|-damage|p2a: Infernape|79\/100|[from] Spikes\n|switch|p1a: Omlette|Illumise, F, shiny, tera:Ghost|52\/100\n|\n|upkeep\n|turn|153\n|\n|t:|1700935139\n|move|p1a: Omlette|Roost|p1a: Omlette\n|-heal|p1a: Omlette|100\/100\n|move|p2a: Infernape|Flare Blitz|p1a: Omlette\n|-damage|p1a: Omlette|35\/100\n|-status|p1a: Omlette|brn\n|-damage|p2a: Infernape|54\/100|[from] Recoil\n|\n|-damage|p1a: Omlette|29\/100 brn|[from] brn\n|upkeep\n|turn|154\n|\n|t:|1700935156\n|move|p1a: Omlette|Roost|p1a: Omlette\n|-heal|p1a: Omlette|79\/100 brn\n|move|p2a: Infernape|Flare Blitz|p1a: Omlette\n|-damage|p1a: Omlette|11\/100 brn\n|-damage|p2a: Infernape|29\/100|[from] Recoil\n|\n|-damage|p1a: Omlette|5\/100 brn|[from] brn\n|upkeep\n|turn|155\n|\n|t:|1700935168\n|move|p1a: Omlette|Roost|p1a: Omlette\n|-heal|p1a: Omlette|55\/100 brn\n|move|p2a: Infernape|Flare Blitz|p1a: Omlette\n|-damage|p1a: Omlette|0 fnt\n|faint|p1a: Omlette\n|-damage|p2a: Infernape|8\/100|[from] Recoil\n|\n|upkeep\n|\n|t:|1700935177\n|switch|p1a: Clefable|Clefable, M|100\/100\n|turn|156\n|\n|t:|1700935198\n|move|p2a: Infernape|Flare Blitz|p1a: Clefable\n|-damage|p1a: Clefable|13\/100\n|-damage|p2a: Infernape|0 fnt|[from] Recoil\n|faint|p2a: Infernape\n|move|p1a: Clefable|Moonlight|p1a: Clefable\n|-heal|p1a: Clefable|63\/100\n|\n|upkeep\n|\n|t:|1700935203\n|switch|p2a: Palafin|Palafin-Hero, M, tera:Normal|36\/100\n|-damage|p2a: Palafin|20\/100|[from] Spikes\n|turn|157\n|\n|t:|1700935211\n|move|p2a: Palafin|Boomburst|p1a: Clefable\n|-damage|p1a: Clefable|0 fnt\n|faint|p1a: Clefable\n|\n|upkeep\n|\n|t:|1700935225\n|switch|p1a: Gliscor|Gliscor, F|100\/100 tox\n|-damage|p1a: Gliscor|88\/100 tox|[from] Stealth Rock\n|turn|158\n|\n|t:|1700935245\n|move|p1a: Gliscor|Toxic|p2a: Palafin\n|-status|p2a: Palafin|tox\n|move|p2a: Palafin|Boomburst|p1a: Gliscor\n|-damage|p1a: Gliscor|0 fnt\n|faint|p1a: Gliscor\n|\n|-damage|p2a: Palafin|13\/100 tox|[from] psn\n|upkeep\n|\n|t:|1700935250\n|switch|p1a: Toxapex|Toxapex, M|49\/100\n|-damage|p1a: Toxapex|36\/100|[from] Stealth Rock\n|-damage|p1a: Toxapex|20\/100|[from] Spikes\n|turn|159\n|\n|t:|1700935252\n|move|p2a: Palafin|Boomburst|p1a: Toxapex\n|-damage|p1a: Toxapex|0 fnt\n|faint|p1a: Toxapex\n|\n|win|N-Zoroark stan\n|c|\u2606N-Zoroark stan|ggwp\n|c|\u2606sweepy boi|gg\n","uploadtime":1700935260,"views":9,"p1id":"sweepyboi","p2id":"nzoroarkstan","formatid":"gen9ubers","rating":0,"private":0,"password":""}