{"id":"gen9ubers-1992337242","p1":"nate20042","p2":"Anne Frankkkk","format":"[Gen 9] Ubers","log":"|j|\u2606nate20042\n|j|\u2606Anne Frankkkk\n|t:|1700176113\n|gametype|singles\n|player|p1|nate20042|170|1108\n|player|p2|Anne Frankkkk|hilbert|1176\n|teamsize|p1|6\n|teamsize|p2|6\n|gen|9\n|tier|[Gen 9] Ubers\n|rated|\n|rule|Sleep Clause Mod: Limit one foe put to sleep\n|rule|Species Clause: Limit one of each Pok\u00e9mon\n|rule|OHKO Clause: OHKO moves are banned\n|rule|Evasion Items Clause: Evasion items are banned\n|rule|Evasion Moves Clause: Evasion moves are banned\n|rule|Endless Battle Clause: Forcing endless battles is banned\n|rule|HP Percentage Mod: HP is shown in percentages\n|clearpoke\n|poke|p1|Gholdengo|\n|poke|p1|Annihilape, F|\n|poke|p1|Landorus-Therian, M|\n|poke|p1|Walking Wake|\n|poke|p1|Ogerpon-Hearthflame, F|\n|poke|p1|Glimmora, F|\n|poke|p2|Regieleki|\n|poke|p2|Kyogre|\n|poke|p2|Chien-Pao|\n|poke|p2|Ribombee, F|\n|poke|p2|Miraidon|\n|poke|p2|Flutter Mane|\n|teampreview\n|\n|t:|1700176129\n|start\n|switch|p1a: punching bag|Glimmora, F|100\/100\n|switch|p2a: Cyber Lizard|Miraidon|100\/100\n|-fieldstart|move: Electric Terrain|[from] ability: Hadron Engine|[of] p2a: Cyber Lizard\n|-item|p2a: Cyber Lizard|Air Balloon\n|turn|1\n|inactive|Battle timer is ON: inactive players will automatically lose when time's up. (requested by Anne Frankkkk)\n|\n|t:|1700176138\n|move|p2a: Cyber Lizard|Electro Drift|p1a: punching bag\n|-damage|p1a: punching bag|31\/100\n|-damage|p2a: Cyber Lizard|84\/100|[from] item: Rocky Helmet|[of] p1a: punching bag\n|move|p1a: punching bag|Power Gem|p2a: Cyber Lizard\n|-damage|p2a: Cyber Lizard|57\/100\n|-enditem|p2a: Cyber Lizard|Air Balloon\n|\n|upkeep\n|turn|2\n|\n|t:|1700176150\n|move|p2a: Cyber Lizard|Electro Drift|p1a: punching bag\n|-damage|p1a: punching bag|0 fnt\n|-damage|p2a: Cyber Lizard|40\/100|[from] item: Rocky Helmet|[of] p1a: punching bag\n|faint|p1a: punching bag\n|\n|upkeep\n|\n|t:|1700176163\n|switch|p1a: Annihilape|Annihilape, F, shiny|100\/100\n|turn|3\n|\n|t:|1700176165\n|move|p2a: Cyber Lizard|Electro Drift|p1a: Annihilape\n|-damage|p1a: Annihilape|10\/100\n|move|p1a: Annihilape|Drain Punch|p2a: Cyber Lizard\n|-damage|p2a: Cyber Lizard|2\/100\n|-heal|p1a: Annihilape|28\/100|[from] drain|[of] p2a: Cyber Lizard\n|\n|upkeep\n|turn|4\n|\n|t:|1700176177\n|move|p2a: Cyber Lizard|Electro Drift|p1a: Annihilape\n|-damage|p1a: Annihilape|0 fnt\n|faint|p1a: Annihilape\n|\n|upkeep\n|\n|t:|1700176187\n|switch|p1a: Landorus|Landorus-Therian, M|100\/100\n|-ability|p1a: Landorus|Intimidate|boost\n|-unboost|p2a: Cyber Lizard|atk|1\n|turn|5\n|\n|t:|1700176192\n|move|p2a: Cyber Lizard|Dragon Pulse|p1a: Landorus\n|-damage|p1a: Landorus|39\/100\n|move|p1a: Landorus|U-turn|p2a: Cyber Lizard\n|-damage|p2a: Cyber Lizard|0 fnt\n|faint|p2a: Cyber Lizard\n|\n|t:|1700176201\n|switch|p1a: Ogerpon|Ogerpon-Hearthflame, F|100\/100|[from] U-turn\n|-ability|p1a: Ogerpon|Mold Breaker\n|\n|-fieldend|move: Electric Terrain\n|upkeep\n|\n|t:|1700176206\n|switch|p2a: Misdreavius|Flutter Mane, shiny|100\/100\n|-enditem|p2a: Misdreavius|Booster Energy\n|-activate|p2a: Misdreavius|ability: Protosynthesis|[fromitem]\n|-start|p2a: Misdreavius|protosynthesisspe\n|turn|6\n|\n|t:|1700176211\n|-terastallize|p1a: Ogerpon|Fire\n|detailschange|p1a: Ogerpon|Ogerpon-Hearthflame-Tera, F, tera:Fire\n|-ability|p1a: Ogerpon|Embody Aspect (Hearthflame)|boost\n|-boost|p1a: Ogerpon|atk|1\n|move|p2a: Misdreavius|Power Gem|p1a: Ogerpon\n|-supereffective|p1a: Ogerpon\n|-damage|p1a: Ogerpon|30\/100\n|move|p1a: Ogerpon|Ivy Cudgel|p2a: Misdreavius|[anim] Ivy Cudgel Fire\n|-damage|p2a: Misdreavius|0 fnt\n|faint|p2a: Misdreavius\n|-end|p2a: Misdreavius|Protosynthesis|[silent]\n|\n|upkeep\n|\n|t:|1700176218\n|switch|p2a: Regieleki|Regieleki, shiny|100\/100\n|turn|7\n|\n|t:|1700176225\n|move|p2a: Regieleki|Thunderbolt|p1a: Ogerpon\n|-damage|p1a: Ogerpon|0 fnt\n|faint|p1a: Ogerpon\n|\n|upkeep\n|\n|t:|1700176233\n|switch|p1a: Walking Wake|Walking Wake|100\/100\n|turn|8\n|\n|t:|1700176238\n|-end|p1a: Walking Wake|Protosynthesis|[silent]\n|switch|p1a: Landorus|Landorus-Therian, M|39\/100\n|-ability|p1a: Landorus|Intimidate|boost\n|-unboost|p2a: Regieleki|atk|1\n|move|p2a: Regieleki|Thunderbolt|p1a: Landorus\n|-immune|p1a: Landorus\n|\n|upkeep\n|turn|9\n|\n|t:|1700176246\n|-terastallize|p2a: Regieleki|Ice\n|move|p2a: Regieleki|Tera Blast|p1a: Landorus|[anim] Tera Blast Ice\n|-supereffective|p1a: Landorus\n|-damage|p1a: Landorus|0 fnt\n|faint|p1a: Landorus\n|\n|upkeep\n|\n|t:|1700176252\n|switch|p1a: Gholdeng|Gholdengo|100\/100\n|turn|10\n|\n|t:|1700176258\n|move|p2a: Regieleki|Thunderbolt|p1a: Gholdeng\n|-damage|p1a: Gholdeng|52\/100\n|move|p1a: Gholdeng|Shadow Ball|p2a: Regieleki\n|-damage|p2a: Regieleki|20\/100\n|-unboost|p2a: Regieleki|spd|1\n|\n|-heal|p1a: Gholdeng|58\/100|[from] item: Leftovers\n|upkeep\n|turn|11\n|\n|t:|1700176269\n|move|p2a: Regieleki|Thunderbolt|p1a: Gholdeng\n|-damage|p1a: Gholdeng|5\/100\n|move|p1a: Gholdeng|Make It Rain|p2a: Regieleki\n|-supereffective|p2a: Regieleki\n|-damage|p2a: Regieleki|0 fnt\n|-unboost|p1a: Gholdeng|spa|1\n|faint|p2a: Regieleki\n|\n|-heal|p1a: Gholdeng|11\/100|[from] item: Leftovers\n|upkeep\n|\n|t:|1700176276\n|switch|p2a: Moonblast|Ribombee, F, shiny|100\/100\n|turn|12\n|\n|t:|1700176281\n|move|p2a: Moonblast|Sticky Web|p1a: Gholdeng\n|-sidestart|p1: nate20042|move: Sticky Web\n|move|p1a: Gholdeng|Make It Rain|p2a: Moonblast\n|-supereffective|p2a: Moonblast\n|-enditem|p2a: Moonblast|Focus Sash\n|-damage|p2a: Moonblast|1\/100\n|-unboost|p1a: Gholdeng|spa|1\n|\n|-heal|p1a: Gholdeng|17\/100|[from] item: Leftovers\n|upkeep\n|turn|13\n|\n|t:|1700176291\n|move|p2a: Moonblast|Moonblast|p1a: Gholdeng\n|-resisted|p1a: Gholdeng\n|-damage|p1a: Gholdeng|0 fnt\n|faint|p1a: Gholdeng\n|\n|upkeep\n|\n|t:|1700176297\n|switch|p1a: Walking Wake|Walking Wake|100\/100\n|-activate|p1a: Walking Wake|move: Sticky Web\n|-unboost|p1a: Walking Wake|spe|1\n|turn|14\n|\n|t:|1700176302\n|move|p2a: Moonblast|Moonblast|p1a: Walking Wake\n|-supereffective|p1a: Walking Wake\n|-damage|p1a: Walking Wake|7\/100\n|move|p1a: Walking Wake|Flamethrower|p2a: Moonblast\n|-supereffective|p2a: Moonblast\n|-damage|p2a: Moonblast|0 fnt\n|faint|p2a: Moonblast\n|\n|upkeep\n|\n|t:|1700176305\n|switch|p2a: OHKO|Kyogre|100\/100\n|-weather|RainDance|[from] ability: Drizzle|[of] p2a: OHKO\n|turn|15\n|-message|nate20042 forfeited.\n|\n|win|Anne Frankkkk\n|raw|nate20042's rating: 1108 &rarr; <strong>1088<\/strong><br \/>(-20 for losing)\n|raw|Anne Frankkkk's rating: 1176 &rarr; <strong>1196<\/strong><br \/>(+20 for winning)\n|l|\u2606nate20042\n","uploadtime":1700176324,"views":6,"p1id":"nate20042","p2id":"annefrankkkk","formatid":"gen9ubers","rating":1088,"private":0,"password":""}