{"id":"gen9ubers-1991172514","p1":"UwUmaster0503","p2":"liahuos","format":"[Gen 9] Ubers","log":"|j|\u2606UwUmaster0503\n|j|\u2606liahuos\n|t:|1700053309\n|gametype|singles\n|player|p1|UwUmaster0503|depotagent|1043\n|player|p2|liahuos|102|1156\n|teamsize|p1|6\n|teamsize|p2|6\n|gen|9\n|tier|[Gen 9] Ubers\n|rated|\n|rule|Sleep Clause Mod: Limit one foe put to sleep\n|rule|Species Clause: Limit one of each Pok\u00e9mon\n|rule|OHKO Clause: OHKO moves are banned\n|rule|Evasion Items Clause: Evasion items are banned\n|rule|Evasion Moves Clause: Evasion moves are banned\n|rule|Endless Battle Clause: Forcing endless battles is banned\n|rule|HP Percentage Mod: HP is shown in percentages\n|clearpoke\n|poke|p1|Chien-Pao|\n|poke|p1|Gholdengo|\n|poke|p1|Tyranitar, F|\n|poke|p1|Quaquaval, M|\n|poke|p1|Amoonguss, M|\n|poke|p1|Iron Treads|\n|poke|p2|Magearna|\n|poke|p2|Palkia-Origin|\n|poke|p2|Gholdengo|\n|poke|p2|Forretress, F|\n|poke|p2|Dragonite, F|\n|poke|p2|Urshifu-*, F|\n|teampreview\n|\n|t:|1700053315\n|start\n|switch|p1a: Quaquaval|Quaquaval, M|100\/100\n|switch|p2a: Forretress|Forretress, F|100\/100\n|turn|1\n|\n|t:|1700053322\n|move|p1a: Quaquaval|Close Combat|p2a: Forretress\n|-damage|p2a: Forretress|64\/100\n|-unboost|p1a: Quaquaval|def|1\n|-unboost|p1a: Quaquaval|spd|1\n|move|p2a: Forretress|Stealth Rock|p1a: Quaquaval\n|-sidestart|p1: UwUmaster0503|move: Stealth Rock\n|\n|-heal|p2a: Forretress|70\/100|[from] item: Leftovers\n|upkeep\n|turn|2\n|\n|t:|1700053329\n|switch|p2a: Gholdengo|Gholdengo|100\/100\n|-item|p2a: Gholdengo|Air Balloon\n|move|p1a: Quaquaval|Bulk Up|p1a: Quaquaval\n|-boost|p1a: Quaquaval|atk|1\n|-boost|p1a: Quaquaval|def|1\n|\n|upkeep\n|turn|3\n|c|\u2606liahuos|!weak quaquaval\n|c| liahuos|\/raw <div class=\"infobox\">Quaquaval (ignoring abilities):<br \/><span class=\"message-effect-weak\">Weaknesses<\/span>: Electric, Fairy, Flying, Grass, Psychic<br \/><span class=\"message-effect-resist\">Resistances<\/span>: Bug, Dark, Fire, Ice, Rock, Steel, Water<br \/><span class=\"message-effect-immune\">Immunities<\/span>: <font color=#999999>None<\/font><\/div>\n|inactive|Battle timer is ON: inactive players will automatically lose when time's up. (requested by UwUmaster0503)\n|\n|t:|1700053362\n|move|p2a: Gholdengo|Shadow Ball|p1a: Quaquaval\n|-damage|p1a: Quaquaval|27\/100\n|move|p1a: Quaquaval|Bulk Up|p1a: Quaquaval\n|-boost|p1a: Quaquaval|atk|1\n|-boost|p1a: Quaquaval|def|1\n|\n|upkeep\n|turn|4\n|\n|t:|1700053376\n|move|p2a: Gholdengo|Shadow Ball|p1a: Quaquaval\n|-damage|p1a: Quaquaval|0 fnt\n|faint|p1a: Quaquaval\n|\n|upkeep\n|\n|t:|1700053380\n|switch|p1a: Tyranitar|Tyranitar, F|100\/100\n|-damage|p1a: Tyranitar|88\/100|[from] Stealth Rock\n|-weather|Sandstorm|[from] ability: Sand Stream|[of] p1a: Tyranitar\n|turn|5\n|\n|t:|1700053387\n|switch|p2a: Urshifu|Urshifu, F|100\/100\n|move|p1a: Tyranitar|Fire Punch|p2a: Urshifu\n|-damage|p2a: Urshifu|79\/100\n|\n|-weather|Sandstorm|[upkeep]\n|-damage|p2a: Urshifu|72\/100|[from] Sandstorm\n|upkeep\n|turn|6\n|\n|t:|1700053402\n|switch|p1a: Gholdengo|Gholdengo|100\/100\n|-damage|p1a: Gholdengo|94\/100|[from] Stealth Rock\n|move|p2a: Urshifu|U-turn|p1a: Gholdengo\n|-resisted|p1a: Gholdengo\n|-damage|p1a: Gholdengo|85\/100\n|\n|t:|1700053417\n|switch|p2a: Dragonite|Dragonite, F|100\/100|[from] U-turn\n|\n|-weather|Sandstorm|[upkeep]\n|-damage|p2a: Dragonite|94\/100|[from] Sandstorm\n|-heal|p1a: Gholdengo|92\/100|[from] item: Leftovers\n|upkeep\n|turn|7\n|\n|t:|1700053433\n|move|p2a: Dragonite|Earthquake|p1a: Gholdengo\n|-supereffective|p1a: Gholdengo\n|-damage|p1a: Gholdengo|16\/100\n|move|p1a: Gholdengo|Nasty Plot|p1a: Gholdengo\n|-boost|p1a: Gholdengo|spa|2\n|\n|-weather|Sandstorm|[upkeep]\n|-damage|p2a: Dragonite|88\/100|[from] Sandstorm\n|-heal|p1a: Gholdengo|22\/100|[from] item: Leftovers\n|upkeep\n|turn|8\n|\n|t:|1700053438\n|move|p2a: Dragonite|Earthquake|p1a: Gholdengo\n|-supereffective|p1a: Gholdengo\n|-damage|p1a: Gholdengo|0 fnt\n|faint|p1a: Gholdengo\n|\n|-weather|Sandstorm|[upkeep]\n|-damage|p2a: Dragonite|82\/100|[from] Sandstorm\n|upkeep\n|\n|t:|1700053442\n|switch|p1a: Chien-Pao|Chien-Pao|100\/100\n|-damage|p1a: Chien-Pao|76\/100|[from] Stealth Rock\n|-ability|p1a: Chien-Pao|Sword of Ruin\n|turn|9\n|\n|t:|1700053445\n|move|p2a: Dragonite|Extreme Speed|p1a: Chien-Pao\n|-damage|p1a: Chien-Pao|31\/100\n|move|p1a: Chien-Pao|Ice Spinner|p2a: Dragonite\n|-supereffective|p2a: Dragonite\n|-damage|p2a: Dragonite|0 fnt\n|faint|p2a: Dragonite\n|\n|-weather|none\n|upkeep\n|\n|t:|1700053454\n|switch|p2a: Urshifu|Urshifu, F|72\/100\n|turn|10\n|\n|t:|1700053470\n|move|p2a: Urshifu|Sucker Punch|p1a: Chien-Pao\n|-resisted|p1a: Chien-Pao\n|-damage|p1a: Chien-Pao|0 fnt\n|faint|p1a: Chien-Pao\n|\n|upkeep\n|\n|t:|1700053475\n|switch|p1a: Amoonguss|Amoonguss, M|100\/100\n|-damage|p1a: Amoonguss|88\/100|[from] Stealth Rock\n|turn|11\n|\n|t:|1700053482\n|switch|p2a: Magearna|Magearna|100\/100\n|move|p1a: Amoonguss|Sludge Bomb|p2a: Magearna\n|-immune|p2a: Magearna\n|\n|-heal|p1a: Amoonguss|94\/100|[from] item: Black Sludge\n|upkeep\n|turn|12\n|\n|t:|1700053493\n|switch|p1a: Iron Treads|Iron Treads|100\/100\n|-damage|p1a: Iron Treads|97\/100|[from] Stealth Rock\n|move|p2a: Magearna|Trick|p1a: Iron Treads\n|-activate|p2a: Magearna|move: Trick|[of] p1a: Iron Treads\n|-item|p1a: Iron Treads|Choice Specs|[from] move: Trick\n|-item|p2a: Magearna|Leftovers|[from] move: Trick\n|\n|upkeep\n|turn|13\n|\n|t:|1700053505\n|switch|p2a: Forretress|Forretress, F|70\/100\n|move|p1a: Iron Treads|Rapid Spin|p2a: Forretress\n|-resisted|p2a: Forretress\n|-damage|p2a: Forretress|67\/100\n|-boost|p1a: Iron Treads|spe|1\n|-sideend|p1: UwUmaster0503|Stealth Rock|[from] move: Rapid Spin|[of] p1a: Iron Treads\n|\n|-heal|p2a: Forretress|73\/100|[from] item: Leftovers\n|upkeep\n|turn|14\n|\n|t:|1700053529\n|-end|p1a: Iron Treads|Quark Drive|[silent]\n|switch|p1a: Tyranitar|Tyranitar, F|88\/100\n|-weather|Sandstorm|[from] ability: Sand Stream|[of] p1a: Tyranitar\n|move|p2a: Forretress|Stealth Rock|p1a: Tyranitar\n|-sidestart|p1: UwUmaster0503|move: Stealth Rock\n|\n|-weather|Sandstorm|[upkeep]\n|-heal|p2a: Forretress|79\/100|[from] item: Leftovers\n|upkeep\n|turn|15\n|\n|t:|1700053533\n|move|p1a: Tyranitar|Fire Punch|p2a: Forretress\n|-supereffective|p2a: Forretress\n|-damage|p2a: Forretress|33\/100\n|move|p2a: Forretress|Spikes|p1a: Tyranitar\n|-sidestart|p1: UwUmaster0503|Spikes\n|\n|-weather|Sandstorm|[upkeep]\n|-heal|p2a: Forretress|39\/100|[from] item: Leftovers\n|upkeep\n|turn|16\n|\n|t:|1700053537\n|move|p1a: Tyranitar|Fire Punch|p2a: Forretress\n|-supereffective|p2a: Forretress\n|-damage|p2a: Forretress|0 fnt\n|faint|p2a: Forretress\n|\n|-weather|Sandstorm|[upkeep]\n|upkeep\n|\n|t:|1700053543\n|switch|p2a: Palkia|Palkia-Origin|100\/100\n|-ability|p2a: Palkia|Pressure\n|turn|17\n|\n|t:|1700053553\n|switch|p1a: Amoonguss|Amoonguss, M|100\/100\n|-damage|p1a: Amoonguss|88\/100|[from] Stealth Rock\n|-damage|p1a: Amoonguss|75\/100|[from] Spikes\n|move|p2a: Palkia|Hydro Pump|p1a: Amoonguss\n|-resisted|p1a: Amoonguss\n|-damage|p1a: Amoonguss|44\/100\n|\n|-weather|Sandstorm|[upkeep]\n|-damage|p2a: Palkia|94\/100|[from] Sandstorm\n|-damage|p1a: Amoonguss|38\/100|[from] Sandstorm\n|-heal|p1a: Amoonguss|44\/100|[from] item: Black Sludge\n|upkeep\n|turn|18\n|\n|t:|1700053560\n|switch|p2a: Magearna|Magearna|100\/100\n|move|p1a: Amoonguss|Toxic|p2a: Magearna\n|-immune|p2a: Magearna\n|\n|-weather|none\n|-heal|p1a: Amoonguss|50\/100|[from] item: Black Sludge\n|upkeep\n|turn|19\n|\n|t:|1700053578\n|move|p2a: Magearna|Volt Switch|p1a: Amoonguss\n|-resisted|p1a: Amoonguss\n|-damage|p1a: Amoonguss|42\/100\n|\n|t:|1700053589\n|switch|p2a: Gholdengo|Gholdengo|100\/100|[from] Volt Switch\n|-item|p2a: Gholdengo|Air Balloon\n|move|p1a: Amoonguss|Synthesis|p1a: Amoonguss\n|-heal|p1a: Amoonguss|92\/100\n|\n|-heal|p1a: Amoonguss|98\/100|[from] item: Black Sludge\n|upkeep\n|turn|20\n|\n|t:|1700053598\n|move|p2a: Gholdengo|Nasty Plot|p2a: Gholdengo\n|-boost|p2a: Gholdengo|spa|2\n|move|p1a: Amoonguss|Sludge Bomb|p2a: Gholdengo\n|-immune|p2a: Gholdengo\n|\n|-heal|p1a: Amoonguss|100\/100|[from] item: Black Sludge\n|upkeep\n|turn|21\n|\n|t:|1700053605\n|switch|p1a: Tyranitar|Tyranitar, F|88\/100\n|-damage|p1a: Tyranitar|76\/100|[from] Stealth Rock\n|-damage|p1a: Tyranitar|63\/100|[from] Spikes\n|-weather|Sandstorm|[from] ability: Sand Stream|[of] p1a: Tyranitar\n|move|p2a: Gholdengo|Make It Rain|p1a: Tyranitar\n|-supereffective|p1a: Tyranitar\n|-damage|p1a: Tyranitar|0 fnt\n|-unboost|p2a: Gholdengo|spa|1\n|faint|p1a: Tyranitar\n|\n|-weather|Sandstorm|[upkeep]\n|upkeep\n|\n|t:|1700053628\n|switch|p1a: Amoonguss|Amoonguss, M|100\/100\n|-damage|p1a: Amoonguss|88\/100|[from] Stealth Rock\n|-damage|p1a: Amoonguss|75\/100|[from] Spikes\n|turn|22\n|\n|t:|1700053633\n|move|p2a: Gholdengo|Shadow Ball|p1a: Amoonguss\n|-damage|p1a: Amoonguss|11\/100\n|move|p1a: Amoonguss|Giga Drain|p2a: Gholdengo\n|-resisted|p2a: Gholdengo\n|-damage|p2a: Gholdengo|87\/100\n|-heal|p1a: Amoonguss|16\/100|[from] drain|[of] p2a: Gholdengo\n|-enditem|p2a: Gholdengo|Air Balloon\n|\n|-weather|Sandstorm|[upkeep]\n|-damage|p1a: Amoonguss|10\/100|[from] Sandstorm\n|-heal|p1a: Amoonguss|16\/100|[from] item: Black Sludge\n|upkeep\n|turn|23\n|\n|t:|1700053639\n|move|p2a: Gholdengo|Shadow Ball|p1a: Amoonguss\n|-damage|p1a: Amoonguss|0 fnt\n|faint|p1a: Amoonguss\n|\n|-weather|Sandstorm|[upkeep]\n|upkeep\n|\n|t:|1700053645\n|switch|p1a: Iron Treads|Iron Treads|97\/100\n|-damage|p1a: Iron Treads|94\/100|[from] Stealth Rock\n|-damage|p1a: Iron Treads|82\/100|[from] Spikes\n|turn|24\n|\n|t:|1700053652\n|move|p2a: Gholdengo|Shadow Ball|p1a: Iron Treads\n|-damage|p1a: Iron Treads|5\/100\n|-unboost|p1a: Iron Treads|spd|1\n|move|p1a: Iron Treads|Rapid Spin|p2a: Gholdengo\n|-immune|p2a: Gholdengo\n|\n|-weather|Sandstorm|[upkeep]\n|upkeep\n|turn|25\n|\n|t:|1700053658\n|move|p2a: Gholdengo|Shadow Ball|p1a: Iron Treads\n|-damage|p1a: Iron Treads|0 fnt\n|faint|p1a: Iron Treads\n|-end|p1a: Iron Treads|Quark Drive|[silent]\n|\n|win|liahuos\n|raw|UwUmaster0503's rating: 1043 &rarr; <strong>1032<\/strong><br \/>(-11 for losing)\n|raw|liahuos's rating: 1156 &rarr; <strong>1173<\/strong><br \/>(+17 for winning)\n|l|\u2606UwUmaster0503\n","uploadtime":1700053670,"views":10,"p1id":"uwumaster0503","p2id":"liahuos","formatid":"gen9ubers","rating":1032,"private":0,"password":""}