{"id":"gen9ubers-1997080158","p1":"Skotchaud","p2":"Aaron MA","format":"[Gen 9] Ubers","log":"|j|\u2606Skotchaud\n|j|\u2606Aaron MA\n|t:|1700762475\n|gametype|singles\n|player|p1|Skotchaud|noland|\n|player|p2|Aaron MA|266|\n|teamsize|p1|6\n|teamsize|p2|6\n|gen|9\n|tier|[Gen 9] Ubers\n|rule|Sleep Clause Mod: Limit one foe put to sleep\n|rule|Species Clause: Limit one of each Pok\u00e9mon\n|rule|OHKO Clause: OHKO moves are banned\n|rule|Evasion Items Clause: Evasion items are banned\n|rule|Evasion Moves Clause: Evasion moves are banned\n|rule|Endless Battle Clause: Forcing endless battles is banned\n|rule|HP Percentage Mod: HP is shown in percentages\n|clearpoke\n|poke|p1|Torkoal, F|\n|poke|p1|Walking Wake|\n|poke|p1|Rillaboom, M|\n|poke|p1|Sneasler, F|\n|poke|p1|Ceruledge, M|\n|poke|p1|Dondozo, F|\n|poke|p2|Samurott-Hisui, M|\n|poke|p2|Zapdos|\n|poke|p2|Slowking-Galar, F|\n|poke|p2|Baxcalibur, M|\n|poke|p2|Meowscarada, M|\n|poke|p2|Great Tusk|\n|teampreview\n|\n|t:|1700762495\n|start\n|switch|p1a: Torkoal|Torkoal, F|100\/100\n|switch|p2a: Great Tusk|Great Tusk|100\/100\n|-weather|SunnyDay|[from] ability: Drought|[of] p1a: Torkoal\n|-activate|p2a: Great Tusk|ability: Protosynthesis\n|-start|p2a: Great Tusk|protosynthesisatk\n|turn|1\n|\n|t:|1700762508\n|switch|p1a: Rillaboom|Rillaboom, M|100\/100\n|-fieldstart|move: Grassy Terrain|[from] ability: Grassy Surge|[of] p1a: Rillaboom\n|move|p2a: Great Tusk|Headlong Rush|p1a: Rillaboom\n|-resisted|p1a: Rillaboom\n|-damage|p1a: Rillaboom|39\/100\n|-unboost|p2a: Great Tusk|def|1\n|-unboost|p2a: Great Tusk|spd|1\n|\n|-weather|SunnyDay|[upkeep]\n|-heal|p1a: Rillaboom|45\/100|[from] Grassy Terrain\n|upkeep\n|turn|2\n|\n|t:|1700762527\n|-end|p2a: Great Tusk|Protosynthesis|[silent]\n|switch|p2a: Zapdos|Zapdos|100\/100\n|move|p1a: Rillaboom|U-turn|p2a: Zapdos\n|-resisted|p2a: Zapdos\n|-damage|p2a: Zapdos|79\/100\n|\n|t:|1700762535\n|switch|p1a: Walking Wake|Walking Wake|100\/100|[from] U-turn\n|-activate|p1a: Walking Wake|ability: Protosynthesis\n|-start|p1a: Walking Wake|protosynthesisspe\n|\n|-weather|SunnyDay|[upkeep]\n|upkeep\n|turn|3\n|\n|t:|1700762557\n|move|p1a: Walking Wake|Hydro Steam|p2a: Zapdos\n|-damage|p2a: Zapdos|0 fnt\n|faint|p2a: Zapdos\n|\n|-weather|SunnyDay|[upkeep]\n|upkeep\n|\n|t:|1700762573\n|switch|p2a: Samurott|Samurott-Hisui, M|100\/100\n|turn|4\n|\n|t:|1700762581\n|move|p1a: Walking Wake|Hydro Steam|p2a: Samurott\n|-resisted|p2a: Samurott\n|-crit|p2a: Samurott\n|-enditem|p2a: Samurott|Focus Sash\n|-damage|p2a: Samurott|1\/100\n|move|p2a: Samurott|Ceaseless Edge|p1a: Walking Wake|[miss]\n|-miss|p2a: Samurott|p1a: Walking Wake\n|\n|-weather|SunnyDay|[upkeep]\n|-heal|p2a: Samurott|7\/100|[from] Grassy Terrain\n|upkeep\n|turn|5\n|\n|t:|1700762593\n|move|p2a: Samurott|Sucker Punch|p1a: Walking Wake\n|-damage|p1a: Walking Wake|66\/100\n|move|p1a: Walking Wake|Hydro Steam|p2a: Samurott\n|-resisted|p2a: Samurott\n|-damage|p2a: Samurott|0 fnt\n|faint|p2a: Samurott\n|\n|-weather|SunnyDay|[upkeep]\n|-heal|p1a: Walking Wake|72\/100|[from] Grassy Terrain\n|-fieldend|move: Grassy Terrain\n|upkeep\n|\n|t:|1700762608\n|switch|p2a: Slowking|Slowking-Galar, F|100\/100\n|turn|6\n|\n|t:|1700762630\n|-end|p1a: Walking Wake|Protosynthesis|[silent]\n|switch|p1a: Rillaboom|Rillaboom, M|45\/100\n|-fieldstart|move: Grassy Terrain|[from] ability: Grassy Surge|[of] p1a: Rillaboom\n|move|p2a: Slowking|Chilly Reception|p2a: Slowking\n|-weather|Snow\n|\n|t:|1700762637\n|switch|p2a: Meowscarada|Meowscarada, M|100\/100|[from] Chilly Reception\n|\n|-weather|Snow|[upkeep]\n|-heal|p1a: Rillaboom|51\/100|[from] Grassy Terrain\n|upkeep\n|turn|7\n|\n|t:|1700762646\n|switch|p1a: La Sweepeuse|Sneasler, F, shiny|100\/100\n|-enditem|p1a: La Sweepeuse|Grassy Seed\n|-boost|p1a: La Sweepeuse|def|1|[from] item: Grassy Seed\n|move|p2a: Meowscarada|Knock Off|p1a: La Sweepeuse\n|-start|p2a: Meowscarada|typechange|Dark|[from] ability: Protean\n|-resisted|p1a: La Sweepeuse\n|-damage|p1a: La Sweepeuse|85\/100\n|\n|-weather|Snow|[upkeep]\n|-heal|p1a: La Sweepeuse|91\/100|[from] Grassy Terrain\n|upkeep\n|turn|8\n|\n|t:|1700762660\n|switch|p2a: Slowking|Slowking-Galar, F|100\/100\n|move|p1a: La Sweepeuse|Swords Dance|p1a: La Sweepeuse\n|-boost|p1a: La Sweepeuse|atk|2\n|\n|-weather|Snow|[upkeep]\n|-heal|p1a: La Sweepeuse|97\/100|[from] Grassy Terrain\n|upkeep\n|turn|9\n|\n|t:|1700762675\n|move|p1a: La Sweepeuse|Swords Dance|p1a: La Sweepeuse\n|-boost|p1a: La Sweepeuse|atk|2\n|move|p2a: Slowking|Future Sight|p1a: La Sweepeuse\n|-start|p2a: Slowking|move: Future Sight\n|\n|-weather|Snow|[upkeep]\n|-heal|p1a: La Sweepeuse|100\/100|[from] Grassy Terrain\n|upkeep\n|turn|10\n|\n|t:|1700762692\n|move|p1a: La Sweepeuse|Night Slash|p2a: Slowking\n|-supereffective|p2a: Slowking\n|-damage|p2a: Slowking|0 fnt\n|faint|p2a: Slowking\n|\n|-weather|none\n|-fieldend|move: Grassy Terrain\n|upkeep\n|\n|t:|1700762701\n|switch|p2a: Meowscarada|Meowscarada, M|100\/100\n|turn|11\n|\n|t:|1700762707\n|-terastallize|p1a: La Sweepeuse|Flying\n|move|p1a: La Sweepeuse|Acrobatics|p2a: Meowscarada\n|-supereffective|p2a: Meowscarada\n|-damage|p2a: Meowscarada|0 fnt\n|faint|p2a: Meowscarada\n|\n|-end|p1a: La Sweepeuse|move: Future Sight\n|-damage|p1a: La Sweepeuse|36\/100\n|upkeep\n|\n|t:|1700762728\n|switch|p2a: Great Tusk|Great Tusk|100\/100\n|turn|12\n|\n|t:|1700762739\n|-terastallize|p2a: Great Tusk|Steel\n|move|p1a: La Sweepeuse|Close Combat|p2a: Great Tusk\n|-supereffective|p2a: Great Tusk\n|-damage|p2a: Great Tusk|0 fnt\n|-unboost|p1a: La Sweepeuse|def|1\n|-unboost|p1a: La Sweepeuse|spd|1\n|faint|p2a: Great Tusk\n|-end|p2a: Great Tusk|Protosynthesis|[silent]\n|\n|upkeep\n|\n|t:|1700762748\n|switch|p2a: Baxcalibur|Baxcalibur, M|100\/100\n|turn|13\n|\n|t:|1700762754\n|move|p1a: La Sweepeuse|Close Combat|p2a: Baxcalibur\n|-supereffective|p2a: Baxcalibur\n|-damage|p2a: Baxcalibur|0 fnt\n|-unboost|p1a: La Sweepeuse|def|1\n|-unboost|p1a: La Sweepeuse|spd|1\n|faint|p2a: Baxcalibur\n|\n|win|Skotchaud\n","uploadtime":1700762760,"views":5,"p1id":"skotchaud","p2id":"aaronma","formatid":"gen9ubers","rating":0,"private":0,"password":""}