{"id":"gen9ubers-1984865132","p1":"Anne Frankkkk","p2":"JustVoidtxy","format":"[Gen 9] Ubers","log":"|j|\u2606Anne Frankkkk\n|j|\u2606JustVoidtxy\n|t:|1699305683\n|gametype|singles\n|player|p1|Anne Frankkkk|hilbert|1204\n|player|p2|JustVoidtxy|clerk|1190\n|teamsize|p1|6\n|teamsize|p2|6\n|gen|9\n|tier|[Gen 9] Ubers\n|rated|\n|rule|Sleep Clause Mod: Limit one foe put to sleep\n|rule|Species Clause: Limit one of each Pok\u00e9mon\n|rule|OHKO Clause: OHKO moves are banned\n|rule|Evasion Items Clause: Evasion items are banned\n|rule|Evasion Moves Clause: Evasion moves are banned\n|rule|Endless Battle Clause: Forcing endless battles is banned\n|rule|HP Percentage Mod: HP is shown in percentages\n|clearpoke\n|poke|p1|Iron Hands|\n|poke|p1|Kyogre|\n|poke|p1|Chien-Pao|\n|poke|p1|Ribombee, F|\n|poke|p1|Miraidon|\n|poke|p1|Flutter Mane|\n|poke|p2|Flutter Mane|\n|poke|p2|Regieleki|\n|poke|p2|Ursaluna, F|\n|poke|p2|Iron Bundle|\n|poke|p2|Volcarona, F|\n|poke|p2|Baxcalibur, F|\n|teampreview\n|inactive|Battle timer is ON: inactive players will automatically lose when time's up. (requested by JustVoidtxy)\n|\n|t:|1699305690\n|start\n|switch|p1a: Moonblast|Ribombee, F, shiny|100\/100\n|switch|p2a: Baxcalibur|Baxcalibur, F|100\/100\n|turn|1\n|\n|t:|1699305695\n|-terastallize|p2a: Baxcalibur|Fairy\n|move|p1a: Moonblast|Sticky Web|p2a: Baxcalibur\n|-sidestart|p2: JustVoidtxy|move: Sticky Web\n|move|p2a: Baxcalibur|Dragon Dance|p2a: Baxcalibur\n|-boost|p2a: Baxcalibur|atk|1\n|-boost|p2a: Baxcalibur|spe|1\n|\n|upkeep\n|turn|2\n|\n|t:|1699305706\n|move|p2a: Baxcalibur|Icicle Spear|p1a: Moonblast\n|-damage|p1a: Moonblast|55\/100\n|-crit|p1a: Moonblast\n|-damage|p1a: Moonblast|0 fnt\n|faint|p1a: Moonblast\n|-hitcount|p1: Moonblast|2\n|\n|upkeep\n|\n|t:|1699305718\n|switch|p1a: Big Boy|Iron Hands, shiny|100\/100\n|turn|3\n|\n|t:|1699305722\n|move|p1a: Big Boy|Fake Out|p2a: Baxcalibur\n|-damage|p2a: Baxcalibur|84\/100\n|cant|p2a: Baxcalibur|flinch\n|\n|upkeep\n|turn|4\n|\n|t:|1699305724\n|move|p2a: Baxcalibur|Scale Shot|p1a: Big Boy\n|-damage|p1a: Big Boy|84\/100\n|-damage|p1a: Big Boy|71\/100\n|-damage|p1a: Big Boy|55\/100\n|-damage|p1a: Big Boy|42\/100\n|-crit|p1a: Big Boy\n|-damage|p1a: Big Boy|21\/100\n|-hitcount|p1a: Big Boy|5\n|-unboost|p2a: Baxcalibur|def|1\n|-boost|p2a: Baxcalibur|spe|1\n|move|p1a: Big Boy|Wild Charge|p2a: Baxcalibur\n|-damage|p2a: Baxcalibur|2\/100\n|-damage|p1a: Big Boy|6\/100|[from] Recoil\n|\n|upkeep\n|turn|5\n|\n|t:|1699305737\n|move|p2a: Baxcalibur|Scale Shot|p1a: Big Boy\n|-damage|p1a: Big Boy|0 fnt\n|faint|p1a: Big Boy\n|-end|p1a: Big Boy|Quark Drive|[silent]\n|-hitcount|p1: Big Boy|1\n|-unboost|p2a: Baxcalibur|def|1\n|-boost|p2a: Baxcalibur|spe|1\n|\n|upkeep\n|\n|t:|1699305742\n|switch|p1a: Ice Cat|Chien-Pao|100\/100\n|-ability|p1a: Ice Cat|Sword of Ruin\n|turn|6\n|\n|t:|1699305748\n|move|p1a: Ice Cat|Sucker Punch||[still]\n|-fail|p1a: Ice Cat\n|move|p2a: Baxcalibur|Dragon Dance|p2a: Baxcalibur\n|-boost|p2a: Baxcalibur|atk|1\n|-boost|p2a: Baxcalibur|spe|1\n|\n|upkeep\n|turn|7\n|\n|t:|1699305753\n|move|p1a: Ice Cat|Sucker Punch|p2a: Baxcalibur\n|-resisted|p2a: Baxcalibur\n|-damage|p2a: Baxcalibur|0 fnt\n|faint|p2a: Baxcalibur\n|-damage|p1a: Ice Cat|91\/100|[from] item: Life Orb\n|\n|upkeep\n|\n|t:|1699305764\n|switch|p2a: Volcarona|Volcarona, F|100\/100\n|-activate|p2a: Volcarona|move: Sticky Web\n|-unboost|p2a: Volcarona|spe|1\n|turn|8\n|\n|t:|1699305770\n|move|p1a: Ice Cat|Swords Dance|p1a: Ice Cat\n|-boost|p1a: Ice Cat|atk|2\n|move|p2a: Volcarona|Fiery Dance|p1a: Ice Cat\n|-supereffective|p1a: Ice Cat\n|-damage|p1a: Ice Cat|0 fnt\n|-boost|p2a: Volcarona|spa|1\n|faint|p1a: Ice Cat\n|\n|upkeep\n|\n|t:|1699305779\n|switch|p1a: OHKO|Kyogre|100\/100\n|-weather|RainDance|[from] ability: Drizzle|[of] p1a: OHKO\n|turn|9\n|\n|t:|1699305793\n|move|p1a: OHKO|Water Spout|p2a: Volcarona\n|-supereffective|p2a: Volcarona\n|-damage|p2a: Volcarona|0 fnt\n|faint|p2a: Volcarona\n|\n|-weather|RainDance|[upkeep]\n|upkeep\n|\n|t:|1699305797\n|switch|p2a: Regieleki|Regieleki|100\/100\n|-item|p2a: Regieleki|Air Balloon\n|turn|10\n|\n|t:|1699305808\n|switch|p1a: Misdreavius|Flutter Mane, shiny|100\/100\n|-enditem|p1a: Misdreavius|Booster Energy\n|-activate|p1a: Misdreavius|ability: Protosynthesis|[fromitem]\n|-start|p1a: Misdreavius|protosynthesisspe\n|move|p2a: Regieleki|Volt Switch|p1a: Misdreavius\n|-damage|p1a: Misdreavius|59\/100\n|\n|t:|1699305815\n|switch|p2a: Ursaluna|Ursaluna, F|100\/100|[from] Volt Switch\n|-activate|p2a: Ursaluna|move: Sticky Web\n|-unboost|p2a: Ursaluna|spe|1\n|\n|-weather|RainDance|[upkeep]\n|-status|p2a: Ursaluna|brn|[from] item: Flame Orb\n|upkeep\n|turn|11\n|\n|t:|1699305821\n|move|p1a: Misdreavius|Moonblast|p2a: Ursaluna\n|-damage|p2a: Ursaluna|56\/100 brn\n|move|p2a: Ursaluna|Earthquake|p1a: Misdreavius\n|-damage|p1a: Misdreavius|0 fnt\n|faint|p1a: Misdreavius\n|-end|p1a: Misdreavius|Protosynthesis|[silent]\n|\n|-weather|RainDance|[upkeep]\n|-damage|p2a: Ursaluna|50\/100 brn|[from] brn\n|upkeep\n|\n|t:|1699305827\n|switch|p1a: OHKO|Kyogre|100\/100\n|turn|12\n|\n|t:|1699305831\n|move|p1a: OHKO|Origin Pulse|p2a: Ursaluna\n|-supereffective|p2a: Ursaluna\n|-damage|p2a: Ursaluna|0 fnt\n|faint|p2a: Ursaluna\n|\n|-weather|RainDance|[upkeep]\n|upkeep\n|\n|t:|1699305835\n|switch|p2a: Regieleki|Regieleki|100\/100\n|-item|p2a: Regieleki|Air Balloon\n|turn|13\n|\n|t:|1699305841\n|move|p2a: Regieleki|Light Screen|p2a: Regieleki\n|-sidestart|p2: JustVoidtxy|move: Light Screen\n|move|p1a: OHKO|Origin Pulse|p2a: Regieleki\n|-damage|p2a: Regieleki|0 fnt\n|-enditem|p2a: Regieleki|Air Balloon\n|faint|p2a: Regieleki\n|\n|-weather|none\n|upkeep\n|\n|t:|1699305845\n|switch|p2a: Iron Bundle|Iron Bundle|100\/100\n|-activate|p2a: Iron Bundle|move: Sticky Web\n|-unboost|p2a: Iron Bundle|spe|1\n|turn|14\n|\n|t:|1699305848\n|switch|p1a: Cyber Lizard|Miraidon|100\/100\n|-fieldstart|move: Electric Terrain|[from] ability: Hadron Engine|[of] p1a: Cyber Lizard\n|-activate|p2a: Iron Bundle|ability: Quark Drive\n|-start|p2a: Iron Bundle|quarkdrivespa\n|-item|p1a: Cyber Lizard|Air Balloon\n|move|p2a: Iron Bundle|Freeze-Dry|p1a: Cyber Lizard\n|-supereffective|p1a: Cyber Lizard\n|-damage|p1a: Cyber Lizard|0 fnt\n|-enditem|p1a: Cyber Lizard|Air Balloon\n|faint|p1a: Cyber Lizard\n|-damage|p2a: Iron Bundle|91\/100|[from] item: Life Orb\n|\n|upkeep\n|\n|t:|1699305852\n|switch|p1a: OHKO|Kyogre|100\/100\n|-weather|RainDance|[from] ability: Drizzle|[of] p1a: OHKO\n|turn|15\n|\n|t:|1699305856\n|-terastallize|p1a: OHKO|Water\n|move|p1a: OHKO|Water Spout|p2a: Iron Bundle\n|-resisted|p2a: Iron Bundle\n|-damage|p2a: Iron Bundle|0 fnt\n|faint|p2a: Iron Bundle\n|-end|p2a: Iron Bundle|Quark Drive|[silent]\n|\n|-weather|RainDance|[upkeep]\n|upkeep\n|\n|t:|1699305861\n|switch|p2a: Flutter Mane|Flutter Mane|100\/100\n|-activate|p2a: Flutter Mane|move: Sticky Web\n|-unboost|p2a: Flutter Mane|spe|1\n|-enditem|p2a: Flutter Mane|Booster Energy\n|-activate|p2a: Flutter Mane|ability: Protosynthesis|[fromitem]\n|-start|p2a: Flutter Mane|protosynthesisspa\n|turn|16\n|\n|t:|1699305865\n|move|p1a: OHKO|Water Spout|p2a: Flutter Mane\n|-damage|p2a: Flutter Mane|0 fnt\n|faint|p2a: Flutter Mane\n|-end|p2a: Flutter Mane|Protosynthesis|[silent]\n|\n|win|Anne Frankkkk\n|raw|Anne Frankkkk's rating: 1204 &rarr; <strong>1228<\/strong><br \/>(+24 for winning)\n|raw|JustVoidtxy's rating: 1190 &rarr; <strong>1166<\/strong><br \/>(-24 for losing)\n|l|\u2606JustVoidtxy\n","uploadtime":1699305873,"views":4,"p1id":"annefrankkkk","p2id":"justvoidtxy","formatid":"gen9ubers","rating":1166,"private":0,"password":""}