{"id":"gen9ubers-1992856697","p1":"subodawg","p2":"Anne Frankkkk","format":"[Gen 9] Ubers","log":"|j|\u2606subodawg\n|j|\u2606Anne Frankkkk\n|t:|1700241410\n|gametype|singles\n|player|p1|subodawg|skier|1127\n|player|p2|Anne Frankkkk|hilbert|1278\n|teamsize|p1|6\n|teamsize|p2|6\n|gen|9\n|tier|[Gen 9] Ubers\n|rated|\n|rule|Sleep Clause Mod: Limit one foe put to sleep\n|rule|Species Clause: Limit one of each Pok\u00e9mon\n|rule|OHKO Clause: OHKO moves are banned\n|rule|Evasion Items Clause: Evasion items are banned\n|rule|Evasion Moves Clause: Evasion moves are banned\n|rule|Endless Battle Clause: Forcing endless battles is banned\n|rule|HP Percentage Mod: HP is shown in percentages\n|clearpoke\n|poke|p1|Zacian-*|\n|poke|p1|Kyogre|\n|poke|p1|Landorus, M|\n|poke|p1|Corviknight, F|\n|poke|p1|Arceus|\n|poke|p1|Greninja-*, M|\n|poke|p2|Regieleki|\n|poke|p2|Kyogre|\n|poke|p2|Chien-Pao|\n|poke|p2|Ribombee, F|\n|poke|p2|Miraidon|\n|poke|p2|Flutter Mane|\n|teampreview\n|inactive|Battle timer is ON: inactive players will automatically lose when time's up. (requested by Anne Frankkkk)\n|\n|t:|1700241420\n|start\n|switch|p1a: Greninja|Greninja, M|100\/100\n|switch|p2a: Bzzzzt|Regieleki, shiny|100\/100\n|turn|1\n|\n|t:|1700241429\n|switch|p2a: Ice Cat|Chien-Pao|100\/100\n|-ability|p2a: Ice Cat|Sword of Ruin\n|switch|p1a: Landorus|Landorus, M, shiny|100\/100\n|\n|upkeep\n|turn|2\n|\n|t:|1700241437\n|switch|p1a: Zacian|Zacian-Crowned|100\/100\n|-ability|p1a: Zacian|Intrepid Sword|boost\n|-boost|p1a: Zacian|atk|1\n|move|p2a: Ice Cat|Swords Dance|p2a: Ice Cat\n|-boost|p2a: Ice Cat|atk|2\n|\n|upkeep\n|turn|3\n|\n|t:|1700241440\n|move|p1a: Zacian|Behemoth Blade|p2a: Ice Cat\n|-supereffective|p2a: Ice Cat\n|-enditem|p2a: Ice Cat|Focus Sash\n|-damage|p2a: Ice Cat|1\/100\n|move|p2a: Ice Cat|Sacred Sword|p1a: Zacian\n|-crit|p1a: Zacian\n|-damage|p1a: Zacian|0 fnt\n|faint|p1a: Zacian\n|\n|upkeep\n|\n|t:|1700241446\n|switch|p1a: Greninja|Greninja, M|100\/100\n|turn|4\n|\n|t:|1700241450\n|-terastallize|p2a: Ice Cat|Dark\n|move|p1a: Greninja|Water Shuriken|p2a: Ice Cat\n|-damage|p2a: Ice Cat|0 fnt\n|faint|p2a: Ice Cat\n|-ability|p1a: Greninja|Battle Bond|boost\n|-boost|p1a: Greninja|atk|1\n|-boost|p1a: Greninja|spa|1\n|-boost|p1a: Greninja|spe|1\n|-activate|p1a: Greninja|ability: Battle Bond\n|-hitcount|p2: Ice Cat|1\n|-damage|p1a: Greninja|91\/100|[from] item: Life Orb\n|\n|upkeep\n|\n|t:|1700241457\n|switch|p2a: Moonblast|Ribombee, F, shiny|100\/100\n|turn|5\n|\n|t:|1700241473\n|move|p1a: Greninja|Dark Pulse|p2a: Moonblast\n|-resisted|p2a: Moonblast\n|-damage|p2a: Moonblast|40\/100\n|-damage|p1a: Greninja|81\/100|[from] item: Life Orb\n|move|p2a: Moonblast|Stun Spore|p1a: Greninja\n|-status|p1a: Greninja|par\n|\n|upkeep\n|turn|6\n|\n|t:|1700241480\n|move|p2a: Moonblast|Sticky Web|p1a: Greninja\n|-sidestart|p1: subodawg|move: Sticky Web\n|move|p1a: Greninja|Dark Pulse|p2a: Moonblast\n|-resisted|p2a: Moonblast\n|-damage|p2a: Moonblast|0 fnt\n|faint|p2a: Moonblast\n|-damage|p1a: Greninja|71\/100 par|[from] item: Life Orb\n|\n|upkeep\n|\n|t:|1700241485\n|switch|p2a: Bzzzzt|Regieleki, shiny|100\/100\n|turn|7\n|\n|t:|1700241489\n|move|p2a: Bzzzzt|Thunderbolt|p1a: Greninja\n|-supereffective|p1a: Greninja\n|-damage|p1a: Greninja|0 fnt\n|faint|p1a: Greninja\n|\n|upkeep\n|\n|t:|1700241494\n|switch|p1a: Landorus|Landorus, M, shiny|100\/100\n|turn|8\n|\n|t:|1700241499\n|move|p2a: Bzzzzt|Tera Blast|p1a: Landorus\n|-damage|p1a: Landorus|66\/100\n|move|p1a: Landorus|Earth Power|p2a: Bzzzzt\n|-supereffective|p2a: Bzzzzt\n|-damage|p2a: Bzzzzt|0 fnt\n|faint|p2a: Bzzzzt\n|\n|upkeep\n|\n|t:|1700241507\n|switch|p2a: Cyber Lizard|Miraidon|100\/100\n|-fieldstart|move: Electric Terrain|[from] ability: Hadron Engine|[of] p2a: Cyber Lizard\n|-item|p2a: Cyber Lizard|Air Balloon\n|turn|9\n|\n|t:|1700241514\n|move|p2a: Cyber Lizard|Calm Mind|p2a: Cyber Lizard\n|-boost|p2a: Cyber Lizard|spa|1\n|-boost|p2a: Cyber Lizard|spd|1\n|move|p1a: Landorus|Sludge Bomb|p2a: Cyber Lizard\n|-damage|p2a: Cyber Lizard|74\/100\n|-enditem|p2a: Cyber Lizard|Air Balloon\n|\n|upkeep\n|turn|10\n|\n|t:|1700241521\n|move|p2a: Cyber Lizard|Dragon Pulse|p1a: Landorus\n|-crit|p1a: Landorus\n|-damage|p1a: Landorus|0 fnt\n|faint|p1a: Landorus\n|\n|upkeep\n|\n|t:|1700241527\n|switch|p1a: Corviknight|Corviknight, F|100\/100\n|-ability|p1a: Corviknight|Pressure\n|turn|11\n|\n|t:|1700241534\n|move|p2a: Cyber Lizard|Electro Drift|p1a: Corviknight\n|-supereffective|p1a: Corviknight\n|-damage|p1a: Corviknight|0 fnt\n|-damage|p2a: Cyber Lizard|58\/100|[from] item: Rocky Helmet|[of] p1a: Corviknight\n|faint|p1a: Corviknight\n|\n|upkeep\n|\n|t:|1700241539\n|switch|p1a: Kyogre|Kyogre|100\/100\n|-activate|p1a: Kyogre|move: Sticky Web\n|-unboost|p1a: Kyogre|spe|1\n|-weather|RainDance|[from] ability: Drizzle|[of] p1a: Kyogre\n|turn|12\n|-message|subodawg forfeited.\n|\n|win|Anne Frankkkk\n|raw|subodawg's rating: 1127 &rarr; <strong>1112<\/strong><br \/>(-15 for losing)\n|raw|Anne Frankkkk's rating: 1278 &rarr; <strong>1293<\/strong><br \/>(+15 for winning)\n|l|\u2606subodawg\n","uploadtime":1700241546,"views":5,"p1id":"subodawg","p2id":"annefrankkkk","formatid":"gen9ubers","rating":1112,"private":0,"password":""}