{"id":"gen9ubers-1972997086","p1":"Teslam The Jolteon","p2":"PokeBlaze17","format":"[Gen 9] Ubers","log":"|j|\u2606Teslam The Jolteon\n|j|\u2606PokeBlaze17\n|t:|1697916736\n|gametype|singles\n|player|p1|Teslam The Jolteon|unknownf|1092\n|player|p2|PokeBlaze17|cheren-gen5bw2|1065\n|teamsize|p1|6\n|teamsize|p2|6\n|gen|9\n|tier|[Gen 9] Ubers\n|rated|\n|rule|Sleep Clause Mod: Limit one foe put to sleep\n|rule|Species Clause: Limit one of each Pok\u00e9mon\n|rule|OHKO Clause: OHKO moves are banned\n|rule|Evasion Items Clause: Evasion items are banned\n|rule|Evasion Moves Clause: Evasion moves are banned\n|rule|Endless Battle Clause: Forcing endless battles is banned\n|rule|HP Percentage Mod: HP is shown in percentages\n|clearpoke\n|poke|p1|Miraidon|\n|poke|p1|Koraidon|\n|poke|p1|Chien-Pao|\n|poke|p1|Chi-Yu|\n|poke|p1|Regieleki|\n|poke|p1|Flutter Mane|\n|poke|p2|Florges-White, F|\n|poke|p2|Baxcalibur, F|\n|poke|p2|Zapdos|\n|poke|p2|Quaquaval, M|\n|poke|p2|Farigiraf, M|\n|poke|p2|Cinderace, F|\n|teampreview\n|inactive|Battle timer is ON: inactive players will automatically lose when time's up. (requested by PokeBlaze17)\n|j| pangolyn\n|\n|t:|1697916749\n|start\n|switch|p1a: Koraidon|Koraidon|100\/100\n|switch|p2a: Farigiraf|Farigiraf, M|100\/100\n|-weather|SunnyDay|[from] ability: Orichalcum Pulse|[of] p1a: Koraidon\n|-activate|p1a: Koraidon|Orichalcum Pulse|[source]\n|turn|1\n|\n|t:|1697916763\n|move|p1a: Koraidon|Flare Blitz|p2a: Farigiraf\n|-damage|p2a: Farigiraf|0 fnt\n|faint|p2a: Farigiraf\n|-damage|p1a: Koraidon|57\/100|[from] Recoil\n|\n|-weather|SunnyDay|[upkeep]\n|upkeep\n|\n|t:|1697916782\n|switch|p2a: Quaquaval|Quaquaval, M|100\/100\n|turn|2\n|c|\u2606Teslam The Jolteon|https:\/\/replay.pokemonshowdown.com\/gen9randomroulette-1972898762https:\/\/replay.pokemonshowdown.com\/gen9randomroulette-1972898762\n|\n|t:|1697916796\n|move|p1a: Koraidon|Flare Blitz|p2a: Quaquaval\n|-resisted|p2a: Quaquaval\n|-damage|p2a: Quaquaval|13\/100\n|-damage|p1a: Koraidon|31\/100|[from] Recoil\n|move|p2a: Quaquaval|Aqua Step|p1a: Koraidon\n|-resisted|p1a: Koraidon\n|-crit|p1a: Koraidon\n|-damage|p1a: Koraidon|18\/100\n|-boost|p2a: Quaquaval|spe|1\n|\n|-weather|SunnyDay|[upkeep]\n|upkeep\n|turn|3\n|\n|t:|1697916810\n|move|p1a: Koraidon|Flare Blitz|p2a: Quaquaval\n|-resisted|p2a: Quaquaval\n|-damage|p2a: Quaquaval|0 fnt\n|faint|p2a: Quaquaval\n|-damage|p1a: Koraidon|14\/100|[from] Recoil\n|\n|-weather|SunnyDay|[upkeep]\n|upkeep\n|\n|t:|1697916820\n|switch|p2a: Cinderace|Cinderace, F|100\/100\n|turn|4\n|\n|t:|1697916829\n|move|p1a: Koraidon|Flare Blitz|p2a: Cinderace\n|-resisted|p2a: Cinderace\n|-damage|p2a: Cinderace|12\/100\n|-damage|p1a: Koraidon|0 fnt|[from] Recoil\n|faint|p1a: Koraidon\n|move|p2a: Cinderace|Pyro Ball|p1: Koraidon|[notarget]\n|-fail|p2a: Cinderace\n|\n|-weather|SunnyDay|[upkeep]\n|upkeep\n|\n|t:|1697916835\n|switch|p1a: Flutter Mane|Flutter Mane|100\/100\n|-activate|p1a: Flutter Mane|ability: Protosynthesis\n|-start|p1a: Flutter Mane|protosynthesisspe\n|turn|5\n|\n|t:|1697916849\n|move|p1a: Flutter Mane|Moonblast|p2a: Cinderace\n|-resisted|p2a: Cinderace\n|-damage|p2a: Cinderace|0 fnt\n|faint|p2a: Cinderace\n|\n|-weather|none\n|-end|p1a: Flutter Mane|Protosynthesis\n|upkeep\n|-enditem|p1a: Flutter Mane|Booster Energy\n|-activate|p1a: Flutter Mane|ability: Protosynthesis|[fromitem]\n|-start|p1a: Flutter Mane|protosynthesisspe\n|\n|t:|1697916864\n|switch|p2a: Zapdos|Zapdos|100\/100\n|turn|6\n|\n|t:|1697916869\n|move|p1a: Flutter Mane|Moonblast|p2a: Zapdos\n|-damage|p2a: Zapdos|43\/100\n|move|p2a: Zapdos|Rain Dance|p2a: Zapdos\n|-weather|RainDance\n|\n|-weather|RainDance|[upkeep]\n|upkeep\n|turn|7\n|\n|t:|1697916878\n|move|p1a: Flutter Mane|Moonblast|p2a: Zapdos\n|-damage|p2a: Zapdos|0 fnt\n|faint|p2a: Zapdos\n|\n|-weather|RainDance|[upkeep]\n|upkeep\n|\n|t:|1697916885\n|switch|p2a: Florges|Florges-White, F|100\/100\n|turn|8\n|\n|t:|1697916892\n|move|p1a: Flutter Mane|Moonblast|p2a: Florges\n|-damage|p2a: Florges|68\/100\n|move|p2a: Florges|Calm Mind|p2a: Florges\n|-boost|p2a: Florges|spa|1\n|-boost|p2a: Florges|spd|1\n|\n|-weather|RainDance|[upkeep]\n|upkeep\n|turn|9\n|\n|t:|1697916901\n|-end|p1a: Flutter Mane|Protosynthesis|[silent]\n|switch|p1a: Chien-Pao|Chien-Pao|100\/100\n|-ability|p1a: Chien-Pao|Sword of Ruin\n|move|p2a: Florges|Calm Mind|p2a: Florges\n|-boost|p2a: Florges|spa|1\n|-boost|p2a: Florges|spd|1\n|\n|-weather|RainDance|[upkeep]\n|upkeep\n|turn|10\n|\n|t:|1697916911\n|move|p1a: Chien-Pao|Ice Spinner|p2a: Florges\n|-damage|p2a: Florges|3\/100\n|move|p2a: Florges|Draining Kiss|p1a: Chien-Pao\n|-supereffective|p1a: Chien-Pao\n|-damage|p1a: Chien-Pao|0 fnt\n|-heal|p2a: Florges|66\/100|[from] drain|[of] p1a: Chien-Pao\n|faint|p1a: Chien-Pao\n|\n|-weather|none\n|upkeep\n|\n|t:|1697916924\n|switch|p1a: Chi-Yu|Chi-Yu|100\/100\n|-ability|p1a: Chi-Yu|Beads of Ruin\n|turn|11\n|\n|t:|1697916929\n|-terastallize|p2a: Florges|Ground\n|move|p1a: Chi-Yu|Overheat|p2a: Florges\n|-damage|p2a: Florges|31\/100\n|-unboost|p1a: Chi-Yu|spa|2\n|move|p2a: Florges|Tera Blast|p1a: Chi-Yu|[anim] Tera Blast Ground\n|-supereffective|p1a: Chi-Yu\n|-damage|p1a: Chi-Yu|0 fnt\n|faint|p1a: Chi-Yu\n|\n|upkeep\n|\n|t:|1697916939\n|switch|p1a: Miraidon|Miraidon|100\/100\n|-fieldstart|move: Electric Terrain|[from] ability: Hadron Engine|[of] p1a: Miraidon\n|turn|12\n|l|\u2606PokeBlaze17\n|inactive|PokeBlaze17 disconnected and has a minute to reconnect!\n|player|p2|\n|j|\u2606PokeBlaze17\n|inactive|PokeBlaze17 reconnected and has 100 seconds left.\n|player|p2|PokeBlaze17|cheren-gen5bw2\n|\n|t:|1697916997\n|move|p1a: Miraidon|Draco Meteor|p2a: Florges\n|-damage|p2a: Florges|0 fnt\n|-unboost|p1a: Miraidon|spa|2\n|faint|p2a: Florges\n|\n|upkeep\n|\n|t:|1697917004\n|switch|p2a: Baxcalibur|Baxcalibur, F|100\/100\n|turn|13\n|inactive|Teslam The Jolteon has 120 seconds left.\n|inactive|Teslam The Jolteon has 90 seconds left.\n|inactive|Teslam The Jolteon has 60 seconds left.\n|inactive|Teslam The Jolteon has 30 seconds left.\n|inactive|Teslam The Jolteon has 20 seconds left.\n|inactive|Teslam The Jolteon has 15 seconds left.\n|inactive|Teslam The Jolteon has 10 seconds left.\n|inactive|Teslam The Jolteon has 5 seconds left.\n|-message|Teslam The Jolteon lost due to inactivity.\n|\n|win|PokeBlaze17\n|raw|Teslam The Jolteon's rating: 1092 &rarr; <strong>1066<\/strong><br \/>(-26 for losing)\n|raw|PokeBlaze17's rating: 1065 &rarr; <strong>1098<\/strong><br \/>(+33 for winning)\n|l|\u2606PokeBlaze17\n","uploadtime":1697917177,"views":22,"p1id":"teslamthejolteon","p2id":"pokeblaze17","formatid":"gen9ubers","rating":1066,"private":0,"password":""}