{"id":"gen9ubers-1983158470","p1":"adpg.alt","p2":"RubenPaCe","format":"[Gen 9] Ubers","log":"|j|\u2606adpg.alt\n|j|\u2606RubenPaCe\n|t:|1699097857\n|gametype|singles\n|player|p1|adpg.alt|hilbert-wonderlauncher|\n|player|p2|RubenPaCe|camper|\n|teamsize|p1|6\n|teamsize|p2|6\n|gen|9\n|tier|[Gen 9] Ubers\n|rule|Sleep Clause Mod: Limit one foe put to sleep\n|rule|Species Clause: Limit one of each Pok\u00e9mon\n|rule|OHKO Clause: OHKO moves are banned\n|rule|Evasion Items Clause: Evasion items are banned\n|rule|Evasion Moves Clause: Evasion moves are banned\n|rule|Endless Battle Clause: Forcing endless battles is banned\n|rule|HP Percentage Mod: HP is shown in percentages\n|clearpoke\n|poke|p1|Ninetales-Alola, F|\n|poke|p1|Baxcalibur, F|\n|poke|p1|Arceus-Ghost|\n|poke|p1|Zacian-*|\n|poke|p1|Espathra, M|\n|poke|p1|Urshifu-*, F|\n|poke|p2|Arceus-Ghost|\n|poke|p2|Magearna|\n|poke|p2|Gholdengo|\n|poke|p2|Slowking-Galar, M|\n|poke|p2|Donphan, F|\n|poke|p2|Palafin, F|\n|teampreview\n|c|\u2606adpg.alt|Glhf\n|\n|t:|1699097866\n|start\n|switch|p1a: Anales|Ninetales-Alola, F, shiny|100\/100\n|switch|p2a: Slowking|Slowking-Galar, M|100\/100\n|-weather|Snow|[from] ability: Snow Warning|[of] p1a: Anales\n|turn|1\n|\n|t:|1699097872\n|move|p1a: Anales|Aurora Veil|p1a: Anales\n|-sidestart|p1: adpg.alt|move: Aurora Veil\n|move|p2a: Slowking|Toxic Spikes|p1a: Anales\n|-sidestart|p1: adpg.alt|move: Toxic Spikes\n|\n|-weather|Snow|[upkeep]\n|upkeep\n|turn|2\n|\n|t:|1699097882\n|move|p1a: Anales|Encore|p2a: Slowking\n|-start|p2a: Slowking|Encore\n|move|p2a: Slowking|Toxic Spikes|p1a: Anales\n|-sidestart|p1: adpg.alt|move: Toxic Spikes\n|\n|-weather|Snow|[upkeep]\n|upkeep\n|turn|3\n|\n|t:|1699097889\n|switch|p1a: Zacian-Hero|Zacian|100\/100\n|-ability|p1a: Zacian-Hero|Intrepid Sword|boost\n|-boost|p1a: Zacian-Hero|atk|1\n|switch|p2a: Magearna|Magearna|100\/100\n|\n|-weather|Snow|[upkeep]\n|upkeep\n|turn|4\n|\n|t:|1699097904\n|move|p1a: Zacian-Hero|Swords Dance|p1a: Zacian-Hero\n|-boost|p1a: Zacian-Hero|atk|2\n|move|p2a: Magearna|Thunder Wave|p1a: Zacian-Hero\n|-status|p1a: Zacian-Hero|par\n|\n|-weather|Snow|[upkeep]\n|upkeep\n|turn|5\n|\n|t:|1699097917\n|move|p1a: Zacian-Hero|Close Combat|p2a: Magearna\n|-damage|p2a: Magearna|16\/100\n|-unboost|p1a: Zacian-Hero|def|1\n|-unboost|p1a: Zacian-Hero|spd|1\n|move|p2a: Magearna|Spikes|p1a: Zacian-Hero\n|-sidestart|p1: adpg.alt|Spikes\n|\n|-weather|none\n|-heal|p2a: Magearna|22\/100|[from] item: Leftovers\n|upkeep\n|turn|6\n|\n|t:|1699097925\n|switch|p2a: Gholdengo|Gholdengo|100\/100\n|cant|p1a: Zacian-Hero|par\n|\n|upkeep\n|turn|7\n|\n|t:|1699097930\n|move|p1a: Zacian-Hero|Crunch|p2a: Gholdengo\n|-supereffective|p2a: Gholdengo\n|-damage|p2a: Gholdengo|9\/100\n|move|p2a: Gholdengo|Hex|p1a: Zacian-Hero\n|-damage|p1a: Zacian-Hero|58\/100 par\n|\n|upkeep\n|turn|8\n|\n|t:|1699097940\n|cant|p1a: Zacian-Hero|par\n|move|p2a: Gholdengo|Recover|p2a: Gholdengo\n|-heal|p2a: Gholdengo|59\/100\n|\n|-sideend|p1: adpg.alt|move: Aurora Veil\n|upkeep\n|turn|9\n|\n|t:|1699097945\n|move|p1a: Zacian-Hero|Crunch|p2a: Gholdengo\n|-supereffective|p2a: Gholdengo\n|-damage|p2a: Gholdengo|0 fnt\n|faint|p2a: Gholdengo\n|\n|upkeep\n|\n|t:|1699097946\n|switch|p2a: Average Tusk|Donphan, F|100\/100\n|turn|10\n|\n|t:|1699097952\n|move|p1a: Zacian-Hero|Play Rough|p2a: Average Tusk\n|-damage|p2a: Average Tusk|37\/100\n|move|p2a: Average Tusk|Stealth Rock|p1a: Zacian-Hero\n|-sidestart|p1: adpg.alt|move: Stealth Rock\n|\n|upkeep\n|turn|11\n|\n|t:|1699097961\n|move|p1a: Zacian-Hero|Close Combat|p2a: Average Tusk\n|-damage|p2a: Average Tusk|0 fnt\n|-unboost|p1a: Zacian-Hero|def|1\n|-unboost|p1a: Zacian-Hero|spd|1\n|faint|p2a: Average Tusk\n|\n|upkeep\n|\n|t:|1699097966\n|switch|p2a: Palafin|Palafin, F|100\/100\n|turn|12\n|\n|t:|1699097970\n|detailschange|p2a: Palafin|Palafin-Hero, F\n|switch|p2a: Magearna|Magearna|22\/100\n|move|p1a: Zacian-Hero|Play Rough|p2a: Magearna\n|-resisted|p2a: Magearna\n|-damage|p2a: Magearna|0 fnt\n|faint|p2a: Magearna\n|\n|upkeep\n|\n|t:|1699097974\n|switch|p2a: Arceus|Arceus-Ghost|100\/100\n|turn|13\n|\n|t:|1699097978\n|move|p2a: Arceus|Shadow Claw|p1a: Zacian-Hero\n|-damage|p1a: Zacian-Hero|0 fnt\n|faint|p1a: Zacian-Hero\n|\n|upkeep\n|\n|t:|1699097985\n|switch|p1a: Anales|Ninetales-Alola, F, shiny|100\/100\n|-status|p1a: Anales|tox\n|-damage|p1a: Anales|88\/100 tox|[from] Spikes\n|-damage|p1a: Anales|63\/100 tox|[from] Stealth Rock\n|-weather|Snow|[from] ability: Snow Warning|[of] p1a: Anales\n|turn|14\n|\n|t:|1699097993\n|move|p1a: Anales|Aurora Veil|p1a: Anales\n|-sidestart|p1: adpg.alt|move: Aurora Veil\n|move|p2a: Arceus|Swords Dance|p2a: Arceus\n|-boost|p2a: Arceus|atk|2\n|\n|-weather|Snow|[upkeep]\n|-damage|p1a: Anales|57\/100 tox|[from] psn\n|upkeep\n|turn|15\n|\n|t:|1699097997\n|move|p2a: Arceus|Extreme Speed|p1a: Anales\n|-damage|p1a: Anales|35\/100 tox\n|move|p1a: Anales|Encore|p2a: Arceus\n|-start|p2a: Arceus|Encore\n|\n|-weather|Snow|[upkeep]\n|-damage|p1a: Anales|23\/100 tox|[from] psn\n|upkeep\n|turn|16\n|\n|t:|1699098004\n|switch|p1a: Arceus|Arceus-Ghost|100\/100\n|-status|p1a: Arceus|tox\n|-damage|p1a: Arceus|88\/100 tox|[from] Spikes\n|-damage|p1a: Arceus|76\/100 tox|[from] Stealth Rock\n|move|p2a: Arceus|Extreme Speed|p1a: Arceus\n|-immune|p1a: Arceus\n|\n|-weather|Snow|[upkeep]\n|-damage|p1a: Arceus|70\/100 tox|[from] psn\n|upkeep\n|turn|17\n|\n|t:|1699098015\n|switch|p2a: Palafin|Palafin-Hero, F|100\/100\n|-activate|p2a: Palafin|ability: Zero to Hero\n|move|p1a: Arceus|Calm Mind|p1a: Arceus\n|-boost|p1a: Arceus|spa|1\n|-boost|p1a: Arceus|spd|1\n|\n|-weather|Snow|[upkeep]\n|-damage|p1a: Arceus|57\/100 tox|[from] psn\n|upkeep\n|turn|18\n|\n|t:|1699098020\n|move|p2a: Palafin|Jet Punch|p1a: Arceus\n|-damage|p1a: Arceus|36\/100 tox\n|move|p1a: Arceus|Judgment|p2a: Palafin\n|-damage|p2a: Palafin|34\/100\n|\n|-weather|none\n|-damage|p1a: Arceus|18\/100 tox|[from] psn\n|upkeep\n|turn|19\n|\n|t:|1699098030\n|move|p2a: Palafin|Jet Punch|p1a: Arceus\n|-damage|p1a: Arceus|0 fnt\n|faint|p1a: Arceus\n|\n|upkeep\n|\n|t:|1699098039\n|switch|p1a: Excalibur|Baxcalibur, F|100\/100\n|-status|p1a: Excalibur|tox\n|-damage|p1a: Excalibur|88\/100 tox|[from] Spikes\n|-damage|p1a: Excalibur|63\/100 tox|[from] Stealth Rock\n|turn|20\n|\n|t:|1699098054\n|move|p2a: Palafin|Jet Punch|p1a: Excalibur\n|-resisted|p1a: Excalibur\n|-damage|p1a: Excalibur|48\/100 tox\n|move|p1a: Excalibur|Scale Shot|p2a: Palafin\n|-damage|p2a: Palafin|21\/100\n|-damage|p2a: Palafin|7\/100\n|-damage|p2a: Palafin|0 fnt\n|faint|p2a: Palafin\n|-hitcount|p2: Palafin|3\n|-unboost|p1a: Excalibur|def|1\n|-boost|p1a: Excalibur|spe|1\n|\n|-damage|p1a: Excalibur|42\/100 tox|[from] psn\n|upkeep\n|\n|t:|1699098057\n|switch|p2a: Arceus|Arceus-Ghost|100\/100\n|turn|21\n|\n|t:|1699098067\n|move|p1a: Excalibur|Icicle Spear|p2a: Arceus\n|-damage|p2a: Arceus|89\/100\n|-damage|p2a: Arceus|79\/100\n|-damage|p2a: Arceus|69\/100\n|-damage|p2a: Arceus|57\/100\n|-damage|p2a: Arceus|46\/100\n|-hitcount|p2a: Arceus|5\n|move|p2a: Arceus|Swords Dance|p2a: Arceus\n|-boost|p2a: Arceus|atk|2\n|\n|-damage|p1a: Excalibur|30\/100 tox|[from] psn\n|-sideend|p1: adpg.alt|move: Aurora Veil\n|upkeep\n|turn|22\n|\n|t:|1699098076\n|move|p2a: Arceus|Extreme Speed|p1a: Excalibur\n|-damage|p1a: Excalibur|0 fnt\n|faint|p1a: Excalibur\n|\n|upkeep\n|\n|t:|1699098083\n|switch|p1a: Shifu|Urshifu, F|100\/100\n|-status|p1a: Shifu|tox\n|-damage|p1a: Shifu|88\/100 tox|[from] Spikes\n|-damage|p1a: Shifu|82\/100 tox|[from] Stealth Rock\n|turn|23\n|\n|t:|1699098088\n|-terastallize|p2a: Arceus|Normal\n|-terastallize|p1a: Shifu|Steel\n|move|p2a: Arceus|Extreme Speed|p1a: Shifu\n|-resisted|p1a: Shifu\n|-damage|p1a: Shifu|39\/100 tox\n|move|p1a: Shifu|Wicked Blow|p2a: Arceus\n|-crit|p2a: Arceus\n|-damage|p2a: Arceus|0 fnt\n|faint|p2a: Arceus\n|\n|-damage|p1a: Shifu|33\/100 tox|[from] psn\n|upkeep\n|\n|t:|1699098095\n|switch|p2a: Slowking|Slowking-Galar, M|100\/100\n|turn|24\n|c|\u2606adpg.alt|GG\n|c|\u2606RubenPaCe|gg\n|\n|t:|1699098107\n|move|p1a: Shifu|Wicked Blow|p2a: Slowking\n|-supereffective|p2a: Slowking\n|-crit|p2a: Slowking\n|-damage|p2a: Slowking|0 fnt\n|faint|p2a: Slowking\n|\n|win|adpg.alt\n|l|\u2606RubenPaCe\n","uploadtime":1699098416,"views":6,"p1id":"adpgalt","p2id":"rubenpace","formatid":"gen9ubers","rating":0,"private":0,"password":""}