{"id":"gen9ubers-1984858314","p1":"Harlem Foxtrotter","p2":"Ryriss","format":"[Gen 9] Ubers","log":"|j|\u2606Harlem Foxtrotter\n|j|\u2606Ryriss\n|t:|1699305077\n|gametype|singles\n|player|p1|Harlem Foxtrotter|ghetsis|1395\n|player|p2|Ryriss|hilbert-wonderlauncher|1550\n|teamsize|p1|6\n|teamsize|p2|6\n|gen|9\n|tier|[Gen 9] Ubers\n|rated|\n|rule|Sleep Clause Mod: Limit one foe put to sleep\n|rule|Species Clause: Limit one of each Pok\u00e9mon\n|rule|OHKO Clause: OHKO moves are banned\n|rule|Evasion Items Clause: Evasion items are banned\n|rule|Evasion Moves Clause: Evasion moves are banned\n|rule|Endless Battle Clause: Forcing endless battles is banned\n|rule|HP Percentage Mod: HP is shown in percentages\n|clearpoke\n|poke|p1|Koraidon|\n|poke|p1|Roaring Moon|\n|poke|p1|Flutter Mane|\n|poke|p1|Walking Wake|\n|poke|p1|Great Tusk|\n|poke|p1|Slither Wing|\n|poke|p2|Arceus-Fire|\n|poke|p2|Giratina-Origin|\n|poke|p2|Dialga-Origin|\n|poke|p2|Koraidon|\n|poke|p2|Miraidon|\n|poke|p2|Sneasler, F|\n|teampreview\n|inactive|Battle timer is ON: inactive players will automatically lose when time's up. (requested by Harlem Foxtrotter)\n|\n|t:|1699305102\n|start\n|switch|p1a: MR HARLEY DAVIDSON|Koraidon|100\/100\n|switch|p2a: Giratina|Giratina-Origin|100\/100\n|-weather|SunnyDay|[from] ability: Orichalcum Pulse|[of] p1a: MR HARLEY DAVIDSON\n|-activate|p1a: MR HARLEY DAVIDSON|Orichalcum Pulse|[source]\n|turn|1\n|\n|t:|1699305112\n|move|p1a: MR HARLEY DAVIDSON|U-turn|p2a: Giratina\n|-resisted|p2a: Giratina\n|-damage|p2a: Giratina|88\/100\n|\n|t:|1699305119\n|switch|p1a: IRRELEPHANT|Great Tusk, shiny|100\/100|[from] U-turn\n|-activate|p1a: IRRELEPHANT|ability: Protosynthesis\n|-start|p1a: IRRELEPHANT|protosynthesisatk\n|move|p2a: Giratina|Poltergeist|p1a: IRRELEPHANT\n|-activate|p1a: IRRELEPHANT|move: Poltergeist|Assault Vest\n|-damage|p1a: IRRELEPHANT|61\/100\n|\n|-weather|SunnyDay|[upkeep]\n|upkeep\n|turn|2\n|\n|t:|1699305131\n|move|p1a: IRRELEPHANT|Ice Spinner|p2a: Giratina\n|-supereffective|p2a: Giratina\n|-crit|p2a: Giratina\n|-damage|p2a: Giratina|29\/100\n|move|p2a: Giratina|Draco Meteor|p1a: IRRELEPHANT\n|-damage|p1a: IRRELEPHANT|16\/100\n|-unboost|p2a: Giratina|spa|2\n|\n|-weather|SunnyDay|[upkeep]\n|upkeep\n|turn|3\n|\n|t:|1699305143\n|move|p2a: Giratina|Shadow Sneak|p1a: IRRELEPHANT\n|-damage|p1a: IRRELEPHANT|4\/100\n|move|p1a: IRRELEPHANT|Ice Spinner|p2a: Giratina\n|-supereffective|p2a: Giratina\n|-damage|p2a: Giratina|0 fnt\n|faint|p2a: Giratina\n|\n|-weather|SunnyDay|[upkeep]\n|upkeep\n|\n|t:|1699305147\n|switch|p2a: Arceus|Arceus-Fire|100\/100\n|turn|4\n|\n|t:|1699305154\n|move|p2a: Arceus|Flare Blitz|p1a: IRRELEPHANT\n|-damage|p1a: IRRELEPHANT|0 fnt\n|faint|p1a: IRRELEPHANT\n|-end|p1a: IRRELEPHANT|Protosynthesis|[silent]\n|-damage|p2a: Arceus|99\/100|[from] Recoil\n|\n|-weather|SunnyDay|[upkeep]\n|upkeep\n|inactive|Harlem Foxtrotter has 120 seconds left.\n|\n|t:|1699305185\n|switch|p1a: Voring Moon \ud83d\ude0b|Roaring Moon, shiny|100\/100\n|-activate|p1a: Voring Moon \ud83d\ude0b|ability: Protosynthesis\n|-start|p1a: Voring Moon \ud83d\ude0b|protosynthesisspe\n|turn|5\n|\n|t:|1699305202\n|move|p1a: Voring Moon \ud83d\ude0b|Earthquake|p2a: Arceus\n|-supereffective|p2a: Arceus\n|-crit|p2a: Arceus\n|-damage|p2a: Arceus|36\/100\n|move|p2a: Arceus|Swords Dance|p2a: Arceus\n|-boost|p2a: Arceus|atk|2\n|\n|-weather|SunnyDay|[upkeep]\n|upkeep\n|turn|6\n|\n|t:|1699305209\n|move|p2a: Arceus|Extreme Speed|p1a: Voring Moon \ud83d\ude0b\n|-damage|p1a: Voring Moon \ud83d\ude0b|39\/100\n|move|p1a: Voring Moon \ud83d\ude0b|Earthquake|p2a: Arceus\n|-supereffective|p2a: Arceus\n|-damage|p2a: Arceus|0 fnt\n|faint|p2a: Arceus\n|\n|-weather|SunnyDay|[upkeep]\n|upkeep\n|\n|t:|1699305220\n|switch|p2a: Dialga|Dialga-Origin|100\/100\n|-ability|p2a: Dialga|Pressure\n|turn|7\n|\n|t:|1699305226\n|move|p1a: Voring Moon \ud83d\ude0b|Earthquake|p2a: Dialga\n|-supereffective|p2a: Dialga\n|-damage|p2a: Dialga|47\/100\n|move|p2a: Dialga|Trick Room|p2a: Dialga\n|-fieldstart|move: Trick Room|[of] p2a: Dialga\n|\n|-weather|SunnyDay|[upkeep]\n|upkeep\n|turn|8\n|\n|t:|1699305240\n|move|p2a: Dialga|Brick Break|p1a: Voring Moon \ud83d\ude0b\n|-supereffective|p1a: Voring Moon \ud83d\ude0b\n|-damage|p1a: Voring Moon \ud83d\ude0b|0 fnt\n|faint|p1a: Voring Moon \ud83d\ude0b\n|-end|p1a: Voring Moon \ud83d\ude0b|Protosynthesis|[silent]\n|\n|-weather|none\n|upkeep\n|\n|t:|1699305257\n|switch|p1a: TOP G SLITHMA MALE|Slither Wing, shiny|100\/100\n|turn|9\n|\n|t:|1699305264\n|move|p2a: Dialga|Draco Meteor|p1a: TOP G SLITHMA MALE\n|-damage|p1a: TOP G SLITHMA MALE|29\/100\n|-unboost|p2a: Dialga|spa|2\n|move|p1a: TOP G SLITHMA MALE|Close Combat|p2a: Dialga\n|-supereffective|p2a: Dialga\n|-damage|p2a: Dialga|0 fnt\n|-unboost|p1a: TOP G SLITHMA MALE|def|1\n|-unboost|p1a: TOP G SLITHMA MALE|spd|1\n|faint|p2a: Dialga\n|\n|upkeep\n|\n|t:|1699305269\n|switch|p2a: Miraidon|Miraidon|100\/100\n|-fieldstart|move: Electric Terrain|[from] ability: Hadron Engine|[of] p2a: Miraidon\n|-enditem|p2a: Miraidon|Electric Seed\n|-boost|p2a: Miraidon|def|1|[from] item: Electric Seed\n|turn|10\n|\n|t:|1699305276\n|move|p1a: TOP G SLITHMA MALE|Close Combat|p2a: Miraidon\n|-crit|p2a: Miraidon\n|-damage|p2a: Miraidon|0 fnt\n|-unboost|p1a: TOP G SLITHMA MALE|def|1\n|-unboost|p1a: TOP G SLITHMA MALE|spd|1\n|faint|p2a: Miraidon\n|\n|upkeep\n|\n|t:|1699305279\n|switch|p2a: Sneasler|Sneasler, F|100\/100\n|-enditem|p2a: Sneasler|Electric Seed\n|-boost|p2a: Sneasler|def|1|[from] item: Electric Seed\n|turn|11\n|c|\u2606Harlem Foxtrotter|sorry about crit\n|\n|t:|1699305296\n|move|p1a: TOP G SLITHMA MALE|Close Combat|p2a: Sneasler\n|-resisted|p2a: Sneasler\n|-crit|p2a: Sneasler\n|-damage|p2a: Sneasler|6\/100\n|-unboost|p1a: TOP G SLITHMA MALE|def|1\n|-unboost|p1a: TOP G SLITHMA MALE|spd|1\n|move|p2a: Sneasler|Swords Dance|p2a: Sneasler\n|-boost|p2a: Sneasler|atk|2\n|\n|-fieldend|move: Trick Room\n|upkeep\n|turn|12\n|\n|t:|1699305310\n|move|p2a: Sneasler|Low Kick|p1a: TOP G SLITHMA MALE\n|-resisted|p1a: TOP G SLITHMA MALE\n|-damage|p1a: TOP G SLITHMA MALE|0 fnt\n|faint|p1a: TOP G SLITHMA MALE\n|-end|p1a: TOP G SLITHMA MALE|Protosynthesis|[silent]\n|\n|upkeep\n|inactive|Harlem Foxtrotter has 120 seconds left.\n|\n|t:|1699305332\n|switch|p1a: JESUSAURUS REX|Walking Wake|100\/100\n|turn|13\n|\n|t:|1699305338\n|move|p2a: Sneasler|Low Kick|p1a: JESUSAURUS REX\n|-damage|p1a: JESUSAURUS REX|0 fnt\n|faint|p1a: JESUSAURUS REX\n|-end|p1a: JESUSAURUS REX|Protosynthesis|[silent]\n|\n|upkeep\n|\n|t:|1699305342\n|switch|p1a: MR HARLEY DAVIDSON|Koraidon|100\/100\n|-weather|SunnyDay|[from] ability: Orichalcum Pulse|[of] p1a: MR HARLEY DAVIDSON\n|-activate|p1a: MR HARLEY DAVIDSON|Orichalcum Pulse|[source]\n|turn|14\n|\n|t:|1699305360\n|move|p2a: Sneasler|Gunk Shot|p1a: MR HARLEY DAVIDSON\n|-damage|p1a: MR HARLEY DAVIDSON|0 fnt\n|faint|p1a: MR HARLEY DAVIDSON\n|\n|-weather|SunnyDay|[upkeep]\n|-fieldend|move: Electric Terrain\n|upkeep\n|\n|t:|1699305363\n|switch|p1a: #1 fairy weak team|Flutter Mane, shiny|100\/100\n|-activate|p1a: #1 fairy weak team|ability: Protosynthesis\n|-start|p1a: #1 fairy weak team|protosynthesisspe\n|turn|15\n|\n|t:|1699305376\n|-terastallize|p2a: Sneasler|Ghost\n|move|p2a: Sneasler|Shadow Claw|p1a: #1 fairy weak team\n|-supereffective|p1a: #1 fairy weak team\n|-enditem|p1a: #1 fairy weak team|Focus Sash\n|-damage|p1a: #1 fairy weak team|1\/100\n|move|p1a: #1 fairy weak team|Moonblast|p2a: Sneasler\n|-damage|p2a: Sneasler|0 fnt\n|faint|p2a: Sneasler\n|\n|-weather|SunnyDay|[upkeep]\n|upkeep\n|\n|t:|1699305381\n|switch|p2a: Koraidon|Koraidon|100\/100\n|-activate|p2a: Koraidon|ability: Orichalcum Pulse\n|turn|16\n|-message|Ryriss forfeited.\n|\n|win|Harlem Foxtrotter\n|raw|Harlem Foxtrotter's rating: 1395 &rarr; <strong>1423<\/strong><br \/>(+28 for winning)\n|raw|Ryriss's rating: 1550 &rarr; <strong>1522<\/strong><br \/>(-28 for losing)\n|l|\u2606Ryriss\n","uploadtime":1699305400,"views":4,"p1id":"harlemfoxtrotter","p2id":"ryriss","formatid":"gen9ubers","rating":1423,"private":0,"password":""}