{"id":"gen9ubers-1988763941","p1":"Buy my book azul","p2":"frozenly","format":"[Gen 9] Ubers","log":"|j|\u2606Buy my book azul\n|j|\u2606frozenly\n|t:|1699760082\n|gametype|singles\n|player|p1|Buy my book azul|diantha-masters|\n|player|p2|frozenly|169|\n|teamsize|p1|6\n|teamsize|p2|6\n|gen|9\n|tier|[Gen 9] Ubers\n|rule|Sleep Clause Mod: Limit one foe put to sleep\n|rule|Species Clause: Limit one of each Pok\u00e9mon\n|rule|OHKO Clause: OHKO moves are banned\n|rule|Evasion Items Clause: Evasion items are banned\n|rule|Evasion Moves Clause: Evasion moves are banned\n|rule|Endless Battle Clause: Forcing endless battles is banned\n|rule|HP Percentage Mod: HP is shown in percentages\n|clearpoke\n|poke|p1|Cyclizar, F|\n|poke|p1|Magearna|\n|poke|p1|Dragapult, F|\n|poke|p1|Landorus, M|\n|poke|p1|Volcarona, M|\n|poke|p1|Garchomp, M|\n|poke|p2|Magearna|\n|poke|p2|Ursaluna, M|\n|poke|p2|Dialga|\n|poke|p2|Hoopa-Unbound|\n|poke|p2|Cinderace, M|\n|poke|p2|Cresselia, F|\n|teampreview\n|\n|t:|1699760100\n|start\n|switch|p1a: Landorus|Landorus, M|100\/100\n|switch|p2a: Magearna|Magearna|100\/100\n|turn|1\n|\n|t:|1699760110\n|move|p1a: Landorus|Nasty Plot|p1a: Landorus\n|-boost|p1a: Landorus|spa|2\n|move|p2a: Magearna|Trick Room|p2a: Magearna\n|-fieldstart|move: Trick Room|[of] p2a: Magearna\n|\n|upkeep\n|turn|2\n|\n|t:|1699760116\n|move|p2a: Magearna|Encore|p1a: Landorus\n|-start|p1a: Landorus|Encore\n|move|p1a: Landorus|Nasty Plot|p1a: Landorus\n|-boost|p1a: Landorus|spa|2\n|\n|upkeep\n|turn|3\n|\n|t:|1699760153\n|switch|p2a: Ursaluna|Ursaluna, M|100\/100\n|switch|p1a: Garchomp|Garchomp, M|100\/100\n|\n|-status|p2a: Ursaluna|brn|[from] item: Flame Orb\n|upkeep\n|turn|4\n|\n|t:|1699760165\n|move|p2a: Ursaluna|Facade|p1a: Garchomp\n|-damage|p1a: Garchomp|2\/100\n|-damage|p2a: Ursaluna|88\/100 brn|[from] ability: Rough Skin|[of] p1a: Garchomp\n|-damage|p2a: Ursaluna|72\/100 brn|[from] item: Rocky Helmet|[of] p1a: Garchomp\n|move|p1a: Garchomp|Earthquake|p2a: Ursaluna\n|-damage|p2a: Ursaluna|40\/100 brn\n|\n|-damage|p2a: Ursaluna|34\/100 brn|[from] brn\n|upkeep\n|turn|5\n|\n|t:|1699760189\n|move|p2a: Ursaluna|Crunch|p1a: Garchomp\n|-damage|p1a: Garchomp|0 fnt\n|-damage|p2a: Ursaluna|22\/100 brn|[from] ability: Rough Skin|[of] p1a: Garchomp\n|-damage|p2a: Ursaluna|5\/100 brn|[from] item: Rocky Helmet|[of] p1a: Garchomp\n|faint|p1a: Garchomp\n|\n|-damage|p2a: Ursaluna|0 fnt|[from] brn\n|faint|p2a: Ursaluna\n|-fieldend|move: Trick Room\n|upkeep\n|\n|t:|1699760223\n|switch|p1a: Cyclizar|Cyclizar, F|100\/100\n|switch|p2a: Hoopa|Hoopa-Unbound|100\/100\n|turn|6\n|\n|t:|1699760237\n|move|p1a: Cyclizar|U-turn|p2a: Hoopa\n|-supereffective|p2a: Hoopa\n|-damage|p2a: Hoopa|1\/100\n|\n|t:|1699760243\n|switch|p1a: Volcarona|Volcarona, M|100\/100|[from] U-turn\n|move|p2a: Hoopa|Hyperspace Fury|p1a: Volcarona\n|-damage|p1a: Volcarona|31\/100\n|-unboost|p2a: Hoopa|def|1\n|\n|upkeep\n|turn|7\n|\n|t:|1699760253\n|switch|p2a: Cinderace|Cinderace, M|100\/100\n|move|p1a: Volcarona|Flamethrower|p2a: Cinderace\n|-resisted|p2a: Cinderace\n|-damage|p2a: Cinderace|70\/100\n|\n|upkeep\n|turn|8\n|\n|t:|1699760275\n|move|p2a: Cinderace|Pyro Ball|p1a: Volcarona\n|-damage|p1a: Volcarona|0 fnt\n|faint|p1a: Volcarona\n|\n|upkeep\n|\n|t:|1699760284\n|switch|p1a: Cyclizar|Cyclizar, F|100\/100\n|turn|9\n|\n|t:|1699760291\n|move|p2a: Cinderace|Sucker Punch||[still]\n|-fail|p2a: Cinderace\n|move|p1a: Cyclizar|Shed Tail|p1a: Cyclizar\n|-start|p1a: Cyclizar|Substitute|[from] move: Shed Tail\n|-damage|p1a: Cyclizar|50\/100\n|\n|t:|1699760294\n|switch|p1a: Dragapult|Dragapult, F|100\/100|[from] Shed Tail\n|\n|upkeep\n|turn|10\n|\n|t:|1699760306\n|move|p2a: Cinderace|Sucker Punch|p1a: Dragapult\n|-start|p2a: Cinderace|typechange|Dark|[from] ability: Libero\n|-supereffective|p1a: Dragapult\n|-end|p1a: Dragapult|Substitute\n|move|p1a: Dragapult|Dragon Darts|p2a: Cinderace\n|-damage|p2a: Cinderace|16\/100\n|-anim|p1a: Dragapult|Dragon Darts|p2a: Cinderace\n|-damage|p2a: Cinderace|0 fnt\n|faint|p2a: Cinderace\n|-damage|p1a: Dragapult|91\/100|[from] item: Life Orb\n|\n|upkeep\n|\n|t:|1699760318\n|switch|p2a: Cresselia|Cresselia, F|100\/100\n|turn|11\n|\n|t:|1699760330\n|-terastallize|p1a: Dragapult|Ghost\n|move|p1a: Dragapult|Tera Blast|p2a: Cresselia|[anim] Tera Blast Ghost\n|-supereffective|p2a: Cresselia\n|-damage|p2a: Cresselia|24\/100\n|-damage|p1a: Dragapult|81\/100|[from] item: Life Orb\n|move|p2a: Cresselia|Trick Room|p2a: Cresselia\n|-fieldstart|move: Trick Room|[of] p2a: Cresselia\n|\n|-heal|p2a: Cresselia|30\/100|[from] item: Leftovers\n|upkeep\n|turn|12\n|\n|t:|1699760352\n|switch|p2a: Dialga|Dialga|100\/100\n|-ability|p2a: Dialga|Pressure\n|move|p1a: Dragapult|Tera Blast|p2a: Dialga|[anim] Tera Blast Ghost\n|-crit|p2a: Dialga\n|-damage|p2a: Dialga|16\/100\n|-damage|p1a: Dragapult|71\/100|[from] item: Life Orb\n|\n|upkeep\n|turn|13\n|\n|t:|1699760366\n|switch|p1a: Landorus|Landorus, M|100\/100\n|move|p2a: Dialga|Draco Meteor|p1a: Landorus\n|-damage|p1a: Landorus|0 fnt\n|-unboost|p2a: Dialga|spa|2\n|-enditem|p2a: Dialga|Eject Pack\n|faint|p1a: Landorus\n|\n|t:|1699760379\n|switch|p2a: Hoopa|Hoopa-Unbound|1\/100\n|\n|upkeep\n|\n|t:|1699760387\n|switch|p1a: Cyclizar|Cyclizar, F|84\/100\n|turn|14\n|\n|t:|1699760392\n|move|p2a: Hoopa|Drain Punch|p1a: Cyclizar\n|-supereffective|p1a: Cyclizar\n|-damage|p1a: Cyclizar|0 fnt\n|-heal|p2a: Hoopa|49\/100|[from] drain|[of] p1a: Cyclizar\n|faint|p1a: Cyclizar\n|\n|upkeep\n|\n|t:|1699760395\n|switch|p1a: Magearna|Magearna|100\/100\n|turn|15\n|\n|t:|1699760402\n|switch|p2a: Magearna|Magearna|100\/100\n|move|p1a: Magearna|Shift Gear|p1a: Magearna\n|-boost|p1a: Magearna|spe|2\n|-boost|p1a: Magearna|atk|1\n|\n|-fieldend|move: Trick Room\n|upkeep\n|turn|16\n|\n|t:|1699760412\n|move|p1a: Magearna|Flash Cannon|p2a: Magearna\n|-damage|p2a: Magearna|67\/100\n|-unboost|p2a: Magearna|spd|1\n|move|p2a: Magearna|Trick Room|p2a: Magearna\n|-fieldstart|move: Trick Room|[of] p2a: Magearna\n|\n|-heal|p2a: Magearna|73\/100|[from] item: Leftovers\n|upkeep\n|turn|17\n|\n|t:|1699760469\n|move|p2a: Magearna|Volt Switch|p1a: Magearna\n|-damage|p1a: Magearna|82\/100\n|\n|t:|1699760479\n|switch|p2a: Cresselia|Cresselia, F|30\/100|[from] Volt Switch\n|move|p1a: Magearna|Flash Cannon|p2a: Cresselia\n|-damage|p2a: Cresselia|2\/100\n|\n|-heal|p2a: Cresselia|8\/100|[from] item: Leftovers\n|upkeep\n|turn|18\n|\n|t:|1699760488\n|move|p2a: Cresselia|Moonlight|p2a: Cresselia\n|-heal|p2a: Cresselia|58\/100\n|move|p1a: Magearna|Flash Cannon|p2a: Cresselia\n|-damage|p2a: Cresselia|28\/100\n|\n|-heal|p2a: Cresselia|34\/100|[from] item: Leftovers\n|upkeep\n|turn|19\n|\n|t:|1699760497\n|move|p2a: Cresselia|Moonlight|p2a: Cresselia\n|-heal|p2a: Cresselia|84\/100\n|move|p1a: Magearna|Flash Cannon|p2a: Cresselia\n|-damage|p2a: Cresselia|57\/100\n|\n|-heal|p2a: Cresselia|63\/100|[from] item: Leftovers\n|upkeep\n|turn|20\n|\n|t:|1699760511\n|move|p2a: Cresselia|Moonlight|p2a: Cresselia\n|-heal|p2a: Cresselia|100\/100\n|move|p1a: Magearna|Flash Cannon|p2a: Cresselia\n|-damage|p2a: Cresselia|74\/100\n|\n|-heal|p2a: Cresselia|80\/100|[from] item: Leftovers\n|-fieldend|move: Trick Room\n|upkeep\n|turn|21\n|\n|t:|1699760520\n|move|p1a: Magearna|Flash Cannon|p2a: Cresselia\n|-damage|p2a: Cresselia|52\/100\n|move|p2a: Cresselia|Trick Room|p2a: Cresselia\n|-fieldstart|move: Trick Room|[of] p2a: Cresselia\n|\n|-heal|p2a: Cresselia|58\/100|[from] item: Leftovers\n|upkeep\n|turn|22\n|\n|t:|1699760526\n|move|p2a: Cresselia|Calm Mind|p2a: Cresselia\n|-boost|p2a: Cresselia|spa|1\n|-boost|p2a: Cresselia|spd|1\n|move|p1a: Magearna|Flash Cannon|p2a: Cresselia\n|-damage|p2a: Cresselia|39\/100\n|\n|-heal|p2a: Cresselia|45\/100|[from] item: Leftovers\n|upkeep\n|turn|23\n|\n|t:|1699760533\n|move|p2a: Cresselia|Calm Mind|p2a: Cresselia\n|-boost|p2a: Cresselia|spa|1\n|-boost|p2a: Cresselia|spd|1\n|move|p1a: Magearna|Flash Cannon|p2a: Cresselia\n|-damage|p2a: Cresselia|30\/100\n|\n|-heal|p2a: Cresselia|36\/100|[from] item: Leftovers\n|upkeep\n|turn|24\n|\n|t:|1699760542\n|move|p2a: Cresselia|Moonlight|p2a: Cresselia\n|-heal|p2a: Cresselia|86\/100\n|move|p1a: Magearna|Flash Cannon|p2a: Cresselia\n|-damage|p2a: Cresselia|71\/100\n|\n|-heal|p2a: Cresselia|77\/100|[from] item: Leftovers\n|upkeep\n|turn|25\n|\n|t:|1699760550\n|move|p2a: Cresselia|Calm Mind|p2a: Cresselia\n|-boost|p2a: Cresselia|spa|1\n|-boost|p2a: Cresselia|spd|1\n|move|p1a: Magearna|Fleur Cannon|p2a: Cresselia\n|-damage|p2a: Cresselia|59\/100\n|-unboost|p1a: Magearna|spa|2\n|\n|-heal|p2a: Cresselia|65\/100|[from] item: Leftovers\n|-fieldend|move: Trick Room\n|upkeep\n|turn|26\n|\n|t:|1699760560\n|move|p1a: Magearna|Shift Gear|p1a: Magearna\n|-boost|p1a: Magearna|spe|2\n|-boost|p1a: Magearna|atk|1\n|move|p2a: Cresselia|Trick Room|p2a: Cresselia\n|-fieldstart|move: Trick Room|[of] p2a: Cresselia\n|\n|-heal|p2a: Cresselia|71\/100|[from] item: Leftovers\n|upkeep\n|turn|27\n|\n|t:|1699760567\n|move|p2a: Cresselia|Calm Mind|p2a: Cresselia\n|-boost|p2a: Cresselia|spa|1\n|-boost|p2a: Cresselia|spd|1\n|move|p1a: Magearna|Shift Gear|p1a: Magearna\n|-boost|p1a: Magearna|spe|2\n|-boost|p1a: Magearna|atk|1\n|\n|-heal|p2a: Cresselia|77\/100|[from] item: Leftovers\n|upkeep\n|turn|28\n|\n|t:|1699760579\n|move|p2a: Cresselia|Calm Mind|p2a: Cresselia\n|-boost|p2a: Cresselia|spa|1\n|-boost|p2a: Cresselia|spd|1\n|move|p1a: Magearna|Shift Gear|p1a: Magearna\n|-boost|p1a: Magearna|spe|0\n|-boost|p1a: Magearna|atk|1\n|\n|-heal|p2a: Cresselia|83\/100|[from] item: Leftovers\n|upkeep\n|turn|29\n|\n|t:|1699760592\n|move|p2a: Cresselia|Calm Mind|p2a: Cresselia\n|-boost|p2a: Cresselia|spa|1\n|-boost|p2a: Cresselia|spd|1\n|move|p1a: Magearna|Stored Power|p2a: Cresselia\n|-resisted|p2a: Cresselia\n|-damage|p2a: Cresselia|79\/100\n|\n|-heal|p2a: Cresselia|85\/100|[from] item: Leftovers\n|upkeep\n|turn|30\n|\n|t:|1699760601\n|move|p2a: Cresselia|Moonblast|p1a: Magearna\n|-resisted|p1a: Magearna\n|-damage|p1a: Magearna|52\/100\n|move|p1a: Magearna|Flash Cannon|p2a: Cresselia\n|-damage|p2a: Cresselia|82\/100\n|\n|-heal|p2a: Cresselia|88\/100|[from] item: Leftovers\n|-fieldend|move: Trick Room\n|upkeep\n|turn|31\n|\n|t:|1699760608\n|move|p1a: Magearna|Flash Cannon|p2a: Cresselia\n|-damage|p2a: Cresselia|84\/100\n|move|p2a: Cresselia|Trick Room|p2a: Cresselia\n|-fieldstart|move: Trick Room|[of] p2a: Cresselia\n|\n|-heal|p2a: Cresselia|90\/100|[from] item: Leftovers\n|upkeep\n|turn|32\n|\n|t:|1699760614\n|move|p2a: Cresselia|Moonblast|p1a: Magearna\n|-resisted|p1a: Magearna\n|-crit|p1a: Magearna\n|-damage|p1a: Magearna|5\/100\n|move|p1a: Magearna|Fleur Cannon|p2a: Cresselia\n|-damage|p2a: Cresselia|84\/100\n|-unboost|p1a: Magearna|spa|2\n|\n|-heal|p2a: Cresselia|90\/100|[from] item: Leftovers\n|upkeep\n|turn|33\n|c|\u2606Buy my book azul|gg\n|\n|t:|1699760624\n|move|p2a: Cresselia|Moonblast|p1a: Magearna\n|-resisted|p1a: Magearna\n|-damage|p1a: Magearna|0 fnt\n|faint|p1a: Magearna\n|\n|-heal|p2a: Cresselia|96\/100|[from] item: Leftovers\n|upkeep\n|\n|t:|1699760626\n|switch|p1a: Dragapult|Dragapult, F, tera:Ghost|71\/100\n|turn|34\n|c|\u2606frozenly|gg\n|\n|t:|1699760632\n|move|p2a: Cresselia|Moonblast|p1a: Dragapult\n|-damage|p1a: Dragapult|0 fnt\n|faint|p1a: Dragapult\n|\n|win|frozenly\n|l|\u2606Buy my book azul\n","uploadtime":1699760641,"views":15,"p1id":"buymybookazul","p2id":"frozenly","formatid":"gen9ubers","rating":0,"private":0,"password":""}