{"id":"gen9ubers-1981085009","p1":"vespyyy","p2":"XpokVEVO","format":"[Gen 9] Ubers","log":"|j|\u2606vespyyy\n|j|\u2606XpokVEVO\n|t:|1698862349\n|gametype|singles\n|player|p1|vespyyy|juggler|\n|player|p2|XpokVEVO|rika|\n|teamsize|p1|6\n|teamsize|p2|6\n|gen|9\n|tier|[Gen 9] Ubers\n|rule|Sleep Clause Mod: Limit one foe put to sleep\n|rule|Species Clause: Limit one of each Pok\u00e9mon\n|rule|OHKO Clause: OHKO moves are banned\n|rule|Evasion Items Clause: Evasion items are banned\n|rule|Evasion Moves Clause: Evasion moves are banned\n|rule|Endless Battle Clause: Forcing endless battles is banned\n|rule|HP Percentage Mod: HP is shown in percentages\n|clearpoke\n|poke|p1|Blissey, F|\n|poke|p1|Moltres|\n|poke|p1|Arceus-Ghost|\n|poke|p1|Garganacl, F|\n|poke|p1|Magearna|\n|poke|p1|Mandibuzz, F|\n|poke|p2|Cyclizar, F|\n|poke|p2|Espathra, M|\n|poke|p2|Magearna|\n|poke|p2|Zacian-*|\n|poke|p2|Roaring Moon|\n|poke|p2|Arceus-Fire|\n|teampreview\n|inactive|Battle timer is ON: inactive players will automatically lose when time's up. (requested by XpokVEVO)\n|c|\u2606XpokVEVO|mandibuzz is interesting\n|\n|t:|1698862369\n|start\n|switch|p1a: Moltres|Moltres|100\/100\n|switch|p2a: Akira|Cyclizar, F|100\/100\n|turn|1\n|inactive|XpokVEVO has 270 seconds left.\n|\n|t:|1698862412\n|move|p2a: Akira|Taunt|p1a: Moltres\n|-start|p1a: Moltres|move: Taunt\n|cant|p1a: Moltres|move: Taunt|Roar\n|\n|upkeep\n|turn|2\n|c|\u2606vespyyy|I think mandibuzz has potential\n|\n|t:|1698862426\n|switch|p2a: Ar\u0441eus-Fighting|Arceus-Fire, shiny|100\/100\n|switch|p1a: Arceus|Arceus-Ghost|100\/100\n|\n|upkeep\n|turn|3\n|inactive|XpokVEVO has 270 seconds left.\n|\n|t:|1698862433\n|move|p2a: Ar\u0441eus-Fighting|Dragon Dance|p2a: Ar\u0441eus-Fighting\n|-boost|p2a: Ar\u0441eus-Fighting|atk|1\n|-boost|p2a: Ar\u0441eus-Fighting|spe|1\n|move|p1a: Arceus|Roar|p2a: Ar\u0441eus-Fighting\n|drag|p2a: Aunt Fanny|Magearna|100\/100\n|\n|upkeep\n|turn|4\n|inactive|XpokVEVO has 270 seconds left.\n|\n|t:|1698862443\n|move|p1a: Arceus|Calm Mind|p1a: Arceus\n|-boost|p1a: Arceus|spa|1\n|-boost|p1a: Arceus|spd|1\n|move|p2a: Aunt Fanny|Thunder Wave|p1a: Arceus\n|-status|p1a: Arceus|par\n|\n|upkeep\n|turn|5\n|\n|t:|1698862449\n|switch|p2a: Akira|Cyclizar, F|100\/100\n|move|p1a: Arceus|Calm Mind|p1a: Arceus\n|-boost|p1a: Arceus|spa|1\n|-boost|p1a: Arceus|spd|1\n|\n|upkeep\n|turn|6\n|\n|t:|1698862455\n|move|p2a: Akira|Shed Tail|p2a: Akira\n|-start|p2a: Akira|Substitute|[from] move: Shed Tail\n|-damage|p2a: Akira|50\/100\n|\n|t:|1698862457\n|switch|p2a: Roaring Peak|Roaring Moon|100\/100|[from] Shed Tail\n|-enditem|p2a: Roaring Peak|Booster Energy\n|-activate|p2a: Roaring Peak|ability: Protosynthesis|[fromitem]\n|-start|p2a: Roaring Peak|protosynthesisspe\n|move|p1a: Arceus|Roar|p2a: Roaring Peak\n|-end|p2a: Roaring Peak|Protosynthesis|[silent]\n|drag|p2a: Ar\u0441eus-Fighting|Arceus-Fire, shiny|100\/100\n|\n|upkeep\n|turn|7\n|\n|t:|1698862460\n|cant|p1a: Arceus|par\n|move|p2a: Ar\u0441eus-Fighting|Roar|p1a: Arceus\n|drag|p1a: Garganacl|Garganacl, F|100\/100\n|\n|upkeep\n|turn|8\n|\n|t:|1698862465\n|switch|p2a: Akira|Cyclizar, F|84\/100\n|move|p1a: Garganacl|Salt Cure|p2a: Akira\n|-damage|p2a: Akira|62\/100\n|-start|p2a: Akira|Salt Cure\n|\n|-damage|p2a: Akira|50\/100|[from] Salt Cure\n|upkeep\n|turn|9\n|\n|t:|1698862478\n|move|p2a: Akira|Knock Off|p1a: Garganacl\n|-damage|p1a: Garganacl|89\/100\n|-enditem|p1a: Garganacl|Leftovers|[from] move: Knock Off|[of] p2a: Akira\n|move|p1a: Garganacl|Body Press|p2a: Akira\n|-supereffective|p2a: Akira\n|-damage|p2a: Akira|0 fnt\n|faint|p2a: Akira\n|\n|upkeep\n|c|\u2606XpokVEVO|damn\n|c|\u2606XpokVEVO|forgot about bpress\n|\n|t:|1698862490\n|switch|p2a: Emu War|Espathra, M|100\/100\n|turn|10\n|\n|t:|1698862498\n|switch|p1a: Mandibuzz|Mandibuzz, F|100\/100\n|move|p2a: Emu War|Protect||[still]\n|-fail|p2a: Emu War\n|\n|-ability|p2a: Emu War|Speed Boost|boost\n|-boost|p2a: Emu War|spe|1\n|upkeep\n|turn|11\n|\n|t:|1698862504\n|switch|p2a: Aunt Fanny|Magearna|100\/100\n|move|p1a: Mandibuzz|Toxic|p2a: Aunt Fanny\n|-immune|p2a: Aunt Fanny\n|\n|upkeep\n|turn|12\n|\n|t:|1698862509\n|switch|p1a: Moltres|Moltres|100\/100\n|move|p2a: Aunt Fanny|Shift Gear|p2a: Aunt Fanny\n|-boost|p2a: Aunt Fanny|spe|2\n|-boost|p2a: Aunt Fanny|atk|1\n|\n|upkeep\n|turn|13\n|\n|t:|1698862517\n|move|p2a: Aunt Fanny|Thunder Wave|p1a: Moltres\n|-status|p1a: Moltres|par\n|cant|p1a: Moltres|par\n|\n|upkeep\n|turn|14\n|\n|t:|1698862523\n|move|p2a: Aunt Fanny|Flash Cannon|p1a: Moltres\n|-resisted|p1a: Moltres\n|-damage|p1a: Moltres|76\/100 par\n|move|p1a: Moltres|Roar|p2a: Aunt Fanny\n|drag|p2a: Princess|Zacian, shiny|100\/100\n|-ability|p2a: Princess|Intrepid Sword|boost\n|-boost|p2a: Princess|atk|1\n|\n|upkeep\n|turn|15\n|\n|t:|1698862534\n|move|p2a: Princess|Crunch|p1a: Moltres\n|-damage|p1a: Moltres|39\/100 par\n|-status|p2a: Princess|brn|[from] ability: Flame Body|[of] p1a: Moltres\n|-damage|p2a: Princess|91\/100 brn|[from] item: Life Orb\n|cant|p1a: Moltres|par\n|\n|-damage|p2a: Princess|85\/100 brn|[from] brn\n|upkeep\n|turn|16\n|c|\u2606XpokVEVO|DAMN IT\n|\n|t:|1698862541\n|move|p2a: Princess|Swords Dance|p2a: Princess\n|-boost|p2a: Princess|atk|2\n|move|p1a: Moltres|Roost|p1a: Moltres\n|-heal|p1a: Moltres|89\/100 par\n|-singleturn|p1a: Moltres|move: Roost\n|\n|-damage|p2a: Princess|79\/100 brn|[from] brn\n|upkeep\n|turn|17\n|\n|t:|1698862544\n|move|p2a: Princess|Swords Dance|p2a: Princess\n|-boost|p2a: Princess|atk|2\n|cant|p1a: Moltres|par\n|\n|-damage|p2a: Princess|73\/100 brn|[from] brn\n|upkeep\n|turn|18\n|\n|t:|1698862546\n|move|p2a: Princess|Crunch|p1a: Moltres\n|-damage|p1a: Moltres|51\/100 par\n|-damage|p2a: Princess|63\/100 brn|[from] item: Life Orb\n|move|p1a: Moltres|Roar|p2a: Princess\n|drag|p2a: Emu War|Espathra, M|100\/100\n|\n|upkeep\n|turn|19\n|\n|t:|1698862554\n|switch|p1a: Blissey|Blissey, F|100\/100\n|move|p2a: Emu War|Calm Mind|p2a: Emu War\n|-boost|p2a: Emu War|spa|1\n|-boost|p2a: Emu War|spd|1\n|\n|-ability|p2a: Emu War|Speed Boost|boost\n|-boost|p2a: Emu War|spe|1\n|upkeep\n|turn|20\n|\n|t:|1698862558\n|move|p2a: Emu War|Protect|p2a: Emu War\n|-singleturn|p2a: Emu War|Protect\n|move|p1a: Blissey|Seismic Toss|p2a: Emu War\n|-activate|p2a: Emu War|move: Protect\n|\n|-ability|p2a: Emu War|Speed Boost|boost\n|-boost|p2a: Emu War|spe|1\n|upkeep\n|turn|21\n|\n|t:|1698862570\n|move|p2a: Emu War|Calm Mind|p2a: Emu War\n|-boost|p2a: Emu War|spa|1\n|-boost|p2a: Emu War|spd|1\n|move|p1a: Blissey|Seismic Toss|p2a: Emu War\n|-damage|p2a: Emu War|70\/100\n|\n|-ability|p2a: Emu War|Speed Boost|boost\n|-boost|p2a: Emu War|spe|1\n|upkeep\n|turn|22\n|\n|t:|1698862579\n|move|p2a: Emu War|Protect|p2a: Emu War\n|-singleturn|p2a: Emu War|Protect\n|move|p1a: Blissey|Seismic Toss|p2a: Emu War\n|-activate|p2a: Emu War|move: Protect\n|\n|-ability|p2a: Emu War|Speed Boost|boost\n|-boost|p2a: Emu War|spe|1\n|upkeep\n|turn|23\n|\n|t:|1698862587\n|move|p2a: Emu War|Calm Mind|p2a: Emu War\n|-boost|p2a: Emu War|spa|1\n|-boost|p2a: Emu War|spd|1\n|move|p1a: Blissey|Seismic Toss|p2a: Emu War\n|-damage|p2a: Emu War|40\/100\n|\n|-ability|p2a: Emu War|Speed Boost|boost\n|-boost|p2a: Emu War|spe|1\n|upkeep\n|turn|24\n|\n|t:|1698862595\n|move|p2a: Emu War|Protect|p2a: Emu War\n|-singleturn|p2a: Emu War|Protect\n|move|p1a: Blissey|Seismic Toss|p2a: Emu War\n|-activate|p2a: Emu War|move: Protect\n|\n|-ability|p2a: Emu War|Speed Boost|boost\n|-boost|p2a: Emu War|spe|1\n|upkeep\n|turn|25\n|\n|t:|1698862597\n|move|p2a: Emu War|Stored Power|p1a: Blissey\n|-damage|p1a: Blissey|0 fnt\n|faint|p1a: Blissey\n|\n|upkeep\n|\n|t:|1698862600\n|switch|p1a: Magearna|Magearna|100\/100\n|turn|26\n|\n|t:|1698862607\n|move|p2a: Emu War|Stored Power|p1a: Magearna\n|-resisted|p1a: Magearna\n|-damage|p1a: Magearna|0 fnt\n|faint|p1a: Magearna\n|\n|upkeep\n|c|\u2606vespyyy|I forgot to give blissey heal bell\n|c|\u2606vespyyy|Re\n|c|\u2606XpokVEVO|mk\n|-message|vespyyy forfeited.\n|\n|win|XpokVEVO\n|l|\u2606vespyyy\n|j|\u2606vespyyy\n|player|p1|vespyyy|juggler\n|l|\u2606vespyyy\n|player|p1|\n","uploadtime":1698862628,"views":12,"p1id":"vespyyy","p2id":"xpokvevo","formatid":"gen9ubers","rating":0,"private":0,"password":""}