{"id":"gen9ubers-1977333878","p1":"mushamu","p2":"naditza","format":"[Gen 9] Ubers","log":"|j|\u2606mushamu\n|j|\u2606naditza\n|inactive|Battle timer is ON: inactive players will automatically lose when time's up.\n|t:|1698406437\n|gametype|singles\n|player|p1|mushamu|tyme|\n|player|p2|naditza|grusha|\n|teamsize|p1|6\n|teamsize|p2|6\n|gen|9\n|tier|[Gen 9] Ubers\n|rated|Tournament battle\n|rule|Sleep Clause Mod: Limit one foe put to sleep\n|rule|Species Clause: Limit one of each Pok\u00e9mon\n|rule|OHKO Clause: OHKO moves are banned\n|rule|Evasion Items Clause: Evasion items are banned\n|rule|Evasion Moves Clause: Evasion moves are banned\n|rule|Endless Battle Clause: Forcing endless battles is banned\n|rule|HP Percentage Mod: HP is shown in percentages\n|clearpoke\n|poke|p1|Koraidon|\n|poke|p1|Miraidon|\n|poke|p1|Eternatus|\n|poke|p1|Great Tusk|\n|poke|p1|Kingambit, M|\n|poke|p1|Arceus-Ground|\n|poke|p2|Miraidon|\n|poke|p2|Iron Bundle|\n|poke|p2|Arceus-Grass|\n|poke|p2|Skeledirge, F|\n|poke|p2|Zacian-*|\n|poke|p2|Ting-Lu|\n|teampreview\n|j|*Lady Monita \u263d\n|c|\u2606mushamu|hf\n|\n|t:|1698406456\n|start\n|switch|p1a: Koraidon|Koraidon|100\/100\n|switch|p2a: Mirai Deez nuts|Miraidon|100\/100\n|-weather|SunnyDay|[from] ability: Orichalcum Pulse|[of] p1a: Koraidon\n|-activate|p1a: Koraidon|Orichalcum Pulse|[source]\n|-fieldstart|move: Electric Terrain|[from] ability: Hadron Engine|[of] p2a: Mirai Deez nuts\n|turn|1\n|c|\u2606naditza|\u00f92\n|\n|t:|1698406462\n|move|p1a: Koraidon|Dragon Claw|p2a: Mirai Deez nuts\n|-supereffective|p2a: Mirai Deez nuts\n|-damage|p2a: Mirai Deez nuts|0 fnt\n|faint|p2a: Mirai Deez nuts\n|\n|-weather|SunnyDay|[upkeep]\n|upkeep\n|\n|t:|1698406467\n|switch|p2a: Ice on his wrist|Iron Bundle|100\/100\n|-activate|p2a: Ice on his wrist|ability: Quark Drive\n|-start|p2a: Ice on his wrist|quarkdrivespe\n|turn|2\n|\n|t:|1698406477\n|switch|p1a: Kingambit|Kingambit, M|100\/100\n|move|p2a: Ice on his wrist|Ice Beam|p1a: Kingambit\n|-resisted|p1a: Kingambit\n|-damage|p1a: Kingambit|77\/100\n|\n|-weather|SunnyDay|[upkeep]\n|upkeep\n|turn|3\n|\n|t:|1698406484\n|move|p2a: Ice on his wrist|Hydro Pump|p1a: Kingambit|[miss]\n|-miss|p2a: Ice on his wrist|p1a: Kingambit\n|move|p1a: Kingambit|Swords Dance|p1a: Kingambit\n|-boost|p1a: Kingambit|atk|2\n|\n|-weather|SunnyDay|[upkeep]\n|upkeep\n|turn|4\n|\n|t:|1698406488\n|move|p1a: Kingambit|Sucker Punch|p2a: Ice on his wrist\n|-damage|p2a: Ice on his wrist|0 fnt\n|faint|p2a: Ice on his wrist\n|-end|p2a: Ice on his wrist|Quark Drive|[silent]\n|\n|-weather|SunnyDay|[upkeep]\n|upkeep\n|\n|t:|1698406498\n|switch|p2a: Zacian|Zacian-Crowned|100\/100\n|-ability|p2a: Zacian|Intrepid Sword|boost\n|-boost|p2a: Zacian|atk|1\n|turn|5\n|\n|t:|1698406501\n|move|p2a: Zacian|Close Combat|p1a: Kingambit\n|-supereffective|p1a: Kingambit\n|-damage|p1a: Kingambit|0 fnt\n|-unboost|p2a: Zacian|def|1\n|-unboost|p2a: Zacian|spd|1\n|faint|p1a: Kingambit\n|-end|p1a: Kingambit|fallenundefined|[silent]\n|\n|-weather|none\n|-fieldend|move: Electric Terrain\n|upkeep\n|\n|t:|1698406503\n|switch|p1a: Koraidon|Koraidon|100\/100\n|-weather|SunnyDay|[from] ability: Orichalcum Pulse|[of] p1a: Koraidon\n|-activate|p1a: Koraidon|Orichalcum Pulse|[source]\n|turn|6\n|\n|t:|1698406507\n|switch|p2a: Skeledirge|Skeledirge, F|100\/100\n|move|p1a: Koraidon|U-turn|p2a: Skeledirge\n|-resisted|p2a: Skeledirge\n|-damage|p2a: Skeledirge|95\/100\n|\n|t:|1698406513\n|switch|p1a: Miraidon|Miraidon|100\/100|[from] U-turn\n|-fieldstart|move: Electric Terrain|[from] ability: Hadron Engine|[of] p1a: Miraidon\n|\n|-weather|SunnyDay|[upkeep]\n|upkeep\n|turn|7\n|\n|t:|1698406521\n|switch|p2a: Ting-Lu|Ting-Lu|100\/100\n|-ability|p2a: Ting-Lu|Vessel of Ruin\n|move|p1a: Miraidon|Solar Beam||[still]\n|-prepare|p1a: Miraidon|Solar Beam\n|-anim|p1a: Miraidon|Solar Beam|p2a: Ting-Lu\n|-supereffective|p2a: Ting-Lu\n|-damage|p2a: Ting-Lu|31\/100\n|-damage|p1a: Miraidon|91\/100|[from] item: Life Orb\n|\n|-weather|SunnyDay|[upkeep]\n|-heal|p2a: Ting-Lu|37\/100|[from] item: Leftovers\n|upkeep\n|turn|8\n|\n|t:|1698406528\n|move|p1a: Miraidon|Solar Beam||[still]\n|-prepare|p1a: Miraidon|Solar Beam\n|-anim|p1a: Miraidon|Solar Beam|p2a: Ting-Lu\n|-supereffective|p2a: Ting-Lu\n|-crit|p2a: Ting-Lu\n|-damage|p2a: Ting-Lu|0 fnt\n|faint|p2a: Ting-Lu\n|-damage|p1a: Miraidon|81\/100|[from] item: Life Orb\n|\n|-weather|SunnyDay|[upkeep]\n|upkeep\n|\n|t:|1698406534\n|switch|p2a: 420|Arceus-Grass|100\/100\n|turn|9\n|\n|t:|1698406539\n|move|p2a: 420|Calm Mind|p2a: 420\n|-boost|p2a: 420|spa|1\n|-boost|p2a: 420|spd|1\n|move|p1a: Miraidon|Dragon Pulse|p2a: 420\n|-crit|p2a: 420\n|-damage|p2a: 420|11\/100\n|-damage|p1a: Miraidon|71\/100|[from] item: Life Orb\n|\n|-weather|SunnyDay|[upkeep]\n|upkeep\n|turn|10\n|\n|t:|1698406545\n|switch|p1a: Koraidon|Koraidon|100\/100\n|-activate|p1a: Koraidon|ability: Orichalcum Pulse\n|move|p2a: 420|Recover|p2a: 420\n|-heal|p2a: 420|61\/100\n|\n|-weather|none\n|-fieldend|move: Electric Terrain\n|upkeep\n|turn|11\n|\n|t:|1698406553\n|-terastallize|p1a: Koraidon|Fire\n|-terastallize|p2a: 420|Ground\n|move|p1a: Koraidon|Flare Blitz|p2a: 420\n|-damage|p2a: 420|20\/100\n|-damage|p1a: Koraidon|83\/100|[from] Recoil\n|move|p2a: 420|Earth Power|p1a: Koraidon\n|-supereffective|p1a: Koraidon\n|-damage|p1a: Koraidon|0 fnt\n|faint|p1a: Koraidon\n|\n|upkeep\n|\n|t:|1698406576\n|switch|p1a: Arceus|Arceus-Ground|100\/100\n|turn|12\n|\n|t:|1698406581\n|move|p2a: 420|Recover|p2a: 420\n|-heal|p2a: 420|70\/100\n|move|p1a: Arceus|Calm Mind|p1a: Arceus\n|-boost|p1a: Arceus|spa|1\n|-boost|p1a: Arceus|spd|1\n|\n|upkeep\n|turn|13\n|\n|t:|1698406587\n|move|p2a: 420|Judgment|p1a: Arceus\n|-supereffective|p1a: Arceus\n|-damage|p1a: Arceus|31\/100\n|move|p1a: Arceus|Ice Beam|p2a: 420\n|-supereffective|p2a: 420\n|-damage|p2a: 420|36\/100\n|\n|upkeep\n|turn|14\n|\n|t:|1698406592\n|move|p2a: 420|Judgment|p1a: Arceus\n|-supereffective|p1a: Arceus\n|-damage|p1a: Arceus|0 fnt\n|faint|p1a: Arceus\n|\n|upkeep\n|\n|t:|1698406594\n|switch|p1a: Eternatus|Eternatus|100\/100\n|-ability|p1a: Eternatus|Pressure\n|turn|15\n|\n|t:|1698406605\n|move|p2a: 420|Recover|p2a: 420\n|-heal|p2a: 420|86\/100\n|move|p1a: Eternatus|Agility|p1a: Eternatus\n|-boost|p1a: Eternatus|spe|2\n|\n|upkeep\n|turn|16\n|\n|t:|1698406609\n|move|p1a: Eternatus|Sludge Bomb|p2a: 420\n|-resisted|p2a: 420\n|-damage|p2a: 420|73\/100\n|move|p2a: 420|Earth Power|p1a: Eternatus\n|-supereffective|p1a: Eternatus\n|-damage|p1a: Eternatus|12\/100\n|\n|-heal|p1a: Eternatus|18\/100|[from] item: Leftovers\n|upkeep\n|turn|17\n|\n|t:|1698406615\n|move|p1a: Eternatus|Sludge Bomb|p2a: 420\n|-resisted|p2a: 420\n|-damage|p2a: 420|60\/100\n|move|p2a: 420|Earth Power|p1a: Eternatus\n|-supereffective|p1a: Eternatus\n|-damage|p1a: Eternatus|0 fnt\n|faint|p1a: Eternatus\n|\n|upkeep\n|\n|t:|1698406618\n|switch|p1a: Miraidon|Miraidon|71\/100\n|-fieldstart|move: Electric Terrain|[from] ability: Hadron Engine|[of] p1a: Miraidon\n|turn|18\n|\n|t:|1698406622\n|move|p2a: 420|Earth Power|p1a: Miraidon\n|-supereffective|p1a: Miraidon\n|-damage|p1a: Miraidon|0 fnt\n|faint|p1a: Miraidon\n|\n|upkeep\n|\n|t:|1698406624\n|switch|p1a: Great Tusk|Great Tusk|100\/100\n|turn|19\n|c|\u2606mushamu|gg\n|\n|t:|1698406628\n|move|p2a: 420|Judgment|p1a: Great Tusk\n|-supereffective|p1a: Great Tusk\n|-damage|p1a: Great Tusk|0 fnt\n|faint|p1a: Great Tusk\n|-end|p1a: Great Tusk|Protosynthesis|[silent]\n|\n|win|naditza\n|n|\u2606mushamu|mushamu\n|n|\u2606naditza|naditza\n|n|*Lady Monita \u263d|ladymonita\n|l|*Lady Monita \u263d\n|c|\u2606naditza|gg\n|l|\u2606mushamu\n","uploadtime":1698406637,"views":14,"p1id":"mushamu","p2id":"naditza","formatid":"gen9ubers","rating":0,"private":0,"password":""}