{"id":"gen9ubers-1998618221","p1":"Fuifdf tv","p2":"gojigogi","format":"[Gen 9] Ubers","log":"|j|\u2606Fuifdf tv\n|j|\u2606gojigogi\n|t:|1700963618\n|gametype|singles\n|player|p1|Fuifdf tv|1|1000\n|player|p2|gojigogi|red|1157\n|teamsize|p1|6\n|teamsize|p2|6\n|gen|9\n|tier|[Gen 9] Ubers\n|rated|\n|rule|Sleep Clause Mod: Limit one foe put to sleep\n|rule|Species Clause: Limit one of each Pok\u00e9mon\n|rule|OHKO Clause: OHKO moves are banned\n|rule|Evasion Items Clause: Evasion items are banned\n|rule|Evasion Moves Clause: Evasion moves are banned\n|rule|Endless Battle Clause: Forcing endless battles is banned\n|rule|HP Percentage Mod: HP is shown in percentages\n|clearpoke\n|poke|p1|Iron Hands|\n|poke|p1|Iron Thorns|\n|poke|p1|Sandy Shocks|\n|poke|p1|Slither Wing|\n|poke|p1|Walking Wake|\n|poke|p1|Furret, M|\n|poke|p2|Arceus-Ground|\n|poke|p2|Miraidon|\n|poke|p2|Zacian-*|\n|poke|p2|Skeledirge, M|\n|poke|p2|Koraidon|\n|poke|p2|Samurott-Hisui, F|\n|teampreview\n|inactive|Battle timer is ON: inactive players will automatically lose when time's up. (requested by gojigogi)\n|\n|t:|1700963628\n|start\n|switch|p1a: Furret|Furret, M|100\/100\n|switch|p2a: Samurott|Samurott-Hisui, F|100\/100\n|-item|p2a: Samurott|Assault Vest|[from] ability: Frisk|[of] p1a: Furret|[identify]\n|turn|1\n|inactive|Fuifdf tv has 120 seconds left.\n|\n|t:|1700963668\n|move|p1a: Furret|Knock Off|p2a: Samurott\n|-resisted|p2a: Samurott\n|-damage|p2a: Samurott|85\/100\n|-enditem|p2a: Samurott|Assault Vest|[from] move: Knock Off|[of] p1a: Furret\n|move|p2a: Samurott|Sacred Sword|p1a: Furret\n|-supereffective|p1a: Furret\n|-damage|p1a: Furret|0 fnt\n|faint|p1a: Furret\n|\n|upkeep\n|j| pheonix69\n|l| pheonix69\n|\n|t:|1700963685\n|switch|p1a: Sandy Shocks|Sandy Shocks|100\/100\n|turn|2\n|\n|t:|1700963694\n|move|p1a: Sandy Shocks|Volt Switch|p2a: Samurott\n|-supereffective|p2a: Samurott\n|-damage|p2a: Samurott|0 fnt\n|faint|p2a: Samurott\n|\n|t:|1700963703\n|-end|p1a: Sandy Shocks|Protosynthesis|[silent]\n|switch|p1a: Iron Hands|Iron Hands|100\/100|[from] Volt Switch\n|\n|upkeep\n|\n|t:|1700963708\n|switch|p2a: Arceus|Arceus-Ground, shiny|100\/100\n|turn|3\n|inactive|Fuifdf tv has 120 seconds left.\n|\n|t:|1700963737\n|move|p2a: Arceus|Swords Dance|p2a: Arceus\n|-boost|p2a: Arceus|atk|2\n|move|p1a: Iron Hands|Ice Punch|p2a: Arceus\n|-supereffective|p2a: Arceus\n|-damage|p2a: Arceus|60\/100\n|\n|upkeep\n|turn|4\n|inactive|Fuifdf tv has 90 seconds left.\n|\n|t:|1700963771\n|move|p2a: Arceus|Judgment|p1a: Iron Hands\n|-supereffective|p1a: Iron Hands\n|-damage|p1a: Iron Hands|43\/100\n|move|p1a: Iron Hands|Ice Punch|p2a: Arceus\n|-supereffective|p2a: Arceus\n|-damage|p2a: Arceus|19\/100\n|\n|upkeep\n|turn|5\n|\n|t:|1700963792\n|move|p2a: Arceus|Judgment|p1a: Iron Hands\n|-supereffective|p1a: Iron Hands\n|-damage|p1a: Iron Hands|0 fnt\n|faint|p1a: Iron Hands\n|-end|p1a: Iron Hands|Quark Drive|[silent]\n|\n|upkeep\n|inactive|Fuifdf tv has 60 seconds left.\n|\n|t:|1700963832\n|switch|p1a: Walking Wake|Walking Wake|100\/100\n|turn|6\n|\n|t:|1700963851\n|move|p2a: Arceus|Recover|p2a: Arceus\n|-heal|p2a: Arceus|69\/100\n|move|p1a: Walking Wake|Flip Turn|p2a: Arceus\n|-supereffective|p2a: Arceus\n|-damage|p2a: Arceus|18\/100\n|inactive|Fuifdf tv has 30 seconds left.\n|inactive|Fuifdf tv has 20 seconds left.\n|inactive|Fuifdf tv has 15 seconds left.\n|inactive|Fuifdf tv has 10 seconds left.\n|\n|t:|1700963883\n|-end|p1a: Walking Wake|Protosynthesis|[silent]\n|switch|p1a: Slither Wing|Slither Wing|100\/100|[from] Flip Turn\n|-enditem|p1a: Slither Wing|Booster Energy\n|-activate|p1a: Slither Wing|ability: Protosynthesis|[fromitem]\n|-start|p1a: Slither Wing|protosynthesisatk\n|\n|upkeep\n|turn|7\n|inactive|Fuifdf tv has 20 seconds left this turn.\n|inactive|Fuifdf tv has 15 seconds left.\n|\n|t:|1700963894\n|move|p2a: Arceus|Extreme Speed|p1a: Slither Wing\n|-damage|p1a: Slither Wing|55\/100\n|move|p1a: Slither Wing|First Impression|p2a: Arceus\n|-damage|p2a: Arceus|0 fnt\n|faint|p2a: Arceus\n|\n|upkeep\n|inactive|Fuifdf tv has 20 seconds left this turn.\n|\n|t:|1700963902\n|switch|p2a: Skeledirge|Skeledirge, M, shiny|100\/100\n|turn|8\n|inactive|Fuifdf tv has 30 seconds left this turn.\n|inactive|Fuifdf tv has 20 seconds left.\n|\n|t:|1700963913\n|move|p1a: Slither Wing|Acrobatics|p2a: Skeledirge\n|-damage|p2a: Skeledirge|57\/100\n|move|p2a: Skeledirge|Torch Song|p1a: Slither Wing\n|-supereffective|p1a: Slither Wing\n|-crit|p1a: Slither Wing\n|-damage|p1a: Slither Wing|0 fnt\n|-boost|p2a: Skeledirge|spa|1\n|faint|p1a: Slither Wing\n|-end|p1a: Slither Wing|Protosynthesis|[silent]\n|\n|-heal|p2a: Skeledirge|63\/100|[from] item: Leftovers\n|upkeep\n|inactive|Fuifdf tv has 25 seconds left this turn.\n|inactive|Fuifdf tv has 20 seconds left.\n|inactive|Fuifdf tv has 15 seconds left.\n|inactive|Fuifdf tv has 10 seconds left.\n|\n|t:|1700963932\n|switch|p1a: Iron Thorns|Iron Thorns|100\/100\n|turn|9\n|inactive|Fuifdf tv has 20 seconds left this turn.\n|inactive|Fuifdf tv has 15 seconds left.\n|inactive|Fuifdf tv has 10 seconds left.\n|\n|t:|1700963951\n|move|p1a: Iron Thorns|Rock Blast|p2a: Skeledirge\n|-supereffective|p2a: Skeledirge\n|-damage|p2a: Skeledirge|44\/100\n|-supereffective|p2a: Skeledirge\n|-damage|p2a: Skeledirge|26\/100\n|-supereffective|p2a: Skeledirge\n|-damage|p2a: Skeledirge|7\/100\n|-supereffective|p2a: Skeledirge\n|-damage|p2a: Skeledirge|0 fnt\n|faint|p2a: Skeledirge\n|-hitcount|p2: Skeledirge|4\n|\n|upkeep\n|inactive|Fuifdf tv has 15 seconds left this turn.\n|\n|t:|1700963959\n|switch|p2a: Zacian|Zacian-Crowned, shiny|100\/100\n|-ability|p2a: Zacian|Intrepid Sword|boost\n|-boost|p2a: Zacian|atk|1\n|turn|10\n|inactive|Fuifdf tv has 25 seconds left this turn.\n|inactive|Fuifdf tv has 20 seconds left.\n|inactive|Fuifdf tv has 15 seconds left.\n|\n|t:|1700963971\n|move|p2a: Zacian|Sacred Sword|p1a: Iron Thorns\n|-supereffective|p1a: Iron Thorns\n|-damage|p1a: Iron Thorns|19\/100\n|move|p1a: Iron Thorns|Dragon Dance|p1a: Iron Thorns\n|-boost|p1a: Iron Thorns|atk|1\n|-boost|p1a: Iron Thorns|spe|1\n|\n|upkeep\n|turn|11\n|inactive|Fuifdf tv has 25 seconds left this turn.\n|inactive|Fuifdf tv has 20 seconds left.\n|inactive|Fuifdf tv has 15 seconds left.\n|inactive|Fuifdf tv has 10 seconds left.\n|\n|t:|1700963991\n|move|p2a: Zacian|Sacred Sword|p1a: Iron Thorns\n|-supereffective|p1a: Iron Thorns\n|-damage|p1a: Iron Thorns|0 fnt\n|faint|p1a: Iron Thorns\n|-end|p1a: Iron Thorns|Quark Drive|[silent]\n|\n|upkeep\n|inactive|Fuifdf tv has 15 seconds left this turn.\n|inactive|Fuifdf tv has 10 seconds left.\n|\n|t:|1700964000\n|switch|p1a: Sandy Shocks|Sandy Shocks|100\/100\n|turn|12\n|inactive|Fuifdf tv has 20 seconds left this turn.\n|\n|t:|1700964015\n|move|p1a: Sandy Shocks|Volt Switch|p2a: Zacian\n|-damage|p2a: Zacian|67\/100\n|inactive|Fuifdf tv has 25 seconds left this turn.\n|inactive|Fuifdf tv has 20 seconds left.\n|inactive|Fuifdf tv has 15 seconds left.\n|inactive|Fuifdf tv has 10 seconds left.\n|\n|t:|1700964031\n|-end|p1a: Sandy Shocks|Protosynthesis|[silent]\n|switch|p1a: Walking Wake|Walking Wake|100\/100|[from] Volt Switch\n|move|p2a: Zacian|Sacred Sword|p1a: Walking Wake\n|-damage|p1a: Walking Wake|40\/100\n|\n|upkeep\n|turn|13\n|inactive|Fuifdf tv has 20 seconds left this turn.\n|inactive|Fuifdf tv has 15 seconds left.\n|inactive|Fuifdf tv has 10 seconds left.\n|inactive|Fuifdf tv has 5 seconds left.\n|\n|t:|1700964050\n|-terastallize|p1a: Walking Wake|Fire\n|move|p2a: Zacian|Play Rough|p1a: Walking Wake\n|-resisted|p1a: Walking Wake\n|-damage|p1a: Walking Wake|0 fnt\n|faint|p1a: Walking Wake\n|-end|p1a: Walking Wake|Protosynthesis|[silent]\n|\n|upkeep\n|inactive|Fuifdf tv has 10 seconds left this turn.\n|inactive|Fuifdf tv has 5 seconds left.\n|\n|t:|1700964057\n|switch|p1a: Sandy Shocks|Sandy Shocks|100\/100\n|turn|14\n|inactive|Fuifdf tv has 15 seconds left this turn.\n|\n|t:|1700964064\n|-terastallize|p2a: Zacian|Ground\n|move|p1a: Sandy Shocks|Earth Power|p2a: Zacian\n|-crit|p2a: Zacian\n|-damage|p2a: Zacian|1\/100\n|move|p2a: Zacian|Swords Dance|p2a: Zacian\n|-boost|p2a: Zacian|atk|2\n|\n|upkeep\n|turn|15\n|inactive|Fuifdf tv has 25 seconds left this turn.\n|inactive|Fuifdf tv has 20 seconds left.\n|inactive|Fuifdf tv has 15 seconds left.\n|\n|t:|1700964075\n|move|p1a: Sandy Shocks|Earth Power|p2a: Zacian\n|-crit|p2a: Zacian\n|-damage|p2a: Zacian|0 fnt\n|faint|p2a: Zacian\n|\n|upkeep\n|inactive|Fuifdf tv has 20 seconds left this turn.\n|\n|t:|1700964078\n|switch|p2a: Koraidon|Koraidon|100\/100\n|-weather|SunnyDay|[from] ability: Orichalcum Pulse|[of] p2a: Koraidon\n|-activate|p1a: Sandy Shocks|ability: Protosynthesis\n|-start|p1a: Sandy Shocks|protosynthesisspa\n|-activate|p2a: Koraidon|Orichalcum Pulse|[source]\n|turn|16\n|inactive|Fuifdf tv has 30 seconds left this turn.\n|\n|t:|1700964086\n|move|p1a: Sandy Shocks|Earth Power|p2a: Koraidon\n|-damage|p2a: Koraidon|31\/100\n|move|p2a: Koraidon|Drain Punch|p1a: Sandy Shocks\n|-damage|p1a: Sandy Shocks|38\/100\n|-heal|p2a: Koraidon|60\/100|[from] drain|[of] p1a: Sandy Shocks\n|\n|-weather|SunnyDay|[upkeep]\n|-heal|p2a: Koraidon|66\/100|[from] item: Leftovers\n|upkeep\n|turn|17\n|inactive|Fuifdf tv has 30 seconds left.\n|\n|t:|1700964096\n|move|p1a: Sandy Shocks|Earth Power|p2a: Koraidon\n|-damage|p2a: Koraidon|0 fnt\n|faint|p2a: Koraidon\n|\n|-weather|SunnyDay|[upkeep]\n|upkeep\n|inactive|Fuifdf tv has 30 seconds left this turn.\n|\n|t:|1700964100\n|switch|p2a: Miraidon|Miraidon|100\/100\n|-fieldstart|move: Electric Terrain|[from] ability: Hadron Engine|[of] p2a: Miraidon\n|turn|18\n|\n|t:|1700964108\n|move|p1a: Sandy Shocks|Earth Power|p2a: Miraidon\n|-supereffective|p2a: Miraidon\n|-damage|p2a: Miraidon|0 fnt\n|faint|p2a: Miraidon\n|\n|win|Fuifdf tv\n|raw|Fuifdf tv's rating: 1000 &rarr; <strong>1057<\/strong><br \/>(+57 for winning)\n|raw|gojigogi's rating: 1157 &rarr; <strong>1121<\/strong><br \/>(-36 for losing)\n|l|\u2606gojigogi\n","uploadtime":1700964126,"views":2,"p1id":"fuifdftv","p2id":"gojigogi","formatid":"gen9ubers","rating":1057,"private":0,"password":""}