{"id":"gen9ubers-1982918983","p1":"patty176","p2":"pyrogamerman","format":"[Gen 9] Ubers","log":"|j|\u2606patty176\n|j|\u2606pyrogamerman\n|t:|1699058618\n|gametype|singles\n|player|p1|patty176|furisodegirl-black|\n|player|p2|pyrogamerman|1|\n|teamsize|p1|6\n|teamsize|p2|6\n|gen|9\n|tier|[Gen 9] Ubers\n|rule|Sleep Clause Mod: Limit one foe put to sleep\n|rule|Species Clause: Limit one of each Pok\u00e9mon\n|rule|OHKO Clause: OHKO moves are banned\n|rule|Evasion Items Clause: Evasion items are banned\n|rule|Evasion Moves Clause: Evasion moves are banned\n|rule|Endless Battle Clause: Forcing endless battles is banned\n|rule|HP Percentage Mod: HP is shown in percentages\n|clearpoke\n|poke|p1|Gliscor, F|\n|poke|p1|Alomomola, M|\n|poke|p1|Heatran, F|\n|poke|p1|Ogerpon-Wellspring, F|\n|poke|p1|Dragonite, F|\n|poke|p1|Gholdengo|\n|poke|p2|Gliscor, M|\n|poke|p2|Clefable, F|\n|poke|p2|Dondozo, M|\n|poke|p2|Tornadus-Therian, M|\n|poke|p2|Toxapex, M|\n|poke|p2|Blissey, F|\n|teampreview\n|inactive|Battle timer is ON: inactive players will automatically lose when time's up. (requested by patty176)\n|j| Werewolf72\n|inactiveoff|Battle timer is now OFF.\n|c|\u2606patty176|glhf!\n|j| NotWarriors\n|j| Aemph\n|\n|t:|1699058639\n|start\n|switch|p1a: The bonk|Ogerpon-Wellspring, F|100\/100\n|switch|p2a: Gliscor|Gliscor, M|100\/100\n|turn|1\n|j| Anonymous Pulsar\n|j| PeachFuzzWeirdo\n|j| ya-da-ne\n|\n|t:|1699058661\n|switch|p2a: Dondozo|Dondozo, M|100\/100\n|move|p1a: The bonk|Ivy Cudgel|p2a: Dondozo\n|-resisted|p2a: Dondozo\n|-damage|p2a: Dondozo|87\/100\n|\n|upkeep\n|turn|2\n|j| WATAMAWIGI\n|\n|t:|1699058675\n|-terastallize|p2a: Dondozo|Dragon\n|move|p1a: The bonk|U-turn|p2a: Dondozo\n|-damage|p2a: Dondozo|74\/100\n|\n|t:|1699058682\n|switch|p1a: I'm Fish|Alomomola, M|100\/100|[from] U-turn\n|move|p2a: Dondozo|Body Press|p1a: I'm Fish\n|-crit|p1a: I'm Fish\n|-damage|p1a: I'm Fish|78\/100\n|\n|-heal|p1a: I'm Fish|84\/100|[from] item: Leftovers\n|upkeep\n|turn|3\n|j| Dracyo\n|\n|t:|1699058696\n|switch|p2a: Toxapex|Toxapex, M|100\/100\n|move|p1a: I'm Fish|Scald|p2a: Toxapex\n|-resisted|p2a: Toxapex\n|-damage|p2a: Toxapex|97\/100\n|\n|-heal|p1a: I'm Fish|90\/100|[from] item: Leftovers\n|upkeep\n|turn|4\n|j| hipicrit\n|\n|t:|1699058710\n|switch|p1a: The bonk|Ogerpon-Wellspring, F|100\/100\n|move|p2a: Toxapex|Toxic|p1a: The bonk\n|-status|p1a: The bonk|tox\n|\n|-damage|p1a: The bonk|95\/100 tox|[from] psn\n|upkeep\n|turn|5\n|\n|t:|1699058719\n|move|p1a: The bonk|Encore|p2a: Toxapex\n|-start|p2a: Toxapex|Encore\n|move|p2a: Toxapex|Toxic|p1a: The bonk\n|-fail|p1a: The bonk|tox\n|\n|-damage|p1a: The bonk|83\/100 tox|[from] psn\n|upkeep\n|turn|6\n|\n|t:|1699058725\n|switch|p2a: Dondozo|Dondozo, M, tera:Dragon|74\/100\n|move|p1a: The bonk|U-turn|p2a: Dondozo\n|-damage|p2a: Dondozo|61\/100\n|\n|t:|1699058752\n|switch|p1a: Sus|Gliscor, F|100\/100|[from] U-turn\n|\n|-status|p1a: Sus|tox|[from] item: Toxic Orb\n|upkeep\n|turn|7\n|\n|t:|1699058768\n|switch|p2a: Clefable|Clefable, F|100\/100\n|move|p1a: Sus|Knock Off|p2a: Clefable\n|-resisted|p2a: Clefable\n|-damage|p2a: Clefable|92\/100\n|-enditem|p2a: Clefable|Leftovers|[from] move: Knock Off|[of] p1a: Sus\n|\n|upkeep\n|turn|8\n|\n|t:|1699058776\n|move|p1a: Sus|Spikes|p2a: Clefable\n|-sidestart|p2: pyrogamerman|Spikes\n|move|p2a: Clefable|Stealth Rock|p1a: Sus\n|-sidestart|p1: patty176|move: Stealth Rock\n|\n|upkeep\n|turn|9\n|\n|t:|1699058782\n|move|p1a: Sus|Spikes|p2a: Clefable\n|-sidestart|p2: pyrogamerman|Spikes\n|move|p2a: Clefable|Moonblast|p1a: Sus\n|-crit|p1a: Sus\n|-damage|p1a: Sus|58\/100 tox\n|-unboost|p1a: Sus|spa|1\n|\n|-heal|p1a: Sus|70\/100 tox|[from] ability: Poison Heal\n|upkeep\n|turn|10\n|\n|t:|1699058791\n|switch|p2a: Gliscor|Gliscor, M|100\/100\n|move|p1a: Sus|Protect||[still]\n|-fail|p1a: Sus\n|\n|-heal|p1a: Sus|83\/100 tox|[from] ability: Poison Heal\n|-status|p2a: Gliscor|tox|[from] item: Toxic Orb\n|upkeep\n|turn|11\n|c| ya-da-ne|among us \ud83e\udd2f\ud83e\udd2f\ud83e\udd2f\ud83e\udd2f\ud83e\udd2f\ud83e\udd2f\ud83e\udd2f\ud83e\udd2f\ud83e\udd2f\ud83e\udd2f\ud83e\udd2f\ud83e\udd2f\ud83e\udd2f\ud83e\udd2f\ud83e\udd2f\ud83e\udd2f\ud83e\udd2f\ud83e\udd2f\ud83e\udd2f\ud83e\udd2f\ud83e\udd2f\ud83e\udd2f\ud83e\udd2f\ud83e\udd2f\ud83e\udd2f\ud83e\udd2f\ud83e\udd2f\ud83e\udd2f\ud83e\udd2f\ud83e\udd2f\ud83e\udd2f\ud83e\udd2f\ud83e\udd2f\ud83e\udd2f\ud83e\udd2f\ud83e\udd2f\ud83e\udd2f\ud83e\udd2f\ud83e\udd2f\ud83e\udd2f\n|\n|t:|1699058805\n|switch|p1a: The bonk|Ogerpon-Wellspring, F|83\/100 tox\n|-damage|p1a: The bonk|70\/100 tox|[from] Stealth Rock\n|move|p2a: Gliscor|Toxic|p1a: The bonk\n|-fail|p1a: The bonk|tox\n|\n|-damage|p1a: The bonk|64\/100 tox|[from] psn\n|upkeep\n|turn|12\n|\n|t:|1699058823\n|move|p2a: Gliscor|Protect|p2a: Gliscor\n|-singleturn|p2a: Gliscor|Protect\n|move|p1a: The bonk|Ivy Cudgel|p2a: Gliscor\n|-activate|p2a: Gliscor|move: Protect\n|\n|-damage|p1a: The bonk|52\/100 tox|[from] psn\n|upkeep\n|turn|13\n|\n|t:|1699058831\n|switch|p2a: Dondozo|Dondozo, M, tera:Dragon|61\/100\n|move|p1a: The bonk|Ivy Cudgel|p2a: Dondozo\n|-resisted|p2a: Dondozo\n|-damage|p2a: Dondozo|49\/100\n|\n|-damage|p1a: The bonk|34\/100 tox|[from] psn\n|upkeep\n|turn|14\n|\n|t:|1699058839\n|switch|p1a: I'm Fish|Alomomola, M|100\/100\n|-damage|p1a: I'm Fish|88\/100|[from] Stealth Rock\n|move|p2a: Dondozo|Rest|p2a: Dondozo\n|-status|p2a: Dondozo|slp|[from] move: Rest\n|-heal|p2a: Dondozo|100\/100 slp|[silent]\n|\n|-heal|p1a: I'm Fish|94\/100|[from] item: Leftovers\n|upkeep\n|turn|15\n|\n|t:|1699058850\n|switch|p2a: Toxapex|Toxapex, M|100\/100\n|move|p1a: I'm Fish|Wish|p1a: I'm Fish\n|\n|-heal|p1a: I'm Fish|100\/100|[from] item: Leftovers\n|upkeep\n|turn|16\n|\n|t:|1699058857\n|switch|p1a: The bonk|Ogerpon-Wellspring, F|34\/100 tox\n|-damage|p1a: The bonk|22\/100 tox|[from] Stealth Rock\n|move|p2a: Toxapex|Infestation|p1a: The bonk\n|-supereffective|p1a: The bonk\n|-damage|p1a: The bonk|15\/100 tox\n|-activate|p1a: The bonk|move: Infestation|[of] p2a: Toxapex\n|\n|-heal|p1a: The bonk|100\/100 tox|[from] move: Wish|[wisher] I'm Fish\n|-damage|p1a: The bonk|95\/100 tox|[from] psn\n|-damage|p1a: The bonk|82\/100 tox|[from] move: Infestation|[partiallytrapped]\n|upkeep\n|turn|17\n|\n|t:|1699058869\n|move|p1a: The bonk|U-turn|p2a: Toxapex\n|-resisted|p2a: Toxapex\n|-damage|p2a: Toxapex|89\/100\n|\n|t:|1699058876\n|switch|p1a: Sus|Gliscor, F|83\/100 tox|[from] U-turn\n|-damage|p1a: Sus|70\/100 tox|[from] Stealth Rock\n|move|p2a: Toxapex|Infestation|p1a: Sus\n|-resisted|p1a: Sus\n|-damage|p1a: Sus|69\/100 tox\n|-activate|p1a: Sus|move: Infestation|[of] p2a: Toxapex\n|\n|-heal|p1a: Sus|82\/100 tox|[from] ability: Poison Heal\n|-damage|p1a: Sus|69\/100 tox|[from] move: Infestation|[partiallytrapped]\n|upkeep\n|turn|18\n|\n|t:|1699058888\n|switch|p2a: Gliscor|Gliscor, M|100\/100 tox\n|move|p1a: Sus|Knock Off|p2a: Gliscor\n|-damage|p2a: Gliscor|88\/100 tox\n|-enditem|p2a: Gliscor|Toxic Orb|[from] move: Knock Off|[of] p1a: Sus\n|\n|-heal|p1a: Sus|82\/100 tox|[from] ability: Poison Heal\n|-heal|p2a: Gliscor|100\/100 tox|[from] ability: Poison Heal\n|-end|p1a: Sus|Infestation|[partiallytrapped]|[silent]\n|upkeep\n|turn|19\n|c| Werewolf72|Cue the Spider-Man meme\n|\n|t:|1699058915\n|switch|p1a: I'm Fish|Alomomola, M|100\/100\n|-damage|p1a: I'm Fish|88\/100|[from] Stealth Rock\n|move|p2a: Gliscor|Spikes|p1a: I'm Fish\n|-sidestart|p1: patty176|Spikes\n|\n|-heal|p1a: I'm Fish|94\/100|[from] item: Leftovers\n|upkeep\n|turn|20\n|l| Aemph\n|\n|t:|1699058927\n|move|p2a: Gliscor|Toxic|p1a: I'm Fish\n|-status|p1a: I'm Fish|tox\n|move|p1a: I'm Fish|Flip Turn|p2a: Gliscor\n|-supereffective|p2a: Gliscor\n|-damage|p2a: Gliscor|80\/100 tox\n|\n|t:|1699058939\n|switch|p1a: The bonk|Ogerpon-Wellspring, F|82\/100 tox|[from] Flip Turn\n|-damage|p1a: The bonk|70\/100 tox|[from] Stealth Rock\n|-damage|p1a: The bonk|58\/100 tox|[from] Spikes\n|\n|-damage|p1a: The bonk|52\/100 tox|[from] psn\n|-heal|p2a: Gliscor|92\/100 tox|[from] ability: Poison Heal\n|upkeep\n|turn|21\n|\n|t:|1699058949\n|move|p2a: Gliscor|Protect|p2a: Gliscor\n|-singleturn|p2a: Gliscor|Protect\n|move|p1a: The bonk|Encore|p2a: Gliscor\n|-activate|p2a: Gliscor|move: Protect\n|\n|-damage|p1a: The bonk|40\/100 tox|[from] psn\n|-heal|p2a: Gliscor|100\/100 tox|[from] ability: Poison Heal\n|upkeep\n|turn|22\n|\n|t:|1699058965\n|move|p1a: The bonk|U-turn|p2a: Gliscor\n|-resisted|p2a: Gliscor\n|-damage|p2a: Gliscor|92\/100 tox\n|\n|t:|1699058968\n|switch|p1a: I'm Fish|Alomomola, M|100\/100 tox|[from] U-turn\n|-damage|p1a: I'm Fish|88\/100 tox|[from] Stealth Rock\n|-damage|p1a: I'm Fish|76\/100 tox|[from] Spikes\n|move|p2a: Gliscor|Spikes|p1a: I'm Fish\n|-sidestart|p1: patty176|Spikes\n|\n|-heal|p1a: I'm Fish|82\/100 tox|[from] item: Leftovers\n|-heal|p2a: Gliscor|100\/100 tox|[from] ability: Poison Heal\n|-damage|p1a: I'm Fish|76\/100 tox|[from] psn\n|upkeep\n|turn|23\n|\n|t:|1699058979\n|move|p2a: Gliscor|Protect|p2a: Gliscor\n|-singleturn|p2a: Gliscor|Protect\n|move|p1a: I'm Fish|Wish|p1a: I'm Fish\n|\n|-heal|p1a: I'm Fish|82\/100 tox|[from] item: Leftovers\n|-damage|p1a: I'm Fish|70\/100 tox|[from] psn\n|upkeep\n|turn|24\n|\n|t:|1699058986\n|move|p2a: Gliscor|Spikes|p1a: I'm Fish\n|-sidestart|p1: patty176|Spikes\n|move|p1a: I'm Fish|Flip Turn|p2a: Gliscor\n|-supereffective|p2a: Gliscor\n|-damage|p2a: Gliscor|82\/100 tox\n|\n|t:|1699058994\n|switch|p1a: The bonk|Ogerpon-Wellspring, F|40\/100 tox|[from] Flip Turn\n|-damage|p1a: The bonk|27\/100 tox|[from] Stealth Rock\n|-damage|p1a: The bonk|2\/100 tox|[from] Spikes\n|\n|-heal|p1a: The bonk|91\/100 tox|[from] move: Wish|[wisher] I'm Fish\n|-damage|p1a: The bonk|85\/100 tox|[from] psn\n|-heal|p2a: Gliscor|94\/100 tox|[from] ability: Poison Heal\n|upkeep\n|turn|25\n|\n|t:|1699059012\n|move|p2a: Gliscor|Protect|p2a: Gliscor\n|-singleturn|p2a: Gliscor|Protect\n|move|p1a: The bonk|Encore|p2a: Gliscor\n|-activate|p2a: Gliscor|move: Protect\n|\n|-damage|p1a: The bonk|73\/100 tox|[from] psn\n|-heal|p2a: Gliscor|100\/100 tox|[from] ability: Poison Heal\n|upkeep\n|turn|26\n|\n|t:|1699059022\n|switch|p2a: Toxapex|Toxapex, M|100\/100\n|move|p1a: The bonk|Ivy Cudgel|p2a: Toxapex\n|-resisted|p2a: Toxapex\n|-crit|p2a: Toxapex\n|-damage|p2a: Toxapex|67\/100\n|\n|-damage|p1a: The bonk|55\/100 tox|[from] psn\n|upkeep\n|turn|27\n|\n|t:|1699059029\n|move|p1a: The bonk|U-turn|p2a: Toxapex\n|-resisted|p2a: Toxapex\n|-damage|p2a: Toxapex|56\/100\n|\n|t:|1699059033\n|switch|p1a: I'm Fish|Alomomola, M|100\/100 tox|[from] U-turn\n|-damage|p1a: I'm Fish|88\/100 tox|[from] Stealth Rock\n|-damage|p1a: I'm Fish|63\/100 tox|[from] Spikes\n|move|p2a: Toxapex|Infestation|p1a: I'm Fish\n|-damage|p1a: I'm Fish|60\/100 tox\n|-activate|p1a: I'm Fish|move: Infestation|[of] p2a: Toxapex\n|\n|-heal|p1a: I'm Fish|66\/100 tox|[from] item: Leftovers\n|-damage|p1a: I'm Fish|60\/100 tox|[from] psn\n|-damage|p1a: I'm Fish|48\/100 tox|[from] move: Infestation|[partiallytrapped]\n|upkeep\n|turn|28\n|\n|t:|1699059046\n|switch|p2a: Tornadus|Tornadus-Therian, M|100\/100\n|move|p1a: I'm Fish|Flip Turn|p2a: Tornadus\n|-damage|p2a: Tornadus|76\/100\n|\n|t:|1699059070\n|switch|p1a: Touch Grass|Heatran, F|100\/100|[from] Flip Turn\n|-damage|p1a: Touch Grass|88\/100|[from] Stealth Rock\n|-damage|p1a: Touch Grass|63\/100|[from] Spikes\n|\n|-heal|p1a: Touch Grass|69\/100|[from] item: Leftovers\n|upkeep\n|turn|29\n|\n|t:|1699059087\n|move|p2a: Tornadus|U-turn|p1a: Touch Grass\n|-resisted|p1a: Touch Grass\n|-damage|p1a: Touch Grass|67\/100\n|\n|t:|1699059090\n|switch|p2a: Gliscor|Gliscor, M|100\/100 tox|[from] U-turn\n|move|p1a: Touch Grass|Magma Storm|p2a: Gliscor\n|-damage|p2a: Gliscor|51\/100 tox\n|-activate|p2a: Gliscor|move: Magma Storm|[of] p1a: Touch Grass\n|\n|-heal|p1a: Touch Grass|73\/100|[from] item: Leftovers\n|-heal|p2a: Gliscor|64\/100 tox|[from] ability: Poison Heal\n|-damage|p2a: Gliscor|51\/100 tox|[from] move: Magma Storm|[partiallytrapped]\n|upkeep\n|turn|30\n|c| ya-da-ne|headran :)\n|\n|t:|1699059117\n|move|p2a: Gliscor|Protect|p2a: Gliscor\n|-singleturn|p2a: Gliscor|Protect\n|move|p1a: Touch Grass|Magma Storm|p2a: Gliscor\n|-activate|p2a: Gliscor|move: Protect\n|\n|-heal|p1a: Touch Grass|79\/100|[from] item: Leftovers\n|-heal|p2a: Gliscor|64\/100 tox|[from] ability: Poison Heal\n|-damage|p2a: Gliscor|51\/100 tox|[from] move: Magma Storm|[partiallytrapped]\n|upkeep\n|turn|31\n|\n|t:|1699059128\n|move|p1a: Touch Grass|Protect|p1a: Touch Grass\n|-singleturn|p1a: Touch Grass|Protect\n|move|p2a: Gliscor|Earthquake|p1a: Touch Grass\n|-activate|p1a: Touch Grass|move: Protect\n|\n|-heal|p1a: Touch Grass|85\/100|[from] item: Leftovers\n|-heal|p2a: Gliscor|64\/100 tox|[from] ability: Poison Heal\n|-damage|p2a: Gliscor|51\/100 tox|[from] move: Magma Storm|[partiallytrapped]\n|upkeep\n|turn|32\n|\n|t:|1699059138\n|move|p2a: Gliscor|Protect|p2a: Gliscor\n|-singleturn|p2a: Gliscor|Protect\n|move|p1a: Touch Grass|Magma Storm|p2a: Gliscor\n|-activate|p2a: Gliscor|move: Protect\n|\n|-heal|p1a: Touch Grass|91\/100|[from] item: Leftovers\n|-heal|p2a: Gliscor|64\/100 tox|[from] ability: Poison Heal\n|-damage|p2a: Gliscor|51\/100 tox|[from] move: Magma Storm|[partiallytrapped]\n|upkeep\n|turn|33\n|\n|t:|1699059149\n|move|p1a: Touch Grass|Protect|p1a: Touch Grass\n|-singleturn|p1a: Touch Grass|Protect\n|move|p2a: Gliscor|Earthquake|p1a: Touch Grass\n|-activate|p1a: Touch Grass|move: Protect\n|\n|-heal|p1a: Touch Grass|98\/100|[from] item: Leftovers\n|-heal|p2a: Gliscor|64\/100 tox|[from] ability: Poison Heal\n|-damage|p2a: Gliscor|51\/100 tox|[from] move: Magma Storm|[partiallytrapped]\n|upkeep\n|turn|34\n|\n|t:|1699059161\n|-terastallize|p1a: Touch Grass|Grass\n|move|p2a: Gliscor|Protect|p2a: Gliscor\n|-singleturn|p2a: Gliscor|Protect\n|move|p1a: Touch Grass|Magma Storm|p2a: Gliscor\n|-activate|p2a: Gliscor|move: Protect\n|\n|-heal|p1a: Touch Grass|100\/100|[from] item: Leftovers\n|-heal|p2a: Gliscor|64\/100 tox|[from] ability: Poison Heal\n|-end|p2a: Gliscor|Magma Storm|[partiallytrapped]\n|upkeep\n|turn|35\n|\n|t:|1699059173\n|switch|p2a: Blissey|Blissey, F|100\/100\n|move|p1a: Touch Grass|Magma Storm|p2a: Blissey\n|-damage|p2a: Blissey|89\/100\n|-activate|p2a: Blissey|move: Magma Storm|[of] p1a: Touch Grass\n|\n|-damage|p2a: Blissey|77\/100|[from] move: Magma Storm|[partiallytrapped]\n|upkeep\n|turn|36\n|\n|t:|1699059181\n|move|p1a: Touch Grass|Stealth Rock|p2a: Blissey\n|-sidestart|p2: pyrogamerman|move: Stealth Rock\n|move|p2a: Blissey|Seismic Toss|p1a: Touch Grass\n|-damage|p1a: Touch Grass|75\/100\n|\n|-heal|p1a: Touch Grass|81\/100|[from] item: Leftovers\n|-damage|p2a: Blissey|64\/100|[from] move: Magma Storm|[partiallytrapped]\n|upkeep\n|turn|37\n|\n|t:|1699059190\n|move|p1a: Touch Grass|Protect|p1a: Touch Grass\n|-singleturn|p1a: Touch Grass|Protect\n|move|p2a: Blissey|Seismic Toss|p1a: Touch Grass\n|-activate|p1a: Touch Grass|move: Protect\n|\n|-heal|p1a: Touch Grass|87\/100|[from] item: Leftovers\n|-damage|p2a: Blissey|52\/100|[from] move: Magma Storm|[partiallytrapped]\n|upkeep\n|turn|38\n|j| Kellice\n|\n|t:|1699059198\n|switch|p1a: Andrew|Gholdengo|100\/100\n|-damage|p1a: Andrew|94\/100|[from] Stealth Rock\n|-damage|p1a: Andrew|70\/100|[from] Spikes\n|move|p2a: Blissey|Soft-Boiled|p2a: Blissey\n|-heal|p2a: Blissey|100\/100\n|\n|-end|p2a: Blissey|Magma Storm|[partiallytrapped]|[silent]\n|upkeep\n|turn|39\n|\n|t:|1699059205\n|move|p1a: Andrew|Trick|p2a: Blissey\n|-activate|p1a: Andrew|move: Trick|[of] p2a: Blissey\n|-item|p2a: Blissey|Choice Specs|[from] move: Trick\n|-item|p1a: Andrew|Heavy-Duty Boots|[from] move: Trick\n|move|p2a: Blissey|Shadow Ball|p1a: Andrew\n|-supereffective|p1a: Andrew\n|-damage|p1a: Andrew|17\/100\n|\n|upkeep\n|turn|40\n|\n|t:|1699059214\n|switch|p1a: I'm Fish|Alomomola, M|81\/100 tox\n|-damage|p1a: I'm Fish|69\/100 tox|[from] Stealth Rock\n|-damage|p1a: I'm Fish|44\/100 tox|[from] Spikes\n|move|p2a: Blissey|Shadow Ball|p1a: I'm Fish\n|-crit|p1a: I'm Fish\n|-damage|p1a: I'm Fish|5\/100 tox\n|\n|-heal|p1a: I'm Fish|11\/100 tox|[from] item: Leftovers\n|-damage|p1a: I'm Fish|5\/100 tox|[from] psn\n|upkeep\n|turn|41\n|\n|t:|1699059226\n|move|p2a: Blissey|Shadow Ball|p1a: I'm Fish\n|-damage|p1a: I'm Fish|0 fnt\n|faint|p1a: I'm Fish\n|\n|upkeep\n|\n|t:|1699059232\n|switch|p1a: big espeed|Dragonite, F|100\/100\n|turn|42\n|c| Dracyo|that blissey got hands\n|\n|t:|1699059239\n|switch|p2a: Toxapex|Toxapex, M|89\/100\n|move|p1a: big espeed|Dragon Dance|p1a: big espeed\n|-boost|p1a: big espeed|atk|1\n|-boost|p1a: big espeed|spe|1\n|\n|upkeep\n|turn|43\n|c| Kellice|me too\n|\n|t:|1699059246\n|move|p1a: big espeed|Earthquake|p2a: Toxapex\n|-supereffective|p2a: Toxapex\n|-damage|p2a: Toxapex|0 fnt\n|faint|p2a: Toxapex\n|\n|upkeep\n|\n|t:|1699059257\n|switch|p2a: Clefable|Clefable, F|92\/100\n|turn|44\n|\n|t:|1699059265\n|move|p1a: big espeed|Earthquake|p2a: Clefable\n|-damage|p2a: Clefable|51\/100\n|move|p2a: Clefable|Moonblast|p1a: big espeed\n|-supereffective|p1a: big espeed\n|-damage|p1a: big espeed|66\/100\n|\n|upkeep\n|turn|45\n|\n|t:|1699059277\n|move|p1a: big espeed|Earthquake|p2a: Clefable\n|-damage|p2a: Clefable|8\/100\n|move|p2a: Clefable|Moonblast|p1a: big espeed\n|-supereffective|p1a: big espeed\n|-damage|p1a: big espeed|0 fnt\n|faint|p1a: big espeed\n|\n|upkeep\n|j| Aemph\n|\n|t:|1699059289\n|switch|p1a: The bonk|Ogerpon-Wellspring, F|55\/100 tox\n|-damage|p1a: The bonk|43\/100 tox|[from] Stealth Rock\n|-damage|p1a: The bonk|18\/100 tox|[from] Spikes\n|turn|46\n|\n|t:|1699059297\n|move|p2a: Clefable|Protect|p2a: Clefable\n|-singleturn|p2a: Clefable|Protect\n|move|p1a: The bonk|U-turn|p2a: Clefable\n|-activate|p2a: Clefable|move: Protect\n|\n|-damage|p1a: The bonk|12\/100 tox|[from] psn\n|upkeep\n|turn|47\n|l| Dracyo\n|\n|t:|1699059309\n|switch|p2a: Tornadus|Tornadus-Therian, M|100\/100\n|move|p1a: The bonk|U-turn|p2a: Tornadus\n|-resisted|p2a: Tornadus\n|-damage|p2a: Tornadus|80\/100\n|\n|t:|1699059317\n|switch|p1a: Touch Grass|Heatran, F, tera:Grass|87\/100|[from] U-turn\n|-damage|p1a: Touch Grass|75\/100|[from] Stealth Rock\n|-damage|p1a: Touch Grass|50\/100|[from] Spikes\n|\n|-heal|p1a: Touch Grass|56\/100|[from] item: Leftovers\n|upkeep\n|turn|48\n|\n|t:|1699059326\n|move|p1a: Touch Grass|Protect|p1a: Touch Grass\n|-singleturn|p1a: Touch Grass|Protect\n|move|p2a: Tornadus|Bleakwind Storm|p1a: Touch Grass\n|-activate|p1a: Touch Grass|move: Protect\n|\n|-heal|p1a: Touch Grass|62\/100|[from] item: Leftovers\n|upkeep\n|turn|49\n|\n|t:|1699059335\n|move|p2a: Tornadus|Knock Off|p1a: Touch Grass\n|-damage|p1a: Touch Grass|45\/100\n|-enditem|p1a: Touch Grass|Leftovers|[from] move: Knock Off|[of] p2a: Tornadus\n|move|p1a: Touch Grass|Magma Storm|p2a: Tornadus\n|-damage|p2a: Tornadus|32\/100\n|-activate|p2a: Tornadus|move: Magma Storm|[of] p1a: Touch Grass\n|\n|-damage|p2a: Tornadus|20\/100|[from] move: Magma Storm|[partiallytrapped]\n|upkeep\n|turn|50\n|\n|t:|1699059344\n|move|p1a: Touch Grass|Protect|p1a: Touch Grass\n|-singleturn|p1a: Touch Grass|Protect\n|move|p2a: Tornadus|U-turn|p1a: Touch Grass\n|-activate|p1a: Touch Grass|move: Protect\n|\n|-damage|p2a: Tornadus|8\/100|[from] move: Magma Storm|[partiallytrapped]\n|upkeep\n|turn|51\n|\n|t:|1699059350\n|move|p1a: Touch Grass|Protect||[still]\n|-fail|p1a: Touch Grass\n|move|p2a: Tornadus|U-turn|p1a: Touch Grass\n|-supereffective|p1a: Touch Grass\n|-damage|p1a: Touch Grass|21\/100\n|\n|t:|1699059354\n|switch|p2a: Blissey|Blissey, F|100\/100|[from] U-turn\n|-damage|p2a: Blissey|84\/100|[from] Spikes\n|-damage|p2a: Blissey|71\/100|[from] Stealth Rock\n|\n|upkeep\n|turn|52\n|\n|t:|1699059360\n|move|p1a: Touch Grass|Protect|p1a: Touch Grass\n|-singleturn|p1a: Touch Grass|Protect\n|move|p2a: Blissey|Shadow Ball|p1a: Touch Grass\n|-activate|p1a: Touch Grass|move: Protect\n|\n|upkeep\n|turn|53\n|\n|t:|1699059369\n|move|p1a: Touch Grass|Magma Storm|p2a: Blissey\n|-damage|p2a: Blissey|59\/100\n|-activate|p2a: Blissey|move: Magma Storm|[of] p1a: Touch Grass\n|move|p2a: Blissey|Shadow Ball|p1a: Touch Grass\n|-damage|p1a: Touch Grass|6\/100\n|\n|-damage|p2a: Blissey|46\/100|[from] move: Magma Storm|[partiallytrapped]\n|upkeep\n|turn|54\n|\n|t:|1699059377\n|move|p1a: Touch Grass|Protect|p1a: Touch Grass\n|-singleturn|p1a: Touch Grass|Protect\n|move|p2a: Blissey|Shadow Ball|p1a: Touch Grass\n|-activate|p1a: Touch Grass|move: Protect\n|\n|-damage|p2a: Blissey|34\/100|[from] move: Magma Storm|[partiallytrapped]\n|upkeep\n|turn|55\n|\n|t:|1699059389\n|move|p1a: Touch Grass|Protect|p1a: Touch Grass\n|-singleturn|p1a: Touch Grass|Protect\n|move|p2a: Blissey|Shadow Ball|p1a: Touch Grass\n|-activate|p1a: Touch Grass|move: Protect\n|\n|-damage|p2a: Blissey|21\/100|[from] move: Magma Storm|[partiallytrapped]\n|upkeep\n|turn|56\n|\n|t:|1699059398\n|move|p1a: Touch Grass|Magma Storm|p2a: Blissey\n|-damage|p2a: Blissey|8\/100\n|move|p2a: Blissey|Shadow Ball|p1a: Touch Grass\n|-damage|p1a: Touch Grass|0 fnt\n|faint|p1a: Touch Grass\n|\n|-end|p2a: Blissey|Magma Storm|[partiallytrapped]|[silent]\n|upkeep\n|\n|t:|1699059406\n|switch|p1a: Sus|Gliscor, F|82\/100 tox\n|-damage|p1a: Sus|69\/100 tox|[from] Stealth Rock\n|turn|57\n|\n|t:|1699059415\n|switch|p2a: Gliscor|Gliscor, M|64\/100 tox\n|-damage|p2a: Gliscor|51\/100 tox|[from] Stealth Rock\n|move|p1a: Sus|Knock Off|p2a: Gliscor\n|-damage|p2a: Gliscor|42\/100 tox\n|\n|-heal|p2a: Gliscor|55\/100 tox|[from] ability: Poison Heal\n|-heal|p1a: Sus|82\/100 tox|[from] ability: Poison Heal\n|upkeep\n|turn|58\n|l| NotWarriors\n|j| torwildheart\n|\n|t:|1699059428\n|switch|p1a: The bonk|Ogerpon-Wellspring, F|12\/100 tox\n|-damage|p1a: The bonk|0 fnt|[from] Stealth Rock\n|faint|p1a: The bonk\n|move|p2a: Gliscor|Spikes||[still]\n|-fail|p2a: Gliscor\n|\n|-heal|p2a: Gliscor|67\/100 tox|[from] ability: Poison Heal\n|upkeep\n|\n|t:|1699059436\n|switch|p1a: Sus|Gliscor, F|82\/100 tox\n|-damage|p1a: Sus|69\/100 tox|[from] Stealth Rock\n|turn|59\n|l| Aemph\n|\n|t:|1699059443\n|switch|p2a: Dondozo|Dondozo, M, tera:Dragon|100\/100 slp\n|move|p1a: Sus|Spikes|p2a: Dondozo\n|-sidestart|p2: pyrogamerman|Spikes\n|\n|-heal|p1a: Sus|82\/100 tox|[from] ability: Poison Heal\n|upkeep\n|turn|60\n|\n|t:|1699059453\n|move|p1a: Sus|Knock Off|p2a: Dondozo\n|-damage|p2a: Dondozo|92\/100 slp\n|-enditem|p2a: Dondozo|Heavy-Duty Boots|[from] move: Knock Off|[of] p1a: Sus\n|cant|p2a: Dondozo|slp\n|move|p2a: Dondozo|Sleep Talk|p2a: Dondozo\n|move|p2a: Dondozo|Liquidation|p1a: Sus|[from]move: Sleep Talk\n|-supereffective|p1a: Sus\n|-damage|p1a: Sus|37\/100 tox\n|\n|-heal|p1a: Sus|49\/100 tox|[from] ability: Poison Heal\n|upkeep\n|turn|61\n|\n|t:|1699059466\n|move|p1a: Sus|Earthquake|p2a: Dondozo\n|-damage|p2a: Dondozo|78\/100 slp\n|cant|p2a: Dondozo|slp\n|move|p2a: Dondozo|Sleep Talk|p2a: Dondozo\n|move|p2a: Dondozo|Body Press|p1a: Sus|[from]move: Sleep Talk\n|-resisted|p1a: Sus\n|-damage|p1a: Sus|38\/100 tox\n|\n|-heal|p1a: Sus|51\/100 tox|[from] ability: Poison Heal\n|upkeep\n|turn|62\n|\n|t:|1699059476\n|move|p1a: Sus|Protect|p1a: Sus\n|-singleturn|p1a: Sus|Protect\n|-curestatus|p2a: Dondozo|slp|[msg]\n|move|p2a: Dondozo|Liquidation|p1a: Sus\n|-activate|p1a: Sus|move: Protect\n|\n|-heal|p1a: Sus|63\/100 tox|[from] ability: Poison Heal\n|upkeep\n|turn|63\n|l| Kellice\n|\n|t:|1699059484\n|move|p1a: Sus|Earthquake|p2a: Dondozo\n|-damage|p2a: Dondozo|64\/100\n|move|p2a: Dondozo|Liquidation|p1a: Sus\n|-supereffective|p1a: Sus\n|-damage|p1a: Sus|13\/100 tox\n|\n|-heal|p1a: Sus|26\/100 tox|[from] ability: Poison Heal\n|upkeep\n|turn|64\n|\n|t:|1699059493\n|move|p1a: Sus|Protect|p1a: Sus\n|-singleturn|p1a: Sus|Protect\n|move|p2a: Dondozo|Liquidation|p1a: Sus\n|-activate|p1a: Sus|move: Protect\n|\n|-heal|p1a: Sus|38\/100 tox|[from] ability: Poison Heal\n|upkeep\n|turn|65\n|\n|t:|1699059501\n|switch|p1a: Andrew|Gholdengo|17\/100\n|move|p2a: Dondozo|Liquidation|p1a: Andrew\n|-damage|p1a: Andrew|0 fnt\n|faint|p1a: Andrew\n|\n|upkeep\n|\n|t:|1699059507\n|switch|p1a: Sus|Gliscor, F|38\/100 tox\n|-damage|p1a: Sus|26\/100 tox|[from] Stealth Rock\n|turn|66\n|\n|t:|1699059511\n|move|p1a: Sus|Protect|p1a: Sus\n|-singleturn|p1a: Sus|Protect\n|move|p2a: Dondozo|Liquidation|p1a: Sus\n|-activate|p1a: Sus|move: Protect\n|\n|-heal|p1a: Sus|38\/100 tox|[from] ability: Poison Heal\n|upkeep\n|turn|67\n|\n|t:|1699059519\n|move|p1a: Sus|Earthquake|p2a: Dondozo\n|-damage|p2a: Dondozo|49\/100\n|move|p2a: Dondozo|Liquidation|p1a: Sus\n|-supereffective|p1a: Sus\n|-damage|p1a: Sus|0 fnt\n|faint|p1a: Sus\n|\n|win|pyrogamerman\n|l| Anonymous Pulsar\n","uploadtime":1699059530,"views":5,"p1id":"patty176","p2id":"pyrogamerman","formatid":"gen9ubers","rating":0,"private":0,"password":""}