{"id":"gen9ubers-1980609425","p1":"Zeddbruh","p2":"mindyourmoney","format":"[Gen 9] Ubers","log":"|j|\u2606Zeddbruh\n|j|\u2606mindyourmoney\n|t:|1698802902\n|gametype|singles\n|player|p1|Zeddbruh|2|\n|player|p2|mindyourmoney|flannery|\n|teamsize|p1|6\n|teamsize|p2|6\n|gen|9\n|tier|[Gen 9] Ubers\n|rule|Sleep Clause Mod: Limit one foe put to sleep\n|rule|Species Clause: Limit one of each Pok\u00e9mon\n|rule|OHKO Clause: OHKO moves are banned\n|rule|Evasion Items Clause: Evasion items are banned\n|rule|Evasion Moves Clause: Evasion moves are banned\n|rule|Endless Battle Clause: Forcing endless battles is banned\n|rule|HP Percentage Mod: HP is shown in percentages\n|clearpoke\n|poke|p1|Roaring Moon|\n|poke|p1|Azumarill, F|\n|poke|p1|Hippowdon, F|\n|poke|p1|Blissey, F|\n|poke|p1|Toxtricity, M|\n|poke|p1|Brambleghast, M|\n|poke|p2|Iron Valiant|\n|poke|p2|Iron Leaves|\n|poke|p2|Pincurchin, M|\n|poke|p2|Grimmsnarl, M|\n|poke|p2|Cacturne, M|\n|poke|p2|Iron Treads|\n|teampreview\n|j| acetrainerluck\n|j| blue999\n|j| SenketsuThreads\n|j| CTE World\n|j| DomNeedsHelp\n|c| DomNeedsHelp|Go!\n|inactive|Battle timer is ON: inactive players will automatically lose when time's up. (requested by mindyourmoney)\n|\n|t:|1698803013\n|start\n|switch|p1a: Brambleghast|Brambleghast, M|100\/100\n|switch|p2a: Iron Treads|Iron Treads|100\/100\n|turn|1\n|\n|t:|1698803020\n|move|p2a: Iron Treads|Knock Off|p1a: Brambleghast\n|-supereffective|p1a: Brambleghast\n|-damage|p1a: Brambleghast|4\/100\n|-enditem|p1a: Brambleghast|Leftovers|[from] move: Knock Off|[of] p2a: Iron Treads\n|move|p1a: Brambleghast|Poltergeist|p2a: Iron Treads\n|-activate|p2a: Iron Treads|move: Poltergeist|Assault Vest\n|-damage|p2a: Iron Treads|62\/100\n|\n|upkeep\n|turn|2\n|\n|t:|1698803034\n|switch|p1a: Hippowdon|Hippowdon, F|100\/100\n|move|p2a: Iron Treads|Knock Off|p1a: Hippowdon\n|-damage|p1a: Hippowdon|85\/100\n|-enditem|p1a: Hippowdon|Leftovers|[from] move: Knock Off|[of] p2a: Iron Treads\n|\n|upkeep\n|turn|3\n|\n|t:|1698803049\n|-end|p2a: Iron Treads|Quark Drive|[silent]\n|switch|p2a: Pincurchin|Pincurchin, M|100\/100\n|-fieldstart|move: Electric Terrain|[from] ability: Electric Surge|[of] p2a: Pincurchin\n|move|p1a: Hippowdon|Earthquake|p2a: Pincurchin\n|-supereffective|p2a: Pincurchin\n|-crit|p2a: Pincurchin\n|-damage|p2a: Pincurchin|0 fnt\n|faint|p2a: Pincurchin\n|\n|upkeep\n|\n|t:|1698803058\n|switch|p2a: Iron Leaves|Iron Leaves|100\/100\n|-activate|p2a: Iron Leaves|ability: Quark Drive\n|-start|p2a: Iron Leaves|quarkdrivespe\n|turn|4\n|\n|t:|1698803067\n|switch|p1a: Brambleghast|Brambleghast, M|4\/100\n|move|p2a: Iron Leaves|Leaf Blade|p1a: Brambleghast\n|-resisted|p1a: Brambleghast\n|-damage|p1a: Brambleghast|0 fnt\n|faint|p1a: Brambleghast\n|-damage|p2a: Iron Leaves|91\/100|[from] item: Life Orb\n|\n|upkeep\n|\n|t:|1698803089\n|switch|p1a: Roaring Moon|Roaring Moon|100\/100\n|turn|5\n|\n|t:|1698803093\n|move|p2a: Iron Leaves|Close Combat|p1a: Roaring Moon\n|-supereffective|p1a: Roaring Moon\n|-damage|p1a: Roaring Moon|0 fnt\n|-unboost|p2a: Iron Leaves|def|1\n|-unboost|p2a: Iron Leaves|spd|1\n|faint|p1a: Roaring Moon\n|-end|p1a: Roaring Moon|Protosynthesis|[silent]\n|-damage|p2a: Iron Leaves|81\/100|[from] item: Life Orb\n|\n|upkeep\n|\n|t:|1698803112\n|switch|p1a: Hippowdon|Hippowdon, F|85\/100\n|turn|6\n|\n|t:|1698803116\n|move|p2a: Iron Leaves|Leaf Blade|p1a: Hippowdon\n|-supereffective|p1a: Hippowdon\n|-damage|p1a: Hippowdon|24\/100\n|-damage|p2a: Iron Leaves|71\/100|[from] item: Life Orb\n|move|p1a: Hippowdon|Slack Off|p1a: Hippowdon\n|-heal|p1a: Hippowdon|74\/100\n|\n|upkeep\n|turn|7\n|\n|t:|1698803127\n|move|p2a: Iron Leaves|Swords Dance|p2a: Iron Leaves\n|-boost|p2a: Iron Leaves|atk|2\n|move|p1a: Hippowdon|Slack Off|p1a: Hippowdon\n|-heal|p1a: Hippowdon|100\/100\n|\n|upkeep\n|turn|8\n|\n|t:|1698803133\n|move|p2a: Iron Leaves|Leaf Blade|p1a: Hippowdon\n|-supereffective|p1a: Hippowdon\n|-damage|p1a: Hippowdon|0 fnt\n|faint|p1a: Hippowdon\n|-damage|p2a: Iron Leaves|61\/100|[from] item: Life Orb\n|\n|upkeep\n|\n|t:|1698803145\n|switch|p1a: Blissey|Blissey, F|100\/100\n|turn|9\n|\n|t:|1698803151\n|move|p2a: Iron Leaves|Close Combat|p1a: Blissey\n|-supereffective|p1a: Blissey\n|-damage|p1a: Blissey|0 fnt\n|-unboost|p2a: Iron Leaves|def|1\n|-unboost|p2a: Iron Leaves|spd|1\n|faint|p1a: Blissey\n|-damage|p2a: Iron Leaves|51\/100|[from] item: Life Orb\n|\n|upkeep\n|\n|t:|1698803159\n|switch|p1a: Azumarill|Azumarill, F|100\/100\n|turn|10\n|\n|t:|1698803166\n|move|p1a: Azumarill|Aqua Jet|p2a: Iron Leaves\n|-resisted|p2a: Iron Leaves\n|-damage|p2a: Iron Leaves|23\/100\n|move|p2a: Iron Leaves|Psyblade|p1a: Azumarill\n|-damage|p1a: Azumarill|0 fnt\n|faint|p1a: Azumarill\n|-damage|p2a: Iron Leaves|13\/100|[from] item: Life Orb\n|\n|-fieldend|move: Electric Terrain\n|-end|p2a: Iron Leaves|Quark Drive\n|upkeep\n|-message|Zeddbruh forfeited.\n|\n|win|mindyourmoney\n|c|\u2606mindyourmoney|no swaps\n|l|\u2606Zeddbruh\n","uploadtime":1698803183,"views":11,"p1id":"zeddbruh","p2id":"mindyourmoney","formatid":"gen9ubers","rating":0,"private":0,"password":""}