{"id":"gen9ubers-1969256937","p1":"Kalli Ma","p2":"Envymetta_TTV","format":"[Gen 9] Ubers","log":"|j|\u2606Kalli Ma\n|j|\u2606Envymetta_TTV\n|t:|1697506787\n|gametype|singles\n|player|p1|Kalli Ma|medium|1192\n|player|p2|Envymetta_TTV|acetrainer-gen4|1417\n|teamsize|p1|6\n|teamsize|p2|6\n|gen|9\n|tier|[Gen 9] Ubers\n|rated|\n|rule|Sleep Clause Mod: Limit one foe put to sleep\n|rule|Species Clause: Limit one of each Pok\u00e9mon\n|rule|OHKO Clause: OHKO moves are banned\n|rule|Evasion Items Clause: Evasion items are banned\n|rule|Evasion Moves Clause: Evasion moves are banned\n|rule|Endless Battle Clause: Forcing endless battles is banned\n|rule|HP Percentage Mod: HP is shown in percentages\n|clearpoke\n|poke|p1|Flutter Mane|\n|poke|p1|Groudon|\n|poke|p1|Zacian-*|\n|poke|p1|Miraidon|\n|poke|p1|Arceus|\n|poke|p1|Rayquaza|\n|poke|p2|Shaymin-Sky|\n|poke|p2|Darkrai|\n|poke|p2|Arceus|\n|poke|p2|Dialga-Origin|\n|poke|p2|Giratina-Origin|\n|poke|p2|Garchomp, F|\n|teampreview\n|inactive|Battle timer is ON: inactive players will automatically lose when time's up. (requested by Kalli Ma)\n|\n|t:|1697506818\n|start\n|switch|p1a: Rayquaza|Rayquaza, shiny|100\/100\n|switch|p2a: Darkrai|Darkrai, shiny|100\/100\n|-ability|p1a: Rayquaza|Air Lock\n|turn|1\n|\n|t:|1697506826\n|move|p2a: Darkrai|Hypnosis|p1a: Rayquaza\n|-status|p1a: Rayquaza|slp|[from] move: Hypnosis\n|cant|p1a: Rayquaza|slp\n|\n|-damage|p1a: Rayquaza|88\/100 slp|[from] ability: Bad Dreams|[of] p2a: Darkrai\n|upkeep\n|turn|2\n|\n|t:|1697506836\n|move|p2a: Darkrai|Substitute|p2a: Darkrai\n|-start|p2a: Darkrai|Substitute\n|-damage|p2a: Darkrai|76\/100\n|-curestatus|p1a: Rayquaza|slp|[msg]\n|move|p1a: Rayquaza|Dragon Dance|p1a: Rayquaza\n|-boost|p1a: Rayquaza|atk|1\n|-boost|p1a: Rayquaza|spe|1\n|\n|upkeep\n|turn|3\n|\n|t:|1697506845\n|move|p1a: Rayquaza|Extreme Speed|p2a: Darkrai\n|-end|p2a: Darkrai|Substitute\n|move|p2a: Darkrai|Hypnosis|p1a: Rayquaza\n|-status|p1a: Rayquaza|slp|[from] move: Hypnosis\n|\n|-damage|p1a: Rayquaza|75\/100 slp|[from] ability: Bad Dreams|[of] p2a: Darkrai\n|upkeep\n|turn|4\n|\n|t:|1697506853\n|cant|p1a: Rayquaza|slp\n|move|p2a: Darkrai|Substitute|p2a: Darkrai\n|-start|p2a: Darkrai|Substitute\n|-damage|p2a: Darkrai|51\/100\n|\n|-damage|p1a: Rayquaza|63\/100 slp|[from] ability: Bad Dreams|[of] p2a: Darkrai\n|upkeep\n|turn|5\n|\n|t:|1697506859\n|cant|p1a: Rayquaza|slp\n|move|p2a: Darkrai|Nasty Plot|p2a: Darkrai\n|-boost|p2a: Darkrai|spa|2\n|\n|-damage|p1a: Rayquaza|50\/100 slp|[from] ability: Bad Dreams|[of] p2a: Darkrai\n|upkeep\n|turn|6\n|\n|t:|1697506865\n|cant|p1a: Rayquaza|slp\n|move|p2a: Darkrai|Dark Pulse|p1a: Rayquaza\n|-damage|p1a: Rayquaza|0 fnt\n|faint|p1a: Rayquaza\n|\n|upkeep\n|\n|t:|1697506872\n|switch|p1a: Flutter Mane|Flutter Mane|100\/100\n|-enditem|p1a: Flutter Mane|Booster Energy\n|-activate|p1a: Flutter Mane|ability: Protosynthesis|[fromitem]\n|-start|p1a: Flutter Mane|protosynthesisspe\n|turn|7\n|\n|t:|1697506878\n|move|p1a: Flutter Mane|Moonblast|p2a: Darkrai\n|-supereffective|p2a: Darkrai\n|-end|p2a: Darkrai|Substitute\n|move|p2a: Darkrai|Dark Pulse|p1a: Flutter Mane\n|-damage|p1a: Flutter Mane|6\/100\n|\n|upkeep\n|turn|8\n|\n|t:|1697506889\n|move|p1a: Flutter Mane|Moonblast|p2a: Darkrai\n|-supereffective|p2a: Darkrai\n|-damage|p2a: Darkrai|0 fnt\n|faint|p2a: Darkrai\n|\n|upkeep\n|\n|t:|1697506897\n|switch|p2a: Giratina|Giratina-Origin, shiny|100\/100\n|turn|9\n|\n|t:|1697506900\n|move|p2a: Giratina|Shadow Sneak|p1a: Flutter Mane\n|-supereffective|p1a: Flutter Mane\n|-damage|p1a: Flutter Mane|0 fnt\n|faint|p1a: Flutter Mane\n|-end|p1a: Flutter Mane|Protosynthesis|[silent]\n|\n|upkeep\n|\n|t:|1697506907\n|switch|p1a: Arceus|Arceus|100\/100\n|turn|10\n|\n|t:|1697506920\n|switch|p2a: Dialga|Dialga-Origin, shiny|100\/100\n|-ability|p2a: Dialga|Pressure\n|move|p1a: Arceus|Dragon Dance|p1a: Arceus\n|-boost|p1a: Arceus|atk|1\n|-boost|p1a: Arceus|spe|1\n|\n|upkeep\n|turn|11\n|\n|t:|1697506928\n|move|p1a: Arceus|Earthquake|p2a: Dialga\n|-supereffective|p2a: Dialga\n|-damage|p2a: Dialga|5\/100\n|-damage|p1a: Arceus|91\/100|[from] item: Life Orb\n|move|p2a: Dialga|Trick Room|p2a: Dialga\n|-fieldstart|move: Trick Room|[of] p2a: Dialga\n|\n|upkeep\n|turn|12\n|\n|t:|1697506934\n|switch|p2a: Giratina|Giratina-Origin, shiny|100\/100\n|move|p1a: Arceus|Extreme Speed|p2a: Giratina\n|-immune|p2a: Giratina\n|\n|upkeep\n|turn|13\n|\n|t:|1697506937\n|move|p2a: Giratina|Draco Meteor|p1a: Arceus\n|-damage|p1a: Arceus|46\/100\n|-unboost|p2a: Giratina|spa|2\n|move|p1a: Arceus|Shadow Claw|p2a: Giratina\n|-supereffective|p2a: Giratina\n|-damage|p2a: Giratina|43\/100\n|-damage|p1a: Arceus|36\/100|[from] item: Life Orb\n|\n|upkeep\n|turn|14\n|\n|t:|1697506946\n|switch|p2a: Dialga|Dialga-Origin, shiny|5\/100\n|-ability|p2a: Dialga|Pressure\n|move|p1a: Arceus|Shadow Claw|p2a: Dialga\n|-damage|p2a: Dialga|0 fnt\n|faint|p2a: Dialga\n|-damage|p1a: Arceus|26\/100|[from] item: Life Orb\n|\n|upkeep\n|\n|t:|1697506952\n|switch|p2a: Giratina|Giratina-Origin, shiny|43\/100\n|turn|15\n|\n|t:|1697506958\n|move|p2a: Giratina|Draco Meteor|p1a: Arceus\n|-damage|p1a: Arceus|0 fnt\n|-unboost|p2a: Giratina|spa|2\n|faint|p1a: Arceus\n|\n|-fieldend|move: Trick Room\n|upkeep\n|\n|t:|1697506964\n|switch|p1a: Zacian|Zacian-Crowned, shiny|100\/100\n|-ability|p1a: Zacian|Intrepid Sword|boost\n|-boost|p1a: Zacian|atk|1\n|turn|16\n|\n|t:|1697506977\n|move|p1a: Zacian|Substitute|p1a: Zacian\n|-start|p1a: Zacian|Substitute\n|-damage|p1a: Zacian|76\/100\n|move|p2a: Giratina|Poltergeist|p1a: Zacian\n|-activate|p1a: Zacian|move: Poltergeist|Rusted Sword\n|-end|p1a: Zacian|Substitute\n|\n|upkeep\n|turn|17\n|\n|t:|1697506984\n|move|p1a: Zacian|Swords Dance|p1a: Zacian\n|-boost|p1a: Zacian|atk|2\n|move|p2a: Giratina|Poltergeist|p1a: Zacian|[miss]\n|-miss|p2a: Giratina|p1a: Zacian\n|\n|upkeep\n|turn|18\n|\n|t:|1697506991\n|move|p1a: Zacian|Behemoth Blade|p2a: Giratina\n|-damage|p2a: Giratina|0 fnt\n|faint|p2a: Giratina\n|\n|upkeep\n|\n|t:|1697506995\n|switch|p2a: Garchomp|Garchomp, F, shiny|100\/100\n|turn|19\n|\n|t:|1697507005\n|move|p2a: Garchomp|Earthquake|p1a: Zacian\n|-supereffective|p1a: Zacian\n|-damage|p1a: Zacian|0 fnt\n|faint|p1a: Zacian\n|\n|upkeep\n|\n|t:|1697507009\n|switch|p1a: Groudon|Groudon|100\/100\n|-weather|SunnyDay|[from] ability: Drought|[of] p1a: Groudon\n|turn|20\n|\n|t:|1697507014\n|switch|p2a: Shaymin|Shaymin-Sky, shiny|100\/100\n|move|p1a: Groudon|Dragon Claw|p2a: Shaymin\n|-damage|p2a: Shaymin|59\/100\n|\n|-weather|SunnyDay|[upkeep]\n|upkeep\n|turn|21\n|\n|t:|1697507022\n|move|p2a: Shaymin|Seed Flare|p1a: Groudon\n|-supereffective|p1a: Groudon\n|-damage|p1a: Groudon|11\/100\n|move|p1a: Groudon|Fire Punch|p2a: Shaymin\n|-supereffective|p2a: Shaymin\n|-damage|p2a: Shaymin|0 fnt\n|faint|p2a: Shaymin\n|\n|-weather|SunnyDay|[upkeep]\n|upkeep\n|\n|t:|1697507029\n|switch|p2a: Garchomp|Garchomp, F, shiny|100\/100\n|turn|22\n|\n|t:|1697507033\n|move|p2a: Garchomp|Earthquake|p1a: Groudon\n|-damage|p1a: Groudon|0 fnt\n|faint|p1a: Groudon\n|\n|-weather|SunnyDay|[upkeep]\n|upkeep\n|\n|t:|1697507038\n|switch|p1a: Miraidon|Miraidon|100\/100\n|-fieldstart|move: Electric Terrain|[from] ability: Hadron Engine|[of] p1a: Miraidon\n|-item|p1a: Miraidon|Air Balloon\n|turn|23\n|\n|t:|1697507048\n|switch|p2a: Arceus|Arceus, shiny|100\/100\n|-terastallize|p1a: Miraidon|Water\n|move|p1a: Miraidon|Calm Mind|p1a: Miraidon\n|-boost|p1a: Miraidon|spa|1\n|-boost|p1a: Miraidon|spd|1\n|\n|-weather|SunnyDay|[upkeep]\n|upkeep\n|turn|24\n|\n|t:|1697507056\n|move|p2a: Arceus|Extreme Speed|p1a: Miraidon\n|-damage|p1a: Miraidon|58\/100\n|-enditem|p1a: Miraidon|Air Balloon\n|move|p1a: Miraidon|Parabolic Charge|p2a: Arceus\n|-crit|p2a: Arceus\n|-damage|p2a: Arceus|9\/100\n|-heal|p1a: Miraidon|100\/100|[from] drain|[of] p2a: Arceus\n|\n|-weather|none\n|-heal|p2a: Arceus|15\/100|[from] item: Leftovers\n|upkeep\n|turn|25\n|\n|t:|1697507066\n|move|p2a: Arceus|Extreme Speed|p1a: Miraidon\n|-damage|p1a: Miraidon|54\/100\n|move|p1a: Miraidon|Parabolic Charge|p2a: Arceus\n|-damage|p2a: Arceus|0 fnt\n|-heal|p1a: Miraidon|63\/100|[from] drain|[of] p2a: Arceus\n|faint|p2a: Arceus\n|\n|upkeep\n|\n|t:|1697507071\n|switch|p2a: Garchomp|Garchomp, F, shiny|100\/100\n|turn|26\n|\n|t:|1697507074\n|-terastallize|p2a: Garchomp|Fairy\n|move|p2a: Garchomp|Outrage|p1a: Miraidon\n|-damage|p1a: Miraidon|0 fnt\n|faint|p1a: Miraidon\n|\n|win|Envymetta_TTV\n|raw|Kalli Ma's rating: 1192 &rarr; <strong>1181<\/strong><br \/>(-11 for losing)\n|raw|Envymetta_TTV's rating: 1417 &rarr; <strong>1426<\/strong><br \/>(+9 for winning)\n","uploadtime":1697507080,"views":4,"p1id":"kallima","p2id":"envymettattv","formatid":"gen9ubers","rating":1181,"private":0,"password":""}