{"id":"gen9ubers-1982848638","p1":"groverknox","p2":"0RexL0","format":"[Gen 9] Ubers","log":"|j|\u2606groverknox\n|j|\u26060RexL0\n|t:|1699050968\n|gametype|singles\n|player|p1|groverknox|gambler|1023\n|player|p2|0RexL0|101|1000\n|teamsize|p1|6\n|teamsize|p2|6\n|gen|9\n|tier|[Gen 9] Ubers\n|rated|\n|rule|Sleep Clause Mod: Limit one foe put to sleep\n|rule|Species Clause: Limit one of each Pok\u00e9mon\n|rule|OHKO Clause: OHKO moves are banned\n|rule|Evasion Items Clause: Evasion items are banned\n|rule|Evasion Moves Clause: Evasion moves are banned\n|rule|Endless Battle Clause: Forcing endless battles is banned\n|rule|HP Percentage Mod: HP is shown in percentages\n|clearpoke\n|poke|p1|Garchomp, F|\n|poke|p1|Walking Wake|\n|poke|p1|Groudon|\n|poke|p1|Charizard, M|\n|poke|p1|Flutter Mane|\n|poke|p1|Koraidon|\n|poke|p2|Greninja-*, M|\n|poke|p2|Toxapex, F|\n|poke|p2|Corviknight, F|\n|poke|p2|Garchomp, M|\n|poke|p2|Volcarona, M|\n|poke|p2|Forretress, F|\n|teampreview\n|\n|t:|1699050977\n|start\n|switch|p1a: Set up|Groudon|100\/100\n|switch|p2a: Forretress|Forretress, F|100\/100\n|-weather|SunnyDay|[from] ability: Drought|[of] p1a: Set up\n|turn|1\n|\n|t:|1699050995\n|move|p1a: Set up|Stealth Rock|p2a: Forretress\n|-sidestart|p2: 0RexL0|move: Stealth Rock\n|move|p2a: Forretress|Spikes|p1a: Set up\n|-sidestart|p1: groverknox|Spikes\n|\n|-weather|SunnyDay|[upkeep]\n|upkeep\n|turn|2\n|j| Sharpfang505\n|\n|t:|1699051004\n|move|p1a: Set up|Spikes|p2a: Forretress\n|-sidestart|p2: 0RexL0|Spikes\n|move|p2a: Forretress|Spikes|p1a: Set up\n|-sidestart|p1: groverknox|Spikes\n|\n|-weather|SunnyDay|[upkeep]\n|upkeep\n|turn|3\n|\n|t:|1699051009\n|move|p1a: Set up|Stomping Tantrum|p2a: Forretress\n|-damage|p2a: Forretress|79\/100\n|move|p2a: Forretress|Spikes|p1a: Set up\n|-sidestart|p1: groverknox|Spikes\n|\n|-weather|SunnyDay|[upkeep]\n|-heal|p2a: Forretress|85\/100|[from] item: Leftovers\n|upkeep\n|turn|4\n|\n|t:|1699051018\n|move|p1a: Set up|Spikes|p2a: Forretress\n|-sidestart|p2: 0RexL0|Spikes\n|move|p2a: Forretress|Gyro Ball|p1a: Set up\n|-damage|p1a: Set up|82\/100\n|\n|-weather|SunnyDay|[upkeep]\n|-heal|p1a: Set up|88\/100|[from] item: Leftovers\n|-heal|p2a: Forretress|91\/100|[from] item: Leftovers\n|upkeep\n|turn|5\n|\n|t:|1699051028\n|move|p1a: Set up|Spikes|p2a: Forretress\n|-sidestart|p2: 0RexL0|Spikes\n|move|p2a: Forretress|Gyro Ball|p1a: Set up\n|-damage|p1a: Set up|69\/100\n|\n|-weather|none\n|-heal|p1a: Set up|75\/100|[from] item: Leftovers\n|-heal|p2a: Forretress|98\/100|[from] item: Leftovers\n|upkeep\n|turn|6\n|\n|t:|1699051035\n|move|p1a: Set up|Stomping Tantrum|p2a: Forretress\n|-damage|p2a: Forretress|75\/100\n|move|p2a: Forretress|Gyro Ball|p1a: Set up\n|-damage|p1a: Set up|56\/100\n|\n|-heal|p1a: Set up|62\/100|[from] item: Leftovers\n|-heal|p2a: Forretress|81\/100|[from] item: Leftovers\n|upkeep\n|turn|7\n|\n|t:|1699051046\n|move|p1a: Set up|Stomping Tantrum|p2a: Forretress\n|-damage|p2a: Forretress|56\/100\n|move|p2a: Forretress|Rapid Spin|p1a: Set up\n|-damage|p1a: Set up|55\/100\n|-boost|p2a: Forretress|spe|1\n|-sideend|p2: 0RexL0|Spikes|[from] move: Rapid Spin|[of] p2a: Forretress\n|-sideend|p2: 0RexL0|Stealth Rock|[from] move: Rapid Spin|[of] p2a: Forretress\n|\n|-heal|p1a: Set up|62\/100|[from] item: Leftovers\n|-heal|p2a: Forretress|62\/100|[from] item: Leftovers\n|upkeep\n|turn|8\n|\n|t:|1699051056\n|move|p1a: Set up|Stomping Tantrum|p2a: Forretress\n|-damage|p2a: Forretress|40\/100\n|move|p2a: Forretress|Gyro Ball|p1a: Set up\n|-damage|p1a: Set up|50\/100\n|\n|-heal|p1a: Set up|56\/100|[from] item: Leftovers\n|-heal|p2a: Forretress|47\/100|[from] item: Leftovers\n|upkeep\n|turn|9\n|\n|t:|1699051067\n|move|p1a: Set up|Stomping Tantrum|p2a: Forretress\n|-damage|p2a: Forretress|25\/100\n|move|p2a: Forretress|Gyro Ball|p1a: Set up\n|-damage|p1a: Set up|43\/100\n|\n|-heal|p1a: Set up|49\/100|[from] item: Leftovers\n|-heal|p2a: Forretress|31\/100|[from] item: Leftovers\n|upkeep\n|turn|10\n|\n|t:|1699051079\n|move|p1a: Set up|Stomping Tantrum|p2a: Forretress\n|-damage|p2a: Forretress|8\/100\n|move|p2a: Forretress|Rapid Spin|p1a: Set up\n|-damage|p1a: Set up|42\/100\n|-boost|p2a: Forretress|spe|1\n|\n|-heal|p1a: Set up|48\/100|[from] item: Leftovers\n|-heal|p2a: Forretress|14\/100|[from] item: Leftovers\n|upkeep\n|turn|11\n|\n|t:|1699051089\n|move|p1a: Set up|Stomping Tantrum|p2a: Forretress\n|-damage|p2a: Forretress|0 fnt\n|faint|p2a: Forretress\n|\n|-heal|p1a: Set up|54\/100|[from] item: Leftovers\n|upkeep\n|\n|t:|1699051097\n|switch|p2a: Greninja|Greninja, M|100\/100\n|turn|12\n|\n|t:|1699051101\n|move|p2a: Greninja|Surf|p1a: Set up\n|-start|p2a: Greninja|typechange|Water|[from] ability: Protean\n|-supereffective|p1a: Set up\n|-damage|p1a: Set up|0 fnt\n|faint|p1a: Set up\n|\n|upkeep\n|\n|t:|1699051119\n|switch|p1a: My legendary|Koraidon|100\/100\n|-damage|p1a: My legendary|75\/100|[from] Spikes\n|-weather|SunnyDay|[from] ability: Orichalcum Pulse|[of] p1a: My legendary\n|-activate|p1a: My legendary|Orichalcum Pulse|[source]\n|turn|13\n|\n|t:|1699051131\n|switch|p2a: Corviknight|Corviknight, F|100\/100\n|move|p1a: My legendary|Agility|p1a: My legendary\n|-boost|p1a: My legendary|spe|2\n|\n|-weather|SunnyDay|[upkeep]\n|upkeep\n|turn|14\n|\n|t:|1699051138\n|move|p1a: My legendary|Collision Course|p2a: Corviknight\n|-damage|p2a: Corviknight|58\/100\n|move|p2a: Corviknight|Bulk Up|p2a: Corviknight\n|-boost|p2a: Corviknight|atk|1\n|-boost|p2a: Corviknight|def|1\n|\n|-weather|SunnyDay|[upkeep]\n|-heal|p2a: Corviknight|65\/100|[from] item: Leftovers\n|upkeep\n|turn|15\n|\n|t:|1699051150\n|move|p1a: My legendary|Collision Course|p2a: Corviknight\n|-damage|p2a: Corviknight|34\/100\n|move|p2a: Corviknight|Drill Peck|p1a: My legendary\n|-supereffective|p1a: My legendary\n|-damage|p1a: My legendary|19\/100\n|\n|-weather|SunnyDay|[upkeep]\n|-heal|p2a: Corviknight|40\/100|[from] item: Leftovers\n|upkeep\n|turn|16\n|\n|t:|1699051161\n|switch|p2a: Toxapex|Toxapex, F|100\/100\n|move|p1a: My legendary|Collision Course|p2a: Toxapex\n|-resisted|p2a: Toxapex\n|-crit|p2a: Toxapex\n|-damage|p2a: Toxapex|71\/100\n|\n|-weather|SunnyDay|[upkeep]\n|-heal|p2a: Toxapex|77\/100|[from] item: Black Sludge\n|upkeep\n|turn|17\n|\n|t:|1699051194\n|move|p2a: Toxapex|Liquidation|p1a: My legendary\n|-resisted|p1a: My legendary\n|-damage|p1a: My legendary|16\/100\n|move|p1a: My legendary|Dragon Tail|p2a: Toxapex\n|-damage|p2a: Toxapex|53\/100\n|drag|p2a: Volcarona|Volcarona, M|100\/100\n|\n|-weather|none\n|upkeep\n|turn|18\n|\n|t:|1699051216\n|move|p1a: My legendary|Collision Course|p2a: Volcarona\n|-resisted|p2a: Volcarona\n|-damage|p2a: Volcarona|69\/100\n|move|p2a: Volcarona|Quiver Dance|p2a: Volcarona\n|-boost|p2a: Volcarona|spa|1\n|-boost|p2a: Volcarona|spd|1\n|-boost|p2a: Volcarona|spe|1\n|\n|upkeep\n|turn|19\n|\n|t:|1699051236\n|move|p1a: My legendary|Agility|p1a: My legendary\n|-boost|p1a: My legendary|spe|2\n|move|p2a: Volcarona|Giga Drain|p1a: My legendary\n|-resisted|p1a: My legendary\n|-damage|p1a: My legendary|0 fnt\n|-heal|p2a: Volcarona|78\/100|[from] drain|[of] p1a: My legendary\n|faint|p1a: My legendary\n|-damage|p2a: Volcarona|68\/100|[from] item: Life Orb\n|\n|upkeep\n|\n|t:|1699051253\n|switch|p1a: Sp Atk|Walking Wake|100\/100\n|-damage|p1a: Sp Atk|75\/100|[from] Spikes\n|-enditem|p1a: Sp Atk|Booster Energy\n|-activate|p1a: Sp Atk|ability: Protosynthesis|[fromitem]\n|-start|p1a: Sp Atk|protosynthesisspe\n|turn|20\n|\n|t:|1699051263\n|move|p1a: Sp Atk|Agility|p1a: Sp Atk\n|-boost|p1a: Sp Atk|spe|2\n|move|p2a: Volcarona|Quiver Dance|p2a: Volcarona\n|-boost|p2a: Volcarona|spa|1\n|-boost|p2a: Volcarona|spd|1\n|-boost|p2a: Volcarona|spe|1\n|\n|upkeep\n|turn|21\n|\n|t:|1699051272\n|move|p1a: Sp Atk|Hydro Steam|p2a: Volcarona\n|-supereffective|p2a: Volcarona\n|-damage|p2a: Volcarona|34\/100\n|move|p2a: Volcarona|Quiver Dance|p2a: Volcarona\n|-boost|p2a: Volcarona|spa|1\n|-boost|p2a: Volcarona|spd|1\n|-boost|p2a: Volcarona|spe|1\n|\n|upkeep\n|turn|22\n|\n|t:|1699051281\n|move|p1a: Sp Atk|Hydro Steam|p2a: Volcarona\n|-supereffective|p2a: Volcarona\n|-damage|p2a: Volcarona|5\/100\n|move|p2a: Volcarona|Giga Drain|p1a: Sp Atk\n|-damage|p1a: Sp Atk|0 fnt\n|-heal|p2a: Volcarona|43\/100|[from] drain|[of] p1a: Sp Atk\n|faint|p1a: Sp Atk\n|-end|p1a: Sp Atk|Protosynthesis|[silent]\n|-damage|p2a: Volcarona|33\/100|[from] item: Life Orb\n|\n|upkeep\n|\n|t:|1699051285\n|switch|p1a: Tera captin|Charizard, M|100\/100\n|turn|23\n|\n|t:|1699051296\n|switch|p2a: Garchomp|Garchomp, M|100\/100\n|move|p1a: Tera captin|Flame Charge|p2a: Garchomp\n|-resisted|p2a: Garchomp\n|-damage|p2a: Garchomp|93\/100\n|-boost|p1a: Tera captin|spe|1\n|\n|upkeep\n|turn|24\n|\n|t:|1699051305\n|move|p1a: Tera captin|Flame Charge|p2a: Garchomp\n|-resisted|p2a: Garchomp\n|-damage|p2a: Garchomp|85\/100\n|-boost|p1a: Tera captin|spe|1\n|move|p2a: Garchomp|Swords Dance|p2a: Garchomp\n|-boost|p2a: Garchomp|atk|2\n|\n|upkeep\n|turn|25\n|\n|t:|1699051312\n|move|p1a: Tera captin|Flame Charge|p2a: Garchomp\n|-resisted|p2a: Garchomp\n|-damage|p2a: Garchomp|79\/100\n|-boost|p1a: Tera captin|spe|1\n|move|p2a: Garchomp|Swords Dance|p2a: Garchomp\n|-boost|p2a: Garchomp|atk|2\n|\n|upkeep\n|turn|26\n|\n|t:|1699051323\n|switch|p1a: Sp bulk|Flutter Mane|100\/100\n|-damage|p1a: Sp bulk|75\/100|[from] Spikes\n|-enditem|p1a: Sp bulk|Booster Energy\n|-activate|p1a: Sp bulk|ability: Protosynthesis|[fromitem]\n|-start|p1a: Sp bulk|protosynthesisspe\n|move|p2a: Garchomp|Dragon Claw|p1a: Sp bulk\n|-immune|p1a: Sp bulk\n|\n|upkeep\n|turn|27\n|\n|t:|1699051338\n|move|p1a: Sp bulk|Dazzling Gleam|p2a: Garchomp\n|-supereffective|p2a: Garchomp\n|-damage|p2a: Garchomp|0 fnt\n|faint|p2a: Garchomp\n|\n|upkeep\n|\n|t:|1699051344\n|switch|p2a: Corviknight|Corviknight, F|40\/100\n|turn|28\n|\n|t:|1699051348\n|move|p1a: Sp bulk|Mystical Fire|p2a: Corviknight\n|-supereffective|p2a: Corviknight\n|-damage|p2a: Corviknight|0 fnt\n|faint|p2a: Corviknight\n|\n|upkeep\n|\n|t:|1699051355\n|switch|p2a: Volcarona|Volcarona, M|33\/100\n|turn|29\n|\n|t:|1699051359\n|move|p1a: Sp bulk|Dazzling Gleam|p2a: Volcarona\n|-resisted|p2a: Volcarona\n|-damage|p2a: Volcarona|12\/100\n|move|p2a: Volcarona|Giga Drain|p1a: Sp bulk\n|-damage|p1a: Sp bulk|37\/100\n|-heal|p2a: Volcarona|26\/100|[from] drain|[of] p1a: Sp bulk\n|-damage|p2a: Volcarona|16\/100|[from] item: Life Orb\n|\n|upkeep\n|turn|30\n|\n|t:|1699051370\n|switch|p2a: Toxapex|Toxapex, F|86\/100\n|move|p1a: Sp bulk|Dazzling Gleam|p2a: Toxapex\n|-resisted|p2a: Toxapex\n|-damage|p2a: Toxapex|70\/100\n|\n|-heal|p2a: Toxapex|76\/100|[from] item: Black Sludge\n|upkeep\n|turn|31\n|\n|t:|1699051379\n|move|p1a: Sp bulk|Shadow Ball|p2a: Toxapex\n|-damage|p2a: Toxapex|42\/100\n|-unboost|p2a: Toxapex|spd|1\n|move|p2a: Toxapex|Toxic|p1a: Sp bulk\n|-status|p1a: Sp bulk|tox\n|\n|-heal|p2a: Toxapex|49\/100|[from] item: Black Sludge\n|-damage|p1a: Sp bulk|31\/100 tox|[from] psn\n|upkeep\n|turn|32\n|\n|t:|1699051391\n|-end|p1a: Sp bulk|Protosynthesis|[silent]\n|switch|p1a: Bulky|Garchomp, F|100\/100\n|-damage|p1a: Bulky|76\/100|[from] Spikes\n|move|p2a: Toxapex|Recover|p2a: Toxapex\n|-heal|p2a: Toxapex|99\/100\n|\n|-heal|p2a: Toxapex|100\/100|[from] item: Black Sludge\n|upkeep\n|turn|33\n|\n|t:|1699051401\n|move|p1a: Bulky|Earthquake|p2a: Toxapex\n|-supereffective|p2a: Toxapex\n|-damage|p2a: Toxapex|43\/100\n|move|p2a: Toxapex|Toxic|p1a: Bulky\n|-status|p1a: Bulky|tox\n|\n|-heal|p2a: Toxapex|49\/100|[from] item: Black Sludge\n|-damage|p1a: Bulky|69\/100 tox|[from] psn\n|upkeep\n|turn|34\n|\n|t:|1699051419\n|move|p1a: Bulky|Earthquake|p2a: Toxapex\n|-supereffective|p2a: Toxapex\n|-damage|p2a: Toxapex|0 fnt\n|faint|p2a: Toxapex\n|\n|-damage|p1a: Bulky|57\/100 tox|[from] psn\n|upkeep\n|\n|t:|1699051425\n|switch|p2a: Greninja|Greninja, M|100\/100\n|turn|35\n|\n|t:|1699051430\n|move|p2a: Greninja|Ice Beam|p1a: Bulky\n|-start|p2a: Greninja|typechange|Ice|[from] ability: Protean\n|-supereffective|p1a: Bulky\n|-damage|p1a: Bulky|0 fnt\n|faint|p1a: Bulky\n|\n|upkeep\n|\n|t:|1699051437\n|switch|p1a: Tera captin|Charizard, M|100\/100\n|turn|36\n|\n|t:|1699051444\n|switch|p2a: Volcarona|Volcarona, M|16\/100\n|move|p1a: Tera captin|Fire Blast|p2a: Volcarona\n|-damage|p2a: Volcarona|0 fnt\n|faint|p2a: Volcarona\n|\n|upkeep\n|\n|t:|1699051451\n|switch|p2a: Greninja|Greninja, M|100\/100\n|turn|37\n|\n|t:|1699051454\n|move|p1a: Tera captin|Fire Blast|p2a: Greninja\n|-resisted|p2a: Greninja\n|-damage|p2a: Greninja|69\/100\n|move|p2a: Greninja|Surf|p1a: Tera captin\n|-start|p2a: Greninja|typechange|Water|[from] ability: Protean\n|-supereffective|p1a: Tera captin\n|-damage|p1a: Tera captin|0 fnt\n|faint|p1a: Tera captin\n|\n|upkeep\n|\n|t:|1699051458\n|switch|p1a: Sp bulk|Flutter Mane|31\/100 tox\n|-damage|p1a: Sp bulk|6\/100 tox|[from] Spikes\n|turn|38\n|\n|t:|1699051466\n|-terastallize|p1a: Sp bulk|Ghost\n|move|p1a: Sp bulk|Shadow Ball|p2a: Greninja\n|-damage|p2a: Greninja|0 fnt\n|faint|p2a: Greninja\n|\n|win|groverknox\n|raw|groverknox's rating: 1023 &rarr; <strong>1057<\/strong><br \/>(+34 for winning)\n|raw|0RexL0's rating: 1000 &rarr; <strong>1000<\/strong><br \/>(+0 for losing)\n|l|\u26060RexL0\n|l| Sharpfang505\n","uploadtime":1699051477,"views":11,"p1id":"groverknox","p2id":"0rexl0","formatid":"gen9ubers","rating":1000,"private":0,"password":""}