{"id":"gen9ubers-1971719900","p1":"Geek wit a Z","p2":"thejoenutsmarket","format":"[Gen 9] Ubers","log":"|j|\u2606Geek wit a Z\n|j|\u203dthejoenutsmarket\n|t:|1697764676\n|gametype|singles\n|player|p1|Geek wit a Z|170|1000\n|player|p2|thejoenutsmarket|101|1047\n|teamsize|p1|6\n|teamsize|p2|6\n|gen|9\n|tier|[Gen 9] Ubers\n|rated|\n|rule|Sleep Clause Mod: Limit one foe put to sleep\n|rule|Species Clause: Limit one of each Pok\u00e9mon\n|rule|OHKO Clause: OHKO moves are banned\n|rule|Evasion Items Clause: Evasion items are banned\n|rule|Evasion Moves Clause: Evasion moves are banned\n|rule|Endless Battle Clause: Forcing endless battles is banned\n|rule|HP Percentage Mod: HP is shown in percentages\n|clearpoke\n|poke|p1|Toxapex, F|\n|poke|p1|Corviknight, M|\n|poke|p1|Great Tusk|\n|poke|p1|Ceruledge, F|\n|poke|p1|Baxcalibur, F|\n|poke|p1|Samurott-Hisui, M|\n|poke|p2|Basculegion, M|\n|poke|p2|Pelipper, L50, F|\n|poke|p2|Zacian-*|\n|poke|p2|Sneasler, F|\n|poke|p2|Miraidon|\n|poke|p2|Iron Bundle|\n|teampreview\n|\n|t:|1697764683\n|start\n|switch|p1a: Toxapex|Toxapex, F, shiny|100\/100\n|switch|p2a: Miraidon|Miraidon|100\/100\n|-fieldstart|move: Electric Terrain|[from] ability: Hadron Engine|[of] p2a: Miraidon\n|turn|1\n|inactive|Battle timer is ON: inactive players will automatically lose when time's up. (requested by thejoenutsmarket)\n|\n|t:|1697764691\n|switch|p2a: Iron Bundle|Iron Bundle|100\/100\n|-activate|p2a: Iron Bundle|ability: Quark Drive\n|-start|p2a: Iron Bundle|quarkdrivespe\n|move|p1a: Toxapex|Toxic Spikes|p2a: Iron Bundle\n|-sidestart|p2: thejoenutsmarket|move: Toxic Spikes\n|\n|upkeep\n|turn|2\n|\n|t:|1697764698\n|move|p2a: Iron Bundle|Freeze-Dry|p1a: Toxapex\n|-supereffective|p1a: Toxapex\n|-damage|p1a: Toxapex|41\/100\n|move|p1a: Toxapex|Toxic|p2a: Iron Bundle\n|-status|p2a: Iron Bundle|tox\n|\n|-damage|p2a: Iron Bundle|95\/100 tox|[from] psn\n|upkeep\n|turn|3\n|\n|t:|1697764706\n|move|p1a: Toxapex|Protect|p1a: Toxapex\n|-singleturn|p1a: Toxapex|Protect\n|move|p2a: Iron Bundle|Freeze-Dry|p1a: Toxapex\n|-activate|p1a: Toxapex|move: Protect\n|\n|-damage|p2a: Iron Bundle|83\/100 tox|[from] psn\n|upkeep\n|turn|4\n|\n|t:|1697764715\n|-terastallize|p1a: Toxapex|Poison\n|move|p2a: Iron Bundle|Freeze-Dry|p1a: Toxapex\n|-damage|p1a: Toxapex|7\/100\n|move|p1a: Toxapex|Recover|p1a: Toxapex\n|-heal|p1a: Toxapex|57\/100\n|\n|-damage|p2a: Iron Bundle|65\/100 tox|[from] psn\n|upkeep\n|turn|5\n|\n|t:|1697764727\n|move|p2a: Iron Bundle|Hydro Pump|p1a: Toxapex\n|-damage|p1a: Toxapex|4\/100\n|move|p1a: Toxapex|Recover|p1a: Toxapex\n|-heal|p1a: Toxapex|54\/100\n|\n|-damage|p2a: Iron Bundle|41\/100 tox|[from] psn\n|-fieldend|move: Electric Terrain\n|-end|p2a: Iron Bundle|Quark Drive\n|upkeep\n|turn|6\n|\n|t:|1697764737\n|move|p2a: Iron Bundle|Blizzard|p1a: Toxapex\n|-damage|p1a: Toxapex|5\/100\n|move|p1a: Toxapex|Recover|p1a: Toxapex\n|-heal|p1a: Toxapex|55\/100\n|\n|-damage|p2a: Iron Bundle|12\/100 tox|[from] psn\n|upkeep\n|turn|7\n|\n|t:|1697764745\n|-end|p2a: Iron Bundle|Quark Drive|[silent]\n|switch|p2a: Miraidon|Miraidon|100\/100\n|-status|p2a: Miraidon|psn\n|-fieldstart|move: Electric Terrain|[from] ability: Hadron Engine|[of] p2a: Miraidon\n|move|p1a: Toxapex|Protect||[still]\n|-fail|p1a: Toxapex\n|\n|-damage|p2a: Miraidon|88\/100 psn|[from] psn\n|upkeep\n|turn|8\n|\n|t:|1697764755\n|move|p2a: Miraidon|Overheat|p1a: Toxapex\n|-damage|p1a: Toxapex|4\/100\n|-unboost|p2a: Miraidon|spa|2\n|move|p1a: Toxapex|Recover|p1a: Toxapex\n|-heal|p1a: Toxapex|54\/100\n|\n|-damage|p2a: Miraidon|76\/100 psn|[from] psn\n|upkeep\n|turn|9\n|-message|thejoenutsmarket forfeited.\n|\n|win|Geek wit a Z\n|raw|Geek wit a Z's rating: 1000 &rarr; <strong>1045<\/strong><br \/>(+45 for winning)\n|raw|thejoenutsmarket's rating: 1047 &rarr; <strong>1028<\/strong><br \/>(-19 for losing)\n|l|\u203dthejoenutsmarket\n","uploadtime":1697764796,"views":12,"p1id":"geekwitaz","p2id":"thejoenutsmarket","formatid":"gen9ubers","rating":1028,"private":0,"password":""}