{"id":"gen9ubers-1972287321","p1":"LadyMaria-Blue","p2":"JohnLongGone","format":"[Gen 9] Ubers","log":"|j|\u2606LadyMaria-Blue\n|j|\u203dJohnLongGone\n|t:|1697828170\n|gametype|singles\n|player|p1|LadyMaria-Blue|cynthia|\n|player|p2|JohnLongGone|caitlin|\n|teamsize|p1|6\n|teamsize|p2|6\n|gen|9\n|tier|[Gen 9] Ubers\n|rule|Sleep Clause Mod: Limit one foe put to sleep\n|rule|Species Clause: Limit one of each Pok\u00e9mon\n|rule|OHKO Clause: OHKO moves are banned\n|rule|Evasion Items Clause: Evasion items are banned\n|rule|Evasion Moves Clause: Evasion moves are banned\n|rule|Endless Battle Clause: Forcing endless battles is banned\n|rule|HP Percentage Mod: HP is shown in percentages\n|clearpoke\n|poke|p1|Spiritomb, F|\n|poke|p1|Gastrodon, F|\n|poke|p1|Lucario, F|\n|poke|p1|Milotic, F|\n|poke|p1|Shaymin-Sky|\n|poke|p1|Garchomp, F|\n|poke|p2|Torterra, M|\n|poke|p2|Volcarona, M|\n|poke|p2|Dragapult, M|\n|poke|p2|Arceus-Grass|\n|poke|p2|Zacian-*|\n|poke|p2|Hatterene, F|\n|teampreview\n|\n|t:|1697828188\n|start\n|switch|p1a: Gastrodon|Gastrodon, F|100\/100\n|switch|p2a: Dragapult|Dragapult, M|100\/100\n|turn|1\n|\n|t:|1697828194\n|move|p2a: Dragapult|Light Screen|p2a: Dragapult\n|-sidestart|p2: JohnLongGone|move: Light Screen\n|move|p1a: Gastrodon|Ice Beam|p2a: Dragapult\n|-supereffective|p2a: Dragapult\n|-damage|p2a: Dragapult|79\/100\n|\n|upkeep\n|turn|2\n|\n|t:|1697828200\n|move|p2a: Dragapult|Reflect|p2a: Dragapult\n|-sidestart|p2: JohnLongGone|Reflect\n|move|p1a: Gastrodon|Stealth Rock|p2a: Dragapult\n|-sidestart|p2: JohnLongGone|move: Stealth Rock\n|\n|upkeep\n|turn|3\n|\n|t:|1697828212\n|switch|p2a: Torterra|Torterra, M|100\/100\n|-damage|p2a: Torterra|94\/100|[from] Stealth Rock\n|switch|p1a: Spiritomb|Spiritomb, F, shiny|100\/100\n|\n|upkeep\n|turn|4\n|\n|t:|1697828227\n|switch|p2a: Volcarona|Volcarona, M|100\/100\n|move|p1a: Spiritomb|Will-O-Wisp|p2a: Volcarona\n|-immune|p2a: Volcarona\n|\n|upkeep\n|turn|5\n|\n|t:|1697828233\n|switch|p1a: Milotic|Milotic, F, shiny|100\/100\n|move|p2a: Volcarona|Quiver Dance|p2a: Volcarona\n|-boost|p2a: Volcarona|spa|1\n|-boost|p2a: Volcarona|spd|1\n|-boost|p2a: Volcarona|spe|1\n|\n|upkeep\n|turn|6\n|\n|t:|1697828247\n|switch|p2a: Arceus|Arceus-Grass|100\/100\n|-damage|p2a: Arceus|88\/100|[from] Stealth Rock\n|move|p1a: Milotic|Haze|p1a: Milotic\n|-clearallboost\n|\n|upkeep\n|turn|7\n|\n|t:|1697828254\n|switch|p1a: Spiritomb|Spiritomb, F, shiny|100\/100\n|move|p2a: Arceus|Judgment|p1a: Spiritomb\n|-damage|p1a: Spiritomb|57\/100\n|\n|-heal|p1a: Spiritomb|63\/100|[from] item: Leftovers\n|upkeep\n|turn|8\n|\n|t:|1697828257\n|move|p2a: Arceus|Calm Mind|p2a: Arceus\n|-boost|p2a: Arceus|spa|1\n|-boost|p2a: Arceus|spd|1\n|move|p1a: Spiritomb|Will-O-Wisp|p2a: Arceus\n|-status|p2a: Arceus|brn\n|\n|-heal|p1a: Spiritomb|70\/100|[from] item: Leftovers\n|-damage|p2a: Arceus|82\/100 brn|[from] brn\n|-sideend|p2: JohnLongGone|move: Light Screen\n|upkeep\n|turn|9\n|\n|t:|1697828259\n|move|p2a: Arceus|Calm Mind|p2a: Arceus\n|-boost|p2a: Arceus|spa|1\n|-boost|p2a: Arceus|spd|1\n|move|p1a: Spiritomb|Disable|p2a: Arceus\n|-start|p2a: Arceus|Disable|Calm Mind\n|\n|-heal|p1a: Spiritomb|76\/100|[from] item: Leftovers\n|-damage|p2a: Arceus|76\/100 brn|[from] brn\n|-sideend|p2: JohnLongGone|Reflect\n|upkeep\n|turn|10\n|\n|t:|1697828263\n|move|p2a: Arceus|Judgment|p1a: Spiritomb\n|-damage|p1a: Spiritomb|0 fnt\n|faint|p1a: Spiritomb\n|\n|-damage|p2a: Arceus|70\/100 brn|[from] brn\n|upkeep\n|\n|t:|1697828268\n|switch|p1a: Shaymin|Shaymin-Sky, shiny|100\/100\n|turn|11\n|\n|t:|1697828290\n|move|p1a: Shaymin|Air Slash|p2a: Arceus\n|-supereffective|p2a: Arceus\n|-damage|p2a: Arceus|41\/100 brn\n|move|p2a: Arceus|Judgment|p1a: Shaymin\n|-resisted|p1a: Shaymin\n|-damage|p1a: Shaymin|69\/100\n|\n|-damage|p2a: Arceus|35\/100 brn|[from] brn\n|upkeep\n|turn|12\n|\n|t:|1697828296\n|move|p1a: Shaymin|Air Slash|p2a: Arceus\n|-supereffective|p2a: Arceus\n|-damage|p2a: Arceus|8\/100 brn\n|move|p2a: Arceus|Recover|p2a: Arceus\n|-heal|p2a: Arceus|58\/100 brn\n|\n|-damage|p2a: Arceus|52\/100 brn|[from] brn\n|upkeep\n|turn|13\n|\n|t:|1697828309\n|switch|p2a: Hatterene|Hatterene, F|100\/100\n|-damage|p2a: Hatterene|88\/100|[from] Stealth Rock\n|move|p1a: Shaymin|Air Slash|p2a: Hatterene\n|-damage|p2a: Hatterene|46\/100\n|-enditem|p2a: Hatterene|Eject Button\n|\n|t:|1697828311\n|switch|p2a: Dragapult|Dragapult, M|79\/100\n|-damage|p2a: Dragapult|67\/100|[from] Stealth Rock\n|\n|upkeep\n|turn|14\n|\n|t:|1697828314\n|move|p1a: Shaymin|Air Slash|p2a: Dragapult\n|-damage|p2a: Dragapult|18\/100\n|-start|p1a: Shaymin|Disable|Air Slash|[from] ability: Cursed Body|[of] p2a: Dragapult\n|cant|p2a: Dragapult|flinch\n|\n|upkeep\n|turn|15\n|\n|t:|1697828332\n|switch|p1a: Lucario|Lucario, F|100\/100\n|move|p2a: Dragapult|Reflect|p2a: Dragapult\n|-sidestart|p2: JohnLongGone|Reflect\n|\n|upkeep\n|turn|16\n|\n|t:|1697828334\n|move|p2a: Dragapult|Light Screen|p2a: Dragapult\n|-sidestart|p2: JohnLongGone|move: Light Screen\n|move|p1a: Lucario|Ice Punch|p2a: Dragapult\n|-supereffective|p2a: Dragapult\n|-damage|p2a: Dragapult|0 fnt\n|faint|p2a: Dragapult\n|\n|upkeep\n|\n|t:|1697828351\n|switch|p2a: Torterra|Torterra, M|94\/100\n|-damage|p2a: Torterra|88\/100|[from] Stealth Rock\n|turn|17\n|\n|t:|1697828356\n|-terastallize|p2a: Torterra|Rock\n|move|p1a: Lucario|Ice Punch|p2a: Torterra\n|-damage|p2a: Torterra|75\/100\n|move|p2a: Torterra|Shell Smash|p2a: Torterra\n|-unboost|p2a: Torterra|def|1\n|-unboost|p2a: Torterra|spd|1\n|-boost|p2a: Torterra|atk|2\n|-boost|p2a: Torterra|spa|2\n|-boost|p2a: Torterra|spe|2\n|\n|upkeep\n|turn|18\n|\n|t:|1697828361\n|switch|p1a: Shaymin|Shaymin-Sky, shiny|69\/100\n|move|p2a: Torterra|Headlong Rush|p1a: Shaymin\n|-immune|p1a: Shaymin\n|\n|upkeep\n|turn|19\n|\n|t:|1697828373\n|move|p1a: Shaymin|Seed Flare|p2a: Torterra|[miss]\n|-miss|p1a: Shaymin|p2a: Torterra\n|move|p2a: Torterra|Rock Blast|p1a: Shaymin\n|-supereffective|p1a: Shaymin\n|-damage|p1a: Shaymin|0 fnt\n|faint|p1a: Shaymin\n|-hitcount|p1: Shaymin|1\n|\n|upkeep\n|\n|t:|1697828379\n|switch|p1a: Milotic|Milotic, F, shiny|100\/100\n|turn|20\n|\n|t:|1697828382\n|move|p2a: Torterra|Headlong Rush|p1a: Milotic\n|-damage|p1a: Milotic|0 fnt\n|-unboost|p2a: Torterra|def|1\n|-unboost|p2a: Torterra|spd|1\n|faint|p1a: Milotic\n|\n|upkeep\n|\n|t:|1697828386\n|switch|p1a: Lucario|Lucario, F|100\/100\n|turn|21\n|\n|t:|1697828390\n|move|p2a: Torterra|Headlong Rush|p1a: Lucario\n|-supereffective|p1a: Lucario\n|-damage|p1a: Lucario|0 fnt\n|-unboost|p2a: Torterra|def|1\n|-unboost|p2a: Torterra|spd|1\n|faint|p1a: Lucario\n|\n|upkeep\n|\n|t:|1697828392\n|switch|p1a: Gastrodon|Gastrodon, F|100\/100\n|turn|22\n|\n|t:|1697828394\n|move|p2a: Torterra|Bullet Seed|p1a: Gastrodon\n|-supereffective|p1a: Gastrodon\n|-damage|p1a: Gastrodon|10\/100\n|-supereffective|p1a: Gastrodon\n|-crit|p1a: Gastrodon\n|-damage|p1a: Gastrodon|0 fnt\n|faint|p1a: Gastrodon\n|-hitcount|p1: Gastrodon|2\n|\n|-sideend|p2: JohnLongGone|Reflect\n|upkeep\n|\n|t:|1697828396\n|switch|p1a: Garchomp|Garchomp, F, shiny|100\/100\n|turn|23\n|\n|t:|1697828415\n|move|p2a: Torterra|Headlong Rush|p1a: Garchomp\n|-damage|p1a: Garchomp|0 fnt\n|-unboost|p2a: Torterra|def|1\n|-unboost|p2a: Torterra|spd|1\n|-damage|p2a: Torterra|63\/100|[from] ability: Rough Skin|[of] p1a: Garchomp\n|faint|p1a: Garchomp\n|\n|win|JohnLongGone\n|c|\u2606LadyMaria-Blue|gg\n","uploadtime":1697828423,"views":15,"p1id":"ladymariablue","p2id":"johnlonggone","formatid":"gen9ubers","rating":0,"private":0,"password":""}