{"id":"gen9ubers-1978306400","p1":"100VaNS","p2":"Deriverse","format":"[Gen 9] Ubers","log":"|j|\u2606100VaNS\n|j|\u2606Deriverse\n|t:|1698523219\n|gametype|singles\n|player|p1|100VaNS|ethan|1167\n|player|p2|Deriverse|roxanne|1173\n|teamsize|p1|6\n|teamsize|p2|6\n|gen|9\n|tier|[Gen 9] Ubers\n|rated|\n|rule|Sleep Clause Mod: Limit one foe put to sleep\n|rule|Species Clause: Limit one of each Pok\u00e9mon\n|rule|OHKO Clause: OHKO moves are banned\n|rule|Evasion Items Clause: Evasion items are banned\n|rule|Evasion Moves Clause: Evasion moves are banned\n|rule|Endless Battle Clause: Forcing endless battles is banned\n|rule|HP Percentage Mod: HP is shown in percentages\n|clearpoke\n|poke|p1|Annihilape, M|\n|poke|p1|Flutter Mane|\n|poke|p1|Palafin, F|\n|poke|p1|Ursaluna-Bloodmoon, M|\n|poke|p1|Regieleki|\n|poke|p1|Urshifu-*, M|\n|poke|p2|Shaymin-Sky|\n|poke|p2|Flutter Mane|\n|poke|p2|Groudon|\n|poke|p2|Giratina|\n|poke|p2|Ribombee, F|\n|poke|p2|Cyclizar, F|\n|teampreview\n|inactive|Battle timer is ON: inactive players will automatically lose when time's up. (requested by Deriverse)\n|\n|t:|1698523229\n|start\n|switch|p1a: AQUA-MAYNE|Palafin, F|100\/100\n|switch|p2a: Cyclizar|Cyclizar, F|100\/100\n|turn|1\n|\n|t:|1698523246\n|detailschange|p1a: AQUA-MAYNE|Palafin-Hero, F\n|switch|p1a: King Boo|Annihilape, M|100\/100\n|move|p2a: Cyclizar|Shed Tail|p2a: Cyclizar\n|-start|p2a: Cyclizar|Substitute|[from] move: Shed Tail\n|-damage|p2a: Cyclizar|50\/100\n|\n|t:|1698523253\n|switch|p2a: Giratina|Giratina|100\/100|[from] Shed Tail\n|-ability|p2a: Giratina|Pressure\n|\n|upkeep\n|turn|2\n|\n|t:|1698523260\n|move|p1a: King Boo|Rage Fist|p2a: Giratina\n|-supereffective|p2a: Giratina\n|-end|p2a: Giratina|Substitute\n|move|p2a: Giratina|Will-O-Wisp|p1a: King Boo\n|-status|p1a: King Boo|brn\n|\n|-damage|p1a: King Boo|94\/100 brn|[from] brn\n|upkeep\n|turn|3\n|\n|t:|1698523276\n|switch|p1a: 10\/27\/23|Ursaluna-Bloodmoon, M|100\/100\n|move|p2a: Giratina|Hex|p1a: 10\/27\/23\n|-immune|p1a: 10\/27\/23\n|\n|upkeep\n|turn|4\n|\n|t:|1698523284\n|move|p2a: Giratina|Will-O-Wisp|p1a: 10\/27\/23\n|-status|p1a: 10\/27\/23|brn\n|move|p1a: 10\/27\/23|Blood Moon|p2a: Giratina\n|-damage|p2a: Giratina|60\/100\n|\n|-heal|p2a: Giratina|66\/100|[from] item: Leftovers\n|-damage|p1a: 10\/27\/23|94\/100 brn|[from] brn\n|upkeep\n|turn|5\n|\n|t:|1698523297\n|switch|p2a: Ribombee|Ribombee, F|100\/100\n|move|p1a: 10\/27\/23|Moonblast|p2a: Ribombee\n|-damage|p2a: Ribombee|46\/100\n|\n|-damage|p1a: 10\/27\/23|88\/100 brn|[from] brn\n|upkeep\n|turn|6\n|\n|t:|1698523309\n|move|p2a: Ribombee|Sticky Web|p1a: 10\/27\/23\n|-sidestart|p1: 100VaNS|move: Sticky Web\n|move|p1a: 10\/27\/23|Moonblast|p2a: Ribombee\n|-damage|p2a: Ribombee|0 fnt\n|faint|p2a: Ribombee\n|\n|-damage|p1a: 10\/27\/23|82\/100 brn|[from] brn\n|upkeep\n|\n|t:|1698523319\n|switch|p2a: Shaymin|Shaymin-Sky|100\/100\n|turn|7\n|\n|t:|1698523325\n|move|p2a: Shaymin|Seed Flare|p1a: 10\/27\/23\n|-supereffective|p1a: 10\/27\/23\n|-damage|p1a: 10\/27\/23|0 fnt\n|faint|p1a: 10\/27\/23\n|\n|upkeep\n|\n|t:|1698523342\n|switch|p1a: Idk bruv|Flutter Mane|100\/100\n|-activate|p1a: Idk bruv|move: Sticky Web\n|-unboost|p1a: Idk bruv|spe|1\n|turn|8\n|\n|t:|1698523352\n|move|p2a: Shaymin|Seed Flare|p1a: Idk bruv\n|-damage|p1a: Idk bruv|34\/100\n|-unboost|p1a: Idk bruv|spd|2\n|move|p1a: Idk bruv|Mystical Fire|p2a: Shaymin\n|-supereffective|p2a: Shaymin\n|-damage|p2a: Shaymin|12\/100\n|-unboost|p2a: Shaymin|spa|1\n|\n|upkeep\n|turn|9\n|\n|t:|1698523365\n|move|p2a: Shaymin|Seed Flare|p1a: Idk bruv\n|-damage|p1a: Idk bruv|0 fnt\n|faint|p1a: Idk bruv\n|-end|p1a: Idk bruv|Protosynthesis|[silent]\n|\n|upkeep\n|\n|t:|1698523370\n|switch|p1a: King Boo|Annihilape, M|94\/100 brn\n|-activate|p1a: King Boo|move: Sticky Web\n|-unboost|p1a: King Boo|spe|1\n|turn|10\n|\n|t:|1698523384\n|switch|p2a: Cyclizar|Cyclizar, F|83\/100\n|move|p1a: King Boo|Ice Punch|p2a: Cyclizar\n|-supereffective|p2a: Cyclizar\n|-damage|p2a: Cyclizar|38\/100\n|\n|-damage|p1a: King Boo|88\/100 brn|[from] brn\n|upkeep\n|turn|11\n|\n|t:|1698523397\n|switch|p2a: Groudon|Groudon|100\/100\n|-weather|SunnyDay|[from] ability: Drought|[of] p2a: Groudon\n|move|p1a: King Boo|Drain Punch|p2a: Groudon\n|-damage|p2a: Groudon|89\/100\n|-heal|p1a: King Boo|95\/100 brn|[from] drain|[of] p2a: Groudon\n|\n|-weather|SunnyDay|[upkeep]\n|-heal|p2a: Groudon|96\/100|[from] item: Leftovers\n|-damage|p1a: King Boo|89\/100 brn|[from] brn\n|upkeep\n|turn|12\n|\n|t:|1698523415\n|move|p2a: Groudon|Swords Dance|p2a: Groudon\n|-boost|p2a: Groudon|atk|2\n|move|p1a: King Boo|Rage Fist|p2a: Groudon\n|-damage|p2a: Groudon|88\/100\n|\n|-weather|SunnyDay|[upkeep]\n|-heal|p2a: Groudon|94\/100|[from] item: Leftovers\n|-damage|p1a: King Boo|83\/100 brn|[from] brn\n|upkeep\n|turn|13\n|\n|t:|1698523425\n|move|p2a: Groudon|Precipice Blades|p1a: King Boo|[miss]\n|-miss|p2a: Groudon|p1a: King Boo\n|move|p1a: King Boo|Rage Fist|p2a: Groudon\n|-damage|p2a: Groudon|88\/100\n|\n|-weather|SunnyDay|[upkeep]\n|-heal|p2a: Groudon|94\/100|[from] item: Leftovers\n|-damage|p1a: King Boo|76\/100 brn|[from] brn\n|upkeep\n|turn|14\n|\n|t:|1698523435\n|move|p2a: Groudon|Precipice Blades|p1a: King Boo\n|-damage|p1a: King Boo|0 fnt\n|faint|p1a: King Boo\n|\n|-weather|SunnyDay|[upkeep]\n|-heal|p2a: Groudon|99\/100|[from] item: Leftovers\n|upkeep\n|\n|t:|1698523444\n|switch|p1a: Spedster|Regieleki|100\/100\n|-activate|p1a: Spedster|move: Sticky Web\n|-unboost|p1a: Spedster|spe|1\n|turn|15\n|\n|t:|1698523453\n|switch|p2a: Giratina|Giratina|66\/100\n|-ability|p2a: Giratina|Pressure\n|-terastallize|p1a: Spedster|Ice\n|move|p1a: Spedster|Tera Blast|p2a: Giratina|[anim] Tera Blast Ice\n|-supereffective|p2a: Giratina\n|-damage|p2a: Giratina|29\/100\n|\n|-weather|none\n|-heal|p2a: Giratina|35\/100|[from] item: Leftovers\n|upkeep\n|turn|16\n|\n|t:|1698523468\n|-terastallize|p2a: Giratina|Poison\n|move|p1a: Spedster|Tera Blast|p2a: Giratina|[anim] Tera Blast Ice\n|-damage|p2a: Giratina|15\/100\n|move|p2a: Giratina|Thunder Wave|p1a: Spedster\n|-status|p1a: Spedster|par\n|\n|-heal|p2a: Giratina|21\/100|[from] item: Leftovers\n|upkeep\n|turn|17\n|\n|t:|1698523479\n|move|p1a: Spedster|Tera Blast|p2a: Giratina|[anim] Tera Blast Ice\n|-damage|p2a: Giratina|2\/100\n|move|p2a: Giratina|Rest|p2a: Giratina\n|-status|p2a: Giratina|slp|[from] move: Rest\n|-heal|p2a: Giratina|100\/100 slp|[silent]\n|\n|upkeep\n|turn|18\n|\n|t:|1698523492\n|switch|p1a: AQUA-MAYNE|Palafin-Hero, F|100\/100\n|-activate|p1a: AQUA-MAYNE|move: Sticky Web\n|-unboost|p1a: AQUA-MAYNE|spe|1\n|-activate|p1a: AQUA-MAYNE|ability: Zero to Hero\n|cant|p2a: Giratina|slp\n|\n|upkeep\n|turn|19\n|\n|t:|1698523504\n|cant|p2a: Giratina|slp\n|move|p1a: AQUA-MAYNE|Liquidation|p2a: Giratina\n|-damage|p2a: Giratina|73\/100 slp\n|-unboost|p2a: Giratina|def|1\n|\n|-heal|p2a: Giratina|80\/100 slp|[from] item: Leftovers\n|upkeep\n|turn|20\n|\n|t:|1698523512\n|-curestatus|p2a: Giratina|slp|[msg]\n|move|p2a: Giratina|Will-O-Wisp|p1a: AQUA-MAYNE\n|-status|p1a: AQUA-MAYNE|brn\n|move|p1a: AQUA-MAYNE|Liquidation|p2a: Giratina\n|-damage|p2a: Giratina|59\/100\n|\n|-heal|p2a: Giratina|65\/100|[from] item: Leftovers\n|-damage|p1a: AQUA-MAYNE|94\/100 brn|[from] brn\n|upkeep\n|turn|21\n|-message|100VaNS forfeited.\n|\n|win|Deriverse\n|raw|100VaNS's rating: 1167 &rarr; <strong>1142<\/strong><br \/>(-25 for losing)\n|raw|Deriverse's rating: 1173 &rarr; <strong>1198<\/strong><br \/>(+25 for winning)\n|l|\u2606100VaNS\n","uploadtime":1698523530,"views":9,"p1id":"100vans","p2id":"deriverse","formatid":"gen9ubers","rating":1142,"private":0,"password":""}