{"id":"gen9ubers-1974660586","p1":"BarbantBear","p2":"Narfonme","format":"[Gen 9] Ubers","log":"|j|\u2606BarbantBear\n|j|\u2606Narfonme\n|t:|1698107714\n|gametype|singles\n|player|p1|BarbantBear|170|1000\n|player|p2|Narfonme|265|1000\n|teamsize|p1|6\n|teamsize|p2|6\n|gen|9\n|tier|[Gen 9] Ubers\n|rated|\n|rule|Sleep Clause Mod: Limit one foe put to sleep\n|rule|Species Clause: Limit one of each Pok\u00e9mon\n|rule|OHKO Clause: OHKO moves are banned\n|rule|Evasion Items Clause: Evasion items are banned\n|rule|Evasion Moves Clause: Evasion moves are banned\n|rule|Endless Battle Clause: Forcing endless battles is banned\n|rule|HP Percentage Mod: HP is shown in percentages\n|clearpoke\n|poke|p1|Ursaluna-Bloodmoon, M|\n|poke|p1|Zacian-*|\n|poke|p1|Palafin, F|\n|poke|p1|Ogerpon-Hearthflame, F|\n|poke|p1|Rayquaza|\n|poke|p1|Baxcalibur, F|\n|poke|p2|Kingambit, F|\n|poke|p2|Flutter Mane|\n|poke|p2|Dondozo, M|\n|poke|p2|Ogerpon-Hearthflame, F|\n|poke|p2|Vivillon, F|\n|poke|p2|Chien-Pao|\n|teampreview\n|\n|t:|1698107731\n|start\n|switch|p1a: Ursaluna|Ursaluna-Bloodmoon, M|100\/100\n|switch|p2a: Vivillon|Vivillon, F|100\/100\n|turn|1\n|\n|t:|1698107738\n|move|p2a: Vivillon|Sleep Powder|p1a: Ursaluna\n|-status|p1a: Ursaluna|slp|[from] move: Sleep Powder\n|cant|p1a: Ursaluna|slp\n|\n|upkeep\n|turn|2\n|\n|t:|1698107764\n|switch|p2a: Dondozo|Dondozo, M|100\/100\n|switch|p1a: Palafin|Palafin, F|100\/100\n|\n|upkeep\n|turn|3\n|-activate|p1a: Palafin|item: Quick Claw\n|\n|t:|1698107779\n|switch|p2a: Vivillon|Vivillon, F|100\/100\n|move|p1a: Palafin|Iron Head|p2a: Vivillon\n|-damage|p2a: Vivillon|64\/100\n|\n|upkeep\n|turn|4\n|-activate|p1a: Palafin|item: Quick Claw\n|\n|t:|1698107792\n|move|p1a: Palafin|Jet Punch|p2a: Vivillon\n|-crit|p2a: Vivillon\n|-damage|p2a: Vivillon|5\/100\n|move|p2a: Vivillon|Sleep Powder|p1a: Palafin\n|-message|Sleep Clause Mod activated.\n|-hint|Sleep Clause Mod prevents players from putting more than one of their opponent's Pok\u00e9mon to sleep at a time\n|\n|upkeep\n|turn|5\n|\n|t:|1698107801\n|move|p1a: Palafin|Jet Punch|p2a: Vivillon\n|-damage|p2a: Vivillon|0 fnt\n|faint|p2a: Vivillon\n|\n|upkeep\n|\n|t:|1698107819\n|switch|p2a: Kingambit|Kingambit, F|100\/100\n|turn|6\n|\n|t:|1698107825\n|move|p2a: Kingambit|Sucker Punch|p1a: Palafin\n|-damage|p1a: Palafin|48\/100\n|move|p1a: Palafin|Drain Punch|p2a: Kingambit\n|-supereffective|p2a: Kingambit\n|-damage|p2a: Kingambit|45\/100\n|-heal|p1a: Palafin|78\/100|[from] drain|[of] p2a: Kingambit\n|\n|-heal|p2a: Kingambit|52\/100|[from] item: Leftovers\n|upkeep\n|turn|7\n|\n|t:|1698107836\n|move|p1a: Palafin|Drain Punch|p2a: Kingambit\n|-supereffective|p2a: Kingambit\n|-damage|p2a: Kingambit|1\/100\n|-heal|p1a: Palafin|100\/100|[from] drain|[of] p2a: Kingambit\n|move|p2a: Kingambit|Kowtow Cleave|p1a: Palafin\n|-damage|p1a: Palafin|29\/100\n|\n|-heal|p2a: Kingambit|7\/100|[from] item: Leftovers\n|upkeep\n|turn|8\n|-activate|p1a: Palafin|item: Quick Claw\n|\n|t:|1698107845\n|move|p2a: Kingambit|Sucker Punch|p1a: Palafin\n|-damage|p1a: Palafin|0 fnt\n|faint|p1a: Palafin\n|\n|-heal|p2a: Kingambit|13\/100|[from] item: Leftovers\n|upkeep\n|\n|t:|1698107854\n|switch|p1a: Zacian|Zacian-Crowned|100\/100\n|-ability|p1a: Zacian|Intrepid Sword|boost\n|-boost|p1a: Zacian|atk|1\n|turn|9\n|\n|t:|1698107869\n|move|p1a: Zacian|Behemoth Blade|p2a: Kingambit\n|-resisted|p2a: Kingambit\n|-damage|p2a: Kingambit|0 fnt\n|faint|p2a: Kingambit\n|\n|upkeep\n|\n|t:|1698107882\n|switch|p2a: Ogerpon|Ogerpon-Hearthflame, F|100\/100\n|-ability|p2a: Ogerpon|Mold Breaker\n|turn|10\n|\n|t:|1698107896\n|switch|p1a: Ursaluna|Ursaluna-Bloodmoon, M|100\/100 slp\n|move|p2a: Ogerpon|Ivy Cudgel|p1a: Ursaluna\n|-damage|p1a: Ursaluna|58\/100 slp\n|\n|-heal|p1a: Ursaluna|64\/100 slp|[from] item: Leftovers\n|upkeep\n|turn|11\n|\n|t:|1698107911\n|move|p2a: Ogerpon|Swords Dance|p2a: Ogerpon\n|-boost|p2a: Ogerpon|atk|2\n|cant|p1a: Ursaluna|slp\n|\n|-heal|p1a: Ursaluna|70\/100 slp|[from] item: Leftovers\n|upkeep\n|turn|12\n|\n|t:|1698107919\n|switch|p1a: Rayquaza|Rayquaza, shiny|100\/100\n|-ability|p1a: Rayquaza|Air Lock\n|move|p2a: Ogerpon|Swords Dance|p2a: Ogerpon\n|-boost|p2a: Ogerpon|atk|2\n|\n|upkeep\n|turn|13\n|\n|t:|1698107947\n|move|p2a: Ogerpon|Ivy Cudgel|p1a: Rayquaza\n|-resisted|p1a: Rayquaza\n|-damage|p1a: Rayquaza|3\/100\n|move|p1a: Rayquaza|Dragon Ascent|p2a: Ogerpon\n|-supereffective|p2a: Ogerpon\n|-damage|p2a: Ogerpon|0 fnt\n|-unboost|p1a: Rayquaza|def|1\n|-unboost|p1a: Rayquaza|spd|1\n|faint|p2a: Ogerpon\n|\n|-heal|p1a: Rayquaza|9\/100|[from] item: Leftovers\n|upkeep\n|\n|t:|1698107958\n|switch|p2a: Chien-Pao|Chien-Pao|100\/100\n|-ability|p2a: Chien-Pao|Sword of Ruin\n|turn|14\n|\n|t:|1698107970\n|switch|p1a: Ogerpon|Ogerpon-Hearthflame, F|100\/100\n|-ability|p1a: Ogerpon|Mold Breaker\n|move|p2a: Chien-Pao|Sucker Punch||[still]\n|-fail|p2a: Chien-Pao\n|\n|upkeep\n|turn|15\n|\n|t:|1698107981\n|-terastallize|p1a: Ogerpon|Fire\n|detailschange|p1a: Ogerpon|Ogerpon-Hearthflame-Tera, F, tera:Fire\n|-ability|p1a: Ogerpon|Embody Aspect (Hearthflame)|boost\n|-boost|p1a: Ogerpon|atk|1\n|move|p2a: Chien-Pao|Sucker Punch|p1a: Ogerpon\n|-damage|p1a: Ogerpon|14\/100\n|move|p1a: Ogerpon|Ivy Cudgel|p2a: Chien-Pao\n|-supereffective|p2a: Chien-Pao\n|-damage|p2a: Chien-Pao|0 fnt\n|faint|p2a: Chien-Pao\n|\n|upkeep\n|\n|t:|1698107994\n|switch|p2a: Dondozo|Dondozo, M|100\/100\n|turn|16\n|\n|t:|1698107998\n|move|p1a: Ogerpon|Spiky Shield|p1a: Ogerpon\n|-singleturn|p1a: Ogerpon|move: Protect\n|move|p2a: Dondozo|Surf|p1a: Ogerpon\n|-activate|p1a: Ogerpon|move: Protect\n|\n|upkeep\n|turn|17\n|\n|t:|1698108004\n|move|p1a: Ogerpon|Horn Leech|p2a: Dondozo\n|-supereffective|p2a: Dondozo\n|-damage|p2a: Dondozo|55\/100\n|-heal|p1a: Ogerpon|49\/100|[from] drain|[of] p2a: Dondozo\n|move|p2a: Dondozo|Surf|p1a: Ogerpon\n|-supereffective|p1a: Ogerpon\n|-damage|p1a: Ogerpon|0 fnt\n|faint|p1a: Ogerpon\n|\n|-heal|p2a: Dondozo|62\/100|[from] item: Leftovers\n|upkeep\n|\n|t:|1698108015\n|switch|p1a: Baxcalibur|Baxcalibur, F|100\/100\n|turn|18\n|\n|t:|1698108042\n|move|p1a: Baxcalibur|Glaive Rush|p2a: Dondozo\n|-damage|p2a: Dondozo|23\/100\n|-singlemove|p1a: Baxcalibur|Glaive Rush|[silent]\n|move|p2a: Dondozo|Avalanche|p1a: Baxcalibur\n|-damage|p1a: Baxcalibur|29\/100\n|\n|-heal|p2a: Dondozo|29\/100|[from] item: Leftovers\n|upkeep\n|turn|19\n|\n|t:|1698108051\n|move|p1a: Baxcalibur|Scale Shot|p2a: Dondozo\n|-damage|p2a: Dondozo|21\/100\n|-damage|p2a: Dondozo|13\/100\n|-damage|p2a: Dondozo|5\/100\n|-damage|p2a: Dondozo|0 fnt\n|faint|p2a: Dondozo\n|-hitcount|p2: Dondozo|4\n|-unboost|p1a: Baxcalibur|def|1\n|-boost|p1a: Baxcalibur|spe|1\n|\n|upkeep\n|\n|t:|1698108060\n|switch|p2a: Flutter Mane|Flutter Mane|100\/100\n|turn|20\n|\n|t:|1698108076\n|switch|p1a: Zacian|Zacian-Crowned|100\/100\n|move|p2a: Flutter Mane|Moonblast|p1a: Zacian\n|-resisted|p1a: Zacian\n|-damage|p1a: Zacian|75\/100\n|\n|upkeep\n|turn|21\n|\n|t:|1698108087\n|move|p2a: Flutter Mane|Moonblast|p1a: Zacian\n|-resisted|p1a: Zacian\n|-damage|p1a: Zacian|48\/100\n|move|p1a: Zacian|Behemoth Blade|p2a: Flutter Mane\n|-supereffective|p2a: Flutter Mane\n|-damage|p2a: Flutter Mane|0 fnt\n|faint|p2a: Flutter Mane\n|-end|p2a: Flutter Mane|Protosynthesis|[silent]\n|\n|win|BarbantBear\n|raw|BarbantBear's rating: 1000 &rarr; <strong>1040<\/strong><br \/>(+40 for winning)\n|raw|Narfonme's rating: 1000 &rarr; <strong>1000<\/strong><br \/>(+0 for losing)\n","uploadtime":1698108098,"views":16,"p1id":"barbantbear","p2id":"narfonme","formatid":"gen9ubers","rating":1000,"private":0,"password":""}