{"id":"gen9ubers-1978360230","p1":"Vexxtra27","p2":"Dragon45469","format":"[Gen 9] Ubers","log":"|j|\u2606Vexxtra27\n|j|\u2606Dragon45469\n|t:|1698529275\n|gametype|singles\n|player|p1|Vexxtra27|silver|1082\n|player|p2|Dragon45469|2|1140\n|teamsize|p1|6\n|teamsize|p2|6\n|gen|9\n|tier|[Gen 9] Ubers\n|rated|\n|rule|Sleep Clause Mod: Limit one foe put to sleep\n|rule|Species Clause: Limit one of each Pok\u00e9mon\n|rule|OHKO Clause: OHKO moves are banned\n|rule|Evasion Items Clause: Evasion items are banned\n|rule|Evasion Moves Clause: Evasion moves are banned\n|rule|Endless Battle Clause: Forcing endless battles is banned\n|rule|HP Percentage Mod: HP is shown in percentages\n|clearpoke\n|poke|p1|Ninetales-Alola, F|\n|poke|p1|Baxcalibur, M|\n|poke|p1|Chien-Pao|\n|poke|p1|Iron Treads|\n|poke|p1|Miraidon|\n|poke|p1|Iron Bundle|\n|poke|p2|Quaquaval, M|\n|poke|p2|Chi-Yu|\n|poke|p2|Amoonguss, M|\n|poke|p2|Corviknight, M|\n|poke|p2|Clodsire, M|\n|poke|p2|Roaring Moon|\n|teampreview\n|inactive|Battle timer is ON: inactive players will automatically lose when time's up. (requested by Vexxtra27)\n|\n|t:|1698529311\n|start\n|switch|p1a: Miraidon|Miraidon|100\/100\n|switch|p2a: Clodsire|Clodsire, M|100\/100\n|-fieldstart|move: Electric Terrain|[from] ability: Hadron Engine|[of] p1a: Miraidon\n|turn|1\n|\n|t:|1698529320\n|move|p1a: Miraidon|U-turn|p2a: Clodsire\n|-resisted|p2a: Clodsire\n|-damage|p2a: Clodsire|93\/100\n|\n|t:|1698529323\n|switch|p1a: Iron Treads|Iron Treads|100\/100|[from] U-turn\n|-activate|p1a: Iron Treads|ability: Quark Drive\n|-start|p1a: Iron Treads|quarkdrivespd\n|move|p2a: Clodsire|Toxic|p1a: Iron Treads\n|-immune|p1a: Iron Treads\n|\n|upkeep\n|turn|2\n|\n|t:|1698529333\n|move|p1a: Iron Treads|Stealth Rock|p2a: Clodsire\n|-sidestart|p2: Dragon45469|move: Stealth Rock\n|move|p2a: Clodsire|Stealth Rock|p1a: Iron Treads\n|-sidestart|p1: Vexxtra27|move: Stealth Rock\n|\n|upkeep\n|turn|3\n|\n|t:|1698529338\n|move|p1a: Iron Treads|Knock Off|p2a: Clodsire\n|-damage|p2a: Clodsire|68\/100\n|-enditem|p2a: Clodsire|Heavy-Duty Boots|[from] move: Knock Off|[of] p1a: Iron Treads\n|move|p2a: Clodsire|Earthquake|p1a: Iron Treads\n|-supereffective|p1a: Iron Treads\n|-damage|p1a: Iron Treads|56\/100\n|\n|-heal|p1a: Iron Treads|62\/100|[from] item: Leftovers\n|upkeep\n|turn|4\n|\n|t:|1698529349\n|move|p1a: Iron Treads|Rapid Spin|p2a: Clodsire\n|-damage|p2a: Clodsire|54\/100\n|-boost|p1a: Iron Treads|spe|1\n|-sideend|p1: Vexxtra27|Stealth Rock|[from] move: Rapid Spin|[of] p1a: Iron Treads\n|move|p2a: Clodsire|Earthquake|p1a: Iron Treads\n|-supereffective|p1a: Iron Treads\n|-crit|p1a: Iron Treads\n|-damage|p1a: Iron Treads|0 fnt\n|faint|p1a: Iron Treads\n|-end|p1a: Iron Treads|Quark Drive|[silent]\n|\n|upkeep\n|\n|t:|1698529362\n|switch|p1a: Iron Bundle|Iron Bundle|100\/100\n|-activate|p1a: Iron Bundle|ability: Quark Drive\n|-start|p1a: Iron Bundle|quarkdrivespe\n|turn|5\n|\n|t:|1698529369\n|switch|p2a: Corviknight|Corviknight, M|100\/100\n|-damage|p2a: Corviknight|88\/100|[from] Stealth Rock\n|-ability|p2a: Corviknight|Pressure\n|move|p1a: Iron Bundle|Freeze-Dry|p2a: Corviknight\n|-damage|p2a: Corviknight|41\/100\n|\n|-heal|p2a: Corviknight|47\/100|[from] item: Leftovers\n|-fieldend|move: Electric Terrain\n|-end|p1a: Iron Bundle|Quark Drive\n|upkeep\n|turn|6\n|\n|t:|1698529383\n|-end|p1a: Iron Bundle|Quark Drive|[silent]\n|switch|p1a: Miraidon|Miraidon|100\/100\n|-fieldstart|move: Electric Terrain|[from] ability: Hadron Engine|[of] p1a: Miraidon\n|move|p2a: Corviknight|Defog|p1a: Miraidon\n|-unboost|p1a: Miraidon|evasion|1\n|-sideend|p2: Dragon45469|Stealth Rock|[from] move: Defog|[of] p2a: Corviknight\n|-fieldend|move: Electric Terrain\n|\n|-heal|p2a: Corviknight|53\/100|[from] item: Leftovers\n|upkeep\n|turn|7\n|inactive|Dragon45469 has 120 seconds left.\n|\n|t:|1698529420\n|switch|p2a: Clodsire|Clodsire, M|54\/100\n|move|p1a: Miraidon|U-turn|p2a: Clodsire\n|-resisted|p2a: Clodsire\n|-damage|p2a: Clodsire|48\/100\n|inactive|Vexxtra27 has 120 seconds left.\n|\n|t:|1698529452\n|switch|p1a: Ninetales|Ninetales-Alola, F|100\/100|[from] U-turn\n|-weather|Snow|[from] ability: Snow Warning|[of] p1a: Ninetales\n|\n|-weather|Snow|[upkeep]\n|upkeep\n|turn|8\n|inactive|Dragon45469 has 120 seconds left.\n|\n|t:|1698529463\n|switch|p2a: Corviknight|Corviknight, M|53\/100\n|-ability|p2a: Corviknight|Pressure\n|move|p1a: Ninetales|Freeze-Dry|p2a: Corviknight\n|-damage|p2a: Corviknight|30\/100\n|\n|-weather|Snow|[upkeep]\n|-heal|p2a: Corviknight|36\/100|[from] item: Leftovers\n|upkeep\n|turn|9\n|\n|t:|1698529475\n|switch|p1a: Miraidon|Miraidon|100\/100\n|-fieldstart|move: Electric Terrain|[from] ability: Hadron Engine|[of] p1a: Miraidon\n|move|p2a: Corviknight|Roost|p2a: Corviknight\n|-heal|p2a: Corviknight|86\/100\n|-singleturn|p2a: Corviknight|move: Roost\n|\n|-weather|Snow|[upkeep]\n|-heal|p2a: Corviknight|92\/100|[from] item: Leftovers\n|upkeep\n|turn|10\n|\n|t:|1698529487\n|switch|p2a: Clodsire|Clodsire, M|48\/100\n|move|p1a: Miraidon|Draco Meteor|p2a: Clodsire\n|-damage|p2a: Clodsire|0 fnt\n|-unboost|p1a: Miraidon|spa|2\n|faint|p2a: Clodsire\n|\n|-weather|Snow|[upkeep]\n|upkeep\n|inactive|Dragon45469 has 120 seconds left.\n|\n|t:|1698529505\n|switch|p2a: Roaring Moon|Roaring Moon|100\/100\n|turn|11\n|\n|t:|1698529512\n|switch|p1a: Ninetales|Ninetales-Alola, F|100\/100\n|-terastallize|p2a: Roaring Moon|Dark\n|move|p2a: Roaring Moon|Earthquake|p1a: Ninetales\n|-damage|p1a: Ninetales|52\/100\n|\n|-weather|none\n|upkeep\n|turn|12\n|inactive|Vexxtra27 has 120 seconds left.\n|\n|t:|1698529522\n|-end|p2a: Roaring Moon|Protosynthesis|[silent]\n|switch|p2a: Corviknight|Corviknight, M|92\/100\n|-ability|p2a: Corviknight|Pressure\n|move|p1a: Ninetales|Aurora Veil||[still]\n|-fail|p1a: Ninetales\n|\n|-heal|p2a: Corviknight|98\/100|[from] item: Leftovers\n|upkeep\n|turn|13\n|inactive|Vexxtra27 has 120 seconds left.\n|\n|t:|1698529540\n|switch|p1a: Miraidon|Miraidon|100\/100\n|-activate|p1a: Miraidon|ability: Hadron Engine\n|move|p2a: Corviknight|Body Press|p1a: Miraidon\n|-damage|p1a: Miraidon|74\/100\n|\n|-heal|p2a: Corviknight|100\/100|[from] item: Leftovers\n|-fieldend|move: Electric Terrain\n|upkeep\n|turn|14\n|inactive|Vexxtra27 has 120 seconds left.\n|\n|t:|1698529556\n|move|p1a: Miraidon|Electro Drift|p2a: Corviknight\n|-supereffective|p2a: Corviknight\n|-damage|p2a: Corviknight|0 fnt\n|faint|p2a: Corviknight\n|\n|upkeep\n|\n|t:|1698529561\n|switch|p2a: Chi-Yu|Chi-Yu|100\/100\n|-ability|p2a: Chi-Yu|Beads of Ruin\n|turn|15\n|inactive|Vexxtra27 has 120 seconds left.\n|\n|t:|1698529574\n|switch|p1a: Ninetales|Ninetales-Alola, F|52\/100\n|-weather|Snow|[from] ability: Snow Warning|[of] p1a: Ninetales\n|move|p2a: Chi-Yu|Flamethrower|p1a: Ninetales\n|-supereffective|p1a: Ninetales\n|-damage|p1a: Ninetales|0 fnt\n|faint|p1a: Ninetales\n|\n|-weather|Snow|[upkeep]\n|upkeep\n|\n|t:|1698529586\n|switch|p1a: Baxcalibur|Baxcalibur, M, shiny|100\/100\n|turn|16\n|\n|t:|1698529598\n|switch|p2a: Quaquaval|Quaquaval, M|100\/100\n|move|p1a: Baxcalibur|Dragon Dance|p1a: Baxcalibur\n|-boost|p1a: Baxcalibur|atk|1\n|-boost|p1a: Baxcalibur|spe|1\n|\n|-weather|Snow|[upkeep]\n|upkeep\n|turn|17\n|\n|t:|1698529608\n|move|p1a: Baxcalibur|Scale Shot|p2a: Quaquaval\n|-damage|p2a: Quaquaval|75\/100\n|-damage|p2a: Quaquaval|49\/100\n|-damage|p2a: Quaquaval|25\/100\n|-damage|p2a: Quaquaval|0 fnt\n|faint|p2a: Quaquaval\n|-hitcount|p2: Quaquaval|4\n|-unboost|p1a: Baxcalibur|def|1\n|-boost|p1a: Baxcalibur|spe|1\n|\n|-weather|Snow|[upkeep]\n|upkeep\n|\n|t:|1698529622\n|switch|p2a: Roaring Moon|Roaring Moon, tera:Dark|100\/100\n|turn|18\n|\n|t:|1698529626\n|move|p1a: Baxcalibur|Icicle Spear|p2a: Roaring Moon\n|-damage|p2a: Roaring Moon|74\/100\n|-crit|p2a: Roaring Moon\n|-damage|p2a: Roaring Moon|37\/100\n|-crit|p2a: Roaring Moon\n|-damage|p2a: Roaring Moon|0 fnt\n|faint|p2a: Roaring Moon\n|-end|p2a: Roaring Moon|Protosynthesis|[silent]\n|-hitcount|p2: Roaring Moon|3\n|\n|-weather|Snow|[upkeep]\n|upkeep\n|\n|t:|1698529635\n|switch|p2a: Amoonguss|Amoonguss, M|100\/100\n|turn|19\n|\n|t:|1698529640\n|move|p1a: Baxcalibur|Icicle Spear|p2a: Amoonguss\n|-supereffective|p2a: Amoonguss\n|-damage|p2a: Amoonguss|65\/100\n|-supereffective|p2a: Amoonguss\n|-damage|p2a: Amoonguss|27\/100\n|-supereffective|p2a: Amoonguss\n|-damage|p2a: Amoonguss|0 fnt\n|faint|p2a: Amoonguss\n|-hitcount|p2: Amoonguss|3\n|\n|-weather|none\n|upkeep\n|\n|t:|1698529647\n|switch|p2a: Chi-Yu|Chi-Yu|100\/100\n|-ability|p2a: Chi-Yu|Beads of Ruin\n|turn|20\n|\n|t:|1698529653\n|-terastallize|p1a: Baxcalibur|Ground\n|move|p1a: Baxcalibur|Earthquake|p2a: Chi-Yu\n|-supereffective|p2a: Chi-Yu\n|-damage|p2a: Chi-Yu|0 fnt\n|faint|p2a: Chi-Yu\n|\n|win|Vexxtra27\n|raw|Vexxtra27's rating: 1082 &rarr; <strong>1114<\/strong><br \/>(+32 for winning)\n|raw|Dragon45469's rating: 1140 &rarr; <strong>1111<\/strong><br \/>(-29 for losing)\n|l|\u2606Dragon45469\n","uploadtime":1698529674,"views":15,"p1id":"vexxtra27","p2id":"dragon45469","formatid":"gen9ubers","rating":1111,"private":0,"password":""}