{"id":"gen9ubers-1996322935","p1":"Commander2022","p2":"Azulblade","format":"[Gen 9] Ubers","log":"|j|\u2606Commander2022\n|j|\u2606Azulblade\n|t:|1700671086\n|gametype|singles\n|player|p1|Commander2022|buck|1074\n|player|p2|Azulblade|artist-gen4|1077\n|teamsize|p1|6\n|teamsize|p2|6\n|gen|9\n|tier|[Gen 9] Ubers\n|rated|\n|rule|Sleep Clause Mod: Limit one foe put to sleep\n|rule|Species Clause: Limit one of each Pok\u00e9mon\n|rule|OHKO Clause: OHKO moves are banned\n|rule|Evasion Items Clause: Evasion items are banned\n|rule|Evasion Moves Clause: Evasion moves are banned\n|rule|Endless Battle Clause: Forcing endless battles is banned\n|rule|HP Percentage Mod: HP is shown in percentages\n|clearpoke\n|poke|p1|Cinderace, M|\n|poke|p1|Eternatus|\n|poke|p1|Calyrex-Ice|\n|poke|p1|Zacian-*|\n|poke|p1|Miraidon|\n|poke|p1|Arceus|\n|poke|p2|Clefable, F|\n|poke|p2|Dondozo, F|\n|poke|p2|Clodsire, F|\n|poke|p2|Skeledirge, F|\n|poke|p2|Quagsire, M|\n|poke|p2|Crocalor, F|\n|teampreview\n|inactive|Battle timer is ON: inactive players will automatically lose when time's up. (requested by Azulblade)\n|\n|t:|1700671106\n|start\n|switch|p1a: Zacian|Zacian-Crowned|100\/100\n|switch|p2a: Clefable|Clefable, F|100\/100\n|-ability|p1a: Zacian|Intrepid Sword|boost\n|-boost|p1a: Zacian|atk|1\n|turn|1\n|\n|t:|1700671118\n|switch|p2a: Dondozo|Dondozo, F|100\/100\n|move|p1a: Zacian|Behemoth Blade|p2a: Dondozo\n|-resisted|p2a: Dondozo\n|-damage|p2a: Dondozo|82\/100\n|\n|-heal|p2a: Dondozo|88\/100|[from] item: Leftovers\n|upkeep\n|turn|2\n|\n|t:|1700671126\n|move|p1a: Zacian|Swords Dance|p1a: Zacian\n|-boost|p1a: Zacian|atk|2\n|move|p2a: Dondozo|Curse|p2a: Dondozo\n|-unboost|p2a: Dondozo|spe|1\n|-boost|p2a: Dondozo|atk|1\n|-boost|p2a: Dondozo|def|1\n|\n|-heal|p2a: Dondozo|94\/100|[from] item: Leftovers\n|upkeep\n|turn|3\n|\n|t:|1700671136\n|move|p1a: Zacian|Play Rough|p2a: Dondozo\n|-damage|p2a: Dondozo|72\/100\n|move|p2a: Dondozo|Curse|p2a: Dondozo\n|-unboost|p2a: Dondozo|spe|1\n|-boost|p2a: Dondozo|atk|1\n|-boost|p2a: Dondozo|def|1\n|\n|-heal|p2a: Dondozo|78\/100|[from] item: Leftovers\n|upkeep\n|turn|4\n|\n|t:|1700671148\n|switch|p1a: Miraidon|Miraidon|100\/100\n|-fieldstart|move: Electric Terrain|[from] ability: Hadron Engine|[of] p1a: Miraidon\n|move|p2a: Dondozo|Curse|p2a: Dondozo\n|-unboost|p2a: Dondozo|spe|1\n|-boost|p2a: Dondozo|atk|1\n|-boost|p2a: Dondozo|def|1\n|\n|-heal|p2a: Dondozo|84\/100|[from] item: Leftovers\n|upkeep\n|turn|5\n|\n|t:|1700671160\n|switch|p2a: Clodsire|Clodsire, F|100\/100\n|move|p1a: Miraidon|Electro Drift|p2a: Clodsire\n|-immune|p2a: Clodsire\n|\n|upkeep\n|turn|6\n|\n|t:|1700671171\n|switch|p1a: Calyrex|Calyrex-Ice|100\/100\n|-ability|p1a: Calyrex|As One\n|-ability|p1a: Calyrex|Unnerve\n|move|p2a: Clodsire|Toxic|p1a: Calyrex\n|-status|p1a: Calyrex|tox\n|\n|-damage|p1a: Calyrex|94\/100 tox|[from] psn\n|upkeep\n|turn|7\n|\n|t:|1700671181\n|switch|p2a: Dondozo|Dondozo, F|84\/100\n|move|p1a: Calyrex|Glacial Lance|p2a: Dondozo\n|-resisted|p2a: Dondozo\n|-damage|p2a: Dondozo|47\/100\n|\n|-heal|p2a: Dondozo|53\/100|[from] item: Leftovers\n|-damage|p1a: Calyrex|82\/100 tox|[from] psn\n|upkeep\n|turn|8\n|\n|t:|1700671191\n|switch|p1a: Miraidon|Miraidon|100\/100\n|-activate|p1a: Miraidon|ability: Hadron Engine\n|move|p2a: Dondozo|Protect||[still]\n|-fail|p2a: Dondozo\n|\n|-heal|p2a: Dondozo|59\/100|[from] item: Leftovers\n|-fieldend|move: Electric Terrain\n|upkeep\n|turn|9\n|\n|t:|1700671206\n|switch|p2a: Clodsire|Clodsire, F|100\/100\n|move|p1a: Miraidon|Electro Drift|p2a: Clodsire\n|-immune|p2a: Clodsire\n|\n|upkeep\n|turn|10\n|inactive|Commander2022 has 120 seconds left.\n|\n|t:|1700671238\n|switch|p1a: Calyrex|Calyrex-Ice|82\/100 tox\n|-ability|p1a: Calyrex|As One\n|-ability|p1a: Calyrex|Unnerve\n|move|p2a: Clodsire|Stealth Rock|p1a: Calyrex\n|-sidestart|p1: Commander2022|move: Stealth Rock\n|\n|-damage|p1a: Calyrex|76\/100 tox|[from] psn\n|upkeep\n|turn|11\n|\n|t:|1700671253\n|switch|p2a: Skeledirge|Skeledirge, F|100\/100\n|move|p1a: Calyrex|Zen Headbutt|p2a: Skeledirge\n|-damage|p2a: Skeledirge|41\/100\n|\n|-damage|p1a: Calyrex|63\/100 tox|[from] psn\n|upkeep\n|turn|12\n|\n|t:|1700671264\n|move|p2a: Skeledirge|Slack Off|p2a: Skeledirge\n|-heal|p2a: Skeledirge|91\/100\n|move|p1a: Calyrex|Zen Headbutt|p2a: Skeledirge\n|-damage|p2a: Skeledirge|26\/100\n|\n|-damage|p1a: Calyrex|45\/100 tox|[from] psn\n|upkeep\n|turn|13\n|\n|t:|1700671272\n|move|p2a: Skeledirge|Torch Song|p1a: Calyrex\n|-supereffective|p1a: Calyrex\n|-damage|p1a: Calyrex|2\/100 tox\n|-boost|p2a: Skeledirge|spa|1\n|move|p1a: Calyrex|Zen Headbutt|p2a: Skeledirge\n|-damage|p2a: Skeledirge|0 fnt\n|faint|p2a: Skeledirge\n|-ability|p1a: Calyrex|Chilling Neigh|boost\n|-boost|p1a: Calyrex|atk|1\n|\n|-damage|p1a: Calyrex|0 fnt|[from] psn\n|faint|p1a: Calyrex\n|upkeep\n|\n|t:|1700671286\n|switch|p2a: Dondozo|Dondozo, F|59\/100\n|switch|p1a: Arceus|Arceus|100\/100\n|-damage|p1a: Arceus|88\/100|[from] Stealth Rock\n|turn|14\n|\n|t:|1700671293\n|move|p1a: Arceus|Extreme Speed|p2a: Dondozo\n|-damage|p2a: Dondozo|26\/100\n|-damage|p1a: Arceus|78\/100|[from] item: Life Orb\n|move|p2a: Dondozo|Curse|p2a: Dondozo\n|-unboost|p2a: Dondozo|spe|1\n|-boost|p2a: Dondozo|atk|1\n|-boost|p2a: Dondozo|def|1\n|\n|-heal|p2a: Dondozo|32\/100|[from] item: Leftovers\n|upkeep\n|turn|15\n|\n|t:|1700671304\n|move|p2a: Dondozo|Protect|p2a: Dondozo\n|-singleturn|p2a: Dondozo|Protect\n|move|p1a: Arceus|Extreme Speed|p2a: Dondozo\n|-activate|p2a: Dondozo|move: Protect\n|\n|-heal|p2a: Dondozo|39\/100|[from] item: Leftovers\n|upkeep\n|turn|16\n|\n|t:|1700671311\n|move|p1a: Arceus|Extreme Speed|p2a: Dondozo\n|-damage|p2a: Dondozo|17\/100\n|-damage|p1a: Arceus|68\/100|[from] item: Life Orb\n|move|p2a: Dondozo|Body Press|p1a: Arceus\n|-supereffective|p1a: Arceus\n|-damage|p1a: Arceus|19\/100\n|\n|-heal|p2a: Dondozo|23\/100|[from] item: Leftovers\n|upkeep\n|turn|17\n|\n|t:|1700671321\n|move|p1a: Arceus|Swords Dance|p1a: Arceus\n|-boost|p1a: Arceus|atk|2\n|move|p2a: Dondozo|Body Press|p1a: Arceus\n|-supereffective|p1a: Arceus\n|-damage|p1a: Arceus|0 fnt\n|faint|p1a: Arceus\n|\n|-heal|p2a: Dondozo|29\/100|[from] item: Leftovers\n|upkeep\n|\n|t:|1700671327\n|switch|p1a: Miraidon|Miraidon|100\/100\n|-damage|p1a: Miraidon|88\/100|[from] Stealth Rock\n|-fieldstart|move: Electric Terrain|[from] ability: Hadron Engine|[of] p1a: Miraidon\n|turn|18\n|\n|t:|1700671335\n|switch|p2a: Clodsire|Clodsire, F|100\/100\n|move|p1a: Miraidon|Electro Drift|p2a: Clodsire\n|-immune|p2a: Clodsire\n|\n|upkeep\n|turn|19\n|\n|t:|1700671343\n|switch|p1a: Eternatus|Eternatus|100\/100\n|-damage|p1a: Eternatus|88\/100|[from] Stealth Rock\n|-ability|p1a: Eternatus|Pressure\n|move|p2a: Clodsire|Toxic|p1a: Eternatus\n|-immune|p1a: Eternatus\n|\n|upkeep\n|turn|20\n|\n|t:|1700671352\n|move|p1a: Eternatus|Dynamax Cannon|p2a: Clodsire\n|-damage|p2a: Clodsire|52\/100\n|-damage|p1a: Eternatus|78\/100|[from] item: Life Orb\n|move|p2a: Clodsire|Earthquake|p1a: Eternatus\n|-supereffective|p1a: Eternatus\n|-damage|p1a: Eternatus|28\/100\n|\n|-heal|p2a: Clodsire|58\/100|[from] item: Leftovers\n|upkeep\n|turn|21\n|\n|t:|1700671363\n|move|p1a: Eternatus|Dynamax Cannon|p2a: Clodsire\n|-damage|p2a: Clodsire|7\/100\n|-damage|p1a: Eternatus|18\/100|[from] item: Life Orb\n|move|p2a: Clodsire|Earthquake|p1a: Eternatus\n|-supereffective|p1a: Eternatus\n|-damage|p1a: Eternatus|0 fnt\n|faint|p1a: Eternatus\n|\n|-heal|p2a: Clodsire|13\/100|[from] item: Leftovers\n|upkeep\n|\n|t:|1700671370\n|switch|p1a: Zacian|Zacian-Crowned|100\/100\n|-damage|p1a: Zacian|94\/100|[from] Stealth Rock\n|turn|22\n|\n|t:|1700671376\n|move|p1a: Zacian|Brick Break|p2a: Clodsire\n|-resisted|p2a: Clodsire\n|-damage|p2a: Clodsire|1\/100\n|move|p2a: Clodsire|Earthquake|p1a: Zacian\n|-supereffective|p1a: Zacian\n|-damage|p1a: Zacian|35\/100\n|\n|-heal|p2a: Clodsire|7\/100|[from] item: Leftovers\n|-fieldend|move: Electric Terrain\n|upkeep\n|turn|23\n|\n|t:|1700671384\n|move|p1a: Zacian|Brick Break|p2a: Clodsire\n|-resisted|p2a: Clodsire\n|-damage|p2a: Clodsire|0 fnt\n|faint|p2a: Clodsire\n|\n|upkeep\n|\n|t:|1700671395\n|switch|p2a: Crocalor|Crocalor, F|100\/100\n|turn|24\n|\n|t:|1700671408\n|move|p1a: Zacian|Play Rough|p2a: Crocalor\n|-resisted|p2a: Crocalor\n|-damage|p2a: Crocalor|81\/100\n|move|p2a: Crocalor|Will-O-Wisp|p1a: Zacian|[miss]\n|-miss|p2a: Crocalor|p1a: Zacian\n|\n|upkeep\n|turn|25\n|\n|t:|1700671414\n|move|p1a: Zacian|Brick Break|p2a: Crocalor\n|-damage|p2a: Crocalor|58\/100\n|move|p2a: Crocalor|Will-O-Wisp|p1a: Zacian\n|-status|p1a: Zacian|brn\n|\n|-damage|p1a: Zacian|29\/100 brn|[from] brn\n|upkeep\n|turn|26\n|\n|t:|1700671427\n|move|p1a: Zacian|Brick Break|p2a: Crocalor\n|-damage|p2a: Crocalor|47\/100\n|move|p2a: Crocalor|Slack Off|p2a: Crocalor\n|-heal|p2a: Crocalor|97\/100\n|\n|-damage|p1a: Zacian|23\/100 brn|[from] brn\n|upkeep\n|turn|27\n|\n|t:|1700671434\n|move|p1a: Zacian|Swords Dance|p1a: Zacian\n|-boost|p1a: Zacian|atk|2\n|move|p2a: Crocalor|Flamethrower|p1a: Zacian\n|-supereffective|p1a: Zacian\n|-damage|p1a: Zacian|0 fnt\n|faint|p1a: Zacian\n|\n|upkeep\n|\n|t:|1700671439\n|switch|p1a: Miraidon|Miraidon|88\/100\n|-damage|p1a: Miraidon|76\/100|[from] Stealth Rock\n|-fieldstart|move: Electric Terrain|[from] ability: Hadron Engine|[of] p1a: Miraidon\n|turn|28\n|\n|t:|1700671457\n|-terastallize|p1a: Miraidon|Electric\n|move|p1a: Miraidon|Electro Drift|p2a: Crocalor\n|-damage|p2a: Crocalor|2\/100\n|-damage|p1a: Miraidon|66\/100|[from] item: Life Orb\n|move|p2a: Crocalor|Roar|p1a: Miraidon\n|drag|p1a: Cinderace|Cinderace, M, shiny|100\/100\n|-damage|p1a: Cinderace|76\/100|[from] Stealth Rock\n|\n|upkeep\n|turn|29\n|\n|t:|1700671479\n|move|p1a: Cinderace|Fire Punch|p2a: Crocalor\n|-resisted|p2a: Crocalor\n|-damage|p2a: Crocalor|0 fnt\n|faint|p2a: Crocalor\n|\n|upkeep\n|\n|t:|1700671484\n|switch|p2a: Dondozo|Dondozo, F|29\/100\n|turn|30\n|\n|t:|1700671488\n|move|p1a: Cinderace|Bulk Up|p1a: Cinderace\n|-start|p1a: Cinderace|typechange|Fighting|[from] ability: Libero\n|-boost|p1a: Cinderace|atk|1\n|-boost|p1a: Cinderace|def|1\n|move|p2a: Dondozo|Body Press|p1a: Cinderace\n|-damage|p1a: Cinderace|42\/100\n|\n|-heal|p2a: Dondozo|35\/100|[from] item: Leftovers\n|upkeep\n|turn|31\n|\n|t:|1700671503\n|move|p1a: Cinderace|Double-Edge|p2a: Dondozo\n|-damage|p2a: Dondozo|12\/100\n|-damage|p1a: Cinderace|29\/100|[from] Recoil\n|move|p2a: Dondozo|Body Press|p1a: Cinderace\n|-damage|p1a: Cinderace|0 fnt\n|faint|p1a: Cinderace\n|\n|-heal|p2a: Dondozo|18\/100|[from] item: Leftovers\n|upkeep\n|\n|t:|1700671506\n|switch|p1a: Miraidon|Miraidon, tera:Electric|66\/100\n|-damage|p1a: Miraidon|54\/100|[from] Stealth Rock\n|-activate|p1a: Miraidon|ability: Hadron Engine\n|turn|32\n|\n|t:|1700671519\n|move|p1a: Miraidon|Draco Meteor|p2a: Dondozo\n|-damage|p2a: Dondozo|0 fnt\n|-unboost|p1a: Miraidon|spa|2\n|faint|p2a: Dondozo\n|-damage|p1a: Miraidon|44\/100|[from] item: Life Orb\n|\n|-fieldend|move: Electric Terrain\n|upkeep\n|\n|t:|1700671528\n|switch|p2a: Quagsire|Quagsire, M|100\/100\n|turn|33\n|\n|t:|1700671531\n|move|p1a: Miraidon|Draco Meteor|p2a: Quagsire\n|-damage|p2a: Quagsire|0 fnt\n|-unboost|p1a: Miraidon|spa|2\n|faint|p2a: Quagsire\n|-damage|p1a: Miraidon|34\/100|[from] item: Life Orb\n|\n|upkeep\n|\n|t:|1700671537\n|switch|p2a: Clefable|Clefable, F|100\/100\n|turn|34\n|\n|t:|1700671541\n|move|p1a: Miraidon|Electro Drift|p2a: Clefable\n|-damage|p2a: Clefable|17\/100\n|-damage|p1a: Miraidon|24\/100|[from] item: Life Orb\n|move|p2a: Clefable|Moonblast|p1a: Miraidon\n|-damage|p1a: Miraidon|0 fnt\n|faint|p1a: Miraidon\n|\n|win|Azulblade\n|raw|Commander2022's rating: 1074 &rarr; <strong>1053<\/strong><br \/>(-21 for losing)\n|raw|Azulblade's rating: 1077 &rarr; <strong>1105<\/strong><br \/>(+28 for winning)\n|c|\u2606Commander2022|hh\n|c|\u2606Azulblade|Gg\n|c|\u2606Commander2022|gg\n|l|\u2606Commander2022\n|c|\u2606Azulblade|That was epic\n","uploadtime":1700671599,"views":6,"p1id":"commander2022","p2id":"azulblade","formatid":"gen9ubers","rating":1053,"private":0,"password":""}