{"id":"gen9ubers-1998589575","p1":"PizzaGoldfish","p2":"CoryePapaya","format":"[Gen 9] Ubers","log":"|j|\u2606PizzaGoldfish\n|j|\u2606CoryePapaya\n|t:|1700960047\n|gametype|singles\n|player|p1|PizzaGoldfish|roughneck|\n|player|p2|CoryePapaya|169|\n|teamsize|p1|6\n|teamsize|p2|6\n|gen|9\n|tier|[Gen 9] Ubers\n|rule|Sleep Clause Mod: Limit one foe put to sleep\n|rule|Species Clause: Limit one of each Pok\u00e9mon\n|rule|OHKO Clause: OHKO moves are banned\n|rule|Evasion Items Clause: Evasion items are banned\n|rule|Evasion Moves Clause: Evasion moves are banned\n|rule|Endless Battle Clause: Forcing endless battles is banned\n|rule|HP Percentage Mod: HP is shown in percentages\n|clearpoke\n|poke|p1|Baxcalibur, F|\n|poke|p1|Koraidon|\n|poke|p1|Dragapult, M|\n|poke|p1|Arceus-Fairy|\n|poke|p1|Chi-Yu|\n|poke|p1|Kingambit, F|\n|poke|p2|Palkia-Origin|\n|poke|p2|Arceus-Fairy|\n|poke|p2|Gliscor, F|\n|poke|p2|Ursaluna-Bloodmoon, M|\n|poke|p2|Espathra, F|\n|poke|p2|Zacian-*|\n|teampreview\n|\n|t:|1700960084\n|start\n|switch|p1a: Baxcalibur|Baxcalibur, F|100\/100\n|switch|p2a: Gliscor|Gliscor, F|100\/100\n|turn|1\n|\n|t:|1700960095\n|move|p2a: Gliscor|Protect|p2a: Gliscor\n|-singleturn|p2a: Gliscor|Protect\n|move|p1a: Baxcalibur|Swords Dance|p1a: Baxcalibur\n|-boost|p1a: Baxcalibur|atk|2\n|\n|-status|p2a: Gliscor|tox|[from] item: Toxic Orb\n|upkeep\n|turn|2\n|\n|t:|1700960111\n|move|p1a: Baxcalibur|Scale Shot|p2a: Gliscor\n|-damage|p2a: Gliscor|82\/100 tox\n|-damage|p2a: Gliscor|65\/100 tox\n|-damage|p2a: Gliscor|48\/100 tox\n|-damage|p2a: Gliscor|31\/100 tox\n|-damage|p2a: Gliscor|14\/100 tox\n|-hitcount|p2a: Gliscor|5\n|-unboost|p1a: Baxcalibur|def|1\n|-boost|p1a: Baxcalibur|spe|1\n|move|p2a: Gliscor|Toxic|p1a: Baxcalibur\n|-status|p1a: Baxcalibur|tox\n|\n|-damage|p1a: Baxcalibur|94\/100 tox|[from] psn\n|-heal|p2a: Gliscor|27\/100 tox|[from] ability: Poison Heal\n|upkeep\n|turn|3\n|\n|t:|1700960130\n|move|p2a: Gliscor|Protect|p2a: Gliscor\n|-singleturn|p2a: Gliscor|Protect\n|move|p1a: Baxcalibur|Icicle Spear|p2a: Gliscor\n|-activate|p2a: Gliscor|move: Protect\n|\n|-damage|p1a: Baxcalibur|82\/100 tox|[from] psn\n|-heal|p2a: Gliscor|39\/100 tox|[from] ability: Poison Heal\n|upkeep\n|turn|4\n|\n|t:|1700960141\n|switch|p2a: Arceus|Arceus-Fairy|100\/100\n|move|p1a: Baxcalibur|Icicle Spear|p2a: Arceus\n|-crit|p2a: Arceus\n|-damage|p2a: Arceus|67\/100\n|-damage|p2a: Arceus|44\/100\n|-damage|p2a: Arceus|22\/100\n|-damage|p2a: Arceus|0 fnt\n|faint|p2a: Arceus\n|-hitcount|p2: Arceus|4\n|\n|-damage|p1a: Baxcalibur|63\/100 tox|[from] psn\n|upkeep\n|\n|t:|1700960167\n|switch|p2a: Zacian|Zacian-Crowned|100\/100\n|-ability|p2a: Zacian|Intrepid Sword|boost\n|-boost|p2a: Zacian|atk|1\n|turn|5\n|\n|t:|1700960183\n|move|p1a: Baxcalibur|Icicle Spear|p2a: Zacian\n|-resisted|p2a: Zacian\n|-damage|p2a: Zacian|86\/100\n|-resisted|p2a: Zacian\n|-damage|p2a: Zacian|74\/100\n|-resisted|p2a: Zacian\n|-damage|p2a: Zacian|60\/100\n|-resisted|p2a: Zacian\n|-damage|p2a: Zacian|48\/100\n|-hitcount|p2a: Zacian|4\n|move|p2a: Zacian|Behemoth Blade|p1a: Baxcalibur\n|-supereffective|p1a: Baxcalibur\n|-damage|p1a: Baxcalibur|0 fnt\n|faint|p1a: Baxcalibur\n|\n|upkeep\n|\n|t:|1700960194\n|switch|p1a: Koraidon|Koraidon|100\/100\n|-weather|SunnyDay|[from] ability: Orichalcum Pulse|[of] p1a: Koraidon\n|-activate|p1a: Koraidon|Orichalcum Pulse|[source]\n|turn|6\n|\n|t:|1700960214\n|-terastallize|p1a: Koraidon|Fire\n|move|p2a: Zacian|Play Rough|p1a: Koraidon\n|-resisted|p1a: Koraidon\n|-damage|p1a: Koraidon|67\/100\n|move|p1a: Koraidon|Collision Course|p2a: Zacian\n|-damage|p2a: Zacian|0 fnt\n|faint|p2a: Zacian\n|\n|-weather|SunnyDay|[upkeep]\n|upkeep\n|\n|t:|1700960234\n|switch|p2a: Gliscor|Gliscor, F|39\/100 tox\n|turn|7\n|\n|t:|1700960243\n|move|p2a: Gliscor|Protect|p2a: Gliscor\n|-singleturn|p2a: Gliscor|Protect\n|move|p1a: Koraidon|Collision Course|p2a: Gliscor\n|-activate|p2a: Gliscor|move: Protect\n|\n|-weather|SunnyDay|[upkeep]\n|-heal|p2a: Gliscor|52\/100 tox|[from] ability: Poison Heal\n|upkeep\n|turn|8\n|\n|t:|1700960256\n|move|p1a: Koraidon|Collision Course|p2a: Gliscor\n|-resisted|p2a: Gliscor\n|-damage|p2a: Gliscor|20\/100 tox\n|move|p2a: Gliscor|Earthquake|p1a: Koraidon\n|-supereffective|p1a: Koraidon\n|-damage|p1a: Koraidon|5\/100\n|\n|-weather|SunnyDay|[upkeep]\n|-heal|p2a: Gliscor|32\/100 tox|[from] ability: Poison Heal\n|upkeep\n|turn|9\n|\n|t:|1700960284\n|switch|p1a: Dragapult|Dragapult, M|100\/100\n|move|p2a: Gliscor|Protect||[still]\n|-fail|p2a: Gliscor\n|\n|-weather|SunnyDay|[upkeep]\n|-heal|p2a: Gliscor|45\/100 tox|[from] ability: Poison Heal\n|upkeep\n|turn|10\n|\n|t:|1700960319\n|move|p1a: Dragapult|Dragon Darts|p2a: Gliscor\n|-damage|p2a: Gliscor|30\/100 tox\n|-anim|p1a: Dragapult|Dragon Darts|p2a: Gliscor\n|-crit|p2a: Gliscor\n|-damage|p2a: Gliscor|7\/100 tox\n|move|p2a: Gliscor|Toxic|p1a: Dragapult\n|-status|p1a: Dragapult|tox\n|\n|-weather|none\n|-damage|p1a: Dragapult|95\/100 tox|[from] psn\n|-heal|p2a: Gliscor|20\/100 tox|[from] ability: Poison Heal\n|upkeep\n|turn|11\n|\n|t:|1700960334\n|switch|p1a: Koraidon|Koraidon, tera:Fire|5\/100\n|-weather|SunnyDay|[from] ability: Orichalcum Pulse|[of] p1a: Koraidon\n|-activate|p1a: Koraidon|Orichalcum Pulse|[source]\n|move|p2a: Gliscor|Protect||[still]\n|-fail|p2a: Gliscor\n|\n|-weather|SunnyDay|[upkeep]\n|-heal|p2a: Gliscor|32\/100 tox|[from] ability: Poison Heal\n|upkeep\n|turn|12\n|\n|t:|1700960345\n|move|p2a: Gliscor|Protect|p2a: Gliscor\n|-singleturn|p2a: Gliscor|Protect\n|move|p1a: Koraidon|Flare Blitz|p2a: Gliscor\n|-activate|p2a: Gliscor|move: Protect\n|\n|-weather|SunnyDay|[upkeep]\n|-heal|p2a: Gliscor|45\/100 tox|[from] ability: Poison Heal\n|upkeep\n|turn|13\n|\n|t:|1700960354\n|switch|p1a: Arceus|Arceus-Fairy|100\/100\n|move|p2a: Gliscor|Earthquake|p1a: Arceus\n|-damage|p1a: Arceus|78\/100\n|\n|-weather|SunnyDay|[upkeep]\n|-heal|p2a: Gliscor|57\/100 tox|[from] ability: Poison Heal\n|upkeep\n|turn|14\n|\n|t:|1700960386\n|switch|p1a: Chi-Yu|Chi-Yu|100\/100\n|-ability|p1a: Chi-Yu|Beads of Ruin\n|switch|p2a: Ursaluna|Ursaluna-Bloodmoon, M|100\/100\n|\n|-weather|SunnyDay|[upkeep]\n|upkeep\n|turn|15\n|\n|t:|1700960442\n|move|p1a: Chi-Yu|Overheat|p2a: Ursaluna\n|-damage|p2a: Ursaluna|0 fnt\n|-unboost|p1a: Chi-Yu|spa|2\n|faint|p2a: Ursaluna\n|\n|-weather|none\n|upkeep\n|\n|t:|1700960467\n|switch|p2a: Palkia|Palkia-Origin|100\/100\n|-ability|p2a: Palkia|Pressure\n|turn|16\n|\n|t:|1700960479\n|switch|p1a: Dragapult|Dragapult, M|95\/100 tox\n|move|p2a: Palkia|Hydro Pump|p1a: Dragapult\n|-resisted|p1a: Dragapult\n|-damage|p1a: Dragapult|41\/100 tox\n|\n|-damage|p1a: Dragapult|35\/100 tox|[from] psn\n|upkeep\n|turn|17\n|\n|t:|1700960521\n|-terastallize|p2a: Palkia|Water\n|move|p1a: Dragapult|U-turn|p2a: Palkia\n|-damage|p2a: Palkia|74\/100\n|\n|t:|1700960530\n|switch|p1a: Koraidon|Koraidon, tera:Fire|5\/100|[from] U-turn\n|-weather|SunnyDay|[from] ability: Orichalcum Pulse|[of] p1a: Koraidon\n|-activate|p1a: Koraidon|Orichalcum Pulse|[source]\n|move|p2a: Palkia|Spacial Rend|p1a: Koraidon\n|-damage|p1a: Koraidon|0 fnt\n|faint|p1a: Koraidon\n|\n|-weather|SunnyDay|[upkeep]\n|upkeep\n|\n|t:|1700960547\n|switch|p1a: Arceus|Arceus-Fairy|78\/100\n|turn|18\n|\n|t:|1700960572\n|switch|p2a: Gliscor|Gliscor, F|57\/100 tox\n|move|p1a: Arceus|Cosmic Power|p1a: Arceus\n|-boost|p1a: Arceus|def|1\n|-boost|p1a: Arceus|spd|1\n|\n|-weather|SunnyDay|[upkeep]\n|-heal|p2a: Gliscor|69\/100 tox|[from] ability: Poison Heal\n|upkeep\n|turn|19\n|\n|t:|1700960581\n|move|p1a: Arceus|Cosmic Power|p1a: Arceus\n|-boost|p1a: Arceus|def|1\n|-boost|p1a: Arceus|spd|1\n|move|p2a: Gliscor|Toxic|p1a: Arceus\n|-status|p1a: Arceus|tox\n|\n|-weather|SunnyDay|[upkeep]\n|-damage|p1a: Arceus|72\/100 tox|[from] psn\n|-heal|p2a: Gliscor|82\/100 tox|[from] ability: Poison Heal\n|upkeep\n|turn|20\n|\n|t:|1700960596\n|move|p1a: Arceus|Cosmic Power|p1a: Arceus\n|-boost|p1a: Arceus|def|1\n|-boost|p1a: Arceus|spd|1\n|move|p2a: Gliscor|Earthquake|p1a: Arceus\n|-damage|p1a: Arceus|63\/100 tox\n|\n|-weather|SunnyDay|[upkeep]\n|-damage|p1a: Arceus|50\/100 tox|[from] psn\n|-heal|p2a: Gliscor|94\/100 tox|[from] ability: Poison Heal\n|upkeep\n|turn|21\n|\n|t:|1700960608\n|move|p2a: Gliscor|Protect|p2a: Gliscor\n|-singleturn|p2a: Gliscor|Protect\n|move|p1a: Arceus|Stored Power|p2a: Gliscor\n|-activate|p2a: Gliscor|move: Protect\n|\n|-weather|none\n|-damage|p1a: Arceus|32\/100 tox|[from] psn\n|-heal|p2a: Gliscor|100\/100 tox|[from] ability: Poison Heal\n|upkeep\n|turn|22\n|\n|t:|1700960623\n|move|p2a: Gliscor|Protect||[still]\n|-fail|p2a: Gliscor\n|move|p1a: Arceus|Stored Power|p2a: Gliscor\n|-crit|p2a: Gliscor\n|-damage|p2a: Gliscor|27\/100 tox\n|\n|-damage|p1a: Arceus|7\/100 tox|[from] psn\n|-heal|p2a: Gliscor|39\/100 tox|[from] ability: Poison Heal\n|upkeep\n|turn|23\n|\n|t:|1700960634\n|move|p2a: Gliscor|Protect|p2a: Gliscor\n|-singleturn|p2a: Gliscor|Protect\n|move|p1a: Arceus|Stored Power|p2a: Gliscor\n|-activate|p2a: Gliscor|move: Protect\n|\n|-damage|p1a: Arceus|0 fnt|[from] psn\n|faint|p1a: Arceus\n|-heal|p2a: Gliscor|52\/100 tox|[from] ability: Poison Heal\n|upkeep\n|\n|t:|1700960636\n|switch|p1a: Chi-Yu|Chi-Yu|100\/100\n|-ability|p1a: Chi-Yu|Beads of Ruin\n|turn|24\n|\n|t:|1700960652\n|switch|p2a: Palkia|Palkia-Origin, tera:Water|74\/100\n|-ability|p2a: Palkia|Pressure\n|move|p1a: Chi-Yu|Dark Pulse|p2a: Palkia\n|-damage|p2a: Palkia|0 fnt\n|faint|p2a: Palkia\n|\n|upkeep\n|\n|t:|1700960662\n|switch|p2a: Espathra|Espathra, F|100\/100\n|turn|25\n|\n|t:|1700960670\n|move|p1a: Chi-Yu|Dark Pulse|p2a: Espathra\n|-supereffective|p2a: Espathra\n|-damage|p2a: Espathra|0 fnt\n|faint|p2a: Espathra\n|\n|upkeep\n|\n|t:|1700960676\n|switch|p2a: Gliscor|Gliscor, F|52\/100 tox\n|turn|26\n|\n|t:|1700960683\n|move|p2a: Gliscor|Protect|p2a: Gliscor\n|-singleturn|p2a: Gliscor|Protect\n|move|p1a: Chi-Yu|Dark Pulse|p2a: Gliscor\n|-activate|p2a: Gliscor|move: Protect\n|\n|-heal|p2a: Gliscor|64\/100 tox|[from] ability: Poison Heal\n|upkeep\n|turn|27\n|\n|t:|1700960692\n|move|p1a: Chi-Yu|Dark Pulse|p2a: Gliscor\n|-damage|p2a: Gliscor|0 fnt\n|faint|p2a: Gliscor\n|\n|win|PizzaGoldfish\n|l|\u2606CoryePapaya\n","uploadtime":1700960705,"views":2,"p1id":"pizzagoldfish","p2id":"coryepapaya","formatid":"gen9ubers","rating":0,"private":0,"password":""}