{"id":"gen9ubers-1995108837","p1":"yokito lakaka","p2":"adrinso","format":"[Gen 9] Ubers","log":"|j|\u2606yokito lakaka\n|j|\u2606adrinso\n|t:|1700523511\n|gametype|singles\n|player|p1|yokito lakaka|janitor|1061\n|player|p2|adrinso|bugcatcher-gen4dp|1002\n|teamsize|p1|6\n|teamsize|p2|5\n|gen|9\n|tier|[Gen 9] Ubers\n|rated|\n|rule|Sleep Clause Mod: Limit one foe put to sleep\n|rule|Species Clause: Limit one of each Pok\u00e9mon\n|rule|OHKO Clause: OHKO moves are banned\n|rule|Evasion Items Clause: Evasion items are banned\n|rule|Evasion Moves Clause: Evasion moves are banned\n|rule|Endless Battle Clause: Forcing endless battles is banned\n|rule|HP Percentage Mod: HP is shown in percentages\n|clearpoke\n|poke|p1|Flutter Mane|\n|poke|p1|Grimmsnarl, M|\n|poke|p1|Arceus|\n|poke|p1|Miraidon|\n|poke|p1|Hatterene, F|\n|poke|p1|Quagsire, M|\n|poke|p2|Volcarona, M|\n|poke|p2|Gliscor, M|\n|poke|p2|Weezing-Galar, M|\n|poke|p2|Kyogre|\n|poke|p2|Lycanroc-Midnight, M|\n|teampreview\n|inactive|Battle timer is ON: inactive players will automatically lose when time's up. (requested by yokito lakaka)\n|\n|t:|1700523534\n|start\n|switch|p1a: molestio|Grimmsnarl, M|100\/100\n|switch|p2a: Gliscor|Gliscor, M|100\/100\n|turn|1\n|\n|t:|1700523544\n|move|p1a: molestio|Taunt|p2a: Gliscor\n|-start|p2a: Gliscor|move: Taunt\n|cant|p2a: Gliscor|move: Taunt|Tailwind\n|\n|-status|p2a: Gliscor|tox|[from] item: Toxic Orb\n|upkeep\n|turn|2\n|\n|t:|1700523551\n|move|p1a: molestio|Reflect|p1a: molestio\n|-sidestart|p1: yokito lakaka|Reflect\n|move|p2a: Gliscor|Knock Off|p1a: molestio\n|-resisted|p1a: molestio\n|-damage|p1a: molestio|98\/100\n|-enditem|p1a: molestio|Light Clay|[from] move: Knock Off|[of] p2a: Gliscor\n|\n|upkeep\n|turn|3\n|\n|t:|1700523564\n|move|p1a: molestio|Light Screen|p1a: molestio\n|-sidestart|p1: yokito lakaka|move: Light Screen\n|move|p2a: Gliscor|Earthquake|p1a: molestio\n|-damage|p1a: molestio|86\/100\n|\n|-end|p2a: Gliscor|move: Taunt\n|upkeep\n|turn|4\n|\n|t:|1700523574\n|move|p1a: molestio|Taunt|p2a: Gliscor\n|-start|p2a: Gliscor|move: Taunt\n|cant|p2a: Gliscor|move: Taunt|Toxic\n|\n|upkeep\n|turn|5\n|\n|t:|1700523586\n|switch|p2a: Kyogre|Kyogre|100\/100\n|-weather|RainDance|[from] ability: Drizzle|[of] p2a: Kyogre\n|move|p1a: molestio|Parting Shot|p2a: Kyogre\n|-unboost|p2a: Kyogre|atk|1\n|-unboost|p2a: Kyogre|spa|1\n|\n|t:|1700523593\n|switch|p1a: no lo dejes crecer|Arceus|100\/100|[from] Parting Shot\n|\n|-weather|RainDance|[upkeep]\n|upkeep\n|turn|6\n|\n|t:|1700523602\n|switch|p2a: Gliscor|Gliscor, M|100\/100 tox\n|move|p1a: no lo dejes crecer|Extreme Speed|p2a: Gliscor\n|-damage|p2a: Gliscor|71\/100 tox\n|\n|-weather|RainDance|[upkeep]\n|-heal|p2a: Gliscor|84\/100 tox|[from] ability: Poison Heal\n|upkeep\n|turn|7\n|\n|t:|1700523614\n|-terastallize|p1a: no lo dejes crecer|Poison\n|move|p1a: no lo dejes crecer|Cosmic Power|p1a: no lo dejes crecer\n|-boost|p1a: no lo dejes crecer|def|1\n|-boost|p1a: no lo dejes crecer|spd|1\n|move|p2a: Gliscor|Toxic|p1a: no lo dejes crecer\n|-immune|p1a: no lo dejes crecer\n|\n|-weather|RainDance|[upkeep]\n|-heal|p2a: Gliscor|96\/100 tox|[from] ability: Poison Heal\n|-sideend|p1: yokito lakaka|move: Light Screen\n|upkeep\n|turn|8\n|\n|t:|1700523626\n|move|p1a: no lo dejes crecer|Cosmic Power|p1a: no lo dejes crecer\n|-boost|p1a: no lo dejes crecer|def|1\n|-boost|p1a: no lo dejes crecer|spd|1\n|move|p2a: Gliscor|Tailwind|p2a: Gliscor\n|-sidestart|p2: adrinso|move: Tailwind\n|\n|-weather|RainDance|[upkeep]\n|-heal|p2a: Gliscor|100\/100 tox|[from] ability: Poison Heal\n|upkeep\n|turn|9\n|\n|t:|1700523635\n|move|p2a: Gliscor|Knock Off|p1a: no lo dejes crecer\n|-damage|p1a: no lo dejes crecer|96\/100\n|-enditem|p1a: no lo dejes crecer|Weakness Policy|[from] move: Knock Off|[of] p2a: Gliscor\n|move|p1a: no lo dejes crecer|Cosmic Power|p1a: no lo dejes crecer\n|-boost|p1a: no lo dejes crecer|def|1\n|-boost|p1a: no lo dejes crecer|spd|1\n|\n|-weather|none\n|-sideend|p1: yokito lakaka|Reflect\n|upkeep\n|turn|10\n|\n|t:|1700523644\n|switch|p2a: Weezing|Weezing-Galar, M|100\/100\n|move|p1a: no lo dejes crecer|Cosmic Power|p1a: no lo dejes crecer\n|-boost|p1a: no lo dejes crecer|def|1\n|-boost|p1a: no lo dejes crecer|spd|1\n|\n|upkeep\n|turn|11\n|\n|t:|1700523653\n|move|p1a: no lo dejes crecer|Stored Power|p2a: Weezing\n|-supereffective|p2a: Weezing\n|-damage|p2a: Weezing|21\/100\n|move|p2a: Weezing|Clear Smog|p1a: no lo dejes crecer\n|-resisted|p1a: no lo dejes crecer\n|-damage|p1a: no lo dejes crecer|94\/100\n|-clearboost|p1a: no lo dejes crecer\n|\n|-heal|p2a: Weezing|27\/100|[from] item: Black Sludge\n|-sideend|p2: adrinso|move: Tailwind\n|upkeep\n|turn|12\n|\n|t:|1700523665\n|switch|p2a: Gliscor|Gliscor, M|100\/100 tox\n|move|p1a: no lo dejes crecer|Extreme Speed|p2a: Gliscor\n|-damage|p2a: Gliscor|71\/100 tox\n|\n|-heal|p2a: Gliscor|83\/100 tox|[from] ability: Poison Heal\n|upkeep\n|turn|13\n|\n|t:|1700523675\n|move|p1a: no lo dejes crecer|Cosmic Power|p1a: no lo dejes crecer\n|-boost|p1a: no lo dejes crecer|def|1\n|-boost|p1a: no lo dejes crecer|spd|1\n|move|p2a: Gliscor|Earthquake|p1a: no lo dejes crecer\n|-supereffective|p1a: no lo dejes crecer\n|-damage|p1a: no lo dejes crecer|64\/100\n|\n|-heal|p2a: Gliscor|96\/100 tox|[from] ability: Poison Heal\n|upkeep\n|turn|14\n|\n|t:|1700523684\n|move|p1a: no lo dejes crecer|Cosmic Power|p1a: no lo dejes crecer\n|-boost|p1a: no lo dejes crecer|def|1\n|-boost|p1a: no lo dejes crecer|spd|1\n|move|p2a: Gliscor|Tailwind|p2a: Gliscor\n|-sidestart|p2: adrinso|move: Tailwind\n|\n|-heal|p2a: Gliscor|100\/100 tox|[from] ability: Poison Heal\n|upkeep\n|turn|15\n|\n|t:|1700523701\n|move|p2a: Gliscor|Earthquake|p1a: no lo dejes crecer\n|-supereffective|p1a: no lo dejes crecer\n|-damage|p1a: no lo dejes crecer|37\/100\n|move|p1a: no lo dejes crecer|Recover|p1a: no lo dejes crecer\n|-heal|p1a: no lo dejes crecer|87\/100\n|\n|upkeep\n|turn|16\n|\n|t:|1700523708\n|move|p2a: Gliscor|Earthquake|p1a: no lo dejes crecer\n|-supereffective|p1a: no lo dejes crecer\n|-damage|p1a: no lo dejes crecer|60\/100\n|move|p1a: no lo dejes crecer|Cosmic Power|p1a: no lo dejes crecer\n|-boost|p1a: no lo dejes crecer|def|1\n|-boost|p1a: no lo dejes crecer|spd|1\n|\n|upkeep\n|turn|17\n|\n|t:|1700523717\n|move|p2a: Gliscor|Earthquake|p1a: no lo dejes crecer\n|-supereffective|p1a: no lo dejes crecer\n|-damage|p1a: no lo dejes crecer|41\/100\n|move|p1a: no lo dejes crecer|Recover|p1a: no lo dejes crecer\n|-heal|p1a: no lo dejes crecer|91\/100\n|\n|-sideend|p2: adrinso|move: Tailwind\n|upkeep\n|turn|18\n|\n|t:|1700523726\n|move|p1a: no lo dejes crecer|Cosmic Power|p1a: no lo dejes crecer\n|-boost|p1a: no lo dejes crecer|def|1\n|-boost|p1a: no lo dejes crecer|spd|1\n|move|p2a: Gliscor|Tailwind|p2a: Gliscor\n|-sidestart|p2: adrinso|move: Tailwind\n|\n|upkeep\n|turn|19\n|\n|t:|1700523732\n|switch|p2a: Weezing|Weezing-Galar, M|27\/100\n|move|p1a: no lo dejes crecer|Cosmic Power|p1a: no lo dejes crecer\n|-boost|p1a: no lo dejes crecer|def|1\n|-boost|p1a: no lo dejes crecer|spd|1\n|\n|-heal|p2a: Weezing|33\/100|[from] item: Black Sludge\n|upkeep\n|turn|20\n|\n|t:|1700523759\n|move|p1a: no lo dejes crecer|Extreme Speed|p2a: Weezing\n|-damage|p2a: Weezing|0 fnt\n|faint|p2a: Weezing\n|\n|upkeep\n|inactive|adrinso has 120 seconds left.\n|\n|t:|1700523770\n|switch|p2a: Volcarona|Volcarona, M|100\/100\n|turn|21\n|\n|t:|1700523774\n|move|p2a: Volcarona|Quiver Dance|p2a: Volcarona\n|-boost|p2a: Volcarona|spa|1\n|-boost|p2a: Volcarona|spd|1\n|-boost|p2a: Volcarona|spe|1\n|move|p1a: no lo dejes crecer|Stored Power|p2a: Volcarona\n|-damage|p2a: Volcarona|66\/100\n|\n|-sideend|p2: adrinso|move: Tailwind\n|upkeep\n|turn|22\n|\n|t:|1700523785\n|move|p1a: no lo dejes crecer|Extreme Speed|p2a: Volcarona\n|-damage|p2a: Volcarona|0 fnt\n|-status|p1a: no lo dejes crecer|brn|[from] ability: Flame Body|[of] p2a: Volcarona\n|faint|p2a: Volcarona\n|\n|-damage|p1a: no lo dejes crecer|85\/100 brn|[from] brn\n|upkeep\n|\n|t:|1700523797\n|switch|p2a: Lycanroc|Lycanroc-Midnight, M|100\/100\n|turn|23\n|\n|t:|1700523803\n|move|p1a: no lo dejes crecer|Stored Power|p2a: Lycanroc\n|-damage|p2a: Lycanroc|26\/100\n|move|p2a: Lycanroc|Zen Headbutt|p1a: no lo dejes crecer\n|-supereffective|p1a: no lo dejes crecer\n|-damage|p1a: no lo dejes crecer|71\/100 brn\n|\n|-damage|p1a: no lo dejes crecer|65\/100 brn|[from] brn\n|upkeep\n|turn|24\n|\n|t:|1700523812\n|move|p1a: no lo dejes crecer|Stored Power|p2a: Lycanroc\n|-damage|p2a: Lycanroc|0 fnt\n|faint|p2a: Lycanroc\n|\n|-damage|p1a: no lo dejes crecer|59\/100 brn|[from] brn\n|upkeep\n|\n|t:|1700523823\n|switch|p2a: Kyogre|Kyogre|100\/100\n|-weather|RainDance|[from] ability: Drizzle|[of] p2a: Kyogre\n|turn|25\n|\n|t:|1700523830\n|move|p1a: no lo dejes crecer|Extreme Speed|p2a: Kyogre\n|-damage|p2a: Kyogre|77\/100\n|move|p2a: Kyogre|Surf|p1a: no lo dejes crecer\n|-damage|p1a: no lo dejes crecer|39\/100 brn\n|\n|-weather|RainDance|[upkeep]\n|-damage|p1a: no lo dejes crecer|33\/100 brn|[from] brn\n|upkeep\n|turn|26\n|\n|t:|1700523839\n|move|p1a: no lo dejes crecer|Recover|p1a: no lo dejes crecer\n|-heal|p1a: no lo dejes crecer|83\/100 brn\n|move|p2a: Kyogre|Thunder|p1a: no lo dejes crecer\n|-damage|p1a: no lo dejes crecer|74\/100 brn\n|\n|-weather|RainDance|[upkeep]\n|-damage|p1a: no lo dejes crecer|68\/100 brn|[from] brn\n|upkeep\n|turn|27\n|\n|t:|1700523848\n|move|p1a: no lo dejes crecer|Recover|p1a: no lo dejes crecer\n|-heal|p1a: no lo dejes crecer|100\/100 brn\n|move|p2a: Kyogre|Surf|p1a: no lo dejes crecer\n|-damage|p1a: no lo dejes crecer|81\/100 brn\n|\n|-weather|RainDance|[upkeep]\n|-damage|p1a: no lo dejes crecer|75\/100 brn|[from] brn\n|upkeep\n|turn|28\n|\n|t:|1700523859\n|move|p1a: no lo dejes crecer|Stored Power|p2a: Kyogre\n|-damage|p2a: Kyogre|37\/100\n|move|p2a: Kyogre|Surf|p1a: no lo dejes crecer\n|-damage|p1a: no lo dejes crecer|55\/100 brn\n|\n|-weather|RainDance|[upkeep]\n|-damage|p1a: no lo dejes crecer|49\/100 brn|[from] brn\n|upkeep\n|turn|29\n|\n|t:|1700523868\n|move|p1a: no lo dejes crecer|Recover|p1a: no lo dejes crecer\n|-heal|p1a: no lo dejes crecer|99\/100 brn\n|move|p2a: Kyogre|Ancient Power|p1a: no lo dejes crecer\n|-damage|p1a: no lo dejes crecer|93\/100 brn\n|\n|-weather|none\n|-damage|p1a: no lo dejes crecer|87\/100 brn|[from] brn\n|upkeep\n|turn|30\n|\n|t:|1700523878\n|move|p1a: no lo dejes crecer|Stored Power|p2a: Kyogre\n|-damage|p2a: Kyogre|0 fnt\n|faint|p2a: Kyogre\n|\n|-damage|p1a: no lo dejes crecer|81\/100 brn|[from] brn\n|upkeep\n|\n|t:|1700523883\n|switch|p2a: Gliscor|Gliscor, M|100\/100 tox\n|turn|31\n|\n|t:|1700523891\n|switch|p1a: molestio|Grimmsnarl, M|86\/100\n|move|p2a: Gliscor|Earthquake|p1a: molestio\n|-damage|p1a: molestio|61\/100\n|\n|upkeep\n|turn|32\n|\n|t:|1700523902\n|move|p1a: molestio|Parting Shot|p2a: Gliscor\n|-unboost|p2a: Gliscor|atk|1\n|-unboost|p2a: Gliscor|spa|1\n|\n|t:|1700523906\n|switch|p1a: melenaleteo|Flutter Mane|100\/100|[from] Parting Shot\n|move|p2a: Gliscor|Earthquake|p1a: melenaleteo\n|-damage|p1a: melenaleteo|56\/100\n|\n|upkeep\n|turn|33\n|\n|t:|1700523914\n|move|p1a: melenaleteo|Perish Song|p1a: melenaleteo\n|-start|p1a: melenaleteo|perish3|[silent]\n|-start|p2a: Gliscor|perish3|[silent]\n|-fieldactivate|move: Perish Song\n|move|p2a: Gliscor|Toxic|p1a: melenaleteo\n|-status|p1a: melenaleteo|tox\n|\n|-damage|p1a: melenaleteo|50\/100 tox|[from] psn\n|-start|p1a: melenaleteo|perish3\n|-start|p2a: Gliscor|perish3\n|upkeep\n|turn|34\n|\n|t:|1700523925\n|move|p1a: melenaleteo|Taunt|p2a: Gliscor\n|-start|p2a: Gliscor|move: Taunt\n|move|p2a: Gliscor|Earthquake|p1a: melenaleteo\n|-damage|p1a: melenaleteo|0 fnt\n|faint|p1a: melenaleteo\n|-end|p1a: melenaleteo|Protosynthesis|[silent]\n|\n|-start|p2a: Gliscor|perish2\n|upkeep\n|\n|t:|1700523934\n|switch|p1a: molestio|Grimmsnarl, M|61\/100\n|turn|35\n|\n|t:|1700523939\n|move|p1a: molestio|Reflect|p1a: molestio\n|-sidestart|p1: yokito lakaka|Reflect\n|move|p2a: Gliscor|Earthquake|p1a: molestio\n|-damage|p1a: molestio|52\/100\n|\n|-start|p2a: Gliscor|perish1\n|upkeep\n|turn|36\n|\n|t:|1700523947\n|move|p1a: molestio|Taunt||[still]\n|-fail|p1a: molestio\n|move|p2a: Gliscor|Earthquake|p1a: molestio\n|-damage|p1a: molestio|43\/100\n|\n|-end|p2a: Gliscor|move: Taunt\n|-start|p2a: Gliscor|perish0\n|faint|p2a: Gliscor\n|\n|win|yokito lakaka\n|upkeep\n|raw|yokito lakaka's rating: 1101 &rarr; <strong>1119<\/strong><br \/>(+18 for winning)\n|raw|adrinso's rating: 1002 &rarr; <strong>1000<\/strong><br \/>(-2 for losing)\n|l|\u2606adrinso\n","uploadtime":1700523960,"views":10,"p1id":"yokitolakaka","p2id":"adrinso","formatid":"gen9ubers","rating":1000,"private":0,"password":""}