{"id":"gen9ubers-1974322270","p1":"Atobo","p2":"SadaShidz\ufe0f","format":"[Gen 9] Ubers","log":"|j|\u2606Atobo\n|j|\u2606SadaShidz\ufe0f\n|t:|1698077769\n|gametype|singles\n|player|p1|Atobo|sonia-professor|1258\n|player|p2|SadaShidz\ufe0f|sada-ai|1269\n|teamsize|p1|6\n|teamsize|p2|6\n|gen|9\n|tier|[Gen 9] Ubers\n|rated|\n|rule|Sleep Clause Mod: Limit one foe put to sleep\n|rule|Species Clause: Limit one of each Pok\u00e9mon\n|rule|OHKO Clause: OHKO moves are banned\n|rule|Evasion Items Clause: Evasion items are banned\n|rule|Evasion Moves Clause: Evasion moves are banned\n|rule|Endless Battle Clause: Forcing endless battles is banned\n|rule|HP Percentage Mod: HP is shown in percentages\n|clearpoke\n|poke|p1|Baxcalibur, M|\n|poke|p1|Rillaboom, M|\n|poke|p1|Annihilape, M|\n|poke|p1|Lokix, M|\n|poke|p1|Giratina-Origin|\n|poke|p1|Palkia|\n|poke|p2|Ribombee, F|\n|poke|p2|Arceus-Ghost|\n|poke|p2|Ogerpon-Hearthflame, F|\n|poke|p2|Sinistcha-Masterpiece|\n|poke|p2|Ursaluna-Bloodmoon, M|\n|poke|p2|Flutter Mane|\n|teampreview\n|inactive|Battle timer is ON: inactive players will automatically lose when time's up. (requested by SadaShidz\ufe0f)\n|\n|t:|1698077778\n|start\n|switch|p1a: Giratina|Giratina-Origin|100\/100\n|switch|p2a: Mighty Bee|Ribombee, F, shiny|100\/100\n|turn|1\n|\n|t:|1698077780\n|move|p2a: Mighty Bee|Stun Spore|p1a: Giratina\n|-status|p1a: Giratina|par\n|move|p1a: Giratina|Ancient Power|p2a: Mighty Bee\n|-supereffective|p2a: Mighty Bee\n|-damage|p2a: Mighty Bee|37\/100\n|-boost|p1a: Giratina|atk|1\n|-boost|p1a: Giratina|def|1\n|-boost|p1a: Giratina|spa|1\n|-boost|p1a: Giratina|spd|1\n|-boost|p1a: Giratina|spe|1\n|\n|upkeep\n|turn|2\n|\n|t:|1698077783\n|move|p2a: Mighty Bee|Sticky Web|p1a: Giratina\n|-sidestart|p1: Atobo|move: Sticky Web\n|cant|p1a: Giratina|par\n|\n|upkeep\n|turn|3\n|\n|t:|1698077785\n|move|p2a: Mighty Bee|Moonblast|p1a: Giratina\n|-supereffective|p1a: Giratina\n|-damage|p1a: Giratina|71\/100 par\n|move|p1a: Giratina|Ancient Power|p2a: Mighty Bee\n|-supereffective|p2a: Mighty Bee\n|-damage|p2a: Mighty Bee|0 fnt\n|faint|p2a: Mighty Bee\n|\n|upkeep\n|\n|t:|1698077789\n|switch|p2a: Yamz|Arceus-Ghost, shiny|100\/100\n|turn|4\n|\n|t:|1698077791\n|move|p2a: Yamz|Calm Mind|p2a: Yamz\n|-boost|p2a: Yamz|spa|1\n|-boost|p2a: Yamz|spd|1\n|move|p1a: Giratina|Defog|p2a: Yamz\n|-unboost|p2a: Yamz|evasion|1\n|-sideend|p1: Atobo|Sticky Web|[from] move: Defog|[of] p1a: Giratina\n|\n|upkeep\n|turn|5\n|\n|t:|1698077795\n|switch|p1a: Lokix|Lokix, M|100\/100\n|move|p2a: Yamz|Judgment|p1a: Lokix\n|-resisted|p1a: Lokix\n|-damage|p1a: Lokix|31\/100\n|\n|upkeep\n|turn|6\n|\n|t:|1698077797\n|move|p1a: Lokix|First Impression|p2a: Yamz\n|-resisted|p2a: Yamz\n|-damage|p2a: Yamz|66\/100\n|-damage|p1a: Lokix|21\/100|[from] item: Life Orb\n|move|p2a: Yamz|Judgment|p1a: Lokix\n|-resisted|p1a: Lokix\n|-damage|p1a: Lokix|0 fnt\n|faint|p1a: Lokix\n|\n|upkeep\n|\n|t:|1698077801\n|switch|p1a: Rillaboom|Rillaboom, M, shiny|100\/100\n|-fieldstart|move: Grassy Terrain|[from] ability: Grassy Surge|[of] p1a: Rillaboom\n|turn|7\n|\n|t:|1698077803\n|move|p2a: Yamz|Judgment|p1a: Rillaboom\n|-damage|p1a: Rillaboom|0 fnt\n|faint|p1a: Rillaboom\n|\n|-heal|p2a: Yamz|73\/100|[from] Grassy Terrain\n|upkeep\n|\n|t:|1698077809\n|switch|p1a: Annihilape|Annihilape, M|100\/100\n|turn|8\n|\n|t:|1698077810\n|-terastallize|p1a: Annihilape|Steel\n|move|p2a: Yamz|Judgment|p1a: Annihilape\n|-damage|p1a: Annihilape|35\/100\n|move|p1a: Annihilape|Rage Fist|p2a: Yamz\n|-supereffective|p2a: Yamz\n|-crit|p2a: Yamz\n|-damage|p2a: Yamz|0 fnt\n|faint|p2a: Yamz\n|\n|-heal|p1a: Annihilape|41\/100|[from] Grassy Terrain\n|-heal|p1a: Annihilape|47\/100|[from] item: Leftovers\n|upkeep\n|\n|t:|1698077816\n|switch|p2a: Sippin Green|Sinistcha-Masterpiece, shiny|100\/100\n|turn|9\n|\n|t:|1698077819\n|switch|p1a: Giratina|Giratina-Origin|71\/100 par\n|move|p2a: Sippin Green|Strength Sap|p1a: Giratina\n|-unboost|p1a: Giratina|atk|1\n|\n|upkeep\n|turn|10\n|\n|t:|1698077822\n|move|p2a: Sippin Green|Calm Mind|p2a: Sippin Green\n|-boost|p2a: Sippin Green|spa|1\n|-boost|p2a: Sippin Green|spd|1\n|cant|p1a: Giratina|par\n|\n|upkeep\n|turn|11\n|\n|t:|1698077824\n|move|p2a: Sippin Green|Shadow Ball|p1a: Giratina\n|-supereffective|p1a: Giratina\n|-damage|p1a: Giratina|0 fnt\n|faint|p1a: Giratina\n|\n|-fieldend|move: Grassy Terrain\n|upkeep\n|\n|t:|1698077827\n|switch|p1a: Baxcalibur|Baxcalibur, M|100\/100\n|turn|12\n|\n|t:|1698077832\n|move|p1a: Baxcalibur|Icicle Spear|p2a: Sippin Green\n|-supereffective|p2a: Sippin Green\n|-damage|p2a: Sippin Green|76\/100\n|-supereffective|p2a: Sippin Green\n|-damage|p2a: Sippin Green|50\/100\n|-supereffective|p2a: Sippin Green\n|-damage|p2a: Sippin Green|21\/100\n|-supereffective|p2a: Sippin Green\n|-damage|p2a: Sippin Green|0 fnt\n|faint|p2a: Sippin Green\n|-hitcount|p2: Sippin Green|4\n|\n|upkeep\n|\n|t:|1698077837\n|switch|p2a: Ice Spice|Flutter Mane|100\/100\n|turn|13\n|\n|t:|1698077840\n|switch|p1a: Annihilape|Annihilape, M, tera:Steel|47\/100\n|move|p2a: Ice Spice|Thunder Wave|p1a: Annihilape\n|-status|p1a: Annihilape|par\n|\n|-heal|p1a: Annihilape|53\/100 par|[from] item: Leftovers\n|upkeep\n|turn|14\n|\n|t:|1698077847\n|-end|p2a: Ice Spice|Protosynthesis|[silent]\n|switch|p2a: Undead|Ursaluna-Bloodmoon, M|100\/100\n|move|p1a: Annihilape|Rage Fist|p2a: Undead\n|-immune|p2a: Undead\n|\n|-heal|p1a: Annihilape|60\/100 par|[from] item: Leftovers\n|upkeep\n|turn|15\n|\n|t:|1698077852\n|-terastallize|p2a: Undead|Ghost\n|move|p2a: Undead|Calm Mind|p2a: Undead\n|-boost|p2a: Undead|spa|1\n|-boost|p2a: Undead|spd|1\n|move|p1a: Annihilape|Drain Punch|p2a: Undead\n|-immune|p2a: Undead\n|\n|-heal|p1a: Annihilape|66\/100 par|[from] item: Leftovers\n|upkeep\n|turn|16\n|\n|t:|1698077854\n|move|p2a: Undead|Blood Moon|p1a: Annihilape\n|-resisted|p1a: Annihilape\n|-damage|p1a: Annihilape|22\/100 par\n|cant|p1a: Annihilape|par\n|\n|-heal|p1a: Annihilape|28\/100 par|[from] item: Leftovers\n|upkeep\n|turn|17\n|\n|t:|1698077856\n|move|p2a: Undead|Vacuum Wave|p1a: Annihilape\n|-supereffective|p1a: Annihilape\n|-damage|p1a: Annihilape|0 fnt\n|faint|p1a: Annihilape\n|\n|upkeep\n|\n|t:|1698077859\n|switch|p1a: Palkia|Palkia|100\/100\n|-ability|p1a: Palkia|Pressure\n|turn|18\n|\n|t:|1698077861\n|move|p1a: Palkia|Spacial Rend|p2a: Undead\n|-damage|p2a: Undead|58\/100\n|move|p2a: Undead|Blood Moon|p1a: Palkia\n|-damage|p1a: Palkia|9\/100\n|\n|-heal|p2a: Undead|64\/100|[from] item: Leftovers\n|upkeep\n|turn|19\n|\n|t:|1698077864\n|move|p2a: Undead|Vacuum Wave|p1a: Palkia\n|-damage|p1a: Palkia|0 fnt\n|faint|p1a: Palkia\n|\n|-heal|p2a: Undead|70\/100|[from] item: Leftovers\n|upkeep\n|\n|t:|1698077865\n|switch|p1a: Baxcalibur|Baxcalibur, M|100\/100\n|turn|20\n|\n|t:|1698077867\n|move|p1a: Baxcalibur|Swords Dance|p1a: Baxcalibur\n|-boost|p1a: Baxcalibur|atk|2\n|move|p2a: Undead|Blood Moon|p1a: Baxcalibur\n|-damage|p1a: Baxcalibur|0 fnt\n|faint|p1a: Baxcalibur\n|\n|win|SadaShidz\ufe0f\n|raw|Atobo's rating: 1258 &rarr; <strong>1236<\/strong><br \/>(-22 for losing)\n|raw|SadaShidz\ufe0f's rating: 1299 &rarr; <strong>1321<\/strong><br \/>(+22 for winning)\n|l|\u2606Atobo\n|c|\u2606SadaShidz\ufe0f|Gg\n","uploadtime":1698077880,"views":15,"p1id":"atobo","p2id":"sadashidz","formatid":"gen9ubers","rating":1236,"private":0,"password":""}