{"id":"gen9ubers-1991279221","p1":"Balkanized","p2":"biryanilover","format":"[Gen 9] Ubers","log":"|j|\u2606Balkanized\n|j|\u2606biryanilover\n|t:|1700063790\n|gametype|singles\n|player|p1|Balkanized|skier|1168\n|player|p2|biryanilover|266|1222\n|teamsize|p1|6\n|teamsize|p2|6\n|gen|9\n|tier|[Gen 9] Ubers\n|rated|\n|rule|Sleep Clause Mod: Limit one foe put to sleep\n|rule|Species Clause: Limit one of each Pok\u00e9mon\n|rule|OHKO Clause: OHKO moves are banned\n|rule|Evasion Items Clause: Evasion items are banned\n|rule|Evasion Moves Clause: Evasion moves are banned\n|rule|Endless Battle Clause: Forcing endless battles is banned\n|rule|HP Percentage Mod: HP is shown in percentages\n|clearpoke\n|poke|p1|Chien-Pao|\n|poke|p1|Frosmoth, F|\n|poke|p1|Baxcalibur, F|\n|poke|p1|Calyrex-Ice|\n|poke|p1|Arceus-Ice|\n|poke|p1|Ninetales-Alola, F|\n|poke|p2|Koraidon|\n|poke|p2|Zacian-*|\n|poke|p2|Volcanion|\n|poke|p2|Groudon|\n|poke|p2|Regieleki|\n|poke|p2|Kyogre|\n|teampreview\n|\n|t:|1700063812\n|start\n|switch|p1a: Baxcalibur|Baxcalibur, F|100\/100\n|switch|p2a: Volcanion|Volcanion|100\/100\n|turn|1\n|\n|t:|1700063822\n|move|p1a: Baxcalibur|Dragon Dance|p1a: Baxcalibur\n|-boost|p1a: Baxcalibur|atk|1\n|-boost|p1a: Baxcalibur|spe|1\n|move|p2a: Volcanion|Flamethrower|p1a: Baxcalibur\n|-damage|p1a: Baxcalibur|58\/100\n|-ability|p1a: Baxcalibur|Thermal Exchange|boost\n|-boost|p1a: Baxcalibur|atk|1\n|\n|upkeep\n|turn|2\n|inactive|Battle timer is ON: inactive players will automatically lose when time's up. (requested by biryanilover)\n|\n|t:|1700063830\n|move|p1a: Baxcalibur|Dragon Dance|p1a: Baxcalibur\n|-boost|p1a: Baxcalibur|atk|1\n|-boost|p1a: Baxcalibur|spe|1\n|move|p2a: Volcanion|Flamethrower|p1a: Baxcalibur\n|-damage|p1a: Baxcalibur|16\/100\n|-ability|p1a: Baxcalibur|Thermal Exchange|boost\n|-boost|p1a: Baxcalibur|atk|1\n|\n|upkeep\n|turn|3\n|\n|t:|1700063837\n|move|p1a: Baxcalibur|Earthquake|p2a: Volcanion\n|-supereffective|p2a: Volcanion\n|-damage|p2a: Volcanion|0 fnt\n|faint|p2a: Volcanion\n|\n|upkeep\n|\n|t:|1700063853\n|switch|p2a: Groudon|Groudon|100\/100\n|-weather|SunnyDay|[from] ability: Drought|[of] p2a: Groudon\n|turn|4\n|\n|t:|1700063863\n|move|p1a: Baxcalibur|Glaive Rush|p2a: Groudon\n|-damage|p2a: Groudon|0 fnt\n|-singlemove|p1a: Baxcalibur|Glaive Rush|[silent]\n|faint|p2a: Groudon\n|\n|-weather|SunnyDay|[upkeep]\n|upkeep\n|\n|t:|1700063867\n|switch|p2a: Regieleki|Regieleki|100\/100\n|-item|p2a: Regieleki|Air Balloon\n|turn|5\n|\n|t:|1700063877\n|move|p1a: Baxcalibur|Ice Shard|p2a: Regieleki\n|-damage|p2a: Regieleki|0 fnt\n|-enditem|p2a: Regieleki|Air Balloon\n|faint|p2a: Regieleki\n|\n|-weather|SunnyDay|[upkeep]\n|upkeep\n|\n|t:|1700063883\n|switch|p2a: Kyogre|Kyogre, shiny|100\/100\n|-weather|RainDance|[from] ability: Drizzle|[of] p2a: Kyogre\n|turn|6\n|\n|t:|1700063892\n|move|p1a: Baxcalibur|Glaive Rush|p2a: Kyogre\n|-damage|p2a: Kyogre|0 fnt\n|-singlemove|p1a: Baxcalibur|Glaive Rush|[silent]\n|faint|p2a: Kyogre\n|\n|-weather|RainDance|[upkeep]\n|upkeep\n|\n|t:|1700063896\n|switch|p2a: Zacian|Zacian-Crowned|100\/100\n|-ability|p2a: Zacian|Intrepid Sword|boost\n|-boost|p2a: Zacian|atk|1\n|turn|7\n|\n|t:|1700063899\n|move|p1a: Baxcalibur|Earthquake|p2a: Zacian\n|-supereffective|p2a: Zacian\n|-damage|p2a: Zacian|0 fnt\n|faint|p2a: Zacian\n|\n|-weather|RainDance|[upkeep]\n|upkeep\n|\n|t:|1700063902\n|switch|p2a: Koraidon|Koraidon|100\/100\n|-weather|SunnyDay|[from] ability: Orichalcum Pulse|[of] p2a: Koraidon\n|-activate|p2a: Koraidon|Orichalcum Pulse|[source]\n|turn|8\n|\n|t:|1700063907\n|move|p1a: Baxcalibur|Glaive Rush|p2a: Koraidon\n|-supereffective|p2a: Koraidon\n|-damage|p2a: Koraidon|0 fnt\n|-singlemove|p1a: Baxcalibur|Glaive Rush|[silent]\n|faint|p2a: Koraidon\n|\n|win|Balkanized\n|raw|Balkanized's rating: 1168 &rarr; <strong>1197<\/strong><br \/>(+29 for winning)\n|raw|biryanilover's rating: 1222 &rarr; <strong>1193<\/strong><br \/>(-29 for losing)\n|l|\u2606biryanilover\n","uploadtime":1700063922,"views":6,"p1id":"balkanized","p2id":"biryanilover","formatid":"gen9ubers","rating":1193,"private":0,"password":""}