{"id":"gen9ubers-1979716646","p1":"jakewwwwwww","p2":"TheOtakuOutcast","format":"[Gen 9] Ubers","log":"|j|\u2606jakewwwwwww\n|j|\u2606TheOtakuOutcast\n|t:|1698706066\n|gametype|singles\n|player|p1|jakewwwwwww|2|\n|player|p2|TheOtakuOutcast|170|\n|teamsize|p1|6\n|teamsize|p2|6\n|gen|9\n|tier|[Gen 9] Ubers\n|rule|Sleep Clause Mod: Limit one foe put to sleep\n|rule|Species Clause: Limit one of each Pok\u00e9mon\n|rule|OHKO Clause: OHKO moves are banned\n|rule|Evasion Items Clause: Evasion items are banned\n|rule|Evasion Moves Clause: Evasion moves are banned\n|rule|Endless Battle Clause: Forcing endless battles is banned\n|rule|HP Percentage Mod: HP is shown in percentages\n|clearpoke\n|poke|p1|Corviknight, M|\n|poke|p1|Cinderace, F|\n|poke|p1|Noivern, M|\n|poke|p1|Mamoswine, F|\n|poke|p1|Iron Valiant|\n|poke|p1|Zarude-Dada|\n|poke|p2|Weezing-Galar, M|\n|poke|p2|Delphox, F|\n|poke|p2|Gholdengo|\n|poke|p2|Ogerpon-Cornerstone, F|\n|poke|p2|Hawlucha, F|\n|poke|p2|Wigglytuff, M|\n|teampreview\n|j| NEdgyman\n|j| Seior\n|j| Swagadile\n|l| Swagadile\n|j| So Threatening\n|\n|t:|1698706168\n|start\n|switch|p1a: Otis\/Carl|Mamoswine, F|100\/100\n|switch|p2a: Wigglytuff|Wigglytuff, M|100\/100\n|-item|p1a: Otis\/Carl|Choice Scarf|[from] ability: Frisk|[of] p2a: Wigglytuff|[identify]\n|turn|1\n|\n|t:|1698706186\n|move|p1a: Otis\/Carl|Earthquake|p2a: Wigglytuff\n|-damage|p2a: Wigglytuff|30\/100\n|move|p2a: Wigglytuff|Stealth Rock|p1a: Otis\/Carl\n|-sidestart|p1: jakewwwwwww|move: Stealth Rock\n|\n|-heal|p2a: Wigglytuff|36\/100|[from] item: Leftovers\n|upkeep\n|turn|2\n|\n|t:|1698706197\n|move|p1a: Otis\/Carl|Earthquake|p2a: Wigglytuff\n|-crit|p2a: Wigglytuff\n|-damage|p2a: Wigglytuff|0 fnt\n|faint|p2a: Wigglytuff\n|\n|upkeep\n|j| Swagadile\n|\n|t:|1698706251\n|switch|p2a: Hawlucha|Hawlucha, F|100\/100\n|turn|3\n|\n|t:|1698706261\n|switch|p1a: Pendulum|Corviknight, M|100\/100\n|-damage|p1a: Pendulum|88\/100|[from] Stealth Rock\n|-ability|p1a: Pendulum|Pressure\n|move|p2a: Hawlucha|Close Combat|p1a: Pendulum\n|-damage|p1a: Pendulum|57\/100\n|-unboost|p2a: Hawlucha|def|1\n|-unboost|p2a: Hawlucha|spd|1\n|\n|-heal|p1a: Pendulum|63\/100|[from] item: Leftovers\n|upkeep\n|turn|4\n|\n|t:|1698706278\n|switch|p2a: Weezing|Weezing-Galar, M|100\/100\n|-fieldstart|move: Misty Terrain|[from] ability: Misty Surge|[of] p2a: Weezing\n|move|p1a: Pendulum|Roost|p1a: Pendulum\n|-heal|p1a: Pendulum|100\/100\n|-singleturn|p1a: Pendulum|move: Roost\n|\n|upkeep\n|turn|5\n|\n|t:|1698706291\n|move|p1a: Pendulum|U-turn|p2a: Weezing\n|-resisted|p2a: Weezing\n|-damage|p2a: Weezing|98\/100\n|\n|t:|1698706294\n|switch|p1a: Kick|Cinderace, F|100\/100|[from] U-turn\n|move|p2a: Weezing|Flamethrower|p1a: Kick\n|-resisted|p1a: Kick\n|-damage|p1a: Kick|88\/100\n|\n|-heal|p2a: Weezing|100\/100|[from] item: Black Sludge\n|upkeep\n|turn|6\n|\n|t:|1698706311\n|move|p1a: Kick|Court Change|p1a: Kick\n|-start|p1a: Kick|typechange|Normal|[from] ability: Libero\n|-swapsideconditions\n|-activate|p1a: Kick|move: Court Change\n|move|p2a: Weezing|Strange Steam|p1a: Kick\n|-damage|p1a: Kick|50\/100\n|\n|upkeep\n|turn|7\n|\n|t:|1698706338\n|move|p1a: Kick|U-turn|p2a: Weezing\n|-resisted|p2a: Weezing\n|-damage|p2a: Weezing|97\/100\n|\n|t:|1698706342\n|switch|p1a: Otis\/Carl|Mamoswine, F|100\/100|[from] U-turn\n|move|p2a: Weezing|Strange Steam|p1a: Otis\/Carl\n|-damage|p1a: Otis\/Carl|64\/100\n|\n|-heal|p2a: Weezing|100\/100|[from] item: Black Sludge\n|upkeep\n|turn|8\n|\n|t:|1698706400\n|move|p1a: Otis\/Carl|Earthquake|p2a: Weezing\n|-supereffective|p2a: Weezing\n|-damage|p2a: Weezing|32\/100\n|move|p2a: Weezing|Strange Steam|p1a: Otis\/Carl\n|-damage|p1a: Otis\/Carl|28\/100\n|\n|-heal|p2a: Weezing|38\/100|[from] item: Black Sludge\n|-fieldend|Misty Terrain\n|upkeep\n|turn|9\n|\n|t:|1698706413\n|switch|p2a: Hawlucha|Hawlucha, F|100\/100\n|-damage|p2a: Hawlucha|88\/100|[from] Stealth Rock\n|move|p1a: Otis\/Carl|Earthquake|p2a: Hawlucha\n|-immune|p2a: Hawlucha\n|\n|upkeep\n|turn|10\n|\n|t:|1698706422\n|switch|p1a: Pendulum|Corviknight, M|100\/100\n|-ability|p1a: Pendulum|Pressure\n|switch|p2a: Weezing|Weezing-Galar, M|38\/100\n|-damage|p2a: Weezing|26\/100|[from] Stealth Rock\n|-fieldstart|move: Misty Terrain|[from] ability: Misty Surge|[of] p2a: Weezing\n|\n|-heal|p2a: Weezing|32\/100|[from] item: Black Sludge\n|upkeep\n|turn|11\n|\n|t:|1698706433\n|move|p1a: Pendulum|Iron Head|p2a: Weezing\n|-supereffective|p2a: Weezing\n|-damage|p2a: Weezing|0 fnt\n|faint|p2a: Weezing\n|\n|upkeep\n|c| Swagadile|Fuck iron head is a really good tech\n|c| NEdgyman|she must be tera steel the way she give me iron head\n|\n|t:|1698706476\n|switch|p2a: Delphox|Delphox, F|100\/100\n|-damage|p2a: Delphox|76\/100|[from] Stealth Rock\n|-enditem|p2a: Delphox|Misty Seed\n|-boost|p2a: Delphox|spd|1|[from] item: Misty Seed\n|turn|12\n|\n|t:|1698706500\n|switch|p1a: Rapture Chaser|Noivern, M|100\/100\n|move|p2a: Delphox|Agility|p2a: Delphox\n|-boost|p2a: Delphox|spe|2\n|\n|upkeep\n|turn|13\n|\n|t:|1698706552\n|-terastallize|p2a: Delphox|Fairy\n|move|p2a: Delphox|Dazzling Gleam|p1a: Rapture Chaser\n|-supereffective|p1a: Rapture Chaser\n|-damage|p1a: Rapture Chaser|0 fnt\n|faint|p1a: Rapture Chaser\n|\n|upkeep\n|\n|t:|1698706566\n|switch|p1a: Generation Loss|Zarude-Dada|100\/100\n|turn|14\n|\n|t:|1698706623\n|-terastallize|p1a: Generation Loss|Fire\n|move|p2a: Delphox|Dazzling Gleam|p1a: Generation Loss\n|-resisted|p1a: Generation Loss\n|-damage|p1a: Generation Loss|75\/100\n|-item|p2a: Delphox|Choice Band|[from] ability: Magician|[of] p1a: Generation Loss\n|move|p1a: Generation Loss|Tera Blast|p2a: Delphox|[anim] Tera Blast Fire\n|-damage|p2a: Delphox|16\/100\n|\n|-fieldend|Misty Terrain\n|upkeep\n|turn|15\n|c| NEdgyman|bruh\n|\n|t:|1698706647\n|move|p2a: Delphox|Dazzling Gleam|p1a: Generation Loss\n|-resisted|p1a: Generation Loss\n|-crit|p1a: Generation Loss\n|-damage|p1a: Generation Loss|36\/100\n|move|p1a: Generation Loss|Tera Blast|p2a: Delphox|[anim] Tera Blast Fire\n|-damage|p2a: Delphox|0 fnt\n|faint|p2a: Delphox\n|\n|upkeep\n|\n|t:|1698706676\n|switch|p2a: Hawlucha|Hawlucha, F|88\/100\n|-damage|p2a: Hawlucha|76\/100|[from] Stealth Rock\n|turn|16\n|\n|t:|1698706685\n|move|p1a: Generation Loss|Tera Blast|p2a: Hawlucha|[anim] Tera Blast Fire\n|-damage|p2a: Hawlucha|32\/100\n|move|p2a: Hawlucha|Swords Dance|p2a: Hawlucha\n|-boost|p2a: Hawlucha|atk|2\n|\n|upkeep\n|turn|17\n|\n|t:|1698706698\n|move|p1a: Generation Loss|Tera Blast|p2a: Hawlucha|[anim] Tera Blast Fire\n|-damage|p2a: Hawlucha|0 fnt\n|faint|p2a: Hawlucha\n|\n|upkeep\n|\n|t:|1698706699\n|switch|p2a: Gholdengo|Gholdengo|100\/100\n|-damage|p2a: Gholdengo|94\/100|[from] Stealth Rock\n|turn|18\n|l| So Threatening\n|\n|t:|1698706707\n|move|p2a: Gholdengo|Shadow Ball|p1a: Generation Loss\n|-damage|p1a: Generation Loss|0 fnt\n|faint|p1a: Generation Loss\n|\n|upkeep\n|\n|t:|1698706722\n|switch|p1a: Clean-Up Crew|Iron Valiant|100\/100\n|-enditem|p1a: Clean-Up Crew|Booster Energy\n|-activate|p1a: Clean-Up Crew|ability: Quark Drive|[fromitem]\n|-start|p1a: Clean-Up Crew|quarkdriveatk\n|turn|19\n|\n|t:|1698706729\n|switch|p2a: Ogerpon|Ogerpon-Cornerstone, F|100\/100\n|-damage|p2a: Ogerpon|88\/100|[from] Stealth Rock\n|move|p1a: Clean-Up Crew|Knock Off|p2a: Ogerpon\n|-damage|p2a: Ogerpon|51\/100\n|\n|upkeep\n|turn|20\n|\n|t:|1698706741\n|move|p1a: Clean-Up Crew|Close Combat|p2a: Ogerpon\n|-supereffective|p2a: Ogerpon\n|-damage|p2a: Ogerpon|0 fnt\n|-unboost|p1a: Clean-Up Crew|def|1\n|-unboost|p1a: Clean-Up Crew|spd|1\n|faint|p2a: Ogerpon\n|\n|upkeep\n|\n|t:|1698706744\n|switch|p2a: Gholdengo|Gholdengo|94\/100\n|-damage|p2a: Gholdengo|88\/100|[from] Stealth Rock\n|turn|21\n|\n|t:|1698706758\n|-end|p1a: Clean-Up Crew|Quark Drive|[silent]\n|switch|p1a: Pendulum|Corviknight, M|100\/100\n|-ability|p1a: Pendulum|Pressure\n|move|p2a: Gholdengo|Shadow Ball|p1a: Pendulum\n|-damage|p1a: Pendulum|61\/100\n|\n|-heal|p1a: Pendulum|67\/100|[from] item: Leftovers\n|upkeep\n|turn|22\n|\n|t:|1698706772\n|move|p2a: Gholdengo|Shadow Ball|p1a: Pendulum\n|-damage|p1a: Pendulum|27\/100\n|move|p1a: Pendulum|U-turn|p2a: Gholdengo\n|-resisted|p2a: Gholdengo\n|-damage|p2a: Gholdengo|84\/100\n|\n|t:|1698706778\n|switch|p1a: Clean-Up Crew|Iron Valiant|100\/100|[from] U-turn\n|\n|upkeep\n|turn|23\n|\n|t:|1698706783\n|move|p2a: Gholdengo|Shadow Ball|p1a: Clean-Up Crew\n|-damage|p1a: Clean-Up Crew|32\/100\n|move|p1a: Clean-Up Crew|Knock Off|p2a: Gholdengo\n|-supereffective|p2a: Gholdengo\n|-damage|p2a: Gholdengo|3\/100\n|-enditem|p2a: Gholdengo|Choice Scarf|[from] move: Knock Off|[of] p1a: Clean-Up Crew\n|\n|upkeep\n|turn|24\n|\n|t:|1698706791\n|move|p1a: Clean-Up Crew|Knock Off|p2a: Gholdengo\n|-supereffective|p2a: Gholdengo\n|-damage|p2a: Gholdengo|0 fnt\n|faint|p2a: Gholdengo\n|\n|win|jakewwwwwww\n|c|\u2606jakewwwwwww|gg\n|c|\u2606TheOtakuOutcast|gg\n|l| Swagadile\n","uploadtime":1698706807,"views":23,"p1id":"jakewwwwwww","p2id":"theotakuoutcast","formatid":"gen9ubers","rating":0,"private":0,"password":""}