{"id":"gen9ubers-1977218277","p1":"Kabunger","p2":"Finchely","format":"[Gen 9] Ubers","log":"|j|\u2606Kabunger\n|j|\u2606Finchely\n|t:|1698388540\n|gametype|singles\n|player|p1|Kabunger|hilda-wonderlauncher|\n|player|p2|Finchely|acetrainerf|\n|teamsize|p1|6\n|teamsize|p2|6\n|gen|9\n|tier|[Gen 9] Ubers\n|rule|Sleep Clause Mod: Limit one foe put to sleep\n|rule|Species Clause: Limit one of each Pok\u00e9mon\n|rule|OHKO Clause: OHKO moves are banned\n|rule|Evasion Items Clause: Evasion items are banned\n|rule|Evasion Moves Clause: Evasion moves are banned\n|rule|Endless Battle Clause: Forcing endless battles is banned\n|rule|HP Percentage Mod: HP is shown in percentages\n|clearpoke\n|poke|p1|Grafaiai, F|\n|poke|p1|Zacian-*|\n|poke|p1|Palkia-Origin|\n|poke|p1|Palafin, F|\n|poke|p1|Magearna|\n|poke|p1|Talonflame, F|\n|poke|p2|Torterra, F|\n|poke|p2|Cyclizar, F|\n|poke|p2|Moltres|\n|poke|p2|Blissey, F|\n|poke|p2|Clefable, M|\n|poke|p2|Gliscor, M|\n|teampreview\n|inactive|Battle timer is ON: inactive players will automatically lose when time's up. (requested by Kabunger)\n|\n|t:|1698388557\n|start\n|switch|p1a: Palafin|Palafin, F|100\/100\n|switch|p2a: Gliscor|Gliscor, M|100\/100\n|turn|1\n|\n|t:|1698388563\n|move|p1a: Palafin|Encore||[still]\n|-fail|p1a: Palafin\n|move|p2a: Gliscor|Toxic|p1a: Palafin\n|-status|p1a: Palafin|tox\n|\n|-damage|p1a: Palafin|94\/100 tox|[from] psn\n|-status|p2a: Gliscor|tox|[from] item: Toxic Orb\n|upkeep\n|turn|2\n|c|\u2606Finchely|Already the fire sets\n|\n|t:|1698388589\n|move|p1a: Palafin|Wave Crash|p2a: Gliscor\n|-supereffective|p2a: Gliscor\n|-damage|p2a: Gliscor|48\/100 tox\n|-damage|p1a: Palafin|79\/100 tox|[from] Recoil\n|move|p2a: Gliscor|Earthquake|p1a: Palafin\n|-damage|p1a: Palafin|43\/100 tox\n|\n|-damage|p1a: Palafin|31\/100 tox|[from] psn\n|-heal|p2a: Gliscor|60\/100 tox|[from] ability: Poison Heal\n|upkeep\n|turn|3\n|\n|t:|1698388593\n|detailschange|p1a: Palafin|Palafin-Hero, F\n|switch|p1a: Talonflame|Talonflame, F|100\/100\n|move|p2a: Gliscor|Protect||[still]\n|-fail|p2a: Gliscor\n|\n|-heal|p2a: Gliscor|73\/100 tox|[from] ability: Poison Heal\n|upkeep\n|turn|4\n|\n|t:|1698388598\n|move|p1a: Talonflame|Flamethrower|p2a: Gliscor\n|-damage|p2a: Gliscor|46\/100 tox\n|move|p2a: Gliscor|Toxic|p1a: Talonflame\n|-status|p1a: Talonflame|tox\n|\n|-damage|p1a: Talonflame|94\/100 tox|[from] psn\n|-heal|p2a: Gliscor|58\/100 tox|[from] ability: Poison Heal\n|upkeep\n|turn|5\n|\n|t:|1698388605\n|switch|p1a: Palkia|Palkia-Origin|100\/100\n|-ability|p1a: Palkia|Pressure\n|move|p2a: Gliscor|Protect||[still]\n|-fail|p2a: Gliscor\n|\n|-heal|p2a: Gliscor|71\/100 tox|[from] ability: Poison Heal\n|upkeep\n|turn|6\n|\n|t:|1698388611\n|switch|p2a: Blissey|Blissey, F, shiny|100\/100\n|move|p1a: Palkia|Substitute|p1a: Palkia\n|-start|p1a: Palkia|Substitute\n|-damage|p1a: Palkia|76\/100\n|\n|upkeep\n|turn|7\n|\n|t:|1698388614\n|move|p1a: Palkia|Spacial Rend|p2a: Blissey\n|-damage|p2a: Blissey|81\/100\n|move|p2a: Blissey|Calm Mind|p2a: Blissey\n|-boost|p2a: Blissey|spa|1\n|-boost|p2a: Blissey|spd|1\n|\n|upkeep\n|turn|8\n|\n|t:|1698388618\n|move|p1a: Palkia|Spacial Rend|p2a: Blissey\n|-crit|p2a: Blissey\n|-damage|p2a: Blissey|55\/100\n|move|p2a: Blissey|Seismic Toss|p1a: Palkia\n|-end|p1a: Palkia|Substitute\n|\n|upkeep\n|turn|9\n|\n|t:|1698388625\n|switch|p1a: AIYAH GG'S|Grafaiai, F|100\/100\n|move|p2a: Blissey|Calm Mind|p2a: Blissey\n|-boost|p2a: Blissey|spa|1\n|-boost|p2a: Blissey|spd|1\n|\n|upkeep\n|turn|10\n|\n|t:|1698388632\n|switch|p2a: Gliscor|Gliscor, M|71\/100 tox\n|move|p1a: AIYAH GG'S|Switcheroo|p2a: Gliscor\n|-activate|p1a: AIYAH GG'S|move: Trick|[of] p2a: Gliscor\n|-item|p2a: Gliscor|Choice Band|[from] move: Switcheroo\n|-item|p1a: AIYAH GG'S|Toxic Orb|[from] move: Switcheroo\n|\n|-heal|p2a: Gliscor|83\/100 tox|[from] ability: Poison Heal\n|upkeep\n|turn|11\n|\n|t:|1698388655\n|switch|p1a: Talonflame|Talonflame, F|94\/100 tox\n|move|p2a: Gliscor|Toxic Spikes|p1a: Talonflame\n|-sidestart|p1: Kabunger|move: Toxic Spikes\n|\n|-damage|p1a: Talonflame|88\/100 tox|[from] psn\n|-heal|p2a: Gliscor|95\/100 tox|[from] ability: Poison Heal\n|upkeep\n|turn|12\n|\n|t:|1698388661\n|switch|p2a: Blissey|Blissey, F, shiny|55\/100\n|move|p1a: Talonflame|Will-O-Wisp|p2a: Blissey\n|-status|p2a: Blissey|brn\n|\n|-damage|p1a: Talonflame|76\/100 tox|[from] psn\n|-damage|p2a: Blissey|49\/100 brn|[from] brn\n|upkeep\n|turn|13\n|\n|t:|1698388664\n|move|p1a: Talonflame|Defog|p2a: Blissey\n|-unboost|p2a: Blissey|evasion|1\n|-sideend|p1: Kabunger|Toxic Spikes|[from] move: Defog|[of] p1a: Talonflame\n|move|p2a: Blissey|Soft-Boiled|p2a: Blissey\n|-heal|p2a: Blissey|99\/100 brn\n|\n|-damage|p1a: Talonflame|57\/100 tox|[from] psn\n|-damage|p2a: Blissey|92\/100 brn|[from] brn\n|upkeep\n|turn|14\n|\n|t:|1698388669\n|-curestatus|p2a: Blissey|brn|[from] ability: Natural Cure\n|switch|p2a: Cyclizar|Cyclizar, F|100\/100\n|move|p1a: Talonflame|Roost|p1a: Talonflame\n|-heal|p1a: Talonflame|100\/100 tox\n|-singleturn|p1a: Talonflame|move: Roost\n|\n|-damage|p1a: Talonflame|76\/100 tox|[from] psn\n|upkeep\n|turn|15\n|\n|t:|1698388673\n|switch|p1a: AIYAH GG'S|Grafaiai, F|100\/100\n|move|p2a: Cyclizar|Shed Tail|p2a: Cyclizar\n|-start|p2a: Cyclizar|Substitute|[from] move: Shed Tail\n|-damage|p2a: Cyclizar|50\/100\n|\n|t:|1698388680\n|switch|p2a: Torterra|Torterra, F, shiny|100\/100|[from] Shed Tail\n|\n|upkeep\n|turn|16\n|\n|t:|1698388683\n|move|p1a: AIYAH GG'S|Copycat|p1a: AIYAH GG'S\n|move|p1a: AIYAH GG'S|Shed Tail|p1a: AIYAH GG'S|[from]move: Copycat\n|-start|p1a: AIYAH GG'S|Substitute|[from] move: Shed Tail\n|-damage|p1a: AIYAH GG'S|50\/100\n|\n|t:|1698388689\n|switch|p1a: Talonflame|Talonflame, F|76\/100 tox|[from] Shed Tail\n|move|p2a: Torterra|Headlong Rush|p1a: Talonflame\n|-immune|p1a: Talonflame\n|\n|-damage|p1a: Talonflame|69\/100 tox|[from] psn\n|upkeep\n|turn|17\n|\n|t:|1698388692\n|move|p1a: Talonflame|Flamethrower|p2a: Torterra\n|-supereffective|p2a: Torterra\n|-end|p2a: Torterra|Substitute\n|move|p2a: Torterra|Rock Blast|p1a: Talonflame\n|-supereffective|p1a: Talonflame\n|-end|p1a: Talonflame|Substitute\n|-supereffective|p1a: Talonflame\n|-damage|p1a: Talonflame|40\/100 tox\n|-supereffective|p1a: Talonflame\n|-damage|p1a: Talonflame|9\/100 tox\n|-supereffective|p1a: Talonflame\n|-damage|p1a: Talonflame|0 fnt\n|faint|p1a: Talonflame\n|-hitcount|p1: Talonflame|4\n|\n|upkeep\n|\n|t:|1698388697\n|switch|p1a: Palkia|Palkia-Origin|76\/100\n|-ability|p1a: Palkia|Pressure\n|turn|18\n|\n|t:|1698388702\n|switch|p2a: Blissey|Blissey, F, shiny|92\/100\n|move|p1a: Palkia|Spacial Rend|p2a: Blissey\n|-damage|p2a: Blissey|73\/100\n|\n|upkeep\n|turn|19\n|\n|t:|1698388706\n|switch|p1a: AIYAH GG'S|Grafaiai, F|50\/100\n|move|p2a: Blissey|Calm Mind|p2a: Blissey\n|-boost|p2a: Blissey|spa|1\n|-boost|p2a: Blissey|spd|1\n|\n|upkeep\n|turn|20\n|\n|t:|1698388714\n|switch|p2a: Gliscor|Gliscor, M|95\/100 tox\n|move|p1a: AIYAH GG'S|Gunk Shot|p2a: Gliscor\n|-resisted|p2a: Gliscor\n|-damage|p2a: Gliscor|78\/100 tox\n|\n|-heal|p2a: Gliscor|91\/100 tox|[from] ability: Poison Heal\n|upkeep\n|turn|21\n|\n|t:|1698388728\n|switch|p1a: Palkia|Palkia-Origin|76\/100\n|-ability|p1a: Palkia|Pressure\n|move|p2a: Gliscor|Toxic Spikes|p1a: Palkia\n|-sidestart|p1: Kabunger|move: Toxic Spikes\n|\n|-heal|p2a: Gliscor|100\/100 tox|[from] ability: Poison Heal\n|upkeep\n|turn|22\n|\n|t:|1698388734\n|switch|p1a: Palafin|Palafin-Hero, F|31\/100 tox\n|-activate|p1a: Palafin|ability: Zero to Hero\n|switch|p2a: Blissey|Blissey, F, shiny|73\/100\n|\n|-damage|p1a: Palafin|25\/100 tox|[from] psn\n|upkeep\n|turn|23\n|\n|t:|1698388750\n|switch|p2a: Clefable|Clefable, M|100\/100\n|move|p1a: Palafin|Close Combat|p2a: Clefable\n|-resisted|p2a: Clefable\n|-damage|p2a: Clefable|79\/100\n|-unboost|p1a: Palafin|def|1\n|-unboost|p1a: Palafin|spd|1\n|\n|-heal|p2a: Clefable|85\/100|[from] item: Leftovers\n|-damage|p1a: Palafin|13\/100 tox|[from] psn\n|upkeep\n|turn|24\n|\n|t:|1698388755\n|switch|p1a: Magearna|Magearna|100\/100\n|move|p2a: Clefable|Protect||[still]\n|-fail|p2a: Clefable\n|\n|-heal|p2a: Clefable|91\/100|[from] item: Leftovers\n|upkeep\n|turn|25\n|\n|t:|1698388761\n|move|p1a: Magearna|Volt Switch|p2a: Clefable\n|-damage|p2a: Clefable|68\/100\n|\n|t:|1698388765\n|switch|p1a: AIYAH GG'S|Grafaiai, F|50\/100|[from] Volt Switch\n|-sideend|p1: Kabunger|move: Toxic Spikes|[of] p1a: AIYAH GG'S\n|move|p2a: Clefable|Wish|p2a: Clefable\n|\n|-heal|p2a: Clefable|74\/100|[from] item: Leftovers\n|upkeep\n|turn|26\n|\n|t:|1698388786\n|switch|p2a: Gliscor|Gliscor, M|100\/100 tox\n|move|p1a: AIYAH GG'S|Switcheroo|p2a: Gliscor\n|-activate|p1a: AIYAH GG'S|move: Trick|[of] p2a: Gliscor\n|-item|p2a: Gliscor|Toxic Orb|[from] move: Switcheroo\n|-item|p1a: AIYAH GG'S|Choice Band|[from] move: Switcheroo\n|\n|upkeep\n|turn|27\n|\n|t:|1698388795\n|switch|p1a: Palkia|Palkia-Origin|76\/100\n|-ability|p1a: Palkia|Pressure\n|move|p2a: Gliscor|Earthquake|p1a: Palkia\n|-damage|p1a: Palkia|44\/100\n|\n|upkeep\n|turn|28\n|\n|t:|1698388802\n|move|p2a: Gliscor|Protect|p2a: Gliscor\n|-singleturn|p2a: Gliscor|Protect\n|move|p1a: Palkia|Surf|p2a: Gliscor\n|-activate|p2a: Gliscor|move: Protect\n|\n|upkeep\n|turn|29\n|\n|t:|1698388808\n|switch|p1a: Zacian|Zacian|100\/100\n|-ability|p1a: Zacian|Intrepid Sword|boost\n|-boost|p1a: Zacian|atk|1\n|switch|p2a: Blissey|Blissey, F, shiny|73\/100\n|\n|upkeep\n|turn|30\n|\n|t:|1698388816\n|switch|p2a: Clefable|Clefable, M|74\/100\n|move|p1a: Zacian|Substitute|p1a: Zacian\n|-start|p1a: Zacian|Substitute\n|-damage|p1a: Zacian|76\/100\n|\n|-heal|p2a: Clefable|80\/100|[from] item: Leftovers\n|upkeep\n|turn|31\n|\n|t:|1698388820\n|-terastallize|p2a: Clefable|Poison\n|move|p1a: Zacian|Play Rough|p2a: Clefable\n|-resisted|p2a: Clefable\n|-damage|p2a: Clefable|61\/100\n|move|p2a: Clefable|Calm Mind|p2a: Clefable\n|-boost|p2a: Clefable|spa|1\n|-boost|p2a: Clefable|spd|1\n|\n|-heal|p2a: Clefable|67\/100|[from] item: Leftovers\n|upkeep\n|turn|32\n|\n|t:|1698388831\n|-terastallize|p1a: Zacian|Fire\n|move|p1a: Zacian|Tera Blast|p2a: Clefable|[anim] Tera Blast Fire\n|-damage|p2a: Clefable|37\/100\n|move|p2a: Clefable|Wish|p2a: Clefable\n|\n|-heal|p2a: Clefable|43\/100|[from] item: Leftovers\n|upkeep\n|turn|33\n|\n|t:|1698388837\n|move|p2a: Clefable|Protect|p2a: Clefable\n|-singleturn|p2a: Clefable|Protect\n|move|p1a: Zacian|Swords Dance|p1a: Zacian\n|-boost|p1a: Zacian|atk|2\n|\n|-heal|p2a: Clefable|93\/100|[from] move: Wish|[wisher] Clefable\n|-heal|p2a: Clefable|99\/100|[from] item: Leftovers\n|upkeep\n|turn|34\n|\n|t:|1698388844\n|move|p1a: Zacian|Tera Blast|p2a: Clefable|[anim] Tera Blast Fire\n|-damage|p2a: Clefable|68\/100\n|move|p2a: Clefable|Wish|p2a: Clefable\n|\n|-heal|p2a: Clefable|74\/100|[from] item: Leftovers\n|upkeep\n|turn|35\n|\n|t:|1698388848\n|move|p1a: Zacian|Tera Blast|p2a: Clefable|[anim] Tera Blast Fire\n|-damage|p2a: Clefable|43\/100\n|move|p2a: Clefable|Calm Mind|p2a: Clefable\n|-boost|p2a: Clefable|spa|1\n|-boost|p2a: Clefable|spd|1\n|\n|-heal|p2a: Clefable|93\/100|[from] move: Wish|[wisher] Clefable\n|-heal|p2a: Clefable|99\/100|[from] item: Leftovers\n|upkeep\n|turn|36\n|\n|t:|1698388852\n|move|p1a: Zacian|Tera Blast|p2a: Clefable|[anim] Tera Blast Fire\n|-damage|p2a: Clefable|66\/100\n|move|p2a: Clefable|Moonblast|p1a: Zacian\n|-resisted|p1a: Zacian\n|-end|p1a: Zacian|Substitute\n|\n|-heal|p2a: Clefable|73\/100|[from] item: Leftovers\n|upkeep\n|turn|37\n|\n|t:|1698388857\n|switch|p1a: Magearna|Magearna|100\/100\n|move|p2a: Clefable|Wish|p2a: Clefable\n|\n|-heal|p2a: Clefable|79\/100|[from] item: Leftovers\n|upkeep\n|turn|38\n|\n|t:|1698388864\n|move|p1a: Magearna|Volt Switch|p2a: Clefable\n|-damage|p2a: Clefable|66\/100\n|\n|t:|1698388866\n|switch|p1a: AIYAH GG'S|Grafaiai, F|50\/100|[from] Volt Switch\n|move|p2a: Clefable|Moonblast|p1a: AIYAH GG'S\n|-resisted|p1a: AIYAH GG'S\n|-damage|p1a: AIYAH GG'S|0 fnt\n|faint|p1a: AIYAH GG'S\n|\n|-heal|p2a: Clefable|100\/100|[from] move: Wish|[wisher] Clefable\n|upkeep\n|\n|t:|1698388871\n|switch|p1a: Palafin|Palafin-Hero, F|13\/100 tox\n|turn|39\n|\n|t:|1698388876\n|move|p2a: Clefable|Protect|p2a: Clefable\n|-singleturn|p2a: Clefable|Protect\n|move|p1a: Palafin|Wave Crash|p2a: Clefable\n|-activate|p2a: Clefable|move: Protect\n|\n|-damage|p1a: Palafin|7\/100 tox|[from] psn\n|upkeep\n|turn|40\n|\n|t:|1698388880\n|move|p1a: Palafin|Wave Crash|p2a: Clefable\n|-damage|p2a: Clefable|42\/100\n|-damage|p1a: Palafin|0 fnt|[from] Recoil\n|faint|p1a: Palafin\n|move|p2a: Clefable|Wish|p2a: Clefable\n|\n|-heal|p2a: Clefable|48\/100|[from] item: Leftovers\n|upkeep\n|\n|t:|1698388885\n|switch|p1a: Zacian|Zacian, tera:Fire|76\/100\n|turn|41\n|\n|t:|1698388888\n|move|p1a: Zacian|Substitute|p1a: Zacian\n|-start|p1a: Zacian|Substitute\n|-damage|p1a: Zacian|51\/100\n|move|p2a: Clefable|Moonblast|p1a: Zacian\n|-resisted|p1a: Zacian\n|-end|p1a: Zacian|Substitute\n|\n|-heal|p2a: Clefable|98\/100|[from] move: Wish|[wisher] Clefable\n|-heal|p2a: Clefable|100\/100|[from] item: Leftovers\n|upkeep\n|turn|42\n|\n|t:|1698388893\n|move|p1a: Zacian|Tera Blast|p2a: Clefable|[anim] Tera Blast Fire\n|-crit|p2a: Clefable\n|-damage|p2a: Clefable|51\/100\n|move|p2a: Clefable|Moonblast|p1a: Zacian\n|-resisted|p1a: Zacian\n|-damage|p1a: Zacian|22\/100\n|-unboost|p1a: Zacian|spa|1\n|\n|-heal|p2a: Clefable|57\/100|[from] item: Leftovers\n|upkeep\n|turn|43\n|\n|t:|1698388896\n|move|p1a: Zacian|Tera Blast|p2a: Clefable|[anim] Tera Blast Fire\n|-damage|p2a: Clefable|26\/100\n|move|p2a: Clefable|Wish|p2a: Clefable\n|\n|-heal|p2a: Clefable|32\/100|[from] item: Leftovers\n|upkeep\n|turn|44\n|\n|t:|1698388900\n|move|p2a: Clefable|Protect|p2a: Clefable\n|-singleturn|p2a: Clefable|Protect\n|move|p1a: Zacian|Tera Blast|p2a: Clefable|[anim] Tera Blast Fire\n|-activate|p2a: Clefable|move: Protect\n|\n|-heal|p2a: Clefable|82\/100|[from] move: Wish|[wisher] Clefable\n|-heal|p2a: Clefable|89\/100|[from] item: Leftovers\n|upkeep\n|turn|45\n|\n|t:|1698388902\n|move|p1a: Zacian|Tera Blast|p2a: Clefable|[anim] Tera Blast Fire\n|-damage|p2a: Clefable|57\/100\n|move|p2a: Clefable|Wish|p2a: Clefable\n|\n|-heal|p2a: Clefable|63\/100|[from] item: Leftovers\n|upkeep\n|turn|46\n|-message|Kabunger forfeited.\n|\n|win|Finchely\n|l|\u2606Kabunger\n","uploadtime":1698388915,"views":10,"p1id":"kabunger","p2id":"finchely","formatid":"gen9ubers","rating":0,"private":0,"password":""}