{"id":"gen9ubers-1969600975","p1":"Mattattac","p2":"soumik85","format":"[Gen 9] Ubers","log":"|j|\u2606Mattattac\n|j|\u2606soumik85\n|t:|1697550923\n|gametype|singles\n|player|p1|Mattattac|nate|1161\n|player|p2|soumik85|red|1072\n|teamsize|p1|6\n|teamsize|p2|6\n|gen|9\n|tier|[Gen 9] Ubers\n|rated|\n|rule|Sleep Clause Mod: Limit one foe put to sleep\n|rule|Species Clause: Limit one of each Pok\u00e9mon\n|rule|OHKO Clause: OHKO moves are banned\n|rule|Evasion Items Clause: Evasion items are banned\n|rule|Evasion Moves Clause: Evasion moves are banned\n|rule|Endless Battle Clause: Forcing endless battles is banned\n|rule|HP Percentage Mod: HP is shown in percentages\n|clearpoke\n|poke|p1|Flutter Mane|\n|poke|p1|Ursaluna-Bloodmoon, M|\n|poke|p1|Chien-Pao|\n|poke|p1|Iron Bundle|\n|poke|p1|Annihilape, M|\n|poke|p1|Kyogre|\n|poke|p2|Moltres|\n|poke|p2|Krookodile, M|\n|poke|p2|Zacian-*|\n|poke|p2|Cloyster, M|\n|poke|p2|Luxray, M|\n|poke|p2|Rillaboom, F|\n|teampreview\n|inactive|Battle timer is ON: inactive players will automatically lose when time's up. (requested by Mattattac)\n|c|\u2606Mattattac|yo\n|\n|t:|1697550931\n|start\n|switch|p1a: Kyogre|Kyogre|100\/100\n|switch|p2a: Rillaboom|Rillaboom, F|100\/100\n|-weather|RainDance|[from] ability: Drizzle|[of] p1a: Kyogre\n|-fieldstart|move: Grassy Terrain|[from] ability: Grassy Surge|[of] p2a: Rillaboom\n|turn|1\n|\n|t:|1697550939\n|switch|p2a: Luxray|Luxray, M|100\/100\n|-ability|p2a: Luxray|Intimidate|boost\n|-unboost|p1a: Kyogre|atk|1\n|move|p1a: Kyogre|Ice Beam|p2a: Luxray\n|-damage|p2a: Luxray|58\/100\n|\n|-weather|RainDance|[upkeep]\n|-heal|p2a: Luxray|64\/100|[from] Grassy Terrain\n|upkeep\n|turn|2\n|\n|t:|1697550949\n|switch|p1a: Ursaluna|Ursaluna-Bloodmoon, M|100\/100\n|move|p2a: Luxray|Thunderbolt|p1a: Ursaluna\n|-immune|p1a: Ursaluna\n|\n|-weather|RainDance|[upkeep]\n|-heal|p2a: Luxray|70\/100|[from] Grassy Terrain\n|upkeep\n|turn|3\n|\n|t:|1697550958\n|switch|p2a: Rillaboom|Rillaboom, F|100\/100\n|move|p1a: Ursaluna|Earth Power|p2a: Rillaboom\n|-resisted|p2a: Rillaboom\n|-damage|p2a: Rillaboom|63\/100\n|-unboost|p2a: Rillaboom|spd|1\n|\n|-weather|RainDance|[upkeep]\n|-heal|p2a: Rillaboom|69\/100|[from] Grassy Terrain\n|upkeep\n|turn|4\n|\n|t:|1697550971\n|switch|p1a: Chien-Pao|Chien-Pao|100\/100\n|-ability|p1a: Chien-Pao|Sword of Ruin\n|move|p2a: Rillaboom|Drum Beating|p1a: Chien-Pao\n|-damage|p1a: Chien-Pao|30\/100\n|-unboost|p1a: Chien-Pao|spe|1\n|\n|-weather|RainDance|[upkeep]\n|-heal|p2a: Rillaboom|75\/100|[from] Grassy Terrain\n|-heal|p1a: Chien-Pao|36\/100|[from] Grassy Terrain\n|upkeep\n|turn|5\n|\n|t:|1697550989\n|switch|p1a: Iron Bundle|Iron Bundle, shiny|100\/100\n|-terastallize|p2a: Rillaboom|Grass\n|move|p2a: Rillaboom|Bullet Seed|p1a: Iron Bundle\n|-supereffective|p1a: Iron Bundle\n|-damage|p1a: Iron Bundle|42\/100\n|-supereffective|p1a: Iron Bundle\n|-damage|p1a: Iron Bundle|0 fnt\n|faint|p1a: Iron Bundle\n|-end|p1a: Iron Bundle|Quark Drive|[silent]\n|-hitcount|p1: Iron Bundle|2\n|\n|-weather|none\n|-heal|p2a: Rillaboom|81\/100|[from] Grassy Terrain\n|-fieldend|move: Grassy Terrain\n|upkeep\n|\n|t:|1697551006\n|switch|p1a: Chien-Pao|Chien-Pao|36\/100\n|-ability|p1a: Chien-Pao|Sword of Ruin\n|turn|6\n|\n|t:|1697551022\n|move|p1a: Chien-Pao|Ice Spinner|p2a: Rillaboom\n|-supereffective|p2a: Rillaboom\n|-damage|p2a: Rillaboom|0 fnt\n|faint|p2a: Rillaboom\n|\n|upkeep\n|\n|t:|1697551031\n|switch|p2a: Zacian|Zacian-Crowned, shiny|100\/100\n|-ability|p2a: Zacian|Intrepid Sword|boost\n|-boost|p2a: Zacian|atk|1\n|turn|7\n|\n|t:|1697551037\n|switch|p1a: Kyogre|Kyogre|100\/100\n|-weather|RainDance|[from] ability: Drizzle|[of] p1a: Kyogre\n|move|p2a: Zacian|Behemoth Blade|p1a: Kyogre\n|-resisted|p1a: Kyogre\n|-damage|p1a: Kyogre|52\/100\n|\n|-weather|RainDance|[upkeep]\n|upkeep\n|turn|8\n|\n|t:|1697551054\n|move|p1a: Kyogre|Origin Pulse|p2a: Zacian\n|-damage|p2a: Zacian|17\/100\n|move|p2a: Zacian|Behemoth Blade|p1a: Kyogre\n|-resisted|p1a: Kyogre\n|-damage|p1a: Kyogre|4\/100\n|\n|-weather|RainDance|[upkeep]\n|upkeep\n|turn|9\n|\n|t:|1697551062\n|switch|p2a: Luxray|Luxray, M|70\/100\n|-ability|p2a: Luxray|Intimidate|boost\n|-unboost|p1a: Kyogre|atk|1\n|move|p1a: Kyogre|Origin Pulse|p2a: Luxray|[miss]\n|-miss|p1a: Kyogre|p2a: Luxray\n|\n|-weather|RainDance|[upkeep]\n|upkeep\n|turn|10\n|c|\u2606Mattattac|damn\n|c|\u2606Mattattac|missed\n|\n|t:|1697551072\n|switch|p2a: Cloyster|Cloyster, M|100\/100\n|move|p1a: Kyogre|Origin Pulse|p2a: Cloyster|[miss]\n|-miss|p1a: Kyogre|p2a: Cloyster\n|\n|-weather|RainDance|[upkeep]\n|upkeep\n|turn|11\n|c|\u2606Mattattac|again?\n|\n|t:|1697551083\n|move|p1a: Kyogre|Origin Pulse|p2a: Cloyster\n|-resisted|p2a: Cloyster\n|-damage|p2a: Cloyster|3\/100\n|move|p2a: Cloyster|Facade|p1a: Kyogre\n|-damage|p1a: Kyogre|0 fnt\n|faint|p1a: Kyogre\n|\n|-weather|none\n|upkeep\n|\n|t:|1697551092\n|switch|p1a: Chien-Pao|Chien-Pao|36\/100\n|-ability|p1a: Chien-Pao|Sword of Ruin\n|turn|12\n|\n|t:|1697551104\n|move|p1a: Chien-Pao|Crunch|p2a: Cloyster\n|-damage|p2a: Cloyster|0 fnt\n|faint|p2a: Cloyster\n|\n|upkeep\n|\n|t:|1697551109\n|switch|p2a: Luxray|Luxray, M|70\/100\n|-ability|p2a: Luxray|Intimidate|boost\n|-unboost|p1a: Chien-Pao|atk|1\n|turn|13\n|\n|t:|1697551125\n|switch|p1a: Ursaluna|Ursaluna-Bloodmoon, M|100\/100\n|move|p2a: Luxray|Thunderbolt|p1a: Ursaluna\n|-immune|p1a: Ursaluna\n|\n|upkeep\n|turn|14\n|\n|t:|1697551130\n|move|p2a: Luxray|Trailblaze|p1a: Ursaluna\n|-supereffective|p1a: Ursaluna\n|-damage|p1a: Ursaluna|77\/100\n|-boost|p2a: Luxray|spe|1\n|move|p1a: Ursaluna|Blood Moon|p2a: Luxray\n|-damage|p2a: Luxray|0 fnt\n|faint|p2a: Luxray\n|\n|upkeep\n|\n|t:|1697551138\n|switch|p2a: Krookodile|Krookodile, M, shiny|100\/100\n|turn|15\n|\n|t:|1697551142\n|-terastallize|p1a: Ursaluna|Fighting\n|move|p1a: Ursaluna|Vacuum Wave|p2a: Krookodile\n|-supereffective|p2a: Krookodile\n|-damage|p2a: Krookodile|26\/100\n|move|p2a: Krookodile|Earthquake|p1a: Ursaluna\n|-damage|p1a: Ursaluna|40\/100\n|\n|upkeep\n|turn|16\n|\n|t:|1697551150\n|move|p1a: Ursaluna|Vacuum Wave|p2a: Krookodile\n|-supereffective|p2a: Krookodile\n|-damage|p2a: Krookodile|0 fnt\n|faint|p2a: Krookodile\n|\n|upkeep\n|\n|t:|1697551153\n|switch|p2a: Zacian|Zacian-Crowned, shiny|17\/100\n|turn|17\n|\n|t:|1697551158\n|move|p1a: Ursaluna|Vacuum Wave|p2a: Zacian\n|-damage|p2a: Zacian|0 fnt\n|faint|p2a: Zacian\n|\n|upkeep\n|\n|t:|1697551165\n|switch|p2a: Moltres|Moltres|100\/100\n|-ability|p2a: Moltres|Pressure\n|turn|18\n|c|\u2606Mattattac|gg\n|\n|t:|1697551172\n|move|p2a: Moltres|Fire Blast|p1a: Ursaluna\n|-damage|p1a: Ursaluna|0 fnt\n|faint|p1a: Ursaluna\n|\n|upkeep\n|\n|t:|1697551176\n|switch|p1a: Flutter Mane|Flutter Mane, shiny|100\/100\n|turn|19\n|\n|t:|1697551180\n|move|p1a: Flutter Mane|Thunderbolt|p2a: Moltres\n|-supereffective|p2a: Moltres\n|-damage|p2a: Moltres|0 fnt\n|faint|p2a: Moltres\n|\n|win|Mattattac\n|raw|Mattattac's rating: 1161 &rarr; <strong>1180<\/strong><br \/>(+19 for winning)\n|raw|soumik85's rating: 1072 &rarr; <strong>1056<\/strong><br \/>(-16 for losing)\n","uploadtime":1697551184,"views":8,"p1id":"mattattac","p2id":"soumik85","formatid":"gen9ubers","rating":1056,"private":0,"password":""}