{"id":"gen9ubers-1990538801","p1":"VloneVictini","p2":"AlicieLizzie","format":"[Gen 9] Ubers","log":"|j|\u2606VloneVictini\n|j|\u2606AlicieLizzie\n|t:|1699979736\n|gametype|singles\n|player|p1|VloneVictini|1|\n|player|p2|AlicieLizzie|marnie-masters3|\n|teamsize|p1|6\n|teamsize|p2|6\n|gen|9\n|tier|[Gen 9] Ubers\n|rule|Sleep Clause Mod: Limit one foe put to sleep\n|rule|Species Clause: Limit one of each Pok\u00e9mon\n|rule|OHKO Clause: OHKO moves are banned\n|rule|Evasion Items Clause: Evasion items are banned\n|rule|Evasion Moves Clause: Evasion moves are banned\n|rule|Endless Battle Clause: Forcing endless battles is banned\n|rule|HP Percentage Mod: HP is shown in percentages\n|clearpoke\n|poke|p1|Iron Moth|\n|poke|p1|Orthworm, M|\n|poke|p1|Hoopa-Unbound|\n|poke|p1|Maushold|\n|poke|p1|Crawdaunt, M|\n|poke|p1|Arceus-Poison|\n|poke|p2|Cyclizar, M|\n|poke|p2|Jirachi|\n|poke|p2|Zacian-*|\n|poke|p2|Rillaboom, M|\n|poke|p2|Chi-Yu|\n|poke|p2|Palafin, M|\n|teampreview\n|inactive|Battle timer is ON: inactive players will automatically lose when time's up. (requested by AlicieLizzie)\n|c|\u2606VloneVictini|glhf\n|\n|t:|1699979756\n|start\n|switch|p1a: 3 Blind Mice|Maushold|100\/100\n|switch|p2a: Palafinal Fantasy|Palafin, M|100\/100\n|turn|1\n|\n|t:|1699979782\n|move|p1a: 3 Blind Mice|Population Bomb|p2a: Palafinal Fantasy\n|-damage|p2a: Palafinal Fantasy|86\/100\n|-damage|p2a: Palafinal Fantasy|72\/100\n|-damage|p2a: Palafinal Fantasy|57\/100\n|-crit|p2a: Palafinal Fantasy\n|-damage|p2a: Palafinal Fantasy|35\/100\n|-damage|p2a: Palafinal Fantasy|21\/100\n|-damage|p2a: Palafinal Fantasy|7\/100\n|-damage|p2a: Palafinal Fantasy|0 fnt\n|faint|p2a: Palafinal Fantasy\n|-hitcount|p2: Palafinal Fantasy|7\n|\n|upkeep\n|\n|t:|1699979790\n|switch|p2a: Metal Gear Solid|Jirachi|100\/100\n|turn|2\n|\n|t:|1699979813\n|move|p2a: Metal Gear Solid|Iron Head|p1a: 3 Blind Mice\n|-damage|p1a: 3 Blind Mice|47\/100\n|cant|p1a: 3 Blind Mice|flinch\n|\n|upkeep\n|turn|3\n|\n|t:|1699979820\n|switch|p1a: #MulchGang4lyfe|Orthworm, M|100\/100\n|move|p2a: Metal Gear Solid|Iron Head|p1a: #MulchGang4lyfe\n|-resisted|p1a: #MulchGang4lyfe\n|-damage|p1a: #MulchGang4lyfe|91\/100\n|\n|upkeep\n|turn|4\n|\n|t:|1699979833\n|switch|p2a: Donkey Kong|Rillaboom, M|100\/100\n|-fieldstart|move: Grassy Terrain|[from] ability: Grassy Surge|[of] p2a: Donkey Kong\n|move|p1a: #MulchGang4lyfe|Shed Tail|p1a: #MulchGang4lyfe\n|-start|p1a: #MulchGang4lyfe|Substitute|[from] move: Shed Tail\n|-damage|p1a: #MulchGang4lyfe|41\/100\n|-enditem|p1a: #MulchGang4lyfe|Sitrus Berry|[eat]\n|-heal|p1a: #MulchGang4lyfe|66\/100|[from] item: Sitrus Berry\n|\n|t:|1699979839\n|switch|p1a: Nacho Fernandez|Iron Moth|100\/100|[from] Shed Tail\n|-enditem|p1a: Nacho Fernandez|Booster Energy\n|-activate|p1a: Nacho Fernandez|ability: Quark Drive|[fromitem]\n|-start|p1a: Nacho Fernandez|quarkdrivespe\n|\n|upkeep\n|turn|5\n|\n|t:|1699979849\n|move|p2a: Donkey Kong|Fake Out|p1a: Nacho Fernandez\n|-activate|p1a: Nacho Fernandez|move: Substitute|[damage]\n|move|p1a: Nacho Fernandez|Fiery Dance|p2a: Donkey Kong\n|-supereffective|p2a: Donkey Kong\n|-damage|p2a: Donkey Kong|22\/100\n|\n|-heal|p2a: Donkey Kong|29\/100|[from] Grassy Terrain\n|upkeep\n|turn|6\n|\n|t:|1699979854\n|move|p1a: Nacho Fernandez|Fiery Dance|p2a: Donkey Kong\n|-supereffective|p2a: Donkey Kong\n|-damage|p2a: Donkey Kong|0 fnt\n|faint|p2a: Donkey Kong\n|\n|upkeep\n|\n|t:|1699979866\n|switch|p2a: Katamari|Cyclizar, M|100\/100\n|turn|7\n|\n|t:|1699979868\n|move|p1a: Nacho Fernandez|Dazzling Gleam|p2a: Katamari\n|-supereffective|p2a: Katamari\n|-damage|p2a: Katamari|29\/100\n|move|p2a: Katamari|Knock Off|p1a: Nacho Fernandez\n|-end|p1a: Nacho Fernandez|Substitute\n|\n|-heal|p2a: Katamari|35\/100|[from] Grassy Terrain\n|upkeep\n|turn|8\n|\n|t:|1699979879\n|move|p1a: Nacho Fernandez|Fiery Dance|p2a: Katamari\n|-resisted|p2a: Katamari\n|-damage|p2a: Katamari|5\/100\n|move|p2a: Katamari|Knock Off|p1a: Nacho Fernandez\n|-damage|p1a: Nacho Fernandez|79\/100\n|\n|-heal|p1a: Nacho Fernandez|85\/100|[from] Grassy Terrain\n|-heal|p2a: Katamari|11\/100|[from] Grassy Terrain\n|-fieldend|move: Grassy Terrain\n|upkeep\n|turn|9\n|\n|t:|1699979885\n|move|p1a: Nacho Fernandez|Fiery Dance|p2a: Katamari\n|-resisted|p2a: Katamari\n|-damage|p2a: Katamari|0 fnt\n|-boost|p1a: Nacho Fernandez|spa|1\n|faint|p2a: Katamari\n|\n|upkeep\n|\n|t:|1699979891\n|switch|p2a: Diablo|Chi-Yu|100\/100\n|-ability|p2a: Diablo|Beads of Ruin\n|turn|10\n|\n|t:|1699979898\n|move|p1a: Nacho Fernandez|Sludge Wave|p2a: Diablo\n|-damage|p2a: Diablo|10\/100\n|move|p2a: Diablo|Psychic|p1a: Nacho Fernandez\n|-supereffective|p1a: Nacho Fernandez\n|-damage|p1a: Nacho Fernandez|0 fnt\n|faint|p1a: Nacho Fernandez\n|-end|p1a: Nacho Fernandez|Quark Drive|[silent]\n|\n|upkeep\n|\n|t:|1699979925\n|switch|p1a: Scam Likely|Crawdaunt, M|100\/100\n|turn|11\n|\n|t:|1699979931\n|switch|p2a: Nintendogs|Zacian|100\/100\n|-ability|p2a: Nintendogs|Intrepid Sword|boost\n|-boost|p2a: Nintendogs|atk|1\n|move|p1a: Scam Likely|Aqua Jet|p2a: Nintendogs\n|-damage|p2a: Nintendogs|58\/100\n|\n|upkeep\n|turn|12\n|\n|t:|1699979949\n|switch|p1a: DID YOU PRAY TODAY|Arceus-Poison|100\/100\n|move|p2a: Nintendogs|Play Rough|p1a: DID YOU PRAY TODAY\n|-resisted|p1a: DID YOU PRAY TODAY\n|-damage|p1a: DID YOU PRAY TODAY|69\/100\n|\n|upkeep\n|turn|13\n|\n|t:|1699979957\n|switch|p2a: Metal Gear Solid|Jirachi|100\/100\n|move|p1a: DID YOU PRAY TODAY|Cosmic Power|p1a: DID YOU PRAY TODAY\n|-boost|p1a: DID YOU PRAY TODAY|def|1\n|-boost|p1a: DID YOU PRAY TODAY|spd|1\n|\n|upkeep\n|turn|14\n|\n|t:|1699979968\n|switch|p1a: 3 Blind Mice|Maushold|47\/100\n|move|p2a: Metal Gear Solid|Ice Punch|p1a: 3 Blind Mice\n|-damage|p1a: 3 Blind Mice|15\/100\n|\n|upkeep\n|turn|15\n|\n|t:|1699979978\n|move|p2a: Metal Gear Solid|Ice Punch|p1a: 3 Blind Mice\n|-damage|p1a: 3 Blind Mice|0 fnt\n|faint|p1a: 3 Blind Mice\n|\n|upkeep\n|\n|t:|1699979985\n|switch|p1a: Poopa-Scoopa|Hoopa-Unbound|100\/100\n|turn|16\n|\n|t:|1699979990\n|switch|p2a: Diablo|Chi-Yu|10\/100\n|-ability|p2a: Diablo|Beads of Ruin\n|move|p1a: Poopa-Scoopa|Hyperspace Fury|p2a: Diablo\n|-resisted|p2a: Diablo\n|-damage|p2a: Diablo|0 fnt\n|-unboost|p1a: Poopa-Scoopa|def|1\n|faint|p2a: Diablo\n|\n|upkeep\n|\n|t:|1699979994\n|switch|p2a: Nintendogs|Zacian|58\/100\n|turn|17\n|\n|t:|1699979998\n|move|p1a: Poopa-Scoopa|Hyperspace Fury|p2a: Nintendogs\n|-resisted|p2a: Nintendogs\n|-damage|p2a: Nintendogs|29\/100\n|-unboost|p1a: Poopa-Scoopa|def|1\n|move|p2a: Nintendogs|Play Rough|p1a: Poopa-Scoopa\n|-supereffective|p1a: Poopa-Scoopa\n|-damage|p1a: Poopa-Scoopa|0 fnt\n|faint|p1a: Poopa-Scoopa\n|\n|upkeep\n|\n|t:|1699980001\n|switch|p1a: Scam Likely|Crawdaunt, M|100\/100\n|turn|18\n|\n|t:|1699980006\n|move|p1a: Scam Likely|Aqua Jet|p2a: Nintendogs\n|-damage|p2a: Nintendogs|0 fnt\n|faint|p2a: Nintendogs\n|\n|upkeep\n|\n|t:|1699980009\n|switch|p2a: Metal Gear Solid|Jirachi|100\/100\n|turn|19\n|\n|t:|1699980016\n|move|p1a: Scam Likely|Aqua Jet|p2a: Metal Gear Solid\n|-damage|p2a: Metal Gear Solid|58\/100\n|move|p2a: Metal Gear Solid|Iron Head|p1a: Scam Likely\n|-resisted|p1a: Scam Likely\n|-damage|p1a: Scam Likely|76\/100\n|\n|upkeep\n|turn|20\n|\n|t:|1699980020\n|move|p1a: Scam Likely|Aqua Jet|p2a: Metal Gear Solid\n|-damage|p2a: Metal Gear Solid|15\/100\n|move|p2a: Metal Gear Solid|Iron Head|p1a: Scam Likely\n|-resisted|p1a: Scam Likely\n|-damage|p1a: Scam Likely|51\/100\n|\n|upkeep\n|turn|21\n|c|\u2606VloneVictini|gg\n|\n|t:|1699980024\n|move|p1a: Scam Likely|Aqua Jet|p2a: Metal Gear Solid\n|-damage|p2a: Metal Gear Solid|0 fnt\n|faint|p2a: Metal Gear Solid\n|\n|win|VloneVictini\n|c|\u2606AlicieLizzie|gg\n|c|\u2606AlicieLizzie|great nicknames\n","uploadtime":1699980029,"views":36,"p1id":"vlonevictini","p2id":"alicielizzie","formatid":"gen9ubers","rating":0,"private":0,"password":""}