{"id":"gen9ubers-1974384154","p1":"AlicieLizzie","p2":"Leo Justice","format":"[Gen 9] Ubers","log":"|j|\u2606AlicieLizzie\n|j|\u2606Leo Justice\n|t:|1698082691\n|gametype|singles\n|player|p1|AlicieLizzie|marnie-masters3|\n|player|p2|Leo Justice|carmine|\n|teamsize|p1|6\n|teamsize|p2|6\n|gen|9\n|tier|[Gen 9] Ubers\n|rule|Sleep Clause Mod: Limit one foe put to sleep\n|rule|Species Clause: Limit one of each Pok\u00e9mon\n|rule|OHKO Clause: OHKO moves are banned\n|rule|Evasion Items Clause: Evasion items are banned\n|rule|Evasion Moves Clause: Evasion moves are banned\n|rule|Endless Battle Clause: Forcing endless battles is banned\n|rule|HP Percentage Mod: HP is shown in percentages\n|clearpoke\n|poke|p1|Cyclizar, F|\n|poke|p1|Kommo-o, M|\n|poke|p1|Magearna|\n|poke|p1|Dondozo, F|\n|poke|p1|Slowking-Galar, F|\n|poke|p1|Chi-Yu|\n|poke|p2|Meowscarada, F|\n|poke|p2|Gholdengo|\n|poke|p2|Dialga|\n|poke|p2|Zacian-*|\n|poke|p2|Magearna|\n|poke|p2|Cyclizar, M|\n|teampreview\n|inactive|Battle timer is ON: inactive players will automatically lose when time's up. (requested by AlicieLizzie)\n|\n|t:|1698082700\n|start\n|switch|p1a: Cycle Dryer|Cyclizar, F|100\/100\n|switch|p2a: Meowscarada|Meowscarada, F|100\/100\n|turn|1\n|\n|t:|1698082712\n|switch|p1a: I AM JUST A FISH|Chi-Yu|100\/100\n|-ability|p1a: I AM JUST A FISH|Beads of Ruin\n|move|p2a: Meowscarada|Taunt|p1a: I AM JUST A FISH\n|-start|p1a: I AM JUST A FISH|move: Taunt\n|\n|upkeep\n|turn|2\n|\n|t:|1698082728\n|move|p1a: I AM JUST A FISH|Overheat|p2a: Meowscarada\n|-supereffective|p2a: Meowscarada\n|-enditem|p2a: Meowscarada|Focus Sash\n|-damage|p2a: Meowscarada|1\/100\n|-unboost|p1a: I AM JUST A FISH|spa|2\n|move|p2a: Meowscarada|Spikes|p1a: I AM JUST A FISH\n|-sidestart|p1: AlicieLizzie|Spikes\n|\n|upkeep\n|turn|3\n|\n|t:|1698082744\n|move|p1a: I AM JUST A FISH|Overheat|p2a: Meowscarada\n|-supereffective|p2a: Meowscarada\n|-damage|p2a: Meowscarada|0 fnt\n|-unboost|p1a: I AM JUST A FISH|spa|2\n|faint|p2a: Meowscarada\n|\n|-end|p1a: I AM JUST A FISH|move: Taunt\n|upkeep\n|\n|t:|1698082748\n|switch|p2a: Dialga|Dialga|100\/100\n|-ability|p2a: Dialga|Pressure\n|turn|4\n|\n|t:|1698082752\n|switch|p1a: Cycle Dryer|Cyclizar, F|100\/100\n|move|p2a: Dialga|Stealth Rock|p1a: Cycle Dryer\n|-sidestart|p1: AlicieLizzie|move: Stealth Rock\n|\n|upkeep\n|turn|5\n|\n|t:|1698082760\n|switch|p2a: Gholdengo|Gholdengo|100\/100\n|-item|p2a: Gholdengo|Air Balloon\n|move|p1a: Cycle Dryer|Knock Off|p2a: Gholdengo\n|-supereffective|p2a: Gholdengo\n|-damage|p2a: Gholdengo|57\/100\n|-enditem|p2a: Gholdengo|Air Balloon\n|\n|upkeep\n|turn|6\n|\n|t:|1698082772\n|move|p1a: Cycle Dryer|Shed Tail|p1a: Cycle Dryer\n|-start|p1a: Cycle Dryer|Substitute|[from] move: Shed Tail\n|-damage|p1a: Cycle Dryer|50\/100\n|\n|t:|1698082779\n|switch|p1a: I AM JUST A FISH|Chi-Yu|100\/100|[from] Shed Tail\n|-damage|p1a: I AM JUST A FISH|88\/100|[from] Spikes\n|-damage|p1a: I AM JUST A FISH|63\/100|[from] Stealth Rock\n|-ability|p1a: I AM JUST A FISH|Beads of Ruin\n|move|p2a: Gholdengo|Recover|p2a: Gholdengo\n|-heal|p2a: Gholdengo|100\/100\n|\n|upkeep\n|turn|7\n|\n|t:|1698082788\n|switch|p2a: Cyclizar|Cyclizar, M|100\/100\n|move|p1a: I AM JUST A FISH|Overheat|p2a: Cyclizar\n|-resisted|p2a: Cyclizar\n|-damage|p2a: Cyclizar|37\/100\n|-unboost|p1a: I AM JUST A FISH|spa|2\n|\n|upkeep\n|turn|8\n|\n|t:|1698082803\n|switch|p2a: Dialga|Dialga|100\/100\n|-ability|p2a: Dialga|Pressure\n|move|p1a: I AM JUST A FISH|Overheat|p2a: Dialga|[miss]\n|-miss|p1a: I AM JUST A FISH|p2a: Dialga\n|\n|upkeep\n|turn|9\n|\n|t:|1698082811\n|switch|p1a: Cycle Dryer|Cyclizar, F|84\/100\n|move|p2a: Dialga|Roar|p1a: Cycle Dryer\n|drag|p1a: I AM JUST A FISH|Chi-Yu|63\/100\n|-damage|p1a: I AM JUST A FISH|51\/100|[from] Spikes\n|-damage|p1a: I AM JUST A FISH|26\/100|[from] Stealth Rock\n|-ability|p1a: I AM JUST A FISH|Beads of Ruin\n|\n|upkeep\n|turn|10\n|\n|t:|1698082820\n|switch|p2a: Cyclizar|Cyclizar, M|70\/100\n|move|p1a: I AM JUST A FISH|Overheat|p2a: Cyclizar\n|-resisted|p2a: Cyclizar\n|-crit|p2a: Cyclizar\n|-damage|p2a: Cyclizar|0 fnt\n|-unboost|p1a: I AM JUST A FISH|spa|2\n|faint|p2a: Cyclizar\n|\n|upkeep\n|\n|t:|1698082828\n|switch|p2a: Dialga|Dialga|100\/100\n|-ability|p2a: Dialga|Pressure\n|turn|11\n|\n|t:|1698082834\n|switch|p1a: Kommo-oh no|Kommo-o, M|100\/100\n|-damage|p1a: Kommo-oh no|88\/100|[from] Spikes\n|-damage|p1a: Kommo-oh no|82\/100|[from] Stealth Rock\n|move|p2a: Dialga|Roar|p1a: Kommo-oh no\n|-immune|p1a: Kommo-oh no|[from] ability: Soundproof\n|\n|upkeep\n|turn|12\n|\n|t:|1698082845\n|move|p1a: Kommo-oh no|Clangorous Soul|p1a: Kommo-oh no\n|-boost|p1a: Kommo-oh no|atk|1\n|-boost|p1a: Kommo-oh no|def|1\n|-boost|p1a: Kommo-oh no|spa|1\n|-boost|p1a: Kommo-oh no|spd|1\n|-boost|p1a: Kommo-oh no|spe|1\n|-damage|p1a: Kommo-oh no|49\/100\n|-enditem|p1a: Kommo-oh no|Throat Spray\n|-boost|p1a: Kommo-oh no|spa|1|[from] item: Throat Spray\n|move|p2a: Dialga|Draco Meteor|p1a: Kommo-oh no\n|-supereffective|p1a: Kommo-oh no\n|-damage|p1a: Kommo-oh no|0 fnt\n|-unboost|p2a: Dialga|spa|2\n|faint|p1a: Kommo-oh no\n|\n|upkeep\n|\n|t:|1698082863\n|switch|p1a: Magqueerna|Magearna|100\/100\n|-damage|p1a: Magqueerna|88\/100|[from] Spikes\n|-damage|p1a: Magqueerna|82\/100|[from] Stealth Rock\n|turn|13\n|\n|t:|1698082868\n|switch|p2a: Gholdengo|Gholdengo|100\/100\n|move|p1a: Magqueerna|Spikes|p2a: Gholdengo\n|-sidestart|p2: Leo Justice|Spikes\n|\n|-heal|p1a: Magqueerna|88\/100|[from] item: Leftovers\n|upkeep\n|turn|14\n|\n|t:|1698082885\n|move|p2a: Gholdengo|Nasty Plot|p2a: Gholdengo\n|-boost|p2a: Gholdengo|spa|2\n|move|p1a: Magqueerna|Spikes|p2a: Gholdengo\n|-sidestart|p2: Leo Justice|Spikes\n|\n|-heal|p1a: Magqueerna|94\/100|[from] item: Leftovers\n|upkeep\n|turn|15\n|\n|t:|1698082899\n|switch|p1a: Cycle Dryer|Cyclizar, F|100\/100\n|move|p2a: Gholdengo|Nasty Plot|p2a: Gholdengo\n|-boost|p2a: Gholdengo|spa|2\n|\n|upkeep\n|turn|16\n|\n|t:|1698082904\n|move|p1a: Cycle Dryer|Knock Off|p2a: Gholdengo\n|-supereffective|p2a: Gholdengo\n|-damage|p2a: Gholdengo|74\/100\n|move|p2a: Gholdengo|Make It Rain|p1a: Cycle Dryer\n|-crit|p1a: Cycle Dryer\n|-damage|p1a: Cycle Dryer|0 fnt\n|-unboost|p2a: Gholdengo|spa|1\n|faint|p1a: Cycle Dryer\n|\n|upkeep\n|\n|t:|1698082908\n|switch|p1a: I AM JUST A FISH|Chi-Yu|26\/100\n|-damage|p1a: I AM JUST A FISH|14\/100|[from] Spikes\n|-damage|p1a: I AM JUST A FISH|0 fnt|[from] Stealth Rock\n|faint|p1a: I AM JUST A FISH\n|\n|t:|1698082912\n|switch|p1a: Magqueerna|Magearna|94\/100\n|-damage|p1a: Magqueerna|82\/100|[from] Spikes\n|-damage|p1a: Magqueerna|76\/100|[from] Stealth Rock\n|turn|17\n|\n|t:|1698082916\n|move|p2a: Gholdengo|Shadow Ball|p1a: Magqueerna\n|-damage|p1a: Magqueerna|0 fnt\n|faint|p1a: Magqueerna\n|\n|upkeep\n|\n|t:|1698082919\n|switch|p1a: Don Flamenco|Dondozo, F|100\/100\n|-damage|p1a: Don Flamenco|88\/100|[from] Spikes\n|-damage|p1a: Don Flamenco|75\/100|[from] Stealth Rock\n|turn|18\n|\n|t:|1698082921\n|move|p2a: Gholdengo|Shadow Ball|p1a: Don Flamenco\n|-damage|p1a: Don Flamenco|39\/100\n|move|p1a: Don Flamenco|Curse|p1a: Don Flamenco\n|-unboost|p1a: Don Flamenco|spe|1\n|-boost|p1a: Don Flamenco|atk|1\n|-boost|p1a: Don Flamenco|def|1\n|\n|-heal|p1a: Don Flamenco|45\/100|[from] item: Leftovers\n|upkeep\n|turn|19\n|\n|t:|1698082927\n|move|p2a: Gholdengo|Shadow Ball|p1a: Don Flamenco\n|-damage|p1a: Don Flamenco|12\/100\n|move|p1a: Don Flamenco|Rest|p1a: Don Flamenco\n|-status|p1a: Don Flamenco|slp|[from] move: Rest\n|-heal|p1a: Don Flamenco|100\/100 slp|[silent]\n|\n|upkeep\n|turn|20\n|\n|t:|1698082932\n|switch|p2a: Magearna|Magearna|100\/100\n|-damage|p2a: Magearna|84\/100|[from] Spikes\n|cant|p1a: Don Flamenco|slp\n|move|p1a: Don Flamenco|Sleep Talk|p1a: Don Flamenco\n|move|p1a: Don Flamenco|Curse|p1a: Don Flamenco|[from]move: Sleep Talk\n|-unboost|p1a: Don Flamenco|spe|1\n|-boost|p1a: Don Flamenco|atk|1\n|-boost|p1a: Don Flamenco|def|1\n|\n|-heal|p2a: Magearna|90\/100|[from] item: Leftovers\n|upkeep\n|turn|21\n|\n|t:|1698082940\n|move|p2a: Magearna|Draining Kiss|p1a: Don Flamenco\n|-damage|p1a: Don Flamenco|78\/100 slp\n|-heal|p2a: Magearna|100\/100|[from] drain|[of] p1a: Don Flamenco\n|cant|p1a: Don Flamenco|slp\n|move|p1a: Don Flamenco|Sleep Talk|p1a: Don Flamenco\n|move|p1a: Don Flamenco|Rest||[from]move: Sleep Talk|[still]\n|-fail|p1a: Don Flamenco\n|\n|-heal|p1a: Don Flamenco|84\/100 slp|[from] item: Leftovers\n|upkeep\n|turn|22\n|\n|t:|1698082947\n|move|p2a: Magearna|Encore||[still]\n|-fail|p2a: Magearna\n|-curestatus|p1a: Don Flamenco|slp|[msg]\n|move|p1a: Don Flamenco|Liquidation|p2a: Magearna\n|-damage|p2a: Magearna|61\/100\n|\n|-heal|p2a: Magearna|68\/100|[from] item: Leftovers\n|-heal|p1a: Don Flamenco|91\/100|[from] item: Leftovers\n|upkeep\n|turn|23\n|\n|t:|1698082951\n|move|p2a: Magearna|Draining Kiss|p1a: Don Flamenco\n|-crit|p1a: Don Flamenco\n|-damage|p1a: Don Flamenco|62\/100\n|-heal|p2a: Magearna|97\/100|[from] drain|[of] p1a: Don Flamenco\n|move|p1a: Don Flamenco|Liquidation|p2a: Magearna\n|-damage|p2a: Magearna|62\/100\n|-unboost|p2a: Magearna|def|1\n|\n|-heal|p2a: Magearna|68\/100|[from] item: Leftovers\n|-heal|p1a: Don Flamenco|68\/100|[from] item: Leftovers\n|upkeep\n|turn|24\n|\n|t:|1698082957\n|move|p2a: Magearna|Draining Kiss|p1a: Don Flamenco\n|-damage|p1a: Don Flamenco|49\/100\n|-heal|p2a: Magearna|88\/100|[from] drain|[of] p1a: Don Flamenco\n|move|p1a: Don Flamenco|Liquidation|p2a: Magearna\n|-damage|p2a: Magearna|50\/100\n|-unboost|p2a: Magearna|def|1\n|\n|-heal|p2a: Magearna|56\/100|[from] item: Leftovers\n|-heal|p1a: Don Flamenco|55\/100|[from] item: Leftovers\n|upkeep\n|turn|25\n|\n|t:|1698082964\n|move|p2a: Magearna|Draining Kiss|p1a: Don Flamenco\n|-damage|p1a: Don Flamenco|35\/100\n|-heal|p2a: Magearna|77\/100|[from] drain|[of] p1a: Don Flamenco\n|move|p1a: Don Flamenco|Liquidation|p2a: Magearna\n|-damage|p2a: Magearna|40\/100\n|\n|-heal|p2a: Magearna|46\/100|[from] item: Leftovers\n|-heal|p1a: Don Flamenco|42\/100|[from] item: Leftovers\n|upkeep\n|turn|26\n|\n|t:|1698082970\n|move|p2a: Magearna|Draining Kiss|p1a: Don Flamenco\n|-damage|p1a: Don Flamenco|20\/100\n|-heal|p2a: Magearna|69\/100|[from] drain|[of] p1a: Don Flamenco\n|move|p1a: Don Flamenco|Rest|p1a: Don Flamenco\n|-status|p1a: Don Flamenco|slp|[from] move: Rest\n|-heal|p1a: Don Flamenco|100\/100 slp|[silent]\n|\n|-heal|p2a: Magearna|75\/100|[from] item: Leftovers\n|upkeep\n|turn|27\n|\n|t:|1698082975\n|move|p2a: Magearna|Encore|p1a: Don Flamenco\n|-start|p1a: Don Flamenco|Encore\n|cant|p1a: Don Flamenco|slp\n|\n|-heal|p2a: Magearna|81\/100|[from] item: Leftovers\n|upkeep\n|turn|28\n|\n|t:|1698082978\n|move|p2a: Magearna|Draining Kiss|p1a: Don Flamenco\n|-damage|p1a: Don Flamenco|80\/100 slp\n|-heal|p2a: Magearna|100\/100|[from] drain|[of] p1a: Don Flamenco\n|cant|p1a: Don Flamenco|slp\n|\n|-heal|p1a: Don Flamenco|86\/100 slp|[from] item: Leftovers\n|upkeep\n|turn|29\n|\n|t:|1698082983\n|switch|p1a: Glowstone|Slowking-Galar, F|100\/100\n|move|p2a: Magearna|Draining Kiss|p1a: Glowstone\n|-resisted|p1a: Glowstone\n|-damage|p1a: Glowstone|94\/100\n|\n|upkeep\n|turn|30\n|\n|t:|1698082994\n|switch|p2a: Dialga|Dialga|100\/100\n|-damage|p2a: Dialga|84\/100|[from] Spikes\n|-ability|p2a: Dialga|Pressure\n|move|p1a: Glowstone|Flamethrower|p2a: Dialga\n|-damage|p2a: Dialga|71\/100\n|\n|-heal|p2a: Dialga|77\/100|[from] item: Leftovers\n|upkeep\n|turn|31\n|\n|t:|1698083007\n|move|p2a: Dialga|Flash Cannon|p1a: Glowstone\n|-damage|p1a: Glowstone|69\/100\n|move|p1a: Glowstone|Flamethrower|p2a: Dialga\n|-damage|p2a: Dialga|61\/100\n|\n|-heal|p2a: Dialga|68\/100|[from] item: Leftovers\n|upkeep\n|turn|32\n|\n|t:|1698083015\n|move|p2a: Dialga|Flash Cannon|p1a: Glowstone\n|-damage|p1a: Glowstone|47\/100\n|move|p1a: Glowstone|Flamethrower|p2a: Dialga\n|-damage|p2a: Dialga|54\/100\n|\n|-heal|p2a: Dialga|60\/100|[from] item: Leftovers\n|upkeep\n|turn|33\n|\n|t:|1698083021\n|move|p2a: Dialga|Flash Cannon|p1a: Glowstone\n|-damage|p1a: Glowstone|23\/100\n|move|p1a: Glowstone|Slack Off|p1a: Glowstone\n|-heal|p1a: Glowstone|73\/100\n|\n|-heal|p2a: Dialga|66\/100|[from] item: Leftovers\n|upkeep\n|turn|34\n|\n|t:|1698083025\n|move|p2a: Dialga|Flash Cannon|p1a: Glowstone\n|-damage|p1a: Glowstone|50\/100\n|-unboost|p1a: Glowstone|spd|1\n|move|p1a: Glowstone|Flamethrower|p2a: Dialga\n|-crit|p2a: Dialga\n|-damage|p2a: Dialga|43\/100\n|\n|-heal|p2a: Dialga|49\/100|[from] item: Leftovers\n|upkeep\n|turn|35\n|\n|t:|1698083030\n|move|p2a: Dialga|Flash Cannon|p1a: Glowstone\n|-damage|p1a: Glowstone|15\/100\n|move|p1a: Glowstone|Slack Off|p1a: Glowstone\n|-heal|p1a: Glowstone|65\/100\n|\n|-heal|p2a: Dialga|55\/100|[from] item: Leftovers\n|upkeep\n|turn|36\n|\n|t:|1698083039\n|switch|p1a: Don Flamenco|Dondozo, F|86\/100 slp\n|-damage|p1a: Don Flamenco|73\/100 slp|[from] Spikes\n|-damage|p1a: Don Flamenco|61\/100 slp|[from] Stealth Rock\n|move|p2a: Dialga|Flash Cannon|p1a: Don Flamenco\n|-resisted|p1a: Don Flamenco\n|-damage|p1a: Don Flamenco|41\/100 slp\n|\n|-heal|p2a: Dialga|61\/100|[from] item: Leftovers\n|-heal|p1a: Don Flamenco|48\/100 slp|[from] item: Leftovers\n|upkeep\n|turn|37\n|\n|t:|1698083046\n|move|p2a: Dialga|Draco Meteor|p1a: Don Flamenco\n|-damage|p1a: Don Flamenco|0 fnt\n|-unboost|p2a: Dialga|spa|2\n|faint|p1a: Don Flamenco\n|\n|-heal|p2a: Dialga|68\/100|[from] item: Leftovers\n|upkeep\n|\n|t:|1698083052\n|switch|p1a: Glowstone|Slowking-Galar, F|98\/100\n|turn|38\n|\n|t:|1698083064\n|switch|p2a: Magearna|Magearna|100\/100\n|-damage|p2a: Magearna|84\/100|[from] Spikes\n|move|p1a: Glowstone|Flamethrower|p2a: Magearna\n|-supereffective|p2a: Magearna\n|-damage|p2a: Magearna|44\/100\n|\n|-heal|p2a: Magearna|50\/100|[from] item: Leftovers\n|upkeep\n|turn|39\n|\n|t:|1698083073\n|move|p2a: Magearna|Ice Beam|p1a: Glowstone\n|-damage|p1a: Glowstone|83\/100\n|move|p1a: Glowstone|Flamethrower|p2a: Magearna\n|-supereffective|p2a: Magearna\n|-damage|p2a: Magearna|11\/100\n|\n|-heal|p2a: Magearna|17\/100|[from] item: Leftovers\n|upkeep\n|turn|40\n|\n|t:|1698083080\n|move|p2a: Magearna|Ice Beam|p1a: Glowstone\n|-damage|p1a: Glowstone|67\/100\n|move|p1a: Glowstone|Flamethrower|p2a: Magearna\n|-supereffective|p2a: Magearna\n|-damage|p2a: Magearna|0 fnt\n|faint|p2a: Magearna\n|\n|upkeep\n|\n|t:|1698083085\n|switch|p2a: Gholdengo|Gholdengo|74\/100\n|-damage|p2a: Gholdengo|57\/100|[from] Spikes\n|turn|41\n|\n|t:|1698083088\n|move|p2a: Gholdengo|Recover|p2a: Gholdengo\n|-heal|p2a: Gholdengo|100\/100\n|move|p1a: Glowstone|Flamethrower|p2a: Gholdengo\n|-supereffective|p2a: Gholdengo\n|-damage|p2a: Gholdengo|65\/100\n|\n|upkeep\n|turn|42\n|\n|t:|1698083093\n|move|p2a: Gholdengo|Nasty Plot|p2a: Gholdengo\n|-boost|p2a: Gholdengo|spa|2\n|move|p1a: Glowstone|Flamethrower|p2a: Gholdengo\n|-supereffective|p2a: Gholdengo\n|-damage|p2a: Gholdengo|33\/100\n|\n|upkeep\n|turn|43\n|\n|t:|1698083098\n|move|p2a: Gholdengo|Recover|p2a: Gholdengo\n|-heal|p2a: Gholdengo|83\/100\n|move|p1a: Glowstone|Flamethrower|p2a: Gholdengo\n|-supereffective|p2a: Gholdengo\n|-damage|p2a: Gholdengo|50\/100\n|\n|upkeep\n|turn|44\n|\n|t:|1698083100\n|move|p2a: Gholdengo|Recover|p2a: Gholdengo\n|-heal|p2a: Gholdengo|99\/100\n|move|p1a: Glowstone|Flamethrower|p2a: Gholdengo\n|-supereffective|p2a: Gholdengo\n|-damage|p2a: Gholdengo|69\/100\n|\n|upkeep\n|turn|45\n|\n|t:|1698083104\n|-terastallize|p1a: Glowstone|Fire\n|move|p2a: Gholdengo|Shadow Ball|p1a: Glowstone\n|-damage|p1a: Glowstone|21\/100\n|move|p1a: Glowstone|Flamethrower|p2a: Gholdengo\n|-supereffective|p2a: Gholdengo\n|-damage|p2a: Gholdengo|22\/100\n|\n|upkeep\n|turn|46\n|\n|t:|1698083110\n|move|p2a: Gholdengo|Shadow Ball|p1a: Glowstone\n|-damage|p1a: Glowstone|0 fnt\n|faint|p1a: Glowstone\n|\n|win|Leo Justice\n|c|\u2606Leo Justice|gg\n","uploadtime":1698083115,"views":11,"p1id":"alicielizzie","p2id":"leojustice","formatid":"gen9ubers","rating":0,"private":0,"password":""}