{"id":"gen9ubers-1974007132","p1":"ChungleWungle","p2":"RektCactus","format":"[Gen 9] Ubers","log":"|j|\u2606ChungleWungle\n|j|\u2606RektCactus\n|t:|1698040686\n|gametype|singles\n|player|p1|ChungleWungle|unknown|\n|player|p2|RektCactus|266|\n|teamsize|p1|6\n|teamsize|p2|6\n|gen|9\n|tier|[Gen 9] Ubers\n|rule|Sleep Clause Mod: Limit one foe put to sleep\n|rule|Species Clause: Limit one of each Pok\u00e9mon\n|rule|OHKO Clause: OHKO moves are banned\n|rule|Evasion Items Clause: Evasion items are banned\n|rule|Evasion Moves Clause: Evasion moves are banned\n|rule|Endless Battle Clause: Forcing endless battles is banned\n|rule|HP Percentage Mod: HP is shown in percentages\n|clearpoke\n|poke|p1|Ludicolo, M|\n|poke|p1|Iron Valiant|\n|poke|p1|Weavile, M|\n|poke|p1|Tinkaton, F|\n|poke|p1|Polteageist-Antique|\n|poke|p1|Iron Hands|\n|poke|p2|Ogerpon-Hearthflame, F|\n|poke|p2|Sneasler, M|\n|poke|p2|Urshifu-*, F|\n|poke|p2|Landorus-Therian, M|\n|poke|p2|Sinistcha|\n|poke|p2|Rillaboom, M|\n|teampreview\n|\n|t:|1698040708\n|start\n|switch|p1a: Perry the Ludicolo|Ludicolo, M, shiny|100\/100\n|switch|p2a: Monke|Rillaboom, M|100\/100\n|-fieldstart|move: Grassy Terrain|[from] ability: Grassy Surge|[of] p2a: Monke\n|turn|1\n|j| RiddleDog\n|\n|t:|1698040721\n|move|p2a: Monke|U-turn|p1a: Perry the Ludicolo\n|-supereffective|p1a: Perry the Ludicolo\n|-damage|p1a: Perry the Ludicolo|3\/100\n|\n|t:|1698040736\n|switch|p2a: MATCHA PIECE OF|Sinistcha|100\/100|[from] U-turn\n|move|p1a: Perry the Ludicolo|Metronome|p1a: Perry the Ludicolo\n|move|p1a: Perry the Ludicolo|Infestation|p2a: MATCHA PIECE OF|[from]move: Metronome\n|-damage|p2a: MATCHA PIECE OF|96\/100\n|-activate|p2a: MATCHA PIECE OF|move: Infestation|[of] p1a: Perry the Ludicolo\n|\n|-heal|p2a: MATCHA PIECE OF|100\/100|[from] Grassy Terrain\n|-heal|p1a: Perry the Ludicolo|9\/100|[from] Grassy Terrain\n|-damage|p2a: MATCHA PIECE OF|88\/100|[from] move: Infestation|[partiallytrapped]\n|upkeep\n|turn|2\n|\n|t:|1698040757\n|move|p2a: MATCHA PIECE OF|Calm Mind|p2a: MATCHA PIECE OF\n|-boost|p2a: MATCHA PIECE OF|spa|1\n|-boost|p2a: MATCHA PIECE OF|spd|1\n|move|p1a: Perry the Ludicolo|Metronome|p1a: Perry the Ludicolo\n|move|p1a: Perry the Ludicolo|Role Play|p2a: MATCHA PIECE OF|[from]move: Metronome\n|-endability|p1a: Perry the Ludicolo|Own Tempo|[from] move: Role Play\n|-ability|p1a: Perry the Ludicolo|Heatproof|[from] move: Role Play|[of] p2a: MATCHA PIECE OF\n|\n|-heal|p2a: MATCHA PIECE OF|94\/100|[from] Grassy Terrain\n|-heal|p1a: Perry the Ludicolo|15\/100|[from] Grassy Terrain\n|-damage|p2a: MATCHA PIECE OF|82\/100|[from] move: Infestation|[partiallytrapped]\n|upkeep\n|turn|3\n|\n|t:|1698040785\n|move|p2a: MATCHA PIECE OF|Calm Mind|p2a: MATCHA PIECE OF\n|-boost|p2a: MATCHA PIECE OF|spa|1\n|-boost|p2a: MATCHA PIECE OF|spd|1\n|move|p1a: Perry the Ludicolo|Metronome|p1a: Perry the Ludicolo\n|move|p1a: Perry the Ludicolo|Substitute|p1a: Perry the Ludicolo|[from]move: Metronome\n|-fail|p1a: Perry the Ludicolo|move: Substitute|[weak]\n|\n|-heal|p2a: MATCHA PIECE OF|88\/100|[from] Grassy Terrain\n|-heal|p1a: Perry the Ludicolo|21\/100|[from] Grassy Terrain\n|-damage|p2a: MATCHA PIECE OF|75\/100|[from] move: Infestation|[partiallytrapped]\n|upkeep\n|turn|4\n|\n|t:|1698040796\n|move|p2a: MATCHA PIECE OF|Matcha Gotcha|p1a: Perry the Ludicolo\n|-damage|p1a: Perry the Ludicolo|0 fnt\n|-heal|p2a: MATCHA PIECE OF|86\/100|[from] drain|[of] p1a: Perry the Ludicolo\n|faint|p1a: Perry the Ludicolo\n|\n|-heal|p2a: MATCHA PIECE OF|92\/100|[from] Grassy Terrain\n|-end|p2a: MATCHA PIECE OF|Infestation|[partiallytrapped]|[silent]\n|upkeep\n|\n|t:|1698040810\n|switch|p1a: Frying Pan|Iron Valiant, shiny|100\/100\n|turn|5\n|\n|t:|1698040819\n|move|p1a: Frying Pan|Metronome|p1a: Frying Pan\n|move|p1a: Frying Pan|Acupressure|p1a: Frying Pan|[from]move: Metronome\n|-boost|p1a: Frying Pan|spd|2\n|move|p2a: MATCHA PIECE OF|Matcha Gotcha|p1a: Frying Pan\n|-crit|p1a: Frying Pan\n|-damage|p1a: Frying Pan|0 fnt\n|-heal|p2a: MATCHA PIECE OF|100\/100|[from] drain|[of] p1a: Frying Pan\n|faint|p1a: Frying Pan\n|-end|p1a: Frying Pan|Quark Drive|[silent]\n|\n|-fieldend|move: Grassy Terrain\n|upkeep\n|\n|t:|1698040842\n|switch|p1a: DA WEAVAH|Weavile, M, shiny|100\/100\n|turn|6\n|\n|t:|1698040858\n|move|p1a: DA WEAVAH|Metronome|p1a: DA WEAVAH\n|move|p1a: DA WEAVAH|Tail Whip|p2a: MATCHA PIECE OF|[from]move: Metronome\n|-unboost|p2a: MATCHA PIECE OF|def|1\n|move|p2a: MATCHA PIECE OF|Matcha Gotcha|p1a: DA WEAVAH\n|-damage|p1a: DA WEAVAH|8\/100\n|\n|upkeep\n|turn|7\n|\n|t:|1698040875\n|move|p1a: DA WEAVAH|Metronome|p1a: DA WEAVAH\n|move|p1a: DA WEAVAH|Power Trip|p2a: MATCHA PIECE OF|[from]move: Metronome\n|-supereffective|p2a: MATCHA PIECE OF\n|-crit|p2a: MATCHA PIECE OF\n|-damage|p2a: MATCHA PIECE OF|65\/100\n|move|p2a: MATCHA PIECE OF|Shadow Ball|p1a: DA WEAVAH\n|-resisted|p1a: DA WEAVAH\n|-damage|p1a: DA WEAVAH|0 fnt\n|faint|p1a: DA WEAVAH\n|\n|upkeep\n|\n|t:|1698040893\n|switch|p1a: Luigi|Tinkaton, F|100\/100\n|-ability|p1a: Luigi|Mold Breaker\n|turn|8\n|\n|t:|1698040907\n|move|p1a: Luigi|Metronome|p1a: Luigi\n|move|p1a: Luigi|Cut|p2a: MATCHA PIECE OF|[from]move: Metronome\n|-immune|p2a: MATCHA PIECE OF\n|move|p2a: MATCHA PIECE OF|Strength Sap|p1a: Luigi\n|-unboost|p1a: Luigi|atk|1\n|-heal|p2a: MATCHA PIECE OF|100\/100\n|\n|upkeep\n|turn|9\n|\n|t:|1698040917\n|move|p1a: Luigi|Metronome|p1a: Luigi\n|move|p1a: Luigi|Aura Sphere|p2a: MATCHA PIECE OF|[from]move: Metronome\n|-immune|p2a: MATCHA PIECE OF\n|move|p2a: MATCHA PIECE OF|Matcha Gotcha|p1a: Luigi\n|-resisted|p1a: Luigi\n|-damage|p1a: Luigi|75\/100\n|\n|upkeep\n|turn|10\n|\n|t:|1698040932\n|move|p1a: Luigi|Metronome|p1a: Luigi\n|move|p1a: Luigi|Air Slash|p2a: MATCHA PIECE OF|[from]move: Metronome\n|-supereffective|p2a: MATCHA PIECE OF\n|-damage|p2a: MATCHA PIECE OF|87\/100\n|move|p2a: MATCHA PIECE OF|Matcha Gotcha|p1a: Luigi\n|-resisted|p1a: Luigi\n|-damage|p1a: Luigi|46\/100\n|-heal|p2a: MATCHA PIECE OF|100\/100|[from] drain|[of] p1a: Luigi\n|\n|upkeep\n|turn|11\n|\n|t:|1698040957\n|move|p1a: Luigi|Metronome|p1a: Luigi\n|move|p1a: Luigi|Swagger|p2a: MATCHA PIECE OF|[from]move: Metronome|[miss]\n|-miss|p1a: Luigi|p2a: MATCHA PIECE OF\n|move|p2a: MATCHA PIECE OF|Matcha Gotcha|p1a: Luigi\n|-resisted|p1a: Luigi\n|-damage|p1a: Luigi|16\/100\n|-status|p1a: Luigi|brn\n|\n|-damage|p1a: Luigi|10\/100 brn|[from] brn\n|upkeep\n|turn|12\n|\n|t:|1698040979\n|move|p1a: Luigi|Metronome|p1a: Luigi\n|move|p1a: Luigi|Iron Head|p2a: MATCHA PIECE OF|[from]move: Metronome\n|-damage|p2a: MATCHA PIECE OF|93\/100\n|move|p2a: MATCHA PIECE OF|Calm Mind|p2a: MATCHA PIECE OF\n|-boost|p2a: MATCHA PIECE OF|spa|1\n|-boost|p2a: MATCHA PIECE OF|spd|1\n|\n|-damage|p1a: Luigi|4\/100 brn|[from] brn\n|upkeep\n|turn|13\n|\n|t:|1698040992\n|move|p1a: Luigi|Metronome|p1a: Luigi\n|move|p1a: Luigi|Aqua Step|p2a: MATCHA PIECE OF|[from]move: Metronome\n|-resisted|p2a: MATCHA PIECE OF\n|-damage|p2a: MATCHA PIECE OF|90\/100\n|-boost|p1a: Luigi|spe|1\n|move|p2a: MATCHA PIECE OF|Calm Mind|p2a: MATCHA PIECE OF\n|-boost|p2a: MATCHA PIECE OF|spa|1\n|-boost|p2a: MATCHA PIECE OF|spd|1\n|\n|-damage|p1a: Luigi|0 fnt|[from] brn\n|faint|p1a: Luigi\n|upkeep\n|\n|t:|1698041006\n|switch|p1a: Mister Fister|Iron Hands, shiny|100\/100\n|turn|14\n|\n|t:|1698041017\n|switch|p2a: Sneaky Bitch|Sneasler, M|100\/100\n|move|p1a: Mister Fister|Metronome|p1a: Mister Fister\n|move|p1a: Mister Fister|Lick|p2a: Sneaky Bitch|[from]move: Metronome\n|-damage|p2a: Sneaky Bitch|80\/100\n|\n|upkeep\n|turn|15\n|\n|t:|1698041028\n|switch|p2a: Dog|Urshifu, F|100\/100\n|move|p1a: Mister Fister|Metronome|p1a: Mister Fister\n|move|p1a: Mister Fister|Rollout|p2a: Dog|[from]move: Metronome|[miss]\n|-miss|p1a: Mister Fister|p2a: Dog\n|\n|upkeep\n|turn|16\n|\n|t:|1698041035\n|switch|p2a: Dog2|Landorus-Therian, M|100\/100\n|-ability|p2a: Dog2|Intimidate|boost\n|-unboost|p1a: Mister Fister|atk|1\n|move|p1a: Mister Fister|Metronome|p1a: Mister Fister\n|move|p1a: Mister Fister|Growth|p1a: Mister Fister|[from]move: Metronome\n|-boost|p1a: Mister Fister|atk|1\n|-boost|p1a: Mister Fister|spa|1\n|\n|upkeep\n|turn|17\n|\n|t:|1698041047\n|switch|p2a: Monke|Rillaboom, M|100\/100\n|-fieldstart|move: Grassy Terrain|[from] ability: Grassy Surge|[of] p2a: Monke\n|move|p1a: Mister Fister|Metronome|p1a: Mister Fister\n|move|p1a: Mister Fister|Beat Up|p2a: Monke|[from]move: Metronome\n|-damage|p2a: Monke|92\/100\n|-damage|p2a: Monke|88\/100\n|-hitcount|p2a: Monke|2\n|\n|-heal|p2a: Monke|94\/100|[from] Grassy Terrain\n|upkeep\n|turn|18\n|\n|t:|1698041058\n|switch|p2a: Zuki|Ogerpon-Hearthflame, F|100\/100\n|-ability|p2a: Zuki|Mold Breaker\n|move|p1a: Mister Fister|Metronome|p1a: Mister Fister\n|move|p1a: Mister Fister|Pay Day|p2a: Zuki|[from]move: Metronome\n|-damage|p2a: Zuki|81\/100\n|\n|-heal|p2a: Zuki|87\/100|[from] Grassy Terrain\n|upkeep\n|turn|19\n|\n|t:|1698041073\n|move|p2a: Zuki|Play Rough|p1a: Mister Fister\n|-supereffective|p1a: Mister Fister\n|-damage|p1a: Mister Fister|53\/100\n|move|p1a: Mister Fister|Metronome|p1a: Mister Fister\n|move|p1a: Mister Fister|Lumina Crash|p2a: Zuki|[from]move: Metronome\n|-damage|p2a: Zuki|67\/100\n|-unboost|p2a: Zuki|spd|2\n|\n|-heal|p2a: Zuki|73\/100|[from] Grassy Terrain\n|-heal|p1a: Mister Fister|59\/100|[from] Grassy Terrain\n|upkeep\n|turn|20\n|\n|t:|1698041089\n|move|p2a: Zuki|Swords Dance|p2a: Zuki\n|-boost|p2a: Zuki|atk|2\n|move|p1a: Mister Fister|Metronome|p1a: Mister Fister\n|move|p1a: Mister Fister|Slam|p2a: Zuki|[from]move: Metronome\n|-damage|p2a: Zuki|35\/100\n|\n|-heal|p2a: Zuki|41\/100|[from] Grassy Terrain\n|-heal|p1a: Mister Fister|65\/100|[from] Grassy Terrain\n|upkeep\n|turn|21\n|\n|t:|1698041098\n|move|p2a: Zuki|Play Rough|p1a: Mister Fister|[miss]\n|-miss|p2a: Zuki|p1a: Mister Fister\n|move|p1a: Mister Fister|Metronome|p1a: Mister Fister\n|move|p1a: Mister Fister|Dark Void|p2a: Zuki|[from]move: Metronome\n|-fail|p1a: Mister Fister|move: Dark Void\n|-hint|Only a Pokemon whose form is Darkrai can use this move.\n|\n|-heal|p2a: Zuki|47\/100|[from] Grassy Terrain\n|-heal|p1a: Mister Fister|71\/100|[from] Grassy Terrain\n|-fieldend|move: Grassy Terrain\n|upkeep\n|turn|22\n|\n|t:|1698041145\n|move|p2a: Zuki|Play Rough|p1a: Mister Fister\n|-supereffective|p1a: Mister Fister\n|-damage|p1a: Mister Fister|0 fnt\n|faint|p1a: Mister Fister\n|-end|p1a: Mister Fister|Quark Drive|[silent]\n|\n|upkeep\n|\n|t:|1698041150\n|switch|p1a: Cuppa|Polteageist-Antique, shiny|100\/100\n|turn|23\n|\n|t:|1698041156\n|switch|p2a: MATCHA PIECE OF|Sinistcha|90\/100\n|-terastallize|p1a: Cuppa|Fire\n|move|p1a: Cuppa|Metronome|p1a: Cuppa\n|move|p1a: Cuppa|Facade|p2a: MATCHA PIECE OF|[from]move: Metronome\n|-immune|p2a: MATCHA PIECE OF\n|\n|upkeep\n|turn|24\n|\n|t:|1698041167\n|move|p1a: Cuppa|Metronome|p1a: Cuppa\n|move|p1a: Cuppa|Parting Shot|p2a: MATCHA PIECE OF|[from]move: Metronome\n|-unboost|p2a: MATCHA PIECE OF|atk|1\n|-unboost|p2a: MATCHA PIECE OF|spa|1\n|move|p2a: MATCHA PIECE OF|Matcha Gotcha|p1a: Cuppa\n|-resisted|p1a: Cuppa\n|-damage|p1a: Cuppa|89\/100\n|-heal|p2a: MATCHA PIECE OF|94\/100|[from] drain|[of] p1a: Cuppa\n|-start|p2a: MATCHA PIECE OF|Disable|Matcha Gotcha|[from] ability: Cursed Body|[of] p1a: Cuppa\n|\n|upkeep\n|turn|25\n|\n|t:|1698041185\n|move|p1a: Cuppa|Metronome|p1a: Cuppa\n|move|p1a: Cuppa|Throat Chop|p2a: MATCHA PIECE OF|[from]move: Metronome\n|-supereffective|p2a: MATCHA PIECE OF\n|-damage|p2a: MATCHA PIECE OF|77\/100\n|move|p2a: MATCHA PIECE OF|Shadow Ball|p1a: Cuppa\n|-damage|p1a: Cuppa|62\/100\n|\n|upkeep\n|turn|26\n|\n|t:|1698041197\n|move|p1a: Cuppa|Metronome|p1a: Cuppa\n|move|p1a: Cuppa|Brave Bird|p2a: MATCHA PIECE OF|[from]move: Metronome\n|-supereffective|p2a: MATCHA PIECE OF\n|-damage|p2a: MATCHA PIECE OF|52\/100\n|-damage|p1a: Cuppa|52\/100|[from] Recoil\n|move|p2a: MATCHA PIECE OF|Shadow Ball|p1a: Cuppa\n|-damage|p1a: Cuppa|28\/100\n|\n|upkeep\n|turn|27\n|\n|t:|1698041208\n|move|p1a: Cuppa|Metronome|p1a: Cuppa\n|move|p1a: Cuppa|Ice Spinner|p2a: MATCHA PIECE OF|[from]move: Metronome\n|-supereffective|p2a: MATCHA PIECE OF\n|-damage|p2a: MATCHA PIECE OF|36\/100\n|move|p2a: MATCHA PIECE OF|Shadow Ball|p1a: Cuppa\n|-damage|p1a: Cuppa|5\/100\n|-enditem|p1a: Cuppa|Salac Berry|[eat]\n|-boost|p1a: Cuppa|spe|1|[from] item: Salac Berry\n|\n|-end|p2a: MATCHA PIECE OF|Disable\n|upkeep\n|turn|28\n|\n|t:|1698041230\n|move|p1a: Cuppa|Metronome|p1a: Cuppa\n|move|p1a: Cuppa|Charge|p1a: Cuppa|[from]move: Metronome\n|-boost|p1a: Cuppa|spd|1\n|-start|p1a: Cuppa|Charge\n|move|p2a: MATCHA PIECE OF|Calm Mind|p2a: MATCHA PIECE OF\n|-boost|p2a: MATCHA PIECE OF|spa|1\n|-boost|p2a: MATCHA PIECE OF|spd|1\n|\n|upkeep\n|turn|29\n|\n|t:|1698041238\n|move|p1a: Cuppa|Metronome|p1a: Cuppa\n|move|p1a: Cuppa|Haze|p1a: Cuppa|[from]move: Metronome\n|-clearallboost\n|move|p2a: MATCHA PIECE OF|Calm Mind|p2a: MATCHA PIECE OF\n|-boost|p2a: MATCHA PIECE OF|spa|1\n|-boost|p2a: MATCHA PIECE OF|spd|1\n|\n|upkeep\n|turn|30\n|\n|t:|1698041245\n|move|p1a: Cuppa|Metronome|p1a: Cuppa\n|move|p1a: Cuppa|Swords Dance|p1a: Cuppa|[from]move: Metronome\n|-boost|p1a: Cuppa|atk|2\n|move|p2a: MATCHA PIECE OF|Calm Mind|p2a: MATCHA PIECE OF\n|-boost|p2a: MATCHA PIECE OF|spa|1\n|-boost|p2a: MATCHA PIECE OF|spd|1\n|\n|upkeep\n|turn|31\n|\n|t:|1698041252\n|move|p1a: Cuppa|Metronome|p1a: Cuppa\n|move|p1a: Cuppa|Play Nice|p2a: MATCHA PIECE OF|[from]move: Metronome\n|-unboost|p2a: MATCHA PIECE OF|atk|1\n|move|p2a: MATCHA PIECE OF|Calm Mind|p2a: MATCHA PIECE OF\n|-boost|p2a: MATCHA PIECE OF|spa|1\n|-boost|p2a: MATCHA PIECE OF|spd|1\n|\n|upkeep\n|turn|32\n|\n|t:|1698041258\n|move|p1a: Cuppa|Metronome|p1a: Cuppa\n|move|p1a: Cuppa|Power Gem|p2a: MATCHA PIECE OF|[from]move: Metronome\n|-damage|p2a: MATCHA PIECE OF|22\/100\n|move|p2a: MATCHA PIECE OF|Calm Mind|p2a: MATCHA PIECE OF\n|-boost|p2a: MATCHA PIECE OF|spa|1\n|-boost|p2a: MATCHA PIECE OF|spd|1\n|\n|upkeep\n|turn|33\n|\n|t:|1698041265\n|move|p1a: Cuppa|Metronome|p1a: Cuppa\n|move|p1a: Cuppa|Toxic Spikes|p2a: MATCHA PIECE OF|[from]move: Metronome\n|-sidestart|p2: RektCactus|move: Toxic Spikes\n|move|p2a: MATCHA PIECE OF|Calm Mind|p2a: MATCHA PIECE OF\n|-boost|p2a: MATCHA PIECE OF|spa|1\n|-boost|p2a: MATCHA PIECE OF|spd|1\n|\n|upkeep\n|turn|34\n|\n|t:|1698041271\n|move|p1a: Cuppa|Metronome|p1a: Cuppa\n|move|p1a: Cuppa|Mountain Gale|p2a: MATCHA PIECE OF|[from]move: Metronome|[miss]\n|-miss|p1a: Cuppa|p2a: MATCHA PIECE OF\n|move|p2a: MATCHA PIECE OF|Calm Mind|p2a: MATCHA PIECE OF\n|-boost|p2a: MATCHA PIECE OF|spa|1\n|-boost|p2a: MATCHA PIECE OF|spd|1\n|\n|upkeep\n|turn|35\n|\n|t:|1698041286\n|move|p1a: Cuppa|Metronome|p1a: Cuppa\n|move|p1a: Cuppa|Overheat|p2a: MATCHA PIECE OF|[from]move: Metronome\n|-supereffective|p2a: MATCHA PIECE OF\n|-damage|p2a: MATCHA PIECE OF|0 fnt\n|-unboost|p1a: Cuppa|spa|2\n|faint|p2a: MATCHA PIECE OF\n|\n|upkeep\n|\n|t:|1698041295\n|switch|p2a: Monke|Rillaboom, M|94\/100\n|-status|p2a: Monke|psn\n|-fieldstart|move: Grassy Terrain|[from] ability: Grassy Surge|[of] p2a: Monke\n|turn|36\n|\n|t:|1698041300\n|move|p2a: Monke|U-turn|p1a: Cuppa\n|-resisted|p1a: Cuppa\n|-damage|p1a: Cuppa|0 fnt\n|faint|p1a: Cuppa\n|\n|win|RektCactus\n|l|\u2606ChungleWungle\n","uploadtime":1698041859,"views":15,"p1id":"chunglewungle","p2id":"rektcactus","formatid":"gen9ubers","rating":0,"private":0,"password":""}