{"id":"gen9ubers-1968820703","p1":"LadyCynthia32","p2":"Dhdjdjd","format":"[Gen 9] Ubers","log":"|j|\u2606LadyCynthia32\n|j|\u2606Dhdjdjd\n|t:|1697467568\n|gametype|singles\n|player|p1|LadyCynthia32|cynthia-gen4|\n|player|p2|Dhdjdjd|2|\n|teamsize|p1|6\n|teamsize|p2|6\n|gen|9\n|tier|[Gen 9] Ubers\n|rule|Sleep Clause Mod: Limit one foe put to sleep\n|rule|Species Clause: Limit one of each Pok\u00e9mon\n|rule|OHKO Clause: OHKO moves are banned\n|rule|Evasion Items Clause: Evasion items are banned\n|rule|Evasion Moves Clause: Evasion moves are banned\n|rule|Endless Battle Clause: Forcing endless battles is banned\n|rule|HP Percentage Mod: HP is shown in percentages\n|clearpoke\n|poke|p1|Dialga|\n|poke|p1|Palkia-Origin|\n|poke|p1|Giratina|\n|poke|p1|Arceus-Dark|\n|poke|p1|Chi-Yu|\n|poke|p1|Magearna|\n|poke|p2|Dialga|\n|poke|p2|Arceus-Dark|\n|poke|p2|Ursaluna-Bloodmoon, M|\n|poke|p2|Urshifu-*, F|\n|poke|p2|Palkia-Origin|\n|poke|p2|Zacian-*|\n|teampreview\n|c|\u2606LadyCynthia32|glhf\n|\n|t:|1697467594\n|start\n|switch|p1a: Dialga|Dialga|100\/100\n|switch|p2a: Urshifu|Urshifu, F|100\/100\n|-ability|p1a: Dialga|Pressure\n|turn|1\n|\n|t:|1697467612\n|switch|p1a: Giratina|Giratina|100\/100\n|-ability|p1a: Giratina|Pressure\n|move|p2a: Urshifu|Wicked Blow|p1a: Giratina\n|-supereffective|p1a: Giratina\n|-crit|p1a: Giratina\n|-damage|p1a: Giratina|37\/100\n|\n|-heal|p1a: Giratina|44\/100|[from] item: Leftovers\n|upkeep\n|turn|2\n|c|\u2606LadyCynthia32|omg the read\n|\n|t:|1697467632\n|switch|p1a: Magearna|Magearna|100\/100\n|move|p2a: Urshifu|Wicked Blow|p1a: Magearna\n|-resisted|p1a: Magearna\n|-crit|p1a: Magearna\n|-damage|p1a: Magearna|77\/100\n|\n|-heal|p1a: Magearna|83\/100|[from] item: Leftovers\n|upkeep\n|turn|3\n|\n|t:|1697467649\n|switch|p2a: Dialga|Dialga|100\/100\n|-ability|p2a: Dialga|Pressure\n|-terastallize|p1a: Magearna|Fairy\n|move|p1a: Magearna|Shift Gear|p1a: Magearna\n|-boost|p1a: Magearna|spe|2\n|-boost|p1a: Magearna|atk|1\n|\n|-heal|p1a: Magearna|89\/100|[from] item: Leftovers\n|upkeep\n|turn|4\n|\n|t:|1697467664\n|move|p1a: Magearna|Calm Mind|p1a: Magearna\n|-boost|p1a: Magearna|spa|1\n|-boost|p1a: Magearna|spd|1\n|move|p2a: Dialga|Flash Cannon|p1a: Magearna\n|-supereffective|p1a: Magearna\n|-damage|p1a: Magearna|31\/100\n|\n|-heal|p1a: Magearna|37\/100|[from] item: Leftovers\n|upkeep\n|turn|5\n|\n|t:|1697467672\n|move|p1a: Magearna|Fleur Cannon|p2a: Dialga\n|-damage|p2a: Dialga|0 fnt\n|-unboost|p1a: Magearna|spa|2\n|faint|p2a: Dialga\n|-ability|p1a: Magearna|Soul-Heart|boost\n|-boost|p1a: Magearna|spa|1\n|\n|-heal|p1a: Magearna|43\/100|[from] item: Leftovers\n|upkeep\n|\n|t:|1697467716\n|switch|p2a: Urshifu|Urshifu, F|100\/100\n|turn|6\n|\n|t:|1697467758\n|switch|p2a: Ursaluna|Ursaluna-Bloodmoon, M|100\/100\n|move|p1a: Magearna|Fleur Cannon|p2a: Ursaluna\n|-damage|p2a: Ursaluna|29\/100\n|-unboost|p1a: Magearna|spa|2\n|\n|-heal|p1a: Magearna|49\/100|[from] item: Leftovers\n|upkeep\n|turn|7\n|\n|t:|1697467780\n|move|p1a: Magearna|Stored Power|p2a: Ursaluna\n|-damage|p2a: Ursaluna|16\/100\n|move|p2a: Ursaluna|Earth Power|p1a: Magearna\n|-damage|p1a: Magearna|18\/100\n|\n|-heal|p1a: Magearna|24\/100|[from] item: Leftovers\n|upkeep\n|turn|8\n|\n|t:|1697467819\n|move|p2a: Ursaluna|Vacuum Wave|p1a: Magearna\n|-resisted|p1a: Magearna\n|-damage|p1a: Magearna|19\/100\n|move|p1a: Magearna|Calm Mind|p1a: Magearna\n|-boost|p1a: Magearna|spa|1\n|-boost|p1a: Magearna|spd|1\n|\n|-heal|p1a: Magearna|25\/100|[from] item: Leftovers\n|upkeep\n|turn|9\n|\n|t:|1697467828\n|move|p1a: Magearna|Shift Gear|p1a: Magearna\n|-boost|p1a: Magearna|spe|2\n|-boost|p1a: Magearna|atk|1\n|move|p2a: Ursaluna|Hyper Voice|p1a: Magearna\n|-damage|p1a: Magearna|4\/100\n|\n|-heal|p1a: Magearna|10\/100|[from] item: Leftovers\n|upkeep\n|turn|10\n|\n|t:|1697467839\n|move|p1a: Magearna|Stored Power|p2a: Ursaluna\n|-damage|p2a: Ursaluna|0 fnt\n|faint|p2a: Ursaluna\n|-ability|p1a: Magearna|Soul-Heart|boost\n|-boost|p1a: Magearna|spa|1\n|\n|-heal|p1a: Magearna|16\/100|[from] item: Leftovers\n|upkeep\n|\n|t:|1697467856\n|switch|p2a: Palkia|Palkia-Origin|100\/100\n|-ability|p2a: Palkia|Pressure\n|turn|11\n|\n|t:|1697467871\n|-terastallize|p2a: Palkia|Steel\n|move|p1a: Magearna|Fleur Cannon|p2a: Palkia\n|-resisted|p2a: Palkia\n|-damage|p2a: Palkia|53\/100\n|-unboost|p1a: Magearna|spa|2\n|move|p2a: Palkia|Tera Blast|p1a: Magearna|[anim] Tera Blast Steel\n|-supereffective|p1a: Magearna\n|-damage|p1a: Magearna|0 fnt\n|faint|p1a: Magearna\n|\n|upkeep\n|\n|t:|1697467882\n|switch|p1a: Chi-Yu|Chi-Yu|100\/100\n|-ability|p1a: Chi-Yu|Beads of Ruin\n|turn|12\n|\n|t:|1697467889\n|switch|p2a: Arceus|Arceus-Dark|100\/100\n|move|p1a: Chi-Yu|Overheat|p2a: Arceus\n|-damage|p2a: Arceus|30\/100\n|-unboost|p1a: Chi-Yu|spa|2\n|\n|upkeep\n|turn|13\n|\n|t:|1697467902\n|switch|p1a: Palkia|Palkia-Origin|100\/100\n|-ability|p1a: Palkia|Pressure\n|move|p2a: Arceus|Thunder Wave|p1a: Palkia\n|-status|p1a: Palkia|par\n|\n|upkeep\n|turn|14\n|\n|t:|1697467914\n|move|p2a: Arceus|Foul Play|p1a: Palkia\n|-damage|p1a: Palkia|68\/100 par\n|cant|p1a: Palkia|par\n|\n|upkeep\n|turn|15\n|\n|t:|1697467920\n|move|p2a: Arceus|Foul Play|p1a: Palkia\n|-damage|p1a: Palkia|35\/100 par\n|move|p1a: Palkia|Spacial Rend|p2a: Arceus\n|-damage|p2a: Arceus|0 fnt\n|faint|p2a: Arceus\n|\n|upkeep\n|\n|t:|1697467930\n|switch|p2a: Zacian|Zacian|100\/100\n|-ability|p2a: Zacian|Intrepid Sword|boost\n|-boost|p2a: Zacian|atk|1\n|turn|16\n|\n|t:|1697467942\n|move|p2a: Zacian|Play Rough|p1a: Palkia\n|-supereffective|p1a: Palkia\n|-damage|p1a: Palkia|0 fnt\n|faint|p1a: Palkia\n|\n|upkeep\n|\n|t:|1697467975\n|switch|p1a: Dialga|Dialga|100\/100\n|-ability|p1a: Dialga|Pressure\n|turn|17\n|\n|t:|1697467981\n|switch|p2a: Palkia|Palkia-Origin, tera:Steel|53\/100\n|-ability|p2a: Palkia|Pressure\n|move|p1a: Dialga|Flash Cannon|p2a: Palkia\n|-resisted|p2a: Palkia\n|-damage|p2a: Palkia|33\/100\n|\n|upkeep\n|turn|18\n|\n|t:|1697467991\n|move|p2a: Palkia|Spacial Rend|p1a: Dialga\n|-crit|p1a: Dialga\n|-damage|p1a: Dialga|3\/100\n|move|p1a: Dialga|Thunder Wave|p2a: Palkia\n|-status|p2a: Palkia|par\n|\n|-heal|p1a: Dialga|9\/100|[from] item: Leftovers\n|upkeep\n|turn|19\n|\n|t:|1697468017\n|move|p1a: Dialga|Draco Meteor|p2a: Palkia\n|-resisted|p2a: Palkia\n|-damage|p2a: Palkia|0 fnt\n|-unboost|p1a: Dialga|spa|2\n|faint|p2a: Palkia\n|\n|-heal|p1a: Dialga|15\/100|[from] item: Leftovers\n|upkeep\n|\n|t:|1697468029\n|switch|p2a: Zacian|Zacian|100\/100\n|turn|20\n|\n|t:|1697468035\n|move|p2a: Zacian|Play Rough|p1a: Dialga\n|-damage|p1a: Dialga|0 fnt\n|faint|p1a: Dialga\n|\n|upkeep\n|\n|t:|1697468074\n|switch|p1a: Arceus|Arceus-Dark|100\/100\n|turn|21\n|\n|t:|1697468088\n|move|p2a: Zacian|Play Rough|p1a: Arceus\n|-supereffective|p1a: Arceus\n|-damage|p1a: Arceus|7\/100\n|move|p1a: Arceus|Thunder Wave|p2a: Zacian\n|-status|p2a: Zacian|par\n|\n|upkeep\n|turn|22\n|\n|t:|1697468096\n|move|p1a: Arceus|Foul Play|p2a: Zacian\n|-resisted|p2a: Zacian\n|-damage|p2a: Zacian|75\/100 par\n|move|p2a: Zacian|Play Rough|p1a: Arceus\n|-supereffective|p1a: Arceus\n|-damage|p1a: Arceus|0 fnt\n|faint|p1a: Arceus\n|\n|upkeep\n|\n|t:|1697468101\n|switch|p1a: Chi-Yu|Chi-Yu|100\/100\n|-ability|p1a: Chi-Yu|Beads of Ruin\n|turn|23\n|\n|t:|1697468110\n|move|p1a: Chi-Yu|Overheat|p2a: Zacian\n|-damage|p2a: Zacian|0 fnt\n|-unboost|p1a: Chi-Yu|spa|2\n|faint|p2a: Zacian\n|\n|upkeep\n|\n|t:|1697468116\n|switch|p2a: Urshifu|Urshifu, F|100\/100\n|turn|24\n|\n|t:|1697468121\n|switch|p1a: Giratina|Giratina|44\/100\n|-ability|p1a: Giratina|Pressure\n|move|p2a: Urshifu|Wicked Blow|p1a: Giratina\n|-supereffective|p1a: Giratina\n|-crit|p1a: Giratina\n|-damage|p1a: Giratina|0 fnt\n|faint|p1a: Giratina\n|\n|upkeep\n|\n|t:|1697468128\n|switch|p1a: Chi-Yu|Chi-Yu|100\/100\n|-ability|p1a: Chi-Yu|Beads of Ruin\n|turn|25\n|\n|t:|1697468136\n|move|p2a: Urshifu|Wicked Blow|p1a: Chi-Yu\n|-resisted|p1a: Chi-Yu\n|-crit|p1a: Chi-Yu\n|-damage|p1a: Chi-Yu|51\/100\n|move|p1a: Chi-Yu|Overheat|p2a: Urshifu\n|-damage|p2a: Urshifu|0 fnt\n|-unboost|p1a: Chi-Yu|spa|2\n|faint|p2a: Urshifu\n|\n|win|LadyCynthia32\n|c|\u2606LadyCynthia32|ggwp\n|l|\u2606Dhdjdjd\n","uploadtime":1697468149,"views":26,"p1id":"ladycynthia32","p2id":"dhdjdjd","formatid":"gen9ubers","rating":0,"private":0,"password":""}