{"id":"gen9ubers-1972896327","p1":"RyanFP","p2":"BTU100","format":"[Gen 9] Ubers","log":"|j|\u2606RyanFP\n|j|\u2606BTU100\n|t:|1697906607\n|gametype|singles\n|player|p1|RyanFP|ruinmaniac|1332\n|player|p2|BTU100|102|1533\n|teamsize|p1|6\n|teamsize|p2|6\n|gen|9\n|tier|[Gen 9] Ubers\n|rated|\n|rule|Sleep Clause Mod: Limit one foe put to sleep\n|rule|Species Clause: Limit one of each Pok\u00e9mon\n|rule|OHKO Clause: OHKO moves are banned\n|rule|Evasion Items Clause: Evasion items are banned\n|rule|Evasion Moves Clause: Evasion moves are banned\n|rule|Endless Battle Clause: Forcing endless battles is banned\n|rule|HP Percentage Mod: HP is shown in percentages\n|clearpoke\n|poke|p1|Cyclizar, M|\n|poke|p1|Clodsire, M|\n|poke|p1|Armarouge, F|\n|poke|p1|Sinistcha-Masterpiece|\n|poke|p1|Kingambit, M|\n|poke|p1|Iron Bundle|\n|poke|p2|Shaymin-Sky|\n|poke|p2|Flutter Mane|\n|poke|p2|Groudon|\n|poke|p2|Ogerpon-Hearthflame, F|\n|poke|p2|Skeledirge, F|\n|poke|p2|Eternatus|\n|teampreview\n|inactive|Battle timer is ON: inactive players will automatically lose when time's up. (requested by BTU100)\n|inactive|RyanFP also wants the timer to be on.\n|c|\u2606BTU100|Hf\n|\n|t:|1697906631\n|start\n|switch|p1a: XLR8|Cyclizar, M, shiny|100\/100\n|switch|p2a: Groudon|Groudon|100\/100\n|-weather|SunnyDay|[from] ability: Drought|[of] p2a: Groudon\n|turn|1\n|\n|t:|1697906638\n|move|p1a: XLR8|Shed Tail|p1a: XLR8\n|-start|p1a: XLR8|Substitute|[from] move: Shed Tail\n|-damage|p1a: XLR8|50\/100\n|\n|t:|1697906642\n|switch|p1a: Sinistcha|Sinistcha-Masterpiece|100\/100|[from] Shed Tail\n|move|p2a: Groudon|Lava Plume|p1a: Sinistcha\n|-supereffective|p1a: Sinistcha\n|-end|p1a: Sinistcha|Substitute\n|\n|-weather|SunnyDay|[upkeep]\n|upkeep\n|turn|2\n|\n|t:|1697906649\n|switch|p1a: Godsire|Clodsire, M, shiny|100\/100\n|move|p2a: Groudon|Stealth Rock|p1a: Godsire\n|-sidestart|p1: RyanFP|move: Stealth Rock\n|\n|-weather|SunnyDay|[upkeep]\n|upkeep\n|turn|3\n|\n|t:|1697906661\n|switch|p2a: Eternatus|Eternatus|100\/100\n|-ability|p2a: Eternatus|Pressure\n|move|p1a: Godsire|Toxic|p2a: Eternatus\n|-immune|p2a: Eternatus\n|\n|-weather|SunnyDay|[upkeep]\n|upkeep\n|turn|4\n|\n|t:|1697906672\n|move|p2a: Eternatus|Toxic Spikes|p1a: Godsire\n|-sidestart|p1: RyanFP|move: Toxic Spikes\n|move|p1a: Godsire|Earthquake|p2a: Eternatus\n|-supereffective|p2a: Eternatus\n|-damage|p2a: Eternatus|62\/100\n|\n|-weather|SunnyDay|[upkeep]\n|-heal|p2a: Eternatus|68\/100|[from] item: Leftovers\n|upkeep\n|turn|5\n|\n|t:|1697906683\n|move|p2a: Eternatus|Toxic Spikes|p1a: Godsire\n|-sidestart|p1: RyanFP|move: Toxic Spikes\n|move|p1a: Godsire|Spikes|p2a: Eternatus\n|-sidestart|p2: BTU100|Spikes\n|\n|-weather|none\n|-heal|p2a: Eternatus|74\/100|[from] item: Leftovers\n|upkeep\n|turn|6\n|\n|t:|1697906690\n|switch|p2a: Ogerpon|Ogerpon-Hearthflame, F|100\/100\n|-damage|p2a: Ogerpon|88\/100|[from] Spikes\n|-ability|p2a: Ogerpon|Mold Breaker\n|move|p1a: Godsire|Earthquake|p2a: Ogerpon\n|-crit|p2a: Ogerpon\n|-damage|p2a: Ogerpon|33\/100\n|\n|upkeep\n|turn|7\n|\n|t:|1697906709\n|switch|p1a: XLR8|Cyclizar, M, shiny|84\/100\n|-damage|p1a: XLR8|71\/100|[from] Stealth Rock\n|-status|p1a: XLR8|tox\n|move|p2a: Ogerpon|Ivy Cudgel|p1a: XLR8\n|-resisted|p1a: XLR8\n|-damage|p1a: XLR8|32\/100 tox\n|\n|-damage|p1a: XLR8|25\/100 tox|[from] psn\n|upkeep\n|turn|8\n|\n|t:|1697906714\n|move|p1a: XLR8|Rapid Spin|p2a: Ogerpon\n|-damage|p2a: Ogerpon|13\/100\n|-boost|p1a: XLR8|spe|1\n|-sideend|p1: RyanFP|Toxic Spikes|[from] move: Rapid Spin|[of] p1a: XLR8\n|-sideend|p1: RyanFP|Stealth Rock|[from] move: Rapid Spin|[of] p1a: XLR8\n|move|p2a: Ogerpon|Trailblaze|p1a: XLR8\n|-resisted|p1a: XLR8\n|-damage|p1a: XLR8|4\/100 tox\n|-boost|p2a: Ogerpon|spe|1\n|\n|-damage|p1a: XLR8|0 fnt|[from] psn\n|faint|p1a: XLR8\n|upkeep\n|\n|t:|1697906741\n|switch|p1a: Godsire|Clodsire, M, shiny|100\/100\n|turn|9\n|\n|t:|1697906746\n|move|p2a: Ogerpon|Ivy Cudgel|p1a: Godsire\n|-damage|p1a: Godsire|33\/100\n|move|p1a: Godsire|Earthquake|p2a: Ogerpon\n|-damage|p2a: Ogerpon|0 fnt\n|faint|p2a: Ogerpon\n|\n|-heal|p1a: Godsire|40\/100|[from] item: Leftovers\n|upkeep\n|\n|t:|1697906754\n|switch|p2a: Flutter Mane|Flutter Mane|100\/100\n|-damage|p2a: Flutter Mane|88\/100|[from] Spikes\n|turn|10\n|\n|t:|1697906757\n|move|p2a: Flutter Mane|Shadow Ball|p1a: Godsire\n|-damage|p1a: Godsire|7\/100\n|move|p1a: Godsire|Recover|p1a: Godsire\n|-heal|p1a: Godsire|57\/100\n|\n|-heal|p1a: Godsire|63\/100|[from] item: Leftovers\n|upkeep\n|turn|11\n|\n|t:|1697906761\n|move|p2a: Flutter Mane|Shadow Ball|p1a: Godsire\n|-damage|p1a: Godsire|27\/100\n|move|p1a: Godsire|Recover|p1a: Godsire\n|-heal|p1a: Godsire|77\/100\n|\n|-heal|p1a: Godsire|83\/100|[from] item: Leftovers\n|upkeep\n|turn|12\n|\n|t:|1697906763\n|move|p2a: Flutter Mane|Shadow Ball|p1a: Godsire\n|-damage|p1a: Godsire|50\/100\n|-unboost|p1a: Godsire|spd|1\n|move|p1a: Godsire|Toxic|p2a: Flutter Mane\n|-status|p2a: Flutter Mane|tox\n|\n|-heal|p1a: Godsire|57\/100|[from] item: Leftovers\n|-damage|p2a: Flutter Mane|82\/100 tox|[from] psn\n|upkeep\n|turn|13\n|\n|t:|1697906769\n|switch|p1a: Chesster|Kingambit, M, shiny|100\/100\n|-activate|p1a: Chesster|ability: Supreme Overlord\n|-start|p1a: Chesster|fallen1|[silent]\n|move|p2a: Flutter Mane|Shadow Ball|p1a: Chesster\n|-resisted|p1a: Chesster\n|-damage|p1a: Chesster|69\/100\n|-unboost|p1a: Chesster|spd|1\n|\n|-damage|p2a: Flutter Mane|70\/100 tox|[from] psn\n|upkeep\n|turn|14\n|\n|t:|1697906776\n|-end|p2a: Flutter Mane|Protosynthesis|[silent]\n|switch|p2a: Groudon|Groudon|100\/100\n|-damage|p2a: Groudon|88\/100|[from] Spikes\n|-weather|SunnyDay|[from] ability: Drought|[of] p2a: Groudon\n|-end|p1a: Chesster|fallen1|[silent]\n|switch|p1a: Godsire|Clodsire, M, shiny|57\/100\n|\n|-weather|SunnyDay|[upkeep]\n|-heal|p2a: Groudon|94\/100|[from] item: Leftovers\n|-heal|p1a: Godsire|63\/100|[from] item: Leftovers\n|upkeep\n|turn|15\n|\n|t:|1697906781\n|move|p2a: Groudon|Lava Plume|p1a: Godsire\n|-damage|p1a: Godsire|49\/100\n|move|p1a: Godsire|Toxic|p2a: Groudon\n|-status|p2a: Groudon|tox\n|\n|-weather|SunnyDay|[upkeep]\n|-heal|p2a: Groudon|100\/100 tox|[from] item: Leftovers\n|-heal|p1a: Godsire|55\/100|[from] item: Leftovers\n|-damage|p2a: Groudon|94\/100 tox|[from] psn\n|upkeep\n|turn|16\n|\n|t:|1697906784\n|move|p2a: Groudon|Lava Plume|p1a: Godsire\n|-damage|p1a: Godsire|40\/100\n|move|p1a: Godsire|Spikes|p2a: Groudon\n|-sidestart|p2: BTU100|Spikes\n|\n|-weather|SunnyDay|[upkeep]\n|-heal|p2a: Groudon|100\/100 tox|[from] item: Leftovers\n|-heal|p1a: Godsire|46\/100|[from] item: Leftovers\n|-damage|p2a: Groudon|88\/100 tox|[from] psn\n|upkeep\n|turn|17\n|\n|t:|1697906788\n|move|p2a: Groudon|Stealth Rock|p1a: Godsire\n|-sidestart|p1: RyanFP|move: Stealth Rock\n|move|p1a: Godsire|Recover|p1a: Godsire\n|-heal|p1a: Godsire|96\/100\n|\n|-weather|SunnyDay|[upkeep]\n|-heal|p2a: Groudon|94\/100 tox|[from] item: Leftovers\n|-heal|p1a: Godsire|100\/100|[from] item: Leftovers\n|-damage|p2a: Groudon|76\/100 tox|[from] psn\n|upkeep\n|turn|18\n|\n|t:|1697906791\n|move|p2a: Groudon|Lava Plume|p1a: Godsire\n|-damage|p1a: Godsire|86\/100\n|move|p1a: Godsire|Spikes|p2a: Groudon\n|-sidestart|p2: BTU100|Spikes\n|\n|-weather|none\n|-heal|p2a: Groudon|82\/100 tox|[from] item: Leftovers\n|-heal|p1a: Godsire|92\/100|[from] item: Leftovers\n|-damage|p2a: Groudon|57\/100 tox|[from] psn\n|upkeep\n|turn|19\n|\n|t:|1697906794\n|move|p2a: Groudon|Spikes|p1a: Godsire\n|-sidestart|p1: RyanFP|Spikes\n|move|p1a: Godsire|Earthquake|p2a: Groudon\n|-damage|p2a: Groudon|41\/100 tox\n|\n|-heal|p2a: Groudon|48\/100 tox|[from] item: Leftovers\n|-heal|p1a: Godsire|99\/100|[from] item: Leftovers\n|-damage|p2a: Groudon|17\/100 tox|[from] psn\n|upkeep\n|turn|20\n|\n|t:|1697906797\n|move|p2a: Groudon|Lava Plume|p1a: Godsire\n|-damage|p1a: Godsire|89\/100\n|-status|p1a: Godsire|brn\n|move|p1a: Godsire|Earthquake|p2a: Groudon\n|-damage|p2a: Groudon|9\/100 tox\n|\n|-heal|p2a: Groudon|16\/100 tox|[from] item: Leftovers\n|-heal|p1a: Godsire|95\/100 brn|[from] item: Leftovers\n|-damage|p2a: Groudon|0 fnt|[from] psn\n|faint|p2a: Groudon\n|-damage|p1a: Godsire|89\/100 brn|[from] brn\n|upkeep\n|\n|t:|1697906808\n|switch|p2a: Shaymin|Shaymin-Sky, shiny|100\/100\n|turn|21\n|\n|t:|1697906810\n|move|p2a: Shaymin|Air Slash|p1a: Godsire\n|-damage|p1a: Godsire|70\/100 brn\n|cant|p1a: Godsire|flinch\n|\n|-heal|p1a: Godsire|77\/100 brn|[from] item: Leftovers\n|-damage|p1a: Godsire|70\/100 brn|[from] brn\n|upkeep\n|turn|22\n|\n|t:|1697906812\n|move|p2a: Shaymin|Air Slash|p1a: Godsire\n|-damage|p1a: Godsire|49\/100 brn\n|cant|p1a: Godsire|flinch\n|\n|-heal|p1a: Godsire|55\/100 brn|[from] item: Leftovers\n|-damage|p1a: Godsire|49\/100 brn|[from] brn\n|upkeep\n|turn|23\n|\n|t:|1697906814\n|move|p2a: Shaymin|Air Slash|p1a: Godsire\n|-damage|p1a: Godsire|29\/100 brn\n|cant|p1a: Godsire|flinch\n|\n|-heal|p1a: Godsire|35\/100 brn|[from] item: Leftovers\n|-damage|p1a: Godsire|29\/100 brn|[from] brn\n|upkeep\n|turn|24\n|\n|t:|1697906815\n|move|p2a: Shaymin|Air Slash|p1a: Godsire\n|-damage|p1a: Godsire|10\/100 brn\n|cant|p1a: Godsire|flinch\n|\n|-heal|p1a: Godsire|16\/100 brn|[from] item: Leftovers\n|-damage|p1a: Godsire|10\/100 brn|[from] brn\n|upkeep\n|turn|25\n|\n|t:|1697906817\n|move|p2a: Shaymin|Air Slash|p1a: Godsire\n|-damage|p1a: Godsire|0 fnt\n|faint|p1a: Godsire\n|\n|upkeep\n|c|\u2606RyanFP|Aint no fuckin way\n|\n|t:|1697906832\n|switch|p1a: DELIB0T|Iron Bundle|100\/100\n|-damage|p1a: DELIB0T|76\/100|[from] Stealth Rock\n|-damage|p1a: DELIB0T|63\/100|[from] Spikes\n|turn|26\n|\n|t:|1697906859\n|switch|p2a: Flutter Mane|Flutter Mane|70\/100 tox\n|-damage|p2a: Flutter Mane|46\/100 tox|[from] Spikes\n|move|p1a: DELIB0T|Ice Beam|p2a: Flutter Mane\n|-damage|p2a: Flutter Mane|0 fnt\n|faint|p2a: Flutter Mane\n|-end|p2a: Flutter Mane|Protosynthesis|[silent]\n|-damage|p1a: DELIB0T|53\/100|[from] item: Life Orb\n|\n|upkeep\n|\n|t:|1697906863\n|switch|p2a: Shaymin|Shaymin-Sky, shiny|100\/100\n|turn|27\n|\n|t:|1697906869\n|-end|p1a: DELIB0T|Quark Drive|[silent]\n|switch|p1a: Chesster|Kingambit, M, shiny|69\/100\n|-damage|p1a: Chesster|62\/100|[from] Stealth Rock\n|-damage|p1a: Chesster|50\/100|[from] Spikes\n|-activate|p1a: Chesster|ability: Supreme Overlord\n|-start|p1a: Chesster|fallen2|[silent]\n|move|p2a: Shaymin|Air Slash|p1a: Chesster\n|-resisted|p1a: Chesster\n|-damage|p1a: Chesster|29\/100\n|\n|upkeep\n|turn|28\n|\n|t:|1697906881\n|switch|p2a: Eternatus|Eternatus|74\/100\n|-damage|p2a: Eternatus|49\/100|[from] Spikes\n|-ability|p2a: Eternatus|Pressure\n|move|p1a: Chesster|Kowtow Cleave|p2a: Eternatus\n|-damage|p2a: Eternatus|0 fnt\n|faint|p2a: Eternatus\n|\n|upkeep\n|\n|t:|1697906883\n|switch|p2a: Skeledirge|Skeledirge, F|100\/100\n|turn|29\n|\n|t:|1697906892\n|move|p1a: Chesster|Kowtow Cleave|p2a: Skeledirge\n|-supereffective|p2a: Skeledirge\n|-damage|p2a: Skeledirge|16\/100\n|move|p2a: Skeledirge|Torch Song|p1a: Chesster\n|-supereffective|p1a: Chesster\n|-damage|p1a: Chesster|0 fnt\n|-boost|p2a: Skeledirge|spa|1\n|faint|p1a: Chesster\n|-end|p1a: Chesster|fallen2|[silent]\n|\n|upkeep\n|\n|t:|1697906901\n|switch|p1a: DELIB0T|Iron Bundle|53\/100\n|-damage|p1a: DELIB0T|29\/100|[from] Stealth Rock\n|-damage|p1a: DELIB0T|16\/100|[from] Spikes\n|turn|30\n|\n|t:|1697906905\n|move|p1a: DELIB0T|Hydro Pump|p2a: Skeledirge\n|-supereffective|p2a: Skeledirge\n|-damage|p2a: Skeledirge|0 fnt\n|faint|p2a: Skeledirge\n|-damage|p1a: DELIB0T|6\/100|[from] item: Life Orb\n|\n|upkeep\n|\n|t:|1697906907\n|switch|p2a: Shaymin|Shaymin-Sky, shiny|100\/100\n|turn|31\n|\n|t:|1697906911\n|-terastallize|p2a: Shaymin|Fairy\n|move|p2a: Shaymin|Air Slash|p1a: DELIB0T\n|-damage|p1a: DELIB0T|0 fnt\n|faint|p1a: DELIB0T\n|-end|p1a: DELIB0T|Quark Drive|[silent]\n|\n|upkeep\n|\n|t:|1697906919\n|switch|p1a: Sinistcha|Sinistcha-Masterpiece|100\/100\n|-damage|p1a: Sinistcha|88\/100|[from] Stealth Rock\n|-damage|p1a: Sinistcha|76\/100|[from] Spikes\n|turn|32\n|\n|t:|1697906923\n|move|p2a: Shaymin|Air Slash|p1a: Sinistcha\n|-supereffective|p1a: Sinistcha\n|-damage|p1a: Sinistcha|0 fnt\n|faint|p1a: Sinistcha\n|\n|upkeep\n|\n|t:|1697906925\n|switch|p1a: Girl in Red|Armarouge, F, shiny|100\/100\n|-damage|p1a: Girl in Red|76\/100|[from] Stealth Rock\n|-damage|p1a: Girl in Red|63\/100|[from] Spikes\n|turn|33\n|\n|t:|1697906932\n|-terastallize|p1a: Girl in Red|Steel\n|move|p2a: Shaymin|Air Slash|p1a: Girl in Red\n|-resisted|p1a: Girl in Red\n|-damage|p1a: Girl in Red|43\/100\n|move|p1a: Girl in Red|Calm Mind|p1a: Girl in Red\n|-boost|p1a: Girl in Red|spa|1\n|-boost|p1a: Girl in Red|spd|1\n|\n|upkeep\n|turn|34\n|\n|t:|1697906934\n|move|p2a: Shaymin|Air Slash|p1a: Girl in Red\n|-resisted|p1a: Girl in Red\n|-damage|p1a: Girl in Red|30\/100\n|cant|p1a: Girl in Red|flinch\n|\n|upkeep\n|turn|35\n|\n|t:|1697906935\n|move|p2a: Shaymin|Air Slash|p1a: Girl in Red\n|-resisted|p1a: Girl in Red\n|-damage|p1a: Girl in Red|17\/100\n|move|p1a: Girl in Red|Stored Power|p2a: Shaymin\n|-damage|p2a: Shaymin|52\/100\n|\n|upkeep\n|turn|36\n|\n|t:|1697906937\n|move|p2a: Shaymin|Air Slash|p1a: Girl in Red\n|-resisted|p1a: Girl in Red\n|-damage|p1a: Girl in Red|5\/100\n|cant|p1a: Girl in Red|flinch\n|\n|upkeep\n|turn|37\n|\n|t:|1697906940\n|move|p2a: Shaymin|Air Slash|p1a: Girl in Red|[miss]\n|-miss|p2a: Shaymin|p1a: Girl in Red\n|move|p1a: Girl in Red|Stored Power|p2a: Shaymin\n|-damage|p2a: Shaymin|2\/100\n|\n|upkeep\n|turn|38\n|\n|t:|1697906942\n|move|p2a: Shaymin|Air Slash|p1a: Girl in Red\n|-resisted|p1a: Girl in Red\n|-damage|p1a: Girl in Red|0 fnt\n|faint|p1a: Girl in Red\n|\n|win|BTU100\n|raw|RyanFP's rating: 1332 &rarr; <strong>1322<\/strong><br \/>(-10 for losing)\n|raw|BTU100's rating: 1533 &rarr; <strong>1543<\/strong><br \/>(+10 for winning)\n|c|\u2606BTU100|Gg\n|c|\u2606RyanFP|Not really\n|l|\u2606RyanFP\n|c|\u2606BTU100|I used shaymin for a reason lol\n","uploadtime":1697906969,"views":11,"p1id":"ryanfp","p2id":"btu100","formatid":"gen9ubers","rating":1322,"private":0,"password":""}