{"id":"gen9ubers-1975345644","p1":"bennymbs","p2":"FrostyRandom02","format":"[Gen 9] Ubers","log":"|j|\u2606bennymbs\n|j|\u2606FrostyRandom02\n|t:|1698181811\n|gametype|singles\n|player|p1|bennymbs|mina|\n|player|p2|FrostyRandom02|raifort|\n|teamsize|p1|6\n|teamsize|p2|6\n|gen|9\n|tier|[Gen 9] Ubers\n|rule|Sleep Clause Mod: Limit one foe put to sleep\n|rule|Species Clause: Limit one of each Pok\u00e9mon\n|rule|OHKO Clause: OHKO moves are banned\n|rule|Evasion Items Clause: Evasion items are banned\n|rule|Evasion Moves Clause: Evasion moves are banned\n|rule|Endless Battle Clause: Forcing endless battles is banned\n|rule|HP Percentage Mod: HP is shown in percentages\n|clearpoke\n|poke|p1|Magearna|\n|poke|p1|Ursaluna, F|\n|poke|p1|Dialga|\n|poke|p1|Dragapult, F|\n|poke|p1|Giratina|\n|poke|p1|Hatterene, F|\n|poke|p2|Orthworm, F|\n|poke|p2|Ursaluna-Bloodmoon, M|\n|poke|p2|Chi-Yu|\n|poke|p2|Ogerpon-Wellspring, F|\n|poke|p2|Espathra, M|\n|poke|p2|Zacian-*|\n|teampreview\n|inactive|Battle timer is ON: inactive players will automatically lose when time's up. (requested by bennymbs)\n|j| Kinesquared\n|\n|t:|1698181832\n|start\n|switch|p1a: Hatterene|Hatterene, F|100\/100\n|switch|p2a: Orthworm|Orthworm, F|100\/100\n|turn|1\n|\n|t:|1698181838\n|move|p2a: Orthworm|Shed Tail|p2a: Orthworm\n|-start|p2a: Orthworm|Substitute|[from] move: Shed Tail\n|-damage|p2a: Orthworm|50\/100\n|\n|t:|1698181846\n|switch|p2a: Ursaluna|Ursaluna-Bloodmoon, M|100\/100|[from] Shed Tail\n|move|p1a: Hatterene|Trick Room|p1a: Hatterene\n|-fieldstart|move: Trick Room|[of] p1a: Hatterene\n|\n|upkeep\n|turn|2\n|j| GratedsShtickface\n|inactive|bennymbs has 270 seconds left.\n|c| GratedsShtickface|this is g2, right?\n|c|\u2606FrostyRandom02|g1\n|\n|t:|1698181890\n|switch|p1a: Magearna|Magearna|100\/100\n|move|p2a: Ursaluna|Calm Mind|p2a: Ursaluna\n|-boost|p2a: Ursaluna|spa|1\n|-boost|p2a: Ursaluna|spd|1\n|\n|upkeep\n|turn|3\n|\n|t:|1698181894\n|move|p1a: Magearna|Encore|p2a: Ursaluna\n|-start|p2a: Ursaluna|Encore\n|move|p2a: Ursaluna|Calm Mind|p2a: Ursaluna\n|-boost|p2a: Ursaluna|spa|1\n|-boost|p2a: Ursaluna|spd|1\n|\n|upkeep\n|turn|4\n|\n|t:|1698181900\n|switch|p1a: Ursaluna|Ursaluna, F|100\/100\n|move|p2a: Ursaluna|Calm Mind|p2a: Ursaluna\n|-boost|p2a: Ursaluna|spa|1\n|-boost|p2a: Ursaluna|spd|1\n|\n|-status|p1a: Ursaluna|brn|[from] item: Flame Orb\n|upkeep\n|turn|5\n|\n|t:|1698181904\n|move|p1a: Ursaluna|Facade|p2a: Ursaluna\n|-end|p2a: Ursaluna|Substitute\n|move|p2a: Ursaluna|Calm Mind|p2a: Ursaluna\n|-boost|p2a: Ursaluna|spa|1\n|-boost|p2a: Ursaluna|spd|1\n|\n|-damage|p1a: Ursaluna|94\/100 brn|[from] brn\n|-end|p2a: Ursaluna|Encore\n|-fieldend|move: Trick Room\n|upkeep\n|turn|6\n|inactive|bennymbs has 270 seconds left.\n|\n|t:|1698181931\n|switch|p1a: E-Killer Counter|Giratina|100\/100\n|-ability|p1a: E-Killer Counter|Pressure\n|move|p2a: Ursaluna|Earth Power|p1a: E-Killer Counter\n|-damage|p1a: E-Killer Counter|30\/100\n|\n|-heal|p1a: E-Killer Counter|36\/100|[from] item: Leftovers\n|upkeep\n|turn|7\n|\n|t:|1698181938\n|move|p2a: Ursaluna|Earth Power|p1a: E-Killer Counter\n|-damage|p1a: E-Killer Counter|0 fnt\n|faint|p1a: E-Killer Counter\n|\n|upkeep\n|\n|t:|1698181941\n|switch|p1a: Hatterene|Hatterene, F|100\/100\n|turn|8\n|\n|t:|1698181944\n|move|p2a: Ursaluna|Earth Power|p1a: Hatterene\n|-enditem|p1a: Hatterene|Focus Sash\n|-damage|p1a: Hatterene|1\/100\n|move|p1a: Hatterene|Trick Room|p1a: Hatterene\n|-fieldstart|move: Trick Room|[of] p1a: Hatterene\n|\n|upkeep\n|turn|9\n|\n|t:|1698181952\n|move|p1a: Hatterene|Draining Kiss|p2a: Ursaluna\n|-damage|p2a: Ursaluna|94\/100\n|-heal|p1a: Hatterene|7\/100|[from] drain|[of] p2a: Ursaluna\n|move|p2a: Ursaluna|Blood Moon|p1a: Hatterene\n|-damage|p1a: Hatterene|0 fnt\n|faint|p1a: Hatterene\n|\n|-heal|p2a: Ursaluna|99\/100|[from] item: Leftovers\n|upkeep\n|\n|t:|1698181956\n|switch|p1a: Ursaluna|Ursaluna, F|94\/100 brn\n|turn|10\n|\n|t:|1698181961\n|-terastallize|p1a: Ursaluna|Normal\n|move|p1a: Ursaluna|Facade|p2a: Ursaluna\n|-damage|p2a: Ursaluna|7\/100\n|move|p2a: Ursaluna|Earth Power|p1a: Ursaluna\n|-damage|p1a: Ursaluna|0 fnt\n|faint|p1a: Ursaluna\n|\n|-heal|p2a: Ursaluna|13\/100|[from] item: Leftovers\n|upkeep\n|\n|t:|1698181968\n|switch|p1a: Dragapult|Dragapult, F|100\/100\n|turn|11\n|\n|t:|1698181974\n|move|p2a: Ursaluna|Earth Power|p1a: Dragapult\n|-damage|p1a: Dragapult|0 fnt\n|faint|p1a: Dragapult\n|\n|-heal|p2a: Ursaluna|19\/100|[from] item: Leftovers\n|upkeep\n|j| Leo Justice\n|\n|t:|1698181978\n|switch|p1a: Magearna|Magearna|100\/100\n|turn|12\n|\n|t:|1698181982\n|move|p1a: Magearna|Fleur Cannon|p2a: Ursaluna\n|-damage|p2a: Ursaluna|3\/100\n|-unboost|p1a: Magearna|spa|2\n|move|p2a: Ursaluna|Earth Power|p1a: Magearna\n|-supereffective|p1a: Magearna\n|-damage|p1a: Magearna|0 fnt\n|faint|p1a: Magearna\n|\n|-heal|p2a: Ursaluna|9\/100|[from] item: Leftovers\n|-fieldend|move: Trick Room\n|upkeep\n|\n|t:|1698181986\n|switch|p1a: Dialga|Dialga|100\/100\n|-ability|p1a: Dialga|Pressure\n|turn|13\n|\n|t:|1698181993\n|move|p1a: Dialga|Flash Cannon|p2a: Ursaluna\n|-damage|p2a: Ursaluna|0 fnt\n|faint|p2a: Ursaluna\n|\n|upkeep\n|\n|t:|1698182001\n|switch|p2a: Chi-Yu|Chi-Yu|100\/100\n|-ability|p2a: Chi-Yu|Beads of Ruin\n|turn|14\n|c|\u2606bennymbs|Might've done goofed up\n|\n|t:|1698182011\n|-terastallize|p2a: Chi-Yu|Fire\n|move|p2a: Chi-Yu|Overheat|p1a: Dialga\n|-damage|p1a: Dialga|0 fnt\n|-unboost|p2a: Chi-Yu|spa|2\n|faint|p1a: Dialga\n|\n|win|FrostyRandom02\n|c|\u2606FrostyRandom02|gg\n|c|\u2606bennymbs|Gg\n|l| GratedsShtickface\n","uploadtime":1698182018,"views":35,"p1id":"bennymbs","p2id":"frostyrandom02","formatid":"gen9ubers","rating":0,"private":0,"password":""}