{"id":"gen9ubers-1977040948","p1":"Amismail","p2":"MrT1011","format":"[Gen 9] Ubers","log":"|j|\u2606Amismail\n|j|\u2606MrT1011\n|t:|1698364868\n|gametype|singles\n|player|p1|Amismail|colress|1102\n|player|p2|MrT1011|169|1069\n|teamsize|p1|6\n|teamsize|p2|6\n|gen|9\n|tier|[Gen 9] Ubers\n|rated|\n|rule|Sleep Clause Mod: Limit one foe put to sleep\n|rule|Species Clause: Limit one of each Pok\u00e9mon\n|rule|OHKO Clause: OHKO moves are banned\n|rule|Evasion Items Clause: Evasion items are banned\n|rule|Evasion Moves Clause: Evasion moves are banned\n|rule|Endless Battle Clause: Forcing endless battles is banned\n|rule|HP Percentage Mod: HP is shown in percentages\n|clearpoke\n|poke|p1|Iron Hands|\n|poke|p1|Volcarona, F|\n|poke|p1|Chi-Yu|\n|poke|p1|Flutter Mane|\n|poke|p1|Miraidon|\n|poke|p1|Kingambit, M|\n|poke|p2|Skeledirge, F|\n|poke|p2|Zacian-*|\n|poke|p2|Miraidon|\n|poke|p2|Koraidon|\n|poke|p2|Ting-Lu|\n|poke|p2|Giratina-Origin|\n|teampreview\n|c|\u2606MrT1011|lhf\n|c|\u2606MrT1011|gl\n|c|\u2606MrT1011|hf\n|inactive|Battle timer is ON: inactive players will automatically lose when time's up. (requested by MrT1011)\n|c|\u2606MrT1011|ill turn timer off when u pick a mon\n|\n|t:|1698364949\n|start\n|switch|p1a: Chi-Yu|Chi-Yu|100\/100\n|switch|p2a: Zacian|Zacian-Crowned|100\/100\n|-ability|p2a: Zacian|Intrepid Sword|boost\n|-boost|p2a: Zacian|atk|1\n|-ability|p1a: Chi-Yu|Beads of Ruin\n|turn|1\n|inactiveoff|Battle timer is now OFF.\n|c|\u2606MrT1011|nice read damn\n|\n|t:|1698364971\n|-terastallize|p2a: Zacian|Water\n|move|p2a: Zacian|Tera Blast|p1a: Chi-Yu|[anim] Tera Blast Water\n|-supereffective|p1a: Chi-Yu\n|-enditem|p1a: Chi-Yu|Focus Sash\n|-damage|p1a: Chi-Yu|1\/100\n|move|p1a: Chi-Yu|Nasty Plot|p1a: Chi-Yu\n|-boost|p1a: Chi-Yu|spa|2\n|\n|upkeep\n|turn|2\n|\n|t:|1698364983\n|move|p2a: Zacian|Play Rough|p1a: Chi-Yu\n|-damage|p1a: Chi-Yu|0 fnt\n|faint|p1a: Chi-Yu\n|\n|upkeep\n|\n|t:|1698364991\n|switch|p1a: Miraidon|Miraidon|100\/100\n|-fieldstart|move: Electric Terrain|[from] ability: Hadron Engine|[of] p1a: Miraidon\n|turn|3\n|\n|t:|1698364998\n|switch|p2a: Ting-Lu|Ting-Lu|100\/100\n|-ability|p2a: Ting-Lu|Vessel of Ruin\n|move|p1a: Miraidon|Electro Drift|p2a: Ting-Lu\n|-immune|p2a: Ting-Lu\n|\n|upkeep\n|turn|4\n|\n|t:|1698365015\n|move|p1a: Miraidon|Draco Meteor|p2a: Ting-Lu\n|-damage|p2a: Ting-Lu|65\/100\n|-unboost|p1a: Miraidon|spa|2\n|move|p2a: Ting-Lu|Stealth Rock|p1a: Miraidon\n|-sidestart|p1: Amismail|move: Stealth Rock\n|\n|-heal|p2a: Ting-Lu|71\/100|[from] item: Leftovers\n|upkeep\n|turn|5\n|c|\u2606MrT1011|damn not specs\n|c|\u2606MrT1011|kinda sucks ass for me\n|\n|t:|1698365035\n|switch|p1a: Iron Hands|Iron Hands|100\/100\n|-damage|p1a: Iron Hands|94\/100|[from] Stealth Rock\n|-activate|p1a: Iron Hands|ability: Quark Drive\n|-start|p1a: Iron Hands|quarkdriveatk\n|-enditem|p1a: Iron Hands|Electric Seed\n|-boost|p1a: Iron Hands|def|1|[from] item: Electric Seed\n|move|p2a: Ting-Lu|Earthquake|p1a: Iron Hands\n|-supereffective|p1a: Iron Hands\n|-damage|p1a: Iron Hands|65\/100\n|\n|-heal|p2a: Ting-Lu|77\/100|[from] item: Leftovers\n|upkeep\n|turn|6\n|\n|t:|1698365048\n|move|p1a: Iron Hands|Iron Defense|p1a: Iron Hands\n|-boost|p1a: Iron Hands|def|2\n|move|p2a: Ting-Lu|Whirlwind|p1a: Iron Hands\n|-end|p1a: Iron Hands|Quark Drive|[silent]\n|drag|p1a: Flutter Mane|Flutter Mane|100\/100\n|-damage|p1a: Flutter Mane|88\/100|[from] Stealth Rock\n|-enditem|p1a: Flutter Mane|Booster Energy\n|-activate|p1a: Flutter Mane|ability: Protosynthesis|[fromitem]\n|-start|p1a: Flutter Mane|protosynthesisspe\n|\n|-heal|p2a: Ting-Lu|84\/100|[from] item: Leftovers\n|upkeep\n|turn|7\n|\n|t:|1698365065\n|move|p1a: Flutter Mane|Moonblast|p2a: Ting-Lu\n|-supereffective|p2a: Ting-Lu\n|-damage|p2a: Ting-Lu|42\/100\n|move|p2a: Ting-Lu|Ruination|p1a: Flutter Mane\n|-damage|p1a: Flutter Mane|44\/100\n|\n|-heal|p2a: Ting-Lu|49\/100|[from] item: Leftovers\n|-fieldend|move: Electric Terrain\n|upkeep\n|turn|8\n|\n|t:|1698365078\n|move|p1a: Flutter Mane|Moonblast|p2a: Ting-Lu\n|-supereffective|p2a: Ting-Lu\n|-damage|p2a: Ting-Lu|8\/100\n|move|p2a: Ting-Lu|Earthquake|p1a: Flutter Mane\n|-damage|p1a: Flutter Mane|0 fnt\n|faint|p1a: Flutter Mane\n|-end|p1a: Flutter Mane|Protosynthesis|[silent]\n|\n|-heal|p2a: Ting-Lu|14\/100|[from] item: Leftovers\n|upkeep\n|\n|t:|1698365091\n|switch|p1a: Iron Hands|Iron Hands|65\/100\n|-damage|p1a: Iron Hands|59\/100|[from] Stealth Rock\n|turn|9\n|c|\u2606MrT1011|12.5% chance to ohko there\n|c|\u2606MrT1011|im sorry\n|\n|t:|1698365100\n|move|p1a: Iron Hands|Electric Terrain|p1a: Iron Hands\n|-fieldstart|move: Electric Terrain\n|-activate|p1a: Iron Hands|ability: Quark Drive\n|-start|p1a: Iron Hands|quarkdriveatk\n|move|p2a: Ting-Lu|Ruination|p1a: Iron Hands\n|-damage|p1a: Iron Hands|30\/100\n|\n|-heal|p2a: Ting-Lu|20\/100|[from] item: Leftovers\n|upkeep\n|turn|10\n|\n|t:|1698365109\n|move|p1a: Iron Hands|Drain Punch|p2a: Ting-Lu\n|-supereffective|p2a: Ting-Lu\n|-damage|p2a: Ting-Lu|0 fnt\n|-heal|p1a: Iron Hands|40\/100|[from] drain|[of] p2a: Ting-Lu\n|faint|p2a: Ting-Lu\n|\n|upkeep\n|\n|t:|1698365121\n|switch|p2a: Miraidon|Miraidon|100\/100\n|-activate|p2a: Miraidon|ability: Hadron Engine\n|turn|11\n|\n|t:|1698365129\n|move|p2a: Miraidon|Draco Meteor|p1a: Iron Hands\n|-damage|p1a: Iron Hands|0 fnt\n|-unboost|p2a: Miraidon|spa|2\n|faint|p1a: Iron Hands\n|-end|p1a: Iron Hands|Quark Drive|[silent]\n|\n|upkeep\n|\n|t:|1698365138\n|switch|p1a: Miraidon|Miraidon|100\/100\n|-damage|p1a: Miraidon|88\/100|[from] Stealth Rock\n|-activate|p1a: Miraidon|ability: Hadron Engine\n|turn|12\n|c|\u2606MrT1011|hmmm\n|c|\u2606MrT1011|i can be lame\n|c|\u2606MrT1011|or i can go for a 12.5%\n|c|\u2606MrT1011|damn u fuck up my whole team :(\n|\n|t:|1698365182\n|switch|p2a: Giratina|Giratina-Origin|100\/100\n|move|p1a: Miraidon|Dragon Pulse|p2a: Giratina\n|-supereffective|p2a: Giratina\n|-damage|p2a: Giratina|27\/100\n|\n|upkeep\n|turn|13\n|\n|t:|1698365194\n|move|p1a: Miraidon|Dragon Pulse|p2a: Giratina\n|-supereffective|p2a: Giratina\n|-damage|p2a: Giratina|0 fnt\n|faint|p2a: Giratina\n|\n|-fieldend|move: Electric Terrain\n|upkeep\n|\n|t:|1698365199\n|switch|p2a: Miraidon|Miraidon|100\/100\n|-fieldstart|move: Electric Terrain|[from] ability: Hadron Engine|[of] p2a: Miraidon\n|turn|14\n|\n|t:|1698365206\n|move|p2a: Miraidon|Draco Meteor|p1a: Miraidon\n|-supereffective|p1a: Miraidon\n|-crit|p1a: Miraidon\n|-damage|p1a: Miraidon|0 fnt\n|-unboost|p2a: Miraidon|spa|2\n|faint|p1a: Miraidon\n|\n|upkeep\n|c|\u2606MrT1011|90% chance\n|c|\u2606MrT1011|les go\n|\n|t:|1698365228\n|switch|p1a: Kingambit|Kingambit, M|100\/100\n|-damage|p1a: Kingambit|94\/100|[from] Stealth Rock\n|-activate|p1a: Kingambit|ability: Supreme Overlord\n|-start|p1a: Kingambit|fallen4|[silent]\n|turn|15\n|inactive|Battle timer is ON: inactive players will automatically lose when time's up. (requested by Amismail)\n|\n|t:|1698365268\n|switch|p2a: Skeledirge|Skeledirge, F|100\/100\n|move|p1a: Kingambit|Swords Dance|p1a: Kingambit\n|-boost|p1a: Kingambit|atk|2\n|\n|-heal|p1a: Kingambit|100\/100|[from] item: Leftovers\n|upkeep\n|turn|16\n|\n|t:|1698365279\n|move|p1a: Kingambit|Sucker Punch||[still]\n|-fail|p1a: Kingambit\n|move|p2a: Skeledirge|Will-O-Wisp|p1a: Kingambit\n|-status|p1a: Kingambit|brn\n|\n|-damage|p1a: Kingambit|94\/100 brn|[from] brn\n|upkeep\n|turn|17\n|\n|t:|1698365288\n|move|p1a: Kingambit|Sucker Punch|p2a: Skeledirge\n|-supereffective|p2a: Skeledirge\n|-damage|p2a: Skeledirge|68\/100\n|move|p2a: Skeledirge|Torch Song|p1a: Kingambit\n|-supereffective|p1a: Kingambit\n|-damage|p1a: Kingambit|35\/100 brn\n|-boost|p2a: Skeledirge|spa|1\n|\n|-heal|p1a: Kingambit|41\/100 brn|[from] item: Leftovers\n|-damage|p1a: Kingambit|35\/100 brn|[from] brn\n|upkeep\n|turn|18\n|\n|t:|1698365309\n|-terastallize|p1a: Kingambit|Dark\n|move|p1a: Kingambit|Sucker Punch|p2a: Skeledirge\n|-supereffective|p2a: Skeledirge\n|-damage|p2a: Skeledirge|21\/100\n|move|p2a: Skeledirge|Torch Song|p1a: Kingambit\n|-damage|p1a: Kingambit|0 fnt\n|-boost|p2a: Skeledirge|spa|1\n|faint|p1a: Kingambit\n|-end|p1a: Kingambit|fallen4|[silent]\n|\n|-fieldend|move: Electric Terrain\n|upkeep\n|-message|Amismail forfeited.\n|\n|win|MrT1011\n|raw|Amismail's rating: 1102 &rarr; <strong>1073<\/strong><br \/>(-29 for losing)\n|raw|MrT1011's rating: 1048 &rarr; <strong>1086<\/strong><br \/>(+38 for winning)\n|l|\u2606Amismail\n","uploadtime":1698365167,"views":5,"p1id":"amismail","p2id":"mrt1011","formatid":"gen9ubers","rating":1073,"private":0,"password":""}