{"id":"gen9ubers-1984465750","p1":"XpokVEVO","p2":"adpg.alt","format":"[Gen 9] Ubers","log":"|j|\u2606XpokVEVO\n|j|\u2606adpg.alt\n|t:|1699268184\n|gametype|singles\n|player|p1|XpokVEVO|mustard|\n|player|p2|adpg.alt|hilbert-wonderlauncher|\n|teamsize|p1|6\n|teamsize|p2|6\n|gen|9\n|tier|[Gen 9] Ubers\n|rule|Sleep Clause Mod: Limit one foe put to sleep\n|rule|Species Clause: Limit one of each Pok\u00e9mon\n|rule|OHKO Clause: OHKO moves are banned\n|rule|Evasion Items Clause: Evasion items are banned\n|rule|Evasion Moves Clause: Evasion moves are banned\n|rule|Endless Battle Clause: Forcing endless battles is banned\n|rule|HP Percentage Mod: HP is shown in percentages\n|clearpoke\n|poke|p1|Cyclizar, F|\n|poke|p1|Espathra, M|\n|poke|p1|Zacian-*|\n|poke|p1|Roaring Moon|\n|poke|p1|Arceus-Fire|\n|poke|p1|Magearna|\n|poke|p2|Torkoal, F|\n|poke|p2|Roaring Moon|\n|poke|p2|Walking Wake|\n|poke|p2|Lilligant-Hisui, F|\n|poke|p2|Sandy Shocks|\n|poke|p2|Zacian-*|\n|teampreview\n|inactive|Battle timer is ON: inactive players will automatically lose when time's up. (requested by XpokVEVO)\n|\n|t:|1699268190\n|start\n|switch|p1a: Akira|Cyclizar, F|100\/100\n|switch|p2a: Roaring Moon|Roaring Moon|100\/100\n|turn|1\n|\n|t:|1699268200\n|move|p1a: Akira|Shed Tail|p1a: Akira\n|-start|p1a: Akira|Substitute|[from] move: Shed Tail\n|-damage|p1a: Akira|50\/100\n|\n|t:|1699268209\n|switch|p1a: Aunt Fanny|Magearna|100\/100|[from] Shed Tail\n|move|p2a: Roaring Moon|Earthquake|p1a: Aunt Fanny\n|-supereffective|p1a: Aunt Fanny\n|-end|p1a: Aunt Fanny|Substitute\n|\n|upkeep\n|turn|2\n|\n|t:|1699268222\n|-end|p2a: Roaring Moon|Protosynthesis|[silent]\n|switch|p2a: Torkoal|Torkoal, F|100\/100\n|-weather|SunnyDay|[from] ability: Drought|[of] p2a: Torkoal\n|move|p1a: Aunt Fanny|Fleur Cannon|p2a: Torkoal\n|-resisted|p2a: Torkoal\n|-damage|p2a: Torkoal|52\/100\n|-unboost|p1a: Aunt Fanny|spa|2\n|-enditem|p1a: Aunt Fanny|Eject Pack\n|\n|t:|1699268225\n|switch|p1a: Akira|Cyclizar, F|84\/100\n|\n|-weather|SunnyDay|[upkeep]\n|upkeep\n|turn|3\n|\n|t:|1699268237\n|move|p1a: Akira|Shed Tail|p1a: Akira\n|-start|p1a: Akira|Substitute|[from] move: Shed Tail\n|-damage|p1a: Akira|33\/100\n|\n|t:|1699268249\n|switch|p1a: Ar\u0441eus-Fighting|Arceus-Fire, shiny|100\/100|[from] Shed Tail\n|move|p2a: Torkoal|Lava Plume|p1a: Ar\u0441eus-Fighting\n|-resisted|p1a: Ar\u0441eus-Fighting\n|-activate|p1a: Ar\u0441eus-Fighting|move: Substitute|[damage]\n|\n|-weather|SunnyDay|[upkeep]\n|upkeep\n|turn|4\n|\n|t:|1699268259\n|move|p1a: Ar\u0441eus-Fighting|Dragon Dance|p1a: Ar\u0441eus-Fighting\n|-boost|p1a: Ar\u0441eus-Fighting|atk|1\n|-boost|p1a: Ar\u0441eus-Fighting|spe|1\n|move|p2a: Torkoal|Lava Plume|p1a: Ar\u0441eus-Fighting\n|-resisted|p1a: Ar\u0441eus-Fighting\n|-end|p1a: Ar\u0441eus-Fighting|Substitute\n|\n|-weather|SunnyDay|[upkeep]\n|upkeep\n|turn|5\n|\n|t:|1699268268\n|move|p1a: Ar\u0441eus-Fighting|Dragon Dance|p1a: Ar\u0441eus-Fighting\n|-boost|p1a: Ar\u0441eus-Fighting|atk|1\n|-boost|p1a: Ar\u0441eus-Fighting|spe|1\n|move|p2a: Torkoal|Yawn|p1a: Ar\u0441eus-Fighting\n|-start|p1a: Ar\u0441eus-Fighting|move: Yawn|[of] p2a: Torkoal\n|\n|-weather|SunnyDay|[upkeep]\n|upkeep\n|turn|6\n|\n|t:|1699268277\n|switch|p2a: Walking Wake|Walking Wake|100\/100\n|-activate|p2a: Walking Wake|ability: Protosynthesis\n|-start|p2a: Walking Wake|protosynthesisspe\n|move|p1a: Ar\u0441eus-Fighting|Flare Blitz|p2a: Walking Wake\n|-resisted|p2a: Walking Wake\n|-damage|p2a: Walking Wake|36\/100\n|-damage|p1a: Ar\u0441eus-Fighting|84\/100|[from] Recoil\n|\n|-weather|SunnyDay|[upkeep]\n|-end|p1a: Ar\u0441eus-Fighting|move: Yawn|[silent]\n|-status|p1a: Ar\u0441eus-Fighting|slp\n|upkeep\n|turn|7\n|c|\u2606XpokVEVO|WAKE UP\n|\n|t:|1699268289\n|-terastallize|p1a: Ar\u0441eus-Fighting|Fairy\n|-terastallize|p2a: Walking Wake|Water\n|cant|p1a: Ar\u0441eus-Fighting|slp\n|move|p2a: Walking Wake|Hydro Steam|p1a: Ar\u0441eus-Fighting\n|-damage|p1a: Ar\u0441eus-Fighting|3\/100 slp\n|\n|-weather|SunnyDay|[upkeep]\n|upkeep\n|turn|8\n|\n|t:|1699268300\n|cant|p1a: Ar\u0441eus-Fighting|slp\n|move|p2a: Walking Wake|Hydro Steam|p1a: Ar\u0441eus-Fighting\n|-damage|p1a: Ar\u0441eus-Fighting|0 fnt\n|faint|p1a: Ar\u0441eus-Fighting\n|\n|-weather|SunnyDay|[upkeep]\n|upkeep\n|c|\u2606XpokVEVO|God still needs his sleepy time\n|c|\u2606XpokVEVO|Waste of tera\n|\n|t:|1699268313\n|switch|p1a: Roaring Peak|Roaring Moon|100\/100\n|-activate|p1a: Roaring Peak|ability: Protosynthesis\n|-start|p1a: Roaring Peak|protosynthesisspe\n|turn|9\n|\n|t:|1699268319\n|move|p1a: Roaring Peak|Knock Off|p2a: Walking Wake\n|-crit|p2a: Walking Wake\n|-damage|p2a: Walking Wake|0 fnt\n|-enditem|p2a: Walking Wake|Choice Specs|[from] move: Knock Off|[of] p1a: Roaring Peak\n|faint|p2a: Walking Wake\n|-end|p2a: Walking Wake|Protosynthesis|[silent]\n|\n|-weather|none\n|-end|p1a: Roaring Peak|Protosynthesis\n|upkeep\n|-enditem|p1a: Roaring Peak|Booster Energy\n|-activate|p1a: Roaring Peak|ability: Protosynthesis|[fromitem]\n|-start|p1a: Roaring Peak|protosynthesisspe\n|\n|t:|1699268329\n|switch|p2a: Torkoal|Torkoal, F|52\/100\n|-weather|SunnyDay|[from] ability: Drought|[of] p2a: Torkoal\n|turn|10\n|\n|t:|1699268334\n|move|p1a: Roaring Peak|Earthquake|p2a: Torkoal\n|-supereffective|p2a: Torkoal\n|-damage|p2a: Torkoal|12\/100\n|move|p2a: Torkoal|Yawn|p1a: Roaring Peak\n|-start|p1a: Roaring Peak|move: Yawn|[of] p2a: Torkoal\n|\n|-weather|SunnyDay|[upkeep]\n|upkeep\n|turn|11\n|\n|t:|1699268342\n|-end|p1a: Roaring Peak|Protosynthesis|[silent]\n|switch|p1a: Akira|Cyclizar, F|67\/100\n|switch|p2a: Zacian|Zacian|100\/100\n|-ability|p2a: Zacian|Intrepid Sword|boost\n|-boost|p2a: Zacian|atk|1\n|\n|-weather|SunnyDay|[upkeep]\n|upkeep\n|turn|12\n|\n|t:|1699268351\n|move|p2a: Zacian|Play Rough|p1a: Akira\n|-supereffective|p1a: Akira\n|-damage|p1a: Akira|0 fnt\n|faint|p1a: Akira\n|\n|-weather|SunnyDay|[upkeep]\n|upkeep\n|\n|t:|1699268356\n|switch|p1a: Aunt Fanny|Magearna|100\/100\n|turn|13\n|\n|t:|1699268370\n|move|p2a: Zacian|Close Combat|p1a: Aunt Fanny\n|-damage|p1a: Aunt Fanny|43\/100\n|-unboost|p2a: Zacian|def|1\n|-unboost|p2a: Zacian|spd|1\n|move|p1a: Aunt Fanny|Volt Switch|p2a: Zacian\n|-damage|p2a: Zacian|64\/100\n|\n|t:|1699268376\n|switch|p1a: Roaring Peak|Roaring Moon|100\/100|[from] Volt Switch\n|-activate|p1a: Roaring Peak|ability: Protosynthesis\n|-start|p1a: Roaring Peak|protosynthesisspe\n|\n|-weather|SunnyDay|[upkeep]\n|upkeep\n|turn|14\n|\n|t:|1699268383\n|move|p1a: Roaring Peak|Acrobatics|p2a: Zacian\n|-damage|p2a: Zacian|7\/100\n|move|p2a: Zacian|Play Rough|p1a: Roaring Peak|[miss]\n|-miss|p2a: Zacian|p1a: Roaring Peak\n|\n|-weather|SunnyDay|[upkeep]\n|upkeep\n|turn|15\n|c|\u2606adpg.alt|Fu ni\n|\n|t:|1699268396\n|move|p1a: Roaring Peak|Earthquake|p2a: Zacian\n|-damage|p2a: Zacian|0 fnt\n|faint|p2a: Zacian\n|\n|-weather|SunnyDay|[upkeep]\n|upkeep\n|\n|t:|1699268403\n|switch|p2a: Lilligant|Lilligant-Hisui, F|100\/100\n|turn|16\n|inactive|XpokVEVO has 270 seconds left.\n|\n|t:|1699268443\n|move|p2a: Lilligant|Close Combat|p1a: Roaring Peak\n|-supereffective|p1a: Roaring Peak\n|-damage|p1a: Roaring Peak|0 fnt\n|-unboost|p2a: Lilligant|def|1\n|-unboost|p2a: Lilligant|spd|1\n|faint|p1a: Roaring Peak\n|-end|p1a: Roaring Peak|Protosynthesis|[silent]\n|-damage|p2a: Lilligant|91\/100|[from] item: Life Orb\n|\n|-weather|SunnyDay|[upkeep]\n|upkeep\n|\n|t:|1699268458\n|switch|p1a: Emu War|Espathra, M|100\/100\n|turn|17\n|\n|t:|1699268468\n|move|p1a: Emu War|Protect|p1a: Emu War\n|-singleturn|p1a: Emu War|Protect\n|move|p2a: Lilligant|Solar Blade||[still]\n|-prepare|p2a: Lilligant|Solar Blade\n|-anim|p2a: Lilligant|Solar Blade|p1a: Emu War\n|-activate|p1a: Emu War|move: Protect\n|\n|-weather|none\n|-ability|p1a: Emu War|Speed Boost|boost\n|-boost|p1a: Emu War|spe|1\n|upkeep\n|turn|18\n|\n|t:|1699268484\n|switch|p2a: Torkoal|Torkoal, F|12\/100\n|-weather|SunnyDay|[from] ability: Drought|[of] p2a: Torkoal\n|move|p1a: Emu War|Calm Mind|p1a: Emu War\n|-boost|p1a: Emu War|spa|1\n|-boost|p1a: Emu War|spd|1\n|\n|-weather|SunnyDay|[upkeep]\n|-ability|p1a: Emu War|Speed Boost|boost\n|-boost|p1a: Emu War|spe|1\n|upkeep\n|turn|19\n|\n|t:|1699268496\n|move|p1a: Emu War|Calm Mind|p1a: Emu War\n|-boost|p1a: Emu War|spa|1\n|-boost|p1a: Emu War|spd|1\n|move|p2a: Torkoal|Yawn|p1a: Emu War\n|-start|p1a: Emu War|move: Yawn|[of] p2a: Torkoal\n|\n|-weather|SunnyDay|[upkeep]\n|-ability|p1a: Emu War|Speed Boost|boost\n|-boost|p1a: Emu War|spe|1\n|upkeep\n|turn|20\n|c|\u2606XpokVEVO|Fuck.\n|c|\u2606XpokVEVO|Got greedy\n|c|\u2606XpokVEVO|Hg\n|c|\u2606XpokVEVO|Gg\n|\n|t:|1699268509\n|move|p1a: Emu War|Dazzling Gleam|p2a: Torkoal\n|-resisted|p2a: Torkoal\n|-damage|p2a: Torkoal|0 fnt\n|faint|p2a: Torkoal\n|\n|-weather|SunnyDay|[upkeep]\n|-end|p1a: Emu War|move: Yawn|[silent]\n|-status|p1a: Emu War|slp\n|-ability|p1a: Emu War|Speed Boost|boost\n|-boost|p1a: Emu War|spe|1\n|upkeep\n|\n|t:|1699268518\n|switch|p2a: Roaring Moon|Roaring Moon|100\/100\n|-activate|p2a: Roaring Moon|ability: Protosynthesis\n|-start|p2a: Roaring Moon|protosynthesisspe\n|turn|21\n|\n|t:|1699268523\n|cant|p1a: Emu War|slp\n|move|p2a: Roaring Moon|Knock Off|p1a: Emu War\n|-supereffective|p1a: Emu War\n|-enditem|p1a: Emu War|Focus Sash\n|-damage|p1a: Emu War|1\/100 slp\n|\n|-weather|SunnyDay|[upkeep]\n|-ability|p1a: Emu War|Speed Boost|boost\n|-boost|p1a: Emu War|spe|1\n|upkeep\n|turn|22\n|\n|t:|1699268528\n|cant|p1a: Emu War|slp\n|move|p2a: Roaring Moon|Knock Off|p1a: Emu War\n|-supereffective|p1a: Emu War\n|-damage|p1a: Emu War|0 fnt\n|faint|p1a: Emu War\n|\n|-weather|SunnyDay|[upkeep]\n|upkeep\n|\n|t:|1699268531\n|switch|p1a: Princess|Zacian, shiny|100\/100\n|-ability|p1a: Princess|Intrepid Sword|boost\n|-boost|p1a: Princess|atk|1\n|turn|23\n|\n|t:|1699268536\n|move|p2a: Roaring Moon|Knock Off|p1a: Princess\n|-resisted|p1a: Princess\n|-damage|p1a: Princess|65\/100\n|-enditem|p1a: Princess|Life Orb|[from] move: Knock Off|[of] p2a: Roaring Moon\n|move|p1a: Princess|Play Rough|p2a: Roaring Moon\n|-supereffective|p2a: Roaring Moon\n|-damage|p2a: Roaring Moon|0 fnt\n|faint|p2a: Roaring Moon\n|-end|p2a: Roaring Moon|Protosynthesis|[silent]\n|\n|-weather|SunnyDay|[upkeep]\n|upkeep\n|\n|t:|1699268542\n|switch|p2a: Lilligant|Lilligant-Hisui, F|91\/100\n|turn|24\n|j| diizzyy\n|l| diizzyy\n|inactive|XpokVEVO has 270 seconds left.\n|c|\u2606XpokVEVO|Re?\n|\n|t:|1699268589\n|move|p2a: Lilligant|Solar Blade||[still]\n|-prepare|p2a: Lilligant|Solar Blade\n|-anim|p2a: Lilligant|Solar Blade|p1a: Princess\n|-damage|p1a: Princess|0 fnt\n|faint|p1a: Princess\n|-damage|p2a: Lilligant|81\/100|[from] item: Life Orb\n|\n|-weather|SunnyDay|[upkeep]\n|upkeep\n|\n|t:|1699268591\n|switch|p1a: Aunt Fanny|Magearna|43\/100\n|turn|25\n|c|\u2606adpg.alt|Nah, sorry\n|\n|t:|1699268615\n|move|p2a: Lilligant|Close Combat|p1a: Aunt Fanny\n|-damage|p1a: Aunt Fanny|0 fnt\n|-unboost|p2a: Lilligant|def|1\n|-unboost|p2a: Lilligant|spd|1\n|faint|p1a: Aunt Fanny\n|-damage|p2a: Lilligant|71\/100|[from] item: Life Orb\n|\n|win|adpg.alt\n","uploadtime":1699268638,"views":6,"p1id":"xpokvevo","p2id":"adpgalt","formatid":"gen9ubers","rating":0,"private":0,"password":""}