{"id":"gen9ubers-1998681119","p1":"dratini1yt","p2":"slugma the god","format":"[Gen 9] Ubers","log":"|j|\u2606dratini1yt\n|j|\u2606slugma the god\n|t:|1700971717\n|gametype|singles\n|player|p1|dratini1yt|clair|\n|player|p2|slugma the god|266|\n|teamsize|p1|6\n|teamsize|p2|6\n|gen|9\n|tier|[Gen 9] Ubers\n|rated|Tournament battle\n|rule|Sleep Clause Mod: Limit one foe put to sleep\n|rule|Species Clause: Limit one of each Pok\u00e9mon\n|rule|OHKO Clause: OHKO moves are banned\n|rule|Evasion Items Clause: Evasion items are banned\n|rule|Evasion Moves Clause: Evasion moves are banned\n|rule|Endless Battle Clause: Forcing endless battles is banned\n|rule|HP Percentage Mod: HP is shown in percentages\n|clearpoke\n|poke|p1|Ribombee, F|\n|poke|p1|Koraidon|\n|poke|p1|Zacian-*|\n|poke|p1|Miraidon|\n|poke|p1|Arceus|\n|poke|p1|Kyogre|\n|poke|p2|Miraidon|\n|poke|p2|Koraidon|\n|poke|p2|Zacian-*|\n|poke|p2|Calyrex-Ice|\n|poke|p2|Arceus-Steel|\n|poke|p2|Chien-Pao|\n|teampreview\n|inactive|Battle timer is ON: inactive players will automatically lose when time's up. (requested by slugma the god)\n|c|\u2606dratini1yt|glhf\n|\n|t:|1700971725\n|start\n|switch|p1a: Ribombee|Ribombee, F|100\/100\n|switch|p2a: Zacian|Zacian-Crowned|100\/100\n|-ability|p2a: Zacian|Intrepid Sword|boost\n|-boost|p2a: Zacian|atk|1\n|turn|1\n|\n|t:|1700971730\n|move|p2a: Zacian|Behemoth Blade|p1a: Ribombee\n|-supereffective|p1a: Ribombee\n|-enditem|p1a: Ribombee|Focus Sash\n|-damage|p1a: Ribombee|1\/100\n|move|p1a: Ribombee|Sticky Web|p2a: Zacian\n|-sidestart|p2: slugma the god|move: Sticky Web\n|\n|upkeep\n|turn|2\n|\n|t:|1700971737\n|move|p2a: Zacian|Swords Dance|p2a: Zacian\n|-boost|p2a: Zacian|atk|2\n|move|p1a: Ribombee|Moonblast|p2a: Zacian\n|-resisted|p2a: Zacian\n|-damage|p2a: Zacian|82\/100\n|\n|upkeep\n|turn|3\n|\n|t:|1700971743\n|move|p2a: Zacian|Behemoth Blade|p1a: Ribombee\n|-supereffective|p1a: Ribombee\n|-damage|p1a: Ribombee|0 fnt\n|faint|p1a: Ribombee\n|\n|upkeep\n|\n|t:|1700971753\n|switch|p1a: Kyogre|Kyogre|100\/100\n|-weather|RainDance|[from] ability: Drizzle|[of] p1a: Kyogre\n|turn|4\n|\n|t:|1700971759\n|move|p1a: Kyogre|Water Spout|p2a: Zacian\n|-damage|p2a: Zacian|0 fnt\n|faint|p2a: Zacian\n|\n|-weather|RainDance|[upkeep]\n|upkeep\n|\n|t:|1700971763\n|switch|p2a: Chien-Pao|Chien-Pao|100\/100\n|-activate|p2a: Chien-Pao|move: Sticky Web\n|-unboost|p2a: Chien-Pao|spe|1\n|-ability|p2a: Chien-Pao|Sword of Ruin\n|turn|5\n|\n|t:|1700971776\n|move|p2a: Chien-Pao|Sucker Punch|p1a: Kyogre\n|-damage|p1a: Kyogre|48\/100\n|move|p1a: Kyogre|Water Spout|p2a: Chien-Pao\n|-crit|p2a: Chien-Pao\n|-enditem|p2a: Chien-Pao|Focus Sash\n|-damage|p2a: Chien-Pao|1\/100\n|\n|-weather|RainDance|[upkeep]\n|upkeep\n|turn|6\n|\n|t:|1700971787\n|switch|p1a: Arceus|Arceus|100\/100\n|move|p2a: Chien-Pao|Sucker Punch||[still]\n|-fail|p2a: Chien-Pao\n|\n|-weather|RainDance|[upkeep]\n|upkeep\n|turn|7\n|\n|t:|1700971790\n|move|p1a: Arceus|Extreme Speed|p2a: Chien-Pao\n|-damage|p2a: Chien-Pao|0 fnt\n|faint|p2a: Chien-Pao\n|\n|-weather|RainDance|[upkeep]\n|upkeep\n|\n|t:|1700971796\n|switch|p2a: Miraidon|Miraidon|100\/100\n|-activate|p2a: Miraidon|move: Sticky Web\n|-unboost|p2a: Miraidon|spe|1\n|-fieldstart|move: Electric Terrain|[from] ability: Hadron Engine|[of] p2a: Miraidon\n|turn|8\n|\n|t:|1700971810\n|-terastallize|p2a: Miraidon|Electric\n|move|p1a: Arceus|Swords Dance|p1a: Arceus\n|-boost|p1a: Arceus|atk|2\n|move|p2a: Miraidon|Parabolic Charge|p1a: Arceus\n|-damage|p1a: Arceus|46\/100\n|-enditem|p1a: Arceus|Sitrus Berry|[eat]\n|-heal|p1a: Arceus|71\/100|[from] item: Sitrus Berry\n|\n|-weather|none\n|upkeep\n|turn|9\n|\n|t:|1700971821\n|move|p1a: Arceus|Extreme Speed|p2a: Miraidon\n|-damage|p2a: Miraidon|15\/100\n|move|p2a: Miraidon|Parabolic Charge|p1a: Arceus\n|-damage|p1a: Arceus|17\/100\n|-heal|p2a: Miraidon|50\/100|[from] drain|[of] p1a: Arceus\n|\n|upkeep\n|turn|10\n|\n|t:|1700971841\n|move|p1a: Arceus|Extreme Speed|p2a: Miraidon\n|-damage|p2a: Miraidon|0 fnt\n|faint|p2a: Miraidon\n|\n|upkeep\n|\n|t:|1700971844\n|switch|p2a: Arceus|Arceus-Steel|100\/100\n|-activate|p2a: Arceus|move: Sticky Web\n|-unboost|p2a: Arceus|spe|1\n|turn|11\n|\n|t:|1700971863\n|move|p2a: Arceus|Extreme Speed|p1a: Arceus\n|-damage|p1a: Arceus|0 fnt\n|faint|p1a: Arceus\n|\n|upkeep\n|\n|t:|1700971868\n|switch|p1a: Koraidon|Koraidon|100\/100\n|-weather|SunnyDay|[from] ability: Orichalcum Pulse|[of] p1a: Koraidon\n|-activate|p1a: Koraidon|Orichalcum Pulse|[source]\n|turn|12\n|\n|t:|1700971878\n|move|p2a: Arceus|Extreme Speed|p1a: Koraidon\n|-crit|p1a: Koraidon\n|-damage|p1a: Koraidon|65\/100\n|move|p1a: Koraidon|Collision Course|p2a: Arceus\n|-supereffective|p2a: Arceus\n|-damage|p2a: Arceus|0 fnt\n|faint|p2a: Arceus\n|\n|-weather|SunnyDay|[upkeep]\n|-fieldend|move: Electric Terrain\n|upkeep\n|\n|t:|1700971880\n|switch|p2a: Koraidon|Koraidon|100\/100\n|-activate|p2a: Koraidon|move: Sticky Web\n|-unboost|p2a: Koraidon|spe|1\n|-activate|p2a: Koraidon|ability: Orichalcum Pulse\n|turn|13\n|\n|t:|1700971891\n|move|p1a: Koraidon|Outrage|p2a: Koraidon\n|-supereffective|p2a: Koraidon\n|-damage|p2a: Koraidon|0 fnt\n|faint|p2a: Koraidon\n|\n|-weather|SunnyDay|[upkeep]\n|upkeep\n|\n|t:|1700971893\n|switch|p2a: Calyrex|Calyrex-Ice|100\/100\n|-ability|p2a: Calyrex|As One\n|-ability|p2a: Calyrex|Unnerve\n|-activate|p2a: Calyrex|move: Sticky Web\n|-unboost|p2a: Calyrex|spe|1\n|turn|14\n|\n|t:|1700971902\n|move|p1a: Koraidon|Outrage|p2a: Calyrex|[from]lockedmove\n|-damage|p2a: Calyrex|41\/100\n|move|p2a: Calyrex|Glacial Lance|p1a: Koraidon\n|-supereffective|p1a: Koraidon\n|-damage|p1a: Koraidon|0 fnt\n|faint|p1a: Koraidon\n|-ability|p2a: Calyrex|Chilling Neigh|boost\n|-boost|p2a: Calyrex|atk|1\n|\n|-weather|SunnyDay|[upkeep]\n|upkeep\n|\n|t:|1700971913\n|switch|p1a: Miraidon|Miraidon|100\/100\n|-fieldstart|move: Electric Terrain|[from] ability: Hadron Engine|[of] p1a: Miraidon\n|turn|15\n|\n|t:|1700971919\n|move|p1a: Miraidon|Electro Drift|p2a: Calyrex\n|-damage|p2a: Calyrex|0 fnt\n|faint|p2a: Calyrex\n|-damage|p1a: Miraidon|91\/100|[from] item: Life Orb\n|\n|win|dratini1yt\n|n|\u2606dratini1yt|dratini1yt\n|n|\u2606slugma the god|slugmathegod\n","uploadtime":1700971920,"views":2,"p1id":"dratini1yt","p2id":"slugmathegod","formatid":"gen9ubers","rating":0,"private":0,"password":""}