{"id":"gen9ubers-1982906324","p1":"Citrusfunk","p2":"DilanZogratis","format":"[Gen 9] Ubers","log":"|j|\u2606Citrusfunk\n|j|\u2606DilanZogratis\n|t:|1699057171\n|gametype|singles\n|player|p1|Citrusfunk|alec-anime|1083\n|player|p2|DilanZogratis|benga|1008\n|teamsize|p1|6\n|teamsize|p2|6\n|gen|9\n|tier|[Gen 9] Ubers\n|rated|\n|rule|Sleep Clause Mod: Limit one foe put to sleep\n|rule|Species Clause: Limit one of each Pok\u00e9mon\n|rule|OHKO Clause: OHKO moves are banned\n|rule|Evasion Items Clause: Evasion items are banned\n|rule|Evasion Moves Clause: Evasion moves are banned\n|rule|Endless Battle Clause: Forcing endless battles is banned\n|rule|HP Percentage Mod: HP is shown in percentages\n|clearpoke\n|poke|p1|Charizard, M|\n|poke|p1|Crawdaunt, M|\n|poke|p1|Ursaluna-Bloodmoon, M|\n|poke|p1|Kommo-o, M|\n|poke|p1|Ninetales-Alola, F|\n|poke|p1|Sinistcha|\n|poke|p2|Lucario, M|\n|poke|p2|Koraidon|\n|poke|p2|Dragapult, M|\n|poke|p2|Urshifu-*, M|\n|poke|p2|Cinderace, M|\n|poke|p2|Zoroark-Hisui, M|\n|teampreview\n|inactive|Battle timer is ON: inactive players will automatically lose when time's up. (requested by Citrusfunk)\n|l|\u2606Citrusfunk\n|inactive|Citrusfunk disconnected and has a minute to reconnect!\n|player|p1|\n|inactive|DilanZogratis has 120 seconds left.\n|\n|t:|1699057213\n|start\n|switch|p1a: Cool ass freezer|Ninetales-Alola, F|100\/100\n|switch|p2a: Koraidon|Koraidon|100\/100\n|-weather|Snow|[from] ability: Snow Warning|[of] p1a: Cool ass freezer\n|-weather|SunnyDay|[from] ability: Orichalcum Pulse|[of] p2a: Koraidon\n|-activate|p2a: Koraidon|Orichalcum Pulse|[source]\n|turn|1\n|j|\u2606Citrusfunk\n|inactive|Citrusfunk reconnected and has 140 seconds left.\n|player|p1|Citrusfunk|alec-anime\n|\n|t:|1699057226\n|switch|p2a: Lucario|Lucario, M, shiny|100\/100\n|move|p1a: Cool ass freezer|Moonblast|p2a: Lucario\n|-damage|p2a: Lucario|49\/100\n|\n|-weather|SunnyDay|[upkeep]\n|upkeep\n|turn|2\n|\n|t:|1699057235\n|switch|p1a: Nightmare Freddy|Ursaluna-Bloodmoon, M|100\/100\n|move|p2a: Lucario|Close Combat|p1a: Nightmare Freddy\n|-supereffective|p1a: Nightmare Freddy\n|-damage|p1a: Nightmare Freddy|23\/100\n|-unboost|p2a: Lucario|def|1\n|-unboost|p2a: Lucario|spd|1\n|-damage|p2a: Lucario|39\/100|[from] item: Life Orb\n|\n|-weather|SunnyDay|[upkeep]\n|-heal|p1a: Nightmare Freddy|29\/100|[from] item: Leftovers\n|upkeep\n|turn|3\n|\n|t:|1699057245\n|move|p1a: Nightmare Freddy|Vacuum Wave|p2a: Lucario\n|-supereffective|p2a: Lucario\n|-damage|p2a: Lucario|0 fnt\n|faint|p2a: Lucario\n|\n|-weather|SunnyDay|[upkeep]\n|-heal|p1a: Nightmare Freddy|35\/100|[from] item: Leftovers\n|upkeep\n|\n|t:|1699057252\n|switch|p2a: Koraidon|Koraidon|100\/100\n|-activate|p2a: Koraidon|ability: Orichalcum Pulse\n|turn|4\n|\n|t:|1699057259\n|move|p1a: Nightmare Freddy|Blood Moon|p2a: Koraidon\n|-damage|p2a: Koraidon|6\/100\n|move|p2a: Koraidon|Dragon Tail|p1a: Nightmare Freddy\n|-damage|p1a: Nightmare Freddy|8\/100\n|drag|p1a: Red Lobster|Crawdaunt, M|100\/100\n|\n|-weather|SunnyDay|[upkeep]\n|upkeep\n|turn|5\n|\n|t:|1699057285\n|move|p1a: Red Lobster|Aqua Jet|p2a: Koraidon\n|-resisted|p2a: Koraidon\n|-damage|p2a: Koraidon|0 fnt\n|faint|p2a: Koraidon\n|-damage|p1a: Red Lobster|91\/100|[from] item: Life Orb\n|\n|-weather|none\n|upkeep\n|\n|t:|1699057293\n|switch|p2a: Urshifu|Urshifu-Rapid-Strike, M|100\/100\n|turn|6\n|\n|t:|1699057305\n|switch|p1a: Nightmare Freddy|Ursaluna-Bloodmoon, M|8\/100\n|move|p2a: Urshifu|Bulk Up|p2a: Urshifu\n|-boost|p2a: Urshifu|atk|1\n|-boost|p2a: Urshifu|def|1\n|\n|-heal|p1a: Nightmare Freddy|14\/100|[from] item: Leftovers\n|upkeep\n|turn|7\n|\n|t:|1699057315\n|move|p2a: Urshifu|Surging Strikes|p1a: Nightmare Freddy\n|-supereffective|p1a: Nightmare Freddy\n|-crit|p1a: Nightmare Freddy\n|-damage|p1a: Nightmare Freddy|0 fnt\n|faint|p1a: Nightmare Freddy\n|-hitcount|p1: Nightmare Freddy|1\n|\n|upkeep\n|\n|t:|1699057334\n|switch|p1a: Cool ass freezer|Ninetales-Alola, F|100\/100\n|-weather|Snow|[from] ability: Snow Warning|[of] p1a: Cool ass freezer\n|turn|8\n|\n|t:|1699057341\n|move|p1a: Cool ass freezer|Aurora Veil|p1a: Cool ass freezer\n|-sidestart|p1: Citrusfunk|move: Aurora Veil\n|move|p2a: Urshifu|Surging Strikes|p1a: Cool ass freezer\n|-crit|p1a: Cool ass freezer\n|-damage|p1a: Cool ass freezer|72\/100\n|-crit|p1a: Cool ass freezer\n|-damage|p1a: Cool ass freezer|45\/100\n|-crit|p1a: Cool ass freezer\n|-damage|p1a: Cool ass freezer|16\/100\n|-hitcount|p1a: Cool ass freezer|3\n|\n|-weather|Snow|[upkeep]\n|upkeep\n|turn|9\n|\n|t:|1699057351\n|move|p1a: Cool ass freezer|Moonblast|p2a: Urshifu\n|-supereffective|p2a: Urshifu\n|-damage|p2a: Urshifu|5\/100\n|move|p2a: Urshifu|Poison Jab|p1a: Cool ass freezer\n|-supereffective|p1a: Cool ass freezer\n|-damage|p1a: Cool ass freezer|0 fnt\n|faint|p1a: Cool ass freezer\n|\n|-weather|Snow|[upkeep]\n|upkeep\n|\n|t:|1699057357\n|switch|p1a: Red Lobster|Crawdaunt, M|91\/100\n|turn|10\n|-activate|p2a: Urshifu|item: Quick Claw\n|\n|t:|1699057365\n|move|p1a: Red Lobster|Aqua Jet|p2a: Urshifu\n|-resisted|p2a: Urshifu\n|-damage|p2a: Urshifu|0 fnt\n|faint|p2a: Urshifu\n|-damage|p1a: Red Lobster|81\/100|[from] item: Life Orb\n|\n|-weather|Snow|[upkeep]\n|upkeep\n|\n|t:|1699057374\n|switch|p2a: Dragapult|Dragapult, M, shiny|100\/100\n|turn|11\n|\n|t:|1699057387\n|move|p2a: Dragapult|Dragon Dance|p2a: Dragapult\n|-boost|p2a: Dragapult|atk|1\n|-boost|p2a: Dragapult|spe|1\n|move|p1a: Red Lobster|Crunch|p2a: Dragapult\n|-supereffective|p2a: Dragapult\n|-damage|p2a: Dragapult|0 fnt\n|faint|p2a: Dragapult\n|-damage|p1a: Red Lobster|71\/100|[from] item: Life Orb\n|\n|-weather|Snow|[upkeep]\n|upkeep\n|\n|t:|1699057396\n|switch|p2a: Cinderace|Cinderace, M|100\/100\n|turn|12\n|\n|t:|1699057419\n|move|p2a: Cinderace|Giga Impact|p1a: Red Lobster\n|-start|p2a: Cinderace|typechange|Normal|[from] ability: Libero\n|-damage|p1a: Red Lobster|24\/100\n|-mustrecharge|p2a: Cinderace\n|move|p1a: Red Lobster|Crabhammer|p2a: Cinderace\n|-damage|p2a: Cinderace|0 fnt\n|faint|p2a: Cinderace\n|-damage|p1a: Red Lobster|14\/100|[from] item: Life Orb\n|\n|-weather|none\n|upkeep\n|-message|DilanZogratis forfeited.\n|\n|win|Citrusfunk\n|raw|Citrusfunk's rating: 1083 &rarr; <strong>1105<\/strong><br \/>(+22 for winning)\n|raw|DilanZogratis's rating: 1008 &rarr; <strong>1000<\/strong><br \/>(-8 for losing)\n|l|\u2606DilanZogratis\n|c|\u2606Citrusfunk|Gg\n","uploadtime":1699057448,"views":7,"p1id":"citrusfunk","p2id":"dilanzogratis","formatid":"gen9ubers","rating":1000,"private":0,"password":""}