{"id":"gen9ubers-1985419592","p1":"Laxwood","p2":"bugs are funny","format":"[Gen 9] Ubers","log":"|j|\u2606Laxwood\n|j|\u2606bugs are funny\n|t:|1699373165\n|gametype|singles\n|player|p1|Laxwood|266|1119\n|player|p2|bugs are funny|winona|1066\n|teamsize|p1|6\n|teamsize|p2|6\n|gen|9\n|tier|[Gen 9] Ubers\n|rated|\n|rule|Sleep Clause Mod: Limit one foe put to sleep\n|rule|Species Clause: Limit one of each Pok\u00e9mon\n|rule|OHKO Clause: OHKO moves are banned\n|rule|Evasion Items Clause: Evasion items are banned\n|rule|Evasion Moves Clause: Evasion moves are banned\n|rule|Endless Battle Clause: Forcing endless battles is banned\n|rule|HP Percentage Mod: HP is shown in percentages\n|clearpoke\n|poke|p1|Ogerpon-Hearthflame, F|\n|poke|p1|Landorus, M|\n|poke|p1|Tyranitar, M|\n|poke|p1|Zamazenta-*|\n|poke|p1|Arceus-Ground|\n|poke|p1|Palafin, M|\n|poke|p2|Volcarona, F|\n|poke|p2|Volbeat, M|\n|poke|p2|Lokix, F|\n|poke|p2|Scizor, M|\n|poke|p2|Heracross, F|\n|poke|p2|Ribombee, F|\n|teampreview\n|\n|t:|1699373179\n|start\n|switch|p1a: Tyranitar|Tyranitar, M|100\/100\n|switch|p2a: Lokix|Lokix, F|100\/100\n|-weather|Sandstorm|[from] ability: Sand Stream|[of] p1a: Tyranitar\n|turn|1\n|\n|t:|1699373188\n|move|p2a: Lokix|Low Kick|p1a: Tyranitar\n|-supereffective|p1a: Tyranitar\n|-damage|p1a: Tyranitar|0 fnt\n|faint|p1a: Tyranitar\n|\n|-weather|Sandstorm|[upkeep]\n|-damage|p2a: Lokix|94\/100|[from] Sandstorm\n|upkeep\n|\n|t:|1699373199\n|switch|p1a: Landorus|Landorus, M|100\/100\n|turn|2\n|\n|t:|1699373207\n|-terastallize|p1a: Landorus|Ground\n|move|p1a: Landorus|Weather Ball|p2a: Lokix\n|-supereffective|p2a: Lokix\n|-damage|p2a: Lokix|0 fnt\n|faint|p2a: Lokix\n|-damage|p1a: Landorus|91\/100|[from] item: Life Orb\n|\n|-weather|Sandstorm|[upkeep]\n|upkeep\n|\n|t:|1699373225\n|switch|p2a: Ribombee|Ribombee, F|100\/100\n|turn|3\n|\n|t:|1699373232\n|move|p2a: Ribombee|Stun Spore|p1a: Landorus|[miss]\n|-miss|p2a: Ribombee|p1a: Landorus\n|move|p1a: Landorus|Weather Ball|p2a: Ribombee\n|-supereffective|p2a: Ribombee\n|-enditem|p2a: Ribombee|Focus Sash\n|-damage|p2a: Ribombee|1\/100\n|-damage|p1a: Landorus|81\/100|[from] item: Life Orb\n|\n|-weather|Sandstorm|[upkeep]\n|-damage|p2a: Ribombee|0 fnt|[from] Sandstorm\n|faint|p2a: Ribombee\n|upkeep\n|\n|t:|1699373235\n|switch|p2a: Heracross|Heracross, F|100\/100\n|turn|4\n|\n|t:|1699373238\n|move|p2a: Heracross|Protect|p2a: Heracross\n|-singleturn|p2a: Heracross|Protect\n|move|p1a: Landorus|Weather Ball|p2a: Heracross\n|-activate|p2a: Heracross|move: Protect\n|\n|-weather|Sandstorm|[upkeep]\n|-damage|p2a: Heracross|95\/100|[from] Sandstorm\n|-status|p2a: Heracross|brn|[from] item: Flame Orb\n|upkeep\n|turn|5\n|\n|t:|1699373248\n|-terastallize|p2a: Heracross|Normal\n|move|p1a: Landorus|Weather Ball|p2a: Heracross\n|-damage|p2a: Heracross|36\/100 brn\n|-damage|p1a: Landorus|71\/100|[from] item: Life Orb\n|move|p2a: Heracross|Trailblaze|p1a: Landorus\n|-supereffective|p1a: Landorus\n|-damage|p1a: Landorus|7\/100\n|-boost|p2a: Heracross|spe|1\n|\n|-weather|Sandstorm|[upkeep]\n|-damage|p2a: Heracross|30\/100 brn|[from] Sandstorm\n|-damage|p2a: Heracross|24\/100 brn|[from] brn\n|upkeep\n|turn|6\n|\n|t:|1699373260\n|move|p2a: Heracross|Facade|p1a: Landorus\n|-damage|p1a: Landorus|0 fnt\n|faint|p1a: Landorus\n|\n|-weather|Sandstorm|[upkeep]\n|-damage|p2a: Heracross|18\/100 brn|[from] Sandstorm\n|-damage|p2a: Heracross|12\/100 brn|[from] brn\n|upkeep\n|\n|t:|1699373269\n|switch|p1a: Palafin|Palafin, M|100\/100\n|turn|7\n|\n|t:|1699373272\n|move|p1a: Palafin|Jet Punch|p2a: Heracross\n|-damage|p2a: Heracross|0 fnt\n|faint|p2a: Heracross\n|\n|-weather|Sandstorm|[upkeep]\n|-damage|p1a: Palafin|94\/100|[from] Sandstorm\n|upkeep\n|\n|t:|1699373277\n|switch|p2a: Scizor|Scizor, M|100\/100\n|turn|8\n|\n|t:|1699373284\n|detailschange|p1a: Palafin|Palafin-Hero, M\n|switch|p1a: Ogerpon|Ogerpon-Hearthflame, F|100\/100\n|-ability|p1a: Ogerpon|Mold Breaker\n|move|p2a: Scizor|Swords Dance|p2a: Scizor\n|-boost|p2a: Scizor|atk|2\n|\n|-weather|none\n|upkeep\n|turn|9\n|\n|t:|1699373290\n|move|p2a: Scizor|Bullet Punch|p1a: Ogerpon\n|-resisted|p1a: Ogerpon\n|-damage|p1a: Ogerpon|54\/100\n|move|p1a: Ogerpon|Ivy Cudgel|p2a: Scizor\n|-supereffective|p2a: Scizor\n|-enditem|p2a: Scizor|Focus Sash\n|-damage|p2a: Scizor|1\/100\n|\n|upkeep\n|turn|10\n|\n|t:|1699373299\n|move|p2a: Scizor|Bullet Punch|p1a: Ogerpon\n|-resisted|p1a: Ogerpon\n|-damage|p1a: Ogerpon|9\/100\n|move|p1a: Ogerpon|Trailblaze|p2a: Scizor\n|-resisted|p2a: Scizor\n|-damage|p2a: Scizor|0 fnt\n|-boost|p1a: Ogerpon|spe|1\n|faint|p2a: Scizor\n|\n|upkeep\n|-message|bugs are funny forfeited.\n|\n|win|Laxwood\n|raw|Laxwood's rating: 1119 &rarr; <strong>1140<\/strong><br \/>(+21 for winning)\n|raw|bugs are funny's rating: 1066 &rarr; <strong>1049<\/strong><br \/>(-17 for losing)\n|l|\u2606bugs are funny\n|c|\u2606Laxwood|bugs r funny\n","uploadtime":1699373312,"views":7,"p1id":"laxwood","p2id":"bugsarefunny","formatid":"gen9ubers","rating":1049,"private":0,"password":""}