{"id":"gen9ubers-1992294546","p1":"Skotchaud","p2":"Aaron MA","format":"[Gen 9] Ubers","log":"|j|\u2606Skotchaud\n|j|\u2606Aaron MA\n|t:|1700171814\n|gametype|singles\n|player|p1|Skotchaud|noland|\n|player|p2|Aaron MA|101|\n|teamsize|p1|6\n|teamsize|p2|6\n|gen|9\n|tier|[Gen 9] Ubers\n|rule|Sleep Clause Mod: Limit one foe put to sleep\n|rule|Species Clause: Limit one of each Pok\u00e9mon\n|rule|OHKO Clause: OHKO moves are banned\n|rule|Evasion Items Clause: Evasion items are banned\n|rule|Evasion Moves Clause: Evasion moves are banned\n|rule|Endless Battle Clause: Forcing endless battles is banned\n|rule|HP Percentage Mod: HP is shown in percentages\n|clearpoke\n|poke|p1|Baxcalibur, M|\n|poke|p1|Dondozo, F|\n|poke|p1|Iron Valiant|\n|poke|p1|Zapdos|\n|poke|p1|Kingambit, M|\n|poke|p1|Hatterene, F|\n|poke|p2|Grimmsnarl, M|\n|poke|p2|Hatterene, F|\n|poke|p2|Rillaboom, M|\n|poke|p2|Sneasler, F|\n|poke|p2|Cresselia, F|\n|poke|p2|Kingambit, M|\n|teampreview\n|\n|t:|1700171868\n|start\n|switch|p1a: El jefe|Kingambit, M, shiny|100\/100\n|switch|p2a: Sneasler|Sneasler, F|100\/100\n|turn|1\n|\n|t:|1700171875\n|-end|p1a: El jefe|fallenundefined|[silent]\n|switch|p1a: Zap2.0|Zapdos, shiny|100\/100\n|move|p2a: Sneasler|Toxic Spikes|p1a: Zap2.0\n|-sidestart|p1: Skotchaud|move: Toxic Spikes\n|\n|upkeep\n|turn|2\n|\n|t:|1700171908\n|switch|p2a: Grimmsnarl|Grimmsnarl, M|100\/100\n|move|p1a: Zap2.0|Volt Switch|p2a: Grimmsnarl\n|-damage|p2a: Grimmsnarl|68\/100\n|\n|t:|1700171922\n|switch|p1a: El jefe|Kingambit, M, shiny|100\/100|[from] Volt Switch\n|\n|upkeep\n|turn|3\n|\n|t:|1700171933\n|move|p2a: Grimmsnarl|Reflect|p2a: Grimmsnarl\n|-sidestart|p2: Aaron MA|Reflect\n|move|p1a: El jefe|Swords Dance|p1a: El jefe\n|-boost|p1a: El jefe|atk|2\n|\n|upkeep\n|turn|4\n|\n|t:|1700171946\n|switch|p2a: Rillaboom|Rillaboom, M|100\/100\n|-fieldstart|move: Grassy Terrain|[from] ability: Grassy Surge|[of] p2a: Rillaboom\n|move|p1a: El jefe|Swords Dance|p1a: El jefe\n|-boost|p1a: El jefe|atk|2\n|\n|upkeep\n|turn|5\n|\n|t:|1700171973\n|move|p2a: Rillaboom|Grassy Glide|p1a: El jefe\n|-resisted|p1a: El jefe\n|-damage|p1a: El jefe|80\/100\n|move|p1a: El jefe|Kowtow Cleave|p2a: Rillaboom\n|-crit|p2a: Rillaboom\n|-damage|p2a: Rillaboom|0 fnt\n|faint|p2a: Rillaboom\n|\n|-heal|p1a: El jefe|86\/100|[from] Grassy Terrain\n|upkeep\n|\n|t:|1700171994\n|switch|p2a: Sneasler|Sneasler, F|100\/100\n|turn|6\n|\n|t:|1700172010\n|-terastallize|p1a: El jefe|Flying\n|move|p2a: Sneasler|Poison Jab|p1a: El jefe\n|-damage|p1a: El jefe|56\/100\n|-status|p1a: El jefe|psn\n|move|p1a: El jefe|Iron Head|p2a: Sneasler\n|-enditem|p2a: Sneasler|Focus Sash\n|-damage|p2a: Sneasler|1\/100\n|\n|-heal|p2a: Sneasler|7\/100|[from] Grassy Terrain\n|-damage|p1a: El jefe|43\/100 psn|[from] psn\n|upkeep\n|turn|7\n|\n|t:|1700172024\n|move|p1a: El jefe|Sucker Punch||[still]\n|-fail|p1a: El jefe\n|move|p2a: Sneasler|Swords Dance|p2a: Sneasler\n|-boost|p2a: Sneasler|atk|2\n|\n|-heal|p2a: Sneasler|13\/100|[from] Grassy Terrain\n|-damage|p1a: El jefe|31\/100 psn|[from] psn\n|upkeep\n|turn|8\n|\n|t:|1700172034\n|move|p1a: El jefe|Sucker Punch||[still]\n|-fail|p1a: El jefe\n|move|p2a: Sneasler|Swords Dance|p2a: Sneasler\n|-boost|p2a: Sneasler|atk|2\n|\n|-heal|p2a: Sneasler|19\/100|[from] Grassy Terrain\n|-damage|p1a: El jefe|19\/100 psn|[from] psn\n|-fieldend|move: Grassy Terrain\n|upkeep\n|turn|9\n|\n|t:|1700172044\n|move|p1a: El jefe|Sucker Punch|p2a: Sneasler\n|-resisted|p2a: Sneasler\n|-damage|p2a: Sneasler|0 fnt\n|faint|p2a: Sneasler\n|\n|-damage|p1a: El jefe|7\/100 psn|[from] psn\n|upkeep\n|\n|t:|1700172066\n|switch|p2a: Kingambit|Kingambit, M|100\/100\n|-activate|p2a: Kingambit|ability: Supreme Overlord\n|-start|p2a: Kingambit|fallen2|[silent]\n|turn|10\n|\n|t:|1700172073\n|move|p2a: Kingambit|Sucker Punch|p1a: El jefe\n|-damage|p1a: El jefe|0 fnt\n|faint|p1a: El jefe\n|-end|p1a: El jefe|fallenundefined|[silent]\n|\n|-sideend|p2: Aaron MA|Reflect\n|upkeep\n|\n|t:|1700172090\n|switch|p1a: On baizz?|Dondozo, F|100\/100\n|-status|p1a: On baizz?|psn\n|turn|11\n|\n|t:|1700172114\n|-end|p2a: Kingambit|fallen2|[silent]\n|switch|p2a: Grimmsnarl|Grimmsnarl, M|68\/100\n|switch|p1a: Zap2.0|Zapdos, shiny|100\/100\n|\n|upkeep\n|turn|12\n|\n|t:|1700172122\n|move|p2a: Grimmsnarl|Light Screen|p2a: Grimmsnarl\n|-sidestart|p2: Aaron MA|move: Light Screen\n|move|p1a: Zap2.0|Volt Switch|p2a: Grimmsnarl\n|-damage|p2a: Grimmsnarl|52\/100\n|\n|t:|1700172127\n|switch|p1a: 2 en 1|Iron Valiant|100\/100|[from] Volt Switch\n|-status|p1a: 2 en 1|psn\n|-enditem|p1a: 2 en 1|Booster Energy\n|-activate|p1a: 2 en 1|ability: Quark Drive|[fromitem]\n|-start|p1a: 2 en 1|quarkdrivespe\n|\n|-damage|p1a: 2 en 1|88\/100 psn|[from] psn\n|upkeep\n|turn|13\n|\n|t:|1700172142\n|move|p2a: Grimmsnarl|Reflect|p2a: Grimmsnarl\n|-sidestart|p2: Aaron MA|Reflect\n|move|p1a: 2 en 1|Calm Mind|p1a: 2 en 1\n|-boost|p1a: 2 en 1|spa|1\n|-boost|p1a: 2 en 1|spd|1\n|\n|-damage|p1a: 2 en 1|76\/100 psn|[from] psn\n|upkeep\n|turn|14\n|\n|t:|1700172153\n|move|p2a: Grimmsnarl|Parting Shot|p1a: 2 en 1\n|-unboost|p1a: 2 en 1|atk|1\n|-unboost|p1a: 2 en 1|spa|1\n|\n|t:|1700172165\n|switch|p2a: Hatterene|Hatterene, F|100\/100|[from] Parting Shot\n|move|p1a: 2 en 1|Calm Mind|p1a: 2 en 1\n|-boost|p1a: 2 en 1|spa|1\n|-boost|p1a: 2 en 1|spd|1\n|\n|-damage|p1a: 2 en 1|63\/100 psn|[from] psn\n|upkeep\n|turn|15\n|\n|t:|1700172175\n|move|p1a: 2 en 1|Moonblast|p2a: Hatterene\n|-damage|p2a: Hatterene|75\/100\n|move|p2a: Hatterene|Draining Kiss|p1a: 2 en 1\n|-supereffective|p1a: 2 en 1\n|-crit|p1a: 2 en 1\n|-damage|p1a: 2 en 1|0 fnt\n|-heal|p2a: Hatterene|100\/100|[from] drain|[of] p1a: 2 en 1\n|faint|p1a: 2 en 1\n|-end|p1a: 2 en 1|Quark Drive|[silent]\n|\n|upkeep\n|\n|t:|1700172189\n|switch|p1a: La tepu|Hatterene, F|100\/100\n|-status|p1a: La tepu|psn\n|turn|16\n|\n|t:|1700172193\n|move|p2a: Hatterene|Calm Mind|p2a: Hatterene\n|-boost|p2a: Hatterene|spa|1\n|-boost|p2a: Hatterene|spd|1\n|move|p1a: La tepu|Calm Mind|p1a: La tepu\n|-boost|p1a: La tepu|spa|1\n|-boost|p1a: La tepu|spd|1\n|\n|-damage|p1a: La tepu|88\/100 psn|[from] psn\n|upkeep\n|turn|17\n|\n|t:|1700172202\n|move|p2a: Hatterene|Calm Mind|p2a: Hatterene\n|-boost|p2a: Hatterene|spa|1\n|-boost|p2a: Hatterene|spd|1\n|move|p1a: La tepu|Calm Mind|p1a: La tepu\n|-boost|p1a: La tepu|spa|1\n|-boost|p1a: La tepu|spd|1\n|\n|-heal|p1a: La tepu|94\/100 psn|[from] item: Leftovers\n|-damage|p1a: La tepu|82\/100 psn|[from] psn\n|upkeep\n|turn|18\n|\n|t:|1700172215\n|move|p2a: Hatterene|Mystical Fire|p1a: La tepu\n|-damage|p1a: La tepu|60\/100 psn\n|-unboost|p1a: La tepu|spa|1\n|move|p1a: La tepu|Calm Mind|p1a: La tepu\n|-boost|p1a: La tepu|spa|1\n|-boost|p1a: La tepu|spd|1\n|\n|-heal|p1a: La tepu|66\/100 psn|[from] item: Leftovers\n|-damage|p1a: La tepu|54\/100 psn|[from] psn\n|upkeep\n|turn|19\n|\n|t:|1700172228\n|move|p2a: Hatterene|Mystical Fire|p1a: La tepu\n|-damage|p1a: La tepu|36\/100 psn\n|-unboost|p1a: La tepu|spa|1\n|move|p1a: La tepu|Draining Kiss|p2a: Hatterene\n|-damage|p2a: Hatterene|91\/100\n|-heal|p1a: La tepu|43\/100 psn|[from] drain|[of] p2a: Hatterene\n|\n|-heal|p1a: La tepu|49\/100 psn|[from] item: Leftovers\n|-damage|p1a: La tepu|37\/100 psn|[from] psn\n|-sideend|p2: Aaron MA|move: Light Screen\n|upkeep\n|turn|20\n|\n|t:|1700172243\n|move|p2a: Hatterene|Mystical Fire|p1a: La tepu\n|-damage|p1a: La tepu|17\/100 psn\n|-unboost|p1a: La tepu|spa|1\n|move|p1a: La tepu|Draining Kiss|p2a: Hatterene\n|-damage|p2a: Hatterene|78\/100\n|-heal|p1a: La tepu|26\/100 psn|[from] drain|[of] p2a: Hatterene\n|\n|-heal|p1a: La tepu|32\/100 psn|[from] item: Leftovers\n|-damage|p1a: La tepu|20\/100 psn|[from] psn\n|-sideend|p2: Aaron MA|Reflect\n|upkeep\n|turn|21\n|\n|t:|1700172257\n|move|p2a: Hatterene|Mystical Fire|p1a: La tepu\n|-damage|p1a: La tepu|2\/100 psn\n|-unboost|p1a: La tepu|spa|1\n|move|p1a: La tepu|Trick Room|p1a: La tepu\n|-fieldstart|move: Trick Room|[of] p1a: La tepu\n|\n|-heal|p1a: La tepu|8\/100 psn|[from] item: Leftovers\n|-damage|p1a: La tepu|0 fnt|[from] psn\n|faint|p1a: La tepu\n|upkeep\n|\n|t:|1700172262\n|switch|p1a: On baizz?|Dondozo, F|100\/100 psn\n|turn|22\n|\n|t:|1700172271\n|move|p1a: On baizz?|Curse|p1a: On baizz?\n|-unboost|p1a: On baizz?|spe|1\n|-boost|p1a: On baizz?|atk|1\n|-boost|p1a: On baizz?|def|1\n|move|p2a: Hatterene|Stored Power|p1a: On baizz?\n|-damage|p1a: On baizz?|58\/100 psn\n|\n|-damage|p1a: On baizz?|46\/100 psn|[from] psn\n|upkeep\n|turn|23\n|\n|t:|1700172282\n|move|p1a: On baizz?|Liquidation|p2a: Hatterene\n|-crit|p2a: Hatterene\n|-damage|p2a: Hatterene|23\/100\n|-unboost|p2a: Hatterene|def|1\n|move|p2a: Hatterene|Draining Kiss|p1a: On baizz?\n|-damage|p1a: On baizz?|24\/100 psn\n|-heal|p2a: Hatterene|48\/100|[from] drain|[of] p1a: On baizz?\n|\n|-damage|p1a: On baizz?|12\/100 psn|[from] psn\n|upkeep\n|turn|24\n|\n|t:|1700172292\n|move|p1a: On baizz?|Liquidation|p2a: Hatterene\n|-damage|p2a: Hatterene|13\/100\n|move|p2a: Hatterene|Draining Kiss|p1a: On baizz?\n|-damage|p1a: On baizz?|0 fnt\n|-heal|p2a: Hatterene|26\/100|[from] drain|[of] p1a: On baizz?\n|faint|p1a: On baizz?\n|\n|upkeep\n|\n|t:|1700172300\n|switch|p1a: Zap2.0|Zapdos, shiny|100\/100\n|turn|25\n|\n|t:|1700172306\n|move|p2a: Hatterene|Stored Power|p1a: Zap2.0\n|-damage|p1a: Zap2.0|21\/100\n|move|p1a: Zap2.0|Volt Switch|p2a: Hatterene\n|-damage|p2a: Hatterene|10\/100\n|\n|t:|1700172308\n|switch|p1a: Teboune|Baxcalibur, M, shiny|100\/100|[from] Volt Switch\n|-status|p1a: Teboune|psn\n|\n|-damage|p1a: Teboune|88\/100 psn|[from] psn\n|-fieldend|move: Trick Room\n|upkeep\n|turn|26\n|\n|t:|1700172321\n|move|p1a: Teboune|Icicle Spear|p2a: Hatterene\n|-damage|p2a: Hatterene|0 fnt\n|faint|p2a: Hatterene\n|-hitcount|p2: Hatterene|1\n|\n|-damage|p1a: Teboune|76\/100 psn|[from] psn\n|upkeep\n|\n|t:|1700172329\n|switch|p2a: Grimmsnarl|Grimmsnarl, M|52\/100\n|turn|27\n|\n|t:|1700172332\n|move|p2a: Grimmsnarl|Reflect|p2a: Grimmsnarl\n|-sidestart|p2: Aaron MA|Reflect\n|move|p1a: Teboune|Dragon Dance|p1a: Teboune\n|-boost|p1a: Teboune|atk|1\n|-boost|p1a: Teboune|spe|1\n|\n|-damage|p1a: Teboune|63\/100 psn|[from] psn\n|upkeep\n|turn|28\n|\n|t:|1700172340\n|move|p2a: Grimmsnarl|Taunt|p1a: Teboune\n|-start|p1a: Teboune|move: Taunt\n|cant|p1a: Teboune|move: Taunt|Dragon Dance\n|\n|-damage|p1a: Teboune|51\/100 psn|[from] psn\n|upkeep\n|turn|29\n|\n|t:|1700172350\n|move|p2a: Grimmsnarl|Light Screen|p2a: Grimmsnarl\n|-sidestart|p2: Aaron MA|move: Light Screen\n|move|p1a: Teboune|Earthquake|p2a: Grimmsnarl\n|-damage|p2a: Grimmsnarl|31\/100\n|\n|-damage|p1a: Teboune|39\/100 psn|[from] psn\n|upkeep\n|turn|30\n|\n|t:|1700172358\n|move|p2a: Grimmsnarl|Parting Shot|p1a: Teboune\n|-unboost|p1a: Teboune|atk|1\n|-unboost|p1a: Teboune|spa|1\n|\n|t:|1700172362\n|switch|p2a: Cresselia|Cresselia, F|100\/100|[from] Parting Shot\n|move|p1a: Teboune|Icicle Spear|p2a: Cresselia\n|-damage|p2a: Cresselia|96\/100\n|-damage|p2a: Cresselia|93\/100\n|-damage|p2a: Cresselia|89\/100\n|-damage|p2a: Cresselia|85\/100\n|-hitcount|p2a: Cresselia|4\n|\n|-heal|p2a: Cresselia|91\/100|[from] item: Leftovers\n|-damage|p1a: Teboune|26\/100 psn|[from] psn\n|-end|p1a: Teboune|move: Taunt\n|upkeep\n|turn|31\n|\n|t:|1700172376\n|move|p1a: Teboune|Glaive Rush|p2a: Cresselia\n|-damage|p2a: Cresselia|72\/100\n|-singlemove|p1a: Teboune|Glaive Rush|[silent]\n|move|p2a: Cresselia|Moonblast|p1a: Teboune\n|-supereffective|p1a: Teboune\n|-damage|p1a: Teboune|0 fnt\n|faint|p1a: Teboune\n|\n|-heal|p2a: Cresselia|78\/100|[from] item: Leftovers\n|upkeep\n|\n|t:|1700172380\n|switch|p1a: Zap2.0|Zapdos, shiny|21\/100\n|turn|32\n|\n|t:|1700172390\n|move|p1a: Zap2.0|Discharge|p2a: Cresselia\n|-damage|p2a: Cresselia|67\/100\n|-status|p2a: Cresselia|par\n|move|p2a: Cresselia|Calm Mind|p2a: Cresselia\n|-boost|p2a: Cresselia|spa|1\n|-boost|p2a: Cresselia|spd|1\n|\n|-heal|p2a: Cresselia|73\/100 par|[from] item: Leftovers\n|upkeep\n|turn|33\n|\n|t:|1700172400\n|move|p1a: Zap2.0|Roost|p1a: Zap2.0\n|-heal|p1a: Zap2.0|71\/100\n|-singleturn|p1a: Zap2.0|move: Roost\n|move|p2a: Cresselia|Stored Power|p1a: Zap2.0\n|-damage|p1a: Zap2.0|49\/100\n|\n|-heal|p2a: Cresselia|79\/100 par|[from] item: Leftovers\n|upkeep\n|turn|34\n|\n|t:|1700172410\n|move|p1a: Zap2.0|Roost|p1a: Zap2.0\n|-heal|p1a: Zap2.0|99\/100\n|-singleturn|p1a: Zap2.0|move: Roost\n|cant|p2a: Cresselia|par\n|\n|-heal|p2a: Cresselia|85\/100 par|[from] item: Leftovers\n|-sideend|p2: Aaron MA|Reflect\n|upkeep\n|turn|35\n|\n|t:|1700172419\n|move|p1a: Zap2.0|Hurricane|p2a: Cresselia|[miss]\n|-miss|p1a: Zap2.0|p2a: Cresselia\n|move|p2a: Cresselia|Calm Mind|p2a: Cresselia\n|-boost|p2a: Cresselia|spa|1\n|-boost|p2a: Cresselia|spd|1\n|\n|-heal|p2a: Cresselia|91\/100 par|[from] item: Leftovers\n|upkeep\n|turn|36\n|\n|t:|1700172429\n|move|p1a: Zap2.0|Hurricane|p2a: Cresselia\n|-damage|p2a: Cresselia|83\/100 par\n|-start|p2a: Cresselia|confusion\n|-activate|p2a: Cresselia|confusion\n|cant|p2a: Cresselia|par\n|\n|-heal|p2a: Cresselia|89\/100 par|[from] item: Leftovers\n|-sideend|p2: Aaron MA|move: Light Screen\n|upkeep\n|turn|37\n|\n|t:|1700172438\n|move|p1a: Zap2.0|Discharge|p2a: Cresselia\n|-damage|p2a: Cresselia|78\/100 par\n|-activate|p2a: Cresselia|confusion\n|-damage|p2a: Cresselia|75\/100 par|[from] confusion\n|\n|-heal|p2a: Cresselia|81\/100 par|[from] item: Leftovers\n|upkeep\n|turn|38\n|\n|t:|1700172447\n|move|p1a: Zap2.0|Discharge|p2a: Cresselia\n|-damage|p2a: Cresselia|70\/100 par\n|-activate|p2a: Cresselia|confusion\n|-damage|p2a: Cresselia|67\/100 par|[from] confusion\n|\n|-heal|p2a: Cresselia|73\/100 par|[from] item: Leftovers\n|upkeep\n|turn|39\n|\n|t:|1700172455\n|move|p1a: Zap2.0|Discharge|p2a: Cresselia\n|-crit|p2a: Cresselia\n|-damage|p2a: Cresselia|42\/100 par\n|-activate|p2a: Cresselia|confusion\n|-damage|p2a: Cresselia|39\/100 par|[from] confusion\n|\n|-heal|p2a: Cresselia|45\/100 par|[from] item: Leftovers\n|upkeep\n|turn|40\n|\n|t:|1700172464\n|move|p1a: Zap2.0|Hurricane|p2a: Cresselia\n|-damage|p2a: Cresselia|32\/100 par\n|-end|p2a: Cresselia|confusion\n|cant|p2a: Cresselia|par\n|\n|-heal|p2a: Cresselia|38\/100 par|[from] item: Leftovers\n|upkeep\n|turn|41\n|\n|t:|1700172473\n|move|p1a: Zap2.0|Hurricane|p2a: Cresselia|[miss]\n|-miss|p1a: Zap2.0|p2a: Cresselia\n|move|p2a: Cresselia|Moonlight|p2a: Cresselia\n|-heal|p2a: Cresselia|88\/100 par\n|\n|-heal|p2a: Cresselia|94\/100 par|[from] item: Leftovers\n|upkeep\n|turn|42\n|\n|t:|1700172482\n|move|p1a: Zap2.0|Hurricane|p2a: Cresselia\n|-damage|p2a: Cresselia|78\/100 par\n|-start|p2a: Cresselia|confusion\n|-activate|p2a: Cresselia|confusion\n|move|p2a: Cresselia|Calm Mind|p2a: Cresselia\n|-boost|p2a: Cresselia|spa|1\n|-boost|p2a: Cresselia|spd|1\n|\n|-heal|p2a: Cresselia|84\/100 par|[from] item: Leftovers\n|upkeep\n|turn|43\n|\n|t:|1700172493\n|move|p1a: Zap2.0|Discharge|p2a: Cresselia\n|-damage|p2a: Cresselia|75\/100 par\n|-activate|p2a: Cresselia|confusion\n|move|p2a: Cresselia|Stored Power|p1a: Zap2.0\n|-damage|p1a: Zap2.0|21\/100\n|\n|-heal|p2a: Cresselia|81\/100 par|[from] item: Leftovers\n|upkeep\n|turn|44\n|\n|t:|1700172502\n|move|p1a: Zap2.0|Roost|p1a: Zap2.0\n|-heal|p1a: Zap2.0|71\/100\n|-singleturn|p1a: Zap2.0|move: Roost\n|-end|p2a: Cresselia|confusion\n|cant|p2a: Cresselia|par\n|\n|-heal|p2a: Cresselia|87\/100 par|[from] item: Leftovers\n|upkeep\n|turn|45\n|\n|t:|1700172512\n|move|p1a: Zap2.0|Roost|p1a: Zap2.0\n|-heal|p1a: Zap2.0|100\/100\n|-singleturn|p1a: Zap2.0|move: Roost\n|move|p2a: Cresselia|Calm Mind|p2a: Cresselia\n|-boost|p2a: Cresselia|spa|1\n|-boost|p2a: Cresselia|spd|1\n|\n|-heal|p2a: Cresselia|94\/100 par|[from] item: Leftovers\n|upkeep\n|turn|46\n|\n|t:|1700172522\n|move|p1a: Zap2.0|Hurricane|p2a: Cresselia\n|-damage|p2a: Cresselia|83\/100 par\n|cant|p2a: Cresselia|par\n|\n|-heal|p2a: Cresselia|89\/100 par|[from] item: Leftovers\n|upkeep\n|turn|47\n|\n|t:|1700172529\n|move|p1a: Zap2.0|Hurricane|p2a: Cresselia|[miss]\n|-miss|p1a: Zap2.0|p2a: Cresselia\n|move|p2a: Cresselia|Stored Power|p1a: Zap2.0\n|-damage|p1a: Zap2.0|0 fnt\n|faint|p1a: Zap2.0\n|\n|win|Aaron MA\n","uploadtime":1700172547,"views":13,"p1id":"skotchaud","p2id":"aaronma","formatid":"gen9ubers","rating":0,"private":0,"password":""}