{"id":"gen9ubers-1976368663","p1":"godiamsosorry","p2":"Dragon Master Rosa","format":"[Gen 9] Ubers","log":"|j|\u2606godiamsosorry\n|j|\u2606Dragon Master Rosa\n|t:|1698292198\n|gametype|singles\n|player|p1|godiamsosorry|scientistf|\n|player|p2|Dragon Master Rosa|dragontamer-gen9|\n|teamsize|p1|6\n|teamsize|p2|6\n|gen|9\n|tier|[Gen 9] Ubers\n|rule|Sleep Clause Mod: Limit one foe put to sleep\n|rule|Species Clause: Limit one of each Pok\u00e9mon\n|rule|OHKO Clause: OHKO moves are banned\n|rule|Evasion Items Clause: Evasion items are banned\n|rule|Evasion Moves Clause: Evasion moves are banned\n|rule|Endless Battle Clause: Forcing endless battles is banned\n|rule|HP Percentage Mod: HP is shown in percentages\n|clearpoke\n|poke|p1|Medicham, M|\n|poke|p1|Zoroark-Hisui, M|\n|poke|p1|Palafin, F|\n|poke|p1|Enamorus, F|\n|poke|p1|Toedscruel, F|\n|poke|p1|Slowking-Galar, M|\n|poke|p2|Landorus-Therian, M|\n|poke|p2|Clefable, F|\n|poke|p2|Greninja-*, F|\n|poke|p2|Weezing-Galar, M|\n|poke|p2|Medicham, F|\n|poke|p2|Slowking-Galar, F|\n|teampreview\n|c|\u2606godiamsosorry|Tbh Enam feels like Azelf a bit but I am unsure.\n|c|\u2606godiamsosorry|In the Azelf sus Azelf swept A LOT.\n|c|\u2606godiamsosorry|Especially compared to now where generally it is a little too frail to do serious damage.\n|c|\u2606godiamsosorry|Ithink people are just not prepared for Enam.\n|c|\u2606godiamsosorry|But, I also do think Enam is a bit more volatile than Azelf.\n|c|\u2606Dragon Master Rosa|true\n|\n|t:|1698292279\n|start\n|switch|p1a: Palafin|Palafin, F|100\/100\n|switch|p2a: Clefable|Clefable, F|100\/100\n|turn|1\n|c|\u2606godiamsosorry|Like it is just way harder to revenge kill, especially since it resists stuff like Sucker and isn\u00b4t weak to things like Zoro Shadow Sneak or faster U-turns.\n|c|\u2606godiamsosorry|It also becomes virtually unkillable on one attacking spectrum.\n|c|\u2606godiamsosorry|And there aren\u00b4t many faster special attackers, barring Azelf, which can outspeed and threaten it.\n|c|\u2606Dragon Master Rosa|yeah\n|c|\u2606godiamsosorry|Especially with Sub, it probably is wraps if it can get to +2.\n|c|\u2606godiamsosorry|As of now I am leaning toward voting ban.\n|c|\u2606Dragon Master Rosa|fair\n|c|\u2606godiamsosorry|That is not, however, to say that this has not been valuable information.\n|c|\u2606godiamsosorry|No matter the result, this suspect will be good for collecting data.\n|\n|t:|1698292378\n|detailschange|p1a: Palafin|Palafin-Hero, F\n|switch|p1a: Slowking|Slowking-Galar, M|100\/100\n|move|p2a: Clefable|Stealth Rock|p1a: Slowking\n|-sidestart|p1: godiamsosorry|move: Stealth Rock\n|\n|upkeep\n|turn|2\n|c|\u2606godiamsosorry|Sorry, I ranted a bit too much there LOL\n|\n|t:|1698292395\n|switch|p2a: Slowking|Slowking-Galar, F|100\/100\n|move|p1a: Slowking|Toxic|p2a: Slowking\n|-immune|p2a: Slowking\n|\n|upkeep\n|turn|3\n|\n|t:|1698292400\n|move|p1a: Slowking|Foul Play|p2a: Slowking\n|-supereffective|p2a: Slowking\n|-damage|p2a: Slowking|84\/100\n|move|p2a: Slowking|Chilly Reception|p2a: Slowking\n|-weather|Snow\n|\n|t:|1698292404\n|switch|p2a: Landorus|Landorus-Therian, M|100\/100|[from] Chilly Reception\n|-ability|p2a: Landorus|Intimidate|boost\n|-unboost|p1a: Slowking|atk|1\n|\n|-weather|Snow|[upkeep]\n|upkeep\n|turn|4\n|\n|t:|1698292407\n|move|p2a: Landorus|Substitute|p2a: Landorus\n|-start|p2a: Landorus|Substitute\n|-damage|p2a: Landorus|76\/100\n|move|p1a: Slowking|Chilly Reception|p1a: Slowking\n|\n|t:|1698292409\n|switch|p1a: Palafin|Palafin-Hero, F|100\/100|[from] Chilly Reception\n|-damage|p1a: Palafin|88\/100|[from] Stealth Rock\n|-activate|p1a: Palafin|ability: Zero to Hero\n|\n|-weather|Snow|[upkeep]\n|-heal|p2a: Landorus|82\/100|[from] item: Leftovers\n|upkeep\n|turn|5\n|c|\u2606Dragon Master Rosa|this goofy mf is a problem tho\n|c|\u2606godiamsosorry|Yeah.\n|c|\u2606godiamsosorry|Literally what do you bring in that doesn\u00b4t get 2hko\u00b4d\/Ohko\u00b4d?\n|c|\u2606godiamsosorry|Even though you know what I am going to do.\n|\n|t:|1698292469\n|-terastallize|p1a: Palafin|Normal\n|move|p1a: Palafin|Boomburst|p2a: Landorus\n|-damage|p2a: Landorus|0 fnt\n|faint|p2a: Landorus\n|\n|-weather|Snow|[upkeep]\n|upkeep\n|c|\u2606godiamsosorry|I think the meta just is not fast enough to deal with Palafin tbh.\n|\n|t:|1698292475\n|switch|p2a: Medicham|Medicham, F|100\/100\n|turn|6\n|c|\u2606godiamsosorry|I would like to see a suspect done on him.\n|c|\u2606Dragon Master Rosa|yeah\n|\n|t:|1698292487\n|switch|p1a: Slowking|Slowking-Galar, M|100\/100\n|move|p2a: Medicham|Close Combat|p1a: Slowking\n|-resisted|p1a: Slowking\n|-damage|p1a: Slowking|86\/100\n|-unboost|p2a: Medicham|def|1\n|-unboost|p2a: Medicham|spd|1\n|\n|-weather|Snow|[upkeep]\n|upkeep\n|turn|7\n|\n|t:|1698292493\n|switch|p2a: Weezing|Weezing-Galar, M|100\/100\n|move|p1a: Slowking|Chilly Reception|p1a: Slowking\n|\n|t:|1698292499\n|switch|p1a: Toedscruel|Toedscruel, F|100\/100|[from] Chilly Reception\n|\n|-weather|none\n|upkeep\n|turn|8\n|\n|t:|1698292510\n|switch|p2a: Clefable|Clefable, F|100\/100\n|move|p1a: Toedscruel|Rapid Spin|p2a: Clefable\n|-damage|p2a: Clefable|90\/100\n|-boost|p1a: Toedscruel|spe|1\n|-sideend|p1: godiamsosorry|Stealth Rock|[from] move: Rapid Spin|[of] p1a: Toedscruel\n|\n|-heal|p2a: Clefable|96\/100|[from] item: Leftovers\n|upkeep\n|turn|9\n|\n|t:|1698292517\n|move|p2a: Clefable|Stealth Rock|p1a: Toedscruel\n|-sidestart|p1: godiamsosorry|move: Stealth Rock\n|move|p1a: Toedscruel|Spore|p2a: Clefable\n|-status|p2a: Clefable|slp|[from] move: Spore\n|\n|-heal|p2a: Clefable|100\/100 slp|[from] item: Leftovers\n|upkeep\n|turn|10\n|\n|t:|1698292523\n|switch|p2a: Medicham|Medicham, F|100\/100\n|move|p1a: Toedscruel|Rapid Spin|p2a: Medicham\n|-damage|p2a: Medicham|85\/100\n|-boost|p1a: Toedscruel|spe|1\n|-sideend|p1: godiamsosorry|Stealth Rock|[from] move: Rapid Spin|[of] p1a: Toedscruel\n|\n|upkeep\n|turn|11\n|\n|t:|1698292527\n|move|p1a: Toedscruel|Knock Off|p2a: Medicham\n|-damage|p2a: Medicham|58\/100\n|-enditem|p2a: Medicham|Choice Scarf|[from] move: Knock Off|[of] p1a: Toedscruel\n|move|p2a: Medicham|Ice Punch|p1a: Toedscruel\n|-supereffective|p1a: Toedscruel\n|-damage|p1a: Toedscruel|0 fnt\n|faint|p1a: Toedscruel\n|\n|upkeep\n|\n|t:|1698292530\n|switch|p1a: Palafin|Palafin-Hero, F, tera:Normal|88\/100\n|turn|12\n|\n|t:|1698292535\n|switch|p2a: Clefable|Clefable, F|100\/100 slp\n|move|p1a: Palafin|Boomburst|p2a: Clefable\n|-damage|p2a: Clefable|32\/100 slp\n|\n|-heal|p2a: Clefable|39\/100 slp|[from] item: Leftovers\n|upkeep\n|turn|13\n|\n|t:|1698292538\n|move|p1a: Palafin|Boomburst|p2a: Clefable\n|-damage|p2a: Clefable|0 fnt\n|faint|p2a: Clefable\n|\n|upkeep\n|\n|t:|1698292540\n|switch|p2a: Greninja|Greninja, F|100\/100\n|turn|14\n|\n|t:|1698292547\n|switch|p1a: Slowking|Slowking-Galar, M|100\/100\n|move|p2a: Greninja|Waterfall|p1a: Slowking\n|-start|p2a: Greninja|typechange|Water|[from] ability: Protean\n|-damage|p1a: Slowking|62\/100\n|\n|upkeep\n|turn|15\n|\n|t:|1698292555\n|move|p2a: Greninja|Waterfall|p1a: Slowking\n|-damage|p1a: Slowking|28\/100\n|move|p1a: Slowking|Chilly Reception|p1a: Slowking\n|-weather|Snow\n|\n|t:|1698292563\n|switch|p1a: Medicham|Medicham, M|100\/100|[from] Chilly Reception\n|\n|-weather|Snow|[upkeep]\n|upkeep\n|turn|16\n|\n|t:|1698292568\n|switch|p2a: Slowking|Slowking-Galar, F|100\/100\n|move|p1a: Medicham|Psycho Cut|p2a: Slowking\n|-damage|p2a: Slowking|69\/100\n|\n|-weather|Snow|[upkeep]\n|upkeep\n|turn|17\n|\n|t:|1698292572\n|switch|p1a: Slowking|Slowking-Galar, M|61\/100\n|move|p2a: Slowking|Chilly Reception|p2a: Slowking\n|\n|t:|1698292575\n|switch|p2a: Greninja|Greninja, F|100\/100|[from] Chilly Reception\n|\n|-weather|Snow|[upkeep]\n|upkeep\n|turn|18\n|\n|t:|1698292579\n|-terastallize|p2a: Greninja|Dark\n|move|p2a: Greninja|Night Slash|p1a: Slowking\n|-supereffective|p1a: Slowking\n|-crit|p1a: Slowking\n|-damage|p1a: Slowking|0 fnt\n|faint|p1a: Slowking\n|\n|-weather|Snow|[upkeep]\n|upkeep\n|\n|t:|1698292581\n|switch|p1a: Enamorus|Enamorus, F|100\/100\n|turn|19\n|\n|t:|1698292586\n|switch|p2a: Medicham|Medicham, F|58\/100\n|move|p1a: Enamorus|Substitute|p1a: Enamorus\n|-start|p1a: Enamorus|Substitute\n|-damage|p1a: Enamorus|76\/100\n|\n|-weather|none\n|-heal|p1a: Enamorus|82\/100|[from] item: Leftovers\n|upkeep\n|turn|20\n|\n|t:|1698292589\n|move|p1a: Enamorus|Play Rough|p2a: Medicham\n|-supereffective|p2a: Medicham\n|-damage|p2a: Medicham|0 fnt\n|faint|p2a: Medicham\n|\n|-heal|p1a: Enamorus|88\/100|[from] item: Leftovers\n|upkeep\n|\n|t:|1698292593\n|switch|p2a: Greninja|Greninja, F, tera:Dark|100\/100\n|turn|21\n|\n|t:|1698292596\n|move|p2a: Greninja|Waterfall|p1a: Enamorus\n|-end|p1a: Enamorus|Substitute\n|move|p1a: Enamorus|Superpower|p2a: Greninja\n|-supereffective|p2a: Greninja\n|-damage|p2a: Greninja|0 fnt\n|-boost|p1a: Enamorus|atk|1\n|-boost|p1a: Enamorus|def|1\n|faint|p2a: Greninja\n|\n|-heal|p1a: Enamorus|94\/100|[from] item: Leftovers\n|upkeep\n|\n|t:|1698292599\n|switch|p2a: Slowking|Slowking-Galar, F|100\/100\n|turn|22\n|\n|t:|1698292601\n|move|p1a: Enamorus|Substitute|p1a: Enamorus\n|-start|p1a: Enamorus|Substitute\n|-damage|p1a: Enamorus|69\/100\n|move|p2a: Slowking|Foul Play|p1a: Enamorus\n|-resisted|p1a: Enamorus\n|-end|p1a: Enamorus|Substitute\n|\n|-heal|p1a: Enamorus|76\/100|[from] item: Leftovers\n|upkeep\n|turn|23\n|c|\u2606Dragon Master Rosa|wait huh\n|\n|t:|1698292607\n|move|p1a: Enamorus|Substitute|p1a: Enamorus\n|-start|p1a: Enamorus|Substitute\n|-damage|p1a: Enamorus|51\/100\n|move|p2a: Slowking|Foul Play|p1a: Enamorus\n|-resisted|p1a: Enamorus\n|-end|p1a: Enamorus|Substitute\n|\n|-heal|p1a: Enamorus|57\/100|[from] item: Leftovers\n|upkeep\n|turn|24\n|\n|t:|1698292610\n|move|p1a: Enamorus|Superpower|p2a: Slowking\n|-resisted|p2a: Slowking\n|-damage|p2a: Slowking|91\/100\n|-boost|p1a: Enamorus|atk|1\n|-boost|p1a: Enamorus|def|1\n|move|p2a: Slowking|Foul Play|p1a: Enamorus\n|-resisted|p1a: Enamorus\n|-damage|p1a: Enamorus|32\/100\n|\n|-heal|p1a: Enamorus|39\/100|[from] item: Leftovers\n|upkeep\n|turn|25\n|\n|t:|1698292615\n|move|p1a: Enamorus|Iron Head|p2a: Slowking\n|-damage|p2a: Slowking|55\/100\n|move|p2a: Slowking|Foul Play|p1a: Enamorus\n|-resisted|p1a: Enamorus\n|-damage|p1a: Enamorus|11\/100\n|\n|-heal|p1a: Enamorus|17\/100|[from] item: Leftovers\n|upkeep\n|turn|26\n|\n|t:|1698292620\n|move|p1a: Enamorus|Iron Head|p2a: Slowking\n|-damage|p2a: Slowking|21\/100\n|move|p2a: Slowking|Foul Play|p1a: Enamorus\n|-resisted|p1a: Enamorus\n|-damage|p1a: Enamorus|0 fnt\n|faint|p1a: Enamorus\n|\n|upkeep\n|c|\u2606Dragon Master Rosa|gamers this is insane news\n|c|\u2606godiamsosorry|I think it\u00b4s a range to break sub.\n|c|\u2606godiamsosorry|Enam could easily just invest in def evs tho.\n|c|\u2606Dragon Master Rosa|could be\n|c|\u2606Dragon Master Rosa|252 right?\n|c|\u2606godiamsosorry|It is, one did 24.6.\n|c|\u2606godiamsosorry|Yeah it\u00b4s just 252.\n|c|\u2606Dragon Master Rosa|ah mk\n|c|\u2606godiamsosorry|I don\u00b4t remember if it\u00b4s 4 def or sp. def.\n|c|\u2606godiamsosorry|The def stat is 158.\n|\n|t:|1698292683\n|switch|p1a: Palafin|Palafin-Hero, F, tera:Normal|88\/100\n|turn|27\n|\n|t:|1698292688\n|move|p1a: Palafin|Boomburst|p2a: Slowking\n|-damage|p2a: Slowking|0 fnt\n|faint|p2a: Slowking\n|\n|upkeep\n|\n|t:|1698292690\n|switch|p2a: Weezing|Weezing-Galar, M|100\/100\n|turn|28\n|\n|t:|1698292693\n|move|p1a: Palafin|Boomburst|p2a: Weezing\n|-damage|p2a: Weezing|0 fnt\n|faint|p2a: Weezing\n|\n|win|godiamsosorry\n|c|\u2606Dragon Master Rosa|ggwp\n|c|\u2606godiamsosorry|Gg wp\n|l|\u2606godiamsosorry\n|j|\u2606godiamsosorry\n|player|p1|godiamsosorry|scientistf\n","uploadtime":1698292698,"views":15,"p1id":"godiamsosorry","p2id":"dragonmasterrosa","formatid":"gen9ubers","rating":0,"private":0,"password":""}