{"id":"gen9ubers-1978828055","p1":"DumbassGaming","p2":"Rasche","format":"[Gen 9] Ubers","log":"|j|\u2606DumbassGaming\n|j|\u2606Rasche\n|t:|1698600021\n|gametype|singles\n|player|p1|DumbassGaming|clown|\n|player|p2|Rasche|misty-gen2|\n|teamsize|p1|6\n|teamsize|p2|6\n|gen|9\n|tier|[Gen 9] Ubers\n|rule|Sleep Clause Mod: Limit one foe put to sleep\n|rule|Species Clause: Limit one of each Pok\u00e9mon\n|rule|OHKO Clause: OHKO moves are banned\n|rule|Evasion Items Clause: Evasion items are banned\n|rule|Evasion Moves Clause: Evasion moves are banned\n|rule|Endless Battle Clause: Forcing endless battles is banned\n|rule|HP Percentage Mod: HP is shown in percentages\n|clearpoke\n|poke|p1|Zacian-*|\n|poke|p1|Palkia-Origin|\n|poke|p1|Arceus-Fire|\n|poke|p1|Zamazenta-*|\n|poke|p1|Shaymin-Sky|\n|poke|p1|Cyclizar, M|\n|poke|p2|Meowscarada, F|\n|poke|p2|Gholdengo|\n|poke|p2|Dialga|\n|poke|p2|Zacian-*|\n|poke|p2|Magearna|\n|poke|p2|Cyclizar, F|\n|teampreview\n|inactive|Battle timer is ON: inactive players will automatically lose when time's up. (requested by DumbassGaming)\n|inactive|Rasche also wants the timer to be on.\n|c|\u2606DumbassGaming|one sec, gonna turn on some tunes\n|inactive|Rasche has 270 seconds left.\n|inactive|DumbassGaming has 270 seconds left.\n|inactive|Rasche no longer wants the timer on, but the timer is staying on because dumbassgaming still does.\n|c|\u2606DumbassGaming|k, ready\n|\n|t:|1698600080\n|start\n|switch|p1a: Arceus|Arceus-Fire|100\/100\n|switch|p2a: Cyclizar|Cyclizar, F|100\/100\n|turn|1\n|inactive|Rasche has 270 seconds left.\n|\n|t:|1698600120\n|move|p2a: Cyclizar|Taunt|p1a: Arceus\n|-start|p1a: Arceus|move: Taunt\n|move|p1a: Arceus|Flare Blitz|p2a: Cyclizar\n|-resisted|p2a: Cyclizar\n|-damage|p2a: Cyclizar|50\/100\n|-damage|p1a: Arceus|86\/100|[from] Recoil\n|\n|upkeep\n|turn|2\n|inactive|Rasche has 240 seconds left.\n|\n|t:|1698600162\n|switch|p2a: Meowscarada|Meowscarada, F|100\/100\n|move|p1a: Arceus|Earthquake|p2a: Meowscarada\n|-resisted|p2a: Meowscarada\n|-damage|p2a: Meowscarada|73\/100\n|\n|upkeep\n|turn|3\n|\n|t:|1698600169\n|move|p2a: Meowscarada|Toxic Spikes|p1a: Arceus\n|-sidestart|p1: DumbassGaming|move: Toxic Spikes\n|move|p1a: Arceus|Flare Blitz|p2a: Meowscarada\n|-supereffective|p2a: Meowscarada\n|-damage|p2a: Meowscarada|0 fnt\n|faint|p2a: Meowscarada\n|-damage|p1a: Arceus|67\/100|[from] Recoil\n|\n|-end|p1a: Arceus|move: Taunt\n|upkeep\n|inactive|Rasche has 210 seconds left.\n|inactive|Rasche has 180 seconds left.\n|\n|t:|1698600248\n|switch|p2a: Cyclizar|Cyclizar, F|83\/100\n|turn|4\n|\n|t:|1698600252\n|move|p2a: Cyclizar|Shed Tail|p2a: Cyclizar\n|-start|p2a: Cyclizar|Substitute|[from] move: Shed Tail\n|-damage|p2a: Cyclizar|33\/100\n|\n|t:|1698600256\n|switch|p2a: Zacian|Zacian|100\/100|[from] Shed Tail\n|-ability|p2a: Zacian|Intrepid Sword|boost\n|-boost|p2a: Zacian|atk|1\n|move|p1a: Arceus|Earthquake|p2a: Zacian\n|-end|p2a: Zacian|Substitute\n|\n|upkeep\n|turn|5\n|inactive|Rasche has 180 seconds left.\n|\n|t:|1698600274\n|switch|p1a: Zacian|Zacian|100\/100\n|-status|p1a: Zacian|psn\n|-ability|p1a: Zacian|Intrepid Sword|boost\n|-boost|p1a: Zacian|atk|1\n|move|p2a: Zacian|Swords Dance|p2a: Zacian\n|-boost|p2a: Zacian|atk|2\n|\n|-damage|p1a: Zacian|88\/100 psn|[from] psn\n|upkeep\n|turn|6\n|inactive|Rasche has 180 seconds left.\n|\n|t:|1698600302\n|-terastallize|p2a: Zacian|Fire\n|move|p2a: Zacian|Tera Blast|p1a: Zacian|[anim] Tera Blast Fire\n|-damage|p1a: Zacian|0 fnt\n|faint|p1a: Zacian\n|\n|upkeep\n|\n|t:|1698600318\n|switch|p1a: Zamazenta|Zamazenta|100\/100\n|-status|p1a: Zamazenta|psn\n|-ability|p1a: Zamazenta|Dauntless Shield|boost\n|-boost|p1a: Zamazenta|def|1\n|turn|7\n|\n|t:|1698600333\n|move|p1a: Zamazenta|Close Combat|p2a: Zacian\n|-damage|p2a: Zacian|12\/100\n|-unboost|p1a: Zamazenta|def|1\n|-unboost|p1a: Zamazenta|spd|1\n|move|p2a: Zacian|Play Rough|p1a: Zamazenta\n|-supereffective|p1a: Zamazenta\n|-damage|p1a: Zamazenta|0 fnt\n|faint|p1a: Zamazenta\n|\n|upkeep\n|\n|t:|1698600347\n|switch|p1a: Palkia|Palkia-Origin|100\/100\n|-status|p1a: Palkia|psn\n|-ability|p1a: Palkia|Pressure\n|turn|8\n|inactive|Rasche has 180 seconds left.\n|\n|t:|1698600358\n|-terastallize|p1a: Palkia|Fairy\n|move|p2a: Zacian|Close Combat|p1a: Palkia\n|-resisted|p1a: Palkia\n|-damage|p1a: Palkia|44\/100 psn\n|-unboost|p2a: Zacian|def|1\n|-unboost|p2a: Zacian|spd|1\n|move|p1a: Palkia|Earth Power|p2a: Zacian\n|-supereffective|p2a: Zacian\n|-damage|p2a: Zacian|0 fnt\n|faint|p2a: Zacian\n|\n|-damage|p1a: Palkia|32\/100 psn|[from] psn\n|upkeep\n|inactive|Rasche has 180 seconds left.\n|\n|t:|1698600382\n|switch|p2a: Magearna|Magearna|100\/100\n|turn|9\n|\n|t:|1698600384\n|move|p1a: Palkia|Earth Power|p2a: Magearna\n|-supereffective|p2a: Magearna\n|-damage|p2a: Magearna|40\/100\n|move|p2a: Magearna|Flash Cannon|p1a: Palkia\n|-supereffective|p1a: Palkia\n|-damage|p1a: Palkia|0 fnt\n|faint|p1a: Palkia\n|-ability|p2a: Magearna|Soul-Heart|boost\n|-boost|p2a: Magearna|spa|1\n|\n|-heal|p2a: Magearna|46\/100|[from] item: Leftovers\n|upkeep\n|\n|t:|1698600389\n|switch|p1a: Shaymin|Shaymin-Sky|100\/100\n|turn|10\n|inactive|Rasche has 180 seconds left.\n|\n|t:|1698600410\n|switch|p2a: Gholdengo|Gholdengo|100\/100\n|-item|p2a: Gholdengo|Air Balloon\n|move|p1a: Shaymin|Earth Power|p2a: Gholdengo\n|-immune|p2a: Gholdengo\n|\n|upkeep\n|turn|11\n|inactive|Rasche has 150 seconds left.\n|\n|t:|1698600441\n|switch|p1a: Cyclizar|Cyclizar, M|100\/100\n|move|p2a: Gholdengo|Nasty Plot|p2a: Gholdengo\n|-boost|p2a: Gholdengo|spa|2\n|\n|upkeep\n|turn|12\n|\n|t:|1698600445\n|move|p1a: Cyclizar|Knock Off|p2a: Gholdengo\n|-supereffective|p2a: Gholdengo\n|-crit|p2a: Gholdengo\n|-damage|p2a: Gholdengo|42\/100\n|-enditem|p2a: Gholdengo|Air Balloon\n|move|p2a: Gholdengo|Make It Rain|p1a: Cyclizar\n|-damage|p1a: Cyclizar|0 fnt\n|-unboost|p2a: Gholdengo|spa|1\n|faint|p1a: Cyclizar\n|\n|upkeep\n|\n|t:|1698600449\n|switch|p1a: Shaymin|Shaymin-Sky|100\/100\n|turn|13\n|inactive|Rasche has 150 seconds left.\n|\n|t:|1698600494\n|move|p1a: Shaymin|Earth Power|p2a: Gholdengo\n|-supereffective|p2a: Gholdengo\n|-damage|p2a: Gholdengo|0 fnt\n|faint|p2a: Gholdengo\n|\n|upkeep\n|inactive|Rasche has 120 seconds left.\n|\n|t:|1698600527\n|switch|p2a: Cyclizar|Cyclizar, F|66\/100\n|turn|14\n|\n|t:|1698600533\n|move|p1a: Shaymin|Earth Power|p2a: Cyclizar\n|-damage|p2a: Cyclizar|3\/100\n|move|p2a: Cyclizar|Rapid Spin|p1a: Shaymin\n|-damage|p1a: Shaymin|79\/100\n|-boost|p2a: Cyclizar|spe|1\n|\n|upkeep\n|turn|15\n|\n|t:|1698600543\n|move|p2a: Cyclizar|Knock Off|p1a: Shaymin\n|-damage|p1a: Shaymin|50\/100\n|-enditem|p1a: Shaymin|Choice Specs|[from] move: Knock Off|[of] p2a: Cyclizar\n|move|p1a: Shaymin|Earth Power|p2a: Cyclizar\n|-damage|p2a: Cyclizar|0 fnt\n|faint|p2a: Cyclizar\n|\n|upkeep\n|\n|t:|1698600548\n|switch|p2a: Dialga|Dialga|100\/100\n|-ability|p2a: Dialga|Pressure\n|turn|16\n|inactive|Rasche has 120 seconds left.\n|\n|t:|1698600563\n|move|p1a: Shaymin|Earth Power|p2a: Dialga\n|-supereffective|p2a: Dialga\n|-crit|p2a: Dialga\n|-damage|p2a: Dialga|45\/100\n|move|p2a: Dialga|Draco Meteor|p1a: Shaymin\n|-damage|p1a: Shaymin|0 fnt\n|-unboost|p2a: Dialga|spa|2\n|faint|p1a: Shaymin\n|\n|-heal|p2a: Dialga|51\/100|[from] item: Leftovers\n|upkeep\n|\n|t:|1698600565\n|switch|p1a: Arceus|Arceus-Fire|67\/100\n|-status|p1a: Arceus|psn\n|turn|17\n|\n|t:|1698600569\n|switch|p2a: Magearna|Magearna|46\/100\n|move|p1a: Arceus|Dragon Dance|p1a: Arceus\n|-boost|p1a: Arceus|atk|1\n|-boost|p1a: Arceus|spe|1\n|\n|-heal|p2a: Magearna|52\/100|[from] item: Leftovers\n|-damage|p1a: Arceus|55\/100 psn|[from] psn\n|upkeep\n|turn|18\n|\n|t:|1698600577\n|move|p1a: Arceus|Earthquake|p2a: Magearna\n|-supereffective|p2a: Magearna\n|-damage|p2a: Magearna|0 fnt\n|faint|p2a: Magearna\n|\n|-damage|p1a: Arceus|42\/100 psn|[from] psn\n|upkeep\n|\n|t:|1698600581\n|switch|p2a: Dialga|Dialga|51\/100\n|-ability|p2a: Dialga|Pressure\n|turn|19\n|\n|t:|1698600584\n|move|p1a: Arceus|Recover|p1a: Arceus\n|-heal|p1a: Arceus|93\/100 psn\n|move|p2a: Dialga|Draco Meteor|p1a: Arceus\n|-damage|p1a: Arceus|47\/100 psn\n|-unboost|p2a: Dialga|spa|2\n|\n|-heal|p2a: Dialga|57\/100|[from] item: Leftovers\n|-damage|p1a: Arceus|35\/100 psn|[from] psn\n|upkeep\n|turn|20\n|\n|t:|1698600590\n|move|p1a: Arceus|Recover|p1a: Arceus\n|-heal|p1a: Arceus|85\/100 psn\n|move|p2a: Dialga|Draco Meteor|p1a: Arceus\n|-damage|p1a: Arceus|61\/100 psn\n|-unboost|p2a: Dialga|spa|2\n|\n|-heal|p2a: Dialga|64\/100|[from] item: Leftovers\n|-damage|p1a: Arceus|48\/100 psn|[from] psn\n|upkeep\n|turn|21\n|\n|t:|1698600592\n|move|p1a: Arceus|Recover|p1a: Arceus\n|-heal|p1a: Arceus|98\/100 psn\n|move|p2a: Dialga|Draco Meteor|p1a: Arceus\n|-damage|p1a: Arceus|83\/100 psn\n|-unboost|p2a: Dialga|spa|2\n|\n|-heal|p2a: Dialga|70\/100|[from] item: Leftovers\n|-damage|p1a: Arceus|70\/100 psn|[from] psn\n|upkeep\n|turn|22\n|\n|t:|1698600595\n|move|p1a: Arceus|Earthquake|p2a: Dialga\n|-supereffective|p2a: Dialga\n|-damage|p2a: Dialga|0 fnt\n|faint|p2a: Dialga\n|\n|win|DumbassGaming\n|c|\u2606DumbassGaming|gg\n|l|\u2606DumbassGaming\n","uploadtime":1698601344,"views":26,"p1id":"dumbassgaming","p2id":"rasche","formatid":"gen9ubers","rating":0,"private":0,"password":""}