{"id":"gen9ubers-1984198644","p1":"So Threatening","p2":"Ampharoside","format":"[Gen 9] Ubers","log":"|j|\u2606So Threatening\n|j|\u2606Ampharoside\n|t:|1699229233\n|gametype|singles\n|player|p1|So Threatening|iris-gen5bw2|\n|player|p2|Ampharoside|101|\n|teamsize|p1|6\n|teamsize|p2|6\n|gen|9\n|tier|[Gen 9] Ubers\n|rule|Sleep Clause Mod: Limit one foe put to sleep\n|rule|Species Clause: Limit one of each Pok\u00e9mon\n|rule|OHKO Clause: OHKO moves are banned\n|rule|Evasion Items Clause: Evasion items are banned\n|rule|Evasion Moves Clause: Evasion moves are banned\n|rule|Endless Battle Clause: Forcing endless battles is banned\n|rule|HP Percentage Mod: HP is shown in percentages\n|clearpoke\n|poke|p1|Zamazenta-*|\n|poke|p1|Fezandipiti, M|\n|poke|p1|Alomomola, F|\n|poke|p1|Sandy Shocks|\n|poke|p1|Avalugg, F|\n|poke|p1|Rotom|\n|poke|p2|Camerupt, M|\n|poke|p2|Baxcalibur, M|\n|poke|p2|Slowking-Galar, M|\n|poke|p2|Enamorus-Therian, F|\n|poke|p2|Quaquaval, M|\n|poke|p2|Rotom-Fan|\n|teampreview\n|\n|t:|1699229256\n|start\n|switch|p1a: Dipendeez|Fezandipiti, M|100\/100\n|switch|p2a: Rotom|Rotom-Fan|100\/100\n|turn|1\n|\n|t:|1699229265\n|move|p2a: Rotom|Discharge|p1a: Dipendeez\n|-damage|p1a: Dipendeez|78\/100\n|-status|p1a: Dipendeez|par\n|move|p1a: Dipendeez|Toxic|p2a: Rotom\n|-status|p2a: Rotom|tox\n|\n|-heal|p1a: Dipendeez|84\/100 par|[from] item: Black Sludge\n|-damage|p2a: Rotom|94\/100 tox|[from] psn\n|upkeep\n|turn|2\n|\n|t:|1699229272\n|move|p2a: Rotom|Nasty Plot|p2a: Rotom\n|-boost|p2a: Rotom|spa|2\n|move|p1a: Dipendeez|U-turn|p2a: Rotom\n|-resisted|p2a: Rotom\n|-damage|p2a: Rotom|86\/100 tox\n|\n|t:|1699229275\n|switch|p1a: SANDY CROCS|Sandy Shocks|100\/100|[from] U-turn\n|\n|-damage|p2a: Rotom|74\/100 tox|[from] psn\n|upkeep\n|turn|3\n|\n|t:|1699229279\n|move|p1a: SANDY CROCS|Stealth Rock|p2a: Rotom\n|-sidestart|p2: Ampharoside|move: Stealth Rock\n|move|p2a: Rotom|Shadow Ball|p1a: SANDY CROCS\n|-damage|p1a: SANDY CROCS|32\/100\n|\n|-damage|p2a: Rotom|56\/100 tox|[from] psn\n|upkeep\n|turn|4\n|\n|t:|1699229285\n|move|p1a: SANDY CROCS|Power Gem|p2a: Rotom\n|-supereffective|p2a: Rotom\n|-damage|p2a: Rotom|0 fnt\n|faint|p2a: Rotom\n|\n|upkeep\n|\n|t:|1699229293\n|switch|p2a: Camerupt|Camerupt, M|100\/100\n|-damage|p2a: Camerupt|88\/100|[from] Stealth Rock\n|turn|5\n|\n|t:|1699229306\n|-terastallize|p2a: Camerupt|Grass\n|move|p1a: SANDY CROCS|Earth Power|p2a: Camerupt\n|-resisted|p2a: Camerupt\n|-damage|p2a: Camerupt|50\/100\n|move|p2a: Camerupt|Earth Power|p1a: SANDY CROCS\n|-supereffective|p1a: SANDY CROCS\n|-damage|p1a: SANDY CROCS|0 fnt\n|faint|p1a: SANDY CROCS\n|-end|p1a: SANDY CROCS|Protosynthesis|[silent]\n|\n|upkeep\n|\n|t:|1699229320\n|switch|p1a: Scrotom-Base|Rotom|100\/100\n|turn|6\n|\n|t:|1699229323\n|move|p1a: Scrotom-Base|Thunder Wave|p2a: Camerupt\n|-status|p2a: Camerupt|par\n|move|p2a: Camerupt|Stealth Rock|p1a: Scrotom-Base\n|-sidestart|p1: So Threatening|move: Stealth Rock\n|\n|upkeep\n|turn|7\n|\n|t:|1699229327\n|move|p1a: Scrotom-Base|Hex|p2a: Camerupt\n|-crit|p2a: Camerupt\n|-damage|p2a: Camerupt|0 fnt\n|faint|p2a: Camerupt\n|\n|upkeep\n|\n|t:|1699229338\n|switch|p2a: Enamorus|Enamorus-Therian, F|100\/100\n|turn|8\n|\n|t:|1699229343\n|move|p1a: Scrotom-Base|Thunder Wave|p2a: Enamorus\n|-status|p2a: Enamorus|par\n|move|p2a: Enamorus|Moonblast|p1a: Scrotom-Base\n|-damage|p1a: Scrotom-Base|41\/100\n|-unboost|p1a: Scrotom-Base|spa|1\n|\n|upkeep\n|turn|9\n|\n|t:|1699229349\n|move|p1a: Scrotom-Base|Volt Switch|p2a: Enamorus\n|-supereffective|p2a: Enamorus\n|-damage|p2a: Enamorus|57\/100 par\n|\n|t:|1699229353\n|switch|p1a: Dipendeez|Fezandipiti, M|84\/100 par|[from] Volt Switch\n|-damage|p1a: Dipendeez|72\/100 par|[from] Stealth Rock\n|move|p2a: Enamorus|Psychic|p1a: Dipendeez\n|-supereffective|p1a: Dipendeez\n|-damage|p1a: Dipendeez|33\/100 par\n|-unboost|p1a: Dipendeez|spd|1\n|\n|-heal|p1a: Dipendeez|39\/100 par|[from] item: Black Sludge\n|upkeep\n|turn|10\n|\n|t:|1699229359\n|move|p1a: Dipendeez|Roost|p1a: Dipendeez\n|-heal|p1a: Dipendeez|89\/100 par\n|-singleturn|p1a: Dipendeez|move: Roost\n|move|p2a: Enamorus|Psychic|p1a: Dipendeez\n|-supereffective|p1a: Dipendeez\n|-damage|p1a: Dipendeez|29\/100 par\n|\n|-heal|p1a: Dipendeez|35\/100 par|[from] item: Black Sludge\n|upkeep\n|turn|11\n|\n|t:|1699229376\n|switch|p2a: Slowking|Slowking-Galar, M|100\/100\n|-damage|p2a: Slowking|88\/100|[from] Stealth Rock\n|move|p1a: Dipendeez|U-turn|p2a: Slowking\n|-damage|p2a: Slowking|78\/100\n|\n|t:|1699229385\n|switch|p1a: Aloe Vera|Alomomola, F|100\/100|[from] U-turn\n|-damage|p1a: Aloe Vera|88\/100|[from] Stealth Rock\n|\n|-heal|p2a: Slowking|84\/100|[from] item: Black Sludge\n|upkeep\n|turn|12\n|\n|t:|1699229394\n|move|p1a: Aloe Vera|Wish|p1a: Aloe Vera\n|move|p2a: Slowking|Iron Defense|p2a: Slowking\n|-boost|p2a: Slowking|def|2\n|\n|-heal|p2a: Slowking|90\/100|[from] item: Black Sludge\n|upkeep\n|turn|13\n|\n|t:|1699229399\n|move|p1a: Aloe Vera|Scald|p2a: Slowking\n|-damage|p2a: Slowking|79\/100\n|move|p2a: Slowking|Stored Power|p1a: Aloe Vera\n|-damage|p1a: Aloe Vera|62\/100\n|\n|-heal|p1a: Aloe Vera|100\/100|[from] move: Wish|[wisher] Aloe Vera\n|-heal|p2a: Slowking|85\/100|[from] item: Black Sludge\n|upkeep\n|turn|14\n|\n|t:|1699229404\n|move|p1a: Aloe Vera|Wish|p1a: Aloe Vera\n|move|p2a: Slowking|Iron Defense|p2a: Slowking\n|-boost|p2a: Slowking|def|2\n|\n|-heal|p2a: Slowking|92\/100|[from] item: Black Sludge\n|upkeep\n|turn|15\n|\n|t:|1699229409\n|move|p1a: Aloe Vera|Flip Turn|p2a: Slowking\n|-damage|p2a: Slowking|87\/100\n|\n|t:|1699229412\n|switch|p1a: Scrotom-Base|Rotom|41\/100|[from] Flip Turn\n|-damage|p1a: Scrotom-Base|29\/100|[from] Stealth Rock\n|move|p2a: Slowking|Stored Power|p1a: Scrotom-Base\n|-damage|p1a: Scrotom-Base|0 fnt\n|faint|p1a: Scrotom-Base\n|\n|-heal|p2a: Slowking|93\/100|[from] item: Black Sludge\n|upkeep\n|\n|t:|1699229420\n|switch|p1a: Luggma|Avalugg, F|100\/100\n|turn|16\n|\n|t:|1699229423\n|move|p2a: Slowking|Stored Power|p1a: Luggma\n|-damage|p1a: Luggma|37\/100\n|move|p1a: Luggma|Rapid Spin|p2a: Slowking\n|-damage|p2a: Slowking|89\/100\n|-boost|p1a: Luggma|spe|1\n|-sideend|p1: So Threatening|Stealth Rock|[from] move: Rapid Spin|[of] p1a: Luggma\n|\n|-heal|p2a: Slowking|95\/100|[from] item: Black Sludge\n|upkeep\n|turn|17\n|\n|t:|1699229426\n|move|p1a: Luggma|Ice Spinner|p2a: Slowking\n|-damage|p2a: Slowking|87\/100\n|move|p2a: Slowking|Stored Power|p1a: Luggma\n|-damage|p1a: Luggma|0 fnt\n|faint|p1a: Luggma\n|\n|-heal|p2a: Slowking|93\/100|[from] item: Black Sludge\n|upkeep\n|\n|t:|1699229428\n|switch|p1a: No Ghosts?|Zamazenta-Crowned|100\/100\n|-ability|p1a: No Ghosts?|Dauntless Shield|boost\n|-boost|p1a: No Ghosts?|def|1\n|turn|18\n|\n|t:|1699229432\n|move|p1a: No Ghosts?|Heavy Slam|p2a: Slowking\n|-damage|p2a: Slowking|79\/100\n|move|p2a: Slowking|Iron Defense|p2a: Slowking\n|-boost|p2a: Slowking|def|2\n|\n|-heal|p2a: Slowking|85\/100|[from] item: Black Sludge\n|upkeep\n|turn|19\n|\n|t:|1699229435\n|move|p1a: No Ghosts?|Heavy Slam|p2a: Slowking\n|-damage|p2a: Slowking|75\/100\n|move|p2a: Slowking|Stored Power|p1a: No Ghosts?\n|-damage|p1a: No Ghosts?|64\/100\n|\n|-heal|p2a: Slowking|81\/100|[from] item: Black Sludge\n|upkeep\n|turn|20\n|\n|t:|1699229438\n|move|p1a: No Ghosts?|Heavy Slam|p2a: Slowking\n|-damage|p2a: Slowking|69\/100\n|move|p2a: Slowking|Stored Power|p1a: No Ghosts?\n|-damage|p1a: No Ghosts?|29\/100\n|\n|-heal|p2a: Slowking|76\/100|[from] item: Black Sludge\n|upkeep\n|turn|21\n|\n|t:|1699229443\n|move|p1a: No Ghosts?|Heavy Slam|p2a: Slowking\n|-damage|p2a: Slowking|64\/100\n|move|p2a: Slowking|Stored Power|p1a: No Ghosts?\n|-damage|p1a: No Ghosts?|0 fnt\n|faint|p1a: No Ghosts?\n|\n|-heal|p2a: Slowking|70\/100|[from] item: Black Sludge\n|upkeep\n|\n|t:|1699229444\n|switch|p1a: Dipendeez|Fezandipiti, M|35\/100 par\n|turn|22\n|\n|t:|1699229446\n|move|p1a: Dipendeez|U-turn|p2a: Slowking\n|-damage|p2a: Slowking|67\/100\n|\n|t:|1699229448\n|switch|p1a: Aloe Vera|Alomomola, F|100\/100|[from] U-turn\n|move|p2a: Slowking|Stored Power|p1a: Aloe Vera\n|-damage|p1a: Aloe Vera|35\/100\n|\n|-heal|p2a: Slowking|73\/100|[from] item: Black Sludge\n|upkeep\n|turn|23\n|\n|t:|1699229450\n|move|p1a: Aloe Vera|Scald|p2a: Slowking\n|-crit|p2a: Slowking\n|-damage|p2a: Slowking|56\/100\n|move|p2a: Slowking|Stored Power|p1a: Aloe Vera\n|-damage|p1a: Aloe Vera|0 fnt\n|faint|p1a: Aloe Vera\n|\n|-heal|p2a: Slowking|62\/100|[from] item: Black Sludge\n|upkeep\n|\n|t:|1699229451\n|switch|p1a: Dipendeez|Fezandipiti, M|35\/100 par\n|turn|24\n|\n|t:|1699229453\n|move|p1a: Dipendeez|U-turn|p2a: Slowking\n|-damage|p2a: Slowking|60\/100\n|move|p2a: Slowking|Stored Power|p1a: Dipendeez\n|-supereffective|p1a: Dipendeez\n|-damage|p1a: Dipendeez|0 fnt\n|faint|p1a: Dipendeez\n|\n|win|Ampharoside\n|c|\u2606Ampharoside|gg\n|c|\u2606So Threatening|gg\n","uploadtime":1699229458,"views":29,"p1id":"sothreatening","p2id":"ampharoside","formatid":"gen9ubers","rating":0,"private":0,"password":""}