{"id":"gen9ubers-1985779468","p1":"Pickedman","p2":"Dragon Master Rosa","format":"[Gen 9] Ubers","log":"|j|\u2606Pickedman\n|j|\u2606Dragon Master Rosa\n|t:|1699405280\n|gametype|singles\n|player|p1|Pickedman|zinnia|\n|player|p2|Dragon Master Rosa|dragontamer-gen9|\n|teamsize|p1|6\n|teamsize|p2|6\n|gen|9\n|tier|[Gen 9] Ubers\n|rule|Sleep Clause Mod: Limit one foe put to sleep\n|rule|Species Clause: Limit one of each Pok\u00e9mon\n|rule|OHKO Clause: OHKO moves are banned\n|rule|Evasion Items Clause: Evasion items are banned\n|rule|Evasion Moves Clause: Evasion moves are banned\n|rule|Endless Battle Clause: Forcing endless battles is banned\n|rule|HP Percentage Mod: HP is shown in percentages\n|clearpoke\n|poke|p1|Palafin, F|\n|poke|p1|Great Tusk|\n|poke|p1|Slowking-Galar, F|\n|poke|p1|Toxapex, M|\n|poke|p1|Garganacl, F|\n|poke|p1|Ceruledge, M|\n|poke|p2|Palafin, F|\n|poke|p2|Iron Moth|\n|poke|p2|Samurott-Hisui, F|\n|poke|p2|Kingambit, F|\n|poke|p2|Manaphy|\n|poke|p2|Gastrodon, M|\n|teampreview\n|c|\u2606Dragon Master Rosa|glhf\n|c|\u2606Pickedman|u2\n|\n|t:|1699405296\n|start\n|switch|p1a: Palafin|Palafin, F|100\/100\n|switch|p2a: Samurott|Samurott-Hisui, F|100\/100\n|turn|1\n|\n|t:|1699405315\n|detailschange|p1a: Palafin|Palafin-Hero, F\n|switch|p1a: Great Tusk|Great Tusk|100\/100\n|move|p2a: Samurott|Ceaseless Edge|p1a: Great Tusk\n|-resisted|p1a: Great Tusk\n|-damage|p1a: Great Tusk|88\/100\n|-sidestart|p1: Pickedman|Spikes\n|\n|-heal|p1a: Great Tusk|94\/100|[from] item: Leftovers\n|upkeep\n|turn|2\n|\n|t:|1699405321\n|move|p1a: Great Tusk|Bulk Up|p1a: Great Tusk\n|-boost|p1a: Great Tusk|atk|1\n|-boost|p1a: Great Tusk|def|1\n|move|p2a: Samurott|Razor Shell|p1a: Great Tusk\n|-supereffective|p1a: Great Tusk\n|-damage|p1a: Great Tusk|50\/100\n|\n|-heal|p1a: Great Tusk|57\/100|[from] item: Leftovers\n|upkeep\n|turn|3\n|\n|t:|1699405326\n|move|p1a: Great Tusk|Rapid Spin|p2a: Samurott\n|-damage|p2a: Samurott|74\/100\n|-boost|p1a: Great Tusk|spe|1\n|-sideend|p1: Pickedman|Spikes|[from] move: Rapid Spin|[of] p1a: Great Tusk\n|move|p2a: Samurott|Razor Shell|p1a: Great Tusk\n|-supereffective|p1a: Great Tusk\n|-damage|p1a: Great Tusk|16\/100\n|-unboost|p1a: Great Tusk|def|1\n|\n|-heal|p1a: Great Tusk|22\/100|[from] item: Leftovers\n|upkeep\n|turn|4\n|\n|t:|1699405343\n|move|p1a: Great Tusk|Close Combat|p2a: Samurott\n|-supereffective|p2a: Samurott\n|-damage|p2a: Samurott|0 fnt\n|-unboost|p1a: Great Tusk|def|1\n|-unboost|p1a: Great Tusk|spd|1\n|faint|p2a: Samurott\n|\n|-heal|p1a: Great Tusk|29\/100|[from] item: Leftovers\n|upkeep\n|\n|t:|1699405352\n|switch|p2a: Iron Moth|Iron Moth|100\/100\n|-enditem|p2a: Iron Moth|Booster Energy\n|-activate|p2a: Iron Moth|ability: Quark Drive|[fromitem]\n|-start|p2a: Iron Moth|quarkdrivespa\n|turn|5\n|c|\u2606Dragon Master Rosa|FUCK\n|\n|t:|1699405384\n|move|p1a: Great Tusk|Close Combat|p2a: Iron Moth\n|-resisted|p2a: Iron Moth\n|-damage|p2a: Iron Moth|32\/100\n|-unboost|p1a: Great Tusk|def|1\n|-unboost|p1a: Great Tusk|spd|1\n|move|p2a: Iron Moth|Energy Ball|p1a: Great Tusk\n|-supereffective|p1a: Great Tusk\n|-damage|p1a: Great Tusk|0 fnt\n|faint|p1a: Great Tusk\n|-end|p1a: Great Tusk|Protosynthesis|[silent]\n|\n|upkeep\n|\n|t:|1699405392\n|switch|p1a: Ceruledge|Ceruledge, M|100\/100\n|turn|6\n|c|\u2606Dragon Master Rosa|wow\n|c|\u2606Pickedman|lmao\n|\n|t:|1699405409\n|move|p2a: Iron Moth|Fiery Dance|p1a: Ceruledge\n|-resisted|p1a: Ceruledge\n|-damage|p1a: Ceruledge|70\/100\n|-boost|p2a: Iron Moth|spa|1\n|move|p1a: Ceruledge|Bitter Blade|p2a: Iron Moth\n|-resisted|p2a: Iron Moth\n|-damage|p2a: Iron Moth|0 fnt\n|-heal|p1a: Ceruledge|86\/100|[from] drain|[of] p2a: Iron Moth\n|faint|p2a: Iron Moth\n|-end|p2a: Iron Moth|Quark Drive|[silent]\n|\n|upkeep\n|\n|t:|1699405415\n|switch|p2a: Palafin|Palafin, F|100\/100\n|turn|7\n|\n|t:|1699405421\n|switch|p1a: Toxapex|Toxapex, M|100\/100\n|move|p2a: Palafin|Hydro Pump|p1a: Toxapex\n|-resisted|p1a: Toxapex\n|-damage|p1a: Toxapex|80\/100\n|\n|upkeep\n|turn|8\n|\n|t:|1699405427\n|detailschange|p2a: Palafin|Palafin-Hero, F\n|switch|p2a: Kingambit|Kingambit, F|100\/100\n|-activate|p2a: Kingambit|ability: Supreme Overlord\n|-start|p2a: Kingambit|fallen2|[silent]\n|move|p1a: Toxapex|Toxic|p2a: Kingambit\n|-immune|p2a: Kingambit\n|\n|upkeep\n|turn|9\n|\n|t:|1699405441\n|switch|p1a: Palafin|Palafin-Hero, F|100\/100\n|-activate|p1a: Palafin|ability: Zero to Hero\n|move|p2a: Kingambit|Swords Dance|p2a: Kingambit\n|-boost|p2a: Kingambit|atk|2\n|\n|upkeep\n|turn|10\n|\n|t:|1699405454\n|-end|p2a: Kingambit|fallen2|[silent]\n|switch|p2a: Manaphy|Manaphy|100\/100\n|move|p1a: Palafin|Close Combat|p2a: Manaphy\n|-damage|p2a: Manaphy|30\/100\n|-unboost|p1a: Palafin|def|1\n|-unboost|p1a: Palafin|spd|1\n|\n|-heal|p2a: Manaphy|37\/100|[from] item: Leftovers\n|upkeep\n|turn|11\n|\n|t:|1699405461\n|move|p2a: Manaphy|Energy Ball|p1a: Palafin\n|-supereffective|p1a: Palafin\n|-damage|p1a: Palafin|18\/100\n|move|p1a: Palafin|Close Combat|p2a: Manaphy\n|-damage|p2a: Manaphy|0 fnt\n|-unboost|p1a: Palafin|def|1\n|-unboost|p1a: Palafin|spd|1\n|faint|p2a: Manaphy\n|\n|upkeep\n|\n|t:|1699405468\n|switch|p2a: Gastrodon|Gastrodon, M|100\/100\n|turn|12\n|\n|t:|1699405487\n|move|p1a: Palafin|Close Combat|p2a: Gastrodon\n|-damage|p2a: Gastrodon|20\/100\n|-unboost|p1a: Palafin|def|1\n|-unboost|p1a: Palafin|spd|1\n|move|p2a: Gastrodon|Earth Power|p1a: Palafin\n|-damage|p1a: Palafin|0 fnt\n|faint|p1a: Palafin\n|\n|-heal|p2a: Gastrodon|26\/100|[from] item: Leftovers\n|upkeep\n|\n|t:|1699405501\n|switch|p1a: Garganacl|Garganacl, F|100\/100\n|turn|13\n|\n|t:|1699405505\n|move|p2a: Gastrodon|Recover|p2a: Gastrodon\n|-heal|p2a: Gastrodon|76\/100\n|move|p1a: Garganacl|Salt Cure|p2a: Gastrodon\n|-resisted|p2a: Gastrodon\n|-crit|p2a: Gastrodon\n|-damage|p2a: Gastrodon|64\/100\n|-start|p2a: Gastrodon|Salt Cure\n|\n|-heal|p2a: Gastrodon|70\/100|[from] item: Leftovers\n|-damage|p2a: Gastrodon|45\/100|[from] Salt Cure\n|upkeep\n|turn|14\n|\n|t:|1699405510\n|move|p2a: Gastrodon|Recover|p2a: Gastrodon\n|-heal|p2a: Gastrodon|95\/100\n|move|p1a: Garganacl|Stealth Rock|p2a: Gastrodon\n|-sidestart|p2: Dragon Master Rosa|move: Stealth Rock\n|\n|-heal|p2a: Gastrodon|100\/100|[from] item: Leftovers\n|-damage|p2a: Gastrodon|76\/100|[from] Salt Cure\n|upkeep\n|turn|15\n|\n|t:|1699405516\n|switch|p2a: Palafin|Palafin-Hero, F|100\/100\n|-damage|p2a: Palafin|88\/100|[from] Stealth Rock\n|-activate|p2a: Palafin|ability: Zero to Hero\n|switch|p1a: Toxapex|Toxapex, M|100\/100\n|\n|upkeep\n|turn|16\n|\n|t:|1699405523\n|-terastallize|p2a: Palafin|Normal\n|move|p2a: Palafin|Boomburst|p1a: Toxapex\n|-damage|p1a: Toxapex|25\/100\n|move|p1a: Toxapex|Toxic|p2a: Palafin\n|-status|p2a: Palafin|tox\n|\n|-damage|p2a: Palafin|82\/100 tox|[from] psn\n|upkeep\n|turn|17\n|\n|t:|1699405529\n|switch|p2a: Gastrodon|Gastrodon, M|76\/100\n|-damage|p2a: Gastrodon|70\/100|[from] Stealth Rock\n|switch|p1a: Ceruledge|Ceruledge, M|86\/100\n|\n|-heal|p2a: Gastrodon|76\/100|[from] item: Leftovers\n|upkeep\n|turn|18\n|\n|t:|1699405548\n|switch|p1a: Slowking|Slowking-Galar, F|100\/100\n|move|p2a: Gastrodon|Earth Power|p1a: Slowking\n|-supereffective|p1a: Slowking\n|-damage|p1a: Slowking|64\/100\n|\n|-heal|p2a: Gastrodon|82\/100|[from] item: Leftovers\n|upkeep\n|turn|19\n|\n|t:|1699405553\n|switch|p2a: Palafin|Palafin-Hero, F, tera:Normal|82\/100 tox\n|-damage|p2a: Palafin|70\/100 tox|[from] Stealth Rock\n|move|p1a: Slowking|Future Sight|p2a: Palafin\n|-start|p1a: Slowking|move: Future Sight\n|\n|-damage|p2a: Palafin|64\/100 tox|[from] psn\n|upkeep\n|turn|20\n|\n|t:|1699405582\n|move|p2a: Palafin|Hydro Pump|p1a: Slowking\n|-damage|p1a: Slowking|18\/100\n|move|p1a: Slowking|Slack Off|p1a: Slowking\n|-heal|p1a: Slowking|68\/100\n|\n|-damage|p2a: Palafin|51\/100 tox|[from] psn\n|upkeep\n|turn|21\n|\n|t:|1699405586\n|switch|p2a: Kingambit|Kingambit, F|100\/100\n|-damage|p2a: Kingambit|94\/100|[from] Stealth Rock\n|-activate|p2a: Kingambit|ability: Supreme Overlord\n|-start|p2a: Kingambit|fallen3|[silent]\n|move|p1a: Slowking|Slack Off|p1a: Slowking\n|-heal|p1a: Slowking|100\/100\n|\n|-end|p2a: Kingambit|move: Future Sight\n|-immune|p2a: Kingambit\n|-heal|p2a: Kingambit|100\/100|[from] item: Leftovers\n|upkeep\n|turn|22\n|\n|t:|1699405595\n|switch|p1a: Toxapex|Toxapex, M|58\/100\n|move|p2a: Kingambit|Kowtow Cleave|p1a: Toxapex\n|-damage|p1a: Toxapex|16\/100\n|\n|upkeep\n|turn|23\n|\n|t:|1699405599\n|move|p2a: Kingambit|Kowtow Cleave|p1a: Toxapex\n|-damage|p1a: Toxapex|0 fnt\n|faint|p1a: Toxapex\n|\n|upkeep\n|\n|t:|1699405601\n|switch|p1a: Ceruledge|Ceruledge, M|86\/100\n|turn|24\n|\n|t:|1699405609\n|-terastallize|p1a: Ceruledge|Fighting\n|move|p1a: Ceruledge|Close Combat|p2a: Kingambit\n|-supereffective|p2a: Kingambit\n|-damage|p2a: Kingambit|0 fnt\n|-unboost|p1a: Ceruledge|def|1\n|-unboost|p1a: Ceruledge|spd|1\n|faint|p2a: Kingambit\n|-end|p2a: Kingambit|fallen3|[silent]\n|\n|upkeep\n|\n|t:|1699405613\n|switch|p2a: Palafin|Palafin-Hero, F, tera:Normal|51\/100 tox\n|-damage|p2a: Palafin|39\/100 tox|[from] Stealth Rock\n|turn|25\n|\n|t:|1699405620\n|switch|p1a: Slowking|Slowking-Galar, F|100\/100\n|move|p2a: Palafin|Boomburst|p1a: Slowking\n|-damage|p1a: Slowking|41\/100\n|\n|-damage|p2a: Palafin|33\/100 tox|[from] psn\n|upkeep\n|turn|26\n|\n|t:|1699405627\n|switch|p2a: Gastrodon|Gastrodon, M|82\/100\n|-damage|p2a: Gastrodon|76\/100|[from] Stealth Rock\n|switch|p1a: Garganacl|Garganacl, F|100\/100\n|\n|-heal|p2a: Gastrodon|82\/100|[from] item: Leftovers\n|upkeep\n|turn|27\n|\n|t:|1699405632\n|move|p2a: Gastrodon|Earth Power|p1a: Garganacl\n|-supereffective|p1a: Garganacl\n|-damage|p1a: Garganacl|47\/100\n|move|p1a: Garganacl|Salt Cure|p2a: Gastrodon\n|-resisted|p2a: Gastrodon\n|-damage|p2a: Gastrodon|74\/100\n|-start|p2a: Gastrodon|Salt Cure\n|\n|-heal|p2a: Gastrodon|80\/100|[from] item: Leftovers\n|-heal|p1a: Garganacl|53\/100|[from] item: Leftovers\n|-damage|p2a: Gastrodon|55\/100|[from] Salt Cure\n|upkeep\n|turn|28\n|\n|t:|1699405640\n|switch|p2a: Palafin|Palafin-Hero, F, tera:Normal|33\/100 tox\n|-damage|p2a: Palafin|20\/100 tox|[from] Stealth Rock\n|move|p1a: Garganacl|Protect||[still]\n|-fail|p1a: Garganacl\n|\n|-heal|p1a: Garganacl|59\/100|[from] item: Leftovers\n|-damage|p2a: Palafin|14\/100 tox|[from] psn\n|upkeep\n|turn|29\n|\n|t:|1699405644\n|move|p1a: Garganacl|Protect|p1a: Garganacl\n|-singleturn|p1a: Garganacl|Protect\n|move|p2a: Palafin|Hydro Pump|p1a: Garganacl\n|-activate|p1a: Garganacl|move: Protect\n|\n|-heal|p1a: Garganacl|66\/100|[from] item: Leftovers\n|-damage|p2a: Palafin|2\/100 tox|[from] psn\n|upkeep\n|turn|30\n|\n|t:|1699405657\n|switch|p1a: Slowking|Slowking-Galar, F|74\/100\n|move|p2a: Palafin|Hydro Pump|p1a: Slowking\n|-damage|p1a: Slowking|28\/100\n|\n|-damage|p2a: Palafin|0 fnt|[from] psn\n|faint|p2a: Palafin\n|upkeep\n|\n|t:|1699405661\n|switch|p2a: Gastrodon|Gastrodon, M|55\/100\n|-damage|p2a: Gastrodon|49\/100|[from] Stealth Rock\n|turn|31\n|\n|t:|1699405665\n|move|p2a: Gastrodon|Earth Power|p1a: Slowking\n|-supereffective|p1a: Slowking\n|-damage|p1a: Slowking|0 fnt\n|faint|p1a: Slowking\n|\n|-heal|p2a: Gastrodon|55\/100|[from] item: Leftovers\n|upkeep\n|\n|t:|1699405668\n|switch|p1a: Ceruledge|Ceruledge, M, tera:Fighting|86\/100\n|turn|32\n|\n|t:|1699405673\n|move|p1a: Ceruledge|Close Combat|p2a: Gastrodon\n|-damage|p2a: Gastrodon|0 fnt\n|-unboost|p1a: Ceruledge|def|1\n|-unboost|p1a: Ceruledge|spd|1\n|faint|p2a: Gastrodon\n|\n|win|Pickedman\n|c|\u2606Pickedman|ggwp\n|c|\u2606Dragon Master Rosa|ggwp\n|l|\u2606Pickedman\n","uploadtime":1699405680,"views":7,"p1id":"pickedman","p2id":"dragonmasterrosa","formatid":"gen9ubers","rating":0,"private":0,"password":""}