{"id":"gen9ubers-1973839722","p1":"PinkScourge","p2":"fishyroads","format":"[Gen 9] Ubers","log":"|j|\u2606PinkScourge\n|j|\u2606fishyroads\n|t:|1698019222\n|gametype|singles\n|player|p1|PinkScourge|bede-leader|\n|player|p2|fishyroads|harlequin|\n|teamsize|p1|6\n|teamsize|p2|6\n|gen|9\n|tier|[Gen 9] Ubers\n|rule|Sleep Clause Mod: Limit one foe put to sleep\n|rule|Species Clause: Limit one of each Pok\u00e9mon\n|rule|OHKO Clause: OHKO moves are banned\n|rule|Evasion Items Clause: Evasion items are banned\n|rule|Evasion Moves Clause: Evasion moves are banned\n|rule|Endless Battle Clause: Forcing endless battles is banned\n|rule|HP Percentage Mod: HP is shown in percentages\n|clearpoke\n|poke|p1|Scream Tail|\n|poke|p1|Alomomola, F|\n|poke|p1|Arceus-Fire|\n|poke|p1|Zacian-*|\n|poke|p1|Magearna|\n|poke|p1|Weezing-Galar, F|\n|poke|p2|Urshifu-*, M|\n|poke|p2|Magearna|\n|poke|p2|Arceus-Poison|\n|poke|p2|Giratina|\n|poke|p2|Manaphy|\n|poke|p2|Zacian-*|\n|teampreview\n|inactive|Battle timer is ON: inactive players will automatically lose when time's up. (requested by PinkScourge)\n|\n|t:|1698019232\n|start\n|switch|p1a: Magearna|Magearna|100\/100\n|switch|p2a: Magearna|Magearna|100\/100\n|turn|1\n|c|\u2606fishyroads|ohhh\n|\n|t:|1698019237\n|move|p1a: Magearna|Spikes|p2a: Magearna\n|-sidestart|p2: fishyroads|Spikes\n|move|p2a: Magearna|Thunder Wave|p1a: Magearna\n|-status|p1a: Magearna|par\n|\n|upkeep\n|turn|2\n|\n|t:|1698019241\n|move|p2a: Magearna|Spikes|p1a: Magearna\n|-sidestart|p1: PinkScourge|Spikes\n|cant|p1a: Magearna|par\n|\n|upkeep\n|turn|3\n|\n|t:|1698019249\n|move|p2a: Magearna|Spikes|p1a: Magearna\n|-sidestart|p1: PinkScourge|Spikes\n|cant|p1a: Magearna|par\n|\n|upkeep\n|turn|4\n|\n|t:|1698019252\n|move|p2a: Magearna|Volt Switch|p1a: Magearna\n|-crit|p1a: Magearna\n|-damage|p1a: Magearna|83\/100 par\n|\n|t:|1698019257\n|switch|p2a: Manaphy|Manaphy|100\/100|[from] Volt Switch\n|-damage|p2a: Manaphy|88\/100|[from] Spikes\n|move|p1a: Magearna|Spikes|p2a: Manaphy\n|-sidestart|p2: fishyroads|Spikes\n|\n|-heal|p2a: Manaphy|94\/100|[from] item: Leftovers\n|-heal|p1a: Magearna|89\/100 par|[from] item: Leftovers\n|upkeep\n|turn|5\n|\n|t:|1698019263\n|move|p2a: Manaphy|Tail Glow|p2a: Manaphy\n|-boost|p2a: Manaphy|spa|3\n|move|p1a: Magearna|Encore|p2a: Manaphy\n|-start|p2a: Manaphy|Encore\n|\n|-heal|p2a: Manaphy|100\/100|[from] item: Leftovers\n|-heal|p1a: Magearna|95\/100 par|[from] item: Leftovers\n|upkeep\n|turn|6\n|\n|t:|1698019267\n|move|p2a: Manaphy|Tail Glow|p2a: Manaphy\n|-boost|p2a: Manaphy|spa|3\n|move|p1a: Magearna|Volt Switch|p2a: Manaphy\n|-supereffective|p2a: Manaphy\n|-damage|p2a: Manaphy|58\/100\n|\n|t:|1698019281\n|switch|p1a: Zacian|Zacian|100\/100|[from] Volt Switch\n|-ability|p1a: Zacian|Intrepid Sword|boost\n|-boost|p1a: Zacian|atk|1\n|\n|-heal|p2a: Manaphy|64\/100|[from] item: Leftovers\n|upkeep\n|turn|7\n|\n|t:|1698019303\n|switch|p2a: Magearna|Magearna|100\/100\n|-damage|p2a: Magearna|84\/100|[from] Spikes\n|move|p1a: Zacian|Wild Charge|p2a: Magearna\n|-damage|p2a: Magearna|46\/100\n|-damage|p1a: Zacian|90\/100|[from] Recoil\n|\n|-heal|p2a: Magearna|52\/100|[from] item: Leftovers\n|upkeep\n|turn|8\n|\n|t:|1698019313\n|-terastallize|p1a: Zacian|Electric\n|move|p1a: Zacian|Wild Charge|p2a: Magearna\n|-damage|p2a: Magearna|0 fnt\n|faint|p2a: Magearna\n|-damage|p1a: Zacian|75\/100|[from] Recoil\n|\n|upkeep\n|\n|t:|1698019321\n|switch|p2a: Urshifu|Urshifu, M|100\/100\n|-damage|p2a: Urshifu|84\/100|[from] Spikes\n|turn|9\n|\n|t:|1698019331\n|switch|p1a: Weezing|Weezing-Galar, F|100\/100\n|-fieldstart|move: Misty Terrain|[from] ability: Misty Surge|[of] p1a: Weezing\n|-terastallize|p2a: Urshifu|Dark\n|move|p2a: Urshifu|Sucker Punch||[still]\n|-fail|p2a: Urshifu\n|\n|upkeep\n|turn|10\n|\n|t:|1698019337\n|switch|p2a: Arceus|Arceus-Poison|100\/100\n|-damage|p2a: Arceus|84\/100|[from] Spikes\n|move|p1a: Weezing|Strange Steam|p2a: Arceus\n|-resisted|p2a: Arceus\n|-damage|p2a: Arceus|74\/100\n|\n|upkeep\n|turn|11\n|\n|t:|1698019352\n|switch|p1a: Magearna|Magearna|95\/100 par\n|-damage|p1a: Magearna|79\/100 par|[from] Spikes\n|move|p2a: Arceus|Calm Mind|p2a: Arceus\n|-boost|p2a: Arceus|spa|1\n|-boost|p2a: Arceus|spd|1\n|\n|-heal|p1a: Magearna|85\/100 par|[from] item: Leftovers\n|upkeep\n|turn|12\n|\n|t:|1698019358\n|move|p2a: Arceus|Surf|p1a: Magearna\n|-damage|p1a: Magearna|57\/100 par\n|move|p1a: Magearna|Encore|p2a: Arceus\n|-start|p2a: Arceus|Encore\n|\n|-heal|p1a: Magearna|63\/100 par|[from] item: Leftovers\n|upkeep\n|turn|13\n|\n|t:|1698019362\n|move|p2a: Arceus|Surf|p1a: Magearna\n|-damage|p1a: Magearna|38\/100 par\n|cant|p1a: Magearna|par\n|\n|-heal|p1a: Magearna|44\/100 par|[from] item: Leftovers\n|-fieldend|Misty Terrain\n|upkeep\n|turn|14\n|\n|t:|1698019368\n|switch|p1a: Alomomola|Alomomola, F|100\/100\n|-damage|p1a: Alomomola|84\/100|[from] Spikes\n|move|p2a: Arceus|Surf|p1a: Alomomola\n|-resisted|p1a: Alomomola\n|-damage|p1a: Alomomola|63\/100\n|\n|upkeep\n|turn|15\n|\n|t:|1698019374\n|move|p2a: Arceus|Surf|p1a: Alomomola\n|-resisted|p1a: Alomomola\n|-damage|p1a: Alomomola|45\/100\n|move|p1a: Alomomola|Mirror Coat|p2a: Arceus\n|-damage|p2a: Arceus|27\/100\n|\n|-end|p2a: Arceus|Encore\n|upkeep\n|turn|16\n|\n|t:|1698019383\n|move|p2a: Arceus|Recover|p2a: Arceus\n|-heal|p2a: Arceus|77\/100\n|move|p1a: Alomomola|Flip Turn|p2a: Arceus\n|-damage|p2a: Arceus|65\/100\n|\n|t:|1698019404\n|switch|p1a: Zacian|Zacian, tera:Electric|75\/100|[from] Flip Turn\n|\n|upkeep\n|turn|17\n|\n|t:|1698019408\n|move|p1a: Zacian|Wild Charge|p2a: Arceus\n|-damage|p2a: Arceus|32\/100\n|-damage|p1a: Zacian|66\/100|[from] Recoil\n|move|p2a: Arceus|Judgment|p1a: Zacian\n|-damage|p1a: Zacian|0 fnt\n|faint|p1a: Zacian\n|\n|upkeep\n|c|\u2606fishyroads|bruh\n|\n|t:|1698019428\n|switch|p1a: Magearna|Magearna|44\/100 par\n|-damage|p1a: Magearna|27\/100 par|[from] Spikes\n|turn|18\n|\n|t:|1698019432\n|move|p2a: Arceus|Surf|p1a: Magearna\n|-damage|p1a: Magearna|0 fnt\n|faint|p1a: Magearna\n|\n|upkeep\n|\n|t:|1698019438\n|switch|p1a: Arceus|Arceus-Fire|100\/100\n|-damage|p1a: Arceus|84\/100|[from] Spikes\n|turn|19\n|\n|t:|1698019443\n|move|p2a: Arceus|Recover|p2a: Arceus\n|-heal|p2a: Arceus|82\/100\n|move|p1a: Arceus|Will-O-Wisp|p2a: Arceus\n|-status|p2a: Arceus|brn\n|\n|-damage|p2a: Arceus|76\/100 brn|[from] brn\n|upkeep\n|turn|20\n|\n|t:|1698019452\n|move|p2a: Arceus|Calm Mind|p2a: Arceus\n|-boost|p2a: Arceus|spa|1\n|-boost|p2a: Arceus|spd|1\n|move|p1a: Arceus|Judgment|p2a: Arceus\n|-damage|p2a: Arceus|58\/100 brn\n|\n|-damage|p2a: Arceus|52\/100 brn|[from] brn\n|upkeep\n|turn|21\n|\n|t:|1698019454\n|move|p2a: Arceus|Recover|p2a: Arceus\n|-heal|p2a: Arceus|100\/100 brn\n|move|p1a: Arceus|Judgment|p2a: Arceus\n|-damage|p2a: Arceus|80\/100 brn\n|\n|-damage|p2a: Arceus|74\/100 brn|[from] brn\n|upkeep\n|turn|22\n|\n|t:|1698019464\n|switch|p1a: Weezing|Weezing-Galar, F|100\/100\n|-fieldstart|move: Misty Terrain|[from] ability: Misty Surge|[of] p1a: Weezing\n|move|p2a: Arceus|Calm Mind|p2a: Arceus\n|-boost|p2a: Arceus|spa|1\n|-boost|p2a: Arceus|spd|1\n|\n|-damage|p2a: Arceus|68\/100 brn|[from] brn\n|upkeep\n|turn|23\n|\n|t:|1698019469\n|move|p2a: Arceus|Judgment|p1a: Weezing\n|-damage|p1a: Weezing|0 fnt\n|faint|p1a: Weezing\n|\n|-damage|p2a: Arceus|62\/100 brn|[from] brn\n|upkeep\n|\n|t:|1698019474\n|switch|p1a: Scream Tail|Scream Tail|100\/100\n|-damage|p1a: Scream Tail|84\/100|[from] Spikes\n|turn|24\n|\n|t:|1698019480\n|move|p2a: Arceus|Judgment|p1a: Scream Tail\n|-supereffective|p1a: Scream Tail\n|-damage|p1a: Scream Tail|0 fnt\n|faint|p1a: Scream Tail\n|-end|p1a: Scream Tail|Protosynthesis|[silent]\n|\n|-damage|p2a: Arceus|56\/100 brn|[from] brn\n|upkeep\n|\n|t:|1698019487\n|switch|p1a: Arceus|Arceus-Fire|84\/100\n|-damage|p1a: Arceus|67\/100|[from] Spikes\n|turn|25\n|\n|t:|1698019509\n|move|p2a: Arceus|Recover|p2a: Arceus\n|-heal|p2a: Arceus|100\/100 brn\n|move|p1a: Arceus|Judgment|p2a: Arceus\n|-damage|p2a: Arceus|84\/100 brn\n|\n|-damage|p2a: Arceus|78\/100 brn|[from] brn\n|upkeep\n|turn|26\n|c|\u2606PinkScourge|GG\n|c|\u2606PinkScourge|Daaamn\n|c|\u2606PinkScourge|I messed up with that Mag para\n|\n|t:|1698019525\n|switch|p1a: Alomomola|Alomomola, F|78\/100\n|-damage|p1a: Alomomola|61\/100|[from] Spikes\n|move|p2a: Arceus|Surf|p1a: Alomomola\n|-resisted|p1a: Alomomola\n|-damage|p1a: Alomomola|26\/100\n|\n|-damage|p2a: Arceus|72\/100 brn|[from] brn\n|-fieldend|Misty Terrain\n|upkeep\n|turn|27\n|\n|t:|1698019531\n|move|p2a: Arceus|Judgment|p1a: Alomomola\n|-damage|p1a: Alomomola|0 fnt\n|faint|p1a: Alomomola\n|\n|-damage|p2a: Arceus|66\/100 brn|[from] brn\n|upkeep\n|\n|t:|1698019533\n|switch|p1a: Arceus|Arceus-Fire|67\/100\n|-damage|p1a: Arceus|50\/100|[from] Spikes\n|turn|28\n|\n|t:|1698019538\n|move|p2a: Arceus|Surf|p1a: Arceus\n|-supereffective|p1a: Arceus\n|-damage|p1a: Arceus|0 fnt\n|faint|p1a: Arceus\n|\n|win|fishyroads\n|c|\u2606fishyroads|happens\n|c|\u2606PinkScourge|Rematch?\n|c|\u2606fishyroads|that zacian play\n|c|\u2606fishyroads|yea sure\n|l|\u2606PinkScourge\n|j|\u2606PinkScourge\n|player|p1|PinkScourge|bede-leader\n","uploadtime":1698020450,"views":12,"p1id":"pinkscourge","p2id":"fishyroads","formatid":"gen9ubers","rating":0,"private":0,"password":""}