{"id":"gen9ubers-1968085086","p1":"B2cancer","p2":"masterash","format":"[Gen 9] Ubers","log":"|j|\u2606B2cancer\n|j|\u2606masterash\n|t:|1697382757\n|gametype|singles\n|player|p1|B2cancer|swimmer-gen4|1000\n|player|p2|masterash|ash|1067\n|teamsize|p1|6\n|teamsize|p2|6\n|gen|9\n|tier|[Gen 9] Ubers\n|rated|\n|rule|Sleep Clause Mod: Limit one foe put to sleep\n|rule|Species Clause: Limit one of each Pok\u00e9mon\n|rule|OHKO Clause: OHKO moves are banned\n|rule|Evasion Items Clause: Evasion items are banned\n|rule|Evasion Moves Clause: Evasion moves are banned\n|rule|Endless Battle Clause: Forcing endless battles is banned\n|rule|HP Percentage Mod: HP is shown in percentages\n|clearpoke\n|poke|p1|Ribombee, F|\n|poke|p1|Basculegion-F, F|\n|poke|p1|Fezandipiti, M|\n|poke|p1|Clodsire, F|\n|poke|p1|Torterra, F|\n|poke|p1|Donphan, F|\n|poke|p2|Meowscarada, M|\n|poke|p2|Tinkaton, F|\n|poke|p2|Annihilape, M|\n|poke|p2|Scream Tail|\n|poke|p2|Iron Moth|\n|poke|p2|Palafin, F|\n|teampreview\n|inactive|Battle timer is ON: inactive players will automatically lose when time's up. (requested by B2cancer)\n|\n|t:|1697382778\n|start\n|switch|p1a: Donphan|Donphan, F, shiny|100\/100\n|switch|p2a: Scream Tail|Scream Tail|100\/100\n|turn|1\n|\n|t:|1697382789\n|-end|p2a: Scream Tail|Protosynthesis|[silent]\n|switch|p2a: Marvel|Palafin, F|100\/100\n|move|p1a: Donphan|Stealth Rock|p2a: Marvel\n|-sidestart|p2: masterash|move: Stealth Rock\n|\n|upkeep\n|turn|2\n|\n|t:|1697382794\n|move|p2a: Marvel|Flip Turn|p1a: Donphan\n|-supereffective|p1a: Donphan\n|-damage|p1a: Donphan|63\/100\n|\n|t:|1697382800\n|detailschange|p2a: Marvel|Palafin-Hero, F\n|switch|p2a: Annihilape|Annihilape, M|100\/100|[from] Flip Turn\n|-damage|p2a: Annihilape|94\/100|[from] Stealth Rock\n|move|p1a: Donphan|Gyro Ball|p2a: Annihilape\n|-damage|p2a: Annihilape|79\/100\n|\n|-heal|p2a: Annihilape|86\/100|[from] item: Leftovers\n|-heal|p1a: Donphan|69\/100|[from] item: Leftovers\n|upkeep\n|turn|3\n|\n|t:|1697382811\n|move|p2a: Annihilape|Bulk Up|p2a: Annihilape\n|-boost|p2a: Annihilape|atk|1\n|-boost|p2a: Annihilape|def|1\n|move|p1a: Donphan|Earthquake|p2a: Annihilape\n|-damage|p2a: Annihilape|58\/100\n|\n|-heal|p2a: Annihilape|64\/100|[from] item: Leftovers\n|-heal|p1a: Donphan|75\/100|[from] item: Leftovers\n|upkeep\n|turn|4\n|\n|t:|1697382822\n|move|p2a: Annihilape|Bulk Up|p2a: Annihilape\n|-boost|p2a: Annihilape|atk|1\n|-boost|p2a: Annihilape|def|1\n|move|p1a: Donphan|Earthquake|p2a: Annihilape\n|-damage|p2a: Annihilape|43\/100\n|\n|-heal|p2a: Annihilape|49\/100|[from] item: Leftovers\n|-heal|p1a: Donphan|82\/100|[from] item: Leftovers\n|upkeep\n|turn|5\n|\n|t:|1697382832\n|move|p2a: Annihilape|Bulk Up|p2a: Annihilape\n|-boost|p2a: Annihilape|atk|1\n|-boost|p2a: Annihilape|def|1\n|move|p1a: Donphan|Earthquake|p2a: Annihilape\n|-damage|p2a: Annihilape|33\/100\n|\n|-heal|p2a: Annihilape|39\/100|[from] item: Leftovers\n|-heal|p1a: Donphan|88\/100|[from] item: Leftovers\n|upkeep\n|turn|6\n|\n|t:|1697382841\n|move|p2a: Annihilape|Drain Punch|p1a: Donphan\n|-damage|p1a: Donphan|50\/100\n|-heal|p2a: Annihilape|56\/100|[from] drain|[of] p1a: Donphan\n|move|p1a: Donphan|Earthquake|p2a: Annihilape\n|-damage|p2a: Annihilape|39\/100\n|\n|-heal|p2a: Annihilape|45\/100|[from] item: Leftovers\n|-heal|p1a: Donphan|57\/100|[from] item: Leftovers\n|upkeep\n|turn|7\n|\n|t:|1697382851\n|switch|p1a: Basculegion|Basculegion-F, F, shiny|100\/100\n|move|p2a: Annihilape|Bulk Up|p2a: Annihilape\n|-boost|p2a: Annihilape|atk|1\n|-boost|p2a: Annihilape|def|1\n|\n|-heal|p2a: Annihilape|52\/100|[from] item: Leftovers\n|upkeep\n|turn|8\n|\n|t:|1697382859\n|move|p1a: Basculegion|Flip Turn|p2a: Annihilape\n|-damage|p2a: Annihilape|40\/100\n|\n|t:|1697382863\n|switch|p1a: Donphan|Donphan, F, shiny|57\/100|[from] Flip Turn\n|move|p2a: Annihilape|Rage Fist|p1a: Donphan\n|-damage|p1a: Donphan|0 fnt\n|faint|p1a: Donphan\n|\n|-heal|p2a: Annihilape|46\/100|[from] item: Leftovers\n|upkeep\n|-message|B2cancer forfeited.\n|\n|win|masterash\n|raw|B2cancer's rating: 1000 &rarr; <strong>1000<\/strong><br \/>(+0 for losing)\n|raw|masterash's rating: 1067 &rarr; <strong>1091<\/strong><br \/>(+24 for winning)\n|l|\u2606B2cancer\n","uploadtime":1697382923,"views":19,"p1id":"b2cancer","p2id":"masterash","formatid":"gen9ubers","rating":1000,"private":0,"password":""}