{"id":"gen9ubers-1984123791","p1":"lasty42","p2":"Daxx.pf","format":"[Gen 9] Ubers","log":"|j|\u2606lasty42\n|j|\u2606Daxx.pf\n|t:|1699221143\n|gametype|singles\n|player|p1|lasty42|265|\n|player|p2|Daxx.pf|170|\n|teamsize|p1|6\n|teamsize|p2|6\n|gen|9\n|tier|[Gen 9] Ubers\n|rule|Sleep Clause Mod: Limit one foe put to sleep\n|rule|Species Clause: Limit one of each Pok\u00e9mon\n|rule|OHKO Clause: OHKO moves are banned\n|rule|Evasion Items Clause: Evasion items are banned\n|rule|Evasion Moves Clause: Evasion moves are banned\n|rule|Endless Battle Clause: Forcing endless battles is banned\n|rule|HP Percentage Mod: HP is shown in percentages\n|clearpoke\n|poke|p1|Alomomola, F|\n|poke|p1|Skeledirge, F|\n|poke|p1|Ting-Lu|\n|poke|p1|Munkidori, M|\n|poke|p1|Inteleon, M|\n|poke|p1|Kingambit, F|\n|poke|p2|Decidueye, M|\n|poke|p2|Bronzong|\n|poke|p2|Rotom-Wash|\n|poke|p2|Chi-Yu|\n|poke|p2|Articuno|\n|poke|p2|Kommo-o, F|\n|teampreview\n|inactive|Battle timer is ON: inactive players will automatically lose when time's up. (requested by lasty42)\n|inactive|Daxx.pf has 270 seconds left.\n|j| WishNM\n|c|\u2606lasty42|hfhfhf\n|inactive|Daxx.pf has 240 seconds left.\n|inactive|Daxx.pf has 210 seconds left.\n|\n|t:|1699221253\n|start\n|switch|p1a: Munkidori|Munkidori, M|100\/100\n|switch|p2a: Robin Hood|Decidueye, M|100\/100\n|turn|1\n|c|\u2606Daxx.pf|glhf\n|\n|t:|1699221276\n|switch|p2a: THE BELL|Bronzong|100\/100\n|move|p1a: Munkidori|Parting Shot|p2a: THE BELL\n|-unboost|p2a: THE BELL|atk|1\n|-unboost|p2a: THE BELL|spa|1\n|\n|t:|1699221281\n|switch|p1a: Ting-Lu|Ting-Lu|100\/100|[from] Parting Shot\n|-ability|p1a: Ting-Lu|Vessel of Ruin\n|\n|upkeep\n|turn|2\n|inactive|lasty42 has 270 seconds left.\n|\n|t:|1699221303\n|switch|p2a: Robin Hood|Decidueye, M|100\/100\n|move|p1a: Ting-Lu|Stealth Rock|p2a: Robin Hood\n|-sidestart|p2: Daxx.pf|move: Stealth Rock\n|\n|upkeep\n|turn|3\n|inactive|lasty42 has 270 seconds left.\n|\n|t:|1699221319\n|switch|p1a: Alomomola|Alomomola, F, shiny|100\/100\n|move|p2a: Robin Hood|Leaf Blade|p1a: Alomomola\n|-supereffective|p1a: Alomomola\n|-damage|p1a: Alomomola|43\/100\n|\n|upkeep\n|turn|4\n|inactive|lasty42 has 270 seconds left.\n|\n|t:|1699221331\n|switch|p1a: Ting-Lu|Ting-Lu|100\/100\n|-ability|p1a: Ting-Lu|Vessel of Ruin\n|move|p2a: Robin Hood|Leaf Blade|p1a: Ting-Lu\n|-supereffective|p1a: Ting-Lu\n|-damage|p1a: Ting-Lu|56\/100\n|\n|-heal|p1a: Ting-Lu|62\/100|[from] item: Leftovers\n|upkeep\n|turn|5\n|\n|t:|1699221342\n|move|p2a: Robin Hood|Swords Dance|p2a: Robin Hood\n|-boost|p2a: Robin Hood|atk|2\n|move|p1a: Ting-Lu|Ruination|p2a: Robin Hood\n|-damage|p2a: Robin Hood|51\/100\n|\n|-heal|p1a: Ting-Lu|69\/100|[from] item: Leftovers\n|upkeep\n|turn|6\n|inactive|lasty42 has 270 seconds left.\n|\n|t:|1699221367\n|switch|p1a: Skeledirge|Skeledirge, F|100\/100\n|move|p2a: Robin Hood|Poltergeist|p1a: Skeledirge\n|-activate|p1a: Skeledirge|move: Poltergeist|Heavy-Duty Boots\n|-supereffective|p1a: Skeledirge\n|-damage|p1a: Skeledirge|12\/100\n|\n|upkeep\n|turn|7\n|inactive|Daxx.pf has 240 seconds left.\n|\n|t:|1699221392\n|switch|p1a: Ting-Lu|Ting-Lu|69\/100\n|-ability|p1a: Ting-Lu|Vessel of Ruin\n|move|p2a: Robin Hood|Poltergeist|p1a: Ting-Lu\n|-activate|p1a: Ting-Lu|move: Poltergeist|Leftovers\n|-resisted|p1a: Ting-Lu\n|-damage|p1a: Ting-Lu|47\/100\n|\n|-heal|p1a: Ting-Lu|54\/100|[from] item: Leftovers\n|upkeep\n|turn|8\n|inactive|Daxx.pf has 240 seconds left.\n|\n|t:|1699221403\n|move|p2a: Robin Hood|Leaf Blade|p1a: Ting-Lu\n|-supereffective|p1a: Ting-Lu\n|-crit|p1a: Ting-Lu\n|-damage|p1a: Ting-Lu|0 fnt\n|faint|p1a: Ting-Lu\n|\n|upkeep\n|\n|t:|1699221406\n|switch|p1a: Alomomola|Alomomola, F, shiny|76\/100\n|turn|9\n|\n|t:|1699221416\n|switch|p1a: Skeledirge|Skeledirge, F|12\/100\n|move|p2a: Robin Hood|Leaf Blade|p1a: Skeledirge\n|-resisted|p1a: Skeledirge\n|-damage|p1a: Skeledirge|0 fnt\n|faint|p1a: Skeledirge\n|\n|upkeep\n|\n|t:|1699221419\n|switch|p1a: Munkidori|Munkidori, M|100\/100\n|turn|10\n|inactive|lasty42 has 270 seconds left.\n|\n|t:|1699221426\n|switch|p2a: THE BELL|Bronzong|100\/100\n|-damage|p2a: THE BELL|94\/100|[from] Stealth Rock\n|move|p1a: Munkidori|Sludge Wave|p2a: THE BELL\n|-immune|p2a: THE BELL\n|\n|upkeep\n|turn|11\n|inactive|Daxx.pf has 270 seconds left.\n|\n|t:|1699221437\n|switch|p1a: Alomomola|Alomomola, F, shiny|100\/100\n|move|p2a: THE BELL|Earthquake|p1a: Alomomola\n|-damage|p1a: Alomomola|85\/100\n|\n|upkeep\n|turn|12\n|\n|t:|1699221445\n|switch|p2a: Mr. Clean|Rotom-Wash|100\/100\n|-damage|p2a: Mr. Clean|88\/100|[from] Stealth Rock\n|move|p1a: Alomomola|Scald|p2a: Mr. Clean\n|-resisted|p2a: Mr. Clean\n|-damage|p2a: Mr. Clean|83\/100\n|\n|upkeep\n|turn|13\n|inactive|lasty42 has 270 seconds left.\n|inactive|Daxx.pf has 270 seconds left.\n|\n|t:|1699221488\n|switch|p1a: Munkidori|Munkidori, M|100\/100\n|move|p2a: Mr. Clean|Thunder|p1a: Munkidori\n|-damage|p1a: Munkidori|16\/100\n|-status|p1a: Munkidori|par\n|\n|upkeep\n|turn|14\n|inactive|lasty42 has 270 seconds left.\n|\n|t:|1699221500\n|switch|p2a: THE BELL|Bronzong|94\/100\n|-damage|p2a: THE BELL|88\/100|[from] Stealth Rock\n|move|p1a: Munkidori|Sludge Wave|p2a: THE BELL\n|-immune|p2a: THE BELL\n|\n|upkeep\n|turn|15\n|inactive|lasty42 has 270 seconds left.\n|inactive|Daxx.pf has 240 seconds left.\n|\n|t:|1699221537\n|switch|p1a: Inteleon|Inteleon, M, shiny|100\/100\n|switch|p2a: Robin Hood|Decidueye, M|51\/100\n|-damage|p2a: Robin Hood|38\/100|[from] Stealth Rock\n|\n|upkeep\n|turn|16\n|inactive|lasty42 has 270 seconds left.\n|\n|t:|1699221552\n|move|p1a: Inteleon|Ice Beam|p2a: Robin Hood\n|-supereffective|p2a: Robin Hood\n|-damage|p2a: Robin Hood|0 fnt\n|faint|p2a: Robin Hood\n|\n|upkeep\n|\n|t:|1699221564\n|switch|p2a: Mr. Clean|Rotom-Wash|83\/100\n|-damage|p2a: Mr. Clean|70\/100|[from] Stealth Rock\n|turn|17\n|inactive|lasty42 has 270 seconds left.\n|\n|t:|1699221576\n|switch|p1a: Munkidori|Munkidori, M|16\/100 par\n|move|p2a: Mr. Clean|Volt Switch|p1a: Munkidori\n|-damage|p1a: Munkidori|0 fnt\n|faint|p1a: Munkidori\n|c| WishNM|Hope I'm not distracting here fellas but Naraki and I gonna play after if you wanna watch.\n|inactive|Daxx.pf has 210 seconds left.\n|c|\u2606Daxx.pf|sure\n|inactive|Daxx.pf has 180 seconds left.\n|\n|t:|1699221638\n|switch|p2a: Armored Chicken|Kommo-o, F|100\/100|[from] Volt Switch\n|-damage|p2a: Armored Chicken|95\/100|[from] Stealth Rock\n|\n|-heal|p2a: Armored Chicken|100\/100|[from] item: Leftovers\n|upkeep\n|\n|t:|1699221647\n|switch|p1a: Inteleon|Inteleon, M, shiny|100\/100\n|turn|18\n|inactive|Daxx.pf has 180 seconds left.\n|\n|t:|1699221662\n|switch|p2a: 6 points LOL|Articuno|100\/100\n|-ability|p2a: 6 points LOL|Pressure\n|move|p1a: Inteleon|Ice Beam|p2a: 6 points LOL\n|-damage|p2a: 6 points LOL|71\/100\n|\n|upkeep\n|turn|19\n|\n|t:|1699221679\n|switch|p1a: Alomomola|Alomomola, F, shiny|100\/100\n|move|p2a: 6 points LOL|Freeze-Dry|p1a: Alomomola\n|-supereffective|p1a: Alomomola\n|-damage|p1a: Alomomola|39\/100\n|\n|upkeep\n|turn|20\n|\n|t:|1699221690\n|move|p2a: 6 points LOL|Freeze-Dry|p1a: Alomomola\n|-supereffective|p1a: Alomomola\n|-damage|p1a: Alomomola|0 fnt\n|faint|p1a: Alomomola\n|\n|upkeep\n|inactive|lasty42 has 270 seconds left.\n|\n|t:|1699221710\n|switch|p1a: Kingambit|Kingambit, F|100\/100\n|-activate|p1a: Kingambit|ability: Supreme Overlord\n|-start|p1a: Kingambit|fallen4|[silent]\n|turn|21\n|inactive|lasty42 has 270 seconds left.\n|inactive|Daxx.pf has 180 seconds left.\n|\n|t:|1699221728\n|move|p2a: 6 points LOL|U-turn|p1a: Kingambit\n|-damage|p1a: Kingambit|92\/100\n|\n|t:|1699221742\n|switch|p2a: FEEESH|Chi-Yu|100\/100|[from] U-turn\n|-damage|p2a: FEEESH|76\/100|[from] Stealth Rock\n|-ability|p2a: FEEESH|Beads of Ruin\n|move|p1a: Kingambit|Swords Dance|p1a: Kingambit\n|-boost|p1a: Kingambit|atk|2\n|\n|upkeep\n|turn|22\n|\n|t:|1699221753\n|move|p1a: Kingambit|Sucker Punch|p2a: FEEESH\n|-resisted|p2a: FEEESH\n|-damage|p2a: FEEESH|0 fnt\n|faint|p2a: FEEESH\n|\n|upkeep\n|\n|t:|1699221764\n|switch|p2a: THE BELL|Bronzong|88\/100\n|-damage|p2a: THE BELL|82\/100|[from] Stealth Rock\n|turn|23\n|inactive|lasty42 has 270 seconds left.\n|\n|t:|1699221785\n|-terastallize|p2a: THE BELL|Steel\n|move|p1a: Kingambit|Kowtow Cleave|p2a: THE BELL\n|-damage|p2a: THE BELL|0 fnt\n|faint|p2a: THE BELL\n|\n|upkeep\n|\n|t:|1699221797\n|switch|p2a: Armored Chicken|Kommo-o, F|100\/100\n|-damage|p2a: Armored Chicken|95\/100|[from] Stealth Rock\n|turn|24\n|\n|t:|1699221807\n|move|p2a: Armored Chicken|Drain Punch|p1a: Kingambit\n|-supereffective|p1a: Kingambit\n|-damage|p1a: Kingambit|0 fnt\n|-heal|p2a: Armored Chicken|100\/100|[from] drain|[of] p1a: Kingambit\n|faint|p1a: Kingambit\n|-end|p1a: Kingambit|fallen4|[silent]\n|\n|upkeep\n|\n|t:|1699221812\n|switch|p1a: Inteleon|Inteleon, M, shiny|100\/100\n|turn|25\n|\n|t:|1699221827\n|move|p1a: Inteleon|Hydro Cannon|p2a: Armored Chicken\n|-resisted|p2a: Armored Chicken\n|-damage|p2a: Armored Chicken|44\/100\n|-mustrecharge|p1a: Inteleon\n|move|p2a: Armored Chicken|Drain Punch|p1a: Inteleon\n|-damage|p1a: Inteleon|33\/100\n|-heal|p2a: Armored Chicken|76\/100|[from] drain|[of] p1a: Inteleon\n|\n|-heal|p2a: Armored Chicken|82\/100|[from] item: Leftovers\n|upkeep\n|turn|26\n|\n|t:|1699221832\n|cant|p1a: Inteleon|recharge\n|move|p2a: Armored Chicken|Drain Punch|p1a: Inteleon\n|-damage|p1a: Inteleon|0 fnt\n|-heal|p2a: Armored Chicken|97\/100|[from] drain|[of] p1a: Inteleon\n|faint|p1a: Inteleon\n|\n|win|Daxx.pf\n|c|\u2606lasty42|gg\n|l|\u2606lasty42\n|c|\u2606Daxx.pf|gg\n","uploadtime":1699221855,"views":16,"p1id":"lasty42","p2id":"daxxpf","formatid":"gen9ubers","rating":0,"private":0,"password":""}