{"id":"gen9ubers-1987840341","p1":"babynogalXD","p2":"RubenPaCe","format":"[Gen 9] Ubers","log":"|j|\u2606babynogalXD\n|j|\u2606RubenPaCe\n|t:|1699641681\n|gametype|singles\n|player|p1|babynogalXD|hilbert|\n|player|p2|RubenPaCe|camper|\n|teamsize|p1|6\n|teamsize|p2|6\n|gen|9\n|tier|[Gen 9] Ubers\n|rule|Sleep Clause Mod: Limit one foe put to sleep\n|rule|Species Clause: Limit one of each Pok\u00e9mon\n|rule|OHKO Clause: OHKO moves are banned\n|rule|Evasion Items Clause: Evasion items are banned\n|rule|Evasion Moves Clause: Evasion moves are banned\n|rule|Endless Battle Clause: Forcing endless battles is banned\n|rule|HP Percentage Mod: HP is shown in percentages\n|clearpoke\n|poke|p1|Meowscarada, F|\n|poke|p1|Zacian-*|\n|poke|p1|Arceus-Ghost|\n|poke|p1|Dialga|\n|poke|p1|Palafin, M|\n|poke|p1|Roaring Moon|\n|poke|p2|Arceus-Ghost|\n|poke|p2|Magearna|\n|poke|p2|Slowking-Galar, M|\n|poke|p2|Palafin, M|\n|poke|p2|Cyclizar, F|\n|poke|p2|Palkia-Origin|\n|teampreview\n|\n|t:|1699641702\n|start\n|switch|p1a: Meowscarada|Meowscarada, F|100\/100\n|switch|p2a: Magearna|Magearna|100\/100\n|turn|1\n|\n|t:|1699641708\n|move|p1a: Meowscarada|Spikes|p2a: Magearna\n|-start|p1a: Meowscarada|typechange|Ground|[from] ability: Protean\n|-sidestart|p2: RubenPaCe|Spikes\n|move|p2a: Magearna|Spikes|p1a: Meowscarada\n|-sidestart|p1: babynogalXD|Spikes\n|\n|upkeep\n|turn|2\n|\n|t:|1699641710\n|switch|p2a: Cyclizar|Cyclizar, F|100\/100\n|move|p1a: Meowscarada|Taunt|p2a: Cyclizar\n|-start|p2a: Cyclizar|move: Taunt\n|\n|upkeep\n|turn|3\n|\n|t:|1699641715\n|move|p1a: Meowscarada|Play Rough|p2a: Cyclizar\n|-supereffective|p2a: Cyclizar\n|-damage|p2a: Cyclizar|26\/100\n|-unboost|p2a: Cyclizar|atk|1\n|move|p2a: Cyclizar|Knock Off|p1a: Meowscarada\n|-damage|p1a: Meowscarada|79\/100\n|-enditem|p1a: Meowscarada|Focus Sash|[from] move: Knock Off|[of] p2a: Cyclizar\n|\n|upkeep\n|turn|4\n|\n|t:|1699641734\n|switch|p2a: Magearna|Magearna|100\/100\n|-damage|p2a: Magearna|88\/100|[from] Spikes\n|move|p1a: Meowscarada|Play Rough|p2a: Magearna\n|-resisted|p2a: Magearna\n|-damage|p2a: Magearna|76\/100\n|\n|-heal|p2a: Magearna|82\/100|[from] item: Leftovers\n|upkeep\n|turn|5\n|\n|t:|1699641739\n|move|p1a: Meowscarada|Taunt|p2a: Magearna\n|-start|p2a: Magearna|move: Taunt\n|move|p2a: Magearna|Fleur Cannon|p1a: Meowscarada\n|-damage|p1a: Meowscarada|0 fnt\n|-unboost|p2a: Magearna|spa|2\n|faint|p1a: Meowscarada\n|-ability|p2a: Magearna|Soul-Heart|boost\n|-boost|p2a: Magearna|spa|1\n|\n|-heal|p2a: Magearna|88\/100|[from] item: Leftovers\n|upkeep\n|\n|t:|1699641744\n|switch|p1a: Palafin|Palafin, M|100\/100\n|-damage|p1a: Palafin|88\/100|[from] Spikes\n|turn|6\n|\n|t:|1699641746\n|move|p1a: Palafin|Flip Turn|p2a: Magearna\n|-damage|p2a: Magearna|60\/100\n|\n|t:|1699641753\n|detailschange|p1a: Palafin|Palafin-Hero, M\n|switch|p1a: Arceus|Arceus-Ghost|100\/100|[from] Flip Turn\n|-damage|p1a: Arceus|88\/100|[from] Spikes\n|move|p2a: Magearna|Volt Switch|p1a: Arceus\n|-damage|p1a: Arceus|77\/100\n|\n|t:|1699641761\n|switch|p2a: Palkia|Palkia-Origin|100\/100|[from] Volt Switch\n|-damage|p2a: Palkia|88\/100|[from] Spikes\n|-ability|p2a: Palkia|Pressure\n|\n|upkeep\n|turn|7\n|\n|t:|1699641767\n|move|p2a: Palkia|Hydro Pump|p1a: Arceus\n|-damage|p1a: Arceus|23\/100\n|move|p1a: Arceus|Judgment|p2a: Palkia\n|-damage|p2a: Palkia|34\/100\n|\n|upkeep\n|turn|8\n|\n|t:|1699641777\n|switch|p1a: Dialga|Dialga|100\/100\n|-damage|p1a: Dialga|88\/100|[from] Spikes\n|-ability|p1a: Dialga|Pressure\n|move|p2a: Palkia|Spacial Rend|p1a: Dialga\n|-damage|p1a: Dialga|45\/100\n|\n|upkeep\n|turn|9\n|\n|t:|1699641784\n|move|p2a: Palkia|Draco Meteor|p1a: Dialga\n|-damage|p1a: Dialga|0 fnt\n|-unboost|p2a: Palkia|spa|2\n|faint|p1a: Dialga\n|\n|upkeep\n|\n|t:|1699641806\n|switch|p1a: Roaring Moon|Roaring Moon|100\/100\n|-damage|p1a: Roaring Moon|88\/100|[from] Spikes\n|-enditem|p1a: Roaring Moon|Booster Energy\n|-activate|p1a: Roaring Moon|ability: Protosynthesis|[fromitem]\n|-start|p1a: Roaring Moon|protosynthesisspe\n|turn|10\n|\n|t:|1699641810\n|move|p1a: Roaring Moon|Dragon Dance|p1a: Roaring Moon\n|-boost|p1a: Roaring Moon|atk|1\n|-boost|p1a: Roaring Moon|spe|1\n|move|p2a: Palkia|Draco Meteor|p1a: Roaring Moon\n|-supereffective|p1a: Roaring Moon\n|-damage|p1a: Roaring Moon|6\/100\n|-unboost|p2a: Palkia|spa|2\n|\n|upkeep\n|turn|11\n|\n|t:|1699641820\n|move|p1a: Roaring Moon|Acrobatics|p2a: Palkia\n|-damage|p2a: Palkia|0 fnt\n|faint|p2a: Palkia\n|\n|upkeep\n|\n|t:|1699641821\n|switch|p2a: Palafin|Palafin, M|100\/100\n|-damage|p2a: Palafin|88\/100|[from] Spikes\n|turn|12\n|\n|t:|1699641835\n|-end|p1a: Roaring Moon|Protosynthesis|[silent]\n|switch|p1a: Palafin|Palafin-Hero, M|88\/100\n|-damage|p1a: Palafin|76\/100|[from] Spikes\n|-activate|p1a: Palafin|ability: Zero to Hero\n|move|p2a: Palafin|Jet Punch|p1a: Palafin\n|-resisted|p1a: Palafin\n|-damage|p1a: Palafin|59\/100\n|\n|upkeep\n|turn|13\n|\n|t:|1699641853\n|detailschange|p2a: Palafin|Palafin-Hero, M\n|switch|p2a: Magearna|Magearna|60\/100\n|-damage|p2a: Magearna|48\/100|[from] Spikes\n|move|p1a: Palafin|Wave Crash|p2a: Magearna\n|-damage|p2a: Magearna|0 fnt\n|faint|p2a: Magearna\n|-damage|p1a: Palafin|44\/100|[from] Recoil\n|\n|upkeep\n|\n|t:|1699641869\n|switch|p2a: Arceus|Arceus-Ghost|100\/100\n|-damage|p2a: Arceus|88\/100|[from] Spikes\n|turn|14\n|\n|t:|1699641874\n|switch|p1a: Roaring Moon|Roaring Moon|6\/100\n|-damage|p1a: Roaring Moon|0 fnt|[from] Spikes\n|faint|p1a: Roaring Moon\n|-end|p1a: Roaring Moon|Protosynthesis|[silent]\n|move|p2a: Arceus|Shadow Claw|p1: Roaring Moon|[notarget]\n|-fail|p2a: Arceus\n|\n|upkeep\n|\n|t:|1699641879\n|switch|p1a: Arceus|Arceus-Ghost|23\/100\n|-damage|p1a: Arceus|11\/100|[from] Spikes\n|turn|15\n|\n|t:|1699641887\n|move|p2a: Arceus|Extreme Speed|p1a: Arceus\n|-immune|p1a: Arceus\n|move|p1a: Arceus|Taunt|p2a: Arceus\n|-start|p2a: Arceus|move: Taunt\n|\n|upkeep\n|turn|16\n|\n|t:|1699641894\n|move|p1a: Arceus|Judgment|p2a: Arceus\n|-supereffective|p2a: Arceus\n|-damage|p2a: Arceus|0 fnt\n|faint|p2a: Arceus\n|\n|upkeep\n|\n|t:|1699641896\n|switch|p2a: Palafin|Palafin-Hero, M|88\/100\n|-damage|p2a: Palafin|76\/100|[from] Spikes\n|-activate|p2a: Palafin|ability: Zero to Hero\n|turn|17\n|\n|t:|1699641900\n|move|p2a: Palafin|Jet Punch|p1a: Arceus\n|-damage|p1a: Arceus|0 fnt\n|faint|p1a: Arceus\n|\n|upkeep\n|\n|t:|1699641905\n|switch|p1a: Palafin|Palafin-Hero, M|44\/100\n|-damage|p1a: Palafin|32\/100|[from] Spikes\n|turn|18\n|\n|t:|1699641911\n|move|p1a: Palafin|Jet Punch|p2a: Palafin\n|-resisted|p2a: Palafin\n|-damage|p2a: Palafin|50\/100\n|move|p2a: Palafin|Jet Punch|p1a: Palafin\n|-resisted|p1a: Palafin\n|-damage|p1a: Palafin|7\/100\n|\n|upkeep\n|turn|19\n|\n|t:|1699641913\n|move|p1a: Palafin|Jet Punch|p2a: Palafin\n|-resisted|p2a: Palafin\n|-damage|p2a: Palafin|25\/100\n|move|p2a: Palafin|Jet Punch|p1a: Palafin\n|-resisted|p1a: Palafin\n|-damage|p1a: Palafin|0 fnt\n|faint|p1a: Palafin\n|\n|upkeep\n|\n|t:|1699641915\n|switch|p1a: Zacian|Zacian|100\/100\n|-damage|p1a: Zacian|88\/100|[from] Spikes\n|-ability|p1a: Zacian|Intrepid Sword|boost\n|-boost|p1a: Zacian|atk|1\n|turn|20\n|\n|t:|1699641945\n|move|p2a: Palafin|Jet Punch|p1a: Zacian\n|-damage|p1a: Zacian|28\/100\n|move|p1a: Zacian|Psychic Fangs|p2a: Palafin\n|-damage|p2a: Palafin|0 fnt\n|faint|p2a: Palafin\n|-damage|p1a: Zacian|18\/100|[from] item: Life Orb\n|\n|upkeep\n|\n|t:|1699641949\n|switch|p2a: Slowking|Slowking-Galar, M|100\/100\n|turn|21\n|\n|t:|1699641952\n|-terastallize|p2a: Slowking|Water\n|move|p1a: Zacian|Psychic Fangs|p2a: Slowking\n|-damage|p2a: Slowking|42\/100\n|-damage|p1a: Zacian|8\/100|[from] item: Life Orb\n|move|p2a: Slowking|Sludge Bomb|p1a: Zacian\n|-supereffective|p1a: Zacian\n|-damage|p1a: Zacian|0 fnt\n|faint|p1a: Zacian\n|\n|win|RubenPaCe\n|c|\u2606babynogalXD|Gg\n|c|\u2606RubenPaCe|gg\n","uploadtime":1699641964,"views":9,"p1id":"babynogalxd","p2id":"rubenpace","formatid":"gen9ubers","rating":0,"private":0,"password":""}