{"id":"gen9ubers-1985032926","p1":"Ghghghgg","p2":"TerrarianSkeleton","format":"[Gen 9] Ubers","log":"|j|\u2606Ghghghgg\n|j|\u2606TerrarianSkeleton\n|t:|1699322833\n|gametype|singles\n|player|p1|Ghghghgg|1|1135\n|player|p2|TerrarianSkeleton|koga|1116\n|teamsize|p1|6\n|teamsize|p2|6\n|gen|9\n|tier|[Gen 9] Ubers\n|rated|\n|rule|Sleep Clause Mod: Limit one foe put to sleep\n|rule|Species Clause: Limit one of each Pok\u00e9mon\n|rule|OHKO Clause: OHKO moves are banned\n|rule|Evasion Items Clause: Evasion items are banned\n|rule|Evasion Moves Clause: Evasion moves are banned\n|rule|Endless Battle Clause: Forcing endless battles is banned\n|rule|HP Percentage Mod: HP is shown in percentages\n|clearpoke\n|poke|p1|Baxcalibur, M|\n|poke|p1|Annihilape, F|\n|poke|p1|Chien-Pao|\n|poke|p1|Espathra, F|\n|poke|p1|Dragonite, F|\n|poke|p1|Miraidon|\n|poke|p2|Regieleki|\n|poke|p2|Enamorus, F|\n|poke|p2|Glimmora, M|\n|poke|p2|Golem-Alola, M|\n|poke|p2|Tyranitar, M|\n|poke|p2|Houndstone, M|\n|teampreview\n|inactive|Battle timer is ON: inactive players will automatically lose when time's up. (requested by TerrarianSkeleton)\n|\n|t:|1699322843\n|start\n|switch|p1a: Baxcalibur|Baxcalibur, M|100\/100\n|switch|p2a: Glimmora|Glimmora, M|100\/100\n|turn|1\n|\n|t:|1699322853\n|move|p2a: Glimmora|Stealth Rock|p1a: Baxcalibur\n|-sidestart|p1: Ghghghgg|move: Stealth Rock\n|move|p1a: Baxcalibur|Dragon Dance|p1a: Baxcalibur\n|-boost|p1a: Baxcalibur|atk|1\n|-boost|p1a: Baxcalibur|spe|1\n|\n|upkeep\n|turn|2\n|\n|t:|1699322859\n|move|p1a: Baxcalibur|Icicle Spear|p2a: Glimmora\n|-damage|p2a: Glimmora|76\/100\n|-activate|p2a: Glimmora|ability: Toxic Debris\n|-sidestart|p1: Ghghghgg|move: Toxic Spikes\n|-damage|p2a: Glimmora|51\/100\n|-activate|p2a: Glimmora|ability: Toxic Debris\n|-sidestart|p1: Ghghghgg|move: Toxic Spikes\n|-damage|p2a: Glimmora|25\/100\n|-damage|p2a: Glimmora|0 fnt\n|faint|p2a: Glimmora\n|-hitcount|p2: Glimmora|4\n|\n|upkeep\n|\n|t:|1699322869\n|switch|p2a: Enamorus|Enamorus, F|100\/100\n|turn|3\n|\n|t:|1699322873\n|move|p2a: Enamorus|Misty Explosion|p1a: Baxcalibur\n|-supereffective|p1a: Baxcalibur\n|-damage|p1a: Baxcalibur|0 fnt\n|faint|p2a: Enamorus\n|faint|p1a: Baxcalibur\n|\n|upkeep\n|\n|t:|1699322881\n|switch|p2a: Golem|Golem-Alola, M|100\/100\n|switch|p1a: Dragonite|Dragonite, F|100\/100\n|-damage|p1a: Dragonite|76\/100|[from] Stealth Rock\n|turn|4\n|\n|t:|1699322892\n|-terastallize|p1a: Dragonite|Ice\n|move|p1a: Dragonite|Ice Spinner|p2a: Golem\n|-damage|p2a: Golem|58\/100\n|move|p2a: Golem|Explosion|p1a: Dragonite\n|-damage|p1a: Dragonite|0 fnt\n|faint|p2a: Golem\n|faint|p1a: Dragonite\n|\n|upkeep\n|\n|t:|1699322902\n|switch|p1a: Miraidon|Miraidon|100\/100\n|switch|p2a: Regieleki|Regieleki|100\/100\n|-damage|p1a: Miraidon|88\/100|[from] Stealth Rock\n|-status|p1a: Miraidon|tox\n|-fieldstart|move: Electric Terrain|[from] ability: Hadron Engine|[of] p1a: Miraidon\n|turn|5\n|\n|t:|1699322910\n|move|p2a: Regieleki|Light Screen|p2a: Regieleki\n|-sidestart|p2: TerrarianSkeleton|move: Light Screen\n|move|p1a: Miraidon|Draco Meteor|p2a: Regieleki\n|-damage|p2a: Regieleki|0 fnt\n|-unboost|p1a: Miraidon|spa|2\n|faint|p2a: Regieleki\n|\n|-damage|p1a: Miraidon|82\/100 tox|[from] psn\n|upkeep\n|\n|t:|1699322920\n|switch|p2a: Tyranitar|Tyranitar, M, shiny|100\/100\n|-weather|Sandstorm|[from] ability: Sand Stream|[of] p2a: Tyranitar\n|turn|6\n|\n|t:|1699322925\n|switch|p1a: Annihilape|Annihilape, F|100\/100\n|-damage|p1a: Annihilape|94\/100|[from] Stealth Rock\n|-status|p1a: Annihilape|tox\n|move|p2a: Tyranitar|Earthquake|p1a: Annihilape\n|-damage|p1a: Annihilape|58\/100 tox\n|\n|-weather|Sandstorm|[upkeep]\n|-damage|p1a: Annihilape|52\/100 tox|[from] Sandstorm\n|-damage|p1a: Annihilape|46\/100 tox|[from] psn\n|upkeep\n|turn|7\n|\n|t:|1699322939\n|switch|p2a: Houndstone|Houndstone, M|100\/100\n|move|p1a: Annihilape|Rest||[still]\n|-activate|p1a: Annihilape|move: Electric Terrain\n|-fail|p1a: Annihilape\n|\n|-weather|Sandstorm|[upkeep]\n|-damage|p1a: Annihilape|40\/100 tox|[from] Sandstorm\n|-damage|p1a: Annihilape|28\/100 tox|[from] psn\n|upkeep\n|turn|8\n|\n|t:|1699322947\n|move|p2a: Houndstone|Last Respects|p1a: Annihilape\n|-supereffective|p1a: Annihilape\n|-damage|p1a: Annihilape|0 fnt\n|faint|p1a: Annihilape\n|\n|-weather|Sandstorm|[upkeep]\n|upkeep\n|\n|t:|1699322956\n|switch|p1a: Miraidon|Miraidon|82\/100 tox\n|-damage|p1a: Miraidon|70\/100 tox|[from] Stealth Rock\n|-activate|p1a: Miraidon|ability: Hadron Engine\n|turn|9\n|\n|t:|1699322961\n|move|p2a: Houndstone|Last Respects|p1a: Miraidon\n|-damage|p1a: Miraidon|0 fnt\n|faint|p1a: Miraidon\n|\n|-weather|Sandstorm|[upkeep]\n|-fieldend|move: Electric Terrain\n|upkeep\n|\n|t:|1699322967\n|switch|p1a: Chien-Pao|Chien-Pao|100\/100\n|-ability|p1a: Chien-Pao|Sword of Ruin\n|turn|10\n|\n|t:|1699322973\n|-terastallize|p2a: Houndstone|Ghost\n|move|p1a: Chien-Pao|Sucker Punch|p2a: Houndstone\n|-supereffective|p2a: Houndstone\n|-damage|p2a: Houndstone|0 fnt\n|faint|p2a: Houndstone\n|\n|-weather|Sandstorm|[upkeep]\n|-damage|p1a: Chien-Pao|95\/100|[from] Sandstorm\n|upkeep\n|\n|t:|1699322981\n|switch|p2a: Tyranitar|Tyranitar, M, shiny|100\/100\n|turn|11\n|\n|t:|1699322985\n|move|p1a: Chien-Pao|Sacred Sword|p2a: Tyranitar\n|-supereffective|p2a: Tyranitar\n|-damage|p2a: Tyranitar|0 fnt\n|faint|p2a: Tyranitar\n|\n|win|Ghghghgg\n|raw|Ghghghgg's rating: 1135 &rarr; <strong>1159<\/strong><br \/>(+24 for winning)\n|raw|TerrarianSkeleton's rating: 1116 &rarr; <strong>1092<\/strong><br \/>(-24 for losing)\n|c|\u2606Ghghghgg|gg\n|c|\u2606TerrarianSkeleton|gg\n|l|\u2606Ghghghgg\n","uploadtime":1699322997,"views":4,"p1id":"ghghghgg","p2id":"terrarianskeleton","formatid":"gen9ubers","rating":1092,"private":0,"password":""}