{"id":"gen9ubers-1989256955","p1":"babynogalXD","p2":"ItsmeBlankKnight","format":"[Gen 9] Ubers","log":"|j|\u2606babynogalXD\n|j|\u2606ItsmeBlankKnight\n|t:|1699828741\n|gametype|singles\n|player|p1|babynogalXD|ethan|\n|player|p2|ItsmeBlankKnight|larry|\n|teamsize|p1|6\n|teamsize|p2|6\n|gen|9\n|tier|[Gen 9] Ubers\n|rule|Sleep Clause Mod: Limit one foe put to sleep\n|rule|Species Clause: Limit one of each Pok\u00e9mon\n|rule|OHKO Clause: OHKO moves are banned\n|rule|Evasion Items Clause: Evasion items are banned\n|rule|Evasion Moves Clause: Evasion moves are banned\n|rule|Endless Battle Clause: Forcing endless battles is banned\n|rule|HP Percentage Mod: HP is shown in percentages\n|clearpoke\n|poke|p1|Espathra, M|\n|poke|p1|Rillaboom, M|\n|poke|p1|Sneasler, F|\n|poke|p1|Alomomola, M|\n|poke|p1|Dialga|\n|poke|p1|Arceus-Fire|\n|poke|p2|Chi-Yu|\n|poke|p2|Cyclizar, F|\n|poke|p2|Houndstone, F|\n|poke|p2|Torkoal, M|\n|poke|p2|Espathra, F|\n|poke|p2|Regidrago|\n|teampreview\n|inactive|Battle timer is ON: inactive players will automatically lose when time's up. (requested by ItsmeBlankKnight)\n|c|\u2606ItsmeBlankKnight|lemme cook\n|\n|t:|1699828754\n|start\n|switch|p1a: Dialga|Dialga|100\/100\n|switch|p2a: Cyclizar|Cyclizar, F|100\/100\n|-ability|p1a: Dialga|Pressure\n|turn|1\n|\n|t:|1699828758\n|move|p2a: Cyclizar|Shed Tail|p2a: Cyclizar\n|-start|p2a: Cyclizar|Substitute|[from] move: Shed Tail\n|-damage|p2a: Cyclizar|50\/100\n|\n|t:|1699828764\n|switch|p2a: Chi-Yu|Chi-Yu|100\/100|[from] Shed Tail\n|-ability|p2a: Chi-Yu|Beads of Ruin\n|move|p1a: Dialga|Stealth Rock|p2a: Chi-Yu\n|-sidestart|p2: ItsmeBlankKnight|move: Stealth Rock\n|\n|upkeep\n|turn|2\n|\n|t:|1699828772\n|switch|p1a: Arceus|Arceus-Fire|100\/100\n|-terastallize|p2a: Chi-Yu|Fire\n|move|p2a: Chi-Yu|Overheat|p1a: Arceus\n|-resisted|p1a: Arceus\n|-damage|p1a: Arceus|29\/100\n|-unboost|p2a: Chi-Yu|spa|2\n|\n|upkeep\n|turn|3\n|\n|t:|1699828777\n|move|p1a: Arceus|Flare Blitz|p2a: Chi-Yu\n|-resisted|p2a: Chi-Yu\n|-end|p2a: Chi-Yu|Substitute\n|-damage|p1a: Arceus|22\/100|[from] Recoil|[of] p2a: Chi-Yu\n|move|p2a: Chi-Yu|Overheat|p1a: Arceus|[miss]\n|-miss|p2a: Chi-Yu|p1a: Arceus\n|\n|upkeep\n|turn|4\n|c|\u2606ItsmeBlankKnight|fuck\n|c|\u2606ItsmeBlankKnight|me\n|\n|t:|1699828787\n|switch|p2a: Torkoal|Torkoal, M|100\/100\n|-damage|p2a: Torkoal|76\/100|[from] Stealth Rock\n|-weather|SunnyDay|[from] ability: Drought|[of] p2a: Torkoal\n|move|p1a: Arceus|Stone Edge|p2a: Torkoal\n|-supereffective|p2a: Torkoal\n|-damage|p2a: Torkoal|20\/100\n|\n|-weather|SunnyDay|[upkeep]\n|upkeep\n|turn|5\n|\n|t:|1699828789\n|move|p1a: Arceus|Flare Blitz|p2a: Torkoal\n|-resisted|p2a: Torkoal\n|-damage|p2a: Torkoal|0 fnt\n|faint|p2a: Torkoal\n|-damage|p1a: Arceus|17\/100|[from] Recoil\n|\n|-weather|SunnyDay|[upkeep]\n|upkeep\n|\n|t:|1699828791\n|switch|p2a: Cyclizar|Cyclizar, F|83\/100\n|-damage|p2a: Cyclizar|71\/100|[from] Stealth Rock\n|turn|6\n|\n|t:|1699828796\n|move|p2a: Cyclizar|Rapid Spin|p1a: Arceus\n|-damage|p1a: Arceus|5\/100\n|-boost|p2a: Cyclizar|spe|1\n|-sideend|p2: ItsmeBlankKnight|Stealth Rock|[from] move: Rapid Spin|[of] p2a: Cyclizar\n|move|p1a: Arceus|Flare Blitz|p2a: Cyclizar\n|-resisted|p2a: Cyclizar\n|-damage|p2a: Cyclizar|0 fnt\n|faint|p2a: Cyclizar\n|-damage|p1a: Arceus|0 fnt|[from] Recoil\n|faint|p1a: Arceus\n|\n|-weather|SunnyDay|[upkeep]\n|upkeep\n|c|\u2606ItsmeBlankKnight|welp\n|c|\u2606ItsmeBlankKnight|uh\n|c|\u2606ItsmeBlankKnight|thats bd\n|\n|t:|1699828816\n|switch|p2a: Espathra|Espathra, F|100\/100\n|switch|p1a: Rillaboom|Rillaboom, M|100\/100\n|-fieldstart|move: Grassy Terrain|[from] ability: Grassy Surge|[of] p1a: Rillaboom\n|turn|7\n|\n|t:|1699828819\n|move|p2a: Espathra|Protect|p2a: Espathra\n|-singleturn|p2a: Espathra|Protect\n|move|p1a: Rillaboom|U-turn|p2a: Espathra\n|-activate|p2a: Espathra|move: Protect\n|\n|-weather|SunnyDay|[upkeep]\n|-ability|p2a: Espathra|Speed Boost|boost\n|-boost|p2a: Espathra|spe|1\n|upkeep\n|turn|8\n|\n|t:|1699828822\n|move|p2a: Espathra|Substitute|p2a: Espathra\n|-start|p2a: Espathra|Substitute\n|-damage|p2a: Espathra|76\/100\n|move|p1a: Rillaboom|U-turn|p2a: Espathra\n|-supereffective|p2a: Espathra\n|-end|p2a: Espathra|Substitute\n|\n|t:|1699828825\n|switch|p1a: Dialga|Dialga|100\/100|[from] U-turn\n|-ability|p1a: Dialga|Pressure\n|\n|-weather|SunnyDay|[upkeep]\n|-heal|p2a: Espathra|82\/100|[from] Grassy Terrain\n|-heal|p2a: Espathra|88\/100|[from] item: Leftovers\n|-ability|p2a: Espathra|Speed Boost|boost\n|-boost|p2a: Espathra|spe|1\n|upkeep\n|turn|9\n|\n|t:|1699828827\n|move|p2a: Espathra|Substitute|p2a: Espathra\n|-start|p2a: Espathra|Substitute\n|-damage|p2a: Espathra|63\/100\n|move|p1a: Dialga|Stealth Rock|p2a: Espathra\n|-sidestart|p2: ItsmeBlankKnight|move: Stealth Rock\n|\n|-weather|SunnyDay|[upkeep]\n|-heal|p2a: Espathra|69\/100|[from] Grassy Terrain\n|-heal|p2a: Espathra|75\/100|[from] item: Leftovers\n|-ability|p2a: Espathra|Speed Boost|boost\n|-boost|p2a: Espathra|spe|1\n|upkeep\n|turn|10\n|\n|t:|1699828831\n|move|p2a: Espathra|Calm Mind|p2a: Espathra\n|-boost|p2a: Espathra|spa|1\n|-boost|p2a: Espathra|spd|1\n|move|p1a: Dialga|Roar|p2a: Espathra\n|drag|p2a: Regidrago|Regidrago|100\/100\n|-damage|p2a: Regidrago|88\/100|[from] Stealth Rock\n|\n|-weather|SunnyDay|[upkeep]\n|-heal|p2a: Regidrago|94\/100|[from] Grassy Terrain\n|upkeep\n|turn|11\n|\n|t:|1699828836\n|move|p2a: Regidrago|Dragon Energy|p1a: Dialga\n|-damage|p1a: Dialga|29\/100\n|move|p1a: Dialga|Draco Meteor|p2a: Regidrago\n|-supereffective|p2a: Regidrago\n|-damage|p2a: Regidrago|0 fnt\n|-unboost|p1a: Dialga|spa|2\n|faint|p2a: Regidrago\n|\n|-weather|none\n|-heal|p1a: Dialga|35\/100|[from] Grassy Terrain\n|-heal|p1a: Dialga|41\/100|[from] item: Leftovers\n|upkeep\n|c|\u2606ItsmeBlankKnight|well shit\n|\n|t:|1699828846\n|switch|p2a: Chi-Yu|Chi-Yu, tera:Fire|100\/100\n|-damage|p2a: Chi-Yu|76\/100|[from] Stealth Rock\n|-ability|p2a: Chi-Yu|Beads of Ruin\n|turn|12\n|\n|t:|1699828850\n|move|p2a: Chi-Yu|Flamethrower|p1a: Dialga\n|-damage|p1a: Dialga|0 fnt\n|faint|p1a: Dialga\n|\n|-heal|p2a: Chi-Yu|82\/100|[from] Grassy Terrain\n|upkeep\n|\n|t:|1699828856\n|switch|p1a: Alomomola|Alomomola, M|100\/100\n|turn|13\n|\n|t:|1699828858\n|move|p2a: Chi-Yu|Flamethrower|p1a: Alomomola\n|-resisted|p1a: Alomomola\n|-damage|p1a: Alomomola|19\/100\n|move|p1a: Alomomola|Mirror Coat|p2a: Chi-Yu\n|-damage|p2a: Chi-Yu|0 fnt\n|faint|p2a: Chi-Yu\n|\n|-heal|p1a: Alomomola|25\/100|[from] Grassy Terrain\n|upkeep\n|\n|t:|1699828861\n|switch|p2a: Espathra|Espathra, F|75\/100\n|-damage|p2a: Espathra|63\/100|[from] Stealth Rock\n|turn|14\n|\n|t:|1699828884\n|switch|p1a: Sneasler|Sneasler, F|100\/100\n|-enditem|p1a: Sneasler|Grassy Seed\n|-boost|p1a: Sneasler|def|1|[from] item: Grassy Seed\n|move|p2a: Espathra|Substitute|p2a: Espathra\n|-start|p2a: Espathra|Substitute\n|-damage|p2a: Espathra|38\/100\n|\n|-heal|p2a: Espathra|44\/100|[from] Grassy Terrain\n|-heal|p2a: Espathra|50\/100|[from] item: Leftovers\n|-fieldend|move: Grassy Terrain\n|-ability|p2a: Espathra|Speed Boost|boost\n|-boost|p2a: Espathra|spe|1\n|upkeep\n|turn|15\n|\n|t:|1699828891\n|move|p2a: Espathra|Protect|p2a: Espathra\n|-singleturn|p2a: Espathra|Protect\n|move|p1a: Sneasler|Swords Dance|p1a: Sneasler\n|-boost|p1a: Sneasler|atk|2\n|\n|-heal|p2a: Espathra|56\/100|[from] item: Leftovers\n|-ability|p2a: Espathra|Speed Boost|boost\n|-boost|p2a: Espathra|spe|1\n|upkeep\n|turn|16\n|\n|t:|1699828895\n|-terastallize|p1a: Sneasler|Flying\n|move|p2a: Espathra|Stored Power|p1a: Sneasler\n|-damage|p1a: Sneasler|67\/100\n|move|p1a: Sneasler|Acrobatics|p2a: Espathra\n|-crit|p2a: Espathra\n|-end|p2a: Espathra|Substitute\n|\n|-heal|p2a: Espathra|62\/100|[from] item: Leftovers\n|-ability|p2a: Espathra|Speed Boost|boost\n|-boost|p2a: Espathra|spe|1\n|upkeep\n|turn|17\n|\n|t:|1699828899\n|move|p2a: Espathra|Protect|p2a: Espathra\n|-singleturn|p2a: Espathra|Protect\n|move|p1a: Sneasler|Acrobatics|p2a: Espathra\n|-activate|p2a: Espathra|move: Protect\n|\n|-heal|p2a: Espathra|68\/100|[from] item: Leftovers\n|-ability|p2a: Espathra|Speed Boost|boost\n|-boost|p2a: Espathra|spe|1\n|upkeep\n|turn|18\n|\n|t:|1699828902\n|move|p2a: Espathra|Substitute|p2a: Espathra\n|-start|p2a: Espathra|Substitute\n|-damage|p2a: Espathra|43\/100\n|move|p1a: Sneasler|Acrobatics|p2a: Espathra\n|-end|p2a: Espathra|Substitute\n|\n|-heal|p2a: Espathra|49\/100|[from] item: Leftovers\n|-ability|p2a: Espathra|Speed Boost|boost\n|-boost|p2a: Espathra|spe|1\n|upkeep\n|turn|19\n|\n|t:|1699828904\n|move|p2a: Espathra|Protect|p2a: Espathra\n|-singleturn|p2a: Espathra|Protect\n|move|p1a: Sneasler|Acrobatics|p2a: Espathra\n|-activate|p2a: Espathra|move: Protect\n|\n|-heal|p2a: Espathra|55\/100|[from] item: Leftovers\n|-ability|p2a: Espathra|Speed Boost|boost\n|-boost|p2a: Espathra|spe|1\n|upkeep\n|turn|20\n|\n|t:|1699828907\n|move|p2a: Espathra|Stored Power|p1a: Sneasler\n|-damage|p1a: Sneasler|0 fnt\n|faint|p1a: Sneasler\n|\n|-heal|p2a: Espathra|62\/100|[from] item: Leftovers\n|upkeep\n|\n|t:|1699828912\n|switch|p1a: Rillaboom|Rillaboom, M|100\/100\n|-fieldstart|move: Grassy Terrain|[from] ability: Grassy Surge|[of] p1a: Rillaboom\n|turn|21\n|\n|t:|1699828914\n|move|p2a: Espathra|Protect|p2a: Espathra\n|-singleturn|p2a: Espathra|Protect\n|move|p1a: Rillaboom|Knock Off|p2a: Espathra\n|-activate|p2a: Espathra|move: Protect\n|\n|-heal|p2a: Espathra|68\/100|[from] Grassy Terrain\n|-heal|p2a: Espathra|74\/100|[from] item: Leftovers\n|upkeep\n|turn|22\n|\n|t:|1699828917\n|move|p2a: Espathra|Substitute|p2a: Espathra\n|-start|p2a: Espathra|Substitute\n|-damage|p2a: Espathra|49\/100\n|move|p1a: Rillaboom|Knock Off|p2a: Espathra\n|-supereffective|p2a: Espathra\n|-end|p2a: Espathra|Substitute\n|\n|-heal|p2a: Espathra|55\/100|[from] Grassy Terrain\n|-heal|p2a: Espathra|61\/100|[from] item: Leftovers\n|upkeep\n|turn|23\n|\n|t:|1699828920\n|move|p2a: Espathra|Protect|p2a: Espathra\n|-singleturn|p2a: Espathra|Protect\n|move|p1a: Rillaboom|Knock Off|p2a: Espathra\n|-activate|p2a: Espathra|move: Protect\n|\n|-heal|p2a: Espathra|67\/100|[from] Grassy Terrain\n|-heal|p2a: Espathra|73\/100|[from] item: Leftovers\n|upkeep\n|turn|24\n|\n|t:|1699828922\n|move|p2a: Espathra|Substitute|p2a: Espathra\n|-start|p2a: Espathra|Substitute\n|-damage|p2a: Espathra|48\/100\n|move|p1a: Rillaboom|Knock Off|p2a: Espathra\n|-supereffective|p2a: Espathra\n|-end|p2a: Espathra|Substitute\n|\n|-heal|p2a: Espathra|54\/100|[from] Grassy Terrain\n|-heal|p2a: Espathra|60\/100|[from] item: Leftovers\n|upkeep\n|turn|25\n|\n|t:|1699828925\n|move|p2a: Espathra|Protect|p2a: Espathra\n|-singleturn|p2a: Espathra|Protect\n|move|p1a: Rillaboom|Knock Off|p2a: Espathra\n|-activate|p2a: Espathra|move: Protect\n|\n|-heal|p2a: Espathra|66\/100|[from] Grassy Terrain\n|-heal|p2a: Espathra|72\/100|[from] item: Leftovers\n|upkeep\n|turn|26\n|\n|t:|1699828928\n|move|p2a: Espathra|Stored Power|p1a: Rillaboom\n|-damage|p1a: Rillaboom|14\/100\n|move|p1a: Rillaboom|Knock Off|p2a: Espathra\n|-supereffective|p2a: Espathra\n|-damage|p2a: Espathra|0 fnt\n|-enditem|p2a: Espathra|Leftovers|[from] move: Knock Off|[of] p1a: Rillaboom\n|faint|p2a: Espathra\n|\n|-heal|p1a: Rillaboom|20\/100|[from] Grassy Terrain\n|upkeep\n|\n|t:|1699828931\n|switch|p2a: Houndstone|Houndstone, F|100\/100\n|-damage|p2a: Houndstone|88\/100|[from] Stealth Rock\n|turn|27\n|\n|t:|1699828941\n|move|p1a: Rillaboom|Grassy Glide|p2a: Houndstone\n|-damage|p2a: Houndstone|68\/100\n|move|p2a: Houndstone|Trick|p1a: Rillaboom\n|-activate|p2a: Houndstone|move: Trick|[of] p1a: Rillaboom\n|-item|p1a: Rillaboom|Choice Band|[from] move: Trick\n|-item|p2a: Houndstone|Terrain Extender|[from] move: Trick\n|\n|-heal|p1a: Rillaboom|26\/100|[from] Grassy Terrain\n|-heal|p2a: Houndstone|74\/100|[from] Grassy Terrain\n|upkeep\n|turn|28\n|\n|t:|1699828947\n|move|p2a: Houndstone|Shadow Sneak|p1a: Rillaboom\n|-damage|p1a: Rillaboom|8\/100\n|move|p1a: Rillaboom|Knock Off|p2a: Houndstone\n|-supereffective|p2a: Houndstone\n|-damage|p2a: Houndstone|24\/100\n|-enditem|p2a: Houndstone|Terrain Extender|[from] move: Knock Off|[of] p1a: Rillaboom\n|\n|-heal|p1a: Rillaboom|14\/100|[from] Grassy Terrain\n|-heal|p2a: Houndstone|30\/100|[from] Grassy Terrain\n|-fieldend|move: Grassy Terrain\n|upkeep\n|turn|29\n|\n|t:|1699828949\n|move|p2a: Houndstone|Shadow Sneak|p1a: Rillaboom\n|-damage|p1a: Rillaboom|0 fnt\n|faint|p1a: Rillaboom\n|\n|upkeep\n|\n|t:|1699828956\n|switch|p1a: Alomomola|Alomomola, M|58\/100\n|turn|30\n|\n|t:|1699828958\n|move|p2a: Houndstone|Last Respects|p1a: Alomomola\n|-damage|p1a: Alomomola|0 fnt\n|faint|p1a: Alomomola\n|\n|upkeep\n|\n|t:|1699828960\n|switch|p1a: Espathra|Espathra, M|100\/100\n|turn|31\n|\n|t:|1699828962\n|move|p1a: Espathra|Protect|p1a: Espathra\n|-singleturn|p1a: Espathra|Protect\n|move|p2a: Houndstone|Shadow Sneak|p1a: Espathra\n|-activate|p1a: Espathra|move: Protect\n|\n|-ability|p1a: Espathra|Speed Boost|boost\n|-boost|p1a: Espathra|spe|1\n|upkeep\n|turn|32\n|\n|t:|1699828966\n|move|p2a: Houndstone|Shadow Sneak|p1a: Espathra\n|-supereffective|p1a: Espathra\n|-damage|p1a: Espathra|62\/100\n|move|p1a: Espathra|Stored Power|p2a: Houndstone\n|-damage|p2a: Houndstone|16\/100\n|\n|-ability|p1a: Espathra|Speed Boost|boost\n|-boost|p1a: Espathra|spe|1\n|upkeep\n|turn|33\n|\n|t:|1699828970\n|move|p1a: Espathra|Protect|p1a: Espathra\n|-singleturn|p1a: Espathra|Protect\n|move|p2a: Houndstone|Last Respects|p1a: Espathra\n|-activate|p1a: Espathra|move: Protect\n|\n|-ability|p1a: Espathra|Speed Boost|boost\n|-boost|p1a: Espathra|spe|1\n|upkeep\n|turn|34\n|\n|t:|1699828973\n|move|p1a: Espathra|Stored Power|p2a: Houndstone\n|-damage|p2a: Houndstone|0 fnt\n|faint|p2a: Houndstone\n|\n|win|babynogalXD\n|c|\u2606babynogalXD|gg\n|c|\u2606ItsmeBlankKnight|gg\n","uploadtime":1699828981,"views":18,"p1id":"babynogalxd","p2id":"itsmeblankknight","formatid":"gen9ubers","rating":0,"private":0,"password":""}