{"id":"gen9ubers-1988218220","p1":"Pickedman","p2":"Dragon Master Rosa","format":"[Gen 9] Ubers","log":"|j|\u2606Pickedman\n|j|\u2606Dragon Master Rosa\n|t:|1699687528\n|gametype|singles\n|player|p1|Pickedman|zinnia|\n|player|p2|Dragon Master Rosa|dragontamer-gen9|\n|teamsize|p1|6\n|teamsize|p2|6\n|gen|9\n|tier|[Gen 9] Ubers\n|rule|Sleep Clause Mod: Limit one foe put to sleep\n|rule|Species Clause: Limit one of each Pok\u00e9mon\n|rule|OHKO Clause: OHKO moves are banned\n|rule|Evasion Items Clause: Evasion items are banned\n|rule|Evasion Moves Clause: Evasion moves are banned\n|rule|Endless Battle Clause: Forcing endless battles is banned\n|rule|HP Percentage Mod: HP is shown in percentages\n|clearpoke\n|poke|p1|Landorus-Therian, M|\n|poke|p1|Thundurus, M|\n|poke|p1|Braviary-Hisui, M|\n|poke|p1|Koraidon|\n|poke|p1|Walking Wake|\n|poke|p1|Slowking-Galar, M|\n|poke|p2|Palafin, F|\n|poke|p2|Slowking-Galar, F|\n|poke|p2|Greninja-*, F|\n|poke|p2|Moltres|\n|poke|p2|Weezing-Galar, F|\n|poke|p2|Zoroark-Hisui, F|\n|teampreview\n|c|\u2606Pickedman|glhf\n|c|\u2606Dragon Master Rosa|glhf\n|\n|t:|1699687626\n|start\n|switch|p1a: Thundurus|Thundurus, M|100\/100\n|switch|p2a: Weezing|Weezing-Galar, F|100\/100\n|turn|1\n|\n|t:|1699687632\n|move|p1a: Thundurus|Thunder Wave|p2a: Weezing|[miss]\n|-miss|p1a: Thundurus|p2a: Weezing\n|move|p2a: Weezing|Strange Steam|p1a: Thundurus\n|-damage|p1a: Thundurus|63\/100\n|\n|upkeep\n|turn|2\n|\n|t:|1699687641\n|move|p1a: Thundurus|U-turn|p2a: Weezing\n|-resisted|p2a: Weezing\n|-damage|p2a: Weezing|97\/100\n|\n|t:|1699687644\n|switch|p1a: Slowking|Slowking-Galar, M|100\/100|[from] U-turn\n|move|p2a: Weezing|Strange Steam|p1a: Slowking\n|-resisted|p1a: Slowking\n|-damage|p1a: Slowking|93\/100\n|\n|-heal|p2a: Weezing|100\/100|[from] item: Leftovers\n|upkeep\n|turn|3\n|\n|t:|1699687648\n|switch|p2a: Slowking|Slowking-Galar, F|100\/100\n|move|p1a: Slowking|Chilly Reception|p1a: Slowking\n|-weather|Snow\n|\n|t:|1699687654\n|switch|p1a: Koraidon|Koraidon|100\/100|[from] Chilly Reception\n|-weather|SunnyDay|[from] ability: Orichalcum Pulse|[of] p1a: Koraidon\n|-activate|p1a: Koraidon|Orichalcum Pulse|[source]\n|\n|-weather|SunnyDay|[upkeep]\n|upkeep\n|turn|4\n|\n|t:|1699687659\n|move|p1a: Koraidon|Fire Spin|p2a: Slowking|[miss]\n|-miss|p1a: Koraidon|p2a: Slowking\n|move|p2a: Slowking|Chilly Reception|p2a: Slowking\n|-weather|Snow\n|\n|t:|1699687670\n|switch|p2a: Palafin|Palafin, F|100\/100|[from] Chilly Reception\n|\n|-weather|Snow|[upkeep]\n|upkeep\n|turn|5\n|\n|t:|1699687702\n|move|p1a: Koraidon|Fire Spin|p2a: Palafin\n|-resisted|p2a: Palafin\n|-damage|p2a: Palafin|93\/100\n|-activate|p2a: Palafin|move: Fire Spin|[of] p1a: Koraidon\n|move|p2a: Palafin|Draining Kiss|p1a: Koraidon\n|-supereffective|p1a: Koraidon\n|-damage|p1a: Koraidon|40\/100\n|-heal|p2a: Palafin|100\/100|[from] drain|[of] p1a: Koraidon\n|\n|-weather|Snow|[upkeep]\n|-heal|p1a: Koraidon|46\/100|[from] item: Leftovers\n|-damage|p2a: Palafin|88\/100|[from] move: Fire Spin|[partiallytrapped]\n|upkeep\n|turn|6\n|\n|t:|1699687721\n|switch|p1a: Slowking|Slowking-Galar, M|100\/100\n|move|p2a: Palafin|Draining Kiss|p1a: Slowking\n|-resisted|p1a: Slowking\n|-damage|p1a: Slowking|96\/100\n|-heal|p2a: Palafin|92\/100|[from] drain|[of] p1a: Slowking\n|\n|-weather|Snow|[upkeep]\n|-end|p2a: Palafin|Fire Spin|[partiallytrapped]|[silent]\n|upkeep\n|turn|7\n|\n|t:|1699687729\n|detailschange|p2a: Palafin|Palafin-Hero, F\n|switch|p2a: Slowking|Slowking-Galar, F|100\/100\n|move|p1a: Slowking|Chilly Reception|p1a: Slowking\n|\n|t:|1699687738\n|switch|p1a: Thundurus|Thundurus, M|63\/100|[from] Chilly Reception\n|\n|-weather|Snow|[upkeep]\n|upkeep\n|turn|8\n|\n|t:|1699687744\n|move|p1a: Thundurus|Crunch|p2a: Slowking\n|-supereffective|p2a: Slowking\n|-damage|p2a: Slowking|49\/100\n|move|p2a: Slowking|Toxic|p1a: Thundurus\n|-status|p1a: Thundurus|tox\n|\n|-weather|none\n|-heal|p2a: Slowking|55\/100|[from] item: Leftovers\n|-damage|p1a: Thundurus|57\/100 tox|[from] psn\n|upkeep\n|turn|9\n|\n|t:|1699687750\n|switch|p2a: Moltres|Moltres|100\/100\n|move|p1a: Thundurus|Crunch|p2a: Moltres\n|-damage|p2a: Moltres|83\/100\n|\n|-damage|p1a: Thundurus|45\/100 tox|[from] psn\n|upkeep\n|turn|10\n|\n|t:|1699687758\n|move|p1a: Thundurus|Thunder Wave|p2a: Moltres\n|-status|p2a: Moltres|par\n|move|p2a: Moltres|U-turn|p1a: Thundurus\n|-resisted|p1a: Thundurus\n|-damage|p1a: Thundurus|32\/100 tox\n|\n|t:|1699687766\n|switch|p2a: Palafin|Palafin-Hero, F|100\/100|[from] U-turn\n|\n|-damage|p1a: Thundurus|14\/100 tox|[from] psn\n|upkeep\n|turn|11\n|\n|t:|1699687795\n|switch|p2a: Moltres|Moltres|83\/100 par\n|move|p1a: Thundurus|Thunder Wave|p2a: Moltres\n|-fail|p2a: Moltres|par\n|\n|-damage|p1a: Thundurus|0 fnt|[from] psn\n|faint|p1a: Thundurus\n|upkeep\n|\n|t:|1699687810\n|switch|p1a: Koraidon|Koraidon|46\/100\n|-weather|SunnyDay|[from] ability: Orichalcum Pulse|[of] p1a: Koraidon\n|-activate|p1a: Koraidon|Orichalcum Pulse|[source]\n|turn|12\n|\n|t:|1699687818\n|move|p1a: Koraidon|Focus Blast|p2a: Moltres\n|-resisted|p2a: Moltres\n|-damage|p2a: Moltres|57\/100 par\n|move|p2a: Moltres|Roost|p2a: Moltres\n|-heal|p2a: Moltres|100\/100 par\n|-singleturn|p2a: Moltres|move: Roost\n|\n|-weather|SunnyDay|[upkeep]\n|-heal|p1a: Koraidon|52\/100|[from] item: Leftovers\n|upkeep\n|turn|13\n|\n|t:|1699687824\n|move|p1a: Koraidon|Taunt|p2a: Moltres\n|-start|p2a: Moltres|move: Taunt\n|move|p2a: Moltres|Flare Blitz|p1a: Koraidon\n|-resisted|p1a: Koraidon\n|-damage|p1a: Koraidon|25\/100\n|-damage|p2a: Moltres|93\/100 par|[from] Recoil\n|\n|-weather|SunnyDay|[upkeep]\n|-heal|p1a: Koraidon|32\/100|[from] item: Leftovers\n|upkeep\n|turn|14\n|\n|t:|1699687831\n|move|p1a: Koraidon|Focus Blast|p2a: Moltres\n|-resisted|p2a: Moltres\n|-damage|p2a: Moltres|70\/100 par\n|move|p2a: Moltres|U-turn|p1a: Koraidon\n|-resisted|p1a: Koraidon\n|-damage|p1a: Koraidon|24\/100\n|\n|t:|1699687854\n|switch|p2a: Greninja|Greninja, F|100\/100|[from] U-turn\n|\n|-weather|SunnyDay|[upkeep]\n|-heal|p1a: Koraidon|30\/100|[from] item: Leftovers\n|upkeep\n|turn|15\n|\n|t:|1699687875\n|switch|p2a: Moltres|Moltres|70\/100 par\n|move|p1a: Koraidon|Focus Blast|p2a: Moltres|[miss]\n|-miss|p1a: Koraidon|p2a: Moltres\n|\n|-weather|SunnyDay|[upkeep]\n|-heal|p1a: Koraidon|36\/100|[from] item: Leftovers\n|upkeep\n|turn|16\n|\n|t:|1699687890\n|switch|p1a: Walking Wake|Walking Wake|100\/100\n|-activate|p1a: Walking Wake|ability: Protosynthesis\n|-start|p1a: Walking Wake|protosynthesisspe\n|cant|p2a: Moltres|par\n|\n|-weather|none\n|-end|p1a: Walking Wake|Protosynthesis\n|upkeep\n|turn|17\n|\n|t:|1699687898\n|move|p1a: Walking Wake|Hone Claws|p1a: Walking Wake\n|-boost|p1a: Walking Wake|atk|1\n|-boost|p1a: Walking Wake|accuracy|1\n|cant|p2a: Moltres|par\n|\n|upkeep\n|turn|18\n|\n|t:|1699687904\n|move|p1a: Walking Wake|Liquidation|p2a: Moltres\n|-supereffective|p2a: Moltres\n|-damage|p2a: Moltres|0 fnt\n|faint|p2a: Moltres\n|-damage|p1a: Walking Wake|91\/100|[from] item: Life Orb\n|\n|upkeep\n|c|\u2606Pickedman|skill\n|\n|t:|1699687960\n|switch|p2a: Slowking|Slowking-Galar, F|88\/100\n|turn|19\n|\n|t:|1699688005\n|switch|p2a: Weezing|Weezing-Galar, F|100\/100\n|move|p1a: Walking Wake|Crunch|p2a: Weezing\n|-resisted|p2a: Weezing\n|-damage|p2a: Weezing|86\/100\n|-damage|p1a: Walking Wake|81\/100|[from] item: Life Orb\n|\n|-heal|p2a: Weezing|92\/100|[from] item: Leftovers\n|upkeep\n|turn|20\n|\n|t:|1699688017\n|move|p1a: Walking Wake|Liquidation|p2a: Weezing\n|-damage|p2a: Weezing|48\/100\n|-damage|p1a: Walking Wake|71\/100|[from] item: Life Orb\n|move|p2a: Weezing|Strange Steam|p1a: Walking Wake\n|-supereffective|p1a: Walking Wake\n|-damage|p1a: Walking Wake|8\/100\n|\n|-heal|p2a: Weezing|54\/100|[from] item: Leftovers\n|upkeep\n|turn|21\n|\n|t:|1699688032\n|switch|p2a: Slowking|Slowking-Galar, F|100\/100\n|move|p1a: Walking Wake|Liquidation|p2a: Slowking\n|-damage|p2a: Slowking|38\/100\n|-damage|p1a: Walking Wake|0 fnt|[from] item: Life Orb\n|faint|p1a: Walking Wake\n|-end|p1a: Walking Wake|Protosynthesis|[silent]\n|\n|-heal|p2a: Slowking|44\/100|[from] item: Leftovers\n|upkeep\n|\n|t:|1699688041\n|switch|p1a: Slowking|Slowking-Galar, M|100\/100\n|turn|22\n|\n|t:|1699688050\n|-terastallize|p1a: Slowking|Ground\n|move|p1a: Slowking|Earthquake|p2a: Slowking\n|-supereffective|p2a: Slowking\n|-damage|p2a: Slowking|0 fnt\n|faint|p2a: Slowking\n|\n|upkeep\n|\n|t:|1699688061\n|switch|p2a: Greninja|Greninja, F|100\/100\n|turn|23\n|\n|t:|1699688065\n|switch|p1a: Koraidon|Koraidon|36\/100\n|-weather|SunnyDay|[from] ability: Orichalcum Pulse|[of] p1a: Koraidon\n|-activate|p1a: Koraidon|Orichalcum Pulse|[source]\n|move|p2a: Greninja|U-turn|p1a: Koraidon\n|-start|p2a: Greninja|typechange|Bug|[from] ability: Protean\n|-resisted|p1a: Koraidon\n|-damage|p1a: Koraidon|16\/100\n|\n|t:|1699688072\n|switch|p2a: Weezing|Weezing-Galar, F|54\/100|[from] U-turn\n|\n|-weather|SunnyDay|[upkeep]\n|-heal|p1a: Koraidon|22\/100|[from] item: Leftovers\n|-heal|p2a: Weezing|60\/100|[from] item: Leftovers\n|upkeep\n|turn|24\n|\n|t:|1699688080\n|move|p1a: Koraidon|Flamethrower|p2a: Weezing\n|-damage|p2a: Weezing|11\/100\n|move|p2a: Weezing|Strange Steam|p1a: Koraidon\n|-supereffective|p1a: Koraidon\n|-damage|p1a: Koraidon|0 fnt\n|faint|p1a: Koraidon\n|\n|-weather|SunnyDay|[upkeep]\n|-heal|p2a: Weezing|17\/100|[from] item: Leftovers\n|upkeep\n|\n|t:|1699688086\n|switch|p1a: Landorus|Landorus-Therian, M|100\/100\n|-ability|p1a: Landorus|Intimidate|boost\n|-unboost|p2a: Weezing|atk|1\n|turn|25\n|\n|t:|1699688093\n|move|p1a: Landorus|Nasty Plot|p1a: Landorus\n|-boost|p1a: Landorus|spa|2\n|move|p2a: Weezing|Pain Split|p1a: Landorus\n|-sethp|p1a: Landorus|59\/100|[from] move: Pain Split|[silent]\n|-sethp|p2a: Weezing|56\/100|[from] move: Pain Split\n|\n|-weather|SunnyDay|[upkeep]\n|-heal|p1a: Landorus|65\/100|[from] item: Leftovers\n|-heal|p2a: Weezing|62\/100|[from] item: Leftovers\n|upkeep\n|turn|26\n|\n|t:|1699688096\n|move|p1a: Landorus|Tera Blast|p2a: Weezing\n|-damage|p2a: Weezing|0 fnt\n|faint|p2a: Weezing\n|\n|-weather|SunnyDay|[upkeep]\n|-heal|p1a: Landorus|71\/100|[from] item: Leftovers\n|upkeep\n|\n|t:|1699688101\n|switch|p2a: Palafin|Palafin-Hero, F|92\/100\n|-activate|p2a: Palafin|ability: Zero to Hero\n|turn|27\n|\n|t:|1699688106\n|move|p2a: Palafin|Ice Beam|p1a: Landorus\n|-supereffective|p1a: Landorus\n|-damage|p1a: Landorus|0 fnt\n|faint|p1a: Landorus\n|\n|-weather|none\n|upkeep\n|\n|t:|1699688117\n|switch|p1a: Slowking|Slowking-Galar, M, tera:Ground|100\/100\n|turn|28\n|\n|t:|1699688123\n|move|p2a: Palafin|Ice Beam|p1a: Slowking\n|-supereffective|p1a: Slowking\n|-damage|p1a: Slowking|49\/100\n|move|p1a: Slowking|Earthquake|p2a: Palafin\n|-damage|p2a: Palafin|68\/100\n|\n|upkeep\n|turn|29\n|\n|t:|1699688131\n|move|p2a: Palafin|Ice Beam|p1a: Slowking\n|-supereffective|p1a: Slowking\n|-damage|p1a: Slowking|3\/100\n|move|p1a: Slowking|Slack Off|p1a: Slowking\n|-heal|p1a: Slowking|53\/100\n|\n|upkeep\n|turn|30\n|c|\u2606Pickedman|ggwp\n|c|\u2606Dragon Master Rosa|ggwp\n|\n|t:|1699688137\n|move|p2a: Palafin|Ice Beam|p1a: Slowking\n|-supereffective|p1a: Slowking\n|-damage|p1a: Slowking|7\/100\n|move|p1a: Slowking|Slack Off|p1a: Slowking\n|-heal|p1a: Slowking|57\/100\n|\n|upkeep\n|turn|31\n|\n|t:|1699688143\n|move|p2a: Palafin|Ice Beam|p1a: Slowking\n|-supereffective|p1a: Slowking\n|-damage|p1a: Slowking|6\/100\n|move|p1a: Slowking|Earthquake|p2a: Palafin\n|-damage|p2a: Palafin|42\/100\n|\n|upkeep\n|turn|32\n|\n|t:|1699688149\n|move|p2a: Palafin|Ice Beam|p1a: Slowking\n|-supereffective|p1a: Slowking\n|-damage|p1a: Slowking|0 fnt\n|faint|p1a: Slowking\n|\n|upkeep\n|\n|t:|1699688151\n|switch|p1a: Braviary|Braviary-Hisui, M|100\/100\n|turn|33\n|\n|t:|1699688154\n|move|p2a: Palafin|Ice Beam|p1a: Braviary\n|-supereffective|p1a: Braviary\n|-damage|p1a: Braviary|40\/100\n|move|p1a: Braviary|Brave Bird|p2a: Palafin\n|-damage|p2a: Palafin|7\/100\n|-damage|p1a: Braviary|30\/100|[from] Recoil\n|\n|upkeep\n|turn|34\n|\n|t:|1699688161\n|move|p2a: Palafin|Ice Beam|p1a: Braviary\n|-supereffective|p1a: Braviary\n|-damage|p1a: Braviary|0 fnt\n|faint|p1a: Braviary\n|\n|win|Dragon Master Rosa\n|c|\u2606Dragon Master Rosa|good bo5\n|c|\u2606Pickedman|mhm\n|l|\u2606Pickedman\n","uploadtime":1699688175,"views":8,"p1id":"pickedman","p2id":"dragonmasterrosa","formatid":"gen9ubers","rating":0,"private":0,"password":""}