{"id":"gen9ubers-1998240270","p1":"Anne Frankkkk","p2":"huge mountain","format":"[Gen 9] Ubers","log":"|j|\u2606Anne Frankkkk\n|j|\u2606huge mountain\n|t:|1700918298\n|gametype|singles\n|player|p1|Anne Frankkkk|hilbert|1236\n|player|p2|huge mountain|ltsurge|1094\n|teamsize|p1|6\n|teamsize|p2|6\n|gen|9\n|tier|[Gen 9] Ubers\n|rated|\n|rule|Sleep Clause Mod: Limit one foe put to sleep\n|rule|Species Clause: Limit one of each Pok\u00e9mon\n|rule|OHKO Clause: OHKO moves are banned\n|rule|Evasion Items Clause: Evasion items are banned\n|rule|Evasion Moves Clause: Evasion moves are banned\n|rule|Endless Battle Clause: Forcing endless battles is banned\n|rule|HP Percentage Mod: HP is shown in percentages\n|clearpoke\n|poke|p1|Regieleki|\n|poke|p1|Kyogre|\n|poke|p1|Chien-Pao|\n|poke|p1|Ribombee, M|\n|poke|p1|Miraidon|\n|poke|p1|Flutter Mane|\n|poke|p2|Corviknight, M|\n|poke|p2|Ting-Lu|\n|poke|p2|Skeledirge, F|\n|poke|p2|Blissey, F|\n|poke|p2|Miraidon|\n|poke|p2|Gothitelle, M|\n|teampreview\n|inactive|Battle timer is ON: inactive players will automatically lose when time's up. (requested by huge mountain)\n|\n|t:|1700918314\n|start\n|switch|p1a: Moonblast|Ribombee, M, shiny|100\/100\n|switch|p2a: Skeledirge|Skeledirge, F|100\/100\n|turn|1\n|\n|t:|1700918319\n|move|p1a: Moonblast|Sticky Web|p2a: Skeledirge\n|-sidestart|p2: huge mountain|move: Sticky Web\n|move|p2a: Skeledirge|Torch Song|p1a: Moonblast\n|-supereffective|p1a: Moonblast\n|-enditem|p1a: Moonblast|Focus Sash\n|-damage|p1a: Moonblast|1\/100\n|-boost|p2a: Skeledirge|spa|1\n|\n|upkeep\n|turn|2\n|j| Laser Glace\n|\n|t:|1700918327\n|move|p1a: Moonblast|Stun Spore|p2a: Skeledirge\n|-status|p2a: Skeledirge|par\n|move|p2a: Skeledirge|Torch Song|p1a: Moonblast\n|-supereffective|p1a: Moonblast\n|-damage|p1a: Moonblast|0 fnt\n|-boost|p2a: Skeledirge|spa|1\n|faint|p1a: Moonblast\n|\n|upkeep\n|\n|t:|1700918335\n|switch|p1a: Misdreavius|Flutter Mane, shiny|100\/100\n|-enditem|p1a: Misdreavius|Booster Energy\n|-activate|p1a: Misdreavius|ability: Protosynthesis|[fromitem]\n|-start|p1a: Misdreavius|protosynthesisspe\n|turn|3\n|\n|t:|1700918344\n|switch|p2a: Corviknight|Corviknight, M|100\/100\n|-ability|p2a: Corviknight|Pressure\n|move|p1a: Misdreavius|Shadow Ball|p2a: Corviknight\n|-damage|p2a: Corviknight|61\/100\n|\n|upkeep\n|turn|4\n|\n|t:|1700918351\n|move|p1a: Misdreavius|Calm Mind|p1a: Misdreavius\n|-boost|p1a: Misdreavius|spa|1\n|-boost|p1a: Misdreavius|spd|1\n|move|p2a: Corviknight|Defog|p1a: Misdreavius\n|-unboost|p1a: Misdreavius|evasion|1\n|-sideend|p2: huge mountain|Sticky Web|[from] move: Defog|[of] p2a: Corviknight\n|\n|upkeep\n|turn|5\n|\n|t:|1700918357\n|move|p1a: Misdreavius|Calm Mind|p1a: Misdreavius\n|-boost|p1a: Misdreavius|spa|1\n|-boost|p1a: Misdreavius|spd|1\n|move|p2a: Corviknight|U-turn|p1a: Misdreavius\n|-resisted|p1a: Misdreavius\n|-damage|p1a: Misdreavius|93\/100\n|\n|t:|1700918365\n|switch|p2a: Ting-Lu|Ting-Lu|100\/100|[from] U-turn\n|-ability|p2a: Ting-Lu|Vessel of Ruin\n|\n|upkeep\n|turn|6\n|\n|t:|1700918368\n|move|p1a: Misdreavius|Moonblast|p2a: Ting-Lu\n|-supereffective|p2a: Ting-Lu\n|-damage|p2a: Ting-Lu|20\/100\n|move|p2a: Ting-Lu|Ruination|p1a: Misdreavius\n|-damage|p1a: Misdreavius|47\/100\n|\n|-heal|p2a: Ting-Lu|26\/100|[from] item: Leftovers\n|upkeep\n|turn|7\n|\n|t:|1700918376\n|-terastallize|p2a: Ting-Lu|Steel\n|move|p1a: Misdreavius|Moonblast|p2a: Ting-Lu\n|-resisted|p2a: Ting-Lu\n|-damage|p2a: Ting-Lu|6\/100\n|-unboost|p2a: Ting-Lu|spa|1\n|move|p2a: Ting-Lu|Earthquake|p1a: Misdreavius\n|-damage|p1a: Misdreavius|0 fnt\n|faint|p1a: Misdreavius\n|-end|p1a: Misdreavius|Protosynthesis|[silent]\n|\n|-heal|p2a: Ting-Lu|12\/100|[from] item: Leftovers\n|upkeep\n|\n|t:|1700918389\n|switch|p1a: Ice Cat|Chien-Pao|100\/100\n|-ability|p1a: Ice Cat|Sword of Ruin\n|turn|8\n|\n|t:|1700918400\n|move|p1a: Ice Cat|Swords Dance|p1a: Ice Cat\n|-boost|p1a: Ice Cat|atk|2\n|move|p2a: Ting-Lu|Earthquake|p1a: Ice Cat\n|-damage|p1a: Ice Cat|49\/100\n|\n|-heal|p2a: Ting-Lu|18\/100|[from] item: Leftovers\n|upkeep\n|turn|9\n|c|\u2606huge mountain|ok\n|\n|t:|1700918405\n|move|p1a: Ice Cat|Sacred Sword|p2a: Ting-Lu\n|-supereffective|p2a: Ting-Lu\n|-damage|p2a: Ting-Lu|0 fnt\n|faint|p2a: Ting-Lu\n|\n|upkeep\n|\n|t:|1700918408\n|switch|p2a: Skeledirge|Skeledirge, F|100\/100 par\n|turn|10\n|\n|t:|1700918413\n|move|p1a: Ice Cat|Sucker Punch|p2a: Skeledirge\n|-supereffective|p2a: Skeledirge\n|-damage|p2a: Skeledirge|38\/100 par\n|move|p2a: Skeledirge|Torch Song|p1a: Ice Cat\n|-supereffective|p1a: Ice Cat\n|-damage|p1a: Ice Cat|0 fnt\n|-boost|p2a: Skeledirge|spa|1\n|faint|p1a: Ice Cat\n|\n|upkeep\n|\n|t:|1700918423\n|switch|p1a: Cyber Lizard|Miraidon|100\/100\n|-fieldstart|move: Electric Terrain|[from] ability: Hadron Engine|[of] p1a: Cyber Lizard\n|-item|p1a: Cyber Lizard|Air Balloon\n|turn|11\n|\n|t:|1700918429\n|move|p1a: Cyber Lizard|Calm Mind|p1a: Cyber Lizard\n|-boost|p1a: Cyber Lizard|spa|1\n|-boost|p1a: Cyber Lizard|spd|1\n|move|p2a: Skeledirge|Earth Power|p1a: Cyber Lizard\n|-immune|p1a: Cyber Lizard\n|\n|upkeep\n|turn|12\n|\n|t:|1700918435\n|move|p1a: Cyber Lizard|Calm Mind|p1a: Cyber Lizard\n|-boost|p1a: Cyber Lizard|spa|1\n|-boost|p1a: Cyber Lizard|spd|1\n|cant|p2a: Skeledirge|par\n|\n|upkeep\n|turn|13\n|\n|t:|1700918440\n|move|p1a: Cyber Lizard|Electro Drift|p2a: Skeledirge\n|-damage|p2a: Skeledirge|0 fnt\n|faint|p2a: Skeledirge\n|\n|upkeep\n|\n|t:|1700918443\n|switch|p2a: Miraidon|Miraidon|100\/100\n|-activate|p2a: Miraidon|ability: Hadron Engine\n|turn|14\n|\n|t:|1700918446\n|move|p2a: Miraidon|Draco Meteor|p1a: Cyber Lizard\n|-supereffective|p1a: Cyber Lizard\n|-damage|p1a: Cyber Lizard|23\/100\n|-unboost|p2a: Miraidon|spa|2\n|-enditem|p1a: Cyber Lizard|Air Balloon\n|move|p1a: Cyber Lizard|Dragon Pulse|p2a: Miraidon\n|-supereffective|p2a: Miraidon\n|-damage|p2a: Miraidon|0 fnt\n|faint|p2a: Miraidon\n|\n|upkeep\n|\n|t:|1700918450\n|switch|p2a: Blissey|Blissey, F|100\/100\n|turn|15\n|n|\u203dhuge mountain|hugemountain\n|\n|t:|1700918459\n|move|p1a: Cyber Lizard|Electro Drift|p2a: Blissey\n|-damage|p2a: Blissey|43\/100\n|move|p2a: Blissey|Shadow Ball|p1a: Cyber Lizard\n|-damage|p1a: Cyber Lizard|16\/100\n|-unboost|p1a: Cyber Lizard|spd|1\n|\n|-fieldend|move: Electric Terrain\n|upkeep\n|turn|16\n|\n|t:|1700918469\n|move|p1a: Cyber Lizard|Electro Drift|p2a: Blissey\n|-damage|p2a: Blissey|10\/100\n|move|p2a: Blissey|Seismic Toss|p1a: Cyber Lizard\n|-damage|p1a: Cyber Lizard|0 fnt\n|faint|p1a: Cyber Lizard\n|\n|upkeep\n|\n|t:|1700918475\n|switch|p1a: Bzzzzt|Regieleki, shiny|100\/100\n|turn|17\n|\n|t:|1700918492\n|move|p1a: Bzzzzt|Rapid Spin|p2a: Blissey\n|-damage|p2a: Blissey|0 fnt\n|-boost|p1a: Bzzzzt|spe|1\n|faint|p2a: Blissey\n|\n|upkeep\n|\n|t:|1700918500\n|switch|p2a: Gothitelle|Gothitelle, M|100\/100\n|turn|18\n|\n|t:|1700918505\n|move|p1a: Bzzzzt|Thunder Cage|p2a: Gothitelle|[miss]\n|-miss|p1a: Bzzzzt|p2a: Gothitelle\n|move|p2a: Gothitelle|Trick|p1a: Bzzzzt\n|-activate|p2a: Gothitelle|move: Trick|[of] p1a: Bzzzzt\n|-item|p1a: Bzzzzt|Choice Specs|[from] move: Trick\n|-item|p2a: Gothitelle|Magnet|[from] move: Trick\n|\n|upkeep\n|turn|19\n|\n|t:|1700918516\n|move|p1a: Bzzzzt|Thunder Cage|p2a: Gothitelle\n|-damage|p2a: Gothitelle|26\/100\n|-activate|p2a: Gothitelle|move: Thunder Cage|[of] p1a: Bzzzzt\n|move|p2a: Gothitelle|Psychic|p1a: Bzzzzt\n|-damage|p1a: Bzzzzt|18\/100\n|\n|-damage|p2a: Gothitelle|13\/100|[from] move: Thunder Cage|[partiallytrapped]\n|upkeep\n|turn|20\n|\n|t:|1700918523\n|move|p1a: Bzzzzt|Thunder Cage|p2a: Gothitelle\n|-damage|p2a: Gothitelle|0 fnt\n|faint|p2a: Gothitelle\n|\n|upkeep\n|j|+Lasen\n|\n|t:|1700918526\n|switch|p2a: Corviknight|Corviknight, M|61\/100\n|-ability|p2a: Corviknight|Pressure\n|turn|21\n|\n|t:|1700918528\n|move|p1a: Bzzzzt|Thunder Cage|p2a: Corviknight\n|-supereffective|p2a: Corviknight\n|-damage|p2a: Corviknight|0 fnt\n|faint|p2a: Corviknight\n|\n|win|Anne Frankkkk\n|raw|Anne Frankkkk's rating: 1236 &rarr; <strong>1251<\/strong><br \/>(+15 for winning)\n|raw|huge mountain's rating: 1094 &rarr; <strong>1079<\/strong><br \/>(-15 for losing)\n|l|\u203dhuge mountain\n|l|\u2606Anne Frankkkk\n|l| Laser Glace\n|j|\u2606Anne Frankkkk\n|player|p1|Anne Frankkkk|hilbert\n","uploadtime":1700918531,"views":1,"p1id":"annefrankkkk","p2id":"hugemountain","formatid":"gen9ubers","rating":1079,"private":0,"password":""}