{"id":"gen9ubers-1995573378","p1":"LITLE0","p2":"LordRyuGamer","format":"[Gen 9] Ubers","log":"|j|\u2606LITLE0\n|j|\u2606LordRyuGamer\n|t:|1700584060\n|gametype|singles\n|player|p1|LITLE0|brock|1124\n|player|p2|LordRyuGamer|2|1000\n|teamsize|p1|6\n|teamsize|p2|6\n|gen|9\n|tier|[Gen 9] Ubers\n|rated|\n|rule|Sleep Clause Mod: Limit one foe put to sleep\n|rule|Species Clause: Limit one of each Pok\u00e9mon\n|rule|OHKO Clause: OHKO moves are banned\n|rule|Evasion Items Clause: Evasion items are banned\n|rule|Evasion Moves Clause: Evasion moves are banned\n|rule|Endless Battle Clause: Forcing endless battles is banned\n|rule|HP Percentage Mod: HP is shown in percentages\n|clearpoke\n|poke|p1|Amoonguss, M|\n|poke|p1|Ceruledge, F|\n|poke|p1|Cyclizar, M|\n|poke|p1|Dondozo, M|\n|poke|p1|Gliscor, M|\n|poke|p1|Zacian-*|\n|poke|p2|Glimmora, M|\n|poke|p2|Sneasler, M|\n|poke|p2|Clodsire, F|\n|poke|p2|Overqwil, M|\n|poke|p2|Weezing-Galar, M|\n|poke|p2|Salazzle, F|\n|teampreview\n|\n|t:|1700584067\n|start\n|switch|p1a: Cyclizar|Cyclizar, M|100\/100\n|switch|p2a: Glimmora|Glimmora, M|100\/100\n|turn|1\n|\n|t:|1700584075\n|move|p1a: Cyclizar|Taunt|p2a: Glimmora\n|-start|p2a: Glimmora|move: Taunt\n|move|p2a: Glimmora|Ancient Power|p1a: Cyclizar\n|-damage|p1a: Cyclizar|55\/100\n|\n|upkeep\n|turn|2\n|\n|t:|1700584083\n|move|p1a: Cyclizar|Shed Tail|p1a: Cyclizar\n|-start|p1a: Cyclizar|Substitute|[from] move: Shed Tail\n|-damage|p1a: Cyclizar|5\/100\n|\n|t:|1700584090\n|switch|p1a: Gliscor|Gliscor, M|100\/100|[from] Shed Tail\n|move|p2a: Glimmora|Sludge Bomb|p1a: Gliscor\n|-resisted|p1a: Gliscor\n|-end|p1a: Gliscor|Substitute\n|\n|-status|p1a: Gliscor|tox|[from] item: Toxic Orb\n|upkeep\n|turn|3\n|\n|t:|1700584102\n|move|p1a: Gliscor|Earthquake|p2a: Glimmora\n|-supereffective|p2a: Glimmora\n|-enditem|p2a: Glimmora|Focus Sash\n|-damage|p2a: Glimmora|1\/100\n|-activate|p2a: Glimmora|ability: Toxic Debris\n|-sidestart|p1: LITLE0|move: Toxic Spikes\n|move|p2a: Glimmora|Energy Ball|p1a: Gliscor\n|-damage|p1a: Gliscor|53\/100 tox\n|\n|-heal|p1a: Gliscor|65\/100 tox|[from] ability: Poison Heal\n|-end|p2a: Glimmora|move: Taunt\n|upkeep\n|turn|4\n|\n|t:|1700584118\n|switch|p2a: Weezing|Weezing-Galar, M|100\/100\n|move|p1a: Gliscor|Earthquake|p2a: Weezing\n|-immune|p2a: Weezing|[from] ability: Levitate\n|\n|-heal|p1a: Gliscor|78\/100 tox|[from] ability: Poison Heal\n|upkeep\n|turn|5\n|\n|t:|1700584132\n|move|p1a: Gliscor|Knock Off|p2a: Weezing\n|-resisted|p2a: Weezing\n|-damage|p2a: Weezing|89\/100\n|-enditem|p2a: Weezing|Heavy-Duty Boots|[from] move: Knock Off|[of] p1a: Gliscor\n|move|p2a: Weezing|Strange Steam|p1a: Gliscor\n|-damage|p1a: Gliscor|18\/100 tox\n|\n|-heal|p1a: Gliscor|30\/100 tox|[from] ability: Poison Heal\n|upkeep\n|turn|6\n|\n|t:|1700584141\n|move|p1a: Gliscor|Protect|p1a: Gliscor\n|-singleturn|p1a: Gliscor|Protect\n|move|p2a: Weezing|Strange Steam|p1a: Gliscor\n|-activate|p1a: Gliscor|move: Protect\n|\n|-heal|p1a: Gliscor|42\/100 tox|[from] ability: Poison Heal\n|upkeep\n|turn|7\n|\n|t:|1700584154\n|switch|p1a: Amoonguss|Amoonguss, M|100\/100\n|-sideend|p1: LITLE0|move: Toxic Spikes|[of] p1a: Amoonguss\n|move|p2a: Weezing|Strange Steam|p1a: Amoonguss\n|-resisted|p1a: Amoonguss\n|-damage|p1a: Amoonguss|88\/100\n|\n|-heal|p1a: Amoonguss|95\/100|[from] item: Leftovers\n|upkeep\n|turn|8\n|\n|t:|1700584165\n|move|p2a: Weezing|Heat Wave|p1a: Amoonguss\n|-supereffective|p1a: Amoonguss\n|-damage|p1a: Amoonguss|58\/100\n|move|p1a: Amoonguss|Spore|p2a: Weezing\n|-status|p2a: Weezing|slp|[from] move: Spore\n|\n|-heal|p1a: Amoonguss|64\/100|[from] item: Leftovers\n|upkeep\n|turn|9\n|\n|t:|1700584176\n|switch|p2a: Salazzle|Salazzle, F|100\/100\n|switch|p1a: Cyclizar|Cyclizar, M|38\/100\n|\n|upkeep\n|turn|10\n|\n|t:|1700584183\n|move|p1a: Cyclizar|U-turn|p2a: Salazzle\n|-resisted|p2a: Salazzle\n|-damage|p2a: Salazzle|93\/100\n|\n|t:|1700584189\n|switch|p1a: Dondozo|Dondozo, M|100\/100|[from] U-turn\n|move|p2a: Salazzle|Dragon Pulse|p1a: Dondozo\n|-damage|p1a: Dondozo|73\/100\n|\n|-heal|p1a: Dondozo|79\/100|[from] item: Leftovers\n|upkeep\n|turn|11\n|\n|t:|1700584203\n|switch|p2a: Clodsire|Clodsire, F|100\/100\n|move|p1a: Dondozo|Liquidation|p2a: Clodsire\n|-immune|p2a: Clodsire|[from] ability: Water Absorb\n|\n|-heal|p1a: Dondozo|85\/100|[from] item: Leftovers\n|upkeep\n|turn|12\n|inactive|Battle timer is ON: inactive players will automatically lose when time's up. (requested by LordRyuGamer)\n|\n|t:|1700584251\n|switch|p1a: Gliscor|Gliscor, M|42\/100 tox\n|move|p2a: Clodsire|Body Press|p1a: Gliscor\n|-resisted|p1a: Gliscor\n|-damage|p1a: Gliscor|37\/100 tox\n|\n|-heal|p1a: Gliscor|49\/100 tox|[from] ability: Poison Heal\n|upkeep\n|turn|13\n|\n|t:|1700584271\n|switch|p2a: Weezing|Weezing-Galar, M|89\/100 slp\n|move|p1a: Gliscor|Knock Off|p2a: Weezing\n|-resisted|p2a: Weezing\n|-damage|p2a: Weezing|81\/100 slp\n|\n|-heal|p1a: Gliscor|61\/100 tox|[from] ability: Poison Heal\n|upkeep\n|turn|14\n|inactive|LordRyuGamer has 120 seconds left.\n|\n|t:|1700584296\n|switch|p1a: Cyclizar|Cyclizar, M|71\/100\n|cant|p2a: Weezing|slp\n|\n|upkeep\n|turn|15\n|\n|t:|1700584305\n|switch|p2a: Salazzle|Salazzle, F|93\/100\n|move|p1a: Cyclizar|Shed Tail|p1a: Cyclizar\n|-start|p1a: Cyclizar|Substitute|[from] move: Shed Tail\n|-damage|p1a: Cyclizar|21\/100\n|\n|t:|1700584312\n|switch|p1a: Zacian|Zacian-Crowned|100\/100|[from] Shed Tail\n|-ability|p1a: Zacian|Intrepid Sword|boost\n|-boost|p1a: Zacian|atk|1\n|\n|upkeep\n|turn|16\n|\n|t:|1700584328\n|-terastallize|p1a: Zacian|Ground\n|move|p1a: Zacian|Tera Blast|p2a: Salazzle|[anim] Tera Blast Ground\n|-supereffective|p2a: Salazzle\n|-damage|p2a: Salazzle|0 fnt\n|faint|p2a: Salazzle\n|\n|upkeep\n|\n|t:|1700584336\n|switch|p2a: Sneasler|Sneasler, M|100\/100\n|turn|17\n|\n|t:|1700584340\n|move|p1a: Zacian|Swords Dance|p1a: Zacian\n|-boost|p1a: Zacian|atk|2\n|move|p2a: Sneasler|Dire Claw|p1a: Zacian\n|-resisted|p1a: Zacian\n|-activate|p1a: Zacian|move: Substitute|[damage]\n|\n|upkeep\n|turn|18\n|\n|t:|1700584349\n|move|p1a: Zacian|Tera Blast|p2a: Sneasler|[anim] Tera Blast Ground\n|-supereffective|p2a: Sneasler\n|-damage|p2a: Sneasler|0 fnt\n|faint|p2a: Sneasler\n|\n|upkeep\n|\n|t:|1700584357\n|switch|p2a: Weezing|Weezing-Galar, M|81\/100 slp\n|turn|19\n|\n|t:|1700584363\n|move|p1a: Zacian|Behemoth Blade|p2a: Weezing\n|-supereffective|p2a: Weezing\n|-damage|p2a: Weezing|0 fnt\n|faint|p2a: Weezing\n|\n|upkeep\n|\n|t:|1700584370\n|switch|p2a: Clodsire|Clodsire, F|100\/100\n|turn|20\n|\n|t:|1700584382\n|move|p1a: Zacian|Tera Blast|p2a: Clodsire|[anim] Tera Blast Ground\n|-supereffective|p2a: Clodsire\n|-crit|p2a: Clodsire\n|-damage|p2a: Clodsire|0 fnt\n|faint|p2a: Clodsire\n|\n|upkeep\n|\n|t:|1700584388\n|switch|p2a: Glimmora|Glimmora, M|1\/100\n|turn|21\n|\n|t:|1700584394\n|-terastallize|p2a: Glimmora|Rock\n|move|p1a: Zacian|Tera Blast|p2a: Glimmora|[anim] Tera Blast Ground\n|-supereffective|p2a: Glimmora\n|-damage|p2a: Glimmora|0 fnt\n|-activate|p2a: Glimmora|ability: Toxic Debris\n|-sidestart|p1: LITLE0|move: Toxic Spikes\n|faint|p2a: Glimmora\n|\n|upkeep\n|\n|t:|1700584403\n|switch|p2a: Overqwil|Overqwil, M|100\/100\n|turn|22\n|\n|t:|1700584410\n|move|p1a: Zacian|Tera Blast|p2a: Overqwil|[anim] Tera Blast Ground\n|-supereffective|p2a: Overqwil\n|-damage|p2a: Overqwil|0 fnt\n|faint|p2a: Overqwil\n|\n|win|LITLE0\n|raw|LITLE0's rating: 1124 &rarr; <strong>1140<\/strong><br \/>(+16 for winning)\n|raw|LordRyuGamer's rating: 1000 &rarr; <strong>1000<\/strong><br \/>(+0 for losing)\n","uploadtime":1700584418,"views":0,"p1id":"litle0","p2id":"lordryugamer","formatid":"gen9ubers","rating":1000,"private":0,"password":""}