{"id":"gen9ubers-1973240715","p1":"TrepYT","p2":"Envymetta_TTV","format":"[Gen 9] Ubers","log":"|j|\u203dTrepYT\n|j|\u2606Envymetta_TTV\n|t:|1697943256\n|gametype|singles\n|player|p1|TrepYT|swimmerf|1556\n|player|p2|Envymetta_TTV|acetrainer-gen4|1445\n|teamsize|p1|6\n|teamsize|p2|6\n|gen|9\n|tier|[Gen 9] Ubers\n|rated|\n|rule|Sleep Clause Mod: Limit one foe put to sleep\n|rule|Species Clause: Limit one of each Pok\u00e9mon\n|rule|OHKO Clause: OHKO moves are banned\n|rule|Evasion Items Clause: Evasion items are banned\n|rule|Evasion Moves Clause: Evasion moves are banned\n|rule|Endless Battle Clause: Forcing endless battles is banned\n|rule|HP Percentage Mod: HP is shown in percentages\n|clearpoke\n|poke|p1|Rayquaza|\n|poke|p1|Kyogre|\n|poke|p1|Basculegion, M|\n|poke|p1|Arceus|\n|poke|p1|Flutter Mane|\n|poke|p1|Landorus-Therian, M|\n|poke|p2|Shaymin-Sky|\n|poke|p2|Darkrai|\n|poke|p2|Arceus|\n|poke|p2|Dialga-Origin|\n|poke|p2|Giratina-Origin|\n|poke|p2|Garchomp, F|\n|teampreview\n|\n|t:|1697943303\n|start\n|switch|p1a: Arceus|Arceus|100\/100\n|switch|p2a: Darkrai|Darkrai, shiny|100\/100\n|turn|1\n|\n|t:|1697943312\n|move|p1a: Arceus|Extreme Speed|p2a: Darkrai\n|-crit|p2a: Darkrai\n|-damage|p2a: Darkrai|4\/100\n|-enditem|p2a: Darkrai|Salac Berry|[eat]\n|-boost|p2a: Darkrai|spe|1|[from] item: Salac Berry\n|-damage|p1a: Arceus|91\/100|[from] item: Life Orb\n|move|p2a: Darkrai|Hypnosis|p1a: Arceus\n|-status|p1a: Arceus|slp|[from] move: Hypnosis\n|\n|-damage|p1a: Arceus|78\/100 slp|[from] ability: Bad Dreams|[of] p2a: Darkrai\n|upkeep\n|turn|2\n|\n|t:|1697943323\n|cant|p1a: Arceus|slp\n|move|p2a: Darkrai|Nasty Plot|p2a: Darkrai\n|-boost|p2a: Darkrai|spa|2\n|\n|-damage|p1a: Arceus|66\/100 slp|[from] ability: Bad Dreams|[of] p2a: Darkrai\n|upkeep\n|turn|3\n|\n|t:|1697943326\n|cant|p1a: Arceus|slp\n|move|p2a: Darkrai|Dark Pulse|p1a: Arceus\n|-damage|p1a: Arceus|0 fnt\n|faint|p1a: Arceus\n|\n|upkeep\n|\n|t:|1697943332\n|switch|p1a: Rayquaza|Rayquaza|100\/100\n|-ability|p1a: Rayquaza|Air Lock\n|turn|4\n|\n|t:|1697943344\n|-terastallize|p2a: Darkrai|Ghost\n|move|p1a: Rayquaza|Extreme Speed|p2a: Darkrai\n|-immune|p2a: Darkrai\n|move|p2a: Darkrai|Dark Pulse|p1a: Rayquaza\n|-damage|p1a: Rayquaza|5\/100\n|\n|upkeep\n|turn|5\n|\n|t:|1697943351\n|move|p2a: Darkrai|Dark Pulse|p1a: Rayquaza\n|-damage|p1a: Rayquaza|0 fnt\n|faint|p1a: Rayquaza\n|\n|upkeep\n|\n|t:|1697943357\n|switch|p1a: Flutter Mane|Flutter Mane|100\/100\n|turn|6\n|\n|t:|1697943360\n|move|p2a: Darkrai|Dark Pulse|p1a: Flutter Mane\n|-damage|p1a: Flutter Mane|3\/100\n|move|p1a: Flutter Mane|Moonblast|p2a: Darkrai\n|-damage|p2a: Darkrai|0 fnt\n|faint|p2a: Darkrai\n|\n|upkeep\n|\n|t:|1697943365\n|switch|p2a: Giratina|Giratina-Origin, shiny|100\/100\n|turn|7\n|\n|t:|1697943369\n|move|p2a: Giratina|Shadow Sneak|p1a: Flutter Mane\n|-supereffective|p1a: Flutter Mane\n|-damage|p1a: Flutter Mane|0 fnt\n|faint|p1a: Flutter Mane\n|-end|p1a: Flutter Mane|Protosynthesis|[silent]\n|\n|upkeep\n|\n|t:|1697943374\n|switch|p1a: Basculegion|Basculegion, M|100\/100\n|turn|8\n|\n|t:|1697943383\n|switch|p2a: Arceus|Arceus, shiny|100\/100\n|-terastallize|p1a: Basculegion|Ghost\n|move|p1a: Basculegion|Last Respects|p2a: Arceus\n|-immune|p2a: Arceus\n|\n|upkeep\n|turn|9\n|-message|TrepYT forfeited.\n|\n|win|Envymetta_TTV\n|raw|TrepYT's rating: 1556 &rarr; <strong>1530<\/strong><br \/>(-26 for losing)\n|raw|Envymetta_TTV's rating: 1445 &rarr; <strong>1471<\/strong><br \/>(+26 for winning)\n|l|\u203dTrepYT\n","uploadtime":1697943391,"views":7,"p1id":"trepyt","p2id":"envymettattv","formatid":"gen9ubers","rating":1471,"private":0,"password":""}