{"id":"gen9ubers-1976000841","p1":"Nitro524","p2":"SephieFox","format":"[Gen 9] Ubers","log":"|j|\u2606Nitro524\n|j|\u2606SephieFox\n|t:|1698255552\n|gametype|singles\n|player|p1|Nitro524|hilbert-wonderlauncher|\n|player|p2|SephieFox|iris-masters|\n|teamsize|p1|6\n|teamsize|p2|6\n|gen|9\n|tier|[Gen 9] Ubers\n|rule|Sleep Clause Mod: Limit one foe put to sleep\n|rule|Species Clause: Limit one of each Pok\u00e9mon\n|rule|OHKO Clause: OHKO moves are banned\n|rule|Evasion Items Clause: Evasion items are banned\n|rule|Evasion Moves Clause: Evasion moves are banned\n|rule|Endless Battle Clause: Forcing endless battles is banned\n|rule|HP Percentage Mod: HP is shown in percentages\n|clearpoke\n|poke|p1|Pelipper, M|\n|poke|p1|Arceus-Poison|\n|poke|p1|Zacian-*|\n|poke|p1|Palkia-Origin|\n|poke|p1|Basculegion-F, F|\n|poke|p1|Shaymin-Sky|\n|poke|p2|Basculegion-F, F|\n|poke|p2|Magearna|\n|poke|p2|Arceus-Fire|\n|poke|p2|Zacian-*|\n|poke|p2|Dondozo, M|\n|poke|p2|Shaymin-Sky|\n|teampreview\n|inactive|Battle timer is ON: inactive players will automatically lose when time's up. (requested by SephieFox)\n|inactive|Nitro524 has 270 seconds left.\n|c|\u2606Nitro524|ah sorry\n|c|\u2606Nitro524|gk!\n|c|\u2606Nitro524|gl!\n|\n|t:|1698255593\n|start\n|switch|p1a: Pelipper|Pelipper, M|100\/100\n|switch|p2a: Zacian|Zacian|100\/100\n|-ability|p2a: Zacian|Intrepid Sword|boost\n|-boost|p2a: Zacian|atk|1\n|-weather|RainDance|[from] ability: Drizzle|[of] p1a: Pelipper\n|turn|1\n|\n|t:|1698255600\n|move|p2a: Zacian|Wild Charge|p1a: Pelipper\n|-supereffective|p1a: Pelipper\n|-damage|p1a: Pelipper|0 fnt\n|faint|p1a: Pelipper\n|-damage|p2a: Zacian|76\/100|[from] Recoil\n|-damage|p2a: Zacian|66\/100|[from] item: Life Orb\n|\n|-weather|RainDance|[upkeep]\n|upkeep\n|\n|t:|1698255613\n|switch|p1a: Arceus|Arceus-Poison|100\/100\n|turn|2\n|\n|t:|1698255634\n|switch|p2a: Magearna|Magearna|100\/100\n|move|p1a: Arceus|Judgment|p2a: Magearna\n|-immune|p2a: Magearna\n|\n|-weather|RainDance|[upkeep]\n|upkeep\n|turn|3\n|inactive|Nitro524 has 270 seconds left.\n|\n|t:|1698255669\n|move|p1a: Arceus|Calm Mind|p1a: Arceus\n|-boost|p1a: Arceus|spa|1\n|-boost|p1a: Arceus|spd|1\n|move|p2a: Magearna|Calm Mind|p2a: Magearna\n|-boost|p2a: Magearna|spa|1\n|-boost|p2a: Magearna|spd|1\n|\n|-weather|RainDance|[upkeep]\n|upkeep\n|turn|4\n|\n|t:|1698255675\n|move|p1a: Arceus|Calm Mind|p1a: Arceus\n|-boost|p1a: Arceus|spa|1\n|-boost|p1a: Arceus|spd|1\n|move|p2a: Magearna|Calm Mind|p2a: Magearna\n|-boost|p2a: Magearna|spa|1\n|-boost|p2a: Magearna|spd|1\n|\n|-weather|RainDance|[upkeep]\n|upkeep\n|turn|5\n|\n|t:|1698255683\n|move|p1a: Arceus|Calm Mind|p1a: Arceus\n|-boost|p1a: Arceus|spa|1\n|-boost|p1a: Arceus|spd|1\n|move|p2a: Magearna|Stored Power|p1a: Arceus\n|-supereffective|p1a: Arceus\n|-damage|p1a: Arceus|68\/100\n|\n|-weather|RainDance|[upkeep]\n|upkeep\n|turn|6\n|\n|t:|1698255687\n|move|p1a: Arceus|Earth Power|p2a: Magearna\n|-supereffective|p2a: Magearna\n|-damage|p2a: Magearna|53\/100\n|move|p2a: Magearna|Stored Power|p1a: Arceus\n|-supereffective|p1a: Arceus\n|-damage|p1a: Arceus|38\/100\n|\n|-weather|RainDance|[upkeep]\n|-heal|p2a: Magearna|59\/100|[from] item: Leftovers\n|upkeep\n|turn|7\n|\n|t:|1698255694\n|-terastallize|p1a: Arceus|Dark\n|-terastallize|p2a: Magearna|Ground\n|move|p1a: Arceus|Calm Mind|p1a: Arceus\n|-boost|p1a: Arceus|spa|1\n|-boost|p1a: Arceus|spd|1\n|move|p2a: Magearna|Calm Mind|p2a: Magearna\n|-boost|p2a: Magearna|spa|1\n|-boost|p2a: Magearna|spd|1\n|\n|-weather|RainDance|[upkeep]\n|-heal|p2a: Magearna|65\/100|[from] item: Leftovers\n|upkeep\n|turn|8\n|\n|t:|1698255702\n|move|p1a: Arceus|Earth Power|p2a: Magearna\n|-damage|p2a: Magearna|43\/100\n|move|p2a: Magearna|Draining Kiss|p1a: Arceus\n|-supereffective|p1a: Arceus\n|-damage|p1a: Arceus|14\/100\n|-heal|p2a: Magearna|64\/100|[from] drain|[of] p1a: Arceus\n|\n|-weather|none\n|-heal|p2a: Magearna|70\/100|[from] item: Leftovers\n|upkeep\n|turn|9\n|\n|t:|1698255729\n|move|p1a: Arceus|Recover|p1a: Arceus\n|-heal|p1a: Arceus|64\/100\n|move|p2a: Magearna|Iron Defense|p2a: Magearna\n|-boost|p2a: Magearna|def|2\n|\n|-heal|p2a: Magearna|76\/100|[from] item: Leftovers\n|upkeep\n|turn|10\n|\n|t:|1698255743\n|switch|p1a: Zacian|Zacian|100\/100\n|-ability|p1a: Zacian|Intrepid Sword|boost\n|-boost|p1a: Zacian|atk|1\n|move|p2a: Magearna|Draining Kiss|p1a: Zacian\n|-damage|p1a: Zacian|54\/100\n|-heal|p2a: Magearna|100\/100|[from] drain|[of] p1a: Zacian\n|\n|upkeep\n|turn|11\n|\n|t:|1698255749\n|move|p1a: Zacian|Swords Dance|p1a: Zacian\n|-boost|p1a: Zacian|atk|2\n|move|p2a: Magearna|Stored Power|p1a: Zacian\n|-damage|p1a: Zacian|0 fnt\n|faint|p1a: Zacian\n|-ability|p2a: Magearna|Soul-Heart|boost\n|-boost|p2a: Magearna|spa|1\n|\n|upkeep\n|\n|t:|1698255753\n|switch|p1a: Basculegion|Basculegion-F, F|100\/100\n|turn|12\n|\n|t:|1698255763\n|move|p1a: Basculegion|Wave Crash|p2a: Magearna\n|-supereffective|p2a: Magearna\n|-damage|p2a: Magearna|49\/100\n|-damage|p1a: Basculegion|84\/100|[from] Recoil\n|move|p2a: Magearna|Stored Power|p1a: Basculegion\n|-damage|p1a: Basculegion|0 fnt\n|faint|p1a: Basculegion\n|-ability|p2a: Magearna|Soul-Heart|boost\n|-boost|p2a: Magearna|spa|1\n|\n|-heal|p2a: Magearna|55\/100|[from] item: Leftovers\n|upkeep\n|\n|t:|1698255774\n|switch|p1a: Palkia|Palkia-Origin|100\/100\n|-ability|p1a: Palkia|Pressure\n|turn|13\n|\n|t:|1698255782\n|move|p1a: Palkia|Hydro Pump|p2a: Magearna\n|-supereffective|p2a: Magearna\n|-damage|p2a: Magearna|7\/100\n|move|p2a: Magearna|Draining Kiss|p1a: Palkia\n|-supereffective|p1a: Palkia\n|-damage|p1a: Palkia|0 fnt\n|-heal|p2a: Magearna|73\/100|[from] drain|[of] p1a: Palkia\n|faint|p1a: Palkia\n|-ability|p2a: Magearna|Soul-Heart|boost\n|-boost|p2a: Magearna|spa|1\n|\n|-heal|p2a: Magearna|79\/100|[from] item: Leftovers\n|upkeep\n|\n|t:|1698255790\n|switch|p1a: Arceus|Arceus-Poison, tera:Dark|64\/100\n|turn|14\n|\n|t:|1698255798\n|move|p1a: Arceus|Earth Power|p2a: Magearna\n|-damage|p2a: Magearna|71\/100\n|move|p2a: Magearna|Draining Kiss|p1a: Arceus\n|-supereffective|p1a: Arceus\n|-damage|p1a: Arceus|0 fnt\n|-heal|p2a: Magearna|100\/100|[from] drain|[of] p1a: Arceus\n|faint|p1a: Arceus\n|\n|upkeep\n|\n|t:|1698255802\n|switch|p1a: Shaymin|Shaymin-Sky|100\/100\n|turn|15\n|c|\u2606Nitro524|gg\n|c|\u2606SephieFox|ggs :0\n|\n|t:|1698255817\n|move|p1a: Shaymin|Seed Flare|p2a: Magearna\n|-supereffective|p2a: Magearna\n|-damage|p2a: Magearna|62\/100\n|-unboost|p2a: Magearna|spd|2\n|move|p2a: Magearna|Draining Kiss|p1a: Shaymin\n|-damage|p1a: Shaymin|1\/100\n|-heal|p2a: Magearna|100\/100|[from] drain|[of] p1a: Shaymin\n|\n|upkeep\n|turn|16\n|c|\u2606Nitro524|magearna is insane lol\n|\n|t:|1698255824\n|move|p1a: Shaymin|Seed Flare|p2a: Magearna\n|-supereffective|p2a: Magearna\n|-crit|p2a: Magearna\n|-damage|p2a: Magearna|0 fnt\n|faint|p2a: Magearna\n|\n|upkeep\n|c|\u2606Nitro524|YO???\n|c|\u2606SephieFox|fat crit lmao\n|\n|t:|1698255834\n|switch|p2a: THE WINCON WOO|Basculegion-F, F|100\/100\n|turn|17\n|c|\u2606Nitro524|absolutely lol\n|\n|t:|1698255841\n|move|p2a: THE WINCON WOO|Last Respects|p1a: Shaymin\n|-damage|p1a: Shaymin|0 fnt\n|faint|p1a: Shaymin\n|\n|win|SephieFox\n|c|\u2606Nitro524|ggs!\n","uploadtime":1698255847,"views":12,"p1id":"nitro524","p2id":"sephiefox","formatid":"gen9ubers","rating":0,"private":0,"password":""}