{"id":"gen9ubers-1979856819","p1":"Nyamonya","p2":"RektCactus","format":"[Gen 9] Ubers","log":"|j|\u2606Nyamonya\n|j|\u2606RektCactus\n|t:|1698720669\n|gametype|singles\n|player|p1|Nyamonya|leon-masters|\n|player|p2|RektCactus|169|\n|teamsize|p1|6\n|teamsize|p2|6\n|gen|9\n|tier|[Gen 9] Ubers\n|rule|Sleep Clause Mod: Limit one foe put to sleep\n|rule|Species Clause: Limit one of each Pok\u00e9mon\n|rule|OHKO Clause: OHKO moves are banned\n|rule|Evasion Items Clause: Evasion items are banned\n|rule|Evasion Moves Clause: Evasion moves are banned\n|rule|Endless Battle Clause: Forcing endless battles is banned\n|rule|HP Percentage Mod: HP is shown in percentages\n|clearpoke\n|poke|p1|Infernape, F|\n|poke|p1|Tornadus-Therian, M|\n|poke|p1|Jolteon, M|\n|poke|p1|Bronzong|\n|poke|p1|Clefable, M|\n|poke|p1|Muk-Alola, M|\n|poke|p2|Ogerpon-Hearthflame, F|\n|poke|p2|Sneasler, M|\n|poke|p2|Urshifu-*, M|\n|poke|p2|Landorus-Therian, M|\n|poke|p2|Rillaboom, F|\n|poke|p2|Heatran, M|\n|teampreview\n|inactive|Battle timer is ON: inactive players will automatically lose when time's up. (requested by Nyamonya)\n|\n|t:|1698720676\n|start\n|switch|p1a: heres the zapper|Jolteon, M|100\/100\n|switch|p2a: Monke|Rillaboom, F|100\/100\n|-fieldstart|move: Grassy Terrain|[from] ability: Grassy Surge|[of] p2a: Monke\n|turn|1\n|\n|t:|1698720705\n|-terastallize|p1a: heres the zapper|Ice\n|move|p1a: heres the zapper|Tera Blast|p2a: Monke|[anim] Tera Blast Ice\n|-supereffective|p2a: Monke\n|-damage|p2a: Monke|0 fnt\n|faint|p2a: Monke\n|\n|upkeep\n|\n|t:|1698720712\n|switch|p2a: Salamanda|Heatran, M|100\/100\n|-item|p2a: Salamanda|Air Balloon\n|turn|2\n|\n|t:|1698720723\n|switch|p1a: heres the puncher|Infernape, F|100\/100\n|move|p2a: Salamanda|Magma Storm|p1a: heres the puncher\n|-resisted|p1a: heres the puncher\n|-damage|p1a: heres the puncher|68\/100\n|-activate|p1a: heres the puncher|move: Magma Storm|[of] p2a: Salamanda\n|\n|-heal|p1a: heres the puncher|74\/100|[from] Grassy Terrain\n|-damage|p1a: heres the puncher|62\/100|[from] move: Magma Storm|[partiallytrapped]\n|upkeep\n|turn|3\n|\n|t:|1698720737\n|move|p1a: heres the puncher|Stealth Rock|p2a: Salamanda\n|-sidestart|p2: RektCactus|move: Stealth Rock\n|move|p2a: Salamanda|Earth Power|p1a: heres the puncher\n|-supereffective|p1a: heres the puncher\n|-damage|p1a: heres the puncher|0 fnt\n|faint|p1a: heres the puncher\n|\n|upkeep\n|\n|t:|1698720753\n|switch|p1a: heres the zapper|Jolteon, M, tera:Ice|100\/100\n|turn|4\n|inactive|Nyamonya has 270 seconds left.\n|\n|t:|1698720785\n|switch|p2a: Sneaky Bitch|Sneasler, M|100\/100\n|-damage|p2a: Sneaky Bitch|95\/100|[from] Stealth Rock\n|-enditem|p2a: Sneaky Bitch|Grassy Seed\n|-boost|p2a: Sneaky Bitch|def|1|[from] item: Grassy Seed\n|move|p1a: heres the zapper|Volt Switch|p2a: Sneaky Bitch\n|-damage|p2a: Sneaky Bitch|24\/100\n|\n|t:|1698720803\n|switch|p1a: heres the donger|Bronzong|100\/100|[from] Volt Switch\n|\n|-heal|p2a: Sneaky Bitch|30\/100|[from] Grassy Terrain\n|upkeep\n|turn|5\n|inactive|RektCactus has 270 seconds left.\n|\n|t:|1698720835\n|switch|p2a: Salamanda|Heatran, M|100\/100\n|-damage|p2a: Salamanda|88\/100|[from] Stealth Rock\n|-item|p2a: Salamanda|Air Balloon\n|move|p1a: heres the donger|Reflect|p1a: heres the donger\n|-sidestart|p1: Nyamonya|Reflect\n|\n|-fieldend|move: Grassy Terrain\n|upkeep\n|turn|6\n|inactive|RektCactus has 270 seconds left.\n|\n|t:|1698720864\n|move|p2a: Salamanda|Magma Storm|p1a: heres the donger|[miss]\n|-miss|p2a: Salamanda|p1a: heres the donger\n|move|p1a: heres the donger|Body Press|p2a: Salamanda\n|-supereffective|p2a: Salamanda\n|-damage|p2a: Salamanda|40\/100\n|-enditem|p2a: Salamanda|Air Balloon\n|\n|upkeep\n|turn|7\n|inactive|Nyamonya has 240 seconds left.\n|\n|t:|1698720883\n|move|p2a: Salamanda|Magma Storm|p1a: heres the donger|[miss]\n|-miss|p2a: Salamanda|p1a: heres the donger\n|move|p1a: heres the donger|Body Press|p2a: Salamanda\n|-supereffective|p2a: Salamanda\n|-damage|p2a: Salamanda|0 fnt\n|faint|p2a: Salamanda\n|\n|upkeep\n|\n|t:|1698720894\n|switch|p2a: Zuki|Ogerpon-Hearthflame, F|100\/100\n|-damage|p2a: Zuki|76\/100|[from] Stealth Rock\n|-ability|p2a: Zuki|Mold Breaker\n|turn|8\n|inactive|Nyamonya has 240 seconds left.\n|\n|t:|1698720910\n|switch|p1a: heres the goober|Clefable, M|100\/100\n|move|p2a: Zuki|Swords Dance|p2a: Zuki\n|-boost|p2a: Zuki|atk|2\n|\n|upkeep\n|turn|9\n|inactive|RektCactus has 240 seconds left.\n|\n|t:|1698720940\n|move|p2a: Zuki|Ivy Cudgel|p1a: heres the goober\n|-damage|p1a: heres the goober|58\/100\n|move|p1a: heres the goober|Thunder Wave|p2a: Zuki\n|-status|p2a: Zuki|par\n|\n|-heal|p1a: heres the goober|64\/100|[from] item: Leftovers\n|-sideend|p1: Nyamonya|Reflect\n|upkeep\n|turn|10\n|inactive|Nyamonya has 240 seconds left.\n|\n|t:|1698720967\n|switch|p1a: heres the donger|Bronzong|100\/100\n|move|p2a: Zuki|Ivy Cudgel|p1a: heres the donger\n|-supereffective|p1a: heres the donger\n|-damage|p1a: heres the donger|0 fnt\n|faint|p1a: heres the donger\n|\n|upkeep\n|inactive|Nyamonya has 210 seconds left.\n|\n|t:|1698720999\n|switch|p1a: heres the flapper|Tornadus-Therian, M|100\/100\n|turn|11\n|inactive|RektCactus has 240 seconds left.\n|\n|t:|1698721036\n|switch|p2a: Sneaky Bitch|Sneasler, M|30\/100\n|-damage|p2a: Sneaky Bitch|24\/100|[from] Stealth Rock\n|move|p1a: heres the flapper|Bleakwind Storm|p2a: Sneaky Bitch|[miss]\n|-miss|p1a: heres the flapper|p2a: Sneaky Bitch\n|\n|upkeep\n|turn|12\n|\n|t:|1698721045\n|move|p1a: heres the flapper|Bleakwind Storm|p2a: Sneaky Bitch|[miss]\n|-miss|p1a: heres the flapper|p2a: Sneaky Bitch\n|move|p2a: Sneaky Bitch|Dire Claw|p1a: heres the flapper\n|-damage|p1a: heres the flapper|36\/100\n|-status|p1a: heres the flapper|psn\n|\n|-damage|p1a: heres the flapper|24\/100 psn|[from] psn\n|upkeep\n|turn|13\n|inactive|RektCactus has 210 seconds left.\n|\n|t:|1698721068\n|move|p1a: heres the flapper|Heat Wave|p2a: Sneaky Bitch\n|-damage|p2a: Sneaky Bitch|0 fnt\n|faint|p2a: Sneaky Bitch\n|\n|-damage|p1a: heres the flapper|11\/100 psn|[from] psn\n|upkeep\n|inactive|RektCactus has 210 seconds left.\n|\n|t:|1698721075\n|switch|p2a: Dog2|Landorus-Therian, M|100\/100\n|-damage|p2a: Dog2|88\/100|[from] Stealth Rock\n|-ability|p2a: Dog2|Intimidate|boost\n|-unboost|p1a: heres the flapper|atk|1\n|turn|14\n|inactive|RektCactus has 210 seconds left.\n|\n|t:|1698721085\n|switch|p1a: heres the goober|Clefable, M|64\/100\n|move|p2a: Dog2|Stone Edge|p1a: heres the goober\n|-crit|p1a: heres the goober\n|-damage|p1a: heres the goober|19\/100\n|\n|-heal|p1a: heres the goober|25\/100|[from] item: Leftovers\n|upkeep\n|turn|15\n|\n|t:|1698721094\n|move|p1a: heres the goober|Protect|p1a: heres the goober\n|-singleturn|p1a: heres the goober|Protect\n|move|p2a: Dog2|Stone Edge|p1a: heres the goober\n|-activate|p1a: heres the goober|move: Protect\n|\n|-heal|p1a: heres the goober|31\/100|[from] item: Leftovers\n|upkeep\n|turn|16\n|inactive|Nyamonya has 240 seconds left.\n|\n|t:|1698721109\n|move|p2a: Dog2|Stone Edge|p1a: heres the goober\n|-damage|p1a: heres the goober|2\/100\n|move|p1a: heres the goober|Wish|p1a: heres the goober\n|\n|-heal|p1a: heres the goober|8\/100|[from] item: Leftovers\n|upkeep\n|turn|17\n|inactive|Nyamonya has 240 seconds left.\n|\n|t:|1698721120\n|move|p2a: Dog2|Stone Edge|p1a: heres the goober|[miss]\n|-miss|p2a: Dog2|p1a: heres the goober\n|move|p1a: heres the goober|Moonblast|p2a: Dog2\n|-crit|p2a: Dog2\n|-damage|p2a: Dog2|23\/100\n|-unboost|p2a: Dog2|spa|1\n|\n|-heal|p1a: heres the goober|58\/100|[from] move: Wish|[wisher] heres the goober\n|-heal|p1a: heres the goober|64\/100|[from] item: Leftovers\n|upkeep\n|turn|18\n|inactive|Nyamonya has 240 seconds left.\n|\n|t:|1698721134\n|switch|p2a: Zuki|Ogerpon-Hearthflame, F|76\/100 par\n|-damage|p2a: Zuki|51\/100 par|[from] Stealth Rock\n|-ability|p2a: Zuki|Mold Breaker\n|move|p1a: heres the goober|Wish|p1a: heres the goober\n|\n|-heal|p1a: heres the goober|70\/100|[from] item: Leftovers\n|upkeep\n|turn|19\n|\n|t:|1698721142\n|switch|p1a: heres the gooper|Muk-Alola, M|100\/100\n|cant|p2a: Zuki|par\n|\n|upkeep\n|turn|20\n|\n|t:|1698721153\n|move|p2a: Zuki|Ivy Cudgel|p1a: heres the gooper\n|-damage|p1a: heres the gooper|39\/100\n|move|p1a: heres the gooper|Knock Off|p2a: Zuki\n|-damage|p2a: Zuki|0 fnt\n|faint|p2a: Zuki\n|\n|upkeep\n|\n|t:|1698721160\n|switch|p2a: Dog|Urshifu, M|100\/100\n|-damage|p2a: Dog|94\/100|[from] Stealth Rock\n|turn|21\n|inactive|RektCactus has 240 seconds left.\n|\n|t:|1698721169\n|move|p2a: Dog|Wicked Blow|p1a: heres the gooper\n|-resisted|p1a: heres the gooper\n|-crit|p1a: heres the gooper\n|-damage|p1a: heres the gooper|0 fnt\n|faint|p1a: heres the gooper\n|\n|upkeep\n|\n|t:|1698721176\n|switch|p1a: heres the goober|Clefable, M|70\/100\n|turn|22\n|inactive|RektCactus has 240 seconds left.\n|\n|t:|1698721206\n|move|p2a: Dog|Wicked Blow|p1a: heres the goober\n|-resisted|p1a: heres the goober\n|-crit|p1a: heres the goober\n|-damage|p1a: heres the goober|38\/100\n|move|p1a: heres the goober|Moonblast|p2a: Dog\n|-supereffective|p2a: Dog\n|-damage|p2a: Dog|0 fnt\n|faint|p2a: Dog\n|\n|-heal|p1a: heres the goober|44\/100|[from] item: Leftovers\n|upkeep\n|\n|t:|1698721215\n|switch|p2a: Dog2|Landorus-Therian, M|23\/100\n|-damage|p2a: Dog2|11\/100|[from] Stealth Rock\n|-ability|p2a: Dog2|Intimidate|boost\n|-unboost|p1a: heres the goober|atk|1\n|turn|23\n|\n|t:|1698721230\n|move|p2a: Dog2|Stone Edge|p1a: heres the goober\n|-damage|p1a: heres the goober|13\/100\n|move|p1a: heres the goober|Moonblast|p2a: Dog2\n|-damage|p2a: Dog2|0 fnt\n|faint|p2a: Dog2\n|\n|win|Nyamonya\n","uploadtime":1698721242,"views":31,"p1id":"nyamonya","p2id":"rektcactus","formatid":"gen9ubers","rating":0,"private":0,"password":""}