{"id":"gen9ubers-1985958777","p1":"Noobster237","p2":"Mr.chezzyboi","format":"[Gen 9] Ubers","log":"|j|\u2606Noobster237\n|j|\u2606Mr.chezzyboi\n|t:|1699429817\n|gametype|singles\n|player|p1|Noobster237|1|1095\n|player|p2|Mr.chezzyboi|169|1000\n|teamsize|p1|6\n|teamsize|p2|6\n|gen|9\n|tier|[Gen 9] Ubers\n|rated|\n|rule|Sleep Clause Mod: Limit one foe put to sleep\n|rule|Species Clause: Limit one of each Pok\u00e9mon\n|rule|OHKO Clause: OHKO moves are banned\n|rule|Evasion Items Clause: Evasion items are banned\n|rule|Evasion Moves Clause: Evasion moves are banned\n|rule|Endless Battle Clause: Forcing endless battles is banned\n|rule|HP Percentage Mod: HP is shown in percentages\n|clearpoke\n|poke|p1|Dialga|\n|poke|p1|Groudon|\n|poke|p1|Hatterene, F|\n|poke|p1|Ariados, M|\n|poke|p1|Zapdos|\n|poke|p1|Eternatus|\n|poke|p2|Quagsire, M|\n|poke|p2|Gardevoir, M|\n|poke|p2|Rayquaza|\n|poke|p2|Lurantis, F|\n|poke|p2|Giratina-Origin|\n|poke|p2|Mamoswine, M|\n|teampreview\n|\n|t:|1699429834\n|start\n|switch|p1a: Ariados|Ariados, M|100\/100\n|switch|p2a: Mamoswine|Mamoswine, M|100\/100\n|turn|1\n|\n|t:|1699429840\n|move|p2a: Mamoswine|Stealth Rock|p1a: Ariados\n|-sidestart|p1: Noobster237|move: Stealth Rock\n|move|p1a: Ariados|Sticky Web|p2a: Mamoswine\n|-sidestart|p2: Mr.chezzyboi|move: Sticky Web\n|\n|upkeep\n|turn|2\n|inactive|Battle timer is ON: inactive players will automatically lose when time's up. (requested by Noobster237)\n|\n|t:|1699429892\n|move|p2a: Mamoswine|Earthquake|p1a: Ariados\n|-damage|p1a: Ariados|30\/100\n|move|p1a: Ariados|Toxic Thread|p2a: Mamoswine\n|-unboost|p2a: Mamoswine|spe|1\n|-status|p2a: Mamoswine|psn\n|\n|-damage|p2a: Mamoswine|88\/100 psn|[from] psn\n|upkeep\n|turn|3\n|\n|t:|1699429911\n|move|p1a: Ariados|Knock Off|p2a: Mamoswine\n|-damage|p2a: Mamoswine|66\/100 psn\n|-enditem|p2a: Mamoswine|Leftovers|[from] move: Knock Off|[of] p1a: Ariados\n|move|p2a: Mamoswine|Stealth Rock||[still]\n|-fail|p2a: Mamoswine\n|\n|-damage|p2a: Mamoswine|53\/100 psn|[from] psn\n|upkeep\n|turn|4\n|\n|t:|1699429919\n|move|p1a: Ariados|Megahorn|p2a: Mamoswine\n|-damage|p2a: Mamoswine|10\/100 psn\n|move|p2a: Mamoswine|Earthquake|p1a: Ariados\n|-damage|p1a: Ariados|0 fnt\n|faint|p1a: Ariados\n|\n|-damage|p2a: Mamoswine|0 fnt|[from] psn\n|faint|p2a: Mamoswine\n|upkeep\n|\n|t:|1699429934\n|switch|p2a: Giratina|Giratina-Origin|100\/100\n|switch|p1a: Zapdos|Zapdos|100\/100\n|turn|5\n|\n|t:|1699429942\n|move|p1a: Zapdos|Thunderbolt|p2a: Giratina\n|-resisted|p2a: Giratina\n|-damage|p2a: Giratina|86\/100\n|move|p2a: Giratina|Iron Head|p1a: Zapdos\n|-resisted|p1a: Zapdos\n|-damage|p1a: Zapdos|84\/100\n|\n|upkeep\n|turn|6\n|\n|t:|1699429952\n|move|p1a: Zapdos|Hurricane|p2a: Giratina\n|-damage|p2a: Giratina|50\/100\n|-start|p2a: Giratina|confusion\n|-activate|p2a: Giratina|confusion\n|-damage|p2a: Giratina|40\/100|[from] confusion\n|\n|upkeep\n|turn|7\n|\n|t:|1699429960\n|move|p1a: Zapdos|Hurricane|p2a: Giratina\n|-damage|p2a: Giratina|4\/100\n|-activate|p2a: Giratina|confusion\n|-damage|p2a: Giratina|0 fnt|[from] confusion\n|faint|p2a: Giratina\n|\n|upkeep\n|\n|t:|1699429972\n|switch|p2a: DERPY|Quagsire, M, shiny|100\/100\n|-activate|p2a: DERPY|move: Sticky Web\n|-unboost|p2a: DERPY|spe|1\n|turn|8\n|\n|t:|1699429980\n|switch|p1a: Hatterene|Hatterene, F|100\/100\n|-damage|p1a: Hatterene|88\/100|[from] Stealth Rock\n|move|p2a: DERPY|Blizzard|p1a: Hatterene\n|-damage|p1a: Hatterene|59\/100\n|\n|-heal|p1a: Hatterene|65\/100|[from] item: Leftovers\n|upkeep\n|turn|9\n|\n|t:|1699429993\n|move|p1a: Hatterene|Calm Mind|p1a: Hatterene\n|-boost|p1a: Hatterene|spa|1\n|-boost|p1a: Hatterene|spd|1\n|move|p2a: DERPY|Earthquake|p1a: Hatterene\n|-damage|p1a: Hatterene|40\/100\n|\n|-heal|p1a: Hatterene|46\/100|[from] item: Leftovers\n|upkeep\n|turn|10\n|\n|t:|1699430002\n|-terastallize|p2a: DERPY|Water\n|move|p1a: Hatterene|Draining Kiss|p2a: DERPY\n|-damage|p2a: DERPY|59\/100\n|-heal|p1a: Hatterene|85\/100|[from] drain|[of] p2a: DERPY\n|move|p2a: DERPY|Hydro Pump|p1a: Hatterene\n|-damage|p1a: Hatterene|45\/100\n|\n|-heal|p1a: Hatterene|51\/100|[from] item: Leftovers\n|upkeep\n|turn|11\n|\n|t:|1699430015\n|move|p1a: Hatterene|Calm Mind|p1a: Hatterene\n|-boost|p1a: Hatterene|spa|1\n|-boost|p1a: Hatterene|spd|1\n|move|p2a: DERPY|Hydro Pump|p1a: Hatterene\n|-damage|p1a: Hatterene|20\/100\n|\n|-heal|p1a: Hatterene|26\/100|[from] item: Leftovers\n|upkeep\n|turn|12\n|\n|t:|1699430022\n|move|p1a: Hatterene|Draining Kiss|p2a: DERPY\n|-damage|p2a: DERPY|4\/100\n|-heal|p1a: Hatterene|78\/100|[from] drain|[of] p2a: DERPY\n|move|p2a: DERPY|Hydro Pump|p1a: Hatterene\n|-damage|p1a: Hatterene|49\/100\n|\n|-heal|p1a: Hatterene|55\/100|[from] item: Leftovers\n|upkeep\n|turn|13\n|\n|t:|1699430033\n|move|p1a: Hatterene|Calm Mind|p1a: Hatterene\n|-boost|p1a: Hatterene|spa|1\n|-boost|p1a: Hatterene|spd|1\n|move|p2a: DERPY|Blizzard|p1a: Hatterene\n|-damage|p1a: Hatterene|43\/100\n|\n|-heal|p1a: Hatterene|49\/100|[from] item: Leftovers\n|upkeep\n|turn|14\n|\n|t:|1699430044\n|move|p1a: Hatterene|Draining Kiss|p2a: DERPY\n|-damage|p2a: DERPY|0 fnt\n|-heal|p1a: Hatterene|52\/100|[from] drain|[of] p2a: DERPY\n|faint|p2a: DERPY\n|\n|-heal|p1a: Hatterene|58\/100|[from] item: Leftovers\n|upkeep\n|\n|t:|1699430054\n|switch|p2a: Daisy|Lurantis, F, shiny|100\/100\n|-activate|p2a: Daisy|move: Sticky Web\n|-boost|p2a: Daisy|spe|1\n|turn|15\n|\n|t:|1699430059\n|move|p2a: Daisy|Leaf Storm|p1a: Hatterene\n|-damage|p1a: Hatterene|42\/100\n|-boost|p2a: Daisy|spa|2\n|move|p1a: Hatterene|Mystical Fire|p2a: Daisy\n|-supereffective|p2a: Daisy\n|-crit|p2a: Daisy\n|-damage|p2a: Daisy|0 fnt\n|faint|p2a: Daisy\n|\n|-heal|p1a: Hatterene|48\/100|[from] item: Leftovers\n|upkeep\n|\n|t:|1699430070\n|switch|p2a: Gardevoir|Gardevoir, M|100\/100\n|-activate|p2a: Gardevoir|move: Sticky Web\n|-unboost|p2a: Gardevoir|spe|1\n|-ability|p2a: Gardevoir|Magic Bounce|[from] ability: Trace|[of] p1a: Hatterene\n|turn|16\n|\n|t:|1699430078\n|move|p2a: Gardevoir|Disable|p1a: Hatterene\n|move|p1a: Hatterene|Disable|p2a: Gardevoir|[from]ability: Magic Bounce\n|-start|p2a: Gardevoir|Disable|Disable\n|move|p1a: Hatterene|Draining Kiss|p2a: Gardevoir\n|-damage|p2a: Gardevoir|39\/100\n|-heal|p1a: Hatterene|88\/100|[from] drain|[of] p2a: Gardevoir\n|\n|-heal|p2a: Gardevoir|46\/100|[from] item: Leftovers\n|-heal|p1a: Hatterene|94\/100|[from] item: Leftovers\n|upkeep\n|turn|17\n|\n|t:|1699430092\n|move|p2a: Gardevoir|Psychic|p1a: Hatterene\n|-resisted|p1a: Hatterene\n|-damage|p1a: Hatterene|83\/100\n|move|p1a: Hatterene|Draining Kiss|p2a: Gardevoir\n|-damage|p2a: Gardevoir|0 fnt\n|-heal|p1a: Hatterene|100\/100|[from] drain|[of] p2a: Gardevoir\n|faint|p2a: Gardevoir\n|\n|upkeep\n|c|\u2606Noobster237|Oh i didnt know diable would magic bounce\n|\n|t:|1699430105\n|switch|p2a: Rayquaza|Rayquaza, shiny|100\/100\n|-ability|p2a: Rayquaza|Air Lock\n|turn|18\n|c|\u2606Noobster237|good to know\n|\n|t:|1699430117\n|move|p2a: Rayquaza|Bulk Up|p2a: Rayquaza\n|-boost|p2a: Rayquaza|atk|1\n|-boost|p2a: Rayquaza|def|1\n|move|p1a: Hatterene|Draining Kiss|p2a: Rayquaza\n|-supereffective|p2a: Rayquaza\n|-damage|p2a: Rayquaza|0 fnt\n|-damage|p1a: Hatterene|84\/100|[from] item: Rocky Helmet|[of] p2a: Rayquaza\n|faint|p2a: Rayquaza\n|\n|win|Noobster237\n|raw|Noobster237's rating: 1095 &rarr; <strong>1114<\/strong><br \/>(+19 for winning)\n|raw|Mr.chezzyboi's rating: 1000 &rarr; <strong>1000<\/strong><br \/>(+0 for losing)\n|c|\u2606Noobster237|Gg\n|l|\u2606Mr.chezzyboi\n","uploadtime":1699430155,"views":7,"p1id":"noobster237","p2id":"mrchezzyboi","formatid":"gen9ubers","rating":1000,"private":0,"password":""}