{"id":"gen9ubers-1988240242","p1":"MaskedMiau","p2":"biryanilover","format":"[Gen 9] Ubers","log":"|j|\u2606MaskedMiau\n|j|\u2606biryanilover\n|t:|1699692242\n|gametype|singles\n|player|p1|MaskedMiau|102|1000\n|player|p2|biryanilover|rosa|1204\n|teamsize|p1|6\n|teamsize|p2|6\n|gen|9\n|tier|[Gen 9] Ubers\n|rated|\n|rule|Sleep Clause Mod: Limit one foe put to sleep\n|rule|Species Clause: Limit one of each Pok\u00e9mon\n|rule|OHKO Clause: OHKO moves are banned\n|rule|Evasion Items Clause: Evasion items are banned\n|rule|Evasion Moves Clause: Evasion moves are banned\n|rule|Endless Battle Clause: Forcing endless battles is banned\n|rule|HP Percentage Mod: HP is shown in percentages\n|clearpoke\n|poke|p1|Sylveon, F|\n|poke|p1|Flutter Mane|\n|poke|p1|Ninetales-Alola, F|\n|poke|p1|Dedenne, F|\n|poke|p1|Grimmsnarl, M|\n|poke|p1|Ribombee, F|\n|poke|p2|Koraidon|\n|poke|p2|Zacian-*|\n|poke|p2|Ditto|\n|poke|p2|Miraidon|\n|poke|p2|Flutter Mane|\n|poke|p2|Kyogre|\n|teampreview\n|inactive|Battle timer is ON: inactive players will automatically lose when time's up. (requested by biryanilover)\n|\n|t:|1699692265\n|start\n|switch|p1a: Ninetales|Ninetales-Alola, F, shiny|100\/100\n|switch|p2a: Zacian|Zacian-Crowned|100\/100\n|-ability|p2a: Zacian|Intrepid Sword|boost\n|-boost|p2a: Zacian|atk|1\n|-weather|Snow|[from] ability: Snow Warning|[of] p1a: Ninetales\n|turn|1\n|\n|t:|1699692285\n|-terastallize|p2a: Zacian|Fire\n|-terastallize|p1a: Ninetales|Fire\n|move|p2a: Zacian|Behemoth Blade|p1a: Ninetales\n|-resisted|p1a: Ninetales\n|-damage|p1a: Ninetales|33\/100\n|move|p1a: Ninetales|Dark Pulse|p2a: Zacian\n|-damage|p2a: Zacian|82\/100\n|\n|-weather|Snow|[upkeep]\n|upkeep\n|turn|2\n|\n|t:|1699692299\n|move|p2a: Zacian|Behemoth Blade|p1a: Ninetales\n|-resisted|p1a: Ninetales\n|-damage|p1a: Ninetales|0 fnt\n|faint|p1a: Ninetales\n|\n|-weather|Snow|[upkeep]\n|upkeep\n|\n|t:|1699692308\n|switch|p1a: Ribombee|Ribombee, F, shiny|100\/100\n|turn|3\n|\n|t:|1699692317\n|move|p2a: Zacian|Behemoth Blade|p1a: Ribombee\n|-supereffective|p1a: Ribombee\n|-damage|p1a: Ribombee|0 fnt\n|faint|p1a: Ribombee\n|\n|-weather|Snow|[upkeep]\n|upkeep\n|c|\u2606biryanilover|youre entire tea is just fairy\n|\n|t:|1699692331\n|switch|p1a: Sylveon|Sylveon, F, shiny|100\/100\n|turn|4\n|\n|t:|1699692345\n|move|p2a: Zacian|Behemoth Blade|p1a: Sylveon\n|-supereffective|p1a: Sylveon\n|-damage|p1a: Sylveon|0 fnt\n|faint|p1a: Sylveon\n|\n|-weather|Snow|[upkeep]\n|upkeep\n|c|\u2606biryanilover|use different type man\n|\n|t:|1699692352\n|switch|p1a: Flutter Mane|Flutter Mane, shiny|100\/100\n|-enditem|p1a: Flutter Mane|Booster Energy\n|-activate|p1a: Flutter Mane|ability: Protosynthesis|[fromitem]\n|-start|p1a: Flutter Mane|protosynthesisspe\n|turn|5\n|\n|t:|1699692359\n|move|p1a: Flutter Mane|Mystical Fire|p2a: Zacian\n|-resisted|p2a: Zacian\n|-damage|p2a: Zacian|70\/100\n|-unboost|p2a: Zacian|spa|1\n|move|p2a: Zacian|Behemoth Blade|p1a: Flutter Mane\n|-supereffective|p1a: Flutter Mane\n|-damage|p1a: Flutter Mane|0 fnt\n|faint|p1a: Flutter Mane\n|-end|p1a: Flutter Mane|Protosynthesis|[silent]\n|\n|-weather|none\n|upkeep\n|\n|t:|1699692370\n|switch|p1a: Grimmsnarl|Grimmsnarl, M, shiny|100\/100\n|-item|p2a: Zacian|Rusted Sword|[from] ability: Frisk|[of] p1a: Grimmsnarl|[identify]\n|turn|6\n|c|\u2606biryanilover|my terastelized to fire type\n|\n|t:|1699692381\n|move|p2a: Zacian|Behemoth Blade|p1a: Grimmsnarl\n|-supereffective|p1a: Grimmsnarl\n|-damage|p1a: Grimmsnarl|0 fnt\n|faint|p1a: Grimmsnarl\n|\n|upkeep\n|c|\u2606biryanilover|gg\n|\n|t:|1699692387\n|switch|p1a: Dedenne|Dedenne, F, shiny|100\/100\n|turn|7\n|c|\u2606biryanilover|i win\n|\n|t:|1699692393\n|move|p2a: Zacian|Behemoth Blade|p1a: Dedenne\n|-damage|p1a: Dedenne|0 fnt\n|faint|p1a: Dedenne\n|\n|win|biryanilover\n|raw|MaskedMiau's rating: 1000 &rarr; <strong>1000<\/strong><br \/>(+0 for losing)\n|raw|biryanilover's rating: 1204 &rarr; <strong>1216<\/strong><br \/>(+12 for winning)\n|l|\u2606MaskedMiau\n","uploadtime":1699692403,"views":5,"p1id":"maskedmiau","p2id":"biryanilover","formatid":"gen9ubers","rating":1000,"private":0,"password":""}