{"id":"gen9ubers-1970168519","p1":"Ct3tha","p2":"EvilMsSmash","format":"[Gen 9] Ubers","log":"|j|\u2606Ct3tha\n|j|\u2606EvilMsSmash\n|t:|1697604199\n|gametype|singles\n|player|p1|Ct3tha|102|1238\n|player|p2|EvilMsSmash|kieran-festival|1469\n|teamsize|p1|6\n|teamsize|p2|6\n|gen|9\n|tier|[Gen 9] Ubers\n|rated|\n|rule|Sleep Clause Mod: Limit one foe put to sleep\n|rule|Species Clause: Limit one of each Pok\u00e9mon\n|rule|OHKO Clause: OHKO moves are banned\n|rule|Evasion Items Clause: Evasion items are banned\n|rule|Evasion Moves Clause: Evasion moves are banned\n|rule|Endless Battle Clause: Forcing endless battles is banned\n|rule|HP Percentage Mod: HP is shown in percentages\n|clearpoke\n|poke|p1|Kyogre|\n|poke|p1|Miraidon|\n|poke|p1|Giratina|\n|poke|p1|Zacian-*|\n|poke|p1|Regieleki|\n|poke|p1|Arceus-Ice|\n|poke|p2|Kyogre|\n|poke|p2|Koraidon|\n|poke|p2|Iron Treads|\n|poke|p2|Eternatus|\n|poke|p2|Arceus-Fairy|\n|poke|p2|Kingambit, M|\n|teampreview\n|\n|t:|1697604207\n|start\n|switch|p1a: Arceus|Arceus-Ice|100\/100\n|switch|p2a: Koraidon|Koraidon|100\/100\n|-weather|SunnyDay|[from] ability: Orichalcum Pulse|[of] p2a: Koraidon\n|-activate|p2a: Koraidon|Orichalcum Pulse|[source]\n|turn|1\n|j| ZowwyCafe\u2764\n|\n|t:|1697604218\n|switch|p1a: Kyogre|Kyogre|100\/100\n|-weather|RainDance|[from] ability: Drizzle|[of] p1a: Kyogre\n|move|p2a: Koraidon|Flare Blitz|p1a: Kyogre\n|-resisted|p1a: Kyogre\n|-damage|p1a: Kyogre|84\/100\n|-damage|p2a: Koraidon|95\/100|[from] Recoil\n|\n|-weather|RainDance|[upkeep]\n|upkeep\n|turn|2\n|\n|t:|1697604226\n|switch|p2a: Eternatus|Eternatus|100\/100\n|-ability|p2a: Eternatus|Pressure\n|move|p1a: Kyogre|Water Spout|p2a: Eternatus\n|-resisted|p2a: Eternatus\n|-damage|p2a: Eternatus|50\/100\n|\n|-weather|RainDance|[upkeep]\n|upkeep\n|turn|3\n|\n|t:|1697604233\n|move|p2a: Eternatus|Recover|p2a: Eternatus\n|-heal|p2a: Eternatus|100\/100\n|move|p1a: Kyogre|Water Spout|p2a: Eternatus\n|-resisted|p2a: Eternatus\n|-damage|p2a: Eternatus|45\/100\n|\n|-weather|RainDance|[upkeep]\n|upkeep\n|turn|4\n|\n|t:|1697604238\n|move|p2a: Eternatus|Dynamax Cannon|p1a: Kyogre\n|-damage|p1a: Kyogre|49\/100\n|move|p1a: Kyogre|Water Spout|p2a: Eternatus\n|-resisted|p2a: Eternatus\n|-damage|p2a: Eternatus|15\/100\n|\n|-weather|RainDance|[upkeep]\n|upkeep\n|turn|5\n|\n|t:|1697604244\n|move|p2a: Eternatus|Recover|p2a: Eternatus\n|-heal|p2a: Eternatus|65\/100\n|move|p1a: Kyogre|Water Spout|p2a: Eternatus\n|-resisted|p2a: Eternatus\n|-damage|p2a: Eternatus|35\/100\n|\n|-weather|none\n|upkeep\n|turn|6\n|\n|t:|1697604247\n|move|p2a: Eternatus|Recover|p2a: Eternatus\n|-heal|p2a: Eternatus|86\/100\n|-activate|p1a: Kyogre|move: Struggle\n|move|p1a: Kyogre|Struggle|p2a: Eternatus\n|-damage|p2a: Eternatus|78\/100\n|-damage|p1a: Kyogre|24\/100|[from] recoil\n|\n|upkeep\n|turn|7\n|inactive|Battle timer is ON: inactive players will automatically lose when time's up. (requested by Ct3tha)\n|\n|t:|1697604253\n|move|p2a: Eternatus|Flamethrower|p1a: Kyogre\n|-resisted|p1a: Kyogre\n|-damage|p1a: Kyogre|13\/100\n|-activate|p1a: Kyogre|move: Struggle\n|move|p1a: Kyogre|Struggle|p2a: Eternatus\n|-damage|p2a: Eternatus|71\/100\n|-damage|p1a: Kyogre|0 fnt|[from] recoil\n|faint|p1a: Kyogre\n|\n|upkeep\n|\n|t:|1697604257\n|switch|p1a: Arceus|Arceus-Ice|100\/100\n|turn|8\n|\n|t:|1697604264\n|-terastallize|p2a: Eternatus|Water\n|move|p2a: Eternatus|Flamethrower|p1a: Arceus\n|-supereffective|p1a: Arceus\n|-damage|p1a: Arceus|61\/100\n|move|p1a: Arceus|Judgment|p2a: Eternatus\n|-resisted|p2a: Eternatus\n|-damage|p2a: Eternatus|56\/100\n|\n|upkeep\n|turn|9\n|\n|t:|1697604268\n|move|p2a: Eternatus|Recover|p2a: Eternatus\n|-heal|p2a: Eternatus|100\/100\n|move|p1a: Arceus|Thunderbolt|p2a: Eternatus\n|-supereffective|p2a: Eternatus\n|-damage|p2a: Eternatus|70\/100\n|\n|upkeep\n|turn|10\n|\n|t:|1697604272\n|move|p2a: Eternatus|Flamethrower|p1a: Arceus\n|-supereffective|p1a: Arceus\n|-damage|p1a: Arceus|20\/100\n|move|p1a: Arceus|Calm Mind|p1a: Arceus\n|-boost|p1a: Arceus|spa|1\n|-boost|p1a: Arceus|spd|1\n|\n|upkeep\n|turn|11\n|\n|t:|1697604277\n|switch|p2a: Iron Treads|Iron Treads|100\/100\n|move|p1a: Arceus|Recover|p1a: Arceus\n|-heal|p1a: Arceus|70\/100\n|\n|upkeep\n|turn|12\n|\n|t:|1697604281\n|move|p1a: Arceus|Judgment|p2a: Iron Treads\n|-damage|p2a: Iron Treads|41\/100\n|move|p2a: Iron Treads|Knock Off|p1a: Arceus\n|-damage|p1a: Arceus|59\/100\n|\n|-heal|p2a: Iron Treads|47\/100|[from] item: Leftovers\n|upkeep\n|turn|13\n|\n|t:|1697604287\n|move|p1a: Arceus|Recover|p1a: Arceus\n|-heal|p1a: Arceus|100\/100\n|move|p2a: Iron Treads|Stealth Rock|p1a: Arceus\n|-sidestart|p1: Ct3tha|move: Stealth Rock\n|\n|-heal|p2a: Iron Treads|53\/100|[from] item: Leftovers\n|upkeep\n|turn|14\n|\n|t:|1697604290\n|move|p1a: Arceus|Calm Mind|p1a: Arceus\n|-boost|p1a: Arceus|spa|1\n|-boost|p1a: Arceus|spd|1\n|move|p2a: Iron Treads|Rapid Spin|p1a: Arceus\n|-damage|p1a: Arceus|93\/100\n|-boost|p2a: Iron Treads|spe|1\n|\n|-heal|p2a: Iron Treads|60\/100|[from] item: Leftovers\n|upkeep\n|turn|15\n|\n|t:|1697604294\n|move|p1a: Arceus|Judgment|p2a: Iron Treads\n|-damage|p2a: Iron Treads|0 fnt\n|faint|p2a: Iron Treads\n|-end|p2a: Iron Treads|Quark Drive|[silent]\n|\n|upkeep\n|\n|t:|1697604298\n|switch|p2a: Kingambit|Kingambit, M|100\/100\n|-activate|p2a: Kingambit|ability: Supreme Overlord\n|-start|p2a: Kingambit|fallen1|[silent]\n|turn|16\n|\n|t:|1697604301\n|move|p1a: Arceus|Thunderbolt|p2a: Kingambit\n|-damage|p2a: Kingambit|53\/100\n|move|p2a: Kingambit|Iron Head|p1a: Arceus\n|-supereffective|p1a: Arceus\n|-damage|p1a: Arceus|30\/100\n|\n|-heal|p2a: Kingambit|59\/100|[from] item: Leftovers\n|upkeep\n|turn|17\n|\n|t:|1697604305\n|move|p1a: Arceus|Recover|p1a: Arceus\n|-heal|p1a: Arceus|80\/100\n|move|p2a: Kingambit|Iron Head|p1a: Arceus\n|-supereffective|p1a: Arceus\n|-crit|p1a: Arceus\n|-damage|p1a: Arceus|0 fnt\n|faint|p1a: Arceus\n|\n|-heal|p2a: Kingambit|65\/100|[from] item: Leftovers\n|upkeep\n|\n|t:|1697604310\n|switch|p1a: Regieleki|Regieleki|100\/100\n|-damage|p1a: Regieleki|88\/100|[from] Stealth Rock\n|turn|18\n|\n|t:|1697604314\n|move|p1a: Regieleki|Thunderbolt|p2a: Kingambit\n|-damage|p2a: Kingambit|11\/100\n|move|p2a: Kingambit|Kowtow Cleave|p1a: Regieleki\n|-damage|p1a: Regieleki|0 fnt\n|faint|p1a: Regieleki\n|\n|-heal|p2a: Kingambit|18\/100|[from] item: Leftovers\n|upkeep\n|\n|t:|1697604319\n|switch|p1a: Giratina|Giratina|100\/100\n|-damage|p1a: Giratina|88\/100|[from] Stealth Rock\n|-ability|p1a: Giratina|Pressure\n|turn|19\n|\n|t:|1697604323\n|move|p1a: Giratina|Defog|p2a: Kingambit\n|-unboost|p2a: Kingambit|evasion|1\n|-sideend|p1: Ct3tha|Stealth Rock|[from] move: Defog|[of] p1a: Giratina\n|move|p2a: Kingambit|Kowtow Cleave|p1a: Giratina\n|-supereffective|p1a: Giratina\n|-damage|p1a: Giratina|29\/100\n|\n|-heal|p1a: Giratina|35\/100|[from] item: Leftovers\n|-heal|p2a: Kingambit|24\/100|[from] item: Leftovers\n|upkeep\n|turn|20\n|\n|t:|1697604328\n|move|p2a: Kingambit|Sucker Punch|p1a: Giratina\n|-supereffective|p1a: Giratina\n|-damage|p1a: Giratina|0 fnt\n|faint|p1a: Giratina\n|\n|-heal|p2a: Kingambit|30\/100|[from] item: Leftovers\n|upkeep\n|\n|t:|1697604332\n|switch|p1a: Zacian|Zacian-Crowned|100\/100\n|-ability|p1a: Zacian|Intrepid Sword|boost\n|-boost|p1a: Zacian|atk|1\n|turn|21\n|\n|t:|1697604335\n|move|p1a: Zacian|Sacred Sword|p2a: Kingambit\n|-supereffective|p2a: Kingambit\n|-damage|p2a: Kingambit|0 fnt\n|faint|p2a: Kingambit\n|-end|p2a: Kingambit|fallen1|[silent]\n|\n|upkeep\n|\n|t:|1697604337\n|switch|p2a: Kyogre|Kyogre|100\/100\n|-weather|RainDance|[from] ability: Drizzle|[of] p2a: Kyogre\n|turn|22\n|\n|t:|1697604341\n|move|p2a: Kyogre|Water Spout|p1a: Zacian\n|-damage|p1a: Zacian|0 fnt\n|faint|p1a: Zacian\n|\n|-weather|RainDance|[upkeep]\n|upkeep\n|\n|t:|1697604344\n|switch|p1a: Miraidon|Miraidon|100\/100\n|-fieldstart|move: Electric Terrain|[from] ability: Hadron Engine|[of] p1a: Miraidon\n|turn|23\n|\n|t:|1697604351\n|move|p1a: Miraidon|Electro Drift|p2a: Kyogre\n|-supereffective|p2a: Kyogre\n|-damage|p2a: Kyogre|0 fnt\n|faint|p2a: Kyogre\n|\n|-weather|RainDance|[upkeep]\n|upkeep\n|\n|t:|1697604355\n|switch|p2a: Koraidon|Koraidon|95\/100\n|-weather|SunnyDay|[from] ability: Orichalcum Pulse|[of] p2a: Koraidon\n|-activate|p2a: Koraidon|Orichalcum Pulse|[source]\n|turn|24\n|\n|t:|1697604358\n|-terastallize|p1a: Miraidon|Fire\n|move|p1a: Miraidon|Electro Drift|p2a: Koraidon\n|-resisted|p2a: Koraidon\n|-damage|p2a: Koraidon|45\/100\n|move|p2a: Koraidon|Dragon Claw|p1a: Miraidon\n|-damage|p1a: Miraidon|17\/100\n|\n|-weather|SunnyDay|[upkeep]\n|upkeep\n|turn|25\n|\n|t:|1697604363\n|move|p1a: Miraidon|Electro Drift|p2a: Koraidon\n|-resisted|p2a: Koraidon\n|-damage|p2a: Koraidon|0 fnt\n|faint|p2a: Koraidon\n|\n|-weather|SunnyDay|[upkeep]\n|upkeep\n|\n|t:|1697604366\n|switch|p2a: Arceus|Arceus-Fairy|100\/100\n|turn|26\n|\n|t:|1697604368\n|move|p1a: Miraidon|Electro Drift|p2a: Arceus\n|-damage|p2a: Arceus|38\/100\n|move|p2a: Arceus|Judgment|p1a: Miraidon\n|-resisted|p1a: Miraidon\n|-damage|p1a: Miraidon|0 fnt\n|faint|p1a: Miraidon\n|\n|win|EvilMsSmash\n|raw|Ct3tha's rating: 1238 &rarr; <strong>1228<\/strong><br \/>(-10 for losing)\n|raw|EvilMsSmash's rating: 1469 &rarr; <strong>1477<\/strong><br \/>(+8 for winning)\n","uploadtime":1697604372,"views":18,"p1id":"ct3tha","p2id":"evilmssmash","formatid":"gen9ubers","rating":1228,"private":0,"password":""}