{"id":"gen9ubers-1978289995","p1":"TurtleSix","p2":"mlenny95","format":"[Gen 9] Ubers","log":"|j|\u2606TurtleSix\n|j|\u2606mlenny95\n|t:|1698521417\n|gametype|singles\n|player|p1|TurtleSix|169|\n|player|p2|mlenny95|fisherman|\n|teamsize|p1|6\n|teamsize|p2|6\n|gen|9\n|tier|[Gen 9] Ubers\n|rule|Sleep Clause Mod: Limit one foe put to sleep\n|rule|Species Clause: Limit one of each Pok\u00e9mon\n|rule|OHKO Clause: OHKO moves are banned\n|rule|Evasion Items Clause: Evasion items are banned\n|rule|Evasion Moves Clause: Evasion moves are banned\n|rule|Endless Battle Clause: Forcing endless battles is banned\n|rule|HP Percentage Mod: HP is shown in percentages\n|clearpoke\n|poke|p1|Houndstone, F|\n|poke|p1|Corviknight, M|\n|poke|p1|Gastrodon, M|\n|poke|p1|Hippowdon, M|\n|poke|p1|Garchomp, F|\n|poke|p1|Tyranitar, M|\n|poke|p2|Dragapult, F|\n|poke|p2|Kingambit, M|\n|poke|p2|Amoonguss, M|\n|poke|p2|Skeledirge, M|\n|poke|p2|Orthworm, M|\n|poke|p2|Haxorus, F|\n|teampreview\n|c|\u2606TurtleSix|gl hf!\n|c|\u2606mlenny95|gl hf\n|\n|t:|1698521445\n|start\n|switch|p1a: Tyranitar|Tyranitar, M|100\/100\n|switch|p2a: Garchump|Haxorus, F|100\/100\n|-ability|p2a: Garchump|Mold Breaker\n|-weather|Sandstorm|[from] ability: Sand Stream|[of] p1a: Tyranitar\n|turn|1\n|\n|t:|1698521466\n|switch|p2a: Amoonguss|Amoonguss, M, shiny|100\/100\n|move|p1a: Tyranitar|Knock Off|p2a: Amoonguss\n|-damage|p2a: Amoonguss|41\/100\n|-enditem|p2a: Amoonguss|Black Sludge|[from] move: Knock Off|[of] p1a: Tyranitar\n|\n|-weather|Sandstorm|[upkeep]\n|-damage|p2a: Amoonguss|35\/100|[from] Sandstorm\n|upkeep\n|turn|2\n|\n|t:|1698521476\n|move|p1a: Tyranitar|Knock Off|p2a: Amoonguss\n|-damage|p2a: Amoonguss|0 fnt\n|faint|p2a: Amoonguss\n|\n|-weather|Sandstorm|[upkeep]\n|upkeep\n|c|\u2606mlenny95|oof\n|c|\u2606mlenny95|rough start\n|\n|t:|1698521513\n|switch|p2a: u ready?|Orthworm, M, shiny|100\/100\n|turn|3\n|\n|t:|1698521524\n|move|p2a: u ready?|Body Press|p1a: Tyranitar\n|-supereffective|p1a: Tyranitar\n|-damage|p1a: Tyranitar|0 fnt\n|faint|p1a: Tyranitar\n|\n|-weather|Sandstorm|[upkeep]\n|upkeep\n|\n|t:|1698521539\n|switch|p1a: Hippowdon|Hippowdon, M|100\/100\n|turn|4\n|\n|t:|1698521578\n|move|p2a: u ready?|Stealth Rock|p1a: Hippowdon\n|-sidestart|p1: TurtleSix|move: Stealth Rock\n|move|p1a: Hippowdon|Earthquake|p2a: u ready?\n|-immune|p2a: u ready?|[from] ability: Earth Eater\n|\n|-weather|Sandstorm|[upkeep]\n|upkeep\n|turn|5\n|\n|t:|1698521595\n|move|p2a: u ready?|Shed Tail|p2a: u ready?\n|-start|p2a: u ready?|Substitute|[from] move: Shed Tail\n|-damage|p2a: u ready?|50\/100\n|\n|t:|1698521615\n|switch|p2a: u ded|Dragapult, F|100\/100|[from] Shed Tail\n|move|p1a: Hippowdon|Stealth Rock|p2a: u ded\n|-sidestart|p2: mlenny95|move: Stealth Rock\n|\n|-weather|none\n|upkeep\n|turn|6\n|\n|t:|1698521625\n|move|p2a: u ded|Dragon Dance|p2a: u ded\n|-boost|p2a: u ded|atk|1\n|-boost|p2a: u ded|spe|1\n|move|p1a: Hippowdon|Earthquake|p2a: u ded\n|-end|p2a: u ded|Substitute\n|\n|upkeep\n|turn|7\n|\n|t:|1698521643\n|move|p2a: u ded|Dragon Darts|p1a: Hippowdon\n|-crit|p1a: Hippowdon\n|-damage|p1a: Hippowdon|62\/100\n|-anim|p2a: u ded|Dragon Darts|p1a: Hippowdon\n|-damage|p1a: Hippowdon|37\/100\n|move|p1a: Hippowdon|Yawn|p2a: u ded\n|-start|p2a: u ded|move: Yawn|[of] p1a: Hippowdon\n|\n|upkeep\n|turn|8\n|\n|t:|1698521657\n|switch|p2a: u ready?|Orthworm, M, shiny|50\/100\n|-damage|p2a: u ready?|44\/100|[from] Stealth Rock\n|switch|p1a: Corviknight|Corviknight, M|100\/100\n|-ability|p1a: Corviknight|Pressure\n|\n|-heal|p2a: u ready?|50\/100|[from] item: Leftovers\n|upkeep\n|turn|9\n|\n|t:|1698521683\n|switch|p2a: Skeledirge|Skeledirge, M, shiny|100\/100\n|move|p1a: Corviknight|Iron Head|p2a: Skeledirge\n|-resisted|p2a: Skeledirge\n|-damage|p2a: Skeledirge|92\/100\n|\n|upkeep\n|turn|10\n|\n|t:|1698521711\n|switch|p1a: Gastrodon|Gastrodon, M|100\/100\n|-damage|p1a: Gastrodon|94\/100|[from] Stealth Rock\n|move|p2a: Skeledirge|Will-O-Wisp|p1a: Gastrodon\n|-status|p1a: Gastrodon|brn\n|\n|-heal|p1a: Gastrodon|100\/100 brn|[from] item: Leftovers\n|-damage|p1a: Gastrodon|94\/100 brn|[from] brn\n|upkeep\n|turn|11\n|\n|t:|1698521759\n|switch|p2a: u ded|Dragapult, F|100\/100\n|move|p1a: Gastrodon|Spikes|p2a: u ded\n|-sidestart|p2: mlenny95|Spikes\n|\n|-heal|p1a: Gastrodon|100\/100 brn|[from] item: Leftovers\n|-damage|p1a: Gastrodon|94\/100 brn|[from] brn\n|upkeep\n|turn|12\n|\n|t:|1698521768\n|move|p2a: u ded|Dragon Dance|p2a: u ded\n|-boost|p2a: u ded|atk|1\n|-boost|p2a: u ded|spe|1\n|move|p1a: Gastrodon|Ice Beam|p2a: u ded\n|-supereffective|p2a: u ded\n|-damage|p2a: u ded|49\/100\n|\n|-heal|p1a: Gastrodon|100\/100 brn|[from] item: Leftovers\n|-damage|p1a: Gastrodon|94\/100 brn|[from] brn\n|upkeep\n|turn|13\n|\n|t:|1698521787\n|move|p2a: u ded|Dragon Darts|p1a: Gastrodon\n|-damage|p1a: Gastrodon|52\/100 brn\n|-anim|p2a: u ded|Dragon Darts|p1a: Gastrodon\n|-damage|p1a: Gastrodon|4\/100 brn\n|move|p1a: Gastrodon|Ice Beam|p2a: u ded\n|-supereffective|p2a: u ded\n|-damage|p2a: u ded|0 fnt\n|faint|p2a: u ded\n|\n|-heal|p1a: Gastrodon|11\/100 brn|[from] item: Leftovers\n|-damage|p1a: Gastrodon|4\/100 brn|[from] brn\n|upkeep\n|c|\u2606mlenny95|oof\n|\n|t:|1698521816\n|switch|p2a: Skeledirge|Skeledirge, M, shiny|92\/100\n|turn|14\n|\n|t:|1698521831\n|move|p2a: Skeledirge|Torch Song|p1a: Gastrodon\n|-resisted|p1a: Gastrodon\n|-damage|p1a: Gastrodon|0 fnt\n|-boost|p2a: Skeledirge|spa|1\n|faint|p1a: Gastrodon\n|\n|upkeep\n|\n|t:|1698521836\n|switch|p1a: Garchomp|Garchomp, F|100\/100\n|-damage|p1a: Garchomp|94\/100|[from] Stealth Rock\n|turn|15\n|\n|t:|1698521870\n|switch|p2a: u ready?|Orthworm, M, shiny|50\/100\n|-damage|p2a: u ready?|44\/100|[from] Stealth Rock\n|-damage|p2a: u ready?|32\/100|[from] Spikes\n|move|p1a: Garchomp|Swords Dance|p1a: Garchomp\n|-boost|p1a: Garchomp|atk|2\n|\n|-heal|p2a: u ready?|38\/100|[from] item: Leftovers\n|upkeep\n|turn|16\n|\n|t:|1698521899\n|move|p1a: Garchomp|Swords Dance|p1a: Garchomp\n|-boost|p1a: Garchomp|atk|2\n|move|p2a: u ready?|Body Press|p1a: Garchomp\n|-damage|p1a: Garchomp|63\/100\n|-damage|p2a: u ready?|25\/100|[from] ability: Rough Skin|[of] p1a: Garchomp\n|-damage|p2a: u ready?|9\/100|[from] item: Rocky Helmet|[of] p1a: Garchomp\n|\n|-heal|p2a: u ready?|15\/100|[from] item: Leftovers\n|upkeep\n|turn|17\n|\n|t:|1698521911\n|move|p1a: Garchomp|Outrage|p2a: u ready?\n|-resisted|p2a: u ready?\n|-damage|p2a: u ready?|0 fnt\n|faint|p2a: u ready?\n|\n|upkeep\n|\n|t:|1698521953\n|switch|p2a: Garchump|Haxorus, F|100\/100\n|-damage|p2a: Garchump|88\/100|[from] Stealth Rock\n|-damage|p2a: Garchump|76\/100|[from] Spikes\n|-ability|p2a: Garchump|Mold Breaker\n|turn|18\n|\n|t:|1698521961\n|move|p2a: Garchump|Outrage|p1a: Garchomp\n|-supereffective|p1a: Garchomp\n|-damage|p1a: Garchomp|0 fnt\n|-damage|p2a: Garchump|64\/100|[from] ability: Rough Skin|[of] p1a: Garchomp\n|-damage|p2a: Garchump|47\/100|[from] item: Rocky Helmet|[of] p1a: Garchomp\n|faint|p1a: Garchomp\n|\n|upkeep\n|\n|t:|1698521969\n|switch|p1a: Hippowdon|Hippowdon, M|37\/100\n|-damage|p1a: Hippowdon|31\/100|[from] Stealth Rock\n|-weather|Sandstorm|[from] ability: Sand Stream|[of] p1a: Hippowdon\n|turn|19\n|\n|t:|1698521984\n|switch|p1a: Corviknight|Corviknight, M|100\/100\n|-ability|p1a: Corviknight|Pressure\n|move|p2a: Garchump|Outrage|p1a: Corviknight|[from]lockedmove\n|-resisted|p1a: Corviknight\n|-damage|p1a: Corviknight|74\/100\n|-start|p2a: Garchump|confusion|[fatigue]\n|\n|-weather|Sandstorm|[upkeep]\n|-damage|p2a: Garchump|41\/100|[from] Sandstorm\n|upkeep\n|turn|20\n|\n|t:|1698521996\n|switch|p2a: Skeledirge|Skeledirge, M, shiny|92\/100\n|move|p1a: Corviknight|Roost|p1a: Corviknight\n|-heal|p1a: Corviknight|100\/100\n|-singleturn|p1a: Corviknight|move: Roost\n|\n|-weather|Sandstorm|[upkeep]\n|-damage|p2a: Skeledirge|86\/100|[from] Sandstorm\n|upkeep\n|turn|21\n|\n|t:|1698522007\n|move|p1a: Corviknight|Brave Bird|p2a: Skeledirge\n|-damage|p2a: Skeledirge|59\/100\n|-damage|p1a: Corviknight|91\/100|[from] Recoil\n|move|p2a: Skeledirge|Torch Song|p1a: Corviknight\n|-supereffective|p1a: Corviknight\n|-damage|p1a: Corviknight|40\/100\n|-boost|p2a: Skeledirge|spa|1\n|\n|-weather|Sandstorm|[upkeep]\n|-damage|p2a: Skeledirge|52\/100|[from] Sandstorm\n|upkeep\n|turn|22\n|\n|t:|1698522018\n|move|p1a: Corviknight|Brave Bird|p2a: Skeledirge\n|-damage|p2a: Skeledirge|26\/100\n|-damage|p1a: Corviknight|31\/100|[from] Recoil\n|move|p2a: Skeledirge|Torch Song|p1a: Corviknight\n|-supereffective|p1a: Corviknight\n|-damage|p1a: Corviknight|0 fnt\n|-boost|p2a: Skeledirge|spa|1\n|faint|p1a: Corviknight\n|\n|-weather|Sandstorm|[upkeep]\n|-damage|p2a: Skeledirge|20\/100|[from] Sandstorm\n|upkeep\n|\n|t:|1698522031\n|switch|p1a: Houndstone|Houndstone, F|100\/100\n|-damage|p1a: Houndstone|88\/100|[from] Stealth Rock\n|turn|23\n|\n|t:|1698522037\n|-terastallize|p1a: Houndstone|Fairy\n|move|p1a: Houndstone|Play Rough|p2a: Skeledirge\n|-resisted|p2a: Skeledirge\n|-damage|p2a: Skeledirge|0 fnt\n|faint|p2a: Skeledirge\n|\n|-weather|Sandstorm|[upkeep]\n|upkeep\n|\n|t:|1698522046\n|switch|p2a: Garchump|Haxorus, F|41\/100\n|-damage|p2a: Garchump|29\/100|[from] Stealth Rock\n|-damage|p2a: Garchump|16\/100|[from] Spikes\n|-ability|p2a: Garchump|Mold Breaker\n|turn|24\n|\n|t:|1698522071\n|move|p1a: Houndstone|Play Rough|p2a: Garchump\n|-supereffective|p2a: Garchump\n|-damage|p2a: Garchump|0 fnt\n|faint|p2a: Garchump\n|\n|-weather|Sandstorm|[upkeep]\n|upkeep\n|\n|t:|1698522080\n|switch|p2a: 4th Quarter|Kingambit, M, shiny|100\/100\n|-damage|p2a: 4th Quarter|94\/100|[from] Stealth Rock\n|-activate|p2a: 4th Quarter|ability: Supreme Overlord\n|-start|p2a: 4th Quarter|fallen5|[silent]\n|-item|p2a: 4th Quarter|Air Balloon\n|turn|25\n|\n|t:|1698522138\n|move|p1a: Houndstone|Play Rough|p2a: 4th Quarter|[miss]\n|-miss|p1a: Houndstone|p2a: 4th Quarter\n|move|p2a: 4th Quarter|Iron Head|p1a: Houndstone\n|-supereffective|p1a: Houndstone\n|-damage|p1a: Houndstone|0 fnt\n|faint|p1a: Houndstone\n|\n|-weather|Sandstorm|[upkeep]\n|upkeep\n|\n|t:|1698522146\n|switch|p1a: Hippowdon|Hippowdon, M|31\/100\n|-damage|p1a: Hippowdon|25\/100|[from] Stealth Rock\n|turn|26\n|\n|t:|1698522162\n|move|p2a: 4th Quarter|Kowtow Cleave|p1a: Hippowdon\n|-damage|p1a: Hippowdon|0 fnt\n|faint|p1a: Hippowdon\n|\n|win|mlenny95\n|c|\u2606TurtleSix|ggs close\n|c|\u2606mlenny95|gg man\n|c|\u2606mlenny95|close one\n","uploadtime":1698522177,"views":34,"p1id":"turtlesix","p2id":"mlenny95","formatid":"gen9ubers","rating":0,"private":0,"password":""}