{"id":"gen9ubers-1980469338","p1":"HelloThereMites","p2":"attesting","format":"[Gen 9] Ubers","log":"|j|\u2606HelloThereMites\n|j|\u2606attesting\n|t:|1698787863\n|gametype|singles\n|player|p1|HelloThereMites|alec-anime|1157\n|player|p2|attesting|170|1040\n|teamsize|p1|6\n|teamsize|p2|6\n|gen|9\n|tier|[Gen 9] Ubers\n|rated|\n|rule|Sleep Clause Mod: Limit one foe put to sleep\n|rule|Species Clause: Limit one of each Pok\u00e9mon\n|rule|OHKO Clause: OHKO moves are banned\n|rule|Evasion Items Clause: Evasion items are banned\n|rule|Evasion Moves Clause: Evasion moves are banned\n|rule|Endless Battle Clause: Forcing endless battles is banned\n|rule|HP Percentage Mod: HP is shown in percentages\n|clearpoke\n|poke|p1|Ogerpon-Hearthflame, F|\n|poke|p1|Zacian-*|\n|poke|p1|Flutter Mane|\n|poke|p1|Iron Bundle|\n|poke|p1|Chien-Pao|\n|poke|p1|Koraidon|\n|poke|p2|Annihilape, F|\n|poke|p2|Goodra-Hisui, F|\n|poke|p2|Mew|\n|poke|p2|Calyrex-Ice|\n|poke|p2|Zacian-*|\n|poke|p2|Eternatus|\n|teampreview\n|inactive|Battle timer is ON: inactive players will automatically lose when time's up. (requested by HelloThereMites)\n|\n|t:|1698787890\n|start\n|switch|p1a: Ogerpon|Ogerpon-Hearthflame, F|100\/100\n|switch|p2a: Mew|Mew|100\/100\n|-ability|p1a: Ogerpon|Mold Breaker\n|turn|1\n|\n|t:|1698787899\n|move|p2a: Mew|Toxic Spikes|p1a: Ogerpon\n|-sidestart|p1: HelloThereMites|move: Toxic Spikes\n|move|p1a: Ogerpon|Swords Dance|p1a: Ogerpon\n|-boost|p1a: Ogerpon|atk|2\n|\n|upkeep\n|turn|2\n|\n|t:|1698787906\n|move|p2a: Mew|Toxic Spikes|p1a: Ogerpon\n|-sidestart|p1: HelloThereMites|move: Toxic Spikes\n|move|p1a: Ogerpon|Trailblaze|p2a: Mew\n|-damage|p2a: Mew|42\/100\n|-boost|p1a: Ogerpon|spe|1\n|\n|upkeep\n|turn|3\n|\n|t:|1698787914\n|move|p1a: Ogerpon|Trailblaze|p2a: Mew\n|-damage|p2a: Mew|0 fnt\n|-boost|p1a: Ogerpon|spe|1\n|faint|p2a: Mew\n|\n|upkeep\n|\n|t:|1698787925\n|switch|p2a: Goodra|Goodra-Hisui, F|100\/100\n|turn|4\n|\n|t:|1698787930\n|-terastallize|p1a: Ogerpon|Fire\n|detailschange|p1a: Ogerpon|Ogerpon-Hearthflame-Tera, F, tera:Fire\n|-ability|p1a: Ogerpon|Embody Aspect (Hearthflame)|boost\n|-boost|p1a: Ogerpon|atk|1\n|move|p1a: Ogerpon|Ivy Cudgel|p2a: Goodra\n|-damage|p2a: Goodra|0 fnt\n|faint|p2a: Goodra\n|\n|upkeep\n|\n|t:|1698787940\n|switch|p2a: Annihilape|Annihilape, F|100\/100\n|turn|5\n|\n|t:|1698787945\n|move|p1a: Ogerpon|Ivy Cudgel|p2a: Annihilape\n|-crit|p2a: Annihilape\n|-damage|p2a: Annihilape|0 fnt\n|faint|p2a: Annihilape\n|\n|upkeep\n|\n|t:|1698787951\n|switch|p2a: Calyrex|Calyrex-Ice|100\/100\n|-ability|p2a: Calyrex|As One\n|-ability|p2a: Calyrex|Unnerve\n|turn|6\n|\n|t:|1698787961\n|move|p1a: Ogerpon|Ivy Cudgel|p2a: Calyrex\n|-supereffective|p2a: Calyrex\n|-damage|p2a: Calyrex|0 fnt\n|faint|p2a: Calyrex\n|\n|upkeep\n|\n|t:|1698787966\n|switch|p2a: Zacian|Zacian|100\/100\n|-ability|p2a: Zacian|Intrepid Sword|boost\n|-boost|p2a: Zacian|atk|1\n|turn|7\n|\n|t:|1698787976\n|move|p1a: Ogerpon|Ivy Cudgel|p2a: Zacian\n|-damage|p2a: Zacian|0 fnt\n|faint|p2a: Zacian\n|\n|upkeep\n|\n|t:|1698787979\n|switch|p2a: Eternatus|Eternatus|100\/100\n|-ability|p2a: Eternatus|Pressure\n|turn|8\n|\n|t:|1698787992\n|-terastallize|p2a: Eternatus|Poison\n|move|p1a: Ogerpon|Ivy Cudgel|p2a: Eternatus\n|-crit|p2a: Eternatus\n|-damage|p2a: Eternatus|0 fnt\n|faint|p2a: Eternatus\n|\n|win|HelloThereMites\n|raw|HelloThereMites's rating: 1157 &rarr; <strong>1174<\/strong><br \/>(+17 for winning)\n|raw|attesting's rating: 1040 &rarr; <strong>1029<\/strong><br \/>(-11 for losing)\n","uploadtime":1698788000,"views":8,"p1id":"hellotheremites","p2id":"attesting","formatid":"gen9ubers","rating":1029,"private":0,"password":""}