{"id":"gen9ubers-1986028420","p1":"thatguy_313","p2":"DoctorSnowman","format":"[Gen 9] Ubers","log":"|j|\u2606thatguy_313\n|j|\u2606DoctorSnowman\n|t:|1699440879\n|gametype|singles\n|player|p1|thatguy_313|larry|\n|player|p2|DoctorSnowman|101|\n|teamsize|p1|6\n|teamsize|p2|6\n|gen|9\n|tier|[Gen 9] Ubers\n|rule|Sleep Clause Mod: Limit one foe put to sleep\n|rule|Species Clause: Limit one of each Pok\u00e9mon\n|rule|OHKO Clause: OHKO moves are banned\n|rule|Evasion Items Clause: Evasion items are banned\n|rule|Evasion Moves Clause: Evasion moves are banned\n|rule|Endless Battle Clause: Forcing endless battles is banned\n|rule|HP Percentage Mod: HP is shown in percentages\n|clearpoke\n|poke|p1|Barraskewda, M|\n|poke|p1|Rillaboom, F|\n|poke|p1|Pelipper, F|\n|poke|p1|Golduck, F|\n|poke|p1|Forretress, F|\n|poke|p1|Kilowattrel, M|\n|poke|p2|Great Tusk|\n|poke|p2|Noivern, M|\n|poke|p2|Azumarill, M|\n|poke|p2|Quagsire, M|\n|poke|p2|Jolteon, F|\n|poke|p2|Misdreavus, M|\n|teampreview\n|c|\u2606thatguy_313|glhf\n|c|\u2606DoctorSnowman|glhf\n|j| nicneg\n|j| stealthr2\n|\n|t:|1699440946\n|start\n|switch|p1a: ZapdosAtHome|Kilowattrel, M|100\/100\n|switch|p2a: Quagsire|Quagsire, M|100\/100\n|turn|1\n|l|\u2606thatguy_313\n|player|p1|\n|j|\u2606thatguy_313\n|player|p1|thatguy_313|larry\n|\n|t:|1699440995\n|move|p1a: ZapdosAtHome|U-turn|p2a: Quagsire\n|-damage|p2a: Quagsire|92\/100\n|\n|t:|1699440999\n|switch|p1a: BringTheRain|Pelipper, F|100\/100|[from] U-turn\n|move|p2a: Quagsire|Stealth Rock|p1a: BringTheRain\n|-sidestart|p1: thatguy_313|move: Stealth Rock\n|\n|-heal|p2a: Quagsire|98\/100|[from] item: Leftovers\n|upkeep\n|turn|2\n|c| stealthr2|errrr\n|c|\u2606thatguy_313|oop\n|c| nicneg|Umm\n|c|\u2606DoctorSnowman|hello? rain?\n|\n|t:|1699441038\n|move|p1a: BringTheRain|Hurricane|p2a: Quagsire|[miss]\n|-miss|p1a: BringTheRain|p2a: Quagsire\n|move|p2a: Quagsire|Toxic|p1a: BringTheRain\n|-status|p1a: BringTheRain|tox\n|\n|-heal|p2a: Quagsire|100\/100|[from] item: Leftovers\n|-damage|p1a: BringTheRain|94\/100 tox|[from] psn\n|upkeep\n|turn|3\n|c| nicneg|Got that keen eye\n|l|\u2606thatguy_313\n|player|p1|\n|c| nicneg|He\u2019s all over the shop lol\n|j|\u2606thatguy_313\n|player|p1|thatguy_313|larry\n|\n|t:|1699441072\n|switch|p2a: Jolteon|Jolteon, F, shiny|100\/100\n|move|p1a: BringTheRain|Hurricane|p2a: Jolteon\n|-resisted|p2a: Jolteon\n|-damage|p2a: Jolteon|68\/100\n|-start|p2a: Jolteon|confusion\n|\n|-damage|p1a: BringTheRain|82\/100 tox|[from] psn\n|upkeep\n|turn|4\n|\n|t:|1699441093\n|switch|p1a: ZapdosAtHome|Kilowattrel, M|100\/100\n|-damage|p1a: ZapdosAtHome|76\/100|[from] Stealth Rock\n|-activate|p2a: Jolteon|confusion\n|move|p2a: Jolteon|Thunderbolt|p1a: ZapdosAtHome\n|-heal|p1a: ZapdosAtHome|100\/100|[from] ability: Volt Absorb|[of] p2a: Jolteon\n|\n|upkeep\n|turn|5\n|\n|t:|1699441117\n|-terastallize|p1a: ZapdosAtHome|Ice\n|-activate|p2a: Jolteon|confusion\n|-damage|p2a: Jolteon|60\/100|[from] confusion\n|move|p1a: ZapdosAtHome|Tera Blast|p2a: Jolteon|[anim] Tera Blast Ice\n|-damage|p2a: Jolteon|15\/100\n|\n|upkeep\n|turn|6\n|l|\u2606thatguy_313\n|player|p1|\n|j|\u2606thatguy_313\n|player|p1|thatguy_313|larry\n|l|\u2606thatguy_313\n|player|p1|\n|c| stealthr2|someone\u2019s with optus\n|j|\u2606thatguy_313\n|player|p1|thatguy_313|larry\n|\n|t:|1699441217\n|-activate|p2a: Jolteon|confusion\n|-damage|p2a: Jolteon|6\/100|[from] confusion\n|move|p1a: ZapdosAtHome|Tera Blast|p2a: Jolteon|[anim] Tera Blast Ice\n|-damage|p2a: Jolteon|0 fnt\n|faint|p2a: Jolteon\n|\n|upkeep\n|\n|t:|1699441255\n|switch|p2a: Noivern|Noivern, M|100\/100\n|turn|7\n|\n|t:|1699441264\n|move|p1a: ZapdosAtHome|Tera Blast|p2a: Noivern|[anim] Tera Blast Ice\n|-supereffective|p2a: Noivern\n|-damage|p2a: Noivern|0 fnt\n|faint|p2a: Noivern\n|\n|upkeep\n|j| Lewkzor\n|\n|t:|1699441308\n|switch|p2a: Misdreavus|Misdreavus, M|100\/100\n|turn|8\n|j| ENFORZER\n|\n|t:|1699441333\n|move|p1a: ZapdosAtHome|U-turn|p2a: Misdreavus\n|-resisted|p2a: Misdreavus\n|-damage|p2a: Misdreavus|94\/100\n|\n|t:|1699441342\n|switch|p1a: BringTheRain|Pelipper, F|82\/100 tox|[from] U-turn\n|-damage|p1a: BringTheRain|57\/100 tox|[from] Stealth Rock\n|move|p2a: Misdreavus|Nasty Plot|p2a: Misdreavus\n|-boost|p2a: Misdreavus|spa|2\n|\n|-damage|p1a: BringTheRain|51\/100 tox|[from] psn\n|upkeep\n|turn|9\n|j| Mr_worldwide_313\n|\n|t:|1699441359\n|move|p2a: Misdreavus|Power Gem|p1a: BringTheRain\n|-supereffective|p1a: BringTheRain\n|-damage|p1a: BringTheRain|0 fnt\n|faint|p1a: BringTheRain\n|\n|upkeep\n|\n|t:|1699441397\n|switch|p1a: SportySpice|Barraskewda, M|100\/100\n|-damage|p1a: SportySpice|88\/100|[from] Stealth Rock\n|turn|10\n|c|\u2606thatguy_313|Switched to my phone, we'll see how that goes\n|\n|t:|1699441427\n|move|p1a: SportySpice|Liquidation|p2a: Misdreavus\n|-damage|p2a: Misdreavus|20\/100\n|-damage|p1a: SportySpice|78\/100|[from] item: Life Orb\n|move|p2a: Misdreavus|Hex|p1a: SportySpice\n|-damage|p1a: SportySpice|0 fnt\n|faint|p1a: SportySpice\n|\n|upkeep\n|n| Mr_worldwide_313|mrworldwide313\n|c| Mr_worldwide_313|Go Misdreavus!\n|\n|t:|1699441472\n|switch|p1a: Spooky Jim|Rillaboom, F|100\/100\n|-damage|p1a: Spooky Jim|88\/100|[from] Stealth Rock\n|-fieldstart|move: Grassy Terrain|[from] ability: Grassy Surge|[of] p1a: Spooky Jim\n|turn|11\n|\n|t:|1699441495\n|move|p1a: Spooky Jim|Grassy Glide|p2a: Misdreavus\n|-damage|p2a: Misdreavus|0 fnt\n|faint|p2a: Misdreavus\n|\n|-heal|p1a: Spooky Jim|94\/100|[from] Grassy Terrain\n|upkeep\n|c|\u2606thatguy_313|I see we have another _313\n|l|lewkzor\n|\n|t:|1699441537\n|switch|p2a: Azumarill|Azumarill, M, shiny|100\/100\n|turn|12\n|j| ThatGuy-313 Fan\n|\n|t:|1699441562\n|-terastallize|p2a: Azumarill|Fairy\n|move|p1a: Spooky Jim|Grassy Glide|p2a: Azumarill\n|-damage|p2a: Azumarill|42\/100\n|-enditem|p2a: Azumarill|Sitrus Berry|[eat]\n|-heal|p2a: Azumarill|67\/100|[from] item: Sitrus Berry\n|move|p2a: Azumarill|Belly Drum|p2a: Azumarill\n|-damage|p2a: Azumarill|17\/100\n|-setboost|p2a: Azumarill|atk|6|[from] move: Belly Drum\n|\n|-heal|p1a: Spooky Jim|100\/100|[from] Grassy Terrain\n|-heal|p2a: Azumarill|23\/100|[from] Grassy Terrain\n|upkeep\n|turn|13\n|c| Mr_worldwide_313|;)\n|l|thatguy313fan\n|\n|t:|1699441598\n|move|p1a: Spooky Jim|Grassy Glide|p2a: Azumarill\n|-damage|p2a: Azumarill|0 fnt\n|faint|p2a: Azumarill\n|\n|upkeep\n|\n|t:|1699441607\n|switch|p2a: Great Tusk|Great Tusk|100\/100\n|turn|14\n|j| thatguy_313 fan\n|\n|t:|1699441632\n|move|p1a: Spooky Jim|Grassy Glide|p2a: Great Tusk\n|-supereffective|p2a: Great Tusk\n|-damage|p2a: Great Tusk|19\/100\n|move|p2a: Great Tusk|Close Combat|p1a: Spooky Jim\n|-damage|p1a: Spooky Jim|10\/100\n|-unboost|p2a: Great Tusk|def|1\n|-unboost|p2a: Great Tusk|spd|1\n|\n|-heal|p2a: Great Tusk|25\/100|[from] Grassy Terrain\n|-heal|p1a: Spooky Jim|16\/100|[from] Grassy Terrain\n|upkeep\n|turn|15\n|\n|t:|1699441647\n|move|p1a: Spooky Jim|Grassy Glide|p2a: Great Tusk\n|-supereffective|p2a: Great Tusk\n|-damage|p2a: Great Tusk|0 fnt\n|faint|p2a: Great Tusk\n|-end|p2a: Great Tusk|Protosynthesis|[silent]\n|\n|-heal|p1a: Spooky Jim|22\/100|[from] Grassy Terrain\n|-fieldend|move: Grassy Terrain\n|upkeep\n|\n|t:|1699441653\n|switch|p2a: Quagsire|Quagsire, M|100\/100\n|turn|16\n|\n|t:|1699441674\n|move|p1a: Spooky Jim|Grassy Glide|p2a: Quagsire\n|-supereffective|p2a: Quagsire\n|-damage|p2a: Quagsire|0 fnt\n|faint|p2a: Quagsire\n|\n|win|thatguy_313\n|l| nicneg\n|c|\u2606DoctorSnowman|gg\n|l| stealthr2\n|c|\u2606thatguy_313|gg\n|c| Mr_worldwide_313|gg\n|l|\u2606DoctorSnowman\n|c|\u2606thatguy_313|Lo\n|c|\u2606thatguy_313|L\n|c| Mr_worldwide_313|lmao, pce king\n|l| Mr_worldwide_313\n|player|p1|thatguy_313|larry\n","uploadtime":1699441721,"views":33,"p1id":"thatguy313","p2id":"doctorsnowman","formatid":"gen9ubers","rating":0,"private":0,"password":""}