{"id":"gen9ubers-1969058326","p1":"Oomaester1234","p2":"XpokVEVO","format":"[Gen 9] Ubers","log":"|j|\u2606Oomaester1234\n|j|\u2606XpokVEVO\n|t:|1697486449\n|gametype|singles\n|player|p1|Oomaester1234|teamrocket|\n|player|p2|XpokVEVO|marshal|\n|teamsize|p1|6\n|teamsize|p2|6\n|gen|9\n|tier|[Gen 9] Ubers\n|rule|Sleep Clause Mod: Limit one foe put to sleep\n|rule|Species Clause: Limit one of each Pok\u00e9mon\n|rule|OHKO Clause: OHKO moves are banned\n|rule|Evasion Items Clause: Evasion items are banned\n|rule|Evasion Moves Clause: Evasion moves are banned\n|rule|Endless Battle Clause: Forcing endless battles is banned\n|rule|HP Percentage Mod: HP is shown in percentages\n|clearpoke\n|poke|p1|Landorus, M|\n|poke|p1|Kommo-o, M|\n|poke|p1|Orthworm, F|\n|poke|p1|Weezing-Galar, F|\n|poke|p1|Palafin, F|\n|poke|p1|Shaymin-Sky|\n|poke|p2|Arceus-Fire|\n|poke|p2|Shaymin-Sky|\n|poke|p2|Cyclizar, M|\n|poke|p2|Espathra, M|\n|poke|p2|Magearna|\n|poke|p2|Sneasler, F|\n|teampreview\n|inactive|Battle timer is ON: inactive players will automatically lose when time's up. (requested by Oomaester1234)\n|\n|t:|1697486460\n|start\n|switch|p1a: Orthworm|Orthworm, F|100\/100\n|switch|p2a: Akira|Cyclizar, M|100\/100\n|turn|1\n|c|\u2606Oomaester1234|damn\n|c|\u2606Oomaester1234|quite the dilemma here huh\n|c|\u2606XpokVEVO|how\n|\n|t:|1697486486\n|move|p2a: Akira|Shed Tail|p2a: Akira\n|-start|p2a: Akira|Substitute|[from] move: Shed Tail\n|-damage|p2a: Akira|50\/100\n|c|\u2606Oomaester1234|do we taunt\n|c|\u2606Oomaester1234|or nah\n|c|\u2606Oomaester1234|damn\n|\n|t:|1697486491\n|switch|p2a: Sonic|Shaymin-Sky, shiny|100\/100|[from] Shed Tail\n|move|p1a: Orthworm|Shed Tail|p1a: Orthworm\n|-start|p1a: Orthworm|Substitute|[from] move: Shed Tail\n|-damage|p1a: Orthworm|50\/100\n|-enditem|p1a: Orthworm|Sitrus Berry|[eat]\n|-heal|p1a: Orthworm|75\/100|[from] item: Sitrus Berry\n|\n|t:|1697486505\n|switch|p1a: Shaymin|Shaymin-Sky|100\/100|[from] Shed Tail\n|\n|upkeep\n|turn|2\n|\n|t:|1697486511\n|move|p2a: Sonic|Air Slash|p1a: Shaymin\n|-supereffective|p1a: Shaymin\n|-end|p1a: Shaymin|Substitute\n|-damage|p2a: Sonic|91\/100|[from] item: Life Orb\n|move|p1a: Shaymin|Air Slash|p2a: Sonic\n|-supereffective|p2a: Sonic\n|-end|p2a: Sonic|Substitute\n|\n|upkeep\n|turn|3\n|c|\u2606Oomaester1234|shaymin on shaymin action\n|\n|t:|1697486519\n|-terastallize|p1a: Shaymin|Water\n|move|p2a: Sonic|Air Slash|p1a: Shaymin\n|-damage|p1a: Shaymin|45\/100\n|-damage|p2a: Sonic|81\/100|[from] item: Life Orb\n|cant|p1a: Shaymin|flinch\n|\n|-heal|p1a: Shaymin|51\/100|[from] item: Leftovers\n|upkeep\n|turn|4\n|c|\u2606XpokVEVO|YEAYBAEHBTEHBHYBAEHYEH\n|\n|t:|1697486529\n|move|p1a: Shaymin|Protect|p1a: Shaymin\n|-singleturn|p1a: Shaymin|Protect\n|move|p2a: Sonic|Seed Flare|p1a: Shaymin\n|-activate|p1a: Shaymin|move: Protect\n|\n|-heal|p1a: Shaymin|57\/100|[from] item: Leftovers\n|upkeep\n|turn|5\n|c|\u2606Oomaester1234|watch this tech\n|c|\u2606XpokVEVO|watch what\n|\n|t:|1697486534\n|move|p1a: Shaymin|Air Slash|p2a: Sonic\n|-supereffective|p2a: Sonic\n|-damage|p2a: Sonic|0 fnt\n|faint|p2a: Sonic\n|\n|-heal|p1a: Shaymin|63\/100|[from] item: Leftovers\n|upkeep\n|c|\u2606XpokVEVO|youre gonna get flared\n|c|\u2606XpokVEVO|fuck you\n|c|\u2606Oomaester1234|LFG\n|c|\u2606Oomaester1234|RAHHHH\n|\n|t:|1697486555\n|switch|p2a: I miss this I kms|Sneasler, F|100\/100\n|turn|6\n|c|\u2606Oomaester1234|u havent even seen the kommo\n|\n|t:|1697486563\n|move|p2a: I miss this I kms|Fake Out|p1a: Shaymin\n|-damage|p1a: Shaymin|48\/100\n|cant|p1a: Shaymin|flinch\n|\n|-heal|p1a: Shaymin|54\/100|[from] item: Leftovers\n|upkeep\n|turn|7\n|\n|t:|1697486566\n|move|p1a: Shaymin|Air Slash|p2a: I miss this I kms\n|-supereffective|p2a: I miss this I kms\n|-damage|p2a: I miss this I kms|16\/100\n|cant|p2a: I miss this I kms|flinch\n|\n|-heal|p1a: Shaymin|60\/100|[from] item: Leftovers\n|upkeep\n|turn|8\n|c|\u2606XpokVEVO|YOUI\n|c|\u2606XpokVEVO|COULDNT\n|c|\u2606XpokVEVO|EVEN\n|c|\u2606XpokVEVO|UNBURDEN ME\n|\n|t:|1697486582\n|move|p1a: Shaymin|Protect|p1a: Shaymin\n|-singleturn|p1a: Shaymin|Protect\n|move|p2a: I miss this I kms|Swords Dance|p2a: I miss this I kms\n|-boost|p2a: I miss this I kms|atk|2\n|\n|-heal|p1a: Shaymin|66\/100|[from] item: Leftovers\n|upkeep\n|turn|9\n|c|\u2606Oomaester1234|oh damn\n|\n|t:|1697486588\n|move|p1a: Shaymin|Air Slash|p2a: I miss this I kms\n|-supereffective|p2a: I miss this I kms\n|-damage|p2a: I miss this I kms|0 fnt\n|faint|p2a: I miss this I kms\n|\n|-heal|p1a: Shaymin|72\/100|[from] item: Leftovers\n|upkeep\n|c|\u2606Oomaester1234|i was gonna leech\n|c|\u2606Oomaester1234|but i was like wait\n|c|\u2606Oomaester1234|nah\n|c|\u2606Oomaester1234|im defesniec\n|c|\u2606Oomaester1234|tf\n|c|\u2606Oomaester1234|i cant type\n|c|\u2606XpokVEVO|shouldve steel terad my shaymin\n|c|\u2606XpokVEVO|that was my mistake\n|inactive|XpokVEVO has 270 seconds left.\n|\n|t:|1697486619\n|switch|p2a: Aunt Fanny|Magearna|100\/100\n|turn|10\n|c|\u2606Oomaester1234|what tera is it\n|\n|t:|1697486623\n|-terastallize|p2a: Aunt Fanny|Flying\n|move|p1a: Shaymin|Leech Seed|p2a: Aunt Fanny\n|-start|p2a: Aunt Fanny|move: Leech Seed\n|move|p2a: Aunt Fanny|Shift Gear|p2a: Aunt Fanny\n|-boost|p2a: Aunt Fanny|spe|2\n|-boost|p2a: Aunt Fanny|atk|1\n|\n|-heal|p1a: Shaymin|78\/100|[from] item: Leftovers\n|-damage|p2a: Aunt Fanny|88\/100|[from] Leech Seed|[of] p1a: Shaymin\n|-heal|p1a: Shaymin|88\/100|[silent]\n|upkeep\n|turn|11\n|c|\u2606XpokVEVO|steel\n|\n|t:|1697486630\n|move|p2a: Aunt Fanny|Draining Kiss|p1a: Shaymin\n|-damage|p1a: Shaymin|46\/100\n|-heal|p2a: Aunt Fanny|100\/100|[from] drain|[of] p1a: Shaymin\n|-damage|p2a: Aunt Fanny|91\/100|[from] item: Life Orb\n|move|p1a: Shaymin|Air Slash|p2a: Aunt Fanny\n|-damage|p2a: Aunt Fanny|61\/100\n|\n|-heal|p1a: Shaymin|52\/100|[from] item: Leftovers\n|-damage|p2a: Aunt Fanny|49\/100|[from] Leech Seed|[of] p1a: Shaymin\n|-heal|p1a: Shaymin|62\/100|[silent]\n|upkeep\n|turn|12\n|c|\u2606Oomaester1234|ooh\n|c|\u2606Oomaester1234|nah cuz then youd get smacked by palafin\n|\n|t:|1697486646\n|move|p1a: Shaymin|Protect|p1a: Shaymin\n|-singleturn|p1a: Shaymin|Protect\n|move|p2a: Aunt Fanny|Draining Kiss|p1a: Shaymin\n|-activate|p1a: Shaymin|move: Protect\n|\n|-heal|p1a: Shaymin|68\/100|[from] item: Leftovers\n|-damage|p2a: Aunt Fanny|36\/100|[from] Leech Seed|[of] p1a: Shaymin\n|-heal|p1a: Shaymin|78\/100|[silent]\n|upkeep\n|turn|13\n|c|\u2606XpokVEVO|yeah but i dont lose\n|c|\u2606XpokVEVO|sneasler\n|\n|t:|1697486651\n|move|p2a: Aunt Fanny|Fleur Cannon|p1a: Shaymin|[miss]\n|-miss|p2a: Aunt Fanny|p1a: Shaymin\n|move|p1a: Shaymin|Air Slash|p2a: Aunt Fanny\n|-crit|p2a: Aunt Fanny\n|-damage|p2a: Aunt Fanny|0 fnt\n|faint|p2a: Aunt Fanny\n|\n|-heal|p1a: Shaymin|84\/100|[from] item: Leftovers\n|upkeep\n|c|\u2606Oomaester1234|damn mags ass\n|c|\u2606XpokVEVO|no comment\n|\n|t:|1697486664\n|switch|p2a: Emu War|Espathra, M|100\/100\n|turn|14\n|c|\u2606Oomaester1234|ignoring the fact i swept with it before\n|\n|t:|1697486673\n|switch|p1a: Orthworm|Orthworm, F|75\/100\n|move|p2a: Emu War|Calm Mind|p2a: Emu War\n|-boost|p2a: Emu War|spa|1\n|-boost|p2a: Emu War|spd|1\n|\n|-ability|p2a: Emu War|Speed Boost|boost\n|-boost|p2a: Emu War|spe|1\n|upkeep\n|turn|15\n|c|\u2606XpokVEVO|DONT\n|c|\u2606XpokVEVO|SHED\n|c|\u2606XpokVEVO|TAIL\n|c|\u2606XpokVEVO|DONT\n|c|\u2606Oomaester1234|uh\n|\n|t:|1697486689\n|move|p2a: Emu War|Stored Power|p1a: Orthworm\n|-resisted|p1a: Orthworm\n|-damage|p1a: Orthworm|33\/100\n|move|p1a: Orthworm|Shed Tail|p1a: Orthworm\n|-fail|p1a: Orthworm|move: Shed Tail|[weak]\n|\n|-ability|p2a: Emu War|Speed Boost|boost\n|-boost|p2a: Emu War|spe|1\n|upkeep\n|turn|16\n|c|\u2606Oomaester1234|uhh\n|c|\u2606Oomaester1234|oh i cant\n|c|\u2606Oomaester1234|well damn\n|c|\u2606Oomaester1234|this why orthworms ass\n|\n|t:|1697486709\n|move|p2a: Emu War|Stored Power|p1a: Orthworm\n|-resisted|p1a: Orthworm\n|-damage|p1a: Orthworm|0 fnt\n|faint|p1a: Orthworm\n|\n|-ability|p2a: Emu War|Speed Boost|boost\n|-boost|p2a: Emu War|spe|1\n|upkeep\n|c|\u2606XpokVEVO|I WILL WIN\n|c|\u2606Oomaester1234|might wawnna use cyclizar instead\n|c|\u2606Oomaester1234|lowkwey\n|\n|t:|1697486721\n|switch|p1a: Palafin|Palafin, F|100\/100\n|turn|17\n|\n|t:|1697486727\n|detailschange|p1a: Palafin|Palafin-Hero, F\n|switch|p1a: Weezing|Weezing-Galar, F|100\/100\n|move|p2a: Emu War|Protect||[still]\n|-fail|p2a: Emu War\n|\n|-ability|p2a: Emu War|Speed Boost|boost\n|-boost|p2a: Emu War|spe|1\n|upkeep\n|turn|18\n|c|\u2606XpokVEVO|ONTO SOMETHING?\n|\n|t:|1697486736\n|move|p2a: Emu War|Stored Power|p1a: Weezing\n|-supereffective|p1a: Weezing\n|-damage|p1a: Weezing|0 fnt\n|faint|p1a: Weezing\n|\n|-ability|p2a: Emu War|Speed Boost|boost\n|-boost|p2a: Emu War|spe|1\n|upkeep\n|c|\u2606XpokVEVO|im scared im gonna get gigasmacked\n|c|\u2606Oomaester1234|i threw herd\n|c|\u2606XpokVEVO|WAIT ITS MYSTICAL WATER\n|c|\u2606XpokVEVO|ITS OVER\n|c|\u2606Oomaester1234|nah i threw\n|\n|t:|1697486748\n|switch|p1a: Palafin|Palafin-Hero, F|100\/100\n|-activate|p1a: Palafin|ability: Zero to Hero\n|turn|19\n|\n|t:|1697486750\n|move|p1a: Palafin|Jet Punch|p2a: Emu War\n|-damage|p2a: Emu War|30\/100\n|move|p2a: Emu War|Stored Power|p1a: Palafin\n|-damage|p1a: Palafin|0 fnt\n|faint|p1a: Palafin\n|\n|-ability|p2a: Emu War|Speed Boost|boost\n|-boost|p2a: Emu War|spe|1\n|upkeep\n|c|\u2606Oomaester1234|yeah i threw\n|c|\u2606XpokVEVO|no you threw\n|\n|t:|1697486756\n|switch|p1a: Shaymin|Shaymin-Sky, tera:Water|84\/100\n|turn|20\n|\n|t:|1697486759\n|move|p2a: Emu War|Stored Power|p1a: Shaymin\n|-crit|p1a: Shaymin\n|-damage|p1a: Shaymin|0 fnt\n|faint|p1a: Shaymin\n|\n|upkeep\n|c|\u2606Oomaester1234|rip shaymin\n|\n|t:|1697486764\n|switch|p1a: Kommo-o|Kommo-o, M|100\/100\n|turn|21\n|c|\u2606XpokVEVO|just had to make sure\n|c|\u2606Oomaester1234|sash kommo\n|c|\u2606Oomaester1234|btw\n|c|\u2606Oomaester1234|just letting yk\n|c|\u2606XpokVEVO|watch this be a sash set that was used once in a gen 8 pu tournament\n|c|\u2606XpokVEVO|YEAH\n|c|\u2606XpokVEVO|I\n|c|\u2606XpokVEVO|I DIDNT READ\n|c|\u2606XpokVEVO|YOUR MESSAGE\n|c|\u2606XpokVEVO|I PREDICTED IT\n|c|\u2606XpokVEVO|OMG\n|c|\u2606Oomaester1234|LMAO\n|inactive|XpokVEVO has 270 seconds left.\n|c|\u2606Oomaester1234|yeah mb bruh\n|\n|t:|1697486796\n|move|p2a: Emu War|Stored Power|p1a: Kommo-o\n|-supereffective|p1a: Kommo-o\n|-damage|p1a: Kommo-o|0 fnt\n|faint|p1a: Kommo-o\n|\n|upkeep\n|c|\u2606Oomaester1234|nah i capped\n|c|\u2606XpokVEVO|what\n|c|\u2606XpokVEVO|??\n|c|\u2606Oomaester1234|who tf uses sash kommoo\n|\n|t:|1697486806\n|switch|p1a: Landorus|Landorus, M|100\/100\n|turn|22\n|c|\u2606Oomaester1234|\ud83d\ude2d\n|inactive|XpokVEVO has 270 seconds left.\n|\n|t:|1697486823\n|move|p2a: Emu War|Stored Power|p1a: Landorus\n|-damage|p1a: Landorus|0 fnt\n|faint|p1a: Landorus\n|\n|win|XpokVEVO\n|c|\u2606XpokVEVO|re?\n|c|\u2606Oomaester1234|wp\n|c|\u2606XpokVEVO|but with sand\n|c|\u2606Oomaester1234|the sand team\n|c|\u2606Oomaester1234|aight sure\n|l|\u2606Oomaester1234\n|l|\u2606XpokVEVO\n|j|\u2606XpokVEVO\n|player|p2|XpokVEVO|marshal\n","uploadtime":1697487209,"views":25,"p1id":"oomaester1234","p2id":"xpokvevo","formatid":"gen9ubers","rating":0,"private":0,"password":""}