{"id":"gen9ubers-1976312427","p1":"the tr4sh man","p2":"Kinesquared","format":"[Gen 9] Ubers","log":"|j|\u2606the tr4sh man\n|j|\u2606Kinesquared\n|t:|1698285320\n|gametype|singles\n|player|p1|the tr4sh man|xerosic|\n|player|p2|Kinesquared|scientist-gen4dp|\n|teamsize|p1|6\n|teamsize|p2|6\n|gen|9\n|tier|[Gen 9] Ubers\n|rule|Sleep Clause Mod: Limit one foe put to sleep\n|rule|Species Clause: Limit one of each Pok\u00e9mon\n|rule|OHKO Clause: OHKO moves are banned\n|rule|Evasion Items Clause: Evasion items are banned\n|rule|Evasion Moves Clause: Evasion moves are banned\n|rule|Endless Battle Clause: Forcing endless battles is banned\n|rule|HP Percentage Mod: HP is shown in percentages\n|clearpoke\n|poke|p1|Darkrai|\n|poke|p1|Torterra, M|\n|poke|p1|Spidops, F|\n|poke|p1|Blissey, F|\n|poke|p1|Breloom, F|\n|poke|p1|Gholdengo|\n|poke|p2|Palkia-Origin|\n|poke|p2|Arceus-Poison|\n|poke|p2|Chi-Yu|\n|poke|p2|Zacian-*|\n|poke|p2|Cyclizar, M|\n|poke|p2|Dialga|\n|teampreview\n|\n|t:|1698285343\n|start\n|switch|p1a: Gholdengo|Gholdengo|100\/100\n|switch|p2a: Cyclizar|Cyclizar, M|100\/100\n|turn|1\n|\n|t:|1698285355\n|switch|p2a: Dialga|Dialga|100\/100\n|-ability|p2a: Dialga|Pressure\n|switch|p1a: Breloom|Breloom, F|100\/100\n|\n|upkeep\n|turn|2\n|\n|t:|1698285363\n|move|p1a: Breloom|Close Combat|p2a: Dialga\n|-supereffective|p2a: Dialga\n|-damage|p2a: Dialga|0 fnt\n|-unboost|p1a: Breloom|def|1\n|-unboost|p1a: Breloom|spd|1\n|-enditem|p1a: Breloom|Eject Pack\n|faint|p2a: Dialga\n|\n|t:|1698285366\n|switch|p1a: Spidops|Spidops, F|100\/100\n|\n|upkeep\n|j| Leo Justice\n|\n|t:|1698285372\n|switch|p2a: Cyclizar|Cyclizar, M|100\/100\n|turn|3\n|\n|t:|1698285375\n|move|p2a: Cyclizar|Taunt|p1a: Spidops\n|-start|p1a: Spidops|move: Taunt\n|-enditem|p1a: Spidops|Mental Herb\n|-end|p1a: Spidops|move: Taunt\n|move|p1a: Spidops|U-turn|p2a: Cyclizar\n|-damage|p2a: Cyclizar|74\/100\n|j| Nitro524\n|\n|t:|1698285377\n|switch|p1a: Breloom|Breloom, F|100\/100|[from] U-turn\n|\n|upkeep\n|turn|4\n|\n|t:|1698285391\n|move|p2a: Cyclizar|Shed Tail|p2a: Cyclizar\n|-start|p2a: Cyclizar|Substitute|[from] move: Shed Tail\n|-damage|p2a: Cyclizar|24\/100\n|\n|t:|1698285396\n|switch|p2a: Chi-Yu|Chi-Yu|100\/100|[from] Shed Tail\n|-ability|p2a: Chi-Yu|Beads of Ruin\n|move|p1a: Breloom|Bullet Seed|p2a: Chi-Yu\n|-resisted|p2a: Chi-Yu\n|-activate|p2a: Chi-Yu|move: Substitute|[damage]\n|-resisted|p2a: Chi-Yu\n|-end|p2a: Chi-Yu|Substitute\n|-resisted|p2a: Chi-Yu\n|-damage|p2a: Chi-Yu|85\/100\n|-hitcount|p2a: Chi-Yu|3\n|\n|upkeep\n|turn|5\n|\n|t:|1698285411\n|move|p1a: Breloom|Mach Punch|p2a: Chi-Yu\n|-supereffective|p2a: Chi-Yu\n|-damage|p2a: Chi-Yu|0 fnt\n|faint|p2a: Chi-Yu\n|\n|upkeep\n|\n|t:|1698285419\n|switch|p2a: Arceus|Arceus-Poison|100\/100\n|turn|6\n|c| Nitro524|this is indeed a team\n|\n|t:|1698285430\n|move|p2a: Arceus|Swords Dance|p2a: Arceus\n|-boost|p2a: Arceus|atk|2\n|move|p1a: Breloom|Spore|p2a: Arceus\n|-status|p2a: Arceus|slp|[from] move: Spore\n|\n|upkeep\n|turn|7\n|c|\u2606Kinesquared|yes it is oml\n|\n|t:|1698285438\n|switch|p1a: Darkrai|Darkrai|100\/100\n|cant|p2a: Arceus|slp\n|\n|-damage|p2a: Arceus|88\/100 slp|[from] ability: Bad Dreams|[of] p1a: Darkrai\n|upkeep\n|turn|8\n|\n|t:|1698285447\n|-terastallize|p2a: Arceus|Normal\n|-curestatus|p2a: Arceus|slp|[msg]\n|move|p2a: Arceus|Extreme Speed|p1a: Darkrai\n|-damage|p1a: Darkrai|0 fnt\n|faint|p1a: Darkrai\n|\n|upkeep\n|\n|t:|1698285457\n|switch|p1a: Spidops|Spidops, F|100\/100\n|turn|9\n|c| Leo Justice|Poison ekiller i see\n|\n|t:|1698285467\n|-terastallize|p1a: Spidops|Ghost\n|move|p2a: Arceus|Extreme Speed|p1a: Spidops\n|-immune|p1a: Spidops\n|move|p1a: Spidops|Circle Throw|p2a: Arceus\n|-supereffective|p2a: Arceus\n|-damage|p2a: Arceus|74\/100\n|drag|p2a: Cyclizar|Cyclizar, M|57\/100\n|\n|upkeep\n|turn|10\n|\n|t:|1698285483\n|move|p2a: Cyclizar|Taunt|p1a: Spidops\n|-start|p1a: Spidops|move: Taunt\n|move|p1a: Spidops|U-turn|p2a: Cyclizar\n|-damage|p2a: Cyclizar|30\/100\n|\n|t:|1698285492\n|switch|p1a: Breloom|Breloom, F|100\/100|[from] U-turn\n|\n|upkeep\n|turn|11\n|\n|t:|1698285497\n|move|p1a: Breloom|Mach Punch|p2a: Cyclizar\n|-supereffective|p2a: Cyclizar\n|-damage|p2a: Cyclizar|0 fnt\n|faint|p2a: Cyclizar\n|\n|upkeep\n|\n|t:|1698285502\n|switch|p2a: Palkia|Palkia-Origin|100\/100\n|-ability|p2a: Palkia|Pressure\n|turn|12\n|\n|t:|1698285507\n|switch|p1a: Blissey|Blissey, F|100\/100\n|move|p2a: Palkia|Spacial Rend|p1a: Blissey\n|-damage|p1a: Blissey|71\/100\n|\n|upkeep\n|turn|13\n|c| Leo Justice|Mach punch is one hell of a move\n|\n|t:|1698285513\n|move|p2a: Palkia|Substitute|p2a: Palkia\n|-start|p2a: Palkia|Substitute\n|-damage|p2a: Palkia|76\/100\n|move|p1a: Blissey|Ice Beam|p2a: Palkia\n|-end|p2a: Palkia|Substitute\n|\n|upkeep\n|turn|14\n|\n|t:|1698285520\n|move|p1a: Blissey|Ice Beam|p2a: Palkia\n|-damage|p2a: Palkia|46\/100\n|move|p2a: Palkia|Roar|p1a: Blissey\n|drag|p1a: Torterra|Torterra, M|100\/100\n|\n|upkeep\n|turn|15\n|\n|t:|1698285527\n|switch|p1a: Blissey|Blissey, F|71\/100\n|move|p2a: Palkia|Spacial Rend|p1a: Blissey\n|-damage|p1a: Blissey|43\/100\n|\n|upkeep\n|turn|16\n|\n|t:|1698285537\n|move|p2a: Palkia|Spacial Rend|p1a: Blissey\n|-crit|p1a: Blissey\n|-damage|p1a: Blissey|1\/100\n|move|p1a: Blissey|Ice Beam|p2a: Palkia\n|-damage|p2a: Palkia|14\/100\n|\n|upkeep\n|turn|17\n|c| Nitro524|zamn\n|\n|t:|1698285548\n|move|p2a: Palkia|Spacial Rend|p1a: Blissey\n|-damage|p1a: Blissey|0 fnt\n|faint|p1a: Blissey\n|\n|upkeep\n|c| Leo Justice|I don't like that ice bema\n|\n|t:|1698285557\n|switch|p1a: Spidops|Spidops, F, tera:Ghost|100\/100\n|turn|18\n|c| Leo Justice|Beam\n|c|\u2606Kinesquared|me neither\n|\n|t:|1698285567\n|move|p2a: Palkia|Spacial Rend|p1a: Spidops\n|-damage|p1a: Spidops|23\/100\n|move|p1a: Spidops|U-turn|p2a: Palkia\n|-damage|p2a: Palkia|0 fnt\n|faint|p2a: Palkia\n|c| Leo Justice|I mean I guess it's fine cuz you have mach punch\n|\n|t:|1698285569\n|switch|p1a: Gholdengo|Gholdengo|100\/100|[from] U-turn\n|\n|upkeep\n|c| Leo Justice|But still\n|\n|t:|1698285578\n|switch|p2a: Zacian|Zacian|100\/100\n|-ability|p2a: Zacian|Intrepid Sword|boost\n|-boost|p2a: Zacian|atk|1\n|turn|19\n|c| Leo Justice|Like u didn't need to lose blissey there\n|c|\u2606the tr4sh man|it's specs\n|c| Leo Justice|....\n|c|\u2606the tr4sh man|:]\n|c|\u2606Kinesquared|i was debating fire fang vs tera blast\n|c| Leo Justice|Ah\n|c| Leo Justice|I ser\n|c|\u2606Kinesquared|i knew it should have been fire fang\n|\n|t:|1698285611\n|move|p2a: Zacian|Crunch|p1a: Gholdengo\n|-supereffective|p1a: Gholdengo\n|-damage|p1a: Gholdengo|14\/100\n|move|p1a: Gholdengo|Thunder Wave|p2a: Zacian\n|-status|p2a: Zacian|par\n|\n|upkeep\n|turn|20\n|c| Nitro524|truly the blissey of all time\n|\n|t:|1698285623\n|switch|p1a: Spidops|Spidops, F, tera:Ghost|23\/100\n|cant|p2a: Zacian|par\n|\n|upkeep\n|turn|21\n|c| Leo Justice|Of course how could've I predicted the specs blissey\n|c| Nitro524|how are you making this work\n|\n|t:|1698285627\n|cant|p2a: Zacian|par\n|move|p1a: Spidops|Sticky Web|p2a: Zacian\n|-sidestart|p2: Kinesquared|move: Sticky Web\n|\n|upkeep\n|turn|22\n|\n|t:|1698285631\n|move|p2a: Zacian|Crunch|p1a: Spidops\n|-supereffective|p1a: Spidops\n|-crit|p1a: Spidops\n|-damage|p1a: Spidops|0 fnt\n|faint|p1a: Spidops\n|\n|upkeep\n|\n|t:|1698285636\n|switch|p1a: Torterra|Torterra, M|100\/100\n|turn|23\n|\n|t:|1698285639\n|move|p1a: Torterra|Bullet Seed|p2a: Zacian\n|-damage|p2a: Zacian|89\/100 par\n|-damage|p2a: Zacian|78\/100 par\n|-damage|p2a: Zacian|66\/100 par\n|-damage|p2a: Zacian|56\/100 par\n|-damage|p2a: Zacian|44\/100 par\n|-hitcount|p2a: Zacian|5\n|move|p2a: Zacian|Crunch|p1a: Torterra\n|-damage|p1a: Torterra|43\/100\n|\n|upkeep\n|turn|24\n|\n|t:|1698285648\n|move|p1a: Torterra|Bullet Seed|p2a: Zacian\n|-damage|p2a: Zacian|32\/100 par\n|-damage|p2a: Zacian|20\/100 par\n|-damage|p2a: Zacian|10\/100 par\n|-damage|p2a: Zacian|0 fnt\n|faint|p2a: Zacian\n|-hitcount|p2: Zacian|4\n|\n|upkeep\n|\n|t:|1698285656\n|switch|p2a: Arceus|Arceus-Poison, tera:Normal|74\/100\n|-activate|p2a: Arceus|move: Sticky Web\n|-unboost|p2a: Arceus|spe|1\n|turn|25\n|\n|t:|1698285667\n|move|p1a: Torterra|Bullet Seed|p2a: Arceus\n|-damage|p2a: Arceus|66\/100\n|-damage|p2a: Arceus|59\/100\n|-damage|p2a: Arceus|51\/100\n|-damage|p2a: Arceus|43\/100\n|-damage|p2a: Arceus|35\/100\n|-hitcount|p2a: Arceus|5\n|move|p2a: Arceus|Earthquake|p1a: Torterra\n|-resisted|p1a: Torterra\n|-damage|p1a: Torterra|24\/100\n|\n|upkeep\n|turn|26\n|\n|t:|1698285679\n|move|p1a: Torterra|Bullet Seed|p2a: Arceus\n|-damage|p2a: Arceus|23\/100\n|-damage|p2a: Arceus|11\/100\n|-damage|p2a: Arceus|0 fnt\n|faint|p2a: Arceus\n|-hitcount|p2: Arceus|3\n|\n|win|the tr4sh man\n|c|\u2606the tr4sh man|gg!\n|c|\u2606Kinesquared|gg\n|c| Leo Justice|Gg\n|c| Nitro524|gg\n|l|\u2606Kinesquared\n|l| Leo Justice\n|l| Nitro524\n","uploadtime":1698285731,"views":20,"p1id":"thetr4shman","p2id":"kinesquared","formatid":"gen9ubers","rating":0,"private":0,"password":""}