{"id":"gen9ubers-1973513738","p1":"Jyho Blackbird","p2":"flutterfan","format":"[Gen 9] Ubers","log":"|j|\u2606Jyho Blackbird\n|j|\u2606flutterfan\n|t:|1697985813\n|gametype|singles\n|player|p1|Jyho Blackbird|hilbert-wonderlauncher|1116\n|player|p2|flutterfan|cyclist-gen4|1111\n|teamsize|p1|6\n|teamsize|p2|6\n|gen|9\n|tier|[Gen 9] Ubers\n|rated|\n|rule|Sleep Clause Mod: Limit one foe put to sleep\n|rule|Species Clause: Limit one of each Pok\u00e9mon\n|rule|OHKO Clause: OHKO moves are banned\n|rule|Evasion Items Clause: Evasion items are banned\n|rule|Evasion Moves Clause: Evasion moves are banned\n|rule|Endless Battle Clause: Forcing endless battles is banned\n|rule|HP Percentage Mod: HP is shown in percentages\n|clearpoke\n|poke|p1|Volcarona, M|\n|poke|p1|Quagsire, M|\n|poke|p1|Iron Valiant|\n|poke|p1|Dialga|\n|poke|p1|Espathra, F|\n|poke|p1|Shaymin-Sky|\n|poke|p2|Miraidon|\n|poke|p2|Zacian-*|\n|poke|p2|Flutter Mane|\n|poke|p2|Arceus-Ground|\n|poke|p2|Kyogre|\n|poke|p2|Rayquaza|\n|teampreview\n|\n|t:|1697985826\n|start\n|switch|p1a: Volcarona|Volcarona, M|100\/100\n|switch|p2a: Miraidon|Miraidon|100\/100\n|-fieldstart|move: Electric Terrain|[from] ability: Hadron Engine|[of] p2a: Miraidon\n|turn|1\n|\n|t:|1697985835\n|switch|p1a: Quagsire|Quagsire, M|100\/100\n|move|p2a: Miraidon|Electro Drift|p1a: Quagsire\n|-immune|p1a: Quagsire\n|\n|upkeep\n|turn|2\n|\n|t:|1697985852\n|switch|p2a: Kyogre|Kyogre|100\/100\n|-weather|RainDance|[from] ability: Drizzle|[of] p2a: Kyogre\n|move|p1a: Quagsire|Stealth Rock|p2a: Kyogre\n|-sidestart|p2: flutterfan|move: Stealth Rock\n|\n|-weather|RainDance|[upkeep]\n|upkeep\n|turn|3\n|\n|t:|1697985862\n|switch|p1a: Dialga|Dialga|100\/100\n|-ability|p1a: Dialga|Pressure\n|-terastallize|p2a: Kyogre|Water\n|move|p2a: Kyogre|Water Spout|p1a: Dialga\n|-resisted|p1a: Dialga\n|-damage|p1a: Dialga|33\/100\n|\n|-weather|RainDance|[upkeep]\n|upkeep\n|turn|4\n|\n|t:|1697985877\n|move|p2a: Kyogre|Water Spout|p1a: Dialga\n|-resisted|p1a: Dialga\n|-damage|p1a: Dialga|0 fnt\n|faint|p1a: Dialga\n|\n|-weather|RainDance|[upkeep]\n|upkeep\n|\n|t:|1697985883\n|switch|p1a: Shaymin|Shaymin-Sky|100\/100\n|turn|5\n|\n|t:|1697985886\n|move|p1a: Shaymin|Energy Ball|p2a: Kyogre\n|-supereffective|p2a: Kyogre\n|-damage|p2a: Kyogre|34\/100\n|move|p2a: Kyogre|Water Spout|p1a: Shaymin\n|-resisted|p1a: Shaymin\n|-damage|p1a: Shaymin|45\/100\n|\n|-weather|RainDance|[upkeep]\n|-fieldend|move: Electric Terrain\n|upkeep\n|turn|6\n|\n|t:|1697985895\n|move|p1a: Shaymin|Energy Ball|p2a: Kyogre\n|-supereffective|p2a: Kyogre\n|-damage|p2a: Kyogre|0 fnt\n|faint|p2a: Kyogre\n|\n|-weather|none\n|upkeep\n|\n|t:|1697985905\n|switch|p2a: Flutter Mane|Flutter Mane|100\/100\n|-damage|p2a: Flutter Mane|88\/100|[from] Stealth Rock\n|turn|7\n|\n|t:|1697985910\n|switch|p1a: Quagsire|Quagsire, M|100\/100\n|move|p2a: Flutter Mane|Moonblast|p1a: Quagsire\n|-damage|p1a: Quagsire|4\/100\n|\n|-heal|p1a: Quagsire|10\/100|[from] item: Leftovers\n|upkeep\n|turn|8\n|\n|t:|1697985921\n|move|p2a: Flutter Mane|Moonblast|p1a: Quagsire\n|-damage|p1a: Quagsire|0 fnt\n|faint|p1a: Quagsire\n|\n|upkeep\n|\n|t:|1697985926\n|switch|p1a: Espathra|Espathra, F|100\/100\n|turn|9\n|\n|t:|1697985935\n|move|p2a: Flutter Mane|Moonblast|p1a: Espathra\n|-damage|p1a: Espathra|0 fnt\n|faint|p1a: Espathra\n|\n|upkeep\n|\n|t:|1697985944\n|switch|p1a: Shaymin|Shaymin-Sky|45\/100\n|turn|10\n|\n|t:|1697985948\n|move|p1a: Shaymin|Air Slash|p2a: Flutter Mane\n|-damage|p2a: Flutter Mane|51\/100\n|move|p2a: Flutter Mane|Moonblast|p1a: Shaymin\n|-damage|p1a: Shaymin|0 fnt\n|faint|p1a: Shaymin\n|\n|upkeep\n|\n|t:|1697985955\n|switch|p1a: Iron Valiant|Iron Valiant|100\/100\n|-enditem|p1a: Iron Valiant|Booster Energy\n|-activate|p1a: Iron Valiant|ability: Quark Drive|[fromitem]\n|-start|p1a: Iron Valiant|quarkdrivespe\n|turn|11\n|\n|t:|1697985963\n|move|p1a: Iron Valiant|Knock Off|p2a: Flutter Mane\n|-damage|p2a: Flutter Mane|0 fnt\n|-enditem|p2a: Flutter Mane|Choice Specs|[from] move: Knock Off|[of] p1a: Iron Valiant\n|faint|p2a: Flutter Mane\n|-end|p2a: Flutter Mane|Protosynthesis|[silent]\n|\n|upkeep\n|\n|t:|1697985971\n|switch|p2a: Zacian|Zacian-Crowned|100\/100\n|-damage|p2a: Zacian|94\/100|[from] Stealth Rock\n|-ability|p2a: Zacian|Intrepid Sword|boost\n|-boost|p2a: Zacian|atk|1\n|turn|12\n|\n|t:|1697985979\n|-terastallize|p1a: Iron Valiant|Fighting\n|move|p1a: Iron Valiant|Close Combat|p2a: Zacian\n|-damage|p2a: Zacian|11\/100\n|-unboost|p1a: Iron Valiant|def|1\n|-unboost|p1a: Iron Valiant|spd|1\n|move|p2a: Zacian|Play Rough|p1a: Iron Valiant\n|-supereffective|p1a: Iron Valiant\n|-damage|p1a: Iron Valiant|0 fnt\n|faint|p1a: Iron Valiant\n|-end|p1a: Iron Valiant|Quark Drive|[silent]\n|\n|upkeep\n|\n|t:|1697985989\n|switch|p1a: Volcarona|Volcarona, M|100\/100\n|turn|13\n|\n|t:|1697985996\n|move|p2a: Zacian|Close Combat|p1a: Volcarona\n|-resisted|p1a: Volcarona\n|-damage|p1a: Volcarona|43\/100\n|-unboost|p2a: Zacian|def|1\n|-unboost|p2a: Zacian|spd|1\n|move|p1a: Volcarona|Fiery Dance|p2a: Zacian\n|-supereffective|p2a: Zacian\n|-damage|p2a: Zacian|0 fnt\n|-boost|p1a: Volcarona|spa|1\n|faint|p2a: Zacian\n|\n|upkeep\n|\n|t:|1697986006\n|switch|p2a: Arceus|Arceus-Ground|100\/100\n|-damage|p2a: Arceus|94\/100|[from] Stealth Rock\n|turn|14\n|\n|t:|1697986017\n|move|p2a: Arceus|Earthquake|p1a: Volcarona\n|-damage|p1a: Volcarona|0 fnt\n|faint|p1a: Volcarona\n|\n|win|flutterfan\n|raw|Jyho Blackbird's rating: 1116 &rarr; <strong>1091<\/strong><br \/>(-25 for losing)\n|raw|flutterfan's rating: 1111 &rarr; <strong>1136<\/strong><br \/>(+25 for winning)\n|l|\u2606flutterfan\n","uploadtime":1697986059,"views":11,"p1id":"jyhoblackbird","p2id":"flutterfan","formatid":"gen9ubers","rating":1091,"private":0,"password":""}