{"id":"gen9ubers-1995606395","p1":"Passemonde RPPLF","p2":"SaH_Feyesh","format":"[Gen 9] Ubers","log":"|j|\u2606Passemonde RPPLF\n|j|\u2606SaH_Feyesh\n|t:|1700586938\n|gametype|singles\n|player|p1|Passemonde RPPLF|rood|\n|player|p2|SaH_Feyesh|ghetsis-gen5bw|\n|teamsize|p1|6\n|teamsize|p2|6\n|gen|9\n|tier|[Gen 9] Ubers\n|rule|Sleep Clause Mod: Limit one foe put to sleep\n|rule|Species Clause: Limit one of each Pok\u00e9mon\n|rule|OHKO Clause: OHKO moves are banned\n|rule|Evasion Items Clause: Evasion items are banned\n|rule|Evasion Moves Clause: Evasion moves are banned\n|rule|Endless Battle Clause: Forcing endless battles is banned\n|rule|HP Percentage Mod: HP is shown in percentages\n|clearpoke\n|poke|p1|Clefable, F|\n|poke|p1|Avalugg, M|\n|poke|p1|Crawdaunt, M|\n|poke|p1|Slowking-Galar, M|\n|poke|p1|Eternatus|\n|poke|p1|Landorus-Therian, M|\n|poke|p2|Regieleki|\n|poke|p2|Rillaboom, F|\n|poke|p2|Ceruledge, M|\n|poke|p2|Gliscor, M|\n|poke|p2|Greninja-*, M|\n|poke|p2|Scizor, M|\n|teampreview\n|\n|t:|1700586969\n|start\n|switch|p1a: Landorus|Landorus-Therian, M|100\/100\n|switch|p2a: Regieleki|Regieleki|100\/100\n|-ability|p1a: Landorus|Intimidate|boost\n|-unboost|p2a: Regieleki|atk|1\n|turn|1\n|\n|t:|1700586978\n|-terastallize|p2a: Regieleki|Ice\n|move|p2a: Regieleki|Tera Blast|p1a: Landorus|[anim] Tera Blast Ice\n|-supereffective|p1a: Landorus\n|-damage|p1a: Landorus|0 fnt\n|faint|p1a: Landorus\n|\n|upkeep\n|\n|t:|1700587004\n|switch|p1a: Eau chiotte|Crawdaunt, M|100\/100\n|turn|2\n|\n|t:|1700587019\n|switch|p2a: Scizor|Scizor, M|100\/100\n|-terastallize|p1a: Eau chiotte|Water\n|move|p1a: Eau chiotte|Aqua Jet|p2a: Scizor\n|-damage|p2a: Scizor|63\/100\n|\n|-heal|p2a: Scizor|69\/100|[from] item: Leftovers\n|upkeep\n|turn|3\n|\n|t:|1700587031\n|move|p1a: Eau chiotte|Swords Dance|p1a: Eau chiotte\n|-boost|p1a: Eau chiotte|atk|2\n|move|p2a: Scizor|Swords Dance|p2a: Scizor\n|-boost|p2a: Scizor|atk|2\n|\n|-heal|p2a: Scizor|75\/100|[from] item: Leftovers\n|upkeep\n|turn|4\n|\n|t:|1700587041\n|move|p2a: Scizor|Bullet Punch|p1a: Eau chiotte\n|-resisted|p1a: Eau chiotte\n|-damage|p1a: Eau chiotte|54\/100\n|move|p1a: Eau chiotte|Knock Off|p2a: Scizor\n|-damage|p2a: Scizor|0 fnt\n|-enditem|p2a: Scizor|Leftovers|[from] move: Knock Off|[of] p1a: Eau chiotte\n|faint|p2a: Scizor\n|\n|upkeep\n|\n|t:|1700587050\n|switch|p2a: Gliscor|Gliscor, M|100\/100\n|turn|5\n|inactive|Battle timer is ON: inactive players will automatically lose when time's up. (requested by SaH_Feyesh)\n|\n|t:|1700587141\n|move|p2a: Gliscor|Protect|p2a: Gliscor\n|-singleturn|p2a: Gliscor|Protect\n|move|p1a: Eau chiotte|Aqua Jet|p2a: Gliscor\n|-activate|p2a: Gliscor|move: Protect\n|\n|-status|p2a: Gliscor|tox|[from] item: Toxic Orb\n|upkeep\n|turn|6\n|\n|t:|1700587152\n|move|p2a: Gliscor|Toxic|p1a: Eau chiotte\n|-status|p1a: Eau chiotte|tox\n|move|p1a: Eau chiotte|Crabhammer|p2a: Gliscor\n|-supereffective|p2a: Gliscor\n|-damage|p2a: Gliscor|0 fnt\n|faint|p2a: Gliscor\n|\n|-damage|p1a: Eau chiotte|48\/100 tox|[from] psn\n|upkeep\n|\n|t:|1700587160\n|switch|p2a: Rillaboom|Rillaboom, F|100\/100\n|-fieldstart|move: Grassy Terrain|[from] ability: Grassy Surge|[of] p2a: Rillaboom\n|turn|7\n|\n|t:|1700587190\n|switch|p1a: Eau revoir|Slowking-Galar, M|100\/100\n|move|p2a: Rillaboom|Knock Off|p1a: Eau revoir\n|-supereffective|p1a: Eau revoir\n|-damage|p1a: Eau revoir|0 fnt\n|-enditem|p1a: Eau revoir|Sitrus Berry|[from] move: Knock Off|[of] p2a: Rillaboom\n|faint|p1a: Eau revoir\n|\n|upkeep\n|inactive|Passemonde RPPLF has 270 seconds left.\n|\n|t:|1700587211\n|switch|p1a: Eternatus|Eternatus|100\/100\n|-ability|p1a: Eternatus|Pressure\n|turn|8\n|\n|t:|1700587218\n|switch|p2a: Greninja|Greninja, M|100\/100\n|move|p1a: Eternatus|Cosmic Power|p1a: Eternatus\n|-boost|p1a: Eternatus|def|1\n|-boost|p1a: Eternatus|spd|1\n|\n|upkeep\n|turn|9\n|inactive|Passemonde RPPLF has 270 seconds left.\n|\n|t:|1700587232\n|move|p2a: Greninja|Water Shuriken|p1a: Eternatus\n|-resisted|p1a: Eternatus\n|-damage|p1a: Eternatus|98\/100\n|-resisted|p1a: Eternatus\n|-damage|p1a: Eternatus|95\/100\n|-resisted|p1a: Eternatus\n|-damage|p1a: Eternatus|93\/100\n|-resisted|p1a: Eternatus\n|-damage|p1a: Eternatus|91\/100\n|-resisted|p1a: Eternatus\n|-damage|p1a: Eternatus|88\/100\n|-hitcount|p1a: Eternatus|5\n|move|p1a: Eternatus|Cosmic Power|p1a: Eternatus\n|-boost|p1a: Eternatus|def|1\n|-boost|p1a: Eternatus|spd|1\n|\n|-heal|p1a: Eternatus|94\/100|[from] Grassy Terrain\n|-heal|p1a: Eternatus|100\/100|[from] item: Leftovers\n|upkeep\n|turn|10\n|inactive|Passemonde RPPLF has 270 seconds left.\n|\n|t:|1700587248\n|move|p2a: Greninja|Water Shuriken|p1a: Eternatus\n|-resisted|p1a: Eternatus\n|-damage|p1a: Eternatus|99\/100\n|-resisted|p1a: Eternatus\n|-damage|p1a: Eternatus|97\/100\n|-hitcount|p1a: Eternatus|2\n|move|p1a: Eternatus|Cosmic Power|p1a: Eternatus\n|-boost|p1a: Eternatus|def|1\n|-boost|p1a: Eternatus|spd|1\n|\n|-heal|p1a: Eternatus|100\/100|[from] Grassy Terrain\n|upkeep\n|turn|11\n|inactive|Passemonde RPPLF has 270 seconds left.\n|-message|SaH_Feyesh forfeited.\n|\n|win|Passemonde RPPLF\n|l|\u2606SaH_Feyesh\n","uploadtime":1700587275,"views":7,"p1id":"passemonderpplf","p2id":"sahfeyesh","formatid":"gen9ubers","rating":0,"private":0,"password":""}