{"id":"gen9ubers-1971817248","p1":"Flaming Hero","p2":"56789ya","format":"[Gen 9] Ubers","log":"|j|\u2606Flaming Hero\n|j|\u260656789ya\n|t:|1697776121\n|gametype|singles\n|player|p1|Flaming Hero|red|1018\n|player|p2|56789ya|boarder|1155\n|teamsize|p1|6\n|teamsize|p2|1\n|gen|9\n|tier|[Gen 9] Ubers\n|rated|\n|rule|Sleep Clause Mod: Limit one foe put to sleep\n|rule|Species Clause: Limit one of each Pok\u00e9mon\n|rule|OHKO Clause: OHKO moves are banned\n|rule|Evasion Items Clause: Evasion items are banned\n|rule|Evasion Moves Clause: Evasion moves are banned\n|rule|Endless Battle Clause: Forcing endless battles is banned\n|rule|HP Percentage Mod: HP is shown in percentages\n|clearpoke\n|poke|p1|Kingambit, M|\n|poke|p1|Annihilape, M|\n|poke|p1|Darkrai|\n|poke|p1|Great Tusk|\n|poke|p1|Mewtwo|\n|poke|p1|Volcarona, M|\n|poke|p2|Donphan, L1, M|\n|teampreview\n|inactive|Battle timer is ON: inactive players will automatically lose when time's up. (requested by Flaming Hero)\n|\n|t:|1697776137\n|start\n|switch|p1a: Mewtwo|Mewtwo|100\/100\n|switch|p2a: Donphan|Donphan, L1, M|100\/100\n|-ability|p1a: Mewtwo|Pressure\n|turn|1\n|\n|t:|1697776144\n|move|p1a: Mewtwo|Psystrike|p2a: Donphan\n|-ability|p2a: Donphan|Sturdy\n|-damage|p2a: Donphan|9\/100\n|move|p2a: Donphan|Endeavor|p1a: Mewtwo\n|-damage|p1a: Mewtwo|1\/100\n|-heal|p2a: Donphan|100\/100|[from] item: Shell Bell|[of] p1a: Mewtwo\n|\n|upkeep\n|turn|2\n|\n|t:|1697776169\n|move|p2a: Donphan|Ice Shard|p1a: Mewtwo\n|-damage|p1a: Mewtwo|0 fnt\n|faint|p1a: Mewtwo\n|\n|upkeep\n|inactive|Flaming Hero has 120 seconds left.\n|\n|t:|1697776186\n|switch|p1a: Kingambit|Kingambit, M, shiny|100\/100\n|-activate|p1a: Kingambit|ability: Supreme Overlord\n|-start|p1a: Kingambit|fallen1|[silent]\n|turn|3\n|\n|t:|1697776191\n|move|p1a: Kingambit|Sucker Punch|p2a: Donphan\n|-ability|p2a: Donphan|Sturdy\n|-damage|p2a: Donphan|9\/100\n|move|p2a: Donphan|Endeavor|p1a: Kingambit\n|-damage|p1a: Kingambit|1\/100\n|-heal|p2a: Donphan|100\/100|[from] item: Shell Bell|[of] p1a: Kingambit\n|\n|upkeep\n|turn|4\n|\n|t:|1697776200\n|move|p2a: Donphan|Ice Shard|p1a: Kingambit\n|-resisted|p1a: Kingambit\n|-damage|p1a: Kingambit|0 fnt\n|faint|p1a: Kingambit\n|-end|p1a: Kingambit|fallen1|[silent]\n|\n|upkeep\n|\n|t:|1697776209\n|switch|p1a: Great Tusk|Great Tusk|100\/100\n|-enditem|p1a: Great Tusk|Booster Energy\n|-activate|p1a: Great Tusk|ability: Protosynthesis|[fromitem]\n|-start|p1a: Great Tusk|protosynthesisatk\n|turn|5\n|\n|t:|1697776217\n|move|p1a: Great Tusk|Body Press|p2a: Donphan\n|-ability|p2a: Donphan|Sturdy\n|-damage|p2a: Donphan|9\/100\n|move|p2a: Donphan|Endeavor|p1a: Great Tusk\n|-damage|p1a: Great Tusk|1\/100\n|-heal|p2a: Donphan|100\/100|[from] item: Shell Bell|[of] p1a: Great Tusk\n|\n|upkeep\n|turn|6\n|\n|t:|1697776226\n|move|p2a: Donphan|Ice Shard|p1a: Great Tusk\n|-supereffective|p1a: Great Tusk\n|-damage|p1a: Great Tusk|0 fnt\n|faint|p1a: Great Tusk\n|-end|p1a: Great Tusk|Protosynthesis|[silent]\n|\n|upkeep\n|-message|Flaming Hero forfeited.\n|\n|win|56789ya\n|raw|Flaming Hero's rating: 1018 &rarr; <strong>1010<\/strong><br \/>(-8 for losing)\n|raw|56789ya's rating: 1155 &rarr; <strong>1171<\/strong><br \/>(+16 for winning)\n|l|\u2606Flaming Hero\n","uploadtime":1697776236,"views":9,"p1id":"flaminghero","p2id":"56789ya","formatid":"gen9ubers","rating":1010,"private":0,"password":""}