{"id":"gen9ubers-1990902042","p1":"Anne Frankkkk","p2":"Clodsirepotato","format":"[Gen 9] Ubers","log":"|j|\u2606Anne Frankkkk\n|j|\u2606Clodsirepotato\n|t:|1700013182\n|gametype|singles\n|player|p1|Anne Frankkkk|hilbert|1235\n|player|p2|Clodsirepotato|silver|1128\n|teamsize|p1|6\n|teamsize|p2|6\n|gen|9\n|tier|[Gen 9] Ubers\n|rated|\n|rule|Sleep Clause Mod: Limit one foe put to sleep\n|rule|Species Clause: Limit one of each Pok\u00e9mon\n|rule|OHKO Clause: OHKO moves are banned\n|rule|Evasion Items Clause: Evasion items are banned\n|rule|Evasion Moves Clause: Evasion moves are banned\n|rule|Endless Battle Clause: Forcing endless battles is banned\n|rule|HP Percentage Mod: HP is shown in percentages\n|clearpoke\n|poke|p1|Iron Hands|\n|poke|p1|Kyogre|\n|poke|p1|Chien-Pao|\n|poke|p1|Ribombee, F|\n|poke|p1|Miraidon|\n|poke|p1|Flutter Mane|\n|poke|p2|Glimmora, M|\n|poke|p2|Urshifu-*, F|\n|poke|p2|Baxcalibur, M|\n|poke|p2|Flutter Mane|\n|poke|p2|Ogerpon-Hearthflame, F|\n|poke|p2|Ursaluna-Bloodmoon, M|\n|teampreview\n|\n|t:|1700013188\n|start\n|switch|p1a: Big Boy|Iron Hands, shiny|100\/100\n|switch|p2a: Glimmora|Glimmora, M|100\/100\n|turn|1\n|inactive|Battle timer is ON: inactive players will automatically lose when time's up. (requested by Anne Frankkkk)\n|\n|t:|1700013209\n|move|p1a: Big Boy|Fake Out|p2a: Glimmora\n|-resisted|p2a: Glimmora\n|-damage|p2a: Glimmora|92\/100\n|-activate|p2a: Glimmora|ability: Toxic Debris\n|-sidestart|p1: Anne Frankkkk|move: Toxic Spikes\n|cant|p2a: Glimmora|flinch\n|\n|upkeep\n|turn|2\n|\n|t:|1700013217\n|move|p2a: Glimmora|Stealth Rock|p1a: Big Boy\n|-sidestart|p1: Anne Frankkkk|move: Stealth Rock\n|move|p1a: Big Boy|Heavy Slam|p2a: Glimmora\n|-supereffective|p2a: Glimmora\n|-damage|p2a: Glimmora|0 fnt\n|-activate|p2a: Glimmora|ability: Toxic Debris\n|-sidestart|p1: Anne Frankkkk|move: Toxic Spikes\n|faint|p2a: Glimmora\n|\n|upkeep\n|\n|t:|1700013229\n|switch|p2a: Flutter Mane|Flutter Mane|100\/100\n|turn|3\n|\n|t:|1700013233\n|move|p2a: Flutter Mane|Moonblast|p1a: Big Boy\n|-supereffective|p1a: Big Boy\n|-damage|p1a: Big Boy|3\/100\n|move|p1a: Big Boy|Heavy Slam|p2a: Flutter Mane\n|-supereffective|p2a: Flutter Mane\n|-damage|p2a: Flutter Mane|0 fnt\n|faint|p2a: Flutter Mane\n|-end|p2a: Flutter Mane|Protosynthesis|[silent]\n|\n|upkeep\n|\n|t:|1700013241\n|switch|p2a: Ursaluna|Ursaluna-Bloodmoon, M|100\/100\n|turn|4\n|\n|t:|1700013245\n|move|p2a: Ursaluna|Vacuum Wave|p1a: Big Boy\n|-damage|p1a: Big Boy|0 fnt\n|faint|p1a: Big Boy\n|-end|p1a: Big Boy|Quark Drive|[silent]\n|\n|upkeep\n|\n|t:|1700013249\n|switch|p1a: Moonblast|Ribombee, F, shiny|100\/100\n|-status|p1a: Moonblast|tox\n|-damage|p1a: Moonblast|76\/100 tox|[from] Stealth Rock\n|turn|5\n|\n|t:|1700013255\n|move|p1a: Moonblast|Sticky Web|p2a: Ursaluna\n|-sidestart|p2: Clodsirepotato|move: Sticky Web\n|move|p2a: Ursaluna|Blood Moon|p1a: Moonblast\n|-damage|p1a: Moonblast|0 fnt\n|faint|p1a: Moonblast\n|\n|upkeep\n|\n|t:|1700013272\n|switch|p1a: OHKO|Kyogre|100\/100\n|-status|p1a: OHKO|tox\n|-damage|p1a: OHKO|88\/100 tox|[from] Stealth Rock\n|-weather|RainDance|[from] ability: Drizzle|[of] p1a: OHKO\n|turn|6\n|\n|t:|1700013285\n|move|p2a: Ursaluna|Vacuum Wave|p1a: OHKO\n|-damage|p1a: OHKO|76\/100 tox\n|move|p1a: OHKO|Water Spout|p2a: Ursaluna\n|-supereffective|p2a: Ursaluna\n|-damage|p2a: Ursaluna|0 fnt\n|faint|p2a: Ursaluna\n|\n|-weather|RainDance|[upkeep]\n|-damage|p1a: OHKO|69\/100 tox|[from] psn\n|upkeep\n|\n|t:|1700013298\n|switch|p2a: Urshifu|Urshifu-Rapid-Strike, F|100\/100\n|-activate|p2a: Urshifu|move: Sticky Web\n|-unboost|p2a: Urshifu|spe|1\n|turn|7\n|\n|t:|1700013305\n|move|p1a: OHKO|Water Spout|p2a: Urshifu\n|-resisted|p2a: Urshifu\n|-damage|p2a: Urshifu|8\/100\n|move|p2a: Urshifu|Close Combat|p1a: OHKO\n|-damage|p1a: OHKO|0 fnt\n|-unboost|p2a: Urshifu|def|1\n|-unboost|p2a: Urshifu|spd|1\n|faint|p1a: OHKO\n|\n|-weather|RainDance|[upkeep]\n|upkeep\n|\n|t:|1700013316\n|switch|p1a: Ice Cat|Chien-Pao|100\/100\n|-status|p1a: Ice Cat|tox\n|-damage|p1a: Ice Cat|76\/100 tox|[from] Stealth Rock\n|-ability|p1a: Ice Cat|Sword of Ruin\n|turn|8\n|\n|t:|1700013322\n|move|p1a: Ice Cat|Sucker Punch|p2a: Urshifu\n|-resisted|p2a: Urshifu\n|-damage|p2a: Urshifu|0 fnt\n|faint|p2a: Urshifu\n|\n|-weather|RainDance|[upkeep]\n|-damage|p1a: Ice Cat|70\/100 tox|[from] psn\n|upkeep\n|\n|t:|1700013331\n|switch|p2a: Ogerpon|Ogerpon-Hearthflame, F|100\/100\n|-activate|p2a: Ogerpon|move: Sticky Web\n|-unboost|p2a: Ogerpon|spe|1\n|-ability|p2a: Ogerpon|Mold Breaker\n|turn|9\n|\n|t:|1700013341\n|-terastallize|p1a: Ice Cat|Dark\n|move|p1a: Ice Cat|Sucker Punch|p2a: Ogerpon\n|-damage|p2a: Ogerpon|13\/100\n|move|p2a: Ogerpon|Play Rough|p1a: Ice Cat\n|-supereffective|p1a: Ice Cat\n|-crit|p1a: Ice Cat\n|-damage|p1a: Ice Cat|0 fnt\n|faint|p1a: Ice Cat\n|\n|-weather|RainDance|[upkeep]\n|upkeep\n|\n|t:|1700013346\n|switch|p1a: Misdreavius|Flutter Mane, shiny|100\/100\n|-status|p1a: Misdreavius|tox\n|-damage|p1a: Misdreavius|88\/100 tox|[from] Stealth Rock\n|-enditem|p1a: Misdreavius|Booster Energy\n|-activate|p1a: Misdreavius|ability: Protosynthesis|[fromitem]\n|-start|p1a: Misdreavius|protosynthesisspe\n|turn|10\n|\n|t:|1700013359\n|move|p1a: Misdreavius|Power Gem|p2a: Ogerpon\n|-supereffective|p2a: Ogerpon\n|-damage|p2a: Ogerpon|0 fnt\n|faint|p2a: Ogerpon\n|\n|-weather|none\n|-damage|p1a: Misdreavius|82\/100 tox|[from] psn\n|upkeep\n|\n|t:|1700013366\n|switch|p2a: Baxcalibur|Baxcalibur, M|100\/100\n|-activate|p2a: Baxcalibur|move: Sticky Web\n|-unboost|p2a: Baxcalibur|spe|1\n|turn|11\n|\n|t:|1700013372\n|-terastallize|p2a: Baxcalibur|Ground\n|move|p1a: Misdreavius|Moonblast|p2a: Baxcalibur\n|-damage|p2a: Baxcalibur|46\/100\n|move|p2a: Baxcalibur|Icicle Spear|p1a: Misdreavius\n|-damage|p1a: Misdreavius|48\/100 tox\n|-damage|p1a: Misdreavius|11\/100 tox\n|-damage|p1a: Misdreavius|0 fnt\n|faint|p1a: Misdreavius\n|-end|p1a: Misdreavius|Protosynthesis|[silent]\n|-hitcount|p1: Misdreavius|3\n|\n|upkeep\n|\n|t:|1700013376\n|switch|p1a: Cyber Lizard|Miraidon|100\/100\n|-damage|p1a: Cyber Lizard|88\/100|[from] Stealth Rock\n|-fieldstart|move: Electric Terrain|[from] ability: Hadron Engine|[of] p1a: Cyber Lizard\n|-item|p1a: Cyber Lizard|Air Balloon\n|turn|12\n|\n|t:|1700013389\n|move|p1a: Cyber Lizard|Dragon Pulse|p2a: Baxcalibur\n|-damage|p2a: Baxcalibur|0 fnt\n|faint|p2a: Baxcalibur\n|\n|win|Anne Frankkkk\n|raw|Anne Frankkkk's rating: 1235 &rarr; <strong>1253<\/strong><br \/>(+18 for winning)\n|raw|Clodsirepotato's rating: 1128 &rarr; <strong>1110<\/strong><br \/>(-18 for losing)\n","uploadtime":1700013395,"views":19,"p1id":"annefrankkkk","p2id":"clodsirepotato","formatid":"gen9ubers","rating":1110,"private":0,"password":""}