{"id":"gen9ubers-1977869350","p1":"sub to chompy","p2":"slainey","format":"[Gen 9] Ubers","log":"|j|\u2606sub to chompy\n|j|\u2606slainey\n|t:|1698459683\n|gametype|singles\n|player|p1|sub to chompy|266|\n|player|p2|slainey|emma|\n|teamsize|p1|2\n|teamsize|p2|1\n|gen|9\n|tier|[Gen 9] Ubers\n|rule|Sleep Clause Mod: Limit one foe put to sleep\n|rule|Species Clause: Limit one of each Pok\u00e9mon\n|rule|OHKO Clause: OHKO moves are banned\n|rule|Evasion Items Clause: Evasion items are banned\n|rule|Evasion Moves Clause: Evasion moves are banned\n|rule|Endless Battle Clause: Forcing endless battles is banned\n|rule|HP Percentage Mod: HP is shown in percentages\n|clearpoke\n|poke|p1|Zacian-*|\n|poke|p1|Palkia-Origin|\n|poke|p2|Dialga-Origin|\n|teampreview\n|\n|t:|1698459688\n|start\n|switch|p1a: Zacian|Zacian|100\/100\n|switch|p2a: Dialga|Dialga-Origin|100\/100\n|-ability|p1a: Zacian|Intrepid Sword|boost\n|-boost|p1a: Zacian|atk|1\n|-ability|p2a: Dialga|Pressure\n|turn|1\n|\n|t:|1698459692\n|move|p1a: Zacian|Protect|p1a: Zacian\n|-singleturn|p1a: Zacian|Protect\n|move|p2a: Dialga|Trick Room|p2a: Dialga\n|-fieldstart|move: Trick Room|[of] p2a: Dialga\n|\n|upkeep\n|turn|2\n|\n|t:|1698459704\n|switch|p1a: Palkia|Palkia-Origin|100\/100\n|-ability|p1a: Palkia|Pressure\n|move|p2a: Dialga|Flash Cannon|p1a: Palkia\n|-resisted|p1a: Palkia\n|-damage|p1a: Palkia|74\/100\n|\n|upkeep\n|turn|3\n|\n|t:|1698459711\n|move|p2a: Dialga|Draco Meteor|p1a: Palkia\n|-supereffective|p1a: Palkia\n|-damage|p1a: Palkia|0 fnt\n|-unboost|p2a: Dialga|spa|2\n|faint|p1a: Palkia\n|\n|upkeep\n|\n|t:|1698459715\n|switch|p1a: Zacian|Zacian|100\/100\n|turn|4\n|\n|t:|1698459720\n|move|p2a: Dialga|Flash Cannon|p1a: Zacian\n|-supereffective|p1a: Zacian\n|-damage|p1a: Zacian|41\/100\n|move|p1a: Zacian|Play Rough|p2a: Dialga\n|-damage|p2a: Dialga|54\/100\n|\n|upkeep\n|turn|5\n|\n|t:|1698459728\n|move|p2a: Dialga|Flash Cannon|p1a: Zacian\n|-supereffective|p1a: Zacian\n|-damage|p1a: Zacian|0 fnt\n|faint|p1a: Zacian\n|\n|win|slainey\n","uploadtime":1698459736,"views":12,"p1id":"subtochompy","p2id":"slainey","formatid":"gen9ubers","rating":0,"private":0,"password":""}