{"id":"gen9ubers-1975171853","p1":"XpokVEVO","p2":"Leo Justice","format":"[Gen 9] Ubers","log":"|j|\u2606XpokVEVO\n|j|\u2606Leo Justice\n|t:|1698167465\n|gametype|singles\n|player|p1|XpokVEVO|rika|\n|player|p2|Leo Justice|carmine|\n|teamsize|p1|6\n|teamsize|p2|6\n|gen|9\n|tier|[Gen 9] Ubers\n|rule|Sleep Clause Mod: Limit one foe put to sleep\n|rule|Species Clause: Limit one of each Pok\u00e9mon\n|rule|OHKO Clause: OHKO moves are banned\n|rule|Evasion Items Clause: Evasion items are banned\n|rule|Evasion Moves Clause: Evasion moves are banned\n|rule|Endless Battle Clause: Forcing endless battles is banned\n|rule|HP Percentage Mod: HP is shown in percentages\n|clearpoke\n|poke|p1|Arceus-Fire|\n|poke|p1|Cyclizar, M|\n|poke|p1|Espathra, F|\n|poke|p1|Magearna|\n|poke|p1|Spectrier|\n|poke|p1|Zacian-*|\n|poke|p2|Meowscarada, M|\n|poke|p2|Gholdengo|\n|poke|p2|Dialga|\n|poke|p2|Zacian-*|\n|poke|p2|Magearna|\n|poke|p2|Cyclizar, F|\n|teampreview\n|\n|t:|1698167480\n|start\n|switch|p1a: Cyclizar|Cyclizar, M|100\/100\n|switch|p2a: Meowscarada|Meowscarada, M|100\/100\n|turn|1\n|\n|t:|1698167483\n|move|p2a: Meowscarada|Knock Off|p1a: Cyclizar\n|-start|p2a: Meowscarada|typechange|Dark|[from] ability: Protean\n|-damage|p1a: Cyclizar|32\/100\n|-enditem|p1a: Cyclizar|Choice Scarf|[from] move: Knock Off|[of] p2a: Meowscarada\n|move|p1a: Cyclizar|Shed Tail|p1a: Cyclizar\n|-fail|p1a: Cyclizar|move: Shed Tail|[weak]\n|\n|upkeep\n|turn|2\n|c|\u2606XpokVEVO|zzzzaaamnnn\n|c|\u2606Leo Justice|HA\n|c|\u2606Leo Justice|I've wanted to do that for a while\n|\n|t:|1698167503\n|switch|p1a: Arceus|Arceus-Fire, shiny|100\/100\n|move|p2a: Meowscarada|Knock Off|p1a: Arceus\n|-damage|p1a: Arceus|76\/100\n|\n|upkeep\n|turn|3\n|\n|t:|1698167517\n|switch|p2a: Magearna|Magearna|100\/100\n|move|p1a: Arceus|Dragon Dance|p1a: Arceus\n|-boost|p1a: Arceus|atk|1\n|-boost|p1a: Arceus|spe|1\n|\n|upkeep\n|turn|4\n|\n|t:|1698167523\n|-terastallize|p2a: Magearna|Water\n|move|p1a: Arceus|Dragon Dance|p1a: Arceus\n|-boost|p1a: Arceus|atk|1\n|-boost|p1a: Arceus|spe|1\n|move|p2a: Magearna|Encore|p1a: Arceus\n|-start|p1a: Arceus|Encore\n|\n|upkeep\n|turn|5\n|\n|t:|1698167544\n|switch|p1a: Magearna|Magearna|100\/100\n|switch|p2a: Dialga|Dialga|100\/100\n|-ability|p2a: Dialga|Pressure\n|\n|upkeep\n|turn|6\n|\n|t:|1698167546\n|move|p2a: Dialga|Stealth Rock|p1a: Magearna\n|-sidestart|p1: XpokVEVO|move: Stealth Rock\n|move|p1a: Magearna|Thunder Wave|p2a: Dialga\n|-status|p2a: Dialga|par\n|\n|upkeep\n|turn|7\n|\n|t:|1698167552\n|switch|p1a: Spectrier|Spectrier|100\/100\n|-damage|p1a: Spectrier|88\/100|[from] Stealth Rock\n|move|p2a: Dialga|Flash Cannon|p1a: Spectrier\n|-damage|p1a: Spectrier|35\/100\n|-unboost|p1a: Spectrier|spd|1\n|\n|upkeep\n|turn|8\n|\n|t:|1698167557\n|move|p1a: Spectrier|Substitute|p1a: Spectrier\n|-start|p1a: Spectrier|Substitute\n|-damage|p1a: Spectrier|10\/100\n|move|p2a: Dialga|Flash Cannon|p1a: Spectrier\n|-end|p1a: Spectrier|Substitute\n|\n|upkeep\n|turn|9\n|\n|t:|1698167562\n|switch|p2a: Cyclizar|Cyclizar, F|100\/100\n|move|p1a: Spectrier|Draining Kiss|p2a: Cyclizar\n|-supereffective|p2a: Cyclizar\n|-damage|p2a: Cyclizar|29\/100\n|-heal|p1a: Spectrier|64\/100|[from] drain|[of] p2a: Cyclizar\n|-damage|p1a: Spectrier|54\/100|[from] item: Life Orb\n|\n|upkeep\n|turn|10\n|c|\u2606XpokVEVO|Oh god\n|\n|t:|1698167570\n|switch|p2a: Dialga|Dialga|100\/100 par\n|-ability|p2a: Dialga|Pressure\n|move|p1a: Spectrier|Substitute|p1a: Spectrier\n|-start|p1a: Spectrier|Substitute\n|-damage|p1a: Spectrier|29\/100\n|\n|upkeep\n|turn|11\n|\n|t:|1698167574\n|move|p1a: Spectrier|Nasty Plot|p1a: Spectrier\n|-boost|p1a: Spectrier|spa|2\n|move|p2a: Dialga|Flash Cannon|p1a: Spectrier\n|-end|p1a: Spectrier|Substitute\n|\n|upkeep\n|turn|12\n|\n|t:|1698167580\n|move|p1a: Spectrier|Draining Kiss|p2a: Dialga\n|-damage|p2a: Dialga|69\/100 par\n|-heal|p1a: Spectrier|57\/100|[from] drain|[of] p2a: Dialga\n|-damage|p1a: Spectrier|47\/100|[from] item: Life Orb\n|move|p2a: Dialga|Flash Cannon|p1a: Spectrier\n|-damage|p1a: Spectrier|0 fnt\n|faint|p1a: Spectrier\n|\n|-heal|p2a: Dialga|75\/100 par|[from] item: Leftovers\n|upkeep\n|j| cw1999\n|c|\u2606Leo Justice|Spectrier is ass\n|\n|t:|1698167590\n|switch|p1a: Arceus|Arceus-Fire, shiny|76\/100\n|-damage|p1a: Arceus|51\/100|[from] Stealth Rock\n|turn|13\n|c|\u2606Leo Justice|omh\n|\n|t:|1698167594\n|move|p1a: Arceus|Dragon Dance|p1a: Arceus\n|-boost|p1a: Arceus|atk|1\n|-boost|p1a: Arceus|spe|1\n|cant|p2a: Dialga|par\n|\n|-heal|p2a: Dialga|82\/100 par|[from] item: Leftovers\n|upkeep\n|turn|14\n|\n|t:|1698167599\n|move|p1a: Arceus|Flare Blitz|p2a: Dialga\n|-damage|p2a: Dialga|11\/100 par\n|-damage|p1a: Arceus|26\/100|[from] Recoil\n|move|p2a: Dialga|Roar|p1a: Arceus\n|drag|p1a: Magearna|Magearna|100\/100\n|-damage|p1a: Magearna|95\/100|[from] Stealth Rock\n|\n|-heal|p2a: Dialga|17\/100 par|[from] item: Leftovers\n|upkeep\n|turn|15\n|\n|t:|1698167608\n|move|p1a: Magearna|Shift Gear|p1a: Magearna\n|-boost|p1a: Magearna|spe|2\n|-boost|p1a: Magearna|atk|1\n|move|p2a: Dialga|Flash Cannon|p1a: Magearna\n|-damage|p1a: Magearna|55\/100\n|\n|-heal|p2a: Dialga|24\/100 par|[from] item: Leftovers\n|upkeep\n|turn|16\n|\n|t:|1698167613\n|move|p1a: Magearna|Fleur Cannon|p2a: Dialga\n|-damage|p2a: Dialga|0 fnt\n|-unboost|p1a: Magearna|spa|2\n|faint|p2a: Dialga\n|-ability|p1a: Magearna|Soul-Heart|boost\n|-boost|p1a: Magearna|spa|1\n|\n|upkeep\n|\n|t:|1698167621\n|switch|p2a: Gholdengo|Gholdengo|100\/100\n|-item|p2a: Gholdengo|Air Balloon\n|turn|17\n|\n|t:|1698167628\n|move|p1a: Magearna|Fleur Cannon|p2a: Gholdengo\n|-resisted|p2a: Gholdengo\n|-damage|p2a: Gholdengo|82\/100\n|-unboost|p1a: Magearna|spa|2\n|-enditem|p2a: Gholdengo|Air Balloon\n|move|p2a: Gholdengo|Shadow Ball|p1a: Magearna\n|-damage|p1a: Magearna|20\/100\n|\n|upkeep\n|turn|18\n|\n|t:|1698167636\n|move|p1a: Magearna|Fleur Cannon|p2a: Gholdengo\n|-resisted|p2a: Gholdengo\n|-damage|p2a: Gholdengo|71\/100\n|-unboost|p1a: Magearna|spa|2\n|move|p2a: Gholdengo|Nasty Plot|p2a: Gholdengo\n|-boost|p2a: Gholdengo|spa|2\n|\n|upkeep\n|turn|19\n|\n|t:|1698167642\n|move|p1a: Magearna|Fleur Cannon|p2a: Gholdengo\n|-resisted|p2a: Gholdengo\n|-damage|p2a: Gholdengo|64\/100\n|-unboost|p1a: Magearna|spa|1\n|move|p2a: Gholdengo|Shadow Ball|p1a: Magearna\n|-damage|p1a: Magearna|0 fnt\n|faint|p1a: Magearna\n|\n|upkeep\n|\n|t:|1698167650\n|switch|p1a: Zacian|Zacian, shiny|100\/100\n|-damage|p1a: Zacian|88\/100|[from] Stealth Rock\n|-ability|p1a: Zacian|Intrepid Sword|boost\n|-boost|p1a: Zacian|atk|1\n|turn|20\n|c| cw1999|Fr\n|\n|t:|1698167674\n|move|p1a: Zacian|Crunch|p2a: Gholdengo\n|-supereffective|p2a: Gholdengo\n|-damage|p2a: Gholdengo|0 fnt\n|faint|p2a: Gholdengo\n|\n|upkeep\n|\n|t:|1698167684\n|switch|p2a: Magearna|Magearna, tera:Water|100\/100\n|turn|21\n|\n|t:|1698167690\n|-terastallize|p1a: Zacian|Dark\n|move|p1a: Zacian|Crunch|p2a: Magearna\n|-damage|p2a: Magearna|44\/100\n|move|p2a: Magearna|Spikes|p1a: Zacian\n|-sidestart|p1: XpokVEVO|Spikes\n|\n|-heal|p2a: Magearna|50\/100|[from] item: Leftovers\n|upkeep\n|turn|22\n|\n|t:|1698167700\n|move|p1a: Zacian|Crunch|p2a: Magearna\n|-damage|p2a: Magearna|0 fnt\n|faint|p2a: Magearna\n|\n|upkeep\n|\n|t:|1698167702\n|switch|p2a: Zacian|Zacian|100\/100\n|-ability|p2a: Zacian|Intrepid Sword|boost\n|-boost|p2a: Zacian|atk|1\n|turn|23\n|c|\u2606XpokVEVO|Oh i thought you were gonna go scarf\n|c|\u2606Leo Justice|Zacian just cleans up here\n|\n|t:|1698167725\n|switch|p1a: Arceus|Arceus-Fire, shiny|26\/100\n|-damage|p1a: Arceus|2\/100|[from] Stealth Rock\n|-damage|p1a: Arceus|0 fnt|[from] Spikes\n|faint|p1a: Arceus\n|move|p2a: Zacian|Play Rough|p1: Arceus|[notarget]\n|-fail|p2a: Zacian\n|\n|upkeep\n|\n|t:|1698167728\n|switch|p1a: Cyclizar|Cyclizar, M|66\/100\n|-damage|p1a: Cyclizar|53\/100|[from] Stealth Rock\n|-damage|p1a: Cyclizar|41\/100|[from] Spikes\n|turn|24\n|\n|t:|1698167731\n|move|p2a: Zacian|Play Rough|p1a: Cyclizar\n|-supereffective|p1a: Cyclizar\n|-damage|p1a: Cyclizar|0 fnt\n|faint|p1a: Cyclizar\n|\n|upkeep\n|\n|t:|1698167737\n|switch|p1a: Espathra|Espathra, F|100\/100\n|-damage|p1a: Espathra|88\/100|[from] Stealth Rock\n|-damage|p1a: Espathra|76\/100|[from] Spikes\n|turn|25\n|\n|t:|1698167739\n|move|p1a: Espathra|Protect|p1a: Espathra\n|-singleturn|p1a: Espathra|Protect\n|move|p2a: Zacian|Play Rough|p1a: Espathra\n|-activate|p1a: Espathra|move: Protect\n|\n|-ability|p1a: Espathra|Speed Boost|boost\n|-boost|p1a: Espathra|spe|1\n|upkeep\n|turn|26\n|\n|t:|1698167743\n|move|p1a: Espathra|Calm Mind|p1a: Espathra\n|-boost|p1a: Espathra|spa|1\n|-boost|p1a: Espathra|spd|1\n|move|p2a: Zacian|Play Rough|p1a: Espathra\n|-damage|p1a: Espathra|0 fnt\n|faint|p1a: Espathra\n|\n|upkeep\n|\n|t:|1698167744\n|switch|p1a: Zacian|Zacian, shiny, tera:Dark|88\/100\n|-damage|p1a: Zacian|76\/100|[from] Stealth Rock\n|-damage|p1a: Zacian|63\/100|[from] Spikes\n|turn|27\n|c|\u2606XpokVEVO|Its zaciover?\n|\n|t:|1698167755\n|move|p2a: Zacian|Close Combat|p1a: Zacian\n|-supereffective|p1a: Zacian\n|-damage|p1a: Zacian|0 fnt\n|-unboost|p2a: Zacian|def|1\n|-unboost|p2a: Zacian|spd|1\n|faint|p1a: Zacian\n|\n|win|Leo Justice\n|c|\u2606Leo Justice|its Zacianover\n|c|\u2606XpokVEVO|What item\n","uploadtime":1698167767,"views":7,"p1id":"xpokvevo","p2id":"leojustice","formatid":"gen9ubers","rating":0,"private":0,"password":""}