{"id":"gen9ubers-1995233124","p1":"Thisaintgeo","p2":"toxzac","format":"[Gen 9] Ubers","log":"|j|\u2606Thisaintgeo\n|j|\u2606toxzac\n|t:|1700537817\n|gametype|singles\n|player|p1|Thisaintgeo|gentleman-gen4|\n|player|p2|toxzac|clown|\n|teamsize|p1|6\n|teamsize|p2|6\n|gen|9\n|tier|[Gen 9] Ubers\n|rule|Sleep Clause Mod: Limit one foe put to sleep\n|rule|Species Clause: Limit one of each Pok\u00e9mon\n|rule|OHKO Clause: OHKO moves are banned\n|rule|Evasion Items Clause: Evasion items are banned\n|rule|Evasion Moves Clause: Evasion moves are banned\n|rule|Endless Battle Clause: Forcing endless battles is banned\n|rule|HP Percentage Mod: HP is shown in percentages\n|clearpoke\n|poke|p1|Enamorus-Therian, F|\n|poke|p1|Dragalge, F|\n|poke|p1|Dipplin, M|\n|poke|p1|Venomoth, F|\n|poke|p1|Shiftry, F|\n|poke|p1|Sandy Shocks|\n|poke|p2|Urshifu-*, M|\n|poke|p2|Heatran, M|\n|poke|p2|Espeon, M|\n|poke|p2|Breloom, F|\n|poke|p2|Iron Treads|\n|poke|p2|Mismagius, M|\n|teampreview\n|inactive|Battle timer is ON: inactive players will automatically lose when time's up. (requested by toxzac)\n|c|\u2606Thisaintgeo|hf\n|c|\u2606toxzac|hf\n|inactiveoff|Battle timer is now OFF.\n|\n|t:|1700537852\n|start\n|switch|p1a: RM|Shiftry, F|100\/100\n|switch|p2a: Usopp|Breloom, F|100\/100\n|turn|1\n|\n|t:|1700537871\n|move|p2a: Usopp|Mach Punch|p1a: RM\n|-supereffective|p1a: RM\n|-enditem|p1a: RM|Focus Sash\n|-damage|p1a: RM|1\/100\n|move|p1a: RM|Toxic Spikes|p2a: Usopp\n|-sidestart|p2: toxzac|move: Toxic Spikes\n|\n|upkeep\n|turn|2\n|\n|t:|1700537889\n|switch|p1a: Jisoo|Enamorus-Therian, F|100\/100\n|move|p2a: Usopp|Spore|p1a: Jisoo\n|-immune|p1a: Jisoo|[from] ability: Overcoat\n|\n|upkeep\n|turn|3\n|c|\u2606toxzac|damn\n|c|\u2606toxzac|lmao\n|\n|t:|1700537907\n|move|p2a: Usopp|Rock Tomb|p1a: Jisoo\n|-supereffective|p1a: Jisoo\n|-damage|p1a: Jisoo|38\/100\n|-unboost|p1a: Jisoo|spe|1\n|move|p1a: Jisoo|Earth Power|p2a: Usopp\n|-resisted|p2a: Usopp\n|-damage|p2a: Usopp|68\/100\n|\n|upkeep\n|turn|4\n|\n|t:|1700537916\n|switch|p1a: Jin|Dipplin, M|100\/100\n|move|p2a: Usopp|Rock Tomb|p1a: Jin\n|-damage|p1a: Jin|85\/100\n|-unboost|p1a: Jin|spe|1\n|\n|upkeep\n|turn|5\n|\n|t:|1700537953\n|move|p2a: Usopp|Mach Punch|p1a: Jin\n|-crit|p1a: Jin\n|-damage|p1a: Jin|62\/100\n|move|p1a: Jin|Dragon Tail|p2a: Usopp\n|-damage|p2a: Usopp|44\/100\n|drag|p2a: Sabo|Heatran, M|100\/100\n|\n|upkeep\n|turn|6\n|\n|t:|1700537972\n|switch|p1a: SUGA|Dragalge, F|100\/100\n|move|p2a: Sabo|Magma Storm|p1a: SUGA|[miss]\n|-miss|p2a: Sabo|p1a: SUGA\n|\n|upkeep\n|turn|7\n|\n|t:|1700537985\n|move|p2a: Sabo|Earth Power|p1a: SUGA\n|-supereffective|p1a: SUGA\n|-damage|p1a: SUGA|47\/100\n|move|p1a: SUGA|Flip Turn|p2a: Sabo\n|-supereffective|p2a: Sabo\n|-damage|p2a: Sabo|83\/100\n|\n|t:|1700537994\n|switch|p1a: Ros\u00e9|Sandy Shocks|100\/100|[from] Flip Turn\n|\n|-heal|p2a: Sabo|89\/100|[from] item: Leftovers\n|upkeep\n|turn|8\n|\n|t:|1700538014\n|switch|p2a: Robin|Mismagius, M|100\/100\n|move|p1a: Ros\u00e9|Volt Switch|p2a: Robin\n|-damage|p2a: Robin|59\/100\n|\n|t:|1700538081\n|-end|p1a: Ros\u00e9|Protosynthesis|[silent]\n|switch|p1a: SUGA|Dragalge, F|47\/100|[from] Volt Switch\n|\n|-heal|p1a: SUGA|53\/100|[from] item: Black Sludge\n|upkeep\n|turn|9\n|\n|t:|1700538158\n|move|p2a: Robin|Shadow Ball|p1a: SUGA\n|-damage|p1a: SUGA|21\/100\n|-unboost|p1a: SUGA|spd|1\n|move|p1a: SUGA|Flip Turn|p2a: Robin\n|-crit|p2a: Robin\n|-damage|p2a: Robin|27\/100\n|j| UnstableWeirdness\n|\n|t:|1700538204\n|switch|p1a: Jisoo|Enamorus-Therian, F|38\/100|[from] Flip Turn\n|\n|upkeep\n|turn|10\n|\n|t:|1700538250\n|move|p2a: Robin|Shadow Ball|p1a: Jisoo\n|-damage|p1a: Jisoo|1\/100\n|move|p1a: Jisoo|Moonblast|p2a: Robin\n|-damage|p2a: Robin|0 fnt\n|faint|p2a: Robin\n|\n|upkeep\n|\n|t:|1700538268\n|switch|p2a: Sabo|Heatran, M|89\/100\n|turn|11\n|\n|t:|1700538279\n|move|p2a: Sabo|Stealth Rock|p1a: Jisoo\n|-sidestart|p1: Thisaintgeo|move: Stealth Rock\n|move|p1a: Jisoo|Healing Wish|p1a: Jisoo\n|faint|p1a: Jisoo\n|\n|-heal|p2a: Sabo|95\/100|[from] item: Leftovers\n|upkeep\n|\n|t:|1700538289\n|switch|p1a: SUGA|Dragalge, F|21\/100\n|-heal|p1a: SUGA|100\/100|[from] move: Healing Wish\n|-damage|p1a: SUGA|88\/100|[from] Stealth Rock\n|turn|12\n|\n|t:|1700538299\n|move|p2a: Sabo|Earth Power|p1a: SUGA\n|-supereffective|p1a: SUGA\n|-damage|p1a: SUGA|37\/100\n|move|p1a: SUGA|Flip Turn|p2a: Sabo\n|-supereffective|p2a: Sabo\n|-damage|p2a: Sabo|74\/100\n|\n|t:|1700538305\n|switch|p1a: Ros\u00e9|Sandy Shocks|100\/100|[from] Flip Turn\n|-damage|p1a: Ros\u00e9|95\/100|[from] Stealth Rock\n|\n|-heal|p2a: Sabo|81\/100|[from] item: Leftovers\n|upkeep\n|turn|13\n|c|\u2606Thisaintgeo|Fuh wait I forgot about the Healing Wish mechanics I didn't need to go straight Dragalge\n|c|\u2606Thisaintgeo|:'(\n|\n|t:|1700538426\n|move|p1a: Ros\u00e9|Earth Power|p2a: Sabo\n|-supereffective|p2a: Sabo\n|-damage|p2a: Sabo|0 fnt\n|faint|p2a: Sabo\n|\n|upkeep\n|\n|t:|1700538457\n|switch|p2a: Nami|Espeon, M|100\/100\n|-status|p2a: Nami|psn\n|turn|14\n|c|\u2606toxzac|wym\n|c|\u2606Thisaintgeo|It saves it\n|c|\u2606Thisaintgeo|If I switched into Ros\u00e9 first\n|c|\u2606Thisaintgeo|Cuz it had 100%\n|\n|t:|1700538536\n|move|p2a: Nami|Psychic|p1a: Ros\u00e9\n|-damage|p1a: Ros\u00e9|37\/100\n|move|p1a: Ros\u00e9|Earth Power|p2a: Nami\n|-damage|p2a: Nami|44\/100 psn\n|\n|-damage|p2a: Nami|32\/100 psn|[from] psn\n|upkeep\n|turn|15\n|c|\u2606toxzac|oh cause rocks goes second\n|\n|t:|1700538563\n|-end|p1a: Ros\u00e9|Protosynthesis|[silent]\n|switch|p1a: RM|Shiftry, F|1\/100\n|-damage|p1a: RM|0 fnt|[from] Stealth Rock\n|faint|p1a: RM\n|move|p2a: Nami|Psychic|p1: RM|[notarget]\n|-fail|p2a: Nami\n|\n|-damage|p2a: Nami|20\/100 psn|[from] psn\n|upkeep\n|\n|t:|1700538579\n|switch|p1a: Jin|Dipplin, M|62\/100\n|-damage|p1a: Jin|50\/100|[from] Stealth Rock\n|turn|16\n|\n|t:|1700538602\n|move|p2a: Nami|Psychic|p1a: Jin\n|-damage|p1a: Jin|17\/100\n|move|p1a: Jin|Recover|p1a: Jin\n|-heal|p1a: Jin|67\/100\n|\n|-damage|p2a: Nami|8\/100 psn|[from] psn\n|upkeep\n|turn|17\n|c|\u2606Thisaintgeo|Ya basically cuz if I die to rocks I can't get the wish\n|c|\u2606Thisaintgeo|At least that's how I just read and understood it...\n|\n|t:|1700538675\n|switch|p2a: Usopp|Breloom, F|44\/100\n|-status|p2a: Usopp|psn\n|move|p1a: Jin|Recover|p1a: Jin\n|-heal|p1a: Jin|100\/100\n|\n|-damage|p2a: Usopp|32\/100 psn|[from] psn\n|upkeep\n|turn|18\n|\n|t:|1700538710\n|move|p2a: Usopp|Mach Punch|p1a: Jin\n|-damage|p1a: Jin|85\/100\n|move|p1a: Jin|Recover|p1a: Jin\n|-heal|p1a: Jin|100\/100\n|\n|-damage|p2a: Usopp|20\/100 psn|[from] psn\n|upkeep\n|turn|19\n|\n|t:|1700538717\n|move|p2a: Usopp|Mach Punch|p1a: Jin\n|-damage|p1a: Jin|87\/100\n|move|p1a: Jin|Dragon Tail|p2a: Usopp\n|-damage|p2a: Usopp|0 fnt\n|faint|p2a: Usopp\n|\n|upkeep\n|\n|t:|1700538726\n|switch|p2a: Luffy|Urshifu-Rapid-Strike, M|100\/100\n|-status|p2a: Luffy|psn\n|turn|20\n|\n|t:|1700538749\n|move|p2a: Luffy|Close Combat|p1a: Jin\n|-damage|p1a: Jin|45\/100\n|-unboost|p2a: Luffy|def|1\n|-unboost|p2a: Luffy|spd|1\n|move|p1a: Jin|Leaf Storm|p2a: Luffy\n|-supereffective|p2a: Luffy\n|-damage|p2a: Luffy|0 fnt\n|-unboost|p1a: Jin|spa|2\n|faint|p2a: Luffy\n|\n|upkeep\n|c|\u2606toxzac|this thing is bulky af!\n|c|\u2606Thisaintgeo|Eviolite eligible\n|\n|t:|1700538775\n|switch|p2a: Franky|Iron Treads|100\/100\n|turn|21\n|\n|t:|1700538791\n|move|p2a: Franky|Knock Off|p1a: Jin\n|-damage|p1a: Jin|35\/100\n|-activate|p1a: Jin|ability: Sticky Hold\n|move|p1a: Jin|Recover|p1a: Jin\n|-heal|p1a: Jin|85\/100\n|\n|upkeep\n|turn|22\n|c|\u2606toxzac|omfg\n|c|\u2606toxzac|gg\n|c|\u2606Thisaintgeo|Oh and that lma\n|c|\u2606toxzac|lmao\n|c|\u2606Thisaintgeo|lmao\n|\n|t:|1700538833\n|move|p2a: Franky|Rapid Spin|p1a: Jin\n|-damage|p1a: Jin|79\/100\n|-boost|p2a: Franky|spe|1\n|-sideend|p2: toxzac|Toxic Spikes|[from] move: Rapid Spin|[of] p2a: Franky\n|move|p1a: Jin|Leaf Storm|p2a: Franky\n|-damage|p2a: Franky|73\/100\n|-unboost|p1a: Jin|spa|2\n|\n|-heal|p2a: Franky|79\/100|[from] item: Leftovers\n|upkeep\n|turn|23\n|\n|t:|1700538863\n|move|p2a: Franky|Earthquake|p1a: Jin\n|-resisted|p1a: Jin\n|-crit|p1a: Jin\n|-damage|p1a: Jin|67\/100\n|move|p1a: Jin|Dragon Tail|p2a: Franky\n|-resisted|p2a: Franky\n|-damage|p2a: Franky|73\/100\n|-end|p2a: Franky|Quark Drive|[silent]\n|drag|p2a: Nami|Espeon, M|8\/100 psn\n|\n|-damage|p2a: Nami|0 fnt|[from] psn\n|faint|p2a: Nami\n|upkeep\n|\n|t:|1700538869\n|switch|p2a: Franky|Iron Treads|73\/100\n|turn|24\n|\n|t:|1700538876\n|switch|p1a: Ros\u00e9|Sandy Shocks|37\/100\n|-damage|p1a: Ros\u00e9|31\/100|[from] Stealth Rock\n|move|p2a: Franky|Earthquake|p1a: Ros\u00e9\n|-supereffective|p1a: Ros\u00e9\n|-damage|p1a: Ros\u00e9|0 fnt\n|faint|p1a: Ros\u00e9\n|-end|p1a: Ros\u00e9|Protosynthesis|[silent]\n|\n|-heal|p2a: Franky|79\/100|[from] item: Leftovers\n|upkeep\n|\n|t:|1700538892\n|switch|p1a: Jennie|Venomoth, F|100\/100\n|-damage|p1a: Jennie|76\/100|[from] Stealth Rock\n|turn|25\n|\n|t:|1700538921\n|-terastallize|p1a: Jennie|Ground\n|move|p2a: Franky|Earthquake|p1a: Jennie\n|-damage|p1a: Jennie|6\/100\n|move|p1a: Jennie|Tera Blast|p2a: Franky|[anim] Tera Blast Ground\n|-supereffective|p2a: Franky\n|-damage|p2a: Franky|1\/100\n|\n|-heal|p2a: Franky|8\/100|[from] item: Leftovers\n|upkeep\n|turn|26\n|c|\u2606Thisaintgeo|FUH\n|\n|t:|1700538932\n|move|p2a: Franky|Earthquake|p1a: Jennie\n|-damage|p1a: Jennie|0 fnt\n|faint|p1a: Jennie\n|\n|-heal|p2a: Franky|14\/100|[from] item: Leftovers\n|upkeep\n|c|\u2606toxzac|lol gg\n|\n|t:|1700538937\n|switch|p1a: Jin|Dipplin, M|67\/100\n|-damage|p1a: Jin|54\/100|[from] Stealth Rock\n|turn|27\n|c|\u2606toxzac|fuckinbg walled buy candy apple\n|\n|t:|1700538952\n|move|p2a: Franky|Earthquake|p1a: Jin\n|-resisted|p1a: Jin\n|-damage|p1a: Jin|46\/100\n|move|p1a: Jin|Leaf Storm|p2a: Franky\n|-damage|p2a: Franky|0 fnt\n|-unboost|p1a: Jin|spa|2\n|faint|p2a: Franky\n|-end|p2a: Franky|Quark Drive|[silent]\n|\n|win|Thisaintgeo\n|c|\u2606Thisaintgeo|gg bro\n","uploadtime":1700538962,"views":18,"p1id":"thisaintgeo","p2id":"toxzac","formatid":"gen9ubers","rating":0,"private":0,"password":""}