{"id":"gen9ubers-1969420066","p1":"zuri 2","p2":"idekwhatneamtoyuse","format":"[Gen 9] Ubers","log":"|j|\u2606zuri 2\n|j|\u203didekwhatneamtoyuse\n|t:|1697528880\n|gametype|singles\n|player|p1|zuri 2|steven|1343\n|player|p2|idekwhatneamtoyuse|170|1444\n|teamsize|p1|6\n|teamsize|p2|6\n|gen|9\n|tier|[Gen 9] Ubers\n|rated|\n|rule|Sleep Clause Mod: Limit one foe put to sleep\n|rule|Species Clause: Limit one of each Pok\u00e9mon\n|rule|OHKO Clause: OHKO moves are banned\n|rule|Evasion Items Clause: Evasion items are banned\n|rule|Evasion Moves Clause: Evasion moves are banned\n|rule|Endless Battle Clause: Forcing endless battles is banned\n|rule|HP Percentage Mod: HP is shown in percentages\n|clearpoke\n|poke|p1|Glimmora, F|\n|poke|p1|Koraidon|\n|poke|p1|Miraidon|\n|poke|p1|Flutter Mane|\n|poke|p1|Walking Wake|\n|poke|p1|Iron Bundle|\n|poke|p2|Koraidon|\n|poke|p2|Arceus-Fairy|\n|poke|p2|Ting-Lu|\n|poke|p2|Skeledirge, F|\n|poke|p2|Zacian-*|\n|poke|p2|Eternatus|\n|teampreview\n|inactive|Battle timer is ON: inactive players will automatically lose when time's up. (requested by idekwhatneamtoyuse)\n|\n|t:|1697528909\n|start\n|switch|p1a: Glimmora|Glimmora, F|100\/100\n|switch|p2a: Zacian|Zacian-Crowned|100\/100\n|-ability|p2a: Zacian|Intrepid Sword|boost\n|-boost|p2a: Zacian|atk|1\n|turn|1\n|\n|t:|1697528921\n|move|p2a: Zacian|Trailblaze|p1a: Glimmora\n|-damage|p1a: Glimmora|68\/100\n|-boost|p2a: Zacian|spe|1\n|-activate|p1a: Glimmora|ability: Toxic Debris\n|-sidestart|p2: idekwhatneamtoyuse|move: Toxic Spikes\n|move|p1a: Glimmora|Stealth Rock|p2a: Zacian\n|-sidestart|p2: idekwhatneamtoyuse|move: Stealth Rock\n|\n|upkeep\n|turn|2\n|\n|t:|1697528934\n|move|p2a: Zacian|Behemoth Blade|p1a: Glimmora\n|-supereffective|p1a: Glimmora\n|-damage|p1a: Glimmora|0 fnt\n|-activate|p1a: Glimmora|ability: Toxic Debris\n|-sidestart|p2: idekwhatneamtoyuse|move: Toxic Spikes\n|faint|p1a: Glimmora\n|\n|upkeep\n|\n|t:|1697528941\n|switch|p1a: Koraidon|Koraidon|100\/100\n|-weather|SunnyDay|[from] ability: Orichalcum Pulse|[of] p1a: Koraidon\n|-activate|p1a: Koraidon|Orichalcum Pulse|[source]\n|turn|3\n|inactive|zuri 2 has 120 seconds left.\n|inactive|idekwhatneamtoyuse has 120 seconds left.\n|\n|t:|1697528990\n|switch|p2a: Skeledirge|Skeledirge, F|100\/100\n|move|p1a: Koraidon|Close Combat|p2a: Skeledirge\n|-immune|p2a: Skeledirge\n|\n|-weather|SunnyDay|[upkeep]\n|upkeep\n|turn|4\n|inactive|zuri 2 has 120 seconds left.\n|\n|t:|1697529018\n|switch|p1a: Walking Wake|Walking Wake|100\/100\n|-activate|p1a: Walking Wake|ability: Protosynthesis\n|-start|p1a: Walking Wake|protosynthesisspe\n|move|p2a: Skeledirge|Torch Song|p1a: Walking Wake\n|-resisted|p1a: Walking Wake\n|-damage|p1a: Walking Wake|88\/100\n|-boost|p2a: Skeledirge|spa|1\n|\n|-weather|SunnyDay|[upkeep]\n|upkeep\n|turn|5\n|inactive|idekwhatneamtoyuse has 120 seconds left.\n|\n|t:|1697529030\n|switch|p2a: Zacian|Zacian-Crowned|100\/100\n|-damage|p2a: Zacian|94\/100|[from] Stealth Rock\n|move|p1a: Walking Wake|Hydro Steam|p2a: Zacian\n|-damage|p2a: Zacian|27\/100\n|-damage|p1a: Walking Wake|78\/100|[from] item: Life Orb\n|\n|-weather|SunnyDay|[upkeep]\n|upkeep\n|turn|6\n|inactive|idekwhatneamtoyuse has 120 seconds left.\n|\n|t:|1697529041\n|move|p1a: Walking Wake|Hydro Steam|p2a: Zacian\n|-damage|p2a: Zacian|0 fnt\n|faint|p2a: Zacian\n|-damage|p1a: Walking Wake|68\/100|[from] item: Life Orb\n|\n|-weather|SunnyDay|[upkeep]\n|upkeep\n|\n|t:|1697529043\n|switch|p2a: Eternatus|Eternatus|100\/100\n|-sideend|p2: idekwhatneamtoyuse|move: Toxic Spikes|[of] p2a: Eternatus\n|-damage|p2a: Eternatus|88\/100|[from] Stealth Rock\n|-ability|p2a: Eternatus|Pressure\n|turn|7\n|\n|t:|1697529052\n|move|p2a: Eternatus|Dynamax Cannon|p1a: Walking Wake\n|-supereffective|p1a: Walking Wake\n|-damage|p1a: Walking Wake|0 fnt\n|faint|p1a: Walking Wake\n|-end|p1a: Walking Wake|Protosynthesis|[silent]\n|\n|-weather|none\n|upkeep\n|\n|t:|1697529062\n|switch|p1a: Flutter Mane|Flutter Mane|100\/100\n|turn|8\n|inactive|zuri 2 has 120 seconds left.\n|\n|t:|1697529069\n|switch|p2a: Arceus|Arceus-Fairy|100\/100\n|-damage|p2a: Arceus|88\/100|[from] Stealth Rock\n|move|p1a: Flutter Mane|Moonblast|p2a: Arceus\n|-crit|p2a: Arceus\n|-damage|p2a: Arceus|35\/100\n|\n|upkeep\n|turn|9\n|\n|t:|1697529076\n|move|p1a: Flutter Mane|Moonblast|p2a: Arceus\n|-damage|p2a: Arceus|0 fnt\n|faint|p2a: Arceus\n|\n|upkeep\n|\n|t:|1697529080\n|switch|p2a: Eternatus|Eternatus|88\/100\n|-damage|p2a: Eternatus|76\/100|[from] Stealth Rock\n|-ability|p2a: Eternatus|Pressure\n|turn|10\n|\n|t:|1697529086\n|-end|p1a: Flutter Mane|Protosynthesis|[silent]\n|switch|p1a: Miraidon|Miraidon|100\/100\n|-fieldstart|move: Electric Terrain|[from] ability: Hadron Engine|[of] p1a: Miraidon\n|move|p2a: Eternatus|Sludge Bomb|p1a: Miraidon\n|-damage|p1a: Miraidon|53\/100\n|\n|upkeep\n|turn|11\n|\n|t:|1697529095\n|switch|p2a: Ting-Lu|Ting-Lu|100\/100\n|-damage|p2a: Ting-Lu|94\/100|[from] Stealth Rock\n|-ability|p2a: Ting-Lu|Vessel of Ruin\n|move|p1a: Miraidon|Draco Meteor|p2a: Ting-Lu\n|-damage|p2a: Ting-Lu|56\/100\n|-unboost|p1a: Miraidon|spa|2\n|\n|-heal|p2a: Ting-Lu|62\/100|[from] item: Leftovers\n|upkeep\n|turn|12\n|\n|t:|1697529106\n|switch|p1a: Iron Bundle|Iron Bundle|100\/100\n|-activate|p1a: Iron Bundle|ability: Quark Drive\n|-start|p1a: Iron Bundle|quarkdrivespe\n|move|p2a: Ting-Lu|Spikes|p1a: Iron Bundle\n|-sidestart|p1: zuri 2|Spikes\n|\n|-heal|p2a: Ting-Lu|69\/100|[from] item: Leftovers\n|upkeep\n|turn|13\n|\n|t:|1697529117\n|move|p1a: Iron Bundle|Taunt|p2a: Ting-Lu\n|-start|p2a: Ting-Lu|move: Taunt\n|cant|p2a: Ting-Lu|move: Taunt|Spikes\n|\n|-heal|p2a: Ting-Lu|75\/100|[from] item: Leftovers\n|upkeep\n|turn|14\n|\n|t:|1697529127\n|switch|p2a: Skeledirge|Skeledirge, F|100\/100\n|move|p1a: Iron Bundle|Freeze-Dry|p2a: Skeledirge\n|-resisted|p2a: Skeledirge\n|-damage|p2a: Skeledirge|81\/100\n|-status|p2a: Skeledirge|frz\n|\n|-fieldend|move: Electric Terrain\n|-end|p1a: Iron Bundle|Quark Drive\n|upkeep\n|turn|15\n|\n|t:|1697529146\n|move|p1a: Iron Bundle|Flip Turn|p2a: Skeledirge\n|-supereffective|p2a: Skeledirge\n|-damage|p2a: Skeledirge|64\/100 frz\n|\n|t:|1697529150\n|-end|p1a: Iron Bundle|Quark Drive|[silent]\n|switch|p1a: Miraidon|Miraidon|53\/100|[from] Flip Turn\n|-damage|p1a: Miraidon|40\/100|[from] Spikes\n|-fieldstart|move: Electric Terrain|[from] ability: Hadron Engine|[of] p1a: Miraidon\n|-curestatus|p2a: Skeledirge|frz|[msg]\n|move|p2a: Skeledirge|Torch Song|p1a: Miraidon\n|-resisted|p1a: Miraidon\n|-damage|p1a: Miraidon|26\/100\n|-boost|p2a: Skeledirge|spa|1\n|\n|upkeep\n|turn|16\n|\n|t:|1697529165\n|move|p1a: Miraidon|Volt Switch|p2a: Skeledirge\n|-damage|p2a: Skeledirge|0 fnt\n|faint|p2a: Skeledirge\n|\n|t:|1697529169\n|switch|p1a: Iron Bundle|Iron Bundle|100\/100|[from] Volt Switch\n|-activate|p1a: Iron Bundle|ability: Quark Drive\n|-start|p1a: Iron Bundle|quarkdrivespe\n|\n|upkeep\n|\n|t:|1697529172\n|switch|p2a: Koraidon|Koraidon|100\/100\n|-damage|p2a: Koraidon|94\/100|[from] Stealth Rock\n|-weather|SunnyDay|[from] ability: Orichalcum Pulse|[of] p2a: Koraidon\n|-activate|p2a: Koraidon|Orichalcum Pulse|[source]\n|turn|17\n|\n|t:|1697529179\n|-terastallize|p2a: Koraidon|Fairy\n|move|p1a: Iron Bundle|Freeze-Dry|p2a: Koraidon\n|-damage|p2a: Koraidon|58\/100\n|move|p2a: Koraidon|Scale Shot|p1a: Iron Bundle\n|-damage|p1a: Iron Bundle|77\/100\n|-damage|p1a: Iron Bundle|56\/100\n|-damage|p1a: Iron Bundle|35\/100\n|-damage|p1a: Iron Bundle|12\/100\n|-damage|p1a: Iron Bundle|0 fnt\n|faint|p1a: Iron Bundle\n|-end|p1a: Iron Bundle|Quark Drive|[silent]\n|-hitcount|p1: Iron Bundle|5\n|-unboost|p2a: Koraidon|def|1\n|-boost|p2a: Koraidon|spe|1\n|\n|-weather|SunnyDay|[upkeep]\n|upkeep\n|\n|t:|1697529195\n|switch|p1a: Koraidon|Koraidon|100\/100\n|-damage|p1a: Koraidon|88\/100|[from] Spikes\n|-activate|p1a: Koraidon|ability: Orichalcum Pulse\n|turn|18\n|\n|t:|1697529208\n|-terastallize|p1a: Koraidon|Steel\n|move|p1a: Koraidon|Iron Head|p2a: Koraidon\n|-supereffective|p2a: Koraidon\n|-damage|p2a: Koraidon|0 fnt\n|faint|p2a: Koraidon\n|\n|-weather|SunnyDay|[upkeep]\n|upkeep\n|\n|t:|1697529219\n|switch|p2a: Ting-Lu|Ting-Lu|75\/100\n|-damage|p2a: Ting-Lu|69\/100|[from] Stealth Rock\n|-ability|p2a: Ting-Lu|Vessel of Ruin\n|turn|19\n|\n|t:|1697529225\n|move|p1a: Koraidon|Iron Head|p2a: Ting-Lu\n|-damage|p2a: Ting-Lu|35\/100\n|move|p2a: Ting-Lu|Earthquake|p1a: Koraidon\n|-supereffective|p1a: Koraidon\n|-damage|p1a: Koraidon|25\/100\n|\n|-weather|SunnyDay|[upkeep]\n|-heal|p2a: Ting-Lu|42\/100|[from] item: Leftovers\n|-fieldend|move: Electric Terrain\n|upkeep\n|turn|20\n|\n|t:|1697529231\n|move|p1a: Koraidon|Iron Head|p2a: Ting-Lu\n|-crit|p2a: Ting-Lu\n|-damage|p2a: Ting-Lu|0 fnt\n|faint|p2a: Ting-Lu\n|\n|-weather|SunnyDay|[upkeep]\n|upkeep\n|\n|t:|1697529237\n|switch|p2a: Eternatus|Eternatus|76\/100\n|-damage|p2a: Eternatus|63\/100|[from] Stealth Rock\n|-ability|p2a: Eternatus|Pressure\n|turn|21\n|\n|t:|1697529242\n|move|p1a: Koraidon|Iron Head|p2a: Eternatus\n|-damage|p2a: Eternatus|17\/100\n|cant|p2a: Eternatus|flinch\n|\n|-weather|none\n|upkeep\n|turn|22\n|\n|t:|1697529246\n|move|p1a: Koraidon|Iron Head|p2a: Eternatus\n|-damage|p2a: Eternatus|0 fnt\n|faint|p2a: Eternatus\n|\n|win|zuri 2\n|raw|zuri 2's rating: 1343 &rarr; <strong>1369<\/strong><br \/>(+26 for winning)\n|raw|idekwhatneamtoyuse's rating: 1444 &rarr; <strong>1418<\/strong><br \/>(-26 for losing)\n","uploadtime":1697529252,"views":15,"p1id":"zuri2","p2id":"idekwhatneamtoyuse","formatid":"gen9ubers","rating":1369,"private":0,"password":""}