{"id":"gen9ubers-1971708905","p1":"DisasterLesbian","p2":"Underhours","format":"[Gen 9] Ubers","log":"|j|\u2606DisasterLesbian\n|j|\u2606Underhours\n|t:|1697763485\n|gametype|singles\n|player|p1|DisasterLesbian|hexmaniac-gen6|\n|player|p2|Underhours|brock-gen2|\n|teamsize|p1|6\n|teamsize|p2|6\n|gen|9\n|tier|[Gen 9] Ubers\n|rule|Sleep Clause Mod: Limit one foe put to sleep\n|rule|Species Clause: Limit one of each Pok\u00e9mon\n|rule|OHKO Clause: OHKO moves are banned\n|rule|Evasion Items Clause: Evasion items are banned\n|rule|Evasion Moves Clause: Evasion moves are banned\n|rule|Endless Battle Clause: Forcing endless battles is banned\n|rule|HP Percentage Mod: HP is shown in percentages\n|clearpoke\n|poke|p1|Meowscarada, F|\n|poke|p1|Gholdengo|\n|poke|p1|Dialga|\n|poke|p1|Zacian-*|\n|poke|p1|Magearna|\n|poke|p1|Cyclizar, F|\n|poke|p2|Pelipper, M|\n|poke|p2|Arceus-Grass|\n|poke|p2|Magearna|\n|poke|p2|Zacian-*|\n|poke|p2|Basculegion-F, F|\n|poke|p2|Palkia-Origin|\n|teampreview\n|inactive|Battle timer is ON: inactive players will automatically lose when time's up. (requested by DisasterLesbian)\n|c|\u2606DisasterLesbian|engineer gaming\n|c|\u2606DisasterLesbian|gl\n|c|\u2606Underhours|u2\n|c|\u2606Underhours|i like ur username\n|\n|t:|1697763509\n|start\n|switch|p1a: Fat Doink|Meowscarada, F|100\/100\n|switch|p2a: Pelipper|Pelipper, M|100\/100\n|-weather|RainDance|[from] ability: Drizzle|[of] p2a: Pelipper\n|turn|1\n|\n|t:|1697763524\n|move|p1a: Fat Doink|Toxic Spikes|p2a: Pelipper\n|-sidestart|p2: Underhours|move: Toxic Spikes\n|move|p2a: Pelipper|U-turn|p1a: Fat Doink\n|-supereffective|p1a: Fat Doink\n|-damage|p1a: Fat Doink|43\/100\n|c|\u2606DisasterLesbian|thank you\n|c|\u2606DisasterLesbian|i love women\n|\n|t:|1697763551\n|switch|p2a: Zacian|Zacian|100\/100|[from] U-turn\n|-status|p2a: Zacian|psn\n|-ability|p2a: Zacian|Intrepid Sword|boost\n|-boost|p2a: Zacian|atk|1\n|\n|-weather|RainDance|[upkeep]\n|-damage|p2a: Zacian|88\/100 psn|[from] psn\n|upkeep\n|turn|2\n|\n|t:|1697763561\n|move|p2a: Zacian|Play Rough|p1a: Fat Doink\n|-supereffective|p1a: Fat Doink\n|-damage|p1a: Fat Doink|0 fnt\n|faint|p1a: Fat Doink\n|-damage|p2a: Zacian|78\/100 psn|[from] item: Life Orb\n|\n|-weather|RainDance|[upkeep]\n|-damage|p2a: Zacian|66\/100 psn|[from] psn\n|upkeep\n|\n|t:|1697763572\n|switch|p1a: Rosie|Magearna|100\/100\n|turn|3\n|\n|t:|1697763578\n|move|p2a: Zacian|Swords Dance|p2a: Zacian\n|-boost|p2a: Zacian|atk|2\n|move|p1a: Rosie|Spikes|p2a: Zacian\n|-sidestart|p2: Underhours|Spikes\n|\n|-weather|RainDance|[upkeep]\n|-damage|p2a: Zacian|54\/100 psn|[from] psn\n|upkeep\n|turn|4\n|\n|t:|1697763600\n|-terastallize|p2a: Zacian|Ground\n|move|p2a: Zacian|Tera Blast|p1a: Rosie|[anim] Tera Blast Ground\n|-supereffective|p1a: Rosie\n|-damage|p1a: Rosie|0 fnt\n|faint|p1a: Rosie\n|-damage|p2a: Zacian|44\/100 psn|[from] item: Life Orb\n|\n|-weather|RainDance|[upkeep]\n|-damage|p2a: Zacian|32\/100 psn|[from] psn\n|upkeep\n|inactive|DisasterLesbian has 270 seconds left.\n|\n|t:|1697763616\n|switch|p1a: 11640 DPS|Zacian|100\/100\n|-ability|p1a: 11640 DPS|Intrepid Sword|boost\n|-boost|p1a: 11640 DPS|atk|1\n|turn|5\n|\n|t:|1697763622\n|move|p2a: Zacian|Play Rough|p1a: 11640 DPS|[miss]\n|-miss|p2a: Zacian|p1a: 11640 DPS\n|move|p1a: 11640 DPS|Trailblaze|p2a: Zacian\n|-supereffective|p2a: Zacian\n|-damage|p2a: Zacian|0 fnt\n|-boost|p1a: 11640 DPS|spe|1\n|faint|p2a: Zacian\n|\n|-weather|RainDance|[upkeep]\n|upkeep\n|c|\u2606DisasterLesbian|F\n|\n|t:|1697763646\n|switch|p2a: Magearna|Magearna|100\/100\n|-damage|p2a: Magearna|88\/100|[from] Spikes\n|turn|6\n|inactive|DisasterLesbian has 270 seconds left.\n|inactive|Underhours has 270 seconds left.\n|\n|t:|1697763669\n|-terastallize|p1a: 11640 DPS|Fire\n|move|p1a: 11640 DPS|Swords Dance|p1a: 11640 DPS\n|-boost|p1a: 11640 DPS|atk|2\n|move|p2a: Magearna|Pain Split|p1a: 11640 DPS\n|-sethp|p1a: 11640 DPS|85\/100|[from] move: Pain Split|[silent]\n|-sethp|p2a: Magearna|100\/100|[from] move: Pain Split\n|\n|-weather|RainDance|[upkeep]\n|upkeep\n|turn|7\n|inactive|DisasterLesbian has 270 seconds left.\n|l|\u2606DisasterLesbian\n|inactive|DisasterLesbian disconnected and has 300 seconds to reconnect!\n|player|p1|\n|inactive|DisasterLesbian has 270 seconds to reconnect!\n|inactive|DisasterLesbian has 240 seconds to reconnect!\n|j|\u2606DisasterLesbian\n|inactive|DisasterLesbian reconnected and has 250 seconds left.\n|player|p1|DisasterLesbian|hexmaniac-gen6\n|inactive|Underhours has 270 seconds left.\n|c|\u2606DisasterLesbian|oopsy\n|inactive|DisasterLesbian has 240 seconds left.\n|\n|t:|1697763775\n|move|p1a: 11640 DPS|Trailblaze|p2a: Magearna\n|-resisted|p2a: Magearna\n|-damage|p2a: Magearna|83\/100\n|-boost|p1a: 11640 DPS|spe|1\n|move|p2a: Magearna|Pain Split|p1a: 11640 DPS\n|-sethp|p1a: 11640 DPS|74\/100|[from] move: Pain Split|[silent]\n|-sethp|p2a: Magearna|96\/100|[from] move: Pain Split\n|\n|-weather|RainDance|[upkeep]\n|-heal|p2a: Magearna|100\/100|[from] item: Leftovers\n|upkeep\n|turn|8\n|\n|t:|1697763783\n|move|p1a: 11640 DPS|Tera Blast|p2a: Magearna|[anim] Tera Blast Fire\n|-supereffective|p2a: Magearna\n|-damage|p2a: Magearna|8\/100\n|move|p2a: Magearna|Fleur Cannon|p1a: 11640 DPS\n|-resisted|p1a: 11640 DPS\n|-damage|p1a: 11640 DPS|43\/100\n|-unboost|p2a: Magearna|spa|2\n|\n|-weather|none\n|-heal|p2a: Magearna|14\/100|[from] item: Leftovers\n|upkeep\n|turn|9\n|\n|t:|1697763788\n|move|p1a: 11640 DPS|Trailblaze|p2a: Magearna\n|-resisted|p2a: Magearna\n|-damage|p2a: Magearna|0 fnt\n|-boost|p1a: 11640 DPS|spe|1\n|faint|p2a: Magearna\n|\n|upkeep\n|inactive|Underhours has 270 seconds left.\n|\n|t:|1697763820\n|switch|p2a: Arceus|Arceus-Grass|100\/100\n|-status|p2a: Arceus|psn\n|-damage|p2a: Arceus|88\/100 psn|[from] Spikes\n|turn|10\n|\n|t:|1697763826\n|move|p1a: 11640 DPS|Tera Blast|p2a: Arceus|[anim] Tera Blast Fire\n|-supereffective|p2a: Arceus\n|-damage|p2a: Arceus|0 fnt\n|faint|p2a: Arceus\n|\n|upkeep\n|\n|t:|1697763830\n|switch|p2a: Palkia|Palkia-Origin|100\/100\n|-status|p2a: Palkia|psn\n|-damage|p2a: Palkia|88\/100 psn|[from] Spikes\n|-ability|p2a: Palkia|Pressure\n|turn|11\n|\n|t:|1697763834\n|move|p1a: 11640 DPS|Play Rough|p2a: Palkia\n|-supereffective|p2a: Palkia\n|-damage|p2a: Palkia|0 fnt\n|faint|p2a: Palkia\n|\n|upkeep\n|\n|t:|1697763837\n|switch|p2a: Pelipper|Pelipper, M|100\/100\n|-weather|RainDance|[from] ability: Drizzle|[of] p2a: Pelipper\n|turn|12\n|\n|t:|1697763841\n|move|p1a: 11640 DPS|Play Rough|p2a: Pelipper\n|-damage|p2a: Pelipper|27\/100\n|move|p2a: Pelipper|Hydro Pump|p1a: 11640 DPS|[miss]\n|-miss|p2a: Pelipper|p1a: 11640 DPS\n|\n|-weather|RainDance|[upkeep]\n|upkeep\n|turn|13\n|\n|t:|1697763848\n|move|p1a: 11640 DPS|Trailblaze|p2a: Pelipper\n|-damage|p2a: Pelipper|0 fnt\n|-boost|p1a: 11640 DPS|spe|1\n|faint|p2a: Pelipper\n|\n|-weather|RainDance|[upkeep]\n|upkeep\n|\n|t:|1697763851\n|switch|p2a: Basculegion|Basculegion-F, F|100\/100\n|turn|14\n|\n|t:|1697763855\n|move|p2a: Basculegion|Aqua Jet|p1a: 11640 DPS\n|-supereffective|p1a: 11640 DPS\n|-damage|p1a: 11640 DPS|0 fnt\n|faint|p1a: 11640 DPS\n|\n|-weather|RainDance|[upkeep]\n|upkeep\n|\n|t:|1697763859\n|switch|p1a: Time to Stop|Dialga|100\/100\n|-ability|p1a: Time to Stop|Pressure\n|turn|15\n|\n|t:|1697763864\n|move|p2a: Basculegion|Agility|p2a: Basculegion\n|-boost|p2a: Basculegion|spe|2\n|move|p1a: Time to Stop|Draco Meteor|p2a: Basculegion\n|-damage|p2a: Basculegion|31\/100\n|-unboost|p1a: Time to Stop|spa|2\n|\n|-weather|RainDance|[upkeep]\n|upkeep\n|turn|16\n|\n|t:|1697763872\n|move|p2a: Basculegion|Last Respects|p1a: Time to Stop\n|-damage|p1a: Time to Stop|0 fnt\n|faint|p1a: Time to Stop\n|\n|-weather|RainDance|[upkeep]\n|upkeep\n|\n|t:|1697763877\n|switch|p1a: Autobahn|Cyclizar, F|100\/100\n|turn|17\n|\n|t:|1697763885\n|move|p2a: Basculegion|Wave Crash|p1a: Autobahn\n|-resisted|p1a: Autobahn\n|-damage|p1a: Autobahn|28\/100\n|-damage|p2a: Basculegion|10\/100|[from] Recoil\n|move|p1a: Autobahn|Knock Off|p2a: Basculegion\n|-supereffective|p2a: Basculegion\n|-damage|p2a: Basculegion|0 fnt\n|-enditem|p2a: Basculegion|Heavy-Duty Boots|[from] move: Knock Off|[of] p1a: Autobahn\n|faint|p2a: Basculegion\n|\n|win|DisasterLesbian\n|c|\u2606Underhours|gg\n|c|\u2606DisasterLesbian|gg!\n|l|\u2606DisasterLesbian\n|l|\u2606Underhours\n|j|\u2606Underhours\n|player|p2|Underhours|brock-gen2\n|l|\u2606Underhours\n|player|p2|\n|j|\u2606Underhours\n|player|p2|Underhours|brock-gen2\n","uploadtime":1697764005,"views":43,"p1id":"disasterlesbian","p2id":"underhours","formatid":"gen9ubers","rating":0,"private":0,"password":""}