{"id":"gen9ubers-1971264162","p1":"Leo Justice","p2":"Reposti","format":"[Gen 9] Ubers","log":"|j|\u2606Leo Justice\n|j|\u2606Reposti\n|t:|1697724846\n|gametype|singles\n|player|p1|Leo Justice|carmine|\n|player|p2|Reposti|gambler|\n|teamsize|p1|6\n|teamsize|p2|6\n|gen|9\n|tier|[Gen 9] Ubers\n|rule|Sleep Clause Mod: Limit one foe put to sleep\n|rule|Species Clause: Limit one of each Pok\u00e9mon\n|rule|OHKO Clause: OHKO moves are banned\n|rule|Evasion Items Clause: Evasion items are banned\n|rule|Evasion Moves Clause: Evasion moves are banned\n|rule|Endless Battle Clause: Forcing endless battles is banned\n|rule|HP Percentage Mod: HP is shown in percentages\n|clearpoke\n|poke|p1|Scream Tail|\n|poke|p1|Toedscruel, M|\n|poke|p1|Dondozo, M|\n|poke|p1|Magearna|\n|poke|p1|Blissey, F|\n|poke|p1|Giratina|\n|poke|p2|Arceus-Poison|\n|poke|p2|Magearna|\n|poke|p2|Giratina|\n|poke|p2|Blissey, F|\n|poke|p2|Shaymin-Sky|\n|poke|p2|Cyclizar, F|\n|teampreview\n|c|\u2606Reposti|Hf\n|c|\u2606Leo Justice|gl\n|c|\u2606Reposti|stall vs stall\n|c|\u2606Reposti|battle for the ages\n|\n|t:|1697724878\n|start\n|switch|p1a: Magearna|Magearna|100\/100\n|switch|p2a: Magearna|Magearna|100\/100\n|turn|1\n|\n|t:|1697724886\n|move|p2a: Magearna|Thunder Wave|p1a: Magearna\n|-status|p1a: Magearna|par\n|move|p1a: Magearna|Spikes|p2a: Magearna\n|-sidestart|p2: Reposti|Spikes\n|\n|upkeep\n|turn|2\n|\n|t:|1697724892\n|move|p2a: Magearna|Spikes|p1a: Magearna\n|-sidestart|p1: Leo Justice|Spikes\n|move|p1a: Magearna|Spikes|p2a: Magearna\n|-sidestart|p2: Reposti|Spikes\n|\n|upkeep\n|turn|3\n|\n|t:|1697724897\n|move|p2a: Magearna|Spikes|p1a: Magearna\n|-sidestart|p1: Leo Justice|Spikes\n|move|p1a: Magearna|Spikes|p2a: Magearna\n|-sidestart|p2: Reposti|Spikes\n|\n|upkeep\n|turn|4\n|\n|t:|1697724902\n|move|p2a: Magearna|Spikes|p1a: Magearna\n|-sidestart|p1: Leo Justice|Spikes\n|move|p1a: Magearna|Volt Switch|p2a: Magearna\n|-damage|p2a: Magearna|87\/100\n|\n|t:|1697724906\n|switch|p1a: Toedscruel|Toedscruel, M|100\/100|[from] Volt Switch\n|-damage|p1a: Toedscruel|75\/100|[from] Spikes\n|\n|-heal|p1a: Toedscruel|82\/100|[from] item: Leftovers\n|-heal|p2a: Magearna|93\/100|[from] item: Leftovers\n|upkeep\n|turn|5\n|\n|t:|1697724929\n|switch|p2a: Shaymin|Shaymin-Sky|100\/100\n|move|p1a: Toedscruel|Toxic Spikes|p2a: Shaymin\n|-sidestart|p2: Reposti|move: Toxic Spikes\n|\n|-heal|p1a: Toedscruel|88\/100|[from] item: Leftovers\n|upkeep\n|turn|6\n|\n|t:|1697724937\n|move|p2a: Shaymin|Substitute|p2a: Shaymin\n|-start|p2a: Shaymin|Substitute\n|-damage|p2a: Shaymin|75\/100\n|move|p1a: Toedscruel|Rapid Spin|p2a: Shaymin\n|-activate|p2a: Shaymin|move: Substitute|[damage]\n|-sideend|p1: Leo Justice|Spikes|[from] move: Rapid Spin|[of] p1a: Toedscruel\n|-boost|p1a: Toedscruel|spe|1\n|\n|-heal|p2a: Shaymin|82\/100|[from] item: Leftovers\n|-heal|p1a: Toedscruel|94\/100|[from] item: Leftovers\n|upkeep\n|turn|7\n|\n|t:|1697724947\n|switch|p1a: Giratina|Giratina|100\/100\n|-ability|p1a: Giratina|Pressure\n|move|p2a: Shaymin|Seed Flare|p1a: Giratina\n|-resisted|p1a: Giratina\n|-damage|p1a: Giratina|90\/100\n|-unboost|p1a: Giratina|spd|2\n|\n|-heal|p2a: Shaymin|88\/100|[from] item: Leftovers\n|upkeep\n|turn|8\n|\n|t:|1697724959\n|switch|p1a: Blissey|Blissey, F|100\/100\n|move|p2a: Shaymin|Leech Seed|p1a: Blissey\n|-start|p1a: Blissey|move: Leech Seed\n|\n|-heal|p2a: Shaymin|94\/100|[from] item: Leftovers\n|-damage|p1a: Blissey|88\/100|[from] Leech Seed|[of] p2a: Shaymin\n|-heal|p2a: Shaymin|100\/100|[silent]\n|upkeep\n|turn|9\n|\n|t:|1697724969\n|move|p2a: Shaymin|Seed Flare|p1a: Blissey\n|-damage|p1a: Blissey|75\/100\n|-unboost|p1a: Blissey|spd|2\n|move|p1a: Blissey|Stealth Rock|p2a: Shaymin\n|-sidestart|p2: Reposti|move: Stealth Rock\n|\n|-heal|p1a: Blissey|82\/100|[from] item: Leftovers\n|-damage|p1a: Blissey|69\/100|[from] Leech Seed|[of] p2a: Shaymin\n|upkeep\n|turn|10\n|\n|t:|1697724979\n|switch|p1a: Giratina|Giratina|90\/100\n|-ability|p1a: Giratina|Pressure\n|move|p2a: Shaymin|Air Slash|p1a: Giratina\n|-damage|p1a: Giratina|78\/100\n|\n|upkeep\n|turn|11\n|\n|t:|1697724987\n|move|p2a: Shaymin|Leech Seed|p1a: Giratina\n|-start|p1a: Giratina|move: Leech Seed\n|move|p1a: Giratina|Roar|p2a: Shaymin\n|drag|p2a: Blissey|Blissey, F|100\/100\n|\n|-damage|p1a: Giratina|66\/100|[from] Leech Seed|[of] p2a: Blissey\n|upkeep\n|turn|12\n|\n|t:|1697724997\n|switch|p1a: Toedscruel|Toedscruel, M|94\/100\n|move|p2a: Blissey|Thunder Wave|p1a: Toedscruel\n|-immune|p1a: Toedscruel\n|\n|-heal|p1a: Toedscruel|99\/100|[from] item: Leftovers\n|upkeep\n|turn|13\n|\n|t:|1697725007\n|switch|p2a: Cyclizar|Cyclizar, F|100\/100\n|-damage|p2a: Cyclizar|75\/100|[from] Spikes\n|-status|p2a: Cyclizar|psn\n|-damage|p2a: Cyclizar|63\/100 psn|[from] Stealth Rock\n|move|p1a: Toedscruel|Knock Off|p2a: Cyclizar\n|-damage|p2a: Cyclizar|40\/100 psn\n|-enditem|p2a: Cyclizar|Choice Scarf|[from] move: Knock Off|[of] p1a: Toedscruel\n|\n|-heal|p1a: Toedscruel|100\/100|[from] item: Leftovers\n|-damage|p2a: Cyclizar|28\/100 psn|[from] psn\n|upkeep\n|turn|14\n|\n|t:|1697725021\n|switch|p1a: Giratina|Giratina|66\/100\n|-ability|p1a: Giratina|Pressure\n|move|p2a: Cyclizar|Rapid Spin|p1a: Giratina\n|-immune|p1a: Giratina\n|\n|-damage|p2a: Cyclizar|15\/100 psn|[from] psn\n|upkeep\n|turn|15\n|\n|t:|1697725041\n|move|p2a: Cyclizar|Knock Off|p1a: Giratina\n|-supereffective|p1a: Giratina\n|-crit|p1a: Giratina\n|-damage|p1a: Giratina|29\/100\n|-enditem|p1a: Giratina|Heavy-Duty Boots|[from] move: Knock Off|[of] p2a: Cyclizar\n|move|p1a: Giratina|Roar|p2a: Cyclizar\n|drag|p2a: Magearna|Magearna|93\/100\n|-damage|p2a: Magearna|68\/100|[from] Spikes\n|-damage|p2a: Magearna|62\/100|[from] Stealth Rock\n|\n|-heal|p2a: Magearna|68\/100|[from] item: Leftovers\n|upkeep\n|turn|16\n|\n|t:|1697725054\n|switch|p1a: Toedscruel|Toedscruel, M|100\/100\n|move|p2a: Magearna|Thunder Wave|p1a: Toedscruel\n|-immune|p1a: Toedscruel\n|\n|-heal|p2a: Magearna|74\/100|[from] item: Leftovers\n|upkeep\n|turn|17\n|\n|t:|1697725063\n|move|p1a: Toedscruel|Earth Power|p2a: Magearna\n|-supereffective|p2a: Magearna\n|-damage|p2a: Magearna|37\/100\n|move|p2a: Magearna|Spikes|p1a: Toedscruel\n|-sidestart|p1: Leo Justice|Spikes\n|\n|-heal|p2a: Magearna|43\/100|[from] item: Leftovers\n|upkeep\n|turn|18\n|\n|t:|1697725072\n|switch|p2a: Giratina|Giratina|100\/100\n|-damage|p2a: Giratina|76\/100|[from] Spikes\n|-status|p2a: Giratina|psn\n|-damage|p2a: Giratina|63\/100 psn|[from] Stealth Rock\n|-ability|p2a: Giratina|Pressure\n|move|p1a: Toedscruel|Knock Off|p2a: Giratina\n|-supereffective|p2a: Giratina\n|-damage|p2a: Giratina|48\/100 psn\n|-enditem|p2a: Giratina|Leftovers|[from] move: Knock Off|[of] p1a: Toedscruel\n|\n|-damage|p2a: Giratina|35\/100 psn|[from] psn\n|upkeep\n|turn|19\n|\n|t:|1697725097\n|switch|p1a: Scream Tail|Scream Tail|100\/100\n|-damage|p1a: Scream Tail|88\/100|[from] Spikes\n|move|p2a: Giratina|Rest|p2a: Giratina\n|-status|p2a: Giratina|slp|[from] move: Rest\n|-heal|p2a: Giratina|100\/100 slp|[silent]\n|\n|-heal|p1a: Scream Tail|94\/100|[from] item: Leftovers\n|upkeep\n|turn|20\n|\n|t:|1697725110\n|switch|p2a: Arceus|Arceus-Poison|100\/100\n|-damage|p2a: Arceus|75\/100|[from] Spikes\n|-sideend|p2: Reposti|move: Toxic Spikes|[of] p2a: Arceus\n|-damage|p2a: Arceus|63\/100|[from] Stealth Rock\n|move|p1a: Scream Tail|Dazzling Gleam|p2a: Arceus\n|-resisted|p2a: Arceus\n|-damage|p2a: Arceus|58\/100\n|\n|-heal|p1a: Scream Tail|100\/100|[from] item: Leftovers\n|upkeep\n|turn|21\n|\n|t:|1697725122\n|-end|p1a: Scream Tail|Protosynthesis|[silent]\n|switch|p1a: Magearna|Magearna|100\/100 par\n|-damage|p1a: Magearna|88\/100 par|[from] Spikes\n|move|p2a: Arceus|Stealth Rock|p1a: Magearna\n|-sidestart|p1: Leo Justice|move: Stealth Rock\n|\n|-heal|p1a: Magearna|94\/100 par|[from] item: Leftovers\n|upkeep\n|turn|22\n|\n|t:|1697725131\n|move|p2a: Arceus|Recover|p2a: Arceus\n|-heal|p2a: Arceus|100\/100\n|move|p1a: Magearna|Volt Switch|p2a: Arceus\n|-damage|p2a: Arceus|88\/100\n|\n|t:|1697725135\n|switch|p1a: Toedscruel|Toedscruel, M|100\/100|[from] Volt Switch\n|-damage|p1a: Toedscruel|88\/100|[from] Spikes\n|-damage|p1a: Toedscruel|82\/100|[from] Stealth Rock\n|\n|-heal|p1a: Toedscruel|88\/100|[from] item: Leftovers\n|upkeep\n|turn|23\n|\n|t:|1697725148\n|move|p1a: Toedscruel|Rapid Spin|p2a: Arceus\n|-crit|p2a: Arceus\n|-damage|p2a: Arceus|81\/100\n|-boost|p1a: Toedscruel|spe|1\n|-sideend|p1: Leo Justice|Spikes|[from] move: Rapid Spin|[of] p1a: Toedscruel\n|-sideend|p1: Leo Justice|Stealth Rock|[from] move: Rapid Spin|[of] p1a: Toedscruel\n|move|p2a: Arceus|Roar|p1a: Toedscruel\n|drag|p1a: Blissey|Blissey, F|69\/100\n|\n|-heal|p1a: Blissey|75\/100|[from] item: Leftovers\n|upkeep\n|turn|24\n|\n|t:|1697725159\n|move|p2a: Arceus|Stealth Rock|p1a: Blissey\n|-sidestart|p1: Leo Justice|move: Stealth Rock\n|move|p1a: Blissey|Seismic Toss|p2a: Arceus\n|-damage|p2a: Arceus|59\/100\n|\n|-heal|p1a: Blissey|81\/100|[from] item: Leftovers\n|upkeep\n|turn|25\n|\n|t:|1697725168\n|switch|p1a: Magearna|Magearna|94\/100 par\n|-damage|p1a: Magearna|88\/100 par|[from] Stealth Rock\n|move|p2a: Arceus|Recover|p2a: Arceus\n|-heal|p2a: Arceus|100\/100\n|\n|-heal|p1a: Magearna|94\/100 par|[from] item: Leftovers\n|upkeep\n|turn|26\n|\n|t:|1697725181\n|cant|p1a: Magearna|par\n|move|p2a: Arceus|Roar|p1a: Magearna\n|drag|p1a: Blissey|Blissey, F|81\/100\n|-damage|p1a: Blissey|69\/100|[from] Stealth Rock\n|\n|-heal|p1a: Blissey|75\/100|[from] item: Leftovers\n|upkeep\n|turn|27\n|\n|t:|1697725195\n|switch|p2a: Cyclizar|Cyclizar, F|48\/100 psn\n|-damage|p2a: Cyclizar|23\/100 psn|[from] Spikes\n|-damage|p2a: Cyclizar|11\/100 psn|[from] Stealth Rock\n|move|p1a: Blissey|Seismic Toss|p2a: Cyclizar\n|-damage|p2a: Cyclizar|0 fnt\n|faint|p2a: Cyclizar\n|\n|-heal|p1a: Blissey|81\/100|[from] item: Leftovers\n|upkeep\n|\n|t:|1697725207\n|switch|p2a: Magearna|Magearna|43\/100\n|-damage|p2a: Magearna|18\/100|[from] Spikes\n|-damage|p2a: Magearna|12\/100|[from] Stealth Rock\n|turn|28\n|\n|t:|1697725213\n|move|p2a: Magearna|Spikes|p1a: Blissey\n|-sidestart|p1: Leo Justice|Spikes\n|move|p1a: Blissey|Seismic Toss|p2a: Magearna\n|-damage|p2a: Magearna|0 fnt\n|faint|p2a: Magearna\n|\n|-heal|p1a: Blissey|87\/100|[from] item: Leftovers\n|upkeep\n|\n|t:|1697725222\n|switch|p2a: Shaymin|Shaymin-Sky|100\/100\n|-damage|p2a: Shaymin|75\/100|[from] Stealth Rock\n|turn|29\n|\n|t:|1697725229\n|move|p2a: Shaymin|Substitute|p2a: Shaymin\n|-start|p2a: Shaymin|Substitute\n|-damage|p2a: Shaymin|50\/100\n|move|p1a: Blissey|Heal Bell|p1a: Blissey\n|-activate|p1a: Blissey|move: Heal Bell\n|-curestatus|p1: Magearna|par|[msg]\n|\n|-heal|p2a: Shaymin|57\/100|[from] item: Leftovers\n|-heal|p1a: Blissey|94\/100|[from] item: Leftovers\n|upkeep\n|turn|30\n|\n|t:|1697725244\n|switch|p1a: Magearna|Magearna|94\/100\n|-damage|p1a: Magearna|88\/100|[from] Stealth Rock\n|-damage|p1a: Magearna|76\/100|[from] Spikes\n|move|p2a: Shaymin|Seed Flare|p1a: Magearna\n|-resisted|p1a: Magearna\n|-damage|p1a: Magearna|62\/100\n|\n|-heal|p2a: Shaymin|63\/100|[from] item: Leftovers\n|-heal|p1a: Magearna|68\/100|[from] item: Leftovers\n|upkeep\n|turn|31\n|\n|t:|1697725258\n|move|p2a: Shaymin|Air Slash|p1a: Magearna\n|-resisted|p1a: Magearna\n|-damage|p1a: Magearna|59\/100\n|cant|p1a: Magearna|flinch\n|\n|-heal|p2a: Shaymin|69\/100|[from] item: Leftovers\n|-heal|p1a: Magearna|65\/100|[from] item: Leftovers\n|upkeep\n|turn|32\n|\n|t:|1697725268\n|move|p2a: Shaymin|Seed Flare|p1a: Magearna\n|-resisted|p1a: Magearna\n|-damage|p1a: Magearna|50\/100\n|-unboost|p1a: Magearna|spd|2\n|move|p1a: Magearna|Draining Kiss|p2a: Shaymin\n|-activate|p2a: Shaymin|move: Substitute|[damage]\n|-heal|p1a: Magearna|68\/100|[from] drain|[of] p2a: Shaymin\n|\n|-heal|p2a: Shaymin|75\/100|[from] item: Leftovers\n|-heal|p1a: Magearna|74\/100|[from] item: Leftovers\n|upkeep\n|turn|33\n|\n|t:|1697725280\n|move|p2a: Shaymin|Leech Seed|p1a: Magearna\n|-start|p1a: Magearna|move: Leech Seed\n|move|p1a: Magearna|Draining Kiss|p2a: Shaymin\n|-end|p2a: Shaymin|Substitute\n|-heal|p1a: Magearna|77\/100|[from] drain|[of] p2a: Shaymin\n|\n|-heal|p2a: Shaymin|81\/100|[from] item: Leftovers\n|-heal|p1a: Magearna|83\/100|[from] item: Leftovers\n|-damage|p1a: Magearna|71\/100|[from] Leech Seed|[of] p2a: Shaymin\n|-heal|p2a: Shaymin|93\/100|[silent]\n|upkeep\n|turn|34\n|\n|t:|1697725292\n|move|p2a: Shaymin|Substitute|p2a: Shaymin\n|-start|p2a: Shaymin|Substitute\n|-damage|p2a: Shaymin|68\/100\n|move|p1a: Magearna|Volt Switch|p2a: Shaymin\n|-activate|p2a: Shaymin|move: Substitute|[damage]\n|\n|t:|1697725300\n|switch|p1a: Scream Tail|Scream Tail|100\/100|[from] Volt Switch\n|-damage|p1a: Scream Tail|88\/100|[from] Stealth Rock\n|-damage|p1a: Scream Tail|76\/100|[from] Spikes\n|\n|-heal|p2a: Shaymin|74\/100|[from] item: Leftovers\n|-heal|p1a: Scream Tail|82\/100|[from] item: Leftovers\n|upkeep\n|turn|35\n|\n|t:|1697725310\n|move|p2a: Shaymin|Leech Seed|p1a: Scream Tail\n|-start|p1a: Scream Tail|move: Leech Seed\n|move|p1a: Scream Tail|Wish|p1a: Scream Tail\n|\n|-heal|p2a: Shaymin|80\/100|[from] item: Leftovers\n|-heal|p1a: Scream Tail|88\/100|[from] item: Leftovers\n|-damage|p1a: Scream Tail|76\/100|[from] Leech Seed|[of] p2a: Shaymin\n|-heal|p2a: Shaymin|93\/100|[silent]\n|upkeep\n|turn|36\n|\n|t:|1697725321\n|move|p2a: Shaymin|Air Slash|p1a: Scream Tail\n|-damage|p1a: Scream Tail|60\/100\n|cant|p1a: Scream Tail|flinch\n|\n|-heal|p1a: Scream Tail|100\/100|[from] move: Wish|[wisher] Scream Tail\n|-heal|p2a: Shaymin|99\/100|[from] item: Leftovers\n|-damage|p1a: Scream Tail|88\/100|[from] Leech Seed|[of] p2a: Shaymin\n|-heal|p2a: Shaymin|100\/100|[silent]\n|upkeep\n|turn|37\n|\n|t:|1697725333\n|-end|p1a: Scream Tail|Protosynthesis|[silent]\n|switch|p1a: Magearna|Magearna|71\/100\n|-damage|p1a: Magearna|65\/100|[from] Stealth Rock\n|-damage|p1a: Magearna|53\/100|[from] Spikes\n|move|p2a: Shaymin|Seed Flare|p1a: Magearna\n|-resisted|p1a: Magearna\n|-damage|p1a: Magearna|38\/100\n|-unboost|p1a: Magearna|spd|2\n|\n|-heal|p1a: Magearna|44\/100|[from] item: Leftovers\n|upkeep\n|turn|38\n|\n|t:|1697725347\n|move|p2a: Shaymin|Air Slash|p1a: Magearna\n|-resisted|p1a: Magearna\n|-damage|p1a: Magearna|24\/100\n|move|p1a: Magearna|Draining Kiss|p2a: Shaymin\n|-end|p2a: Shaymin|Substitute\n|-heal|p1a: Magearna|27\/100|[from] drain|[of] p2a: Shaymin\n|\n|-heal|p1a: Magearna|33\/100|[from] item: Leftovers\n|upkeep\n|turn|39\n|\n|t:|1697725358\n|switch|p1a: Blissey|Blissey, F|94\/100\n|-damage|p1a: Blissey|81\/100|[from] Stealth Rock\n|-damage|p1a: Blissey|69\/100|[from] Spikes\n|move|p2a: Shaymin|Air Slash|p1a: Blissey\n|-damage|p1a: Blissey|60\/100\n|\n|-heal|p1a: Blissey|66\/100|[from] item: Leftovers\n|upkeep\n|turn|40\n|\n|t:|1697725370\n|move|p2a: Shaymin|Leech Seed|p1a: Blissey\n|-start|p1a: Blissey|move: Leech Seed\n|move|p1a: Blissey|Seismic Toss|p2a: Shaymin\n|-damage|p2a: Shaymin|76\/100\n|\n|-heal|p2a: Shaymin|82\/100|[from] item: Leftovers\n|-heal|p1a: Blissey|72\/100|[from] item: Leftovers\n|-damage|p1a: Blissey|60\/100|[from] Leech Seed|[of] p2a: Shaymin\n|-heal|p2a: Shaymin|100\/100|[silent]\n|upkeep\n|turn|41\n|\n|t:|1697725381\n|move|p2a: Shaymin|Substitute|p2a: Shaymin\n|-start|p2a: Shaymin|Substitute\n|-damage|p2a: Shaymin|75\/100\n|move|p1a: Blissey|Soft-Boiled|p1a: Blissey\n|-heal|p1a: Blissey|100\/100\n|\n|-heal|p2a: Shaymin|82\/100|[from] item: Leftovers\n|-damage|p1a: Blissey|88\/100|[from] Leech Seed|[of] p2a: Shaymin\n|-heal|p2a: Shaymin|100\/100|[silent]\n|upkeep\n|turn|42\n|\n|t:|1697725392\n|switch|p1a: Scream Tail|Scream Tail|88\/100\n|-damage|p1a: Scream Tail|76\/100|[from] Stealth Rock\n|-damage|p1a: Scream Tail|63\/100|[from] Spikes\n|move|p2a: Shaymin|Air Slash|p1a: Scream Tail|[miss]\n|-miss|p2a: Shaymin|p1a: Scream Tail\n|\n|-heal|p1a: Scream Tail|69\/100|[from] item: Leftovers\n|upkeep\n|turn|43\n|\n|t:|1697725403\n|switch|p2a: Arceus|Arceus-Poison|100\/100\n|-damage|p2a: Arceus|75\/100|[from] Spikes\n|-damage|p2a: Arceus|63\/100|[from] Stealth Rock\n|move|p1a: Scream Tail|Encore||[still]\n|-fail|p1a: Scream Tail\n|\n|-heal|p1a: Scream Tail|76\/100|[from] item: Leftovers\n|upkeep\n|turn|44\n|\n|t:|1697725414\n|move|p2a: Arceus|Judgment|p1a: Scream Tail\n|-supereffective|p1a: Scream Tail\n|-crit|p1a: Scream Tail\n|-damage|p1a: Scream Tail|0 fnt\n|faint|p1a: Scream Tail\n|-end|p1a: Scream Tail|Protosynthesis|[silent]\n|\n|upkeep\n|\n|t:|1697725423\n|switch|p1a: Toedscruel|Toedscruel, M|88\/100\n|-damage|p1a: Toedscruel|82\/100|[from] Stealth Rock\n|-damage|p1a: Toedscruel|70\/100|[from] Spikes\n|turn|45\n|\n|t:|1697725428\n|switch|p2a: Giratina|Giratina|100\/100 slp\n|-damage|p2a: Giratina|76\/100 slp|[from] Spikes\n|-damage|p2a: Giratina|63\/100 slp|[from] Stealth Rock\n|-ability|p2a: Giratina|Pressure\n|move|p1a: Toedscruel|Rapid Spin|p2a: Giratina\n|-immune|p2a: Giratina\n|\n|-heal|p1a: Toedscruel|76\/100|[from] item: Leftovers\n|upkeep\n|turn|46\n|\n|t:|1697725441\n|cant|p2a: Giratina|slp\n|move|p2a: Giratina|Sleep Talk|p2a: Giratina\n|move|p2a: Giratina|Rest||[from]move: Sleep Talk|[still]\n|-fail|p2a: Giratina\n|move|p1a: Toedscruel|Toxic Spikes|p2a: Giratina\n|-sidestart|p2: Reposti|move: Toxic Spikes\n|\n|-heal|p1a: Toedscruel|82\/100|[from] item: Leftovers\n|upkeep\n|turn|47\n|\n|t:|1697725455\n|move|p1a: Toedscruel|Knock Off|p2a: Giratina\n|-supereffective|p2a: Giratina\n|-damage|p2a: Giratina|54\/100 slp\n|cant|p2a: Giratina|slp\n|move|p2a: Giratina|Sleep Talk|p2a: Giratina\n|move|p2a: Giratina|Roar|p1a: Toedscruel|[from]move: Sleep Talk\n|drag|p1a: Blissey|Blissey, F|88\/100\n|-damage|p1a: Blissey|76\/100|[from] Stealth Rock\n|-damage|p1a: Blissey|63\/100|[from] Spikes\n|\n|-heal|p1a: Blissey|69\/100|[from] item: Leftovers\n|upkeep\n|turn|48\n|\n|t:|1697725470\n|-curestatus|p2a: Giratina|slp|[msg]\n|move|p2a: Giratina|Sleep Talk||[still]\n|-fail|p2a: Giratina\n|move|p1a: Blissey|Soft-Boiled|p1a: Blissey\n|-heal|p1a: Blissey|100\/100\n|\n|upkeep\n|turn|49\n|\n|t:|1697725479\n|move|p1a: Blissey|Seismic Toss|p2a: Giratina\n|-immune|p2a: Giratina\n|move|p2a: Giratina|Roar|p1a: Blissey\n|drag|p1a: Giratina|Giratina|29\/100\n|-damage|p1a: Giratina|17\/100|[from] Stealth Rock\n|-damage|p1a: Giratina|4\/100|[from] Spikes\n|-ability|p1a: Giratina|Pressure\n|\n|upkeep\n|turn|50\n|\n|t:|1697725490\n|move|p1a: Giratina|Rest|p1a: Giratina\n|-status|p1a: Giratina|slp|[from] move: Rest\n|-heal|p1a: Giratina|100\/100 slp|[silent]\n|move|p2a: Giratina|Roar|p1a: Giratina\n|drag|p1a: Toedscruel|Toedscruel, M|82\/100\n|-damage|p1a: Toedscruel|76\/100|[from] Stealth Rock\n|-damage|p1a: Toedscruel|63\/100|[from] Spikes\n|\n|-heal|p1a: Toedscruel|69\/100|[from] item: Leftovers\n|upkeep\n|turn|51\n|\n|t:|1697725507\n|move|p1a: Toedscruel|Earth Power|p2a: Giratina\n|-damage|p2a: Giratina|41\/100\n|move|p2a: Giratina|Will-O-Wisp|p1a: Toedscruel|[miss]\n|-miss|p2a: Giratina|p1a: Toedscruel\n|\n|-heal|p1a: Toedscruel|75\/100|[from] item: Leftovers\n|upkeep\n|turn|52\n|\n|t:|1697725522\n|move|p1a: Toedscruel|Earth Power|p2a: Giratina\n|-damage|p2a: Giratina|27\/100\n|move|p2a: Giratina|Will-O-Wisp|p1a: Toedscruel\n|-status|p1a: Toedscruel|brn\n|\n|-heal|p1a: Toedscruel|82\/100 brn|[from] item: Leftovers\n|-damage|p1a: Toedscruel|75\/100 brn|[from] brn\n|upkeep\n|turn|53\n|\n|t:|1697725532\n|move|p1a: Toedscruel|Earth Power|p2a: Giratina\n|-damage|p2a: Giratina|14\/100\n|move|p2a: Giratina|Rest|p2a: Giratina\n|-status|p2a: Giratina|slp|[from] move: Rest\n|-heal|p2a: Giratina|100\/100 slp|[silent]\n|\n|-heal|p1a: Toedscruel|82\/100 brn|[from] item: Leftovers\n|-damage|p1a: Toedscruel|75\/100 brn|[from] brn\n|upkeep\n|turn|54\n|\n|t:|1697725550\n|cant|p2a: Giratina|slp\n|move|p2a: Giratina|Sleep Talk|p2a: Giratina\n|move|p2a: Giratina|Rest||[from]move: Sleep Talk|[still]\n|-fail|p2a: Giratina\n|move|p1a: Toedscruel|Toxic Spikes|p2a: Giratina\n|-sidestart|p2: Reposti|move: Toxic Spikes\n|\n|-heal|p1a: Toedscruel|82\/100 brn|[from] item: Leftovers\n|-damage|p1a: Toedscruel|75\/100 brn|[from] brn\n|upkeep\n|turn|55\n|\n|t:|1697725561\n|switch|p1a: Giratina|Giratina|100\/100 slp\n|-damage|p1a: Giratina|88\/100 slp|[from] Stealth Rock\n|-damage|p1a: Giratina|75\/100 slp|[from] Spikes\n|-ability|p1a: Giratina|Pressure\n|cant|p2a: Giratina|slp\n|move|p2a: Giratina|Sleep Talk|p2a: Giratina\n|move|p2a: Giratina|Roar|p1a: Giratina|[from]move: Sleep Talk\n|drag|p1a: Dondozo|Dondozo, M|100\/100\n|\n|upkeep\n|turn|56\n|\n|t:|1697725579\n|switch|p2a: Arceus|Arceus-Poison|63\/100\n|-damage|p2a: Arceus|38\/100|[from] Spikes\n|-damage|p2a: Arceus|26\/100|[from] Stealth Rock\n|-sideend|p2: Reposti|move: Toxic Spikes|[of] p2a: Arceus\n|move|p1a: Dondozo|Liquidation|p2a: Arceus\n|-damage|p2a: Arceus|7\/100\n|\n|upkeep\n|turn|57\n|\n|t:|1697725589\n|switch|p1a: Toedscruel|Toedscruel, M|75\/100 brn\n|-damage|p1a: Toedscruel|69\/100 brn|[from] Stealth Rock\n|-damage|p1a: Toedscruel|57\/100 brn|[from] Spikes\n|move|p2a: Arceus|Recover|p2a: Arceus\n|-heal|p2a: Arceus|57\/100\n|\n|-heal|p1a: Toedscruel|63\/100 brn|[from] item: Leftovers\n|-damage|p1a: Toedscruel|57\/100 brn|[from] brn\n|upkeep\n|turn|58\n|\n|t:|1697725601\n|move|p2a: Arceus|Judgment|p1a: Toedscruel\n|-damage|p1a: Toedscruel|22\/100 brn\n|move|p1a: Toedscruel|Rapid Spin|p2a: Arceus\n|-damage|p2a: Arceus|55\/100\n|-boost|p1a: Toedscruel|spe|1\n|-sideend|p1: Leo Justice|Spikes|[from] move: Rapid Spin|[of] p1a: Toedscruel\n|-sideend|p1: Leo Justice|Stealth Rock|[from] move: Rapid Spin|[of] p1a: Toedscruel\n|\n|-heal|p1a: Toedscruel|28\/100 brn|[from] item: Leftovers\n|-damage|p1a: Toedscruel|22\/100 brn|[from] brn\n|upkeep\n|turn|59\n|\n|t:|1697725613\n|switch|p1a: Magearna|Magearna|33\/100\n|move|p2a: Arceus|Stealth Rock|p1a: Magearna\n|-sidestart|p1: Leo Justice|move: Stealth Rock\n|\n|-heal|p1a: Magearna|39\/100|[from] item: Leftovers\n|upkeep\n|turn|60\n|\n|t:|1697725621\n|move|p1a: Magearna|Eerie Impulse|p2a: Arceus\n|-unboost|p2a: Arceus|spa|2\n|move|p2a: Arceus|Roar|p1a: Magearna\n|drag|p1a: Toedscruel|Toedscruel, M|22\/100 brn\n|-damage|p1a: Toedscruel|16\/100 brn|[from] Stealth Rock\n|\n|-heal|p1a: Toedscruel|22\/100 brn|[from] item: Leftovers\n|-damage|p1a: Toedscruel|16\/100 brn|[from] brn\n|upkeep\n|turn|61\n|\n|t:|1697725632\n|move|p2a: Arceus|Judgment|p1a: Toedscruel\n|-damage|p1a: Toedscruel|0 fnt\n|faint|p1a: Toedscruel\n|\n|upkeep\n|\n|t:|1697725644\n|switch|p1a: Magearna|Magearna|39\/100\n|-damage|p1a: Magearna|33\/100|[from] Stealth Rock\n|turn|62\n|\n|t:|1697725649\n|move|p2a: Arceus|Recover|p2a: Arceus\n|-heal|p2a: Arceus|100\/100\n|move|p1a: Magearna|Draining Kiss|p2a: Arceus\n|-resisted|p2a: Arceus\n|-damage|p2a: Arceus|94\/100\n|-heal|p1a: Magearna|39\/100|[from] drain|[of] p2a: Arceus\n|\n|-heal|p1a: Magearna|45\/100|[from] item: Leftovers\n|upkeep\n|turn|63\n|\n|t:|1697725682\n|switch|p2a: Blissey|Blissey, F|100\/100\n|move|p1a: Magearna|Draining Kiss|p2a: Blissey\n|-damage|p2a: Blissey|94\/100\n|-heal|p1a: Magearna|55\/100|[from] drain|[of] p2a: Blissey\n|\n|-heal|p1a: Magearna|61\/100|[from] item: Leftovers\n|upkeep\n|turn|64\n|\n|t:|1697725692\n|move|p1a: Magearna|Volt Switch|p2a: Blissey\n|-damage|p2a: Blissey|88\/100\n|\n|t:|1697725694\n|switch|p1a: Dondozo|Dondozo, M|100\/100|[from] Volt Switch\n|move|p2a: Blissey|Heal Bell|p2a: Blissey\n|-activate|p2a: Blissey|move: Heal Bell\n|-curestatus|p2: Giratina|slp|[msg]\n|\n|upkeep\n|turn|65\n|\n|t:|1697725707\n|move|p2a: Blissey|Thunder Wave|p1a: Dondozo\n|-status|p1a: Dondozo|par\n|cant|p1a: Dondozo|par\n|\n|upkeep\n|turn|66\n|c|\u2606Leo Justice|NOoo\n|\n|t:|1697725715\n|move|p2a: Blissey|Seismic Toss|p1a: Dondozo\n|-damage|p1a: Dondozo|81\/100 par\n|move|p1a: Dondozo|Body Press|p2a: Blissey\n|-supereffective|p2a: Blissey\n|-damage|p2a: Blissey|0 fnt\n|faint|p2a: Blissey\n|\n|upkeep\n|\n|t:|1697725723\n|switch|p2a: Shaymin|Shaymin-Sky|100\/100\n|-damage|p2a: Shaymin|75\/100|[from] Stealth Rock\n|turn|67\n|\n|t:|1697725729\n|switch|p1a: Blissey|Blissey, F|100\/100\n|-damage|p1a: Blissey|88\/100|[from] Stealth Rock\n|move|p2a: Shaymin|Leech Seed|p1a: Blissey\n|-start|p1a: Blissey|move: Leech Seed\n|\n|-heal|p2a: Shaymin|82\/100|[from] item: Leftovers\n|-heal|p1a: Blissey|94\/100|[from] item: Leftovers\n|-damage|p1a: Blissey|82\/100|[from] Leech Seed|[of] p2a: Shaymin\n|-heal|p2a: Shaymin|100\/100|[silent]\n|upkeep\n|turn|68\n|\n|t:|1697725742\n|move|p2a: Shaymin|Air Slash|p1a: Blissey\n|-damage|p1a: Blissey|74\/100\n|cant|p1a: Blissey|flinch\n|\n|-heal|p1a: Blissey|80\/100|[from] item: Leftovers\n|-damage|p1a: Blissey|67\/100|[from] Leech Seed|[of] p2a: Shaymin\n|upkeep\n|turn|69\n|\n|t:|1697725751\n|move|p2a: Shaymin|Air Slash|p1a: Blissey\n|-damage|p1a: Blissey|59\/100\n|cant|p1a: Blissey|flinch\n|\n|-heal|p1a: Blissey|66\/100|[from] item: Leftovers\n|-damage|p1a: Blissey|53\/100|[from] Leech Seed|[of] p2a: Shaymin\n|upkeep\n|turn|70\n|\n|t:|1697725759\n|move|p2a: Shaymin|Air Slash|p1a: Blissey|[miss]\n|-miss|p2a: Shaymin|p1a: Blissey\n|move|p1a: Blissey|Soft-Boiled|p1a: Blissey\n|-heal|p1a: Blissey|100\/100\n|\n|-damage|p1a: Blissey|88\/100|[from] Leech Seed|[of] p2a: Shaymin\n|upkeep\n|turn|71\n|\n|t:|1697725770\n|switch|p1a: Magearna|Magearna|61\/100\n|-damage|p1a: Magearna|55\/100|[from] Stealth Rock\n|move|p2a: Shaymin|Seed Flare|p1a: Magearna\n|-resisted|p1a: Magearna\n|-damage|p1a: Magearna|41\/100\n|\n|-heal|p1a: Magearna|47\/100|[from] item: Leftovers\n|upkeep\n|turn|72\n|\n|t:|1697725780\n|switch|p2a: Arceus|Arceus-Poison|94\/100\n|-damage|p2a: Arceus|69\/100|[from] Spikes\n|-damage|p2a: Arceus|56\/100|[from] Stealth Rock\n|move|p1a: Magearna|Eerie Impulse|p2a: Arceus\n|-unboost|p2a: Arceus|spa|2\n|\n|-heal|p1a: Magearna|53\/100|[from] item: Leftovers\n|upkeep\n|turn|73\n|\n|t:|1697725791\n|move|p2a: Arceus|Recover|p2a: Arceus\n|-heal|p2a: Arceus|100\/100\n|move|p1a: Magearna|Spikes||[still]\n|-fail|p1a: Magearna\n|\n|-heal|p1a: Magearna|59\/100|[from] item: Leftovers\n|upkeep\n|turn|74\n|\n|t:|1697725800\n|move|p1a: Magearna|Spikes||[still]\n|-fail|p1a: Magearna\n|move|p2a: Arceus|Roar|p1a: Magearna\n|drag|p1a: Dondozo|Dondozo, M|81\/100 par\n|\n|upkeep\n|turn|75\n|\n|t:|1697725809\n|switch|p2a: Giratina|Giratina|100\/100\n|-damage|p2a: Giratina|76\/100|[from] Spikes\n|-damage|p2a: Giratina|63\/100|[from] Stealth Rock\n|-ability|p2a: Giratina|Pressure\n|switch|p1a: Magearna|Magearna|59\/100\n|-damage|p1a: Magearna|53\/100|[from] Stealth Rock\n|\n|-heal|p1a: Magearna|59\/100|[from] item: Leftovers\n|upkeep\n|turn|76\n|\n|t:|1697725822\n|switch|p2a: Arceus|Arceus-Poison|100\/100\n|-damage|p2a: Arceus|75\/100|[from] Spikes\n|-damage|p2a: Arceus|63\/100|[from] Stealth Rock\n|move|p1a: Magearna|Draining Kiss|p2a: Arceus\n|-resisted|p2a: Arceus\n|-damage|p2a: Arceus|56\/100\n|-heal|p1a: Magearna|65\/100|[from] drain|[of] p2a: Arceus\n|\n|-heal|p1a: Magearna|71\/100|[from] item: Leftovers\n|upkeep\n|turn|77\n|\n|t:|1697725835\n|move|p1a: Magearna|Spikes||[still]\n|-fail|p1a: Magearna\n|move|p2a: Arceus|Roar|p1a: Magearna\n|drag|p1a: Giratina|Giratina|75\/100 slp\n|-damage|p1a: Giratina|63\/100 slp|[from] Stealth Rock\n|-ability|p1a: Giratina|Pressure\n|\n|upkeep\n|turn|78\n|\n|t:|1697725846\n|move|p2a: Arceus|Judgment|p1a: Giratina\n|-resisted|p1a: Giratina\n|-damage|p1a: Giratina|51\/100 slp\n|cant|p1a: Giratina|slp\n|\n|upkeep\n|turn|79\n|\n|t:|1697725852\n|move|p2a: Arceus|Recover|p2a: Arceus\n|-heal|p2a: Arceus|100\/100\n|cant|p1a: Giratina|slp\n|\n|upkeep\n|turn|80\n|\n|t:|1697725858\n|move|p2a: Arceus|Judgment|p1a: Giratina\n|-resisted|p1a: Giratina\n|-damage|p1a: Giratina|40\/100 slp\n|-curestatus|p1a: Giratina|slp|[msg]\n|move|p1a: Giratina|Will-O-Wisp|p2a: Arceus\n|-status|p2a: Arceus|brn\n|\n|-damage|p2a: Arceus|94\/100 brn|[from] brn\n|upkeep\n|turn|81\n|\n|t:|1697725873\n|move|p1a: Giratina|Will-O-Wisp|p2a: Arceus\n|-fail|p2a: Arceus|brn\n|move|p2a: Arceus|Roar|p1a: Giratina\n|drag|p1a: Dondozo|Dondozo, M|81\/100 par\n|\n|-damage|p2a: Arceus|88\/100 brn|[from] brn\n|upkeep\n|turn|82\n|\n|t:|1697725883\n|switch|p1a: Magearna|Magearna|71\/100\n|-damage|p1a: Magearna|65\/100|[from] Stealth Rock\n|move|p2a: Arceus|Judgment|p1a: Magearna\n|-immune|p1a: Magearna\n|\n|-heal|p1a: Magearna|71\/100|[from] item: Leftovers\n|-damage|p2a: Arceus|82\/100 brn|[from] brn\n|upkeep\n|turn|83\n|\n|t:|1697725895\n|move|p1a: Magearna|Spikes||[still]\n|-fail|p1a: Magearna\n|move|p2a: Arceus|Roar|p1a: Magearna\n|drag|p1a: Blissey|Blissey, F|88\/100\n|-damage|p1a: Blissey|76\/100|[from] Stealth Rock\n|\n|-heal|p1a: Blissey|82\/100|[from] item: Leftovers\n|-damage|p2a: Arceus|76\/100 brn|[from] brn\n|upkeep\n|turn|84\n|\n|t:|1697725907\n|switch|p2a: Giratina|Giratina|63\/100\n|-damage|p2a: Giratina|38\/100|[from] Spikes\n|-damage|p2a: Giratina|26\/100|[from] Stealth Rock\n|-ability|p2a: Giratina|Pressure\n|move|p1a: Blissey|Heal Bell|p1a: Blissey\n|-activate|p1a: Blissey|move: Heal Bell\n|-curestatus|p1: Dondozo|par|[msg]\n|\n|-heal|p1a: Blissey|88\/100|[from] item: Leftovers\n|upkeep\n|turn|85\n|\n|t:|1697725924\n|switch|p1a: Giratina|Giratina|40\/100\n|-damage|p1a: Giratina|27\/100|[from] Stealth Rock\n|-ability|p1a: Giratina|Pressure\n|move|p2a: Giratina|Rest|p2a: Giratina\n|-status|p2a: Giratina|slp|[from] move: Rest\n|-heal|p2a: Giratina|100\/100 slp|[silent]\n|\n|upkeep\n|turn|86\n|c|\u2606Reposti|I gotta go soon\n|c|\u2606Reposti|so I suppose gg\n|-message|Reposti forfeited.\n|\n|win|Leo Justice\n","uploadtime":1697725955,"views":10,"p1id":"leojustice","p2id":"reposti","formatid":"gen9ubers","rating":0,"private":0,"password":""}