{"id":"gen9ubers-1990042878","p1":"warlordxxxxzzzz","p2":"curtisthecacnea","format":"[Gen 9] Ubers","log":"|j|\u2606warlordxxxxzzzz\n|j|\u2606curtisthecacnea\n|t:|1699918399\n|gametype|singles\n|player|p1|warlordxxxxzzzz|266|\n|player|p2|curtisthecacnea|veteran|\n|teamsize|p1|6\n|teamsize|p2|6\n|gen|9\n|tier|[Gen 9] Ubers\n|rule|Sleep Clause Mod: Limit one foe put to sleep\n|rule|Species Clause: Limit one of each Pok\u00e9mon\n|rule|OHKO Clause: OHKO moves are banned\n|rule|Evasion Items Clause: Evasion items are banned\n|rule|Evasion Moves Clause: Evasion moves are banned\n|rule|Endless Battle Clause: Forcing endless battles is banned\n|rule|HP Percentage Mod: HP is shown in percentages\n|clearpoke\n|poke|p1|Tyranitar, M|\n|poke|p1|Dragonite, F|\n|poke|p1|Lucario, F|\n|poke|p1|Meowscarada, F|\n|poke|p1|Quaquaval, F|\n|poke|p1|Magneton|\n|poke|p2|Okidogi, M|\n|poke|p2|Samurott-Hisui, F|\n|poke|p2|Sylveon, F|\n|poke|p2|Gholdengo|\n|poke|p2|Noivern, M|\n|poke|p2|Espeon, F|\n|teampreview\n|c|\u2606warlordxxxxzzzz|gl hf <3\n|c|\u2606curtisthecacnea|gl hf\n|\n|t:|1699918448\n|start\n|switch|p1a: Tyranitar|Tyranitar, M|100\/100\n|switch|p2a: Krauser|Samurott-Hisui, F|100\/100\n|-ability|p1a: Tyranitar|Unnerve\n|turn|1\n|\n|t:|1699918465\n|move|p2a: Krauser|Aqua Cutter|p1a: Tyranitar\n|-supereffective|p1a: Tyranitar\n|-damage|p1a: Tyranitar|19\/100\n|move|p1a: Tyranitar|Thunder Wave|p2a: Krauser\n|-status|p2a: Krauser|par\n|\n|upkeep\n|turn|2\n|\n|t:|1699918475\n|move|p1a: Tyranitar|Stealth Rock|p2a: Krauser\n|-sidestart|p2: curtisthecacnea|move: Stealth Rock\n|move|p2a: Krauser|Flip Turn|p1a: Tyranitar\n|-supereffective|p1a: Tyranitar\n|-damage|p1a: Tyranitar|0 fnt\n|faint|p1a: Tyranitar\n|\n|t:|1699918491\n|switch|p2a: Leon|Okidogi, M|100\/100|[from] Flip Turn\n|-damage|p2a: Leon|95\/100|[from] Stealth Rock\n|\n|-heal|p2a: Leon|100\/100|[from] item: Black Sludge\n|upkeep\n|\n|t:|1699918518\n|switch|p1a: Dragonite|Dragonite, F|100\/100\n|turn|3\n|\n|t:|1699918538\n|move|p1a: Dragonite|Dragon Dance|p1a: Dragonite\n|-boost|p1a: Dragonite|atk|1\n|-boost|p1a: Dragonite|spe|1\n|move|p2a: Leon|Ice Punch|p1a: Dragonite\n|-supereffective|p1a: Dragonite\n|-damage|p1a: Dragonite|43\/100\n|\n|-heal|p1a: Dragonite|49\/100|[from] item: Leftovers\n|upkeep\n|turn|4\n|\n|t:|1699918559\n|move|p1a: Dragonite|Earthquake|p2a: Leon\n|-supereffective|p2a: Leon\n|-damage|p2a: Leon|8\/100\n|move|p2a: Leon|Ice Punch|p1a: Dragonite\n|-supereffective|p1a: Dragonite\n|-damage|p1a: Dragonite|0 fnt\n|faint|p1a: Dragonite\n|\n|-heal|p2a: Leon|14\/100|[from] item: Black Sludge\n|upkeep\n|\n|t:|1699918569\n|switch|p1a: Quaquaval|Quaquaval, F|100\/100\n|turn|5\n|\n|t:|1699918574\n|switch|p2a: Saddler|Gholdengo|100\/100\n|-damage|p2a: Saddler|94\/100|[from] Stealth Rock\n|move|p1a: Quaquaval|Aqua Step|p2a: Saddler\n|-damage|p2a: Saddler|47\/100\n|-boost|p1a: Quaquaval|spe|1\n|\n|upkeep\n|turn|6\n|\n|t:|1699918668\n|move|p1a: Quaquaval|Knock Off|p2a: Saddler\n|-supereffective|p2a: Saddler\n|-enditem|p2a: Saddler|Colbur Berry|[eat]\n|-enditem|p2a: Saddler|Colbur Berry|[weaken]\n|-damage|p2a: Saddler|10\/100\n|move|p2a: Saddler|Shadow Ball|p1a: Quaquaval\n|-damage|p1a: Quaquaval|61\/100\n|\n|upkeep\n|turn|7\n|\n|t:|1699918678\n|move|p1a: Quaquaval|Aqua Step|p2a: Saddler\n|-damage|p2a: Saddler|0 fnt\n|-boost|p1a: Quaquaval|spe|1\n|faint|p2a: Saddler\n|-ability|p1a: Quaquaval|Moxie|boost\n|-boost|p1a: Quaquaval|atk|1\n|\n|upkeep\n|\n|t:|1699918680\n|switch|p2a: Ashley|Sylveon, F|100\/100\n|-damage|p2a: Ashley|88\/100|[from] Stealth Rock\n|turn|8\n|\n|t:|1699918689\n|move|p2a: Ashley|Protect|p2a: Ashley\n|-singleturn|p2a: Ashley|Protect\n|move|p1a: Quaquaval|Aqua Step|p2a: Ashley\n|-activate|p2a: Ashley|move: Protect\n|\n|-heal|p2a: Ashley|94\/100|[from] item: Leftovers\n|upkeep\n|turn|9\n|\n|t:|1699918695\n|move|p1a: Quaquaval|Aqua Step|p2a: Ashley\n|-damage|p2a: Ashley|42\/100\n|-boost|p1a: Quaquaval|spe|1\n|move|p2a: Ashley|Hyper Voice|p1a: Quaquaval\n|-supereffective|p1a: Quaquaval\n|-damage|p1a: Quaquaval|0 fnt\n|faint|p1a: Quaquaval\n|\n|-heal|p2a: Ashley|48\/100|[from] item: Leftovers\n|upkeep\n|j| DivogoJota\n|\n|t:|1699918707\n|switch|p1a: Magneton|Magneton|100\/100\n|turn|10\n|\n|t:|1699918720\n|move|p2a: Ashley|Protect|p2a: Ashley\n|-singleturn|p2a: Ashley|Protect\n|move|p1a: Magneton|Flash Cannon|p2a: Ashley\n|-activate|p2a: Ashley|move: Protect\n|\n|-heal|p2a: Ashley|54\/100|[from] item: Leftovers\n|upkeep\n|turn|11\n|\n|t:|1699918772\n|switch|p2a: Krauser|Samurott-Hisui, F|100\/100 par\n|-damage|p2a: Krauser|88\/100 par|[from] Stealth Rock\n|move|p1a: Magneton|Flash Cannon|p2a: Krauser\n|-resisted|p2a: Krauser\n|-damage|p2a: Krauser|61\/100 par\n|\n|-heal|p2a: Krauser|68\/100 par|[from] item: Leftovers\n|upkeep\n|turn|12\n|\n|t:|1699918802\n|move|p1a: Magneton|Thunderbolt|p2a: Krauser\n|-supereffective|p2a: Krauser\n|-damage|p2a: Krauser|0 fnt\n|faint|p2a: Krauser\n|\n|upkeep\n|\n|t:|1699918814\n|switch|p2a: Leon|Okidogi, M|14\/100\n|-damage|p2a: Leon|8\/100|[from] Stealth Rock\n|turn|13\n|\n|t:|1699918825\n|-terastallize|p1a: Magneton|Fire\n|move|p2a: Leon|Drain Punch|p1a: Magneton\n|-damage|p1a: Magneton|63\/100\n|-heal|p2a: Leon|23\/100|[from] drain|[of] p1a: Magneton\n|-status|p1a: Magneton|tox|[from] ability: Toxic Chain|[of] p2a: Leon\n|move|p1a: Magneton|Tera Blast|p2a: Leon|[anim] Tera Blast Fire\n|-crit|p2a: Leon\n|-damage|p2a: Leon|0 fnt\n|faint|p2a: Leon\n|\n|-damage|p1a: Magneton|57\/100 tox|[from] psn\n|upkeep\n|\n|t:|1699918851\n|switch|p2a: ada|Espeon, F|100\/100\n|-damage|p2a: ada|88\/100|[from] Stealth Rock\n|turn|14\n|\n|t:|1699918861\n|switch|p1a: Meowscarada|Meowscarada, F|100\/100\n|move|p2a: ada|Shadow Ball|p1a: Meowscarada\n|-resisted|p1a: Meowscarada\n|-damage|p1a: Meowscarada|66\/100\n|\n|upkeep\n|turn|15\n|\n|t:|1699918881\n|switch|p2a: Ashley|Sylveon, F|54\/100\n|-damage|p2a: Ashley|41\/100|[from] Stealth Rock\n|move|p1a: Meowscarada|U-turn|p2a: Ashley\n|-start|p1a: Meowscarada|typechange|Bug|[from] ability: Protean\n|-resisted|p2a: Ashley\n|-damage|p2a: Ashley|21\/100\n|\n|t:|1699918898\n|switch|p1a: Lucario|Lucario, F|100\/100|[from] U-turn\n|\n|-heal|p2a: Ashley|27\/100|[from] item: Leftovers\n|upkeep\n|turn|16\n|\n|t:|1699918939\n|move|p2a: Ashley|Protect|p2a: Ashley\n|-singleturn|p2a: Ashley|Protect\n|move|p1a: Lucario|Flash Cannon|p2a: Ashley\n|-activate|p2a: Ashley|move: Protect\n|\n|-heal|p2a: Ashley|33\/100|[from] item: Leftovers\n|upkeep\n|turn|17\n|l| DivogoJota\n|\n|t:|1699918983\n|switch|p2a: Luis|Noivern, M|100\/100\n|-damage|p2a: Luis|75\/100|[from] Stealth Rock\n|-item|p1a: Lucario|Choice Specs|[from] ability: Frisk|[of] p2a: Luis|[identify]\n|move|p1a: Lucario|Flash Cannon|p2a: Luis\n|-damage|p2a: Luis|0 fnt\n|faint|p2a: Luis\n|\n|upkeep\n|\n|t:|1699918988\n|switch|p2a: ada|Espeon, F|88\/100\n|-damage|p2a: ada|76\/100|[from] Stealth Rock\n|turn|18\n|j| DivogoJota\n|\n|t:|1699919024\n|move|p2a: ada|Shadow Ball|p1a: Lucario\n|-damage|p1a: Lucario|22\/100\n|move|p1a: Lucario|Flash Cannon|p2a: ada\n|-crit|p2a: ada\n|-damage|p2a: ada|0 fnt\n|faint|p2a: ada\n|\n|upkeep\n|\n|t:|1699919040\n|switch|p2a: Ashley|Sylveon, F|33\/100\n|-damage|p2a: Ashley|21\/100|[from] Stealth Rock\n|turn|19\n|\n|t:|1699919044\n|move|p1a: Lucario|Flash Cannon|p2a: Ashley\n|-supereffective|p2a: Ashley\n|-damage|p2a: Ashley|0 fnt\n|faint|p2a: Ashley\n|\n|win|warlordxxxxzzzz\n|c| DivogoJota|Was the crit tasty or did it not matter\n|c|\u2606warlordxxxxzzzz|gg wp\n|c|\u2606curtisthecacnea|mattered\n|c|\u2606warlordxxxxzzzz|i dont think it mattered\n|c| DivogoJota|ooof\n|c|\u2606warlordxxxxzzzz|i mean\n|c|\u2606warlordxxxxzzzz|I have 2 other pokemon left\n|c|\u2606warlordxxxxzzzz|meow just revenge kills both after\n|c|\u2606curtisthecacnea|specs espeon faster then mag and psysical sylv lives hit from meow\n|c|\u2606curtisthecacnea|it would've been a lot closer\n|l|\u2606curtisthecacnea\n|c| DivogoJota|Does syl from 21% live?\n|c|\u2606warlordxxxxzzzz|sylv was one health...\n|c|\u2606warlordxxxxzzzz|no it does not live a flower trick\n|c| DivogoJota|Didnt think so\n|c| DivogoJota|I was just asking if it killed without the crit\n|c| DivogoJota|functionally the battle was over\n|c|\u2606warlordxxxxzzzz|no it didnt\n|j|\u2606curtisthecacnea\n|player|p2|curtisthecacnea|veteran\n|c|\u2606warlordxxxxzzzz|sylveon would have been at ~10%\n|c|\u2606warlordxxxxzzzz|ggs tho\n|l|\u2606curtisthecacnea\n|player|p2|\n|c| DivogoJota|So instead of 2-0 it was 3-0 I suppose\n|c|\u2606warlordxxxxzzzz|pretty much\n|c| DivogoJota|Alright cool just like I thought\n|c| DivogoJota|Two thumbs up\n|c| DivogoJota|good battling\n|l| DivogoJota\n|j| IshaNn\n|l|\u2606warlordxxxxzzzz\n","uploadtime":1699919049,"views":49,"p1id":"warlordxxxxzzzz","p2id":"curtisthecacnea","formatid":"gen9ubers","rating":0,"private":0,"password":""}