{"id":"gen9ubers-1969208034","p1":"SenkTheMoth","p2":"Dhdjdjd","format":"[Gen 9] Ubers","log":"|j|\u2606SenkTheMoth\n|j|\u2606Dhdjdjd\n|t:|1697500490\n|gametype|singles\n|player|p1|SenkTheMoth|dawn-gen4pt|\n|player|p2|Dhdjdjd|266|\n|teamsize|p1|6\n|teamsize|p2|6\n|gen|9\n|tier|[Gen 9] Ubers\n|rule|Sleep Clause Mod: Limit one foe put to sleep\n|rule|Species Clause: Limit one of each Pok\u00e9mon\n|rule|OHKO Clause: OHKO moves are banned\n|rule|Evasion Items Clause: Evasion items are banned\n|rule|Evasion Moves Clause: Evasion moves are banned\n|rule|Endless Battle Clause: Forcing endless battles is banned\n|rule|HP Percentage Mod: HP is shown in percentages\n|clearpoke\n|poke|p1|Zacian-*|\n|poke|p1|Palkia-Origin|\n|poke|p1|Arceus-Poison|\n|poke|p1|Goodra-Hisui, M|\n|poke|p1|Magearna|\n|poke|p1|Gholdengo|\n|poke|p2|Shaymin-Sky|\n|poke|p2|Arceus-Dark|\n|poke|p2|Chi-Yu|\n|poke|p2|Urshifu-*, M|\n|poke|p2|Palkia-Origin|\n|poke|p2|Zacian-*|\n|teampreview\n|\n|t:|1697500517\n|start\n|switch|p1a: Palkia|Palkia-Origin|100\/100\n|switch|p2a: Chi-Yu|Chi-Yu|100\/100\n|-ability|p2a: Chi-Yu|Beads of Ruin\n|-ability|p1a: Palkia|Pressure\n|turn|1\n|\n|t:|1697500529\n|switch|p2a: Palkia|Palkia-Origin|100\/100\n|-ability|p2a: Palkia|Pressure\n|move|p1a: Palkia|Substitute|p1a: Palkia\n|-start|p1a: Palkia|Substitute\n|-damage|p1a: Palkia|76\/100\n|\n|upkeep\n|turn|2\n|\n|t:|1697500539\n|move|p2a: Palkia|Dragon Pulse|p1a: Palkia\n|-supereffective|p1a: Palkia\n|-end|p1a: Palkia|Substitute\n|move|p1a: Palkia|Spacial Rend|p2a: Palkia\n|-supereffective|p2a: Palkia\n|-crit|p2a: Palkia\n|-damage|p2a: Palkia|0 fnt\n|faint|p2a: Palkia\n|\n|upkeep\n|\n|t:|1697500555\n|switch|p2a: Shaymin|Shaymin-Sky|100\/100\n|turn|3\n|\n|t:|1697500565\n|switch|p1a: Big Man|Goodra-Hisui, M|100\/100\n|move|p2a: Shaymin|Air Slash|p1a: Big Man\n|-resisted|p1a: Big Man\n|-damage|p1a: Big Man|89\/100\n|-damage|p2a: Shaymin|91\/100|[from] item: Life Orb\n|\n|-heal|p1a: Big Man|95\/100|[from] item: Leftovers\n|upkeep\n|turn|4\n|\n|t:|1697500579\n|move|p2a: Shaymin|Seed Flare|p1a: Big Man\n|-ability|p1a: Big Man|Sap Sipper|boost\n|-boost|p1a: Big Man|atk|1\n|move|p1a: Big Man|Curse|p1a: Big Man\n|-unboost|p1a: Big Man|spe|1\n|-boost|p1a: Big Man|atk|1\n|-boost|p1a: Big Man|def|1\n|\n|-heal|p1a: Big Man|100\/100|[from] item: Leftovers\n|upkeep\n|turn|5\n|\n|t:|1697500588\n|move|p2a: Shaymin|Earth Power|p1a: Big Man\n|-supereffective|p1a: Big Man\n|-damage|p1a: Big Man|60\/100\n|-damage|p2a: Shaymin|81\/100|[from] item: Life Orb\n|move|p1a: Big Man|Dragon Tail|p2a: Shaymin\n|-damage|p2a: Shaymin|31\/100\n|drag|p2a: Arceus|Arceus-Dark|100\/100\n|\n|-heal|p1a: Big Man|66\/100|[from] item: Leftovers\n|upkeep\n|turn|6\n|\n|t:|1697500604\n|move|p2a: Arceus|Taunt|p1a: Big Man\n|-start|p1a: Big Man|move: Taunt\n|move|p1a: Big Man|Iron Head|p2a: Arceus\n|-damage|p2a: Arceus|63\/100\n|\n|-heal|p1a: Big Man|72\/100|[from] item: Leftovers\n|upkeep\n|turn|7\n|\n|t:|1697500614\n|move|p2a: Arceus|Foul Play|p1a: Big Man\n|-damage|p1a: Big Man|23\/100\n|move|p1a: Big Man|Dragon Tail|p2a: Arceus\n|-damage|p2a: Arceus|33\/100\n|drag|p2a: Chi-Yu|Chi-Yu|100\/100\n|-ability|p2a: Chi-Yu|Beads of Ruin\n|\n|-heal|p1a: Big Man|29\/100|[from] item: Leftovers\n|upkeep\n|turn|8\n|\n|t:|1697500629\n|move|p2a: Chi-Yu|Dark Pulse|p1a: Big Man\n|-damage|p1a: Big Man|0 fnt\n|faint|p1a: Big Man\n|\n|upkeep\n|\n|t:|1697500643\n|switch|p1a: Palkia|Palkia-Origin|76\/100\n|-ability|p1a: Palkia|Pressure\n|turn|9\n|\n|t:|1697500651\n|switch|p2a: Arceus|Arceus-Dark|33\/100\n|move|p1a: Palkia|Substitute|p1a: Palkia\n|-start|p1a: Palkia|Substitute\n|-damage|p1a: Palkia|51\/100\n|\n|upkeep\n|turn|10\n|\n|t:|1697500660\n|move|p2a: Arceus|Foul Play|p1a: Palkia\n|-crit|p1a: Palkia\n|-end|p1a: Palkia|Substitute\n|move|p1a: Palkia|Surf|p2a: Arceus\n|-damage|p2a: Arceus|0 fnt\n|faint|p2a: Arceus\n|\n|upkeep\n|\n|t:|1697500675\n|switch|p2a: Shaymin|Shaymin-Sky|31\/100\n|turn|11\n|\n|t:|1697500684\n|switch|p1a: Gholdengo|Gholdengo|100\/100\n|move|p2a: Shaymin|Seed Flare|p1a: Gholdengo\n|-resisted|p1a: Gholdengo\n|-damage|p1a: Gholdengo|57\/100\n|-unboost|p1a: Gholdengo|spd|2\n|-damage|p2a: Shaymin|21\/100|[from] item: Life Orb\n|\n|upkeep\n|turn|12\n|\n|t:|1697500695\n|move|p1a: Gholdengo|Shadow Ball|p2a: Shaymin\n|-damage|p2a: Shaymin|0 fnt\n|faint|p2a: Shaymin\n|\n|upkeep\n|\n|t:|1697500732\n|switch|p2a: Chi-Yu|Chi-Yu|100\/100\n|-ability|p2a: Chi-Yu|Beads of Ruin\n|turn|13\n|\n|t:|1697500741\n|switch|p1a: Palkia|Palkia-Origin|51\/100\n|-ability|p1a: Palkia|Pressure\n|move|p2a: Chi-Yu|Dark Pulse|p1a: Palkia\n|-damage|p1a: Palkia|0 fnt\n|faint|p1a: Palkia\n|\n|upkeep\n|\n|t:|1697500754\n|switch|p1a: Zacian|Zacian|100\/100\n|-ability|p1a: Zacian|Intrepid Sword|boost\n|-boost|p1a: Zacian|atk|1\n|turn|14\n|\n|t:|1697500761\n|switch|p2a: Zacian|Zacian|100\/100\n|-ability|p2a: Zacian|Intrepid Sword|boost\n|-boost|p2a: Zacian|atk|1\n|move|p1a: Zacian|Close Combat|p2a: Zacian\n|-resisted|p2a: Zacian\n|-damage|p2a: Zacian|75\/100\n|-unboost|p1a: Zacian|def|1\n|-unboost|p1a: Zacian|spd|1\n|\n|upkeep\n|turn|15\n|\n|t:|1697500777\n|switch|p1a: Magearna|Magearna|100\/100\n|move|p2a: Zacian|Iron Head|p1a: Magearna\n|-damage|p1a: Magearna|61\/100\n|\n|-heal|p1a: Magearna|67\/100|[from] item: Leftovers\n|upkeep\n|turn|16\n|\n|t:|1697500785\n|move|p2a: Zacian|Iron Head|p1a: Magearna\n|-damage|p1a: Magearna|29\/100\n|move|p1a: Magearna|Thunder Wave|p2a: Zacian\n|-status|p2a: Zacian|par\n|\n|-heal|p1a: Magearna|35\/100|[from] item: Leftovers\n|upkeep\n|turn|17\n|\n|t:|1697500795\n|cant|p2a: Zacian|par\n|move|p1a: Magearna|Draining Kiss|p2a: Zacian\n|-crit|p2a: Zacian\n|-damage|p2a: Zacian|45\/100 par\n|-heal|p1a: Magearna|55\/100|[from] drain|[of] p2a: Zacian\n|\n|-heal|p1a: Magearna|61\/100|[from] item: Leftovers\n|upkeep\n|turn|18\n|\n|t:|1697500807\n|move|p2a: Zacian|Iron Head|p1a: Magearna\n|-damage|p1a: Magearna|25\/100\n|cant|p1a: Magearna|flinch\n|\n|-heal|p1a: Magearna|32\/100|[from] item: Leftovers\n|upkeep\n|turn|19\n|\n|t:|1697500815\n|move|p2a: Zacian|Iron Head|p1a: Magearna\n|-damage|p1a: Magearna|0 fnt\n|faint|p1a: Magearna\n|\n|upkeep\n|\n|t:|1697500819\n|switch|p1a: Arceus|Arceus-Poison|100\/100\n|turn|20\n|\n|t:|1697500825\n|move|p1a: Arceus|Dragon Dance|p1a: Arceus\n|-boost|p1a: Arceus|atk|1\n|-boost|p1a: Arceus|spe|1\n|move|p2a: Zacian|Iron Head|p1a: Arceus\n|-damage|p1a: Arceus|56\/100\n|\n|upkeep\n|turn|21\n|\n|t:|1697500833\n|move|p1a: Arceus|Poison Jab|p2a: Zacian\n|-supereffective|p2a: Zacian\n|-damage|p2a: Zacian|0 fnt\n|faint|p2a: Zacian\n|\n|upkeep\n|\n|t:|1697500845\n|switch|p2a: Urshifu|Urshifu, M|100\/100\n|turn|22\n|\n|t:|1697500885\n|-terastallize|p2a: Urshifu|Steel\n|move|p1a: Arceus|Poison Jab|p2a: Urshifu\n|-immune|p2a: Urshifu\n|move|p2a: Urshifu|Wicked Blow|p1a: Arceus\n|-crit|p1a: Arceus\n|-damage|p1a: Arceus|10\/100\n|\n|upkeep\n|turn|23\n|\n|t:|1697500894\n|move|p1a: Arceus|Earthquake|p2a: Urshifu\n|-supereffective|p2a: Urshifu\n|-damage|p2a: Urshifu|0 fnt\n|faint|p2a: Urshifu\n|\n|upkeep\n|\n|t:|1697500899\n|switch|p2a: Chi-Yu|Chi-Yu|100\/100\n|-ability|p2a: Chi-Yu|Beads of Ruin\n|turn|24\n|c|\u2606SenkTheMoth|gg\n|\n|t:|1697500926\n|move|p1a: Arceus|Earthquake|p2a: Chi-Yu\n|-supereffective|p2a: Chi-Yu\n|-damage|p2a: Chi-Yu|0 fnt\n|faint|p2a: Chi-Yu\n|\n|win|SenkTheMoth\n|l|\u2606Dhdjdjd\n|c|\u2606SenkTheMoth|i'll post the od\n","uploadtime":1697500941,"views":22,"p1id":"senkthemoth","p2id":"dhdjdjd","formatid":"gen9ubers","rating":0,"private":0,"password":""}