{"id":"gen9ubers-1968773185","p1":"Shirosakiaoi","p2":"DelScout","format":"[Gen 9] Ubers","log":"|j|\u2606Shirosakiaoi\n|j|\u2606DelScout\n|t:|1697463430\n|gametype|singles\n|player|p1|Shirosakiaoi|morty|\n|player|p2|DelScout|102|\n|teamsize|p1|6\n|teamsize|p2|6\n|gen|9\n|tier|[Gen 9] Ubers\n|rule|Sleep Clause Mod: Limit one foe put to sleep\n|rule|Species Clause: Limit one of each Pok\u00e9mon\n|rule|OHKO Clause: OHKO moves are banned\n|rule|Evasion Items Clause: Evasion items are banned\n|rule|Evasion Moves Clause: Evasion moves are banned\n|rule|Endless Battle Clause: Forcing endless battles is banned\n|rule|HP Percentage Mod: HP is shown in percentages\n|clearpoke\n|poke|p1|Tornadus, M|\n|poke|p1|Landorus, M|\n|poke|p1|Thundurus, M|\n|poke|p1|Urshifu-*, F|\n|poke|p1|Pelipper, M|\n|poke|p1|Samurott-Hisui, F|\n|poke|p2|Shaymin-Sky|\n|poke|p2|Vikavolt, M|\n|poke|p2|Alomomola, M|\n|poke|p2|Dialga|\n|poke|p2|Blissey, F|\n|poke|p2|Cyclizar, F|\n|teampreview\n|\n|t:|1697463469\n|start\n|switch|p1a: Samurott|Samurott-Hisui, F|100\/100\n|switch|p2a: Bleessey|Blissey, F|100\/100\n|turn|1\n|\n|t:|1697463476\n|move|p1a: Samurott|Swords Dance|p1a: Samurott\n|-boost|p1a: Samurott|atk|2\n|move|p2a: Bleessey|Stealth Rock|p1a: Samurott\n|-sidestart|p1: Shirosakiaoi|move: Stealth Rock\n|\n|upkeep\n|turn|2\n|\n|t:|1697463499\n|switch|p2a: Lolaposting|Alomomola, M, shiny|100\/100\n|move|p1a: Samurott|Ceaseless Edge|p2a: Lolaposting\n|-damage|p2a: Lolaposting|53\/100\n|-sidestart|p2: DelScout|Spikes\n|\n|-heal|p2a: Lolaposting|59\/100|[from] item: Leftovers\n|upkeep\n|turn|3\n|\n|t:|1697463513\n|move|p1a: Samurott|Swords Dance|p1a: Samurott\n|-boost|p1a: Samurott|atk|2\n|move|p2a: Lolaposting|Scald|p1a: Samurott\n|-resisted|p1a: Samurott\n|-damage|p1a: Samurott|92\/100\n|\n|-heal|p2a: Lolaposting|65\/100|[from] item: Leftovers\n|upkeep\n|turn|4\n|\n|t:|1697463522\n|move|p1a: Samurott|Ceaseless Edge|p2a: Lolaposting\n|-damage|p2a: Lolaposting|0 fnt\n|-sidestart|p2: DelScout|Spikes\n|faint|p2a: Lolaposting\n|\n|upkeep\n|\n|t:|1697463539\n|switch|p2a: Derbisaurus|Cyclizar, F|100\/100\n|turn|5\n|\n|t:|1697463572\n|move|p2a: Derbisaurus|Shed Tail|p2a: Derbisaurus\n|-start|p2a: Derbisaurus|Substitute|[from] move: Shed Tail\n|-damage|p2a: Derbisaurus|50\/100\n|\n|t:|1697463595\n|switch|p2a: Genfour|Dialga|100\/100|[from] Shed Tail\n|-damage|p2a: Genfour|84\/100|[from] Spikes\n|-ability|p2a: Genfour|Pressure\n|move|p1a: Samurott|Ceaseless Edge|p2a: Genfour\n|-end|p2a: Genfour|Substitute\n|-sidestart|p2: DelScout|Spikes\n|\n|-heal|p2a: Genfour|90\/100|[from] item: Leftovers\n|upkeep\n|turn|6\n|\n|t:|1697463628\n|move|p2a: Genfour|Draco Meteor|p1a: Samurott\n|-damage|p1a: Samurott|0 fnt\n|-unboost|p2a: Genfour|spa|2\n|faint|p1a: Samurott\n|\n|-heal|p2a: Genfour|96\/100|[from] item: Leftovers\n|upkeep\n|\n|t:|1697463647\n|switch|p1a: Pelipper|Pelipper, M|100\/100\n|-damage|p1a: Pelipper|75\/100|[from] Stealth Rock\n|-weather|RainDance|[from] ability: Drizzle|[of] p1a: Pelipper\n|turn|7\n|\n|t:|1697463655\n|move|p2a: Genfour|Bulk Up|p2a: Genfour\n|-boost|p2a: Genfour|atk|1\n|-boost|p2a: Genfour|def|1\n|move|p1a: Pelipper|Knock Off|p2a: Genfour\n|-damage|p2a: Genfour|90\/100\n|-enditem|p2a: Genfour|Leftovers|[from] move: Knock Off|[of] p1a: Pelipper\n|\n|-weather|RainDance|[upkeep]\n|-heal|p1a: Pelipper|82\/100|[from] item: Leftovers\n|upkeep\n|turn|8\n|\n|t:|1697463672\n|move|p2a: Genfour|Bulk Up|p2a: Genfour\n|-boost|p2a: Genfour|atk|1\n|-boost|p2a: Genfour|def|1\n|move|p1a: Pelipper|Hurricane|p2a: Genfour\n|-resisted|p2a: Genfour\n|-crit|p2a: Genfour\n|-damage|p2a: Genfour|69\/100\n|\n|-weather|RainDance|[upkeep]\n|-heal|p1a: Pelipper|88\/100|[from] item: Leftovers\n|upkeep\n|turn|9\n|\n|t:|1697463682\n|move|p2a: Genfour|Stone Edge|p1a: Pelipper\n|-supereffective|p1a: Pelipper\n|-damage|p1a: Pelipper|6\/100\n|move|p1a: Pelipper|U-turn|p2a: Genfour\n|-resisted|p2a: Genfour\n|-damage|p2a: Genfour|67\/100\n|\n|t:|1697463693\n|switch|p1a: Landorus|Landorus, M|100\/100|[from] U-turn\n|-damage|p1a: Landorus|88\/100|[from] Stealth Rock\n|\n|-weather|RainDance|[upkeep]\n|upkeep\n|turn|10\n|\n|t:|1697463704\n|-terastallize|p2a: Genfour|Ground\n|move|p1a: Landorus|Sandsear Storm|p2a: Genfour\n|-damage|p2a: Genfour|8\/100\n|move|p2a: Genfour|Stone Edge|p1a: Landorus\n|-damage|p1a: Landorus|27\/100\n|\n|-weather|RainDance|[upkeep]\n|upkeep\n|turn|11\n|c|\u2606DelScout|!dt sandsear\nNo Pok\u00e9mon, item, move, ability or nature named 'sandsear' was found. Showing the data of 'Pansear' instead.\n|raw|<div class=\"message\"><ul class=\"utilichart\"><li class=\"result\"><span class=\"col numcol\">Illegal<\/span> <span class=\"col iconcol\"><psicon pokemon=\"pansear\"\/><\/span> <span class=\"col pokemonnamecol\" style=\"white-space:nowrap\"><a href=\"https:\/\/dex.pokemonshowdown.com\/pokemon\/pansear\" target=\"_blank\">Pansear<\/a><\/span> <span class=\"col typecol\"><img src=\"https:\/\/play.pokemonshowdown.com\/sprites\/types\/Fire.png\" alt=\"Fire\" height=\"14\" width=\"32\"><\/span> <span style=\"float:left;min-height:26px\"><span class=\"col abilitycol\">Gluttony<\/span><span class=\"col abilitycol\"><em>Blaze<\/em><\/span><\/span><span style=\"float:left;min-height:26px\"><span class=\"col statcol\"><em>HP<\/em><br \/>50<\/span> <span class=\"col statcol\"><em>Atk<\/em><br \/>53<\/span> <span class=\"col statcol\"><em>Def<\/em><br \/>48<\/span> <span class=\"col statcol\"><em>SpA<\/em><br \/>53<\/span> <span class=\"col statcol\"><em>SpD<\/em><br \/>48<\/span> <span class=\"col statcol\"><em>Spe<\/em><br \/>64<\/span> <span class=\"col bstcol\"><em>BST<br \/>316<\/em><\/span> <\/span><\/li><li style=\"clear:both\"><\/li><\/ul><\/div>\n|raw|<font size=\"1\"><font color=\"#686868\">Dex#:<\/font> 513&nbsp;|&ThickSpace;<font color=\"#686868\">Gen:<\/font> 5&nbsp;|&ThickSpace;<font color=\"#686868\">Height:<\/font> 0.6 m&nbsp;|&ThickSpace;<font color=\"#686868\">Weight:<\/font> 11 kg <em>(40 BP)<\/em>&nbsp;|&ThickSpace;<font color=\"#686868\">Dex Colour:<\/font> Red&nbsp;|&ThickSpace;<font color=\"#686868\">Egg Group(s):<\/font> Field&nbsp;|&ThickSpace;<font color=\"#686868\">Evolution:<\/font> Simisear (Fire Stone)<\/font>\n\n|c|\u2606DelScout|!dt sandsear storm\n|raw|<ul class=\"utilichart\"><li class=\"result\"><span class=\"col movenamecol\"><a href=\"https:\/\/dex.pokemonshowdown.com\/moves\/sandsearstorm\">Sandsear Storm<\/a><\/span> <span class=\"col typecol\"><img src=\"\/\/play.pokemonshowdown.com\/sprites\/types\/Ground.png\" alt=\"Ground\" width=\"32\" height=\"14\"><img src=\"\/\/play.pokemonshowdown.com\/sprites\/categories\/Special.png\" alt=\"Special\" width=\"32\" height=\"14\"><\/span> <span class=\"col labelcol\"><em>Power<\/em><br>100<\/span> <span class=\"col widelabelcol\"><em>Accuracy<\/em><br>80%<\/span> <span class=\"col pplabelcol\"><em>PP<\/em><br>16<\/span> <span class=\"col movedesccol\">20% chance to burn foe(s). Can't miss in rain.<\/span> <\/li><li style=\"clear:both\"><\/li><\/ul>\n|raw|<font size=\"1\"><font color=\"#686868\">Priority:<\/font> 0&nbsp;|&ThickSpace;<font color=\"#686868\">Gen:<\/font> 9&nbsp;|&ThickSpace;&#10003; Boosted by Sheer Force&nbsp;|&ThickSpace;&#10003; Wind move&nbsp;|&ThickSpace;<font color=\"#686868\">Z-Power:<\/font> 180&nbsp;|&ThickSpace;<font color=\"#686868\">Dynamax Power:<\/font> 130&nbsp;|&ThickSpace;<font color=\"#686868\">Target:<\/font> All Adjacent Opponents<\/font>\n\n|\n|t:|1697463734\n|switch|p2a: Bleessey|Blissey, F|100\/100\n|-damage|p2a: Bleessey|75\/100|[from] Spikes\n|move|p1a: Landorus|Sandsear Storm|p2a: Bleessey\n|-damage|p2a: Bleessey|52\/100\n|\n|-weather|none\n|-heal|p2a: Bleessey|58\/100|[from] item: Leftovers\n|upkeep\n|turn|12\n|\n|t:|1697463748\n|move|p1a: Landorus|Nasty Plot|p1a: Landorus\n|-boost|p1a: Landorus|spa|2\n|move|p2a: Bleessey|Soft-Boiled|p2a: Bleessey\n|-heal|p2a: Bleessey|100\/100\n|\n|upkeep\n|turn|13\n|\n|t:|1697463755\n|move|p1a: Landorus|Sandsear Storm|p2a: Bleessey\n|-damage|p2a: Bleessey|50\/100\n|move|p2a: Bleessey|Seismic Toss|p1a: Landorus\n|-damage|p1a: Landorus|0 fnt\n|faint|p1a: Landorus\n|\n|-heal|p2a: Bleessey|56\/100|[from] item: Leftovers\n|upkeep\n|\n|t:|1697463763\n|switch|p1a: Urshifuuuya|Urshifu, F|100\/100\n|-damage|p1a: Urshifuuuya|94\/100|[from] Stealth Rock\n|turn|14\n|\n|t:|1697463786\n|move|p1a: Urshifuuuya|Swords Dance|p1a: Urshifuuuya\n|-boost|p1a: Urshifuuuya|atk|2\n|move|p2a: Bleessey|Seismic Toss|p1a: Urshifuuuya\n|-damage|p1a: Urshifuuuya|65\/100\n|\n|-heal|p2a: Bleessey|62\/100|[from] item: Leftovers\n|upkeep\n|turn|15\n|\n|t:|1697463801\n|move|p1a: Urshifuuuya|Wicked Blow|p2a: Bleessey\n|-crit|p2a: Bleessey\n|-damage|p2a: Bleessey|0 fnt\n|faint|p2a: Bleessey\n|\n|upkeep\n|\n|t:|1697463805\n|switch|p2a: Perrari|Shaymin-Sky, shiny|100\/100\n|turn|16\n|\n|t:|1697463811\n|-terastallize|p1a: Urshifuuuya|Ghost\n|move|p2a: Perrari|Substitute|p2a: Perrari\n|-start|p2a: Perrari|Substitute\n|-damage|p2a: Perrari|75\/100\n|move|p1a: Urshifuuuya|Ice Punch|p2a: Perrari\n|-supereffective|p2a: Perrari\n|-end|p2a: Perrari|Substitute\n|\n|upkeep\n|turn|17\n|\n|t:|1697463822\n|move|p2a: Perrari|Air Slash|p1a: Urshifuuuya\n|-crit|p1a: Urshifuuuya\n|-damage|p1a: Urshifuuuya|2\/100\n|move|p1a: Urshifuuuya|Ice Punch|p2a: Perrari\n|-supereffective|p2a: Perrari\n|-damage|p2a: Perrari|0 fnt\n|faint|p2a: Perrari\n|\n|upkeep\n|\n|t:|1697463831\n|switch|p2a: Derbisaurus|Cyclizar, F|84\/100\n|turn|18\n|\n|t:|1697463839\n|move|p2a: Derbisaurus|Knock Off|p1a: Urshifuuuya\n|-supereffective|p1a: Urshifuuuya\n|-damage|p1a: Urshifuuuya|0 fnt\n|-enditem|p1a: Urshifuuuya|Expert Belt|[from] move: Knock Off|[of] p2a: Derbisaurus\n|faint|p1a: Urshifuuuya\n|\n|upkeep\n|\n|t:|1697463844\n|switch|p1a: Pelipper|Pelipper, M|6\/100\n|-damage|p1a: Pelipper|0 fnt|[from] Stealth Rock\n|faint|p1a: Pelipper\n|\n|t:|1697463864\n|switch|p1a: Tornadus|Tornadus, M|100\/100\n|turn|19\n|\n|t:|1697463871\n|move|p2a: Derbisaurus|Rapid Spin|p1a: Tornadus\n|-damage|p1a: Tornadus|73\/100\n|-boost|p2a: Derbisaurus|spe|1\n|-sideend|p2: DelScout|Spikes|[from] move: Rapid Spin|[of] p2a: Derbisaurus\n|move|p1a: Tornadus|Bleakwind Storm|p2a: Derbisaurus\n|-damage|p2a: Derbisaurus|6\/100\n|\n|upkeep\n|turn|20\n|\n|t:|1697463883\n|move|p2a: Derbisaurus|Knock Off|p1a: Tornadus\n|-damage|p1a: Tornadus|39\/100\n|-enditem|p1a: Tornadus|Heavy-Duty Boots|[from] move: Knock Off|[of] p2a: Derbisaurus\n|move|p1a: Tornadus|Bleakwind Storm|p2a: Derbisaurus\n|-crit|p2a: Derbisaurus\n|-damage|p2a: Derbisaurus|0 fnt\n|faint|p2a: Derbisaurus\n|\n|upkeep\n|\n|t:|1697463902\n|switch|p2a: Scizor-Alola|Vikavolt, M, shiny|100\/100\n|turn|21\n|\n|t:|1697463913\n|move|p1a: Tornadus|Bleakwind Storm|p2a: Scizor-Alola\n|-damage|p2a: Scizor-Alola|48\/100\n|-unboost|p2a: Scizor-Alola|spe|1\n|move|p2a: Scizor-Alola|Volt Switch|p1a: Tornadus\n|-supereffective|p1a: Tornadus\n|-damage|p1a: Tornadus|0 fnt\n|faint|p1a: Tornadus\n|\n|t:|1697463921\n|switch|p2a: Genfour|Dialga, tera:Ground|8\/100|[from] Volt Switch\n|-ability|p2a: Genfour|Pressure\n|\n|upkeep\n|\n|t:|1697463924\n|switch|p1a: Thundurus|Thundurus, M|100\/100\n|turn|22\n|\n|t:|1697463931\n|move|p1a: Thundurus|Flash Cannon|p2a: Genfour\n|-damage|p2a: Genfour|0 fnt\n|faint|p2a: Genfour\n|\n|upkeep\n|\n|t:|1697463936\n|switch|p2a: Scizor-Alola|Vikavolt, M, shiny|48\/100\n|turn|23\n|\n|t:|1697463950\n|move|p1a: Thundurus|Wildbolt Storm|p2a: Scizor-Alola\n|-resisted|p2a: Scizor-Alola\n|-damage|p2a: Scizor-Alola|22\/100\n|move|p2a: Scizor-Alola|Volt Switch|p1a: Thundurus\n|-damage|p1a: Thundurus|57\/100\n|\n|upkeep\n|turn|24\n|\n|t:|1697463960\n|move|p1a: Thundurus|Wildbolt Storm|p2a: Scizor-Alola\n|-resisted|p2a: Scizor-Alola\n|-damage|p2a: Scizor-Alola|0 fnt\n|faint|p2a: Scizor-Alola\n|\n|win|Shirosakiaoi\n|c|\u2606DelScout|gg\n|c|\u2606Shirosakiaoi|gg\n|l|\u2606DelScout\n","uploadtime":1697463967,"views":10,"p1id":"shirosakiaoi","p2id":"delscout","formatid":"gen9ubers","rating":0,"private":0,"password":""}