{"id":"gen9ubers-1986348094","p1":"Themainmon","p2":"oTrey","format":"[Gen 9] Ubers","log":"|j|\u2606Themainmon\n|j|\u2606oTrey\n|t:|1699471287\n|gametype|singles\n|player|p1|Themainmon|flannery|\n|player|p2|oTrey|acetrainer-gen4dp|\n|teamsize|p1|6\n|teamsize|p2|6\n|gen|9\n|tier|[Gen 9] Ubers\n|rule|Sleep Clause Mod: Limit one foe put to sleep\n|rule|Species Clause: Limit one of each Pok\u00e9mon\n|rule|OHKO Clause: OHKO moves are banned\n|rule|Evasion Items Clause: Evasion items are banned\n|rule|Evasion Moves Clause: Evasion moves are banned\n|rule|Endless Battle Clause: Forcing endless battles is banned\n|rule|HP Percentage Mod: HP is shown in percentages\n|clearpoke\n|poke|p1|Zoroark, M|\n|poke|p1|Umbreon, F|\n|poke|p1|Maushold|\n|poke|p1|Iron Hands|\n|poke|p1|Dragonite, M|\n|poke|p1|Ceruledge, F|\n|poke|p2|Cinderace, M|\n|poke|p2|Kingambit, F|\n|poke|p2|Espeon, F|\n|poke|p2|Ninetales-Alola, F|\n|poke|p2|Enamorus, F|\n|poke|p2|Ogerpon-Cornerstone, F|\n|teampreview\n|c|\u2606Themainmon|Glhf\n|c|\u2606oTrey|Gl you too\n|\n|t:|1699471308\n|start\n|switch|p1a: Ceruledge|Ceruledge, F|100\/100\n|switch|p2a: Cinnamon|Cinderace, M|100\/100\n|turn|1\n|\n|t:|1699471317\n|move|p1a: Ceruledge|Taunt|p2a: Cinnamon\n|-start|p2a: Cinnamon|move: Taunt\n|cant|p2a: Cinnamon|move: Taunt|Taunt\n|\n|upkeep\n|turn|2\n|\n|t:|1699471339\n|switch|p1a: Dragonite|Dragonite, M|100\/100\n|switch|p2a: Espeon|Espeon, F|100\/100\n|\n|upkeep\n|turn|3\n|c|\u2606Themainmon|That was funny\n|c|\u2606oTrey|Taunted the taunter\n|\n|t:|1699471351\n|move|p2a: Espeon|Power Gem|p1a: Dragonite\n|-supereffective|p1a: Dragonite\n|-damage|p1a: Dragonite|81\/100\n|move|p1a: Dragonite|Fire Spin|p2a: Espeon\n|-crit|p2a: Espeon\n|-damage|p2a: Espeon|83\/100\n|-activate|p2a: Espeon|move: Fire Spin|[of] p1a: Dragonite\n|\n|-damage|p2a: Espeon|66\/100|[from] move: Fire Spin|[partiallytrapped]\n|upkeep\n|turn|4\n|\n|t:|1699471362\n|move|p1a: Dragonite|Protect|p1a: Dragonite\n|-singleturn|p1a: Dragonite|Protect\n|move|p2a: Espeon|Draining Kiss|p1a: Dragonite\n|-activate|p1a: Dragonite|move: Protect\n|\n|-damage|p2a: Espeon|50\/100|[from] move: Fire Spin|[partiallytrapped]\n|upkeep\n|turn|5\n|\n|t:|1699471368\n|move|p2a: Espeon|Draining Kiss|p1a: Dragonite\n|-supereffective|p1a: Dragonite\n|-damage|p1a: Dragonite|57\/100\n|-heal|p2a: Espeon|75\/100|[from] drain|[of] p1a: Dragonite\n|move|p1a: Dragonite|Roost|p1a: Dragonite\n|-heal|p1a: Dragonite|100\/100\n|-singleturn|p1a: Dragonite|move: Roost\n|\n|-damage|p2a: Espeon|58\/100|[from] move: Fire Spin|[partiallytrapped]\n|upkeep\n|turn|6\n|\n|t:|1699471381\n|move|p2a: Espeon|Draining Kiss|p1a: Dragonite\n|-supereffective|p1a: Dragonite\n|-damage|p1a: Dragonite|88\/100\n|-heal|p2a: Espeon|72\/100|[from] drain|[of] p1a: Dragonite\n|move|p1a: Dragonite|Fire Spin|p2a: Espeon\n|-damage|p2a: Espeon|61\/100\n|\n|-damage|p2a: Espeon|44\/100|[from] move: Fire Spin|[partiallytrapped]\n|upkeep\n|turn|7\n|\n|t:|1699471390\n|move|p2a: Espeon|Draining Kiss|p1a: Dragonite\n|-supereffective|p1a: Dragonite\n|-damage|p1a: Dragonite|63\/100\n|-heal|p2a: Espeon|71\/100|[from] drain|[of] p1a: Dragonite\n|move|p1a: Dragonite|Fire Spin|p2a: Espeon|[miss]\n|-miss|p1a: Dragonite|p2a: Espeon\n|\n|-damage|p2a: Espeon|54\/100|[from] move: Fire Spin|[partiallytrapped]\n|upkeep\n|turn|8\n|\n|t:|1699471397\n|move|p2a: Espeon|Draining Kiss|p1a: Dragonite\n|-supereffective|p1a: Dragonite\n|-damage|p1a: Dragonite|40\/100\n|-heal|p2a: Espeon|79\/100|[from] drain|[of] p1a: Dragonite\n|move|p1a: Dragonite|Roost|p1a: Dragonite\n|-heal|p1a: Dragonite|90\/100\n|-singleturn|p1a: Dragonite|move: Roost\n|\n|-end|p2a: Espeon|Fire Spin|[partiallytrapped]\n|upkeep\n|turn|9\n|\n|t:|1699471411\n|switch|p2a: Ninetales|Ninetales-Alola, F|100\/100\n|-weather|Snow|[from] ability: Snow Warning|[of] p2a: Ninetales\n|switch|p1a: Maushold|Maushold|100\/100\n|\n|-weather|Snow|[upkeep]\n|upkeep\n|turn|10\n|\n|t:|1699471432\n|move|p1a: Maushold|Tidy Up|p1a: Maushold\n|-boost|p1a: Maushold|atk|1\n|-boost|p1a: Maushold|spe|1\n|move|p2a: Ninetales|Aurora Veil|p2a: Ninetales\n|-sidestart|p2: oTrey|move: Aurora Veil\n|\n|-weather|Snow|[upkeep]\n|upkeep\n|turn|11\n|\n|t:|1699471445\n|move|p1a: Maushold|Tidy Up|p1a: Maushold\n|-boost|p1a: Maushold|atk|1\n|-boost|p1a: Maushold|spe|1\n|move|p2a: Ninetales|Moonblast|p1a: Maushold\n|-damage|p1a: Maushold|44\/100\n|\n|-weather|Snow|[upkeep]\n|upkeep\n|turn|12\n|\n|t:|1699471455\n|move|p1a: Maushold|Population Bomb|p2a: Ninetales\n|-damage|p2a: Ninetales|89\/100\n|-damage|p2a: Ninetales|78\/100\n|-damage|p2a: Ninetales|67\/100\n|-damage|p2a: Ninetales|57\/100\n|-crit|p2a: Ninetales\n|-damage|p2a: Ninetales|24\/100\n|-hitcount|p2a: Ninetales|5\n|move|p2a: Ninetales|Moonblast|p1a: Maushold\n|-damage|p1a: Maushold|0 fnt\n|faint|p1a: Maushold\n|\n|-weather|Snow|[upkeep]\n|upkeep\n|\n|t:|1699471466\n|switch|p1a: Iron Hands|Iron Hands|100\/100\n|turn|13\n|\n|t:|1699471469\n|move|p2a: Ninetales|Moonblast|p1a: Iron Hands\n|-supereffective|p1a: Iron Hands\n|-enditem|p1a: Iron Hands|Focus Sash\n|-damage|p1a: Iron Hands|1\/100\n|-unboost|p1a: Iron Hands|spa|1\n|replace|p1a: Zoroark|Zoroark, M\n|-end|p1a: Zoroark|Illusion\n|move|p1a: Zoroark|Brick Break|p2a: Ninetales\n|-sideend|p2: oTrey|move: Aurora Veil\n|-damage|p2a: Ninetales|8\/100\n|\n|-weather|none\n|upkeep\n|turn|14\n|\n|t:|1699471489\n|move|p2a: Ninetales|Moonblast|p1a: Zoroark\n|-supereffective|p1a: Zoroark\n|-damage|p1a: Zoroark|0 fnt\n|faint|p1a: Zoroark\n|\n|upkeep\n|\n|t:|1699471493\n|switch|p1a: Ceruledge|Ceruledge, F|100\/100\n|turn|15\n|\n|t:|1699471510\n|move|p1a: Ceruledge|Poltergeist|p2a: Ninetales\n|-activate|p2a: Ninetales|move: Poltergeist|Light Clay\n|-damage|p2a: Ninetales|0 fnt\n|faint|p2a: Ninetales\n|\n|upkeep\n|\n|t:|1699471529\n|switch|p2a: Cinnamon|Cinderace, M|100\/100\n|turn|16\n|\n|t:|1699471532\n|move|p1a: Ceruledge|Poltergeist|p2a: Cinnamon\n|-activate|p2a: Cinnamon|move: Poltergeist|Wide Lens\n|-damage|p2a: Cinnamon|41\/100\n|move|p2a: Cinnamon|Taunt|p1a: Ceruledge\n|-start|p2a: Cinnamon|typechange|Dark|[from] ability: Libero\n|-start|p1a: Ceruledge|move: Taunt\n|\n|upkeep\n|turn|17\n|c|\u2606oTrey|My kingambit has the wrong move damn\n|\n|t:|1699471569\n|switch|p1a: Iron Hands|Iron Hands|100\/100\n|switch|p2a: Queengambit|Kingambit, F|100\/100\n|-activate|p2a: Queengambit|ability: Supreme Overlord\n|-start|p2a: Queengambit|fallen1|[silent]\n|\n|upkeep\n|turn|18\n|c|\u2606Themainmon|Damn\n|\n|t:|1699471598\n|-end|p2a: Queengambit|fallen1|[silent]\n|switch|p2a: Espeon|Espeon, F|79\/100\n|move|p1a: Iron Hands|Whirlwind|p2a: Espeon\n|move|p2a: Espeon|Whirlwind|p1a: Iron Hands|[from]ability: Magic Bounce\n|-end|p1a: Iron Hands|Quark Drive|[silent]\n|drag|p1a: Ceruledge|Ceruledge, F|100\/100\n|\n|upkeep\n|turn|19\n|\n|t:|1699471610\n|move|p1a: Ceruledge|Bitter Blade|p2a: Espeon\n|-damage|p2a: Espeon|0 fnt\n|faint|p2a: Espeon\n|\n|upkeep\n|\n|t:|1699471627\n|switch|p2a: Oleana|Ogerpon-Cornerstone, F|100\/100\n|turn|20\n|c|\u2606Themainmon|I got a free switch out\n|\n|t:|1699471637\n|switch|p1a: Iron Hands|Iron Hands|100\/100\n|move|p2a: Oleana|Ivy Cudgel|p1a: Iron Hands\n|-resisted|p1a: Iron Hands\n|-damage|p1a: Iron Hands|82\/100\n|\n|upkeep\n|turn|21\n|\n|t:|1699471642\n|move|p2a: Oleana|Swords Dance|p2a: Oleana\n|-boost|p2a: Oleana|atk|2\n|move|p1a: Iron Hands|Drain Punch|p2a: Oleana\n|-supereffective|p2a: Oleana\n|-ability|p2a: Oleana|Sturdy\n|-damage|p2a: Oleana|1\/100\n|-heal|p1a: Iron Hands|100\/100|[from] drain|[of] p2a: Oleana\n|\n|upkeep\n|turn|22\n|\n|t:|1699471649\n|move|p2a: Oleana|Power Whip|p1a: Iron Hands\n|-damage|p1a: Iron Hands|18\/100\n|move|p1a: Iron Hands|Drain Punch|p2a: Oleana\n|-supereffective|p2a: Oleana\n|-damage|p2a: Oleana|0 fnt\n|-heal|p1a: Iron Hands|18\/100|[from] drain|[of] p2a: Oleana\n|faint|p2a: Oleana\n|\n|upkeep\n|\n|t:|1699471661\n|switch|p2a: Cinnamon|Cinderace, M|41\/100\n|turn|23\n|\n|t:|1699471667\n|-end|p1a: Iron Hands|Quark Drive|[silent]\n|switch|p1a: Ceruledge|Ceruledge, F|100\/100\n|move|p2a: Cinnamon|Pyro Ball|p1a: Ceruledge\n|-start|p1a: Ceruledge|ability: Flash Fire\n|\n|upkeep\n|turn|24\n|\n|t:|1699471679\n|move|p1a: Ceruledge|Poltergeist|p2a: Cinnamon|[miss]\n|-miss|p1a: Ceruledge|p2a: Cinnamon\n|move|p2a: Cinnamon|Will-O-Wisp|p1a: Ceruledge\n|-immune|p1a: Ceruledge|[from] ability: Flash Fire\n|\n|upkeep\n|turn|25\n|\n|t:|1699471688\n|switch|p2a: Queengambit|Kingambit, F|100\/100\n|-activate|p2a: Queengambit|ability: Supreme Overlord\n|-start|p2a: Queengambit|fallen3|[silent]\n|move|p1a: Ceruledge|Poltergeist|p2a: Queengambit\n|-activate|p2a: Queengambit|move: Poltergeist|Leftovers\n|-resisted|p2a: Queengambit\n|-damage|p2a: Queengambit|82\/100\n|\n|-heal|p2a: Queengambit|88\/100|[from] item: Leftovers\n|upkeep\n|turn|26\n|\n|t:|1699471703\n|-end|p1a: Ceruledge|ability: Flash Fire|[silent]\n|switch|p1a: Umbreon|Umbreon, F|100\/100\n|move|p2a: Queengambit|Swords Dance|p2a: Queengambit\n|-boost|p2a: Queengambit|atk|2\n|\n|-heal|p2a: Queengambit|94\/100|[from] item: Leftovers\n|upkeep\n|turn|27\n|\n|t:|1699471708\n|-end|p2a: Queengambit|fallen3|[silent]\n|switch|p2a: Emma|Enamorus, F|100\/100\n|move|p1a: Umbreon|Mud-Slap|p2a: Emma\n|-immune|p2a: Emma\n|\n|upkeep\n|turn|28\n|\n|t:|1699471712\n|move|p2a: Emma|Moonblast|p1a: Umbreon\n|-supereffective|p1a: Umbreon\n|-damage|p1a: Umbreon|54\/100\n|-damage|p2a: Emma|91\/100|[from] item: Life Orb\n|move|p1a: Umbreon|Snarl|p2a: Emma\n|-resisted|p2a: Emma\n|-damage|p2a: Emma|82\/100\n|-boost|p2a: Emma|spa|1\n|\n|upkeep\n|turn|29\n|\n|t:|1699471719\n|switch|p1a: Ceruledge|Ceruledge, F|100\/100\n|move|p2a: Emma|Moonblast|p1a: Ceruledge\n|-resisted|p1a: Ceruledge\n|-damage|p1a: Ceruledge|52\/100\n|-damage|p2a: Emma|72\/100|[from] item: Life Orb\n|\n|upkeep\n|turn|30\n|\n|t:|1699471726\n|move|p1a: Ceruledge|Poltergeist|p2a: Emma|[miss]\n|-miss|p1a: Ceruledge|p2a: Emma\n|move|p2a: Emma|Earth Power|p1a: Ceruledge\n|-supereffective|p1a: Ceruledge\n|-crit|p1a: Ceruledge\n|-damage|p1a: Ceruledge|0 fnt\n|faint|p1a: Ceruledge\n|-damage|p2a: Emma|63\/100|[from] item: Life Orb\n|\n|upkeep\n|c|\u2606Themainmon|I hate how that can misd\n|\n|t:|1699471740\n|switch|p1a: Iron Hands|Iron Hands|18\/100\n|turn|31\n|c|\u2606oTrey|Its so dumb\n|\n|t:|1699471748\n|move|p1a: Iron Hands|Fake Out|p2a: Emma\n|-damage|p2a: Emma|37\/100\n|cant|p2a: Emma|flinch\n|\n|upkeep\n|turn|32\n|\n|t:|1699471751\n|-end|p1a: Iron Hands|Quark Drive|[silent]\n|switch|p1a: Dragonite|Dragonite, M|90\/100\n|move|p2a: Emma|Superpower|p1a: Dragonite\n|-resisted|p1a: Dragonite\n|-damage|p1a: Dragonite|73\/100\n|-boost|p2a: Emma|atk|1\n|-boost|p2a: Emma|def|1\n|-damage|p2a: Emma|27\/100|[from] item: Life Orb\n|\n|upkeep\n|turn|33\n|\n|t:|1699471756\n|move|p1a: Dragonite|Protect|p1a: Dragonite\n|-singleturn|p1a: Dragonite|Protect\n|move|p2a: Emma|Moonblast|p1a: Dragonite\n|-activate|p1a: Dragonite|move: Protect\n|\n|upkeep\n|turn|34\n|\n|t:|1699471764\n|move|p2a: Emma|Moonblast|p1a: Dragonite\n|-supereffective|p1a: Dragonite\n|-damage|p1a: Dragonite|0 fnt\n|faint|p1a: Dragonite\n|-damage|p2a: Emma|17\/100|[from] item: Life Orb\n|\n|upkeep\n|\n|t:|1699471766\n|switch|p1a: Iron Hands|Iron Hands|18\/100\n|turn|35\n|\n|t:|1699471777\n|switch|p2a: Cinnamon|Cinderace, M|41\/100\n|move|p1a: Iron Hands|Fake Out|p2a: Cinnamon\n|-damage|p2a: Cinnamon|23\/100\n|\n|upkeep\n|turn|36\n|\n|t:|1699471782\n|move|p2a: Cinnamon|Pyro Ball|p1a: Iron Hands\n|-damage|p1a: Iron Hands|0 fnt\n|faint|p1a: Iron Hands\n|-end|p1a: Iron Hands|Quark Drive|[silent]\n|\n|upkeep\n|\n|t:|1699471783\n|switch|p1a: Umbreon|Umbreon, F|54\/100\n|turn|37\n|\n|t:|1699471786\n|move|p2a: Cinnamon|Taunt|p1a: Umbreon\n|-start|p2a: Cinnamon|typechange|Dark|[from] ability: Libero\n|-start|p1a: Umbreon|move: Taunt\n|move|p1a: Umbreon|Trailblaze|p2a: Cinnamon\n|-damage|p2a: Cinnamon|13\/100\n|-boost|p1a: Umbreon|spe|1\n|\n|upkeep\n|turn|38\n|\n|t:|1699471792\n|move|p2a: Cinnamon|Pyro Ball|p1a: Umbreon\n|-damage|p1a: Umbreon|30\/100\n|move|p1a: Umbreon|Trailblaze|p2a: Cinnamon\n|-damage|p2a: Cinnamon|3\/100\n|-boost|p1a: Umbreon|spe|1\n|\n|upkeep\n|turn|39\n|\n|t:|1699471797\n|move|p2a: Cinnamon|Pyro Ball|p1a: Umbreon\n|-damage|p1a: Umbreon|5\/100\n|move|p1a: Umbreon|Trailblaze|p2a: Cinnamon\n|-damage|p2a: Cinnamon|0 fnt\n|-boost|p1a: Umbreon|spe|1\n|faint|p2a: Cinnamon\n|\n|-end|p1a: Umbreon|move: Taunt\n|upkeep\n|\n|t:|1699471800\n|switch|p2a: Queengambit|Kingambit, F|94\/100\n|-activate|p2a: Queengambit|ability: Supreme Overlord\n|-start|p2a: Queengambit|fallen4|[silent]\n|turn|40\n|\n|t:|1699471806\n|move|p1a: Umbreon|Mud-Slap|p2a: Queengambit\n|-supereffective|p2a: Queengambit\n|-damage|p2a: Queengambit|89\/100\n|-unboost|p2a: Queengambit|accuracy|1\n|move|p2a: Queengambit|Kowtow Cleave|p1a: Umbreon\n|-resisted|p1a: Umbreon\n|-damage|p1a: Umbreon|0 fnt\n|faint|p1a: Umbreon\n|\n|win|oTrey\n|c|\u2606Themainmon|Gg\n|c|\u2606oTrey|Gg\n|c|\u2606Themainmon|That was close\n","uploadtime":1699471823,"views":28,"p1id":"themainmon","p2id":"otrey","formatid":"gen9ubers","rating":0,"private":0,"password":""}