{"id":"gen9ubers-1999223221","p1":"Thepo1iceman","p2":"Raiozin","format":"[Gen 9] Ubers","log":"|j|\u2606Thepo1iceman\n|j|\u2606Raiozin\n|t:|1701047436\n|gametype|singles\n|player|p1|Thepo1iceman|policeman-gen4|1318\n|player|p2|Raiozin|gambler|1352\n|teamsize|p1|6\n|teamsize|p2|6\n|gen|9\n|tier|[Gen 9] Ubers\n|rated|\n|rule|Sleep Clause Mod: Limit one foe put to sleep\n|rule|Species Clause: Limit one of each Pok\u00e9mon\n|rule|OHKO Clause: OHKO moves are banned\n|rule|Evasion Items Clause: Evasion items are banned\n|rule|Evasion Moves Clause: Evasion moves are banned\n|rule|Endless Battle Clause: Forcing endless battles is banned\n|rule|HP Percentage Mod: HP is shown in percentages\n|clearpoke\n|poke|p1|Gliscor, F|\n|poke|p1|Koraidon|\n|poke|p1|Zacian-*|\n|poke|p1|Arceus|\n|poke|p1|Miraidon|\n|poke|p1|Toxapex, M|\n|poke|p2|Kommo-o, M|\n|poke|p2|Chien-Pao|\n|poke|p2|Basculegion, M|\n|poke|p2|Espathra, F|\n|poke|p2|Ribombee, M|\n|poke|p2|Kyogre|\n|teampreview\n|inactive|Battle timer is ON: inactive players will automatically lose when time's up. (requested by Thepo1iceman)\n|j| Weltwo\n|c|\u2606Raiozin|cara\n|c|\u2606Raiozin|esse \u00e9 o padr\u00e3o de time\n|\n|t:|1701047450\n|start\n|switch|p1a: Gliscor|Gliscor, F|100\/100\n|switch|p2a: Ribombee|Ribombee, M|100\/100\n|turn|1\n|c|\u2606Raiozin|s\u00f3 vem isso\n|c|\u2606Raiozin|miraidon, koraidon, zacian e arceus\n|c|\u2606Raiozin|o resto \u00e9 adi\u00e7\u00e3o\n|\n|t:|1701047470\n|move|p1a: Gliscor|Protect|p1a: Gliscor\n|-singleturn|p1a: Gliscor|Protect\n|move|p2a: Ribombee|Sticky Web|p1a: Gliscor\n|-sidestart|p1: Thepo1iceman|move: Sticky Web\n|\n|-status|p1a: Gliscor|tox|[from] item: Toxic Orb\n|upkeep\n|turn|2\n|c|\u2606Thepo1iceman|What\n|\n|t:|1701047481\n|move|p2a: Ribombee|Stun Spore||[still]\n|-fail|p2a: Ribombee\n|move|p1a: Gliscor|Spikes|p2a: Ribombee\n|-sidestart|p2: Raiozin|Spikes\n|\n|upkeep\n|turn|3\n|c|\u2606Raiozin|u\u00e9?\n|c| Weltwo|uber \u00e9 uber n\u00e9 pae\n|\n|t:|1701047489\n|move|p2a: Ribombee|Moonblast|p1a: Gliscor\n|-damage|p1a: Gliscor|63\/100 tox\n|move|p1a: Gliscor|Spikes|p2a: Ribombee\n|-sidestart|p2: Raiozin|Spikes\n|\n|-heal|p1a: Gliscor|76\/100 tox|[from] ability: Poison Heal\n|upkeep\n|turn|4\n|\n|t:|1701047497\n|move|p2a: Ribombee|Moonblast|p1a: Gliscor\n|-damage|p1a: Gliscor|39\/100 tox\n|-unboost|p1a: Gliscor|spa|1\n|move|p1a: Gliscor|Spikes|p2a: Ribombee\n|-sidestart|p2: Raiozin|Spikes\n|\n|-heal|p1a: Gliscor|51\/100 tox|[from] ability: Poison Heal\n|upkeep\n|turn|5\n|\n|t:|1701047509\n|move|p1a: Gliscor|Protect|p1a: Gliscor\n|-singleturn|p1a: Gliscor|Protect\n|move|p2a: Ribombee|Moonblast|p1a: Gliscor\n|-activate|p1a: Gliscor|move: Protect\n|\n|-heal|p1a: Gliscor|64\/100 tox|[from] ability: Poison Heal\n|upkeep\n|turn|6\n|c|\u2606Raiozin|esse cara vai spammar at\u00e9 dizer chega\n|c|\u2606Raiozin|slk\n|\n|t:|1701047519\n|move|p2a: Ribombee|Moonblast|p1a: Gliscor\n|-damage|p1a: Gliscor|31\/100 tox\n|move|p1a: Gliscor|Toxic|p2a: Ribombee\n|-status|p2a: Ribombee|tox\n|\n|-damage|p2a: Ribombee|94\/100 tox|[from] psn\n|-heal|p1a: Gliscor|44\/100 tox|[from] ability: Poison Heal\n|upkeep\n|turn|7\n|c| Weltwo|s\u00f3 pode 3\n|c| Weltwo|xD\n|c|\u2606Raiozin|pq ele \u00e9 immune a stun spore?\n|\n|t:|1701047546\n|move|p1a: Gliscor|Protect|p1a: Gliscor\n|-singleturn|p1a: Gliscor|Protect\n|move|p2a: Ribombee|Stun Spore|p1a: Gliscor\n|-activate|p1a: Gliscor|move: Protect\n|\n|-damage|p2a: Ribombee|82\/100 tox|[from] psn\n|-heal|p1a: Gliscor|56\/100 tox|[from] ability: Poison Heal\n|upkeep\n|turn|8\n|c|\u2606Raiozin|oxi\n|c|\u2606Raiozin|agora funcionou\n|\n|t:|1701047555\n|switch|p1a: Toxapex|Toxapex, M|100\/100\n|-activate|p1a: Toxapex|move: Sticky Web\n|-unboost|p1a: Toxapex|spe|1\n|move|p2a: Ribombee|Stun Spore|p1a: Toxapex\n|-status|p1a: Toxapex|par\n|\n|-damage|p2a: Ribombee|64\/100 tox|[from] psn\n|upkeep\n|turn|9\n|c| Weltwo|para num poke ground?\n|\n|t:|1701047572\n|move|p1a: Toxapex|Baneful Bunker|p1a: Toxapex\n|-singleturn|p1a: Toxapex|move: Protect\n|move|p2a: Ribombee|Psychic|p1a: Toxapex\n|-activate|p1a: Toxapex|move: Protect\n|\n|-damage|p2a: Ribombee|39\/100 tox|[from] psn\n|upkeep\n|turn|10\n|c|\u2606Raiozin|receba.\n|c|\u2606Raiozin|oh merda\n|\n|t:|1701047583\n|switch|p1a: Zacian|Zacian-Crowned|100\/100\n|-activate|p1a: Zacian|move: Sticky Web\n|-unboost|p1a: Zacian|spe|1\n|-ability|p1a: Zacian|Intrepid Sword|boost\n|-boost|p1a: Zacian|atk|1\n|move|p2a: Ribombee|Psychic|p1a: Zacian\n|-resisted|p1a: Zacian\n|-crit|p1a: Zacian\n|-damage|p1a: Zacian|82\/100\n|-unboost|p1a: Zacian|spd|1\n|\n|-damage|p2a: Ribombee|9\/100 tox|[from] psn\n|upkeep\n|turn|11\n|\n|t:|1701047601\n|move|p2a: Ribombee|Stun Spore|p1a: Zacian\n|-status|p1a: Zacian|par\n|cant|p1a: Zacian|par\n|\n|-damage|p2a: Ribombee|0 fnt|[from] psn\n|faint|p2a: Ribombee\n|upkeep\n|\n|t:|1701047608\n|switch|p2a: Kommo-o|Kommo-o, M|100\/100\n|-damage|p2a: Kommo-o|75\/100|[from] Spikes\n|turn|12\n|c|\u2606Raiozin|ai\n|c|\u2606Raiozin|ser\u00e1 que ele ataca?\n|inactive|Raiozin has 120 seconds left.\n|c| Weltwo|25%...\n|c| Weltwo|vc bate primeiro\n|\n|t:|1701047635\n|switch|p1a: Gliscor|Gliscor, F|56\/100 tox\n|move|p2a: Kommo-o|Belly Drum|p2a: Kommo-o\n|-damage|p2a: Kommo-o|25\/100\n|-setboost|p2a: Kommo-o|atk|6|[from] move: Belly Drum\n|-enditem|p2a: Kommo-o|Salac Berry|[eat]\n|-boost|p2a: Kommo-o|spe|1|[from] item: Salac Berry\n|\n|-heal|p1a: Gliscor|69\/100 tox|[from] ability: Poison Heal\n|upkeep\n|turn|13\n|c|\u2606Raiozin|blz\n|c|\u2606Raiozin|nosa\n|c| Weltwo|ixi ixi\n|c|\u2606Raiozin|vou at\u00e9 me prevenir\n|\n|t:|1701047654\n|-terastallize|p2a: Kommo-o|Steel\n|move|p1a: Gliscor|Protect|p1a: Gliscor\n|-singleturn|p1a: Gliscor|Protect\n|move|p2a: Kommo-o|Drain Punch|p1a: Gliscor\n|-activate|p1a: Gliscor|move: Protect\n|\n|-heal|p1a: Gliscor|81\/100 tox|[from] ability: Poison Heal\n|upkeep\n|turn|14\n|\n|t:|1701047664\n|move|p2a: Kommo-o|Drain Punch|p1a: Gliscor\n|-resisted|p1a: Gliscor\n|-damage|p1a: Gliscor|29\/100 tox\n|-heal|p2a: Kommo-o|57\/100|[from] drain|[of] p1a: Gliscor\n|move|p1a: Gliscor|Earthquake|p2a: Kommo-o\n|-supereffective|p2a: Kommo-o\n|-damage|p2a: Kommo-o|0 fnt\n|faint|p2a: Kommo-o\n|\n|-heal|p1a: Gliscor|41\/100 tox|[from] ability: Poison Heal\n|upkeep\n|c| Weltwo|xD\n|c|\u2606Raiozin|se n fosse esse protect\n|c| Weltwo|puts\n|\n|t:|1701047680\n|switch|p2a: Espathra|Espathra, F|100\/100\n|-damage|p2a: Espathra|76\/100|[from] Spikes\n|turn|15\n|\n|t:|1701047684\n|move|p2a: Espathra|Protect|p2a: Espathra\n|-singleturn|p2a: Espathra|Protect\n|move|p1a: Gliscor|Toxic|p2a: Espathra\n|-activate|p2a: Espathra|move: Protect\n|\n|-heal|p1a: Gliscor|54\/100 tox|[from] ability: Poison Heal\n|-ability|p2a: Espathra|Speed Boost|boost\n|-boost|p2a: Espathra|spe|1\n|upkeep\n|turn|16\n|c|\u2606Raiozin|eu achei que era toxic\n|\n|t:|1701047695\n|move|p2a: Espathra|Calm Mind|p2a: Espathra\n|-boost|p2a: Espathra|spa|1\n|-boost|p2a: Espathra|spd|1\n|move|p1a: Gliscor|Toxic|p2a: Espathra\n|-status|p2a: Espathra|tox\n|\n|-damage|p2a: Espathra|70\/100 tox|[from] psn\n|-heal|p1a: Gliscor|66\/100 tox|[from] ability: Poison Heal\n|-ability|p2a: Espathra|Speed Boost|boost\n|-boost|p2a: Espathra|spe|1\n|upkeep\n|turn|17\n|\n|t:|1701047709\n|switch|p1a: Toxapex|Toxapex, M|100\/100 par\n|-activate|p1a: Toxapex|move: Sticky Web\n|-unboost|p1a: Toxapex|spe|1\n|move|p2a: Espathra|Protect||[still]\n|-fail|p2a: Espathra\n|\n|-damage|p2a: Espathra|58\/100 tox|[from] psn\n|-ability|p2a: Espathra|Speed Boost|boost\n|-boost|p2a: Espathra|spe|1\n|upkeep\n|turn|18\n|\n|t:|1701047719\n|move|p1a: Toxapex|Baneful Bunker|p1a: Toxapex\n|-singleturn|p1a: Toxapex|move: Protect\n|move|p2a: Espathra|Stored Power|p1a: Toxapex\n|-activate|p1a: Toxapex|move: Protect\n|\n|-damage|p2a: Espathra|39\/100 tox|[from] psn\n|-ability|p2a: Espathra|Speed Boost|boost\n|-boost|p2a: Espathra|spe|1\n|upkeep\n|turn|19\n|inactive|Raiozin has 120 seconds left.\n|\n|t:|1701047730\n|switch|p1a: Zacian|Zacian-Crowned|82\/100 par\n|-activate|p1a: Zacian|move: Sticky Web\n|-unboost|p1a: Zacian|spe|1\n|move|p2a: Espathra|Stored Power|p1a: Zacian\n|-resisted|p1a: Zacian\n|-damage|p1a: Zacian|39\/100 par\n|\n|-damage|p2a: Espathra|15\/100 tox|[from] psn\n|-ability|p2a: Espathra|Speed Boost|boost\n|-boost|p2a: Espathra|spe|1\n|upkeep\n|turn|20\n|c|\u2606Raiozin|insuport\u00e1vel hein cara\n|inactive|Raiozin has 120 seconds left.\n|\n|t:|1701047744\n|move|p2a: Espathra|Stored Power|p1a: Zacian\n|-resisted|p1a: Zacian\n|-damage|p1a: Zacian|0 fnt\n|faint|p1a: Zacian\n|\n|-damage|p2a: Espathra|0 fnt|[from] psn\n|faint|p2a: Espathra\n|upkeep\n|inactive|Raiozin has 120 seconds left.\n|c|\u2606Raiozin|jezzy\n|\n|t:|1701047771\n|switch|p1a: Koraidon|Koraidon|100\/100\n|switch|p2a: Kyogre|Kyogre|100\/100\n|-activate|p1a: Koraidon|move: Sticky Web\n|-unboost|p1a: Koraidon|spe|1\n|-weather|SunnyDay|[from] ability: Orichalcum Pulse|[of] p1a: Koraidon\n|-activate|p1a: Koraidon|Orichalcum Pulse|[source]\n|-damage|p2a: Kyogre|76\/100|[from] Spikes\n|-weather|RainDance|[from] ability: Drizzle|[of] p2a: Kyogre\n|turn|21\n|c| Weltwo|op\n|c|\u2606Raiozin|ice?\n|inactive|Raiozin has 90 seconds left.\n|\n|t:|1701047803\n|move|p2a: Kyogre|Water Spout|p1a: Koraidon\n|-resisted|p1a: Koraidon\n|-damage|p1a: Koraidon|49\/100\n|move|p1a: Koraidon|U-turn|p2a: Kyogre\n|-damage|p2a: Kyogre|50\/100\n|c| Weltwo|tenta\n|c| Weltwo|a\n|c|\u2606Raiozin|oh merda\n|\n|t:|1701047811\n|switch|p1a: Toxapex|Toxapex, M|100\/100 par|[from] U-turn\n|-activate|p1a: Toxapex|move: Sticky Web\n|-unboost|p1a: Toxapex|spe|1\n|\n|-weather|RainDance|[upkeep]\n|upkeep\n|turn|22\n|\n|t:|1701047818\n|move|p2a: Kyogre|Water Spout|p1a: Toxapex\n|-resisted|p1a: Toxapex\n|-damage|p1a: Toxapex|73\/100 par\n|move|p1a: Toxapex|Toxic|p2a: Kyogre\n|-status|p2a: Kyogre|tox\n|\n|-weather|RainDance|[upkeep]\n|-damage|p2a: Kyogre|44\/100 tox|[from] psn\n|upkeep\n|turn|23\n|c|\u2606Raiozin|ah quer saber?\n|\n|t:|1701047831\n|move|p2a: Kyogre|Water Spout|p1a: Toxapex\n|-resisted|p1a: Toxapex\n|-crit|p1a: Toxapex\n|-damage|p1a: Toxapex|34\/100 par\n|move|p1a: Toxapex|Recover|p1a: Toxapex\n|-heal|p1a: Toxapex|84\/100 par\n|\n|-weather|RainDance|[upkeep]\n|-damage|p2a: Kyogre|32\/100 tox|[from] psn\n|upkeep\n|turn|24\n|c| Weltwo|hm\n|c|\u2606Raiozin|ah n\n|\n|t:|1701047843\n|switch|p2a: Basculegion|Basculegion, M|100\/100\n|-damage|p2a: Basculegion|76\/100|[from] Spikes\n|move|p1a: Toxapex|Baneful Bunker||[still]\n|-fail|p1a: Toxapex\n|\n|-weather|RainDance|[upkeep]\n|upkeep\n|turn|25\n|\n|t:|1701047852\n|move|p2a: Basculegion|Last Respects|p1a: Toxapex\n|-damage|p1a: Toxapex|7\/100 par\n|move|p1a: Toxapex|Toxic|p2a: Basculegion\n|-status|p2a: Basculegion|tox\n|\n|-weather|none\n|-damage|p2a: Basculegion|70\/100 tox|[from] psn\n|upkeep\n|turn|26\n|c|\u2606Raiozin|KKKKKKKKKKK\n|\n|t:|1701047859\n|switch|p1a: Arceus|Arceus|100\/100\n|-activate|p1a: Arceus|move: Sticky Web\n|-unboost|p1a: Arceus|spe|1\n|move|p2a: Basculegion|Last Respects|p1a: Arceus\n|-immune|p1a: Arceus\n|\n|-damage|p2a: Basculegion|57\/100 tox|[from] psn\n|upkeep\n|turn|27\n|c| Weltwo|a\n|\n|t:|1701047871\n|switch|p2a: Kyogre|Kyogre|32\/100 tox\n|-damage|p2a: Kyogre|7\/100 tox|[from] Spikes\n|-weather|RainDance|[from] ability: Drizzle|[of] p2a: Kyogre\n|-terastallize|p1a: Arceus|Ghost\n|move|p1a: Arceus|Shadow Claw|p2a: Kyogre\n|-damage|p2a: Kyogre|0 fnt\n|faint|p2a: Kyogre\n|\n|-weather|RainDance|[upkeep]\n|upkeep\n|c|\u2606Raiozin|agora sim\n|c| Weltwo|mosco\n|\n|t:|1701047886\n|switch|p2a: Basculegion|Basculegion, M|57\/100 tox\n|-damage|p2a: Basculegion|33\/100 tox|[from] Spikes\n|turn|28\n|\n|t:|1701047894\n|switch|p1a: Toxapex|Toxapex, M|41\/100 par\n|-activate|p1a: Toxapex|move: Sticky Web\n|-unboost|p1a: Toxapex|spe|1\n|move|p2a: Basculegion|Last Respects|p1a: Toxapex\n|-damage|p1a: Toxapex|0 fnt\n|faint|p1a: Toxapex\n|\n|-weather|RainDance|[upkeep]\n|-damage|p2a: Basculegion|26\/100 tox|[from] psn\n|upkeep\n|c|\u2606Raiozin|fiz merda\n|\n|t:|1701047901\n|switch|p1a: Gliscor|Gliscor, F|66\/100 tox\n|turn|29\n|inactive|Raiozin has 120 seconds left.\n|c|\u2606Raiozin|queria tirar esse toxic maldito\n|\n|t:|1701047907\n|move|p1a: Gliscor|Protect|p1a: Gliscor\n|-singleturn|p1a: Gliscor|Protect\n|move|p2a: Basculegion|Last Respects|p1a: Gliscor\n|-activate|p1a: Gliscor|move: Protect\n|\n|-weather|RainDance|[upkeep]\n|-damage|p2a: Basculegion|14\/100 tox|[from] psn\n|-heal|p1a: Gliscor|79\/100 tox|[from] ability: Poison Heal\n|upkeep\n|turn|30\n|c| Weltwo|muda\n|c| Weltwo|A\n|c| Weltwo|vacilo\n|\n|t:|1701047917\n|move|p1a: Gliscor|Protect||[still]\n|-fail|p1a: Gliscor\n|move|p2a: Basculegion|Last Respects|p1a: Gliscor\n|-damage|p1a: Gliscor|0 fnt\n|faint|p1a: Gliscor\n|\n|-weather|RainDance|[upkeep]\n|-damage|p2a: Basculegion|0 fnt|[from] psn\n|faint|p2a: Basculegion\n|upkeep\n|c|\u2606Raiozin|eu ia levar dano de espinho se tirasse o bascu\n|\n|t:|1701047930\n|switch|p2a: Chien-Pao|Chien-Pao|100\/100\n|switch|p1a: Koraidon|Koraidon|49\/100\n|-activate|p1a: Koraidon|move: Sticky Web\n|-unboost|p1a: Koraidon|spe|1\n|-weather|SunnyDay|[from] ability: Orichalcum Pulse|[of] p1a: Koraidon\n|-activate|p1a: Koraidon|Orichalcum Pulse|[source]\n|-damage|p2a: Chien-Pao|76\/100|[from] Spikes\n|-ability|p2a: Chien-Pao|Sword of Ruin\n|turn|31\n|inactive|Raiozin has 120 seconds left.\n|\n|t:|1701047946\n|move|p1a: Koraidon|Collision Course|p2a: Chien-Pao\n|-supereffective|p2a: Chien-Pao\n|-damage|p2a: Chien-Pao|0 fnt\n|faint|p2a: Chien-Pao\n|\n|win|Thepo1iceman\n|raw|Thepo1iceman's rating: 1318 &rarr; <strong>1340<\/strong><br \/>(+22 for winning)\n|raw|Raiozin's rating: 1352 &rarr; <strong>1330<\/strong><br \/>(-22 for losing)\n|c|\u2606Thepo1iceman|Gg\n|c|\u2606Raiozin|mano\n|c| Weltwo|shard.\n|c|\u2606Raiozin|eu s\u00f3 quero saber\n|c|\u2606Raiozin|como\n|c| Weltwo|cad\u00ea\n|c|\u2606Raiozin|choice scarf\n|c|\u2606Raiozin|consegue ajudar em teia\n|c|\u2606Thepo1iceman|Real\n|c| Weltwo|sim\n|c|\u2606Raiozin|n \u00e9 a primeira vez que eu vejo isso\n|c| Weltwo|rapaz ...\n|c|\u2606Raiozin|virou moda\n|l|\u2606Raiozin\n|l| Weltwo\n|l|\u2606Thepo1iceman\n|j|\u2606Thepo1iceman\n|player|p1|Thepo1iceman|policeman-gen4\n","uploadtime":1701048929,"views":12,"p1id":"thepo1iceman","p2id":"raiozin","formatid":"gen9ubers","rating":1330,"private":0,"password":""}