{"id":"gen9ubers-1991312977","p1":"Ordell","p2":"Forfeit if noob","format":"[Gen 9] Ubers","log":"|j|\u2606Ordell\n|j|\u2606Forfeit if noob\n|t:|1700066661\n|gametype|singles\n|player|p1|Ordell|preschooler|1241\n|player|p2|Forfeit if noob|unknown|1179\n|teamsize|p1|6\n|teamsize|p2|6\n|gen|9\n|tier|[Gen 9] Ubers\n|rated|\n|rule|Sleep Clause Mod: Limit one foe put to sleep\n|rule|Species Clause: Limit one of each Pok\u00e9mon\n|rule|OHKO Clause: OHKO moves are banned\n|rule|Evasion Items Clause: Evasion items are banned\n|rule|Evasion Moves Clause: Evasion moves are banned\n|rule|Endless Battle Clause: Forcing endless battles is banned\n|rule|HP Percentage Mod: HP is shown in percentages\n|clearpoke\n|poke|p1|Arceus-Ground|\n|poke|p1|Annihilape, M|\n|poke|p1|Zacian-*|\n|poke|p1|Miraidon|\n|poke|p1|Koraidon|\n|poke|p1|Rayquaza|\n|poke|p2|Glimmora, F|\n|poke|p2|Grafaiai, F|\n|poke|p2|Miraidon|\n|poke|p2|Annihilape, M|\n|poke|p2|Cyclizar, F|\n|poke|p2|Klawf, F|\n|teampreview\n|inactive|Battle timer is ON: inactive players will automatically lose when time's up. (requested by Forfeit if noob)\n|\n|t:|1700066670\n|start\n|switch|p1a: Annihilape|Annihilape, M|100\/100\n|switch|p2a: Glimmora|Glimmora, F|100\/100\n|turn|1\n|\n|t:|1700066677\n|move|p1a: Annihilape|Taunt|p2a: Glimmora\n|-start|p2a: Glimmora|move: Taunt\n|cant|p2a: Glimmora|move: Taunt|Stealth Rock\n|\n|upkeep\n|turn|2\n|\n|t:|1700066696\n|move|p1a: Annihilape|Stealth Rock|p2a: Glimmora\n|-sidestart|p2: Forfeit if noob|move: Stealth Rock\n|move|p2a: Glimmora|Dazzling Gleam|p1a: Annihilape\n|-supereffective|p1a: Annihilape\n|-damage|p1a: Annihilape|49\/100\n|\n|upkeep\n|turn|3\n|\n|t:|1700066705\n|move|p1a: Annihilape|Final Gambit|p2a: Glimmora\n|-damage|p2a: Glimmora|33\/100\n|faint|p1a: Annihilape\n|move|p2a: Glimmora|Mortal Spin|p1: Annihilape|[notarget]\n|-fail|p2a: Glimmora\n|\n|-end|p2a: Glimmora|move: Taunt\n|upkeep\n|\n|t:|1700066725\n|switch|p1a: Miraidon|Miraidon|100\/100\n|-fieldstart|move: Electric Terrain|[from] ability: Hadron Engine|[of] p1a: Miraidon\n|turn|4\n|\n|t:|1700066742\n|move|p1a: Miraidon|Dragon Pulse|p2a: Glimmora\n|-damage|p2a: Glimmora|0 fnt\n|faint|p2a: Glimmora\n|\n|upkeep\n|\n|t:|1700066746\n|switch|p2a: Cyclizar|Cyclizar, F|100\/100\n|-damage|p2a: Cyclizar|88\/100|[from] Stealth Rock\n|turn|5\n|\n|t:|1700066752\n|move|p1a: Miraidon|Dragon Pulse|p2a: Cyclizar\n|-supereffective|p2a: Cyclizar\n|-damage|p2a: Cyclizar|0 fnt\n|faint|p2a: Cyclizar\n|\n|upkeep\n|\n|t:|1700066769\n|switch|p2a: Klawf|Klawf, F|100\/100\n|-damage|p2a: Klawf|88\/100|[from] Stealth Rock\n|turn|6\n|\n|t:|1700066774\n|switch|p1a: Koraidon|Koraidon|100\/100\n|-weather|SunnyDay|[from] ability: Orichalcum Pulse|[of] p1a: Koraidon\n|-activate|p1a: Koraidon|Orichalcum Pulse|[source]\n|move|p2a: Klawf|Rock Blast|p1a: Koraidon\n|-resisted|p1a: Koraidon\n|-damage|p1a: Koraidon|96\/100\n|-resisted|p1a: Koraidon\n|-damage|p1a: Koraidon|91\/100\n|-resisted|p1a: Koraidon\n|-damage|p1a: Koraidon|87\/100\n|-hitcount|p1a: Koraidon|3\n|\n|-weather|SunnyDay|[upkeep]\n|-heal|p1a: Koraidon|93\/100|[from] item: Leftovers\n|upkeep\n|turn|7\n|n|!Forfeit if noob|forfeitifnoob\n|\n|t:|1700066791\n|move|p1a: Koraidon|Swords Dance|p1a: Koraidon\n|-boost|p1a: Koraidon|atk|2\n|move|p2a: Klawf|Flail|p1a: Koraidon\n|-damage|p1a: Koraidon|87\/100\n|\n|-weather|SunnyDay|[upkeep]\n|-heal|p1a: Koraidon|93\/100|[from] item: Leftovers\n|upkeep\n|turn|8\n|\n|t:|1700066801\n|move|p1a: Koraidon|Collision Course|p2a: Klawf\n|-supereffective|p2a: Klawf\n|-damage|p2a: Klawf|0 fnt\n|faint|p2a: Klawf\n|\n|-weather|SunnyDay|[upkeep]\n|-heal|p1a: Koraidon|99\/100|[from] item: Leftovers\n|-fieldend|move: Electric Terrain\n|upkeep\n|\n|t:|1700066806\n|switch|p2a: Grafaiai|Grafaiai, F|100\/100\n|-damage|p2a: Grafaiai|88\/100|[from] Stealth Rock\n|turn|9\n|-message|Forfeit if noob forfeited.\n|\n|win|Ordell\n|raw|Ordell's rating: 1241 &rarr; <strong>1262<\/strong><br \/>(+21 for winning)\n|raw|Forfeit if noob's rating: 1179 &rarr; <strong>1158<\/strong><br \/>(-21 for losing)\n","uploadtime":1700066779,"views":11,"p1id":"ordell","p2id":"forfeitifnoob","formatid":"gen9ubers","rating":1158,"private":0,"password":""}