{"id":"gen9ubers-1968183745","p1":"KhaoticIntent","p2":"Derfle","format":"[Gen 9] Ubers","log":"|j|\u2606KhaoticIntent\n|j|\u2606Derfle\n|t:|1697392580\n|gametype|singles\n|player|p1|KhaoticIntent|roxie|\n|player|p2|Derfle|scientistf|\n|teamsize|p1|6\n|teamsize|p2|6\n|gen|9\n|tier|[Gen 9] Ubers\n|rule|Sleep Clause Mod: Limit one foe put to sleep\n|rule|Species Clause: Limit one of each Pok\u00e9mon\n|rule|OHKO Clause: OHKO moves are banned\n|rule|Evasion Items Clause: Evasion items are banned\n|rule|Evasion Moves Clause: Evasion moves are banned\n|rule|Endless Battle Clause: Forcing endless battles is banned\n|rule|HP Percentage Mod: HP is shown in percentages\n|clearpoke\n|poke|p1|Glimmora, M|\n|poke|p1|Weavile, M|\n|poke|p1|Enamorus, F|\n|poke|p1|Garchomp, F|\n|poke|p1|Heatran, M|\n|poke|p1|Rotom-Wash|\n|poke|p2|Zarude-Dada|\n|poke|p2|Kingambit, F|\n|poke|p2|Landorus-Therian, M|\n|poke|p2|Ting-Lu|\n|poke|p2|Iron Hands|\n|poke|p2|Ogerpon, F|\n|teampreview\n|j| Jektrooper\n|j| ZeroORAS\n|j| Dragonex129\n|j| RodentCollector\n|j| siang\n|\n|t:|1697392676\n|start\n|switch|p1a: Koffing Baby|Glimmora, M|100\/100\n|switch|p2a: Pling-Lu|Ting-Lu|100\/100\n|-ability|p2a: Pling-Lu|Vessel of Ruin\n|turn|1\n|\n|t:|1697392709\n|move|p1a: Koffing Baby|Reflect|p1a: Koffing Baby\n|-sidestart|p1: KhaoticIntent|Reflect\n|move|p2a: Pling-Lu|Stone Edge|p1a: Koffing Baby\n|-damage|p1a: Koffing Baby|86\/100\n|-activate|p1a: Koffing Baby|ability: Toxic Debris\n|-sidestart|p2: Derfle|move: Toxic Spikes\n|\n|upkeep\n|turn|2\n|\n|t:|1697392735\n|move|p1a: Koffing Baby|Stealth Rock|p2a: Pling-Lu\n|-sidestart|p2: Derfle|move: Stealth Rock\n|move|p2a: Pling-Lu|Earthquake|p1a: Koffing Baby\n|-supereffective|p1a: Koffing Baby\n|-damage|p1a: Koffing Baby|0 fnt\n|-activate|p1a: Koffing Baby|ability: Toxic Debris\n|-sidestart|p2: Derfle|move: Toxic Spikes\n|faint|p1a: Koffing Baby\n|\n|upkeep\n|l| RodentCollector\n|l| ZeroORAS\n|j| ZeroORAS\n|c| Jektrooper|Koffing Baby is such a good name btw\n|\n|t:|1697392764\n|switch|p1a: Enamorus|Enamorus, F|100\/100\n|turn|3\n|j| RodentCollector\n|\n|t:|1697392777\n|move|p1a: Enamorus|Superpower|p2a: Pling-Lu\n|-supereffective|p2a: Pling-Lu\n|-damage|p2a: Pling-Lu|71\/100\n|-boost|p1a: Enamorus|atk|1\n|-boost|p1a: Enamorus|def|1\n|move|p2a: Pling-Lu|Stone Edge|p1a: Enamorus\n|-supereffective|p1a: Enamorus\n|-damage|p1a: Enamorus|66\/100\n|\n|-heal|p2a: Pling-Lu|78\/100|[from] item: Leftovers\n|upkeep\n|turn|4\n|\n|t:|1697392811\n|switch|p2a: Drip God|Kingambit, F|100\/100\n|-damage|p2a: Drip God|94\/100|[from] Stealth Rock\n|move|p1a: Enamorus|Moonblast|p2a: Drip God\n|-damage|p2a: Drip God|41\/100\n|\n|upkeep\n|turn|5\n|\n|t:|1697392829\n|move|p2a: Drip God|Sucker Punch|p1a: Enamorus\n|-resisted|p1a: Enamorus\n|-damage|p1a: Enamorus|49\/100\n|move|p1a: Enamorus|Superpower|p2a: Drip God\n|-supereffective|p2a: Drip God\n|-damage|p2a: Drip God|0 fnt\n|-boost|p1a: Enamorus|atk|1\n|-boost|p1a: Enamorus|def|1\n|faint|p2a: Drip God\n|-end|p2a: Drip God|fallenundefined|[silent]\n|\n|upkeep\n|\n|t:|1697392843\n|switch|p2a: Spanky|Iron Hands|100\/100\n|-status|p2a: Spanky|tox\n|-damage|p2a: Spanky|94\/100 tox|[from] Stealth Rock\n|-enditem|p2a: Spanky|Booster Energy\n|-activate|p2a: Spanky|ability: Quark Drive|[fromitem]\n|-start|p2a: Spanky|quarkdriveatk\n|turn|6\n|\n|t:|1697392856\n|move|p2a: Spanky|Fake Out|p1a: Enamorus\n|-damage|p1a: Enamorus|39\/100\n|cant|p1a: Enamorus|flinch\n|\n|-damage|p2a: Spanky|88\/100 tox|[from] psn\n|upkeep\n|turn|7\n|\n|t:|1697392877\n|move|p1a: Enamorus|Moonblast|p2a: Spanky\n|-supereffective|p2a: Spanky\n|-damage|p2a: Spanky|0 fnt\n|faint|p2a: Spanky\n|-end|p2a: Spanky|Quark Drive|[silent]\n|\n|upkeep\n|\n|t:|1697392903\n|switch|p2a: Angy|Landorus-Therian, M|100\/100\n|-damage|p2a: Angy|88\/100|[from] Stealth Rock\n|-ability|p2a: Angy|Intimidate|boost\n|-boost|p1a: Enamorus|atk|1\n|turn|8\n|\n|t:|1697392910\n|move|p2a: Angy|Earthquake|p1a: Enamorus\n|-immune|p1a: Enamorus\n|move|p1a: Enamorus|Moonblast|p2a: Angy\n|-damage|p2a: Angy|25\/100\n|-unboost|p2a: Angy|spa|1\n|\n|-sideend|p1: KhaoticIntent|Reflect\n|upkeep\n|turn|9\n|\n|t:|1697392942\n|switch|p2a: Pling-Lu|Ting-Lu|78\/100\n|-status|p2a: Pling-Lu|tox\n|-damage|p2a: Pling-Lu|71\/100 tox|[from] Stealth Rock\n|-ability|p2a: Pling-Lu|Vessel of Ruin\n|move|p1a: Enamorus|Moonblast|p2a: Pling-Lu\n|-supereffective|p2a: Pling-Lu\n|-damage|p2a: Pling-Lu|12\/100 tox\n|\n|-heal|p2a: Pling-Lu|18\/100 tox|[from] item: Leftovers\n|-damage|p2a: Pling-Lu|12\/100 tox|[from] psn\n|upkeep\n|turn|10\n|\n|t:|1697392957\n|move|p1a: Enamorus|Superpower|p2a: Pling-Lu\n|-supereffective|p2a: Pling-Lu\n|-crit|p2a: Pling-Lu\n|-damage|p2a: Pling-Lu|0 fnt\n|-boost|p1a: Enamorus|atk|1\n|-boost|p1a: Enamorus|def|1\n|faint|p2a: Pling-Lu\n|\n|upkeep\n|\n|t:|1697392966\n|switch|p2a: Angy|Landorus-Therian, M|25\/100\n|-damage|p2a: Angy|13\/100|[from] Stealth Rock\n|-ability|p2a: Angy|Intimidate|boost\n|-boost|p1a: Enamorus|atk|1\n|turn|11\n|-message|Derfle forfeited.\n|\n|win|KhaoticIntent\n|l|\u2606Derfle\n|l| siang\n|l| ZeroORAS\n|l| RodentCollector\n|j| ZeroORAS\n|l| ZeroORAS\n","uploadtime":1697393004,"views":24,"p1id":"khaoticintent","p2id":"derfle","formatid":"gen9ubers","rating":0,"private":0,"password":""}