{"id":"gen9ubers-1995094847","p1":"Warden248","p2":"Mattattac","format":"[Gen 9] Ubers","log":"|j|\u2606Warden248\n|j|\u2606Mattattac\n|t:|1700521958\n|gametype|singles\n|player|p1|Warden248|shadowtriad|1040\n|player|p2|Mattattac|nate|1102\n|teamsize|p1|6\n|teamsize|p2|6\n|gen|9\n|tier|[Gen 9] Ubers\n|rated|\n|rule|Sleep Clause Mod: Limit one foe put to sleep\n|rule|Species Clause: Limit one of each Pok\u00e9mon\n|rule|OHKO Clause: OHKO moves are banned\n|rule|Evasion Items Clause: Evasion items are banned\n|rule|Evasion Moves Clause: Evasion moves are banned\n|rule|Endless Battle Clause: Forcing endless battles is banned\n|rule|HP Percentage Mod: HP is shown in percentages\n|clearpoke\n|poke|p1|Baxcalibur, F|\n|poke|p1|Slowking, F|\n|poke|p1|Cloyster, F|\n|poke|p1|Magcargo, F|\n|poke|p1|Gliscor, M|\n|poke|p1|Hawlucha, F|\n|poke|p2|Ogerpon-Hearthflame, F|\n|poke|p2|Darkrai|\n|poke|p2|Flutter Mane|\n|poke|p2|Magearna|\n|poke|p2|Volcarona, M|\n|poke|p2|Zacian-*|\n|teampreview\n|c|\u2606Mattattac|yo\n|c|\u2606Warden248|yo\n|inactive|Battle timer is ON: inactive players will automatically lose when time's up. (requested by Mattattac)\n|\n|t:|1700521973\n|start\n|switch|p1a: Gliscor|Gliscor, M|100\/100\n|switch|p2a: Darkrai|Darkrai, shiny|100\/100\n|turn|1\n|\n|t:|1700521982\n|move|p2a: Darkrai|Hypnosis|p1a: Gliscor\n|-status|p1a: Gliscor|slp|[from] move: Hypnosis\n|cant|p1a: Gliscor|slp\n|\n|-damage|p1a: Gliscor|88\/100 slp|[from] ability: Bad Dreams|[of] p2a: Darkrai\n|upkeep\n|turn|2\n|\n|t:|1700521999\n|switch|p1a: Hawlucha|Hawlucha, F|100\/100\n|move|p2a: Darkrai|Nasty Plot|p2a: Darkrai\n|-boost|p2a: Darkrai|spa|2\n|\n|upkeep\n|turn|3\n|c|\u2606Mattattac|watch\n|c|\u2606Mattattac|flinch\n|\n|t:|1700522011\n|move|p2a: Darkrai|Dark Pulse|p1a: Hawlucha\n|-resisted|p1a: Hawlucha\n|-damage|p1a: Hawlucha|24\/100\n|move|p1a: Hawlucha|Sky Attack||[still]\n|-prepare|p1a: Hawlucha|Sky Attack\n|-enditem|p1a: Hawlucha|Power Herb\n|-anim|p1a: Hawlucha|Sky Attack|p2a: Darkrai\n|-damage|p2a: Darkrai|14\/100\n|\n|upkeep\n|turn|4\n|c|\u2606Mattattac|lol\n|c|\u2606Mattattac|now here's undburden\n|\n|t:|1700522026\n|move|p1a: Hawlucha|Drain Punch|p2a: Darkrai\n|-supereffective|p2a: Darkrai\n|-damage|p2a: Darkrai|0 fnt\n|-heal|p1a: Hawlucha|31\/100|[from] drain|[of] p2a: Darkrai\n|faint|p2a: Darkrai\n|\n|upkeep\n|c|\u2606Warden248|yep\n|\n|t:|1700522046\n|switch|p2a: Magearna|Magearna|100\/100\n|turn|5\n|\n|t:|1700522061\n|switch|p1a: Magcargo|Magcargo, F|100\/100\n|move|p2a: Magearna|Shift Gear|p2a: Magearna\n|-boost|p2a: Magearna|spe|2\n|-boost|p2a: Magearna|atk|1\n|\n|upkeep\n|turn|6\n|\n|t:|1700522075\n|-terastallize|p1a: Magcargo|Fire\n|move|p2a: Magearna|Calm Mind|p2a: Magearna\n|-boost|p2a: Magearna|spa|1\n|-boost|p2a: Magearna|spd|1\n|move|p1a: Magcargo|Shell Smash|p1a: Magcargo\n|-unboost|p1a: Magcargo|def|1\n|-unboost|p1a: Magcargo|spd|1\n|-boost|p1a: Magcargo|atk|2\n|-boost|p1a: Magcargo|spa|2\n|-boost|p1a: Magcargo|spe|2\n|-enditem|p1a: Magcargo|White Herb\n|-clearnegativeboost|p1a: Magcargo|[silent]\n|\n|upkeep\n|turn|7\n|c|\u2606Mattattac|wait\n|c|\u2606Mattattac|he gets shell smash?\n|c|\u2606Mattattac|huh\n|c|\u2606Warden248|ya\n|c|\u2606Mattattac|never actually knew that\n|\n|t:|1700522100\n|move|p2a: Magearna|Flash Cannon|p1a: Magcargo\n|-resisted|p1a: Magcargo\n|-damage|p1a: Magcargo|67\/100\n|move|p1a: Magcargo|Clear Smog|p2a: Magearna\n|-immune|p2a: Magearna\n|\n|upkeep\n|turn|8\n|c|\u2606Warden248|damn\n|\n|t:|1700522111\n|move|p2a: Magearna|Flash Cannon|p1a: Magcargo\n|-resisted|p1a: Magcargo\n|-damage|p1a: Magcargo|37\/100\n|move|p1a: Magcargo|Flamethrower|p2a: Magearna\n|-supereffective|p2a: Magearna\n|-damage|p2a: Magearna|0 fnt\n|faint|p2a: Magearna\n|\n|upkeep\n|\n|t:|1700522119\n|switch|p2a: Ogerpon|Ogerpon-Hearthflame, F|100\/100\n|-ability|p2a: Ogerpon|Mold Breaker\n|turn|9\n|\n|t:|1700522126\n|move|p2a: Ogerpon|Swords Dance|p2a: Ogerpon\n|-boost|p2a: Ogerpon|atk|2\n|move|p1a: Magcargo|Power Gem|p2a: Ogerpon\n|-supereffective|p2a: Ogerpon\n|-damage|p2a: Ogerpon|0 fnt\n|faint|p2a: Ogerpon\n|\n|upkeep\n|c|\u2606Mattattac|oh yeah\n|c|\u2606Mattattac|that's right\n|c|\u2606Mattattac|rock type moves\n|c|\u2606Mattattac|lol\n|c|\u2606Warden248|lol\n|c|\u2606Mattattac|I feel stupid for forgettin that ngl\n|\n|t:|1700522156\n|switch|p2a: Flutter Mane|Flutter Mane, shiny|100\/100\n|turn|10\n|inactive|Mattattac has 120 seconds left.\n|c|\u2606Warden248|magcargos always been my favorite despite him being weak\n|\n|t:|1700522181\n|move|p2a: Flutter Mane|Shadow Ball|p1a: Magcargo\n|-damage|p1a: Magcargo|0 fnt\n|faint|p1a: Magcargo\n|\n|upkeep\n|\n|t:|1700522192\n|switch|p1a: Cloyster|Cloyster, F|100\/100\n|turn|11\n|c|\u2606Mattattac|any specific reason?\n|\n|t:|1700522198\n|-end|p2a: Flutter Mane|Protosynthesis|[silent]\n|switch|p2a: Zacian|Zacian-Crowned, shiny|100\/100\n|-ability|p2a: Zacian|Intrepid Sword|boost\n|-boost|p2a: Zacian|atk|1\n|move|p1a: Cloyster|Toxic Spikes|p2a: Zacian\n|-sidestart|p2: Mattattac|move: Toxic Spikes\n|\n|upkeep\n|turn|12\n|c|\u2606Warden248|just always liked the design\n|c|\u2606Mattattac|ah\n|\n|t:|1700522214\n|move|p2a: Zacian|Trailblaze|p1a: Cloyster\n|-supereffective|p1a: Cloyster\n|-damage|p1a: Cloyster|54\/100\n|-boost|p2a: Zacian|spe|1\n|move|p1a: Cloyster|Shell Smash|p1a: Cloyster\n|-unboost|p1a: Cloyster|def|1\n|-unboost|p1a: Cloyster|spd|1\n|-boost|p1a: Cloyster|atk|2\n|-boost|p1a: Cloyster|spa|2\n|-boost|p1a: Cloyster|spe|2\n|\n|-heal|p1a: Cloyster|60\/100|[from] item: Leftovers\n|upkeep\n|turn|13\n|c|\u2606Mattattac|alr\n|c|\u2606Mattattac|makes sense\n|\n|t:|1700522231\n|move|p2a: Zacian|Swords Dance|p2a: Zacian\n|-boost|p2a: Zacian|atk|2\n|move|p1a: Cloyster|Liquidation|p2a: Zacian\n|-damage|p2a: Zacian|41\/100\n|-unboost|p2a: Zacian|def|1\n|\n|-heal|p1a: Cloyster|66\/100|[from] item: Leftovers\n|upkeep\n|turn|14\n|\n|t:|1700522240\n|move|p2a: Zacian|Behemoth Blade|p1a: Cloyster\n|-damage|p1a: Cloyster|0 fnt\n|faint|p1a: Cloyster\n|\n|upkeep\n|c|\u2606Mattattac|def drop\n|c|\u2606Mattattac|nice\n|\n|t:|1700522248\n|switch|p1a: Gliscor|Gliscor, M|88\/100 slp\n|turn|15\n|\n|t:|1700522264\n|move|p2a: Zacian|Behemoth Blade|p1a: Gliscor\n|-damage|p1a: Gliscor|0 fnt\n|faint|p1a: Gliscor\n|\n|upkeep\n|\n|t:|1700522269\n|switch|p1a: Slowking|Slowking, F|100\/100\n|turn|16\n|\n|t:|1700522277\n|move|p2a: Zacian|Trailblaze|p1a: Slowking\n|-supereffective|p1a: Slowking\n|-damage|p1a: Slowking|0 fnt\n|-boost|p2a: Zacian|spe|1\n|faint|p1a: Slowking\n|\n|upkeep\n|c|\u2606Mattattac|didn't think that'd kill ngl\n|\n|t:|1700522288\n|switch|p1a: Baxcalibur|Baxcalibur, F|100\/100\n|turn|17\n|c|\u2606Warden248|should have saved my tera\n|\n|t:|1700522303\n|move|p1a: Baxcalibur|Protect|p1a: Baxcalibur\n|-singleturn|p1a: Baxcalibur|Protect\n|move|p2a: Zacian|Behemoth Blade|p1a: Baxcalibur\n|-activate|p1a: Baxcalibur|move: Protect\n|\n|upkeep\n|turn|18\n|c|\u2606Mattattac|maybe\n|c|\u2606Mattattac|completely forgot you did tho\n|\n|t:|1700522314\n|move|p2a: Zacian|Behemoth Blade|p1a: Baxcalibur\n|-supereffective|p1a: Baxcalibur\n|-damage|p1a: Baxcalibur|0 fnt\n|faint|p1a: Baxcalibur\n|\n|upkeep\n|\n|t:|1700522328\n|switch|p1a: Hawlucha|Hawlucha, F|31\/100\n|turn|19\n|\n|t:|1700522335\n|-terastallize|p2a: Zacian|Fairy\n|move|p2a: Zacian|Play Rough|p1a: Hawlucha\n|-supereffective|p1a: Hawlucha\n|-damage|p1a: Hawlucha|0 fnt\n|faint|p1a: Hawlucha\n|\n|win|Mattattac\n|raw|Warden248's rating: 1040 &rarr; <strong>1027<\/strong><br \/>(-13 for losing)\n|raw|Mattattac's rating: 1102 &rarr; <strong>1123<\/strong><br \/>(+21 for winning)\n|c|\u2606Mattattac|gg\n|c|\u2606Warden248|gg\n|l|\u2606Warden248\n","uploadtime":1700522343,"views":15,"p1id":"warden248","p2id":"mattattac","formatid":"gen9ubers","rating":1027,"private":0,"password":""}