{"id":"gen9ubers-1971299311","p1":"Anne Frankkkk","p2":"Durant889","format":"[Gen 9] Ubers","log":"|j|\u2606Anne Frankkkk\n|j|\u2606Durant889\n|t:|1697727640\n|gametype|singles\n|player|p1|Anne Frankkkk|hilbert|1000\n|player|p2|Durant889|linebacker|1049\n|teamsize|p1|6\n|teamsize|p2|4\n|gen|9\n|tier|[Gen 9] Ubers\n|rated|\n|rule|Sleep Clause Mod: Limit one foe put to sleep\n|rule|Species Clause: Limit one of each Pok\u00e9mon\n|rule|OHKO Clause: OHKO moves are banned\n|rule|Evasion Items Clause: Evasion items are banned\n|rule|Evasion Moves Clause: Evasion moves are banned\n|rule|Endless Battle Clause: Forcing endless battles is banned\n|rule|HP Percentage Mod: HP is shown in percentages\n|clearpoke\n|poke|p1|Quaquaval, M|\n|poke|p1|Kyogre|\n|poke|p1|Chien-Pao|\n|poke|p1|Donphan, M|\n|poke|p1|Miraidon|\n|poke|p1|Iron Moth|\n|poke|p2|Kleavor, M|\n|poke|p2|Drednaw, F|\n|poke|p2|Glimmora, F|\n|poke|p2|Arcanine-Hisui, F|\n|teampreview\n|inactive|Battle timer is ON: inactive players will automatically lose when time's up. (requested by Anne Frankkkk)\n|inactive|Durant889 has 120 seconds left.\n|\n|t:|1697727679\n|start\n|switch|p1a: Kyogre|Kyogre|100\/100\n|switch|p2a: Glimmora|Glimmora, F|100\/100\n|-weather|RainDance|[from] ability: Drizzle|[of] p1a: Kyogre\n|turn|1\n|\n|t:|1697727690\n|-terastallize|p2a: Glimmora|Grass\n|move|p1a: Kyogre|Water Spout|p2a: Glimmora\n|-resisted|p2a: Glimmora\n|-damage|p2a: Glimmora|51\/100\n|move|p2a: Glimmora|Energy Ball|p1a: Kyogre\n|-supereffective|p1a: Kyogre\n|-damage|p1a: Kyogre|37\/100\n|\n|-weather|RainDance|[upkeep]\n|-heal|p2a: Glimmora|57\/100|[from] item: Leftovers\n|upkeep\n|turn|2\n|\n|t:|1697727703\n|move|p2a: Glimmora|Spiky Shield|p2a: Glimmora\n|-singleturn|p2a: Glimmora|move: Protect\n|move|p1a: Kyogre|Water Spout|p2a: Glimmora\n|-activate|p2a: Glimmora|move: Protect\n|\n|-weather|RainDance|[upkeep]\n|-heal|p2a: Glimmora|63\/100|[from] item: Leftovers\n|upkeep\n|turn|3\n|\n|t:|1697727713\n|move|p1a: Kyogre|Water Spout|p2a: Glimmora\n|-resisted|p2a: Glimmora\n|-damage|p2a: Glimmora|46\/100\n|move|p2a: Glimmora|Energy Ball|p1a: Kyogre\n|-supereffective|p1a: Kyogre\n|-damage|p1a: Kyogre|0 fnt\n|faint|p1a: Kyogre\n|\n|-weather|RainDance|[upkeep]\n|-heal|p2a: Glimmora|52\/100|[from] item: Leftovers\n|upkeep\n|\n|t:|1697727724\n|switch|p1a: Chien-Pao|Chien-Pao|100\/100\n|-ability|p1a: Chien-Pao|Sword of Ruin\n|turn|4\n|\n|t:|1697727748\n|move|p1a: Chien-Pao|Icicle Crash|p2a: Glimmora|[miss]\n|-miss|p1a: Chien-Pao|p2a: Glimmora\n|move|p2a: Glimmora|Acid Armor|p2a: Glimmora\n|-boost|p2a: Glimmora|def|2\n|\n|-weather|RainDance|[upkeep]\n|-heal|p2a: Glimmora|58\/100|[from] item: Leftovers\n|upkeep\n|turn|5\n|\n|t:|1697727763\n|move|p2a: Glimmora|Spiky Shield|p2a: Glimmora\n|-singleturn|p2a: Glimmora|move: Protect\n|move|p1a: Chien-Pao|Icicle Crash|p2a: Glimmora\n|-activate|p2a: Glimmora|move: Protect\n|\n|-weather|none\n|-heal|p2a: Glimmora|64\/100|[from] item: Leftovers\n|upkeep\n|turn|6\n|inactive|Durant889 has 120 seconds left.\n|\n|t:|1697727794\n|switch|p2a: Arcanine|Arcanine-Hisui, F|100\/100\n|-ability|p2a: Arcanine|Intimidate|boost\n|-unboost|p1a: Chien-Pao|atk|1\n|move|p1a: Chien-Pao|Icicle Crash|p2a: Arcanine\n|-resisted|p2a: Arcanine\n|-crit|p2a: Arcanine\n|-damage|p2a: Arcanine|46\/100\n|\n|upkeep\n|turn|7\n|\n|t:|1697727805\n|switch|p1a: Donphan|Donphan, M, shiny|100\/100\n|move|p2a: Arcanine|Stone Edge|p1a: Donphan|[miss]\n|-miss|p2a: Arcanine|p1a: Donphan\n|\n|upkeep\n|turn|8\n|\n|t:|1697727816\n|switch|p2a: Kleavor|Kleavor, M|100\/100\n|move|p1a: Donphan|Gunk Shot|p2a: Kleavor\n|-resisted|p2a: Kleavor\n|-damage|p2a: Kleavor|73\/100\n|\n|upkeep\n|turn|9\n|inactive|Durant889 has 120 seconds left.\n|\n|t:|1697727824\n|move|p2a: Kleavor|Trailblaze|p1a: Donphan\n|-supereffective|p1a: Donphan\n|-damage|p1a: Donphan|69\/100\n|-boost|p2a: Kleavor|spe|1\n|move|p1a: Donphan|Iron Head|p2a: Kleavor\n|-supereffective|p2a: Kleavor\n|-damage|p2a: Kleavor|0 fnt\n|faint|p2a: Kleavor\n|\n|upkeep\n|inactive|Durant889 has 120 seconds left.\n|\n|t:|1697727837\n|switch|p2a: Drednaw|Drednaw, F|100\/100\n|turn|10\n|inactive|Durant889 has 120 seconds left.\n|\n|t:|1697727849\n|move|p2a: Drednaw|Shell Smash|p2a: Drednaw\n|-unboost|p2a: Drednaw|def|1\n|-unboost|p2a: Drednaw|spd|1\n|-boost|p2a: Drednaw|atk|2\n|-boost|p2a: Drednaw|spa|2\n|-boost|p2a: Drednaw|spe|2\n|-enditem|p2a: Drednaw|White Herb\n|-clearnegativeboost|p2a: Drednaw|[silent]\n|move|p1a: Donphan|Earthquake|p2a: Drednaw\n|-supereffective|p2a: Drednaw\n|-damage|p2a: Drednaw|0 fnt\n|faint|p2a: Drednaw\n|\n|upkeep\n|\n|t:|1697727861\n|switch|p2a: Glimmora|Glimmora, F, tera:Grass|64\/100\n|turn|11\n|\n|t:|1697727868\n|move|p2a: Glimmora|Acid Armor|p2a: Glimmora\n|-boost|p2a: Glimmora|def|2\n|move|p1a: Donphan|Gunk Shot|p2a: Glimmora|[miss]\n|-miss|p1a: Donphan|p2a: Glimmora\n|\n|-heal|p2a: Glimmora|70\/100|[from] item: Leftovers\n|upkeep\n|turn|12\n|inactive|Durant889 has 120 seconds left.\n|\n|t:|1697727881\n|move|p2a: Glimmora|Acid Armor|p2a: Glimmora\n|-boost|p2a: Glimmora|def|2\n|move|p1a: Donphan|Gunk Shot|p2a: Glimmora\n|-supereffective|p2a: Glimmora\n|-damage|p2a: Glimmora|38\/100\n|-activate|p2a: Glimmora|ability: Toxic Debris\n|-sidestart|p1: Anne Frankkkk|move: Toxic Spikes\n|\n|-heal|p2a: Glimmora|44\/100|[from] item: Leftovers\n|upkeep\n|turn|13\n|inactive|Durant889 has 120 seconds left.\n|\n|t:|1697727892\n|move|p2a: Glimmora|Spiky Shield|p2a: Glimmora\n|-singleturn|p2a: Glimmora|move: Protect\n|move|p1a: Donphan|Gunk Shot|p2a: Glimmora\n|-activate|p2a: Glimmora|move: Protect\n|\n|-heal|p2a: Glimmora|50\/100|[from] item: Leftovers\n|upkeep\n|turn|14\n|inactive|Durant889 has 120 seconds left.\n|\n|t:|1697727900\n|move|p2a: Glimmora|Energy Ball|p1a: Donphan\n|-supereffective|p1a: Donphan\n|-damage|p1a: Donphan|0 fnt\n|faint|p1a: Donphan\n|\n|-heal|p2a: Glimmora|57\/100|[from] item: Leftovers\n|upkeep\n|\n|t:|1697727904\n|switch|p1a: Miraidon|Miraidon|100\/100\n|-status|p1a: Miraidon|psn\n|-fieldstart|move: Electric Terrain|[from] ability: Hadron Engine|[of] p1a: Miraidon\n|turn|15\n|\n|t:|1697727916\n|move|p2a: Glimmora|Spiky Shield|p2a: Glimmora\n|-singleturn|p2a: Glimmora|move: Protect\n|move|p1a: Miraidon|Calm Mind|p1a: Miraidon\n|-boost|p1a: Miraidon|spa|1\n|-boost|p1a: Miraidon|spd|1\n|\n|-heal|p2a: Glimmora|63\/100|[from] item: Leftovers\n|-damage|p1a: Miraidon|88\/100 psn|[from] psn\n|upkeep\n|turn|16\n|\n|t:|1697727926\n|move|p1a: Miraidon|Dragon Pulse|p2a: Glimmora\n|-damage|p2a: Glimmora|0 fnt\n|faint|p2a: Glimmora\n|\n|-heal|p1a: Miraidon|94\/100 psn|[from] item: Leftovers\n|-damage|p1a: Miraidon|82\/100 psn|[from] psn\n|upkeep\n|\n|t:|1697727935\n|switch|p2a: Arcanine|Arcanine-Hisui, F|46\/100\n|-ability|p2a: Arcanine|Intimidate|boost\n|-unboost|p1a: Miraidon|atk|1\n|turn|17\n|\n|t:|1697727942\n|-terastallize|p1a: Miraidon|Electric\n|move|p2a: Arcanine|Flare Blitz|p1a: Miraidon\n|-damage|p1a: Miraidon|37\/100 psn\n|-damage|p2a: Arcanine|29\/100|[from] Recoil\n|move|p1a: Miraidon|Electro Drift|p2a: Arcanine\n|-damage|p2a: Arcanine|0 fnt\n|faint|p2a: Arcanine\n|\n|win|Anne Frankkkk\n|raw|Anne Frankkkk's rating: 1000 &rarr; <strong>1046<\/strong><br \/>(+46 for winning)\n|raw|Durant889's rating: 1049 &rarr; <strong>1029<\/strong><br \/>(-20 for losing)\n","uploadtime":1697727955,"views":7,"p1id":"annefrankkkk","p2id":"durant889","formatid":"gen9ubers","rating":1029,"private":0,"password":""}