{"id":"gen9ubers-1970555480","p1":"LandonTO","p2":"Jeusu","format":"[Gen 9] Ubers","log":"|j|\u2606LandonTO\n|j|\u2606Jeusu\n|t:|1697648014\n|gametype|singles\n|player|p1|LandonTO|ghetsis|1071\n|player|p2|Jeusu|plasmagruntf|1138\n|teamsize|p1|6\n|teamsize|p2|6\n|gen|9\n|tier|[Gen 9] Ubers\n|rated|\n|rule|Sleep Clause Mod: Limit one foe put to sleep\n|rule|Species Clause: Limit one of each Pok\u00e9mon\n|rule|OHKO Clause: OHKO moves are banned\n|rule|Evasion Items Clause: Evasion items are banned\n|rule|Evasion Moves Clause: Evasion moves are banned\n|rule|Endless Battle Clause: Forcing endless battles is banned\n|rule|HP Percentage Mod: HP is shown in percentages\n|clearpoke\n|poke|p1|Gliscor, F|\n|poke|p1|Espathra, F|\n|poke|p1|Miraidon|\n|poke|p1|Annihilape, F|\n|poke|p1|Scizor, F|\n|poke|p1|Arceus|\n|poke|p2|Shaymin-Sky|\n|poke|p2|Miraidon|\n|poke|p2|Hatterene, F|\n|poke|p2|Skeledirge, M|\n|poke|p2|Grimmsnarl, M|\n|poke|p2|Arceus-Ground|\n|teampreview\n|\n|t:|1697648024\n|start\n|switch|p1a: Gliscor|Gliscor, F|100\/100\n|switch|p2a: Grimmsnarl|Grimmsnarl, M|100\/100\n|turn|1\n|\n|t:|1697648033\n|move|p2a: Grimmsnarl|Trick|p1a: Gliscor\n|-activate|p2a: Grimmsnarl|move: Trick|[of] p1a: Gliscor\n|-item|p1a: Gliscor|Lagging Tail|[from] move: Trick\n|-item|p2a: Grimmsnarl|Toxic Orb|[from] move: Trick\n|move|p1a: Gliscor|Spikes|p2a: Grimmsnarl\n|-sidestart|p2: Jeusu|Spikes\n|\n|-status|p2a: Grimmsnarl|tox|[from] item: Toxic Orb\n|upkeep\n|turn|2\n|\n|t:|1697648041\n|move|p2a: Grimmsnarl|Parting Shot|p1a: Gliscor\n|-unboost|p1a: Gliscor|atk|1\n|-unboost|p1a: Gliscor|spa|1\n|\n|t:|1697648047\n|switch|p2a: Arceus|Arceus-Ground|100\/100|[from] Parting Shot\n|-damage|p2a: Arceus|88\/100|[from] Spikes\n|move|p1a: Gliscor|Stealth Rock|p2a: Arceus\n|-sidestart|p2: Jeusu|move: Stealth Rock\n|\n|upkeep\n|turn|3\n|\n|t:|1697648053\n|move|p2a: Arceus|Dragon Dance|p2a: Arceus\n|-boost|p2a: Arceus|atk|1\n|-boost|p2a: Arceus|spe|1\n|move|p1a: Gliscor|Toxic Spikes|p2a: Arceus\n|-sidestart|p2: Jeusu|move: Toxic Spikes\n|\n|upkeep\n|turn|4\n|\n|t:|1697648061\n|move|p2a: Arceus|Dragon Dance|p2a: Arceus\n|-boost|p2a: Arceus|atk|1\n|-boost|p2a: Arceus|spe|1\n|move|p1a: Gliscor|Spikes|p2a: Arceus\n|-sidestart|p2: Jeusu|Spikes\n|\n|upkeep\n|turn|5\n|\n|t:|1697648071\n|move|p2a: Arceus|Dragon Dance|p2a: Arceus\n|-boost|p2a: Arceus|atk|1\n|-boost|p2a: Arceus|spe|1\n|move|p1a: Gliscor|Spikes|p2a: Arceus\n|-sidestart|p2: Jeusu|Spikes\n|\n|upkeep\n|turn|6\n|\n|t:|1697648077\n|move|p2a: Arceus|Dragon Dance|p2a: Arceus\n|-boost|p2a: Arceus|atk|1\n|-boost|p2a: Arceus|spe|1\n|move|p1a: Gliscor|Earthquake|p2a: Arceus\n|-damage|p2a: Arceus|71\/100\n|\n|upkeep\n|turn|7\n|\n|t:|1697648083\n|move|p2a: Arceus|Extreme Speed|p1a: Gliscor\n|-damage|p1a: Gliscor|47\/100\n|move|p1a: Gliscor|Earthquake|p2a: Arceus\n|-damage|p2a: Arceus|54\/100\n|\n|upkeep\n|turn|8\n|\n|t:|1697648090\n|move|p2a: Arceus|Extreme Speed|p1a: Gliscor\n|-damage|p1a: Gliscor|0 fnt\n|faint|p1a: Gliscor\n|\n|upkeep\n|\n|t:|1697648099\n|switch|p1a: Arceus|Arceus|100\/100\n|turn|9\n|\n|t:|1697648102\n|move|p2a: Arceus|Earthquake|p1a: Arceus\n|-damage|p1a: Arceus|0 fnt\n|faint|p1a: Arceus\n|\n|upkeep\n|\n|t:|1697648109\n|switch|p1a: Scizor|Scizor, F|100\/100\n|turn|10\n|\n|t:|1697648117\n|-terastallize|p1a: Scizor|Steel\n|move|p1a: Scizor|Bullet Punch|p2a: Arceus\n|-damage|p2a: Arceus|21\/100\n|move|p2a: Arceus|Earthquake|p1a: Scizor\n|-supereffective|p1a: Scizor\n|-damage|p1a: Scizor|0 fnt\n|faint|p1a: Scizor\n|\n|upkeep\n|\n|t:|1697648126\n|switch|p1a: Espathra|Espathra, F|100\/100\n|turn|11\n|\n|t:|1697648132\n|move|p2a: Arceus|Earthquake|p1a: Espathra\n|-damage|p1a: Espathra|0 fnt\n|faint|p1a: Espathra\n|\n|upkeep\n|\n|t:|1697648136\n|switch|p1a: Annihilape|Annihilape, F|100\/100\n|turn|12\n|\n|t:|1697648139\n|move|p2a: Arceus|Earthquake|p1a: Annihilape\n|-crit|p1a: Annihilape\n|-damage|p1a: Annihilape|0 fnt\n|faint|p1a: Annihilape\n|\n|upkeep\n|-message|LandonTO forfeited.\n|\n|win|Jeusu\n|raw|LandonTO's rating: 1071 &rarr; <strong>1054<\/strong><br \/>(-17 for losing)\n|raw|Jeusu's rating: 1138 &rarr; <strong>1158<\/strong><br \/>(+20 for winning)\n|l|\u2606LandonTO\n","uploadtime":1697648149,"views":27,"p1id":"landonto","p2id":"jeusu","formatid":"gen9ubers","rating":1054,"private":0,"password":""}