{"id":"gen9ubers-1987437168","p1":"kayjulers","p2":"SiG_GM","format":"[Gen 9] Ubers","log":"|j|\u2606kayjulers\n|j|\u2606SiG_GM\n|t:|1699591410\n|gametype|singles\n|player|p1|kayjulers|clair|\n|player|p2|SiG_GM|102|\n|teamsize|p1|6\n|teamsize|p2|6\n|gen|9\n|tier|[Gen 9] Ubers\n|rule|Sleep Clause Mod: Limit one foe put to sleep\n|rule|Species Clause: Limit one of each Pok\u00e9mon\n|rule|OHKO Clause: OHKO moves are banned\n|rule|Evasion Items Clause: Evasion items are banned\n|rule|Evasion Moves Clause: Evasion moves are banned\n|rule|Endless Battle Clause: Forcing endless battles is banned\n|rule|HP Percentage Mod: HP is shown in percentages\n|clearpoke\n|poke|p1|Darkrai|\n|poke|p1|Jirachi|\n|poke|p1|Weezing-Galar, M|\n|poke|p1|Ogerpon-Wellspring, F|\n|poke|p1|Haxorus, F|\n|poke|p1|Zapdos|\n|poke|p2|Ribombee, M|\n|poke|p2|Empoleon, M|\n|poke|p2|Armarouge, F|\n|poke|p2|Garchomp, F|\n|poke|p2|Gengar, M|\n|poke|p2|Iron Hands|\n|teampreview\n|c|\u2606kayjulers|Have fun, fren\n|c|\u2606SiG_GM|This battle is for more than just the league\n|c|\u2606SiG_GM|THIS IS FOR MY HONOR\n|c|\u2606kayjulers|\"I will strike you down and all you that have become, you wretched fool.\"\n|j| Bogaes\n|\n|t:|1699591530\n|start\n|switch|p1a: Annie of the Stars|Jirachi|100\/100\n|switch|p2a: Ribombee|Ribombee, M|100\/100\n|turn|1\n|\n|t:|1699591571\n|move|p1a: Annie of the Stars|Iron Head|p2a: Ribombee\n|-supereffective|p2a: Ribombee\n|-enditem|p2a: Ribombee|Focus Sash\n|-damage|p2a: Ribombee|1\/100\n|move|p2a: Ribombee|Sticky Web|p1a: Annie of the Stars\n|-sidestart|p1: kayjulers|move: Sticky Web\n|\n|upkeep\n|turn|2\n|\n|t:|1699591640\n|move|p1a: Annie of the Stars|Iron Head|p2a: Ribombee\n|-supereffective|p2a: Ribombee\n|-damage|p2a: Ribombee|0 fnt\n|faint|p2a: Ribombee\n|\n|upkeep\n|\n|t:|1699591740\n|switch|p2a: Armarouge|Armarouge, F|100\/100\n|turn|3\n|\n|t:|1699591788\n|switch|p1a: Raiden|Zapdos|100\/100\n|move|p2a: Armarouge|Calm Mind|p2a: Armarouge\n|-boost|p2a: Armarouge|spa|1\n|-boost|p2a: Armarouge|spd|1\n|\n|upkeep\n|turn|4\n|\n|t:|1699591859\n|move|p1a: Raiden|Discharge|p2a: Armarouge\n|-damage|p2a: Armarouge|76\/100\n|move|p2a: Armarouge|Flamethrower|p1a: Raiden\n|-damage|p1a: Raiden|23\/100\n|\n|upkeep\n|turn|5\n|\n|t:|1699591882\n|move|p1a: Raiden|Discharge|p2a: Armarouge\n|-damage|p2a: Armarouge|50\/100\n|move|p2a: Armarouge|Flamethrower|p1a: Raiden\n|-damage|p1a: Raiden|0 fnt\n|faint|p1a: Raiden\n|\n|upkeep\n|\n|t:|1699591967\n|switch|p1a: Shadowlord|Darkrai|100\/100\n|-activate|p1a: Shadowlord|move: Sticky Web\n|-unboost|p1a: Shadowlord|spe|1\n|turn|6\n|\n|t:|1699592023\n|switch|p2a: Iron Hands|Iron Hands|100\/100\n|-enditem|p2a: Iron Hands|Booster Energy\n|-activate|p2a: Iron Hands|ability: Quark Drive|[fromitem]\n|-start|p2a: Iron Hands|quarkdriveatk\n|move|p1a: Shadowlord|Dark Pulse|p2a: Iron Hands\n|-resisted|p2a: Iron Hands\n|-damage|p2a: Iron Hands|74\/100\n|-damage|p1a: Shadowlord|91\/100|[from] item: Life Orb\n|\n|upkeep\n|turn|7\n|\n|t:|1699592067\n|switch|p1a: Doug Dimmadome|Weezing-Galar, M|100\/100\n|move|p2a: Iron Hands|Drain Punch|p1a: Doug Dimmadome\n|-resisted|p1a: Doug Dimmadome\n|-damage|p1a: Doug Dimmadome|90\/100\n|-heal|p2a: Iron Hands|77\/100|[from] drain|[of] p1a: Doug Dimmadome\n|-damage|p2a: Iron Hands|60\/100|[from] item: Rocky Helmet|[of] p1a: Doug Dimmadome\n|\n|upkeep\n|turn|8\n|\n|t:|1699592103\n|-end|p2a: Iron Hands|Quark Drive|[silent]\n|switch|p2a: Empoleon|Empoleon, M|100\/100\n|move|p1a: Doug Dimmadome|Defog|p2a: Empoleon\n|-unboost|p2a: Empoleon|evasion|1\n|-ability|p2a: Empoleon|Competitive|boost\n|-boost|p2a: Empoleon|spa|2\n|-sideend|p1: kayjulers|Sticky Web|[from] move: Defog|[of] p1a: Doug Dimmadome\n|\n|upkeep\n|turn|9\n|\n|t:|1699592137\n|switch|p1a: Skull Kid|Ogerpon-Wellspring, F|100\/100\n|move|p2a: Empoleon|Flash Cannon|p1a: Skull Kid\n|-resisted|p1a: Skull Kid\n|-damage|p1a: Skull Kid|64\/100\n|\n|upkeep\n|turn|10\n|\n|t:|1699592193\n|-terastallize|p1a: Skull Kid|Water\n|detailschange|p1a: Skull Kid|Ogerpon-Wellspring-Tera, F, tera:Water\n|-ability|p1a: Skull Kid|Embody Aspect (Wellspring)|boost\n|-boost|p1a: Skull Kid|spd|1\n|move|p1a: Skull Kid|Trailblaze|p2a: Empoleon\n|-damage|p2a: Empoleon|68\/100\n|-boost|p1a: Skull Kid|spe|1\n|move|p2a: Empoleon|Flash Cannon|p1a: Skull Kid\n|-resisted|p1a: Skull Kid\n|-damage|p1a: Skull Kid|40\/100\n|\n|-heal|p2a: Empoleon|74\/100|[from] item: Leftovers\n|upkeep\n|turn|11\n|\n|t:|1699592232\n|move|p1a: Skull Kid|Superpower|p2a: Empoleon\n|-supereffective|p2a: Empoleon\n|-damage|p2a: Empoleon|0 fnt\n|-unboost|p1a: Skull Kid|atk|1\n|-unboost|p1a: Skull Kid|def|1\n|faint|p2a: Empoleon\n|\n|upkeep\n|\n|t:|1699592292\n|switch|p2a: Gengar|Gengar, M|100\/100\n|turn|12\n|\n|t:|1699592313\n|move|p1a: Skull Kid|Ivy Cudgel|p2a: Gengar\n|-damage|p2a: Gengar|14\/100\n|-start|p1a: Skull Kid|Disable|Ivy Cudgel|[from] ability: Cursed Body|[of] p2a: Gengar\n|move|p2a: Gengar|Will-O-Wisp|p1a: Skull Kid\n|-status|p1a: Skull Kid|brn\n|\n|-damage|p1a: Skull Kid|34\/100 brn|[from] brn\n|upkeep\n|turn|13\n|\n|t:|1699592457\n|switch|p1a: Hax \"R\" Us|Haxorus, F|100\/100\n|-ability|p1a: Hax \"R\" Us|Mold Breaker\n|move|p2a: Gengar|Hex|p1a: Hax \"R\" Us\n|-damage|p1a: Hax \"R\" Us|55\/100\n|\n|upkeep\n|turn|14\n|\n|t:|1699592492\n|move|p2a: Gengar|Protect|p2a: Gengar\n|-singleturn|p2a: Gengar|Protect\n|move|p1a: Hax \"R\" Us|Scale Shot|p2a: Gengar\n|-activate|p2a: Gengar|move: Protect\n|\n|upkeep\n|turn|15\n|\n|t:|1699592535\n|move|p2a: Gengar|Sludge Bomb|p1a: Hax \"R\" Us\n|-damage|p1a: Hax \"R\" Us|0 fnt\n|faint|p1a: Hax \"R\" Us\n|\n|upkeep\n|\n|t:|1699592543\n|switch|p1a: Shadowlord|Darkrai|91\/100\n|turn|16\n|\n|t:|1699592598\n|move|p2a: Gengar|Protect|p2a: Gengar\n|-singleturn|p2a: Gengar|Protect\n|move|p1a: Shadowlord|Dark Pulse|p2a: Gengar\n|-activate|p2a: Gengar|move: Protect\n|\n|upkeep\n|turn|17\n|\n|t:|1699592615\n|move|p1a: Shadowlord|Dark Pulse|p2a: Gengar\n|-supereffective|p2a: Gengar\n|-damage|p2a: Gengar|0 fnt\n|-start|p1a: Shadowlord|Disable|Dark Pulse|[from] ability: Cursed Body|[of] p2a: Gengar\n|faint|p2a: Gengar\n|-damage|p1a: Shadowlord|81\/100|[from] item: Life Orb\n|\n|upkeep\n|\n|t:|1699592641\n|switch|p2a: Armarouge|Armarouge, F|50\/100\n|turn|18\n|\n|t:|1699592695\n|switch|p1a: Skull Kid|Ogerpon-Wellspring-Tera, F, tera:Water|34\/100 brn\n|-ability|p1a: Skull Kid|Embody Aspect (Wellspring)|boost\n|-boost|p1a: Skull Kid|spd|1\n|move|p2a: Armarouge|Flamethrower|p1a: Skull Kid\n|-resisted|p1a: Skull Kid\n|-damage|p1a: Skull Kid|13\/100 brn\n|\n|-damage|p1a: Skull Kid|7\/100 brn|[from] brn\n|upkeep\n|turn|19\n|\n|t:|1699592759\n|move|p1a: Skull Kid|Ivy Cudgel|p2a: Armarouge\n|-supereffective|p2a: Armarouge\n|-crit|p2a: Armarouge\n|-damage|p2a: Armarouge|0 fnt\n|faint|p2a: Armarouge\n|\n|-damage|p1a: Skull Kid|1\/100 brn|[from] brn\n|upkeep\n|\n|t:|1699592797\n|switch|p2a: Garchomp|Garchomp, F|100\/100\n|turn|20\n|\n|t:|1699592809\n|switch|p1a: Doug Dimmadome|Weezing-Galar, M|90\/100\n|move|p2a: Garchomp|Earthquake|p1a: Doug Dimmadome\n|-immune|p1a: Doug Dimmadome|[from] ability: Levitate\n|\n|upkeep\n|turn|21\n|\n|t:|1699592825\n|switch|p2a: Iron Hands|Iron Hands|60\/100\n|move|p1a: Doug Dimmadome|Will-O-Wisp|p2a: Iron Hands\n|-status|p2a: Iron Hands|brn\n|\n|-damage|p2a: Iron Hands|54\/100 brn|[from] brn\n|upkeep\n|turn|22\n|c|\u2606SiG_GM|I think\n|c|\u2606SiG_GM|I just lost\n|c|\u2606SiG_GM|Because I thought Weezing was carrying Neutralizing Gas\n|\n|t:|1699592874\n|move|p1a: Doug Dimmadome|Strange Steam|p2a: Iron Hands\n|-supereffective|p2a: Iron Hands\n|-damage|p2a: Iron Hands|7\/100 brn\n|move|p2a: Iron Hands|Drain Punch|p1a: Doug Dimmadome\n|-resisted|p1a: Doug Dimmadome\n|-damage|p1a: Doug Dimmadome|87\/100\n|-heal|p2a: Iron Hands|8\/100 brn|[from] drain|[of] p1a: Doug Dimmadome\n|-damage|p2a: Iron Hands|0 fnt|[from] item: Rocky Helmet|[of] p1a: Doug Dimmadome\n|faint|p2a: Iron Hands\n|-end|p2a: Iron Hands|Quark Drive|[silent]\n|\n|upkeep\n|\n|t:|1699592884\n|switch|p2a: Garchomp|Garchomp, F|100\/100\n|turn|23\n|\n|t:|1699592917\n|move|p2a: Garchomp|Iron Head|p1a: Doug Dimmadome\n|-supereffective|p1a: Doug Dimmadome\n|-damage|p1a: Doug Dimmadome|50\/100\n|-damage|p2a: Garchomp|84\/100|[from] item: Rocky Helmet|[of] p1a: Doug Dimmadome\n|move|p1a: Doug Dimmadome|Strange Steam|p2a: Garchomp\n|-supereffective|p2a: Garchomp\n|-damage|p2a: Garchomp|21\/100\n|\n|upkeep\n|turn|24\n|\n|t:|1699592926\n|move|p2a: Garchomp|Iron Head|p1a: Doug Dimmadome\n|-supereffective|p1a: Doug Dimmadome\n|-damage|p1a: Doug Dimmadome|15\/100\n|-damage|p2a: Garchomp|5\/100|[from] item: Rocky Helmet|[of] p1a: Doug Dimmadome\n|cant|p1a: Doug Dimmadome|flinch\n|\n|upkeep\n|turn|25\n|\n|t:|1699592940\n|switch|p1a: Annie of the Stars|Jirachi|100\/100\n|move|p2a: Garchomp|Iron Head|p1a: Annie of the Stars\n|-resisted|p1a: Annie of the Stars\n|-damage|p1a: Annie of the Stars|87\/100\n|\n|upkeep\n|turn|26\n|\n|t:|1699592953\n|move|p2a: Garchomp|Iron Head|p1a: Annie of the Stars\n|-resisted|p1a: Annie of the Stars\n|-damage|p1a: Annie of the Stars|74\/100\n|move|p1a: Annie of the Stars|Iron Head|p2a: Garchomp\n|-damage|p2a: Garchomp|0 fnt\n|-damage|p1a: Annie of the Stars|61\/100|[from] ability: Rough Skin|[of] p2a: Garchomp\n|faint|p2a: Garchomp\n|\n|win|kayjulers\n|c|\u2606kayjulers|gg dude\n|c|\u2606SiG_GM|Gg\n","uploadtime":1699592960,"views":43,"p1id":"kayjulers","p2id":"siggm","formatid":"gen9ubers","rating":0,"private":0,"password":""}