{"id":"gen9ubers-1985281916","p1":"CheesyLemming","p2":"Biffo Banana","format":"[Gen 9] Ubers","log":"|j|\u2606CheesyLemming\n|j|\u2606Biffo Banana\n|t:|1699359650\n|gametype|singles\n|player|p1|CheesyLemming|sage|\n|player|p2|Biffo Banana|volo|\n|teamsize|p1|6\n|teamsize|p2|6\n|gen|9\n|tier|[Gen 9] Ubers\n|rule|Sleep Clause Mod: Limit one foe put to sleep\n|rule|Species Clause: Limit one of each Pok\u00e9mon\n|rule|OHKO Clause: OHKO moves are banned\n|rule|Evasion Items Clause: Evasion items are banned\n|rule|Evasion Moves Clause: Evasion moves are banned\n|rule|Endless Battle Clause: Forcing endless battles is banned\n|rule|HP Percentage Mod: HP is shown in percentages\n|clearpoke\n|poke|p1|Ursaluna-Bloodmoon, M|\n|poke|p1|Sinistcha|\n|poke|p1|Mewtwo|\n|poke|p1|Annihilape, M|\n|poke|p1|Kingambit, M|\n|poke|p1|Palafin, M|\n|poke|p2|Iron Valiant|\n|poke|p2|Samurott-Hisui, F|\n|poke|p2|Gholdengo|\n|poke|p2|Zoroark-Hisui, F|\n|poke|p2|Zapdos|\n|poke|p2|Gliscor, F|\n|teampreview\n|\n|t:|1699359793\n|start\n|switch|p1a: Mewtwo|Mewtwo|100\/100\n|switch|p2a: Glischemer|Gliscor, F|100\/100\n|-ability|p1a: Mewtwo|Unnerve\n|turn|1\n|\n|t:|1699359811\n|move|p1a: Mewtwo|Psychic|p2a: Glischemer\n|-crit|p2a: Glischemer\n|-damage|p2a: Glischemer|31\/100\n|move|p2a: Glischemer|Knock Off|p1a: Mewtwo\n|-supereffective|p1a: Mewtwo\n|-damage|p1a: Mewtwo|59\/100\n|-enditem|p1a: Mewtwo|Heavy-Duty Boots|[from] move: Knock Off|[of] p2a: Glischemer\n|\n|-status|p2a: Glischemer|tox|[from] item: Toxic Orb\n|upkeep\n|turn|2\n|\n|t:|1699359847\n|switch|p2a: Samurotten|Samurott-Hisui, F|100\/100\n|move|p1a: Mewtwo|Energy Ball|p2a: Samurotten\n|-supereffective|p2a: Samurotten\n|-damage|p2a: Samurotten|0 fnt\n|faint|p2a: Samurotten\n|\n|upkeep\n|\n|t:|1699359853\n|switch|p2a: Gholdemon|Gholdengo|100\/100\n|turn|3\n|\n|t:|1699359861\n|move|p1a: Mewtwo|Flamethrower|p2a: Gholdemon\n|-supereffective|p2a: Gholdemon\n|-damage|p2a: Gholdemon|39\/100\n|move|p2a: Gholdemon|Shadow Ball|p1a: Mewtwo\n|-supereffective|p1a: Mewtwo\n|-damage|p1a: Mewtwo|0 fnt\n|faint|p1a: Mewtwo\n|\n|upkeep\n|\n|t:|1699359884\n|switch|p1a: Palafin|Palafin, M|100\/100\n|turn|4\n|\n|t:|1699359894\n|-terastallize|p1a: Palafin|Water\n|move|p1a: Palafin|Jet Punch|p2a: Gholdemon\n|-damage|p2a: Gholdemon|0 fnt\n|faint|p2a: Gholdemon\n|\n|upkeep\n|\n|t:|1699359902\n|switch|p2a: Zapdevious|Zapdos|100\/100\n|turn|5\n|\n|t:|1699359906\n|detailschange|p1a: Palafin|Palafin-Hero, M, tera:Water\n|switch|p1a: Ursaluna|Ursaluna-Bloodmoon, M|100\/100\n|move|p2a: Zapdevious|Hurricane|p1a: Ursaluna\n|-crit|p1a: Ursaluna\n|-damage|p1a: Ursaluna|53\/100\n|\n|upkeep\n|turn|6\n|\n|t:|1699359929\n|move|p2a: Zapdevious|Hurricane|p1a: Ursaluna\n|-damage|p1a: Ursaluna|17\/100\n|move|p1a: Ursaluna|Blood Moon|p2a: Zapdevious\n|-damage|p2a: Zapdevious|27\/100\n|\n|upkeep\n|turn|7\n|\n|t:|1699359946\n|switch|p1a: Kingambit|Kingambit, M|100\/100\n|-activate|p1a: Kingambit|ability: Supreme Overlord\n|-start|p1a: Kingambit|fallen1|[silent]\n|move|p2a: Zapdevious|Heat Wave|p1a: Kingambit\n|-supereffective|p1a: Kingambit\n|-damage|p1a: Kingambit|52\/100\n|\n|upkeep\n|turn|8\n|\n|t:|1699359954\n|move|p2a: Zapdevious|Roost|p2a: Zapdevious\n|-heal|p2a: Zapdevious|77\/100\n|-singleturn|p2a: Zapdevious|move: Roost\n|move|p1a: Kingambit|Swords Dance|p1a: Kingambit\n|-boost|p1a: Kingambit|atk|2\n|\n|upkeep\n|turn|9\n|\n|t:|1699359968\n|move|p2a: Zapdevious|Heat Wave|p1a: Kingambit\n|-supereffective|p1a: Kingambit\n|-damage|p1a: Kingambit|0 fnt\n|faint|p1a: Kingambit\n|-end|p1a: Kingambit|fallen1|[silent]\n|\n|upkeep\n|\n|t:|1699359976\n|switch|p1a: Palafin|Palafin-Hero, M, tera:Water|100\/100\n|-activate|p1a: Palafin|ability: Zero to Hero\n|turn|10\n|\n|t:|1699359982\n|move|p2a: Zapdevious|Volt Switch|p1a: Palafin\n|-supereffective|p1a: Palafin\n|-damage|p1a: Palafin|34\/100\n|\n|t:|1699359988\n|switch|p2a: Glischemer|Gliscor, F|31\/100 tox|[from] Volt Switch\n|move|p1a: Palafin|Ice Punch|p2a: Glischemer\n|-supereffective|p2a: Glischemer\n|-damage|p2a: Glischemer|0 fnt\n|faint|p2a: Glischemer\n|\n|upkeep\n|\n|t:|1699359996\n|switch|p2a: Zapdevious|Zapdos|77\/100\n|turn|11\n|\n|t:|1699360031\n|switch|p1a: Ursaluna|Ursaluna-Bloodmoon, M|17\/100\n|move|p2a: Zapdevious|Hurricane|p1a: Ursaluna\n|-damage|p1a: Ursaluna|0 fnt\n|faint|p1a: Ursaluna\n|\n|upkeep\n|\n|t:|1699360038\n|switch|p1a: Palafin|Palafin-Hero, M, tera:Water|34\/100\n|turn|12\n|\n|t:|1699360043\n|move|p1a: Palafin|Jet Punch|p2a: Zapdevious\n|-damage|p2a: Zapdevious|5\/100\n|move|p2a: Zapdevious|Volt Switch|p1a: Palafin\n|-supereffective|p1a: Palafin\n|-damage|p1a: Palafin|0 fnt\n|faint|p1a: Palafin\n|\n|t:|1699360052\n|switch|p2a: Iron Villain|Iron Valiant, shiny|100\/100|[from] Volt Switch\n|\n|upkeep\n|\n|t:|1699360060\n|switch|p1a: Sinistcha|Sinistcha, shiny|100\/100\n|turn|13\n|\n|t:|1699360081\n|move|p2a: Iron Villain|Shadow Ball|p1a: Sinistcha\n|-supereffective|p1a: Sinistcha\n|-damage|p1a: Sinistcha|0 fnt\n|faint|p1a: Sinistcha\n|\n|upkeep\n|\n|t:|1699360085\n|switch|p1a: Big eater|Annihilape, M|100\/100\n|turn|14\n|\n|t:|1699360094\n|move|p2a: Iron Villain|Shadow Ball|p1a: Big eater\n|-supereffective|p1a: Big eater\n|-damage|p1a: Big eater|41\/100\n|move|p1a: Big eater|Rage Fist|p2a: Iron Villain\n|-immune|p2a: Iron Villain\n|\n|-heal|p1a: Big eater|47\/100|[from] item: Leftovers\n|upkeep\n|turn|15\n|-message|CheesyLemming forfeited.\n|\n|win|Biffo Banana\n|l|\u2606CheesyLemming\n","uploadtime":1699360107,"views":7,"p1id":"cheesylemming","p2id":"biffobanana","formatid":"gen9ubers","rating":0,"private":0,"password":""}