{"id":"gen9ubers-1982862198","p1":"KaiserreduxFan","p2":"Theminals","format":"[Gen 9] Ubers","log":"|j|\u2606KaiserreduxFan\n|j|\u2606Theminals\n|t:|1699052384\n|gametype|singles\n|player|p1|KaiserreduxFan|lucas|\n|player|p2|Theminals|depotagent|\n|teamsize|p1|6\n|teamsize|p2|6\n|gen|9\n|tier|[Gen 9] Ubers\n|rule|Sleep Clause Mod: Limit one foe put to sleep\n|rule|Species Clause: Limit one of each Pok\u00e9mon\n|rule|OHKO Clause: OHKO moves are banned\n|rule|Evasion Items Clause: Evasion items are banned\n|rule|Evasion Moves Clause: Evasion moves are banned\n|rule|Endless Battle Clause: Forcing endless battles is banned\n|rule|HP Percentage Mod: HP is shown in percentages\n|clearpoke\n|poke|p1|Pelipper, M|\n|poke|p1|Basculegion-F, F|\n|poke|p1|Thundurus-Therian, M|\n|poke|p1|Zacian-*|\n|poke|p1|Palkia-Origin|\n|poke|p1|Arceus-Grass|\n|poke|p2|Magearna|\n|poke|p2|Palkia-Origin|\n|poke|p2|Zacian-*|\n|poke|p2|Urshifu-*, F|\n|poke|p2|Giratina|\n|poke|p2|Chi-Yu|\n|teampreview\n|inactive|Battle timer is ON: inactive players will automatically lose when time's up. (requested by KaiserreduxFan)\n|c|\u2606KaiserreduxFan|hf\n|c|\u2606Theminals|glhf\n|\n|t:|1699052400\n|start\n|switch|p1a: Pelipper|Pelipper, M|100\/100\n|switch|p2a: Magearna|Magearna|100\/100\n|-weather|RainDance|[from] ability: Drizzle|[of] p1a: Pelipper\n|turn|1\n|\n|t:|1699052409\n|switch|p1a: Arceus|Arceus-Grass|100\/100\n|move|p2a: Magearna|Volt Switch|p1a: Arceus\n|-resisted|p1a: Arceus\n|-crit|p1a: Arceus\n|-damage|p1a: Arceus|87\/100\n|\n|t:|1699052425\n|switch|p2a: Urshifu|Urshifu, F|100\/100|[from] Volt Switch\n|\n|-weather|RainDance|[upkeep]\n|upkeep\n|turn|2\n|\n|t:|1699052440\n|move|p1a: Arceus|Judgment|p2a: Urshifu\n|-damage|p2a: Urshifu|27\/100\n|move|p2a: Urshifu|Wicked Blow|p1a: Arceus\n|-crit|p1a: Arceus\n|-damage|p1a: Arceus|38\/100\n|-damage|p2a: Urshifu|18\/100|[from] item: Life Orb\n|\n|-weather|RainDance|[upkeep]\n|upkeep\n|turn|3\n|\n|t:|1699052454\n|switch|p2a: Giratina|Giratina|100\/100\n|-ability|p2a: Giratina|Pressure\n|move|p1a: Arceus|Recover|p1a: Arceus\n|-heal|p1a: Arceus|88\/100\n|\n|-weather|RainDance|[upkeep]\n|upkeep\n|turn|4\n|\n|t:|1699052462\n|switch|p1a: Palkia|Palkia-Origin|100\/100\n|-ability|p1a: Palkia|Pressure\n|move|p2a: Giratina|Thunder Wave|p1a: Palkia\n|-status|p1a: Palkia|par\n|\n|-weather|RainDance|[upkeep]\n|upkeep\n|turn|5\n|\n|t:|1699052468\n|move|p2a: Giratina|Draco Meteor|p1a: Palkia\n|-supereffective|p1a: Palkia\n|-damage|p1a: Palkia|23\/100 par\n|-unboost|p2a: Giratina|spa|2\n|move|p1a: Palkia|Hydro Pump|p2a: Giratina\n|-resisted|p2a: Giratina\n|-damage|p2a: Giratina|71\/100\n|\n|-weather|RainDance|[upkeep]\n|-heal|p2a: Giratina|77\/100|[from] item: Leftovers\n|upkeep\n|turn|6\n|\n|t:|1699052477\n|switch|p2a: Magearna|Magearna|100\/100\n|move|p1a: Palkia|Spacial Rend|p2a: Magearna\n|-immune|p2a: Magearna\n|\n|-weather|RainDance|[upkeep]\n|upkeep\n|turn|7\n|\n|t:|1699052485\n|cant|p1a: Palkia|par\n|move|p2a: Magearna|Fleur Cannon|p1a: Palkia\n|-supereffective|p1a: Palkia\n|-damage|p1a: Palkia|0 fnt\n|-unboost|p2a: Magearna|spa|2\n|faint|p1a: Palkia\n|-ability|p2a: Magearna|Soul-Heart|boost\n|-boost|p2a: Magearna|spa|1\n|\n|-weather|RainDance|[upkeep]\n|upkeep\n|\n|t:|1699052491\n|switch|p1a: Arceus|Arceus-Grass|88\/100\n|turn|8\n|\n|t:|1699052495\n|move|p1a: Arceus|Calm Mind|p1a: Arceus\n|-boost|p1a: Arceus|spa|1\n|-boost|p1a: Arceus|spd|1\n|move|p2a: Magearna|Volt Switch|p1a: Arceus\n|-resisted|p1a: Arceus\n|-damage|p1a: Arceus|84\/100\n|\n|t:|1699052501\n|switch|p2a: Palkia|Palkia-Origin|100\/100|[from] Volt Switch\n|-ability|p2a: Palkia|Pressure\n|\n|-weather|none\n|upkeep\n|turn|9\n|\n|t:|1699052506\n|move|p1a: Arceus|Recover|p1a: Arceus\n|-heal|p1a: Arceus|100\/100\n|move|p2a: Palkia|Roar|p1a: Arceus\n|drag|p1a: Pelipper|Pelipper, M|100\/100\n|-weather|RainDance|[from] ability: Drizzle|[of] p1a: Pelipper\n|\n|-weather|RainDance|[upkeep]\n|upkeep\n|turn|10\n|\n|t:|1699052513\n|switch|p1a: Arceus|Arceus-Grass|100\/100\n|move|p2a: Palkia|Spacial Rend|p1a: Arceus\n|-crit|p1a: Arceus\n|-damage|p1a: Arceus|37\/100\n|\n|-weather|RainDance|[upkeep]\n|upkeep\n|turn|11\n|\n|t:|1699052515\n|move|p2a: Palkia|Spacial Rend|p1a: Arceus\n|-damage|p1a: Arceus|0 fnt\n|faint|p1a: Arceus\n|\n|-weather|RainDance|[upkeep]\n|upkeep\n|\n|t:|1699052520\n|switch|p1a: Zacian|Zacian|100\/100\n|-ability|p1a: Zacian|Intrepid Sword|boost\n|-boost|p1a: Zacian|atk|1\n|turn|12\n|\n|t:|1699052535\n|move|p1a: Zacian|Play Rough|p2a: Palkia\n|-supereffective|p2a: Palkia\n|-damage|p2a: Palkia|0 fnt\n|faint|p2a: Palkia\n|\n|-weather|RainDance|[upkeep]\n|upkeep\n|\n|t:|1699052542\n|switch|p2a: Zacian|Zacian|100\/100\n|-ability|p2a: Zacian|Intrepid Sword|boost\n|-boost|p2a: Zacian|atk|1\n|turn|13\n|\n|t:|1699052545\n|move|p1a: Zacian|Trailblaze|p2a: Zacian\n|-damage|p2a: Zacian|76\/100\n|-boost|p1a: Zacian|spe|1\n|move|p2a: Zacian|Iron Head|p1a: Zacian\n|-supereffective|p1a: Zacian\n|-damage|p1a: Zacian|0 fnt\n|faint|p1a: Zacian\n|\n|-weather|RainDance|[upkeep]\n|upkeep\n|\n|t:|1699052553\n|switch|p1a: Basculegion|Basculegion-F, F|100\/100\n|turn|14\n|inactive|KaiserreduxFan has 270 seconds left.\n|\n|t:|1699052611\n|switch|p2a: Giratina|Giratina|77\/100\n|-ability|p2a: Giratina|Pressure\n|move|p1a: Basculegion|Last Respects|p2a: Giratina\n|-supereffective|p2a: Giratina\n|-damage|p2a: Giratina|0 fnt\n|faint|p2a: Giratina\n|\n|-weather|RainDance|[upkeep]\n|upkeep\n|\n|t:|1699052620\n|switch|p2a: Urshifu|Urshifu, F|18\/100\n|turn|15\n|\n|t:|1699052625\n|switch|p1a: Thundurus|Thundurus-Therian, M|100\/100\n|move|p2a: Urshifu|Sucker Punch||[still]\n|-fail|p2a: Urshifu\n|\n|-weather|RainDance|[upkeep]\n|upkeep\n|turn|16\n|\n|t:|1699052632\n|switch|p2a: Magearna|Magearna|100\/100\n|move|p1a: Thundurus|Weather Ball|p2a: Magearna\n|-damage|p2a: Magearna|63\/100\n|-damage|p1a: Thundurus|91\/100|[from] item: Life Orb\n|\n|-weather|none\n|upkeep\n|turn|17\n|\n|t:|1699052637\n|move|p1a: Thundurus|Thunder|p2a: Magearna\n|-damage|p2a: Magearna|15\/100\n|-status|p2a: Magearna|par\n|-damage|p1a: Thundurus|81\/100|[from] item: Life Orb\n|move|p2a: Magearna|Ice Beam|p1a: Thundurus\n|-supereffective|p1a: Thundurus\n|-damage|p1a: Thundurus|0 fnt\n|faint|p1a: Thundurus\n|-ability|p2a: Magearna|Soul-Heart|boost\n|-boost|p2a: Magearna|spa|1\n|\n|upkeep\n|inactive|KaiserreduxFan has 270 seconds left.\n|\n|t:|1699052649\n|switch|p1a: Pelipper|Pelipper, M|100\/100\n|-weather|RainDance|[from] ability: Drizzle|[of] p1a: Pelipper\n|turn|18\n|\n|t:|1699052655\n|move|p1a: Pelipper|Hurricane|p2a: Magearna\n|-resisted|p2a: Magearna\n|-damage|p2a: Magearna|4\/100 par\n|move|p2a: Magearna|Volt Switch|p1a: Pelipper\n|-supereffective|p1a: Pelipper\n|-damage|p1a: Pelipper|0 fnt\n|faint|p1a: Pelipper\n|-ability|p2a: Magearna|Soul-Heart|boost\n|-boost|p2a: Magearna|spa|1\n|j| nuclear_burrito\n|\n|t:|1699052659\n|switch|p2a: Urshifu|Urshifu, F|18\/100|[from] Volt Switch\n|\n|-weather|RainDance|[upkeep]\n|upkeep\n|l| nuclear_burrito\n|inactive|KaiserreduxFan has 270 seconds left.\n|\n|t:|1699052675\n|switch|p1a: Basculegion|Basculegion-F, F|100\/100\n|turn|19\n|\n|t:|1699052685\n|switch|p2a: Magearna|Magearna|4\/100 par\n|-terastallize|p1a: Basculegion|Water\n|move|p1a: Basculegion|Last Respects|p2a: Magearna\n|-damage|p2a: Magearna|0 fnt\n|faint|p2a: Magearna\n|\n|-weather|RainDance|[upkeep]\n|upkeep\n|\n|t:|1699052705\n|switch|p2a: Urshifu|Urshifu, F|18\/100\n|turn|20\n|\n|t:|1699052710\n|-terastallize|p2a: Urshifu|Dark\n|move|p2a: Urshifu|Sucker Punch|p1a: Basculegion\n|-damage|p1a: Basculegion|15\/100\n|-damage|p2a: Urshifu|8\/100|[from] item: Life Orb\n|move|p1a: Basculegion|Last Respects|p2a: Urshifu\n|-resisted|p2a: Urshifu\n|-damage|p2a: Urshifu|0 fnt\n|faint|p2a: Urshifu\n|\n|-weather|RainDance|[upkeep]\n|upkeep\n|\n|t:|1699052723\n|switch|p2a: Zacian|Zacian|76\/100\n|turn|21\n|\n|t:|1699052725\n|move|p1a: Basculegion|Last Respects|p2a: Zacian\n|-damage|p2a: Zacian|0 fnt\n|faint|p2a: Zacian\n|\n|-weather|RainDance|[upkeep]\n|upkeep\n|\n|t:|1699052728\n|switch|p2a: Chi-Yu|Chi-Yu|100\/100\n|-ability|p2a: Chi-Yu|Beads of Ruin\n|turn|22\n|\n|t:|1699052732\n|move|p1a: Basculegion|Last Respects|p2a: Chi-Yu\n|-resisted|p2a: Chi-Yu\n|-damage|p2a: Chi-Yu|0 fnt\n|faint|p2a: Chi-Yu\n|\n|win|KaiserreduxFan\n|c|\u2606KaiserreduxFan|gg\n|c|\u2606Theminals|gg\n|j| nuclear_burrito\n|l|\u2606KaiserreduxFan\n|l|\u2606Theminals\n|l| nuclear_burrito\n|j|\u2606KaiserreduxFan\n|player|p1|KaiserreduxFan|lucas\n","uploadtime":1699052751,"views":26,"p1id":"kaiserreduxfan","p2id":"theminals","formatid":"gen9ubers","rating":0,"private":0,"password":""}