{"id":"gen9ubers-1981910810","p1":"nahmio","p2":"FigurativeIQ","format":"[Gen 9] Ubers","log":"|j|\u2606nahmio\n|j|\u2606FigurativeIQ\n|t:|1698950999\n|gametype|singles\n|player|p1|nahmio|battlegirl-gen4|\n|player|p2|FigurativeIQ|ballguy|\n|teamsize|p1|6\n|teamsize|p2|6\n|gen|9\n|tier|[Gen 9] Ubers\n|rule|Sleep Clause Mod: Limit one foe put to sleep\n|rule|Species Clause: Limit one of each Pok\u00e9mon\n|rule|OHKO Clause: OHKO moves are banned\n|rule|Evasion Items Clause: Evasion items are banned\n|rule|Evasion Moves Clause: Evasion moves are banned\n|rule|Endless Battle Clause: Forcing endless battles is banned\n|rule|HP Percentage Mod: HP is shown in percentages\n|clearpoke\n|poke|p1|Enamorus, F|\n|poke|p1|Tinkaton, F|\n|poke|p1|Baxcalibur, F|\n|poke|p1|Volcanion|\n|poke|p1|Kingambit, M|\n|poke|p1|Glastrier|\n|poke|p2|Clodsire, F|\n|poke|p2|Quaquaval, F|\n|poke|p2|Quagsire, M|\n|poke|p2|Kleavor, M|\n|poke|p2|Dudunsparce-*, F|\n|poke|p2|Klefki, M|\n|teampreview\n|j| thesunthesunthesun\n|j| Karpsy\n|j| coldgiga\n|\n|t:|1698951025\n|start\n|switch|p1a: rabies|Tinkaton, F|100\/100\n|switch|p2a: Axe Body Spray|Kleavor, M|100\/100\n|-ability|p1a: rabies|Mold Breaker\n|turn|1\n|\n|t:|1698951102\n|move|p2a: Axe Body Spray|Stone Axe|p1a: rabies\n|-resisted|p1a: rabies\n|-damage|p1a: rabies|72\/100\n|-sidestart|p1: nahmio|move: Stealth Rock\n|move|p1a: rabies|Stealth Rock|p2a: Axe Body Spray\n|-sidestart|p2: FigurativeIQ|move: Stealth Rock\n|\n|-heal|p1a: rabies|78\/100|[from] item: Leftovers\n|upkeep\n|turn|2\n|\n|t:|1698951173\n|move|p2a: Axe Body Spray|U-turn|p1a: rabies\n|-resisted|p1a: rabies\n|-damage|p1a: rabies|67\/100\n|\n|t:|1698951189\n|switch|p2a: Keys Yourself|Klefki, M|100\/100|[from] U-turn\n|-damage|p2a: Keys Yourself|95\/100|[from] Stealth Rock\n|move|p1a: rabies|Light Screen|p1a: rabies\n|-sidestart|p1: nahmio|move: Light Screen\n|\n|-heal|p1a: rabies|74\/100|[from] item: Leftovers\n|upkeep\n|turn|3\n|\n|t:|1698951209\n|switch|p1a: i LOVE HERRR|Enamorus, F|100\/100\n|-damage|p1a: i LOVE HERRR|76\/100|[from] Stealth Rock\n|move|p2a: Keys Yourself|Reflect|p2a: Keys Yourself\n|-sidestart|p2: FigurativeIQ|Reflect\n|\n|upkeep\n|turn|4\n|\n|t:|1698951236\n|move|p2a: Keys Yourself|Light Screen|p2a: Keys Yourself\n|-sidestart|p2: FigurativeIQ|move: Light Screen\n|move|p1a: i LOVE HERRR|Earth Power|p2a: Keys Yourself\n|-supereffective|p2a: Keys Yourself\n|-damage|p2a: Keys Yourself|70\/100\n|\n|upkeep\n|turn|5\n|\n|t:|1698951243\n|move|p1a: i LOVE HERRR|Superpower|p2a: Keys Yourself\n|-damage|p2a: Keys Yourself|52\/100\n|-boost|p1a: i LOVE HERRR|atk|1\n|-boost|p1a: i LOVE HERRR|def|1\n|move|p2a: Keys Yourself|Flash Cannon|p1a: i LOVE HERRR\n|-supereffective|p1a: i LOVE HERRR\n|-damage|p1a: i LOVE HERRR|57\/100\n|\n|upkeep\n|turn|6\n|\n|t:|1698951254\n|move|p2a: Keys Yourself|Thunder Wave|p1a: i LOVE HERRR\n|-status|p1a: i LOVE HERRR|par\n|cant|p1a: i LOVE HERRR|par\n|\n|-sideend|p1: nahmio|move: Light Screen\n|upkeep\n|turn|7\n|\n|t:|1698951273\n|move|p2a: Keys Yourself|Flash Cannon|p1a: i LOVE HERRR\n|-supereffective|p1a: i LOVE HERRR\n|-damage|p1a: i LOVE HERRR|18\/100 par\n|move|p1a: i LOVE HERRR|Mystical Fire|p2a: Keys Yourself\n|-supereffective|p2a: Keys Yourself\n|-damage|p2a: Keys Yourself|33\/100\n|-unboost|p2a: Keys Yourself|spa|1\n|\n|upkeep\n|turn|8\n|\n|t:|1698951285\n|move|p2a: Keys Yourself|Flash Cannon|p1a: i LOVE HERRR\n|-supereffective|p1a: i LOVE HERRR\n|-damage|p1a: i LOVE HERRR|0 fnt\n|faint|p1a: i LOVE HERRR\n|\n|upkeep\n|\n|t:|1698951303\n|switch|p1a: rabies|Tinkaton, F|74\/100\n|-damage|p1a: rabies|67\/100|[from] Stealth Rock\n|-ability|p1a: rabies|Mold Breaker\n|turn|9\n|\n|t:|1698951315\n|move|p2a: Keys Yourself|Thunder Wave|p1a: rabies\n|-status|p1a: rabies|par\n|move|p1a: rabies|Reflect|p1a: rabies\n|-sidestart|p1: nahmio|Reflect\n|\n|-heal|p1a: rabies|74\/100 par|[from] item: Leftovers\n|upkeep\n|turn|10\n|\n|t:|1698951343\n|switch|p2a: Brain?|Quagsire, M|100\/100\n|-damage|p2a: Brain?|94\/100|[from] Stealth Rock\n|move|p1a: rabies|Light Screen|p1a: rabies\n|-sidestart|p1: nahmio|move: Light Screen\n|\n|-heal|p1a: rabies|80\/100 par|[from] item: Leftovers\n|-heal|p2a: Brain?|100\/100|[from] item: Leftovers\n|-sideend|p2: FigurativeIQ|Reflect\n|upkeep\n|turn|11\n|\n|t:|1698951355\n|move|p1a: rabies|Stealth Rock||[still]\n|-fail|p1a: rabies\n|move|p2a: Brain?|Curse|p2a: Brain?\n|-unboost|p2a: Brain?|spe|1\n|-boost|p2a: Brain?|atk|1\n|-boost|p2a: Brain?|def|1\n|\n|-heal|p1a: rabies|86\/100 par|[from] item: Leftovers\n|-sideend|p2: FigurativeIQ|move: Light Screen\n|upkeep\n|turn|12\n|\n|t:|1698951399\n|switch|p1a: slowest horse|Glastrier|100\/100\n|-damage|p1a: slowest horse|76\/100|[from] Stealth Rock\n|move|p2a: Brain?|Curse|p2a: Brain?\n|-unboost|p2a: Brain?|spe|1\n|-boost|p2a: Brain?|atk|1\n|-boost|p2a: Brain?|def|1\n|\n|-heal|p1a: slowest horse|82\/100|[from] item: Leftovers\n|upkeep\n|turn|13\n|\n|t:|1698951473\n|move|p1a: slowest horse|High Horsepower|p2a: Brain?\n|-damage|p2a: Brain?|88\/100\n|move|p2a: Brain?|Curse|p2a: Brain?\n|-unboost|p2a: Brain?|spe|1\n|-boost|p2a: Brain?|atk|1\n|-boost|p2a: Brain?|def|1\n|\n|-heal|p1a: slowest horse|88\/100|[from] item: Leftovers\n|-heal|p2a: Brain?|94\/100|[from] item: Leftovers\n|-sideend|p1: nahmio|Reflect\n|upkeep\n|turn|14\n|\n|t:|1698951489\n|move|p1a: slowest horse|Close Combat|p2a: Brain?\n|-damage|p2a: Brain?|82\/100\n|-unboost|p1a: slowest horse|def|1\n|-unboost|p1a: slowest horse|spd|1\n|move|p2a: Brain?|Curse|p2a: Brain?\n|-unboost|p2a: Brain?|spe|1\n|-boost|p2a: Brain?|atk|1\n|-boost|p2a: Brain?|def|1\n|\n|-heal|p1a: slowest horse|94\/100|[from] item: Leftovers\n|-heal|p2a: Brain?|88\/100|[from] item: Leftovers\n|-sideend|p1: nahmio|move: Light Screen\n|upkeep\n|turn|15\n|\n|t:|1698951520\n|move|p1a: slowest horse|High Horsepower|p2a: Brain?\n|-damage|p2a: Brain?|81\/100\n|move|p2a: Brain?|Curse|p2a: Brain?\n|-unboost|p2a: Brain?|spe|1\n|-boost|p2a: Brain?|atk|1\n|-boost|p2a: Brain?|def|1\n|\n|-heal|p1a: slowest horse|99\/100|[from] item: Leftovers\n|-heal|p2a: Brain?|87\/100|[from] item: Leftovers\n|upkeep\n|turn|16\n|\n|t:|1698951538\n|move|p1a: slowest horse|High Horsepower|p2a: Brain?\n|-damage|p2a: Brain?|80\/100\n|move|p2a: Brain?|Curse|p2a: Brain?\n|-unboost|p2a: Brain?|spe|1\n|-boost|p2a: Brain?|atk|1\n|-boost|p2a: Brain?|def|1\n|\n|-heal|p1a: slowest horse|100\/100|[from] item: Leftovers\n|-heal|p2a: Brain?|87\/100|[from] item: Leftovers\n|upkeep\n|turn|17\n|\n|t:|1698951602\n|move|p1a: slowest horse|High Horsepower|p2a: Brain?\n|-damage|p2a: Brain?|80\/100\n|move|p2a: Brain?|Earthquake|p1a: slowest horse\n|-damage|p1a: slowest horse|0 fnt\n|faint|p1a: slowest horse\n|\n|-heal|p2a: Brain?|87\/100|[from] item: Leftovers\n|upkeep\n|\n|t:|1698951626\n|switch|p1a: krispy kreme|Volcanion|100\/100\n|-damage|p1a: krispy kreme|76\/100|[from] Stealth Rock\n|turn|18\n|\n|t:|1698951643\n|-terastallize|p2a: Brain?|Ground\n|move|p1a: krispy kreme|Sludge Bomb|p2a: Brain?\n|-resisted|p2a: Brain?\n|-damage|p2a: Brain?|68\/100\n|move|p2a: Brain?|Earthquake|p1a: krispy kreme\n|-supereffective|p1a: krispy kreme\n|-damage|p1a: krispy kreme|0 fnt\n|faint|p1a: krispy kreme\n|\n|-heal|p2a: Brain?|74\/100|[from] item: Leftovers\n|upkeep\n|\n|t:|1698951662\n|switch|p1a: rabies|Tinkaton, F|86\/100 par\n|-damage|p1a: rabies|80\/100 par|[from] Stealth Rock\n|-ability|p1a: rabies|Mold Breaker\n|turn|19\n|\n|t:|1698951671\n|move|p1a: rabies|Light Screen|p1a: rabies\n|-sidestart|p1: nahmio|move: Light Screen\n|move|p2a: Brain?|Earthquake|p1a: rabies\n|-supereffective|p1a: rabies\n|-damage|p1a: rabies|0 fnt\n|faint|p1a: rabies\n|\n|-heal|p2a: Brain?|80\/100|[from] item: Leftovers\n|upkeep\n|\n|t:|1698951678\n|switch|p1a: i love him|Baxcalibur, F|100\/100\n|turn|20\n|\n|t:|1698951691\n|move|p1a: i love him|Substitute|p1a: i love him\n|-start|p1a: i love him|Substitute\n|-damage|p1a: i love him|75\/100\n|move|p2a: Brain?|Earthquake|p1a: i love him\n|-end|p1a: i love him|Substitute\n|\n|-heal|p2a: Brain?|86\/100|[from] item: Leftovers\n|upkeep\n|turn|21\n|\n|t:|1698951706\n|move|p1a: i love him|Substitute|p1a: i love him\n|-start|p1a: i love him|Substitute\n|-damage|p1a: i love him|50\/100\n|move|p2a: Brain?|Earthquake|p1a: i love him\n|-end|p1a: i love him|Substitute\n|\n|-heal|p2a: Brain?|92\/100|[from] item: Leftovers\n|upkeep\n|turn|22\n|\n|t:|1698951720\n|move|p1a: i love him|High Horsepower|p2a: Brain?\n|-damage|p2a: Brain?|86\/100\n|move|p2a: Brain?|Earthquake|p1a: i love him\n|-damage|p1a: i love him|0 fnt\n|faint|p1a: i love him\n|\n|-heal|p2a: Brain?|92\/100|[from] item: Leftovers\n|upkeep\n|\n|t:|1698951727\n|switch|p1a: a knife|Kingambit, M|100\/100\n|-damage|p1a: a knife|94\/100|[from] Stealth Rock\n|-activate|p1a: a knife|ability: Supreme Overlord\n|-start|p1a: a knife|fallen5|[silent]\n|turn|23\n|\n|t:|1698951755\n|move|p1a: a knife|Zen Headbutt|p2a: Brain?|[miss]\n|-miss|p1a: a knife|p2a: Brain?\n|move|p2a: Brain?|Earthquake|p1a: a knife\n|-supereffective|p1a: a knife\n|-damage|p1a: a knife|0 fnt\n|faint|p1a: a knife\n|-end|p1a: a knife|fallen5|[silent]\n|\n|win|FigurativeIQ\n|l|\u2606nahmio\n","uploadtime":1698951770,"views":25,"p1id":"nahmio","p2id":"figurativeiq","formatid":"gen9ubers","rating":0,"private":0,"password":""}