{"id":"gen9ubers-1970685865","p1":"SenkTheMoth","p2":"sneesaw","format":"[Gen 9] Ubers","log":"|j|\u2606SenkTheMoth\n|j|\u2606sneesaw\n|t:|1697658143\n|gametype|singles\n|player|p1|SenkTheMoth|dawn-gen4pt|\n|player|p2|sneesaw|wally-gen3|\n|teamsize|p1|6\n|teamsize|p2|6\n|gen|9\n|tier|[Gen 9] Ubers\n|rule|Sleep Clause Mod: Limit one foe put to sleep\n|rule|Species Clause: Limit one of each Pok\u00e9mon\n|rule|OHKO Clause: OHKO moves are banned\n|rule|Evasion Items Clause: Evasion items are banned\n|rule|Evasion Moves Clause: Evasion moves are banned\n|rule|Endless Battle Clause: Forcing endless battles is banned\n|rule|HP Percentage Mod: HP is shown in percentages\n|clearpoke\n|poke|p1|Zacian-*|\n|poke|p1|Palkia-Origin|\n|poke|p1|Arceus-Fire|\n|poke|p1|Magearna|\n|poke|p1|Zamazenta-*|\n|poke|p1|Shaymin-Sky|\n|poke|p2|Arceus-Poison|\n|poke|p2|Zacian-*|\n|poke|p2|Dialga-Origin|\n|poke|p2|Palafin, F|\n|poke|p2|Shaymin-Sky|\n|poke|p2|Magearna|\n|teampreview\n|\n|t:|1697658156\n|start\n|switch|p1a: Zamazenta|Zamazenta-Crowned|100\/100\n|switch|p2a: Palafin|Palafin, F|100\/100\n|-ability|p1a: Zamazenta|Dauntless Shield|boost\n|-boost|p1a: Zamazenta|def|1\n|turn|1\n|\n|t:|1697658161\n|move|p2a: Palafin|Flip Turn|p1a: Zamazenta\n|-damage|p1a: Zamazenta|91\/100\n|\n|t:|1697658172\n|detailschange|p2a: Palafin|Palafin-Hero, F\n|switch|p2a: Zacian|Zacian|100\/100|[from] Flip Turn\n|-ability|p2a: Zacian|Intrepid Sword|boost\n|-boost|p2a: Zacian|atk|1\n|move|p1a: Zamazenta|Iron Defense|p1a: Zamazenta\n|-boost|p1a: Zamazenta|def|2\n|\n|upkeep\n|turn|2\n|\n|t:|1697658191\n|switch|p2a: Palafin|Palafin-Hero, F|100\/100\n|-activate|p2a: Palafin|ability: Zero to Hero\n|move|p1a: Zamazenta|Behemoth Bash|p2a: Palafin\n|-resisted|p2a: Palafin\n|-damage|p2a: Palafin|77\/100\n|\n|upkeep\n|turn|3\n|\n|t:|1697658199\n|move|p2a: Palafin|Close Combat|p1a: Zamazenta\n|-supereffective|p1a: Zamazenta\n|-damage|p1a: Zamazenta|62\/100\n|-unboost|p2a: Palafin|def|1\n|-unboost|p2a: Palafin|spd|1\n|move|p1a: Zamazenta|Body Press|p2a: Palafin\n|-damage|p2a: Palafin|0 fnt\n|faint|p2a: Palafin\n|\n|upkeep\n|\n|t:|1697658214\n|switch|p2a: Shaymin|Shaymin-Sky|100\/100\n|turn|4\n|\n|t:|1697658218\n|move|p1a: Zamazenta|Behemoth Bash|p2a: Shaymin\n|-damage|p2a: Shaymin|50\/100\n|move|p2a: Shaymin|Air Slash|p1a: Zamazenta\n|-damage|p1a: Zamazenta|34\/100\n|\n|-heal|p2a: Shaymin|56\/100|[from] item: Leftovers\n|upkeep\n|turn|5\n|\n|t:|1697658232\n|switch|p2a: Dialga|Dialga-Origin|100\/100\n|-ability|p2a: Dialga|Pressure\n|move|p1a: Zamazenta|Body Press|p2a: Dialga\n|-supereffective|p2a: Dialga\n|-damage|p2a: Dialga|0 fnt\n|faint|p2a: Dialga\n|\n|upkeep\n|\n|t:|1697658239\n|switch|p2a: Arceus|Arceus-Poison|100\/100\n|turn|6\n|\n|t:|1697658244\n|move|p1a: Zamazenta|Body Press|p2a: Arceus\n|-resisted|p2a: Arceus\n|-damage|p2a: Arceus|64\/100\n|move|p2a: Arceus|Will-O-Wisp|p1a: Zamazenta\n|-status|p1a: Zamazenta|brn\n|\n|-damage|p1a: Zamazenta|28\/100 brn|[from] brn\n|upkeep\n|turn|7\n|\n|t:|1697658250\n|switch|p1a: Zacian|Zacian|100\/100\n|-ability|p1a: Zacian|Intrepid Sword|boost\n|-boost|p1a: Zacian|atk|1\n|move|p2a: Arceus|Recover|p2a: Arceus\n|-heal|p2a: Arceus|100\/100\n|\n|upkeep\n|turn|8\n|\n|t:|1697658259\n|switch|p1a: Arceus|Arceus-Fire|100\/100\n|switch|p2a: Magearna|Magearna|100\/100\n|\n|upkeep\n|turn|9\n|\n|t:|1697658268\n|switch|p2a: Arceus|Arceus-Poison|100\/100\n|move|p1a: Arceus|Taunt|p2a: Arceus\n|-start|p2a: Arceus|move: Taunt\n|\n|upkeep\n|turn|10\n|\n|t:|1697658272\n|move|p1a: Arceus|Dragon Dance|p1a: Arceus\n|-boost|p1a: Arceus|atk|1\n|-boost|p1a: Arceus|spe|1\n|move|p2a: Arceus|Judgment|p1a: Arceus\n|-damage|p1a: Arceus|63\/100\n|\n|upkeep\n|turn|11\n|\n|t:|1697658285\n|move|p1a: Arceus|Flare Blitz|p2a: Arceus\n|-damage|p2a: Arceus|36\/100\n|-damage|p1a: Arceus|38\/100|[from] Recoil\n|move|p2a: Arceus|Judgment|p1a: Arceus\n|-crit|p1a: Arceus\n|-damage|p1a: Arceus|0 fnt\n|faint|p1a: Arceus\n|\n|-end|p2a: Arceus|move: Taunt\n|upkeep\n|\n|t:|1697658308\n|switch|p1a: Zacian|Zacian|100\/100\n|turn|12\n|\n|t:|1697658319\n|switch|p2a: Magearna|Magearna|100\/100\n|move|p1a: Zacian|Psychic Fangs|p2a: Magearna\n|-resisted|p2a: Magearna\n|-damage|p2a: Magearna|92\/100\n|\n|-heal|p2a: Magearna|98\/100|[from] item: Leftovers\n|upkeep\n|turn|13\n|\n|t:|1697658329\n|switch|p1a: Magearna|Magearna|100\/100\n|move|p2a: Magearna|Flash Cannon|p1a: Magearna\n|-damage|p1a: Magearna|71\/100\n|-unboost|p1a: Magearna|spd|1\n|\n|-heal|p1a: Magearna|77\/100|[from] item: Leftovers\n|-heal|p2a: Magearna|100\/100|[from] item: Leftovers\n|upkeep\n|turn|14\n|\n|t:|1697658333\n|move|p1a: Magearna|Thunder Wave|p2a: Magearna\n|-status|p2a: Magearna|par\n|move|p2a: Magearna|Spikes|p1a: Magearna\n|-sidestart|p1: SenkTheMoth|Spikes\n|\n|-heal|p1a: Magearna|83\/100|[from] item: Leftovers\n|upkeep\n|turn|15\n|\n|t:|1697658339\n|move|p1a: Magearna|Spikes|p2a: Magearna\n|-sidestart|p2: sneesaw|Spikes\n|move|p2a: Magearna|Volt Switch|p1a: Magearna\n|-damage|p1a: Magearna|59\/100\n|\n|t:|1697658347\n|switch|p2a: Zacian|Zacian|100\/100|[from] Volt Switch\n|-damage|p2a: Zacian|88\/100|[from] Spikes\n|\n|-heal|p1a: Magearna|65\/100|[from] item: Leftovers\n|upkeep\n|turn|16\n|\n|t:|1697658350\n|move|p2a: Zacian|Close Combat|p1a: Magearna\n|-damage|p1a: Magearna|29\/100\n|-unboost|p2a: Zacian|def|1\n|-unboost|p2a: Zacian|spd|1\n|move|p1a: Magearna|Thunder Wave|p2a: Zacian\n|-status|p2a: Zacian|par\n|\n|-heal|p1a: Magearna|35\/100|[from] item: Leftovers\n|upkeep\n|turn|17\n|\n|t:|1697658362\n|switch|p2a: Arceus|Arceus-Poison|36\/100\n|-damage|p2a: Arceus|24\/100|[from] Spikes\n|move|p1a: Magearna|Draining Kiss|p2a: Arceus\n|-resisted|p2a: Arceus\n|-damage|p2a: Arceus|16\/100\n|-heal|p1a: Magearna|42\/100|[from] drain|[of] p2a: Arceus\n|\n|-heal|p1a: Magearna|48\/100|[from] item: Leftovers\n|upkeep\n|turn|18\n|\n|t:|1697658367\n|move|p2a: Arceus|Recover|p2a: Arceus\n|-heal|p2a: Arceus|66\/100\n|move|p1a: Magearna|Thunder Wave|p2a: Arceus\n|-status|p2a: Arceus|par\n|\n|-heal|p1a: Magearna|54\/100|[from] item: Leftovers\n|upkeep\n|turn|19\n|\n|t:|1697658373\n|move|p2a: Arceus|Will-O-Wisp|p1a: Magearna\n|-status|p1a: Magearna|brn\n|move|p1a: Magearna|Spikes|p2a: Arceus\n|-sidestart|p2: sneesaw|Spikes\n|\n|-heal|p1a: Magearna|60\/100 brn|[from] item: Leftovers\n|-damage|p1a: Magearna|54\/100 brn|[from] brn\n|upkeep\n|turn|20\n|\n|t:|1697658378\n|move|p2a: Arceus|Ice Beam|p1a: Magearna\n|-resisted|p1a: Magearna\n|-damage|p1a: Magearna|39\/100 brn\n|move|p1a: Magearna|Spikes|p2a: Arceus\n|-sidestart|p2: sneesaw|Spikes\n|\n|-heal|p1a: Magearna|45\/100 brn|[from] item: Leftovers\n|-damage|p1a: Magearna|39\/100 brn|[from] brn\n|upkeep\n|turn|21\n|\n|t:|1697658383\n|switch|p1a: Zamazenta|Zamazenta-Crowned|28\/100 brn\n|-damage|p1a: Zamazenta|16\/100 brn|[from] Spikes\n|move|p2a: Arceus|Ice Beam|p1a: Zamazenta\n|-resisted|p1a: Zamazenta\n|-damage|p1a: Zamazenta|6\/100 brn\n|\n|-damage|p1a: Zamazenta|0 fnt|[from] brn\n|faint|p1a: Zamazenta\n|upkeep\n|\n|t:|1697658405\n|switch|p1a: Palkia|Palkia-Origin|100\/100\n|-damage|p1a: Palkia|88\/100|[from] Spikes\n|-ability|p1a: Palkia|Pressure\n|turn|22\n|\n|t:|1697658414\n|move|p1a: Palkia|Substitute|p1a: Palkia\n|-start|p1a: Palkia|Substitute\n|-damage|p1a: Palkia|63\/100\n|move|p2a: Arceus|Will-O-Wisp||[still]\n|-fail|p2a: Arceus\n|\n|upkeep\n|turn|23\n|\n|t:|1697658426\n|-terastallize|p1a: Palkia|Water\n|move|p1a: Palkia|Surf|p2a: Arceus\n|-damage|p2a: Arceus|8\/100 par\n|move|p2a: Arceus|Ice Beam|p1a: Palkia\n|-resisted|p1a: Palkia\n|-activate|p1a: Palkia|move: Substitute|[damage]\n|\n|upkeep\n|turn|24\n|\n|t:|1697658436\n|switch|p2a: Magearna|Magearna|100\/100 par\n|-damage|p2a: Magearna|75\/100 par|[from] Spikes\n|move|p1a: Palkia|Surf|p2a: Magearna\n|-damage|p2a: Magearna|11\/100 par\n|\n|-heal|p2a: Magearna|17\/100 par|[from] item: Leftovers\n|upkeep\n|turn|25\n|\n|t:|1697658442\n|move|p1a: Palkia|Surf|p2a: Magearna\n|-damage|p2a: Magearna|0 fnt\n|faint|p2a: Magearna\n|\n|upkeep\n|\n|t:|1697658449\n|switch|p2a: Shaymin|Shaymin-Sky|56\/100\n|turn|26\n|\n|t:|1697658459\n|-terastallize|p2a: Shaymin|Grass\n|move|p2a: Shaymin|Substitute|p2a: Shaymin\n|-start|p2a: Shaymin|Substitute\n|-damage|p2a: Shaymin|31\/100\n|move|p1a: Palkia|Flamethrower|p2a: Shaymin\n|-supereffective|p2a: Shaymin\n|-end|p2a: Shaymin|Substitute\n|\n|-heal|p2a: Shaymin|38\/100|[from] item: Leftovers\n|upkeep\n|turn|27\n|\n|t:|1697658470\n|switch|p2a: Arceus|Arceus-Poison|8\/100 par\n|-damage|p2a: Arceus|0 fnt|[from] Spikes\n|faint|p2a: Arceus\n|move|p1a: Palkia|Flamethrower|p2: Arceus|[notarget]\n|-fail|p1a: Palkia\n|\n|upkeep\n|\n|t:|1697658473\n|switch|p2a: Zacian|Zacian|88\/100 par\n|-damage|p2a: Zacian|63\/100 par|[from] Spikes\n|turn|28\n|\n|t:|1697658479\n|move|p1a: Palkia|Surf|p2a: Zacian\n|-damage|p2a: Zacian|0 fnt\n|faint|p2a: Zacian\n|\n|upkeep\n|\n|t:|1697658483\n|switch|p2a: Shaymin|Shaymin-Sky, tera:Grass|38\/100\n|-damage|p2a: Shaymin|13\/100|[from] Spikes\n|turn|29\n|\n|t:|1697658487\n|move|p2a: Shaymin|Seed Flare|p1a: Palkia\n|-supereffective|p1a: Palkia\n|-end|p1a: Palkia|Substitute\n|move|p1a: Palkia|Flamethrower|p2a: Shaymin\n|-supereffective|p2a: Shaymin\n|-damage|p2a: Shaymin|0 fnt\n|faint|p2a: Shaymin\n|\n|win|SenkTheMoth\n|c|\u2606SenkTheMoth|gg\n|c|\u2606sneesaw|gg\n|c|\u2606SenkTheMoth|i'll upload the vod\n|l|\u2606sneesaw\n","uploadtime":1697658504,"views":25,"p1id":"senkthemoth","p2id":"sneesaw","formatid":"gen9ubers","rating":0,"private":0,"password":""}