{"id":"gen9ubers-1999099627","p1":"THEAsianFaLiUrE","p2":"ElChocolatero09","format":"[Gen 9] Ubers","log":"|j|\u2606THEAsianFaLiUrE\n|j|\u2606ElChocolatero09\n|t:|1701033085\n|gametype|singles\n|player|p1|THEAsianFaLiUrE|169|1245\n|player|p2|ElChocolatero09|2|1199\n|teamsize|p1|6\n|teamsize|p2|6\n|gen|9\n|tier|[Gen 9] Ubers\n|rated|\n|rule|Sleep Clause Mod: Limit one foe put to sleep\n|rule|Species Clause: Limit one of each Pok\u00e9mon\n|rule|OHKO Clause: OHKO moves are banned\n|rule|Evasion Items Clause: Evasion items are banned\n|rule|Evasion Moves Clause: Evasion moves are banned\n|rule|Endless Battle Clause: Forcing endless battles is banned\n|rule|HP Percentage Mod: HP is shown in percentages\n|clearpoke\n|poke|p1|Arceus|\n|poke|p1|Koraidon|\n|poke|p1|Flutter Mane|\n|poke|p1|Zacian-*|\n|poke|p1|Ditto|\n|poke|p1|Grimmsnarl, M|\n|poke|p2|Ting-Lu|\n|poke|p2|Dialga|\n|poke|p2|Landorus-Therian, M|\n|poke|p2|Toxapex, M|\n|poke|p2|Arceus-Fairy|\n|poke|p2|Miraidon|\n|teampreview\n|inactive|Battle timer is ON: inactive players will automatically lose when time's up. (requested by ElChocolatero09)\n|c|\u2606THEAsianFaLiUrE|glhf\n|inactive|THEAsianFaLiUrE also wants the timer to be on.\n|\n|t:|1701033134\n|start\n|switch|p1a: Koraidon|Koraidon|100\/100\n|switch|p2a: Landorus|Landorus-Therian, M|100\/100\n|-weather|SunnyDay|[from] ability: Orichalcum Pulse|[of] p1a: Koraidon\n|-activate|p1a: Koraidon|Orichalcum Pulse|[source]\n|-ability|p2a: Landorus|Intimidate|boost\n|-unboost|p1a: Koraidon|atk|1\n|turn|1\n|\n|t:|1701033153\n|move|p1a: Koraidon|U-turn|p2a: Landorus\n|-resisted|p2a: Landorus\n|-damage|p2a: Landorus|80\/100\n|\n|t:|1701033159\n|switch|p1a: Grimmsnarl|Grimmsnarl, M|100\/100|[from] U-turn\n|move|p2a: Landorus|Substitute|p2a: Landorus\n|-start|p2a: Landorus|Substitute\n|-damage|p2a: Landorus|55\/100\n|\n|-weather|SunnyDay|[upkeep]\n|-heal|p2a: Landorus|61\/100|[from] item: Leftovers\n|upkeep\n|turn|2\n|\n|t:|1701033170\n|move|p2a: Landorus|Bulk Up|p2a: Landorus\n|-boost|p2a: Landorus|atk|1\n|-boost|p2a: Landorus|def|1\n|move|p1a: Grimmsnarl|Spirit Break|p2a: Landorus\n|-activate|p2a: Landorus|move: Substitute|[damage]\n|\n|-weather|SunnyDay|[upkeep]\n|-heal|p2a: Landorus|67\/100|[from] item: Leftovers\n|upkeep\n|turn|3\n|\n|t:|1701033180\n|move|p1a: Grimmsnarl|Reflect|p1a: Grimmsnarl\n|-sidestart|p1: THEAsianFaLiUrE|Reflect\n|move|p2a: Landorus|Bulk Up|p2a: Landorus\n|-boost|p2a: Landorus|atk|1\n|-boost|p2a: Landorus|def|1\n|\n|-weather|SunnyDay|[upkeep]\n|-heal|p2a: Landorus|73\/100|[from] item: Leftovers\n|upkeep\n|turn|4\n|\n|t:|1701033188\n|move|p2a: Landorus|Bulk Up|p2a: Landorus\n|-boost|p2a: Landorus|atk|1\n|-boost|p2a: Landorus|def|1\n|move|p1a: Grimmsnarl|Spirit Break|p2a: Landorus\n|-end|p2a: Landorus|Substitute\n|\n|-weather|SunnyDay|[upkeep]\n|-heal|p2a: Landorus|79\/100|[from] item: Leftovers\n|upkeep\n|turn|5\n|\n|t:|1701033202\n|move|p1a: Grimmsnarl|Parting Shot|p2a: Landorus\n|-unboost|p2a: Landorus|atk|1\n|-unboost|p2a: Landorus|spa|1\n|\n|t:|1701033206\n|switch|p1a: Flutter Mane|Flutter Mane|100\/100|[from] Parting Shot\n|-activate|p1a: Flutter Mane|ability: Protosynthesis\n|-start|p1a: Flutter Mane|protosynthesisspe\n|move|p2a: Landorus|Earthquake|p1a: Flutter Mane\n|-damage|p1a: Flutter Mane|0 fnt\n|faint|p1a: Flutter Mane\n|-end|p1a: Flutter Mane|Protosynthesis|[silent]\n|\n|-weather|none\n|-heal|p2a: Landorus|85\/100|[from] item: Leftovers\n|upkeep\n|\n|t:|1701033217\n|switch|p1a: Ditto|Ditto|100\/100\n|-transform|p1a: Ditto|p2a: Landorus|[from] ability: Imposter\n|-ability|p1a: Ditto|Intimidate|boost\n|-unboost|p2a: Landorus|atk|1\n|turn|6\n|\n|t:|1701033235\n|move|p1a: Ditto|Smack Down|p2a: Landorus\n|-damage|p2a: Landorus|69\/100\n|-start|p2a: Landorus|Smack Down\n|move|p2a: Landorus|Bulk Up|p2a: Landorus\n|-boost|p2a: Landorus|atk|1\n|-boost|p2a: Landorus|def|1\n|\n|-heal|p2a: Landorus|74\/100|[from] item: Leftovers\n|upkeep\n|turn|7\n|\n|t:|1701033249\n|move|p1a: Ditto|Smack Down|p2a: Landorus\n|-damage|p2a: Landorus|59\/100\n|move|p2a: Landorus|Smack Down|p1a: Ditto\n|-damage|p1a: Ditto|90\/100\n|-start|p1a: Ditto|Smack Down\n|\n|-heal|p2a: Landorus|65\/100|[from] item: Leftovers\n|upkeep\n|turn|8\n|\n|t:|1701033261\n|move|p1a: Ditto|Smack Down|p2a: Landorus\n|-damage|p2a: Landorus|51\/100\n|move|p2a: Landorus|Substitute|p2a: Landorus\n|-start|p2a: Landorus|Substitute\n|-damage|p2a: Landorus|26\/100\n|\n|-heal|p2a: Landorus|32\/100|[from] item: Leftovers\n|upkeep\n|turn|9\n|\n|t:|1701033269\n|move|p1a: Ditto|Smack Down|p2a: Landorus\n|-activate|p2a: Landorus|move: Substitute|[damage]\n|move|p2a: Landorus|Earthquake|p1a: Ditto\n|-damage|p1a: Ditto|55\/100\n|\n|-heal|p2a: Landorus|38\/100|[from] item: Leftovers\n|upkeep\n|turn|10\n|\n|t:|1701033279\n|switch|p1a: Arceus|Arceus|100\/100\n|move|p2a: Landorus|Earthquake|p1a: Arceus\n|-damage|p1a: Arceus|61\/100\n|\n|-heal|p2a: Landorus|44\/100|[from] item: Leftovers\n|-sideend|p1: THEAsianFaLiUrE|Reflect\n|upkeep\n|turn|11\n|\n|t:|1701033288\n|move|p1a: Arceus|Extreme Speed|p2a: Landorus\n|-end|p2a: Landorus|Substitute\n|-damage|p1a: Arceus|51\/100|[from] item: Life Orb\n|move|p2a: Landorus|Earthquake|p1a: Arceus\n|-damage|p1a: Arceus|0 fnt\n|faint|p1a: Arceus\n|\n|-heal|p2a: Landorus|50\/100|[from] item: Leftovers\n|upkeep\n|\n|t:|1701033298\n|switch|p1a: Ditto|Ditto|55\/100\n|-transform|p1a: Ditto|p2a: Landorus|[from] ability: Imposter\n|-ability|p1a: Ditto|Intimidate|boost\n|-unboost|p2a: Landorus|atk|1\n|turn|12\n|inactive|ElChocolatero09 has 120 seconds left.\n|\n|t:|1701033329\n|move|p1a: Ditto|Earthquake|p2a: Landorus\n|-damage|p2a: Landorus|2\/100\n|move|p2a: Landorus|Smack Down|p1a: Ditto\n|-damage|p1a: Ditto|40\/100\n|-start|p1a: Ditto|Smack Down\n|\n|-heal|p2a: Landorus|8\/100|[from] item: Leftovers\n|upkeep\n|turn|13\n|inactive|ElChocolatero09 has 120 seconds left.\n|\n|t:|1701033339\n|move|p1a: Ditto|Earthquake|p2a: Landorus\n|-damage|p2a: Landorus|0 fnt\n|faint|p2a: Landorus\n|\n|upkeep\n|inactive|ElChocolatero09 has 120 seconds left.\n|\n|t:|1701033357\n|switch|p2a: Ting-Lu|Ting-Lu|100\/100\n|-ability|p2a: Ting-Lu|Vessel of Ruin\n|turn|14\n|\n|t:|1701033365\n|move|p1a: Ditto|Earthquake|p2a: Ting-Lu\n|-damage|p2a: Ting-Lu|35\/100\n|move|p2a: Ting-Lu|Whirlwind|p1a: Ditto\n|drag|p1a: Zacian|Zacian-Crowned|100\/100\n|-ability|p1a: Zacian|Intrepid Sword|boost\n|-boost|p1a: Zacian|atk|1\n|\n|-heal|p2a: Ting-Lu|41\/100|[from] item: Leftovers\n|upkeep\n|turn|15\n|inactive|ElChocolatero09 has 120 seconds left.\n|\n|t:|1701033389\n|move|p1a: Zacian|Play Rough|p2a: Ting-Lu\n|-supereffective|p2a: Ting-Lu\n|-damage|p2a: Ting-Lu|0 fnt\n|faint|p2a: Ting-Lu\n|\n|upkeep\n|\n|t:|1701033400\n|switch|p2a: Arceus|Arceus-Fairy|100\/100\n|turn|16\n|\n|t:|1701033422\n|move|p1a: Zacian|Behemoth Blade|p2a: Arceus\n|-supereffective|p2a: Arceus\n|-damage|p2a: Arceus|0 fnt\n|faint|p2a: Arceus\n|\n|upkeep\n|\n|t:|1701033439\n|switch|p2a: Dialga|Dialga|100\/100\n|-ability|p2a: Dialga|Pressure\n|turn|17\n|\n|t:|1701033449\n|move|p2a: Dialga|Fire Blast|p1a: Zacian\n|-supereffective|p1a: Zacian\n|-damage|p1a: Zacian|20\/100\n|-status|p1a: Zacian|brn\n|move|p1a: Zacian|Play Rough|p2a: Dialga|[miss]\n|-miss|p1a: Zacian|p2a: Dialga\n|\n|-damage|p1a: Zacian|14\/100 brn|[from] brn\n|upkeep\n|turn|18\n|c|\u2606THEAsianFaLiUrE|WTF\n|c|\u2606THEAsianFaLiUrE|lucky ass\n|\n|t:|1701033462\n|move|p2a: Dialga|Fire Blast|p1a: Zacian\n|-supereffective|p1a: Zacian\n|-damage|p1a: Zacian|0 fnt\n|faint|p1a: Zacian\n|\n|upkeep\n|\n|t:|1701033468\n|switch|p1a: Koraidon|Koraidon|100\/100\n|-weather|SunnyDay|[from] ability: Orichalcum Pulse|[of] p1a: Koraidon\n|-activate|p1a: Koraidon|Orichalcum Pulse|[source]\n|turn|19\n|\n|t:|1701033476\n|switch|p2a: Toxapex|Toxapex, M|100\/100\n|move|p1a: Koraidon|Collision Course|p2a: Toxapex\n|-resisted|p2a: Toxapex\n|-damage|p2a: Toxapex|70\/100\n|-damage|p1a: Koraidon|84\/100|[from] item: Rocky Helmet|[of] p2a: Toxapex\n|\n|-weather|SunnyDay|[upkeep]\n|upkeep\n|turn|20\n|\n|t:|1701033492\n|switch|p1a: Grimmsnarl|Grimmsnarl, M|100\/100\n|move|p2a: Toxapex|Toxic Spikes|p1a: Grimmsnarl\n|-sidestart|p1: THEAsianFaLiUrE|move: Toxic Spikes\n|\n|-weather|SunnyDay|[upkeep]\n|upkeep\n|turn|21\n|\n|t:|1701033499\n|switch|p1a: Ditto|Ditto|40\/100\n|-status|p1a: Ditto|psn\n|-transform|p1a: Ditto|p2a: Toxapex|[from] ability: Imposter\n|move|p2a: Toxapex|Toxic Spikes|p1a: Ditto\n|-sidestart|p1: THEAsianFaLiUrE|move: Toxic Spikes\n|\n|-weather|SunnyDay|[upkeep]\n|-damage|p1a: Ditto|28\/100 psn|[from] psn\n|upkeep\n|turn|22\n|\n|t:|1701033515\n|move|p1a: Ditto|Recover|p1a: Ditto\n|-heal|p1a: Ditto|78\/100 psn\n|move|p2a: Toxapex|Chilling Water|p1a: Ditto\n|-resisted|p1a: Ditto\n|-damage|p1a: Ditto|76\/100 psn\n|-unboost|p1a: Ditto|atk|1\n|\n|-weather|SunnyDay|[upkeep]\n|-damage|p1a: Ditto|63\/100 psn|[from] psn\n|upkeep\n|turn|23\n|\n|t:|1701033527\n|switch|p1a: Grimmsnarl|Grimmsnarl, M|100\/100\n|-status|p1a: Grimmsnarl|tox\n|move|p2a: Toxapex|Recover|p2a: Toxapex\n|-heal|p2a: Toxapex|100\/100\n|\n|-weather|none\n|-damage|p1a: Grimmsnarl|94\/100 tox|[from] psn\n|upkeep\n|turn|24\n|\n|t:|1701033544\n|switch|p2a: Dialga|Dialga|100\/100\n|-ability|p2a: Dialga|Pressure\n|-terastallize|p1a: Grimmsnarl|Steel\n|move|p1a: Grimmsnarl|Parting Shot|p2a: Dialga\n|-unboost|p2a: Dialga|atk|1\n|-unboost|p2a: Dialga|spa|1\n|l|\u2606THEAsianFaLiUrE\n|inactive|THEAsianFaLiUrE disconnected and has a minute to reconnect!\n|player|p1|\n|inactive|THEAsianFaLiUrE has 30 seconds to reconnect!\n|inactive|THEAsianFaLiUrE has 20 seconds to reconnect!\n|inactive|THEAsianFaLiUrE has 15 seconds to reconnect!\n|inactive|THEAsianFaLiUrE has 10 seconds to reconnect!\n|j|\u2606THEAsianFaLiUrE\n|inactive|THEAsianFaLiUrE reconnected and has 95 seconds left.\n|player|p1|THEAsianFaLiUrE|169\n|inactive|THEAsianFaLiUrE has 90 seconds left.\n|\n|t:|1701033602\n|switch|p1a: Ditto|Ditto|97\/100 psn|[from] Parting Shot\n|-transform|p1a: Ditto|p2a: Dialga|[from] ability: Imposter\n|-ability|p1a: Ditto|Pressure\n|\n|-damage|p1a: Ditto|84\/100 psn|[from] psn\n|upkeep\n|turn|25\n|inactive|THEAsianFaLiUrE has 90 seconds left.\n|\n|t:|1701033619\n|move|p1a: Ditto|Draco Meteor|p2a: Dialga\n|-crit|p2a: Dialga\n|-damage|p2a: Dialga|0 fnt\n|-unboost|p1a: Ditto|spa|2\n|faint|p2a: Dialga\n|\n|-damage|p1a: Ditto|72\/100 psn|[from] psn\n|upkeep\n|c|\u2606THEAsianFaLiUrE|lol\n|\n|t:|1701033628\n|switch|p2a: Toxapex|Toxapex, M|100\/100\n|turn|26\n|\n|t:|1701033638\n|switch|p1a: Grimmsnarl|Grimmsnarl, M, tera:Steel|94\/100 tox\n|move|p2a: Toxapex|Recover||[still]\n|-fail|p2a: Toxapex|heal\n|\n|-damage|p1a: Grimmsnarl|88\/100 tox|[from] psn\n|upkeep\n|turn|27\n|\n|t:|1701033646\n|move|p1a: Grimmsnarl|Light Screen|p1a: Grimmsnarl\n|-sidestart|p1: THEAsianFaLiUrE|move: Light Screen\n|move|p2a: Toxapex|Recover||[still]\n|-fail|p2a: Toxapex|heal\n|\n|-damage|p1a: Grimmsnarl|76\/100 tox|[from] psn\n|upkeep\n|turn|28\n|\n|t:|1701033654\n|switch|p1a: Koraidon|Koraidon|84\/100\n|-status|p1a: Koraidon|tox\n|-weather|SunnyDay|[from] ability: Orichalcum Pulse|[of] p1a: Koraidon\n|-activate|p1a: Koraidon|Orichalcum Pulse|[source]\n|move|p2a: Toxapex|Chilling Water|p1a: Koraidon\n|-resisted|p1a: Koraidon\n|-crit|p1a: Koraidon\n|-damage|p1a: Koraidon|81\/100 tox\n|-unboost|p1a: Koraidon|atk|1\n|\n|-weather|SunnyDay|[upkeep]\n|-damage|p1a: Koraidon|74\/100 tox|[from] psn\n|upkeep\n|turn|29\n|inactive|THEAsianFaLiUrE has 120 seconds left.\n|inactive|ElChocolatero09 has 120 seconds left.\n|\n|t:|1701033666\n|move|p1a: Koraidon|Dragon Claw|p2a: Toxapex\n|-damage|p2a: Toxapex|66\/100\n|-damage|p1a: Koraidon|58\/100 tox|[from] item: Rocky Helmet|[of] p2a: Toxapex\n|move|p2a: Toxapex|Recover|p2a: Toxapex\n|-heal|p2a: Toxapex|100\/100\n|\n|-weather|SunnyDay|[upkeep]\n|-damage|p1a: Koraidon|46\/100 tox|[from] psn\n|upkeep\n|turn|30\n|inactive|THEAsianFaLiUrE has 120 seconds left.\n|inactive|ElChocolatero09 has 120 seconds left.\n|\n|t:|1701033677\n|switch|p1a: Grimmsnarl|Grimmsnarl, M, tera:Steel|76\/100 tox\n|move|p2a: Toxapex|Chilling Water|p1a: Grimmsnarl\n|-damage|p1a: Grimmsnarl|75\/100 tox\n|-unboost|p1a: Grimmsnarl|atk|1\n|\n|-weather|SunnyDay|[upkeep]\n|-damage|p1a: Grimmsnarl|69\/100 tox|[from] psn\n|upkeep\n|turn|31\n|inactive|ElChocolatero09 has 120 seconds left.\n|\n|t:|1701033687\n|move|p1a: Grimmsnarl|Light Screen||[still]\n|-fail|p1a: Grimmsnarl\n|move|p2a: Toxapex|Chilling Water|p1a: Grimmsnarl\n|-damage|p1a: Grimmsnarl|67\/100 tox\n|-unboost|p1a: Grimmsnarl|atk|1\n|\n|-weather|SunnyDay|[upkeep]\n|-damage|p1a: Grimmsnarl|55\/100 tox|[from] psn\n|upkeep\n|turn|32\n|inactive|ElChocolatero09 has 120 seconds left.\n|\n|t:|1701033697\n|move|p1a: Grimmsnarl|Reflect|p1a: Grimmsnarl\n|-sidestart|p1: THEAsianFaLiUrE|Reflect\n|move|p2a: Toxapex|Chilling Water|p1a: Grimmsnarl\n|-damage|p1a: Grimmsnarl|53\/100 tox\n|-unboost|p1a: Grimmsnarl|atk|1\n|\n|-weather|none\n|-damage|p1a: Grimmsnarl|35\/100 tox|[from] psn\n|upkeep\n|turn|33\n|\n|t:|1701033706\n|switch|p1a: Ditto|Ditto|72\/100 psn\n|-transform|p1a: Ditto|p2a: Toxapex|[from] ability: Imposter\n|move|p2a: Toxapex|Chilling Water|p1a: Ditto\n|-resisted|p1a: Ditto\n|-damage|p1a: Ditto|69\/100 psn\n|-unboost|p1a: Ditto|atk|1\n|\n|-damage|p1a: Ditto|57\/100 psn|[from] psn\n|upkeep\n|turn|34\n|inactive|ElChocolatero09 has 120 seconds left.\n|\n|t:|1701033726\n|move|p1a: Ditto|Recover|p1a: Ditto\n|-heal|p1a: Ditto|100\/100 psn\n|move|p2a: Toxapex|Chilling Water|p1a: Ditto\n|-resisted|p1a: Ditto\n|-damage|p1a: Ditto|98\/100 psn\n|-unboost|p1a: Ditto|atk|1\n|\n|-damage|p1a: Ditto|86\/100 psn|[from] psn\n|-sideend|p1: THEAsianFaLiUrE|move: Light Screen\n|upkeep\n|turn|35\n|inactive|ElChocolatero09 has 120 seconds left.\n|\n|t:|1701033736\n|switch|p1a: Grimmsnarl|Grimmsnarl, M, tera:Steel|35\/100 tox\n|move|p2a: Toxapex|Chilling Water|p1a: Grimmsnarl\n|-damage|p1a: Grimmsnarl|27\/100 tox\n|-unboost|p1a: Grimmsnarl|atk|1\n|\n|-damage|p1a: Grimmsnarl|21\/100 tox|[from] psn\n|upkeep\n|turn|36\n|inactive|ElChocolatero09 has 120 seconds left.\n|\n|t:|1701033747\n|move|p1a: Grimmsnarl|Spirit Break|p2a: Toxapex\n|-resisted|p2a: Toxapex\n|-damage|p2a: Toxapex|95\/100\n|-unboost|p2a: Toxapex|spa|1\n|-damage|p1a: Grimmsnarl|4\/100 tox|[from] item: Rocky Helmet|[of] p2a: Toxapex\n|move|p2a: Toxapex|Chilling Water|p1a: Grimmsnarl\n|-damage|p1a: Grimmsnarl|0 fnt\n|faint|p1a: Grimmsnarl\n|\n|upkeep\n|\n|t:|1701033756\n|switch|p1a: Koraidon|Koraidon|46\/100 tox\n|-weather|SunnyDay|[from] ability: Orichalcum Pulse|[of] p1a: Koraidon\n|-activate|p1a: Koraidon|Orichalcum Pulse|[source]\n|turn|37\n|n|!ElChocolatero09|elchocolatero09\n|\n|t:|1701033766\n|move|p1a: Koraidon|Dragon Claw|p2a: Toxapex\n|-damage|p2a: Toxapex|43\/100\n|-damage|p1a: Koraidon|29\/100 tox|[from] item: Rocky Helmet|[of] p2a: Toxapex\n|move|p2a: Toxapex|Recover|p2a: Toxapex\n|-heal|p2a: Toxapex|93\/100\n|\n|-weather|SunnyDay|[upkeep]\n|-damage|p1a: Koraidon|23\/100 tox|[from] psn\n|upkeep\n|turn|38\n|\n|t:|1701033776\n|switch|p1a: Ditto|Ditto|100\/100 psn\n|-transform|p1a: Ditto|p2a: Toxapex|[from] ability: Imposter\n|move|p2a: Toxapex|Recover|p2a: Toxapex\n|-heal|p2a: Toxapex|100\/100\n|\n|-weather|SunnyDay|[upkeep]\n|-damage|p1a: Ditto|88\/100 psn|[from] psn\n|upkeep\n|turn|39\n|\n|t:|1701033788\n|move|p1a: Ditto|Haze|p1a: Ditto\n|-clearallboost\n|move|p2a: Toxapex|Chilling Water|p1a: Ditto\n|-resisted|p1a: Ditto\n|-damage|p1a: Ditto|86\/100 psn\n|-unboost|p1a: Ditto|atk|1\n|\n|-weather|SunnyDay|[upkeep]\n|-damage|p1a: Ditto|73\/100 psn|[from] psn\n|-sideend|p1: THEAsianFaLiUrE|Reflect\n|upkeep\n|turn|40\n|\n|t:|1701033799\n|move|p1a: Ditto|Haze|p1a: Ditto\n|-clearallboost\n|move|p2a: Toxapex|Chilling Water|p1a: Ditto\n|-resisted|p1a: Ditto\n|-damage|p1a: Ditto|71\/100 psn\n|-unboost|p1a: Ditto|atk|1\n|\n|-weather|SunnyDay|[upkeep]\n|-damage|p1a: Ditto|59\/100 psn|[from] psn\n|upkeep\n|turn|41\n|\n|t:|1701033812\n|move|p1a: Ditto|Haze|p1a: Ditto\n|-clearallboost\n|move|p2a: Toxapex|Chilling Water|p1a: Ditto\n|-resisted|p1a: Ditto\n|-damage|p1a: Ditto|56\/100 psn\n|-unboost|p1a: Ditto|atk|1\n|\n|-weather|none\n|-damage|p1a: Ditto|44\/100 psn|[from] psn\n|upkeep\n|turn|42\n|\n|t:|1701033823\n|move|p1a: Ditto|Haze|p1a: Ditto\n|-clearallboost\n|move|p2a: Toxapex|Chilling Water|p1a: Ditto\n|-resisted|p1a: Ditto\n|-damage|p1a: Ditto|39\/100 psn\n|-unboost|p1a: Ditto|atk|1\n|\n|-damage|p1a: Ditto|27\/100 psn|[from] psn\n|upkeep\n|turn|43\n|\n|t:|1701033840\n|move|p1a: Ditto|Haze|p1a: Ditto\n|-clearallboost\n|move|p2a: Toxapex|Chilling Water|p1a: Ditto\n|-resisted|p1a: Ditto\n|-damage|p1a: Ditto|20\/100 psn\n|-unboost|p1a: Ditto|atk|1\n|\n|-damage|p1a: Ditto|8\/100 psn|[from] psn\n|upkeep\n|turn|44\n|\n|t:|1701033852\n|-activate|p1a: Ditto|move: Struggle\n|move|p1a: Ditto|Struggle|p2a: Toxapex\n|-damage|p2a: Toxapex|98\/100\n|-damage|p1a: Ditto|0 fnt|[from] item: Rocky Helmet|[of] p2a: Toxapex\n|faint|p1a: Ditto\n|move|p2a: Toxapex|Chilling Water|p1: Ditto|[notarget]\n|-fail|p2a: Toxapex\n|\n|upkeep\n|\n|t:|1701033859\n|switch|p1a: Koraidon|Koraidon|23\/100 tox\n|-weather|SunnyDay|[from] ability: Orichalcum Pulse|[of] p1a: Koraidon\n|-activate|p1a: Koraidon|Orichalcum Pulse|[source]\n|turn|45\n|\n|t:|1701033865\n|move|p1a: Koraidon|Dragon Claw|p2a: Toxapex\n|-damage|p2a: Toxapex|47\/100\n|-damage|p1a: Koraidon|7\/100 tox|[from] item: Rocky Helmet|[of] p2a: Toxapex\n|move|p2a: Toxapex|Chilling Water|p1a: Koraidon\n|-resisted|p1a: Koraidon\n|-damage|p1a: Koraidon|4\/100 tox\n|-unboost|p1a: Koraidon|atk|1\n|\n|-weather|SunnyDay|[upkeep]\n|-damage|p1a: Koraidon|0 fnt|[from] psn\n|faint|p1a: Koraidon\n|\n|win|ElChocolatero09\n|upkeep\n|raw|THEAsianFaLiUrE's rating: 1245 &rarr; <strong>1217<\/strong><br \/>(-28 for losing)\n|raw|ElChocolatero09's rating: 1199 &rarr; <strong>1227<\/strong><br \/>(+28 for winning)\n","uploadtime":1701033759,"views":2,"p1id":"theasianfaliure","p2id":"elchocolatero09","formatid":"gen9ubers","rating":1217,"private":0,"password":""}