{"id":"gen9ubers-1991486155","p1":"Zapatillazo34","p2":"Chamuscos","format":"[Gen 9] Ubers","log":"|j|\u2606Zapatillazo34\n|j|\u2606Chamuscos\n|t:|1700081331\n|gametype|singles\n|player|p1|Zapatillazo34|265|\n|player|p2|Chamuscos|266|\n|teamsize|p1|6\n|teamsize|p2|6\n|gen|9\n|tier|[Gen 9] Ubers\n|rule|Sleep Clause Mod: Limit one foe put to sleep\n|rule|Species Clause: Limit one of each Pok\u00e9mon\n|rule|OHKO Clause: OHKO moves are banned\n|rule|Evasion Items Clause: Evasion items are banned\n|rule|Evasion Moves Clause: Evasion moves are banned\n|rule|Endless Battle Clause: Forcing endless battles is banned\n|rule|HP Percentage Mod: HP is shown in percentages\n|clearpoke\n|poke|p1|Maushold|\n|poke|p1|Mudsdale, F|\n|poke|p1|Iron Leaves|\n|poke|p1|Flareon, M|\n|poke|p1|Dragapult, F|\n|poke|p1|Regieleki|\n|poke|p2|Klefki, M|\n|poke|p2|Munkidori, M|\n|poke|p2|Rotom-Wash|\n|poke|p2|Chi-Yu|\n|poke|p2|Roaring Moon|\n|poke|p2|Quagsire, M|\n|teampreview\n|j| balutalol\n|c|\u2606Chamuscos|ola\n|c| balutalol|ola\n|c| balutalol|hmm\n|c| balutalol|god no?\n|c|\u2606Zapatillazo34|ola\n|c| balutalol|ola\n|c| balutalol|falta gosensia\n|j| gosensia\n|c| gosensia|ola\n|c| balutalol|ola\n|\n|t:|1700081397\n|start\n|switch|p1a: Regieleki|Regieleki|100\/100\n|switch|p2a: Munkidori|Munkidori, M|100\/100\n|turn|1\n|c| gosensia|vamovamo\n|c| balutalol|que agresivos empiezan no?\n|\n|t:|1700081414\n|move|p1a: Regieleki|Light Screen|p1a: Regieleki\n|-sidestart|p1: Zapatillazo34|move: Light Screen\n|move|p2a: Munkidori|Trick|p1a: Regieleki\n|-activate|p2a: Munkidori|move: Trick|[of] p1a: Regieleki\n|-item|p1a: Regieleki|Choice Scarf|[from] move: Trick\n|-item|p2a: Munkidori|Light Clay|[from] move: Trick\n|\n|upkeep\n|turn|2\n|c| gosensia|mucha suerte\n|c| gosensia|aqui mucha agresividad\n|\n|t:|1700081462\n|move|p1a: Regieleki|Volt Switch|p2a: Munkidori\n|-damage|p2a: Munkidori|60\/100\n|\n|t:|1700081473\n|switch|p1a: Mudsdale|Mudsdale, F|100\/100|[from] Volt Switch\n|move|p2a: Munkidori|Parting Shot|p1a: Mudsdale\n|-unboost|p1a: Mudsdale|atk|1\n|-unboost|p1a: Mudsdale|spa|1\n|\n|t:|1700081492\n|switch|p2a: Klefki|Klefki, M, shiny|100\/100|[from] Parting Shot\n|\n|upkeep\n|turn|3\n|c| balutalol|que puerco el munkidori\n|c| balutalol|me encanta\n|\n|t:|1700081510\n|move|p2a: Klefki|Reflect|p2a: Klefki\n|-sidestart|p2: Chamuscos|Reflect\n|move|p1a: Mudsdale|Stealth Rock|p2a: Klefki\n|-sidestart|p2: Chamuscos|move: Stealth Rock\n|\n|upkeep\n|turn|4\n|c| gosensia|a mi tmb kskfskdj\n|\n|t:|1700081526\n|move|p2a: Klefki|Light Screen|p2a: Klefki\n|-sidestart|p2: Chamuscos|move: Light Screen\n|move|p1a: Mudsdale|Earthquake|p2a: Klefki\n|-supereffective|p2a: Klefki\n|-damage|p2a: Klefki|72\/100\n|\n|upkeep\n|turn|5\n|\n|t:|1700081546\n|move|p2a: Klefki|Thunder Wave|p1a: Mudsdale\n|-immune|p1a: Mudsdale\n|move|p1a: Mudsdale|Body Press|p2a: Klefki\n|-damage|p2a: Klefki|59\/100\n|\n|upkeep\n|turn|6\n|c|\u2606Chamuscos|Soy retrasado\n|c|\u2606Chamuscos|Laxus mental\n|\n|t:|1700081572\n|switch|p2a: Rotom|Rotom-Wash|100\/100\n|-damage|p2a: Rotom|88\/100|[from] Stealth Rock\n|move|p1a: Mudsdale|Body Press|p2a: Rotom\n|-damage|p2a: Rotom|74\/100\n|\n|-heal|p2a: Rotom|80\/100|[from] item: Leftovers\n|upkeep\n|turn|7\n|\n|t:|1700081597\n|switch|p1a: Iron Leaves|Iron Leaves|100\/100\n|-enditem|p1a: Iron Leaves|Booster Energy\n|-activate|p1a: Iron Leaves|ability: Quark Drive|[fromitem]\n|-start|p1a: Iron Leaves|quarkdriveatk\n|move|p2a: Rotom|Hydro Pump|p1a: Iron Leaves\n|-resisted|p1a: Iron Leaves\n|-damage|p1a: Iron Leaves|90\/100\n|\n|-heal|p2a: Rotom|86\/100|[from] item: Leftovers\n|upkeep\n|turn|8\n|l| gosensia\n|j| gosensia\n|\n|t:|1700081640\n|switch|p2a: Roaring Moon|Roaring Moon|100\/100\n|-damage|p2a: Roaring Moon|88\/100|[from] Stealth Rock\n|-enditem|p2a: Roaring Moon|Booster Energy\n|-activate|p2a: Roaring Moon|ability: Protosynthesis|[fromitem]\n|-start|p2a: Roaring Moon|protosynthesisatk\n|move|p1a: Iron Leaves|Trailblaze|p2a: Roaring Moon\n|-resisted|p2a: Roaring Moon\n|-damage|p2a: Roaring Moon|77\/100\n|-boost|p1a: Iron Leaves|spe|1\n|\n|-sideend|p1: Zapatillazo34|move: Light Screen\n|upkeep\n|turn|9\n|\n|t:|1700081674\n|-end|p2a: Roaring Moon|Protosynthesis|[silent]\n|switch|p2a: Munkidori|Munkidori, M|60\/100\n|-damage|p2a: Munkidori|48\/100|[from] Stealth Rock\n|move|p1a: Iron Leaves|Close Combat|p2a: Munkidori\n|-resisted|p2a: Munkidori\n|-damage|p2a: Munkidori|41\/100\n|-unboost|p1a: Iron Leaves|def|1\n|-unboost|p1a: Iron Leaves|spd|1\n|\n|upkeep\n|turn|10\n|c| gosensia|tension\n|\n|t:|1700081703\n|-end|p1a: Iron Leaves|Quark Drive|[silent]\n|switch|p1a: Mudsdale|Mudsdale, F|100\/100\n|move|p2a: Munkidori|Parting Shot|p1a: Mudsdale\n|-unboost|p1a: Mudsdale|atk|1\n|-unboost|p1a: Mudsdale|spa|1\n|\n|t:|1700081725\n|switch|p2a: Klefki|Klefki, M, shiny|59\/100|[from] Parting Shot\n|-damage|p2a: Klefki|52\/100|[from] Stealth Rock\n|\n|-sideend|p2: Chamuscos|Reflect\n|upkeep\n|turn|11\n|\n|t:|1700081739\n|move|p2a: Klefki|Reflect|p2a: Klefki\n|-sidestart|p2: Chamuscos|Reflect\n|move|p1a: Mudsdale|Body Press|p2a: Klefki\n|-damage|p2a: Klefki|40\/100\n|\n|-sideend|p2: Chamuscos|move: Light Screen\n|upkeep\n|turn|12\n|\n|t:|1700081746\n|switch|p2a: Rotom|Rotom-Wash|86\/100\n|-damage|p2a: Rotom|74\/100|[from] Stealth Rock\n|move|p1a: Mudsdale|Body Press|p2a: Rotom\n|-damage|p2a: Rotom|57\/100\n|\n|-heal|p2a: Rotom|63\/100|[from] item: Leftovers\n|upkeep\n|turn|13\n|\n|t:|1700081759\n|switch|p1a: Iron Leaves|Iron Leaves|90\/100\n|move|p2a: Rotom|Volt Switch|p1a: Iron Leaves\n|-resisted|p1a: Iron Leaves\n|-damage|p1a: Iron Leaves|76\/100\n|\n|t:|1700081769\n|switch|p2a: Chi-Yu|Chi-Yu|100\/100|[from] Volt Switch\n|-damage|p2a: Chi-Yu|76\/100|[from] Stealth Rock\n|-ability|p2a: Chi-Yu|Beads of Ruin\n|\n|upkeep\n|turn|14\n|\n|t:|1700081795\n|-end|p1a: Iron Leaves|Quark Drive|[silent]\n|switch|p1a: Mudsdale|Mudsdale, F|100\/100\n|move|p2a: Chi-Yu|Overheat|p1a: Mudsdale\n|-damage|p1a: Mudsdale|0 fnt\n|-unboost|p2a: Chi-Yu|spa|2\n|faint|p1a: Mudsdale\n|\n|upkeep\n|c| gosensia|que locura el pez\n|c| balutalol|donde est\u00e1 el moteeeeee\n|c| balutalol|!!\n|c| gosensia|es verda\n|\n|t:|1700081823\n|switch|p1a: Flareon|Flareon, M|100\/100\n|turn|15\n|c| balutalol|\ud83d\ude21\n|\n|t:|1700081838\n|switch|p2a: Rotom|Rotom-Wash|63\/100\n|-damage|p2a: Rotom|51\/100|[from] Stealth Rock\n|move|p1a: Flareon|Trailblaze|p2a: Rotom\n|-supereffective|p2a: Rotom\n|-damage|p2a: Rotom|25\/100\n|-boost|p1a: Flareon|spe|1\n|\n|-heal|p2a: Rotom|32\/100|[from] item: Leftovers\n|-status|p1a: Flareon|tox|[from] item: Toxic Orb\n|upkeep\n|turn|16\n|c| gosensia|no hay motes efe\n|\n|t:|1700081865\n|-terastallize|p1a: Flareon|Normal\n|move|p1a: Flareon|Facade|p2a: Rotom\n|-damage|p2a: Rotom|0 fnt\n|faint|p2a: Rotom\n|\n|-damage|p1a: Flareon|95\/100 tox|[from] psn\n|upkeep\n|\n|t:|1700081876\n|switch|p2a: Chi-Yu|Chi-Yu|76\/100\n|-damage|p2a: Chi-Yu|51\/100|[from] Stealth Rock\n|-ability|p2a: Chi-Yu|Beads of Ruin\n|turn|17\n|\n|t:|1700081897\n|move|p2a: Chi-Yu|Overheat|p1a: Flareon\n|-damage|p1a: Flareon|0 fnt\n|-unboost|p2a: Chi-Yu|spa|2\n|faint|p1a: Flareon\n|\n|upkeep\n|c| balutalol|bye\n|\n|t:|1700081912\n|switch|p1a: Maushold|Maushold|100\/100\n|turn|18\n|\n|t:|1700081918\n|switch|p2a: Quagsire|Quagsire, M|100\/100\n|-damage|p2a: Quagsire|94\/100|[from] Stealth Rock\n|move|p1a: Maushold|Tidy Up|p1a: Maushold\n|-sideend|p2: Chamuscos|Stealth Rock\n|-activate|p1a: Maushold|move: Tidy Up\n|-boost|p1a: Maushold|atk|1\n|-boost|p1a: Maushold|spe|1\n|\n|-sideend|p2: Chamuscos|Reflect\n|upkeep\n|turn|19\n|c| gosensia|ala\n|\n|t:|1700081932\n|move|p1a: Maushold|Population Bomb|p2a: Quagsire\n|-damage|p2a: Quagsire|87\/100\n|-damage|p1a: Maushold|84\/100|[from] item: Rocky Helmet|[of] p2a: Quagsire\n|-damage|p2a: Quagsire|79\/100\n|-damage|p1a: Maushold|67\/100|[from] item: Rocky Helmet|[of] p2a: Quagsire\n|-damage|p2a: Quagsire|72\/100\n|-damage|p1a: Maushold|51\/100|[from] item: Rocky Helmet|[of] p2a: Quagsire\n|-damage|p2a: Quagsire|63\/100\n|-damage|p1a: Maushold|34\/100|[from] item: Rocky Helmet|[of] p2a: Quagsire\n|-damage|p2a: Quagsire|55\/100\n|-damage|p1a: Maushold|17\/100|[from] item: Rocky Helmet|[of] p2a: Quagsire\n|-damage|p2a: Quagsire|48\/100\n|-damage|p1a: Maushold|1\/100|[from] item: Rocky Helmet|[of] p2a: Quagsire\n|-damage|p2a: Quagsire|41\/100\n|-damage|p1a: Maushold|0 fnt|[from] item: Rocky Helmet|[of] p2a: Quagsire\n|faint|p1a: Maushold\n|-hitcount|p2a: Quagsire|7\n|move|p2a: Quagsire|Recover|p2a: Quagsire\n|-heal|p2a: Quagsire|91\/100\n|\n|upkeep\n|c| balutalol|a ver\n|c| balutalol|DX\n|c| balutalol|increible\n|\n|t:|1700081954\n|switch|p1a: Iron Leaves|Iron Leaves|76\/100\n|turn|20\n|c| gosensia|quagsire loco\n|\n|t:|1700081994\n|switch|p2a: Roaring Moon|Roaring Moon|77\/100\n|move|p1a: Iron Leaves|Trailblaze|p2a: Roaring Moon\n|-resisted|p2a: Roaring Moon\n|-damage|p2a: Roaring Moon|60\/100\n|-boost|p1a: Iron Leaves|spe|1\n|\n|upkeep\n|turn|21\n|\n|t:|1700082062\n|-end|p2a: Roaring Moon|Protosynthesis|[silent]\n|switch|p2a: Munkidori|Munkidori, M|41\/100\n|move|p1a: Iron Leaves|Swords Dance|p1a: Iron Leaves\n|-boost|p1a: Iron Leaves|atk|2\n|\n|upkeep\n|turn|22\n|\n|t:|1700082082\n|move|p1a: Iron Leaves|Psyblade|p2a: Munkidori\n|-damage|p2a: Munkidori|0 fnt\n|faint|p2a: Munkidori\n|\n|upkeep\n|\n|t:|1700082089\n|switch|p2a: Klefki|Klefki, M, shiny|40\/100\n|turn|23\n|\n|t:|1700082098\n|move|p2a: Klefki|Reflect|p2a: Klefki\n|-sidestart|p2: Chamuscos|Reflect\n|move|p1a: Iron Leaves|Close Combat|p2a: Klefki\n|-damage|p2a: Klefki|0 fnt\n|-unboost|p1a: Iron Leaves|def|1\n|-unboost|p1a: Iron Leaves|spd|1\n|faint|p2a: Klefki\n|\n|upkeep\n|c| balutalol|emm\n|c| balutalol|gana zapa no?\n|c| gosensia|bi\n|c| gosensia|no\n|c| balutalol|no?\n|j| Rubenator_64\n|c| gosensia|aun no lo veo\n|c| Rubenator_64|ola\n|c| gosensia|bueno si\n|c| balutalol|ola\n|c| gosensia|si gana si\n|c| balutalol|depende de una cosa\n|\n|t:|1700082152\n|switch|p2a: Chi-Yu|Chi-Yu|51\/100\n|-ability|p2a: Chi-Yu|Beads of Ruin\n|turn|24\n|c| balutalol|pero no se puede desir\n|\n|t:|1700082170\n|move|p1a: Iron Leaves|Close Combat|p2a: Chi-Yu\n|-supereffective|p2a: Chi-Yu\n|-damage|p2a: Chi-Yu|0 fnt\n|-unboost|p1a: Iron Leaves|def|1\n|-unboost|p1a: Iron Leaves|spd|1\n|faint|p2a: Chi-Yu\n|\n|upkeep\n|\n|t:|1700082178\n|switch|p2a: Quagsire|Quagsire, M|91\/100\n|turn|25\n|\n|t:|1700082184\n|move|p1a: Iron Leaves|Trailblaze|p2a: Quagsire\n|-supereffective|p2a: Quagsire\n|-damage|p2a: Quagsire|49\/100\n|-boost|p1a: Iron Leaves|spe|1\n|-damage|p1a: Iron Leaves|59\/100|[from] item: Rocky Helmet|[of] p2a: Quagsire\n|move|p2a: Quagsire|Toxic|p1a: Iron Leaves|[miss]\n|-miss|p2a: Quagsire|p1a: Iron Leaves\n|\n|upkeep\n|turn|26\n|c| gosensia|joe\n|\n|t:|1700082194\n|move|p1a: Iron Leaves|Trailblaze|p2a: Quagsire\n|-supereffective|p2a: Quagsire\n|-damage|p2a: Quagsire|11\/100\n|-boost|p1a: Iron Leaves|spe|1\n|-damage|p1a: Iron Leaves|43\/100|[from] item: Rocky Helmet|[of] p2a: Quagsire\n|move|p2a: Quagsire|Recover|p2a: Quagsire\n|-heal|p2a: Quagsire|61\/100\n|\n|upkeep\n|turn|27\n|\n|t:|1700082204\n|move|p1a: Iron Leaves|Trailblaze|p2a: Quagsire\n|-supereffective|p2a: Quagsire\n|-damage|p2a: Quagsire|26\/100\n|-boost|p1a: Iron Leaves|spe|1\n|-damage|p1a: Iron Leaves|26\/100|[from] item: Rocky Helmet|[of] p2a: Quagsire\n|move|p2a: Quagsire|Recover|p2a: Quagsire\n|-heal|p2a: Quagsire|76\/100\n|\n|upkeep\n|turn|28\n|c| balutalol|nonjodas\n|\n|t:|1700082214\n|move|p1a: Iron Leaves|Trailblaze|p2a: Quagsire\n|-supereffective|p2a: Quagsire\n|-damage|p2a: Quagsire|37\/100\n|-boost|p1a: Iron Leaves|spe|1\n|-damage|p1a: Iron Leaves|10\/100|[from] item: Rocky Helmet|[of] p2a: Quagsire\n|move|p2a: Quagsire|Recover|p2a: Quagsire\n|-heal|p2a: Quagsire|87\/100\n|\n|upkeep\n|turn|29\n|c| balutalol|puto quagsire\n|\n|t:|1700082226\n|move|p1a: Iron Leaves|Swords Dance|p1a: Iron Leaves\n|-boost|p1a: Iron Leaves|atk|2\n|move|p2a: Quagsire|Recover|p2a: Quagsire\n|-heal|p2a: Quagsire|100\/100\n|\n|upkeep\n|turn|30\n|c| gosensia|como aguanta\n|c| gosensia|es una locura\n|c| balutalol|naa por un turno el reflect\n|inactive|Battle timer is ON: inactive players will automatically lose when time's up. (requested by Chamuscos)\n|c| gosensia|sergio actua\n|\n|t:|1700082329\n|move|p1a: Iron Leaves|Swords Dance|p1a: Iron Leaves\n|-boost|p1a: Iron Leaves|atk|2\n|move|p2a: Quagsire|Earthquake|p1a: Iron Leaves\n|-resisted|p1a: Iron Leaves\n|-damage|p1a: Iron Leaves|0 fnt\n|faint|p1a: Iron Leaves\n|-end|p1a: Iron Leaves|Quark Drive|[silent]\n|\n|-sideend|p2: Chamuscos|Reflect\n|upkeep\n|c| gosensia|ajkdalskd\n|\n|t:|1700082338\n|switch|p1a: Dragapult|Dragapult, F|100\/100\n|turn|31\n|inactive|Zapatillazo34 has 270 seconds left.\n|\n|t:|1700082383\n|move|p1a: Dragapult|Draco Meteor|p2a: Quagsire\n|-damage|p2a: Quagsire|0 fnt\n|-unboost|p1a: Dragapult|spa|2\n|faint|p2a: Quagsire\n|\n|upkeep\n|c| Rubenator_64|Ostia\n|\n|t:|1700082389\n|switch|p2a: Roaring Moon|Roaring Moon|60\/100\n|turn|32\n|c| balutalol|ostiaaa\n|\n|t:|1700082401\n|switch|p1a: Regieleki|Regieleki|100\/100\n|move|p2a: Roaring Moon|Dragon Dance|p2a: Roaring Moon\n|-boost|p2a: Roaring Moon|atk|1\n|-boost|p2a: Roaring Moon|spe|1\n|\n|upkeep\n|turn|33\n|c| gosensia|el dragapult lo que pega\n|c| balutalol|no\n|c| gosensia|que\n|c| balutalol|que\n|\n|t:|1700082429\n|move|p1a: Regieleki|Reflect|p1a: Regieleki\n|-sidestart|p1: Zapatillazo34|Reflect\n|move|p2a: Roaring Moon|Earthquake|p1a: Regieleki\n|-supereffective|p1a: Regieleki\n|-damage|p1a: Regieleki|0 fnt\n|faint|p1a: Regieleki\n|\n|upkeep\n|\n|t:|1700082434\n|switch|p1a: Dragapult|Dragapult, F|100\/100\n|turn|34\n|c|\u2606Zapatillazo34|que sea lo que sea\n|inactive|Zapatillazo34 has 240 seconds left.\n|c|\u2606Zapatillazo34|gg\n|c| balutalol|buen throw\n|c| balutalol|gg\n|c|\u2606Zapatillazo34|pase lo que pase\n|c| balutalol|DX\n|\n|t:|1700082456\n|move|p2a: Roaring Moon|Dragon Claw|p1a: Dragapult\n|-supereffective|p1a: Dragapult\n|-damage|p1a: Dragapult|3\/100\n|move|p1a: Dragapult|Draco Meteor|p2a: Roaring Moon\n|-supereffective|p2a: Roaring Moon\n|-damage|p2a: Roaring Moon|0 fnt\n|-unboost|p1a: Dragapult|spa|2\n|faint|p2a: Roaring Moon\n|-end|p2a: Roaring Moon|Protosynthesis|[silent]\n|\n|win|Zapatillazo34\n|c| gosensia|estoy flipando\n|c| balutalol|nannana\n|c| balutalol|dasuidasdhasdas\n|c| gosensia|dios mio\n|c| balutalol|dhasdsa\n|c| gosensia|que es esto\n|c| balutalol|jaasjhgasd\n|c| Rubenator_64|Dios\n|c| gosensia|sdklfjsdlf\n|c| balutalol|me meo\n|c|\u2606Zapatillazo34|gg\n|c| gosensia|madre mia\n|c| balutalol|zapa\n|c| balutalol|god\n|c| balutalol|no wat\n|c| gosensia|gg\n|c| Rubenator_64|gg\n|c| balutalol|way\n|c|\u2606Chamuscos|gg\n|c| balutalol|una polla\n|l| Rubenator_64\n|c| balutalol|gg\n|l|\u2606Chamuscos\n|l|\u2606Zapatillazo34\n|l| balutalol\n|j| balutalol\n","uploadtime":1700082880,"views":21,"p1id":"zapatillazo34","p2id":"chamuscos","formatid":"gen9ubers","rating":0,"private":0,"password":""}