{"id":"gen9ubers-1972740114","p1":"masterash","p2":"Corvusbb","format":"[Gen 9] Ubers","log":"|j|\u2606masterash\n|j|\u2606Corvusbb\n|t:|1697887772\n|gametype|singles\n|player|p1|masterash|hilbert|1229\n|player|p2|Corvusbb|n|1129\n|teamsize|p1|6\n|teamsize|p2|6\n|gen|9\n|tier|[Gen 9] Ubers\n|rated|\n|rule|Sleep Clause Mod: Limit one foe put to sleep\n|rule|Species Clause: Limit one of each Pok\u00e9mon\n|rule|OHKO Clause: OHKO moves are banned\n|rule|Evasion Items Clause: Evasion items are banned\n|rule|Evasion Moves Clause: Evasion moves are banned\n|rule|Endless Battle Clause: Forcing endless battles is banned\n|rule|HP Percentage Mod: HP is shown in percentages\n|clearpoke\n|poke|p1|Meowscarada, M|\n|poke|p1|Tinkaton, F|\n|poke|p1|Annihilape, M|\n|poke|p1|Scream Tail|\n|poke|p1|Iron Moth|\n|poke|p1|Palafin, F|\n|poke|p2|Chien-Pao|\n|poke|p2|Flutter Mane|\n|poke|p2|Iron Bundle|\n|poke|p2|Ursaluna-Bloodmoon, M|\n|poke|p2|Volcarona, M|\n|poke|p2|Zacian-*|\n|teampreview\n|\n|t:|1697887784\n|start\n|switch|p1a: Palafin|Palafin, F|100\/100\n|switch|p2a: Ursaluna|Ursaluna-Bloodmoon, M|100\/100\n|turn|1\n|\n|t:|1697887791\n|move|p1a: Palafin|Flip Turn|p2a: Ursaluna\n|-supereffective|p2a: Ursaluna\n|-damage|p2a: Ursaluna|55\/100\n|\n|t:|1697887799\n|detailschange|p1a: Palafin|Palafin-Hero, F\n|switch|p1a: Tinkaton|Tinkaton, F|100\/100|[from] Flip Turn\n|move|p2a: Ursaluna|Blood Moon|p1a: Tinkaton\n|-resisted|p1a: Tinkaton\n|-damage|p1a: Tinkaton|70\/100\n|\n|-heal|p1a: Tinkaton|76\/100|[from] item: Leftovers\n|-heal|p2a: Ursaluna|61\/100|[from] item: Leftovers\n|upkeep\n|turn|2\n|\n|t:|1697887808\n|move|p1a: Tinkaton|Encore|p2a: Ursaluna\n|-start|p2a: Ursaluna|Encore\n|move|p2a: Ursaluna|Blood Moon|p1a: Tinkaton\n|-resisted|p1a: Tinkaton\n|-damage|p1a: Tinkaton|48\/100\n|-hint|Some effects can force a Pokemon to use Blood Moon again in a row.\n|\n|-heal|p1a: Tinkaton|55\/100|[from] item: Leftovers\n|-heal|p2a: Ursaluna|67\/100|[from] item: Leftovers\n|upkeep\n|turn|3\n|\n|t:|1697887819\n|switch|p2a: Volcarona|Volcarona, M|100\/100\n|move|p1a: Tinkaton|Knock Off|p2a: Volcarona\n|-damage|p2a: Volcarona|74\/100\n|-enditem|p2a: Volcarona|Heavy-Duty Boots|[from] move: Knock Off|[of] p1a: Tinkaton\n|\n|-heal|p1a: Tinkaton|61\/100|[from] item: Leftovers\n|upkeep\n|turn|4\n|\n|t:|1697887829\n|switch|p1a: Palafin|Palafin-Hero, F|100\/100\n|-activate|p1a: Palafin|ability: Zero to Hero\n|move|p2a: Volcarona|Fiery Dance|p1a: Palafin\n|-resisted|p1a: Palafin\n|-crit|p1a: Palafin\n|-damage|p1a: Palafin|59\/100\n|-boost|p2a: Volcarona|spa|1\n|\n|upkeep\n|turn|5\n|\n|t:|1697887838\n|-terastallize|p2a: Volcarona|Grass\n|move|p1a: Palafin|Jet Punch|p2a: Volcarona\n|-resisted|p2a: Volcarona\n|-damage|p2a: Volcarona|29\/100\n|-status|p1a: Palafin|brn|[from] ability: Flame Body|[of] p2a: Volcarona\n|move|p2a: Volcarona|Quiver Dance|p2a: Volcarona\n|-boost|p2a: Volcarona|spa|1\n|-boost|p2a: Volcarona|spd|1\n|-boost|p2a: Volcarona|spe|1\n|\n|-damage|p1a: Palafin|53\/100 brn|[from] brn\n|upkeep\n|turn|6\n|\n|t:|1697887849\n|move|p1a: Palafin|Jet Punch|p2a: Volcarona\n|-resisted|p2a: Volcarona\n|-damage|p2a: Volcarona|9\/100\n|move|p2a: Volcarona|Giga Drain|p1a: Palafin\n|-supereffective|p1a: Palafin\n|-damage|p1a: Palafin|0 fnt\n|-heal|p2a: Volcarona|38\/100|[from] drain|[of] p1a: Palafin\n|faint|p1a: Palafin\n|\n|upkeep\n|\n|t:|1697887858\n|switch|p1a: Iron Moth|Iron Moth|100\/100\n|-enditem|p1a: Iron Moth|Booster Energy\n|-activate|p1a: Iron Moth|ability: Quark Drive|[fromitem]\n|-start|p1a: Iron Moth|quarkdrivespa\n|turn|7\n|\n|t:|1697887868\n|move|p2a: Volcarona|Fiery Dance|p1a: Iron Moth\n|-resisted|p1a: Iron Moth\n|-damage|p1a: Iron Moth|50\/100\n|-boost|p2a: Volcarona|spa|1\n|move|p1a: Iron Moth|Fiery Dance|p2a: Volcarona\n|-supereffective|p2a: Volcarona\n|-damage|p2a: Volcarona|0 fnt\n|faint|p2a: Volcarona\n|\n|upkeep\n|\n|t:|1697887872\n|switch|p2a: Chien-Pao|Chien-Pao|100\/100\n|-ability|p2a: Chien-Pao|Sword of Ruin\n|turn|8\n|\n|t:|1697887879\n|move|p2a: Chien-Pao|Sucker Punch||[still]\n|-fail|p2a: Chien-Pao\n|move|p1a: Iron Moth|Toxic Spikes|p2a: Chien-Pao\n|-sidestart|p2: Corvusbb|move: Toxic Spikes\n|\n|upkeep\n|turn|9\n|\n|t:|1697887887\n|move|p2a: Chien-Pao|Sucker Punch||[still]\n|-fail|p2a: Chien-Pao\n|move|p1a: Iron Moth|Toxic Spikes|p2a: Chien-Pao\n|-sidestart|p2: Corvusbb|move: Toxic Spikes\n|\n|upkeep\n|turn|10\n|\n|t:|1697887895\n|switch|p2a: Flutter Mane|Flutter Mane|100\/100\n|-status|p2a: Flutter Mane|tox\n|-enditem|p2a: Flutter Mane|Booster Energy\n|-activate|p2a: Flutter Mane|ability: Protosynthesis|[fromitem]\n|-start|p2a: Flutter Mane|protosynthesisspa\n|-end|p1a: Iron Moth|Quark Drive|[silent]\n|switch|p1a: Annihilape|Annihilape, M|100\/100\n|\n|-damage|p2a: Flutter Mane|95\/100 tox|[from] psn\n|upkeep\n|turn|11\n|\n|t:|1697887906\n|-terastallize|p1a: Annihilape|Fairy\n|move|p2a: Flutter Mane|Moonblast|p1a: Annihilape\n|-damage|p1a: Annihilape|52\/100\n|-unboost|p1a: Annihilape|spa|1\n|-ability|p1a: Annihilape|Defiant|boost\n|-boost|p1a: Annihilape|atk|2\n|move|p1a: Annihilape|Bulk Up|p1a: Annihilape\n|-boost|p1a: Annihilape|atk|1\n|-boost|p1a: Annihilape|def|1\n|\n|-heal|p1a: Annihilape|58\/100|[from] item: Leftovers\n|-damage|p2a: Flutter Mane|83\/100 tox|[from] psn\n|upkeep\n|turn|12\n|\n|t:|1697887918\n|move|p2a: Flutter Mane|Shadow Ball|p1a: Annihilape\n|-damage|p1a: Annihilape|19\/100\n|move|p1a: Annihilape|Rage Fist|p2a: Flutter Mane\n|-supereffective|p2a: Flutter Mane\n|-damage|p2a: Flutter Mane|0 fnt\n|faint|p2a: Flutter Mane\n|-end|p2a: Flutter Mane|Protosynthesis|[silent]\n|\n|-heal|p1a: Annihilape|25\/100|[from] item: Leftovers\n|upkeep\n|\n|t:|1697887921\n|switch|p2a: Chien-Pao|Chien-Pao|100\/100\n|-status|p2a: Chien-Pao|tox\n|-ability|p2a: Chien-Pao|Sword of Ruin\n|turn|13\n|\n|t:|1697887932\n|move|p2a: Chien-Pao|Crunch|p1a: Annihilape\n|-resisted|p1a: Annihilape\n|-damage|p1a: Annihilape|0 fnt\n|faint|p1a: Annihilape\n|\n|-damage|p2a: Chien-Pao|95\/100 tox|[from] psn\n|upkeep\n|\n|t:|1697887939\n|switch|p1a: Tinkaton|Tinkaton, F|61\/100\n|turn|14\n|\n|t:|1697887943\n|switch|p2a: Iron Bundle|Iron Bundle, shiny|100\/100\n|-status|p2a: Iron Bundle|tox\n|-enditem|p2a: Iron Bundle|Booster Energy\n|-activate|p2a: Iron Bundle|ability: Quark Drive|[fromitem]\n|-start|p2a: Iron Bundle|quarkdrivespe\n|move|p1a: Tinkaton|Gigaton Hammer|p2a: Iron Bundle\n|-damage|p2a: Iron Bundle|44\/100 tox\n|\n|-heal|p1a: Tinkaton|67\/100|[from] item: Leftovers\n|-damage|p2a: Iron Bundle|38\/100 tox|[from] psn\n|upkeep\n|turn|15\n|\n|t:|1697887956\n|move|p2a: Iron Bundle|Hydro Pump|p1a: Tinkaton\n|-damage|p1a: Tinkaton|32\/100\n|move|p1a: Tinkaton|Swords Dance|p1a: Tinkaton\n|-boost|p1a: Tinkaton|atk|2\n|\n|-heal|p1a: Tinkaton|38\/100|[from] item: Leftovers\n|-damage|p2a: Iron Bundle|26\/100 tox|[from] psn\n|upkeep\n|turn|16\n|\n|t:|1697887964\n|move|p2a: Iron Bundle|Hydro Pump|p1a: Tinkaton\n|-damage|p1a: Tinkaton|0 fnt\n|faint|p1a: Tinkaton\n|\n|-damage|p2a: Iron Bundle|8\/100 tox|[from] psn\n|upkeep\n|\n|t:|1697887969\n|switch|p1a: Scream Tail|Scream Tail|100\/100\n|turn|17\n|\n|t:|1697887974\n|move|p2a: Iron Bundle|Ice Beam|p1a: Scream Tail\n|-damage|p1a: Scream Tail|70\/100\n|move|p1a: Scream Tail|Stealth Rock|p2a: Iron Bundle\n|-sidestart|p2: Corvusbb|move: Stealth Rock\n|\n|-damage|p2a: Iron Bundle|0 fnt|[from] psn\n|faint|p2a: Iron Bundle\n|-end|p2a: Iron Bundle|Quark Drive|[silent]\n|upkeep\n|\n|t:|1697887979\n|switch|p2a: Ursaluna|Ursaluna-Bloodmoon, M|67\/100\n|-status|p2a: Ursaluna|tox\n|-damage|p2a: Ursaluna|61\/100 tox|[from] Stealth Rock\n|turn|18\n|\n|t:|1697887985\n|move|p1a: Scream Tail|Wish|p1a: Scream Tail\n|move|p2a: Ursaluna|Calm Mind|p2a: Ursaluna\n|-boost|p2a: Ursaluna|spa|1\n|-boost|p2a: Ursaluna|spd|1\n|\n|-heal|p2a: Ursaluna|67\/100 tox|[from] item: Leftovers\n|-damage|p2a: Ursaluna|61\/100 tox|[from] psn\n|upkeep\n|turn|19\n|\n|t:|1697887994\n|move|p1a: Scream Tail|Dazzling Gleam|p2a: Ursaluna\n|-damage|p2a: Ursaluna|46\/100 tox\n|move|p2a: Ursaluna|Blood Moon|p1a: Scream Tail\n|-damage|p1a: Scream Tail|0 fnt\n|faint|p1a: Scream Tail\n|-end|p1a: Scream Tail|Protosynthesis|[silent]\n|\n|-heal|p2a: Ursaluna|52\/100 tox|[from] item: Leftovers\n|-damage|p2a: Ursaluna|40\/100 tox|[from] psn\n|upkeep\n|inactive|Battle timer is ON: inactive players will automatically lose when time's up. (requested by Corvusbb)\n|\n|t:|1697888003\n|switch|p1a: Iron Moth|Iron Moth|50\/100\n|turn|20\n|\n|t:|1697888007\n|move|p1a: Iron Moth|Energy Ball|p2a: Ursaluna\n|-supereffective|p2a: Ursaluna\n|-damage|p2a: Ursaluna|0 fnt\n|faint|p2a: Ursaluna\n|\n|upkeep\n|\n|t:|1697888012\n|switch|p2a: Zacian|Zacian-Crowned|100\/100\n|-damage|p2a: Zacian|94\/100|[from] Stealth Rock\n|-ability|p2a: Zacian|Intrepid Sword|boost\n|-boost|p2a: Zacian|atk|1\n|turn|21\n|\n|t:|1697888019\n|move|p1a: Iron Moth|Fiery Dance|p2a: Zacian\n|-supereffective|p2a: Zacian\n|-damage|p2a: Zacian|22\/100\n|move|p2a: Zacian|Play Rough|p1a: Iron Moth\n|-resisted|p1a: Iron Moth\n|-crit|p1a: Iron Moth\n|-damage|p1a: Iron Moth|2\/100\n|\n|upkeep\n|turn|22\n|\n|t:|1697888026\n|move|p1a: Iron Moth|Fiery Dance|p2a: Zacian\n|-supereffective|p2a: Zacian\n|-damage|p2a: Zacian|0 fnt\n|-boost|p1a: Iron Moth|spa|1\n|faint|p2a: Zacian\n|\n|upkeep\n|\n|t:|1697888029\n|switch|p2a: Chien-Pao|Chien-Pao|95\/100 tox\n|-damage|p2a: Chien-Pao|70\/100 tox|[from] Stealth Rock\n|-ability|p2a: Chien-Pao|Sword of Ruin\n|turn|23\n|\n|t:|1697888039\n|move|p2a: Chien-Pao|Crunch|p1a: Iron Moth\n|-damage|p1a: Iron Moth|0 fnt\n|faint|p1a: Iron Moth\n|-end|p1a: Iron Moth|Quark Drive|[silent]\n|\n|-damage|p2a: Chien-Pao|64\/100 tox|[from] psn\n|upkeep\n|\n|t:|1697888044\n|switch|p1a: Meowscarada|Meowscarada, M|100\/100\n|turn|24\n|\n|t:|1697888047\n|move|p1a: Meowscarada|Play Rough|p2a: Chien-Pao\n|-start|p1a: Meowscarada|typechange|Fairy|[from] ability: Protean\n|-supereffective|p2a: Chien-Pao\n|-crit|p2a: Chien-Pao\n|-damage|p2a: Chien-Pao|0 fnt\n|faint|p2a: Chien-Pao\n|\n|win|masterash\n|raw|masterash's rating: 1229 &rarr; <strong>1247<\/strong><br \/>(+18 for winning)\n|raw|Corvusbb's rating: 1129 &rarr; <strong>1111<\/strong><br \/>(-18 for losing)\n|c|\u2606masterash|GG\n|l|\u2606Corvusbb\n","uploadtime":1697888072,"views":31,"p1id":"masterash","p2id":"corvusbb","formatid":"gen9ubers","rating":1111,"private":0,"password":""}