{"id":"gen9ubers-1990787772","p1":"dingusmkyeetus","p2":"Thiago artista","format":"[Gen 9] Ubers","log":"|j|\u203ddingusmkyeetus\n|j|\u2606Thiago artista\n|t:|1700000860\n|gametype|singles\n|player|p1|dingusmkyeetus|266|1061\n|player|p2|Thiago artista|gambler|1174\n|teamsize|p1|6\n|teamsize|p2|6\n|gen|9\n|tier|[Gen 9] Ubers\n|rated|\n|rule|Sleep Clause Mod: Limit one foe put to sleep\n|rule|Species Clause: Limit one of each Pok\u00e9mon\n|rule|OHKO Clause: OHKO moves are banned\n|rule|Evasion Items Clause: Evasion items are banned\n|rule|Evasion Moves Clause: Evasion moves are banned\n|rule|Endless Battle Clause: Forcing endless battles is banned\n|rule|HP Percentage Mod: HP is shown in percentages\n|clearpoke\n|poke|p1|Sneasler, M|\n|poke|p1|Palkia-Origin|\n|poke|p1|Gliscor, M|\n|poke|p1|Arceus-Fire|\n|poke|p1|Grimmsnarl, M|\n|poke|p1|Kleavor, F|\n|poke|p2|Noivern, F|\n|poke|p2|Haxorus, F|\n|poke|p2|Baxcalibur, M|\n|poke|p2|Miraidon|\n|poke|p2|Goodra-Hisui, F|\n|poke|p2|Altaria, M|\n|teampreview\n|\n|t:|1700000868\n|start\n|switch|p1a: Kleavor|Kleavor, F|100\/100\n|switch|p2a: Baxcalibur|Baxcalibur, M|100\/100\n|turn|1\n|\n|t:|1700000875\n|move|p1a: Kleavor|Stone Axe|p2a: Baxcalibur\n|-supereffective|p2a: Baxcalibur\n|-damage|p2a: Baxcalibur|0 fnt\n|-sidestart|p2: Thiago artista|move: Stealth Rock\n|faint|p2a: Baxcalibur\n|\n|upkeep\n|\n|t:|1700000882\n|switch|p2a: Goodra|Goodra-Hisui, F|100\/100\n|-damage|p2a: Goodra|94\/100|[from] Stealth Rock\n|turn|2\n|\n|t:|1700000888\n|move|p1a: Kleavor|Stone Axe|p2a: Goodra\n|-resisted|p2a: Goodra\n|-damage|p2a: Goodra|71\/100\n|move|p2a: Goodra|Flash Cannon|p1a: Kleavor\n|-supereffective|p1a: Kleavor\n|-damage|p1a: Kleavor|0 fnt\n|faint|p1a: Kleavor\n|\n|-heal|p2a: Goodra|77\/100|[from] item: Leftovers\n|upkeep\n|\n|t:|1700000901\n|switch|p1a: Palkia|Palkia-Origin, shiny|100\/100\n|-ability|p1a: Palkia|Pressure\n|turn|3\n|\n|t:|1700000906\n|move|p1a: Palkia|Spacial Rend|p2a: Goodra\n|-damage|p2a: Goodra|33\/100\n|move|p2a: Goodra|Draco Meteor|p1a: Palkia\n|-supereffective|p1a: Palkia\n|-damage|p1a: Palkia|0 fnt\n|-unboost|p2a: Goodra|spa|2\n|faint|p1a: Palkia\n|\n|-heal|p2a: Goodra|40\/100|[from] item: Leftovers\n|upkeep\n|\n|t:|1700000930\n|switch|p1a: Gliscor|Gliscor, M|100\/100\n|turn|4\n|\n|t:|1700000936\n|switch|p2a: Altaria|Altaria, M|100\/100\n|move|p1a: Gliscor|Earthquake|p2a: Altaria\n|-immune|p2a: Altaria\n|\n|-status|p1a: Gliscor|tox|[from] item: Toxic Orb\n|upkeep\n|turn|5\n|\n|t:|1700000954\n|move|p1a: Gliscor|Facade|p2a: Altaria\n|-damage|p2a: Altaria|59\/100\n|move|p2a: Altaria|Dragon Pulse|p1a: Gliscor\n|-crit|p1a: Gliscor\n|-damage|p1a: Gliscor|52\/100 tox\n|\n|-heal|p1a: Gliscor|64\/100 tox|[from] ability: Poison Heal\n|upkeep\n|turn|6\n|\n|t:|1700000964\n|move|p1a: Gliscor|Facade|p2a: Altaria\n|-damage|p2a: Altaria|16\/100\n|move|p2a: Altaria|Moonblast|p1a: Gliscor\n|-damage|p1a: Gliscor|42\/100 tox\n|\n|-heal|p1a: Gliscor|54\/100 tox|[from] ability: Poison Heal\n|upkeep\n|turn|7\n|\n|t:|1700000991\n|move|p1a: Gliscor|Facade|p2a: Altaria\n|-damage|p2a: Altaria|0 fnt\n|faint|p2a: Altaria\n|\n|-heal|p1a: Gliscor|67\/100 tox|[from] ability: Poison Heal\n|upkeep\n|\n|t:|1700001002\n|switch|p2a: Noivern|Noivern, F|100\/100\n|-damage|p2a: Noivern|76\/100|[from] Stealth Rock\n|turn|8\n|\n|t:|1700001012\n|move|p2a: Noivern|Boomburst|p1a: Gliscor\n|-damage|p1a: Gliscor|9\/100 tox\n|-enditem|p2a: Noivern|Throat Spray\n|-boost|p2a: Noivern|spa|1|[from] item: Throat Spray\n|move|p1a: Gliscor|Facade|p2a: Noivern\n|-damage|p2a: Noivern|19\/100\n|\n|-heal|p1a: Gliscor|22\/100 tox|[from] ability: Poison Heal\n|upkeep\n|turn|9\n|\n|t:|1700001027\n|move|p2a: Noivern|Flamethrower|p1a: Gliscor\n|-damage|p1a: Gliscor|0 fnt\n|faint|p1a: Gliscor\n|\n|upkeep\n|\n|t:|1700001037\n|switch|p1a: Grimmsnarl|Grimmsnarl, M, shiny|100\/100\n|turn|10\n|\n|t:|1700001048\n|move|p1a: Grimmsnarl|Light Screen|p1a: Grimmsnarl\n|-sidestart|p1: dingusmkyeetus|move: Light Screen\n|move|p2a: Noivern|Boomburst|p1a: Grimmsnarl\n|-damage|p1a: Grimmsnarl|58\/100\n|\n|upkeep\n|turn|11\n|\n|t:|1700001055\n|move|p1a: Grimmsnarl|Reflect|p1a: Grimmsnarl\n|-sidestart|p1: dingusmkyeetus|Reflect\n|move|p2a: Noivern|Flamethrower|p1a: Grimmsnarl\n|-damage|p1a: Grimmsnarl|28\/100\n|\n|upkeep\n|turn|12\n|\n|t:|1700001063\n|move|p2a: Noivern|Hurricane|p1a: Grimmsnarl|[miss]\n|-miss|p2a: Noivern|p1a: Grimmsnarl\n|move|p1a: Grimmsnarl|Foul Play|p2a: Noivern\n|-damage|p2a: Noivern|0 fnt\n|faint|p2a: Noivern\n|\n|upkeep\n|\n|t:|1700001071\n|switch|p2a: Haxorus|Haxorus, F|100\/100\n|-damage|p2a: Haxorus|88\/100|[from] Stealth Rock\n|turn|13\n|\n|t:|1700001080\n|move|p2a: Haxorus|Close Combat|p1a: Grimmsnarl\n|-damage|p1a: Grimmsnarl|0 fnt\n|-unboost|p2a: Haxorus|def|1\n|-unboost|p2a: Haxorus|spd|1\n|faint|p1a: Grimmsnarl\n|-damage|p2a: Haxorus|78\/100|[from] item: Life Orb\n|\n|upkeep\n|\n|t:|1700001088\n|switch|p1a: Sneasler|Sneasler, M|100\/100\n|turn|14\n|\n|t:|1700001093\n|move|p1a: Sneasler|Close Combat|p2a: Haxorus\n|-damage|p2a: Haxorus|0 fnt\n|-unboost|p1a: Sneasler|def|1\n|-unboost|p1a: Sneasler|spd|1\n|-enditem|p1a: Sneasler|White Herb\n|-clearnegativeboost|p1a: Sneasler|[silent]\n|faint|p2a: Haxorus\n|\n|upkeep\n|\n|t:|1700001101\n|switch|p2a: Miraidon|Miraidon|100\/100\n|-fieldstart|move: Electric Terrain|[from] ability: Hadron Engine|[of] p2a: Miraidon\n|turn|15\n|\n|t:|1700001110\n|-terastallize|p2a: Miraidon|Electric\n|move|p1a: Sneasler|Close Combat|p2a: Miraidon\n|-damage|p2a: Miraidon|31\/100\n|-unboost|p1a: Sneasler|def|1\n|-unboost|p1a: Sneasler|spd|1\n|move|p2a: Miraidon|Electro Drift|p1a: Sneasler\n|-damage|p1a: Sneasler|0 fnt\n|faint|p1a: Sneasler\n|\n|upkeep\n|\n|t:|1700001120\n|switch|p1a: Arceus|Arceus-Fire|100\/100\n|turn|16\n|\n|t:|1700001127\n|move|p1a: Arceus|Judgment|p2a: Miraidon\n|-damage|p2a: Miraidon|0 fnt\n|faint|p2a: Miraidon\n|\n|upkeep\n|\n|t:|1700001133\n|switch|p2a: Goodra|Goodra-Hisui, F|40\/100\n|-damage|p2a: Goodra|33\/100|[from] Stealth Rock\n|turn|17\n|\n|t:|1700001138\n|move|p1a: Arceus|Judgment|p2a: Goodra\n|-damage|p2a: Goodra|0 fnt\n|faint|p2a: Goodra\n|\n|win|dingusmkyeetus\n|raw|dingusmkyeetus's rating: 1061 &rarr; <strong>1102<\/strong><br \/>(+41 for winning)\n|raw|Thiago artista's rating: 1174 &rarr; <strong>1141<\/strong><br \/>(-33 for losing)\n","uploadtime":1700001145,"views":5,"p1id":"dingusmkyeetus","p2id":"thiagoartista","formatid":"gen9ubers","rating":1102,"private":0,"password":""}