{"id":"gen9ubers-1982833400","p1":"uubers account","p2":"lolgz","format":"[Gen 9] Ubers","log":"|j|\u2606uubers account\n|j|\u2606lolgz\n|t:|1699049395\n|gametype|singles\n|player|p1|uubers account|170|\n|player|p2|lolgz|266|\n|teamsize|p1|6\n|teamsize|p2|6\n|gen|9\n|tier|[Gen 9] Ubers\n|rule|Sleep Clause Mod: Limit one foe put to sleep\n|rule|Species Clause: Limit one of each Pok\u00e9mon\n|rule|OHKO Clause: OHKO moves are banned\n|rule|Evasion Items Clause: Evasion items are banned\n|rule|Evasion Moves Clause: Evasion moves are banned\n|rule|Endless Battle Clause: Forcing endless battles is banned\n|rule|HP Percentage Mod: HP is shown in percentages\n|clearpoke\n|poke|p1|Palafin, F|\n|poke|p1|Kommo-o, M|\n|poke|p1|Shaymin-Sky|\n|poke|p1|Garganacl, F|\n|poke|p1|Arceus-Dark|\n|poke|p1|Magearna|\n|poke|p2|Magearna|\n|poke|p2|Zacian-*|\n|poke|p2|Cyclizar, M|\n|poke|p2|Roaring Moon|\n|poke|p2|Dialga|\n|poke|p2|Volcarona, F|\n|teampreview\n|inactive|Battle timer is ON: inactive players will automatically lose when time's up. (requested by lolgz)\n|c|\u2606lolgz|\u2606lolgz: how u gonna name ur self uubers and lose\n|inactive|uubers account has 270 seconds left.\n|inactive|lolgz has 270 seconds left.\n|c|\u2606uubers account|how you gonna be that toxic after winning 1 game?\n|inactive|lolgz has 240 seconds left.\n|inactive|lolgz has 210 seconds left.\n|\n|t:|1699049489\n|start\n|switch|p1a: Shaymin|Shaymin-Sky|100\/100\n|switch|p2a: Cyclizar|Cyclizar, M|100\/100\n|turn|1\n|inactive|lolgz has 270 seconds left.\n|\n|t:|1699049521\n|move|p1a: Shaymin|Air Slash|p2a: Cyclizar\n|-damage|p2a: Cyclizar|47\/100\n|cant|p2a: Cyclizar|flinch\n|\n|upkeep\n|turn|2\n|\n|t:|1699049525\n|move|p1a: Shaymin|Air Slash|p2a: Cyclizar\n|-damage|p2a: Cyclizar|0 fnt\n|faint|p2a: Cyclizar\n|\n|upkeep\n|c|\u2606uubers account|ban skymin\n|\n|t:|1699049538\n|switch|p2a: Zacian|Zacian|100\/100\n|-ability|p2a: Zacian|Intrepid Sword|boost\n|-boost|p2a: Zacian|atk|1\n|turn|3\n|\n|t:|1699049544\n|switch|p1a: Magearna|Magearna|100\/100\n|move|p2a: Zacian|Play Rough|p1a: Magearna\n|-resisted|p1a: Magearna\n|-damage|p1a: Magearna|76\/100\n|-damage|p2a: Zacian|91\/100|[from] item: Life Orb\n|\n|-heal|p1a: Magearna|82\/100|[from] item: Leftovers\n|upkeep\n|turn|4\n|inactive|lolgz has 270 seconds left.\n|\n|t:|1699049565\n|move|p2a: Zacian|Close Combat|p1a: Magearna\n|-damage|p1a: Magearna|37\/100\n|-unboost|p2a: Zacian|def|1\n|-unboost|p2a: Zacian|spd|1\n|-damage|p2a: Zacian|81\/100|[from] item: Life Orb\n|move|p1a: Magearna|Thunder Wave|p2a: Zacian\n|-status|p2a: Zacian|par\n|\n|-heal|p1a: Magearna|43\/100|[from] item: Leftovers\n|upkeep\n|turn|5\n|\n|t:|1699049588\n|cant|p2a: Zacian|par\n|move|p1a: Magearna|Volt Switch|p2a: Zacian\n|-damage|p2a: Zacian|53\/100 par\n|inactive|uubers account has 270 seconds left.\n|\n|t:|1699049603\n|switch|p1a: Shaymin|Shaymin-Sky|100\/100|[from] Volt Switch\n|\n|upkeep\n|turn|6\n|inactive|lolgz has 270 seconds left.\n|\n|t:|1699049631\n|move|p1a: Shaymin|Seed Flare|p2a: Zacian\n|-crit|p2a: Zacian\n|-damage|p2a: Zacian|0 fnt\n|faint|p2a: Zacian\n|\n|upkeep\n|\n|t:|1699049633\n|switch|p2a: Magearna|Magearna|100\/100\n|turn|7\n|\n|t:|1699049645\n|switch|p1a: Garganacl|Garganacl, F|100\/100\n|move|p2a: Magearna|Shift Gear|p2a: Magearna\n|-boost|p2a: Magearna|spe|2\n|-boost|p2a: Magearna|atk|1\n|\n|upkeep\n|turn|8\n|inactive|lolgz has 270 seconds left.\n|\n|t:|1699049674\n|move|p2a: Magearna|Calm Mind|p2a: Magearna\n|-boost|p2a: Magearna|spa|1\n|-boost|p2a: Magearna|spd|1\n|move|p1a: Garganacl|Salt Cure|p2a: Magearna\n|-resisted|p2a: Magearna\n|-damage|p2a: Magearna|96\/100\n|-start|p2a: Magearna|Salt Cure\n|\n|-heal|p2a: Magearna|100\/100|[from] item: Leftovers\n|-damage|p2a: Magearna|76\/100|[from] Salt Cure\n|upkeep\n|turn|9\n|\n|t:|1699049682\n|move|p2a: Magearna|Calm Mind|p2a: Magearna\n|-boost|p2a: Magearna|spa|1\n|-boost|p2a: Magearna|spd|1\n|move|p1a: Garganacl|Stealth Rock|p2a: Magearna\n|-sidestart|p2: lolgz|move: Stealth Rock\n|\n|-heal|p2a: Magearna|82\/100|[from] item: Leftovers\n|-damage|p2a: Magearna|57\/100|[from] Salt Cure\n|upkeep\n|turn|10\n|\n|t:|1699049692\n|switch|p1a: Magearna|Magearna|43\/100\n|move|p2a: Magearna|Stored Power|p1a: Magearna\n|-resisted|p1a: Magearna\n|-damage|p1a: Magearna|7\/100\n|\n|-heal|p2a: Magearna|63\/100|[from] item: Leftovers\n|-heal|p1a: Magearna|13\/100|[from] item: Leftovers\n|-damage|p2a: Magearna|38\/100|[from] Salt Cure\n|upkeep\n|turn|11\n|\n|t:|1699049699\n|move|p2a: Magearna|Draining Kiss|p1a: Magearna\n|-resisted|p1a: Magearna\n|-damage|p1a: Magearna|0 fnt\n|-heal|p2a: Magearna|48\/100|[from] drain|[of] p1a: Magearna\n|faint|p1a: Magearna\n|-ability|p2a: Magearna|Soul-Heart|boost\n|-boost|p2a: Magearna|spa|1\n|\n|-heal|p2a: Magearna|54\/100|[from] item: Leftovers\n|-damage|p2a: Magearna|29\/100|[from] Salt Cure\n|upkeep\n|inactive|uubers account has 270 seconds left.\n|\n|t:|1699049741\n|switch|p1a: Garganacl|Garganacl, F|100\/100\n|turn|12\n|inactive|lolgz has 270 seconds left.\n|\n|t:|1699049774\n|move|p1a: Garganacl|Protect|p1a: Garganacl\n|-singleturn|p1a: Garganacl|Protect\n|move|p2a: Magearna|Stored Power|p1a: Garganacl\n|-activate|p1a: Garganacl|move: Protect\n|\n|-heal|p2a: Magearna|35\/100|[from] item: Leftovers\n|-damage|p2a: Magearna|10\/100|[from] Salt Cure\n|upkeep\n|turn|13\n|inactive|uubers account has 270 seconds left.\n|\n|t:|1699049786\n|move|p1a: Garganacl|Protect||[still]\n|-fail|p1a: Garganacl\n|move|p2a: Magearna|Stored Power|p1a: Garganacl\n|-damage|p1a: Garganacl|11\/100\n|\n|-heal|p2a: Magearna|16\/100|[from] item: Leftovers\n|-heal|p1a: Garganacl|17\/100|[from] item: Leftovers\n|-damage|p2a: Magearna|0 fnt|[from] Salt Cure\n|faint|p2a: Magearna\n|upkeep\n|inactive|lolgz has 270 seconds left.\n|\n|t:|1699049800\n|switch|p2a: Roaring Moon|Roaring Moon|100\/100\n|-damage|p2a: Roaring Moon|88\/100|[from] Stealth Rock\n|-enditem|p2a: Roaring Moon|Booster Energy\n|-activate|p2a: Roaring Moon|ability: Protosynthesis|[fromitem]\n|-start|p2a: Roaring Moon|protosynthesisatk\n|turn|14\n|\n|t:|1699049805\n|move|p2a: Roaring Moon|Scale Shot|p1a: Garganacl\n|-damage|p1a: Garganacl|6\/100\n|-damage|p1a: Garganacl|0 fnt\n|faint|p1a: Garganacl\n|-hitcount|p1: Garganacl|2\n|-unboost|p2a: Roaring Moon|def|1\n|-boost|p2a: Roaring Moon|spe|1\n|\n|upkeep\n|\n|t:|1699049816\n|switch|p1a: Kommo-o|Kommo-o, M|100\/100\n|turn|15\n|inactive|uubers account has 270 seconds left.\n|\n|t:|1699049832\n|-terastallize|p2a: Roaring Moon|Flying\n|-terastallize|p1a: Kommo-o|Steel\n|move|p2a: Roaring Moon|Acrobatics|p1a: Kommo-o\n|-resisted|p1a: Kommo-o\n|-damage|p1a: Kommo-o|65\/100\n|move|p1a: Kommo-o|Clanging Scales|p2a: Roaring Moon\n|-damage|p2a: Roaring Moon|42\/100\n|-unboost|p1a: Kommo-o|def|1\n|-enditem|p1a: Kommo-o|Throat Spray\n|-boost|p1a: Kommo-o|spa|1|[from] item: Throat Spray\n|\n|upkeep\n|turn|16\n|inactive|uubers account has 270 seconds left.\n|\n|t:|1699049842\n|switch|p1a: Arceus|Arceus-Dark|100\/100\n|move|p2a: Roaring Moon|Knock Off|p1a: Arceus\n|-resisted|p1a: Arceus\n|-damage|p1a: Arceus|88\/100\n|\n|upkeep\n|turn|17\n|\n|t:|1699049845\n|move|p2a: Roaring Moon|Acrobatics|p1a: Arceus\n|-damage|p1a: Arceus|50\/100\n|move|p1a: Arceus|Will-O-Wisp|p2a: Roaring Moon|[miss]\n|-miss|p1a: Arceus|p2a: Roaring Moon\n|\n|upkeep\n|turn|18\n|\n|t:|1699049853\n|move|p2a: Roaring Moon|Scale Shot|p1a: Arceus\n|-damage|p1a: Arceus|41\/100\n|-damage|p1a: Arceus|33\/100\n|-damage|p1a: Arceus|23\/100\n|-damage|p1a: Arceus|14\/100\n|-damage|p1a: Arceus|4\/100\n|-hitcount|p1a: Arceus|5\n|-unboost|p2a: Roaring Moon|def|1\n|-boost|p2a: Roaring Moon|spe|1\n|move|p1a: Arceus|Foul Play|p2a: Roaring Moon\n|-damage|p2a: Roaring Moon|0 fnt\n|faint|p2a: Roaring Moon\n|-end|p2a: Roaring Moon|Protosynthesis|[silent]\n|\n|upkeep\n|\n|t:|1699049856\n|switch|p2a: Volcarona|Volcarona, F|100\/100\n|turn|19\n|\n|t:|1699049859\n|move|p2a: Volcarona|Quiver Dance|p2a: Volcarona\n|-boost|p2a: Volcarona|spa|1\n|-boost|p2a: Volcarona|spd|1\n|-boost|p2a: Volcarona|spe|1\n|move|p1a: Arceus|Taunt|p2a: Volcarona\n|-start|p2a: Volcarona|move: Taunt\n|\n|upkeep\n|turn|20\n|inactive|lolgz has 270 seconds left.\n|\n|t:|1699049892\n|move|p2a: Volcarona|Fiery Dance|p1a: Arceus\n|-damage|p1a: Arceus|0 fnt\n|faint|p1a: Arceus\n|\n|upkeep\n|\n|t:|1699049895\n|switch|p1a: Palafin|Palafin, F|100\/100\n|turn|21\n|\n|t:|1699049915\n|detailschange|p1a: Palafin|Palafin-Hero, F\n|switch|p1a: Kommo-o|Kommo-o, M, tera:Steel|65\/100\n|move|p2a: Volcarona|Giga Drain|p1a: Kommo-o\n|-resisted|p1a: Kommo-o\n|-damage|p1a: Kommo-o|41\/100\n|\n|upkeep\n|turn|22\n|\n|t:|1699049934\n|switch|p1a: Palafin|Palafin-Hero, F|100\/100\n|-activate|p1a: Palafin|ability: Zero to Hero\n|move|p2a: Volcarona|Fiery Dance|p1a: Palafin\n|-resisted|p1a: Palafin\n|-damage|p1a: Palafin|72\/100\n|\n|-end|p2a: Volcarona|move: Taunt\n|upkeep\n|turn|23\n|\n|t:|1699049954\n|move|p1a: Palafin|Jet Punch|p2a: Volcarona\n|-supereffective|p2a: Volcarona\n|-damage|p2a: Volcarona|0 fnt\n|faint|p2a: Volcarona\n|\n|upkeep\n|\n|t:|1699049956\n|switch|p2a: Dialga|Dialga|100\/100\n|-damage|p2a: Dialga|94\/100|[from] Stealth Rock\n|-ability|p2a: Dialga|Pressure\n|turn|24\n|\n|t:|1699049962\n|move|p1a: Palafin|Jet Punch|p2a: Dialga\n|-resisted|p2a: Dialga\n|-damage|p2a: Dialga|68\/100\n|move|p2a: Dialga|Dragon Pulse|p1a: Palafin\n|-damage|p1a: Palafin|25\/100\n|\n|upkeep\n|turn|25\n|\n|t:|1699049967\n|move|p1a: Palafin|Jet Punch|p2a: Dialga\n|-resisted|p2a: Dialga\n|-damage|p2a: Dialga|42\/100\n|move|p2a: Dialga|Dragon Pulse|p1a: Palafin\n|-damage|p1a: Palafin|0 fnt\n|faint|p1a: Palafin\n|\n|upkeep\n|\n|t:|1699049970\n|switch|p1a: Kommo-o|Kommo-o, M, tera:Steel|41\/100\n|turn|26\n|\n|t:|1699049974\n|move|p2a: Dialga|Dragon Pulse|p1a: Kommo-o\n|-resisted|p1a: Kommo-o\n|-damage|p1a: Kommo-o|13\/100\n|move|p1a: Kommo-o|Clanging Scales|p2a: Dialga\n|-damage|p2a: Dialga|0 fnt\n|faint|p2a: Dialga\n|\n|win|uubers account\n|l|\u2606lolgz\n|c|\u2606uubers account|gg\n","uploadtime":1699049982,"views":11,"p1id":"uubersaccount","p2id":"lolgz","formatid":"gen9ubers","rating":0,"private":0,"password":""}