{"id":"gen9ubers-1970018882","p1":"XpokVEVO","p2":"vespyyy","format":"[Gen 9] Ubers","log":"|j|\u2606XpokVEVO\n|j|\u2606vespyyy\n|t:|1697585697\n|gametype|singles\n|player|p1|XpokVEVO|mustard|\n|player|p2|vespyyy|juggler|\n|teamsize|p1|6\n|teamsize|p2|6\n|gen|9\n|tier|[Gen 9] Ubers\n|rule|Sleep Clause Mod: Limit one foe put to sleep\n|rule|Species Clause: Limit one of each Pok\u00e9mon\n|rule|OHKO Clause: OHKO moves are banned\n|rule|Evasion Items Clause: Evasion items are banned\n|rule|Evasion Moves Clause: Evasion moves are banned\n|rule|Endless Battle Clause: Forcing endless battles is banned\n|rule|HP Percentage Mod: HP is shown in percentages\n|clearpoke\n|poke|p1|Arceus-Fire|\n|poke|p1|Shaymin-Sky|\n|poke|p1|Cyclizar, M|\n|poke|p1|Espathra, M|\n|poke|p1|Magearna|\n|poke|p1|Rillaboom, F|\n|poke|p2|Arceus-Dark|\n|poke|p2|Dondozo, F|\n|poke|p2|Blissey, F|\n|poke|p2|Cresselia, F|\n|poke|p2|Giratina|\n|poke|p2|Zacian-*|\n|teampreview\n|\n|t:|1697585708\n|start\n|switch|p1a: Akira|Cyclizar, M|100\/100\n|switch|p2a: Zacian|Zacian, shiny|100\/100\n|-ability|p2a: Zacian|Intrepid Sword|boost\n|-boost|p2a: Zacian|atk|1\n|turn|1\n|\n|t:|1697585712\n|switch|p1a: Aunt Fanny|Magearna|100\/100\n|move|p2a: Zacian|Play Rough|p1a: Aunt Fanny\n|-resisted|p1a: Aunt Fanny\n|-damage|p1a: Aunt Fanny|70\/100\n|\n|upkeep\n|turn|2\n|\n|t:|1697585719\n|-terastallize|p1a: Aunt Fanny|Flying\n|move|p2a: Zacian|Swords Dance|p2a: Zacian\n|-boost|p2a: Zacian|atk|2\n|move|p1a: Aunt Fanny|Shift Gear|p1a: Aunt Fanny\n|-boost|p1a: Aunt Fanny|spe|2\n|-boost|p1a: Aunt Fanny|atk|1\n|\n|upkeep\n|turn|3\n|\n|t:|1697585722\n|move|p1a: Aunt Fanny|Flash Cannon|p2a: Zacian\n|-supereffective|p2a: Zacian\n|-damage|p2a: Zacian|0 fnt\n|faint|p2a: Zacian\n|-ability|p1a: Aunt Fanny|Soul-Heart|boost\n|-boost|p1a: Aunt Fanny|spa|1\n|-damage|p1a: Aunt Fanny|60\/100|[from] item: Life Orb\n|\n|upkeep\n|\n|t:|1697585728\n|switch|p2a: Cresselia|Cresselia, F|100\/100\n|turn|4\n|\n|t:|1697585733\n|move|p1a: Aunt Fanny|Fleur Cannon|p2a: Cresselia\n|-damage|p2a: Cresselia|14\/100\n|-unboost|p1a: Aunt Fanny|spa|2\n|-damage|p1a: Aunt Fanny|50\/100|[from] item: Life Orb\n|move|p2a: Cresselia|Calm Mind|p2a: Cresselia\n|-boost|p2a: Cresselia|spa|1\n|-boost|p2a: Cresselia|spd|1\n|\n|-heal|p2a: Cresselia|20\/100|[from] item: Leftovers\n|upkeep\n|turn|5\n|\n|t:|1697585738\n|-terastallize|p2a: Cresselia|Poison\n|move|p1a: Aunt Fanny|Flash Cannon|p2a: Cresselia\n|-damage|p2a: Cresselia|4\/100\n|-damage|p1a: Aunt Fanny|40\/100|[from] item: Life Orb\n|move|p2a: Cresselia|Moonlight|p2a: Cresselia\n|-heal|p2a: Cresselia|54\/100\n|\n|-heal|p2a: Cresselia|60\/100|[from] item: Leftovers\n|upkeep\n|turn|6\n|\n|t:|1697585755\n|move|p1a: Aunt Fanny|Volt Switch|p2a: Cresselia\n|-damage|p2a: Cresselia|49\/100\n|-damage|p1a: Aunt Fanny|30\/100|[from] item: Life Orb\n|\n|t:|1697585758\n|switch|p1a: Sonic|Shaymin-Sky, shiny|100\/100|[from] Volt Switch\n|move|p2a: Cresselia|Moonlight|p2a: Cresselia\n|-heal|p2a: Cresselia|99\/100\n|\n|-heal|p2a: Cresselia|100\/100|[from] item: Leftovers\n|upkeep\n|turn|7\n|\n|t:|1697585760\n|move|p1a: Sonic|Earth Power|p2a: Cresselia\n|-immune|p2a: Cresselia|[from] ability: Levitate\n|move|p2a: Cresselia|Calm Mind|p2a: Cresselia\n|-boost|p2a: Cresselia|spa|1\n|-boost|p2a: Cresselia|spd|1\n|\n|upkeep\n|turn|8\n|\n|t:|1697585762\n|move|p1a: Sonic|Seed Flare|p2a: Cresselia|[miss]\n|-miss|p1a: Sonic|p2a: Cresselia\n|move|p2a: Cresselia|Calm Mind|p2a: Cresselia\n|-boost|p2a: Cresselia|spa|1\n|-boost|p2a: Cresselia|spd|1\n|\n|upkeep\n|turn|9\n|\n|t:|1697585765\n|move|p1a: Sonic|Seed Flare|p2a: Cresselia\n|-resisted|p2a: Cresselia\n|-damage|p2a: Cresselia|91\/100\n|-unboost|p2a: Cresselia|spd|2\n|-damage|p1a: Sonic|91\/100|[from] item: Life Orb\n|move|p2a: Cresselia|Stored Power|p1a: Sonic\n|-damage|p1a: Sonic|3\/100\n|\n|-heal|p2a: Cresselia|97\/100|[from] item: Leftovers\n|upkeep\n|turn|10\n|\n|t:|1697585768\n|move|p1a: Sonic|Seed Flare|p2a: Cresselia\n|-resisted|p2a: Cresselia\n|-damage|p2a: Cresselia|80\/100\n|-unboost|p2a: Cresselia|spd|2\n|-damage|p1a: Sonic|0 fnt|[from] item: Life Orb\n|faint|p1a: Sonic\n|move|p2a: Cresselia|Stored Power|p1: Sonic|[notarget]\n|-fail|p2a: Cresselia\n|\n|-heal|p2a: Cresselia|86\/100|[from] item: Leftovers\n|upkeep\n|\n|t:|1697585775\n|switch|p1a: Emu War|Espathra, M|100\/100\n|turn|11\n|\n|t:|1697585777\n|switch|p2a: Giratina|Giratina|100\/100\n|-ability|p2a: Giratina|Pressure\n|move|p1a: Emu War|Calm Mind|p1a: Emu War\n|-boost|p1a: Emu War|spa|1\n|-boost|p1a: Emu War|spd|1\n|\n|-ability|p1a: Emu War|Speed Boost|boost\n|-boost|p1a: Emu War|spe|1\n|upkeep\n|turn|12\n|\n|t:|1697585779\n|move|p1a: Emu War|Calm Mind|p1a: Emu War\n|-boost|p1a: Emu War|spa|1\n|-boost|p1a: Emu War|spd|1\n|move|p2a: Giratina|Roar|p1a: Emu War\n|drag|p1a: Oog|Rillaboom, F|100\/100\n|-fieldstart|move: Grassy Terrain|[from] ability: Grassy Surge|[of] p1a: Oog\n|\n|upkeep\n|turn|13\n|\n|t:|1697585783\n|move|p2a: Giratina|Thunder Wave|p1a: Oog\n|-status|p1a: Oog|par\n|move|p1a: Oog|U-turn|p2a: Giratina\n|-resisted|p2a: Giratina\n|-damage|p2a: Giratina|93\/100\n|-damage|p1a: Oog|91\/100 par|[from] item: Life Orb\n|\n|t:|1697585789\n|switch|p1a: Akira|Cyclizar, M|100\/100|[from] U-turn\n|\n|-heal|p2a: Giratina|99\/100|[from] Grassy Terrain\n|upkeep\n|turn|14\n|\n|t:|1697585793\n|switch|p2a: Arceus|Arceus-Dark|100\/100\n|move|p1a: Akira|Shed Tail|p1a: Akira\n|-start|p1a: Akira|Substitute|[from] move: Shed Tail\n|-damage|p1a: Akira|50\/100\n|\n|t:|1697585805\n|switch|p1a: Emu War|Espathra, M|100\/100|[from] Shed Tail\n|\n|upkeep\n|turn|15\n|\n|t:|1697585809\n|switch|p2a: Giratina|Giratina|99\/100\n|-ability|p2a: Giratina|Pressure\n|move|p1a: Emu War|Protect||[still]\n|-fail|p1a: Emu War\n|\n|-heal|p2a: Giratina|100\/100|[from] Grassy Terrain\n|-ability|p1a: Emu War|Speed Boost|boost\n|-boost|p1a: Emu War|spe|1\n|upkeep\n|turn|16\n|\n|t:|1697585812\n|move|p1a: Emu War|Dazzling Gleam|p2a: Giratina\n|-supereffective|p2a: Giratina\n|-damage|p2a: Giratina|69\/100\n|move|p2a: Giratina|Roar|p1a: Emu War\n|drag|p1a: Arceus-Fight\u0131ng|Arceus-Fire, shiny|100\/100\n|\n|-heal|p2a: Giratina|75\/100|[from] Grassy Terrain\n|-fieldend|move: Grassy Terrain\n|upkeep\n|turn|17\n|\n|t:|1697585820\n|switch|p1a: Aunt Fanny|Magearna, tera:Flying|30\/100\n|move|p2a: Giratina|Thunder Wave|p1a: Aunt Fanny\n|-status|p1a: Aunt Fanny|par\n|\n|upkeep\n|turn|18\n|\n|t:|1697585823\n|move|p2a: Giratina|Hex|p1a: Aunt Fanny\n|-damage|p1a: Aunt Fanny|0 fnt\n|faint|p1a: Aunt Fanny\n|\n|upkeep\n|\n|t:|1697585832\n|switch|p1a: Akira|Cyclizar, M|84\/100\n|turn|19\n|\n|t:|1697585837\n|move|p1a: Akira|Taunt|p2a: Giratina\n|-start|p2a: Giratina|move: Taunt\n|cant|p2a: Giratina|move: Taunt|Roar\n|\n|upkeep\n|turn|20\n|\n|t:|1697585838\n|switch|p2a: Arceus|Arceus-Dark|100\/100\n|move|p1a: Akira|Shed Tail|p1a: Akira\n|-start|p1a: Akira|Substitute|[from] move: Shed Tail\n|-damage|p1a: Akira|34\/100\n|\n|t:|1697585841\n|switch|p1a: Emu War|Espathra, M|100\/100|[from] Shed Tail\n|\n|upkeep\n|turn|21\n|\n|t:|1697585844\n|switch|p2a: Giratina|Giratina|75\/100\n|-ability|p2a: Giratina|Pressure\n|move|p1a: Emu War|Calm Mind|p1a: Emu War\n|-boost|p1a: Emu War|spa|1\n|-boost|p1a: Emu War|spd|1\n|\n|-ability|p1a: Emu War|Speed Boost|boost\n|-boost|p1a: Emu War|spe|1\n|upkeep\n|turn|22\n|\n|t:|1697585846\n|move|p1a: Emu War|Dazzling Gleam|p2a: Giratina\n|-supereffective|p2a: Giratina\n|-damage|p2a: Giratina|33\/100\n|move|p2a: Giratina|Roar|p1a: Emu War\n|drag|p1a: Arceus-Fight\u0131ng|Arceus-Fire, shiny|100\/100\n|\n|upkeep\n|turn|23\n|\n|t:|1697585851\n|switch|p2a: Arceus|Arceus-Dark|100\/100\n|move|p1a: Arceus-Fight\u0131ng|Roar|p2a: Arceus\n|drag|p2a: Cresselia|Cresselia, F, tera:Poison|86\/100\n|\n|-heal|p2a: Cresselia|92\/100|[from] item: Leftovers\n|upkeep\n|turn|24\n|\n|t:|1697585857\n|move|p1a: Arceus-Fight\u0131ng|Flare Blitz|p2a: Cresselia\n|-crit|p2a: Cresselia\n|-damage|p2a: Cresselia|40\/100\n|-damage|p1a: Arceus-Fight\u0131ng|81\/100|[from] Recoil\n|move|p2a: Cresselia|Calm Mind|p2a: Cresselia\n|-boost|p2a: Cresselia|spa|1\n|-boost|p2a: Cresselia|spd|1\n|\n|-heal|p2a: Cresselia|46\/100|[from] item: Leftovers\n|upkeep\n|turn|25\n|\n|t:|1697585860\n|move|p1a: Arceus-Fight\u0131ng|Dragon Dance|p1a: Arceus-Fight\u0131ng\n|-boost|p1a: Arceus-Fight\u0131ng|atk|1\n|-boost|p1a: Arceus-Fight\u0131ng|spe|1\n|move|p2a: Cresselia|Moonlight|p2a: Cresselia\n|-heal|p2a: Cresselia|96\/100\n|\n|-heal|p2a: Cresselia|100\/100|[from] item: Leftovers\n|upkeep\n|turn|26\n|\n|t:|1697585865\n|move|p1a: Arceus-Fight\u0131ng|Flare Blitz|p2a: Cresselia\n|-damage|p2a: Cresselia|50\/100\n|-damage|p1a: Arceus-Fight\u0131ng|61\/100|[from] Recoil\n|move|p2a: Cresselia|Stored Power|p1a: Arceus-Fight\u0131ng\n|-damage|p1a: Arceus-Fight\u0131ng|44\/100\n|\n|-heal|p2a: Cresselia|56\/100|[from] item: Leftovers\n|upkeep\n|turn|27\n|c|\u2606XpokVEVO|DIE\n|c|\u2606XpokVEVO|PLESAE\n|\n|t:|1697585872\n|move|p1a: Arceus-Fight\u0131ng|Flare Blitz|p2a: Cresselia\n|-damage|p2a: Cresselia|2\/100\n|-status|p2a: Cresselia|brn\n|-damage|p1a: Arceus-Fight\u0131ng|23\/100|[from] Recoil\n|move|p2a: Cresselia|Moonlight|p2a: Cresselia\n|-heal|p2a: Cresselia|52\/100 brn\n|\n|-heal|p2a: Cresselia|58\/100 brn|[from] item: Leftovers\n|-damage|p2a: Cresselia|52\/100 brn|[from] brn\n|upkeep\n|turn|28\n|\n|t:|1697585875\n|switch|p2a: Dondozo|Dondozo, F|100\/100\n|move|p1a: Arceus-Fight\u0131ng|Flare Blitz|p2a: Dondozo\n|-resisted|p2a: Dondozo\n|-damage|p2a: Dondozo|84\/100\n|-damage|p1a: Arceus-Fight\u0131ng|15\/100|[from] Recoil\n|\n|upkeep\n|turn|29\n|\n|t:|1697585879\n|switch|p1a: Oog|Rillaboom, F|91\/100 par\n|-fieldstart|move: Grassy Terrain|[from] ability: Grassy Surge|[of] p1a: Oog\n|move|p2a: Dondozo|Curse|p2a: Dondozo\n|-unboost|p2a: Dondozo|spe|1\n|-boost|p2a: Dondozo|atk|1\n|-boost|p2a: Dondozo|def|1\n|\n|-heal|p1a: Oog|97\/100 par|[from] Grassy Terrain\n|-heal|p2a: Dondozo|90\/100|[from] Grassy Terrain\n|upkeep\n|turn|30\n|\n|t:|1697585881\n|cant|p1a: Oog|par\n|move|p2a: Dondozo|Curse|p2a: Dondozo\n|-unboost|p2a: Dondozo|spe|1\n|-boost|p2a: Dondozo|atk|1\n|-boost|p2a: Dondozo|def|1\n|\n|-heal|p1a: Oog|100\/100 par|[from] Grassy Terrain\n|-heal|p2a: Dondozo|96\/100|[from] Grassy Terrain\n|upkeep\n|turn|31\n|\n|t:|1697585883\n|move|p1a: Oog|Wood Hammer|p2a: Dondozo\n|-supereffective|p2a: Dondozo\n|-damage|p2a: Dondozo|48\/100\n|-damage|p1a: Oog|77\/100 par|[from] Recoil\n|-damage|p1a: Oog|67\/100 par|[from] item: Life Orb\n|move|p2a: Dondozo|Curse|p2a: Dondozo\n|-unboost|p2a: Dondozo|spe|1\n|-boost|p2a: Dondozo|atk|1\n|-boost|p2a: Dondozo|def|1\n|\n|-heal|p1a: Oog|73\/100 par|[from] Grassy Terrain\n|-heal|p2a: Dondozo|54\/100|[from] Grassy Terrain\n|upkeep\n|turn|32\n|\n|t:|1697585886\n|move|p1a: Oog|Wood Hammer|p2a: Dondozo\n|-supereffective|p2a: Dondozo\n|-damage|p2a: Dondozo|12\/100\n|-damage|p1a: Oog|53\/100 par|[from] Recoil\n|-damage|p1a: Oog|43\/100 par|[from] item: Life Orb\n|move|p2a: Dondozo|Liquidation|p1a: Oog\n|-resisted|p1a: Oog\n|-damage|p1a: Oog|2\/100 par\n|-unboost|p1a: Oog|def|1\n|\n|-heal|p1a: Oog|8\/100 par|[from] Grassy Terrain\n|-heal|p2a: Dondozo|18\/100|[from] Grassy Terrain\n|upkeep\n|turn|33\n|c|\u2606vespyyy|Im playint so bad lol\n|\n|t:|1697585912\n|switch|p1a: Emu War|Espathra, M|100\/100\n|switch|p2a: Giratina|Giratina|33\/100\n|-ability|p2a: Giratina|Pressure\n|\n|-heal|p2a: Giratina|39\/100|[from] Grassy Terrain\n|-fieldend|move: Grassy Terrain\n|upkeep\n|turn|34\n|\n|t:|1697585917\n|move|p1a: Emu War|Dazzling Gleam|p2a: Giratina\n|-supereffective|p2a: Giratina\n|-crit|p2a: Giratina\n|-damage|p2a: Giratina|0 fnt\n|faint|p2a: Giratina\n|\n|-ability|p1a: Emu War|Speed Boost|boost\n|-boost|p1a: Emu War|spe|1\n|upkeep\n|c|\u2606XpokVEVO|YO\n|c|\u2606XpokVEVO|GOAT\n|\n|t:|1697585923\n|switch|p2a: Arceus|Arceus-Dark|100\/100\n|turn|35\n|\n|t:|1697585938\n|switch|p1a: Akira|Cyclizar, M|67\/100\n|move|p2a: Arceus|Taunt|p1a: Akira\n|-start|p1a: Akira|move: Taunt\n|\n|upkeep\n|turn|36\n|\n|t:|1697585942\n|move|p1a: Akira|Knock Off|p2a: Arceus\n|-resisted|p2a: Arceus\n|-damage|p2a: Arceus|97\/100\n|move|p2a: Arceus|Foul Play|p1a: Akira\n|-damage|p1a: Akira|14\/100\n|-enditem|p1a: Akira|Aguav Berry|[eat]\n|-heal|p1a: Akira|47\/100|[from] item: Aguav Berry\n|\n|upkeep\n|turn|37\n|\n|t:|1697585947\n|move|p1a: Akira|Rapid Spin|p2a: Arceus\n|-damage|p2a: Arceus|90\/100\n|-boost|p1a: Akira|spe|1\n|move|p2a: Arceus|Foul Play|p1a: Akira\n|-damage|p1a: Akira|0 fnt\n|faint|p1a: Akira\n|\n|upkeep\n|\n|t:|1697585951\n|switch|p1a: Arceus-Fight\u0131ng|Arceus-Fire, shiny|15\/100\n|turn|38\n|\n|t:|1697585953\n|move|p1a: Arceus-Fight\u0131ng|Flare Blitz|p2a: Arceus\n|-damage|p2a: Arceus|54\/100\n|-damage|p1a: Arceus-Fight\u0131ng|2\/100|[from] Recoil\n|move|p2a: Arceus|Foul Play|p1a: Arceus-Fight\u0131ng\n|-damage|p1a: Arceus-Fight\u0131ng|0 fnt\n|faint|p1a: Arceus-Fight\u0131ng\n|\n|upkeep\n|\n|t:|1697585960\n|switch|p1a: Oog|Rillaboom, F|8\/100 par\n|-fieldstart|move: Grassy Terrain|[from] ability: Grassy Surge|[of] p1a: Oog\n|turn|39\n|\n|t:|1697585966\n|switch|p2a: Dondozo|Dondozo, F|18\/100\n|move|p1a: Oog|Grassy Glide|p2a: Dondozo\n|-supereffective|p2a: Dondozo\n|-damage|p2a: Dondozo|0 fnt\n|faint|p2a: Dondozo\n|-damage|p1a: Oog|0 fnt|[from] item: Life Orb\n|faint|p1a: Oog\n|\n|upkeep\n|\n|t:|1697585968\n|switch|p1a: Emu War|Espathra, M|100\/100\n|switch|p2a: Arceus|Arceus-Dark|54\/100\n|turn|40\n|\n|t:|1697585971\n|move|p1a: Emu War|Protect|p1a: Emu War\n|-singleturn|p1a: Emu War|Protect\n|move|p2a: Arceus|Taunt|p1a: Emu War\n|-activate|p1a: Emu War|move: Protect\n|\n|-heal|p2a: Arceus|60\/100|[from] Grassy Terrain\n|-ability|p1a: Emu War|Speed Boost|boost\n|-boost|p1a: Emu War|spe|1\n|upkeep\n|turn|41\n|c|\u2606XpokVEVO|espeed right\n|\n|t:|1697585978\n|move|p1a: Emu War|Dazzling Gleam|p2a: Arceus\n|-supereffective|p2a: Arceus\n|-damage|p2a: Arceus|26\/100\n|move|p2a: Arceus|Taunt|p1a: Emu War\n|-start|p1a: Emu War|move: Taunt\n|\n|-heal|p2a: Arceus|32\/100|[from] Grassy Terrain\n|-ability|p1a: Emu War|Speed Boost|boost\n|-boost|p1a: Emu War|spe|1\n|upkeep\n|turn|42\n|\n|t:|1697585983\n|move|p1a: Emu War|Dazzling Gleam|p2a: Arceus\n|-supereffective|p2a: Arceus\n|-damage|p2a: Arceus|0 fnt\n|faint|p2a: Arceus\n|\n|-ability|p1a: Emu War|Speed Boost|boost\n|-boost|p1a: Emu War|spe|1\n|upkeep\n|\n|t:|1697585985\n|switch|p2a: Cresselia|Cresselia, F, tera:Poison|52\/100 brn\n|turn|43\n|\n|t:|1697585987\n|move|p1a: Emu War|Stored Power|p2a: Cresselia\n|-supereffective|p2a: Cresselia\n|-damage|p2a: Cresselia|0 fnt\n|faint|p2a: Cresselia\n|\n|-fieldend|move: Grassy Terrain\n|-ability|p1a: Emu War|Speed Boost|boost\n|-boost|p1a: Emu War|spe|1\n|upkeep\n|\n|t:|1697585990\n|switch|p2a: Blissey|Blissey, F|100\/100\n|turn|44\n|\n|t:|1697585992\n|move|p1a: Emu War|Stored Power|p2a: Blissey\n|-damage|p2a: Blissey|86\/100\n|move|p2a: Blissey|Seismic Toss|p1a: Emu War\n|-damage|p1a: Emu War|70\/100\n|\n|-end|p1a: Emu War|move: Taunt\n|-ability|p1a: Emu War|Speed Boost|boost\n|-boost|p1a: Emu War|spe|1\n|upkeep\n|turn|45\n|\n|t:|1697585995\n|move|p1a: Emu War|Protect|p1a: Emu War\n|-singleturn|p1a: Emu War|Protect\n|move|p2a: Blissey|Seismic Toss|p1a: Emu War\n|-activate|p1a: Emu War|move: Protect\n|\n|-ability|p1a: Emu War|Speed Boost|boost\n|-boost|p1a: Emu War|spe|1\n|upkeep\n|turn|46\n|\n|t:|1697585998\n|move|p1a: Emu War|Calm Mind|p1a: Emu War\n|-boost|p1a: Emu War|spa|1\n|-boost|p1a: Emu War|spd|1\n|move|p2a: Blissey|Seismic Toss|p1a: Emu War\n|-damage|p1a: Emu War|40\/100\n|\n|upkeep\n|turn|47\n|\n|t:|1697586001\n|move|p1a: Emu War|Protect|p1a: Emu War\n|-singleturn|p1a: Emu War|Protect\n|move|p2a: Blissey|Seismic Toss|p1a: Emu War\n|-activate|p1a: Emu War|move: Protect\n|\n|upkeep\n|turn|48\n|\n|t:|1697586007\n|move|p1a: Emu War|Stored Power|p2a: Blissey\n|-damage|p2a: Blissey|51\/100\n|move|p2a: Blissey|Seismic Toss|p1a: Emu War\n|-damage|p1a: Emu War|10\/100\n|\n|upkeep\n|turn|49\n|\n|t:|1697586010\n|move|p1a: Emu War|Stored Power|p2a: Blissey\n|-damage|p2a: Blissey|13\/100\n|move|p2a: Blissey|Seismic Toss|p1a: Emu War\n|-damage|p1a: Emu War|0 fnt\n|faint|p1a: Emu War\n|\n|win|vespyyy\n|c|\u2606XpokVEVO|gg\n|c|\u2606XpokVEVO|close\n|c|\u2606vespyyy|Ggs\n|c|\u2606vespyyy|Yeah it was\n|l|\u2606XpokVEVO\n","uploadtime":1697586022,"views":28,"p1id":"xpokvevo","p2id":"vespyyy","formatid":"gen9ubers","rating":0,"private":0,"password":""}