{"id":"gen9ubers-1989274350","p1":"prof beef","p2":"Trossly","format":"[Gen 9] Ubers","log":"|j|\u2606prof beef\n|j|\u2606Trossly\n|t:|1699830649\n|gametype|singles\n|player|p1|prof beef|cynthia-gen4|\n|player|p2|Trossly|swimmerf|\n|teamsize|p1|6\n|teamsize|p2|6\n|gen|9\n|tier|[Gen 9] Ubers\n|rule|Sleep Clause Mod: Limit one foe put to sleep\n|rule|Species Clause: Limit one of each Pok\u00e9mon\n|rule|OHKO Clause: OHKO moves are banned\n|rule|Evasion Items Clause: Evasion items are banned\n|rule|Evasion Moves Clause: Evasion moves are banned\n|rule|Endless Battle Clause: Forcing endless battles is banned\n|rule|HP Percentage Mod: HP is shown in percentages\n|clearpoke\n|poke|p1|Kommo-o, F|\n|poke|p1|Slowking-Galar, F|\n|poke|p1|Heatran, F|\n|poke|p1|Crawdaunt, M|\n|poke|p1|Zangoose, F|\n|poke|p1|Ribombee, F|\n|poke|p2|Dragonite, M|\n|poke|p2|Chi-Yu|\n|poke|p2|Rillaboom, M|\n|poke|p2|Hippowdon, F|\n|poke|p2|Milotic, M|\n|poke|p2|Ting-Lu|\n|teampreview\n|j| KoziolKombat\n|\n|t:|1699830669\n|start\n|switch|p1a: Kommo-o|Kommo-o, F|100\/100\n|switch|p2a: Chi-Yu|Chi-Yu|100\/100\n|-ability|p2a: Chi-Yu|Beads of Ruin\n|turn|1\n|\n|t:|1699830683\n|switch|p1a: Ribombee|Ribombee, F, shiny|100\/100\n|-terastallize|p2a: Chi-Yu|Fire\n|move|p2a: Chi-Yu|Overheat|p1a: Ribombee\n|-supereffective|p1a: Ribombee\n|-enditem|p1a: Ribombee|Focus Sash\n|-damage|p1a: Ribombee|1\/100\n|-unboost|p2a: Chi-Yu|spa|2\n|\n|upkeep\n|turn|2\n|\n|t:|1699830697\n|move|p1a: Ribombee|Sticky Web|p2a: Chi-Yu\n|-sidestart|p2: Trossly|move: Sticky Web\n|move|p2a: Chi-Yu|Overheat|p1a: Ribombee\n|-supereffective|p1a: Ribombee\n|-damage|p1a: Ribombee|0 fnt\n|-unboost|p2a: Chi-Yu|spa|2\n|faint|p1a: Ribombee\n|\n|upkeep\n|\n|t:|1699830705\n|switch|p1a: Crawdaunt|Crawdaunt, M|100\/100\n|turn|3\n|\n|t:|1699830712\n|switch|p2a: Rillaboom|Rillaboom, M, shiny|100\/100\n|-activate|p2a: Rillaboom|move: Sticky Web\n|-unboost|p2a: Rillaboom|spe|1\n|-fieldstart|move: Grassy Terrain|[from] ability: Grassy Surge|[of] p2a: Rillaboom\n|move|p1a: Crawdaunt|Aqua Jet|p2a: Rillaboom\n|-resisted|p2a: Rillaboom\n|-damage|p2a: Rillaboom|75\/100\n|\n|-heal|p2a: Rillaboom|81\/100|[from] Grassy Terrain\n|upkeep\n|turn|4\n|\n|t:|1699830727\n|switch|p1a: Heatran|Heatran, F, shiny|100\/100\n|-item|p1a: Heatran|Air Balloon\n|move|p2a: Rillaboom|Grassy Glide|p1a: Heatran\n|-resisted|p1a: Heatran\n|-damage|p1a: Heatran|89\/100\n|-enditem|p1a: Heatran|Air Balloon\n|\n|-heal|p1a: Heatran|95\/100|[from] Grassy Terrain\n|-heal|p2a: Rillaboom|87\/100|[from] Grassy Terrain\n|upkeep\n|turn|5\n|\n|t:|1699830749\n|switch|p2a: Milotic|Milotic, M, shiny|100\/100\n|move|p1a: Heatran|Will-O-Wisp|p2a: Milotic\n|-status|p2a: Milotic|brn\n|\n|-heal|p1a: Heatran|100\/100|[from] Grassy Terrain\n|-damage|p2a: Milotic|94\/100 brn|[from] brn\n|upkeep\n|turn|6\n|\n|t:|1699830763\n|switch|p1a: Slowking|Slowking-Galar, F|100\/100\n|move|p2a: Milotic|Mirror Coat||[still]\n|-fail|p2a: Milotic\n|\n|-heal|p2a: Milotic|100\/100 brn|[from] Grassy Terrain\n|-damage|p2a: Milotic|94\/100 brn|[from] brn\n|upkeep\n|turn|7\n|\n|t:|1699830773\n|move|p2a: Milotic|Scald|p1a: Slowking\n|-damage|p1a: Slowking|88\/100\n|move|p1a: Slowking|Future Sight|p2a: Milotic\n|-start|p1a: Slowking|move: Future Sight\n|\n|-heal|p2a: Milotic|100\/100 brn|[from] Grassy Terrain\n|-heal|p1a: Slowking|94\/100|[from] Grassy Terrain\n|-damage|p2a: Milotic|94\/100 brn|[from] brn\n|-fieldend|move: Grassy Terrain\n|upkeep\n|turn|8\n|\n|t:|1699830788\n|move|p1a: Slowking|Sludge Bomb|p2a: Milotic\n|-damage|p2a: Milotic|74\/100 brn\n|move|p2a: Milotic|Mirror Coat|p1a: Slowking\n|-damage|p1a: Slowking|53\/100\n|\n|-damage|p2a: Milotic|68\/100 brn|[from] brn\n|upkeep\n|turn|9\n|\n|t:|1699830810\n|move|p1a: Slowking|Sludge Bomb|p2a: Milotic\n|-crit|p2a: Milotic\n|-damage|p2a: Milotic|37\/100 brn\n|move|p2a: Milotic|Mirror Coat|p1a: Slowking\n|-damage|p1a: Slowking|0 fnt\n|faint|p1a: Slowking\n|\n|-end|p2a: Milotic|move: Future Sight\n|-damage|p2a: Milotic|5\/100 brn\n|-damage|p2a: Milotic|0 fnt|[from] brn\n|faint|p2a: Milotic\n|upkeep\n|\n|t:|1699830843\n|switch|p2a: Dragonite|Dragonite, M, shiny|100\/100\n|switch|p1a: Crawdaunt|Crawdaunt, M|100\/100\n|turn|10\n|\n|t:|1699830850\n|switch|p1a: Kommo-o|Kommo-o, F|100\/100\n|move|p2a: Dragonite|Dragon Dance|p2a: Dragonite\n|-boost|p2a: Dragonite|atk|1\n|-boost|p2a: Dragonite|spe|1\n|\n|upkeep\n|turn|11\n|\n|t:|1699830857\n|-terastallize|p1a: Kommo-o|Normal\n|move|p2a: Dragonite|Dragon Dance|p2a: Dragonite\n|-boost|p2a: Dragonite|atk|1\n|-boost|p2a: Dragonite|spe|1\n|move|p1a: Kommo-o|Clanging Scales|p2a: Dragonite\n|-supereffective|p2a: Dragonite\n|-damage|p2a: Dragonite|53\/100\n|-unboost|p1a: Kommo-o|def|1\n|-enditem|p1a: Kommo-o|Throat Spray\n|-boost|p1a: Kommo-o|spa|1|[from] item: Throat Spray\n|\n|upkeep\n|turn|12\n|\n|t:|1699830870\n|move|p2a: Dragonite|Extreme Speed|p1a: Kommo-o\n|-damage|p1a: Kommo-o|17\/100\n|move|p1a: Kommo-o|Clanging Scales|p2a: Dragonite\n|-supereffective|p2a: Dragonite\n|-damage|p2a: Dragonite|0 fnt\n|faint|p2a: Dragonite\n|-unboost|p1a: Kommo-o|def|1\n|\n|upkeep\n|\n|t:|1699830879\n|switch|p2a: Rillaboom|Rillaboom, M, shiny|87\/100\n|-activate|p2a: Rillaboom|move: Sticky Web\n|-unboost|p2a: Rillaboom|spe|1\n|-fieldstart|move: Grassy Terrain|[from] ability: Grassy Surge|[of] p2a: Rillaboom\n|turn|13\n|\n|t:|1699830886\n|switch|p1a: Heatran|Heatran, F, shiny|100\/100\n|move|p2a: Rillaboom|Grassy Glide|p1a: Heatran\n|-resisted|p1a: Heatran\n|-damage|p1a: Heatran|88\/100\n|\n|-heal|p1a: Heatran|94\/100|[from] Grassy Terrain\n|-heal|p2a: Rillaboom|93\/100|[from] Grassy Terrain\n|upkeep\n|turn|14\n|\n|t:|1699830903\n|switch|p2a: Hippowdon|Hippowdon, F, shiny|100\/100\n|-activate|p2a: Hippowdon|move: Sticky Web\n|-unboost|p2a: Hippowdon|spe|1\n|-weather|Sandstorm|[from] ability: Sand Stream|[of] p2a: Hippowdon\n|move|p1a: Heatran|Magma Storm|p2a: Hippowdon\n|-crit|p2a: Hippowdon\n|-damage|p2a: Hippowdon|33\/100\n|-activate|p2a: Hippowdon|move: Magma Storm|[of] p1a: Heatran\n|\n|-weather|Sandstorm|[upkeep]\n|-heal|p1a: Heatran|99\/100|[from] Grassy Terrain\n|-heal|p2a: Hippowdon|39\/100|[from] Grassy Terrain\n|-damage|p2a: Hippowdon|27\/100|[from] move: Magma Storm|[partiallytrapped]\n|upkeep\n|turn|15\n|\n|t:|1699830920\n|move|p1a: Heatran|Magma Storm|p2a: Hippowdon\n|-crit|p2a: Hippowdon\n|-damage|p2a: Hippowdon|0 fnt\n|faint|p2a: Hippowdon\n|\n|-weather|Sandstorm|[upkeep]\n|-heal|p1a: Heatran|100\/100|[from] Grassy Terrain\n|upkeep\n|\n|t:|1699830928\n|switch|p2a: Ting-Lu|Ting-Lu|100\/100\n|-activate|p2a: Ting-Lu|move: Sticky Web\n|-unboost|p2a: Ting-Lu|spe|1\n|-ability|p2a: Ting-Lu|Vessel of Ruin\n|turn|16\n|\n|t:|1699830955\n|switch|p1a: Crawdaunt|Crawdaunt, M|100\/100\n|move|p2a: Ting-Lu|Ruination|p1a: Crawdaunt\n|-damage|p1a: Crawdaunt|50\/100\n|\n|-weather|Sandstorm|[upkeep]\n|-damage|p1a: Crawdaunt|44\/100|[from] Sandstorm\n|-heal|p1a: Crawdaunt|50\/100|[from] Grassy Terrain\n|upkeep\n|turn|17\n|\n|t:|1699830968\n|move|p1a: Crawdaunt|Crabhammer|p2a: Ting-Lu\n|-supereffective|p2a: Ting-Lu\n|-damage|p2a: Ting-Lu|0 fnt\n|faint|p2a: Ting-Lu\n|\n|-weather|Sandstorm|[upkeep]\n|-damage|p1a: Crawdaunt|44\/100|[from] Sandstorm\n|-heal|p1a: Crawdaunt|50\/100|[from] Grassy Terrain\n|-fieldend|move: Grassy Terrain\n|upkeep\n|\n|t:|1699830977\n|switch|p2a: Rillaboom|Rillaboom, M, shiny|93\/100\n|-activate|p2a: Rillaboom|move: Sticky Web\n|-unboost|p2a: Rillaboom|spe|1\n|-fieldstart|move: Grassy Terrain|[from] ability: Grassy Surge|[of] p2a: Rillaboom\n|turn|18\n|\n|t:|1699830984\n|switch|p1a: Heatran|Heatran, F, shiny|100\/100\n|move|p2a: Rillaboom|Grassy Glide|p1a: Heatran\n|-resisted|p1a: Heatran\n|-damage|p1a: Heatran|88\/100\n|\n|-weather|none\n|-heal|p1a: Heatran|94\/100|[from] Grassy Terrain\n|-heal|p2a: Rillaboom|99\/100|[from] Grassy Terrain\n|upkeep\n|turn|19\n|\n|t:|1699831001\n|switch|p2a: Chi-Yu|Chi-Yu, tera:Fire|100\/100\n|-activate|p2a: Chi-Yu|move: Sticky Web\n|-unboost|p2a: Chi-Yu|spe|1\n|-ability|p2a: Chi-Yu|Beads of Ruin\n|move|p1a: Heatran|Magma Storm|p2a: Chi-Yu\n|-resisted|p2a: Chi-Yu\n|-damage|p2a: Chi-Yu|77\/100\n|-activate|p2a: Chi-Yu|move: Magma Storm|[of] p1a: Heatran\n|\n|-heal|p2a: Chi-Yu|83\/100|[from] Grassy Terrain\n|-heal|p1a: Heatran|99\/100|[from] Grassy Terrain\n|-damage|p2a: Chi-Yu|71\/100|[from] move: Magma Storm|[partiallytrapped]\n|upkeep\n|turn|20\n|\n|t:|1699831015\n|move|p2a: Chi-Yu|Dark Pulse|p1a: Heatran\n|-damage|p1a: Heatran|39\/100\n|move|p1a: Heatran|Magma Storm|p2a: Chi-Yu\n|-resisted|p2a: Chi-Yu\n|-damage|p2a: Chi-Yu|46\/100\n|\n|-heal|p2a: Chi-Yu|52\/100|[from] Grassy Terrain\n|-heal|p1a: Heatran|45\/100|[from] Grassy Terrain\n|-damage|p2a: Chi-Yu|40\/100|[from] move: Magma Storm|[partiallytrapped]\n|upkeep\n|turn|21\n|\n|t:|1699831032\n|move|p2a: Chi-Yu|Dark Pulse|p1a: Heatran\n|-damage|p1a: Heatran|0 fnt\n|faint|p1a: Heatran\n|\n|-heal|p2a: Chi-Yu|46\/100|[from] Grassy Terrain\n|-end|p2a: Chi-Yu|Magma Storm|[partiallytrapped]|[silent]\n|upkeep\n|\n|t:|1699831039\n|switch|p1a: Crawdaunt|Crawdaunt, M|50\/100\n|turn|22\n|\n|t:|1699831042\n|switch|p2a: Rillaboom|Rillaboom, M, shiny|99\/100\n|-activate|p2a: Rillaboom|move: Sticky Web\n|-unboost|p2a: Rillaboom|spe|1\n|move|p1a: Crawdaunt|Aqua Jet|p2a: Rillaboom\n|-resisted|p2a: Rillaboom\n|-damage|p2a: Rillaboom|76\/100\n|\n|-heal|p2a: Rillaboom|82\/100|[from] Grassy Terrain\n|-heal|p1a: Crawdaunt|57\/100|[from] Grassy Terrain\n|-fieldend|move: Grassy Terrain\n|upkeep\n|turn|23\n|\n|t:|1699831057\n|switch|p1a: Zangoose|Zangoose, F, shiny|100\/100\n|move|p2a: Rillaboom|Wood Hammer|p1a: Zangoose\n|-damage|p1a: Zangoose|0 fnt\n|faint|p1a: Zangoose\n|-damage|p2a: Rillaboom|54\/100|[from] Recoil\n|\n|upkeep\n|\n|t:|1699831074\n|switch|p1a: Crawdaunt|Crawdaunt, M|57\/100\n|turn|24\n|\n|t:|1699831091\n|move|p2a: Rillaboom|Wood Hammer|p1a: Crawdaunt\n|-supereffective|p1a: Crawdaunt\n|-damage|p1a: Crawdaunt|0 fnt\n|faint|p1a: Crawdaunt\n|-damage|p2a: Rillaboom|36\/100|[from] Recoil\n|\n|upkeep\n|\n|t:|1699831099\n|switch|p1a: Kommo-o|Kommo-o, F, tera:Normal|17\/100\n|turn|25\n|\n|t:|1699831105\n|move|p1a: Kommo-o|Clanging Scales|p2a: Rillaboom\n|-damage|p2a: Rillaboom|0 fnt\n|faint|p2a: Rillaboom\n|-unboost|p1a: Kommo-o|def|1\n|\n|upkeep\n|\n|t:|1699831110\n|switch|p2a: Chi-Yu|Chi-Yu, tera:Fire|46\/100\n|-activate|p2a: Chi-Yu|move: Sticky Web\n|-unboost|p2a: Chi-Yu|spe|1\n|-ability|p2a: Chi-Yu|Beads of Ruin\n|turn|26\n|\n|t:|1699831117\n|move|p1a: Kommo-o|Clanging Scales|p2a: Chi-Yu\n|-damage|p2a: Chi-Yu|0 fnt\n|faint|p2a: Chi-Yu\n|\n|win|prof beef\n","uploadtime":1699831129,"views":20,"p1id":"profbeef","p2id":"trossly","formatid":"gen9ubers","rating":0,"private":0,"password":""}