{"id":"gen9ubers-1999844791","p1":"KeshBa45","p2":"meghlomaniac","format":"[Gen 9] Ubers","log":"|j|\u2606KeshBa45\n|j|\u2606meghlomaniac\n|t:|1701122104\n|gametype|singles\n|player|p1|KeshBa45|red|\n|player|p2|meghlomaniac|hoopster|\n|teamsize|p1|6\n|teamsize|p2|6\n|gen|9\n|tier|[Gen 9] Ubers\n|rated|Tournament battle\n|rule|Sleep Clause Mod: Limit one foe put to sleep\n|rule|Species Clause: Limit one of each Pok\u00e9mon\n|rule|OHKO Clause: OHKO moves are banned\n|rule|Evasion Items Clause: Evasion items are banned\n|rule|Evasion Moves Clause: Evasion moves are banned\n|rule|Endless Battle Clause: Forcing endless battles is banned\n|rule|HP Percentage Mod: HP is shown in percentages\n|clearpoke\n|poke|p1|Calyrex-Ice|\n|poke|p1|Koraidon|\n|poke|p1|Toxapex, F|\n|poke|p1|Ting-Lu|\n|poke|p1|Arceus|\n|poke|p1|Miraidon|\n|poke|p2|Grimmsnarl, M|\n|poke|p2|Arceus-Ground|\n|poke|p2|Miraidon|\n|poke|p2|Sneasler, M|\n|poke|p2|Calyrex-Ice|\n|poke|p2|Zacian-*|\n|teampreview\n|inactive|Battle timer is ON: inactive players will automatically lose when time's up. (requested by meghlomaniac)\n|j| ColloiXyy\n|j| free letters\n|inactive|KeshBa45 has 120 seconds left.\n|c|\u2606meghlomaniac|gl hf\n|j|+its zxc\u266a\n|inactive|KeshBa45 has 90 seconds left.\n|c|\u2606KeshBa45|Glgl\n|\n|t:|1701122186\n|start\n|switch|p1a: Toxapex|Toxapex, F|100\/100\n|switch|p2a: Grimmsnarl|Grimmsnarl, M|100\/100\n|turn|1\n|\n|t:|1701122190\n|move|p2a: Grimmsnarl|Taunt|p1a: Toxapex\n|-start|p1a: Toxapex|move: Taunt\n|move|p1a: Toxapex|Infestation|p2a: Grimmsnarl\n|-damage|p2a: Grimmsnarl|98\/100\n|-activate|p2a: Grimmsnarl|move: Infestation|[of] p1a: Toxapex\n|\n|-damage|p2a: Grimmsnarl|85\/100|[from] move: Infestation|[partiallytrapped]\n|upkeep\n|turn|2\n|\n|t:|1701122205\n|switch|p1a: Ting-Lu|Ting-Lu|100\/100\n|-ability|p1a: Ting-Lu|Vessel of Ruin\n|move|p2a: Grimmsnarl|Play Rough|p1a: Ting-Lu\n|-supereffective|p1a: Ting-Lu\n|-damage|p1a: Ting-Lu|59\/100\n|\n|-heal|p1a: Ting-Lu|65\/100|[from] item: Leftovers\n|-end|p2a: Grimmsnarl|Infestation|[partiallytrapped]|[silent]\n|upkeep\n|turn|3\n|j| Greedy4 ?\n|inactive|KeshBa45 has 120 seconds left.\n|inactive|meghlomaniac has 120 seconds left.\n|\n|t:|1701122250\n|move|p2a: Grimmsnarl|Reflect|p2a: Grimmsnarl\n|-sidestart|p2: meghlomaniac|Reflect\n|move|p1a: Ting-Lu|Spikes|p2a: Grimmsnarl\n|-sidestart|p2: meghlomaniac|Spikes\n|\n|-heal|p1a: Ting-Lu|72\/100|[from] item: Leftovers\n|upkeep\n|turn|4\n|inactive|meghlomaniac has 120 seconds left.\n|l| Greedy4 ?\n|\n|t:|1701122267\n|switch|p2a: Calyrex|Calyrex-Ice|100\/100\n|-ability|p2a: Calyrex|As One\n|-ability|p2a: Calyrex|Unnerve\n|move|p1a: Ting-Lu|Spikes|p2a: Calyrex\n|-sidestart|p2: meghlomaniac|Spikes\n|\n|-heal|p1a: Ting-Lu|78\/100|[from] item: Leftovers\n|upkeep\n|turn|5\n|inactive|KeshBa45 has 120 seconds left.\n|\n|t:|1701122281\n|switch|p1a: Toxapex|Toxapex, F|100\/100\n|move|p2a: Calyrex|Trick Room|p2a: Calyrex\n|-fieldstart|move: Trick Room|[of] p2a: Calyrex\n|\n|upkeep\n|turn|6\n|\n|t:|1701122287\n|move|p2a: Calyrex|Swords Dance|p2a: Calyrex\n|-boost|p2a: Calyrex|atk|2\n|move|p1a: Toxapex|Toxic|p2a: Calyrex\n|-status|p2a: Calyrex|tox\n|\n|-damage|p2a: Calyrex|94\/100 tox|[from] psn\n|upkeep\n|turn|7\n|inactive|KeshBa45 has 120 seconds left.\n|inactive|KeshBa45 has 90 seconds left.\n|\n|t:|1701122336\n|switch|p1a: Ting-Lu|Ting-Lu|78\/100\n|-ability|p1a: Ting-Lu|Vessel of Ruin\n|move|p2a: Calyrex|High Horsepower|p1a: Ting-Lu\n|-damage|p1a: Ting-Lu|30\/100\n|\n|-heal|p1a: Ting-Lu|36\/100|[from] item: Leftovers\n|-damage|p2a: Calyrex|82\/100 tox|[from] psn\n|upkeep\n|turn|8\n|\n|t:|1701122344\n|move|p2a: Calyrex|Glacial Lance|p1a: Ting-Lu\n|-supereffective|p1a: Ting-Lu\n|-damage|p1a: Ting-Lu|0 fnt\n|faint|p1a: Ting-Lu\n|-ability|p2a: Calyrex|Chilling Neigh|boost\n|-boost|p2a: Calyrex|atk|1\n|\n|-damage|p2a: Calyrex|63\/100 tox|[from] psn\n|upkeep\n|\n|t:|1701122347\n|switch|p1a: Calyrex|Calyrex-Ice|100\/100\n|-ability|p1a: Calyrex|As One\n|-ability|p1a: Calyrex|Unnerve\n|turn|9\n|\n|t:|1701122352\n|move|p2a: Calyrex|High Horsepower|p1a: Calyrex\n|-damage|p1a: Calyrex|42\/100\n|move|p1a: Calyrex|High Horsepower|p2a: Calyrex\n|-crit|p2a: Calyrex\n|-damage|p2a: Calyrex|27\/100 tox\n|\n|-damage|p2a: Calyrex|2\/100 tox|[from] psn\n|-fieldend|move: Trick Room\n|upkeep\n|turn|10\n|l| free letters\n|\n|t:|1701122356\n|move|p1a: Calyrex|Glacial Lance|p2a: Calyrex\n|-resisted|p2a: Calyrex\n|-damage|p2a: Calyrex|0 fnt\n|faint|p2a: Calyrex\n|-ability|p1a: Calyrex|Chilling Neigh|boost\n|-boost|p1a: Calyrex|atk|1\n|\n|-sideend|p2: meghlomaniac|Reflect\n|upkeep\n|j| Too Many Caps\n|\n|t:|1701122373\n|switch|p2a: Zacian|Zacian-Crowned|100\/100\n|-damage|p2a: Zacian|84\/100|[from] Spikes\n|-ability|p2a: Zacian|Intrepid Sword|boost\n|-boost|p2a: Zacian|atk|1\n|turn|11\n|inactive|KeshBa45 has 120 seconds left.\n|\n|t:|1701122394\n|-terastallize|p1a: Calyrex|Fire\n|move|p2a: Zacian|Behemoth Blade|p1a: Calyrex\n|-resisted|p1a: Calyrex\n|-damage|p1a: Calyrex|17\/100\n|move|p1a: Calyrex|Trick Room|p1a: Calyrex\n|-fieldstart|move: Trick Room|[of] p1a: Calyrex\n|\n|upkeep\n|turn|12\n|inactive|KeshBa45 has 120 seconds left.\n|c|\u2606meghlomaniac|ngl that's tough\n|inactive|meghlomaniac has 120 seconds left.\n|\n|t:|1701122429\n|switch|p2a: Grimmsnarl|Grimmsnarl, M|85\/100\n|-damage|p2a: Grimmsnarl|69\/100|[from] Spikes\n|move|p1a: Calyrex|High Horsepower|p2a: Grimmsnarl\n|-damage|p2a: Grimmsnarl|2\/100\n|\n|upkeep\n|turn|13\n|\n|t:|1701122436\n|move|p2a: Grimmsnarl|Reflect|p2a: Grimmsnarl\n|-sidestart|p2: meghlomaniac|Reflect\n|move|p1a: Calyrex|Glacial Lance|p2a: Grimmsnarl\n|-damage|p2a: Grimmsnarl|0 fnt\n|faint|p2a: Grimmsnarl\n|-ability|p1a: Calyrex|Chilling Neigh|boost\n|-boost|p1a: Calyrex|atk|1\n|\n|upkeep\n|inactive|meghlomaniac has 120 seconds left.\n|\n|t:|1701122448\n|switch|p2a: Zacian|Zacian-Crowned|84\/100\n|-damage|p2a: Zacian|67\/100|[from] Spikes\n|turn|14\n|c|\u2606KeshBa45|Very\n|inactive|meghlomaniac has 120 seconds left.\n|\n|t:|1701122468\n|-terastallize|p2a: Zacian|Ground\n|move|p1a: Calyrex|Glacial Lance|p2a: Zacian\n|-supereffective|p2a: Zacian\n|-damage|p2a: Zacian|0 fnt\n|faint|p2a: Zacian\n|-ability|p1a: Calyrex|Chilling Neigh|boost\n|-boost|p1a: Calyrex|atk|1\n|\n|upkeep\n|\n|t:|1701122474\n|switch|p2a: Arceus|Arceus-Ground|100\/100\n|-damage|p2a: Arceus|84\/100|[from] Spikes\n|turn|15\n|c|\u2606KeshBa45|Expected flying\n|\n|t:|1701122481\n|move|p1a: Calyrex|Glacial Lance|p2a: Arceus\n|-supereffective|p2a: Arceus\n|-damage|p2a: Arceus|0 fnt\n|faint|p2a: Arceus\n|-ability|p1a: Calyrex|Chilling Neigh|boost\n|-boost|p1a: Calyrex|atk|1\n|\n|-fieldend|move: Trick Room\n|upkeep\n|c|\u2606meghlomaniac|i thgouht it was flying\n|\n|t:|1701122489\n|switch|p2a: Miraidon|Miraidon|100\/100\n|-damage|p2a: Miraidon|84\/100|[from] Spikes\n|-fieldstart|move: Electric Terrain|[from] ability: Hadron Engine|[of] p2a: Miraidon\n|-enditem|p2a: Miraidon|Electric Seed\n|-boost|p2a: Miraidon|def|1|[from] item: Electric Seed\n|turn|16\n|l| ColloiXyy\n|\n|t:|1701122509\n|move|p2a: Miraidon|Parabolic Charge|p1a: Calyrex\n|-damage|p1a: Calyrex|0 fnt\n|-heal|p2a: Miraidon|93\/100|[from] drain|[of] p1a: Calyrex\n|faint|p1a: Calyrex\n|\n|upkeep\n|c|\u2606meghlomaniac|messed up there, not a regular ubers player, wanted to try out tournaments\n|\n|t:|1701122528\n|switch|p1a: Miraidon|Miraidon|100\/100\n|-activate|p1a: Miraidon|ability: Hadron Engine\n|turn|17\n|\n|t:|1701122532\n|move|p1a: Miraidon|Draco Meteor|p2a: Miraidon\n|-supereffective|p2a: Miraidon\n|-damage|p2a: Miraidon|0 fnt\n|-unboost|p1a: Miraidon|spa|2\n|faint|p2a: Miraidon\n|-damage|p1a: Miraidon|91\/100|[from] item: Life Orb\n|\n|upkeep\n|\n|t:|1701122535\n|switch|p2a: Sneasler|Sneasler, M|100\/100\n|-damage|p2a: Sneasler|84\/100|[from] Spikes\n|-enditem|p2a: Sneasler|Electric Seed\n|-boost|p2a: Sneasler|def|1|[from] item: Electric Seed\n|turn|18\n|\n|t:|1701122543\n|switch|p1a: Toxapex|Toxapex, F|100\/100\n|move|p2a: Sneasler|Close Combat|p1a: Toxapex\n|-resisted|p1a: Toxapex\n|-damage|p1a: Toxapex|82\/100\n|-unboost|p2a: Sneasler|def|1\n|-unboost|p2a: Sneasler|spd|1\n|-damage|p2a: Sneasler|67\/100|[from] item: Rocky Helmet|[of] p1a: Toxapex\n|\n|upkeep\n|turn|19\n|\n|t:|1701122551\n|move|p2a: Sneasler|Swords Dance|p2a: Sneasler\n|-boost|p2a: Sneasler|atk|2\n|move|p1a: Toxapex|Infestation|p2a: Sneasler\n|-resisted|p2a: Sneasler\n|-damage|p2a: Sneasler|66\/100\n|-activate|p2a: Sneasler|move: Infestation|[of] p1a: Toxapex\n|\n|-damage|p2a: Sneasler|54\/100|[from] move: Infestation|[partiallytrapped]\n|upkeep\n|turn|20\n|\n|t:|1701122556\n|move|p2a: Sneasler|Close Combat|p1a: Toxapex\n|-resisted|p1a: Toxapex\n|-damage|p1a: Toxapex|45\/100\n|-unboost|p2a: Sneasler|def|1\n|-unboost|p2a: Sneasler|spd|1\n|-damage|p2a: Sneasler|37\/100|[from] item: Rocky Helmet|[of] p1a: Toxapex\n|move|p1a: Toxapex|Haze|p1a: Toxapex\n|-clearallboost\n|\n|-damage|p2a: Sneasler|25\/100|[from] move: Infestation|[partiallytrapped]\n|-sideend|p2: meghlomaniac|Reflect\n|-fieldend|move: Electric Terrain\n|upkeep\n|turn|21\n|\n|t:|1701122560\n|move|p2a: Sneasler|Close Combat|p1a: Toxapex\n|-resisted|p1a: Toxapex\n|-damage|p1a: Toxapex|27\/100\n|-unboost|p2a: Sneasler|def|1\n|-unboost|p2a: Sneasler|spd|1\n|-damage|p2a: Sneasler|8\/100|[from] item: Rocky Helmet|[of] p1a: Toxapex\n|move|p1a: Toxapex|Recover|p1a: Toxapex\n|-heal|p1a: Toxapex|77\/100\n|\n|-damage|p2a: Sneasler|0 fnt|[from] move: Infestation|[partiallytrapped]\n|faint|p2a: Sneasler\n|\n|win|KeshBa45\n|upkeep\n|n|\u2606KeshBa45|keshba45\n|n|\u2606meghlomaniac|meghlomaniac\n|n|+its zxc\u266a|itszxc\n|n| Too Many Caps|toomanycaps\n","uploadtime":1701122561,"views":1,"p1id":"keshba45","p2id":"meghlomaniac","formatid":"gen9ubers","rating":0,"private":0,"password":""}