{"id":"gen9ubers-2000226125","p1":"fishstickrick","p2":"PokemonJavarRegion","format":"[Gen 9] Ubers","log":"|j|\u2606fishstickrick\n|j|\u2606PokemonJavarRegion\n|t:|1701174633\n|gametype|singles\n|player|p1|fishstickrick|wallace|1098\n|player|p2|PokemonJavarRegion|266|1000\n|teamsize|p1|6\n|teamsize|p2|6\n|gen|9\n|tier|[Gen 9] Ubers\n|rated|\n|rule|Sleep Clause Mod: Limit one foe put to sleep\n|rule|Species Clause: Limit one of each Pok\u00e9mon\n|rule|OHKO Clause: OHKO moves are banned\n|rule|Evasion Items Clause: Evasion items are banned\n|rule|Evasion Moves Clause: Evasion moves are banned\n|rule|Endless Battle Clause: Forcing endless battles is banned\n|rule|HP Percentage Mod: HP is shown in percentages\n|clearpoke\n|poke|p1|Ogerpon-Hearthflame, F|\n|poke|p1|Koraidon|\n|poke|p1|Glimmora, F|\n|poke|p1|Shaymin-Sky|\n|poke|p1|Gholdengo|\n|poke|p1|Ribombee, F|\n|poke|p2|Moltres|\n|poke|p2|Charmeleon, F|\n|poke|p2|Leafeon, F|\n|poke|p2|Zapdos|\n|poke|p2|Arcanine, F|\n|poke|p2|Garchomp, F|\n|teampreview\n|inactive|Battle timer is ON: inactive players will automatically lose when time's up. (requested by fishstickrick)\n|\n|t:|1701174661\n|start\n|switch|p1a: Ribombee|Ribombee, F, shiny|100\/100\n|switch|p2a: Arcanine|Arcanine, F|100\/100\n|turn|1\n|\n|t:|1701174670\n|move|p1a: Ribombee|Sticky Web|p2a: Arcanine\n|-sidestart|p2: PokemonJavarRegion|move: Sticky Web\n|move|p2a: Arcanine|Overheat|p1a: Ribombee|[miss]\n|-miss|p2a: Arcanine|p1a: Ribombee\n|\n|upkeep\n|turn|2\n|\n|t:|1701174675\n|move|p1a: Ribombee|Stun Spore|p2a: Arcanine\n|-status|p2a: Arcanine|par\n|move|p2a: Arcanine|Overheat|p1a: Ribombee\n|-supereffective|p1a: Ribombee\n|-enditem|p1a: Ribombee|Focus Sash\n|-damage|p1a: Ribombee|1\/100\n|-unboost|p2a: Arcanine|spa|2\n|\n|upkeep\n|turn|3\n|\n|t:|1701174684\n|move|p1a: Ribombee|Tailwind|p1a: Ribombee\n|-sidestart|p1: fishstickrick|move: Tailwind\n|move|p2a: Arcanine|Overheat|p1a: Ribombee\n|-supereffective|p1a: Ribombee\n|-damage|p1a: Ribombee|0 fnt\n|-unboost|p2a: Arcanine|spa|2\n|faint|p1a: Ribombee\n|\n|upkeep\n|\n|t:|1701174687\n|switch|p1a: Glimmora|Glimmora, F|100\/100\n|turn|4\n|\n|t:|1701174696\n|switch|p2a: Leafeon|Leafeon, F|100\/100\n|-activate|p2a: Leafeon|move: Sticky Web\n|-unboost|p2a: Leafeon|spe|1\n|move|p1a: Glimmora|Stealth Rock|p2a: Leafeon\n|-sidestart|p2: PokemonJavarRegion|move: Stealth Rock\n|\n|upkeep\n|turn|5\n|\n|t:|1701174705\n|move|p1a: Glimmora|Mortal Spin|p2a: Leafeon\n|-supereffective|p2a: Leafeon\n|-damage|p2a: Leafeon|89\/100\n|-enditem|p2a: Leafeon|Enigma Berry|[eat]\n|-heal|p2a: Leafeon|100\/100|[from] item: Enigma Berry|[of] p1a: Glimmora\n|-status|p2a: Leafeon|psn\n|move|p2a: Leafeon|Leaf Storm|p1a: Glimmora\n|-damage|p1a: Glimmora|70\/100\n|-unboost|p2a: Leafeon|spa|2\n|\n|-damage|p2a: Leafeon|88\/100 psn|[from] psn\n|upkeep\n|turn|6\n|\n|t:|1701174728\n|move|p1a: Glimmora|Memento|p2a: Leafeon\n|-unboost|p2a: Leafeon|atk|2\n|-unboost|p2a: Leafeon|spa|2\n|faint|p1a: Glimmora\n|move|p2a: Leafeon|Solar Blade||[still]\n|-prepare|p2a: Leafeon|Solar Blade\n|\n|-damage|p2a: Leafeon|76\/100 psn|[from] psn\n|-sideend|p1: fishstickrick|move: Tailwind\n|upkeep\n|\n|t:|1701174736\n|switch|p1a: Shaymin|Shaymin-Sky|100\/100\n|turn|7\n|\n|t:|1701174749\n|move|p1a: Shaymin|Air Slash|p2a: Leafeon\n|-supereffective|p2a: Leafeon\n|-damage|p2a: Leafeon|0 fnt\n|faint|p2a: Leafeon\n|\n|upkeep\n|\n|t:|1701174755\n|switch|p2a: Moltres|Moltres|100\/100\n|-damage|p2a: Moltres|50\/100|[from] Stealth Rock\n|turn|8\n|\n|t:|1701174760\n|move|p1a: Shaymin|Air Slash|p2a: Moltres\n|-damage|p2a: Moltres|11\/100\n|cant|p2a: Moltres|flinch\n|\n|upkeep\n|turn|9\n|\n|t:|1701174767\n|switch|p2a: Arcanine|Arcanine, F|100\/100 par\n|-activate|p2a: Arcanine|move: Sticky Web\n|-unboost|p2a: Arcanine|spe|1\n|-damage|p2a: Arcanine|76\/100 par|[from] Stealth Rock\n|move|p1a: Shaymin|Air Slash|p2a: Arcanine\n|-damage|p2a: Arcanine|31\/100 par\n|\n|upkeep\n|turn|10\n|\n|t:|1701174775\n|move|p1a: Shaymin|Air Slash|p2a: Arcanine\n|-damage|p2a: Arcanine|0 fnt\n|faint|p2a: Arcanine\n|\n|upkeep\n|\n|t:|1701174780\n|switch|p2a: Charmeleon|Charmeleon, F|100\/100\n|-activate|p2a: Charmeleon|move: Sticky Web\n|-unboost|p2a: Charmeleon|spe|1\n|-damage|p2a: Charmeleon|75\/100|[from] Stealth Rock\n|turn|11\n|\n|t:|1701174785\n|move|p1a: Shaymin|Air Slash|p2a: Charmeleon\n|-damage|p2a: Charmeleon|15\/100\n|cant|p2a: Charmeleon|flinch\n|\n|upkeep\n|turn|12\n|\n|t:|1701174792\n|switch|p2a: Zapdos|Zapdos|100\/100\n|-damage|p2a: Zapdos|75\/100|[from] Stealth Rock\n|-ability|p2a: Zapdos|Pressure\n|move|p1a: Shaymin|Air Slash|p2a: Zapdos\n|-resisted|p2a: Zapdos\n|-damage|p2a: Zapdos|59\/100\n|\n|upkeep\n|turn|13\n|\n|t:|1701174803\n|-terastallize|p1a: Shaymin|Flying\n|move|p1a: Shaymin|Air Slash|p2a: Zapdos\n|-resisted|p2a: Zapdos\n|-damage|p2a: Zapdos|34\/100\n|cant|p2a: Zapdos|flinch\n|\n|upkeep\n|turn|14\n|\n|t:|1701174810\n|switch|p2a: Garchomp|Garchomp, F|100\/100\n|-activate|p2a: Garchomp|move: Sticky Web\n|-unboost|p2a: Garchomp|spe|1\n|-damage|p2a: Garchomp|94\/100|[from] Stealth Rock\n|move|p1a: Shaymin|Air Slash|p2a: Garchomp\n|-damage|p2a: Garchomp|37\/100\n|\n|upkeep\n|turn|15\n|\n|t:|1701174822\n|move|p1a: Shaymin|Air Slash|p2a: Garchomp\n|-damage|p2a: Garchomp|0 fnt\n|faint|p2a: Garchomp\n|\n|upkeep\n|\n|t:|1701174831\n|switch|p2a: Zapdos|Zapdos|34\/100\n|-damage|p2a: Zapdos|9\/100|[from] Stealth Rock\n|-ability|p2a: Zapdos|Pressure\n|turn|16\n|\n|t:|1701174838\n|move|p1a: Shaymin|Air Slash|p2a: Zapdos\n|-resisted|p2a: Zapdos\n|-damage|p2a: Zapdos|0 fnt\n|faint|p2a: Zapdos\n|\n|upkeep\n|\n|t:|1701174846\n|switch|p2a: Charmeleon|Charmeleon, F|15\/100\n|-activate|p2a: Charmeleon|move: Sticky Web\n|-unboost|p2a: Charmeleon|spe|1\n|-damage|p2a: Charmeleon|0 fnt|[from] Stealth Rock\n|faint|p2a: Charmeleon\n|\n|t:|1701174851\n|switch|p2a: Moltres|Moltres|11\/100\n|-damage|p2a: Moltres|0 fnt|[from] Stealth Rock\n|faint|p2a: Moltres\n|\n|win|fishstickrick\n|raw|fishstickrick's rating: 1098 &rarr; <strong>1116<\/strong><br \/>(+18 for winning)\n|raw|PokemonJavarRegion's rating: 1000 &rarr; <strong>1000<\/strong><br \/>(+0 for losing)\n","uploadtime":1701174855,"views":3,"p1id":"fishstickrick","p2id":"pokemonjavarregion","formatid":"gen9ubers","rating":1000,"private":0,"password":""}