{"id":"gen9ubers-1982269201","p1":"mysticalcheese","p2":"mahcuu","format":"[Gen 9] Ubers","log":"|j|\u2606mysticalcheese\n|j|\u2606mahcuu\n|t:|1698987283\n|gametype|singles\n|player|p1|mysticalcheese|169|\n|player|p2|mahcuu|scientistf|\n|teamsize|p1|6\n|teamsize|p2|6\n|gen|9\n|tier|[Gen 9] Ubers\n|rule|Sleep Clause Mod: Limit one foe put to sleep\n|rule|Species Clause: Limit one of each Pok\u00e9mon\n|rule|OHKO Clause: OHKO moves are banned\n|rule|Evasion Items Clause: Evasion items are banned\n|rule|Evasion Moves Clause: Evasion moves are banned\n|rule|Endless Battle Clause: Forcing endless battles is banned\n|rule|HP Percentage Mod: HP is shown in percentages\n|clearpoke\n|poke|p1|Heatran, F|\n|poke|p1|Walking Wake|\n|poke|p1|Dedenne, M|\n|poke|p1|Amoonguss, M|\n|poke|p1|Chansey, F|\n|poke|p1|Iron Moth|\n|poke|p2|Dusknoir, F|\n|poke|p2|Glastrier|\n|poke|p2|Noivern, M|\n|poke|p2|Volcanion|\n|poke|p2|Lycanroc, M|\n|poke|p2|Dudunsparce-*, M|\n|teampreview\n|j| currys\n|j| Rival Gary Oak\n|j| ShanmanT\n|\n|t:|1698987321\n|start\n|switch|p1a: Dedenne|Dedenne, M, shiny|100\/100\n|switch|p2a: Noivern|Noivern, M|100\/100\n|-item|p1a: Dedenne|Heat Rock|[from] ability: Frisk|[of] p2a: Noivern|[identify]\n|turn|1\n|\n|t:|1698987338\n|move|p2a: Noivern|Draco Meteor|p1a: Dedenne\n|-immune|p1a: Dedenne\n|move|p1a: Dedenne|Nuzzle|p2a: Noivern\n|-damage|p2a: Noivern|94\/100\n|-status|p2a: Noivern|par\n|\n|upkeep\n|turn|2\n|c|\u2606mahcuu|Oh wait\n|c|\u2606mahcuu|Its fairy\n|\n|t:|1698987358\n|switch|p2a: Volcanion|Volcanion|100\/100\n|move|p1a: Dedenne|Sunny Day|p1a: Dedenne\n|-weather|SunnyDay\n|\n|-weather|SunnyDay|[upkeep]\n|upkeep\n|turn|3\n|\n|t:|1698987363\n|move|p1a: Dedenne|Super Fang|p2a: Volcanion|[miss]\n|-miss|p1a: Dedenne|p2a: Volcanion\n|move|p2a: Volcanion|Flamethrower|p1a: Dedenne\n|-damage|p1a: Dedenne|22\/100\n|-status|p1a: Dedenne|brn\n|\n|-weather|SunnyDay|[upkeep]\n|-damage|p1a: Dedenne|15\/100 brn|[from] brn\n|upkeep\n|turn|4\n|\n|t:|1698987374\n|switch|p2a: Noivern|Noivern, M|94\/100 par\n|-item|p1a: Dedenne|Heat Rock|[from] ability: Frisk|[of] p2a: Noivern|[identify]\n|move|p1a: Dedenne|Super Fang|p2a: Noivern\n|-damage|p2a: Noivern|47\/100 par\n|\n|-weather|SunnyDay|[upkeep]\n|-damage|p1a: Dedenne|9\/100 brn|[from] brn\n|upkeep\n|turn|5\n|\n|t:|1698987380\n|move|p1a: Dedenne|U-turn|p2a: Noivern\n|-resisted|p2a: Noivern\n|-damage|p2a: Noivern|44\/100 par\n|\n|t:|1698987387\n|switch|p1a: Heatran|Heatran, F|100\/100|[from] U-turn\n|cant|p2a: Noivern|par\n|\n|-weather|SunnyDay|[upkeep]\n|upkeep\n|turn|6\n|\n|t:|1698987402\n|cant|p2a: Noivern|par\n|move|p1a: Heatran|Power Gem|p2a: Noivern\n|-supereffective|p2a: Noivern\n|-damage|p2a: Noivern|0 fnt\n|faint|p2a: Noivern\n|\n|-weather|SunnyDay|[upkeep]\n|upkeep\n|\n|t:|1698987414\n|switch|p2a: Dusknoir|Dusknoir, F|100\/100\n|-item|p1a: Heatran|Leftovers|[from] ability: Frisk|[of] p2a: Dusknoir|[identify]\n|turn|7\n|\n|t:|1698987446\n|move|p1a: Heatran|Lava Plume|p2a: Dusknoir\n|-damage|p2a: Dusknoir|63\/100\n|move|p2a: Dusknoir|Earthquake|p1a: Heatran\n|-supereffective|p1a: Heatran\n|-damage|p1a: Heatran|22\/100\n|\n|-weather|SunnyDay|[upkeep]\n|-heal|p1a: Heatran|28\/100|[from] item: Leftovers\n|-heal|p2a: Dusknoir|70\/100|[from] item: Leftovers\n|upkeep\n|turn|8\n|\n|t:|1698987463\n|switch|p1a: Amoonguss|Amoonguss, M|100\/100\n|move|p2a: Dusknoir|Earthquake|p1a: Amoonguss\n|-crit|p1a: Amoonguss\n|-damage|p1a: Amoonguss|77\/100\n|\n|-weather|SunnyDay|[upkeep]\n|-heal|p2a: Dusknoir|76\/100|[from] item: Leftovers\n|-heal|p1a: Amoonguss|83\/100|[from] item: Black Sludge\n|upkeep\n|turn|9\n|\n|t:|1698987476\n|-terastallize|p2a: Dusknoir|Flying\n|move|p2a: Dusknoir|Tera Blast|p1a: Amoonguss|[anim] Tera Blast Flying\n|-supereffective|p1a: Amoonguss\n|-crit|p1a: Amoonguss\n|-damage|p1a: Amoonguss|26\/100\n|move|p1a: Amoonguss|Toxic|p2a: Dusknoir\n|-status|p2a: Dusknoir|tox\n|\n|-weather|none\n|-heal|p2a: Dusknoir|82\/100 tox|[from] item: Leftovers\n|-heal|p1a: Amoonguss|32\/100|[from] item: Black Sludge\n|-damage|p2a: Dusknoir|76\/100 tox|[from] psn\n|upkeep\n|turn|10\n|\n|t:|1698987499\n|switch|p1a: Heatran|Heatran, F|28\/100\n|move|p2a: Dusknoir|Curse|p2a: Dusknoir\n|-unboost|p2a: Dusknoir|spe|1\n|-boost|p2a: Dusknoir|atk|1\n|-boost|p2a: Dusknoir|def|1\n|\n|-heal|p1a: Heatran|34\/100|[from] item: Leftovers\n|-heal|p2a: Dusknoir|82\/100 tox|[from] item: Leftovers\n|-damage|p2a: Dusknoir|70\/100 tox|[from] psn\n|upkeep\n|turn|11\n|\n|t:|1698987509\n|move|p1a: Heatran|Protect|p1a: Heatran\n|-singleturn|p1a: Heatran|Protect\n|move|p2a: Dusknoir|Earthquake|p1a: Heatran\n|-activate|p1a: Heatran|move: Protect\n|\n|-heal|p1a: Heatran|40\/100|[from] item: Leftovers\n|-heal|p2a: Dusknoir|76\/100 tox|[from] item: Leftovers\n|-damage|p2a: Dusknoir|57\/100 tox|[from] psn\n|upkeep\n|turn|12\n|\n|t:|1698987556\n|move|p1a: Heatran|Power Gem|p2a: Dusknoir\n|-supereffective|p2a: Dusknoir\n|-damage|p2a: Dusknoir|24\/100 tox\n|move|p2a: Dusknoir|Earthquake|p1a: Heatran\n|-supereffective|p1a: Heatran\n|-damage|p1a: Heatran|0 fnt\n|faint|p1a: Heatran\n|\n|-heal|p2a: Dusknoir|30\/100 tox|[from] item: Leftovers\n|-damage|p2a: Dusknoir|6\/100 tox|[from] psn\n|upkeep\n|\n|t:|1698987564\n|switch|p1a: Dedenne|Dedenne, M, shiny|9\/100 brn\n|turn|13\n|\n|t:|1698987569\n|move|p1a: Dedenne|Sunny Day|p1a: Dedenne\n|-weather|SunnyDay\n|move|p2a: Dusknoir|Tera Blast|p1a: Dedenne|[anim] Tera Blast Flying\n|-resisted|p1a: Dedenne\n|-damage|p1a: Dedenne|0 fnt\n|faint|p1a: Dedenne\n|\n|-weather|SunnyDay|[upkeep]\n|-heal|p2a: Dusknoir|12\/100 tox|[from] item: Leftovers\n|-damage|p2a: Dusknoir|0 fnt|[from] psn\n|faint|p2a: Dusknoir\n|upkeep\n|\n|t:|1698987590\n|switch|p1a: Walking Wake|Walking Wake|100\/100\n|switch|p2a: Volcanion|Volcanion|100\/100\n|-activate|p1a: Walking Wake|ability: Protosynthesis\n|-start|p1a: Walking Wake|protosynthesisspe\n|turn|14\n|\n|t:|1698987615\n|move|p1a: Walking Wake|Dragon Pulse|p2a: Volcanion\n|-damage|p2a: Volcanion|67\/100\n|move|p2a: Volcanion|Sludge Bomb|p1a: Walking Wake\n|-damage|p1a: Walking Wake|69\/100\n|\n|-weather|SunnyDay|[upkeep]\n|upkeep\n|turn|15\n|\n|t:|1698987620\n|-end|p1a: Walking Wake|Protosynthesis|[silent]\n|switch|p1a: Chansey|Chansey, F|100\/100\n|move|p2a: Volcanion|Sludge Bomb|p1a: Chansey\n|-damage|p1a: Chansey|92\/100\n|-status|p1a: Chansey|psn\n|\n|-weather|SunnyDay|[upkeep]\n|-damage|p1a: Chansey|79\/100 psn|[from] psn\n|upkeep\n|turn|16\n|\n|t:|1698987658\n|switch|p2a: Dudunsparce|Dudunsparce-Three-Segment, M|100\/100\n|move|p1a: Chansey|Sweet Kiss|p2a: Dudunsparce|[miss]\n|-miss|p1a: Chansey|p2a: Dudunsparce\n|\n|-weather|SunnyDay|[upkeep]\n|-damage|p1a: Chansey|67\/100 psn|[from] psn\n|upkeep\n|turn|17\n|\n|t:|1698987668\n|move|p2a: Dudunsparce|Coil|p2a: Dudunsparce\n|-boost|p2a: Dudunsparce|atk|1\n|-boost|p2a: Dudunsparce|def|1\n|-boost|p2a: Dudunsparce|accuracy|1\n|move|p1a: Chansey|Stealth Rock|p2a: Dudunsparce\n|-sidestart|p2: mahcuu|move: Stealth Rock\n|\n|-weather|SunnyDay|[upkeep]\n|-damage|p1a: Chansey|54\/100 psn|[from] psn\n|upkeep\n|turn|18\n|\n|t:|1698987676\n|-curestatus|p1a: Chansey|psn|[from] ability: Natural Cure\n|switch|p1a: Amoonguss|Amoonguss, M|66\/100\n|move|p2a: Dudunsparce|Body Slam|p1a: Amoonguss\n|-damage|p1a: Amoonguss|36\/100\n|\n|-weather|SunnyDay|[upkeep]\n|-heal|p1a: Amoonguss|42\/100|[from] item: Black Sludge\n|upkeep\n|turn|19\n|\n|t:|1698987684\n|move|p2a: Dudunsparce|Lunge|p1a: Amoonguss\n|-damage|p1a: Amoonguss|24\/100\n|-unboost|p1a: Amoonguss|atk|1\n|move|p1a: Amoonguss|Toxic|p2a: Dudunsparce\n|-status|p2a: Dudunsparce|tox\n|\n|-weather|SunnyDay|[upkeep]\n|-heal|p1a: Amoonguss|30\/100|[from] item: Black Sludge\n|-damage|p2a: Dudunsparce|94\/100 tox|[from] psn\n|upkeep\n|turn|20\n|\n|t:|1698987691\n|switch|p1a: Iron Moth|Iron Moth|100\/100\n|-enditem|p1a: Iron Moth|Booster Energy\n|-activate|p1a: Iron Moth|ability: Quark Drive|[fromitem]\n|-start|p1a: Iron Moth|quarkdrivespe\n|move|p2a: Dudunsparce|Body Slam|p1a: Iron Moth\n|-damage|p1a: Iron Moth|33\/100\n|\n|-weather|none\n|-heal|p2a: Dudunsparce|100\/100 tox|[from] item: Leftovers\n|-damage|p2a: Dudunsparce|88\/100 tox|[from] psn\n|upkeep\n|turn|21\n|\n|t:|1698987727\n|move|p1a: Iron Moth|Substitute|p1a: Iron Moth\n|-start|p1a: Iron Moth|Substitute\n|-damage|p1a: Iron Moth|8\/100\n|move|p2a: Dudunsparce|Body Slam|p1a: Iron Moth\n|-crit|p1a: Iron Moth\n|-end|p1a: Iron Moth|Substitute\n|\n|-heal|p2a: Dudunsparce|94\/100 tox|[from] item: Leftovers\n|-damage|p2a: Dudunsparce|76\/100 tox|[from] psn\n|upkeep\n|turn|22\n|\n|t:|1698987736\n|move|p1a: Iron Moth|Fiery Dance|p2a: Dudunsparce\n|-damage|p2a: Dudunsparce|39\/100 tox\n|move|p2a: Dudunsparce|Body Slam|p1a: Iron Moth\n|-damage|p1a: Iron Moth|0 fnt\n|faint|p1a: Iron Moth\n|-end|p1a: Iron Moth|Quark Drive|[silent]\n|\n|-heal|p2a: Dudunsparce|45\/100 tox|[from] item: Leftovers\n|-damage|p2a: Dudunsparce|20\/100 tox|[from] psn\n|upkeep\n|\n|t:|1698987750\n|switch|p1a: Walking Wake|Walking Wake|69\/100\n|turn|23\n|\n|t:|1698987759\n|switch|p2a: Glastrier|Glastrier|100\/100\n|-damage|p2a: Glastrier|76\/100|[from] Stealth Rock\n|move|p1a: Walking Wake|Dragon Pulse|p2a: Glastrier\n|-damage|p2a: Glastrier|23\/100\n|-enditem|p2a: Glastrier|Aguav Berry|[eat]\n|-heal|p2a: Glastrier|56\/100|[from] item: Aguav Berry\n|\n|upkeep\n|turn|24\n|\n|t:|1698987770\n|move|p1a: Walking Wake|Dragon Pulse|p2a: Glastrier\n|-damage|p2a: Glastrier|6\/100\n|move|p2a: Glastrier|Rest|p2a: Glastrier\n|-status|p2a: Glastrier|slp|[from] move: Rest\n|-heal|p2a: Glastrier|100\/100 slp|[silent]\n|\n|upkeep\n|turn|25\n|\n|t:|1698987773\n|move|p1a: Walking Wake|Dragon Pulse|p2a: Glastrier\n|-damage|p2a: Glastrier|50\/100 slp\n|cant|p2a: Glastrier|slp\n|move|p2a: Glastrier|Sleep Talk|p2a: Glastrier\n|move|p2a: Glastrier|Rest||[from]move: Sleep Talk|[still]\n|-fail|p2a: Glastrier\n|\n|upkeep\n|turn|26\n|\n|t:|1698987778\n|move|p1a: Walking Wake|Dragon Pulse|p2a: Glastrier\n|-damage|p2a: Glastrier|4\/100 slp\n|cant|p2a: Glastrier|slp\n|move|p2a: Glastrier|Sleep Talk|p2a: Glastrier\n|move|p2a: Glastrier|Avalanche|p1a: Walking Wake|[from]move: Sleep Talk\n|-damage|p1a: Walking Wake|0 fnt\n|faint|p1a: Walking Wake\n|-end|p1a: Walking Wake|Protosynthesis|[silent]\n|-ability|p2a: Glastrier|Chilling Neigh|boost\n|-boost|p2a: Glastrier|atk|1\n|\n|upkeep\n|\n|t:|1698987798\n|switch|p1a: Amoonguss|Amoonguss, M|64\/100\n|turn|27\n|\n|t:|1698987804\n|move|p1a: Amoonguss|Hex|p2a: Glastrier\n|-damage|p2a: Glastrier|0 fnt\n|faint|p2a: Glastrier\n|\n|-heal|p1a: Amoonguss|70\/100|[from] item: Black Sludge\n|upkeep\n|\n|t:|1698987807\n|switch|p2a: Volcanion|Volcanion|67\/100\n|-damage|p2a: Volcanion|42\/100|[from] Stealth Rock\n|turn|28\n|\n|t:|1698987811\n|switch|p1a: Chansey|Chansey, F|54\/100\n|move|p2a: Volcanion|Flamethrower|p1a: Chansey\n|-damage|p1a: Chansey|41\/100\n|\n|upkeep\n|turn|29\n|\n|t:|1698987823\n|switch|p2a: Dudunsparce|Dudunsparce-Three-Segment, M|20\/100 tox\n|-damage|p2a: Dudunsparce|8\/100 tox|[from] Stealth Rock\n|move|p1a: Chansey|Soft-Boiled|p1a: Chansey\n|-heal|p1a: Chansey|91\/100\n|\n|-heal|p2a: Dudunsparce|14\/100 tox|[from] item: Leftovers\n|-damage|p2a: Dudunsparce|8\/100 tox|[from] psn\n|upkeep\n|turn|30\n|\n|t:|1698987830\n|move|p2a: Dudunsparce|Roost|p2a: Dudunsparce\n|-heal|p2a: Dudunsparce|58\/100 tox\n|-singleturn|p2a: Dudunsparce|move: Roost\n|move|p1a: Chansey|Seismic Toss|p2a: Dudunsparce\n|-damage|p2a: Dudunsparce|36\/100 tox\n|\n|-heal|p2a: Dudunsparce|42\/100 tox|[from] item: Leftovers\n|-damage|p2a: Dudunsparce|30\/100 tox|[from] psn\n|upkeep\n|turn|31\n|\n|t:|1698987833\n|move|p2a: Dudunsparce|Roost|p2a: Dudunsparce\n|-heal|p2a: Dudunsparce|80\/100 tox\n|-singleturn|p2a: Dudunsparce|move: Roost\n|move|p1a: Chansey|Seismic Toss|p2a: Dudunsparce\n|-damage|p2a: Dudunsparce|58\/100 tox\n|\n|-heal|p2a: Dudunsparce|64\/100 tox|[from] item: Leftovers\n|-damage|p2a: Dudunsparce|45\/100 tox|[from] psn\n|upkeep\n|turn|32\n|\n|t:|1698987838\n|move|p2a: Dudunsparce|Body Slam|p1a: Chansey\n|-damage|p1a: Chansey|73\/100\n|-status|p1a: Chansey|par\n|move|p1a: Chansey|Seismic Toss|p2a: Dudunsparce\n|-damage|p2a: Dudunsparce|23\/100 tox\n|\n|-heal|p2a: Dudunsparce|29\/100 tox|[from] item: Leftovers\n|-damage|p2a: Dudunsparce|5\/100 tox|[from] psn\n|upkeep\n|turn|33\n|\n|t:|1698987850\n|move|p2a: Dudunsparce|Body Slam|p1a: Chansey\n|-damage|p1a: Chansey|52\/100 par\n|move|p1a: Chansey|Soft-Boiled|p1a: Chansey\n|-heal|p1a: Chansey|100\/100 par\n|\n|-heal|p2a: Dudunsparce|11\/100 tox|[from] item: Leftovers\n|-damage|p2a: Dudunsparce|0 fnt|[from] psn\n|faint|p2a: Dudunsparce\n|upkeep\n|\n|t:|1698987852\n|switch|p2a: Lycanroc|Lycanroc, M|100\/100\n|-damage|p2a: Lycanroc|88\/100|[from] Stealth Rock\n|turn|34\n|\n|t:|1698987859\n|-curestatus|p1a: Chansey|par|[from] ability: Natural Cure\n|switch|p1a: Amoonguss|Amoonguss, M|100\/100\n|move|p2a: Lycanroc|Close Combat|p1a: Amoonguss\n|-resisted|p1a: Amoonguss\n|-damage|p1a: Amoonguss|79\/100\n|-unboost|p2a: Lycanroc|def|1\n|-unboost|p2a: Lycanroc|spd|1\n|\n|-heal|p1a: Amoonguss|86\/100|[from] item: Black Sludge\n|upkeep\n|turn|35\n|\n|t:|1698987866\n|switch|p2a: Volcanion|Volcanion|42\/100\n|-damage|p2a: Volcanion|17\/100|[from] Stealth Rock\n|move|p1a: Amoonguss|Spore|p2a: Volcanion\n|-status|p2a: Volcanion|slp|[from] move: Spore\n|\n|-heal|p1a: Amoonguss|92\/100|[from] item: Black Sludge\n|upkeep\n|turn|36\n|\n|t:|1698987872\n|cant|p2a: Volcanion|slp\n|move|p1a: Amoonguss|Stomping Tantrum|p2a: Volcanion\n|-supereffective|p2a: Volcanion\n|-damage|p2a: Volcanion|0 fnt\n|faint|p2a: Volcanion\n|\n|-heal|p1a: Amoonguss|98\/100|[from] item: Black Sludge\n|upkeep\n|\n|t:|1698987874\n|switch|p2a: Lycanroc|Lycanroc, M|88\/100\n|-damage|p2a: Lycanroc|76\/100|[from] Stealth Rock\n|turn|37\n|\n|t:|1698987885\n|move|p2a: Lycanroc|Iron Head|p1a: Amoonguss\n|-damage|p1a: Amoonguss|70\/100\n|move|p1a: Amoonguss|Spore|p2a: Lycanroc\n|-status|p2a: Lycanroc|slp|[from] move: Spore\n|\n|-heal|p1a: Amoonguss|77\/100|[from] item: Black Sludge\n|upkeep\n|turn|38\n|\n|t:|1698987906\n|cant|p2a: Lycanroc|slp\n|move|p1a: Amoonguss|Stomping Tantrum|p2a: Lycanroc\n|-supereffective|p2a: Lycanroc\n|-damage|p2a: Lycanroc|24\/100 slp\n|\n|-heal|p1a: Amoonguss|83\/100|[from] item: Black Sludge\n|upkeep\n|turn|39\n|\n|t:|1698987910\n|cant|p2a: Lycanroc|slp\n|move|p1a: Amoonguss|Stomping Tantrum|p2a: Lycanroc\n|-supereffective|p2a: Lycanroc\n|-damage|p2a: Lycanroc|0 fnt\n|faint|p2a: Lycanroc\n|\n|win|mysticalcheese\n|l| ShanmanT\n|l|\u2606mysticalcheese\n|l| Rival Gary Oak\n","uploadtime":1698987996,"views":10,"p1id":"mysticalcheese","p2id":"mahcuu","formatid":"gen9ubers","rating":0,"private":0,"password":""}