{"id":"gen9ubers-1993824481","p1":"fresh yes","p2":"GalarianBarbarian","format":"[Gen 9] Ubers","log":"|j|\u2606fresh yes\n|j|\u2606GalarianBarbarian\n|t:|1700361835\n|gametype|singles\n|player|p1|fresh yes|shauntal|1125\n|player|p2|GalarianBarbarian|266|1083\n|teamsize|p1|6\n|teamsize|p2|6\n|gen|9\n|tier|[Gen 9] Ubers\n|rated|\n|rule|Sleep Clause Mod: Limit one foe put to sleep\n|rule|Species Clause: Limit one of each Pok\u00e9mon\n|rule|OHKO Clause: OHKO moves are banned\n|rule|Evasion Items Clause: Evasion items are banned\n|rule|Evasion Moves Clause: Evasion moves are banned\n|rule|Endless Battle Clause: Forcing endless battles is banned\n|rule|HP Percentage Mod: HP is shown in percentages\n|clearpoke\n|poke|p1|Giratina|\n|poke|p1|Flutter Mane|\n|poke|p1|Ceruledge, M|\n|poke|p1|Gengar, F|\n|poke|p1|Annihilape, M|\n|poke|p1|Zoroark-Hisui, F|\n|poke|p2|Glimmora, F|\n|poke|p2|Volcarona, M|\n|poke|p2|Gardevoir, F|\n|poke|p2|Salamence, M|\n|poke|p2|Kingambit, M|\n|poke|p2|Gholdengo|\n|teampreview\n|inactive|Battle timer is ON: inactive players will automatically lose when time's up. (requested by GalarianBarbarian)\n|inactive|fresh yes also wants the timer to be on.\n|\n|t:|1700361845\n|start\n|switch|p1a: ANGERY|Annihilape, M|100\/100\n|switch|p2a: Kingambit|Kingambit, M|100\/100\n|turn|1\n|\n|t:|1700361853\n|-end|p2a: Kingambit|fallenundefined|[silent]\n|switch|p2a: Gholdengo|Gholdengo|100\/100\n|move|p1a: ANGERY|Stealth Rock|p2a: Gholdengo\n|-sidestart|p2: GalarianBarbarian|move: Stealth Rock\n|\n|upkeep\n|turn|2\n|\n|t:|1700361857\n|move|p2a: Gholdengo|Shadow Ball|p1a: ANGERY\n|-supereffective|p1a: ANGERY\n|-damage|p1a: ANGERY|14\/100\n|move|p1a: ANGERY|U-turn|p2a: Gholdengo\n|-resisted|p2a: Gholdengo\n|-damage|p2a: Gholdengo|93\/100\n|\n|t:|1700361878\n|switch|p1a: blades|Ceruledge, M|100\/100|[from] U-turn\n|\n|upkeep\n|turn|3\n|\n|t:|1700361884\n|switch|p2a: Glimmora|Glimmora, F|100\/100\n|-damage|p2a: Glimmora|88\/100|[from] Stealth Rock\n|move|p1a: blades|Substitute|p1a: blades\n|-start|p1a: blades|Substitute\n|-damage|p1a: blades|75\/100\n|\n|-heal|p2a: Glimmora|94\/100|[from] item: Leftovers\n|upkeep\n|turn|4\n|\n|t:|1700361894\n|move|p1a: blades|Bitter Malice|p2a: Glimmora\n|-damage|p2a: Glimmora|56\/100\n|-unboost|p2a: Glimmora|atk|1\n|move|p2a: Glimmora|Mortal Spin|p1a: blades\n|-resisted|p1a: blades\n|-activate|p1a: blades|move: Substitute|[damage]\n|-sideend|p2: GalarianBarbarian|Stealth Rock|[from] move: Mortal Spin|[of] p2a: Glimmora\n|\n|-heal|p2a: Glimmora|63\/100|[from] item: Leftovers\n|upkeep\n|turn|5\n|\n|t:|1700361908\n|switch|p2a: Kingambit|Kingambit, M|100\/100\n|move|p1a: blades|Hyper Voice|p2a: Kingambit\n|-resisted|p2a: Kingambit\n|-damage|p2a: Kingambit|76\/100\n|-enditem|p1a: blades|Throat Spray\n|-boost|p1a: blades|spa|1|[from] item: Throat Spray\n|\n|upkeep\n|turn|6\n|\n|t:|1700361916\n|move|p2a: Kingambit|Sucker Punch|p1a: blades\n|-supereffective|p1a: blades\n|-end|p1a: blades|Substitute\n|move|p1a: blades|Bitter Malice|p2a: Kingambit\n|-resisted|p2a: Kingambit\n|-damage|p2a: Kingambit|46\/100\n|-unboost|p2a: Kingambit|atk|1\n|\n|upkeep\n|turn|7\n|\n|t:|1700361920\n|move|p2a: Kingambit|Sucker Punch||[still]\n|-fail|p2a: Kingambit\n|move|p1a: blades|Substitute|p1a: blades\n|-start|p1a: blades|Substitute\n|-damage|p1a: blades|50\/100\n|\n|upkeep\n|turn|8\n|\n|t:|1700361925\n|move|p2a: Kingambit|Sucker Punch|p1a: blades\n|-supereffective|p1a: blades\n|-end|p1a: blades|Substitute\n|move|p1a: blades|Bitter Malice|p2a: Kingambit\n|-resisted|p2a: Kingambit\n|-damage|p2a: Kingambit|16\/100\n|-unboost|p2a: Kingambit|atk|1\n|\n|upkeep\n|turn|9\n|\n|t:|1700361939\n|switch|p1a: ANGERY|Annihilape, M|14\/100\n|move|p2a: Kingambit|Kowtow Cleave|p1a: ANGERY\n|-damage|p1a: ANGERY|0 fnt\n|faint|p1a: ANGERY\n|\n|upkeep\n|\n|t:|1700361950\n|switch|p1a: blades|Ceruledge, M|100\/100\n|turn|10\n|\n|t:|1700361954\n|-end|p2a: Kingambit|fallenundefined|[silent]\n|switch|p2a: Glimmora|Glimmora, F|63\/100\n|move|p1a: blades|Bulk Up|p1a: blades\n|-boost|p1a: blades|atk|1\n|-boost|p1a: blades|def|1\n|\n|-heal|p2a: Glimmora|69\/100|[from] item: Leftovers\n|upkeep\n|turn|11\n|\n|t:|1700361973\n|move|p2a: Glimmora|Mortal Spin|p1a: blades\n|-resisted|p1a: blades\n|-damage|p1a: blades|98\/100\n|-status|p1a: blades|psn\n|-ability|p1a: blades|Weak Armor|boost\n|-unboost|p1a: blades|def|1\n|-boost|p1a: blades|spe|2\n|move|p1a: blades|Bulk Up|p1a: blades\n|-boost|p1a: blades|atk|1\n|-boost|p1a: blades|def|1\n|\n|-heal|p2a: Glimmora|75\/100|[from] item: Leftovers\n|-damage|p1a: blades|85\/100 psn|[from] psn\n|upkeep\n|turn|12\n|\n|t:|1700361983\n|move|p1a: blades|Brick Break|p2a: Glimmora\n|-damage|p2a: Glimmora|11\/100\n|-activate|p2a: Glimmora|ability: Toxic Debris\n|-sidestart|p1: fresh yes|move: Toxic Spikes\n|move|p2a: Glimmora|Stealth Rock|p1a: blades\n|-sidestart|p1: fresh yes|move: Stealth Rock\n|\n|-heal|p2a: Glimmora|17\/100|[from] item: Leftovers\n|-damage|p1a: blades|73\/100 psn|[from] psn\n|upkeep\n|turn|13\n|\n|t:|1700361997\n|move|p2a: Glimmora|Protect|p2a: Glimmora\n|-singleturn|p2a: Glimmora|Protect\n|move|p1a: blades|Bitter Blade|p2a: Glimmora\n|-activate|p2a: Glimmora|move: Protect\n|\n|-heal|p2a: Glimmora|23\/100|[from] item: Leftovers\n|-damage|p1a: blades|61\/100 psn|[from] psn\n|upkeep\n|turn|14\n|\n|t:|1700362005\n|move|p1a: blades|Bitter Blade|p2a: Glimmora\n|-resisted|p2a: Glimmora\n|-damage|p2a: Glimmora|0 fnt\n|-heal|p1a: blades|73\/100 psn|[from] drain|[of] p2a: Glimmora\n|-activate|p2a: Glimmora|ability: Toxic Debris\n|-sidestart|p1: fresh yes|move: Toxic Spikes\n|faint|p2a: Glimmora\n|\n|-damage|p1a: blades|60\/100 psn|[from] psn\n|upkeep\n|\n|t:|1700362007\n|switch|p2a: Kingambit|Kingambit, M|16\/100\n|-activate|p2a: Kingambit|ability: Supreme Overlord\n|-start|p2a: Kingambit|fallen1|[silent]\n|turn|15\n|\n|t:|1700362013\n|move|p2a: Kingambit|Sucker Punch||[still]\n|-fail|p2a: Kingambit\n|move|p1a: blades|Bulk Up|p1a: blades\n|-boost|p1a: blades|atk|1\n|-boost|p1a: blades|def|1\n|\n|-damage|p1a: blades|48\/100 psn|[from] psn\n|upkeep\n|turn|16\n|\n|t:|1700362017\n|move|p1a: blades|Shadow Sneak|p2a: Kingambit\n|-resisted|p2a: Kingambit\n|-crit|p2a: Kingambit\n|-damage|p2a: Kingambit|0 fnt\n|-damage|p1a: blades|31\/100 psn|[from] item: Rocky Helmet|[of] p2a: Kingambit\n|faint|p2a: Kingambit\n|-end|p2a: Kingambit|fallen1|[silent]\n|\n|-damage|p1a: blades|19\/100 psn|[from] psn\n|upkeep\n|-enditem|p1a: blades|Liechi Berry|[eat]\n|-boost|p1a: blades|atk|1|[from] item: Liechi Berry\n|-message|GalarianBarbarian forfeited.\n|\n|win|fresh yes\n|raw|fresh yes's rating: 1125 &rarr; <strong>1147<\/strong><br \/>(+22 for winning)\n|raw|GalarianBarbarian's rating: 1083 &rarr; <strong>1063<\/strong><br \/>(-20 for losing)\n|l|\u2606GalarianBarbarian\n","uploadtime":1700362022,"views":6,"p1id":"freshyes","p2id":"galarianbarbarian","formatid":"gen9ubers","rating":1063,"private":0,"password":""}