{"id":"gen9ubers-1994944993","p1":"MeteorAsh15","p2":"JacobF22","format":"[Gen 9] Ubers","log":"|j|\u2606MeteorAsh15\n|j|\u2606JacobF22\n|t:|1700506942\n|gametype|singles\n|player|p1|MeteorAsh15|265|1179\n|player|p2|JacobF22|pokemaniac|1104\n|teamsize|p1|6\n|teamsize|p2|6\n|gen|9\n|tier|[Gen 9] Ubers\n|rated|\n|rule|Sleep Clause Mod: Limit one foe put to sleep\n|rule|Species Clause: Limit one of each Pok\u00e9mon\n|rule|OHKO Clause: OHKO moves are banned\n|rule|Evasion Items Clause: Evasion items are banned\n|rule|Evasion Moves Clause: Evasion moves are banned\n|rule|Endless Battle Clause: Forcing endless battles is banned\n|rule|HP Percentage Mod: HP is shown in percentages\n|clearpoke\n|poke|p1|Baxcalibur, F|\n|poke|p1|Ninetales-Alola, F|\n|poke|p1|Koraidon|\n|poke|p1|Zacian-*|\n|poke|p1|Tornadus, M|\n|poke|p1|Ribombee, F|\n|poke|p2|Scream Tail|\n|poke|p2|Gyarados, M|\n|poke|p2|Indeedee, M|\n|poke|p2|Moltres-Galar|\n|poke|p2|Iron Treads|\n|poke|p2|Electrode-Hisui|\n|teampreview\n|\n|t:|1700506953\n|start\n|switch|p1a: Ribombee|Ribombee, F, shiny|100\/100\n|switch|p2a: Treadnaw|Iron Treads|100\/100\n|turn|1\n|\n|t:|1700506960\n|move|p1a: Ribombee|Sticky Web|p2a: Treadnaw\n|-sidestart|p2: JacobF22|move: Sticky Web\n|move|p2a: Treadnaw|Stealth Rock|p1a: Ribombee\n|-sidestart|p1: MeteorAsh15|move: Stealth Rock\n|\n|upkeep\n|turn|2\n|inactive|Battle timer is ON: inactive players will automatically lose when time's up. (requested by MeteorAsh15)\n|\n|t:|1700506965\n|move|p1a: Ribombee|Stun Spore|p2a: Treadnaw\n|-status|p2a: Treadnaw|par\n|move|p2a: Treadnaw|Rapid Spin|p1a: Ribombee\n|-damage|p1a: Ribombee|74\/100\n|-boost|p2a: Treadnaw|spe|1\n|-sideend|p2: JacobF22|Sticky Web|[from] move: Rapid Spin|[of] p2a: Treadnaw\n|\n|upkeep\n|turn|3\n|\n|t:|1700506976\n|move|p1a: Ribombee|Tailwind|p1a: Ribombee\n|-sidestart|p1: MeteorAsh15|move: Tailwind\n|move|p2a: Treadnaw|Rapid Spin|p1a: Ribombee\n|-damage|p1a: Ribombee|50\/100\n|-boost|p2a: Treadnaw|spe|1\n|\n|upkeep\n|turn|4\n|\n|t:|1700506985\n|switch|p1a: Koraidon|Koraidon|100\/100\n|-damage|p1a: Koraidon|94\/100|[from] Stealth Rock\n|-weather|SunnyDay|[from] ability: Orichalcum Pulse|[of] p1a: Koraidon\n|-activate|p1a: Koraidon|Orichalcum Pulse|[source]\n|cant|p2a: Treadnaw|par\n|\n|-weather|SunnyDay|[upkeep]\n|upkeep\n|turn|5\n|\n|t:|1700506995\n|-end|p2a: Treadnaw|Quark Drive|[silent]\n|switch|p2a: Pigglyjuff|Scream Tail|100\/100\n|-activate|p2a: Pigglyjuff|ability: Protosynthesis\n|-start|p2a: Pigglyjuff|protosynthesisdef\n|move|p1a: Koraidon|Collision Course|p2a: Pigglyjuff\n|-resisted|p2a: Pigglyjuff\n|-damage|p2a: Pigglyjuff|93\/100\n|-damage|p1a: Koraidon|78\/100|[from] item: Rocky Helmet|[of] p2a: Pigglyjuff\n|\n|-weather|SunnyDay|[upkeep]\n|upkeep\n|turn|6\n|\n|t:|1700507010\n|move|p1a: Koraidon|Flare Blitz|p2a: Pigglyjuff\n|-damage|p2a: Pigglyjuff|54\/100\n|-damage|p1a: Koraidon|61\/100|[from] item: Rocky Helmet|[of] p2a: Pigglyjuff\n|-damage|p1a: Koraidon|45\/100|[from] Recoil\n|move|p2a: Pigglyjuff|Thunder Wave|p1a: Koraidon\n|-status|p1a: Koraidon|par\n|\n|-weather|SunnyDay|[upkeep]\n|-sideend|p1: MeteorAsh15|move: Tailwind\n|upkeep\n|turn|7\n|\n|t:|1700507020\n|move|p2a: Pigglyjuff|Dazzling Gleam|p1a: Koraidon\n|-supereffective|p1a: Koraidon\n|-damage|p1a: Koraidon|0 fnt\n|faint|p1a: Koraidon\n|\n|-weather|SunnyDay|[upkeep]\n|upkeep\n|\n|t:|1700507028\n|switch|p1a: Ribombee|Ribombee, F, shiny|50\/100\n|-damage|p1a: Ribombee|25\/100|[from] Stealth Rock\n|turn|8\n|\n|t:|1700507034\n|move|p1a: Ribombee|Sticky Web|p2a: Pigglyjuff\n|-sidestart|p2: JacobF22|move: Sticky Web\n|move|p2a: Pigglyjuff|Dazzling Gleam|p1a: Ribombee\n|-damage|p1a: Ribombee|0 fnt\n|faint|p1a: Ribombee\n|\n|-weather|none\n|-end|p2a: Pigglyjuff|Protosynthesis\n|upkeep\n|\n|t:|1700507043\n|switch|p1a: Zacian|Zacian-Crowned, shiny|100\/100\n|-damage|p1a: Zacian|94\/100|[from] Stealth Rock\n|-ability|p1a: Zacian|Intrepid Sword|boost\n|-boost|p1a: Zacian|atk|1\n|turn|9\n|\n|t:|1700507048\n|move|p1a: Zacian|Behemoth Blade|p2a: Pigglyjuff\n|-supereffective|p2a: Pigglyjuff\n|-damage|p2a: Pigglyjuff|0 fnt\n|-damage|p1a: Zacian|78\/100|[from] item: Rocky Helmet|[of] p2a: Pigglyjuff\n|faint|p2a: Pigglyjuff\n|-end|p2a: Pigglyjuff|Protosynthesis|[silent]\n|\n|upkeep\n|\n|t:|1700507055\n|switch|p2a: Treadnaw|Iron Treads|100\/100 par\n|turn|10\n|\n|t:|1700507060\n|move|p1a: Zacian|Sacred Sword|p2a: Treadnaw\n|-supereffective|p2a: Treadnaw\n|-damage|p2a: Treadnaw|10\/100 par\n|cant|p2a: Treadnaw|par\n|\n|upkeep\n|turn|11\n|\n|t:|1700507073\n|-end|p2a: Treadnaw|Quark Drive|[silent]\n|switch|p2a: Gary Gary|Gyarados, M, shiny|100\/100\n|-ability|p2a: Gary Gary|Intimidate|boost\n|-unboost|p1a: Zacian|atk|1\n|move|p1a: Zacian|Crunch|p2a: Gary Gary\n|-damage|p2a: Gary Gary|79\/100\n|-damage|p1a: Zacian|61\/100|[from] item: Rocky Helmet|[of] p2a: Gary Gary\n|\n|upkeep\n|turn|12\n|\n|t:|1700507085\n|move|p1a: Zacian|Play Rough|p2a: Gary Gary\n|-damage|p2a: Gary Gary|41\/100\n|-damage|p1a: Zacian|45\/100|[from] item: Rocky Helmet|[of] p2a: Gary Gary\n|move|p2a: Gary Gary|Avalanche|p1a: Zacian\n|-resisted|p1a: Zacian\n|-damage|p1a: Zacian|28\/100\n|\n|upkeep\n|turn|13\n|\n|t:|1700507093\n|move|p1a: Zacian|Play Rough|p2a: Gary Gary\n|-damage|p2a: Gary Gary|4\/100\n|-unboost|p2a: Gary Gary|atk|1\n|-damage|p1a: Zacian|12\/100|[from] item: Rocky Helmet|[of] p2a: Gary Gary\n|move|p2a: Gary Gary|Waterfall|p1a: Zacian\n|-damage|p1a: Zacian|0 fnt\n|faint|p1a: Zacian\n|\n|upkeep\n|\n|t:|1700507109\n|switch|p1a: Ninetales|Ninetales-Alola, F|100\/100\n|-damage|p1a: Ninetales|75\/100|[from] Stealth Rock\n|-weather|Snow|[from] ability: Snow Warning|[of] p1a: Ninetales\n|turn|14\n|\n|t:|1700507116\n|move|p1a: Ninetales|Aurora Veil|p1a: Ninetales\n|-sidestart|p1: MeteorAsh15|move: Aurora Veil\n|move|p2a: Gary Gary|Waterfall|p1a: Ninetales\n|-damage|p1a: Ninetales|64\/100\n|\n|-weather|Snow|[upkeep]\n|upkeep\n|turn|15\n|\n|t:|1700507124\n|move|p1a: Ninetales|Freeze-Dry|p2a: Gary Gary\n|-supereffective|p2a: Gary Gary\n|-damage|p2a: Gary Gary|0 fnt\n|faint|p2a: Gary Gary\n|\n|-weather|Snow|[upkeep]\n|upkeep\n|\n|t:|1700507129\n|switch|p2a: Treadnaw|Iron Treads|10\/100 par\n|turn|16\n|\n|t:|1700507133\n|move|p1a: Ninetales|Freeze-Dry|p2a: Treadnaw\n|-damage|p2a: Treadnaw|0 fnt\n|faint|p2a: Treadnaw\n|-end|p2a: Treadnaw|Quark Drive|[silent]\n|\n|-weather|Snow|[upkeep]\n|upkeep\n|\n|t:|1700507141\n|switch|p2a: Mr Indeedee|Indeedee, M|100\/100\n|-activate|p2a: Mr Indeedee|move: Sticky Web\n|-unboost|p2a: Mr Indeedee|spe|1\n|-fieldstart|move: Psychic Terrain|[from] ability: Psychic Surge|[of] p2a: Mr Indeedee\n|turn|17\n|\n|t:|1700507149\n|move|p1a: Ninetales|Hypnosis|p2a: Mr Indeedee|[miss]\n|-miss|p1a: Ninetales|p2a: Mr Indeedee\n|move|p2a: Mr Indeedee|Shadow Ball|p1a: Ninetales\n|-damage|p1a: Ninetales|49\/100\n|\n|-weather|Snow|[upkeep]\n|upkeep\n|turn|18\n|\n|t:|1700507158\n|move|p1a: Ninetales|Hypnosis|p2a: Mr Indeedee|[miss]\n|-miss|p1a: Ninetales|p2a: Mr Indeedee\n|move|p2a: Mr Indeedee|Shadow Ball|p1a: Ninetales\n|-damage|p1a: Ninetales|35\/100\n|-unboost|p1a: Ninetales|spd|1\n|\n|-weather|none\n|upkeep\n|turn|19\n|\n|t:|1700507167\n|move|p1a: Ninetales|Hypnosis|p2a: Mr Indeedee|[miss]\n|-miss|p1a: Ninetales|p2a: Mr Indeedee\n|move|p2a: Mr Indeedee|Shadow Ball|p1a: Ninetales\n|-damage|p1a: Ninetales|14\/100\n|\n|upkeep\n|turn|20\n|\n|t:|1700507175\n|move|p1a: Ninetales|Hypnosis|p2a: Mr Indeedee\n|-status|p2a: Mr Indeedee|slp|[from] move: Hypnosis\n|cant|p2a: Mr Indeedee|slp\n|\n|upkeep\n|turn|21\n|\n|t:|1700507184\n|move|p1a: Ninetales|Freeze-Dry|p2a: Mr Indeedee\n|-damage|p2a: Mr Indeedee|63\/100 slp\n|-curestatus|p2a: Mr Indeedee|slp|[msg]\n|move|p2a: Mr Indeedee|Shadow Ball|p1a: Ninetales\n|-damage|p1a: Ninetales|0 fnt\n|faint|p1a: Ninetales\n|\n|-sideend|p1: MeteorAsh15|move: Aurora Veil\n|-fieldend|move: Psychic Terrain\n|upkeep\n|\n|t:|1700507195\n|switch|p1a: Tornadus|Tornadus, M, shiny|100\/100\n|turn|22\n|\n|t:|1700507202\n|move|p2a: Mr Indeedee|Shadow Ball|p1a: Tornadus\n|-damage|p1a: Tornadus|75\/100\n|-unboost|p1a: Tornadus|spd|1\n|move|p1a: Tornadus|Bleakwind Storm|p2a: Mr Indeedee|[miss]\n|-miss|p1a: Tornadus|p2a: Mr Indeedee\n|\n|upkeep\n|turn|23\n|\n|t:|1700507210\n|move|p2a: Mr Indeedee|Shadow Ball|p1a: Tornadus\n|-damage|p1a: Tornadus|34\/100\n|-unboost|p1a: Tornadus|spd|1\n|move|p1a: Tornadus|Bleakwind Storm|p2a: Mr Indeedee\n|-damage|p2a: Mr Indeedee|4\/100\n|\n|upkeep\n|turn|24\n|\n|t:|1700507219\n|move|p1a: Tornadus|Tailwind|p1a: Tornadus\n|-sidestart|p1: MeteorAsh15|move: Tailwind\n|move|p2a: Mr Indeedee|Shadow Ball|p1a: Tornadus\n|-damage|p1a: Tornadus|0 fnt\n|faint|p1a: Tornadus\n|\n|upkeep\n|\n|t:|1700507227\n|switch|p1a: Baxcalibur|Baxcalibur, F|100\/100\n|-damage|p1a: Baxcalibur|76\/100|[from] Stealth Rock\n|turn|25\n|\n|t:|1700507232\n|move|p1a: Baxcalibur|Scale Shot|p2a: Mr Indeedee\n|-damage|p2a: Mr Indeedee|0 fnt\n|faint|p2a: Mr Indeedee\n|-hitcount|p2: Mr Indeedee|1\n|-unboost|p1a: Baxcalibur|def|1\n|-boost|p1a: Baxcalibur|spe|1\n|\n|upkeep\n|\n|t:|1700507241\n|switch|p2a: Beach Ball|Electrode-Hisui|100\/100\n|-activate|p2a: Beach Ball|move: Sticky Web\n|-unboost|p2a: Beach Ball|spe|1\n|turn|26\n|\n|t:|1700507251\n|-terastallize|p1a: Baxcalibur|Ground\n|move|p1a: Baxcalibur|Icicle Spear|p2a: Beach Ball\n|-supereffective|p2a: Beach Ball\n|-damage|p2a: Beach Ball|57\/100\n|-supereffective|p2a: Beach Ball\n|-damage|p2a: Beach Ball|9\/100\n|-supereffective|p2a: Beach Ball\n|-damage|p2a: Beach Ball|0 fnt\n|faint|p2a: Beach Ball\n|-hitcount|p2: Beach Ball|3\n|\n|upkeep\n|\n|t:|1700507260\n|switch|p2a: Fawkes|Moltres-Galar|100\/100\n|turn|27\n|\n|t:|1700507266\n|move|p1a: Baxcalibur|Icicle Spear|p2a: Fawkes\n|-supereffective|p2a: Fawkes\n|-damage|p2a: Fawkes|83\/100\n|-enditem|p2a: Fawkes|Weakness Policy\n|-boost|p2a: Fawkes|atk|2|[from] item: Weakness Policy\n|-boost|p2a: Fawkes|spa|2|[from] item: Weakness Policy\n|-supereffective|p2a: Fawkes\n|-damage|p2a: Fawkes|62\/100\n|-supereffective|p2a: Fawkes\n|-damage|p2a: Fawkes|43\/100\n|-supereffective|p2a: Fawkes\n|-damage|p2a: Fawkes|23\/100\n|-hitcount|p2a: Fawkes|4\n|-ability|p2a: Fawkes|Berserk|boost\n|-boost|p2a: Fawkes|spa|1\n|move|p2a: Fawkes|Fiery Wrath|p1a: Baxcalibur\n|-damage|p1a: Baxcalibur|1\/100\n|\n|-sideend|p1: MeteorAsh15|move: Tailwind\n|upkeep\n|turn|28\n|\n|t:|1700507284\n|move|p1a: Baxcalibur|Icicle Spear|p2a: Fawkes\n|-supereffective|p2a: Fawkes\n|-crit|p2a: Fawkes\n|-damage|p2a: Fawkes|0 fnt\n|faint|p2a: Fawkes\n|-hitcount|p2: Fawkes|1\n|\n|win|MeteorAsh15\n|raw|MeteorAsh15's rating: 1179 &rarr; <strong>1199<\/strong><br \/>(+20 for winning)\n|raw|JacobF22's rating: 1104 &rarr; <strong>1084<\/strong><br \/>(-20 for losing)\n","uploadtime":1700507302,"views":8,"p1id":"meteorash15","p2id":"jacobf22","formatid":"gen9ubers","rating":1084,"private":0,"password":""}