{"id":"gen9ubers-1993216070","p1":"LhamaBoi","p2":"Spectrum725","format":"[Gen 9] Ubers","log":"|j|\u2606LhamaBoi\n|j|\u2606Spectrum725\n|t:|1700279261\n|gametype|singles\n|player|p1|LhamaBoi|dawn|\n|player|p2|Spectrum725|waiter-gen4dp|\n|teamsize|p1|6\n|teamsize|p2|6\n|gen|9\n|tier|[Gen 9] Ubers\n|rule|Sleep Clause Mod: Limit one foe put to sleep\n|rule|Species Clause: Limit one of each Pok\u00e9mon\n|rule|OHKO Clause: OHKO moves are banned\n|rule|Evasion Items Clause: Evasion items are banned\n|rule|Evasion Moves Clause: Evasion moves are banned\n|rule|Endless Battle Clause: Forcing endless battles is banned\n|rule|HP Percentage Mod: HP is shown in percentages\n|clearpoke\n|poke|p1|Espathra, M|\n|poke|p1|Landorus, M|\n|poke|p1|Volcarona, M|\n|poke|p1|Magearna|\n|poke|p1|Zamazenta-*|\n|poke|p1|Goodra-Hisui, F|\n|poke|p2|Torkoal, M|\n|poke|p2|Walking Wake|\n|poke|p2|Chi-Yu|\n|poke|p2|Arceus-Grass|\n|poke|p2|Zacian-*|\n|poke|p2|Magearna-Original|\n|teampreview\n|inactive|Battle timer is ON: inactive players will automatically lose when time's up. (requested by Spectrum725)\n|c|\u2606Spectrum725|glhf\n|\n|t:|1700279278\n|start\n|switch|p1a: Espathra|Espathra, M|100\/100\n|switch|p2a: Walking Wake|Walking Wake|100\/100\n|turn|1\n|\n|t:|1700279284\n|move|p2a: Walking Wake|Hydro Steam|p1a: Espathra\n|-damage|p1a: Espathra|11\/100\n|move|p1a: Espathra|Calm Mind|p1a: Espathra\n|-boost|p1a: Espathra|spa|1\n|-boost|p1a: Espathra|spd|1\n|\n|-heal|p1a: Espathra|17\/100|[from] item: Leftovers\n|-ability|p1a: Espathra|Speed Boost|boost\n|-boost|p1a: Espathra|spe|1\n|upkeep\n|turn|2\n|\n|t:|1700279290\n|move|p1a: Espathra|Protect|p1a: Espathra\n|-singleturn|p1a: Espathra|Protect\n|move|p2a: Walking Wake|Hydro Steam|p1a: Espathra\n|-activate|p1a: Espathra|move: Protect\n|\n|-heal|p1a: Espathra|23\/100|[from] item: Leftovers\n|-ability|p1a: Espathra|Speed Boost|boost\n|-boost|p1a: Espathra|spe|1\n|upkeep\n|turn|3\n|\n|t:|1700279298\n|move|p1a: Espathra|Protect||[still]\n|-fail|p1a: Espathra\n|move|p2a: Walking Wake|Hydro Steam|p1a: Espathra\n|-damage|p1a: Espathra|0 fnt\n|faint|p1a: Espathra\n|\n|upkeep\n|inactive|LhamaBoi has 270 seconds left.\n|inactive|LhamaBoi has 240 seconds left.\n|\n|t:|1700279358\n|switch|p1a: Magearna|Magearna|100\/100\n|turn|4\n|\n|t:|1700279364\n|-terastallize|p1a: Magearna|Water\n|move|p2a: Walking Wake|Hydro Steam|p1a: Magearna\n|-resisted|p1a: Magearna\n|-damage|p1a: Magearna|75\/100\n|move|p1a: Magearna|Shift Gear|p1a: Magearna\n|-boost|p1a: Magearna|spe|2\n|-boost|p1a: Magearna|atk|1\n|\n|upkeep\n|turn|5\n|\n|t:|1700279371\n|-end|p2a: Walking Wake|Protosynthesis|[silent]\n|switch|p2a: Magearna|Magearna-Original|100\/100\n|move|p1a: Magearna|Calm Mind|p1a: Magearna\n|-boost|p1a: Magearna|spa|1\n|-boost|p1a: Magearna|spd|1\n|\n|upkeep\n|turn|6\n|\n|t:|1700279380\n|move|p1a: Magearna|Shift Gear|p1a: Magearna\n|-boost|p1a: Magearna|spe|2\n|-boost|p1a: Magearna|atk|1\n|move|p2a: Magearna|Thunder Wave|p1a: Magearna\n|-status|p1a: Magearna|par\n|\n|upkeep\n|turn|7\n|\n|t:|1700279385\n|switch|p2a: Torkoal|Torkoal, M|100\/100\n|-weather|SunnyDay|[from] ability: Drought|[of] p2a: Torkoal\n|move|p1a: Magearna|Shift Gear|p1a: Magearna\n|-boost|p1a: Magearna|spe|2\n|-boost|p1a: Magearna|atk|1\n|\n|-weather|SunnyDay|[upkeep]\n|upkeep\n|turn|8\n|inactive|LhamaBoi has 270 seconds left.\n|\n|t:|1700279390\n|cant|p1a: Magearna|par\n|move|p2a: Torkoal|Stealth Rock|p1a: Magearna\n|-sidestart|p1: LhamaBoi|move: Stealth Rock\n|\n|-weather|SunnyDay|[upkeep]\n|upkeep\n|turn|9\n|\n|t:|1700279395\n|switch|p2a: Chi-Yu|Chi-Yu|100\/100\n|-ability|p2a: Chi-Yu|Beads of Ruin\n|move|p1a: Magearna|Calm Mind|p1a: Magearna\n|-boost|p1a: Magearna|spa|1\n|-boost|p1a: Magearna|spd|1\n|\n|-weather|SunnyDay|[upkeep]\n|upkeep\n|turn|10\n|\n|t:|1700279406\n|move|p2a: Chi-Yu|Dark Pulse|p1a: Magearna\n|-damage|p1a: Magearna|51\/100 par\n|cant|p1a: Magearna|flinch\n|\n|-weather|SunnyDay|[upkeep]\n|upkeep\n|turn|11\n|\n|t:|1700279411\n|move|p2a: Chi-Yu|Dark Pulse|p1a: Magearna\n|-damage|p1a: Magearna|25\/100 par\n|move|p1a: Magearna|Draining Kiss|p2a: Chi-Yu\n|-damage|p2a: Chi-Yu|53\/100\n|-heal|p1a: Magearna|50\/100 par|[from] drain|[of] p2a: Chi-Yu\n|\n|-weather|SunnyDay|[upkeep]\n|upkeep\n|turn|12\n|\n|t:|1700279419\n|move|p2a: Chi-Yu|Dark Pulse|p1a: Magearna\n|-damage|p1a: Magearna|25\/100 par\n|move|p1a: Magearna|Draining Kiss|p2a: Chi-Yu\n|-damage|p2a: Chi-Yu|6\/100\n|-heal|p1a: Magearna|50\/100 par|[from] drain|[of] p2a: Chi-Yu\n|\n|-weather|SunnyDay|[upkeep]\n|upkeep\n|turn|13\n|\n|t:|1700279424\n|move|p2a: Chi-Yu|Dark Pulse|p1a: Magearna\n|-damage|p1a: Magearna|26\/100 par\n|cant|p1a: Magearna|par\n|\n|-weather|SunnyDay|[upkeep]\n|upkeep\n|turn|14\n|\n|t:|1700279429\n|move|p2a: Chi-Yu|Dark Pulse|p1a: Magearna\n|-damage|p1a: Magearna|0 fnt\n|faint|p1a: Magearna\n|\n|-weather|none\n|upkeep\n|\n|t:|1700279438\n|switch|p1a: Goodra|Goodra-Hisui, F|100\/100\n|-damage|p1a: Goodra|94\/100|[from] Stealth Rock\n|turn|15\n|\n|t:|1700279453\n|move|p2a: Chi-Yu|Dark Pulse|p1a: Goodra\n|-damage|p1a: Goodra|61\/100\n|cant|p1a: Goodra|flinch\n|\n|-heal|p1a: Goodra|68\/100|[from] item: Leftovers\n|upkeep\n|turn|16\n|\n|t:|1700279457\n|move|p2a: Chi-Yu|Dark Pulse|p1a: Goodra\n|-damage|p1a: Goodra|29\/100\n|move|p1a: Goodra|Dragon Tail|p2a: Chi-Yu|[miss]\n|-miss|p1a: Goodra|p2a: Chi-Yu\n|\n|-heal|p1a: Goodra|35\/100|[from] item: Leftovers\n|upkeep\n|turn|17\n|c|\u2606Spectrum725|ok bro\n|c|\u2606Spectrum725|my b\n|c|\u2606Spectrum725|\ud83d\ude2d\n|\n|t:|1700279480\n|move|p2a: Chi-Yu|Dark Pulse|p1a: Goodra\n|-damage|p1a: Goodra|3\/100\n|move|p1a: Goodra|Dragon Tail|p2a: Chi-Yu\n|-damage|p2a: Chi-Yu|0 fnt\n|faint|p2a: Chi-Yu\n|\n|-heal|p1a: Goodra|9\/100|[from] item: Leftovers\n|upkeep\n|\n|t:|1700279491\n|switch|p2a: Walking Wake|Walking Wake|100\/100\n|turn|18\n|\n|t:|1700279496\n|move|p2a: Walking Wake|Flip Turn|p1a: Goodra\n|-resisted|p1a: Goodra\n|-damage|p1a: Goodra|3\/100\n|\n|t:|1700279498\n|-end|p2a: Walking Wake|Protosynthesis|[silent]\n|switch|p2a: Magearna|Magearna-Original|100\/100|[from] Flip Turn\n|move|p1a: Goodra|Flamethrower|p2a: Magearna\n|-supereffective|p2a: Magearna\n|-damage|p2a: Magearna|71\/100\n|\n|-heal|p2a: Magearna|77\/100|[from] item: Leftovers\n|-heal|p1a: Goodra|9\/100|[from] item: Leftovers\n|upkeep\n|turn|19\n|\n|t:|1700279506\n|move|p2a: Magearna|Volt Switch|p1a: Goodra\n|-resisted|p1a: Goodra\n|-damage|p1a: Goodra|3\/100\n|\n|t:|1700279509\n|switch|p2a: Walking Wake|Walking Wake|100\/100|[from] Volt Switch\n|move|p1a: Goodra|Flamethrower|p2a: Walking Wake\n|-resisted|p2a: Walking Wake\n|-damage|p2a: Walking Wake|94\/100\n|\n|-heal|p1a: Goodra|9\/100|[from] item: Leftovers\n|upkeep\n|turn|20\n|\n|t:|1700279515\n|move|p2a: Walking Wake|Hydro Steam|p1a: Goodra\n|-resisted|p1a: Goodra\n|-damage|p1a: Goodra|0 fnt\n|faint|p1a: Goodra\n|\n|upkeep\n|\n|t:|1700279524\n|switch|p1a: Landorus|Landorus, M|100\/100\n|-damage|p1a: Landorus|88\/100|[from] Stealth Rock\n|turn|21\n|\n|t:|1700279548\n|move|p2a: Walking Wake|Hydro Steam|p1a: Landorus\n|-supereffective|p1a: Landorus\n|-crit|p1a: Landorus\n|-damage|p1a: Landorus|0 fnt\n|faint|p1a: Landorus\n|\n|upkeep\n|\n|t:|1700279557\n|switch|p1a: Volcarona|Volcarona, M|100\/100\n|turn|22\n|\n|t:|1700279562\n|move|p2a: Walking Wake|Hydro Steam|p1a: Volcarona\n|-supereffective|p1a: Volcarona\n|-damage|p1a: Volcarona|0 fnt\n|faint|p1a: Volcarona\n|\n|upkeep\n|\n|t:|1700279565\n|switch|p1a: Zamazenta|Zamazenta-Crowned|100\/100\n|-damage|p1a: Zamazenta|97\/100|[from] Stealth Rock\n|-ability|p1a: Zamazenta|Dauntless Shield|boost\n|-boost|p1a: Zamazenta|def|1\n|turn|23\n|\n|t:|1700279568\n|-terastallize|p2a: Walking Wake|Water\n|move|p1a: Zamazenta|Substitute|p1a: Zamazenta\n|-start|p1a: Zamazenta|Substitute\n|-damage|p1a: Zamazenta|72\/100\n|move|p2a: Walking Wake|Hydro Steam|p1a: Zamazenta\n|-end|p1a: Zamazenta|Substitute\n|\n|upkeep\n|turn|24\n|\n|t:|1700279575\n|move|p1a: Zamazenta|Body Press|p2a: Walking Wake\n|-damage|p2a: Walking Wake|30\/100\n|move|p2a: Walking Wake|Hydro Steam|p1a: Zamazenta\n|-damage|p1a: Zamazenta|19\/100\n|\n|upkeep\n|turn|25\n|\n|t:|1700279577\n|move|p1a: Zamazenta|Body Press|p2a: Walking Wake\n|-crit|p2a: Walking Wake\n|-damage|p2a: Walking Wake|0 fnt\n|faint|p2a: Walking Wake\n|-end|p2a: Walking Wake|Protosynthesis|[silent]\n|\n|upkeep\n|\n|t:|1700279580\n|switch|p2a: Zacian|Zacian|100\/100\n|-ability|p2a: Zacian|Intrepid Sword|boost\n|-boost|p2a: Zacian|atk|1\n|turn|26\n|\n|t:|1700279586\n|move|p2a: Zacian|Play Rough|p1a: Zamazenta\n|-damage|p1a: Zamazenta|0 fnt\n|faint|p1a: Zamazenta\n|\n|win|Spectrum725\n|c|\u2606LhamaBoi|Sigh\n|c|\u2606LhamaBoi|Gg;s\n|c|\u2606Spectrum725|gg2\n|l|\u2606LhamaBoi\n|c|\u2606Spectrum725|that chi yu vs goodra sequence was heinous\n|c|\u2606Spectrum725|my fault\n","uploadtime":1700279610,"views":24,"p1id":"lhamaboi","p2id":"spectrum725","formatid":"gen9ubers","rating":0,"private":0,"password":""}