{"id":"gen9ubers-1978789787","p1":"Anne Frankkkk","p2":"SinnerofGod","format":"[Gen 9] Ubers","log":"|j|\u2606Anne Frankkkk\n|j|\u2606SinnerofGod\n|t:|1698595482\n|gametype|singles\n|player|p1|Anne Frankkkk|hilbert|1259\n|player|p2|SinnerofGod|richboy-gen4|1161\n|teamsize|p1|6\n|teamsize|p2|6\n|gen|9\n|tier|[Gen 9] Ubers\n|rated|\n|rule|Sleep Clause Mod: Limit one foe put to sleep\n|rule|Species Clause: Limit one of each Pok\u00e9mon\n|rule|OHKO Clause: OHKO moves are banned\n|rule|Evasion Items Clause: Evasion items are banned\n|rule|Evasion Moves Clause: Evasion moves are banned\n|rule|Endless Battle Clause: Forcing endless battles is banned\n|rule|HP Percentage Mod: HP is shown in percentages\n|clearpoke\n|poke|p1|Iron Hands|\n|poke|p1|Kyogre|\n|poke|p1|Chien-Pao|\n|poke|p1|Ribombee, M|\n|poke|p1|Miraidon|\n|poke|p1|Flutter Mane|\n|poke|p2|Zacian-*|\n|poke|p2|Urshifu-*, M|\n|poke|p2|Flutter Mane|\n|poke|p2|Orthworm, M|\n|poke|p2|Ditto|\n|poke|p2|Kingambit, M|\n|teampreview\n|inactive|Battle timer is ON: inactive players will automatically lose when time's up. (requested by Anne Frankkkk)\n|\n|t:|1698595495\n|start\n|switch|p1a: Moonblast|Ribombee, M, shiny|100\/100\n|switch|p2a: Zacian|Zacian-Crowned, shiny|100\/100\n|-ability|p2a: Zacian|Intrepid Sword|boost\n|-boost|p2a: Zacian|atk|1\n|turn|1\n|\n|t:|1698595499\n|move|p2a: Zacian|Behemoth Blade|p1a: Moonblast\n|-supereffective|p1a: Moonblast\n|-enditem|p1a: Moonblast|Focus Sash\n|-damage|p1a: Moonblast|1\/100\n|move|p1a: Moonblast|Sticky Web|p2a: Zacian\n|-sidestart|p2: SinnerofGod|move: Sticky Web\n|\n|upkeep\n|turn|2\n|\n|t:|1698595505\n|move|p2a: Zacian|Behemoth Blade|p1a: Moonblast\n|-supereffective|p1a: Moonblast\n|-damage|p1a: Moonblast|0 fnt\n|faint|p1a: Moonblast\n|\n|upkeep\n|\n|t:|1698595516\n|switch|p1a: Big Boy|Iron Hands, shiny|100\/100\n|turn|3\n|\n|t:|1698595526\n|-terastallize|p2a: Zacian|Fairy\n|move|p1a: Big Boy|Fake Out|p2a: Zacian\n|-damage|p2a: Zacian|84\/100\n|cant|p2a: Zacian|flinch\n|\n|upkeep\n|turn|4\n|\n|t:|1698595535\n|move|p2a: Zacian|Swords Dance|p2a: Zacian\n|-boost|p2a: Zacian|atk|2\n|move|p1a: Big Boy|Wild Charge|p2a: Zacian\n|-damage|p2a: Zacian|31\/100\n|-damage|p1a: Big Boy|92\/100|[from] Recoil\n|\n|upkeep\n|turn|5\n|\n|t:|1698595543\n|move|p2a: Zacian|Close Combat|p1a: Big Boy\n|-damage|p1a: Big Boy|25\/100\n|-unboost|p2a: Zacian|def|1\n|-unboost|p2a: Zacian|spd|1\n|move|p1a: Big Boy|Wild Charge|p2a: Zacian\n|-damage|p2a: Zacian|0 fnt\n|faint|p2a: Zacian\n|-damage|p1a: Big Boy|20\/100|[from] Recoil\n|\n|upkeep\n|\n|t:|1698595549\n|switch|p2a: Orthworm|Orthworm, M, shiny|100\/100\n|-activate|p2a: Orthworm|move: Sticky Web\n|-unboost|p2a: Orthworm|spe|1\n|turn|6\n|\n|t:|1698595552\n|move|p1a: Big Boy|Drain Punch|p2a: Orthworm\n|-supereffective|p2a: Orthworm\n|-damage|p2a: Orthworm|54\/100\n|-heal|p1a: Big Boy|36\/100|[from] drain|[of] p2a: Orthworm\n|move|p2a: Orthworm|Shed Tail|p2a: Orthworm\n|-start|p2a: Orthworm|Substitute|[from] move: Shed Tail\n|-damage|p2a: Orthworm|4\/100\n|-enditem|p2a: Orthworm|Sitrus Berry|[eat]\n|-heal|p2a: Orthworm|29\/100|[from] item: Sitrus Berry\n|\n|t:|1698595562\n|switch|p2a: Flutter Mane|Flutter Mane, shiny|100\/100|[from] Shed Tail\n|-activate|p2a: Flutter Mane|move: Sticky Web\n|-unboost|p2a: Flutter Mane|spe|1\n|-enditem|p2a: Flutter Mane|Booster Energy\n|-activate|p2a: Flutter Mane|ability: Protosynthesis|[fromitem]\n|-start|p2a: Flutter Mane|protosynthesisspa\n|\n|upkeep\n|turn|7\n|\n|t:|1698595566\n|move|p2a: Flutter Mane|Moonblast|p1a: Big Boy\n|-supereffective|p1a: Big Boy\n|-damage|p1a: Big Boy|0 fnt\n|faint|p1a: Big Boy\n|-end|p1a: Big Boy|Quark Drive|[silent]\n|\n|upkeep\n|\n|t:|1698595570\n|switch|p1a: Misdreavius|Flutter Mane, shiny|100\/100\n|-enditem|p1a: Misdreavius|Booster Energy\n|-activate|p1a: Misdreavius|ability: Protosynthesis|[fromitem]\n|-start|p1a: Misdreavius|protosynthesisspe\n|turn|8\n|\n|t:|1698595576\n|move|p1a: Misdreavius|Shadow Ball|p2a: Flutter Mane\n|-supereffective|p2a: Flutter Mane\n|-end|p2a: Flutter Mane|Substitute\n|move|p2a: Flutter Mane|Shadow Ball|p1a: Misdreavius\n|-supereffective|p1a: Misdreavius\n|-damage|p1a: Misdreavius|0 fnt\n|faint|p1a: Misdreavius\n|-end|p1a: Misdreavius|Protosynthesis|[silent]\n|\n|upkeep\n|\n|t:|1698595582\n|switch|p1a: Ice Cat|Chien-Pao|100\/100\n|-ability|p1a: Ice Cat|Sword of Ruin\n|turn|9\n|\n|t:|1698595586\n|move|p1a: Ice Cat|Sucker Punch|p2a: Flutter Mane\n|-damage|p2a: Flutter Mane|0 fnt\n|faint|p2a: Flutter Mane\n|-end|p2a: Flutter Mane|Protosynthesis|[silent]\n|-damage|p1a: Ice Cat|91\/100|[from] item: Life Orb\n|\n|upkeep\n|\n|t:|1698595592\n|switch|p2a: Orthworm|Orthworm, M, shiny|29\/100\n|-activate|p2a: Orthworm|move: Sticky Web\n|-unboost|p2a: Orthworm|spe|1\n|turn|10\n|\n|t:|1698595596\n|move|p1a: Ice Cat|Sacred Sword|p2a: Orthworm\n|-supereffective|p2a: Orthworm\n|-damage|p2a: Orthworm|0 fnt\n|faint|p2a: Orthworm\n|-damage|p1a: Ice Cat|81\/100|[from] item: Life Orb\n|\n|upkeep\n|\n|t:|1698595599\n|switch|p2a: Urshifu|Urshifu, M|100\/100\n|-activate|p2a: Urshifu|move: Sticky Web\n|-unboost|p2a: Urshifu|spe|1\n|turn|11\n|\n|t:|1698595606\n|move|p1a: Ice Cat|Sacred Sword|p2a: Urshifu\n|-supereffective|p2a: Urshifu\n|-damage|p2a: Urshifu|0 fnt\n|faint|p2a: Urshifu\n|-damage|p1a: Ice Cat|71\/100|[from] item: Life Orb\n|\n|upkeep\n|\n|t:|1698595612\n|switch|p2a: Ditto|Ditto|100\/100\n|-activate|p2a: Ditto|move: Sticky Web\n|-unboost|p2a: Ditto|spe|1\n|-transform|p2a: Ditto|p1a: Ice Cat|[from] ability: Imposter\n|-ability|p2a: Ditto|Sword of Ruin\n|turn|12\n|\n|t:|1698595622\n|move|p2a: Ditto|Sacred Sword|p1a: Ice Cat\n|-supereffective|p1a: Ice Cat\n|-damage|p1a: Ice Cat|0 fnt\n|faint|p1a: Ice Cat\n|\n|upkeep\n|\n|t:|1698595627\n|switch|p1a: Cyber Lizard|Miraidon|100\/100\n|-fieldstart|move: Electric Terrain|[from] ability: Hadron Engine|[of] p1a: Cyber Lizard\n|-item|p1a: Cyber Lizard|Air Balloon\n|turn|13\n|\n|t:|1698595633\n|move|p1a: Cyber Lizard|Electro Drift|p2a: Ditto\n|-damage|p2a: Ditto|0 fnt\n|faint|p2a: Ditto\n|\n|upkeep\n|\n|t:|1698595636\n|switch|p2a: Kingambit|Kingambit, M|100\/100\n|-activate|p2a: Kingambit|move: Sticky Web\n|-unboost|p2a: Kingambit|spe|1\n|-activate|p2a: Kingambit|ability: Supreme Overlord\n|-start|p2a: Kingambit|fallen5|[silent]\n|turn|14\n|\n|t:|1698595642\n|-terastallize|p1a: Cyber Lizard|Fairy\n|move|p2a: Kingambit|Sucker Punch|p1a: Cyber Lizard\n|-resisted|p1a: Cyber Lizard\n|-damage|p1a: Cyber Lizard|64\/100\n|-enditem|p1a: Cyber Lizard|Air Balloon\n|move|p1a: Cyber Lizard|Electro Drift|p2a: Kingambit\n|-damage|p2a: Kingambit|0 fnt\n|faint|p2a: Kingambit\n|-end|p2a: Kingambit|fallen5|[silent]\n|\n|win|Anne Frankkkk\n|raw|Anne Frankkkk's rating: 1259 &rarr; <strong>1277<\/strong><br \/>(+18 for winning)\n|raw|SinnerofGod's rating: 1161 &rarr; <strong>1143<\/strong><br \/>(-18 for losing)\n|c|\u2606SinnerofGod|gg\n|l|\u2606SinnerofGod\n","uploadtime":1698595656,"views":9,"p1id":"annefrankkkk","p2id":"sinnerofgod","formatid":"gen9ubers","rating":1143,"private":0,"password":""}