{"id":"gen9ubers-1978502960","p1":"KickinAsh","p2":"slugmaaa","format":"[Gen 9] Ubers","log":"|j|\u2606KickinAsh\n|j|\u2606slugmaaa\n|t:|1698547463\n|gametype|singles\n|player|p1|KickinAsh|battlegirl-gen4|\n|player|p2|slugmaaa|harlequin|\n|teamsize|p1|6\n|teamsize|p2|6\n|gen|9\n|tier|[Gen 9] Ubers\n|rule|Sleep Clause Mod: Limit one foe put to sleep\n|rule|Species Clause: Limit one of each Pok\u00e9mon\n|rule|OHKO Clause: OHKO moves are banned\n|rule|Evasion Items Clause: Evasion items are banned\n|rule|Evasion Moves Clause: Evasion moves are banned\n|rule|Endless Battle Clause: Forcing endless battles is banned\n|rule|HP Percentage Mod: HP is shown in percentages\n|clearpoke\n|poke|p1|Annihilape, M|\n|poke|p1|Kilowattrel, M|\n|poke|p1|Froslass, F|\n|poke|p1|Kleavor, M|\n|poke|p1|Florges, F|\n|poke|p1|Iron Treads|\n|poke|p2|Iron Bundle|\n|poke|p2|Farigiraf, F|\n|poke|p2|Gholdengo|\n|poke|p2|Hippowdon, F|\n|poke|p2|Enamorus, F|\n|poke|p2|Dragonite, M|\n|teampreview\n|j| Squirshawott\n|j| Astyr.Pygos\n|\n|t:|1698547517\n|start\n|switch|p1a: FrosMORE|Froslass, F|100\/100\n|switch|p2a: gold digger|Gholdengo|100\/100\n|turn|1\n|\n|t:|1698547565\n|move|p1a: FrosMORE|Spikes|p2a: gold digger\n|-sidestart|p2: slugmaaa|Spikes\n|move|p2a: gold digger|Make It Rain|p1a: FrosMORE\n|-supereffective|p1a: FrosMORE\n|-damage|p1a: FrosMORE|0 fnt\n|-unboost|p2a: gold digger|spa|1\n|faint|p1a: FrosMORE\n|\n|upkeep\n|\n|t:|1698547585\n|switch|p1a: Monke|Annihilape, M|100\/100\n|turn|2\n|\n|t:|1698547592\n|switch|p2a: remember me?|Farigiraf, F|100\/100\n|-damage|p2a: remember me?|88\/100|[from] Spikes\n|move|p1a: Monke|Rage Fist|p2a: remember me?\n|-immune|p2a: remember me?\n|\n|upkeep\n|turn|3\n|\n|t:|1698547632\n|switch|p1a: AxeHands|Kleavor, M|100\/100\n|move|p2a: remember me?|Dazzling Gleam|p1a: AxeHands\n|-damage|p1a: AxeHands|68\/100\n|\n|upkeep\n|turn|4\n|\n|t:|1698547708\n|switch|p2a: Hippowdon|Hippowdon, F|100\/100\n|-damage|p2a: Hippowdon|88\/100|[from] Spikes\n|-weather|Sandstorm|[from] ability: Sand Stream|[of] p2a: Hippowdon\n|move|p1a: AxeHands|U-turn|p2a: Hippowdon\n|-damage|p2a: Hippowdon|67\/100\n|\n|t:|1698547726\n|switch|p1a: Red Lady|Florges, F|100\/100|[from] U-turn\n|\n|-weather|Sandstorm|[upkeep]\n|-damage|p1a: Red Lady|94\/100|[from] Sandstorm\n|-heal|p1a: Red Lady|100\/100|[from] item: Leftovers\n|upkeep\n|turn|5\n|\n|t:|1698547796\n|switch|p1a: GoodYear|Iron Treads|100\/100\n|-enditem|p1a: GoodYear|Booster Energy\n|-activate|p1a: GoodYear|ability: Quark Drive|[fromitem]\n|-start|p1a: GoodYear|quarkdrivespe\n|switch|p2a: gold digger|Gholdengo|100\/100\n|-damage|p2a: gold digger|88\/100|[from] Spikes\n|\n|-weather|Sandstorm|[upkeep]\n|upkeep\n|turn|6\n|\n|t:|1698547821\n|switch|p2a: Hippowdon|Hippowdon, F|67\/100\n|-damage|p2a: Hippowdon|54\/100|[from] Spikes\n|move|p1a: GoodYear|Earthquake|p2a: Hippowdon\n|-damage|p2a: Hippowdon|31\/100\n|-enditem|p2a: Hippowdon|Sitrus Berry|[eat]\n|-heal|p2a: Hippowdon|56\/100|[from] item: Sitrus Berry\n|\n|-weather|Sandstorm|[upkeep]\n|upkeep\n|turn|7\n|\n|t:|1698547858\n|move|p1a: GoodYear|Earthquake|p2a: Hippowdon\n|-damage|p2a: Hippowdon|30\/100\n|move|p2a: Hippowdon|Slack Off|p2a: Hippowdon\n|-heal|p2a: Hippowdon|80\/100\n|\n|-weather|Sandstorm|[upkeep]\n|upkeep\n|turn|8\n|\n|t:|1698547910\n|move|p1a: GoodYear|Earthquake|p2a: Hippowdon\n|-damage|p2a: Hippowdon|54\/100\n|move|p2a: Hippowdon|Earthquake|p1a: GoodYear\n|-supereffective|p1a: GoodYear\n|-damage|p1a: GoodYear|31\/100\n|\n|-weather|none\n|upkeep\n|turn|9\n|\n|t:|1698547928\n|move|p1a: GoodYear|Knock Off|p2a: Hippowdon\n|-damage|p2a: Hippowdon|44\/100\n|move|p2a: Hippowdon|Earthquake|p1a: GoodYear\n|-supereffective|p1a: GoodYear\n|-crit|p1a: GoodYear\n|-damage|p1a: GoodYear|0 fnt\n|faint|p1a: GoodYear\n|-end|p1a: GoodYear|Quark Drive|[silent]\n|\n|upkeep\n|\n|t:|1698547945\n|switch|p1a: Red Lady|Florges, F|100\/100\n|turn|10\n|\n|t:|1698547992\n|switch|p1a: Monke|Annihilape, M|100\/100\n|switch|p2a: remember me?|Farigiraf, F|88\/100\n|-damage|p2a: remember me?|76\/100|[from] Spikes\n|\n|upkeep\n|turn|11\n|\n|t:|1698548038\n|switch|p1a: AxeHands|Kleavor, M|68\/100\n|move|p2a: remember me?|Wish|p2a: remember me?\n|\n|upkeep\n|turn|12\n|\n|t:|1698548052\n|move|p1a: AxeHands|U-turn|p2a: remember me?\n|-supereffective|p2a: remember me?\n|-damage|p2a: remember me?|28\/100\n|-damage|p1a: AxeHands|52\/100|[from] item: Rocky Helmet|[of] p2a: remember me?\n|\n|t:|1698548079\n|switch|p1a: Shock|Kilowattrel, M|100\/100|[from] U-turn\n|move|p2a: remember me?|Dazzling Gleam|p1a: Shock\n|-damage|p1a: Shock|61\/100\n|\n|-heal|p2a: remember me?|78\/100|[from] move: Wish|[wisher] remember me?\n|upkeep\n|turn|13\n|\n|t:|1698548097\n|switch|p2a: Hippowdon|Hippowdon, F|44\/100\n|-damage|p2a: Hippowdon|32\/100|[from] Spikes\n|-weather|Sandstorm|[from] ability: Sand Stream|[of] p2a: Hippowdon\n|move|p1a: Shock|Roost|p1a: Shock\n|-heal|p1a: Shock|100\/100\n|-singleturn|p1a: Shock|move: Roost\n|\n|-weather|Sandstorm|[upkeep]\n|-damage|p1a: Shock|94\/100|[from] Sandstorm\n|upkeep\n|turn|14\n|\n|t:|1698548133\n|switch|p1a: Red Lady|Florges, F|100\/100\n|move|p2a: Hippowdon|Slack Off|p2a: Hippowdon\n|-heal|p2a: Hippowdon|82\/100\n|\n|-weather|Sandstorm|[upkeep]\n|-damage|p1a: Red Lady|94\/100|[from] Sandstorm\n|-heal|p1a: Red Lady|100\/100|[from] item: Leftovers\n|upkeep\n|turn|15\n|\n|t:|1698548145\n|move|p1a: Red Lady|Moonblast|p2a: Hippowdon\n|-damage|p2a: Hippowdon|28\/100\n|move|p2a: Hippowdon|Stealth Rock|p1a: Red Lady\n|-sidestart|p1: KickinAsh|move: Stealth Rock\n|\n|-weather|Sandstorm|[upkeep]\n|-damage|p1a: Red Lady|94\/100|[from] Sandstorm\n|-heal|p1a: Red Lady|100\/100|[from] item: Leftovers\n|upkeep\n|turn|16\n|\n|t:|1698548172\n|switch|p2a: gold digger|Gholdengo|88\/100\n|-damage|p2a: gold digger|76\/100|[from] Spikes\n|move|p1a: Red Lady|Moonblast|p2a: gold digger\n|-resisted|p2a: gold digger\n|-damage|p2a: gold digger|49\/100\n|-unboost|p2a: gold digger|spa|1\n|\n|-weather|Sandstorm|[upkeep]\n|-damage|p1a: Red Lady|94\/100|[from] Sandstorm\n|-heal|p1a: Red Lady|100\/100|[from] item: Leftovers\n|upkeep\n|turn|17\n|\n|t:|1698548281\n|switch|p1a: Monke|Annihilape, M|100\/100\n|-damage|p1a: Monke|94\/100|[from] Stealth Rock\n|move|p2a: gold digger|Make It Rain|p1a: Monke\n|-damage|p1a: Monke|32\/100\n|-unboost|p2a: gold digger|spa|1\n|\n|-weather|none\n|upkeep\n|turn|18\n|\n|t:|1698548308\n|switch|p2a: remember me?|Farigiraf, F|78\/100\n|-damage|p2a: remember me?|66\/100|[from] Spikes\n|switch|p1a: Red Lady|Florges, F|100\/100\n|-damage|p1a: Red Lady|88\/100|[from] Stealth Rock\n|\n|-heal|p1a: Red Lady|94\/100|[from] item: Leftovers\n|upkeep\n|turn|19\n|\n|t:|1698548324\n|move|p1a: Red Lady|Moonblast|p2a: remember me?\n|-damage|p2a: remember me?|16\/100\n|move|p2a: remember me?|Wish|p2a: remember me?\n|\n|-heal|p1a: Red Lady|100\/100|[from] item: Leftovers\n|upkeep\n|turn|20\n|\n|t:|1698548383\n|switch|p1a: Monke|Annihilape, M|32\/100\n|-damage|p1a: Monke|26\/100|[from] Stealth Rock\n|move|p2a: remember me?|Protect||[still]\n|-fail|p2a: remember me?\n|\n|-heal|p2a: remember me?|66\/100|[from] move: Wish|[wisher] remember me?\n|upkeep\n|turn|21\n|\n|t:|1698548396\n|move|p1a: Monke|Drain Punch|p2a: remember me?\n|-damage|p2a: remember me?|37\/100\n|-heal|p1a: Monke|41\/100|[from] drain|[of] p2a: remember me?\n|-damage|p1a: Monke|25\/100|[from] item: Rocky Helmet|[of] p2a: remember me?\n|move|p2a: remember me?|Wish|p2a: remember me?\n|\n|upkeep\n|turn|22\n|\n|t:|1698548411\n|move|p1a: Monke|Drain Punch|p2a: remember me?\n|-damage|p2a: remember me?|9\/100\n|-heal|p1a: Monke|39\/100|[from] drain|[of] p2a: remember me?\n|-damage|p1a: Monke|23\/100|[from] item: Rocky Helmet|[of] p2a: remember me?\n|move|p2a: remember me?|Calm Mind|p2a: remember me?\n|-boost|p2a: remember me?|spa|1\n|-boost|p2a: remember me?|spd|1\n|\n|-heal|p2a: remember me?|59\/100|[from] move: Wish|[wisher] remember me?\n|upkeep\n|turn|23\n|\n|t:|1698548428\n|move|p1a: Monke|Drain Punch|p2a: remember me?\n|-damage|p2a: remember me?|32\/100\n|-heal|p1a: Monke|37\/100|[from] drain|[of] p2a: remember me?\n|-damage|p1a: Monke|20\/100|[from] item: Rocky Helmet|[of] p2a: remember me?\n|move|p2a: remember me?|Wish|p2a: remember me?\n|\n|upkeep\n|turn|24\n|\n|t:|1698548473\n|switch|p1a: AxeHands|Kleavor, M|52\/100\n|-damage|p1a: AxeHands|27\/100|[from] Stealth Rock\n|move|p2a: remember me?|Calm Mind|p2a: remember me?\n|-boost|p2a: remember me?|spa|1\n|-boost|p2a: remember me?|spd|1\n|\n|-heal|p2a: remember me?|82\/100|[from] move: Wish|[wisher] remember me?\n|upkeep\n|turn|25\n|\n|t:|1698548502\n|move|p1a: AxeHands|Close Combat|p2a: remember me?\n|-damage|p2a: remember me?|55\/100\n|-unboost|p1a: AxeHands|def|1\n|-unboost|p1a: AxeHands|spd|1\n|-damage|p1a: AxeHands|11\/100|[from] item: Rocky Helmet|[of] p2a: remember me?\n|move|p2a: remember me?|Wish|p2a: remember me?\n|\n|upkeep\n|turn|26\n|\n|t:|1698548569\n|switch|p1a: Shock|Kilowattrel, M|94\/100\n|-damage|p1a: Shock|70\/100|[from] Stealth Rock\n|move|p2a: remember me?|Dazzling Gleam|p1a: Shock\n|-damage|p1a: Shock|0 fnt\n|faint|p1a: Shock\n|\n|-heal|p2a: remember me?|100\/100|[from] move: Wish|[wisher] remember me?\n|upkeep\n|\n|t:|1698548582\n|switch|p1a: AxeHands|Kleavor, M|11\/100\n|-damage|p1a: AxeHands|0 fnt|[from] Stealth Rock\n|faint|p1a: AxeHands\n|\n|t:|1698548591\n|switch|p1a: Red Lady|Florges, F|100\/100\n|-damage|p1a: Red Lady|88\/100|[from] Stealth Rock\n|turn|27\n|\n|t:|1698548601\n|move|p1a: Red Lady|Moonblast|p2a: remember me?\n|-damage|p2a: remember me?|75\/100\n|-unboost|p2a: remember me?|spa|1\n|move|p2a: remember me?|Dazzling Gleam|p1a: Red Lady\n|-damage|p1a: Red Lady|68\/100\n|\n|-heal|p1a: Red Lady|74\/100|[from] item: Leftovers\n|upkeep\n|turn|28\n|\n|t:|1698548614\n|move|p1a: Red Lady|Moonblast|p2a: remember me?\n|-crit|p2a: remember me?\n|-damage|p2a: remember me?|4\/100\n|-unboost|p2a: remember me?|spa|1\n|move|p2a: remember me?|Calm Mind|p2a: remember me?\n|-boost|p2a: remember me?|spa|1\n|-boost|p2a: remember me?|spd|1\n|\n|-heal|p1a: Red Lady|80\/100|[from] item: Leftovers\n|upkeep\n|turn|29\n|\n|t:|1698548622\n|move|p1a: Red Lady|Moonblast|p2a: remember me?\n|-damage|p2a: remember me?|0 fnt\n|faint|p2a: remember me?\n|\n|-heal|p1a: Red Lady|86\/100|[from] item: Leftovers\n|upkeep\n|\n|t:|1698548625\n|switch|p2a: gold digger|Gholdengo|49\/100\n|-damage|p2a: gold digger|37\/100|[from] Spikes\n|turn|30\n|\n|t:|1698548655\n|move|p2a: gold digger|Make It Rain|p1a: Red Lady\n|-supereffective|p1a: Red Lady\n|-damage|p1a: Red Lady|0 fnt\n|-unboost|p2a: gold digger|spa|1\n|faint|p1a: Red Lady\n|\n|upkeep\n|\n|t:|1698548662\n|switch|p1a: Monke|Annihilape, M|20\/100\n|-damage|p1a: Monke|14\/100|[from] Stealth Rock\n|turn|31\n|\n|t:|1698548678\n|move|p2a: gold digger|Make It Rain|p1a: Monke\n|-damage|p1a: Monke|0 fnt\n|-unboost|p2a: gold digger|spa|1\n|faint|p1a: Monke\n|\n|win|slugmaaa\n|c|\u2606slugmaaa|ggs!\n","uploadtime":1698548687,"views":12,"p1id":"kickinash","p2id":"slugmaaa","formatid":"gen9ubers","rating":0,"private":0,"password":""}