{"id":"gen9ubers-1978514029","p1":"Keggfm","p2":"Zeddby","format":"[Gen 9] Ubers","log":"|j|\u2606Keggfm\n|j|\u2606Zeddby\n|t:|1698548977\n|gametype|singles\n|player|p1|Keggfm|cynthia-gen4|\n|player|p2|Zeddby|winona|\n|teamsize|p1|6\n|teamsize|p2|6\n|gen|9\n|tier|[Gen 9] Ubers\n|rule|Sleep Clause Mod: Limit one foe put to sleep\n|rule|Species Clause: Limit one of each Pok\u00e9mon\n|rule|OHKO Clause: OHKO moves are banned\n|rule|Evasion Items Clause: Evasion items are banned\n|rule|Evasion Moves Clause: Evasion moves are banned\n|rule|Endless Battle Clause: Forcing endless battles is banned\n|rule|HP Percentage Mod: HP is shown in percentages\n|clearpoke\n|poke|p1|Dragalge, M|\n|poke|p1|Gastrodon, M|\n|poke|p1|Goodra, M|\n|poke|p1|Hawlucha, F|\n|poke|p1|Cresselia, F|\n|poke|p1|Krookodile, F|\n|poke|p2|Roaring Moon|\n|poke|p2|Meowscarada, F|\n|poke|p2|Hippowdon, F|\n|poke|p2|Regidrago|\n|poke|p2|Toxtricity, F|\n|poke|p2|Orthworm, F|\n|teampreview\n|\n|t:|1698549006\n|start\n|switch|p1a: Cresselia|Cresselia, F|100\/100\n|switch|p2a: Meowscarada|Meowscarada, F|100\/100\n|turn|1\n|j| CTE World\n|\n|t:|1698549017\n|switch|p1a: Dragalge|Dragalge, M|100\/100\n|move|p2a: Meowscarada|Knock Off|p1a: Dragalge\n|-start|p2a: Meowscarada|typechange|Dark|[from] ability: Protean\n|-damage|p1a: Dragalge|49\/100\n|-enditem|p1a: Dragalge|Assault Vest|[from] move: Knock Off|[of] p2a: Meowscarada\n|\n|upkeep\n|turn|2\n|\n|t:|1698549029\n|move|p2a: Meowscarada|U-turn|p1a: Dragalge\n|-resisted|p1a: Dragalge\n|-damage|p1a: Dragalge|38\/100\n|j| acetrainerluck\n|\n|t:|1698549033\n|switch|p2a: Orthworm|Orthworm, F|100\/100|[from] U-turn\n|move|p1a: Dragalge|Draco Meteor|p2a: Orthworm\n|-resisted|p2a: Orthworm\n|-crit|p2a: Orthworm\n|-damage|p2a: Orthworm|40\/100\n|-unboost|p1a: Dragalge|spa|2\n|\n|-heal|p2a: Orthworm|46\/100|[from] item: Leftovers\n|upkeep\n|turn|3\n|\n|t:|1698549043\n|move|p2a: Orthworm|Earthquake|p1a: Dragalge\n|-supereffective|p1a: Dragalge\n|-damage|p1a: Dragalge|0 fnt\n|faint|p1a: Dragalge\n|\n|-heal|p2a: Orthworm|52\/100|[from] item: Leftovers\n|upkeep\n|\n|t:|1698549050\n|switch|p1a: Hawlucha|Hawlucha, F|100\/100\n|turn|4\n|\n|t:|1698549061\n|switch|p2a: Toxtricity|Toxtricity, F|100\/100\n|move|p1a: Hawlucha|Swords Dance|p1a: Hawlucha\n|-boost|p1a: Hawlucha|atk|2\n|\n|upkeep\n|turn|5\n|\n|t:|1698549068\n|move|p1a: Hawlucha|Swords Dance|p1a: Hawlucha\n|-boost|p1a: Hawlucha|atk|2\n|move|p2a: Toxtricity|Boomburst|p1a: Hawlucha\n|-enditem|p1a: Hawlucha|Focus Sash\n|-damage|p1a: Hawlucha|1\/100\n|\n|upkeep\n|turn|6\n|\n|t:|1698549077\n|move|p1a: Hawlucha|Close Combat|p2a: Toxtricity\n|-resisted|p2a: Toxtricity\n|-damage|p2a: Toxtricity|0 fnt\n|-unboost|p1a: Hawlucha|def|1\n|-unboost|p1a: Hawlucha|spd|1\n|faint|p2a: Toxtricity\n|\n|upkeep\n|\n|t:|1698549084\n|switch|p2a: Meowscarada|Meowscarada, F|100\/100\n|turn|7\n|\n|t:|1698549092\n|move|p2a: Meowscarada|Sucker Punch|p1a: Hawlucha\n|-start|p2a: Meowscarada|typechange|Dark|[from] ability: Protean\n|-resisted|p1a: Hawlucha\n|-damage|p1a: Hawlucha|0 fnt\n|faint|p1a: Hawlucha\n|\n|upkeep\n|j| TBK Renegades\n|\n|t:|1698549098\n|switch|p1a: Krookodile|Krookodile, F|100\/100\n|-ability|p1a: Krookodile|Intimidate|boost\n|-unboost|p2a: Meowscarada|atk|1\n|turn|8\n|\n|t:|1698549108\n|switch|p1a: Gastrodon|Gastrodon, M|100\/100\n|switch|p2a: Hippowdon|Hippowdon, F|100\/100\n|\n|upkeep\n|turn|9\n|\n|t:|1698549114\n|switch|p2a: Orthworm|Orthworm, F|52\/100\n|move|p1a: Gastrodon|Yawn|p2a: Orthworm\n|-start|p2a: Orthworm|move: Yawn|[of] p1a: Gastrodon\n|\n|-heal|p2a: Orthworm|58\/100|[from] item: Leftovers\n|upkeep\n|turn|10\n|\n|t:|1698549123\n|switch|p1a: Goodra|Goodra, M|100\/100\n|move|p2a: Orthworm|Spikes|p1a: Goodra\n|-sidestart|p1: Keggfm|Spikes\n|\n|-heal|p2a: Orthworm|64\/100|[from] item: Leftovers\n|-end|p2a: Orthworm|move: Yawn|[silent]\n|-status|p2a: Orthworm|slp\n|upkeep\n|turn|11\n|\n|t:|1698549132\n|-terastallize|p1a: Goodra|Fairy\n|move|p1a: Goodra|Focus Blast|p2a: Orthworm\n|-supereffective|p2a: Orthworm\n|-damage|p2a: Orthworm|0 fnt\n|faint|p2a: Orthworm\n|\n|upkeep\n|\n|t:|1698549152\n|switch|p2a: Meowscarada|Meowscarada, F|100\/100\n|turn|12\n|\n|t:|1698549160\n|move|p2a: Meowscarada|Flower Trick|p1a: Goodra\n|-start|p2a: Meowscarada|typechange|Grass|[from] ability: Protean\n|-ability|p1a: Goodra|Sap Sipper|boost\n|-boost|p1a: Goodra|atk|1\n|move|p1a: Goodra|Tera Blast|p2a: Meowscarada|[anim] Tera Blast Fairy\n|-damage|p2a: Meowscarada|37\/100\n|\n|upkeep\n|turn|13\n|\n|t:|1698549170\n|move|p2a: Meowscarada|U-turn|p1a: Goodra\n|-resisted|p1a: Goodra\n|-damage|p1a: Goodra|87\/100\n|\n|t:|1698549174\n|switch|p2a: Hippowdon|Hippowdon, F|100\/100|[from] U-turn\n|move|p1a: Goodra|Tera Blast|p2a: Hippowdon|[anim] Tera Blast Fairy\n|-damage|p2a: Hippowdon|59\/100\n|\n|-heal|p2a: Hippowdon|66\/100|[from] item: Leftovers\n|upkeep\n|turn|14\n|\n|t:|1698549183\n|switch|p1a: Cresselia|Cresselia, F|100\/100\n|move|p2a: Hippowdon|Slack Off|p2a: Hippowdon\n|-heal|p2a: Hippowdon|100\/100\n|\n|upkeep\n|turn|15\n|\n|t:|1698549194\n|move|p1a: Cresselia|Reflect|p1a: Cresselia\n|-sidestart|p1: Keggfm|Reflect\n|move|p2a: Hippowdon|Stealth Rock|p1a: Cresselia\n|-sidestart|p1: Keggfm|move: Stealth Rock\n|\n|upkeep\n|turn|16\n|\n|t:|1698549202\n|switch|p2a: Roaring Moon|Roaring Moon|100\/100\n|move|p1a: Cresselia|Light Screen|p1a: Cresselia\n|-sidestart|p1: Keggfm|move: Light Screen\n|\n|upkeep\n|turn|17\n|\n|t:|1698549207\n|move|p2a: Roaring Moon|Knock Off|p1a: Cresselia\n|-supereffective|p1a: Cresselia\n|-damage|p1a: Cresselia|60\/100\n|-enditem|p1a: Cresselia|Light Clay|[from] move: Knock Off|[of] p2a: Roaring Moon\n|move|p1a: Cresselia|Moonblast|p2a: Roaring Moon\n|-supereffective|p2a: Roaring Moon\n|-damage|p2a: Roaring Moon|37\/100\n|-unboost|p2a: Roaring Moon|spa|1\n|\n|upkeep\n|turn|18\n|\n|t:|1698549215\n|move|p2a: Roaring Moon|Knock Off|p1a: Cresselia\n|-supereffective|p1a: Cresselia\n|-damage|p1a: Cresselia|37\/100\n|move|p1a: Cresselia|Moonblast|p2a: Roaring Moon\n|-supereffective|p2a: Roaring Moon\n|-damage|p2a: Roaring Moon|0 fnt\n|faint|p2a: Roaring Moon\n|-end|p2a: Roaring Moon|Protosynthesis|[silent]\n|\n|upkeep\n|\n|t:|1698549235\n|switch|p2a: Regidrago|Regidrago|100\/100\n|turn|19\n|\n|t:|1698549240\n|-terastallize|p2a: Regidrago|Steel\n|move|p2a: Regidrago|Dragon Dance|p2a: Regidrago\n|-boost|p2a: Regidrago|atk|1\n|-boost|p2a: Regidrago|spe|1\n|move|p1a: Cresselia|Moonblast|p2a: Regidrago\n|-resisted|p2a: Regidrago\n|-damage|p2a: Regidrago|92\/100\n|-unboost|p2a: Regidrago|spa|1\n|\n|upkeep\n|turn|20\n|\n|t:|1698549249\n|move|p2a: Regidrago|Dragon Dance|p2a: Regidrago\n|-boost|p2a: Regidrago|atk|1\n|-boost|p2a: Regidrago|spe|1\n|move|p1a: Cresselia|Lunar Dance|p1a: Cresselia\n|faint|p1a: Cresselia\n|\n|upkeep\n|\n|t:|1698549251\n|switch|p1a: Goodra|Goodra, M, tera:Fairy|87\/100\n|-heal|p1a: Goodra|100\/100|[from] move: Lunar Dance\n|-damage|p1a: Goodra|88\/100|[from] Spikes\n|-damage|p1a: Goodra|76\/100|[from] Stealth Rock\n|turn|21\n|\n|t:|1698549259\n|move|p2a: Regidrago|Tera Blast|p1a: Goodra|[anim] Tera Blast Steel\n|-supereffective|p1a: Goodra\n|-damage|p1a: Goodra|0 fnt\n|faint|p1a: Goodra\n|\n|upkeep\n|\n|t:|1698549262\n|switch|p1a: Krookodile|Krookodile, F|100\/100\n|-damage|p1a: Krookodile|88\/100|[from] Spikes\n|-damage|p1a: Krookodile|82\/100|[from] Stealth Rock\n|-ability|p1a: Krookodile|Intimidate|boost\n|-unboost|p2a: Regidrago|atk|1\n|turn|22\n|\n|t:|1698549276\n|move|p2a: Regidrago|Scale Shot|p1a: Krookodile\n|-damage|p1a: Krookodile|65\/100\n|-damage|p1a: Krookodile|50\/100\n|-damage|p1a: Krookodile|34\/100\n|-damage|p1a: Krookodile|18\/100\n|-damage|p1a: Krookodile|0 fnt\n|faint|p1a: Krookodile\n|-hitcount|p1: Krookodile|5\n|-unboost|p2a: Regidrago|def|1\n|-boost|p2a: Regidrago|spe|1\n|\n|-sideend|p1: Keggfm|Reflect\n|upkeep\n|\n|t:|1698549281\n|switch|p1a: Gastrodon|Gastrodon, M|100\/100\n|-damage|p1a: Gastrodon|88\/100|[from] Spikes\n|-damage|p1a: Gastrodon|82\/100|[from] Stealth Rock\n|turn|23\n|c| CTE World|damn!\n|\n|t:|1698549292\n|move|p2a: Regidrago|Scale Shot|p1a: Gastrodon\n|-damage|p1a: Gastrodon|59\/100\n|-damage|p1a: Gastrodon|37\/100\n|-damage|p1a: Gastrodon|15\/100\n|-damage|p1a: Gastrodon|0 fnt\n|faint|p1a: Gastrodon\n|-hitcount|p1: Gastrodon|4\n|\n|win|Zeddby\n|c|\u2606Keggfm|Gg\n|c|\u2606Zeddby|that was fucked up\n|c|\u2606Zeddby|ggs\n|l|\u2606Keggfm\n|l|\u2606Zeddby\n|l| acetrainerluck\n|l| TBK Renegades\n","uploadtime":1698549302,"views":11,"p1id":"keggfm","p2id":"zeddby","formatid":"gen9ubers","rating":0,"private":0,"password":""}