{"id":"gen9ubers-1970016235","p1":"Albaz Brand","p2":"Lord Femboy","format":"[Gen 9] Ubers","log":"|j|\u2606Albaz Brand\n|j|\u2606Lord Femboy\n|t:|1697585432\n|gametype|singles\n|player|p1|Albaz Brand|bellelba|\n|player|p2|Lord Femboy|2|\n|teamsize|p1|6\n|teamsize|p2|6\n|gen|9\n|tier|[Gen 9] Ubers\n|rule|Sleep Clause Mod: Limit one foe put to sleep\n|rule|Species Clause: Limit one of each Pok\u00e9mon\n|rule|OHKO Clause: OHKO moves are banned\n|rule|Evasion Items Clause: Evasion items are banned\n|rule|Evasion Moves Clause: Evasion moves are banned\n|rule|Endless Battle Clause: Forcing endless battles is banned\n|rule|HP Percentage Mod: HP is shown in percentages\n|clearpoke\n|poke|p1|Spectrier|\n|poke|p1|Zacian-*|\n|poke|p1|Palkia-Origin|\n|poke|p1|Roaring Moon|\n|poke|p1|Iron Moth|\n|poke|p1|Palafin, F|\n|poke|p2|Magearna|\n|poke|p2|Cyclizar, F|\n|poke|p2|Ursaluna, M|\n|poke|p2|Dialga-Origin|\n|poke|p2|Cresselia, F|\n|poke|p2|Zacian-*|\n|teampreview\n|c|\u2606Lord Femboy|can't you store healing wishes?\n|\n|t:|1697585454\n|start\n|switch|p1a: Iron Moth|Iron Moth|100\/100\n|switch|p2a: Magearna|Magearna|100\/100\n|-enditem|p1a: Iron Moth|Booster Energy\n|-activate|p1a: Iron Moth|ability: Quark Drive|[fromitem]\n|-start|p1a: Iron Moth|quarkdrivespe\n|turn|1\n|\n|t:|1697585474\n|move|p1a: Iron Moth|Fiery Dance|p2a: Magearna\n|-supereffective|p2a: Magearna\n|-damage|p2a: Magearna|46\/100\n|-boost|p1a: Iron Moth|spa|1\n|move|p2a: Magearna|Trick Room|p2a: Magearna\n|-fieldstart|move: Trick Room|[of] p2a: Magearna\n|\n|upkeep\n|turn|2\n|c|\u2606Albaz Brand|moth fr the best fire type in the tier lmaoo\n|\n|t:|1697585480\n|move|p2a: Magearna|Volt Switch|p1a: Iron Moth\n|-damage|p1a: Iron Moth|81\/100\n|\n|t:|1697585483\n|switch|p2a: Cresselia|Cresselia, F, shiny|100\/100|[from] Volt Switch\n|move|p1a: Iron Moth|Fiery Dance|p2a: Cresselia\n|-damage|p2a: Cresselia|71\/100\n|-boost|p1a: Iron Moth|spa|1\n|\n|-heal|p2a: Cresselia|77\/100|[from] item: Leftovers\n|upkeep\n|turn|3\n|\n|t:|1697585494\n|move|p2a: Cresselia|Calm Mind|p2a: Cresselia\n|-boost|p2a: Cresselia|spa|1\n|-boost|p2a: Cresselia|spd|1\n|move|p1a: Iron Moth|Fiery Dance|p2a: Cresselia\n|-damage|p2a: Cresselia|51\/100\n|-boost|p1a: Iron Moth|spa|1\n|\n|-heal|p2a: Cresselia|57\/100|[from] item: Leftovers\n|upkeep\n|turn|4\n|\n|t:|1697585504\n|-terastallize|p1a: Iron Moth|Grass\n|move|p2a: Cresselia|Calm Mind|p2a: Cresselia\n|-boost|p2a: Cresselia|spa|1\n|-boost|p2a: Cresselia|spd|1\n|move|p1a: Iron Moth|Fiery Dance|p2a: Cresselia\n|-damage|p2a: Cresselia|31\/100\n|\n|-heal|p2a: Cresselia|37\/100|[from] item: Leftovers\n|upkeep\n|turn|5\n|\n|t:|1697585511\n|move|p2a: Cresselia|Stored Power|p1a: Iron Moth\n|-damage|p1a: Iron Moth|33\/100\n|move|p1a: Iron Moth|Fiery Dance|p2a: Cresselia\n|-damage|p2a: Cresselia|12\/100\n|-boost|p1a: Iron Moth|spa|1\n|\n|-heal|p2a: Cresselia|19\/100|[from] item: Leftovers\n|-fieldend|move: Trick Room\n|upkeep\n|turn|6\n|\n|t:|1697585518\n|move|p1a: Iron Moth|Fiery Dance|p2a: Cresselia\n|-damage|p2a: Cresselia|0 fnt\n|faint|p2a: Cresselia\n|\n|upkeep\n|\n|t:|1697585528\n|switch|p2a: Zacian|Zacian, shiny|100\/100\n|-ability|p2a: Zacian|Intrepid Sword|boost\n|-boost|p2a: Zacian|atk|1\n|turn|7\n|\n|t:|1697585533\n|move|p1a: Iron Moth|Sludge Wave|p2a: Zacian\n|-supereffective|p2a: Zacian\n|-damage|p2a: Zacian|0 fnt\n|faint|p2a: Zacian\n|\n|upkeep\n|c|\u2606Lord Femboy|oh oh\n|\n|t:|1697585538\n|switch|p2a: Dialga|Dialga-Origin|100\/100\n|-ability|p2a: Dialga|Pressure\n|turn|8\n|c|\u2606Albaz Brand|yikes\n|\n|t:|1697585542\n|move|p1a: Iron Moth|Fiery Dance|p2a: Dialga\n|-damage|p2a: Dialga|20\/100\n|-boost|p1a: Iron Moth|spa|1\n|move|p2a: Dialga|Draco Meteor|p1a: Iron Moth\n|-damage|p1a: Iron Moth|0 fnt\n|-unboost|p2a: Dialga|spa|2\n|faint|p1a: Iron Moth\n|-end|p1a: Iron Moth|Quark Drive|[silent]\n|\n|upkeep\n|\n|t:|1697585548\n|switch|p1a: Spectrier|Spectrier|100\/100\n|turn|9\n|\n|t:|1697585556\n|switch|p2a: Cyclizar|Cyclizar, F|100\/100\n|move|p1a: Spectrier|Draining Kiss|p2a: Cyclizar\n|-supereffective|p2a: Cyclizar\n|-damage|p2a: Cyclizar|45\/100\n|\n|upkeep\n|turn|10\n|\n|t:|1697585561\n|move|p1a: Spectrier|Draining Kiss|p2a: Cyclizar\n|-supereffective|p2a: Cyclizar\n|-damage|p2a: Cyclizar|0 fnt\n|faint|p2a: Cyclizar\n|-ability|p1a: Spectrier|Grim Neigh|boost\n|-boost|p1a: Spectrier|spa|1\n|\n|upkeep\n|\n|t:|1697585566\n|switch|p2a: Magearna|Magearna|46\/100\n|turn|11\n|c|\u2606Albaz Brand|remember u have ursa\n|\n|t:|1697585572\n|move|p1a: Spectrier|Shadow Ball|p2a: Magearna\n|-damage|p2a: Magearna|5\/100\n|move|p2a: Magearna|Trick Room|p2a: Magearna\n|-fieldstart|move: Trick Room|[of] p2a: Magearna\n|\n|upkeep\n|turn|12\n|c|\u2606Lord Femboy|ok i think its fallen apart\n|\n|t:|1697585577\n|move|p2a: Magearna|Volt Switch|p1a: Spectrier\n|-damage|p1a: Spectrier|77\/100\n|\n|t:|1697585579\n|switch|p2a: Ursaluna|Ursaluna, M, shiny|100\/100|[from] Volt Switch\n|move|p1a: Spectrier|Shadow Ball|p2a: Ursaluna\n|-immune|p2a: Ursaluna\n|\n|-heal|p1a: Spectrier|83\/100|[from] item: Leftovers\n|-status|p2a: Ursaluna|brn|[from] item: Flame Orb\n|upkeep\n|turn|13\n|c|\u2606Albaz Brand|it migth have\n|\n|t:|1697585595\n|move|p2a: Ursaluna|Headlong Rush|p1a: Spectrier\n|-crit|p1a: Spectrier\n|-damage|p1a: Spectrier|0 fnt\n|-unboost|p2a: Ursaluna|def|1\n|-unboost|p2a: Ursaluna|spd|1\n|faint|p1a: Spectrier\n|\n|-damage|p2a: Ursaluna|94\/100 brn|[from] brn\n|upkeep\n|\n|t:|1697585599\n|switch|p1a: Palafin|Palafin, F|100\/100\n|turn|14\n|\n|t:|1697585606\n|detailschange|p1a: Palafin|Palafin-Hero, F\n|switch|p1a: Zacian|Zacian|100\/100\n|-ability|p1a: Zacian|Intrepid Sword|boost\n|-boost|p1a: Zacian|atk|1\n|move|p2a: Ursaluna|Facade|p1a: Zacian\n|-damage|p1a: Zacian|0 fnt\n|faint|p1a: Zacian\n|\n|-damage|p2a: Ursaluna|88\/100 brn|[from] brn\n|upkeep\n|\n|t:|1697585611\n|switch|p1a: Roaring Moon|Roaring Moon|100\/100\n|-enditem|p1a: Roaring Moon|Booster Energy\n|-activate|p1a: Roaring Moon|ability: Protosynthesis|[fromitem]\n|-start|p1a: Roaring Moon|protosynthesisspe\n|turn|15\n|\n|t:|1697585616\n|move|p2a: Ursaluna|Facade|p1a: Roaring Moon\n|-damage|p1a: Roaring Moon|0 fnt\n|faint|p1a: Roaring Moon\n|-end|p1a: Roaring Moon|Protosynthesis|[silent]\n|\n|-damage|p2a: Ursaluna|82\/100 brn|[from] brn\n|-fieldend|move: Trick Room\n|upkeep\n|\n|t:|1697585620\n|switch|p1a: Palafin|Palafin-Hero, F|100\/100\n|-activate|p1a: Palafin|ability: Zero to Hero\n|turn|16\n|\n|t:|1697585624\n|switch|p2a: Dialga|Dialga-Origin|20\/100\n|-ability|p2a: Dialga|Pressure\n|move|p1a: Palafin|Close Combat|p2a: Dialga\n|-supereffective|p2a: Dialga\n|-damage|p2a: Dialga|0 fnt\n|-unboost|p1a: Palafin|def|1\n|-unboost|p1a: Palafin|spd|1\n|faint|p2a: Dialga\n|\n|upkeep\n|\n|t:|1697585631\n|switch|p2a: Magearna|Magearna|5\/100\n|turn|17\n|\n|t:|1697585633\n|move|p1a: Palafin|Close Combat|p2a: Magearna\n|-damage|p2a: Magearna|0 fnt\n|-unboost|p1a: Palafin|def|1\n|-unboost|p1a: Palafin|spd|1\n|faint|p2a: Magearna\n|\n|upkeep\n|\n|t:|1697585635\n|switch|p2a: Ursaluna|Ursaluna, M, shiny|82\/100 brn\n|turn|18\n|\n|t:|1697585639\n|-terastallize|p2a: Ursaluna|Normal\n|move|p1a: Palafin|Close Combat|p2a: Ursaluna\n|-supereffective|p2a: Ursaluna\n|-damage|p2a: Ursaluna|0 fnt\n|-unboost|p1a: Palafin|def|1\n|-unboost|p1a: Palafin|spd|1\n|faint|p2a: Ursaluna\n|\n|win|Albaz Brand\n|c|\u2606Lord Femboy|gg\n|c|\u2606Albaz Brand|if only ursaluna got espeed\n|c|\u2606Albaz Brand|GGs\n","uploadtime":1697585649,"views":19,"p1id":"albazbrand","p2id":"lordfemboy","formatid":"gen9ubers","rating":0,"private":0,"password":""}