{"id":"gen9ubers-1973817440","p1":"Leterte18","p2":"Yangsta","format":"[Gen 9] Ubers","log":"|j|\u2606Leterte18\n|j|\u2606Yangsta\n|t:|1698016732\n|gametype|singles\n|player|p1|Leterte18|101|\n|player|p2|Yangsta|waiter|\n|teamsize|p1|6\n|teamsize|p2|6\n|gen|9\n|tier|[Gen 9] Ubers\n|rule|Sleep Clause Mod: Limit one foe put to sleep\n|rule|Species Clause: Limit one of each Pok\u00e9mon\n|rule|OHKO Clause: OHKO moves are banned\n|rule|Evasion Items Clause: Evasion items are banned\n|rule|Evasion Moves Clause: Evasion moves are banned\n|rule|Endless Battle Clause: Forcing endless battles is banned\n|rule|HP Percentage Mod: HP is shown in percentages\n|clearpoke\n|poke|p1|Dialga-Origin|\n|poke|p1|Palkia-Origin|\n|poke|p1|Giratina-Origin|\n|poke|p1|Arceus|\n|poke|p1|Groudon|\n|poke|p1|Eternatus|\n|poke|p2|Arceus|\n|poke|p2|Zacian-*|\n|poke|p2|Regieleki|\n|poke|p2|Koraidon|\n|poke|p2|Volcarona, M|\n|poke|p2|Flutter Mane|\n|teampreview\n|c|\u2606Yangsta|gl hf bro bro\n|j| Hand0fD00m\n|c| Hand0fD00m|gl guys game 1 was crazy back and forth\n|c|\u2606Yangsta|yeah haha\n|j| TooQuickGrim\n|\n|t:|1698016807\n|start\n|switch|p1a: Giratina|Giratina-Origin, shiny|100\/100\n|switch|p2a: Arceus|Arceus|100\/100\n|turn|1\n|c| TooQuickGrim|Gl gentsssss\n|\n|t:|1698016823\n|switch|p1a: Arceus|Arceus, shiny|100\/100\n|move|p2a: Arceus|Stealth Rock|p1a: Arceus\n|-sidestart|p1: Leterte18|move: Stealth Rock\n|\n|upkeep\n|turn|2\n|\n|t:|1698016829\n|switch|p2a: Koraidon|Koraidon|100\/100\n|-weather|SunnyDay|[from] ability: Orichalcum Pulse|[of] p2a: Koraidon\n|-activate|p2a: Koraidon|Orichalcum Pulse|[source]\n|move|p1a: Arceus|Taunt|p2a: Koraidon\n|-start|p2a: Koraidon|move: Taunt\n|\n|-weather|SunnyDay|[upkeep]\n|upkeep\n|turn|3\n|\n|t:|1698016837\n|switch|p1a: Giratina|Giratina-Origin, shiny|100\/100\n|-damage|p1a: Giratina|88\/100|[from] Stealth Rock\n|move|p2a: Koraidon|Collision Course|p1a: Giratina\n|-immune|p1a: Giratina\n|\n|-weather|SunnyDay|[upkeep]\n|upkeep\n|turn|4\n|\n|t:|1698016844\n|move|p2a: Koraidon|Dragon Claw|p1a: Giratina\n|-supereffective|p1a: Giratina\n|-damage|p1a: Giratina|0 fnt\n|faint|p1a: Giratina\n|\n|-weather|SunnyDay|[upkeep]\n|-end|p2a: Koraidon|move: Taunt\n|upkeep\n|\n|t:|1698016864\n|switch|p1a: Groudon|Groudon|100\/100\n|-damage|p1a: Groudon|94\/100|[from] Stealth Rock\n|turn|5\n|\n|t:|1698016876\n|-terastallize|p1a: Groudon|Fairy\n|move|p2a: Koraidon|U-turn|p1a: Groudon\n|-resisted|p1a: Groudon\n|-damage|p1a: Groudon|83\/100\n|\n|t:|1698016882\n|switch|p2a: Zacian|Zacian-Crowned|100\/100|[from] U-turn\n|-ability|p2a: Zacian|Intrepid Sword|boost\n|-boost|p2a: Zacian|atk|1\n|move|p1a: Groudon|Will-O-Wisp|p2a: Zacian\n|-status|p2a: Zacian|brn\n|\n|-weather|SunnyDay|[upkeep]\n|-heal|p1a: Groudon|90\/100|[from] item: Leftovers\n|-damage|p2a: Zacian|94\/100 brn|[from] brn\n|upkeep\n|turn|6\n|\n|t:|1698016912\n|-terastallize|p2a: Zacian|Fairy\n|move|p2a: Zacian|Swords Dance|p2a: Zacian\n|-boost|p2a: Zacian|atk|2\n|move|p1a: Groudon|Precipice Blades|p2a: Zacian\n|-damage|p2a: Zacian|42\/100 brn\n|\n|-weather|none\n|-heal|p1a: Groudon|96\/100|[from] item: Leftovers\n|-damage|p2a: Zacian|36\/100 brn|[from] brn\n|upkeep\n|turn|7\n|c|\u2606Yangsta|clean willy\n|\n|t:|1698016945\n|switch|p1a: Eternatus|Eternatus|100\/100\n|-damage|p1a: Eternatus|88\/100|[from] Stealth Rock\n|-ability|p1a: Eternatus|Pressure\n|move|p2a: Zacian|Behemoth Blade|p1a: Eternatus\n|-damage|p1a: Eternatus|22\/100\n|\n|-damage|p2a: Zacian|30\/100 brn|[from] brn\n|upkeep\n|turn|8\n|\n|t:|1698016960\n|move|p1a: Eternatus|Sludge Bomb|p2a: Zacian\n|-supereffective|p2a: Zacian\n|-damage|p2a: Zacian|0 fnt\n|faint|p2a: Zacian\n|\n|upkeep\n|c| TooQuickGrim|That will o did not help LOL\n|c|\u2606Yangsta|it did\n|\n|t:|1698016977\n|switch|p2a: Koraidon|Koraidon|100\/100\n|-weather|SunnyDay|[from] ability: Orichalcum Pulse|[of] p2a: Koraidon\n|-activate|p2a: Koraidon|Orichalcum Pulse|[source]\n|turn|9\n|\n|t:|1698016989\n|move|p1a: Eternatus|Sludge Bomb|p2a: Koraidon\n|-damage|p2a: Koraidon|62\/100\n|move|p2a: Koraidon|Dragon Claw|p1a: Eternatus\n|-supereffective|p1a: Eternatus\n|-damage|p1a: Eternatus|0 fnt\n|faint|p1a: Eternatus\n|\n|-weather|SunnyDay|[upkeep]\n|upkeep\n|c|\u2606Leterte18|This thing is stupid man\n|\n|t:|1698017006\n|switch|p1a: Palkia|Palkia-Origin|100\/100\n|-damage|p1a: Palkia|88\/100|[from] Stealth Rock\n|-ability|p1a: Palkia|Pressure\n|turn|10\n|c|\u2606Yangsta|yeah haha\n|\n|t:|1698017017\n|move|p2a: Koraidon|Dragon Claw|p1a: Palkia\n|-supereffective|p1a: Palkia\n|-damage|p1a: Palkia|0 fnt\n|faint|p1a: Palkia\n|\n|-weather|SunnyDay|[upkeep]\n|upkeep\n|\n|t:|1698017023\n|switch|p1a: Groudon|Groudon, tera:Fairy|96\/100\n|-damage|p1a: Groudon|83\/100|[from] Stealth Rock\n|turn|11\n|\n|t:|1698017028\n|move|p2a: Koraidon|U-turn|p1a: Groudon\n|-resisted|p1a: Groudon\n|-damage|p1a: Groudon|72\/100\n|c|\u2606Leterte18|lol gg\n|c|\u2606Leterte18|nothing I can do to isn\u2019t\n|\n|t:|1698017038\n|switch|p2a: Arceus|Arceus|100\/100|[from] U-turn\n|move|p1a: Groudon|Will-O-Wisp|p2a: Arceus\n|-status|p2a: Arceus|brn\n|\n|-weather|SunnyDay|[upkeep]\n|-heal|p1a: Groudon|78\/100|[from] item: Leftovers\n|-damage|p2a: Arceus|94\/100 brn|[from] brn\n|upkeep\n|turn|12\n|c|\u2606Yangsta|one sec\n|c|\u2606Yangsta|groudon might sweep\n|c|\u2606Yangsta|I dont have nothing solid for it\n|c|\u2606Leterte18|it doesn\u2019t lol\n|\n|t:|1698017063\n|switch|p1a: Arceus|Arceus, shiny|100\/100\n|-damage|p1a: Arceus|88\/100|[from] Stealth Rock\n|move|p2a: Arceus|Cosmic Power|p2a: Arceus\n|-boost|p2a: Arceus|def|1\n|-boost|p2a: Arceus|spd|1\n|\n|-weather|SunnyDay|[upkeep]\n|-heal|p2a: Arceus|100\/100 brn|[from] item: Leftovers\n|-damage|p2a: Arceus|94\/100 brn|[from] brn\n|upkeep\n|turn|13\n|\n|t:|1698017074\n|switch|p2a: Koraidon|Koraidon|62\/100\n|-activate|p2a: Koraidon|ability: Orichalcum Pulse\n|move|p1a: Arceus|Taunt|p2a: Koraidon\n|-start|p2a: Koraidon|move: Taunt\n|\n|-weather|none\n|upkeep\n|turn|14\n|\n|t:|1698017084\n|switch|p1a: Groudon|Groudon, tera:Fairy|78\/100\n|-damage|p1a: Groudon|66\/100|[from] Stealth Rock\n|-weather|SunnyDay|[from] ability: Drought|[of] p1a: Groudon\n|move|p2a: Koraidon|Collision Course|p1a: Groudon\n|-resisted|p1a: Groudon\n|-damage|p1a: Groudon|41\/100\n|\n|-weather|SunnyDay|[upkeep]\n|-heal|p1a: Groudon|47\/100|[from] item: Leftovers\n|upkeep\n|turn|15\n|\n|t:|1698017095\n|move|p2a: Koraidon|U-turn|p1a: Groudon\n|-resisted|p1a: Groudon\n|-damage|p1a: Groudon|36\/100\n|\n|t:|1698017099\n|switch|p2a: Regieleki|Regieleki|100\/100|[from] U-turn\n|move|p1a: Groudon|Precipice Blades|p2a: Regieleki|[miss]\n|-miss|p1a: Groudon|p2a: Regieleki\n|\n|-weather|SunnyDay|[upkeep]\n|-heal|p1a: Groudon|42\/100|[from] item: Leftovers\n|upkeep\n|turn|16\n|c|\u2606Leterte18|Well there\u2019s that lol ok\n|\n|t:|1698017115\n|move|p1a: Groudon|Protect|p1a: Groudon\n|-singleturn|p1a: Groudon|Protect\n|move|p2a: Regieleki|Thunder Cage|p1a: Groudon\n|-activate|p1a: Groudon|move: Protect\n|\n|-weather|SunnyDay|[upkeep]\n|-heal|p1a: Groudon|48\/100|[from] item: Leftovers\n|upkeep\n|turn|17\n|\n|t:|1698017122\n|move|p2a: Regieleki|Thunder Cage|p1a: Groudon\n|-damage|p1a: Groudon|23\/100\n|-activate|p1a: Groudon|move: Thunder Cage|[of] p2a: Regieleki\n|move|p1a: Groudon|Precipice Blades|p2a: Regieleki\n|-supereffective|p2a: Regieleki\n|-enditem|p2a: Regieleki|Focus Sash\n|-damage|p2a: Regieleki|1\/100\n|\n|-weather|SunnyDay|[upkeep]\n|-heal|p1a: Groudon|29\/100|[from] item: Leftovers\n|-damage|p1a: Groudon|16\/100|[from] move: Thunder Cage|[partiallytrapped]\n|upkeep\n|turn|18\n|c| Hand0fD00m|that was a rough miss\n|\n|t:|1698017141\n|switch|p2a: Volcarona|Volcarona, M|100\/100\n|move|p1a: Groudon|Precipice Blades|p2a: Volcarona\n|-damage|p2a: Volcarona|10\/100\n|-enditem|p2a: Volcarona|Iapapa Berry|[eat]\n|-heal|p2a: Volcarona|43\/100|[from] item: Iapapa Berry\n|\n|-weather|none\n|-heal|p1a: Groudon|23\/100|[from] item: Leftovers\n|-end|p1a: Groudon|Thunder Cage|[partiallytrapped]|[silent]\n|upkeep\n|turn|19\n|\n|t:|1698017154\n|move|p2a: Volcarona|Fiery Dance|p1a: Groudon\n|-damage|p1a: Groudon|0 fnt\n|faint|p1a: Groudon\n|\n|upkeep\n|\n|t:|1698017161\n|switch|p1a: Arceus|Arceus, shiny|88\/100\n|-damage|p1a: Arceus|76\/100|[from] Stealth Rock\n|turn|20\n|\n|t:|1698017167\n|move|p1a: Arceus|Taunt|p2a: Volcarona\n|-start|p2a: Volcarona|move: Taunt\n|move|p2a: Volcarona|Bug Buzz|p1a: Arceus\n|-damage|p1a: Arceus|36\/100\n|\n|upkeep\n|turn|21\n|\n|t:|1698017174\n|move|p1a: Arceus|Swords Dance|p1a: Arceus\n|-boost|p1a: Arceus|atk|2\n|move|p2a: Volcarona|Bug Buzz|p1a: Arceus\n|-damage|p1a: Arceus|0 fnt\n|faint|p1a: Arceus\n|\n|upkeep\n|\n|t:|1698017177\n|switch|p1a: Dialga|Dialga-Origin|100\/100\n|-damage|p1a: Dialga|94\/100|[from] Stealth Rock\n|-ability|p1a: Dialga|Pressure\n|turn|22\n|\n|t:|1698017193\n|move|p2a: Volcarona|Fiery Dance|p1a: Dialga\n|-damage|p1a: Dialga|55\/100\n|-boost|p2a: Volcarona|spa|1\n|move|p1a: Dialga|Thunder Wave|p2a: Volcarona\n|-status|p2a: Volcarona|par\n|\n|-end|p2a: Volcarona|move: Taunt\n|upkeep\n|turn|23\n|\n|t:|1698017201\n|move|p1a: Dialga|Stealth Rock|p2a: Volcarona\n|-sidestart|p2: Yangsta|move: Stealth Rock\n|move|p2a: Volcarona|Fiery Dance|p1a: Dialga\n|-damage|p1a: Dialga|0 fnt\n|faint|p1a: Dialga\n|\n|win|Yangsta\n|c|\u2606Yangsta|gg\n|c| TooQuickGrim|Gg guys!\n|c| Hand0fD00m|ggs guys!\n","uploadtime":1698017209,"views":11,"p1id":"leterte18","p2id":"yangsta","formatid":"gen9ubers","rating":0,"private":0,"password":""}