{"id":"gen9ubers-1985803127","p1":"Jrdyop","p2":"NewHoovybeast05","format":"[Gen 9] Ubers","log":"|j|\u2606Jrdyop\n|j|\u2606NewHoovybeast05\n|t:|1699407807\n|gametype|singles\n|player|p1|Jrdyop|blackbelt-gen4dp|\n|player|p2|NewHoovybeast05|palmer|\n|teamsize|p1|6\n|teamsize|p2|6\n|gen|9\n|tier|[Gen 9] Ubers\n|rule|Sleep Clause Mod: Limit one foe put to sleep\n|rule|Species Clause: Limit one of each Pok\u00e9mon\n|rule|OHKO Clause: OHKO moves are banned\n|rule|Evasion Items Clause: Evasion items are banned\n|rule|Evasion Moves Clause: Evasion moves are banned\n|rule|Endless Battle Clause: Forcing endless battles is banned\n|rule|HP Percentage Mod: HP is shown in percentages\n|clearpoke\n|poke|p1|Ninetales-Alola, M|\n|poke|p1|Chi-Yu|\n|poke|p1|Palafin, F|\n|poke|p1|Spectrier|\n|poke|p1|Samurott-Hisui, M|\n|poke|p1|Zacian-*|\n|poke|p2|Palkia-Origin|\n|poke|p2|Shaymin-Sky|\n|poke|p2|Arceus-Poison|\n|poke|p2|Magearna|\n|poke|p2|Chi-Yu|\n|poke|p2|Donphan, F|\n|teampreview\n|c|\u2606NewHoovybeast05|glhf\n|\n|t:|1699407818\n|start\n|switch|p1a: Samurott|Samurott-Hisui, M|100\/100\n|switch|p2a: Chi-You|Chi-Yu|100\/100\n|-ability|p2a: Chi-You|Beads of Ruin\n|turn|1\n|c|\u2606Jrdyop|u2\n|\n|t:|1699407833\n|switch|p2a: Palkia-0rigin|Palkia-Origin|100\/100\n|-ability|p2a: Palkia-0rigin|Pressure\n|move|p1a: Samurott|Ceaseless Edge|p2a: Palkia-0rigin|[miss]\n|-miss|p1a: Samurott|p2a: Palkia-0rigin\n|\n|upkeep\n|turn|2\n|\n|t:|1699407839\n|move|p2a: Palkia-0rigin|Thunderbolt|p1a: Samurott\n|-supereffective|p1a: Samurott\n|-damage|p1a: Samurott|1\/100\n|move|p1a: Samurott|Ceaseless Edge|p2a: Palkia-0rigin\n|-damage|p2a: Palkia-0rigin|56\/100\n|-sidestart|p2: NewHoovybeast05|Spikes\n|\n|upkeep\n|turn|3\n|\n|t:|1699407851\n|move|p1a: Samurott|Sucker Punch|p2a: Palkia-0rigin\n|-damage|p2a: Palkia-0rigin|23\/100\n|move|p2a: Palkia-0rigin|Surf|p1a: Samurott\n|-resisted|p1a: Samurott\n|-damage|p1a: Samurott|0 fnt\n|faint|p1a: Samurott\n|\n|upkeep\n|\n|t:|1699407854\n|switch|p1a: Palafin|Palafin, F|100\/100\n|turn|4\n|\n|t:|1699407860\n|detailschange|p1a: Palafin|Palafin-Hero, F\n|switch|p1a: Ninetales|Ninetales-Alola, M|100\/100\n|-weather|Snow|[from] ability: Snow Warning|[of] p1a: Ninetales\n|move|p2a: Palkia-0rigin|Spacial Rend|p1a: Ninetales\n|-immune|p1a: Ninetales\n|\n|-weather|Snow|[upkeep]\n|upkeep\n|turn|5\n|\n|t:|1699407866\n|move|p2a: Palkia-0rigin|Flamethrower|p1a: Ninetales\n|-supereffective|p1a: Ninetales\n|-crit|p1a: Ninetales\n|-damage|p1a: Ninetales|0 fnt\n|faint|p1a: Ninetales\n|\n|-weather|Snow|[upkeep]\n|upkeep\n|\n|t:|1699407869\n|switch|p1a: Zacian|Zacian|100\/100\n|-ability|p1a: Zacian|Intrepid Sword|boost\n|-boost|p1a: Zacian|atk|1\n|turn|6\n|\n|t:|1699407879\n|switch|p2a: Ar\u0441eus-Ghost|Arceus-Poison|100\/100\n|-damage|p2a: Ar\u0441eus-Ghost|88\/100|[from] Spikes\n|move|p1a: Zacian|Psychic Fangs|p2a: Ar\u0441eus-Ghost\n|-supereffective|p2a: Ar\u0441eus-Ghost\n|-damage|p2a: Ar\u0441eus-Ghost|31\/100\n|-damage|p1a: Zacian|91\/100|[from] item: Life Orb\n|\n|-weather|Snow|[upkeep]\n|upkeep\n|turn|7\n|\n|t:|1699407906\n|move|p1a: Zacian|Play Rough|p2a: Ar\u0441eus-Ghost\n|-resisted|p2a: Ar\u0441eus-Ghost\n|-damage|p2a: Ar\u0441eus-Ghost|10\/100\n|-damage|p1a: Zacian|81\/100|[from] item: Life Orb\n|move|p2a: Ar\u0441eus-Ghost|Will-O-Wisp|p1a: Zacian\n|-status|p1a: Zacian|brn\n|\n|-weather|Snow|[upkeep]\n|-damage|p1a: Zacian|75\/100 brn|[from] brn\n|upkeep\n|turn|8\n|\n|t:|1699407914\n|move|p1a: Zacian|Psychic Fangs|p2a: Ar\u0441eus-Ghost\n|-supereffective|p2a: Ar\u0441eus-Ghost\n|-damage|p2a: Ar\u0441eus-Ghost|0 fnt\n|faint|p2a: Ar\u0441eus-Ghost\n|-damage|p1a: Zacian|65\/100 brn|[from] item: Life Orb\n|\n|-weather|none\n|-damage|p1a: Zacian|59\/100 brn|[from] brn\n|upkeep\n|\n|t:|1699407925\n|switch|p2a: Donphen|Donphan, F|100\/100\n|-damage|p2a: Donphen|88\/100|[from] Spikes\n|turn|9\n|l|\u2606Jrdyop\n|player|p1|\n|j|\u2606Jrdyop\n|player|p1|Jrdyop|blackbelt-gen4dp\n|n|\u2606Jrdyop|jrdyop\n|\n|t:|1699407942\n|move|p1a: Zacian|Play Rough|p2a: Donphen\n|-damage|p2a: Donphen|57\/100\n|-damage|p1a: Zacian|49\/100 brn|[from] item: Life Orb\n|move|p2a: Donphen|Rapid Spin|p1a: Zacian\n|-damage|p1a: Zacian|31\/100 brn\n|-boost|p2a: Donphen|spe|1\n|-sideend|p2: NewHoovybeast05|Spikes|[from] move: Rapid Spin|[of] p2a: Donphen\n|\n|-heal|p2a: Donphen|64\/100|[from] item: Leftovers\n|-damage|p1a: Zacian|25\/100 brn|[from] brn\n|upkeep\n|turn|10\n|\n|t:|1699407952\n|move|p1a: Zacian|Play Rough|p2a: Donphen\n|-damage|p2a: Donphen|30\/100\n|-damage|p1a: Zacian|15\/100 brn|[from] item: Life Orb\n|move|p2a: Donphen|Earthquake|p1a: Zacian\n|-damage|p1a: Zacian|0 fnt\n|faint|p1a: Zacian\n|\n|-heal|p2a: Donphen|36\/100|[from] item: Leftovers\n|upkeep\n|\n|t:|1699407955\n|switch|p1a: Palafin|Palafin-Hero, F|100\/100\n|-activate|p1a: Palafin|ability: Zero to Hero\n|turn|11\n|\n|t:|1699407960\n|move|p1a: Palafin|Jet Punch|p2a: Donphen\n|-supereffective|p2a: Donphen\n|-damage|p2a: Donphen|0 fnt\n|faint|p2a: Donphen\n|\n|upkeep\n|\n|t:|1699407963\n|switch|p2a: Skymin|Shaymin-Sky|100\/100\n|turn|12\n|\n|t:|1699407967\n|-terastallize|p1a: Palafin|Fairy\n|move|p1a: Palafin|Jet Punch|p2a: Skymin\n|-resisted|p2a: Skymin\n|-damage|p2a: Skymin|63\/100\n|move|p2a: Skymin|Substitute|p2a: Skymin\n|-start|p2a: Skymin|Substitute\n|-damage|p2a: Skymin|38\/100\n|\n|upkeep\n|turn|13\n|\n|t:|1699407973\n|move|p1a: Palafin|Jet Punch|p2a: Skymin\n|-resisted|p2a: Skymin\n|-end|p2a: Skymin|Substitute\n|move|p2a: Skymin|Leech Seed|p1a: Palafin\n|-start|p1a: Palafin|move: Leech Seed\n|\n|-damage|p1a: Palafin|88\/100|[from] Leech Seed|[of] p2a: Skymin\n|-heal|p2a: Skymin|52\/100|[silent]\n|upkeep\n|turn|14\n|\n|t:|1699407990\n|move|p1a: Palafin|Jet Punch|p2a: Skymin\n|-resisted|p2a: Skymin\n|-damage|p2a: Skymin|12\/100\n|move|p2a: Skymin|Air Slash|p1a: Palafin\n|-damage|p1a: Palafin|45\/100\n|-damage|p2a: Skymin|2\/100|[from] item: Life Orb\n|\n|-damage|p1a: Palafin|33\/100|[from] Leech Seed|[of] p2a: Skymin\n|-heal|p2a: Skymin|17\/100|[silent]\n|upkeep\n|turn|15\n|\n|t:|1699407996\n|switch|p2a: Palkia-0rigin|Palkia-Origin|23\/100\n|-ability|p2a: Palkia-0rigin|Pressure\n|move|p1a: Palafin|Jet Punch|p2a: Palkia-0rigin\n|-resisted|p2a: Palkia-0rigin\n|-damage|p2a: Palkia-0rigin|6\/100\n|\n|-damage|p1a: Palafin|21\/100|[from] Leech Seed|[of] p2a: Palkia-0rigin\n|-heal|p2a: Palkia-0rigin|22\/100|[silent]\n|upkeep\n|turn|16\n|\n|t:|1699408002\n|switch|p1a: Spectrier|Spectrier|100\/100\n|move|p2a: Palkia-0rigin|Surf|p1a: Spectrier\n|-damage|p1a: Spectrier|29\/100\n|\n|-heal|p1a: Spectrier|35\/100|[from] item: Leftovers\n|upkeep\n|turn|17\n|\n|t:|1699408010\n|move|p1a: Spectrier|Draining Kiss|p2a: Palkia-0rigin\n|-supereffective|p2a: Palkia-0rigin\n|-damage|p2a: Palkia-0rigin|0 fnt\n|-heal|p1a: Spectrier|50\/100|[from] drain|[of] p2a: Palkia-0rigin\n|faint|p2a: Palkia-0rigin\n|-ability|p1a: Spectrier|Grim Neigh|boost\n|-boost|p1a: Spectrier|spa|1\n|\n|-heal|p1a: Spectrier|57\/100|[from] item: Leftovers\n|upkeep\n|\n|t:|1699408021\n|switch|p2a: Chi-You|Chi-Yu|100\/100\n|-ability|p2a: Chi-You|Beads of Ruin\n|turn|18\n|\n|t:|1699408026\n|move|p2a: Chi-You|Flamethrower|p1a: Spectrier\n|-damage|p1a: Spectrier|0 fnt\n|faint|p1a: Spectrier\n|\n|upkeep\n|\n|t:|1699408030\n|switch|p1a: Palafin|Palafin-Hero, F, tera:Fairy|21\/100\n|turn|19\n|\n|t:|1699408038\n|switch|p2a: Skymin|Shaymin-Sky|17\/100\n|move|p1a: Palafin|Jet Punch|p2a: Skymin\n|-resisted|p2a: Skymin\n|-damage|p2a: Skymin|0 fnt\n|faint|p2a: Skymin\n|\n|upkeep\n|\n|t:|1699408047\n|switch|p2a: Magerna|Magearna|100\/100\n|turn|20\n|\n|t:|1699408058\n|-terastallize|p2a: Magerna|Water\n|move|p1a: Palafin|Jet Punch|p2a: Magerna\n|-resisted|p2a: Magerna\n|-damage|p2a: Magerna|77\/100\n|move|p2a: Magerna|Fleur Cannon|p1a: Palafin\n|-damage|p1a: Palafin|0 fnt\n|-unboost|p2a: Magerna|spa|2\n|faint|p1a: Palafin\n|-ability|p2a: Magerna|Soul-Heart|boost\n|-boost|p2a: Magerna|spa|1\n|\n|-heal|p2a: Magerna|83\/100|[from] item: Leftovers\n|upkeep\n|\n|t:|1699408061\n|switch|p1a: Chi-Yu|Chi-Yu|100\/100\n|-ability|p1a: Chi-Yu|Beads of Ruin\n|turn|21\n|\n|t:|1699408065\n|move|p1a: Chi-Yu|Dark Pulse|p2a: Magerna\n|-damage|p2a: Magerna|22\/100\n|cant|p2a: Magerna|flinch\n|\n|-heal|p2a: Magerna|28\/100|[from] item: Leftovers\n|upkeep\n|turn|22\n|\n|t:|1699408072\n|switch|p2a: Chi-You|Chi-Yu|100\/100\n|-ability|p2a: Chi-You|Beads of Ruin\n|move|p1a: Chi-Yu|Dark Pulse|p2a: Chi-You\n|-resisted|p2a: Chi-You\n|-damage|p2a: Chi-You|63\/100\n|\n|upkeep\n|turn|23\n|\n|t:|1699408081\n|move|p2a: Chi-You|Dark Pulse|p1a: Chi-Yu\n|-resisted|p1a: Chi-Yu\n|-damage|p1a: Chi-Yu|74\/100\n|move|p1a: Chi-Yu|Dark Pulse|p2a: Chi-You\n|-resisted|p2a: Chi-You\n|-damage|p2a: Chi-You|20\/100\n|\n|upkeep\n|turn|24\n|\n|t:|1699408086\n|move|p2a: Chi-You|Dark Pulse|p1a: Chi-Yu\n|-resisted|p1a: Chi-Yu\n|-damage|p1a: Chi-Yu|51\/100\n|move|p1a: Chi-Yu|Dark Pulse|p2a: Chi-You\n|-resisted|p2a: Chi-You\n|-damage|p2a: Chi-You|0 fnt\n|faint|p2a: Chi-You\n|\n|upkeep\n|\n|t:|1699408089\n|switch|p2a: Magerna|Magearna, tera:Water|28\/100\n|turn|25\n|\n|t:|1699408091\n|move|p1a: Chi-Yu|Dark Pulse|p2a: Magerna\n|-damage|p2a: Magerna|0 fnt\n|faint|p2a: Magerna\n|\n|win|Jrdyop\n|c|\u2606NewHoovybeast05|gg\n|c|\u2606Jrdyop|gg\n|c|\u2606NewHoovybeast05|3rd game now\n|l|\u2606Jrdyop\n|l|\u2606NewHoovybeast05\n|j|\u2606NewHoovybeast05\n|player|p2|NewHoovybeast05|palmer\n","uploadtime":1699408446,"views":32,"p1id":"jrdyop","p2id":"newhoovybeast05","formatid":"gen9ubers","rating":0,"private":0,"password":""}