{"id":"gen9ubers-1981744277","p1":"ExplodingKirb","p2":"Leon11111","format":"[Gen 9] Ubers","log":"|j|\u2606ExplodingKirb\n|j|\u2606Leon11111\n|t:|1698938332\n|gametype|singles\n|player|p1|ExplodingKirb|riley|\n|player|p2|Leon11111|101|\n|teamsize|p1|6\n|teamsize|p2|6\n|gen|9\n|tier|[Gen 9] Ubers\n|rule|Sleep Clause Mod: Limit one foe put to sleep\n|rule|Species Clause: Limit one of each Pok\u00e9mon\n|rule|OHKO Clause: OHKO moves are banned\n|rule|Evasion Items Clause: Evasion items are banned\n|rule|Evasion Moves Clause: Evasion moves are banned\n|rule|Endless Battle Clause: Forcing endless battles is banned\n|rule|HP Percentage Mod: HP is shown in percentages\n|clearpoke\n|poke|p1|Ogerpon-Hearthflame, F|\n|poke|p1|Staraptor, M|\n|poke|p1|Kommo-o, F|\n|poke|p1|Clefable, F|\n|poke|p1|Kingambit, M|\n|poke|p1|Mamoswine, F|\n|poke|p2|Dusclops, M|\n|poke|p2|Kommo-o, M|\n|poke|p2|Shaymin-Sky|\n|poke|p2|Ogerpon-Hearthflame, F|\n|poke|p2|Sinistcha-Masterpiece|\n|poke|p2|Snorlax, M|\n|teampreview\n|c|\u2606ExplodingKirb|Glhf\n|j| Kazekage217\n|c|\u2606Leon11111|You too\n|c| Kazekage217|Let\u2019s see how this unfolds\n|c|\u2606ExplodingKirb|Hold on is saymin lrgal\n|c|\u2606Leon11111|It is legal\n|l| Kazekage217\n|\n|t:|1698938414\n|start\n|switch|p1a: Mamoswine|Mamoswine, F|100\/100\n|switch|p2a: Snorlax|Snorlax, M|100\/100\n|turn|1\n|c|\u2606Leon11111|I double checked the Pok\u00e9dex for shaymin\n|\n|t:|1698938426\n|move|p1a: Mamoswine|Trailblaze|p2a: Snorlax\n|-damage|p2a: Snorlax|83\/100\n|-boost|p1a: Mamoswine|spe|1\n|move|p2a: Snorlax|Belly Drum|p2a: Snorlax\n|-damage|p2a: Snorlax|33\/100\n|-setboost|p2a: Snorlax|atk|6|[from] move: Belly Drum\n|-enditem|p2a: Snorlax|Sitrus Berry|[eat]\n|-heal|p2a: Snorlax|58\/100|[from] item: Sitrus Berry\n|\n|upkeep\n|turn|2\n|\n|t:|1698938438\n|move|p1a: Mamoswine|Earthquake|p2a: Snorlax\n|-damage|p2a: Snorlax|6\/100\n|move|p2a: Snorlax|Iron Head|p1a: Mamoswine\n|-supereffective|p1a: Mamoswine\n|-damage|p1a: Mamoswine|0 fnt\n|faint|p1a: Mamoswine\n|\n|upkeep\n|\n|t:|1698938449\n|switch|p1a: Kingambit|Kingambit, M|100\/100\n|-activate|p1a: Kingambit|ability: Supreme Overlord\n|-start|p1a: Kingambit|fallen1|[silent]\n|turn|3\n|j| Kazekage217\n|\n|t:|1698938458\n|move|p1a: Kingambit|Sucker Punch|p2a: Snorlax\n|-damage|p2a: Snorlax|0 fnt\n|faint|p2a: Snorlax\n|\n|upkeep\n|\n|t:|1698938463\n|switch|p2a: Kommo-o|Kommo-o, M|100\/100\n|turn|4\n|\n|t:|1698938474\n|-end|p1a: Kingambit|fallen1|[silent]\n|switch|p1a: Clefable|Clefable, F|100\/100\n|move|p2a: Kommo-o|Clangorous Soul|p2a: Kommo-o\n|-boost|p2a: Kommo-o|atk|1\n|-boost|p2a: Kommo-o|def|1\n|-boost|p2a: Kommo-o|spa|1\n|-boost|p2a: Kommo-o|spd|1\n|-boost|p2a: Kommo-o|spe|1\n|-damage|p2a: Kommo-o|68\/100\n|-enditem|p2a: Kommo-o|Throat Spray\n|-boost|p2a: Kommo-o|spa|1|[from] item: Throat Spray\n|\n|upkeep\n|turn|5\n|c| Kazekage217|Shaymin is not legal for this tournament\n|l| Kazekage217\n|\n|t:|1698938507\n|move|p2a: Kommo-o|Boomburst|p1a: Clefable\n|-damage|p1a: Clefable|47\/100\n|move|p1a: Clefable|Stealth Rock|p2a: Kommo-o\n|-sidestart|p2: Leon11111|move: Stealth Rock\n|\n|-heal|p1a: Clefable|53\/100|[from] item: Leftovers\n|upkeep\n|turn|6\n|\n|t:|1698938521\n|-terastallize|p1a: Clefable|Steel\n|move|p2a: Kommo-o|Boomburst|p1a: Clefable\n|-resisted|p1a: Clefable\n|-damage|p1a: Clefable|24\/100\n|move|p1a: Clefable|Moonblast|p2a: Kommo-o\n|-supereffective|p2a: Kommo-o\n|-damage|p2a: Kommo-o|0 fnt\n|faint|p2a: Kommo-o\n|\n|-heal|p1a: Clefable|30\/100|[from] item: Leftovers\n|upkeep\n|j| Kazekage217\n|\n|t:|1698938531\n|switch|p2a: Ogerpon|Ogerpon-Hearthflame, F|100\/100\n|-damage|p2a: Ogerpon|76\/100|[from] Stealth Rock\n|-ability|p2a: Ogerpon|Mold Breaker\n|turn|7\n|\n|t:|1698938542\n|switch|p1a: Kommo-o|Kommo-o, F|100\/100\n|-terastallize|p2a: Ogerpon|Fire\n|detailschange|p2a: Ogerpon|Ogerpon-Hearthflame-Tera, F, tera:Fire\n|-ability|p2a: Ogerpon|Embody Aspect (Hearthflame)|boost\n|-boost|p2a: Ogerpon|atk|1\n|move|p2a: Ogerpon|Ivy Cudgel|p1a: Kommo-o\n|-resisted|p1a: Kommo-o\n|-damage|p1a: Kommo-o|61\/100\n|\n|upkeep\n|turn|8\n|\n|t:|1698938557\n|switch|p2a: Dusclops|Dusclops, M, shiny|100\/100\n|-damage|p2a: Dusclops|88\/100|[from] Stealth Rock\n|-ability|p2a: Dusclops|Pressure\n|move|p1a: Kommo-o|Body Press|p2a: Dusclops\n|-immune|p2a: Dusclops\n|\n|upkeep\n|turn|9\n|\n|t:|1698938567\n|move|p1a: Kommo-o|Iron Defense|p1a: Kommo-o\n|-boost|p1a: Kommo-o|def|2\n|move|p2a: Dusclops|Will-O-Wisp|p1a: Kommo-o\n|-status|p1a: Kommo-o|brn\n|\n|-damage|p1a: Kommo-o|55\/100 brn|[from] brn\n|upkeep\n|turn|10\n|\n|t:|1698938583\n|switch|p1a: Clefable|Clefable, F, tera:Steel|30\/100\n|move|p2a: Dusclops|Protect||[still]\n|-fail|p2a: Dusclops\n|\n|-heal|p1a: Clefable|36\/100|[from] item: Leftovers\n|upkeep\n|turn|11\n|\n|t:|1698938591\n|move|p1a: Clefable|Wish|p1a: Clefable\n|move|p2a: Dusclops|Night Shade|p1a: Clefable\n|-damage|p1a: Clefable|11\/100\n|\n|-heal|p1a: Clefable|17\/100|[from] item: Leftovers\n|upkeep\n|turn|12\n|\n|t:|1698938600\n|move|p1a: Clefable|Moonblast|p2a: Dusclops\n|-damage|p2a: Dusclops|70\/100\n|move|p2a: Dusclops|Night Shade|p1a: Clefable\n|-damage|p1a: Clefable|0 fnt\n|faint|p1a: Clefable\n|\n|upkeep\n|\n|t:|1698938620\n|switch|p1a: Ogerpon|Ogerpon-Hearthflame, F|100\/100\n|-ability|p1a: Ogerpon|Mold Breaker\n|turn|13\n|\n|t:|1698938629\n|move|p1a: Ogerpon|Taunt|p2a: Dusclops\n|-start|p2a: Dusclops|move: Taunt\n|move|p2a: Dusclops|Night Shade|p1a: Ogerpon\n|-damage|p1a: Ogerpon|70\/100\n|\n|upkeep\n|turn|14\n|\n|t:|1698938637\n|move|p1a: Ogerpon|Swords Dance|p1a: Ogerpon\n|-boost|p1a: Ogerpon|atk|2\n|move|p2a: Dusclops|Night Shade|p1a: Ogerpon\n|-damage|p1a: Ogerpon|40\/100\n|\n|upkeep\n|turn|15\n|\n|t:|1698938644\n|move|p1a: Ogerpon|Trailblaze|p2a: Dusclops\n|-damage|p2a: Dusclops|45\/100\n|-boost|p1a: Ogerpon|spe|1\n|move|p2a: Dusclops|Night Shade|p1a: Ogerpon\n|-damage|p1a: Ogerpon|10\/100\n|\n|-end|p2a: Dusclops|move: Taunt\n|upkeep\n|turn|16\n|\n|t:|1698938654\n|move|p1a: Ogerpon|Ivy Cudgel|p2a: Dusclops\n|-damage|p2a: Dusclops|0 fnt\n|faint|p2a: Dusclops\n|\n|upkeep\n|\n|t:|1698938660\n|switch|p2a: Sinistcha|Sinistcha-Masterpiece|100\/100\n|-damage|p2a: Sinistcha|88\/100|[from] Stealth Rock\n|turn|17\n|\n|t:|1698938667\n|move|p1a: Ogerpon|Ivy Cudgel|p2a: Sinistcha\n|-supereffective|p2a: Sinistcha\n|-damage|p2a: Sinistcha|0 fnt\n|faint|p2a: Sinistcha\n|\n|upkeep\n|\n|t:|1698938670\n|switch|p2a: Ogerpon|Ogerpon-Hearthflame-Tera, F, tera:Fire|76\/100\n|-damage|p2a: Ogerpon|51\/100|[from] Stealth Rock\n|-ability|p2a: Ogerpon|Embody Aspect (Hearthflame)|boost\n|-boost|p2a: Ogerpon|atk|1\n|turn|18\n|\n|t:|1698938680\n|move|p1a: Ogerpon|Ivy Cudgel|p2a: Ogerpon\n|-resisted|p2a: Ogerpon\n|-damage|p2a: Ogerpon|0 fnt\n|faint|p2a: Ogerpon\n|\n|upkeep\n|\n|t:|1698938682\n|switch|p2a: Shaymin|Shaymin-Sky|100\/100\n|-damage|p2a: Shaymin|76\/100|[from] Stealth Rock\n|turn|19\n|\n|t:|1698938689\n|move|p1a: Ogerpon|Ivy Cudgel|p2a: Shaymin\n|-supereffective|p2a: Shaymin\n|-damage|p2a: Shaymin|0 fnt\n|faint|p2a: Shaymin\n|\n|win|ExplodingKirb\n|l|\u2606Leon11111\n","uploadtime":1698938697,"views":9,"p1id":"explodingkirb","p2id":"leon11111","formatid":"gen9ubers","rating":0,"private":0,"password":""}