{"id":"gen9ubers-1989934922","p1":"I am Useless Meta","p2":"Icy glastrier","format":"[Gen 9] Ubers","log":"|j|\u2606I am Useless Meta\n|j|\u2606Icy glastrier\n|t:|1699908087\n|gametype|singles\n|player|p1|I am Useless Meta|kieran-festival|\n|player|p2|Icy glastrier|blue|\n|teamsize|p1|6\n|teamsize|p2|6\n|gen|9\n|tier|[Gen 9] Ubers\n|rule|Sleep Clause Mod: Limit one foe put to sleep\n|rule|Species Clause: Limit one of each Pok\u00e9mon\n|rule|OHKO Clause: OHKO moves are banned\n|rule|Evasion Items Clause: Evasion items are banned\n|rule|Evasion Moves Clause: Evasion moves are banned\n|rule|Endless Battle Clause: Forcing endless battles is banned\n|rule|HP Percentage Mod: HP is shown in percentages\n|clearpoke\n|poke|p1|Landorus-Therian, M|\n|poke|p1|Empoleon, M|\n|poke|p1|Zapdos|\n|poke|p1|Tornadus-Therian, M|\n|poke|p1|Sneasler, M|\n|poke|p1|Munkidori, M|\n|poke|p2|Regidrago|\n|poke|p2|Ogerpon-Wellspring, F|\n|poke|p2|Iron Valiant|\n|poke|p2|Gholdengo|\n|poke|p2|Great Tusk|\n|poke|p2|Slowking-Galar, F|\n|teampreview\n|inactive|Battle timer is ON: inactive players will automatically lose when time's up. (requested by I am Useless Meta)\n|inactive|Icy glastrier also wants the timer to be on.\n|c|\u2606I am Useless Meta|glhf\n|c|\u2606Icy glastrier|Can we turn off the battle timer please\n|inactive|I am Useless Meta no longer wants the timer on, but the timer is staying on because icyglastrier still does.\n|inactiveoff|Battle timer is now OFF.\n|c|\u2606Icy glastrier|Thanks\n|c|\u2606Icy glastrier|Fraudlybhai vs Evan begins\n|c|\u2606Icy glastrier|God i hope it's this mon...\n|\n|t:|1699908162\n|start\n|switch|p1a: Sneasler|Sneasler, M|100\/100\n|switch|p2a: Regidrago|Regidrago|100\/100\n|turn|1\n|c|\u2606Icy glastrier|Works\n|\n|t:|1699908176\n|switch|p1a: Tornadus|Tornadus-Therian, M|100\/100\n|move|p2a: Regidrago|Dragon Energy|p1a: Tornadus\n|-damage|p1a: Tornadus|3\/100\n|\n|upkeep\n|turn|2\n|\n|t:|1699908185\n|switch|p1a: Empoleon|Empoleon, M|100\/100\n|move|p2a: Regidrago|Dragon Energy|p1a: Empoleon\n|-resisted|p1a: Empoleon\n|-damage|p1a: Empoleon|71\/100\n|\n|-heal|p1a: Empoleon|77\/100|[from] item: Leftovers\n|upkeep\n|turn|3\n|\n|t:|1699908207\n|switch|p2a: Gholdengo|Gholdengo|100\/100\n|-item|p2a: Gholdengo|Air Balloon\n|move|p1a: Empoleon|Yawn|p2a: Gholdengo\n|-immune|p2a: Gholdengo|[from] ability: Good as Gold\n|\n|-heal|p1a: Empoleon|84\/100|[from] item: Leftovers\n|upkeep\n|turn|4\n|\n|t:|1699908226\n|switch|p2a: Ogerpon|Ogerpon-Wellspring, F|100\/100\n|move|p1a: Empoleon|Flip Turn|p2a: Ogerpon\n|-immune|p2a: Ogerpon|[from] ability: Water Absorb\n|\n|-heal|p1a: Empoleon|90\/100|[from] item: Leftovers\n|upkeep\n|turn|5\n|\n|t:|1699908270\n|switch|p1a: Zapdos|Zapdos|100\/100\n|move|p2a: Ogerpon|Ivy Cudgel|p1a: Zapdos\n|-damage|p1a: Zapdos|55\/100\n|\n|upkeep\n|turn|6\n|\n|t:|1699908288\n|switch|p1a: Empoleon|Empoleon, M|90\/100\n|move|p2a: Ogerpon|Low Kick|p1a: Empoleon\n|-supereffective|p1a: Empoleon\n|-damage|p1a: Empoleon|34\/100\n|\n|-heal|p1a: Empoleon|40\/100|[from] item: Leftovers\n|upkeep\n|turn|7\n|c|\u2606Icy glastrier|Misclick turned into the best play ever\n|c|\u2606Icy glastrier|Lmfao\n|\n|t:|1699908363\n|switch|p1a: Landorus|Landorus-Therian, M|100\/100\n|-ability|p1a: Landorus|Intimidate|boost\n|-unboost|p2a: Ogerpon|atk|1\n|move|p2a: Ogerpon|Ivy Cudgel|p1a: Landorus\n|-supereffective|p1a: Landorus\n|-damage|p1a: Landorus|52\/100\n|\n|upkeep\n|turn|8\n|c|\u2606Icy glastrier|Gotta do this\n|\n|t:|1699908451\n|switch|p1a: Zapdos|Zapdos|55\/100\n|-terastallize|p2a: Ogerpon|Water\n|detailschange|p2a: Ogerpon|Ogerpon-Wellspring-Tera, F, tera:Water\n|-ability|p2a: Ogerpon|Embody Aspect (Wellspring)|boost\n|-boost|p2a: Ogerpon|spd|1\n|move|p2a: Ogerpon|Ivy Cudgel|p1a: Zapdos\n|-crit|p1a: Zapdos\n|-damage|p1a: Zapdos|0 fnt\n|faint|p1a: Zapdos\n|\n|upkeep\n|\n|t:|1699908464\n|switch|p1a: Landorus|Landorus-Therian, M|52\/100\n|-ability|p1a: Landorus|Intimidate|boost\n|-unboost|p2a: Ogerpon|atk|1\n|turn|9\n|c|\u2606Icy glastrier|PERISH HEATHEN\n|\n|t:|1699908492\n|-terastallize|p1a: Landorus|Water\n|move|p2a: Ogerpon|Ivy Cudgel|p1a: Landorus\n|-resisted|p1a: Landorus\n|-crit|p1a: Landorus\n|-damage|p1a: Landorus|14\/100\n|move|p1a: Landorus|U-turn|p2a: Ogerpon\n|-damage|p2a: Ogerpon|75\/100\n|\n|t:|1699908511\n|switch|p1a: Empoleon|Empoleon, M|40\/100|[from] U-turn\n|\n|-heal|p1a: Empoleon|46\/100|[from] item: Leftovers\n|upkeep\n|turn|10\n|\n|t:|1699908522\n|move|p2a: Ogerpon|Low Kick|p1a: Empoleon\n|-supereffective|p1a: Empoleon\n|-damage|p1a: Empoleon|18\/100\n|move|p1a: Empoleon|Roost|p1a: Empoleon\n|-heal|p1a: Empoleon|68\/100\n|-singleturn|p1a: Empoleon|move: Roost\n|\n|-heal|p1a: Empoleon|74\/100|[from] item: Leftovers\n|upkeep\n|turn|11\n|\n|t:|1699908534\n|move|p2a: Ogerpon|Spikes|p1a: Empoleon\n|-sidestart|p1: I am Useless Meta|Spikes\n|move|p1a: Empoleon|Yawn|p2a: Ogerpon\n|-start|p2a: Ogerpon|move: Yawn|[of] p1a: Empoleon\n|\n|-heal|p1a: Empoleon|81\/100|[from] item: Leftovers\n|upkeep\n|turn|12\n|\n|t:|1699908547\n|switch|p2a: Iron Valiant|Iron Valiant|100\/100\n|-enditem|p2a: Iron Valiant|Booster Energy\n|-activate|p2a: Iron Valiant|ability: Quark Drive|[fromitem]\n|-start|p2a: Iron Valiant|quarkdrivespe\n|switch|p1a: Tornadus|Tornadus-Therian, M|36\/100\n|\n|upkeep\n|turn|13\n|\n|t:|1699908579\n|move|p2a: Iron Valiant|Thunderbolt|p1a: Tornadus\n|-supereffective|p1a: Tornadus\n|-damage|p1a: Tornadus|0 fnt\n|faint|p1a: Tornadus\n|\n|upkeep\n|c|\u2606Icy glastrier|This is not going well for you if I say so myself\n|\n|t:|1699908614\n|switch|p1a: Munkidori|Munkidori, M|100\/100\n|-damage|p1a: Munkidori|88\/100|[from] Spikes\n|turn|14\n|c|\u2606Icy glastrier|Para\n|c|\u2606Icy glastrier|Para\n|c|\u2606Icy glastrier|Para\n|c|\u2606I am Useless Meta|yeah I mean I have zero switches to ogerpon\n|c|\u2606I am Useless Meta|plus no static\n|c|\u2606Icy glastrier|I think this is a win for me\n|c|\u2606Icy glastrier|No way you win\n|\n|t:|1699908685\n|move|p2a: Iron Valiant|Thunderbolt|p1a: Munkidori\n|-damage|p1a: Munkidori|52\/100\n|move|p1a: Munkidori|Psychic|p2a: Iron Valiant\n|-supereffective|p2a: Iron Valiant\n|-damage|p2a: Iron Valiant|0 fnt\n|faint|p2a: Iron Valiant\n|-end|p2a: Iron Valiant|Quark Drive|[silent]\n|\n|upkeep\n|\n|t:|1699908709\n|switch|p2a: Ogerpon|Ogerpon-Wellspring-Tera, F, tera:Water|75\/100\n|-ability|p2a: Ogerpon|Embody Aspect (Wellspring)|boost\n|-boost|p2a: Ogerpon|spd|1\n|turn|15\n|c|\u2606I am Useless Meta|this is the WORST sneasler ever\n|\n|t:|1699908721\n|switch|p1a: Landorus|Landorus-Therian, M, tera:Water|14\/100\n|-damage|p1a: Landorus|2\/100|[from] Spikes\n|-ability|p1a: Landorus|Intimidate|boost\n|-unboost|p2a: Ogerpon|atk|1\n|move|p2a: Ogerpon|Ivy Cudgel|p1a: Landorus\n|-resisted|p1a: Landorus\n|-damage|p1a: Landorus|0 fnt\n|faint|p1a: Landorus\n|\n|upkeep\n|c|\u2606Icy glastrier|You should have lead with zapdos\n|\n|t:|1699908779\n|switch|p1a: Sneasler|Sneasler, M|100\/100\n|-damage|p1a: Sneasler|88\/100|[from] Spikes\n|turn|16\n|\n|t:|1699908796\n|move|p2a: Ogerpon|Spiky Shield|p2a: Ogerpon\n|-singleturn|p2a: Ogerpon|move: Protect\n|move|p1a: Sneasler|U-turn|p2a: Ogerpon\n|-activate|p2a: Ogerpon|move: Protect\n|\n|upkeep\n|turn|17\n|\n|t:|1699908816\n|move|p1a: Sneasler|U-turn|p2a: Ogerpon\n|-damage|p2a: Ogerpon|49\/100\n|-status|p2a: Ogerpon|psn|[from] ability: Poison Touch|[of] p1a: Sneasler\n|\n|t:|1699908820\n|switch|p1a: Empoleon|Empoleon, M|81\/100|[from] U-turn\n|-damage|p1a: Empoleon|68\/100|[from] Spikes\n|move|p2a: Ogerpon|Low Kick|p1a: Empoleon\n|-supereffective|p1a: Empoleon\n|-damage|p1a: Empoleon|27\/100\n|\n|-heal|p1a: Empoleon|33\/100|[from] item: Leftovers\n|-damage|p2a: Ogerpon|36\/100 psn|[from] psn\n|upkeep\n|turn|18\n|c|\u2606Icy glastrier|I'm a master of predicting people\n|\n|t:|1699908909\n|move|p2a: Ogerpon|Low Kick|p1a: Empoleon\n|-supereffective|p1a: Empoleon\n|-damage|p1a: Empoleon|0 fnt\n|faint|p1a: Empoleon\n|\n|-damage|p2a: Ogerpon|24\/100 psn|[from] psn\n|upkeep\n|\n|t:|1699908911\n|switch|p1a: Sneasler|Sneasler, M|88\/100\n|-damage|p1a: Sneasler|76\/100|[from] Spikes\n|turn|19\n|\n|t:|1699908921\n|move|p1a: Sneasler|Dire Claw|p2a: Ogerpon\n|-damage|p2a: Ogerpon|0 fnt\n|faint|p2a: Ogerpon\n|\n|upkeep\n|\n|t:|1699908925\n|switch|p2a: Regidrago|Regidrago|100\/100\n|turn|20\n|c|\u2606I am Useless Meta|zero switches to ogerpon plus a terrible sneasler set\n|c|\u2606I am Useless Meta|who made this team\n|c|\u2606Icy glastrier|Hao\n|\n|t:|1699908943\n|switch|p1a: Munkidori|Munkidori, M|52\/100\n|-damage|p1a: Munkidori|40\/100|[from] Spikes\n|move|p2a: Regidrago|Dragon Energy|p1a: Munkidori\n|-damage|p1a: Munkidori|0 fnt\n|faint|p1a: Munkidori\n|\n|upkeep\n|c|\u2606Icy glastrier|Probably\n|\n|t:|1699908949\n|switch|p1a: Sneasler|Sneasler, M|76\/100\n|-damage|p1a: Sneasler|64\/100|[from] Spikes\n|turn|21\n|\n|t:|1699908961\n|move|p2a: Regidrago|Dragon Energy|p1a: Sneasler\n|-damage|p1a: Sneasler|0 fnt\n|faint|p1a: Sneasler\n|\n|win|Icy glastrier\n|c|\u2606Icy glastrier|Gg\n|c|\u2606I am Useless Meta|non unburden sneasler, useless item, no swords dance\n|c|\u2606I am Useless Meta|sob\n|c|\u2606I am Useless Meta|gg\n|l|\u2606Icy glastrier\n","uploadtime":1699908978,"views":22,"p1id":"iamuselessmeta","p2id":"icyglastrier","formatid":"gen9ubers","rating":0,"private":0,"password":""}