{"id":"gen9ubers-1992250859","p1":"mlenny95","p2":"naterz4","format":"[Gen 9] Ubers","log":"|j|\u2606mlenny95\n|j|\u2606naterz4\n|t:|1700167751\n|gametype|singles\n|player|p1|mlenny95|fisherman|\n|player|p2|naterz4|265|\n|teamsize|p1|6\n|teamsize|p2|6\n|gen|9\n|tier|[Gen 9] Ubers\n|rule|Sleep Clause Mod: Limit one foe put to sleep\n|rule|Species Clause: Limit one of each Pok\u00e9mon\n|rule|OHKO Clause: OHKO moves are banned\n|rule|Evasion Items Clause: Evasion items are banned\n|rule|Evasion Moves Clause: Evasion moves are banned\n|rule|Endless Battle Clause: Forcing endless battles is banned\n|rule|HP Percentage Mod: HP is shown in percentages\n|clearpoke\n|poke|p1|Ogerpon-Wellspring, F|\n|poke|p1|Flamigo, F|\n|poke|p1|Dragapult, M|\n|poke|p1|Skeledirge, F|\n|poke|p1|Kingambit, F|\n|poke|p1|Amoonguss, M|\n|poke|p2|Samurott-Hisui, M|\n|poke|p2|Kleavor, M|\n|poke|p2|Ursaluna, M|\n|poke|p2|Arcanine-Hisui, M|\n|poke|p2|Charizard, M|\n|poke|p2|Jolteon, F|\n|teampreview\n|c|\u2606naterz4|glhf\n|c|\u2606mlenny95|gl hf\n|\n|t:|1700167790\n|start\n|switch|p1a: NateSlayer|Flamigo, F|100\/100\n|switch|p2a: Kleavor|Kleavor, M|100\/100\n|turn|1\n|\n|t:|1700167801\n|-terastallize|p1a: NateSlayer|Steel\n|move|p2a: Kleavor|Stone Axe|p1a: NateSlayer\n|-resisted|p1a: NateSlayer\n|-damage|p1a: NateSlayer|60\/100\n|-sidestart|p1: mlenny95|move: Stealth Rock\n|move|p1a: NateSlayer|Tera Blast|p2a: Kleavor|[anim] Tera Blast Steel\n|-supereffective|p2a: Kleavor\n|-damage|p2a: Kleavor|0 fnt\n|faint|p2a: Kleavor\n|\n|upkeep\n|\n|t:|1700167870\n|switch|p2a: Samurott|Samurott-Hisui, M|100\/100\n|turn|2\n|\n|t:|1700167906\n|switch|p1a: Amoonguss|Amoonguss, M, shiny|100\/100\n|-damage|p1a: Amoonguss|88\/100|[from] Stealth Rock\n|move|p2a: Samurott|Ceaseless Edge|p1a: Amoonguss\n|-damage|p1a: Amoonguss|55\/100\n|-sidestart|p1: mlenny95|Spikes\n|\n|-heal|p1a: Amoonguss|61\/100|[from] item: Black Sludge\n|upkeep\n|turn|3\n|\n|t:|1700167919\n|move|p2a: Samurott|Ceaseless Edge|p1a: Amoonguss\n|-damage|p1a: Amoonguss|29\/100\n|-sidestart|p1: mlenny95|Spikes\n|move|p1a: Amoonguss|Giga Drain|p2a: Samurott\n|-supereffective|p2a: Samurott\n|-crit|p2a: Samurott\n|-damage|p2a: Samurott|7\/100\n|-heal|p1a: Amoonguss|63\/100|[from] drain|[of] p2a: Samurott\n|\n|-heal|p1a: Amoonguss|69\/100|[from] item: Black Sludge\n|upkeep\n|turn|4\n|\n|t:|1700167939\n|switch|p2a: RegiJolteon|Jolteon, F|100\/100\n|move|p1a: Amoonguss|Sludge Bomb|p2a: RegiJolteon\n|-damage|p2a: RegiJolteon|63\/100\n|\n|-heal|p1a: Amoonguss|75\/100|[from] item: Black Sludge\n|-status|p2a: RegiJolteon|brn|[from] item: Flame Orb\n|upkeep\n|turn|5\n|\n|t:|1700167964\n|move|p2a: RegiJolteon|Calm Mind|p2a: RegiJolteon\n|-boost|p2a: RegiJolteon|spa|1\n|-boost|p2a: RegiJolteon|spd|1\n|move|p1a: Amoonguss|Sludge Bomb|p2a: RegiJolteon\n|-damage|p2a: RegiJolteon|40\/100 brn\n|\n|-heal|p1a: Amoonguss|81\/100|[from] item: Black Sludge\n|-damage|p2a: RegiJolteon|34\/100 brn|[from] brn\n|upkeep\n|turn|6\n|\n|t:|1700167974\n|-terastallize|p2a: RegiJolteon|Fire\n|move|p2a: RegiJolteon|Tera Blast|p1a: Amoonguss|[anim] Tera Blast Fire\n|-supereffective|p1a: Amoonguss\n|-damage|p1a: Amoonguss|0 fnt\n|faint|p1a: Amoonguss\n|\n|-damage|p2a: RegiJolteon|29\/100 brn|[from] brn\n|upkeep\n|\n|t:|1700168009\n|switch|p1a: Skeledirge|Skeledirge, F, shiny|100\/100\n|-damage|p1a: Skeledirge|75\/100|[from] Stealth Rock\n|-damage|p1a: Skeledirge|59\/100|[from] Spikes\n|turn|7\n|\n|t:|1700168032\n|move|p2a: RegiJolteon|Shadow Ball|p1a: Skeledirge\n|-supereffective|p1a: Skeledirge\n|-damage|p1a: Skeledirge|17\/100\n|move|p1a: Skeledirge|Hex|p2a: RegiJolteon\n|-damage|p2a: RegiJolteon|0 fnt\n|faint|p2a: RegiJolteon\n|\n|-heal|p1a: Skeledirge|23\/100|[from] item: Leftovers\n|upkeep\n|\n|t:|1700168051\n|switch|p2a: Samurott|Samurott-Hisui, M|7\/100\n|turn|8\n|\n|t:|1700168063\n|move|p2a: Samurott|Ceaseless Edge|p1a: Skeledirge\n|-supereffective|p1a: Skeledirge\n|-damage|p1a: Skeledirge|0 fnt\n|-sidestart|p1: mlenny95|Spikes\n|faint|p1a: Skeledirge\n|\n|upkeep\n|\n|t:|1700168076\n|switch|p1a: NateSlayer|Flamigo, F, tera:Steel|60\/100\n|turn|9\n|\n|t:|1700168100\n|move|p2a: Samurott|Ceaseless Edge|p1a: NateSlayer\n|-crit|p1a: NateSlayer\n|-damage|p1a: NateSlayer|0 fnt\n|faint|p1a: NateSlayer\n|\n|upkeep\n|c|\u2606mlenny95|oof\n|\n|t:|1700168113\n|switch|p1a: Ogerpon|Ogerpon-Wellspring, F|100\/100\n|-damage|p1a: Ogerpon|88\/100|[from] Stealth Rock\n|-damage|p1a: Ogerpon|63\/100|[from] Spikes\n|turn|10\n|\n|t:|1700168148\n|switch|p2a: Ursaluna|Ursaluna, M|100\/100\n|move|p1a: Ogerpon|Ivy Cudgel|p2a: Ursaluna|[anim] Ivy Cudgel Water\n|-supereffective|p2a: Ursaluna\n|-crit|p2a: Ursaluna\n|-damage|p2a: Ursaluna|0 fnt\n|faint|p2a: Ursaluna\n|\n|upkeep\n|\n|t:|1700168157\n|switch|p2a: Charizard|Charizard, M, shiny|100\/100\n|turn|11\n|j| thisaintgeo\n|\n|t:|1700168183\n|move|p1a: Ogerpon|Ivy Cudgel|p2a: Charizard|[anim] Ivy Cudgel Water\n|-supereffective|p2a: Charizard\n|-damage|p2a: Charizard|0 fnt\n|faint|p2a: Charizard\n|\n|upkeep\n|j| UnstableWeirdness\n|\n|t:|1700168255\n|switch|p2a: Samurott|Samurott-Hisui, M|7\/100\n|turn|12\n|\n|t:|1700168261\n|move|p2a: Samurott|Ceaseless Edge|p1a: Ogerpon\n|-damage|p1a: Ogerpon|8\/100\n|move|p1a: Ogerpon|Ivy Cudgel|p2a: Samurott|[anim] Ivy Cudgel Water\n|-resisted|p2a: Samurott\n|-damage|p2a: Samurott|0 fnt\n|faint|p2a: Samurott\n|\n|upkeep\n|\n|t:|1700168267\n|switch|p2a: Arcanine|Arcanine-Hisui, M|100\/100\n|turn|13\n|\n|t:|1700168270\n|move|p1a: Ogerpon|Ivy Cudgel|p2a: Arcanine|[anim] Ivy Cudgel Water\n|-supereffective|p2a: Arcanine\n|-damage|p2a: Arcanine|0 fnt\n|faint|p2a: Arcanine\n|\n|win|mlenny95\n|c|\u2606naterz4|gg\n|c|\u2606mlenny95|gg\n","uploadtime":1700168279,"views":33,"p1id":"mlenny95","p2id":"naterz4","formatid":"gen9ubers","rating":0,"private":0,"password":""}