{"id":"gen9ubers-1998690966","p1":"Autismo27","p2":"KHVN","format":"[Gen 9] Ubers","log":"|j|\u2606Autismo27\n|j|\u2606KHVN\n|t:|1700973117\n|gametype|singles\n|player|p1|Autismo27|benga|1052\n|player|p2|KHVN|unknown|1099\n|teamsize|p1|5\n|teamsize|p2|6\n|gen|9\n|tier|[Gen 9] Ubers\n|rated|\n|rule|Sleep Clause Mod: Limit one foe put to sleep\n|rule|Species Clause: Limit one of each Pok\u00e9mon\n|rule|OHKO Clause: OHKO moves are banned\n|rule|Evasion Items Clause: Evasion items are banned\n|rule|Evasion Moves Clause: Evasion moves are banned\n|rule|Endless Battle Clause: Forcing endless battles is banned\n|rule|HP Percentage Mod: HP is shown in percentages\n|clearpoke\n|poke|p1|Cetitan, F|\n|poke|p1|Amoonguss, F|\n|poke|p1|Basculegion-F, F|\n|poke|p1|Pelipper, M|\n|poke|p1|Gholdengo|\n|poke|p2|Florges-White, F|\n|poke|p2|Cloyster, M|\n|poke|p2|Chandelure, F|\n|poke|p2|Gliscor, M|\n|poke|p2|Mewtwo|\n|poke|p2|Ditto|\n|teampreview\n|\n|t:|1700973121\n|start\n|switch|p1a: Cetitan|Cetitan, F, shiny|100\/100\n|switch|p2a: Cloyster|Cloyster, M|100\/100\n|turn|1\n|\n|t:|1700973132\n|-terastallize|p1a: Cetitan|Fighting\n|move|p1a: Cetitan|Superpower|p2a: Cloyster\n|-supereffective|p2a: Cloyster\n|-damage|p2a: Cloyster|13\/100\n|-unboost|p1a: Cetitan|atk|1\n|-unboost|p1a: Cetitan|def|1\n|move|p2a: Cloyster|Shell Smash|p2a: Cloyster\n|-unboost|p2a: Cloyster|def|1\n|-unboost|p2a: Cloyster|spd|1\n|-boost|p2a: Cloyster|atk|2\n|-boost|p2a: Cloyster|spa|2\n|-boost|p2a: Cloyster|spe|2\n|\n|upkeep\n|turn|2\n|\n|t:|1700973145\n|move|p2a: Cloyster|Icicle Spear|p1a: Cetitan\n|-damage|p1a: Cetitan|64\/100\n|-damage|p1a: Cetitan|28\/100\n|-damage|p1a: Cetitan|0 fnt\n|faint|p1a: Cetitan\n|-hitcount|p1: Cetitan|3\n|\n|upkeep\n|\n|t:|1700973165\n|switch|p1a: Pelipper|Pelipper, M|100\/100\n|-weather|RainDance|[from] ability: Drizzle|[of] p1a: Pelipper\n|turn|3\n|\n|t:|1700973170\n|move|p2a: Cloyster|Icicle Spear|p1a: Pelipper\n|-damage|p1a: Pelipper|77\/100\n|-crit|p1a: Pelipper\n|-damage|p1a: Pelipper|44\/100\n|-damage|p1a: Pelipper|18\/100\n|-damage|p1a: Pelipper|0 fnt\n|faint|p1a: Pelipper\n|-hitcount|p1: Pelipper|4\n|\n|-weather|RainDance|[upkeep]\n|upkeep\n|\n|t:|1700973180\n|switch|p1a: Basculegion|Basculegion-F, F|100\/100\n|turn|4\n|\n|t:|1700973186\n|move|p1a: Basculegion|Last Respects|p2a: Cloyster\n|-damage|p2a: Cloyster|0 fnt\n|faint|p2a: Cloyster\n|\n|-weather|RainDance|[upkeep]\n|upkeep\n|\n|t:|1700973193\n|switch|p2a: Ditto|Ditto|100\/100\n|-transform|p2a: Ditto|p1a: Basculegion|[from] ability: Imposter\n|turn|5\n|\n|t:|1700973204\n|move|p2a: Ditto|Last Respects|p1a: Basculegion\n|-supereffective|p1a: Basculegion\n|-damage|p1a: Basculegion|0 fnt\n|faint|p1a: Basculegion\n|\n|-weather|RainDance|[upkeep]\n|upkeep\n|-message|Autismo27 forfeited.\n|\n|win|KHVN\n|raw|Autismo27's rating: 1052 &rarr; <strong>1037<\/strong><br \/>(-15 for losing)\n|raw|KHVN's rating: 1099 &rarr; <strong>1121<\/strong><br \/>(+22 for winning)\n|l|\u2606Autismo27\n","uploadtime":1700973225,"views":1,"p1id":"autismo27","p2id":"khvn","formatid":"gen9ubers","rating":1037,"private":0,"password":""}