{"id":"gen9ubers-1984148951","p1":"Spectrum725","p2":"BlazerZX","format":"[Gen 9] Ubers","log":"|j|\u2606Spectrum725\n|j|\u2606BlazerZX\n|t:|1699223794\n|gametype|singles\n|player|p1|Spectrum725|waiter-gen4dp|\n|player|p2|BlazerZX|clair|\n|teamsize|p1|6\n|teamsize|p2|6\n|gen|9\n|tier|[Gen 9] Ubers\n|rule|Sleep Clause Mod: Limit one foe put to sleep\n|rule|Species Clause: Limit one of each Pok\u00e9mon\n|rule|OHKO Clause: OHKO moves are banned\n|rule|Evasion Items Clause: Evasion items are banned\n|rule|Evasion Moves Clause: Evasion moves are banned\n|rule|Endless Battle Clause: Forcing endless battles is banned\n|rule|HP Percentage Mod: HP is shown in percentages\n|clearpoke\n|poke|p1|Torkoal, F|\n|poke|p1|Walking Wake|\n|poke|p1|Chi-Yu|\n|poke|p1|Arceus-Grass|\n|poke|p1|Zacian-*|\n|poke|p1|Magearna-Original|\n|poke|p2|Urshifu-*, F|\n|poke|p2|Shaymin-Sky|\n|poke|p2|Dialga|\n|poke|p2|Zacian-*|\n|poke|p2|Spectrier|\n|poke|p2|Ursaluna-Bloodmoon, M|\n|teampreview\n|c|\u2606BlazerZX|gl hf\n|inactive|Battle timer is ON: inactive players will automatically lose when time's up. (requested by Spectrum725)\n|c|\u2606Spectrum725|is it bo3\n|c|\u2606Spectrum725|and glhf\n|l|\u2606Spectrum725\n|inactive|Spectrum725 disconnected and has 300 seconds to reconnect!\n|player|p1|\n|j|\u2606Spectrum725\n|inactive|Spectrum725 reconnected and has 280 seconds left.\n|player|p1|Spectrum725|waiter-gen4dp\n|c|\u2606BlazerZX|it's bo3\n|inactive|Spectrum725 has 270 seconds left.\n|c|\u2606BlazerZX|and good luck to you too\n|c|\u2606Spectrum725|bet\n|\n|t:|1699223871\n|start\n|switch|p1a: Walking Wake|Walking Wake|100\/100\n|switch|p2a: Ursaluna|Ursaluna-Bloodmoon, M|100\/100\n|turn|1\n|\n|t:|1699223894\n|switch|p2a: Zacian|Zacian|100\/100\n|-ability|p2a: Zacian|Intrepid Sword|boost\n|-boost|p2a: Zacian|atk|1\n|move|p1a: Walking Wake|Flip Turn|p2a: Zacian\n|-damage|p2a: Zacian|85\/100\n|\n|t:|1699223913\n|-end|p1a: Walking Wake|Protosynthesis|[silent]\n|switch|p1a: Chi-Yu|Chi-Yu|100\/100|[from] Flip Turn\n|-ability|p1a: Chi-Yu|Beads of Ruin\n|\n|upkeep\n|turn|2\n|\n|t:|1699223928\n|-terastallize|p2a: Zacian|Fire\n|move|p1a: Chi-Yu|Overheat|p2a: Zacian\n|-resisted|p2a: Zacian\n|-damage|p2a: Zacian|39\/100\n|-unboost|p1a: Chi-Yu|spa|2\n|move|p2a: Zacian|Swords Dance|p2a: Zacian\n|-boost|p2a: Zacian|atk|2\n|\n|upkeep\n|turn|3\n|\n|t:|1699223943\n|switch|p1a: Torkoal|Torkoal, F|100\/100\n|-weather|SunnyDay|[from] ability: Drought|[of] p1a: Torkoal\n|move|p2a: Zacian|Close Combat|p1a: Torkoal\n|-damage|p1a: Torkoal|45\/100\n|-unboost|p2a: Zacian|def|1\n|-unboost|p2a: Zacian|spd|1\n|\n|-weather|SunnyDay|[upkeep]\n|upkeep\n|turn|4\n|\n|t:|1699223954\n|move|p2a: Zacian|Close Combat|p1a: Torkoal\n|-damage|p1a: Torkoal|0 fnt\n|-unboost|p2a: Zacian|def|1\n|-unboost|p2a: Zacian|spd|1\n|faint|p1a: Torkoal\n|\n|-weather|SunnyDay|[upkeep]\n|upkeep\n|\n|t:|1699223959\n|switch|p1a: Chi-Yu|Chi-Yu|100\/100\n|-ability|p1a: Chi-Yu|Beads of Ruin\n|turn|5\n|\n|t:|1699223974\n|switch|p2a: Urshifu|Urshifu-Rapid-Strike, F|100\/100\n|move|p1a: Chi-Yu|Dark Pulse|p2a: Urshifu\n|-resisted|p2a: Urshifu\n|-damage|p2a: Urshifu|53\/100\n|\n|-weather|SunnyDay|[upkeep]\n|upkeep\n|turn|6\n|\n|t:|1699223984\n|move|p1a: Chi-Yu|Dark Pulse|p2a: Urshifu\n|-resisted|p2a: Urshifu\n|-damage|p2a: Urshifu|3\/100\n|move|p2a: Urshifu|Close Combat|p1a: Chi-Yu\n|-supereffective|p1a: Chi-Yu\n|-damage|p1a: Chi-Yu|0 fnt\n|-unboost|p2a: Urshifu|def|1\n|-unboost|p2a: Urshifu|spd|1\n|faint|p1a: Chi-Yu\n|\n|-weather|SunnyDay|[upkeep]\n|upkeep\n|\n|t:|1699223987\n|switch|p1a: Walking Wake|Walking Wake|100\/100\n|-activate|p1a: Walking Wake|ability: Protosynthesis\n|-start|p1a: Walking Wake|protosynthesisspe\n|turn|7\n|\n|t:|1699224012\n|move|p1a: Walking Wake|Hydro Steam|p2a: Urshifu\n|-resisted|p2a: Urshifu\n|-damage|p2a: Urshifu|0 fnt\n|faint|p2a: Urshifu\n|\n|-weather|SunnyDay|[upkeep]\n|upkeep\n|inactive|BlazerZX has 270 seconds left.\n|\n|t:|1699224032\n|switch|p2a: Dialga|Dialga|100\/100\n|-ability|p2a: Dialga|Pressure\n|turn|8\n|\n|t:|1699224039\n|-end|p1a: Walking Wake|Protosynthesis|[silent]\n|switch|p1a: Magearna|Magearna-Original|100\/100\n|move|p2a: Dialga|Dragon Pulse|p1a: Magearna\n|-immune|p1a: Magearna\n|\n|-weather|SunnyDay|[upkeep]\n|upkeep\n|turn|9\n|inactive|BlazerZX has 270 seconds left.\n|\n|t:|1699224071\n|move|p2a: Dialga|Flash Cannon|p1a: Magearna\n|-crit|p1a: Magearna\n|-damage|p1a: Magearna|57\/100\n|move|p1a: Magearna|Thunder Wave|p2a: Dialga\n|-status|p2a: Dialga|par\n|\n|-weather|SunnyDay|[upkeep]\n|-heal|p1a: Magearna|63\/100|[from] item: Leftovers\n|upkeep\n|turn|10\n|\n|t:|1699224078\n|move|p1a: Magearna|Spikes|p2a: Dialga\n|-sidestart|p2: BlazerZX|Spikes\n|move|p2a: Dialga|Flash Cannon|p1a: Magearna\n|-damage|p1a: Magearna|29\/100\n|-unboost|p1a: Magearna|spd|1\n|\n|-weather|none\n|-heal|p1a: Magearna|35\/100|[from] item: Leftovers\n|upkeep\n|turn|11\n|\n|t:|1699224085\n|move|p1a: Magearna|Volt Switch|p2a: Dialga\n|-resisted|p2a: Dialga\n|-damage|p2a: Dialga|92\/100 par\n|\n|t:|1699224088\n|switch|p1a: Arceus|Arceus-Grass|100\/100|[from] Volt Switch\n|move|p2a: Dialga|Flash Cannon|p1a: Arceus\n|-damage|p1a: Arceus|66\/100\n|\n|upkeep\n|turn|12\n|inactive|BlazerZX has 270 seconds left.\n|\n|t:|1699224108\n|switch|p2a: Shaymin|Shaymin-Sky|100\/100\n|move|p1a: Arceus|Calm Mind|p1a: Arceus\n|-boost|p1a: Arceus|spa|1\n|-boost|p1a: Arceus|spd|1\n|\n|upkeep\n|turn|13\n|inactive|BlazerZX has 270 seconds left.\n|\n|t:|1699224115\n|move|p2a: Shaymin|Air Slash|p1a: Arceus|[miss]\n|-miss|p2a: Shaymin|p1a: Arceus\n|move|p1a: Arceus|Recover|p1a: Arceus\n|-heal|p1a: Arceus|100\/100\n|\n|upkeep\n|turn|14\n|\n|t:|1699224120\n|move|p2a: Shaymin|Substitute|p2a: Shaymin\n|-start|p2a: Shaymin|Substitute\n|-damage|p2a: Shaymin|76\/100\n|move|p1a: Arceus|Calm Mind|p1a: Arceus\n|-boost|p1a: Arceus|spa|1\n|-boost|p1a: Arceus|spd|1\n|\n|upkeep\n|turn|15\n|\n|t:|1699224125\n|move|p2a: Shaymin|Air Slash|p1a: Arceus\n|-supereffective|p1a: Arceus\n|-damage|p1a: Arceus|68\/100\n|move|p1a: Arceus|Calm Mind|p1a: Arceus\n|-boost|p1a: Arceus|spa|1\n|-boost|p1a: Arceus|spd|1\n|\n|upkeep\n|turn|16\n|\n|t:|1699224131\n|move|p2a: Shaymin|Air Slash|p1a: Arceus\n|-supereffective|p1a: Arceus\n|-damage|p1a: Arceus|43\/100\n|cant|p1a: Arceus|flinch\n|\n|upkeep\n|turn|17\n|\n|t:|1699224136\n|move|p2a: Shaymin|Air Slash|p1a: Arceus\n|-supereffective|p1a: Arceus\n|-crit|p1a: Arceus\n|-damage|p1a: Arceus|0 fnt\n|faint|p1a: Arceus\n|\n|upkeep\n|\n|t:|1699224139\n|switch|p1a: Magearna|Magearna-Original|35\/100\n|turn|18\n|\n|t:|1699224143\n|move|p2a: Shaymin|Air Slash|p1a: Magearna\n|-resisted|p1a: Magearna\n|-damage|p1a: Magearna|20\/100\n|move|p1a: Magearna|Fleur Cannon|p2a: Shaymin|[miss]\n|-miss|p1a: Magearna|p2a: Shaymin\n|\n|-heal|p1a: Magearna|26\/100|[from] item: Leftovers\n|upkeep\n|turn|19\n|\n|t:|1699224152\n|move|p2a: Shaymin|Seed Flare|p1a: Magearna\n|-resisted|p1a: Magearna\n|-damage|p1a: Magearna|7\/100\n|move|p1a: Magearna|Fleur Cannon|p2a: Shaymin\n|-end|p2a: Shaymin|Substitute\n|-unboost|p1a: Magearna|spa|2\n|\n|-heal|p1a: Magearna|13\/100|[from] item: Leftovers\n|upkeep\n|turn|20\n|\n|t:|1699224163\n|move|p2a: Shaymin|Air Slash|p1a: Magearna\n|-resisted|p1a: Magearna\n|-damage|p1a: Magearna|0 fnt\n|faint|p1a: Magearna\n|\n|upkeep\n|\n|t:|1699224167\n|switch|p1a: Walking Wake|Walking Wake|100\/100\n|turn|21\n|\n|t:|1699224179\n|move|p2a: Shaymin|Substitute|p2a: Shaymin\n|-start|p2a: Shaymin|Substitute\n|-damage|p2a: Shaymin|51\/100\n|move|p1a: Walking Wake|Flamethrower|p2a: Shaymin\n|-supereffective|p2a: Shaymin\n|-end|p2a: Shaymin|Substitute\n|\n|upkeep\n|turn|22\n|\n|t:|1699224195\n|move|p2a: Shaymin|Air Slash|p1a: Walking Wake\n|-damage|p1a: Walking Wake|51\/100\n|move|p1a: Walking Wake|Flamethrower|p2a: Shaymin\n|-supereffective|p2a: Shaymin\n|-damage|p2a: Shaymin|0 fnt\n|faint|p2a: Shaymin\n|\n|upkeep\n|inactive|BlazerZX has 270 seconds left.\n|\n|t:|1699224223\n|switch|p2a: Ursaluna|Ursaluna-Bloodmoon, M|100\/100\n|-damage|p2a: Ursaluna|88\/100|[from] Spikes\n|turn|23\n|inactive|BlazerZX has 270 seconds left.\n|\n|t:|1699224238\n|move|p1a: Walking Wake|Flamethrower|p2a: Ursaluna\n|-damage|p2a: Ursaluna|33\/100\n|move|p2a: Ursaluna|Blood Moon|p1a: Walking Wake\n|-damage|p1a: Walking Wake|0 fnt\n|faint|p1a: Walking Wake\n|-end|p1a: Walking Wake|Protosynthesis|[silent]\n|\n|upkeep\n|\n|t:|1699224241\n|switch|p1a: Zacian|Zacian|100\/100\n|-ability|p1a: Zacian|Intrepid Sword|boost\n|-boost|p1a: Zacian|atk|1\n|turn|24\n|inactive|BlazerZX has 270 seconds left.\n|\n|t:|1699224256\n|move|p1a: Zacian|Play Rough|p2a: Ursaluna\n|-damage|p2a: Ursaluna|0 fnt\n|faint|p2a: Ursaluna\n|\n|upkeep\n|\n|t:|1699224261\n|switch|p2a: Dialga|Dialga|92\/100 par\n|-damage|p2a: Dialga|79\/100 par|[from] Spikes\n|-ability|p2a: Dialga|Pressure\n|turn|25\n|\n|t:|1699224267\n|move|p1a: Zacian|Close Combat|p2a: Dialga\n|-supereffective|p2a: Dialga\n|-damage|p2a: Dialga|0 fnt\n|-unboost|p1a: Zacian|def|1\n|-unboost|p1a: Zacian|spd|1\n|faint|p2a: Dialga\n|\n|upkeep\n|inactive|BlazerZX has 270 seconds left.\n|\n|t:|1699224297\n|switch|p2a: Spectrier|Spectrier|100\/100\n|turn|26\n|\n|t:|1699224312\n|-terastallize|p1a: Zacian|Fire\n|move|p1a: Zacian|Play Rough|p2a: Spectrier\n|-damage|p2a: Spectrier|0 fnt\n|faint|p2a: Spectrier\n|\n|upkeep\n|\n|t:|1699224318\n|switch|p2a: Zacian|Zacian, tera:Fire|39\/100\n|-damage|p2a: Zacian|27\/100|[from] Spikes\n|turn|27\n|\n|t:|1699224325\n|move|p2a: Zacian|Close Combat|p1a: Zacian\n|-crit|p1a: Zacian\n|-damage|p1a: Zacian|19\/100\n|-unboost|p2a: Zacian|def|1\n|-unboost|p2a: Zacian|spd|1\n|move|p1a: Zacian|Close Combat|p2a: Zacian\n|-damage|p2a: Zacian|0 fnt\n|-unboost|p1a: Zacian|def|1\n|-unboost|p1a: Zacian|spd|1\n|faint|p2a: Zacian\n|\n|win|Spectrum725\n|c|\u2606Spectrum725|gg\n|c|\u2606BlazerZX|gg\n|l|\u2606Spectrum725\n","uploadtime":1699224338,"views":25,"p1id":"spectrum725","p2id":"blazerzx","formatid":"gen9ubers","rating":0,"private":0,"password":""}