{"id":"gen9ubers-1984982820","p1":"Acetraineraegis","p2":"tourney goer","format":"[Gen 9] Ubers","log":"|j|\u2606Acetraineraegis\n|j|\u2606tourney goer\n|t:|1699317416\n|gametype|singles\n|player|p1|Acetraineraegis|skierf-gen4dp|\n|player|p2|tourney goer|worker-gen4|\n|teamsize|p1|6\n|teamsize|p2|6\n|gen|9\n|tier|[Gen 9] Ubers\n|rule|Sleep Clause Mod: Limit one foe put to sleep\n|rule|Species Clause: Limit one of each Pok\u00e9mon\n|rule|OHKO Clause: OHKO moves are banned\n|rule|Evasion Items Clause: Evasion items are banned\n|rule|Evasion Moves Clause: Evasion moves are banned\n|rule|Endless Battle Clause: Forcing endless battles is banned\n|rule|HP Percentage Mod: HP is shown in percentages\n|clearpoke\n|poke|p1|Arceus-Ice|\n|poke|p1|Ninetales-Alola, M|\n|poke|p1|Zacian-*|\n|poke|p1|Shaymin-Sky|\n|poke|p1|Volcarona, F|\n|poke|p1|Baxcalibur, F|\n|poke|p2|Ninetales-Alola, M|\n|poke|p2|Baxcalibur, F|\n|poke|p2|Hattrem, F|\n|poke|p2|Cetitan, F|\n|poke|p2|Slowking-Galar, M|\n|poke|p2|Dialga|\n|teampreview\n|\n|t:|1699317428\n|start\n|switch|p1a: Volcarona|Volcarona, F|100\/100\n|switch|p2a: Ninetales|Ninetales-Alola, M|100\/100\n|-weather|Snow|[from] ability: Snow Warning|[of] p2a: Ninetales\n|turn|1\n|\n|t:|1699317431\n|move|p2a: Ninetales|Aurora Veil|p2a: Ninetales\n|-sidestart|p2: tourney goer|move: Aurora Veil\n|move|p1a: Volcarona|Quiver Dance|p1a: Volcarona\n|-boost|p1a: Volcarona|spa|1\n|-boost|p1a: Volcarona|spd|1\n|-boost|p1a: Volcarona|spe|1\n|\n|-weather|Snow|[upkeep]\n|upkeep\n|turn|2\n|\n|t:|1699317434\n|move|p1a: Volcarona|Quiver Dance|p1a: Volcarona\n|-boost|p1a: Volcarona|spa|1\n|-boost|p1a: Volcarona|spd|1\n|-boost|p1a: Volcarona|spe|1\n|move|p2a: Ninetales|Roar|p1a: Volcarona\n|drag|p1a: Zacian|Zacian|100\/100\n|-ability|p1a: Zacian|Intrepid Sword|boost\n|-boost|p1a: Zacian|atk|1\n|\n|-weather|Snow|[upkeep]\n|upkeep\n|turn|3\n|\n|t:|1699317443\n|switch|p2a: Hattrem|Hattrem, F|100\/100\n|move|p1a: Zacian|Iron Head|p2a: Hattrem\n|-crit|p2a: Hattrem\n|-damage|p2a: Hattrem|13\/100\n|-enditem|p2a: Hattrem|Eject Button\n|\n|t:|1699317445\n|switch|p2a: Dialga|Dialga|100\/100\n|-ability|p2a: Dialga|Pressure\n|\n|-weather|Snow|[upkeep]\n|upkeep\n|turn|4\n|\n|t:|1699317459\n|switch|p1a: Shaymin|Shaymin-Sky|100\/100\n|move|p2a: Dialga|Flash Cannon|p1a: Shaymin\n|-damage|p1a: Shaymin|46\/100\n|\n|-weather|Snow|[upkeep]\n|upkeep\n|turn|5\n|\n|t:|1699317463\n|switch|p2a: Hattrem|Hattrem, F|13\/100\n|move|p1a: Shaymin|Earth Power|p2a: Hattrem\n|-damage|p2a: Hattrem|0 fnt\n|faint|p2a: Hattrem\n|\n|-weather|none\n|upkeep\n|\n|t:|1699317466\n|switch|p2a: Slowking|Slowking-Galar, M|100\/100\n|turn|6\n|\n|t:|1699317469\n|move|p1a: Shaymin|Earth Power|p2a: Slowking\n|-supereffective|p2a: Slowking\n|-damage|p2a: Slowking|72\/100\n|-unboost|p2a: Slowking|spd|1\n|move|p2a: Slowking|Chilly Reception|p2a: Slowking\n|-weather|Snow\n|\n|t:|1699317471\n|switch|p2a: Cetitan|Cetitan, F|100\/100|[from] Chilly Reception\n|\n|-weather|Snow|[upkeep]\n|upkeep\n|turn|7\n|\n|t:|1699317479\n|switch|p1a: Zacian|Zacian|100\/100\n|move|p2a: Cetitan|Belly Drum|p2a: Cetitan\n|-damage|p2a: Cetitan|50\/100\n|-setboost|p2a: Cetitan|atk|6|[from] move: Belly Drum\n|-enditem|p2a: Cetitan|Sitrus Berry|[eat]\n|-heal|p2a: Cetitan|75\/100|[from] item: Sitrus Berry\n|\n|-weather|Snow|[upkeep]\n|upkeep\n|turn|8\n|\n|t:|1699317482\n|move|p2a: Cetitan|Ice Spinner|p1a: Zacian\n|-crit|p1a: Zacian\n|-damage|p1a: Zacian|0 fnt\n|faint|p1a: Zacian\n|\n|-weather|Snow|[upkeep]\n|-sideend|p2: tourney goer|move: Aurora Veil\n|upkeep\n|\n|t:|1699317491\n|switch|p1a: Ninetales|Ninetales-Alola, M|100\/100\n|turn|9\n|\n|t:|1699317493\n|move|p2a: Cetitan|Earthquake|p1a: Ninetales\n|-damage|p1a: Ninetales|8\/100\n|move|p1a: Ninetales|Roar|p2a: Cetitan\n|drag|p2a: Ninetales|Ninetales-Alola, M|100\/100\n|\n|-weather|Snow|[upkeep]\n|upkeep\n|turn|10\n|\n|t:|1699317501\n|switch|p1a: Volcarona|Volcarona, F|100\/100\n|move|p2a: Ninetales|Freeze-Dry|p1a: Volcarona\n|-resisted|p1a: Volcarona\n|-damage|p1a: Volcarona|90\/100\n|\n|-weather|Snow|[upkeep]\n|upkeep\n|turn|11\n|\n|t:|1699317503\n|move|p2a: Ninetales|Aurora Veil|p2a: Ninetales\n|-sidestart|p2: tourney goer|move: Aurora Veil\n|move|p1a: Volcarona|Fiery Dance|p2a: Ninetales\n|-supereffective|p2a: Ninetales\n|-damage|p2a: Ninetales|57\/100\n|-boost|p1a: Volcarona|spa|1\n|\n|-weather|Snow|[upkeep]\n|upkeep\n|turn|12\n|\n|t:|1699317511\n|move|p1a: Volcarona|Fiery Dance|p2a: Ninetales\n|-supereffective|p2a: Ninetales\n|-damage|p2a: Ninetales|0 fnt\n|faint|p2a: Ninetales\n|\n|-weather|Snow|[upkeep]\n|upkeep\n|\n|t:|1699317513\n|switch|p2a: Baxcalibur|Baxcalibur, F|100\/100\n|turn|13\n|\n|t:|1699317518\n|move|p1a: Volcarona|Quiver Dance|p1a: Volcarona\n|-boost|p1a: Volcarona|spa|1\n|-boost|p1a: Volcarona|spd|1\n|-boost|p1a: Volcarona|spe|1\n|move|p2a: Baxcalibur|Dragon Dance|p2a: Baxcalibur\n|-boost|p2a: Baxcalibur|atk|1\n|-boost|p2a: Baxcalibur|spe|1\n|\n|-weather|none\n|upkeep\n|turn|14\n|\n|t:|1699317521\n|move|p1a: Volcarona|Fiery Dance|p2a: Baxcalibur\n|-damage|p2a: Baxcalibur|57\/100\n|-boost|p1a: Volcarona|spa|1\n|-ability|p2a: Baxcalibur|Thermal Exchange|boost\n|-boost|p2a: Baxcalibur|atk|1\n|move|p2a: Baxcalibur|Glaive Rush|p1a: Volcarona\n|-damage|p1a: Volcarona|0 fnt\n|-singlemove|p2a: Baxcalibur|Glaive Rush|[silent]\n|faint|p1a: Volcarona\n|\n|upkeep\n|\n|t:|1699317526\n|switch|p1a: Shaymin|Shaymin-Sky|46\/100\n|turn|15\n|\n|t:|1699317531\n|move|p1a: Shaymin|Air Slash|p2a: Baxcalibur\n|-damage|p2a: Baxcalibur|16\/100\n|move|p2a: Baxcalibur|Icicle Spear|p1a: Shaymin\n|-supereffective|p1a: Shaymin\n|-damage|p1a: Shaymin|0 fnt\n|faint|p1a: Shaymin\n|-hitcount|p1: Shaymin|1\n|\n|upkeep\n|\n|t:|1699317536\n|switch|p1a: Baxcalibur|Baxcalibur, F|100\/100\n|turn|16\n|\n|t:|1699317540\n|move|p2a: Baxcalibur|Icicle Spear|p1a: Baxcalibur\n|-damage|p1a: Baxcalibur|71\/100\n|-damage|p1a: Baxcalibur|43\/100\n|-damage|p1a: Baxcalibur|16\/100\n|-damage|p1a: Baxcalibur|0 fnt\n|faint|p1a: Baxcalibur\n|-hitcount|p1: Baxcalibur|4\n|\n|upkeep\n|\n|t:|1699317544\n|switch|p1a: Arceus|Arceus-Ice|100\/100\n|turn|17\n|\n|t:|1699317547\n|-terastallize|p1a: Arceus|Fire\n|move|p2a: Baxcalibur|Glaive Rush|p1a: Arceus\n|-damage|p1a: Arceus|20\/100\n|-singlemove|p2a: Baxcalibur|Glaive Rush|[silent]\n|move|p1a: Arceus|Calm Mind|p1a: Arceus\n|-boost|p1a: Arceus|spa|1\n|-boost|p1a: Arceus|spd|1\n|\n|upkeep\n|turn|18\n|\n|t:|1699317552\n|move|p2a: Baxcalibur|Glaive Rush|p1a: Arceus\n|-damage|p1a: Arceus|0 fnt\n|-singlemove|p2a: Baxcalibur|Glaive Rush|[silent]\n|faint|p1a: Arceus\n|\n|-sideend|p2: tourney goer|move: Aurora Veil\n|upkeep\n|\n|t:|1699317554\n|switch|p1a: Ninetales|Ninetales-Alola, M|8\/100\n|-weather|Snow|[from] ability: Snow Warning|[of] p1a: Ninetales\n|turn|19\n|\n|t:|1699317556\n|move|p2a: Baxcalibur|Icicle Spear|p1a: Ninetales\n|-resisted|p1a: Ninetales\n|-damage|p1a: Ninetales|0 fnt\n|faint|p1a: Ninetales\n|-hitcount|p1: Ninetales|1\n|\n|win|tourney goer\n|c|\u2606tourney goer|gg\n|c|\u2606Acetraineraegis|Gg\n|l|\u2606Acetraineraegis\n","uploadtime":1699317568,"views":38,"p1id":"acetraineraegis","p2id":"tourneygoer","formatid":"gen9ubers","rating":0,"private":0,"password":""}