{"id":"gen9ubers-1969227501","p1":"bennymbs","p2":"XpokVEVO","format":"[Gen 9] Ubers","log":"|j|\u2606bennymbs\n|j|\u2606XpokVEVO\n|t:|1697502516\n|gametype|singles\n|player|p1|bennymbs|mina|\n|player|p2|XpokVEVO|mustard|\n|teamsize|p1|6\n|teamsize|p2|6\n|gen|9\n|tier|[Gen 9] Ubers\n|rule|Sleep Clause Mod: Limit one foe put to sleep\n|rule|Species Clause: Limit one of each Pok\u00e9mon\n|rule|OHKO Clause: OHKO moves are banned\n|rule|Evasion Items Clause: Evasion items are banned\n|rule|Evasion Moves Clause: Evasion moves are banned\n|rule|Endless Battle Clause: Forcing endless battles is banned\n|rule|HP Percentage Mod: HP is shown in percentages\n|clearpoke\n|poke|p1|Magearna|\n|poke|p1|Ursaluna, M|\n|poke|p1|Dialga|\n|poke|p1|Cresselia, F|\n|poke|p1|Dragapult, M|\n|poke|p1|Giratina|\n|poke|p2|Arceus-Fire|\n|poke|p2|Shaymin-Sky|\n|poke|p2|Cyclizar, F|\n|poke|p2|Espathra, F|\n|poke|p2|Magearna|\n|poke|p2|Sneasler, M|\n|teampreview\n|inactive|Battle timer is ON: inactive players will automatically lose when time's up. (requested by bennymbs)\n|inactive|bennymbs has 270 seconds left.\n|\n|t:|1697502548\n|start\n|switch|p1a: Cresselia|Cresselia, F|100\/100\n|switch|p2a: Akira|Cyclizar, F|100\/100\n|turn|1\n|\n|t:|1697502573\n|move|p2a: Akira|Taunt|p1a: Cresselia\n|-start|p1a: Cresselia|move: Taunt\n|cant|p1a: Cresselia|move: Taunt|Trick Room\n|\n|upkeep\n|turn|2\n|c|\u2606XpokVEVO|try hatterene sash next time\n|\n|t:|1697502590\n|switch|p1a: Magearna|Magearna|100\/100\n|move|p2a: Akira|Shed Tail|p2a: Akira\n|-start|p2a: Akira|Substitute|[from] move: Shed Tail\n|-damage|p2a: Akira|50\/100\n|inactive|XpokVEVO has 270 seconds left.\n|\n|t:|1697502602\n|switch|p2a: Emu War|Espathra, F|100\/100|[from] Shed Tail\n|\n|upkeep\n|turn|3\n|c|\u2606bennymbs|Hattrene sash sounds hilarious\n|c|\u2606bennymbs|I wonder\n|\n|t:|1697502625\n|move|p2a: Emu War|Calm Mind|p2a: Emu War\n|-boost|p2a: Emu War|spa|1\n|-boost|p2a: Emu War|spd|1\n|move|p1a: Magearna|Trick Room|p1a: Magearna\n|-fieldstart|move: Trick Room|[of] p1a: Magearna\n|\n|-ability|p2a: Emu War|Speed Boost|boost\n|-boost|p2a: Emu War|spe|1\n|upkeep\n|turn|4\n|inactive|XpokVEVO has 270 seconds left.\n|\n|t:|1697502652\n|move|p2a: Emu War|Protect|p2a: Emu War\n|-singleturn|p2a: Emu War|Protect\n|move|p1a: Magearna|Encore|p2a: Emu War\n|-activate|p2a: Emu War|move: Protect\n|\n|-ability|p2a: Emu War|Speed Boost|boost\n|-boost|p2a: Emu War|spe|1\n|upkeep\n|turn|5\n|\n|t:|1697502656\n|move|p1a: Magearna|Encore|p2a: Emu War\n|-start|p2a: Emu War|Encore\n|move|p2a: Emu War|Protect||[still]\n|-fail|p2a: Emu War\n|\n|-ability|p2a: Emu War|Speed Boost|boost\n|-boost|p2a: Emu War|spe|1\n|upkeep\n|turn|6\n|\n|t:|1697502666\n|move|p2a: Emu War|Protect|p2a: Emu War\n|-singleturn|p2a: Emu War|Protect\n|move|p1a: Magearna|Volt Switch|p2a: Emu War\n|-activate|p2a: Emu War|move: Protect\n|\n|-ability|p2a: Emu War|Speed Boost|boost\n|-boost|p2a: Emu War|spe|1\n|upkeep\n|turn|7\n|c|\u2606XpokVEVO|awful decision\n|\n|t:|1697502670\n|move|p2a: Emu War|Protect|p2a: Emu War\n|-singleturn|p2a: Emu War|Protect\n|move|p1a: Magearna|Volt Switch|p2a: Emu War\n|-activate|p2a: Emu War|move: Protect\n|\n|-end|p2a: Emu War|Encore\n|-fieldend|move: Trick Room\n|-ability|p2a: Emu War|Speed Boost|boost\n|-boost|p2a: Emu War|spe|1\n|upkeep\n|turn|8\n|c|\u2606bennymbs|Lmao, real\n|\n|t:|1697502683\n|move|p2a: Emu War|Stored Power|p1a: Magearna\n|-resisted|p1a: Magearna\n|-damage|p1a: Magearna|63\/100\n|move|p1a: Magearna|Trick Room|p1a: Magearna\n|-fieldstart|move: Trick Room|[of] p1a: Magearna\n|\n|-heal|p1a: Magearna|69\/100|[from] item: Leftovers\n|-ability|p2a: Emu War|Speed Boost|boost\n|-boost|p2a: Emu War|spe|1\n|upkeep\n|turn|9\n|\n|t:|1697502698\n|move|p2a: Emu War|Protect|p2a: Emu War\n|-singleturn|p2a: Emu War|Protect\n|move|p1a: Magearna|Fleur Cannon|p2a: Emu War\n|-activate|p2a: Emu War|move: Protect\n|\n|-heal|p1a: Magearna|75\/100|[from] item: Leftovers\n|upkeep\n|turn|10\n|\n|t:|1697502702\n|move|p1a: Magearna|Encore|p2a: Emu War\n|-start|p2a: Emu War|Encore\n|move|p2a: Emu War|Protect||[still]\n|-fail|p2a: Emu War\n|\n|-heal|p1a: Magearna|81\/100|[from] item: Leftovers\n|upkeep\n|turn|11\n|\n|t:|1697502709\n|switch|p1a: Dragapult|Dragapult, M|100\/100\n|move|p2a: Emu War|Protect||[still]\n|-fail|p2a: Emu War\n|\n|upkeep\n|turn|12\n|\n|t:|1697502717\n|-terastallize|p1a: Dragapult|Ghost\n|-terastallize|p2a: Emu War|Fairy\n|move|p2a: Emu War|Protect|p2a: Emu War\n|-singleturn|p2a: Emu War|Protect\n|move|p1a: Dragapult|Tera Blast|p2a: Emu War|[anim] Tera Blast Ghost\n|-activate|p2a: Emu War|move: Protect\n|\n|-end|p2a: Emu War|Encore\n|-fieldend|move: Trick Room\n|upkeep\n|turn|13\n|\n|t:|1697502728\n|move|p2a: Emu War|Stored Power|p1a: Dragapult\n|-damage|p1a: Dragapult|0 fnt\n|faint|p1a: Dragapult\n|\n|upkeep\n|c|\u2606bennymbs|I might be blind\n|\n|t:|1697502741\n|switch|p1a: Magearna|Magearna|81\/100\n|turn|14\n|c|\u2606XpokVEVO|blind to?\n|\n|t:|1697502744\n|move|p2a: Emu War|Calm Mind|p2a: Emu War\n|-boost|p2a: Emu War|spa|1\n|-boost|p2a: Emu War|spd|1\n|move|p1a: Magearna|Trick Room|p1a: Magearna\n|-fieldstart|move: Trick Room|[of] p1a: Magearna\n|\n|-heal|p1a: Magearna|87\/100|[from] item: Leftovers\n|upkeep\n|turn|15\n|\n|t:|1697502754\n|move|p2a: Emu War|Protect|p2a: Emu War\n|-singleturn|p2a: Emu War|Protect\n|move|p1a: Magearna|Fleur Cannon|p2a: Emu War\n|-activate|p2a: Emu War|move: Protect\n|\n|-heal|p1a: Magearna|93\/100|[from] item: Leftovers\n|upkeep\n|turn|16\n|\n|t:|1697502778\n|move|p1a: Magearna|Encore|p2a: Emu War\n|-start|p2a: Emu War|Encore\n|move|p2a: Emu War|Protect||[still]\n|-fail|p2a: Emu War\n|\n|-heal|p1a: Magearna|99\/100|[from] item: Leftovers\n|upkeep\n|turn|17\n|c|\u2606bennymbs|I thought the Protect had succeed twice in a row and it was a 25% chance. It had failed.\n|\n|t:|1697502805\n|move|p2a: Emu War|Protect|p2a: Emu War\n|-singleturn|p2a: Emu War|Protect\n|move|p1a: Magearna|Fleur Cannon|p2a: Emu War\n|-activate|p2a: Emu War|move: Protect\n|\n|-heal|p1a: Magearna|100\/100|[from] item: Leftovers\n|upkeep\n|turn|18\n|\n|t:|1697502808\n|move|p2a: Emu War|Protect||[still]\n|-fail|p2a: Emu War\n|move|p1a: Magearna|Fleur Cannon|p2a: Emu War\n|-end|p2a: Emu War|Substitute\n|-unboost|p1a: Magearna|spa|2\n|\n|-end|p2a: Emu War|Encore\n|-fieldend|move: Trick Room\n|upkeep\n|turn|19\n|\n|t:|1697502816\n|move|p2a: Emu War|Calm Mind|p2a: Emu War\n|-boost|p2a: Emu War|spa|1\n|-boost|p2a: Emu War|spd|1\n|move|p1a: Magearna|Trick Room|p1a: Magearna\n|-fieldstart|move: Trick Room|[of] p1a: Magearna\n|\n|upkeep\n|turn|20\n|\n|t:|1697502826\n|move|p2a: Emu War|Protect|p2a: Emu War\n|-singleturn|p2a: Emu War|Protect\n|move|p1a: Magearna|Volt Switch|p2a: Emu War\n|-activate|p2a: Emu War|move: Protect\n|\n|upkeep\n|turn|21\n|\n|t:|1697502837\n|move|p1a: Magearna|Encore|p2a: Emu War\n|-start|p2a: Emu War|Encore\n|move|p2a: Emu War|Protect||[still]\n|-fail|p2a: Emu War\n|\n|upkeep\n|turn|22\n|\n|t:|1697502844\n|switch|p1a: Ursaluna|Ursaluna, M|100\/100\n|move|p2a: Emu War|Protect||[still]\n|-fail|p2a: Emu War\n|\n|-status|p1a: Ursaluna|brn|[from] item: Flame Orb\n|upkeep\n|turn|23\n|c|\u2606XpokVEVO|and were done\n|\n|t:|1697502854\n|switch|p1a: Magearna|Magearna|100\/100\n|move|p2a: Emu War|Protect||[still]\n|-fail|p2a: Emu War\n|\n|-end|p2a: Emu War|Encore\n|-fieldend|move: Trick Room\n|upkeep\n|turn|24\n|\n|t:|1697502862\n|move|p2a: Emu War|Stored Power|p1a: Magearna\n|-resisted|p1a: Magearna\n|-damage|p1a: Magearna|11\/100\n|move|p1a: Magearna|Trick Room|p1a: Magearna\n|-fieldstart|move: Trick Room|[of] p1a: Magearna\n|\n|-heal|p1a: Magearna|17\/100|[from] item: Leftovers\n|upkeep\n|turn|25\n|\n|t:|1697502870\n|switch|p1a: Ursaluna|Ursaluna, M|100\/100 brn\n|move|p2a: Emu War|Calm Mind|p2a: Emu War\n|-boost|p2a: Emu War|spa|1\n|-boost|p2a: Emu War|spd|1\n|\n|-damage|p1a: Ursaluna|94\/100 brn|[from] brn\n|upkeep\n|turn|26\n|\n|t:|1697502873\n|move|p1a: Ursaluna|Facade|p2a: Emu War\n|-enditem|p2a: Emu War|Focus Sash\n|-damage|p2a: Emu War|1\/100\n|move|p2a: Emu War|Stored Power|p1a: Ursaluna\n|-damage|p1a: Ursaluna|0 fnt\n|faint|p1a: Ursaluna\n|\n|upkeep\n|\n|t:|1697502883\n|switch|p1a: Magearna|Magearna|17\/100\n|turn|27\n|\n|t:|1697502885\n|move|p1a: Magearna|Volt Switch|p2a: Emu War\n|-damage|p2a: Emu War|0 fnt\n|faint|p2a: Emu War\n|-ability|p1a: Magearna|Soul-Heart|boost\n|-boost|p1a: Magearna|spa|1\n|\n|t:|1697502889\n|switch|p1a: Dialga|Dialga|100\/100|[from] Volt Switch\n|-ability|p1a: Dialga|Pressure\n|\n|upkeep\n|\n|t:|1697502892\n|switch|p2a: I miss this I kms|Sneasler, M|100\/100\n|turn|28\n|\n|t:|1697502904\n|move|p1a: Dialga|Draco Meteor|p2a: I miss this I kms\n|-enditem|p2a: I miss this I kms|Focus Sash\n|-damage|p2a: I miss this I kms|1\/100\n|-unboost|p1a: Dialga|spa|2\n|move|p2a: I miss this I kms|Swords Dance|p2a: I miss this I kms\n|-boost|p2a: I miss this I kms|atk|2\n|\n|-fieldend|move: Trick Room\n|upkeep\n|turn|29\n|\n|t:|1697502911\n|switch|p1a: Magearna|Magearna|17\/100\n|move|p2a: I miss this I kms|Close Combat|p1a: Magearna\n|-damage|p1a: Magearna|0 fnt\n|-unboost|p2a: I miss this I kms|def|1\n|-unboost|p2a: I miss this I kms|spd|1\n|faint|p1a: Magearna\n|\n|upkeep\n|\n|t:|1697502915\n|switch|p1a: E-Killer Counter|Giratina|100\/100\n|-ability|p1a: E-Killer Counter|Pressure\n|turn|30\n|\n|t:|1697502919\n|move|p2a: I miss this I kms|Gunk Shot|p1a: E-Killer Counter\n|-resisted|p1a: E-Killer Counter\n|-damage|p1a: E-Killer Counter|73\/100\n|move|p1a: E-Killer Counter|Shadow Ball|p2a: I miss this I kms\n|-damage|p2a: I miss this I kms|0 fnt\n|faint|p2a: I miss this I kms\n|\n|-heal|p1a: E-Killer Counter|79\/100|[from] item: Leftovers\n|upkeep\n|\n|t:|1697502925\n|switch|p2a: Aunt Fanny|Magearna|100\/100\n|turn|31\n|\n|t:|1697502931\n|switch|p1a: Cresselia|Cresselia, F|100\/100\n|move|p2a: Aunt Fanny|Fleur Cannon|p1a: Cresselia\n|-damage|p1a: Cresselia|36\/100\n|-unboost|p2a: Aunt Fanny|spa|2\n|-damage|p2a: Aunt Fanny|91\/100|[from] item: Life Orb\n|\n|-heal|p1a: Cresselia|42\/100|[from] item: Leftovers\n|upkeep\n|turn|32\n|\n|t:|1697502937\n|move|p2a: Aunt Fanny|Volt Switch|p1a: Cresselia\n|-damage|p1a: Cresselia|31\/100\n|-damage|p2a: Aunt Fanny|81\/100|[from] item: Life Orb\n|\n|t:|1697502941\n|switch|p2a: Arceus-Fight\u0131ng|Arceus-Fire, shiny|100\/100|[from] Volt Switch\n|move|p1a: Cresselia|Calm Mind|p1a: Cresselia\n|-boost|p1a: Cresselia|spa|1\n|-boost|p1a: Cresselia|spd|1\n|\n|-heal|p1a: Cresselia|37\/100|[from] item: Leftovers\n|upkeep\n|turn|33\n|c|\u2606XpokVEVO|wh\n|c|\u2606XpokVEVO|n\n|c|\u2606XpokVEVO|no trick room?\n|\n|t:|1697502953\n|switch|p1a: E-Killer Counter|Giratina|79\/100\n|-ability|p1a: E-Killer Counter|Pressure\n|move|p2a: Arceus-Fight\u0131ng|Flare Blitz|p1a: E-Killer Counter\n|-resisted|p1a: E-Killer Counter\n|-damage|p1a: E-Killer Counter|63\/100\n|-status|p1a: E-Killer Counter|brn\n|-damage|p2a: Arceus-Fight\u0131ng|94\/100|[from] Recoil\n|\n|-heal|p1a: E-Killer Counter|69\/100 brn|[from] item: Leftovers\n|-damage|p1a: E-Killer Counter|63\/100 brn|[from] brn\n|upkeep\n|turn|34\n|\n|t:|1697502958\n|move|p2a: Arceus-Fight\u0131ng|Dragon Dance|p2a: Arceus-Fight\u0131ng\n|-boost|p2a: Arceus-Fight\u0131ng|atk|1\n|-boost|p2a: Arceus-Fight\u0131ng|spe|1\n|move|p1a: E-Killer Counter|Dragon Tail|p2a: Arceus-Fight\u0131ng\n|-damage|p2a: Arceus-Fight\u0131ng|86\/100\n|drag|p2a: Aunt Fanny|Magearna|81\/100\n|\n|-heal|p1a: E-Killer Counter|69\/100 brn|[from] item: Leftovers\n|-damage|p1a: E-Killer Counter|63\/100 brn|[from] brn\n|upkeep\n|turn|35\n|\n|t:|1697502962\n|switch|p1a: Cresselia|Cresselia, F|37\/100\n|move|p2a: Aunt Fanny|Shift Gear|p2a: Aunt Fanny\n|-boost|p2a: Aunt Fanny|spe|2\n|-boost|p2a: Aunt Fanny|atk|1\n|\n|-heal|p1a: Cresselia|43\/100|[from] item: Leftovers\n|upkeep\n|turn|36\n|\n|t:|1697502966\n|move|p2a: Aunt Fanny|Flash Cannon|p1a: Cresselia\n|-damage|p1a: Cresselia|2\/100\n|-damage|p2a: Aunt Fanny|71\/100|[from] item: Life Orb\n|move|p1a: Cresselia|Trick Room|p1a: Cresselia\n|-fieldstart|move: Trick Room|[of] p1a: Cresselia\n|\n|-heal|p1a: Cresselia|8\/100|[from] item: Leftovers\n|upkeep\n|turn|37\n|\n|t:|1697502971\n|move|p1a: Cresselia|Moonlight|p1a: Cresselia\n|-heal|p1a: Cresselia|58\/100\n|move|p2a: Aunt Fanny|Volt Switch|p1a: Cresselia\n|-damage|p1a: Cresselia|34\/100\n|-damage|p2a: Aunt Fanny|61\/100|[from] item: Life Orb\n|\n|t:|1697502984\n|switch|p2a: Akira|Cyclizar, F|84\/100|[from] Volt Switch\n|\n|-heal|p1a: Cresselia|40\/100|[from] item: Leftovers\n|upkeep\n|turn|38\n|\n|t:|1697503000\n|move|p1a: Cresselia|Calm Mind|p1a: Cresselia\n|-boost|p1a: Cresselia|spa|1\n|-boost|p1a: Cresselia|spd|1\n|move|p2a: Akira|Shed Tail|p2a: Akira\n|-start|p2a: Akira|Substitute|[from] move: Shed Tail\n|-damage|p2a: Akira|34\/100\n|\n|t:|1697503006\n|switch|p2a: Arceus-Fight\u0131ng|Arceus-Fire, shiny|86\/100|[from] Shed Tail\n|\n|-heal|p1a: Cresselia|46\/100|[from] item: Leftovers\n|upkeep\n|turn|39\n|\n|t:|1697503013\n|move|p1a: Cresselia|Stored Power|p2a: Arceus-Fight\u0131ng\n|-end|p2a: Arceus-Fight\u0131ng|Substitute\n|move|p2a: Arceus-Fight\u0131ng|Roar|p1a: Cresselia\n|drag|p1a: E-Killer Counter|Giratina|63\/100 brn\n|-ability|p1a: E-Killer Counter|Pressure\n|\n|-heal|p1a: E-Killer Counter|69\/100 brn|[from] item: Leftovers\n|-damage|p1a: E-Killer Counter|63\/100 brn|[from] brn\n|upkeep\n|turn|40\n|\n|t:|1697503018\n|move|p2a: Arceus-Fight\u0131ng|Dragon Dance|p2a: Arceus-Fight\u0131ng\n|-boost|p2a: Arceus-Fight\u0131ng|atk|1\n|-boost|p2a: Arceus-Fight\u0131ng|spe|1\n|move|p1a: E-Killer Counter|Dragon Tail|p2a: Arceus-Fight\u0131ng\n|-damage|p2a: Arceus-Fight\u0131ng|79\/100\n|drag|p2a: Sonic|Shaymin-Sky, shiny|100\/100\n|\n|-heal|p1a: E-Killer Counter|69\/100 brn|[from] item: Leftovers\n|-damage|p1a: E-Killer Counter|63\/100 brn|[from] brn\n|-fieldend|move: Trick Room\n|upkeep\n|turn|41\n|\n|t:|1697503034\n|switch|p1a: Cresselia|Cresselia, F|46\/100\n|move|p2a: Sonic|Seed Flare|p1a: Cresselia\n|-damage|p1a: Cresselia|0 fnt\n|faint|p1a: Cresselia\n|-damage|p2a: Sonic|91\/100|[from] item: Life Orb\n|\n|upkeep\n|inactive|bennymbs has 270 seconds left.\n|c|\u2606bennymbs|Ah. Thought it'd be EP tbh\n|\n|t:|1697503065\n|switch|p1a: Dialga|Dialga|100\/100\n|-ability|p1a: Dialga|Pressure\n|turn|42\n|\n|t:|1697503075\n|move|p2a: Sonic|Earth Power|p1a: Dialga\n|-supereffective|p1a: Dialga\n|-damage|p1a: Dialga|35\/100\n|-damage|p2a: Sonic|81\/100|[from] item: Life Orb\n|move|p1a: Dialga|Flash Cannon|p2a: Sonic\n|-damage|p2a: Sonic|18\/100\n|\n|-heal|p1a: Dialga|41\/100|[from] item: Leftovers\n|upkeep\n|turn|43\n|\n|t:|1697503082\n|move|p2a: Sonic|Earth Power|p1a: Dialga\n|-supereffective|p1a: Dialga\n|-damage|p1a: Dialga|0 fnt\n|faint|p1a: Dialga\n|-damage|p2a: Sonic|8\/100|[from] item: Life Orb\n|\n|upkeep\n|\n|t:|1697503085\n|switch|p1a: E-Killer Counter|Giratina|63\/100 brn\n|-ability|p1a: E-Killer Counter|Pressure\n|turn|44\n|\n|t:|1697503092\n|move|p2a: Sonic|Healing Wish|p2a: Sonic\n|faint|p2a: Sonic\n|move|p1a: E-Killer Counter|Dragon Tail|p2: Sonic|[notarget]\n|-fail|p1a: E-Killer Counter\n|\n|-heal|p1a: E-Killer Counter|69\/100 brn|[from] item: Leftovers\n|-damage|p1a: E-Killer Counter|63\/100 brn|[from] brn\n|upkeep\n|\n|t:|1697503093\n|switch|p2a: Aunt Fanny|Magearna|61\/100\n|-heal|p2a: Aunt Fanny|100\/100|[from] move: Healing Wish\n|turn|45\n|c|\u2606XpokVEVO|gg\n|\n|t:|1697503100\n|move|p1a: E-Killer Counter|Shadow Ball|p2a: Aunt Fanny\n|-damage|p2a: Aunt Fanny|73\/100\n|move|p2a: Aunt Fanny|Fleur Cannon|p1a: E-Killer Counter\n|-supereffective|p1a: E-Killer Counter\n|-damage|p1a: E-Killer Counter|0 fnt\n|-unboost|p2a: Aunt Fanny|spa|2\n|faint|p1a: E-Killer Counter\n|-damage|p2a: Aunt Fanny|63\/100|[from] item: Life Orb\n|\n|win|XpokVEVO\n|l|\u2606XpokVEVO\n|l|\u2606bennymbs\n|j|\u2606XpokVEVO\n|player|p2|XpokVEVO|mustard\n","uploadtime":1697503229,"views":37,"p1id":"bennymbs","p2id":"xpokvevo","formatid":"gen9ubers","rating":0,"private":0,"password":""}