{"id":"gen9ubers-1989803369","p1":"naiky23","p2":"Anne Frankkkk","format":"[Gen 9] Ubers","log":"|j|\u2606naiky23\n|j|\u2606Anne Frankkkk\n|t:|1699897056\n|gametype|singles\n|player|p1|naiky23|170|1047\n|player|p2|Anne Frankkkk|hilbert|1168\n|teamsize|p1|6\n|teamsize|p2|6\n|gen|9\n|tier|[Gen 9] Ubers\n|rated|\n|rule|Sleep Clause Mod: Limit one foe put to sleep\n|rule|Species Clause: Limit one of each Pok\u00e9mon\n|rule|OHKO Clause: OHKO moves are banned\n|rule|Evasion Items Clause: Evasion items are banned\n|rule|Evasion Moves Clause: Evasion moves are banned\n|rule|Endless Battle Clause: Forcing endless battles is banned\n|rule|HP Percentage Mod: HP is shown in percentages\n|clearpoke\n|poke|p1|Gliscor, F|\n|poke|p1|Roaring Moon|\n|poke|p1|Toxapex, F|\n|poke|p1|Lucario, F|\n|poke|p1|Arcanine, F|\n|poke|p1|Ninetales-Alola, M|\n|poke|p2|Iron Hands|\n|poke|p2|Kyogre|\n|poke|p2|Chien-Pao|\n|poke|p2|Ribombee, F|\n|poke|p2|Miraidon|\n|poke|p2|Flutter Mane|\n|teampreview\n|\n|t:|1699897072\n|start\n|switch|p1a: Ninetales|Ninetales-Alola, M|100\/100\n|switch|p2a: Moonblast|Ribombee, F, shiny|100\/100\n|-weather|Snow|[from] ability: Snow Warning|[of] p1a: Ninetales\n|turn|1\n|inactive|Battle timer is ON: inactive players will automatically lose when time's up. (requested by Anne Frankkkk)\n|\n|t:|1699897089\n|move|p2a: Moonblast|Sticky Web|p1a: Ninetales\n|-sidestart|p1: naiky23|move: Sticky Web\n|move|p1a: Ninetales|Aurora Veil|p1a: Ninetales\n|-sidestart|p1: naiky23|move: Aurora Veil\n|\n|-weather|Snow|[upkeep]\n|upkeep\n|turn|2\n|\n|t:|1699897095\n|move|p2a: Moonblast|Stun Spore|p1a: Ninetales|[miss]\n|-miss|p2a: Moonblast|p1a: Ninetales\n|move|p1a: Ninetales|Encore|p2a: Moonblast\n|-start|p2a: Moonblast|Encore\n|\n|-weather|Snow|[upkeep]\n|upkeep\n|turn|3\n|inactive|naiky23 has 120 seconds left.\n|\n|t:|1699897126\n|switch|p1a: Gliscor|Gliscor, F|100\/100\n|move|p2a: Moonblast|Stun Spore|p1a: Gliscor\n|-status|p1a: Gliscor|par\n|\n|-weather|Snow|[upkeep]\n|upkeep\n|turn|4\n|inactive|naiky23 has 120 seconds left.\n|\n|t:|1699897138\n|switch|p2a: Big Boy|Iron Hands, shiny|100\/100\n|move|p1a: Gliscor|Earthquake|p2a: Big Boy\n|-supereffective|p2a: Big Boy\n|-damage|p2a: Big Boy|63\/100\n|\n|-weather|Snow|[upkeep]\n|upkeep\n|turn|5\n|inactive|naiky23 has 120 seconds left.\n|\n|t:|1699897158\n|switch|p1a: Arcanine|Arcanine, F|100\/100\n|-ability|p1a: Arcanine|Intimidate|boost\n|-unboost|p2a: Big Boy|atk|1\n|move|p2a: Big Boy|Brick Break|p1a: Arcanine\n|-sideend|p1: naiky23|move: Aurora Veil\n|-damage|p1a: Arcanine|78\/100\n|\n|-weather|none\n|upkeep\n|turn|6\n|\n|t:|1699897176\n|-end|p2a: Big Boy|Quark Drive|[silent]\n|switch|p2a: Moonblast|Ribombee, F, shiny|100\/100\n|move|p1a: Arcanine|Flare Blitz|p2a: Moonblast\n|-supereffective|p2a: Moonblast\n|-enditem|p2a: Moonblast|Focus Sash\n|-damage|p2a: Moonblast|1\/100\n|-damage|p1a: Arcanine|56\/100|[from] Recoil\n|\n|upkeep\n|turn|7\n|\n|t:|1699897186\n|move|p1a: Arcanine|Extreme Speed|p2a: Moonblast\n|-crit|p2a: Moonblast\n|-damage|p2a: Moonblast|0 fnt\n|faint|p2a: Moonblast\n|\n|upkeep\n|\n|t:|1699897189\n|switch|p2a: Misdreavius|Flutter Mane, shiny|100\/100\n|-enditem|p2a: Misdreavius|Booster Energy\n|-activate|p2a: Misdreavius|ability: Protosynthesis|[fromitem]\n|-start|p2a: Misdreavius|protosynthesisspe\n|turn|8\n|inactive|naiky23 has 120 seconds left.\n|\n|t:|1699897202\n|switch|p1a: Toxapex|Toxapex, F|100\/100\n|-activate|p1a: Toxapex|move: Sticky Web\n|-unboost|p1a: Toxapex|spe|1\n|move|p2a: Misdreavius|Power Gem|p1a: Toxapex\n|-damage|p1a: Toxapex|82\/100\n|\n|-heal|p1a: Toxapex|89\/100|[from] item: Leftovers\n|upkeep\n|turn|9\n|inactive|naiky23 has 120 seconds left.\n|\n|t:|1699897229\n|move|p2a: Misdreavius|Calm Mind|p2a: Misdreavius\n|-boost|p2a: Misdreavius|spa|1\n|-boost|p2a: Misdreavius|spd|1\n|move|p1a: Toxapex|Infestation|p2a: Misdreavius\n|-resisted|p2a: Misdreavius\n|-damage|p2a: Misdreavius|99\/100\n|-activate|p2a: Misdreavius|move: Infestation|[of] p1a: Toxapex\n|\n|-heal|p1a: Toxapex|95\/100|[from] item: Leftovers\n|-damage|p2a: Misdreavius|88\/100|[from] move: Infestation|[partiallytrapped]\n|upkeep\n|turn|10\n|\n|t:|1699897239\n|move|p2a: Misdreavius|Calm Mind|p2a: Misdreavius\n|-boost|p2a: Misdreavius|spa|1\n|-boost|p2a: Misdreavius|spd|1\n|move|p1a: Toxapex|Haze|p1a: Toxapex\n|-clearallboost\n|\n|-heal|p1a: Toxapex|100\/100|[from] item: Leftovers\n|-damage|p2a: Misdreavius|75\/100|[from] move: Infestation|[partiallytrapped]\n|upkeep\n|turn|11\n|\n|t:|1699897250\n|move|p2a: Misdreavius|Calm Mind|p2a: Misdreavius\n|-boost|p2a: Misdreavius|spa|1\n|-boost|p2a: Misdreavius|spd|1\n|move|p1a: Toxapex|Surf|p2a: Misdreavius\n|-damage|p2a: Misdreavius|61\/100\n|\n|-damage|p2a: Misdreavius|48\/100|[from] move: Infestation|[partiallytrapped]\n|upkeep\n|turn|12\n|\n|t:|1699897259\n|move|p2a: Misdreavius|Shadow Ball|p1a: Toxapex\n|-damage|p1a: Toxapex|60\/100\n|move|p1a: Toxapex|Haze|p1a: Toxapex\n|-clearallboost\n|\n|-heal|p1a: Toxapex|66\/100|[from] item: Leftovers\n|-damage|p2a: Misdreavius|36\/100|[from] move: Infestation|[partiallytrapped]\n|upkeep\n|turn|13\n|\n|t:|1699897284\n|move|p2a: Misdreavius|Shadow Ball|p1a: Toxapex\n|-damage|p1a: Toxapex|38\/100\n|move|p1a: Toxapex|Haze|p1a: Toxapex\n|-clearallboost\n|\n|-heal|p1a: Toxapex|45\/100|[from] item: Leftovers\n|-damage|p2a: Misdreavius|24\/100|[from] move: Infestation|[partiallytrapped]\n|upkeep\n|turn|14\n|\n|t:|1699897294\n|move|p2a: Misdreavius|Shadow Ball|p1a: Toxapex\n|-damage|p1a: Toxapex|17\/100\n|move|p1a: Toxapex|Recover|p1a: Toxapex\n|-heal|p1a: Toxapex|67\/100\n|\n|-heal|p1a: Toxapex|73\/100|[from] item: Leftovers\n|-end|p2a: Misdreavius|Infestation|[partiallytrapped]\n|upkeep\n|turn|15\n|\n|t:|1699897307\n|move|p2a: Misdreavius|Shadow Ball|p1a: Toxapex\n|-damage|p1a: Toxapex|45\/100\n|move|p1a: Toxapex|Surf|p2a: Misdreavius\n|-damage|p2a: Misdreavius|4\/100\n|\n|-heal|p1a: Toxapex|51\/100|[from] item: Leftovers\n|upkeep\n|turn|16\n|\n|t:|1699897321\n|move|p2a: Misdreavius|Shadow Ball|p1a: Toxapex\n|-damage|p1a: Toxapex|24\/100\n|-unboost|p1a: Toxapex|spd|1\n|move|p1a: Toxapex|Recover|p1a: Toxapex\n|-heal|p1a: Toxapex|74\/100\n|\n|-heal|p1a: Toxapex|80\/100|[from] item: Leftovers\n|upkeep\n|turn|17\n|inactive|Anne Frankkkk has 120 seconds left.\n|inactive|Anne Frankkkk has 90 seconds left.\n|\n|t:|1699897383\n|move|p2a: Misdreavius|Shadow Ball|p1a: Toxapex\n|-damage|p1a: Toxapex|42\/100\n|move|p1a: Toxapex|Surf|p2a: Misdreavius\n|-damage|p2a: Misdreavius|0 fnt\n|faint|p2a: Misdreavius\n|-end|p2a: Misdreavius|Protosynthesis|[silent]\n|\n|-heal|p1a: Toxapex|49\/100|[from] item: Leftovers\n|upkeep\n|\n|t:|1699897385\n|switch|p2a: OHKO|Kyogre|100\/100\n|-weather|RainDance|[from] ability: Drizzle|[of] p2a: OHKO\n|turn|18\n|inactive|naiky23 has 90 seconds left.\n|\n|t:|1699897418\n|move|p2a: OHKO|Origin Pulse|p1a: Toxapex\n|-resisted|p1a: Toxapex\n|-damage|p1a: Toxapex|0 fnt\n|faint|p1a: Toxapex\n|\n|-weather|RainDance|[upkeep]\n|upkeep\n|\n|t:|1699897426\n|switch|p1a: Ninetales|Ninetales-Alola, M|100\/100\n|-activate|p1a: Ninetales|move: Sticky Web\n|-unboost|p1a: Ninetales|spe|1\n|-weather|Snow|[from] ability: Snow Warning|[of] p1a: Ninetales\n|turn|19\n|\n|t:|1699897434\n|move|p2a: OHKO|Origin Pulse|p1a: Ninetales\n|-damage|p1a: Ninetales|3\/100\n|move|p1a: Ninetales|Aurora Veil|p1a: Ninetales\n|-sidestart|p1: naiky23|move: Aurora Veil\n|\n|-weather|Snow|[upkeep]\n|upkeep\n|turn|20\n|inactive|naiky23 has 90 seconds left.\n|\n|t:|1699897444\n|move|p2a: OHKO|Origin Pulse|p1a: Ninetales\n|-damage|p1a: Ninetales|0 fnt\n|faint|p1a: Ninetales\n|\n|-weather|Snow|[upkeep]\n|upkeep\n|inactive|naiky23 has 90 seconds left.\n|\n|t:|1699897457\n|switch|p1a: Roaring Moon|Roaring Moon|100\/100\n|-activate|p1a: Roaring Moon|move: Sticky Web\n|-unboost|p1a: Roaring Moon|spe|1\n|-enditem|p1a: Roaring Moon|Booster Energy\n|-activate|p1a: Roaring Moon|ability: Protosynthesis|[fromitem]\n|-start|p1a: Roaring Moon|protosynthesisatk\n|turn|21\n|inactive|naiky23 has 90 seconds left.\n|\n|t:|1699897465\n|-terastallize|p2a: OHKO|Water\n|move|p2a: OHKO|Origin Pulse|p1a: Roaring Moon|[miss]\n|-miss|p2a: OHKO|p1a: Roaring Moon\n|move|p1a: Roaring Moon|Dragon Dance|p1a: Roaring Moon\n|-boost|p1a: Roaring Moon|atk|1\n|-boost|p1a: Roaring Moon|spe|1\n|\n|-weather|Snow|[upkeep]\n|upkeep\n|turn|22\n|inactive|naiky23 has 90 seconds left.\n|\n|t:|1699897475\n|move|p1a: Roaring Moon|Dragon Dance|p1a: Roaring Moon\n|-boost|p1a: Roaring Moon|atk|1\n|-boost|p1a: Roaring Moon|spe|1\n|move|p2a: OHKO|Origin Pulse|p1a: Roaring Moon\n|-resisted|p1a: Roaring Moon\n|-damage|p1a: Roaring Moon|69\/100\n|\n|-weather|Snow|[upkeep]\n|upkeep\n|turn|23\n|inactive|naiky23 has 90 seconds left.\n|\n|t:|1699897496\n|move|p1a: Roaring Moon|Acrobatics|p2a: OHKO\n|-damage|p2a: OHKO|0 fnt\n|faint|p2a: OHKO\n|\n|-weather|none\n|upkeep\n|inactive|Anne Frankkkk has 120 seconds left.\n|\n|t:|1699897540\n|switch|p2a: Big Boy|Iron Hands, shiny|63\/100\n|turn|24\n|\n|t:|1699897544\n|move|p2a: Big Boy|Fake Out|p1a: Roaring Moon\n|-damage|p1a: Roaring Moon|59\/100\n|cant|p1a: Roaring Moon|flinch\n|\n|upkeep\n|turn|25\n|inactive|Anne Frankkkk has 120 seconds left.\n|\n|t:|1699897551\n|move|p1a: Roaring Moon|Knock Off|p2a: Big Boy\n|-resisted|p2a: Big Boy\n|-damage|p2a: Big Boy|18\/100\n|-enditem|p2a: Big Boy|Assault Vest|[from] move: Knock Off|[of] p1a: Roaring Moon\n|move|p2a: Big Boy|Brick Break|p1a: Roaring Moon\n|-sideend|p1: naiky23|move: Aurora Veil\n|-supereffective|p1a: Roaring Moon\n|-damage|p1a: Roaring Moon|0 fnt\n|faint|p1a: Roaring Moon\n|-end|p1a: Roaring Moon|Protosynthesis|[silent]\n|\n|upkeep\n|inactive|naiky23 has 90 seconds left.\n|\n|t:|1699897579\n|switch|p1a: Gliscor|Gliscor, F|100\/100 par\n|turn|26\n|\n|t:|1699897589\n|move|p2a: Big Boy|Heavy Slam|p1a: Gliscor\n|-damage|p1a: Gliscor|70\/100 par\n|move|p1a: Gliscor|Earthquake|p2a: Big Boy\n|-supereffective|p2a: Big Boy\n|-damage|p2a: Big Boy|0 fnt\n|faint|p2a: Big Boy\n|-end|p2a: Big Boy|Quark Drive|[silent]\n|\n|upkeep\n|\n|t:|1699897596\n|switch|p2a: Cyber Lizard|Miraidon|100\/100\n|-fieldstart|move: Electric Terrain|[from] ability: Hadron Engine|[of] p2a: Cyber Lizard\n|-item|p2a: Cyber Lizard|Air Balloon\n|turn|27\n|\n|t:|1699897602\n|move|p2a: Cyber Lizard|Calm Mind|p2a: Cyber Lizard\n|-boost|p2a: Cyber Lizard|spa|1\n|-boost|p2a: Cyber Lizard|spd|1\n|move|p1a: Gliscor|Toxic|p2a: Cyber Lizard\n|-status|p2a: Cyber Lizard|tox\n|\n|-damage|p2a: Cyber Lizard|94\/100 tox|[from] psn\n|upkeep\n|turn|28\n|\n|t:|1699897622\n|move|p1a: Gliscor|Protect|p1a: Gliscor\n|-singleturn|p1a: Gliscor|Protect\n|move|p2a: Cyber Lizard|Calm Mind|p2a: Cyber Lizard\n|-boost|p2a: Cyber Lizard|spa|1\n|-boost|p2a: Cyber Lizard|spd|1\n|\n|-damage|p2a: Cyber Lizard|82\/100 tox|[from] psn\n|upkeep\n|turn|29\n|\n|t:|1699897633\n|move|p2a: Cyber Lizard|Dragon Pulse|p1a: Gliscor\n|-damage|p1a: Gliscor|0 fnt\n|faint|p1a: Gliscor\n|\n|-damage|p2a: Cyber Lizard|64\/100 tox|[from] psn\n|upkeep\n|inactive|naiky23 has 90 seconds left.\n|\n|t:|1699897646\n|switch|p1a: Arcanine|Arcanine, F|56\/100\n|-ability|p1a: Arcanine|Intimidate|boost\n|-unboost|p2a: Cyber Lizard|atk|1\n|turn|30\n|\n|t:|1699897656\n|move|p1a: Arcanine|Extreme Speed|p2a: Cyber Lizard\n|-damage|p2a: Cyber Lizard|45\/100 tox\n|-enditem|p2a: Cyber Lizard|Air Balloon\n|move|p2a: Cyber Lizard|Electro Drift|p1a: Arcanine\n|-damage|p1a: Arcanine|0 fnt\n|faint|p1a: Arcanine\n|\n|-damage|p2a: Cyber Lizard|20\/100 tox|[from] psn\n|upkeep\n|inactive|naiky23 has 90 seconds left.\n|\n|t:|1699897668\n|switch|p1a: Lucario|Lucario, F|100\/100\n|-activate|p1a: Lucario|move: Sticky Web\n|-unboost|p1a: Lucario|spe|1\n|turn|31\n|\n|t:|1699897675\n|-terastallize|p1a: Lucario|Fighting\n|move|p1a: Lucario|Vacuum Wave|p2a: Cyber Lizard\n|-damage|p2a: Cyber Lizard|4\/100 tox\n|-damage|p1a: Lucario|91\/100|[from] item: Life Orb\n|move|p2a: Cyber Lizard|Electro Drift|p1a: Lucario\n|-damage|p1a: Lucario|0 fnt\n|faint|p1a: Lucario\n|\n|win|Anne Frankkkk\n|raw|naiky23's rating: 1047 &rarr; <strong>1036<\/strong><br \/>(-11 for losing)\n|raw|Anne Frankkkk's rating: 1168 &rarr; <strong>1185<\/strong><br \/>(+17 for winning)\n","uploadtime":1699897687,"views":16,"p1id":"naiky23","p2id":"annefrankkkk","formatid":"gen9ubers","rating":1036,"private":0,"password":""}