{"id":"gen9ubers-1996472271","p1":"Yoshi SSBU","p2":"Kai dragneel","format":"[Gen 9] Ubers","log":"|j|\u2606Yoshi SSBU\n|j|\u2606Kai dragneel\n|t:|1700685330\n|gametype|singles\n|player|p1|Yoshi SSBU|nate|1157\n|player|p2|Kai dragneel|169|1194\n|teamsize|p1|6\n|teamsize|p2|6\n|gen|9\n|tier|[Gen 9] Ubers\n|rated|\n|rule|Sleep Clause Mod: Limit one foe put to sleep\n|rule|Species Clause: Limit one of each Pok\u00e9mon\n|rule|OHKO Clause: OHKO moves are banned\n|rule|Evasion Items Clause: Evasion items are banned\n|rule|Evasion Moves Clause: Evasion moves are banned\n|rule|Endless Battle Clause: Forcing endless battles is banned\n|rule|HP Percentage Mod: HP is shown in percentages\n|clearpoke\n|poke|p1|Ribombee, F|\n|poke|p1|Cyclizar, F|\n|poke|p1|Heatran, M|\n|poke|p1|Cinderace, F|\n|poke|p1|Sinistcha|\n|poke|p1|Dragonite, M|\n|poke|p2|Decidueye-Hisui, M|\n|poke|p2|Arcanine-Hisui, M|\n|poke|p2|Basculegion, M|\n|poke|p2|Ursaluna, M|\n|poke|p2|Braviary-Hisui, M|\n|poke|p2|Goodra-Hisui, M|\n|teampreview\n|\n|t:|1700685351\n|start\n|switch|p1a: Ruby Rose|Ribombee, F, shiny|100\/100\n|switch|p2a: Braviary|Braviary-Hisui, M|100\/100\n|turn|1\n|\n|t:|1700685359\n|move|p1a: Ruby Rose|Sticky Web|p2a: Braviary\n|-sidestart|p2: Kai dragneel|move: Sticky Web\n|move|p2a: Braviary|Esper Wing|p1a: Ruby Rose\n|-damage|p1a: Ruby Rose|33\/100\n|-boost|p2a: Braviary|spe|1\n|\n|upkeep\n|turn|2\n|\n|t:|1700685368\n|switch|p1a: Walder|Heatran, M|100\/100\n|move|p2a: Braviary|Esper Wing|p1a: Walder\n|-resisted|p1a: Walder\n|-damage|p1a: Walder|81\/100\n|-boost|p2a: Braviary|spe|1\n|\n|upkeep\n|turn|3\n|\n|t:|1700685378\n|move|p2a: Braviary|Defog|p1a: Walder\n|-unboost|p1a: Walder|evasion|1\n|-sideend|p2: Kai dragneel|Sticky Web|[from] move: Defog|[of] p2a: Braviary\n|move|p1a: Walder|Flash Cannon|p2a: Braviary\n|-damage|p2a: Braviary|42\/100\n|-unboost|p2a: Braviary|spd|1\n|\n|upkeep\n|turn|4\n|\n|t:|1700685395\n|move|p2a: Braviary|Air Slash|p1a: Walder\n|-resisted|p1a: Walder\n|-damage|p1a: Walder|61\/100\n|cant|p1a: Walder|flinch\n|\n|upkeep\n|turn|5\n|\n|t:|1700685402\n|move|p2a: Braviary|Air Slash|p1a: Walder\n|-resisted|p1a: Walder\n|-damage|p1a: Walder|42\/100\n|move|p1a: Walder|Flash Cannon|p2a: Braviary\n|-damage|p2a: Braviary|0 fnt\n|faint|p2a: Braviary\n|\n|upkeep\n|\n|t:|1700685415\n|switch|p2a: Arcanine|Arcanine-Hisui, M|100\/100\n|turn|6\n|\n|t:|1700685432\n|switch|p2a: Basculegion|Basculegion, M|100\/100\n|move|p1a: Walder|Earth Power|p2a: Basculegion\n|-damage|p2a: Basculegion|62\/100\n|\n|upkeep\n|turn|7\n|\n|t:|1700685443\n|switch|p1a: Sinistcha|Sinistcha|100\/100\n|move|p2a: Basculegion|Wave Crash|p1a: Sinistcha\n|-resisted|p1a: Sinistcha\n|-damage|p1a: Sinistcha|75\/100\n|-damage|p2a: Basculegion|54\/100|[from] Recoil\n|\n|-heal|p1a: Sinistcha|82\/100|[from] item: Leftovers\n|upkeep\n|turn|8\n|\n|t:|1700685453\n|switch|p2a: Goodra|Goodra-Hisui, M|100\/100\n|move|p1a: Sinistcha|Calm Mind|p1a: Sinistcha\n|-boost|p1a: Sinistcha|spa|1\n|-boost|p1a: Sinistcha|spd|1\n|\n|-heal|p1a: Sinistcha|88\/100|[from] item: Leftovers\n|upkeep\n|turn|9\n|\n|t:|1700685465\n|move|p1a: Sinistcha|Scald|p2a: Goodra\n|-resisted|p2a: Goodra\n|-damage|p2a: Goodra|93\/100\n|move|p2a: Goodra|Flamethrower|p1a: Sinistcha\n|-supereffective|p1a: Sinistcha\n|-damage|p1a: Sinistcha|64\/100\n|\n|-heal|p1a: Sinistcha|70\/100|[from] item: Leftovers\n|upkeep\n|turn|10\n|\n|t:|1700685475\n|switch|p1a: Walder|Heatran, M|42\/100\n|move|p2a: Goodra|Flamethrower|p1a: Walder\n|-start|p1a: Walder|ability: Flash Fire\n|\n|upkeep\n|turn|11\n|\n|t:|1700685488\n|-terastallize|p1a: Walder|Grass\n|move|p1a: Walder|Earth Power|p2a: Goodra\n|-supereffective|p2a: Goodra\n|-damage|p2a: Goodra|63\/100\n|move|p2a: Goodra|Thunderbolt|p1a: Walder\n|-resisted|p1a: Walder\n|-damage|p1a: Walder|33\/100\n|\n|upkeep\n|turn|12\n|\n|t:|1700685499\n|move|p1a: Walder|Flamethrower|p2a: Goodra\n|-crit|p2a: Goodra\n|-damage|p2a: Goodra|11\/100\n|-status|p2a: Goodra|brn\n|move|p2a: Goodra|Flash Cannon|p1a: Walder\n|-damage|p1a: Walder|10\/100\n|\n|-damage|p2a: Goodra|5\/100 brn|[from] brn\n|upkeep\n|turn|13\n|\n|t:|1700685513\n|move|p1a: Walder|Earth Power|p2a: Goodra\n|-supereffective|p2a: Goodra\n|-damage|p2a: Goodra|0 fnt\n|faint|p2a: Goodra\n|\n|upkeep\n|\n|t:|1700685520\n|switch|p2a: Arcanine|Arcanine-Hisui, M|100\/100\n|turn|14\n|\n|t:|1700685526\n|move|p2a: Arcanine|Extreme Speed|p1a: Walder\n|-damage|p1a: Walder|0 fnt\n|faint|p1a: Walder\n|\n|upkeep\n|\n|t:|1700685529\n|switch|p1a: Yoshi|Dragonite, M, shiny|100\/100\n|turn|15\n|\n|t:|1700685537\n|move|p2a: Arcanine|Extreme Speed|p1a: Yoshi\n|-damage|p1a: Yoshi|56\/100\n|move|p1a: Yoshi|Aqua Jet|p2a: Arcanine\n|-supereffective|p2a: Arcanine\n|-damage|p2a: Arcanine|0 fnt\n|faint|p2a: Arcanine\n|\n|upkeep\n|\n|t:|1700685552\n|switch|p2a: Ursaluna|Ursaluna, M|100\/100\n|turn|16\n|\n|t:|1700685557\n|switch|p1a: Sinistcha|Sinistcha|70\/100\n|-terastallize|p2a: Ursaluna|Fairy\n|move|p2a: Ursaluna|Ice Punch|p1a: Sinistcha\n|-supereffective|p1a: Sinistcha\n|-damage|p1a: Sinistcha|26\/100\n|\n|-heal|p1a: Sinistcha|32\/100|[from] item: Leftovers\n|-status|p2a: Ursaluna|brn|[from] item: Flame Orb\n|upkeep\n|turn|17\n|\n|t:|1700685582\n|move|p1a: Sinistcha|Matcha Gotcha|p2a: Ursaluna\n|-damage|p2a: Ursaluna|71\/100 brn\n|-heal|p1a: Sinistcha|53\/100|[from] drain|[of] p2a: Ursaluna\n|move|p2a: Ursaluna|Play Rough|p1a: Sinistcha\n|-damage|p1a: Sinistcha|0 fnt\n|faint|p1a: Sinistcha\n|\n|-damage|p2a: Ursaluna|65\/100 brn|[from] brn\n|upkeep\n|\n|t:|1700685594\n|switch|p1a: Ruby Rose|Ribombee, F, shiny|33\/100\n|turn|18\n|\n|t:|1700685600\n|switch|p2a: Basculegion|Basculegion, M|54\/100\n|move|p1a: Ruby Rose|Sticky Web|p2a: Basculegion\n|-sidestart|p2: Kai dragneel|move: Sticky Web\n|\n|upkeep\n|turn|19\n|\n|t:|1700685609\n|move|p2a: Basculegion|Wave Crash|p1a: Ruby Rose\n|-damage|p1a: Ruby Rose|0 fnt\n|faint|p1a: Ruby Rose\n|-damage|p2a: Basculegion|47\/100|[from] Recoil\n|\n|upkeep\n|\n|t:|1700685616\n|switch|p1a: Yoshi|Dragonite, M, shiny|56\/100\n|turn|20\n|\n|t:|1700685621\n|move|p2a: Basculegion|Wave Crash|p1a: Yoshi\n|-resisted|p1a: Yoshi\n|-damage|p1a: Yoshi|14\/100\n|-damage|p2a: Basculegion|35\/100|[from] Recoil\n|move|p1a: Yoshi|Aerial Ace|p2a: Basculegion\n|-damage|p2a: Basculegion|0 fnt\n|faint|p2a: Basculegion\n|\n|upkeep\n|\n|t:|1700685630\n|switch|p2a: Decidueye|Decidueye-Hisui, M|100\/100\n|-activate|p2a: Decidueye|move: Sticky Web\n|-unboost|p2a: Decidueye|spe|1\n|turn|21\n|\n|t:|1700685635\n|move|p2a: Decidueye|Sucker Punch|p1a: Yoshi\n|-damage|p1a: Yoshi|0 fnt\n|faint|p1a: Yoshi\n|-damage|p2a: Decidueye|91\/100|[from] item: Life Orb\n|\n|upkeep\n|\n|t:|1700685640\n|switch|p1a: Cyclizar|Cyclizar, F, shiny|100\/100\n|turn|22\n|\n|t:|1700685644\n|move|p1a: Cyclizar|Shed Tail|p1a: Cyclizar\n|-start|p1a: Cyclizar|Substitute|[from] move: Shed Tail\n|-damage|p1a: Cyclizar|50\/100\n|\n|t:|1700685647\n|switch|p1a: Pyra|Cinderace, F, shiny|100\/100|[from] Shed Tail\n|move|p2a: Decidueye|Triple Arrows|p1a: Pyra\n|-end|p1a: Pyra|Substitute\n|-damage|p2a: Decidueye|81\/100|[from] item: Life Orb\n|\n|upkeep\n|turn|23\n|\n|t:|1700685657\n|move|p2a: Decidueye|Sucker Punch|p1a: Pyra\n|-damage|p1a: Pyra|53\/100\n|-damage|p2a: Decidueye|71\/100|[from] item: Life Orb\n|move|p1a: Pyra|Pyro Ball|p2a: Decidueye\n|-supereffective|p2a: Decidueye\n|-crit|p2a: Decidueye\n|-damage|p2a: Decidueye|0 fnt\n|faint|p2a: Decidueye\n|\n|upkeep\n|\n|t:|1700685667\n|switch|p2a: Ursaluna|Ursaluna, M, tera:Fairy|65\/100 brn\n|-activate|p2a: Ursaluna|move: Sticky Web\n|-unboost|p2a: Ursaluna|spe|1\n|turn|24\n|\n|t:|1700685673\n|move|p1a: Pyra|Pyro Ball|p2a: Ursaluna\n|-damage|p2a: Ursaluna|22\/100 brn\n|move|p2a: Ursaluna|Earthquake|p1a: Pyra\n|-supereffective|p1a: Pyra\n|-damage|p1a: Pyra|0 fnt\n|faint|p1a: Pyra\n|\n|-damage|p2a: Ursaluna|16\/100 brn|[from] brn\n|upkeep\n|\n|t:|1700685679\n|switch|p1a: Cyclizar|Cyclizar, F, shiny|83\/100\n|turn|25\n|\n|t:|1700685685\n|move|p1a: Cyclizar|Rapid Spin|p2a: Ursaluna\n|-damage|p2a: Ursaluna|4\/100 brn\n|-boost|p1a: Cyclizar|spe|1\n|move|p2a: Ursaluna|Earthquake|p1a: Cyclizar\n|-damage|p1a: Cyclizar|0 fnt\n|faint|p1a: Cyclizar\n|\n|win|Kai dragneel\n|raw|Yoshi SSBU's rating: 1157 &rarr; <strong>1135<\/strong><br \/>(-22 for losing)\n|raw|Kai dragneel's rating: 1194 &rarr; <strong>1216<\/strong><br \/>(+22 for winning)\n|l|\u2606Yoshi SSBU\n","uploadtime":1700685695,"views":1,"p1id":"yoshissbu","p2id":"kaidragneel","formatid":"gen9ubers","rating":1135,"private":0,"password":""}