{"id":"gen9ubers-1998650851","p1":"zaydwithyomom","p2":"suuugg","format":"[Gen 9] Ubers","log":"|j|\u2606zaydwithyomom\n|j|\u2606suuugg\n|t:|1700967696\n|gametype|singles\n|player|p1|zaydwithyomom|zinnia|\n|player|p2|suuugg|265|\n|teamsize|p1|6\n|teamsize|p2|6\n|gen|9\n|tier|[Gen 9] Ubers\n|rated|Tournament battle\n|rule|Sleep Clause Mod: Limit one foe put to sleep\n|rule|Species Clause: Limit one of each Pok\u00e9mon\n|rule|OHKO Clause: OHKO moves are banned\n|rule|Evasion Items Clause: Evasion items are banned\n|rule|Evasion Moves Clause: Evasion moves are banned\n|rule|Endless Battle Clause: Forcing endless battles is banned\n|rule|HP Percentage Mod: HP is shown in percentages\n|clearpoke\n|poke|p1|Volcarona, M|\n|poke|p1|Koraidon|\n|poke|p1|Groudon|\n|poke|p1|Landorus-Therian, M|\n|poke|p1|Arceus-Fairy|\n|poke|p1|Eternatus|\n|poke|p2|Volcarona, M|\n|poke|p2|Urshifu-*, F|\n|poke|p2|Chien-Pao|\n|poke|p2|Espathra, F|\n|poke|p2|Arceus-Steel|\n|poke|p2|Ninetales-Alola, F|\n|teampreview\n|\n|t:|1700967703\n|start\n|switch|p1a: Koraidon|Koraidon|100\/100\n|switch|p2a: Chien-Pao|Chien-Pao|100\/100\n|-weather|SunnyDay|[from] ability: Orichalcum Pulse|[of] p1a: Koraidon\n|-activate|p1a: Koraidon|Orichalcum Pulse|[source]\n|-ability|p2a: Chien-Pao|Sword of Ruin\n|turn|1\n|\n|t:|1700967712\n|move|p2a: Chien-Pao|Ice Shard|p1a: Koraidon\n|-supereffective|p1a: Koraidon\n|-damage|p1a: Koraidon|28\/100\n|move|p1a: Koraidon|U-turn|p2a: Chien-Pao\n|-supereffective|p2a: Chien-Pao\n|-damage|p2a: Chien-Pao|13\/100\n|\n|t:|1700967719\n|switch|p1a: Volcarona|Volcarona, M|100\/100|[from] U-turn\n|\n|-weather|SunnyDay|[upkeep]\n|upkeep\n|turn|2\n|\n|t:|1700967723\n|switch|p2a: Urshifu|Urshifu-Rapid-Strike, F|100\/100\n|move|p1a: Volcarona|Quiver Dance|p1a: Volcarona\n|-boost|p1a: Volcarona|spa|1\n|-boost|p1a: Volcarona|spd|1\n|-boost|p1a: Volcarona|spe|1\n|\n|-weather|SunnyDay|[upkeep]\n|upkeep\n|turn|3\n|\n|t:|1700967740\n|-terastallize|p1a: Volcarona|Fairy\n|move|p1a: Volcarona|Quiver Dance|p1a: Volcarona\n|-boost|p1a: Volcarona|spa|1\n|-boost|p1a: Volcarona|spd|1\n|-boost|p1a: Volcarona|spe|1\n|move|p2a: Urshifu|Surging Strikes|p1a: Volcarona\n|-crit|p1a: Volcarona\n|-damage|p1a: Volcarona|86\/100\n|-status|p2a: Urshifu|brn|[from] ability: Flame Body|[of] p1a: Volcarona\n|-crit|p1a: Volcarona\n|-damage|p1a: Volcarona|78\/100\n|-crit|p1a: Volcarona\n|-damage|p1a: Volcarona|70\/100\n|-hitcount|p1a: Volcarona|3\n|-damage|p2a: Urshifu|91\/100 brn|[from] item: Life Orb\n|\n|-weather|SunnyDay|[upkeep]\n|-damage|p2a: Urshifu|84\/100 brn|[from] brn\n|upkeep\n|turn|4\n|\n|t:|1700967753\n|switch|p2a: Arceus|Arceus-Steel|100\/100\n|move|p1a: Volcarona|Fiery Dance|p2a: Arceus\n|-supereffective|p2a: Arceus\n|-damage|p2a: Arceus|0 fnt\n|-boost|p1a: Volcarona|spa|1\n|faint|p2a: Arceus\n|\n|-weather|SunnyDay|[upkeep]\n|upkeep\n|\n|t:|1700967763\n|switch|p2a: Chien-Pao|Chien-Pao|13\/100\n|-ability|p2a: Chien-Pao|Sword of Ruin\n|turn|5\n|\n|t:|1700967768\n|move|p2a: Chien-Pao|Ice Shard|p1a: Volcarona\n|-damage|p1a: Volcarona|22\/100\n|move|p1a: Volcarona|Fiery Dance|p2a: Chien-Pao\n|-supereffective|p2a: Chien-Pao\n|-damage|p2a: Chien-Pao|0 fnt\n|-boost|p1a: Volcarona|spa|1\n|faint|p2a: Chien-Pao\n|\n|-weather|none\n|upkeep\n|\n|t:|1700967776\n|switch|p2a: Espathra|Espathra, F|100\/100\n|turn|6\n|\n|t:|1700967792\n|switch|p2a: Urshifu|Urshifu-Rapid-Strike, F|84\/100 brn\n|move|p1a: Volcarona|Fiery Dance|p2a: Urshifu\n|-resisted|p2a: Urshifu\n|-damage|p2a: Urshifu|0 fnt\n|faint|p2a: Urshifu\n|\n|upkeep\n|\n|t:|1700967798\n|switch|p2a: Ninetales|Ninetales-Alola, F|100\/100\n|-weather|Snow|[from] ability: Snow Warning|[of] p2a: Ninetales\n|turn|7\n|\n|t:|1700967810\n|move|p1a: Volcarona|Fiery Dance|p2a: Ninetales\n|-supereffective|p2a: Ninetales\n|-damage|p2a: Ninetales|0 fnt\n|faint|p2a: Ninetales\n|\n|-weather|Snow|[upkeep]\n|upkeep\n|\n|t:|1700967818\n|switch|p2a: Volcarona|Volcarona, M|100\/100\n|turn|8\n|\n|t:|1700967822\n|move|p1a: Volcarona|Fiery Dance|p2a: Volcarona\n|-damage|p2a: Volcarona|0 fnt\n|faint|p2a: Volcarona\n|\n|-weather|Snow|[upkeep]\n|upkeep\n|\n|t:|1700967828\n|switch|p2a: Espathra|Espathra, F|100\/100\n|turn|9\n|\n|t:|1700967830\n|move|p1a: Volcarona|Fiery Dance|p2a: Espathra\n|-enditem|p2a: Espathra|Focus Sash\n|-damage|p2a: Espathra|1\/100\n|move|p2a: Espathra|Stored Power|p1a: Volcarona\n|-crit|p1a: Volcarona\n|-damage|p1a: Volcarona|10\/100\n|\n|-weather|Snow|[upkeep]\n|-ability|p2a: Espathra|Speed Boost|boost\n|-boost|p2a: Espathra|spe|1\n|upkeep\n|turn|10\n|\n|t:|1700967839\n|move|p1a: Volcarona|Fiery Dance|p2a: Espathra\n|-damage|p2a: Espathra|0 fnt\n|faint|p2a: Espathra\n|\n|win|zaydwithyomom\n|n|\u2606zaydwithyomom|zaydwithyomom\n|n|\u2606suuugg|suuugg\n","uploadtime":1700967840,"views":1,"p1id":"zaydwithyomom","p2id":"suuugg","formatid":"gen9ubers","rating":0,"private":0,"password":""}