{"id":"gen9ubers-1991450708","p1":"MixedMagic","p2":"Marvelousone","format":"[Gen 9] Ubers","log":"|j|\u2606MixedMagic\n|j|\u2606Marvelousone\n|t:|1700078177\n|gametype|singles\n|player|p1|MixedMagic|doubleteam|1244\n|player|p2|Marvelousone|n|1443\n|teamsize|p1|6\n|teamsize|p2|6\n|gen|9\n|tier|[Gen 9] Ubers\n|rated|\n|rule|Sleep Clause Mod: Limit one foe put to sleep\n|rule|Species Clause: Limit one of each Pok\u00e9mon\n|rule|OHKO Clause: OHKO moves are banned\n|rule|Evasion Items Clause: Evasion items are banned\n|rule|Evasion Moves Clause: Evasion moves are banned\n|rule|Endless Battle Clause: Forcing endless battles is banned\n|rule|HP Percentage Mod: HP is shown in percentages\n|clearpoke\n|poke|p1|Gliscor, M|\n|poke|p1|Iron Bundle|\n|poke|p1|Arceus|\n|poke|p1|Koraidon|\n|poke|p1|Miraidon|\n|poke|p1|Avalugg-Hisui, F|\n|poke|p2|Ribombee, M|\n|poke|p2|Koraidon|\n|poke|p2|Arceus-Ghost|\n|poke|p2|Zacian-*|\n|poke|p2|Baxcalibur, F|\n|poke|p2|Great Tusk|\n|teampreview\n|inactive|Battle timer is ON: inactive players will automatically lose when time's up. (requested by MixedMagic)\n|\n|t:|1700078181\n|start\n|switch|p1a: Big Scale|Avalugg-Hisui, F|100\/100\n|switch|p2a: Ribombee|Ribombee, M|100\/100\n|turn|1\n|\n|t:|1700078191\n|move|p2a: Ribombee|Moonblast|p1a: Big Scale\n|-ability|p1a: Big Scale|Sturdy\n|-damage|p1a: Big Scale|1\/100\n|-unboost|p1a: Big Scale|spa|1\n|move|p1a: Big Scale|Stealth Rock|p2a: Ribombee\n|-sidestart|p2: Marvelousone|move: Stealth Rock\n|\n|upkeep\n|turn|2\n|-enditem|p1a: Big Scale|Custap Berry|[eat]\n|-activate|p1a: Big Scale|item: Custap Berry|[consumed]\n|\n|t:|1700078199\n|move|p1a: Big Scale|Mountain Gale|p2a: Ribombee\n|-enditem|p2a: Ribombee|Focus Sash\n|-damage|p2a: Ribombee|1\/100\n|move|p2a: Ribombee|Moonblast|p1a: Big Scale\n|-damage|p1a: Big Scale|0 fnt\n|faint|p1a: Big Scale\n|\n|upkeep\n|\n|t:|1700078209\n|switch|p1a: In My Bag|Iron Bundle|100\/100\n|turn|3\n|\n|t:|1700078220\n|switch|p2a: Zacian|Zacian-Crowned|100\/100\n|-damage|p2a: Zacian|94\/100|[from] Stealth Rock\n|-ability|p2a: Zacian|Intrepid Sword|boost\n|-boost|p2a: Zacian|atk|1\n|move|p1a: In My Bag|Flip Turn|p2a: Zacian\n|-damage|p2a: Zacian|80\/100\n|\n|t:|1700078225\n|-end|p1a: In My Bag|Quark Drive|[silent]\n|switch|p1a: New Wings|Gliscor, M|100\/100|[from] Flip Turn\n|\n|-status|p1a: New Wings|tox|[from] item: Toxic Orb\n|upkeep\n|turn|4\n|\n|t:|1700078235\n|switch|p2a: Great Tusk|Great Tusk|100\/100\n|-damage|p2a: Great Tusk|98\/100|[from] Stealth Rock\n|move|p1a: New Wings|Spikes|p2a: Great Tusk\n|-sidestart|p2: Marvelousone|Spikes\n|\n|upkeep\n|turn|5\n|\n|t:|1700078241\n|move|p1a: New Wings|Protect|p1a: New Wings\n|-singleturn|p1a: New Wings|Protect\n|move|p2a: Great Tusk|Rapid Spin|p1a: New Wings\n|-activate|p1a: New Wings|move: Protect\n|\n|upkeep\n|turn|6\n|\n|t:|1700078249\n|switch|p1a: In My Bag|Iron Bundle|100\/100\n|move|p2a: Great Tusk|Rapid Spin|p1a: In My Bag\n|-damage|p1a: In My Bag|80\/100\n|-boost|p2a: Great Tusk|spe|1\n|-sideend|p2: Marvelousone|Spikes|[from] move: Rapid Spin|[of] p2a: Great Tusk\n|-sideend|p2: Marvelousone|Stealth Rock|[from] move: Rapid Spin|[of] p2a: Great Tusk\n|\n|upkeep\n|turn|7\n|\n|t:|1700078258\n|-end|p2a: Great Tusk|Protosynthesis|[silent]\n|switch|p2a: Zacian|Zacian-Crowned|80\/100\n|move|p1a: In My Bag|Hydro Pump|p2a: Zacian\n|-damage|p2a: Zacian|33\/100\n|\n|upkeep\n|turn|8\n|\n|t:|1700078264\n|-end|p1a: In My Bag|Quark Drive|[silent]\n|switch|p1a: New Wings|Gliscor, M|100\/100 tox\n|move|p2a: Zacian|Wild Charge|p1a: New Wings\n|-immune|p1a: New Wings\n|\n|upkeep\n|turn|9\n|\n|t:|1700078272\n|switch|p2a: Ribombee|Ribombee, M|1\/100\n|move|p1a: New Wings|Earthquake|p2a: Ribombee\n|-resisted|p2a: Ribombee\n|-damage|p2a: Ribombee|0 fnt\n|faint|p2a: Ribombee\n|\n|upkeep\n|\n|t:|1700078278\n|switch|p2a: Baxcalibur|Baxcalibur, F|100\/100\n|turn|10\n|\n|t:|1700078284\n|-terastallize|p1a: New Wings|Water\n|move|p2a: Baxcalibur|Icicle Spear|p1a: New Wings\n|-resisted|p1a: New Wings\n|-damage|p1a: New Wings|96\/100 tox\n|-resisted|p1a: New Wings\n|-damage|p1a: New Wings|92\/100 tox\n|-resisted|p1a: New Wings\n|-damage|p1a: New Wings|87\/100 tox\n|-resisted|p1a: New Wings\n|-damage|p1a: New Wings|83\/100 tox\n|-hitcount|p1a: New Wings|4\n|move|p1a: New Wings|Toxic|p2a: Baxcalibur\n|-status|p2a: Baxcalibur|tox\n|\n|-damage|p2a: Baxcalibur|94\/100 tox|[from] psn\n|-heal|p1a: New Wings|96\/100 tox|[from] ability: Poison Heal\n|upkeep\n|turn|11\n|\n|t:|1700078293\n|move|p2a: Baxcalibur|Swords Dance|p2a: Baxcalibur\n|-boost|p2a: Baxcalibur|atk|2\n|move|p1a: New Wings|Spikes|p2a: Baxcalibur\n|-sidestart|p2: Marvelousone|Spikes\n|\n|-damage|p2a: Baxcalibur|82\/100 tox|[from] psn\n|-heal|p1a: New Wings|100\/100 tox|[from] ability: Poison Heal\n|upkeep\n|turn|12\n|\n|t:|1700078298\n|move|p2a: Baxcalibur|Scale Shot|p1a: New Wings\n|-damage|p1a: New Wings|84\/100 tox\n|-damage|p1a: New Wings|67\/100 tox\n|-damage|p1a: New Wings|51\/100 tox\n|-damage|p1a: New Wings|33\/100 tox\n|-damage|p1a: New Wings|14\/100 tox\n|-hitcount|p1a: New Wings|5\n|-unboost|p2a: Baxcalibur|def|1\n|-boost|p2a: Baxcalibur|spe|1\n|move|p1a: New Wings|Spikes|p2a: Baxcalibur\n|-sidestart|p2: Marvelousone|Spikes\n|\n|-damage|p2a: Baxcalibur|63\/100 tox|[from] psn\n|-heal|p1a: New Wings|27\/100 tox|[from] ability: Poison Heal\n|upkeep\n|turn|13\n|\n|t:|1700078312\n|move|p1a: New Wings|Protect|p1a: New Wings\n|-singleturn|p1a: New Wings|Protect\n|move|p2a: Baxcalibur|Scale Shot|p1a: New Wings\n|-activate|p1a: New Wings|move: Protect\n|\n|-damage|p2a: Baxcalibur|39\/100 tox|[from] psn\n|-heal|p1a: New Wings|39\/100 tox|[from] ability: Poison Heal\n|upkeep\n|turn|14\n|\n|t:|1700078320\n|switch|p1a: In My Bag|Iron Bundle|80\/100\n|move|p2a: Baxcalibur|Scale Shot|p1a: In My Bag\n|-damage|p1a: In My Bag|48\/100\n|-damage|p1a: In My Bag|14\/100\n|-damage|p1a: In My Bag|0 fnt\n|faint|p1a: In My Bag\n|-end|p1a: In My Bag|Quark Drive|[silent]\n|-hitcount|p1: In My Bag|3\n|-unboost|p2a: Baxcalibur|def|1\n|-boost|p2a: Baxcalibur|spe|1\n|\n|-damage|p2a: Baxcalibur|8\/100 tox|[from] psn\n|upkeep\n|\n|t:|1700078326\n|switch|p1a: Twangerine|Arceus|100\/100\n|turn|15\n|\n|t:|1700078335\n|switch|p2a: Arceus|Arceus-Ghost|100\/100\n|-damage|p2a: Arceus|84\/100|[from] Spikes\n|move|p1a: Twangerine|Extreme Speed|p2a: Arceus\n|-immune|p2a: Arceus\n|\n|upkeep\n|turn|16\n|\n|t:|1700078343\n|switch|p1a: New Wings|Gliscor, M, tera:Water|39\/100 tox\n|move|p2a: Arceus|Will-O-Wisp||[still]\n|-fail|p2a: Arceus\n|\n|-heal|p1a: New Wings|52\/100 tox|[from] ability: Poison Heal\n|upkeep\n|turn|17\n|\n|t:|1700078350\n|move|p1a: New Wings|Protect|p1a: New Wings\n|-singleturn|p1a: New Wings|Protect\n|move|p2a: Arceus|Judgment|p1a: New Wings\n|-activate|p1a: New Wings|move: Protect\n|\n|-heal|p1a: New Wings|64\/100 tox|[from] ability: Poison Heal\n|upkeep\n|turn|18\n|\n|t:|1700078356\n|move|p2a: Arceus|Taunt|p1a: New Wings\n|-start|p1a: New Wings|move: Taunt\n|cant|p1a: New Wings|move: Taunt|Toxic\n|\n|-heal|p1a: New Wings|76\/100 tox|[from] ability: Poison Heal\n|upkeep\n|turn|19\n|\n|t:|1700078362\n|move|p2a: Arceus|Judgment|p1a: New Wings\n|-damage|p1a: New Wings|21\/100 tox\n|move|p1a: New Wings|Earthquake|p2a: Arceus\n|-damage|p2a: Arceus|66\/100\n|\n|-heal|p1a: New Wings|34\/100 tox|[from] ability: Poison Heal\n|upkeep\n|turn|20\n|\n|t:|1700078369\n|switch|p1a: Twangerine|Arceus|100\/100\n|move|p2a: Arceus|Judgment|p1a: Twangerine\n|-immune|p1a: Twangerine\n|\n|upkeep\n|turn|21\n|\n|t:|1700078377\n|move|p1a: Twangerine|Shadow Claw|p2a: Arceus\n|-supereffective|p2a: Arceus\n|-damage|p2a: Arceus|39\/100\n|move|p2a: Arceus|Taunt|p1a: Twangerine\n|-start|p1a: Twangerine|move: Taunt\n|\n|upkeep\n|turn|22\n|\n|t:|1700078386\n|switch|p1a: New Wings|Gliscor, M, tera:Water|34\/100 tox\n|move|p2a: Arceus|Will-O-Wisp||[still]\n|-fail|p2a: Arceus\n|\n|-heal|p1a: New Wings|46\/100 tox|[from] ability: Poison Heal\n|upkeep\n|turn|23\n|\n|t:|1700078391\n|move|p1a: New Wings|Protect|p1a: New Wings\n|-singleturn|p1a: New Wings|Protect\n|move|p2a: Arceus|Taunt|p1a: New Wings\n|-activate|p1a: New Wings|move: Protect\n|\n|-heal|p1a: New Wings|58\/100 tox|[from] ability: Poison Heal\n|upkeep\n|turn|24\n|\n|t:|1700078399\n|move|p2a: Arceus|Recover|p2a: Arceus\n|-heal|p2a: Arceus|89\/100\n|move|p1a: New Wings|Earthquake|p2a: Arceus\n|-damage|p2a: Arceus|71\/100\n|\n|-heal|p1a: New Wings|71\/100 tox|[from] ability: Poison Heal\n|upkeep\n|turn|25\n|\n|t:|1700078406\n|move|p1a: New Wings|Protect|p1a: New Wings\n|-singleturn|p1a: New Wings|Protect\n|move|p2a: Arceus|Taunt|p1a: New Wings\n|-activate|p1a: New Wings|move: Protect\n|\n|-heal|p1a: New Wings|83\/100 tox|[from] ability: Poison Heal\n|upkeep\n|turn|26\n|\n|t:|1700078412\n|move|p2a: Arceus|Taunt|p1a: New Wings\n|-start|p1a: New Wings|move: Taunt\n|move|p1a: New Wings|Earthquake|p2a: Arceus\n|-damage|p2a: Arceus|55\/100\n|\n|-heal|p1a: New Wings|96\/100 tox|[from] ability: Poison Heal\n|upkeep\n|turn|27\n|\n|t:|1700078423\n|move|p2a: Arceus|Recover|p2a: Arceus\n|-heal|p2a: Arceus|100\/100\n|move|p1a: New Wings|Earthquake|p2a: Arceus\n|-damage|p2a: Arceus|81\/100\n|\n|-heal|p1a: New Wings|100\/100 tox|[from] ability: Poison Heal\n|upkeep\n|turn|28\n|inactive|Marvelousone has 120 seconds left.\n|\n|t:|1700078464\n|move|p2a: Arceus|Judgment|p1a: New Wings\n|-damage|p1a: New Wings|42\/100 tox\n|move|p1a: New Wings|Earthquake|p2a: Arceus\n|-damage|p2a: Arceus|64\/100\n|\n|-heal|p1a: New Wings|54\/100 tox|[from] ability: Poison Heal\n|-end|p1a: New Wings|move: Taunt\n|upkeep\n|turn|29\n|\n|t:|1700078490\n|move|p1a: New Wings|Protect|p1a: New Wings\n|-singleturn|p1a: New Wings|Protect\n|move|p2a: Arceus|Taunt|p1a: New Wings\n|-activate|p1a: New Wings|move: Protect\n|\n|-heal|p1a: New Wings|67\/100 tox|[from] ability: Poison Heal\n|upkeep\n|turn|30\n|inactive|Marvelousone has 120 seconds left.\n|\n|t:|1700078500\n|switch|p1a: Twangerine|Arceus|100\/100\n|move|p2a: Arceus|Taunt|p1a: Twangerine\n|-start|p1a: Twangerine|move: Taunt\n|\n|upkeep\n|turn|31\n|\n|t:|1700078505\n|switch|p1a: New Wings|Gliscor, M, tera:Water|67\/100 tox\n|move|p2a: Arceus|Will-O-Wisp||[still]\n|-fail|p2a: Arceus\n|\n|-heal|p1a: New Wings|79\/100 tox|[from] ability: Poison Heal\n|upkeep\n|turn|32\n|\n|t:|1700078511\n|move|p1a: New Wings|Protect|p1a: New Wings\n|-singleturn|p1a: New Wings|Protect\n|move|p2a: Arceus|Taunt|p1a: New Wings\n|-activate|p1a: New Wings|move: Protect\n|\n|-heal|p1a: New Wings|92\/100 tox|[from] ability: Poison Heal\n|upkeep\n|turn|33\n|\n|t:|1700078516\n|move|p2a: Arceus|Taunt|p1a: New Wings\n|-start|p1a: New Wings|move: Taunt\n|move|p1a: New Wings|Earthquake|p2a: Arceus\n|-damage|p2a: Arceus|47\/100\n|\n|-heal|p1a: New Wings|100\/100 tox|[from] ability: Poison Heal\n|upkeep\n|turn|34\n|\n|t:|1700078523\n|move|p2a: Arceus|Judgment|p1a: New Wings\n|-damage|p1a: New Wings|37\/100 tox\n|move|p1a: New Wings|Earthquake|p2a: Arceus\n|-damage|p2a: Arceus|27\/100\n|\n|-heal|p1a: New Wings|49\/100 tox|[from] ability: Poison Heal\n|upkeep\n|turn|35\n|\n|t:|1700078530\n|move|p2a: Arceus|Recover|p2a: Arceus\n|-heal|p2a: Arceus|77\/100\n|move|p1a: New Wings|Earthquake|p2a: Arceus\n|-damage|p2a: Arceus|59\/100\n|\n|-heal|p1a: New Wings|62\/100 tox|[from] ability: Poison Heal\n|-end|p1a: New Wings|move: Taunt\n|upkeep\n|turn|36\n|\n|t:|1700078538\n|move|p1a: New Wings|Protect|p1a: New Wings\n|-singleturn|p1a: New Wings|Protect\n|move|p2a: Arceus|Judgment|p1a: New Wings\n|-activate|p1a: New Wings|move: Protect\n|\n|-heal|p1a: New Wings|74\/100 tox|[from] ability: Poison Heal\n|upkeep\n|turn|37\n|\n|t:|1700078545\n|move|p2a: Arceus|Taunt|p1a: New Wings\n|-start|p1a: New Wings|move: Taunt\n|cant|p1a: New Wings|move: Taunt|Toxic\n|\n|-heal|p1a: New Wings|86\/100 tox|[from] ability: Poison Heal\n|upkeep\n|turn|38\n|\n|t:|1700078551\n|switch|p1a: Twangerine|Arceus|100\/100\n|move|p2a: Arceus|Judgment|p1a: Twangerine\n|-immune|p1a: Twangerine\n|\n|upkeep\n|turn|39\n|\n|t:|1700078570\n|move|p1a: Twangerine|Taunt|p2a: Arceus\n|-start|p2a: Arceus|move: Taunt\n|move|p2a: Arceus|Judgment|p1a: Twangerine\n|-immune|p1a: Twangerine\n|\n|upkeep\n|turn|40\n|\n|t:|1700078578\n|switch|p2a: Great Tusk|Great Tusk|98\/100\n|-damage|p2a: Great Tusk|81\/100|[from] Spikes\n|move|p1a: Twangerine|Swords Dance|p1a: Twangerine\n|-boost|p1a: Twangerine|atk|2\n|\n|upkeep\n|turn|41\n|\n|t:|1700078586\n|switch|p1a: New Wings|Gliscor, M, tera:Water|86\/100 tox\n|move|p2a: Great Tusk|Close Combat|p1a: New Wings\n|-damage|p1a: New Wings|46\/100 tox\n|-unboost|p2a: Great Tusk|def|1\n|-unboost|p2a: Great Tusk|spd|1\n|\n|-heal|p1a: New Wings|58\/100 tox|[from] ability: Poison Heal\n|upkeep\n|turn|42\n|\n|t:|1700078600\n|-end|p2a: Great Tusk|Protosynthesis|[silent]\n|switch|p2a: Zacian|Zacian-Crowned|33\/100\n|-damage|p2a: Zacian|16\/100|[from] Spikes\n|move|p1a: New Wings|Toxic|p2a: Zacian\n|-immune|p2a: Zacian\n|\n|-heal|p1a: New Wings|71\/100 tox|[from] ability: Poison Heal\n|upkeep\n|turn|43\n|\n|t:|1700078611\n|move|p1a: New Wings|Protect|p1a: New Wings\n|-singleturn|p1a: New Wings|Protect\n|move|p2a: Zacian|Wild Charge|p1a: New Wings\n|-activate|p1a: New Wings|move: Protect\n|\n|-heal|p1a: New Wings|83\/100 tox|[from] ability: Poison Heal\n|upkeep\n|turn|44\n|\n|t:|1700078623\n|move|p2a: Zacian|Wild Charge|p1a: New Wings\n|-supereffective|p1a: New Wings\n|-damage|p1a: New Wings|39\/100 tox\n|-damage|p2a: Zacian|4\/100|[from] Recoil\n|move|p1a: New Wings|Earthquake|p2a: Zacian\n|-supereffective|p2a: Zacian\n|-damage|p2a: Zacian|0 fnt\n|faint|p2a: Zacian\n|\n|-heal|p1a: New Wings|52\/100 tox|[from] ability: Poison Heal\n|upkeep\n|\n|t:|1700078640\n|switch|p2a: Arceus|Arceus-Ghost|59\/100\n|-damage|p2a: Arceus|43\/100|[from] Spikes\n|turn|45\n|\n|t:|1700078647\n|move|p2a: Arceus|Recover|p2a: Arceus\n|-heal|p2a: Arceus|93\/100\n|move|p1a: New Wings|Toxic|p2a: Arceus\n|-status|p2a: Arceus|tox\n|\n|-damage|p2a: Arceus|87\/100 tox|[from] psn\n|-heal|p1a: New Wings|64\/100 tox|[from] ability: Poison Heal\n|upkeep\n|turn|46\n|\n|t:|1700078656\n|move|p1a: New Wings|Protect|p1a: New Wings\n|-singleturn|p1a: New Wings|Protect\n|move|p2a: Arceus|Will-O-Wisp|p1a: New Wings\n|-activate|p1a: New Wings|move: Protect\n|\n|-damage|p2a: Arceus|75\/100 tox|[from] psn\n|-heal|p1a: New Wings|77\/100 tox|[from] ability: Poison Heal\n|upkeep\n|turn|47\n|\n|t:|1700078662\n|move|p2a: Arceus|Judgment|p1a: New Wings\n|-damage|p1a: New Wings|15\/100 tox\n|move|p1a: New Wings|Spikes|p2a: Arceus\n|-sidestart|p2: Marvelousone|Spikes\n|\n|-damage|p2a: Arceus|56\/100 tox|[from] psn\n|-heal|p1a: New Wings|27\/100 tox|[from] ability: Poison Heal\n|upkeep\n|turn|48\n|\n|t:|1700078672\n|switch|p2a: Koraidon|Koraidon|100\/100\n|-damage|p2a: Koraidon|76\/100|[from] Spikes\n|-weather|SunnyDay|[from] ability: Orichalcum Pulse|[of] p2a: Koraidon\n|-activate|p2a: Koraidon|Orichalcum Pulse|[source]\n|move|p1a: New Wings|Protect||[still]\n|-fail|p1a: New Wings\n|\n|-weather|SunnyDay|[upkeep]\n|-heal|p1a: New Wings|39\/100 tox|[from] ability: Poison Heal\n|upkeep\n|turn|49\n|\n|t:|1700078683\n|move|p2a: Koraidon|Scale Shot|p1a: New Wings\n|-crit|p1a: New Wings\n|-damage|p1a: New Wings|22\/100 tox\n|-damage|p1a: New Wings|10\/100 tox\n|-damage|p1a: New Wings|0 fnt\n|faint|p1a: New Wings\n|-hitcount|p1: New Wings|3\n|-unboost|p2a: Koraidon|def|1\n|-boost|p2a: Koraidon|spe|1\n|\n|-weather|SunnyDay|[upkeep]\n|upkeep\n|\n|t:|1700078695\n|switch|p1a: Oral-B 9600|Miraidon|100\/100\n|-fieldstart|move: Electric Terrain|[from] ability: Hadron Engine|[of] p1a: Oral-B 9600\n|turn|50\n|\n|t:|1700078714\n|move|p2a: Koraidon|Scale Shot|p1a: Oral-B 9600\n|-supereffective|p1a: Oral-B 9600\n|-damage|p1a: Oral-B 9600|67\/100\n|-supereffective|p1a: Oral-B 9600\n|-damage|p1a: Oral-B 9600|34\/100\n|-supereffective|p1a: Oral-B 9600\n|-damage|p1a: Oral-B 9600|0 fnt\n|faint|p1a: Oral-B 9600\n|-hitcount|p1: Oral-B 9600|3\n|-unboost|p2a: Koraidon|def|1\n|-boost|p2a: Koraidon|spe|1\n|\n|-weather|SunnyDay|[upkeep]\n|upkeep\n|\n|t:|1700078716\n|switch|p1a: Twangerine|Arceus|100\/100\n|turn|51\n|\n|t:|1700078729\n|switch|p2a: Arceus|Arceus-Ghost|56\/100 tox\n|-damage|p2a: Arceus|31\/100 tox|[from] Spikes\n|move|p1a: Twangerine|Extreme Speed|p2a: Arceus\n|-immune|p2a: Arceus\n|\n|-weather|SunnyDay|[upkeep]\n|-damage|p2a: Arceus|25\/100 tox|[from] psn\n|upkeep\n|turn|52\n|\n|t:|1700078738\n|move|p1a: Twangerine|Taunt|p2a: Arceus\n|-start|p2a: Arceus|move: Taunt\n|cant|p2a: Arceus|move: Taunt|Will-O-Wisp\n|\n|-weather|none\n|-damage|p2a: Arceus|13\/100 tox|[from] psn\n|upkeep\n|turn|53\n|\n|t:|1700078746\n|switch|p2a: Baxcalibur|Baxcalibur, F|8\/100 tox\n|-damage|p2a: Baxcalibur|0 fnt|[from] Spikes\n|faint|p2a: Baxcalibur\n|move|p1a: Twangerine|Swords Dance|p1a: Twangerine\n|-boost|p1a: Twangerine|atk|2\n|\n|upkeep\n|\n|t:|1700078759\n|switch|p2a: Great Tusk|Great Tusk|81\/100\n|-damage|p2a: Great Tusk|56\/100|[from] Spikes\n|turn|54\n|\n|t:|1700078765\n|move|p1a: Twangerine|Extreme Speed|p2a: Great Tusk\n|-damage|p2a: Great Tusk|0 fnt\n|faint|p2a: Great Tusk\n|-end|p2a: Great Tusk|Protosynthesis|[silent]\n|\n|-fieldend|move: Electric Terrain\n|upkeep\n|\n|t:|1700078771\n|switch|p2a: Koraidon|Koraidon|76\/100\n|-damage|p2a: Koraidon|51\/100|[from] Spikes\n|-weather|SunnyDay|[from] ability: Orichalcum Pulse|[of] p2a: Koraidon\n|-activate|p2a: Koraidon|Orichalcum Pulse|[source]\n|turn|55\n|\n|t:|1700078776\n|move|p1a: Twangerine|Extreme Speed|p2a: Koraidon\n|-damage|p2a: Koraidon|0 fnt\n|faint|p2a: Koraidon\n|\n|-weather|SunnyDay|[upkeep]\n|upkeep\n|-message|Marvelousone forfeited.\n|\n|win|MixedMagic\n|raw|MixedMagic's rating: 1244 &rarr; <strong>1282<\/strong><br \/>(+38 for winning)\n|raw|Marvelousone's rating: 1443 &rarr; <strong>1413<\/strong><br \/>(-30 for losing)\n|l|\u2606Marvelousone\n|c|\u2606MixedMagic|Gg\n","uploadtime":1700078788,"views":6,"p1id":"mixedmagic","p2id":"marvelousone","formatid":"gen9ubers","rating":1282,"private":0,"password":""}