{"id":"gen9ubers-1999215444","p1":"HailieVictoria","p2":"The ShaqtusLOL","format":"[Gen 9] Ubers","log":"|j|\u2606HailieVictoria\n|j|\u2606The ShaqtusLOL\n|t:|1701046467\n|gametype|singles\n|player|p1|HailieVictoria|169|\n|player|p2|The ShaqtusLOL|flint|\n|teamsize|p1|6\n|teamsize|p2|6\n|gen|9\n|tier|[Gen 9] Ubers\n|rule|Sleep Clause Mod: Limit one foe put to sleep\n|rule|Species Clause: Limit one of each Pok\u00e9mon\n|rule|OHKO Clause: OHKO moves are banned\n|rule|Evasion Items Clause: Evasion items are banned\n|rule|Evasion Moves Clause: Evasion moves are banned\n|rule|Endless Battle Clause: Forcing endless battles is banned\n|rule|HP Percentage Mod: HP is shown in percentages\n|clearpoke\n|poke|p1|Moltres|\n|poke|p1|Ogerpon-Wellspring, F|\n|poke|p1|Dachsbun, M|\n|poke|p1|Mamoswine, M|\n|poke|p1|Jirachi|\n|poke|p1|Hydreigon, F|\n|poke|p2|Gliscor, M|\n|poke|p2|Iron Bundle|\n|poke|p2|Heatran, F|\n|poke|p2|Scizor, M|\n|poke|p2|Torterra, M|\n|poke|p2|Hariyama, M|\n|teampreview\n|\n|t:|1701046536\n|start\n|switch|p1a: Jirachi|Jirachi|100\/100\n|switch|p2a: Kris Kringle|Iron Bundle|100\/100\n|-enditem|p2a: Kris Kringle|Booster Energy\n|-activate|p2a: Kris Kringle|ability: Quark Drive|[fromitem]\n|-start|p2a: Kris Kringle|quarkdrivespa\n|turn|1\n|j| Ghantist\n|\n|t:|1701046567\n|-end|p2a: Kris Kringle|Quark Drive|[silent]\n|switch|p2a: Wise Old Tree|Torterra, M|100\/100\n|move|p1a: Jirachi|Iron Head|p2a: Wise Old Tree\n|-damage|p2a: Wise Old Tree|66\/100\n|\n|upkeep\n|turn|2\n|\n|t:|1701046605\n|switch|p1a: Moltres|Moltres|100\/100\n|switch|p2a: Flying Pan|Gliscor, M|100\/100\n|\n|-status|p2a: Flying Pan|tox|[from] item: Toxic Orb\n|upkeep\n|turn|3\n|j| curtisthecacnea\n|\n|t:|1701046635\n|move|p1a: Moltres|Hurricane|p2a: Flying Pan\n|-damage|p2a: Flying Pan|26\/100 tox\n|-start|p2a: Flying Pan|confusion\n|-activate|p2a: Flying Pan|confusion\n|move|p2a: Flying Pan|Toxic|p1a: Moltres|[miss]\n|-miss|p2a: Flying Pan|p1a: Moltres\n|\n|-heal|p2a: Flying Pan|39\/100 tox|[from] ability: Poison Heal\n|upkeep\n|turn|4\n|\n|t:|1701046668\n|switch|p2a: Kris Kringle|Iron Bundle|100\/100\n|move|p1a: Moltres|Hurricane|p2a: Kris Kringle|[miss]\n|-miss|p1a: Moltres|p2a: Kris Kringle\n|\n|upkeep\n|turn|5\n|\n|t:|1701046732\n|switch|p1a: Hydreigon|Hydreigon, F|100\/100\n|move|p2a: Kris Kringle|Freeze-Dry|p1a: Hydreigon\n|-supereffective|p1a: Hydreigon\n|-damage|p1a: Hydreigon|26\/100\n|\n|upkeep\n|turn|6\n|\n|t:|1701046746\n|move|p1a: Hydreigon|Draco Meteor|p2a: Kris Kringle\n|-damage|p2a: Kris Kringle|0 fnt\n|-unboost|p1a: Hydreigon|spa|2\n|faint|p2a: Kris Kringle\n|-end|p2a: Kris Kringle|Quark Drive|[silent]\n|\n|upkeep\n|\n|t:|1701046752\n|switch|p2a: Hooligan|Hariyama, M|100\/100\n|turn|7\n|\n|t:|1701046763\n|switch|p1a: Moltres|Moltres|100\/100\n|move|p2a: Hooligan|Belly Drum|p2a: Hooligan\n|-damage|p2a: Hooligan|50\/100\n|-setboost|p2a: Hooligan|atk|6|[from] move: Belly Drum\n|-enditem|p2a: Hooligan|Sitrus Berry|[eat]\n|-heal|p2a: Hooligan|75\/100|[from] item: Sitrus Berry\n|\n|upkeep\n|turn|8\n|\n|t:|1701046784\n|move|p1a: Moltres|Hurricane|p2a: Hooligan\n|-supereffective|p2a: Hooligan\n|-damage|p2a: Hooligan|0 fnt\n|faint|p2a: Hooligan\n|\n|upkeep\n|\n|t:|1701046789\n|switch|p2a: Reeses|Heatran, F|100\/100\n|-item|p2a: Reeses|Air Balloon\n|turn|9\n|\n|t:|1701046819\n|switch|p1a: Ogerpon|Ogerpon-Wellspring, F|100\/100\n|move|p2a: Reeses|Magma Storm|p1a: Ogerpon\n|-damage|p1a: Ogerpon|57\/100\n|-activate|p1a: Ogerpon|move: Magma Storm|[of] p2a: Reeses\n|\n|-damage|p1a: Ogerpon|45\/100|[from] move: Magma Storm|[partiallytrapped]\n|upkeep\n|turn|10\n|\n|t:|1701046833\n|switch|p2a: Nippy|Scizor, M|100\/100\n|move|p1a: Ogerpon|Ivy Cudgel|p2a: Nippy|[anim] Ivy Cudgel Water\n|-damage|p2a: Nippy|61\/100\n|\n|-heal|p2a: Nippy|67\/100|[from] item: Leftovers\n|-end|p1a: Ogerpon|Magma Storm|[partiallytrapped]|[silent]\n|upkeep\n|turn|11\n|\n|t:|1701046847\n|switch|p1a: Moltres|Moltres|100\/100\n|move|p2a: Nippy|Bullet Punch|p1a: Moltres\n|-resisted|p1a: Moltres\n|-damage|p1a: Moltres|83\/100\n|-status|p2a: Nippy|brn|[from] ability: Flame Body|[of] p1a: Moltres\n|\n|-heal|p2a: Nippy|73\/100 brn|[from] item: Leftovers\n|-damage|p2a: Nippy|67\/100 brn|[from] brn\n|upkeep\n|turn|12\n|\n|t:|1701046875\n|switch|p2a: Reeses|Heatran, F|100\/100\n|-item|p2a: Reeses|Air Balloon\n|move|p1a: Moltres|Hurricane|p2a: Reeses\n|-resisted|p2a: Reeses\n|-damage|p2a: Reeses|78\/100\n|-start|p2a: Reeses|confusion\n|-enditem|p2a: Reeses|Air Balloon\n|\n|upkeep\n|turn|13\n|\n|t:|1701046891\n|switch|p1a: Ogerpon|Ogerpon-Wellspring, F|45\/100\n|-activate|p2a: Reeses|confusion\n|move|p2a: Reeses|Magma Storm|p1a: Ogerpon\n|-damage|p1a: Ogerpon|0 fnt\n|faint|p1a: Ogerpon\n|\n|upkeep\n|\n|t:|1701046908\n|switch|p1a: Mamoswine|Mamoswine, M|100\/100\n|turn|14\n|\n|t:|1701046958\n|switch|p2a: Flying Pan|Gliscor, M|39\/100 tox\n|move|p1a: Mamoswine|Earthquake|p2a: Flying Pan\n|-immune|p2a: Flying Pan\n|\n|-heal|p2a: Flying Pan|51\/100 tox|[from] ability: Poison Heal\n|upkeep\n|turn|15\n|\n|t:|1701046976\n|switch|p1a: Moltres|Moltres|83\/100\n|move|p2a: Flying Pan|Protect||[still]\n|-fail|p2a: Flying Pan\n|\n|-heal|p2a: Flying Pan|64\/100 tox|[from] ability: Poison Heal\n|upkeep\n|turn|16\n|\n|t:|1701046992\n|switch|p2a: Nippy|Scizor, M|67\/100 brn\n|move|p1a: Moltres|Hurricane|p2a: Nippy|[miss]\n|-miss|p1a: Moltres|p2a: Nippy\n|\n|-heal|p2a: Nippy|73\/100 brn|[from] item: Leftovers\n|-damage|p2a: Nippy|67\/100 brn|[from] brn\n|upkeep\n|turn|17\n|\n|t:|1701047016\n|switch|p1a: Mamoswine|Mamoswine, M|100\/100\n|switch|p2a: Reeses|Heatran, F|78\/100\n|\n|upkeep\n|turn|18\n|\n|t:|1701047028\n|move|p1a: Mamoswine|Icicle Crash|p2a: Reeses\n|-resisted|p2a: Reeses\n|-damage|p2a: Reeses|71\/100\n|move|p2a: Reeses|Will-O-Wisp|p1a: Mamoswine\n|-status|p1a: Mamoswine|brn\n|\n|-damage|p1a: Mamoswine|94\/100 brn|[from] brn\n|upkeep\n|turn|19\n|\n|t:|1701047043\n|switch|p2a: Nippy|Scizor, M|67\/100 brn\n|move|p1a: Mamoswine|Earthquake|p2a: Nippy\n|-damage|p2a: Nippy|43\/100 brn\n|\n|-heal|p2a: Nippy|49\/100 brn|[from] item: Leftovers\n|-damage|p1a: Mamoswine|88\/100 brn|[from] brn\n|-damage|p2a: Nippy|43\/100 brn|[from] brn\n|upkeep\n|turn|20\n|c|\u2606HailieVictoria|i hate this\n|\n|t:|1701047074\n|move|p1a: Mamoswine|Earthquake|p2a: Nippy\n|-damage|p2a: Nippy|20\/100 brn\n|move|p2a: Nippy|Knock Off|p1a: Mamoswine\n|-damage|p1a: Mamoswine|71\/100 brn\n|-enditem|p1a: Mamoswine|Expert Belt|[from] move: Knock Off|[of] p2a: Nippy\n|\n|-heal|p2a: Nippy|26\/100 brn|[from] item: Leftovers\n|-damage|p1a: Mamoswine|64\/100 brn|[from] brn\n|-damage|p2a: Nippy|20\/100 brn|[from] brn\n|upkeep\n|turn|21\n|\n|t:|1701047091\n|move|p2a: Nippy|Bullet Punch|p1a: Mamoswine\n|-supereffective|p1a: Mamoswine\n|-damage|p1a: Mamoswine|32\/100 brn\n|move|p1a: Mamoswine|Earthquake|p2a: Nippy\n|-damage|p2a: Nippy|0 fnt\n|faint|p2a: Nippy\n|\n|-damage|p1a: Mamoswine|26\/100 brn|[from] brn\n|upkeep\n|\n|t:|1701047104\n|switch|p2a: Flying Pan|Gliscor, M|64\/100 tox\n|turn|22\n|c|\u2606The ShaqtusLOL|me too\n|\n|t:|1701047133\n|switch|p1a: Moltres|Moltres|83\/100\n|move|p2a: Flying Pan|Protect||[still]\n|-fail|p2a: Flying Pan\n|\n|-heal|p2a: Flying Pan|76\/100 tox|[from] ability: Poison Heal\n|upkeep\n|turn|23\n|\n|t:|1701047151\n|move|p1a: Moltres|Flamethrower|p2a: Flying Pan\n|-damage|p2a: Flying Pan|24\/100 tox\n|move|p2a: Flying Pan|Toxic|p1a: Moltres\n|-status|p1a: Moltres|tox\n|\n|-damage|p1a: Moltres|77\/100 tox|[from] psn\n|-heal|p2a: Flying Pan|36\/100 tox|[from] ability: Poison Heal\n|upkeep\n|turn|24\n|\n|t:|1701047161\n|switch|p2a: Reeses|Heatran, F|71\/100\n|move|p1a: Moltres|Flamethrower|p2a: Reeses\n|-start|p2a: Reeses|ability: Flash Fire\n|\n|-damage|p1a: Moltres|65\/100 tox|[from] psn\n|upkeep\n|turn|25\n|\n|t:|1701047209\n|switch|p1a: Jirachi|Jirachi|100\/100\n|move|p2a: Reeses|Magma Storm|p1a: Jirachi\n|-supereffective|p1a: Jirachi\n|-damage|p1a: Jirachi|0 fnt\n|faint|p1a: Jirachi\n|\n|upkeep\n|\n|t:|1701047235\n|switch|p1a: Mamoswine|Mamoswine, M|26\/100 brn\n|turn|26\n|\n|t:|1701047255\n|-end|p2a: Reeses|ability: Flash Fire|[silent]\n|switch|p2a: Flying Pan|Gliscor, M|36\/100 tox\n|move|p1a: Mamoswine|Earthquake|p2a: Flying Pan\n|-immune|p2a: Flying Pan\n|\n|-heal|p2a: Flying Pan|49\/100 tox|[from] ability: Poison Heal\n|-damage|p1a: Mamoswine|20\/100 brn|[from] brn\n|upkeep\n|turn|27\n|\n|t:|1701047268\n|switch|p1a: Hydreigon|Hydreigon, F|26\/100\n|switch|p2a: Reeses|Heatran, F|71\/100\n|\n|upkeep\n|turn|28\n|\n|t:|1701047282\n|move|p1a: Hydreigon|Dark Pulse|p2a: Reeses\n|-damage|p2a: Reeses|37\/100\n|move|p2a: Reeses|Flamethrower|p1a: Hydreigon\n|-resisted|p1a: Hydreigon\n|-damage|p1a: Hydreigon|3\/100\n|\n|upkeep\n|turn|29\n|\n|t:|1701047290\n|move|p1a: Hydreigon|Dark Pulse|p2a: Reeses\n|-damage|p2a: Reeses|3\/100\n|move|p2a: Reeses|Flamethrower|p1a: Hydreigon\n|-resisted|p1a: Hydreigon\n|-damage|p1a: Hydreigon|0 fnt\n|faint|p1a: Hydreigon\n|\n|upkeep\n|\n|t:|1701047303\n|switch|p1a: Dachsbun|Dachsbun, M|100\/100\n|turn|30\n|\n|t:|1701047307\n|move|p1a: Dachsbun|Body Press|p2a: Reeses\n|-supereffective|p2a: Reeses\n|-damage|p2a: Reeses|0 fnt\n|faint|p2a: Reeses\n|\n|upkeep\n|\n|t:|1701047311\n|switch|p2a: Flying Pan|Gliscor, M|49\/100 tox\n|turn|31\n|j| justinrockin\n|\n|t:|1701047324\n|switch|p1a: Moltres|Moltres|65\/100 tox\n|move|p2a: Flying Pan|Toxic|p1a: Moltres\n|-fail|p1a: Moltres|tox\n|\n|-damage|p1a: Moltres|59\/100 tox|[from] psn\n|-heal|p2a: Flying Pan|61\/100 tox|[from] ability: Poison Heal\n|upkeep\n|turn|32\n|\n|t:|1701047342\n|move|p1a: Moltres|Hurricane|p2a: Flying Pan|[miss]\n|-miss|p1a: Moltres|p2a: Flying Pan\n|move|p2a: Flying Pan|Stealth Rock|p1a: Moltres\n|-sidestart|p1: HailieVictoria|move: Stealth Rock\n|\n|-damage|p1a: Moltres|46\/100 tox|[from] psn\n|-heal|p2a: Flying Pan|73\/100 tox|[from] ability: Poison Heal\n|upkeep\n|turn|33\n|\n|t:|1701047358\n|move|p2a: Flying Pan|Protect|p2a: Flying Pan\n|-singleturn|p2a: Flying Pan|Protect\n|move|p1a: Moltres|Hurricane|p2a: Flying Pan\n|-activate|p2a: Flying Pan|move: Protect\n|\n|-damage|p1a: Moltres|28\/100 tox|[from] psn\n|-heal|p2a: Flying Pan|86\/100 tox|[from] ability: Poison Heal\n|upkeep\n|turn|34\n|\n|t:|1701047377\n|move|p1a: Moltres|Flamethrower|p2a: Flying Pan\n|-damage|p2a: Flying Pan|34\/100 tox\n|move|p2a: Flying Pan|Earthquake|p1a: Moltres\n|-immune|p1a: Moltres\n|\n|-damage|p1a: Moltres|3\/100 tox|[from] psn\n|-heal|p2a: Flying Pan|47\/100 tox|[from] ability: Poison Heal\n|upkeep\n|turn|35\n|j| DivogoJota\n|\n|t:|1701047397\n|move|p2a: Flying Pan|Protect|p2a: Flying Pan\n|-singleturn|p2a: Flying Pan|Protect\n|move|p1a: Moltres|Flamethrower|p2a: Flying Pan\n|-activate|p2a: Flying Pan|move: Protect\n|\n|-damage|p1a: Moltres|0 fnt|[from] psn\n|faint|p1a: Moltres\n|-heal|p2a: Flying Pan|59\/100 tox|[from] ability: Poison Heal\n|upkeep\n|l| DivogoJota\n|\n|t:|1701047429\n|switch|p1a: Mamoswine|Mamoswine, M|20\/100 brn\n|-damage|p1a: Mamoswine|7\/100 brn|[from] Stealth Rock\n|turn|36\n|\n|t:|1701047438\n|switch|p2a: Wise Old Tree|Torterra, M|66\/100\n|move|p1a: Mamoswine|Icicle Crash|p2a: Wise Old Tree\n|-supereffective|p2a: Wise Old Tree\n|-damage|p2a: Wise Old Tree|0 fnt\n|faint|p2a: Wise Old Tree\n|\n|-damage|p1a: Mamoswine|1\/100 brn|[from] brn\n|upkeep\n|\n|t:|1701047446\n|switch|p2a: Flying Pan|Gliscor, M|59\/100 tox\n|turn|37\n|\n|t:|1701047456\n|move|p2a: Flying Pan|Protect|p2a: Flying Pan\n|-singleturn|p2a: Flying Pan|Protect\n|move|p1a: Mamoswine|Icicle Crash|p2a: Flying Pan\n|-activate|p2a: Flying Pan|move: Protect\n|\n|-heal|p2a: Flying Pan|71\/100 tox|[from] ability: Poison Heal\n|-damage|p1a: Mamoswine|0 fnt|[from] brn\n|faint|p1a: Mamoswine\n|upkeep\n|\n|t:|1701047468\n|switch|p1a: Dachsbun|Dachsbun, M|100\/100\n|-damage|p1a: Dachsbun|88\/100|[from] Stealth Rock\n|turn|38\n|\n|t:|1701047485\n|-terastallize|p1a: Dachsbun|Fighting\n|move|p2a: Flying Pan|Earthquake|p1a: Dachsbun\n|-damage|p1a: Dachsbun|65\/100\n|move|p1a: Dachsbun|Body Press|p2a: Flying Pan\n|-resisted|p2a: Flying Pan\n|-damage|p2a: Flying Pan|58\/100 tox\n|\n|-heal|p1a: Dachsbun|71\/100|[from] item: Leftovers\n|-heal|p2a: Flying Pan|71\/100 tox|[from] ability: Poison Heal\n|upkeep\n|turn|39\n|\n|t:|1701047506\n|move|p2a: Flying Pan|Toxic|p1a: Dachsbun\n|-status|p1a: Dachsbun|tox\n|move|p1a: Dachsbun|Body Press|p2a: Flying Pan\n|-resisted|p2a: Flying Pan\n|-damage|p2a: Flying Pan|58\/100 tox\n|\n|-heal|p1a: Dachsbun|77\/100 tox|[from] item: Leftovers\n|-heal|p2a: Flying Pan|70\/100 tox|[from] ability: Poison Heal\n|-damage|p1a: Dachsbun|71\/100 tox|[from] psn\n|upkeep\n|turn|40\n|l| curtisthecacnea\n|\n|t:|1701047518\n|move|p2a: Flying Pan|Earthquake|p1a: Dachsbun\n|-damage|p1a: Dachsbun|49\/100 tox\n|move|p1a: Dachsbun|Body Press|p2a: Flying Pan\n|-resisted|p2a: Flying Pan\n|-damage|p2a: Flying Pan|58\/100 tox\n|\n|-heal|p1a: Dachsbun|55\/100 tox|[from] item: Leftovers\n|-heal|p2a: Flying Pan|70\/100 tox|[from] ability: Poison Heal\n|-damage|p1a: Dachsbun|43\/100 tox|[from] psn\n|upkeep\n|turn|41\n|\n|t:|1701047531\n|move|p2a: Flying Pan|Earthquake|p1a: Dachsbun\n|-damage|p1a: Dachsbun|19\/100 tox\n|move|p1a: Dachsbun|Wish|p1a: Dachsbun\n|\n|-heal|p1a: Dachsbun|25\/100 tox|[from] item: Leftovers\n|-heal|p2a: Flying Pan|82\/100 tox|[from] ability: Poison Heal\n|-damage|p1a: Dachsbun|7\/100 tox|[from] psn\n|upkeep\n|turn|42\n|\n|t:|1701047542\n|move|p1a: Dachsbun|Protect|p1a: Dachsbun\n|-singleturn|p1a: Dachsbun|Protect\n|move|p2a: Flying Pan|Earthquake|p1a: Dachsbun\n|-activate|p1a: Dachsbun|move: Protect\n|\n|-heal|p1a: Dachsbun|57\/100 tox|[from] move: Wish|[wisher] Dachsbun\n|-heal|p1a: Dachsbun|63\/100 tox|[from] item: Leftovers\n|-heal|p2a: Flying Pan|95\/100 tox|[from] ability: Poison Heal\n|-damage|p1a: Dachsbun|39\/100 tox|[from] psn\n|upkeep\n|turn|43\n|\n|t:|1701047561\n|move|p2a: Flying Pan|Earthquake|p1a: Dachsbun\n|-damage|p1a: Dachsbun|15\/100 tox\n|move|p1a: Dachsbun|Wish|p1a: Dachsbun\n|\n|-heal|p1a: Dachsbun|21\/100 tox|[from] item: Leftovers\n|-heal|p2a: Flying Pan|100\/100 tox|[from] ability: Poison Heal\n|-damage|p1a: Dachsbun|0 fnt|[from] psn\n|faint|p1a: Dachsbun\n|\n|win|The ShaqtusLOL\n|upkeep\n|c|\u2606HailieVictoria|GG\n|c|\u2606The ShaqtusLOL|gg\n|j| DivogoJota\n|l| DivogoJota\n","uploadtime":1701047580,"views":29,"p1id":"hailievictoria","p2id":"theshaqtuslol","formatid":"gen9ubers","rating":0,"private":0,"password":""}