{"id":"gen9ubers-1969785436","p1":"Vario 64\u2606\u5f61","p2":"IspamObjection","format":"[Gen 9] Ubers","log":"|j|\u2606Vario 64\u2606\u5f61\n|j|\u2606IspamObjection\n|t:|1697565237\n|gametype|singles\n|player|p1|Vario 64\u2606\u5f61|ghetsis|\n|player|p2|IspamObjection|lance-gen2|\n|teamsize|p1|6\n|teamsize|p2|6\n|gen|9\n|tier|[Gen 9] Ubers\n|rule|Sleep Clause Mod: Limit one foe put to sleep\n|rule|Species Clause: Limit one of each Pok\u00e9mon\n|rule|OHKO Clause: OHKO moves are banned\n|rule|Evasion Items Clause: Evasion items are banned\n|rule|Evasion Moves Clause: Evasion moves are banned\n|rule|Endless Battle Clause: Forcing endless battles is banned\n|rule|HP Percentage Mod: HP is shown in percentages\n|clearpoke\n|poke|p1|Magearna|\n|poke|p1|Dialga|\n|poke|p1|Arceus-Poison|\n|poke|p1|Cresselia, F|\n|poke|p1|Conkeldurr, M|\n|poke|p1|Bisharp, F|\n|poke|p2|Giratina|\n|poke|p2|Garchomp, F|\n|poke|p2|Espathra, F|\n|poke|p2|Cyclizar, M|\n|poke|p2|Palafin, F|\n|poke|p2|Chi-Yu|\n|teampreview\n|\n|t:|1697565252\n|start\n|switch|p1a: Magearna|Magearna|100\/100\n|switch|p2a: Cyclizar|Cyclizar, M|100\/100\n|turn|1\n|\n|t:|1697565259\n|move|p2a: Cyclizar|Shed Tail|p2a: Cyclizar\n|-start|p2a: Cyclizar|Substitute|[from] move: Shed Tail\n|-damage|p2a: Cyclizar|50\/100\n|\n|t:|1697565299\n|switch|p2a: Chi-Yu|Chi-Yu|100\/100|[from] Shed Tail\n|-ability|p2a: Chi-Yu|Beads of Ruin\n|move|p1a: Magearna|Trick Room|p1a: Magearna\n|-fieldstart|move: Trick Room|[of] p1a: Magearna\n|\n|upkeep\n|turn|2\n|\n|t:|1697565309\n|move|p1a: Magearna|Volt Switch|p2a: Chi-Yu\n|-crit|p2a: Chi-Yu\n|-end|p2a: Chi-Yu|Substitute\n|\n|t:|1697565319\n|switch|p1a: Arceus|Arceus-Poison|100\/100|[from] Volt Switch\n|move|p2a: Chi-Yu|Flamethrower|p1a: Arceus\n|-damage|p1a: Arceus|54\/100\n|-status|p1a: Arceus|brn\n|\n|-damage|p1a: Arceus|48\/100 brn|[from] brn\n|upkeep\n|turn|3\n|\n|t:|1697565329\n|move|p1a: Arceus|Gunk Shot|p2a: Chi-Yu\n|-damage|p2a: Chi-Yu|42\/100\n|-status|p2a: Chi-Yu|psn\n|move|p2a: Chi-Yu|Flamethrower|p1a: Arceus\n|-damage|p1a: Arceus|2\/100 brn\n|\n|-damage|p2a: Chi-Yu|30\/100 psn|[from] psn\n|-damage|p1a: Arceus|0 fnt|[from] brn\n|faint|p1a: Arceus\n|upkeep\n|\n|t:|1697565345\n|switch|p1a: Bisharp|Bisharp, F|100\/100\n|turn|4\n|\n|t:|1697565367\n|move|p1a: Bisharp|Iron Head|p2a: Chi-Yu\n|-resisted|p2a: Chi-Yu\n|-damage|p2a: Chi-Yu|0 fnt\n|faint|p2a: Chi-Yu\n|\n|upkeep\n|\n|t:|1697565374\n|switch|p2a: Garchover|Garchomp, F|100\/100\n|turn|5\n|\n|t:|1697565380\n|switch|p1a: Cresselia|Cresselia, F|100\/100\n|move|p2a: Garchover|Stealth Rock|p1a: Cresselia\n|-sidestart|p1: Vario 64\u2606\u5f61|move: Stealth Rock\n|\n|-fieldend|move: Trick Room\n|upkeep\n|turn|6\n|\n|t:|1697565390\n|move|p2a: Garchover|Spikes|p1a: Cresselia\n|-sidestart|p1: Vario 64\u2606\u5f61|Spikes\n|move|p1a: Cresselia|Moonblast|p2a: Garchover\n|-supereffective|p2a: Garchover\n|-damage|p2a: Garchover|66\/100\n|-unboost|p2a: Garchover|spa|1\n|\n|upkeep\n|turn|7\n|\n|t:|1697565395\n|move|p2a: Garchover|Spikes|p1a: Cresselia\n|-sidestart|p1: Vario 64\u2606\u5f61|Spikes\n|move|p1a: Cresselia|Trick Room|p1a: Cresselia\n|-fieldstart|move: Trick Room|[of] p1a: Cresselia\n|\n|upkeep\n|turn|8\n|\n|t:|1697565402\n|switch|p1a: Conkeldurr|Conkeldurr, M|100\/100\n|-damage|p1a: Conkeldurr|94\/100|[from] Stealth Rock\n|-damage|p1a: Conkeldurr|78\/100|[from] Spikes\n|move|p2a: Garchover|Spikes|p1a: Conkeldurr\n|-sidestart|p1: Vario 64\u2606\u5f61|Spikes\n|\n|-status|p1a: Conkeldurr|brn|[from] item: Flame Orb\n|upkeep\n|turn|9\n|\n|t:|1697565419\n|switch|p2a: Palafin|Palafin, F|100\/100\n|move|p1a: Conkeldurr|Bulk Up|p1a: Conkeldurr\n|-boost|p1a: Conkeldurr|atk|1\n|-boost|p1a: Conkeldurr|def|1\n|\n|-damage|p1a: Conkeldurr|72\/100 brn|[from] brn\n|upkeep\n|turn|10\n|\n|t:|1697565430\n|move|p1a: Conkeldurr|Bulk Up|p1a: Conkeldurr\n|-boost|p1a: Conkeldurr|atk|1\n|-boost|p1a: Conkeldurr|def|1\n|move|p2a: Palafin|Flip Turn|p1a: Conkeldurr\n|-damage|p1a: Conkeldurr|61\/100 brn\n|\n|t:|1697565441\n|detailschange|p2a: Palafin|Palafin-Hero, F\n|switch|p2a: Garchover|Garchomp, F|66\/100|[from] Flip Turn\n|\n|-damage|p1a: Conkeldurr|55\/100 brn|[from] brn\n|upkeep\n|turn|11\n|\n|t:|1697565452\n|-terastallize|p1a: Conkeldurr|Fighting\n|move|p1a: Conkeldurr|Drain Punch|p2a: Garchover\n|-damage|p2a: Garchover|0 fnt\n|-heal|p1a: Conkeldurr|83\/100 brn|[from] drain|[of] p2a: Garchover\n|-damage|p1a: Conkeldurr|71\/100 brn|[from] ability: Rough Skin|[of] p2a: Garchover\n|faint|p2a: Garchover\n|\n|-damage|p1a: Conkeldurr|65\/100 brn|[from] brn\n|-fieldend|move: Trick Room\n|upkeep\n|\n|t:|1697565471\n|switch|p2a: Cyclizar|Cyclizar, M|84\/100\n|turn|12\n|\n|t:|1697565475\n|move|p1a: Conkeldurr|Mach Punch|p2a: Cyclizar\n|-supereffective|p2a: Cyclizar\n|-damage|p2a: Cyclizar|0 fnt\n|faint|p2a: Cyclizar\n|\n|-damage|p1a: Conkeldurr|59\/100 brn|[from] brn\n|upkeep\n|\n|t:|1697565502\n|switch|p2a: Giratina|Giratina|100\/100\n|-ability|p2a: Giratina|Pressure\n|turn|13\n|\n|t:|1697565514\n|-terastallize|p2a: Giratina|Normal\n|move|p1a: Conkeldurr|Ice Punch|p2a: Giratina\n|-damage|p2a: Giratina|64\/100\n|move|p2a: Giratina|Roar|p1a: Conkeldurr\n|drag|p1a: Cresselia|Cresselia, F|100\/100\n|-damage|p1a: Cresselia|88\/100|[from] Stealth Rock\n|\n|-heal|p2a: Giratina|70\/100|[from] item: Leftovers\n|-heal|p1a: Cresselia|94\/100|[from] item: Leftovers\n|upkeep\n|turn|14\n|\n|t:|1697565528\n|move|p2a: Giratina|Roar|p1a: Cresselia\n|drag|p1a: Bisharp|Bisharp, F|100\/100\n|-damage|p1a: Bisharp|95\/100|[from] Stealth Rock\n|-damage|p1a: Bisharp|70\/100|[from] Spikes\n|\n|-heal|p2a: Giratina|76\/100|[from] item: Leftovers\n|upkeep\n|turn|15\n|\n|t:|1697565534\n|switch|p1a: Conkeldurr|Conkeldurr, M, tera:Fighting|59\/100 brn\n|-damage|p1a: Conkeldurr|53\/100 brn|[from] Stealth Rock\n|-damage|p1a: Conkeldurr|28\/100 brn|[from] Spikes\n|move|p2a: Giratina|Will-O-Wisp|p1a: Conkeldurr\n|-fail|p1a: Conkeldurr|brn\n|\n|-heal|p2a: Giratina|82\/100|[from] item: Leftovers\n|-damage|p1a: Conkeldurr|22\/100 brn|[from] brn\n|upkeep\n|turn|16\n|\n|t:|1697565547\n|switch|p2a: Espathra|Espathra, F|100\/100\n|move|p1a: Conkeldurr|Drain Punch|p2a: Espathra\n|-resisted|p2a: Espathra\n|-damage|p2a: Espathra|61\/100\n|-heal|p1a: Conkeldurr|39\/100 brn|[from] drain|[of] p2a: Espathra\n|\n|-heal|p2a: Espathra|67\/100|[from] item: Leftovers\n|-damage|p1a: Conkeldurr|33\/100 brn|[from] brn\n|upkeep\n|turn|17\n|\n|t:|1697565558\n|move|p2a: Espathra|Dazzling Gleam|p1a: Conkeldurr\n|-supereffective|p1a: Conkeldurr\n|-damage|p1a: Conkeldurr|0 fnt\n|faint|p1a: Conkeldurr\n|\n|-heal|p2a: Espathra|73\/100|[from] item: Leftovers\n|-ability|p2a: Espathra|Speed Boost|boost\n|-boost|p2a: Espathra|spe|1\n|upkeep\n|\n|t:|1697565568\n|switch|p1a: Magearna|Magearna|100\/100\n|-damage|p1a: Magearna|94\/100|[from] Stealth Rock\n|-damage|p1a: Magearna|69\/100|[from] Spikes\n|turn|18\n|\n|t:|1697565589\n|move|p2a: Espathra|Calm Mind|p2a: Espathra\n|-boost|p2a: Espathra|spa|1\n|-boost|p2a: Espathra|spd|1\n|move|p1a: Magearna|Trick Room|p1a: Magearna\n|-fieldstart|move: Trick Room|[of] p1a: Magearna\n|\n|-heal|p1a: Magearna|75\/100|[from] item: Leftovers\n|-heal|p2a: Espathra|80\/100|[from] item: Leftovers\n|-ability|p2a: Espathra|Speed Boost|boost\n|-boost|p2a: Espathra|spe|1\n|upkeep\n|turn|19\n|\n|t:|1697565615\n|move|p1a: Magearna|Volt Switch|p2a: Espathra\n|-damage|p2a: Espathra|55\/100\n|\n|t:|1697565618\n|switch|p1a: Bisharp|Bisharp, F|70\/100|[from] Volt Switch\n|-damage|p1a: Bisharp|64\/100|[from] Stealth Rock\n|-damage|p1a: Bisharp|39\/100|[from] Spikes\n|move|p2a: Espathra|Calm Mind|p2a: Espathra\n|-boost|p2a: Espathra|spa|1\n|-boost|p2a: Espathra|spd|1\n|\n|-heal|p2a: Espathra|61\/100|[from] item: Leftovers\n|-ability|p2a: Espathra|Speed Boost|boost\n|-boost|p2a: Espathra|spe|1\n|upkeep\n|turn|20\n|\n|t:|1697565631\n|move|p1a: Bisharp|Swords Dance|p1a: Bisharp\n|-boost|p1a: Bisharp|atk|2\n|move|p2a: Espathra|Roost|p2a: Espathra\n|-heal|p2a: Espathra|100\/100\n|-singleturn|p2a: Espathra|move: Roost\n|\n|-ability|p2a: Espathra|Speed Boost|boost\n|-boost|p2a: Espathra|spe|1\n|upkeep\n|turn|21\n|\n|t:|1697565640\n|move|p1a: Bisharp|Iron Head|p2a: Espathra\n|-damage|p2a: Espathra|20\/100\n|move|p2a: Espathra|Calm Mind|p2a: Espathra\n|-boost|p2a: Espathra|spa|1\n|-boost|p2a: Espathra|spd|1\n|\n|-heal|p2a: Espathra|26\/100|[from] item: Leftovers\n|-ability|p2a: Espathra|Speed Boost|boost\n|-boost|p2a: Espathra|spe|1\n|upkeep\n|turn|22\n|\n|t:|1697565649\n|move|p1a: Bisharp|Lash Out|p2a: Espathra\n|-supereffective|p2a: Espathra\n|-damage|p2a: Espathra|0 fnt\n|faint|p2a: Espathra\n|\n|-fieldend|move: Trick Room\n|upkeep\n|\n|t:|1697565662\n|switch|p2a: Giratina|Giratina, tera:Normal|82\/100\n|-ability|p2a: Giratina|Pressure\n|turn|23\n|\n|t:|1697565675\n|move|p1a: Bisharp|Iron Head|p2a: Giratina\n|-damage|p2a: Giratina|46\/100\n|cant|p2a: Giratina|flinch\n|\n|-heal|p2a: Giratina|52\/100|[from] item: Leftovers\n|upkeep\n|turn|24\n|\n|t:|1697565684\n|move|p2a: Giratina|Rest|p2a: Giratina\n|-status|p2a: Giratina|slp|[from] move: Rest\n|-heal|p2a: Giratina|100\/100 slp|[silent]\n|move|p1a: Bisharp|Iron Head|p2a: Giratina\n|-damage|p2a: Giratina|65\/100 slp\n|\n|-heal|p2a: Giratina|71\/100 slp|[from] item: Leftovers\n|upkeep\n|turn|25\n|\n|t:|1697565688\n|cant|p2a: Giratina|slp\n|move|p2a: Giratina|Sleep Talk|p2a: Giratina\n|move|p2a: Giratina|Will-O-Wisp|p1a: Bisharp|[from]move: Sleep Talk\n|-status|p1a: Bisharp|brn\n|move|p1a: Bisharp|Swords Dance|p1a: Bisharp\n|-boost|p1a: Bisharp|atk|2\n|\n|-heal|p2a: Giratina|77\/100 slp|[from] item: Leftovers\n|-damage|p1a: Bisharp|33\/100 brn|[from] brn\n|upkeep\n|turn|26\n|\n|t:|1697565700\n|switch|p1a: Cresselia|Cresselia, F|94\/100\n|-damage|p1a: Cresselia|82\/100|[from] Stealth Rock\n|cant|p2a: Giratina|slp\n|move|p2a: Giratina|Sleep Talk|p2a: Giratina\n|move|p2a: Giratina|Roar|p1a: Cresselia|[from]move: Sleep Talk\n|drag|p1a: Dialga|Dialga|100\/100\n|-damage|p1a: Dialga|94\/100|[from] Stealth Rock\n|-damage|p1a: Dialga|69\/100|[from] Spikes\n|-ability|p1a: Dialga|Pressure\n|\n|-heal|p2a: Giratina|83\/100 slp|[from] item: Leftovers\n|upkeep\n|turn|27\n|\n|t:|1697565715\n|move|p1a: Dialga|Draco Meteor|p2a: Giratina\n|-damage|p2a: Giratina|27\/100 slp\n|-unboost|p1a: Dialga|spa|2\n|-curestatus|p2a: Giratina|slp|[msg]\n|move|p2a: Giratina|Roar|p1a: Dialga\n|drag|p1a: Magearna|Magearna|75\/100\n|-damage|p1a: Magearna|69\/100|[from] Stealth Rock\n|-damage|p1a: Magearna|44\/100|[from] Spikes\n|\n|-heal|p2a: Giratina|33\/100|[from] item: Leftovers\n|-heal|p1a: Magearna|50\/100|[from] item: Leftovers\n|upkeep\n|turn|28\n|\n|t:|1697565728\n|move|p2a: Giratina|Rest|p2a: Giratina\n|-status|p2a: Giratina|slp|[from] move: Rest\n|-heal|p2a: Giratina|100\/100 slp|[silent]\n|move|p1a: Magearna|Trick Room|p1a: Magearna\n|-fieldstart|move: Trick Room|[of] p1a: Magearna\n|\n|-heal|p1a: Magearna|57\/100|[from] item: Leftovers\n|upkeep\n|turn|29\n|\n|t:|1697565735\n|move|p1a: Magearna|Fleur Cannon|p2a: Giratina\n|-crit|p2a: Giratina\n|-damage|p2a: Giratina|34\/100 slp\n|-unboost|p1a: Magearna|spa|2\n|cant|p2a: Giratina|slp\n|move|p2a: Giratina|Sleep Talk|p2a: Giratina\n|move|p2a: Giratina|Will-O-Wisp|p1a: Magearna|[from]move: Sleep Talk\n|-status|p1a: Magearna|brn\n|\n|-heal|p1a: Magearna|63\/100 brn|[from] item: Leftovers\n|-heal|p2a: Giratina|40\/100 slp|[from] item: Leftovers\n|-damage|p1a: Magearna|57\/100 brn|[from] brn\n|upkeep\n|turn|30\n|\n|t:|1697565754\n|move|p1a: Magearna|Volt Switch|p2a: Giratina\n|-damage|p2a: Giratina|32\/100 slp\n|\n|t:|1697565758\n|switch|p1a: Cresselia|Cresselia, F|82\/100|[from] Volt Switch\n|-damage|p1a: Cresselia|69\/100|[from] Stealth Rock\n|cant|p2a: Giratina|slp\n|move|p2a: Giratina|Sleep Talk|p2a: Giratina\n|move|p2a: Giratina|Rest||[from]move: Sleep Talk|[still]\n|-fail|p2a: Giratina\n|\n|-heal|p1a: Cresselia|75\/100|[from] item: Leftovers\n|-heal|p2a: Giratina|38\/100 slp|[from] item: Leftovers\n|upkeep\n|turn|31\n|\n|t:|1697565778\n|move|p1a: Cresselia|Moonblast|p2a: Giratina\n|-damage|p2a: Giratina|28\/100 slp\n|-curestatus|p2a: Giratina|slp|[msg]\n|move|p2a: Giratina|Rest|p2a: Giratina\n|-status|p2a: Giratina|slp|[from] move: Rest\n|-heal|p2a: Giratina|100\/100 slp|[silent]\n|\n|-heal|p1a: Cresselia|82\/100|[from] item: Leftovers\n|upkeep\n|turn|32\n|\n|t:|1697565797\n|move|p1a: Cresselia|Moonblast|p2a: Giratina\n|-damage|p2a: Giratina|90\/100 slp\n|cant|p2a: Giratina|slp\n|move|p2a: Giratina|Sleep Talk|p2a: Giratina\n|move|p2a: Giratina|Rest||[from]move: Sleep Talk|[still]\n|-fail|p2a: Giratina\n|\n|-heal|p1a: Cresselia|88\/100|[from] item: Leftovers\n|-heal|p2a: Giratina|96\/100 slp|[from] item: Leftovers\n|-fieldend|move: Trick Room\n|upkeep\n|turn|33\n|\n|t:|1697565805\n|cant|p2a: Giratina|slp\n|move|p2a: Giratina|Sleep Talk|p2a: Giratina\n|move|p2a: Giratina|Rest||[from]move: Sleep Talk|[still]\n|-fail|p2a: Giratina\n|move|p1a: Cresselia|Trick Room|p1a: Cresselia\n|-fieldstart|move: Trick Room|[of] p1a: Cresselia\n|\n|-heal|p1a: Cresselia|94\/100|[from] item: Leftovers\n|-heal|p2a: Giratina|100\/100 slp|[from] item: Leftovers\n|upkeep\n|turn|34\n|\n|t:|1697565817\n|switch|p1a: Magearna|Magearna|57\/100 brn\n|-damage|p1a: Magearna|50\/100 brn|[from] Stealth Rock\n|-damage|p1a: Magearna|25\/100 brn|[from] Spikes\n|-curestatus|p2a: Giratina|slp|[msg]\n|move|p2a: Giratina|Will-O-Wisp|p1a: Magearna|[miss]\n|-miss|p2a: Giratina|p1a: Magearna\n|\n|-heal|p1a: Magearna|32\/100 brn|[from] item: Leftovers\n|-damage|p1a: Magearna|25\/100 brn|[from] brn\n|upkeep\n|turn|35\n|\n|t:|1697565823\n|move|p1a: Magearna|Fleur Cannon|p2a: Giratina\n|-damage|p2a: Giratina|57\/100\n|-unboost|p1a: Magearna|spa|2\n|move|p2a: Giratina|Roar|p1a: Magearna\n|drag|p1a: Cresselia|Cresselia, F|94\/100\n|-damage|p1a: Cresselia|81\/100|[from] Stealth Rock\n|\n|-heal|p1a: Cresselia|87\/100|[from] item: Leftovers\n|-heal|p2a: Giratina|63\/100|[from] item: Leftovers\n|upkeep\n|turn|36\n|\n|t:|1697565834\n|move|p1a: Cresselia|Moonblast|p2a: Giratina\n|-damage|p2a: Giratina|53\/100\n|move|p2a: Giratina|Roar|p1a: Cresselia\n|drag|p1a: Bisharp|Bisharp, F|33\/100 brn\n|-damage|p1a: Bisharp|27\/100 brn|[from] Stealth Rock\n|-damage|p1a: Bisharp|2\/100 brn|[from] Spikes\n|\n|-heal|p2a: Giratina|59\/100|[from] item: Leftovers\n|-damage|p1a: Bisharp|0 fnt|[from] brn\n|faint|p1a: Bisharp\n|upkeep\n|\n|t:|1697565839\n|switch|p1a: Dialga|Dialga|69\/100\n|-damage|p1a: Dialga|63\/100|[from] Stealth Rock\n|-damage|p1a: Dialga|38\/100|[from] Spikes\n|-ability|p1a: Dialga|Pressure\n|turn|37\n|\n|t:|1697565849\n|move|p1a: Dialga|Draco Meteor|p2a: Giratina\n|-crit|p2a: Giratina\n|-damage|p2a: Giratina|0 fnt\n|-unboost|p1a: Dialga|spa|2\n|faint|p2a: Giratina\n|\n|-fieldend|move: Trick Room\n|upkeep\n|\n|t:|1697565856\n|switch|p2a: Palafin|Palafin-Hero, F|100\/100\n|-activate|p2a: Palafin|ability: Zero to Hero\n|turn|38\n|\n|t:|1697565883\n|switch|p1a: Magearna|Magearna|25\/100 brn\n|-damage|p1a: Magearna|19\/100 brn|[from] Stealth Rock\n|-damage|p1a: Magearna|0 fnt|[from] Spikes\n|faint|p1a: Magearna\n|move|p2a: Palafin|Wave Crash|p1: Magearna|[notarget]\n|-fail|p2a: Palafin\n|\n|upkeep\n|\n|t:|1697565892\n|switch|p1a: Cresselia|Cresselia, F|87\/100\n|-damage|p1a: Cresselia|75\/100|[from] Stealth Rock\n|turn|39\n|\n|t:|1697565897\n|move|p2a: Palafin|Wave Crash|p1a: Cresselia\n|-damage|p1a: Cresselia|35\/100\n|-damage|p2a: Palafin|83\/100|[from] Recoil\n|move|p1a: Cresselia|Trick Room|p1a: Cresselia\n|-fieldstart|move: Trick Room|[of] p1a: Cresselia\n|\n|-heal|p1a: Cresselia|41\/100|[from] item: Leftovers\n|upkeep\n|turn|40\n|\n|t:|1697565902\n|move|p1a: Cresselia|Lunar Dance|p1a: Cresselia\n|faint|p1a: Cresselia\n|move|p2a: Palafin|Wave Crash|p1: Cresselia|[notarget]\n|-fail|p2a: Palafin\n|\n|upkeep\n|\n|t:|1697565907\n|switch|p1a: Dialga|Dialga|38\/100\n|-heal|p1a: Dialga|100\/100|[from] move: Lunar Dance\n|-damage|p1a: Dialga|94\/100|[from] Stealth Rock\n|-damage|p1a: Dialga|69\/100|[from] Spikes\n|-ability|p1a: Dialga|Pressure\n|turn|41\n|\n|t:|1697565924\n|move|p1a: Dialga|Draco Meteor|p2a: Palafin\n|-damage|p2a: Palafin|0 fnt\n|-unboost|p1a: Dialga|spa|2\n|faint|p2a: Palafin\n|\n|win|Vario 64\u2606\u5f61\n|c|\u2606IspamObjection|gg\n|c|\u2606Vario 64\u2606\u5f61|Gg\n","uploadtime":1697565935,"views":22,"p1id":"vario64","p2id":"ispamobjection","formatid":"gen9ubers","rating":0,"private":0,"password":""}