{"id":"gen9ubers-1987168775","p1":"walter22n","p2":"orinrin","format":"[Gen 9] Ubers","log":"|j|\u2606walter22n\n|j|\u2606orinrin\n|t:|1699561842\n|gametype|singles\n|player|p1|walter22n|266|1000\n|player|p2|orinrin|lady|1132\n|teamsize|p1|6\n|teamsize|p2|6\n|gen|9\n|tier|[Gen 9] Ubers\n|rated|\n|rule|Sleep Clause Mod: Limit one foe put to sleep\n|rule|Species Clause: Limit one of each Pok\u00e9mon\n|rule|OHKO Clause: OHKO moves are banned\n|rule|Evasion Items Clause: Evasion items are banned\n|rule|Evasion Moves Clause: Evasion moves are banned\n|rule|Endless Battle Clause: Forcing endless battles is banned\n|rule|HP Percentage Mod: HP is shown in percentages\n|clearpoke\n|poke|p1|Krookodile, M|\n|poke|p1|Urshifu-*, F|\n|poke|p1|Bisharp, M|\n|poke|p1|Honchkrow, M|\n|poke|p1|Iron Jugulis|\n|poke|p1|Sableye, M|\n|poke|p2|Altaria, F|\n|poke|p2|Golem-Alola, M|\n|poke|p2|Coalossal, F|\n|poke|p2|Ampharos, M|\n|poke|p2|Appletun, F|\n|poke|p2|Vaporeon, M|\n|teampreview\n|\n|t:|1699561853\n|start\n|switch|p1a: Sableye|Sableye, M|100\/100\n|switch|p2a: puffy!|Altaria, F, shiny|100\/100\n|turn|1\n|\n|t:|1699561860\n|move|p2a: puffy!|Cotton Guard|p2a: puffy!\n|-boost|p2a: puffy!|def|3\n|move|p1a: Sableye|Ice Punch|p2a: puffy!\n|-supereffective|p2a: puffy!\n|-damage|p2a: puffy!|69\/100\n|\n|upkeep\n|turn|2\n|\n|t:|1699561870\n|move|p2a: puffy!|Cotton Guard|p2a: puffy!\n|-boost|p2a: puffy!|def|3\n|move|p1a: Sableye|Dazzling Gleam|p2a: puffy!\n|-supereffective|p2a: puffy!\n|-damage|p2a: puffy!|50\/100\n|\n|upkeep\n|turn|3\n|\n|t:|1699561878\n|move|p1a: Sableye|Detect|p1a: Sableye\n|-singleturn|p1a: Sableye|Protect\n|move|p2a: puffy!|Roost|p2a: puffy!\n|-heal|p2a: puffy!|99\/100\n|-singleturn|p2a: puffy!|move: Roost\n|\n|upkeep\n|turn|4\n|\n|t:|1699561886\n|move|p2a: puffy!|Dragon Dance|p2a: puffy!\n|-boost|p2a: puffy!|atk|1\n|-boost|p2a: puffy!|spe|1\n|move|p1a: Sableye|Phantom Force||[still]\n|-prepare|p1a: Sableye|Phantom Force\n|\n|upkeep\n|turn|5\n|\n|t:|1699561894\n|move|p2a: puffy!|Dragon Dance|p2a: puffy!\n|-boost|p2a: puffy!|atk|1\n|-boost|p2a: puffy!|spe|1\n|move|p1a: Sableye|Phantom Force|p2a: puffy!|[from]lockedmove\n|-damage|p2a: puffy!|91\/100\n|\n|upkeep\n|turn|6\n|\n|t:|1699561902\n|move|p2a: puffy!|Dragon Claw|p1a: Sableye\n|-damage|p1a: Sableye|48\/100\n|move|p1a: Sableye|Ice Punch|p2a: puffy!\n|-supereffective|p2a: puffy!\n|-damage|p2a: puffy!|73\/100\n|\n|-heal|p1a: Sableye|54\/100|[from] item: Leftovers\n|upkeep\n|turn|7\n|\n|t:|1699561912\n|move|p2a: puffy!|Dragon Claw|p1a: Sableye\n|-damage|p1a: Sableye|0 fnt\n|faint|p1a: Sableye\n|\n|upkeep\n|\n|t:|1699561922\n|switch|p1a: Honchkrow|Honchkrow, M|100\/100\n|turn|8\n|inactive|Battle timer is ON: inactive players will automatically lose when time's up. (requested by walter22n)\n|\n|t:|1699561955\n|move|p2a: puffy!|Dragon Dance|p2a: puffy!\n|-boost|p2a: puffy!|atk|1\n|-boost|p2a: puffy!|spe|1\n|move|p1a: Honchkrow|Nasty Plot|p1a: Honchkrow\n|-boost|p1a: Honchkrow|spa|2\n|\n|upkeep\n|turn|9\n|\n|t:|1699561968\n|move|p2a: puffy!|Dragon Claw|p1a: Honchkrow\n|-damage|p1a: Honchkrow|28\/100\n|move|p1a: Honchkrow|Psychic|p2a: puffy!\n|-damage|p2a: puffy!|34\/100\n|\n|-heal|p1a: Honchkrow|34\/100|[from] item: Leftovers\n|upkeep\n|turn|10\n|\n|t:|1699561978\n|move|p2a: puffy!|Roost|p2a: puffy!\n|-heal|p2a: puffy!|84\/100\n|-singleturn|p2a: puffy!|move: Roost\n|move|p1a: Honchkrow|Psychic|p2a: puffy!\n|-damage|p2a: puffy!|48\/100\n|\n|-heal|p1a: Honchkrow|40\/100|[from] item: Leftovers\n|upkeep\n|turn|11\n|\n|t:|1699561987\n|move|p2a: puffy!|Dragon Claw|p1a: Honchkrow\n|-damage|p1a: Honchkrow|0 fnt\n|faint|p1a: Honchkrow\n|\n|upkeep\n|\n|t:|1699561991\n|switch|p1a: Bisharp|Bisharp, M|100\/100\n|turn|12\n|\n|t:|1699561998\n|move|p2a: puffy!|Dragon Claw|p1a: Bisharp\n|-resisted|p1a: Bisharp\n|-damage|p1a: Bisharp|73\/100\n|move|p1a: Bisharp|Night Slash|p2a: puffy!\n|-damage|p2a: puffy!|40\/100\n|\n|upkeep\n|turn|13\n|\n|t:|1699562006\n|move|p2a: puffy!|Roost|p2a: puffy!\n|-heal|p2a: puffy!|90\/100\n|-singleturn|p2a: puffy!|move: Roost\n|move|p1a: Bisharp|Iron Defense|p1a: Bisharp\n|-boost|p1a: Bisharp|def|2\n|\n|upkeep\n|turn|14\n|inactive|orinrin has 120 seconds left.\n|\n|t:|1699562044\n|switch|p2a: behemoth! \u2665\ufe0e|Coalossal, F, shiny|100\/100\n|move|p1a: Bisharp|Iron Defense|p1a: Bisharp\n|-boost|p1a: Bisharp|def|2\n|\n|upkeep\n|turn|15\n|inactive|orinrin has 120 seconds left.\n|\n|t:|1699562051\n|switch|p2a: mookie!|Ampharos, M, shiny|100\/100\n|move|p1a: Bisharp|Dig||[still]\n|-prepare|p1a: Bisharp|Dig\n|\n|upkeep\n|turn|16\n|\n|t:|1699562061\n|-terastallize|p2a: mookie!|Water\n|move|p1a: Bisharp|Dig|p2a: mookie!|[from]lockedmove\n|-damage|p2a: mookie!|69\/100\n|-status|p1a: Bisharp|par|[from] ability: Static|[of] p2a: mookie!\n|move|p2a: mookie!|Tera Blast|p1a: Bisharp|[anim] Tera Blast Water\n|-damage|p1a: Bisharp|0 fnt\n|faint|p1a: Bisharp\n|\n|upkeep\n|\n|t:|1699562070\n|switch|p1a: Iron Jugulis|Iron Jugulis|100\/100\n|turn|17\n|\n|t:|1699562075\n|move|p1a: Iron Jugulis|Outrage|p2a: mookie!\n|-damage|p2a: mookie!|43\/100\n|move|p2a: mookie!|Dazzling Gleam|p1a: Iron Jugulis\n|-supereffective|p1a: Iron Jugulis\n|-damage|p1a: Iron Jugulis|45\/100\n|\n|upkeep\n|turn|18\n|\n|t:|1699562083\n|move|p1a: Iron Jugulis|Outrage|p2a: mookie!|[from]lockedmove\n|-damage|p2a: mookie!|17\/100\n|-enditem|p2a: mookie!|Mago Berry|[eat]\n|-heal|p2a: mookie!|50\/100|[from] item: Mago Berry\n|move|p2a: mookie!|Cotton Guard|p2a: mookie!\n|-boost|p2a: mookie!|def|3\n|\n|upkeep\n|turn|19\n|\n|t:|1699562093\n|move|p1a: Iron Jugulis|Outrage|p2a: mookie!|[from]lockedmove\n|-damage|p2a: mookie!|40\/100\n|-start|p1a: Iron Jugulis|confusion|[fatigue]\n|move|p2a: mookie!|Cotton Guard|p2a: mookie!\n|-boost|p2a: mookie!|def|3\n|\n|upkeep\n|turn|20\n|\n|t:|1699562107\n|-end|p1a: Iron Jugulis|Quark Drive|[silent]\n|switch|p1a: Urshifu|Urshifu, F|100\/100\n|move|p2a: mookie!|Thunderbolt|p1a: Urshifu\n|-damage|p1a: Urshifu|29\/100\n|\n|-heal|p1a: Urshifu|36\/100|[from] item: Leftovers\n|upkeep\n|turn|21\n|\n|t:|1699562115\n|move|p1a: Urshifu|Drain Punch|p2a: mookie!\n|-damage|p2a: mookie!|30\/100\n|-heal|p1a: Urshifu|40\/100|[from] drain|[of] p2a: mookie!\n|-status|p1a: Urshifu|par|[from] ability: Static|[of] p2a: mookie!\n|move|p2a: mookie!|Dazzling Gleam|p1a: Urshifu\n|-supereffective|p1a: Urshifu\n|-damage|p1a: Urshifu|0 fnt\n|faint|p1a: Urshifu\n|\n|upkeep\n|\n|t:|1699562121\n|switch|p1a: Krookodile|Krookodile, M|100\/100\n|-ability|p1a: Krookodile|Intimidate|boost\n|-unboost|p2a: mookie!|atk|1\n|turn|22\n|\n|t:|1699562135\n|-terastallize|p1a: Krookodile|Ground\n|move|p1a: Krookodile|Rock Slide|p2a: mookie!\n|-damage|p2a: mookie!|21\/100\n|move|p2a: mookie!|Dazzling Gleam|p1a: Krookodile\n|-damage|p1a: Krookodile|62\/100\n|\n|-heal|p1a: Krookodile|68\/100|[from] item: Leftovers\n|upkeep\n|turn|23\n|\n|t:|1699562145\n|move|p1a: Krookodile|Hone Claws|p1a: Krookodile\n|-boost|p1a: Krookodile|atk|1\n|-boost|p1a: Krookodile|accuracy|1\n|move|p2a: mookie!|Tera Blast|p1a: Krookodile|[anim] Tera Blast Water\n|-supereffective|p1a: Krookodile\n|-damage|p1a: Krookodile|0 fnt\n|faint|p1a: Krookodile\n|\n|upkeep\n|\n|t:|1699562153\n|switch|p1a: Iron Jugulis|Iron Jugulis|45\/100\n|turn|24\n|\n|t:|1699562158\n|move|p1a: Iron Jugulis|Iron Head|p2a: mookie!\n|-resisted|p2a: mookie!\n|-damage|p2a: mookie!|19\/100\n|move|p2a: mookie!|Dazzling Gleam|p1a: Iron Jugulis\n|-supereffective|p1a: Iron Jugulis\n|-damage|p1a: Iron Jugulis|0 fnt\n|faint|p1a: Iron Jugulis\n|-end|p1a: Iron Jugulis|Quark Drive|[silent]\n|\n|win|orinrin\n|raw|walter22n's rating: 1000 &rarr; <strong>1000<\/strong><br \/>(+0 for losing)\n|raw|orinrin's rating: 1132 &rarr; <strong>1148<\/strong><br \/>(+16 for winning)\n|l|\u2606walter22n\n","uploadtime":1699562172,"views":12,"p1id":"walter22n","p2id":"orinrin","formatid":"gen9ubers","rating":1000,"private":0,"password":""}