{"id":"gen9ubers-1991015537","p1":"Wolvenstorm","p2":"Wuboosies","format":"[Gen 9] Ubers","log":"|j|\u2606Wolvenstorm\n|j|\u2606Wuboosies\n|t:|1700028357\n|gametype|singles\n|player|p1|Wolvenstorm|lance|\n|player|p2|Wuboosies|169|\n|teamsize|p1|6\n|teamsize|p2|6\n|gen|9\n|tier|[Gen 9] Ubers\n|rule|Sleep Clause Mod: Limit one foe put to sleep\n|rule|Species Clause: Limit one of each Pok\u00e9mon\n|rule|OHKO Clause: OHKO moves are banned\n|rule|Evasion Items Clause: Evasion items are banned\n|rule|Evasion Moves Clause: Evasion moves are banned\n|rule|Endless Battle Clause: Forcing endless battles is banned\n|rule|HP Percentage Mod: HP is shown in percentages\n|clearpoke\n|poke|p1|Jolteon, M|\n|poke|p1|Baxcalibur, F|\n|poke|p1|Tyranitar, F|\n|poke|p1|Dragonite, M|\n|poke|p1|Salamence, F|\n|poke|p1|Zapdos-Galar|\n|poke|p2|Orthworm, F|\n|poke|p2|Hatterene, F|\n|poke|p2|Iron Treads|\n|poke|p2|Lycanroc-Dusk, F|\n|poke|p2|Rotom-Frost|\n|poke|p2|Dudunsparce-*, M|\n|teampreview\n|\n|t:|1700028371\n|start\n|switch|p1a: Jolteon|Jolteon, M, shiny|100\/100\n|switch|p2a: Girthworm|Orthworm, F|100\/100\n|turn|1\n|\n|t:|1700028390\n|move|p1a: Jolteon|Light Screen|p1a: Jolteon\n|-sidestart|p1: Wolvenstorm|move: Light Screen\n|move|p2a: Girthworm|Shed Tail|p2a: Girthworm\n|-start|p2a: Girthworm|Substitute|[from] move: Shed Tail\n|-damage|p2a: Girthworm|50\/100\n|\n|t:|1700028396\n|switch|p2a: Barkiesha|Lycanroc-Dusk, F, shiny|100\/100|[from] Shed Tail\n|\n|upkeep\n|turn|2\n|\n|t:|1700028401\n|move|p2a: Barkiesha|Accelerock|p1a: Jolteon\n|-damage|p1a: Jolteon|24\/100\n|move|p1a: Jolteon|Volt Switch|p2a: Barkiesha\n|-end|p2a: Barkiesha|Substitute\n|\n|t:|1700028408\n|switch|p1a: Dragonite|Dragonite, M, shiny|100\/100|[from] Volt Switch\n|\n|upkeep\n|turn|3\n|\n|t:|1700028428\n|move|p2a: Barkiesha|Accelerock|p1a: Dragonite\n|-supereffective|p1a: Dragonite\n|-damage|p1a: Dragonite|58\/100\n|move|p1a: Dragonite|Dragon Dance|p1a: Dragonite\n|-boost|p1a: Dragonite|atk|1\n|-boost|p1a: Dragonite|spe|1\n|\n|upkeep\n|turn|4\n|j| pbrake12\n|\n|t:|1700028435\n|-terastallize|p1a: Dragonite|Normal\n|move|p1a: Dragonite|Extreme Speed|p2a: Barkiesha\n|-resisted|p2a: Barkiesha\n|-damage|p2a: Barkiesha|39\/100\n|move|p2a: Barkiesha|Accelerock|p1a: Dragonite\n|-damage|p1a: Dragonite|13\/100\n|\n|upkeep\n|turn|5\n|\n|t:|1700028444\n|move|p1a: Dragonite|Extreme Speed|p2a: Barkiesha\n|-resisted|p2a: Barkiesha\n|-damage|p2a: Barkiesha|0 fnt\n|faint|p2a: Barkiesha\n|\n|-sideend|p1: Wolvenstorm|move: Light Screen\n|upkeep\n|j| butter dk\n|\n|t:|1700028455\n|switch|p2a: Smart Fridge|Rotom-Frost|100\/100\n|turn|6\n|c| pbrake12|barkiesha lmao\n|\n|t:|1700028462\n|move|p1a: Dragonite|Extreme Speed|p2a: Smart Fridge\n|-damage|p2a: Smart Fridge|11\/100\n|move|p2a: Smart Fridge|Confuse Ray|p1a: Dragonite\n|-start|p1a: Dragonite|confusion\n|\n|upkeep\n|turn|7\n|c| butter dk|the confuse ray\n|c| butter dk|madman\n|\n|t:|1700028496\n|-activate|p1a: Dragonite|confusion\n|move|p1a: Dragonite|Extreme Speed|p2a: Smart Fridge\n|-damage|p2a: Smart Fridge|0 fnt\n|faint|p2a: Smart Fridge\n|\n|upkeep\n|\n|t:|1700028507\n|switch|p2a: Robophant|Iron Treads|100\/100\n|-enditem|p2a: Robophant|Booster Energy\n|-activate|p2a: Robophant|ability: Quark Drive|[fromitem]\n|-start|p2a: Robophant|quarkdrivespe\n|turn|8\n|\n|t:|1700028531\n|-activate|p1a: Dragonite|confusion\n|move|p1a: Dragonite|Extreme Speed|p2a: Robophant\n|-resisted|p2a: Robophant\n|-damage|p2a: Robophant|70\/100\n|move|p2a: Robophant|Iron Head|p1a: Dragonite\n|-damage|p1a: Dragonite|0 fnt\n|faint|p1a: Dragonite\n|\n|upkeep\n|\n|t:|1700028542\n|switch|p1a: Tyranitar|Tyranitar, F, shiny|100\/100\n|-weather|Sandstorm|[from] ability: Sand Stream|[of] p1a: Tyranitar\n|turn|9\n|\n|t:|1700028556\n|-end|p2a: Robophant|Quark Drive|[silent]\n|switch|p2a: Girthworm|Orthworm, F|50\/100\n|move|p1a: Tyranitar|Earthquake|p2a: Girthworm\n|-heal|p2a: Girthworm|75\/100|[from] ability: Earth Eater|[of] p1a: Tyranitar\n|\n|-weather|Sandstorm|[upkeep]\n|upkeep\n|turn|10\n|j| Godofnoskill\n|c| butter dk|yummy\n|c| butter dk|earth\n|c| pbrake12|i love earth\n|l| Godofnoskill\n|\n|t:|1700028591\n|switch|p1a: Zapdos|Zapdos-Galar, shiny|100\/100\n|move|p2a: Girthworm|Body Press|p1a: Zapdos\n|-resisted|p1a: Zapdos\n|-damage|p1a: Zapdos|80\/100\n|\n|-weather|Sandstorm|[upkeep]\n|-damage|p1a: Zapdos|74\/100|[from] Sandstorm\n|upkeep\n|turn|11\n|\n|t:|1700028614\n|move|p1a: Zapdos|Thunderous Kick|p2a: Girthworm\n|-supereffective|p2a: Girthworm\n|-damage|p2a: Girthworm|27\/100\n|-unboost|p2a: Girthworm|def|1\n|move|p2a: Girthworm|Shed Tail|p2a: Girthworm\n|-fail|p2a: Girthworm|move: Shed Tail|[weak]\n|\n|-weather|Sandstorm|[upkeep]\n|-damage|p1a: Zapdos|67\/100|[from] Sandstorm\n|upkeep\n|turn|12\n|\n|t:|1700028624\n|move|p1a: Zapdos|Thunderous Kick|p2a: Girthworm\n|-supereffective|p2a: Girthworm\n|-damage|p2a: Girthworm|0 fnt\n|faint|p2a: Girthworm\n|\n|-weather|Sandstorm|[upkeep]\n|-damage|p1a: Zapdos|61\/100|[from] Sandstorm\n|upkeep\n|\n|t:|1700028632\n|switch|p2a: Robophant|Iron Treads|70\/100\n|turn|13\n|\n|t:|1700028646\n|move|p1a: Zapdos|Thunderous Kick|p2a: Robophant\n|-supereffective|p2a: Robophant\n|-damage|p2a: Robophant|0 fnt\n|faint|p2a: Robophant\n|-end|p2a: Robophant|Quark Drive|[silent]\n|\n|-weather|none\n|upkeep\n|\n|t:|1700028672\n|switch|p2a: Nokokocchi|Dudunsparce, M|100\/100\n|turn|14\n|\n|t:|1700028679\n|move|p1a: Zapdos|Thunderous Kick|p2a: Nokokocchi\n|-supereffective|p2a: Nokokocchi\n|-damage|p2a: Nokokocchi|25\/100\n|-unboost|p2a: Nokokocchi|def|1\n|move|p2a: Nokokocchi|Toxic|p1a: Zapdos\n|-status|p1a: Zapdos|tox\n|\n|-heal|p2a: Nokokocchi|31\/100|[from] item: Leftovers\n|-damage|p1a: Zapdos|55\/100 tox|[from] psn\n|upkeep\n|turn|15\n|\n|t:|1700028709\n|move|p1a: Zapdos|Thunderous Kick|p2a: Nokokocchi\n|-supereffective|p2a: Nokokocchi\n|-crit|p2a: Nokokocchi\n|-damage|p2a: Nokokocchi|0 fnt\n|faint|p2a: Nokokocchi\n|\n|-damage|p1a: Zapdos|43\/100 tox|[from] psn\n|upkeep\n|\n|t:|1700028715\n|switch|p2a: Gardevoir 2|Hatterene, F|100\/100\n|turn|16\n|\n|t:|1700028732\n|move|p1a: Zapdos|Thunderous Kick|p2a: Gardevoir 2\n|-resisted|p2a: Gardevoir 2\n|-damage|p2a: Gardevoir 2|91\/100\n|-unboost|p2a: Gardevoir 2|def|1\n|move|p2a: Gardevoir 2|Draining Kiss|p1a: Zapdos\n|-supereffective|p1a: Zapdos\n|-damage|p1a: Zapdos|0 fnt\n|-heal|p2a: Gardevoir 2|100\/100|[from] drain|[of] p1a: Zapdos\n|faint|p1a: Zapdos\n|\n|upkeep\n|\n|t:|1700028754\n|switch|p1a: Baxcalibur|Baxcalibur, F, shiny|100\/100\n|turn|17\n|\n|t:|1700028762\n|move|p1a: Baxcalibur|Icicle Spear|p2a: Gardevoir 2\n|-damage|p2a: Gardevoir 2|81\/100\n|-damage|p2a: Gardevoir 2|62\/100\n|-damage|p2a: Gardevoir 2|44\/100\n|-damage|p2a: Gardevoir 2|24\/100\n|-damage|p2a: Gardevoir 2|6\/100\n|-hitcount|p2a: Gardevoir 2|5\n|move|p2a: Gardevoir 2|Draining Kiss|p1a: Baxcalibur\n|-supereffective|p1a: Baxcalibur\n|-damage|p1a: Baxcalibur|56\/100\n|-heal|p2a: Gardevoir 2|44\/100|[from] drain|[of] p1a: Baxcalibur\n|\n|-heal|p2a: Gardevoir 2|50\/100|[from] item: Leftovers\n|upkeep\n|turn|18\n|\n|t:|1700028776\n|move|p1a: Baxcalibur|Icicle Spear|p2a: Gardevoir 2\n|-damage|p2a: Gardevoir 2|28\/100\n|-damage|p2a: Gardevoir 2|9\/100\n|-damage|p2a: Gardevoir 2|0 fnt\n|faint|p2a: Gardevoir 2\n|-hitcount|p2: Gardevoir 2|3\n|\n|win|Wolvenstorm\n|c| pbrake12|ggs\n|c|\u2606Wolvenstorm|ggs\n|l| pbrake12\n","uploadtime":1700028794,"views":6,"p1id":"wolvenstorm","p2id":"wuboosies","formatid":"gen9ubers","rating":0,"private":0,"password":""}