{"id":"gen9ubers-1979010655","p1":"Rei_darkness","p2":"N-Zoroark stan","format":"[Gen 9] Ubers","log":"|j|\u2606Rei_darkness\n|j|\u2606N-Zoroark stan\n|t:|1698620814\n|gametype|singles\n|player|p1|Rei_darkness|drayden|\n|player|p2|N-Zoroark stan|riley|\n|teamsize|p1|6\n|teamsize|p2|6\n|gen|9\n|tier|[Gen 9] Ubers\n|rule|Sleep Clause Mod: Limit one foe put to sleep\n|rule|Species Clause: Limit one of each Pok\u00e9mon\n|rule|OHKO Clause: OHKO moves are banned\n|rule|Evasion Items Clause: Evasion items are banned\n|rule|Evasion Moves Clause: Evasion moves are banned\n|rule|Endless Battle Clause: Forcing endless battles is banned\n|rule|HP Percentage Mod: HP is shown in percentages\n|clearpoke\n|poke|p1|Slowbro-Galar, F|\n|poke|p1|Klefki, F|\n|poke|p1|Arcanine, M|\n|poke|p1|Victreebel, F|\n|poke|p1|Scovillain, F|\n|poke|p1|Koraidon|\n|poke|p2|Zoroark-Hisui, F|\n|poke|p2|Toedscruel, M|\n|poke|p2|Blissey, F|\n|poke|p2|Palafin, F|\n|poke|p2|Slowking-Galar, F|\n|poke|p2|Infernape, M|\n|teampreview\n|inactive|Battle timer is ON: inactive players will automatically lose when time's up. (requested by N-Zoroark stan)\n|c|\u2606N-Zoroark stan|glhf\n|\n|t:|1698620830\n|start\n|switch|p1a: actualboxleg|Koraidon|100\/100\n|switch|p2a: Palafin|Palafin, F|100\/100\n|-weather|SunnyDay|[from] ability: Orichalcum Pulse|[of] p1a: actualboxleg\n|-activate|p1a: actualboxleg|Orichalcum Pulse|[source]\n|turn|1\n|\n|t:|1698620836\n|detailschange|p2a: Palafin|Palafin-Hero, F\n|switch|p2a: Blissey|Blissey, F|100\/100\n|move|p1a: actualboxleg|Fire Spin|p2a: Blissey\n|-damage|p2a: Blissey|95\/100\n|-activate|p2a: Blissey|move: Fire Spin|[of] p1a: actualboxleg\n|\n|-weather|SunnyDay|[upkeep]\n|-damage|p2a: Blissey|83\/100|[from] move: Fire Spin|[partiallytrapped]\n|upkeep\n|turn|2\n|\n|t:|1698620843\n|move|p1a: actualboxleg|Taunt|p2a: Blissey\n|-start|p2a: Blissey|move: Taunt\n|move|p2a: Blissey|Seismic Toss|p1a: actualboxleg\n|-damage|p1a: actualboxleg|71\/100\n|\n|-weather|SunnyDay|[upkeep]\n|-damage|p2a: Blissey|70\/100|[from] move: Fire Spin|[partiallytrapped]\n|upkeep\n|turn|3\n|\n|t:|1698620846\n|move|p1a: actualboxleg|Solar Beam||[still]\n|-prepare|p1a: actualboxleg|Solar Beam\n|-anim|p1a: actualboxleg|Solar Beam|p2a: Blissey\n|-damage|p2a: Blissey|59\/100\n|move|p2a: Blissey|Seismic Toss|p1a: actualboxleg\n|-damage|p1a: actualboxleg|42\/100\n|\n|-weather|SunnyDay|[upkeep]\n|-damage|p2a: Blissey|47\/100|[from] move: Fire Spin|[partiallytrapped]\n|upkeep\n|turn|4\n|\n|t:|1698620858\n|switch|p1a: I die now|Klefki, F|100\/100\n|move|p2a: Blissey|Seismic Toss|p1a: I die now\n|-damage|p1a: I die now|69\/100\n|\n|-weather|SunnyDay|[upkeep]\n|-end|p2a: Blissey|Fire Spin|[partiallytrapped]|[silent]\n|-end|p2a: Blissey|move: Taunt\n|upkeep\n|turn|5\n|\n|t:|1698620867\n|move|p1a: I die now|Reflect|p1a: I die now\n|-sidestart|p1: Rei_darkness|Reflect\n|move|p2a: Blissey|Soft-Boiled|p2a: Blissey\n|-heal|p2a: Blissey|97\/100\n|\n|-weather|SunnyDay|[upkeep]\n|upkeep\n|turn|6\n|\n|t:|1698620869\n|move|p1a: I die now|Light Screen|p1a: I die now\n|-sidestart|p1: Rei_darkness|move: Light Screen\n|move|p2a: Blissey|Stealth Rock|p1a: I die now\n|-sidestart|p1: Rei_darkness|move: Stealth Rock\n|\n|-weather|SunnyDay|[upkeep]\n|upkeep\n|turn|7\n|\n|t:|1698620872\n|move|p1a: I die now|Steel Beam|p2a: Blissey\n|-damage|p2a: Blissey|75\/100\n|-damage|p1a: I die now|19\/100|[from] steelbeam\n|move|p2a: Blissey|Seismic Toss|p1a: I die now\n|-damage|p1a: I die now|0 fnt\n|faint|p1a: I die now\n|\n|-weather|SunnyDay|[upkeep]\n|upkeep\n|\n|t:|1698620888\n|switch|p1a: Cowgurl|Slowbro-Galar, F|100\/100\n|-damage|p1a: Cowgurl|88\/100|[from] Stealth Rock\n|turn|8\n|\n|t:|1698620904\n|move|p2a: Blissey|Seismic Toss|p1a: Cowgurl\n|-damage|p1a: Cowgurl|63\/100\n|move|p1a: Cowgurl|Nasty Plot|p1a: Cowgurl\n|-boost|p1a: Cowgurl|spa|2\n|\n|-weather|none\n|upkeep\n|turn|9\n|\n|t:|1698620917\n|switch|p2a: Toedscruel|Toedscruel, M|100\/100\n|move|p1a: Cowgurl|Psyshock|p2a: Toedscruel\n|-damage|p2a: Toedscruel|28\/100\n|\n|upkeep\n|turn|10\n|-activate|p1a: Cowgurl|ability: Quick Draw\n|\n|t:|1698620920\n|move|p1a: Cowgurl|Sludge Bomb|p2a: Toedscruel\n|-damage|p2a: Toedscruel|0 fnt\n|faint|p2a: Toedscruel\n|\n|upkeep\n|\n|t:|1698620923\n|switch|p2a: Palafin|Palafin-Hero, F|100\/100\n|turn|11\n|\n|t:|1698620929\n|move|p2a: Palafin|Poltergeist|p1a: Cowgurl\n|-activate|p1a: Cowgurl|move: Poltergeist|Quick Claw\n|-supereffective|p1a: Cowgurl\n|-damage|p1a: Cowgurl|0 fnt\n|faint|p1a: Cowgurl\n|\n|upkeep\n|\n|t:|1698620935\n|switch|p1a: actualboxleg|Koraidon|42\/100\n|-damage|p1a: actualboxleg|36\/100|[from] Stealth Rock\n|-weather|SunnyDay|[from] ability: Orichalcum Pulse|[of] p1a: actualboxleg\n|-activate|p1a: actualboxleg|Orichalcum Pulse|[source]\n|turn|12\n|\n|t:|1698620938\n|switch|p2a: Blissey|Blissey, F|75\/100\n|move|p1a: actualboxleg|Draco Meteor|p2a: Blissey\n|-damage|p2a: Blissey|56\/100\n|-unboost|p1a: actualboxleg|spa|2\n|\n|-weather|SunnyDay|[upkeep]\n|-sideend|p1: Rei_darkness|Reflect\n|upkeep\n|turn|13\n|\n|t:|1698620945\n|switch|p1a: gen9shitmon|Scovillain, F|100\/100\n|-damage|p1a: gen9shitmon|76\/100|[from] Stealth Rock\n|move|p2a: Blissey|Seismic Toss|p1a: gen9shitmon\n|-damage|p1a: gen9shitmon|39\/100\n|\n|-weather|SunnyDay|[upkeep]\n|-sideend|p1: Rei_darkness|move: Light Screen\n|upkeep\n|turn|14\n|\n|t:|1698620951\n|switch|p2a: Infernape|Infernape, M|100\/100\n|move|p1a: gen9shitmon|Growth|p1a: gen9shitmon\n|-boost|p1a: gen9shitmon|atk|2\n|-boost|p1a: gen9shitmon|spa|2\n|\n|-weather|SunnyDay|[upkeep]\n|upkeep\n|turn|15\n|\n|t:|1698620958\n|move|p2a: Infernape|U-turn|p1a: gen9shitmon\n|-damage|p1a: gen9shitmon|0 fnt\n|faint|p1a: gen9shitmon\n|\n|t:|1698620966\n|switch|p2a: Slowking|Slowking-Galar, F|100\/100|[from] U-turn\n|\n|-weather|SunnyDay|[upkeep]\n|upkeep\n|c|\u2606Rei_darkness|im washed\n|-message|Rei_darkness forfeited.\n|\n|win|N-Zoroark stan\n|c|\u2606N-Zoroark stan|ggs\n","uploadtime":1698620986,"views":13,"p1id":"reidarkness","p2id":"nzoroarkstan","formatid":"gen9ubers","rating":0,"private":0,"password":""}