{"id":"gen9ubers-1976923331","p1":"faceplant83","p2":"Jrmoore896","format":"[Gen 9] Ubers","log":"|j|\u2606faceplant83\n|j|\u2606Jrmoore896\n|t:|1698352802\n|gametype|singles\n|player|p1|faceplant83|bruno|1104\n|player|p2|Jrmoore896|lucas-gen4pt|1250\n|teamsize|p1|6\n|teamsize|p2|6\n|gen|9\n|tier|[Gen 9] Ubers\n|rated|\n|rule|Sleep Clause Mod: Limit one foe put to sleep\n|rule|Species Clause: Limit one of each Pok\u00e9mon\n|rule|OHKO Clause: OHKO moves are banned\n|rule|Evasion Items Clause: Evasion items are banned\n|rule|Evasion Moves Clause: Evasion moves are banned\n|rule|Endless Battle Clause: Forcing endless battles is banned\n|rule|HP Percentage Mod: HP is shown in percentages\n|clearpoke\n|poke|p1|Annihilape, F|\n|poke|p1|Ursaluna-Bloodmoon, M|\n|poke|p1|Clefable, F|\n|poke|p1|Lucario, M|\n|poke|p1|Slowbro, F|\n|poke|p1|Golem-Alola, F|\n|poke|p2|Ninetales-Alola, M|\n|poke|p2|Baxcalibur, M|\n|poke|p2|Mienshao, M|\n|poke|p2|Chandelure, M|\n|poke|p2|Cinderace, M|\n|poke|p2|Clefable, M|\n|teampreview\n|inactive|Battle timer is ON: inactive players will automatically lose when time's up. (requested by Jrmoore896)\n|\n|t:|1698352824\n|start\n|switch|p1a: Ursaluna|Ursaluna-Bloodmoon, M|100\/100\n|switch|p2a: Mienshao|Mienshao, M|100\/100\n|turn|1\n|\n|t:|1698352845\n|switch|p1a: Clefable|Clefable, F|100\/100\n|move|p2a: Mienshao|U-turn|p1a: Clefable\n|-resisted|p1a: Clefable\n|-damage|p1a: Clefable|87\/100\n|-start|p2a: Mienshao|Attract|[from] ability: Cute Charm|[of] p1a: Clefable\n|\n|t:|1698352863\n|switch|p2a: Ninetales|Ninetales-Alola, M|100\/100|[from] U-turn\n|-weather|Snow|[from] ability: Snow Warning|[of] p2a: Ninetales\n|\n|-weather|Snow|[upkeep]\n|-heal|p1a: Clefable|93\/100|[from] item: Leftovers\n|upkeep\n|turn|2\n|\n|t:|1698352873\n|move|p2a: Ninetales|Aurora Veil|p2a: Ninetales\n|-sidestart|p2: Jrmoore896|move: Aurora Veil\n|move|p1a: Clefable|Stealth Rock|p2a: Ninetales\n|-sidestart|p2: Jrmoore896|move: Stealth Rock\n|\n|-weather|Snow|[upkeep]\n|-heal|p1a: Clefable|99\/100|[from] item: Leftovers\n|upkeep\n|turn|3\n|\n|t:|1698352888\n|switch|p1a: Golem|Golem-Alola, F|100\/100\n|move|p2a: Ninetales|Encore||[still]\n|-fail|p2a: Ninetales\n|\n|-weather|Snow|[upkeep]\n|upkeep\n|turn|4\n|\n|t:|1698352906\n|switch|p2a: Clefable|Clefable, M|100\/100\n|-damage|p2a: Clefable|88\/100|[from] Stealth Rock\n|move|p1a: Golem|Iron Defense|p1a: Golem\n|-boost|p1a: Golem|def|2\n|\n|-weather|Snow|[upkeep]\n|-heal|p2a: Clefable|94\/100|[from] item: Leftovers\n|upkeep\n|turn|5\n|\n|t:|1698352917\n|move|p2a: Clefable|Cosmic Power|p2a: Clefable\n|-boost|p2a: Clefable|def|1\n|-boost|p2a: Clefable|spd|1\n|move|p1a: Golem|Iron Defense|p1a: Golem\n|-boost|p1a: Golem|def|2\n|\n|-weather|none\n|-heal|p2a: Clefable|99\/100|[from] item: Leftovers\n|upkeep\n|turn|6\n|\n|t:|1698352928\n|move|p2a: Clefable|Cosmic Power|p2a: Clefable\n|-boost|p2a: Clefable|def|1\n|-boost|p2a: Clefable|spd|1\n|move|p1a: Golem|Body Press|p2a: Clefable\n|-resisted|p2a: Clefable\n|-damage|p2a: Clefable|98\/100\n|\n|-heal|p2a: Clefable|100\/100|[from] item: Leftovers\n|upkeep\n|turn|7\n|\n|t:|1698352944\n|switch|p1a: Annihilape|Annihilape, F|100\/100\n|move|p2a: Clefable|Cosmic Power|p2a: Clefable\n|-boost|p2a: Clefable|def|1\n|-boost|p2a: Clefable|spd|1\n|\n|upkeep\n|turn|8\n|\n|t:|1698352952\n|move|p1a: Annihilape|Taunt|p2a: Clefable\n|-start|p2a: Clefable|move: Taunt\n|cant|p2a: Clefable|move: Taunt|Cosmic Power\n|\n|upkeep\n|turn|9\n|\n|t:|1698352960\n|switch|p1a: Clefable|Clefable, F|99\/100\n|move|p2a: Clefable|Stored Power|p1a: Clefable\n|-crit|p1a: Clefable\n|-damage|p1a: Clefable|70\/100\n|\n|-heal|p1a: Clefable|76\/100|[from] item: Leftovers\n|-sideend|p2: Jrmoore896|move: Aurora Veil\n|upkeep\n|turn|10\n|\n|t:|1698352971\n|move|p1a: Clefable|Protect|p1a: Clefable\n|-singleturn|p1a: Clefable|Protect\n|move|p2a: Clefable|Night Shade|p1a: Clefable\n|-activate|p1a: Clefable|move: Protect\n|\n|-heal|p1a: Clefable|82\/100|[from] item: Leftovers\n|-end|p2a: Clefable|move: Taunt\n|upkeep\n|turn|11\n|\n|t:|1698352981\n|move|p2a: Clefable|Cosmic Power|p2a: Clefable\n|-boost|p2a: Clefable|def|1\n|-boost|p2a: Clefable|spd|1\n|move|p1a: Clefable|Moonblast|p2a: Clefable\n|-damage|p2a: Clefable|91\/100\n|\n|-heal|p2a: Clefable|97\/100|[from] item: Leftovers\n|-heal|p1a: Clefable|88\/100|[from] item: Leftovers\n|upkeep\n|turn|12\n|\n|t:|1698352996\n|switch|p1a: Annihilape|Annihilape, F|100\/100\n|move|p2a: Clefable|Night Shade|p1a: Annihilape\n|-damage|p1a: Annihilape|77\/100\n|\n|-heal|p1a: Annihilape|83\/100|[from] item: Leftovers\n|-heal|p2a: Clefable|100\/100|[from] item: Leftovers\n|upkeep\n|turn|13\n|\n|t:|1698353006\n|move|p1a: Annihilape|Taunt|p2a: Clefable\n|-start|p2a: Clefable|move: Taunt\n|move|p2a: Clefable|Stored Power|p1a: Annihilape\n|-supereffective|p1a: Annihilape\n|-damage|p1a: Annihilape|16\/100\n|\n|-heal|p1a: Annihilape|23\/100|[from] item: Leftovers\n|upkeep\n|turn|14\n|\n|t:|1698353016\n|move|p1a: Annihilape|Rage Fist|p2a: Clefable\n|-damage|p2a: Clefable|77\/100\n|move|p2a: Clefable|Stored Power|p1a: Annihilape\n|-supereffective|p1a: Annihilape\n|-damage|p1a: Annihilape|0 fnt\n|faint|p1a: Annihilape\n|\n|-heal|p2a: Clefable|83\/100|[from] item: Leftovers\n|upkeep\n|\n|t:|1698353021\n|switch|p1a: Ursaluna|Ursaluna-Bloodmoon, M|100\/100\n|turn|15\n|\n|t:|1698353031\n|move|p2a: Clefable|Stored Power|p1a: Ursaluna\n|-damage|p1a: Ursaluna|59\/100\n|move|p1a: Ursaluna|Calm Mind|p1a: Ursaluna\n|-boost|p1a: Ursaluna|spa|1\n|-boost|p1a: Ursaluna|spd|1\n|\n|-heal|p2a: Clefable|89\/100|[from] item: Leftovers\n|-heal|p1a: Ursaluna|65\/100|[from] item: Leftovers\n|-end|p2a: Clefable|move: Taunt\n|upkeep\n|turn|16\n|\n|t:|1698353042\n|-terastallize|p1a: Ursaluna|Normal\n|move|p2a: Clefable|Cosmic Power|p2a: Clefable\n|-boost|p2a: Clefable|def|1\n|-boost|p2a: Clefable|spd|1\n|move|p1a: Ursaluna|Blood Moon|p2a: Clefable\n|-damage|p2a: Clefable|63\/100\n|\n|-heal|p2a: Clefable|69\/100|[from] item: Leftovers\n|-heal|p1a: Ursaluna|71\/100|[from] item: Leftovers\n|upkeep\n|turn|17\n|\n|t:|1698353057\n|move|p2a: Clefable|Cosmic Power|p2a: Clefable\n|-boost|p2a: Clefable|def|1\n|-boost|p2a: Clefable|spd|1\n|move|p1a: Ursaluna|Calm Mind|p1a: Ursaluna\n|-boost|p1a: Ursaluna|spa|1\n|-boost|p1a: Ursaluna|spd|1\n|\n|-heal|p2a: Clefable|75\/100|[from] item: Leftovers\n|-heal|p1a: Ursaluna|77\/100|[from] item: Leftovers\n|upkeep\n|turn|18\n|\n|t:|1698353068\n|move|p2a: Clefable|Stored Power|p1a: Ursaluna\n|-damage|p1a: Ursaluna|13\/100\n|move|p1a: Ursaluna|Blood Moon|p2a: Clefable\n|-damage|p2a: Clefable|54\/100\n|\n|-heal|p2a: Clefable|60\/100|[from] item: Leftovers\n|-heal|p1a: Ursaluna|19\/100|[from] item: Leftovers\n|upkeep\n|turn|19\n|\n|t:|1698353079\n|move|p2a: Clefable|Stored Power|p1a: Ursaluna\n|-damage|p1a: Ursaluna|0 fnt\n|faint|p1a: Ursaluna\n|\n|-heal|p2a: Clefable|66\/100|[from] item: Leftovers\n|upkeep\n|\n|t:|1698353083\n|switch|p1a: Lucario|Lucario, M|100\/100\n|turn|20\n|\n|t:|1698353098\n|move|p1a: Lucario|Meteor Mash|p2a: Clefable\n|-supereffective|p2a: Clefable\n|-damage|p2a: Clefable|40\/100\n|-boost|p1a: Lucario|atk|1\n|-damage|p1a: Lucario|91\/100|[from] item: Life Orb\n|move|p2a: Clefable|Stored Power|p1a: Lucario\n|-damage|p1a: Lucario|0 fnt\n|faint|p1a: Lucario\n|\n|-heal|p2a: Clefable|46\/100|[from] item: Leftovers\n|upkeep\n|\n|t:|1698353108\n|switch|p1a: Golem|Golem-Alola, F|100\/100\n|turn|21\n|\n|t:|1698353115\n|move|p2a: Clefable|Stored Power|p1a: Golem\n|-damage|p1a: Golem|53\/100\n|move|p1a: Golem|Rock Blast|p2a: Clefable\n|-damage|p2a: Clefable|44\/100\n|-damage|p2a: Clefable|42\/100\n|-damage|p2a: Clefable|40\/100\n|-damage|p2a: Clefable|38\/100\n|-hitcount|p2a: Clefable|4\n|\n|-heal|p2a: Clefable|44\/100|[from] item: Leftovers\n|-heal|p1a: Golem|59\/100|[from] item: Leftovers\n|upkeep\n|turn|22\n|\n|t:|1698353130\n|move|p2a: Clefable|Night Shade|p1a: Golem\n|-damage|p1a: Golem|32\/100\n|move|p1a: Golem|Rock Blast|p2a: Clefable\n|-damage|p2a: Clefable|41\/100\n|-damage|p2a: Clefable|40\/100\n|-damage|p2a: Clefable|37\/100\n|-hitcount|p2a: Clefable|3\n|\n|-heal|p2a: Clefable|43\/100|[from] item: Leftovers\n|-heal|p1a: Golem|38\/100|[from] item: Leftovers\n|upkeep\n|turn|23\n|\n|t:|1698353142\n|move|p2a: Clefable|Night Shade|p1a: Golem\n|-damage|p1a: Golem|10\/100\n|move|p1a: Golem|Rock Blast|p2a: Clefable\n|-damage|p2a: Clefable|41\/100\n|-damage|p2a: Clefable|39\/100\n|-damage|p2a: Clefable|36\/100\n|-hitcount|p2a: Clefable|3\n|\n|-heal|p2a: Clefable|42\/100|[from] item: Leftovers\n|-heal|p1a: Golem|16\/100|[from] item: Leftovers\n|upkeep\n|turn|24\n|\n|t:|1698353155\n|move|p2a: Clefable|Night Shade|p1a: Golem\n|-damage|p1a: Golem|0 fnt\n|faint|p1a: Golem\n|\n|-heal|p2a: Clefable|48\/100|[from] item: Leftovers\n|upkeep\n|\n|t:|1698353159\n|switch|p1a: Slowbro|Slowbro, F|100\/100\n|turn|25\n|\n|t:|1698353165\n|move|p2a: Clefable|Night Shade|p1a: Slowbro\n|-damage|p1a: Slowbro|75\/100\n|move|p1a: Slowbro|Future Sight|p2a: Clefable\n|-start|p1a: Slowbro|move: Future Sight\n|\n|-heal|p2a: Clefable|54\/100|[from] item: Leftovers\n|upkeep\n|turn|26\n|\n|t:|1698353174\n|move|p2a: Clefable|Night Shade|p1a: Slowbro\n|-damage|p1a: Slowbro|50\/100\n|move|p1a: Slowbro|Surf|p2a: Clefable\n|-damage|p2a: Clefable|47\/100\n|\n|-heal|p2a: Clefable|53\/100|[from] item: Leftovers\n|upkeep\n|turn|27\n|\n|t:|1698353183\n|move|p2a: Clefable|Night Shade|p1a: Slowbro\n|-damage|p1a: Slowbro|24\/100\n|move|p1a: Slowbro|Surf|p2a: Clefable\n|-damage|p2a: Clefable|46\/100\n|\n|-end|p2a: Clefable|move: Future Sight\n|-damage|p2a: Clefable|37\/100\n|-heal|p2a: Clefable|43\/100|[from] item: Leftovers\n|upkeep\n|turn|28\n|\n|t:|1698353194\n|move|p2a: Clefable|Night Shade|p1a: Slowbro\n|-damage|p1a: Slowbro|0 fnt\n|faint|p1a: Slowbro\n|\n|-heal|p2a: Clefable|49\/100|[from] item: Leftovers\n|upkeep\n|\n|t:|1698353197\n|switch|p1a: Clefable|Clefable, F|88\/100\n|turn|29\n|\n|t:|1698353212\n|move|p1a: Clefable|Moonblast|p2a: Clefable\n|-damage|p2a: Clefable|42\/100\n|move|p2a: Clefable|Stored Power|p1a: Clefable\n|-damage|p1a: Clefable|53\/100\n|\n|-heal|p2a: Clefable|48\/100|[from] item: Leftovers\n|-heal|p1a: Clefable|59\/100|[from] item: Leftovers\n|upkeep\n|turn|30\n|c|\u2606faceplant83|gg\n|\n|t:|1698353223\n|move|p2a: Clefable|Stored Power|p1a: Clefable\n|-damage|p1a: Clefable|17\/100\n|move|p1a: Clefable|Moonblast|p2a: Clefable\n|-damage|p2a: Clefable|41\/100\n|-unboost|p2a: Clefable|spa|1\n|\n|-heal|p2a: Clefable|47\/100|[from] item: Leftovers\n|-heal|p1a: Clefable|23\/100|[from] item: Leftovers\n|upkeep\n|turn|31\n|\n|t:|1698353235\n|move|p1a: Clefable|Moonblast|p2a: Clefable\n|-damage|p2a: Clefable|40\/100\n|move|p2a: Clefable|Night Shade|p1a: Clefable\n|-damage|p1a: Clefable|0 fnt\n|faint|p1a: Clefable\n|\n|win|Jrmoore896\n|raw|faceplant83's rating: 1104 &rarr; <strong>1089<\/strong><br \/>(-15 for losing)\n|raw|Jrmoore896's rating: 1250 &rarr; <strong>1265<\/strong><br \/>(+15 for winning)\n|l|\u2606faceplant83\n","uploadtime":1698353247,"views":8,"p1id":"faceplant83","p2id":"jrmoore896","formatid":"gen9ubers","rating":1089,"private":0,"password":""}