{"id":"gen9ubers-1989827624","p1":"pdswww","p2":"Steven Stone 007","format":"[Gen 9] Ubers","log":"|j|\u2606pdswww\n|j|\u2606Steven Stone 007\n|t:|1699899085\n|gametype|singles\n|player|p1|pdswww|unknown|\n|player|p2|Steven Stone 007|steven|\n|teamsize|p1|6\n|teamsize|p2|6\n|gen|9\n|tier|[Gen 9] Ubers\n|rule|Sleep Clause Mod: Limit one foe put to sleep\n|rule|Species Clause: Limit one of each Pok\u00e9mon\n|rule|OHKO Clause: OHKO moves are banned\n|rule|Evasion Items Clause: Evasion items are banned\n|rule|Evasion Moves Clause: Evasion moves are banned\n|rule|Endless Battle Clause: Forcing endless battles is banned\n|rule|HP Percentage Mod: HP is shown in percentages\n|clearpoke\n|poke|p1|Zacian-*|\n|poke|p1|Chi-Yu|\n|poke|p1|Urshifu-*, F|\n|poke|p1|Enamorus, F|\n|poke|p1|Espathra, F|\n|poke|p1|Magearna|\n|poke|p2|Ninetales-Alola, F|\n|poke|p2|Baxcalibur, F|\n|poke|p2|Cyclizar, M|\n|poke|p2|Magearna|\n|poke|p2|Arceus-Poison|\n|poke|p2|Zacian-*|\n|teampreview\n|c|\u2606Steven Stone 007|Gl\n|\n|t:|1699899102\n|start\n|switch|p1a: Espathra|Espathra, F|100\/100\n|switch|p2a: Cyclizar|Cyclizar, M|100\/100\n|turn|1\n|inactive|Battle timer is ON: inactive players will automatically lose when time's up. (requested by pdswww)\n|\n|t:|1699899120\n|move|p2a: Cyclizar|U-turn|p1a: Espathra\n|-supereffective|p1a: Espathra\n|-damage|p1a: Espathra|55\/100\n|\n|t:|1699899124\n|switch|p2a: Magearna|Magearna|100\/100|[from] U-turn\n|move|p1a: Espathra|Calm Mind|p1a: Espathra\n|-boost|p1a: Espathra|spa|1\n|-boost|p1a: Espathra|spd|1\n|\n|-ability|p1a: Espathra|Speed Boost|boost\n|-boost|p1a: Espathra|spe|1\n|upkeep\n|turn|2\n|\n|t:|1699899131\n|move|p1a: Espathra|Protect|p1a: Espathra\n|-singleturn|p1a: Espathra|Protect\n|move|p2a: Magearna|Encore|p1a: Espathra\n|-activate|p1a: Espathra|move: Protect\n|\n|-ability|p1a: Espathra|Speed Boost|boost\n|-boost|p1a: Espathra|spe|1\n|upkeep\n|turn|3\n|\n|t:|1699899153\n|-terastallize|p1a: Espathra|Psychic\n|move|p1a: Espathra|Stored Power|p2a: Magearna\n|-resisted|p2a: Magearna\n|-crit|p2a: Magearna\n|-damage|p2a: Magearna|39\/100\n|-damage|p1a: Espathra|45\/100|[from] item: Life Orb\n|move|p2a: Magearna|Encore|p1a: Espathra\n|-start|p1a: Espathra|Encore\n|\n|-heal|p2a: Magearna|45\/100|[from] item: Leftovers\n|-ability|p1a: Espathra|Speed Boost|boost\n|-boost|p1a: Espathra|spe|1\n|upkeep\n|turn|4\n|\n|t:|1699899163\n|move|p1a: Espathra|Stored Power|p2a: Magearna\n|-resisted|p2a: Magearna\n|-damage|p2a: Magearna|0 fnt\n|faint|p2a: Magearna\n|-damage|p1a: Espathra|35\/100|[from] item: Life Orb\n|\n|-ability|p1a: Espathra|Speed Boost|boost\n|-boost|p1a: Espathra|spe|1\n|upkeep\n|\n|t:|1699899166\n|switch|p2a: Arceus|Arceus-Poison|100\/100\n|turn|5\n|\n|t:|1699899169\n|-terastallize|p2a: Arceus|Dark\n|move|p1a: Espathra|Stored Power|p2a: Arceus\n|-immune|p2a: Arceus\n|move|p2a: Arceus|Judgment|p1a: Espathra\n|-damage|p1a: Espathra|0 fnt\n|faint|p1a: Espathra\n|\n|upkeep\n|\n|t:|1699899174\n|switch|p1a: Enamorus|Enamorus, F|100\/100\n|turn|6\n|\n|t:|1699899185\n|switch|p2a: Zacian|Zacian|100\/100\n|-ability|p2a: Zacian|Intrepid Sword|boost\n|-boost|p2a: Zacian|atk|1\n|move|p1a: Enamorus|Superpower|p2a: Zacian\n|-resisted|p2a: Zacian\n|-crit|p2a: Zacian\n|-damage|p2a: Zacian|56\/100\n|-boost|p1a: Enamorus|atk|1\n|-boost|p1a: Enamorus|def|1\n|\n|upkeep\n|turn|7\n|\n|t:|1699899193\n|move|p2a: Zacian|Play Rough|p1a: Enamorus\n|-damage|p1a: Enamorus|35\/100\n|move|p1a: Enamorus|Superpower|p2a: Zacian\n|-resisted|p2a: Zacian\n|-damage|p2a: Zacian|10\/100\n|-boost|p1a: Enamorus|atk|1\n|-boost|p1a: Enamorus|def|1\n|\n|upkeep\n|turn|8\n|\n|t:|1699899198\n|move|p2a: Zacian|Play Rough|p1a: Enamorus\n|-damage|p1a: Enamorus|0 fnt\n|faint|p1a: Enamorus\n|\n|upkeep\n|\n|t:|1699899205\n|switch|p1a: Urshifu|Urshifu-Rapid-Strike, F|100\/100\n|turn|9\n|\n|t:|1699899218\n|move|p1a: Urshifu|Close Combat|p2a: Zacian\n|-resisted|p2a: Zacian\n|-crit|p2a: Zacian\n|-damage|p2a: Zacian|0 fnt\n|-unboost|p1a: Urshifu|def|1\n|-unboost|p1a: Urshifu|spd|1\n|faint|p2a: Zacian\n|\n|upkeep\n|\n|t:|1699899231\n|switch|p2a: Cyclizar|Cyclizar, M|100\/100\n|turn|10\n|\n|t:|1699899237\n|move|p2a: Cyclizar|Draco Meteor|p1a: Urshifu\n|-damage|p1a: Urshifu|15\/100\n|-unboost|p2a: Cyclizar|spa|2\n|move|p1a: Urshifu|Close Combat|p2a: Cyclizar\n|-supereffective|p2a: Cyclizar\n|-damage|p2a: Cyclizar|0 fnt\n|-unboost|p1a: Urshifu|def|1\n|-unboost|p1a: Urshifu|spd|1\n|faint|p2a: Cyclizar\n|\n|upkeep\n|\n|t:|1699899242\n|switch|p2a: Ninetales|Ninetales-Alola, F|100\/100\n|-weather|Snow|[from] ability: Snow Warning|[of] p2a: Ninetales\n|turn|11\n|\n|t:|1699899245\n|move|p1a: Urshifu|Close Combat|p2a: Ninetales\n|-damage|p2a: Ninetales|48\/100\n|-unboost|p1a: Urshifu|def|1\n|-unboost|p1a: Urshifu|spd|1\n|move|p2a: Ninetales|Aurora Veil|p2a: Ninetales\n|-sidestart|p2: Steven Stone 007|move: Aurora Veil\n|\n|-weather|Snow|[upkeep]\n|upkeep\n|turn|12\n|\n|t:|1699899249\n|move|p1a: Urshifu|Close Combat|p2a: Ninetales\n|-damage|p2a: Ninetales|20\/100\n|-unboost|p1a: Urshifu|def|1\n|-unboost|p1a: Urshifu|spd|1\n|move|p2a: Ninetales|Freeze-Dry|p1a: Urshifu\n|-supereffective|p1a: Urshifu\n|-damage|p1a: Urshifu|0 fnt\n|faint|p1a: Urshifu\n|\n|-weather|Snow|[upkeep]\n|upkeep\n|\n|t:|1699899262\n|switch|p1a: Zacian|Zacian|100\/100\n|-ability|p1a: Zacian|Intrepid Sword|boost\n|-boost|p1a: Zacian|atk|1\n|turn|13\n|\n|t:|1699899266\n|move|p1a: Zacian|Iron Head|p2a: Ninetales\n|-supereffective|p2a: Ninetales\n|-damage|p2a: Ninetales|0 fnt\n|faint|p2a: Ninetales\n|\n|-weather|Snow|[upkeep]\n|upkeep\n|\n|t:|1699899268\n|switch|p2a: Baxcalibur|Baxcalibur, F|100\/100\n|turn|14\n|\n|t:|1699899271\n|move|p1a: Zacian|Iron Head|p2a: Baxcalibur\n|-supereffective|p2a: Baxcalibur\n|-damage|p2a: Baxcalibur|63\/100\n|move|p2a: Baxcalibur|Icicle Spear|p1a: Zacian\n|-damage|p1a: Zacian|88\/100\n|-damage|p1a: Zacian|76\/100\n|-damage|p1a: Zacian|63\/100\n|-damage|p1a: Zacian|49\/100\n|-hitcount|p1a: Zacian|4\n|\n|-weather|Snow|[upkeep]\n|upkeep\n|turn|15\n|\n|t:|1699899279\n|move|p1a: Zacian|Iron Head|p2a: Baxcalibur\n|-supereffective|p2a: Baxcalibur\n|-damage|p2a: Baxcalibur|22\/100\n|move|p2a: Baxcalibur|Icicle Spear|p1a: Zacian\n|-damage|p1a: Zacian|36\/100\n|-damage|p1a: Zacian|23\/100\n|-damage|p1a: Zacian|9\/100\n|-damage|p1a: Zacian|0 fnt\n|faint|p1a: Zacian\n|-hitcount|p1: Zacian|4\n|\n|-weather|none\n|upkeep\n|\n|t:|1699899288\n|switch|p1a: Magearna|Magearna|100\/100\n|turn|16\n|c|\u2606Steven Stone 007|Gg\n|\n|t:|1699899293\n|move|p2a: Baxcalibur|Earthquake|p1a: Magearna\n|-supereffective|p1a: Magearna\n|-damage|p1a: Magearna|35\/100\n|move|p1a: Magearna|Draining Kiss|p2a: Baxcalibur\n|-supereffective|p2a: Baxcalibur\n|-damage|p2a: Baxcalibur|0 fnt\n|-heal|p1a: Magearna|51\/100|[from] drain|[of] p2a: Baxcalibur\n|faint|p2a: Baxcalibur\n|-ability|p1a: Magearna|Soul-Heart|boost\n|-boost|p1a: Magearna|spa|1\n|\n|-heal|p1a: Magearna|57\/100|[from] item: Leftovers\n|upkeep\n|\n|t:|1699899296\n|switch|p2a: Arceus|Arceus-Poison, tera:Dark|100\/100\n|turn|17\n|\n|t:|1699899300\n|move|p2a: Arceus|Earth Power|p1a: Magearna\n|-supereffective|p1a: Magearna\n|-damage|p1a: Magearna|15\/100\n|move|p1a: Magearna|Draining Kiss|p2a: Arceus\n|-supereffective|p2a: Arceus\n|-damage|p2a: Arceus|76\/100\n|-heal|p1a: Magearna|38\/100|[from] drain|[of] p2a: Arceus\n|\n|-heal|p1a: Magearna|44\/100|[from] item: Leftovers\n|upkeep\n|turn|18\n|\n|t:|1699899305\n|move|p2a: Arceus|Calm Mind|p2a: Arceus\n|-boost|p2a: Arceus|spa|1\n|-boost|p2a: Arceus|spd|1\n|move|p1a: Magearna|Draining Kiss|p2a: Arceus\n|-supereffective|p2a: Arceus\n|-damage|p2a: Arceus|60\/100\n|-heal|p1a: Magearna|59\/100|[from] drain|[of] p2a: Arceus\n|\n|-heal|p1a: Magearna|65\/100|[from] item: Leftovers\n|-sideend|p2: Steven Stone 007|move: Aurora Veil\n|upkeep\n|turn|19\n|\n|t:|1699899310\n|move|p2a: Arceus|Calm Mind|p2a: Arceus\n|-boost|p2a: Arceus|spa|1\n|-boost|p2a: Arceus|spd|1\n|move|p1a: Magearna|Draining Kiss|p2a: Arceus\n|-supereffective|p2a: Arceus\n|-damage|p2a: Arceus|33\/100\n|-heal|p1a: Magearna|89\/100|[from] drain|[of] p2a: Arceus\n|\n|-heal|p1a: Magearna|95\/100|[from] item: Leftovers\n|upkeep\n|turn|20\n|\n|t:|1699899313\n|move|p2a: Arceus|Recover|p2a: Arceus\n|-heal|p2a: Arceus|83\/100\n|move|p1a: Magearna|Draining Kiss|p2a: Arceus\n|-supereffective|p2a: Arceus\n|-damage|p2a: Arceus|56\/100\n|-heal|p1a: Magearna|100\/100|[from] drain|[of] p2a: Arceus\n|\n|upkeep\n|turn|21\n|\n|t:|1699899320\n|switch|p1a: Chi-Yu|Chi-Yu|100\/100\n|-ability|p1a: Chi-Yu|Beads of Ruin\n|move|p2a: Arceus|Recover|p2a: Arceus\n|-heal|p2a: Arceus|100\/100\n|\n|upkeep\n|turn|22\n|\n|t:|1699899326\n|move|p1a: Chi-Yu|Overheat|p2a: Arceus\n|-damage|p2a: Arceus|58\/100\n|-unboost|p1a: Chi-Yu|spa|2\n|move|p2a: Arceus|Earth Power|p1a: Chi-Yu\n|-supereffective|p1a: Chi-Yu\n|-damage|p1a: Chi-Yu|0 fnt\n|faint|p1a: Chi-Yu\n|\n|upkeep\n|\n|t:|1699899331\n|switch|p1a: Magearna|Magearna|100\/100\n|turn|23\n|\n|t:|1699899339\n|move|p2a: Arceus|Earth Power|p1a: Magearna\n|-supereffective|p1a: Magearna\n|-damage|p1a: Magearna|15\/100\n|move|p1a: Magearna|Draining Kiss|p2a: Arceus\n|-supereffective|p2a: Arceus\n|-damage|p2a: Arceus|42\/100\n|-heal|p1a: Magearna|30\/100|[from] drain|[of] p2a: Arceus\n|\n|-heal|p1a: Magearna|36\/100|[from] item: Leftovers\n|upkeep\n|turn|24\n|\n|t:|1699899344\n|move|p2a: Arceus|Earth Power|p1a: Magearna\n|-supereffective|p1a: Magearna\n|-damage|p1a: Magearna|0 fnt\n|faint|p1a: Magearna\n|\n|win|Steven Stone 007\n|c|\u2606pdswww|gg\n|l|\u2606Steven Stone 007\n|j|\u2606Steven Stone 007\n|player|p2|Steven Stone 007|steven\n","uploadtime":1699899347,"views":16,"p1id":"pdswww","p2id":"stevenstone007","formatid":"gen9ubers","rating":0,"private":0,"password":""}