{"id":"gen9ubers-1979701125","p1":"Scottowo","p2":"Timirk","format":"[Gen 9] Ubers","log":"|j|\u2606Scottowo\n|j|\u2606Timirk\n|t:|1698704596\n|gametype|singles\n|player|p1|Scottowo|elesa-gen5bw2|\n|player|p2|Timirk|ninjaboy|\n|teamsize|p1|6\n|teamsize|p2|6\n|gen|9\n|tier|[Gen 9] Ubers\n|rule|Sleep Clause Mod: Limit one foe put to sleep\n|rule|Species Clause: Limit one of each Pok\u00e9mon\n|rule|OHKO Clause: OHKO moves are banned\n|rule|Evasion Items Clause: Evasion items are banned\n|rule|Evasion Moves Clause: Evasion moves are banned\n|rule|Endless Battle Clause: Forcing endless battles is banned\n|rule|HP Percentage Mod: HP is shown in percentages\n|clearpoke\n|poke|p1|Kingambit, M|\n|poke|p1|Quaquaval, M|\n|poke|p1|Pelipper, M|\n|poke|p1|Iron Moth|\n|poke|p1|Beartic, M|\n|poke|p1|Ogerpon-Cornerstone, F|\n|poke|p2|Baxcalibur, M|\n|poke|p2|Ninetales-Alola, F|\n|poke|p2|Gliscor, M|\n|poke|p2|Rotom-Wash|\n|poke|p2|Talonflame, M|\n|poke|p2|Tauros-Paldea-Aqua, M|\n|teampreview\n|j| hatev2\n|j| Aaron_Naps\n|c|\u2606Timirk|glhf\n|c|\u2606Scottowo|u2\n|j| Ghantist\n|c| Ghantist|hey guys\n|c| Aaron_Naps|hey guys\n|c| hatev2|hey guys\n|c|\u2606Timirk|hey guys\n|c| hatev2|penis\n|c|\u2606Timirk|>:[\n|c| hatev2|>:)\n|\n|t:|1698704706\n|start\n|switch|p1a: Mr. Meeseeks|Quaquaval, M|100\/100\n|switch|p2a: Rotom|Rotom-Wash|100\/100\n|turn|1\n|\n|t:|1698704719\n|move|p1a: Mr. Meeseeks|U-turn|p2a: Rotom\n|-damage|p2a: Rotom|80\/100\n|\n|t:|1698704800\n|switch|p1a: Morty|Ogerpon-Cornerstone, F|100\/100|[from] U-turn\n|move|p2a: Rotom|Thunder Wave|p1a: Morty\n|-status|p1a: Morty|par\n|\n|-heal|p2a: Rotom|86\/100|[from] item: Leftovers\n|upkeep\n|turn|2\n|\n|t:|1698704818\n|move|p2a: Rotom|Volt Switch|p1a: Morty\n|-resisted|p1a: Morty\n|-damage|p1a: Morty|85\/100 par\n|\n|t:|1698704829\n|switch|p2a: Gliscor|Gliscor, M|100\/100|[from] Volt Switch\n|move|p1a: Morty|Ivy Cudgel|p2a: Gliscor\n|-damage|p2a: Gliscor|63\/100\n|\n|-status|p2a: Gliscor|tox|[from] item: Toxic Orb\n|upkeep\n|turn|3\n|\n|t:|1698704877\n|switch|p1a: Mr. Meeseeks|Quaquaval, M|100\/100\n|move|p2a: Gliscor|Protect||[still]\n|-fail|p2a: Gliscor\n|\n|-heal|p2a: Gliscor|76\/100 tox|[from] ability: Poison Heal\n|upkeep\n|turn|4\n|\n|t:|1698704889\n|switch|p2a: Tauros|Tauros-Paldea-Aqua, M|100\/100\n|-ability|p2a: Tauros|Intimidate|boost\n|-unboost|p1a: Mr. Meeseeks|atk|1\n|move|p1a: Mr. Meeseeks|Aqua Step|p2a: Tauros\n|-resisted|p2a: Tauros\n|-damage|p2a: Tauros|87\/100\n|-boost|p1a: Mr. Meeseeks|spe|1\n|\n|-heal|p2a: Tauros|93\/100|[from] item: Leftovers\n|upkeep\n|turn|5\n|\n|t:|1698704899\n|move|p1a: Mr. Meeseeks|U-turn|p2a: Tauros\n|-resisted|p2a: Tauros\n|-damage|p2a: Tauros|84\/100\n|\n|t:|1698704935\n|switch|p1a: Jerry|Pelipper, M|100\/100|[from] U-turn\n|-weather|RainDance|[from] ability: Drizzle|[of] p1a: Jerry\n|move|p2a: Tauros|Bulk Up|p2a: Tauros\n|-boost|p2a: Tauros|atk|1\n|-boost|p2a: Tauros|def|1\n|\n|-weather|RainDance|[upkeep]\n|-heal|p2a: Tauros|91\/100|[from] item: Leftovers\n|upkeep\n|turn|6\n|\n|t:|1698704946\n|switch|p2a: Rotom|Rotom-Wash|86\/100\n|move|p1a: Jerry|Hurricane|p2a: Rotom\n|-resisted|p2a: Rotom\n|-damage|p2a: Rotom|67\/100\n|\n|-weather|RainDance|[upkeep]\n|-heal|p2a: Rotom|73\/100|[from] item: Leftovers\n|upkeep\n|turn|7\n|\n|t:|1698704957\n|switch|p1a: Morty|Ogerpon-Cornerstone, F|85\/100 par\n|move|p2a: Rotom|Volt Switch|p1a: Morty\n|-resisted|p1a: Morty\n|-damage|p1a: Morty|69\/100 par\n|\n|t:|1698704965\n|switch|p2a: Ninetales|Ninetales-Alola, F|100\/100|[from] Volt Switch\n|-weather|Snow|[from] ability: Snow Warning|[of] p2a: Ninetales\n|\n|-weather|Snow|[upkeep]\n|upkeep\n|turn|8\n|\n|t:|1698704977\n|move|p2a: Ninetales|Aurora Veil|p2a: Ninetales\n|-sidestart|p2: Timirk|move: Aurora Veil\n|move|p1a: Morty|Brick Break|p2a: Ninetales\n|-sideend|p2: Timirk|move: Aurora Veil\n|-damage|p2a: Ninetales|75\/100\n|\n|-weather|Snow|[upkeep]\n|upkeep\n|turn|9\n|c|\u2606Scottowo|i am waving my finger at you\n|c| hatev2|nonononono\n|\n|t:|1698705025\n|switch|p2a: Gliscor|Gliscor, M|76\/100 tox\n|move|p1a: Morty|Ivy Cudgel|p2a: Gliscor\n|-damage|p2a: Gliscor|38\/100 tox\n|\n|-weather|Snow|[upkeep]\n|-heal|p2a: Gliscor|50\/100 tox|[from] ability: Poison Heal\n|upkeep\n|turn|10\n|l| hatev2\n|j| hatev2\n|\n|t:|1698705080\n|move|p2a: Gliscor|Spikes|p1a: Morty\n|-sidestart|p1: Scottowo|Spikes\n|move|p1a: Morty|Swords Dance|p1a: Morty\n|-boost|p1a: Morty|atk|2\n|\n|-weather|Snow|[upkeep]\n|-heal|p2a: Gliscor|63\/100 tox|[from] ability: Poison Heal\n|upkeep\n|turn|11\n|\n|t:|1698705101\n|move|p2a: Gliscor|Spikes|p1a: Morty\n|-sidestart|p1: Scottowo|Spikes\n|move|p1a: Morty|Ivy Cudgel|p2a: Gliscor\n|-damage|p2a: Gliscor|0 fnt\n|faint|p2a: Gliscor\n|\n|-weather|none\n|upkeep\n|\n|t:|1698705150\n|switch|p2a: Tauros|Tauros-Paldea-Aqua, M|91\/100\n|-ability|p2a: Tauros|Intimidate|boost\n|-unboost|p1a: Morty|atk|1\n|turn|12\n|\n|t:|1698705176\n|switch|p1a: Jerry|Pelipper, M|100\/100\n|-weather|RainDance|[from] ability: Drizzle|[of] p1a: Jerry\n|move|p2a: Tauros|Close Combat|p1a: Jerry\n|-resisted|p1a: Jerry\n|-damage|p1a: Jerry|80\/100\n|-unboost|p2a: Tauros|def|1\n|-unboost|p2a: Tauros|spd|1\n|\n|-weather|RainDance|[upkeep]\n|-heal|p2a: Tauros|97\/100|[from] item: Leftovers\n|upkeep\n|turn|13\n|\n|t:|1698705188\n|switch|p2a: Rotom|Rotom-Wash|73\/100\n|move|p1a: Jerry|U-turn|p2a: Rotom\n|-damage|p2a: Rotom|66\/100\n|\n|t:|1698705212\n|switch|p1a: Mr. Meeseeks|Quaquaval, M|100\/100|[from] U-turn\n|-damage|p1a: Mr. Meeseeks|84\/100|[from] Spikes\n|\n|-weather|RainDance|[upkeep]\n|-heal|p2a: Rotom|73\/100|[from] item: Leftovers\n|upkeep\n|turn|14\n|\n|t:|1698705229\n|move|p2a: Rotom|Protect|p2a: Rotom\n|-singleturn|p2a: Rotom|Protect\n|move|p1a: Mr. Meeseeks|U-turn|p2a: Rotom\n|-activate|p2a: Rotom|move: Protect\n|\n|-weather|RainDance|[upkeep]\n|-heal|p2a: Rotom|79\/100|[from] item: Leftovers\n|upkeep\n|turn|15\n|\n|t:|1698705236\n|move|p1a: Mr. Meeseeks|U-turn|p2a: Rotom\n|-damage|p2a: Rotom|60\/100\n|\n|t:|1698705239\n|switch|p1a: Morty|Ogerpon-Cornerstone, F|69\/100 par|[from] U-turn\n|-damage|p1a: Morty|52\/100 par|[from] Spikes\n|move|p2a: Rotom|Volt Switch|p1a: Morty\n|-resisted|p1a: Morty\n|-damage|p1a: Morty|37\/100 par\n|\n|t:|1698705248\n|switch|p2a: Ninetales|Ninetales-Alola, F|75\/100|[from] Volt Switch\n|-weather|Snow|[from] ability: Snow Warning|[of] p2a: Ninetales\n|\n|-weather|Snow|[upkeep]\n|upkeep\n|turn|16\n|\n|t:|1698705265\n|move|p2a: Ninetales|Freeze-Dry|p1a: Morty\n|-supereffective|p1a: Morty\n|-damage|p1a: Morty|0 fnt\n|faint|p1a: Morty\n|\n|-weather|Snow|[upkeep]\n|upkeep\n|\n|t:|1698705289\n|switch|p1a: Beth|Iron Moth|100\/100\n|-damage|p1a: Beth|84\/100|[from] Spikes\n|-enditem|p1a: Beth|Booster Energy\n|-activate|p1a: Beth|ability: Quark Drive|[fromitem]\n|-start|p1a: Beth|quarkdrivespe\n|turn|17\n|\n|t:|1698705306\n|move|p1a: Beth|Substitute|p1a: Beth\n|-start|p1a: Beth|Substitute\n|-damage|p1a: Beth|59\/100\n|move|p2a: Ninetales|Aurora Veil|p2a: Ninetales\n|-sidestart|p2: Timirk|move: Aurora Veil\n|\n|-weather|Snow|[upkeep]\n|upkeep\n|turn|18\n|c| hatev2|*chuckles* im in danger\n|\n|t:|1698705347\n|switch|p2a: Baxcalibur|Baxcalibur, M|100\/100\n|move|p1a: Beth|Sludge Wave|p2a: Baxcalibur\n|-damage|p2a: Baxcalibur|77\/100\n|\n|-weather|Snow|[upkeep]\n|upkeep\n|turn|19\n|\n|t:|1698705375\n|move|p1a: Beth|Flash Cannon|p2a: Baxcalibur\n|-supereffective|p2a: Baxcalibur\n|-damage|p2a: Baxcalibur|50\/100\n|move|p2a: Baxcalibur|Dragon Dance|p2a: Baxcalibur\n|-boost|p2a: Baxcalibur|atk|1\n|-boost|p2a: Baxcalibur|spe|1\n|\n|-weather|none\n|upkeep\n|turn|20\n|\n|t:|1698705384\n|move|p1a: Beth|Flash Cannon|p2a: Baxcalibur\n|-supereffective|p2a: Baxcalibur\n|-damage|p2a: Baxcalibur|22\/100\n|move|p2a: Baxcalibur|Earthquake|p1a: Beth\n|-supereffective|p1a: Beth\n|-end|p1a: Beth|Substitute\n|\n|upkeep\n|turn|21\n|\n|t:|1698705391\n|move|p1a: Beth|Flash Cannon|p2a: Baxcalibur\n|-supereffective|p2a: Baxcalibur\n|-damage|p2a: Baxcalibur|0 fnt\n|faint|p2a: Baxcalibur\n|\n|upkeep\n|\n|t:|1698705404\n|switch|p2a: Rotom|Rotom-Wash|60\/100\n|turn|22\n|\n|t:|1698705417\n|move|p1a: Beth|Sludge Wave|p2a: Rotom\n|-damage|p2a: Rotom|36\/100\n|move|p2a: Rotom|Hydro Pump|p1a: Beth\n|-supereffective|p1a: Beth\n|-damage|p1a: Beth|0 fnt\n|faint|p1a: Beth\n|-end|p1a: Beth|Quark Drive|[silent]\n|\n|-heal|p2a: Rotom|43\/100|[from] item: Leftovers\n|upkeep\n|\n|t:|1698705516\n|switch|p1a: Mr. Poopybutt|Kingambit, M|100\/100\n|-damage|p1a: Mr. Poopybutt|84\/100|[from] Spikes\n|-activate|p1a: Mr. Poopybutt|ability: Supreme Overlord\n|-start|p1a: Mr. Poopybutt|fallen2|[silent]\n|turn|23\n|\n|t:|1698705527\n|move|p2a: Rotom|Hydro Pump|p1a: Mr. Poopybutt\n|-damage|p1a: Mr. Poopybutt|48\/100\n|move|p1a: Mr. Poopybutt|Brick Break|p2a: Rotom\n|-sideend|p2: Timirk|move: Aurora Veil\n|-crit|p2a: Rotom\n|-damage|p2a: Rotom|0 fnt\n|faint|p2a: Rotom\n|\n|upkeep\n|\n|t:|1698705533\n|switch|p2a: Talonflame|Talonflame, M|100\/100\n|turn|24\n|\n|t:|1698705536\n|move|p1a: Mr. Poopybutt|Sucker Punch||[still]\n|-fail|p1a: Mr. Poopybutt\n|move|p2a: Talonflame|Will-O-Wisp|p1a: Mr. Poopybutt\n|-status|p1a: Mr. Poopybutt|brn\n|\n|-damage|p1a: Mr. Poopybutt|41\/100 brn|[from] brn\n|upkeep\n|turn|25\n|\n|t:|1698705547\n|move|p2a: Talonflame|Flamethrower|p1a: Mr. Poopybutt\n|-supereffective|p1a: Mr. Poopybutt\n|-damage|p1a: Mr. Poopybutt|0 fnt\n|faint|p1a: Mr. Poopybutt\n|-end|p1a: Mr. Poopybutt|fallen2|[silent]\n|\n|upkeep\n|\n|t:|1698705567\n|switch|p1a: Jerry|Pelipper, M|80\/100\n|-weather|RainDance|[from] ability: Drizzle|[of] p1a: Jerry\n|turn|26\n|\n|t:|1698705586\n|switch|p2a: Ninetales|Ninetales-Alola, F|75\/100\n|-weather|Snow|[from] ability: Snow Warning|[of] p2a: Ninetales\n|move|p1a: Jerry|Surf|p2a: Ninetales\n|-damage|p2a: Ninetales|43\/100\n|\n|-weather|Snow|[upkeep]\n|upkeep\n|turn|27\n|\n|t:|1698705594\n|move|p2a: Ninetales|Freeze-Dry|p1a: Jerry\n|-supereffective|p1a: Jerry\n|-crit|p1a: Jerry\n|-damage|p1a: Jerry|0 fnt\n|faint|p1a: Jerry\n|\n|-weather|Snow|[upkeep]\n|upkeep\n|\n|t:|1698705598\n|switch|p1a: Rick|Beartic, M, shiny|100\/100\n|-damage|p1a: Rick|84\/100|[from] Spikes\n|turn|28\n|\n|t:|1698705638\n|-terastallize|p1a: Rick|Fighting\n|move|p1a: Rick|Close Combat|p2a: Ninetales\n|-damage|p2a: Ninetales|0 fnt\n|-unboost|p1a: Rick|def|1\n|-unboost|p1a: Rick|spd|1\n|faint|p2a: Ninetales\n|-damage|p1a: Rick|74\/100|[from] item: Life Orb\n|\n|-weather|Snow|[upkeep]\n|upkeep\n|\n|t:|1698705655\n|switch|p2a: Talonflame|Talonflame, M|100\/100\n|turn|29\n|\n|t:|1698705660\n|move|p1a: Rick|Aqua Jet|p2a: Talonflame\n|-supereffective|p2a: Talonflame\n|-damage|p2a: Talonflame|59\/100\n|-damage|p1a: Rick|65\/100|[from] item: Life Orb\n|move|p2a: Talonflame|Will-O-Wisp|p1a: Rick\n|-status|p1a: Rick|brn\n|\n|-weather|Snow|[upkeep]\n|-damage|p1a: Rick|58\/100 brn|[from] brn\n|upkeep\n|turn|30\n|\n|t:|1698705688\n|move|p1a: Rick|Aqua Jet|p2a: Talonflame\n|-supereffective|p2a: Talonflame\n|-damage|p2a: Talonflame|37\/100\n|-damage|p1a: Rick|49\/100 brn|[from] item: Life Orb\n|move|p2a: Talonflame|Roost|p2a: Talonflame\n|-heal|p2a: Talonflame|87\/100\n|-singleturn|p2a: Talonflame|move: Roost\n|\n|-weather|none\n|-damage|p1a: Rick|42\/100 brn|[from] brn\n|upkeep\n|turn|31\n|\n|t:|1698705698\n|move|p1a: Rick|Aqua Jet|p2a: Talonflame\n|-supereffective|p2a: Talonflame\n|-damage|p2a: Talonflame|64\/100\n|-damage|p1a: Rick|33\/100 brn|[from] item: Life Orb\n|move|p2a: Talonflame|Roost|p2a: Talonflame\n|-heal|p2a: Talonflame|100\/100\n|-singleturn|p2a: Talonflame|move: Roost\n|\n|-damage|p1a: Rick|26\/100 brn|[from] brn\n|upkeep\n|turn|32\n|\n|t:|1698705719\n|move|p2a: Talonflame|Roost||[still]\n|-fail|p2a: Talonflame|heal\n|move|p1a: Rick|Icicle Crash|p2a: Talonflame|[miss]\n|-miss|p1a: Rick|p2a: Talonflame\n|\n|-damage|p1a: Rick|20\/100 brn|[from] brn\n|upkeep\n|turn|33\n|\n|t:|1698705728\n|switch|p2a: Tauros|Tauros-Paldea-Aqua, M|97\/100\n|-ability|p2a: Tauros|Intimidate|boost\n|-unboost|p1a: Rick|atk|1\n|move|p1a: Rick|Close Combat|p2a: Tauros\n|-damage|p2a: Tauros|65\/100\n|-unboost|p1a: Rick|def|1\n|-unboost|p1a: Rick|spd|1\n|-damage|p1a: Rick|11\/100 brn|[from] item: Life Orb\n|\n|-heal|p2a: Tauros|71\/100|[from] item: Leftovers\n|-damage|p1a: Rick|4\/100 brn|[from] brn\n|upkeep\n|turn|34\n|\n|t:|1698705736\n|move|p1a: Rick|Aqua Jet|p2a: Tauros\n|-resisted|p2a: Tauros\n|-crit|p2a: Tauros\n|-damage|p2a: Tauros|64\/100\n|-damage|p1a: Rick|0 fnt|[from] item: Life Orb\n|faint|p1a: Rick\n|move|p2a: Tauros|Bulk Up|p2a: Tauros\n|-boost|p2a: Tauros|atk|1\n|-boost|p2a: Tauros|def|1\n|\n|-heal|p2a: Tauros|70\/100|[from] item: Leftovers\n|upkeep\n|\n|t:|1698705741\n|switch|p1a: Mr. Meeseeks|Quaquaval, M|84\/100\n|-damage|p1a: Mr. Meeseeks|67\/100|[from] Spikes\n|turn|35\n|\n|t:|1698705750\n|move|p2a: Tauros|Trailblaze|p1a: Mr. Meeseeks\n|-supereffective|p1a: Mr. Meeseeks\n|-damage|p1a: Mr. Meeseeks|3\/100\n|-boost|p2a: Tauros|spe|1\n|move|p1a: Mr. Meeseeks|Aqua Step|p2a: Tauros\n|-resisted|p2a: Tauros\n|-damage|p2a: Tauros|55\/100\n|-boost|p1a: Mr. Meeseeks|spe|1\n|\n|-heal|p2a: Tauros|61\/100|[from] item: Leftovers\n|upkeep\n|turn|36\n|\n|t:|1698705756\n|move|p2a: Tauros|Trailblaze|p1a: Mr. Meeseeks\n|-supereffective|p1a: Mr. Meeseeks\n|-damage|p1a: Mr. Meeseeks|0 fnt\n|-boost|p2a: Tauros|spe|1\n|faint|p1a: Mr. Meeseeks\n|\n|win|Timirk\n|c|\u2606Scottowo|gg\n|c|\u2606Timirk|ggs\n|c| hatev2|gg\n|l| hatev2\n","uploadtime":1698706018,"views":30,"p1id":"scottowo","p2id":"timirk","formatid":"gen9ubers","rating":0,"private":0,"password":""}