{"id":"gen9ubers-1982202424","p1":"MichaeltheMink","p2":"electricratman","format":"[Gen 9] Ubers","log":"|j|\u2606MichaeltheMink\n|j|\u2606electricratman\n|t:|1698978683\n|gametype|singles\n|player|p1|MichaeltheMink|170|\n|player|p2|electricratman|169|\n|teamsize|p1|6\n|teamsize|p2|6\n|gen|9\n|tier|[Gen 9] Ubers\n|rule|Sleep Clause Mod: Limit one foe put to sleep\n|rule|Species Clause: Limit one of each Pok\u00e9mon\n|rule|OHKO Clause: OHKO moves are banned\n|rule|Evasion Items Clause: Evasion items are banned\n|rule|Evasion Moves Clause: Evasion moves are banned\n|rule|Endless Battle Clause: Forcing endless battles is banned\n|rule|HP Percentage Mod: HP is shown in percentages\n|clearpoke\n|poke|p1|Orthworm, F|\n|poke|p1|Slither Wing|\n|poke|p1|Azumarill, F|\n|poke|p1|Donphan, F|\n|poke|p1|Garchomp, M|\n|poke|p1|Gyarados, F|\n|poke|p2|Thundurus-Therian, M|\n|poke|p2|Hawlucha, F|\n|poke|p2|Magearna|\n|poke|p2|Rillaboom, F|\n|poke|p2|Weezing-Galar, F|\n|poke|p2|Greninja-*, M|\n|teampreview\n|j| Zeroclock1985\n|j| Willish6634\n|l| Willish6634\n|\n|t:|1698978824\n|start\n|switch|p1a: Donphan|Donphan, F|100\/100\n|switch|p2a: Magearna|Magearna|100\/100\n|turn|1\n|j| Willish6634\n|\n|t:|1698978857\n|move|p2a: Magearna|Trick|p1a: Donphan\n|-activate|p2a: Magearna|move: Trick|[of] p1a: Donphan\n|-item|p1a: Donphan|Choice Specs|[from] move: Trick\n|-item|p2a: Magearna|Assault Vest|[from] move: Trick\n|move|p1a: Donphan|Earthquake|p2a: Magearna\n|-supereffective|p2a: Magearna\n|-damage|p2a: Magearna|26\/100\n|\n|upkeep\n|turn|2\n|c| Willish6634|gee ell eytch eff\n|\n|t:|1698978872\n|switch|p2a: Thundurus|Thundurus-Therian, M|100\/100\n|move|p1a: Donphan|Earthquake|p2a: Thundurus\n|-immune|p2a: Thundurus\n|\n|upkeep\n|turn|3\n|\n|t:|1698978886\n|switch|p1a: Garchomp|Garchomp, M|100\/100\n|move|p2a: Thundurus|Grass Knot|p1a: Garchomp\n|-damage|p1a: Garchomp|69\/100\n|-damage|p2a: Thundurus|88\/100|[from] ability: Rough Skin|[of] p1a: Garchomp\n|\n|upkeep\n|turn|4\n|c|\u2606electricratman|?\n|\n|t:|1698978936\n|switch|p2a: Weezing|Weezing-Galar, F|100\/100\n|move|p1a: Garchomp|Rock Slide|p2a: Weezing\n|-crit|p2a: Weezing\n|-damage|p2a: Weezing|59\/100\n|-damage|p1a: Garchomp|59\/100|[from] item: Life Orb\n|\n|upkeep\n|turn|5\n|\n|t:|1698978950\n|switch|p1a: Orthworm|Orthworm, F|100\/100\n|move|p2a: Weezing|Strange Steam|p1a: Orthworm\n|-resisted|p1a: Orthworm\n|-damage|p1a: Orthworm|68\/100\n|\n|-heal|p1a: Orthworm|75\/100|[from] item: Leftovers\n|upkeep\n|turn|6\n|\n|t:|1698978958\n|move|p1a: Orthworm|Stealth Rock|p2a: Weezing\n|-sidestart|p2: electricratman|move: Stealth Rock\n|move|p2a: Weezing|Flamethrower|p1a: Orthworm\n|-supereffective|p1a: Orthworm\n|-damage|p1a: Orthworm|0 fnt\n|faint|p1a: Orthworm\n|\n|upkeep\n|j| Destroy Smoochie\n|\n|t:|1698978984\n|switch|p1a: Gyarados|Gyarados, F|100\/100\n|-ability|p1a: Gyarados|Intimidate|boost\n|-unboost|p2a: Weezing|atk|1\n|turn|7\n|\n|t:|1698978997\n|move|p1a: Gyarados|Stone Edge|p2a: Weezing|[miss]\n|-miss|p1a: Gyarados|p2a: Weezing\n|move|p2a: Weezing|Defog|p1a: Gyarados\n|-unboost|p1a: Gyarados|evasion|1\n|-sideend|p2: electricratman|Stealth Rock|[from] move: Defog|[of] p2a: Weezing\n|\n|upkeep\n|turn|8\n|\n|t:|1698979029\n|switch|p2a: Magearna|Magearna|26\/100\n|move|p1a: Gyarados|Thunder Wave|p2a: Magearna\n|-status|p2a: Magearna|par\n|\n|upkeep\n|turn|9\n|\n|t:|1698979053\n|switch|p1a: Azumarill|Azumarill, F|100\/100\n|cant|p2a: Magearna|par\n|\n|upkeep\n|turn|10\n|\n|t:|1698979059\n|move|p1a: Azumarill|Belly Drum|p1a: Azumarill\n|-damage|p1a: Azumarill|50\/100\n|-setboost|p1a: Azumarill|atk|6|[from] move: Belly Drum\n|-enditem|p1a: Azumarill|Sitrus Berry|[eat]\n|-heal|p1a: Azumarill|75\/100|[from] item: Sitrus Berry\n|move|p2a: Magearna|Volt Switch|p1a: Azumarill\n|-supereffective|p1a: Azumarill\n|-crit|p1a: Azumarill\n|-damage|p1a: Azumarill|0 fnt\n|faint|p1a: Azumarill\n|-ability|p2a: Magearna|Soul-Heart|boost\n|-boost|p2a: Magearna|spa|1\n|\n|t:|1698979092\n|switch|p2a: Thundurus|Thundurus-Therian, M|88\/100|[from] Volt Switch\n|\n|upkeep\n|\n|t:|1698979099\n|switch|p1a: Donphan|Donphan, F|100\/100\n|turn|11\n|\n|t:|1698979105\n|move|p2a: Thundurus|Grass Knot|p1a: Donphan\n|-supereffective|p1a: Donphan\n|-ability|p1a: Donphan|Sturdy\n|-damage|p1a: Donphan|1\/100\n|move|p1a: Donphan|Ice Spinner|p2a: Thundurus\n|-supereffective|p2a: Thundurus\n|-damage|p2a: Thundurus|15\/100\n|\n|upkeep\n|turn|12\n|\n|t:|1698979126\n|switch|p1a: Garchomp|Garchomp, M|59\/100\n|move|p2a: Thundurus|Grass Knot|p1a: Garchomp\n|-damage|p1a: Garchomp|26\/100\n|-damage|p2a: Thundurus|3\/100|[from] ability: Rough Skin|[of] p1a: Garchomp\n|\n|upkeep\n|turn|13\n|\n|t:|1698979154\n|switch|p2a: Weezing|Weezing-Galar, F|59\/100\n|move|p1a: Garchomp|Tera Blast|p2a: Weezing\n|-damage|p2a: Weezing|35\/100\n|-damage|p1a: Garchomp|16\/100|[from] item: Life Orb\n|\n|upkeep\n|turn|14\n|\n|t:|1698979174\n|switch|p1a: Gyarados|Gyarados, F|100\/100\n|-ability|p1a: Gyarados|Intimidate|boost\n|-unboost|p2a: Weezing|atk|1\n|move|p2a: Weezing|Strange Steam|p1a: Gyarados\n|-damage|p1a: Gyarados|68\/100\n|\n|upkeep\n|turn|15\n|l| Destroy Smoochie\n|\n|t:|1698979204\n|move|p1a: Gyarados|Thunder Wave|p2a: Weezing\n|-status|p2a: Weezing|par\n|move|p2a: Weezing|Strange Steam|p1a: Gyarados\n|-damage|p1a: Gyarados|33\/100\n|\n|upkeep\n|turn|16\n|j| Zephraim\n|\n|t:|1698979219\n|move|p1a: Gyarados|Scald|p2a: Weezing\n|-damage|p2a: Weezing|12\/100 par\n|move|p2a: Weezing|Strange Steam|p1a: Gyarados\n|-damage|p1a: Gyarados|0 fnt\n|faint|p1a: Gyarados\n|\n|upkeep\n|j| Destroy Smoochie\n|\n|t:|1698979228\n|switch|p1a: Garchomp|Garchomp, M|16\/100\n|turn|17\n|\n|t:|1698979235\n|-terastallize|p1a: Garchomp|Fairy\n|move|p1a: Garchomp|Swords Dance|p1a: Garchomp\n|-boost|p1a: Garchomp|atk|2\n|move|p2a: Weezing|Strange Steam|p1a: Garchomp\n|-damage|p1a: Garchomp|0 fnt\n|faint|p1a: Garchomp\n|\n|upkeep\n|\n|t:|1698979243\n|switch|p1a: Donphan|Donphan, F|1\/100\n|turn|18\n|\n|t:|1698979248\n|move|p1a: Donphan|Ice Shard|p2a: Weezing\n|-damage|p2a: Weezing|2\/100 par\n|move|p2a: Weezing|Strange Steam|p1a: Donphan\n|-damage|p1a: Donphan|0 fnt\n|faint|p1a: Donphan\n|\n|upkeep\n|\n|t:|1698979253\n|switch|p1a: Slither Wing|Slither Wing|100\/100\n|turn|19\n|\n|t:|1698979261\n|move|p1a: Slither Wing|U-turn|p2a: Weezing\n|-resisted|p2a: Weezing\n|-damage|p2a: Weezing|0 fnt\n|faint|p2a: Weezing\n|\n|upkeep\n|\n|t:|1698979276\n|switch|p2a: Magearna|Magearna|26\/100 par\n|turn|20\n|\n|t:|1698979279\n|move|p1a: Slither Wing|U-turn|p2a: Magearna\n|-resisted|p2a: Magearna\n|-damage|p2a: Magearna|12\/100 par\n|cant|p2a: Magearna|par\n|\n|upkeep\n|turn|21\n|\n|t:|1698979293\n|move|p1a: Slither Wing|U-turn|p2a: Magearna\n|-resisted|p2a: Magearna\n|-damage|p2a: Magearna|0 fnt\n|faint|p2a: Magearna\n|\n|upkeep\n|\n|t:|1698979302\n|switch|p2a: Thundurus|Thundurus-Therian, M|3\/100\n|turn|22\n|\n|t:|1698979309\n|-terastallize|p2a: Thundurus|Flying\n|move|p2a: Thundurus|Tera Blast|p1a: Slither Wing|[anim] Tera Blast Flying\n|-supereffective|p1a: Slither Wing\n|-damage|p1a: Slither Wing|0 fnt\n|faint|p1a: Slither Wing\n|-end|p1a: Slither Wing|Protosynthesis|[silent]\n|\n|win|electricratman\n","uploadtime":1698979317,"views":11,"p1id":"michaelthemink","p2id":"electricratman","formatid":"gen9ubers","rating":0,"private":0,"password":""}