{"id":"gen9ubers-1980919705","p1":"AlicieLizzie","p2":"clorboycoctopus","format":"[Gen 9] Ubers","log":"|j|\u2606AlicieLizzie\n|j|\u2606clorboycoctopus\n|t:|1698849017\n|gametype|singles\n|player|p1|AlicieLizzie|marnie-masters3|\n|player|p2|clorboycoctopus|blackbelt-gen4dp|\n|teamsize|p1|6\n|teamsize|p2|6\n|gen|9\n|tier|[Gen 9] Ubers\n|rule|Sleep Clause Mod: Limit one foe put to sleep\n|rule|Species Clause: Limit one of each Pok\u00e9mon\n|rule|OHKO Clause: OHKO moves are banned\n|rule|Evasion Items Clause: Evasion items are banned\n|rule|Evasion Moves Clause: Evasion moves are banned\n|rule|Endless Battle Clause: Forcing endless battles is banned\n|rule|HP Percentage Mod: HP is shown in percentages\n|clearpoke\n|poke|p1|Baxcalibur, F|\n|poke|p1|Ninetales-Alola, F|\n|poke|p1|Arceus-Ghost|\n|poke|p1|Espathra, F|\n|poke|p1|Kommo-o, M|\n|poke|p1|Cyclizar, M|\n|poke|p2|Ninetales-Alola, M|\n|poke|p2|Espathra, F|\n|poke|p2|Cyclizar, F|\n|poke|p2|Arceus-Ice|\n|poke|p2|Zacian-*|\n|poke|p2|Baxcalibur, F|\n|teampreview\n|inactive|Battle timer is ON: inactive players will automatically lose when time's up. (requested by AlicieLizzie)\n|\n|t:|1698849023\n|start\n|switch|p1a: Nine Inch Tails|Ninetales-Alola, F|100\/100\n|switch|p2a: Ninetales|Ninetales-Alola, M, shiny|100\/100\n|-weather|Snow|[from] ability: Snow Warning|[of] p1a: Nine Inch Tails\n|turn|1\n|\n|t:|1698849027\n|move|p2a: Ninetales|Aurora Veil|p2a: Ninetales\n|-sidestart|p2: clorboycoctopus|move: Aurora Veil\n|move|p1a: Nine Inch Tails|Aurora Veil|p1a: Nine Inch Tails\n|-sidestart|p1: AlicieLizzie|move: Aurora Veil\n|\n|-weather|Snow|[upkeep]\n|upkeep\n|turn|2\n|c|\u2606AlicieLizzie|yeah\n|c|\u2606AlicieLizzie|this is what the new meta is gonna be\n|\n|t:|1698849046\n|switch|p1a: Fommo-o Fighters|Kommo-o, M|100\/100\n|move|p2a: Ninetales|Hypnosis|p1a: Fommo-o Fighters|[miss]\n|-miss|p2a: Ninetales|p1a: Fommo-o Fighters\n|\n|-weather|Snow|[upkeep]\n|upkeep\n|turn|3\n|\n|t:|1698849054\n|-terastallize|p1a: Fommo-o Fighters|Normal\n|move|p2a: Ninetales|Hypnosis|p1a: Fommo-o Fighters\n|-status|p1a: Fommo-o Fighters|slp|[from] move: Hypnosis\n|cant|p1a: Fommo-o Fighters|slp\n|\n|-weather|Snow|[upkeep]\n|upkeep\n|turn|4\n|\n|t:|1698849059\n|switch|p2a: Cyclizar|Cyclizar, F|100\/100\n|-curestatus|p1a: Fommo-o Fighters|slp|[msg]\n|move|p1a: Fommo-o Fighters|Clangorous Soul|p1a: Fommo-o Fighters\n|-boost|p1a: Fommo-o Fighters|atk|1\n|-boost|p1a: Fommo-o Fighters|def|1\n|-boost|p1a: Fommo-o Fighters|spa|1\n|-boost|p1a: Fommo-o Fighters|spd|1\n|-boost|p1a: Fommo-o Fighters|spe|1\n|-damage|p1a: Fommo-o Fighters|68\/100\n|-enditem|p1a: Fommo-o Fighters|Throat Spray\n|-boost|p1a: Fommo-o Fighters|spa|1|[from] item: Throat Spray\n|\n|-weather|Snow|[upkeep]\n|upkeep\n|turn|5\n|\n|t:|1698849062\n|move|p1a: Fommo-o Fighters|Clanging Scales|p2a: Cyclizar\n|-supereffective|p2a: Cyclizar\n|-crit|p2a: Cyclizar\n|-damage|p2a: Cyclizar|0 fnt\n|faint|p2a: Cyclizar\n|-unboost|p1a: Fommo-o Fighters|def|1\n|\n|-weather|none\n|upkeep\n|\n|t:|1698849066\n|switch|p2a: Baxcalibur|Baxcalibur, F|100\/100\n|turn|6\n|\n|t:|1698849075\n|-terastallize|p2a: Baxcalibur|Fairy\n|move|p1a: Fommo-o Fighters|Clanging Scales|p2a: Baxcalibur\n|-immune|p2a: Baxcalibur\n|move|p2a: Baxcalibur|Scale Shot|p1a: Fommo-o Fighters\n|-damage|p1a: Fommo-o Fighters|60\/100\n|-damage|p1a: Fommo-o Fighters|52\/100\n|-damage|p1a: Fommo-o Fighters|44\/100\n|-damage|p1a: Fommo-o Fighters|36\/100\n|-damage|p1a: Fommo-o Fighters|29\/100\n|-hitcount|p1a: Fommo-o Fighters|5\n|-unboost|p2a: Baxcalibur|def|1\n|-boost|p2a: Baxcalibur|spe|1\n|\n|upkeep\n|turn|7\n|\n|t:|1698849088\n|move|p1a: Fommo-o Fighters|Boomburst|p2a: Baxcalibur\n|-damage|p2a: Baxcalibur|43\/100\n|move|p2a: Baxcalibur|Scale Shot|p1a: Fommo-o Fighters\n|-damage|p1a: Fommo-o Fighters|21\/100\n|-damage|p1a: Fommo-o Fighters|13\/100\n|-damage|p1a: Fommo-o Fighters|4\/100\n|-damage|p1a: Fommo-o Fighters|0 fnt\n|faint|p1a: Fommo-o Fighters\n|-hitcount|p1: Fommo-o Fighters|4\n|-unboost|p2a: Baxcalibur|def|1\n|-boost|p2a: Baxcalibur|spe|1\n|\n|upkeep\n|\n|t:|1698849094\n|switch|p1a: Pathwood Mac|Espathra, F|100\/100\n|turn|8\n|\n|t:|1698849099\n|move|p2a: Baxcalibur|Swords Dance|p2a: Baxcalibur\n|-boost|p2a: Baxcalibur|atk|2\n|move|p1a: Pathwood Mac|Calm Mind|p1a: Pathwood Mac\n|-boost|p1a: Pathwood Mac|spa|1\n|-boost|p1a: Pathwood Mac|spd|1\n|\n|-sideend|p1: AlicieLizzie|move: Aurora Veil\n|-sideend|p2: clorboycoctopus|move: Aurora Veil\n|-ability|p1a: Pathwood Mac|Speed Boost|boost\n|-boost|p1a: Pathwood Mac|spe|1\n|upkeep\n|turn|9\n|\n|t:|1698849106\n|move|p1a: Pathwood Mac|Protect|p1a: Pathwood Mac\n|-singleturn|p1a: Pathwood Mac|Protect\n|move|p2a: Baxcalibur|Icicle Spear|p1a: Pathwood Mac\n|-activate|p1a: Pathwood Mac|move: Protect\n|\n|-ability|p1a: Pathwood Mac|Speed Boost|boost\n|-boost|p1a: Pathwood Mac|spe|1\n|upkeep\n|turn|10\n|\n|t:|1698849111\n|move|p1a: Pathwood Mac|Stored Power|p2a: Baxcalibur\n|-damage|p2a: Baxcalibur|0 fnt\n|faint|p2a: Baxcalibur\n|\n|-ability|p1a: Pathwood Mac|Speed Boost|boost\n|-boost|p1a: Pathwood Mac|spe|1\n|upkeep\n|\n|t:|1698849116\n|switch|p2a: Ninetales|Ninetales-Alola, M, shiny|100\/100\n|-weather|Snow|[from] ability: Snow Warning|[of] p2a: Ninetales\n|turn|11\n|\n|t:|1698849119\n|move|p1a: Pathwood Mac|Stored Power|p2a: Ninetales\n|-damage|p2a: Ninetales|16\/100\n|move|p2a: Ninetales|Aurora Veil|p2a: Ninetales\n|-sidestart|p2: clorboycoctopus|move: Aurora Veil\n|\n|-weather|Snow|[upkeep]\n|-ability|p1a: Pathwood Mac|Speed Boost|boost\n|-boost|p1a: Pathwood Mac|spe|1\n|upkeep\n|turn|12\n|\n|t:|1698849122\n|move|p1a: Pathwood Mac|Stored Power|p2a: Ninetales\n|-damage|p2a: Ninetales|0 fnt\n|faint|p2a: Ninetales\n|\n|-weather|Snow|[upkeep]\n|-ability|p1a: Pathwood Mac|Speed Boost|boost\n|-boost|p1a: Pathwood Mac|spe|1\n|upkeep\n|\n|t:|1698849125\n|switch|p2a: Espathra|Espathra, F|100\/100\n|turn|13\n|\n|t:|1698849127\n|move|p1a: Pathwood Mac|Calm Mind|p1a: Pathwood Mac\n|-boost|p1a: Pathwood Mac|spa|1\n|-boost|p1a: Pathwood Mac|spd|1\n|move|p2a: Espathra|Calm Mind|p2a: Espathra\n|-boost|p2a: Espathra|spa|1\n|-boost|p2a: Espathra|spd|1\n|\n|-weather|Snow|[upkeep]\n|-ability|p1a: Pathwood Mac|Speed Boost|boost\n|-boost|p1a: Pathwood Mac|spe|1\n|-ability|p2a: Espathra|Speed Boost|boost\n|-boost|p2a: Espathra|spe|1\n|upkeep\n|turn|14\n|\n|t:|1698849130\n|move|p1a: Pathwood Mac|Stored Power|p2a: Espathra\n|-resisted|p2a: Espathra\n|-damage|p2a: Espathra|52\/100\n|move|p2a: Espathra|Calm Mind|p2a: Espathra\n|-boost|p2a: Espathra|spa|1\n|-boost|p2a: Espathra|spd|1\n|\n|-weather|Snow|[upkeep]\n|-heal|p2a: Espathra|58\/100|[from] item: Leftovers\n|-ability|p2a: Espathra|Speed Boost|boost\n|-boost|p2a: Espathra|spe|1\n|upkeep\n|turn|15\n|\n|t:|1698849133\n|move|p1a: Pathwood Mac|Stored Power|p2a: Espathra\n|-resisted|p2a: Espathra\n|-damage|p2a: Espathra|24\/100\n|move|p2a: Espathra|Calm Mind|p2a: Espathra\n|-boost|p2a: Espathra|spa|1\n|-boost|p2a: Espathra|spd|1\n|\n|-weather|none\n|-heal|p2a: Espathra|30\/100|[from] item: Leftovers\n|-ability|p2a: Espathra|Speed Boost|boost\n|-boost|p2a: Espathra|spe|1\n|upkeep\n|turn|16\n|\n|t:|1698849153\n|move|p2a: Espathra|Protect|p2a: Espathra\n|-singleturn|p2a: Espathra|Protect\n|move|p1a: Pathwood Mac|Calm Mind|p1a: Pathwood Mac\n|-boost|p1a: Pathwood Mac|spa|1\n|-boost|p1a: Pathwood Mac|spd|1\n|\n|-heal|p2a: Espathra|36\/100|[from] item: Leftovers\n|-ability|p2a: Espathra|Speed Boost|boost\n|-boost|p2a: Espathra|spe|1\n|upkeep\n|turn|17\n|\n|t:|1698849158\n|move|p1a: Pathwood Mac|Stored Power|p2a: Espathra\n|-resisted|p2a: Espathra\n|-damage|p2a: Espathra|0 fnt\n|faint|p2a: Espathra\n|\n|upkeep\n|\n|t:|1698849161\n|switch|p2a: Zacian|Zacian|100\/100\n|-ability|p2a: Zacian|Intrepid Sword|boost\n|-boost|p2a: Zacian|atk|1\n|turn|18\n|\n|t:|1698849165\n|move|p1a: Pathwood Mac|Stored Power|p2a: Zacian\n|-damage|p2a: Zacian|0 fnt\n|faint|p2a: Zacian\n|\n|-sideend|p2: clorboycoctopus|move: Aurora Veil\n|upkeep\n|\n|t:|1698849168\n|switch|p2a: Arceus|Arceus-Ice|100\/100\n|turn|19\n|\n|t:|1698849171\n|move|p1a: Pathwood Mac|Stored Power|p2a: Arceus\n|-damage|p2a: Arceus|0 fnt\n|faint|p2a: Arceus\n|\n|win|AlicieLizzie\n|c|\u2606AlicieLizzie|gg\n","uploadtime":1698849182,"views":12,"p1id":"alicielizzie","p2id":"clorboycoctopus","formatid":"gen9ubers","rating":0,"private":0,"password":""}