{"id":"gen9ubers-1994099923","p1":"plokami","p2":"Lialiabeast","format":"[Gen 9] Ubers","log":"|j|\u2606plokami\n|j|\u2606Lialiabeast\n|t:|1700406793\n|gametype|singles\n|player|p1|plokami|collector|\n|player|p2|Lialiabeast|emmet-masters|\n|teamsize|p1|6\n|teamsize|p2|6\n|gen|9\n|tier|[Gen 9] Ubers\n|rule|Sleep Clause Mod: Limit one foe put to sleep\n|rule|Species Clause: Limit one of each Pok\u00e9mon\n|rule|OHKO Clause: OHKO moves are banned\n|rule|Evasion Items Clause: Evasion items are banned\n|rule|Evasion Moves Clause: Evasion moves are banned\n|rule|Endless Battle Clause: Forcing endless battles is banned\n|rule|HP Percentage Mod: HP is shown in percentages\n|clearpoke\n|poke|p1|Rillaboom, M|\n|poke|p1|Heatran, F|\n|poke|p1|Great Tusk|\n|poke|p1|Zamazenta-*|\n|poke|p1|Zapdos|\n|poke|p1|Dragapult, M|\n|poke|p2|Meowscarada, M|\n|poke|p2|Landorus-Therian, M|\n|poke|p2|Dragapult, F|\n|poke|p2|Cinderace, M|\n|poke|p2|Quaquaval, F|\n|poke|p2|Gholdengo|\n|teampreview\n|c|\u2606Lialiabeast|hf\n|c|\u2606plokami|hf\n|\n|t:|1700406841\n|start\n|switch|p1a: Zapdos|Zapdos|100\/100\n|switch|p2a: Landorus|Landorus-Therian, M, shiny|100\/100\n|-ability|p2a: Landorus|Intimidate|boost\n|-unboost|p1a: Zapdos|atk|1\n|turn|1\n|\n|t:|1700406848\n|move|p1a: Zapdos|Hurricane|p2a: Landorus\n|-damage|p2a: Landorus|51\/100\n|move|p2a: Landorus|Stealth Rock|p1a: Zapdos\n|-sidestart|p1: plokami|move: Stealth Rock\n|\n|upkeep\n|turn|2\n|\n|t:|1700406859\n|move|p1a: Zapdos|Hurricane|p2a: Landorus\n|-damage|p2a: Landorus|3\/100\n|-start|p2a: Landorus|confusion\n|-activate|p2a: Landorus|confusion\n|-damage|p2a: Landorus|0 fnt|[from] confusion\n|faint|p2a: Landorus\n|\n|upkeep\n|\n|t:|1700406868\n|switch|p2a: Dragapult|Dragapult, F, shiny|100\/100\n|turn|3\n|\n|t:|1700406875\n|move|p2a: Dragapult|Shadow Ball|p1a: Zapdos\n|-damage|p1a: Zapdos|67\/100\n|-unboost|p1a: Zapdos|spd|1\n|move|p1a: Zapdos|Thunder Wave|p2a: Dragapult|[miss]\n|-miss|p1a: Zapdos|p2a: Dragapult\n|\n|upkeep\n|turn|4\n|\n|t:|1700406887\n|switch|p2a: Gholdengo|Gholdengo|100\/100\n|move|p1a: Zapdos|Roost|p1a: Zapdos\n|-heal|p1a: Zapdos|100\/100\n|-singleturn|p1a: Zapdos|move: Roost\n|\n|upkeep\n|turn|5\n|\n|t:|1700406896\n|switch|p1a: Rillaboom|Rillaboom, M|100\/100\n|-damage|p1a: Rillaboom|88\/100|[from] Stealth Rock\n|-fieldstart|move: Grassy Terrain|[from] ability: Grassy Surge|[of] p1a: Rillaboom\n|move|p2a: Gholdengo|Shadow Ball|p1a: Rillaboom\n|-damage|p1a: Rillaboom|42\/100\n|\n|-heal|p1a: Rillaboom|48\/100|[from] Grassy Terrain\n|upkeep\n|turn|6\n|\n|t:|1700406912\n|switch|p1a: Zapdos|Zapdos|100\/100\n|switch|p2a: Meowscarada|Meowscarada, M, shiny|100\/100\n|\n|upkeep\n|turn|7\n|\n|t:|1700406924\n|switch|p2a: Gholdengo|Gholdengo|100\/100\n|move|p1a: Zapdos|Thunder Wave|p2a: Gholdengo\n|-immune|p2a: Gholdengo|[from] ability: Good as Gold\n|\n|upkeep\n|turn|8\n|\n|t:|1700406932\n|move|p1a: Zapdos|Discharge|p2a: Gholdengo\n|-damage|p2a: Gholdengo|70\/100\n|move|p2a: Gholdengo|Shadow Ball|p1a: Zapdos\n|-damage|p1a: Zapdos|74\/100\n|\n|-heal|p2a: Gholdengo|76\/100|[from] Grassy Terrain\n|upkeep\n|turn|9\n|\n|t:|1700406940\n|move|p1a: Zapdos|Discharge|p2a: Gholdengo\n|-damage|p2a: Gholdengo|45\/100\n|move|p2a: Gholdengo|Nasty Plot|p2a: Gholdengo\n|-boost|p2a: Gholdengo|spa|2\n|\n|-heal|p2a: Gholdengo|51\/100|[from] Grassy Terrain\n|-fieldend|move: Grassy Terrain\n|upkeep\n|turn|10\n|\n|t:|1700406952\n|move|p1a: Zapdos|Discharge|p2a: Gholdengo\n|-damage|p2a: Gholdengo|17\/100\n|move|p2a: Gholdengo|Recover|p2a: Gholdengo\n|-heal|p2a: Gholdengo|67\/100\n|\n|upkeep\n|turn|11\n|j| Lindsey Paraeah\n|\n|t:|1700406961\n|switch|p1a: Heatran|Heatran, F|100\/100\n|-damage|p1a: Heatran|88\/100|[from] Stealth Rock\n|-item|p1a: Heatran|Air Balloon\n|move|p2a: Gholdengo|Shadow Ball|p1a: Heatran\n|-crit|p1a: Heatran\n|-damage|p1a: Heatran|27\/100\n|-enditem|p1a: Heatran|Air Balloon\n|\n|upkeep\n|turn|12\n|\n|t:|1700406970\n|switch|p2a: Dragapult|Dragapult, F, shiny|100\/100\n|move|p1a: Heatran|Magma Storm|p2a: Dragapult|[miss]\n|-miss|p1a: Heatran|p2a: Dragapult\n|\n|upkeep\n|turn|13\n|\n|t:|1700406988\n|move|p2a: Dragapult|Shadow Ball|p1a: Heatran\n|-damage|p1a: Heatran|0 fnt\n|faint|p1a: Heatran\n|\n|upkeep\n|\n|t:|1700407001\n|switch|p1a: Zapdos|Zapdos|74\/100\n|turn|14\n|\n|t:|1700407013\n|switch|p2a: Gholdengo|Gholdengo|67\/100\n|move|p1a: Zapdos|Discharge|p2a: Gholdengo\n|-damage|p2a: Gholdengo|35\/100\n|\n|upkeep\n|turn|15\n|\n|t:|1700407022\n|move|p1a: Zapdos|Discharge|p2a: Gholdengo\n|-damage|p2a: Gholdengo|4\/100\n|move|p2a: Gholdengo|Recover|p2a: Gholdengo\n|-heal|p2a: Gholdengo|54\/100\n|\n|upkeep\n|turn|16\n|\n|t:|1700407028\n|move|p1a: Zapdos|Roost|p1a: Zapdos\n|-heal|p1a: Zapdos|100\/100\n|-singleturn|p1a: Zapdos|move: Roost\n|move|p2a: Gholdengo|Recover|p2a: Gholdengo\n|-heal|p2a: Gholdengo|100\/100\n|\n|upkeep\n|turn|17\n|\n|t:|1700407043\n|move|p1a: Zapdos|Discharge|p2a: Gholdengo\n|-damage|p2a: Gholdengo|65\/100\n|move|p2a: Gholdengo|Shadow Ball|p1a: Zapdos\n|-damage|p1a: Zapdos|78\/100\n|-unboost|p1a: Zapdos|spd|1\n|\n|upkeep\n|turn|18\n|\n|t:|1700407056\n|move|p1a: Zapdos|Roost|p1a: Zapdos\n|-heal|p1a: Zapdos|100\/100\n|-singleturn|p1a: Zapdos|move: Roost\n|move|p2a: Gholdengo|Shadow Ball|p1a: Zapdos\n|-damage|p1a: Zapdos|62\/100\n|\n|upkeep\n|turn|19\n|\n|t:|1700407068\n|switch|p1a: Zamazenta|Zamazenta|100\/100\n|-damage|p1a: Zamazenta|94\/100|[from] Stealth Rock\n|-ability|p1a: Zamazenta|Dauntless Shield|boost\n|-boost|p1a: Zamazenta|def|1\n|move|p2a: Gholdengo|Recover|p2a: Gholdengo\n|-heal|p2a: Gholdengo|100\/100\n|\n|-heal|p1a: Zamazenta|100\/100|[from] item: Leftovers\n|upkeep\n|turn|20\n|\n|t:|1700407080\n|move|p1a: Zamazenta|Crunch|p2a: Gholdengo\n|-supereffective|p2a: Gholdengo\n|-damage|p2a: Gholdengo|66\/100\n|move|p2a: Gholdengo|Recover|p2a: Gholdengo\n|-heal|p2a: Gholdengo|100\/100\n|\n|upkeep\n|turn|21\n|\n|t:|1700407088\n|move|p1a: Zamazenta|Crunch|p2a: Gholdengo\n|-supereffective|p2a: Gholdengo\n|-damage|p2a: Gholdengo|66\/100\n|move|p2a: Gholdengo|Nasty Plot|p2a: Gholdengo\n|-boost|p2a: Gholdengo|spa|2\n|\n|upkeep\n|turn|22\n|\n|t:|1700407109\n|-terastallize|p2a: Gholdengo|Fairy\n|move|p1a: Zamazenta|Crunch|p2a: Gholdengo\n|-resisted|p2a: Gholdengo\n|-damage|p2a: Gholdengo|57\/100\n|move|p2a: Gholdengo|Recover|p2a: Gholdengo\n|-heal|p2a: Gholdengo|100\/100\n|\n|upkeep\n|turn|23\n|\n|t:|1700407122\n|move|p1a: Zamazenta|Iron Head|p2a: Gholdengo\n|-supereffective|p2a: Gholdengo\n|-damage|p2a: Gholdengo|63\/100\n|move|p2a: Gholdengo|Shadow Ball|p1a: Zamazenta\n|-damage|p1a: Zamazenta|31\/100\n|\n|-heal|p1a: Zamazenta|37\/100|[from] item: Leftovers\n|upkeep\n|turn|24\n|\n|t:|1700407128\n|move|p1a: Zamazenta|Iron Head|p2a: Gholdengo\n|-supereffective|p2a: Gholdengo\n|-damage|p2a: Gholdengo|25\/100\n|move|p2a: Gholdengo|Shadow Ball|p1a: Zamazenta\n|-damage|p1a: Zamazenta|0 fnt\n|faint|p1a: Zamazenta\n|\n|upkeep\n|\n|t:|1700407141\n|switch|p1a: Great Tusk|Great Tusk|100\/100\n|turn|25\n|\n|t:|1700407148\n|move|p1a: Great Tusk|Headlong Rush|p2a: Gholdengo\n|-damage|p2a: Gholdengo|0 fnt\n|-unboost|p1a: Great Tusk|def|1\n|-unboost|p1a: Great Tusk|spd|1\n|faint|p2a: Gholdengo\n|\n|upkeep\n|\n|t:|1700407171\n|switch|p2a: Quaquaval|Quaquaval, F|100\/100\n|turn|26\n|\n|t:|1700407193\n|move|p1a: Great Tusk|Headlong Rush|p2a: Quaquaval\n|-damage|p2a: Quaquaval|22\/100\n|-unboost|p1a: Great Tusk|def|1\n|-unboost|p1a: Great Tusk|spd|1\n|move|p2a: Quaquaval|Aqua Step|p1a: Great Tusk\n|-supereffective|p1a: Great Tusk\n|-damage|p1a: Great Tusk|0 fnt\n|-boost|p2a: Quaquaval|spe|1\n|faint|p1a: Great Tusk\n|-end|p1a: Great Tusk|Protosynthesis|[silent]\n|-ability|p2a: Quaquaval|Moxie|boost\n|-boost|p2a: Quaquaval|atk|1\n|\n|upkeep\n|\n|t:|1700407198\n|switch|p1a: Rillaboom|Rillaboom, M|48\/100\n|-damage|p1a: Rillaboom|35\/100|[from] Stealth Rock\n|-fieldstart|move: Grassy Terrain|[from] ability: Grassy Surge|[of] p1a: Rillaboom\n|turn|27\n|\n|t:|1700407205\n|move|p1a: Rillaboom|Grassy Glide|p2a: Quaquaval\n|-supereffective|p2a: Quaquaval\n|-damage|p2a: Quaquaval|0 fnt\n|faint|p2a: Quaquaval\n|\n|-heal|p1a: Rillaboom|42\/100|[from] Grassy Terrain\n|upkeep\n|\n|t:|1700407208\n|switch|p2a: Cinderace|Cinderace, M|100\/100\n|turn|28\n|\n|t:|1700407215\n|move|p1a: Rillaboom|Grassy Glide|p2a: Cinderace\n|-resisted|p2a: Cinderace\n|-damage|p2a: Cinderace|66\/100\n|move|p2a: Cinderace|Pyro Ball|p1a: Rillaboom\n|-supereffective|p1a: Rillaboom\n|-damage|p1a: Rillaboom|0 fnt\n|faint|p1a: Rillaboom\n|\n|-heal|p2a: Cinderace|72\/100|[from] Grassy Terrain\n|upkeep\n|\n|t:|1700407223\n|switch|p1a: Dragapult|Dragapult, M|100\/100\n|turn|29\n|\n|t:|1700407230\n|move|p1a: Dragapult|Thunder Wave|p2a: Cinderace\n|-status|p2a: Cinderace|par\n|cant|p2a: Cinderace|par\n|\n|-heal|p2a: Cinderace|78\/100 par|[from] Grassy Terrain\n|upkeep\n|turn|30\n|\n|t:|1700407236\n|move|p1a: Dragapult|Hex|p2a: Cinderace\n|-damage|p2a: Cinderace|0 fnt\n|faint|p2a: Cinderace\n|\n|upkeep\n|\n|t:|1700407240\n|switch|p2a: Meowscarada|Meowscarada, M, shiny|100\/100\n|turn|31\n|\n|t:|1700407259\n|move|p1a: Dragapult|Draco Meteor|p2a: Meowscarada|[miss]\n|-miss|p1a: Dragapult|p2a: Meowscarada\n|move|p2a: Meowscarada|Knock Off|p1a: Dragapult\n|-start|p2a: Meowscarada|typechange|Dark|[from] ability: Protean\n|-supereffective|p1a: Dragapult\n|-crit|p1a: Dragapult\n|-damage|p1a: Dragapult|0 fnt\n|-enditem|p1a: Dragapult|Heavy-Duty Boots|[from] move: Knock Off|[of] p2a: Meowscarada\n|faint|p1a: Dragapult\n|\n|-fieldend|move: Grassy Terrain\n|upkeep\n|c|\u2606plokami|gg\n|\n|t:|1700407274\n|switch|p1a: Zapdos|Zapdos|62\/100\n|turn|32\n|\n|t:|1700407281\n|move|p2a: Meowscarada|Knock Off|p1a: Zapdos\n|-damage|p1a: Zapdos|15\/100\n|-enditem|p1a: Zapdos|Heavy-Duty Boots|[from] move: Knock Off|[of] p2a: Meowscarada\n|move|p1a: Zapdos|Discharge|p2a: Meowscarada\n|-damage|p2a: Meowscarada|52\/100\n|\n|upkeep\n|turn|33\n|c|\u2606Lialiabeast|gg\n|\n|t:|1700407290\n|move|p2a: Meowscarada|Knock Off|p1a: Zapdos\n|-damage|p1a: Zapdos|0 fnt\n|faint|p1a: Zapdos\n|\n|win|Lialiabeast\n|l|\u2606plokami\n|l| Lindsey Paraeah\n","uploadtime":1700408506,"views":16,"p1id":"plokami","p2id":"lialiabeast","formatid":"gen9ubers","rating":0,"private":0,"password":""}