{"id":"gen9ubers-1988787951","p1":"FrostyRandom02","p2":"dumpy lump","format":"[Gen 9] Ubers","log":"|j|\u2606FrostyRandom02\n|j|\u2606dumpy lump\n|t:|1699763216\n|gametype|singles\n|player|p1|FrostyRandom02|riley|\n|player|p2|dumpy lump|volo|\n|teamsize|p1|6\n|teamsize|p2|6\n|gen|9\n|tier|[Gen 9] Ubers\n|rule|Sleep Clause Mod: Limit one foe put to sleep\n|rule|Species Clause: Limit one of each Pok\u00e9mon\n|rule|OHKO Clause: OHKO moves are banned\n|rule|Evasion Items Clause: Evasion items are banned\n|rule|Evasion Moves Clause: Evasion moves are banned\n|rule|Endless Battle Clause: Forcing endless battles is banned\n|rule|HP Percentage Mod: HP is shown in percentages\n|clearpoke\n|poke|p1|Zacian-*|\n|poke|p1|Sneasler, M|\n|poke|p1|Azelf|\n|poke|p1|Greninja-*, M|\n|poke|p1|Iron Jugulis|\n|poke|p1|Walking Wake|\n|poke|p2|Masquerain, F|\n|poke|p2|Zacian-*|\n|poke|p2|Walking Wake|\n|poke|p2|Palafin, M|\n|poke|p2|Sneasler, F|\n|poke|p2|Ceruledge, M|\n|teampreview\n|j| Pajoomas!\n|c|\u2606FrostyRandom02|glhf\n|\n|t:|1699763240\n|start\n|switch|p1a: Sneasler|Sneasler, M|100\/100\n|switch|p2a: Menace|Masquerain, F|100\/100\n|-ability|p2a: Menace|Intimidate|boost\n|-unboost|p1a: Sneasler|atk|1\n|turn|1\n|\n|t:|1699763252\n|move|p1a: Sneasler|Swords Dance|p1a: Sneasler\n|-boost|p1a: Sneasler|atk|2\n|move|p2a: Menace|Sticky Web|p1a: Sneasler\n|-sidestart|p1: FrostyRandom02|move: Sticky Web\n|\n|upkeep\n|turn|2\n|\n|t:|1699763259\n|move|p1a: Sneasler|Fling|p2a: Menace\n|-damage|p2a: Menace|70\/100\n|-status|p2a: Menace|tox\n|-enditem|p1a: Sneasler|Toxic Orb|[from] move: Fling\n|move|p2a: Menace|Whirlwind|p1a: Sneasler\n|drag|p1a: Greninja|Greninja, M|100\/100\n|-activate|p1a: Greninja|move: Sticky Web\n|-unboost|p1a: Greninja|spe|1\n|\n|-damage|p2a: Menace|63\/100 tox|[from] psn\n|upkeep\n|turn|3\n|\n|t:|1699763268\n|move|p2a: Menace|Stun Spore|p1a: Greninja|[miss]\n|-miss|p2a: Menace|p1a: Greninja\n|move|p1a: Greninja|Trailblaze|p2a: Menace\n|-resisted|p2a: Menace\n|-damage|p2a: Menace|59\/100 tox\n|-boost|p1a: Greninja|spe|1\n|\n|-damage|p2a: Menace|47\/100 tox|[from] psn\n|upkeep\n|turn|4\n|\n|t:|1699763276\n|move|p1a: Greninja|Dark Pulse|p2a: Menace\n|-damage|p2a: Menace|0 fnt\n|faint|p2a: Menace\n|-ability|p1a: Greninja|Battle Bond|boost\n|-boost|p1a: Greninja|atk|1\n|-boost|p1a: Greninja|spa|1\n|-boost|p1a: Greninja|spe|1\n|-activate|p1a: Greninja|ability: Battle Bond\n|\n|upkeep\n|\n|t:|1699763284\n|switch|p2a: Man|Palafin, M|100\/100\n|turn|5\n|\n|t:|1699763297\n|-terastallize|p1a: Greninja|Dragon\n|move|p1a: Greninja|Trailblaze|p2a: Man\n|-supereffective|p2a: Man\n|-damage|p2a: Man|61\/100\n|-boost|p1a: Greninja|spe|1\n|move|p2a: Man|Close Combat|p1a: Greninja\n|-damage|p1a: Greninja|53\/100\n|-unboost|p2a: Man|def|1\n|-unboost|p2a: Man|spd|1\n|\n|upkeep\n|turn|6\n|\n|t:|1699763318\n|detailschange|p2a: Man|Palafin-Hero, M\n|switch|p2a: Daisy|Zacian, shiny|100\/100\n|-ability|p2a: Daisy|Intrepid Sword|boost\n|-boost|p2a: Daisy|atk|1\n|move|p1a: Greninja|Dark Pulse|p2a: Daisy\n|-resisted|p2a: Daisy\n|-damage|p2a: Daisy|75\/100\n|\n|upkeep\n|turn|7\n|\n|t:|1699763323\n|move|p1a: Greninja|Water Shuriken|p2a: Daisy\n|-damage|p2a: Daisy|65\/100\n|-damage|p2a: Daisy|55\/100\n|-hitcount|p2a: Daisy|2\n|move|p2a: Daisy|Play Rough|p1a: Greninja\n|-supereffective|p1a: Greninja\n|-damage|p1a: Greninja|0 fnt\n|faint|p1a: Greninja\n|\n|upkeep\n|\n|t:|1699763330\n|switch|p1a: Zacian|Zacian|100\/100\n|-ability|p1a: Zacian|Intrepid Sword|boost\n|-boost|p1a: Zacian|atk|1\n|turn|8\n|\n|t:|1699763356\n|move|p1a: Zacian|Play Rough|p2a: Daisy\n|-damage|p2a: Daisy|0 fnt\n|faint|p2a: Daisy\n|\n|upkeep\n|\n|t:|1699763391\n|switch|p2a: NUGGET GAMING|Sneasler, F|100\/100\n|turn|9\n|\n|t:|1699763419\n|move|p1a: Zacian|Play Rough|p2a: NUGGET GAMING\n|-damage|p2a: NUGGET GAMING|0 fnt\n|faint|p2a: NUGGET GAMING\n|\n|upkeep\n|\n|t:|1699763426\n|switch|p2a: Man|Palafin-Hero, M|61\/100\n|-activate|p2a: Man|ability: Zero to Hero\n|turn|10\n|\n|t:|1699763430\n|move|p2a: Man|Jet Punch|p1a: Zacian\n|-damage|p1a: Zacian|59\/100\n|move|p1a: Zacian|Play Rough|p2a: Man|[miss]\n|-miss|p1a: Zacian|p2a: Man\n|\n|upkeep\n|turn|11\n|\n|t:|1699763435\n|move|p2a: Man|Jet Punch|p1a: Zacian\n|-damage|p1a: Zacian|14\/100\n|move|p1a: Zacian|Play Rough|p2a: Man\n|-damage|p2a: Man|0 fnt\n|faint|p2a: Man\n|\n|upkeep\n|\n|t:|1699763441\n|switch|p2a: Swordhands|Ceruledge, M|100\/100\n|turn|12\n|\n|t:|1699763446\n|move|p2a: Swordhands|Shadow Sneak|p1a: Zacian\n|-damage|p1a: Zacian|0 fnt\n|faint|p1a: Zacian\n|\n|upkeep\n|\n|t:|1699763451\n|switch|p1a: Azelf|Azelf|100\/100\n|turn|13\n|\n|t:|1699763458\n|move|p1a: Azelf|Knock Off|p2a: Swordhands\n|-supereffective|p2a: Swordhands\n|-damage|p2a: Swordhands|2\/100\n|-enditem|p2a: Swordhands|Heavy-Duty Boots|[from] move: Knock Off|[of] p1a: Azelf\n|move|p2a: Swordhands|Poltergeist|p1a: Azelf\n|-activate|p1a: Azelf|move: Poltergeist|Focus Sash\n|-supereffective|p1a: Azelf\n|-enditem|p1a: Azelf|Focus Sash\n|-damage|p1a: Azelf|1\/100\n|\n|upkeep\n|turn|14\n|c|\u2606dumpy lump|WE TANK THOOOSE\n|\n|t:|1699763468\n|move|p2a: Swordhands|Shadow Sneak|p1a: Azelf\n|-supereffective|p1a: Azelf\n|-damage|p1a: Azelf|0 fnt\n|faint|p1a: Azelf\n|\n|upkeep\n|\n|t:|1699763474\n|switch|p1a: Iron Jugulis|Iron Jugulis|100\/100\n|-enditem|p1a: Iron Jugulis|Booster Energy\n|-activate|p1a: Iron Jugulis|ability: Quark Drive|[fromitem]\n|-start|p1a: Iron Jugulis|quarkdrivespe\n|turn|15\n|\n|t:|1699763480\n|move|p2a: Swordhands|Shadow Sneak|p1a: Iron Jugulis\n|-resisted|p1a: Iron Jugulis\n|-damage|p1a: Iron Jugulis|89\/100\n|move|p1a: Iron Jugulis|Dark Pulse|p2a: Swordhands\n|-supereffective|p2a: Swordhands\n|-damage|p2a: Swordhands|0 fnt\n|faint|p2a: Swordhands\n|\n|upkeep\n|\n|t:|1699763485\n|switch|p2a: Kaijune|Walking Wake|100\/100\n|-enditem|p2a: Kaijune|Booster Energy\n|-activate|p2a: Kaijune|ability: Protosynthesis|[fromitem]\n|-start|p2a: Kaijune|protosynthesisspa\n|turn|16\n|\n|t:|1699763498\n|move|p1a: Iron Jugulis|Dark Pulse|p2a: Kaijune\n|-damage|p2a: Kaijune|52\/100\n|move|p2a: Kaijune|Dragon Pulse|p1a: Iron Jugulis\n|-damage|p1a: Iron Jugulis|25\/100\n|\n|upkeep\n|turn|17\n|\n|t:|1699763504\n|move|p1a: Iron Jugulis|Hurricane|p2a: Kaijune\n|-damage|p2a: Kaijune|0 fnt\n|faint|p2a: Kaijune\n|-end|p2a: Kaijune|Protosynthesis|[silent]\n|\n|win|FrostyRandom02\n|c|\u2606dumpy lump|gg\n|c|\u2606FrostyRandom02|gg\n","uploadtime":1699763510,"views":5,"p1id":"frostyrandom02","p2id":"dumpylump","formatid":"gen9ubers","rating":0,"private":0,"password":""}