{"id":"gen9ubers-1973216210","p1":"pastavore","p2":"bradpoke989","format":"[Gen 9] Ubers","log":"|j|\u2606pastavore\n|j|\u2606bradpoke989\n|t:|1697940471\n|gametype|singles\n|player|p1|pastavore|pokemonranger-gen4|\n|player|p2|bradpoke989|worker-gen4|\n|teamsize|p1|6\n|teamsize|p2|6\n|gen|9\n|tier|[Gen 9] Ubers\n|rated|Tournament battle\n|rule|Sleep Clause Mod: Limit one foe put to sleep\n|rule|Species Clause: Limit one of each Pok\u00e9mon\n|rule|OHKO Clause: OHKO moves are banned\n|rule|Evasion Items Clause: Evasion items are banned\n|rule|Evasion Moves Clause: Evasion moves are banned\n|rule|Endless Battle Clause: Forcing endless battles is banned\n|rule|HP Percentage Mod: HP is shown in percentages\n|clearpoke\n|poke|p1|Kyogre|\n|poke|p1|Koraidon|\n|poke|p1|Iron Treads|\n|poke|p1|Eternatus|\n|poke|p1|Arceus-Fairy|\n|poke|p1|Kingambit, F|\n|poke|p2|Ursaluna-Bloodmoon, M|\n|poke|p2|Zacian-*|\n|poke|p2|Espathra, M|\n|poke|p2|Annihilape, M|\n|poke|p2|Dialga-Origin|\n|poke|p2|Miraidon|\n|teampreview\n|c|\u2606bradpoke989|I was in a rush\n|j| iamnotagenius\n|c|\u2606pastavore|all good?\n|c|\u2606bradpoke989|Im all good\n|c|\u2606pastavore|ok glhf\n|c|\u2606bradpoke989|You too\n|c|\u2606pastavore|thx\n|\n|t:|1697940518\n|start\n|switch|p1a: Koraidon|Koraidon|100\/100\n|switch|p2a: Espathra|Espathra, M, shiny|100\/100\n|-weather|SunnyDay|[from] ability: Orichalcum Pulse|[of] p1a: Koraidon\n|-activate|p1a: Koraidon|Orichalcum Pulse|[source]\n|turn|1\n|\n|t:|1697940528\n|move|p1a: Koraidon|Flare Blitz|p2a: Espathra\n|-damage|p2a: Espathra|0 fnt\n|faint|p2a: Espathra\n|-damage|p1a: Koraidon|69\/100|[from] Recoil\n|\n|-weather|SunnyDay|[upkeep]\n|upkeep\n|\n|t:|1697940544\n|switch|p2a: Zacian|Zacian-Crowned|100\/100\n|-ability|p2a: Zacian|Intrepid Sword|boost\n|-boost|p2a: Zacian|atk|1\n|turn|2\n|\n|t:|1697940550\n|switch|p1a: Kyogre|Kyogre|100\/100\n|-weather|RainDance|[from] ability: Drizzle|[of] p1a: Kyogre\n|move|p2a: Zacian|Play Rough|p1a: Kyogre\n|-damage|p1a: Kyogre|19\/100\n|\n|-weather|RainDance|[upkeep]\n|upkeep\n|turn|3\n|\n|t:|1697940565\n|move|p1a: Kyogre|Surf|p2a: Zacian\n|-damage|p2a: Zacian|29\/100\n|move|p2a: Zacian|Swords Dance|p2a: Zacian\n|-boost|p2a: Zacian|atk|2\n|\n|-weather|RainDance|[upkeep]\n|upkeep\n|turn|4\n|j|+OreoSpeedruns\n|\n|t:|1697940572\n|move|p1a: Kyogre|Surf|p2a: Zacian\n|-damage|p2a: Zacian|0 fnt\n|faint|p2a: Zacian\n|\n|-weather|RainDance|[upkeep]\n|upkeep\n|\n|t:|1697940575\n|switch|p2a: Dialga|Dialga-Origin|100\/100\n|-ability|p2a: Dialga|Pressure\n|turn|5\n|\n|t:|1697940611\n|switch|p1a: Eternatus|Eternatus|100\/100\n|-ability|p1a: Eternatus|Pressure\n|move|p2a: Dialga|Thunderbolt|p1a: Eternatus\n|-resisted|p1a: Eternatus\n|-damage|p1a: Eternatus|89\/100\n|\n|-weather|RainDance|[upkeep]\n|upkeep\n|turn|6\n|\n|t:|1697940625\n|move|p1a: Eternatus|Dynamax Cannon|p2a: Dialga\n|-damage|p2a: Dialga|58\/100\n|move|p2a: Dialga|Dragon Pulse|p1a: Eternatus\n|-supereffective|p1a: Eternatus\n|-damage|p1a: Eternatus|15\/100\n|\n|-weather|none\n|upkeep\n|turn|7\n|\n|t:|1697940630\n|move|p1a: Eternatus|Dynamax Cannon|p2a: Dialga\n|-damage|p2a: Dialga|20\/100\n|move|p2a: Dialga|Ice Beam|p1a: Eternatus\n|-supereffective|p1a: Eternatus\n|-damage|p1a: Eternatus|0 fnt\n|faint|p1a: Eternatus\n|\n|upkeep\n|\n|t:|1697940635\n|switch|p1a: Koraidon|Koraidon|69\/100\n|-weather|SunnyDay|[from] ability: Orichalcum Pulse|[of] p1a: Koraidon\n|-activate|p1a: Koraidon|Orichalcum Pulse|[source]\n|turn|8\n|\n|t:|1697940647\n|move|p1a: Koraidon|Dragon Claw|p2a: Dialga\n|-damage|p2a: Dialga|0 fnt\n|faint|p2a: Dialga\n|\n|-weather|SunnyDay|[upkeep]\n|upkeep\n|\n|t:|1697940655\n|switch|p2a: Miraidon|Miraidon|100\/100\n|-fieldstart|move: Electric Terrain|[from] ability: Hadron Engine|[of] p2a: Miraidon\n|turn|9\n|\n|t:|1697940662\n|switch|p1a: Iron Treads|Iron Treads|100\/100\n|-activate|p1a: Iron Treads|ability: Quark Drive\n|-start|p1a: Iron Treads|quarkdrivespd\n|move|p2a: Miraidon|Dragon Pulse|p1a: Iron Treads\n|-resisted|p1a: Iron Treads\n|-damage|p1a: Iron Treads|78\/100\n|\n|-weather|SunnyDay|[upkeep]\n|-heal|p1a: Iron Treads|84\/100|[from] item: Leftovers\n|upkeep\n|turn|10\n|\n|t:|1697940673\n|switch|p2a: Ursaluna|Ursaluna-Bloodmoon, M|100\/100\n|move|p1a: Iron Treads|Knock Off|p2a: Ursaluna\n|-damage|p2a: Ursaluna|85\/100\n|-enditem|p2a: Ursaluna|Leftovers|[from] move: Knock Off|[of] p1a: Iron Treads\n|\n|-weather|SunnyDay|[upkeep]\n|-heal|p1a: Iron Treads|91\/100|[from] item: Leftovers\n|upkeep\n|turn|11\n|\n|t:|1697940690\n|-end|p1a: Iron Treads|Quark Drive|[silent]\n|switch|p1a: Arceus|Arceus-Fairy|100\/100\n|move|p2a: Ursaluna|Calm Mind|p2a: Ursaluna\n|-boost|p2a: Ursaluna|spa|1\n|-boost|p2a: Ursaluna|spd|1\n|\n|-weather|SunnyDay|[upkeep]\n|upkeep\n|turn|12\n|\n|t:|1697940698\n|move|p1a: Arceus|Calm Mind|p1a: Arceus\n|-boost|p1a: Arceus|spa|1\n|-boost|p1a: Arceus|spd|1\n|move|p2a: Ursaluna|Calm Mind|p2a: Ursaluna\n|-boost|p2a: Ursaluna|spa|1\n|-boost|p2a: Ursaluna|spd|1\n|\n|-weather|none\n|upkeep\n|turn|13\n|\n|t:|1697940702\n|move|p1a: Arceus|Calm Mind|p1a: Arceus\n|-boost|p1a: Arceus|spa|1\n|-boost|p1a: Arceus|spd|1\n|move|p2a: Ursaluna|Calm Mind|p2a: Ursaluna\n|-boost|p2a: Ursaluna|spa|1\n|-boost|p2a: Ursaluna|spd|1\n|\n|-fieldend|move: Electric Terrain\n|upkeep\n|turn|14\n|\n|t:|1697940704\n|move|p1a: Arceus|Calm Mind|p1a: Arceus\n|-boost|p1a: Arceus|spa|1\n|-boost|p1a: Arceus|spd|1\n|move|p2a: Ursaluna|Calm Mind|p2a: Ursaluna\n|-boost|p2a: Ursaluna|spa|1\n|-boost|p2a: Ursaluna|spd|1\n|\n|upkeep\n|turn|15\n|\n|t:|1697940708\n|move|p1a: Arceus|Calm Mind|p1a: Arceus\n|-boost|p1a: Arceus|spa|1\n|-boost|p1a: Arceus|spd|1\n|move|p2a: Ursaluna|Calm Mind|p2a: Ursaluna\n|-boost|p2a: Ursaluna|spa|1\n|-boost|p2a: Ursaluna|spd|1\n|\n|upkeep\n|turn|16\n|\n|t:|1697940710\n|move|p1a: Arceus|Calm Mind|p1a: Arceus\n|-boost|p1a: Arceus|spa|1\n|-boost|p1a: Arceus|spd|1\n|move|p2a: Ursaluna|Calm Mind|p2a: Ursaluna\n|-boost|p2a: Ursaluna|spa|1\n|-boost|p2a: Ursaluna|spd|1\n|\n|upkeep\n|turn|17\n|\n|t:|1697940712\n|move|p1a: Arceus|Calm Mind|p1a: Arceus\n|-boost|p1a: Arceus|spa|1\n|-boost|p1a: Arceus|spd|1\n|move|p2a: Ursaluna|Blood Moon|p1a: Arceus\n|-damage|p1a: Arceus|47\/100\n|\n|upkeep\n|turn|18\n|\n|t:|1697940716\n|move|p1a: Arceus|Recover|p1a: Arceus\n|-heal|p1a: Arceus|97\/100\n|move|p2a: Ursaluna|Earth Power|p1a: Arceus\n|-damage|p1a: Arceus|63\/100\n|\n|upkeep\n|turn|19\n|\n|t:|1697940723\n|-terastallize|p2a: Ursaluna|Ground\n|move|p1a: Arceus|Judgment|p2a: Ursaluna\n|-damage|p2a: Ursaluna|35\/100\n|move|p2a: Ursaluna|Earth Power|p1a: Arceus\n|-damage|p1a: Arceus|20\/100\n|\n|upkeep\n|turn|20\n|\n|t:|1697940730\n|move|p1a: Arceus|Judgment|p2a: Ursaluna\n|-damage|p2a: Ursaluna|0 fnt\n|faint|p2a: Ursaluna\n|\n|upkeep\n|\n|t:|1697940735\n|switch|p2a: Miraidon|Miraidon|100\/100\n|-fieldstart|move: Electric Terrain|[from] ability: Hadron Engine|[of] p2a: Miraidon\n|turn|21\n|\n|t:|1697940739\n|move|p2a: Miraidon|Electro Drift|p1a: Arceus\n|-damage|p1a: Arceus|1\/100\n|move|p1a: Arceus|Judgment|p2a: Miraidon\n|-supereffective|p2a: Miraidon\n|-damage|p2a: Miraidon|0 fnt\n|faint|p2a: Miraidon\n|\n|upkeep\n|\n|t:|1697940744\n|switch|p2a: Annihilape|Annihilape, M|100\/100\n|turn|22\n|\n|t:|1697940748\n|move|p1a: Arceus|Judgment|p2a: Annihilape\n|-supereffective|p2a: Annihilape\n|-damage|p2a: Annihilape|0 fnt\n|faint|p2a: Annihilape\n|\n|win|pastavore\n|n|\u2606pastavore|pastavore\n|n|\u2606bradpoke989|bradpoke989\n|n| iamnotagenius|iamnotagenius\n|n| OreoSpeedruns|oreospeedruns\n","uploadtime":1697940749,"views":7,"p1id":"pastavore","p2id":"bradpoke989","formatid":"gen9ubers","rating":0,"private":0,"password":""}