{"id":"gen9ubers-1990236936","p1":"Rhmsitb","p2":"SDK04","format":"[Gen 9] Ubers","log":"|j|\u2606Rhmsitb\n|j|\u2606SDK04\n|t:|1699942194\n|gametype|singles\n|player|p1|Rhmsitb|#uplximelmetal|\n|player|p2|SDK04|unknown|\n|teamsize|p1|6\n|teamsize|p2|6\n|gen|9\n|tier|[Gen 9] Ubers\n|rated|Tournament battle\n|rule|Sleep Clause Mod: Limit one foe put to sleep\n|rule|Species Clause: Limit one of each Pok\u00e9mon\n|rule|OHKO Clause: OHKO moves are banned\n|rule|Evasion Items Clause: Evasion items are banned\n|rule|Evasion Moves Clause: Evasion moves are banned\n|rule|Endless Battle Clause: Forcing endless battles is banned\n|rule|HP Percentage Mod: HP is shown in percentages\n|clearpoke\n|poke|p1|Glimmora, F|\n|poke|p1|Arceus|\n|poke|p1|Koraidon|\n|poke|p1|Ditto|\n|poke|p1|Miraidon|\n|poke|p1|Zacian-*|\n|poke|p2|Grimmsnarl, M|\n|poke|p2|Miraidon|\n|poke|p2|Koraidon|\n|poke|p2|Zacian-*|\n|poke|p2|Iron Treads|\n|poke|p2|Gliscor, F|\n|teampreview\n|\n|t:|1699942199\n|start\n|switch|p1a: Glimmora|Glimmora, F|100\/100\n|switch|p2a: Scary Monsters|Grimmsnarl, M|100\/100\n|turn|1\n|inactive|Battle timer is ON: inactive players will automatically lose when time's up. (requested by Rhmsitb)\n|\n|t:|1699942203\n|move|p2a: Scary Monsters|Light Screen|p2a: Scary Monsters\n|-sidestart|p2: SDK04|move: Light Screen\n|move|p1a: Glimmora|Stealth Rock|p2a: Scary Monsters\n|-sidestart|p2: SDK04|move: Stealth Rock\n|\n|upkeep\n|turn|2\n|\n|t:|1699942207\n|move|p2a: Scary Monsters|Reflect|p2a: Scary Monsters\n|-sidestart|p2: SDK04|Reflect\n|move|p1a: Glimmora|Mortal Spin|p2a: Scary Monsters\n|-supereffective|p2a: Scary Monsters\n|-damage|p2a: Scary Monsters|97\/100\n|-status|p2a: Scary Monsters|psn\n|\n|-damage|p2a: Scary Monsters|84\/100 psn|[from] psn\n|upkeep\n|turn|3\n|j| FireWolf89\n|\n|t:|1699942213\n|move|p2a: Scary Monsters|Parting Shot|p1a: Glimmora\n|-unboost|p1a: Glimmora|atk|1\n|-unboost|p1a: Glimmora|spa|1\n|\n|t:|1699942215\n|switch|p2a: Himiko|Gliscor, F|100\/100|[from] Parting Shot\n|-damage|p2a: Himiko|88\/100|[from] Stealth Rock\n|move|p1a: Glimmora|Earth Power|p2a: Himiko\n|-immune|p2a: Himiko\n|\n|-status|p2a: Himiko|tox|[from] item: Toxic Orb\n|upkeep\n|turn|4\n|\n|t:|1699942222\n|move|p2a: Himiko|Agility|p2a: Himiko\n|-boost|p2a: Himiko|spe|2\n|move|p1a: Glimmora|Power Gem|p2a: Himiko\n|-damage|p2a: Himiko|69\/100 tox\n|\n|-heal|p2a: Himiko|81\/100 tox|[from] ability: Poison Heal\n|upkeep\n|turn|5\n|\n|t:|1699942226\n|move|p2a: Himiko|Swords Dance|p2a: Himiko\n|-boost|p2a: Himiko|atk|2\n|move|p1a: Glimmora|Power Gem|p2a: Himiko\n|-damage|p2a: Himiko|62\/100 tox\n|\n|-heal|p2a: Himiko|74\/100 tox|[from] ability: Poison Heal\n|upkeep\n|turn|6\n|\n|t:|1699942232\n|move|p2a: Himiko|Swords Dance|p2a: Himiko\n|-boost|p2a: Himiko|atk|2\n|move|p1a: Glimmora|Power Gem|p2a: Himiko\n|-damage|p2a: Himiko|55\/100 tox\n|\n|-heal|p2a: Himiko|68\/100 tox|[from] ability: Poison Heal\n|upkeep\n|turn|7\n|\n|t:|1699942236\n|move|p2a: Himiko|Earthquake|p1a: Glimmora\n|-supereffective|p1a: Glimmora\n|-enditem|p1a: Glimmora|Focus Sash\n|-damage|p1a: Glimmora|1\/100\n|-activate|p1a: Glimmora|ability: Toxic Debris\n|-sidestart|p2: SDK04|move: Toxic Spikes\n|move|p1a: Glimmora|Power Gem|p2a: Himiko\n|-damage|p2a: Himiko|48\/100 tox\n|\n|-heal|p2a: Himiko|61\/100 tox|[from] ability: Poison Heal\n|upkeep\n|turn|8\n|\n|t:|1699942243\n|move|p2a: Himiko|Earthquake|p1a: Glimmora\n|-supereffective|p1a: Glimmora\n|-damage|p1a: Glimmora|0 fnt\n|-activate|p1a: Glimmora|ability: Toxic Debris\n|-sidestart|p2: SDK04|move: Toxic Spikes\n|faint|p1a: Glimmora\n|\n|-heal|p2a: Himiko|73\/100 tox|[from] ability: Poison Heal\n|-sideend|p2: SDK04|move: Light Screen\n|upkeep\n|\n|t:|1699942249\n|switch|p1a: Ditto|Ditto|100\/100\n|-transform|p1a: Ditto|p2a: Himiko|[from] ability: Imposter\n|turn|9\n|\n|t:|1699942255\n|-terastallize|p2a: Himiko|Flying\n|move|p1a: Ditto|Dual Wingbeat|p2a: Himiko\n|-damage|p2a: Himiko|49\/100 tox\n|-damage|p2a: Himiko|25\/100 tox\n|-hitcount|p2a: Himiko|2\n|move|p2a: Himiko|Dual Wingbeat|p1a: Ditto\n|-damage|p1a: Ditto|42\/100\n|-damage|p1a: Ditto|0 fnt\n|faint|p1a: Ditto\n|-hitcount|p1: Ditto|2\n|\n|-heal|p2a: Himiko|37\/100 tox|[from] ability: Poison Heal\n|-sideend|p2: SDK04|Reflect\n|upkeep\n|\n|t:|1699942265\n|switch|p1a: Arceus|Arceus|100\/100\n|turn|10\n|\n|t:|1699942269\n|move|p1a: Arceus|Extreme Speed|p2a: Himiko\n|-damage|p2a: Himiko|0 fnt\n|faint|p2a: Himiko\n|\n|upkeep\n|\n|t:|1699942273\n|switch|p2a: Miraidon Check|Iron Treads|100\/100\n|-damage|p2a: Miraidon Check|97\/100|[from] Stealth Rock\n|turn|11\n|\n|t:|1699942277\n|move|p2a: Miraidon Check|Rapid Spin|p1a: Arceus\n|-damage|p1a: Arceus|90\/100\n|-boost|p2a: Miraidon Check|spe|1\n|-sideend|p2: SDK04|Toxic Spikes|[from] move: Rapid Spin|[of] p2a: Miraidon Check\n|-sideend|p2: SDK04|Stealth Rock|[from] move: Rapid Spin|[of] p2a: Miraidon Check\n|move|p1a: Arceus|Swords Dance|p1a: Arceus\n|-boost|p1a: Arceus|atk|2\n|\n|upkeep\n|turn|12\n|\n|t:|1699942280\n|move|p2a: Miraidon Check|Iron Head|p1a: Arceus\n|-damage|p1a: Arceus|65\/100\n|move|p1a: Arceus|Swords Dance|p1a: Arceus\n|-boost|p1a: Arceus|atk|2\n|\n|upkeep\n|turn|13\n|\n|t:|1699942287\n|move|p2a: Miraidon Check|Iron Head|p1a: Arceus\n|-damage|p1a: Arceus|39\/100\n|move|p1a: Arceus|Shadow Claw|p2a: Miraidon Check\n|-damage|p2a: Miraidon Check|26\/100\n|\n|upkeep\n|turn|14\n|\n|t:|1699942295\n|move|p2a: Miraidon Check|Iron Head|p1a: Arceus\n|-damage|p1a: Arceus|13\/100\n|move|p1a: Arceus|Swords Dance|p1a: Arceus\n|-boost|p1a: Arceus|atk|2\n|\n|upkeep\n|turn|15\n|\n|t:|1699942300\n|move|p1a: Arceus|Extreme Speed|p2a: Miraidon Check\n|-resisted|p2a: Miraidon Check\n|-damage|p2a: Miraidon Check|0 fnt\n|faint|p2a: Miraidon Check\n|-end|p2a: Miraidon Check|Quark Drive|[silent]\n|\n|upkeep\n|\n|t:|1699942303\n|switch|p2a: Gen 8 MVP|Zacian-Crowned|100\/100\n|-ability|p2a: Gen 8 MVP|Intrepid Sword|boost\n|-boost|p2a: Gen 8 MVP|atk|1\n|turn|16\n|\n|t:|1699942307\n|move|p1a: Arceus|Extreme Speed|p2a: Gen 8 MVP\n|-resisted|p2a: Gen 8 MVP\n|-damage|p2a: Gen 8 MVP|12\/100\n|move|p2a: Gen 8 MVP|Behemoth Blade|p1a: Arceus\n|-damage|p1a: Arceus|0 fnt\n|faint|p1a: Arceus\n|\n|upkeep\n|\n|t:|1699942314\n|switch|p1a: Miraidon|Miraidon|100\/100\n|-fieldstart|move: Electric Terrain|[from] ability: Hadron Engine|[of] p1a: Miraidon\n|turn|17\n|\n|t:|1699942318\n|move|p1a: Miraidon|Electro Drift|p2a: Gen 8 MVP\n|-damage|p2a: Gen 8 MVP|0 fnt\n|faint|p2a: Gen 8 MVP\n|\n|upkeep\n|\n|t:|1699942320\n|switch|p2a: Scary Monsters|Grimmsnarl, M|84\/100 psn\n|turn|18\n|\n|t:|1699942323\n|move|p2a: Scary Monsters|Light Screen|p2a: Scary Monsters\n|-sidestart|p2: SDK04|move: Light Screen\n|move|p1a: Miraidon|Electro Drift|p2a: Scary Monsters\n|-damage|p2a: Scary Monsters|39\/100 psn\n|\n|-damage|p2a: Scary Monsters|27\/100 psn|[from] psn\n|upkeep\n|turn|19\n|\n|t:|1699942327\n|move|p2a: Scary Monsters|Parting Shot|p1a: Miraidon\n|-unboost|p1a: Miraidon|atk|1\n|-unboost|p1a: Miraidon|spa|1\n|\n|t:|1699942328\n|switch|p2a: \u201cI win\u201d button|Koraidon|100\/100|[from] Parting Shot\n|-weather|SunnyDay|[from] ability: Orichalcum Pulse|[of] p2a: \u201cI win\u201d button\n|-activate|p2a: \u201cI win\u201d button|Orichalcum Pulse|[source]\n|move|p1a: Miraidon|Electro Drift|p2a: \u201cI win\u201d button\n|-resisted|p2a: \u201cI win\u201d button\n|-damage|p2a: \u201cI win\u201d button|86\/100\n|\n|-weather|SunnyDay|[upkeep]\n|upkeep\n|turn|20\n|\n|t:|1699942333\n|switch|p1a: Zacian|Zacian-Crowned|100\/100\n|-ability|p1a: Zacian|Intrepid Sword|boost\n|-boost|p1a: Zacian|atk|1\n|move|p2a: \u201cI win\u201d button|Scale Shot|p1a: Zacian\n|-immune|p1a: Zacian\n|\n|-weather|SunnyDay|[upkeep]\n|upkeep\n|turn|21\n|\n|t:|1699942340\n|move|p1a: Zacian|Behemoth Blade|p2a: \u201cI win\u201d button\n|-damage|p2a: \u201cI win\u201d button|5\/100\n|move|p2a: \u201cI win\u201d button|Flare Blitz|p1a: Zacian\n|-supereffective|p1a: Zacian\n|-damage|p1a: Zacian|0 fnt\n|faint|p1a: Zacian\n|-damage|p2a: \u201cI win\u201d button|0 fnt|[from] Recoil\n|faint|p2a: \u201cI win\u201d button\n|\n|-weather|SunnyDay|[upkeep]\n|-fieldend|move: Electric Terrain\n|upkeep\n|\n|t:|1699942349\n|switch|p1a: Koraidon|Koraidon|100\/100\n|switch|p2a: Scary Monsters|Grimmsnarl, M|27\/100 psn\n|-activate|p1a: Koraidon|ability: Orichalcum Pulse\n|turn|22\n|\n|t:|1699942354\n|move|p2a: Scary Monsters|Reflect|p2a: Scary Monsters\n|-sidestart|p2: SDK04|Reflect\n|move|p1a: Koraidon|Low Kick|p2a: Scary Monsters\n|-damage|p2a: Scary Monsters|5\/100 psn\n|\n|-weather|SunnyDay|[upkeep]\n|-damage|p2a: Scary Monsters|0 fnt|[from] psn\n|faint|p2a: Scary Monsters\n|upkeep\n|\n|t:|1699942357\n|switch|p2a: Nice Sprites|Miraidon|100\/100\n|-fieldstart|move: Electric Terrain|[from] ability: Hadron Engine|[of] p2a: Nice Sprites\n|turn|23\n|\n|t:|1699942362\n|move|p1a: Koraidon|Scale Shot|p2a: Nice Sprites\n|-supereffective|p2a: Nice Sprites\n|-damage|p2a: Nice Sprites|85\/100\n|-supereffective|p2a: Nice Sprites\n|-damage|p2a: Nice Sprites|70\/100\n|-supereffective|p2a: Nice Sprites\n|-damage|p2a: Nice Sprites|55\/100\n|-supereffective|p2a: Nice Sprites\n|-damage|p2a: Nice Sprites|39\/100\n|-hitcount|p2a: Nice Sprites|4\n|-unboost|p1a: Koraidon|def|1\n|-boost|p1a: Koraidon|spe|1\n|move|p2a: Nice Sprites|Agility|p2a: Nice Sprites\n|-boost|p2a: Nice Sprites|spe|2\n|\n|-weather|none\n|-heal|p2a: Nice Sprites|45\/100|[from] item: Leftovers\n|upkeep\n|turn|24\n|\n|t:|1699942379\n|-terastallize|p1a: Koraidon|Fire\n|move|p2a: Nice Sprites|Dragon Pulse|p1a: Koraidon\n|-damage|p1a: Koraidon|28\/100\n|move|p1a: Koraidon|Low Kick|p2a: Nice Sprites\n|-damage|p2a: Nice Sprites|15\/100\n|\n|-heal|p2a: Nice Sprites|22\/100|[from] item: Leftovers\n|upkeep\n|turn|25\n|\n|t:|1699942387\n|move|p2a: Nice Sprites|Parabolic Charge|p1a: Koraidon\n|-damage|p1a: Koraidon|0 fnt\n|-heal|p2a: Nice Sprites|33\/100|[from] drain|[of] p1a: Koraidon\n|faint|p1a: Koraidon\n|\n|-heal|p2a: Nice Sprites|40\/100|[from] item: Leftovers\n|-sideend|p2: SDK04|move: Light Screen\n|upkeep\n|\n|t:|1699942389\n|switch|p1a: Miraidon|Miraidon|100\/100\n|-activate|p1a: Miraidon|ability: Hadron Engine\n|turn|26\n|\n|t:|1699942391\n|move|p2a: Nice Sprites|Dragon Pulse|p1a: Miraidon\n|-supereffective|p1a: Miraidon\n|-damage|p1a: Miraidon|0 fnt\n|faint|p1a: Miraidon\n|\n|win|SDK04\n|n|\u2606Rhmsitb|rhmsitb\n|n|\u2606SDK04|sdk04\n|n| FireWolf89|firewolf89\n|j| a quylthulg\n|l|\u2606Rhmsitb\n|c|\u2606SDK04|gg\n|c|\u2606SDK04|wp\n","uploadtime":1699942392,"views":8,"p1id":"rhmsitb","p2id":"sdk04","formatid":"gen9ubers","rating":0,"private":0,"password":""}