{"id":"gen9ubers-1994323018","p1":"WornP7154","p2":"Nelsonesstilo","format":"[Gen 9] Ubers","log":"|j|\u2606WornP7154\n|j|\u2606Nelsonesstilo\n|t:|1700431037\n|gametype|singles\n|player|p1|WornP7154|lucas|1066\n|player|p2|Nelsonesstilo|gambler|1009\n|teamsize|p1|6\n|teamsize|p2|6\n|gen|9\n|tier|[Gen 9] Ubers\n|rated|\n|rule|Sleep Clause Mod: Limit one foe put to sleep\n|rule|Species Clause: Limit one of each Pok\u00e9mon\n|rule|OHKO Clause: OHKO moves are banned\n|rule|Evasion Items Clause: Evasion items are banned\n|rule|Evasion Moves Clause: Evasion moves are banned\n|rule|Endless Battle Clause: Forcing endless battles is banned\n|rule|HP Percentage Mod: HP is shown in percentages\n|clearpoke\n|poke|p1|Umbreon, M|\n|poke|p1|Garchomp, F|\n|poke|p1|Sylveon, F|\n|poke|p1|Iron Bundle|\n|poke|p1|Zacian-*|\n|poke|p1|Volcarona, F|\n|poke|p2|Toxapex, M|\n|poke|p2|Greninja-*, M|\n|poke|p2|Dragapult, F|\n|poke|p2|Grimmsnarl, M|\n|poke|p2|Cinderace, M|\n|poke|p2|Gholdengo|\n|teampreview\n|inactive|Battle timer is ON: inactive players will automatically lose when time's up. (requested by WornP7154)\n|\n|t:|1700431046\n|start\n|switch|p1a: Iron Bundle|Iron Bundle|100\/100\n|switch|p2a: El Cuji|Toxapex, M, shiny|100\/100\n|turn|1\n|\n|t:|1700431050\n|move|p1a: Iron Bundle|Freeze-Dry|p2a: El Cuji\n|-supereffective|p2a: El Cuji\n|-damage|p2a: El Cuji|36\/100\n|-status|p2a: El Cuji|frz\n|cant|p2a: El Cuji|frz\n|\n|-heal|p2a: El Cuji|42\/100 frz|[from] item: Leftovers\n|upkeep\n|turn|2\n|\n|t:|1700431062\n|cant|p2a: El Cuji|frz\n|move|p1a: Iron Bundle|Icy Wind|p2a: El Cuji\n|-resisted|p2a: El Cuji\n|-damage|p2a: El Cuji|30\/100 frz\n|-unboost|p2a: El Cuji|spe|1\n|\n|-heal|p2a: El Cuji|36\/100 frz|[from] item: Leftovers\n|upkeep\n|turn|3\n|\n|t:|1700431068\n|cant|p2a: El Cuji|frz\n|move|p1a: Iron Bundle|Freeze-Dry|p2a: El Cuji\n|-supereffective|p2a: El Cuji\n|-damage|p2a: El Cuji|0 fnt\n|faint|p2a: El Cuji\n|\n|upkeep\n|\n|t:|1700431078\n|switch|p2a: F-35|Dragapult, F, shiny|100\/100\n|turn|4\n|\n|t:|1700431083\n|move|p1a: Iron Bundle|Freeze-Dry|p2a: F-35\n|-supereffective|p2a: F-35\n|-damage|p2a: F-35|5\/100\n|move|p2a: F-35|Dragon Darts|p1a: Iron Bundle\n|-damage|p1a: Iron Bundle|58\/100\n|-anim|p2a: F-35|Dragon Darts|p1a: Iron Bundle\n|-damage|p1a: Iron Bundle|18\/100\n|-damage|p2a: F-35|0 fnt|[from] item: Life Orb\n|faint|p2a: F-35\n|\n|upkeep\n|\n|t:|1700431093\n|switch|p2a: Gholdengo|Gholdengo, shiny|100\/100\n|turn|5\n|\n|t:|1700431099\n|move|p2a: Gholdengo|Shadow Ball|p1a: Iron Bundle\n|-damage|p1a: Iron Bundle|0 fnt\n|faint|p1a: Iron Bundle\n|-end|p1a: Iron Bundle|Quark Drive|[silent]\n|\n|upkeep\n|\n|t:|1700431105\n|switch|p1a: Volcarona|Volcarona, F, shiny|100\/100\n|turn|6\n|\n|t:|1700431114\n|move|p2a: Gholdengo|Shadow Ball|p1a: Volcarona\n|-damage|p1a: Volcarona|61\/100\n|move|p1a: Volcarona|Quiver Dance|p1a: Volcarona\n|-boost|p1a: Volcarona|spa|1\n|-boost|p1a: Volcarona|spd|1\n|-boost|p1a: Volcarona|spe|1\n|\n|upkeep\n|turn|7\n|\n|t:|1700431118\n|move|p2a: Gholdengo|Shadow Ball|p1a: Volcarona\n|-damage|p1a: Volcarona|34\/100\n|move|p1a: Volcarona|Fiery Dance|p2a: Gholdengo\n|-supereffective|p2a: Gholdengo\n|-damage|p2a: Gholdengo|0 fnt\n|faint|p2a: Gholdengo\n|\n|upkeep\n|\n|t:|1700431123\n|switch|p2a: Er Sapo|Greninja, M|100\/100\n|turn|8\n|\n|t:|1700431129\n|move|p2a: Er Sapo|Waterfall|p1a: Volcarona\n|-supereffective|p1a: Volcarona\n|-damage|p1a: Volcarona|0 fnt\n|faint|p1a: Volcarona\n|-ability|p2a: Er Sapo|Battle Bond|boost\n|-boost|p2a: Er Sapo|atk|1\n|-boost|p2a: Er Sapo|spa|1\n|-boost|p2a: Er Sapo|spe|1\n|-activate|p2a: Er Sapo|ability: Battle Bond\n|\n|upkeep\n|\n|t:|1700431139\n|switch|p1a: Zacian|Zacian-Crowned|100\/100\n|-ability|p1a: Zacian|Intrepid Sword|boost\n|-boost|p1a: Zacian|atk|1\n|turn|9\n|\n|t:|1700431145\n|move|p2a: Er Sapo|Waterfall|p1a: Zacian\n|-damage|p1a: Zacian|54\/100\n|move|p1a: Zacian|Play Rough|p2a: Er Sapo\n|-supereffective|p2a: Er Sapo\n|-damage|p2a: Er Sapo|0 fnt\n|faint|p2a: Er Sapo\n|\n|upkeep\n|\n|t:|1700431149\n|switch|p2a: Er Diablo|Grimmsnarl, M, shiny|100\/100\n|turn|10\n|\n|t:|1700431159\n|move|p1a: Zacian|Behemoth Blade|p2a: Er Diablo\n|-supereffective|p2a: Er Diablo\n|-crit|p2a: Er Diablo\n|-damage|p2a: Er Diablo|0 fnt\n|faint|p2a: Er Diablo\n|\n|upkeep\n|\n|t:|1700431163\n|switch|p2a: Furbo|Cinderace, M, shiny|100\/100\n|turn|11\n|\n|t:|1700431169\n|move|p2a: Furbo|Pyro Ball|p1a: Zacian\n|-supereffective|p1a: Zacian\n|-damage|p1a: Zacian|0 fnt\n|faint|p1a: Zacian\n|\n|upkeep\n|\n|t:|1700431172\n|switch|p1a: Garchomp|Garchomp, F|100\/100\n|turn|12\n|\n|t:|1700431177\n|-terastallize|p2a: Furbo|Water\n|move|p2a: Furbo|Pyro Ball|p1a: Garchomp\n|-resisted|p1a: Garchomp\n|-damage|p1a: Garchomp|69\/100\n|move|p1a: Garchomp|Earthquake|p2a: Furbo\n|-damage|p2a: Furbo|23\/100\n|\n|upkeep\n|turn|13\n|\n|t:|1700431182\n|move|p2a: Furbo|Pyro Ball|p1a: Garchomp\n|-resisted|p1a: Garchomp\n|-damage|p1a: Garchomp|36\/100\n|move|p1a: Garchomp|Earthquake|p2a: Furbo\n|-damage|p2a: Furbo|0 fnt\n|faint|p2a: Furbo\n|\n|win|WornP7154\n|raw|WornP7154's rating: 1066 &rarr; <strong>1091<\/strong><br \/>(+25 for winning)\n|raw|Nelsonesstilo's rating: 1009 &rarr; <strong>1000<\/strong><br \/>(-9 for losing)\n","uploadtime":1700431188,"views":12,"p1id":"wornp7154","p2id":"nelsonesstilo","formatid":"gen9ubers","rating":1000,"private":0,"password":""}