{"id":"gen9ubers-1993073660","p1":"Shadow36x","p2":"9ooooommmggi","format":"[Gen 9] Ubers","log":"|j|\u2606Shadow36x\n|j|\u26069ooooommmggi\n|t:|1700261741\n|gametype|singles\n|player|p1|Shadow36x|101|1086\n|player|p2|9ooooommmggi|102|1000\n|teamsize|p1|6\n|teamsize|p2|6\n|gen|9\n|tier|[Gen 9] Ubers\n|rated|\n|rule|Sleep Clause Mod: Limit one foe put to sleep\n|rule|Species Clause: Limit one of each Pok\u00e9mon\n|rule|OHKO Clause: OHKO moves are banned\n|rule|Evasion Items Clause: Evasion items are banned\n|rule|Evasion Moves Clause: Evasion moves are banned\n|rule|Endless Battle Clause: Forcing endless battles is banned\n|rule|HP Percentage Mod: HP is shown in percentages\n|clearpoke\n|poke|p1|Palkia|\n|poke|p1|Kyogre|\n|poke|p1|Azumarill, F|\n|poke|p1|Glimmora, F|\n|poke|p1|Zacian-*|\n|poke|p1|Arceus-Water|\n|poke|p2|Toxapex, F|\n|poke|p2|Mewtwo|\n|poke|p2|Regieleki|\n|poke|p2|Dragapult, M|\n|poke|p2|Rillaboom, F|\n|poke|p2|Clefable, F|\n|teampreview\n|\n|t:|1700261766\n|start\n|switch|p1a: Glimmora|Glimmora, F|100\/100\n|switch|p2a: Toxapex|Toxapex, F|100\/100\n|turn|1\n|\n|t:|1700261775\n|move|p1a: Glimmora|Spikes|p2a: Toxapex\n|-sidestart|p2: 9ooooommmggi|Spikes\n|move|p2a: Toxapex|Liquidation|p1a: Glimmora\n|-supereffective|p1a: Glimmora\n|-damage|p1a: Glimmora|56\/100\n|-activate|p1a: Glimmora|ability: Toxic Debris\n|-sidestart|p2: 9ooooommmggi|move: Toxic Spikes\n|\n|-heal|p1a: Glimmora|62\/100|[from] item: Leftovers\n|upkeep\n|turn|2\n|\n|t:|1700261790\n|move|p1a: Glimmora|Stealth Rock|p2a: Toxapex\n|-sidestart|p2: 9ooooommmggi|move: Stealth Rock\n|move|p2a: Toxapex|Liquidation|p1a: Glimmora\n|-supereffective|p1a: Glimmora\n|-damage|p1a: Glimmora|23\/100\n|-activate|p1a: Glimmora|ability: Toxic Debris\n|-sidestart|p2: 9ooooommmggi|move: Toxic Spikes\n|\n|-heal|p1a: Glimmora|29\/100|[from] item: Leftovers\n|upkeep\n|turn|3\n|\n|t:|1700261800\n|move|p1a: Glimmora|Protect|p1a: Glimmora\n|-singleturn|p1a: Glimmora|Protect\n|move|p2a: Toxapex|Liquidation|p1a: Glimmora\n|-activate|p1a: Glimmora|move: Protect\n|\n|-heal|p1a: Glimmora|35\/100|[from] item: Leftovers\n|upkeep\n|turn|4\n|\n|t:|1700261813\n|move|p1a: Glimmora|Sludge Bomb|p2a: Toxapex\n|-resisted|p2a: Toxapex\n|-damage|p2a: Toxapex|90\/100\n|move|p2a: Toxapex|Liquidation|p1a: Glimmora\n|-supereffective|p1a: Glimmora\n|-damage|p1a: Glimmora|0 fnt\n|faint|p1a: Glimmora\n|\n|upkeep\n|\n|t:|1700261825\n|switch|p1a: Kyogre|Kyogre|100\/100\n|-weather|RainDance|[from] ability: Drizzle|[of] p1a: Kyogre\n|turn|5\n|\n|t:|1700261848\n|switch|p2a: Regieleki|Regieleki|100\/100\n|-damage|p2a: Regieleki|88\/100|[from] Spikes\n|-status|p2a: Regieleki|tox\n|-damage|p2a: Regieleki|76\/100 tox|[from] Stealth Rock\n|move|p1a: Kyogre|Water Spout|p2a: Regieleki\n|-damage|p2a: Regieleki|0 fnt\n|faint|p2a: Regieleki\n|\n|-weather|RainDance|[upkeep]\n|upkeep\n|\n|t:|1700261863\n|switch|p2a: Rillaboom|Rillaboom, F|100\/100\n|-damage|p2a: Rillaboom|88\/100|[from] Spikes\n|-status|p2a: Rillaboom|tox\n|-damage|p2a: Rillaboom|76\/100 tox|[from] Stealth Rock\n|turn|6\n|\n|t:|1700261873\n|-terastallize|p1a: Kyogre|Steel\n|move|p2a: Rillaboom|Leech Seed|p1a: Kyogre\n|-start|p1a: Kyogre|move: Leech Seed\n|move|p1a: Kyogre|Water Spout|p2a: Rillaboom\n|-resisted|p2a: Rillaboom\n|-damage|p2a: Rillaboom|0 fnt\n|faint|p2a: Rillaboom\n|\n|-weather|RainDance|[upkeep]\n|upkeep\n|\n|t:|1700261899\n|switch|p2a: Mewtwo|Mewtwo|100\/100\n|-damage|p2a: Mewtwo|88\/100|[from] Spikes\n|-status|p2a: Mewtwo|tox\n|-damage|p2a: Mewtwo|76\/100 tox|[from] Stealth Rock\n|-ability|p2a: Mewtwo|Pressure\n|turn|7\n|\n|t:|1700261915\n|move|p2a: Mewtwo|Earth Power|p1a: Kyogre\n|-supereffective|p1a: Kyogre\n|-damage|p1a: Kyogre|36\/100\n|-damage|p2a: Mewtwo|66\/100 tox|[from] item: Life Orb\n|move|p1a: Kyogre|Thunder|p2a: Mewtwo\n|-damage|p2a: Mewtwo|20\/100 tox\n|\n|-weather|RainDance|[upkeep]\n|-heal|p1a: Kyogre|42\/100|[from] item: Leftovers\n|-damage|p1a: Kyogre|30\/100|[from] Leech Seed|[of] p2a: Mewtwo\n|-heal|p2a: Mewtwo|34\/100 tox|[silent]\n|-damage|p2a: Mewtwo|28\/100 tox|[from] psn\n|upkeep\n|turn|8\n|\n|t:|1700261938\n|switch|p1a: Azumarill|Azumarill, F|100\/100\n|move|p2a: Mewtwo|Recover|p2a: Mewtwo\n|-heal|p2a: Mewtwo|78\/100 tox\n|\n|-weather|RainDance|[upkeep]\n|-damage|p2a: Mewtwo|66\/100 tox|[from] psn\n|upkeep\n|turn|9\n|\n|t:|1700261954\n|move|p2a: Mewtwo|Psystrike|p1a: Azumarill\n|-damage|p1a: Azumarill|19\/100\n|-damage|p2a: Mewtwo|56\/100 tox|[from] item: Life Orb\n|move|p1a: Azumarill|Liquidation|p2a: Mewtwo\n|-damage|p2a: Mewtwo|0 fnt\n|faint|p2a: Mewtwo\n|\n|-weather|none\n|upkeep\n|\n|t:|1700261968\n|switch|p2a: Toxapex|Toxapex, F|90\/100\n|-damage|p2a: Toxapex|77\/100|[from] Spikes\n|-sideend|p2: 9ooooommmggi|move: Toxic Spikes|[of] p2a: Toxapex\n|-damage|p2a: Toxapex|65\/100|[from] Stealth Rock\n|turn|10\n|\n|t:|1700261975\n|move|p1a: Azumarill|Aqua Jet|p2a: Toxapex\n|-resisted|p2a: Toxapex\n|-damage|p2a: Toxapex|54\/100\n|move|p2a: Toxapex|Gunk Shot|p1a: Azumarill\n|-supereffective|p1a: Azumarill\n|-damage|p1a: Azumarill|0 fnt\n|faint|p1a: Azumarill\n|\n|upkeep\n|\n|t:|1700261989\n|switch|p1a: Arceus|Arceus-Water|100\/100\n|turn|11\n|\n|t:|1700261996\n|move|p1a: Arceus|Calm Mind|p1a: Arceus\n|-boost|p1a: Arceus|spa|1\n|-boost|p1a: Arceus|spd|1\n|move|p2a: Toxapex|Gunk Shot|p1a: Arceus\n|-damage|p1a: Arceus|79\/100\n|\n|upkeep\n|turn|12\n|\n|t:|1700262003\n|move|p1a: Arceus|Thunder|p2a: Toxapex\n|-supereffective|p2a: Toxapex\n|-damage|p2a: Toxapex|0 fnt\n|faint|p2a: Toxapex\n|\n|upkeep\n|\n|t:|1700262010\n|switch|p2a: Dragapult|Dragapult, M|100\/100\n|-damage|p2a: Dragapult|88\/100|[from] Spikes\n|-damage|p2a: Dragapult|76\/100|[from] Stealth Rock\n|turn|13\n|\n|t:|1700262022\n|move|p2a: Dragapult|Dragon Darts|p1a: Arceus\n|-damage|p1a: Arceus|64\/100\n|-anim|p2a: Dragapult|Dragon Darts|p1a: Arceus\n|-damage|p1a: Arceus|48\/100\n|move|p1a: Arceus|Judgment|p2a: Dragapult\n|-resisted|p2a: Dragapult\n|-damage|p2a: Dragapult|16\/100\n|\n|upkeep\n|turn|14\n|\n|t:|1700262032\n|move|p2a: Dragapult|Dragon Darts|p1a: Arceus\n|-damage|p1a: Arceus|30\/100\n|-anim|p2a: Dragapult|Dragon Darts|p1a: Arceus\n|-damage|p1a: Arceus|14\/100\n|move|p1a: Arceus|Judgment|p2a: Dragapult\n|-resisted|p2a: Dragapult\n|-damage|p2a: Dragapult|0 fnt\n|faint|p2a: Dragapult\n|\n|upkeep\n|\n|t:|1700262044\n|switch|p2a: Clefable|Clefable, F|100\/100\n|-damage|p2a: Clefable|88\/100|[from] Spikes\n|-damage|p2a: Clefable|76\/100|[from] Stealth Rock\n|turn|15\n|\n|t:|1700262055\n|switch|p1a: Kyogre|Kyogre, tera:Steel|30\/100\n|-weather|RainDance|[from] ability: Drizzle|[of] p1a: Kyogre\n|move|p2a: Clefable|Moonblast|p1a: Kyogre\n|-resisted|p1a: Kyogre\n|-crit|p1a: Kyogre\n|-damage|p1a: Kyogre|10\/100\n|\n|-weather|RainDance|[upkeep]\n|-heal|p1a: Kyogre|16\/100|[from] item: Leftovers\n|upkeep\n|turn|16\n|\n|t:|1700262075\n|move|p1a: Kyogre|Water Spout|p2a: Clefable\n|-damage|p2a: Clefable|60\/100\n|move|p2a: Clefable|Flamethrower|p1a: Kyogre\n|-supereffective|p1a: Kyogre\n|-damage|p1a: Kyogre|0 fnt\n|faint|p1a: Kyogre\n|\n|-weather|RainDance|[upkeep]\n|upkeep\n|\n|t:|1700262083\n|switch|p1a: Arceus|Arceus-Water|14\/100\n|turn|17\n|\n|t:|1700262088\n|move|p1a: Arceus|Judgment|p2a: Clefable\n|-damage|p2a: Clefable|9\/100\n|move|p2a: Clefable|Moonblast|p1a: Arceus\n|-damage|p1a: Arceus|0 fnt\n|faint|p1a: Arceus\n|\n|-weather|RainDance|[upkeep]\n|upkeep\n|\n|t:|1700262096\n|switch|p1a: Palkia|Palkia|100\/100\n|-ability|p1a: Palkia|Pressure\n|turn|18\n|\n|t:|1700262104\n|move|p1a: Palkia|Hydro Pump|p2a: Clefable\n|-damage|p2a: Clefable|0 fnt\n|faint|p2a: Clefable\n|\n|win|Shadow36x\n|raw|Shadow36x's rating: 1086 &rarr; <strong>1107<\/strong><br \/>(+21 for winning)\n|raw|9ooooommmggi's rating: 1000 &rarr; <strong>1000<\/strong><br \/>(+0 for losing)\n|l|\u2606Shadow36x\n|l|\u26069ooooommmggi\n","uploadtime":1700262120,"views":7,"p1id":"shadow36x","p2id":"9ooooommmggi","formatid":"gen9ubers","rating":1000,"private":0,"password":""}