{"id":"gen9ubers-1982285103","p1":"nguyen8807","p2":"Powerhit","format":"[Gen 9] Ubers","log":"|j|\u2606nguyen8807\n|j|\u2606Powerhit\n|t:|1698989917\n|gametype|singles\n|player|p1|nguyen8807|koga|1055\n|player|p2|Powerhit|170|1052\n|teamsize|p1|6\n|teamsize|p2|6\n|gen|9\n|tier|[Gen 9] Ubers\n|rated|\n|rule|Sleep Clause Mod: Limit one foe put to sleep\n|rule|Species Clause: Limit one of each Pok\u00e9mon\n|rule|OHKO Clause: OHKO moves are banned\n|rule|Evasion Items Clause: Evasion items are banned\n|rule|Evasion Moves Clause: Evasion moves are banned\n|rule|Endless Battle Clause: Forcing endless battles is banned\n|rule|HP Percentage Mod: HP is shown in percentages\n|clearpoke\n|poke|p1|Volcarona, F|\n|poke|p1|Iron Bundle|\n|poke|p1|Ribombee, F|\n|poke|p1|Great Tusk|\n|poke|p1|Koraidon|\n|poke|p1|Grimmsnarl, M|\n|poke|p2|Palafin, F|\n|poke|p2|Arcanine, F|\n|poke|p2|Gholdengo|\n|poke|p2|Tyranitar, M|\n|poke|p2|Baxcalibur, F|\n|poke|p2|Quaquaval, M|\n|teampreview\n|inactive|Battle timer is ON: inactive players will automatically lose when time's up. (requested by nguyen8807)\n|\n|t:|1698989936\n|start\n|switch|p1a: Grimmsnarl|Grimmsnarl, M|100\/100\n|switch|p2a: Palafin|Palafin, F|100\/100\n|turn|1\n|\n|t:|1698989944\n|move|p1a: Grimmsnarl|Thunder Wave|p2a: Palafin\n|-status|p2a: Palafin|par\n|move|p2a: Palafin|Flip Turn|p1a: Grimmsnarl\n|-damage|p1a: Grimmsnarl|71\/100\n|\n|t:|1698989965\n|detailschange|p2a: Palafin|Palafin-Hero, F\n|switch|p2a: Gholdengo|Gholdengo|100\/100|[from] Flip Turn\n|\n|upkeep\n|turn|2\n|\n|t:|1698989972\n|switch|p1a: Great Tusk|Great Tusk|100\/100\n|move|p2a: Gholdengo|Make It Rain|p1a: Great Tusk\n|-damage|p1a: Great Tusk|0 fnt\n|-unboost|p2a: Gholdengo|spa|1\n|faint|p1a: Great Tusk\n|-end|p1a: Great Tusk|Protosynthesis|[silent]\n|\n|upkeep\n|\n|t:|1698989979\n|switch|p1a: Volcarona|Volcarona, F, shiny|100\/100\n|turn|3\n|\n|t:|1698989998\n|switch|p2a: Tyranitar|Tyranitar, M|100\/100\n|-weather|Sandstorm|[from] ability: Sand Stream|[of] p2a: Tyranitar\n|move|p1a: Volcarona|Quiver Dance|p1a: Volcarona\n|-boost|p1a: Volcarona|spa|1\n|-boost|p1a: Volcarona|spd|1\n|-boost|p1a: Volcarona|spe|1\n|\n|-weather|Sandstorm|[upkeep]\n|-damage|p1a: Volcarona|94\/100|[from] Sandstorm\n|upkeep\n|turn|4\n|\n|t:|1698990005\n|-terastallize|p1a: Volcarona|Water\n|move|p1a: Volcarona|Giga Drain|p2a: Tyranitar\n|-supereffective|p2a: Tyranitar\n|-damage|p2a: Tyranitar|66\/100\n|-heal|p1a: Volcarona|100\/100|[from] drain|[of] p2a: Tyranitar\n|move|p2a: Tyranitar|Stone Edge|p1a: Volcarona\n|-crit|p1a: Volcarona\n|-damage|p1a: Volcarona|0 fnt\n|faint|p1a: Volcarona\n|\n|-weather|Sandstorm|[upkeep]\n|upkeep\n|\n|t:|1698990015\n|switch|p1a: Koraidon|Koraidon|100\/100\n|-weather|SunnyDay|[from] ability: Orichalcum Pulse|[of] p1a: Koraidon\n|-activate|p1a: Koraidon|Orichalcum Pulse|[source]\n|turn|5\n|inactive|Powerhit has 120 seconds left.\n|inactive|Powerhit has 90 seconds left.\n|\n|t:|1698990092\n|move|p1a: Koraidon|Bulk Up|p1a: Koraidon\n|-boost|p1a: Koraidon|atk|1\n|-boost|p1a: Koraidon|def|1\n|move|p2a: Tyranitar|Low Kick|p1a: Koraidon\n|-crit|p1a: Koraidon\n|-damage|p1a: Koraidon|29\/100\n|\n|-weather|SunnyDay|[upkeep]\n|upkeep\n|turn|6\n|\n|t:|1698990102\n|move|p1a: Koraidon|Drain Punch|p2a: Tyranitar\n|-supereffective|p2a: Tyranitar\n|-damage|p2a: Tyranitar|0 fnt\n|-heal|p1a: Koraidon|68\/100|[from] drain|[of] p2a: Tyranitar\n|faint|p2a: Tyranitar\n|-damage|p1a: Koraidon|58\/100|[from] item: Life Orb\n|\n|-weather|SunnyDay|[upkeep]\n|upkeep\n|\n|t:|1698990116\n|switch|p2a: Baxcalibur|Baxcalibur, F|100\/100\n|turn|7\n|\n|t:|1698990122\n|move|p1a: Koraidon|Drain Punch|p2a: Baxcalibur\n|-supereffective|p2a: Baxcalibur\n|-damage|p2a: Baxcalibur|0 fnt\n|-heal|p1a: Koraidon|100\/100|[from] drain|[of] p2a: Baxcalibur\n|faint|p2a: Baxcalibur\n|-damage|p1a: Koraidon|91\/100|[from] item: Life Orb\n|\n|-weather|SunnyDay|[upkeep]\n|upkeep\n|\n|t:|1698990127\n|switch|p2a: Arcanine|Arcanine, F|100\/100\n|-ability|p2a: Arcanine|Intimidate|boost\n|-unboost|p1a: Koraidon|atk|1\n|turn|8\n|\n|t:|1698990130\n|move|p1a: Koraidon|Collision Course|p2a: Arcanine\n|-damage|p2a: Arcanine|25\/100\n|-damage|p1a: Koraidon|81\/100|[from] item: Life Orb\n|move|p2a: Arcanine|Flare Blitz|p1a: Koraidon\n|-resisted|p1a: Koraidon\n|-damage|p1a: Koraidon|58\/100\n|-damage|p2a: Arcanine|18\/100|[from] Recoil\n|\n|-weather|SunnyDay|[upkeep]\n|upkeep\n|turn|9\n|inactive|Powerhit has 90 seconds left.\n|\n|t:|1698990143\n|move|p1a: Koraidon|Drain Punch|p2a: Arcanine\n|-damage|p2a: Arcanine|0 fnt\n|-heal|p1a: Koraidon|69\/100|[from] drain|[of] p2a: Arcanine\n|faint|p2a: Arcanine\n|-damage|p1a: Koraidon|59\/100|[from] item: Life Orb\n|\n|-weather|none\n|upkeep\n|inactive|Powerhit has 90 seconds left.\n|\n|t:|1698990151\n|switch|p2a: Palafin|Palafin-Hero, F|100\/100 par\n|-activate|p2a: Palafin|ability: Zero to Hero\n|turn|10\n|\n|t:|1698990156\n|move|p1a: Koraidon|Bulk Up|p1a: Koraidon\n|-boost|p1a: Koraidon|atk|1\n|-boost|p1a: Koraidon|def|1\n|move|p2a: Palafin|Ice Punch|p1a: Koraidon\n|-supereffective|p1a: Koraidon\n|-damage|p1a: Koraidon|26\/100\n|\n|upkeep\n|turn|11\n|\n|t:|1698990162\n|move|p1a: Koraidon|Drain Punch|p2a: Palafin\n|-damage|p2a: Palafin|14\/100 par\n|-heal|p1a: Koraidon|69\/100|[from] drain|[of] p2a: Palafin\n|-damage|p1a: Koraidon|59\/100|[from] item: Life Orb\n|cant|p2a: Palafin|par\n|\n|upkeep\n|turn|12\n|\n|t:|1698990172\n|move|p1a: Koraidon|Bulk Up|p1a: Koraidon\n|-boost|p1a: Koraidon|atk|1\n|-boost|p1a: Koraidon|def|1\n|move|p2a: Palafin|Ice Punch|p1a: Koraidon\n|-supereffective|p1a: Koraidon\n|-damage|p1a: Koraidon|35\/100\n|\n|upkeep\n|turn|13\n|\n|t:|1698990178\n|move|p1a: Koraidon|Drain Punch|p2a: Palafin\n|-damage|p2a: Palafin|0 fnt\n|-heal|p1a: Koraidon|42\/100|[from] drain|[of] p2a: Palafin\n|faint|p2a: Palafin\n|-damage|p1a: Koraidon|32\/100|[from] item: Life Orb\n|\n|upkeep\n|inactive|Powerhit has 120 seconds left.\n|\n|t:|1698990185\n|switch|p2a: Gholdengo|Gholdengo|100\/100\n|turn|14\n|inactive|Powerhit has 120 seconds left.\n|\n|t:|1698990196\n|switch|p1a: Grimmsnarl|Grimmsnarl, M|71\/100\n|move|p2a: Gholdengo|Shadow Ball|p1a: Grimmsnarl\n|-resisted|p1a: Grimmsnarl\n|-damage|p1a: Grimmsnarl|27\/100\n|\n|upkeep\n|turn|15\n|inactive|Powerhit has 120 seconds left.\n|\n|t:|1698990207\n|move|p1a: Grimmsnarl|Trick|p2a: Gholdengo\n|-immune|p2a: Gholdengo|[from] ability: Good as Gold\n|move|p2a: Gholdengo|Shadow Ball|p1a: Grimmsnarl\n|-resisted|p1a: Grimmsnarl\n|-damage|p1a: Grimmsnarl|0 fnt\n|faint|p1a: Grimmsnarl\n|\n|upkeep\n|\n|t:|1698990215\n|switch|p1a: Iron Bundle|Iron Bundle|100\/100\n|turn|16\n|\n|t:|1698990219\n|move|p1a: Iron Bundle|Freeze-Dry|p2a: Gholdengo\n|-resisted|p2a: Gholdengo\n|-damage|p2a: Gholdengo|80\/100\n|move|p2a: Gholdengo|Shadow Ball|p1a: Iron Bundle\n|-damage|p1a: Iron Bundle|0 fnt\n|faint|p1a: Iron Bundle\n|-end|p1a: Iron Bundle|Quark Drive|[silent]\n|\n|upkeep\n|\n|t:|1698990223\n|switch|p1a: Ribombee|Ribombee, F|100\/100\n|turn|17\n|\n|t:|1698990226\n|move|p1a: Ribombee|Quiver Dance|p1a: Ribombee\n|-boost|p1a: Ribombee|spa|1\n|-boost|p1a: Ribombee|spd|1\n|-boost|p1a: Ribombee|spe|1\n|move|p2a: Gholdengo|Shadow Ball|p1a: Ribombee\n|-damage|p1a: Ribombee|28\/100\n|\n|upkeep\n|turn|18\n|\n|t:|1698990233\n|move|p1a: Ribombee|Moonblast|p2a: Gholdengo\n|-resisted|p2a: Gholdengo\n|-damage|p2a: Gholdengo|47\/100\n|-unboost|p2a: Gholdengo|spa|1\n|move|p2a: Gholdengo|Shadow Ball|p1a: Ribombee\n|-damage|p1a: Ribombee|0 fnt\n|faint|p1a: Ribombee\n|\n|upkeep\n|\n|t:|1698990235\n|switch|p1a: Koraidon|Koraidon|32\/100\n|-weather|SunnyDay|[from] ability: Orichalcum Pulse|[of] p1a: Koraidon\n|-activate|p1a: Koraidon|Orichalcum Pulse|[source]\n|turn|19\n|\n|t:|1698990240\n|move|p1a: Koraidon|Dragon Claw|p2a: Gholdengo\n|-resisted|p2a: Gholdengo\n|-damage|p2a: Gholdengo|0 fnt\n|faint|p2a: Gholdengo\n|-damage|p1a: Koraidon|22\/100|[from] item: Life Orb\n|\n|-weather|SunnyDay|[upkeep]\n|upkeep\n|\n|t:|1698990243\n|switch|p2a: Quaquaval|Quaquaval, M|100\/100\n|turn|20\n|\n|t:|1698990248\n|move|p2a: Quaquaval|Ice Spinner|p1a: Koraidon\n|-supereffective|p1a: Koraidon\n|-damage|p1a: Koraidon|0 fnt\n|faint|p1a: Koraidon\n|\n|win|Powerhit\n|raw|nguyen8807's rating: 1055 &rarr; <strong>1037<\/strong><br \/>(-18 for losing)\n|raw|Powerhit's rating: 1052 &rarr; <strong>1084<\/strong><br \/>(+32 for winning)\n|l|\u2606nguyen8807\n","uploadtime":1698990255,"views":7,"p1id":"nguyen8807","p2id":"powerhit","formatid":"gen9ubers","rating":1037,"private":0,"password":""}