{"id":"gen9ubers-1992721569","p1":"Raiozin","p2":"Oooommgggi","format":"[Gen 9] Ubers","log":"|j|\u2606Raiozin\n|j|\u2606Oooommgggi\n|t:|1700229091\n|gametype|singles\n|player|p1|Raiozin|gambler|1116\n|player|p2|Oooommgggi|101|1000\n|teamsize|p1|6\n|teamsize|p2|6\n|gen|9\n|tier|[Gen 9] Ubers\n|rated|\n|rule|Sleep Clause Mod: Limit one foe put to sleep\n|rule|Species Clause: Limit one of each Pok\u00e9mon\n|rule|OHKO Clause: OHKO moves are banned\n|rule|Evasion Items Clause: Evasion items are banned\n|rule|Evasion Moves Clause: Evasion moves are banned\n|rule|Endless Battle Clause: Forcing endless battles is banned\n|rule|HP Percentage Mod: HP is shown in percentages\n|clearpoke\n|poke|p1|Kommo-o, F|\n|poke|p1|Chien-Pao|\n|poke|p1|Basculegion, M|\n|poke|p1|Espathra, F|\n|poke|p1|Lucario, M|\n|poke|p1|Kyogre|\n|poke|p2|Slaking, F|\n|poke|p2|Toxapex, M|\n|poke|p2|Gardevoir, M|\n|poke|p2|Heracross, M|\n|poke|p2|Corviknight, M|\n|poke|p2|Rayquaza|\n|teampreview\n|\n|t:|1700229101\n|start\n|switch|p1a: Kyogre|Kyogre|100\/100\n|switch|p2a: Toxapex|Toxapex, M|100\/100\n|-weather|RainDance|[from] ability: Drizzle|[of] p1a: Kyogre\n|turn|1\n|\n|t:|1700229109\n|move|p1a: Kyogre|Thunder|p2a: Toxapex\n|-supereffective|p2a: Toxapex\n|-damage|p2a: Toxapex|18\/100\n|move|p2a: Toxapex|Toxic|p1a: Kyogre\n|-status|p1a: Kyogre|tox\n|\n|-weather|RainDance|[upkeep]\n|-heal|p2a: Toxapex|24\/100|[from] item: Leftovers\n|-damage|p1a: Kyogre|94\/100 tox|[from] psn\n|upkeep\n|turn|2\n|\n|t:|1700229133\n|switch|p2a: Slaking|Slaking, F|100\/100\n|move|p1a: Kyogre|Thunder|p2a: Slaking\n|-damage|p2a: Slaking|61\/100\n|\n|-weather|RainDance|[upkeep]\n|-heal|p2a: Slaking|67\/100|[from] item: Leftovers\n|-damage|p1a: Kyogre|82\/100 tox|[from] psn\n|upkeep\n|turn|3\n|\n|t:|1700229147\n|move|p1a: Kyogre|Thunder|p2a: Slaking\n|-damage|p2a: Slaking|25\/100\n|move|p2a: Slaking|Earthquake|p1a: Kyogre\n|-damage|p1a: Kyogre|33\/100 tox\n|\n|-weather|RainDance|[upkeep]\n|-heal|p2a: Slaking|31\/100|[from] item: Leftovers\n|-damage|p1a: Kyogre|15\/100 tox|[from] psn\n|upkeep\n|turn|4\n|\n|t:|1700229162\n|move|p1a: Kyogre|Thunder|p2a: Slaking\n|-damage|p2a: Slaking|0 fnt\n|faint|p2a: Slaking\n|\n|-weather|RainDance|[upkeep]\n|-damage|p1a: Kyogre|0 fnt|[from] psn\n|faint|p1a: Kyogre\n|upkeep\n|\n|t:|1700229171\n|switch|p1a: Basculegion|Basculegion, M|100\/100\n|switch|p2a: Gardevoir|Gardevoir, M|100\/100\n|turn|5\n|\n|t:|1700229183\n|move|p1a: Basculegion|Wave Crash|p2a: Gardevoir\n|-damage|p2a: Gardevoir|0 fnt\n|faint|p2a: Gardevoir\n|-damage|p1a: Basculegion|77\/100|[from] Recoil\n|\n|-weather|none\n|upkeep\n|\n|t:|1700229199\n|switch|p2a: Heracross|Heracross, M|100\/100\n|turn|6\n|\n|t:|1700229216\n|move|p1a: Basculegion|Wave Crash|p2a: Heracross\n|-enditem|p2a: Heracross|Focus Sash\n|-damage|p2a: Heracross|1\/100\n|-damage|p1a: Basculegion|51\/100|[from] Recoil\n|move|p2a: Heracross|Swords Dance|p2a: Heracross\n|-boost|p2a: Heracross|atk|2\n|\n|upkeep\n|turn|7\n|\n|t:|1700229252\n|switch|p1a: Espathra|Espathra, F|100\/100\n|move|p2a: Heracross|Megahorn|p1a: Espathra\n|-supereffective|p1a: Espathra\n|-crit|p1a: Espathra\n|-damage|p1a: Espathra|0 fnt\n|faint|p1a: Espathra\n|-ability|p2a: Heracross|Moxie|boost\n|-boost|p2a: Heracross|atk|1\n|\n|upkeep\n|\n|t:|1700229261\n|switch|p1a: Basculegion|Basculegion, M|51\/100\n|turn|8\n|\n|t:|1700229274\n|move|p1a: Basculegion|Liquidation|p2a: Heracross\n|-damage|p2a: Heracross|0 fnt\n|faint|p2a: Heracross\n|\n|upkeep\n|\n|t:|1700229281\n|switch|p2a: Rayquaza|Rayquaza|100\/100\n|-ability|p2a: Rayquaza|Air Lock\n|turn|9\n|\n|t:|1700229311\n|move|p2a: Rayquaza|Dragon Ascent|p1a: Basculegion\n|-damage|p1a: Basculegion|0 fnt\n|-unboost|p2a: Rayquaza|def|1\n|-unboost|p2a: Rayquaza|spd|1\n|faint|p1a: Basculegion\n|\n|upkeep\n|\n|t:|1700229329\n|switch|p1a: Chien-Pao|Chien-Pao|100\/100\n|-ability|p1a: Chien-Pao|Sword of Ruin\n|turn|10\n|\n|t:|1700229347\n|switch|p2a: Corviknight|Corviknight, M|100\/100\n|move|p1a: Chien-Pao|Ice Spinner|p2a: Corviknight\n|-damage|p2a: Corviknight|46\/100\n|-damage|p1a: Chien-Pao|91\/100|[from] item: Life Orb\n|\n|upkeep\n|turn|11\n|\n|t:|1700229367\n|move|p1a: Chien-Pao|Ice Spinner|p2a: Corviknight\n|-damage|p2a: Corviknight|0 fnt\n|faint|p2a: Corviknight\n|-damage|p1a: Chien-Pao|81\/100|[from] item: Life Orb\n|\n|upkeep\n|\n|t:|1700229374\n|switch|p2a: Rayquaza|Rayquaza|100\/100\n|-ability|p2a: Rayquaza|Air Lock\n|turn|12\n|\n|t:|1700229381\n|move|p1a: Chien-Pao|Ice Shard|p2a: Rayquaza\n|-supereffective|p2a: Rayquaza\n|-damage|p2a: Rayquaza|0 fnt\n|faint|p2a: Rayquaza\n|-damage|p1a: Chien-Pao|71\/100|[from] item: Life Orb\n|\n|upkeep\n|\n|t:|1700229387\n|switch|p2a: Toxapex|Toxapex, M|24\/100\n|turn|13\n|\n|t:|1700229401\n|move|p1a: Chien-Pao|Ice Shard|p2a: Toxapex\n|-resisted|p2a: Toxapex\n|-damage|p2a: Toxapex|10\/100\n|-damage|p1a: Chien-Pao|61\/100|[from] item: Life Orb\n|move|p2a: Toxapex|Recover|p2a: Toxapex\n|-heal|p2a: Toxapex|60\/100\n|\n|-heal|p2a: Toxapex|66\/100|[from] item: Leftovers\n|upkeep\n|turn|14\n|\n|t:|1700229416\n|move|p1a: Chien-Pao|Ice Spinner|p2a: Toxapex\n|-resisted|p2a: Toxapex\n|-damage|p2a: Toxapex|37\/100\n|-damage|p1a: Chien-Pao|51\/100|[from] item: Life Orb\n|move|p2a: Toxapex|Recover|p2a: Toxapex\n|-heal|p2a: Toxapex|87\/100\n|\n|-heal|p2a: Toxapex|93\/100|[from] item: Leftovers\n|upkeep\n|turn|15\n|\n|t:|1700229426\n|move|p1a: Chien-Pao|Sacred Sword|p2a: Toxapex\n|-resisted|p2a: Toxapex\n|-damage|p2a: Toxapex|72\/100\n|-damage|p1a: Chien-Pao|41\/100|[from] item: Life Orb\n|move|p2a: Toxapex|Toxic|p1a: Chien-Pao\n|-status|p1a: Chien-Pao|tox\n|\n|-heal|p2a: Toxapex|78\/100|[from] item: Leftovers\n|-damage|p1a: Chien-Pao|35\/100 tox|[from] psn\n|upkeep\n|turn|16\n|\n|t:|1700229449\n|switch|p1a: Kommo-o|Kommo-o, F|100\/100\n|move|p2a: Toxapex|Liquidation|p1a: Kommo-o\n|-resisted|p1a: Kommo-o\n|-damage|p1a: Kommo-o|87\/100\n|\n|-heal|p2a: Toxapex|84\/100|[from] item: Leftovers\n|upkeep\n|turn|17\n|\n|t:|1700229463\n|move|p1a: Kommo-o|Substitute|p1a: Kommo-o\n|-start|p1a: Kommo-o|Substitute\n|-damage|p1a: Kommo-o|62\/100\n|move|p2a: Toxapex|Recover|p2a: Toxapex\n|-heal|p2a: Toxapex|100\/100\n|\n|upkeep\n|turn|18\n|\n|t:|1700229475\n|move|p1a: Kommo-o|Belly Drum|p1a: Kommo-o\n|-damage|p1a: Kommo-o|12\/100\n|-setboost|p1a: Kommo-o|atk|6|[from] move: Belly Drum\n|-enditem|p1a: Kommo-o|Salac Berry|[eat]\n|-boost|p1a: Kommo-o|spe|1|[from] item: Salac Berry\n|move|p2a: Toxapex|Liquidation|p1a: Kommo-o\n|-resisted|p1a: Kommo-o\n|-activate|p1a: Kommo-o|move: Substitute|[damage]\n|\n|upkeep\n|turn|19\n|\n|t:|1700229489\n|move|p1a: Kommo-o|Thunder Punch|p2a: Toxapex\n|-supereffective|p2a: Toxapex\n|-crit|p2a: Toxapex\n|-damage|p2a: Toxapex|0 fnt\n|faint|p2a: Toxapex\n|\n|win|Raiozin\n|raw|Raiozin's rating: 1116 &rarr; <strong>1133<\/strong><br \/>(+17 for winning)\n|raw|Oooommgggi's rating: 1000 &rarr; <strong>1000<\/strong><br \/>(+0 for losing)\n","uploadtime":1700229503,"views":10,"p1id":"raiozin","p2id":"oooommgggi","formatid":"gen9ubers","rating":1000,"private":0,"password":""}