{"id":"gen9ubers-1992343802","p1":"Elin Baecil","p2":"Soul-Shards","format":"[Gen 9] Ubers","log":"|j|\u2606Elin Baecil\n|j|\u2606Soul-Shards\n|t:|1700176810\n|gametype|singles\n|player|p1|Elin Baecil|leon-masters|\n|player|p2|Soul-Shards|nemona-s|\n|teamsize|p1|6\n|teamsize|p2|6\n|gen|9\n|tier|[Gen 9] Ubers\n|rule|Sleep Clause Mod: Limit one foe put to sleep\n|rule|Species Clause: Limit one of each Pok\u00e9mon\n|rule|OHKO Clause: OHKO moves are banned\n|rule|Evasion Items Clause: Evasion items are banned\n|rule|Evasion Moves Clause: Evasion moves are banned\n|rule|Endless Battle Clause: Forcing endless battles is banned\n|rule|HP Percentage Mod: HP is shown in percentages\n|clearpoke\n|poke|p1|Mandibuzz, F|\n|poke|p1|Ambipom, M|\n|poke|p1|Torterra, F|\n|poke|p1|Mienshao, F|\n|poke|p1|Shiftry, F|\n|poke|p1|Kommo-o, F|\n|poke|p2|Sinistcha|\n|poke|p2|Dipplin, M|\n|poke|p2|Carbink|\n|poke|p2|Ursaluna, M|\n|poke|p2|Conkeldurr, F|\n|poke|p2|Basculegion, M|\n|teampreview\n|inactive|Battle timer is ON: inactive players will automatically lose when time's up. (requested by Soul-Shards)\n|\n|t:|1700176818\n|start\n|switch|p1a: Ambipom|Ambipom, M|100\/100\n|switch|p2a: Carbink|Carbink|100\/100\n|turn|1\n|\n|t:|1700176832\n|switch|p2a: Sinistcha|Sinistcha|100\/100\n|move|p1a: Ambipom|Fake Out|p2a: Sinistcha\n|-immune|p2a: Sinistcha\n|\n|upkeep\n|turn|2\n|\n|t:|1700176837\n|move|p1a: Ambipom|Knock Off|p2a: Sinistcha\n|-supereffective|p2a: Sinistcha\n|-damage|p2a: Sinistcha|50\/100\n|-enditem|p2a: Sinistcha|Focus Sash|[from] move: Knock Off|[of] p1a: Ambipom\n|move|p2a: Sinistcha|Trick Room|p2a: Sinistcha\n|-fieldstart|move: Trick Room|[of] p2a: Sinistcha\n|\n|upkeep\n|turn|3\n|\n|t:|1700176846\n|move|p2a: Sinistcha|Strength Sap|p1a: Ambipom\n|-unboost|p1a: Ambipom|atk|1\n|-heal|p2a: Sinistcha|100\/100\n|move|p1a: Ambipom|U-turn|p2a: Sinistcha\n|-damage|p2a: Sinistcha|89\/100\n|\n|t:|1700176850\n|switch|p1a: Mandibuzz|Mandibuzz, F|100\/100|[from] U-turn\n|\n|upkeep\n|turn|4\n|inactive|Soul-Shards has 270 seconds left.\n|\n|t:|1700176885\n|switch|p2a: Ursaluna|Ursaluna, M|100\/100\n|move|p1a: Mandibuzz|Toxic|p2a: Ursaluna\n|-status|p2a: Ursaluna|tox\n|\n|-damage|p2a: Ursaluna|94\/100 tox|[from] psn\n|upkeep\n|turn|5\n|\n|t:|1700176891\n|move|p2a: Ursaluna|Play Rough|p1a: Mandibuzz\n|-supereffective|p1a: Mandibuzz\n|-damage|p1a: Mandibuzz|36\/100\n|move|p1a: Mandibuzz|Foul Play|p2a: Ursaluna\n|-damage|p2a: Ursaluna|54\/100 tox\n|\n|-damage|p2a: Ursaluna|42\/100 tox|[from] psn\n|upkeep\n|turn|6\n|\n|t:|1700176907\n|-terastallize|p1a: Mandibuzz|Poison\n|move|p2a: Ursaluna|Facade|p1a: Mandibuzz\n|-damage|p1a: Mandibuzz|0 fnt\n|faint|p1a: Mandibuzz\n|\n|-damage|p2a: Ursaluna|24\/100 tox|[from] psn\n|-fieldend|move: Trick Room\n|upkeep\n|\n|t:|1700176912\n|switch|p1a: Ambipom|Ambipom, M|100\/100\n|turn|7\n|\n|t:|1700176925\n|move|p1a: Ambipom|Fake Out|p2a: Ursaluna\n|-damage|p2a: Ursaluna|3\/100 tox\n|cant|p2a: Ursaluna|flinch\n|\n|-damage|p2a: Ursaluna|0 fnt|[from] psn\n|faint|p2a: Ursaluna\n|upkeep\n|\n|t:|1700176942\n|switch|p2a: Conkeldurr|Conkeldurr, F|100\/100\n|turn|8\n|\n|t:|1700176945\n|move|p2a: Conkeldurr|Mach Punch|p1a: Ambipom\n|-supereffective|p1a: Ambipom\n|-damage|p1a: Ambipom|10\/100\n|move|p1a: Ambipom|Knock Off|p2a: Conkeldurr\n|-resisted|p2a: Conkeldurr\n|-damage|p2a: Conkeldurr|88\/100\n|-enditem|p2a: Conkeldurr|Leftovers|[from] move: Knock Off|[of] p1a: Ambipom\n|\n|upkeep\n|turn|9\n|\n|t:|1700176952\n|move|p2a: Conkeldurr|Mach Punch|p1a: Ambipom\n|-supereffective|p1a: Ambipom\n|-damage|p1a: Ambipom|0 fnt\n|faint|p1a: Ambipom\n|\n|upkeep\n|\n|t:|1700176957\n|switch|p1a: Mienshao|Mienshao, F|100\/100\n|turn|10\n|inactive|Soul-Shards has 270 seconds left.\n|\n|t:|1700176988\n|switch|p2a: Sinistcha|Sinistcha|89\/100\n|move|p1a: Mienshao|Fake Out|p2a: Sinistcha\n|-immune|p2a: Sinistcha\n|\n|upkeep\n|turn|11\n|\n|t:|1700176994\n|move|p1a: Mienshao|Knock Off|p2a: Sinistcha\n|-supereffective|p2a: Sinistcha\n|-damage|p2a: Sinistcha|36\/100\n|-damage|p1a: Mienshao|91\/100|[from] item: Life Orb\n|move|p2a: Sinistcha|Trick Room|p2a: Sinistcha\n|-fieldstart|move: Trick Room|[of] p2a: Sinistcha\n|\n|upkeep\n|turn|12\n|\n|t:|1700177002\n|switch|p1a: Kommo-o|Kommo-o, F|100\/100\n|move|p2a: Sinistcha|Strength Sap|p1a: Kommo-o\n|-unboost|p1a: Kommo-o|atk|1\n|-heal|p2a: Sinistcha|94\/100\n|\n|upkeep\n|turn|13\n|inactive|Soul-Shards has 270 seconds left.\n|\n|t:|1700177046\n|switch|p2a: Carbink|Carbink|100\/100\n|move|p1a: Kommo-o|Flamethrower|p2a: Carbink\n|-resisted|p2a: Carbink\n|-damage|p2a: Carbink|91\/100\n|-status|p2a: Carbink|brn\n|\n|-damage|p2a: Carbink|85\/100 brn|[from] brn\n|upkeep\n|turn|14\n|\n|t:|1700177056\n|switch|p1a: Torterra|Torterra, F|100\/100\n|move|p2a: Carbink|Stealth Rock|p1a: Torterra\n|-sidestart|p1: Elin Baecil|move: Stealth Rock\n|\n|-damage|p2a: Carbink|79\/100 brn|[from] brn\n|upkeep\n|turn|15\n|inactive|Soul-Shards has 240 seconds left.\n|\n|t:|1700177098\n|switch|p2a: Conkeldurr|Conkeldurr, F|88\/100\n|move|p1a: Torterra|Shell Smash|p1a: Torterra\n|-unboost|p1a: Torterra|def|1\n|-unboost|p1a: Torterra|spd|1\n|-boost|p1a: Torterra|atk|2\n|-boost|p1a: Torterra|spa|2\n|-boost|p1a: Torterra|spe|2\n|\n|-fieldend|move: Trick Room\n|upkeep\n|turn|16\n|\n|t:|1700177106\n|move|p1a: Torterra|Bullet Seed|p2a: Conkeldurr\n|-damage|p2a: Conkeldurr|68\/100\n|-damage|p2a: Conkeldurr|48\/100\n|-damage|p2a: Conkeldurr|27\/100\n|-damage|p2a: Conkeldurr|8\/100\n|-damage|p2a: Conkeldurr|0 fnt\n|faint|p2a: Conkeldurr\n|-hitcount|p2: Conkeldurr|5\n|\n|upkeep\n|inactive|Soul-Shards has 210 seconds left.\n|\n|t:|1700177128\n|switch|p2a: Dipplin|Dipplin, M|100\/100\n|turn|17\n|\n|t:|1700177131\n|move|p1a: Torterra|Rock Blast|p2a: Dipplin\n|-damage|p2a: Dipplin|91\/100\n|-damage|p2a: Dipplin|82\/100\n|-damage|p2a: Dipplin|73\/100\n|-damage|p2a: Dipplin|64\/100\n|-hitcount|p2a: Dipplin|4\n|move|p2a: Dipplin|Draco Meteor|p1a: Torterra\n|-damage|p1a: Torterra|0 fnt\n|-unboost|p2a: Dipplin|spa|2\n|faint|p1a: Torterra\n|\n|upkeep\n|\n|t:|1700177140\n|switch|p1a: Kommo-o|Kommo-o, F|100\/100\n|-damage|p1a: Kommo-o|94\/100|[from] Stealth Rock\n|turn|18\n|\n|t:|1700177155\n|switch|p2a: Carbink|Carbink|79\/100 brn\n|move|p1a: Kommo-o|Clangorous Soul|p1a: Kommo-o\n|-boost|p1a: Kommo-o|atk|1\n|-boost|p1a: Kommo-o|def|1\n|-boost|p1a: Kommo-o|spa|1\n|-boost|p1a: Kommo-o|spd|1\n|-boost|p1a: Kommo-o|spe|1\n|-damage|p1a: Kommo-o|61\/100\n|-enditem|p1a: Kommo-o|Throat Spray\n|-boost|p1a: Kommo-o|spa|1|[from] item: Throat Spray\n|\n|-damage|p2a: Carbink|73\/100 brn|[from] brn\n|upkeep\n|turn|19\n|\n|t:|1700177165\n|move|p1a: Kommo-o|Boomburst|p2a: Carbink\n|-resisted|p2a: Carbink\n|-damage|p2a: Carbink|40\/100 brn\n|move|p2a: Carbink|Trick Room|p2a: Carbink\n|-fieldstart|move: Trick Room|[of] p2a: Carbink\n|\n|-damage|p2a: Carbink|34\/100 brn|[from] brn\n|upkeep\n|turn|20\n|\n|t:|1700177175\n|move|p2a: Carbink|Spikes|p1a: Kommo-o\n|-sidestart|p1: Elin Baecil|Spikes\n|move|p1a: Kommo-o|Boomburst|p2a: Carbink\n|-resisted|p2a: Carbink\n|-damage|p2a: Carbink|2\/100 brn\n|\n|-damage|p2a: Carbink|0 fnt|[from] brn\n|faint|p2a: Carbink\n|upkeep\n|\n|t:|1700177182\n|switch|p2a: Basculegion|Basculegion, M|100\/100\n|turn|21\n|\n|t:|1700177197\n|move|p2a: Basculegion|Last Respects|p1a: Kommo-o\n|-damage|p1a: Kommo-o|0 fnt\n|faint|p1a: Kommo-o\n|\n|upkeep\n|\n|t:|1700177207\n|switch|p1a: Shiftry|Shiftry, F|100\/100\n|-damage|p1a: Shiftry|88\/100|[from] Stealth Rock\n|-damage|p1a: Shiftry|76\/100|[from] Spikes\n|turn|22\n|inactive|Soul-Shards has 240 seconds left.\n|\n|t:|1700177218\n|-terastallize|p2a: Basculegion|Water\n|move|p2a: Basculegion|Last Respects|p1a: Shiftry\n|-resisted|p1a: Shiftry\n|-damage|p1a: Shiftry|0 fnt\n|faint|p1a: Shiftry\n|\n|upkeep\n|\n|t:|1700177223\n|switch|p1a: Mienshao|Mienshao, F|100\/100\n|-damage|p1a: Mienshao|95\/100|[from] Stealth Rock\n|-damage|p1a: Mienshao|82\/100|[from] Spikes\n|turn|23\n|c|\u2606Elin Baecil|gg\n|\n|t:|1700177228\n|move|p2a: Basculegion|Last Respects|p1a: Mienshao\n|-damage|p1a: Mienshao|0 fnt\n|faint|p1a: Mienshao\n|\n|win|Soul-Shards\n|c|\u2606Soul-Shards|gg\n|c|\u2606Soul-Shards|eso salio mejor de lo que espere\n|c|\u2606Elin Baecil|Y s\u00ed, jaja\n|c|\u2606Elin Baecil|Una revancha?\n|c|\u2606Soul-Shards|dale\n","uploadtime":1700177259,"views":6,"p1id":"elinbaecil","p2id":"soulshards","formatid":"gen9ubers","rating":0,"private":0,"password":""}