{"id":"gen9ubers-1979794554","p1":"mirinku","p2":"abi558","format":"[Gen 9] Ubers","log":"|j|\u2606mirinku\n|j|\u2606abi558\n|t:|1698713957\n|gametype|singles\n|player|p1|mirinku|265|\n|player|p2|abi558|2|\n|teamsize|p1|6\n|teamsize|p2|6\n|gen|9\n|tier|[Gen 9] Ubers\n|rule|Sleep Clause Mod: Limit one foe put to sleep\n|rule|Species Clause: Limit one of each Pok\u00e9mon\n|rule|OHKO Clause: OHKO moves are banned\n|rule|Evasion Items Clause: Evasion items are banned\n|rule|Evasion Moves Clause: Evasion moves are banned\n|rule|Endless Battle Clause: Forcing endless battles is banned\n|rule|HP Percentage Mod: HP is shown in percentages\n|clearpoke\n|poke|p1|Ribombee, F|\n|poke|p1|Indeedee-F, F|\n|poke|p1|Manaphy|\n|poke|p1|Iron Moth|\n|poke|p1|Thwackey, F|\n|poke|p1|Espathra, F|\n|poke|p2|Cinderace, M|\n|poke|p2|Maushold-Four|\n|poke|p2|Quaquaval, M|\n|poke|p2|Landorus-Therian, M|\n|poke|p2|Regidrago|\n|poke|p2|Drednaw, M|\n|teampreview\n|\n|t:|1698713977\n|start\n|switch|p1a: Ribombee|Ribombee, F, shiny|100\/100\n|switch|p2a: Broken Rubber|Maushold-Four, shiny|100\/100\n|turn|1\n|\n|t:|1698713998\n|switch|p2a: Chompster|Drednaw, M, shiny|100\/100\n|move|p1a: Ribombee|Sticky Web|p2a: Chompster\n|-sidestart|p2: abi558|move: Sticky Web\n|\n|upkeep\n|turn|2\n|\n|t:|1698714004\n|move|p1a: Ribombee|Stun Spore|p2a: Chompster|[miss]\n|-miss|p1a: Ribombee|p2a: Chompster\n|move|p2a: Chompster|Shell Smash|p2a: Chompster\n|-unboost|p2a: Chompster|def|1\n|-unboost|p2a: Chompster|spd|1\n|-boost|p2a: Chompster|atk|2\n|-boost|p2a: Chompster|spa|2\n|-boost|p2a: Chompster|spe|2\n|\n|upkeep\n|turn|3\n|\n|t:|1698714026\n|-terastallize|p2a: Chompster|Grass\n|move|p2a: Chompster|Waterfall|p1a: Ribombee\n|-enditem|p1a: Ribombee|Focus Sash\n|-damage|p1a: Ribombee|1\/100\n|move|p1a: Ribombee|Stun Spore|p2a: Chompster\n|-immune|p2a: Chompster\n|\n|upkeep\n|turn|4\n|\n|t:|1698714051\n|switch|p1a: Indeedee|Indeedee-F, F|100\/100\n|-fieldstart|move: Psychic Terrain|[from] ability: Psychic Surge|[of] p1a: Indeedee\n|move|p2a: Chompster|Crunch|p1a: Indeedee\n|-supereffective|p1a: Indeedee\n|-damage|p1a: Indeedee|0 fnt\n|faint|p1a: Indeedee\n|\n|upkeep\n|\n|t:|1698714073\n|switch|p1a: Manaphy|Manaphy|100\/100\n|turn|5\n|\n|t:|1698714083\n|-terastallize|p1a: Manaphy|Dragon\n|move|p2a: Chompster|Jaw Lock|p1a: Manaphy\n|-damage|p1a: Manaphy|40\/100\n|-activate|p2a: Chompster|trapped\n|-activate|p1a: Manaphy|trapped\n|move|p1a: Manaphy|Acid Armor|p1a: Manaphy\n|-boost|p1a: Manaphy|def|2\n|\n|-heal|p1a: Manaphy|46\/100|[from] item: Leftovers\n|upkeep\n|turn|6\n|\n|t:|1698714101\n|move|p2a: Chompster|Jaw Lock|p1a: Manaphy\n|-damage|p1a: Manaphy|13\/100\n|move|p1a: Manaphy|Stored Power|p2a: Chompster\n|-damage|p2a: Chompster|64\/100\n|\n|-heal|p1a: Manaphy|19\/100|[from] item: Leftovers\n|upkeep\n|turn|7\n|\n|t:|1698714114\n|move|p2a: Chompster|Crunch|p1a: Manaphy\n|-damage|p1a: Manaphy|0 fnt\n|faint|p1a: Manaphy\n|\n|upkeep\n|\n|t:|1698714120\n|switch|p1a: Iron Moth|Iron Moth|100\/100\n|-enditem|p1a: Iron Moth|Booster Energy\n|-activate|p1a: Iron Moth|ability: Quark Drive|[fromitem]\n|-start|p1a: Iron Moth|quarkdrivespe\n|turn|8\n|\n|t:|1698714133\n|move|p1a: Iron Moth|Sludge Wave|p2a: Chompster\n|-supereffective|p2a: Chompster\n|-damage|p2a: Chompster|0 fnt\n|faint|p2a: Chompster\n|\n|upkeep\n|\n|t:|1698714143\n|switch|p2a: Cloud Feet|Landorus-Therian, M, shiny|100\/100\n|-ability|p2a: Cloud Feet|Intimidate|boost\n|-unboost|p1a: Iron Moth|atk|1\n|turn|9\n|\n|t:|1698714156\n|move|p1a: Iron Moth|Substitute|p1a: Iron Moth\n|-start|p1a: Iron Moth|Substitute\n|-damage|p1a: Iron Moth|75\/100\n|move|p2a: Cloud Feet|Earthquake|p1a: Iron Moth\n|-supereffective|p1a: Iron Moth\n|-end|p1a: Iron Moth|Substitute\n|\n|upkeep\n|turn|10\n|\n|t:|1698714169\n|-end|p1a: Iron Moth|Quark Drive|[silent]\n|switch|p1a: Ribombee|Ribombee, F, shiny|1\/100\n|move|p2a: Cloud Feet|Earthquake|p1a: Ribombee\n|-resisted|p1a: Ribombee\n|-damage|p1a: Ribombee|0 fnt\n|faint|p1a: Ribombee\n|\n|upkeep\n|\n|t:|1698714179\n|switch|p1a: Thwackey|Thwackey, F|100\/100\n|-fieldstart|move: Grassy Terrain|[from] ability: Grassy Surge|[of] p1a: Thwackey\n|turn|11\n|\n|t:|1698714185\n|switch|p2a: Football Furry|Cinderace, M, shiny|100\/100\n|-activate|p2a: Football Furry|move: Sticky Web\n|-unboost|p2a: Football Furry|spe|1\n|move|p1a: Thwackey|Fake Out|p2a: Football Furry\n|-damage|p2a: Football Furry|84\/100\n|\n|-heal|p2a: Football Furry|90\/100|[from] Grassy Terrain\n|upkeep\n|turn|12\n|\n|t:|1698714201\n|move|p1a: Thwackey|Knock Off|p2a: Football Furry\n|-damage|p2a: Football Furry|53\/100\n|-enditem|p2a: Football Furry|Salac Berry|[from] move: Knock Off|[of] p1a: Thwackey\n|move|p2a: Football Furry|Bulk Up|p2a: Football Furry\n|-start|p2a: Football Furry|typechange|Fighting|[from] ability: Libero\n|-boost|p2a: Football Furry|atk|1\n|-boost|p2a: Football Furry|def|1\n|\n|-heal|p2a: Football Furry|59\/100|[from] Grassy Terrain\n|upkeep\n|turn|13\n|\n|t:|1698714216\n|move|p1a: Thwackey|Grassy Glide|p2a: Football Furry\n|-damage|p2a: Football Furry|31\/100\n|move|p2a: Football Furry|Court Change|p2a: Football Furry\n|-swapsideconditions\n|-activate|p2a: Football Furry|move: Court Change\n|\n|-heal|p2a: Football Furry|37\/100|[from] Grassy Terrain\n|upkeep\n|turn|14\n|\n|t:|1698714228\n|move|p1a: Thwackey|Grassy Glide|p2a: Football Furry\n|-damage|p2a: Football Furry|9\/100\n|move|p2a: Football Furry|Pyro Ball|p1a: Thwackey\n|-supereffective|p1a: Thwackey\n|-damage|p1a: Thwackey|0 fnt\n|faint|p1a: Thwackey\n|\n|-heal|p2a: Football Furry|15\/100|[from] Grassy Terrain\n|upkeep\n|\n|t:|1698714247\n|switch|p1a: Espathra|Espathra, F|100\/100\n|-activate|p1a: Espathra|move: Sticky Web\n|-unboost|p1a: Espathra|spe|1\n|-enditem|p1a: Espathra|Grassy Seed\n|-boost|p1a: Espathra|def|1|[from] item: Grassy Seed\n|turn|15\n|\n|t:|1698714280\n|move|p2a: Football Furry|Pyro Ball|p1a: Espathra\n|-damage|p1a: Espathra|61\/100\n|move|p1a: Espathra|Roost|p1a: Espathra\n|-heal|p1a: Espathra|100\/100\n|-singleturn|p1a: Espathra|move: Roost\n|\n|-heal|p2a: Football Furry|21\/100|[from] Grassy Terrain\n|-fieldend|move: Grassy Terrain\n|-ability|p1a: Espathra|Speed Boost|boost\n|-boost|p1a: Espathra|spe|1\n|upkeep\n|turn|16\n|\n|t:|1698714310\n|move|p1a: Espathra|Calm Mind|p1a: Espathra\n|-boost|p1a: Espathra|spa|1\n|-boost|p1a: Espathra|spd|1\n|move|p2a: Football Furry|Pyro Ball|p1a: Espathra\n|-crit|p1a: Espathra\n|-damage|p1a: Espathra|2\/100\n|\n|-ability|p1a: Espathra|Speed Boost|boost\n|-boost|p1a: Espathra|spe|1\n|upkeep\n|turn|17\n|\n|t:|1698714324\n|move|p1a: Espathra|Roost|p1a: Espathra\n|-heal|p1a: Espathra|52\/100\n|-singleturn|p1a: Espathra|move: Roost\n|move|p2a: Football Furry|Iron Head|p1a: Espathra\n|-damage|p1a: Espathra|25\/100\n|\n|-ability|p1a: Espathra|Speed Boost|boost\n|-boost|p1a: Espathra|spe|1\n|upkeep\n|turn|18\n|\n|t:|1698714332\n|move|p1a: Espathra|Roost|p1a: Espathra\n|-heal|p1a: Espathra|75\/100\n|-singleturn|p1a: Espathra|move: Roost\n|move|p2a: Football Furry|Pyro Ball|p1a: Espathra|[miss]\n|-miss|p2a: Football Furry|p1a: Espathra\n|\n|-ability|p1a: Espathra|Speed Boost|boost\n|-boost|p1a: Espathra|spe|1\n|upkeep\n|turn|19\n|\n|t:|1698714348\n|move|p1a: Espathra|Stored Power|p2a: Football Furry\n|-supereffective|p2a: Football Furry\n|-damage|p2a: Football Furry|0 fnt\n|faint|p2a: Football Furry\n|\n|-ability|p1a: Espathra|Speed Boost|boost\n|-boost|p1a: Espathra|spe|1\n|upkeep\n|\n|t:|1698714361\n|switch|p2a: Cloud Feet|Landorus-Therian, M, shiny|100\/100\n|-ability|p2a: Cloud Feet|Intimidate|boost\n|-unboost|p1a: Espathra|atk|1\n|turn|20\n|\n|t:|1698714371\n|move|p1a: Espathra|Stored Power|p2a: Cloud Feet\n|-damage|p2a: Cloud Feet|5\/100\n|move|p2a: Cloud Feet|Earthquake|p1a: Espathra\n|-damage|p1a: Espathra|40\/100\n|\n|-ability|p1a: Espathra|Speed Boost|boost\n|-boost|p1a: Espathra|spe|1\n|upkeep\n|turn|21\n|\n|t:|1698714381\n|move|p1a: Espathra|Roost|p1a: Espathra\n|-heal|p1a: Espathra|90\/100\n|-singleturn|p1a: Espathra|move: Roost\n|move|p2a: Cloud Feet|Earthquake|p1a: Espathra\n|-damage|p1a: Espathra|54\/100\n|\n|-ability|p1a: Espathra|Speed Boost|boost\n|-boost|p1a: Espathra|spe|1\n|upkeep\n|turn|22\n|\n|t:|1698714396\n|move|p1a: Espathra|Stored Power|p2a: Cloud Feet\n|-damage|p2a: Cloud Feet|0 fnt\n|faint|p2a: Cloud Feet\n|\n|upkeep\n|\n|t:|1698714405\n|switch|p2a: Dragon Butt|Regidrago, shiny|100\/100\n|turn|23\n|\n|t:|1698714424\n|move|p1a: Espathra|Stored Power|p2a: Dragon Butt\n|-crit|p2a: Dragon Butt\n|-damage|p2a: Dragon Butt|0 fnt\n|faint|p2a: Dragon Butt\n|\n|upkeep\n|\n|t:|1698714436\n|switch|p2a: Homo Duck|Quaquaval, M, shiny|100\/100\n|turn|24\n|\n|t:|1698714451\n|move|p1a: Espathra|Stored Power|p2a: Homo Duck\n|-supereffective|p2a: Homo Duck\n|-enditem|p2a: Homo Duck|Focus Sash\n|-damage|p2a: Homo Duck|1\/100\n|move|p2a: Homo Duck|Aqua Step|p1a: Espathra\n|-damage|p1a: Espathra|25\/100\n|-boost|p2a: Homo Duck|spe|1\n|\n|upkeep\n|turn|25\n|\n|t:|1698714464\n|move|p2a: Homo Duck|Aqua Jet|p1a: Espathra\n|-damage|p1a: Espathra|12\/100\n|move|p1a: Espathra|Stored Power|p2a: Homo Duck\n|-supereffective|p2a: Homo Duck\n|-crit|p2a: Homo Duck\n|-damage|p2a: Homo Duck|0 fnt\n|faint|p2a: Homo Duck\n|\n|upkeep\n|\n|t:|1698714471\n|switch|p2a: Broken Rubber|Maushold-Four, shiny|100\/100\n|turn|26\n|\n|t:|1698714477\n|move|p1a: Espathra|Stored Power|p2a: Broken Rubber\n|-damage|p2a: Broken Rubber|0 fnt\n|faint|p2a: Broken Rubber\n|\n|win|mirinku\n","uploadtime":1698714487,"views":30,"p1id":"mirinku","p2id":"abi558","formatid":"gen9ubers","rating":0,"private":0,"password":""}