{"id":"gen9ubers-2000169748","p1":"benboss69","p2":"Elite 4 static","format":"[Gen 9] Ubers","log":"|j|\u2606benboss69\n|j|\u2606Elite 4 static\n|t:|1701166636\n|gametype|singles\n|player|p1|benboss69|olympia|\n|player|p2|Elite 4 static|1|\n|teamsize|p1|6\n|teamsize|p2|6\n|gen|9\n|tier|[Gen 9] Ubers\n|rule|Sleep Clause Mod: Limit one foe put to sleep\n|rule|Species Clause: Limit one of each Pok\u00e9mon\n|rule|OHKO Clause: OHKO moves are banned\n|rule|Evasion Items Clause: Evasion items are banned\n|rule|Evasion Moves Clause: Evasion moves are banned\n|rule|Endless Battle Clause: Forcing endless battles is banned\n|rule|HP Percentage Mod: HP is shown in percentages\n|clearpoke\n|poke|p1|Dragonite, M|\n|poke|p1|Hatterene, F|\n|poke|p1|Maushold-Four|\n|poke|p1|Zapdos-Galar|\n|poke|p1|Rotom-Mow|\n|poke|p1|Cloyster, F|\n|poke|p2|Ribombee, M|\n|poke|p2|Moltres-Galar|\n|poke|p2|Conkeldurr, M|\n|poke|p2|Walking Wake|\n|poke|p2|Sandy Shocks|\n|poke|p2|Rillaboom, F|\n|teampreview\n|inactive|Battle timer is ON: inactive players will automatically lose when time's up. (requested by benboss69)\n|c|\u2606benboss69|glhf\n|\n|t:|1701166652\n|start\n|switch|p1a: Maushold|Maushold-Four|100\/100\n|switch|p2a: Sandy Shocks|Sandy Shocks|100\/100\n|turn|1\n|\n|t:|1701166665\n|move|p1a: Maushold|Population Bomb|p2a: Sandy Shocks\n|-damage|p2a: Sandy Shocks|91\/100\n|-crit|p2a: Sandy Shocks\n|-damage|p2a: Sandy Shocks|74\/100\n|-damage|p2a: Sandy Shocks|63\/100\n|-damage|p2a: Sandy Shocks|52\/100\n|-damage|p2a: Sandy Shocks|42\/100\n|-damage|p2a: Sandy Shocks|32\/100\n|-damage|p2a: Sandy Shocks|21\/100\n|-damage|p2a: Sandy Shocks|11\/100\n|-damage|p2a: Sandy Shocks|1\/100\n|-damage|p2a: Sandy Shocks|0 fnt\n|faint|p2a: Sandy Shocks\n|-end|p2a: Sandy Shocks|Protosynthesis|[silent]\n|-hitcount|p2: Sandy Shocks|10\n|\n|upkeep\n|c|\u2606Elite 4 static|Lmao\n|inactive|Elite 4 static has 270 seconds left.\n|c|\u2606benboss69|dayum crit mightve mattered there lol\n|\n|t:|1701166691\n|switch|p2a: Conkeldurr|Conkeldurr, M|100\/100\n|turn|2\n|inactive|Elite 4 static has 270 seconds left.\n|\n|t:|1701166706\n|-terastallize|p1a: Maushold|Ghost\n|move|p1a: Maushold|Population Bomb|p2a: Conkeldurr\n|-damage|p2a: Conkeldurr|92\/100\n|-damage|p2a: Conkeldurr|82\/100\n|-damage|p2a: Conkeldurr|72\/100\n|-damage|p2a: Conkeldurr|62\/100\n|-damage|p2a: Conkeldurr|53\/100\n|-damage|p2a: Conkeldurr|43\/100\n|-damage|p2a: Conkeldurr|33\/100\n|-damage|p2a: Conkeldurr|22\/100\n|-damage|p2a: Conkeldurr|13\/100\n|-damage|p2a: Conkeldurr|3\/100\n|-hitcount|p2a: Conkeldurr|10\n|move|p2a: Conkeldurr|Close Combat|p1a: Maushold\n|-immune|p1a: Maushold\n|\n|-status|p2a: Conkeldurr|brn|[from] item: Flame Orb\n|upkeep\n|turn|3\n|inactive|Elite 4 static has 270 seconds left.\n|\n|t:|1701166718\n|move|p1a: Maushold|Population Bomb|p2a: Conkeldurr\n|-damage|p2a: Conkeldurr|0 fnt\n|faint|p2a: Conkeldurr\n|-hitcount|p2: Conkeldurr|1\n|\n|upkeep\n|c|\u2606Elite 4 static|Heck\n|\n|t:|1701166731\n|switch|p2a: Rillaboom|Rillaboom, F|100\/100\n|-fieldstart|move: Grassy Terrain|[from] ability: Grassy Surge|[of] p2a: Rillaboom\n|turn|4\n|\n|t:|1701166743\n|-terastallize|p2a: Rillaboom|Grass\n|move|p2a: Rillaboom|Grassy Glide|p1a: Maushold\n|-damage|p1a: Maushold|0 fnt\n|faint|p1a: Maushold\n|\n|upkeep\n|\n|t:|1701166763\n|switch|p1a: Dragonite|Dragonite, M|100\/100\n|turn|5\n|\n|t:|1701166769\n|switch|p2a: Ribombee|Ribombee, M|100\/100\n|move|p1a: Dragonite|Dragon Dance|p1a: Dragonite\n|-boost|p1a: Dragonite|atk|1\n|-boost|p1a: Dragonite|spe|1\n|\n|upkeep\n|turn|6\n|\n|t:|1701166783\n|move|p1a: Dragonite|Extreme Speed|p2a: Ribombee\n|-damage|p2a: Ribombee|0 fnt\n|faint|p2a: Ribombee\n|\n|upkeep\n|\n|t:|1701166792\n|switch|p2a: Walking Wake|Walking Wake|100\/100\n|turn|7\n|\n|t:|1701166803\n|move|p1a: Dragonite|Extreme Speed|p2a: Walking Wake\n|-damage|p2a: Walking Wake|36\/100\n|move|p2a: Walking Wake|Draco Meteor|p1a: Dragonite\n|-supereffective|p1a: Dragonite\n|-damage|p1a: Dragonite|0 fnt\n|-unboost|p2a: Walking Wake|spa|2\n|faint|p1a: Dragonite\n|\n|-heal|p2a: Walking Wake|42\/100|[from] Grassy Terrain\n|upkeep\n|\n|t:|1701166815\n|switch|p1a: Hatterene|Hatterene, F|100\/100\n|turn|8\n|\n|t:|1701166829\n|move|p2a: Walking Wake|Draco Meteor|p1a: Hatterene\n|-immune|p1a: Hatterene\n|move|p1a: Hatterene|Mystical Fire|p2a: Walking Wake\n|-resisted|p2a: Walking Wake\n|-damage|p2a: Walking Wake|36\/100\n|-unboost|p2a: Walking Wake|spa|1\n|\n|-heal|p2a: Walking Wake|42\/100|[from] Grassy Terrain\n|-fieldend|move: Grassy Terrain\n|upkeep\n|turn|9\n|\n|t:|1701166835\n|move|p2a: Walking Wake|Draco Meteor|p1a: Hatterene\n|-immune|p1a: Hatterene\n|move|p1a: Hatterene|Calm Mind|p1a: Hatterene\n|-boost|p1a: Hatterene|spa|1\n|-boost|p1a: Hatterene|spd|1\n|\n|upkeep\n|turn|10\n|\n|t:|1701166842\n|-end|p2a: Walking Wake|Protosynthesis|[silent]\n|switch|p2a: Moltres|Moltres-Galar|100\/100\n|move|p1a: Hatterene|Mystical Fire|p2a: Moltres\n|-damage|p2a: Moltres|75\/100\n|-unboost|p2a: Moltres|spa|1\n|\n|upkeep\n|turn|11\n|\n|t:|1701166877\n|switch|p2a: Walking Wake|Walking Wake|42\/100\n|move|p1a: Hatterene|Calm Mind|p1a: Hatterene\n|-boost|p1a: Hatterene|spa|1\n|-boost|p1a: Hatterene|spd|1\n|\n|upkeep\n|turn|12\n|\n|t:|1701166882\n|move|p2a: Walking Wake|Hydro Steam|p1a: Hatterene\n|-damage|p1a: Hatterene|67\/100\n|move|p1a: Hatterene|Draining Kiss|p2a: Walking Wake\n|-supereffective|p2a: Walking Wake\n|-damage|p2a: Walking Wake|0 fnt\n|-heal|p1a: Hatterene|100\/100|[from] drain|[of] p2a: Walking Wake\n|faint|p2a: Walking Wake\n|-end|p2a: Walking Wake|Protosynthesis|[silent]\n|\n|upkeep\n|\n|t:|1701166888\n|switch|p2a: Rillaboom|Rillaboom, F, tera:Grass|100\/100\n|-fieldstart|move: Grassy Terrain|[from] ability: Grassy Surge|[of] p2a: Rillaboom\n|turn|13\n|\n|t:|1701166892\n|move|p2a: Rillaboom|Wood Hammer|p1a: Hatterene\n|-damage|p1a: Hatterene|0 fnt\n|faint|p1a: Hatterene\n|-damage|p2a: Rillaboom|70\/100|[from] Recoil\n|\n|-heal|p2a: Rillaboom|76\/100|[from] Grassy Terrain\n|upkeep\n|\n|t:|1701166895\n|switch|p1a: Cloyster|Cloyster, F|100\/100\n|turn|14\n|c|\u2606Elite 4 static|Drop the bass\n|c|\u2606Elite 4 static|Oh fck\n|\n|t:|1701166913\n|switch|p2a: Moltres|Moltres-Galar|75\/100\n|move|p1a: Cloyster|Icicle Spear|p2a: Moltres\n|-supereffective|p2a: Moltres\n|-damage|p2a: Moltres|53\/100\n|-supereffective|p2a: Moltres\n|-damage|p2a: Moltres|29\/100\n|-supereffective|p2a: Moltres\n|-damage|p2a: Moltres|8\/100\n|-supereffective|p2a: Moltres\n|-damage|p2a: Moltres|0 fnt\n|faint|p2a: Moltres\n|-hitcount|p2: Moltres|4\n|\n|upkeep\n|\n|t:|1701166916\n|switch|p2a: Rillaboom|Rillaboom, F, tera:Grass|76\/100\n|turn|15\n|\n|t:|1701166920\n|move|p2a: Rillaboom|Grassy Glide|p1a: Cloyster\n|-supereffective|p1a: Cloyster\n|-enditem|p1a: Cloyster|Focus Sash\n|-damage|p1a: Cloyster|1\/100\n|move|p1a: Cloyster|Icicle Spear|p2a: Rillaboom\n|-supereffective|p2a: Rillaboom\n|-damage|p2a: Rillaboom|52\/100\n|-supereffective|p2a: Rillaboom\n|-damage|p2a: Rillaboom|27\/100\n|-supereffective|p2a: Rillaboom\n|-damage|p2a: Rillaboom|0 fnt\n|faint|p2a: Rillaboom\n|-hitcount|p2: Rillaboom|3\n|\n|win|benboss69\n|c|\u2606benboss69|gg\n","uploadtime":1701166925,"views":3,"p1id":"benboss69","p2id":"elite4static","formatid":"gen9ubers","rating":0,"private":0,"password":""}