{"id":"gen9ubers-1997883984","p1":"superiax","p2":"PSrandomname","format":"[Gen 9] Ubers","log":"|j|\u2606superiax\n|j|\u2606PSrandomname\n|t:|1700863452\n|gametype|singles\n|player|p1|superiax|whitney|1183\n|player|p2|PSrandomname|crasherwake|1146\n|teamsize|p1|6\n|teamsize|p2|6\n|gen|9\n|tier|[Gen 9] Ubers\n|rated|\n|rule|Sleep Clause Mod: Limit one foe put to sleep\n|rule|Species Clause: Limit one of each Pok\u00e9mon\n|rule|OHKO Clause: OHKO moves are banned\n|rule|Evasion Items Clause: Evasion items are banned\n|rule|Evasion Moves Clause: Evasion moves are banned\n|rule|Endless Battle Clause: Forcing endless battles is banned\n|rule|HP Percentage Mod: HP is shown in percentages\n|clearpoke\n|poke|p1|Kyogre|\n|poke|p1|Qwilfish-Hisui, F|\n|poke|p1|Arceus-Fairy|\n|poke|p1|Iron Treads|\n|poke|p1|Giratina-Origin|\n|poke|p1|Palafin, M|\n|poke|p2|Miraidon|\n|poke|p2|Zacian-*|\n|poke|p2|Arceus-Psychic|\n|poke|p2|Basculegion, M|\n|poke|p2|Espathra, M|\n|poke|p2|Gliscor, M|\n|teampreview\n|inactive|Battle timer is ON: inactive players will automatically lose when time's up. (requested by superiax)\n|inactive|superiax has 120 seconds left.\n|inactive|superiax has 90 seconds left.\n|\n|t:|1700863530\n|start\n|switch|p1a: Free Willy|Kyogre, shiny|100\/100\n|switch|p2a: Gliscor|Gliscor, M, shiny|100\/100\n|-weather|RainDance|[from] ability: Drizzle|[of] p1a: Free Willy\n|turn|1\n|\n|t:|1700863538\n|move|p2a: Gliscor|Toxic|p1a: Free Willy\n|-status|p1a: Free Willy|tox\n|move|p1a: Free Willy|Calm Mind|p1a: Free Willy\n|-boost|p1a: Free Willy|spa|1\n|-boost|p1a: Free Willy|spd|1\n|\n|-weather|RainDance|[upkeep]\n|-damage|p1a: Free Willy|94\/100 tox|[from] psn\n|-status|p2a: Gliscor|tox|[from] item: Toxic Orb\n|upkeep\n|turn|2\n|\n|t:|1700863548\n|move|p2a: Gliscor|Toxic Spikes|p1a: Free Willy\n|-sidestart|p1: superiax|move: Toxic Spikes\n|move|p1a: Free Willy|Ice Beam|p2a: Gliscor\n|-supereffective|p2a: Gliscor\n|-damage|p2a: Gliscor|0 fnt\n|faint|p2a: Gliscor\n|\n|-weather|RainDance|[upkeep]\n|-damage|p1a: Free Willy|82\/100 tox|[from] psn\n|upkeep\n|\n|t:|1700863564\n|switch|p2a: Miraidon|Miraidon|100\/100\n|-fieldstart|move: Electric Terrain|[from] ability: Hadron Engine|[of] p2a: Miraidon\n|turn|3\n|\n|t:|1700863572\n|switch|p1a: Dumbo|Iron Treads|100\/100\n|-activate|p1a: Dumbo|ability: Quark Drive\n|-start|p1a: Dumbo|quarkdrivespd\n|-terastallize|p2a: Miraidon|Steel\n|move|p2a: Miraidon|Electro Drift|p1a: Dumbo\n|-immune|p1a: Dumbo\n|\n|-weather|RainDance|[upkeep]\n|upkeep\n|turn|4\n|\n|t:|1700863586\n|move|p2a: Miraidon|Dragon Pulse|p1a: Dumbo\n|-resisted|p1a: Dumbo\n|-damage|p1a: Dumbo|81\/100\n|move|p1a: Dumbo|Stealth Rock|p2a: Miraidon\n|-sidestart|p2: PSrandomname|move: Stealth Rock\n|\n|-weather|RainDance|[upkeep]\n|-heal|p1a: Dumbo|87\/100|[from] item: Leftovers\n|upkeep\n|turn|5\n|\n|t:|1700863604\n|switch|p2a: Arceus|Arceus-Psychic|100\/100\n|-damage|p2a: Arceus|88\/100|[from] Stealth Rock\n|move|p1a: Dumbo|Knock Off|p2a: Arceus\n|-supereffective|p2a: Arceus\n|-damage|p2a: Arceus|60\/100\n|\n|-weather|RainDance|[upkeep]\n|-heal|p1a: Dumbo|93\/100|[from] item: Leftovers\n|upkeep\n|turn|6\n|\n|t:|1700863618\n|move|p2a: Arceus|Flamethrower|p1a: Dumbo\n|-supereffective|p1a: Dumbo\n|-damage|p1a: Dumbo|74\/100\n|move|p1a: Dumbo|Rapid Spin|p2a: Arceus\n|-damage|p2a: Arceus|50\/100\n|-boost|p1a: Dumbo|spe|1\n|-sideend|p1: superiax|Toxic Spikes|[from] move: Rapid Spin|[of] p1a: Dumbo\n|\n|-weather|RainDance|[upkeep]\n|-heal|p1a: Dumbo|80\/100|[from] item: Leftovers\n|upkeep\n|turn|7\n|\n|t:|1700863633\n|move|p1a: Dumbo|Knock Off|p2a: Arceus\n|-supereffective|p2a: Arceus\n|-damage|p2a: Arceus|25\/100\n|move|p2a: Arceus|Aura Sphere|p1a: Dumbo\n|-supereffective|p1a: Dumbo\n|-damage|p1a: Dumbo|48\/100\n|\n|-weather|RainDance|[upkeep]\n|-heal|p1a: Dumbo|54\/100|[from] item: Leftovers\n|-fieldend|move: Electric Terrain\n|-end|p1a: Dumbo|Quark Drive\n|upkeep\n|turn|8\n|\n|t:|1700863645\n|move|p1a: Dumbo|Knock Off|p2a: Arceus\n|-supereffective|p2a: Arceus\n|-damage|p2a: Arceus|0 fnt\n|faint|p2a: Arceus\n|\n|-weather|none\n|-heal|p1a: Dumbo|60\/100|[from] item: Leftovers\n|upkeep\n|\n|t:|1700863656\n|switch|p2a: Espathra|Espathra, M|100\/100\n|-damage|p2a: Espathra|88\/100|[from] Stealth Rock\n|turn|9\n|\n|t:|1700863664\n|move|p1a: Dumbo|Knock Off|p2a: Espathra\n|-supereffective|p2a: Espathra\n|-crit|p2a: Espathra\n|-damage|p2a: Espathra|0 fnt\n|-enditem|p2a: Espathra|Lum Berry|[from] move: Knock Off|[of] p1a: Dumbo\n|faint|p2a: Espathra\n|\n|-heal|p1a: Dumbo|66\/100|[from] item: Leftovers\n|upkeep\n|-message|PSrandomname forfeited.\n|\n|win|superiax\n|raw|superiax's rating: 1183 &rarr; <strong>1205<\/strong><br \/>(+22 for winning)\n|raw|PSrandomname's rating: 1146 &rarr; <strong>1124<\/strong><br \/>(-22 for losing)\n|l|\u2606PSrandomname\n","uploadtime":1700863675,"views":1,"p1id":"superiax","p2id":"psrandomname","formatid":"gen9ubers","rating":1124,"private":0,"password":""}