{"id":"gen9ubers-1994327698","p1":"Damien Leruss","p2":"PokeFAC","format":"[Gen 9] Ubers","log":"|j|\u2606Damien Leruss\n|j|\u2606PokeFAC\n|t:|1700431537\n|gametype|singles\n|player|p1|Damien Leruss|shauntal|\n|player|p2|PokeFAC|gambler|\n|teamsize|p1|6\n|teamsize|p2|6\n|gen|9\n|tier|[Gen 9] Ubers\n|rule|Sleep Clause Mod: Limit one foe put to sleep\n|rule|Species Clause: Limit one of each Pok\u00e9mon\n|rule|OHKO Clause: OHKO moves are banned\n|rule|Evasion Items Clause: Evasion items are banned\n|rule|Evasion Moves Clause: Evasion moves are banned\n|rule|Endless Battle Clause: Forcing endless battles is banned\n|rule|HP Percentage Mod: HP is shown in percentages\n|clearpoke\n|poke|p1|Dragapult, M|\n|poke|p1|Bellibolt, F|\n|poke|p1|Toxicroak, F|\n|poke|p1|Dunsparce, F|\n|poke|p1|Klefki, M|\n|poke|p1|Arboliva, M|\n|poke|p2|Greninja-*, M|\n|poke|p2|Goodra-Hisui, F|\n|poke|p2|Revavroom, M|\n|poke|p2|Sandaconda, F|\n|poke|p2|Scream Tail|\n|poke|p2|Altaria, F|\n|teampreview\n|j| RujandoruX\n|j| screencheaters\n|j| spookydepot\n|inactive|Battle timer is ON: inactive players will automatically lose when time's up. (requested by Damien Leruss)\n|c| spookydepot|balls\n|c|\u2606PokeFAC|gl hf\n|c| spookydepot|type shit\n|c| screencheaters|jaws\n|j| Underrated Battler\n|c| RujandoruX|first game of the season!!\n|c| spookydepot|gl have nuts haha\n|\n|t:|1700431577\n|start\n|switch|p1a: Fung Shu|Toxicroak, F|100\/100\n|switch|p2a: Breaker Gorgon|Sandaconda, F, shiny|100\/100\n|turn|1\n|c| Underrated Battler|they chose Ubers\n|\n|t:|1700431587\n|move|p1a: Fung Shu|Nasty Plot|p1a: Fung Shu\n|-boost|p1a: Fung Shu|spa|2\n|move|p2a: Breaker Gorgon|Glare|p1a: Fung Shu\n|-status|p1a: Fung Shu|par\n|\n|upkeep\n|turn|2\n|c| spookydepot|uber to my bitch\n|\n|t:|1700431601\n|switch|p2a: Hyaku-Dan|Revavroom, M|100\/100\n|-terastallize|p1a: Fung Shu|Dark\n|move|p1a: Fung Shu|Dark Pulse|p2a: Hyaku-Dan\n|-damage|p2a: Hyaku-Dan|0 fnt\n|faint|p2a: Hyaku-Dan\n|-damage|p1a: Fung Shu|91\/100 par|[from] item: Life Orb\n|\n|upkeep\n|c|\u2606PokeFAC|I see\n|\n|t:|1700431613\n|switch|p2a: Rho Aias|Goodra-Hisui, F|100\/100\n|turn|3\n|\n|t:|1700431616\n|move|p2a: Rho Aias|Thunderbolt|p1a: Fung Shu\n|-damage|p1a: Fung Shu|54\/100 par\n|move|p1a: Fung Shu|Focus Blast|p2a: Rho Aias|[miss]\n|-miss|p1a: Fung Shu|p2a: Rho Aias\n|\n|upkeep\n|turn|4\n|c| screencheaters|uber everywhere\n|\n|t:|1700431625\n|-terastallize|p2a: Rho Aias|Dragon\n|move|p2a: Rho Aias|Thunderbolt|p1a: Fung Shu\n|-damage|p1a: Fung Shu|16\/100 par\n|cant|p1a: Fung Shu|par\n|\n|upkeep\n|turn|5\n|\n|t:|1700431631\n|move|p2a: Rho Aias|Thunderbolt|p1a: Fung Shu\n|-damage|p1a: Fung Shu|0 fnt\n|faint|p1a: Fung Shu\n|\n|upkeep\n|\n|t:|1700431636\n|switch|p1a: Cassius|Bellibolt, F|100\/100\n|turn|6\n|\n|t:|1700431639\n|switch|p2a: Balmung|Altaria, F|100\/100\n|-ability|p2a: Balmung|Cloud Nine\n|move|p1a: Cassius|Toxic|p2a: Balmung\n|-status|p2a: Balmung|tox\n|\n|-damage|p2a: Balmung|94\/100 tox|[from] psn\n|upkeep\n|turn|7\n|\n|t:|1700431650\n|switch|p1a: Dennis|Dunsparce, F|100\/100\n|move|p2a: Balmung|Fire Spin|p1a: Dennis|[miss]\n|-miss|p2a: Balmung|p1a: Dennis\n|\n|-damage|p2a: Balmung|82\/100 tox|[from] psn\n|upkeep\n|turn|8\n|c|\u2606PokeFAC|tisk\n|\n|t:|1700431658\n|switch|p2a: Breaker Gorgon|Sandaconda, F, shiny|100\/100\n|move|p1a: Dennis|Coil|p1a: Dennis\n|-boost|p1a: Dennis|atk|1\n|-boost|p1a: Dennis|def|1\n|-boost|p1a: Dennis|accuracy|1\n|\n|upkeep\n|turn|9\n|\n|t:|1700431665\n|move|p2a: Breaker Gorgon|Glare|p1a: Dennis\n|-status|p1a: Dennis|par\n|move|p1a: Dennis|Body Slam|p2a: Breaker Gorgon\n|-damage|p2a: Breaker Gorgon|80\/100\n|\n|-heal|p2a: Breaker Gorgon|86\/100|[from] item: Leftovers\n|upkeep\n|turn|10\n|\n|t:|1700431675\n|switch|p1a: Kaiju|Arboliva, M|100\/100\n|move|p2a: Breaker Gorgon|Body Press|p1a: Kaiju\n|-supereffective|p1a: Kaiju\n|-damage|p1a: Kaiju|38\/100\n|-fieldstart|move: Grassy Terrain|[from] ability: Seed Sower|[of] p1a: Kaiju\n|-enditem|p1a: Kaiju|Grassy Seed\n|-boost|p1a: Kaiju|def|1|[from] item: Grassy Seed\n|\n|-heal|p2a: Breaker Gorgon|92\/100|[from] Grassy Terrain\n|-heal|p2a: Breaker Gorgon|98\/100|[from] item: Leftovers\n|-heal|p1a: Kaiju|44\/100|[from] Grassy Terrain\n|upkeep\n|turn|11\n|\n|t:|1700431695\n|switch|p2a: Avalon|Scream Tail|100\/100\n|move|p1a: Kaiju|Strength Sap|p2a: Avalon\n|-unboost|p2a: Avalon|atk|1\n|-heal|p1a: Kaiju|77\/100\n|\n|-heal|p1a: Kaiju|84\/100|[from] Grassy Terrain\n|upkeep\n|turn|12\n|\n|t:|1700431704\n|move|p2a: Avalon|Thunder Wave|p1a: Kaiju\n|-status|p1a: Kaiju|par\n|cant|p1a: Kaiju|par\n|\n|-heal|p1a: Kaiju|90\/100 par|[from] Grassy Terrain\n|upkeep\n|turn|13\n|c|\u2606PokeFAC|I've sold already btw\n|\n|t:|1700431714\n|-end|p2a: Avalon|Protosynthesis|[silent]\n|switch|p2a: Balmung|Altaria, F|82\/100 tox\n|-ability|p2a: Balmung|Cloud Nine\n|move|p1a: Kaiju|Giga Drain|p2a: Balmung\n|-resisted|p2a: Balmung\n|-damage|p2a: Balmung|73\/100 tox\n|-heal|p1a: Kaiju|94\/100 par|[from] drain|[of] p2a: Balmung\n|\n|-heal|p1a: Kaiju|100\/100 par|[from] Grassy Terrain\n|-damage|p2a: Balmung|66\/100 tox|[from] psn\n|upkeep\n|turn|14\n|c|\u2606PokeFAC|like there's no coming back\n|\n|t:|1700431725\n|move|p2a: Balmung|Roost|p2a: Balmung\n|-heal|p2a: Balmung|100\/100 tox\n|-singleturn|p2a: Balmung|move: Roost\n|move|p1a: Kaiju|Hyper Voice|p2a: Balmung\n|-damage|p2a: Balmung|68\/100 tox\n|\n|-heal|p2a: Balmung|75\/100 tox|[from] Grassy Terrain\n|-damage|p2a: Balmung|62\/100 tox|[from] psn\n|-fieldend|move: Grassy Terrain\n|upkeep\n|turn|15\n|c| screencheaters|u gotta believe\n|\n|t:|1700431736\n|move|p2a: Balmung|Perish Song|p2a: Balmung\n|-start|p1a: Kaiju|perish3|[silent]\n|-start|p2a: Balmung|perish3|[silent]\n|-fieldactivate|move: Perish Song\n|move|p1a: Kaiju|Hyper Voice|p2a: Balmung\n|-damage|p2a: Balmung|29\/100 tox\n|\n|-damage|p2a: Balmung|10\/100 tox|[from] psn\n|-start|p2a: Balmung|perish3\n|-start|p1a: Kaiju|perish3\n|upkeep\n|turn|16\n|c| RujandoruX|theres no coming back but that doesnt mean you loses\n|\n|t:|1700431748\n|switch|p2a: Rho Aias|Goodra-Hisui, F, tera:Dragon|100\/100\n|move|p1a: Kaiju|Hyper Voice|p2a: Rho Aias\n|-damage|p2a: Rho Aias|77\/100\n|\n|-heal|p2a: Rho Aias|83\/100|[from] item: Leftovers\n|-start|p1a: Kaiju|perish2\n|upkeep\n|turn|17\n|\n|t:|1700431755\n|move|p2a: Rho Aias|Acid Armor|p2a: Rho Aias\n|-boost|p2a: Rho Aias|def|2\n|move|p1a: Kaiju|Strength Sap|p2a: Rho Aias\n|-unboost|p2a: Rho Aias|atk|1\n|\n|-heal|p2a: Rho Aias|89\/100|[from] item: Leftovers\n|-start|p1a: Kaiju|perish1\n|upkeep\n|turn|18\n|\n|t:|1700431765\n|move|p2a: Rho Aias|Ice Beam|p1a: Kaiju\n|-supereffective|p1a: Kaiju\n|-damage|p1a: Kaiju|61\/100 par\n|-fieldstart|move: Grassy Terrain|[from] ability: Seed Sower|[of] p1a: Kaiju\n|move|p1a: Kaiju|Hyper Voice|p2a: Rho Aias\n|-damage|p2a: Rho Aias|63\/100\n|\n|-heal|p2a: Rho Aias|69\/100|[from] Grassy Terrain\n|-heal|p2a: Rho Aias|75\/100|[from] item: Leftovers\n|-heal|p1a: Kaiju|67\/100 par|[from] Grassy Terrain\n|-start|p1a: Kaiju|perish0\n|faint|p1a: Kaiju\n|upkeep\n|\n|t:|1700431772\n|switch|p1a: Jingle Jangle|Klefki, M|100\/100\n|turn|19\n|\n|t:|1700431779\n|move|p1a: Jingle Jangle|Thunder Wave|p2a: Rho Aias\n|-status|p2a: Rho Aias|par\n|move|p2a: Rho Aias|Thunderbolt|p1a: Jingle Jangle\n|-damage|p1a: Jingle Jangle|71\/100\n|-status|p1a: Jingle Jangle|par\n|\n|-heal|p1a: Jingle Jangle|77\/100 par|[from] Grassy Terrain\n|-heal|p2a: Rho Aias|81\/100 par|[from] Grassy Terrain\n|-heal|p2a: Rho Aias|87\/100 par|[from] item: Leftovers\n|upkeep\n|turn|20\n|\n|t:|1700431790\n|switch|p2a: Breaker Gorgon|Sandaconda, F, shiny|98\/100\n|move|p1a: Jingle Jangle|Light Screen|p1a: Jingle Jangle\n|-sidestart|p1: Damien Leruss|move: Light Screen\n|\n|-heal|p2a: Breaker Gorgon|100\/100|[from] Grassy Terrain\n|-heal|p1a: Jingle Jangle|83\/100 par|[from] Grassy Terrain\n|upkeep\n|turn|21\n|\n|t:|1700431801\n|switch|p1a: Cassius|Bellibolt, F|100\/100\n|move|p2a: Breaker Gorgon|Stealth Rock|p1a: Cassius\n|-sidestart|p1: Damien Leruss|move: Stealth Rock\n|\n|upkeep\n|turn|22\n|\n|t:|1700431808\n|switch|p2a: Rho Aias|Goodra-Hisui, F, tera:Dragon|87\/100 par\n|move|p1a: Cassius|Toxic||[still]\n|-fail|p1a: Cassius\n|\n|-heal|p2a: Rho Aias|93\/100 par|[from] Grassy Terrain\n|-heal|p2a: Rho Aias|99\/100 par|[from] item: Leftovers\n|-fieldend|move: Grassy Terrain\n|upkeep\n|turn|23\n|\n|t:|1700431813\n|move|p1a: Cassius|Chilling Water|p2a: Rho Aias\n|-resisted|p2a: Rho Aias\n|-damage|p2a: Rho Aias|96\/100 par\n|-unboost|p2a: Rho Aias|atk|1\n|cant|p2a: Rho Aias|par\n|\n|-heal|p2a: Rho Aias|100\/100 par|[from] item: Leftovers\n|upkeep\n|turn|24\n|\n|t:|1700431826\n|switch|p1a: CPS|Dragapult, M|100\/100\n|-damage|p1a: CPS|88\/100|[from] Stealth Rock\n|move|p2a: Rho Aias|Acid Armor|p2a: Rho Aias\n|-boost|p2a: Rho Aias|def|2\n|\n|upkeep\n|turn|25\n|\n|t:|1700431834\n|move|p1a: CPS|Dragon Darts|p2a: Rho Aias\n|-supereffective|p2a: Rho Aias\n|-damage|p2a: Rho Aias|74\/100 par\n|-anim|p1a: CPS|Dragon Darts|p2a: Rho Aias\n|-supereffective|p2a: Rho Aias\n|-damage|p2a: Rho Aias|47\/100 par\n|move|p2a: Rho Aias|Ice Beam|p1a: CPS\n|-supereffective|p1a: CPS\n|-damage|p1a: CPS|60\/100\n|\n|-heal|p2a: Rho Aias|53\/100 par|[from] item: Leftovers\n|upkeep\n|turn|26\n|\n|t:|1700431851\n|switch|p2a: Avalon|Scream Tail|100\/100\n|move|p1a: CPS|Dragon Dance|p1a: CPS\n|-boost|p1a: CPS|atk|1\n|-boost|p1a: CPS|spe|1\n|\n|upkeep\n|turn|27\n|c| RujandoruX|peep the dragon dance\n|\n|t:|1700431864\n|move|p1a: CPS|Tera Blast|p2a: Avalon\n|-damage|p2a: Avalon|88\/100\n|move|p2a: Avalon|Thunder Wave|p1a: CPS\n|-status|p1a: CPS|par\n|\n|-sideend|p1: Damien Leruss|move: Light Screen\n|upkeep\n|turn|28\n|\n|t:|1700431874\n|-end|p2a: Avalon|Protosynthesis|[silent]\n|switch|p2a: Breaker Gorgon|Sandaconda, F, shiny|100\/100\n|cant|p1a: CPS|par\n|\n|upkeep\n|turn|29\n|\n|t:|1700431887\n|switch|p2a: Avalon|Scream Tail|88\/100\n|cant|p1a: CPS|par\n|\n|upkeep\n|turn|30\n|\n|t:|1700431891\n|move|p2a: Avalon|Psyshock|p1a: CPS\n|-damage|p1a: CPS|30\/100 par\n|move|p1a: CPS|Dragon Dance|p1a: CPS\n|-boost|p1a: CPS|atk|1\n|-boost|p1a: CPS|spe|1\n|\n|upkeep\n|turn|31\n|c|\u2606PokeFAC|should've just done this\n|\n|t:|1700431900\n|move|p1a: CPS|Sucker Punch|p2a: Avalon\n|-crit|p2a: Avalon\n|-damage|p2a: Avalon|28\/100\n|move|p2a: Avalon|Psyshock|p1a: CPS\n|-damage|p1a: CPS|0 fnt\n|faint|p1a: CPS\n|\n|upkeep\n|\n|t:|1700431918\n|switch|p1a: Jingle Jangle|Klefki, M|83\/100 par\n|-damage|p1a: Jingle Jangle|77\/100 par|[from] Stealth Rock\n|turn|32\n|\n|t:|1700431924\n|move|p1a: Jingle Jangle|Reflect|p1a: Jingle Jangle\n|-sidestart|p1: Damien Leruss|Reflect\n|move|p2a: Avalon|Wish|p2a: Avalon\n|\n|upkeep\n|turn|33\n|\n|t:|1700431929\n|move|p2a: Avalon|Protect|p2a: Avalon\n|-singleturn|p2a: Avalon|Protect\n|cant|p1a: Jingle Jangle|par\n|\n|-heal|p2a: Avalon|78\/100|[from] move: Wish|[wisher] Avalon\n|upkeep\n|turn|34\n|\n|t:|1700431932\n|cant|p1a: Jingle Jangle|par\n|move|p2a: Avalon|Wish|p2a: Avalon\n|\n|upkeep\n|turn|35\n|\n|t:|1700431936\n|-end|p2a: Avalon|Protosynthesis|[silent]\n|switch|p2a: Rho Aias|Goodra-Hisui, F, tera:Dragon|53\/100 par\n|move|p1a: Jingle Jangle|Dazzling Gleam|p2a: Rho Aias\n|-supereffective|p2a: Rho Aias\n|-damage|p2a: Rho Aias|29\/100 par\n|\n|-heal|p2a: Rho Aias|88\/100 par|[from] move: Wish|[wisher] Avalon\n|-heal|p2a: Rho Aias|94\/100 par|[from] item: Leftovers\n|upkeep\n|turn|36\n|\n|t:|1700431943\n|cant|p1a: Jingle Jangle|par\n|move|p2a: Rho Aias|Acid Armor|p2a: Rho Aias\n|-boost|p2a: Rho Aias|def|2\n|\n|-heal|p2a: Rho Aias|99\/100 par|[from] item: Leftovers\n|upkeep\n|turn|37\n|\n|t:|1700431946\n|move|p1a: Jingle Jangle|Light Screen|p1a: Jingle Jangle\n|-sidestart|p1: Damien Leruss|move: Light Screen\n|move|p2a: Rho Aias|Acid Armor|p2a: Rho Aias\n|-boost|p2a: Rho Aias|def|2\n|\n|-heal|p2a: Rho Aias|100\/100 par|[from] item: Leftovers\n|upkeep\n|turn|38\n|\n|t:|1700431955\n|move|p1a: Jingle Jangle|Dazzling Gleam|p2a: Rho Aias\n|-supereffective|p2a: Rho Aias\n|-damage|p2a: Rho Aias|79\/100 par\n|cant|p2a: Rho Aias|par\n|\n|-heal|p2a: Rho Aias|85\/100 par|[from] item: Leftovers\n|upkeep\n|turn|39\n|c| RujandoruX|gg\n|\n|t:|1700431962\n|move|p1a: Jingle Jangle|Dazzling Gleam|p2a: Rho Aias\n|-supereffective|p2a: Rho Aias\n|-damage|p2a: Rho Aias|59\/100 par\n|move|p2a: Rho Aias|Thunderbolt|p1a: Jingle Jangle\n|-damage|p1a: Jingle Jangle|63\/100 par\n|\n|-heal|p2a: Rho Aias|65\/100 par|[from] item: Leftovers\n|-sideend|p1: Damien Leruss|Reflect\n|upkeep\n|turn|40\n|\n|t:|1700431965\n|move|p1a: Jingle Jangle|Dazzling Gleam|p2a: Rho Aias\n|-supereffective|p2a: Rho Aias\n|-damage|p2a: Rho Aias|43\/100 par\n|move|p2a: Rho Aias|Life Dew|p2a: Rho Aias\n|-heal|p2a: Rho Aias|68\/100 par\n|\n|-heal|p2a: Rho Aias|74\/100 par|[from] item: Leftovers\n|upkeep\n|turn|41\n|\n|t:|1700431969\n|cant|p1a: Jingle Jangle|par\n|move|p2a: Rho Aias|Thunderbolt|p1a: Jingle Jangle\n|-damage|p1a: Jingle Jangle|50\/100 par\n|\n|-heal|p2a: Rho Aias|80\/100 par|[from] item: Leftovers\n|upkeep\n|turn|42\n|c| RujandoruX|hol on\n|\n|t:|1700431976\n|switch|p2a: Avalon|Scream Tail|78\/100\n|move|p1a: Jingle Jangle|Dazzling Gleam|p2a: Avalon\n|-damage|p2a: Avalon|61\/100\n|\n|upkeep\n|turn|43\n|\n|t:|1700431981\n|move|p1a: Jingle Jangle|Thunder Wave|p2a: Avalon\n|-status|p2a: Avalon|par\n|move|p2a: Avalon|Wish|p2a: Avalon\n|\n|upkeep\n|turn|44\n|c| RujandoruX|this is the belli klef dun core\n|\n|t:|1700431992\n|-end|p2a: Avalon|Protosynthesis|[silent]\n|switch|p2a: Gate of Babylon|Greninja, M|100\/100\n|cant|p1a: Jingle Jangle|par\n|\n|-sideend|p1: Damien Leruss|move: Light Screen\n|upkeep\n|turn|45\n|c|\u2606Damien Leruss|No\n|\n|t:|1700432002\n|move|p1a: Jingle Jangle|Reflect|p1a: Jingle Jangle\n|-sidestart|p1: Damien Leruss|Reflect\n|move|p2a: Gate of Babylon|Surf|p1a: Jingle Jangle\n|-start|p2a: Gate of Babylon|typechange|Water|[from] ability: Protean\n|-damage|p1a: Jingle Jangle|0 fnt\n|faint|p1a: Jingle Jangle\n|\n|upkeep\n|c|\u2606Damien Leruss|Cause he can just heal through it all\n|\n|t:|1700432018\n|switch|p1a: Cassius|Bellibolt, F|100\/100\n|-damage|p1a: Cassius|88\/100|[from] Stealth Rock\n|turn|46\n|\n|t:|1700432032\n|switch|p2a: Rho Aias|Goodra-Hisui, F, tera:Dragon|80\/100 par\n|move|p1a: Cassius|Parabolic Charge|p2a: Rho Aias\n|-resisted|p2a: Rho Aias\n|-damage|p2a: Rho Aias|74\/100 par\n|-heal|p1a: Cassius|91\/100|[from] drain|[of] p2a: Rho Aias\n|\n|-heal|p2a: Rho Aias|80\/100 par|[from] item: Leftovers\n|upkeep\n|turn|47\n|\n|t:|1700432037\n|move|p1a: Cassius|Chilling Water|p2a: Rho Aias\n|-resisted|p2a: Rho Aias\n|-damage|p2a: Rho Aias|77\/100 par\n|-unboost|p2a: Rho Aias|atk|1\n|cant|p2a: Rho Aias|par\n|\n|-heal|p2a: Rho Aias|83\/100 par|[from] item: Leftovers\n|upkeep\n|turn|48\n|\n|t:|1700432041\n|switch|p1a: Dennis|Dunsparce, F|100\/100 par\n|-damage|p1a: Dennis|88\/100 par|[from] Stealth Rock\n|move|p2a: Rho Aias|Acid Armor|p2a: Rho Aias\n|-boost|p2a: Rho Aias|def|2\n|\n|-heal|p2a: Rho Aias|90\/100 par|[from] item: Leftovers\n|upkeep\n|turn|49\n|\n|t:|1700432045\n|move|p2a: Rho Aias|Acid Armor|p2a: Rho Aias\n|-boost|p2a: Rho Aias|def|2\n|move|p1a: Dennis|Coil|p1a: Dennis\n|-boost|p1a: Dennis|atk|1\n|-boost|p1a: Dennis|def|1\n|-boost|p1a: Dennis|accuracy|1\n|\n|-heal|p2a: Rho Aias|96\/100 par|[from] item: Leftovers\n|upkeep\n|turn|50\n|\n|t:|1700432053\n|move|p2a: Rho Aias|Thunderbolt|p1a: Dennis\n|-damage|p1a: Dennis|77\/100 par\n|cant|p1a: Dennis|par\n|\n|-heal|p2a: Rho Aias|100\/100 par|[from] item: Leftovers\n|upkeep\n|turn|51\n|\n|t:|1700432059\n|cant|p2a: Rho Aias|par\n|move|p1a: Dennis|Coil|p1a: Dennis\n|-boost|p1a: Dennis|atk|1\n|-boost|p1a: Dennis|def|1\n|-boost|p1a: Dennis|accuracy|1\n|\n|upkeep\n|turn|52\n|\n|t:|1700432066\n|cant|p2a: Rho Aias|par\n|cant|p1a: Dennis|par\n|\n|-sideend|p1: Damien Leruss|Reflect\n|upkeep\n|turn|53\n|\n|t:|1700432070\n|cant|p2a: Rho Aias|par\n|move|p1a: Dennis|Coil|p1a: Dennis\n|-boost|p1a: Dennis|atk|1\n|-boost|p1a: Dennis|def|1\n|-boost|p1a: Dennis|accuracy|1\n|\n|upkeep\n|turn|54\n|c|\u2606PokeFAC|incredible turn\n|c|\u2606Damien Leruss|The more things change, the more they stay the same\n|\n|t:|1700432085\n|move|p2a: Rho Aias|Acid Armor|p2a: Rho Aias\n|-boost|p2a: Rho Aias|def|2\n|move|p1a: Dennis|Coil|p1a: Dennis\n|-boost|p1a: Dennis|atk|1\n|-boost|p1a: Dennis|def|1\n|-boost|p1a: Dennis|accuracy|1\n|\n|upkeep\n|turn|55\n|c|\u2606PokeFAC|true\n|\n|t:|1700432092\n|move|p2a: Rho Aias|Thunderbolt|p1a: Dennis\n|-damage|p1a: Dennis|65\/100 par\n|move|p1a: Dennis|Roost|p1a: Dennis\n|-heal|p1a: Dennis|100\/100 par\n|-singleturn|p1a: Dennis|move: Roost\n|\n|upkeep\n|turn|56\n|\n|t:|1700432098\n|move|p2a: Rho Aias|Thunderbolt|p1a: Dennis\n|-damage|p1a: Dennis|89\/100 par\n|move|p1a: Dennis|Coil|p1a: Dennis\n|-boost|p1a: Dennis|atk|1\n|-boost|p1a: Dennis|def|1\n|-boost|p1a: Dennis|accuracy|1\n|\n|upkeep\n|turn|57\n|\n|t:|1700432104\n|move|p2a: Rho Aias|Thunderbolt|p1a: Dennis\n|-damage|p1a: Dennis|77\/100 par\n|move|p1a: Dennis|Coil|p1a: Dennis\n|-boost|p1a: Dennis|atk|1\n|-boost|p1a: Dennis|def|1\n|-boost|p1a: Dennis|accuracy|1\n|\n|upkeep\n|turn|58\n|\n|t:|1700432111\n|move|p2a: Rho Aias|Thunderbolt|p1a: Dennis\n|-damage|p1a: Dennis|65\/100 par\n|cant|p1a: Dennis|par\n|\n|upkeep\n|turn|59\n|\n|t:|1700432118\n|switch|p2a: Avalon|Scream Tail|61\/100 par\n|move|p1a: Dennis|Roost|p1a: Dennis\n|-heal|p1a: Dennis|100\/100 par\n|-singleturn|p1a: Dennis|move: Roost\n|\n|upkeep\n|turn|60\n|\n|t:|1700432128\n|move|p2a: Avalon|Wish|p2a: Avalon\n|move|p1a: Dennis|Body Slam|p2a: Avalon\n|-damage|p2a: Avalon|0 fnt\n|faint|p2a: Avalon\n|-end|p2a: Avalon|Protosynthesis|[silent]\n|\n|upkeep\n|\n|t:|1700432133\n|switch|p2a: Balmung|Altaria, F|10\/100 tox\n|-ability|p2a: Balmung|Cloud Nine\n|turn|61\n|\n|t:|1700432147\n|move|p2a: Balmung|Perish Song|p2a: Balmung\n|-start|p1a: Dennis|perish3|[silent]\n|-start|p2a: Balmung|perish3|[silent]\n|-fieldactivate|move: Perish Song\n|move|p1a: Dennis|Body Slam|p2a: Balmung\n|-damage|p2a: Balmung|0 fnt\n|faint|p2a: Balmung\n|\n|-start|p1a: Dennis|perish3\n|upkeep\n|\n|t:|1700432155\n|switch|p2a: Rho Aias|Goodra-Hisui, F, tera:Dragon|100\/100 par\n|turn|62\n|\n|t:|1700432162\n|switch|p1a: Cassius|Bellibolt, F|91\/100\n|-damage|p1a: Cassius|78\/100|[from] Stealth Rock\n|move|p2a: Rho Aias|Acid Armor|p2a: Rho Aias\n|-boost|p2a: Rho Aias|def|2\n|\n|upkeep\n|turn|63\n|\n|t:|1700432170\n|switch|p1a: Dennis|Dunsparce, F|100\/100 par\n|-damage|p1a: Dennis|88\/100 par|[from] Stealth Rock\n|move|p2a: Rho Aias|Ice Beam|p1a: Dennis\n|-damage|p1a: Dennis|76\/100 par\n|\n|upkeep\n|turn|64\n|\n|t:|1700432175\n|move|p2a: Rho Aias|Acid Armor|p2a: Rho Aias\n|-boost|p2a: Rho Aias|def|2\n|move|p1a: Dennis|Coil|p1a: Dennis\n|-boost|p1a: Dennis|atk|1\n|-boost|p1a: Dennis|def|1\n|-boost|p1a: Dennis|accuracy|1\n|\n|upkeep\n|turn|65\n|\n|t:|1700432182\n|move|p2a: Rho Aias|Acid Armor|p2a: Rho Aias\n|-boost|p2a: Rho Aias|def|2\n|cant|p1a: Dennis|par\n|\n|upkeep\n|turn|66\n|c| Underrated Battler|did you guys know\n|\n|t:|1700432188\n|move|p2a: Rho Aias|Thunderbolt|p1a: Dennis\n|-damage|p1a: Dennis|63\/100 par\n|move|p1a: Dennis|Roost|p1a: Dennis\n|-heal|p1a: Dennis|100\/100 par\n|-singleturn|p1a: Dennis|move: Roost\n|\n|upkeep\n|turn|67\n|c| Underrated Battler|we're on turn 66\n|c| RujandoruX|Yall are both getting an earful\n|c|\u2606PokeFAC|yeah\n|\n|t:|1700432195\n|cant|p2a: Rho Aias|par\n|move|p1a: Dennis|Coil|p1a: Dennis\n|-boost|p1a: Dennis|atk|1\n|-boost|p1a: Dennis|def|1\n|-boost|p1a: Dennis|accuracy|1\n|\n|upkeep\n|turn|68\n|c|\u2606PokeFAC|lol\n|\n|t:|1700432201\n|cant|p2a: Rho Aias|par\n|move|p1a: Dennis|Coil|p1a: Dennis\n|-boost|p1a: Dennis|atk|1\n|-boost|p1a: Dennis|def|1\n|-boost|p1a: Dennis|accuracy|1\n|\n|upkeep\n|turn|69\n|c| RujandoruX|This is some of the worst play i have ever witnessed\n|c| Underrated Battler|we have slurs lined up\n|c|\u2606PokeFAC|very unfortunate paras\n|\n|t:|1700432207\n|cant|p2a: Rho Aias|par\n|move|p1a: Dennis|Coil|p1a: Dennis\n|-boost|p1a: Dennis|atk|1\n|-boost|p1a: Dennis|def|1\n|-boost|p1a: Dennis|accuracy|1\n|\n|upkeep\n|turn|70\n|\n|t:|1700432213\n|move|p2a: Rho Aias|Thunderbolt|p1a: Dennis\n|-crit|p1a: Dennis\n|-damage|p1a: Dennis|81\/100 par\n|move|p1a: Dennis|Coil|p1a: Dennis\n|-boost|p1a: Dennis|atk|1\n|-boost|p1a: Dennis|def|1\n|-boost|p1a: Dennis|accuracy|1\n|\n|upkeep\n|turn|71\n|c|\u2606PokeFAC|he's not waking up\n|\n|t:|1700432219\n|move|p2a: Rho Aias|Thunderbolt|p1a: Dennis\n|-damage|p1a: Dennis|70\/100 par\n|move|p1a: Dennis|Coil|p1a: Dennis\n|-boost|p1a: Dennis|atk|1\n|-boost|p1a: Dennis|def|1\n|-boost|p1a: Dennis|accuracy|1\n|\n|upkeep\n|turn|72\n|\n|t:|1700432225\n|move|p2a: Rho Aias|Thunderbolt|p1a: Dennis\n|-damage|p1a: Dennis|58\/100 par\n|move|p1a: Dennis|Roost|p1a: Dennis\n|-heal|p1a: Dennis|100\/100 par\n|-singleturn|p1a: Dennis|move: Roost\n|\n|upkeep\n|turn|73\n|\n|t:|1700432231\n|move|p2a: Rho Aias|Ice Beam|p1a: Dennis\n|-damage|p1a: Dennis|88\/100 par\n|move|p1a: Dennis|Drill Run|p2a: Rho Aias\n|-damage|p2a: Rho Aias|88\/100 par\n|\n|-heal|p2a: Rho Aias|94\/100 par|[from] item: Leftovers\n|upkeep\n|turn|74\n|\n|t:|1700432238\n|move|p2a: Rho Aias|Ice Beam|p1a: Dennis\n|-damage|p1a: Dennis|77\/100 par\n|move|p1a: Dennis|Body Slam|p2a: Rho Aias\n|-damage|p2a: Rho Aias|72\/100 par\n|\n|-heal|p2a: Rho Aias|78\/100 par|[from] item: Leftovers\n|upkeep\n|turn|75\n|c| screencheaters|when we get to 80 turns i dont wanna hear no complaints about my games\n|\n|t:|1700432245\n|move|p2a: Rho Aias|Ice Beam|p1a: Dennis\n|-damage|p1a: Dennis|65\/100 par\n|move|p1a: Dennis|Body Slam|p2a: Rho Aias\n|-damage|p2a: Rho Aias|59\/100 par\n|\n|-heal|p2a: Rho Aias|65\/100 par|[from] item: Leftovers\n|upkeep\n|turn|76\n|c| Underrated Battler|bet\n|c|\u2606PokeFAC|listen\n|c|\u2606PokeFAC|I was on your side gallo\n|\n|t:|1700432254\n|move|p2a: Rho Aias|Life Dew|p2a: Rho Aias\n|-heal|p2a: Rho Aias|90\/100 par\n|move|p1a: Dennis|Roost|p1a: Dennis\n|-heal|p1a: Dennis|100\/100 par\n|-singleturn|p1a: Dennis|move: Roost\n|\n|-heal|p2a: Rho Aias|96\/100 par|[from] item: Leftovers\n|upkeep\n|turn|77\n|\n|t:|1700432261\n|cant|p2a: Rho Aias|par\n|cant|p1a: Dennis|par\n|\n|-heal|p2a: Rho Aias|100\/100 par|[from] item: Leftovers\n|upkeep\n|turn|78\n|c| screencheaters|i know its for the others\n|c|\u2606PokeFAC|that match was both our earfuls\n|\n|t:|1700432267\n|move|p2a: Rho Aias|Ice Beam|p1a: Dennis\n|-damage|p1a: Dennis|88\/100 par\n|move|p1a: Dennis|Body Slam|p2a: Rho Aias\n|-damage|p2a: Rho Aias|80\/100 par\n|\n|-heal|p2a: Rho Aias|86\/100 par|[from] item: Leftovers\n|upkeep\n|turn|79\n|c| Underrated Battler|my tummy rumbling rn\n|c|\u2606Damien Leruss|Go eat\n|\n|t:|1700432276\n|cant|p2a: Rho Aias|par\n|move|p1a: Dennis|Body Slam|p2a: Rho Aias\n|-damage|p2a: Rho Aias|65\/100 par\n|\n|-heal|p2a: Rho Aias|71\/100 par|[from] item: Leftovers\n|upkeep\n|turn|80\n|c| Underrated Battler|nah i ate\n|\n|t:|1700432283\n|move|p2a: Rho Aias|Life Dew|p2a: Rho Aias\n|-heal|p2a: Rho Aias|96\/100 par\n|cant|p1a: Dennis|par\n|\n|-heal|p2a: Rho Aias|100\/100 par|[from] item: Leftovers\n|upkeep\n|turn|81\n|c| Underrated Battler|I'm sick rn\n|c|\u2606PokeFAC|lmao\n|\n|t:|1700432290\n|cant|p2a: Rho Aias|par\n|move|p1a: Dennis|Body Slam|p2a: Rho Aias\n|-damage|p2a: Rho Aias|79\/100 par\n|\n|-heal|p2a: Rho Aias|85\/100 par|[from] item: Leftovers\n|upkeep\n|turn|82\n|\n|t:|1700432296\n|cant|p2a: Rho Aias|par\n|cant|p1a: Dennis|par\n|\n|-heal|p2a: Rho Aias|91\/100 par|[from] item: Leftovers\n|upkeep\n|turn|83\n|c|\u2606PokeFAC|can I undeafen?\n|c|\u2606Damien Leruss|Lol\n|c|\u2606PokeFAC|idk if there's any point to being deafened we both know what's gonna happen\n|\n|t:|1700432309\n|cant|p2a: Rho Aias|par\n|cant|p1a: Dennis|par\n|\n|-heal|p2a: Rho Aias|97\/100 par|[from] item: Leftovers\n|upkeep\n|turn|84\n|\n|t:|1700432315\n|move|p2a: Rho Aias|Thunderbolt|p1a: Dennis\n|-damage|p1a: Dennis|75\/100 par\n|move|p1a: Dennis|Body Slam|p2a: Rho Aias\n|-damage|p2a: Rho Aias|75\/100 par\n|\n|-heal|p2a: Rho Aias|81\/100 par|[from] item: Leftovers\n|upkeep\n|turn|85\n|c|\u2606PokeFAC|like we know each other's moves\n|\n|t:|1700432329\n|move|p2a: Rho Aias|Ice Beam|p1a: Dennis\n|-damage|p1a: Dennis|64\/100 par\n|move|p1a: Dennis|Body Slam|p2a: Rho Aias\n|-damage|p2a: Rho Aias|62\/100 par\n|\n|-heal|p2a: Rho Aias|68\/100 par|[from] item: Leftovers\n|upkeep\n|turn|86\n|c|\u2606Damien Leruss|True\n|\n|t:|1700432337\n|move|p2a: Rho Aias|Life Dew|p2a: Rho Aias\n|-heal|p2a: Rho Aias|93\/100 par\n|move|p1a: Dennis|Roost|p1a: Dennis\n|-heal|p1a: Dennis|100\/100 par\n|-singleturn|p1a: Dennis|move: Roost\n|\n|-heal|p2a: Rho Aias|99\/100 par|[from] item: Leftovers\n|upkeep\n|turn|87\n|\n|t:|1700432344\n|move|p2a: Rho Aias|Thunderbolt|p1a: Dennis\n|-damage|p1a: Dennis|88\/100 par\n|move|p1a: Dennis|Body Slam|p2a: Rho Aias\n|-damage|p2a: Rho Aias|76\/100 par\n|\n|-heal|p2a: Rho Aias|82\/100 par|[from] item: Leftovers\n|upkeep\n|turn|88\n|c|\u2606Damien Leruss|We're gonna break 100\n|\n|t:|1700432354\n|cant|p2a: Rho Aias|par\n|move|p1a: Dennis|Body Slam|p2a: Rho Aias\n|-damage|p2a: Rho Aias|61\/100 par\n|\n|-heal|p2a: Rho Aias|67\/100 par|[from] item: Leftovers\n|upkeep\n|turn|89\n|c|\u2606PokeFAC|I'm sorry in advance kahri\n|\n|t:|1700432366\n|move|p2a: Rho Aias|Life Dew|p2a: Rho Aias\n|-heal|p2a: Rho Aias|92\/100 par\n|move|p1a: Dennis|Body Slam|p2a: Rho Aias\n|-damage|p2a: Rho Aias|72\/100 par\n|\n|-heal|p2a: Rho Aias|78\/100 par|[from] item: Leftovers\n|upkeep\n|turn|90\n|c|\u2606Damien Leruss|Lord bless his soul\n|\n|t:|1700432374\n|move|p2a: Rho Aias|Thunderbolt|p1a: Dennis\n|-damage|p1a: Dennis|76\/100 par\n|move|p1a: Dennis|Drill Run|p2a: Rho Aias\n|-damage|p2a: Rho Aias|65\/100 par\n|\n|-heal|p2a: Rho Aias|71\/100 par|[from] item: Leftovers\n|upkeep\n|turn|91\n|\n|t:|1700432381\n|cant|p2a: Rho Aias|par\n|move|p1a: Dennis|Drill Run|p2a: Rho Aias\n|-damage|p2a: Rho Aias|57\/100 par\n|\n|-heal|p2a: Rho Aias|63\/100 par|[from] item: Leftovers\n|upkeep\n|turn|92\n|\n|t:|1700432387\n|move|p2a: Rho Aias|Life Dew|p2a: Rho Aias\n|-heal|p2a: Rho Aias|88\/100 par\n|move|p1a: Dennis|Drill Run|p2a: Rho Aias\n|-damage|p2a: Rho Aias|75\/100 par\n|\n|-heal|p2a: Rho Aias|81\/100 par|[from] item: Leftovers\n|upkeep\n|turn|93\n|\n|t:|1700432395\n|cant|p2a: Rho Aias|par\n|move|p1a: Dennis|Drill Run|p2a: Rho Aias\n|-damage|p2a: Rho Aias|67\/100 par\n|\n|-heal|p2a: Rho Aias|73\/100 par|[from] item: Leftovers\n|upkeep\n|turn|94\n|\n|t:|1700432401\n|move|p2a: Rho Aias|Thunderbolt|p1a: Dennis\n|-damage|p1a: Dennis|64\/100 par\n|cant|p1a: Dennis|par\n|\n|-heal|p2a: Rho Aias|79\/100 par|[from] item: Leftovers\n|upkeep\n|turn|95\n|\n|t:|1700432407\n|move|p2a: Rho Aias|Life Dew|p2a: Rho Aias\n|-heal|p2a: Rho Aias|100\/100 par\n|cant|p1a: Dennis|par\n|\n|upkeep\n|turn|96\n|\n|t:|1700432413\n|cant|p2a: Rho Aias|par\n|move|p1a: Dennis|Drill Run|p2a: Rho Aias\n|-damage|p2a: Rho Aias|87\/100 par\n|\n|-heal|p2a: Rho Aias|93\/100 par|[from] item: Leftovers\n|upkeep\n|turn|97\n|c| screencheaters|throwing digital tomatoes rn\n|c| RujandoruX|Im sick\n|\n|t:|1700432420\n|move|p2a: Rho Aias|Ice Beam|p1a: Dennis\n|-damage|p1a: Dennis|52\/100 par\n|move|p1a: Dennis|Drill Run|p2a: Rho Aias\n|-damage|p2a: Rho Aias|81\/100 par\n|\n|-heal|p2a: Rho Aias|87\/100 par|[from] item: Leftovers\n|upkeep\n|turn|98\n|c|\u2606PokeFAC|I'm sorry guys\n|\n|t:|1700432429\n|move|p2a: Rho Aias|Acid Armor|p2a: Rho Aias\n|-boost|p2a: Rho Aias|def|0\n|move|p1a: Dennis|Roost|p1a: Dennis\n|-heal|p1a: Dennis|100\/100 par\n|-singleturn|p1a: Dennis|move: Roost\n|\n|-heal|p2a: Rho Aias|93\/100 par|[from] item: Leftovers\n|upkeep\n|turn|99\n|\n|t:|1700432437\n|move|p2a: Rho Aias|Thunderbolt|p1a: Dennis\n|-damage|p1a: Dennis|89\/100 par\n|move|p1a: Dennis|Drill Run|p2a: Rho Aias\n|-damage|p2a: Rho Aias|80\/100 par\n|\n|-heal|p2a: Rho Aias|86\/100 par|[from] item: Leftovers\n|upkeep\n|turn|100\n|c| Underrated Battler|this is a battle of attrition\n|c|\u2606PokeFAC|yes\n|\n|t:|1700432450\n|move|p2a: Rho Aias|Thunderbolt|p1a: Dennis\n|-damage|p1a: Dennis|78\/100 par\n|move|p1a: Dennis|Drill Run|p2a: Rho Aias\n|-damage|p2a: Rho Aias|74\/100 par\n|\n|-heal|p2a: Rho Aias|80\/100 par|[from] item: Leftovers\n|upkeep\n|turn|101\n|\n|t:|1700432457\n|move|p2a: Rho Aias|Thunderbolt|p1a: Dennis\n|-damage|p1a: Dennis|66\/100 par\n|cant|p1a: Dennis|par\n|\n|-heal|p2a: Rho Aias|86\/100 par|[from] item: Leftovers\n|upkeep\n|turn|102\n|\n|t:|1700432467\n|move|p2a: Rho Aias|Ice Beam|p1a: Dennis\n|-damage|p1a: Dennis|54\/100 par\n|cant|p1a: Dennis|par\n|\n|-heal|p2a: Rho Aias|92\/100 par|[from] item: Leftovers\n|upkeep\n|turn|103\n|\n|t:|1700432476\n|cant|p2a: Rho Aias|par\n|move|p1a: Dennis|Roost|p1a: Dennis\n|-heal|p1a: Dennis|100\/100 par\n|-singleturn|p1a: Dennis|move: Roost\n|\n|-heal|p2a: Rho Aias|98\/100 par|[from] item: Leftovers\n|upkeep\n|turn|104\n|c|\u2606Damien Leruss|Well I'm out of roose\n|\n|t:|1700432486\n|switch|p2a: Breaker Gorgon|Sandaconda, F, shiny|100\/100\n|move|p1a: Dennis|Drill Run|p2a: Breaker Gorgon\n|-damage|p2a: Breaker Gorgon|69\/100\n|\n|-heal|p2a: Breaker Gorgon|75\/100|[from] item: Leftovers\n|upkeep\n|turn|105\n|\n|t:|1700432493\n|move|p2a: Breaker Gorgon|Body Press|p1a: Dennis\n|-supereffective|p1a: Dennis\n|-damage|p1a: Dennis|88\/100 par\n|move|p1a: Dennis|Body Slam|p2a: Breaker Gorgon\n|-crit|p2a: Breaker Gorgon\n|-damage|p2a: Breaker Gorgon|0 fnt\n|faint|p2a: Breaker Gorgon\n|\n|upkeep\n|c|\u2606PokeFAC|annoying crit\n|\n|t:|1700432503\n|switch|p2a: Rho Aias|Goodra-Hisui, F, tera:Dragon|98\/100 par\n|turn|106\n|c|\u2606Damien Leruss|Bro where was that crit on Goodra when I needed it\n|\n|t:|1700432523\n|cant|p2a: Rho Aias|par\n|move|p1a: Dennis|Drill Run|p2a: Rho Aias\n|-damage|p2a: Rho Aias|44\/100 par\n|\n|-heal|p2a: Rho Aias|50\/100 par|[from] item: Leftovers\n|upkeep\n|turn|107\n|c|\u2606PokeFAC|I FUCKED UP LOL\n|\n|t:|1700432534\n|cant|p2a: Rho Aias|par\n|cant|p1a: Dennis|par\n|\n|-heal|p2a: Rho Aias|57\/100 par|[from] item: Leftovers\n|upkeep\n|turn|108\n|c| RujandoruX|bro why did he drill run\n|c| screencheaters|SAME TYPE attack boost\n|\n|t:|1700432540\n|move|p2a: Rho Aias|Acid Armor|p2a: Rho Aias\n|-boost|p2a: Rho Aias|def|2\n|cant|p1a: Dennis|par\n|\n|-heal|p2a: Rho Aias|63\/100 par|[from] item: Leftovers\n|upkeep\n|turn|109\n|c| Underrated Battler|I'm sick\n|\n|t:|1700432546\n|cant|p2a: Rho Aias|par\n|cant|p1a: Dennis|par\n|\n|-heal|p2a: Rho Aias|69\/100 par|[from] item: Leftovers\n|upkeep\n|turn|110\n|c|\u2606PokeFAC|HAHAHAHAHA\n|c|\u2606Damien Leruss|I FUCKED UP AS WELL\n|\n|t:|1700432553\n|cant|p2a: Rho Aias|par\n|cant|p1a: Dennis|par\n|\n|-heal|p2a: Rho Aias|75\/100 par|[from] item: Leftovers\n|upkeep\n|turn|111\n|c|\u2606PokeFAC|THE PARA\n|c|\u2606PokeFAC|HAAAAAAAAAHAHAHA\n|\n|t:|1700432558\n|move|p2a: Rho Aias|Acid Armor|p2a: Rho Aias\n|-boost|p2a: Rho Aias|def|2\n|move|p1a: Dennis|Body Slam|p2a: Rho Aias\n|-damage|p2a: Rho Aias|48\/100 par\n|\n|-heal|p2a: Rho Aias|54\/100 par|[from] item: Leftovers\n|upkeep\n|turn|112\n|\n|t:|1700432566\n|move|p2a: Rho Aias|Life Dew|p2a: Rho Aias\n|-heal|p2a: Rho Aias|79\/100 par\n|cant|p1a: Dennis|par\n|\n|-heal|p2a: Rho Aias|85\/100 par|[from] item: Leftovers\n|upkeep\n|turn|113\n|c|\u2606PokeFAC|I'm in genuine tears\n|c|\u2606Damien Leruss|We got punished\n|c| Underrated Battler|HE'S BACK AT MAX DEF\n|\n|t:|1700432575\n|move|p2a: Rho Aias|Acid Armor|p2a: Rho Aias\n|-boost|p2a: Rho Aias|def|2\n|move|p1a: Dennis|Body Slam|p2a: Rho Aias\n|-damage|p2a: Rho Aias|63\/100 par\n|\n|-heal|p2a: Rho Aias|69\/100 par|[from] item: Leftovers\n|upkeep\n|turn|114\n|\n|t:|1700432583\n|cant|p2a: Rho Aias|par\n|move|p1a: Dennis|Body Slam|p2a: Rho Aias\n|-damage|p2a: Rho Aias|47\/100 par\n|\n|-heal|p2a: Rho Aias|53\/100 par|[from] item: Leftovers\n|upkeep\n|turn|115\n|c|\u2606PokeFAC|like I never left\n|\n|t:|1700432590\n|move|p2a: Rho Aias|Life Dew|p2a: Rho Aias\n|-heal|p2a: Rho Aias|78\/100 par\n|move|p1a: Dennis|Coil|p1a: Dennis\n|-boost|p1a: Dennis|atk|0\n|-boost|p1a: Dennis|def|0\n|-boost|p1a: Dennis|accuracy|0\n|\n|-heal|p2a: Rho Aias|84\/100 par|[from] item: Leftovers\n|upkeep\n|turn|116\n|\n|t:|1700432598\n|move|p2a: Rho Aias|Thunderbolt|p1a: Dennis\n|-damage|p1a: Dennis|75\/100 par\n|move|p1a: Dennis|Body Slam|p2a: Rho Aias\n|-damage|p2a: Rho Aias|63\/100 par\n|\n|-heal|p2a: Rho Aias|69\/100 par|[from] item: Leftovers\n|upkeep\n|turn|117\n|c| screencheaters|this is our longest match in psdl history\n|\n|t:|1700432606\n|move|p2a: Rho Aias|Life Dew|p2a: Rho Aias\n|-heal|p2a: Rho Aias|94\/100 par\n|move|p1a: Dennis|Body Slam|p2a: Rho Aias\n|-damage|p2a: Rho Aias|74\/100 par\n|\n|-heal|p2a: Rho Aias|80\/100 par|[from] item: Leftovers\n|upkeep\n|turn|118\n|\n|t:|1700432614\n|move|p2a: Rho Aias|Acid Armor|p2a: Rho Aias\n|-boost|p2a: Rho Aias|def|0\n|cant|p1a: Dennis|par\n|\n|-heal|p2a: Rho Aias|86\/100 par|[from] item: Leftovers\n|upkeep\n|turn|119\n|\n|t:|1700432621\n|cant|p2a: Rho Aias|par\n|move|p1a: Dennis|Drill Run|p2a: Rho Aias\n|-damage|p2a: Rho Aias|72\/100 par\n|\n|-heal|p2a: Rho Aias|79\/100 par|[from] item: Leftovers\n|upkeep\n|turn|120\n|\n|t:|1700432627\n|move|p2a: Rho Aias|Thunderbolt|p1a: Dennis\n|-damage|p1a: Dennis|63\/100 par\n|move|p1a: Dennis|Drill Run|p2a: Rho Aias\n|-damage|p2a: Rho Aias|66\/100 par\n|\n|-heal|p2a: Rho Aias|72\/100 par|[from] item: Leftovers\n|upkeep\n|turn|121\n|c| Underrated Battler|Alright guys\n|\n|t:|1700432634\n|move|p2a: Rho Aias|Life Dew|p2a: Rho Aias\n|-heal|p2a: Rho Aias|97\/100 par\n|move|p1a: Dennis|Drill Run|p2a: Rho Aias\n|-damage|p2a: Rho Aias|84\/100 par\n|\n|-heal|p2a: Rho Aias|90\/100 par|[from] item: Leftovers\n|upkeep\n|turn|122\n|c| Underrated Battler|i fucked up\n|c|\u2606PokeFAC|you want the crit?\n|c|\u2606PokeFAC|YOU CAN HAVE IT\n|c|\u2606PokeFAC|I HID EVERY CRIT I HAVE\n|c| Underrated Battler|Keshan and Poke getting penalty points\n|\n|t:|1700432656\n|cant|p2a: Rho Aias|par\n|cant|p1a: Dennis|par\n|\n|-heal|p2a: Rho Aias|96\/100 par|[from] item: Leftovers\n|upkeep\n|turn|123\n|c| screencheaters|we switched to ubers for hoodra actually\n|\n|t:|1700432662\n|move|p2a: Rho Aias|Acid Armor|p2a: Rho Aias\n|-boost|p2a: Rho Aias|def|0\n|move|p1a: Dennis|Drill Run|p2a: Rho Aias\n|-damage|p2a: Rho Aias|83\/100 par\n|\n|-heal|p2a: Rho Aias|89\/100 par|[from] item: Leftovers\n|upkeep\n|turn|124\n|\n|t:|1700432671\n|move|p2a: Rho Aias|Acid Armor|p2a: Rho Aias\n|-boost|p2a: Rho Aias|def|0\n|move|p1a: Dennis|Drill Run|p2a: Rho Aias\n|-damage|p2a: Rho Aias|77\/100 par\n|\n|-heal|p2a: Rho Aias|83\/100 par|[from] item: Leftovers\n|upkeep\n|turn|125\n|\n|t:|1700432680\n|cant|p2a: Rho Aias|par\n|move|p1a: Dennis|Body Slam|p2a: Rho Aias\n|-damage|p2a: Rho Aias|62\/100 par\n|\n|-heal|p2a: Rho Aias|68\/100 par|[from] item: Leftovers\n|upkeep\n|turn|126\n|c|\u2606PokeFAC|damn I might lose this\n|\n|t:|1700432687\n|cant|p2a: Rho Aias|par\n|move|p1a: Dennis|Coil|p1a: Dennis\n|-boost|p1a: Dennis|atk|0\n|-boost|p1a: Dennis|def|0\n|-boost|p1a: Dennis|accuracy|0\n|\n|-heal|p2a: Rho Aias|74\/100 par|[from] item: Leftovers\n|upkeep\n|turn|127\n|\n|t:|1700432694\n|move|p2a: Rho Aias|Life Dew|p2a: Rho Aias\n|-heal|p2a: Rho Aias|99\/100 par\n|move|p1a: Dennis|Body Slam|p2a: Rho Aias\n|-damage|p2a: Rho Aias|77\/100 par\n|\n|-heal|p2a: Rho Aias|83\/100 par|[from] item: Leftovers\n|upkeep\n|turn|128\n|c| RujandoruX|Why would yall make Kahri have to go through putting the stats in for this\n|c|\u2606Damien Leruss|If I can crit body slam just once\n|\n|t:|1700432709\n|move|p2a: Rho Aias|Acid Armor|p2a: Rho Aias\n|-boost|p2a: Rho Aias|def|0\n|move|p1a: Dennis|Body Slam|p2a: Rho Aias\n|-damage|p2a: Rho Aias|61\/100 par\n|\n|-heal|p2a: Rho Aias|67\/100 par|[from] item: Leftovers\n|upkeep\n|turn|129\n|\n|t:|1700432716\n|move|p2a: Rho Aias|Life Dew|p2a: Rho Aias\n|-heal|p2a: Rho Aias|92\/100 par\n|move|p1a: Dennis|Body Slam|p2a: Rho Aias\n|-damage|p2a: Rho Aias|71\/100 par\n|\n|-heal|p2a: Rho Aias|77\/100 par|[from] item: Leftovers\n|upkeep\n|turn|130\n|\n|t:|1700432723\n|move|p2a: Rho Aias|Acid Armor|p2a: Rho Aias\n|-boost|p2a: Rho Aias|def|0\n|cant|p1a: Dennis|par\n|\n|-heal|p2a: Rho Aias|83\/100 par|[from] item: Leftovers\n|upkeep\n|turn|131\n|c|\u2606PokeFAC|make it count\n|c| Underrated Battler|IT HAS SHELL ARMOR\n|c|\u2606PokeFAC|NOOOOO\n|c|\u2606PokeFAC|WHY DID YOU SAY IT\n|\n|t:|1700432735\n|move|p2a: Rho Aias|Life Dew|p2a: Rho Aias\n|-heal|p2a: Rho Aias|100\/100 par\n|move|p1a: Dennis|Body Slam|p2a: Rho Aias\n|-damage|p2a: Rho Aias|79\/100 par\n|\n|-heal|p2a: Rho Aias|85\/100 par|[from] item: Leftovers\n|upkeep\n|turn|132\n|c|\u2606Damien Leruss|Lol, that makes sense\n|c| Underrated Battler|IM TIRED\n|c| spookydepot|poke can you start pressing attack or something\n|c|\u2606Damien Leruss|Well\n|\n|t:|1700432745\n|switch|p2a: Gate of Babylon|Greninja, M|100\/100\n|cant|p1a: Dennis|par\n|\n|upkeep\n|turn|133\n|c|\u2606PokeFAC|I was letting him run out of atk pps\n|\n|t:|1700432757\n|move|p2a: Gate of Babylon|Surf|p1a: Dennis\n|-start|p2a: Gate of Babylon|typechange|Water|[from] ability: Protean\n|-damage|p1a: Dennis|39\/100 par\n|move|p1a: Dennis|Coil|p1a: Dennis\n|-boost|p1a: Dennis|atk|0\n|-boost|p1a: Dennis|def|0\n|-boost|p1a: Dennis|accuracy|0\n|\n|upkeep\n|turn|134\n|\n|t:|1700432765\n|move|p2a: Gate of Babylon|Surf|p1a: Dennis\n|-crit|p1a: Dennis\n|-damage|p1a: Dennis|4\/100 par\n|move|p1a: Dennis|Coil|p1a: Dennis\n|-boost|p1a: Dennis|atk|0\n|-boost|p1a: Dennis|def|0\n|-boost|p1a: Dennis|accuracy|0\n|\n|upkeep\n|turn|135\n|\n|t:|1700432772\n|move|p2a: Gate of Babylon|Surf|p1a: Dennis\n|-damage|p1a: Dennis|0 fnt\n|faint|p1a: Dennis\n|\n|upkeep\n|\n|t:|1700432776\n|switch|p1a: Cassius|Bellibolt, F|78\/100\n|-damage|p1a: Cassius|66\/100|[from] Stealth Rock\n|turn|136\n|c|\u2606Damien Leruss|Don't do it poke\n|\n|t:|1700432788\n|switch|p2a: Rho Aias|Goodra-Hisui, F, tera:Dragon|85\/100 par\n|move|p1a: Cassius|Parabolic Charge|p2a: Rho Aias\n|-resisted|p2a: Rho Aias\n|-damage|p2a: Rho Aias|79\/100 par\n|-heal|p1a: Cassius|69\/100|[from] drain|[of] p2a: Rho Aias\n|\n|-heal|p2a: Rho Aias|85\/100 par|[from] item: Leftovers\n|upkeep\n|turn|137\n|c|\u2606Damien Leruss|I stg\n|\n|t:|1700432797\n|move|p1a: Cassius|Slack Off|p1a: Cassius\n|-heal|p1a: Cassius|100\/100\n|move|p2a: Rho Aias|Acid Armor|p2a: Rho Aias\n|-boost|p2a: Rho Aias|def|2\n|\n|-heal|p2a: Rho Aias|91\/100 par|[from] item: Leftovers\n|upkeep\n|turn|138\n|c|\u2606PokeFAC|what am I gonna let myself lose\n|\n|t:|1700432803\n|move|p1a: Cassius|Chilling Water|p2a: Rho Aias\n|-resisted|p2a: Rho Aias\n|-damage|p2a: Rho Aias|88\/100 par\n|-unboost|p2a: Rho Aias|atk|1\n|cant|p2a: Rho Aias|par\n|\n|-heal|p2a: Rho Aias|94\/100 par|[from] item: Leftovers\n|upkeep\n|turn|139\n|\n|t:|1700432807\n|move|p1a: Cassius|Chilling Water|p2a: Rho Aias\n|-resisted|p2a: Rho Aias\n|-damage|p2a: Rho Aias|91\/100 par\n|-unboost|p2a: Rho Aias|atk|1\n|cant|p2a: Rho Aias|par\n|\n|-heal|p2a: Rho Aias|97\/100 par|[from] item: Leftovers\n|upkeep\n|turn|140\n|c|\u2606Damien Leruss|Poke\n|c|\u2606Damien Leruss|We're about to hit 150\n|\n|t:|1700432832\n|move|p1a: Cassius|Chilling Water|p2a: Rho Aias\n|-resisted|p2a: Rho Aias\n|-damage|p2a: Rho Aias|94\/100 par\n|-unboost|p2a: Rho Aias|atk|1\n|cant|p2a: Rho Aias|par\n|\n|-heal|p2a: Rho Aias|99\/100 par|[from] item: Leftovers\n|upkeep\n|turn|141\n|c|\u2606PokeFAC|you can forfeit\n|c|\u2606PokeFAC|at any time you want\n|inactive|PokeFAC has 270 seconds left.\n|c| screencheaters|thug it out\n|\n|t:|1700432854\n|move|p1a: Cassius|Chilling Water|p2a: Rho Aias\n|-resisted|p2a: Rho Aias\n|-damage|p2a: Rho Aias|97\/100 par\n|-unboost|p2a: Rho Aias|atk|1\n|move|p2a: Rho Aias|Ice Beam|p1a: Cassius\n|-crit|p1a: Cassius\n|-damage|p1a: Cassius|71\/100\n|-start|p1a: Cassius|Charge|Ice Beam|[from] ability: Electromorphosis\n|\n|-heal|p2a: Rho Aias|100\/100 par|[from] item: Leftovers\n|upkeep\n|turn|142\n|\n|t:|1700432864\n|move|p1a: Cassius|Chilling Water|p2a: Rho Aias\n|-resisted|p2a: Rho Aias\n|-damage|p2a: Rho Aias|97\/100 par\n|-unboost|p2a: Rho Aias|atk|1\n|move|p2a: Rho Aias|Acid Armor|p2a: Rho Aias\n|-boost|p2a: Rho Aias|def|2\n|\n|-heal|p2a: Rho Aias|100\/100 par|[from] item: Leftovers\n|upkeep\n|turn|143\n|c| RujandoruX|keshan might fucking win bruh.\n|\n|t:|1700432875\n|switch|p2a: Gate of Babylon|Greninja, M|100\/100\n|move|p1a: Cassius|Chilling Water|p2a: Gate of Babylon\n|-resisted|p2a: Gate of Babylon\n|-damage|p2a: Gate of Babylon|92\/100\n|-unboost|p2a: Gate of Babylon|atk|1\n|\n|upkeep\n|turn|144\n|\n|t:|1700432882\n|move|p2a: Gate of Babylon|U-turn|p1a: Cassius\n|-start|p2a: Gate of Babylon|typechange|Bug|[from] ability: Protean\n|-crit|p1a: Cassius\n|-damage|p1a: Cassius|50\/100\n|-start|p1a: Cassius|Charge|U-turn|[from] ability: Electromorphosis\n|-enditem|p1a: Cassius|Sitrus Berry|[eat]\n|-heal|p1a: Cassius|75\/100|[from] item: Sitrus Berry\n|\n|t:|1700432884\n|switch|p2a: Rho Aias|Goodra-Hisui, F, tera:Dragon|100\/100 par|[from] U-turn\n|move|p1a: Cassius|Parabolic Charge|p2a: Rho Aias\n|-resisted|p2a: Rho Aias\n|-damage|p2a: Rho Aias|90\/100 par\n|-heal|p1a: Cassius|80\/100|[from] drain|[of] p2a: Rho Aias\n|-end|p1a: Cassius|Charge|[silent]\n|\n|-heal|p2a: Rho Aias|96\/100 par|[from] item: Leftovers\n|upkeep\n|turn|145\n|\n|t:|1700432905\n|move|p1a: Cassius|Chilling Water|p2a: Rho Aias\n|-resisted|p2a: Rho Aias\n|-damage|p2a: Rho Aias|93\/100 par\n|-unboost|p2a: Rho Aias|atk|1\n|move|p2a: Rho Aias|Acid Armor|p2a: Rho Aias\n|-boost|p2a: Rho Aias|def|2\n|\n|-heal|p2a: Rho Aias|99\/100 par|[from] item: Leftovers\n|upkeep\n|turn|146\n|c|\u2606PokeFAC|... that's spdef isn't it\n|c|\u2606Damien Leruss|Fucking around I might\n|\n|t:|1700432927\n|move|p1a: Cassius|Chilling Water|p2a: Rho Aias\n|-resisted|p2a: Rho Aias\n|-damage|p2a: Rho Aias|95\/100 par\n|-unboost|p2a: Rho Aias|atk|1\n|move|p2a: Rho Aias|Ice Beam|p1a: Cassius\n|-damage|p1a: Cassius|59\/100\n|-start|p1a: Cassius|Charge|Ice Beam|[from] ability: Electromorphosis\n|\n|-heal|p2a: Rho Aias|100\/100 par|[from] item: Leftovers\n|upkeep\n|turn|147\n|\n|t:|1700432937\n|move|p1a: Cassius|Slack Off|p1a: Cassius\n|-heal|p1a: Cassius|100\/100\n|move|p2a: Rho Aias|Acid Armor|p2a: Rho Aias\n|-boost|p2a: Rho Aias|def|2\n|\n|upkeep\n|turn|148\n|\n|t:|1700432943\n|move|p1a: Cassius|Chilling Water|p2a: Rho Aias\n|-resisted|p2a: Rho Aias\n|-damage|p2a: Rho Aias|98\/100 par\n|-unboost|p2a: Rho Aias|atk|1\n|move|p2a: Rho Aias|Acid Armor|p2a: Rho Aias\n|-boost|p2a: Rho Aias|def|2\n|\n|-heal|p2a: Rho Aias|100\/100 par|[from] item: Leftovers\n|upkeep\n|turn|149\n|\n|t:|1700432952\n|move|p1a: Cassius|Chilling Water|p2a: Rho Aias\n|-resisted|p2a: Rho Aias\n|-damage|p2a: Rho Aias|97\/100 par\n|-unboost|p2a: Rho Aias|atk|1\n|move|p2a: Rho Aias|Ice Beam|p1a: Cassius\n|-damage|p1a: Cassius|79\/100\n|-start|p1a: Cassius|Charge|Ice Beam|[from] ability: Electromorphosis\n|\n|-heal|p2a: Rho Aias|100\/100 par|[from] item: Leftovers\n|upkeep\n|turn|150\n|\n|t:|1700432963\n|move|p1a: Cassius|Chilling Water|p2a: Rho Aias\n|-resisted|p2a: Rho Aias\n|-damage|p2a: Rho Aias|97\/100 par\n|-unboost|p2a: Rho Aias|atk|1\n|move|p2a: Rho Aias|Acid Armor|p2a: Rho Aias\n|-boost|p2a: Rho Aias|def|0\n|\n|-heal|p2a: Rho Aias|100\/100 par|[from] item: Leftovers\n|upkeep\n|turn|151\n|\n|t:|1700432973\n|move|p1a: Cassius|Chilling Water|p2a: Rho Aias\n|-resisted|p2a: Rho Aias\n|-damage|p2a: Rho Aias|97\/100 par\n|-unboost|p2a: Rho Aias|atk|1\n|cant|p2a: Rho Aias|par\n|\n|-heal|p2a: Rho Aias|100\/100 par|[from] item: Leftovers\n|upkeep\n|turn|152\n|c|\u2606Damien Leruss|No\n|\n|t:|1700432983\n|switch|p2a: Gate of Babylon|Greninja, M|92\/100\n|move|p1a: Cassius|Chilling Water|p2a: Gate of Babylon\n|-resisted|p2a: Gate of Babylon\n|-damage|p2a: Gate of Babylon|84\/100\n|-unboost|p2a: Gate of Babylon|atk|1\n|\n|upkeep\n|turn|153\n|c|\u2606Damien Leruss|I don't need the para\n|\n|t:|1700432990\n|move|p2a: Gate of Babylon|Surf|p1a: Cassius\n|-start|p2a: Gate of Babylon|typechange|Water|[from] ability: Protean\n|-damage|p1a: Cassius|34\/100\n|-start|p1a: Cassius|Charge|Surf|[from] ability: Electromorphosis\n|move|p1a: Cassius|Parabolic Charge|p2a: Gate of Babylon\n|-supereffective|p2a: Gate of Babylon\n|-crit|p2a: Gate of Babylon\n|-damage|p2a: Gate of Babylon|0 fnt\n|-heal|p1a: Cassius|66\/100|[from] drain|[of] p2a: Gate of Babylon\n|faint|p2a: Gate of Babylon\n|-end|p1a: Cassius|Charge|[silent]\n|\n|upkeep\n|c| Underrated Battler|sell yourselves to the black market\n|\n|t:|1700432996\n|switch|p2a: Rho Aias|Goodra-Hisui, F, tera:Dragon|100\/100 par\n|turn|154\n|c|\u2606PokeFAC|I'm just gonna let this end\n|-message|PokeFAC forfeited.\n|\n|win|Damien Leruss\n|l|\u2606PokeFAC\n|c| screencheaters|:(\n","uploadtime":1700433030,"views":47,"p1id":"damienleruss","p2id":"pokefac","formatid":"gen9ubers","rating":0,"private":0,"password":""}