{"id":"gen9ubers-1983444112","p1":"Puptup","p2":"PKMNSGaming!","format":"[Gen 9] Ubers","log":"|j|\u2606Puptup\n|j|\u2606PKMNSGaming!\n|t:|1699130783\n|gametype|singles\n|player|p1|Puptup|burglar|\n|player|p2|PKMNSGaming!|101|\n|teamsize|p1|6\n|teamsize|p2|6\n|gen|9\n|tier|[Gen 9] Ubers\n|rule|Sleep Clause Mod: Limit one foe put to sleep\n|rule|Species Clause: Limit one of each Pok\u00e9mon\n|rule|OHKO Clause: OHKO moves are banned\n|rule|Evasion Items Clause: Evasion items are banned\n|rule|Evasion Moves Clause: Evasion moves are banned\n|rule|Endless Battle Clause: Forcing endless battles is banned\n|rule|HP Percentage Mod: HP is shown in percentages\n|clearpoke\n|poke|p1|Iron Valiant|\n|poke|p1|Regieleki|\n|poke|p1|Chesnaught, F|\n|poke|p1|Slither Wing|\n|poke|p1|Hoopa|\n|poke|p1|Alomomola, M|\n|poke|p2|Great Tusk|\n|poke|p2|Gholdengo|\n|poke|p2|Appletun, F|\n|poke|p2|Volcanion|\n|poke|p2|Tinkaton, F|\n|poke|p2|Zoroark-Hisui, F|\n|teampreview\n|l|\u2606Puptup\n|player|p1|\n|\n|t:|1699130820\n|start\n|switch|p1a: Sarmiento|Regieleki, shiny|100\/100\n|switch|p2a: Tikkaton|Tinkaton, F|100\/100\n|-ability|p2a: Tikkaton|Mold Breaker\n|turn|1\n|j|\u2606Puptup\n|player|p1|Puptup|burglar\n|\n|t:|1699130830\n|move|p1a: Sarmiento|Thunder Cage|p2a: Tikkaton\n|-damage|p2a: Tikkaton|63\/100\n|-activate|p2a: Tikkaton|move: Thunder Cage|[of] p1a: Sarmiento\n|move|p2a: Tikkaton|Stealth Rock|p1a: Sarmiento\n|-sidestart|p1: Puptup|move: Stealth Rock\n|\n|-heal|p2a: Tikkaton|69\/100|[from] item: Leftovers\n|-damage|p2a: Tikkaton|57\/100|[from] move: Thunder Cage|[partiallytrapped]\n|upkeep\n|turn|2\n|\n|t:|1699130849\n|move|p1a: Sarmiento|Substitute|p1a: Sarmiento\n|-start|p1a: Sarmiento|Substitute\n|-damage|p1a: Sarmiento|76\/100\n|move|p2a: Tikkaton|Gigaton Hammer|p1a: Sarmiento\n|-resisted|p1a: Sarmiento\n|-end|p1a: Sarmiento|Substitute\n|\n|-heal|p2a: Tikkaton|63\/100|[from] item: Leftovers\n|-damage|p2a: Tikkaton|50\/100|[from] move: Thunder Cage|[partiallytrapped]\n|upkeep\n|turn|3\n|\n|t:|1699130904\n|move|p1a: Sarmiento|Substitute|p1a: Sarmiento\n|-start|p1a: Sarmiento|Substitute\n|-damage|p1a: Sarmiento|51\/100\n|move|p2a: Tikkaton|Encore|p1a: Sarmiento\n|-start|p1a: Sarmiento|Encore\n|\n|-heal|p2a: Tikkaton|57\/100|[from] item: Leftovers\n|-damage|p2a: Tikkaton|44\/100|[from] move: Thunder Cage|[partiallytrapped]\n|upkeep\n|turn|4\n|\n|t:|1699130908\n|move|p1a: Sarmiento|Substitute|p1a: Sarmiento\n|-fail|p1a: Sarmiento|move: Substitute\n|move|p2a: Tikkaton|Gigaton Hammer|p1a: Sarmiento\n|-resisted|p1a: Sarmiento\n|-end|p1a: Sarmiento|Substitute\n|\n|-heal|p2a: Tikkaton|50\/100|[from] item: Leftovers\n|-damage|p2a: Tikkaton|38\/100|[from] move: Thunder Cage|[partiallytrapped]\n|upkeep\n|turn|5\n|\n|t:|1699130920\n|move|p1a: Sarmiento|Substitute|p1a: Sarmiento\n|-start|p1a: Sarmiento|Substitute\n|-damage|p1a: Sarmiento|26\/100\n|move|p2a: Tikkaton|Encore||[still]\n|-fail|p2a: Tikkaton\n|\n|-heal|p2a: Tikkaton|44\/100|[from] item: Leftovers\n|-end|p2a: Tikkaton|Thunder Cage|[partiallytrapped]\n|upkeep\n|turn|6\n|\n|t:|1699130965\n|switch|p2a: Graet Tusk|Great Tusk|100\/100\n|move|p1a: Sarmiento|Substitute|p1a: Sarmiento\n|-fail|p1a: Sarmiento|move: Substitute\n|\n|-end|p1a: Sarmiento|Encore\n|upkeep\n|turn|7\n|\n|t:|1699130970\n|switch|p1a: Titanium|Chesnaught, F|100\/100\n|-damage|p1a: Titanium|95\/100|[from] Stealth Rock\n|move|p2a: Graet Tusk|Rapid Spin|p1a: Titanium\n|-damage|p1a: Titanium|75\/100\n|-boost|p2a: Graet Tusk|spe|1\n|-damage|p2a: Graet Tusk|91\/100|[from] item: Life Orb\n|\n|upkeep\n|turn|8\n|\n|t:|1699131021\n|-end|p2a: Graet Tusk|Protosynthesis|[silent]\n|switch|p2a: Appleton|Appletun, F, shiny|100\/100\n|move|p1a: Titanium|Wood Hammer|p2a: Appleton\n|-resisted|p2a: Appleton\n|-damage|p2a: Appleton|90\/100\n|-damage|p1a: Titanium|71\/100|[from] Recoil\n|\n|-heal|p2a: Appleton|96\/100|[from] item: Leftovers\n|upkeep\n|turn|9\n|\n|t:|1699131068\n|switch|p1a: Volkanovski|Slither Wing|100\/100\n|-damage|p1a: Volkanovski|88\/100|[from] Stealth Rock\n|move|p2a: Appleton|Leech Seed|p1a: Volkanovski\n|-start|p1a: Volkanovski|move: Leech Seed\n|\n|-heal|p2a: Appleton|100\/100|[from] item: Leftovers\n|-damage|p1a: Volkanovski|76\/100|[from] Leech Seed|[of] p2a: Appleton\n|upkeep\n|turn|10\n|\n|t:|1699131079\n|-end|p1a: Volkanovski|Protosynthesis|[silent]\n|switch|p1a: Prevail|Iron Valiant|100\/100\n|-damage|p1a: Prevail|94\/100|[from] Stealth Rock\n|switch|p2a: Jholdengo|Gholdengo|100\/100\n|-item|p2a: Jholdengo|Air Balloon\n|\n|upkeep\n|turn|11\n|\n|t:|1699131101\n|move|p1a: Prevail|Shadow Ball|p2a: Jholdengo\n|-supereffective|p2a: Jholdengo\n|-damage|p2a: Jholdengo|9\/100\n|-unboost|p2a: Jholdengo|spd|1\n|-enditem|p2a: Jholdengo|Air Balloon\n|move|p2a: Jholdengo|Nasty Plot|p2a: Jholdengo\n|-boost|p2a: Jholdengo|spa|2\n|\n|upkeep\n|turn|12\n|\n|t:|1699131116\n|switch|p2a: Appleton|Appletun, F, shiny|100\/100\n|move|p1a: Prevail|Shadow Ball|p2a: Appleton\n|-immune|p2a: Appleton\n|\n|upkeep\n|turn|13\n|\n|t:|1699131143\n|switch|p2a: Jholdengo|Gholdengo|9\/100\n|-end|p1a: Prevail|Quark Drive|[silent]\n|switch|p1a: Sarmiento|Regieleki, shiny|26\/100\n|-damage|p1a: Sarmiento|13\/100|[from] Stealth Rock\n|\n|upkeep\n|turn|14\n|\n|t:|1699131151\n|switch|p1a: Titanium|Chesnaught, F|71\/100\n|-damage|p1a: Titanium|65\/100|[from] Stealth Rock\n|switch|p2a: Graet Tusk|Great Tusk|91\/100\n|\n|upkeep\n|turn|15\n|\n|t:|1699131190\n|-end|p2a: Graet Tusk|Protosynthesis|[silent]\n|switch|p2a: Appleton|Appletun, F, shiny|100\/100\n|move|p1a: Titanium|Wood Hammer|p2a: Appleton\n|-resisted|p2a: Appleton\n|-damage|p2a: Appleton|91\/100\n|-damage|p1a: Titanium|60\/100|[from] Recoil\n|\n|-heal|p2a: Appleton|97\/100|[from] item: Leftovers\n|upkeep\n|turn|16\n|\n|t:|1699131195\n|switch|p1a: Sarmiento|Regieleki, shiny|13\/100\n|-damage|p1a: Sarmiento|1\/100|[from] Stealth Rock\n|move|p2a: Appleton|Iron Defense|p2a: Appleton\n|-boost|p2a: Appleton|def|2\n|\n|-heal|p2a: Appleton|100\/100|[from] item: Leftovers\n|upkeep\n|turn|17\n|\n|t:|1699131217\n|move|p1a: Sarmiento|Thunderbolt|p2a: Appleton\n|-resisted|p2a: Appleton\n|-damage|p2a: Appleton|85\/100\n|move|p2a: Appleton|Apple Acid|p1a: Sarmiento\n|-damage|p1a: Sarmiento|0 fnt\n|faint|p1a: Sarmiento\n|\n|-heal|p2a: Appleton|91\/100|[from] item: Leftovers\n|upkeep\n|\n|t:|1699131247\n|switch|p1a: Volkanovski|Slither Wing|76\/100\n|-damage|p1a: Volkanovski|64\/100|[from] Stealth Rock\n|turn|18\n|\n|t:|1699131278\n|move|p1a: Volkanovski|Leech Life|p2a: Appleton\n|-supereffective|p2a: Appleton\n|-damage|p2a: Appleton|45\/100\n|-heal|p1a: Volkanovski|95\/100|[from] drain|[of] p2a: Appleton\n|move|p2a: Appleton|Recover|p2a: Appleton\n|-heal|p2a: Appleton|95\/100\n|\n|-heal|p2a: Appleton|100\/100|[from] item: Leftovers\n|upkeep\n|turn|19\n|\n|t:|1699131298\n|-end|p1a: Volkanovski|Protosynthesis|[silent]\n|switch|p1a: Prevail|Iron Valiant|94\/100\n|-damage|p1a: Prevail|88\/100|[from] Stealth Rock\n|-terastallize|p2a: Appleton|Fire\n|move|p2a: Appleton|Iron Defense|p2a: Appleton\n|-boost|p2a: Appleton|def|2\n|\n|upkeep\n|turn|20\n|\n|t:|1699131331\n|move|p1a: Prevail|Psychic|p2a: Appleton\n|-damage|p2a: Appleton|53\/100\n|move|p2a: Appleton|Apple Acid|p1a: Prevail\n|-damage|p1a: Prevail|36\/100\n|-unboost|p1a: Prevail|spd|1\n|\n|-heal|p2a: Appleton|59\/100|[from] item: Leftovers\n|upkeep\n|turn|21\n|\n|t:|1699131351\n|-end|p1a: Prevail|Quark Drive|[silent]\n|switch|p1a: Goldenho|Hoopa|100\/100\n|-damage|p1a: Goldenho|88\/100|[from] Stealth Rock\n|switch|p2a: Tikkaton|Tinkaton, F|44\/100\n|-ability|p2a: Tikkaton|Mold Breaker\n|\n|-heal|p2a: Tikkaton|50\/100|[from] item: Leftovers\n|upkeep\n|turn|22\n|\n|t:|1699131363\n|move|p1a: Goldenho|Shadow Ball|p2a: Tikkaton\n|-damage|p2a: Tikkaton|18\/100\n|move|p2a: Tikkaton|Thunder Wave|p1a: Goldenho\n|-status|p1a: Goldenho|par\n|\n|-heal|p2a: Tikkaton|25\/100|[from] item: Leftovers\n|upkeep\n|turn|23\n|\n|t:|1699131369\n|move|p2a: Tikkaton|Encore|p1a: Goldenho\n|-start|p1a: Goldenho|Encore\n|cant|p1a: Goldenho|par\n|\n|-heal|p2a: Tikkaton|31\/100|[from] item: Leftovers\n|upkeep\n|turn|24\n|\n|t:|1699131381\n|switch|p1a: Volkanovski|Slither Wing|95\/100\n|-damage|p1a: Volkanovski|83\/100|[from] Stealth Rock\n|move|p2a: Tikkaton|Thunder Wave|p1a: Volkanovski\n|-status|p1a: Volkanovski|par\n|\n|-heal|p2a: Tikkaton|37\/100|[from] item: Leftovers\n|upkeep\n|turn|25\n|\n|t:|1699131441\n|move|p2a: Tikkaton|Gigaton Hammer|p1a: Volkanovski\n|-damage|p1a: Volkanovski|23\/100 par\n|move|p1a: Volkanovski|Flare Blitz|p2a: Tikkaton\n|-supereffective|p2a: Tikkaton\n|-damage|p2a: Tikkaton|0 fnt\n|faint|p2a: Tikkaton\n|-damage|p1a: Volkanovski|8\/100 par|[from] Recoil\n|\n|upkeep\n|\n|t:|1699131454\n|switch|p2a: Graet Tusk|Great Tusk|91\/100\n|turn|26\n|\n|t:|1699131457\n|move|p2a: Graet Tusk|Rapid Spin|p1a: Volkanovski\n|-damage|p1a: Volkanovski|0 fnt\n|-boost|p2a: Graet Tusk|spe|1\n|faint|p1a: Volkanovski\n|-end|p1a: Volkanovski|Protosynthesis|[silent]\n|-damage|p2a: Graet Tusk|81\/100|[from] item: Life Orb\n|\n|upkeep\n|\n|t:|1699131459\n|switch|p1a: Titanium|Chesnaught, F|60\/100\n|-damage|p1a: Titanium|54\/100|[from] Stealth Rock\n|turn|27\n|\n|t:|1699131485\n|move|p2a: Graet Tusk|Knock Off|p1a: Titanium\n|-resisted|p1a: Titanium\n|-damage|p1a: Titanium|35\/100\n|-enditem|p1a: Titanium|Choice Scarf|[from] move: Knock Off|[of] p2a: Graet Tusk\n|-damage|p2a: Graet Tusk|71\/100|[from] item: Life Orb\n|move|p1a: Titanium|Wood Hammer|p2a: Graet Tusk\n|-supereffective|p2a: Graet Tusk\n|-damage|p2a: Graet Tusk|0 fnt\n|faint|p2a: Graet Tusk\n|-end|p2a: Graet Tusk|Protosynthesis|[silent]\n|-damage|p1a: Titanium|8\/100|[from] Recoil\n|\n|upkeep\n|\n|t:|1699131500\n|switch|p2a: Volcurona|Volcanion|100\/100\n|turn|28\n|\n|t:|1699131506\n|move|p2a: Volcurona|Flame Charge|p1a: Titanium\n|-supereffective|p1a: Titanium\n|-damage|p1a: Titanium|0 fnt\n|-boost|p2a: Volcurona|spe|1\n|faint|p1a: Titanium\n|\n|upkeep\n|\n|t:|1699131510\n|switch|p1a: Goldenho|Hoopa|88\/100 par\n|-damage|p1a: Goldenho|76\/100 par|[from] Stealth Rock\n|turn|29\n|\n|t:|1699131563\n|move|p2a: Volcurona|Steam Eruption|p1a: Goldenho\n|-damage|p1a: Goldenho|29\/100 par\n|cant|p1a: Goldenho|par\n|\n|upkeep\n|turn|30\n|\n|t:|1699131570\n|move|p2a: Volcurona|Steam Eruption|p1a: Goldenho\n|-damage|p1a: Goldenho|0 fnt\n|faint|p1a: Goldenho\n|\n|upkeep\n|\n|t:|1699131576\n|switch|p1a: Prevail|Iron Valiant|36\/100\n|-damage|p1a: Prevail|30\/100|[from] Stealth Rock\n|turn|31\n|\n|t:|1699131581\n|move|p2a: Volcurona|Flamethrower|p1a: Prevail\n|-damage|p1a: Prevail|0 fnt\n|faint|p1a: Prevail\n|-end|p1a: Prevail|Quark Drive|[silent]\n|\n|upkeep\n|\n|t:|1699131583\n|switch|p1a: Nurtec Gaga|Alomomola, M, shiny|100\/100\n|-damage|p1a: Nurtec Gaga|88\/100|[from] Stealth Rock\n|turn|32\n|\n|t:|1699131592\n|move|p2a: Volcurona|Substitute|p2a: Volcurona\n|-start|p2a: Volcurona|Substitute\n|-damage|p2a: Volcurona|76\/100\n|move|p1a: Nurtec Gaga|Scale Shot|p2a: Volcurona\n|-activate|p2a: Volcurona|move: Substitute|[damage]\n|-activate|p2a: Volcurona|move: Substitute|[damage]\n|-end|p2a: Volcurona|Substitute\n|-damage|p2a: Volcurona|68\/100\n|-hitcount|p2a: Volcurona|4\n|-unboost|p1a: Nurtec Gaga|def|1\n|-boost|p1a: Nurtec Gaga|spe|1\n|-damage|p1a: Nurtec Gaga|78\/100|[from] item: Life Orb\n|\n|-heal|p2a: Volcurona|74\/100|[from] item: Leftovers\n|upkeep\n|turn|33\n|\n|t:|1699131617\n|move|p2a: Volcurona|Steam Eruption|p1a: Nurtec Gaga\n|-resisted|p1a: Nurtec Gaga\n|-damage|p1a: Nurtec Gaga|36\/100\n|move|p1a: Nurtec Gaga|Scale Shot|p2a: Volcurona\n|-damage|p2a: Volcurona|65\/100\n|-crit|p2a: Volcurona\n|-damage|p2a: Volcurona|52\/100\n|-hitcount|p2a: Volcurona|2\n|-unboost|p1a: Nurtec Gaga|def|1\n|-boost|p1a: Nurtec Gaga|spe|1\n|-damage|p1a: Nurtec Gaga|26\/100|[from] item: Life Orb\n|\n|-heal|p2a: Volcurona|58\/100|[from] item: Leftovers\n|upkeep\n|turn|34\n|\n|t:|1699131623\n|-terastallize|p1a: Nurtec Gaga|Dark\n|move|p1a: Nurtec Gaga|Tera Blast|p2a: Volcurona|[anim] Tera Blast Dark\n|-damage|p2a: Volcurona|15\/100\n|-damage|p1a: Nurtec Gaga|16\/100|[from] item: Life Orb\n|move|p2a: Volcurona|Steam Eruption|p1a: Nurtec Gaga\n|-damage|p1a: Nurtec Gaga|0 fnt\n|faint|p1a: Nurtec Gaga\n|\n|win|PKMNSGaming!\n|c|\u2606Puptup|Man\n|c|\u2606PKMNSGaming!|scale shot alo is fucked u\n|c|\u2606PKMNSGaming!|up*\n|c|\u2606PKMNSGaming!|ggs\n|c|\u2606Puptup|I think\n|c|\u2606Puptup|if hoopa landed a shadow ball\n|c|\u2606Puptup|I won\n|c|\u2606PKMNSGaming!|what was the item?\n|c|\u2606Puptup|Let me call actually\n|c|\u2606PKMNSGaming!|ok lol\n|c|\u2606Puptup|*calc\n|c|\u2606Puptup|my b lol\n|c|\u2606PKMNSGaming!|still, i'll send my pokepaste\n|c|\u2606Puptup|Hoopa was scarf\n|c|\u2606PKMNSGaming!|u wanna post?\n|c|\u2606Puptup|yeah I got it\n|c|\u2606Puptup|what was your tink spread?\n|c|\u2606PKMNSGaming!|0 speed ivs\n|c|\u2606PKMNSGaming!|full special defense\n|c|\u2606Puptup|Ohhhh\n|c|\u2606Puptup|I was so confused when thunder cage did so little\n|player|p1|Puptup|burglar\n|c|\u2606Puptup|i was modest max special attack magnet\n","uploadtime":1699131765,"views":37,"p1id":"puptup","p2id":"pkmnsgaming","formatid":"gen9ubers","rating":0,"private":0,"password":""}