{"id":"gen9ubers-1998297373","p1":"RDAS88","p2":"Kai dragneel","format":"[Gen 9] Ubers","log":"|j|\u2606RDAS88\n|j|\u2606Kai dragneel\n|t:|1700926264\n|gametype|singles\n|player|p1|RDAS88|benga|1093\n|player|p2|Kai dragneel|170|1152\n|teamsize|p1|6\n|teamsize|p2|6\n|gen|9\n|tier|[Gen 9] Ubers\n|rated|\n|rule|Sleep Clause Mod: Limit one foe put to sleep\n|rule|Species Clause: Limit one of each Pok\u00e9mon\n|rule|OHKO Clause: OHKO moves are banned\n|rule|Evasion Items Clause: Evasion items are banned\n|rule|Evasion Moves Clause: Evasion moves are banned\n|rule|Endless Battle Clause: Forcing endless battles is banned\n|rule|HP Percentage Mod: HP is shown in percentages\n|clearpoke\n|poke|p1|Espathra, F|\n|poke|p1|Inteleon, F|\n|poke|p1|Ogerpon, F|\n|poke|p1|Urshifu-*, F|\n|poke|p1|Eternatus|\n|poke|p1|Gliscor, M|\n|poke|p2|Quaquaval, M|\n|poke|p2|Armarouge, M|\n|poke|p2|Arboliva, M|\n|poke|p2|Baxcalibur, M|\n|poke|p2|Garganacl, M|\n|poke|p2|Tinkaton, F|\n|teampreview\n|inactive|Battle timer is ON: inactive players will automatically lose when time's up. (requested by RDAS88)\n|\n|t:|1700926268\n|start\n|switch|p1a: Inteleon|Inteleon, F, shiny|100\/100\n|switch|p2a: Quaquaval|Quaquaval, M|100\/100\n|turn|1\n|\n|t:|1700926280\n|-terastallize|p2a: Quaquaval|Steel\n|move|p1a: Inteleon|Snipe Shot|p2a: Quaquaval\n|-crit|p2a: Quaquaval\n|-damage|p2a: Quaquaval|0 fnt\n|faint|p2a: Quaquaval\n|\n|upkeep\n|\n|t:|1700926287\n|switch|p2a: Arboliva|Arboliva, M|100\/100\n|turn|2\n|\n|t:|1700926293\n|move|p1a: Inteleon|Ice Beam|p2a: Arboliva\n|-supereffective|p2a: Arboliva\n|-damage|p2a: Arboliva|67\/100\n|-fieldstart|move: Grassy Terrain|[from] ability: Seed Sower|[of] p2a: Arboliva\n|move|p2a: Arboliva|Earth Power|p1a: Inteleon\n|-damage|p1a: Inteleon|45\/100\n|\n|-heal|p1a: Inteleon|51\/100|[from] Grassy Terrain\n|-heal|p2a: Arboliva|73\/100|[from] Grassy Terrain\n|upkeep\n|turn|3\n|\n|t:|1700926305\n|move|p1a: Inteleon|Snipe Shot|p2a: Arboliva\n|-resisted|p2a: Arboliva\n|-damage|p2a: Arboliva|61\/100\n|move|p2a: Arboliva|Giga Drain|p1a: Inteleon\n|-supereffective|p1a: Inteleon\n|-damage|p1a: Inteleon|0 fnt\n|-heal|p2a: Arboliva|81\/100|[from] drain|[of] p1a: Inteleon\n|faint|p1a: Inteleon\n|\n|-heal|p2a: Arboliva|87\/100|[from] Grassy Terrain\n|upkeep\n|c|\u2606RDAS88|Hey\n|\n|t:|1700926318\n|switch|p1a: Eternatus|Eternatus|100\/100\n|-ability|p1a: Eternatus|Pressure\n|turn|4\n|\n|t:|1700926330\n|switch|p2a: Tinkaton|Tinkaton, F|100\/100\n|-ability|p2a: Tinkaton|Mold Breaker\n|move|p1a: Eternatus|Sludge Bomb|p2a: Tinkaton\n|-immune|p2a: Tinkaton\n|\n|upkeep\n|turn|5\n|\n|t:|1700926339\n|move|p1a: Eternatus|Flamethrower|p2a: Tinkaton\n|-supereffective|p2a: Tinkaton\n|-damage|p2a: Tinkaton|39\/100\n|move|p2a: Tinkaton|Swords Dance|p2a: Tinkaton\n|-boost|p2a: Tinkaton|atk|2\n|\n|-heal|p2a: Tinkaton|45\/100|[from] Grassy Terrain\n|upkeep\n|turn|6\n|\n|t:|1700926349\n|switch|p2a: Armarouge|Armarouge, M|100\/100\n|move|p1a: Eternatus|Flamethrower|p2a: Armarouge\n|-start|p2a: Armarouge|ability: Flash Fire\n|\n|-fieldend|move: Grassy Terrain\n|upkeep\n|turn|7\n|\n|t:|1700926359\n|switch|p1a: Urshifu|Urshifu-Rapid-Strike, F|100\/100\n|move|p2a: Armarouge|Psyshock|p1a: Urshifu\n|-supereffective|p1a: Urshifu\n|-damage|p1a: Urshifu|14\/100\n|\n|upkeep\n|turn|8\n|\n|t:|1700926375\n|-end|p2a: Armarouge|ability: Flash Fire|[silent]\n|switch|p2a: Tinkaton|Tinkaton, F|45\/100\n|-ability|p2a: Tinkaton|Mold Breaker\n|move|p1a: Urshifu|Surging Strikes|p2a: Tinkaton\n|-crit|p2a: Tinkaton\n|-damage|p2a: Tinkaton|10\/100\n|-crit|p2a: Tinkaton\n|-damage|p2a: Tinkaton|0 fnt\n|faint|p2a: Tinkaton\n|-hitcount|p2: Tinkaton|2\n|-damage|p1a: Urshifu|4\/100|[from] item: Life Orb\n|\n|upkeep\n|\n|t:|1700926388\n|switch|p2a: Garganacl|Garganacl, M|100\/100\n|turn|9\n|\n|t:|1700926392\n|move|p1a: Urshifu|Surging Strikes|p2a: Garganacl\n|-supereffective|p2a: Garganacl\n|-crit|p2a: Garganacl\n|-damage|p2a: Garganacl|67\/100\n|-supereffective|p2a: Garganacl\n|-crit|p2a: Garganacl\n|-damage|p2a: Garganacl|34\/100\n|-supereffective|p2a: Garganacl\n|-crit|p2a: Garganacl\n|-damage|p2a: Garganacl|0 fnt\n|faint|p2a: Garganacl\n|-hitcount|p2: Garganacl|3\n|-damage|p1a: Urshifu|0 fnt|[from] item: Life Orb\n|faint|p1a: Urshifu\n|\n|upkeep\n|\n|t:|1700926405\n|switch|p1a: Gliscor|Gliscor, M|100\/100\n|switch|p2a: Baxcalibur|Baxcalibur, M|100\/100\n|turn|10\n|\n|t:|1700926416\n|move|p1a: Gliscor|Facade|p2a: Baxcalibur\n|-damage|p2a: Baxcalibur|81\/100\n|move|p2a: Baxcalibur|Dragon Dance|p2a: Baxcalibur\n|-boost|p2a: Baxcalibur|atk|1\n|-boost|p2a: Baxcalibur|spe|1\n|\n|-status|p1a: Gliscor|tox|[from] item: Toxic Orb\n|upkeep\n|turn|11\n|\n|t:|1700926429\n|move|p2a: Baxcalibur|Icicle Spear|p1a: Gliscor\n|-supereffective|p1a: Gliscor\n|-damage|p1a: Gliscor|10\/100 tox\n|-supereffective|p1a: Gliscor\n|-damage|p1a: Gliscor|0 fnt\n|faint|p1a: Gliscor\n|-hitcount|p1: Gliscor|2\n|\n|upkeep\n|\n|t:|1700926433\n|switch|p1a: Espathra|Espathra, F|100\/100\n|turn|12\n|\n|t:|1700926439\n|move|p2a: Baxcalibur|Icicle Spear|p1a: Espathra\n|-damage|p1a: Espathra|66\/100\n|-damage|p1a: Espathra|34\/100\n|-damage|p1a: Espathra|0 fnt\n|faint|p1a: Espathra\n|-hitcount|p1: Espathra|3\n|\n|upkeep\n|\n|t:|1700926446\n|switch|p1a: Eternatus|Eternatus|100\/100\n|-ability|p1a: Eternatus|Pressure\n|turn|13\n|\n|t:|1700926451\n|-terastallize|p1a: Eternatus|Poison\n|move|p2a: Baxcalibur|Icicle Spear|p1a: Eternatus\n|-damage|p1a: Eternatus|86\/100\n|-damage|p1a: Eternatus|70\/100\n|-damage|p1a: Eternatus|55\/100\n|-damage|p1a: Eternatus|41\/100\n|-damage|p1a: Eternatus|24\/100\n|-hitcount|p1a: Eternatus|5\n|move|p1a: Eternatus|Cosmic Power|p1a: Eternatus\n|-boost|p1a: Eternatus|def|1\n|-boost|p1a: Eternatus|spd|1\n|\n|-heal|p1a: Eternatus|30\/100|[from] item: Leftovers\n|upkeep\n|turn|14\n|\n|t:|1700926466\n|move|p2a: Baxcalibur|Icicle Spear|p1a: Eternatus\n|-damage|p1a: Eternatus|20\/100\n|-damage|p1a: Eternatus|9\/100\n|-damage|p1a: Eternatus|0 fnt\n|faint|p1a: Eternatus\n|-hitcount|p1: Eternatus|3\n|\n|upkeep\n|c|\u2606RDAS88|Gg\n|\n|t:|1700926471\n|switch|p1a: Ogerpon|Ogerpon, F|100\/100\n|turn|15\n|\n|t:|1700926476\n|move|p2a: Baxcalibur|Icicle Spear|p1a: Ogerpon\n|-supereffective|p1a: Ogerpon\n|-damage|p1a: Ogerpon|44\/100\n|-supereffective|p1a: Ogerpon\n|-damage|p1a: Ogerpon|0 fnt\n|faint|p1a: Ogerpon\n|-hitcount|p1: Ogerpon|2\n|\n|win|Kai dragneel\n|raw|RDAS88's rating: 1093 &rarr; <strong>1073<\/strong><br \/>(-20 for losing)\n|raw|Kai dragneel's rating: 1152 &rarr; <strong>1173<\/strong><br \/>(+21 for winning)\n|l|\u2606RDAS88\n","uploadtime":1700926484,"views":0,"p1id":"rdas88","p2id":"kaidragneel","formatid":"gen9ubers","rating":1073,"private":0,"password":""}