{"id":"gen9ubers-1995001161","p1":"Car_man01","p2":"lil bro driving","format":"[Gen 9] Ubers","log":"|j|\u203dCar_man01\n|j|\u2606lil bro driving\n|t:|1700512177\n|gametype|singles\n|player|p1|Car_man01|170|1043\n|player|p2|lil bro driving|petrel|1000\n|teamsize|p1|6\n|teamsize|p2|6\n|gen|9\n|tier|[Gen 9] Ubers\n|rated|\n|rule|Sleep Clause Mod: Limit one foe put to sleep\n|rule|Species Clause: Limit one of each Pok\u00e9mon\n|rule|OHKO Clause: OHKO moves are banned\n|rule|Evasion Items Clause: Evasion items are banned\n|rule|Evasion Moves Clause: Evasion moves are banned\n|rule|Endless Battle Clause: Forcing endless battles is banned\n|rule|HP Percentage Mod: HP is shown in percentages\n|clearpoke\n|poke|p1|Arceus-Poison|\n|poke|p1|Espathra, M|\n|poke|p1|Giratina-Origin|\n|poke|p1|Sneasler, M|\n|poke|p1|Landorus, M|\n|poke|p1|Chien-Pao|\n|poke|p2|Iron Bundle|\n|poke|p2|Miraidon|\n|poke|p2|Skeledirge, M|\n|poke|p2|Blissey, F|\n|poke|p2|Arceus|\n|poke|p2|Gliscor, M|\n|teampreview\n|inactive|Battle timer is ON: inactive players will automatically lose when time's up. (requested by lil bro driving)\n|\n|t:|1700512192\n|start\n|switch|p1a: Giratina|Giratina-Origin|100\/100\n|switch|p2a: Miraidon|Miraidon|100\/100\n|-fieldstart|move: Electric Terrain|[from] ability: Hadron Engine|[of] p2a: Miraidon\n|turn|1\n|\n|t:|1700512200\n|move|p2a: Miraidon|Draco Meteor|p1a: Giratina\n|-supereffective|p1a: Giratina\n|-damage|p1a: Giratina|17\/100\n|-unboost|p2a: Miraidon|spa|2\n|move|p1a: Giratina|Earth Power|p2a: Miraidon\n|-supereffective|p2a: Miraidon\n|-damage|p2a: Miraidon|59\/100\n|\n|upkeep\n|turn|2\n|\n|t:|1700512222\n|switch|p1a: Arceus|Arceus-Poison|100\/100\n|move|p2a: Miraidon|Draco Meteor|p1a: Arceus\n|-damage|p1a: Arceus|71\/100\n|-unboost|p2a: Miraidon|spa|2\n|\n|upkeep\n|turn|3\n|\n|t:|1700512234\n|move|p2a: Miraidon|Volt Switch|p1a: Arceus\n|-damage|p1a: Arceus|55\/100\n|\n|t:|1700512237\n|switch|p2a: Blissey|Blissey, F|100\/100|[from] Volt Switch\n|move|p1a: Arceus|Calm Mind|p1a: Arceus\n|-boost|p1a: Arceus|spa|1\n|-boost|p1a: Arceus|spd|1\n|\n|upkeep\n|turn|4\n|\n|t:|1700512250\n|move|p1a: Arceus|Judgment|p2a: Blissey\n|-damage|p2a: Blissey|81\/100\n|move|p2a: Blissey|Thunder Wave|p1a: Arceus|[miss]\n|-miss|p2a: Blissey|p1a: Arceus\n|\n|upkeep\n|turn|5\n|\n|t:|1700512257\n|switch|p1a: Landorus|Landorus, M|100\/100\n|move|p2a: Blissey|Stealth Rock|p1a: Landorus\n|-sidestart|p1: Car_man01|move: Stealth Rock\n|\n|-fieldend|move: Electric Terrain\n|upkeep\n|turn|6\n|\n|t:|1700512264\n|switch|p2a: Gliscor|Gliscor, M|100\/100\n|move|p1a: Landorus|Taunt|p2a: Gliscor\n|-start|p2a: Gliscor|move: Taunt\n|\n|-status|p2a: Gliscor|tox|[from] item: Toxic Orb\n|upkeep\n|turn|7\n|\n|t:|1700512271\n|move|p1a: Landorus|Stealth Rock|p2a: Gliscor\n|-sidestart|p2: lil bro driving|move: Stealth Rock\n|move|p2a: Gliscor|Knock Off|p1a: Landorus\n|-crit|p1a: Landorus\n|-damage|p1a: Landorus|60\/100\n|-enditem|p1a: Landorus|Leftovers|[from] move: Knock Off|[of] p2a: Gliscor\n|\n|upkeep\n|turn|8\n|\n|t:|1700512281\n|switch|p2a: Iron Bundle|Iron Bundle|100\/100\n|move|p1a: Landorus|U-turn|p2a: Iron Bundle\n|-damage|p2a: Iron Bundle|69\/100\n|\n|t:|1700512289\n|switch|p1a: Arceus|Arceus-Poison|55\/100|[from] U-turn\n|-damage|p1a: Arceus|43\/100|[from] Stealth Rock\n|\n|upkeep\n|turn|9\n|\n|t:|1700512296\n|-end|p2a: Iron Bundle|Quark Drive|[silent]\n|switch|p2a: Blissey|Blissey, F|81\/100\n|move|p1a: Arceus|Recover|p1a: Arceus\n|-heal|p1a: Arceus|93\/100\n|\n|upkeep\n|turn|10\n|\n|t:|1700512301\n|switch|p1a: Giratina|Giratina-Origin|17\/100\n|-damage|p1a: Giratina|4\/100|[from] Stealth Rock\n|move|p2a: Blissey|Seismic Toss|p1a: Giratina\n|-immune|p1a: Giratina\n|\n|upkeep\n|turn|11\n|\n|t:|1700512308\n|move|p1a: Giratina|Pain Split|p2a: Blissey\n|-sethp|p2a: Blissey|42\/100|[from] move: Pain Split|[silent]\n|-sethp|p1a: Giratina|59\/100|[from] move: Pain Split\n|move|p2a: Blissey|Thunder Wave|p1a: Giratina|[miss]\n|-miss|p2a: Blissey|p1a: Giratina\n|\n|upkeep\n|turn|12\n|\n|t:|1700512316\n|switch|p1a: Landorus|Landorus, M|60\/100\n|-damage|p1a: Landorus|48\/100|[from] Stealth Rock\n|move|p2a: Blissey|Soft-Boiled|p2a: Blissey\n|-heal|p2a: Blissey|92\/100\n|\n|upkeep\n|turn|13\n|\n|t:|1700512324\n|switch|p2a: Gliscor|Gliscor, M|100\/100 tox\n|-damage|p2a: Gliscor|88\/100 tox|[from] Stealth Rock\n|move|p1a: Landorus|Taunt|p2a: Gliscor\n|-start|p2a: Gliscor|move: Taunt\n|\n|-heal|p2a: Gliscor|100\/100 tox|[from] ability: Poison Heal\n|upkeep\n|turn|14\n|\n|t:|1700512332\n|move|p1a: Landorus|U-turn|p2a: Gliscor\n|-resisted|p2a: Gliscor\n|-damage|p2a: Gliscor|93\/100 tox\n|\n|t:|1700512337\n|switch|p1a: Chien-Pao|Chien-Pao|100\/100|[from] U-turn\n|-damage|p1a: Chien-Pao|76\/100|[from] Stealth Rock\n|-ability|p1a: Chien-Pao|Sword of Ruin\n|move|p2a: Gliscor|Knock Off|p1a: Chien-Pao\n|-resisted|p1a: Chien-Pao\n|-damage|p1a: Chien-Pao|60\/100\n|-enditem|p1a: Chien-Pao|Focus Sash|[from] move: Knock Off|[of] p2a: Gliscor\n|\n|-heal|p2a: Gliscor|100\/100 tox|[from] ability: Poison Heal\n|upkeep\n|turn|15\n|\n|t:|1700512348\n|-terastallize|p2a: Gliscor|Water\n|move|p1a: Chien-Pao|Icicle Crash|p2a: Gliscor\n|-resisted|p2a: Gliscor\n|-damage|p2a: Gliscor|84\/100 tox\n|cant|p2a: Gliscor|flinch\n|\n|-heal|p2a: Gliscor|97\/100 tox|[from] ability: Poison Heal\n|-end|p2a: Gliscor|move: Taunt\n|upkeep\n|turn|16\n|\n|t:|1700512360\n|move|p1a: Chien-Pao|Swords Dance|p1a: Chien-Pao\n|-boost|p1a: Chien-Pao|atk|2\n|move|p2a: Gliscor|Earthquake|p1a: Chien-Pao\n|-damage|p1a: Chien-Pao|11\/100\n|\n|-heal|p2a: Gliscor|100\/100 tox|[from] ability: Poison Heal\n|upkeep\n|turn|17\n|\n|t:|1700512375\n|move|p1a: Chien-Pao|Night Slash|p2a: Gliscor\n|-damage|p2a: Gliscor|41\/100 tox\n|move|p2a: Gliscor|Earthquake|p1a: Chien-Pao\n|-damage|p1a: Chien-Pao|0 fnt\n|faint|p1a: Chien-Pao\n|\n|-heal|p2a: Gliscor|53\/100 tox|[from] ability: Poison Heal\n|upkeep\n|\n|t:|1700512385\n|switch|p1a: Sneasler|Sneasler, M|100\/100\n|-damage|p1a: Sneasler|95\/100|[from] Stealth Rock\n|turn|18\n|\n|t:|1700512389\n|move|p1a: Sneasler|Fake Out|p2a: Gliscor\n|-enditem|p1a: Sneasler|Normal Gem|[from] gem\n|-damage|p2a: Gliscor|43\/100 tox\n|cant|p2a: Gliscor|flinch\n|\n|-heal|p2a: Gliscor|55\/100 tox|[from] ability: Poison Heal\n|upkeep\n|turn|19\n|\n|t:|1700512400\n|-terastallize|p1a: Sneasler|Fighting\n|move|p1a: Sneasler|Close Combat|p2a: Gliscor\n|-damage|p2a: Gliscor|7\/100 tox\n|-unboost|p1a: Sneasler|def|1\n|-unboost|p1a: Sneasler|spd|1\n|move|p2a: Gliscor|Earthquake|p1a: Sneasler\n|-damage|p1a: Sneasler|14\/100\n|\n|-heal|p2a: Gliscor|19\/100 tox|[from] ability: Poison Heal\n|upkeep\n|turn|20\n|\n|t:|1700512412\n|move|p2a: Gliscor|Protect|p2a: Gliscor\n|-singleturn|p2a: Gliscor|Protect\n|move|p1a: Sneasler|U-turn|p2a: Gliscor\n|-activate|p2a: Gliscor|move: Protect\n|\n|-heal|p2a: Gliscor|32\/100 tox|[from] ability: Poison Heal\n|upkeep\n|turn|21\n|\n|t:|1700512417\n|switch|p2a: Skeledirge|Skeledirge, M|100\/100\n|move|p1a: Sneasler|Close Combat|p2a: Skeledirge\n|-immune|p2a: Skeledirge\n|\n|upkeep\n|turn|22\n|\n|t:|1700512424\n|move|p1a: Sneasler|Dire Claw|p2a: Skeledirge\n|-resisted|p2a: Skeledirge\n|-damage|p2a: Skeledirge|89\/100\n|move|p2a: Skeledirge|Torch Song|p1a: Sneasler\n|-damage|p1a: Sneasler|0 fnt\n|-boost|p2a: Skeledirge|spa|1\n|faint|p1a: Sneasler\n|\n|upkeep\n|\n|t:|1700512435\n|switch|p1a: Espathra|Espathra, M|100\/100\n|-damage|p1a: Espathra|88\/100|[from] Stealth Rock\n|turn|23\n|\n|t:|1700512441\n|move|p1a: Espathra|Protect|p1a: Espathra\n|-singleturn|p1a: Espathra|Protect\n|move|p2a: Skeledirge|Shadow Ball|p1a: Espathra\n|-activate|p1a: Espathra|move: Protect\n|\n|-ability|p1a: Espathra|Speed Boost|boost\n|-boost|p1a: Espathra|spe|1\n|upkeep\n|turn|24\n|\n|t:|1700512448\n|move|p1a: Espathra|Calm Mind|p1a: Espathra\n|-boost|p1a: Espathra|spa|1\n|-boost|p1a: Espathra|spd|1\n|move|p2a: Skeledirge|Shadow Ball|p1a: Espathra\n|-supereffective|p1a: Espathra\n|-damage|p1a: Espathra|0 fnt\n|faint|p1a: Espathra\n|\n|upkeep\n|\n|t:|1700512456\n|switch|p1a: Giratina|Giratina-Origin|59\/100\n|-damage|p1a: Giratina|47\/100|[from] Stealth Rock\n|turn|25\n|\n|t:|1700512462\n|switch|p2a: Blissey|Blissey, F|92\/100\n|move|p1a: Giratina|Shadow Ball|p2a: Blissey\n|-immune|p2a: Blissey\n|\n|upkeep\n|turn|26\n|\n|t:|1700512468\n|switch|p1a: Landorus|Landorus, M|48\/100\n|-damage|p1a: Landorus|36\/100|[from] Stealth Rock\n|move|p2a: Blissey|Thunder Wave|p1a: Landorus\n|-immune|p1a: Landorus\n|\n|upkeep\n|turn|27\n|\n|t:|1700512479\n|switch|p2a: Gliscor|Gliscor, M, tera:Water|32\/100 tox\n|-damage|p2a: Gliscor|19\/100 tox|[from] Stealth Rock\n|move|p1a: Landorus|Earthquake|p2a: Gliscor\n|-damage|p2a: Gliscor|0 fnt\n|faint|p2a: Gliscor\n|\n|upkeep\n|\n|t:|1700512487\n|switch|p2a: Iron Bundle|Iron Bundle|69\/100\n|turn|28\n|\n|t:|1700512493\n|move|p2a: Iron Bundle|Ice Beam|p1a: Landorus\n|-supereffective|p1a: Landorus\n|-damage|p1a: Landorus|0 fnt\n|faint|p1a: Landorus\n|\n|upkeep\n|\n|t:|1700512500\n|switch|p1a: Arceus|Arceus-Poison|93\/100\n|-damage|p1a: Arceus|80\/100|[from] Stealth Rock\n|turn|29\n|\n|t:|1700512509\n|-end|p2a: Iron Bundle|Quark Drive|[silent]\n|switch|p2a: Blissey|Blissey, F|92\/100\n|move|p1a: Arceus|Calm Mind|p1a: Arceus\n|-boost|p1a: Arceus|spa|1\n|-boost|p1a: Arceus|spd|1\n|\n|upkeep\n|turn|30\n|\n|t:|1700512519\n|move|p1a: Arceus|Calm Mind|p1a: Arceus\n|-boost|p1a: Arceus|spa|1\n|-boost|p1a: Arceus|spd|1\n|move|p2a: Blissey|Thunder Wave|p1a: Arceus|[miss]\n|-miss|p2a: Blissey|p1a: Arceus\n|\n|upkeep\n|turn|31\n|\n|t:|1700512529\n|move|p1a: Arceus|Judgment|p2a: Blissey\n|-damage|p2a: Blissey|64\/100\n|move|p2a: Blissey|Thunder Wave|p1a: Arceus\n|-status|p1a: Arceus|par\n|\n|upkeep\n|turn|32\n|\n|t:|1700512538\n|move|p1a: Arceus|Calm Mind|p1a: Arceus\n|-boost|p1a: Arceus|spa|1\n|-boost|p1a: Arceus|spd|1\n|move|p2a: Blissey|Seismic Toss|p1a: Arceus\n|-damage|p1a: Arceus|58\/100 par\n|\n|upkeep\n|turn|33\n|\n|t:|1700512547\n|cant|p1a: Arceus|par\n|move|p2a: Blissey|Soft-Boiled|p2a: Blissey\n|-heal|p2a: Blissey|100\/100\n|\n|upkeep\n|turn|34\n|\n|t:|1700512552\n|move|p1a: Arceus|Judgment|p2a: Blissey\n|-damage|p2a: Blissey|67\/100\n|move|p2a: Blissey|Seismic Toss|p1a: Arceus\n|-damage|p1a: Arceus|35\/100 par\n|\n|upkeep\n|turn|35\n|\n|t:|1700512561\n|switch|p2a: Skeledirge|Skeledirge, M|89\/100\n|move|p1a: Arceus|Recover|p1a: Arceus\n|-heal|p1a: Arceus|85\/100 par\n|\n|upkeep\n|turn|36\n|\n|t:|1700512568\n|cant|p1a: Arceus|par\n|move|p2a: Skeledirge|Torch Song|p1a: Arceus\n|-damage|p1a: Arceus|65\/100 par\n|-boost|p2a: Skeledirge|spa|1\n|\n|upkeep\n|turn|37\n|\n|t:|1700512577\n|cant|p1a: Arceus|par\n|move|p2a: Skeledirge|Torch Song|p1a: Arceus\n|-damage|p1a: Arceus|38\/100 par\n|-boost|p2a: Skeledirge|spa|1\n|\n|upkeep\n|turn|38\n|\n|t:|1700512590\n|move|p1a: Arceus|Earth Power|p2a: Skeledirge\n|-supereffective|p2a: Skeledirge\n|-damage|p2a: Skeledirge|36\/100\n|move|p2a: Skeledirge|Torch Song|p1a: Arceus\n|-damage|p1a: Arceus|1\/100 par\n|-boost|p2a: Skeledirge|spa|1\n|\n|upkeep\n|turn|39\n|\n|t:|1700512599\n|move|p1a: Arceus|Recover|p1a: Arceus\n|-heal|p1a: Arceus|51\/100 par\n|move|p2a: Skeledirge|Torch Song|p1a: Arceus\n|-damage|p1a: Arceus|0 fnt\n|-boost|p2a: Skeledirge|spa|1\n|faint|p1a: Arceus\n|\n|upkeep\n|-message|Car_man01 forfeited.\n|\n|win|lil bro driving\n|raw|Car_man01's rating: 1043 &rarr; <strong>1025<\/strong><br \/>(-18 for losing)\n|raw|lil bro driving's rating: 1000 &rarr; <strong>1045<\/strong><br \/>(+45 for winning)\n|l|\u203dCar_man01\n","uploadtime":1700512613,"views":1,"p1id":"carman01","p2id":"lilbrodriving","formatid":"gen9ubers","rating":1025,"private":0,"password":""}