{"id":"gen9ubers-1986100312","p1":"Shadow2054","p2":"ThePuzzler13","format":"[Gen 9] Ubers","log":"|j|\u2606Shadow2054\n|j|\u2606ThePuzzler13\n|t:|1699450087\n|gametype|singles\n|player|p1|Shadow2054|ninjaboy|\n|player|p2|ThePuzzler13|1|\n|teamsize|p1|6\n|teamsize|p2|6\n|gen|9\n|tier|[Gen 9] Ubers\n|rule|Sleep Clause Mod: Limit one foe put to sleep\n|rule|Species Clause: Limit one of each Pok\u00e9mon\n|rule|OHKO Clause: OHKO moves are banned\n|rule|Evasion Items Clause: Evasion items are banned\n|rule|Evasion Moves Clause: Evasion moves are banned\n|rule|Endless Battle Clause: Forcing endless battles is banned\n|rule|HP Percentage Mod: HP is shown in percentages\n|clearpoke\n|poke|p1|Azelf|\n|poke|p1|Espathra, F|\n|poke|p1|Zacian-*|\n|poke|p1|Roaring Moon|\n|poke|p1|Scizor, M|\n|poke|p1|Ursaluna-Bloodmoon, M|\n|poke|p2|Masquerain, M|\n|poke|p2|Arceus-Ice|\n|poke|p2|Gholdengo|\n|poke|p2|Palafin, M|\n|poke|p2|Chi-Yu|\n|poke|p2|Zamazenta-*|\n|teampreview\n|inactive|Battle timer is ON: inactive players will automatically lose when time's up. (requested by ThePuzzler13)\n|c|\u2606Shadow2054|nt\n|c|\u2606Shadow2054|sent\n|c|\u2606Shadow2054|glhf\n|c|\u2606ThePuzzler13|glhf\n|\n|t:|1699450109\n|start\n|switch|p1a: Azelf|Azelf|100\/100\n|switch|p2a: Masquerain|Masquerain, M|100\/100\n|-ability|p2a: Masquerain|Intimidate|boost\n|-unboost|p1a: Azelf|atk|1\n|turn|1\n|\n|t:|1699450114\n|move|p1a: Azelf|Stealth Rock|p2a: Masquerain\n|-sidestart|p2: ThePuzzler13|move: Stealth Rock\n|move|p2a: Masquerain|Bug Buzz|p1a: Azelf\n|-supereffective|p1a: Azelf\n|-enditem|p1a: Azelf|Focus Sash\n|-damage|p1a: Azelf|1\/100\n|\n|upkeep\n|turn|2\n|\n|t:|1699450121\n|move|p1a: Azelf|Taunt|p2a: Masquerain\n|-start|p2a: Masquerain|move: Taunt\n|move|p2a: Masquerain|Bug Buzz|p1a: Azelf\n|-supereffective|p1a: Azelf\n|-damage|p1a: Azelf|0 fnt\n|faint|p1a: Azelf\n|\n|upkeep\n|inactive|Shadow2054 has 270 seconds left.\n|\n|t:|1699450153\n|switch|p1a: Roaring Moon|Roaring Moon|100\/100\n|-enditem|p1a: Roaring Moon|Booster Energy\n|-activate|p1a: Roaring Moon|ability: Protosynthesis|[fromitem]\n|-start|p1a: Roaring Moon|protosynthesisatk\n|turn|3\n|\n|t:|1699450158\n|-terastallize|p1a: Roaring Moon|Flying\n|move|p1a: Roaring Moon|Dragon Dance|p1a: Roaring Moon\n|-boost|p1a: Roaring Moon|atk|1\n|-boost|p1a: Roaring Moon|spe|1\n|move|p2a: Masquerain|Bug Buzz|p1a: Roaring Moon\n|-resisted|p1a: Roaring Moon\n|-damage|p1a: Roaring Moon|82\/100\n|-unboost|p1a: Roaring Moon|spd|1\n|\n|upkeep\n|turn|4\n|\n|t:|1699450173\n|move|p1a: Roaring Moon|Dragon Dance|p1a: Roaring Moon\n|-boost|p1a: Roaring Moon|atk|1\n|-boost|p1a: Roaring Moon|spe|1\n|move|p2a: Masquerain|Bug Buzz|p1a: Roaring Moon\n|-resisted|p1a: Roaring Moon\n|-damage|p1a: Roaring Moon|55\/100\n|\n|-end|p2a: Masquerain|move: Taunt\n|upkeep\n|turn|5\n|\n|t:|1699450178\n|move|p1a: Roaring Moon|Substitute|p1a: Roaring Moon\n|-start|p1a: Roaring Moon|Substitute\n|-damage|p1a: Roaring Moon|30\/100\n|move|p2a: Masquerain|Whirlwind|p1a: Roaring Moon\n|-end|p1a: Roaring Moon|Protosynthesis|[silent]\n|drag|p1a: Scizor|Scizor, M|100\/100\n|\n|upkeep\n|turn|6\n|\n|t:|1699450190\n|move|p2a: Masquerain|Sticky Web|p1a: Scizor\n|-sidestart|p1: Shadow2054|move: Sticky Web\n|move|p1a: Scizor|U-turn|p2a: Masquerain\n|-resisted|p2a: Masquerain\n|-damage|p2a: Masquerain|45\/100\n|\n|t:|1699450200\n|switch|p1a: Roaring Moon|Roaring Moon, tera:Flying|30\/100|[from] U-turn\n|\n|upkeep\n|turn|7\n|l|\u2606ThePuzzler13\n|inactive|ThePuzzler13 disconnected and has 300 seconds to reconnect!\n|player|p2|\n|inactive|ThePuzzler13 has 270 seconds to reconnect!\n|j|\u2606ThePuzzler13\n|inactive|ThePuzzler13 reconnected and has 285 seconds left.\n|player|p2|ThePuzzler13|1\n|\n|t:|1699450254\n|move|p1a: Roaring Moon|Acrobatics|p2a: Masquerain\n|-supereffective|p2a: Masquerain\n|-damage|p2a: Masquerain|0 fnt\n|faint|p2a: Masquerain\n|\n|upkeep\n|\n|t:|1699450263\n|switch|p2a: Palafin|Palafin, M|100\/100\n|-damage|p2a: Palafin|88\/100|[from] Stealth Rock\n|turn|8\n|\n|t:|1699450267\n|move|p1a: Roaring Moon|Knock Off|p2a: Palafin\n|-damage|p2a: Palafin|15\/100\n|-enditem|p2a: Palafin|Choice Band|[from] move: Knock Off|[of] p1a: Roaring Moon\n|move|p2a: Palafin|Flip Turn|p1a: Roaring Moon\n|-damage|p1a: Roaring Moon|2\/100\n|\n|t:|1699450279\n|detailschange|p2a: Palafin|Palafin-Hero, M\n|switch|p2a: Arceus|Arceus-Ice|100\/100|[from] Flip Turn\n|-damage|p2a: Arceus|76\/100|[from] Stealth Rock\n|\n|upkeep\n|turn|9\n|\n|t:|1699450283\n|move|p1a: Roaring Moon|Acrobatics|p2a: Arceus\n|-damage|p2a: Arceus|27\/100\n|move|p2a: Arceus|Calm Mind|p2a: Arceus\n|-boost|p2a: Arceus|spa|1\n|-boost|p2a: Arceus|spd|1\n|\n|upkeep\n|turn|10\n|\n|t:|1699450287\n|move|p1a: Roaring Moon|Acrobatics|p2a: Arceus\n|-damage|p2a: Arceus|0 fnt\n|faint|p2a: Arceus\n|\n|upkeep\n|\n|t:|1699450292\n|switch|p2a: Gholdengo|Gholdengo|100\/100\n|-damage|p2a: Gholdengo|94\/100|[from] Stealth Rock\n|turn|11\n|\n|t:|1699450298\n|move|p2a: Gholdengo|Shadow Ball|p1a: Roaring Moon\n|-damage|p1a: Roaring Moon|0 fnt\n|faint|p1a: Roaring Moon\n|-end|p1a: Roaring Moon|Protosynthesis|[silent]\n|\n|upkeep\n|\n|t:|1699450301\n|switch|p1a: Ursaluna|Ursaluna-Bloodmoon, M|100\/100\n|-activate|p1a: Ursaluna|move: Sticky Web\n|-unboost|p1a: Ursaluna|spe|1\n|turn|12\n|\n|t:|1699450317\n|switch|p2a: Zamazenta|Zamazenta-Crowned|100\/100\n|-damage|p2a: Zamazenta|97\/100|[from] Stealth Rock\n|-ability|p2a: Zamazenta|Dauntless Shield|boost\n|-boost|p2a: Zamazenta|def|1\n|move|p1a: Ursaluna|Earth Power|p2a: Zamazenta\n|-supereffective|p2a: Zamazenta\n|-damage|p2a: Zamazenta|0 fnt\n|faint|p2a: Zamazenta\n|\n|upkeep\n|\n|t:|1699450322\n|switch|p2a: Gholdengo|Gholdengo|94\/100\n|-damage|p2a: Gholdengo|88\/100|[from] Stealth Rock\n|turn|13\n|\n|t:|1699450334\n|switch|p1a: Espathra|Espathra, F|100\/100\n|-activate|p1a: Espathra|move: Sticky Web\n|-unboost|p1a: Espathra|spe|1\n|move|p2a: Gholdengo|Focus Blast|p1a: Espathra\n|-resisted|p1a: Espathra\n|-damage|p1a: Espathra|75\/100\n|\n|-heal|p1a: Espathra|81\/100|[from] item: Leftovers\n|upkeep\n|turn|14\n|\n|t:|1699450343\n|switch|p2a: Chi-Yu|Chi-Yu|100\/100\n|-damage|p2a: Chi-Yu|76\/100|[from] Stealth Rock\n|-ability|p2a: Chi-Yu|Beads of Ruin\n|move|p1a: Espathra|Calm Mind|p1a: Espathra\n|-boost|p1a: Espathra|spa|1\n|-boost|p1a: Espathra|spd|1\n|\n|-heal|p1a: Espathra|87\/100|[from] item: Leftovers\n|-ability|p1a: Espathra|Speed Boost|boost\n|-boost|p1a: Espathra|spe|1\n|upkeep\n|turn|15\n|\n|t:|1699450348\n|move|p1a: Espathra|Protect|p1a: Espathra\n|-singleturn|p1a: Espathra|Protect\n|move|p2a: Chi-Yu|Dark Pulse|p1a: Espathra\n|-activate|p1a: Espathra|move: Protect\n|\n|-heal|p1a: Espathra|93\/100|[from] item: Leftovers\n|-ability|p1a: Espathra|Speed Boost|boost\n|-boost|p1a: Espathra|spe|1\n|upkeep\n|turn|16\n|\n|t:|1699450360\n|move|p1a: Espathra|Calm Mind|p1a: Espathra\n|-boost|p1a: Espathra|spa|1\n|-boost|p1a: Espathra|spd|1\n|move|p2a: Chi-Yu|Dark Pulse|p1a: Espathra\n|-supereffective|p1a: Espathra\n|-damage|p1a: Espathra|0 fnt\n|faint|p1a: Espathra\n|\n|upkeep\n|inactive|Shadow2054 has 270 seconds left.\n|\n|t:|1699450386\n|switch|p1a: Zacian|Zacian|100\/100\n|-activate|p1a: Zacian|move: Sticky Web\n|-unboost|p1a: Zacian|spe|1\n|-ability|p1a: Zacian|Intrepid Sword|boost\n|-boost|p1a: Zacian|atk|1\n|turn|17\n|inactive|Shadow2054 has 270 seconds left.\n|\n|t:|1699450406\n|switch|p2a: Gholdengo|Gholdengo|88\/100\n|-damage|p2a: Gholdengo|82\/100|[from] Stealth Rock\n|move|p1a: Zacian|Dig||[still]\n|-prepare|p1a: Zacian|Dig\n|-enditem|p1a: Zacian|Power Herb\n|-anim|p1a: Zacian|Dig|p2a: Gholdengo\n|-supereffective|p2a: Gholdengo\n|-damage|p2a: Gholdengo|0 fnt\n|faint|p2a: Gholdengo\n|\n|upkeep\n|\n|t:|1699450415\n|switch|p2a: Chi-Yu|Chi-Yu|76\/100\n|-damage|p2a: Chi-Yu|51\/100|[from] Stealth Rock\n|-ability|p2a: Chi-Yu|Beads of Ruin\n|turn|18\n|\n|t:|1699450420\n|move|p2a: Chi-Yu|Flamethrower|p1a: Zacian\n|-damage|p1a: Zacian|2\/100\n|move|p1a: Zacian|Close Combat|p2a: Chi-Yu\n|-supereffective|p2a: Chi-Yu\n|-damage|p2a: Chi-Yu|0 fnt\n|-unboost|p1a: Zacian|def|1\n|-unboost|p1a: Zacian|spd|1\n|faint|p2a: Chi-Yu\n|\n|upkeep\n|\n|t:|1699450424\n|switch|p2a: Palafin|Palafin-Hero, M|15\/100\n|-damage|p2a: Palafin|3\/100|[from] Stealth Rock\n|-activate|p2a: Palafin|ability: Zero to Hero\n|turn|19\n|\n|t:|1699450436\n|-terastallize|p2a: Palafin|Fighting\n|move|p2a: Palafin|Close Combat|p1a: Zacian\n|-resisted|p1a: Zacian\n|-damage|p1a: Zacian|0 fnt\n|-unboost|p2a: Palafin|def|1\n|-unboost|p2a: Palafin|spd|1\n|faint|p1a: Zacian\n|\n|upkeep\n|\n|t:|1699450439\n|switch|p1a: Scizor|Scizor, M|100\/100\n|-activate|p1a: Scizor|move: Sticky Web\n|-unboost|p1a: Scizor|spe|1\n|turn|20\n|c|\u2606Shadow2054|gg\n|\n|t:|1699450446\n|move|p1a: Scizor|Bullet Punch|p2a: Palafin\n|-damage|p2a: Palafin|0 fnt\n|faint|p2a: Palafin\n|\n|win|Shadow2054\n|c|\u2606ThePuzzler13|gg\n|c|\u2606ThePuzzler13|you have the replays?\n|l|\u2606ThePuzzler13\n","uploadtime":1699450512,"views":59,"p1id":"shadow2054","p2id":"thepuzzler13","formatid":"gen9ubers","rating":0,"private":0,"password":""}