{"id":"gen9ubers-1978458825","p1":"HinaKagiyama1","p2":"leonissenbaum","format":"[Gen 9] Ubers","log":"|j|\u2606HinaKagiyama1\n|j|\u2606leonissenbaum\n|t:|1698541658\n|gametype|singles\n|player|p1|HinaKagiyama1|265|\n|player|p2|leonissenbaum|leon|\n|teamsize|p1|6\n|teamsize|p2|6\n|gen|9\n|tier|[Gen 9] Ubers\n|rule|Sleep Clause Mod: Limit one foe put to sleep\n|rule|Species Clause: Limit one of each Pok\u00e9mon\n|rule|OHKO Clause: OHKO moves are banned\n|rule|Evasion Items Clause: Evasion items are banned\n|rule|Evasion Moves Clause: Evasion moves are banned\n|rule|Endless Battle Clause: Forcing endless battles is banned\n|rule|HP Percentage Mod: HP is shown in percentages\n|clearpoke\n|poke|p1|Magearna|\n|poke|p1|Ursaluna-Bloodmoon, M|\n|poke|p1|Garganacl, M|\n|poke|p1|Garchomp, M|\n|poke|p1|Palkia-Origin|\n|poke|p1|Kommo-o, M|\n|poke|p2|Giratina|\n|poke|p2|Gliscor, M|\n|poke|p2|Blissey, F|\n|poke|p2|Dondozo, F|\n|poke|p2|Clefable, M|\n|poke|p2|Espeon, M|\n|teampreview\n|c|\u2606HinaKagiyama1|Oh god\n|c|\u2606leonissenbaum|gl!\n|c|\u2606leonissenbaum|lol\n|c|\u2606HinaKagiyama1|Well\n|c|\u2606HinaKagiyama1|one trick won\u2019t work\n|\n|t:|1698541689\n|start\n|switch|p1a: Palkia|Palkia-Origin|100\/100\n|switch|p2a: Gliscor|Gliscor, M|100\/100\n|-ability|p1a: Palkia|Pressure\n|turn|1\n|j| Shedinja999\n|\n|t:|1698541695\n|move|p2a: Gliscor|Protect|p2a: Gliscor\n|-singleturn|p2a: Gliscor|Protect\n|move|p1a: Palkia|Substitute|p1a: Palkia\n|-start|p1a: Palkia|Substitute\n|-damage|p1a: Palkia|76\/100\n|\n|-status|p2a: Gliscor|tox|[from] item: Toxic Orb\n|upkeep\n|turn|2\n|c| Shedinja999|yo\n|c|\u2606leonissenbaum|yo\n|c|\u2606HinaKagiyama1|Hello\n|\n|t:|1698541707\n|switch|p2a: Blissey|Blissey, F|100\/100\n|move|p1a: Palkia|Surf|p2a: Blissey\n|-damage|p2a: Blissey|81\/100\n|\n|-heal|p2a: Blissey|88\/100|[from] item: Leftovers\n|upkeep\n|turn|3\n|\n|t:|1698541715\n|move|p1a: Palkia|Spacial Rend|p2a: Blissey\n|-damage|p2a: Blissey|67\/100\n|move|p2a: Blissey|Stealth Rock|p1a: Palkia\n|-sidestart|p1: HinaKagiyama1|move: Stealth Rock\n|\n|-heal|p2a: Blissey|73\/100|[from] item: Leftovers\n|upkeep\n|turn|4\n|\n|t:|1698541723\n|switch|p1a: Magearna|Magearna|100\/100\n|-damage|p1a: Magearna|94\/100|[from] Stealth Rock\n|move|p2a: Blissey|Seismic Toss|p1a: Magearna\n|-damage|p1a: Magearna|67\/100\n|\n|-heal|p1a: Magearna|73\/100|[from] item: Leftovers\n|-heal|p2a: Blissey|79\/100|[from] item: Leftovers\n|upkeep\n|turn|5\n|\n|t:|1698541730\n|switch|p2a: Espeon|Espeon, M|100\/100\n|move|p1a: Magearna|Trick Room|p1a: Magearna\n|-fieldstart|move: Trick Room|[of] p1a: Magearna\n|\n|-heal|p1a: Magearna|79\/100|[from] item: Leftovers\n|upkeep\n|turn|6\n|\n|t:|1698541742\n|move|p1a: Magearna|Volt Switch|p2a: Espeon\n|-damage|p2a: Espeon|80\/100\n|\n|t:|1698541747\n|switch|p1a: Kommo-o|Kommo-o, M|100\/100|[from] Volt Switch\n|-damage|p1a: Kommo-o|94\/100|[from] Stealth Rock\n|move|p2a: Espeon|Trick|p1a: Kommo-o\n|-activate|p2a: Espeon|move: Trick|[of] p1a: Kommo-o\n|-item|p1a: Kommo-o|Choice Scarf|[from] move: Trick\n|-item|p2a: Espeon|Sitrus Berry|[from] move: Trick\n|\n|upkeep\n|turn|7\n|\n|t:|1698541765\n|switch|p2a: Gliscor|Gliscor, M|100\/100 tox\n|switch|p1a: Magearna|Magearna|79\/100\n|-damage|p1a: Magearna|73\/100|[from] Stealth Rock\n|\n|-heal|p1a: Magearna|79\/100|[from] item: Leftovers\n|upkeep\n|turn|8\n|\n|t:|1698541773\n|switch|p2a: Espeon|Espeon, M|80\/100\n|move|p1a: Magearna|Draining Kiss|p2a: Espeon\n|-damage|p2a: Espeon|58\/100\n|-heal|p1a: Magearna|94\/100|[from] drain|[of] p2a: Espeon\n|\n|-heal|p1a: Magearna|99\/100|[from] item: Leftovers\n|upkeep\n|turn|9\n|\n|t:|1698541776\n|move|p1a: Magearna|Draining Kiss|p2a: Espeon\n|-crit|p2a: Espeon\n|-damage|p2a: Espeon|25\/100\n|-heal|p1a: Magearna|100\/100|[from] drain|[of] p2a: Espeon\n|-enditem|p2a: Espeon|Sitrus Berry|[eat]\n|-heal|p2a: Espeon|50\/100|[from] item: Sitrus Berry\n|move|p2a: Espeon|Morning Sun|p2a: Espeon\n|-heal|p2a: Espeon|99\/100\n|\n|-fieldend|move: Trick Room\n|upkeep\n|turn|10\n|\n|t:|1698541781\n|move|p2a: Espeon|Light Screen|p2a: Espeon\n|-sidestart|p2: leonissenbaum|move: Light Screen\n|move|p1a: Magearna|Volt Switch|p2a: Espeon\n|-damage|p2a: Espeon|90\/100\n|\n|t:|1698541794\n|switch|p1a: Garchomp|Garchomp, M|100\/100|[from] Volt Switch\n|-damage|p1a: Garchomp|94\/100|[from] Stealth Rock\n|\n|upkeep\n|turn|11\n|\n|t:|1698541804\n|move|p1a: Garchomp|Swords Dance|p1a: Garchomp\n|-boost|p1a: Garchomp|atk|2\n|move|p2a: Espeon|Psyshock|p1a: Garchomp\n|-damage|p1a: Garchomp|58\/100\n|\n|upkeep\n|turn|12\n|\n|t:|1698541810\n|switch|p2a: Dondozo|Dondozo, F|100\/100\n|move|p1a: Garchomp|Scale Shot|p2a: Dondozo\n|-damage|p2a: Dondozo|95\/100\n|-damage|p2a: Dondozo|88\/100\n|-damage|p2a: Dondozo|82\/100\n|-damage|p2a: Dondozo|77\/100\n|-damage|p2a: Dondozo|71\/100\n|-hitcount|p2a: Dondozo|5\n|-unboost|p1a: Garchomp|def|1\n|-boost|p1a: Garchomp|spe|1\n|\n|upkeep\n|turn|13\n|\n|t:|1698541826\n|switch|p1a: Palkia|Palkia-Origin|76\/100\n|-damage|p1a: Palkia|63\/100|[from] Stealth Rock\n|-ability|p1a: Palkia|Pressure\n|move|p2a: Dondozo|Body Press|p1a: Palkia\n|-damage|p1a: Palkia|35\/100\n|\n|upkeep\n|turn|14\n|\n|t:|1698541842\n|switch|p2a: Blissey|Blissey, F|79\/100\n|move|p1a: Palkia|Thunderbolt|p2a: Blissey\n|-damage|p2a: Blissey|74\/100\n|-status|p2a: Blissey|par\n|\n|-heal|p2a: Blissey|80\/100 par|[from] item: Leftovers\n|-sideend|p2: leonissenbaum|move: Light Screen\n|upkeep\n|turn|15\n|\n|t:|1698541849\n|switch|p1a: Magearna|Magearna|100\/100\n|-damage|p1a: Magearna|94\/100|[from] Stealth Rock\n|cant|p2a: Blissey|par\n|\n|-heal|p1a: Magearna|100\/100|[from] item: Leftovers\n|-heal|p2a: Blissey|86\/100 par|[from] item: Leftovers\n|upkeep\n|turn|16\n|\n|t:|1698541856\n|-curestatus|p2a: Blissey|par|[from] ability: Natural Cure\n|switch|p2a: Espeon|Espeon, M|90\/100\n|move|p1a: Magearna|Volt Switch|p2a: Espeon\n|-damage|p2a: Espeon|69\/100\n|\n|t:|1698541861\n|switch|p1a: Ursaluna|Ursaluna-Bloodmoon, M|100\/100|[from] Volt Switch\n|-damage|p1a: Ursaluna|94\/100|[from] Stealth Rock\n|\n|-heal|p1a: Ursaluna|100\/100|[from] item: Leftovers\n|upkeep\n|turn|17\n|\n|t:|1698541869\n|move|p2a: Espeon|Light Screen|p2a: Espeon\n|-sidestart|p2: leonissenbaum|move: Light Screen\n|move|p1a: Ursaluna|Calm Mind|p1a: Ursaluna\n|-boost|p1a: Ursaluna|spa|1\n|-boost|p1a: Ursaluna|spd|1\n|\n|upkeep\n|turn|18\n|\n|t:|1698541872\n|switch|p2a: Clefable|Clefable, M|100\/100\n|move|p1a: Ursaluna|Calm Mind|p1a: Ursaluna\n|-boost|p1a: Ursaluna|spa|1\n|-boost|p1a: Ursaluna|spd|1\n|\n|upkeep\n|turn|19\n|\n|t:|1698541877\n|move|p2a: Clefable|Calm Mind|p2a: Clefable\n|-boost|p2a: Clefable|spa|1\n|-boost|p2a: Clefable|spd|1\n|move|p1a: Ursaluna|Blood Moon|p2a: Clefable\n|-damage|p2a: Clefable|84\/100\n|\n|-heal|p2a: Clefable|90\/100|[from] item: Leftovers\n|upkeep\n|turn|20\n|\n|t:|1698541883\n|move|p2a: Clefable|Moonblast|p1a: Ursaluna\n|-damage|p1a: Ursaluna|49\/100\n|move|p1a: Ursaluna|Earth Power|p2a: Clefable\n|-damage|p2a: Clefable|79\/100\n|\n|-heal|p2a: Clefable|85\/100|[from] item: Leftovers\n|-heal|p1a: Ursaluna|55\/100|[from] item: Leftovers\n|upkeep\n|turn|21\n|\n|t:|1698541886\n|move|p2a: Clefable|Moonblast|p1a: Ursaluna\n|-damage|p1a: Ursaluna|9\/100\n|-unboost|p1a: Ursaluna|spa|1\n|move|p1a: Ursaluna|Moonlight|p1a: Ursaluna\n|-heal|p1a: Ursaluna|59\/100\n|\n|-heal|p2a: Clefable|91\/100|[from] item: Leftovers\n|-heal|p1a: Ursaluna|65\/100|[from] item: Leftovers\n|-sideend|p2: leonissenbaum|move: Light Screen\n|upkeep\n|turn|22\n|\n|t:|1698541892\n|move|p2a: Clefable|Calm Mind|p2a: Clefable\n|-boost|p2a: Clefable|spa|1\n|-boost|p2a: Clefable|spd|1\n|move|p1a: Ursaluna|Moonlight|p1a: Ursaluna\n|-heal|p1a: Ursaluna|100\/100\n|\n|-heal|p2a: Clefable|97\/100|[from] item: Leftovers\n|upkeep\n|turn|23\n|\n|t:|1698541896\n|move|p2a: Clefable|Calm Mind|p2a: Clefable\n|-boost|p2a: Clefable|spa|1\n|-boost|p2a: Clefable|spd|1\n|move|p1a: Ursaluna|Calm Mind|p1a: Ursaluna\n|-boost|p1a: Ursaluna|spa|1\n|-boost|p1a: Ursaluna|spd|1\n|\n|-heal|p2a: Clefable|100\/100|[from] item: Leftovers\n|upkeep\n|turn|24\n|\n|t:|1698541898\n|move|p2a: Clefable|Moonblast|p1a: Ursaluna\n|-damage|p1a: Ursaluna|14\/100\n|move|p1a: Ursaluna|Calm Mind|p1a: Ursaluna\n|-boost|p1a: Ursaluna|spa|1\n|-boost|p1a: Ursaluna|spd|1\n|\n|-heal|p1a: Ursaluna|20\/100|[from] item: Leftovers\n|upkeep\n|turn|25\n|\n|t:|1698541902\n|move|p2a: Clefable|Moonblast|p1a: Ursaluna\n|-damage|p1a: Ursaluna|0 fnt\n|faint|p1a: Ursaluna\n|\n|upkeep\n|\n|t:|1698541905\n|switch|p1a: Garchomp|Garchomp, M|58\/100\n|-damage|p1a: Garchomp|52\/100|[from] Stealth Rock\n|turn|26\n|\n|t:|1698541912\n|-terastallize|p1a: Garchomp|Steel\n|move|p1a: Garchomp|Iron Head|p2a: Clefable\n|-supereffective|p2a: Clefable\n|-damage|p2a: Clefable|10\/100\n|move|p2a: Clefable|Moonblast|p1a: Garchomp\n|-resisted|p1a: Garchomp\n|-damage|p1a: Garchomp|7\/100\n|-unboost|p1a: Garchomp|spa|1\n|\n|-heal|p2a: Clefable|16\/100|[from] item: Leftovers\n|upkeep\n|turn|27\n|\n|t:|1698541921\n|move|p2a: Clefable|Protect|p2a: Clefable\n|-singleturn|p2a: Clefable|Protect\n|move|p1a: Garchomp|Iron Head|p2a: Clefable\n|-activate|p2a: Clefable|move: Protect\n|\n|-heal|p2a: Clefable|22\/100|[from] item: Leftovers\n|upkeep\n|turn|28\n|\n|t:|1698541923\n|switch|p2a: Dondozo|Dondozo, F|71\/100\n|move|p1a: Garchomp|Iron Head|p2a: Dondozo\n|-resisted|p2a: Dondozo\n|-damage|p2a: Dondozo|61\/100\n|-damage|p1a: Garchomp|0 fnt|[from] item: Rocky Helmet|[of] p2a: Dondozo\n|faint|p1a: Garchomp\n|\n|upkeep\n|\n|t:|1698541927\n|switch|p1a: Kommo-o|Kommo-o, M|94\/100\n|-damage|p1a: Kommo-o|88\/100|[from] Stealth Rock\n|turn|29\n|\n|t:|1698541931\n|move|p1a: Kommo-o|Drain Punch|p2a: Dondozo\n|-damage|p2a: Dondozo|47\/100\n|-heal|p1a: Kommo-o|100\/100|[from] drain|[of] p2a: Dondozo\n|-damage|p1a: Kommo-o|84\/100|[from] item: Rocky Helmet|[of] p2a: Dondozo\n|move|p2a: Dondozo|Rest|p2a: Dondozo\n|-status|p2a: Dondozo|slp|[from] move: Rest\n|-heal|p2a: Dondozo|100\/100 slp|[silent]\n|\n|upkeep\n|turn|30\n|\n|t:|1698541942\n|switch|p1a: Palkia|Palkia-Origin|35\/100\n|-damage|p1a: Palkia|23\/100|[from] Stealth Rock\n|-ability|p1a: Palkia|Pressure\n|switch|p2a: Gliscor|Gliscor, M|100\/100 tox\n|\n|upkeep\n|turn|31\n|\n|t:|1698541945\n|switch|p2a: Blissey|Blissey, F|86\/100\n|move|p1a: Palkia|Surf|p2a: Blissey\n|-damage|p2a: Blissey|68\/100\n|\n|-heal|p2a: Blissey|74\/100|[from] item: Leftovers\n|upkeep\n|turn|32\n|\n|t:|1698541953\n|switch|p1a: Magearna|Magearna|100\/100\n|-damage|p1a: Magearna|94\/100|[from] Stealth Rock\n|move|p2a: Blissey|Seismic Toss|p1a: Magearna\n|-damage|p1a: Magearna|67\/100\n|\n|-heal|p1a: Magearna|73\/100|[from] item: Leftovers\n|-heal|p2a: Blissey|81\/100|[from] item: Leftovers\n|upkeep\n|turn|33\n|\n|t:|1698541963\n|switch|p2a: Gliscor|Gliscor, M|100\/100 tox\n|move|p1a: Magearna|Draining Kiss|p2a: Gliscor\n|-crit|p2a: Gliscor\n|-damage|p2a: Gliscor|61\/100 tox\n|-heal|p1a: Magearna|100\/100|[from] drain|[of] p2a: Gliscor\n|\n|-heal|p2a: Gliscor|74\/100 tox|[from] ability: Poison Heal\n|upkeep\n|turn|34\n|\n|t:|1698541969\n|switch|p1a: Kommo-o|Kommo-o, M|84\/100\n|-damage|p1a: Kommo-o|78\/100|[from] Stealth Rock\n|move|p2a: Gliscor|Toxic Spikes|p1a: Kommo-o\n|-sidestart|p1: HinaKagiyama1|move: Toxic Spikes\n|\n|-heal|p2a: Gliscor|86\/100 tox|[from] ability: Poison Heal\n|upkeep\n|turn|35\n|\n|t:|1698541976\n|move|p2a: Gliscor|Protect|p2a: Gliscor\n|-singleturn|p2a: Gliscor|Protect\n|move|p1a: Kommo-o|Drain Punch|p2a: Gliscor\n|-activate|p2a: Gliscor|move: Protect\n|\n|-heal|p2a: Gliscor|99\/100 tox|[from] ability: Poison Heal\n|upkeep\n|turn|36\n|\n|t:|1698541980\n|switch|p1a: Palkia|Palkia-Origin|23\/100\n|-damage|p1a: Palkia|10\/100|[from] Stealth Rock\n|-status|p1a: Palkia|psn\n|-ability|p1a: Palkia|Pressure\n|move|p2a: Gliscor|Toxic Spikes|p1a: Palkia\n|-sidestart|p1: HinaKagiyama1|move: Toxic Spikes\n|\n|-damage|p1a: Palkia|0 fnt|[from] psn\n|faint|p1a: Palkia\n|-heal|p2a: Gliscor|100\/100 tox|[from] ability: Poison Heal\n|upkeep\n|\n|t:|1698541983\n|switch|p1a: Garganacl|Garganacl, M|100\/100\n|-damage|p1a: Garganacl|88\/100|[from] Stealth Rock\n|turn|37\n|\n|t:|1698541995\n|move|p2a: Gliscor|Knock Off|p1a: Garganacl\n|-damage|p1a: Garganacl|72\/100\n|-enditem|p1a: Garganacl|Leftovers|[from] move: Knock Off|[of] p2a: Gliscor\n|move|p1a: Garganacl|Iron Defense|p1a: Garganacl\n|-boost|p1a: Garganacl|def|2\n|\n|upkeep\n|turn|38\n|\n|t:|1698542002\n|move|p2a: Gliscor|Spikes|p1a: Garganacl\n|-sidestart|p1: HinaKagiyama1|Spikes\n|move|p1a: Garganacl|Iron Defense|p1a: Garganacl\n|-boost|p1a: Garganacl|def|2\n|\n|upkeep\n|turn|39\n|\n|t:|1698542005\n|move|p2a: Gliscor|Spikes|p1a: Garganacl\n|-sidestart|p1: HinaKagiyama1|Spikes\n|move|p1a: Garganacl|Iron Defense|p1a: Garganacl\n|-boost|p1a: Garganacl|def|2\n|\n|upkeep\n|turn|40\n|\n|t:|1698542006\n|move|p2a: Gliscor|Spikes|p1a: Garganacl\n|-sidestart|p1: HinaKagiyama1|Spikes\n|move|p1a: Garganacl|Salt Cure|p2a: Gliscor\n|-damage|p2a: Gliscor|89\/100 tox\n|-start|p2a: Gliscor|Salt Cure\n|\n|-heal|p2a: Gliscor|100\/100 tox|[from] ability: Poison Heal\n|-damage|p2a: Gliscor|88\/100 tox|[from] Salt Cure\n|upkeep\n|turn|41\n|\n|t:|1698542012\n|move|p2a: Gliscor|Knock Off|p1a: Garganacl\n|-damage|p1a: Garganacl|70\/100\n|move|p1a: Garganacl|Recover|p1a: Garganacl\n|-heal|p1a: Garganacl|100\/100\n|\n|-heal|p2a: Gliscor|100\/100 tox|[from] ability: Poison Heal\n|-damage|p2a: Gliscor|88\/100 tox|[from] Salt Cure\n|upkeep\n|turn|42\n|\n|t:|1698542015\n|move|p2a: Gliscor|Knock Off|p1a: Garganacl\n|-damage|p1a: Garganacl|98\/100\n|move|p1a: Garganacl|Body Press|p2a: Gliscor\n|-resisted|p2a: Gliscor\n|-damage|p2a: Gliscor|55\/100 tox\n|\n|-heal|p2a: Gliscor|67\/100 tox|[from] ability: Poison Heal\n|-damage|p2a: Gliscor|55\/100 tox|[from] Salt Cure\n|upkeep\n|turn|43\n|\n|t:|1698542020\n|switch|p2a: Giratina|Giratina, shiny|100\/100\n|-ability|p2a: Giratina|Pressure\n|move|p1a: Garganacl|Body Press|p2a: Giratina\n|-immune|p2a: Giratina\n|\n|upkeep\n|turn|44\n|\n|t:|1698542024\n|move|p1a: Garganacl|Salt Cure|p2a: Giratina\n|-damage|p2a: Giratina|92\/100\n|-start|p2a: Giratina|Salt Cure\n|move|p2a: Giratina|Roar|p1a: Garganacl\n|drag|p1a: Magearna|Magearna|100\/100\n|-damage|p1a: Magearna|94\/100|[from] Stealth Rock\n|-damage|p1a: Magearna|69\/100|[from] Spikes\n|\n|-heal|p2a: Giratina|98\/100|[from] item: Leftovers\n|-heal|p1a: Magearna|75\/100|[from] item: Leftovers\n|-damage|p2a: Giratina|86\/100|[from] Salt Cure\n|upkeep\n|turn|45\n|\n|t:|1698542034\n|switch|p2a: Gliscor|Gliscor, M|55\/100 tox\n|move|p1a: Magearna|Steel Beam|p2a: Gliscor\n|-damage|p2a: Gliscor|0 fnt\n|-damage|p1a: Magearna|25\/100|[from] steelbeam\n|faint|p2a: Gliscor\n|-ability|p1a: Magearna|Soul-Heart|boost\n|-boost|p1a: Magearna|spa|1\n|\n|-heal|p1a: Magearna|32\/100|[from] item: Leftovers\n|upkeep\n|\n|t:|1698542047\n|switch|p2a: Blissey|Blissey, F|81\/100\n|turn|46\n|\n|t:|1698542050\n|move|p1a: Magearna|Draining Kiss|p2a: Blissey\n|-damage|p2a: Blissey|68\/100\n|-heal|p1a: Magearna|49\/100|[from] drain|[of] p2a: Blissey\n|move|p2a: Blissey|Seismic Toss|p1a: Magearna\n|-damage|p1a: Magearna|21\/100\n|\n|-heal|p1a: Magearna|27\/100|[from] item: Leftovers\n|-heal|p2a: Blissey|74\/100|[from] item: Leftovers\n|upkeep\n|turn|47\n|\n|t:|1698542054\n|move|p1a: Magearna|Draining Kiss|p2a: Blissey\n|-damage|p2a: Blissey|60\/100\n|-heal|p1a: Magearna|46\/100|[from] drain|[of] p2a: Blissey\n|move|p2a: Blissey|Seismic Toss|p1a: Magearna\n|-damage|p1a: Magearna|18\/100\n|\n|-heal|p1a: Magearna|24\/100|[from] item: Leftovers\n|-heal|p2a: Blissey|66\/100|[from] item: Leftovers\n|upkeep\n|turn|48\n|\n|t:|1698542057\n|move|p1a: Magearna|Draining Kiss|p2a: Blissey\n|-damage|p2a: Blissey|54\/100\n|-heal|p1a: Magearna|41\/100|[from] drain|[of] p2a: Blissey\n|move|p2a: Blissey|Soft-Boiled|p2a: Blissey\n|-heal|p2a: Blissey|100\/100\n|\n|-heal|p1a: Magearna|47\/100|[from] item: Leftovers\n|upkeep\n|turn|49\n|\n|t:|1698542065\n|move|p1a: Magearna|Draining Kiss|p2a: Blissey\n|-damage|p2a: Blissey|86\/100\n|-heal|p1a: Magearna|67\/100|[from] drain|[of] p2a: Blissey\n|move|p2a: Blissey|Seismic Toss|p1a: Magearna\n|-damage|p1a: Magearna|39\/100\n|\n|-heal|p1a: Magearna|45\/100|[from] item: Leftovers\n|-heal|p2a: Blissey|92\/100|[from] item: Leftovers\n|upkeep\n|turn|50\n|\n|t:|1698542067\n|move|p1a: Magearna|Draining Kiss|p2a: Blissey\n|-damage|p2a: Blissey|79\/100\n|-heal|p1a: Magearna|63\/100|[from] drain|[of] p2a: Blissey\n|move|p2a: Blissey|Seismic Toss|p1a: Magearna\n|-damage|p1a: Magearna|36\/100\n|\n|-heal|p1a: Magearna|42\/100|[from] item: Leftovers\n|-heal|p2a: Blissey|85\/100|[from] item: Leftovers\n|upkeep\n|turn|51\n|\n|t:|1698542070\n|move|p1a: Magearna|Draining Kiss|p2a: Blissey\n|-damage|p2a: Blissey|71\/100\n|-heal|p1a: Magearna|61\/100|[from] drain|[of] p2a: Blissey\n|move|p2a: Blissey|Seismic Toss|p1a: Magearna\n|-damage|p1a: Magearna|33\/100\n|\n|-heal|p1a: Magearna|39\/100|[from] item: Leftovers\n|-heal|p2a: Blissey|77\/100|[from] item: Leftovers\n|upkeep\n|turn|52\n|\n|t:|1698542074\n|move|p1a: Magearna|Draining Kiss|p2a: Blissey\n|-damage|p2a: Blissey|63\/100\n|-heal|p1a: Magearna|58\/100|[from] drain|[of] p2a: Blissey\n|move|p2a: Blissey|Seismic Toss|p1a: Magearna\n|-damage|p1a: Magearna|30\/100\n|\n|-heal|p1a: Magearna|36\/100|[from] item: Leftovers\n|-heal|p2a: Blissey|69\/100|[from] item: Leftovers\n|upkeep\n|turn|53\n|\n|t:|1698542077\n|move|p1a: Magearna|Draining Kiss|p2a: Blissey\n|-damage|p2a: Blissey|57\/100\n|-heal|p1a: Magearna|53\/100|[from] drain|[of] p2a: Blissey\n|move|p2a: Blissey|Seismic Toss|p1a: Magearna\n|-damage|p1a: Magearna|26\/100\n|\n|-heal|p1a: Magearna|32\/100|[from] item: Leftovers\n|-heal|p2a: Blissey|63\/100|[from] item: Leftovers\n|upkeep\n|turn|54\n|\n|t:|1698542081\n|move|p1a: Magearna|Draining Kiss|p2a: Blissey\n|-damage|p2a: Blissey|50\/100\n|-heal|p1a: Magearna|50\/100|[from] drain|[of] p2a: Blissey\n|move|p2a: Blissey|Seismic Toss|p1a: Magearna\n|-damage|p1a: Magearna|22\/100\n|\n|-heal|p1a: Magearna|29\/100|[from] item: Leftovers\n|-heal|p2a: Blissey|56\/100|[from] item: Leftovers\n|upkeep\n|turn|55\n|\n|t:|1698542084\n|move|p1a: Magearna|Draining Kiss|p2a: Blissey\n|-damage|p2a: Blissey|43\/100\n|-heal|p1a: Magearna|46\/100|[from] drain|[of] p2a: Blissey\n|move|p2a: Blissey|Soft-Boiled|p2a: Blissey\n|-heal|p2a: Blissey|93\/100\n|\n|-heal|p1a: Magearna|52\/100|[from] item: Leftovers\n|-heal|p2a: Blissey|99\/100|[from] item: Leftovers\n|upkeep\n|turn|56\n|\n|t:|1698542086\n|move|p1a: Magearna|Draining Kiss|p2a: Blissey\n|-damage|p2a: Blissey|85\/100\n|-heal|p1a: Magearna|71\/100|[from] drain|[of] p2a: Blissey\n|move|p2a: Blissey|Seismic Toss|p1a: Magearna\n|-damage|p1a: Magearna|44\/100\n|\n|-heal|p1a: Magearna|50\/100|[from] item: Leftovers\n|-heal|p2a: Blissey|91\/100|[from] item: Leftovers\n|upkeep\n|turn|57\n|\n|t:|1698542088\n|move|p1a: Magearna|Draining Kiss|p2a: Blissey\n|-damage|p2a: Blissey|78\/100\n|-heal|p1a: Magearna|67\/100|[from] drain|[of] p2a: Blissey\n|move|p2a: Blissey|Seismic Toss|p1a: Magearna\n|-damage|p1a: Magearna|39\/100\n|\n|-heal|p1a: Magearna|45\/100|[from] item: Leftovers\n|-heal|p2a: Blissey|84\/100|[from] item: Leftovers\n|upkeep\n|turn|58\n|\n|t:|1698542091\n|move|p1a: Magearna|Draining Kiss|p2a: Blissey\n|-damage|p2a: Blissey|71\/100\n|-heal|p1a: Magearna|64\/100|[from] drain|[of] p2a: Blissey\n|move|p2a: Blissey|Seismic Toss|p1a: Magearna\n|-damage|p1a: Magearna|36\/100\n|\n|-heal|p1a: Magearna|43\/100|[from] item: Leftovers\n|-heal|p2a: Blissey|77\/100|[from] item: Leftovers\n|upkeep\n|turn|59\n|\n|t:|1698542092\n|move|p1a: Magearna|Steel Beam|p2a: Blissey\n|-damage|p2a: Blissey|39\/100\n|-damage|p1a: Magearna|0 fnt|[from] steelbeam\n|faint|p1a: Magearna\n|move|p2a: Blissey|Seismic Toss|p1: Magearna|[notarget]\n|-fail|p2a: Blissey\n|\n|-heal|p2a: Blissey|45\/100|[from] item: Leftovers\n|upkeep\n|\n|t:|1698542097\n|switch|p1a: Kommo-o|Kommo-o, M|78\/100\n|-damage|p1a: Kommo-o|72\/100|[from] Stealth Rock\n|-status|p1a: Kommo-o|tox\n|-damage|p1a: Kommo-o|47\/100 tox|[from] Spikes\n|turn|60\n|\n|t:|1698542105\n|switch|p2a: Clefable|Clefable, M|22\/100\n|move|p1a: Kommo-o|Earthquake|p2a: Clefable\n|-damage|p2a: Clefable|0 fnt\n|faint|p2a: Clefable\n|\n|-damage|p1a: Kommo-o|41\/100 tox|[from] psn\n|upkeep\n|\n|t:|1698542111\n|switch|p2a: Espeon|Espeon, M|69\/100\n|turn|61\n|\n|t:|1698542119\n|move|p1a: Kommo-o|Earthquake|p2a: Espeon\n|-damage|p2a: Espeon|19\/100\n|move|p2a: Espeon|Psyshock|p1a: Kommo-o\n|-supereffective|p1a: Kommo-o\n|-damage|p1a: Kommo-o|0 fnt\n|faint|p1a: Kommo-o\n|\n|upkeep\n|\n|t:|1698542123\n|switch|p1a: Garganacl|Garganacl, M|98\/100\n|-damage|p1a: Garganacl|85\/100|[from] Stealth Rock\n|-damage|p1a: Garganacl|60\/100|[from] Spikes\n|turn|62\n|\n|t:|1698542130\n|move|p2a: Espeon|Psyshock|p1a: Garganacl\n|-damage|p1a: Garganacl|37\/100\n|move|p1a: Garganacl|Recover|p1a: Garganacl\n|-heal|p1a: Garganacl|87\/100\n|\n|upkeep\n|turn|63\n|\n|t:|1698542134\n|move|p2a: Espeon|Morning Sun|p2a: Espeon\n|-heal|p2a: Espeon|69\/100\n|move|p1a: Garganacl|Iron Defense|p1a: Garganacl\n|-boost|p1a: Garganacl|def|2\n|\n|upkeep\n|turn|64\n|\n|t:|1698542160\n|move|p2a: Espeon|Psyshock|p1a: Garganacl\n|-damage|p1a: Garganacl|76\/100\n|move|p1a: Garganacl|Iron Defense|p1a: Garganacl\n|-boost|p1a: Garganacl|def|2\n|\n|upkeep\n|turn|65\n|\n|t:|1698542162\n|move|p2a: Espeon|Psyshock|p1a: Garganacl\n|-damage|p1a: Garganacl|67\/100\n|move|p1a: Garganacl|Iron Defense|p1a: Garganacl\n|-boost|p1a: Garganacl|def|2\n|\n|upkeep\n|turn|66\n|\n|t:|1698542167\n|move|p2a: Espeon|Psyshock|p1a: Garganacl\n|-damage|p1a: Garganacl|61\/100\n|move|p1a: Garganacl|Salt Cure|p2a: Espeon\n|-damage|p2a: Espeon|45\/100\n|-start|p2a: Espeon|Salt Cure\n|\n|-damage|p2a: Espeon|33\/100|[from] Salt Cure\n|upkeep\n|turn|67\n|\n|t:|1698542172\n|move|p2a: Espeon|Morning Sun|p2a: Espeon\n|-heal|p2a: Espeon|83\/100\n|move|p1a: Garganacl|Recover|p1a: Garganacl\n|-heal|p1a: Garganacl|100\/100\n|\n|-damage|p2a: Espeon|71\/100|[from] Salt Cure\n|upkeep\n|turn|68\n|\n|t:|1698542179\n|move|p2a: Espeon|Psyshock|p1a: Garganacl\n|-damage|p1a: Garganacl|95\/100\n|move|p1a: Garganacl|Body Press|p2a: Espeon\n|-resisted|p2a: Espeon\n|-damage|p2a: Espeon|6\/100\n|\n|-damage|p2a: Espeon|0 fnt|[from] Salt Cure\n|faint|p2a: Espeon\n|upkeep\n|\n|t:|1698542186\n|switch|p2a: Blissey|Blissey, F|45\/100\n|turn|69\n|\n|t:|1698542191\n|switch|p2a: Giratina|Giratina, shiny|86\/100\n|-ability|p2a: Giratina|Pressure\n|move|p1a: Garganacl|Body Press|p2a: Giratina\n|-immune|p2a: Giratina\n|\n|-heal|p2a: Giratina|92\/100|[from] item: Leftovers\n|upkeep\n|turn|70\n|\n|t:|1698542197\n|move|p2a: Giratina|Hex|p1a: Garganacl\n|-damage|p1a: Garganacl|87\/100\n|move|p1a: Garganacl|Salt Cure|p2a: Giratina\n|-damage|p2a: Giratina|84\/100\n|-start|p2a: Giratina|Salt Cure\n|\n|-heal|p2a: Giratina|90\/100|[from] item: Leftovers\n|-damage|p2a: Giratina|78\/100|[from] Salt Cure\n|upkeep\n|turn|71\n|\n|t:|1698542202\n|switch|p2a: Dondozo|Dondozo, F|100\/100 slp\n|move|p1a: Garganacl|Iron Defense|p1a: Garganacl\n|-boost|p1a: Garganacl|def|0\n|\n|upkeep\n|turn|72\n|\n|t:|1698542204\n|move|p1a: Garganacl|Salt Cure|p2a: Dondozo\n|-damage|p2a: Dondozo|94\/100 slp\n|-start|p2a: Dondozo|Salt Cure\n|cant|p2a: Dondozo|slp\n|move|p2a: Dondozo|Sleep Talk|p2a: Dondozo\n|move|p2a: Dondozo|Rest||[from]move: Sleep Talk|[still]\n|-fail|p2a: Dondozo\n|\n|-damage|p2a: Dondozo|69\/100 slp|[from] Salt Cure\n|upkeep\n|turn|73\n|\n|t:|1698542209\n|move|p1a: Garganacl|Iron Defense|p1a: Garganacl\n|-boost|p1a: Garganacl|def|0\n|cant|p2a: Dondozo|slp\n|move|p2a: Dondozo|Sleep Talk|p2a: Dondozo\n|move|p2a: Dondozo|Body Press|p1a: Garganacl|[from]move: Sleep Talk\n|-supereffective|p1a: Garganacl\n|-damage|p1a: Garganacl|51\/100\n|\n|-damage|p2a: Dondozo|44\/100 slp|[from] Salt Cure\n|upkeep\n|turn|74\n|\n|t:|1698542218\n|move|p1a: Garganacl|Recover|p1a: Garganacl\n|-heal|p1a: Garganacl|100\/100\n|-curestatus|p2a: Dondozo|slp|[msg]\n|move|p2a: Dondozo|Rest|p2a: Dondozo\n|-status|p2a: Dondozo|slp|[from] move: Rest\n|-heal|p2a: Dondozo|100\/100 slp|[silent]\n|\n|-damage|p2a: Dondozo|75\/100 slp|[from] Salt Cure\n|upkeep\n|turn|75\n|\n|t:|1698542221\n|move|p1a: Garganacl|Salt Cure|p2a: Dondozo\n|-damage|p2a: Dondozo|69\/100 slp\n|cant|p2a: Dondozo|slp\n|move|p2a: Dondozo|Sleep Talk|p2a: Dondozo\n|move|p2a: Dondozo|Waterfall|p1a: Garganacl|[from]move: Sleep Talk\n|-supereffective|p1a: Garganacl\n|-damage|p1a: Garganacl|61\/100\n|\n|-damage|p2a: Dondozo|44\/100 slp|[from] Salt Cure\n|upkeep\n|turn|76\n|\n|t:|1698542228\n|move|p1a: Garganacl|Recover|p1a: Garganacl\n|-heal|p1a: Garganacl|100\/100\n|cant|p2a: Dondozo|slp\n|move|p2a: Dondozo|Sleep Talk|p2a: Dondozo\n|move|p2a: Dondozo|Body Press|p1a: Garganacl|[from]move: Sleep Talk\n|-supereffective|p1a: Garganacl\n|-damage|p1a: Garganacl|62\/100\n|\n|-damage|p2a: Dondozo|19\/100 slp|[from] Salt Cure\n|upkeep\n|turn|77\n|\n|t:|1698542234\n|move|p1a: Garganacl|Body Press|p2a: Dondozo\n|-damage|p2a: Dondozo|10\/100 slp\n|-damage|p1a: Garganacl|45\/100|[from] item: Rocky Helmet|[of] p2a: Dondozo\n|-curestatus|p2a: Dondozo|slp|[msg]\n|move|p2a: Dondozo|Rest|p2a: Dondozo\n|-status|p2a: Dondozo|slp|[from] move: Rest\n|-heal|p2a: Dondozo|100\/100 slp|[silent]\n|\n|-damage|p2a: Dondozo|75\/100 slp|[from] Salt Cure\n|upkeep\n|turn|78\n|\n|t:|1698542238\n|switch|p2a: Giratina|Giratina, shiny|78\/100\n|-ability|p2a: Giratina|Pressure\n|move|p1a: Garganacl|Recover|p1a: Garganacl\n|-heal|p1a: Garganacl|95\/100\n|\n|-heal|p2a: Giratina|84\/100|[from] item: Leftovers\n|upkeep\n|turn|79\n|\n|t:|1698542244\n|move|p2a: Giratina|Hex|p1a: Garganacl\n|-damage|p1a: Garganacl|88\/100\n|move|p1a: Garganacl|Salt Cure|p2a: Giratina\n|-damage|p2a: Giratina|77\/100\n|-start|p2a: Giratina|Salt Cure\n|\n|-heal|p2a: Giratina|83\/100|[from] item: Leftovers\n|-damage|p2a: Giratina|70\/100|[from] Salt Cure\n|upkeep\n|turn|80\n|\n|t:|1698542247\n|switch|p2a: Blissey|Blissey, F|45\/100\n|move|p1a: Garganacl|Iron Defense|p1a: Garganacl\n|-boost|p1a: Garganacl|def|0\n|\n|-heal|p2a: Blissey|51\/100|[from] item: Leftovers\n|upkeep\n|turn|81\n|\n|t:|1698542251\n|switch|p2a: Giratina|Giratina, shiny|70\/100\n|-ability|p2a: Giratina|Pressure\n|move|p1a: Garganacl|Body Press|p2a: Giratina\n|-immune|p2a: Giratina\n|\n|-heal|p2a: Giratina|77\/100|[from] item: Leftovers\n|upkeep\n|turn|82\n|\n|t:|1698542258\n|move|p2a: Giratina|Hex|p1a: Garganacl\n|-damage|p1a: Garganacl|80\/100\n|move|p1a: Garganacl|Salt Cure|p2a: Giratina\n|-damage|p2a: Giratina|68\/100\n|-start|p2a: Giratina|Salt Cure\n|\n|-heal|p2a: Giratina|74\/100|[from] item: Leftovers\n|-damage|p2a: Giratina|62\/100|[from] Salt Cure\n|upkeep\n|turn|83\n|\n|t:|1698542271\n|switch|p2a: Blissey|Blissey, F|51\/100\n|move|p1a: Garganacl|Salt Cure|p2a: Blissey\n|-damage|p2a: Blissey|37\/100\n|-start|p2a: Blissey|Salt Cure\n|\n|-heal|p2a: Blissey|43\/100|[from] item: Leftovers\n|-damage|p2a: Blissey|30\/100|[from] Salt Cure\n|upkeep\n|turn|84\n|\n|t:|1698542277\n|switch|p2a: Giratina|Giratina, shiny|62\/100\n|-ability|p2a: Giratina|Pressure\n|move|p1a: Garganacl|Body Press|p2a: Giratina\n|-immune|p2a: Giratina\n|\n|-heal|p2a: Giratina|68\/100|[from] item: Leftovers\n|upkeep\n|turn|85\n|\n|t:|1698542282\n|move|p2a: Giratina|Hex|p1a: Garganacl\n|-damage|p1a: Garganacl|73\/100\n|move|p1a: Garganacl|Salt Cure|p2a: Giratina\n|-damage|p2a: Giratina|60\/100\n|-start|p2a: Giratina|Salt Cure\n|\n|-heal|p2a: Giratina|66\/100|[from] item: Leftovers\n|-damage|p2a: Giratina|54\/100|[from] Salt Cure\n|upkeep\n|turn|86\n|\n|t:|1698542288\n|move|p2a: Giratina|Hex|p1a: Garganacl\n|-damage|p1a: Garganacl|66\/100\n|move|p1a: Garganacl|Iron Defense|p1a: Garganacl\n|-boost|p1a: Garganacl|def|0\n|\n|-heal|p2a: Giratina|60\/100|[from] item: Leftovers\n|-damage|p2a: Giratina|48\/100|[from] Salt Cure\n|upkeep\n|turn|87\n|\n|t:|1698542298\n|move|p2a: Giratina|Hex|p1a: Garganacl\n|-damage|p1a: Garganacl|58\/100\n|move|p1a: Garganacl|Iron Defense|p1a: Garganacl\n|-boost|p1a: Garganacl|def|0\n|\n|-heal|p2a: Giratina|54\/100|[from] item: Leftovers\n|-damage|p2a: Giratina|41\/100|[from] Salt Cure\n|upkeep\n|turn|88\n|\n|t:|1698542304\n|switch|p2a: Blissey|Blissey, F|30\/100\n|move|p1a: Garganacl|Iron Defense|p1a: Garganacl\n|-boost|p1a: Garganacl|def|0\n|\n|-heal|p2a: Blissey|37\/100|[from] item: Leftovers\n|upkeep\n|turn|89\n|\n|t:|1698542313\n|move|p2a: Blissey|Soft-Boiled|p2a: Blissey\n|-heal|p2a: Blissey|87\/100\n|move|p1a: Garganacl|Salt Cure|p2a: Blissey\n|-damage|p2a: Blissey|71\/100\n|-start|p2a: Blissey|Salt Cure\n|\n|-heal|p2a: Blissey|77\/100|[from] item: Leftovers\n|-damage|p2a: Blissey|65\/100|[from] Salt Cure\n|upkeep\n|turn|90\n|\n|t:|1698542316\n|switch|p2a: Giratina|Giratina, shiny|41\/100\n|-ability|p2a: Giratina|Pressure\n|move|p1a: Garganacl|Salt Cure|p2a: Giratina\n|-damage|p2a: Giratina|34\/100\n|-start|p2a: Giratina|Salt Cure\n|\n|-heal|p2a: Giratina|40\/100|[from] item: Leftovers\n|-damage|p2a: Giratina|27\/100|[from] Salt Cure\n|upkeep\n|turn|91\n|\n|t:|1698542330\n|move|p2a: Giratina|Rest|p2a: Giratina\n|-status|p2a: Giratina|slp|[from] move: Rest\n|-heal|p2a: Giratina|100\/100 slp|[silent]\n|move|p1a: Garganacl|Iron Defense|p1a: Garganacl\n|-boost|p1a: Garganacl|def|0\n|\n|-damage|p2a: Giratina|88\/100 slp|[from] Salt Cure\n|upkeep\n|turn|92\n|\n|t:|1698542335\n|cant|p2a: Giratina|slp\n|move|p1a: Garganacl|Iron Defense|p1a: Garganacl\n|-boost|p1a: Garganacl|def|0\n|\n|-heal|p2a: Giratina|94\/100 slp|[from] item: Leftovers\n|-damage|p2a: Giratina|82\/100 slp|[from] Salt Cure\n|upkeep\n|turn|93\n|\n|t:|1698542340\n|switch|p2a: Blissey|Blissey, F|65\/100\n|move|p1a: Garganacl|Iron Defense|p1a: Garganacl\n|-boost|p1a: Garganacl|def|0\n|\n|-heal|p2a: Blissey|71\/100|[from] item: Leftovers\n|upkeep\n|turn|94\n|\n|t:|1698542344\n|switch|p2a: Giratina|Giratina, shiny|82\/100 slp\n|-ability|p2a: Giratina|Pressure\n|move|p1a: Garganacl|Salt Cure|p2a: Giratina\n|-damage|p2a: Giratina|74\/100 slp\n|-start|p2a: Giratina|Salt Cure\n|\n|-heal|p2a: Giratina|80\/100 slp|[from] item: Leftovers\n|-damage|p2a: Giratina|68\/100 slp|[from] Salt Cure\n|upkeep\n|turn|95\n|\n|t:|1698542347\n|cant|p2a: Giratina|slp\n|move|p1a: Garganacl|Body Press|p2a: Giratina\n|-immune|p2a: Giratina\n|\n|-heal|p2a: Giratina|74\/100 slp|[from] item: Leftovers\n|-damage|p2a: Giratina|62\/100 slp|[from] Salt Cure\n|upkeep\n|turn|96\n|\n|t:|1698542351\n|switch|p2a: Dondozo|Dondozo, F|75\/100 slp\n|move|p1a: Garganacl|Body Press|p2a: Dondozo\n|-damage|p2a: Dondozo|65\/100 slp\n|-damage|p1a: Garganacl|41\/100|[from] item: Rocky Helmet|[of] p2a: Dondozo\n|\n|upkeep\n|turn|97\n|\n|t:|1698542354\n|move|p1a: Garganacl|Recover|p1a: Garganacl\n|-heal|p1a: Garganacl|91\/100\n|cant|p2a: Dondozo|slp\n|move|p2a: Dondozo|Sleep Talk|p2a: Dondozo\n|move|p2a: Dondozo|Waterfall|p1a: Garganacl|[from]move: Sleep Talk\n|-supereffective|p1a: Garganacl\n|-damage|p1a: Garganacl|52\/100\n|\n|upkeep\n|turn|98\n|\n|t:|1698542359\n|move|p1a: Garganacl|Salt Cure|p2a: Dondozo\n|-damage|p2a: Dondozo|59\/100 slp\n|-start|p2a: Dondozo|Salt Cure\n|cant|p2a: Dondozo|slp\n|move|p2a: Dondozo|Sleep Talk|p2a: Dondozo\n|move|p2a: Dondozo|Rest||[from]move: Sleep Talk|[still]\n|-fail|p2a: Dondozo\n|\n|-damage|p2a: Dondozo|34\/100 slp|[from] Salt Cure\n|upkeep\n|turn|99\n|\n|t:|1698542365\n|move|p1a: Garganacl|Iron Defense|p1a: Garganacl\n|-boost|p1a: Garganacl|def|0\n|-curestatus|p2a: Dondozo|slp|[msg]\n|move|p2a: Dondozo|Rest|p2a: Dondozo\n|-status|p2a: Dondozo|slp|[from] move: Rest\n|-heal|p2a: Dondozo|100\/100 slp|[silent]\n|\n|-damage|p2a: Dondozo|75\/100 slp|[from] Salt Cure\n|upkeep\n|turn|100\n|\n|t:|1698542369\n|switch|p2a: Giratina|Giratina, shiny|62\/100 slp\n|-ability|p2a: Giratina|Pressure\n|move|p1a: Garganacl|Iron Defense|p1a: Garganacl\n|-boost|p1a: Garganacl|def|0\n|\n|-heal|p2a: Giratina|68\/100 slp|[from] item: Leftovers\n|upkeep\n|turn|101\n|\n|t:|1698542372\n|-curestatus|p2a: Giratina|slp|[msg]\n|move|p2a: Giratina|Hex|p1a: Garganacl\n|-damage|p1a: Garganacl|44\/100\n|move|p1a: Garganacl|Salt Cure|p2a: Giratina\n|-damage|p2a: Giratina|60\/100\n|-start|p2a: Giratina|Salt Cure\n|\n|-heal|p2a: Giratina|66\/100|[from] item: Leftovers\n|-damage|p2a: Giratina|53\/100|[from] Salt Cure\n|upkeep\n|turn|102\n|\n|t:|1698542377\n|switch|p2a: Dondozo|Dondozo, F|75\/100 slp\n|move|p1a: Garganacl|Recover|p1a: Garganacl\n|-heal|p1a: Garganacl|94\/100\n|\n|upkeep\n|turn|103\n|\n|t:|1698542384\n|move|p1a: Garganacl|Body Press|p2a: Dondozo\n|-damage|p2a: Dondozo|65\/100 slp\n|-damage|p1a: Garganacl|78\/100|[from] item: Rocky Helmet|[of] p2a: Dondozo\n|cant|p2a: Dondozo|slp\n|move|p2a: Dondozo|Sleep Talk|p2a: Dondozo\n|move|p2a: Dondozo|Waterfall|p1a: Garganacl|[from]move: Sleep Talk\n|-supereffective|p1a: Garganacl\n|-damage|p1a: Garganacl|38\/100\n|\n|upkeep\n|turn|104\n|\n|t:|1698542387\n|move|p1a: Garganacl|Salt Cure|p2a: Dondozo\n|-damage|p2a: Dondozo|58\/100 slp\n|-start|p2a: Dondozo|Salt Cure\n|cant|p2a: Dondozo|slp\n|move|p2a: Dondozo|Sleep Talk|p2a: Dondozo\n|move|p2a: Dondozo|Waterfall|p1a: Garganacl|[from]move: Sleep Talk\n|-supereffective|p1a: Garganacl\n|-damage|p1a: Garganacl|0 fnt\n|faint|p1a: Garganacl\n|\n|win|leonissenbaum\n|c|\u2606leonissenbaum|gg\n|c|\u2606HinaKagiyama1|Almost got me to struggle xD\n|c|\u2606leonissenbaum|that was the goal haha\n","uploadtime":1698542392,"views":18,"p1id":"hinakagiyama1","p2id":"leonissenbaum","formatid":"gen9ubers","rating":0,"private":0,"password":""}