{"id":"gen9ubers-1969218251","p1":"jordblast","p2":"TubeKnight","format":"[Gen 9] Ubers","log":"|j|\u2606jordblast\n|j|\u2606TubeKnight\n|t:|1697501560\n|gametype|singles\n|player|p1|jordblast|170|\n|player|p2|TubeKnight|veteran|\n|teamsize|p1|6\n|teamsize|p2|6\n|gen|9\n|tier|[Gen 9] Ubers\n|rule|Sleep Clause Mod: Limit one foe put to sleep\n|rule|Species Clause: Limit one of each Pok\u00e9mon\n|rule|OHKO Clause: OHKO moves are banned\n|rule|Evasion Items Clause: Evasion items are banned\n|rule|Evasion Moves Clause: Evasion moves are banned\n|rule|Endless Battle Clause: Forcing endless battles is banned\n|rule|HP Percentage Mod: HP is shown in percentages\n|clearpoke\n|poke|p1|Palkia-Origin|\n|poke|p1|Enamorus-Therian, F|\n|poke|p1|Mimikyu, M|\n|poke|p1|Arceus-Grass|\n|poke|p1|Gholdengo|\n|poke|p1|Dondozo, F|\n|poke|p2|Torterra, F|\n|poke|p2|Cyclizar, F|\n|poke|p2|Shaymin-Sky|\n|poke|p2|Dondozo, F|\n|poke|p2|Arceus-Poison|\n|poke|p2|Gholdengo|\n|teampreview\n|inactive|Battle timer is ON: inactive players will automatically lose when time's up. (requested by TubeKnight)\n|c|\u2606TubeKnight|glhf\n|inactive|jordblast has 270 seconds left.\n|inactive|TubeKnight has 270 seconds left.\n|inactive|jordblast has 240 seconds left.\n|inactive|jordblast has 210 seconds left.\n|inactive|jordblast has 180 seconds left.\n|c|\u2606jordblast|glhf\n|\n|t:|1697501693\n|start\n|switch|p1a: Enamorus|Enamorus-Therian, F|100\/100\n|switch|p2a: Arceus|Arceus-Poison, shiny|100\/100\n|turn|1\n|\n|t:|1697501711\n|switch|p1a: Gholdengo|Gholdengo|100\/100\n|-item|p1a: Gholdengo|Air Balloon\n|move|p2a: Arceus|Judgment|p1a: Gholdengo\n|-immune|p1a: Gholdengo\n|\n|upkeep\n|turn|2\n|c|\u2606jordblast|this torterra is the first out of the ordinary mon ive seen for yhis tier\n|inactive|jordblast has 240 seconds left.\n|inactive|TubeKnight has 270 seconds left.\n|c|\u2606TubeKnight|hope i can show u what it does\n|\n|t:|1697501749\n|switch|p2a: Dondozo|Dondozo, F, shiny|100\/100\n|move|p1a: Gholdengo|Make It Rain|p2a: Dondozo\n|-resisted|p2a: Dondozo\n|-damage|p2a: Dondozo|71\/100\n|-unboost|p1a: Gholdengo|spa|1\n|\n|-heal|p2a: Dondozo|77\/100|[from] item: Leftovers\n|upkeep\n|turn|3\n|inactive|jordblast has 240 seconds left.\n|inactive|TubeKnight has 270 seconds left.\n|\n|t:|1697501760\n|switch|p1a: Arceus|Arceus-Grass|100\/100\n|move|p2a: Dondozo|Wave Crash|p1a: Arceus\n|-resisted|p1a: Arceus\n|-damage|p1a: Arceus|87\/100\n|-damage|p2a: Dondozo|74\/100|[from] Recoil\n|\n|-heal|p2a: Dondozo|80\/100|[from] item: Leftovers\n|upkeep\n|turn|4\n|inactive|jordblast has 240 seconds left.\n|inactive|TubeKnight has 270 seconds left.\n|\n|t:|1697501772\n|move|p1a: Arceus|Calm Mind|p1a: Arceus\n|-boost|p1a: Arceus|spa|1\n|-boost|p1a: Arceus|spd|1\n|move|p2a: Dondozo|Yawn|p1a: Arceus\n|-start|p1a: Arceus|move: Yawn|[of] p2a: Dondozo\n|\n|-heal|p2a: Dondozo|86\/100|[from] item: Leftovers\n|upkeep\n|turn|5\n|inactive|jordblast has 240 seconds left.\n|inactive|TubeKnight has 270 seconds left.\n|\n|t:|1697501784\n|move|p1a: Arceus|Judgment|p2a: Dondozo\n|-supereffective|p2a: Dondozo\n|-damage|p2a: Dondozo|0 fnt\n|faint|p2a: Dondozo\n|\n|-end|p1a: Arceus|move: Yawn|[silent]\n|-status|p1a: Arceus|slp\n|upkeep\n|\n|t:|1697501787\n|switch|p2a: Torterra|Torterra, F, shiny|100\/100\n|turn|6\n|\n|t:|1697501796\n|cant|p1a: Arceus|slp\n|move|p2a: Torterra|Shell Smash|p2a: Torterra\n|-unboost|p2a: Torterra|def|1\n|-unboost|p2a: Torterra|spd|1\n|-boost|p2a: Torterra|atk|2\n|-boost|p2a: Torterra|spa|2\n|-boost|p2a: Torterra|spe|2\n|-enditem|p2a: Torterra|White Herb\n|-clearnegativeboost|p2a: Torterra|[silent]\n|\n|upkeep\n|turn|7\n|inactive|TubeKnight has 270 seconds left.\n|inactive|TubeKnight has 240 seconds left.\n|inactive|TubeKnight has 210 seconds left.\n|\n|t:|1697501884\n|move|p2a: Torterra|Tera Blast|p1a: Arceus\n|-damage|p1a: Arceus|76\/100 slp\n|-curestatus|p1a: Arceus|slp|[msg]\n|move|p1a: Arceus|Judgment|p2a: Torterra\n|-damage|p2a: Torterra|18\/100\n|\n|upkeep\n|turn|8\n|inactive|jordblast has 240 seconds left.\n|\n|t:|1697501909\n|switch|p2a: Arceus|Arceus-Poison, shiny|100\/100\n|move|p1a: Arceus|Judgment|p2a: Arceus\n|-resisted|p2a: Arceus\n|-damage|p2a: Arceus|78\/100\n|\n|upkeep\n|turn|9\n|\n|t:|1697501913\n|move|p1a: Arceus|Earth Power|p2a: Arceus\n|-supereffective|p2a: Arceus\n|-damage|p2a: Arceus|32\/100\n|move|p2a: Arceus|Calm Mind|p2a: Arceus\n|-boost|p2a: Arceus|spa|1\n|-boost|p2a: Arceus|spd|1\n|\n|upkeep\n|turn|10\n|\n|t:|1697501924\n|move|p1a: Arceus|Earth Power|p2a: Arceus\n|-supereffective|p2a: Arceus\n|-damage|p2a: Arceus|0 fnt\n|faint|p2a: Arceus\n|\n|upkeep\n|\n|t:|1697501935\n|switch|p2a: Shaymin|Shaymin-Sky, shiny|100\/100\n|turn|11\n|inactive|jordblast has 270 seconds left.\n|\n|t:|1697501949\n|move|p2a: Shaymin|Air Slash|p1a: Arceus\n|-supereffective|p1a: Arceus\n|-damage|p1a: Arceus|45\/100\n|move|p1a: Arceus|Judgment|p2a: Shaymin\n|-resisted|p2a: Shaymin\n|-damage|p2a: Shaymin|77\/100\n|\n|-heal|p2a: Shaymin|83\/100|[from] item: Leftovers\n|upkeep\n|turn|12\n|inactive|jordblast has 270 seconds left.\n|\n|t:|1697501955\n|move|p2a: Shaymin|Air Slash|p1a: Arceus\n|-supereffective|p1a: Arceus\n|-damage|p1a: Arceus|9\/100\n|cant|p1a: Arceus|flinch\n|\n|-heal|p2a: Shaymin|90\/100|[from] item: Leftovers\n|upkeep\n|turn|13\n|\n|t:|1697501959\n|move|p2a: Shaymin|Air Slash|p1a: Arceus\n|-supereffective|p1a: Arceus\n|-damage|p1a: Arceus|0 fnt\n|faint|p1a: Arceus\n|\n|-heal|p2a: Shaymin|96\/100|[from] item: Leftovers\n|upkeep\n|\n|t:|1697501964\n|switch|p1a: Gholdengo|Gholdengo|100\/100\n|-item|p1a: Gholdengo|Air Balloon\n|turn|14\n|\n|t:|1697501971\n|move|p2a: Shaymin|Earth Power|p1a: Gholdengo\n|-immune|p1a: Gholdengo\n|move|p1a: Gholdengo|Make It Rain|p2a: Shaymin\n|-damage|p2a: Shaymin|16\/100\n|-unboost|p1a: Gholdengo|spa|1\n|\n|-heal|p2a: Shaymin|22\/100|[from] item: Leftovers\n|upkeep\n|turn|15\n|\n|t:|1697501979\n|switch|p2a: Gholdengo|Gholdengo|100\/100\n|move|p1a: Gholdengo|Shadow Ball|p2a: Gholdengo\n|-supereffective|p2a: Gholdengo\n|-damage|p2a: Gholdengo|30\/100\n|\n|upkeep\n|turn|16\n|\n|t:|1697501987\n|switch|p1a: Enamorus|Enamorus-Therian, F|100\/100\n|move|p2a: Gholdengo|Shadow Ball|p1a: Enamorus\n|-damage|p1a: Enamorus|74\/100\n|\n|upkeep\n|turn|17\n|\n|t:|1697501996\n|switch|p2a: Cyclizar|Cyclizar, F, shiny|100\/100\n|switch|p1a: Palkia|Palkia-Origin|100\/100\n|-ability|p1a: Palkia|Pressure\n|\n|upkeep\n|turn|18\n|inactive|TubeKnight has 270 seconds left.\n|\n|t:|1697502004\n|move|p2a: Cyclizar|Shed Tail|p2a: Cyclizar\n|-start|p2a: Cyclizar|Substitute|[from] move: Shed Tail\n|-damage|p2a: Cyclizar|50\/100\n|inactive|TubeKnight has 270 seconds left.\n|\n|t:|1697502015\n|switch|p2a: Shaymin|Shaymin-Sky, shiny|22\/100|[from] Shed Tail\n|move|p1a: Palkia|Spacial Rend|p2a: Shaymin\n|-end|p2a: Shaymin|Substitute\n|\n|-heal|p2a: Shaymin|28\/100|[from] item: Leftovers\n|upkeep\n|turn|19\n|inactive|jordblast has 270 seconds left.\n|\n|t:|1697502053\n|switch|p1a: Enamorus|Enamorus-Therian, F|74\/100\n|move|p2a: Shaymin|Healing Wish|p2a: Shaymin\n|faint|p2a: Shaymin\n|\n|upkeep\n|\n|t:|1697502058\n|switch|p2a: Torterra|Torterra, F, shiny|18\/100\n|-heal|p2a: Torterra|100\/100|[from] move: Healing Wish\n|turn|20\n|inactive|jordblast has 270 seconds left.\n|inactive|jordblast has 240 seconds left.\n|\n|t:|1697502103\n|-terastallize|p2a: Torterra|Rock\n|move|p2a: Torterra|Shell Smash|p2a: Torterra\n|-unboost|p2a: Torterra|def|1\n|-unboost|p2a: Torterra|spd|1\n|-boost|p2a: Torterra|atk|2\n|-boost|p2a: Torterra|spa|2\n|-boost|p2a: Torterra|spe|2\n|move|p1a: Enamorus|Grass Knot|p2a: Torterra\n|-supereffective|p2a: Torterra\n|-damage|p2a: Torterra|0 fnt\n|faint|p2a: Torterra\n|\n|upkeep\n|c|\u2606TubeKnight|omfg\n|\n|t:|1697502116\n|switch|p2a: Gholdengo|Gholdengo|30\/100\n|turn|21\n|\n|t:|1697502126\n|move|p2a: Gholdengo|Make It Rain|p1a: Enamorus\n|-supereffective|p1a: Enamorus\n|-damage|p1a: Enamorus|0 fnt\n|-unboost|p2a: Gholdengo|spa|1\n|faint|p1a: Enamorus\n|\n|upkeep\n|\n|t:|1697502131\n|switch|p1a: Palkia|Palkia-Origin|100\/100\n|-ability|p1a: Palkia|Pressure\n|turn|22\n|\n|t:|1697502155\n|switch|p2a: Cyclizar|Cyclizar, F, shiny|84\/100\n|move|p1a: Palkia|Earth Power|p2a: Cyclizar\n|-damage|p2a: Cyclizar|31\/100\n|\n|upkeep\n|turn|23\n|\n|t:|1697502168\n|move|p2a: Cyclizar|Knock Off|p1a: Palkia\n|-damage|p1a: Palkia|84\/100\n|move|p1a: Palkia|Earth Power|p2a: Cyclizar\n|-damage|p2a: Cyclizar|0 fnt\n|faint|p2a: Cyclizar\n|\n|upkeep\n|\n|t:|1697502173\n|switch|p2a: Gholdengo|Gholdengo|30\/100\n|turn|24\n|c|\u2606jordblast|gg\n|\n|t:|1697502175\n|move|p2a: Gholdengo|Shadow Ball|p1a: Palkia\n|-damage|p1a: Palkia|46\/100\n|move|p1a: Palkia|Earth Power|p2a: Gholdengo\n|-supereffective|p2a: Gholdengo\n|-damage|p2a: Gholdengo|0 fnt\n|faint|p2a: Gholdengo\n|\n|win|jordblast\n|c|\u2606TubeKnight|welp ggs\n|c|\u2606TubeKnight|i can upload the replay\n","uploadtime":1697502197,"views":25,"p1id":"jordblast","p2id":"tubeknight","formatid":"gen9ubers","rating":0,"private":0,"password":""}