{"id":"gen9ubers-1999716583","p1":"RamPamPam888","p2":"bumblebum","format":"[Gen 9] Ubers","log":"|j|\u2606RamPamPam888\n|j|\u2606bumblebum\n|t:|1701110419\n|gametype|singles\n|player|p1|RamPamPam888|roughneck|\n|player|p2|bumblebum|wallace|\n|teamsize|p1|6\n|teamsize|p2|6\n|gen|9\n|tier|[Gen 9] Ubers\n|rule|Sleep Clause Mod: Limit one foe put to sleep\n|rule|Species Clause: Limit one of each Pok\u00e9mon\n|rule|OHKO Clause: OHKO moves are banned\n|rule|Evasion Items Clause: Evasion items are banned\n|rule|Evasion Moves Clause: Evasion moves are banned\n|rule|Endless Battle Clause: Forcing endless battles is banned\n|rule|HP Percentage Mod: HP is shown in percentages\n|clearpoke\n|poke|p1|Ogerpon-Cornerstone, F|\n|poke|p1|Crawdaunt, M|\n|poke|p1|Krookodile, M|\n|poke|p1|Heracross, F|\n|poke|p1|Perrserker, M|\n|poke|p1|Rabsca, F|\n|poke|p2|Sneasler, M|\n|poke|p2|Kleavor, M|\n|poke|p2|Barraskewda, M|\n|poke|p2|Vikavolt, F|\n|poke|p2|Charizard, F|\n|poke|p2|Sliggoo-Hisui, M|\n|teampreview\n|inactive|Battle timer is ON: inactive players will automatically lose when time's up. (requested by bumblebum)\n|c|\u2606bumblebum|glhf\n|j| GrunkleConn\n|j| woki mit deim koko\n|j| Mr. Kessler\n|j| 4R4CH1S\n|c| GrunkleConn|coolio\n|c| 4R4CH1S|Vaaaamos rampampam\n|j| YOMI Draco\n|inactive|RamPamPam888 has 270 seconds left.\n|c|\u2606RamPamPam888|Wait a second I'm putting my playlist\n|c| YOMI Draco|I pull up\n|c| Mr. Kessler|im krooking so hard rn\n|c| GrunkleConn|yo this looks hype\n|c|\u2606bumblebum|this guy putting on mood playlists\n|c|\u2606bumblebum|meanwhile\n|\n|t:|1701110466\n|start\n|switch|p1a: Marcelo Bielsa|Rabsca, F|100\/100\n|switch|p2a: Charizard|Charizard, F, shiny|100\/100\n|turn|1\n|c|\u2606bumblebum|im sitting here\n|c|\u2606bumblebum|no clothes on\n|c| 4R4CH1S|Nah he's real for that\n|c| YOMI Draco|Oh god I\u2019m gonna krook\n|c| Mr. Kessler|lead rabsca\n|c|\u2606bumblebum|fresh out of the shower\n|c| 4R4CH1S|I have my dedicated showdown playlist too\n|c|\u2606bumblebum|thugging it out\n|c| Mr. Kessler|kitchen is gone\n|c| Mr. Kessler|burned to a crisp\n|\n|t:|1701110496\n|switch|p1a: Darwin Nu\u00f1ez|Krookodile, M|100\/100\n|move|p2a: Charizard|Flamethrower|p1a: Darwin Nu\u00f1ez\n|-damage|p1a: Darwin Nu\u00f1ez|38\/100\n|-status|p1a: Darwin Nu\u00f1ez|brn\n|\n|-damage|p1a: Darwin Nu\u00f1ez|32\/100 brn|[from] brn\n|upkeep\n|turn|2\n|c|\u2606RamPamPam888|FUCK\n|c| GrunkleConn|oof\n|c| 4R4CH1S|D:\n|c| YOMI Draco|whelp\n|c| Mr. Kessler|it's over for krookbros\n|inactive|bumblebum has 270 seconds left.\n|c| YOMI Draco|It\u2019s krookover\n|c|\u2606RamPamPam888|Doesn't matter it's rocks\n|c| woki mit deim koko|facade?\n|c| Mr. Kessler|im krooking everwhere\n|c| GrunkleConn|less go keep going\n|c| Mr. Kessler|bro said facade\n|inactive|bumblebum has 240 seconds left.\n|c|\u2606RamPamPam888|Its taunt stelth rocks its fine\n|\n|t:|1701110542\n|move|p1a: Darwin Nu\u00f1ez|Stone Edge|p2a: Charizard\n|-supereffective|p2a: Charizard\n|-damage|p2a: Charizard|18\/100\n|move|p2a: Charizard|Flamethrower|p1a: Darwin Nu\u00f1ez\n|-damage|p1a: Darwin Nu\u00f1ez|0 fnt\n|faint|p1a: Darwin Nu\u00f1ez\n|\n|upkeep\n|c|\u2606RamPamPam888|FUCK\n|c| GrunkleConn|ooh\n|c|\u2606bumblebum|this guy\n|\n|t:|1701110549\n|switch|p1a: Maxi Araujo|Ogerpon-Cornerstone, F|100\/100\n|turn|3\n|c| Mr. Kessler|bahahahaha\n|c|\u2606bumblebum|the liar\n|c| GrunkleConn|lmfao\n|inactive|bumblebum has 240 seconds left.\n|\n|t:|1701110566\n|move|p1a: Maxi Araujo|Ivy Cudgel|p2a: Charizard|[anim] Ivy Cudgel Rock\n|-supereffective|p2a: Charizard\n|-damage|p2a: Charizard|0 fnt\n|faint|p2a: Charizard\n|\n|upkeep\n|inactive|bumblebum has 240 seconds left.\n|\n|t:|1701110587\n|switch|p2a: Sliggoo|Sliggoo-Hisui, M|100\/100\n|turn|4\n|c| Mr. Kessler|im so serious here what was rabsca supposed to do\n|c| Mr. Kessler|as a lead\n|c| GrunkleConn|revive duh\n|c|\u2606RamPamPam888|Wait\n|c| GrunkleConn|krook bros we're back\n|c|\u2606RamPamPam888|i wasnt expecting charizard\n|inactive|bumblebum has 210 seconds left.\n|\n|t:|1701110615\n|move|p1a: Maxi Araujo|U-turn|p2a: Sliggoo\n|-resisted|p2a: Sliggoo\n|-damage|p2a: Sliggoo|88\/100\n|\n|t:|1701110623\n|switch|p1a: Marcelo Bielsa|Rabsca, F|100\/100|[from] U-turn\n|move|p2a: Sliggoo|Acid Spray|p1a: Marcelo Bielsa\n|-damage|p1a: Marcelo Bielsa|90\/100\n|-unboost|p1a: Marcelo Bielsa|spd|2\n|\n|upkeep\n|turn|5\n|c| Mr. Kessler|krook bros we're back\n|inactive|bumblebum has 210 seconds left.\n|\n|t:|1701110642\n|switch|p2a: Kleavor|Kleavor, M|100\/100\n|move|p1a: Marcelo Bielsa|Trick Room|p1a: Marcelo Bielsa\n|-fieldstart|move: Trick Room|[of] p1a: Marcelo Bielsa\n|\n|upkeep\n|turn|6\n|c| GrunkleConn|ohhh\n|c| GrunkleConn|lessgo\n|inactive|bumblebum has 210 seconds left.\n|c| GrunkleConn|3d kleavor looks sick ngl\n|c|\u2606bumblebum|Marco\n|\n|t:|1701110666\n|switch|p1a: Rodri Bentancur|Perrserker, M|100\/100\n|move|p2a: Kleavor|Stone Axe|p1a: Rodri Bentancur\n|-resisted|p1a: Rodri Bentancur\n|-damage|p1a: Rodri Bentancur|74\/100\n|-sidestart|p1: RamPamPam888|move: Stealth Rock\n|\n|-heal|p1a: Rodri Bentancur|80\/100|[from] item: Leftovers\n|upkeep\n|turn|7\n|inactive|bumblebum has 210 seconds left.\n|c| Mr. Kessler|bro didnt revive krook\n|c| Mr. Kessler|fake fan\n|c|\u2606RamPamPam888|Deception is my game\n|l| GrunkleConn\n|\n|t:|1701110704\n|switch|p2a: Vikavolt|Vikavolt, F|100\/100\n|move|p1a: Rodri Bentancur|Gyro Ball|p2a: Vikavolt\n|-resisted|p2a: Vikavolt\n|-damage|p2a: Vikavolt|90\/100\n|\n|-heal|p1a: Rodri Bentancur|86\/100|[from] item: Leftovers\n|upkeep\n|turn|8\n|j| GrunkleConn\n|\n|t:|1701110718\n|move|p1a: Rodri Bentancur|Knock Off|p2a: Vikavolt\n|-damage|p2a: Vikavolt|49\/100\n|-enditem|p2a: Vikavolt|Heavy-Duty Boots|[from] move: Knock Off|[of] p1a: Rodri Bentancur\n|move|p2a: Vikavolt|Sticky Web|p1a: Rodri Bentancur\n|-sidestart|p1: RamPamPam888|move: Sticky Web\n|\n|-heal|p1a: Rodri Bentancur|92\/100|[from] item: Leftovers\n|upkeep\n|turn|9\n|\n|t:|1701110724\n|move|p1a: Rodri Bentancur|Stealth Rock|p2a: Vikavolt\n|-sidestart|p2: bumblebum|move: Stealth Rock\n|move|p2a: Vikavolt|Volt Switch|p1a: Rodri Bentancur\n|-damage|p1a: Rodri Bentancur|11\/100\n|inactive|bumblebum has 180 seconds left.\n|\n|t:|1701110740\n|switch|p2a: Sliggoo|Sliggoo-Hisui, M|88\/100|[from] Volt Switch\n|-damage|p2a: Sliggoo|82\/100|[from] Stealth Rock\n|\n|-heal|p1a: Rodri Bentancur|17\/100|[from] item: Leftovers\n|-fieldend|move: Trick Room\n|upkeep\n|turn|10\n|inactive|bumblebum has 180 seconds left.\n|\n|t:|1701110758\n|move|p1a: Rodri Bentancur|Protect|p1a: Rodri Bentancur\n|-singleturn|p1a: Rodri Bentancur|Protect\n|move|p2a: Sliggoo|Thunderbolt|p1a: Rodri Bentancur\n|-activate|p1a: Rodri Bentancur|move: Protect\n|\n|-heal|p1a: Rodri Bentancur|23\/100|[from] item: Leftovers\n|upkeep\n|turn|11\n|inactive|bumblebum has 180 seconds left.\n|\n|t:|1701110772\n|move|p2a: Sliggoo|Flash Cannon|p1a: Rodri Bentancur\n|-resisted|p1a: Rodri Bentancur\n|-damage|p1a: Rodri Bentancur|0 fnt\n|faint|p1a: Rodri Bentancur\n|\n|upkeep\n|c| Mr. Kessler|at least it has 4 moves this time\n|c| 4R4CH1S|Oh\n|c| GrunkleConn|Lmao\n|\n|t:|1701110788\n|switch|p1a: Facu Pellistri|Heracross, F|100\/100\n|-damage|p1a: Facu Pellistri|88\/100|[from] Stealth Rock\n|-activate|p1a: Facu Pellistri|move: Sticky Web\n|-unboost|p1a: Facu Pellistri|spe|1\n|turn|12\n|inactive|bumblebum has 180 seconds left.\n|l| YOMI Draco\n|inactive|bumblebum has 150 seconds left.\n|\n|t:|1701110837\n|-singleturn|p1a: Facu Pellistri|move: Focus Punch\n|move|p2a: Sliggoo|Flash Cannon|p1a: Facu Pellistri\n|-damage|p1a: Facu Pellistri|48\/100\n|cant|p1a: Facu Pellistri|Focus Punch|Focus Punch\n|\n|-status|p1a: Facu Pellistri|brn|[from] item: Flame Orb\n|upkeep\n|turn|13\n|inactive|bumblebum has 150 seconds left.\n|c| GrunkleConn|Oh\n|c|\u2606RamPamPam888|FUCK\n|c| 4R4CH1S|Heat\n|\n|t:|1701110856\n|-terastallize|p1a: Facu Pellistri|Bug\n|move|p2a: Sliggoo|Flash Cannon|p1a: Facu Pellistri\n|-damage|p1a: Facu Pellistri|4\/100 brn\n|move|p1a: Facu Pellistri|Megahorn|p2a: Sliggoo\n|-resisted|p2a: Sliggoo\n|-damage|p2a: Sliggoo|26\/100\n|\n|-damage|p1a: Facu Pellistri|0 fnt|[from] brn\n|faint|p1a: Facu Pellistri\n|upkeep\n|c|\u2606bumblebum|they call me\n|c| Mr. Kessler|what on earth\n|c|\u2606bumblebum|the Sitting duck\n|\n|t:|1701110869\n|switch|p1a: Lucho Suarez|Crawdaunt, M|100\/100\n|-damage|p1a: Lucho Suarez|88\/100|[from] Stealth Rock\n|-activate|p1a: Lucho Suarez|move: Sticky Web\n|-unboost|p1a: Lucho Suarez|spe|1\n|turn|14\n|inactive|bumblebum has 150 seconds left.\n|\n|t:|1701110880\n|move|p2a: Sliggoo|Thunderbolt|p1a: Lucho Suarez\n|-supereffective|p1a: Lucho Suarez\n|-damage|p1a: Lucho Suarez|0 fnt\n|faint|p1a: Lucho Suarez\n|\n|upkeep\n|c| Mr. Kessler|it gets close combat\n|c| GrunkleConn|Ram\n|c|\u2606bumblebum|oh my god sliggoo\n|c|\u2606bumblebum|wow\n|c| Mr. Kessler|sliggoo sweep oh my god\n|c| GrunkleConn|Trick room\n|\n|t:|1701110892\n|switch|p1a: Marcelo Bielsa|Rabsca, F|90\/100\n|-damage|p1a: Marcelo Bielsa|65\/100|[from] Stealth Rock\n|-activate|p1a: Marcelo Bielsa|move: Sticky Web\n|-unboost|p1a: Marcelo Bielsa|spe|1\n|turn|15\n|l| GrunkleConn\n|inactive|bumblebum has 150 seconds left.\n|j| YOMI Draco\n|j| GrunkleConn\n|\n|t:|1701110912\n|switch|p2a: Barraskewda|Barraskewda, M|100\/100\n|-damage|p2a: Barraskewda|88\/100|[from] Stealth Rock\n|move|p1a: Marcelo Bielsa|Revival Blessing|p1a: Marcelo Bielsa\n|-enditem|p1a: Marcelo Bielsa|Leppa Berry|[eat]\n|-activate|p1a: Marcelo Bielsa|item: Leppa Berry|Revival Blessing|[consumed]\n|\n|t:|1701110924\n|-heal|p1: Darwin Nu\u00f1ez|50\/100|[from] move: Revival Blessing\n|\n|upkeep\n|turn|16\n|\n|t:|1701110929\n|move|p2a: Barraskewda|Liquidation|p1a: Marcelo Bielsa\n|-damage|p1a: Marcelo Bielsa|0 fnt\n|faint|p1a: Marcelo Bielsa\n|\n|upkeep\n|l| YOMI Draco\n|c| 4R4CH1S|THE KROOK IS BAAAACK\n|\n|t:|1701110933\n|switch|p1a: Maxi Araujo|Ogerpon-Cornerstone, F|100\/100\n|-damage|p1a: Maxi Araujo|88\/100|[from] Stealth Rock\n|-activate|p1a: Maxi Araujo|move: Sticky Web\n|-unboost|p1a: Maxi Araujo|spe|1\n|turn|17\n|\n|t:|1701110938\n|move|p2a: Barraskewda|Liquidation|p1a: Maxi Araujo\n|-damage|p1a: Maxi Araujo|0 fnt\n|faint|p1a: Maxi Araujo\n|\n|upkeep\n|j| YOMI Draco\n|c|\u2606RamPamPam888|Fuck\n|\n|t:|1701110944\n|switch|p1a: Darwin Nu\u00f1ez|Krookodile, M|50\/100\n|-damage|p1a: Darwin Nu\u00f1ez|44\/100|[from] Stealth Rock\n|-activate|p1a: Darwin Nu\u00f1ez|move: Sticky Web\n|-unboost|p1a: Darwin Nu\u00f1ez|spe|1\n|turn|18\n|\n|t:|1701110947\n|move|p2a: Barraskewda|Liquidation|p1a: Darwin Nu\u00f1ez\n|-supereffective|p1a: Darwin Nu\u00f1ez\n|-damage|p1a: Darwin Nu\u00f1ez|0 fnt\n|faint|p1a: Darwin Nu\u00f1ez\n|\n|win|bumblebum\n|c|\u2606bumblebum|gg\n|c|\u2606RamPamPam888|gg\n|c| Mr. Kessler|sheesh\n","uploadtime":1701110954,"views":11,"p1id":"rampampam888","p2id":"bumblebum","formatid":"gen9ubers","rating":0,"private":0,"password":""}