{"id":"gen9ubers-1971868961","p1":"pydee","p2":"Bruhitsjhian","format":"[Gen 9] Ubers","log":"|j|\u2606pydee\n|j|\u2606Bruhitsjhian\n|t:|1697784321\n|gametype|singles\n|player|p1|pydee|101|1136\n|player|p2|Bruhitsjhian|2|1151\n|teamsize|p1|6\n|teamsize|p2|6\n|gen|9\n|tier|[Gen 9] Ubers\n|rated|\n|rule|Sleep Clause Mod: Limit one foe put to sleep\n|rule|Species Clause: Limit one of each Pok\u00e9mon\n|rule|OHKO Clause: OHKO moves are banned\n|rule|Evasion Items Clause: Evasion items are banned\n|rule|Evasion Moves Clause: Evasion moves are banned\n|rule|Endless Battle Clause: Forcing endless battles is banned\n|rule|HP Percentage Mod: HP is shown in percentages\n|clearpoke\n|poke|p1|Miraidon|\n|poke|p1|Koraidon|\n|poke|p1|Flutter Mane|\n|poke|p1|Great Tusk|\n|poke|p1|Shaymin-Sky|\n|poke|p1|Sneasler, M|\n|poke|p2|Dragapult, M|\n|poke|p2|Miraidon|\n|poke|p2|Kingambit, M|\n|poke|p2|Arceus|\n|poke|p2|Zacian-*|\n|poke|p2|Cyclizar, M|\n|teampreview\n|\n|t:|1697784331\n|start\n|switch|p1a: Koraidon|Koraidon|100\/100\n|switch|p2a: Cyclizar|Cyclizar, M, shiny|100\/100\n|-weather|SunnyDay|[from] ability: Orichalcum Pulse|[of] p1a: Koraidon\n|-activate|p1a: Koraidon|Orichalcum Pulse|[source]\n|turn|1\n|\n|t:|1697784340\n|move|p1a: Koraidon|Dragon Claw|p2a: Cyclizar\n|-supereffective|p2a: Cyclizar\n|-damage|p2a: Cyclizar|0 fnt\n|faint|p2a: Cyclizar\n|-damage|p1a: Koraidon|91\/100|[from] item: Life Orb\n|\n|-weather|SunnyDay|[upkeep]\n|upkeep\n|\n|t:|1697784346\n|switch|p2a: Zacian|Zacian-Crowned, shiny|100\/100\n|-ability|p2a: Zacian|Intrepid Sword|boost\n|-boost|p2a: Zacian|atk|1\n|turn|2\n|\n|t:|1697784358\n|-terastallize|p1a: Koraidon|Steel\n|move|p2a: Zacian|Play Rough|p1a: Koraidon\n|-resisted|p1a: Koraidon\n|-damage|p1a: Koraidon|57\/100\n|move|p1a: Koraidon|Stomping Tantrum|p2a: Zacian\n|-supereffective|p2a: Zacian\n|-damage|p2a: Zacian|20\/100\n|-damage|p1a: Koraidon|47\/100|[from] item: Life Orb\n|\n|-weather|SunnyDay|[upkeep]\n|upkeep\n|turn|3\n|\n|t:|1697784373\n|switch|p1a: Great Tusk|Great Tusk|100\/100\n|-activate|p1a: Great Tusk|ability: Protosynthesis\n|-start|p1a: Great Tusk|protosynthesisdef\n|move|p2a: Zacian|Sacred Sword|p1a: Great Tusk\n|-damage|p1a: Great Tusk|81\/100\n|-damage|p2a: Zacian|4\/100|[from] item: Rocky Helmet|[of] p1a: Great Tusk\n|\n|-weather|SunnyDay|[upkeep]\n|upkeep\n|turn|4\n|\n|t:|1697784386\n|move|p2a: Zacian|Play Rough|p1a: Great Tusk|[miss]\n|-miss|p2a: Zacian|p1a: Great Tusk\n|move|p1a: Great Tusk|Stealth Rock|p2a: Zacian\n|-sidestart|p2: Bruhitsjhian|move: Stealth Rock\n|\n|-weather|SunnyDay|[upkeep]\n|upkeep\n|turn|5\n|\n|t:|1697784392\n|move|p2a: Zacian|Play Rough|p1a: Great Tusk\n|-supereffective|p1a: Great Tusk\n|-damage|p1a: Great Tusk|25\/100\n|-damage|p2a: Zacian|0 fnt|[from] item: Rocky Helmet|[of] p1a: Great Tusk\n|faint|p2a: Zacian\n|move|p1a: Great Tusk|Body Press|p2: Zacian|[notarget]\n|-fail|p1a: Great Tusk\n|\n|-weather|none\n|-end|p1a: Great Tusk|Protosynthesis\n|upkeep\n|\n|t:|1697784403\n|switch|p2a: Dragapult|Dragapult, M, shiny|100\/100\n|-damage|p2a: Dragapult|88\/100|[from] Stealth Rock\n|turn|6\n|\n|t:|1697784417\n|move|p2a: Dragapult|Shadow Ball|p1a: Great Tusk\n|-damage|p1a: Great Tusk|0 fnt\n|faint|p1a: Great Tusk\n|-end|p1a: Great Tusk|Protosynthesis|[silent]\n|\n|upkeep\n|\n|t:|1697784422\n|switch|p1a: Miraidon|Miraidon|100\/100\n|-fieldstart|move: Electric Terrain|[from] ability: Hadron Engine|[of] p1a: Miraidon\n|turn|7\n|\n|t:|1697784431\n|switch|p1a: Flutter Mane|Flutter Mane|100\/100\n|move|p2a: Dragapult|Dragon Darts|p1a: Flutter Mane\n|-immune|p1a: Flutter Mane\n|\n|upkeep\n|turn|8\n|\n|t:|1697784452\n|move|p2a: Dragapult|Shadow Ball|p1a: Flutter Mane\n|-supereffective|p1a: Flutter Mane\n|-damage|p1a: Flutter Mane|26\/100\n|move|p1a: Flutter Mane|Shadow Ball|p2a: Dragapult\n|-supereffective|p2a: Dragapult\n|-damage|p2a: Dragapult|0 fnt\n|faint|p2a: Dragapult\n|\n|upkeep\n|\n|t:|1697784463\n|switch|p2a: Arceus|Arceus|100\/100\n|-damage|p2a: Arceus|88\/100|[from] Stealth Rock\n|turn|9\n|\n|t:|1697784474\n|-end|p1a: Flutter Mane|Protosynthesis|[silent]\n|switch|p1a: Sneasler|Sneasler, M|100\/100\n|-enditem|p1a: Sneasler|Electric Seed\n|-boost|p1a: Sneasler|def|1|[from] item: Electric Seed\n|-terastallize|p2a: Arceus|Ground\n|move|p2a: Arceus|Earthquake|p1a: Sneasler\n|-supereffective|p1a: Sneasler\n|-crit|p1a: Sneasler\n|-damage|p1a: Sneasler|0 fnt\n|faint|p1a: Sneasler\n|-damage|p2a: Arceus|78\/100|[from] item: Life Orb\n|\n|upkeep\n|\n|t:|1697784488\n|switch|p1a: Miraidon|Miraidon|100\/100\n|-activate|p1a: Miraidon|ability: Hadron Engine\n|turn|10\n|\n|t:|1697784492\n|move|p1a: Miraidon|Draco Meteor|p2a: Arceus\n|-damage|p2a: Arceus|0 fnt\n|-unboost|p1a: Miraidon|spa|2\n|faint|p2a: Arceus\n|\n|upkeep\n|\n|t:|1697784497\n|switch|p2a: Kingambit|Kingambit, M|100\/100\n|-damage|p2a: Kingambit|94\/100|[from] Stealth Rock\n|-activate|p2a: Kingambit|ability: Supreme Overlord\n|-start|p2a: Kingambit|fallen4|[silent]\n|turn|11\n|\n|t:|1697784512\n|switch|p1a: Flutter Mane|Flutter Mane|26\/100\n|move|p2a: Kingambit|Sucker Punch||[still]\n|-fail|p2a: Kingambit\n|\n|-fieldend|move: Electric Terrain\n|upkeep\n|turn|12\n|\n|t:|1697784523\n|move|p2a: Kingambit|Sucker Punch|p1a: Flutter Mane\n|-damage|p1a: Flutter Mane|0 fnt\n|faint|p1a: Flutter Mane\n|-end|p1a: Flutter Mane|Protosynthesis|[silent]\n|\n|upkeep\n|\n|t:|1697784531\n|switch|p1a: Shaymin|Shaymin-Sky|100\/100\n|turn|13\n|\n|t:|1697784536\n|move|p2a: Kingambit|Sucker Punch|p1a: Shaymin\n|-damage|p1a: Shaymin|5\/100\n|move|p1a: Shaymin|Earth Power|p2a: Kingambit\n|-supereffective|p2a: Kingambit\n|-damage|p2a: Kingambit|25\/100\n|\n|upkeep\n|turn|14\n|\n|t:|1697784542\n|switch|p1a: Koraidon|Koraidon, tera:Steel|47\/100\n|-weather|SunnyDay|[from] ability: Orichalcum Pulse|[of] p1a: Koraidon\n|-activate|p1a: Koraidon|Orichalcum Pulse|[source]\n|move|p2a: Kingambit|Sucker Punch||[still]\n|-fail|p2a: Kingambit\n|\n|-weather|SunnyDay|[upkeep]\n|upkeep\n|turn|15\n|\n|t:|1697784550\n|switch|p1a: Shaymin|Shaymin-Sky|5\/100\n|move|p2a: Kingambit|Kowtow Cleave|p1a: Shaymin\n|-damage|p1a: Shaymin|0 fnt\n|faint|p1a: Shaymin\n|\n|-weather|SunnyDay|[upkeep]\n|upkeep\n|\n|t:|1697784556\n|switch|p1a: Koraidon|Koraidon, tera:Steel|47\/100\n|-activate|p1a: Koraidon|ability: Orichalcum Pulse\n|turn|16\n|\n|t:|1697784564\n|move|p2a: Kingambit|Sucker Punch|p1a: Koraidon\n|-damage|p1a: Koraidon|0 fnt\n|faint|p1a: Koraidon\n|\n|-weather|SunnyDay|[upkeep]\n|upkeep\n|\n|t:|1697784566\n|switch|p1a: Miraidon|Miraidon|100\/100\n|-fieldstart|move: Electric Terrain|[from] ability: Hadron Engine|[of] p1a: Miraidon\n|turn|17\n|\n|t:|1697784573\n|move|p2a: Kingambit|Sucker Punch|p1a: Miraidon\n|-damage|p1a: Miraidon|29\/100\n|move|p1a: Miraidon|Draco Meteor|p2a: Kingambit\n|-resisted|p2a: Kingambit\n|-damage|p2a: Kingambit|0 fnt\n|-unboost|p1a: Miraidon|spa|2\n|faint|p2a: Kingambit\n|-end|p2a: Kingambit|fallen4|[silent]\n|\n|-weather|SunnyDay|[upkeep]\n|upkeep\n|\n|t:|1697784581\n|switch|p2a: Miraidon|Miraidon|100\/100\n|-damage|p2a: Miraidon|88\/100|[from] Stealth Rock\n|-activate|p2a: Miraidon|ability: Hadron Engine\n|turn|18\n|\n|t:|1697784587\n|move|p1a: Miraidon|Draco Meteor|p2a: Miraidon|[miss]\n|-miss|p1a: Miraidon|p2a: Miraidon\n|move|p2a: Miraidon|Draco Meteor|p1a: Miraidon\n|-supereffective|p1a: Miraidon\n|-damage|p1a: Miraidon|0 fnt\n|-unboost|p2a: Miraidon|spa|2\n|faint|p1a: Miraidon\n|\n|win|Bruhitsjhian\n|raw|pydee's rating: 1136 &rarr; <strong>1112<\/strong><br \/>(-24 for losing)\n|raw|Bruhitsjhian's rating: 1151 &rarr; <strong>1175<\/strong><br \/>(+24 for winning)\n|c|\u2606pydee|\uff1f\n|c|\u2606pydee|6\n","uploadtime":1697784596,"views":17,"p1id":"pydee","p2id":"bruhitsjhian","formatid":"gen9ubers","rating":1112,"private":0,"password":""}