{"id":"gen9ubers-1993049613","p1":"Raiozin","p2":"qwerman234","format":"[Gen 9] Ubers","log":"|j|\u2606Raiozin\n|j|\u2606qwerman234\n|t:|1700259176\n|gametype|singles\n|player|p1|Raiozin|gambler|1101\n|player|p2|qwerman234|gambler|1249\n|teamsize|p1|6\n|teamsize|p2|6\n|gen|9\n|tier|[Gen 9] Ubers\n|rated|\n|rule|Sleep Clause Mod: Limit one foe put to sleep\n|rule|Species Clause: Limit one of each Pok\u00e9mon\n|rule|OHKO Clause: OHKO moves are banned\n|rule|Evasion Items Clause: Evasion items are banned\n|rule|Evasion Moves Clause: Evasion moves are banned\n|rule|Endless Battle Clause: Forcing endless battles is banned\n|rule|HP Percentage Mod: HP is shown in percentages\n|clearpoke\n|poke|p1|Kommo-o, M|\n|poke|p1|Chien-Pao|\n|poke|p1|Basculegion, M|\n|poke|p1|Espathra, F|\n|poke|p1|Lucario, M|\n|poke|p1|Kyogre|\n|poke|p2|Arceus|\n|poke|p2|Cyclizar, M|\n|poke|p2|Maushold-Four|\n|poke|p2|Zoroark-Hisui, F|\n|poke|p2|Ditto|\n|poke|p2|Ursaluna-Bloodmoon, M|\n|teampreview\n|inactive|Battle timer is ON: inactive players will automatically lose when time's up. (requested by qwerman234)\n|\n|t:|1700259182\n|start\n|switch|p1a: Kyogre|Kyogre|100\/100\n|switch|p2a: toyota corolla|Cyclizar, M|100\/100\n|-weather|RainDance|[from] ability: Drizzle|[of] p1a: Kyogre\n|turn|1\n|\n|t:|1700259196\n|move|p2a: toyota corolla|Shed Tail|p2a: toyota corolla\n|-start|p2a: toyota corolla|Substitute|[from] move: Shed Tail\n|-damage|p2a: toyota corolla|50\/100\n|\n|t:|1700259203\n|switch|p2a: family of 4|Maushold-Four|100\/100|[from] Shed Tail\n|move|p1a: Kyogre|Ice Beam|p2a: family of 4\n|-end|p2a: family of 4|Substitute\n|\n|-weather|RainDance|[upkeep]\n|upkeep\n|turn|2\n|\n|t:|1700259211\n|move|p1a: Kyogre|Ice Beam|p2a: family of 4\n|-damage|p2a: family of 4|39\/100\n|move|p2a: family of 4|Population Bomb|p1a: Kyogre\n|-damage|p1a: Kyogre|87\/100\n|-damage|p1a: Kyogre|75\/100\n|-damage|p1a: Kyogre|63\/100\n|-damage|p1a: Kyogre|51\/100\n|-damage|p1a: Kyogre|37\/100\n|-damage|p1a: Kyogre|25\/100\n|-damage|p1a: Kyogre|13\/100\n|-damage|p1a: Kyogre|2\/100\n|-damage|p1a: Kyogre|0 fnt\n|faint|p1a: Kyogre\n|-hitcount|p1: Kyogre|9\n|\n|-weather|RainDance|[upkeep]\n|upkeep\n|\n|t:|1700259238\n|switch|p1a: Espathra|Espathra, F|100\/100\n|turn|3\n|\n|t:|1700259246\n|move|p1a: Espathra|Protect|p1a: Espathra\n|-singleturn|p1a: Espathra|Protect\n|move|p2a: family of 4|Tidy Up|p2a: family of 4\n|-boost|p2a: family of 4|atk|1\n|-boost|p2a: family of 4|spe|1\n|-enditem|p1a: Espathra|Mirror Herb\n|-boost|p1a: Espathra|atk|1|[from] item: Mirror Herb\n|-boost|p1a: Espathra|spe|1|[from] item: Mirror Herb\n|\n|-weather|RainDance|[upkeep]\n|-ability|p1a: Espathra|Speed Boost|boost\n|-boost|p1a: Espathra|spe|1\n|upkeep\n|turn|4\n|\n|t:|1700259258\n|move|p1a: Espathra|Stored Power|p2a: family of 4\n|-damage|p2a: family of 4|0 fnt\n|faint|p2a: family of 4\n|\n|-weather|RainDance|[upkeep]\n|-ability|p1a: Espathra|Speed Boost|boost\n|-boost|p1a: Espathra|spe|1\n|upkeep\n|\n|t:|1700259263\n|switch|p2a: yoink|Ditto, shiny|100\/100\n|-transform|p2a: yoink|p1a: Espathra|[from] ability: Imposter\n|turn|5\n|\n|t:|1700259267\n|move|p2a: yoink|Stored Power|p1a: Espathra\n|-resisted|p1a: Espathra\n|-damage|p1a: Espathra|64\/100\n|move|p1a: Espathra|Tera Blast|p2a: yoink\n|-damage|p2a: yoink|57\/100\n|\n|-weather|none\n|-ability|p2a: yoink|Speed Boost|boost\n|-boost|p2a: yoink|spe|1\n|-ability|p1a: Espathra|Speed Boost|boost\n|-boost|p1a: Espathra|spe|1\n|upkeep\n|turn|6\n|\n|t:|1700259277\n|switch|p2a: God of llamas|Arceus|100\/100\n|move|p1a: Espathra|Calm Mind|p1a: Espathra\n|-boost|p1a: Espathra|spa|1\n|-boost|p1a: Espathra|spd|1\n|\n|-ability|p1a: Espathra|Speed Boost|boost\n|-boost|p1a: Espathra|spe|1\n|upkeep\n|turn|7\n|\n|t:|1700259285\n|move|p1a: Espathra|Stored Power|p2a: God of llamas\n|-crit|p2a: God of llamas\n|-damage|p2a: God of llamas|0 fnt\n|replace|p2a: Bamboozled|Zoroark-Hisui, F\n|-end|p2a: Bamboozled|Illusion\n|faint|p2a: Bamboozled\n|\n|-ability|p1a: Espathra|Speed Boost|boost\n|-boost|p1a: Espathra|spe|1\n|upkeep\n|\n|t:|1700259289\n|switch|p2a: yoink|Ditto, shiny|57\/100\n|-transform|p2a: yoink|p1a: Espathra|[from] ability: Imposter\n|turn|8\n|\n|t:|1700259297\n|move|p1a: Espathra|Protect|p1a: Espathra\n|-singleturn|p1a: Espathra|Protect\n|move|p2a: yoink|Stored Power|p1a: Espathra\n|-activate|p1a: Espathra|move: Protect\n|\n|upkeep\n|turn|9\n|\n|t:|1700259305\n|move|p2a: yoink|Stored Power|p1a: Espathra\n|-resisted|p1a: Espathra\n|-damage|p1a: Espathra|0 fnt\n|faint|p1a: Espathra\n|\n|upkeep\n|\n|t:|1700259315\n|switch|p1a: Chien-Pao|Chien-Pao|100\/100\n|-ability|p1a: Chien-Pao|Sword of Ruin\n|turn|10\n|\n|t:|1700259319\n|switch|p2a: The bite of 87?!|Ursaluna-Bloodmoon, M|100\/100\n|move|p1a: Chien-Pao|Crunch|p2a: The bite of 87?!\n|-damage|p2a: The bite of 87?!|51\/100\n|-damage|p1a: Chien-Pao|91\/100|[from] item: Life Orb\n|\n|-heal|p2a: The bite of 87?!|57\/100|[from] item: Leftovers\n|upkeep\n|turn|11\n|\n|t:|1700259329\n|move|p1a: Chien-Pao|Sacred Sword|p2a: The bite of 87?!\n|-supereffective|p2a: The bite of 87?!\n|-damage|p2a: The bite of 87?!|0 fnt\n|faint|p2a: The bite of 87?!\n|-damage|p1a: Chien-Pao|81\/100|[from] item: Life Orb\n|\n|upkeep\n|\n|t:|1700259334\n|switch|p2a: God of llamas|Arceus|100\/100\n|turn|12\n|\n|t:|1700259338\n|move|p1a: Chien-Pao|Sacred Sword|p2a: God of llamas\n|-supereffective|p2a: God of llamas\n|-damage|p2a: God of llamas|27\/100\n|-damage|p1a: Chien-Pao|71\/100|[from] item: Life Orb\n|move|p2a: God of llamas|Swords Dance|p2a: God of llamas\n|-boost|p2a: God of llamas|atk|2\n|\n|-heal|p2a: God of llamas|33\/100|[from] item: Leftovers\n|upkeep\n|turn|13\n|\n|t:|1700259348\n|move|p2a: God of llamas|Extreme Speed|p1a: Chien-Pao\n|-damage|p1a: Chien-Pao|0 fnt\n|faint|p1a: Chien-Pao\n|\n|-heal|p2a: God of llamas|39\/100|[from] item: Leftovers\n|upkeep\n|\n|t:|1700259354\n|switch|p1a: Lucario|Lucario, M|100\/100\n|turn|14\n|\n|t:|1700259366\n|-terastallize|p2a: God of llamas|Normal\n|move|p1a: Lucario|Extreme Speed|p2a: God of llamas\n|-damage|p2a: God of llamas|13\/100\n|move|p2a: God of llamas|Extreme Speed|p1a: Lucario\n|-resisted|p1a: Lucario\n|-damage|p1a: Lucario|13\/100\n|\n|-heal|p2a: God of llamas|19\/100|[from] item: Leftovers\n|upkeep\n|turn|15\n|\n|t:|1700259376\n|move|p1a: Lucario|Extreme Speed|p2a: God of llamas\n|-damage|p2a: God of llamas|0 fnt\n|faint|p2a: God of llamas\n|\n|upkeep\n|\n|t:|1700259381\n|switch|p2a: yoink|Ditto, shiny|57\/100\n|-transform|p2a: yoink|p1a: Lucario|[from] ability: Imposter\n|turn|16\n|\n|t:|1700259388\n|-terastallize|p1a: Lucario|Flying\n|move|p2a: yoink|Extreme Speed|p1a: Lucario\n|-damage|p1a: Lucario|0 fnt\n|faint|p1a: Lucario\n|\n|upkeep\n|\n|t:|1700259395\n|switch|p1a: Kommo-o|Kommo-o, M|100\/100\n|turn|17\n|\n|t:|1700259401\n|switch|p2a: toyota corolla|Cyclizar, M|83\/100\n|move|p1a: Kommo-o|Drain Punch|p2a: toyota corolla\n|-supereffective|p2a: toyota corolla\n|-damage|p2a: toyota corolla|0 fnt\n|faint|p2a: toyota corolla\n|\n|upkeep\n|\n|t:|1700259406\n|switch|p2a: yoink|Ditto, shiny|57\/100\n|-transform|p2a: yoink|p1a: Kommo-o|[from] ability: Imposter\n|turn|18\n|-message|qwerman234 forfeited.\n|\n|win|Raiozin\n|raw|Raiozin's rating: 1101 &rarr; <strong>1136<\/strong><br \/>(+35 for winning)\n|raw|qwerman234's rating: 1249 &rarr; <strong>1214<\/strong><br \/>(-35 for losing)\n|l|\u2606qwerman234\n","uploadtime":1700259427,"views":14,"p1id":"raiozin","p2id":"qwerman234","formatid":"gen9ubers","rating":1136,"private":0,"password":""}