{"id":"gen9ubers-1973257413","p1":"wamkou","p2":"efwin2763","format":"[Gen 9] Ubers","log":"|j|\u2606wamkou\n|j|\u2606efwin2763\n|t:|1697945220\n|gametype|singles\n|player|p1|wamkou|elesa-masters2|\n|player|p2|efwin2763|ghetsis-gen5bw|\n|teamsize|p1|6\n|teamsize|p2|6\n|gen|9\n|tier|[Gen 9] Ubers\n|rule|Sleep Clause Mod: Limit one foe put to sleep\n|rule|Species Clause: Limit one of each Pok\u00e9mon\n|rule|OHKO Clause: OHKO moves are banned\n|rule|Evasion Items Clause: Evasion items are banned\n|rule|Evasion Moves Clause: Evasion moves are banned\n|rule|Endless Battle Clause: Forcing endless battles is banned\n|rule|HP Percentage Mod: HP is shown in percentages\n|clearpoke\n|poke|p1|Torkoal, M|\n|poke|p1|Chi-Yu|\n|poke|p1|Arceus-Fire|\n|poke|p1|Zacian-*|\n|poke|p1|Shaymin-Sky|\n|poke|p1|Walking Wake|\n|poke|p2|Tyranitar, F|\n|poke|p2|Landorus, M|\n|poke|p2|Ogerpon-Wellspring, F|\n|poke|p2|Zamazenta-*|\n|poke|p2|Ursaluna-Bloodmoon, M|\n|poke|p2|Houndstone, F|\n|teampreview\n|inactive|Battle timer is ON: inactive players will automatically lose when time's up. (requested by efwin2763)\n|inactive|wamkou has 270 seconds left.\n|inactive|efwin2763 has 270 seconds left.\n|\n|t:|1697945253\n|start\n|switch|p1a: Torkoal|Torkoal, M|100\/100\n|switch|p2a: Landorus|Landorus, M|100\/100\n|-weather|SunnyDay|[from] ability: Drought|[of] p1a: Torkoal\n|turn|1\n|\n|t:|1697945263\n|switch|p1a: Shaymin|Shaymin-Sky|100\/100\n|move|p2a: Landorus|Nasty Plot|p2a: Landorus\n|-boost|p2a: Landorus|spa|2\n|\n|-weather|SunnyDay|[upkeep]\n|upkeep\n|turn|2\n|\n|t:|1697945274\n|move|p1a: Shaymin|Solar Beam||[still]\n|-prepare|p1a: Shaymin|Solar Beam\n|-anim|p1a: Shaymin|Solar Beam|p2a: Landorus\n|-damage|p2a: Landorus|0 fnt\n|faint|p2a: Landorus\n|\n|-weather|SunnyDay|[upkeep]\n|upkeep\n|c|\u2606efwin2763|oh dam\n|\n|t:|1697945293\n|switch|p2a: Tyranitar|Tyranitar, F|100\/100\n|-weather|Sandstorm|[from] ability: Sand Stream|[of] p2a: Tyranitar\n|turn|3\n|\n|t:|1697945312\n|switch|p1a: Zacian|Zacian|100\/100\n|-ability|p1a: Zacian|Intrepid Sword|boost\n|-boost|p1a: Zacian|atk|1\n|move|p2a: Tyranitar|Rock Blast|p1a: Zacian\n|-damage|p1a: Zacian|90\/100\n|-damage|p1a: Zacian|79\/100\n|-damage|p1a: Zacian|68\/100\n|-damage|p1a: Zacian|57\/100\n|-damage|p1a: Zacian|45\/100\n|-hitcount|p1a: Zacian|5\n|\n|-weather|Sandstorm|[upkeep]\n|-damage|p1a: Zacian|39\/100|[from] Sandstorm\n|upkeep\n|turn|4\n|\n|t:|1697945331\n|switch|p2a: Zamazenta|Zamazenta-Crowned|100\/100\n|-ability|p2a: Zamazenta|Dauntless Shield|boost\n|-boost|p2a: Zamazenta|def|1\n|move|p1a: Zacian|Close Combat|p2a: Zamazenta\n|-supereffective|p2a: Zamazenta\n|-damage|p2a: Zamazenta|19\/100\n|-unboost|p1a: Zacian|def|1\n|-unboost|p1a: Zacian|spd|1\n|\n|-weather|Sandstorm|[upkeep]\n|-damage|p1a: Zacian|33\/100|[from] Sandstorm\n|upkeep\n|turn|5\n|\n|t:|1697945337\n|move|p1a: Zacian|Close Combat|p2a: Zamazenta\n|-supereffective|p2a: Zamazenta\n|-damage|p2a: Zamazenta|0 fnt\n|-unboost|p1a: Zacian|def|1\n|-unboost|p1a: Zacian|spd|1\n|faint|p2a: Zamazenta\n|\n|-weather|Sandstorm|[upkeep]\n|-damage|p1a: Zacian|27\/100|[from] Sandstorm\n|upkeep\n|c|\u2606efwin2763|oh lord\n|inactive|efwin2763 has 270 seconds left.\n|\n|t:|1697945377\n|switch|p2a: Houndstone|Houndstone, F|100\/100\n|turn|6\n|\n|t:|1697945389\n|switch|p1a: Chi-Yu|Chi-Yu|100\/100\n|-ability|p1a: Chi-Yu|Beads of Ruin\n|move|p2a: Houndstone|Last Respects|p1a: Chi-Yu\n|-resisted|p1a: Chi-Yu\n|-damage|p1a: Chi-Yu|45\/100\n|\n|-weather|Sandstorm|[upkeep]\n|-damage|p1a: Chi-Yu|39\/100|[from] Sandstorm\n|upkeep\n|turn|7\n|\n|t:|1697945397\n|move|p2a: Houndstone|Body Press|p1a: Chi-Yu\n|-supereffective|p1a: Chi-Yu\n|-damage|p1a: Chi-Yu|0 fnt\n|faint|p1a: Chi-Yu\n|\n|-weather|Sandstorm|[upkeep]\n|upkeep\n|\n|t:|1697945405\n|switch|p1a: Torkoal|Torkoal, M|100\/100\n|-weather|SunnyDay|[from] ability: Drought|[of] p1a: Torkoal\n|turn|8\n|\n|t:|1697945410\n|move|p2a: Houndstone|Last Respects|p1a: Torkoal\n|-crit|p1a: Torkoal\n|-damage|p1a: Torkoal|49\/100\n|move|p1a: Torkoal|Will-O-Wisp|p2a: Houndstone\n|-status|p2a: Houndstone|brn\n|\n|-weather|SunnyDay|[upkeep]\n|-damage|p2a: Houndstone|95\/100 brn|[from] brn\n|upkeep\n|turn|9\n|\n|t:|1697945424\n|switch|p2a: Ursaluna|Ursaluna-Bloodmoon, M|100\/100\n|move|p1a: Torkoal|Stealth Rock|p2a: Ursaluna\n|-sidestart|p2: efwin2763|move: Stealth Rock\n|\n|-weather|SunnyDay|[upkeep]\n|upkeep\n|turn|10\n|\n|t:|1697945435\n|move|p2a: Ursaluna|Calm Mind|p2a: Ursaluna\n|-boost|p2a: Ursaluna|spa|1\n|-boost|p2a: Ursaluna|spd|1\n|move|p1a: Torkoal|Lava Plume|p2a: Ursaluna\n|-damage|p2a: Ursaluna|65\/100\n|-status|p2a: Ursaluna|brn\n|\n|-weather|SunnyDay|[upkeep]\n|-heal|p2a: Ursaluna|71\/100 brn|[from] item: Leftovers\n|-damage|p2a: Ursaluna|65\/100 brn|[from] brn\n|upkeep\n|turn|11\n|\n|t:|1697945446\n|move|p2a: Ursaluna|Blood Moon|p1a: Torkoal\n|-damage|p1a: Torkoal|0 fnt\n|faint|p1a: Torkoal\n|\n|-weather|SunnyDay|[upkeep]\n|-heal|p2a: Ursaluna|71\/100 brn|[from] item: Leftovers\n|-damage|p2a: Ursaluna|65\/100 brn|[from] brn\n|upkeep\n|inactive|wamkou has 270 seconds left.\n|\n|t:|1697945484\n|switch|p1a: Shaymin|Shaymin-Sky|100\/100\n|turn|12\n|\n|t:|1697945489\n|move|p1a: Shaymin|Solar Beam||[still]\n|-prepare|p1a: Shaymin|Solar Beam\n|-anim|p1a: Shaymin|Solar Beam|p2a: Ursaluna\n|-supereffective|p2a: Ursaluna\n|-damage|p2a: Ursaluna|0 fnt\n|faint|p2a: Ursaluna\n|\n|-weather|SunnyDay|[upkeep]\n|upkeep\n|\n|t:|1697945492\n|switch|p2a: Ogerpon|Ogerpon-Wellspring, F|100\/100\n|-damage|p2a: Ogerpon|88\/100|[from] Stealth Rock\n|turn|13\n|\n|t:|1697945503\n|switch|p1a: Walking Wake|Walking Wake|100\/100\n|-activate|p1a: Walking Wake|ability: Protosynthesis\n|-start|p1a: Walking Wake|protosynthesisspe\n|move|p2a: Ogerpon|Swords Dance|p2a: Ogerpon\n|-boost|p2a: Ogerpon|atk|2\n|\n|-weather|SunnyDay|[upkeep]\n|upkeep\n|turn|14\n|\n|t:|1697945513\n|move|p1a: Walking Wake|Draco Meteor|p2a: Ogerpon\n|-damage|p2a: Ogerpon|0 fnt\n|-unboost|p1a: Walking Wake|spa|2\n|faint|p2a: Ogerpon\n|\n|-weather|SunnyDay|[upkeep]\n|upkeep\n|\n|t:|1697945516\n|switch|p2a: Houndstone|Houndstone, F|95\/100 brn\n|turn|15\n|\n|t:|1697945524\n|switch|p2a: Tyranitar|Tyranitar, F|100\/100\n|-damage|p2a: Tyranitar|88\/100|[from] Stealth Rock\n|-weather|Sandstorm|[from] ability: Sand Stream|[of] p2a: Tyranitar\n|-end|p1a: Walking Wake|Protosynthesis\n|move|p1a: Walking Wake|Draco Meteor|p2a: Tyranitar\n|-damage|p2a: Tyranitar|68\/100\n|-unboost|p1a: Walking Wake|spa|2\n|\n|-weather|Sandstorm|[upkeep]\n|-damage|p1a: Walking Wake|94\/100|[from] Sandstorm\n|upkeep\n|turn|16\n|\n|t:|1697945537\n|-end|p1a: Walking Wake|Protosynthesis|[silent]\n|switch|p1a: Arceus|Arceus-Fire|100\/100\n|move|p2a: Tyranitar|Rock Blast|p1a: Arceus\n|-supereffective|p1a: Arceus\n|-damage|p1a: Arceus|82\/100\n|-supereffective|p1a: Arceus\n|-damage|p1a: Arceus|64\/100\n|-supereffective|p1a: Arceus\n|-damage|p1a: Arceus|46\/100\n|-supereffective|p1a: Arceus\n|-damage|p1a: Arceus|28\/100\n|-supereffective|p1a: Arceus\n|-damage|p1a: Arceus|10\/100\n|-hitcount|p1a: Arceus|5\n|\n|-weather|Sandstorm|[upkeep]\n|-damage|p1a: Arceus|4\/100|[from] Sandstorm\n|upkeep\n|turn|17\n|\n|t:|1697945547\n|move|p1a: Arceus|Earthquake|p2a: Tyranitar\n|-supereffective|p2a: Tyranitar\n|-damage|p2a: Tyranitar|14\/100\n|move|p2a: Tyranitar|Rock Blast|p1a: Arceus\n|-supereffective|p1a: Arceus\n|-crit|p1a: Arceus\n|-damage|p1a: Arceus|0 fnt\n|faint|p1a: Arceus\n|-hitcount|p1: Arceus|1\n|\n|-weather|Sandstorm|[upkeep]\n|upkeep\n|\n|t:|1697945557\n|switch|p1a: Zacian|Zacian|27\/100\n|turn|18\n|\n|t:|1697945567\n|move|p1a: Zacian|Play Rough|p2a: Tyranitar\n|-supereffective|p2a: Tyranitar\n|-damage|p2a: Tyranitar|0 fnt\n|faint|p2a: Tyranitar\n|\n|-weather|Sandstorm|[upkeep]\n|-damage|p1a: Zacian|20\/100|[from] Sandstorm\n|upkeep\n|\n|t:|1697945569\n|switch|p2a: Houndstone|Houndstone, F|95\/100 brn\n|turn|19\n|\n|t:|1697945578\n|-terastallize|p2a: Houndstone|Ghost\n|move|p2a: Houndstone|Last Respects|p1a: Zacian\n|-crit|p1a: Zacian\n|-damage|p1a: Zacian|0 fnt\n|faint|p1a: Zacian\n|\n|-weather|Sandstorm|[upkeep]\n|-damage|p2a: Houndstone|89\/100 brn|[from] brn\n|upkeep\n|c|\u2606efwin2763|i think you won, gg\n|inactive|wamkou has 270 seconds left.\n|\n|t:|1697945615\n|switch|p1a: Shaymin|Shaymin-Sky|100\/100\n|turn|20\n|inactive|wamkou has 270 seconds left.\n|inactive|efwin2763 has 270 seconds left.\n|inactive|efwin2763 has 240 seconds left.\n|\n|t:|1697945703\n|move|p2a: Houndstone|Last Respects|p1a: Shaymin\n|-damage|p1a: Shaymin|0 fnt\n|faint|p1a: Shaymin\n|\n|-weather|Sandstorm|[upkeep]\n|-damage|p2a: Houndstone|83\/100 brn|[from] brn\n|upkeep\n|\n|t:|1697945719\n|switch|p1a: Walking Wake|Walking Wake|94\/100\n|turn|21\n|\n|t:|1697945726\n|move|p2a: Houndstone|Last Respects|p1a: Walking Wake\n|-damage|p1a: Walking Wake|3\/100\n|move|p1a: Walking Wake|Draco Meteor|p2a: Houndstone\n|-damage|p2a: Houndstone|0 fnt\n|-unboost|p1a: Walking Wake|spa|2\n|faint|p2a: Houndstone\n|\n|win|wamkou\n|c|\u2606efwin2763|gg\n|c|\u2606wamkou|gg\n","uploadtime":1697945734,"views":18,"p1id":"wamkou","p2id":"efwin2763","formatid":"gen9ubers","rating":0,"private":0,"password":""}