{"id":"gen9ubers-1984132497","p1":"Kinesquared","p2":"mann_treads","format":"[Gen 9] Ubers","log":"|j|\u2606Kinesquared\n|j|\u2606mann_treads\n|t:|1699222060\n|gametype|singles\n|player|p1|Kinesquared|scientist-gen4dp|\n|player|p2|mann_treads|ariana|\n|teamsize|p1|6\n|teamsize|p2|6\n|gen|9\n|tier|[Gen 9] Ubers\n|rule|Sleep Clause Mod: Limit one foe put to sleep\n|rule|Species Clause: Limit one of each Pok\u00e9mon\n|rule|OHKO Clause: OHKO moves are banned\n|rule|Evasion Items Clause: Evasion items are banned\n|rule|Evasion Moves Clause: Evasion moves are banned\n|rule|Endless Battle Clause: Forcing endless battles is banned\n|rule|HP Percentage Mod: HP is shown in percentages\n|clearpoke\n|poke|p1|Iron Moth|\n|poke|p1|Arceus-Ghost|\n|poke|p1|Garchomp, M|\n|poke|p1|Dialga|\n|poke|p1|Cyclizar, M|\n|poke|p1|Urshifu-*, F|\n|poke|p2|Torkoal, M|\n|poke|p2|Lilligant-Hisui, F|\n|poke|p2|Roaring Moon|\n|poke|p2|Walking Wake|\n|poke|p2|Volcarona, F|\n|poke|p2|Zacian-*|\n|teampreview\n|c|\u2606mann_treads|gl\n|c|\u2606Kinesquared|u2\n|\n|t:|1699222077\n|start\n|switch|p1a: Garchomp|Garchomp, M|100\/100\n|switch|p2a: Torkoal|Torkoal, M|100\/100\n|-weather|SunnyDay|[from] ability: Drought|[of] p2a: Torkoal\n|turn|1\n|\n|t:|1699222089\n|move|p1a: Garchomp|Earthquake|p2a: Torkoal\n|-supereffective|p2a: Torkoal\n|-damage|p2a: Torkoal|39\/100\n|move|p2a: Torkoal|Yawn|p1a: Garchomp\n|-start|p1a: Garchomp|move: Yawn|[of] p2a: Torkoal\n|\n|-weather|SunnyDay|[upkeep]\n|upkeep\n|turn|2\n|\n|t:|1699222108\n|switch|p1a: Cyclizar|Cyclizar, M|100\/100\n|switch|p2a: Roaring Moon|Roaring Moon|100\/100\n|-activate|p2a: Roaring Moon|ability: Protosynthesis\n|-start|p2a: Roaring Moon|protosynthesisatk\n|\n|-weather|SunnyDay|[upkeep]\n|upkeep\n|turn|3\n|\n|t:|1699222131\n|move|p1a: Cyclizar|Shed Tail|p1a: Cyclizar\n|-start|p1a: Cyclizar|Substitute|[from] move: Shed Tail\n|-damage|p1a: Cyclizar|50\/100\n|\n|t:|1699222145\n|switch|p1a: Dialga|Dialga|100\/100|[from] Shed Tail\n|-ability|p1a: Dialga|Pressure\n|move|p2a: Roaring Moon|Knock Off|p1a: Dialga\n|-end|p1a: Dialga|Substitute\n|\n|-weather|SunnyDay|[upkeep]\n|upkeep\n|turn|4\n|\n|t:|1699222154\n|-terastallize|p2a: Roaring Moon|Ground\n|move|p2a: Roaring Moon|Earthquake|p1a: Dialga\n|-supereffective|p1a: Dialga\n|-damage|p1a: Dialga|0 fnt\n|faint|p1a: Dialga\n|\n|-weather|SunnyDay|[upkeep]\n|upkeep\n|\n|t:|1699222162\n|switch|p1a: Iron Moth|Iron Moth|100\/100\n|-enditem|p1a: Iron Moth|Booster Energy\n|-activate|p1a: Iron Moth|ability: Quark Drive|[fromitem]\n|-start|p1a: Iron Moth|quarkdrivespe\n|turn|5\n|\n|t:|1699222173\n|-terastallize|p1a: Iron Moth|Grass\n|move|p1a: Iron Moth|Fiery Dance|p2a: Roaring Moon\n|-damage|p2a: Roaring Moon|42\/100\n|move|p2a: Roaring Moon|Earthquake|p1a: Iron Moth\n|-resisted|p1a: Iron Moth\n|-damage|p1a: Iron Moth|39\/100\n|\n|-weather|SunnyDay|[upkeep]\n|upkeep\n|turn|6\n|\n|t:|1699222184\n|move|p1a: Iron Moth|Fiery Dance|p2a: Roaring Moon\n|-damage|p2a: Roaring Moon|0 fnt\n|faint|p2a: Roaring Moon\n|-end|p2a: Roaring Moon|Protosynthesis|[silent]\n|\n|-weather|SunnyDay|[upkeep]\n|upkeep\n|\n|t:|1699222193\n|switch|p2a: Volcarona|Volcarona, F|100\/100\n|turn|7\n|\n|t:|1699222197\n|move|p1a: Iron Moth|Toxic Spikes|p2a: Volcarona\n|-sidestart|p2: mann_treads|move: Toxic Spikes\n|move|p2a: Volcarona|Quiver Dance|p2a: Volcarona\n|-boost|p2a: Volcarona|spa|1\n|-boost|p2a: Volcarona|spd|1\n|-boost|p2a: Volcarona|spe|1\n|\n|-weather|SunnyDay|[upkeep]\n|upkeep\n|turn|8\n|\n|t:|1699222203\n|move|p2a: Volcarona|Quiver Dance|p2a: Volcarona\n|-boost|p2a: Volcarona|spa|1\n|-boost|p2a: Volcarona|spd|1\n|-boost|p2a: Volcarona|spe|1\n|move|p1a: Iron Moth|Whirlwind|p2a: Volcarona\n|drag|p2a: Torkoal|Torkoal, M|39\/100\n|-status|p2a: Torkoal|psn\n|\n|-weather|none\n|-damage|p2a: Torkoal|26\/100 psn|[from] psn\n|upkeep\n|turn|9\n|\n|t:|1699222214\n|move|p1a: Iron Moth|Fiery Dance|p2a: Torkoal\n|-resisted|p2a: Torkoal\n|-damage|p2a: Torkoal|0 fnt\n|-boost|p1a: Iron Moth|spa|1\n|faint|p2a: Torkoal\n|\n|upkeep\n|\n|t:|1699222225\n|switch|p2a: Lilligant|Lilligant-Hisui, F|100\/100\n|turn|10\n|\n|t:|1699222232\n|move|p1a: Iron Moth|Fiery Dance|p2a: Lilligant\n|-supereffective|p2a: Lilligant\n|-damage|p2a: Lilligant|0 fnt\n|-boost|p1a: Iron Moth|spa|1\n|faint|p2a: Lilligant\n|\n|upkeep\n|c|\u2606mann_treads|i mightve fucked myself w that switch\n|\n|t:|1699222245\n|switch|p2a: Walking Wake|Walking Wake|100\/100\n|-status|p2a: Walking Wake|psn\n|turn|11\n|c|\u2606Kinesquared|ye\n|c|\u2606Kinesquared|possibly\n|\n|t:|1699222258\n|move|p1a: Iron Moth|Fiery Dance|p2a: Walking Wake\n|-resisted|p2a: Walking Wake\n|-damage|p2a: Walking Wake|77\/100 psn\n|move|p2a: Walking Wake|Flamethrower|p1a: Iron Moth\n|-supereffective|p1a: Iron Moth\n|-damage|p1a: Iron Moth|0 fnt\n|faint|p1a: Iron Moth\n|-end|p1a: Iron Moth|Quark Drive|[silent]\n|\n|-damage|p2a: Walking Wake|65\/100 psn|[from] psn\n|upkeep\n|\n|t:|1699222267\n|switch|p1a: Arceus|Arceus-Ghost|100\/100\n|turn|12\n|\n|t:|1699222277\n|move|p2a: Walking Wake|Flamethrower|p1a: Arceus\n|-damage|p1a: Arceus|71\/100\n|move|p1a: Arceus|Calm Mind|p1a: Arceus\n|-boost|p1a: Arceus|spa|1\n|-boost|p1a: Arceus|spd|1\n|\n|-damage|p2a: Walking Wake|53\/100 psn|[from] psn\n|upkeep\n|turn|13\n|\n|t:|1699222290\n|-end|p2a: Walking Wake|Protosynthesis|[silent]\n|switch|p2a: Zacian|Zacian|100\/100\n|-status|p2a: Zacian|psn\n|-ability|p2a: Zacian|Intrepid Sword|boost\n|-boost|p2a: Zacian|atk|1\n|move|p1a: Arceus|Calm Mind|p1a: Arceus\n|-boost|p1a: Arceus|spa|1\n|-boost|p1a: Arceus|spd|1\n|\n|-damage|p2a: Zacian|88\/100 psn|[from] psn\n|upkeep\n|turn|14\n|\n|t:|1699222316\n|move|p2a: Zacian|Crunch|p1a: Arceus\n|-supereffective|p1a: Arceus\n|-damage|p1a: Arceus|8\/100\n|move|p1a: Arceus|Hex|p2a: Zacian\n|-damage|p2a: Zacian|0 fnt\n|faint|p2a: Zacian\n|\n|upkeep\n|c|\u2606mann_treads|wtf is that roll D:\n|\n|t:|1699222333\n|switch|p2a: Walking Wake|Walking Wake|53\/100 psn\n|turn|15\n|c|\u2606Kinesquared|im max def\n|c|\u2606mann_treads|oh\n|c|\u2606mann_treads|damn\n|\n|t:|1699222342\n|move|p2a: Walking Wake|Dragon Pulse|p1a: Arceus\n|-damage|p1a: Arceus|0 fnt\n|faint|p1a: Arceus\n|\n|-damage|p2a: Walking Wake|40\/100 psn|[from] psn\n|upkeep\n|c|\u2606Kinesquared|running wow+hex\n|\n|t:|1699222350\n|switch|p1a: Urshifu|Urshifu, F|100\/100\n|turn|16\n|\n|t:|1699222354\n|move|p1a: Urshifu|Sucker Punch|p2a: Walking Wake\n|-damage|p2a: Walking Wake|0 fnt\n|faint|p2a: Walking Wake\n|-end|p2a: Walking Wake|Protosynthesis|[silent]\n|\n|upkeep\n|\n|t:|1699222359\n|switch|p2a: Volcarona|Volcarona, F|100\/100\n|turn|17\n|\n|t:|1699222363\n|switch|p1a: Garchomp|Garchomp, M|100\/100\n|move|p2a: Volcarona|Quiver Dance|p2a: Volcarona\n|-boost|p2a: Volcarona|spa|1\n|-boost|p2a: Volcarona|spd|1\n|-boost|p2a: Volcarona|spe|1\n|\n|upkeep\n|turn|18\n|\n|t:|1699222374\n|move|p2a: Volcarona|Flamethrower|p1a: Garchomp\n|-resisted|p1a: Garchomp\n|-damage|p1a: Garchomp|67\/100\n|move|p1a: Garchomp|Scale Shot|p2a: Volcarona\n|-damage|p2a: Volcarona|84\/100\n|-damage|p2a: Volcarona|69\/100\n|-damage|p2a: Volcarona|53\/100\n|-damage|p2a: Volcarona|38\/100\n|-hitcount|p2a: Volcarona|4\n|-unboost|p1a: Garchomp|def|1\n|-boost|p1a: Garchomp|spe|1\n|\n|upkeep\n|turn|19\n|c|\u2606mann_treads|ggs\n|c|\u2606Kinesquared|gg\n|c|\u2606Kinesquared|bo3?\n|\n|t:|1699222389\n|move|p2a: Volcarona|Flamethrower|p1a: Garchomp\n|-resisted|p1a: Garchomp\n|-damage|p1a: Garchomp|36\/100\n|move|p1a: Garchomp|Scale Shot|p2a: Volcarona\n|-damage|p2a: Volcarona|23\/100\n|-damage|p2a: Volcarona|8\/100\n|-damage|p2a: Volcarona|0 fnt\n|faint|p2a: Volcarona\n|-hitcount|p2: Volcarona|3\n|\n|win|Kinesquared\n|c|\u2606mann_treads|sure\n","uploadtime":1699222400,"views":8,"p1id":"kinesquared","p2id":"manntreads","formatid":"gen9ubers","rating":0,"private":0,"password":""}