{"id":"gen9ubers-1968952720","p1":"Nitro524","p2":"OceanicGamer3","format":"[Gen 9] Ubers","log":"|j|\u2606Nitro524\n|j|\u2606OceanicGamer3\n|t:|1697478054\n|gametype|singles\n|player|p1|Nitro524|hilbert-wonderlauncher|\n|player|p2|OceanicGamer3|102|\n|teamsize|p1|6\n|teamsize|p2|6\n|gen|9\n|tier|[Gen 9] Ubers\n|rule|Sleep Clause Mod: Limit one foe put to sleep\n|rule|Species Clause: Limit one of each Pok\u00e9mon\n|rule|OHKO Clause: OHKO moves are banned\n|rule|Evasion Items Clause: Evasion items are banned\n|rule|Evasion Moves Clause: Evasion moves are banned\n|rule|Endless Battle Clause: Forcing endless battles is banned\n|rule|HP Percentage Mod: HP is shown in percentages\n|clearpoke\n|poke|p1|Torkoal, M|\n|poke|p1|Ceruledge, M|\n|poke|p1|Cyclizar, M|\n|poke|p1|Volcarona, F|\n|poke|p1|Arceus-Grass|\n|poke|p1|Walking Wake|\n|poke|p2|Darkrai|\n|poke|p2|Spidops, F|\n|poke|p2|Dragonite, F|\n|poke|p2|Chi-Yu|\n|poke|p2|Heatran, M|\n|poke|p2|Arceus-Ice|\n|teampreview\n|inactive|Battle timer is ON: inactive players will automatically lose when time's up. (requested by OceanicGamer3)\n|inactive|Nitro524 has 270 seconds left.\n|c|\u2606Nitro524|glhf\n|\n|t:|1697478115\n|start\n|switch|p1a: Volcarona|Volcarona, F|100\/100\n|switch|p2a: Spidops>Masquerain|Spidops, F, shiny|100\/100\n|turn|1\n|\n|t:|1697478142\n|move|p1a: Volcarona|Quiver Dance|p1a: Volcarona\n|-boost|p1a: Volcarona|spa|1\n|-boost|p1a: Volcarona|spd|1\n|-boost|p1a: Volcarona|spe|1\n|move|p2a: Spidops>Masquerain|Sticky Web|p1a: Volcarona\n|-sidestart|p1: Nitro524|move: Sticky Web\n|\n|upkeep\n|turn|2\n|\n|t:|1697478153\n|move|p1a: Volcarona|Quiver Dance|p1a: Volcarona\n|-boost|p1a: Volcarona|spa|1\n|-boost|p1a: Volcarona|spd|1\n|-boost|p1a: Volcarona|spe|1\n|move|p2a: Spidops>Masquerain|Circle Throw|p1a: Volcarona\n|-resisted|p1a: Volcarona\n|-damage|p1a: Volcarona|93\/100\n|drag|p1a: Arceus|Arceus-Grass|100\/100\n|-activate|p1a: Arceus|move: Sticky Web\n|-unboost|p1a: Arceus|spe|1\n|\n|upkeep\n|turn|3\n|\n|t:|1697478163\n|move|p1a: Arceus|Ice Beam|p2a: Spidops>Masquerain\n|-damage|p2a: Spidops>Masquerain|80\/100\n|move|p2a: Spidops>Masquerain|Circle Throw|p1a: Arceus\n|-damage|p1a: Arceus|94\/100\n|drag|p1a: Walking Wake|Walking Wake|100\/100\n|-activate|p1a: Walking Wake|move: Sticky Web\n|-unboost|p1a: Walking Wake|spe|1\n|\n|upkeep\n|turn|4\n|\n|t:|1697478173\n|move|p1a: Walking Wake|Flamethrower|p2a: Spidops>Masquerain\n|-supereffective|p2a: Spidops>Masquerain\n|-damage|p2a: Spidops>Masquerain|6\/100\n|move|p2a: Spidops>Masquerain|Memento|p1a: Walking Wake\n|-unboost|p1a: Walking Wake|atk|2\n|-unboost|p1a: Walking Wake|spa|2\n|faint|p2a: Spidops>Masquerain\n|\n|upkeep\n|c|\u2606Nitro524|zamn\n|\n|t:|1697478186\n|switch|p2a: Goldfish|Chi-Yu|100\/100\n|-ability|p2a: Goldfish|Beads of Ruin\n|turn|5\n|c|\u2606Nitro524|this is gonna be my last round for now\n|\n|t:|1697478194\n|-end|p1a: Walking Wake|Protosynthesis|[silent]\n|switch|p1a: Torkoal|Torkoal, M|100\/100\n|-activate|p1a: Torkoal|move: Sticky Web\n|-unboost|p1a: Torkoal|spe|1\n|-weather|SunnyDay|[from] ability: Drought|[of] p1a: Torkoal\n|move|p2a: Goldfish|Flame Charge|p1a: Torkoal\n|-resisted|p1a: Torkoal\n|-damage|p1a: Torkoal|95\/100\n|-boost|p2a: Goldfish|spe|1\n|\n|-weather|SunnyDay|[upkeep]\n|upkeep\n|turn|6\n|c|\u2606OceanicGamer3|Ok\n|\n|t:|1697478204\n|switch|p2a: The GOAT|Dragonite, F|100\/100\n|move|p1a: Torkoal|Earth Power|p2a: The GOAT\n|-immune|p2a: The GOAT\n|\n|-weather|SunnyDay|[upkeep]\n|upkeep\n|turn|7\n|\n|t:|1697478215\n|move|p2a: The GOAT|Dragon Dance|p2a: The GOAT\n|-boost|p2a: The GOAT|atk|1\n|-boost|p2a: The GOAT|spe|1\n|move|p1a: Torkoal|Stealth Rock|p2a: The GOAT\n|-sidestart|p2: OceanicGamer3|move: Stealth Rock\n|\n|-weather|SunnyDay|[upkeep]\n|upkeep\n|turn|8\n|\n|t:|1697478220\n|move|p2a: The GOAT|Dragon Dance|p2a: The GOAT\n|-boost|p2a: The GOAT|atk|1\n|-boost|p2a: The GOAT|spe|1\n|move|p1a: Torkoal|Rapid Spin|p2a: The GOAT\n|-damage|p2a: The GOAT|95\/100\n|-boost|p1a: Torkoal|spe|1\n|-sideend|p1: Nitro524|Sticky Web|[from] move: Rapid Spin|[of] p1a: Torkoal\n|\n|-weather|SunnyDay|[upkeep]\n|upkeep\n|turn|9\n|\n|t:|1697478230\n|switch|p1a: Ceruledge|Ceruledge, M|100\/100\n|move|p2a: The GOAT|Earthquake|p1a: Ceruledge\n|-supereffective|p1a: Ceruledge\n|-enditem|p1a: Ceruledge|Focus Sash\n|-damage|p1a: Ceruledge|1\/100\n|-ability|p1a: Ceruledge|Weak Armor|boost\n|-unboost|p1a: Ceruledge|def|1\n|-boost|p1a: Ceruledge|spe|2\n|\n|-weather|SunnyDay|[upkeep]\n|upkeep\n|turn|10\n|\n|t:|1697478250\n|move|p2a: The GOAT|Earthquake|p1a: Ceruledge\n|-supereffective|p1a: Ceruledge\n|-damage|p1a: Ceruledge|0 fnt\n|faint|p1a: Ceruledge\n|\n|-weather|SunnyDay|[upkeep]\n|upkeep\n|\n|t:|1697478259\n|switch|p1a: Walking Wake|Walking Wake|100\/100\n|-activate|p1a: Walking Wake|ability: Protosynthesis\n|-start|p1a: Walking Wake|protosynthesisspe\n|turn|11\n|\n|t:|1697478264\n|-terastallize|p2a: The GOAT|Normal\n|move|p2a: The GOAT|Extreme Speed|p1a: Walking Wake\n|-damage|p1a: Walking Wake|16\/100\n|move|p1a: Walking Wake|Draco Meteor|p2a: The GOAT\n|-damage|p2a: The GOAT|0 fnt\n|-unboost|p1a: Walking Wake|spa|2\n|faint|p2a: The GOAT\n|\n|-weather|SunnyDay|[upkeep]\n|upkeep\n|\n|t:|1697478280\n|switch|p2a: Calm Down|Heatran, M, shiny|100\/100\n|-damage|p2a: Calm Down|88\/100|[from] Stealth Rock\n|turn|12\n|\n|t:|1697478288\n|-end|p1a: Walking Wake|Protosynthesis|[silent]\n|switch|p1a: Cyclizar|Cyclizar, M|100\/100\n|move|p2a: Calm Down|Substitute|p2a: Calm Down\n|-start|p2a: Calm Down|Substitute\n|-damage|p2a: Calm Down|63\/100\n|\n|-weather|none\n|-heal|p2a: Calm Down|69\/100|[from] item: Leftovers\n|upkeep\n|turn|13\n|\n|t:|1697478296\n|switch|p1a: Torkoal|Torkoal, M|95\/100\n|-weather|SunnyDay|[from] ability: Drought|[of] p1a: Torkoal\n|move|p2a: Calm Down|Magma Storm|p1a: Torkoal\n|-resisted|p1a: Torkoal\n|-damage|p1a: Torkoal|54\/100\n|-activate|p1a: Torkoal|move: Magma Storm|[of] p2a: Calm Down\n|\n|-weather|SunnyDay|[upkeep]\n|-heal|p2a: Calm Down|76\/100|[from] item: Leftovers\n|-damage|p1a: Torkoal|41\/100|[from] move: Magma Storm|[partiallytrapped]\n|upkeep\n|turn|14\n|\n|t:|1697478309\n|move|p2a: Calm Down|Earth Power|p1a: Torkoal\n|-supereffective|p1a: Torkoal\n|-damage|p1a: Torkoal|0 fnt\n|faint|p1a: Torkoal\n|\n|-weather|SunnyDay|[upkeep]\n|-heal|p2a: Calm Down|82\/100|[from] item: Leftovers\n|upkeep\n|\n|t:|1697478327\n|switch|p1a: Cyclizar|Cyclizar, M|100\/100\n|turn|15\n|\n|t:|1697478336\n|move|p1a: Cyclizar|Shed Tail|p1a: Cyclizar\n|-start|p1a: Cyclizar|Substitute|[from] move: Shed Tail\n|-damage|p1a: Cyclizar|50\/100\n|\n|t:|1697478338\n|switch|p1a: Walking Wake|Walking Wake|16\/100|[from] Shed Tail\n|-activate|p1a: Walking Wake|ability: Protosynthesis\n|-start|p1a: Walking Wake|protosynthesisspe\n|move|p2a: Calm Down|Magma Storm|p1a: Walking Wake\n|-resisted|p1a: Walking Wake\n|-activate|p1a: Walking Wake|move: Substitute|[damage]\n|\n|-weather|SunnyDay|[upkeep]\n|-heal|p2a: Calm Down|88\/100|[from] item: Leftovers\n|upkeep\n|turn|16\n|\n|t:|1697478348\n|move|p1a: Walking Wake|Hydro Steam|p2a: Calm Down\n|-supereffective|p2a: Calm Down\n|-crit|p2a: Calm Down\n|-end|p2a: Calm Down|Substitute\n|move|p2a: Calm Down|Earth Power|p1a: Walking Wake\n|-crit|p1a: Walking Wake\n|-end|p1a: Walking Wake|Substitute\n|\n|-weather|SunnyDay|[upkeep]\n|-heal|p2a: Calm Down|94\/100|[from] item: Leftovers\n|upkeep\n|turn|17\n|\n|t:|1697478358\n|move|p2a: Calm Down|Protect|p2a: Calm Down\n|-singleturn|p2a: Calm Down|Protect\n|move|p1a: Walking Wake|Hydro Steam|p2a: Calm Down\n|-activate|p2a: Calm Down|move: Protect\n|\n|-weather|SunnyDay|[upkeep]\n|-heal|p2a: Calm Down|100\/100|[from] item: Leftovers\n|upkeep\n|turn|18\n|c|\u2606Nitro524|you might have this one\n|c|\u2606Nitro524|ya\n|\n|t:|1697478363\n|move|p1a: Walking Wake|Hydro Steam|p2a: Calm Down\n|-supereffective|p2a: Calm Down\n|-damage|p2a: Calm Down|0 fnt\n|faint|p2a: Calm Down\n|\n|-weather|SunnyDay|[upkeep]\n|upkeep\n|\n|t:|1697478378\n|switch|p2a: Bad Defence|Arceus-Ice, shiny|100\/100\n|-damage|p2a: Bad Defence|76\/100|[from] Stealth Rock\n|turn|19\n|\n|t:|1697478383\n|move|p1a: Walking Wake|Hydro Steam|p2a: Bad Defence\n|-damage|p2a: Bad Defence|21\/100\n|move|p2a: Bad Defence|Recover|p2a: Bad Defence\n|-heal|p2a: Bad Defence|71\/100\n|\n|-weather|SunnyDay|[upkeep]\n|upkeep\n|turn|20\n|\n|t:|1697478393\n|-end|p1a: Walking Wake|Protosynthesis|[silent]\n|switch|p1a: Volcarona|Volcarona, F|93\/100\n|move|p2a: Bad Defence|Recover|p2a: Bad Defence\n|-heal|p2a: Bad Defence|100\/100\n|\n|-weather|none\n|upkeep\n|turn|21\n|\n|t:|1697478401\n|move|p2a: Bad Defence|Thunderbolt|p1a: Volcarona\n|-damage|p1a: Volcarona|68\/100\n|move|p1a: Volcarona|Quiver Dance|p1a: Volcarona\n|-boost|p1a: Volcarona|spa|1\n|-boost|p1a: Volcarona|spd|1\n|-boost|p1a: Volcarona|spe|1\n|\n|upkeep\n|turn|22\n|\n|t:|1697478405\n|move|p1a: Volcarona|Flamethrower|p2a: Bad Defence\n|-supereffective|p2a: Bad Defence\n|-damage|p2a: Bad Defence|3\/100\n|move|p2a: Bad Defence|Thunderbolt|p1a: Volcarona\n|-damage|p1a: Volcarona|49\/100\n|\n|upkeep\n|turn|23\n|\n|t:|1697478411\n|move|p1a: Volcarona|Quiver Dance|p1a: Volcarona\n|-boost|p1a: Volcarona|spa|1\n|-boost|p1a: Volcarona|spd|1\n|-boost|p1a: Volcarona|spe|1\n|move|p2a: Bad Defence|Thunderbolt|p1a: Volcarona\n|-damage|p1a: Volcarona|36\/100\n|\n|upkeep\n|turn|24\n|\n|t:|1697478416\n|move|p1a: Volcarona|Quiver Dance|p1a: Volcarona\n|-boost|p1a: Volcarona|spa|1\n|-boost|p1a: Volcarona|spd|1\n|-boost|p1a: Volcarona|spe|1\n|move|p2a: Bad Defence|Thunderbolt|p1a: Volcarona\n|-damage|p1a: Volcarona|26\/100\n|\n|upkeep\n|turn|25\n|\n|t:|1697478418\n|move|p1a: Volcarona|Morning Sun|p1a: Volcarona\n|-heal|p1a: Volcarona|76\/100\n|move|p2a: Bad Defence|Thunderbolt|p1a: Volcarona\n|-damage|p1a: Volcarona|65\/100\n|\n|upkeep\n|turn|26\n|\n|t:|1697478422\n|move|p1a: Volcarona|Flamethrower|p2a: Bad Defence\n|-supereffective|p2a: Bad Defence\n|-damage|p2a: Bad Defence|0 fnt\n|faint|p2a: Bad Defence\n|\n|upkeep\n|c|\u2606OceanicGamer3|Gg\n|c|\u2606Nitro524|gg\n|\n|t:|1697478430\n|switch|p2a: Goldfish|Chi-Yu|100\/100\n|-ability|p2a: Goldfish|Beads of Ruin\n|turn|27\n|\n|t:|1697478435\n|move|p1a: Volcarona|Bug Buzz|p2a: Goldfish\n|-damage|p2a: Goldfish|0 fnt\n|faint|p2a: Goldfish\n|\n|upkeep\n|\n|t:|1697478437\n|switch|p2a: Pls Hit|Darkrai, shiny|100\/100\n|-damage|p2a: Pls Hit|88\/100|[from] Stealth Rock\n|turn|28\n|\n|t:|1697478441\n|move|p1a: Volcarona|Bug Buzz|p2a: Pls Hit\n|-supereffective|p2a: Pls Hit\n|-damage|p2a: Pls Hit|0 fnt\n|faint|p2a: Pls Hit\n|\n|win|Nitro524\n|c|\u2606Nitro524|ggs\n","uploadtime":1697478451,"views":34,"p1id":"nitro524","p2id":"oceanicgamer3","formatid":"gen9ubers","rating":0,"private":0,"password":""}