{"id":"gen9ubers-1970796417","p1":"ak.sant0","p2":"TheRealFurretOmega","format":"[Gen 9] Ubers","log":"|j|\u2606ak.sant0\n|j|\u2606TheRealFurretOmega\n|t:|1697668035\n|gametype|singles\n|player|p1|ak.sant0|burglar|1118\n|player|p2|TheRealFurretOmega|cameraman|1000\n|teamsize|p1|6\n|teamsize|p2|6\n|gen|9\n|tier|[Gen 9] Ubers\n|rated|\n|rule|Sleep Clause Mod: Limit one foe put to sleep\n|rule|Species Clause: Limit one of each Pok\u00e9mon\n|rule|OHKO Clause: OHKO moves are banned\n|rule|Evasion Items Clause: Evasion items are banned\n|rule|Evasion Moves Clause: Evasion moves are banned\n|rule|Endless Battle Clause: Forcing endless battles is banned\n|rule|HP Percentage Mod: HP is shown in percentages\n|clearpoke\n|poke|p1|Ribombee, M|\n|poke|p1|Zacian-*|\n|poke|p1|Flutter Mane|\n|poke|p1|Enamorus, F|\n|poke|p1|Magearna|\n|poke|p1|Clefable, F|\n|poke|p2|Chi-Yu|\n|poke|p2|Blissey, F|\n|poke|p2|Heatran, M|\n|poke|p2|Regieleki|\n|poke|p2|Koraidon|\n|poke|p2|Flutter Mane|\n|teampreview\n|inactive|Battle timer is ON: inactive players will automatically lose when time's up. (requested by TheRealFurretOmega)\n|c|\u2606TheRealFurretOmega|Glhf\n|c|\u2606ak.sant0|gl hf\n|\n|t:|1697668060\n|start\n|switch|p1a: Ribombee|Ribombee, M|100\/100\n|switch|p2a: Chi-Yu Booster|Koraidon|100\/100\n|-weather|SunnyDay|[from] ability: Orichalcum Pulse|[of] p2a: Chi-Yu Booster\n|-activate|p2a: Chi-Yu Booster|Orichalcum Pulse|[source]\n|turn|1\n|\n|t:|1697668068\n|move|p2a: Chi-Yu Booster|Flare Blitz|p1a: Ribombee\n|-supereffective|p1a: Ribombee\n|-enditem|p1a: Ribombee|Focus Sash\n|-damage|p1a: Ribombee|1\/100\n|-damage|p2a: Chi-Yu Booster|75\/100|[from] Recoil\n|-damage|p2a: Chi-Yu Booster|65\/100|[from] item: Life Orb\n|move|p1a: Ribombee|Sticky Web|p2a: Chi-Yu Booster\n|-sidestart|p2: TheRealFurretOmega|move: Sticky Web\n|\n|-weather|SunnyDay|[upkeep]\n|upkeep\n|turn|2\n|\n|t:|1697668082\n|move|p2a: Chi-Yu Booster|U-turn|p1a: Ribombee\n|-resisted|p1a: Ribombee\n|-damage|p1a: Ribombee|0 fnt\n|faint|p1a: Ribombee\n|-damage|p2a: Chi-Yu Booster|55\/100|[from] item: Life Orb\n|\n|t:|1697668091\n|switch|p2a: Chi-Yu Outspeeder|Regieleki|100\/100|[from] U-turn\n|-activate|p2a: Chi-Yu Outspeeder|move: Sticky Web\n|-unboost|p2a: Chi-Yu Outspeeder|spe|1\n|\n|-weather|SunnyDay|[upkeep]\n|upkeep\n|\n|t:|1697668110\n|switch|p1a: Enamorus|Enamorus, F|100\/100\n|turn|3\n|\n|t:|1697668121\n|move|p1a: Enamorus|Earth Power|p2a: Chi-Yu Outspeeder\n|-supereffective|p2a: Chi-Yu Outspeeder\n|-damage|p2a: Chi-Yu Outspeeder|0 fnt\n|faint|p2a: Chi-Yu Outspeeder\n|\n|-weather|SunnyDay|[upkeep]\n|upkeep\n|\n|t:|1697668124\n|switch|p2a: I dont think so|Flutter Mane|100\/100\n|-activate|p2a: I dont think so|move: Sticky Web\n|-unboost|p2a: I dont think so|spe|1\n|-activate|p2a: I dont think so|ability: Protosynthesis\n|-start|p2a: I dont think so|protosynthesisspa\n|turn|4\n|c|\u2606TheRealFurretOmega|Damn\n|\n|t:|1697668141\n|switch|p1a: Clefable|Clefable, F|100\/100\n|move|p2a: I dont think so|Power Gem|p1a: Clefable\n|-damage|p1a: Clefable|62\/100\n|\n|-weather|SunnyDay|[upkeep]\n|-heal|p1a: Clefable|69\/100|[from] item: Leftovers\n|upkeep\n|turn|5\n|\n|t:|1697668149\n|-end|p2a: I dont think so|Protosynthesis|[silent]\n|switch|p2a: Chi-Yu Carpet Bomb|Heatran, M|100\/100\n|-activate|p2a: Chi-Yu Carpet Bomb|move: Sticky Web\n|-unboost|p2a: Chi-Yu Carpet Bomb|spe|1\n|move|p1a: Clefable|Moonblast|p2a: Chi-Yu Carpet Bomb\n|-resisted|p2a: Chi-Yu Carpet Bomb\n|-damage|p2a: Chi-Yu Carpet Bomb|96\/100\n|\n|-weather|none\n|-heal|p1a: Clefable|75\/100|[from] item: Leftovers\n|upkeep\n|turn|6\n|\n|t:|1697668158\n|move|p1a: Clefable|Chilling Water|p2a: Chi-Yu Carpet Bomb\n|-supereffective|p2a: Chi-Yu Carpet Bomb\n|-crit|p2a: Chi-Yu Carpet Bomb\n|-damage|p2a: Chi-Yu Carpet Bomb|77\/100\n|-unboost|p2a: Chi-Yu Carpet Bomb|atk|1\n|move|p2a: Chi-Yu Carpet Bomb|Magma Storm|p1a: Clefable\n|-damage|p1a: Clefable|35\/100\n|-activate|p1a: Clefable|move: Magma Storm|[of] p2a: Chi-Yu Carpet Bomb\n|\n|-heal|p1a: Clefable|41\/100|[from] item: Leftovers\n|-damage|p1a: Clefable|28\/100|[from] move: Magma Storm|[partiallytrapped]\n|upkeep\n|turn|7\n|\n|t:|1697668165\n|move|p1a: Clefable|Moonlight|p1a: Clefable\n|-heal|p1a: Clefable|78\/100\n|move|p2a: Chi-Yu Carpet Bomb|Flash Cannon|p1a: Clefable\n|-supereffective|p1a: Clefable\n|-damage|p1a: Clefable|18\/100\n|\n|-heal|p1a: Clefable|24\/100|[from] item: Leftovers\n|-damage|p1a: Clefable|11\/100|[from] move: Magma Storm|[partiallytrapped]\n|upkeep\n|turn|8\n|\n|t:|1697668168\n|move|p1a: Clefable|Encore|p2a: Chi-Yu Carpet Bomb\n|-start|p2a: Chi-Yu Carpet Bomb|Encore\n|move|p2a: Chi-Yu Carpet Bomb|Flash Cannon|p1a: Clefable\n|-supereffective|p1a: Clefable\n|-damage|p1a: Clefable|0 fnt\n|faint|p1a: Clefable\n|\n|upkeep\n|inactive|ak.sant0 has 120 seconds left.\n|\n|t:|1697668198\n|switch|p1a: Zacian|Zacian-Crowned|100\/100\n|-ability|p1a: Zacian|Intrepid Sword|boost\n|-boost|p1a: Zacian|atk|1\n|turn|9\n|inactive|ak.sant0 has 120 seconds left.\n|\n|t:|1697668209\n|move|p1a: Zacian|Swords Dance|p1a: Zacian\n|-boost|p1a: Zacian|atk|2\n|move|p2a: Chi-Yu Carpet Bomb|Flash Cannon|p1a: Zacian\n|-damage|p1a: Zacian|54\/100\n|\n|upkeep\n|turn|10\n|\n|t:|1697668213\n|move|p1a: Zacian|Close Combat|p2a: Chi-Yu Carpet Bomb\n|-supereffective|p2a: Chi-Yu Carpet Bomb\n|-damage|p2a: Chi-Yu Carpet Bomb|0 fnt\n|-unboost|p1a: Zacian|def|1\n|-unboost|p1a: Zacian|spd|1\n|faint|p2a: Chi-Yu Carpet Bomb\n|\n|upkeep\n|\n|t:|1697668220\n|switch|p2a: Chi-Yu Booster|Koraidon|55\/100\n|-activate|p2a: Chi-Yu Booster|move: Sticky Web\n|-unboost|p2a: Chi-Yu Booster|spe|1\n|-weather|SunnyDay|[from] ability: Orichalcum Pulse|[of] p2a: Chi-Yu Booster\n|-activate|p2a: Chi-Yu Booster|Orichalcum Pulse|[source]\n|turn|11\n|c|\u2606TheRealFurretOmega|Ggwp\n|c|\u2606ak.sant0|nah brotha\n|\n|t:|1697668244\n|switch|p1a: Enamorus|Enamorus, F|100\/100\n|move|p2a: Chi-Yu Booster|Flare Blitz|p1a: Enamorus\n|-damage|p1a: Enamorus|0 fnt\n|faint|p1a: Enamorus\n|-damage|p2a: Chi-Yu Booster|27\/100|[from] Recoil\n|-damage|p2a: Chi-Yu Booster|18\/100|[from] item: Life Orb\n|\n|-weather|SunnyDay|[upkeep]\n|upkeep\n|c|\u2606ak.sant0|i have a feeling ur scarf\n|c|\u2606TheRealFurretOmega|Oh\n|inactive|ak.sant0 has 120 seconds left.\n|c|\u2606TheRealFurretOmega|Neat\n|c|\u2606ak.sant0|i dont trust u\n|c|\u2606TheRealFurretOmega|Ok\n|\n|t:|1697668265\n|switch|p1a: Zacian|Zacian-Crowned|54\/100\n|turn|12\n|\n|t:|1697668268\n|move|p1a: Zacian|Behemoth Blade|p2a: Chi-Yu Booster\n|-damage|p2a: Chi-Yu Booster|0 fnt\n|faint|p2a: Chi-Yu Booster\n|\n|-weather|SunnyDay|[upkeep]\n|upkeep\n|c|\u2606ak.sant0|oh\n|c|\u2606ak.sant0|i was wrong\n|c|\u2606TheRealFurretOmega|Wouldnt gave mattereed either way\n|c|\u2606ak.sant0|that mightve cost me the game\n|c|\u2606TheRealFurretOmega|Sticky web\n|\n|t:|1697668298\n|switch|p2a: Blissey Nuker|Chi-Yu|100\/100\n|-activate|p2a: Blissey Nuker|move: Sticky Web\n|-unboost|p2a: Blissey Nuker|spe|1\n|-ability|p2a: Blissey Nuker|Beads of Ruin\n|turn|13\n|c|\u2606ak.sant0|i did the math in my head\n|c|\u2606ak.sant0|kinda\n|inactive|ak.sant0 has 120 seconds left.\n|\n|t:|1697668316\n|move|p1a: Zacian|Close Combat|p2a: Blissey Nuker\n|-supereffective|p2a: Blissey Nuker\n|-damage|p2a: Blissey Nuker|0 fnt\n|-unboost|p1a: Zacian|def|1\n|-unboost|p1a: Zacian|spd|1\n|faint|p2a: Blissey Nuker\n|\n|-weather|SunnyDay|[upkeep]\n|upkeep\n|\n|t:|1697668320\n|switch|p2a: I dont think so|Flutter Mane|100\/100\n|-activate|p2a: I dont think so|move: Sticky Web\n|-unboost|p2a: I dont think so|spe|1\n|-activate|p2a: I dont think so|ability: Protosynthesis\n|-start|p2a: I dont think so|protosynthesisspa\n|turn|14\n|c|\u2606TheRealFurretOmega|Chi yu was scarf tho\n|c|\u2606TheRealFurretOmega|Again,\n|c|\u2606TheRealFurretOmega|Didnt matter\n|\n|t:|1697668340\n|move|p1a: Zacian|Behemoth Blade|p2a: I dont think so\n|-supereffective|p2a: I dont think so\n|-damage|p2a: I dont think so|0 fnt\n|faint|p2a: I dont think so\n|-end|p2a: I dont think so|Protosynthesis|[silent]\n|\n|-weather|SunnyDay|[upkeep]\n|upkeep\n|\n|t:|1697668342\n|switch|p2a: Chi-Yu Eater|Blissey, F|100\/100\n|-activate|p2a: Chi-Yu Eater|move: Sticky Web\n|-unboost|p2a: Chi-Yu Eater|spe|1\n|turn|15\n|c|\u2606TheRealFurretOmega|Nothing i do matters\n|c|\u2606ak.sant0|gg mate\n|\n|t:|1697668354\n|-terastallize|p2a: Chi-Yu Eater|Normal\n|move|p1a: Zacian|Close Combat|p2a: Chi-Yu Eater\n|-supereffective|p2a: Chi-Yu Eater\n|-damage|p2a: Chi-Yu Eater|0 fnt\n|-unboost|p1a: Zacian|def|1\n|-unboost|p1a: Zacian|spd|1\n|faint|p2a: Chi-Yu Eater\n|\n|win|ak.sant0\n|raw|ak.sant0's rating: 1118 &rarr; <strong>1135<\/strong><br \/>(+17 for winning)\n|raw|TheRealFurretOmega's rating: 1000 &rarr; <strong>1000<\/strong><br \/>(+0 for losing)\n|l|\u2606TheRealFurretOmega\n","uploadtime":1697668365,"views":10,"p1id":"aksant0","p2id":"therealfurretomega","formatid":"gen9ubers","rating":1000,"private":0,"password":""}