{"id":"gen9ubers-1986721318","p1":"Currys","p2":"mysticalcheese","format":"[Gen 9] Ubers","log":"|j|\u2606Currys\n|j|\u2606mysticalcheese\n|t:|1699514038\n|gametype|singles\n|player|p1|Currys|guitarist|\n|player|p2|mysticalcheese|2|\n|teamsize|p1|6\n|teamsize|p2|6\n|gen|9\n|tier|[Gen 9] Ubers\n|rule|Sleep Clause Mod: Limit one foe put to sleep\n|rule|Species Clause: Limit one of each Pok\u00e9mon\n|rule|OHKO Clause: OHKO moves are banned\n|rule|Evasion Items Clause: Evasion items are banned\n|rule|Evasion Moves Clause: Evasion moves are banned\n|rule|Endless Battle Clause: Forcing endless battles is banned\n|rule|HP Percentage Mod: HP is shown in percentages\n|clearpoke\n|poke|p1|Iron Bundle|\n|poke|p1|Great Tusk|\n|poke|p1|Jolteon, M|\n|poke|p1|Corviknight, F|\n|poke|p1|Hatterene, F|\n|poke|p1|Mismagius, F|\n|poke|p2|Torterra, F|\n|poke|p2|Weezing-Galar, F|\n|poke|p2|Amoonguss, F|\n|poke|p2|Chansey, F|\n|poke|p2|Iron Valiant|\n|poke|p2|Ditto|\n|teampreview\n|j| Rival Gary Oak\n|\n|t:|1699514081\n|start\n|switch|p1a: Great Tusk|Great Tusk|100\/100\n|switch|p2a: Torterra|Torterra, F|100\/100\n|turn|1\n|\n|t:|1699514089\n|switch|p2a: Amoonguss|Amoonguss, F|100\/100\n|move|p1a: Great Tusk|Ice Spinner|p2a: Amoonguss\n|-supereffective|p2a: Amoonguss\n|-damage|p2a: Amoonguss|53\/100\n|\n|upkeep\n|turn|2\n|\n|t:|1699514098\n|-end|p1a: Great Tusk|Protosynthesis|[silent]\n|switch|p1a: Hatterene|Hatterene, F|100\/100\n|move|p2a: Amoonguss|Giga Drain|p1a: Hatterene\n|-damage|p1a: Hatterene|83\/100\n|-heal|p2a: Amoonguss|59\/100|[from] drain|[of] p1a: Hatterene\n|\n|upkeep\n|turn|3\n|j| ShanmanT\n|\n|t:|1699514123\n|switch|p2a: Ditto|Ditto, shiny|100\/100\n|-transform|p2a: Ditto|p1a: Hatterene|[from] ability: Imposter\n|move|p1a: Hatterene|Psychic|p2a: Ditto\n|-resisted|p2a: Ditto\n|-crit|p2a: Ditto\n|-damage|p2a: Ditto|72\/100\n|\n|upkeep\n|turn|4\n|\n|t:|1699514152\n|switch|p1a: Iron Bundle|Iron Bundle|100\/100\n|move|p2a: Ditto|Light Screen|p2a: Ditto\n|-sidestart|p2: mysticalcheese|move: Light Screen\n|\n|upkeep\n|turn|5\n|\n|t:|1699514188\n|switch|p2a: Iron Valiant|Iron Valiant|100\/100\n|-enditem|p2a: Iron Valiant|Booster Energy\n|-activate|p2a: Iron Valiant|ability: Quark Drive|[fromitem]\n|-start|p2a: Iron Valiant|quarkdrivespe\n|move|p1a: Iron Bundle|Flip Turn|p2a: Iron Valiant\n|-damage|p2a: Iron Valiant|84\/100\n|\n|t:|1699514212\n|-end|p1a: Iron Bundle|Quark Drive|[silent]\n|switch|p1a: Hatterene|Hatterene, F|83\/100|[from] Flip Turn\n|\n|upkeep\n|turn|6\n|\n|t:|1699514225\n|move|p2a: Iron Valiant|Swords Dance|p2a: Iron Valiant\n|-boost|p2a: Iron Valiant|atk|2\n|move|p1a: Hatterene|Trick|p2a: Iron Valiant\n|-activate|p1a: Hatterene|move: Trick|[of] p2a: Iron Valiant\n|-item|p2a: Iron Valiant|Choice Scarf|[from] move: Trick\n|-enditem|p1a: Hatterene|Choice Scarf|[silent]|[from] move: Trick\n|\n|upkeep\n|turn|7\n|\n|t:|1699514256\n|move|p2a: Iron Valiant|Spirit Break|p1a: Hatterene\n|-damage|p1a: Hatterene|10\/100\n|-unboost|p1a: Hatterene|spa|1\n|move|p1a: Hatterene|Psychic|p2a: Iron Valiant\n|-supereffective|p2a: Iron Valiant\n|-damage|p2a: Iron Valiant|42\/100\n|\n|upkeep\n|turn|8\n|\n|t:|1699514266\n|switch|p1a: Corviknight|Corviknight, F|100\/100\n|move|p2a: Iron Valiant|Spirit Break|p1a: Corviknight\n|-resisted|p1a: Corviknight\n|-damage|p1a: Corviknight|71\/100\n|-ability|p1a: Corviknight|Mirror Armor\n|-unboost|p2a: Iron Valiant|spa|1\n|\n|-heal|p1a: Corviknight|77\/100|[from] item: Leftovers\n|-sideend|p2: mysticalcheese|move: Light Screen\n|upkeep\n|turn|9\n|\n|t:|1699514278\n|move|p2a: Iron Valiant|Spirit Break|p1a: Corviknight\n|-resisted|p1a: Corviknight\n|-damage|p1a: Corviknight|45\/100\n|-ability|p1a: Corviknight|Mirror Armor\n|-unboost|p2a: Iron Valiant|spa|1\n|move|p1a: Corviknight|Drill Peck|p2a: Iron Valiant\n|-supereffective|p2a: Iron Valiant\n|-damage|p2a: Iron Valiant|0 fnt\n|faint|p2a: Iron Valiant\n|-end|p2a: Iron Valiant|Quark Drive|[silent]\n|\n|-heal|p1a: Corviknight|52\/100|[from] item: Leftovers\n|upkeep\n|\n|t:|1699514293\n|switch|p2a: Weezing|Weezing-Galar, F|100\/100\n|turn|10\n|\n|t:|1699514309\n|switch|p1a: Hatterene|Hatterene, F|10\/100\n|move|p2a: Weezing|Flamethrower|p1a: Hatterene\n|-damage|p1a: Hatterene|0 fnt\n|faint|p1a: Hatterene\n|\n|upkeep\n|\n|t:|1699514313\n|switch|p1a: Mismagius|Mismagius, F|100\/100\n|turn|11\n|\n|t:|1699514331\n|move|p1a: Mismagius|Psyshock|p2a: Weezing\n|-supereffective|p2a: Weezing\n|-damage|p2a: Weezing|68\/100\n|move|p2a: Weezing|Thunder|p1a: Mismagius\n|-damage|p1a: Mismagius|81\/100\n|-status|p1a: Mismagius|par\n|\n|-heal|p1a: Mismagius|88\/100 par|[from] item: Leftovers\n|upkeep\n|turn|12\n|\n|t:|1699514353\n|switch|p2a: Chansey|Chansey, F|100\/100\n|move|p1a: Mismagius|Psyshock|p2a: Chansey\n|-damage|p2a: Chansey|87\/100\n|\n|-heal|p1a: Mismagius|94\/100 par|[from] item: Leftovers\n|upkeep\n|turn|13\n|\n|t:|1699514361\n|move|p2a: Chansey|Stealth Rock|p1a: Mismagius\n|-sidestart|p1: Currys|move: Stealth Rock\n|move|p1a: Mismagius|Taunt|p2a: Chansey\n|-start|p2a: Chansey|move: Taunt\n|\n|-heal|p1a: Mismagius|99\/100 par|[from] item: Leftovers\n|upkeep\n|turn|14\n|\n|t:|1699514382\n|switch|p2a: Amoonguss|Amoonguss, F|92\/100\n|switch|p1a: Great Tusk|Great Tusk|100\/100\n|-damage|p1a: Great Tusk|98\/100|[from] Stealth Rock\n|\n|upkeep\n|turn|15\n|\n|t:|1699514397\n|-end|p1a: Great Tusk|Protosynthesis|[silent]\n|switch|p1a: Mismagius|Mismagius, F|99\/100 par\n|-damage|p1a: Mismagius|88\/100 par|[from] Stealth Rock\n|move|p2a: Amoonguss|Giga Drain|p1a: Mismagius\n|-damage|p1a: Mismagius|71\/100 par\n|-heal|p2a: Amoonguss|99\/100|[from] drain|[of] p1a: Mismagius\n|\n|-heal|p1a: Mismagius|77\/100 par|[from] item: Leftovers\n|upkeep\n|turn|16\n|\n|t:|1699514403\n|move|p1a: Mismagius|Psyshock|p2a: Amoonguss\n|-supereffective|p2a: Amoonguss\n|-damage|p2a: Amoonguss|67\/100\n|move|p2a: Amoonguss|Hex|p1a: Mismagius\n|-supereffective|p1a: Mismagius\n|-damage|p1a: Mismagius|39\/100 par\n|\n|-heal|p1a: Mismagius|45\/100 par|[from] item: Leftovers\n|upkeep\n|turn|17\n|\n|t:|1699514420\n|move|p1a: Mismagius|Psyshock|p2a: Amoonguss\n|-supereffective|p2a: Amoonguss\n|-damage|p2a: Amoonguss|31\/100\n|move|p2a: Amoonguss|Hex|p1a: Mismagius\n|-supereffective|p1a: Mismagius\n|-damage|p1a: Mismagius|7\/100 par\n|\n|-heal|p1a: Mismagius|13\/100 par|[from] item: Leftovers\n|upkeep\n|turn|18\n|\n|t:|1699514434\n|switch|p2a: Ditto|Ditto, shiny|72\/100\n|-transform|p2a: Ditto|p1a: Mismagius|[from] ability: Imposter\n|move|p1a: Mismagius|Psyshock|p2a: Ditto\n|-damage|p2a: Ditto|39\/100\n|\n|-heal|p1a: Mismagius|19\/100 par|[from] item: Leftovers\n|upkeep\n|turn|19\n|\n|t:|1699514458\n|move|p2a: Ditto|Shadow Ball|p1a: Mismagius\n|-supereffective|p1a: Mismagius\n|-damage|p1a: Mismagius|0 fnt\n|faint|p1a: Mismagius\n|\n|upkeep\n|\n|t:|1699514468\n|switch|p1a: Great Tusk|Great Tusk|98\/100\n|-damage|p1a: Great Tusk|95\/100|[from] Stealth Rock\n|turn|20\n|\n|t:|1699514493\n|move|p1a: Great Tusk|Knock Off|p2a: Ditto\n|-supereffective|p2a: Ditto\n|-damage|p2a: Ditto|0 fnt\n|-enditem|p2a: Ditto|Choice Scarf|[from] move: Knock Off|[of] p1a: Great Tusk\n|faint|p2a: Ditto\n|\n|upkeep\n|\n|t:|1699514505\n|switch|p2a: Weezing|Weezing-Galar, F|68\/100\n|turn|21\n|\n|t:|1699514518\n|-end|p1a: Great Tusk|Protosynthesis|[silent]\n|switch|p1a: Jolteon|Jolteon, M|100\/100\n|-damage|p1a: Jolteon|88\/100|[from] Stealth Rock\n|move|p2a: Weezing|Strange Steam|p1a: Jolteon\n|-damage|p1a: Jolteon|48\/100\n|\n|-heal|p1a: Jolteon|54\/100|[from] item: Leftovers\n|upkeep\n|turn|22\n|\n|t:|1699514525\n|move|p1a: Jolteon|Thunderbolt|p2a: Weezing\n|-damage|p2a: Weezing|40\/100\n|move|p2a: Weezing|Sludge Bomb|p1a: Jolteon\n|-damage|p1a: Jolteon|13\/100\n|-status|p1a: Jolteon|psn\n|\n|-heal|p1a: Jolteon|19\/100 psn|[from] item: Leftovers\n|-damage|p1a: Jolteon|7\/100 psn|[from] psn\n|upkeep\n|turn|23\n|\n|t:|1699514535\n|switch|p2a: Chansey|Chansey, F|87\/100\n|move|p1a: Jolteon|Thunderbolt|p2a: Chansey\n|-damage|p2a: Chansey|74\/100\n|\n|-heal|p1a: Jolteon|13\/100 psn|[from] item: Leftovers\n|-damage|p1a: Jolteon|1\/100 psn|[from] psn\n|upkeep\n|turn|24\n|\n|t:|1699514546\n|move|p1a: Jolteon|Thunderbolt|p2a: Chansey\n|-damage|p2a: Chansey|60\/100\n|move|p2a: Chansey|Soft-Boiled|p2a: Chansey\n|-heal|p2a: Chansey|100\/100\n|\n|-heal|p1a: Jolteon|7\/100 psn|[from] item: Leftovers\n|-damage|p1a: Jolteon|0 fnt|[from] psn\n|faint|p1a: Jolteon\n|upkeep\n|\n|t:|1699514560\n|switch|p1a: Great Tusk|Great Tusk|95\/100\n|-damage|p1a: Great Tusk|92\/100|[from] Stealth Rock\n|turn|25\n|\n|t:|1699514586\n|switch|p2a: Weezing|Weezing-Galar, F|40\/100\n|move|p1a: Great Tusk|Knock Off|p2a: Weezing\n|-resisted|p2a: Weezing\n|-damage|p2a: Weezing|24\/100\n|-enditem|p2a: Weezing|Assault Vest|[from] move: Knock Off|[of] p1a: Great Tusk\n|\n|upkeep\n|turn|26\n|\n|t:|1699514601\n|-end|p1a: Great Tusk|Protosynthesis|[silent]\n|switch|p1a: Iron Bundle|Iron Bundle|100\/100\n|-damage|p1a: Iron Bundle|76\/100|[from] Stealth Rock\n|move|p2a: Weezing|Thunder|p1a: Iron Bundle\n|-supereffective|p1a: Iron Bundle\n|-damage|p1a: Iron Bundle|13\/100\n|\n|upkeep\n|turn|27\n|\n|t:|1699514680\n|switch|p2a: Chansey|Chansey, F|100\/100\n|move|p1a: Iron Bundle|Ice Beam|p2a: Chansey\n|-damage|p2a: Chansey|86\/100\n|\n|upkeep\n|turn|28\n|\n|t:|1699514694\n|move|p1a: Iron Bundle|Flip Turn|p2a: Chansey\n|-damage|p2a: Chansey|76\/100\n|\n|t:|1699514709\n|-end|p1a: Iron Bundle|Quark Drive|[silent]\n|switch|p1a: Corviknight|Corviknight, F|52\/100|[from] Flip Turn\n|-damage|p1a: Corviknight|39\/100|[from] Stealth Rock\n|move|p2a: Chansey|Seismic Toss|p1a: Corviknight\n|-damage|p1a: Corviknight|9\/100\n|\n|-heal|p1a: Corviknight|16\/100|[from] item: Leftovers\n|upkeep\n|turn|29\n|\n|t:|1699514739\n|move|p1a: Corviknight|Body Press|p2a: Chansey\n|-supereffective|p2a: Chansey\n|-damage|p2a: Chansey|53\/100\n|move|p2a: Chansey|Seismic Toss|p1a: Corviknight\n|-damage|p1a: Corviknight|0 fnt\n|faint|p1a: Corviknight\n|\n|upkeep\n|\n|t:|1699514756\n|switch|p1a: Great Tusk|Great Tusk|92\/100\n|-damage|p1a: Great Tusk|89\/100|[from] Stealth Rock\n|turn|30\n|\n|t:|1699514798\n|switch|p2a: Weezing|Weezing-Galar, F|24\/100\n|move|p1a: Great Tusk|Ice Spinner|p2a: Weezing\n|-damage|p2a: Weezing|0 fnt\n|faint|p2a: Weezing\n|\n|upkeep\n|\n|t:|1699514810\n|switch|p2a: Torterra|Torterra, F|100\/100\n|turn|31\n|\n|t:|1699514818\n|-terastallize|p2a: Torterra|Fire\n|move|p1a: Great Tusk|Ice Spinner|p2a: Torterra\n|-resisted|p2a: Torterra\n|-damage|p2a: Torterra|86\/100\n|move|p2a: Torterra|Seed Bomb|p1a: Great Tusk\n|-supereffective|p1a: Great Tusk\n|-damage|p1a: Great Tusk|24\/100\n|\n|upkeep\n|turn|32\n|\n|t:|1699514827\n|move|p1a: Great Tusk|Ice Spinner|p2a: Torterra\n|-resisted|p2a: Torterra\n|-damage|p2a: Torterra|71\/100\n|move|p2a: Torterra|Seed Bomb|p1a: Great Tusk\n|-supereffective|p1a: Great Tusk\n|-damage|p1a: Great Tusk|0 fnt\n|faint|p1a: Great Tusk\n|-end|p1a: Great Tusk|Protosynthesis|[silent]\n|\n|upkeep\n|\n|t:|1699514830\n|switch|p1a: Iron Bundle|Iron Bundle|13\/100\n|-damage|p1a: Iron Bundle|0 fnt|[from] Stealth Rock\n|faint|p1a: Iron Bundle\n|-end|p1a: Iron Bundle|Quark Drive|[silent]\n|\n|win|mysticalcheese\n|l|\u2606Currys\n|l|\u2606mysticalcheese\n|l| ShanmanT\n|l| Rival Gary Oak\n|j|\u2606mysticalcheese\n|player|p2|mysticalcheese|2\n|l|\u2606mysticalcheese\n|player|p2|\n|j|\u2606mysticalcheese\n|player|p2|mysticalcheese|2\n","uploadtime":1699516293,"views":7,"p1id":"currys","p2id":"mysticalcheese","formatid":"gen9ubers","rating":0,"private":0,"password":""}