{"id":"gen9ubers-1986577925","p1":"Seior","p2":"Vandenta","format":"[Gen 9] Ubers","log":"|j|\u2606Seior\n|j|\u2606Vandenta\n|t:|1699493995\n|gametype|singles\n|player|p1|Seior|carmine|\n|player|p2|Vandenta|102|\n|teamsize|p1|6\n|teamsize|p2|6\n|gen|9\n|tier|[Gen 9] Ubers\n|rule|Sleep Clause Mod: Limit one foe put to sleep\n|rule|Species Clause: Limit one of each Pok\u00e9mon\n|rule|OHKO Clause: OHKO moves are banned\n|rule|Evasion Items Clause: Evasion items are banned\n|rule|Evasion Moves Clause: Evasion moves are banned\n|rule|Endless Battle Clause: Forcing endless battles is banned\n|rule|HP Percentage Mod: HP is shown in percentages\n|clearpoke\n|poke|p1|Ninetales-Alola, F|\n|poke|p1|Zamazenta-*|\n|poke|p1|Braviary-Hisui, M|\n|poke|p1|Ogerpon, F|\n|poke|p1|Houndoom, M|\n|poke|p1|Quaquaval, M|\n|poke|p2|Slowking-Galar, M|\n|poke|p2|Hoopa|\n|poke|p2|Baxcalibur, F|\n|poke|p2|Lucario, F|\n|poke|p2|Milotic, M|\n|poke|p2|Donphan, M|\n|teampreview\n|j| BPLD\n|j| PorygonTheBot\n|c| PorygonTheBot|y'all are stupid\n|j| zLayton\n|c| BPLD|^when you disrespect the bot Baku\n|c|\u2606Seior|cry about it\n|\n|t:|1699494109\n|start\n|switch|p1a: Quaquaval|Quaquaval, M|100\/100\n|switch|p2a: Slowking|Slowking-Galar, M|100\/100\n|turn|1\n|c|\u2606Vandenta|Y is it mean to us\n|\n|t:|1699494123\n|move|p1a: Quaquaval|Knock Off|p2a: Slowking\n|-supereffective|p2a: Slowking\n|-damage|p2a: Slowking|53\/100\n|-enditem|p2a: Slowking|Black Sludge|[from] move: Knock Off|[of] p1a: Quaquaval\n|move|p2a: Slowking|Trick Room|p2a: Slowking\n|-fieldstart|move: Trick Room|[of] p2a: Slowking\n|\n|upkeep\n|turn|2\n|j| Swagadile\n|\n|t:|1699494144\n|move|p2a: Slowking|Chilly Reception|p2a: Slowking\n|-weather|Snow\n|\n|t:|1699494163\n|switch|p2a: Lucario|Lucario, F|100\/100|[from] Chilly Reception\n|move|p1a: Quaquaval|Flip Turn|p2a: Lucario\n|-damage|p2a: Lucario|57\/100\n|j| MonkeyManStan\n|c| MonkeyManStan|my horse as fuck\n|\n|t:|1699494235\n|switch|p1a: Braviary|Braviary-Hisui, M, shiny|100\/100|[from] Flip Turn\n|\n|-weather|Snow|[upkeep]\n|upkeep\n|turn|3\n|\n|t:|1699494255\n|switch|p2a: Milotic|Milotic, M|100\/100\n|move|p1a: Braviary|Esper Wing|p2a: Milotic\n|-damage|p2a: Milotic|73\/100\n|-boost|p1a: Braviary|spe|1\n|\n|-weather|Snow|[upkeep]\n|-heal|p2a: Milotic|79\/100|[from] item: Leftovers\n|upkeep\n|turn|4\n|c| Swagadile|I\u2019m happy to see those leftovers\n|\n|t:|1699494285\n|move|p2a: Milotic|Ice Beam|p1a: Braviary\n|-supereffective|p1a: Braviary\n|-damage|p1a: Braviary|55\/100\n|move|p1a: Braviary|Calm Mind|p1a: Braviary\n|-boost|p1a: Braviary|spa|1\n|-boost|p1a: Braviary|spd|1\n|\n|-weather|Snow|[upkeep]\n|-heal|p2a: Milotic|85\/100|[from] item: Leftovers\n|-heal|p1a: Braviary|61\/100|[from] item: Leftovers\n|upkeep\n|turn|5\n|\n|t:|1699494298\n|-terastallize|p1a: Braviary|Fairy\n|move|p2a: Milotic|Haze|p2a: Milotic\n|-clearallboost\n|move|p1a: Braviary|Substitute|p1a: Braviary\n|-start|p1a: Braviary|Substitute\n|-damage|p1a: Braviary|36\/100\n|\n|-weather|Snow|[upkeep]\n|-heal|p2a: Milotic|91\/100|[from] item: Leftovers\n|-heal|p1a: Braviary|42\/100|[from] item: Leftovers\n|-fieldend|move: Trick Room\n|upkeep\n|turn|6\n|\n|t:|1699494306\n|move|p1a: Braviary|Esper Wing|p2a: Milotic\n|-crit|p2a: Milotic\n|-damage|p2a: Milotic|53\/100\n|-boost|p1a: Braviary|spe|1\n|move|p2a: Milotic|Scald|p1a: Braviary\n|-end|p1a: Braviary|Substitute\n|\n|-weather|none\n|-heal|p1a: Braviary|48\/100|[from] item: Leftovers\n|-heal|p2a: Milotic|59\/100|[from] item: Leftovers\n|upkeep\n|turn|7\n|\n|t:|1699494334\n|move|p1a: Braviary|Esper Wing|p2a: Milotic\n|-damage|p2a: Milotic|30\/100\n|-boost|p1a: Braviary|spe|1\n|move|p2a: Milotic|Scald|p1a: Braviary\n|-damage|p1a: Braviary|15\/100\n|\n|-heal|p1a: Braviary|21\/100|[from] item: Leftovers\n|-heal|p2a: Milotic|37\/100|[from] item: Leftovers\n|upkeep\n|turn|8\n|\n|t:|1699494410\n|move|p1a: Braviary|Esper Wing|p2a: Milotic\n|-damage|p2a: Milotic|9\/100\n|-boost|p1a: Braviary|spe|1\n|move|p2a: Milotic|Recover|p2a: Milotic\n|-heal|p2a: Milotic|59\/100\n|\n|-heal|p1a: Braviary|28\/100|[from] item: Leftovers\n|-heal|p2a: Milotic|65\/100|[from] item: Leftovers\n|upkeep\n|turn|9\n|\n|t:|1699494423\n|move|p1a: Braviary|Esper Wing|p2a: Milotic\n|-damage|p2a: Milotic|39\/100\n|-boost|p1a: Braviary|spe|1\n|move|p2a: Milotic|Scald|p1a: Braviary\n|-damage|p1a: Braviary|0 fnt\n|faint|p1a: Braviary\n|\n|-heal|p2a: Milotic|45\/100|[from] item: Leftovers\n|upkeep\n|l| MonkeyManStan\n|\n|t:|1699494499\n|switch|p1a: Ogerpon|Ogerpon, F|100\/100\n|turn|10\n|\n|t:|1699494517\n|switch|p2a: Slowking|Slowking-Galar, M|86\/100\n|move|p1a: Ogerpon|U-turn|p2a: Slowking\n|-damage|p2a: Slowking|64\/100\n|\n|t:|1699494549\n|switch|p1a: Houndoom|Houndoom, M|100\/100|[from] U-turn\n|\n|upkeep\n|turn|11\n|j| MonkeyManStan\n|\n|t:|1699494590\n|switch|p2a: Milotic|Milotic, M|45\/100\n|move|p1a: Houndoom|Taunt|p2a: Milotic\n|-start|p2a: Milotic|move: Taunt\n|\n|-heal|p2a: Milotic|51\/100|[from] item: Leftovers\n|upkeep\n|turn|12\n|\n|t:|1699494617\n|move|p1a: Houndoom|Toxic|p2a: Milotic|[miss]\n|-miss|p1a: Houndoom|p2a: Milotic\n|move|p2a: Milotic|Ice Beam|p1a: Houndoom\n|-resisted|p1a: Houndoom\n|-damage|p1a: Houndoom|87\/100\n|\n|-heal|p2a: Milotic|57\/100|[from] item: Leftovers\n|upkeep\n|turn|13\n|\n|t:|1699494672\n|switch|p1a: Ogerpon|Ogerpon, F|100\/100\n|switch|p2a: Lucario|Lucario, F|57\/100\n|\n|upkeep\n|turn|14\n|\n|t:|1699494697\n|switch|p2a: Slowking|Slowking-Galar, M|97\/100\n|move|p1a: Ogerpon|U-turn|p2a: Slowking\n|-damage|p2a: Slowking|77\/100\n|\n|t:|1699494702\n|switch|p1a: Houndoom|Houndoom, M|87\/100|[from] U-turn\n|\n|upkeep\n|turn|15\n|\n|t:|1699494716\n|move|p1a: Houndoom|Dark Pulse|p2a: Slowking\n|-supereffective|p2a: Slowking\n|-damage|p2a: Slowking|22\/100\n|move|p2a: Slowking|Trick Room|p2a: Slowking\n|-fieldstart|move: Trick Room|[of] p2a: Slowking\n|\n|upkeep\n|turn|16\n|\n|t:|1699494770\n|switch|p1a: Quaquaval|Quaquaval, M|100\/100\n|move|p2a: Slowking|Chilly Reception|p2a: Slowking\n|-weather|Snow\n|\n|t:|1699494779\n|switch|p2a: Hoopa|Hoopa|100\/100|[from] Chilly Reception\n|\n|-weather|Snow|[upkeep]\n|upkeep\n|turn|17\n|\n|t:|1699494812\n|switch|p1a: Houndoom|Houndoom, M|87\/100\n|-terastallize|p2a: Hoopa|Fairy\n|move|p2a: Hoopa|Tera Blast|p1a: Houndoom|[anim] Tera Blast Fairy\n|-damage|p1a: Houndoom|19\/100\n|\n|-weather|Snow|[upkeep]\n|upkeep\n|turn|18\n|\n|t:|1699494900\n|move|p2a: Hoopa|Tera Blast|p1a: Houndoom|[anim] Tera Blast Fairy\n|-damage|p1a: Houndoom|0 fnt\n|faint|p1a: Houndoom\n|\n|-weather|Snow|[upkeep]\n|upkeep\n|\n|t:|1699494919\n|switch|p1a: Ninetales|Ninetales-Alola, F, shiny|100\/100\n|turn|19\n|\n|t:|1699494926\n|move|p2a: Hoopa|Substitute|p2a: Hoopa\n|-start|p2a: Hoopa|Substitute\n|-damage|p2a: Hoopa|75\/100\n|move|p1a: Ninetales|Aurora Veil|p1a: Ninetales\n|-sidestart|p1: Seior|move: Aurora Veil\n|\n|-weather|Snow|[upkeep]\n|-heal|p2a: Hoopa|82\/100|[from] item: Leftovers\n|-fieldend|move: Trick Room\n|upkeep\n|turn|20\n|\n|t:|1699494936\n|move|p1a: Ninetales|Moonblast|p2a: Hoopa\n|-activate|p2a: Hoopa|move: Substitute|[damage]\n|move|p2a: Hoopa|Trick Room|p2a: Hoopa\n|-fieldstart|move: Trick Room|[of] p2a: Hoopa\n|\n|-weather|none\n|-heal|p2a: Hoopa|88\/100|[from] item: Leftovers\n|upkeep\n|turn|21\n|\n|t:|1699494939\n|switch|p2a: Slowking|Slowking-Galar, M|55\/100\n|move|p1a: Ninetales|Moonblast|p2a: Slowking\n|-resisted|p2a: Slowking\n|-damage|p2a: Slowking|42\/100\n|\n|upkeep\n|turn|22\n|\n|t:|1699494954\n|move|p2a: Slowking|Chilly Reception|p2a: Slowking\n|-weather|Snow\n|\n|t:|1699494960\n|switch|p2a: Milotic|Milotic, M|57\/100|[from] Chilly Reception\n|move|p1a: Ninetales|Freeze-Dry|p2a: Milotic\n|-supereffective|p2a: Milotic\n|-damage|p2a: Milotic|22\/100\n|\n|-weather|Snow|[upkeep]\n|-heal|p2a: Milotic|28\/100|[from] item: Leftovers\n|upkeep\n|turn|23\n|\n|t:|1699494982\n|move|p2a: Milotic|Recover|p2a: Milotic\n|-heal|p2a: Milotic|78\/100\n|move|p1a: Ninetales|Encore|p2a: Milotic\n|-start|p2a: Milotic|Encore\n|\n|-weather|Snow|[upkeep]\n|-heal|p2a: Milotic|85\/100|[from] item: Leftovers\n|upkeep\n|turn|24\n|\n|t:|1699494999\n|switch|p2a: Slowking|Slowking-Galar, M|75\/100\n|switch|p1a: Quaquaval|Quaquaval, M|100\/100\n|\n|-weather|Snow|[upkeep]\n|-fieldend|move: Trick Room\n|upkeep\n|turn|25\n|\n|t:|1699495011\n|move|p1a: Quaquaval|Flip Turn|p2a: Slowking\n|-damage|p2a: Slowking|53\/100\n|\n|t:|1699495020\n|switch|p1a: Ogerpon|Ogerpon, F|100\/100|[from] Flip Turn\n|move|p2a: Slowking|Trick Room|p2a: Slowking\n|-fieldstart|move: Trick Room|[of] p2a: Slowking\n|\n|-weather|Snow|[upkeep]\n|upkeep\n|turn|26\n|\n|t:|1699495032\n|move|p2a: Slowking|Sludge Bomb|p1a: Ogerpon\n|-supereffective|p1a: Ogerpon\n|-damage|p1a: Ogerpon|54\/100\n|move|p1a: Ogerpon|U-turn|p2a: Slowking\n|-damage|p2a: Slowking|33\/100\n|\n|t:|1699495037\n|switch|p1a: Quaquaval|Quaquaval, M|100\/100|[from] U-turn\n|\n|-weather|none\n|-sideend|p1: Seior|move: Aurora Veil\n|upkeep\n|turn|27\n|\n|t:|1699495047\n|switch|p2a: Milotic|Milotic, M|85\/100\n|move|p1a: Quaquaval|Flip Turn|p2a: Milotic\n|-resisted|p2a: Milotic\n|-damage|p2a: Milotic|75\/100\n|\n|t:|1699495050\n|switch|p1a: Ninetales|Ninetales-Alola, F, shiny|100\/100|[from] Flip Turn\n|-weather|Snow|[from] ability: Snow Warning|[of] p1a: Ninetales\n|\n|-weather|Snow|[upkeep]\n|-heal|p2a: Milotic|81\/100|[from] item: Leftovers\n|upkeep\n|turn|28\n|\n|t:|1699495078\n|switch|p2a: Lucario|Lucario, F|57\/100\n|move|p1a: Ninetales|Aurora Veil|p1a: Ninetales\n|-sidestart|p1: Seior|move: Aurora Veil\n|\n|-weather|Snow|[upkeep]\n|upkeep\n|turn|29\n|\n|t:|1699495120\n|move|p2a: Lucario|Close Combat|p1a: Ninetales\n|-damage|p1a: Ninetales|76\/100\n|-unboost|p2a: Lucario|def|1\n|-unboost|p2a: Lucario|spd|1\n|move|p1a: Ninetales|Moonblast|p2a: Lucario\n|-damage|p2a: Lucario|0 fnt\n|faint|p2a: Lucario\n|\n|-weather|Snow|[upkeep]\n|-fieldend|move: Trick Room\n|upkeep\n|\n|t:|1699495141\n|switch|p2a: Slowking|Slowking-Galar, M|66\/100\n|turn|30\n|\n|t:|1699495159\n|move|p1a: Ninetales|Freeze-Dry|p2a: Slowking\n|-damage|p2a: Slowking|45\/100\n|move|p2a: Slowking|Flamethrower|p1a: Ninetales\n|-supereffective|p1a: Ninetales\n|-crit|p1a: Ninetales\n|-damage|p1a: Ninetales|0 fnt\n|faint|p1a: Ninetales\n|\n|-weather|Snow|[upkeep]\n|upkeep\n|\n|t:|1699495185\n|switch|p1a: Zamazenta|Zamazenta-Crowned, shiny|100\/100\n|-ability|p1a: Zamazenta|Dauntless Shield|boost\n|-boost|p1a: Zamazenta|def|1\n|turn|31\n|\n|t:|1699495197\n|switch|p2a: Milotic|Milotic, M|81\/100\n|move|p1a: Zamazenta|Crunch|p2a: Milotic\n|-damage|p2a: Milotic|64\/100\n|\n|-weather|none\n|-heal|p2a: Milotic|70\/100|[from] item: Leftovers\n|upkeep\n|turn|32\n|\n|t:|1699495199\n|move|p1a: Zamazenta|Iron Defense|p1a: Zamazenta\n|-boost|p1a: Zamazenta|def|2\n|move|p2a: Milotic|Haze|p2a: Milotic\n|-clearallboost\n|\n|-heal|p2a: Milotic|76\/100|[from] item: Leftovers\n|upkeep\n|turn|33\n|\n|t:|1699495203\n|move|p1a: Zamazenta|Iron Defense|p1a: Zamazenta\n|-boost|p1a: Zamazenta|def|2\n|move|p2a: Milotic|Scald|p1a: Zamazenta\n|-damage|p1a: Zamazenta|93\/100\n|\n|-heal|p2a: Milotic|82\/100|[from] item: Leftovers\n|upkeep\n|turn|34\n|\n|t:|1699495206\n|move|p1a: Zamazenta|Body Press|p2a: Milotic\n|-damage|p2a: Milotic|24\/100\n|move|p2a: Milotic|Haze|p2a: Milotic\n|-clearallboost\n|\n|-heal|p2a: Milotic|30\/100|[from] item: Leftovers\n|upkeep\n|turn|35\n|\n|t:|1699495214\n|move|p1a: Zamazenta|Body Press|p2a: Milotic\n|-damage|p2a: Milotic|0 fnt\n|faint|p2a: Milotic\n|\n|-sideend|p1: Seior|move: Aurora Veil\n|upkeep\n|c| zLayton|The dog is going to be banned nxt season right?\n|c| BPLD|yes\n|\n|t:|1699495263\n|switch|p2a: Donphan|Donphan, M|100\/100\n|turn|36\n|c|\u2606Seior|what you trying to say right now\n|\n|t:|1699495270\n|move|p1a: Zamazenta|Iron Defense|p1a: Zamazenta\n|-boost|p1a: Zamazenta|def|2\n|move|p2a: Donphan|Earthquake|p1a: Zamazenta\n|-supereffective|p1a: Zamazenta\n|-damage|p1a: Zamazenta|54\/100\n|\n|upkeep\n|turn|37\n|c| zLayton|Two seasons, for sure, is enough\n|\n|t:|1699495283\n|move|p1a: Zamazenta|Iron Defense|p1a: Zamazenta\n|-boost|p1a: Zamazenta|def|2\n|move|p2a: Donphan|Earthquake|p1a: Zamazenta\n|-supereffective|p1a: Zamazenta\n|-damage|p1a: Zamazenta|30\/100\n|\n|upkeep\n|turn|38\n|c| zLayton|no comment\n|\n|t:|1699495288\n|move|p1a: Zamazenta|Body Press|p2a: Donphan\n|-damage|p2a: Donphan|11\/100\n|-damage|p1a: Zamazenta|14\/100|[from] item: Rocky Helmet|[of] p2a: Donphan\n|move|p2a: Donphan|Earthquake|p1a: Zamazenta\n|-supereffective|p1a: Zamazenta\n|-crit|p1a: Zamazenta\n|-damage|p1a: Zamazenta|0 fnt\n|faint|p1a: Zamazenta\n|\n|upkeep\n|c|\u2606Seior|crits are a fantastic part of this game\n|c| Swagadile|Beaten by average tusk, it\u2019s not that good\n|\n|t:|1699495320\n|switch|p1a: Ogerpon|Ogerpon, F|54\/100\n|turn|39\n|\n|t:|1699495349\n|move|p1a: Ogerpon|Knock Off|p2a: Donphan\n|-damage|p2a: Donphan|0 fnt\n|-damage|p1a: Ogerpon|38\/100|[from] item: Rocky Helmet|[of] p2a: Donphan\n|-enditem|p2a: Donphan|Rocky Helmet|[from] move: Knock Off|[of] p1a: Ogerpon\n|faint|p2a: Donphan\n|\n|upkeep\n|\n|t:|1699495352\n|switch|p2a: Baxcalibur|Baxcalibur, F|100\/100\n|turn|40\n|\n|t:|1699495360\n|switch|p1a: Quaquaval|Quaquaval, M|100\/100\n|move|p2a: Baxcalibur|Dragon Dance|p2a: Baxcalibur\n|-boost|p2a: Baxcalibur|atk|1\n|-boost|p2a: Baxcalibur|spe|1\n|\n|upkeep\n|turn|41\n|\n|t:|1699495363\n|move|p2a: Baxcalibur|Zen Headbutt|p1a: Quaquaval|[miss]\n|-miss|p2a: Baxcalibur|p1a: Quaquaval\n|move|p1a: Quaquaval|Close Combat|p2a: Baxcalibur\n|-supereffective|p2a: Baxcalibur\n|-damage|p2a: Baxcalibur|0 fnt\n|-unboost|p1a: Quaquaval|def|1\n|-unboost|p1a: Quaquaval|spd|1\n|faint|p2a: Baxcalibur\n|-ability|p1a: Quaquaval|Moxie|boost\n|-boost|p1a: Quaquaval|atk|1\n|\n|upkeep\n|c|\u2606Vandenta|Lol\n|c|\u2606Vandenta|bax missing kills again\n|\n|t:|1699495388\n|switch|p2a: Slowking|Slowking-Galar, M|78\/100\n|turn|42\n|\n|t:|1699495404\n|move|p1a: Quaquaval|Knock Off|p2a: Slowking\n|-supereffective|p2a: Slowking\n|-damage|p2a: Slowking|35\/100\n|move|p2a: Slowking|Trick Room|p2a: Slowking\n|-fieldstart|move: Trick Room|[of] p2a: Slowking\n|\n|upkeep\n|turn|43\n|\n|t:|1699495410\n|switch|p2a: Hoopa|Hoopa, tera:Fairy|88\/100\n|move|p1a: Quaquaval|Knock Off|p2a: Hoopa\n|-resisted|p2a: Hoopa\n|-damage|p2a: Hoopa|58\/100\n|-enditem|p2a: Hoopa|Leftovers|[from] move: Knock Off|[of] p1a: Quaquaval\n|\n|upkeep\n|turn|44\n|\n|t:|1699495419\n|switch|p1a: Ogerpon|Ogerpon, F|38\/100\n|move|p2a: Hoopa|Tera Blast|p1a: Ogerpon|[anim] Tera Blast Fairy\n|-damage|p1a: Ogerpon|0 fnt\n|faint|p1a: Ogerpon\n|\n|upkeep\n|\n|t:|1699495423\n|switch|p1a: Quaquaval|Quaquaval, M|100\/100\n|turn|45\n|\n|t:|1699495426\n|move|p2a: Hoopa|Tera Blast|p1a: Quaquaval|[anim] Tera Blast Fairy\n|-supereffective|p1a: Quaquaval\n|-damage|p1a: Quaquaval|0 fnt\n|faint|p1a: Quaquaval\n|\n|win|Vandenta\n|l| PorygonTheBot\n|l|\u2606Vandenta\n|l| BPLD\n|j|\u2606Vandenta\n|player|p2|Vandenta|102\n|l|\u2606Vandenta\n|player|p2|\n|l| MonkeyManStan\n|j|\u2606Vandenta\n|player|p2|Vandenta|102\n","uploadtime":1699495428,"views":36,"p1id":"seior","p2id":"vandenta","formatid":"gen9ubers","rating":0,"private":0,"password":""}