{"id":"gen9ubers-1978479585","p1":"Willish6634","p2":"Lillyrosethedemon","format":"[Gen 9] Ubers","log":"|j|\u2606Willish6634\n|j|\u2606Lillyrosethedemon\n|t:|1698544324\n|gametype|singles\n|player|p1|Willish6634|leon-masters|\n|player|p2|Lillyrosethedemon|waitress-gen4|\n|teamsize|p1|6\n|teamsize|p2|6\n|gen|9\n|tier|[Gen 9] Ubers\n|rule|Sleep Clause Mod: Limit one foe put to sleep\n|rule|Species Clause: Limit one of each Pok\u00e9mon\n|rule|OHKO Clause: OHKO moves are banned\n|rule|Evasion Items Clause: Evasion items are banned\n|rule|Evasion Moves Clause: Evasion moves are banned\n|rule|Endless Battle Clause: Forcing endless battles is banned\n|rule|HP Percentage Mod: HP is shown in percentages\n|clearpoke\n|poke|p1|Baxcalibur, M|\n|poke|p1|Iron Treads|\n|poke|p1|Iron Moth|\n|poke|p1|Iron Valiant|\n|poke|p1|Tauros-Paldea-Aqua, M|\n|poke|p1|Chesnaught, F|\n|poke|p2|Toxapex, M|\n|poke|p2|Staraptor, M|\n|poke|p2|Hatterene, F|\n|poke|p2|Iron Hands|\n|poke|p2|Mamoswine, F|\n|poke|p2|Bisharp, F|\n|teampreview\n|\n|t:|1698544342\n|start\n|switch|p1a: Aqua|Tauros-Paldea-Aqua, M|100\/100\n|switch|p2a: Hatterene|Hatterene, F|100\/100\n|-ability|p1a: Aqua|Intimidate|boost\n|-unboost|p2a: Hatterene|atk|1\n|turn|1\n|\n|t:|1698544367\n|switch|p1a: Iron Treads|Iron Treads|100\/100\n|move|p2a: Hatterene|Draining Kiss|p1a: Iron Treads\n|-resisted|p1a: Iron Treads\n|-damage|p1a: Iron Treads|85\/100\n|\n|-heal|p1a: Iron Treads|91\/100|[from] item: Leftovers\n|upkeep\n|turn|2\n|\n|t:|1698544382\n|switch|p2a: Toxapex|Toxapex, M|100\/100\n|move|p1a: Iron Treads|Knock Off|p2a: Toxapex\n|-damage|p2a: Toxapex|82\/100\n|-enditem|p2a: Toxapex|Leftovers|[from] move: Knock Off|[of] p1a: Iron Treads\n|\n|-heal|p1a: Iron Treads|97\/100|[from] item: Leftovers\n|upkeep\n|turn|3\n|\n|t:|1698544393\n|move|p1a: Iron Treads|Volt Switch|p2a: Toxapex\n|-supereffective|p2a: Toxapex\n|-crit|p2a: Toxapex\n|-damage|p2a: Toxapex|52\/100\n|\n|t:|1698544401\n|-end|p1a: Iron Treads|Quark Drive|[silent]\n|switch|p1a: Chesnaught|Chesnaught, F|100\/100|[from] Volt Switch\n|move|p2a: Toxapex|Ice Spinner|p1a: Chesnaught\n|-supereffective|p1a: Chesnaught\n|-damage|p1a: Chesnaught|86\/100\n|\n|-heal|p1a: Chesnaught|92\/100|[from] item: Leftovers\n|upkeep\n|turn|4\n|\n|t:|1698544411\n|switch|p2a: Iron Hands|Iron Hands|100\/100\n|move|p1a: Chesnaught|Leech Seed|p2a: Iron Hands\n|-start|p2a: Iron Hands|move: Leech Seed\n|\n|-heal|p1a: Chesnaught|98\/100|[from] item: Leftovers\n|-damage|p2a: Iron Hands|88\/100|[from] Leech Seed|[of] p1a: Chesnaught\n|-heal|p1a: Chesnaught|100\/100|[silent]\n|upkeep\n|turn|5\n|\n|t:|1698544422\n|switch|p1a: Aqua|Tauros-Paldea-Aqua, M|100\/100\n|-ability|p1a: Aqua|Intimidate|boost\n|-unboost|p2a: Iron Hands|atk|1\n|-end|p2a: Iron Hands|Quark Drive|[silent]\n|switch|p2a: Staraptor|Staraptor, M|100\/100\n|\n|upkeep\n|turn|6\n|\n|t:|1698544432\n|switch|p1a: Iron Treads|Iron Treads|97\/100\n|-terastallize|p2a: Staraptor|Flying\n|move|p2a: Staraptor|Brave Bird|p1a: Iron Treads\n|-resisted|p1a: Iron Treads\n|-damage|p1a: Iron Treads|56\/100\n|-damage|p2a: Staraptor|86\/100|[from] Recoil\n|\n|-heal|p1a: Iron Treads|62\/100|[from] item: Leftovers\n|upkeep\n|turn|7\n|\n|t:|1698544445\n|switch|p2a: Bisharp|Bisharp, F|100\/100\n|move|p1a: Iron Treads|Knock Off|p2a: Bisharp\n|-resisted|p2a: Bisharp\n|-damage|p2a: Bisharp|88\/100\n|-enditem|p2a: Bisharp|Eviolite|[from] move: Knock Off|[of] p1a: Iron Treads\n|\n|-heal|p1a: Iron Treads|68\/100|[from] item: Leftovers\n|upkeep\n|turn|8\n|\n|t:|1698544455\n|move|p1a: Iron Treads|Earthquake|p2a: Bisharp\n|-supereffective|p2a: Bisharp\n|-damage|p2a: Bisharp|0 fnt\n|faint|p2a: Bisharp\n|\n|-heal|p1a: Iron Treads|75\/100|[from] item: Leftovers\n|upkeep\n|\n|t:|1698544464\n|switch|p2a: Mamoswine|Mamoswine, F|100\/100\n|turn|9\n|\n|t:|1698544469\n|-end|p1a: Iron Treads|Quark Drive|[silent]\n|switch|p1a: Aqua|Tauros-Paldea-Aqua, M|100\/100\n|-ability|p1a: Aqua|Intimidate|boost\n|-unboost|p2a: Mamoswine|atk|1\n|move|p2a: Mamoswine|Earthquake|p1a: Aqua\n|-damage|p1a: Aqua|61\/100\n|-damage|p2a: Mamoswine|91\/100|[from] item: Life Orb\n|\n|-heal|p1a: Aqua|67\/100|[from] item: Leftovers\n|upkeep\n|turn|10\n|\n|t:|1698544481\n|move|p1a: Aqua|Trailblaze|p2a: Mamoswine\n|-supereffective|p2a: Mamoswine\n|-damage|p2a: Mamoswine|54\/100\n|-boost|p1a: Aqua|spe|1\n|move|p2a: Mamoswine|Knock Off|p1a: Aqua\n|-resisted|p1a: Aqua\n|-damage|p1a: Aqua|54\/100\n|-enditem|p1a: Aqua|Leftovers|[from] move: Knock Off|[of] p2a: Mamoswine\n|-damage|p2a: Mamoswine|44\/100|[from] item: Life Orb\n|\n|upkeep\n|turn|11\n|\n|t:|1698544495\n|switch|p2a: Hatterene|Hatterene, F|100\/100\n|move|p1a: Aqua|Raging Bull|p2a: Hatterene\n|-damage|p2a: Hatterene|60\/100\n|\n|-heal|p2a: Hatterene|66\/100|[from] item: Leftovers\n|upkeep\n|turn|12\n|\n|t:|1698544516\n|switch|p1a: Iron Treads|Iron Treads|75\/100\n|move|p2a: Hatterene|Calm Mind|p2a: Hatterene\n|-boost|p2a: Hatterene|spa|1\n|-boost|p2a: Hatterene|spd|1\n|\n|-heal|p1a: Iron Treads|81\/100|[from] item: Leftovers\n|-heal|p2a: Hatterene|72\/100|[from] item: Leftovers\n|upkeep\n|turn|13\n|\n|t:|1698544529\n|move|p1a: Iron Treads|Iron Head|p2a: Hatterene\n|-supereffective|p2a: Hatterene\n|-damage|p2a: Hatterene|0 fnt\n|faint|p2a: Hatterene\n|\n|-heal|p1a: Iron Treads|87\/100|[from] item: Leftovers\n|upkeep\n|\n|t:|1698544537\n|switch|p2a: Mamoswine|Mamoswine, F|44\/100\n|turn|14\n|\n|t:|1698544541\n|move|p2a: Mamoswine|Ice Shard|p1a: Iron Treads\n|-damage|p1a: Iron Treads|64\/100\n|-damage|p2a: Mamoswine|34\/100|[from] item: Life Orb\n|move|p1a: Iron Treads|Iron Head|p2a: Mamoswine\n|-supereffective|p2a: Mamoswine\n|-damage|p2a: Mamoswine|0 fnt\n|faint|p2a: Mamoswine\n|\n|-heal|p1a: Iron Treads|70\/100|[from] item: Leftovers\n|upkeep\n|\n|t:|1698544554\n|switch|p2a: Toxapex|Toxapex, M|86\/100\n|turn|15\n|\n|t:|1698544557\n|move|p2a: Toxapex|Baneful Bunker|p2a: Toxapex\n|-singleturn|p2a: Toxapex|move: Protect\n|move|p1a: Iron Treads|Volt Switch|p2a: Toxapex\n|-activate|p2a: Toxapex|move: Protect\n|\n|-heal|p1a: Iron Treads|77\/100|[from] item: Leftovers\n|upkeep\n|turn|16\n|\n|t:|1698544568\n|move|p1a: Iron Treads|Volt Switch|p2a: Toxapex\n|-supereffective|p2a: Toxapex\n|-damage|p2a: Toxapex|68\/100\n|\n|t:|1698544583\n|-end|p1a: Iron Treads|Quark Drive|[silent]\n|switch|p1a: Aqua|Tauros-Paldea-Aqua, M|54\/100|[from] Volt Switch\n|-ability|p1a: Aqua|Intimidate|boost\n|-unboost|p2a: Toxapex|atk|1\n|move|p2a: Toxapex|Toxic|p1a: Aqua\n|-status|p1a: Aqua|tox\n|\n|-damage|p1a: Aqua|48\/100 tox|[from] psn\n|upkeep\n|turn|17\n|\n|t:|1698544595\n|switch|p1a: Iron Moth|Iron Moth|100\/100\n|-enditem|p1a: Iron Moth|Booster Energy\n|-activate|p1a: Iron Moth|ability: Quark Drive|[fromitem]\n|-start|p1a: Iron Moth|quarkdrivespe\n|move|p2a: Toxapex|Recover|p2a: Toxapex\n|-heal|p2a: Toxapex|100\/100\n|\n|upkeep\n|turn|18\n|\n|t:|1698544605\n|switch|p2a: Iron Hands|Iron Hands|88\/100\n|move|p1a: Iron Moth|Fiery Dance|p2a: Iron Hands\n|-damage|p2a: Iron Hands|60\/100\n|\n|-heal|p2a: Iron Hands|66\/100|[from] item: Leftovers\n|upkeep\n|turn|19\n|\n|t:|1698544617\n|-terastallize|p1a: Iron Moth|Grass\n|move|p1a: Iron Moth|Fiery Dance|p2a: Iron Hands\n|-damage|p2a: Iron Hands|41\/100\n|-boost|p1a: Iron Moth|spa|1\n|move|p2a: Iron Hands|Substitute|p2a: Iron Hands\n|-start|p2a: Iron Hands|Substitute\n|-damage|p2a: Iron Hands|16\/100\n|\n|-heal|p2a: Iron Hands|22\/100|[from] item: Leftovers\n|upkeep\n|turn|20\n|\n|t:|1698544629\n|move|p1a: Iron Moth|Dazzling Gleam|p2a: Iron Hands\n|-supereffective|p2a: Iron Hands\n|-end|p2a: Iron Hands|Substitute\n|move|p2a: Iron Hands|Drain Punch|p1a: Iron Moth\n|-damage|p1a: Iron Moth|52\/100\n|-heal|p2a: Iron Hands|36\/100|[from] drain|[of] p1a: Iron Moth\n|\n|-heal|p2a: Iron Hands|43\/100|[from] item: Leftovers\n|upkeep\n|turn|21\n|\n|t:|1698544641\n|move|p1a: Iron Moth|Dazzling Gleam|p2a: Iron Hands\n|-supereffective|p2a: Iron Hands\n|-damage|p2a: Iron Hands|0 fnt\n|faint|p2a: Iron Hands\n|-end|p2a: Iron Hands|Quark Drive|[silent]\n|\n|upkeep\n|\n|t:|1698544647\n|switch|p2a: Toxapex|Toxapex, M|100\/100\n|turn|22\n|\n|t:|1698544650\n|move|p1a: Iron Moth|Energy Ball|p2a: Toxapex\n|-damage|p2a: Toxapex|44\/100\n|move|p2a: Toxapex|Ice Spinner|p1a: Iron Moth\n|-supereffective|p1a: Iron Moth\n|-damage|p1a: Iron Moth|17\/100\n|\n|upkeep\n|turn|23\n|\n|t:|1698544663\n|move|p2a: Toxapex|Baneful Bunker|p2a: Toxapex\n|-singleturn|p2a: Toxapex|move: Protect\n|move|p1a: Iron Moth|Energy Ball|p2a: Toxapex\n|-activate|p2a: Toxapex|move: Protect\n|\n|upkeep\n|turn|24\n|\n|t:|1698544673\n|move|p1a: Iron Moth|Energy Ball|p2a: Toxapex\n|-damage|p2a: Toxapex|0 fnt\n|faint|p2a: Toxapex\n|\n|upkeep\n|\n|t:|1698544678\n|switch|p2a: Staraptor|Staraptor, M, tera:Flying|86\/100\n|turn|25\n|\n|t:|1698544683\n|move|p1a: Iron Moth|Sludge Wave|p2a: Staraptor\n|-damage|p2a: Staraptor|0 fnt\n|faint|p2a: Staraptor\n|\n|win|Willish6634\n|l|\u2606Lillyrosethedemon\n","uploadtime":1698544687,"views":10,"p1id":"willish6634","p2id":"lillyrosethedemon","formatid":"gen9ubers","rating":0,"private":0,"password":""}