{"id":"gen9ubers-1978890914","p1":"TheFlamingRepeater","p2":"liereng","format":"[Gen 9] Ubers","log":"|j|\u2606TheFlamingRepeater\n|j|\u2606liereng\n|t:|1698607078\n|gametype|singles\n|player|p1|TheFlamingRepeater|hugh|1219\n|player|p2|liereng|psychic-gen4|1126\n|teamsize|p1|6\n|teamsize|p2|6\n|gen|9\n|tier|[Gen 9] Ubers\n|rated|\n|rule|Sleep Clause Mod: Limit one foe put to sleep\n|rule|Species Clause: Limit one of each Pok\u00e9mon\n|rule|OHKO Clause: OHKO moves are banned\n|rule|Evasion Items Clause: Evasion items are banned\n|rule|Evasion Moves Clause: Evasion moves are banned\n|rule|Endless Battle Clause: Forcing endless battles is banned\n|rule|HP Percentage Mod: HP is shown in percentages\n|clearpoke\n|poke|p1|Gliscor, M|\n|poke|p1|Zacian-*|\n|poke|p1|Koraidon|\n|poke|p1|Miraidon|\n|poke|p1|Arceus-Fairy|\n|poke|p1|Flutter Mane|\n|poke|p2|Koraidon|\n|poke|p2|Miraidon|\n|poke|p2|Kyogre|\n|poke|p2|Calyrex-Ice|\n|poke|p2|Groudon|\n|poke|p2|Skeledirge, F|\n|teampreview\n|inactive|Battle timer is ON: inactive players will automatically lose when time's up. (requested by TheFlamingRepeater)\n|c|\u2606TheFlamingRepeater|gl hf\n|\n|t:|1698607088\n|start\n|switch|p1a: Landorus-Gargoyle|Gliscor, M|100\/100\n|switch|p2a: Groudon|Groudon|100\/100\n|-weather|SunnyDay|[from] ability: Drought|[of] p2a: Groudon\n|turn|1\n|\n|t:|1698607096\n|move|p1a: Landorus-Gargoyle|Toxic|p2a: Groudon\n|-status|p2a: Groudon|tox\n|move|p2a: Groudon|Stealth Rock|p1a: Landorus-Gargoyle\n|-sidestart|p1: TheFlamingRepeater|move: Stealth Rock\n|\n|-weather|SunnyDay|[upkeep]\n|-damage|p2a: Groudon|94\/100 tox|[from] psn\n|-status|p1a: Landorus-Gargoyle|tox|[from] item: Toxic Orb\n|upkeep\n|turn|2\n|\n|t:|1698607104\n|move|p1a: Landorus-Gargoyle|Spikes|p2a: Groudon\n|-sidestart|p2: liereng|Spikes\n|move|p2a: Groudon|Fire Punch|p1a: Landorus-Gargoyle\n|-damage|p1a: Landorus-Gargoyle|66\/100 tox\n|\n|-weather|SunnyDay|[upkeep]\n|-heal|p2a: Groudon|100\/100 tox|[from] item: Leftovers\n|-heal|p1a: Landorus-Gargoyle|78\/100 tox|[from] ability: Poison Heal\n|-damage|p2a: Groudon|88\/100 tox|[from] psn\n|upkeep\n|turn|3\n|\n|t:|1698607120\n|switch|p2a: Kyogre|Kyogre|100\/100\n|-damage|p2a: Kyogre|88\/100|[from] Spikes\n|-weather|RainDance|[from] ability: Drizzle|[of] p2a: Kyogre\n|move|p1a: Landorus-Gargoyle|Spikes|p2a: Kyogre\n|-sidestart|p2: liereng|Spikes\n|\n|-weather|RainDance|[upkeep]\n|-heal|p1a: Landorus-Gargoyle|91\/100 tox|[from] ability: Poison Heal\n|upkeep\n|turn|4\n|\n|t:|1698607130\n|-terastallize|p1a: Landorus-Gargoyle|Water\n|move|p2a: Kyogre|Water Spout|p1a: Landorus-Gargoyle\n|-resisted|p1a: Landorus-Gargoyle\n|-damage|p1a: Landorus-Gargoyle|15\/100 tox\n|move|p1a: Landorus-Gargoyle|Earthquake|p2a: Kyogre\n|-damage|p2a: Kyogre|50\/100\n|\n|-weather|RainDance|[upkeep]\n|-heal|p1a: Landorus-Gargoyle|28\/100 tox|[from] ability: Poison Heal\n|upkeep\n|turn|5\n|c|\u2606TheFlamingRepeater|damn\n|\n|t:|1698607144\n|move|p1a: Landorus-Gargoyle|Protect|p1a: Landorus-Gargoyle\n|-singleturn|p1a: Landorus-Gargoyle|Protect\n|move|p2a: Kyogre|Water Spout|p1a: Landorus-Gargoyle\n|-activate|p1a: Landorus-Gargoyle|move: Protect\n|\n|-weather|RainDance|[upkeep]\n|-heal|p1a: Landorus-Gargoyle|40\/100 tox|[from] ability: Poison Heal\n|upkeep\n|turn|6\n|\n|t:|1698607157\n|switch|p1a: Koraidon|Koraidon|100\/100\n|-damage|p1a: Koraidon|94\/100|[from] Stealth Rock\n|-weather|SunnyDay|[from] ability: Orichalcum Pulse|[of] p1a: Koraidon\n|-activate|p1a: Koraidon|Orichalcum Pulse|[source]\n|move|p2a: Kyogre|Water Spout|p1a: Koraidon\n|-resisted|p1a: Koraidon\n|-damage|p1a: Koraidon|84\/100\n|\n|-weather|SunnyDay|[upkeep]\n|upkeep\n|turn|7\n|\n|t:|1698607184\n|switch|p2a: Groudon|Groudon|88\/100 tox\n|-damage|p2a: Groudon|72\/100 tox|[from] Spikes\n|move|p1a: Koraidon|Low Kick|p2a: Groudon\n|-damage|p2a: Groudon|0 fnt\n|faint|p2a: Groudon\n|-damage|p1a: Koraidon|74\/100|[from] item: Life Orb\n|\n|-weather|SunnyDay|[upkeep]\n|upkeep\n|\n|t:|1698607197\n|switch|p2a: Calyrex|Calyrex-Ice|100\/100\n|-ability|p2a: Calyrex|As One\n|-ability|p2a: Calyrex|Unnerve\n|-damage|p2a: Calyrex|84\/100|[from] Spikes\n|turn|8\n|\n|t:|1698607215\n|-terastallize|p2a: Calyrex|Ground\n|move|p1a: Koraidon|Flare Blitz|p2a: Calyrex\n|-damage|p2a: Calyrex|14\/100\n|-status|p2a: Calyrex|brn\n|-damage|p1a: Koraidon|47\/100|[from] Recoil\n|-damage|p1a: Koraidon|37\/100|[from] item: Life Orb\n|move|p2a: Calyrex|Trick Room|p2a: Calyrex\n|-fieldstart|move: Trick Room|[of] p2a: Calyrex\n|\n|-weather|SunnyDay|[upkeep]\n|-damage|p2a: Calyrex|7\/100 brn|[from] brn\n|upkeep\n|turn|9\n|c|\u2606TheFlamingRepeater|100% skill burn\n|\n|t:|1698607230\n|move|p2a: Calyrex|Glacial Lance|p1a: Koraidon\n|-supereffective|p1a: Koraidon\n|-damage|p1a: Koraidon|0 fnt\n|faint|p1a: Koraidon\n|-ability|p2a: Calyrex|Chilling Neigh|boost\n|-boost|p2a: Calyrex|atk|1\n|\n|-weather|SunnyDay|[upkeep]\n|-damage|p2a: Calyrex|1\/100 brn|[from] brn\n|upkeep\n|\n|t:|1698607233\n|switch|p1a: Landorus-Gargoyle|Gliscor, M, tera:Water|40\/100 tox\n|-damage|p1a: Landorus-Gargoyle|28\/100 tox|[from] Stealth Rock\n|turn|10\n|\n|t:|1698607248\n|move|p1a: Landorus-Gargoyle|Protect|p1a: Landorus-Gargoyle\n|-singleturn|p1a: Landorus-Gargoyle|Protect\n|move|p2a: Calyrex|Trick Room|p2a: Calyrex\n|-fieldend|move: Trick Room\n|\n|-weather|none\n|-heal|p1a: Landorus-Gargoyle|40\/100 tox|[from] ability: Poison Heal\n|-damage|p2a: Calyrex|0 fnt|[from] brn\n|faint|p2a: Calyrex\n|upkeep\n|c|\u2606TheFlamingRepeater|wp\n|\n|t:|1698607256\n|switch|p2a: Miraidon|Miraidon|100\/100\n|-damage|p2a: Miraidon|84\/100|[from] Spikes\n|-fieldstart|move: Electric Terrain|[from] ability: Hadron Engine|[of] p2a: Miraidon\n|turn|11\n|\n|t:|1698607262\n|move|p2a: Miraidon|Dragon Pulse|p1a: Landorus-Gargoyle\n|-damage|p1a: Landorus-Gargoyle|0 fnt\n|faint|p1a: Landorus-Gargoyle\n|\n|upkeep\n|\n|t:|1698607265\n|switch|p1a: Zamazenta 2|Zacian-Crowned|100\/100\n|-damage|p1a: Zamazenta 2|94\/100|[from] Stealth Rock\n|-ability|p1a: Zamazenta 2|Intrepid Sword|boost\n|-boost|p1a: Zamazenta 2|atk|1\n|turn|12\n|\n|t:|1698607278\n|switch|p2a: Skeledirge|Skeledirge, F|100\/100\n|move|p1a: Zamazenta 2|Behemoth Blade|p2a: Skeledirge\n|-resisted|p2a: Skeledirge\n|-damage|p2a: Skeledirge|79\/100\n|\n|upkeep\n|turn|13\n|\n|t:|1698607287\n|switch|p1a: Miraidon|Miraidon|100\/100\n|-damage|p1a: Miraidon|88\/100|[from] Stealth Rock\n|-activate|p1a: Miraidon|ability: Hadron Engine\n|move|p2a: Skeledirge|Will-O-Wisp|p1a: Miraidon\n|-status|p1a: Miraidon|brn\n|\n|-damage|p1a: Miraidon|82\/100 brn|[from] brn\n|upkeep\n|turn|14\n|\n|t:|1698607302\n|switch|p2a: Koraidon|Koraidon|100\/100\n|-damage|p2a: Koraidon|84\/100|[from] Spikes\n|-weather|SunnyDay|[from] ability: Orichalcum Pulse|[of] p2a: Koraidon\n|-activate|p2a: Koraidon|Orichalcum Pulse|[source]\n|move|p1a: Miraidon|Draco Meteor|p2a: Koraidon\n|-supereffective|p2a: Koraidon\n|-crit|p2a: Koraidon\n|-damage|p2a: Koraidon|0 fnt\n|-unboost|p1a: Miraidon|spa|2\n|faint|p2a: Koraidon\n|\n|-weather|SunnyDay|[upkeep]\n|-damage|p1a: Miraidon|76\/100 brn|[from] brn\n|upkeep\n|\n|t:|1698607314\n|switch|p2a: Skeledirge|Skeledirge, F|79\/100\n|turn|15\n|\n|t:|1698607323\n|move|p1a: Miraidon|Draco Meteor|p2a: Skeledirge\n|-damage|p2a: Skeledirge|0 fnt\n|-unboost|p1a: Miraidon|spa|2\n|faint|p2a: Skeledirge\n|\n|-weather|SunnyDay|[upkeep]\n|-damage|p1a: Miraidon|70\/100 brn|[from] brn\n|-fieldend|move: Electric Terrain\n|upkeep\n|c|\u2606TheFlamingRepeater|rare unaware L\n|\n|t:|1698607338\n|switch|p2a: Kyogre|Kyogre|50\/100\n|-damage|p2a: Kyogre|34\/100|[from] Spikes\n|-weather|RainDance|[from] ability: Drizzle|[of] p2a: Kyogre\n|turn|16\n|\n|t:|1698607347\n|switch|p1a: Zamazenta 2|Zacian-Crowned|94\/100\n|-damage|p1a: Zamazenta 2|88\/100|[from] Stealth Rock\n|move|p2a: Kyogre|Ice Beam|p1a: Zamazenta 2\n|-resisted|p1a: Zamazenta 2\n|-damage|p1a: Zamazenta 2|73\/100\n|\n|-weather|RainDance|[upkeep]\n|upkeep\n|turn|17\n|\n|t:|1698607356\n|move|p2a: Kyogre|Ice Beam|p1a: Zamazenta 2\n|-resisted|p1a: Zamazenta 2\n|-damage|p1a: Zamazenta 2|55\/100\n|-status|p1a: Zamazenta 2|frz\n|cant|p1a: Zamazenta 2|frz\n|\n|-weather|RainDance|[upkeep]\n|upkeep\n|turn|18\n|c|\u2606TheFlamingRepeater|god damn it\n|\n|t:|1698607368\n|switch|p2a: Miraidon|Miraidon|84\/100\n|-damage|p2a: Miraidon|68\/100|[from] Spikes\n|-fieldstart|move: Electric Terrain|[from] ability: Hadron Engine|[of] p2a: Miraidon\n|cant|p1a: Zamazenta 2|frz\n|\n|-weather|RainDance|[upkeep]\n|upkeep\n|turn|19\n|\n|t:|1698607379\n|cant|p1a: Zamazenta 2|frz\n|move|p2a: Miraidon|Electro Drift|p1a: Zamazenta 2\n|-damage|p1a: Zamazenta 2|0 fnt\n|faint|p1a: Zamazenta 2\n|\n|-weather|RainDance|[upkeep]\n|upkeep\n|\n|t:|1698607384\n|switch|p1a: Arceus-Real|Arceus-Fairy|100\/100\n|-damage|p1a: Arceus-Real|88\/100|[from] Stealth Rock\n|turn|20\n|\n|t:|1698607388\n|move|p2a: Miraidon|Electro Drift|p1a: Arceus-Real\n|-damage|p1a: Arceus-Real|0 fnt\n|faint|p1a: Arceus-Real\n|\n|-weather|none\n|upkeep\n|\n|t:|1698607393\n|switch|p1a: Miraidon|Miraidon|70\/100 brn\n|-damage|p1a: Miraidon|57\/100 brn|[from] Stealth Rock\n|-activate|p1a: Miraidon|ability: Hadron Engine\n|turn|21\n|\n|t:|1698607398\n|switch|p2a: Kyogre|Kyogre|34\/100\n|-damage|p2a: Kyogre|17\/100|[from] Spikes\n|-weather|RainDance|[from] ability: Drizzle|[of] p2a: Kyogre\n|move|p1a: Miraidon|Draco Meteor|p2a: Kyogre\n|-damage|p2a: Kyogre|0 fnt\n|-unboost|p1a: Miraidon|spa|2\n|faint|p2a: Kyogre\n|\n|-weather|RainDance|[upkeep]\n|-damage|p1a: Miraidon|51\/100 brn|[from] brn\n|upkeep\n|\n|t:|1698607409\n|switch|p2a: Miraidon|Miraidon|68\/100\n|-damage|p2a: Miraidon|51\/100|[from] Spikes\n|-activate|p2a: Miraidon|ability: Hadron Engine\n|turn|22\n|\n|t:|1698607415\n|move|p2a: Miraidon|Electro Drift|p1a: Miraidon\n|-resisted|p1a: Miraidon\n|-damage|p1a: Miraidon|21\/100 brn\n|move|p1a: Miraidon|Draco Meteor|p2a: Miraidon\n|-supereffective|p2a: Miraidon\n|-damage|p2a: Miraidon|0 fnt\n|-unboost|p1a: Miraidon|spa|2\n|faint|p2a: Miraidon\n|\n|win|TheFlamingRepeater\n|raw|TheFlamingRepeater's rating: 1219 &rarr; <strong>1237<\/strong><br \/>(+18 for winning)\n|raw|liereng's rating: 1126 &rarr; <strong>1108<\/strong><br \/>(-18 for losing)\n|c|\u2606TheFlamingRepeater|gg\n|l|\u2606liereng\n","uploadtime":1698607430,"views":9,"p1id":"theflamingrepeater","p2id":"liereng","formatid":"gen9ubers","rating":1108,"private":0,"password":""}