{"id":"gen9ubers-1984062939","p1":"Nymmash","p2":"urimisu","format":"[Gen 9] Ubers","log":"|j|\u2606Nymmash\n|j|\u2606urimisu\n|t:|1699214832\n|gametype|singles\n|player|p1|Nymmash|266|\n|player|p2|urimisu|2|\n|teamsize|p1|6\n|teamsize|p2|6\n|gen|9\n|tier|[Gen 9] Ubers\n|rule|Sleep Clause Mod: Limit one foe put to sleep\n|rule|Species Clause: Limit one of each Pok\u00e9mon\n|rule|OHKO Clause: OHKO moves are banned\n|rule|Evasion Items Clause: Evasion items are banned\n|rule|Evasion Moves Clause: Evasion moves are banned\n|rule|Endless Battle Clause: Forcing endless battles is banned\n|rule|HP Percentage Mod: HP is shown in percentages\n|clearpoke\n|poke|p1|Roaring Moon|\n|poke|p1|Ursaluna-Bloodmoon, M|\n|poke|p1|Ninetales-Alola, F|\n|poke|p1|Glimmora, M|\n|poke|p1|Empoleon, F|\n|poke|p1|Alomomola, M|\n|poke|p2|Sylveon, M|\n|poke|p2|Shaymin|\n|poke|p2|Chansey, F|\n|poke|p2|Rotom-Frost|\n|poke|p2|Clodsire, F|\n|poke|p2|Espeon, M|\n|teampreview\n|\n|t:|1699214848\n|start\n|switch|p1a: Glimmora|Glimmora, M|100\/100\n|switch|p2a: Espeon|Espeon, M|100\/100\n|turn|1\n|\n|t:|1699214863\n|move|p2a: Espeon|Psychic Fangs|p1a: Glimmora\n|-supereffective|p1a: Glimmora\n|-damage|p1a: Glimmora|54\/100\n|-activate|p1a: Glimmora|ability: Toxic Debris\n|-sidestart|p2: urimisu|move: Toxic Spikes\n|move|p1a: Glimmora|Stealth Rock|p2a: Espeon\n|move|p2a: Espeon|Stealth Rock|p1a: Glimmora|[from]ability: Magic Bounce\n|-sidestart|p1: Nymmash|move: Stealth Rock\n|\n|upkeep\n|turn|2\n|\n|t:|1699214877\n|move|p2a: Espeon|Psychic Fangs|p1a: Glimmora\n|-supereffective|p1a: Glimmora\n|-damage|p1a: Glimmora|10\/100\n|-activate|p1a: Glimmora|ability: Toxic Debris\n|-sidestart|p2: urimisu|move: Toxic Spikes\n|move|p1a: Glimmora|Mortal Spin|p2a: Espeon\n|-damage|p2a: Espeon|89\/100\n|-status|p2a: Espeon|psn\n|-sideend|p1: Nymmash|Stealth Rock|[from] move: Mortal Spin|[of] p1a: Glimmora\n|\n|-damage|p2a: Espeon|77\/100 psn|[from] psn\n|upkeep\n|turn|3\n|\n|t:|1699214891\n|move|p2a: Espeon|Psychic Fangs|p1a: Glimmora\n|-supereffective|p1a: Glimmora\n|-damage|p1a: Glimmora|0 fnt\n|faint|p1a: Glimmora\n|\n|-damage|p2a: Espeon|65\/100 psn|[from] psn\n|upkeep\n|\n|t:|1699214898\n|switch|p1a: Roaring Moon|Roaring Moon|100\/100\n|-enditem|p1a: Roaring Moon|Booster Energy\n|-activate|p1a: Roaring Moon|ability: Protosynthesis|[fromitem]\n|-start|p1a: Roaring Moon|protosynthesisatk\n|turn|4\n|\n|t:|1699214912\n|move|p1a: Roaring Moon|Dragon Dance|p1a: Roaring Moon\n|-boost|p1a: Roaring Moon|atk|1\n|-boost|p1a: Roaring Moon|spe|1\n|move|p2a: Espeon|Psychic Fangs|p1a: Roaring Moon\n|-immune|p1a: Roaring Moon\n|\n|-damage|p2a: Espeon|53\/100 psn|[from] psn\n|upkeep\n|turn|5\n|\n|t:|1699214956\n|switch|p2a: Sylveon|Sylveon, M|100\/100\n|-status|p2a: Sylveon|tox\n|move|p1a: Roaring Moon|Earthquake|p2a: Sylveon\n|-damage|p2a: Sylveon|0 fnt\n|faint|p2a: Sylveon\n|\n|upkeep\n|\n|t:|1699214969\n|switch|p2a: Rotom|Rotom-Frost|100\/100\n|turn|6\n|\n|t:|1699214979\n|move|p1a: Roaring Moon|Acrobatics|p2a: Rotom\n|-resisted|p2a: Rotom\n|-damage|p2a: Rotom|44\/100\n|move|p2a: Rotom|Thunderbolt|p1a: Roaring Moon\n|-resisted|p1a: Roaring Moon\n|-damage|p1a: Roaring Moon|82\/100\n|\n|upkeep\n|turn|7\n|\n|t:|1699214987\n|move|p1a: Roaring Moon|Acrobatics|p2a: Rotom\n|-resisted|p2a: Rotom\n|-damage|p2a: Rotom|0 fnt\n|faint|p2a: Rotom\n|\n|upkeep\n|\n|t:|1699214992\n|switch|p2a: Chansey|Chansey, F|100\/100\n|-status|p2a: Chansey|tox\n|turn|8\n|\n|t:|1699214997\n|move|p1a: Roaring Moon|Dragon Dance|p1a: Roaring Moon\n|-boost|p1a: Roaring Moon|atk|1\n|-boost|p1a: Roaring Moon|spe|1\n|move|p2a: Chansey|Seismic Toss|p1a: Roaring Moon\n|-damage|p1a: Roaring Moon|53\/100\n|\n|-damage|p2a: Chansey|94\/100 tox|[from] psn\n|upkeep\n|turn|9\n|\n|t:|1699215009\n|move|p1a: Roaring Moon|Earthquake|p2a: Chansey\n|-damage|p2a: Chansey|34\/100 tox\n|move|p2a: Chansey|Seismic Toss|p1a: Roaring Moon\n|-damage|p1a: Roaring Moon|25\/100\n|\n|-damage|p2a: Chansey|22\/100 tox|[from] psn\n|upkeep\n|turn|10\n|\n|t:|1699215018\n|move|p1a: Roaring Moon|Earthquake|p2a: Chansey\n|-damage|p2a: Chansey|0 fnt\n|faint|p2a: Chansey\n|\n|upkeep\n|\n|t:|1699215023\n|switch|p2a: Espeon|Espeon, M|53\/100 psn\n|turn|11\n|\n|t:|1699215033\n|move|p1a: Roaring Moon|Earthquake|p2a: Espeon\n|-damage|p2a: Espeon|0 fnt\n|faint|p2a: Espeon\n|\n|upkeep\n|\n|t:|1699215037\n|switch|p2a: Shaymin|Shaymin|100\/100\n|turn|12\n|c|\u2606urimisu|i do not like ur bird dragon\n|\n|t:|1699215053\n|move|p1a: Roaring Moon|Acrobatics|p2a: Shaymin\n|-supereffective|p2a: Shaymin\n|-damage|p2a: Shaymin|0 fnt\n|faint|p2a: Shaymin\n|\n|upkeep\n|\n|t:|1699215057\n|switch|p2a: Clodsire|Clodsire, F|100\/100\n|-sideend|p2: urimisu|move: Toxic Spikes|[of] p2a: Clodsire\n|turn|13\n|\n|t:|1699215061\n|move|p1a: Roaring Moon|Earthquake|p2a: Clodsire\n|-supereffective|p2a: Clodsire\n|-damage|p2a: Clodsire|3\/100\n|move|p2a: Clodsire|Toxic|p1a: Roaring Moon\n|-status|p1a: Roaring Moon|tox\n|\n|-heal|p2a: Clodsire|9\/100|[from] item: Leftovers\n|-damage|p1a: Roaring Moon|19\/100 tox|[from] psn\n|upkeep\n|turn|14\n|\n|t:|1699215072\n|move|p1a: Roaring Moon|Earthquake|p2a: Clodsire\n|-supereffective|p2a: Clodsire\n|-damage|p2a: Clodsire|0 fnt\n|faint|p2a: Clodsire\n|\n|win|Nymmash\n","uploadtime":1699215078,"views":3,"p1id":"nymmash","p2id":"urimisu","formatid":"gen9ubers","rating":0,"private":0,"password":""}