{"id":"gen9ubers-1984312498","p1":"lawlz13","p2":"Tatsugiri god","format":"[Gen 9] Ubers","log":"|j|\u2606lawlz13\n|j|\u2606Tatsugiri god\n|t:|1699242311\n|gametype|singles\n|player|p1|lawlz13|steven|1104\n|player|p2|Tatsugiri god|psychicf|1088\n|teamsize|p1|6\n|teamsize|p2|6\n|gen|9\n|tier|[Gen 9] Ubers\n|rated|\n|rule|Sleep Clause Mod: Limit one foe put to sleep\n|rule|Species Clause: Limit one of each Pok\u00e9mon\n|rule|OHKO Clause: OHKO moves are banned\n|rule|Evasion Items Clause: Evasion items are banned\n|rule|Evasion Moves Clause: Evasion moves are banned\n|rule|Endless Battle Clause: Forcing endless battles is banned\n|rule|HP Percentage Mod: HP is shown in percentages\n|clearpoke\n|poke|p1|Flutter Mane|\n|poke|p1|Kyogre|\n|poke|p1|Arceus|\n|poke|p1|Landorus, M|\n|poke|p1|Eternatus|\n|poke|p1|Samurott-Hisui, M|\n|poke|p2|Clodsire, M|\n|poke|p2|Sunkern, M|\n|poke|p2|Eevee, F|\n|poke|p2|Kilowattrel, F|\n|poke|p2|Dragonite, M|\n|poke|p2|Lucario, F|\n|teampreview\n|\n|t:|1699242315\n|start\n|switch|p1a: Samurott|Samurott-Hisui, M|100\/100\n|switch|p2a: Colonel kern|Sunkern, M, shiny|100\/100\n|turn|1\n|\n|t:|1699242328\n|move|p1a: Samurott|Sacred Sword|p2a: Colonel kern\n|-enditem|p2a: Colonel kern|Focus Sash\n|-damage|p2a: Colonel kern|1\/100\n|move|p2a: Colonel kern|Endeavor|p1a: Samurott\n|-damage|p1a: Samurott|1\/100\n|\n|upkeep\n|turn|2\n|\n|t:|1699242339\n|move|p2a: Colonel kern|Protect|p2a: Colonel kern\n|-singleturn|p2a: Colonel kern|Protect\n|move|p1a: Samurott|Sacred Sword|p2a: Colonel kern\n|-activate|p2a: Colonel kern|move: Protect\n|\n|upkeep\n|turn|3\n|\n|t:|1699242347\n|move|p2a: Colonel kern|Endure|p2a: Colonel kern\n|-singleturn|p2a: Colonel kern|move: Endure\n|move|p1a: Samurott|Sacred Sword|p2a: Colonel kern\n|-activate|p2a: Colonel kern|move: Endure\n|-damage|p2a: Colonel kern|1\/100\n|\n|upkeep\n|turn|4\n|\n|t:|1699242358\n|move|p1a: Samurott|Sacred Sword|p2a: Colonel kern\n|-damage|p2a: Colonel kern|0 fnt\n|faint|p2a: Colonel kern\n|\n|upkeep\n|\n|t:|1699242364\n|switch|p2a: Janitor v2|Lucario, F, shiny|100\/100\n|turn|5\n|\n|t:|1699242368\n|move|p2a: Janitor v2|Vacuum Wave|p1a: Samurott\n|-supereffective|p1a: Samurott\n|-damage|p1a: Samurott|0 fnt\n|faint|p1a: Samurott\n|\n|upkeep\n|\n|t:|1699242374\n|switch|p1a: Landorus|Landorus, M|100\/100\n|turn|6\n|\n|t:|1699242383\n|move|p2a: Janitor v2|Extreme Speed|p1a: Landorus\n|-damage|p1a: Landorus|74\/100\n|move|p1a: Landorus|Nasty Plot|p1a: Landorus\n|-boost|p1a: Landorus|spa|2\n|\n|upkeep\n|turn|7\n|\n|t:|1699242392\n|move|p2a: Janitor v2|Extreme Speed|p1a: Landorus\n|-damage|p1a: Landorus|47\/100\n|move|p1a: Landorus|Earth Power|p2a: Janitor v2\n|-supereffective|p2a: Janitor v2\n|-damage|p2a: Janitor v2|0 fnt\n|faint|p2a: Janitor v2\n|\n|upkeep\n|\n|t:|1699242397\n|switch|p2a: Seagull|Kilowattrel, F, shiny|100\/100\n|turn|8\n|\n|t:|1699242406\n|move|p2a: Seagull|Endeavor|p1a: Landorus\n|-immune|p1a: Landorus\n|move|p1a: Landorus|Stone Edge|p2a: Seagull\n|-supereffective|p2a: Seagull\n|-enditem|p2a: Seagull|Focus Sash\n|-damage|p2a: Seagull|1\/100\n|-damage|p1a: Landorus|37\/100|[from] item: Life Orb\n|\n|upkeep\n|turn|9\n|\n|t:|1699242417\n|move|p2a: Seagull|Protect|p2a: Seagull\n|-singleturn|p2a: Seagull|Protect\n|move|p1a: Landorus|Stone Edge|p2a: Seagull\n|-activate|p2a: Seagull|move: Protect\n|\n|upkeep\n|turn|10\n|\n|t:|1699242422\n|move|p2a: Seagull|Endeavor|p1a: Landorus\n|-damage|p1a: Landorus|1\/100\n|move|p1a: Landorus|Stone Edge|p2a: Seagull|[miss]\n|-miss|p1a: Landorus|p2a: Seagull\n|\n|upkeep\n|turn|11\n|\n|t:|1699242428\n|move|p2a: Seagull|Quick Attack|p1a: Landorus\n|-damage|p1a: Landorus|0 fnt\n|faint|p1a: Landorus\n|\n|upkeep\n|\n|t:|1699242434\n|switch|p1a: Arceus|Arceus|100\/100\n|turn|12\n|\n|t:|1699242437\n|move|p2a: Seagull|Endeavor|p1a: Arceus\n|-damage|p1a: Arceus|1\/100\n|move|p1a: Arceus|Swords Dance|p1a: Arceus\n|-boost|p1a: Arceus|atk|2\n|\n|upkeep\n|turn|13\n|\n|t:|1699242443\n|move|p1a: Arceus|Extreme Speed|p2a: Seagull\n|-damage|p2a: Seagull|0 fnt\n|faint|p2a: Seagull\n|\n|upkeep\n|\n|t:|1699242446\n|switch|p2a: The janitor|Dragonite, M, shiny|100\/100\n|turn|14\n|\n|t:|1699242451\n|move|p1a: Arceus|Extreme Speed|p2a: The janitor\n|-damage|p2a: The janitor|49\/100\n|move|p2a: The janitor|Extreme Speed|p1a: Arceus\n|-damage|p1a: Arceus|0 fnt\n|faint|p1a: Arceus\n|\n|upkeep\n|\n|t:|1699242461\n|switch|p1a: Kyogre|Kyogre|100\/100\n|-weather|RainDance|[from] ability: Drizzle|[of] p1a: Kyogre\n|turn|15\n|\n|t:|1699242467\n|-terastallize|p2a: The janitor|Normal\n|move|p2a: The janitor|Extreme Speed|p1a: Kyogre\n|-damage|p1a: Kyogre|48\/100\n|move|p1a: Kyogre|Ice Beam|p2a: The janitor\n|-damage|p2a: The janitor|27\/100\n|\n|-weather|RainDance|[upkeep]\n|upkeep\n|turn|16\n|\n|t:|1699242476\n|move|p2a: The janitor|Extreme Speed|p1a: Kyogre\n|-damage|p1a: Kyogre|0 fnt\n|faint|p1a: Kyogre\n|\n|-weather|RainDance|[upkeep]\n|upkeep\n|\n|t:|1699242482\n|switch|p1a: Eternatus|Eternatus|100\/100\n|-ability|p1a: Eternatus|Pressure\n|turn|17\n|\n|t:|1699242489\n|move|p2a: The janitor|Extreme Speed|p1a: Eternatus\n|-damage|p1a: Eternatus|60\/100\n|move|p1a: Eternatus|Dynamax Cannon|p2a: The janitor\n|-damage|p2a: The janitor|0 fnt\n|faint|p2a: The janitor\n|\n|-weather|RainDance|[upkeep]\n|upkeep\n|\n|t:|1699242493\n|switch|p2a: Shiela|Eevee, F, shiny|100\/100\n|turn|18\n|\n|t:|1699242499\n|move|p2a: Shiela|Protect|p2a: Shiela\n|-singleturn|p2a: Shiela|Protect\n|move|p1a: Eternatus|Dynamax Cannon|p2a: Shiela\n|-activate|p2a: Shiela|move: Protect\n|\n|-weather|RainDance|[upkeep]\n|upkeep\n|turn|19\n|\n|t:|1699242506\n|move|p1a: Eternatus|Dynamax Cannon|p2a: Shiela\n|-damage|p2a: Shiela|58\/100\n|move|p2a: Shiela|Roar|p1a: Eternatus\n|drag|p1a: Flutter Mane|Flutter Mane|100\/100\n|-enditem|p1a: Flutter Mane|Booster Energy\n|-activate|p1a: Flutter Mane|ability: Protosynthesis|[fromitem]\n|-start|p1a: Flutter Mane|protosynthesisspe\n|\n|-weather|none\n|upkeep\n|turn|20\n|\n|t:|1699242517\n|move|p1a: Flutter Mane|Calm Mind|p1a: Flutter Mane\n|-boost|p1a: Flutter Mane|spa|1\n|-boost|p1a: Flutter Mane|spd|1\n|move|p2a: Shiela|Roar|p1a: Flutter Mane\n|-end|p1a: Flutter Mane|Protosynthesis|[silent]\n|drag|p1a: Eternatus|Eternatus|60\/100\n|-ability|p1a: Eternatus|Pressure\n|\n|upkeep\n|turn|21\n|\n|t:|1699242525\n|move|p2a: Shiela|Quick Attack|p1a: Eternatus\n|-damage|p1a: Eternatus|50\/100\n|move|p1a: Eternatus|Sludge Bomb|p2a: Shiela\n|-damage|p2a: Shiela|17\/100\n|\n|upkeep\n|turn|22\n|\n|t:|1699242530\n|move|p2a: Shiela|Protect|p2a: Shiela\n|-singleturn|p2a: Shiela|Protect\n|move|p1a: Eternatus|Sludge Bomb|p2a: Shiela\n|-activate|p2a: Shiela|move: Protect\n|\n|upkeep\n|turn|23\n|\n|t:|1699242537\n|move|p2a: Shiela|Quick Attack|p1a: Eternatus\n|-damage|p1a: Eternatus|39\/100\n|move|p1a: Eternatus|Sludge Bomb|p2a: Shiela\n|-damage|p2a: Shiela|0 fnt\n|faint|p2a: Shiela\n|\n|upkeep\n|\n|t:|1699242540\n|switch|p2a: King clod|Clodsire, M, shiny|100\/100\n|turn|24\n|\n|t:|1699242554\n|move|p1a: Eternatus|Dynamax Cannon|p2a: King clod\n|-damage|p2a: King clod|73\/100\n|move|p2a: King clod|High Horsepower|p1a: Eternatus\n|-supereffective|p1a: Eternatus\n|-damage|p1a: Eternatus|0 fnt\n|faint|p1a: Eternatus\n|\n|upkeep\n|\n|t:|1699242561\n|switch|p1a: Flutter Mane|Flutter Mane|100\/100\n|turn|25\n|\n|t:|1699242575\n|move|p1a: Flutter Mane|Calm Mind|p1a: Flutter Mane\n|-boost|p1a: Flutter Mane|spa|1\n|-boost|p1a: Flutter Mane|spd|1\n|move|p2a: King clod|Iron Head|p1a: Flutter Mane\n|-supereffective|p1a: Flutter Mane\n|-damage|p1a: Flutter Mane|14\/100\n|\n|upkeep\n|turn|26\n|\n|t:|1699242583\n|move|p1a: Flutter Mane|Moonblast|p2a: King clod\n|-resisted|p2a: King clod\n|-damage|p2a: King clod|54\/100\n|move|p2a: King clod|Iron Head|p1a: Flutter Mane\n|-supereffective|p1a: Flutter Mane\n|-damage|p1a: Flutter Mane|0 fnt\n|faint|p1a: Flutter Mane\n|-end|p1a: Flutter Mane|Protosynthesis|[silent]\n|\n|win|Tatsugiri god\n|raw|lawlz13's rating: 1104 &rarr; <strong>1078<\/strong><br \/>(-26 for losing)\n|raw|Tatsugiri god's rating: 1088 &rarr; <strong>1116<\/strong><br \/>(+28 for winning)\n|l|\u2606lawlz13\n","uploadtime":1699242594,"views":5,"p1id":"lawlz13","p2id":"tatsugirigod","formatid":"gen9ubers","rating":1078,"private":0,"password":""}