{"id":"gen9ubers-1969502953","p1":"dumpy lump","p2":"XpokVEVO","format":"[Gen 9] Ubers","log":"|j|\u2606dumpy lump\n|j|\u2606XpokVEVO\n|t:|1697540732\n|gametype|singles\n|player|p1|dumpy lump|volo|\n|player|p2|XpokVEVO|marshal|\n|teamsize|p1|6\n|teamsize|p2|6\n|gen|9\n|tier|[Gen 9] Ubers\n|rule|Sleep Clause Mod: Limit one foe put to sleep\n|rule|Species Clause: Limit one of each Pok\u00e9mon\n|rule|OHKO Clause: OHKO moves are banned\n|rule|Evasion Items Clause: Evasion items are banned\n|rule|Evasion Moves Clause: Evasion moves are banned\n|rule|Endless Battle Clause: Forcing endless battles is banned\n|rule|HP Percentage Mod: HP is shown in percentages\n|clearpoke\n|poke|p1|Azumarill, F|\n|poke|p1|Garchomp, M|\n|poke|p1|Chi-Yu|\n|poke|p1|Palkia-Origin|\n|poke|p1|Magearna|\n|poke|p1|Cyclizar, M|\n|poke|p2|Arceus-Fire|\n|poke|p2|Shaymin-Sky|\n|poke|p2|Cyclizar, F|\n|poke|p2|Espathra, F|\n|poke|p2|Magearna|\n|poke|p2|Rillaboom, M|\n|teampreview\n|\n|t:|1697540742\n|start\n|switch|p1a: Magearna|Magearna|100\/100\n|switch|p2a: Akira|Cyclizar, F|100\/100\n|turn|1\n|\n|t:|1697540757\n|move|p2a: Akira|Shed Tail|p2a: Akira\n|-start|p2a: Akira|Substitute|[from] move: Shed Tail\n|-damage|p2a: Akira|50\/100\n|\n|t:|1697540764\n|switch|p2a: Arceus-Fight\u0131ng|Arceus-Fire, shiny|100\/100|[from] Shed Tail\n|move|p1a: Magearna|Trick||[still]\n|-fail|p1a: Magearna\n|\n|upkeep\n|turn|2\n|c|\u2606dumpy lump|the return of arceus fighting\n|\n|t:|1697540792\n|switch|p1a: Garchomp|Garchomp, M|100\/100\n|move|p2a: Arceus-Fight\u0131ng|Dragon Dance|p2a: Arceus-Fight\u0131ng\n|-boost|p2a: Arceus-Fight\u0131ng|atk|1\n|-boost|p2a: Arceus-Fight\u0131ng|spe|1\n|\n|upkeep\n|turn|3\n|\n|t:|1697540797\n|-terastallize|p2a: Arceus-Fight\u0131ng|Fairy\n|move|p2a: Arceus-Fight\u0131ng|Dragon Dance|p2a: Arceus-Fight\u0131ng\n|-boost|p2a: Arceus-Fight\u0131ng|atk|1\n|-boost|p2a: Arceus-Fight\u0131ng|spe|1\n|move|p1a: Garchomp|Earthquake|p2a: Arceus-Fight\u0131ng\n|-end|p2a: Arceus-Fight\u0131ng|Substitute\n|\n|upkeep\n|turn|4\n|\n|t:|1697540803\n|-terastallize|p1a: Garchomp|Steel\n|move|p2a: Arceus-Fight\u0131ng|Tera Blast|p1a: Garchomp|[anim] Tera Blast Fairy\n|-resisted|p1a: Garchomp\n|-damage|p1a: Garchomp|61\/100\n|move|p1a: Garchomp|Swords Dance|p1a: Garchomp\n|-boost|p1a: Garchomp|atk|2\n|\n|upkeep\n|turn|5\n|c|\u2606dumpy lump|misclick moment\n|\n|t:|1697540834\n|switch|p1a: Cyclizar|Cyclizar, M|100\/100\n|move|p2a: Arceus-Fight\u0131ng|Dragon Dance|p2a: Arceus-Fight\u0131ng\n|-boost|p2a: Arceus-Fight\u0131ng|atk|1\n|-boost|p2a: Arceus-Fight\u0131ng|spe|1\n|\n|upkeep\n|turn|6\n|\n|t:|1697540840\n|move|p2a: Arceus-Fight\u0131ng|Tera Blast|p1a: Cyclizar|[anim] Tera Blast Fairy\n|-supereffective|p1a: Cyclizar\n|-damage|p1a: Cyclizar|0 fnt\n|faint|p1a: Cyclizar\n|\n|upkeep\n|\n|t:|1697540857\n|switch|p1a: Chi-Yu|Chi-Yu|100\/100\n|-ability|p1a: Chi-Yu|Beads of Ruin\n|turn|7\n|\n|t:|1697540894\n|move|p2a: Arceus-Fight\u0131ng|Flare Blitz|p1a: Chi-Yu\n|-resisted|p1a: Chi-Yu\n|-damage|p1a: Chi-Yu|0 fnt\n|faint|p1a: Chi-Yu\n|-damage|p2a: Arceus-Fight\u0131ng|79\/100|[from] Recoil\n|\n|upkeep\n|\n|t:|1697540906\n|switch|p1a: Azumarill|Azumarill, F, shiny|100\/100\n|turn|8\n|\n|t:|1697540912\n|move|p2a: Arceus-Fight\u0131ng|Tera Blast|p1a: Azumarill|[anim] Tera Blast Fairy\n|-damage|p1a: Azumarill|5\/100\n|move|p1a: Azumarill|Liquidation|p2a: Arceus-Fight\u0131ng\n|-damage|p2a: Arceus-Fight\u0131ng|35\/100\n|\n|upkeep\n|turn|9\n|\n|t:|1697540920\n|move|p1a: Azumarill|Aqua Jet|p2a: Arceus-Fight\u0131ng\n|-damage|p2a: Arceus-Fight\u0131ng|16\/100\n|move|p2a: Arceus-Fight\u0131ng|Tera Blast|p1a: Azumarill|[anim] Tera Blast Fairy\n|-damage|p1a: Azumarill|0 fnt\n|faint|p1a: Azumarill\n|\n|upkeep\n|\n|t:|1697540931\n|switch|p1a: Palkia|Palkia-Origin|100\/100\n|-ability|p1a: Palkia|Pressure\n|turn|10\n|\n|t:|1697540938\n|move|p2a: Arceus-Fight\u0131ng|Tera Blast|p1a: Palkia|[anim] Tera Blast Fairy\n|-supereffective|p1a: Palkia\n|-damage|p1a: Palkia|0 fnt\n|faint|p1a: Palkia\n|\n|upkeep\n|\n|t:|1697540941\n|switch|p1a: Garchomp|Garchomp, M, tera:Steel|61\/100\n|turn|11\n|\n|t:|1697540947\n|move|p2a: Arceus-Fight\u0131ng|Flare Blitz|p1a: Garchomp\n|-supereffective|p1a: Garchomp\n|-damage|p1a: Garchomp|0 fnt\n|-damage|p2a: Arceus-Fight\u0131ng|4\/100|[from] ability: Rough Skin|[of] p1a: Garchomp\n|faint|p1a: Garchomp\n|-damage|p2a: Arceus-Fight\u0131ng|0 fnt|[from] Recoil\n|faint|p2a: Arceus-Fight\u0131ng\n|\n|upkeep\n|\n|t:|1697540975\n|switch|p2a: Sonic|Shaymin-Sky, shiny|100\/100\n|switch|p1a: Magearna|Magearna|100\/100\n|turn|12\n|\n|t:|1697540985\n|move|p2a: Sonic|Earth Power|p1a: Magearna\n|-supereffective|p1a: Magearna\n|-damage|p1a: Magearna|55\/100\n|-damage|p2a: Sonic|91\/100|[from] item: Life Orb\n|move|p1a: Magearna|Trick|p2a: Sonic\n|-activate|p1a: Magearna|move: Trick|[of] p2a: Sonic\n|-item|p2a: Sonic|Choice Scarf|[from] move: Trick\n|-item|p1a: Magearna|Life Orb|[from] move: Trick\n|\n|upkeep\n|turn|13\n|\n|t:|1697540995\n|move|p2a: Sonic|Earth Power|p1a: Magearna\n|-supereffective|p1a: Magearna\n|-damage|p1a: Magearna|18\/100\n|move|p1a: Magearna|Fleur Cannon|p2a: Sonic|[miss]\n|-miss|p1a: Magearna|p2a: Sonic\n|\n|upkeep\n|turn|14\n|c|\u2606dumpy lump|man\n|c|\u2606dumpy lump|gg\n|\n|t:|1697541016\n|move|p2a: Sonic|Earth Power|p1a: Magearna\n|-supereffective|p1a: Magearna\n|-damage|p1a: Magearna|0 fnt\n|faint|p1a: Magearna\n|\n|win|XpokVEVO\n|l|\u2606dumpy lump\n","uploadtime":1697541024,"views":15,"p1id":"dumpylump","p2id":"xpokvevo","formatid":"gen9ubers","rating":0,"private":0,"password":""}