{"id":"gen9ubers-1968996710","p1":"CommanderWasp","p2":"PTKmoekyuun","format":"[Gen 9] Ubers","log":"|j|\u2606CommanderWasp\n|j|\u2606PTKmoekyuun\n|t:|1697481486\n|gametype|singles\n|player|p1|CommanderWasp|swimmer-gen4dp|\n|player|p2|PTKmoekyuun|skierf|\n|teamsize|p1|6\n|teamsize|p2|6\n|gen|9\n|tier|[Gen 9] Ubers\n|rule|Sleep Clause Mod: Limit one foe put to sleep\n|rule|Species Clause: Limit one of each Pok\u00e9mon\n|rule|OHKO Clause: OHKO moves are banned\n|rule|Evasion Items Clause: Evasion items are banned\n|rule|Evasion Moves Clause: Evasion moves are banned\n|rule|Endless Battle Clause: Forcing endless battles is banned\n|rule|HP Percentage Mod: HP is shown in percentages\n|clearpoke\n|poke|p1|Arceus-Dark|\n|poke|p1|Iron Moth|\n|poke|p1|Magearna|\n|poke|p1|Palkia-Origin|\n|poke|p1|Cyclizar, M|\n|poke|p1|Zacian-*|\n|poke|p2|Darkrai|\n|poke|p2|Arcanine-Hisui, M|\n|poke|p2|Empoleon, M|\n|poke|p2|Magearna|\n|poke|p2|Shaymin-Sky|\n|poke|p2|Moltres|\n|teampreview\n|inactive|Battle timer is ON: inactive players will automatically lose when time's up. (requested by CommanderWasp)\n|\n|t:|1697481506\n|start\n|switch|p1a: Iron Moth|Iron Moth|100\/100\n|switch|p2a: Darkrai|Darkrai|100\/100\n|turn|1\n|\n|t:|1697481525\n|switch|p2a: Empoleon|Empoleon, M|100\/100\n|-end|p1a: Iron Moth|Quark Drive|[silent]\n|switch|p1a: Arceus|Arceus-Dark|100\/100\n|\n|upkeep\n|turn|2\n|\n|t:|1697481530\n|move|p1a: Arceus|Taunt|p2a: Empoleon\n|-start|p2a: Empoleon|move: Taunt\n|move|p2a: Empoleon|Flip Turn|p1a: Arceus\n|-damage|p1a: Arceus|91\/100\n|\n|t:|1697481540\n|switch|p2a: Arcanine|Arcanine-Hisui, M|100\/100|[from] Flip Turn\n|\n|upkeep\n|turn|3\n|\n|t:|1697481546\n|move|p2a: Arcanine|Stealth Rock|p1a: Arceus\n|-sidestart|p1: CommanderWasp|move: Stealth Rock\n|move|p1a: Arceus|Recover|p1a: Arceus\n|-heal|p1a: Arceus|100\/100\n|\n|upkeep\n|turn|4\n|\n|t:|1697481554\n|move|p2a: Arcanine|Flare Blitz|p1a: Arceus\n|-damage|p1a: Arceus|70\/100\n|move|p1a: Arceus|Taunt|p2a: Arcanine\n|-start|p2a: Arcanine|move: Taunt\n|\n|upkeep\n|turn|5\n|\n|t:|1697481556\n|move|p2a: Arcanine|Head Smash|p1a: Arceus\n|-damage|p1a: Arceus|37\/100\n|move|p1a: Arceus|Recover|p1a: Arceus\n|-heal|p1a: Arceus|87\/100\n|\n|upkeep\n|turn|6\n|\n|t:|1697481564\n|switch|p2a: Magearna|Magearna|100\/100\n|move|p1a: Arceus|Foul Play|p2a: Magearna\n|-resisted|p2a: Magearna\n|-damage|p2a: Magearna|88\/100\n|\n|-heal|p2a: Magearna|94\/100|[from] item: Leftovers\n|upkeep\n|turn|7\n|\n|t:|1697481568\n|move|p1a: Arceus|Will-O-Wisp|p2a: Magearna\n|-status|p2a: Magearna|brn\n|move|p2a: Magearna|Fleur Cannon|p1a: Arceus\n|-supereffective|p1a: Arceus\n|-crit|p1a: Arceus\n|-damage|p1a: Arceus|0 fnt\n|-unboost|p2a: Magearna|spa|2\n|faint|p1a: Arceus\n|-ability|p2a: Magearna|Soul-Heart|boost\n|-boost|p2a: Magearna|spa|1\n|\n|-heal|p2a: Magearna|100\/100 brn|[from] item: Leftovers\n|-damage|p2a: Magearna|94\/100 brn|[from] brn\n|upkeep\n|\n|t:|1697481575\n|switch|p1a: Iron Moth|Iron Moth|100\/100\n|turn|8\n|\n|t:|1697481580\n|switch|p2a: Empoleon|Empoleon, M|100\/100\n|move|p1a: Iron Moth|Toxic Spikes|p2a: Empoleon\n|-sidestart|p2: PTKmoekyuun|move: Toxic Spikes\n|\n|upkeep\n|turn|9\n|\n|t:|1697481585\n|move|p1a: Iron Moth|U-turn|p2a: Empoleon\n|-resisted|p2a: Empoleon\n|-damage|p2a: Empoleon|95\/100\n|\n|t:|1697481588\n|-end|p1a: Iron Moth|Quark Drive|[silent]\n|switch|p1a: Cyclizar|Cyclizar, M|100\/100|[from] U-turn\n|move|p2a: Empoleon|Flip Turn|p1a: Cyclizar\n|-resisted|p1a: Cyclizar\n|-damage|p1a: Cyclizar|87\/100\n|\n|t:|1697481593\n|switch|p2a: Darkrai|Darkrai|100\/100|[from] Flip Turn\n|-status|p2a: Darkrai|psn\n|\n|-damage|p2a: Darkrai|88\/100 psn|[from] psn\n|upkeep\n|turn|10\n|\n|t:|1697481603\n|switch|p1a: Iron Moth|Iron Moth|100\/100\n|move|p2a: Darkrai|Hypnosis|p1a: Iron Moth\n|-status|p1a: Iron Moth|slp|[from] move: Hypnosis\n|\n|-damage|p2a: Darkrai|76\/100 psn|[from] psn\n|-damage|p1a: Iron Moth|88\/100 slp|[from] ability: Bad Dreams|[of] p2a: Darkrai\n|upkeep\n|turn|11\n|\n|t:|1697481608\n|switch|p2a: Arcanine|Arcanine-Hisui, M|100\/100\n|-end|p1a: Iron Moth|Quark Drive|[silent]\n|switch|p1a: Cyclizar|Cyclizar, M|100\/100\n|\n|upkeep\n|turn|12\n|\n|t:|1697481619\n|move|p1a: Cyclizar|Rapid Spin|p2a: Arcanine\n|-resisted|p2a: Arcanine\n|-damage|p2a: Arcanine|91\/100\n|-boost|p1a: Cyclizar|spe|1\n|-sideend|p1: CommanderWasp|Stealth Rock|[from] move: Rapid Spin|[of] p1a: Cyclizar\n|move|p2a: Arcanine|Head Smash|p1a: Cyclizar|[miss]\n|-miss|p2a: Arcanine|p1a: Cyclizar\n|\n|upkeep\n|turn|13\n|\n|t:|1697481624\n|move|p1a: Cyclizar|Draco Meteor|p2a: Arcanine\n|-damage|p2a: Arcanine|44\/100\n|-unboost|p1a: Cyclizar|spa|2\n|move|p2a: Arcanine|Flare Blitz|p1a: Cyclizar\n|-resisted|p1a: Cyclizar\n|-damage|p1a: Cyclizar|56\/100\n|\n|upkeep\n|turn|14\n|\n|t:|1697481627\n|move|p1a: Cyclizar|Shed Tail|p1a: Cyclizar\n|-start|p1a: Cyclizar|Substitute|[from] move: Shed Tail\n|-damage|p1a: Cyclizar|6\/100\n|\n|t:|1697481628\n|switch|p1a: Palkia|Palkia-Origin|100\/100|[from] Shed Tail\n|-ability|p1a: Palkia|Pressure\n|move|p2a: Arcanine|Stealth Rock|p1a: Palkia\n|-sidestart|p1: CommanderWasp|move: Stealth Rock\n|\n|upkeep\n|turn|15\n|\n|t:|1697481633\n|switch|p2a: Empoleon|Empoleon, M|95\/100\n|move|p1a: Palkia|Hydro Pump|p2a: Empoleon\n|-resisted|p2a: Empoleon\n|-damage|p2a: Empoleon|71\/100\n|\n|upkeep\n|turn|16\n|\n|t:|1697481636\n|move|p1a: Palkia|Thunder Wave|p2a: Empoleon\n|-status|p2a: Empoleon|par\n|move|p2a: Empoleon|Ice Beam|p1a: Palkia\n|-activate|p1a: Palkia|move: Substitute|[damage]\n|\n|upkeep\n|turn|17\n|\n|t:|1697481639\n|move|p1a: Palkia|Hydro Pump|p2a: Empoleon\n|-resisted|p2a: Empoleon\n|-damage|p2a: Empoleon|48\/100 par\n|move|p2a: Empoleon|Roost|p2a: Empoleon\n|-heal|p2a: Empoleon|98\/100 par\n|-singleturn|p2a: Empoleon|move: Roost\n|\n|upkeep\n|turn|18\n|\n|t:|1697481646\n|switch|p1a: Cyclizar|Cyclizar, M|39\/100\n|cant|p2a: Empoleon|par\n|\n|upkeep\n|turn|19\n|\n|t:|1697481655\n|move|p1a: Cyclizar|Rapid Spin|p2a: Empoleon\n|-resisted|p2a: Empoleon\n|-damage|p2a: Empoleon|90\/100 par\n|-boost|p1a: Cyclizar|spe|1\n|-sideend|p1: CommanderWasp|Stealth Rock|[from] move: Rapid Spin|[of] p1a: Cyclizar\n|move|p2a: Empoleon|Ice Beam|p1a: Cyclizar\n|-supereffective|p1a: Cyclizar\n|-damage|p1a: Cyclizar|0 fnt\n|faint|p1a: Cyclizar\n|\n|upkeep\n|\n|t:|1697481669\n|switch|p1a: Magearna|Magearna|100\/100\n|turn|20\n|\n|t:|1697481675\n|switch|p2a: Magearna|Magearna|94\/100 brn\n|move|p1a: Magearna|Volt Switch|p2a: Magearna\n|-damage|p2a: Magearna|83\/100 brn\n|\n|t:|1697481679\n|switch|p1a: Palkia|Palkia-Origin|100\/100|[from] Volt Switch\n|-ability|p1a: Palkia|Pressure\n|\n|-heal|p2a: Magearna|89\/100 brn|[from] item: Leftovers\n|-damage|p2a: Magearna|83\/100 brn|[from] brn\n|upkeep\n|turn|21\n|\n|t:|1697481684\n|move|p1a: Palkia|Fire Blast|p2a: Magearna|[miss]\n|-miss|p1a: Palkia|p2a: Magearna\n|move|p2a: Magearna|Fleur Cannon|p1a: Palkia\n|-supereffective|p1a: Palkia\n|-damage|p1a: Palkia|0 fnt\n|-unboost|p2a: Magearna|spa|2\n|faint|p1a: Palkia\n|-ability|p2a: Magearna|Soul-Heart|boost\n|-boost|p2a: Magearna|spa|1\n|\n|-heal|p2a: Magearna|89\/100 brn|[from] item: Leftovers\n|-damage|p2a: Magearna|83\/100 brn|[from] brn\n|upkeep\n|\n|t:|1697481690\n|switch|p1a: Zacian|Zacian|100\/100\n|-ability|p1a: Zacian|Intrepid Sword|boost\n|-boost|p1a: Zacian|atk|1\n|turn|22\n|\n|t:|1697481693\n|-terastallize|p1a: Zacian|Ground\n|move|p1a: Zacian|Swords Dance|p1a: Zacian\n|-boost|p1a: Zacian|atk|2\n|move|p2a: Magearna|Encore|p1a: Zacian\n|-start|p1a: Zacian|Encore\n|\n|-heal|p2a: Magearna|89\/100 brn|[from] item: Leftovers\n|-damage|p2a: Magearna|83\/100 brn|[from] brn\n|upkeep\n|turn|23\n|\n|t:|1697481699\n|switch|p1a: Iron Moth|Iron Moth|88\/100 slp\n|switch|p2a: Shaymin|Shaymin-Sky|100\/100\n|\n|upkeep\n|turn|24\n|\n|t:|1697481703\n|move|p2a: Shaymin|Earth Power|p1a: Iron Moth\n|-supereffective|p1a: Iron Moth\n|-damage|p1a: Iron Moth|0 fnt\n|faint|p1a: Iron Moth\n|-end|p1a: Iron Moth|Quark Drive|[silent]\n|\n|upkeep\n|\n|t:|1697481705\n|switch|p1a: Zacian|Zacian, tera:Ground|100\/100\n|turn|25\n|\n|t:|1697481708\n|move|p1a: Zacian|Close Combat|p2a: Shaymin\n|-resisted|p2a: Shaymin\n|-damage|p2a: Shaymin|77\/100\n|-unboost|p1a: Zacian|def|1\n|-unboost|p1a: Zacian|spd|1\n|move|p2a: Shaymin|Seed Flare|p1a: Zacian\n|-supereffective|p1a: Zacian\n|-damage|p1a: Zacian|0 fnt\n|faint|p1a: Zacian\n|\n|upkeep\n|\n|t:|1697481711\n|switch|p1a: Magearna|Magearna|100\/100\n|turn|26\n|\n|t:|1697481714\n|move|p2a: Shaymin|Earth Power|p1a: Magearna\n|-supereffective|p1a: Magearna\n|-damage|p1a: Magearna|47\/100\n|move|p1a: Magearna|Pain Split|p2a: Shaymin\n|-sethp|p2a: Shaymin|64\/100|[from] move: Pain Split|[silent]\n|-sethp|p1a: Magearna|60\/100|[from] move: Pain Split\n|\n|-heal|p1a: Magearna|66\/100|[from] item: Leftovers\n|upkeep\n|turn|27\n|\n|t:|1697481717\n|move|p2a: Shaymin|Earth Power|p1a: Magearna\n|-supereffective|p1a: Magearna\n|-damage|p1a: Magearna|17\/100\n|move|p1a: Magearna|Pain Split|p2a: Shaymin\n|-sethp|p2a: Shaymin|41\/100|[from] move: Pain Split|[silent]\n|-sethp|p1a: Magearna|38\/100|[from] move: Pain Split\n|\n|-heal|p1a: Magearna|44\/100|[from] item: Leftovers\n|upkeep\n|turn|28\n|\n|t:|1697481719\n|move|p2a: Shaymin|Earth Power|p1a: Magearna\n|-supereffective|p1a: Magearna\n|-damage|p1a: Magearna|0 fnt\n|faint|p1a: Magearna\n|\n|win|PTKmoekyuun\n|c|\u2606PTKmoekyuun|gg\n|c|\u2606CommanderWasp|gg\n","uploadtime":1697481729,"views":20,"p1id":"commanderwasp","p2id":"ptkmoekyuun","formatid":"gen9ubers","rating":0,"private":0,"password":""}