{"id":"gen9ubers-1971707867","p1":"Mathl3te","p2":"HiHowAria?","format":"[Gen 9] Ubers","log":"|j|\u2606Mathl3te\n|j|\u2606HiHowAria?\n|t:|1697763376\n|gametype|singles\n|player|p1|Mathl3te|li|\n|player|p2|HiHowAria?|caitlin|\n|teamsize|p1|6\n|teamsize|p2|6\n|gen|9\n|tier|[Gen 9] Ubers\n|rule|Sleep Clause Mod: Limit one foe put to sleep\n|rule|Species Clause: Limit one of each Pok\u00e9mon\n|rule|OHKO Clause: OHKO moves are banned\n|rule|Evasion Items Clause: Evasion items are banned\n|rule|Evasion Moves Clause: Evasion moves are banned\n|rule|Endless Battle Clause: Forcing endless battles is banned\n|rule|HP Percentage Mod: HP is shown in percentages\n|clearpoke\n|poke|p1|Chi-Yu|\n|poke|p1|Charjabug, F|\n|poke|p1|Tornadus-Therian, M|\n|poke|p1|Kleavor, M|\n|poke|p1|Azumarill, F|\n|poke|p1|Trevenant, M|\n|poke|p2|Heatran, M|\n|poke|p2|Salamence, M|\n|poke|p2|Quagsire, F|\n|poke|p2|Grimmsnarl, M|\n|poke|p2|Noivern, F|\n|poke|p2|Iron Valiant|\n|teampreview\n|\n|t:|1697763395\n|start\n|switch|p1a: Kleavor|Kleavor, M|100\/100\n|switch|p2a: Grimmsnarl|Grimmsnarl, M|100\/100\n|turn|1\n|\n|t:|1697763415\n|move|p2a: Grimmsnarl|Bulk Up|p2a: Grimmsnarl\n|-boost|p2a: Grimmsnarl|atk|1\n|-boost|p2a: Grimmsnarl|def|1\n|move|p1a: Kleavor|Trailblaze|p2a: Grimmsnarl\n|-damage|p2a: Grimmsnarl|83\/100\n|-boost|p1a: Kleavor|spe|1\n|\n|upkeep\n|turn|2\n|\n|t:|1697763438\n|move|p2a: Grimmsnarl|Substitute|p2a: Grimmsnarl\n|-start|p2a: Grimmsnarl|Substitute\n|-damage|p2a: Grimmsnarl|59\/100\n|move|p1a: Kleavor|Stone Axe|p2a: Grimmsnarl\n|-end|p2a: Grimmsnarl|Substitute\n|-sidestart|p2: HiHowAria?|move: Stealth Rock\n|\n|upkeep\n|turn|3\n|\n|t:|1697763472\n|move|p2a: Grimmsnarl|Bulk Up|p2a: Grimmsnarl\n|-boost|p2a: Grimmsnarl|atk|1\n|-boost|p2a: Grimmsnarl|def|1\n|move|p1a: Kleavor|Stone Axe|p2a: Grimmsnarl\n|-damage|p2a: Grimmsnarl|22\/100\n|\n|upkeep\n|turn|4\n|c|\u2606HiHowAria?|oop that did too much\n|\n|t:|1697763505\n|switch|p2a: Quagsire|Quagsire, F|100\/100\n|-damage|p2a: Quagsire|94\/100|[from] Stealth Rock\n|move|p1a: Kleavor|U-turn|p2a: Quagsire\n|-damage|p2a: Quagsire|68\/100\n|\n|t:|1697763512\n|switch|p1a: Trevenant|Trevenant, M|100\/100|[from] U-turn\n|\n|-heal|p2a: Quagsire|74\/100|[from] item: Leftovers\n|upkeep\n|turn|5\n|\n|t:|1697763520\n|-terastallize|p2a: Quagsire|Poison\n|move|p1a: Trevenant|Knock Off|p2a: Quagsire\n|-damage|p2a: Quagsire|49\/100\n|-enditem|p2a: Quagsire|Leftovers|[from] move: Knock Off|[of] p1a: Trevenant\n|move|p2a: Quagsire|Toxic|p1a: Trevenant\n|-status|p1a: Trevenant|tox\n|\n|-damage|p1a: Trevenant|94\/100 tox|[from] psn\n|upkeep\n|turn|6\n|\n|t:|1697763542\n|-curestatus|p1a: Trevenant|tox|[from] ability: Natural Cure\n|switch|p1a: Charjabug|Charjabug, F|100\/100\n|move|p2a: Quagsire|Toxic|p1a: Charjabug\n|-status|p1a: Charjabug|tox\n|\n|-damage|p1a: Charjabug|95\/100 tox|[from] psn\n|upkeep\n|turn|7\n|\n|t:|1697763554\n|switch|p2a: Grimmsnarl|Grimmsnarl, M|22\/100\n|-damage|p2a: Grimmsnarl|9\/100|[from] Stealth Rock\n|move|p1a: Charjabug|Sticky Web|p2a: Grimmsnarl\n|-sidestart|p2: HiHowAria?|move: Sticky Web\n|\n|-damage|p1a: Charjabug|83\/100 tox|[from] psn\n|upkeep\n|turn|8\n|\n|t:|1697763562\n|move|p2a: Grimmsnarl|Light Screen|p2a: Grimmsnarl\n|-sidestart|p2: HiHowAria?|move: Light Screen\n|move|p1a: Charjabug|Volt Switch|p2a: Grimmsnarl\n|-damage|p2a: Grimmsnarl|4\/100\n|\n|t:|1697763568\n|switch|p1a: Kleavor|Kleavor, M|100\/100|[from] Volt Switch\n|\n|upkeep\n|turn|9\n|\n|t:|1697763572\n|move|p1a: Kleavor|Brick Break|p2a: Grimmsnarl\n|-sideend|p2: HiHowAria?|move: Light Screen\n|-damage|p2a: Grimmsnarl|0 fnt\n|faint|p2a: Grimmsnarl\n|\n|upkeep\n|\n|t:|1697763602\n|switch|p2a: Salamence|Salamence, M|100\/100\n|-damage|p2a: Salamence|76\/100|[from] Stealth Rock\n|turn|10\n|\n|t:|1697763609\n|move|p2a: Salamence|Iron Head|p1a: Kleavor\n|-supereffective|p1a: Kleavor\n|-damage|p1a: Kleavor|25\/100\n|move|p1a: Kleavor|Stone Axe|p2a: Salamence\n|-supereffective|p2a: Salamence\n|-damage|p2a: Salamence|0 fnt\n|faint|p2a: Salamence\n|\n|upkeep\n|\n|t:|1697763619\n|switch|p2a: Noivern|Noivern, F|100\/100\n|-damage|p2a: Noivern|76\/100|[from] Stealth Rock\n|-item|p1a: Kleavor|Focus Sash|[from] ability: Frisk|[of] p2a: Noivern|[identify]\n|turn|11\n|\n|t:|1697763624\n|move|p2a: Noivern|Hurricane|p1a: Kleavor\n|-damage|p1a: Kleavor|0 fnt\n|faint|p1a: Kleavor\n|\n|upkeep\n|\n|t:|1697763628\n|switch|p1a: Tornadus|Tornadus-Therian, M|100\/100\n|turn|12\n|c|\u2606HiHowAria?|yea i really had nothing for kleavor\n|\n|t:|1697763648\n|switch|p2a: Heatran|Heatran, M|100\/100\n|-damage|p2a: Heatran|88\/100|[from] Stealth Rock\n|-item|p2a: Heatran|Air Balloon\n|move|p1a: Tornadus|Bleakwind Storm|p2a: Heatran\n|-resisted|p2a: Heatran\n|-damage|p2a: Heatran|75\/100\n|-enditem|p2a: Heatran|Air Balloon\n|\n|upkeep\n|turn|13\n|\n|t:|1697763677\n|switch|p1a: Azumarill|Azumarill, F|100\/100\n|move|p2a: Heatran|Will-O-Wisp|p1a: Azumarill\n|-status|p1a: Azumarill|brn\n|\n|-damage|p1a: Azumarill|94\/100 brn|[from] brn\n|upkeep\n|turn|14\n|\n|t:|1697763688\n|switch|p2a: Quagsire|Quagsire, F, tera:Poison|49\/100\n|-damage|p2a: Quagsire|37\/100|[from] Stealth Rock\n|-activate|p2a: Quagsire|move: Sticky Web\n|-unboost|p2a: Quagsire|spe|1\n|move|p1a: Azumarill|Liquidation|p2a: Quagsire\n|-heal|p2a: Quagsire|62\/100|[from] ability: Water Absorb|[of] p1a: Azumarill\n|\n|-damage|p1a: Azumarill|88\/100 brn|[from] brn\n|upkeep\n|turn|15\n|\n|t:|1697763714\n|switch|p1a: Trevenant|Trevenant, M|94\/100\n|move|p2a: Quagsire|Toxic|p1a: Trevenant\n|-status|p1a: Trevenant|tox\n|\n|-damage|p1a: Trevenant|88\/100 tox|[from] psn\n|upkeep\n|turn|16\n|\n|t:|1697763726\n|move|p1a: Trevenant|Poltergeist||[still]\n|-fail|p1a: Trevenant\n|move|p2a: Quagsire|Recover|p2a: Quagsire\n|-heal|p2a: Quagsire|100\/100\n|\n|-damage|p1a: Trevenant|76\/100 tox|[from] psn\n|upkeep\n|turn|17\n|\n|t:|1697763736\n|-terastallize|p1a: Trevenant|Water\n|move|p1a: Trevenant|Knock Off|p2a: Quagsire\n|-damage|p2a: Quagsire|86\/100\n|move|p2a: Quagsire|Chilling Water|p1a: Trevenant\n|-resisted|p1a: Trevenant\n|-damage|p1a: Trevenant|71\/100 tox\n|-unboost|p1a: Trevenant|atk|1\n|\n|-damage|p1a: Trevenant|53\/100 tox|[from] psn\n|upkeep\n|turn|18\n|\n|t:|1697763748\n|-curestatus|p1a: Trevenant|tox|[from] ability: Natural Cure\n|switch|p1a: Chi-Yu|Chi-Yu|100\/100\n|-ability|p1a: Chi-Yu|Beads of Ruin\n|move|p2a: Quagsire|Toxic|p1a: Chi-Yu\n|-status|p1a: Chi-Yu|tox\n|\n|-damage|p1a: Chi-Yu|95\/100 tox|[from] psn\n|upkeep\n|turn|19\n|\n|t:|1697763757\n|move|p2a: Quagsire|Protect|p2a: Quagsire\n|-singleturn|p2a: Quagsire|Protect\n|move|p1a: Chi-Yu|Dark Pulse|p2a: Quagsire\n|-activate|p2a: Quagsire|move: Protect\n|\n|-damage|p1a: Chi-Yu|83\/100 tox|[from] psn\n|upkeep\n|turn|20\n|\n|t:|1697763771\n|switch|p2a: Heatran|Heatran, M|75\/100\n|-damage|p2a: Heatran|62\/100|[from] Stealth Rock\n|-activate|p2a: Heatran|move: Sticky Web\n|-unboost|p2a: Heatran|spe|1\n|move|p1a: Chi-Yu|Dark Pulse|p2a: Heatran\n|-damage|p2a: Heatran|7\/100\n|\n|-damage|p1a: Chi-Yu|65\/100 tox|[from] psn\n|upkeep\n|turn|21\n|\n|t:|1697763784\n|move|p2a: Heatran|Protect|p2a: Heatran\n|-singleturn|p2a: Heatran|Protect\n|move|p1a: Chi-Yu|Dark Pulse|p2a: Heatran\n|-activate|p2a: Heatran|move: Protect\n|\n|-damage|p1a: Chi-Yu|41\/100 tox|[from] psn\n|upkeep\n|turn|22\n|\n|t:|1697763795\n|move|p1a: Chi-Yu|Dark Pulse|p2a: Heatran\n|-damage|p2a: Heatran|0 fnt\n|faint|p2a: Heatran\n|\n|-damage|p1a: Chi-Yu|11\/100 tox|[from] psn\n|upkeep\n|c|\u2606Mathl3te|Chi yu is stupid\n|\n|t:|1697763802\n|switch|p2a: Noivern|Noivern, F|76\/100\n|-damage|p2a: Noivern|51\/100|[from] Stealth Rock\n|-item|p1a: Chi-Yu|Choice Specs|[from] ability: Frisk|[of] p2a: Noivern|[identify]\n|turn|23\n|\n|t:|1697763815\n|move|p2a: Noivern|U-turn|p1a: Chi-Yu\n|-damage|p1a: Chi-Yu|0 fnt\n|faint|p1a: Chi-Yu\n|\n|t:|1697763817\n|switch|p2a: Quagsire|Quagsire, F, tera:Poison|86\/100|[from] U-turn\n|-damage|p2a: Quagsire|73\/100|[from] Stealth Rock\n|-activate|p2a: Quagsire|move: Sticky Web\n|-unboost|p2a: Quagsire|spe|1\n|\n|upkeep\n|\n|t:|1697763823\n|switch|p1a: Tornadus|Tornadus-Therian, M|100\/100\n|turn|24\n|\n|t:|1697763839\n|move|p2a: Quagsire|Protect|p2a: Quagsire\n|-singleturn|p2a: Quagsire|Protect\n|move|p1a: Tornadus|Bleakwind Storm|p2a: Quagsire\n|-activate|p2a: Quagsire|move: Protect\n|\n|upkeep\n|turn|25\n|\n|t:|1697763846\n|move|p1a: Tornadus|Bleakwind Storm|p2a: Quagsire\n|-damage|p2a: Quagsire|11\/100\n|move|p2a: Quagsire|Toxic|p1a: Tornadus\n|-status|p1a: Tornadus|tox\n|\n|-damage|p1a: Tornadus|94\/100 tox|[from] psn\n|upkeep\n|turn|26\n|\n|t:|1697763855\n|move|p1a: Tornadus|Bleakwind Storm|p2a: Quagsire\n|-damage|p2a: Quagsire|0 fnt\n|faint|p2a: Quagsire\n|\n|-damage|p1a: Tornadus|82\/100 tox|[from] psn\n|upkeep\n|\n|t:|1697763862\n|switch|p2a: Noivern|Noivern, F|51\/100\n|-damage|p2a: Noivern|26\/100|[from] Stealth Rock\n|-item|p1a: Tornadus|Choice Scarf|[from] ability: Frisk|[of] p2a: Noivern|[identify]\n|turn|27\n|\n|t:|1697763869\n|switch|p1a: Trevenant|Trevenant, M, tera:Water|53\/100\n|move|p2a: Noivern|Defog|p1a: Trevenant\n|-unboost|p1a: Trevenant|evasion|1\n|-sideend|p2: HiHowAria?|Stealth Rock|[from] move: Defog|[of] p2a: Noivern\n|-sideend|p2: HiHowAria?|Sticky Web|[from] move: Defog|[of] p2a: Noivern\n|\n|upkeep\n|turn|28\n|\n|t:|1697763882\n|move|p2a: Noivern|Defog|p1a: Trevenant\n|-unboost|p1a: Trevenant|evasion|1\n|move|p1a: Trevenant|Poltergeist|p2a: Noivern\n|-activate|p2a: Noivern|move: Poltergeist|Choice Scarf\n|-damage|p2a: Noivern|0 fnt\n|faint|p2a: Noivern\n|\n|upkeep\n|\n|t:|1697763884\n|switch|p2a: Iron Slay|Iron Valiant|100\/100\n|-enditem|p2a: Iron Slay|Booster Energy\n|-activate|p2a: Iron Slay|ability: Quark Drive|[fromitem]\n|-start|p2a: Iron Slay|quarkdrivespe\n|turn|29\n|\n|t:|1697763914\n|move|p2a: Iron Slay|Calm Mind|p2a: Iron Slay\n|-boost|p2a: Iron Slay|spa|1\n|-boost|p2a: Iron Slay|spd|1\n|move|p1a: Trevenant|Horn Leech|p2a: Iron Slay\n|-damage|p2a: Iron Slay|48\/100\n|-heal|p1a: Trevenant|73\/100|[from] drain|[of] p2a: Iron Slay\n|\n|upkeep\n|turn|30\n|\n|t:|1697763921\n|move|p2a: Iron Slay|Thunderbolt|p1a: Trevenant\n|-supereffective|p1a: Trevenant\n|-damage|p1a: Trevenant|8\/100\n|move|p1a: Trevenant|Poltergeist||[still]\n|-fail|p1a: Trevenant\n|\n|upkeep\n|turn|31\n|c|\u2606Mathl3te|Lol\n|c|\u2606HiHowAria?|lol\n|l|\u2606HiHowAria?\n|player|p2|\n|\n|t:|1697763940\n|move|p2a: Iron Slay|Thunderbolt|p1a: Trevenant\n|-supereffective|p1a: Trevenant\n|-damage|p1a: Trevenant|0 fnt\n|faint|p1a: Trevenant\n|\n|upkeep\n|j|\u2606HiHowAria?\n|player|p2|HiHowAria?|caitlin\n|\n|t:|1697763946\n|switch|p1a: Charjabug|Charjabug, F|83\/100 tox\n|turn|32\n|\n|t:|1697763964\n|move|p2a: Iron Slay|Moonblast|p1a: Charjabug\n|-crit|p1a: Charjabug\n|-damage|p1a: Charjabug|12\/100 tox\n|-unboost|p1a: Charjabug|spa|1\n|move|p1a: Charjabug|Discharge|p2a: Iron Slay\n|-damage|p2a: Iron Slay|34\/100\n|\n|-damage|p1a: Charjabug|6\/100 tox|[from] psn\n|upkeep\n|turn|33\n|\n|t:|1697763978\n|move|p2a: Iron Slay|Thunderbolt|p1a: Charjabug\n|-resisted|p1a: Charjabug\n|-damage|p1a: Charjabug|0 fnt\n|faint|p1a: Charjabug\n|\n|upkeep\n|\n|t:|1697763982\n|switch|p1a: Tornadus|Tornadus-Therian, M|100\/100 tox\n|turn|34\n|\n|t:|1697763988\n|move|p1a: Tornadus|Bleakwind Storm|p2a: Iron Slay\n|-supereffective|p2a: Iron Slay\n|-damage|p2a: Iron Slay|0 fnt\n|faint|p2a: Iron Slay\n|-end|p2a: Iron Slay|Quark Drive|[silent]\n|\n|win|Mathl3te\n|c|\u2606HiHowAria?|ggggs i was throwing in the beginning runback\n|l|\u2606HiHowAria?\n|l|\u2606Mathl3te\n|j|\u2606Mathl3te\n|player|p1|Mathl3te|li\n","uploadtime":1697764178,"views":7,"p1id":"mathl3te","p2id":"hihowaria","formatid":"gen9ubers","rating":0,"private":0,"password":""}