{"id":"gen9ubers-1992681119","p1":"ClodsireYT","p2":"Lagency Nicole","format":"[Gen 9] Ubers","log":"|j|\u2606ClodsireYT\n|j|\u2606Lagency Nicole\n|t:|1700224558\n|gametype|singles\n|player|p1|ClodsireYT|hiker-gen4|1198\n|player|p2|Lagency Nicole|dawn-gen4pt|1384\n|teamsize|p1|6\n|teamsize|p2|6\n|gen|9\n|tier|[Gen 9] Ubers\n|rated|\n|rule|Sleep Clause Mod: Limit one foe put to sleep\n|rule|Species Clause: Limit one of each Pok\u00e9mon\n|rule|OHKO Clause: OHKO moves are banned\n|rule|Evasion Items Clause: Evasion items are banned\n|rule|Evasion Moves Clause: Evasion moves are banned\n|rule|Endless Battle Clause: Forcing endless battles is banned\n|rule|HP Percentage Mod: HP is shown in percentages\n|clearpoke\n|poke|p1|Flutter Mane|\n|poke|p1|Koraidon|\n|poke|p1|Miraidon|\n|poke|p1|Regieleki|\n|poke|p1|Ogerpon-Hearthflame, F|\n|poke|p1|Cinderace, F|\n|poke|p2|Koraidon|\n|poke|p2|Zacian-*|\n|poke|p2|Arceus|\n|poke|p2|Ribombee, M|\n|poke|p2|Zamazenta-*|\n|poke|p2|Eternatus|\n|teampreview\n|inactive|Battle timer is ON: inactive players will automatically lose when time's up. (requested by ClodsireYT)\n|\n|t:|1700224574\n|start\n|switch|p1a: Koraidon|Koraidon|100\/100\n|switch|p2a: Ribombee|Ribombee, M|100\/100\n|-weather|SunnyDay|[from] ability: Orichalcum Pulse|[of] p1a: Koraidon\n|-activate|p1a: Koraidon|Orichalcum Pulse|[source]\n|turn|1\n|\n|t:|1700224593\n|move|p1a: Koraidon|U-turn|p2a: Ribombee\n|-resisted|p2a: Ribombee\n|-damage|p2a: Ribombee|49\/100\n|\n|t:|1700224597\n|switch|p1a: Cinderace|Cinderace, F|100\/100|[from] U-turn\n|move|p2a: Ribombee|Moonblast|p1a: Cinderace\n|-resisted|p1a: Cinderace\n|-damage|p1a: Cinderace|71\/100\n|\n|-weather|SunnyDay|[upkeep]\n|upkeep\n|turn|2\n|\n|t:|1700224618\n|move|p2a: Ribombee|Sticky Web|p1a: Cinderace\n|-sidestart|p1: ClodsireYT|move: Sticky Web\n|move|p1a: Cinderace|Will-O-Wisp|p2a: Ribombee\n|-status|p2a: Ribombee|brn\n|\n|-weather|SunnyDay|[upkeep]\n|-damage|p2a: Ribombee|43\/100 brn|[from] brn\n|upkeep\n|turn|3\n|\n|t:|1700224622\n|move|p2a: Ribombee|Stun Spore|p1a: Cinderace\n|-status|p1a: Cinderace|par\n|move|p1a: Cinderace|Pyro Ball|p2a: Ribombee\n|-supereffective|p2a: Ribombee\n|-damage|p2a: Ribombee|0 fnt\n|faint|p2a: Ribombee\n|\n|-weather|SunnyDay|[upkeep]\n|upkeep\n|\n|t:|1700224645\n|switch|p2a: Wife|Koraidon|100\/100\n|-activate|p2a: Wife|ability: Orichalcum Pulse\n|turn|4\n|\n|t:|1700224648\n|-terastallize|p2a: Wife|Fire\n|move|p2a: Wife|Flame Charge|p1a: Cinderace\n|-resisted|p1a: Cinderace\n|-damage|p1a: Cinderace|25\/100 par\n|-boost|p2a: Wife|spe|1\n|move|p1a: Cinderace|Court Change|p1a: Cinderace\n|-swapsideconditions\n|-activate|p1a: Cinderace|move: Court Change\n|\n|-weather|SunnyDay|[upkeep]\n|upkeep\n|turn|5\n|\n|t:|1700224654\n|move|p2a: Wife|Swords Dance|p2a: Wife\n|-boost|p2a: Wife|atk|2\n|move|p1a: Cinderace|U-turn|p2a: Wife\n|-resisted|p2a: Wife\n|-damage|p2a: Wife|91\/100\n|\n|t:|1700224662\n|switch|p1a: Flutter Mane|Flutter Mane|100\/100|[from] U-turn\n|-activate|p1a: Flutter Mane|ability: Protosynthesis\n|-start|p1a: Flutter Mane|protosynthesisspe\n|\n|-weather|none\n|-end|p1a: Flutter Mane|Protosynthesis\n|upkeep\n|turn|6\n|\n|t:|1700224678\n|-end|p1a: Flutter Mane|Protosynthesis|[silent]\n|switch|p1a: Koraidon|Koraidon|100\/100\n|-weather|SunnyDay|[from] ability: Orichalcum Pulse|[of] p1a: Koraidon\n|-activate|p1a: Koraidon|Orichalcum Pulse|[source]\n|move|p2a: Wife|Flame Charge|p1a: Koraidon\n|-resisted|p1a: Koraidon\n|-damage|p1a: Koraidon|42\/100\n|-boost|p2a: Wife|spe|1\n|\n|-weather|SunnyDay|[upkeep]\n|upkeep\n|turn|7\n|\n|t:|1700224690\n|-terastallize|p1a: Koraidon|Fire\n|move|p2a: Wife|Flame Charge|p1a: Koraidon\n|-resisted|p1a: Koraidon\n|-damage|p1a: Koraidon|0 fnt\n|-boost|p2a: Wife|spe|1\n|faint|p1a: Koraidon\n|\n|-weather|SunnyDay|[upkeep]\n|upkeep\n|-message|ClodsireYT forfeited.\n|\n|win|Lagency Nicole\n|raw|ClodsireYT's rating: 1198 &rarr; <strong>1185<\/strong><br \/>(-13 for losing)\n|raw|Lagency Nicole's rating: 1384 &rarr; <strong>1394<\/strong><br \/>(+10 for winning)\n|l|\u2606ClodsireYT\n","uploadtime":1700224784,"views":21,"p1id":"clodsireyt","p2id":"lagencynicole","formatid":"gen9ubers","rating":1185,"private":0,"password":""}