{"id":"gen9ubers-1972508857","p1":"Leterte18","p2":"Rival Andrew","format":"[Gen 9] Ubers","log":"|j|\u2606Leterte18\n|j|\u2606Rival Andrew\n|t:|1697850942\n|gametype|singles\n|player|p1|Leterte18|2|\n|player|p2|Rival Andrew|silver|\n|teamsize|p1|6\n|teamsize|p2|6\n|gen|9\n|tier|[Gen 9] Ubers\n|rule|Sleep Clause Mod: Limit one foe put to sleep\n|rule|Species Clause: Limit one of each Pok\u00e9mon\n|rule|OHKO Clause: OHKO moves are banned\n|rule|Evasion Items Clause: Evasion items are banned\n|rule|Evasion Moves Clause: Evasion moves are banned\n|rule|Endless Battle Clause: Forcing endless battles is banned\n|rule|HP Percentage Mod: HP is shown in percentages\n|clearpoke\n|poke|p1|Dialga-Origin|\n|poke|p1|Palkia-Origin|\n|poke|p1|Giratina-Origin|\n|poke|p1|Arceus|\n|poke|p1|Groudon|\n|poke|p1|Eternatus|\n|poke|p2|Groudon|\n|poke|p2|Koraidon|\n|poke|p2|Ogerpon-Hearthflame, F|\n|poke|p2|Walking Wake|\n|poke|p2|Regieleki|\n|poke|p2|Ursaluna-Bloodmoon, M|\n|teampreview\n|c|\u2606Leterte18|God luck bro\n|c|\u2606Rival Andrew|back atcha\n|j| Hand0fD00m\n|c| Hand0fD00m|hell yeah set of the tourney so far\n|c|\u2606Rival Andrew|fire emoji\n|\n|t:|1697851003\n|start\n|switch|p1a: Dialga|Dialga-Origin|100\/100\n|switch|p2a: Zagreus|Koraidon|100\/100\n|-weather|SunnyDay|[from] ability: Orichalcum Pulse|[of] p2a: Zagreus\n|-activate|p2a: Zagreus|Orichalcum Pulse|[source]\n|-ability|p1a: Dialga|Pressure\n|turn|1\n|c| Hand0fD00m|good luck lads!\n|\n|t:|1697851049\n|-terastallize|p1a: Dialga|Fairy\n|move|p2a: Zagreus|Collision Course|p1a: Dialga\n|-resisted|p1a: Dialga\n|-damage|p1a: Dialga|72\/100\n|move|p1a: Dialga|Stealth Rock|p2a: Zagreus\n|-sidestart|p2: Rival Andrew|move: Stealth Rock\n|\n|-weather|SunnyDay|[upkeep]\n|upkeep\n|turn|2\n|\n|t:|1697851066\n|-terastallize|p2a: Zagreus|Steel\n|move|p2a: Zagreus|Iron Head|p1a: Dialga\n|-supereffective|p1a: Dialga\n|-damage|p1a: Dialga|0 fnt\n|faint|p1a: Dialga\n|\n|-weather|SunnyDay|[upkeep]\n|upkeep\n|\n|t:|1697851080\n|switch|p1a: Groudon|Groudon|100\/100\n|turn|3\n|\n|t:|1697851094\n|switch|p2a: Eclipse|Ursaluna-Bloodmoon, M|100\/100\n|-damage|p2a: Eclipse|94\/100|[from] Stealth Rock\n|move|p1a: Groudon|Precipice Blades|p2a: Eclipse\n|-damage|p2a: Eclipse|53\/100\n|\n|-weather|SunnyDay|[upkeep]\n|upkeep\n|turn|4\n|\n|t:|1697851110\n|switch|p1a: Giratina|Giratina-Origin, shiny|100\/100\n|move|p2a: Eclipse|Moonlight|p2a: Eclipse\n|-heal|p2a: Eclipse|100\/100\n|\n|-weather|SunnyDay|[upkeep]\n|upkeep\n|turn|5\n|j| Sonad~\n|\n|t:|1697851119\n|move|p1a: Giratina|Draco Meteor|p2a: Eclipse\n|-crit|p2a: Eclipse\n|-damage|p2a: Eclipse|0 fnt\n|-unboost|p1a: Giratina|spa|2\n|faint|p2a: Eclipse\n|\n|-weather|none\n|upkeep\n|c|\u2606Leterte18|Lol\n|c|\u2606Rival Andrew|the returning crit\n|c| Hand0fD00m|the crits\n|c|\u2606Rival Andrew|that absolutely mattered\n|\n|t:|1697851144\n|switch|p2a: Hades|Groudon|100\/100\n|-damage|p2a: Hades|94\/100|[from] Stealth Rock\n|-weather|SunnyDay|[from] ability: Drought|[of] p2a: Hades\n|turn|6\n|\n|t:|1697851152\n|switch|p1a: Palkia|Palkia-Origin|100\/100\n|-ability|p1a: Palkia|Pressure\n|move|p2a: Hades|Will-O-Wisp|p1a: Palkia\n|-status|p1a: Palkia|brn\n|\n|-weather|SunnyDay|[upkeep]\n|-heal|p2a: Hades|100\/100|[from] item: Leftovers\n|-damage|p1a: Palkia|94\/100 brn|[from] brn\n|upkeep\n|turn|7\n|\n|t:|1697851167\n|move|p1a: Palkia|Fire Blast|p2a: Hades\n|-damage|p2a: Hades|62\/100\n|move|p2a: Hades|Earthquake|p1a: Palkia\n|-damage|p1a: Palkia|42\/100 brn\n|\n|-weather|SunnyDay|[upkeep]\n|-heal|p2a: Hades|68\/100|[from] item: Leftovers\n|-damage|p1a: Palkia|36\/100 brn|[from] brn\n|upkeep\n|turn|8\n|\n|t:|1697851182\n|move|p1a: Palkia|Spacial Rend|p2a: Hades|[miss]\n|-miss|p1a: Palkia|p2a: Hades\n|move|p2a: Hades|Stealth Rock|p1a: Palkia\n|-sidestart|p1: Leterte18|move: Stealth Rock\n|\n|-weather|SunnyDay|[upkeep]\n|-heal|p2a: Hades|75\/100|[from] item: Leftovers\n|-damage|p1a: Palkia|29\/100 brn|[from] brn\n|upkeep\n|turn|9\n|c|\u2606Rival Andrew|huge miss\n|\n|t:|1697851189\n|move|p1a: Palkia|Spacial Rend|p2a: Hades\n|-damage|p2a: Hades|26\/100\n|move|p2a: Hades|Earthquake|p1a: Palkia\n|-damage|p1a: Palkia|0 fnt\n|faint|p1a: Palkia\n|\n|-weather|SunnyDay|[upkeep]\n|-heal|p2a: Hades|32\/100|[from] item: Leftovers\n|upkeep\n|c| Hand0fD00m|that miss\n|\n|t:|1697851201\n|switch|p1a: Giratina|Giratina-Origin, shiny|100\/100\n|-damage|p1a: Giratina|88\/100|[from] Stealth Rock\n|turn|10\n|c| Hand0fD00m|rngsus is haunting this tournament\n|\n|t:|1697851211\n|move|p1a: Giratina|Draco Meteor|p2a: Hades\n|-damage|p2a: Hades|0 fnt\n|-unboost|p1a: Giratina|spa|2\n|faint|p2a: Hades\n|\n|-weather|none\n|upkeep\n|\n|t:|1697851223\n|switch|p2a: Zagreus|Koraidon, tera:Steel|100\/100\n|-damage|p2a: Zagreus|94\/100|[from] Stealth Rock\n|-weather|SunnyDay|[from] ability: Orichalcum Pulse|[of] p2a: Zagreus\n|-activate|p2a: Zagreus|Orichalcum Pulse|[source]\n|turn|11\n|\n|t:|1697851244\n|switch|p1a: Groudon|Groudon|100\/100\n|-damage|p1a: Groudon|94\/100|[from] Stealth Rock\n|move|p2a: Zagreus|Iron Head|p1a: Groudon\n|-damage|p1a: Groudon|61\/100\n|\n|-weather|SunnyDay|[upkeep]\n|-heal|p1a: Groudon|67\/100|[from] item: Leftovers\n|upkeep\n|turn|12\n|\n|t:|1697851260\n|switch|p2a: Hurried Hurricane|Walking Wake|100\/100\n|-damage|p2a: Hurried Hurricane|88\/100|[from] Stealth Rock\n|-activate|p2a: Hurried Hurricane|ability: Protosynthesis\n|-start|p2a: Hurried Hurricane|protosynthesisspa\n|move|p1a: Groudon|Will-O-Wisp|p2a: Hurried Hurricane\n|-status|p2a: Hurried Hurricane|brn\n|\n|-weather|SunnyDay|[upkeep]\n|-heal|p1a: Groudon|73\/100|[from] item: Leftovers\n|-damage|p2a: Hurried Hurricane|82\/100 brn|[from] brn\n|upkeep\n|turn|13\n|\n|t:|1697851273\n|move|p2a: Hurried Hurricane|Draco Meteor|p1a: Groudon\n|-damage|p1a: Groudon|0 fnt\n|-unboost|p2a: Hurried Hurricane|spa|2\n|faint|p1a: Groudon\n|\n|-weather|SunnyDay|[upkeep]\n|-damage|p2a: Hurried Hurricane|76\/100 brn|[from] brn\n|upkeep\n|\n|t:|1697851278\n|switch|p1a: Arceus|Arceus, shiny|100\/100\n|-damage|p1a: Arceus|88\/100|[from] Stealth Rock\n|turn|14\n|\n|t:|1697851292\n|-end|p2a: Hurried Hurricane|Protosynthesis|[silent]\n|switch|p2a: Zagreus|Koraidon, tera:Steel|94\/100\n|-damage|p2a: Zagreus|88\/100|[from] Stealth Rock\n|-activate|p2a: Zagreus|ability: Orichalcum Pulse\n|move|p1a: Arceus|Swords Dance|p1a: Arceus\n|-boost|p1a: Arceus|atk|2\n|\n|-weather|SunnyDay|[upkeep]\n|upkeep\n|turn|15\n|c|\u2606Leterte18|If this cries again fuck you\n|c|\u2606Rival Andrew|bring it\n|\n|t:|1697851307\n|move|p1a: Arceus|Extreme Speed|p2a: Zagreus\n|-resisted|p2a: Zagreus\n|-damage|p2a: Zagreus|41\/100\n|move|p2a: Zagreus|Collision Course|p1a: Arceus\n|-supereffective|p1a: Arceus\n|-damage|p1a: Arceus|0 fnt\n|faint|p1a: Arceus\n|\n|-weather|none\n|upkeep\n|\n|t:|1697851313\n|switch|p1a: Giratina|Giratina-Origin, shiny|88\/100\n|-damage|p1a: Giratina|76\/100|[from] Stealth Rock\n|turn|16\n|\n|t:|1697851336\n|move|p2a: Zagreus|Dragon Claw|p1a: Giratina\n|-supereffective|p1a: Giratina\n|-damage|p1a: Giratina|8\/100\n|move|p1a: Giratina|Shadow Ball|p2a: Zagreus\n|-damage|p2a: Zagreus|0 fnt\n|faint|p2a: Zagreus\n|\n|upkeep\n|\n|t:|1697851355\n|switch|p2a: Regicocaine|Regieleki, shiny|100\/100\n|turn|17\n|\n|t:|1697851361\n|move|p1a: Giratina|Shadow Sneak|p2a: Regicocaine\n|-damage|p2a: Regicocaine|59\/100\n|move|p2a: Regicocaine|Thunderbolt|p1a: Giratina\n|-resisted|p1a: Giratina\n|-damage|p1a: Giratina|0 fnt\n|faint|p1a: Giratina\n|\n|upkeep\n|\n|t:|1697851367\n|switch|p1a: Eternatus|Eternatus|100\/100\n|-damage|p1a: Eternatus|88\/100|[from] Stealth Rock\n|-ability|p1a: Eternatus|Pressure\n|turn|18\n|c|\u2606Rival Andrew|i think this is the part where i lose\n|c|\u2606Rival Andrew|youre scarfed\n|\n|t:|1697851378\n|move|p2a: Regicocaine|Thunderbolt|p1a: Eternatus\n|-resisted|p1a: Eternatus\n|-damage|p1a: Eternatus|66\/100\n|move|p1a: Eternatus|Dynamax Cannon|p2a: Regicocaine\n|-damage|p2a: Regicocaine|0 fnt\n|faint|p2a: Regicocaine\n|\n|upkeep\n|\n|t:|1697851387\n|switch|p2a: Hurried Hurricane|Walking Wake|76\/100 brn\n|-damage|p2a: Hurried Hurricane|63\/100 brn|[from] Stealth Rock\n|turn|19\n|\n|t:|1697851390\n|move|p1a: Eternatus|Dynamax Cannon|p2a: Hurried Hurricane\n|-supereffective|p2a: Hurried Hurricane\n|-damage|p2a: Hurried Hurricane|0 fnt\n|faint|p2a: Hurried Hurricane\n|-end|p2a: Hurried Hurricane|Protosynthesis|[silent]\n|\n|upkeep\n|\n|t:|1697851394\n|switch|p2a: Majora|Ogerpon-Hearthflame, F|100\/100\n|-damage|p2a: Majora|76\/100|[from] Stealth Rock\n|-ability|p2a: Majora|Mold Breaker\n|turn|20\n|\n|t:|1697851401\n|move|p2a: Majora|Spiky Shield|p2a: Majora\n|-singleturn|p2a: Majora|move: Protect\n|move|p1a: Eternatus|Dynamax Cannon|p2a: Majora\n|-activate|p2a: Majora|move: Protect\n|\n|upkeep\n|turn|21\n|\n|t:|1697851409\n|move|p1a: Eternatus|Dynamax Cannon|p2a: Majora\n|-damage|p2a: Majora|0 fnt\n|faint|p2a: Majora\n|\n|win|Leterte18\n|c|\u2606Rival Andrew|gg bro\n|c|\u2606Leterte18|Gg\n|c|\u2606Leterte18|awesome series\n|c| Hand0fD00m|holy fuck the comeback\n|c|\u2606Rival Andrew|agreed\n|c|\u2606Rival Andrew|that was hype af\n|c| Hand0fD00m|great set\n|c|\u2606Rival Andrew|very fun\n","uploadtime":1697851429,"views":12,"p1id":"leterte18","p2id":"rivalandrew","formatid":"gen9ubers","rating":0,"private":0,"password":""}