{"id":"gen9ubers-1989447159","p1":"eodkbttmsbed","p2":"99MnM99","format":"[Gen 9] Ubers","log":"|j|\u2606eodkbttmsbed\n|j|\u260699MnM99\n|t:|1699851821\n|gametype|singles\n|player|p1|eodkbttmsbed|will|1096\n|player|p2|99MnM99|melony|1050\n|teamsize|p1|6\n|teamsize|p2|6\n|gen|9\n|tier|[Gen 9] Ubers\n|rated|\n|rule|Sleep Clause Mod: Limit one foe put to sleep\n|rule|Species Clause: Limit one of each Pok\u00e9mon\n|rule|OHKO Clause: OHKO moves are banned\n|rule|Evasion Items Clause: Evasion items are banned\n|rule|Evasion Moves Clause: Evasion moves are banned\n|rule|Endless Battle Clause: Forcing endless battles is banned\n|rule|HP Percentage Mod: HP is shown in percentages\n|clearpoke\n|poke|p1|Volcarona, F|\n|poke|p1|Great Tusk|\n|poke|p1|Blissey, F|\n|poke|p1|Samurott-Hisui, F|\n|poke|p1|Groudon|\n|poke|p1|Clodsire, M|\n|poke|p2|Gliscor, F|\n|poke|p2|Ursaluna-Bloodmoon, M|\n|poke|p2|Landorus, M|\n|poke|p2|Groudon|\n|poke|p2|Great Tusk|\n|poke|p2|Garchomp, F|\n|teampreview\n|inactive|Battle timer is ON: inactive players will automatically lose when time's up. (requested by eodkbttmsbed)\n|\n|t:|1699851826\n|start\n|switch|p1a: Samurott|Samurott-Hisui, F|100\/100\n|switch|p2a: lol lmao even|Gliscor, F|100\/100\n|turn|1\n|\n|t:|1699851839\n|move|p2a: lol lmao even|Protect|p2a: lol lmao even\n|-singleturn|p2a: lol lmao even|Protect\n|move|p1a: Samurott|Taunt|p2a: lol lmao even\n|-activate|p2a: lol lmao even|move: Protect\n|\n|-status|p2a: lol lmao even|tox|[from] item: Toxic Orb\n|upkeep\n|turn|2\n|\n|t:|1699851861\n|move|p1a: Samurott|Taunt|p2a: lol lmao even\n|-start|p2a: lol lmao even|move: Taunt\n|move|p2a: lol lmao even|Earthquake|p1a: Samurott\n|-damage|p1a: Samurott|55\/100\n|\n|upkeep\n|turn|3\n|\n|t:|1699851868\n|move|p1a: Samurott|Ceaseless Edge|p2a: lol lmao even\n|-damage|p2a: lol lmao even|65\/100 tox\n|-sidestart|p2: 99MnM99|Spikes\n|-damage|p1a: Samurott|45\/100|[from] item: Life Orb\n|move|p2a: lol lmao even|Earthquake|p1a: Samurott\n|-damage|p1a: Samurott|3\/100\n|\n|-heal|p2a: lol lmao even|77\/100 tox|[from] ability: Poison Heal\n|upkeep\n|turn|4\n|\n|t:|1699851877\n|switch|p2a: Hot Topic Wannabe|Groudon|100\/100\n|-damage|p2a: Hot Topic Wannabe|88\/100|[from] Spikes\n|-weather|SunnyDay|[from] ability: Drought|[of] p2a: Hot Topic Wannabe\n|move|p1a: Samurott|Flip Turn|p2a: Hot Topic Wannabe\n|-supereffective|p2a: Hot Topic Wannabe\n|-damage|p2a: Hot Topic Wannabe|67\/100\n|-damage|p1a: Samurott|0 fnt|[from] item: Life Orb\n|faint|p1a: Samurott\n|\n|-weather|SunnyDay|[upkeep]\n|-heal|p2a: Hot Topic Wannabe|73\/100|[from] item: Leftovers\n|upkeep\n|\n|t:|1699851890\n|switch|p1a: Great Tusk|Great Tusk|100\/100\n|-activate|p1a: Great Tusk|ability: Protosynthesis\n|-start|p1a: Great Tusk|protosynthesisatk\n|turn|5\n|\n|t:|1699851903\n|move|p1a: Great Tusk|Ice Spinner|p2a: Hot Topic Wannabe\n|-supereffective|p2a: Hot Topic Wannabe\n|-damage|p2a: Hot Topic Wannabe|26\/100\n|move|p2a: Hot Topic Wannabe|Swords Dance|p2a: Hot Topic Wannabe\n|-boost|p2a: Hot Topic Wannabe|atk|2\n|\n|-weather|SunnyDay|[upkeep]\n|-heal|p2a: Hot Topic Wannabe|32\/100|[from] item: Leftovers\n|upkeep\n|turn|6\n|\n|t:|1699851913\n|move|p1a: Great Tusk|Ice Spinner|p2a: Hot Topic Wannabe\n|-supereffective|p2a: Hot Topic Wannabe\n|-damage|p2a: Hot Topic Wannabe|0 fnt\n|faint|p2a: Hot Topic Wannabe\n|\n|-weather|SunnyDay|[upkeep]\n|upkeep\n|\n|t:|1699851918\n|switch|p2a: Inari|Landorus, M|100\/100\n|turn|7\n|\n|t:|1699851946\n|move|p2a: Inari|Earth Power|p1a: Great Tusk\n|-damage|p1a: Great Tusk|0 fnt\n|faint|p1a: Great Tusk\n|-end|p1a: Great Tusk|Protosynthesis|[silent]\n|\n|-weather|SunnyDay|[upkeep]\n|upkeep\n|\n|t:|1699851960\n|switch|p1a: Blissey|Blissey, F|100\/100\n|turn|8\n|\n|t:|1699851965\n|switch|p2a: lol lmao even|Gliscor, F|77\/100 tox\n|move|p1a: Blissey|Seismic Toss|p2a: lol lmao even\n|-damage|p2a: lol lmao even|49\/100 tox\n|\n|-weather|none\n|-heal|p2a: lol lmao even|62\/100 tox|[from] ability: Poison Heal\n|upkeep\n|turn|9\n|\n|t:|1699851982\n|move|p2a: lol lmao even|Toxic|p1a: Blissey\n|-status|p1a: Blissey|tox\n|move|p1a: Blissey|Seismic Toss|p2a: lol lmao even\n|-damage|p2a: lol lmao even|33\/100 tox\n|\n|-heal|p2a: lol lmao even|46\/100 tox|[from] ability: Poison Heal\n|-damage|p1a: Blissey|94\/100 tox|[from] psn\n|upkeep\n|turn|10\n|\n|t:|1699851991\n|move|p2a: lol lmao even|Protect|p2a: lol lmao even\n|-singleturn|p2a: lol lmao even|Protect\n|move|p1a: Blissey|Seismic Toss|p2a: lol lmao even\n|-activate|p2a: lol lmao even|move: Protect\n|\n|-heal|p1a: Blissey|100\/100 tox|[from] item: Leftovers\n|-heal|p2a: lol lmao even|58\/100 tox|[from] ability: Poison Heal\n|-damage|p1a: Blissey|88\/100 tox|[from] psn\n|upkeep\n|turn|11\n|\n|t:|1699852008\n|-curestatus|p1a: Blissey|tox|[from] ability: Natural Cure\n|switch|p1a: Volcarona|Volcarona, F|100\/100\n|move|p2a: lol lmao even|Spikes|p1a: Volcarona\n|-sidestart|p1: eodkbttmsbed|Spikes\n|\n|-heal|p2a: lol lmao even|71\/100 tox|[from] ability: Poison Heal\n|upkeep\n|turn|12\n|\n|t:|1699852017\n|move|p1a: Volcarona|Fiery Dance|p2a: lol lmao even\n|-damage|p2a: lol lmao even|17\/100 tox\n|move|p2a: lol lmao even|Toxic|p1a: Volcarona\n|-status|p1a: Volcarona|tox\n|\n|-damage|p1a: Volcarona|94\/100 tox|[from] psn\n|-heal|p2a: lol lmao even|29\/100 tox|[from] ability: Poison Heal\n|upkeep\n|turn|13\n|\n|t:|1699852025\n|move|p2a: lol lmao even|Protect|p2a: lol lmao even\n|-singleturn|p2a: lol lmao even|Protect\n|move|p1a: Volcarona|Fiery Dance|p2a: lol lmao even\n|-activate|p2a: lol lmao even|move: Protect\n|\n|-damage|p1a: Volcarona|82\/100 tox|[from] psn\n|-heal|p2a: lol lmao even|42\/100 tox|[from] ability: Poison Heal\n|upkeep\n|turn|14\n|inactive|99MnM99 has 120 seconds left.\n|\n|t:|1699852065\n|switch|p2a: Goreclaw|Ursaluna-Bloodmoon, M|100\/100\n|-damage|p2a: Goreclaw|88\/100|[from] Spikes\n|move|p1a: Volcarona|Fiery Dance|p2a: Goreclaw\n|-damage|p2a: Goreclaw|38\/100\n|\n|-heal|p2a: Goreclaw|44\/100|[from] item: Leftovers\n|-damage|p1a: Volcarona|64\/100 tox|[from] psn\n|upkeep\n|turn|15\n|\n|t:|1699852080\n|move|p1a: Volcarona|Giga Drain|p2a: Goreclaw\n|-supereffective|p2a: Goreclaw\n|-damage|p2a: Goreclaw|0 fnt\n|-heal|p1a: Volcarona|94\/100 tox|[from] drain|[of] p2a: Goreclaw\n|faint|p2a: Goreclaw\n|\n|-damage|p1a: Volcarona|69\/100 tox|[from] psn\n|upkeep\n|\n|t:|1699852086\n|switch|p2a: lol lmao even|Gliscor, F|42\/100 tox\n|turn|16\n|\n|t:|1699852095\n|move|p2a: lol lmao even|Protect|p2a: lol lmao even\n|-singleturn|p2a: lol lmao even|Protect\n|move|p1a: Volcarona|Quiver Dance|p1a: Volcarona\n|-boost|p1a: Volcarona|spa|1\n|-boost|p1a: Volcarona|spd|1\n|-boost|p1a: Volcarona|spe|1\n|\n|-damage|p1a: Volcarona|39\/100 tox|[from] psn\n|-heal|p2a: lol lmao even|54\/100 tox|[from] ability: Poison Heal\n|upkeep\n|turn|17\n|\n|t:|1699852104\n|switch|p2a: Rubber (2011)|Great Tusk|100\/100\n|-damage|p2a: Rubber (2011)|88\/100|[from] Spikes\n|-enditem|p2a: Rubber (2011)|Booster Energy\n|-activate|p2a: Rubber (2011)|ability: Protosynthesis|[fromitem]\n|-start|p2a: Rubber (2011)|protosynthesisspe\n|move|p1a: Volcarona|Giga Drain|p2a: Rubber (2011)\n|-supereffective|p2a: Rubber (2011)\n|-damage|p2a: Rubber (2011)|0 fnt\n|-heal|p1a: Volcarona|99\/100 tox|[from] drain|[of] p2a: Rubber (2011)\n|faint|p2a: Rubber (2011)\n|-end|p2a: Rubber (2011)|Protosynthesis|[silent]\n|\n|-damage|p1a: Volcarona|63\/100 tox|[from] psn\n|upkeep\n|\n|t:|1699852112\n|switch|p2a: Bilge|Garchomp, F|100\/100\n|-damage|p2a: Bilge|88\/100|[from] Spikes\n|turn|18\n|\n|t:|1699852124\n|move|p1a: Volcarona|Bug Buzz|p2a: Bilge\n|-damage|p2a: Bilge|0 fnt\n|faint|p2a: Bilge\n|\n|-damage|p1a: Volcarona|20\/100 tox|[from] psn\n|upkeep\n|\n|t:|1699852128\n|switch|p2a: lol lmao even|Gliscor, F|54\/100 tox\n|turn|19\n|\n|t:|1699852141\n|switch|p1a: Blissey|Blissey, F|88\/100\n|-damage|p1a: Blissey|76\/100|[from] Spikes\n|move|p2a: lol lmao even|Protect||[still]\n|-fail|p2a: lol lmao even\n|\n|-heal|p1a: Blissey|82\/100|[from] item: Leftovers\n|-heal|p2a: lol lmao even|67\/100 tox|[from] ability: Poison Heal\n|upkeep\n|turn|20\n|\n|t:|1699852150\n|move|p2a: lol lmao even|Toxic|p1a: Blissey\n|-status|p1a: Blissey|tox\n|move|p1a: Blissey|Heal Bell|p1a: Blissey\n|-activate|p1a: Blissey|move: Heal Bell\n|-curestatus|p1a: Blissey|tox|[msg]\n|-curestatus|p1: Volcarona|tox|[msg]\n|\n|-heal|p1a: Blissey|88\/100|[from] item: Leftovers\n|-heal|p2a: lol lmao even|79\/100 tox|[from] ability: Poison Heal\n|upkeep\n|turn|21\n|\n|t:|1699852166\n|move|p2a: lol lmao even|Toxic|p1a: Blissey\n|-status|p1a: Blissey|tox\n|move|p1a: Blissey|Seismic Toss|p2a: lol lmao even\n|-damage|p2a: lol lmao even|51\/100 tox\n|\n|-heal|p1a: Blissey|94\/100 tox|[from] item: Leftovers\n|-heal|p2a: lol lmao even|63\/100 tox|[from] ability: Poison Heal\n|-damage|p1a: Blissey|88\/100 tox|[from] psn\n|upkeep\n|turn|22\n|\n|t:|1699852176\n|-curestatus|p1a: Blissey|tox|[from] ability: Natural Cure\n|switch|p1a: Volcarona|Volcarona, F|20\/100\n|move|p2a: lol lmao even|Earthquake|p1a: Volcarona\n|-crit|p1a: Volcarona\n|-damage|p1a: Volcarona|0 fnt\n|faint|p1a: Volcarona\n|\n|-heal|p2a: lol lmao even|76\/100 tox|[from] ability: Poison Heal\n|upkeep\n|\n|t:|1699852190\n|switch|p1a: Groudon|Groudon|100\/100\n|-damage|p1a: Groudon|88\/100|[from] Spikes\n|-weather|SunnyDay|[from] ability: Drought|[of] p1a: Groudon\n|turn|23\n|\n|t:|1699852200\n|-terastallize|p1a: Groudon|Grass\n|move|p2a: lol lmao even|Toxic|p1a: Groudon|[miss]\n|-miss|p2a: lol lmao even|p1a: Groudon\n|move|p1a: Groudon|Tera Blast|p2a: lol lmao even|[anim] Tera Blast Grass\n|-damage|p2a: lol lmao even|46\/100 tox\n|\n|-weather|SunnyDay|[upkeep]\n|-heal|p2a: lol lmao even|58\/100 tox|[from] ability: Poison Heal\n|upkeep\n|turn|24\n|\n|t:|1699852208\n|move|p2a: lol lmao even|Toxic|p1a: Groudon\n|-status|p1a: Groudon|tox\n|move|p1a: Groudon|Bulk Up|p1a: Groudon\n|-boost|p1a: Groudon|atk|1\n|-boost|p1a: Groudon|def|1\n|\n|-weather|SunnyDay|[upkeep]\n|-heal|p2a: lol lmao even|71\/100 tox|[from] ability: Poison Heal\n|-damage|p1a: Groudon|82\/100 tox|[from] psn\n|upkeep\n|turn|25\n|\n|t:|1699852218\n|switch|p2a: Inari|Landorus, M|100\/100\n|move|p1a: Groudon|Tera Blast|p2a: Inari|[anim] Tera Blast Grass\n|-crit|p2a: Inari\n|-damage|p2a: Inari|0 fnt\n|faint|p2a: Inari\n|\n|-weather|SunnyDay|[upkeep]\n|-damage|p1a: Groudon|70\/100 tox|[from] psn\n|upkeep\n|\n|t:|1699852225\n|switch|p2a: lol lmao even|Gliscor, F|71\/100 tox\n|turn|26\n|\n|t:|1699852229\n|move|p2a: lol lmao even|Protect|p2a: lol lmao even\n|-singleturn|p2a: lol lmao even|Protect\n|move|p1a: Groudon|Bulk Up|p1a: Groudon\n|-boost|p1a: Groudon|atk|1\n|-boost|p1a: Groudon|def|1\n|\n|-weather|SunnyDay|[upkeep]\n|-heal|p2a: lol lmao even|83\/100 tox|[from] ability: Poison Heal\n|-damage|p1a: Groudon|51\/100 tox|[from] psn\n|upkeep\n|turn|27\n|\n|t:|1699852235\n|move|p2a: lol lmao even|Protect||[still]\n|-fail|p2a: lol lmao even\n|move|p1a: Groudon|Tera Blast|p2a: lol lmao even|[anim] Tera Blast Grass\n|-damage|p2a: lol lmao even|18\/100 tox\n|\n|-weather|SunnyDay|[upkeep]\n|-heal|p2a: lol lmao even|31\/100 tox|[from] ability: Poison Heal\n|-damage|p1a: Groudon|26\/100 tox|[from] psn\n|upkeep\n|turn|28\n|\n|t:|1699852245\n|switch|p1a: Blissey|Blissey, F|88\/100\n|-damage|p1a: Blissey|76\/100|[from] Spikes\n|move|p2a: lol lmao even|Protect||[still]\n|-fail|p2a: lol lmao even\n|\n|-weather|SunnyDay|[upkeep]\n|-heal|p1a: Blissey|82\/100|[from] item: Leftovers\n|-heal|p2a: lol lmao even|43\/100 tox|[from] ability: Poison Heal\n|upkeep\n|turn|29\n|\n|t:|1699852251\n|move|p2a: lol lmao even|Toxic|p1a: Blissey\n|-status|p1a: Blissey|tox\n|move|p1a: Blissey|Heal Bell|p1a: Blissey\n|-activate|p1a: Blissey|move: Heal Bell\n|-curestatus|p1a: Blissey|tox|[msg]\n|-curestatus|p1: Groudon|tox|[msg]\n|\n|-weather|SunnyDay|[upkeep]\n|-heal|p1a: Blissey|88\/100|[from] item: Leftovers\n|-heal|p2a: lol lmao even|56\/100 tox|[from] ability: Poison Heal\n|upkeep\n|turn|30\n|\n|t:|1699852261\n|switch|p1a: Groudon|Groudon, tera:Grass|26\/100\n|-damage|p1a: Groudon|14\/100|[from] Spikes\n|move|p2a: lol lmao even|Toxic|p1a: Groudon\n|-status|p1a: Groudon|tox\n|\n|-weather|none\n|-heal|p2a: lol lmao even|68\/100 tox|[from] ability: Poison Heal\n|-damage|p1a: Groudon|8\/100 tox|[from] psn\n|upkeep\n|turn|31\n|\n|t:|1699852287\n|switch|p1a: Clodsire|Clodsire, M|100\/100\n|-damage|p1a: Clodsire|88\/100|[from] Spikes\n|move|p2a: lol lmao even|Earthquake|p1a: Clodsire\n|-supereffective|p1a: Clodsire\n|-damage|p1a: Clodsire|10\/100\n|\n|-heal|p1a: Clodsire|17\/100|[from] item: Leftovers\n|-heal|p2a: lol lmao even|81\/100 tox|[from] ability: Poison Heal\n|upkeep\n|turn|32\n|\n|t:|1699852302\n|move|p2a: lol lmao even|Earthquake|p1a: Clodsire\n|-supereffective|p1a: Clodsire\n|-damage|p1a: Clodsire|0 fnt\n|faint|p1a: Clodsire\n|\n|-heal|p2a: lol lmao even|93\/100 tox|[from] ability: Poison Heal\n|upkeep\n|\n|t:|1699852304\n|switch|p1a: Blissey|Blissey, F|88\/100\n|-damage|p1a: Blissey|75\/100|[from] Spikes\n|turn|33\n|j| Angus1\n|\n|t:|1699852315\n|move|p2a: lol lmao even|Toxic|p1a: Blissey\n|-status|p1a: Blissey|tox\n|move|p1a: Blissey|Soft-Boiled|p1a: Blissey\n|-heal|p1a: Blissey|100\/100 tox\n|\n|-heal|p2a: lol lmao even|100\/100 tox|[from] ability: Poison Heal\n|-damage|p1a: Blissey|94\/100 tox|[from] psn\n|upkeep\n|turn|34\n|\n|t:|1699852324\n|move|p2a: lol lmao even|Earthquake|p1a: Blissey\n|-damage|p1a: Blissey|64\/100 tox\n|move|p1a: Blissey|Heal Bell|p1a: Blissey\n|-activate|p1a: Blissey|move: Heal Bell\n|-curestatus|p1a: Blissey|tox|[msg]\n|-curestatus|p1: Groudon|tox|[msg]\n|\n|-heal|p1a: Blissey|71\/100|[from] item: Leftovers\n|upkeep\n|turn|35\n|\n|t:|1699852336\n|move|p2a: lol lmao even|Toxic|p1a: Blissey\n|-status|p1a: Blissey|tox\n|move|p1a: Blissey|Seismic Toss|p2a: lol lmao even\n|-damage|p2a: lol lmao even|72\/100 tox\n|\n|-heal|p1a: Blissey|77\/100 tox|[from] item: Leftovers\n|-heal|p2a: lol lmao even|85\/100 tox|[from] ability: Poison Heal\n|-damage|p1a: Blissey|71\/100 tox|[from] psn\n|upkeep\n|turn|36\n|\n|t:|1699852346\n|move|p2a: lol lmao even|Spikes|p1a: Blissey\n|-sidestart|p1: eodkbttmsbed|Spikes\n|move|p1a: Blissey|Heal Bell|p1a: Blissey\n|-activate|p1a: Blissey|move: Heal Bell\n|-curestatus|p1a: Blissey|tox|[msg]\n|\n|-heal|p1a: Blissey|77\/100|[from] item: Leftovers\n|-heal|p2a: lol lmao even|97\/100 tox|[from] ability: Poison Heal\n|upkeep\n|turn|37\n|\n|t:|1699852360\n|move|p2a: lol lmao even|Spikes|p1a: Blissey\n|-sidestart|p1: eodkbttmsbed|Spikes\n|move|p1a: Blissey|Seismic Toss|p2a: lol lmao even\n|-damage|p2a: lol lmao even|69\/100 tox\n|\n|-heal|p1a: Blissey|83\/100|[from] item: Leftovers\n|-heal|p2a: lol lmao even|81\/100 tox|[from] ability: Poison Heal\n|upkeep\n|turn|38\n|\n|t:|1699852370\n|move|p2a: lol lmao even|Toxic|p1a: Blissey\n|-status|p1a: Blissey|tox\n|move|p1a: Blissey|Seismic Toss|p2a: lol lmao even\n|-damage|p2a: lol lmao even|53\/100 tox\n|\n|-heal|p1a: Blissey|89\/100 tox|[from] item: Leftovers\n|-heal|p2a: lol lmao even|65\/100 tox|[from] ability: Poison Heal\n|-damage|p1a: Blissey|83\/100 tox|[from] psn\n|upkeep\n|turn|39\n|\n|t:|1699852381\n|move|p2a: lol lmao even|Earthquake|p1a: Blissey\n|-damage|p1a: Blissey|57\/100 tox\n|move|p1a: Blissey|Seismic Toss|p2a: lol lmao even\n|-damage|p2a: lol lmao even|37\/100 tox\n|\n|-heal|p1a: Blissey|63\/100 tox|[from] item: Leftovers\n|-heal|p2a: lol lmao even|49\/100 tox|[from] ability: Poison Heal\n|-damage|p1a: Blissey|50\/100 tox|[from] psn\n|upkeep\n|turn|40\n|\n|t:|1699852391\n|move|p2a: lol lmao even|Earthquake|p1a: Blissey\n|-damage|p1a: Blissey|20\/100 tox\n|move|p1a: Blissey|Soft-Boiled|p1a: Blissey\n|-heal|p1a: Blissey|70\/100 tox\n|\n|-heal|p1a: Blissey|76\/100 tox|[from] item: Leftovers\n|-heal|p2a: lol lmao even|62\/100 tox|[from] ability: Poison Heal\n|-damage|p1a: Blissey|58\/100 tox|[from] psn\n|upkeep\n|turn|41\n|\n|t:|1699852404\n|-curestatus|p1a: Blissey|tox|[from] ability: Natural Cure\n|switch|p1a: Groudon|Groudon, tera:Grass|8\/100\n|-damage|p1a: Groudon|0 fnt|[from] Spikes\n|faint|p1a: Groudon\n|move|p2a: lol lmao even|Earthquake|p1: Groudon|[notarget]\n|-fail|p2a: lol lmao even\n|\n|-heal|p2a: lol lmao even|74\/100 tox|[from] ability: Poison Heal\n|upkeep\n|\n|t:|1699852406\n|switch|p1a: Blissey|Blissey, F|58\/100\n|-damage|p1a: Blissey|33\/100|[from] Spikes\n|turn|42\n|\n|t:|1699852420\n|move|p2a: lol lmao even|Toxic|p1a: Blissey\n|-status|p1a: Blissey|tox\n|move|p1a: Blissey|Soft-Boiled|p1a: Blissey\n|-heal|p1a: Blissey|83\/100 tox\n|\n|-heal|p1a: Blissey|89\/100 tox|[from] item: Leftovers\n|-heal|p2a: lol lmao even|87\/100 tox|[from] ability: Poison Heal\n|-damage|p1a: Blissey|83\/100 tox|[from] psn\n|upkeep\n|turn|43\n|\n|t:|1699852431\n|move|p2a: lol lmao even|Earthquake|p1a: Blissey\n|-damage|p1a: Blissey|56\/100 tox\n|move|p1a: Blissey|Heal Bell|p1a: Blissey\n|-activate|p1a: Blissey|move: Heal Bell\n|-curestatus|p1a: Blissey|tox|[msg]\n|\n|-heal|p1a: Blissey|63\/100|[from] item: Leftovers\n|-heal|p2a: lol lmao even|99\/100 tox|[from] ability: Poison Heal\n|upkeep\n|turn|44\n|\n|t:|1699852445\n|move|p2a: lol lmao even|Toxic|p1a: Blissey\n|-status|p1a: Blissey|tox\n|move|p1a: Blissey|Seismic Toss|p2a: lol lmao even\n|-damage|p2a: lol lmao even|71\/100 tox\n|\n|-heal|p1a: Blissey|69\/100 tox|[from] item: Leftovers\n|-heal|p2a: lol lmao even|83\/100 tox|[from] ability: Poison Heal\n|-damage|p1a: Blissey|63\/100 tox|[from] psn\n|upkeep\n|turn|45\n|\n|t:|1699852454\n|move|p2a: lol lmao even|Earthquake|p1a: Blissey\n|-damage|p1a: Blissey|36\/100 tox\n|move|p1a: Blissey|Heal Bell|p1a: Blissey\n|-activate|p1a: Blissey|move: Heal Bell\n|-curestatus|p1a: Blissey|tox|[msg]\n|\n|-heal|p1a: Blissey|43\/100|[from] item: Leftovers\n|-heal|p2a: lol lmao even|96\/100 tox|[from] ability: Poison Heal\n|upkeep\n|turn|46\n|\n|t:|1699852465\n|move|p2a: lol lmao even|Toxic|p1a: Blissey\n|-status|p1a: Blissey|tox\n|move|p1a: Blissey|Soft-Boiled|p1a: Blissey\n|-heal|p1a: Blissey|93\/100 tox\n|\n|-heal|p1a: Blissey|99\/100 tox|[from] item: Leftovers\n|-heal|p2a: lol lmao even|100\/100 tox|[from] ability: Poison Heal\n|-damage|p1a: Blissey|93\/100 tox|[from] psn\n|upkeep\n|turn|47\n|\n|t:|1699852483\n|move|p2a: lol lmao even|Earthquake|p1a: Blissey\n|-damage|p1a: Blissey|62\/100 tox\n|move|p1a: Blissey|Heal Bell|p1a: Blissey\n|-activate|p1a: Blissey|move: Heal Bell\n|-curestatus|p1a: Blissey|tox|[msg]\n|\n|-heal|p1a: Blissey|68\/100|[from] item: Leftovers\n|upkeep\n|turn|48\n|\n|t:|1699852492\n|move|p2a: lol lmao even|Toxic|p1a: Blissey|[miss]\n|-miss|p2a: lol lmao even|p1a: Blissey\n|move|p1a: Blissey|Seismic Toss|p2a: lol lmao even\n|-damage|p2a: lol lmao even|72\/100 tox\n|\n|-heal|p1a: Blissey|74\/100|[from] item: Leftovers\n|-heal|p2a: lol lmao even|85\/100 tox|[from] ability: Poison Heal\n|upkeep\n|turn|49\n|\n|t:|1699852502\n|move|p2a: lol lmao even|Earthquake|p1a: Blissey\n|-damage|p1a: Blissey|48\/100\n|move|p1a: Blissey|Seismic Toss|p2a: lol lmao even\n|-damage|p2a: lol lmao even|56\/100 tox\n|\n|-heal|p1a: Blissey|54\/100|[from] item: Leftovers\n|-heal|p2a: lol lmao even|69\/100 tox|[from] ability: Poison Heal\n|upkeep\n|turn|50\n|\n|t:|1699852519\n|move|p2a: lol lmao even|Earthquake|p1a: Blissey\n|-damage|p1a: Blissey|26\/100\n|move|p1a: Blissey|Soft-Boiled|p1a: Blissey\n|-heal|p1a: Blissey|76\/100\n|\n|-heal|p1a: Blissey|82\/100|[from] item: Leftovers\n|-heal|p2a: lol lmao even|81\/100 tox|[from] ability: Poison Heal\n|upkeep\n|turn|51\n|\n|t:|1699852529\n|move|p2a: lol lmao even|Spikes||[still]\n|-fail|p2a: lol lmao even\n|move|p1a: Blissey|Seismic Toss|p2a: lol lmao even\n|-damage|p2a: lol lmao even|53\/100 tox\n|\n|-heal|p1a: Blissey|89\/100|[from] item: Leftovers\n|-heal|p2a: lol lmao even|65\/100 tox|[from] ability: Poison Heal\n|upkeep\n|turn|52\n|\n|t:|1699852536\n|move|p2a: lol lmao even|Spikes||[still]\n|-fail|p2a: lol lmao even\n|move|p1a: Blissey|Seismic Toss|p2a: lol lmao even\n|-damage|p2a: lol lmao even|37\/100 tox\n|\n|-heal|p1a: Blissey|95\/100|[from] item: Leftovers\n|-heal|p2a: lol lmao even|49\/100 tox|[from] ability: Poison Heal\n|upkeep\n|turn|53\n|\n|t:|1699852544\n|move|p2a: lol lmao even|Spikes||[still]\n|-fail|p2a: lol lmao even\n|move|p1a: Blissey|Seismic Toss|p2a: lol lmao even\n|-damage|p2a: lol lmao even|21\/100 tox\n|\n|-heal|p1a: Blissey|100\/100|[from] item: Leftovers\n|-heal|p2a: lol lmao even|33\/100 tox|[from] ability: Poison Heal\n|upkeep\n|turn|54\n|\n|t:|1699852558\n|move|p2a: lol lmao even|Spikes||[still]\n|-fail|p2a: lol lmao even\n|move|p1a: Blissey|Seismic Toss|p2a: lol lmao even\n|-damage|p2a: lol lmao even|5\/100 tox\n|\n|-heal|p2a: lol lmao even|18\/100 tox|[from] ability: Poison Heal\n|upkeep\n|turn|55\n|c|\u2606eodkbttmsbed|gg\n|\n|t:|1699852566\n|move|p2a: lol lmao even|Protect|p2a: lol lmao even\n|-singleturn|p2a: lol lmao even|Protect\n|move|p1a: Blissey|Seismic Toss|p2a: lol lmao even\n|-activate|p2a: lol lmao even|move: Protect\n|\n|-heal|p2a: lol lmao even|30\/100 tox|[from] ability: Poison Heal\n|upkeep\n|turn|56\n|\n|t:|1699852578\n|move|p2a: lol lmao even|Spikes||[still]\n|-fail|p2a: lol lmao even\n|move|p1a: Blissey|Seismic Toss|p2a: lol lmao even\n|-damage|p2a: lol lmao even|2\/100 tox\n|\n|-heal|p2a: lol lmao even|14\/100 tox|[from] ability: Poison Heal\n|upkeep\n|turn|57\n|n|!99MnM99|99mnm99\n|inactive|99MnM99 has 120 seconds left.\n|\n|t:|1699852608\n|move|p2a: lol lmao even|Protect|p2a: lol lmao even\n|-singleturn|p2a: lol lmao even|Protect\n|move|p1a: Blissey|Seismic Toss|p2a: lol lmao even\n|-activate|p2a: lol lmao even|move: Protect\n|\n|-heal|p2a: lol lmao even|27\/100 tox|[from] ability: Poison Heal\n|upkeep\n|turn|58\n|inactive|99MnM99 has 120 seconds left.\n|inactive|99MnM99 has 90 seconds left.\n|inactive|99MnM99 has 60 seconds left.\n|inactive|99MnM99 has 30 seconds left.\n|inactive|99MnM99 has 20 seconds left.\n|inactive|99MnM99 has 15 seconds left.\n|inactive|99MnM99 has 10 seconds left.\n|inactive|99MnM99 has 5 seconds left.\n|-message|99MnM99 lost due to inactivity.\n|\n|win|eodkbttmsbed\n|raw|eodkbttmsbed's rating: 1096 &rarr; <strong>1118<\/strong><br \/>(+22 for winning)\n|raw|99MnM99's rating: 1050 &rarr; <strong>1035<\/strong><br \/>(-15 for losing)\n","uploadtime":1699852591,"views":6,"p1id":"eodkbttmsbed","p2id":"99mnm99","formatid":"gen9ubers","rating":1035,"private":0,"password":""}