{"id":"gen9ubers-1982174385","p1":"FoxasBat","p2":"Dono_XD","format":"[Gen 9] Ubers","log":"|j|\u2606FoxasBat\n|j|\u2606Dono_XD\n|t:|1698975608\n|gametype|singles\n|player|p1|FoxasBat|170|\n|player|p2|Dono_XD|elesa|\n|teamsize|p1|6\n|teamsize|p2|6\n|gen|9\n|tier|[Gen 9] Ubers\n|rule|Sleep Clause Mod: Limit one foe put to sleep\n|rule|Species Clause: Limit one of each Pok\u00e9mon\n|rule|OHKO Clause: OHKO moves are banned\n|rule|Evasion Items Clause: Evasion items are banned\n|rule|Evasion Moves Clause: Evasion moves are banned\n|rule|Endless Battle Clause: Forcing endless battles is banned\n|rule|HP Percentage Mod: HP is shown in percentages\n|clearpoke\n|poke|p1|Clodsire, M|\n|poke|p1|Roaring Moon|\n|poke|p1|Armarouge, F|\n|poke|p1|Decidueye, F|\n|poke|p1|Sliggoo-Hisui, F|\n|poke|p1|Dunsparce, M|\n|poke|p2|Corviknight, M|\n|poke|p2|Gengar, M|\n|poke|p2|Decidueye-Hisui, F|\n|poke|p2|Sableye, M|\n|poke|p2|Raichu, F|\n|poke|p2|Jigglypuff, M|\n|teampreview\n|\n|t:|1698975644\n|start\n|switch|p1a: Clodsire|Clodsire, M|100\/100\n|switch|p2a: I smell pennies|Sableye, M|100\/100\n|turn|1\n|\n|t:|1698975656\n|move|p2a: I smell pennies|Light Screen|p2a: I smell pennies\n|-sidestart|p2: Dono_XD|move: Light Screen\n|move|p1a: Clodsire|Toxic|p2a: I smell pennies\n|-status|p2a: I smell pennies|tox\n|\n|-damage|p2a: I smell pennies|95\/100 tox|[from] psn\n|upkeep\n|turn|2\n|\n|t:|1698975662\n|move|p2a: I smell pennies|Will-O-Wisp|p1a: Clodsire|[miss]\n|-miss|p2a: I smell pennies|p1a: Clodsire\n|move|p1a: Clodsire|Stealth Rock|p2a: I smell pennies\n|-sidestart|p2: Dono_XD|move: Stealth Rock\n|\n|-damage|p2a: I smell pennies|83\/100 tox|[from] psn\n|upkeep\n|turn|3\n|\n|t:|1698975672\n|move|p2a: I smell pennies|Will-O-Wisp|p1a: Clodsire\n|-status|p1a: Clodsire|brn\n|move|p1a: Clodsire|Toxic|p2a: I smell pennies\n|-fail|p2a: I smell pennies|tox\n|\n|-damage|p2a: I smell pennies|65\/100 tox|[from] psn\n|-damage|p1a: Clodsire|94\/100 brn|[from] brn\n|upkeep\n|turn|4\n|\n|t:|1698975680\n|move|p2a: I smell pennies|Reflect|p2a: I smell pennies\n|-sidestart|p2: Dono_XD|Reflect\n|move|p1a: Clodsire|Earthquake|p2a: I smell pennies\n|-damage|p2a: I smell pennies|58\/100 tox\n|\n|-heal|p1a: Clodsire|100\/100 brn|[from] item: Leftovers\n|-damage|p2a: I smell pennies|34\/100 tox|[from] psn\n|-damage|p1a: Clodsire|94\/100 brn|[from] brn\n|upkeep\n|turn|5\n|\n|t:|1698975695\n|move|p2a: I smell pennies|Knock Off|p1a: Clodsire\n|-damage|p1a: Clodsire|65\/100 brn\n|-enditem|p1a: Clodsire|Leftovers|[from] move: Knock Off|[of] p2a: I smell pennies\n|move|p1a: Clodsire|Toxic|p2a: I smell pennies\n|-fail|p2a: I smell pennies|tox\n|\n|-damage|p2a: I smell pennies|4\/100 tox|[from] psn\n|-damage|p1a: Clodsire|59\/100 brn|[from] brn\n|upkeep\n|turn|6\n|\n|t:|1698975704\n|move|p2a: I smell pennies|Knock Off|p1a: Clodsire\n|-damage|p1a: Clodsire|42\/100 brn\n|move|p1a: Clodsire|Earthquake|p2a: I smell pennies\n|-damage|p2a: I smell pennies|0 fnt\n|faint|p2a: I smell pennies\n|\n|-damage|p1a: Clodsire|35\/100 brn|[from] brn\n|upkeep\n|\n|t:|1698975731\n|switch|p2a: Decidueye|Decidueye-Hisui, F, shiny|100\/100\n|-damage|p2a: Decidueye|95\/100|[from] Stealth Rock\n|turn|7\n|\n|t:|1698975738\n|switch|p2a: Noah|Gengar, M, shiny|100\/100\n|-damage|p2a: Noah|88\/100|[from] Stealth Rock\n|move|p1a: Clodsire|Recover|p1a: Clodsire\n|-heal|p1a: Clodsire|85\/100 brn\n|\n|-damage|p1a: Clodsire|79\/100 brn|[from] brn\n|upkeep\n|turn|8\n|\n|t:|1698975787\n|switch|p1a: Roaring Moon|Roaring Moon|100\/100\n|-enditem|p1a: Roaring Moon|Booster Energy\n|-activate|p1a: Roaring Moon|ability: Protosynthesis|[fromitem]\n|-start|p1a: Roaring Moon|protosynthesisatk\n|move|p2a: Noah|Trick|p1a: Roaring Moon\n|-activate|p2a: Noah|move: Trick|[of] p1a: Roaring Moon\n|-item|p1a: Roaring Moon|Choice Specs|[from] move: Trick\n|-enditem|p2a: Noah|Choice Specs|[silent]|[from] move: Trick\n|\n|-sideend|p2: Dono_XD|move: Light Screen\n|upkeep\n|turn|9\n|\n|t:|1698975805\n|-terastallize|p1a: Roaring Moon|Flying\n|move|p2a: Noah|Sludge Bomb|p1a: Roaring Moon\n|-damage|p1a: Roaring Moon|59\/100\n|move|p1a: Roaring Moon|Acrobatics|p2a: Noah\n|-damage|p2a: Noah|45\/100\n|-start|p1a: Roaring Moon|Disable|Acrobatics|[from] ability: Cursed Body|[of] p2a: Noah\n|\n|upkeep\n|turn|10\n|\n|t:|1698975838\n|-end|p1a: Roaring Moon|Protosynthesis|[silent]\n|switch|p1a: Sliggoo|Sliggoo-Hisui, F|100\/100\n|move|p2a: Noah|Sludge Bomb|p1a: Sliggoo\n|-immune|p1a: Sliggoo\n|\n|upkeep\n|turn|11\n|\n|t:|1698975855\n|move|p2a: Noah|Trick|p1a: Sliggoo\n|-activate|p2a: Noah|move: Trick|[of] p1a: Sliggoo\n|-enditem|p1a: Sliggoo|Eviolite|[silent]|[from] move: Trick\n|-item|p2a: Noah|Eviolite|[from] move: Trick\n|move|p1a: Sliggoo|Ice Beam|p2a: Noah\n|-damage|p2a: Noah|9\/100\n|\n|-sideend|p2: Dono_XD|Reflect\n|upkeep\n|turn|12\n|\n|t:|1698975874\n|move|p2a: Noah|Energy Ball|p1a: Sliggoo\n|-ability|p1a: Sliggoo|Sap Sipper|boost\n|-boost|p1a: Sliggoo|atk|1\n|move|p1a: Sliggoo|Flash Cannon|p2a: Noah\n|-damage|p2a: Noah|0 fnt\n|faint|p2a: Noah\n|\n|upkeep\n|\n|t:|1698975890\n|switch|p2a: Decidueye|Decidueye-Hisui, F, shiny|95\/100\n|-damage|p2a: Decidueye|89\/100|[from] Stealth Rock\n|turn|13\n|\n|t:|1698975899\n|move|p2a: Decidueye|Close Combat|p1a: Sliggoo\n|-supereffective|p1a: Sliggoo\n|-damage|p1a: Sliggoo|0 fnt\n|-unboost|p2a: Decidueye|def|1\n|-unboost|p2a: Decidueye|spd|1\n|faint|p1a: Sliggoo\n|\n|upkeep\n|\n|t:|1698975910\n|switch|p1a: Decidueye|Decidueye, F|100\/100\n|turn|14\n|\n|t:|1698975931\n|move|p2a: Decidueye|Knock Off|p1a: Decidueye\n|-supereffective|p1a: Decidueye\n|-damage|p1a: Decidueye|49\/100\n|-enditem|p1a: Decidueye|Heavy-Duty Boots|[from] move: Knock Off|[of] p2a: Decidueye\n|move|p1a: Decidueye|Spirit Shackle|p2a: Decidueye\n|-damage|p2a: Decidueye|32\/100\n|-activate|p2a: Decidueye|trapped\n|\n|upkeep\n|turn|15\n|\n|t:|1698975952\n|move|p2a: Decidueye|Knock Off|p1a: Decidueye\n|-supereffective|p1a: Decidueye\n|-damage|p1a: Decidueye|14\/100\n|move|p1a: Decidueye|U-turn|p2a: Decidueye\n|-damage|p2a: Decidueye|0 fnt\n|faint|p2a: Decidueye\n|\n|t:|1698975960\n|switch|p1a: Roaring Moon|Roaring Moon, tera:Flying|59\/100|[from] U-turn\n|\n|upkeep\n|\n|t:|1698975965\n|switch|p2a: Virgil|Raichu, F, shiny|100\/100\n|-damage|p2a: Virgil|88\/100|[from] Stealth Rock\n|-item|p2a: Virgil|Air Balloon\n|turn|16\n|\n|t:|1698975980\n|move|p2a: Virgil|Thunderbolt|p1a: Roaring Moon\n|-supereffective|p1a: Roaring Moon\n|-damage|p1a: Roaring Moon|0 fnt\n|faint|p1a: Roaring Moon\n|-end|p1a: Roaring Moon|Protosynthesis|[silent]\n|\n|upkeep\n|\n|t:|1698975988\n|switch|p1a: Armarouge|Armarouge, F|100\/100\n|turn|17\n|\n|t:|1698976018\n|move|p2a: Virgil|Nasty Plot|p2a: Virgil\n|-boost|p2a: Virgil|spa|2\n|move|p1a: Armarouge|Calm Mind|p1a: Armarouge\n|-boost|p1a: Armarouge|spa|1\n|-boost|p1a: Armarouge|spd|1\n|\n|upkeep\n|turn|18\n|\n|t:|1698976042\n|move|p2a: Virgil|Thunderbolt|p1a: Armarouge\n|-damage|p1a: Armarouge|37\/100\n|move|p1a: Armarouge|Calm Mind|p1a: Armarouge\n|-boost|p1a: Armarouge|spa|1\n|-boost|p1a: Armarouge|spd|1\n|\n|upkeep\n|turn|19\n|\n|t:|1698976054\n|move|p2a: Virgil|Thunderbolt|p1a: Armarouge\n|-damage|p1a: Armarouge|0 fnt\n|faint|p1a: Armarouge\n|\n|upkeep\n|\n|t:|1698976062\n|switch|p1a: Dunsparce|Dunsparce, M|100\/100\n|turn|20\n|\n|t:|1698976073\n|move|p2a: Virgil|Draining Kiss|p1a: Dunsparce\n|-damage|p1a: Dunsparce|76\/100\n|-heal|p2a: Virgil|100\/100|[from] drain|[of] p1a: Dunsparce\n|move|p1a: Dunsparce|Body Slam|p2a: Virgil\n|-damage|p2a: Virgil|54\/100\n|-enditem|p2a: Virgil|Air Balloon\n|\n|-heal|p1a: Dunsparce|82\/100|[from] item: Leftovers\n|upkeep\n|turn|21\n|\n|t:|1698976083\n|move|p2a: Virgil|Thunderbolt|p1a: Dunsparce\n|-damage|p1a: Dunsparce|15\/100\n|move|p1a: Dunsparce|Earth Power|p2a: Virgil\n|-supereffective|p2a: Virgil\n|-damage|p2a: Virgil|7\/100\n|\n|-heal|p1a: Dunsparce|21\/100|[from] item: Leftovers\n|upkeep\n|turn|22\n|\n|t:|1698976096\n|switch|p1a: Clodsire|Clodsire, M|79\/100 brn\n|move|p2a: Virgil|Thunderbolt|p1a: Clodsire\n|-immune|p1a: Clodsire\n|\n|-damage|p1a: Clodsire|73\/100 brn|[from] brn\n|upkeep\n|turn|23\n|\n|t:|1698976106\n|move|p2a: Virgil|Draining Kiss|p1a: Clodsire\n|-resisted|p1a: Clodsire\n|-damage|p1a: Clodsire|69\/100 brn\n|-heal|p2a: Virgil|12\/100|[from] drain|[of] p1a: Clodsire\n|move|p1a: Clodsire|Toxic|p2a: Virgil\n|-status|p2a: Virgil|tox\n|\n|-damage|p2a: Virgil|6\/100 tox|[from] psn\n|-damage|p1a: Clodsire|62\/100 brn|[from] brn\n|upkeep\n|turn|24\n|\n|t:|1698976123\n|move|p2a: Virgil|Thunderbolt|p1a: Clodsire\n|-immune|p1a: Clodsire\n|move|p1a: Clodsire|Recover|p1a: Clodsire\n|-heal|p1a: Clodsire|100\/100 brn\n|\n|-damage|p2a: Virgil|0 fnt|[from] psn\n|faint|p2a: Virgil\n|-damage|p1a: Clodsire|94\/100 brn|[from] brn\n|upkeep\n|\n|t:|1698976139\n|switch|p2a: Biggest Berd|Corviknight, M, shiny|100\/100\n|-damage|p2a: Biggest Berd|88\/100|[from] Stealth Rock\n|turn|25\n|\n|t:|1698976180\n|switch|p1a: Decidueye|Decidueye, F|14\/100\n|move|p2a: Biggest Berd|Iron Head|p1a: Decidueye\n|-damage|p1a: Decidueye|0 fnt\n|faint|p1a: Decidueye\n|\n|-heal|p2a: Biggest Berd|94\/100|[from] item: Leftovers\n|upkeep\n|\n|t:|1698976191\n|switch|p1a: Dunsparce|Dunsparce, M|21\/100\n|turn|26\n|\n|t:|1698976206\n|move|p2a: Biggest Berd|Iron Head|p1a: Dunsparce\n|-damage|p1a: Dunsparce|0 fnt\n|faint|p1a: Dunsparce\n|\n|-heal|p2a: Biggest Berd|99\/100|[from] item: Leftovers\n|upkeep\n|\n|t:|1698976211\n|switch|p1a: Clodsire|Clodsire, M|94\/100 brn\n|turn|27\n|\n|t:|1698976214\n|move|p2a: Biggest Berd|Iron Head|p1a: Clodsire\n|-damage|p1a: Clodsire|69\/100 brn\n|cant|p1a: Clodsire|flinch\n|\n|-heal|p2a: Biggest Berd|100\/100|[from] item: Leftovers\n|-damage|p1a: Clodsire|63\/100 brn|[from] brn\n|upkeep\n|turn|28\n|\n|t:|1698976221\n|move|p2a: Biggest Berd|Iron Head|p1a: Clodsire\n|-damage|p1a: Clodsire|34\/100 brn\n|cant|p1a: Clodsire|flinch\n|\n|-damage|p1a: Clodsire|28\/100 brn|[from] brn\n|upkeep\n|turn|29\n|\n|t:|1698976227\n|move|p2a: Biggest Berd|Iron Head|p1a: Clodsire\n|-damage|p1a: Clodsire|2\/100 brn\n|cant|p1a: Clodsire|flinch\n|\n|-damage|p1a: Clodsire|0 fnt|[from] brn\n|faint|p1a: Clodsire\n|\n|win|Dono_XD\n|upkeep\n","uploadtime":1698976237,"views":6,"p1id":"foxasbat","p2id":"donoxd","formatid":"gen9ubers","rating":0,"private":0,"password":""}