{"id":"gen9ubers-1997150828","p1":"PennyPoffen","p2":"Halil66","format":"[Gen 9] Ubers","log":"|j|\u2606PennyPoffen\n|j|\u2606Halil66\n|t:|1700769664\n|gametype|singles\n|player|p1|PennyPoffen|dawn-gen4pt|1148\n|player|p2|Halil66|brock|1126\n|teamsize|p1|6\n|teamsize|p2|6\n|gen|9\n|tier|[Gen 9] Ubers\n|rated|\n|rule|Sleep Clause Mod: Limit one foe put to sleep\n|rule|Species Clause: Limit one of each Pok\u00e9mon\n|rule|OHKO Clause: OHKO moves are banned\n|rule|Evasion Items Clause: Evasion items are banned\n|rule|Evasion Moves Clause: Evasion moves are banned\n|rule|Endless Battle Clause: Forcing endless battles is banned\n|rule|HP Percentage Mod: HP is shown in percentages\n|clearpoke\n|poke|p1|Electrode-Hisui|\n|poke|p1|Cinderace, M|\n|poke|p1|Arceus|\n|poke|p1|Orthworm, F|\n|poke|p1|Iron Bundle|\n|poke|p1|Baxcalibur, F|\n|poke|p2|Ursaluna-Bloodmoon, M|\n|poke|p2|Arceus-Water|\n|poke|p2|Mewtwo|\n|poke|p2|Rayquaza|\n|poke|p2|Groudon|\n|poke|p2|Giratina-Origin|\n|teampreview\n|inactive|Battle timer is ON: inactive players will automatically lose when time's up. (requested by Halil66)\n|\n|t:|1700769679\n|start\n|switch|p1a: Cinderace|Cinderace, M|100\/100\n|switch|p2a: Rayquaza|Rayquaza, shiny|100\/100\n|-ability|p2a: Rayquaza|Air Lock\n|turn|1\n|\n|t:|1700769695\n|move|p1a: Cinderace|U-turn|p2a: Rayquaza\n|-start|p1a: Cinderace|typechange|Bug|[from] ability: Libero\n|-resisted|p2a: Rayquaza\n|-damage|p2a: Rayquaza|83\/100\n|\n|t:|1700769700\n|switch|p1a: Orthworm|Orthworm, F|100\/100|[from] U-turn\n|move|p2a: Rayquaza|Dragon Dance|p2a: Rayquaza\n|-boost|p2a: Rayquaza|atk|1\n|-boost|p2a: Rayquaza|spe|1\n|\n|upkeep\n|turn|2\n|\n|t:|1700769708\n|move|p2a: Rayquaza|Earthquake|p1a: Orthworm\n|-immune|p1a: Orthworm|[from] ability: Earth Eater\n|move|p1a: Orthworm|Coil|p1a: Orthworm\n|-boost|p1a: Orthworm|atk|1\n|-boost|p1a: Orthworm|def|1\n|-boost|p1a: Orthworm|accuracy|1\n|\n|upkeep\n|turn|3\n|inactive|PennyPoffen has 120 seconds left.\n|\n|t:|1700769744\n|move|p2a: Rayquaza|Dragon Ascent|p1a: Orthworm\n|-resisted|p1a: Orthworm\n|-damage|p1a: Orthworm|71\/100\n|-unboost|p2a: Rayquaza|def|1\n|-unboost|p2a: Rayquaza|spd|1\n|move|p1a: Orthworm|Iron Tail|p2a: Rayquaza\n|-damage|p2a: Rayquaza|0 fnt\n|faint|p2a: Rayquaza\n|\n|-heal|p1a: Orthworm|77\/100|[from] item: Leftovers\n|upkeep\n|inactive|Halil66 has 120 seconds left.\n|\n|t:|1700769763\n|switch|p2a: Mewtwo|Mewtwo, shiny|100\/100\n|-ability|p2a: Mewtwo|Unnerve\n|turn|4\n|inactive|Halil66 has 120 seconds left.\n|\n|t:|1700769775\n|move|p2a: Mewtwo|Fire Blast|p1a: Orthworm\n|-supereffective|p1a: Orthworm\n|-damage|p1a: Orthworm|0 fnt\n|faint|p1a: Orthworm\n|\n|upkeep\n|\n|t:|1700769788\n|switch|p1a: Baxcalibur|Baxcalibur, F|100\/100\n|turn|5\n|\n|t:|1700769801\n|move|p2a: Mewtwo|Psystrike|p1a: Baxcalibur\n|-damage|p1a: Baxcalibur|44\/100\n|move|p1a: Baxcalibur|Scale Shot|p2a: Mewtwo\n|-damage|p2a: Mewtwo|84\/100\n|-damage|p2a: Mewtwo|68\/100\n|-damage|p2a: Mewtwo|52\/100\n|-damage|p2a: Mewtwo|38\/100\n|-hitcount|p2a: Mewtwo|4\n|-unboost|p1a: Baxcalibur|def|1\n|-boost|p1a: Baxcalibur|spe|1\n|\n|upkeep\n|turn|6\n|\n|t:|1700769816\n|move|p1a: Baxcalibur|Icicle Spear|p2a: Mewtwo\n|-damage|p2a: Mewtwo|23\/100\n|-crit|p2a: Mewtwo\n|-damage|p2a: Mewtwo|0 fnt\n|faint|p2a: Mewtwo\n|-hitcount|p2: Mewtwo|2\n|\n|upkeep\n|inactive|Halil66 has 120 seconds left.\n|\n|t:|1700769831\n|switch|p2a: Giratina|Giratina-Origin|100\/100\n|turn|7\n|\n|t:|1700769837\n|-terastallize|p2a: Giratina|Ghost\n|move|p2a: Giratina|Shadow Sneak|p1a: Baxcalibur\n|-damage|p1a: Baxcalibur|0 fnt\n|faint|p1a: Baxcalibur\n|\n|upkeep\n|\n|t:|1700769846\n|switch|p1a: Arceus|Arceus|100\/100\n|turn|8\n|\n|t:|1700769862\n|move|p1a: Arceus|Shadow Claw|p2a: Giratina\n|-supereffective|p2a: Giratina\n|-damage|p2a: Giratina|53\/100\n|-damage|p1a: Arceus|91\/100|[from] item: Life Orb\n|move|p2a: Giratina|Outrage|p1a: Arceus\n|-damage|p1a: Arceus|38\/100\n|\n|upkeep\n|turn|9\n|\n|t:|1700769874\n|move|p1a: Arceus|Shadow Claw|p2a: Giratina\n|-supereffective|p2a: Giratina\n|-damage|p2a: Giratina|11\/100\n|-damage|p1a: Arceus|28\/100|[from] item: Life Orb\n|move|p2a: Giratina|Outrage|p1a: Arceus|[from]lockedmove\n|-damage|p1a: Arceus|0 fnt\n|faint|p1a: Arceus\n|-start|p2a: Giratina|confusion|[fatigue]\n|\n|upkeep\n|\n|t:|1700769895\n|switch|p1a: Cinderace|Cinderace, M|100\/100\n|turn|10\n|\n|t:|1700769900\n|-activate|p2a: Giratina|confusion\n|move|p2a: Giratina|Shadow Sneak|p1a: Cinderace\n|-damage|p1a: Cinderace|49\/100\n|move|p1a: Cinderace|U-turn|p2a: Giratina\n|-start|p1a: Cinderace|typechange|Bug|[from] ability: Libero\n|-resisted|p2a: Giratina\n|-crit|p2a: Giratina\n|-damage|p2a: Giratina|0 fnt\n|faint|p2a: Giratina\n|\n|t:|1700769908\n|switch|p1a: Iron Bundle|Iron Bundle|100\/100|[from] U-turn\n|\n|upkeep\n|\n|t:|1700769916\n|switch|p2a: Ursaluna|Ursaluna-Bloodmoon, M|100\/100\n|turn|11\n|\n|t:|1700769924\n|move|p2a: Ursaluna|Vacuum Wave|p1a: Iron Bundle\n|-supereffective|p1a: Iron Bundle\n|-damage|p1a: Iron Bundle|32\/100\n|move|p1a: Iron Bundle|Hydro Pump|p2a: Ursaluna\n|-supereffective|p2a: Ursaluna\n|-damage|p2a: Ursaluna|0 fnt\n|faint|p2a: Ursaluna\n|-damage|p1a: Iron Bundle|22\/100|[from] item: Life Orb\n|\n|upkeep\n|\n|t:|1700769936\n|switch|p2a: Arceus|Arceus-Water|100\/100\n|turn|12\n|\n|t:|1700769944\n|-end|p1a: Iron Bundle|Quark Drive|[silent]\n|switch|p1a: Cinderace|Cinderace, M|49\/100\n|move|p2a: Arceus|Judgment|p1a: Cinderace\n|-supereffective|p1a: Cinderace\n|-damage|p1a: Cinderace|0 fnt\n|faint|p1a: Cinderace\n|\n|upkeep\n|\n|t:|1700769947\n|switch|p1a: Electrode|Electrode-Hisui|100\/100\n|turn|13\n|\n|t:|1700769956\n|move|p1a: Electrode|Leaf Storm|p2a: Arceus\n|-supereffective|p2a: Arceus\n|-damage|p2a: Arceus|0 fnt\n|-unboost|p1a: Electrode|spa|2\n|faint|p2a: Arceus\n|\n|upkeep\n|\n|t:|1700769962\n|switch|p2a: Groudon|Groudon|100\/100\n|-weather|SunnyDay|[from] ability: Drought|[of] p2a: Groudon\n|turn|14\n|\n|t:|1700769974\n|switch|p1a: Iron Bundle|Iron Bundle|22\/100\n|move|p2a: Groudon|Precipice Blades|p1a: Iron Bundle\n|-damage|p1a: Iron Bundle|0 fnt\n|faint|p1a: Iron Bundle\n|-end|p1a: Iron Bundle|Quark Drive|[silent]\n|\n|-weather|SunnyDay|[upkeep]\n|upkeep\n|\n|t:|1700769976\n|switch|p1a: Electrode|Electrode-Hisui|100\/100\n|turn|15\n|\n|t:|1700769985\n|move|p1a: Electrode|Leaf Storm|p2a: Groudon\n|-supereffective|p2a: Groudon\n|-damage|p2a: Groudon|5\/100\n|-unboost|p1a: Electrode|spa|2\n|move|p2a: Groudon|Precipice Blades|p1a: Electrode\n|-damage|p1a: Electrode|0 fnt\n|faint|p1a: Electrode\n|\n|win|Halil66\n|raw|PennyPoffen's rating: 1148 &rarr; <strong>1121<\/strong><br \/>(-27 for losing)\n|raw|Halil66's rating: 1126 &rarr; <strong>1153<\/strong><br \/>(+27 for winning)\n|l|\u2606PennyPoffen\n","uploadtime":1700769997,"views":13,"p1id":"pennypoffen","p2id":"halil66","formatid":"gen9ubers","rating":1121,"private":0,"password":""}