{"id":"gen9ubers-1969943319","p1":"fabxorusVGC","p2":"konkeldur","format":"[Gen 9] Ubers","log":"|j|\u2606fabxorusVGC\n|j|\u2606konkeldur\n|t:|1697578130\n|gametype|singles\n|player|p1|fabxorusVGC|hilbert|1102\n|player|p2|konkeldur|steven|1009\n|teamsize|p1|6\n|teamsize|p2|6\n|gen|9\n|tier|[Gen 9] Ubers\n|rated|\n|rule|Sleep Clause Mod: Limit one foe put to sleep\n|rule|Species Clause: Limit one of each Pok\u00e9mon\n|rule|OHKO Clause: OHKO moves are banned\n|rule|Evasion Items Clause: Evasion items are banned\n|rule|Evasion Moves Clause: Evasion moves are banned\n|rule|Endless Battle Clause: Forcing endless battles is banned\n|rule|HP Percentage Mod: HP is shown in percentages\n|clearpoke\n|poke|p1|Arboliva, F|\n|poke|p1|Staraptor, M|\n|poke|p1|Ursaluna-Bloodmoon, M|\n|poke|p1|Chansey, F|\n|poke|p1|Pyroar, M|\n|poke|p1|Maushold-Four|\n|poke|p2|Arceus|\n|poke|p2|Rayquaza|\n|poke|p2|Mewtwo|\n|poke|p2|Kyogre|\n|poke|p2|Thundurus, M|\n|poke|p2|Corviknight, M|\n|teampreview\n|inactive|Battle timer is ON: inactive players will automatically lose when time's up. (requested by fabxorusVGC)\n|\n|t:|1697578145\n|start\n|switch|p1a: Staraptor|Staraptor, M, shiny|100\/100\n|switch|p2a: Rayquaza|Rayquaza|100\/100\n|-ability|p2a: Rayquaza|Air Lock\n|turn|1\n|\n|t:|1697578156\n|move|p1a: Staraptor|Brave Bird|p2a: Rayquaza\n|-damage|p2a: Rayquaza|25\/100\n|-damage|p1a: Staraptor|76\/100|[from] Recoil\n|move|p2a: Rayquaza|Dragon Dance|p2a: Rayquaza\n|-boost|p2a: Rayquaza|atk|1\n|-boost|p2a: Rayquaza|spe|1\n|\n|upkeep\n|turn|2\n|\n|t:|1697578165\n|move|p1a: Staraptor|Brave Bird|p2a: Rayquaza\n|-damage|p2a: Rayquaza|0 fnt\n|faint|p2a: Rayquaza\n|-damage|p1a: Staraptor|67\/100|[from] Recoil\n|\n|upkeep\n|\n|t:|1697578174\n|switch|p2a: Thundurus|Thundurus, M|100\/100\n|turn|3\n|\n|t:|1697578180\n|switch|p1a: Chansey|Chansey, F|100\/100\n|move|p2a: Thundurus|Thunder Wave|p1a: Chansey|[miss]\n|-miss|p2a: Thundurus|p1a: Chansey\n|\n|upkeep\n|turn|4\n|\n|t:|1697578191\n|move|p2a: Thundurus|Taunt|p1a: Chansey\n|-start|p1a: Chansey|move: Taunt\n|cant|p1a: Chansey|move: Taunt|Stealth Rock\n|\n|upkeep\n|turn|5\n|\n|t:|1697578196\n|move|p2a: Thundurus|Volt Switch|p1a: Chansey\n|-damage|p1a: Chansey|90\/100\n|\n|t:|1697578202\n|switch|p2a: Arceus|Arceus|100\/100|[from] Volt Switch\n|move|p1a: Chansey|Seismic Toss|p2a: Arceus\n|-damage|p2a: Arceus|74\/100\n|\n|upkeep\n|turn|6\n|\n|t:|1697578211\n|move|p2a: Arceus|Swords Dance|p2a: Arceus\n|-boost|p2a: Arceus|atk|2\n|move|p1a: Chansey|Seismic Toss|p2a: Arceus\n|-damage|p2a: Arceus|48\/100\n|\n|-end|p1a: Chansey|move: Taunt\n|upkeep\n|turn|7\n|\n|t:|1697578219\n|move|p2a: Arceus|Extreme Speed|p1a: Chansey\n|-damage|p1a: Chansey|21\/100\n|-damage|p2a: Arceus|38\/100|[from] item: Life Orb\n|move|p1a: Chansey|Thunder Wave|p2a: Arceus|[miss]\n|-miss|p1a: Chansey|p2a: Arceus\n|\n|upkeep\n|turn|8\n|\n|t:|1697578228\n|move|p2a: Arceus|Extreme Speed|p1a: Chansey\n|-damage|p1a: Chansey|0 fnt\n|faint|p1a: Chansey\n|-damage|p2a: Arceus|28\/100|[from] item: Life Orb\n|\n|upkeep\n|\n|t:|1697578234\n|switch|p1a: Maushold|Maushold-Four, shiny|100\/100\n|turn|9\n|\n|t:|1697578245\n|-terastallize|p2a: Arceus|Normal\n|-terastallize|p1a: Maushold|Ghost\n|move|p2a: Arceus|Extreme Speed|p1a: Maushold\n|-immune|p1a: Maushold\n|move|p1a: Maushold|Tidy Up|p1a: Maushold\n|-boost|p1a: Maushold|atk|1\n|-boost|p1a: Maushold|spe|1\n|\n|upkeep\n|turn|10\n|\n|t:|1697578257\n|move|p1a: Maushold|Population Bomb|p2a: Arceus\n|-damage|p2a: Arceus|15\/100\n|-crit|p2a: Arceus\n|-damage|p2a: Arceus|0 fnt\n|faint|p2a: Arceus\n|-hitcount|p2: Arceus|2\n|\n|upkeep\n|\n|t:|1697578267\n|switch|p2a: Thundurus|Thundurus, M|100\/100\n|turn|11\n|\n|t:|1697578271\n|move|p2a: Thundurus|Thunder Wave|p1a: Maushold\n|-status|p1a: Maushold|par\n|move|p1a: Maushold|Population Bomb|p2a: Thundurus\n|-damage|p2a: Thundurus|78\/100\n|-damage|p2a: Thundurus|54\/100\n|-damage|p2a: Thundurus|33\/100\n|-damage|p2a: Thundurus|11\/100\n|-damage|p2a: Thundurus|0 fnt\n|faint|p2a: Thundurus\n|-hitcount|p2: Thundurus|5\n|\n|upkeep\n|\n|t:|1697578284\n|switch|p2a: Kyogre|Kyogre|100\/100\n|-weather|RainDance|[from] ability: Drizzle|[of] p2a: Kyogre\n|turn|12\n|\n|t:|1697578294\n|move|p1a: Maushold|Bullet Seed|p2a: Kyogre\n|-supereffective|p2a: Kyogre\n|-damage|p2a: Kyogre|75\/100\n|-supereffective|p2a: Kyogre\n|-damage|p2a: Kyogre|49\/100\n|-supereffective|p2a: Kyogre\n|-damage|p2a: Kyogre|25\/100\n|-supereffective|p2a: Kyogre\n|-damage|p2a: Kyogre|0 fnt\n|faint|p2a: Kyogre\n|-hitcount|p2: Kyogre|4\n|\n|-weather|RainDance|[upkeep]\n|upkeep\n|\n|t:|1697578314\n|switch|p2a: Mewtwo|Mewtwo|100\/100\n|-ability|p2a: Mewtwo|Unnerve\n|turn|13\n|\n|t:|1697578320\n|move|p2a: Mewtwo|Psystrike|p1a: Maushold\n|-damage|p1a: Maushold|0 fnt\n|faint|p1a: Maushold\n|\n|-weather|RainDance|[upkeep]\n|upkeep\n|\n|t:|1697578333\n|switch|p1a: Staraptor|Staraptor, M, shiny|67\/100\n|turn|14\n|\n|t:|1697578340\n|move|p1a: Staraptor|Brave Bird|p2a: Mewtwo\n|-crit|p2a: Mewtwo\n|-damage|p2a: Mewtwo|0 fnt\n|faint|p2a: Mewtwo\n|-damage|p1a: Staraptor|34\/100|[from] Recoil\n|\n|-weather|RainDance|[upkeep]\n|upkeep\n|-message|konkeldur forfeited.\n|\n|win|fabxorusVGC\n|raw|fabxorusVGC's rating: 1102 &rarr; <strong>1120<\/strong><br \/>(+18 for winning)\n|raw|konkeldur's rating: 1009 &rarr; <strong>1001<\/strong><br \/>(-8 for losing)\n|l|\u2606konkeldur\n","uploadtime":1697578362,"views":16,"p1id":"fabxorusvgc","p2id":"konkeldur","formatid":"gen9ubers","rating":1001,"private":0,"password":""}