{"id":"gen9ubers-1995829917","p1":"Tatepluseight","p2":"Keith Burnett","format":"[Gen 9] Ubers","log":"|j|\u2606Tatepluseight\n|j|\u2606Keith Burnett\n|t:|1700607342\n|gametype|singles\n|player|p1|Tatepluseight|1|1154\n|player|p2|Keith Burnett|101|1085\n|teamsize|p1|6\n|teamsize|p2|6\n|gen|9\n|tier|[Gen 9] Ubers\n|rated|\n|rule|Sleep Clause Mod: Limit one foe put to sleep\n|rule|Species Clause: Limit one of each Pok\u00e9mon\n|rule|OHKO Clause: OHKO moves are banned\n|rule|Evasion Items Clause: Evasion items are banned\n|rule|Evasion Moves Clause: Evasion moves are banned\n|rule|Endless Battle Clause: Forcing endless battles is banned\n|rule|HP Percentage Mod: HP is shown in percentages\n|clearpoke\n|poke|p1|Rayquaza|\n|poke|p1|Dialga-Origin|\n|poke|p1|Scizor, M|\n|poke|p1|Calyrex-Ice|\n|poke|p1|Miraidon|\n|poke|p1|Gliscor, F|\n|poke|p2|Baxcalibur, M|\n|poke|p2|Palafin, F|\n|poke|p2|Gliscor, M|\n|poke|p2|Tropius, F|\n|poke|p2|Regieleki|\n|poke|p2|Espathra, F|\n|teampreview\n|inactive|Battle timer is ON: inactive players will automatically lose when time's up. (requested by Tatepluseight)\n|\n|t:|1700607361\n|start\n|switch|p1a: Miraidon|Miraidon|100\/100\n|switch|p2a: Gliscor|Gliscor, M, shiny|100\/100\n|-fieldstart|move: Electric Terrain|[from] ability: Hadron Engine|[of] p1a: Miraidon\n|turn|1\n|j| skilledank\n|\n|t:|1700607372\n|-terastallize|p1a: Miraidon|Grass\n|move|p1a: Miraidon|Tera Blast|p2a: Gliscor|[anim] Tera Blast Grass\n|-damage|p2a: Gliscor|23\/100\n|move|p2a: Gliscor|Toxic|p1a: Miraidon\n|-status|p1a: Miraidon|tox\n|\n|-damage|p1a: Miraidon|94\/100 tox|[from] psn\n|-status|p2a: Gliscor|tox|[from] item: Toxic Orb\n|upkeep\n|turn|2\n|\n|t:|1700607386\n|move|p2a: Gliscor|Protect|p2a: Gliscor\n|-singleturn|p2a: Gliscor|Protect\n|move|p1a: Miraidon|Tera Blast|p2a: Gliscor|[anim] Tera Blast Grass\n|-activate|p2a: Gliscor|move: Protect\n|\n|-damage|p1a: Miraidon|82\/100 tox|[from] psn\n|-heal|p2a: Gliscor|35\/100 tox|[from] ability: Poison Heal\n|upkeep\n|turn|3\n|\n|t:|1700607395\n|switch|p2a: Tropius|Tropius, F, shiny|100\/100\n|move|p1a: Miraidon|Tera Blast|p2a: Tropius|[anim] Tera Blast Grass\n|-resisted|p2a: Tropius\n|-damage|p2a: Tropius|91\/100\n|\n|-damage|p1a: Miraidon|64\/100 tox|[from] psn\n|upkeep\n|turn|4\n|\n|t:|1700607406\n|switch|p1a: Dialga|Dialga-Origin|100\/100\n|-ability|p1a: Dialga|Pressure\n|move|p2a: Tropius|Substitute|p2a: Tropius\n|-start|p2a: Tropius|Substitute\n|-damage|p2a: Tropius|66\/100\n|\n|upkeep\n|turn|5\n|\n|t:|1700607413\n|move|p1a: Dialga|Stealth Rock|p2a: Tropius\n|-sidestart|p2: Keith Burnett|move: Stealth Rock\n|move|p2a: Tropius|Leech Seed|p1a: Dialga|[miss]\n|-miss|p2a: Tropius|p1a: Dialga\n|\n|-fieldend|move: Electric Terrain\n|upkeep\n|turn|6\n|\n|t:|1700607423\n|switch|p1a: Calyrex|Calyrex-Ice|100\/100\n|-ability|p1a: Calyrex|As One\n|-ability|p1a: Calyrex|Unnerve\n|move|p2a: Tropius|Leech Seed|p1a: Calyrex\n|-start|p1a: Calyrex|move: Leech Seed\n|\n|-damage|p1a: Calyrex|88\/100|[from] Leech Seed|[of] p2a: Tropius\n|-heal|p2a: Tropius|79\/100|[silent]\n|upkeep\n|turn|7\n|\n|t:|1700607437\n|move|p2a: Tropius|Protect|p2a: Tropius\n|-singleturn|p2a: Tropius|Protect\n|move|p1a: Calyrex|Icicle Crash|p2a: Tropius\n|-activate|p2a: Tropius|move: Protect\n|\n|-damage|p1a: Calyrex|76\/100|[from] Leech Seed|[of] p2a: Tropius\n|-heal|p2a: Tropius|91\/100|[silent]\n|upkeep\n|turn|8\n|\n|t:|1700607444\n|switch|p1a: Gliscor|Gliscor, F|100\/100\n|move|p2a: Tropius|Air Slash|p1a: Gliscor\n|-damage|p1a: Gliscor|78\/100\n|\n|-status|p1a: Gliscor|tox|[from] item: Toxic Orb\n|upkeep\n|turn|9\n|\n|t:|1700607464\n|move|p1a: Gliscor|Protect|p1a: Gliscor\n|-singleturn|p1a: Gliscor|Protect\n|move|p2a: Tropius|Leech Seed|p1a: Gliscor\n|-activate|p1a: Gliscor|move: Protect\n|\n|-heal|p1a: Gliscor|90\/100 tox|[from] ability: Poison Heal\n|upkeep\n|turn|10\n|\n|t:|1700607471\n|switch|p1a: Calyrex|Calyrex-Ice|76\/100\n|-ability|p1a: Calyrex|As One\n|-ability|p1a: Calyrex|Unnerve\n|move|p2a: Tropius|Leech Seed|p1a: Calyrex\n|-start|p1a: Calyrex|move: Leech Seed\n|\n|-damage|p1a: Calyrex|63\/100|[from] Leech Seed|[of] p2a: Tropius\n|-heal|p2a: Tropius|100\/100|[silent]\n|upkeep\n|turn|11\n|\n|t:|1700607481\n|move|p2a: Tropius|Protect|p2a: Tropius\n|-singleturn|p2a: Tropius|Protect\n|move|p1a: Calyrex|Taunt|p2a: Tropius\n|-activate|p2a: Tropius|move: Protect\n|\n|-damage|p1a: Calyrex|51\/100|[from] Leech Seed|[of] p2a: Tropius\n|upkeep\n|turn|12\n|\n|t:|1700607490\n|move|p2a: Tropius|Air Slash|p1a: Calyrex\n|-damage|p1a: Calyrex|37\/100\n|-enditem|p1a: Calyrex|Red Card|[of] p2a: Tropius\n|drag|p2a: Espathra|Espathra, F, shiny|100\/100\n|-damage|p2a: Espathra|88\/100|[from] Stealth Rock\n|move|p1a: Calyrex|Taunt|p2a: Espathra\n|-start|p2a: Espathra|move: Taunt\n|\n|-heal|p2a: Espathra|94\/100|[from] item: Leftovers\n|-damage|p1a: Calyrex|25\/100|[from] Leech Seed|[of] p2a: Espathra\n|-heal|p2a: Espathra|100\/100|[silent]\n|upkeep\n|turn|13\n|\n|t:|1700607515\n|switch|p1a: Rayquaza|Rayquaza|100\/100\n|-ability|p1a: Rayquaza|Air Lock\n|move|p2a: Espathra|Dazzling Gleam|p1a: Rayquaza\n|-supereffective|p1a: Rayquaza\n|-damage|p1a: Rayquaza|57\/100\n|\n|-ability|p2a: Espathra|Speed Boost|boost\n|-boost|p2a: Espathra|spe|1\n|upkeep\n|turn|14\n|\n|t:|1700607535\n|move|p2a: Espathra|Dazzling Gleam|p1a: Rayquaza\n|-supereffective|p1a: Rayquaza\n|-damage|p1a: Rayquaza|17\/100\n|move|p1a: Rayquaza|Overheat|p2a: Espathra\n|-damage|p2a: Espathra|20\/100\n|-unboost|p1a: Rayquaza|spa|2\n|-enditem|p1a: Rayquaza|White Herb\n|-clearnegativeboost|p1a: Rayquaza|[silent]\n|\n|-heal|p2a: Espathra|26\/100|[from] item: Leftovers\n|-end|p2a: Espathra|move: Taunt\n|-ability|p2a: Espathra|Speed Boost|boost\n|-boost|p2a: Espathra|spe|1\n|upkeep\n|turn|15\n|\n|t:|1700607553\n|switch|p1a: Loosecannon|Scizor, M|100\/100\n|move|p2a: Espathra|Protect||[still]\n|-fail|p2a: Espathra\n|\n|-heal|p2a: Espathra|32\/100|[from] item: Leftovers\n|-ability|p2a: Espathra|Speed Boost|boost\n|-boost|p2a: Espathra|spe|1\n|upkeep\n|turn|16\n|inactive|Keith Burnett has 120 seconds left.\n|\n|t:|1700607572\n|move|p2a: Espathra|Protect|p2a: Espathra\n|-singleturn|p2a: Espathra|Protect\n|move|p1a: Loosecannon|Bullet Punch|p2a: Espathra\n|-activate|p2a: Espathra|move: Protect\n|\n|-heal|p2a: Espathra|38\/100|[from] item: Leftovers\n|-ability|p2a: Espathra|Speed Boost|boost\n|-boost|p2a: Espathra|spe|1\n|upkeep\n|turn|17\n|\n|t:|1700607582\n|switch|p2a: Tropius|Tropius, F, shiny|100\/100\n|-damage|p2a: Tropius|75\/100|[from] Stealth Rock\n|move|p1a: Loosecannon|Bullet Punch|p2a: Tropius\n|-damage|p2a: Tropius|38\/100\n|-enditem|p2a: Tropius|Sitrus Berry|[eat]\n|-heal|p2a: Tropius|63\/100|[from] item: Sitrus Berry\n|\n|upkeep\n|turn|18\n|\n|t:|1700607595\n|move|p1a: Loosecannon|Bullet Punch|p2a: Tropius\n|-damage|p2a: Tropius|26\/100\n|move|p2a: Tropius|Leech Seed|p1a: Loosecannon\n|-start|p1a: Loosecannon|move: Leech Seed\n|\n|-damage|p1a: Loosecannon|88\/100|[from] Leech Seed|[of] p2a: Tropius\n|-heal|p2a: Tropius|35\/100|[silent]\n|-item|p2a: Tropius|Sitrus Berry|[from] ability: Harvest\n|upkeep\n|-enditem|p2a: Tropius|Sitrus Berry|[eat]\n|-heal|p2a: Tropius|60\/100|[from] item: Sitrus Berry\n|turn|19\n|inactive|Keith Burnett has 120 seconds left.\n|\n|t:|1700607619\n|switch|p1a: Dialga|Dialga-Origin|100\/100\n|-ability|p1a: Dialga|Pressure\n|move|p2a: Tropius|Protect||[still]\n|-fail|p2a: Tropius\n|\n|-item|p2a: Tropius|Sitrus Berry|[from] ability: Harvest\n|upkeep\n|turn|20\n|\n|t:|1700607627\n|move|p1a: Dialga|Thunderbolt|p2a: Tropius\n|-damage|p2a: Tropius|33\/100\n|-enditem|p2a: Tropius|Sitrus Berry|[eat]\n|-heal|p2a: Tropius|58\/100|[from] item: Sitrus Berry\n|move|p2a: Tropius|Leech Seed|p1a: Dialga\n|-start|p1a: Dialga|move: Leech Seed\n|\n|-damage|p1a: Dialga|88\/100|[from] Leech Seed|[of] p2a: Tropius\n|-heal|p2a: Tropius|71\/100|[silent]\n|-item|p2a: Tropius|Sitrus Berry|[from] ability: Harvest\n|upkeep\n|turn|21\n|\n|t:|1700607645\n|switch|p1a: Rayquaza|Rayquaza|17\/100\n|-ability|p1a: Rayquaza|Air Lock\n|move|p2a: Tropius|Substitute|p2a: Tropius\n|-start|p2a: Tropius|Substitute\n|-damage|p2a: Tropius|46\/100\n|-enditem|p2a: Tropius|Sitrus Berry|[eat]\n|-heal|p2a: Tropius|71\/100|[from] item: Sitrus Berry\n|\n|-item|p2a: Tropius|Sitrus Berry|[from] ability: Harvest\n|upkeep\n|turn|22\n|\n|t:|1700607658\n|move|p2a: Tropius|Leech Seed|p1a: Rayquaza\n|-start|p1a: Rayquaza|move: Leech Seed\n|move|p1a: Rayquaza|Roar|p2a: Tropius\n|drag|p2a: Regieleki|Regieleki, shiny|100\/100\n|-damage|p2a: Regieleki|88\/100|[from] Stealth Rock\n|\n|-damage|p1a: Rayquaza|4\/100|[from] Leech Seed|[of] p2a: Regieleki\n|-heal|p2a: Regieleki|99\/100|[silent]\n|upkeep\n|turn|23\n|\n|t:|1700607669\n|switch|p1a: Gliscor|Gliscor, F|90\/100 tox\n|move|p2a: Regieleki|Light Screen|p2a: Regieleki\n|-sidestart|p2: Keith Burnett|move: Light Screen\n|\n|-heal|p1a: Gliscor|100\/100 tox|[from] ability: Poison Heal\n|upkeep\n|turn|24\n|\n|t:|1700607680\n|move|p2a: Regieleki|Rapid Spin|p1a: Gliscor\n|-damage|p1a: Gliscor|92\/100 tox\n|-boost|p2a: Regieleki|spe|1\n|-sideend|p2: Keith Burnett|Stealth Rock|[from] move: Rapid Spin|[of] p2a: Regieleki\n|move|p1a: Gliscor|Toxic Spikes|p2a: Regieleki\n|-sidestart|p2: Keith Burnett|move: Toxic Spikes\n|\n|-heal|p1a: Gliscor|100\/100 tox|[from] ability: Poison Heal\n|upkeep\n|turn|25\n|\n|t:|1700607692\n|move|p2a: Regieleki|Rapid Spin|p1a: Gliscor\n|-damage|p1a: Gliscor|92\/100 tox\n|-boost|p2a: Regieleki|spe|1\n|-sideend|p2: Keith Burnett|Toxic Spikes|[from] move: Rapid Spin|[of] p2a: Regieleki\n|move|p1a: Gliscor|Toxic|p2a: Regieleki\n|-status|p2a: Regieleki|tox\n|\n|-damage|p2a: Regieleki|94\/100 tox|[from] psn\n|-heal|p1a: Gliscor|100\/100 tox|[from] ability: Poison Heal\n|upkeep\n|turn|26\n|\n|t:|1700607710\n|switch|p2a: Tropius|Tropius, F, shiny|71\/100\n|move|p1a: Gliscor|Mud-Slap|p2a: Tropius\n|-immune|p2a: Tropius\n|\n|upkeep\n|turn|27\n|\n|t:|1700607724\n|move|p1a: Gliscor|Toxic|p2a: Tropius\n|-status|p2a: Tropius|tox\n|move|p2a: Tropius|Leech Seed|p1a: Gliscor\n|-start|p1a: Gliscor|move: Leech Seed\n|\n|-damage|p1a: Gliscor|88\/100 tox|[from] Leech Seed|[of] p2a: Tropius\n|-heal|p2a: Tropius|80\/100 tox|[silent]\n|-heal|p1a: Gliscor|100\/100 tox|[from] ability: Poison Heal\n|-damage|p2a: Tropius|74\/100 tox|[from] psn\n|upkeep\n|turn|28\n|\n|t:|1700607743\n|switch|p1a: Rayquaza|Rayquaza|4\/100\n|-ability|p1a: Rayquaza|Air Lock\n|switch|p2a: Palafin|Palafin, F, shiny|100\/100\n|\n|upkeep\n|turn|29\n|\n|t:|1700607759\n|switch|p1a: Dialga|Dialga-Origin|88\/100\n|-ability|p1a: Dialga|Pressure\n|move|p2a: Palafin|Jet Punch|p1a: Dialga\n|-resisted|p1a: Dialga\n|-damage|p1a: Dialga|80\/100\n|\n|upkeep\n|turn|30\n|\n|t:|1700607782\n|detailschange|p2a: Palafin|Palafin-Hero, F, shiny\n|switch|p2a: Gliscor|Gliscor, M, shiny|35\/100 tox\n|move|p1a: Dialga|Stealth Rock|p2a: Gliscor\n|-sidestart|p2: Keith Burnett|move: Stealth Rock\n|\n|-heal|p2a: Gliscor|48\/100 tox|[from] ability: Poison Heal\n|-sideend|p2: Keith Burnett|move: Light Screen\n|upkeep\n|turn|31\n|\n|t:|1700607796\n|move|p2a: Gliscor|Earthquake|p1a: Dialga\n|-supereffective|p1a: Dialga\n|-crit|p1a: Dialga\n|-damage|p1a: Dialga|0 fnt\n|faint|p1a: Dialga\n|\n|-heal|p2a: Gliscor|60\/100 tox|[from] ability: Poison Heal\n|upkeep\n|\n|t:|1700607808\n|switch|p1a: Loosecannon|Scizor, M|88\/100\n|turn|32\n|\n|t:|1700607823\n|move|p2a: Gliscor|Protect|p2a: Gliscor\n|-singleturn|p2a: Gliscor|Protect\n|move|p1a: Loosecannon|Swords Dance|p1a: Loosecannon\n|-boost|p1a: Loosecannon|atk|2\n|\n|-heal|p2a: Gliscor|72\/100 tox|[from] ability: Poison Heal\n|upkeep\n|turn|33\n|\n|t:|1700607834\n|move|p1a: Loosecannon|Bullet Punch|p2a: Gliscor\n|-damage|p2a: Gliscor|5\/100 tox\n|move|p2a: Gliscor|Earthquake|p1a: Loosecannon\n|-damage|p1a: Loosecannon|40\/100\n|\n|-heal|p2a: Gliscor|18\/100 tox|[from] ability: Poison Heal\n|upkeep\n|turn|34\n|\n|t:|1700607843\n|move|p1a: Loosecannon|Bullet Punch|p2a: Gliscor\n|-damage|p2a: Gliscor|0 fnt\n|faint|p2a: Gliscor\n|\n|upkeep\n|\n|t:|1700607857\n|switch|p2a: Tropius|Tropius, F, shiny|74\/100 tox\n|-damage|p2a: Tropius|49\/100 tox|[from] Stealth Rock\n|-enditem|p2a: Tropius|Sitrus Berry|[eat]\n|-heal|p2a: Tropius|74\/100 tox|[from] item: Sitrus Berry\n|turn|35\n|\n|t:|1700607866\n|move|p1a: Loosecannon|Bullet Punch|p2a: Tropius\n|-damage|p2a: Tropius|8\/100 tox\n|move|p2a: Tropius|Leech Seed|p1a: Loosecannon\n|-start|p1a: Loosecannon|move: Leech Seed\n|\n|-damage|p1a: Loosecannon|28\/100|[from] Leech Seed|[of] p2a: Tropius\n|-heal|p2a: Tropius|16\/100 tox|[silent]\n|-damage|p2a: Tropius|10\/100 tox|[from] psn\n|upkeep\n|turn|36\n|\n|t:|1700607878\n|move|p2a: Tropius|Protect|p2a: Tropius\n|-singleturn|p2a: Tropius|Protect\n|move|p1a: Loosecannon|Bullet Punch|p2a: Tropius\n|-activate|p2a: Tropius|move: Protect\n|\n|-damage|p1a: Loosecannon|15\/100|[from] Leech Seed|[of] p2a: Tropius\n|-heal|p2a: Tropius|19\/100 tox|[silent]\n|-damage|p2a: Tropius|6\/100 tox|[from] psn\n|upkeep\n|turn|37\n|\n|t:|1700607894\n|switch|p1a: Gliscor|Gliscor, F|100\/100 tox\n|switch|p2a: Palafin|Palafin-Hero, F, shiny|100\/100\n|-damage|p2a: Palafin|88\/100|[from] Stealth Rock\n|-activate|p2a: Palafin|ability: Zero to Hero\n|\n|-heal|p2a: Palafin|94\/100|[from] item: Leftovers\n|upkeep\n|turn|38\n|\n|t:|1700607911\n|move|p1a: Gliscor|Protect|p1a: Gliscor\n|-singleturn|p1a: Gliscor|Protect\n|move|p2a: Palafin|Taunt|p1a: Gliscor\n|-activate|p1a: Gliscor|move: Protect\n|\n|-heal|p2a: Palafin|100\/100|[from] item: Leftovers\n|upkeep\n|turn|39\n|\n|t:|1700607919\n|switch|p1a: Calyrex|Calyrex-Ice|25\/100\n|-ability|p1a: Calyrex|As One\n|-ability|p1a: Calyrex|Unnerve\n|move|p2a: Palafin|Bulk Up|p2a: Palafin\n|-boost|p2a: Palafin|atk|1\n|-boost|p2a: Palafin|def|1\n|\n|upkeep\n|turn|40\n|\n|t:|1700607933\n|move|p2a: Palafin|Drain Punch|p1a: Calyrex\n|-damage|p1a: Calyrex|5\/100\n|move|p1a: Calyrex|Taunt|p2a: Palafin\n|-start|p2a: Palafin|move: Taunt\n|\n|upkeep\n|turn|41\n|\n|t:|1700607946\n|switch|p1a: Gliscor|Gliscor, F|100\/100 tox\n|move|p2a: Palafin|Drain Punch|p1a: Gliscor\n|-resisted|p1a: Gliscor\n|-damage|p1a: Gliscor|84\/100 tox\n|\n|-heal|p1a: Gliscor|96\/100 tox|[from] ability: Poison Heal\n|upkeep\n|turn|42\n|\n|t:|1700607955\n|-terastallize|p2a: Palafin|Water\n|move|p2a: Palafin|Jet Punch|p1a: Gliscor\n|-supereffective|p1a: Gliscor\n|-damage|p1a: Gliscor|0 fnt\n|faint|p1a: Gliscor\n|\n|upkeep\n|\n|t:|1700607964\n|switch|p1a: Miraidon|Miraidon, tera:Grass|64\/100 tox\n|-fieldstart|move: Electric Terrain|[from] ability: Hadron Engine|[of] p1a: Miraidon\n|turn|43\n|c| skilledank|keith get substitute instead of taunt it blocks status moves anuyway\n|\n|t:|1700607970\n|move|p1a: Miraidon|Electro Drift|p2a: Palafin\n|-supereffective|p2a: Palafin\n|-damage|p2a: Palafin|0 fnt\n|faint|p2a: Palafin\n|\n|-damage|p1a: Miraidon|58\/100 tox|[from] psn\n|upkeep\n|\n|t:|1700607979\n|switch|p2a: Regieleki|Regieleki, shiny|94\/100 tox\n|-damage|p2a: Regieleki|82\/100 tox|[from] Stealth Rock\n|turn|44\n|\n|t:|1700607990\n|move|p1a: Miraidon|Electro Drift|p2a: Regieleki\n|-resisted|p2a: Regieleki\n|-damage|p2a: Regieleki|12\/100 tox\n|move|p2a: Regieleki|Rapid Spin|p1a: Miraidon\n|-damage|p1a: Miraidon|46\/100 tox\n|-boost|p2a: Regieleki|spe|1\n|-sideend|p2: Keith Burnett|Stealth Rock|[from] move: Rapid Spin|[of] p2a: Regieleki\n|\n|-damage|p2a: Regieleki|6\/100 tox|[from] psn\n|-damage|p1a: Miraidon|34\/100 tox|[from] psn\n|upkeep\n|turn|45\n|inactive|Keith Burnett has 120 seconds left.\n|c|\u2606Keith Burnett|!data electro drift\n|raw|<ul class=\"utilichart\"><li class=\"result\"><span class=\"col movenamecol\"><a href=\"https:\/\/dex.pokemonshowdown.com\/moves\/electrodrift\">Electro Drift<\/a><\/span> <span class=\"col typecol\"><img src=\"\/\/play.pokemonshowdown.com\/sprites\/types\/Electric.png\" alt=\"Electric\" width=\"32\" height=\"14\"><img src=\"\/\/play.pokemonshowdown.com\/sprites\/categories\/Special.png\" alt=\"Special\" width=\"32\" height=\"14\"><\/span> <span class=\"col labelcol\"><em>Power<\/em><br>100<\/span> <span class=\"col widelabelcol\"><em>Accuracy<\/em><br>100%<\/span> <span class=\"col pplabelcol\"><em>PP<\/em><br>8<\/span> <span class=\"col movedesccol\">Deals 1.3333x damage with supereffective hits.<\/span> <\/li><li style=\"clear:both\"><\/li><\/ul>\n\n|\n|t:|1700608027\n|switch|p1a: Calyrex|Calyrex-Ice|5\/100\n|-ability|p1a: Calyrex|As One\n|-ability|p1a: Calyrex|Unnerve\n|move|p2a: Regieleki|Light Screen|p2a: Regieleki\n|-sidestart|p2: Keith Burnett|move: Light Screen\n|\n|-damage|p2a: Regieleki|0 fnt|[from] psn\n|faint|p2a: Regieleki\n|upkeep\n|\n|t:|1700608046\n|switch|p2a: Espathra|Espathra, F, shiny|38\/100\n|turn|46\n|\n|t:|1700608056\n|move|p2a: Espathra|Dazzling Gleam|p1a: Calyrex\n|-damage|p1a: Calyrex|0 fnt\n|faint|p1a: Calyrex\n|\n|-heal|p2a: Espathra|45\/100|[from] item: Leftovers\n|-ability|p2a: Espathra|Speed Boost|boost\n|-boost|p2a: Espathra|spe|1\n|upkeep\n|\n|t:|1700608066\n|switch|p1a: Loosecannon|Scizor, M|15\/100\n|turn|47\n|inactive|Keith Burnett has 120 seconds left.\n|\n|t:|1700608074\n|move|p2a: Espathra|Protect|p2a: Espathra\n|-singleturn|p2a: Espathra|Protect\n|move|p1a: Loosecannon|Bullet Punch|p2a: Espathra\n|-activate|p2a: Espathra|move: Protect\n|\n|-heal|p2a: Espathra|51\/100|[from] item: Leftovers\n|-fieldend|move: Electric Terrain\n|-ability|p2a: Espathra|Speed Boost|boost\n|-boost|p2a: Espathra|spe|1\n|upkeep\n|turn|48\n|\n|t:|1700608080\n|move|p1a: Loosecannon|Bullet Punch|p2a: Espathra\n|-damage|p2a: Espathra|20\/100\n|move|p2a: Espathra|Calm Mind|p2a: Espathra\n|-boost|p2a: Espathra|spa|1\n|-boost|p2a: Espathra|spd|1\n|\n|-heal|p2a: Espathra|26\/100|[from] item: Leftovers\n|-ability|p2a: Espathra|Speed Boost|boost\n|-boost|p2a: Espathra|spe|1\n|upkeep\n|turn|49\n|\n|t:|1700608089\n|move|p2a: Espathra|Protect|p2a: Espathra\n|-singleturn|p2a: Espathra|Protect\n|move|p1a: Loosecannon|Swords Dance|p1a: Loosecannon\n|-boost|p1a: Loosecannon|atk|2\n|\n|-heal|p2a: Espathra|32\/100|[from] item: Leftovers\n|-ability|p2a: Espathra|Speed Boost|boost\n|-boost|p2a: Espathra|spe|1\n|upkeep\n|turn|50\n|\n|t:|1700608098\n|move|p1a: Loosecannon|Bullet Punch|p2a: Espathra\n|-damage|p2a: Espathra|0 fnt\n|faint|p2a: Espathra\n|\n|upkeep\n|\n|t:|1700608107\n|switch|p2a: Baxcalibur|Baxcalibur, M, shiny|100\/100\n|turn|51\n|\n|t:|1700608115\n|move|p1a: Loosecannon|Bullet Punch|p2a: Baxcalibur\n|-supereffective|p2a: Baxcalibur\n|-damage|p2a: Baxcalibur|0 fnt\n|faint|p2a: Baxcalibur\n|\n|upkeep\n|\n|t:|1700608117\n|switch|p2a: Tropius|Tropius, F, shiny|6\/100 tox\n|turn|52\n|\n|t:|1700608125\n|move|p2a: Tropius|Protect|p2a: Tropius\n|-singleturn|p2a: Tropius|Protect\n|move|p1a: Loosecannon|Bullet Punch|p2a: Tropius\n|-activate|p2a: Tropius|move: Protect\n|\n|-damage|p2a: Tropius|0 fnt|[from] psn\n|faint|p2a: Tropius\n|\n|win|Tatepluseight\n|upkeep\n|raw|Tatepluseight's rating: 1154 &rarr; <strong>1172<\/strong><br \/>(+18 for winning)\n|raw|Keith Burnett's rating: 1057 &rarr; <strong>1043<\/strong><br \/>(-14 for losing)\n|c|\u2606Keith Burnett|kill ur sel\n|c|\u2606Keith Burnett|f\n|c|\u2606Keith Burnett|fa\n|c|\u2606Keith Burnett|g\n|l|\u2606Keith Burnett\n|l| skilledank\n|j| skilledank\n|c|\u2606Tatepluseight|Hahaha\n|j| PrimalKyogre555\n|l| PrimalKyogre555\n|j| The Uber Bad Boy\n|l| The Uber Bad Boy\n|j| DepravenCrafts\n|l| DepravenCrafts\n|l|\u2606Tatepluseight\n|j| The Uber Bad Boy\n|j|\u2606Tatepluseight\n|player|p1|Tatepluseight|1\n|j| OreoSpeedruns\n|l| OreoSpeedruns\n|l|\u2606Tatepluseight\n|player|p1|\n","uploadtime":1700608198,"views":8,"p1id":"tatepluseight","p2id":"keithburnett","formatid":"gen9ubers","rating":1043,"private":0,"password":""}