{"id":"gen9ubers-1977178853","p1":"Nitro524","p2":"leonissenbaum","format":"[Gen 9] Ubers","log":"|j|\u2606Nitro524\n|j|\u2606leonissenbaum\n|t:|1698381746\n|gametype|singles\n|player|p1|Nitro524|hilbert|\n|player|p2|leonissenbaum|leon|\n|teamsize|p1|6\n|teamsize|p2|6\n|gen|9\n|tier|[Gen 9] Ubers\n|rule|Sleep Clause Mod: Limit one foe put to sleep\n|rule|Species Clause: Limit one of each Pok\u00e9mon\n|rule|OHKO Clause: OHKO moves are banned\n|rule|Evasion Items Clause: Evasion items are banned\n|rule|Evasion Moves Clause: Evasion moves are banned\n|rule|Endless Battle Clause: Forcing endless battles is banned\n|rule|HP Percentage Mod: HP is shown in percentages\n|clearpoke\n|poke|p1|Pelipper, M|\n|poke|p1|Arceus-Poison|\n|poke|p1|Zacian-*|\n|poke|p1|Palkia-Origin|\n|poke|p1|Basculegion-F, F|\n|poke|p1|Shaymin-Sky|\n|poke|p2|Giratina|\n|poke|p2|Gliscor, F|\n|poke|p2|Blissey, F|\n|poke|p2|Dondozo, F|\n|poke|p2|Clefable, M|\n|poke|p2|Espeon, M|\n|teampreview\n|c|\u2606Nitro524|gl\n|c|\u2606leonissenbaum|lmao gl\n|c|\u2606leonissenbaum|this is my last game sadly\n|c|\u2606Nitro524|ah rup\n|c|\u2606Nitro524|rip\n|c|\u2606Nitro524|that's ok though\n|c|\u2606Nitro524|thanks for playing!\n|\n|t:|1698381771\n|start\n|switch|p1a: Pelipper|Pelipper, M|100\/100\n|switch|p2a: Gliscor|Gliscor, F|100\/100\n|-weather|RainDance|[from] ability: Drizzle|[of] p1a: Pelipper\n|turn|1\n|c|\u2606leonissenbaum|no worries, it's fun\n|\n|t:|1698381775\n|move|p2a: Gliscor|Protect|p2a: Gliscor\n|-singleturn|p2a: Gliscor|Protect\n|move|p1a: Pelipper|Knock Off|p2a: Gliscor\n|-activate|p2a: Gliscor|move: Protect\n|\n|-weather|RainDance|[upkeep]\n|-status|p2a: Gliscor|tox|[from] item: Toxic Orb\n|upkeep\n|turn|2\n|\n|t:|1698381777\n|move|p2a: Gliscor|Knock Off|p1a: Pelipper\n|-crit|p1a: Pelipper\n|-damage|p1a: Pelipper|65\/100\n|-enditem|p1a: Pelipper|Damp Rock|[from] move: Knock Off|[of] p2a: Gliscor\n|move|p1a: Pelipper|Knock Off|p2a: Gliscor\n|-damage|p2a: Gliscor|91\/100 tox\n|-enditem|p2a: Gliscor|Toxic Orb|[from] move: Knock Off|[of] p1a: Pelipper\n|\n|-weather|RainDance|[upkeep]\n|-heal|p2a: Gliscor|100\/100 tox|[from] ability: Poison Heal\n|upkeep\n|turn|3\n|\n|t:|1698381786\n|switch|p1a: Shaymin|Shaymin-Sky|100\/100\n|move|p2a: Gliscor|Toxic Spikes|p1a: Shaymin\n|-sidestart|p1: Nitro524|move: Toxic Spikes\n|\n|-weather|RainDance|[upkeep]\n|upkeep\n|turn|4\n|\n|t:|1698381799\n|move|p2a: Gliscor|Protect|p2a: Gliscor\n|-singleturn|p2a: Gliscor|Protect\n|move|p1a: Shaymin|Air Slash|p2a: Gliscor\n|-activate|p2a: Gliscor|move: Protect\n|\n|-weather|RainDance|[upkeep]\n|upkeep\n|turn|5\n|\n|t:|1698381803\n|move|p1a: Shaymin|Air Slash|p2a: Gliscor\n|-damage|p2a: Gliscor|72\/100 tox\n|move|p2a: Gliscor|Spikes|p1a: Shaymin\n|-sidestart|p1: Nitro524|Spikes\n|\n|-weather|RainDance|[upkeep]\n|-heal|p2a: Gliscor|84\/100 tox|[from] ability: Poison Heal\n|upkeep\n|turn|6\n|\n|t:|1698381807\n|move|p2a: Gliscor|Protect|p2a: Gliscor\n|-singleturn|p2a: Gliscor|Protect\n|move|p1a: Shaymin|Seed Flare|p2a: Gliscor\n|-activate|p2a: Gliscor|move: Protect\n|\n|-weather|RainDance|[upkeep]\n|-heal|p2a: Gliscor|97\/100 tox|[from] ability: Poison Heal\n|upkeep\n|turn|7\n|\n|t:|1698381809\n|move|p1a: Shaymin|Seed Flare|p2a: Gliscor\n|-damage|p2a: Gliscor|50\/100 tox\n|-unboost|p2a: Gliscor|spd|2\n|move|p2a: Gliscor|Spikes|p1a: Shaymin\n|-sidestart|p1: Nitro524|Spikes\n|\n|-weather|RainDance|[upkeep]\n|-heal|p2a: Gliscor|62\/100 tox|[from] ability: Poison Heal\n|upkeep\n|turn|8\n|\n|t:|1698381812\n|move|p2a: Gliscor|Protect|p2a: Gliscor\n|-singleturn|p2a: Gliscor|Protect\n|move|p1a: Shaymin|Air Slash|p2a: Gliscor\n|-activate|p2a: Gliscor|move: Protect\n|\n|-weather|none\n|-heal|p2a: Gliscor|75\/100 tox|[from] ability: Poison Heal\n|upkeep\n|turn|9\n|\n|t:|1698381815\n|switch|p2a: Blissey|Blissey, F|100\/100\n|move|p1a: Shaymin|Air Slash|p2a: Blissey\n|-damage|p2a: Blissey|90\/100\n|\n|-heal|p2a: Blissey|96\/100|[from] item: Leftovers\n|upkeep\n|turn|10\n|\n|t:|1698381820\n|move|p1a: Shaymin|Seed Flare|p2a: Blissey\n|-damage|p2a: Blissey|77\/100\n|-unboost|p2a: Blissey|spd|2\n|move|p2a: Blissey|Stealth Rock|p1a: Shaymin\n|-sidestart|p1: Nitro524|move: Stealth Rock\n|\n|-heal|p2a: Blissey|83\/100|[from] item: Leftovers\n|upkeep\n|turn|11\n|\n|t:|1698381827\n|switch|p2a: Giratina|Giratina, shiny|100\/100\n|-ability|p2a: Giratina|Pressure\n|move|p1a: Shaymin|Seed Flare|p2a: Giratina\n|-resisted|p2a: Giratina\n|-damage|p2a: Giratina|87\/100\n|-unboost|p2a: Giratina|spd|2\n|\n|-heal|p2a: Giratina|93\/100|[from] item: Leftovers\n|upkeep\n|turn|12\n|\n|t:|1698381832\n|move|p1a: Shaymin|Air Slash|p2a: Giratina\n|-damage|p2a: Giratina|60\/100\n|move|p2a: Giratina|Thunder Wave|p1a: Shaymin\n|-status|p1a: Shaymin|par\n|\n|-heal|p2a: Giratina|67\/100|[from] item: Leftovers\n|upkeep\n|turn|13\n|\n|t:|1698381845\n|switch|p2a: Gliscor|Gliscor, F|75\/100 tox\n|switch|p1a: Zacian|Zacian|100\/100\n|-ability|p1a: Zacian|Intrepid Sword|boost\n|-boost|p1a: Zacian|atk|1\n|\n|-heal|p2a: Gliscor|87\/100 tox|[from] ability: Poison Heal\n|upkeep\n|turn|14\n|\n|t:|1698381859\n|move|p2a: Gliscor|Protect|p2a: Gliscor\n|-singleturn|p2a: Gliscor|Protect\n|move|p1a: Zacian|Play Rough|p2a: Gliscor\n|-activate|p2a: Gliscor|move: Protect\n|\n|-heal|p2a: Gliscor|99\/100 tox|[from] ability: Poison Heal\n|upkeep\n|turn|15\n|\n|t:|1698381866\n|switch|p2a: Dondozo|Dondozo, F|100\/100\n|move|p1a: Zacian|Swords Dance|p1a: Zacian\n|-boost|p1a: Zacian|atk|2\n|\n|upkeep\n|turn|16\n|\n|t:|1698381872\n|move|p1a: Zacian|Close Combat|p2a: Dondozo\n|-damage|p2a: Dondozo|83\/100\n|-unboost|p1a: Zacian|def|1\n|-unboost|p1a: Zacian|spd|1\n|-damage|p1a: Zacian|84\/100|[from] item: Rocky Helmet|[of] p2a: Dondozo\n|move|p2a: Dondozo|Waterfall|p1a: Zacian\n|-damage|p1a: Zacian|59\/100\n|\n|upkeep\n|turn|17\n|\n|t:|1698381885\n|switch|p1a: Palkia|Palkia-Origin|100\/100\n|-status|p1a: Palkia|psn\n|-damage|p1a: Palkia|84\/100 psn|[from] Spikes\n|-damage|p1a: Palkia|72\/100 psn|[from] Stealth Rock\n|-ability|p1a: Palkia|Pressure\n|move|p2a: Dondozo|Waterfall|p1a: Palkia\n|-resisted|p1a: Palkia\n|-damage|p1a: Palkia|64\/100 psn\n|\n|-damage|p1a: Palkia|52\/100 psn|[from] psn\n|upkeep\n|turn|18\n|\n|t:|1698381891\n|switch|p2a: Blissey|Blissey, F|83\/100\n|move|p1a: Palkia|Scale Shot|p2a: Blissey\n|-damage|p2a: Blissey|73\/100\n|-damage|p2a: Blissey|62\/100\n|-damage|p2a: Blissey|53\/100\n|-damage|p2a: Blissey|43\/100\n|-damage|p2a: Blissey|34\/100\n|-hitcount|p2a: Blissey|5\n|-unboost|p1a: Palkia|def|1\n|-boost|p1a: Palkia|spe|1\n|\n|-heal|p2a: Blissey|40\/100|[from] item: Leftovers\n|-damage|p1a: Palkia|39\/100 psn|[from] psn\n|upkeep\n|turn|19\n|\n|t:|1698381895\n|move|p1a: Palkia|Scale Shot|p2a: Blissey\n|-damage|p2a: Blissey|31\/100\n|-damage|p2a: Blissey|22\/100\n|-damage|p2a: Blissey|12\/100\n|-hitcount|p2a: Blissey|3\n|-unboost|p1a: Palkia|def|1\n|-boost|p1a: Palkia|spe|1\n|move|p2a: Blissey|Soft-Boiled|p2a: Blissey\n|-heal|p2a: Blissey|62\/100\n|\n|-heal|p2a: Blissey|68\/100|[from] item: Leftovers\n|-damage|p1a: Palkia|27\/100 psn|[from] psn\n|upkeep\n|turn|20\n|\n|t:|1698381899\n|move|p1a: Palkia|Scale Shot|p2a: Blissey\n|-damage|p2a: Blissey|58\/100\n|-damage|p2a: Blissey|48\/100\n|-damage|p2a: Blissey|39\/100\n|-damage|p2a: Blissey|29\/100\n|-hitcount|p2a: Blissey|4\n|-unboost|p1a: Palkia|def|1\n|-boost|p1a: Palkia|spe|1\n|move|p2a: Blissey|Soft-Boiled|p2a: Blissey\n|-heal|p2a: Blissey|79\/100\n|\n|-heal|p2a: Blissey|85\/100|[from] item: Leftovers\n|-damage|p1a: Palkia|15\/100 psn|[from] psn\n|upkeep\n|turn|21\n|\n|t:|1698381905\n|move|p1a: Palkia|Scale Shot|p2a: Blissey\n|-damage|p2a: Blissey|75\/100\n|-damage|p2a: Blissey|65\/100\n|-hitcount|p2a: Blissey|2\n|-unboost|p1a: Palkia|def|1\n|-boost|p1a: Palkia|spe|1\n|move|p2a: Blissey|Soft-Boiled|p2a: Blissey\n|-heal|p2a: Blissey|100\/100\n|\n|-damage|p1a: Palkia|2\/100 psn|[from] psn\n|upkeep\n|turn|22\n|\n|t:|1698381912\n|move|p1a: Palkia|Spacial Rend|p2a: Blissey\n|-crit|p2a: Blissey\n|-damage|p2a: Blissey|68\/100\n|move|p2a: Blissey|Soft-Boiled|p2a: Blissey\n|-heal|p2a: Blissey|100\/100\n|\n|-damage|p1a: Palkia|0 fnt|[from] psn\n|faint|p1a: Palkia\n|upkeep\n|\n|t:|1698381923\n|switch|p1a: Shaymin|Shaymin-Sky|100\/100 par\n|turn|23\n|\n|t:|1698381934\n|move|p1a: Shaymin|Air Slash|p2a: Blissey\n|-damage|p2a: Blissey|89\/100\n|move|p2a: Blissey|Seismic Toss|p1a: Shaymin\n|-damage|p1a: Shaymin|71\/100 par\n|\n|-heal|p2a: Blissey|96\/100|[from] item: Leftovers\n|upkeep\n|turn|24\n|\n|t:|1698381938\n|move|p1a: Shaymin|Air Slash|p2a: Blissey\n|-damage|p2a: Blissey|85\/100\n|move|p2a: Blissey|Seismic Toss|p1a: Shaymin\n|-damage|p1a: Shaymin|42\/100 par\n|\n|-heal|p2a: Blissey|91\/100|[from] item: Leftovers\n|upkeep\n|turn|25\n|\n|t:|1698381940\n|move|p1a: Shaymin|Air Slash|p2a: Blissey\n|-damage|p2a: Blissey|80\/100\n|cant|p2a: Blissey|flinch\n|\n|-heal|p2a: Blissey|86\/100|[from] item: Leftovers\n|upkeep\n|turn|26\n|\n|t:|1698381943\n|switch|p2a: Gliscor|Gliscor, F|99\/100 tox\n|move|p1a: Shaymin|Air Slash|p2a: Gliscor\n|-damage|p2a: Gliscor|71\/100 tox\n|\n|-heal|p2a: Gliscor|83\/100 tox|[from] ability: Poison Heal\n|upkeep\n|turn|27\n|\n|t:|1698381946\n|move|p2a: Gliscor|Protect|p2a: Gliscor\n|-singleturn|p2a: Gliscor|Protect\n|cant|p1a: Shaymin|par\n|\n|-heal|p2a: Gliscor|96\/100 tox|[from] ability: Poison Heal\n|upkeep\n|turn|28\n|\n|t:|1698381949\n|move|p2a: Gliscor|Spikes|p1a: Shaymin\n|-sidestart|p1: Nitro524|Spikes\n|cant|p1a: Shaymin|par\n|\n|-heal|p2a: Gliscor|100\/100 tox|[from] ability: Poison Heal\n|upkeep\n|turn|29\n|\n|t:|1698381952\n|move|p2a: Gliscor|Knock Off|p1a: Shaymin\n|-damage|p1a: Shaymin|13\/100 par\n|-enditem|p1a: Shaymin|Heavy-Duty Boots|[from] move: Knock Off|[of] p2a: Gliscor\n|cant|p1a: Shaymin|par\n|\n|upkeep\n|turn|30\n|\n|t:|1698381955\n|move|p2a: Gliscor|Knock Off|p1a: Shaymin\n|-damage|p1a: Shaymin|0 fnt\n|faint|p1a: Shaymin\n|\n|upkeep\n|c|\u2606leonissenbaum|oof\n|\n|t:|1698381961\n|switch|p1a: Arceus|Arceus-Poison|100\/100\n|-sideend|p1: Nitro524|move: Toxic Spikes|[of] p1a: Arceus\n|-damage|p1a: Arceus|75\/100|[from] Spikes\n|-damage|p1a: Arceus|63\/100|[from] Stealth Rock\n|turn|31\n|\n|t:|1698381973\n|switch|p2a: Espeon|Espeon, M|100\/100\n|move|p1a: Arceus|Calm Mind|p1a: Arceus\n|-boost|p1a: Arceus|spa|1\n|-boost|p1a: Arceus|spd|1\n|\n|upkeep\n|turn|32\n|\n|t:|1698381980\n|move|p2a: Espeon|Psyshock|p1a: Arceus\n|-supereffective|p1a: Arceus\n|-damage|p1a: Arceus|21\/100\n|move|p1a: Arceus|Judgment|p2a: Espeon\n|-damage|p2a: Espeon|48\/100\n|\n|upkeep\n|turn|33\n|\n|t:|1698381993\n|switch|p1a: Pelipper|Pelipper, M|65\/100\n|-damage|p1a: Pelipper|40\/100|[from] Stealth Rock\n|-weather|RainDance|[from] ability: Drizzle|[of] p1a: Pelipper\n|move|p2a: Espeon|Psyshock|p1a: Pelipper\n|-damage|p1a: Pelipper|6\/100\n|\n|-weather|RainDance|[upkeep]\n|upkeep\n|turn|34\n|\n|t:|1698382002\n|switch|p1a: Zacian|Zacian|59\/100\n|move|p2a: Espeon|Psyshock|p1a: Zacian\n|-damage|p1a: Zacian|24\/100\n|\n|-weather|RainDance|[upkeep]\n|upkeep\n|turn|35\n|c|\u2606leonissenbaum|espeon sweeper??\n|\n|t:|1698382015\n|switch|p2a: Dondozo|Dondozo, F|83\/100\n|move|p1a: Zacian|Play Rough|p2a: Dondozo\n|-damage|p2a: Dondozo|62\/100\n|-unboost|p2a: Dondozo|atk|1\n|-damage|p1a: Zacian|7\/100|[from] item: Rocky Helmet|[of] p2a: Dondozo\n|\n|-weather|RainDance|[upkeep]\n|upkeep\n|turn|36\n|\n|t:|1698382020\n|move|p1a: Zacian|Play Rough|p2a: Dondozo\n|-damage|p2a: Dondozo|44\/100\n|-damage|p1a: Zacian|0 fnt|[from] item: Rocky Helmet|[of] p2a: Dondozo\n|faint|p1a: Zacian\n|move|p2a: Dondozo|Rest|p2a: Dondozo\n|-status|p2a: Dondozo|slp|[from] move: Rest\n|-heal|p2a: Dondozo|100\/100 slp|[silent]\n|\n|-weather|RainDance|[upkeep]\n|upkeep\n|\n|t:|1698382027\n|switch|p1a: Arceus|Arceus-Poison|21\/100\n|-damage|p1a: Arceus|0 fnt|[from] Spikes\n|faint|p1a: Arceus\n|\n|t:|1698382030\n|switch|p1a: Basculegion|Basculegion-F, F|100\/100\n|-damage|p1a: Basculegion|76\/100|[from] Spikes\n|-damage|p1a: Basculegion|63\/100|[from] Stealth Rock\n|turn|37\n|\n|t:|1698382039\n|move|p1a: Basculegion|Last Respects|p2a: Dondozo\n|-damage|p2a: Dondozo|37\/100 slp\n|cant|p2a: Dondozo|slp\n|move|p2a: Dondozo|Sleep Talk|p2a: Dondozo\n|move|p2a: Dondozo|Rest||[from]move: Sleep Talk|[still]\n|-fail|p2a: Dondozo\n|\n|-weather|none\n|upkeep\n|turn|38\n|\n|t:|1698382049\n|switch|p2a: Blissey|Blissey, F|86\/100\n|move|p1a: Basculegion|Last Respects|p2a: Blissey\n|-immune|p2a: Blissey\n|\n|-heal|p2a: Blissey|92\/100|[from] item: Leftovers\n|upkeep\n|turn|39\n|\n|t:|1698382058\n|move|p1a: Basculegion|Aqua Jet|p2a: Blissey\n|-damage|p2a: Blissey|74\/100\n|move|p2a: Blissey|Shadow Ball|p1a: Basculegion\n|-supereffective|p1a: Basculegion\n|-damage|p1a: Basculegion|29\/100\n|\n|-heal|p2a: Blissey|80\/100|[from] item: Leftovers\n|upkeep\n|turn|40\n|\n|t:|1698382067\n|-terastallize|p1a: Basculegion|Normal\n|move|p1a: Basculegion|Aqua Jet|p2a: Blissey\n|-damage|p2a: Blissey|61\/100\n|move|p2a: Blissey|Shadow Ball|p1a: Basculegion\n|-immune|p1a: Basculegion\n|\n|-heal|p2a: Blissey|68\/100|[from] item: Leftovers\n|upkeep\n|turn|41\n|\n|t:|1698382073\n|move|p1a: Basculegion|Aqua Jet|p2a: Blissey\n|-damage|p2a: Blissey|49\/100\n|move|p2a: Blissey|Seismic Toss|p1a: Basculegion\n|-damage|p1a: Basculegion|2\/100\n|\n|-heal|p2a: Blissey|55\/100|[from] item: Leftovers\n|upkeep\n|turn|42\n|c|\u2606leonissenbaum|the tech\n|\n|t:|1698382077\n|move|p1a: Basculegion|Aqua Jet|p2a: Blissey\n|-damage|p2a: Blissey|37\/100\n|move|p2a: Blissey|Seismic Toss|p1a: Basculegion\n|-damage|p1a: Basculegion|0 fnt\n|faint|p1a: Basculegion\n|\n|-heal|p2a: Blissey|43\/100|[from] item: Leftovers\n|upkeep\n|c|\u2606Nitro524|real\n|c|\u2606leonissenbaum|gg\n|c|\u2606Nitro524|gg\n|c|\u2606Nitro524|if i play against this team in the tourney\n|c|\u2606Nitro524|i'm leaving the server\n|c|\u2606leonissenbaum|lmaoo\n|c|\u2606Nitro524|but this is like\n|c|\u2606Nitro524|fun in a weird way\n|\n|t:|1698382111\n|switch|p1a: Pelipper|Pelipper, M|6\/100\n|-damage|p1a: Pelipper|0 fnt|[from] Stealth Rock\n|faint|p1a: Pelipper\n|\n|win|leonissenbaum\n|c|\u2606leonissenbaum|i've heard quite a few people say stall is fun to fight in this tier\n|c|\u2606leonissenbaum|which is great\n","uploadtime":1698382133,"views":15,"p1id":"nitro524","p2id":"leonissenbaum","formatid":"gen9ubers","rating":0,"private":0,"password":""}