{"id":"gen9ubers-1989295937","p1":"wamkou","p2":"Aipom Hoshino","format":"[Gen 9] Ubers","log":"|j|\u2606wamkou\n|j|\u2606Aipom Hoshino\n|t:|1699833136\n|gametype|singles\n|player|p1|wamkou|cynthia|\n|player|p2|Aipom Hoshino|lady-gen4|\n|teamsize|p1|6\n|teamsize|p2|6\n|gen|9\n|tier|[Gen 9] Ubers\n|rule|Sleep Clause Mod: Limit one foe put to sleep\n|rule|Species Clause: Limit one of each Pok\u00e9mon\n|rule|OHKO Clause: OHKO moves are banned\n|rule|Evasion Items Clause: Evasion items are banned\n|rule|Evasion Moves Clause: Evasion moves are banned\n|rule|Endless Battle Clause: Forcing endless battles is banned\n|rule|HP Percentage Mod: HP is shown in percentages\n|clearpoke\n|poke|p1|Scizor, M|\n|poke|p1|Heatran, F|\n|poke|p1|Palkia-Origin|\n|poke|p1|Magearna|\n|poke|p1|Zacian-*|\n|poke|p1|Arceus-Poison|\n|poke|p2|Zacian-*|\n|poke|p2|Cyclizar, M|\n|poke|p2|Houndstone, F|\n|poke|p2|Arceus-Psychic|\n|poke|p2|Palkia-Origin|\n|poke|p2|Shaymin-Sky|\n|teampreview\n|inactive|Battle timer is ON: inactive players will automatically lose when time's up. (requested by Aipom Hoshino)\n|\n|t:|1699833170\n|start\n|switch|p1a: Magearna|Magearna|100\/100\n|switch|p2a: Cyclizar|Cyclizar, M|100\/100\n|turn|1\n|\n|t:|1699833181\n|move|p2a: Cyclizar|Shed Tail|p2a: Cyclizar\n|-start|p2a: Cyclizar|Substitute|[from] move: Shed Tail\n|-damage|p2a: Cyclizar|50\/100\n|\n|t:|1699833191\n|switch|p2a: Arceus|Arceus-Psychic|100\/100|[from] Shed Tail\n|move|p1a: Magearna|Ice Beam|p2a: Arceus\n|-activate|p2a: Arceus|move: Substitute|[damage]\n|\n|upkeep\n|turn|2\n|\n|t:|1699833205\n|move|p2a: Arceus|Taunt|p1a: Magearna\n|-start|p1a: Magearna|move: Taunt\n|move|p1a: Magearna|Ice Beam|p2a: Arceus\n|-end|p2a: Arceus|Substitute\n|\n|upkeep\n|turn|3\n|\n|t:|1699833225\n|switch|p1a: Heatran|Heatran, F|100\/100\n|move|p2a: Arceus|Cosmic Power|p2a: Arceus\n|-boost|p2a: Arceus|def|1\n|-boost|p2a: Arceus|spd|1\n|\n|upkeep\n|turn|4\n|\n|t:|1699833232\n|move|p2a: Arceus|Cosmic Power|p2a: Arceus\n|-boost|p2a: Arceus|def|1\n|-boost|p2a: Arceus|spd|1\n|move|p1a: Heatran|Magma Storm|p2a: Arceus\n|-crit|p2a: Arceus\n|-damage|p2a: Arceus|55\/100\n|-activate|p2a: Arceus|move: Magma Storm|[of] p1a: Heatran\n|\n|-damage|p2a: Arceus|43\/100|[from] move: Magma Storm|[partiallytrapped]\n|upkeep\n|turn|5\n|\n|t:|1699833248\n|move|p2a: Arceus|Recover|p2a: Arceus\n|-heal|p2a: Arceus|93\/100\n|move|p1a: Heatran|Stealth Rock|p2a: Arceus\n|-sidestart|p2: Aipom Hoshino|move: Stealth Rock\n|\n|-damage|p2a: Arceus|80\/100|[from] move: Magma Storm|[partiallytrapped]\n|upkeep\n|turn|6\n|\n|t:|1699833263\n|move|p2a: Arceus|Cosmic Power|p2a: Arceus\n|-boost|p2a: Arceus|def|1\n|-boost|p2a: Arceus|spd|1\n|move|p1a: Heatran|Magma Storm|p2a: Arceus|[miss]\n|-miss|p1a: Heatran|p2a: Arceus\n|\n|-damage|p2a: Arceus|68\/100|[from] move: Magma Storm|[partiallytrapped]\n|upkeep\n|turn|7\n|\n|t:|1699833269\n|move|p2a: Arceus|Cosmic Power|p2a: Arceus\n|-boost|p2a: Arceus|def|1\n|-boost|p2a: Arceus|spd|1\n|move|p1a: Heatran|Magma Storm|p2a: Arceus\n|-damage|p2a: Arceus|58\/100\n|\n|-damage|p2a: Arceus|45\/100|[from] move: Magma Storm|[partiallytrapped]\n|upkeep\n|turn|8\n|\n|t:|1699833276\n|move|p2a: Arceus|Recover|p2a: Arceus\n|-heal|p2a: Arceus|95\/100\n|move|p1a: Heatran|Earth Power|p2a: Arceus\n|-damage|p2a: Arceus|89\/100\n|-unboost|p2a: Arceus|spd|1\n|\n|-end|p2a: Arceus|Magma Storm|[partiallytrapped]\n|upkeep\n|turn|9\n|\n|t:|1699833284\n|move|p2a: Arceus|Cosmic Power|p2a: Arceus\n|-boost|p2a: Arceus|def|1\n|-boost|p2a: Arceus|spd|1\n|move|p1a: Heatran|Magma Storm|p2a: Arceus\n|-crit|p2a: Arceus\n|-damage|p2a: Arceus|43\/100\n|-activate|p2a: Arceus|move: Magma Storm|[of] p1a: Heatran\n|\n|-damage|p2a: Arceus|31\/100|[from] move: Magma Storm|[partiallytrapped]\n|upkeep\n|turn|10\n|\n|t:|1699833297\n|move|p2a: Arceus|Recover|p2a: Arceus\n|-heal|p2a: Arceus|81\/100\n|move|p1a: Heatran|Earth Power|p2a: Arceus\n|-crit|p2a: Arceus\n|-damage|p2a: Arceus|55\/100\n|\n|-damage|p2a: Arceus|42\/100|[from] move: Magma Storm|[partiallytrapped]\n|upkeep\n|turn|11\n|inactive|wamkou has 270 seconds left.\n|inactive|wamkou has 240 seconds left.\n|\n|t:|1699833366\n|move|p2a: Arceus|Recover|p2a: Arceus\n|-heal|p2a: Arceus|92\/100\n|move|p1a: Heatran|Magma Storm|p2a: Arceus\n|-damage|p2a: Arceus|83\/100\n|\n|-damage|p2a: Arceus|70\/100|[from] move: Magma Storm|[partiallytrapped]\n|upkeep\n|turn|12\n|inactive|wamkou has 240 seconds left.\n|inactive|wamkou has 210 seconds left.\n|inactive|wamkou has 180 seconds left.\n|inactive|wamkou has 150 seconds left.\n|\n|t:|1699833477\n|move|p2a: Arceus|Cosmic Power|p2a: Arceus\n|-boost|p2a: Arceus|def|1\n|-boost|p2a: Arceus|spd|1\n|move|p1a: Heatran|Magma Storm|p2a: Arceus|[miss]\n|-miss|p1a: Heatran|p2a: Arceus\n|\n|-damage|p2a: Arceus|58\/100|[from] move: Magma Storm|[partiallytrapped]\n|upkeep\n|turn|13\n|\n|t:|1699833485\n|move|p2a: Arceus|Recover|p2a: Arceus\n|-heal|p2a: Arceus|100\/100\n|move|p1a: Heatran|Magma Storm|p2a: Arceus\n|-damage|p2a: Arceus|92\/100\n|\n|-damage|p2a: Arceus|80\/100|[from] move: Magma Storm|[partiallytrapped]\n|upkeep\n|turn|14\n|inactive|wamkou has 120 seconds left.\n|inactive|wamkou has 90 seconds left.\n|\n|t:|1699833549\n|move|p2a: Arceus|Stored Power|p1a: Heatran\n|-resisted|p1a: Heatran\n|-damage|p1a: Heatran|65\/100\n|move|p1a: Heatran|Magma Storm|p2a: Arceus|[miss]\n|-miss|p1a: Heatran|p2a: Arceus\n|\n|-heal|p1a: Heatran|71\/100|[from] item: Leftovers\n|-end|p2a: Arceus|Magma Storm|[partiallytrapped]\n|upkeep\n|turn|15\n|\n|t:|1699833557\n|move|p2a: Arceus|Stored Power|p1a: Heatran\n|-resisted|p1a: Heatran\n|-damage|p1a: Heatran|35\/100\n|move|p1a: Heatran|Earth Power|p2a: Arceus\n|-damage|p2a: Arceus|75\/100\n|\n|-heal|p1a: Heatran|42\/100|[from] item: Leftovers\n|upkeep\n|turn|16\n|inactive|wamkou has 90 seconds left.\n|\n|t:|1699833591\n|move|p2a: Arceus|Stored Power|p1a: Heatran\n|-resisted|p1a: Heatran\n|-damage|p1a: Heatran|4\/100\n|move|p1a: Heatran|Earth Power|p2a: Arceus\n|-damage|p2a: Arceus|69\/100\n|\n|-heal|p1a: Heatran|10\/100|[from] item: Leftovers\n|upkeep\n|turn|17\n|\n|t:|1699833597\n|move|p2a: Arceus|Cosmic Power|p2a: Arceus\n|-boost|p2a: Arceus|def|0\n|-boost|p2a: Arceus|spd|1\n|move|p1a: Heatran|Earth Power|p2a: Arceus\n|-damage|p2a: Arceus|65\/100\n|\n|-heal|p1a: Heatran|16\/100|[from] item: Leftovers\n|upkeep\n|turn|18\n|\n|t:|1699833602\n|move|p2a: Arceus|Recover|p2a: Arceus\n|-heal|p2a: Arceus|100\/100\n|move|p1a: Heatran|Earth Power|p2a: Arceus\n|-damage|p2a: Arceus|96\/100\n|\n|-heal|p1a: Heatran|23\/100|[from] item: Leftovers\n|upkeep\n|turn|19\n|\n|t:|1699833608\n|move|p2a: Arceus|Stored Power|p1a: Heatran\n|-resisted|p1a: Heatran\n|-damage|p1a: Heatran|0 fnt\n|faint|p1a: Heatran\n|\n|upkeep\n|inactive|wamkou has 90 seconds left.\n|\n|t:|1699833648\n|switch|p1a: Magearna|Magearna|100\/100\n|turn|20\n|\n|t:|1699833653\n|move|p2a: Arceus|Stored Power|p1a: Magearna\n|-resisted|p1a: Magearna\n|-damage|p1a: Magearna|60\/100\n|move|p1a: Magearna|Thunder Wave|p2a: Arceus\n|-status|p2a: Arceus|par\n|\n|-heal|p1a: Magearna|66\/100|[from] item: Leftovers\n|upkeep\n|turn|21\n|\n|t:|1699833661\n|move|p2a: Arceus|Stored Power|p1a: Magearna\n|-resisted|p1a: Magearna\n|-damage|p1a: Magearna|31\/100\n|move|p1a: Magearna|Draining Kiss|p2a: Arceus\n|-damage|p2a: Arceus|92\/100 par\n|-heal|p1a: Magearna|34\/100|[from] drain|[of] p2a: Arceus\n|\n|-heal|p1a: Magearna|40\/100|[from] item: Leftovers\n|upkeep\n|turn|22\n|\n|t:|1699833668\n|move|p2a: Arceus|Stored Power|p1a: Magearna\n|-resisted|p1a: Magearna\n|-damage|p1a: Magearna|0 fnt\n|faint|p1a: Magearna\n|\n|upkeep\n|\n|t:|1699833673\n|switch|p1a: Zacian|Zacian|100\/100\n|-ability|p1a: Zacian|Intrepid Sword|boost\n|-boost|p1a: Zacian|atk|1\n|turn|23\n|\n|t:|1699833676\n|-terastallize|p1a: Zacian|Steel\n|move|p1a: Zacian|Crunch|p2a: Arceus\n|-supereffective|p2a: Arceus\n|-damage|p2a: Arceus|74\/100 par\n|-unboost|p2a: Arceus|def|1\n|move|p2a: Arceus|Stored Power|p1a: Zacian\n|-resisted|p1a: Zacian\n|-damage|p1a: Zacian|49\/100\n|\n|upkeep\n|turn|24\n|\n|t:|1699833685\n|move|p1a: Zacian|Crunch|p2a: Arceus\n|-supereffective|p2a: Arceus\n|-damage|p2a: Arceus|51\/100 par\n|move|p2a: Arceus|Stored Power|p1a: Zacian\n|-resisted|p1a: Zacian\n|-damage|p1a: Zacian|0 fnt\n|faint|p1a: Zacian\n|\n|upkeep\n|\n|t:|1699833699\n|switch|p1a: Scizor|Scizor, M, shiny|100\/100\n|turn|25\n|\n|t:|1699833702\n|move|p2a: Arceus|Recover|p2a: Arceus\n|-heal|p2a: Arceus|100\/100 par\n|move|p1a: Scizor|Knock Off|p2a: Arceus\n|-supereffective|p2a: Arceus\n|-damage|p2a: Arceus|93\/100 par\n|\n|upkeep\n|turn|26\n|\n|t:|1699833714\n|move|p2a: Arceus|Stored Power|p1a: Scizor\n|-resisted|p1a: Scizor\n|-damage|p1a: Scizor|26\/100\n|move|p1a: Scizor|Knock Off|p2a: Arceus\n|-supereffective|p2a: Arceus\n|-damage|p2a: Arceus|86\/100 par\n|\n|upkeep\n|turn|27\n|\n|t:|1699833720\n|move|p2a: Arceus|Stored Power|p1a: Scizor\n|-resisted|p1a: Scizor\n|-damage|p1a: Scizor|0 fnt\n|faint|p1a: Scizor\n|\n|upkeep\n|-message|wamkou forfeited.\n|\n|win|Aipom Hoshino\n|l|\u2606wamkou\n","uploadtime":1699833728,"views":15,"p1id":"wamkou","p2id":"aipomhoshino","formatid":"gen9ubers","rating":0,"private":0,"password":""}