{"id":"gen9ubers-1973644115","p1":"fabxorusVGC","p2":"cortezzi","format":"[Gen 9] Ubers","log":"|j|\u2606fabxorusVGC\n|j|\u2606cortezzi\n|t:|1697999209\n|gametype|singles\n|player|p1|fabxorusVGC|hilbert|1117\n|player|p2|cortezzi|266|1000\n|teamsize|p1|6\n|teamsize|p2|6\n|gen|9\n|tier|[Gen 9] Ubers\n|rated|\n|rule|Sleep Clause Mod: Limit one foe put to sleep\n|rule|Species Clause: Limit one of each Pok\u00e9mon\n|rule|OHKO Clause: OHKO moves are banned\n|rule|Evasion Items Clause: Evasion items are banned\n|rule|Evasion Moves Clause: Evasion moves are banned\n|rule|Endless Battle Clause: Forcing endless battles is banned\n|rule|HP Percentage Mod: HP is shown in percentages\n|clearpoke\n|poke|p1|Gyarados, M|\n|poke|p1|Glastrier|\n|poke|p1|Annihilape, M|\n|poke|p1|Volcarona, F|\n|poke|p1|Rotom-Mow|\n|poke|p1|Corviknight, M|\n|poke|p2|Iron Bundle|\n|poke|p2|Koraidon|\n|poke|p2|Mewtwo|\n|poke|p2|Darkrai|\n|poke|p2|Ogerpon-Hearthflame, F|\n|poke|p2|Groudon|\n|teampreview\n|inactive|Battle timer is ON: inactive players will automatically lose when time's up. (requested by fabxorusVGC)\n|\n|t:|1697999217\n|start\n|switch|p1a: Rotom|Rotom-Mow, shiny|100\/100\n|switch|p2a: Groudon|Groudon|100\/100\n|-weather|SunnyDay|[from] ability: Drought|[of] p2a: Groudon\n|turn|1\n|\n|t:|1697999232\n|move|p1a: Rotom|Leaf Storm|p2a: Groudon\n|-supereffective|p2a: Groudon\n|-damage|p2a: Groudon|0 fnt\n|-unboost|p1a: Rotom|spa|2\n|faint|p2a: Groudon\n|\n|-weather|SunnyDay|[upkeep]\n|upkeep\n|\n|t:|1697999238\n|switch|p2a: Ogerpon|Ogerpon-Hearthflame, F|100\/100\n|-ability|p2a: Ogerpon|Mold Breaker\n|turn|2\n|\n|t:|1697999248\n|switch|p1a: Gyarados|Gyarados, M, shiny|100\/100\n|-ability|p1a: Gyarados|Intimidate|boost\n|-unboost|p2a: Ogerpon|atk|1\n|move|p2a: Ogerpon|Leech Seed|p1a: Gyarados\n|-start|p1a: Gyarados|move: Leech Seed\n|\n|-weather|SunnyDay|[upkeep]\n|-damage|p1a: Gyarados|88\/100|[from] Leech Seed|[of] p2a: Ogerpon\n|upkeep\n|turn|3\n|\n|t:|1697999264\n|switch|p1a: Rotom|Rotom-Mow, shiny|100\/100\n|move|p2a: Ogerpon|Protect||[still]\n|-fail|p2a: Ogerpon\n|\n|-weather|SunnyDay|[upkeep]\n|upkeep\n|turn|4\n|\n|t:|1697999272\n|switch|p1a: Gyarados|Gyarados, M, shiny|88\/100\n|-ability|p1a: Gyarados|Intimidate|boost\n|-unboost|p2a: Ogerpon|atk|1\n|move|p2a: Ogerpon|Spikes|p1a: Gyarados\n|-sidestart|p1: fabxorusVGC|Spikes\n|\n|-weather|SunnyDay|[upkeep]\n|upkeep\n|turn|5\n|\n|t:|1697999284\n|move|p2a: Ogerpon|Protect|p2a: Ogerpon\n|-singleturn|p2a: Ogerpon|Protect\n|move|p1a: Gyarados|Dragon Dance|p1a: Gyarados\n|-boost|p1a: Gyarados|atk|1\n|-boost|p1a: Gyarados|spe|1\n|\n|-weather|none\n|upkeep\n|turn|6\n|\n|t:|1697999293\n|move|p1a: Gyarados|Waterfall|p2a: Ogerpon\n|-damage|p2a: Ogerpon|41\/100\n|move|p2a: Ogerpon|Spikes|p1a: Gyarados\n|-sidestart|p1: fabxorusVGC|Spikes\n|\n|upkeep\n|turn|7\n|\n|t:|1697999300\n|move|p1a: Gyarados|Waterfall|p2a: Ogerpon\n|-damage|p2a: Ogerpon|0 fnt\n|faint|p2a: Ogerpon\n|\n|upkeep\n|\n|t:|1697999304\n|switch|p2a: Darkrai|Darkrai|100\/100\n|turn|8\n|\n|t:|1697999322\n|move|p1a: Gyarados|Waterfall|p2a: Darkrai\n|-damage|p2a: Darkrai|5\/100\n|cant|p2a: Darkrai|flinch\n|\n|upkeep\n|turn|9\n|inactive|cortezzi has 120 seconds left.\n|\n|t:|1697999352\n|move|p1a: Gyarados|Earthquake|p2a: Darkrai\n|-damage|p2a: Darkrai|0 fnt\n|faint|p2a: Darkrai\n|\n|upkeep\n|inactive|cortezzi has 120 seconds left.\n|\n|t:|1697999358\n|switch|p2a: Mewtwo|Mewtwo|100\/100\n|-ability|p2a: Mewtwo|Pressure\n|turn|10\n|\n|t:|1697999368\n|move|p1a: Gyarados|Waterfall|p2a: Mewtwo\n|-damage|p2a: Mewtwo|22\/100\n|move|p2a: Mewtwo|Psystrike|p1a: Gyarados\n|-damage|p1a: Gyarados|4\/100\n|-enditem|p1a: Gyarados|Figy Berry|[eat]\n|-heal|p1a: Gyarados|37\/100|[from] item: Figy Berry\n|\n|-heal|p2a: Mewtwo|29\/100|[from] item: Leftovers\n|upkeep\n|turn|11\n|-message|cortezzi forfeited.\n|\n|win|fabxorusVGC\n|raw|fabxorusVGC's rating: 1117 &rarr; <strong>1134<\/strong><br \/>(+17 for winning)\n|raw|cortezzi's rating: 1000 &rarr; <strong>1000<\/strong><br \/>(+0 for losing)\n|l|\u2606cortezzi\n","uploadtime":1697999387,"views":14,"p1id":"fabxorusvgc","p2id":"cortezzi","formatid":"gen9ubers","rating":1000,"private":0,"password":""}