{"id":"gen9ubers-1989831207","p1":"FrostyRandom02","p2":"kirimissing","format":"[Gen 9] Ubers","log":"|j|\u2606FrostyRandom02\n|j|\u2606kirimissing\n|t:|1699899376\n|gametype|singles\n|player|p1|FrostyRandom02|riley|\n|player|p2|kirimissing|raifort|\n|teamsize|p1|6\n|teamsize|p2|6\n|gen|9\n|tier|[Gen 9] Ubers\n|rule|Sleep Clause Mod: Limit one foe put to sleep\n|rule|Species Clause: Limit one of each Pok\u00e9mon\n|rule|OHKO Clause: OHKO moves are banned\n|rule|Evasion Items Clause: Evasion items are banned\n|rule|Evasion Moves Clause: Evasion moves are banned\n|rule|Endless Battle Clause: Forcing endless battles is banned\n|rule|HP Percentage Mod: HP is shown in percentages\n|clearpoke\n|poke|p1|Masquerain, F|\n|poke|p1|Okidogi, M|\n|poke|p1|Palafin, F|\n|poke|p1|Chi-Yu|\n|poke|p1|Cyclizar, F|\n|poke|p1|Arceus-Ghost|\n|poke|p2|Alomomola, F|\n|poke|p2|Scizor, M|\n|poke|p2|Ninetales-Alola, M|\n|poke|p2|Espathra, M|\n|poke|p2|Haxorus, M|\n|poke|p2|Zamazenta-*|\n|teampreview\n|c|\u2606FrostyRandom02|glhf\n|c|\u2606kirimissing|glhf\n|\n|t:|1699899407\n|start\n|switch|p1a: Masquerain|Masquerain, F|100\/100\n|switch|p2a: Scizor|Scizor, M|100\/100\n|-ability|p1a: Masquerain|Intimidate|boost\n|-unboost|p2a: Scizor|atk|1\n|turn|1\n|c|\u2606FrostyRandom02|Haxorus based btw\n|\n|t:|1699899413\n|move|p1a: Masquerain|Sticky Web|p2a: Scizor\n|-sidestart|p2: kirimissing|move: Sticky Web\n|move|p2a: Scizor|Swords Dance|p2a: Scizor\n|-boost|p2a: Scizor|atk|2\n|\n|upkeep\n|turn|2\n|c|\u2606kirimissing|ye ty\n|\n|t:|1699899422\n|move|p1a: Masquerain|Stun Spore|p2a: Scizor|[miss]\n|-miss|p1a: Masquerain|p2a: Scizor\n|move|p2a: Scizor|Swords Dance|p2a: Scizor\n|-boost|p2a: Scizor|atk|2\n|\n|upkeep\n|turn|3\n|j| Leo Justice\n|\n|t:|1699899425\n|move|p2a: Scizor|Bullet Punch|p1a: Masquerain\n|-enditem|p1a: Masquerain|Focus Sash\n|-damage|p1a: Masquerain|1\/100\n|-damage|p2a: Scizor|91\/100|[from] item: Life Orb\n|move|p1a: Masquerain|Stun Spore|p2a: Scizor\n|-status|p2a: Scizor|par\n|\n|upkeep\n|turn|4\n|\n|t:|1699899434\n|cant|p2a: Scizor|par\n|move|p1a: Masquerain|Stun Spore|p2a: Scizor\n|-fail|p2a: Scizor|par\n|\n|upkeep\n|turn|5\n|\n|t:|1699899437\n|move|p2a: Scizor|Swords Dance|p2a: Scizor\n|-boost|p2a: Scizor|atk|2\n|move|p1a: Masquerain|Whirlwind|p2a: Scizor\n|drag|p2a: Alomomola|Alomomola, F|100\/100\n|-activate|p2a: Alomomola|move: Sticky Web\n|-unboost|p2a: Alomomola|spe|1\n|\n|upkeep\n|turn|6\n|\n|t:|1699899444\n|switch|p2a: Scizor|Scizor, M|91\/100 par\n|-activate|p2a: Scizor|move: Sticky Web\n|-unboost|p2a: Scizor|spe|1\n|move|p1a: Masquerain|Whirlwind|p2a: Scizor\n|drag|p2a: Ninetales|Ninetales-Alola, M|100\/100\n|-activate|p2a: Ninetales|move: Sticky Web\n|-unboost|p2a: Ninetales|spe|1\n|-weather|Snow|[from] ability: Snow Warning|[of] p2a: Ninetales\n|\n|-weather|Snow|[upkeep]\n|upkeep\n|turn|7\n|\n|t:|1699899449\n|switch|p2a: Scizor|Scizor, M|91\/100 par\n|-activate|p2a: Scizor|move: Sticky Web\n|-unboost|p2a: Scizor|spe|1\n|move|p1a: Masquerain|Stun Spore|p2a: Scizor\n|-fail|p2a: Scizor|par\n|\n|-weather|Snow|[upkeep]\n|upkeep\n|turn|8\n|\n|t:|1699899452\n|move|p2a: Scizor|Bullet Punch|p1a: Masquerain\n|-damage|p1a: Masquerain|0 fnt\n|faint|p1a: Masquerain\n|-damage|p2a: Scizor|81\/100 par|[from] item: Life Orb\n|\n|-weather|Snow|[upkeep]\n|upkeep\n|c| Leo Justice|Frosty make sure to make them pay because ur using Arceus ghost\n|\n|t:|1699899468\n|switch|p1a: Okidogi|Okidogi, M|100\/100\n|turn|9\n|\n|t:|1699899476\n|move|p1a: Okidogi|Bulk Up|p1a: Okidogi\n|-boost|p1a: Okidogi|atk|1\n|-boost|p1a: Okidogi|def|1\n|move|p2a: Scizor|Swords Dance|p2a: Scizor\n|-boost|p2a: Scizor|atk|2\n|\n|-weather|Snow|[upkeep]\n|upkeep\n|turn|10\n|\n|t:|1699899482\n|move|p1a: Okidogi|Bulk Up|p1a: Okidogi\n|-boost|p1a: Okidogi|atk|1\n|-boost|p1a: Okidogi|def|1\n|cant|p2a: Scizor|par\n|\n|-weather|none\n|upkeep\n|turn|11\n|\n|t:|1699899489\n|switch|p2a: Ninetales|Ninetales-Alola, M|100\/100\n|-activate|p2a: Ninetales|move: Sticky Web\n|-unboost|p2a: Ninetales|spe|1\n|-weather|Snow|[from] ability: Snow Warning|[of] p2a: Ninetales\n|move|p1a: Okidogi|Knock Off|p2a: Ninetales\n|-resisted|p2a: Ninetales\n|-damage|p2a: Ninetales|79\/100\n|-enditem|p2a: Ninetales|Light Clay|[from] move: Knock Off|[of] p1a: Okidogi\n|\n|-weather|Snow|[upkeep]\n|upkeep\n|turn|12\n|\n|t:|1699899497\n|move|p1a: Okidogi|Poison Jab|p2a: Ninetales\n|-supereffective|p2a: Ninetales\n|-damage|p2a: Ninetales|0 fnt\n|faint|p2a: Ninetales\n|\n|-weather|Snow|[upkeep]\n|upkeep\n|\n|t:|1699899501\n|switch|p2a: Zamazenta|Zamazenta-Crowned|100\/100\n|-activate|p2a: Zamazenta|move: Sticky Web\n|-unboost|p2a: Zamazenta|spe|1\n|-ability|p2a: Zamazenta|Dauntless Shield|boost\n|-boost|p2a: Zamazenta|def|1\n|turn|13\n|\n|t:|1699899508\n|move|p1a: Okidogi|Drain Punch|p2a: Zamazenta\n|-supereffective|p2a: Zamazenta\n|-damage|p2a: Zamazenta|52\/100\n|move|p2a: Zamazenta|Behemoth Bash|p1a: Okidogi\n|-damage|p1a: Okidogi|85\/100\n|\n|-weather|Snow|[upkeep]\n|-heal|p1a: Okidogi|91\/100|[from] item: Leftovers\n|upkeep\n|turn|14\n|c|\u2606kirimissing|i played horribly lol\n|\n|t:|1699899523\n|switch|p2a: Alomomola|Alomomola, F|100\/100\n|-activate|p2a: Alomomola|move: Sticky Web\n|-unboost|p2a: Alomomola|spe|1\n|move|p1a: Okidogi|Bulk Up|p1a: Okidogi\n|-boost|p1a: Okidogi|atk|1\n|-boost|p1a: Okidogi|def|1\n|\n|-weather|Snow|[upkeep]\n|-heal|p1a: Okidogi|97\/100|[from] item: Leftovers\n|upkeep\n|turn|15\n|\n|t:|1699899527\n|move|p1a: Okidogi|Knock Off|p2a: Alomomola\n|-crit|p2a: Alomomola\n|-damage|p2a: Alomomola|19\/100\n|-enditem|p2a: Alomomola|Leftovers|[from] move: Knock Off|[of] p1a: Okidogi\n|move|p2a: Alomomola|Wish|p2a: Alomomola\n|\n|-weather|none\n|-heal|p1a: Okidogi|100\/100|[from] item: Leftovers\n|upkeep\n|turn|16\n|\n|t:|1699899531\n|switch|p2a: Haxorus|Haxorus, M|100\/100\n|-activate|p2a: Haxorus|move: Sticky Web\n|-unboost|p2a: Haxorus|spe|1\n|move|p1a: Okidogi|Drain Punch|p2a: Haxorus\n|-damage|p2a: Haxorus|0 fnt\n|faint|p2a: Haxorus\n|\n|upkeep\n|\n|t:|1699899536\n|switch|p2a: Espathra|Espathra, M|100\/100\n|-activate|p2a: Espathra|move: Sticky Web\n|-unboost|p2a: Espathra|spe|1\n|turn|17\n|\n|t:|1699899544\n|move|p2a: Espathra|Protect|p2a: Espathra\n|-singleturn|p2a: Espathra|Protect\n|move|p1a: Okidogi|Knock Off|p2a: Espathra\n|-activate|p2a: Espathra|move: Protect\n|\n|-ability|p2a: Espathra|Speed Boost|boost\n|-boost|p2a: Espathra|spe|1\n|upkeep\n|turn|18\n|\n|t:|1699899547\n|move|p2a: Espathra|Calm Mind|p2a: Espathra\n|-boost|p2a: Espathra|spa|1\n|-boost|p2a: Espathra|spd|1\n|move|p1a: Okidogi|Knock Off|p2a: Espathra\n|-supereffective|p2a: Espathra\n|-enditem|p2a: Espathra|Focus Sash\n|-damage|p2a: Espathra|1\/100\n|\n|-ability|p2a: Espathra|Speed Boost|boost\n|-boost|p2a: Espathra|spe|1\n|upkeep\n|turn|19\n|\n|t:|1699899553\n|-terastallize|p1a: Okidogi|Dark\n|move|p2a: Espathra|Protect|p2a: Espathra\n|-singleturn|p2a: Espathra|Protect\n|move|p1a: Okidogi|Knock Off|p2a: Espathra\n|-activate|p2a: Espathra|move: Protect\n|\n|-ability|p2a: Espathra|Speed Boost|boost\n|-boost|p2a: Espathra|spe|1\n|upkeep\n|turn|20\n|\n|t:|1699899560\n|-terastallize|p2a: Espathra|Fire\n|move|p2a: Espathra|Tera Blast|p1a: Okidogi|[anim] Tera Blast Fire\n|-damage|p1a: Okidogi|46\/100\n|move|p1a: Okidogi|Poison Jab|p2a: Espathra\n|-crit|p2a: Espathra\n|-damage|p2a: Espathra|0 fnt\n|faint|p2a: Espathra\n|\n|-heal|p1a: Okidogi|52\/100|[from] item: Leftovers\n|upkeep\n|\n|t:|1699899564\n|switch|p2a: Alomomola|Alomomola, F|52\/100\n|-activate|p2a: Alomomola|move: Sticky Web\n|-unboost|p2a: Alomomola|spe|1\n|turn|21\n|\n|t:|1699899569\n|move|p1a: Okidogi|Drain Punch|p2a: Alomomola\n|-damage|p2a: Alomomola|0 fnt\n|-heal|p1a: Okidogi|88\/100|[from] drain|[of] p2a: Alomomola\n|faint|p2a: Alomomola\n|\n|-heal|p1a: Okidogi|94\/100|[from] item: Leftovers\n|upkeep\n|c|\u2606kirimissing|yeah gg\n|-message|kirimissing forfeited.\n|\n|win|FrostyRandom02\n|c|\u2606FrostyRandom02|gg\n","uploadtime":1699899583,"views":33,"p1id":"frostyrandom02","p2id":"kirimissing","formatid":"gen9ubers","rating":0,"private":0,"password":""}