{"id":"gen9ubers-1989958075","p1":"Psyc0x","p2":"Mothonis","format":"[Gen 9] Ubers","log":"|j|\u2606Psyc0x\n|j|\u2606Mothonis\n|t:|1699910166\n|gametype|singles\n|player|p1|Psyc0x|doubleteam|1160\n|player|p2|Mothonis|170|1134\n|teamsize|p1|6\n|teamsize|p2|6\n|gen|9\n|tier|[Gen 9] Ubers\n|rated|\n|rule|Sleep Clause Mod: Limit one foe put to sleep\n|rule|Species Clause: Limit one of each Pok\u00e9mon\n|rule|OHKO Clause: OHKO moves are banned\n|rule|Evasion Items Clause: Evasion items are banned\n|rule|Evasion Moves Clause: Evasion moves are banned\n|rule|Endless Battle Clause: Forcing endless battles is banned\n|rule|HP Percentage Mod: HP is shown in percentages\n|clearpoke\n|poke|p1|Ogerpon-Hearthflame, F|\n|poke|p1|Annihilape, M|\n|poke|p1|Gliscor, M|\n|poke|p1|Kyogre|\n|poke|p1|Kleavor, F|\n|poke|p1|Regieleki|\n|poke|p2|Miraidon|\n|poke|p2|Annihilape, F|\n|poke|p2|Breloom, F|\n|poke|p2|Glimmora, M|\n|poke|p2|Maushold-Four|\n|poke|p2|Ninetales-Alola, F|\n|teampreview\n|inactive|Battle timer is ON: inactive players will automatically lose when time's up. (requested by Mothonis)\n|\n|t:|1699910171\n|start\n|switch|p1a: Regieleki|Regieleki|100\/100\n|switch|p2a: Ninetales|Ninetales-Alola, F|100\/100\n|-weather|Snow|[from] ability: Snow Warning|[of] p2a: Ninetales\n|turn|1\n|\n|t:|1699910182\n|move|p1a: Regieleki|Volt Switch|p2a: Ninetales\n|-damage|p2a: Ninetales|57\/100\n|\n|t:|1699910185\n|switch|p1a: Kleavor|Kleavor, F|100\/100|[from] Volt Switch\n|move|p2a: Ninetales|Aurora Veil|p2a: Ninetales\n|-sidestart|p2: Mothonis|move: Aurora Veil\n|\n|-weather|Snow|[upkeep]\n|upkeep\n|turn|2\n|\n|t:|1699910194\n|move|p2a: Ninetales|Blizzard|p1a: Kleavor\n|-damage|p1a: Kleavor|48\/100\n|move|p1a: Kleavor|Stone Axe|p2a: Ninetales\n|-supereffective|p2a: Ninetales\n|-damage|p2a: Ninetales|11\/100\n|-sidestart|p2: Mothonis|move: Stealth Rock\n|\n|-weather|Snow|[upkeep]\n|upkeep\n|turn|3\n|\n|t:|1699910208\n|move|p2a: Ninetales|Blizzard|p1a: Kleavor\n|-damage|p1a: Kleavor|0 fnt\n|faint|p1a: Kleavor\n|\n|-weather|Snow|[upkeep]\n|upkeep\n|\n|t:|1699910217\n|switch|p1a: Ogerpon|Ogerpon-Hearthflame, F|100\/100\n|-ability|p1a: Ogerpon|Mold Breaker\n|turn|4\n|\n|t:|1699910225\n|move|p1a: Ogerpon|Trailblaze|p2a: Ninetales\n|-damage|p2a: Ninetales|0 fnt\n|-boost|p1a: Ogerpon|spe|1\n|faint|p2a: Ninetales\n|\n|-weather|Snow|[upkeep]\n|upkeep\n|\n|t:|1699910233\n|switch|p2a: Glimmora|Glimmora, M|100\/100\n|-damage|p2a: Glimmora|88\/100|[from] Stealth Rock\n|turn|5\n|\n|t:|1699910250\n|-terastallize|p1a: Ogerpon|Fire\n|detailschange|p1a: Ogerpon|Ogerpon-Hearthflame-Tera, F, tera:Fire\n|-ability|p1a: Ogerpon|Embody Aspect (Hearthflame)|boost\n|-boost|p1a: Ogerpon|atk|1\n|move|p1a: Ogerpon|Horn Leech|p2a: Glimmora\n|-damage|p2a: Glimmora|57\/100\n|move|p2a: Glimmora|Toxic|p1a: Ogerpon\n|-status|p1a: Ogerpon|tox\n|\n|-weather|none\n|-damage|p1a: Ogerpon|95\/100 tox|[from] psn\n|-sideend|p2: Mothonis|move: Aurora Veil\n|upkeep\n|turn|6\n|\n|t:|1699910264\n|move|p1a: Ogerpon|Horn Leech|p2a: Glimmora\n|-crit|p2a: Glimmora\n|-damage|p2a: Glimmora|0 fnt\n|-heal|p1a: Ogerpon|100\/100 tox|[from] drain|[of] p2a: Glimmora\n|faint|p2a: Glimmora\n|\n|-damage|p1a: Ogerpon|89\/100 tox|[from] psn\n|upkeep\n|\n|t:|1699910277\n|switch|p2a: Annihilape|Annihilape, F|100\/100\n|-damage|p2a: Annihilape|94\/100|[from] Stealth Rock\n|turn|7\n|\n|t:|1699910286\n|move|p1a: Ogerpon|Swords Dance|p1a: Ogerpon\n|-boost|p1a: Ogerpon|atk|2\n|move|p2a: Annihilape|Bulk Up|p2a: Annihilape\n|-boost|p2a: Annihilape|atk|1\n|-boost|p2a: Annihilape|def|1\n|\n|-damage|p1a: Ogerpon|71\/100 tox|[from] psn\n|upkeep\n|turn|8\n|\n|t:|1699910298\n|move|p1a: Ogerpon|Ivy Cudgel|p2a: Annihilape\n|-damage|p2a: Annihilape|0 fnt\n|faint|p2a: Annihilape\n|\n|-damage|p1a: Ogerpon|47\/100 tox|[from] psn\n|upkeep\n|\n|t:|1699910304\n|switch|p2a: Maushold|Maushold-Four|100\/100\n|-damage|p2a: Maushold|88\/100|[from] Stealth Rock\n|turn|9\n|\n|t:|1699910310\n|move|p2a: Maushold|Baby-Doll Eyes|p1a: Ogerpon\n|-unboost|p1a: Ogerpon|atk|1\n|move|p1a: Ogerpon|Horn Leech|p2a: Maushold\n|-damage|p2a: Maushold|0 fnt\n|-heal|p1a: Ogerpon|89\/100 tox|[from] drain|[of] p2a: Maushold\n|faint|p2a: Maushold\n|\n|-damage|p1a: Ogerpon|59\/100 tox|[from] psn\n|upkeep\n|\n|t:|1699910320\n|switch|p2a: Breloom|Breloom, F|100\/100\n|-damage|p2a: Breloom|94\/100|[from] Stealth Rock\n|turn|10\n|\n|t:|1699910329\n|move|p1a: Ogerpon|Ivy Cudgel|p2a: Breloom\n|-supereffective|p2a: Breloom\n|-damage|p2a: Breloom|0 fnt\n|faint|p2a: Breloom\n|\n|-damage|p1a: Ogerpon|23\/100 tox|[from] psn\n|upkeep\n|\n|t:|1699910335\n|switch|p2a: Miraidon|Miraidon|100\/100\n|-damage|p2a: Miraidon|88\/100|[from] Stealth Rock\n|-fieldstart|move: Electric Terrain|[from] ability: Hadron Engine|[of] p2a: Miraidon\n|turn|11\n|\n|t:|1699910344\n|move|p1a: Ogerpon|Ivy Cudgel|p2a: Miraidon\n|-resisted|p2a: Miraidon\n|-damage|p2a: Miraidon|14\/100\n|move|p2a: Miraidon|Substitute|p2a: Miraidon\n|-fail|p2a: Miraidon|move: Substitute|[weak]\n|\n|-heal|p2a: Miraidon|20\/100|[from] item: Leftovers\n|-damage|p1a: Ogerpon|0 fnt|[from] psn\n|faint|p1a: Ogerpon\n|upkeep\n|\n|t:|1699910357\n|switch|p1a: Kyogre|Kyogre|100\/100\n|-weather|RainDance|[from] ability: Drizzle|[of] p1a: Kyogre\n|turn|12\n|\n|t:|1699910362\n|move|p1a: Kyogre|Ice Beam|p2a: Miraidon\n|-supereffective|p2a: Miraidon\n|-damage|p2a: Miraidon|0 fnt\n|faint|p2a: Miraidon\n|\n|win|Psyc0x\n|raw|Psyc0x's rating: 1160 &rarr; <strong>1183<\/strong><br \/>(+23 for winning)\n|raw|Mothonis's rating: 1134 &rarr; <strong>1111<\/strong><br \/>(-23 for losing)\n|l|\u2606Mothonis\n","uploadtime":1699910474,"views":22,"p1id":"psyc0x","p2id":"mothonis","formatid":"gen9ubers","rating":1111,"private":0,"password":""}