{"id":"gen9ubers-1980739890","p1":"Tallyikroe","p2":"Elscorchie","format":"[Gen 9] Ubers","log":"|j|\u2606Tallyikroe\n|j|\u2606Elscorchie\n|t:|1698823304\n|gametype|singles\n|player|p1|Tallyikroe|266|1010\n|player|p2|Elscorchie|lucas|1099\n|teamsize|p1|6\n|teamsize|p2|6\n|gen|9\n|tier|[Gen 9] Ubers\n|rated|\n|rule|Sleep Clause Mod: Limit one foe put to sleep\n|rule|Species Clause: Limit one of each Pok\u00e9mon\n|rule|OHKO Clause: OHKO moves are banned\n|rule|Evasion Items Clause: Evasion items are banned\n|rule|Evasion Moves Clause: Evasion moves are banned\n|rule|Endless Battle Clause: Forcing endless battles is banned\n|rule|HP Percentage Mod: HP is shown in percentages\n|clearpoke\n|poke|p1|Magnezone|\n|poke|p1|Weezing-Galar, F|\n|poke|p1|Decidueye-Hisui, M|\n|poke|p1|Palafin, M|\n|poke|p1|Mudsdale, F|\n|poke|p1|Espeon, F|\n|poke|p2|Ursaluna-Bloodmoon, M|\n|poke|p2|Torterra, F|\n|poke|p2|Gliscor, M|\n|poke|p2|Great Tusk|\n|poke|p2|Landorus, M|\n|poke|p2|Quagsire, F|\n|teampreview\n|\n|t:|1698823315\n|start\n|switch|p1a: Magnezone|Magnezone, shiny|100\/100\n|switch|p2a: Landorus|Landorus, M|100\/100\n|turn|1\n|\n|t:|1698823324\n|-terastallize|p1a: Magnezone|Water\n|move|p2a: Landorus|Stealth Rock|p1a: Magnezone\n|-sidestart|p1: Tallyikroe|move: Stealth Rock\n|move|p1a: Magnezone|Tera Blast|p2a: Landorus|[anim] Tera Blast Water\n|-supereffective|p2a: Landorus\n|-damage|p2a: Landorus|0 fnt\n|faint|p2a: Landorus\n|\n|upkeep\n|\n|t:|1698823327\n|switch|p2a: Quagsire|Quagsire, F|100\/100\n|turn|2\n|\n|t:|1698823339\n|move|p1a: Magnezone|Flash Cannon|p2a: Quagsire\n|-resisted|p2a: Quagsire\n|-damage|p2a: Quagsire|77\/100\n|move|p2a: Quagsire|Toxic|p1a: Magnezone|[miss]\n|-miss|p2a: Quagsire|p1a: Magnezone\n|\n|upkeep\n|turn|3\n|\n|t:|1698823349\n|move|p1a: Magnezone|Flash Cannon|p2a: Quagsire\n|-resisted|p2a: Quagsire\n|-damage|p2a: Quagsire|53\/100\n|move|p2a: Quagsire|Toxic|p1a: Magnezone\n|-status|p1a: Magnezone|tox\n|\n|-damage|p1a: Magnezone|94\/100 tox|[from] psn\n|upkeep\n|turn|4\n|\n|t:|1698823357\n|move|p1a: Magnezone|Flash Cannon|p2a: Quagsire\n|-resisted|p2a: Quagsire\n|-damage|p2a: Quagsire|31\/100\n|move|p2a: Quagsire|Recover|p2a: Quagsire\n|-heal|p2a: Quagsire|81\/100\n|\n|-damage|p1a: Magnezone|82\/100 tox|[from] psn\n|upkeep\n|turn|5\n|\n|t:|1698823369\n|switch|p1a: Decidueye|Decidueye-Hisui, M, shiny|100\/100\n|-damage|p1a: Decidueye|94\/100|[from] Stealth Rock\n|switch|p2a: Gliscor|Gliscor, M|100\/100\n|\n|-status|p2a: Gliscor|tox|[from] item: Toxic Orb\n|upkeep\n|turn|6\n|\n|t:|1698823379\n|switch|p2a: Torterra|Torterra, F|100\/100\n|move|p1a: Decidueye|Swords Dance|p1a: Decidueye\n|-boost|p1a: Decidueye|atk|2\n|\n|upkeep\n|turn|7\n|\n|t:|1698823390\n|switch|p2a: Ursaluna|Ursaluna-Bloodmoon, M|100\/100\n|move|p1a: Decidueye|Brave Bird|p2a: Ursaluna\n|-damage|p2a: Ursaluna|50\/100\n|-damage|p1a: Decidueye|78\/100|[from] Recoil\n|\n|-heal|p2a: Ursaluna|56\/100|[from] item: Leftovers\n|upkeep\n|turn|8\n|\n|t:|1698823405\n|move|p1a: Decidueye|Leaf Blade|p2a: Ursaluna\n|-supereffective|p2a: Ursaluna\n|-damage|p2a: Ursaluna|0 fnt\n|faint|p2a: Ursaluna\n|\n|upkeep\n|\n|t:|1698823415\n|switch|p2a: Great Tusk|Great Tusk|100\/100\n|-enditem|p2a: Great Tusk|Booster Energy\n|-activate|p2a: Great Tusk|ability: Protosynthesis|[fromitem]\n|-start|p2a: Great Tusk|protosynthesisatk\n|turn|9\n|\n|t:|1698823424\n|move|p2a: Great Tusk|Ice Spinner|p1a: Decidueye\n|-supereffective|p1a: Decidueye\n|-crit|p1a: Decidueye\n|-damage|p1a: Decidueye|0 fnt\n|faint|p1a: Decidueye\n|\n|upkeep\n|\n|t:|1698823429\n|switch|p1a: Palafin|Palafin, M|100\/100\n|-damage|p1a: Palafin|88\/100|[from] Stealth Rock\n|turn|10\n|\n|t:|1698823438\n|move|p1a: Palafin|Flip Turn|p2a: Great Tusk\n|-supereffective|p2a: Great Tusk\n|-damage|p2a: Great Tusk|69\/100\n|\n|t:|1698823443\n|detailschange|p1a: Palafin|Palafin-Hero, M\n|switch|p1a: Magnezone|Magnezone, shiny, tera:Water|82\/100 tox|[from] Flip Turn\n|-damage|p1a: Magnezone|70\/100 tox|[from] Stealth Rock\n|move|p2a: Great Tusk|Headlong Rush|p1a: Magnezone\n|-damage|p1a: Magnezone|0 fnt\n|-unboost|p2a: Great Tusk|def|1\n|-unboost|p2a: Great Tusk|spd|1\n|-damage|p2a: Great Tusk|53\/100|[from] item: Rocky Helmet|[of] p1a: Magnezone\n|faint|p1a: Magnezone\n|\n|upkeep\n|\n|t:|1698823454\n|switch|p1a: Espeon|Espeon, F|100\/100\n|-damage|p1a: Espeon|88\/100|[from] Stealth Rock\n|turn|11\n|inactive|Battle timer is ON: inactive players will automatically lose when time's up. (requested by Elscorchie)\n|\n|t:|1698823459\n|move|p1a: Espeon|Psychic|p2a: Great Tusk\n|-supereffective|p2a: Great Tusk\n|-damage|p2a: Great Tusk|0 fnt\n|faint|p2a: Great Tusk\n|-end|p2a: Great Tusk|Protosynthesis|[silent]\n|\n|upkeep\n|\n|t:|1698823462\n|switch|p2a: Quagsire|Quagsire, F|81\/100\n|turn|12\n|\n|t:|1698823468\n|move|p1a: Espeon|Psychic|p2a: Quagsire\n|-damage|p2a: Quagsire|25\/100\n|move|p2a: Quagsire|Earthquake|p1a: Espeon\n|-damage|p1a: Espeon|28\/100\n|\n|upkeep\n|turn|13\n|\n|t:|1698823474\n|move|p1a: Espeon|Draining Kiss|p2a: Quagsire\n|-damage|p2a: Quagsire|6\/100\n|-heal|p1a: Espeon|46\/100|[from] drain|[of] p2a: Quagsire\n|-damage|p1a: Espeon|29\/100|[from] item: Rocky Helmet|[of] p2a: Quagsire\n|move|p2a: Quagsire|Recover|p2a: Quagsire\n|-heal|p2a: Quagsire|56\/100\n|\n|upkeep\n|turn|14\n|\n|t:|1698823481\n|move|p1a: Espeon|Psychic|p2a: Quagsire\n|-damage|p2a: Quagsire|4\/100\n|move|p2a: Quagsire|Earthquake|p1a: Espeon\n|-damage|p1a: Espeon|0 fnt\n|faint|p1a: Espeon\n|\n|upkeep\n|\n|t:|1698823493\n|switch|p1a: Weezing|Weezing-Galar, F|100\/100\n|-ability|p1a: Weezing|Neutralizing Gas\n|-block|p1a: Weezing|item: Ability Shield\n|-damage|p1a: Weezing|88\/100|[from] Stealth Rock\n|turn|15\n|\n|t:|1698823500\n|move|p1a: Weezing|Strange Steam|p2a: Quagsire\n|-damage|p2a: Quagsire|0 fnt\n|faint|p2a: Quagsire\n|\n|upkeep\n|\n|t:|1698823506\n|switch|p2a: Torterra|Torterra, F|100\/100\n|turn|16\n|\n|t:|1698823510\n|move|p1a: Weezing|Heat Wave|p2a: Torterra\n|-supereffective|p2a: Torterra\n|-damage|p2a: Torterra|41\/100\n|-status|p2a: Torterra|brn\n|move|p2a: Torterra|Shell Smash|p2a: Torterra\n|-unboost|p2a: Torterra|def|1\n|-unboost|p2a: Torterra|spd|1\n|-boost|p2a: Torterra|atk|2\n|-boost|p2a: Torterra|spa|2\n|-boost|p2a: Torterra|spe|2\n|\n|-damage|p2a: Torterra|35\/100 brn|[from] brn\n|upkeep\n|turn|17\n|\n|t:|1698823521\n|move|p2a: Torterra|Rock Blast|p1a: Weezing\n|-damage|p1a: Weezing|80\/100\n|-damage|p1a: Weezing|72\/100\n|-damage|p1a: Weezing|65\/100\n|-damage|p1a: Weezing|58\/100\n|-damage|p1a: Weezing|50\/100\n|-hitcount|p1a: Weezing|5\n|move|p1a: Weezing|Heat Wave|p2a: Torterra\n|-supereffective|p2a: Torterra\n|-damage|p2a: Torterra|0 fnt\n|faint|p2a: Torterra\n|\n|upkeep\n|\n|t:|1698823526\n|switch|p2a: Gliscor|Gliscor, M|100\/100 tox\n|turn|18\n|\n|t:|1698823534\n|move|p2a: Gliscor|Earthquake|p1a: Weezing\n|-supereffective|p1a: Weezing\n|-damage|p1a: Weezing|0 fnt\n|faint|p1a: Weezing\n|-end|p1a: Weezing|ability: Neutralizing Gas\n|\n|upkeep\n|\n|t:|1698823537\n|switch|p1a: Palafin|Palafin-Hero, M|88\/100\n|-damage|p1a: Palafin|76\/100|[from] Stealth Rock\n|-activate|p1a: Palafin|ability: Zero to Hero\n|turn|19\n|\n|t:|1698823542\n|-terastallize|p2a: Gliscor|Water\n|move|p1a: Palafin|Liquidation|p2a: Gliscor\n|-resisted|p2a: Gliscor\n|-damage|p2a: Gliscor|75\/100 tox\n|move|p2a: Gliscor|Fling|p1a: Palafin\n|-damage|p1a: Palafin|67\/100\n|-status|p1a: Palafin|tox\n|-enditem|p2a: Gliscor|Toxic Orb|[from] move: Fling\n|-enditem|p1a: Palafin|Eject Button\n|\n|t:|1698823552\n|switch|p1a: Mudsdale|Mudsdale, F, shiny|100\/100\n|-damage|p1a: Mudsdale|94\/100|[from] Stealth Rock\n|\n|-heal|p2a: Gliscor|88\/100 tox|[from] ability: Poison Heal\n|upkeep\n|turn|20\n|\n|t:|1698823558\n|move|p2a: Gliscor|Swords Dance|p2a: Gliscor\n|-boost|p2a: Gliscor|atk|2\n|move|p1a: Mudsdale|Counter||[still]\n|-fail|p1a: Mudsdale\n|\n|-heal|p2a: Gliscor|99\/100 tox|[from] ability: Poison Heal\n|upkeep\n|turn|21\n|\n|t:|1698823563\n|move|p2a: Gliscor|Acrobatics|p1a: Mudsdale\n|-crit|p1a: Mudsdale\n|-damage|p1a: Mudsdale|0 fnt\n|faint|p1a: Mudsdale\n|\n|-heal|p2a: Gliscor|100\/100 tox|[from] ability: Poison Heal\n|upkeep\n|\n|t:|1698823566\n|switch|p1a: Palafin|Palafin-Hero, M|67\/100 tox\n|-damage|p1a: Palafin|55\/100 tox|[from] Stealth Rock\n|turn|22\n|\n|t:|1698823570\n|move|p1a: Palafin|Drain Punch|p2a: Gliscor\n|-damage|p2a: Gliscor|73\/100 tox\n|-heal|p1a: Palafin|66\/100 tox|[from] drain|[of] p2a: Gliscor\n|move|p2a: Gliscor|Acrobatics|p1a: Palafin\n|-damage|p1a: Palafin|0 fnt\n|faint|p1a: Palafin\n|\n|win|Elscorchie\n|raw|Tallyikroe's rating: 1010 &rarr; <strong>1001<\/strong><br \/>(-9 for losing)\n|raw|Elscorchie's rating: 1099 &rarr; <strong>1118<\/strong><br \/>(+19 for winning)\n","uploadtime":1698823574,"views":8,"p1id":"tallyikroe","p2id":"elscorchie","formatid":"gen9ubers","rating":1001,"private":0,"password":""}