{"id":"gen9ubers-1984225773","p1":"Half A Second","p2":"Mattbennett","format":"[Gen 9] Ubers","log":"|j|\u2606Half A Second\n|j|\u2606Mattbennett\n|t:|1699232289\n|gametype|singles\n|player|p1|Half A Second|lucas-gen4pt|\n|player|p2|Mattbennett|clown|\n|teamsize|p1|6\n|teamsize|p2|6\n|gen|9\n|tier|[Gen 9] Ubers\n|rule|Sleep Clause Mod: Limit one foe put to sleep\n|rule|Species Clause: Limit one of each Pok\u00e9mon\n|rule|OHKO Clause: OHKO moves are banned\n|rule|Evasion Items Clause: Evasion items are banned\n|rule|Evasion Moves Clause: Evasion moves are banned\n|rule|Endless Battle Clause: Forcing endless battles is banned\n|rule|HP Percentage Mod: HP is shown in percentages\n|clearpoke\n|poke|p1|Annihilape, M|\n|poke|p1|Dragapult, M|\n|poke|p1|Gyarados, F|\n|poke|p1|Muk-Alola, M|\n|poke|p1|Empoleon, F|\n|poke|p1|Krookodile, F|\n|poke|p2|Great Tusk|\n|poke|p2|Iron Moth|\n|poke|p2|Mandibuzz, F|\n|poke|p2|Vikavolt, F|\n|poke|p2|Torterra, M|\n|poke|p2|Clawitzer, M|\n|teampreview\n|\n|t:|1699232307\n|start\n|switch|p1a: Sinnoh v Sinnoh|Empoleon, F|100\/100\n|switch|p2a: Mandibuzz|Mandibuzz, F|100\/100\n|turn|1\n|\n|t:|1699232318\n|move|p2a: Mandibuzz|Knock Off|p1a: Sinnoh v Sinnoh\n|-damage|p1a: Sinnoh v Sinnoh|75\/100\n|-enditem|p1a: Sinnoh v Sinnoh|Heavy-Duty Boots|[from] move: Knock Off|[of] p2a: Mandibuzz\n|move|p1a: Sinnoh v Sinnoh|Chilling Water|p2a: Mandibuzz\n|-crit|p2a: Mandibuzz\n|-damage|p2a: Mandibuzz|78\/100\n|-unboost|p2a: Mandibuzz|atk|1\n|\n|-heal|p2a: Mandibuzz|84\/100|[from] item: Leftovers\n|upkeep\n|turn|2\n|\n|t:|1699232334\n|move|p2a: Mandibuzz|U-turn|p1a: Sinnoh v Sinnoh\n|-resisted|p1a: Sinnoh v Sinnoh\n|-damage|p1a: Sinnoh v Sinnoh|71\/100\n|\n|t:|1699232336\n|switch|p2a: Red Lobster|Clawitzer, M, shiny|100\/100|[from] U-turn\n|move|p1a: Sinnoh v Sinnoh|Stealth Rock|p2a: Red Lobster\n|-sidestart|p2: Mattbennett|move: Stealth Rock\n|\n|upkeep\n|turn|3\n|\n|t:|1699232346\n|move|p1a: Sinnoh v Sinnoh|Flip Turn|p2a: Red Lobster\n|-resisted|p2a: Red Lobster\n|-damage|p2a: Red Lobster|92\/100\n|\n|t:|1699232366\n|switch|p1a: Damien's Mister|Dragapult, M|100\/100|[from] Flip Turn\n|move|p2a: Red Lobster|Aura Sphere|p1a: Damien's Mister\n|-immune|p1a: Damien's Mister\n|\n|upkeep\n|turn|4\n|j| ChineseMitch\n|\n|t:|1699232373\n|move|p1a: Damien's Mister|Thunderbolt|p2a: Red Lobster\n|-supereffective|p2a: Red Lobster\n|-damage|p2a: Red Lobster|63\/100\n|move|p2a: Red Lobster|Dragon Pulse|p1a: Damien's Mister\n|-supereffective|p1a: Damien's Mister\n|-damage|p1a: Damien's Mister|0 fnt\n|faint|p1a: Damien's Mister\n|\n|upkeep\n|\n|t:|1699232401\n|switch|p1a: S.I. Beaches|Muk-Alola, M|100\/100\n|turn|5\n|\n|t:|1699232419\n|switch|p2a: Mandibuzz|Mandibuzz, F|84\/100\n|-damage|p2a: Mandibuzz|59\/100|[from] Stealth Rock\n|move|p1a: S.I. Beaches|Knock Off|p2a: Mandibuzz\n|-resisted|p2a: Mandibuzz\n|-damage|p2a: Mandibuzz|50\/100\n|-status|p2a: Mandibuzz|psn|[from] ability: Poison Touch|[of] p1a: S.I. Beaches\n|-enditem|p2a: Mandibuzz|Leftovers|[from] move: Knock Off|[of] p1a: S.I. Beaches\n|\n|-damage|p2a: Mandibuzz|37\/100 psn|[from] psn\n|upkeep\n|turn|6\n|\n|t:|1699232432\n|move|p1a: S.I. Beaches|Protect|p1a: S.I. Beaches\n|-singleturn|p1a: S.I. Beaches|Protect\n|move|p2a: Mandibuzz|Roost|p2a: Mandibuzz\n|-heal|p2a: Mandibuzz|87\/100 psn\n|-singleturn|p2a: Mandibuzz|move: Roost\n|\n|-damage|p2a: Mandibuzz|75\/100 psn|[from] psn\n|upkeep\n|turn|7\n|\n|t:|1699232451\n|move|p2a: Mandibuzz|Defog|p1a: S.I. Beaches\n|-unboost|p1a: S.I. Beaches|evasion|1\n|-sideend|p2: Mattbennett|Stealth Rock|[from] move: Defog|[of] p2a: Mandibuzz\n|move|p1a: S.I. Beaches|Poison Jab|p2a: Mandibuzz\n|-damage|p2a: Mandibuzz|58\/100 psn\n|\n|-damage|p2a: Mandibuzz|45\/100 psn|[from] psn\n|upkeep\n|turn|8\n|\n|t:|1699232461\n|move|p2a: Mandibuzz|Roost|p2a: Mandibuzz\n|-heal|p2a: Mandibuzz|95\/100 psn\n|-singleturn|p2a: Mandibuzz|move: Roost\n|move|p1a: S.I. Beaches|Poison Jab|p2a: Mandibuzz\n|-damage|p2a: Mandibuzz|79\/100 psn\n|\n|-damage|p2a: Mandibuzz|66\/100 psn|[from] psn\n|upkeep\n|turn|9\n|\n|t:|1699232472\n|move|p2a: Mandibuzz|Knock Off|p1a: S.I. Beaches\n|-resisted|p1a: S.I. Beaches\n|-damage|p1a: S.I. Beaches|88\/100\n|-enditem|p1a: S.I. Beaches|Leftovers|[from] move: Knock Off|[of] p2a: Mandibuzz\n|move|p1a: S.I. Beaches|Poison Jab|p2a: Mandibuzz\n|-damage|p2a: Mandibuzz|51\/100 psn\n|\n|-damage|p2a: Mandibuzz|38\/100 psn|[from] psn\n|upkeep\n|turn|10\n|\n|t:|1699232525\n|move|p2a: Mandibuzz|Roost|p2a: Mandibuzz\n|-heal|p2a: Mandibuzz|88\/100 psn\n|-singleturn|p2a: Mandibuzz|move: Roost\n|move|p1a: S.I. Beaches|Poison Jab|p2a: Mandibuzz\n|-damage|p2a: Mandibuzz|71\/100 psn\n|\n|-damage|p2a: Mandibuzz|59\/100 psn|[from] psn\n|upkeep\n|turn|11\n|\n|t:|1699232543\n|move|p2a: Mandibuzz|Roost|p2a: Mandibuzz\n|-heal|p2a: Mandibuzz|100\/100 psn\n|-singleturn|p2a: Mandibuzz|move: Roost\n|move|p1a: S.I. Beaches|Poison Jab|p2a: Mandibuzz\n|-damage|p2a: Mandibuzz|84\/100 psn\n|\n|-damage|p2a: Mandibuzz|71\/100 psn|[from] psn\n|upkeep\n|turn|12\n|\n|t:|1699232556\n|move|p2a: Mandibuzz|U-turn|p1a: S.I. Beaches\n|-damage|p1a: S.I. Beaches|75\/100\n|\n|t:|1699232587\n|switch|p2a: Torterra|Torterra, M|100\/100|[from] U-turn\n|move|p1a: S.I. Beaches|Poison Jab|p2a: Torterra\n|-damage|p2a: Torterra|73\/100\n|-status|p2a: Torterra|psn\n|\n|-damage|p2a: Torterra|61\/100 psn|[from] psn\n|upkeep\n|turn|13\n|\n|t:|1699232598\n|switch|p1a: World's Angriest F|Gyarados, F|100\/100\n|move|p2a: Torterra|Earthquake|p1a: World's Angriest F\n|-immune|p1a: World's Angriest F\n|\n|-damage|p2a: Torterra|49\/100 psn|[from] psn\n|upkeep\n|turn|14\n|\n|t:|1699232633\n|switch|p2a: Thunderbug|Vikavolt, F, shiny|100\/100\n|move|p1a: World's Angriest F|Waterfall|p2a: Thunderbug\n|-damage|p2a: Thunderbug|70\/100\n|\n|-heal|p2a: Thunderbug|76\/100|[from] item: Leftovers\n|upkeep\n|turn|15\n|\n|t:|1699232701\n|switch|p1a: SNOOT|Krookodile, F|100\/100\n|-ability|p1a: SNOOT|Intimidate|boost\n|-unboost|p2a: Thunderbug|atk|1\n|move|p2a: Thunderbug|Sticky Web|p1a: SNOOT\n|-sidestart|p1: Half A Second|move: Sticky Web\n|\n|-heal|p2a: Thunderbug|82\/100|[from] item: Leftovers\n|upkeep\n|turn|16\n|\n|t:|1699232727\n|switch|p2a: Great Tusk|Great Tusk|100\/100\n|move|p1a: SNOOT|Aqua Tail|p2a: Great Tusk\n|-supereffective|p2a: Great Tusk\n|-damage|p2a: Great Tusk|60\/100\n|\n|-heal|p2a: Great Tusk|66\/100|[from] item: Leftovers\n|upkeep\n|turn|17\n|\n|t:|1699232755\n|switch|p1a: I Always Come Back|Annihilape, M|100\/100\n|-activate|p1a: I Always Come Back|move: Sticky Web\n|-unboost|p1a: I Always Come Back|spe|1\n|-ability|p1a: I Always Come Back|Defiant|boost\n|-boost|p1a: I Always Come Back|atk|2\n|move|p2a: Great Tusk|Play Rough|p1a: I Always Come Back|[miss]\n|-miss|p2a: Great Tusk|p1a: I Always Come Back\n|\n|-heal|p2a: Great Tusk|72\/100|[from] item: Leftovers\n|upkeep\n|turn|18\n|\n|t:|1699232835\n|move|p2a: Great Tusk|Play Rough|p1a: I Always Come Back\n|-supereffective|p1a: I Always Come Back\n|-damage|p1a: I Always Come Back|37\/100\n|move|p1a: I Always Come Back|Ice Punch|p2a: Great Tusk\n|-supereffective|p2a: Great Tusk\n|-crit|p2a: Great Tusk\n|-damage|p2a: Great Tusk|0 fnt\n|faint|p2a: Great Tusk\n|-end|p2a: Great Tusk|Protosynthesis|[silent]\n|\n|upkeep\n|\n|t:|1699232842\n|switch|p2a: Iron Moth|Iron Moth|100\/100\n|turn|19\n|\n|t:|1699232866\n|move|p2a: Iron Moth|Fiery Dance|p1a: I Always Come Back\n|-damage|p1a: I Always Come Back|3\/100\n|move|p1a: I Always Come Back|Drain Punch|p2a: Iron Moth\n|-resisted|p2a: Iron Moth\n|-damage|p2a: Iron Moth|34\/100\n|-heal|p1a: I Always Come Back|32\/100|[from] drain|[of] p2a: Iron Moth\n|\n|upkeep\n|turn|20\n|\n|t:|1699232928\n|move|p2a: Iron Moth|Fiery Dance|p1a: I Always Come Back\n|-damage|p1a: I Always Come Back|1\/100\n|move|p1a: I Always Come Back|Drain Punch|p2a: Iron Moth\n|-resisted|p2a: Iron Moth\n|-damage|p2a: Iron Moth|0 fnt\n|-heal|p1a: I Always Come Back|16\/100|[from] drain|[of] p2a: Iron Moth\n|faint|p2a: Iron Moth\n|-end|p2a: Iron Moth|Quark Drive|[silent]\n|\n|upkeep\n|\n|t:|1699232941\n|switch|p2a: Mandibuzz|Mandibuzz, F|71\/100 psn\n|turn|21\n|\n|t:|1699232947\n|move|p2a: Mandibuzz|Knock Off|p1a: I Always Come Back\n|-damage|p1a: I Always Come Back|0 fnt\n|-enditem|p1a: I Always Come Back|Punching Glove|[from] move: Knock Off|[of] p2a: Mandibuzz\n|faint|p1a: I Always Come Back\n|\n|-damage|p2a: Mandibuzz|59\/100 psn|[from] psn\n|upkeep\n|\n|t:|1699232967\n|switch|p1a: World's Angriest F|Gyarados, F|100\/100\n|turn|22\n|\n|t:|1699233006\n|move|p1a: World's Angriest F|Ice Fang|p2a: Mandibuzz\n|-supereffective|p2a: Mandibuzz\n|-crit|p2a: Mandibuzz\n|-damage|p2a: Mandibuzz|23\/100 psn\n|cant|p2a: Mandibuzz|flinch\n|\n|-damage|p2a: Mandibuzz|10\/100 psn|[from] psn\n|upkeep\n|turn|23\n|\n|t:|1699233016\n|switch|p2a: Thunderbug|Vikavolt, F, shiny|82\/100\n|move|p1a: World's Angriest F|Ice Fang|p2a: Thunderbug\n|-damage|p2a: Thunderbug|63\/100\n|\n|-heal|p2a: Thunderbug|69\/100|[from] item: Leftovers\n|upkeep\n|turn|24\n|\n|t:|1699233062\n|switch|p1a: S.I. Beaches|Muk-Alola, M|75\/100\n|-activate|p1a: S.I. Beaches|move: Sticky Web\n|-unboost|p1a: S.I. Beaches|spe|1\n|switch|p2a: Red Lobster|Clawitzer, M, shiny|63\/100\n|\n|upkeep\n|turn|25\n|\n|t:|1699233076\n|move|p2a: Red Lobster|Water Pulse|p1a: S.I. Beaches\n|-damage|p1a: S.I. Beaches|55\/100\n|-start|p1a: S.I. Beaches|confusion\n|-activate|p1a: S.I. Beaches|confusion\n|move|p1a: S.I. Beaches|Knock Off|p2a: Red Lobster\n|-damage|p2a: Red Lobster|24\/100\n|-status|p2a: Red Lobster|psn|[from] ability: Poison Touch|[of] p1a: S.I. Beaches\n|-enditem|p2a: Red Lobster|Assault Vest|[from] move: Knock Off|[of] p1a: S.I. Beaches\n|\n|-damage|p2a: Red Lobster|11\/100 psn|[from] psn\n|upkeep\n|turn|26\n|\n|t:|1699233092\n|switch|p1a: Sinnoh v Sinnoh|Empoleon, F|71\/100\n|-activate|p1a: Sinnoh v Sinnoh|move: Sticky Web\n|-unboost|p1a: Sinnoh v Sinnoh|spe|1\n|-ability|p1a: Sinnoh v Sinnoh|Competitive|boost\n|-boost|p1a: Sinnoh v Sinnoh|spa|2\n|move|p2a: Red Lobster|Water Pulse|p1a: Sinnoh v Sinnoh\n|-resisted|p1a: Sinnoh v Sinnoh\n|-damage|p1a: Sinnoh v Sinnoh|59\/100\n|\n|-damage|p2a: Red Lobster|0 fnt|[from] psn\n|faint|p2a: Red Lobster\n|upkeep\n|\n|t:|1699233100\n|switch|p2a: Thunderbug|Vikavolt, F, shiny|69\/100\n|turn|27\n|\n|t:|1699233148\n|move|p2a: Thunderbug|Thunderbolt|p1a: Sinnoh v Sinnoh\n|-supereffective|p1a: Sinnoh v Sinnoh\n|-damage|p1a: Sinnoh v Sinnoh|1\/100\n|move|p1a: Sinnoh v Sinnoh|Stealth Rock|p2a: Thunderbug\n|-sidestart|p2: Mattbennett|move: Stealth Rock\n|\n|-heal|p2a: Thunderbug|75\/100|[from] item: Leftovers\n|upkeep\n|turn|28\n|\n|t:|1699233156\n|move|p2a: Thunderbug|Volt Switch|p1a: Sinnoh v Sinnoh\n|-supereffective|p1a: Sinnoh v Sinnoh\n|-damage|p1a: Sinnoh v Sinnoh|0 fnt\n|faint|p1a: Sinnoh v Sinnoh\n|\n|t:|1699233158\n|switch|p2a: Mandibuzz|Mandibuzz, F|10\/100 psn|[from] Volt Switch\n|-damage|p2a: Mandibuzz|0 fnt|[from] Stealth Rock\n|faint|p2a: Mandibuzz\n|\n|upkeep\n|\n|t:|1699233170\n|switch|p2a: Torterra|Torterra, M|49\/100 psn\n|switch|p1a: S.I. Beaches|Muk-Alola, M|55\/100\n|-damage|p2a: Torterra|43\/100 psn|[from] Stealth Rock\n|-activate|p1a: S.I. Beaches|move: Sticky Web\n|-unboost|p1a: S.I. Beaches|spe|1\n|turn|29\n|\n|t:|1699233184\n|switch|p1a: World's Angriest F|Gyarados, F|100\/100\n|move|p2a: Torterra|Earthquake|p1a: World's Angriest F\n|-immune|p1a: World's Angriest F\n|\n|-damage|p2a: Torterra|30\/100 psn|[from] psn\n|upkeep\n|turn|30\n|\n|t:|1699233221\n|-terastallize|p2a: Torterra|Fairy\n|move|p1a: World's Angriest F|Ice Fang|p2a: Torterra\n|-damage|p2a: Torterra|10\/100 psn\n|move|p2a: Torterra|Rock Blast|p1a: World's Angriest F\n|-supereffective|p1a: World's Angriest F\n|-damage|p1a: World's Angriest F|78\/100\n|-supereffective|p1a: World's Angriest F\n|-damage|p1a: World's Angriest F|58\/100\n|-supereffective|p1a: World's Angriest F\n|-damage|p1a: World's Angriest F|35\/100\n|-supereffective|p1a: World's Angriest F\n|-damage|p1a: World's Angriest F|13\/100\n|-hitcount|p1a: World's Angriest F|4\n|\n|-damage|p2a: Torterra|0 fnt|[from] psn\n|faint|p2a: Torterra\n|upkeep\n|\n|t:|1699233232\n|switch|p2a: Thunderbug|Vikavolt, F, shiny|75\/100\n|-damage|p2a: Thunderbug|50\/100|[from] Stealth Rock\n|turn|31\n|\n|t:|1699233270\n|move|p1a: World's Angriest F|Waterfall|p2a: Thunderbug\n|-damage|p2a: Thunderbug|17\/100\n|move|p2a: Thunderbug|Thunderbolt|p1a: World's Angriest F\n|-supereffective|p1a: World's Angriest F\n|-damage|p1a: World's Angriest F|0 fnt\n|faint|p1a: World's Angriest F\n|\n|-heal|p2a: Thunderbug|23\/100|[from] item: Leftovers\n|upkeep\n|\n|t:|1699233278\n|switch|p1a: S.I. Beaches|Muk-Alola, M|55\/100\n|-activate|p1a: S.I. Beaches|move: Sticky Web\n|-unboost|p1a: S.I. Beaches|spe|1\n|turn|32\n|\n|t:|1699233283\n|move|p2a: Thunderbug|Protect|p2a: Thunderbug\n|-singleturn|p2a: Thunderbug|Protect\n|move|p1a: S.I. Beaches|Poison Jab|p2a: Thunderbug\n|-activate|p2a: Thunderbug|move: Protect\n|\n|-heal|p2a: Thunderbug|30\/100|[from] item: Leftovers\n|upkeep\n|turn|33\n|\n|t:|1699233292\n|move|p2a: Thunderbug|Thunderbolt|p1a: S.I. Beaches\n|-damage|p1a: S.I. Beaches|26\/100\n|move|p1a: S.I. Beaches|Knock Off|p2a: Thunderbug\n|-damage|p2a: Thunderbug|1\/100\n|-enditem|p2a: Thunderbug|Leftovers|[from] move: Knock Off|[of] p1a: S.I. Beaches\n|\n|upkeep\n|turn|34\n|\n|t:|1699233299\n|move|p2a: Thunderbug|Thunderbolt|p1a: S.I. Beaches\n|-damage|p1a: S.I. Beaches|1\/100\n|move|p1a: S.I. Beaches|Poison Jab|p2a: Thunderbug\n|-damage|p2a: Thunderbug|0 fnt\n|faint|p2a: Thunderbug\n|\n|win|Half A Second\n","uploadtime":1699233311,"views":21,"p1id":"halfasecond","p2id":"mattbennett","formatid":"gen9ubers","rating":0,"private":0,"password":""}