{"id":"gen9ubers-1982175410","p1":"babynogalXD","p2":"Leo Justice","format":"[Gen 9] Ubers","log":"|j|\u2606babynogalXD\n|j|\u2606Leo Justice\n|t:|1698975716\n|gametype|singles\n|player|p1|babynogalXD|hilbert|\n|player|p2|Leo Justice|carmine|\n|teamsize|p1|6\n|teamsize|p2|6\n|gen|9\n|tier|[Gen 9] Ubers\n|rule|Sleep Clause Mod: Limit one foe put to sleep\n|rule|Species Clause: Limit one of each Pok\u00e9mon\n|rule|OHKO Clause: OHKO moves are banned\n|rule|Evasion Items Clause: Evasion items are banned\n|rule|Evasion Moves Clause: Evasion moves are banned\n|rule|Endless Battle Clause: Forcing endless battles is banned\n|rule|HP Percentage Mod: HP is shown in percentages\n|clearpoke\n|poke|p1|Cyclizar, F|\n|poke|p1|Roaring Moon|\n|poke|p1|Spectrier|\n|poke|p1|Zamazenta-*|\n|poke|p1|Chi-Yu|\n|poke|p1|Arceus-Ghost|\n|poke|p2|Dialga|\n|poke|p2|Moltres|\n|poke|p2|Palafin, M|\n|poke|p2|Arceus-Ghost|\n|poke|p2|Cyclizar, F|\n|poke|p2|Chi-Yu|\n|teampreview\n|c|\u2606Leo Justice|Gl\n|c|\u2606babynogalXD|U2\n|\n|t:|1698975730\n|start\n|switch|p1a: Cyclizar|Cyclizar, F|100\/100\n|switch|p2a: Dialga|Dialga|100\/100\n|-ability|p2a: Dialga|Pressure\n|turn|1\n|\n|t:|1698975742\n|move|p1a: Cyclizar|Shed Tail|p1a: Cyclizar\n|-start|p1a: Cyclizar|Substitute|[from] move: Shed Tail\n|-damage|p1a: Cyclizar|50\/100\n|\n|t:|1698975753\n|switch|p1a: Chi-Yu|Chi-Yu|100\/100|[from] Shed Tail\n|-ability|p1a: Chi-Yu|Beads of Ruin\n|move|p2a: Dialga|Roar|p1a: Chi-Yu\n|drag|p1a: Arceus|Arceus-Ghost|100\/100\n|\n|upkeep\n|turn|2\n|\n|t:|1698975760\n|move|p1a: Arceus|Taunt|p2a: Dialga\n|-start|p2a: Dialga|move: Taunt\n|cant|p2a: Dialga|move: Taunt|Stealth Rock\n|\n|upkeep\n|turn|3\n|\n|t:|1698975767\n|switch|p2a: Cyclizar|Cyclizar, F|100\/100\n|move|p1a: Arceus|Aura Sphere|p2a: Cyclizar\n|-supereffective|p2a: Cyclizar\n|-damage|p2a: Cyclizar|19\/100\n|\n|upkeep\n|turn|4\n|\n|t:|1698975773\n|switch|p2a: Arceus|Arceus-Ghost|100\/100\n|move|p1a: Arceus|Judgment|p2a: Arceus\n|-supereffective|p2a: Arceus\n|-damage|p2a: Arceus|19\/100\n|\n|upkeep\n|turn|5\n|\n|t:|1698975784\n|switch|p2a: Dialga|Dialga|100\/100\n|-ability|p2a: Dialga|Pressure\n|move|p1a: Arceus|Judgment|p2a: Dialga\n|-damage|p2a: Dialga|65\/100\n|\n|-heal|p2a: Dialga|71\/100|[from] item: Leftovers\n|upkeep\n|turn|6\n|\n|t:|1698975789\n|move|p1a: Arceus|Taunt|p2a: Dialga\n|-start|p2a: Dialga|move: Taunt\n|cant|p2a: Dialga|move: Taunt|Stealth Rock\n|\n|-heal|p2a: Dialga|77\/100|[from] item: Leftovers\n|upkeep\n|turn|7\n|\n|t:|1698975799\n|move|p1a: Arceus|Aura Sphere|p2a: Dialga\n|-supereffective|p2a: Dialga\n|-damage|p2a: Dialga|46\/100\n|move|p2a: Dialga|Draco Meteor|p1a: Arceus\n|-damage|p1a: Arceus|55\/100\n|-unboost|p2a: Dialga|spa|2\n|\n|-heal|p2a: Dialga|52\/100|[from] item: Leftovers\n|upkeep\n|turn|8\n|\n|t:|1698975806\n|switch|p2a: Arceus|Arceus-Ghost|19\/100\n|move|p1a: Arceus|Recover|p1a: Arceus\n|-heal|p1a: Arceus|100\/100\n|\n|upkeep\n|turn|9\n|\n|t:|1698975813\n|switch|p1a: Cyclizar|Cyclizar, F|84\/100\n|switch|p2a: Cyclizar|Cyclizar, F|53\/100\n|\n|upkeep\n|turn|10\n|\n|t:|1698975819\n|move|p1a: Cyclizar|Shed Tail|p1a: Cyclizar\n|-start|p1a: Cyclizar|Substitute|[from] move: Shed Tail\n|-damage|p1a: Cyclizar|34\/100\n|\n|t:|1698975821\n|switch|p1a: Arceus|Arceus-Ghost|100\/100|[from] Shed Tail\n|move|p2a: Cyclizar|Shed Tail|p2a: Cyclizar\n|-start|p2a: Cyclizar|Substitute|[from] move: Shed Tail\n|-damage|p2a: Cyclizar|3\/100\n|\n|t:|1698975829\n|switch|p2a: Chi-Yu|Chi-Yu|100\/100|[from] Shed Tail\n|-ability|p2a: Chi-Yu|Beads of Ruin\n|\n|upkeep\n|turn|11\n|\n|t:|1698975832\n|move|p2a: Chi-Yu|Dark Pulse|p1a: Arceus\n|-supereffective|p1a: Arceus\n|-end|p1a: Arceus|Substitute\n|move|p1a: Arceus|Aura Sphere|p2a: Chi-Yu\n|-supereffective|p2a: Chi-Yu\n|-end|p2a: Chi-Yu|Substitute\n|\n|upkeep\n|turn|12\n|\n|t:|1698975854\n|switch|p1a: Zamazenta|Zamazenta-Crowned|100\/100\n|-ability|p1a: Zamazenta|Dauntless Shield|boost\n|-boost|p1a: Zamazenta|def|1\n|move|p2a: Chi-Yu|Dark Pulse|p1a: Zamazenta\n|-resisted|p1a: Zamazenta\n|-damage|p1a: Zamazenta|82\/100\n|\n|upkeep\n|turn|13\n|\n|t:|1698975858\n|switch|p2a: Moltres|Moltres|100\/100\n|switch|p1a: Cyclizar|Cyclizar, F|67\/100\n|\n|upkeep\n|turn|14\n|\n|t:|1698975863\n|move|p1a: Cyclizar|Shed Tail|p1a: Cyclizar\n|-start|p1a: Cyclizar|Substitute|[from] move: Shed Tail\n|-damage|p1a: Cyclizar|17\/100\n|\n|t:|1698975869\n|switch|p1a: Arceus|Arceus-Ghost|100\/100|[from] Shed Tail\n|move|p2a: Moltres|Hurricane|p1a: Arceus\n|-end|p1a: Arceus|Substitute\n|\n|upkeep\n|turn|15\n|\n|t:|1698975877\n|move|p1a: Arceus|Judgment|p2a: Moltres\n|-damage|p2a: Moltres|43\/100\n|move|p2a: Moltres|U-turn|p1a: Arceus\n|-resisted|p1a: Arceus\n|-damage|p1a: Arceus|95\/100\n|\n|t:|1698975887\n|switch|p2a: Chi-Yu|Chi-Yu|100\/100|[from] U-turn\n|-ability|p2a: Chi-Yu|Beads of Ruin\n|\n|upkeep\n|turn|16\n|\n|t:|1698975922\n|switch|p1a: Cyclizar|Cyclizar, F|50\/100\n|move|p2a: Chi-Yu|Overheat|p1a: Cyclizar\n|-resisted|p1a: Cyclizar\n|-damage|p1a: Cyclizar|0 fnt\n|-unboost|p2a: Chi-Yu|spa|2\n|faint|p1a: Cyclizar\n|\n|upkeep\n|\n|t:|1698975927\n|switch|p1a: Roaring Moon|Roaring Moon|100\/100\n|-enditem|p1a: Roaring Moon|Booster Energy\n|-activate|p1a: Roaring Moon|ability: Protosynthesis|[fromitem]\n|-start|p1a: Roaring Moon|protosynthesisatk\n|turn|17\n|\n|t:|1698975934\n|switch|p2a: Palafin|Palafin, M|100\/100\n|move|p1a: Roaring Moon|Dragon Dance|p1a: Roaring Moon\n|-boost|p1a: Roaring Moon|atk|1\n|-boost|p1a: Roaring Moon|spe|1\n|\n|upkeep\n|turn|18\n|\n|t:|1698975938\n|detailschange|p2a: Palafin|Palafin-Hero, M\n|switch|p2a: Moltres|Moltres|43\/100\n|move|p1a: Roaring Moon|Knock Off|p2a: Moltres\n|-damage|p2a: Moltres|0 fnt\n|-status|p1a: Roaring Moon|brn|[from] ability: Flame Body|[of] p2a: Moltres\n|-enditem|p2a: Moltres|Heavy-Duty Boots|[from] move: Knock Off|[of] p1a: Roaring Moon\n|faint|p2a: Moltres\n|\n|-damage|p1a: Roaring Moon|95\/100 brn|[from] brn\n|upkeep\n|\n|t:|1698975991\n|switch|p2a: Dialga|Dialga|52\/100\n|-ability|p2a: Dialga|Pressure\n|turn|19\n|c|\u2606babynogalXD|Cant let the game end too soon\n|\n|t:|1698975998\n|move|p1a: Roaring Moon|Earthquake|p2a: Dialga\n|-supereffective|p2a: Dialga\n|-damage|p2a: Dialga|0 fnt\n|faint|p2a: Dialga\n|\n|-damage|p1a: Roaring Moon|89\/100 brn|[from] brn\n|upkeep\n|\n|t:|1698976016\n|switch|p2a: Chi-Yu|Chi-Yu|100\/100\n|-ability|p2a: Chi-Yu|Beads of Ruin\n|turn|20\n|\n|t:|1698976020\n|-terastallize|p2a: Chi-Yu|Fairy\n|move|p1a: Roaring Moon|Acrobatics|p2a: Chi-Yu\n|-damage|p2a: Chi-Yu|26\/100\n|move|p2a: Chi-Yu|Tera Blast|p1a: Roaring Moon|[anim] Tera Blast Fairy\n|-supereffective|p1a: Roaring Moon\n|-damage|p1a: Roaring Moon|0 fnt\n|faint|p1a: Roaring Moon\n|-end|p1a: Roaring Moon|Protosynthesis|[silent]\n|\n|upkeep\n|\n|t:|1698976031\n|switch|p1a: Arceus|Arceus-Ghost|95\/100\n|turn|21\n|\n|t:|1698976038\n|switch|p2a: Cyclizar|Cyclizar, F|36\/100\n|move|p1a: Arceus|Judgment|p2a: Cyclizar\n|-immune|p2a: Cyclizar\n|\n|upkeep\n|turn|22\n|\n|t:|1698976051\n|switch|p2a: Arceus|Arceus-Ghost|19\/100\n|move|p1a: Arceus|Judgment|p2a: Arceus\n|-supereffective|p2a: Arceus\n|-damage|p2a: Arceus|0 fnt\n|faint|p2a: Arceus\n|\n|upkeep\n|\n|t:|1698976054\n|switch|p2a: Cyclizar|Cyclizar, F|69\/100\n|turn|23\n|\n|t:|1698976057\n|move|p2a: Cyclizar|Shed Tail|p2a: Cyclizar\n|-start|p2a: Cyclizar|Substitute|[from] move: Shed Tail\n|-damage|p2a: Cyclizar|19\/100\n|\n|t:|1698976059\n|switch|p2a: Chi-Yu|Chi-Yu, tera:Fairy|26\/100|[from] Shed Tail\n|-ability|p2a: Chi-Yu|Beads of Ruin\n|move|p1a: Arceus|Aura Sphere|p2a: Chi-Yu\n|-resisted|p2a: Chi-Yu\n|-activate|p2a: Chi-Yu|move: Substitute|[damage]\n|\n|upkeep\n|turn|24\n|\n|t:|1698976062\n|move|p2a: Chi-Yu|Dark Pulse|p1a: Arceus\n|-supereffective|p1a: Arceus\n|-damage|p1a: Arceus|8\/100\n|move|p1a: Arceus|Judgment|p2a: Chi-Yu\n|-end|p2a: Chi-Yu|Substitute\n|\n|upkeep\n|turn|25\n|\n|t:|1698976067\n|move|p2a: Chi-Yu|Dark Pulse|p1a: Arceus\n|-supereffective|p1a: Arceus\n|-damage|p1a: Arceus|0 fnt\n|faint|p1a: Arceus\n|\n|upkeep\n|\n|t:|1698976072\n|switch|p1a: Zamazenta|Zamazenta-Crowned|82\/100\n|turn|26\n|\n|t:|1698976076\n|switch|p2a: Cyclizar|Cyclizar, F|52\/100\n|move|p1a: Zamazenta|Iron Defense|p1a: Zamazenta\n|-boost|p1a: Zamazenta|def|2\n|\n|upkeep\n|turn|27\n|\n|t:|1698976081\n|move|p1a: Zamazenta|Behemoth Bash|p2a: Cyclizar\n|-damage|p2a: Cyclizar|0 fnt\n|faint|p2a: Cyclizar\n|\n|upkeep\n|\n|t:|1698976084\n|switch|p2a: Chi-Yu|Chi-Yu, tera:Fairy|26\/100\n|-ability|p2a: Chi-Yu|Beads of Ruin\n|turn|28\n|\n|t:|1698976091\n|-terastallize|p1a: Zamazenta|Water\n|move|p2a: Chi-Yu|Flamethrower|p1a: Zamazenta\n|-resisted|p1a: Zamazenta\n|-damage|p1a: Zamazenta|63\/100\n|move|p1a: Zamazenta|Behemoth Bash|p2a: Chi-Yu\n|-supereffective|p2a: Chi-Yu\n|-damage|p2a: Chi-Yu|0 fnt\n|faint|p2a: Chi-Yu\n|\n|upkeep\n|\n|t:|1698976096\n|switch|p2a: Palafin|Palafin-Hero, M|100\/100\n|-activate|p2a: Palafin|ability: Zero to Hero\n|turn|29\n|\n|t:|1698976099\n|move|p2a: Palafin|Jet Punch|p1a: Zamazenta\n|-resisted|p1a: Zamazenta\n|-damage|p1a: Zamazenta|53\/100\n|move|p1a: Zamazenta|Body Press|p2a: Palafin\n|-damage|p2a: Palafin|35\/100\n|\n|upkeep\n|turn|30\n|c|\u2606Leo Justice|gg\n|c|\u2606babynogalXD|Gg\n|\n|t:|1698976104\n|move|p2a: Palafin|Jet Punch|p1a: Zamazenta\n|-resisted|p1a: Zamazenta\n|-damage|p1a: Zamazenta|42\/100\n|move|p1a: Zamazenta|Body Press|p2a: Palafin\n|-damage|p2a: Palafin|0 fnt\n|faint|p2a: Palafin\n|\n|win|babynogalXD\n","uploadtime":1698976110,"views":10,"p1id":"babynogalxd","p2id":"leojustice","formatid":"gen9ubers","rating":0,"private":0,"password":""}