{"id":"gen9ubers-1968317323","p1":"UUbers account","p2":"Hakurei Aquarius","format":"[Gen 9] Ubers","log":"|j|\u2606UUbers account\n|j|\u2606Hakurei Aquarius\n|t:|1697405507\n|gametype|singles\n|player|p1|UUbers account|shadowtriad|\n|player|p2|Hakurei Aquarius|gloria|\n|teamsize|p1|6\n|teamsize|p2|6\n|gen|9\n|tier|[Gen 9] Ubers\n|rule|Sleep Clause Mod: Limit one foe put to sleep\n|rule|Species Clause: Limit one of each Pok\u00e9mon\n|rule|OHKO Clause: OHKO moves are banned\n|rule|Evasion Items Clause: Evasion items are banned\n|rule|Evasion Moves Clause: Evasion moves are banned\n|rule|Endless Battle Clause: Forcing endless battles is banned\n|rule|HP Percentage Mod: HP is shown in percentages\n|clearpoke\n|poke|p1|Basculegion-F, F|\n|poke|p1|Arceus-Dark|\n|poke|p1|Magearna|\n|poke|p1|Hatterene, F|\n|poke|p1|Chi-Yu|\n|poke|p1|Giratina|\n|poke|p2|Magearna|\n|poke|p2|Garchomp, M|\n|poke|p2|Chi-Yu|\n|poke|p2|Palkia-Origin|\n|poke|p2|Donphan, F|\n|poke|p2|Arceus-Poison|\n|teampreview\n|inactive|Battle timer is ON: inactive players will automatically lose when time's up. (requested by Hakurei Aquarius)\n|\n|t:|1697405534\n|start\n|switch|p1a: Arceus|Arceus-Dark|100\/100\n|switch|p2a: Magearna|Magearna|100\/100\n|turn|1\n|\n|t:|1697405539\n|move|p1a: Arceus|Taunt|p2a: Magearna\n|-start|p2a: Magearna|move: Taunt\n|cant|p2a: Magearna|move: Taunt|Spikes\n|\n|upkeep\n|turn|2\n|c|\u2606Hakurei Aquarius|Rude\n|c|\u2606UUbers account|glhf\n|c|\u2606UUbers account|lol\n|\n|t:|1697405556\n|switch|p1a: Magearna|Magearna|100\/100\n|move|p2a: Magearna|Fleur Cannon|p1a: Magearna\n|-resisted|p1a: Magearna\n|-damage|p1a: Magearna|69\/100\n|-unboost|p2a: Magearna|spa|2\n|\n|-heal|p1a: Magearna|75\/100|[from] item: Leftovers\n|upkeep\n|turn|3\n|c|\u2606Hakurei Aquarius|You to\n|c|\u2606Hakurei Aquarius|Even more rude\n|\n|t:|1697405563\n|move|p1a: Magearna|Thunder Wave|p2a: Magearna\n|-status|p2a: Magearna|par\n|move|p2a: Magearna|Volt Switch|p1a: Magearna\n|-damage|p1a: Magearna|63\/100\n|\n|t:|1697405567\n|switch|p2a: Chi-Yu|Chi-Yu|100\/100|[from] Volt Switch\n|-ability|p2a: Chi-Yu|Beads of Ruin\n|\n|-heal|p1a: Magearna|69\/100|[from] item: Leftovers\n|upkeep\n|turn|4\n|\n|t:|1697405597\n|switch|p1a: Giratina|Giratina|100\/100\n|-ability|p1a: Giratina|Pressure\n|move|p2a: Chi-Yu|Flamethrower|p1a: Giratina\n|-resisted|p1a: Giratina\n|-damage|p1a: Giratina|88\/100\n|\n|upkeep\n|turn|5\n|\n|t:|1697405606\n|switch|p2a: Magearna|Magearna|100\/100 par\n|move|p1a: Giratina|Roar|p2a: Magearna\n|drag|p2a: Chi-Yu|Chi-Yu|100\/100\n|-ability|p2a: Chi-Yu|Beads of Ruin\n|\n|upkeep\n|turn|6\n|c|\u2606Hakurei Aquarius|Nice\n|c|\u2606UUbers account|wait no\n|\n|t:|1697405618\n|switch|p1a: Arceus|Arceus-Dark|100\/100\n|move|p2a: Chi-Yu|Dark Pulse|p1a: Arceus\n|-resisted|p1a: Arceus\n|-damage|p1a: Arceus|80\/100\n|\n|upkeep\n|turn|7\n|\n|t:|1697405622\n|switch|p2a: Magearna|Magearna|100\/100 par\n|move|p1a: Arceus|Calm Mind|p1a: Arceus\n|-boost|p1a: Arceus|spa|1\n|-boost|p1a: Arceus|spd|1\n|\n|upkeep\n|turn|8\n|\n|t:|1697405626\n|move|p1a: Arceus|Taunt|p2a: Magearna\n|-start|p2a: Magearna|move: Taunt\n|cant|p2a: Magearna|move: Taunt|Thunder Wave\n|\n|upkeep\n|turn|9\n|c|\u2606Hakurei Aquarius|Rude\n|\n|t:|1697405631\n|move|p1a: Arceus|Calm Mind|p1a: Arceus\n|-boost|p1a: Arceus|spa|1\n|-boost|p1a: Arceus|spd|1\n|move|p2a: Magearna|Fleur Cannon|p1a: Arceus\n|-supereffective|p1a: Arceus\n|-damage|p1a: Arceus|31\/100\n|-unboost|p2a: Magearna|spa|2\n|\n|upkeep\n|turn|10\n|\n|t:|1697405636\n|move|p1a: Arceus|Recover|p1a: Arceus\n|-heal|p1a: Arceus|82\/100\n|move|p2a: Magearna|Volt Switch|p1a: Arceus\n|-damage|p1a: Arceus|77\/100\n|\n|t:|1697405638\n|switch|p2a: Donphan|Donphan, F|100\/100|[from] Volt Switch\n|\n|upkeep\n|turn|11\n|\n|t:|1697405646\n|move|p1a: Arceus|Taunt|p2a: Donphan\n|-start|p2a: Donphan|move: Taunt\n|move|p2a: Donphan|Earthquake|p1a: Arceus\n|-damage|p1a: Arceus|41\/100\n|\n|upkeep\n|turn|12\n|\n|t:|1697405649\n|move|p1a: Arceus|Recover|p1a: Arceus\n|-heal|p1a: Arceus|91\/100\n|move|p2a: Donphan|Earthquake|p1a: Arceus\n|-damage|p1a: Arceus|57\/100\n|\n|upkeep\n|turn|13\n|\n|t:|1697405656\n|move|p1a: Arceus|Judgment|p2a: Donphan\n|-ability|p2a: Donphan|Sturdy\n|-damage|p2a: Donphan|1\/100\n|move|p2a: Donphan|Earthquake|p1a: Arceus\n|-damage|p1a: Arceus|22\/100\n|\n|-end|p2a: Donphan|move: Taunt\n|upkeep\n|turn|14\n|\n|t:|1697405665\n|move|p1a: Arceus|Recover|p1a: Arceus\n|-heal|p1a: Arceus|72\/100\n|move|p2a: Donphan|Earthquake|p1a: Arceus\n|-damage|p1a: Arceus|39\/100\n|\n|upkeep\n|turn|15\n|\n|t:|1697405670\n|move|p1a: Arceus|Judgment|p2a: Donphan\n|-damage|p2a: Donphan|0 fnt\n|faint|p2a: Donphan\n|\n|upkeep\n|\n|t:|1697405679\n|switch|p2a: Arceus|Arceus-Poison|100\/100\n|turn|16\n|\n|t:|1697405688\n|move|p1a: Arceus|Recover|p1a: Arceus\n|-heal|p1a: Arceus|89\/100\n|move|p2a: Arceus|Substitute|p2a: Arceus\n|-start|p2a: Arceus|Substitute\n|-damage|p2a: Arceus|76\/100\n|\n|upkeep\n|turn|17\n|\n|t:|1697405692\n|move|p1a: Arceus|Taunt|p2a: Arceus\n|-start|p2a: Arceus|move: Taunt\n|cant|p2a: Arceus|move: Taunt|Swords Dance\n|\n|upkeep\n|turn|18\n|c|\u2606Hakurei Aquarius|Rude p3\n|\n|t:|1697405697\n|move|p2a: Arceus|Extreme Speed|p1a: Arceus\n|-damage|p1a: Arceus|74\/100\n|move|p1a: Arceus|Judgment|p2a: Arceus\n|-end|p2a: Arceus|Substitute\n|\n|upkeep\n|turn|19\n|c|\u2606UUbers account|sub arceus is wild\n|\n|t:|1697405710\n|switch|p2a: Magearna|Magearna|100\/100 par\n|move|p1a: Arceus|Calm Mind|p1a: Arceus\n|-boost|p1a: Arceus|spa|1\n|-boost|p1a: Arceus|spd|1\n|\n|upkeep\n|turn|20\n|\n|t:|1697405727\n|move|p1a: Arceus|Judgment|p2a: Magearna\n|-resisted|p2a: Magearna\n|-damage|p2a: Magearna|51\/100 par\n|cant|p2a: Magearna|par\n|\n|-heal|p2a: Magearna|57\/100 par|[from] item: Leftovers\n|upkeep\n|turn|21\n|c|\u2606Hakurei Aquarius|Bro\n|\n|t:|1697405735\n|move|p1a: Arceus|Taunt|p2a: Magearna\n|-start|p2a: Magearna|move: Taunt\n|move|p2a: Magearna|Fleur Cannon|p1a: Arceus\n|-supereffective|p1a: Arceus\n|-damage|p1a: Arceus|32\/100\n|-unboost|p2a: Magearna|spa|2\n|\n|-heal|p2a: Magearna|63\/100 par|[from] item: Leftovers\n|upkeep\n|turn|22\n|\n|t:|1697405740\n|move|p1a: Arceus|Recover|p1a: Arceus\n|-heal|p1a: Arceus|82\/100\n|move|p2a: Magearna|Fleur Cannon|p1a: Arceus\n|-supereffective|p1a: Arceus\n|-damage|p1a: Arceus|62\/100\n|-unboost|p2a: Magearna|spa|2\n|\n|-heal|p2a: Magearna|69\/100 par|[from] item: Leftovers\n|upkeep\n|turn|23\n|\n|t:|1697405746\n|move|p1a: Arceus|Calm Mind|p1a: Arceus\n|-boost|p1a: Arceus|spa|1\n|-boost|p1a: Arceus|spd|1\n|move|p2a: Magearna|Volt Switch|p1a: Arceus\n|-damage|p1a: Arceus|60\/100\n|\n|t:|1697405750\n|switch|p2a: Palkia|Palkia-Origin|100\/100|[from] Volt Switch\n|-ability|p2a: Palkia|Pressure\n|\n|upkeep\n|turn|24\n|c|\u2606UUbers account|THE SET lives on\n|\n|t:|1697405761\n|move|p1a: Arceus|Judgment|p2a: Palkia\n|-damage|p2a: Palkia|0 fnt\n|faint|p2a: Palkia\n|\n|upkeep\n|\n|t:|1697405767\n|switch|p2a: Magearna|Magearna|69\/100 par\n|turn|25\n|\n|t:|1697405772\n|move|p1a: Arceus|Taunt|p2a: Magearna\n|-start|p2a: Magearna|move: Taunt\n|move|p2a: Magearna|Fleur Cannon|p1a: Arceus\n|-supereffective|p1a: Arceus\n|-damage|p1a: Arceus|29\/100\n|-unboost|p2a: Magearna|spa|2\n|\n|-heal|p2a: Magearna|75\/100 par|[from] item: Leftovers\n|upkeep\n|turn|26\n|\n|t:|1697405776\n|move|p1a: Arceus|Recover|p1a: Arceus\n|-heal|p1a: Arceus|79\/100\n|move|p2a: Magearna|Volt Switch|p1a: Arceus\n|-damage|p1a: Arceus|76\/100\n|\n|t:|1697405778\n|switch|p2a: Arceus|Arceus-Poison|76\/100|[from] Volt Switch\n|\n|upkeep\n|turn|27\n|\n|t:|1697405784\n|move|p2a: Arceus|Recover|p2a: Arceus\n|-heal|p2a: Arceus|100\/100\n|move|p1a: Arceus|Calm Mind|p1a: Arceus\n|-boost|p1a: Arceus|spa|1\n|-boost|p1a: Arceus|spd|1\n|\n|upkeep\n|turn|28\n|\n|t:|1697405788\n|move|p2a: Arceus|Extreme Speed|p1a: Arceus\n|-damage|p1a: Arceus|62\/100\n|move|p1a: Arceus|Judgment|p2a: Arceus\n|-damage|p2a: Arceus|0 fnt\n|faint|p2a: Arceus\n|\n|upkeep\n|c|\u2606Hakurei Aquarius|This is dumb xD\n|\n|t:|1697405805\n|switch|p2a: Magearna|Magearna|75\/100 par\n|turn|29\n|c|\u2606UUbers account|this is what got flying water and steel banned\n|\n|t:|1697405826\n|-terastallize|p1a: Arceus|Fairy\n|move|p1a: Arceus|Judgment|p2a: Magearna\n|-resisted|p2a: Magearna\n|-damage|p2a: Magearna|10\/100 par\n|cant|p2a: Magearna|par\n|\n|-heal|p2a: Magearna|16\/100 par|[from] item: Leftovers\n|upkeep\n|turn|30\n|c|\u2606UUbers account|omg\n|c|\u2606Hakurei Aquarius|I\u2019m surprised arceus isn\u2019t banned in general\n|\n|t:|1697405838\n|move|p1a: Arceus|Judgment|p2a: Magearna\n|-resisted|p2a: Magearna\n|-damage|p2a: Magearna|0 fnt\n|faint|p2a: Magearna\n|\n|upkeep\n|\n|t:|1697405839\n|switch|p2a: Garchomp|Garchomp, M|100\/100\n|turn|31\n|c|\u2606UUbers account|the defensive arceus's kind hold the tier together with mag\n|\n|t:|1697405866\n|move|p1a: Arceus|Judgment|p2a: Garchomp\n|-damage|p2a: Garchomp|0 fnt\n|faint|p2a: Garchomp\n|\n|upkeep\n|\n|t:|1697405870\n|switch|p2a: Chi-Yu|Chi-Yu|100\/100\n|-ability|p2a: Chi-Yu|Beads of Ruin\n|turn|32\n|\n|t:|1697405877\n|-terastallize|p2a: Chi-Yu|Dark\n|move|p2a: Chi-Yu|Dark Pulse|p1a: Arceus\n|-resisted|p1a: Arceus\n|-damage|p1a: Arceus|55\/100\n|move|p1a: Arceus|Judgment|p2a: Chi-Yu\n|-resisted|p2a: Chi-Yu\n|-damage|p2a: Chi-Yu|0 fnt\n|faint|p2a: Chi-Yu\n|\n|win|UUbers account\n|c|\u2606Hakurei Aquarius|Still stupid\n|c|\u2606UUbers account|I know\n|c|\u2606UUbers account|gg\n","uploadtime":1697405885,"views":26,"p1id":"uubersaccount","p2id":"hakureiaquarius","formatid":"gen9ubers","rating":0,"private":0,"password":""}