{"id":"gen9ubers-1995082576","p1":"PicoleSexy","p2":"Scabber","format":"[Gen 9] Ubers","log":"|j|\u2606PicoleSexy\n|j|\u2606Scabber\n|t:|1700520620\n|gametype|singles\n|player|p1|PicoleSexy|harlequin|1058\n|player|p2|Scabber|shadowtriad|1144\n|teamsize|p1|6\n|teamsize|p2|6\n|gen|9\n|tier|[Gen 9] Ubers\n|rated|\n|rule|Sleep Clause Mod: Limit one foe put to sleep\n|rule|Species Clause: Limit one of each Pok\u00e9mon\n|rule|OHKO Clause: OHKO moves are banned\n|rule|Evasion Items Clause: Evasion items are banned\n|rule|Evasion Moves Clause: Evasion moves are banned\n|rule|Endless Battle Clause: Forcing endless battles is banned\n|rule|HP Percentage Mod: HP is shown in percentages\n|clearpoke\n|poke|p1|Masquerain, F|\n|poke|p1|Ogerpon-Hearthflame, F|\n|poke|p1|Chansey, F|\n|poke|p1|Eternatus|\n|poke|p1|Hoopa-Unbound|\n|poke|p1|Palafin, M|\n|poke|p2|Giratina|\n|poke|p2|Dragapult, M|\n|poke|p2|Sableye, F|\n|poke|p2|Gengar, F|\n|poke|p2|Annihilape, F|\n|poke|p2|Sinistcha-Masterpiece|\n|teampreview\n|inactive|Battle timer is ON: inactive players will automatically lose when time's up. (requested by Scabber)\n|\n|t:|1700520634\n|start\n|switch|p1a: Masquerain|Masquerain, F, shiny|100\/100\n|switch|p2a: Gengar|Gengar, F|100\/100\n|-ability|p1a: Masquerain|Intimidate|boost\n|-unboost|p2a: Gengar|atk|1\n|turn|1\n|\n|t:|1700520648\n|move|p2a: Gengar|Trick|p1a: Masquerain\n|-activate|p2a: Gengar|move: Trick|[of] p1a: Masquerain\n|-item|p1a: Masquerain|Choice Scarf|[from] move: Trick\n|-item|p2a: Gengar|Focus Sash|[from] move: Trick\n|move|p1a: Masquerain|Sticky Web|p2a: Gengar\n|-sidestart|p2: Scabber|move: Sticky Web\n|\n|upkeep\n|turn|2\n|\n|t:|1700520666\n|switch|p1a: Chansey|Chansey, F|100\/100\n|switch|p2a: Giratina|Giratina|100\/100\n|-ability|p2a: Giratina|Pressure\n|\n|upkeep\n|turn|3\n|c|\u2606PicoleSexy|ghost monotype\n|\n|t:|1700520686\n|move|p2a: Giratina|Defog|p1a: Chansey\n|-unboost|p1a: Chansey|evasion|1\n|-sideend|p2: Scabber|Sticky Web|[from] move: Defog|[of] p2a: Giratina\n|move|p1a: Chansey|Shadow Ball|p2a: Giratina\n|-supereffective|p2a: Giratina\n|-damage|p2a: Giratina|91\/100\n|-unboost|p2a: Giratina|spd|1\n|\n|upkeep\n|turn|4\n|\n|t:|1700520697\n|switch|p2a: Sableye|Sableye, F|100\/100\n|move|p1a: Chansey|Shadow Ball|p2a: Sableye\n|-damage|p2a: Sableye|89\/100\n|\n|upkeep\n|turn|5\n|\n|t:|1700520714\n|move|p2a: Sableye|Will-O-Wisp|p1a: Chansey\n|-status|p1a: Chansey|brn\n|move|p1a: Chansey|Shadow Ball|p2a: Sableye\n|-damage|p2a: Sableye|77\/100\n|\n|-damage|p1a: Chansey|94\/100 brn|[from] brn\n|upkeep\n|turn|6\n|l|\u2606Scabber\n|inactive|Scabber disconnected and has a minute to reconnect!\n|player|p2|\n|j|\u2606Scabber\n|inactive|Scabber reconnected and has 110 seconds left.\n|player|p2|Scabber|shadowtriad\n|\n|t:|1700520766\n|move|p2a: Sableye|Encore|p1a: Chansey\n|-start|p1a: Chansey|Encore\n|move|p1a: Chansey|Shadow Ball|p2a: Sableye\n|-damage|p2a: Sableye|66\/100\n|\n|-damage|p1a: Chansey|88\/100 brn|[from] brn\n|upkeep\n|turn|7\n|\n|t:|1700520778\n|-curestatus|p1a: Chansey|brn|[from] ability: Natural Cure\n|switch|p1a: Hoopa|Hoopa-Unbound|100\/100\n|switch|p2a: Sinistcha|Sinistcha-Masterpiece|100\/100\n|\n|upkeep\n|turn|8\n|inactive|Scabber has 120 seconds left.\n|\n|t:|1700520794\n|switch|p1a: Masquerain|Masquerain, F, shiny|100\/100\n|-ability|p1a: Masquerain|Intimidate|boost\n|-unboost|p2a: Sinistcha|atk|1\n|move|p2a: Sinistcha|Iron Defense|p2a: Sinistcha\n|-boost|p2a: Sinistcha|def|2\n|\n|upkeep\n|turn|9\n|\n|t:|1700520802\n|move|p1a: Masquerain|Sticky Web|p2a: Sinistcha\n|-sidestart|p2: Scabber|move: Sticky Web\n|move|p2a: Sinistcha|Iron Defense|p2a: Sinistcha\n|-boost|p2a: Sinistcha|def|2\n|\n|upkeep\n|turn|10\n|\n|t:|1700520810\n|switch|p1a: Chansey|Chansey, F|88\/100\n|move|p2a: Sinistcha|Calm Mind|p2a: Sinistcha\n|-boost|p2a: Sinistcha|spa|1\n|-boost|p2a: Sinistcha|spd|1\n|\n|upkeep\n|turn|11\n|inactive|Scabber has 120 seconds left.\n|\n|t:|1700520834\n|move|p2a: Sinistcha|Calm Mind|p2a: Sinistcha\n|-boost|p2a: Sinistcha|spa|1\n|-boost|p2a: Sinistcha|spd|1\n|move|p1a: Chansey|Shadow Ball|p2a: Sinistcha\n|-supereffective|p2a: Sinistcha\n|-damage|p2a: Sinistcha|91\/100\n|\n|-heal|p2a: Sinistcha|97\/100|[from] item: Leftovers\n|upkeep\n|turn|12\n|inactive|Scabber has 120 seconds left.\n|\n|t:|1700520847\n|move|p2a: Sinistcha|Iron Defense|p2a: Sinistcha\n|-boost|p2a: Sinistcha|def|2\n|move|p1a: Chansey|Shadow Ball|p2a: Sinistcha\n|-supereffective|p2a: Sinistcha\n|-damage|p2a: Sinistcha|89\/100\n|\n|-heal|p2a: Sinistcha|95\/100|[from] item: Leftovers\n|upkeep\n|turn|13\n|\n|t:|1700520859\n|move|p2a: Sinistcha|Calm Mind|p2a: Sinistcha\n|-boost|p2a: Sinistcha|spa|1\n|-boost|p2a: Sinistcha|spd|1\n|move|p1a: Chansey|Shadow Ball|p2a: Sinistcha\n|-supereffective|p2a: Sinistcha\n|-crit|p2a: Sinistcha\n|-damage|p2a: Sinistcha|68\/100\n|\n|-heal|p2a: Sinistcha|74\/100|[from] item: Leftovers\n|upkeep\n|turn|14\n|\n|t:|1700520869\n|switch|p1a: Eternatus|Eternatus|100\/100\n|-ability|p1a: Eternatus|Pressure\n|move|p2a: Sinistcha|Calm Mind|p2a: Sinistcha\n|-boost|p2a: Sinistcha|spa|1\n|-boost|p2a: Sinistcha|spd|1\n|\n|-heal|p2a: Sinistcha|80\/100|[from] item: Leftovers\n|upkeep\n|turn|15\n|\n|t:|1700520878\n|move|p1a: Eternatus|Toxic|p2a: Sinistcha\n|-status|p2a: Sinistcha|tox\n|move|p2a: Sinistcha|Matcha Gotcha|p1a: Eternatus\n|-resisted|p1a: Eternatus\n|-damage|p1a: Eternatus|86\/100\n|-heal|p2a: Sinistcha|92\/100 tox|[from] drain|[of] p1a: Eternatus\n|\n|-heal|p2a: Sinistcha|98\/100 tox|[from] item: Leftovers\n|-damage|p2a: Sinistcha|92\/100 tox|[from] psn\n|upkeep\n|turn|16\n|c|\u2606Scabber|Eat one\n|\n|t:|1700520898\n|move|p1a: Eternatus|Sludge Bomb|p2a: Sinistcha\n|-damage|p2a: Sinistcha|79\/100 tox\n|move|p2a: Sinistcha|Shadow Ball|p1a: Eternatus\n|-damage|p1a: Eternatus|24\/100\n|\n|-heal|p2a: Sinistcha|85\/100 tox|[from] item: Leftovers\n|-damage|p2a: Sinistcha|73\/100 tox|[from] psn\n|upkeep\n|turn|17\n|\n|t:|1700520910\n|switch|p1a: Chansey|Chansey, F|88\/100\n|move|p2a: Sinistcha|Shadow Ball|p1a: Chansey\n|-immune|p1a: Chansey\n|\n|-heal|p2a: Sinistcha|79\/100 tox|[from] item: Leftovers\n|-damage|p2a: Sinistcha|61\/100 tox|[from] psn\n|upkeep\n|turn|18\n|inactive|PicoleSexy has 120 seconds left.\n|\n|t:|1700520932\n|move|p2a: Sinistcha|Matcha Gotcha|p1a: Chansey\n|-damage|p1a: Chansey|47\/100\n|-heal|p2a: Sinistcha|100\/100 tox|[from] drain|[of] p1a: Chansey\n|move|p1a: Chansey|Soft-Boiled|p1a: Chansey\n|-heal|p1a: Chansey|97\/100\n|\n|-damage|p2a: Sinistcha|77\/100 tox|[from] psn\n|upkeep\n|turn|19\n|inactive|PicoleSexy has 120 seconds left.\n|c|\u2606PicoleSexy|again\n|\n|t:|1700520946\n|move|p2a: Sinistcha|Matcha Gotcha|p1a: Chansey\n|-damage|p1a: Chansey|59\/100\n|-heal|p2a: Sinistcha|100\/100 tox|[from] drain|[of] p1a: Chansey\n|move|p1a: Chansey|Soft-Boiled|p1a: Chansey\n|-heal|p1a: Chansey|100\/100\n|\n|-damage|p2a: Sinistcha|71\/100 tox|[from] psn\n|upkeep\n|turn|20\n|inactive|PicoleSexy has 120 seconds left.\n|\n|t:|1700520958\n|move|p2a: Sinistcha|Calm Mind|p2a: Sinistcha\n|-boost|p2a: Sinistcha|spa|1\n|-boost|p2a: Sinistcha|spd|1\n|move|p1a: Chansey|Shadow Ball|p2a: Sinistcha\n|-supereffective|p2a: Sinistcha\n|-damage|p2a: Sinistcha|66\/100 tox\n|\n|-heal|p2a: Sinistcha|72\/100 tox|[from] item: Leftovers\n|-damage|p2a: Sinistcha|36\/100 tox|[from] psn\n|upkeep\n|turn|21\n|inactive|PicoleSexy has 120 seconds left.\n|\n|t:|1700520971\n|-terastallize|p2a: Sinistcha|Grass\n|move|p2a: Sinistcha|Matcha Gotcha|p1a: Chansey\n|-damage|p1a: Chansey|39\/100\n|-heal|p2a: Sinistcha|100\/100 tox|[from] drain|[of] p1a: Chansey\n|move|p1a: Chansey|Soft-Boiled|p1a: Chansey\n|-heal|p1a: Chansey|89\/100\n|\n|-damage|p2a: Sinistcha|59\/100 tox|[from] psn\n|upkeep\n|turn|22\n|inactive|PicoleSexy has 120 seconds left.\n|\n|t:|1700520993\n|move|p2a: Sinistcha|Matcha Gotcha|p1a: Chansey\n|-damage|p1a: Chansey|23\/100\n|-heal|p2a: Sinistcha|100\/100 tox|[from] drain|[of] p1a: Chansey\n|move|p1a: Chansey|Soft-Boiled|p1a: Chansey\n|-heal|p1a: Chansey|73\/100\n|\n|-damage|p2a: Sinistcha|53\/100 tox|[from] psn\n|upkeep\n|turn|23\n|c|\u2606Scabber|God is there a toxic cap lmao\n|c|\u2606PicoleSexy|ik\n|\n|t:|1700521012\n|switch|p1a: Ogerpon|Ogerpon-Hearthflame, F|100\/100\n|-ability|p1a: Ogerpon|Mold Breaker\n|move|p2a: Sinistcha|Matcha Gotcha|p1a: Ogerpon\n|-resisted|p1a: Ogerpon\n|-damage|p1a: Ogerpon|54\/100\n|-heal|p2a: Sinistcha|77\/100 tox|[from] drain|[of] p1a: Ogerpon\n|\n|-heal|p2a: Sinistcha|83\/100 tox|[from] item: Leftovers\n|-damage|p2a: Sinistcha|29\/100 tox|[from] psn\n|upkeep\n|turn|24\n|\n|t:|1700521026\n|move|p1a: Ogerpon|Ivy Cudgel|p2a: Sinistcha|[anim] Ivy Cudgel Fire\n|-supereffective|p2a: Sinistcha\n|-damage|p2a: Sinistcha|3\/100 tox\n|move|p2a: Sinistcha|Shadow Ball|p1a: Ogerpon\n|-damage|p1a: Ogerpon|0 fnt\n|faint|p1a: Ogerpon\n|\n|-heal|p2a: Sinistcha|9\/100 tox|[from] item: Leftovers\n|-damage|p2a: Sinistcha|0 fnt|[from] psn\n|faint|p2a: Sinistcha\n|upkeep\n|c|\u2606PicoleSexy|this was funny\n|inactive|PicoleSexy has 90 seconds left.\n|\n|t:|1700521054\n|switch|p1a: Eternatus|Eternatus|24\/100\n|switch|p2a: Giratina|Giratina|91\/100\n|-ability|p1a: Eternatus|Pressure\n|-ability|p2a: Giratina|Pressure\n|turn|25\n|inactive|PicoleSexy has 90 seconds left.\n|\n|t:|1700521066\n|switch|p1a: Chansey|Chansey, F|73\/100\n|move|p2a: Giratina|Defog|p1a: Chansey\n|-unboost|p1a: Chansey|evasion|1\n|-sideend|p2: Scabber|Sticky Web|[from] move: Defog|[of] p2a: Giratina\n|\n|upkeep\n|turn|26\n|inactive|PicoleSexy has 90 seconds left.\n|\n|t:|1700521081\n|switch|p2a: Annihilape|Annihilape, F|100\/100\n|move|p1a: Chansey|Shadow Ball|p2a: Annihilape\n|-supereffective|p2a: Annihilape\n|-damage|p2a: Annihilape|84\/100\n|-unboost|p2a: Annihilape|spd|1\n|-ability|p2a: Annihilape|Defiant|boost\n|-boost|p2a: Annihilape|atk|2\n|\n|upkeep\n|turn|27\n|inactive|PicoleSexy has 90 seconds left.\n|\n|t:|1700521105\n|switch|p1a: Palafin|Palafin, M|100\/100\n|move|p2a: Annihilape|Bulk Up|p2a: Annihilape\n|-boost|p2a: Annihilape|atk|1\n|-boost|p2a: Annihilape|def|1\n|\n|upkeep\n|turn|28\n|\n|t:|1700521116\n|move|p1a: Palafin|Taunt|p2a: Annihilape\n|-start|p2a: Annihilape|move: Taunt\n|move|p2a: Annihilape|Rage Fist|p1a: Palafin\n|-damage|p1a: Palafin|0 fnt\n|faint|p1a: Palafin\n|\n|upkeep\n|c|\u2606Scabber|Rat\n|\n|t:|1700521128\n|switch|p1a: Masquerain|Masquerain, F, shiny|100\/100\n|-ability|p1a: Masquerain|Intimidate|boost\n|-unboost|p2a: Annihilape|atk|1\n|-ability|p2a: Annihilape|Defiant|boost\n|-boost|p2a: Annihilape|atk|2\n|-enditem|p2a: Annihilape|Adrenaline Orb\n|-boost|p2a: Annihilape|spe|1|[from] item: Adrenaline Orb\n|turn|29\n|\n|t:|1700521136\n|move|p1a: Masquerain|Sticky Web|p2a: Annihilape\n|-sidestart|p2: Scabber|move: Sticky Web\n|move|p2a: Annihilape|Ice Punch|p1a: Masquerain\n|-supereffective|p1a: Masquerain\n|-damage|p1a: Masquerain|0 fnt\n|faint|p1a: Masquerain\n|\n|upkeep\n|inactive|PicoleSexy has 90 seconds left.\n|c|\u2606Scabber|Unfortunate\n|\n|t:|1700521146\n|switch|p1a: Eternatus|Eternatus|24\/100\n|-ability|p1a: Eternatus|Pressure\n|turn|30\n|inactive|PicoleSexy has 90 seconds left.\n|\n|t:|1700521153\n|move|p1a: Eternatus|Dynamax Cannon|p2a: Annihilape\n|-damage|p2a: Annihilape|5\/100\n|move|p2a: Annihilape|Ice Punch|p1a: Eternatus\n|-supereffective|p1a: Eternatus\n|-damage|p1a: Eternatus|0 fnt\n|faint|p1a: Eternatus\n|\n|-end|p2a: Annihilape|move: Taunt\n|upkeep\n|inactive|PicoleSexy has 90 seconds left.\n|c|\u2606PicoleSexy|gg\n|c|\u2606Scabber|Rat!!!!\n|\n|t:|1700521161\n|switch|p1a: Hoopa|Hoopa-Unbound|100\/100\n|turn|31\n|\n|t:|1700521167\n|move|p2a: Annihilape|Drain Punch|p1a: Hoopa\n|-damage|p1a: Hoopa|0 fnt\n|-heal|p2a: Annihilape|47\/100|[from] drain|[of] p1a: Hoopa\n|faint|p1a: Hoopa\n|\n|upkeep\n|\n|t:|1700521174\n|switch|p1a: Chansey|Chansey, F|73\/100\n|turn|32\n|c|\u2606Scabber|Mmmm delicious!!!!!!\n|c|\u2606Scabber|Now this d bag\n|\n|t:|1700521187\n|-terastallize|p1a: Chansey|Ghost\n|move|p2a: Annihilape|Drain Punch|p1a: Chansey\n|-immune|p1a: Chansey\n|move|p1a: Chansey|Soft-Boiled|p1a: Chansey\n|-heal|p1a: Chansey|100\/100\n|\n|upkeep\n|turn|33\n|c|\u2606Scabber|Noooo\n|c|\u2606PicoleSexy|LOL\n|c|\u2606PicoleSexy|gg\n|c|\u2606Scabber|Die!!!!!\n|\n|t:|1700521203\n|move|p2a: Annihilape|Rage Fist|p1a: Chansey\n|-supereffective|p1a: Chansey\n|-damage|p1a: Chansey|0 fnt\n|faint|p1a: Chansey\n|\n|win|Scabber\n|raw|PicoleSexy's rating: 1058 &rarr; <strong>1044<\/strong><br \/>(-14 for losing)\n|raw|Scabber's rating: 1144 &rarr; <strong>1163<\/strong><br \/>(+19 for winning)\n","uploadtime":1700521203,"views":1,"p1id":"picolesexy","p2id":"scabber","formatid":"gen9ubers","rating":1044,"private":0,"password":""}