{"id":"gen9ubers-1970837611","p1":"JohnLongGone","p2":"Reposti","format":"[Gen 9] Ubers","log":"|j|\u2606JohnLongGone\n|j|\u2606Reposti\n|t:|1697672263\n|gametype|singles\n|player|p1|JohnLongGone|caitlin|\n|player|p2|Reposti|266|\n|teamsize|p1|6\n|teamsize|p2|6\n|gen|9\n|tier|[Gen 9] Ubers\n|rule|Sleep Clause Mod: Limit one foe put to sleep\n|rule|Species Clause: Limit one of each Pok\u00e9mon\n|rule|OHKO Clause: OHKO moves are banned\n|rule|Evasion Items Clause: Evasion items are banned\n|rule|Evasion Moves Clause: Evasion moves are banned\n|rule|Endless Battle Clause: Forcing endless battles is banned\n|rule|HP Percentage Mod: HP is shown in percentages\n|clearpoke\n|poke|p1|Cyclizar, M|\n|poke|p1|Espathra, F|\n|poke|p1|Arceus-Fire|\n|poke|p1|Grimmsnarl, M|\n|poke|p1|Spectrier|\n|poke|p1|Zacian-*|\n|poke|p2|Hippowdon, M|\n|poke|p2|Houndstone, M|\n|poke|p2|Arceus-Grass|\n|poke|p2|Magearna|\n|poke|p2|Giratina|\n|poke|p2|Blissey, F|\n|teampreview\n|c|\u2606Reposti|Glhf\n|\n|t:|1697672273\n|start\n|switch|p1a: Grimmsnarl|Grimmsnarl, M|100\/100\n|switch|p2a: Hippowdon|Hippowdon, M|100\/100\n|-weather|Sandstorm|[from] ability: Sand Stream|[of] p2a: Hippowdon\n|turn|1\n|\n|t:|1697672281\n|move|p1a: Grimmsnarl|Taunt|p2a: Hippowdon\n|-start|p2a: Hippowdon|move: Taunt\n|cant|p2a: Hippowdon|move: Taunt|Yawn\n|\n|-weather|Sandstorm|[upkeep]\n|-damage|p1a: Grimmsnarl|94\/100|[from] Sandstorm\n|upkeep\n|turn|2\n|\n|t:|1697672295\n|switch|p2a: Arceus|Arceus-Grass|100\/100\n|move|p1a: Grimmsnarl|Reflect|p1a: Grimmsnarl\n|-sidestart|p1: JohnLongGone|Reflect\n|\n|-weather|Sandstorm|[upkeep]\n|-damage|p2a: Arceus|94\/100|[from] Sandstorm\n|-damage|p1a: Grimmsnarl|88\/100|[from] Sandstorm\n|upkeep\n|turn|3\n|\n|t:|1697672306\n|move|p1a: Grimmsnarl|Light Screen|p1a: Grimmsnarl\n|-sidestart|p1: JohnLongGone|move: Light Screen\n|move|p2a: Arceus|Judgment|p1a: Grimmsnarl\n|-damage|p1a: Grimmsnarl|67\/100\n|\n|-weather|Sandstorm|[upkeep]\n|-damage|p2a: Arceus|88\/100|[from] Sandstorm\n|-damage|p1a: Grimmsnarl|61\/100|[from] Sandstorm\n|upkeep\n|turn|4\n|\n|t:|1697672319\n|move|p1a: Grimmsnarl|Parting Shot|p2a: Arceus\n|-unboost|p2a: Arceus|atk|1\n|-unboost|p2a: Arceus|spa|1\n|\n|t:|1697672321\n|switch|p1a: Spectrier|Spectrier|100\/100|[from] Parting Shot\n|move|p2a: Arceus|Stealth Rock|p1a: Spectrier\n|-sidestart|p1: JohnLongGone|move: Stealth Rock\n|\n|-weather|Sandstorm|[upkeep]\n|-damage|p1a: Spectrier|94\/100|[from] Sandstorm\n|-damage|p2a: Arceus|82\/100|[from] Sandstorm\n|-heal|p1a: Spectrier|100\/100|[from] item: Leftovers\n|upkeep\n|turn|5\n|\n|t:|1697672332\n|move|p1a: Spectrier|Nasty Plot|p1a: Spectrier\n|-boost|p1a: Spectrier|spa|2\n|move|p2a: Arceus|Roar|p1a: Spectrier\n|drag|p1a: Grimmsnarl|Grimmsnarl, M|61\/100\n|-damage|p1a: Grimmsnarl|48\/100|[from] Stealth Rock\n|\n|-weather|Sandstorm|[upkeep]\n|-damage|p2a: Arceus|76\/100|[from] Sandstorm\n|-damage|p1a: Grimmsnarl|42\/100|[from] Sandstorm\n|upkeep\n|turn|6\n|\n|t:|1697672355\n|switch|p2a: Magearna|Magearna|100\/100\n|move|p1a: Grimmsnarl|Taunt|p2a: Magearna\n|-start|p2a: Magearna|move: Taunt\n|\n|-weather|Sandstorm|[upkeep]\n|-damage|p1a: Grimmsnarl|36\/100|[from] Sandstorm\n|upkeep\n|turn|7\n|\n|t:|1697672364\n|move|p1a: Grimmsnarl|Parting Shot|p2a: Magearna\n|-unboost|p2a: Magearna|atk|1\n|-unboost|p2a: Magearna|spa|1\n|\n|t:|1697672365\n|switch|p1a: Arceus|Arceus-Fire|100\/100|[from] Parting Shot\n|-damage|p1a: Arceus|76\/100|[from] Stealth Rock\n|move|p2a: Magearna|Volt Switch|p1a: Arceus\n|-damage|p1a: Arceus|70\/100\n|\n|t:|1697672373\n|switch|p2a: Hippowdon|Hippowdon, M|100\/100|[from] Volt Switch\n|\n|-weather|Sandstorm|[upkeep]\n|-damage|p1a: Arceus|64\/100|[from] Sandstorm\n|upkeep\n|turn|8\n|\n|t:|1697672380\n|switch|p1a: Espathra|Espathra, F|100\/100\n|-damage|p1a: Espathra|88\/100|[from] Stealth Rock\n|move|p2a: Hippowdon|Yawn|p1a: Espathra\n|-start|p1a: Espathra|move: Yawn|[of] p2a: Hippowdon\n|\n|-weather|none\n|-heal|p1a: Espathra|94\/100|[from] item: Leftovers\n|upkeep\n|turn|9\n|\n|t:|1697672390\n|switch|p1a: Cyclizar|Cyclizar, M|100\/100\n|move|p2a: Hippowdon|Earthquake|p1a: Cyclizar\n|-damage|p1a: Cyclizar|73\/100\n|\n|-sideend|p1: JohnLongGone|Reflect\n|upkeep\n|turn|10\n|\n|t:|1697672400\n|move|p1a: Cyclizar|Rapid Spin|p2a: Hippowdon\n|-damage|p2a: Hippowdon|91\/100\n|-boost|p1a: Cyclizar|spe|1\n|-sideend|p1: JohnLongGone|Stealth Rock|[from] move: Rapid Spin|[of] p1a: Cyclizar\n|move|p2a: Hippowdon|Earthquake|p1a: Cyclizar\n|-crit|p1a: Cyclizar\n|-damage|p1a: Cyclizar|0 fnt\n|faint|p1a: Cyclizar\n|\n|-sideend|p1: JohnLongGone|move: Light Screen\n|upkeep\n|\n|t:|1697672420\n|switch|p1a: Espathra|Espathra, F|94\/100\n|turn|11\n|\n|t:|1697672423\n|move|p1a: Espathra|Calm Mind|p1a: Espathra\n|-boost|p1a: Espathra|spa|1\n|-boost|p1a: Espathra|spd|1\n|move|p2a: Hippowdon|Yawn|p1a: Espathra\n|-start|p1a: Espathra|move: Yawn|[of] p2a: Hippowdon\n|\n|-heal|p1a: Espathra|100\/100|[from] item: Leftovers\n|-ability|p1a: Espathra|Speed Boost|boost\n|-boost|p1a: Espathra|spe|1\n|upkeep\n|turn|12\n|\n|t:|1697672433\n|move|p1a: Espathra|Calm Mind|p1a: Espathra\n|-boost|p1a: Espathra|spa|1\n|-boost|p1a: Espathra|spd|1\n|move|p2a: Hippowdon|Stealth Rock|p1a: Espathra\n|-sidestart|p1: JohnLongGone|move: Stealth Rock\n|\n|-end|p1a: Espathra|move: Yawn|[silent]\n|-status|p1a: Espathra|slp\n|-ability|p1a: Espathra|Speed Boost|boost\n|-boost|p1a: Espathra|spe|1\n|upkeep\n|turn|13\n|\n|t:|1697672443\n|cant|p1a: Espathra|slp\n|move|p2a: Hippowdon|Earthquake|p1a: Espathra\n|-damage|p1a: Espathra|68\/100 slp\n|\n|-heal|p1a: Espathra|74\/100 slp|[from] item: Leftovers\n|-ability|p1a: Espathra|Speed Boost|boost\n|-boost|p1a: Espathra|spe|1\n|upkeep\n|turn|14\n|\n|t:|1697672467\n|switch|p2a: Giratina|Giratina|100\/100\n|-ability|p2a: Giratina|Pressure\n|-curestatus|p1a: Espathra|slp|[msg]\n|move|p1a: Espathra|Calm Mind|p1a: Espathra\n|-boost|p1a: Espathra|spa|1\n|-boost|p1a: Espathra|spd|1\n|\n|-heal|p1a: Espathra|80\/100|[from] item: Leftovers\n|-ability|p1a: Espathra|Speed Boost|boost\n|-boost|p1a: Espathra|spe|1\n|upkeep\n|turn|15\n|\n|t:|1697672479\n|-terastallize|p1a: Espathra|Ground\n|move|p1a: Espathra|Stored Power|p2a: Giratina\n|-damage|p2a: Giratina|17\/100\n|move|p2a: Giratina|Roar|p1a: Espathra\n|drag|p1a: Zacian|Zacian|100\/100\n|-damage|p1a: Zacian|88\/100|[from] Stealth Rock\n|-ability|p1a: Zacian|Intrepid Sword|boost\n|-boost|p1a: Zacian|atk|1\n|\n|upkeep\n|turn|16\n|\n|t:|1697672493\n|switch|p2a: Hippowdon|Hippowdon, M|91\/100\n|-weather|Sandstorm|[from] ability: Sand Stream|[of] p2a: Hippowdon\n|move|p1a: Zacian|Swords Dance|p1a: Zacian\n|-boost|p1a: Zacian|atk|2\n|\n|-weather|Sandstorm|[upkeep]\n|-damage|p1a: Zacian|82\/100|[from] Sandstorm\n|upkeep\n|turn|17\n|\n|t:|1697672503\n|move|p1a: Zacian|Play Rough|p2a: Hippowdon|[miss]\n|-miss|p1a: Zacian|p2a: Hippowdon\n|move|p2a: Hippowdon|Yawn|p1a: Zacian\n|-start|p1a: Zacian|move: Yawn|[of] p2a: Hippowdon\n|\n|-weather|Sandstorm|[upkeep]\n|-damage|p1a: Zacian|76\/100|[from] Sandstorm\n|upkeep\n|turn|18\n|\n|t:|1697672513\n|switch|p1a: Grimmsnarl|Grimmsnarl, M|36\/100\n|-damage|p1a: Grimmsnarl|24\/100|[from] Stealth Rock\n|switch|p2a: Magearna|Magearna|100\/100\n|\n|-weather|Sandstorm|[upkeep]\n|-damage|p1a: Grimmsnarl|18\/100|[from] Sandstorm\n|upkeep\n|turn|19\n|\n|t:|1697672525\n|move|p1a: Grimmsnarl|Light Screen|p1a: Grimmsnarl\n|-sidestart|p1: JohnLongGone|move: Light Screen\n|move|p2a: Magearna|Spikes|p1a: Grimmsnarl\n|-sidestart|p1: JohnLongGone|Spikes\n|\n|-weather|Sandstorm|[upkeep]\n|-damage|p1a: Grimmsnarl|12\/100|[from] Sandstorm\n|upkeep\n|turn|20\n|\n|t:|1697672534\n|move|p1a: Grimmsnarl|Taunt|p2a: Magearna\n|-start|p2a: Magearna|move: Taunt\n|move|p2a: Magearna|Volt Switch|p1a: Grimmsnarl\n|-damage|p1a: Grimmsnarl|4\/100\n|\n|t:|1697672542\n|switch|p2a: Arceus|Arceus-Grass|76\/100|[from] Volt Switch\n|\n|-weather|Sandstorm|[upkeep]\n|-damage|p2a: Arceus|70\/100|[from] Sandstorm\n|-damage|p1a: Grimmsnarl|0 fnt|[from] Sandstorm\n|faint|p1a: Grimmsnarl\n|upkeep\n|\n|t:|1697672552\n|switch|p1a: Arceus|Arceus-Fire|64\/100\n|-damage|p1a: Arceus|39\/100|[from] Stealth Rock\n|-damage|p1a: Arceus|26\/100|[from] Spikes\n|turn|21\n|\n|t:|1697672563\n|switch|p2a: Hippowdon|Hippowdon, M|91\/100\n|move|p1a: Arceus|Flare Blitz|p2a: Hippowdon\n|-damage|p2a: Hippowdon|38\/100\n|-damage|p1a: Arceus|7\/100|[from] Recoil\n|\n|-weather|Sandstorm|[upkeep]\n|-damage|p1a: Arceus|1\/100|[from] Sandstorm\n|upkeep\n|turn|22\n|\n|t:|1697672577\n|move|p1a: Arceus|Flare Blitz|p2a: Hippowdon\n|-damage|p2a: Hippowdon|0 fnt\n|faint|p2a: Hippowdon\n|-damage|p1a: Arceus|0 fnt|[from] Recoil\n|faint|p1a: Arceus\n|\n|-weather|Sandstorm|[upkeep]\n|upkeep\n|\n|t:|1697672590\n|switch|p1a: Zacian|Zacian|76\/100\n|switch|p2a: Magearna|Magearna|100\/100\n|-damage|p1a: Zacian|64\/100|[from] Stealth Rock\n|-damage|p1a: Zacian|51\/100|[from] Spikes\n|turn|23\n|\n|t:|1697672598\n|move|p1a: Zacian|Swords Dance|p1a: Zacian\n|-boost|p1a: Zacian|atk|2\n|move|p2a: Magearna|Thunder Wave|p1a: Zacian\n|-status|p1a: Zacian|par\n|\n|-weather|none\n|upkeep\n|turn|24\n|\n|t:|1697672610\n|move|p1a: Zacian|Close Combat|p2a: Magearna\n|-damage|p2a: Magearna|32\/100\n|-unboost|p1a: Zacian|def|1\n|-unboost|p1a: Zacian|spd|1\n|-damage|p1a: Zacian|41\/100 par|[from] item: Life Orb\n|move|p2a: Magearna|Spikes|p1a: Zacian\n|-sidestart|p1: JohnLongGone|Spikes\n|\n|-heal|p2a: Magearna|38\/100|[from] item: Leftovers\n|upkeep\n|turn|25\n|\n|t:|1697672620\n|switch|p2a: Giratina|Giratina|17\/100\n|-ability|p2a: Giratina|Pressure\n|cant|p1a: Zacian|par\n|\n|upkeep\n|turn|26\n|\n|t:|1697672628\n|move|p2a: Giratina|Rest|p2a: Giratina\n|-status|p2a: Giratina|slp|[from] move: Rest\n|-heal|p2a: Giratina|100\/100 slp|[silent]\n|move|p1a: Zacian|Play Rough|p2a: Giratina\n|-supereffective|p2a: Giratina\n|-crit|p2a: Giratina\n|-damage|p2a: Giratina|0 fnt\n|faint|p2a: Giratina\n|-damage|p1a: Zacian|32\/100 par|[from] item: Life Orb\n|\n|-sideend|p1: JohnLongGone|move: Light Screen\n|upkeep\n|\n|t:|1697672640\n|switch|p2a: Arceus|Arceus-Grass|70\/100\n|turn|27\n|\n|t:|1697672643\n|move|p2a: Arceus|Judgment|p1a: Zacian\n|-damage|p1a: Zacian|0 fnt\n|faint|p1a: Zacian\n|\n|upkeep\n|\n|t:|1697672646\n|switch|p1a: Spectrier|Spectrier|100\/100\n|-damage|p1a: Spectrier|88\/100|[from] Stealth Rock\n|-damage|p1a: Spectrier|72\/100|[from] Spikes\n|turn|28\n|\n|t:|1697672657\n|move|p1a: Spectrier|Shadow Ball|p2a: Arceus\n|-damage|p2a: Arceus|43\/100\n|-unboost|p2a: Arceus|spd|1\n|move|p2a: Arceus|Recover|p2a: Arceus\n|-heal|p2a: Arceus|93\/100\n|\n|-heal|p1a: Spectrier|78\/100|[from] item: Leftovers\n|upkeep\n|turn|29\n|\n|t:|1697672667\n|switch|p2a: Blissey|Blissey, F|100\/100\n|move|p1a: Spectrier|Shadow Ball|p2a: Blissey\n|-immune|p2a: Blissey\n|\n|-heal|p1a: Spectrier|84\/100|[from] item: Leftovers\n|upkeep\n|turn|30\n|\n|t:|1697672676\n|switch|p2a: Arceus|Arceus-Grass|93\/100\n|move|p1a: Spectrier|Substitute|p1a: Spectrier\n|-start|p1a: Spectrier|Substitute\n|-damage|p1a: Spectrier|59\/100\n|\n|-heal|p1a: Spectrier|65\/100|[from] item: Leftovers\n|upkeep\n|turn|31\n|\n|t:|1697672684\n|move|p1a: Spectrier|Draining Kiss|p2a: Arceus\n|-damage|p2a: Arceus|82\/100\n|-heal|p1a: Spectrier|76\/100|[from] drain|[of] p2a: Arceus\n|move|p2a: Arceus|Roar|p1a: Spectrier\n|drag|p1a: Espathra|Espathra, F, tera:Ground|80\/100\n|-damage|p1a: Espathra|74\/100|[from] Stealth Rock\n|-damage|p1a: Espathra|58\/100|[from] Spikes\n|\n|-heal|p1a: Espathra|64\/100|[from] item: Leftovers\n|upkeep\n|turn|32\n|\n|t:|1697672696\n|move|p2a: Arceus|Judgment|p1a: Espathra\n|-supereffective|p1a: Espathra\n|-damage|p1a: Espathra|0 fnt\n|faint|p1a: Espathra\n|\n|upkeep\n|-message|JohnLongGone forfeited.\n|\n|win|Reposti\n|c|\u2606JohnLongGone|gg\n|c|\u2606Reposti|Gg\n","uploadtime":1697672715,"views":34,"p1id":"johnlonggone","p2id":"reposti","formatid":"gen9ubers","rating":0,"private":0,"password":""}