{"id":"gen9ubers-1994970689","p1":"GeneralScience","p2":"Junky Dummy","format":"[Gen 9] Ubers","log":"|j|\u203dGeneralScience\n|j|\u2606Junky Dummy\n|t:|1700509172\n|gametype|singles\n|player|p1|GeneralScience|1|1185\n|player|p2|Junky Dummy|102|1296\n|teamsize|p1|6\n|teamsize|p2|6\n|gen|9\n|tier|[Gen 9] Ubers\n|rated|\n|rule|Sleep Clause Mod: Limit one foe put to sleep\n|rule|Species Clause: Limit one of each Pok\u00e9mon\n|rule|OHKO Clause: OHKO moves are banned\n|rule|Evasion Items Clause: Evasion items are banned\n|rule|Evasion Moves Clause: Evasion moves are banned\n|rule|Endless Battle Clause: Forcing endless battles is banned\n|rule|HP Percentage Mod: HP is shown in percentages\n|clearpoke\n|poke|p1|Rayquaza|\n|poke|p1|Arceus|\n|poke|p1|Giratina|\n|poke|p1|Quagsire, M|\n|poke|p1|Clodsire, F|\n|poke|p1|Chansey, F|\n|poke|p2|Gliscor, F|\n|poke|p2|Skeledirge, M|\n|poke|p2|Giratina-Origin|\n|poke|p2|Kyogre|\n|poke|p2|Zacian-*|\n|poke|p2|Miraidon|\n|teampreview\n|inactive|Battle timer is ON: inactive players will automatically lose when time's up. (requested by GeneralScience)\n|\n|t:|1700509186\n|start\n|switch|p1a: Giratina|Giratina|100\/100\n|switch|p2a: Gliscor|Gliscor, F, shiny|100\/100\n|-ability|p1a: Giratina|Pressure\n|turn|1\n|\n|t:|1700509196\n|move|p2a: Gliscor|Protect|p2a: Gliscor\n|-singleturn|p2a: Gliscor|Protect\n|move|p1a: Giratina|Will-O-Wisp|p2a: Gliscor\n|-activate|p2a: Gliscor|move: Protect\n|\n|-status|p2a: Gliscor|tox|[from] item: Toxic Orb\n|upkeep\n|turn|2\n|\n|t:|1700509201\n|move|p2a: Gliscor|Taunt|p1a: Giratina\n|-start|p1a: Giratina|move: Taunt\n|move|p1a: Giratina|Shadow Ball|p2a: Gliscor\n|-damage|p2a: Gliscor|75\/100 tox\n|-unboost|p2a: Gliscor|spd|1\n|\n|-heal|p2a: Gliscor|88\/100 tox|[from] ability: Poison Heal\n|upkeep\n|turn|3\n|\n|t:|1700509210\n|move|p2a: Gliscor|Toxic|p1a: Giratina\n|-status|p1a: Giratina|tox\n|move|p1a: Giratina|Shadow Ball|p2a: Gliscor\n|-damage|p2a: Gliscor|50\/100 tox\n|\n|-heal|p2a: Gliscor|63\/100 tox|[from] ability: Poison Heal\n|-damage|p1a: Giratina|94\/100 tox|[from] psn\n|upkeep\n|turn|4\n|\n|t:|1700509216\n|move|p2a: Gliscor|Protect|p2a: Gliscor\n|-singleturn|p2a: Gliscor|Protect\n|move|p1a: Giratina|Shadow Ball|p2a: Gliscor\n|-activate|p2a: Gliscor|move: Protect\n|\n|-heal|p2a: Gliscor|75\/100 tox|[from] ability: Poison Heal\n|-damage|p1a: Giratina|82\/100 tox|[from] psn\n|-end|p1a: Giratina|move: Taunt\n|upkeep\n|turn|5\n|inactive|Junky Dummy has 120 seconds left.\n|\n|t:|1700509260\n|switch|p2a: Kyogre|Kyogre, shiny|100\/100\n|-weather|RainDance|[from] ability: Drizzle|[of] p2a: Kyogre\n|move|p1a: Giratina|Shadow Ball|p2a: Kyogre\n|-damage|p2a: Kyogre|82\/100\n|\n|-weather|RainDance|[upkeep]\n|-heal|p2a: Kyogre|89\/100|[from] item: Leftovers\n|-damage|p1a: Giratina|64\/100 tox|[from] psn\n|upkeep\n|turn|6\n|inactive|Junky Dummy has 90 seconds left.\n|\n|t:|1700509293\n|switch|p1a: Chansey|Chansey, F|100\/100\n|move|p2a: Kyogre|Ice Beam|p1a: Chansey\n|-damage|p1a: Chansey|89\/100\n|\n|-weather|RainDance|[upkeep]\n|-heal|p2a: Kyogre|95\/100|[from] item: Leftovers\n|upkeep\n|turn|7\n|\n|t:|1700509302\n|switch|p2a: Gliscor|Gliscor, F, shiny|75\/100 tox\n|move|p1a: Chansey|Thunder Wave|p2a: Gliscor\n|-immune|p2a: Gliscor\n|\n|-weather|RainDance|[upkeep]\n|-heal|p2a: Gliscor|88\/100 tox|[from] ability: Poison Heal\n|upkeep\n|turn|8\n|\n|t:|1700509309\n|switch|p1a: Giratina|Giratina|64\/100 tox\n|-ability|p1a: Giratina|Pressure\n|move|p2a: Gliscor|Taunt|p1a: Giratina\n|-start|p1a: Giratina|move: Taunt\n|\n|-weather|RainDance|[upkeep]\n|-heal|p2a: Gliscor|100\/100 tox|[from] ability: Poison Heal\n|-damage|p1a: Giratina|57\/100 tox|[from] psn\n|upkeep\n|turn|9\n|\n|t:|1700509320\n|switch|p1a: Clodsire|Clodsire, F|100\/100\n|move|p2a: Gliscor|Protect||[still]\n|-fail|p2a: Gliscor\n|\n|-weather|none\n|upkeep\n|turn|10\n|\n|t:|1700509353\n|move|p2a: Gliscor|Taunt|p1a: Clodsire\n|-start|p1a: Clodsire|move: Taunt\n|move|p1a: Clodsire|Chilling Water|p2a: Gliscor\n|-supereffective|p2a: Gliscor\n|-damage|p2a: Gliscor|89\/100 tox\n|-unboost|p2a: Gliscor|atk|1\n|\n|-heal|p2a: Gliscor|100\/100 tox|[from] ability: Poison Heal\n|upkeep\n|turn|11\n|\n|t:|1700509365\n|move|p2a: Gliscor|Earthquake|p1a: Clodsire\n|-supereffective|p1a: Clodsire\n|-damage|p1a: Clodsire|33\/100\n|move|p1a: Clodsire|Chilling Water|p2a: Gliscor\n|-supereffective|p2a: Gliscor\n|-damage|p2a: Gliscor|89\/100 tox\n|-unboost|p2a: Gliscor|atk|1\n|\n|-heal|p1a: Clodsire|40\/100|[from] item: Leftovers\n|-heal|p2a: Gliscor|100\/100 tox|[from] ability: Poison Heal\n|upkeep\n|turn|12\n|\n|t:|1700509378\n|switch|p2a: Kyogre|Kyogre, shiny|95\/100\n|-weather|RainDance|[from] ability: Drizzle|[of] p2a: Kyogre\n|switch|p1a: Chansey|Chansey, F|89\/100\n|\n|-weather|RainDance|[upkeep]\n|-heal|p2a: Kyogre|100\/100|[from] item: Leftovers\n|upkeep\n|turn|13\n|\n|t:|1700509395\n|switch|p2a: Miraidon|Miraidon|100\/100\n|-fieldstart|move: Electric Terrain|[from] ability: Hadron Engine|[of] p2a: Miraidon\n|move|p1a: Chansey|Seismic Toss|p2a: Miraidon\n|-damage|p2a: Miraidon|71\/100\n|\n|-weather|RainDance|[upkeep]\n|upkeep\n|turn|14\n|\n|t:|1700509406\n|switch|p1a: Clodsire|Clodsire, F|40\/100\n|move|p2a: Miraidon|U-turn|p1a: Clodsire\n|-resisted|p1a: Clodsire\n|-damage|p1a: Clodsire|32\/100\n|\n|t:|1700509409\n|switch|p2a: Gliscor|Gliscor, F, shiny|100\/100 tox|[from] U-turn\n|\n|-weather|RainDance|[upkeep]\n|-heal|p1a: Clodsire|38\/100|[from] item: Leftovers\n|upkeep\n|turn|15\n|\n|t:|1700509426\n|move|p2a: Gliscor|Taunt|p1a: Clodsire\n|-start|p1a: Clodsire|move: Taunt\n|cant|p1a: Clodsire|move: Taunt|Recover\n|\n|-weather|RainDance|[upkeep]\n|-heal|p1a: Clodsire|45\/100|[from] item: Leftovers\n|upkeep\n|turn|16\n|\n|t:|1700509438\n|switch|p1a: Giratina|Giratina|57\/100 tox\n|-ability|p1a: Giratina|Pressure\n|move|p2a: Gliscor|Earthquake|p1a: Giratina\n|-damage|p1a: Giratina|44\/100 tox\n|\n|-weather|none\n|-damage|p1a: Giratina|37\/100 tox|[from] psn\n|upkeep\n|turn|17\n|\n|t:|1700509448\n|move|p2a: Gliscor|Protect|p2a: Gliscor\n|-singleturn|p2a: Gliscor|Protect\n|move|p1a: Giratina|Rest||[still]\n|-activate|p1a: Giratina|move: Electric Terrain\n|-fail|p1a: Giratina\n|\n|-damage|p1a: Giratina|25\/100 tox|[from] psn\n|-fieldend|move: Electric Terrain\n|upkeep\n|turn|18\n|\n|t:|1700509460\n|move|p2a: Gliscor|Taunt|p1a: Giratina\n|-start|p1a: Giratina|move: Taunt\n|cant|p1a: Giratina|move: Taunt|Rest\n|\n|-damage|p1a: Giratina|7\/100 tox|[from] psn\n|upkeep\n|turn|19\n|\n|t:|1700509474\n|-terastallize|p1a: Giratina|Ghost\n|move|p2a: Gliscor|Protect|p2a: Gliscor\n|-singleturn|p2a: Gliscor|Protect\n|move|p1a: Giratina|Shadow Ball|p2a: Gliscor\n|-activate|p2a: Gliscor|move: Protect\n|\n|-damage|p1a: Giratina|0 fnt|[from] psn\n|faint|p1a: Giratina\n|upkeep\n|\n|t:|1700509487\n|switch|p1a: Rayquaza|Rayquaza|100\/100\n|-ability|p1a: Rayquaza|Air Lock\n|turn|20\n|\n|t:|1700509500\n|move|p1a: Rayquaza|Dragon Dance|p1a: Rayquaza\n|-boost|p1a: Rayquaza|atk|1\n|-boost|p1a: Rayquaza|spe|1\n|move|p2a: Gliscor|Taunt|p1a: Rayquaza\n|-start|p1a: Rayquaza|move: Taunt\n|\n|upkeep\n|turn|21\n|inactive|Junky Dummy has 90 seconds left.\n|\n|t:|1700509541\n|switch|p2a: Skeledirge|Skeledirge, M, shiny|100\/100\n|move|p1a: Rayquaza|Dragon Ascent|p2a: Skeledirge\n|-damage|p2a: Skeledirge|55\/100\n|-unboost|p1a: Rayquaza|def|1\n|-unboost|p1a: Rayquaza|spd|1\n|\n|upkeep\n|turn|22\n|inactive|Junky Dummy has 90 seconds left.\n|\n|t:|1700509557\n|move|p1a: Rayquaza|Earthquake|p2a: Skeledirge\n|-supereffective|p2a: Skeledirge\n|-damage|p2a: Skeledirge|5\/100\n|move|p2a: Skeledirge|Slack Off|p2a: Skeledirge\n|-heal|p2a: Skeledirge|55\/100\n|\n|upkeep\n|turn|23\n|\n|t:|1700509577\n|move|p1a: Rayquaza|Earthquake|p2a: Skeledirge\n|-supereffective|p2a: Skeledirge\n|-damage|p2a: Skeledirge|4\/100\n|move|p2a: Skeledirge|Will-O-Wisp|p1a: Rayquaza\n|-status|p1a: Rayquaza|brn\n|\n|-damage|p1a: Rayquaza|95\/100 brn|[from] brn\n|-end|p1a: Rayquaza|move: Taunt\n|upkeep\n|turn|24\n|\n|t:|1700509591\n|move|p1a: Rayquaza|Dragon Dance|p1a: Rayquaza\n|-boost|p1a: Rayquaza|atk|1\n|-boost|p1a: Rayquaza|spe|1\n|move|p2a: Skeledirge|Slack Off|p2a: Skeledirge\n|-heal|p2a: Skeledirge|54\/100\n|\n|-damage|p1a: Rayquaza|89\/100 brn|[from] brn\n|upkeep\n|turn|25\n|inactive|GeneralScience has 120 seconds left.\n|l|\u2606Junky Dummy\n|inactive|Junky Dummy disconnected and has a minute to reconnect!\n|player|p2|\n|j|\u2606Junky Dummy\n|inactive|Junky Dummy reconnected.\n|player|p2|Junky Dummy|102\n|inactive|GeneralScience has 90 seconds left.\n|inactive|GeneralScience has 60 seconds left.\n|inactive|GeneralScience has 30 seconds left.\n|inactive|GeneralScience has 20 seconds left.\n|inactive|GeneralScience has 15 seconds left.\n|inactive|GeneralScience has 10 seconds left.\n|inactive|GeneralScience has 5 seconds left.\n|-message|GeneralScience lost due to inactivity.\n|\n|win|Junky Dummy\n|raw|GeneralScience's rating: 1185 &rarr; <strong>1168<\/strong><br \/>(-17 for losing)\n|raw|Junky Dummy's rating: 1296 &rarr; <strong>1313<\/strong><br \/>(+17 for winning)\n","uploadtime":1700509765,"views":8,"p1id":"generalscience","p2id":"junkydummy","formatid":"gen9ubers","rating":1168,"private":0,"password":""}