{"id":"gen9ubers-1991559410","p1":"Dueysysgsw","p2":"JamesDHerce","format":"[Gen 9] Ubers","log":"|j|\u2606Dueysysgsw\n|j|\u2606JamesDHerce\n|t:|1700088341\n|gametype|singles\n|player|p1|Dueysysgsw|hiker-gen4|1076\n|player|p2|JamesDHerce|hilbert|1076\n|teamsize|p1|6\n|teamsize|p2|6\n|gen|9\n|tier|[Gen 9] Ubers\n|rated|\n|rule|Sleep Clause Mod: Limit one foe put to sleep\n|rule|Species Clause: Limit one of each Pok\u00e9mon\n|rule|OHKO Clause: OHKO moves are banned\n|rule|Evasion Items Clause: Evasion items are banned\n|rule|Evasion Moves Clause: Evasion moves are banned\n|rule|Endless Battle Clause: Forcing endless battles is banned\n|rule|HP Percentage Mod: HP is shown in percentages\n|clearpoke\n|poke|p1|Zacian-*|\n|poke|p1|Flutter Mane|\n|poke|p1|Groudon|\n|poke|p1|Kyogre|\n|poke|p1|Toxapex, M|\n|poke|p1|Koraidon|\n|poke|p2|Gliscor, F|\n|poke|p2|Gholdengo|\n|poke|p2|Iron Moth|\n|poke|p2|Toxapex, M|\n|poke|p2|Great Tusk|\n|poke|p2|Rillaboom, M|\n|teampreview\n|inactive|Battle timer is ON: inactive players will automatically lose when time's up. (requested by JamesDHerce)\n|\n|t:|1700088350\n|start\n|switch|p1a: Groudon|Groudon|100\/100\n|switch|p2a: Gliscor|Gliscor, F|100\/100\n|-weather|SunnyDay|[from] ability: Drought|[of] p1a: Groudon\n|turn|1\n|\n|t:|1700088353\n|move|p2a: Gliscor|Protect|p2a: Gliscor\n|-singleturn|p2a: Gliscor|Protect\n|move|p1a: Groudon|Will-O-Wisp|p2a: Gliscor\n|-activate|p2a: Gliscor|move: Protect\n|\n|-weather|SunnyDay|[upkeep]\n|-status|p2a: Gliscor|tox|[from] item: Toxic Orb\n|upkeep\n|turn|2\n|\n|t:|1700088357\n|move|p1a: Groudon|Spikes|p2a: Gliscor\n|-sidestart|p2: JamesDHerce|Spikes\n|move|p2a: Gliscor|Spikes|p1a: Groudon\n|-sidestart|p1: Dueysysgsw|Spikes\n|\n|-weather|SunnyDay|[upkeep]\n|upkeep\n|turn|3\n|\n|t:|1700088361\n|move|p1a: Groudon|Spikes|p2a: Gliscor\n|-sidestart|p2: JamesDHerce|Spikes\n|move|p2a: Gliscor|Spikes|p1a: Groudon\n|-sidestart|p1: Dueysysgsw|Spikes\n|\n|-weather|SunnyDay|[upkeep]\n|upkeep\n|turn|4\n|\n|t:|1700088364\n|move|p1a: Groudon|Spikes|p2a: Gliscor\n|-sidestart|p2: JamesDHerce|Spikes\n|move|p2a: Gliscor|Spikes|p1a: Groudon\n|-sidestart|p1: Dueysysgsw|Spikes\n|\n|-weather|SunnyDay|[upkeep]\n|upkeep\n|turn|5\n|\n|t:|1700088368\n|move|p2a: Gliscor|U-turn|p1a: Groudon\n|-damage|p1a: Groudon|93\/100\n|-damage|p2a: Gliscor|84\/100 tox|[from] item: Rocky Helmet|[of] p1a: Groudon\n|\n|t:|1700088371\n|switch|p2a: Great Tusk|Great Tusk|100\/100|[from] U-turn\n|-damage|p2a: Great Tusk|76\/100|[from] Spikes\n|-activate|p2a: Great Tusk|ability: Protosynthesis\n|-start|p2a: Great Tusk|protosynthesisdef\n|move|p1a: Groudon|Roar|p2a: Great Tusk\n|-end|p2a: Great Tusk|Protosynthesis|[silent]\n|drag|p2a: Rillaboom|Rillaboom, M|100\/100\n|-damage|p2a: Rillaboom|76\/100|[from] Spikes\n|-fieldstart|move: Grassy Terrain|[from] ability: Grassy Surge|[of] p2a: Rillaboom\n|-enditem|p2a: Rillaboom|Grassy Seed\n|-boost|p2a: Rillaboom|def|1|[from] item: Grassy Seed\n|\n|-weather|none\n|-heal|p2a: Rillaboom|82\/100|[from] Grassy Terrain\n|-heal|p1a: Groudon|99\/100|[from] Grassy Terrain\n|upkeep\n|turn|6\n|\n|t:|1700088377\n|move|p2a: Rillaboom|Wood Hammer|p1a: Groudon\n|-supereffective|p1a: Groudon\n|-damage|p1a: Groudon|18\/100\n|-damage|p2a: Rillaboom|65\/100|[from] item: Rocky Helmet|[of] p1a: Groudon\n|-damage|p2a: Rillaboom|33\/100|[from] Recoil\n|move|p1a: Groudon|Will-O-Wisp|p2a: Rillaboom\n|-status|p2a: Rillaboom|brn\n|\n|-heal|p2a: Rillaboom|40\/100 brn|[from] Grassy Terrain\n|-heal|p1a: Groudon|24\/100|[from] Grassy Terrain\n|-damage|p2a: Rillaboom|33\/100 brn|[from] brn\n|upkeep\n|turn|7\n|\n|t:|1700088384\n|move|p2a: Rillaboom|Wood Hammer|p1a: Groudon\n|-supereffective|p1a: Groudon\n|-damage|p1a: Groudon|0 fnt\n|-damage|p2a: Rillaboom|17\/100 brn|[from] item: Rocky Helmet|[of] p1a: Groudon\n|faint|p1a: Groudon\n|-damage|p2a: Rillaboom|8\/100 brn|[from] Recoil\n|\n|-heal|p2a: Rillaboom|14\/100 brn|[from] Grassy Terrain\n|-damage|p2a: Rillaboom|8\/100 brn|[from] brn\n|upkeep\n|\n|t:|1700088389\n|switch|p1a: Koraidon|Koraidon|100\/100\n|-damage|p1a: Koraidon|76\/100|[from] Spikes\n|-weather|SunnyDay|[from] ability: Orichalcum Pulse|[of] p1a: Koraidon\n|-activate|p1a: Koraidon|Orichalcum Pulse|[source]\n|turn|8\n|\n|t:|1700088398\n|move|p2a: Rillaboom|Grassy Glide|p1a: Koraidon\n|-resisted|p1a: Koraidon\n|-damage|p1a: Koraidon|67\/100\n|move|p1a: Koraidon|U-turn|p2a: Rillaboom\n|-supereffective|p2a: Rillaboom\n|-damage|p2a: Rillaboom|0 fnt\n|faint|p2a: Rillaboom\n|\n|t:|1700088412\n|switch|p1a: Toxapex|Toxapex, M|100\/100|[from] U-turn\n|-damage|p1a: Toxapex|76\/100|[from] Spikes\n|\n|-weather|SunnyDay|[upkeep]\n|-heal|p1a: Toxapex|82\/100|[from] Grassy Terrain\n|upkeep\n|\n|t:|1700088415\n|switch|p2a: Great Tusk|Great Tusk|76\/100\n|-damage|p2a: Great Tusk|51\/100|[from] Spikes\n|-activate|p2a: Great Tusk|ability: Protosynthesis\n|-start|p2a: Great Tusk|protosynthesisdef\n|turn|9\n|\n|t:|1700088420\n|switch|p1a: Flutter Mane|Flutter Mane|100\/100\n|-activate|p1a: Flutter Mane|ability: Protosynthesis\n|-start|p1a: Flutter Mane|protosynthesisspe\n|move|p2a: Great Tusk|Rapid Spin|p1a: Flutter Mane\n|-immune|p1a: Flutter Mane\n|\n|-weather|SunnyDay|[upkeep]\n|-heal|p2a: Great Tusk|57\/100|[from] Grassy Terrain\n|-fieldend|move: Grassy Terrain\n|upkeep\n|turn|10\n|\n|t:|1700088426\n|move|p1a: Flutter Mane|Moonblast|p2a: Great Tusk\n|-supereffective|p2a: Great Tusk\n|-damage|p2a: Great Tusk|0 fnt\n|faint|p2a: Great Tusk\n|-end|p2a: Great Tusk|Protosynthesis|[silent]\n|\n|-weather|SunnyDay|[upkeep]\n|upkeep\n|\n|t:|1700088429\n|switch|p2a: Iron Moth|Iron Moth|100\/100\n|-damage|p2a: Iron Moth|76\/100|[from] Spikes\n|-enditem|p2a: Iron Moth|Booster Energy\n|-activate|p2a: Iron Moth|ability: Quark Drive|[fromitem]\n|-start|p2a: Iron Moth|quarkdrivespa\n|turn|11\n|\n|t:|1700088449\n|move|p1a: Flutter Mane|Shadow Ball|p2a: Iron Moth\n|-damage|p2a: Iron Moth|27\/100\n|move|p2a: Iron Moth|Sludge Wave|p1a: Flutter Mane\n|-damage|p1a: Flutter Mane|35\/100\n|\n|-weather|SunnyDay|[upkeep]\n|upkeep\n|turn|12\n|\n|t:|1700088452\n|move|p1a: Flutter Mane|Shadow Ball|p2a: Iron Moth\n|-damage|p2a: Iron Moth|0 fnt\n|faint|p2a: Iron Moth\n|-end|p2a: Iron Moth|Quark Drive|[silent]\n|\n|-weather|none\n|-end|p1a: Flutter Mane|Protosynthesis\n|upkeep\n|\n|t:|1700088458\n|switch|p2a: Gliscor|Gliscor, F|84\/100 tox\n|turn|13\n|\n|t:|1700088463\n|move|p2a: Gliscor|Protect|p2a: Gliscor\n|-singleturn|p2a: Gliscor|Protect\n|move|p1a: Flutter Mane|Moonblast|p2a: Gliscor\n|-activate|p2a: Gliscor|move: Protect\n|\n|-heal|p2a: Gliscor|96\/100 tox|[from] ability: Poison Heal\n|upkeep\n|turn|14\n|\n|t:|1700088467\n|move|p1a: Flutter Mane|Moonblast|p2a: Gliscor\n|-damage|p2a: Gliscor|56\/100 tox\n|move|p2a: Gliscor|Earthquake|p1a: Flutter Mane\n|-damage|p1a: Flutter Mane|0 fnt\n|faint|p1a: Flutter Mane\n|-end|p1a: Flutter Mane|Protosynthesis|[silent]\n|\n|-heal|p2a: Gliscor|69\/100 tox|[from] ability: Poison Heal\n|upkeep\n|\n|t:|1700088487\n|switch|p1a: Kyogre|Kyogre|100\/100\n|-damage|p1a: Kyogre|76\/100|[from] Spikes\n|-weather|RainDance|[from] ability: Drizzle|[of] p1a: Kyogre\n|turn|15\n|\n|t:|1700088494\n|switch|p2a: Toxapex|Toxapex, M|100\/100\n|-damage|p2a: Toxapex|75\/100|[from] Spikes\n|move|p1a: Kyogre|Surf|p2a: Toxapex\n|-resisted|p2a: Toxapex\n|-damage|p2a: Toxapex|23\/100\n|\n|-weather|RainDance|[upkeep]\n|-heal|p2a: Toxapex|29\/100|[from] item: Leftovers\n|upkeep\n|turn|16\n|\n|t:|1700088498\n|move|p1a: Kyogre|Surf|p2a: Toxapex\n|-resisted|p2a: Toxapex\n|-damage|p2a: Toxapex|0 fnt\n|faint|p2a: Toxapex\n|\n|-weather|RainDance|[upkeep]\n|upkeep\n|\n|t:|1700088500\n|switch|p2a: Gholdengo|Gholdengo|100\/100\n|-damage|p2a: Gholdengo|76\/100|[from] Spikes\n|turn|17\n|\n|t:|1700088502\n|move|p2a: Gholdengo|Shadow Ball|p1a: Kyogre\n|-damage|p1a: Kyogre|41\/100\n|move|p1a: Kyogre|Surf|p2a: Gholdengo\n|-damage|p2a: Gholdengo|0 fnt\n|faint|p2a: Gholdengo\n|\n|-weather|RainDance|[upkeep]\n|upkeep\n|\n|t:|1700088505\n|switch|p2a: Gliscor|Gliscor, F|69\/100 tox\n|turn|18\n|\n|t:|1700088507\n|move|p2a: Gliscor|Protect|p2a: Gliscor\n|-singleturn|p2a: Gliscor|Protect\n|move|p1a: Kyogre|Surf|p2a: Gliscor\n|-activate|p2a: Gliscor|move: Protect\n|\n|-weather|RainDance|[upkeep]\n|-heal|p2a: Gliscor|81\/100 tox|[from] ability: Poison Heal\n|upkeep\n|turn|19\n|\n|t:|1700088509\n|move|p1a: Kyogre|Surf|p2a: Gliscor\n|-supereffective|p2a: Gliscor\n|-damage|p2a: Gliscor|0 fnt\n|faint|p2a: Gliscor\n|\n|win|Dueysysgsw\n|raw|Dueysysgsw's rating: 1076 &rarr; <strong>1105<\/strong><br \/>(+29 for winning)\n|raw|JamesDHerce's rating: 1076 &rarr; <strong>1055<\/strong><br \/>(-21 for losing)\n|l|\u2606JamesDHerce\n","uploadtime":1700088518,"views":10,"p1id":"dueysysgsw","p2id":"jamesdherce","formatid":"gen9ubers","rating":1055,"private":0,"password":""}