{"id":"gen9ubers-1978030670","p1":"Elscorchie","p2":"GodKmi","format":"[Gen 9] Ubers","log":"|j|\u2606Elscorchie\n|j|\u2606GodKmi\n|t:|1698487773\n|gametype|singles\n|player|p1|Elscorchie|lucas|1144\n|player|p2|GodKmi|saguaro|1199\n|teamsize|p1|6\n|teamsize|p2|6\n|gen|9\n|tier|[Gen 9] Ubers\n|rated|\n|rule|Sleep Clause Mod: Limit one foe put to sleep\n|rule|Species Clause: Limit one of each Pok\u00e9mon\n|rule|OHKO Clause: OHKO moves are banned\n|rule|Evasion Items Clause: Evasion items are banned\n|rule|Evasion Moves Clause: Evasion moves are banned\n|rule|Endless Battle Clause: Forcing endless battles is banned\n|rule|HP Percentage Mod: HP is shown in percentages\n|clearpoke\n|poke|p1|Empoleon, M|\n|poke|p1|Corviknight, F|\n|poke|p1|Gholdengo|\n|poke|p1|Iron Treads|\n|poke|p1|Zacian-*|\n|poke|p1|Kingambit, F|\n|poke|p2|Calyrex-Ice|\n|poke|p2|Arceus|\n|poke|p2|Giratina|\n|poke|p2|Ditto|\n|poke|p2|Koraidon|\n|poke|p2|Miraidon|\n|teampreview\n|\n|t:|1698487786\n|start\n|switch|p1a: Empoleon|Empoleon, M|100\/100\n|switch|p2a: Miraidon|Miraidon|100\/100\n|-fieldstart|move: Electric Terrain|[from] ability: Hadron Engine|[of] p2a: Miraidon\n|turn|1\n|inactive|Battle timer is ON: inactive players will automatically lose when time's up. (requested by Elscorchie)\n|\n|t:|1698487790\n|move|p2a: Miraidon|Calm Mind|p2a: Miraidon\n|-boost|p2a: Miraidon|spa|1\n|-boost|p2a: Miraidon|spd|1\n|move|p1a: Empoleon|Stealth Rock|p2a: Miraidon\n|-sidestart|p2: GodKmi|move: Stealth Rock\n|\n|upkeep\n|turn|2\n|\n|t:|1698487796\n|switch|p1a: Iron Treads|Iron Treads|100\/100\n|-activate|p1a: Iron Treads|ability: Quark Drive\n|-start|p1a: Iron Treads|quarkdriveatk\n|move|p2a: Miraidon|Electro Drift|p1a: Iron Treads\n|-immune|p1a: Iron Treads\n|\n|upkeep\n|turn|3\n|\n|t:|1698487800\n|move|p2a: Miraidon|Draco Meteor|p1a: Iron Treads\n|-resisted|p1a: Iron Treads\n|-damage|p1a: Iron Treads|0 fnt\n|-unboost|p2a: Miraidon|spa|2\n|-enditem|p2a: Miraidon|Eject Pack\n|faint|p1a: Iron Treads\n|-end|p1a: Iron Treads|Quark Drive|[silent]\n|\n|t:|1698487806\n|switch|p2a: Arceus|Arceus|100\/100\n|-damage|p2a: Arceus|88\/100|[from] Stealth Rock\n|\n|upkeep\n|inactive|Elscorchie has 120 seconds left.\n|\n|t:|1698487861\n|switch|p1a: Empoleon|Empoleon, M|100\/100\n|turn|4\n|inactive|GodKmi has 120 seconds left.\n|\n|t:|1698487891\n|move|p2a: Arceus|Earth Power|p1a: Empoleon\n|-supereffective|p1a: Empoleon\n|-damage|p1a: Empoleon|22\/100\n|move|p1a: Empoleon|Surf|p2a: Arceus\n|-damage|p2a: Arceus|50\/100\n|\n|upkeep\n|turn|5\n|\n|t:|1698487907\n|move|p2a: Arceus|Recover|p2a: Arceus\n|-heal|p2a: Arceus|100\/100\n|move|p1a: Empoleon|Surf|p2a: Arceus\n|-damage|p2a: Arceus|63\/100\n|\n|-fieldend|move: Electric Terrain\n|upkeep\n|turn|6\n|\n|t:|1698487926\n|move|p2a: Arceus|Earth Power|p1a: Empoleon\n|-supereffective|p1a: Empoleon\n|-damage|p1a: Empoleon|0 fnt\n|faint|p1a: Empoleon\n|\n|upkeep\n|\n|t:|1698487930\n|switch|p1a: Corviknight|Corviknight, F|100\/100\n|turn|7\n|inactive|GodKmi has 120 seconds left.\n|\n|t:|1698487973\n|move|p2a: Arceus|Flamethrower|p1a: Corviknight\n|-supereffective|p1a: Corviknight\n|-damage|p1a: Corviknight|12\/100\n|move|p1a: Corviknight|Iron Defense|p1a: Corviknight\n|-boost|p1a: Corviknight|def|2\n|\n|upkeep\n|turn|8\n|\n|t:|1698487988\n|move|p2a: Arceus|Flamethrower|p1a: Corviknight\n|-supereffective|p1a: Corviknight\n|-damage|p1a: Corviknight|0 fnt\n|faint|p1a: Corviknight\n|\n|upkeep\n|\n|t:|1698487992\n|switch|p1a: Gholdengo|Gholdengo|100\/100\n|turn|9\n|inactive|GodKmi has 120 seconds left.\n|inactive|GodKmi has 90 seconds left.\n|\n|t:|1698488035\n|move|p2a: Arceus|Flamethrower|p1a: Gholdengo\n|-supereffective|p1a: Gholdengo\n|-damage|p1a: Gholdengo|7\/100\n|move|p1a: Gholdengo|Make It Rain|p2a: Arceus\n|-damage|p2a: Arceus|0 fnt\n|-unboost|p1a: Gholdengo|spa|1\n|faint|p2a: Arceus\n|\n|upkeep\n|\n|t:|1698488041\n|switch|p2a: Koraidon|Koraidon|100\/100\n|-damage|p2a: Koraidon|94\/100|[from] Stealth Rock\n|-weather|SunnyDay|[from] ability: Orichalcum Pulse|[of] p2a: Koraidon\n|-activate|p2a: Koraidon|Orichalcum Pulse|[source]\n|turn|10\n|inactive|GodKmi has 90 seconds left.\n|\n|t:|1698488053\n|move|p2a: Koraidon|Flare Blitz|p1a: Gholdengo\n|-supereffective|p1a: Gholdengo\n|-damage|p1a: Gholdengo|0 fnt\n|faint|p1a: Gholdengo\n|-damage|p2a: Koraidon|92\/100|[from] Recoil\n|\n|-weather|SunnyDay|[upkeep]\n|upkeep\n|\n|t:|1698488054\n|switch|p1a: Zacian|Zacian-Crowned|100\/100\n|-ability|p1a: Zacian|Intrepid Sword|boost\n|-boost|p1a: Zacian|atk|1\n|turn|11\n|\n|t:|1698488065\n|move|p1a: Zacian|Play Rough|p2a: Koraidon|[miss]\n|-miss|p1a: Zacian|p2a: Koraidon\n|move|p2a: Koraidon|Flare Blitz|p1a: Zacian\n|-supereffective|p1a: Zacian\n|-damage|p1a: Zacian|0 fnt\n|faint|p1a: Zacian\n|-damage|p2a: Koraidon|61\/100|[from] Recoil\n|\n|-weather|SunnyDay|[upkeep]\n|upkeep\n|\n|t:|1698488072\n|switch|p1a: Kingambit|Kingambit, F|100\/100\n|-activate|p1a: Kingambit|ability: Supreme Overlord\n|-start|p1a: Kingambit|fallen5|[silent]\n|turn|12\n|\n|t:|1698488078\n|-terastallize|p1a: Kingambit|Psychic\n|move|p1a: Kingambit|Sucker Punch|p2a: Koraidon\n|-resisted|p2a: Koraidon\n|-damage|p2a: Koraidon|35\/100\n|move|p2a: Koraidon|Flare Blitz|p1a: Kingambit\n|-crit|p1a: Kingambit\n|-damage|p1a: Kingambit|0 fnt\n|faint|p1a: Kingambit\n|-end|p1a: Kingambit|fallen5|[silent]\n|-damage|p2a: Koraidon|2\/100|[from] Recoil\n|\n|win|GodKmi\n|raw|Elscorchie's rating: 1144 &rarr; <strong>1124<\/strong><br \/>(-20 for losing)\n|raw|GodKmi's rating: 1217 &rarr; <strong>1237<\/strong><br \/>(+20 for winning)\n|l|\u2606Elscorchie\n","uploadtime":1698488150,"views":16,"p1id":"elscorchie","p2id":"godkmi","formatid":"gen9ubers","rating":1124,"private":0,"password":""}