{"id":"gen9ubers-1982818387","p1":"twinbear","p2":"Yardrok","format":"[Gen 9] Ubers","log":"|j|\u2606twinbear\n|j|\u2606Yardrok\n|t:|1699047901\n|gametype|singles\n|player|p1|twinbear|170|\n|player|p2|Yardrok|doctor|\n|teamsize|p1|6\n|teamsize|p2|6\n|gen|9\n|tier|[Gen 9] Ubers\n|rule|Sleep Clause Mod: Limit one foe put to sleep\n|rule|Species Clause: Limit one of each Pok\u00e9mon\n|rule|OHKO Clause: OHKO moves are banned\n|rule|Evasion Items Clause: Evasion items are banned\n|rule|Evasion Moves Clause: Evasion moves are banned\n|rule|Endless Battle Clause: Forcing endless battles is banned\n|rule|HP Percentage Mod: HP is shown in percentages\n|clearpoke\n|poke|p1|Golem, F|\n|poke|p1|Dragapult, M|\n|poke|p1|Kilowattrel, M|\n|poke|p1|Zapdos-Galar|\n|poke|p1|Dragonite, M|\n|poke|p1|Rotom-Heat|\n|poke|p2|Gliscor, F|\n|poke|p2|Annihilape, M|\n|poke|p2|Forretress, F|\n|poke|p2|Cresselia, F|\n|poke|p2|Jirachi|\n|poke|p2|Ditto|\n|teampreview\n|j| NotADragonTrainer\n|c| NotADragonTrainer|Smh\n|\n|t:|1699047959\n|start\n|switch|p1a: Dragapult|Dragapult, M|100\/100\n|switch|p2a: Annihilape|Annihilape, M|100\/100\n|turn|1\n|\n|t:|1699047979\n|move|p1a: Dragapult|Substitute|p1a: Dragapult\n|-start|p1a: Dragapult|Substitute\n|-damage|p1a: Dragapult|76\/100\n|move|p2a: Annihilape|Rage Fist|p1a: Dragapult\n|-supereffective|p1a: Dragapult\n|-end|p1a: Dragapult|Substitute\n|\n|-heal|p1a: Dragapult|82\/100|[from] item: Leftovers\n|upkeep\n|turn|2\n|\n|t:|1699048001\n|move|p1a: Dragapult|Disable|p2a: Annihilape\n|-start|p2a: Annihilape|Disable|Rage Fist\n|cant|p2a: Annihilape|Disable|Rage Fist\n|\n|-heal|p1a: Dragapult|88\/100|[from] item: Leftovers\n|upkeep\n|turn|3\n|\n|t:|1699048015\n|switch|p2a: Ditto|Ditto|100\/100\n|-transform|p2a: Ditto|p1a: Dragapult|[from] ability: Imposter\n|move|p1a: Dragapult|Substitute|p1a: Dragapult\n|-start|p1a: Dragapult|Substitute\n|-damage|p1a: Dragapult|63\/100\n|\n|-heal|p1a: Dragapult|69\/100|[from] item: Leftovers\n|upkeep\n|turn|4\n|\n|t:|1699048059\n|move|p2a: Ditto|Hex|p1a: Dragapult\n|-supereffective|p1a: Dragapult\n|-damage|p1a: Dragapult|0 fnt\n|faint|p1a: Dragapult\n|\n|upkeep\n|\n|t:|1699048158\n|switch|p1a: Dragonite|Dragonite, M|100\/100\n|turn|5\n|\n|t:|1699048166\n|switch|p2a: Cresselia|Cresselia, F|100\/100\n|move|p1a: Dragonite|Substitute|p1a: Dragonite\n|-start|p1a: Dragonite|Substitute\n|-damage|p1a: Dragonite|76\/100\n|\n|upkeep\n|turn|6\n|\n|t:|1699048185\n|move|p1a: Dragonite|Roost|p1a: Dragonite\n|-heal|p1a: Dragonite|100\/100\n|-singleturn|p1a: Dragonite|move: Roost\n|move|p2a: Cresselia|Ice Beam|p1a: Dragonite\n|-supereffective|p1a: Dragonite\n|-activate|p1a: Dragonite|move: Substitute|[damage]\n|\n|upkeep\n|turn|7\n|\n|t:|1699048200\n|switch|p1a: Rotom|Rotom-Heat|100\/100\n|move|p2a: Cresselia|Ice Beam|p1a: Rotom\n|-resisted|p1a: Rotom\n|-damage|p1a: Rotom|90\/100\n|-status|p1a: Rotom|frz\n|\n|upkeep\n|turn|8\n|\n|t:|1699048213\n|switch|p2a: Ditto|Ditto|100\/100\n|-transform|p2a: Ditto|p1a: Rotom|[from] ability: Imposter\n|cant|p1a: Rotom|frz\n|\n|upkeep\n|turn|9\n|\n|t:|1699048265\n|move|p2a: Ditto|Hex|p1a: Rotom\n|-damage|p1a: Rotom|40\/100 frz\n|cant|p1a: Rotom|frz\n|\n|upkeep\n|turn|10\n|\n|t:|1699048321\n|switch|p1a: Zapdos|Zapdos-Galar|100\/100\n|move|p2a: Ditto|Hex|p1a: Zapdos\n|-damage|p1a: Zapdos|76\/100\n|\n|upkeep\n|turn|11\n|\n|t:|1699048333\n|switch|p2a: Jirachi|Jirachi|100\/100\n|move|p1a: Zapdos|Knock Off|p2a: Jirachi\n|-supereffective|p2a: Jirachi\n|-damage|p2a: Jirachi|0 fnt\n|-enditem|p2a: Jirachi|Choice Scarf|[from] move: Knock Off|[of] p1a: Zapdos\n|faint|p2a: Jirachi\n|\n|upkeep\n|\n|t:|1699048339\n|switch|p2a: Ditto|Ditto|100\/100\n|-transform|p2a: Ditto|p1a: Zapdos|[from] ability: Imposter\n|turn|12\n|\n|t:|1699048350\n|switch|p1a: Rotom|Rotom-Heat|40\/100 frz\n|move|p2a: Ditto|Brave Bird|p1a: Rotom\n|-resisted|p1a: Rotom\n|-damage|p1a: Rotom|0 fnt\n|faint|p1a: Rotom\n|-damage|p2a: Ditto|90\/100|[from] Recoil\n|\n|upkeep\n|\n|t:|1699048360\n|switch|p1a: Golem|Golem, F|100\/100\n|turn|13\n|\n|t:|1699048377\n|switch|p2a: Annihilape|Annihilape, M|100\/100\n|move|p1a: Golem|Fire Punch|p2a: Annihilape\n|-damage|p2a: Annihilape|69\/100\n|\n|-heal|p2a: Annihilape|75\/100|[from] item: Leftovers\n|upkeep\n|turn|14\n|\n|t:|1699048388\n|move|p2a: Annihilape|Encore|p1a: Golem\n|-start|p1a: Golem|Encore\n|move|p1a: Golem|Fire Punch|p2a: Annihilape\n|-damage|p2a: Annihilape|43\/100\n|\n|-heal|p2a: Annihilape|49\/100|[from] item: Leftovers\n|upkeep\n|turn|15\n|\n|t:|1699048418\n|move|p2a: Annihilape|Drain Punch|p1a: Golem\n|-supereffective|p1a: Golem\n|-crit|p1a: Golem\n|-ability|p1a: Golem|Sturdy\n|-damage|p1a: Golem|1\/100\n|-heal|p2a: Annihilape|94\/100|[from] drain|[of] p1a: Golem\n|move|p1a: Golem|Fire Punch|p2a: Annihilape\n|-damage|p2a: Annihilape|60\/100\n|\n|-heal|p2a: Annihilape|66\/100|[from] item: Leftovers\n|upkeep\n|turn|16\n|-enditem|p1a: Golem|Custap Berry|[eat]\n|-activate|p1a: Golem|item: Custap Berry|[consumed]\n|\n|t:|1699048441\n|move|p1a: Golem|Fire Punch|p2a: Annihilape\n|-crit|p2a: Annihilape\n|-damage|p2a: Annihilape|22\/100\n|move|p2a: Annihilape|Rage Fist|p1a: Golem\n|-damage|p1a: Golem|0 fnt\n|faint|p1a: Golem\n|\n|-heal|p2a: Annihilape|28\/100|[from] item: Leftovers\n|upkeep\n|\n|t:|1699048513\n|switch|p1a: Kilowattrel|Kilowattrel, M|100\/100\n|turn|17\n|\n|t:|1699048543\n|-terastallize|p1a: Kilowattrel|Water\n|move|p1a: Kilowattrel|Tera Blast|p2a: Annihilape|[anim] Tera Blast Water\n|-damage|p2a: Annihilape|0 fnt\n|faint|p2a: Annihilape\n|\n|upkeep\n|\n|t:|1699048554\n|switch|p2a: Ditto|Ditto|90\/100\n|-transform|p2a: Ditto|p1a: Kilowattrel|[from] ability: Imposter\n|-start|p2a: Ditto|typechange|Electric\/Flying|[silent]\n|turn|18\n|\n|t:|1699048567\n|switch|p2a: Cresselia|Cresselia, F|100\/100\n|move|p1a: Kilowattrel|Tera Blast|p2a: Cresselia|[anim] Tera Blast Water\n|-damage|p2a: Cresselia|76\/100\n|\n|upkeep\n|turn|19\n|\n|t:|1699048586\n|move|p1a: Kilowattrel|Volt Switch|p2a: Cresselia\n|-damage|p2a: Cresselia|55\/100\n|\n|t:|1699048597\n|switch|p1a: Zapdos|Zapdos-Galar|76\/100|[from] Volt Switch\n|move|p2a: Cresselia|Psychic|p1a: Zapdos\n|-supereffective|p1a: Zapdos\n|-damage|p1a: Zapdos|16\/100\n|\n|upkeep\n|turn|20\n|\n|t:|1699048611\n|switch|p2a: Gliscor|Gliscor, F|100\/100\n|move|p1a: Zapdos|U-turn|p2a: Gliscor\n|-resisted|p2a: Gliscor\n|-damage|p2a: Gliscor|80\/100\n|\n|t:|1699048675\n|switch|p1a: Kilowattrel|Kilowattrel, M, tera:Water|100\/100|[from] U-turn\n|\n|-status|p2a: Gliscor|tox|[from] item: Toxic Orb\n|upkeep\n|turn|21\n|\n|t:|1699048690\n|move|p1a: Kilowattrel|Tera Blast|p2a: Gliscor|[anim] Tera Blast Water\n|-supereffective|p2a: Gliscor\n|-damage|p2a: Gliscor|0 fnt\n|faint|p2a: Gliscor\n|\n|upkeep\n|\n|t:|1699048695\n|switch|p2a: Cresselia|Cresselia, F|55\/100\n|turn|22\n|\n|t:|1699048723\n|switch|p1a: Dragonite|Dragonite, M|100\/100\n|move|p2a: Cresselia|Moonlight|p2a: Cresselia\n|-heal|p2a: Cresselia|100\/100\n|\n|upkeep\n|turn|23\n|\n|t:|1699048741\n|move|p1a: Dragonite|Thunderbolt|p2a: Cresselia\n|-damage|p2a: Cresselia|84\/100\n|move|p2a: Cresselia|Ice Beam|p1a: Dragonite\n|-supereffective|p1a: Dragonite\n|-damage|p1a: Dragonite|71\/100\n|\n|upkeep\n|turn|24\n|\n|t:|1699048752\n|move|p1a: Dragonite|Thunderbolt|p2a: Cresselia\n|-damage|p2a: Cresselia|68\/100\n|move|p2a: Cresselia|Ice Beam|p1a: Dragonite\n|-supereffective|p1a: Dragonite\n|-damage|p1a: Dragonite|12\/100\n|\n|upkeep\n|turn|25\n|\n|t:|1699048758\n|move|p1a: Dragonite|Roost|p1a: Dragonite\n|-heal|p1a: Dragonite|62\/100\n|-singleturn|p1a: Dragonite|move: Roost\n|move|p2a: Cresselia|Moonlight|p2a: Cresselia\n|-heal|p2a: Cresselia|100\/100\n|\n|upkeep\n|turn|26\n|\n|t:|1699048769\n|move|p1a: Dragonite|Roost|p1a: Dragonite\n|-heal|p1a: Dragonite|100\/100\n|-singleturn|p1a: Dragonite|move: Roost\n|move|p2a: Cresselia|Ice Beam|p1a: Dragonite\n|-supereffective|p1a: Dragonite\n|-damage|p1a: Dragonite|85\/100\n|\n|upkeep\n|turn|27\n|\n|t:|1699048777\n|move|p1a: Dragonite|Thunderbolt|p2a: Cresselia\n|-damage|p2a: Cresselia|85\/100\n|move|p2a: Cresselia|Ice Beam|p1a: Dragonite\n|-supereffective|p1a: Dragonite\n|-damage|p1a: Dragonite|30\/100\n|\n|upkeep\n|turn|28\n|\n|t:|1699048783\n|move|p1a: Dragonite|Roost|p1a: Dragonite\n|-heal|p1a: Dragonite|80\/100\n|-singleturn|p1a: Dragonite|move: Roost\n|move|p2a: Cresselia|Calm Mind|p2a: Cresselia\n|-boost|p2a: Cresselia|spa|1\n|-boost|p2a: Cresselia|spd|1\n|\n|upkeep\n|turn|29\n|\n|t:|1699048792\n|move|p1a: Dragonite|Thunderbolt|p2a: Cresselia\n|-damage|p2a: Cresselia|73\/100\n|move|p2a: Cresselia|Moonlight|p2a: Cresselia\n|-heal|p2a: Cresselia|100\/100\n|\n|upkeep\n|turn|30\n|\n|t:|1699048798\n|move|p1a: Dragonite|Thunderbolt|p2a: Cresselia\n|-damage|p2a: Cresselia|90\/100\n|move|p2a: Cresselia|Ice Beam|p1a: Dragonite\n|-supereffective|p1a: Dragonite\n|-damage|p1a: Dragonite|0 fnt\n|faint|p1a: Dragonite\n|\n|upkeep\n|\n|t:|1699048810\n|switch|p1a: Zapdos|Zapdos-Galar|16\/100\n|turn|31\n|\n|t:|1699048905\n|move|p1a: Zapdos|Brave Bird|p2a: Cresselia\n|-damage|p2a: Cresselia|31\/100\n|-damage|p1a: Zapdos|0 fnt|[from] Recoil\n|faint|p1a: Zapdos\n|move|p2a: Cresselia|Psychic|p1: Zapdos|[notarget]\n|-fail|p2a: Cresselia\n|\n|upkeep\n|\n|t:|1699048911\n|switch|p1a: Kilowattrel|Kilowattrel, M, tera:Water|100\/100\n|turn|32\n|\n|t:|1699048937\n|move|p1a: Kilowattrel|Thunderbolt|p2a: Cresselia\n|-damage|p2a: Cresselia|11\/100\n|move|p2a: Cresselia|Moonlight|p2a: Cresselia\n|-heal|p2a: Cresselia|61\/100\n|\n|upkeep\n|turn|33\n|\n|t:|1699048948\n|move|p1a: Kilowattrel|Thunderbolt|p2a: Cresselia\n|-damage|p2a: Cresselia|43\/100\n|move|p2a: Cresselia|Moonlight|p2a: Cresselia\n|-heal|p2a: Cresselia|93\/100\n|\n|upkeep\n|turn|34\n|\n|t:|1699048954\n|move|p1a: Kilowattrel|Thunderbolt|p2a: Cresselia\n|-damage|p2a: Cresselia|74\/100\n|move|p2a: Cresselia|Calm Mind|p2a: Cresselia\n|-boost|p2a: Cresselia|spa|1\n|-boost|p2a: Cresselia|spd|1\n|\n|upkeep\n|turn|35\n|\n|t:|1699048959\n|move|p1a: Kilowattrel|Thunderbolt|p2a: Cresselia\n|-damage|p2a: Cresselia|59\/100\n|move|p2a: Cresselia|Psychic|p1a: Kilowattrel\n|-damage|p1a: Kilowattrel|21\/100\n|\n|upkeep\n|turn|36\n|\n|t:|1699048966\n|move|p1a: Kilowattrel|Thunderbolt|p2a: Cresselia\n|-damage|p2a: Cresselia|45\/100\n|move|p2a: Cresselia|Psychic|p1a: Kilowattrel\n|-damage|p1a: Kilowattrel|0 fnt\n|faint|p1a: Kilowattrel\n|\n|win|Yardrok\n|j| LiquidPlazmid77\n|l| LiquidPlazmid77\n|l| NotADragonTrainer\n|player|p2|Yardrok|doctor\n","uploadtime":1699048974,"views":24,"p1id":"twinbear","p2id":"yardrok","formatid":"gen9ubers","rating":0,"private":0,"password":""}