{"id":"gen9ubers-1968459988","p1":"la viuda alegre","p2":"awfulgreat","format":"[Gen 9] Ubers","log":"|j|\u2606la viuda alegre\n|j|\u2606awfulgreat\n|t:|1697420900\n|gametype|singles\n|player|p1|la viuda alegre|teacher|1122\n|player|p2|awfulgreat|169|1023\n|teamsize|p1|6\n|teamsize|p2|6\n|gen|9\n|tier|[Gen 9] Ubers\n|rated|\n|rule|Sleep Clause Mod: Limit one foe put to sleep\n|rule|Species Clause: Limit one of each Pok\u00e9mon\n|rule|OHKO Clause: OHKO moves are banned\n|rule|Evasion Items Clause: Evasion items are banned\n|rule|Evasion Moves Clause: Evasion moves are banned\n|rule|Endless Battle Clause: Forcing endless battles is banned\n|rule|HP Percentage Mod: HP is shown in percentages\n|clearpoke\n|poke|p1|Flutter Mane|\n|poke|p1|Grimmsnarl, M|\n|poke|p1|Masquerain, F|\n|poke|p1|Arceus|\n|poke|p1|Miraidon|\n|poke|p1|Clodsire, F|\n|poke|p2|Palkia-Origin|\n|poke|p2|Kyogre|\n|poke|p2|Urshifu-*, M|\n|poke|p2|Arceus-Water|\n|poke|p2|Iron Bundle|\n|poke|p2|Palafin, M|\n|teampreview\n|inactive|Battle timer is ON: inactive players will automatically lose when time's up. (requested by la viuda alegre)\n|\n|t:|1697420912\n|start\n|switch|p1a: masqueraine|Masquerain, F|100\/100\n|switch|p2a: Palafin|Palafin, M|100\/100\n|-ability|p1a: masqueraine|Intimidate|boost\n|-unboost|p2a: Palafin|atk|1\n|turn|1\n|\n|t:|1697420920\n|move|p2a: Palafin|Flip Turn|p1a: masqueraine\n|-damage|p1a: masqueraine|57\/100\n|\n|t:|1697420924\n|detailschange|p2a: Palafin|Palafin-Hero, M\n|switch|p2a: Kyogre|Kyogre|100\/100|[from] Flip Turn\n|-weather|RainDance|[from] ability: Drizzle|[of] p2a: Kyogre\n|move|p1a: masqueraine|Sticky Web|p2a: Kyogre\n|-sidestart|p2: awfulgreat|move: Sticky Web\n|\n|-weather|RainDance|[upkeep]\n|upkeep\n|turn|2\n|\n|t:|1697420933\n|move|p1a: masqueraine|Stun Spore|p2a: Kyogre|[miss]\n|-miss|p1a: masqueraine|p2a: Kyogre\n|move|p2a: Kyogre|Ice Beam|p1a: masqueraine\n|-supereffective|p1a: masqueraine\n|-damage|p1a: masqueraine|0 fnt\n|faint|p1a: masqueraine\n|\n|-weather|RainDance|[upkeep]\n|upkeep\n|\n|t:|1697420942\n|switch|p1a: molestio|Grimmsnarl, M|100\/100\n|turn|3\n|\n|t:|1697420947\n|move|p1a: molestio|Light Screen|p1a: molestio\n|-sidestart|p1: la viuda alegre|move: Light Screen\n|move|p2a: Kyogre|Calm Mind|p2a: Kyogre\n|-boost|p2a: Kyogre|spa|1\n|-boost|p2a: Kyogre|spd|1\n|\n|-weather|RainDance|[upkeep]\n|upkeep\n|turn|4\n|\n|t:|1697420954\n|move|p1a: molestio|Taunt|p2a: Kyogre\n|-start|p2a: Kyogre|move: Taunt\n|move|p2a: Kyogre|Surf|p1a: molestio\n|-damage|p1a: molestio|50\/100\n|\n|-weather|RainDance|[upkeep]\n|upkeep\n|turn|5\n|\n|t:|1697420962\n|move|p1a: molestio|Reflect|p1a: molestio\n|-sidestart|p1: la viuda alegre|Reflect\n|move|p2a: Kyogre|Surf|p1a: molestio\n|-damage|p1a: molestio|0 fnt\n|faint|p1a: molestio\n|\n|-weather|none\n|upkeep\n|\n|t:|1697420971\n|switch|p1a: melenaleteo|Flutter Mane|100\/100\n|-enditem|p1a: melenaleteo|Booster Energy\n|-activate|p1a: melenaleteo|ability: Protosynthesis|[fromitem]\n|-start|p1a: melenaleteo|protosynthesisspe\n|turn|6\n|\n|t:|1697420979\n|move|p1a: melenaleteo|Perish Song|p1a: melenaleteo\n|-start|p1a: melenaleteo|perish3|[silent]\n|-start|p2a: Kyogre|perish3|[silent]\n|-fieldactivate|move: Perish Song\n|move|p2a: Kyogre|Surf|p1a: melenaleteo\n|-damage|p1a: melenaleteo|64\/100\n|\n|-end|p2a: Kyogre|move: Taunt\n|-start|p1a: melenaleteo|perish3\n|-start|p2a: Kyogre|perish3\n|upkeep\n|turn|7\n|\n|t:|1697420989\n|move|p1a: melenaleteo|Taunt|p2a: Kyogre\n|-start|p2a: Kyogre|move: Taunt\n|move|p2a: Kyogre|Surf|p1a: melenaleteo\n|-damage|p1a: melenaleteo|30\/100\n|\n|-start|p1a: melenaleteo|perish2\n|-start|p2a: Kyogre|perish2\n|upkeep\n|turn|8\n|\n|t:|1697420998\n|move|p1a: melenaleteo|Memento|p2a: Kyogre\n|-unboost|p2a: Kyogre|atk|2\n|-unboost|p2a: Kyogre|spa|2\n|faint|p1a: melenaleteo\n|-end|p1a: melenaleteo|Protosynthesis|[silent]\n|move|p2a: Kyogre|Surf|p1: melenaleteo|[notarget]\n|-fail|p2a: Kyogre\n|\n|-start|p2a: Kyogre|perish1\n|upkeep\n|\n|t:|1697421008\n|switch|p1a: cretino dragontino|Miraidon|100\/100\n|-fieldstart|move: Electric Terrain|[from] ability: Hadron Engine|[of] p1a: cretino dragontino\n|turn|9\n|\n|t:|1697421013\n|switch|p2a: Palkia|Palkia-Origin|100\/100\n|-activate|p2a: Palkia|move: Sticky Web\n|-unboost|p2a: Palkia|spe|1\n|-ability|p2a: Palkia|Pressure\n|-terastallize|p1a: cretino dragontino|Electric\n|move|p1a: cretino dragontino|Electro Drift|p2a: Palkia\n|-damage|p2a: Palkia|0 fnt\n|faint|p2a: Palkia\n|-damage|p1a: cretino dragontino|91\/100|[from] item: Life Orb\n|\n|upkeep\n|\n|t:|1697421030\n|switch|p2a: Iron Bundle|Iron Bundle|100\/100\n|-activate|p2a: Iron Bundle|ability: Quark Drive\n|-start|p2a: Iron Bundle|quarkdrivespe\n|turn|10\n|\n|t:|1697421040\n|-terastallize|p2a: Iron Bundle|Ice\n|move|p2a: Iron Bundle|Ice Beam|p1a: cretino dragontino\n|-damage|p1a: cretino dragontino|66\/100\n|move|p1a: cretino dragontino|Electro Drift|p2a: Iron Bundle\n|-damage|p2a: Iron Bundle|0 fnt\n|faint|p2a: Iron Bundle\n|-end|p2a: Iron Bundle|Quark Drive|[silent]\n|-damage|p1a: cretino dragontino|56\/100|[from] item: Life Orb\n|\n|-sideend|p1: la viuda alegre|move: Light Screen\n|upkeep\n|-message|awfulgreat forfeited.\n|\n|win|la viuda alegre\n|raw|la viuda alegre's rating: 1122 &rarr; <strong>1140<\/strong><br \/>(+18 for winning)\n|raw|awfulgreat's rating: 1023 &rarr; <strong>1013<\/strong><br \/>(-10 for losing)\n|l|\u2606awfulgreat\n","uploadtime":1697421056,"views":6,"p1id":"laviudaalegre","p2id":"awfulgreat","formatid":"gen9ubers","rating":1013,"private":0,"password":""}