{"id":"gen9ubers-1992397683","p1":"iceberg149","p2":"warlordxxxxzzzz","format":"[Gen 9] Ubers","log":"|j|\u2606iceberg149\n|j|\u2606warlordxxxxzzzz\n|t:|1700182865\n|gametype|singles\n|player|p1|iceberg149|ethan|\n|player|p2|warlordxxxxzzzz|170|\n|teamsize|p1|6\n|teamsize|p2|6\n|gen|9\n|tier|[Gen 9] Ubers\n|rule|Sleep Clause Mod: Limit one foe put to sleep\n|rule|Species Clause: Limit one of each Pok\u00e9mon\n|rule|OHKO Clause: OHKO moves are banned\n|rule|Evasion Items Clause: Evasion items are banned\n|rule|Evasion Moves Clause: Evasion moves are banned\n|rule|Endless Battle Clause: Forcing endless battles is banned\n|rule|HP Percentage Mod: HP is shown in percentages\n|clearpoke\n|poke|p1|Mew|\n|poke|p1|Ogerpon-Cornerstone, F|\n|poke|p1|Ursaluna-Bloodmoon, M|\n|poke|p1|Sneasler, F|\n|poke|p1|Gastrodon-East, F|\n|poke|p1|Muk-Alola, F|\n|poke|p2|Dragonite, M|\n|poke|p2|Azelf|\n|poke|p2|Quaquaval, M|\n|poke|p2|Meowscarada, M|\n|poke|p2|Thundurus, M|\n|poke|p2|Lucario, F|\n|teampreview\n|c|\u2606warlordxxxxzzzz|you there?\n|c|\u2606iceberg149|ye\n|c|\u2606warlordxxxxzzzz|ok sorry\n|c|\u2606iceberg149|nw\n|j| justinrockin\n|j| curtisthecacnea\n|\n|t:|1700182976\n|start\n|switch|p1a: Scary Feet!|Ursaluna-Bloodmoon, M|100\/100\n|switch|p2a: Azelf|Azelf|100\/100\n|turn|1\n|c|\u2606iceberg149|hfhf\n|c|\u2606warlordxxxxzzzz|u2 <3\n|\n|t:|1700183029\n|move|p2a: Azelf|Stealth Rock|p1a: Scary Feet!\n|-sidestart|p1: iceberg149|move: Stealth Rock\n|move|p1a: Scary Feet!|Blood Moon|p2a: Azelf\n|-crit|p2a: Azelf\n|-enditem|p2a: Azelf|Focus Sash\n|-damage|p2a: Azelf|1\/100\n|\n|upkeep\n|turn|2\n|\n|t:|1700183078\n|move|p1a: Scary Feet!|Vacuum Wave|p2a: Azelf\n|-resisted|p2a: Azelf\n|-damage|p2a: Azelf|0 fnt\n|faint|p2a: Azelf\n|\n|upkeep\n|\n|t:|1700183195\n|switch|p2a: Quaquaval|Quaquaval, M|100\/100\n|turn|3\n|\n|t:|1700183233\n|move|p2a: Quaquaval|Aqua Step|p1a: Scary Feet!\n|-supereffective|p1a: Scary Feet!\n|-damage|p1a: Scary Feet!|29\/100\n|-boost|p2a: Quaquaval|spe|1\n|-damage|p2a: Quaquaval|91\/100|[from] item: Life Orb\n|move|p1a: Scary Feet!|Blood Moon|p2a: Quaquaval\n|-damage|p2a: Quaquaval|0 fnt\n|faint|p2a: Quaquaval\n|\n|upkeep\n|\n|t:|1700183254\n|switch|p2a: Meowscarada|Meowscarada, M|100\/100\n|turn|4\n|\n|t:|1700183297\n|move|p1a: Scary Feet!|Vacuum Wave|p2a: Meowscarada\n|-supereffective|p2a: Meowscarada\n|-damage|p2a: Meowscarada|50\/100\n|move|p2a: Meowscarada|Flower Trick|p1a: Scary Feet!\n|-start|p2a: Meowscarada|typechange|Grass|[from] ability: Protean\n|-supereffective|p1a: Scary Feet!\n|-crit|p1a: Scary Feet!\n|-damage|p1a: Scary Feet!|0 fnt\n|faint|p1a: Scary Feet!\n|\n|upkeep\n|\n|t:|1700183352\n|switch|p1a: me|Muk-Alola, F, shiny|100\/100\n|-damage|p1a: me|88\/100|[from] Stealth Rock\n|turn|5\n|\n|t:|1700183398\n|switch|p2a: Lucario|Lucario, F|100\/100\n|move|p1a: me|Knock Off|p2a: Lucario\n|-resisted|p2a: Lucario\n|-damage|p2a: Lucario|71\/100\n|-ability|p2a: Lucario|Justified|boost\n|-boost|p2a: Lucario|atk|1\n|-enditem|p2a: Lucario|Life Orb|[from] move: Knock Off|[of] p1a: me\n|\n|upkeep\n|turn|6\n|j| SunShinyReys\n|\n|t:|1700183486\n|switch|p1a: Bingus|Mew, shiny|100\/100\n|-damage|p1a: Bingus|88\/100|[from] Stealth Rock\n|move|p2a: Lucario|Close Combat|p1a: Bingus\n|-resisted|p1a: Bingus\n|-damage|p1a: Bingus|39\/100\n|-unboost|p2a: Lucario|def|1\n|-unboost|p2a: Lucario|spd|1\n|\n|upkeep\n|turn|7\n|\n|t:|1700183635\n|move|p2a: Lucario|Extreme Speed|p1a: Bingus\n|-damage|p1a: Bingus|0 fnt\n|faint|p1a: Bingus\n|\n|upkeep\n|\n|t:|1700183785\n|switch|p1a: Geologist|Ogerpon-Cornerstone, F|100\/100\n|-damage|p1a: Geologist|88\/100|[from] Stealth Rock\n|turn|8\n|\n|t:|1700183801\n|move|p1a: Geologist|Power Whip|p2a: Lucario|[miss]\n|-miss|p1a: Geologist|p2a: Lucario\n|move|p2a: Lucario|Meteor Mash|p1a: Geologist\n|-supereffective|p1a: Geologist\n|-damage|p1a: Geologist|0 fnt\n|-boost|p2a: Lucario|atk|1\n|faint|p1a: Geologist\n|\n|upkeep\n|\n|t:|1700183899\n|switch|p1a: Swiper|Sneasler, F|100\/100\n|-damage|p1a: Swiper|95\/100|[from] Stealth Rock\n|turn|9\n|\n|t:|1700183922\n|switch|p2a: Dragonite|Dragonite, M|100\/100\n|move|p1a: Swiper|Close Combat|p2a: Dragonite\n|-resisted|p2a: Dragonite\n|-damage|p2a: Dragonite|86\/100\n|-unboost|p1a: Swiper|def|1\n|-unboost|p1a: Swiper|spd|1\n|\n|-heal|p2a: Dragonite|92\/100|[from] item: Leftovers\n|upkeep\n|turn|10\n|\n|t:|1700184058\n|move|p1a: Swiper|Dire Claw|p2a: Dragonite\n|-damage|p2a: Dragonite|56\/100\n|move|p2a: Dragonite|Dragon Tail|p1a: Swiper\n|-damage|p1a: Swiper|24\/100\n|drag|p1a: A Slug -David 2023|Gastrodon-East, F|100\/100\n|-damage|p1a: A Slug -David 2023|94\/100|[from] Stealth Rock\n|\n|-heal|p2a: Dragonite|62\/100|[from] item: Leftovers\n|upkeep\n|turn|11\n|\n|t:|1700184211\n|move|p2a: Dragonite|Roost|p2a: Dragonite\n|-heal|p2a: Dragonite|100\/100\n|-singleturn|p2a: Dragonite|move: Roost\n|move|p1a: A Slug -David 2023|Ice Beam|p2a: Dragonite\n|-supereffective|p2a: Dragonite\n|-damage|p2a: Dragonite|87\/100\n|\n|-heal|p2a: Dragonite|94\/100|[from] item: Leftovers\n|upkeep\n|turn|12\n|c| justinrockin|13\n|\n|t:|1700184263\n|move|p1a: A Slug -David 2023|Ice Beam|p2a: Dragonite\n|-supereffective|p2a: Dragonite\n|-damage|p2a: Dragonite|35\/100\n|move|p2a: Dragonite|Dragon Tail|p1a: A Slug -David 2023\n|-damage|p1a: A Slug -David 2023|69\/100\n|drag|p1a: me|Muk-Alola, F, shiny|88\/100\n|-damage|p1a: me|76\/100|[from] Stealth Rock\n|\n|-heal|p2a: Dragonite|42\/100|[from] item: Leftovers\n|upkeep\n|turn|13\n|\n|t:|1700184300\n|move|p2a: Dragonite|Roost|p2a: Dragonite\n|-heal|p2a: Dragonite|92\/100\n|-singleturn|p2a: Dragonite|move: Roost\n|move|p1a: me|Ice Punch|p2a: Dragonite\n|-supereffective|p2a: Dragonite\n|-damage|p2a: Dragonite|59\/100\n|\n|-heal|p2a: Dragonite|65\/100|[from] item: Leftovers\n|upkeep\n|turn|14\n|\n|t:|1700184338\n|move|p2a: Dragonite|Roost|p2a: Dragonite\n|-heal|p2a: Dragonite|100\/100\n|-singleturn|p2a: Dragonite|move: Roost\n|move|p1a: me|Ice Punch|p2a: Dragonite\n|-supereffective|p2a: Dragonite\n|-damage|p2a: Dragonite|83\/100\n|\n|-heal|p2a: Dragonite|89\/100|[from] item: Leftovers\n|upkeep\n|turn|15\n|j| KaoVT\n|\n|t:|1700184403\n|move|p2a: Dragonite|Encore|p1a: me\n|-start|p1a: me|Encore\n|move|p1a: me|Ice Punch|p2a: Dragonite\n|-supereffective|p2a: Dragonite\n|-damage|p2a: Dragonite|19\/100\n|\n|-heal|p2a: Dragonite|25\/100|[from] item: Leftovers\n|upkeep\n|turn|16\n|\n|t:|1700184411\n|switch|p2a: Lucario|Lucario, F|71\/100\n|move|p1a: me|Ice Punch|p2a: Lucario\n|-resisted|p2a: Lucario\n|-damage|p2a: Lucario|56\/100\n|\n|upkeep\n|turn|17\n|\n|t:|1700184420\n|switch|p1a: Swiper|Sneasler, F|24\/100\n|-damage|p1a: Swiper|18\/100|[from] Stealth Rock\n|move|p2a: Lucario|Swords Dance|p2a: Lucario\n|-boost|p2a: Lucario|atk|2\n|-enditem|p1a: Swiper|Mirror Herb\n|-boost|p1a: Swiper|atk|2|[from] item: Mirror Herb\n|\n|upkeep\n|turn|18\n|c| KaoVT|NAW IT WORKED\n|\n|t:|1700184465\n|move|p2a: Lucario|Extreme Speed|p1a: Swiper\n|-damage|p1a: Swiper|0 fnt\n|faint|p1a: Swiper\n|\n|upkeep\n|c|\u2606warlordxxxxzzzz|ehh\n|\n|t:|1700184504\n|switch|p1a: me|Muk-Alola, F, shiny|76\/100\n|-damage|p1a: me|64\/100|[from] Stealth Rock\n|turn|19\n|\n|t:|1700184518\n|move|p2a: Lucario|Close Combat|p1a: me\n|-damage|p1a: me|0 fnt\n|-unboost|p2a: Lucario|def|1\n|-unboost|p2a: Lucario|spd|1\n|faint|p1a: me\n|\n|upkeep\n|\n|t:|1700184522\n|switch|p1a: A Slug -David 2023|Gastrodon-East, F|69\/100\n|-damage|p1a: A Slug -David 2023|63\/100|[from] Stealth Rock\n|turn|20\n|\n|t:|1700184526\n|move|p2a: Lucario|Close Combat|p1a: A Slug -David 2023\n|-damage|p1a: A Slug -David 2023|0 fnt\n|-unboost|p2a: Lucario|def|1\n|-unboost|p2a: Lucario|spd|1\n|faint|p1a: A Slug -David 2023\n|\n|win|warlordxxxxzzzz\n|c|\u2606iceberg149|gg\n|c|\u2606warlordxxxxzzzz|gg wp\n|l|\u2606iceberg149\n","uploadtime":1700184541,"views":22,"p1id":"iceberg149","p2id":"warlordxxxxzzzz","formatid":"gen9ubers","rating":0,"private":0,"password":""}