{"id":"gen9ubers-1991483733","p1":"TheKingoftheCucks","p2":"Seath511","format":"[Gen 9] Ubers","log":"|j|\u2606TheKingoftheCucks\n|j|\u2606Seath511\n|t:|1700081117\n|gametype|singles\n|player|p1|TheKingoftheCucks|169|\n|player|p2|Seath511|102|\n|teamsize|p1|6\n|teamsize|p2|6\n|gen|9\n|tier|[Gen 9] Ubers\n|rule|Sleep Clause Mod: Limit one foe put to sleep\n|rule|Species Clause: Limit one of each Pok\u00e9mon\n|rule|OHKO Clause: OHKO moves are banned\n|rule|Evasion Items Clause: Evasion items are banned\n|rule|Evasion Moves Clause: Evasion moves are banned\n|rule|Endless Battle Clause: Forcing endless battles is banned\n|rule|HP Percentage Mod: HP is shown in percentages\n|clearpoke\n|poke|p1|Annihilape, M|\n|poke|p1|Cutiefly, F|\n|poke|p1|Delphox, M|\n|poke|p1|Qwilfish, M|\n|poke|p1|Ceruledge, F|\n|poke|p1|Baxcalibur, F|\n|poke|p2|Gholdengo|\n|poke|p2|Tyranitar, M|\n|poke|p2|Quaquaval, F|\n|poke|p2|Iron Treads|\n|poke|p2|Ting-Lu|\n|poke|p2|Lycanroc, F|\n|teampreview\n|j| kadomatsu\n|j| Apezilla\n|\n|t:|1700081152\n|start\n|switch|p1a: Cutiefly|Cutiefly, F|100\/100\n|switch|p2a: Rhingus|Tyranitar, M|100\/100\n|-weather|Sandstorm|[from] ability: Sand Stream|[of] p2a: Rhingus\n|turn|1\n|\n|t:|1700081210\n|switch|p2a: Gholdengo|Gholdengo|100\/100\n|-item|p2a: Gholdengo|Air Balloon\n|move|p1a: Cutiefly|Sticky Web|p2a: Gholdengo\n|-sidestart|p2: Seath511|move: Sticky Web\n|\n|-weather|Sandstorm|[upkeep]\n|-damage|p1a: Cutiefly|94\/100|[from] Sandstorm\n|upkeep\n|turn|2\n|\n|t:|1700081227\n|move|p1a: Cutiefly|Light Screen|p1a: Cutiefly\n|-sidestart|p1: TheKingoftheCucks|move: Light Screen\n|move|p2a: Gholdengo|Nasty Plot|p2a: Gholdengo\n|-boost|p2a: Gholdengo|spa|2\n|\n|-weather|Sandstorm|[upkeep]\n|-damage|p1a: Cutiefly|88\/100|[from] Sandstorm\n|upkeep\n|turn|3\n|\n|t:|1700081268\n|move|p2a: Gholdengo|Shadow Ball|p1a: Cutiefly\n|-damage|p1a: Cutiefly|0 fnt\n|faint|p1a: Cutiefly\n|\n|-weather|Sandstorm|[upkeep]\n|upkeep\n|\n|t:|1700081290\n|switch|p1a: Ceruledge|Ceruledge, F|100\/100\n|turn|4\n|\n|t:|1700081341\n|switch|p2a: Charles|Ting-Lu|100\/100\n|-activate|p2a: Charles|move: Sticky Web\n|-unboost|p2a: Charles|spe|1\n|-ability|p2a: Charles|Vessel of Ruin\n|move|p1a: Ceruledge|Poltergeist|p2a: Charles\n|-activate|p2a: Charles|move: Poltergeist|Leftovers\n|-resisted|p2a: Charles\n|-damage|p2a: Charles|90\/100\n|\n|-weather|Sandstorm|[upkeep]\n|-damage|p1a: Ceruledge|94\/100|[from] Sandstorm\n|-heal|p2a: Charles|96\/100|[from] item: Leftovers\n|upkeep\n|turn|5\n|\n|t:|1700081394\n|switch|p1a: Annihilape|Annihilape, M|100\/100\n|move|p2a: Charles|Ruination|p1a: Annihilape\n|-damage|p1a: Annihilape|50\/100\n|\n|-weather|none\n|-heal|p2a: Charles|100\/100|[from] item: Leftovers\n|upkeep\n|turn|6\n|\n|t:|1700081420\n|move|p1a: Annihilape|Stealth Rock|p2a: Charles\n|-sidestart|p2: Seath511|move: Stealth Rock\n|move|p2a: Charles|Earthquake|p1a: Annihilape\n|-damage|p1a: Annihilape|16\/100\n|\n|-sideend|p1: TheKingoftheCucks|move: Light Screen\n|upkeep\n|turn|7\n|\n|t:|1700081428\n|move|p1a: Annihilape|Close Combat|p2a: Charles\n|-supereffective|p2a: Charles\n|-crit|p2a: Charles\n|-damage|p2a: Charles|39\/100\n|-unboost|p1a: Annihilape|def|1\n|-unboost|p1a: Annihilape|spd|1\n|move|p2a: Charles|Earthquake|p1a: Annihilape\n|-damage|p1a: Annihilape|0 fnt\n|faint|p1a: Annihilape\n|\n|-heal|p2a: Charles|45\/100|[from] item: Leftovers\n|upkeep\n|\n|t:|1700081450\n|switch|p1a: Qwilfish|Qwilfish, M|100\/100\n|-ability|p1a: Qwilfish|Intimidate|boost\n|-unboost|p2a: Charles|atk|1\n|turn|8\n|\n|t:|1700081488\n|switch|p2a: Rhingus|Tyranitar, M|100\/100\n|-activate|p2a: Rhingus|move: Sticky Web\n|-unboost|p2a: Rhingus|spe|1\n|-damage|p2a: Rhingus|88\/100|[from] Stealth Rock\n|-weather|Sandstorm|[from] ability: Sand Stream|[of] p2a: Rhingus\n|move|p1a: Qwilfish|Flip Turn|p2a: Rhingus\n|-supereffective|p2a: Rhingus\n|-damage|p2a: Rhingus|56\/100\n|\n|t:|1700081519\n|switch|p1a: Baxcalibur|Baxcalibur, F|100\/100|[from] Flip Turn\n|\n|-weather|Sandstorm|[upkeep]\n|-damage|p1a: Baxcalibur|94\/100|[from] Sandstorm\n|-heal|p2a: Rhingus|63\/100|[from] item: Leftovers\n|upkeep\n|turn|9\n|\n|t:|1700081551\n|switch|p1a: Qwilfish|Qwilfish, M|100\/100\n|-ability|p1a: Qwilfish|Intimidate|boost\n|-unboost|p2a: Rhingus|atk|1\n|move|p2a: Rhingus|Stone Edge|p1a: Qwilfish\n|-damage|p1a: Qwilfish|64\/100\n|\n|-weather|Sandstorm|[upkeep]\n|-damage|p1a: Qwilfish|58\/100|[from] Sandstorm\n|-heal|p1a: Qwilfish|64\/100|[from] item: Black Sludge\n|-heal|p2a: Rhingus|69\/100|[from] item: Leftovers\n|upkeep\n|turn|10\n|\n|t:|1700081586\n|switch|p2a: Dreemgubs|Iron Treads|100\/100\n|-damage|p2a: Dreemgubs|97\/100|[from] Stealth Rock\n|-item|p2a: Dreemgubs|Air Balloon\n|move|p1a: Qwilfish|Chilling Water|p2a: Dreemgubs\n|-supereffective|p2a: Dreemgubs\n|-damage|p2a: Dreemgubs|71\/100\n|-unboost|p2a: Dreemgubs|atk|1\n|-enditem|p2a: Dreemgubs|Air Balloon\n|\n|-weather|Sandstorm|[upkeep]\n|-damage|p1a: Qwilfish|58\/100|[from] Sandstorm\n|-heal|p1a: Qwilfish|64\/100|[from] item: Black Sludge\n|upkeep\n|turn|11\n|\n|t:|1700081608\n|switch|p1a: Ceruledge|Ceruledge, F|94\/100\n|move|p2a: Dreemgubs|Rapid Spin|p1a: Ceruledge\n|-immune|p1a: Ceruledge\n|\n|-weather|Sandstorm|[upkeep]\n|-damage|p1a: Ceruledge|88\/100|[from] Sandstorm\n|upkeep\n|turn|12\n|\n|t:|1700081642\n|move|p2a: Dreemgubs|Knock Off|p1a: Ceruledge\n|-supereffective|p1a: Ceruledge\n|-damage|p1a: Ceruledge|30\/100\n|-enditem|p1a: Ceruledge|Heavy-Duty Boots|[from] move: Knock Off|[of] p2a: Dreemgubs\n|move|p1a: Ceruledge|Bitter Blade|p2a: Dreemgubs\n|-supereffective|p2a: Dreemgubs\n|-damage|p2a: Dreemgubs|0 fnt\n|-heal|p1a: Ceruledge|69\/100|[from] drain|[of] p2a: Dreemgubs\n|faint|p2a: Dreemgubs\n|-end|p2a: Dreemgubs|Quark Drive|[silent]\n|\n|-weather|none\n|upkeep\n|\n|t:|1700081676\n|switch|p2a: Rhingus|Tyranitar, M|69\/100\n|-activate|p2a: Rhingus|move: Sticky Web\n|-unboost|p2a: Rhingus|spe|1\n|-damage|p2a: Rhingus|56\/100|[from] Stealth Rock\n|-weather|Sandstorm|[from] ability: Sand Stream|[of] p2a: Rhingus\n|turn|13\n|\n|t:|1700081713\n|switch|p1a: Qwilfish|Qwilfish, M|64\/100\n|-ability|p1a: Qwilfish|Intimidate|boost\n|-unboost|p2a: Rhingus|atk|1\n|move|p2a: Rhingus|Earthquake|p1a: Qwilfish\n|-supereffective|p1a: Qwilfish\n|-damage|p1a: Qwilfish|18\/100\n|\n|-weather|Sandstorm|[upkeep]\n|-damage|p1a: Qwilfish|12\/100|[from] Sandstorm\n|-heal|p1a: Qwilfish|18\/100|[from] item: Black Sludge\n|-heal|p2a: Rhingus|63\/100|[from] item: Leftovers\n|upkeep\n|turn|14\n|\n|t:|1700081744\n|move|p1a: Qwilfish|Chilling Water|p2a: Rhingus\n|-supereffective|p2a: Rhingus\n|-damage|p2a: Rhingus|52\/100\n|-unboost|p2a: Rhingus|atk|1\n|move|p2a: Rhingus|Stealth Rock|p1a: Qwilfish\n|-sidestart|p1: TheKingoftheCucks|move: Stealth Rock\n|\n|-weather|Sandstorm|[upkeep]\n|-damage|p1a: Qwilfish|12\/100|[from] Sandstorm\n|-heal|p1a: Qwilfish|18\/100|[from] item: Black Sludge\n|-heal|p2a: Rhingus|58\/100|[from] item: Leftovers\n|upkeep\n|turn|15\n|\n|t:|1700081759\n|switch|p2a: Gholdengo|Gholdengo|100\/100\n|-damage|p2a: Gholdengo|94\/100|[from] Stealth Rock\n|-item|p2a: Gholdengo|Air Balloon\n|move|p1a: Qwilfish|Chilling Water|p2a: Gholdengo\n|-damage|p2a: Gholdengo|83\/100\n|-unboost|p2a: Gholdengo|atk|1\n|-enditem|p2a: Gholdengo|Air Balloon\n|\n|-weather|Sandstorm|[upkeep]\n|-damage|p1a: Qwilfish|12\/100|[from] Sandstorm\n|-heal|p1a: Qwilfish|18\/100|[from] item: Black Sludge\n|upkeep\n|turn|16\n|\n|t:|1700081781\n|move|p2a: Gholdengo|Shadow Ball|p1a: Qwilfish\n|-crit|p1a: Qwilfish\n|-damage|p1a: Qwilfish|0 fnt\n|faint|p1a: Qwilfish\n|\n|-weather|Sandstorm|[upkeep]\n|upkeep\n|\n|t:|1700081822\n|switch|p1a: Delphox|Delphox, M|100\/100\n|turn|17\n|\n|t:|1700081851\n|move|p1a: Delphox|Fire Blast|p2a: Gholdengo\n|-supereffective|p2a: Gholdengo\n|-damage|p2a: Gholdengo|0 fnt\n|faint|p2a: Gholdengo\n|\n|-weather|none\n|upkeep\n|\n|t:|1700081923\n|switch|p2a: Rhingus|Tyranitar, M|58\/100\n|-activate|p2a: Rhingus|move: Sticky Web\n|-unboost|p2a: Rhingus|spe|1\n|-damage|p2a: Rhingus|46\/100|[from] Stealth Rock\n|-weather|Sandstorm|[from] ability: Sand Stream|[of] p2a: Rhingus\n|turn|18\n|\n|t:|1700081960\n|switch|p2a: Charles|Ting-Lu|45\/100\n|-activate|p2a: Charles|move: Sticky Web\n|-unboost|p2a: Charles|spe|1\n|-damage|p2a: Charles|39\/100|[from] Stealth Rock\n|-ability|p2a: Charles|Vessel of Ruin\n|move|p1a: Delphox|Grass Knot|p2a: Charles\n|-supereffective|p2a: Charles\n|-damage|p2a: Charles|0 fnt\n|faint|p2a: Charles\n|\n|-weather|Sandstorm|[upkeep]\n|-damage|p1a: Delphox|94\/100|[from] Sandstorm\n|upkeep\n|\n|t:|1700081963\n|switch|p2a: Cheemgus|Lycanroc, F|100\/100\n|-activate|p2a: Cheemgus|move: Sticky Web\n|-unboost|p2a: Cheemgus|spe|1\n|-damage|p2a: Cheemgus|88\/100|[from] Stealth Rock\n|turn|19\n|c| Apezilla|Timer on, boys.\n|inactive|Battle timer is ON: inactive players will automatically lose when time's up. (requested by Seath511)\n|c|\u2606Seath511|we have physical timers we be usin\n|c|\u2606Seath511|nw\n|\n|t:|1700082010\n|move|p2a: Cheemgus|Stone Edge|p1a: Delphox\n|-supereffective|p1a: Delphox\n|-damage|p1a: Delphox|0 fnt\n|faint|p1a: Delphox\n|-damage|p2a: Cheemgus|78\/100|[from] item: Life Orb\n|\n|-weather|Sandstorm|[upkeep]\n|upkeep\n|\n|t:|1700082022\n|switch|p1a: Ceruledge|Ceruledge, F|69\/100\n|-damage|p1a: Ceruledge|44\/100|[from] Stealth Rock\n|turn|20\n|c| Apezilla|That shit would've timed out by now ngl\n|c| Apezilla|Yes\n|inactive|Seath511 has 270 seconds left.\n|\n|t:|1700082056\n|move|p2a: Cheemgus|Accelerock|p1a: Ceruledge\n|-supereffective|p1a: Ceruledge\n|-damage|p1a: Ceruledge|0 fnt\n|faint|p1a: Ceruledge\n|-damage|p2a: Cheemgus|68\/100|[from] item: Life Orb\n|\n|-weather|Sandstorm|[upkeep]\n|upkeep\n|\n|t:|1700082074\n|switch|p1a: Baxcalibur|Baxcalibur, F|94\/100\n|-damage|p1a: Baxcalibur|70\/100|[from] Stealth Rock\n|turn|21\n|\n|t:|1700082089\n|-terastallize|p2a: Cheemgus|Fighting\n|move|p2a: Cheemgus|Close Combat|p1a: Baxcalibur\n|-supereffective|p1a: Baxcalibur\n|-damage|p1a: Baxcalibur|0 fnt\n|-unboost|p2a: Cheemgus|def|1\n|-unboost|p2a: Cheemgus|spd|1\n|faint|p1a: Baxcalibur\n|-damage|p2a: Cheemgus|58\/100|[from] item: Life Orb\n|\n|win|Seath511\n|c| kadomatsu|clap emoji\n|c| kadomatsu|ggs\n","uploadtime":1700082107,"views":17,"p1id":"thekingofthecucks","p2id":"seath511","formatid":"gen9ubers","rating":0,"private":0,"password":""}