{"id":"gen9ubers-1999028805","p1":"Wssi","p2":"thunderbug","format":"[Gen 9] Ubers","log":"|j|\u2606Wssi\n|j|\u2606thunderbug\n|t:|1701025531\n|gametype|singles\n|player|p1|Wssi|backpacker|1618\n|player|p2|thunderbug|bugsy-gen2|1706\n|teamsize|p1|6\n|teamsize|p2|6\n|gen|9\n|tier|[Gen 9] Ubers\n|rated|\n|rule|Sleep Clause Mod: Limit one foe put to sleep\n|rule|Species Clause: Limit one of each Pok\u00e9mon\n|rule|OHKO Clause: OHKO moves are banned\n|rule|Evasion Items Clause: Evasion items are banned\n|rule|Evasion Moves Clause: Evasion moves are banned\n|rule|Endless Battle Clause: Forcing endless battles is banned\n|rule|HP Percentage Mod: HP is shown in percentages\n|clearpoke\n|poke|p1|Basculegion, M|\n|poke|p1|Calyrex-Ice|\n|poke|p1|Miraidon|\n|poke|p1|Arceus-Fairy|\n|poke|p1|Koraidon|\n|poke|p1|Zacian-*|\n|poke|p2|Calyrex-Ice|\n|poke|p2|Miraidon|\n|poke|p2|Koraidon|\n|poke|p2|Ting-Lu|\n|poke|p2|Zacian-*|\n|poke|p2|Kyogre|\n|teampreview\n|inactive|Battle timer is ON: inactive players will automatically lose when time's up. (requested by Wssi)\n|\n|t:|1701025562\n|start\n|switch|p1a: Koraidon|Koraidon|100\/100\n|switch|p2a: Miraidon|Miraidon|100\/100\n|-fieldstart|move: Electric Terrain|[from] ability: Hadron Engine|[of] p2a: Miraidon\n|-weather|SunnyDay|[from] ability: Orichalcum Pulse|[of] p1a: Koraidon\n|-activate|p1a: Koraidon|Orichalcum Pulse|[source]\n|turn|1\n|\n|t:|1701025584\n|switch|p2a: Kyogre|Kyogre|100\/100\n|-weather|RainDance|[from] ability: Drizzle|[of] p2a: Kyogre\n|move|p1a: Koraidon|Low Kick|p2a: Kyogre\n|-damage|p2a: Kyogre|57\/100\n|\n|-weather|RainDance|[upkeep]\n|-heal|p2a: Kyogre|64\/100|[from] item: Leftovers\n|upkeep\n|turn|2\n|\n|t:|1701025593\n|switch|p1a: Basculegion|Basculegion, M|100\/100\n|move|p2a: Kyogre|Ice Beam|p1a: Basculegion\n|-resisted|p1a: Basculegion\n|-damage|p1a: Basculegion|83\/100\n|\n|-weather|RainDance|[upkeep]\n|-heal|p2a: Kyogre|70\/100|[from] item: Leftovers\n|upkeep\n|turn|3\n|\n|t:|1701025605\n|switch|p2a: Koraidon|Koraidon|100\/100\n|-weather|SunnyDay|[from] ability: Orichalcum Pulse|[of] p2a: Koraidon\n|-activate|p2a: Koraidon|Orichalcum Pulse|[source]\n|move|p1a: Basculegion|Flip Turn|p2a: Koraidon\n|-resisted|p2a: Koraidon\n|-damage|p2a: Koraidon|92\/100\n|\n|t:|1701025618\n|switch|p1a: Zacian|Zacian-Crowned|100\/100|[from] Flip Turn\n|-ability|p1a: Zacian|Intrepid Sword|boost\n|-boost|p1a: Zacian|atk|1\n|\n|-weather|SunnyDay|[upkeep]\n|upkeep\n|turn|4\n|inactive|Wssi has 120 seconds left.\n|\n|t:|1701025642\n|switch|p2a: Kyogre|Kyogre|70\/100\n|-weather|RainDance|[from] ability: Drizzle|[of] p2a: Kyogre\n|-terastallize|p1a: Zacian|Fire\n|move|p1a: Zacian|Trailblaze|p2a: Kyogre\n|-supereffective|p2a: Kyogre\n|-damage|p2a: Kyogre|30\/100\n|-boost|p1a: Zacian|spe|1\n|\n|-weather|RainDance|[upkeep]\n|-heal|p2a: Kyogre|36\/100|[from] item: Leftovers\n|upkeep\n|turn|5\n|inactive|Wssi has 120 seconds left.\n|\n|t:|1701025666\n|move|p1a: Zacian|Trailblaze|p2a: Kyogre\n|-supereffective|p2a: Kyogre\n|-damage|p2a: Kyogre|0 fnt\n|-boost|p1a: Zacian|spe|1\n|faint|p2a: Kyogre\n|\n|-weather|RainDance|[upkeep]\n|-fieldend|move: Electric Terrain\n|upkeep\n|\n|t:|1701025675\n|switch|p2a: Calyrex|Calyrex-Ice|100\/100\n|-ability|p2a: Calyrex|As One\n|-ability|p2a: Calyrex|Unnerve\n|turn|6\n|\n|t:|1701025680\n|-terastallize|p2a: Calyrex|Fire\n|move|p1a: Zacian|Behemoth Blade|p2a: Calyrex\n|-resisted|p2a: Calyrex\n|-damage|p2a: Calyrex|73\/100\n|move|p2a: Calyrex|Trick Room|p2a: Calyrex\n|-fieldstart|move: Trick Room|[of] p2a: Calyrex\n|\n|-weather|RainDance|[upkeep]\n|upkeep\n|turn|7\n|\n|t:|1701025704\n|switch|p1a: Basculegion|Basculegion, M|83\/100\n|move|p2a: Calyrex|High Horsepower|p1a: Basculegion\n|-damage|p1a: Basculegion|33\/100\n|\n|-weather|RainDance|[upkeep]\n|upkeep\n|turn|8\n|\n|t:|1701025713\n|move|p1a: Basculegion|Aqua Jet|p2a: Calyrex\n|-supereffective|p2a: Calyrex\n|-damage|p2a: Calyrex|20\/100\n|move|p2a: Calyrex|Glacial Lance|p1a: Basculegion\n|-resisted|p1a: Basculegion\n|-damage|p1a: Basculegion|0 fnt\n|faint|p1a: Basculegion\n|-ability|p2a: Calyrex|Chilling Neigh|boost\n|-boost|p2a: Calyrex|atk|1\n|\n|-weather|none\n|upkeep\n|\n|t:|1701025717\n|switch|p1a: Arceus|Arceus-Fairy|100\/100\n|turn|9\n|\n|t:|1701025742\n|move|p2a: Calyrex|Glacial Lance|p1a: Arceus\n|-damage|p1a: Arceus|18\/100\n|move|p1a: Arceus|Judgment|p2a: Calyrex\n|-resisted|p2a: Calyrex\n|-damage|p2a: Calyrex|4\/100\n|\n|upkeep\n|turn|10\n|\n|t:|1701025750\n|move|p2a: Calyrex|Glacial Lance|p1a: Arceus\n|-damage|p1a: Arceus|0 fnt\n|faint|p1a: Arceus\n|-ability|p2a: Calyrex|Chilling Neigh|boost\n|-boost|p2a: Calyrex|atk|1\n|\n|-fieldend|move: Trick Room\n|upkeep\n|\n|t:|1701025752\n|switch|p1a: Zacian|Zacian-Crowned, tera:Fire|100\/100\n|turn|11\n|\n|t:|1701025758\n|move|p1a: Zacian|Trailblaze|p2a: Calyrex\n|-resisted|p2a: Calyrex\n|-damage|p2a: Calyrex|0 fnt\n|-boost|p1a: Zacian|spe|1\n|faint|p2a: Calyrex\n|\n|upkeep\n|\n|t:|1701025772\n|switch|p2a: Zacian|Zacian-Crowned|100\/100\n|-ability|p2a: Zacian|Intrepid Sword|boost\n|-boost|p2a: Zacian|atk|1\n|turn|12\n|\n|t:|1701025777\n|move|p1a: Zacian|Swords Dance|p1a: Zacian\n|-boost|p1a: Zacian|atk|2\n|move|p2a: Zacian|Wild Charge|p1a: Zacian\n|-damage|p1a: Zacian|51\/100\n|-damage|p2a: Zacian|88\/100|[from] Recoil\n|\n|upkeep\n|turn|13\n|\n|t:|1701025781\n|move|p1a: Zacian|Behemoth Blade|p2a: Zacian\n|-damage|p2a: Zacian|0 fnt\n|faint|p2a: Zacian\n|\n|upkeep\n|\n|t:|1701025785\n|switch|p2a: Ting-Lu|Ting-Lu|100\/100\n|-ability|p2a: Ting-Lu|Vessel of Ruin\n|turn|14\n|\n|t:|1701025787\n|move|p1a: Zacian|Play Rough|p2a: Ting-Lu\n|-supereffective|p2a: Ting-Lu\n|-damage|p2a: Ting-Lu|0 fnt\n|faint|p2a: Ting-Lu\n|\n|upkeep\n|-message|thunderbug forfeited.\n|\n|win|Wssi\n|raw|Wssi's rating: 1618 &rarr; <strong>1643<\/strong><br \/>(+25 for winning)\n|raw|thunderbug's rating: 1706 &rarr; <strong>1681<\/strong><br \/>(-25 for losing)\n|l|\u2606thunderbug\n|c|\u2606Wssi|Gg\n","uploadtime":1701025805,"views":2,"p1id":"wssi","p2id":"thunderbug","formatid":"gen9ubers","rating":1643,"private":0,"password":""}