{"id":"gen9ubers-1995440438","p1":"Chivalry7282","p2":"masterash","format":"[Gen 9] Ubers","log":"|j|\u2606Chivalry7282\n|j|\u2606masterash\n|t:|1700571059\n|gametype|singles\n|player|p1|Chivalry7282|265|1043\n|player|p2|masterash|hilbert|1105\n|teamsize|p1|6\n|teamsize|p2|6\n|gen|9\n|tier|[Gen 9] Ubers\n|rated|\n|rule|Sleep Clause Mod: Limit one foe put to sleep\n|rule|Species Clause: Limit one of each Pok\u00e9mon\n|rule|OHKO Clause: OHKO moves are banned\n|rule|Evasion Items Clause: Evasion items are banned\n|rule|Evasion Moves Clause: Evasion moves are banned\n|rule|Endless Battle Clause: Forcing endless battles is banned\n|rule|HP Percentage Mod: HP is shown in percentages\n|clearpoke\n|poke|p1|Charizard, F|\n|poke|p1|Snorlax, F|\n|poke|p1|Gengar, M|\n|poke|p1|Eternatus|\n|poke|p1|Regieleki|\n|poke|p1|Gliscor, F|\n|poke|p2|Meowscarada, M|\n|poke|p2|Tinkaton, F|\n|poke|p2|Annihilape, M|\n|poke|p2|Scream Tail|\n|poke|p2|Iron Moth|\n|poke|p2|Palafin, F|\n|teampreview\n|\n|t:|1700571095\n|start\n|switch|p1a: Regieleki|Regieleki|100\/100\n|switch|p2a: Screamo|Scream Tail|100\/100\n|turn|1\n|\n|t:|1700571126\n|move|p1a: Regieleki|Thunderbolt|p2a: Screamo\n|-crit|p2a: Screamo\n|-damage|p2a: Screamo|60\/100\n|move|p2a: Screamo|Stealth Rock|p1a: Regieleki\n|-sidestart|p1: Chivalry7282|move: Stealth Rock\n|\n|upkeep\n|turn|2\n|\n|t:|1700571155\n|move|p1a: Regieleki|Thunderbolt|p2a: Screamo\n|-damage|p2a: Screamo|29\/100\n|move|p2a: Screamo|Wish|p2a: Screamo\n|\n|upkeep\n|turn|3\n|\n|t:|1700571180\n|-end|p2a: Screamo|Protosynthesis|[silent]\n|switch|p2a: Rocky|Annihilape, M|100\/100\n|move|p1a: Regieleki|Thunderbolt|p2a: Rocky\n|-damage|p2a: Rocky|75\/100\n|\n|-heal|p2a: Rocky|100\/100|[from] move: Wish|[wisher] Screamo\n|upkeep\n|turn|4\n|\n|t:|1700571191\n|move|p1a: Regieleki|Thunderbolt|p2a: Rocky\n|-damage|p2a: Rocky|76\/100\n|move|p2a: Rocky|Bulk Up|p2a: Rocky\n|-boost|p2a: Rocky|atk|1\n|-boost|p2a: Rocky|def|1\n|\n|-heal|p2a: Rocky|82\/100|[from] item: Leftovers\n|upkeep\n|turn|5\n|\n|t:|1700571203\n|move|p1a: Regieleki|Thunderbolt|p2a: Rocky\n|-damage|p2a: Rocky|57\/100\n|move|p2a: Rocky|Rage Fist|p1a: Regieleki\n|-damage|p1a: Regieleki|0 fnt\n|faint|p1a: Regieleki\n|\n|-heal|p2a: Rocky|63\/100|[from] item: Leftovers\n|upkeep\n|\n|t:|1700571213\n|switch|p1a: Gliscor|Gliscor, F|100\/100\n|-damage|p1a: Gliscor|88\/100|[from] Stealth Rock\n|turn|6\n|\n|t:|1700571220\n|move|p1a: Gliscor|Toxic Spikes|p2a: Rocky\n|-sidestart|p2: masterash|move: Toxic Spikes\n|move|p2a: Rocky|Rage Fist|p1a: Gliscor\n|-damage|p1a: Gliscor|0 fnt\n|faint|p1a: Gliscor\n|\n|-heal|p2a: Rocky|69\/100|[from] item: Leftovers\n|upkeep\n|\n|t:|1700571231\n|switch|p1a: Snorlax|Snorlax, F|100\/100\n|-damage|p1a: Snorlax|88\/100|[from] Stealth Rock\n|turn|7\n|\n|t:|1700571238\n|move|p2a: Rocky|Drain Punch|p1a: Snorlax\n|-supereffective|p1a: Snorlax\n|-damage|p1a: Snorlax|22\/100\n|-heal|p2a: Rocky|100\/100|[from] drain|[of] p1a: Snorlax\n|move|p1a: Snorlax|Blizzard|p2a: Rocky\n|-damage|p2a: Rocky|89\/100\n|\n|-heal|p2a: Rocky|95\/100|[from] item: Leftovers\n|-heal|p1a: Snorlax|28\/100|[from] item: Leftovers\n|upkeep\n|turn|8\n|\n|t:|1700571250\n|move|p2a: Rocky|Bulk Up|p2a: Rocky\n|-boost|p2a: Rocky|atk|1\n|-boost|p2a: Rocky|def|1\n|move|p1a: Snorlax|Body Slam|p2a: Rocky\n|-immune|p2a: Rocky\n|\n|-heal|p2a: Rocky|100\/100|[from] item: Leftovers\n|-heal|p1a: Snorlax|34\/100|[from] item: Leftovers\n|upkeep\n|turn|9\n|\n|t:|1700571284\n|move|p2a: Rocky|Bulk Up|p2a: Rocky\n|-boost|p2a: Rocky|atk|1\n|-boost|p2a: Rocky|def|1\n|move|p1a: Snorlax|Flamethrower|p2a: Rocky\n|-damage|p2a: Rocky|90\/100\n|\n|-heal|p2a: Rocky|96\/100|[from] item: Leftovers\n|-heal|p1a: Snorlax|40\/100|[from] item: Leftovers\n|upkeep\n|turn|10\n|\n|t:|1700571301\n|move|p2a: Rocky|Drain Punch|p1a: Snorlax\n|-supereffective|p1a: Snorlax\n|-damage|p1a: Snorlax|0 fnt\n|-heal|p2a: Rocky|100\/100|[from] drain|[of] p1a: Snorlax\n|faint|p1a: Snorlax\n|\n|upkeep\n|\n|t:|1700571310\n|switch|p1a: Eternatus|Eternatus|100\/100\n|-damage|p1a: Eternatus|88\/100|[from] Stealth Rock\n|-ability|p1a: Eternatus|Pressure\n|turn|11\n|\n|t:|1700571316\n|move|p1a: Eternatus|Gunk Shot|p2a: Rocky\n|-resisted|p2a: Rocky\n|-damage|p2a: Rocky|92\/100\n|move|p2a: Rocky|Rage Fist|p1a: Eternatus\n|-damage|p1a: Eternatus|0 fnt\n|faint|p1a: Eternatus\n|\n|-heal|p2a: Rocky|98\/100|[from] item: Leftovers\n|upkeep\n|\n|t:|1700571321\n|switch|p1a: Charizard|Charizard, F|100\/100\n|-damage|p1a: Charizard|50\/100|[from] Stealth Rock\n|turn|12\n|\n|t:|1700571327\n|move|p1a: Charizard|Air Slash|p2a: Rocky\n|-supereffective|p2a: Rocky\n|-damage|p2a: Rocky|62\/100\n|cant|p2a: Rocky|flinch\n|\n|-heal|p2a: Rocky|68\/100|[from] item: Leftovers\n|upkeep\n|turn|13\n|\n|t:|1700571337\n|move|p1a: Charizard|Air Slash|p2a: Rocky\n|-supereffective|p2a: Rocky\n|-damage|p2a: Rocky|35\/100\n|move|p2a: Rocky|Drain Punch|p1a: Charizard\n|-resisted|p1a: Charizard\n|-damage|p1a: Charizard|14\/100\n|-heal|p2a: Rocky|50\/100|[from] drain|[of] p1a: Charizard\n|\n|-heal|p2a: Rocky|56\/100|[from] item: Leftovers\n|upkeep\n|turn|14\n|\n|t:|1700571347\n|move|p1a: Charizard|Air Slash|p2a: Rocky\n|-supereffective|p2a: Rocky\n|-damage|p2a: Rocky|20\/100\n|move|p2a: Rocky|Drain Punch|p1a: Charizard\n|-resisted|p1a: Charizard\n|-damage|p1a: Charizard|0 fnt\n|-heal|p2a: Rocky|26\/100|[from] drain|[of] p1a: Charizard\n|faint|p1a: Charizard\n|\n|-heal|p2a: Rocky|32\/100|[from] item: Leftovers\n|upkeep\n|\n|t:|1700571361\n|switch|p1a: Gengar|Gengar, M|100\/100\n|-damage|p1a: Gengar|88\/100|[from] Stealth Rock\n|turn|15\n|\n|t:|1700571366\n|-terastallize|p2a: Rocky|Fairy\n|move|p1a: Gengar|Shadow Claw|p2a: Rocky\n|-damage|p2a: Rocky|23\/100\n|move|p2a: Rocky|Rage Fist|p1a: Gengar\n|-supereffective|p1a: Gengar\n|-damage|p1a: Gengar|0 fnt\n|-start|p2a: Rocky|Disable|Rage Fist|[from] ability: Cursed Body|[of] p1a: Gengar\n|faint|p1a: Gengar\n|\n|win|masterash\n|raw|Chivalry7282's rating: 1043 &rarr; <strong>1029<\/strong><br \/>(-14 for losing)\n|raw|masterash's rating: 1105 &rarr; <strong>1126<\/strong><br \/>(+21 for winning)\n|c|\u2606masterash|GG\n|l|\u2606Chivalry7282\n","uploadtime":1700571376,"views":1,"p1id":"chivalry7282","p2id":"masterash","formatid":"gen9ubers","rating":1029,"private":0,"password":""}