{"id":"gen9ubers-1998367358","p1":"One True Lycan","p2":"PokemonFan1534","format":"[Gen 9] Ubers","log":"|j|\u2606One True Lycan\n|j|\u2606PokemonFan1534\n|t:|1700934443\n|gametype|singles\n|player|p1|One True Lycan|hop-masters|\n|player|p2|PokemonFan1534|dawn|\n|teamsize|p1|6\n|teamsize|p2|6\n|gen|9\n|tier|[Gen 9] Ubers\n|rule|Sleep Clause Mod: Limit one foe put to sleep\n|rule|Species Clause: Limit one of each Pok\u00e9mon\n|rule|OHKO Clause: OHKO moves are banned\n|rule|Evasion Items Clause: Evasion items are banned\n|rule|Evasion Moves Clause: Evasion moves are banned\n|rule|Endless Battle Clause: Forcing endless battles is banned\n|rule|HP Percentage Mod: HP is shown in percentages\n|clearpoke\n|poke|p1|Hatterene, F|\n|poke|p1|Ceruledge, M|\n|poke|p1|Ogerpon, F|\n|poke|p1|Samurott-Hisui, M|\n|poke|p1|Gliscor, M|\n|poke|p1|Iron Hands|\n|poke|p2|Alomomola, F|\n|poke|p2|Great Tusk|\n|poke|p2|Thundurus-Therian, M|\n|poke|p2|Talonflame, M|\n|poke|p2|Quaquaval, M|\n|poke|p2|Slowking-Galar, F|\n|teampreview\n|inactive|Battle timer is ON: inactive players will automatically lose when time's up. (requested by One True Lycan)\n|c|\u2606PokemonFan1534|I have like 3 minites\n|inactive|One True Lycan has 270 seconds left.\n|\n|t:|1700934474\n|start\n|switch|p1a: Gliscor|Gliscor, M|100\/100\n|switch|p2a: Talonflame|Talonflame, M|100\/100\n|turn|1\n|c|\u2606PokemonFan1534|Sorry if I quit mid match\n|\n|t:|1700934480\n|move|p2a: Talonflame|Rain Dance|p2a: Talonflame\n|-weather|RainDance\n|move|p1a: Gliscor|Stealth Rock|p2a: Talonflame\n|-sidestart|p2: PokemonFan1534|move: Stealth Rock\n|\n|-weather|RainDance|[upkeep]\n|-status|p1a: Gliscor|tox|[from] item: Toxic Orb\n|upkeep\n|turn|2\n|\n|t:|1700934486\n|move|p2a: Talonflame|Hurricane|p1a: Gliscor\n|-damage|p1a: Gliscor|76\/100 tox\n|move|p1a: Gliscor|U-turn|p2a: Talonflame\n|-resisted|p2a: Talonflame\n|-damage|p2a: Talonflame|96\/100\n|\n|t:|1700934493\n|switch|p1a: Samurott|Samurott-Hisui, M|100\/100|[from] U-turn\n|\n|-weather|RainDance|[upkeep]\n|upkeep\n|turn|3\n|\n|t:|1700934497\n|move|p1a: Samurott|Flip Turn|p2a: Talonflame\n|-supereffective|p2a: Talonflame\n|-damage|p2a: Talonflame|0 fnt\n|faint|p2a: Talonflame\n|\n|t:|1700934501\n|switch|p1a: Gliscor|Gliscor, M|76\/100 tox|[from] Flip Turn\n|\n|-weather|RainDance|[upkeep]\n|-heal|p1a: Gliscor|88\/100 tox|[from] ability: Poison Heal\n|upkeep\n|\n|t:|1700934505\n|switch|p2a: Great Tusk|Great Tusk|100\/100\n|-damage|p2a: Great Tusk|98\/100|[from] Stealth Rock\n|turn|4\n|\n|t:|1700934508\n|move|p2a: Great Tusk|Rapid Spin|p1a: Gliscor\n|-damage|p1a: Gliscor|74\/100 tox\n|-boost|p2a: Great Tusk|spe|1\n|-sideend|p2: PokemonFan1534|Stealth Rock|[from] move: Rapid Spin|[of] p2a: Great Tusk\n|move|p1a: Gliscor|U-turn|p2a: Great Tusk\n|-resisted|p2a: Great Tusk\n|-damage|p2a: Great Tusk|92\/100\n|-damage|p1a: Gliscor|57\/100 tox|[from] item: Rocky Helmet|[of] p2a: Great Tusk\n|\n|t:|1700934516\n|switch|p1a: E|Hatterene, F|100\/100|[from] U-turn\n|\n|-weather|RainDance|[upkeep]\n|upkeep\n|turn|5\n|\n|t:|1700934523\n|move|p2a: Great Tusk|Stealth Rock|p1a: E\n|move|p1a: E|Stealth Rock|p2a: Great Tusk|[from]ability: Magic Bounce\n|-sidestart|p2: PokemonFan1534|move: Stealth Rock\n|move|p1a: E|Dazzling Gleam|p2a: Great Tusk\n|-supereffective|p2a: Great Tusk\n|-damage|p2a: Great Tusk|0 fnt\n|faint|p2a: Great Tusk\n|-end|p2a: Great Tusk|Protosynthesis|[silent]\n|\n|-weather|RainDance|[upkeep]\n|upkeep\n|c|\u2606PokemonFan1534|Omg\n|\n|t:|1700934536\n|switch|p2a: Slowking|Slowking-Galar, F|100\/100\n|turn|6\n|\n|t:|1700934543\n|switch|p1a: Gliscor|Gliscor, M|57\/100 tox\n|move|p2a: Slowking|Sludge Bomb|p1a: Gliscor\n|-resisted|p1a: Gliscor\n|-damage|p1a: Gliscor|44\/100 tox\n|\n|-weather|RainDance|[upkeep]\n|-heal|p1a: Gliscor|56\/100 tox|[from] ability: Poison Heal\n|upkeep\n|turn|7\n|\n|t:|1700934546\n|move|p1a: Gliscor|Earthquake|p2a: Slowking\n|-supereffective|p2a: Slowking\n|-damage|p2a: Slowking|33\/100\n|move|p2a: Slowking|Ice Beam|p1a: Gliscor\n|-supereffective|p1a: Gliscor\n|-damage|p1a: Gliscor|0 fnt\n|faint|p1a: Gliscor\n|\n|-weather|RainDance|[upkeep]\n|upkeep\n|\n|t:|1700934553\n|switch|p1a: Samurott|Samurott-Hisui, M|100\/100\n|turn|8\n|\n|t:|1700934557\n|switch|p2a: Quaquaval|Quaquaval, M|100\/100\n|-damage|p2a: Quaquaval|94\/100|[from] Stealth Rock\n|move|p1a: Samurott|Ceaseless Edge|p2a: Quaquaval\n|-resisted|p2a: Quaquaval\n|-damage|p2a: Quaquaval|64\/100\n|-sidestart|p2: PokemonFan1534|Spikes\n|\n|-weather|none\n|upkeep\n|turn|9\n|\n|t:|1700934566\n|switch|p1a: E|Hatterene, F|100\/100\n|move|p2a: Quaquaval|Close Combat|p1a: E\n|-resisted|p1a: E\n|-damage|p1a: E|88\/100\n|-unboost|p2a: Quaquaval|def|1\n|-unboost|p2a: Quaquaval|spd|1\n|\n|-heal|p1a: E|94\/100|[from] item: Leftovers\n|upkeep\n|turn|10\n|\n|t:|1700934569\n|move|p2a: Quaquaval|Knock Off|p1a: E\n|-damage|p1a: E|65\/100\n|-enditem|p1a: E|Leftovers|[from] move: Knock Off|[of] p2a: Quaquaval\n|move|p1a: E|Dazzling Gleam|p2a: Quaquaval\n|-supereffective|p2a: Quaquaval\n|-damage|p2a: Quaquaval|0 fnt\n|faint|p2a: Quaquaval\n|\n|upkeep\n|\n|t:|1700934575\n|switch|p2a: Slowking|Slowking-Galar, F|67\/100\n|turn|11\n|\n|t:|1700934579\n|switch|p1a: Ceruledge|Ceruledge, M|100\/100\n|move|p2a: Slowking|Sludge Bomb|p1a: Ceruledge\n|-resisted|p1a: Ceruledge\n|-damage|p1a: Ceruledge|81\/100\n|-status|p1a: Ceruledge|psn\n|\n|-damage|p1a: Ceruledge|69\/100 psn|[from] psn\n|upkeep\n|turn|12\n|\n|t:|1700934583\n|move|p1a: Ceruledge|Swords Dance|p1a: Ceruledge\n|-boost|p1a: Ceruledge|atk|2\n|move|p2a: Slowking|Chilly Reception|p2a: Slowking\n|-weather|Snow\n|\n|t:|1700934586\n|switch|p2a: Alomomola|Alomomola, F|100\/100|[from] Chilly Reception\n|-damage|p2a: Alomomola|88\/100|[from] Stealth Rock\n|-damage|p2a: Alomomola|76\/100|[from] Spikes\n|\n|-weather|Snow|[upkeep]\n|-damage|p1a: Ceruledge|56\/100 psn|[from] psn\n|upkeep\n|turn|13\n|\n|t:|1700934593\n|move|p1a: Ceruledge|Poltergeist|p2a: Alomomola\n|-activate|p2a: Alomomola|move: Poltergeist|Red Card\n|-damage|p2a: Alomomola|12\/100\n|-enditem|p2a: Alomomola|Red Card|[of] p1a: Ceruledge\n|drag|p1a: Iron Hands|Iron Hands|100\/100\n|move|p2a: Alomomola|Scald|p1a: Iron Hands\n|-damage|p1a: Iron Hands|94\/100\n|-status|p1a: Iron Hands|brn\n|\n|-weather|Snow|[upkeep]\n|-damage|p1a: Iron Hands|88\/100 brn|[from] brn\n|upkeep\n|turn|14\n|\n|t:|1700934600\n|move|p1a: Iron Hands|Volt Switch|p2a: Alomomola\n|-supereffective|p2a: Alomomola\n|-damage|p2a: Alomomola|0 fnt\n|faint|p2a: Alomomola\n|\n|t:|1700934605\n|-end|p1a: Iron Hands|Quark Drive|[silent]\n|switch|p1a: Samurott|Samurott-Hisui, M|100\/100|[from] Volt Switch\n|\n|-weather|Snow|[upkeep]\n|upkeep\n|\n|t:|1700934608\n|switch|p2a: Thundurus|Thundurus-Therian, M|100\/100\n|-damage|p2a: Thundurus|76\/100|[from] Stealth Rock\n|turn|15\n|\n|t:|1700934613\n|switch|p1a: Iron Hands|Iron Hands|88\/100 brn\n|move|p2a: Thundurus|Volt Switch|p1a: Iron Hands\n|-resisted|p1a: Iron Hands\n|-damage|p1a: Iron Hands|75\/100 brn\n|\n|t:|1700934616\n|switch|p2a: Slowking|Slowking-Galar, F|99\/100|[from] Volt Switch\n|\n|-weather|Snow|[upkeep]\n|-damage|p1a: Iron Hands|69\/100 brn|[from] brn\n|upkeep\n|turn|16\n|\n|t:|1700934620\n|move|p1a: Iron Hands|Earthquake|p2a: Slowking\n|-supereffective|p2a: Slowking\n|-damage|p2a: Slowking|69\/100\n|move|p2a: Slowking|Future Sight|p1a: Iron Hands\n|-start|p2a: Slowking|move: Future Sight\n|\n|-weather|none\n|-damage|p1a: Iron Hands|62\/100 brn|[from] brn\n|upkeep\n|turn|17\n|\n|t:|1700934625\n|move|p1a: Iron Hands|Earthquake|p2a: Slowking\n|-supereffective|p2a: Slowking\n|-crit|p2a: Slowking\n|-damage|p2a: Slowking|17\/100\n|move|p2a: Slowking|Chilly Reception|p2a: Slowking\n|-weather|Snow\n|\n|t:|1700934627\n|switch|p2a: Thundurus|Thundurus-Therian, M|76\/100|[from] Chilly Reception\n|-damage|p2a: Thundurus|51\/100|[from] Stealth Rock\n|\n|-weather|Snow|[upkeep]\n|-damage|p1a: Iron Hands|56\/100 brn|[from] brn\n|upkeep\n|turn|18\n|\n|t:|1700934637\n|move|p2a: Thundurus|Weather Ball|p1a: Iron Hands\n|-damage|p1a: Iron Hands|32\/100 brn\n|move|p1a: Iron Hands|Ice Punch|p2a: Thundurus\n|-supereffective|p2a: Thundurus\n|-damage|p2a: Thundurus|17\/100\n|\n|-weather|Snow|[upkeep]\n|-end|p1a: Iron Hands|move: Future Sight\n|-supereffective|p1a: Iron Hands\n|-damage|p1a: Iron Hands|0 fnt\n|faint|p1a: Iron Hands\n|-end|p1a: Iron Hands|Quark Drive|[silent]\n|upkeep\n|\n|t:|1700934645\n|switch|p1a: Ceruledge|Ceruledge, M|56\/100 psn\n|turn|19\n|\n|t:|1700934649\n|-terastallize|p1a: Ceruledge|Ghost\n|move|p1a: Ceruledge|Shadow Sneak|p2a: Thundurus\n|-damage|p2a: Thundurus|0 fnt\n|faint|p2a: Thundurus\n|\n|-weather|Snow|[upkeep]\n|-damage|p1a: Ceruledge|44\/100 psn|[from] psn\n|upkeep\n|\n|t:|1700934653\n|switch|p2a: Slowking|Slowking-Galar, F|50\/100\n|turn|20\n|\n|t:|1700934655\n|move|p1a: Ceruledge|Bitter Blade|p2a: Slowking\n|-damage|p2a: Slowking|0 fnt\n|-heal|p1a: Ceruledge|77\/100 psn|[from] drain|[of] p2a: Slowking\n|faint|p2a: Slowking\n|\n|win|One True Lycan\n|c|\u2606One True Lycan|Gg\n|l|\u2606One True Lycan\n|c|\u2606PokemonFan1534|Gg\n|j|\u2606One True Lycan\n|player|p1|One True Lycan|hop-masters\n","uploadtime":1700934659,"views":2,"p1id":"onetruelycan","p2id":"pokemonfan1534","formatid":"gen9ubers","rating":0,"private":0,"password":""}