{"id":"gen9ubers-1987689299","p1":"AnythingTeam","p2":"americandragon79","format":"[Gen 9] Ubers","log":"|j|\u2606AnythingTeam\n|j|\u2606americandragon79\n|t:|1699627890\n|gametype|singles\n|player|p1|AnythingTeam|steven|1032\n|player|p2|americandragon79|acetrainerf-gen7|1044\n|teamsize|p1|6\n|teamsize|p2|6\n|gen|9\n|tier|[Gen 9] Ubers\n|rated|\n|rule|Sleep Clause Mod: Limit one foe put to sleep\n|rule|Species Clause: Limit one of each Pok\u00e9mon\n|rule|OHKO Clause: OHKO moves are banned\n|rule|Evasion Items Clause: Evasion items are banned\n|rule|Evasion Moves Clause: Evasion moves are banned\n|rule|Endless Battle Clause: Forcing endless battles is banned\n|rule|HP Percentage Mod: HP is shown in percentages\n|clearpoke\n|poke|p1|Giratina|\n|poke|p1|Kyogre|\n|poke|p1|Zacian-*|\n|poke|p1|Meowscarada, M|\n|poke|p1|Koraidon|\n|poke|p1|Iron Moth|\n|poke|p2|Blissey, F|\n|poke|p2|Arceus|\n|poke|p2|Zacian-*|\n|poke|p2|Eternatus|\n|poke|p2|Koraidon|\n|poke|p2|Miraidon|\n|teampreview\n|\n|t:|1699627901\n|start\n|switch|p1a: Meowscarada|Meowscarada, M|100\/100\n|switch|p2a: AERIS|Blissey, F, shiny|100\/100\n|turn|1\n|c|\u2606americandragon79|Gl hf\n|\n|t:|1699627910\n|move|p1a: Meowscarada|Taunt|p2a: AERIS\n|-start|p2a: AERIS|move: Taunt\n|cant|p2a: AERIS|move: Taunt|Thunder Wave\n|\n|upkeep\n|turn|2\n|\n|t:|1699627921\n|switch|p2a: ULTIMATE WEAPON|Miraidon|100\/100\n|-fieldstart|move: Electric Terrain|[from] ability: Hadron Engine|[of] p2a: ULTIMATE WEAPON\n|move|p1a: Meowscarada|Knock Off|p2a: ULTIMATE WEAPON\n|-damage|p2a: ULTIMATE WEAPON|58\/100\n|-enditem|p2a: ULTIMATE WEAPON|Shuca Berry|[from] move: Knock Off|[of] p1a: Meowscarada\n|\n|upkeep\n|turn|3\n|\n|t:|1699627935\n|switch|p1a: Zacian|Zacian-Crowned, shiny|100\/100\n|-ability|p1a: Zacian|Intrepid Sword|boost\n|-boost|p1a: Zacian|atk|1\n|move|p2a: ULTIMATE WEAPON|U-turn|p1a: Zacian\n|-resisted|p1a: Zacian\n|-damage|p1a: Zacian|98\/100\n|\n|t:|1699627942\n|switch|p2a: AERIS|Blissey, F, shiny|100\/100|[from] U-turn\n|\n|upkeep\n|turn|4\n|c|\u2606americandragon79|Guess my theme\n|\n|t:|1699627959\n|-terastallize|p2a: AERIS|Ghost\n|move|p1a: Zacian|Behemoth Blade|p2a: AERIS\n|-damage|p2a: AERIS|27\/100\n|move|p2a: AERIS|Thunder Wave|p1a: Zacian\n|-status|p1a: Zacian|par\n|\n|-heal|p2a: AERIS|33\/100|[from] item: Leftovers\n|upkeep\n|turn|5\n|\n|t:|1699627972\n|move|p1a: Zacian|Behemoth Blade|p2a: AERIS\n|-damage|p2a: AERIS|0 fnt\n|faint|p2a: AERIS\n|\n|upkeep\n|\n|t:|1699627979\n|switch|p2a: CLOUD|Zacian-Crowned, shiny|100\/100\n|-ability|p2a: CLOUD|Intrepid Sword|boost\n|-boost|p2a: CLOUD|atk|1\n|turn|6\n|\n|t:|1699627985\n|move|p2a: CLOUD|Swords Dance|p2a: CLOUD\n|-boost|p2a: CLOUD|atk|2\n|move|p1a: Zacian|Behemoth Blade|p2a: CLOUD\n|-damage|p2a: CLOUD|21\/100\n|\n|-fieldend|move: Electric Terrain\n|upkeep\n|turn|7\n|\n|t:|1699628012\n|switch|p1a: Kyogre|Kyogre|100\/100\n|-weather|RainDance|[from] ability: Drizzle|[of] p1a: Kyogre\n|move|p2a: CLOUD|Behemoth Blade|p1a: Kyogre\n|-resisted|p1a: Kyogre\n|-damage|p1a: Kyogre|33\/100\n|\n|-weather|RainDance|[upkeep]\n|-heal|p1a: Kyogre|39\/100|[from] item: Leftovers\n|upkeep\n|turn|8\n|\n|t:|1699628023\n|move|p2a: CLOUD|Behemoth Blade|p1a: Kyogre\n|-resisted|p1a: Kyogre\n|-damage|p1a: Kyogre|0 fnt\n|faint|p1a: Kyogre\n|\n|-weather|RainDance|[upkeep]\n|upkeep\n|\n|t:|1699628028\n|switch|p1a: Meowscarada|Meowscarada, M|100\/100\n|turn|9\n|\n|t:|1699628034\n|move|p2a: CLOUD|Behemoth Blade|p1a: Meowscarada\n|-enditem|p1a: Meowscarada|Focus Sash\n|-damage|p1a: Meowscarada|1\/100\n|move|p1a: Meowscarada|Flower Trick|p2a: CLOUD\n|-resisted|p2a: CLOUD\n|-crit|p2a: CLOUD\n|-damage|p2a: CLOUD|0 fnt\n|faint|p2a: CLOUD\n|\n|-weather|RainDance|[upkeep]\n|upkeep\n|\n|t:|1699628046\n|switch|p2a: ULTIMATE WEAPON|Miraidon|58\/100\n|-fieldstart|move: Electric Terrain|[from] ability: Hadron Engine|[of] p2a: ULTIMATE WEAPON\n|turn|10\n|\n|t:|1699628051\n|move|p2a: ULTIMATE WEAPON|Volt Switch|p1a: Meowscarada\n|-resisted|p1a: Meowscarada\n|-damage|p1a: Meowscarada|0 fnt\n|faint|p1a: Meowscarada\n|\n|t:|1699628058\n|switch|p2a: JENOVA|Eternatus|100\/100|[from] Volt Switch\n|-ability|p2a: JENOVA|Pressure\n|\n|-weather|RainDance|[upkeep]\n|upkeep\n|\n|t:|1699628068\n|switch|p1a: Koraidon|Koraidon|100\/100\n|-weather|SunnyDay|[from] ability: Orichalcum Pulse|[of] p1a: Koraidon\n|-activate|p1a: Koraidon|Orichalcum Pulse|[source]\n|turn|11\n|\n|t:|1699628074\n|move|p1a: Koraidon|Dragon Claw|p2a: JENOVA\n|-supereffective|p2a: JENOVA\n|-damage|p2a: JENOVA|0 fnt\n|faint|p2a: JENOVA\n|\n|-weather|SunnyDay|[upkeep]\n|upkeep\n|\n|t:|1699628082\n|switch|p2a: RUBY WEAPON|Koraidon|100\/100\n|-activate|p2a: RUBY WEAPON|ability: Orichalcum Pulse\n|turn|12\n|\n|t:|1699628089\n|move|p2a: RUBY WEAPON|Collision Course|p1a: Koraidon\n|-damage|p1a: Koraidon|39\/100\n|move|p1a: Koraidon|Dragon Claw|p2a: RUBY WEAPON\n|-supereffective|p2a: RUBY WEAPON\n|-damage|p2a: RUBY WEAPON|0 fnt\n|faint|p2a: RUBY WEAPON\n|\n|-weather|SunnyDay|[upkeep]\n|upkeep\n|\n|t:|1699628099\n|switch|p2a: SEPHIROTH|Arceus, shiny|100\/100\n|turn|13\n|\n|t:|1699628103\n|move|p2a: SEPHIROTH|Extreme Speed|p1a: Koraidon\n|-enditem|p2a: SEPHIROTH|Normal Gem|[from] gem\n|-damage|p1a: Koraidon|0 fnt\n|faint|p1a: Koraidon\n|\n|-weather|SunnyDay|[upkeep]\n|upkeep\n|\n|t:|1699628109\n|switch|p1a: Giratina|Giratina|100\/100\n|-ability|p1a: Giratina|Pressure\n|turn|14\n|\n|t:|1699628115\n|switch|p2a: ULTIMATE WEAPON|Miraidon|58\/100\n|-activate|p2a: ULTIMATE WEAPON|ability: Hadron Engine\n|move|p1a: Giratina|Will-O-Wisp|p2a: ULTIMATE WEAPON\n|-status|p2a: ULTIMATE WEAPON|brn\n|\n|-weather|SunnyDay|[upkeep]\n|-damage|p2a: ULTIMATE WEAPON|52\/100 brn|[from] brn\n|-fieldend|move: Electric Terrain\n|upkeep\n|turn|15\n|\n|t:|1699628143\n|move|p2a: ULTIMATE WEAPON|Draco Meteor|p1a: Giratina\n|-supereffective|p1a: Giratina\n|-damage|p1a: Giratina|29\/100\n|-unboost|p2a: ULTIMATE WEAPON|spa|2\n|move|p1a: Giratina|Draco Meteor|p2a: ULTIMATE WEAPON\n|-supereffective|p2a: ULTIMATE WEAPON\n|-damage|p2a: ULTIMATE WEAPON|0 fnt\n|-unboost|p1a: Giratina|spa|2\n|faint|p2a: ULTIMATE WEAPON\n|\n|-weather|none\n|-heal|p1a: Giratina|35\/100|[from] item: Leftovers\n|upkeep\n|\n|t:|1699628156\n|switch|p2a: SEPHIROTH|Arceus, shiny|100\/100\n|turn|16\n|\n|t:|1699628160\n|move|p2a: SEPHIROTH|Swords Dance|p2a: SEPHIROTH\n|-boost|p2a: SEPHIROTH|atk|2\n|move|p1a: Giratina|Will-O-Wisp|p2a: SEPHIROTH|[miss]\n|-miss|p1a: Giratina|p2a: SEPHIROTH\n|\n|-heal|p1a: Giratina|41\/100|[from] item: Leftovers\n|upkeep\n|turn|17\n|\n|t:|1699628168\n|move|p2a: SEPHIROTH|Earthquake|p1a: Giratina\n|-damage|p1a: Giratina|5\/100\n|move|p1a: Giratina|Will-O-Wisp|p2a: SEPHIROTH|[miss]\n|-miss|p1a: Giratina|p2a: SEPHIROTH\n|\n|-heal|p1a: Giratina|11\/100|[from] item: Leftovers\n|upkeep\n|turn|18\n|\n|t:|1699628177\n|move|p2a: SEPHIROTH|Earthquake|p1a: Giratina\n|-damage|p1a: Giratina|0 fnt\n|faint|p1a: Giratina\n|\n|upkeep\n|\n|t:|1699628182\n|switch|p1a: Zacian|Zacian-Crowned, shiny|98\/100 par\n|turn|19\n|\n|t:|1699628185\n|move|p2a: SEPHIROTH|Earthquake|p1a: Zacian\n|-supereffective|p1a: Zacian\n|-damage|p1a: Zacian|0 fnt\n|faint|p1a: Zacian\n|\n|upkeep\n|\n|t:|1699628187\n|switch|p1a: Iron Moth|Iron Moth|100\/100\n|-enditem|p1a: Iron Moth|Booster Energy\n|-activate|p1a: Iron Moth|ability: Quark Drive|[fromitem]\n|-start|p1a: Iron Moth|quarkdrivespe\n|turn|20\n|c|\u2606americandragon79|gg\n|\n|t:|1699628195\n|move|p2a: SEPHIROTH|Extreme Speed|p1a: Iron Moth\n|-damage|p1a: Iron Moth|0 fnt\n|faint|p1a: Iron Moth\n|-end|p1a: Iron Moth|Quark Drive|[silent]\n|\n|win|americandragon79\n|raw|AnythingTeam's rating: 1032 &rarr; <strong>1018<\/strong><br \/>(-14 for losing)\n|raw|americandragon79's rating: 1044 &rarr; <strong>1076<\/strong><br \/>(+32 for winning)\n|l|\u2606AnythingTeam\n","uploadtime":1699628206,"views":5,"p1id":"anythingteam","p2id":"americandragon79","formatid":"gen9ubers","rating":1018,"private":0,"password":""}