{"id":"gen9ubers-1979733150","p1":"Albaz Brand","p2":"Nitro524","format":"[Gen 9] Ubers","log":"|j|\u2606Albaz Brand\n|j|\u2606Nitro524\n|t:|1698707670\n|gametype|singles\n|player|p1|Albaz Brand|bellelba|\n|player|p2|Nitro524|hilbert|\n|teamsize|p1|6\n|teamsize|p2|6\n|gen|9\n|tier|[Gen 9] Ubers\n|rule|Sleep Clause Mod: Limit one foe put to sleep\n|rule|Species Clause: Limit one of each Pok\u00e9mon\n|rule|OHKO Clause: OHKO moves are banned\n|rule|Evasion Items Clause: Evasion items are banned\n|rule|Evasion Moves Clause: Evasion moves are banned\n|rule|Endless Battle Clause: Forcing endless battles is banned\n|rule|HP Percentage Mod: HP is shown in percentages\n|clearpoke\n|poke|p1|Kommo-o, F|\n|poke|p1|Cyclizar, M|\n|poke|p1|Urshifu-*, M|\n|poke|p1|Palafin, M|\n|poke|p1|Empoleon, M|\n|poke|p1|Iron Moth|\n|poke|p2|Meowscarada, M|\n|poke|p2|Grimmsnarl, M|\n|poke|p2|Zacian-*|\n|poke|p2|Arceus-Poison|\n|poke|p2|Magearna|\n|poke|p2|Basculegion-F, F|\n|teampreview\n|c|\u2606Albaz Brand|GLHF\n|c|\u2606Nitro524|glhf!\n|\n|t:|1698707684\n|start\n|switch|p1a: Cyclizar|Cyclizar, M|100\/100\n|switch|p2a: Meowscarada|Meowscarada, M|100\/100\n|turn|1\n|\n|t:|1698707689\n|move|p2a: Meowscarada|Taunt|p1a: Cyclizar\n|-start|p2a: Meowscarada|typechange|Dark|[from] ability: Protean\n|-start|p1a: Cyclizar|move: Taunt\n|move|p1a: Cyclizar|Overheat|p2a: Meowscarada\n|-damage|p2a: Meowscarada|61\/100\n|-unboost|p1a: Cyclizar|spa|2\n|\n|upkeep\n|turn|2\n|\n|t:|1698707697\n|switch|p1a: Empoleon|Empoleon, M|100\/100\n|move|p2a: Meowscarada|Knock Off|p1a: Empoleon\n|-damage|p1a: Empoleon|57\/100\n|-enditem|p1a: Empoleon|Leftovers|[from] move: Knock Off|[of] p2a: Meowscarada\n|\n|upkeep\n|turn|3\n|\n|t:|1698707709\n|switch|p1a: Cyclizar|Cyclizar, M|100\/100\n|move|p2a: Meowscarada|U-turn|p1a: Cyclizar\n|-damage|p1a: Cyclizar|67\/100\n|\n|t:|1698707728\n|switch|p2a: Zacian|Zacian|100\/100|[from] U-turn\n|-ability|p2a: Zacian|Intrepid Sword|boost\n|-boost|p2a: Zacian|atk|1\n|\n|upkeep\n|turn|4\n|\n|t:|1698707735\n|switch|p1a: Empoleon|Empoleon, M|57\/100\n|move|p2a: Zacian|Play Rough|p1a: Empoleon\n|-resisted|p1a: Empoleon\n|-damage|p1a: Empoleon|26\/100\n|\n|upkeep\n|turn|5\n|\n|t:|1698707748\n|move|p2a: Zacian|Close Combat|p1a: Empoleon\n|-supereffective|p1a: Empoleon\n|-damage|p1a: Empoleon|0 fnt\n|-unboost|p2a: Zacian|def|1\n|-unboost|p2a: Zacian|spd|1\n|faint|p1a: Empoleon\n|\n|upkeep\n|\n|t:|1698707753\n|switch|p1a: Palafin|Palafin, M|100\/100\n|turn|6\n|\n|t:|1698707762\n|switch|p2a: Meowscarada|Meowscarada, M|61\/100\n|detailschange|p1a: Palafin|Palafin-Hero, M\n|switch|p1a: Cyclizar|Cyclizar, M|99\/100\n|\n|upkeep\n|turn|7\n|\n|t:|1698707768\n|move|p2a: Meowscarada|Taunt|p1a: Cyclizar\n|-start|p2a: Meowscarada|typechange|Dark|[from] ability: Protean\n|-start|p1a: Cyclizar|move: Taunt\n|move|p1a: Cyclizar|Knock Off|p2a: Meowscarada\n|-resisted|p2a: Meowscarada\n|-damage|p2a: Meowscarada|44\/100\n|-enditem|p2a: Meowscarada|Focus Sash|[from] move: Knock Off|[of] p1a: Cyclizar\n|\n|upkeep\n|turn|8\n|\n|t:|1698707782\n|switch|p1a: Urshifu|Urshifu, M|100\/100\n|move|p2a: Meowscarada|Knock Off|p1a: Urshifu\n|-resisted|p1a: Urshifu\n|-damage|p1a: Urshifu|90\/100\n|-enditem|p1a: Urshifu|Choice Band|[from] move: Knock Off|[of] p2a: Meowscarada\n|\n|upkeep\n|turn|9\n|\n|t:|1698707790\n|move|p2a: Meowscarada|U-turn|p1a: Urshifu\n|-damage|p1a: Urshifu|67\/100\n|\n|t:|1698707808\n|switch|p2a: Arceus|Arceus-Poison|100\/100|[from] U-turn\n|move|p1a: Urshifu|Poison Jab|p2a: Arceus\n|-resisted|p2a: Arceus\n|-damage|p2a: Arceus|91\/100\n|\n|upkeep\n|turn|10\n|\n|t:|1698707816\n|switch|p1a: Cyclizar|Cyclizar, M|100\/100\n|move|p2a: Arceus|Judgment|p1a: Cyclizar\n|-damage|p1a: Cyclizar|36\/100\n|\n|upkeep\n|turn|11\n|\n|t:|1698707838\n|move|p1a: Cyclizar|Taunt|p2a: Arceus\n|-start|p2a: Arceus|move: Taunt\n|move|p2a: Arceus|Judgment|p1a: Cyclizar\n|-damage|p1a: Cyclizar|0 fnt\n|faint|p1a: Cyclizar\n|\n|upkeep\n|\n|t:|1698707848\n|switch|p1a: Urshifu|Urshifu, M|67\/100\n|turn|12\n|\n|t:|1698707852\n|move|p2a: Arceus|Judgment|p1a: Urshifu\n|-damage|p1a: Urshifu|0 fnt\n|faint|p1a: Urshifu\n|\n|upkeep\n|\n|t:|1698707858\n|switch|p1a: Iron Moth|Iron Moth|100\/100\n|-enditem|p1a: Iron Moth|Booster Energy\n|-activate|p1a: Iron Moth|ability: Quark Drive|[fromitem]\n|-start|p1a: Iron Moth|quarkdrivespe\n|turn|13\n|\n|t:|1698707903\n|move|p1a: Iron Moth|Fiery Dance|p2a: Arceus\n|-damage|p2a: Arceus|64\/100\n|-boost|p1a: Iron Moth|spa|1\n|move|p2a: Arceus|Earth Power|p1a: Iron Moth\n|-supereffective|p1a: Iron Moth\n|-damage|p1a: Iron Moth|0 fnt\n|faint|p1a: Iron Moth\n|-end|p1a: Iron Moth|Quark Drive|[silent]\n|\n|-end|p2a: Arceus|move: Taunt\n|upkeep\n|\n|t:|1698707911\n|switch|p1a: Kommo-o|Kommo-o, F|100\/100\n|turn|14\n|\n|t:|1698707918\n|-terastallize|p1a: Kommo-o|Steel\n|move|p2a: Arceus|Taunt|p1a: Kommo-o\n|-start|p1a: Kommo-o|move: Taunt\n|cant|p1a: Kommo-o|move: Taunt|Clangorous Soul\n|\n|upkeep\n|turn|15\n|\n|t:|1698707924\n|move|p2a: Arceus|Earth Power|p1a: Kommo-o\n|-supereffective|p1a: Kommo-o\n|-damage|p1a: Kommo-o|45\/100\n|move|p1a: Kommo-o|Flash Cannon|p2a: Arceus\n|-damage|p2a: Arceus|47\/100\n|\n|upkeep\n|turn|16\n|\n|t:|1698707930\n|move|p2a: Arceus|Earth Power|p1a: Kommo-o\n|-supereffective|p1a: Kommo-o\n|-damage|p1a: Kommo-o|0 fnt\n|faint|p1a: Kommo-o\n|\n|upkeep\n|\n|t:|1698707932\n|switch|p1a: Palafin|Palafin-Hero, M|100\/100\n|-activate|p1a: Palafin|ability: Zero to Hero\n|turn|17\n|\n|t:|1698707936\n|move|p1a: Palafin|Jet Punch|p2a: Arceus\n|-damage|p2a: Arceus|9\/100\n|move|p2a: Arceus|Judgment|p1a: Palafin\n|-damage|p1a: Palafin|55\/100\n|\n|upkeep\n|turn|18\n|\n|t:|1698707966\n|move|p1a: Palafin|Jet Punch|p2a: Arceus\n|-damage|p2a: Arceus|0 fnt\n|faint|p2a: Arceus\n|\n|upkeep\n|\n|t:|1698707994\n|switch|p2a: Basculegion|Basculegion-F, F|100\/100\n|turn|19\n|\n|t:|1698708003\n|move|p1a: Palafin|Jet Punch|p2a: Basculegion\n|-resisted|p2a: Basculegion\n|-damage|p2a: Basculegion|62\/100\n|move|p2a: Basculegion|Last Respects|p1a: Palafin\n|-damage|p1a: Palafin|10\/100\n|\n|upkeep\n|turn|20\n|\n|t:|1698708009\n|move|p1a: Palafin|Jet Punch|p2a: Basculegion\n|-resisted|p2a: Basculegion\n|-damage|p2a: Basculegion|21\/100\n|move|p2a: Basculegion|Last Respects|p1a: Palafin\n|-damage|p1a: Palafin|0 fnt\n|faint|p1a: Palafin\n|\n|win|Nitro524\n|l|\u2606Albaz Brand\n|c|\u2606Nitro524|gg\n","uploadtime":1698708015,"views":14,"p1id":"albazbrand","p2id":"nitro524","formatid":"gen9ubers","rating":0,"private":0,"password":""}