{"id":"gen9ubers-1978249133","p1":"Chameleon33","p2":"paul2016351","format":"[Gen 9] Ubers","log":"|j|\u2606Chameleon33\n|j|\u2606paul2016351\n|t:|1698516988\n|gametype|singles\n|player|p1|Chameleon33|lady-gen4|1075\n|player|p2|paul2016351|acetrainer-gen4dp|1313\n|teamsize|p1|6\n|teamsize|p2|6\n|gen|9\n|tier|[Gen 9] Ubers\n|rated|\n|rule|Sleep Clause Mod: Limit one foe put to sleep\n|rule|Species Clause: Limit one of each Pok\u00e9mon\n|rule|OHKO Clause: OHKO moves are banned\n|rule|Evasion Items Clause: Evasion items are banned\n|rule|Evasion Moves Clause: Evasion moves are banned\n|rule|Endless Battle Clause: Forcing endless battles is banned\n|rule|HP Percentage Mod: HP is shown in percentages\n|clearpoke\n|poke|p1|Giratina-Origin, L82|\n|poke|p1|Zacian-*|\n|poke|p1|Eternatus|\n|poke|p1|Dialga-Origin|\n|poke|p1|Arceus-Bug|\n|poke|p1|Groudon|\n|poke|p2|Kyogre|\n|poke|p2|Koraidon|\n|poke|p2|Zacian-*|\n|poke|p2|Giratina-Origin|\n|poke|p2|Skeledirge, F|\n|poke|p2|Ting-Lu|\n|teampreview\n|\n|t:|1698517020\n|start\n|switch|p1a: Eternatus|Eternatus, shiny|100\/100\n|switch|p2a: Ting-Lu|Ting-Lu|100\/100\n|-ability|p1a: Eternatus|Pressure\n|-ability|p2a: Ting-Lu|Vessel of Ruin\n|turn|1\n|inactive|Battle timer is ON: inactive players will automatically lose when time's up. (requested by paul2016351)\n|\n|t:|1698517035\n|move|p1a: Eternatus|Toxic Spikes|p2a: Ting-Lu\n|-sidestart|p2: paul2016351|move: Toxic Spikes\n|move|p2a: Ting-Lu|Spikes|p1a: Eternatus\n|-sidestart|p1: Chameleon33|Spikes\n|\n|upkeep\n|turn|2\n|\n|t:|1698517053\n|move|p1a: Eternatus|Flamethrower|p2a: Ting-Lu\n|-damage|p2a: Ting-Lu|89\/100\n|-status|p2a: Ting-Lu|brn\n|move|p2a: Ting-Lu|Earthquake|p1a: Eternatus\n|-supereffective|p1a: Eternatus\n|-damage|p1a: Eternatus|66\/100\n|\n|-heal|p1a: Eternatus|72\/100|[from] item: Leftovers\n|-heal|p2a: Ting-Lu|95\/100 brn|[from] item: Leftovers\n|-damage|p2a: Ting-Lu|89\/100 brn|[from] brn\n|upkeep\n|turn|3\n|\n|t:|1698517075\n|switch|p1a: Zacian|Zacian-Crowned|100\/100\n|-damage|p1a: Zacian|88\/100|[from] Spikes\n|-ability|p1a: Zacian|Intrepid Sword|boost\n|-boost|p1a: Zacian|atk|1\n|move|p2a: Ting-Lu|Spikes|p1a: Zacian\n|-sidestart|p1: Chameleon33|Spikes\n|\n|-heal|p2a: Ting-Lu|95\/100 brn|[from] item: Leftovers\n|-damage|p2a: Ting-Lu|89\/100 brn|[from] brn\n|upkeep\n|turn|4\n|\n|t:|1698517088\n|switch|p2a: Skeledirge|Skeledirge, F|100\/100\n|-terastallize|p1a: Zacian|Fairy\n|move|p1a: Zacian|Moonblast|p2a: Skeledirge\n|-resisted|p2a: Skeledirge\n|-damage|p2a: Skeledirge|81\/100\n|-unboost|p2a: Skeledirge|spa|1\n|\n|upkeep\n|turn|5\n|inactive|Chameleon33 has 120 seconds left.\n|\n|t:|1698517113\n|switch|p1a: Groudon|Groudon|100\/100\n|-damage|p1a: Groudon|84\/100|[from] Spikes\n|-weather|SunnyDay|[from] ability: Drought|[of] p1a: Groudon\n|move|p2a: Skeledirge|Torch Song|p1a: Groudon\n|-damage|p1a: Groudon|49\/100\n|-boost|p2a: Skeledirge|spa|1\n|\n|-weather|SunnyDay|[upkeep]\n|upkeep\n|turn|6\n|inactive|Chameleon33 has 120 seconds left.\n|\n|t:|1698517129\n|switch|p2a: Giratina|Giratina-Origin|100\/100\n|move|p1a: Groudon|Precipice Blades|p2a: Giratina\n|-immune|p2a: Giratina|[from] ability: Levitate\n|\n|-weather|SunnyDay|[upkeep]\n|upkeep\n|turn|7\n|inactive|Chameleon33 has 120 seconds left.\n|\n|t:|1698517149\n|switch|p1a: Arceus|Arceus-Bug, shiny|100\/100\n|-damage|p1a: Arceus|84\/100|[from] Spikes\n|move|p2a: Giratina|Dragon Tail|p1a: Arceus\n|-damage|p1a: Arceus|62\/100\n|drag|p1a: Giratina|Giratina-Origin, L82, shiny|100\/100\n|\n|-weather|SunnyDay|[upkeep]\n|upkeep\n|turn|8\n|\n|t:|1698517161\n|move|p1a: Giratina|Icy Wind|p2a: Giratina\n|-supereffective|p2a: Giratina\n|-damage|p2a: Giratina|82\/100\n|-unboost|p2a: Giratina|spe|1\n|move|p2a: Giratina|Dragon Tail|p1a: Giratina\n|-supereffective|p1a: Giratina\n|-damage|p1a: Giratina|31\/100\n|drag|p1a: Groudon|Groudon|49\/100\n|-damage|p1a: Groudon|32\/100|[from] Spikes\n|\n|-weather|SunnyDay|[upkeep]\n|upkeep\n|turn|9\n|\n|t:|1698517174\n|move|p1a: Groudon|Dragon Pulse|p2a: Giratina\n|-supereffective|p2a: Giratina\n|-damage|p2a: Giratina|52\/100\n|move|p2a: Giratina|Dragon Tail|p1a: Groudon\n|-damage|p1a: Groudon|9\/100\n|drag|p1a: Giratina|Giratina-Origin, L82, shiny|31\/100\n|\n|-weather|none\n|upkeep\n|turn|10\n|\n|t:|1698517187\n|move|p1a: Giratina|Psychic|p2a: Giratina\n|-damage|p2a: Giratina|38\/100\n|move|p2a: Giratina|Dragon Tail|p1a: Giratina\n|-supereffective|p1a: Giratina\n|-damage|p1a: Giratina|0 fnt\n|faint|p1a: Giratina\n|\n|upkeep\n|\n|t:|1698517205\n|switch|p1a: Arceus|Arceus-Bug, shiny|62\/100\n|-damage|p1a: Arceus|45\/100|[from] Spikes\n|turn|11\n|\n|t:|1698517209\n|move|p1a: Arceus|Dazzling Gleam|p2a: Giratina\n|-supereffective|p2a: Giratina\n|-damage|p2a: Giratina|4\/100\n|move|p2a: Giratina|Dragon Tail|p1a: Arceus\n|-damage|p1a: Arceus|21\/100\n|drag|p1a: Dialga|Dialga-Origin|100\/100\n|-damage|p1a: Dialga|84\/100|[from] Spikes\n|-ability|p1a: Dialga|Pressure\n|\n|upkeep\n|turn|12\n|\n|t:|1698517220\n|move|p1a: Dialga|Flamethrower|p2a: Giratina\n|-resisted|p2a: Giratina\n|-damage|p2a: Giratina|0 fnt\n|faint|p2a: Giratina\n|\n|upkeep\n|\n|t:|1698517237\n|switch|p2a: Zacian|Zacian-Crowned|100\/100\n|-ability|p2a: Zacian|Intrepid Sword|boost\n|-boost|p2a: Zacian|atk|1\n|turn|13\n|inactive|Chameleon33 has 120 seconds left.\n|\n|t:|1698517246\n|move|p2a: Zacian|Swords Dance|p2a: Zacian\n|-boost|p2a: Zacian|atk|2\n|move|p1a: Dialga|Ice Beam|p2a: Zacian\n|-resisted|p2a: Zacian\n|-damage|p2a: Zacian|85\/100\n|\n|upkeep\n|turn|14\n|inactive|Chameleon33 has 120 seconds left.\n|\n|t:|1698517258\n|move|p2a: Zacian|Play Rough|p1a: Dialga|[miss]\n|-miss|p2a: Zacian|p1a: Dialga\n|move|p1a: Dialga|Aura Sphere|p2a: Zacian\n|-damage|p2a: Zacian|58\/100\n|\n|upkeep\n|turn|15\n|inactive|Chameleon33 has 120 seconds left.\n|\n|t:|1698517272\n|switch|p1a: Arceus|Arceus-Bug, shiny|21\/100\n|-damage|p1a: Arceus|5\/100|[from] Spikes\n|move|p2a: Zacian|Play Rough|p1a: Arceus|[miss]\n|-miss|p2a: Zacian|p1a: Arceus\n|\n|upkeep\n|turn|16\n|inactive|Chameleon33 has 120 seconds left.\n|\n|t:|1698517283\n|move|p2a: Zacian|Behemoth Blade|p1a: Arceus\n|-damage|p1a: Arceus|0 fnt\n|faint|p1a: Arceus\n|\n|upkeep\n|\n|t:|1698517287\n|switch|p1a: Zacian|Zacian-Crowned, tera:Fairy|88\/100\n|-damage|p1a: Zacian|72\/100|[from] Spikes\n|turn|17\n|\n|t:|1698517293\n|move|p2a: Zacian|Behemoth Blade|p1a: Zacian\n|-supereffective|p1a: Zacian\n|-damage|p1a: Zacian|0 fnt\n|faint|p1a: Zacian\n|\n|upkeep\n|\n|t:|1698517299\n|switch|p1a: Groudon|Groudon|9\/100\n|-damage|p1a: Groudon|0 fnt|[from] Spikes\n|faint|p1a: Groudon\n|\n|t:|1698517302\n|switch|p1a: Eternatus|Eternatus, shiny|72\/100\n|-damage|p1a: Eternatus|55\/100|[from] Spikes\n|-ability|p1a: Eternatus|Pressure\n|turn|18\n|\n|t:|1698517307\n|move|p2a: Zacian|Behemoth Blade|p1a: Eternatus\n|-damage|p1a: Eternatus|0 fnt\n|faint|p1a: Eternatus\n|\n|upkeep\n|\n|t:|1698517311\n|switch|p1a: Dialga|Dialga-Origin|84\/100\n|-damage|p1a: Dialga|68\/100|[from] Spikes\n|-ability|p1a: Dialga|Pressure\n|turn|19\n|\n|t:|1698517314\n|move|p2a: Zacian|Play Rough|p1a: Dialga|[miss]\n|-miss|p2a: Zacian|p1a: Dialga\n|move|p1a: Dialga|Blizzard|p2a: Zacian\n|-resisted|p2a: Zacian\n|-damage|p2a: Zacian|37\/100\n|-status|p2a: Zacian|frz\n|\n|upkeep\n|turn|20\n|\n|t:|1698517323\n|-curestatus|p2a: Zacian|frz|[msg]\n|move|p2a: Zacian|Play Rough|p1a: Dialga\n|-damage|p1a: Dialga|0 fnt\n|faint|p1a: Dialga\n|\n|win|paul2016351\n|raw|Chameleon33's rating: 1075 &rarr; <strong>1066<\/strong><br \/>(-9 for losing)\n|raw|paul2016351's rating: 1313 &rarr; <strong>1321<\/strong><br \/>(+8 for winning)\n|l|\u2606Chameleon33\n","uploadtime":1698517333,"views":8,"p1id":"chameleon33","p2id":"paul2016351","formatid":"gen9ubers","rating":1066,"private":0,"password":""}