{"id":"gen9ubers-1985550956","p1":"AubreyOmori1","p2":"albxrt0","format":"[Gen 9] Ubers","log":"|j|\u2606AubreyOmori1\n|j|\u2606albxrt0\n|t:|1699383896\n|gametype|singles\n|player|p1|AubreyOmori1|2|1385\n|player|p2|albxrt0|lucas|1308\n|teamsize|p1|6\n|teamsize|p2|6\n|gen|9\n|tier|[Gen 9] Ubers\n|rated|\n|rule|Sleep Clause Mod: Limit one foe put to sleep\n|rule|Species Clause: Limit one of each Pok\u00e9mon\n|rule|OHKO Clause: OHKO moves are banned\n|rule|Evasion Items Clause: Evasion items are banned\n|rule|Evasion Moves Clause: Evasion moves are banned\n|rule|Endless Battle Clause: Forcing endless battles is banned\n|rule|HP Percentage Mod: HP is shown in percentages\n|clearpoke\n|poke|p1|Ribombee, F|\n|poke|p1|Arceus|\n|poke|p1|Miraidon|\n|poke|p1|Zacian-*|\n|poke|p1|Koraidon|\n|poke|p1|Flutter Mane|\n|poke|p2|Miraidon|\n|poke|p2|Skeledirge, M|\n|poke|p2|Arceus|\n|poke|p2|Zacian-*|\n|poke|p2|Landorus-Therian, M|\n|poke|p2|Clodsire, F|\n|teampreview\n|inactive|Battle timer is ON: inactive players will automatically lose when time's up. (requested by albxrt0)\n|\n|t:|1699383901\n|start\n|switch|p1a: Needle|Ribombee, F, shiny|100\/100\n|switch|p2a: Landorus|Landorus-Therian, M|100\/100\n|-ability|p2a: Landorus|Intimidate|boost\n|-unboost|p1a: Needle|atk|1\n|turn|1\n|\n|t:|1699383915\n|move|p1a: Needle|Sticky Web|p2a: Landorus\n|-sidestart|p2: albxrt0|move: Sticky Web\n|move|p2a: Landorus|Taunt|p1a: Needle\n|-start|p1a: Needle|move: Taunt\n|\n|upkeep\n|turn|2\n|\n|t:|1699383918\n|switch|p2a: Skeledirge|Skeledirge, M|100\/100\n|move|p1a: Needle|Moonblast|p2a: Skeledirge\n|-resisted|p2a: Skeledirge\n|-damage|p2a: Skeledirge|80\/100\n|\n|upkeep\n|turn|3\n|\n|t:|1699383925\n|move|p1a: Needle|Psychic|p2a: Skeledirge\n|-damage|p2a: Skeledirge|53\/100\n|-unboost|p2a: Skeledirge|spd|1\n|move|p2a: Skeledirge|Torch Song|p1a: Needle\n|-supereffective|p1a: Needle\n|-damage|p1a: Needle|1\/100\n|-boost|p2a: Skeledirge|spa|1\n|\n|upkeep\n|turn|4\n|\n|t:|1699383932\n|move|p1a: Needle|Psychic|p2a: Skeledirge\n|-damage|p2a: Skeledirge|14\/100\n|move|p2a: Skeledirge|Slack Off|p2a: Skeledirge\n|-heal|p2a: Skeledirge|64\/100\n|\n|-end|p1a: Needle|move: Taunt\n|upkeep\n|turn|5\n|\n|t:|1699383937\n|move|p1a: Needle|Stun Spore|p2a: Skeledirge\n|-status|p2a: Skeledirge|par\n|move|p2a: Skeledirge|Slack Off|p2a: Skeledirge\n|-heal|p2a: Skeledirge|100\/100 par\n|\n|upkeep\n|turn|6\n|\n|t:|1699383941\n|move|p1a: Needle|Psychic|p2a: Skeledirge\n|-damage|p2a: Skeledirge|63\/100 par\n|move|p2a: Skeledirge|Torch Song|p1a: Needle\n|-supereffective|p1a: Needle\n|-damage|p1a: Needle|0 fnt\n|-boost|p2a: Skeledirge|spa|1\n|faint|p1a: Needle\n|\n|upkeep\n|\n|t:|1699383946\n|switch|p1a: Amelia|Flutter Mane|100\/100\n|turn|7\n|\n|t:|1699383952\n|switch|p2a: Arceus|Arceus|100\/100\n|-activate|p2a: Arceus|move: Sticky Web\n|-unboost|p2a: Arceus|spe|1\n|move|p1a: Amelia|Shadow Ball|p2a: Arceus\n|-immune|p2a: Arceus\n|\n|upkeep\n|turn|8\n|\n|t:|1699383956\n|-end|p1a: Amelia|Protosynthesis|[silent]\n|switch|p1a: Hero|Zacian-Crowned, shiny|100\/100\n|-ability|p1a: Hero|Intrepid Sword|boost\n|-boost|p1a: Hero|atk|1\n|move|p2a: Arceus|Shadow Claw|p1a: Hero\n|-damage|p1a: Hero|76\/100\n|\n|upkeep\n|turn|9\n|\n|t:|1699383961\n|switch|p2a: Skeledirge|Skeledirge, M|63\/100 par\n|move|p1a: Hero|Swords Dance|p1a: Hero\n|-boost|p1a: Hero|atk|2\n|\n|upkeep\n|turn|10\n|\n|t:|1699383966\n|move|p1a: Hero|Wild Charge|p2a: Skeledirge\n|-damage|p2a: Skeledirge|40\/100 par\n|-damage|p1a: Hero|69\/100|[from] Recoil\n|move|p2a: Skeledirge|Torch Song|p1a: Hero\n|-supereffective|p1a: Hero\n|-damage|p1a: Hero|18\/100\n|-boost|p2a: Skeledirge|spa|1\n|\n|upkeep\n|turn|11\n|\n|t:|1699383973\n|move|p1a: Hero|Behemoth Blade|p2a: Skeledirge\n|-resisted|p2a: Skeledirge\n|-damage|p2a: Skeledirge|22\/100 par\n|move|p2a: Skeledirge|Torch Song|p1a: Hero\n|-supereffective|p1a: Hero\n|-damage|p1a: Hero|0 fnt\n|-boost|p2a: Skeledirge|spa|1\n|faint|p1a: Hero\n|\n|upkeep\n|\n|t:|1699383986\n|switch|p1a: Robot Flower|Miraidon|100\/100\n|-fieldstart|move: Electric Terrain|[from] ability: Hadron Engine|[of] p1a: Robot Flower\n|turn|12\n|\n|t:|1699383993\n|switch|p2a: Landorus|Landorus-Therian, M|100\/100\n|-ability|p2a: Landorus|Intimidate|boost\n|-unboost|p1a: Robot Flower|atk|1\n|move|p1a: Robot Flower|Draco Meteor|p2a: Landorus\n|-damage|p2a: Landorus|0 fnt\n|-unboost|p1a: Robot Flower|spa|2\n|faint|p2a: Landorus\n|-damage|p1a: Robot Flower|91\/100|[from] item: Life Orb\n|\n|upkeep\n|\n|t:|1699384001\n|switch|p2a: Zacian|Zacian-Crowned|100\/100\n|-activate|p2a: Zacian|move: Sticky Web\n|-unboost|p2a: Zacian|spe|1\n|-ability|p2a: Zacian|Intrepid Sword|boost\n|-boost|p2a: Zacian|atk|1\n|turn|13\n|\n|t:|1699384013\n|move|p1a: Robot Flower|Electro Drift|p2a: Zacian\n|-damage|p2a: Zacian|42\/100\n|-damage|p1a: Robot Flower|81\/100|[from] item: Life Orb\n|move|p2a: Zacian|Play Rough|p1a: Robot Flower\n|-supereffective|p1a: Robot Flower\n|-damage|p1a: Robot Flower|0 fnt\n|faint|p1a: Robot Flower\n|\n|upkeep\n|\n|t:|1699384018\n|switch|p1a: Amelia|Flutter Mane|100\/100\n|turn|14\n|\n|t:|1699384034\n|move|p1a: Amelia|Mystical Fire|p2a: Zacian\n|-supereffective|p2a: Zacian\n|-damage|p2a: Zacian|0 fnt\n|faint|p2a: Zacian\n|-damage|p1a: Amelia|91\/100|[from] item: Life Orb\n|\n|upkeep\n|\n|t:|1699384040\n|switch|p2a: Arceus|Arceus|100\/100\n|-activate|p2a: Arceus|move: Sticky Web\n|-unboost|p2a: Arceus|spe|1\n|turn|15\n|\n|t:|1699384046\n|move|p1a: Amelia|Moonblast|p2a: Arceus\n|-damage|p2a: Arceus|53\/100\n|-damage|p1a: Amelia|81\/100|[from] item: Life Orb\n|move|p2a: Arceus|Shadow Claw|p1a: Amelia\n|-supereffective|p1a: Amelia\n|-damage|p1a: Amelia|0 fnt\n|faint|p1a: Amelia\n|-end|p1a: Amelia|Protosynthesis|[silent]\n|\n|upkeep\n|\n|t:|1699384061\n|switch|p1a: Yoshi|Koraidon|100\/100\n|-weather|SunnyDay|[from] ability: Orichalcum Pulse|[of] p1a: Yoshi\n|-activate|p1a: Yoshi|Orichalcum Pulse|[source]\n|turn|16\n|\n|t:|1699384069\n|switch|p2a: Skeledirge|Skeledirge, M|22\/100 par\n|-terastallize|p1a: Yoshi|Ghost\n|move|p1a: Yoshi|Swords Dance|p1a: Yoshi\n|-boost|p1a: Yoshi|atk|2\n|\n|-weather|SunnyDay|[upkeep]\n|-fieldend|move: Electric Terrain\n|upkeep\n|turn|17\n|\n|t:|1699384073\n|move|p1a: Yoshi|Scale Shot|p2a: Skeledirge\n|-damage|p2a: Skeledirge|11\/100 par\n|-damage|p2a: Skeledirge|1\/100 par\n|-damage|p2a: Skeledirge|0 fnt\n|faint|p2a: Skeledirge\n|-hitcount|p2: Skeledirge|3\n|-unboost|p1a: Yoshi|def|1\n|-boost|p1a: Yoshi|spe|1\n|\n|-weather|SunnyDay|[upkeep]\n|upkeep\n|\n|t:|1699384088\n|switch|p2a: Miraidon|Miraidon|100\/100\n|-activate|p2a: Miraidon|move: Sticky Web\n|-unboost|p2a: Miraidon|spe|1\n|-fieldstart|move: Electric Terrain|[from] ability: Hadron Engine|[of] p2a: Miraidon\n|turn|18\n|\n|t:|1699384091\n|-terastallize|p2a: Miraidon|Electric\n|move|p1a: Yoshi|Scale Shot|p2a: Miraidon\n|-damage|p2a: Miraidon|63\/100\n|-damage|p2a: Miraidon|24\/100\n|-damage|p2a: Miraidon|0 fnt\n|faint|p2a: Miraidon\n|-hitcount|p2: Miraidon|3\n|-unboost|p1a: Yoshi|def|1\n|-boost|p1a: Yoshi|spe|1\n|\n|-weather|SunnyDay|[upkeep]\n|upkeep\n|\n|t:|1699384098\n|switch|p2a: Clodsire|Clodsire, F|100\/100\n|-activate|p2a: Clodsire|move: Sticky Web\n|-unboost|p2a: Clodsire|spe|1\n|turn|19\n|\n|t:|1699384103\n|move|p1a: Yoshi|Scale Shot|p2a: Clodsire\n|-damage|p2a: Clodsire|60\/100\n|-damage|p2a: Clodsire|22\/100\n|-damage|p2a: Clodsire|0 fnt\n|faint|p2a: Clodsire\n|-hitcount|p2: Clodsire|3\n|-unboost|p1a: Yoshi|def|1\n|-boost|p1a: Yoshi|spe|1\n|\n|-weather|SunnyDay|[upkeep]\n|upkeep\n|\n|t:|1699384107\n|switch|p2a: Arceus|Arceus|53\/100\n|-activate|p2a: Arceus|move: Sticky Web\n|-unboost|p2a: Arceus|spe|1\n|turn|20\n|\n|t:|1699384111\n|move|p1a: Yoshi|Scale Shot|p2a: Arceus\n|-damage|p2a: Arceus|30\/100\n|-damage|p2a: Arceus|7\/100\n|-damage|p2a: Arceus|0 fnt\n|faint|p2a: Arceus\n|-hitcount|p2: Arceus|3\n|\n|win|AubreyOmori1\n|raw|AubreyOmori1's rating: 1385 &rarr; <strong>1401<\/strong><br \/>(+16 for winning)\n|raw|albxrt0's rating: 1308 &rarr; <strong>1292<\/strong><br \/>(-16 for losing)\n|l|\u2606albxrt0\n","uploadtime":1699384118,"views":4,"p1id":"aubreyomori1","p2id":"albxrt0","formatid":"gen9ubers","rating":1292,"private":0,"password":""}