{"id":"gen9ubers-1987274625","p1":"guzmfran","p2":"bugallo123","format":"[Gen 9] Ubers","log":"|j|\u2606guzmfran\n|j|\u2606bugallo123\n|t:|1699572016\n|gametype|singles\n|player|p1|guzmfran|266|\n|player|p2|bugallo123|266|\n|teamsize|p1|6\n|teamsize|p2|6\n|gen|9\n|tier|[Gen 9] Ubers\n|rule|Sleep Clause Mod: Limit one foe put to sleep\n|rule|Species Clause: Limit one of each Pok\u00e9mon\n|rule|OHKO Clause: OHKO moves are banned\n|rule|Evasion Items Clause: Evasion items are banned\n|rule|Evasion Moves Clause: Evasion moves are banned\n|rule|Endless Battle Clause: Forcing endless battles is banned\n|rule|HP Percentage Mod: HP is shown in percentages\n|clearpoke\n|poke|p1|Blissey, F|\n|poke|p1|Arceus|\n|poke|p1|Zoroark-Hisui, F|\n|poke|p1|Cyclizar, F|\n|poke|p1|Meloetta|\n|poke|p1|Dudunsparce-*, F|\n|poke|p2|Dragapult, M|\n|poke|p2|Walking Wake|\n|poke|p2|Dragonite, M|\n|poke|p2|Eternatus|\n|poke|p2|Rayquaza|\n|poke|p2|Miraidon|\n|teampreview\n|l|\u2606guzmfran\n|player|p1|\n|j|\u2606guzmfran\n|player|p1|guzmfran|266\n|\n|t:|1699572047\n|start\n|switch|p1a: Blissey|Blissey, F|100\/100\n|switch|p2a: Dragapult|Dragapult, M|100\/100\n|turn|1\n|\n|t:|1699572057\n|move|p2a: Dragapult|Will-O-Wisp|p1a: Blissey\n|-status|p1a: Blissey|brn\n|move|p1a: Blissey|Stealth Rock|p2a: Dragapult\n|-sidestart|p2: bugallo123|move: Stealth Rock\n|\n|-damage|p1a: Blissey|94\/100 brn|[from] brn\n|upkeep\n|turn|2\n|\n|t:|1699572065\n|move|p2a: Dragapult|U-turn|p1a: Blissey\n|-damage|p1a: Blissey|62\/100 brn\n|\n|t:|1699572075\n|switch|p2a: Eternatus|Eternatus|100\/100|[from] U-turn\n|-damage|p2a: Eternatus|88\/100|[from] Stealth Rock\n|-ability|p2a: Eternatus|Pressure\n|move|p1a: Blissey|Thunder Wave|p2a: Eternatus\n|-status|p2a: Eternatus|par\n|\n|-heal|p2a: Eternatus|94\/100 par|[from] item: Leftovers\n|-heal|p1a: Blissey|68\/100 brn|[from] item: Leftovers\n|-damage|p1a: Blissey|62\/100 brn|[from] brn\n|upkeep\n|turn|3\n|\n|t:|1699572104\n|-curestatus|p1a: Blissey|brn|[from] ability: Natural Cure\n|switch|p1a: Cyclizar|Cyclizar, F|100\/100\n|move|p2a: Eternatus|Toxic Spikes|p1a: Cyclizar\n|-sidestart|p1: guzmfran|move: Toxic Spikes\n|\n|-heal|p2a: Eternatus|100\/100 par|[from] item: Leftovers\n|upkeep\n|turn|4\n|\n|t:|1699572127\n|move|p1a: Cyclizar|Rapid Spin|p2a: Eternatus\n|-damage|p2a: Eternatus|89\/100 par\n|-boost|p1a: Cyclizar|spe|1\n|-sideend|p1: guzmfran|Toxic Spikes|[from] move: Rapid Spin|[of] p1a: Cyclizar\n|move|p2a: Eternatus|Toxic Spikes|p1a: Cyclizar\n|-sidestart|p1: guzmfran|move: Toxic Spikes\n|\n|-heal|p2a: Eternatus|95\/100 par|[from] item: Leftovers\n|upkeep\n|turn|5\n|\n|t:|1699572143\n|move|p1a: Cyclizar|Shed Tail|p1a: Cyclizar\n|-start|p1a: Cyclizar|Substitute|[from] move: Shed Tail\n|-damage|p1a: Cyclizar|50\/100\n|-enditem|p1a: Cyclizar|Sitrus Berry|[eat]\n|-heal|p1a: Cyclizar|75\/100|[from] item: Sitrus Berry\n|\n|t:|1699572147\n|switch|p1a: Blissey|Blissey, F|62\/100|[from] Shed Tail\n|-status|p1a: Blissey|psn\n|move|p2a: Eternatus|Cosmic Power|p2a: Eternatus\n|-boost|p2a: Eternatus|def|1\n|-boost|p2a: Eternatus|spd|1\n|\n|-heal|p2a: Eternatus|100\/100 par|[from] item: Leftovers\n|-heal|p1a: Blissey|68\/100 psn|[from] item: Leftovers\n|-damage|p1a: Blissey|56\/100 psn|[from] psn\n|upkeep\n|turn|6\n|\n|t:|1699572161\n|move|p2a: Eternatus|Toxic Spikes|p1a: Blissey\n|-sidestart|p1: guzmfran|move: Toxic Spikes\n|move|p1a: Blissey|Seismic Toss|p2a: Eternatus\n|-damage|p2a: Eternatus|80\/100 par\n|\n|-heal|p2a: Eternatus|86\/100 par|[from] item: Leftovers\n|-heal|p1a: Blissey|62\/100 psn|[from] item: Leftovers\n|-damage|p1a: Blissey|49\/100 psn|[from] psn\n|upkeep\n|turn|7\n|\n|t:|1699572172\n|move|p2a: Eternatus|Cosmic Power|p2a: Eternatus\n|-boost|p2a: Eternatus|def|1\n|-boost|p2a: Eternatus|spd|1\n|move|p1a: Blissey|Soft-Boiled|p1a: Blissey\n|-heal|p1a: Blissey|99\/100 psn\n|\n|-heal|p2a: Eternatus|92\/100 par|[from] item: Leftovers\n|-heal|p1a: Blissey|100\/100 psn|[from] item: Leftovers\n|-damage|p1a: Blissey|88\/100 psn|[from] psn\n|upkeep\n|turn|8\n|\n|t:|1699572183\n|cant|p2a: Eternatus|par\n|move|p1a: Blissey|Seismic Toss|p2a: Eternatus\n|-damage|p2a: Eternatus|72\/100 par\n|\n|-heal|p2a: Eternatus|78\/100 par|[from] item: Leftovers\n|-heal|p1a: Blissey|94\/100 psn|[from] item: Leftovers\n|-damage|p1a: Blissey|82\/100 psn|[from] psn\n|upkeep\n|turn|9\n|\n|t:|1699572192\n|move|p2a: Eternatus|Flamethrower|p1a: Blissey\n|-activate|p1a: Blissey|move: Substitute|[damage]\n|move|p1a: Blissey|Seismic Toss|p2a: Eternatus\n|-damage|p2a: Eternatus|57\/100 par\n|\n|-heal|p2a: Eternatus|63\/100 par|[from] item: Leftovers\n|-heal|p1a: Blissey|88\/100 psn|[from] item: Leftovers\n|-damage|p1a: Blissey|75\/100 psn|[from] psn\n|upkeep\n|turn|10\n|\n|t:|1699572205\n|move|p2a: Eternatus|Recover|p2a: Eternatus\n|-heal|p2a: Eternatus|100\/100 par\n|move|p1a: Blissey|Seismic Toss|p2a: Eternatus\n|-damage|p2a: Eternatus|80\/100 par\n|\n|-heal|p2a: Eternatus|86\/100 par|[from] item: Leftovers\n|-heal|p1a: Blissey|82\/100 psn|[from] item: Leftovers\n|-damage|p1a: Blissey|69\/100 psn|[from] psn\n|upkeep\n|turn|11\n|\n|t:|1699572217\n|move|p2a: Eternatus|Flamethrower|p1a: Blissey\n|-end|p1a: Blissey|Substitute\n|move|p1a: Blissey|Seismic Toss|p2a: Eternatus\n|-damage|p2a: Eternatus|65\/100 par\n|\n|-heal|p2a: Eternatus|72\/100 par|[from] item: Leftovers\n|-heal|p1a: Blissey|75\/100 psn|[from] item: Leftovers\n|-damage|p1a: Blissey|63\/100 psn|[from] psn\n|upkeep\n|turn|12\n|\n|t:|1699572227\n|move|p2a: Eternatus|Flamethrower|p1a: Blissey\n|-damage|p1a: Blissey|55\/100 psn\n|move|p1a: Blissey|Seismic Toss|p2a: Eternatus\n|-damage|p2a: Eternatus|51\/100 par\n|\n|-heal|p2a: Eternatus|57\/100 par|[from] item: Leftovers\n|-heal|p1a: Blissey|61\/100 psn|[from] item: Leftovers\n|-damage|p1a: Blissey|49\/100 psn|[from] psn\n|upkeep\n|turn|13\n|\n|t:|1699572245\n|switch|p2a: Dragonite|Dragonite, M|100\/100\n|-damage|p2a: Dragonite|75\/100|[from] Stealth Rock\n|move|p1a: Blissey|Soft-Boiled|p1a: Blissey\n|-heal|p1a: Blissey|99\/100 psn\n|\n|-heal|p1a: Blissey|100\/100 psn|[from] item: Leftovers\n|-damage|p1a: Blissey|88\/100 psn|[from] psn\n|upkeep\n|turn|14\n|\n|t:|1699572256\n|move|p2a: Dragonite|Dragon Dance|p2a: Dragonite\n|-boost|p2a: Dragonite|atk|1\n|-boost|p2a: Dragonite|spe|1\n|move|p1a: Blissey|Thunder Wave|p2a: Dragonite|[miss]\n|-miss|p1a: Blissey|p2a: Dragonite\n|\n|-heal|p1a: Blissey|94\/100 psn|[from] item: Leftovers\n|-damage|p1a: Blissey|82\/100 psn|[from] psn\n|upkeep\n|turn|15\n|\n|t:|1699572266\n|move|p2a: Dragonite|Dragon Dance|p2a: Dragonite\n|-boost|p2a: Dragonite|atk|1\n|-boost|p2a: Dragonite|spe|1\n|move|p1a: Blissey|Thunder Wave|p2a: Dragonite\n|-status|p2a: Dragonite|par\n|\n|-heal|p1a: Blissey|88\/100 psn|[from] item: Leftovers\n|-damage|p1a: Blissey|75\/100 psn|[from] psn\n|upkeep\n|turn|16\n|\n|t:|1699572276\n|-curestatus|p1a: Blissey|psn|[from] ability: Natural Cure\n|switch|p1a: Cyclizar|Cyclizar, F|100\/100\n|-status|p1a: Cyclizar|tox\n|cant|p2a: Dragonite|par\n|\n|-damage|p1a: Cyclizar|94\/100 tox|[from] psn\n|upkeep\n|turn|17\n|\n|t:|1699572286\n|move|p2a: Dragonite|Extreme Speed|p1a: Cyclizar\n|-damage|p1a: Cyclizar|0 fnt\n|faint|p1a: Cyclizar\n|\n|upkeep\n|\n|t:|1699572293\n|switch|p1a: Meloetta|Meloetta|100\/100\n|-status|p1a: Meloetta|tox\n|turn|18\n|\n|t:|1699572298\n|cant|p2a: Dragonite|par\n|move|p1a: Meloetta|Trick|p2a: Dragonite\n|-activate|p1a: Meloetta|move: Trick|[of] p2a: Dragonite\n|-item|p2a: Dragonite|Choice Scarf|[from] move: Trick\n|-item|p1a: Meloetta|Weakness Policy|[from] move: Trick\n|\n|-damage|p1a: Meloetta|94\/100 tox|[from] psn\n|upkeep\n|turn|19\n|\n|t:|1699572306\n|switch|p1a: Arceus|Arceus|100\/100\n|-status|p1a: Arceus|tox\n|move|p2a: Dragonite|Extreme Speed|p1a: Arceus\n|-immune|p1a: Arceus\n|\n|-damage|p1a: Arceus|95\/100 tox|[from] psn\n|upkeep\n|turn|20\n|\n|t:|1699572319\n|switch|p2a: Dragapult|Dragapult, M|100\/100\n|-damage|p2a: Dragapult|88\/100|[from] Stealth Rock\n|move|p1a: Arceus|Nasty Plot|p1a: Arceus\n|-boost|p1a: Arceus|spa|2\n|\n|-damage|p1a: Arceus|83\/100 tox|[from] psn\n|upkeep\n|turn|21\n|\n|t:|1699572331\n|move|p2a: Dragapult|Draco Meteor|p1a: Arceus\n|-damage|p1a: Arceus|0 fnt\n|-unboost|p2a: Dragapult|spa|2\n|replace|p1a: Zoroark|Zoroark-Hisui, F\n|-end|p1a: Zoroark|Illusion\n|faint|p1a: Zoroark\n|\n|upkeep\n|\n|t:|1699572339\n|switch|p1a: Meloetta|Meloetta|94\/100 tox\n|turn|22\n|\n|t:|1699572344\n|move|p2a: Dragapult|U-turn|p1a: Meloetta\n|-supereffective|p1a: Meloetta\n|-damage|p1a: Meloetta|72\/100 tox\n|-enditem|p1a: Meloetta|Weakness Policy\n|-boost|p1a: Meloetta|atk|2|[from] item: Weakness Policy\n|-boost|p1a: Meloetta|spa|2|[from] item: Weakness Policy\n|\n|t:|1699572354\n|switch|p2a: Eternatus|Eternatus|57\/100 par|[from] U-turn\n|-damage|p2a: Eternatus|45\/100 par|[from] Stealth Rock\n|-ability|p2a: Eternatus|Pressure\n|move|p1a: Meloetta|Calm Mind|p1a: Meloetta\n|-boost|p1a: Meloetta|spa|1\n|-boost|p1a: Meloetta|spd|1\n|\n|-heal|p2a: Eternatus|51\/100 par|[from] item: Leftovers\n|-damage|p1a: Meloetta|66\/100 tox|[from] psn\n|upkeep\n|turn|23\n|\n|t:|1699572366\n|move|p1a: Meloetta|Psyshock|p2a: Eternatus\n|-supereffective|p2a: Eternatus\n|-damage|p2a: Eternatus|0 fnt\n|faint|p2a: Eternatus\n|\n|-damage|p1a: Meloetta|53\/100 tox|[from] psn\n|upkeep\n|\n|t:|1699572373\n|switch|p2a: Dragonite|Dragonite, M|75\/100 par\n|-damage|p2a: Dragonite|50\/100 par|[from] Stealth Rock\n|turn|24\n|\n|t:|1699572378\n|move|p2a: Dragonite|Extreme Speed|p1a: Meloetta\n|-damage|p1a: Meloetta|32\/100 tox\n|move|p1a: Meloetta|Dazzling Gleam|p2a: Dragonite\n|-supereffective|p2a: Dragonite\n|-damage|p2a: Dragonite|0 fnt\n|faint|p2a: Dragonite\n|\n|-damage|p1a: Meloetta|14\/100 tox|[from] psn\n|upkeep\n|\n|t:|1699572395\n|switch|p2a: Dragapult|Dragapult, M|88\/100\n|-damage|p2a: Dragapult|76\/100|[from] Stealth Rock\n|turn|25\n|\n|t:|1699572399\n|move|p2a: Dragapult|U-turn|p1a: Meloetta\n|-supereffective|p1a: Meloetta\n|-damage|p1a: Meloetta|0 fnt\n|faint|p1a: Meloetta\n|c|\u2606guzmfran|Q tanto piensas jaja\n|c|\u2606bugallo123|estoy esperando que elijas poke\n|l|\u2606bugallo123\n|player|p2|\n|j|\u2606bugallo123\n|player|p2|bugallo123|266\n|\n|t:|1699572497\n|switch|p2a: Miraidon|Miraidon|100\/100|[from] U-turn\n|-damage|p2a: Miraidon|88\/100|[from] Stealth Rock\n|-fieldstart|move: Electric Terrain|[from] ability: Hadron Engine|[of] p2a: Miraidon\n|\n|upkeep\n|c|\u2606guzmfran|Men eres tu q tienes q elegir\n|c|\u2606guzmfran|Jajaj\n|c|\u2606bugallo123|olvide que hice u turn jajaja\n|\n|t:|1699572506\n|switch|p1a: Blissey|Blissey, F|75\/100\n|-status|p1a: Blissey|tox\n|turn|26\n|\n|t:|1699572512\n|move|p2a: Miraidon|Volt Switch|p1a: Blissey\n|-damage|p1a: Blissey|54\/100 tox\n|\n|t:|1699572520\n|switch|p2a: Rayquaza|Rayquaza|100\/100|[from] Volt Switch\n|-damage|p2a: Rayquaza|75\/100|[from] Stealth Rock\n|-ability|p2a: Rayquaza|Air Lock\n|move|p1a: Blissey|Soft-Boiled|p1a: Blissey\n|-heal|p1a: Blissey|100\/100 tox\n|\n|-damage|p1a: Blissey|94\/100 tox|[from] psn\n|upkeep\n|turn|27\n|\n|t:|1699572531\n|move|p2a: Rayquaza|Dragon Dance|p2a: Rayquaza\n|-boost|p2a: Rayquaza|atk|1\n|-boost|p2a: Rayquaza|spe|1\n|move|p1a: Blissey|Thunder Wave|p2a: Rayquaza\n|-status|p2a: Rayquaza|par\n|\n|-heal|p1a: Blissey|100\/100 tox|[from] item: Leftovers\n|-damage|p1a: Blissey|88\/100 tox|[from] psn\n|upkeep\n|turn|28\n|\n|t:|1699572543\n|move|p2a: Rayquaza|Dragon Dance|p2a: Rayquaza\n|-boost|p2a: Rayquaza|atk|1\n|-boost|p2a: Rayquaza|spe|1\n|move|p1a: Blissey|Seismic Toss|p2a: Rayquaza\n|-damage|p2a: Rayquaza|47\/100 par\n|\n|-heal|p1a: Blissey|94\/100 tox|[from] item: Leftovers\n|-damage|p1a: Blissey|76\/100 tox|[from] psn\n|upkeep\n|turn|29\n|\n|t:|1699572557\n|move|p2a: Rayquaza|Extreme Speed|p1a: Blissey\n|-damage|p1a: Blissey|0 fnt\n|faint|p1a: Blissey\n|-damage|p2a: Rayquaza|37\/100 par|[from] item: Life Orb\n|\n|-fieldend|move: Electric Terrain\n|upkeep\n|\n|t:|1699572565\n|switch|p1a: Arceus|Arceus|100\/100\n|-status|p1a: Arceus|tox\n|turn|30\n|\n|t:|1699572571\n|-terastallize|p1a: Arceus|Normal\n|cant|p2a: Rayquaza|par\n|move|p1a: Arceus|Extreme Speed|p2a: Rayquaza\n|-damage|p2a: Rayquaza|0 fnt\n|faint|p2a: Rayquaza\n|\n|-damage|p1a: Arceus|94\/100 tox|[from] psn\n|upkeep\n|\n|t:|1699572581\n|switch|p2a: Dragapult|Dragapult, M|76\/100\n|-damage|p2a: Dragapult|64\/100|[from] Stealth Rock\n|turn|31\n|\n|t:|1699572587\n|move|p2a: Dragapult|Draco Meteor|p1a: Arceus|[miss]\n|-miss|p2a: Dragapult|p1a: Arceus\n|move|p1a: Arceus|Swords Dance|p1a: Arceus\n|-boost|p1a: Arceus|atk|2\n|\n|-damage|p1a: Arceus|82\/100 tox|[from] psn\n|upkeep\n|turn|32\n|\n|t:|1699572595\n|move|p2a: Dragapult|Draco Meteor|p1a: Arceus\n|-damage|p1a: Arceus|44\/100 tox\n|-unboost|p2a: Dragapult|spa|2\n|move|p1a: Arceus|Shadow Claw|p2a: Dragapult\n|-supereffective|p2a: Dragapult\n|-damage|p2a: Dragapult|0 fnt\n|faint|p2a: Dragapult\n|\n|-damage|p1a: Arceus|26\/100 tox|[from] psn\n|upkeep\n|\n|t:|1699572608\n|switch|p2a: Miraidon|Miraidon|88\/100\n|-damage|p2a: Miraidon|76\/100|[from] Stealth Rock\n|-fieldstart|move: Electric Terrain|[from] ability: Hadron Engine|[of] p2a: Miraidon\n|turn|33\n|\n|t:|1699572618\n|move|p1a: Arceus|Extreme Speed|p2a: Miraidon\n|-damage|p2a: Miraidon|0 fnt\n|faint|p2a: Miraidon\n|\n|-damage|p1a: Arceus|2\/100 tox|[from] psn\n|upkeep\n|-enditem|p1a: Arceus|Aguav Berry|[eat]\n|-heal|p1a: Arceus|35\/100 tox|[from] item: Aguav Berry\n|\n|t:|1699572625\n|switch|p2a: Walking Wake|Walking Wake|100\/100\n|-damage|p2a: Walking Wake|88\/100|[from] Stealth Rock\n|turn|34\n|\n|t:|1699572631\n|move|p1a: Arceus|Extreme Speed|p2a: Walking Wake\n|-damage|p2a: Walking Wake|0 fnt\n|faint|p2a: Walking Wake\n|-end|p2a: Walking Wake|Protosynthesis|[silent]\n|\n|win|guzmfran\n|c|\u2606bugallo123|gg\n|l|\u2606bugallo123\n","uploadtime":1699572649,"views":4,"p1id":"guzmfran","p2id":"bugallo123","formatid":"gen9ubers","rating":0,"private":0,"password":""}