{"id":"gen9ubers-1997035624","p1":"Passemonde RPPLF","p2":"Vilja RPPLF","format":"[Gen 9] Ubers","log":"|j|\u2606Passemonde RPPLF\n|j|\u2606Vilja RPPLF\n|t:|1700757993\n|gametype|singles\n|player|p1|Passemonde RPPLF|rood|\n|player|p2|Vilja RPPLF|n-masters3|\n|teamsize|p1|6\n|teamsize|p2|6\n|gen|9\n|tier|[Gen 9] Ubers\n|rule|Sleep Clause Mod: Limit one foe put to sleep\n|rule|Species Clause: Limit one of each Pok\u00e9mon\n|rule|OHKO Clause: OHKO moves are banned\n|rule|Evasion Items Clause: Evasion items are banned\n|rule|Evasion Moves Clause: Evasion moves are banned\n|rule|Endless Battle Clause: Forcing endless battles is banned\n|rule|HP Percentage Mod: HP is shown in percentages\n|clearpoke\n|poke|p1|Clefable, F|\n|poke|p1|Avalugg, M|\n|poke|p1|Crawdaunt, M|\n|poke|p1|Slowking-Galar, M|\n|poke|p1|Eternatus|\n|poke|p1|Landorus-Therian, M|\n|poke|p2|Volcanion|\n|poke|p2|Landorus-Therian, M|\n|poke|p2|Garganacl, F|\n|poke|p2|Slowking-Galar, F|\n|poke|p2|Maushold-Four|\n|poke|p2|Weavile, F|\n|teampreview\n|inactive|Battle timer is ON: inactive players will automatically lose when time's up. (requested by Vilja RPPLF)\n|inactiveoff|Battle timer is now OFF.\n|c|\u2606Vilja RPPLF|Bon match\n|n|\u2606Passemonde RPPLF|passemonderpplf\n|c|\u2606Passemonde RPPLF|Bon match ! Et bonne chance\n|\n|t:|1700758048\n|start\n|switch|p1a: Landorus|Landorus-Therian, M|100\/100\n|switch|p2a: Landorus|Landorus-Therian, M|100\/100\n|-ability|p1a: Landorus|Intimidate|boost\n|-unboost|p2a: Landorus|atk|1\n|-ability|p2a: Landorus|Intimidate|boost\n|-unboost|p1a: Landorus|atk|1\n|turn|1\n|\n|t:|1700758057\n|move|p1a: Landorus|U-turn|p2a: Landorus\n|-resisted|p2a: Landorus\n|-damage|p2a: Landorus|92\/100\n|\n|t:|1700758061\n|switch|p1a: Dragon berg|Avalugg, M|100\/100|[from] U-turn\n|move|p2a: Landorus|U-turn|p1a: Dragon berg\n|-damage|p1a: Dragon berg|90\/100\n|-damage|p2a: Landorus|82\/100|[from] item: Life Orb\n|\n|t:|1700758067\n|switch|p2a: Volcanion|Volcanion|100\/100|[from] U-turn\n|\n|upkeep\n|turn|2\n|\n|t:|1700758077\n|switch|p1a: Eau revoir|Slowking-Galar, M|100\/100\n|move|p2a: Volcanion|Steam Eruption|p1a: Eau revoir\n|-damage|p1a: Eau revoir|55\/100\n|\n|upkeep\n|turn|3\n|\n|t:|1700758088\n|switch|p1a: Landorus|Landorus-Therian, M|100\/100\n|-ability|p1a: Landorus|Intimidate|boost\n|-unboost|p2a: Volcanion|atk|1\n|-terastallize|p2a: Volcanion|Ground\n|move|p2a: Volcanion|Earth Power|p1a: Landorus\n|-immune|p1a: Landorus\n|\n|upkeep\n|turn|4\n|\n|t:|1700758118\n|switch|p2a: Landorus|Landorus-Therian, M|82\/100\n|-ability|p2a: Landorus|Intimidate|boost\n|-unboost|p1a: Landorus|atk|1\n|move|p1a: Landorus|U-turn|p2a: Landorus\n|-resisted|p2a: Landorus\n|-damage|p2a: Landorus|72\/100\n|\n|t:|1700758133\n|switch|p1a: Dragon berg|Avalugg, M|90\/100|[from] U-turn\n|\n|upkeep\n|turn|5\n|\n|t:|1700758142\n|move|p2a: Landorus|U-turn|p1a: Dragon berg\n|-damage|p1a: Dragon berg|75\/100\n|-damage|p2a: Landorus|62\/100|[from] item: Life Orb\n|\n|t:|1700758147\n|switch|p2a: Garganacl|Garganacl, F, shiny|100\/100|[from] U-turn\n|move|p1a: Dragon berg|Avalanche|p2a: Garganacl\n|-damage|p2a: Garganacl|86\/100\n|\n|-heal|p2a: Garganacl|92\/100|[from] item: Leftovers\n|upkeep\n|turn|6\n|\n|t:|1700758172\n|switch|p1a: Eau revoir|Slowking-Galar, M|89\/100\n|move|p2a: Garganacl|Salt Cure|p1a: Eau revoir\n|-damage|p1a: Eau revoir|75\/100\n|-start|p1a: Eau revoir|Salt Cure\n|\n|-heal|p2a: Garganacl|99\/100|[from] item: Leftovers\n|-damage|p1a: Eau revoir|62\/100|[from] Salt Cure\n|upkeep\n|turn|7\n|\n|t:|1700758183\n|switch|p2a: Slowking|Slowking-Galar, F, shiny|100\/100\n|move|p1a: Eau revoir|Future Sight|p2a: Slowking\n|-start|p1a: Eau revoir|move: Future Sight\n|\n|-damage|p1a: Eau revoir|50\/100|[from] Salt Cure\n|upkeep\n|-enditem|p1a: Eau revoir|Sitrus Berry|[eat]\n|-heal|p1a: Eau revoir|75\/100|[from] item: Sitrus Berry\n|turn|8\n|\n|t:|1700758195\n|move|p2a: Slowking|Future Sight|p1a: Eau revoir\n|-start|p2a: Slowking|move: Future Sight\n|move|p1a: Eau revoir|Chilly Reception|p1a: Eau revoir\n|-weather|Snow\n|\n|t:|1700758201\n|switch|p1a: Eau chiotte|Crawdaunt, M|100\/100|[from] Chilly Reception\n|\n|-weather|Snow|[upkeep]\n|upkeep\n|turn|9\n|\n|t:|1700758213\n|switch|p2a: Landorus|Landorus-Therian, M|62\/100\n|-ability|p2a: Landorus|Intimidate|boost\n|-unboost|p1a: Eau chiotte|atk|1\n|move|p1a: Eau chiotte|Knock Off|p2a: Landorus\n|-crit|p2a: Landorus\n|-damage|p2a: Landorus|0 fnt\n|-enditem|p2a: Landorus|Life Orb|[from] move: Knock Off|[of] p1a: Eau chiotte\n|faint|p2a: Landorus\n|\n|-weather|Snow|[upkeep]\n|-hint|Future Sight did not hit because the target is fainted.\n|upkeep\n|\n|t:|1700758242\n|switch|p2a: Maushold|Maushold-Four, shiny|100\/100\n|turn|10\n|\n|t:|1700758252\n|switch|p1a: Eau revoir|Slowking-Galar, M|100\/100\n|move|p2a: Maushold|Tidy Up|p2a: Maushold\n|-boost|p2a: Maushold|atk|1\n|-boost|p2a: Maushold|spe|1\n|\n|-weather|Snow|[upkeep]\n|-end|p1a: Eau revoir|move: Future Sight\n|-damage|p1a: Eau revoir|69\/100\n|upkeep\n|turn|11\n|\n|t:|1700758271\n|move|p2a: Maushold|Low Kick|p1a: Eau revoir\n|-resisted|p1a: Eau revoir\n|-damage|p1a: Eau revoir|60\/100\n|move|p1a: Eau revoir|Yawn|p2a: Maushold\n|-start|p2a: Maushold|move: Yawn|[of] p1a: Eau revoir\n|\n|-weather|Snow|[upkeep]\n|upkeep\n|turn|12\n|\n|t:|1700758285\n|move|p2a: Maushold|Population Bomb|p1a: Eau revoir\n|-damage|p1a: Eau revoir|44\/100\n|-damage|p1a: Eau revoir|28\/100\n|-damage|p1a: Eau revoir|12\/100\n|-damage|p1a: Eau revoir|0 fnt\n|faint|p1a: Eau revoir\n|-hitcount|p1: Eau revoir|4\n|\n|-weather|none\n|-end|p2a: Maushold|move: Yawn|[silent]\n|-status|p2a: Maushold|slp\n|upkeep\n|\n|t:|1700758300\n|switch|p1a: Landorus|Landorus-Therian, M|100\/100\n|-ability|p1a: Landorus|Intimidate|boost\n|-unboost|p2a: Maushold|atk|1\n|turn|13\n|\n|t:|1700758307\n|cant|p2a: Maushold|slp\n|move|p1a: Landorus|Earthquake|p2a: Maushold\n|-damage|p2a: Maushold|14\/100 slp\n|\n|upkeep\n|turn|14\n|\n|t:|1700758315\n|-curestatus|p2a: Maushold|slp|[msg]\n|move|p2a: Maushold|Population Bomb|p1a: Landorus\n|-damage|p1a: Landorus|88\/100\n|-damage|p1a: Landorus|75\/100\n|-damage|p1a: Landorus|63\/100\n|-damage|p1a: Landorus|49\/100\n|-damage|p1a: Landorus|36\/100\n|-damage|p1a: Landorus|23\/100\n|-damage|p1a: Landorus|11\/100\n|-damage|p1a: Landorus|0 fnt\n|faint|p1a: Landorus\n|-hitcount|p1: Landorus|8\n|\n|upkeep\n|\n|t:|1700758336\n|switch|p1a: Dragon berg|Avalugg, M|75\/100\n|turn|15\n|\n|t:|1700758345\n|move|p2a: Maushold|Low Kick|p1a: Dragon berg\n|-supereffective|p1a: Dragon berg\n|-damage|p1a: Dragon berg|51\/100\n|move|p1a: Dragon berg|Body Press|p2a: Maushold\n|-supereffective|p2a: Maushold\n|-damage|p2a: Maushold|0 fnt\n|faint|p2a: Maushold\n|\n|upkeep\n|\n|t:|1700758355\n|switch|p2a: Volcanion|Volcanion, tera:Ground|100\/100\n|turn|16\n|\n|t:|1700758365\n|move|p2a: Volcanion|Earth Power|p1a: Dragon berg\n|-damage|p1a: Dragon berg|0 fnt\n|faint|p1a: Dragon berg\n|\n|upkeep\n|\n|t:|1700758386\n|switch|p1a: Eau mon dieu|Clefable, F|100\/100\n|turn|17\n|\n|t:|1700758397\n|switch|p2a: Slowking|Slowking-Galar, F, shiny|100\/100\n|move|p1a: Eau mon dieu|Calm Mind|p1a: Eau mon dieu\n|-boost|p1a: Eau mon dieu|spa|1\n|-boost|p1a: Eau mon dieu|spd|1\n|\n|upkeep\n|turn|18\n|\n|t:|1700758413\n|-terastallize|p1a: Eau mon dieu|Water\n|move|p1a: Eau mon dieu|Calm Mind|p1a: Eau mon dieu\n|-boost|p1a: Eau mon dieu|spa|1\n|-boost|p1a: Eau mon dieu|spd|1\n|move|p2a: Slowking|Sludge Bomb|p1a: Eau mon dieu\n|-damage|p1a: Eau mon dieu|84\/100\n|\n|upkeep\n|turn|19\n|\n|t:|1700758421\n|move|p1a: Eau mon dieu|Calm Mind|p1a: Eau mon dieu\n|-boost|p1a: Eau mon dieu|spa|1\n|-boost|p1a: Eau mon dieu|spd|1\n|move|p2a: Slowking|Future Sight|p1a: Eau mon dieu\n|-start|p2a: Slowking|move: Future Sight\n|\n|upkeep\n|turn|20\n|\n|t:|1700758430\n|move|p1a: Eau mon dieu|Calm Mind|p1a: Eau mon dieu\n|-boost|p1a: Eau mon dieu|spa|1\n|-boost|p1a: Eau mon dieu|spd|1\n|move|p2a: Slowking|Chilly Reception|p2a: Slowking\n|-weather|Snow\n|\n|t:|1700758436\n|switch|p2a: Garganacl|Garganacl, F, shiny|99\/100|[from] Chilly Reception\n|\n|-weather|Snow|[upkeep]\n|-heal|p2a: Garganacl|100\/100|[from] item: Leftovers\n|upkeep\n|turn|21\n|\n|t:|1700758446\n|move|p1a: Eau mon dieu|Calm Mind|p1a: Eau mon dieu\n|-boost|p1a: Eau mon dieu|spa|1\n|-boost|p1a: Eau mon dieu|spd|1\n|move|p2a: Garganacl|Salt Cure|p1a: Eau mon dieu\n|-damage|p1a: Eau mon dieu|71\/100\n|\n|-weather|Snow|[upkeep]\n|-end|p1a: Eau mon dieu|move: Future Sight\n|-damage|p1a: Eau mon dieu|59\/100\n|upkeep\n|turn|22\n|\n|t:|1700758458\n|move|p1a: Eau mon dieu|Draining Kiss|p2a: Garganacl\n|-damage|p2a: Garganacl|65\/100\n|-heal|p1a: Eau mon dieu|88\/100|[from] drain|[of] p2a: Garganacl\n|move|p2a: Garganacl|Curse|p2a: Garganacl\n|-unboost|p2a: Garganacl|spe|1\n|-boost|p2a: Garganacl|atk|1\n|-boost|p2a: Garganacl|def|1\n|\n|-weather|Snow|[upkeep]\n|-heal|p2a: Garganacl|71\/100|[from] item: Leftovers\n|upkeep\n|turn|23\n|\n|t:|1700758469\n|move|p1a: Eau mon dieu|Calm Mind|p1a: Eau mon dieu\n|-boost|p1a: Eau mon dieu|spa|1\n|-boost|p1a: Eau mon dieu|spd|1\n|move|p2a: Garganacl|Curse|p2a: Garganacl\n|-unboost|p2a: Garganacl|spe|1\n|-boost|p2a: Garganacl|atk|1\n|-boost|p2a: Garganacl|def|1\n|\n|-weather|Snow|[upkeep]\n|-heal|p2a: Garganacl|77\/100|[from] item: Leftovers\n|upkeep\n|turn|24\n|\n|t:|1700758479\n|move|p1a: Eau mon dieu|Draining Kiss|p2a: Garganacl\n|-damage|p2a: Garganacl|33\/100\n|-heal|p1a: Eau mon dieu|100\/100|[from] drain|[of] p2a: Garganacl\n|move|p2a: Garganacl|Recover|p2a: Garganacl\n|-heal|p2a: Garganacl|83\/100\n|\n|-weather|none\n|-heal|p2a: Garganacl|89\/100|[from] item: Leftovers\n|upkeep\n|turn|25\n|\n|t:|1700758491\n|move|p1a: Eau mon dieu|Draining Kiss|p2a: Garganacl\n|-damage|p2a: Garganacl|46\/100\n|move|p2a: Garganacl|Earthquake|p1a: Eau mon dieu\n|-damage|p1a: Eau mon dieu|83\/100\n|\n|-heal|p2a: Garganacl|52\/100|[from] item: Leftovers\n|upkeep\n|turn|26\n|\n|t:|1700758518\n|move|p1a: Eau mon dieu|Flamethrower|p2a: Garganacl\n|-resisted|p2a: Garganacl\n|-crit|p2a: Garganacl\n|-damage|p2a: Garganacl|17\/100\n|move|p2a: Garganacl|Earthquake|p1a: Eau mon dieu\n|-damage|p1a: Eau mon dieu|64\/100\n|\n|-heal|p2a: Garganacl|23\/100|[from] item: Leftovers\n|upkeep\n|turn|27\n|\n|t:|1700758527\n|move|p1a: Eau mon dieu|Draining Kiss|p2a: Garganacl\n|-damage|p2a: Garganacl|0 fnt\n|-heal|p1a: Eau mon dieu|82\/100|[from] drain|[of] p2a: Garganacl\n|faint|p2a: Garganacl\n|\n|upkeep\n|\n|t:|1700758541\n|switch|p2a: Slowking|Slowking-Galar, F, shiny|100\/100\n|turn|28\n|\n|t:|1700758558\n|move|p1a: Eau mon dieu|Flamethrower|p2a: Slowking\n|-damage|p2a: Slowking|46\/100\n|move|p2a: Slowking|Sludge Bomb|p1a: Eau mon dieu\n|-damage|p1a: Eau mon dieu|73\/100\n|\n|-heal|p2a: Slowking|52\/100|[from] item: Black Sludge\n|upkeep\n|turn|29\n|\n|t:|1700758567\n|move|p1a: Eau mon dieu|Flamethrower|p2a: Slowking\n|-damage|p2a: Slowking|0 fnt\n|faint|p2a: Slowking\n|\n|upkeep\n|\n|t:|1700758570\n|switch|p2a: Volcanion|Volcanion, tera:Ground|100\/100\n|turn|30\n|\n|t:|1700758575\n|move|p1a: Eau mon dieu|Draining Kiss|p2a: Volcanion\n|-damage|p2a: Volcanion|57\/100\n|-heal|p1a: Eau mon dieu|100\/100|[from] drain|[of] p2a: Volcanion\n|move|p2a: Volcanion|Earth Power|p1a: Eau mon dieu\n|-damage|p1a: Eau mon dieu|87\/100\n|\n|upkeep\n|turn|31\n|\n|t:|1700758605\n|move|p1a: Eau mon dieu|Draining Kiss|p2a: Volcanion\n|-damage|p2a: Volcanion|10\/100\n|-heal|p1a: Eau mon dieu|100\/100|[from] drain|[of] p2a: Volcanion\n|move|p2a: Volcanion|Earth Power|p1a: Eau mon dieu\n|-damage|p1a: Eau mon dieu|87\/100\n|\n|upkeep\n|turn|32\n|\n|t:|1700758614\n|move|p1a: Eau mon dieu|Draining Kiss|p2a: Volcanion\n|-damage|p2a: Volcanion|0 fnt\n|-heal|p1a: Eau mon dieu|94\/100|[from] drain|[of] p2a: Volcanion\n|faint|p2a: Volcanion\n|\n|upkeep\n|\n|t:|1700758620\n|switch|p2a: Weavile|Weavile, F|100\/100\n|-ability|p2a: Weavile|Pressure\n|turn|33\n|\n|t:|1700758625\n|move|p2a: Weavile|Knock Off|p1a: Eau mon dieu\n|-damage|p1a: Eau mon dieu|57\/100\n|-enditem|p1a: Eau mon dieu|Covert Cloak|[from] move: Knock Off|[of] p2a: Weavile\n|move|p1a: Eau mon dieu|Draining Kiss|p2a: Weavile\n|-supereffective|p2a: Weavile\n|-damage|p2a: Weavile|0 fnt\n|-heal|p1a: Eau mon dieu|100\/100|[from] drain|[of] p2a: Weavile\n|faint|p2a: Weavile\n|\n|win|Passemonde RPPLF\n|c|\u2606Vilja RPPLF|gg\n","uploadtime":1700758637,"views":1,"p1id":"passemonderpplf","p2id":"viljarpplf","formatid":"gen9ubers","rating":0,"private":0,"password":""}