{"id":"gen9ubers-1995075801","p1":"iboxedyou","p2":"NK Spar Kings","format":"[Gen 9] Ubers","log":"|j|\u2606iboxedyou\n|j|\u2606NK Spar Kings\n|t:|1700519889\n|gametype|singles\n|player|p1|iboxedyou|101|\n|player|p2|NK Spar Kings|hilbert|\n|teamsize|p1|6\n|teamsize|p2|6\n|gen|9\n|tier|[Gen 9] Ubers\n|rule|Sleep Clause Mod: Limit one foe put to sleep\n|rule|Species Clause: Limit one of each Pok\u00e9mon\n|rule|OHKO Clause: OHKO moves are banned\n|rule|Evasion Items Clause: Evasion items are banned\n|rule|Evasion Moves Clause: Evasion moves are banned\n|rule|Endless Battle Clause: Forcing endless battles is banned\n|rule|HP Percentage Mod: HP is shown in percentages\n|clearpoke\n|poke|p1|Iron Moth|\n|poke|p1|Kingambit, F|\n|poke|p1|Regieleki|\n|poke|p1|Regidrago|\n|poke|p1|Gastrodon, F|\n|poke|p1|Sneasler, M|\n|poke|p2|Pawmot, M|\n|poke|p2|Ceruledge, F|\n|poke|p2|Thundurus-Therian, M|\n|poke|p2|Gardevoir, M|\n|poke|p2|Azelf|\n|poke|p2|Appletun, M|\n|teampreview\n|c|\u2606NK Spar Kings|wow\n|c|\u2606NK Spar Kings|Almost nothing that I was expecting xD\n|c|\u2606NK Spar Kings|gl hf\n|\n|t:|1700519918\n|start\n|switch|p1a: Regieleki|Regieleki|100\/100\n|switch|p2a: Smurfelf|Azelf|100\/100\n|turn|1\n|\n|t:|1700519929\n|switch|p2a: Azulongmon|Thundurus-Therian, M|100\/100\n|move|p1a: Regieleki|Light Screen|p1a: Regieleki\n|-sidestart|p1: iboxedyou|move: Light Screen\n|\n|upkeep\n|turn|2\n|\n|t:|1700519939\n|move|p1a: Regieleki|Reflect|p1a: Regieleki\n|-sidestart|p1: iboxedyou|Reflect\n|move|p2a: Azulongmon|Psychic|p1a: Regieleki\n|-damage|p1a: Regieleki|78\/100\n|\n|upkeep\n|turn|3\n|\n|t:|1700519953\n|switch|p1a: Gastrodon|Gastrodon, F|100\/100\n|move|p2a: Azulongmon|Volt Switch|p1a: Gastrodon\n|-immune|p1a: Gastrodon\n|\n|upkeep\n|turn|4\n|\n|t:|1700519962\n|move|p2a: Azulongmon|Grass Knot|p1a: Gastrodon\n|-supereffective|p1a: Gastrodon\n|-damage|p1a: Gastrodon|69\/100\n|move|p1a: Gastrodon|Stealth Rock|p2a: Azulongmon\n|-sidestart|p2: NK Spar Kings|move: Stealth Rock\n|\n|-heal|p1a: Gastrodon|75\/100|[from] item: Leftovers\n|upkeep\n|turn|5\n|\n|t:|1700519972\n|switch|p1a: Iron Moth|Iron Moth|100\/100\n|-enditem|p1a: Iron Moth|Booster Energy\n|-activate|p1a: Iron Moth|ability: Quark Drive|[fromitem]\n|-start|p1a: Iron Moth|quarkdrivespe\n|move|p2a: Azulongmon|Grass Knot|p1a: Iron Moth\n|-resisted|p1a: Iron Moth\n|-damage|p1a: Iron Moth|98\/100\n|\n|upkeep\n|turn|6\n|\n|t:|1700519984\n|move|p1a: Iron Moth|Substitute|p1a: Iron Moth\n|-start|p1a: Iron Moth|Substitute\n|-damage|p1a: Iron Moth|73\/100\n|move|p2a: Azulongmon|Psychic|p1a: Iron Moth\n|-supereffective|p1a: Iron Moth\n|-end|p1a: Iron Moth|Substitute\n|\n|upkeep\n|turn|7\n|\n|t:|1700519997\n|move|p1a: Iron Moth|Fiery Dance|p2a: Azulongmon\n|-damage|p2a: Azulongmon|65\/100\n|-boost|p1a: Iron Moth|spa|1\n|move|p2a: Azulongmon|Psychic|p1a: Iron Moth\n|-supereffective|p1a: Iron Moth\n|-damage|p1a: Iron Moth|40\/100\n|\n|upkeep\n|turn|8\n|\n|t:|1700520006\n|move|p1a: Iron Moth|Fiery Dance|p2a: Azulongmon\n|-damage|p2a: Azulongmon|14\/100\n|-boost|p1a: Iron Moth|spa|1\n|move|p2a: Azulongmon|Psychic|p1a: Iron Moth\n|-supereffective|p1a: Iron Moth\n|-crit|p1a: Iron Moth\n|-damage|p1a: Iron Moth|0 fnt\n|faint|p1a: Iron Moth\n|-end|p1a: Iron Moth|Quark Drive|[silent]\n|\n|-sideend|p1: iboxedyou|move: Light Screen\n|upkeep\n|\n|t:|1700520025\n|switch|p1a: Sneasler|Sneasler, M|100\/100\n|turn|9\n|\n|t:|1700520030\n|move|p1a: Sneasler|Dire Claw|p2a: Azulongmon\n|-damage|p2a: Azulongmon|0 fnt\n|faint|p2a: Azulongmon\n|\n|-sideend|p1: iboxedyou|Reflect\n|upkeep\n|\n|t:|1700520040\n|switch|p2a: Azura|Ceruledge, F, shiny|100\/100\n|-damage|p2a: Azura|76\/100|[from] Stealth Rock\n|turn|10\n|\n|t:|1700520048\n|move|p1a: Sneasler|Dire Claw|p2a: Azura\n|-resisted|p2a: Azura\n|-damage|p2a: Azura|50\/100\n|-status|p2a: Azura|slp\n|cant|p2a: Azura|slp\n|\n|upkeep\n|turn|11\n|c|\u2606NK Spar Kings|Come on xD\n|\n|t:|1700520057\n|move|p1a: Sneasler|Shadow Claw|p2a: Azura\n|-supereffective|p2a: Azura\n|-damage|p2a: Azura|0 fnt\n|faint|p2a: Azura\n|\n|upkeep\n|\n|t:|1700520065\n|switch|p2a: Crispin|Appletun, M, shiny|100\/100\n|-damage|p2a: Crispin|88\/100|[from] Stealth Rock\n|turn|12\n|\n|t:|1700520092\n|-terastallize|p2a: Crispin|Steel\n|move|p1a: Sneasler|Swords Dance|p1a: Sneasler\n|-boost|p1a: Sneasler|atk|2\n|move|p2a: Crispin|Leech Seed|p1a: Sneasler\n|-start|p1a: Sneasler|move: Leech Seed\n|\n|-heal|p2a: Crispin|94\/100|[from] item: Leftovers\n|-damage|p1a: Sneasler|88\/100|[from] Leech Seed|[of] p2a: Crispin\n|-heal|p2a: Crispin|100\/100|[silent]\n|upkeep\n|turn|13\n|\n|t:|1700520104\n|switch|p2a: Bender|Gardevoir, M, shiny|100\/100\n|-damage|p2a: Bender|88\/100|[from] Stealth Rock\n|-ability|p2a: Bender|Unburden|[from] ability: Trace|[of] p1a: Sneasler\n|move|p1a: Sneasler|Close Combat|p2a: Bender\n|-resisted|p2a: Bender\n|-damage|p2a: Bender|32\/100\n|-unboost|p1a: Sneasler|def|1\n|-unboost|p1a: Sneasler|spd|1\n|\n|-damage|p1a: Sneasler|76\/100|[from] Leech Seed|[of] p2a: Bender\n|-heal|p2a: Bender|46\/100|[silent]\n|upkeep\n|turn|14\n|\n|t:|1700520119\n|move|p2a: Bender|Moonblast|p1a: Sneasler\n|-damage|p1a: Sneasler|0 fnt\n|faint|p1a: Sneasler\n|\n|upkeep\n|\n|t:|1700520142\n|switch|p1a: Kingambit|Kingambit, F|100\/100\n|-activate|p1a: Kingambit|ability: Supreme Overlord\n|-start|p1a: Kingambit|fallen2|[silent]\n|turn|15\n|\n|t:|1700520161\n|switch|p2a: Smurfelf|Azelf|100\/100\n|-damage|p2a: Smurfelf|88\/100|[from] Stealth Rock\n|move|p1a: Kingambit|Substitute|p1a: Kingambit\n|-start|p1a: Kingambit|Substitute\n|-damage|p1a: Kingambit|75\/100\n|\n|upkeep\n|turn|16\n|\n|t:|1700520179\n|move|p2a: Smurfelf|Stealth Rock|p1a: Kingambit\n|-sidestart|p1: iboxedyou|move: Stealth Rock\n|move|p1a: Kingambit|Kowtow Cleave|p2a: Smurfelf\n|-supereffective|p2a: Smurfelf\n|-damage|p2a: Smurfelf|0 fnt\n|faint|p2a: Smurfelf\n|\n|upkeep\n|\n|t:|1700520185\n|switch|p2a: Sparking|Pawmot, M|100\/100\n|-damage|p2a: Sparking|94\/100|[from] Stealth Rock\n|turn|17\n|\n|t:|1700520195\n|move|p2a: Sparking|Mach Punch|p1a: Kingambit\n|-supereffective|p1a: Kingambit\n|-end|p1a: Kingambit|Substitute\n|move|p1a: Kingambit|Kowtow Cleave|p2a: Sparking\n|-resisted|p2a: Sparking\n|-damage|p2a: Sparking|36\/100\n|\n|upkeep\n|turn|18\n|\n|t:|1700520212\n|-end|p1a: Kingambit|fallen2|[silent]\n|switch|p1a: Gastrodon|Gastrodon, F|75\/100\n|-damage|p1a: Gastrodon|69\/100|[from] Stealth Rock\n|move|p2a: Sparking|Mach Punch|p1a: Gastrodon\n|-damage|p1a: Gastrodon|49\/100\n|\n|-heal|p1a: Gastrodon|55\/100|[from] item: Leftovers\n|upkeep\n|turn|19\n|\n|t:|1700520223\n|move|p2a: Sparking|Seed Bomb|p1a: Gastrodon\n|-supereffective|p1a: Gastrodon\n|-damage|p1a: Gastrodon|0 fnt\n|faint|p1a: Gastrodon\n|\n|upkeep\n|\n|t:|1700520228\n|switch|p1a: Regidrago|Regidrago|100\/100\n|-damage|p1a: Regidrago|88\/100|[from] Stealth Rock\n|turn|20\n|\n|t:|1700520237\n|switch|p2a: Bender|Gardevoir, M, shiny|46\/100\n|-damage|p2a: Bender|33\/100|[from] Stealth Rock\n|-ability|p2a: Bender|Dragon's Maw|[from] ability: Trace|[of] p1a: Regidrago\n|move|p1a: Regidrago|Earth Power|p2a: Bender\n|-damage|p2a: Bender|5\/100\n|\n|upkeep\n|turn|21\n|\n|t:|1700520272\n|move|p2a: Bender|Moonblast|p1a: Regidrago\n|-supereffective|p1a: Regidrago\n|-damage|p1a: Regidrago|0 fnt\n|faint|p1a: Regidrago\n|\n|upkeep\n|\n|t:|1700520279\n|switch|p1a: Kingambit|Kingambit, F|75\/100\n|-damage|p1a: Kingambit|69\/100|[from] Stealth Rock\n|-activate|p1a: Kingambit|ability: Supreme Overlord\n|-start|p1a: Kingambit|fallen4|[silent]\n|turn|22\n|\n|t:|1700520285\n|move|p1a: Kingambit|Sucker Punch|p2a: Bender\n|-damage|p2a: Bender|0 fnt\n|faint|p2a: Bender\n|\n|upkeep\n|\n|t:|1700520343\n|switch|p2a: Sparking|Pawmot, M|36\/100\n|-damage|p2a: Sparking|30\/100|[from] Stealth Rock\n|turn|23\n|\n|t:|1700520410\n|-end|p1a: Kingambit|fallen4|[silent]\n|switch|p1a: Regieleki|Regieleki|78\/100\n|-damage|p1a: Regieleki|65\/100|[from] Stealth Rock\n|move|p2a: Sparking|Close Combat|p1a: Regieleki\n|-damage|p1a: Regieleki|0 fnt\n|-unboost|p2a: Sparking|def|1\n|-unboost|p2a: Sparking|spd|1\n|faint|p1a: Regieleki\n|\n|upkeep\n|\n|t:|1700520420\n|switch|p1a: Kingambit|Kingambit, F|69\/100\n|-damage|p1a: Kingambit|63\/100|[from] Stealth Rock\n|-activate|p1a: Kingambit|ability: Supreme Overlord\n|-start|p1a: Kingambit|fallen5|[silent]\n|turn|24\n|\n|t:|1700520434\n|move|p2a: Sparking|Mach Punch|p1a: Kingambit\n|-supereffective|p1a: Kingambit\n|-damage|p1a: Kingambit|0 fnt\n|faint|p1a: Kingambit\n|-end|p1a: Kingambit|fallen5|[silent]\n|\n|win|NK Spar Kings\n|c|\u2606NK Spar Kings|gg\n|c|\u2606NK Spar Kings|Had me sweating there\n|c|\u2606NK Spar Kings|wp\n","uploadtime":1700520450,"views":22,"p1id":"iboxedyou","p2id":"nksparkings","formatid":"gen9ubers","rating":0,"private":0,"password":""}