{"id":"gen9ubers-1973129872","p1":"MeteorAsh15","p2":"Clandestinechampy","format":"[Gen 9] Ubers","log":"|j|\u2606MeteorAsh15\n|j|\u2606Clandestinechampy\n|t:|1697930973\n|gametype|singles\n|player|p1|MeteorAsh15|nate|1220\n|player|p2|Clandestinechampy|harlequin|1280\n|teamsize|p1|6\n|teamsize|p2|6\n|gen|9\n|tier|[Gen 9] Ubers\n|rated|\n|rule|Sleep Clause Mod: Limit one foe put to sleep\n|rule|Species Clause: Limit one of each Pok\u00e9mon\n|rule|OHKO Clause: OHKO moves are banned\n|rule|Evasion Items Clause: Evasion items are banned\n|rule|Evasion Moves Clause: Evasion moves are banned\n|rule|Endless Battle Clause: Forcing endless battles is banned\n|rule|HP Percentage Mod: HP is shown in percentages\n|clearpoke\n|poke|p1|Mew|\n|poke|p1|Zacian-*|\n|poke|p1|Espathra, F|\n|poke|p1|Eternatus|\n|poke|p1|Ninetales-Alola, F|\n|poke|p1|Baxcalibur, F|\n|poke|p2|Espeon, F|\n|poke|p2|Skeledirge, M|\n|poke|p2|Ditto|\n|poke|p2|Garganacl, M|\n|poke|p2|Iron Bundle|\n|poke|p2|Clodsire, M|\n|teampreview\n|inactive|Battle timer is ON: inactive players will automatically lose when time's up. (requested by MeteorAsh15)\n|\n|t:|1697930982\n|start\n|switch|p1a: Espathra|Espathra, F, shiny|100\/100\n|switch|p2a: Viv|Espeon, F|100\/100\n|turn|1\n|\n|t:|1697930992\n|move|p1a: Espathra|Protect|p1a: Espathra\n|-singleturn|p1a: Espathra|Protect\n|move|p2a: Viv|Trick|p1a: Espathra\n|-activate|p1a: Espathra|move: Protect\n|\n|-ability|p1a: Espathra|Speed Boost|boost\n|-boost|p1a: Espathra|spe|1\n|upkeep\n|turn|2\n|\n|t:|1697931006\n|move|p1a: Espathra|Calm Mind|p1a: Espathra\n|-boost|p1a: Espathra|spa|1\n|-boost|p1a: Espathra|spd|1\n|move|p2a: Viv|Trick|p1a: Espathra\n|-activate|p2a: Viv|move: Trick|[of] p1a: Espathra\n|-item|p1a: Espathra|Choice Scarf|[from] move: Trick\n|-item|p2a: Viv|Leftovers|[from] move: Trick\n|\n|-ability|p1a: Espathra|Speed Boost|boost\n|-boost|p1a: Espathra|spe|1\n|upkeep\n|turn|3\n|\n|t:|1697931019\n|switch|p2a: Echo|Skeledirge, M, shiny|100\/100\n|move|p1a: Espathra|Stored Power|p2a: Echo\n|-damage|p2a: Echo|68\/100\n|\n|-heal|p2a: Echo|74\/100|[from] item: Leftovers\n|-ability|p1a: Espathra|Speed Boost|boost\n|-boost|p1a: Espathra|spe|1\n|upkeep\n|turn|4\n|\n|t:|1697931029\n|move|p1a: Espathra|Stored Power|p2a: Echo\n|-damage|p2a: Echo|30\/100\n|move|p2a: Echo|Will-O-Wisp|p1a: Espathra|[miss]\n|-miss|p2a: Echo|p1a: Espathra\n|\n|-heal|p2a: Echo|37\/100|[from] item: Leftovers\n|-ability|p1a: Espathra|Speed Boost|boost\n|-boost|p1a: Espathra|spe|1\n|upkeep\n|turn|5\n|\n|t:|1697931041\n|move|p1a: Espathra|Stored Power|p2a: Echo\n|-damage|p2a: Echo|0 fnt\n|faint|p2a: Echo\n|\n|-ability|p1a: Espathra|Speed Boost|boost\n|-boost|p1a: Espathra|spe|1\n|upkeep\n|\n|t:|1697931051\n|switch|p2a: Imago|Ditto|100\/100\n|-transform|p2a: Imago|p1a: Espathra|[from] ability: Imposter\n|turn|6\n|\n|t:|1697931062\n|-terastallize|p2a: Imago|Steel\n|move|p2a: Imago|Stored Power|p1a: Espathra\n|-resisted|p1a: Espathra\n|-damage|p1a: Espathra|49\/100\n|move|p1a: Espathra|Stored Power|p2a: Imago\n|-resisted|p2a: Imago\n|-damage|p2a: Imago|37\/100\n|\n|-ability|p1a: Espathra|Speed Boost|boost\n|-boost|p1a: Espathra|spe|1\n|-ability|p2a: Imago|Speed Boost|boost\n|-boost|p2a: Imago|spe|1\n|upkeep\n|turn|7\n|\n|t:|1697931076\n|move|p1a: Espathra|Stored Power|p2a: Imago\n|-resisted|p2a: Imago\n|-damage|p2a: Imago|0 fnt\n|faint|p2a: Imago\n|\n|upkeep\n|-message|Clandestinechampy forfeited.\n|\n|win|MeteorAsh15\n|raw|MeteorAsh15's rating: 1220 &rarr; <strong>1249<\/strong><br \/>(+29 for winning)\n|raw|Clandestinechampy's rating: 1280 &rarr; <strong>1251<\/strong><br \/>(-29 for losing)\n|l|\u2606Clandestinechampy\n","uploadtime":1697931088,"views":10,"p1id":"meteorash15","p2id":"clandestinechampy","formatid":"gen9ubers","rating":1249,"private":0,"password":""}