{"id":"gen9ubers-1968114599","p1":"ilikeeatingcrayons","p2":"PTKmoekyuun","format":"[Gen 9] Ubers","log":"|j|\u2606ilikeeatingcrayons\n|j|\u2606PTKmoekyuun\n|t:|1697385788\n|gametype|singles\n|player|p1|ilikeeatingcrayons|youngster-gen4dp|\n|player|p2|PTKmoekyuun|1|\n|teamsize|p1|6\n|teamsize|p2|6\n|gen|9\n|tier|[Gen 9] Ubers\n|rule|Sleep Clause Mod: Limit one foe put to sleep\n|rule|Species Clause: Limit one of each Pok\u00e9mon\n|rule|OHKO Clause: OHKO moves are banned\n|rule|Evasion Items Clause: Evasion items are banned\n|rule|Evasion Moves Clause: Evasion moves are banned\n|rule|Endless Battle Clause: Forcing endless battles is banned\n|rule|HP Percentage Mod: HP is shown in percentages\n|clearpoke\n|poke|p1|Landorus, M|\n|poke|p1|Shaymin-Sky|\n|poke|p1|Magearna|\n|poke|p1|Arceus-Fire|\n|poke|p1|Zacian-*|\n|poke|p1|Cyclizar, M|\n|poke|p2|Chi-Yu|\n|poke|p2|Slowking, F|\n|poke|p2|Volcarona, M|\n|poke|p2|Conkeldurr, F|\n|poke|p2|Gholdengo|\n|poke|p2|Quagsire, F|\n|teampreview\n|inactive|Battle timer is ON: inactive players will automatically lose when time's up. (requested by ilikeeatingcrayons)\n|c|\u2606ilikeeatingcrayons|glhf\n|\n|t:|1697385811\n|start\n|switch|p1a: Cyclizar|Cyclizar, M|100\/100\n|switch|p2a: Quagsire|Quagsire, F|100\/100\n|turn|1\n|c|\u2606PTKmoekyuun|glhf\n|\n|t:|1697385816\n|move|p1a: Cyclizar|Shed Tail|p1a: Cyclizar\n|-start|p1a: Cyclizar|Substitute|[from] move: Shed Tail\n|-damage|p1a: Cyclizar|50\/100\n|\n|t:|1697385818\n|switch|p1a: Shaymin|Shaymin-Sky|100\/100|[from] Shed Tail\n|move|p2a: Quagsire|Toxic Spikes|p1a: Shaymin\n|-sidestart|p1: ilikeeatingcrayons|move: Toxic Spikes\n|\n|upkeep\n|turn|2\n|\n|t:|1697385834\n|switch|p2a: Gholdengo|Gholdengo|100\/100\n|move|p1a: Shaymin|Seed Flare|p2a: Gholdengo\n|-resisted|p2a: Gholdengo\n|-damage|p2a: Gholdengo|60\/100\n|-damage|p1a: Shaymin|91\/100|[from] item: Life Orb\n|\n|upkeep\n|turn|3\n|\n|t:|1697385840\n|-terastallize|p2a: Gholdengo|Flying\n|move|p1a: Shaymin|Earth Power|p2a: Gholdengo\n|-immune|p2a: Gholdengo\n|move|p2a: Gholdengo|Recover|p2a: Gholdengo\n|-heal|p2a: Gholdengo|100\/100\n|\n|upkeep\n|turn|4\n|\n|t:|1697385845\n|move|p1a: Shaymin|Air Slash|p2a: Gholdengo\n|-damage|p2a: Gholdengo|55\/100\n|-damage|p1a: Shaymin|81\/100|[from] item: Life Orb\n|move|p2a: Gholdengo|Hex|p1a: Shaymin\n|-end|p1a: Shaymin|Substitute\n|\n|upkeep\n|turn|5\n|\n|t:|1697385848\n|move|p1a: Shaymin|Air Slash|p2a: Gholdengo\n|-damage|p2a: Gholdengo|11\/100\n|-damage|p1a: Shaymin|71\/100|[from] item: Life Orb\n|move|p2a: Gholdengo|Recover|p2a: Gholdengo\n|-heal|p2a: Gholdengo|61\/100\n|\n|upkeep\n|turn|6\n|\n|t:|1697385850\n|move|p1a: Shaymin|Air Slash|p2a: Gholdengo\n|-damage|p2a: Gholdengo|12\/100\n|-damage|p1a: Shaymin|61\/100|[from] item: Life Orb\n|move|p2a: Gholdengo|Recover|p2a: Gholdengo\n|-heal|p2a: Gholdengo|62\/100\n|\n|upkeep\n|turn|7\n|\n|t:|1697385853\n|move|p1a: Shaymin|Air Slash|p2a: Gholdengo\n|-damage|p2a: Gholdengo|16\/100\n|-damage|p1a: Shaymin|51\/100|[from] item: Life Orb\n|move|p2a: Gholdengo|Recover|p2a: Gholdengo\n|-heal|p2a: Gholdengo|66\/100\n|\n|upkeep\n|turn|8\n|\n|t:|1697385855\n|move|p1a: Shaymin|Air Slash|p2a: Gholdengo\n|-damage|p2a: Gholdengo|20\/100\n|-damage|p1a: Shaymin|41\/100|[from] item: Life Orb\n|move|p2a: Gholdengo|Recover|p2a: Gholdengo\n|-heal|p2a: Gholdengo|70\/100\n|\n|upkeep\n|turn|9\n|\n|t:|1697385861\n|move|p1a: Shaymin|Air Slash|p2a: Gholdengo\n|-damage|p2a: Gholdengo|20\/100\n|-damage|p1a: Shaymin|31\/100|[from] item: Life Orb\n|move|p2a: Gholdengo|Recover|p2a: Gholdengo\n|-heal|p2a: Gholdengo|70\/100\n|\n|upkeep\n|turn|10\n|\n|t:|1697385864\n|move|p1a: Shaymin|Air Slash|p2a: Gholdengo\n|-damage|p2a: Gholdengo|26\/100\n|-damage|p1a: Shaymin|21\/100|[from] item: Life Orb\n|move|p2a: Gholdengo|Recover|p2a: Gholdengo\n|-heal|p2a: Gholdengo|76\/100\n|\n|upkeep\n|turn|11\n|\n|t:|1697385872\n|move|p1a: Shaymin|Air Slash|p2a: Gholdengo\n|-damage|p2a: Gholdengo|28\/100\n|-damage|p1a: Shaymin|11\/100|[from] item: Life Orb\n|move|p2a: Gholdengo|Recover|p2a: Gholdengo\n|-heal|p2a: Gholdengo|78\/100\n|\n|upkeep\n|turn|12\n|\n|t:|1697385882\n|move|p1a: Shaymin|Air Slash|p2a: Gholdengo\n|-damage|p2a: Gholdengo|30\/100\n|-damage|p1a: Shaymin|1\/100|[from] item: Life Orb\n|move|p2a: Gholdengo|Hex|p1a: Shaymin\n|-damage|p1a: Shaymin|0 fnt\n|faint|p1a: Shaymin\n|\n|upkeep\n|c|\u2606ilikeeatingcrayons|Serene grace just isnt a real thing\n|c|\u2606PTKmoekyuun|is covert cloak\n|inactive|ilikeeatingcrayons has 270 seconds left.\n|\n|t:|1697385914\n|switch|p1a: Landorus|Landorus, M|100\/100\n|turn|13\n|c|\u2606PTKmoekyuun|not flinching would have been almost impossible :O\n|\n|t:|1697385925\n|move|p1a: Landorus|Sludge Bomb|p2a: Gholdengo\n|-damage|p2a: Gholdengo|0 fnt\n|faint|p2a: Gholdengo\n|\n|upkeep\n|\n|t:|1697385928\n|switch|p2a: Slowking|Slowking, F|100\/100\n|turn|14\n|c|\u2606ilikeeatingcrayons|That makes a lot more sense\n|\n|t:|1697385935\n|switch|p1a: Magearna|Magearna|100\/100\n|move|p2a: Slowking|Chilly Reception|p2a: Slowking\n|-weather|Snow\n|\n|t:|1697385950\n|switch|p2a: Chi-Yu|Chi-Yu|100\/100|[from] Chilly Reception\n|-ability|p2a: Chi-Yu|Beads of Ruin\n|\n|-weather|Snow|[upkeep]\n|upkeep\n|turn|15\n|\n|t:|1697385956\n|-terastallize|p1a: Magearna|Water\n|move|p2a: Chi-Yu|Overheat|p1a: Magearna\n|-resisted|p1a: Magearna\n|-damage|p1a: Magearna|73\/100\n|-unboost|p2a: Chi-Yu|spa|2\n|move|p1a: Magearna|Thunder Wave|p2a: Chi-Yu\n|-status|p2a: Chi-Yu|par\n|\n|-weather|Snow|[upkeep]\n|-heal|p1a: Magearna|79\/100|[from] item: Leftovers\n|upkeep\n|turn|16\n|\n|t:|1697385963\n|switch|p2a: Slowking|Slowking, F|100\/100\n|move|p1a: Magearna|Spikes|p2a: Slowking\n|-sidestart|p2: PTKmoekyuun|Spikes\n|\n|-weather|Snow|[upkeep]\n|-heal|p1a: Magearna|85\/100|[from] item: Leftovers\n|upkeep\n|turn|17\n|\n|t:|1697385966\n|move|p1a: Magearna|Thunder Wave|p2a: Slowking\n|-status|p2a: Slowking|par\n|move|p2a: Slowking|Thunder Wave|p1a: Magearna|[miss]\n|-miss|p2a: Slowking|p1a: Magearna\n|\n|-weather|Snow|[upkeep]\n|-heal|p1a: Magearna|91\/100|[from] item: Leftovers\n|upkeep\n|turn|18\n|\n|t:|1697385973\n|move|p1a: Magearna|Volt Switch|p2a: Slowking\n|-supereffective|p2a: Slowking\n|-damage|p2a: Slowking|75\/100 par\n|\n|t:|1697385977\n|switch|p1a: Cyclizar|Cyclizar, M|84\/100|[from] Volt Switch\n|move|p2a: Slowking|Chilly Reception|p2a: Slowking\n|\n|t:|1697385980\n|switch|p2a: Conkeldurr|Conkeldurr, F|100\/100|[from] Chilly Reception\n|-damage|p2a: Conkeldurr|88\/100|[from] Spikes\n|\n|-weather|none\n|-status|p2a: Conkeldurr|brn|[from] item: Flame Orb\n|upkeep\n|turn|19\n|\n|t:|1697385988\n|switch|p1a: Landorus|Landorus, M|100\/100\n|move|p2a: Conkeldurr|Mach Punch|p1a: Landorus\n|-resisted|p1a: Landorus\n|-damage|p1a: Landorus|80\/100\n|\n|-damage|p2a: Conkeldurr|82\/100 brn|[from] brn\n|upkeep\n|turn|20\n|\n|t:|1697385994\n|switch|p2a: Slowking|Slowking, F|100\/100 par\n|move|p1a: Landorus|Earth Power|p2a: Slowking\n|-damage|p2a: Slowking|66\/100 par\n|\n|upkeep\n|turn|21\n|\n|t:|1697386001\n|switch|p1a: Magearna|Magearna, tera:Water|91\/100\n|-status|p1a: Magearna|psn\n|move|p2a: Slowking|Chilly Reception|p2a: Slowking\n|-weather|Snow\n|\n|t:|1697386023\n|switch|p2a: Quagsire|Quagsire, F|100\/100|[from] Chilly Reception\n|-damage|p2a: Quagsire|88\/100|[from] Spikes\n|\n|-weather|Snow|[upkeep]\n|-heal|p1a: Magearna|97\/100 psn|[from] item: Leftovers\n|-heal|p2a: Quagsire|94\/100|[from] item: Leftovers\n|-damage|p1a: Magearna|85\/100 psn|[from] psn\n|upkeep\n|turn|22\n|\n|t:|1697386036\n|switch|p1a: Cyclizar|Cyclizar, M|100\/100\n|switch|p2a: Slowking|Slowking, F|99\/100 par\n|\n|-weather|Snow|[upkeep]\n|upkeep\n|turn|23\n|\n|t:|1697386043\n|move|p1a: Cyclizar|Shed Tail|p1a: Cyclizar\n|-start|p1a: Cyclizar|Substitute|[from] move: Shed Tail\n|-damage|p1a: Cyclizar|50\/100\n|\n|t:|1697386050\n|switch|p1a: Zacian|Zacian|100\/100|[from] Shed Tail\n|-ability|p1a: Zacian|Intrepid Sword|boost\n|-boost|p1a: Zacian|atk|1\n|move|p2a: Slowking|Chilly Reception|p2a: Slowking\n|\n|t:|1697386059\n|switch|p2a: Volcarona|Volcarona, M|100\/100|[from] Chilly Reception\n|\n|-weather|Snow|[upkeep]\n|upkeep\n|turn|24\n|\n|t:|1697386067\n|move|p1a: Zacian|Play Rough|p2a: Volcarona\n|-resisted|p2a: Volcarona\n|-damage|p2a: Volcarona|56\/100\n|-status|p1a: Zacian|brn|[from] ability: Flame Body|[of] p2a: Volcarona\n|move|p2a: Volcarona|Whirlwind|p1a: Zacian\n|drag|p1a: Arceus|Arceus-Fire|100\/100\n|-status|p1a: Arceus|psn\n|\n|-weather|Snow|[upkeep]\n|-damage|p1a: Arceus|88\/100 psn|[from] psn\n|upkeep\n|turn|25\n|\n|t:|1697386079\n|switch|p2a: Quagsire|Quagsire, F|94\/100\n|-damage|p2a: Quagsire|82\/100|[from] Spikes\n|move|p1a: Arceus|Flare Blitz|p2a: Quagsire\n|-resisted|p2a: Quagsire\n|-damage|p2a: Quagsire|53\/100\n|-damage|p1a: Arceus|79\/100 psn|[from] Recoil\n|\n|-weather|none\n|-heal|p2a: Quagsire|59\/100|[from] item: Leftovers\n|-damage|p1a: Arceus|66\/100 psn|[from] psn\n|upkeep\n|turn|26\n|\n|t:|1697386087\n|switch|p1a: Cyclizar|Cyclizar, M|84\/100\n|switch|p2a: Conkeldurr|Conkeldurr, F|82\/100 brn\n|-damage|p2a: Conkeldurr|70\/100 brn|[from] Spikes\n|\n|-damage|p2a: Conkeldurr|64\/100 brn|[from] brn\n|upkeep\n|turn|27\n|\n|t:|1697386092\n|switch|p1a: Zacian|Zacian|100\/100 brn\n|move|p2a: Conkeldurr|Facade|p1a: Zacian\n|-damage|p1a: Zacian|27\/100 brn\n|\n|-damage|p1a: Zacian|20\/100 brn|[from] brn\n|-damage|p2a: Conkeldurr|58\/100 brn|[from] brn\n|upkeep\n|turn|28\n|\n|t:|1697386096\n|switch|p2a: Quagsire|Quagsire, F|59\/100\n|-damage|p2a: Quagsire|46\/100|[from] Spikes\n|move|p1a: Zacian|Play Rough|p2a: Quagsire\n|-damage|p2a: Quagsire|32\/100\n|\n|-heal|p2a: Quagsire|38\/100|[from] item: Leftovers\n|-damage|p1a: Zacian|14\/100 brn|[from] brn\n|upkeep\n|turn|29\n|\n|t:|1697386100\n|move|p1a: Zacian|Play Rough|p2a: Quagsire\n|-damage|p2a: Quagsire|23\/100\n|-unboost|p2a: Quagsire|atk|1\n|move|p2a: Quagsire|Recover|p2a: Quagsire\n|-heal|p2a: Quagsire|73\/100\n|\n|-heal|p2a: Quagsire|79\/100|[from] item: Leftovers\n|-damage|p1a: Zacian|8\/100 brn|[from] brn\n|upkeep\n|turn|30\n|\n|t:|1697386111\n|switch|p2a: Volcarona|Volcarona, M|56\/100\n|move|p1a: Zacian|Play Rough|p2a: Volcarona\n|-resisted|p2a: Volcarona\n|-damage|p2a: Volcarona|41\/100\n|\n|-damage|p1a: Zacian|2\/100 brn|[from] brn\n|upkeep\n|turn|31\n|\n|t:|1697386113\n|move|p1a: Zacian|Play Rough|p2a: Volcarona\n|-resisted|p2a: Volcarona\n|-damage|p2a: Volcarona|27\/100\n|move|p2a: Volcarona|Quiver Dance|p2a: Volcarona\n|-boost|p2a: Volcarona|spa|1\n|-boost|p2a: Volcarona|spd|1\n|-boost|p2a: Volcarona|spe|1\n|\n|-damage|p1a: Zacian|0 fnt|[from] brn\n|faint|p1a: Zacian\n|upkeep\n|\n|t:|1697386117\n|switch|p1a: Arceus|Arceus-Fire|66\/100 psn\n|turn|32\n|\n|t:|1697386141\n|move|p1a: Arceus|Extreme Speed|p2a: Volcarona\n|-damage|p2a: Volcarona|0 fnt\n|faint|p2a: Volcarona\n|\n|-damage|p1a: Arceus|54\/100 psn|[from] psn\n|upkeep\n|inactive|PTKmoekyuun has 270 seconds left.\n|\n|t:|1697386173\n|switch|p2a: Slowking|Slowking, F|100\/100 par\n|turn|33\n|\n|t:|1697386178\n|move|p1a: Arceus|Recover|p1a: Arceus\n|-heal|p1a: Arceus|100\/100 psn\n|move|p2a: Slowking|Scald|p1a: Arceus\n|-supereffective|p1a: Arceus\n|-damage|p1a: Arceus|59\/100 psn\n|\n|-damage|p1a: Arceus|46\/100 psn|[from] psn\n|upkeep\n|turn|34\n|inactive|PTKmoekyuun has 270 seconds left.\n|\n|t:|1697386185\n|switch|p1a: Magearna|Magearna, tera:Water|85\/100 psn\n|move|p2a: Slowking|Scald|p1a: Magearna\n|-resisted|p1a: Magearna\n|-damage|p1a: Magearna|76\/100 psn\n|\n|-heal|p1a: Magearna|82\/100 psn|[from] item: Leftovers\n|-damage|p1a: Magearna|70\/100 psn|[from] psn\n|upkeep\n|turn|35\n|\n|t:|1697386192\n|move|p1a: Magearna|Spikes|p2a: Slowking\n|-sidestart|p2: PTKmoekyuun|Spikes\n|move|p2a: Slowking|Chilly Reception|p2a: Slowking\n|-weather|Snow\n|\n|t:|1697386193\n|switch|p2a: Chi-Yu|Chi-Yu|100\/100 par|[from] Chilly Reception\n|-damage|p2a: Chi-Yu|84\/100 par|[from] Spikes\n|-ability|p2a: Chi-Yu|Beads of Ruin\n|\n|-weather|Snow|[upkeep]\n|-heal|p1a: Magearna|76\/100 psn|[from] item: Leftovers\n|-damage|p1a: Magearna|64\/100 psn|[from] psn\n|upkeep\n|turn|36\n|\n|t:|1697386205\n|move|p2a: Chi-Yu|Dark Pulse|p1a: Magearna\n|-crit|p1a: Magearna\n|-damage|p1a: Magearna|15\/100 psn\n|move|p1a: Magearna|Volt Switch|p2a: Chi-Yu\n|-damage|p2a: Chi-Yu|61\/100 par\n|\n|t:|1697386212\n|switch|p1a: Landorus|Landorus, M|80\/100|[from] Volt Switch\n|\n|-weather|Snow|[upkeep]\n|upkeep\n|turn|37\n|\n|t:|1697386229\n|move|p1a: Landorus|Earth Power|p2a: Chi-Yu\n|-supereffective|p2a: Chi-Yu\n|-damage|p2a: Chi-Yu|0 fnt\n|faint|p2a: Chi-Yu\n|\n|-weather|Snow|[upkeep]\n|upkeep\n|\n|t:|1697386233\n|switch|p2a: Slowking|Slowking, F|100\/100 par\n|turn|38\n|\n|t:|1697386239\n|switch|p1a: Magearna|Magearna, tera:Water|15\/100 psn\n|cant|p2a: Slowking|par\n|\n|-weather|Snow|[upkeep]\n|-heal|p1a: Magearna|21\/100 psn|[from] item: Leftovers\n|-damage|p1a: Magearna|8\/100 psn|[from] psn\n|upkeep\n|turn|39\n|\n|t:|1697386244\n|move|p1a: Magearna|Spikes|p2a: Slowking\n|-sidestart|p2: PTKmoekyuun|Spikes\n|move|p2a: Slowking|Chilly Reception|p2a: Slowking\n|\n|t:|1697386249\n|switch|p2a: Quagsire|Quagsire, F|79\/100|[from] Chilly Reception\n|-damage|p2a: Quagsire|55\/100|[from] Spikes\n|\n|-weather|none\n|-heal|p1a: Magearna|15\/100 psn|[from] item: Leftovers\n|-heal|p2a: Quagsire|61\/100|[from] item: Leftovers\n|-damage|p1a: Magearna|2\/100 psn|[from] psn\n|upkeep\n|turn|40\n|\n|t:|1697386260\n|switch|p1a: Cyclizar|Cyclizar, M|100\/100\n|move|p2a: Quagsire|Recover|p2a: Quagsire\n|-heal|p2a: Quagsire|100\/100\n|\n|upkeep\n|turn|41\n|\n|t:|1697386270\n|switch|p2a: Slowking|Slowking, F|100\/100 par\n|move|p1a: Cyclizar|Knock Off|p2a: Slowking\n|-supereffective|p2a: Slowking\n|-damage|p2a: Slowking|59\/100 par\n|-enditem|p2a: Slowking|Heavy-Duty Boots|[from] move: Knock Off|[of] p1a: Cyclizar\n|\n|upkeep\n|turn|42\n|\n|t:|1697386277\n|move|p1a: Cyclizar|Shed Tail|p1a: Cyclizar\n|-start|p1a: Cyclizar|Substitute|[from] move: Shed Tail\n|-damage|p1a: Cyclizar|50\/100\n|\n|t:|1697386284\n|switch|p1a: Landorus|Landorus, M|80\/100|[from] Shed Tail\n|move|p2a: Slowking|Ice Beam|p1a: Landorus\n|-supereffective|p1a: Landorus\n|-end|p1a: Landorus|Substitute\n|\n|upkeep\n|turn|43\n|\n|t:|1697386288\n|move|p1a: Landorus|U-turn|p2a: Slowking\n|-supereffective|p2a: Slowking\n|-damage|p2a: Slowking|23\/100 par\n|\n|t:|1697386290\n|switch|p1a: Cyclizar|Cyclizar, M|84\/100|[from] U-turn\n|move|p2a: Slowking|Ice Beam|p1a: Cyclizar\n|-supereffective|p1a: Cyclizar\n|-damage|p1a: Cyclizar|29\/100\n|\n|upkeep\n|turn|44\n|\n|t:|1697386306\n|switch|p2a: Quagsire|Quagsire, F|100\/100\n|-damage|p2a: Quagsire|76\/100|[from] Spikes\n|move|p1a: Cyclizar|Knock Off|p2a: Quagsire\n|-crit|p2a: Quagsire\n|-damage|p2a: Quagsire|53\/100\n|-enditem|p2a: Quagsire|Leftovers|[from] move: Knock Off|[of] p1a: Cyclizar\n|\n|upkeep\n|turn|45\n|\n|t:|1697386318\n|switch|p1a: Magearna|Magearna, tera:Water|2\/100 psn\n|move|p2a: Quagsire|Recover|p2a: Quagsire\n|-heal|p2a: Quagsire|100\/100\n|\n|-heal|p1a: Magearna|8\/100 psn|[from] item: Leftovers\n|-damage|p1a: Magearna|0 fnt|[from] psn\n|faint|p1a: Magearna\n|upkeep\n|\n|t:|1697386323\n|switch|p1a: Cyclizar|Cyclizar, M|62\/100\n|turn|46\n|\n|t:|1697386331\n|switch|p2a: Slowking|Slowking, F|56\/100 par\n|-damage|p2a: Slowking|31\/100 par|[from] Spikes\n|move|p1a: Cyclizar|Knock Off|p2a: Slowking\n|-supereffective|p2a: Slowking\n|-damage|p2a: Slowking|1\/100 par\n|\n|upkeep\n|turn|47\n|\n|t:|1697386339\n|move|p1a: Cyclizar|Shed Tail|p1a: Cyclizar\n|-start|p1a: Cyclizar|Substitute|[from] move: Shed Tail\n|-damage|p1a: Cyclizar|12\/100\n|\n|t:|1697386341\n|switch|p1a: Landorus|Landorus, M|80\/100|[from] Shed Tail\n|cant|p2a: Slowking|par\n|\n|upkeep\n|turn|48\n|c|\u2606PTKmoekyuun|gg\n|-message|PTKmoekyuun forfeited.\n|\n|win|ilikeeatingcrayons\n|c|\u2606ilikeeatingcrayons|Gg\n|l|\u2606PTKmoekyuun\n","uploadtime":1697386365,"views":20,"p1id":"ilikeeatingcrayons","p2id":"ptkmoekyuun","formatid":"gen9ubers","rating":0,"private":0,"password":""}