{"id":"gen9ubers-1974011114","p1":"JustRankinUp","p2":"Yoouhhi","format":"[Gen 9] Ubers","log":"|j|\u2606JustRankinUp\n|j|\u2606Yoouhhi\n|t:|1698041415\n|gametype|singles\n|player|p1|JustRankinUp|cynthia-gen4|\n|player|p2|Yoouhhi|265|\n|teamsize|p1|6\n|teamsize|p2|6\n|gen|9\n|tier|[Gen 9] Ubers\n|rule|Sleep Clause Mod: Limit one foe put to sleep\n|rule|Species Clause: Limit one of each Pok\u00e9mon\n|rule|OHKO Clause: OHKO moves are banned\n|rule|Evasion Items Clause: Evasion items are banned\n|rule|Evasion Moves Clause: Evasion moves are banned\n|rule|Endless Battle Clause: Forcing endless battles is banned\n|rule|HP Percentage Mod: HP is shown in percentages\n|clearpoke\n|poke|p1|Zoroark-Hisui, F|\n|poke|p1|Diancie|\n|poke|p1|Indeedee-F, F|\n|poke|p1|Baxcalibur, F|\n|poke|p1|Ceruledge, F|\n|poke|p1|Ogerpon-Hearthflame, F|\n|poke|p2|Baxcalibur, M|\n|poke|p2|Samurott-Hisui, M|\n|poke|p2|Arboliva, M|\n|poke|p2|Ceruledge, M|\n|poke|p2|Calyrex-Ice|\n|poke|p2|Kingambit, M|\n|teampreview\n|\n|t:|1698041421\n|start\n|switch|p1a: Ogerpon|Ogerpon-Hearthflame, F|100\/100\n|switch|p2a: Arboliva|Arboliva, M|100\/100\n|turn|1\n|\n|t:|1698041432\n|move|p1a: Ogerpon|Sludge Bomb|p2a: Arboliva\n|-supereffective|p2a: Arboliva\n|-damage|p2a: Arboliva|27\/100\n|-fieldstart|move: Grassy Terrain|[from] ability: Seed Sower|[of] p2a: Arboliva\n|move|p2a: Arboliva|Strength Sap|p1a: Ogerpon\n|-unboost|p1a: Ogerpon|atk|1\n|-heal|p2a: Arboliva|85\/100\n|\n|-heal|p2a: Arboliva|92\/100|[from] Grassy Terrain\n|-heal|p2a: Arboliva|98\/100|[from] item: Leftovers\n|upkeep\n|turn|2\n|\n|t:|1698041456\n|move|p1a: Ogerpon|Sludge Bomb|p2a: Arboliva\n|-supereffective|p2a: Arboliva\n|-damage|p2a: Arboliva|14\/100\n|move|p2a: Arboliva|Pollen Puff|p1a: Ogerpon\n|-resisted|p1a: Ogerpon\n|-damage|p1a: Ogerpon|64\/100\n|replace|p1a: Therianthrope|Zoroark-Hisui, F, shiny\n|-end|p1a: Therianthrope|Illusion\n|\n|-heal|p1a: Therianthrope|70\/100|[from] Grassy Terrain\n|-heal|p2a: Arboliva|20\/100|[from] Grassy Terrain\n|-heal|p2a: Arboliva|27\/100|[from] item: Leftovers\n|upkeep\n|turn|3\n|\n|t:|1698041478\n|switch|p2a: Kingambit|Kingambit, M|100\/100\n|move|p1a: Therianthrope|Sludge Bomb|p2a: Kingambit\n|-immune|p2a: Kingambit\n|\n|-heal|p1a: Therianthrope|76\/100|[from] Grassy Terrain\n|upkeep\n|turn|4\n|\n|t:|1698041519\n|switch|p1a: Diancie|Diancie, shiny|100\/100\n|move|p2a: Kingambit|Kowtow Cleave|p1a: Diancie\n|-resisted|p1a: Diancie\n|-damage|p1a: Diancie|76\/100\n|-damage|p2a: Kingambit|91\/100|[from] item: Life Orb\n|\n|-heal|p2a: Kingambit|97\/100|[from] Grassy Terrain\n|-heal|p1a: Diancie|82\/100|[from] Grassy Terrain\n|upkeep\n|turn|5\n|\n|t:|1698041547\n|-end|p2a: Kingambit|fallenundefined|[silent]\n|switch|p2a: Calyrex|Calyrex-Ice|100\/100\n|-ability|p2a: Calyrex|As One\n|-ability|p2a: Calyrex|Unnerve\n|-terastallize|p1a: Diancie|Fighting\n|move|p1a: Diancie|Body Press|p2a: Calyrex\n|-damage|p2a: Calyrex|77\/100\n|\n|-heal|p1a: Diancie|88\/100|[from] Grassy Terrain\n|-heal|p2a: Calyrex|83\/100|[from] Grassy Terrain\n|-fieldend|move: Grassy Terrain\n|upkeep\n|turn|6\n|\n|t:|1698041563\n|move|p1a: Diancie|Diamond Storm|p2a: Calyrex\n|-supereffective|p2a: Calyrex\n|-damage|p2a: Calyrex|40\/100\n|move|p2a: Calyrex|Trick Room|p2a: Calyrex\n|-fieldstart|move: Trick Room|[of] p2a: Calyrex\n|\n|upkeep\n|turn|7\n|\n|t:|1698041604\n|switch|p2a: Samurott|Samurott-Hisui, M|100\/100\n|move|p1a: Diancie|Diamond Storm|p2a: Samurott\n|-damage|p2a: Samurott|54\/100\n|-boost|p1a: Diancie|def|2\n|\n|-heal|p2a: Samurott|60\/100|[from] item: Leftovers\n|upkeep\n|turn|8\n|\n|t:|1698041633\n|switch|p2a: Arboliva|Arboliva, M|27\/100\n|move|p1a: Diancie|Moonblast|p2a: Arboliva\n|-damage|p2a: Arboliva|0 fnt\n|-fieldstart|move: Grassy Terrain|[from] ability: Seed Sower|[of] p2a: Arboliva\n|faint|p2a: Arboliva\n|\n|-heal|p1a: Diancie|94\/100|[from] Grassy Terrain\n|upkeep\n|\n|t:|1698041661\n|switch|p2a: Kingambit|Kingambit, M|97\/100\n|-activate|p2a: Kingambit|ability: Supreme Overlord\n|-start|p2a: Kingambit|fallen1|[silent]\n|turn|9\n|\n|t:|1698041669\n|move|p1a: Diancie|Moonblast|p2a: Kingambit\n|-damage|p2a: Kingambit|51\/100\n|move|p2a: Kingambit|Zen Headbutt|p1a: Diancie\n|-supereffective|p1a: Diancie\n|-damage|p1a: Diancie|57\/100\n|-damage|p2a: Kingambit|42\/100|[from] item: Life Orb\n|\n|-heal|p1a: Diancie|63\/100|[from] Grassy Terrain\n|-heal|p2a: Kingambit|48\/100|[from] Grassy Terrain\n|upkeep\n|turn|10\n|\n|t:|1698041709\n|-end|p2a: Kingambit|fallen1|[silent]\n|switch|p2a: Calyrex|Calyrex-Ice|40\/100\n|-ability|p2a: Calyrex|As One\n|-ability|p2a: Calyrex|Unnerve\n|move|p1a: Diancie|Diamond Storm|p2a: Calyrex\n|-supereffective|p2a: Calyrex\n|-damage|p2a: Calyrex|0 fnt\n|-boost|p1a: Diancie|def|2\n|faint|p2a: Calyrex\n|\n|-heal|p1a: Diancie|69\/100|[from] Grassy Terrain\n|-fieldend|move: Trick Room\n|upkeep\n|\n|t:|1698041734\n|switch|p2a: Ceruledge|Ceruledge, M|100\/100\n|turn|11\n|\n|t:|1698041759\n|-terastallize|p2a: Ceruledge|Fairy\n|move|p2a: Ceruledge|Swords Dance|p2a: Ceruledge\n|-boost|p2a: Ceruledge|atk|2\n|move|p1a: Diancie|Diamond Storm|p2a: Ceruledge\n|-damage|p2a: Ceruledge|52\/100\n|-boost|p1a: Diancie|def|2\n|-ability|p2a: Ceruledge|Weak Armor|boost\n|-unboost|p2a: Ceruledge|def|1\n|-boost|p2a: Ceruledge|spe|2\n|\n|-heal|p2a: Ceruledge|58\/100|[from] Grassy Terrain\n|-heal|p1a: Diancie|75\/100|[from] Grassy Terrain\n|upkeep\n|turn|12\n|\n|t:|1698041775\n|move|p2a: Ceruledge|Bitter Blade|p1a: Diancie\n|-damage|p1a: Diancie|52\/100\n|-heal|p2a: Ceruledge|70\/100|[from] drain|[of] p1a: Diancie\n|-damage|p2a: Ceruledge|60\/100|[from] item: Life Orb\n|move|p1a: Diancie|Diamond Storm|p2a: Ceruledge\n|-damage|p2a: Ceruledge|0 fnt\n|faint|p2a: Ceruledge\n|\n|-heal|p1a: Diancie|58\/100|[from] Grassy Terrain\n|-fieldend|move: Grassy Terrain\n|upkeep\n|\n|t:|1698041790\n|switch|p2a: Samurott|Samurott-Hisui, M|60\/100\n|turn|13\n|\n|t:|1698041795\n|move|p2a: Samurott|Aqua Cutter|p1a: Diancie\n|-damage|p1a: Diancie|48\/100\n|move|p1a: Diancie|Moonblast|p2a: Samurott\n|-supereffective|p2a: Samurott\n|-damage|p2a: Samurott|0 fnt\n|faint|p2a: Samurott\n|\n|upkeep\n|\n|t:|1698041801\n|switch|p2a: Baxcalibur|Baxcalibur, M|100\/100\n|turn|14\n|\n|t:|1698041811\n|move|p2a: Baxcalibur|Scale Shot|p1a: Diancie|[miss]\n|-miss|p2a: Baxcalibur|p1a: Diancie\n|move|p1a: Diancie|Diamond Storm|p2a: Baxcalibur\n|-supereffective|p2a: Baxcalibur\n|-damage|p2a: Baxcalibur|37\/100\n|\n|upkeep\n|turn|15\n|\n|t:|1698041824\n|move|p2a: Baxcalibur|Scale Shot|p1a: Diancie\n|-damage|p1a: Diancie|45\/100\n|-damage|p1a: Diancie|41\/100\n|-damage|p1a: Diancie|37\/100\n|-damage|p1a: Diancie|34\/100\n|-hitcount|p1a: Diancie|4\n|-unboost|p2a: Baxcalibur|def|1\n|-boost|p2a: Baxcalibur|spe|1\n|move|p1a: Diancie|Diamond Storm|p2a: Baxcalibur\n|-supereffective|p2a: Baxcalibur\n|-damage|p2a: Baxcalibur|0 fnt\n|faint|p2a: Baxcalibur\n|\n|upkeep\n|\n|t:|1698041828\n|switch|p2a: Kingambit|Kingambit, M|48\/100\n|-activate|p2a: Kingambit|ability: Supreme Overlord\n|-start|p2a: Kingambit|fallen5|[silent]\n|turn|16\n|\n|t:|1698041836\n|move|p2a: Kingambit|Zen Headbutt|p1a: Diancie\n|-supereffective|p1a: Diancie\n|-crit|p1a: Diancie\n|-damage|p1a: Diancie|0 fnt\n|faint|p1a: Diancie\n|-damage|p2a: Kingambit|38\/100|[from] item: Life Orb\n|\n|upkeep\n|\n|t:|1698041840\n|switch|p1a: Ogerpon|Ogerpon-Hearthflame, F|76\/100\n|turn|17\n|\n|t:|1698041847\n|move|p2a: Kingambit|Sucker Punch|p1a: Ogerpon\n|-supereffective|p1a: Ogerpon\n|-damage|p1a: Ogerpon|0 fnt\n|replace|p1a: Therianthrope|Zoroark-Hisui, F, shiny\n|-end|p1a: Therianthrope|Illusion\n|faint|p1a: Therianthrope\n|-damage|p2a: Kingambit|28\/100|[from] item: Life Orb\n|\n|upkeep\n|\n|t:|1698041850\n|switch|p1a: Ceruledge|Ceruledge, F|100\/100\n|turn|18\n|\n|t:|1698041854\n|move|p2a: Kingambit|Sucker Punch|p1a: Ceruledge\n|-supereffective|p1a: Ceruledge\n|-enditem|p1a: Ceruledge|Focus Sash\n|-damage|p1a: Ceruledge|1\/100\n|-ability|p1a: Ceruledge|Weak Armor|boost\n|-unboost|p1a: Ceruledge|def|1\n|-boost|p1a: Ceruledge|spe|2\n|-damage|p2a: Kingambit|18\/100|[from] item: Life Orb\n|move|p1a: Ceruledge|Phantom Force||[still]\n|-prepare|p1a: Ceruledge|Phantom Force\n|\n|upkeep\n|turn|19\n|\n|t:|1698041865\n|move|p2a: Kingambit|Sucker Punch|p1a: Ceruledge|[miss]\n|-miss|p2a: Kingambit|p1a: Ceruledge\n|move|p1a: Ceruledge|Phantom Force|p2a: Kingambit|[from]lockedmove\n|-resisted|p2a: Kingambit\n|-damage|p2a: Kingambit|1\/100\n|\n|upkeep\n|turn|20\n|\n|t:|1698041875\n|move|p2a: Kingambit|Sucker Punch|p1a: Ceruledge\n|-supereffective|p1a: Ceruledge\n|-damage|p1a: Ceruledge|0 fnt\n|faint|p1a: Ceruledge\n|-damage|p2a: Kingambit|0 fnt|[from] item: Life Orb\n|faint|p2a: Kingambit\n|-end|p2a: Kingambit|fallen5|[silent]\n|\n|win|JustRankinUp\n","uploadtime":1698041884,"views":11,"p1id":"justrankinup","p2id":"yoouhhi","formatid":"gen9ubers","rating":0,"private":0,"password":""}