{"id":"gen9ubers-1995934271","p1":"DrChillMD","p2":"Fruitshines","format":"[Gen 9] Ubers","log":"|j|\u2606DrChillMD\n|j|\u2606Fruitshines\n|t:|1700619145\n|gametype|singles\n|player|p1|DrChillMD|giovanni|\n|player|p2|Fruitshines|cynthia|\n|teamsize|p1|6\n|teamsize|p2|6\n|gen|9\n|tier|[Gen 9] Ubers\n|rule|Sleep Clause Mod: Limit one foe put to sleep\n|rule|Species Clause: Limit one of each Pok\u00e9mon\n|rule|OHKO Clause: OHKO moves are banned\n|rule|Evasion Items Clause: Evasion items are banned\n|rule|Evasion Moves Clause: Evasion moves are banned\n|rule|Endless Battle Clause: Forcing endless battles is banned\n|rule|HP Percentage Mod: HP is shown in percentages\n|clearpoke\n|poke|p1|Cinderace, M|\n|poke|p1|Sandaconda, M|\n|poke|p1|Dondozo, M|\n|poke|p1|Hydreigon, M|\n|poke|p1|Gholdengo|\n|poke|p1|Grimmsnarl, M|\n|poke|p2|Walking Wake|\n|poke|p2|Zarude|\n|poke|p2|Torkoal, M|\n|poke|p2|Iron Treads|\n|poke|p2|Fezandipiti, M|\n|poke|p2|Alomomola, M|\n|teampreview\n|j| stonehandsmagee\n|j| jacob--boomer\n|c| stonehandsmagee|we're in\n|j| BrotherBob252\n|\n|t:|1700619240\n|start\n|switch|p1a: The Fence|Grimmsnarl, M|100\/100\n|switch|p2a: Bushy Brows Sensei|Alomomola, M, shiny|100\/100\n|turn|1\n|\n|t:|1700619269\n|move|p1a: The Fence|Light Screen|p1a: The Fence\n|-sidestart|p1: DrChillMD|move: Light Screen\n|move|p2a: Bushy Brows Sensei|Flip Turn|p1a: The Fence\n|-damage|p1a: The Fence|81\/100\n|\n|t:|1700619285\n|switch|p2a: Snuffleupagus|Iron Treads, shiny|100\/100|[from] Flip Turn\n|\n|upkeep\n|turn|2\n|\n|t:|1700619291\n|move|p1a: The Fence|Reflect|p1a: The Fence\n|-sidestart|p1: DrChillMD|Reflect\n|move|p2a: Snuffleupagus|Iron Head|p1a: The Fence\n|-supereffective|p1a: The Fence\n|-damage|p1a: The Fence|47\/100\n|\n|upkeep\n|turn|3\n|\n|t:|1700619298\n|switch|p1a: Capo Coil|Sandaconda, M|100\/100\n|move|p2a: Snuffleupagus|Iron Head|p1a: Capo Coil\n|-damage|p1a: Capo Coil|88\/100\n|-weather|Sandstorm|[from] ability: Sand Spit|[of] p1a: Capo Coil\n|\n|-weather|Sandstorm|[upkeep]\n|-heal|p1a: Capo Coil|94\/100|[from] item: Leftovers\n|upkeep\n|turn|4\n|\n|t:|1700619327\n|-end|p2a: Snuffleupagus|Quark Drive|[silent]\n|switch|p2a: Sandstorm|Zarude|100\/100\n|move|p1a: Capo Coil|Coil|p1a: Capo Coil\n|-boost|p1a: Capo Coil|atk|1\n|-boost|p1a: Capo Coil|def|1\n|-boost|p1a: Capo Coil|accuracy|1\n|\n|-weather|Sandstorm|[upkeep]\n|-damage|p2a: Sandstorm|95\/100|[from] Sandstorm\n|-heal|p2a: Sandstorm|100\/100|[from] item: Leftovers\n|-heal|p1a: Capo Coil|99\/100|[from] item: Leftovers\n|upkeep\n|turn|5\n|\n|t:|1700619389\n|switch|p1a: The Treasurer|Gholdengo|100\/100\n|move|p2a: Sandstorm|Power Whip|p1a: The Treasurer|[miss]\n|-miss|p2a: Sandstorm|p1a: The Treasurer\n|\n|-weather|Sandstorm|[upkeep]\n|-damage|p2a: Sandstorm|95\/100|[from] Sandstorm\n|-heal|p2a: Sandstorm|100\/100|[from] item: Leftovers\n|upkeep\n|turn|6\n|\n|t:|1700619441\n|move|p2a: Sandstorm|Knock Off|p1a: The Treasurer\n|-supereffective|p1a: The Treasurer\n|-damage|p1a: The Treasurer|48\/100\n|-enditem|p1a: The Treasurer|Leftovers|[from] move: Knock Off|[of] p2a: Sandstorm\n|move|p1a: The Treasurer|Nasty Plot|p1a: The Treasurer\n|-boost|p1a: The Treasurer|spa|2\n|\n|-weather|Sandstorm|[upkeep]\n|-damage|p2a: Sandstorm|95\/100|[from] Sandstorm\n|-heal|p2a: Sandstorm|100\/100|[from] item: Leftovers\n|upkeep\n|turn|7\n|\n|t:|1700619471\n|move|p2a: Sandstorm|Knock Off|p1a: The Treasurer\n|-supereffective|p1a: The Treasurer\n|-damage|p1a: The Treasurer|12\/100\n|move|p1a: The Treasurer|Shadow Ball|p2a: Sandstorm\n|-resisted|p2a: Sandstorm\n|-damage|p2a: Sandstorm|55\/100\n|\n|-weather|none\n|-heal|p2a: Sandstorm|61\/100|[from] item: Leftovers\n|upkeep\n|turn|8\n|\n|t:|1700619485\n|move|p2a: Sandstorm|Knock Off|p1a: The Treasurer\n|-supereffective|p1a: The Treasurer\n|-damage|p1a: The Treasurer|0 fnt\n|faint|p1a: The Treasurer\n|\n|-heal|p2a: Sandstorm|67\/100|[from] item: Leftovers\n|-sideend|p1: DrChillMD|move: Light Screen\n|upkeep\n|\n|t:|1700619494\n|switch|p1a: The Fence|Grimmsnarl, M|47\/100\n|turn|9\n|\n|t:|1700619515\n|switch|p2a: Femboy Hooters|Fezandipiti, M|100\/100\n|move|p1a: The Fence|Thunder Wave|p2a: Femboy Hooters\n|-status|p2a: Femboy Hooters|par\n|\n|-sideend|p1: DrChillMD|Reflect\n|upkeep\n|turn|10\n|\n|t:|1700619529\n|move|p1a: The Fence|Light Screen|p1a: The Fence\n|-sidestart|p1: DrChillMD|move: Light Screen\n|move|p2a: Femboy Hooters|Play Rough|p1a: The Fence\n|-supereffective|p1a: The Fence\n|-damage|p1a: The Fence|0 fnt\n|faint|p1a: The Fence\n|\n|upkeep\n|\n|t:|1700619536\n|switch|p1a: Capo Coil|Sandaconda, M|99\/100\n|turn|11\n|\n|t:|1700619549\n|move|p1a: Capo Coil|Earthquake|p2a: Femboy Hooters\n|-supereffective|p2a: Femboy Hooters\n|-damage|p2a: Femboy Hooters|20\/100 par\n|move|p2a: Femboy Hooters|U-turn|p1a: Capo Coil\n|-damage|p1a: Capo Coil|89\/100\n|-weather|Sandstorm|[from] ability: Sand Spit|[of] p1a: Capo Coil\n|\n|t:|1700619561\n|switch|p2a: Sandstorm|Zarude|67\/100|[from] U-turn\n|\n|-weather|Sandstorm|[upkeep]\n|-damage|p2a: Sandstorm|61\/100|[from] Sandstorm\n|-heal|p2a: Sandstorm|67\/100|[from] item: Leftovers\n|-heal|p1a: Capo Coil|95\/100|[from] item: Leftovers\n|upkeep\n|turn|12\n|\n|t:|1700619578\n|switch|p1a: The Muscle|Cinderace, M|100\/100\n|move|p2a: Sandstorm|Jungle Healing|p2a: Sandstorm\n|-heal|p2a: Sandstorm|92\/100\n|\n|-weather|Sandstorm|[upkeep]\n|-damage|p2a: Sandstorm|86\/100|[from] Sandstorm\n|-damage|p1a: The Muscle|95\/100|[from] Sandstorm\n|-heal|p2a: Sandstorm|92\/100|[from] item: Leftovers\n|upkeep\n|turn|13\n|\n|t:|1700619605\n|switch|p2a: Bushy Brows Sensei|Alomomola, M, shiny|100\/100\n|move|p1a: The Muscle|Acrobatics|p2a: Bushy Brows Sensei\n|-start|p1a: The Muscle|typechange|Flying|[from] ability: Libero\n|-damage|p2a: Bushy Brows Sensei|75\/100\n|\n|-weather|Sandstorm|[upkeep]\n|-damage|p1a: The Muscle|89\/100|[from] Sandstorm\n|-damage|p2a: Bushy Brows Sensei|69\/100|[from] Sandstorm\n|upkeep\n|turn|14\n|\n|t:|1700619618\n|move|p1a: The Muscle|Acrobatics|p2a: Bushy Brows Sensei\n|-damage|p2a: Bushy Brows Sensei|46\/100\n|move|p2a: Bushy Brows Sensei|Scald|p1a: The Muscle\n|-damage|p1a: The Muscle|80\/100\n|\n|-weather|Sandstorm|[upkeep]\n|-damage|p1a: The Muscle|74\/100|[from] Sandstorm\n|-damage|p2a: Bushy Brows Sensei|40\/100|[from] Sandstorm\n|upkeep\n|turn|15\n|\n|t:|1700619627\n|move|p1a: The Muscle|Acrobatics|p2a: Bushy Brows Sensei\n|-crit|p2a: Bushy Brows Sensei\n|-damage|p2a: Bushy Brows Sensei|3\/100\n|move|p2a: Bushy Brows Sensei|Wish|p2a: Bushy Brows Sensei\n|\n|-weather|none\n|upkeep\n|turn|16\n|\n|t:|1700619641\n|move|p1a: The Muscle|Acrobatics|p2a: Bushy Brows Sensei\n|-damage|p2a: Bushy Brows Sensei|0 fnt\n|faint|p2a: Bushy Brows Sensei\n|\n|upkeep\n|\n|t:|1700619648\n|switch|p2a: Iroh|Torkoal, M, shiny|100\/100\n|-weather|SunnyDay|[from] ability: Drought|[of] p2a: Iroh\n|turn|17\n|\n|t:|1700619656\n|switch|p1a: Capo Coil|Sandaconda, M|95\/100\n|move|p2a: Iroh|Earthquake|p1a: Capo Coil\n|-damage|p1a: Capo Coil|79\/100\n|-weather|Sandstorm|[from] ability: Sand Spit|[of] p1a: Capo Coil\n|\n|-weather|Sandstorm|[upkeep]\n|-damage|p2a: Iroh|94\/100|[from] Sandstorm\n|-heal|p1a: Capo Coil|85\/100|[from] item: Leftovers\n|-sideend|p1: DrChillMD|move: Light Screen\n|upkeep\n|turn|18\n|\n|t:|1700619672\n|switch|p2a: Sandstorm|Zarude|92\/100\n|move|p1a: Capo Coil|Coil|p1a: Capo Coil\n|-boost|p1a: Capo Coil|atk|1\n|-boost|p1a: Capo Coil|def|1\n|-boost|p1a: Capo Coil|accuracy|1\n|\n|-weather|Sandstorm|[upkeep]\n|-damage|p2a: Sandstorm|86\/100|[from] Sandstorm\n|-heal|p2a: Sandstorm|92\/100|[from] item: Leftovers\n|-heal|p1a: Capo Coil|91\/100|[from] item: Leftovers\n|upkeep\n|turn|19\n|\n|t:|1700619685\n|switch|p1a: Fafnir|Hydreigon, M|100\/100\n|move|p2a: Sandstorm|Power Whip|p1a: Fafnir\n|-resisted|p1a: Fafnir\n|-damage|p1a: Fafnir|67\/100\n|\n|-weather|Sandstorm|[upkeep]\n|-damage|p1a: Fafnir|61\/100|[from] Sandstorm\n|-damage|p2a: Sandstorm|86\/100|[from] Sandstorm\n|-heal|p2a: Sandstorm|92\/100|[from] item: Leftovers\n|upkeep\n|turn|20\n|\n|t:|1700619696\n|move|p1a: Fafnir|U-turn|p2a: Sandstorm\n|-supereffective|p2a: Sandstorm\n|-damage|p2a: Sandstorm|34\/100\n|\n|t:|1700619708\n|switch|p1a: Capo Coil|Sandaconda, M|91\/100|[from] U-turn\n|move|p2a: Sandstorm|Brick Break|p1a: Capo Coil\n|-damage|p1a: Capo Coil|70\/100\n|\n|-weather|Sandstorm|[upkeep]\n|-damage|p2a: Sandstorm|28\/100|[from] Sandstorm\n|-heal|p2a: Sandstorm|34\/100|[from] item: Leftovers\n|-heal|p1a: Capo Coil|76\/100|[from] item: Leftovers\n|upkeep\n|turn|21\n|\n|t:|1700619723\n|move|p2a: Sandstorm|Jungle Healing|p2a: Sandstorm\n|-heal|p2a: Sandstorm|59\/100\n|move|p1a: Capo Coil|Glare|p2a: Sandstorm\n|-status|p2a: Sandstorm|par\n|\n|-weather|none\n|-heal|p1a: Capo Coil|82\/100|[from] item: Leftovers\n|-heal|p2a: Sandstorm|65\/100 par|[from] item: Leftovers\n|upkeep\n|turn|22\n|\n|t:|1700619732\n|switch|p1a: The Muscle|Cinderace, M|74\/100\n|cant|p2a: Sandstorm|par\n|\n|-heal|p2a: Sandstorm|71\/100 par|[from] item: Leftovers\n|upkeep\n|turn|23\n|\n|t:|1700619748\n|switch|p2a: Iroh|Torkoal, M, shiny|94\/100\n|-weather|SunnyDay|[from] ability: Drought|[of] p2a: Iroh\n|move|p1a: The Muscle|U-turn|p2a: Iroh\n|-start|p1a: The Muscle|typechange|Bug|[from] ability: Libero\n|-resisted|p2a: Iroh\n|-damage|p2a: Iroh|79\/100\n|\n|t:|1700619756\n|switch|p1a: Capo Coil|Sandaconda, M|82\/100|[from] U-turn\n|\n|-weather|SunnyDay|[upkeep]\n|-heal|p1a: Capo Coil|88\/100|[from] item: Leftovers\n|upkeep\n|turn|24\n|\n|t:|1700619763\n|switch|p2a: Sandstorm|Zarude|71\/100 par\n|move|p1a: Capo Coil|Earthquake|p2a: Sandstorm\n|-resisted|p2a: Sandstorm\n|-damage|p2a: Sandstorm|52\/100 par\n|\n|-weather|SunnyDay|[upkeep]\n|-heal|p1a: Capo Coil|94\/100|[from] item: Leftovers\n|-heal|p2a: Sandstorm|58\/100 par|[from] item: Leftovers\n|upkeep\n|turn|25\n|\n|t:|1700619777\n|switch|p1a: The Muscle|Cinderace, M|74\/100\n|move|p2a: Sandstorm|Jungle Healing|p2a: Sandstorm\n|-heal|p2a: Sandstorm|83\/100 par\n|-curestatus|p2a: Sandstorm|par|[msg]\n|\n|-weather|SunnyDay|[upkeep]\n|-heal|p2a: Sandstorm|89\/100|[from] item: Leftovers\n|upkeep\n|turn|26\n|\n|t:|1700619798\n|switch|p2a: Iroh|Torkoal, M, shiny|79\/100\n|move|p1a: The Muscle|Acrobatics|p2a: Iroh\n|-start|p1a: The Muscle|typechange|Flying|[from] ability: Libero\n|-damage|p2a: Iroh|53\/100\n|\n|-weather|SunnyDay|[upkeep]\n|upkeep\n|turn|27\n|\n|t:|1700619807\n|switch|p1a: The Don|Dondozo, M|100\/100\n|move|p2a: Iroh|Stealth Rock|p1a: The Don\n|-sidestart|p1: DrChillMD|move: Stealth Rock\n|\n|-weather|SunnyDay|[upkeep]\n|upkeep\n|turn|28\n|\n|t:|1700619815\n|switch|p2a: Sandstorm|Zarude|89\/100\n|move|p1a: The Don|Curse|p1a: The Don\n|-unboost|p1a: The Don|spe|1\n|-boost|p1a: The Don|atk|1\n|-boost|p1a: The Don|def|1\n|\n|-weather|SunnyDay|[upkeep]\n|-heal|p2a: Sandstorm|95\/100|[from] item: Leftovers\n|upkeep\n|turn|29\n|\n|t:|1700619827\n|move|p2a: Sandstorm|Power Whip|p1a: The Don\n|-supereffective|p1a: The Don\n|-damage|p1a: The Don|64\/100\n|move|p1a: The Don|Liquidation|p2a: Sandstorm\n|-resisted|p2a: Sandstorm\n|-damage|p2a: Sandstorm|85\/100\n|\n|-weather|SunnyDay|[upkeep]\n|-heal|p2a: Sandstorm|91\/100|[from] item: Leftovers\n|-heal|p1a: The Don|71\/100|[from] item: Leftovers\n|upkeep\n|turn|30\n|\n|t:|1700619874\n|move|p2a: Sandstorm|Power Whip|p1a: The Don\n|-supereffective|p1a: The Don\n|-damage|p1a: The Don|36\/100\n|move|p1a: The Don|Liquidation|p2a: Sandstorm\n|-resisted|p2a: Sandstorm\n|-damage|p2a: Sandstorm|81\/100\n|\n|-weather|none\n|-heal|p2a: Sandstorm|87\/100|[from] item: Leftovers\n|-heal|p1a: The Don|42\/100|[from] item: Leftovers\n|upkeep\n|turn|31\n|\n|t:|1700619886\n|switch|p1a: Fafnir|Hydreigon, M|61\/100\n|-damage|p1a: Fafnir|49\/100|[from] Stealth Rock\n|move|p2a: Sandstorm|Power Whip|p1a: Fafnir\n|-resisted|p1a: Fafnir\n|-damage|p1a: Fafnir|15\/100\n|\n|-heal|p2a: Sandstorm|93\/100|[from] item: Leftovers\n|upkeep\n|turn|32\n|\n|t:|1700619899\n|move|p1a: Fafnir|Draco Meteor|p2a: Sandstorm\n|-damage|p2a: Sandstorm|26\/100\n|-unboost|p1a: Fafnir|spa|2\n|move|p2a: Sandstorm|Brick Break|p1a: Fafnir\n|-supereffective|p1a: Fafnir\n|-damage|p1a: Fafnir|0 fnt\n|faint|p1a: Fafnir\n|\n|-heal|p2a: Sandstorm|32\/100|[from] item: Leftovers\n|upkeep\n|\n|t:|1700619915\n|switch|p1a: The Muscle|Cinderace, M|74\/100\n|-damage|p1a: The Muscle|49\/100|[from] Stealth Rock\n|turn|33\n|\n|t:|1700619925\n|switch|p2a: Iroh|Torkoal, M, shiny|53\/100\n|-weather|SunnyDay|[from] ability: Drought|[of] p2a: Iroh\n|move|p1a: The Muscle|Acrobatics|p2a: Iroh\n|-start|p1a: The Muscle|typechange|Flying|[from] ability: Libero\n|-damage|p2a: Iroh|30\/100\n|\n|-weather|SunnyDay|[upkeep]\n|upkeep\n|turn|34\n|\n|t:|1700619935\n|move|p1a: The Muscle|Acrobatics|p2a: Iroh\n|-damage|p2a: Iroh|5\/100\n|move|p2a: Iroh|Earthquake|p1a: The Muscle\n|-immune|p1a: The Muscle\n|\n|-weather|SunnyDay|[upkeep]\n|upkeep\n|turn|35\n|c|\u2606Fruitshines|ope\n|\n|t:|1700619961\n|move|p1a: The Muscle|Acrobatics|p2a: Iroh\n|-damage|p2a: Iroh|0 fnt\n|faint|p2a: Iroh\n|\n|-weather|SunnyDay|[upkeep]\n|upkeep\n|\n|t:|1700619966\n|switch|p2a: Kog'maw|Walking Wake|100\/100\n|-activate|p2a: Kog'maw|ability: Protosynthesis\n|-start|p2a: Kog'maw|protosynthesisspa\n|turn|36\n|\n|t:|1700619973\n|switch|p1a: The Don|Dondozo, M|42\/100\n|-damage|p1a: The Don|29\/100|[from] Stealth Rock\n|move|p2a: Kog'maw|Hydro Steam|p1a: The Don\n|-resisted|p1a: The Don\n|-damage|p1a: The Don|0 fnt\n|faint|p1a: The Don\n|\n|-weather|SunnyDay|[upkeep]\n|upkeep\n|\n|t:|1700619981\n|switch|p1a: Capo Coil|Sandaconda, M|94\/100\n|-damage|p1a: Capo Coil|88\/100|[from] Stealth Rock\n|turn|37\n|\n|t:|1700619988\n|-terastallize|p1a: Capo Coil|Water\n|move|p2a: Kog'maw|Hydro Steam|p1a: Capo Coil\n|-resisted|p1a: Capo Coil\n|-damage|p1a: Capo Coil|40\/100\n|-weather|Sandstorm|[from] ability: Sand Spit|[of] p1a: Capo Coil\n|-end|p2a: Kog'maw|Protosynthesis\n|move|p1a: Capo Coil|Glare|p2a: Kog'maw\n|-status|p2a: Kog'maw|par\n|-enditem|p2a: Kog'maw|Lum Berry|[eat]\n|-curestatus|p2a: Kog'maw|par|[msg]\n|\n|-weather|Sandstorm|[upkeep]\n|-damage|p2a: Kog'maw|94\/100|[from] Sandstorm\n|-damage|p1a: Capo Coil|34\/100|[from] Sandstorm\n|-heal|p1a: Capo Coil|40\/100|[from] item: Leftovers\n|upkeep\n|turn|38\n|\n|t:|1700620001\n|move|p2a: Kog'maw|Hydro Steam|p1a: Capo Coil\n|-resisted|p1a: Capo Coil\n|-damage|p1a: Capo Coil|15\/100\n|move|p1a: Capo Coil|Glare|p2a: Kog'maw\n|-status|p2a: Kog'maw|par\n|\n|-weather|Sandstorm|[upkeep]\n|-damage|p1a: Capo Coil|9\/100|[from] Sandstorm\n|-damage|p2a: Kog'maw|88\/100 par|[from] Sandstorm\n|-heal|p1a: Capo Coil|15\/100|[from] item: Leftovers\n|upkeep\n|turn|39\n|\n|t:|1700620013\n|move|p1a: Capo Coil|Earthquake|p2a: Kog'maw\n|-damage|p2a: Kog'maw|48\/100 par\n|move|p2a: Kog'maw|Dragon Pulse|p1a: Capo Coil\n|-damage|p1a: Capo Coil|0 fnt\n|faint|p1a: Capo Coil\n|\n|-weather|Sandstorm|[upkeep]\n|-damage|p2a: Kog'maw|42\/100 par|[from] Sandstorm\n|upkeep\n|\n|t:|1700620021\n|switch|p1a: The Muscle|Cinderace, M|49\/100\n|-damage|p1a: The Muscle|24\/100|[from] Stealth Rock\n|turn|40\n|\n|t:|1700620027\n|move|p1a: The Muscle|Acrobatics|p2a: Kog'maw\n|-start|p1a: The Muscle|typechange|Flying|[from] ability: Libero\n|-damage|p2a: Kog'maw|0 fnt\n|faint|p2a: Kog'maw\n|-end|p2a: Kog'maw|Protosynthesis|[silent]\n|\n|-weather|Sandstorm|[upkeep]\n|-damage|p1a: The Muscle|18\/100|[from] Sandstorm\n|upkeep\n|\n|t:|1700620072\n|switch|p2a: Snuffleupagus|Iron Treads, shiny|100\/100\n|turn|41\n|\n|t:|1700620075\n|move|p2a: Snuffleupagus|Earthquake|p1a: The Muscle\n|-immune|p1a: The Muscle\n|move|p1a: The Muscle|Acrobatics|p2a: Snuffleupagus\n|-resisted|p2a: Snuffleupagus\n|-damage|p2a: Snuffleupagus|84\/100\n|\n|-weather|none\n|-heal|p2a: Snuffleupagus|90\/100|[from] item: Leftovers\n|upkeep\n|turn|42\n|\n|t:|1700620083\n|move|p2a: Snuffleupagus|Iron Head|p1a: The Muscle\n|-damage|p1a: The Muscle|0 fnt\n|faint|p1a: The Muscle\n|\n|win|Fruitshines\n|c|\u2606Fruitshines|ggs\n|c|\u2606DrChillMD|gg\n","uploadtime":1700620095,"views":5,"p1id":"drchillmd","p2id":"fruitshines","formatid":"gen9ubers","rating":0,"private":0,"password":""}