{"id":"gen9ubers-1971844349","p1":"treegirl22","p2":"Skimmythegod","format":"[Gen 9] Ubers","log":"|j|\u2606treegirl22\n|j|\u2606Skimmythegod\n|inactive|Battle timer is ON: inactive players will automatically lose when time's up.\n|t:|1697780237\n|gametype|singles\n|player|p1|treegirl22|guitarist|\n|player|p2|Skimmythegod|#uplximelmetal|\n|teamsize|p1|6\n|teamsize|p2|6\n|gen|9\n|tier|[Gen 9] Ubers\n|rated|Tournament battle\n|rule|Sleep Clause Mod: Limit one foe put to sleep\n|rule|Species Clause: Limit one of each Pok\u00e9mon\n|rule|OHKO Clause: OHKO moves are banned\n|rule|Evasion Items Clause: Evasion items are banned\n|rule|Evasion Moves Clause: Evasion moves are banned\n|rule|Endless Battle Clause: Forcing endless battles is banned\n|rule|HP Percentage Mod: HP is shown in percentages\n|clearpoke\n|poke|p1|Basculegion, M|\n|poke|p1|Koraidon|\n|poke|p1|Kyogre|\n|poke|p1|Flutter Mane|\n|poke|p1|Giratina-Origin|\n|poke|p1|Clodsire, F|\n|poke|p2|Giratina-Origin|\n|poke|p2|Kyogre|\n|poke|p2|Landorus-Therian, M|\n|poke|p2|Arceus-Steel|\n|poke|p2|Ting-Lu|\n|poke|p2|Eternatus|\n|teampreview\n|j|*Lady Monita \u263d\n|j| BB-8-NU\n|inactive|treegirl22 also wants the timer to be on.\n|inactive|Skimmythegod also wants the timer to be on.\n|j| Troutinspace\n|\n|t:|1697780264\n|start\n|switch|p1a: Leviathan|Kyogre|100\/100\n|switch|p2a: Landorus|Landorus-Therian, M|100\/100\n|-ability|p2a: Landorus|Intimidate|boost\n|-unboost|p1a: Leviathan|atk|1\n|-weather|RainDance|[from] ability: Drizzle|[of] p1a: Leviathan\n|turn|1\n|j| default0\n|\n|t:|1697780269\n|switch|p2a: Eternatus|Eternatus|100\/100\n|-ability|p2a: Eternatus|Pressure\n|move|p1a: Leviathan|Ice Beam|p2a: Eternatus\n|-supereffective|p2a: Eternatus\n|-damage|p2a: Eternatus|65\/100\n|\n|-weather|RainDance|[upkeep]\n|upkeep\n|turn|2\n|\n|t:|1697780277\n|switch|p1a: Squishmallow|Clodsire, F|100\/100\n|move|p2a: Eternatus|Recover|p2a: Eternatus\n|-heal|p2a: Eternatus|100\/100\n|\n|-weather|RainDance|[upkeep]\n|upkeep\n|turn|3\n|\n|t:|1697780282\n|switch|p2a: Landorus|Landorus-Therian, M|100\/100\n|-ability|p2a: Landorus|Intimidate|boost\n|-unboost|p1a: Squishmallow|atk|1\n|move|p1a: Squishmallow|Spikes|p2a: Landorus\n|-sidestart|p2: Skimmythegod|Spikes\n|\n|-weather|RainDance|[upkeep]\n|upkeep\n|turn|4\n|j|@Gentle Dragonite\n|\n|t:|1697780287\n|switch|p1a: Beelzebub|Giratina-Origin|100\/100\n|move|p2a: Landorus|Stealth Rock|p1a: Beelzebub\n|-sidestart|p1: treegirl22|move: Stealth Rock\n|\n|-weather|RainDance|[upkeep]\n|upkeep\n|turn|5\n|j| ZowwyCafe\u2764\n|\n|t:|1697780295\n|move|p2a: Landorus|U-turn|p1a: Beelzebub\n|-resisted|p1a: Beelzebub\n|-damage|p1a: Beelzebub|95\/100\n|\n|t:|1697780297\n|switch|p2a: Ting-Lu|Ting-Lu|100\/100|[from] U-turn\n|-damage|p2a: Ting-Lu|88\/100|[from] Spikes\n|-ability|p2a: Ting-Lu|Vessel of Ruin\n|move|p1a: Beelzebub|Shadow Ball|p2a: Ting-Lu\n|-resisted|p2a: Ting-Lu\n|-damage|p2a: Ting-Lu|79\/100\n|\n|-weather|none\n|-heal|p2a: Ting-Lu|86\/100|[from] item: Leftovers\n|upkeep\n|turn|6\n|\n|t:|1697780303\n|move|p1a: Beelzebub|Will-O-Wisp|p2a: Ting-Lu|[miss]\n|-miss|p1a: Beelzebub|p2a: Ting-Lu\n|move|p2a: Ting-Lu|Ruination|p1a: Beelzebub\n|-damage|p1a: Beelzebub|48\/100\n|\n|-heal|p2a: Ting-Lu|92\/100|[from] item: Leftovers\n|upkeep\n|turn|7\n|\n|t:|1697780307\n|move|p1a: Beelzebub|Will-O-Wisp|p2a: Ting-Lu\n|-status|p2a: Ting-Lu|brn\n|move|p2a: Ting-Lu|Spikes|p1a: Beelzebub\n|-sidestart|p1: treegirl22|Spikes\n|\n|-heal|p2a: Ting-Lu|98\/100 brn|[from] item: Leftovers\n|-damage|p2a: Ting-Lu|92\/100 brn|[from] brn\n|upkeep\n|turn|8\n|\n|t:|1697780317\n|move|p1a: Beelzebub|Defog|p2a: Ting-Lu\n|-unboost|p2a: Ting-Lu|evasion|1\n|-sideend|p2: Skimmythegod|Spikes|[from] move: Defog|[of] p1a: Beelzebub\n|-sideend|p1: treegirl22|Spikes|[from] move: Defog|[of] p1a: Beelzebub\n|-sideend|p1: treegirl22|Stealth Rock|[from] move: Defog|[of] p1a: Beelzebub\n|move|p2a: Ting-Lu|Whirlwind|p1a: Beelzebub\n|drag|p1a: R E S P E C T|Basculegion, M|100\/100\n|\n|-heal|p2a: Ting-Lu|98\/100 brn|[from] item: Leftovers\n|-damage|p2a: Ting-Lu|92\/100 brn|[from] brn\n|upkeep\n|turn|9\n|\n|t:|1697780320\n|move|p1a: R E S P E C T|Wave Crash|p2a: Ting-Lu\n|-supereffective|p2a: Ting-Lu\n|-damage|p2a: Ting-Lu|24\/100 brn\n|-damage|p1a: R E S P E C T|73\/100|[from] Recoil\n|move|p2a: Ting-Lu|Spikes|p1a: R E S P E C T\n|-sidestart|p1: treegirl22|Spikes\n|\n|-heal|p2a: Ting-Lu|30\/100 brn|[from] item: Leftovers\n|-damage|p2a: Ting-Lu|24\/100 brn|[from] brn\n|upkeep\n|turn|10\n|\n|t:|1697780332\n|switch|p1a: Squishmallow|Clodsire, F|100\/100\n|-damage|p1a: Squishmallow|88\/100|[from] Spikes\n|switch|p2a: Giratina|Giratina-Origin|100\/100\n|\n|-heal|p1a: Squishmallow|94\/100|[from] item: Leftovers\n|upkeep\n|turn|11\n|\n|t:|1697780340\n|-terastallize|p2a: Giratina|Ghost\n|move|p2a: Giratina|Poltergeist|p1a: Squishmallow\n|-activate|p1a: Squishmallow|move: Poltergeist|Leftovers\n|-damage|p1a: Squishmallow|0 fnt\n|faint|p1a: Squishmallow\n|\n|upkeep\n|\n|t:|1697780350\n|switch|p1a: Flame Rider|Koraidon|100\/100\n|-damage|p1a: Flame Rider|88\/100|[from] Spikes\n|-weather|SunnyDay|[from] ability: Orichalcum Pulse|[of] p1a: Flame Rider\n|-activate|p1a: Flame Rider|Orichalcum Pulse|[source]\n|turn|12\n|\n|t:|1697780358\n|move|p1a: Flame Rider|Outrage|p2a: Giratina\n|-damage|p2a: Giratina|48\/100\n|move|p2a: Giratina|Poltergeist|p1a: Flame Rider\n|-activate|p1a: Flame Rider|move: Poltergeist|Choice Scarf\n|-damage|p1a: Flame Rider|7\/100\n|\n|-weather|SunnyDay|[upkeep]\n|upkeep\n|turn|13\n|\n|t:|1697780363\n|move|p2a: Giratina|Shadow Sneak|p1a: Flame Rider\n|-damage|p1a: Flame Rider|0 fnt\n|faint|p1a: Flame Rider\n|\n|-weather|SunnyDay|[upkeep]\n|upkeep\n|\n|t:|1697780369\n|switch|p1a: Leviathan|Kyogre|100\/100\n|-damage|p1a: Leviathan|88\/100|[from] Spikes\n|-weather|RainDance|[from] ability: Drizzle|[of] p1a: Leviathan\n|turn|14\n|\n|t:|1697780377\n|switch|p2a: Ting-Lu|Ting-Lu|24\/100 brn\n|-ability|p2a: Ting-Lu|Vessel of Ruin\n|move|p1a: Leviathan|Surf|p2a: Ting-Lu\n|-supereffective|p2a: Ting-Lu\n|-damage|p2a: Ting-Lu|0 fnt\n|faint|p2a: Ting-Lu\n|\n|-weather|RainDance|[upkeep]\n|-heal|p1a: Leviathan|94\/100|[from] item: Leftovers\n|upkeep\n|\n|t:|1697780381\n|switch|p2a: Kyogre|Kyogre|100\/100\n|turn|15\n|j| PokeArt2004\u2764\n|\n|t:|1697780386\n|switch|p1a: Beelzebub|Giratina-Origin|48\/100\n|move|p2a: Kyogre|Thunder|p1a: Beelzebub\n|-resisted|p1a: Beelzebub\n|-damage|p1a: Beelzebub|33\/100\n|-status|p1a: Beelzebub|par\n|\n|-weather|RainDance|[upkeep]\n|upkeep\n|turn|16\n|\n|t:|1697780393\n|switch|p2a: Landorus|Landorus-Therian, M|100\/100\n|-ability|p2a: Landorus|Intimidate|boost\n|-unboost|p1a: Beelzebub|atk|1\n|move|p1a: Beelzebub|Shadow Ball|p2a: Landorus\n|-damage|p2a: Landorus|59\/100\n|-unboost|p2a: Landorus|spd|1\n|\n|-weather|RainDance|[upkeep]\n|upkeep\n|turn|17\n|\n|t:|1697780396\n|move|p2a: Landorus|Stealth Rock|p1a: Beelzebub\n|-sidestart|p1: treegirl22|move: Stealth Rock\n|move|p1a: Beelzebub|Shadow Ball|p2a: Landorus\n|-damage|p2a: Landorus|0 fnt\n|faint|p2a: Landorus\n|\n|-weather|RainDance|[upkeep]\n|upkeep\n|\n|t:|1697780400\n|switch|p2a: Giratina|Giratina-Origin, tera:Ghost|48\/100\n|turn|18\n|\n|t:|1697780403\n|move|p2a: Giratina|Shadow Sneak|p1a: Beelzebub\n|-supereffective|p1a: Beelzebub\n|-damage|p1a: Beelzebub|0 fnt\n|faint|p1a: Beelzebub\n|\n|-weather|none\n|upkeep\n|l|@Gentle Dragonite\n|\n|t:|1697780420\n|switch|p1a: Nightmare Moon|Flutter Mane|100\/100\n|-damage|p1a: Nightmare Moon|88\/100|[from] Spikes\n|-damage|p1a: Nightmare Moon|76\/100|[from] Stealth Rock\n|turn|19\n|\n|t:|1697780424\n|move|p2a: Giratina|Shadow Sneak|p1a: Nightmare Moon\n|-supereffective|p1a: Nightmare Moon\n|-damage|p1a: Nightmare Moon|0 fnt\n|faint|p1a: Nightmare Moon\n|-end|p1a: Nightmare Moon|Protosynthesis|[silent]\n|\n|upkeep\n|\n|t:|1697780426\n|switch|p1a: Leviathan|Kyogre|94\/100\n|-damage|p1a: Leviathan|82\/100|[from] Spikes\n|-damage|p1a: Leviathan|70\/100|[from] Stealth Rock\n|-weather|RainDance|[from] ability: Drizzle|[of] p1a: Leviathan\n|turn|20\n|\n|t:|1697780429\n|switch|p2a: Eternatus|Eternatus|100\/100\n|-ability|p2a: Eternatus|Pressure\n|move|p1a: Leviathan|Surf|p2a: Eternatus\n|-resisted|p2a: Eternatus\n|-damage|p2a: Eternatus|83\/100\n|\n|-weather|RainDance|[upkeep]\n|-heal|p1a: Leviathan|76\/100|[from] item: Leftovers\n|upkeep\n|turn|21\n|\n|t:|1697780434\n|switch|p1a: R E S P E C T|Basculegion, M|73\/100\n|move|p2a: Eternatus|Dynamax Cannon|p1a: R E S P E C T\n|-damage|p1a: R E S P E C T|27\/100\n|\n|-weather|RainDance|[upkeep]\n|upkeep\n|turn|22\n|\n|t:|1697780440\n|switch|p2a: Arceus|Arceus-Steel|100\/100\n|move|p1a: R E S P E C T|Last Respects|p2a: Arceus\n|-damage|p2a: Arceus|33\/100\n|\n|-weather|RainDance|[upkeep]\n|upkeep\n|turn|23\n|\n|t:|1697780443\n|move|p1a: R E S P E C T|Last Respects|p2a: Arceus\n|-damage|p2a: Arceus|0 fnt\n|faint|p2a: Arceus\n|\n|-weather|RainDance|[upkeep]\n|upkeep\n|\n|t:|1697780445\n|switch|p2a: Giratina|Giratina-Origin, tera:Ghost|48\/100\n|turn|24\n|\n|t:|1697780448\n|move|p1a: R E S P E C T|Aqua Jet|p2a: Giratina\n|-damage|p2a: Giratina|29\/100\n|move|p2a: Giratina|Shadow Sneak|p1a: R E S P E C T\n|-supereffective|p1a: R E S P E C T\n|-damage|p1a: R E S P E C T|0 fnt\n|faint|p1a: R E S P E C T\n|\n|-weather|none\n|upkeep\n|\n|t:|1697780452\n|switch|p1a: Leviathan|Kyogre|76\/100\n|-damage|p1a: Leviathan|63\/100|[from] Spikes\n|-damage|p1a: Leviathan|51\/100|[from] Stealth Rock\n|-weather|RainDance|[from] ability: Drizzle|[of] p1a: Leviathan\n|turn|25\n|\n|t:|1697780456\n|move|p2a: Giratina|Poltergeist|p1a: Leviathan\n|-activate|p1a: Leviathan|move: Poltergeist|Leftovers\n|-damage|p1a: Leviathan|0 fnt\n|faint|p1a: Leviathan\n|\n|win|Skimmythegod\n|n|\u2606treegirl22|treegirl22\n|n|\u2606Skimmythegod|skimmythegod\n|n|*Lady Monita \u263d|ladymonita\n|n| BB-8-NU|bb8nu\n|n| Troutinspace|troutinspace\n|n| default0|default0\n|n| ZowwyCafe\u2764|zowwycafe\n|n| PokeArt2004\u2764|pokeart2004\n|l| BB-8-NU\n|l|\u2606treegirl22\n|l|\u2606Skimmythegod\n|l| PokeArt2004\u2764\n|j|\u2606Skimmythegod\n|player|p2|Skimmythegod|#uplximelmetal\n","uploadtime":1697780457,"views":36,"p1id":"treegirl22","p2id":"skimmythegod","formatid":"gen9ubers","rating":0,"private":0,"password":""}