{"id":"gen9ubers-1995586776","p1":"OreoSpeedruns","p2":"divineblob","format":"[Gen 9] Ubers","log":"|j|\u2606OreoSpeedruns\n|j|\u2606divineblob\n|t:|1700585211\n|gametype|singles\n|player|p1|OreoSpeedruns|hilbert-masters|\n|player|p2|divineblob|alec-anime|\n|teamsize|p1|6\n|teamsize|p2|6\n|gen|9\n|tier|[Gen 9] Ubers\n|rated|Tournament battle\n|rule|Sleep Clause Mod: Limit one foe put to sleep\n|rule|Species Clause: Limit one of each Pok\u00e9mon\n|rule|OHKO Clause: OHKO moves are banned\n|rule|Evasion Items Clause: Evasion items are banned\n|rule|Evasion Moves Clause: Evasion moves are banned\n|rule|Endless Battle Clause: Forcing endless battles is banned\n|rule|HP Percentage Mod: HP is shown in percentages\n|clearpoke\n|poke|p1|Ribombee, F|\n|poke|p1|Koraidon|\n|poke|p1|Flutter Mane|\n|poke|p1|Ogerpon-Hearthflame, F|\n|poke|p1|Arceus-Ground|\n|poke|p1|Rayquaza|\n|poke|p2|Alomomola, F|\n|poke|p2|Ditto|\n|poke|p2|Koraidon|\n|poke|p2|Arceus|\n|poke|p2|Iron Treads|\n|poke|p2|Miraidon|\n|teampreview\n|inactive|Battle timer is ON: inactive players will automatically lose when time's up. (requested by divineblob)\n|j| Primordiallite\n|j| Boom4Life\n|c|\u2606divineblob|hf\n|inactive|divineblob has 120 seconds left.\n|\n|t:|1700585244\n|start\n|switch|p1a: Ribombee|Ribombee, F, shiny|100\/100\n|switch|p2a: Ditto|Ditto|100\/100\n|-transform|p2a: Ditto|p1a: Ribombee|[from] ability: Imposter\n|turn|1\n|\n|t:|1700585250\n|move|p2a: Ditto|Sticky Web|p1a: Ribombee\n|-sidestart|p1: OreoSpeedruns|move: Sticky Web\n|move|p1a: Ribombee|Sticky Web|p2a: Ditto\n|-sidestart|p2: divineblob|move: Sticky Web\n|\n|upkeep\n|turn|2\n|\n|t:|1700585262\n|switch|p2a: Iron Treads|Iron Treads|100\/100\n|-activate|p2a: Iron Treads|move: Sticky Web\n|-unboost|p2a: Iron Treads|spe|1\n|move|p1a: Ribombee|Moonblast|p2a: Iron Treads\n|-resisted|p2a: Iron Treads\n|-damage|p2a: Iron Treads|84\/100\n|\n|-heal|p2a: Iron Treads|91\/100|[from] item: Leftovers\n|upkeep\n|turn|3\n|\n|t:|1700585269\n|move|p1a: Ribombee|U-turn|p2a: Iron Treads\n|-resisted|p2a: Iron Treads\n|-damage|p2a: Iron Treads|85\/100\n|\n|t:|1700585273\n|switch|p1a: Flutter Mane|Flutter Mane, shiny|100\/100|[from] U-turn\n|-activate|p1a: Flutter Mane|move: Sticky Web\n|-unboost|p1a: Flutter Mane|spe|1\n|move|p2a: Iron Treads|Stealth Rock|p1a: Flutter Mane\n|-sidestart|p1: OreoSpeedruns|move: Stealth Rock\n|\n|-heal|p2a: Iron Treads|91\/100|[from] item: Leftovers\n|upkeep\n|turn|4\n|\n|t:|1700585287\n|move|p1a: Flutter Mane|Shadow Ball|p2a: Iron Treads\n|-damage|p2a: Iron Treads|45\/100\n|-damage|p1a: Flutter Mane|91\/100|[from] item: Life Orb\n|move|p2a: Iron Treads|Earthquake|p1a: Flutter Mane\n|-damage|p1a: Flutter Mane|6\/100\n|\n|-heal|p2a: Iron Treads|51\/100|[from] item: Leftovers\n|upkeep\n|turn|5\n|\n|t:|1700585307\n|move|p1a: Flutter Mane|Shadow Ball|p2a: Iron Treads\n|-damage|p2a: Iron Treads|8\/100\n|-unboost|p2a: Iron Treads|spd|1\n|-damage|p1a: Flutter Mane|0 fnt|[from] item: Life Orb\n|faint|p1a: Flutter Mane\n|-end|p1a: Flutter Mane|Protosynthesis|[silent]\n|move|p2a: Iron Treads|Rapid Spin|p1: Flutter Mane|[notarget]\n|-fail|p2a: Iron Treads\n|\n|-heal|p2a: Iron Treads|15\/100|[from] item: Leftovers\n|upkeep\n|\n|t:|1700585323\n|switch|p1a: Koraidon|Koraidon|100\/100\n|-activate|p1a: Koraidon|move: Sticky Web\n|-unboost|p1a: Koraidon|spe|1\n|-damage|p1a: Koraidon|94\/100|[from] Stealth Rock\n|-weather|SunnyDay|[from] ability: Orichalcum Pulse|[of] p1a: Koraidon\n|-activate|p1a: Koraidon|Orichalcum Pulse|[source]\n|turn|6\n|\n|t:|1700585331\n|move|p1a: Koraidon|Low Kick|p2a: Iron Treads\n|-supereffective|p2a: Iron Treads\n|-damage|p2a: Iron Treads|0 fnt\n|faint|p2a: Iron Treads\n|-end|p2a: Iron Treads|Quark Drive|[silent]\n|\n|-weather|SunnyDay|[upkeep]\n|upkeep\n|\n|t:|1700585338\n|switch|p2a: Alomomola|Alomomola, F, shiny|100\/100\n|-activate|p2a: Alomomola|move: Sticky Web\n|-unboost|p2a: Alomomola|spe|1\n|turn|7\n|\n|t:|1700585344\n|move|p1a: Koraidon|Swords Dance|p1a: Koraidon\n|-boost|p1a: Koraidon|atk|2\n|move|p2a: Alomomola|Play Rough|p1a: Koraidon\n|-supereffective|p1a: Koraidon\n|-crit|p1a: Koraidon\n|-damage|p1a: Koraidon|19\/100\n|\n|-weather|SunnyDay|[upkeep]\n|upkeep\n|turn|8\n|\n|t:|1700585349\n|move|p1a: Koraidon|Scale Shot|p2a: Alomomola\n|-damage|p2a: Alomomola|81\/100\n|-damage|p2a: Alomomola|60\/100\n|-damage|p2a: Alomomola|39\/100\n|-damage|p2a: Alomomola|18\/100\n|-hitcount|p2a: Alomomola|4\n|-unboost|p1a: Koraidon|def|1\n|-boost|p1a: Koraidon|spe|1\n|move|p2a: Alomomola|Wish|p2a: Alomomola\n|\n|-weather|SunnyDay|[upkeep]\n|upkeep\n|turn|9\n|\n|t:|1700585356\n|move|p1a: Koraidon|Flare Blitz|p2a: Alomomola\n|-resisted|p2a: Alomomola\n|-damage|p2a: Alomomola|0 fnt\n|-damage|p1a: Koraidon|2\/100|[from] item: Rocky Helmet|[of] p2a: Alomomola\n|faint|p2a: Alomomola\n|-damage|p1a: Koraidon|0 fnt|[from] Recoil\n|faint|p1a: Koraidon\n|\n|-weather|SunnyDay|[upkeep]\n|upkeep\n|\n|t:|1700585370\n|switch|p1a: Rayquaza|Rayquaza, shiny|100\/100\n|switch|p2a: Miraidon|Miraidon|100\/100\n|-activate|p2a: Miraidon|move: Sticky Web\n|-unboost|p2a: Miraidon|spe|1\n|-fieldstart|move: Electric Terrain|[from] ability: Hadron Engine|[of] p2a: Miraidon\n|-damage|p1a: Rayquaza|76\/100|[from] Stealth Rock\n|-ability|p1a: Rayquaza|Air Lock\n|turn|10\n|\n|t:|1700585393\n|switch|p2a: Ditto|Ditto|100\/100\n|-activate|p2a: Ditto|move: Sticky Web\n|-unboost|p2a: Ditto|spe|1\n|-transform|p2a: Ditto|p1a: Rayquaza|[from] ability: Imposter\n|move|p1a: Rayquaza|Earthquake|p2a: Ditto\n|-immune|p2a: Ditto\n|\n|-weather|none\n|upkeep\n|turn|11\n|\n|t:|1700585400\n|switch|p1a: Ribombee|Ribombee, F, shiny|100\/100\n|-activate|p1a: Ribombee|move: Sticky Web\n|-unboost|p1a: Ribombee|spe|1\n|-damage|p1a: Ribombee|76\/100|[from] Stealth Rock\n|move|p2a: Ditto|Dragon Ascent|p1a: Ribombee\n|-supereffective|p1a: Ribombee\n|-damage|p1a: Ribombee|0 fnt\n|-unboost|p2a: Ditto|def|1\n|-unboost|p2a: Ditto|spd|1\n|faint|p1a: Ribombee\n|\n|upkeep\n|\n|t:|1700585403\n|switch|p1a: Arceus|Arceus-Ground|100\/100\n|-activate|p1a: Arceus|move: Sticky Web\n|-unboost|p1a: Arceus|spe|1\n|-damage|p1a: Arceus|94\/100|[from] Stealth Rock\n|turn|12\n|\n|t:|1700585406\n|switch|p2a: Arceus|Arceus, shiny|100\/100\n|move|p1a: Arceus|Ice Beam|p2a: Arceus\n|-damage|p2a: Arceus|84\/100\n|\n|upkeep\n|turn|13\n|\n|t:|1700585410\n|move|p2a: Arceus|Swords Dance|p2a: Arceus\n|-boost|p2a: Arceus|atk|2\n|move|p1a: Arceus|Judgment|p2a: Arceus\n|-damage|p2a: Arceus|52\/100\n|\n|upkeep\n|turn|14\n|\n|t:|1700585414\n|move|p2a: Arceus|Recover|p2a: Arceus\n|-heal|p2a: Arceus|100\/100\n|move|p1a: Arceus|Judgment|p2a: Arceus\n|-damage|p2a: Arceus|67\/100\n|\n|-fieldend|move: Electric Terrain\n|upkeep\n|turn|15\n|\n|t:|1700585416\n|move|p2a: Arceus|Swords Dance|p2a: Arceus\n|-boost|p2a: Arceus|atk|2\n|move|p1a: Arceus|Judgment|p2a: Arceus\n|-damage|p2a: Arceus|34\/100\n|\n|upkeep\n|turn|16\n|\n|t:|1700585420\n|move|p2a: Arceus|Recover|p2a: Arceus\n|-heal|p2a: Arceus|84\/100\n|move|p1a: Arceus|Taunt|p2a: Arceus\n|-start|p2a: Arceus|move: Taunt\n|\n|upkeep\n|turn|17\n|\n|t:|1700585426\n|-terastallize|p2a: Arceus|Normal\n|move|p2a: Arceus|Extreme Speed|p1a: Arceus\n|-damage|p1a: Arceus|0 fnt\n|faint|p1a: Arceus\n|\n|upkeep\n|\n|t:|1700585428\n|switch|p1a: Rayquaza|Rayquaza, shiny|76\/100\n|-damage|p1a: Rayquaza|51\/100|[from] Stealth Rock\n|-ability|p1a: Rayquaza|Air Lock\n|turn|18\n|\n|t:|1700585431\n|move|p2a: Arceus|Extreme Speed|p1a: Rayquaza\n|-damage|p1a: Rayquaza|0 fnt\n|faint|p1a: Rayquaza\n|\n|upkeep\n|-message|OreoSpeedruns forfeited.\n|\n|win|divineblob\n|n|\u2606OreoSpeedruns|oreospeedruns\n|n|\u2606divineblob|divineblob\n|n| Primordiallite|primordiallite\n|n| Boom4Life|boom4life\n|l|\u2606OreoSpeedruns\n|j|\u2606OreoSpeedruns\n|player|p1|OreoSpeedruns|hilbert-masters\n|l|\u2606OreoSpeedruns\n|player|p1|\n|c| Boom4Life|bro oreospeedruns though u were good\n|l|\u2606divineblob\n|j|\u2606divineblob\n|player|p2|divineblob|alec-anime\n|c|\u2606divineblob|LOL\n|l|\u2606divineblob\n|player|p2|\n|l| Primordiallite\n|j|\u2606divineblob\n|player|p2|divineblob|alec-anime\n|l|\u2606divineblob\n|player|p2|\n|j|\u2606OreoSpeedruns\n|player|p1|OreoSpeedruns|hilbert-masters\n|c|\u2606OreoSpeedruns|I don\u2019t prep for unmons\n|j| Primordiallite\n|c|\u2606OreoSpeedruns|shut the hell up\n|l|\u2606OreoSpeedruns\n|player|p1|\n|j|\u2606OreoSpeedruns\n|player|p1|OreoSpeedruns|hilbert-masters\n|c|\u2606OreoSpeedruns|besides i8m better than you could ever be\n|j|\u2606divineblob\n|player|p2|divineblob|alec-anime\n|c|\u2606OreoSpeedruns|yungin\n|c| Primordiallite|Whoa\n|c| Primordiallite|Is that the zowwycafe webs\n|c| Primordiallite|Oreospeedruns\n|c|\u2606OreoSpeedruns|yeah\n|c|\u2606OreoSpeedruns|i like it\n|c| Primordiallite|I see\n|l| Primordiallite\n|l|\u2606OreoSpeedruns\n|player|p1|\n|l|\u2606divineblob\n|player|p2|\n|j| ZowwyCafe\u2764\n","uploadtime":1700586308,"views":0,"p1id":"oreospeedruns","p2id":"divineblob","formatid":"gen9ubers","rating":0,"private":0,"password":""}