{"id":"gen9ubers-1981314493","p1":"leonissenbaum","p2":"XpokVEVO","format":"[Gen 9] Ubers","log":"|j|\u2606leonissenbaum\n|j|\u2606XpokVEVO\n|t:|1698882713\n|gametype|singles\n|player|p1|leonissenbaum|leon|\n|player|p2|XpokVEVO|rika|\n|teamsize|p1|6\n|teamsize|p2|6\n|gen|9\n|tier|[Gen 9] Ubers\n|rule|Sleep Clause Mod: Limit one foe put to sleep\n|rule|Species Clause: Limit one of each Pok\u00e9mon\n|rule|OHKO Clause: OHKO moves are banned\n|rule|Evasion Items Clause: Evasion items are banned\n|rule|Evasion Moves Clause: Evasion moves are banned\n|rule|Endless Battle Clause: Forcing endless battles is banned\n|rule|HP Percentage Mod: HP is shown in percentages\n|clearpoke\n|poke|p1|Crocalor, F|\n|poke|p1|Arceus-Grass|\n|poke|p1|Blissey, F|\n|poke|p1|Cyclizar, M|\n|poke|p1|Empoleon, F|\n|poke|p1|Mew|\n|poke|p2|Cyclizar, M|\n|poke|p2|Espathra, M|\n|poke|p2|Magearna|\n|poke|p2|Zacian-*|\n|poke|p2|Roaring Moon|\n|poke|p2|Arceus-Fire|\n|teampreview\n|inactive|Battle timer is ON: inactive players will automatically lose when time's up. (requested by XpokVEVO)\n|c|\u2606XpokVEVO|NO WAY\n|c|\u2606XpokVEVO|CROCALOR\n|c|\u2606leonissenbaum|REAL CROCALOR PATRIOTS RISE UP\n|inactive|leonissenbaum has 270 seconds left.\n|\n|t:|1698882750\n|start\n|switch|p1a: Mew|Mew|100\/100\n|switch|p2a: Akira|Cyclizar, M|100\/100\n|turn|1\n|c|\u2606leonissenbaum|they thought i was memeing when i said crocalor was based\n|c|\u2606leonissenbaum|i wasnt\n|\n|t:|1698882767\n|move|p2a: Akira|Shed Tail|p2a: Akira\n|-start|p2a: Akira|Substitute|[from] move: Shed Tail\n|-damage|p2a: Akira|50\/100\n|\n|t:|1698882773\n|switch|p2a: Roaring Peak|Roaring Moon|100\/100|[from] Shed Tail\n|-enditem|p2a: Roaring Peak|Booster Energy\n|-activate|p2a: Roaring Peak|ability: Protosynthesis|[fromitem]\n|-start|p2a: Roaring Peak|protosynthesisspe\n|move|p1a: Mew|Spikes|p2a: Roaring Peak\n|-sidestart|p2: XpokVEVO|Spikes\n|\n|upkeep\n|turn|2\n|\n|t:|1698882781\n|switch|p1a: Crocalor|Crocalor, F|100\/100\n|move|p2a: Roaring Peak|Dragon Dance|p2a: Roaring Peak\n|-boost|p2a: Roaring Peak|atk|1\n|-boost|p2a: Roaring Peak|spe|1\n|\n|upkeep\n|turn|3\n|\n|t:|1698882801\n|move|p2a: Roaring Peak|Earthquake|p1a: Crocalor\n|-supereffective|p1a: Crocalor\n|-damage|p1a: Crocalor|64\/100\n|move|p1a: Crocalor|Roar|p2a: Roaring Peak\n|-end|p2a: Roaring Peak|Protosynthesis|[silent]\n|drag|p2a: Ar\u0441eus-Fighting|Arceus-Fire, shiny|100\/100\n|-damage|p2a: Ar\u0441eus-Fighting|88\/100|[from] Spikes\n|\n|upkeep\n|turn|4\n|c|\u2606XpokVEVO|wait\n|c|\u2606XpokVEVO|i can just\n|c|\u2606XpokVEVO|knock off eviolite\n|c|\u2606XpokVEVO|lmfao\n|j| PinkScourge\n|c|\u2606leonissenbaum|noo\n|c|\u2606leonissenbaum|fake\n|c|\u2606XpokVEVO|the jig is up\n|c|\u2606XpokVEVO|hes back to nfe\n|\n|t:|1698882824\n|move|p2a: Ar\u0441eus-Fighting|Dragon Dance|p2a: Ar\u0441eus-Fighting\n|-boost|p2a: Ar\u0441eus-Fighting|atk|1\n|-boost|p2a: Ar\u0441eus-Fighting|spe|1\n|move|p1a: Crocalor|Slack Off|p1a: Crocalor\n|-heal|p1a: Crocalor|100\/100\n|\n|upkeep\n|turn|5\n|\n|t:|1698882828\n|move|p2a: Ar\u0441eus-Fighting|Roar|p1a: Crocalor\n|drag|p1a: Cyclizar|Cyclizar, M|100\/100\n|\n|upkeep\n|turn|6\n|c|\u2606XpokVEVO|what was your move?\n|c|\u2606XpokVEVO|??\n|c|\u2606leonissenbaum|roar lol\n|\n|t:|1698882852\n|switch|p1a: Crocalor|Crocalor, F|100\/100\n|-terastallize|p2a: Ar\u0441eus-Fighting|Fairy\n|move|p2a: Ar\u0441eus-Fighting|Tera Blast|p1a: Crocalor|[anim] Tera Blast Fairy\n|-resisted|p1a: Crocalor\n|-damage|p1a: Crocalor|88\/100\n|\n|upkeep\n|turn|7\n|c|\u2606XpokVEVO|its will o wisp?\n|c|\u2606leonissenbaum|we're so back crocalor fans\n|c|\u2606XpokVEVO|right?\n|\n|t:|1698882867\n|switch|p2a: Akira|Cyclizar, M|84\/100\n|-damage|p2a: Akira|71\/100|[from] Spikes\n|move|p1a: Crocalor|Will-O-Wisp|p2a: Akira\n|-status|p2a: Akira|brn\n|\n|-damage|p2a: Akira|65\/100 brn|[from] brn\n|upkeep\n|turn|8\n|\n|t:|1698882881\n|switch|p1a: Empoleon|Empoleon, F|100\/100\n|move|p2a: Akira|Shed Tail|p2a: Akira\n|-start|p2a: Akira|Substitute|[from] move: Shed Tail\n|-damage|p2a: Akira|15\/100 brn\n|c|\u2606XpokVEVO|bro i cant lose to this meme im playing awful because im more concentrated with vespy but still\n|j| the tr4sh man\n|\n|t:|1698882900\n|switch|p2a: Roaring Peak|Roaring Moon|100\/100|[from] Shed Tail\n|-damage|p2a: Roaring Peak|88\/100|[from] Spikes\n|\n|upkeep\n|turn|9\n|c| PinkScourge|You will fall to the Big Stall (TM)\n|\n|t:|1698882928\n|switch|p1a: Arceus|Arceus-Grass|100\/100\n|move|p2a: Roaring Peak|Dragon Dance|p2a: Roaring Peak\n|-boost|p2a: Roaring Peak|atk|1\n|-boost|p2a: Roaring Peak|spe|1\n|\n|upkeep\n|turn|10\n|c|\u2606XpokVEVO|if its roar arceus\n|c|\u2606XpokVEVO|if its ROAR ARCEUS\n|c|\u2606XpokVEVO|ROAR GRACEUS\n|\n|t:|1698882955\n|move|p2a: Roaring Peak|Acrobatics|p1a: Arceus\n|-supereffective|p1a: Arceus\n|-damage|p1a: Arceus|31\/100\n|move|p1a: Arceus|Taunt|p2a: Roaring Peak\n|-start|p2a: Roaring Peak|move: Taunt\n|\n|upkeep\n|turn|11\n|c|\u2606XpokVEVO|what?\n|c|\u2606XpokVEVO|???\n|c|\u2606leonissenbaum|let me cook\n|\n|t:|1698882973\n|switch|p1a: Crocalor|Crocalor, F|88\/100\n|move|p2a: Roaring Peak|Knock Off|p1a: Crocalor\n|-damage|p1a: Crocalor|60\/100\n|-enditem|p1a: Crocalor|Eviolite|[from] move: Knock Off|[of] p2a: Roaring Peak\n|\n|upkeep\n|turn|12\n|c|\u2606XpokVEVO|you lost the plot\n|c|\u2606XpokVEVO|YOU LOST\n|c|\u2606XpokVEVO|THE PLOT\n|c|\u2606XpokVEVO|GET OUTTT\n|c|\u2606leonissenbaum|the plot in question:\n|\n|t:|1698882988\n|-terastallize|p1a: Crocalor|Flying\n|move|p2a: Roaring Peak|Earthquake|p1a: Crocalor\n|-immune|p1a: Crocalor\n|move|p1a: Crocalor|Slack Off|p1a: Crocalor\n|-heal|p1a: Crocalor|100\/100\n|\n|upkeep\n|turn|13\n|c|\u2606XpokVEVO|im reporting you\n|inactive|XpokVEVO has 270 seconds left.\n|c| PinkScourge|The Big Stall strikes again\n|inactive|XpokVEVO has 240 seconds left.\n|\n|t:|1698883041\n|-end|p2a: Roaring Peak|Protosynthesis|[silent]\n|switch|p2a: Akira|Cyclizar, M|48\/100 brn\n|-damage|p2a: Akira|36\/100 brn|[from] Spikes\n|move|p1a: Crocalor|Roar|p2a: Akira\n|drag|p2a: Roaring Peak|Roaring Moon|88\/100\n|-damage|p2a: Roaring Peak|76\/100|[from] Spikes\n|\n|upkeep\n|turn|14\n|inactive|XpokVEVO has 240 seconds left.\n|c|\u2606XpokVEVO|thank you for the hp\n|c|\u2606XpokVEVO|its very tasty\n|c|\u2606leonissenbaum|happy to help\n|\n|t:|1698883056\n|-end|p2a: Roaring Peak|Protosynthesis|[silent]\n|switch|p2a: Aunt Fanny|Magearna|100\/100\n|-damage|p2a: Aunt Fanny|88\/100|[from] Spikes\n|move|p1a: Crocalor|Will-O-Wisp|p2a: Aunt Fanny\n|-status|p2a: Aunt Fanny|brn\n|\n|-damage|p2a: Aunt Fanny|82\/100 brn|[from] brn\n|upkeep\n|turn|15\n|inactive|XpokVEVO has 240 seconds left.\n|c|\u2606XpokVEVO|Use flamethrower.\n|inactive|leonissenbaum has 270 seconds left.\n|c|\u2606XpokVEVO|You know you want to.\n|\n|t:|1698883090\n|switch|p1a: Empoleon|Empoleon, F|100\/100\n|move|p2a: Aunt Fanny|Thunder Wave|p1a: Empoleon\n|-status|p1a: Empoleon|par\n|\n|-damage|p2a: Aunt Fanny|76\/100 brn|[from] brn\n|upkeep\n|turn|16\n|inactive|XpokVEVO has 240 seconds left.\n|\n|t:|1698883097\n|switch|p2a: Akira|Cyclizar, M|69\/100 brn\n|-damage|p2a: Akira|57\/100 brn|[from] Spikes\n|cant|p1a: Empoleon|par\n|\n|-damage|p2a: Akira|51\/100 brn|[from] brn\n|upkeep\n|turn|17\n|\n|t:|1698883102\n|move|p2a: Akira|Shed Tail|p2a: Akira\n|-start|p2a: Akira|Substitute|[from] move: Shed Tail\n|-damage|p2a: Akira|1\/100 brn\n|\n|t:|1698883109\n|switch|p2a: Ar\u0441eus-Fighting|Arceus-Fire, shiny, tera:Fairy|88\/100|[from] Shed Tail\n|-damage|p2a: Ar\u0441eus-Fighting|76\/100|[from] Spikes\n|cant|p1a: Empoleon|par\n|\n|upkeep\n|turn|18\n|inactive|leonissenbaum has 270 seconds left.\n|\n|t:|1698883134\n|switch|p1a: Crocalor|Crocalor, F, tera:Flying|100\/100\n|move|p2a: Ar\u0441eus-Fighting|Dragon Dance|p2a: Ar\u0441eus-Fighting\n|-boost|p2a: Ar\u0441eus-Fighting|atk|1\n|-boost|p2a: Ar\u0441eus-Fighting|spe|1\n|\n|upkeep\n|turn|19\n|\n|t:|1698883142\n|move|p2a: Ar\u0441eus-Fighting|Roar|p1a: Crocalor\n|drag|p1a: Mew|Mew|100\/100\n|\n|upkeep\n|turn|20\n|c|\u2606XpokVEVO|BRO\n|c|\u2606XpokVEVO|YOURE NOT\n|c|\u2606XpokVEVO|GONNA DO THAT\n|inactive|XpokVEVO has 270 seconds left.\n|c|\u2606leonissenbaum|we shall see\n|c|\u2606XpokVEVO|comically insistent\n|c|\u2606XpokVEVO|if this is roar mew i forfeit\n|c|\u2606XpokVEVO|btw\n|\n|t:|1698883162\n|switch|p1a: Crocalor|Crocalor, F, tera:Flying|100\/100\n|move|p2a: Ar\u0441eus-Fighting|Tera Blast|p1a: Crocalor|[anim] Tera Blast Fairy\n|-damage|p1a: Crocalor|65\/100\n|\n|upkeep\n|turn|21\n|c|\u2606leonissenbaum|the mono-roar team:\n|c|\u2606XpokVEVO|you wanna know\n|c|\u2606XpokVEVO|like\n|c|\u2606XpokVEVO|i can read your mind\n|c|\u2606XpokVEVO|youre thinking\n|c|\u2606leonissenbaum|you are wrong\n|j| the tr4sh man\n|c|\u2606leonissenbaum|i am not thinking\n|c|\u2606leonissenbaum|i click buttons by instinct\n|c|\u2606XpokVEVO|\"oh this guy thinks im just gonna spam roar so hes gonna stop roaring to hit me and im gonna roar and crocalorsweep\"\n|c|\u2606XpokVEVO|im not gonna stop roaring\n|\n|t:|1698883195\n|move|p1a: Crocalor|Slack Off|p1a: Crocalor\n|-heal|p1a: Crocalor|100\/100\n|move|p2a: Ar\u0441eus-Fighting|Roar|p1a: Crocalor\n|drag|p1a: Blissey|Blissey, F|100\/100\n|\n|upkeep\n|turn|22\n|c|\u2606XpokVEVO|OH MY GOD\n|c|\u2606leonissenbaum|gottem\n|inactive|leonissenbaum has 270 seconds left.\n|\n|t:|1698883216\n|switch|p1a: Crocalor|Crocalor, F, tera:Flying|100\/100\n|move|p2a: Ar\u0441eus-Fighting|Dragon Dance|p2a: Ar\u0441eus-Fighting\n|-boost|p2a: Ar\u0441eus-Fighting|atk|1\n|-boost|p2a: Ar\u0441eus-Fighting|spe|1\n|\n|upkeep\n|turn|23\n|j| the tr4sh man\n|\n|t:|1698883223\n|move|p1a: Crocalor|Flamethrower|p2a: Ar\u0441eus-Fighting\n|-end|p2a: Ar\u0441eus-Fighting|Substitute\n|move|p2a: Ar\u0441eus-Fighting|Roar|p1a: Crocalor\n|drag|p1a: Arceus|Arceus-Grass|31\/100\n|\n|upkeep\n|turn|24\n|c|\u2606XpokVEVO|WHAT\n|c|\u2606XpokVEVO|YOU\n|c|\u2606XpokVEVO|RUN\n|c|\u2606XpokVEVO|YOU DO HAVE FLAMETHRWOER\n|\n|t:|1698883236\n|switch|p1a: Crocalor|Crocalor, F, tera:Flying|100\/100\n|move|p2a: Ar\u0441eus-Fighting|Tera Blast|p1a: Crocalor|[anim] Tera Blast Fairy\n|-damage|p1a: Crocalor|67\/100\n|\n|upkeep\n|turn|25\n|c|\u2606leonissenbaum|gottem\n|\n|t:|1698883245\n|move|p2a: Ar\u0441eus-Fighting|Flare Blitz|p1a: Crocalor\n|-damage|p1a: Crocalor|7\/100\n|-damage|p2a: Ar\u0441eus-Fighting|59\/100|[from] Recoil\n|move|p1a: Crocalor|Will-O-Wisp|p2a: Ar\u0441eus-Fighting|[miss]\n|-miss|p1a: Crocalor|p2a: Ar\u0441eus-Fighting\n|\n|upkeep\n|turn|26\n|c|\u2606XpokVEVO|deserved\n|c|\u2606XpokVEVO|tbh\n|c|\u2606leonissenbaum|this is so sad\n|c| PinkScourge|Noooooo\n|c|\u2606XpokVEVO|crocashit\n|\n|t:|1698883261\n|move|p2a: Ar\u0441eus-Fighting|Tera Blast|p1a: Crocalor|[anim] Tera Blast Fairy\n|-damage|p1a: Crocalor|0 fnt\n|faint|p1a: Crocalor\n|\n|upkeep\n|\n|t:|1698883271\n|switch|p1a: Empoleon|Empoleon, F|100\/100 par\n|turn|27\n|inactive|XpokVEVO has 270 seconds left.\n|\n|t:|1698883302\n|move|p2a: Ar\u0441eus-Fighting|Flare Blitz|p1a: Empoleon\n|-damage|p1a: Empoleon|0 fnt\n|faint|p1a: Empoleon\n|-damage|p2a: Ar\u0441eus-Fighting|31\/100|[from] Recoil\n|\n|upkeep\n|c|\u2606XpokVEVO|GOAT\n|c|\u2606XpokVEVO|guys can we ban fireceus\n|c|\u2606leonissenbaum|true\n|\n|t:|1698883326\n|switch|p1a: Mew|Mew|100\/100\n|turn|28\n|inactive|XpokVEVO has 270 seconds left.\n|\n|t:|1698883359\n|move|p2a: Ar\u0441eus-Fighting|Flare Blitz|p1a: Mew\n|-damage|p1a: Mew|0 fnt\n|faint|p1a: Mew\n|-damage|p2a: Ar\u0441eus-Fighting|1\/100|[from] Recoil\n|\n|upkeep\n|c|\u2606XpokVEVO|4 hp btw\n|\n|t:|1698883366\n|switch|p1a: Blissey|Blissey, F|100\/100\n|turn|29\n|c|\u2606XpokVEVO|hes just built like that\n|c|\u2606leonissenbaum|woah\n|\n|t:|1698883374\n|switch|p1a: Cyclizar|Cyclizar, M|100\/100\n|move|p2a: Ar\u0441eus-Fighting|Tera Blast|p1a: Cyclizar|[anim] Tera Blast Fairy\n|-supereffective|p1a: Cyclizar\n|-damage|p1a: Cyclizar|0 fnt\n|faint|p1a: Cyclizar\n|\n|upkeep\n|c|\u2606leonissenbaum|this is so sad\n|\n|t:|1698883382\n|switch|p1a: Blissey|Blissey, F|100\/100\n|turn|30\n|inactive|XpokVEVO has 270 seconds left.\n|inactive|XpokVEVO has 240 seconds left.\n|inactive|XpokVEVO has 210 seconds left.\n|\n|t:|1698883454\n|move|p2a: Ar\u0441eus-Fighting|Tera Blast|p1a: Blissey|[anim] Tera Blast Fairy\n|-damage|p1a: Blissey|6\/100\n|move|p1a: Blissey|Shadow Ball|p2a: Ar\u0441eus-Fighting\n|-damage|p2a: Ar\u0441eus-Fighting|0 fnt\n|faint|p2a: Ar\u0441eus-Fighting\n|\n|upkeep\n|\n|t:|1698883456\n|switch|p2a: Roaring Peak|Roaring Moon|76\/100\n|-damage|p2a: Roaring Peak|64\/100|[from] Spikes\n|turn|31\n|c|\u2606leonissenbaum|ok time for the blissey sweep\n|c|\u2606XpokVEVO|time for calm mind\n|\n|t:|1698883476\n|move|p2a: Roaring Peak|Knock Off|p1a: Blissey\n|-damage|p1a: Blissey|0 fnt\n|-enditem|p1a: Blissey|Covert Cloak|[from] move: Knock Off|[of] p2a: Roaring Peak\n|faint|p1a: Blissey\n|\n|upkeep\n|\n|t:|1698883479\n|switch|p1a: Arceus|Arceus-Grass|31\/100\n|turn|32\n|c|\u2606XpokVEVO|gg\n|\n|t:|1698883483\n|move|p2a: Roaring Peak|Acrobatics|p1a: Arceus\n|-supereffective|p1a: Arceus\n|-damage|p1a: Arceus|0 fnt\n|faint|p1a: Arceus\n|\n|win|XpokVEVO\n|c|\u2606leonissenbaum|gg\n","uploadtime":1698883486,"views":15,"p1id":"leonissenbaum","p2id":"xpokvevo","formatid":"gen9ubers","rating":0,"private":0,"password":""}