{"id":"gen9ubers-1996068996","p1":"djkslaf","p2":"pingpong567","format":"[Gen 9] Ubers","log":"|j|\u2606djkslaf\n|j|\u2606pingpong567\n|t:|1700638911\n|gametype|singles\n|player|p1|djkslaf|lyra|1229\n|player|p2|pingpong567|170|1107\n|teamsize|p1|6\n|teamsize|p2|6\n|gen|9\n|tier|[Gen 9] Ubers\n|rated|\n|rule|Sleep Clause Mod: Limit one foe put to sleep\n|rule|Species Clause: Limit one of each Pok\u00e9mon\n|rule|OHKO Clause: OHKO moves are banned\n|rule|Evasion Items Clause: Evasion items are banned\n|rule|Evasion Moves Clause: Evasion moves are banned\n|rule|Endless Battle Clause: Forcing endless battles is banned\n|rule|HP Percentage Mod: HP is shown in percentages\n|clearpoke\n|poke|p1|Miraidon|\n|poke|p1|Ditto|\n|poke|p1|Kyogre|\n|poke|p1|Koraidon|\n|poke|p1|Iron Bundle|\n|poke|p1|Shaymin-Sky|\n|poke|p2|Ting-Lu|\n|poke|p2|Chien-Pao|\n|poke|p2|Wo-Chien|\n|poke|p2|Chi-Yu|\n|poke|p2|Koraidon|\n|poke|p2|Miraidon|\n|teampreview\n|\n|t:|1700638916\n|start\n|switch|p1a: Miraidon|Miraidon|100\/100\n|switch|p2a: Titan|Ting-Lu|100\/100\n|-fieldstart|move: Electric Terrain|[from] ability: Hadron Engine|[of] p1a: Miraidon\n|-ability|p2a: Titan|Vessel of Ruin\n|turn|1\n|inactive|Battle timer is ON: inactive players will automatically lose when time's up. (requested by djkslaf)\n|\n|t:|1700638931\n|switch|p1a: Shaymin|Shaymin-Sky|100\/100\n|move|p2a: Titan|Stealth Rock|p1a: Shaymin\n|-sidestart|p1: djkslaf|move: Stealth Rock\n|\n|upkeep\n|turn|2\n|\n|t:|1700638937\n|move|p1a: Shaymin|Air Slash|p2a: Titan\n|-damage|p2a: Titan|80\/100\n|cant|p2a: Titan|flinch\n|\n|-heal|p2a: Titan|87\/100|[from] item: Leftovers\n|upkeep\n|turn|3\n|\n|t:|1700638945\n|move|p1a: Shaymin|Air Slash|p2a: Titan\n|-damage|p2a: Titan|66\/100\n|cant|p2a: Titan|flinch\n|\n|-heal|p2a: Titan|72\/100|[from] item: Leftovers\n|upkeep\n|turn|4\n|\n|t:|1700638952\n|move|p1a: Shaymin|Air Slash|p2a: Titan\n|-crit|p2a: Titan\n|-damage|p2a: Titan|44\/100\n|move|p2a: Titan|Whirlwind|p1a: Shaymin\n|drag|p1a: Iron Bundle|Iron Bundle|100\/100\n|-damage|p1a: Iron Bundle|76\/100|[from] Stealth Rock\n|-activate|p1a: Iron Bundle|ability: Quark Drive\n|-start|p1a: Iron Bundle|quarkdrivespa\n|\n|-heal|p2a: Titan|50\/100|[from] item: Leftovers\n|upkeep\n|turn|5\n|\n|t:|1700638967\n|move|p1a: Iron Bundle|Ice Beam|p2a: Titan\n|-supereffective|p2a: Titan\n|-damage|p2a: Titan|0 fnt\n|faint|p2a: Titan\n|\n|-fieldend|move: Electric Terrain\n|-end|p1a: Iron Bundle|Quark Drive\n|upkeep\n|\n|t:|1700638975\n|switch|p2a: Squishy|Chi-Yu|100\/100\n|-ability|p2a: Squishy|Beads of Ruin\n|turn|6\n|\n|t:|1700638987\n|-end|p1a: Iron Bundle|Quark Drive|[silent]\n|switch|p1a: Ditto|Ditto|100\/100\n|-damage|p1a: Ditto|88\/100|[from] Stealth Rock\n|-transform|p1a: Ditto|p2a: Squishy|[from] ability: Imposter\n|-ability|p1a: Ditto|Beads of Ruin\n|move|p2a: Squishy|Flamethrower|p1a: Ditto\n|-resisted|p1a: Ditto\n|-damage|p1a: Ditto|62\/100\n|\n|upkeep\n|turn|7\n|\n|t:|1700639000\n|move|p1a: Ditto|Flamethrower|p2a: Squishy\n|-resisted|p2a: Squishy\n|-damage|p2a: Squishy|71\/100\n|move|p2a: Squishy|Flamethrower|p1a: Ditto\n|-resisted|p1a: Ditto\n|-damage|p1a: Ditto|36\/100\n|\n|upkeep\n|turn|8\n|\n|t:|1700639008\n|move|p1a: Ditto|Flamethrower|p2a: Squishy\n|-resisted|p2a: Squishy\n|-damage|p2a: Squishy|38\/100\n|move|p2a: Squishy|Flamethrower|p1a: Ditto\n|-resisted|p1a: Ditto\n|-damage|p1a: Ditto|9\/100\n|\n|upkeep\n|turn|9\n|\n|t:|1700639015\n|move|p2a: Squishy|Flamethrower|p1a: Ditto\n|-resisted|p1a: Ditto\n|-damage|p1a: Ditto|0 fnt\n|faint|p1a: Ditto\n|\n|upkeep\n|\n|t:|1700639033\n|switch|p1a: Miraidon|Miraidon|100\/100\n|-damage|p1a: Miraidon|88\/100|[from] Stealth Rock\n|-fieldstart|move: Electric Terrain|[from] ability: Hadron Engine|[of] p1a: Miraidon\n|turn|10\n|\n|t:|1700639045\n|switch|p2a: Ruin|Wo-Chien|100\/100\n|-ability|p2a: Ruin|Tablets of Ruin\n|move|p1a: Miraidon|Electro Drift|p2a: Ruin\n|-resisted|p2a: Ruin\n|-damage|p2a: Ruin|75\/100\n|-damage|p1a: Miraidon|72\/100|[from] item: Rocky Helmet|[of] p2a: Ruin\n|\n|upkeep\n|turn|11\n|\n|t:|1700639056\n|switch|p1a: Shaymin|Shaymin-Sky|100\/100\n|-damage|p1a: Shaymin|76\/100|[from] Stealth Rock\n|move|p2a: Ruin|Ruination|p1a: Shaymin\n|-damage|p1a: Shaymin|38\/100\n|\n|upkeep\n|turn|12\n|\n|t:|1700639064\n|move|p1a: Shaymin|Air Slash|p2a: Ruin\n|-supereffective|p2a: Ruin\n|-damage|p2a: Ruin|30\/100\n|cant|p2a: Ruin|flinch\n|\n|upkeep\n|turn|13\n|\n|t:|1700639070\n|move|p1a: Shaymin|Air Slash|p2a: Ruin\n|-supereffective|p2a: Ruin\n|-damage|p2a: Ruin|0 fnt\n|faint|p2a: Ruin\n|\n|upkeep\n|\n|t:|1700639076\n|switch|p2a: Squishy|Chi-Yu|38\/100\n|-ability|p2a: Squishy|Beads of Ruin\n|turn|14\n|\n|t:|1700639081\n|move|p1a: Shaymin|Air Slash|p2a: Squishy\n|-damage|p2a: Squishy|0 fnt\n|faint|p2a: Squishy\n|\n|-fieldend|move: Electric Terrain\n|upkeep\n|\n|t:|1700639090\n|switch|p2a: Syrax|Koraidon|100\/100\n|-weather|SunnyDay|[from] ability: Orichalcum Pulse|[of] p2a: Syrax\n|-activate|p2a: Syrax|Orichalcum Pulse|[source]\n|turn|15\n|\n|t:|1700639096\n|move|p1a: Shaymin|Air Slash|p2a: Syrax\n|-supereffective|p2a: Syrax\n|-damage|p2a: Syrax|21\/100\n|cant|p2a: Syrax|flinch\n|\n|-weather|SunnyDay|[upkeep]\n|upkeep\n|turn|16\n|\n|t:|1700639102\n|move|p1a: Shaymin|Air Slash|p2a: Syrax\n|-supereffective|p2a: Syrax\n|-damage|p2a: Syrax|0 fnt\n|faint|p2a: Syrax\n|\n|-weather|SunnyDay|[upkeep]\n|upkeep\n|\n|t:|1700639107\n|switch|p2a: Lucci|Chien-Pao|100\/100\n|-ability|p2a: Lucci|Sword of Ruin\n|turn|17\n|\n|t:|1700639119\n|switch|p1a: Iron Bundle|Iron Bundle|76\/100\n|-damage|p1a: Iron Bundle|51\/100|[from] Stealth Rock\n|move|p2a: Lucci|Swords Dance|p2a: Lucci\n|-boost|p2a: Lucci|atk|2\n|\n|-weather|SunnyDay|[upkeep]\n|upkeep\n|turn|18\n|\n|t:|1700639132\n|move|p2a: Lucci|Sucker Punch|p1a: Iron Bundle\n|-damage|p1a: Iron Bundle|0 fnt\n|faint|p1a: Iron Bundle\n|-end|p1a: Iron Bundle|Quark Drive|[silent]\n|\n|-weather|SunnyDay|[upkeep]\n|upkeep\n|\n|t:|1700639147\n|switch|p1a: Miraidon|Miraidon|72\/100\n|-damage|p1a: Miraidon|59\/100|[from] Stealth Rock\n|-fieldstart|move: Electric Terrain|[from] ability: Hadron Engine|[of] p1a: Miraidon\n|turn|19\n|\n|t:|1700639160\n|move|p2a: Lucci|Sucker Punch|p1a: Miraidon\n|-damage|p1a: Miraidon|0 fnt\n|faint|p1a: Miraidon\n|\n|-weather|none\n|upkeep\n|\n|t:|1700639165\n|switch|p1a: Koraidon|Koraidon|100\/100\n|-damage|p1a: Koraidon|94\/100|[from] Stealth Rock\n|-weather|SunnyDay|[from] ability: Orichalcum Pulse|[of] p1a: Koraidon\n|-activate|p1a: Koraidon|Orichalcum Pulse|[source]\n|turn|20\n|\n|t:|1700639177\n|-terastallize|p1a: Koraidon|Fire\n|-terastallize|p2a: Lucci|Ghost\n|move|p1a: Koraidon|Outrage|p2a: Lucci\n|-crit|p2a: Lucci\n|-damage|p2a: Lucci|0 fnt\n|faint|p2a: Lucci\n|\n|-weather|SunnyDay|[upkeep]\n|upkeep\n|\n|t:|1700639184\n|switch|p2a: Spyro|Miraidon|100\/100\n|-activate|p2a: Spyro|ability: Hadron Engine\n|turn|21\n|\n|t:|1700639189\n|move|p1a: Koraidon|Outrage|p2a: Spyro|[from]lockedmove\n|-supereffective|p2a: Spyro\n|-damage|p2a: Spyro|0 fnt\n|faint|p2a: Spyro\n|\n|win|djkslaf\n|raw|djkslaf's rating: 1229 &rarr; <strong>1246<\/strong><br \/>(+17 for winning)\n|raw|pingpong567's rating: 1107 &rarr; <strong>1090<\/strong><br \/>(-17 for losing)\n|l|\u2606pingpong567\n|c|\u2606djkslaf|ggs\n","uploadtime":1700639198,"views":0,"p1id":"djkslaf","p2id":"pingpong567","formatid":"gen9ubers","rating":1090,"private":0,"password":""}