{"id":"gen9ubers-1969313046","p1":"Overripe","p2":"PeterGriffin2","format":"[Gen 9] Ubers","log":"|j|\u2606Overripe\n|j|\u2606PeterGriffin2\n|t:|1697512893\n|gametype|singles\n|player|p1|Overripe|iris-gen5bw2|1223\n|player|p2|PeterGriffin2|170|1316\n|teamsize|p1|6\n|teamsize|p2|6\n|gen|9\n|tier|[Gen 9] Ubers\n|rated|\n|rule|Sleep Clause Mod: Limit one foe put to sleep\n|rule|Species Clause: Limit one of each Pok\u00e9mon\n|rule|OHKO Clause: OHKO moves are banned\n|rule|Evasion Items Clause: Evasion items are banned\n|rule|Evasion Moves Clause: Evasion moves are banned\n|rule|Endless Battle Clause: Forcing endless battles is banned\n|rule|HP Percentage Mod: HP is shown in percentages\n|clearpoke\n|poke|p1|Kyogre|\n|poke|p1|Corviknight, M|\n|poke|p1|Koraidon|\n|poke|p1|Shaymin-Sky|\n|poke|p1|Ogerpon-Wellspring, F|\n|poke|p1|Ribombee, F|\n|poke|p2|Regieleki|\n|poke|p2|Enamorus, F|\n|poke|p2|Skeledirge, F|\n|poke|p2|Zacian-*|\n|poke|p2|Miraidon|\n|poke|p2|Koraidon|\n|teampreview\n|inactive|Battle timer is ON: inactive players will automatically lose when time's up. (requested by Overripe)\n|j| jackkarle\n|\n|t:|1697512912\n|start\n|switch|p1a: \u30d0\u30cf\u30e0\u30fc\u30c8|Koraidon|100\/100\n|switch|p2a: Regieleki|Regieleki|100\/100\n|-weather|SunnyDay|[from] ability: Orichalcum Pulse|[of] p1a: \u30d0\u30cf\u30e0\u30fc\u30c8\n|-activate|p1a: \u30d0\u30cf\u30e0\u30fc\u30c8|Orichalcum Pulse|[source]\n|turn|1\n|inactive|PeterGriffin2 has 120 seconds left.\n|inactive|PeterGriffin2 has 90 seconds left.\n|\n|t:|1697512987\n|move|p2a: Regieleki|Reflect|p2a: Regieleki\n|-sidestart|p2: PeterGriffin2|Reflect\n|move|p1a: \u30d0\u30cf\u30e0\u30fc\u30c8|Dragon Claw|p2a: Regieleki\n|-damage|p2a: Regieleki|34\/100\n|\n|-weather|SunnyDay|[upkeep]\n|upkeep\n|turn|2\n|\n|t:|1697512998\n|switch|p2a: Zacian|Zacian-Crowned|100\/100\n|-ability|p2a: Zacian|Intrepid Sword|boost\n|-boost|p2a: Zacian|atk|1\n|switch|p1a: tinker.|Ribombee, F, shiny|100\/100\n|\n|-weather|SunnyDay|[upkeep]\n|upkeep\n|turn|3\n|\n|t:|1697513007\n|move|p2a: Zacian|Swords Dance|p2a: Zacian\n|-boost|p2a: Zacian|atk|2\n|move|p1a: tinker.|Stun Spore|p2a: Zacian\n|-status|p2a: Zacian|par\n|\n|-weather|SunnyDay|[upkeep]\n|upkeep\n|turn|4\n|inactive|PeterGriffin2 has 90 seconds left.\n|\n|t:|1697513027\n|switch|p1a: \u30e1\u30bf\u30ca\u30a4\u30c8|Corviknight, M, shiny|100\/100\n|-ability|p1a: \u30e1\u30bf\u30ca\u30a4\u30c8|Pressure\n|move|p2a: Zacian|Trailblaze|p1a: \u30e1\u30bf\u30ca\u30a4\u30c8\n|-resisted|p1a: \u30e1\u30bf\u30ca\u30a4\u30c8\n|-damage|p1a: \u30e1\u30bf\u30ca\u30a4\u30c8|91\/100\n|-boost|p2a: Zacian|spe|1\n|\n|-weather|SunnyDay|[upkeep]\n|-heal|p1a: \u30e1\u30bf\u30ca\u30a4\u30c8|98\/100|[from] item: Leftovers\n|upkeep\n|turn|5\n|inactive|PeterGriffin2 has 90 seconds left.\n|l|\u2606Overripe\n|inactive|Overripe disconnected and has a minute to reconnect!\n|player|p1|\n|\n|t:|1697513044\n|switch|p2a: Miraidon|Miraidon|100\/100\n|-fieldstart|move: Electric Terrain|[from] ability: Hadron Engine|[of] p2a: Miraidon\n|move|p1a: \u30e1\u30bf\u30ca\u30a4\u30c8|Iron Defense|p1a: \u30e1\u30bf\u30ca\u30a4\u30c8\n|-boost|p1a: \u30e1\u30bf\u30ca\u30a4\u30c8|def|2\n|\n|-weather|none\n|-heal|p1a: \u30e1\u30bf\u30ca\u30a4\u30c8|100\/100|[from] item: Leftovers\n|upkeep\n|turn|6\n|inactive|PeterGriffin2 has 90 seconds left.\n|j|\u2606Overripe\n|inactive|Overripe reconnected and has 140 seconds left.\n|player|p1|Overripe|iris-gen5bw2\n|\n|t:|1697513073\n|move|p2a: Miraidon|Electro Drift|p1a: \u30e1\u30bf\u30ca\u30a4\u30c8\n|-supereffective|p1a: \u30e1\u30bf\u30ca\u30a4\u30c8\n|-damage|p1a: \u30e1\u30bf\u30ca\u30a4\u30c8|0 fnt\n|faint|p1a: \u30e1\u30bf\u30ca\u30a4\u30c8\n|\n|upkeep\n|\n|t:|1697513079\n|switch|p1a: tinker.|Ribombee, F, shiny|100\/100\n|turn|7\n|\n|t:|1697513085\n|switch|p2a: Regieleki|Regieleki|34\/100\n|move|p1a: tinker.|Moonblast|p2a: Regieleki\n|-damage|p2a: Regieleki|0 fnt\n|faint|p2a: Regieleki\n|\n|upkeep\n|\n|t:|1697513092\n|switch|p2a: Skeledirge|Skeledirge, F|100\/100\n|turn|8\n|\n|t:|1697513113\n|switch|p1a: \u30b7\u30e3\u30c1|Kyogre, shiny|100\/100\n|-weather|RainDance|[from] ability: Drizzle|[of] p1a: \u30b7\u30e3\u30c1\n|move|p2a: Skeledirge|Will-O-Wisp|p1a: \u30b7\u30e3\u30c1\n|-status|p1a: \u30b7\u30e3\u30c1|brn\n|\n|-weather|RainDance|[upkeep]\n|-damage|p1a: \u30b7\u30e3\u30c1|94\/100 brn|[from] brn\n|-sideend|p2: PeterGriffin2|Reflect\n|upkeep\n|turn|9\n|\n|t:|1697513123\n|switch|p2a: Miraidon|Miraidon|100\/100\n|-activate|p2a: Miraidon|ability: Hadron Engine\n|move|p1a: \u30b7\u30e3\u30c1|Ice Beam|p2a: Miraidon\n|-supereffective|p2a: Miraidon\n|-damage|p2a: Miraidon|40\/100\n|\n|-weather|RainDance|[upkeep]\n|-damage|p1a: \u30b7\u30e3\u30c1|88\/100 brn|[from] brn\n|-fieldend|move: Electric Terrain\n|upkeep\n|turn|10\n|\n|t:|1697513133\n|move|p2a: Miraidon|Electro Drift|p1a: \u30b7\u30e3\u30c1\n|-supereffective|p1a: \u30b7\u30e3\u30c1\n|-damage|p1a: \u30b7\u30e3\u30c1|0 fnt\n|faint|p1a: \u30b7\u30e3\u30c1\n|\n|-weather|RainDance|[upkeep]\n|upkeep\n|inactive|Overripe has 120 seconds left.\n|\n|t:|1697513177\n|switch|p1a: tinker.|Ribombee, F, shiny|100\/100\n|turn|11\n|\n|t:|1697513186\n|move|p2a: Miraidon|Electro Drift|p1a: tinker.\n|-damage|p1a: tinker.|2\/100\n|move|p1a: tinker.|Moonblast|p2a: Miraidon\n|-supereffective|p2a: Miraidon\n|-damage|p2a: Miraidon|0 fnt\n|faint|p2a: Miraidon\n|\n|-weather|RainDance|[upkeep]\n|upkeep\n|\n|t:|1697513194\n|switch|p2a: Koraidon|Koraidon|100\/100\n|-weather|SunnyDay|[from] ability: Orichalcum Pulse|[of] p2a: Koraidon\n|-activate|p2a: Koraidon|Orichalcum Pulse|[source]\n|turn|12\n|inactive|Overripe has 120 seconds left.\n|l|\u2606Overripe\n|inactive|Overripe disconnected and has a minute to reconnect!\n|player|p1|\n|j|\u2606Overripe\n|inactive|Overripe reconnected and has 100 seconds left.\n|player|p1|Overripe|iris-gen5bw2\n|inactive|Overripe has 90 seconds left.\n|\n|t:|1697513241\n|switch|p1a: \u30a8\u30a4\u30c0\uff1d\u30af\u30ed\u30fc\u30d0\u30fc|Ogerpon-Wellspring, F|100\/100\n|move|p2a: Koraidon|Flame Charge|p1a: \u30a8\u30a4\u30c0\uff1d\u30af\u30ed\u30fc\u30d0\u30fc\n|-damage|p1a: \u30a8\u30a4\u30c0\uff1d\u30af\u30ed\u30fc\u30d0\u30fc|62\/100\n|-boost|p2a: Koraidon|spe|1\n|\n|-weather|SunnyDay|[upkeep]\n|upkeep\n|turn|13\n|inactive|PeterGriffin2 has 120 seconds left.\n|inactive|PeterGriffin2 has 90 seconds left.\n|\n|t:|1697513298\n|move|p2a: Koraidon|Scale Shot|p1a: \u30a8\u30a4\u30c0\uff1d\u30af\u30ed\u30fc\u30d0\u30fc\n|-damage|p1a: \u30a8\u30a4\u30c0\uff1d\u30af\u30ed\u30fc\u30d0\u30fc|40\/100\n|-damage|p1a: \u30a8\u30a4\u30c0\uff1d\u30af\u30ed\u30fc\u30d0\u30fc|20\/100\n|-damage|p1a: \u30a8\u30a4\u30c0\uff1d\u30af\u30ed\u30fc\u30d0\u30fc|0 fnt\n|faint|p1a: \u30a8\u30a4\u30c0\uff1d\u30af\u30ed\u30fc\u30d0\u30fc\n|-hitcount|p1: \u30a8\u30a4\u30c0\uff1d\u30af\u30ed\u30fc\u30d0\u30fc|3\n|-unboost|p2a: Koraidon|def|1\n|-boost|p2a: Koraidon|spe|1\n|\n|-weather|SunnyDay|[upkeep]\n|upkeep\n|inactive|Overripe has 90 seconds left.\n|\n|t:|1697513321\n|switch|p1a: \u30d0\u30cf\u30e0\u30fc\u30c8|Koraidon|100\/100\n|-activate|p1a: \u30d0\u30cf\u30e0\u30fc\u30c8|ability: Orichalcum Pulse\n|turn|14\n|\n|t:|1697513325\n|-terastallize|p1a: \u30d0\u30cf\u30e0\u30fc\u30c8|Fairy\n|move|p2a: Koraidon|Scale Shot|p1a: \u30d0\u30cf\u30e0\u30fc\u30c8\n|-immune|p1a: \u30d0\u30cf\u30e0\u30fc\u30c8\n|move|p1a: \u30d0\u30cf\u30e0\u30fc\u30c8|Dragon Claw|p2a: Koraidon\n|-supereffective|p2a: Koraidon\n|-damage|p2a: Koraidon|0 fnt\n|faint|p2a: Koraidon\n|\n|-weather|SunnyDay|[upkeep]\n|upkeep\n|inactive|PeterGriffin2 has 90 seconds left.\n|\n|t:|1697513339\n|switch|p2a: Skeledirge|Skeledirge, F|100\/100\n|turn|15\n|\n|t:|1697513347\n|switch|p1a: Shaymin|Shaymin-Sky, shiny|100\/100\n|move|p2a: Skeledirge|Will-O-Wisp|p1a: Shaymin\n|-status|p1a: Shaymin|brn\n|\n|-weather|SunnyDay|[upkeep]\n|-damage|p1a: Shaymin|94\/100 brn|[from] brn\n|upkeep\n|turn|16\n|\n|t:|1697513359\n|move|p1a: Shaymin|Psychic|p2a: Skeledirge\n|-damage|p2a: Skeledirge|76\/100\n|-unboost|p2a: Skeledirge|spd|1\n|move|p2a: Skeledirge|Torch Song|p1a: Shaymin\n|-supereffective|p1a: Shaymin\n|-damage|p1a: Shaymin|0 fnt\n|-boost|p2a: Skeledirge|spa|1\n|faint|p1a: Shaymin\n|\n|-weather|none\n|upkeep\n|\n|t:|1697513367\n|switch|p1a: \u30d0\u30cf\u30e0\u30fc\u30c8|Koraidon, tera:Fairy|100\/100\n|-weather|SunnyDay|[from] ability: Orichalcum Pulse|[of] p1a: \u30d0\u30cf\u30e0\u30fc\u30c8\n|-activate|p1a: \u30d0\u30cf\u30e0\u30fc\u30c8|Orichalcum Pulse|[source]\n|turn|17\n|\n|t:|1697513373\n|move|p1a: \u30d0\u30cf\u30e0\u30fc\u30c8|Stomping Tantrum|p2a: Skeledirge\n|-supereffective|p2a: Skeledirge\n|-damage|p2a: Skeledirge|0 fnt\n|faint|p2a: Skeledirge\n|\n|-weather|SunnyDay|[upkeep]\n|upkeep\n|inactive|PeterGriffin2 has 120 seconds left.\n|\n|t:|1697513380\n|switch|p2a: Zacian|Zacian-Crowned|100\/100 par\n|turn|18\n|\n|t:|1697513385\n|move|p1a: \u30d0\u30cf\u30e0\u30fc\u30c8|Stomping Tantrum|p2a: Zacian\n|-supereffective|p2a: Zacian\n|-crit|p2a: Zacian\n|-damage|p2a: Zacian|0 fnt\n|faint|p2a: Zacian\n|\n|-weather|SunnyDay|[upkeep]\n|upkeep\n|\n|t:|1697513390\n|switch|p2a: Enamorus|Enamorus, F|100\/100\n|turn|19\n|\n|t:|1697513394\n|switch|p1a: tinker.|Ribombee, F, shiny|2\/100\n|move|p2a: Enamorus|Superpower|p1a: tinker.\n|-resisted|p1a: tinker.\n|-damage|p1a: tinker.|0 fnt\n|-boost|p2a: Enamorus|atk|1\n|-boost|p2a: Enamorus|def|1\n|faint|p1a: tinker.\n|-damage|p2a: Enamorus|91\/100|[from] item: Life Orb\n|\n|-weather|SunnyDay|[upkeep]\n|upkeep\n|\n|t:|1697513396\n|switch|p1a: \u30d0\u30cf\u30e0\u30fc\u30c8|Koraidon, tera:Fairy|100\/100\n|-activate|p1a: \u30d0\u30cf\u30e0\u30fc\u30c8|ability: Orichalcum Pulse\n|turn|20\n|\n|t:|1697513408\n|move|p1a: \u30d0\u30cf\u30e0\u30fc\u30c8|Flare Blitz|p2a: Enamorus\n|-damage|p2a: Enamorus|0 fnt\n|faint|p2a: Enamorus\n|-damage|p1a: \u30d0\u30cf\u30e0\u30fc\u30c8|75\/100|[from] Recoil\n|\n|win|Overripe\n|raw|Overripe's rating: 1197 &rarr; <strong>1231<\/strong><br \/>(+34 for winning)\n|raw|PeterGriffin2's rating: 1332 &rarr; <strong>1305<\/strong><br \/>(-27 for losing)\n|l|\u2606PeterGriffin2\n|c|\u2606Overripe|Gg\n","uploadtime":1697513425,"views":8,"p1id":"overripe","p2id":"petergriffin2","formatid":"gen9ubers","rating":1231,"private":0,"password":""}