{"id":"gen9ubers-1991534115","p1":"MeteorAsh15","p2":"DazzZkX","format":"[Gen 9] Ubers","log":"|j|\u2606MeteorAsh15\n|j|\u2606DazzZkX\n|t:|1700085811\n|gametype|singles\n|player|p1|MeteorAsh15|nate|1186\n|player|p2|DazzZkX|channeler-gen1rb|1066\n|teamsize|p1|6\n|teamsize|p2|6\n|gen|9\n|tier|[Gen 9] Ubers\n|rated|\n|rule|Sleep Clause Mod: Limit one foe put to sleep\n|rule|Species Clause: Limit one of each Pok\u00e9mon\n|rule|OHKO Clause: OHKO moves are banned\n|rule|Evasion Items Clause: Evasion items are banned\n|rule|Evasion Moves Clause: Evasion moves are banned\n|rule|Endless Battle Clause: Forcing endless battles is banned\n|rule|HP Percentage Mod: HP is shown in percentages\n|clearpoke\n|poke|p1|Baxcalibur, F|\n|poke|p1|Ninetales-Alola, F|\n|poke|p1|Koraidon|\n|poke|p1|Zacian-*|\n|poke|p1|Tornadus, M|\n|poke|p1|Ribombee, F|\n|poke|p2|Skeledirge, M|\n|poke|p2|Clodsire, F|\n|poke|p2|Giratina-Origin|\n|poke|p2|Miraidon|\n|poke|p2|Zacian-*|\n|poke|p2|Arceus-Ground|\n|teampreview\n|inactive|Battle timer is ON: inactive players will automatically lose when time's up. (requested by MeteorAsh15)\n|\n|t:|1700085818\n|start\n|switch|p1a: Ribombee|Ribombee, F, shiny|100\/100\n|switch|p2a: Zacian|Zacian-Crowned, shiny|100\/100\n|-ability|p2a: Zacian|Intrepid Sword|boost\n|-boost|p2a: Zacian|atk|1\n|turn|1\n|\n|t:|1700085828\n|switch|p2a: Skeledirge|Skeledirge, M|100\/100\n|move|p1a: Ribombee|Sticky Web|p2a: Skeledirge\n|-sidestart|p2: DazzZkX|move: Sticky Web\n|\n|upkeep\n|turn|2\n|\n|t:|1700085834\n|move|p1a: Ribombee|Stun Spore|p2a: Skeledirge\n|-status|p2a: Skeledirge|par\n|move|p2a: Skeledirge|Torch Song|p1a: Ribombee\n|-supereffective|p1a: Ribombee\n|-enditem|p1a: Ribombee|Focus Sash\n|-damage|p1a: Ribombee|1\/100\n|-boost|p2a: Skeledirge|spa|1\n|\n|upkeep\n|turn|3\n|\n|t:|1700085843\n|move|p1a: Ribombee|Tailwind|p1a: Ribombee\n|-sidestart|p1: MeteorAsh15|move: Tailwind\n|move|p2a: Skeledirge|Torch Song|p1a: Ribombee\n|-supereffective|p1a: Ribombee\n|-damage|p1a: Ribombee|0 fnt\n|-boost|p2a: Skeledirge|spa|1\n|faint|p1a: Ribombee\n|\n|upkeep\n|\n|t:|1700085860\n|switch|p1a: Baxcalibur|Baxcalibur, F|100\/100\n|turn|4\n|\n|t:|1700085865\n|-terastallize|p1a: Baxcalibur|Ground\n|move|p1a: Baxcalibur|Swords Dance|p1a: Baxcalibur\n|-boost|p1a: Baxcalibur|atk|2\n|cant|p2a: Skeledirge|par\n|\n|upkeep\n|turn|5\n|\n|t:|1700085874\n|move|p1a: Baxcalibur|Earthquake|p2a: Skeledirge\n|-supereffective|p2a: Skeledirge\n|-damage|p2a: Skeledirge|27\/100 par\n|move|p2a: Skeledirge|Will-O-Wisp|p1a: Baxcalibur\n|-immune|p1a: Baxcalibur|[from] ability: Thermal Exchange\n|\n|upkeep\n|turn|6\n|\n|t:|1700085886\n|switch|p2a: Giratina|Giratina-Origin, shiny|100\/100\n|move|p1a: Baxcalibur|Swords Dance|p1a: Baxcalibur\n|-boost|p1a: Baxcalibur|atk|2\n|\n|-sideend|p1: MeteorAsh15|move: Tailwind\n|upkeep\n|turn|7\n|\n|t:|1700085895\n|move|p1a: Baxcalibur|Scale Shot|p2a: Giratina\n|-supereffective|p2a: Giratina\n|-damage|p2a: Giratina|53\/100\n|-supereffective|p2a: Giratina\n|-damage|p2a: Giratina|8\/100\n|-supereffective|p2a: Giratina\n|-damage|p2a: Giratina|0 fnt\n|faint|p2a: Giratina\n|-hitcount|p2: Giratina|3\n|-unboost|p1a: Baxcalibur|def|1\n|-boost|p1a: Baxcalibur|spe|1\n|\n|upkeep\n|-message|DazzZkX forfeited.\n|\n|win|MeteorAsh15\n|raw|MeteorAsh15's rating: 1186 &rarr; <strong>1203<\/strong><br \/>(+17 for winning)\n|raw|DazzZkX's rating: 1066 &rarr; <strong>1053<\/strong><br \/>(-13 for losing)\n|l|\u2606DazzZkX\n","uploadtime":1700085912,"views":5,"p1id":"meteorash15","p2id":"dazzzkx","formatid":"gen9ubers","rating":1053,"private":0,"password":""}