{"id":"gen9ubers-1991467724","p1":"TheKingoftheCucks","p2":"Seath511","format":"[Gen 9] Ubers","log":"|j|\u2606TheKingoftheCucks\n|j|\u2606Seath511\n|t:|1700079689\n|gametype|singles\n|player|p1|TheKingoftheCucks|169|\n|player|p2|Seath511|102|\n|teamsize|p1|6\n|teamsize|p2|6\n|gen|9\n|tier|[Gen 9] Ubers\n|rule|Sleep Clause Mod: Limit one foe put to sleep\n|rule|Species Clause: Limit one of each Pok\u00e9mon\n|rule|OHKO Clause: OHKO moves are banned\n|rule|Evasion Items Clause: Evasion items are banned\n|rule|Evasion Moves Clause: Evasion moves are banned\n|rule|Endless Battle Clause: Forcing endless battles is banned\n|rule|HP Percentage Mod: HP is shown in percentages\n|clearpoke\n|poke|p1|Baxcalibur, F|\n|poke|p1|Abomasnow, M|\n|poke|p1|Ceruledge, M|\n|poke|p1|Qwilfish, M|\n|poke|p1|Magnezone|\n|poke|p1|Donphan, F|\n|poke|p2|Gholdengo|\n|poke|p2|Tyranitar, M|\n|poke|p2|Quaquaval, M|\n|poke|p2|Iron Treads|\n|poke|p2|Ting-Lu|\n|poke|p2|Lycanroc, M|\n|teampreview\n|j| kadomatsu\n|\n|t:|1700079711\n|start\n|switch|p1a: Donphan|Donphan, F|100\/100\n|switch|p2a: Bhingus|Quaquaval, M|100\/100\n|turn|1\n|j| Apezilla\n|\n|t:|1700079725\n|move|p2a: Bhingus|Swords Dance|p2a: Bhingus\n|-boost|p2a: Bhingus|atk|2\n|move|p1a: Donphan|Stealth Rock|p2a: Bhingus\n|-sidestart|p2: Seath511|move: Stealth Rock\n|\n|upkeep\n|turn|2\n|\n|t:|1700079742\n|switch|p1a: Qwilfish|Qwilfish, M|100\/100\n|-ability|p1a: Qwilfish|Intimidate|boost\n|-unboost|p2a: Bhingus|atk|1\n|move|p2a: Bhingus|Swords Dance|p2a: Bhingus\n|-boost|p2a: Bhingus|atk|2\n|\n|upkeep\n|turn|3\n|inactive|Battle timer is ON: inactive players will automatically lose when time's up. (requested by TheKingoftheCucks)\n|\n|t:|1700080379\n|move|p2a: Bhingus|Swords Dance|p2a: Bhingus\n|-boost|p2a: Bhingus|atk|2\n|move|p1a: Qwilfish|Haze|p1a: Qwilfish\n|-clearallboost\n|\n|upkeep\n|turn|4\n|\n|t:|1700080388\n|move|p2a: Bhingus|Knock Off|p1a: Qwilfish\n|-damage|p1a: Qwilfish|75\/100\n|-enditem|p1a: Qwilfish|Black Sludge|[from] move: Knock Off|[of] p2a: Bhingus\n|move|p1a: Qwilfish|Spikes|p2a: Bhingus\n|-sidestart|p2: Seath511|Spikes\n|\n|upkeep\n|turn|5\n|\n|t:|1700080401\n|switch|p2a: Dreemgubs|Iron Treads|100\/100\n|-damage|p2a: Dreemgubs|97\/100|[from] Stealth Rock\n|-item|p2a: Dreemgubs|Air Balloon\n|move|p1a: Qwilfish|Flip Turn|p2a: Dreemgubs\n|-supereffective|p2a: Dreemgubs\n|-damage|p2a: Dreemgubs|58\/100\n|-enditem|p2a: Dreemgubs|Air Balloon\n|\n|t:|1700080411\n|switch|p1a: Magnezone|Magnezone|100\/100|[from] Flip Turn\n|-item|p1a: Magnezone|Air Balloon\n|\n|upkeep\n|turn|6\n|\n|t:|1700080435\n|move|p2a: Dreemgubs|Rapid Spin|p1a: Magnezone\n|-resisted|p1a: Magnezone\n|-damage|p1a: Magnezone|94\/100\n|-boost|p2a: Dreemgubs|spe|1\n|-enditem|p1a: Magnezone|Air Balloon\n|-sideend|p2: Seath511|Spikes|[from] move: Rapid Spin|[of] p2a: Dreemgubs\n|-sideend|p2: Seath511|Stealth Rock|[from] move: Rapid Spin|[of] p2a: Dreemgubs\n|move|p1a: Magnezone|Magnet Rise|p1a: Magnezone\n|-start|p1a: Magnezone|Magnet Rise\n|\n|upkeep\n|turn|7\n|inactive|Seath511 has 270 seconds left.\n|\n|t:|1700080466\n|move|p2a: Dreemgubs|Ice Spinner|p1a: Magnezone\n|-resisted|p1a: Magnezone\n|-damage|p1a: Magnezone|84\/100\n|move|p1a: Magnezone|Body Press|p2a: Dreemgubs\n|-supereffective|p2a: Dreemgubs\n|-damage|p2a: Dreemgubs|20\/100\n|\n|upkeep\n|turn|8\n|\n|t:|1700080474\n|move|p2a: Dreemgubs|Knock Off|p1a: Magnezone\n|-damage|p1a: Magnezone|67\/100\n|move|p1a: Magnezone|Body Press|p2a: Dreemgubs\n|-supereffective|p2a: Dreemgubs\n|-damage|p2a: Dreemgubs|0 fnt\n|faint|p2a: Dreemgubs\n|-end|p2a: Dreemgubs|Quark Drive|[silent]\n|\n|upkeep\n|inactive|Seath511 has 270 seconds left.\n|inactive|Seath511 has 240 seconds left.\n|\n|t:|1700080513\n|switch|p2a: Rhingus|Tyranitar, M|100\/100\n|-weather|Sandstorm|[from] ability: Sand Stream|[of] p2a: Rhingus\n|turn|9\n|inactive|Seath511 has 240 seconds left.\n|\n|t:|1700080528\n|move|p1a: Magnezone|Flash Cannon|p2a: Rhingus\n|-supereffective|p2a: Rhingus\n|-damage|p2a: Rhingus|54\/100\n|move|p2a: Rhingus|Stealth Rock|p1a: Magnezone\n|-sidestart|p1: TheKingoftheCucks|move: Stealth Rock\n|\n|-weather|Sandstorm|[upkeep]\n|-heal|p2a: Rhingus|60\/100|[from] item: Leftovers\n|upkeep\n|turn|10\n|inactive|Seath511 has 240 seconds left.\n|\n|t:|1700080545\n|switch|p2a: Dhingus|Gholdengo|100\/100\n|move|p1a: Magnezone|Thunderbolt|p2a: Dhingus\n|-damage|p2a: Dhingus|43\/100\n|\n|-weather|Sandstorm|[upkeep]\n|-end|p1a: Magnezone|Magnet Rise\n|upkeep\n|turn|11\n|inactive|Seath511 has 240 seconds left.\n|\n|t:|1700080569\n|move|p2a: Dhingus|Trick|p1a: Magnezone\n|-activate|p2a: Dhingus|move: Trick|[of] p1a: Magnezone\n|-item|p1a: Magnezone|Choice Specs|[from] move: Trick\n|-enditem|p2a: Dhingus|Choice Specs|[silent]|[from] move: Trick\n|move|p1a: Magnezone|Thunderbolt|p2a: Dhingus\n|-damage|p2a: Dhingus|0 fnt\n|faint|p2a: Dhingus\n|\n|-weather|Sandstorm|[upkeep]\n|upkeep\n|\n|t:|1700080581\n|switch|p2a: Charles|Ting-Lu|100\/100\n|-ability|p2a: Charles|Vessel of Ruin\n|turn|12\n|c| Apezilla|not charles monkaS\n|\n|t:|1700080591\n|switch|p1a: Abomasnow|Abomasnow, M|100\/100\n|-damage|p1a: Abomasnow|76\/100|[from] Stealth Rock\n|-weather|Snow|[from] ability: Snow Warning|[of] p1a: Abomasnow\n|move|p2a: Charles|Spikes|p1a: Abomasnow\n|-sidestart|p1: TheKingoftheCucks|Spikes\n|\n|-weather|Snow|[upkeep]\n|upkeep\n|turn|13\n|\n|t:|1700080609\n|switch|p1a: Donphan|Donphan, F|100\/100\n|-damage|p1a: Donphan|94\/100|[from] Stealth Rock\n|-damage|p1a: Donphan|82\/100|[from] Spikes\n|move|p2a: Charles|Spikes|p1a: Donphan\n|-sidestart|p1: TheKingoftheCucks|Spikes\n|\n|-weather|Snow|[upkeep]\n|-heal|p1a: Donphan|88\/100|[from] item: Leftovers\n|upkeep\n|turn|14\n|inactive|Seath511 has 210 seconds left.\n|\n|t:|1700080637\n|switch|p2a: Bhingus|Quaquaval, M|100\/100\n|move|p1a: Donphan|Rapid Spin|p2a: Bhingus\n|-crit|p2a: Bhingus\n|-damage|p2a: Bhingus|72\/100\n|-boost|p1a: Donphan|spe|1\n|-sideend|p1: TheKingoftheCucks|Spikes|[from] move: Rapid Spin|[of] p1a: Donphan\n|-sideend|p1: TheKingoftheCucks|Stealth Rock|[from] move: Rapid Spin|[of] p1a: Donphan\n|\n|-weather|Snow|[upkeep]\n|-heal|p1a: Donphan|94\/100|[from] item: Leftovers\n|upkeep\n|turn|15\n|inactive|TheKingoftheCucks has 270 seconds left.\n|inactive|Seath511 has 180 seconds left.\n|\n|t:|1700080696\n|move|p2a: Bhingus|Swords Dance|p2a: Bhingus\n|-boost|p2a: Bhingus|atk|2\n|move|p1a: Donphan|Earthquake|p2a: Bhingus\n|-damage|p2a: Bhingus|19\/100\n|\n|-weather|Snow|[upkeep]\n|-heal|p1a: Donphan|100\/100|[from] item: Leftovers\n|upkeep\n|turn|16\n|inactive|Seath511 has 150 seconds left.\n|\n|t:|1700080739\n|move|p2a: Bhingus|Aqua Step|p1a: Donphan\n|-supereffective|p1a: Donphan\n|-damage|p1a: Donphan|11\/100\n|-boost|p2a: Bhingus|spe|1\n|move|p1a: Donphan|Earthquake|p2a: Bhingus\n|-damage|p2a: Bhingus|0 fnt\n|faint|p2a: Bhingus\n|\n|-weather|Snow|[upkeep]\n|-heal|p1a: Donphan|17\/100|[from] item: Leftovers\n|upkeep\n|\n|t:|1700080757\n|switch|p2a: Cheemgus|Lycanroc, M|100\/100\n|turn|17\n|\n|t:|1700080772\n|move|p2a: Cheemgus|Stone Edge|p1a: Donphan|[miss]\n|-miss|p2a: Cheemgus|p1a: Donphan\n|move|p1a: Donphan|Earthquake|p2a: Cheemgus\n|-supereffective|p2a: Cheemgus\n|-damage|p2a: Cheemgus|0 fnt\n|faint|p2a: Cheemgus\n|\n|-weather|Snow|[upkeep]\n|-heal|p1a: Donphan|23\/100|[from] item: Leftovers\n|upkeep\n|\n|t:|1700080777\n|switch|p2a: Rhingus|Tyranitar, M|60\/100\n|-weather|Sandstorm|[from] ability: Sand Stream|[of] p2a: Rhingus\n|turn|18\n|inactive|TheKingoftheCucks has 270 seconds left.\n|\n|t:|1700080785\n|move|p1a: Donphan|Earthquake|p2a: Rhingus\n|-supereffective|p2a: Rhingus\n|-damage|p2a: Rhingus|0 fnt\n|faint|p2a: Rhingus\n|\n|-weather|Sandstorm|[upkeep]\n|-heal|p1a: Donphan|30\/100|[from] item: Leftovers\n|upkeep\n|c| Apezilla|I also knew that would happen\n|\n|t:|1700080788\n|switch|p2a: Charles|Ting-Lu|100\/100\n|-ability|p2a: Charles|Vessel of Ruin\n|turn|19\n|inactive|Seath511 has 150 seconds left.\n|\n|t:|1700080796\n|move|p1a: Donphan|Knock Off|p2a: Charles\n|-resisted|p2a: Charles\n|-damage|p2a: Charles|95\/100\n|-enditem|p2a: Charles|Leftovers|[from] move: Knock Off|[of] p1a: Donphan\n|move|p2a: Charles|Earthquake|p1a: Donphan\n|-damage|p1a: Donphan|8\/100\n|\n|-weather|Sandstorm|[upkeep]\n|-heal|p1a: Donphan|15\/100|[from] item: Leftovers\n|upkeep\n|turn|20\n|\n|t:|1700080807\n|switch|p1a: Abomasnow|Abomasnow, M|76\/100\n|-weather|Snow|[from] ability: Snow Warning|[of] p1a: Abomasnow\n|move|p2a: Charles|Earthquake|p1a: Abomasnow\n|-resisted|p1a: Abomasnow\n|-damage|p1a: Abomasnow|62\/100\n|\n|-weather|Snow|[upkeep]\n|upkeep\n|turn|21\n|\n|t:|1700080816\n|move|p1a: Abomasnow|Blizzard|p2a: Charles\n|-supereffective|p2a: Charles\n|-damage|p2a: Charles|39\/100\n|move|p2a: Charles|Spikes|p1a: Abomasnow\n|-sidestart|p1: TheKingoftheCucks|Spikes\n|\n|-weather|Snow|[upkeep]\n|upkeep\n|turn|22\n|c| Apezilla|You should if you can\n|\n|t:|1700080823\n|move|p1a: Abomasnow|Blizzard|p2a: Charles\n|-supereffective|p2a: Charles\n|-damage|p2a: Charles|0 fnt\n|faint|p2a: Charles\n|\n|win|TheKingoftheCucks\n|l|\u2606Seath511\n","uploadtime":1700080831,"views":20,"p1id":"thekingofthecucks","p2id":"seath511","formatid":"gen9ubers","rating":0,"private":0,"password":""}