{"id":"gen9ubers-1995090168","p1":"callmehao","p2":"Mattattac","format":"[Gen 9] Ubers","log":"|j|\u2606callmehao\n|j|\u2606Mattattac\n|t:|1700521445\n|gametype|singles\n|player|p1|callmehao|101|1135\n|player|p2|Mattattac|nate|1093\n|teamsize|p1|6\n|teamsize|p2|6\n|gen|9\n|tier|[Gen 9] Ubers\n|rated|\n|rule|Sleep Clause Mod: Limit one foe put to sleep\n|rule|Species Clause: Limit one of each Pok\u00e9mon\n|rule|OHKO Clause: OHKO moves are banned\n|rule|Evasion Items Clause: Evasion items are banned\n|rule|Evasion Moves Clause: Evasion moves are banned\n|rule|Endless Battle Clause: Forcing endless battles is banned\n|rule|HP Percentage Mod: HP is shown in percentages\n|clearpoke\n|poke|p1|Miraidon|\n|poke|p1|Arceus|\n|poke|p1|Zacian-*|\n|poke|p1|Ting-Lu|\n|poke|p1|Kyogre|\n|poke|p1|Iron Bundle|\n|poke|p2|Ogerpon-Hearthflame, F|\n|poke|p2|Darkrai|\n|poke|p2|Flutter Mane|\n|poke|p2|Magearna|\n|poke|p2|Volcarona, M|\n|poke|p2|Zacian-*|\n|teampreview\n|c|\u2606Mattattac|yo\n|inactive|Battle timer is ON: inactive players will automatically lose when time's up. (requested by Mattattac)\n|\n|t:|1700521464\n|start\n|switch|p1a: Ting-Lu|Ting-Lu|100\/100\n|switch|p2a: Darkrai|Darkrai, shiny|100\/100\n|-ability|p1a: Ting-Lu|Vessel of Ruin\n|turn|1\n|c|\u2606Mattattac|oh god\n|\n|t:|1700521476\n|move|p2a: Darkrai|Dark Void|p1a: Ting-Lu|[miss]\n|-miss|p2a: Darkrai|p1a: Ting-Lu\n|move|p1a: Ting-Lu|Stealth Rock|p2a: Darkrai\n|-sidestart|p2: Mattattac|move: Stealth Rock\n|\n|upkeep\n|turn|2\n|c|\u2606Mattattac|I haven't changed this team\n|\n|t:|1700521491\n|move|p2a: Darkrai|Dark Void|p1a: Ting-Lu\n|-status|p1a: Ting-Lu|slp|[from] move: Dark Void\n|cant|p1a: Ting-Lu|slp\n|\n|-damage|p1a: Ting-Lu|88\/100 slp|[from] ability: Bad Dreams|[of] p2a: Darkrai\n|upkeep\n|turn|3\n|\n|t:|1700521509\n|switch|p1a: Miraidon|Miraidon|100\/100\n|-fieldstart|move: Electric Terrain|[from] ability: Hadron Engine|[of] p1a: Miraidon\n|move|p2a: Darkrai|Nasty Plot|p2a: Darkrai\n|-boost|p2a: Darkrai|spa|2\n|\n|upkeep\n|turn|4\n|\n|t:|1700521527\n|move|p1a: Miraidon|Electro Drift|p2a: Darkrai\n|-damage|p2a: Darkrai|0 fnt\n|faint|p2a: Darkrai\n|\n|upkeep\n|\n|t:|1700521532\n|switch|p2a: Zacian|Zacian-Crowned, shiny|100\/100\n|-damage|p2a: Zacian|94\/100|[from] Stealth Rock\n|-ability|p2a: Zacian|Intrepid Sword|boost\n|-boost|p2a: Zacian|atk|1\n|turn|5\n|\n|t:|1700521545\n|switch|p1a: Ting-Lu|Ting-Lu|88\/100 slp\n|-ability|p1a: Ting-Lu|Vessel of Ruin\n|move|p2a: Zacian|Swords Dance|p2a: Zacian\n|-boost|p2a: Zacian|atk|2\n|\n|-heal|p1a: Ting-Lu|94\/100 slp|[from] item: Leftovers\n|upkeep\n|turn|6\n|\n|t:|1700521557\n|-terastallize|p1a: Ting-Lu|Poison\n|move|p2a: Zacian|Trailblaze|p1a: Ting-Lu\n|-resisted|p1a: Ting-Lu\n|-damage|p1a: Ting-Lu|82\/100 slp\n|-boost|p2a: Zacian|spe|1\n|cant|p1a: Ting-Lu|slp\n|\n|-heal|p1a: Ting-Lu|88\/100 slp|[from] item: Leftovers\n|upkeep\n|turn|7\n|\n|t:|1700521568\n|move|p2a: Zacian|Behemoth Blade|p1a: Ting-Lu\n|-damage|p1a: Ting-Lu|15\/100 slp\n|-curestatus|p1a: Ting-Lu|slp|[msg]\n|move|p1a: Ting-Lu|Whirlwind|p2a: Zacian\n|drag|p2a: Volcarona|Volcarona, M, shiny|100\/100\n|-damage|p2a: Volcarona|51\/100|[from] Stealth Rock\n|\n|-heal|p2a: Volcarona|57\/100|[from] item: Leftovers\n|-heal|p1a: Ting-Lu|21\/100|[from] item: Leftovers\n|-fieldend|move: Electric Terrain\n|upkeep\n|turn|8\n|inactive|callmehao has 120 seconds left.\n|\n|t:|1700521606\n|move|p2a: Volcarona|Quiver Dance|p2a: Volcarona\n|-boost|p2a: Volcarona|spa|1\n|-boost|p2a: Volcarona|spd|1\n|-boost|p2a: Volcarona|spe|1\n|move|p1a: Ting-Lu|Whirlwind|p2a: Volcarona\n|drag|p2a: Ogerpon|Ogerpon-Hearthflame, F|100\/100\n|-damage|p2a: Ogerpon|76\/100|[from] Stealth Rock\n|-ability|p2a: Ogerpon|Mold Breaker\n|\n|-heal|p1a: Ting-Lu|27\/100|[from] item: Leftovers\n|upkeep\n|turn|9\n|c|\u2606Mattattac|really\n|\n|t:|1700521627\n|move|p2a: Ogerpon|Ivy Cudgel|p1a: Ting-Lu|[anim] Ivy Cudgel Fire\n|-damage|p1a: Ting-Lu|0 fnt\n|faint|p1a: Ting-Lu\n|\n|upkeep\n|\n|t:|1700521633\n|switch|p1a: Miraidon|Miraidon|100\/100\n|-fieldstart|move: Electric Terrain|[from] ability: Hadron Engine|[of] p1a: Miraidon\n|turn|10\n|\n|t:|1700521642\n|move|p1a: Miraidon|Electro Drift|p2a: Ogerpon\n|-resisted|p2a: Ogerpon\n|-damage|p2a: Ogerpon|0 fnt\n|faint|p2a: Ogerpon\n|\n|upkeep\n|\n|t:|1700521657\n|switch|p2a: Zacian|Zacian-Crowned, shiny|94\/100\n|-damage|p2a: Zacian|88\/100|[from] Stealth Rock\n|turn|11\n|inactive|callmehao has 120 seconds left.\n|\n|t:|1700521670\n|switch|p1a: Iron Bundle|Iron Bundle|100\/100\n|-activate|p1a: Iron Bundle|ability: Quark Drive\n|-start|p1a: Iron Bundle|quarkdrivespe\n|move|p2a: Zacian|Swords Dance|p2a: Zacian\n|-boost|p2a: Zacian|atk|2\n|\n|upkeep\n|turn|12\n|inactive|callmehao has 120 seconds left.\n|\n|t:|1700521682\n|move|p1a: Iron Bundle|Encore|p2a: Zacian\n|-start|p2a: Zacian|Encore\n|move|p2a: Zacian|Swords Dance|p2a: Zacian\n|-boost|p2a: Zacian|atk|2\n|\n|upkeep\n|turn|13\n|c|\u2606Mattattac|mf\n|inactive|callmehao has 120 seconds left.\n|\n|t:|1700521695\n|-end|p1a: Iron Bundle|Quark Drive|[silent]\n|switch|p1a: Miraidon|Miraidon|100\/100\n|-activate|p1a: Miraidon|ability: Hadron Engine\n|switch|p2a: Volcarona|Volcarona, M, shiny|57\/100\n|-damage|p2a: Volcarona|7\/100|[from] Stealth Rock\n|\n|-heal|p2a: Volcarona|13\/100|[from] item: Leftovers\n|upkeep\n|turn|14\n|\n|t:|1700521704\n|move|p1a: Miraidon|Electro Drift|p2a: Volcarona\n|-damage|p2a: Volcarona|0 fnt\n|faint|p2a: Volcarona\n|\n|-fieldend|move: Electric Terrain\n|upkeep\n|\n|t:|1700521707\n|switch|p2a: Magearna|Magearna|100\/100\n|-damage|p2a: Magearna|95\/100|[from] Stealth Rock\n|turn|15\n|\n|t:|1700521715\n|switch|p1a: Zacian|Zacian-Crowned|100\/100\n|-ability|p1a: Zacian|Intrepid Sword|boost\n|-boost|p1a: Zacian|atk|1\n|move|p2a: Magearna|Shift Gear|p2a: Magearna\n|-boost|p2a: Magearna|spe|2\n|-boost|p2a: Magearna|atk|1\n|\n|upkeep\n|turn|16\n|\n|t:|1700521728\n|move|p2a: Magearna|Calm Mind|p2a: Magearna\n|-boost|p2a: Magearna|spa|1\n|-boost|p2a: Magearna|spd|1\n|move|p1a: Zacian|Swords Dance|p1a: Zacian\n|-boost|p1a: Zacian|atk|2\n|\n|upkeep\n|turn|17\n|\n|t:|1700521738\n|move|p2a: Magearna|Flash Cannon|p1a: Zacian\n|-damage|p1a: Zacian|32\/100\n|move|p1a: Zacian|Behemoth Blade|p2a: Magearna\n|-damage|p2a: Magearna|0 fnt\n|faint|p2a: Magearna\n|\n|upkeep\n|c|\u2606Mattattac|damnit\n|\n|t:|1700521746\n|switch|p2a: Zacian|Zacian-Crowned, shiny|88\/100\n|-damage|p2a: Zacian|82\/100|[from] Stealth Rock\n|turn|18\n|\n|t:|1700521750\n|move|p1a: Zacian|Behemoth Blade|p2a: Zacian\n|-damage|p2a: Zacian|0 fnt\n|faint|p2a: Zacian\n|\n|upkeep\n|c|\u2606Mattattac|gg\n|\n|t:|1700521754\n|switch|p2a: Flutter Mane|Flutter Mane, shiny|100\/100\n|-damage|p2a: Flutter Mane|88\/100|[from] Stealth Rock\n|turn|19\n|\n|t:|1700521766\n|-terastallize|p2a: Flutter Mane|Fire\n|move|p1a: Zacian|Behemoth Blade|p2a: Flutter Mane\n|-resisted|p2a: Flutter Mane\n|-damage|p2a: Flutter Mane|0 fnt\n|faint|p2a: Flutter Mane\n|-end|p2a: Flutter Mane|Protosynthesis|[silent]\n|\n|win|callmehao\n|raw|callmehao's rating: 1135 &rarr; <strong>1157<\/strong><br \/>(+22 for winning)\n|raw|Mattattac's rating: 1093 &rarr; <strong>1072<\/strong><br \/>(-21 for losing)\n","uploadtime":1700521772,"views":2,"p1id":"callmehao","p2id":"mattattac","formatid":"gen9ubers","rating":1072,"private":0,"password":""}