{"id":"gen9ubers-2000604939","p1":"Mscollsd","p2":"mathismathin","format":"[Gen 9] Ubers","log":"|j|\u2606Mscollsd\n|j|\u2606mathismathin\n|t:|1701209716\n|gametype|singles\n|player|p1|Mscollsd|266|1399\n|player|p2|mathismathin|nate|1502\n|teamsize|p1|6\n|teamsize|p2|6\n|gen|9\n|tier|[Gen 9] Ubers\n|rated|\n|rule|Sleep Clause Mod: Limit one foe put to sleep\n|rule|Species Clause: Limit one of each Pok\u00e9mon\n|rule|OHKO Clause: OHKO moves are banned\n|rule|Evasion Items Clause: Evasion items are banned\n|rule|Evasion Moves Clause: Evasion moves are banned\n|rule|Endless Battle Clause: Forcing endless battles is banned\n|rule|HP Percentage Mod: HP is shown in percentages\n|clearpoke\n|poke|p1|Miraidon|\n|poke|p1|Arceus|\n|poke|p1|Koraidon|\n|poke|p1|Talonflame, F|\n|poke|p1|Eternatus|\n|poke|p1|Mewtwo|\n|poke|p2|Calyrex-Ice|\n|poke|p2|Dialga|\n|poke|p2|Magearna|\n|poke|p2|Ursaluna, M|\n|poke|p2|Kyogre|\n|poke|p2|Cresselia, F|\n|teampreview\n|\n|t:|1701209722\n|start\n|switch|p1a: Koraidon|Koraidon|100\/100\n|switch|p2a: Magearna|Magearna|100\/100\n|-weather|SunnyDay|[from] ability: Orichalcum Pulse|[of] p1a: Koraidon\n|-activate|p1a: Koraidon|Orichalcum Pulse|[source]\n|turn|1\n|\n|t:|1701209728\n|switch|p2a: Kyogre|Kyogre|100\/100\n|-weather|RainDance|[from] ability: Drizzle|[of] p2a: Kyogre\n|move|p1a: Koraidon|Flame Charge|p2a: Kyogre\n|-resisted|p2a: Kyogre\n|-damage|p2a: Kyogre|96\/100\n|-boost|p1a: Koraidon|spe|1\n|\n|-weather|RainDance|[upkeep]\n|upkeep\n|turn|2\n|inactive|Battle timer is ON: inactive players will automatically lose when time's up. (requested by Mscollsd)\n|\n|t:|1701209734\n|switch|p2a: Cresselia|Cresselia, F|100\/100\n|move|p1a: Koraidon|Collision Course|p2a: Cresselia\n|-resisted|p2a: Cresselia\n|-damage|p2a: Cresselia|83\/100\n|\n|-weather|RainDance|[upkeep]\n|upkeep\n|turn|3\n|\n|t:|1701209748\n|switch|p1a: Talonflame|Talonflame, F|100\/100\n|move|p2a: Cresselia|Trick Room|p2a: Cresselia\n|-fieldstart|move: Trick Room|[of] p2a: Cresselia\n|\n|-weather|RainDance|[upkeep]\n|upkeep\n|turn|4\n|\n|t:|1701209757\n|switch|p2a: Ursaluna|Ursaluna, M|100\/100\n|move|p1a: Talonflame|Swords Dance|p1a: Talonflame\n|-boost|p1a: Talonflame|atk|2\n|\n|-weather|RainDance|[upkeep]\n|-status|p2a: Ursaluna|brn|[from] item: Flame Orb\n|upkeep\n|turn|5\n|\n|t:|1701209770\n|move|p1a: Talonflame|Brave Bird|p2a: Ursaluna\n|-damage|p2a: Ursaluna|42\/100 brn\n|-damage|p1a: Talonflame|70\/100|[from] Recoil\n|move|p2a: Ursaluna|Facade|p1a: Talonflame\n|-damage|p1a: Talonflame|0 fnt\n|faint|p1a: Talonflame\n|\n|-weather|none\n|-damage|p2a: Ursaluna|35\/100 brn|[from] brn\n|upkeep\n|\n|t:|1701209775\n|switch|p1a: Mewtwo|Mewtwo|100\/100\n|-ability|p1a: Mewtwo|Unnerve\n|turn|6\n|\n|t:|1701209778\n|move|p2a: Ursaluna|Facade|p1a: Mewtwo\n|-damage|p1a: Mewtwo|0 fnt\n|faint|p1a: Mewtwo\n|\n|-damage|p2a: Ursaluna|29\/100 brn|[from] brn\n|upkeep\n|\n|t:|1701209783\n|switch|p1a: Koraidon|Koraidon|100\/100\n|-weather|SunnyDay|[from] ability: Orichalcum Pulse|[of] p1a: Koraidon\n|-activate|p1a: Koraidon|Orichalcum Pulse|[source]\n|turn|7\n|\n|t:|1701209785\n|move|p2a: Ursaluna|Facade|p1a: Koraidon\n|-enditem|p1a: Koraidon|Focus Sash\n|-damage|p1a: Koraidon|1\/100\n|move|p1a: Koraidon|Flame Charge|p2a: Ursaluna\n|-damage|p2a: Ursaluna|6\/100 brn\n|-boost|p1a: Koraidon|spe|1\n|\n|-weather|SunnyDay|[upkeep]\n|-damage|p2a: Ursaluna|0 fnt|[from] brn\n|faint|p2a: Ursaluna\n|-fieldend|move: Trick Room\n|upkeep\n|\n|t:|1701209794\n|switch|p2a: Cresselia|Cresselia, F|83\/100\n|turn|8\n|\n|t:|1701209798\n|move|p1a: Koraidon|Flame Charge|p2a: Cresselia\n|-damage|p2a: Cresselia|56\/100\n|-boost|p1a: Koraidon|spe|1\n|move|p2a: Cresselia|Trick Room|p2a: Cresselia\n|-fieldstart|move: Trick Room|[of] p2a: Cresselia\n|\n|-weather|SunnyDay|[upkeep]\n|upkeep\n|turn|9\n|\n|t:|1701209802\n|move|p2a: Cresselia|Lunar Dance|p2a: Cresselia\n|faint|p2a: Cresselia\n|move|p1a: Koraidon|Flame Charge|p2: Cresselia|[notarget]\n|-fail|p1a: Koraidon\n|\n|-weather|SunnyDay|[upkeep]\n|upkeep\n|\n|t:|1701209804\n|switch|p2a: Calyrex|Calyrex-Ice|100\/100\n|-ability|p2a: Calyrex|As One\n|-ability|p2a: Calyrex|Unnerve\n|turn|10\n|\n|t:|1701209808\n|move|p2a: Calyrex|Glacial Lance|p1a: Koraidon\n|-supereffective|p1a: Koraidon\n|-damage|p1a: Koraidon|0 fnt\n|faint|p1a: Koraidon\n|-ability|p2a: Calyrex|Chilling Neigh|boost\n|-boost|p2a: Calyrex|atk|1\n|\n|-weather|SunnyDay|[upkeep]\n|upkeep\n|\n|t:|1701209811\n|switch|p1a: Miraidon|Miraidon|100\/100\n|-fieldstart|move: Electric Terrain|[from] ability: Hadron Engine|[of] p1a: Miraidon\n|turn|11\n|\n|t:|1701209817\n|move|p2a: Calyrex|Glacial Lance|p1a: Miraidon\n|-supereffective|p1a: Miraidon\n|-enditem|p1a: Miraidon|Focus Sash\n|-damage|p1a: Miraidon|1\/100\n|move|p1a: Miraidon|Parabolic Charge|p2a: Calyrex\n|-damage|p2a: Calyrex|63\/100\n|-heal|p1a: Miraidon|23\/100|[from] drain|[of] p2a: Calyrex\n|\n|-weather|none\n|upkeep\n|turn|12\n|\n|t:|1701209829\n|move|p2a: Calyrex|Glacial Lance|p1a: Miraidon\n|-supereffective|p1a: Miraidon\n|-damage|p1a: Miraidon|0 fnt\n|faint|p1a: Miraidon\n|-ability|p2a: Calyrex|Chilling Neigh|boost\n|-boost|p2a: Calyrex|atk|1\n|\n|-fieldend|move: Trick Room\n|upkeep\n|\n|t:|1701209832\n|switch|p1a: Arceus|Arceus|100\/100\n|turn|13\n|\n|t:|1701209834\n|-terastallize|p1a: Arceus|Fire\n|move|p1a: Arceus|Flare Blitz|p2a: Calyrex\n|-supereffective|p2a: Calyrex\n|-damage|p2a: Calyrex|0 fnt\n|faint|p2a: Calyrex\n|-damage|p1a: Arceus|79\/100|[from] Recoil\n|-damage|p1a: Arceus|69\/100|[from] item: Life Orb\n|\n|upkeep\n|\n|t:|1701209840\n|switch|p2a: Dialga|Dialga|100\/100\n|-ability|p2a: Dialga|Pressure\n|turn|14\n|\n|t:|1701209850\n|move|p1a: Arceus|Earthquake|p2a: Dialga\n|-supereffective|p2a: Dialga\n|-damage|p2a: Dialga|31\/100\n|-damage|p1a: Arceus|59\/100|[from] item: Life Orb\n|move|p2a: Dialga|Trick Room|p2a: Dialga\n|-fieldstart|move: Trick Room|[of] p2a: Dialga\n|\n|upkeep\n|turn|15\n|\n|t:|1701209852\n|move|p1a: Arceus|Extreme Speed|p2a: Dialga\n|-resisted|p2a: Dialga\n|-crit|p2a: Dialga\n|-damage|p2a: Dialga|0 fnt\n|faint|p2a: Dialga\n|-damage|p1a: Arceus|49\/100|[from] item: Life Orb\n|\n|-fieldend|move: Electric Terrain\n|upkeep\n|\n|t:|1701209862\n|switch|p2a: Magearna|Magearna|100\/100\n|turn|16\n|\n|t:|1701209889\n|-terastallize|p2a: Magearna|Ground\n|move|p2a: Magearna|Tera Blast|p1a: Arceus|[anim] Tera Blast Ground\n|-supereffective|p1a: Arceus\n|-damage|p1a: Arceus|0 fnt\n|faint|p1a: Arceus\n|-ability|p2a: Magearna|Soul-Heart|boost\n|-boost|p2a: Magearna|spa|1\n|\n|upkeep\n|\n|t:|1701209891\n|switch|p1a: Eternatus|Eternatus|100\/100\n|-ability|p1a: Eternatus|Pressure\n|turn|17\n|\n|t:|1701209894\n|move|p2a: Magearna|Tera Blast|p1a: Eternatus|[anim] Tera Blast Ground\n|-supereffective|p1a: Eternatus\n|-damage|p1a: Eternatus|0 fnt\n|faint|p1a: Eternatus\n|\n|win|mathismathin\n|raw|Mscollsd's rating: 1399 &rarr; <strong>1385<\/strong><br \/>(-14 for losing)\n|raw|mathismathin's rating: 1502 &rarr; <strong>1516<\/strong><br \/>(+14 for winning)\n|l|\u2606Mscollsd\n","uploadtime":1701209899,"views":1,"p1id":"mscollsd","p2id":"mathismathin","formatid":"gen9ubers","rating":1385,"private":0,"password":""}