{"id":"gen9ubers-1969263006","p1":"encryptus","p2":"thetastorm","format":"[Gen 9] Ubers","log":"|j|\u2606encryptus\n|j|\u2606thetastorm\n|t:|1697507424\n|gametype|singles\n|player|p1|encryptus|roxie|1202\n|player|p2|thetastorm|bruno|1113\n|teamsize|p1|6\n|teamsize|p2|6\n|gen|9\n|tier|[Gen 9] Ubers\n|rated|\n|rule|Sleep Clause Mod: Limit one foe put to sleep\n|rule|Species Clause: Limit one of each Pok\u00e9mon\n|rule|OHKO Clause: OHKO moves are banned\n|rule|Evasion Items Clause: Evasion items are banned\n|rule|Evasion Moves Clause: Evasion moves are banned\n|rule|Endless Battle Clause: Forcing endless battles is banned\n|rule|HP Percentage Mod: HP is shown in percentages\n|clearpoke\n|poke|p1|Sneasler, F|\n|poke|p1|Kingambit, M|\n|poke|p1|Mewtwo|\n|poke|p1|Ursaluna-Bloodmoon, M|\n|poke|p1|Skeledirge, M|\n|poke|p1|Miraidon|\n|poke|p2|Landorus, M|\n|poke|p2|Koraidon|\n|poke|p2|Ditto|\n|poke|p2|Urshifu-*, F|\n|poke|p2|Rillaboom, F|\n|poke|p2|Magearna|\n|teampreview\n|\n|t:|1697507440\n|start\n|switch|p1a: MiraidonDEEZ|Miraidon|100\/100\n|switch|p2a: rock|Koraidon|100\/100\n|-fieldstart|move: Electric Terrain|[from] ability: Hadron Engine|[of] p1a: MiraidonDEEZ\n|-weather|SunnyDay|[from] ability: Orichalcum Pulse|[of] p2a: rock\n|-activate|p2a: rock|Orichalcum Pulse|[source]\n|turn|1\n|\n|t:|1697507458\n|switch|p2a: randorasu|Landorus, M|100\/100\n|move|p1a: MiraidonDEEZ|Volt Switch|p2a: randorasu\n|-immune|p2a: randorasu\n|\n|-weather|SunnyDay|[upkeep]\n|upkeep\n|turn|2\n|\n|t:|1697507476\n|switch|p1a: unite menace|Mewtwo|100\/100\n|-ability|p1a: unite menace|Pressure\n|move|p2a: randorasu|Nasty Plot|p2a: randorasu\n|-boost|p2a: randorasu|spa|2\n|\n|-weather|SunnyDay|[upkeep]\n|upkeep\n|turn|3\n|\n|t:|1697507489\n|move|p1a: unite menace|Psystrike|p2a: randorasu\n|-damage|p2a: randorasu|0 fnt\n|faint|p2a: randorasu\n|\n|-weather|SunnyDay|[upkeep]\n|upkeep\n|\n|t:|1697507502\n|switch|p2a: rock|Koraidon|100\/100\n|-activate|p2a: rock|ability: Orichalcum Pulse\n|turn|4\n|\n|t:|1697507506\n|move|p2a: rock|U-turn|p1a: unite menace\n|-supereffective|p1a: unite menace\n|-damage|p1a: unite menace|0 fnt\n|faint|p1a: unite menace\n|\n|t:|1697507513\n|switch|p2a: jax|Rillaboom, F|100\/100|[from] U-turn\n|-fieldstart|move: Grassy Terrain|[from] ability: Grassy Surge|[of] p2a: jax\n|\n|-weather|SunnyDay|[upkeep]\n|upkeep\n|\n|t:|1697507522\n|switch|p1a: MiraidonDEEZ|Miraidon|100\/100\n|-fieldstart|move: Electric Terrain|[from] ability: Hadron Engine|[of] p1a: MiraidonDEEZ\n|turn|5\n|\n|t:|1697507533\n|move|p2a: jax|Fake Out|p1a: MiraidonDEEZ\n|-damage|p1a: MiraidonDEEZ|89\/100\n|cant|p1a: MiraidonDEEZ|flinch\n|\n|-weather|none\n|upkeep\n|turn|6\n|\n|t:|1697507548\n|switch|p2a: keke|Ditto|100\/100\n|-transform|p2a: keke|p1a: MiraidonDEEZ|[from] ability: Imposter\n|-activate|p2a: keke|ability: Hadron Engine\n|move|p1a: MiraidonDEEZ|Volt Switch|p2a: keke\n|-resisted|p2a: keke\n|-damage|p2a: keke|85\/100\n|\n|t:|1697507564\n|switch|p1a: Ms rng|Sneasler, F, shiny|100\/100|[from] Volt Switch\n|-enditem|p1a: Ms rng|Electric Seed\n|-boost|p1a: Ms rng|def|1|[from] item: Electric Seed\n|\n|-heal|p2a: keke|91\/100|[from] item: Leftovers\n|upkeep\n|turn|7\n|\n|t:|1697507587\n|move|p1a: Ms rng|Dire Claw|p2a: keke\n|-damage|p2a: keke|41\/100\n|move|p2a: keke|Volt Switch|p1a: Ms rng\n|-damage|p1a: Ms rng|18\/100\n|\n|t:|1697507596\n|switch|p2a: axel|Magearna|100\/100|[from] Volt Switch\n|\n|upkeep\n|turn|8\n|\n|t:|1697507604\n|move|p1a: Ms rng|Close Combat|p2a: axel\n|-damage|p2a: axel|44\/100\n|-unboost|p1a: Ms rng|def|1\n|-unboost|p1a: Ms rng|spd|1\n|move|p2a: axel|Shift Gear|p2a: axel\n|-boost|p2a: axel|spe|2\n|-boost|p2a: axel|atk|1\n|\n|-heal|p2a: axel|50\/100|[from] item: Leftovers\n|upkeep\n|turn|9\n|\n|t:|1697507629\n|move|p1a: Ms rng|Close Combat|p2a: axel\n|-damage|p2a: axel|0 fnt\n|-unboost|p1a: Ms rng|def|1\n|-unboost|p1a: Ms rng|spd|1\n|faint|p2a: axel\n|\n|-fieldend|move: Electric Terrain\n|upkeep\n|\n|t:|1697507639\n|switch|p2a: jax|Rillaboom, F|100\/100\n|-fieldstart|move: Grassy Terrain|[from] ability: Grassy Surge|[of] p2a: jax\n|turn|10\n|\n|t:|1697507644\n|move|p2a: jax|Fake Out|p1a: Ms rng\n|-damage|p1a: Ms rng|0 fnt\n|faint|p1a: Ms rng\n|\n|upkeep\n|\n|t:|1697507654\n|switch|p1a: MiraidonDEEZ|Miraidon|89\/100\n|-fieldstart|move: Electric Terrain|[from] ability: Hadron Engine|[of] p1a: MiraidonDEEZ\n|turn|11\n|\n|t:|1697507662\n|move|p1a: MiraidonDEEZ|Draco Meteor|p2a: jax\n|-damage|p2a: jax|0 fnt\n|-unboost|p1a: MiraidonDEEZ|spa|2\n|faint|p2a: jax\n|\n|upkeep\n|\n|t:|1697507668\n|switch|p2a: keke|Ditto|41\/100\n|-transform|p2a: keke|p1a: MiraidonDEEZ|[from] ability: Imposter\n|-activate|p2a: keke|ability: Hadron Engine\n|turn|12\n|\n|t:|1697507682\n|switch|p1a: yogi|Ursaluna-Bloodmoon, M|100\/100\n|move|p2a: keke|Draco Meteor|p1a: yogi\n|-damage|p1a: yogi|52\/100\n|-unboost|p2a: keke|spa|2\n|\n|-heal|p2a: keke|47\/100|[from] item: Leftovers\n|-heal|p1a: yogi|58\/100|[from] item: Leftovers\n|upkeep\n|turn|13\n|\n|t:|1697507717\n|move|p2a: keke|Overheat|p1a: yogi\n|-damage|p1a: yogi|37\/100\n|-unboost|p2a: keke|spa|2\n|move|p1a: yogi|Calm Mind|p1a: yogi\n|-boost|p1a: yogi|spa|1\n|-boost|p1a: yogi|spd|1\n|\n|-heal|p2a: keke|53\/100|[from] item: Leftovers\n|-heal|p1a: yogi|43\/100|[from] item: Leftovers\n|upkeep\n|turn|14\n|\n|t:|1697507729\n|switch|p2a: rock|Koraidon|100\/100\n|-weather|SunnyDay|[from] ability: Orichalcum Pulse|[of] p2a: rock\n|-activate|p2a: rock|Orichalcum Pulse|[source]\n|move|p1a: yogi|Moonlight|p1a: yogi\n|-heal|p1a: yogi|100\/100\n|\n|-weather|SunnyDay|[upkeep]\n|upkeep\n|turn|15\n|\n|t:|1697507762\n|switch|p1a: Florida|Skeledirge, M|100\/100\n|move|p2a: rock|Crunch|p1a: Florida\n|-supereffective|p1a: Florida\n|-damage|p1a: Florida|6\/100\n|\n|-weather|SunnyDay|[upkeep]\n|-fieldend|move: Electric Terrain\n|upkeep\n|turn|16\n|\n|t:|1697507780\n|switch|p2a: alan|Urshifu-Rapid-Strike, F|100\/100\n|move|p1a: Florida|Slack Off|p1a: Florida\n|-heal|p1a: Florida|56\/100\n|\n|-weather|SunnyDay|[upkeep]\n|upkeep\n|turn|17\n|\n|t:|1697507790\n|move|p2a: alan|U-turn|p1a: Florida\n|-resisted|p1a: Florida\n|-damage|p1a: Florida|51\/100\n|\n|t:|1697507793\n|switch|p2a: rock|Koraidon|100\/100|[from] U-turn\n|-activate|p2a: rock|ability: Orichalcum Pulse\n|move|p1a: Florida|Will-O-Wisp|p2a: rock\n|-status|p2a: rock|brn\n|\n|-weather|SunnyDay|[upkeep]\n|-damage|p2a: rock|94\/100 brn|[from] brn\n|upkeep\n|turn|18\n|\n|t:|1697507805\n|move|p2a: rock|Crunch|p1a: Florida\n|-supereffective|p1a: Florida\n|-damage|p1a: Florida|2\/100\n|move|p1a: Florida|Slack Off|p1a: Florida\n|-heal|p1a: Florida|52\/100\n|\n|-weather|none\n|-damage|p2a: rock|88\/100 brn|[from] brn\n|upkeep\n|turn|19\n|\n|t:|1697507819\n|switch|p2a: keke|Ditto|53\/100\n|-transform|p2a: keke|p1a: Florida|[from] ability: Imposter\n|move|p1a: Florida|Slack Off|p1a: Florida\n|-heal|p1a: Florida|100\/100\n|\n|-heal|p2a: keke|59\/100|[from] item: Leftovers\n|upkeep\n|turn|20\n|\n|t:|1697507829\n|move|p2a: keke|Slack Off|p2a: keke\n|-heal|p2a: keke|100\/100\n|move|p1a: Florida|Will-O-Wisp|p2a: keke\n|-immune|p2a: keke\n|\n|upkeep\n|turn|21\n|\n|t:|1697507838\n|move|p1a: Florida|Hex|p2a: keke\n|-supereffective|p2a: keke\n|-damage|p2a: keke|52\/100\n|move|p2a: keke|Hex|p1a: Florida\n|-supereffective|p1a: Florida\n|-damage|p1a: Florida|64\/100\n|\n|-heal|p2a: keke|58\/100|[from] item: Leftovers\n|upkeep\n|turn|22\n|\n|t:|1697507851\n|move|p2a: keke|Hex|p1a: Florida\n|-supereffective|p1a: Florida\n|-damage|p1a: Florida|29\/100\n|move|p1a: Florida|Hex|p2a: keke\n|-supereffective|p2a: keke\n|-damage|p2a: keke|11\/100\n|\n|-heal|p2a: keke|17\/100|[from] item: Leftovers\n|upkeep\n|turn|23\n|\n|t:|1697507865\n|move|p1a: Florida|Slack Off|p1a: Florida\n|-heal|p1a: Florida|79\/100\n|move|p2a: keke|Slack Off|p2a: keke\n|-heal|p2a: keke|67\/100\n|\n|-heal|p2a: keke|73\/100|[from] item: Leftovers\n|upkeep\n|turn|24\n|\n|t:|1697507875\n|move|p1a: Florida|Hex|p2a: keke\n|-supereffective|p2a: keke\n|-damage|p2a: keke|26\/100\n|move|p2a: keke|Hex|p1a: Florida\n|-supereffective|p1a: Florida\n|-crit|p1a: Florida\n|-damage|p1a: Florida|30\/100\n|\n|-heal|p2a: keke|32\/100|[from] item: Leftovers\n|upkeep\n|turn|25\n|\n|t:|1697507893\n|switch|p2a: alan|Urshifu-Rapid-Strike, F|100\/100\n|move|p1a: Florida|Hex|p2a: alan\n|-damage|p2a: alan|65\/100\n|\n|upkeep\n|turn|26\n|\n|t:|1697507904\n|move|p2a: alan|Surging Strikes|p1a: Florida\n|-supereffective|p1a: Florida\n|-crit|p1a: Florida\n|-damage|p1a: Florida|0 fnt\n|faint|p1a: Florida\n|-hitcount|p1: Florida|1\n|\n|upkeep\n|\n|t:|1697507912\n|switch|p1a: MiraidonDEEZ|Miraidon|89\/100\n|-fieldstart|move: Electric Terrain|[from] ability: Hadron Engine|[of] p1a: MiraidonDEEZ\n|turn|27\n|\n|t:|1697507927\n|move|p1a: MiraidonDEEZ|Draco Meteor|p2a: alan\n|-damage|p2a: alan|0 fnt\n|-unboost|p1a: MiraidonDEEZ|spa|2\n|faint|p2a: alan\n|\n|upkeep\n|\n|t:|1697507933\n|switch|p2a: rock|Koraidon|88\/100 brn\n|-weather|SunnyDay|[from] ability: Orichalcum Pulse|[of] p2a: rock\n|-activate|p2a: rock|Orichalcum Pulse|[source]\n|turn|28\n|\n|t:|1697507945\n|move|p1a: MiraidonDEEZ|Draco Meteor|p2a: rock\n|-supereffective|p2a: rock\n|-damage|p2a: rock|0 fnt\n|-unboost|p1a: MiraidonDEEZ|spa|2\n|faint|p2a: rock\n|\n|-weather|SunnyDay|[upkeep]\n|upkeep\n|\n|t:|1697507951\n|switch|p2a: keke|Ditto|32\/100\n|-transform|p2a: keke|p1a: MiraidonDEEZ|[from] ability: Imposter\n|-activate|p2a: keke|ability: Hadron Engine\n|turn|29\n|\n|t:|1697507957\n|move|p1a: MiraidonDEEZ|Draco Meteor|p2a: keke\n|-supereffective|p2a: keke\n|-damage|p2a: keke|0 fnt\n|-unboost|p1a: MiraidonDEEZ|spa|2\n|faint|p2a: keke\n|\n|win|encryptus\n|raw|encryptus's rating: 1202 &rarr; <strong>1221<\/strong><br \/>(+19 for winning)\n|raw|thetastorm's rating: 1113 &rarr; <strong>1094<\/strong><br \/>(-19 for losing)\n|l|\u2606thetastorm\n","uploadtime":1697507965,"views":11,"p1id":"encryptus","p2id":"thetastorm","formatid":"gen9ubers","rating":1094,"private":0,"password":""}