{"id":"gen9ubers-1993520832","p1":"FatalOblivion","p2":"ZachPlay","format":"[Gen 9] Ubers","log":"|j|\u2606FatalOblivion\n|j|\u2606ZachPlay\n|t:|1700327520\n|gametype|singles\n|player|p1|FatalOblivion|marley|\n|player|p2|ZachPlay|ginchiyo-conquest|\n|teamsize|p1|6\n|teamsize|p2|6\n|gen|9\n|tier|[Gen 9] Ubers\n|rule|Sleep Clause Mod: Limit one foe put to sleep\n|rule|Species Clause: Limit one of each Pok\u00e9mon\n|rule|OHKO Clause: OHKO moves are banned\n|rule|Evasion Items Clause: Evasion items are banned\n|rule|Evasion Moves Clause: Evasion moves are banned\n|rule|Endless Battle Clause: Forcing endless battles is banned\n|rule|HP Percentage Mod: HP is shown in percentages\n|clearpoke\n|poke|p1|Ninetales, F|\n|poke|p1|Chi-Yu|\n|poke|p1|Magearna|\n|poke|p1|Arceus-Fire|\n|poke|p1|Roaring Moon|\n|poke|p1|Walking Wake|\n|poke|p2|Orthworm, F|\n|poke|p2|Espathra, M|\n|poke|p2|Zacian-*|\n|poke|p2|Volcarona, M|\n|poke|p2|Roaring Moon|\n|poke|p2|Arceus-Poison|\n|teampreview\n|inactive|Battle timer is ON: inactive players will automatically lose when time's up. (requested by FatalOblivion)\n|\n|t:|1700327541\n|start\n|switch|p1a: Chi-Yu|Chi-Yu|100\/100\n|switch|p2a: Volcarona|Volcarona, M|100\/100\n|-ability|p1a: Chi-Yu|Beads of Ruin\n|turn|1\n|\n|t:|1700327556\n|switch|p2a: Roaring Moon|Roaring Moon|100\/100\n|-enditem|p2a: Roaring Moon|Booster Energy\n|-activate|p2a: Roaring Moon|ability: Protosynthesis|[fromitem]\n|-start|p2a: Roaring Moon|protosynthesisspe\n|move|p1a: Chi-Yu|Overheat|p2a: Roaring Moon\n|-resisted|p2a: Roaring Moon\n|-damage|p2a: Roaring Moon|57\/100\n|-unboost|p1a: Chi-Yu|spa|2\n|\n|upkeep\n|turn|2\n|c|\u2606FatalOblivion|That dealt... substantially less than I expected\n|\n|t:|1700327580\n|move|p2a: Roaring Moon|Dragon Dance|p2a: Roaring Moon\n|-boost|p2a: Roaring Moon|atk|1\n|-boost|p2a: Roaring Moon|spe|1\n|move|p1a: Chi-Yu|Flamethrower|p2a: Roaring Moon\n|-resisted|p2a: Roaring Moon\n|-damage|p2a: Roaring Moon|42\/100\n|-status|p2a: Roaring Moon|brn\n|\n|-damage|p2a: Roaring Moon|36\/100 brn|[from] brn\n|upkeep\n|turn|3\n|c|\u2606FatalOblivion|LETS GOOOOO\n|c|\u2606ZachPlay|Nooooooo\n|\n|t:|1700327592\n|move|p2a: Roaring Moon|Earthquake|p1a: Chi-Yu\n|-supereffective|p1a: Chi-Yu\n|-damage|p1a: Chi-Yu|16\/100\n|move|p1a: Chi-Yu|Nasty Plot|p1a: Chi-Yu\n|-boost|p1a: Chi-Yu|spa|2\n|\n|-damage|p2a: Roaring Moon|30\/100 brn|[from] brn\n|upkeep\n|turn|4\n|\n|t:|1700327594\n|move|p2a: Roaring Moon|Earthquake|p1a: Chi-Yu\n|-supereffective|p1a: Chi-Yu\n|-damage|p1a: Chi-Yu|0 fnt\n|faint|p1a: Chi-Yu\n|\n|-damage|p2a: Roaring Moon|24\/100 brn|[from] brn\n|upkeep\n|\n|t:|1700327597\n|switch|p1a: Arceus|Arceus-Fire|100\/100\n|turn|5\n|\n|t:|1700327606\n|-end|p2a: Roaring Moon|Protosynthesis|[silent]\n|switch|p2a: Orthworm|Orthworm, F|100\/100\n|move|p1a: Arceus|Iron Defense|p1a: Arceus\n|-boost|p1a: Arceus|def|2\n|\n|upkeep\n|turn|6\n|\n|t:|1700327609\n|move|p1a: Arceus|Judgment|p2a: Orthworm\n|-supereffective|p2a: Orthworm\n|-damage|p2a: Orthworm|0 fnt\n|faint|p2a: Orthworm\n|\n|upkeep\n|\n|t:|1700327615\n|switch|p2a: Espathra|Espathra, M|100\/100\n|turn|7\n|\n|t:|1700327618\n|move|p1a: Arceus|Calm Mind|p1a: Arceus\n|-boost|p1a: Arceus|spa|1\n|-boost|p1a: Arceus|spd|1\n|move|p2a: Espathra|Substitute|p2a: Espathra\n|-start|p2a: Espathra|Substitute\n|-damage|p2a: Espathra|76\/100\n|\n|-heal|p2a: Espathra|82\/100|[from] item: Leftovers\n|-ability|p2a: Espathra|Speed Boost|boost\n|-boost|p2a: Espathra|spe|1\n|upkeep\n|turn|8\n|\n|t:|1700327623\n|move|p2a: Espathra|Calm Mind|p2a: Espathra\n|-boost|p2a: Espathra|spa|1\n|-boost|p2a: Espathra|spd|1\n|move|p1a: Arceus|Judgment|p2a: Espathra\n|-end|p2a: Espathra|Substitute\n|\n|-heal|p2a: Espathra|88\/100|[from] item: Leftovers\n|-ability|p2a: Espathra|Speed Boost|boost\n|-boost|p2a: Espathra|spe|1\n|upkeep\n|turn|9\n|\n|t:|1700327631\n|move|p2a: Espathra|Substitute|p2a: Espathra\n|-start|p2a: Espathra|Substitute\n|-damage|p2a: Espathra|63\/100\n|move|p1a: Arceus|Judgment|p2a: Espathra\n|-end|p2a: Espathra|Substitute\n|\n|-heal|p2a: Espathra|69\/100|[from] item: Leftovers\n|-ability|p2a: Espathra|Speed Boost|boost\n|-boost|p2a: Espathra|spe|1\n|upkeep\n|turn|10\n|\n|t:|1700327637\n|move|p2a: Espathra|Substitute|p2a: Espathra\n|-start|p2a: Espathra|Substitute\n|-damage|p2a: Espathra|44\/100\n|move|p1a: Arceus|Judgment|p2a: Espathra\n|-end|p2a: Espathra|Substitute\n|\n|-heal|p2a: Espathra|50\/100|[from] item: Leftovers\n|-ability|p2a: Espathra|Speed Boost|boost\n|-boost|p2a: Espathra|spe|1\n|upkeep\n|turn|11\n|\n|t:|1700327640\n|move|p2a: Espathra|Substitute|p2a: Espathra\n|-start|p2a: Espathra|Substitute\n|-damage|p2a: Espathra|26\/100\n|move|p1a: Arceus|Judgment|p2a: Espathra\n|-end|p2a: Espathra|Substitute\n|\n|-heal|p2a: Espathra|32\/100|[from] item: Leftovers\n|-ability|p2a: Espathra|Speed Boost|boost\n|-boost|p2a: Espathra|spe|1\n|upkeep\n|turn|12\n|\n|t:|1700327647\n|move|p2a: Espathra|Substitute|p2a: Espathra\n|-start|p2a: Espathra|Substitute\n|-damage|p2a: Espathra|7\/100\n|move|p1a: Arceus|Judgment|p2a: Espathra\n|-end|p2a: Espathra|Substitute\n|\n|-heal|p2a: Espathra|13\/100|[from] item: Leftovers\n|-ability|p2a: Espathra|Speed Boost|boost\n|-boost|p2a: Espathra|spe|1\n|upkeep\n|turn|13\n|\n|t:|1700327660\n|move|p2a: Espathra|Stored Power|p1a: Arceus\n|-damage|p1a: Arceus|37\/100\n|move|p1a: Arceus|Judgment|p2a: Espathra\n|-damage|p2a: Espathra|0 fnt\n|faint|p2a: Espathra\n|\n|upkeep\n|c|\u2606ZachPlay|How-\n|\n|t:|1700327673\n|switch|p2a: Arceus|Arceus-Poison|100\/100\n|turn|14\n|\n|t:|1700327675\n|move|p2a: Arceus|Sludge Bomb|p1a: Arceus\n|-damage|p1a: Arceus|17\/100\n|-status|p1a: Arceus|psn\n|move|p1a: Arceus|Recover|p1a: Arceus\n|-heal|p1a: Arceus|67\/100 psn\n|\n|-damage|p1a: Arceus|55\/100 psn|[from] psn\n|upkeep\n|turn|15\n|\n|t:|1700327680\n|move|p2a: Arceus|Calm Mind|p2a: Arceus\n|-boost|p2a: Arceus|spa|1\n|-boost|p2a: Arceus|spd|1\n|move|p1a: Arceus|Recover|p1a: Arceus\n|-heal|p1a: Arceus|100\/100 psn\n|\n|-damage|p1a: Arceus|88\/100 psn|[from] psn\n|upkeep\n|turn|16\n|c|\u2606FatalOblivion|Woooooow\n|\n|t:|1700327684\n|move|p2a: Arceus|Calm Mind|p2a: Arceus\n|-boost|p2a: Arceus|spa|1\n|-boost|p2a: Arceus|spd|1\n|move|p1a: Arceus|Calm Mind|p1a: Arceus\n|-boost|p1a: Arceus|spa|1\n|-boost|p1a: Arceus|spd|1\n|\n|-damage|p1a: Arceus|76\/100 psn|[from] psn\n|upkeep\n|turn|17\n|\n|t:|1700327686\n|move|p2a: Arceus|Calm Mind|p2a: Arceus\n|-boost|p2a: Arceus|spa|1\n|-boost|p2a: Arceus|spd|1\n|move|p1a: Arceus|Calm Mind|p1a: Arceus\n|-boost|p1a: Arceus|spa|1\n|-boost|p1a: Arceus|spd|1\n|\n|-damage|p1a: Arceus|64\/100 psn|[from] psn\n|upkeep\n|turn|18\n|\n|t:|1700327690\n|-terastallize|p1a: Arceus|Fire\n|move|p2a: Arceus|Calm Mind|p2a: Arceus\n|-boost|p2a: Arceus|spa|1\n|-boost|p2a: Arceus|spd|1\n|move|p1a: Arceus|Judgment|p2a: Arceus\n|-damage|p2a: Arceus|55\/100\n|\n|-damage|p1a: Arceus|51\/100 psn|[from] psn\n|upkeep\n|turn|19\n|\n|t:|1700327699\n|move|p2a: Arceus|Recover|p2a: Arceus\n|-heal|p2a: Arceus|100\/100\n|move|p1a: Arceus|Calm Mind|p1a: Arceus\n|-boost|p1a: Arceus|spa|1\n|-boost|p1a: Arceus|spd|1\n|\n|-damage|p1a: Arceus|39\/100 psn|[from] psn\n|upkeep\n|turn|20\n|\n|t:|1700327704\n|move|p2a: Arceus|Calm Mind|p2a: Arceus\n|-boost|p2a: Arceus|spa|1\n|-boost|p2a: Arceus|spd|1\n|move|p1a: Arceus|Recover|p1a: Arceus\n|-heal|p1a: Arceus|89\/100 psn\n|\n|-damage|p1a: Arceus|77\/100 psn|[from] psn\n|upkeep\n|turn|21\n|\n|t:|1700327707\n|move|p2a: Arceus|Calm Mind|p2a: Arceus\n|-boost|p2a: Arceus|spa|1\n|-boost|p2a: Arceus|spd|1\n|move|p1a: Arceus|Calm Mind|p1a: Arceus\n|-boost|p1a: Arceus|spa|1\n|-boost|p1a: Arceus|spd|1\n|\n|-damage|p1a: Arceus|64\/100 psn|[from] psn\n|upkeep\n|turn|22\n|\n|t:|1700327710\n|move|p2a: Arceus|Earth Power|p1a: Arceus\n|-supereffective|p1a: Arceus\n|-damage|p1a: Arceus|30\/100 psn\n|move|p1a: Arceus|Calm Mind|p1a: Arceus\n|-boost|p1a: Arceus|spa|1\n|-boost|p1a: Arceus|spd|1\n|\n|-damage|p1a: Arceus|17\/100 psn|[from] psn\n|upkeep\n|turn|23\n|\n|t:|1700327713\n|move|p2a: Arceus|Earth Power|p1a: Arceus\n|-supereffective|p1a: Arceus\n|-damage|p1a: Arceus|0 fnt\n|faint|p1a: Arceus\n|\n|upkeep\n|c|\u2606FatalOblivion|And I goobed\n|c|\u2606FatalOblivion|Fuuuuu\n|\n|t:|1700327722\n|switch|p1a: Ninetales|Ninetales, F|100\/100\n|-weather|SunnyDay|[from] ability: Drought|[of] p1a: Ninetales\n|turn|24\n|\n|t:|1700327725\n|move|p2a: Arceus|Earth Power|p1a: Ninetales\n|-supereffective|p1a: Ninetales\n|-damage|p1a: Ninetales|0 fnt\n|faint|p1a: Ninetales\n|\n|-weather|SunnyDay|[upkeep]\n|upkeep\n|c|\u2606FatalOblivion|G2 got me, ah well...\n|\n|t:|1700327739\n|switch|p1a: Walking Wake|Walking Wake|100\/100\n|-activate|p1a: Walking Wake|ability: Protosynthesis\n|-start|p1a: Walking Wake|protosynthesisspe\n|turn|25\n|c|\u2606FatalOblivion|Wake....you need to crit\n|\n|t:|1700327749\n|move|p1a: Walking Wake|Draco Meteor|p2a: Arceus\n|-damage|p2a: Arceus|84\/100\n|-unboost|p1a: Walking Wake|spa|2\n|move|p2a: Arceus|Sludge Bomb|p1a: Walking Wake\n|-damage|p1a: Walking Wake|0 fnt\n|faint|p1a: Walking Wake\n|-end|p1a: Walking Wake|Protosynthesis|[silent]\n|\n|-weather|SunnyDay|[upkeep]\n|upkeep\n|\n|t:|1700327752\n|switch|p1a: Magearna|Magearna|100\/100\n|turn|26\n|\n|t:|1700327755\n|move|p2a: Arceus|Earth Power|p1a: Magearna\n|-supereffective|p1a: Magearna\n|-damage|p1a: Magearna|0 fnt\n|faint|p1a: Magearna\n|\n|-weather|SunnyDay|[upkeep]\n|upkeep\n|\n|t:|1700327757\n|switch|p1a: Roaring Moon|Roaring Moon|100\/100\n|-activate|p1a: Roaring Moon|ability: Protosynthesis\n|-start|p1a: Roaring Moon|protosynthesisatk\n|turn|27\n|c|\u2606FatalOblivion|Sigh...\n|c|\u2606FatalOblivion|GG\n|\n|t:|1700327770\n|-terastallize|p2a: Arceus|Flying\n|move|p2a: Arceus|Sludge Bomb|p1a: Roaring Moon\n|-damage|p1a: Roaring Moon|0 fnt\n|faint|p1a: Roaring Moon\n|-end|p1a: Roaring Moon|Protosynthesis|[silent]\n|\n|win|ZachPlay\n|c|\u2606ZachPlay|Gg\n|c|\u2606FatalOblivion|Tbh, Arc should be banned completely\n|c|\u2606ZachPlay|Sent the first replay\n|c|\u2606ZachPlay|Lmao kinda\n|l|\u2606FatalOblivion\n","uploadtime":1700327794,"views":15,"p1id":"fataloblivion","p2id":"zachplay","formatid":"gen9ubers","rating":0,"private":0,"password":""}