{"id":"gen9ubers-1999988551","p1":"DMBubba","p2":"jurple","format":"[Gen 9] Ubers","log":"|j|\u2606DMBubba\n|j|\u2606jurple\n|t:|1701138167\n|gametype|singles\n|player|p1|DMBubba|colress|1030\n|player|p2|jurple|steven-masters2|1133\n|teamsize|p1|6\n|teamsize|p2|6\n|gen|9\n|tier|[Gen 9] Ubers\n|rated|\n|rule|Sleep Clause Mod: Limit one foe put to sleep\n|rule|Species Clause: Limit one of each Pok\u00e9mon\n|rule|OHKO Clause: OHKO moves are banned\n|rule|Evasion Items Clause: Evasion items are banned\n|rule|Evasion Moves Clause: Evasion moves are banned\n|rule|Endless Battle Clause: Forcing endless battles is banned\n|rule|HP Percentage Mod: HP is shown in percentages\n|clearpoke\n|poke|p1|Garganacl, M|\n|poke|p1|Kingambit, F|\n|poke|p1|Glimmora, F|\n|poke|p1|Sneasler, M|\n|poke|p1|Ceruledge, F|\n|poke|p1|Landorus-Therian, M|\n|poke|p2|Ogerpon, F|\n|poke|p2|Ceruledge, M|\n|poke|p2|Kleavor, M|\n|poke|p2|Basculegion, M|\n|poke|p2|Thundurus, M|\n|poke|p2|Grafaiai, M|\n|teampreview\n|inactive|Battle timer is ON: inactive players will automatically lose when time's up. (requested by jurple)\n|c|\u2606DMBubba|Good Luck\n|c|\u2606jurple|u2\n|\n|t:|1701138192\n|start\n|switch|p1a: Glimmora|Glimmora, F|100\/100\n|switch|p2a: Kleavor|Kleavor, M|100\/100\n|turn|1\n|\n|t:|1701138201\n|move|p1a: Glimmora|Stealth Rock|p2a: Kleavor\n|-sidestart|p2: jurple|move: Stealth Rock\n|move|p2a: Kleavor|Night Slash|p1a: Glimmora\n|-damage|p1a: Glimmora|30\/100\n|-activate|p1a: Glimmora|ability: Toxic Debris\n|-sidestart|p2: jurple|move: Toxic Spikes\n|\n|upkeep\n|turn|2\n|\n|t:|1701138212\n|move|p1a: Glimmora|Energy Ball|p2a: Kleavor\n|-damage|p2a: Kleavor|53\/100\n|move|p2a: Kleavor|Night Slash|p1a: Glimmora\n|-damage|p1a: Glimmora|0 fnt\n|-activate|p1a: Glimmora|ability: Toxic Debris\n|-sidestart|p2: jurple|move: Toxic Spikes\n|faint|p1a: Glimmora\n|\n|upkeep\n|\n|t:|1701138230\n|switch|p1a: Garganacl|Garganacl, M|100\/100\n|turn|3\n|\n|t:|1701138243\n|switch|p2a: Grafaiai|Grafaiai, M|100\/100\n|-damage|p2a: Grafaiai|88\/100|[from] Stealth Rock\n|-sideend|p2: jurple|move: Toxic Spikes|[of] p2a: Grafaiai\n|move|p1a: Garganacl|Curse|p1a: Garganacl\n|-unboost|p1a: Garganacl|spe|1\n|-boost|p1a: Garganacl|atk|1\n|-boost|p1a: Garganacl|def|1\n|\n|upkeep\n|turn|4\n|\n|t:|1701138254\n|switch|p1a: Sneasler|Sneasler, M|100\/100\n|move|p2a: Grafaiai|Knock Off|p1a: Sneasler\n|-resisted|p1a: Sneasler\n|-damage|p1a: Sneasler|83\/100\n|-enditem|p1a: Sneasler|Focus Sash|[from] move: Knock Off|[of] p2a: Grafaiai\n|\n|upkeep\n|turn|5\n|inactive|jurple has 120 seconds left.\n|\n|t:|1701138284\n|move|p1a: Sneasler|Swords Dance|p1a: Sneasler\n|-boost|p1a: Sneasler|atk|2\n|move|p2a: Grafaiai|Super Fang|p1a: Sneasler\n|-damage|p1a: Sneasler|42\/100\n|\n|upkeep\n|turn|6\n|inactive|jurple has 120 seconds left.\n|\n|t:|1701138300\n|move|p1a: Sneasler|Dire Claw|p2a: Grafaiai\n|-resisted|p2a: Grafaiai\n|-damage|p2a: Grafaiai|23\/100\n|-status|p2a: Grafaiai|par\n|move|p2a: Grafaiai|Super Fang|p1a: Sneasler\n|-damage|p1a: Sneasler|21\/100\n|\n|upkeep\n|turn|7\n|\n|t:|1701138308\n|move|p1a: Sneasler|Dire Claw|p2a: Grafaiai\n|-resisted|p2a: Grafaiai\n|-damage|p2a: Grafaiai|0 fnt\n|faint|p2a: Grafaiai\n|\n|upkeep\n|inactive|jurple has 120 seconds left.\n|\n|t:|1701138336\n|switch|p2a: Kleavor|Kleavor, M|53\/100\n|-damage|p2a: Kleavor|28\/100|[from] Stealth Rock\n|turn|8\n|\n|t:|1701138342\n|move|p1a: Sneasler|Dire Claw|p2a: Kleavor\n|-resisted|p2a: Kleavor\n|-damage|p2a: Kleavor|0 fnt\n|faint|p2a: Kleavor\n|\n|upkeep\n|\n|t:|1701138353\n|switch|p2a: Ceruledge|Ceruledge, M|100\/100\n|-damage|p2a: Ceruledge|76\/100|[from] Stealth Rock\n|turn|9\n|\n|t:|1701138361\n|move|p2a: Ceruledge|Shadow Sneak|p1a: Sneasler\n|-damage|p1a: Sneasler|0 fnt\n|faint|p1a: Sneasler\n|\n|upkeep\n|c|\u2606DMBubba|SMart\n|\n|t:|1701138372\n|switch|p1a: Landorus|Landorus-Therian, M|100\/100\n|-ability|p1a: Landorus|Intimidate|boost\n|-unboost|p2a: Ceruledge|atk|1\n|turn|10\n|inactive|jurple has 120 seconds left.\n|\n|t:|1701138381\n|move|p2a: Ceruledge|Shadow Sneak|p1a: Landorus\n|-damage|p1a: Landorus|84\/100\n|move|p1a: Landorus|Earthquake|p2a: Ceruledge\n|-supereffective|p2a: Ceruledge\n|-damage|p2a: Ceruledge|0 fnt\n|faint|p2a: Ceruledge\n|\n|upkeep\n|inactive|jurple has 120 seconds left.\n|\n|t:|1701138391\n|switch|p2a: Ogerpon|Ogerpon, F|100\/100\n|-damage|p2a: Ogerpon|88\/100|[from] Stealth Rock\n|turn|11\n|inactive|jurple has 120 seconds left.\n|\n|t:|1701138405\n|switch|p1a: Ceruledge|Ceruledge, F|100\/100\n|move|p2a: Ogerpon|Spiky Shield||[still]\n|-fail|p2a: Ogerpon\n|\n|upkeep\n|turn|12\n|inactive|jurple has 120 seconds left.\n|\n|t:|1701138421\n|move|p2a: Ogerpon|U-turn|p1a: Ceruledge\n|-resisted|p1a: Ceruledge\n|-damage|p1a: Ceruledge|93\/100\n|-ability|p1a: Ceruledge|Weak Armor|boost\n|-unboost|p1a: Ceruledge|def|1\n|-boost|p1a: Ceruledge|spe|2\n|inactive|jurple has 120 seconds left.\n|\n|t:|1701138427\n|switch|p2a: Thundurus|Thundurus, M|100\/100|[from] U-turn\n|-damage|p2a: Thundurus|76\/100|[from] Stealth Rock\n|move|p1a: Ceruledge|Poltergeist|p2a: Thundurus\n|-activate|p2a: Thundurus|move: Poltergeist|Damp Rock\n|-damage|p2a: Thundurus|0 fnt\n|faint|p2a: Thundurus\n|\n|upkeep\n|inactive|jurple has 120 seconds left.\n|-message|jurple forfeited.\n|\n|win|DMBubba\n|raw|DMBubba's rating: 1030 &rarr; <strong>1076<\/strong><br \/>(+46 for winning)\n|raw|jurple's rating: 1133 &rarr; <strong>1101<\/strong><br \/>(-32 for losing)\n|l|\u2606jurple\n|c|\u2606DMBubba|GG\n","uploadtime":1701138449,"views":2,"p1id":"dmbubba","p2id":"jurple","formatid":"gen9ubers","rating":1076,"private":0,"password":""}