{"id":"gen9ubers-1995237785","p1":"latios14dialga","p2":"hellomecrazy","format":"[Gen 9] Ubers","log":"|j|\u2606latios14dialga\n|j|\u2606hellomecrazy\n|t:|1700538432\n|gametype|singles\n|player|p1|latios14dialga|1|\n|player|p2|hellomecrazy|265|\n|teamsize|p1|6\n|teamsize|p2|6\n|gen|9\n|tier|[Gen 9] Ubers\n|rule|Sleep Clause Mod: Limit one foe put to sleep\n|rule|Species Clause: Limit one of each Pok\u00e9mon\n|rule|OHKO Clause: OHKO moves are banned\n|rule|Evasion Items Clause: Evasion items are banned\n|rule|Evasion Moves Clause: Evasion moves are banned\n|rule|Endless Battle Clause: Forcing endless battles is banned\n|rule|HP Percentage Mod: HP is shown in percentages\n|clearpoke\n|poke|p1|Hoopa-Unbound|\n|poke|p1|Calyrex-Ice|\n|poke|p1|Houndstone, F|\n|poke|p1|Eelektross, F|\n|poke|p1|Gliscor, M|\n|poke|p1|Kingambit, M|\n|poke|p2|Ludicolo, F|\n|poke|p2|Garganacl, F|\n|poke|p2|Milotic, M|\n|poke|p2|Skeledirge, M|\n|poke|p2|Baxcalibur, F|\n|poke|p2|Zapdos|\n|teampreview\n|\n|t:|1700538474\n|start\n|switch|p1a: Houndstone|Houndstone, F|100\/100\n|switch|p2a: Ludicolo|Ludicolo, F|100\/100\n|turn|1\n|\n|t:|1700538487\n|move|p1a: Houndstone|Sandstorm|p1a: Houndstone\n|-weather|Sandstorm\n|move|p2a: Ludicolo|Swords Dance|p2a: Ludicolo\n|-boost|p2a: Ludicolo|atk|2\n|\n|-weather|Sandstorm|[upkeep]\n|-damage|p2a: Ludicolo|94\/100|[from] Sandstorm\n|upkeep\n|turn|2\n|\n|t:|1700538505\n|move|p1a: Houndstone|Night Shade|p2a: Ludicolo\n|-damage|p2a: Ludicolo|66\/100\n|move|p2a: Ludicolo|Swords Dance|p2a: Ludicolo\n|-boost|p2a: Ludicolo|atk|2\n|\n|-weather|Sandstorm|[upkeep]\n|-damage|p2a: Ludicolo|60\/100|[from] Sandstorm\n|upkeep\n|turn|3\n|\n|t:|1700538518\n|move|p1a: Houndstone|Night Shade|p2a: Ludicolo\n|-damage|p2a: Ludicolo|31\/100\n|move|p2a: Ludicolo|Focus Blast|p1a: Houndstone\n|-immune|p1a: Houndstone\n|\n|-weather|Sandstorm|[upkeep]\n|-damage|p2a: Ludicolo|25\/100|[from] Sandstorm\n|upkeep\n|turn|4\n|\n|t:|1700538528\n|move|p1a: Houndstone|Night Shade|p2a: Ludicolo\n|-damage|p2a: Ludicolo|0 fnt\n|faint|p2a: Ludicolo\n|\n|-weather|Sandstorm|[upkeep]\n|upkeep\n|\n|t:|1700538536\n|switch|p2a: Baxcalibur|Baxcalibur, F|100\/100\n|turn|5\n|\n|t:|1700538546\n|move|p1a: Houndstone|Play Rough|p2a: Baxcalibur\n|-supereffective|p2a: Baxcalibur\n|-damage|p2a: Baxcalibur|61\/100\n|move|p2a: Baxcalibur|Swords Dance|p2a: Baxcalibur\n|-boost|p2a: Baxcalibur|atk|2\n|\n|-weather|none\n|upkeep\n|turn|6\n|\n|t:|1700538562\n|switch|p1a: Gliscor|Gliscor, M|100\/100\n|move|p2a: Baxcalibur|Blizzard|p1a: Gliscor|[miss]\n|-miss|p2a: Baxcalibur|p1a: Gliscor\n|\n|upkeep\n|turn|7\n|\n|t:|1700538578\n|move|p2a: Baxcalibur|Glaive Rush|p1a: Gliscor\n|-damage|p1a: Gliscor|0 fnt\n|-singlemove|p2a: Baxcalibur|Glaive Rush|[silent]\n|faint|p1a: Gliscor\n|\n|upkeep\n|\n|t:|1700538585\n|switch|p1a: Houndstone|Houndstone, F|100\/100\n|turn|8\n|\n|t:|1700538621\n|switch|p2a: Skeledirge|Skeledirge, M|100\/100\n|move|p1a: Houndstone|Play Rough|p2a: Skeledirge\n|-resisted|p2a: Skeledirge\n|-damage|p2a: Skeledirge|91\/100\n|\n|upkeep\n|turn|9\n|\n|t:|1700538632\n|move|p1a: Houndstone|Sandstorm|p1a: Houndstone\n|-weather|Sandstorm\n|move|p2a: Skeledirge|Shadow Ball|p1a: Houndstone\n|-supereffective|p1a: Houndstone\n|-damage|p1a: Houndstone|30\/100\n|\n|-weather|Sandstorm|[upkeep]\n|-damage|p2a: Skeledirge|85\/100|[from] Sandstorm\n|-heal|p1a: Houndstone|36\/100|[from] item: Leftovers\n|upkeep\n|turn|10\n|\n|t:|1700538655\n|switch|p1a: Eelektross|Eelektross, F|100\/100\n|move|p2a: Skeledirge|Shadow Ball|p1a: Eelektross\n|-damage|p1a: Eelektross|68\/100\n|\n|-weather|Sandstorm|[upkeep]\n|-damage|p2a: Skeledirge|78\/100|[from] Sandstorm\n|-damage|p1a: Eelektross|62\/100|[from] Sandstorm\n|-heal|p1a: Eelektross|68\/100|[from] item: Leftovers\n|upkeep\n|turn|11\n|\n|t:|1700538669\n|move|p2a: Skeledirge|Outrage|p1a: Eelektross\n|-damage|p1a: Eelektross|44\/100\n|move|p1a: Eelektross|Bulk Up|p1a: Eelektross\n|-boost|p1a: Eelektross|atk|1\n|-boost|p1a: Eelektross|def|1\n|\n|-weather|Sandstorm|[upkeep]\n|-damage|p2a: Skeledirge|72\/100|[from] Sandstorm\n|-damage|p1a: Eelektross|38\/100|[from] Sandstorm\n|-heal|p1a: Eelektross|44\/100|[from] item: Leftovers\n|upkeep\n|turn|12\n|\n|t:|1700538681\n|move|p2a: Skeledirge|Outrage|p1a: Eelektross|[from]lockedmove\n|-damage|p1a: Eelektross|29\/100\n|-start|p2a: Skeledirge|confusion|[fatigue]\n|move|p1a: Eelektross|Bulk Up|p1a: Eelektross\n|-boost|p1a: Eelektross|atk|1\n|-boost|p1a: Eelektross|def|1\n|\n|-weather|Sandstorm|[upkeep]\n|-damage|p2a: Skeledirge|66\/100|[from] Sandstorm\n|-damage|p1a: Eelektross|23\/100|[from] Sandstorm\n|-heal|p1a: Eelektross|29\/100|[from] item: Leftovers\n|upkeep\n|turn|13\n|\n|t:|1700538694\n|-activate|p2a: Skeledirge|confusion\n|move|p2a: Skeledirge|Overheat|p1a: Eelektross\n|-damage|p1a: Eelektross|0 fnt\n|-unboost|p2a: Skeledirge|spa|2\n|faint|p1a: Eelektross\n|\n|-weather|none\n|upkeep\n|\n|t:|1700538706\n|switch|p1a: Hoopa|Hoopa-Unbound|100\/100\n|turn|14\n|\n|t:|1700538715\n|move|p1a: Hoopa|Hyperspace Fury|p2a: Skeledirge\n|-supereffective|p2a: Skeledirge\n|-damage|p2a: Skeledirge|0 fnt\n|-unboost|p1a: Hoopa|def|1\n|faint|p2a: Skeledirge\n|\n|upkeep\n|\n|t:|1700538732\n|switch|p2a: Zapdos|Zapdos|100\/100\n|turn|15\n|\n|t:|1700538741\n|switch|p1a: Calyrex|Calyrex-Ice|100\/100\n|-ability|p1a: Calyrex|As One\n|-ability|p1a: Calyrex|Unnerve\n|move|p2a: Zapdos|Zap Cannon|p1a: Calyrex|[miss]\n|-miss|p2a: Zapdos|p1a: Calyrex\n|\n|upkeep\n|turn|16\n|\n|t:|1700538760\n|move|p2a: Zapdos|Heat Wave|p1a: Calyrex\n|-supereffective|p1a: Calyrex\n|-damage|p1a: Calyrex|60\/100\n|move|p1a: Calyrex|Outrage|p2a: Zapdos\n|-damage|p2a: Zapdos|31\/100\n|-status|p1a: Calyrex|par|[from] ability: Static|[of] p2a: Zapdos\n|\n|upkeep\n|turn|17\n|\n|t:|1700538772\n|move|p2a: Zapdos|Heat Wave|p1a: Calyrex|[miss]\n|-miss|p2a: Zapdos|p1a: Calyrex\n|move|p1a: Calyrex|Outrage|p2a: Zapdos|[from]lockedmove\n|-damage|p2a: Zapdos|0 fnt\n|faint|p2a: Zapdos\n|-ability|p1a: Calyrex|Chilling Neigh|boost\n|-boost|p1a: Calyrex|atk|1\n|\n|upkeep\n|\n|t:|1700538783\n|switch|p2a: Garganacl|Garganacl, F|100\/100\n|turn|18\n|\n|t:|1700538787\n|move|p2a: Garganacl|Stone Edge|p1a: Calyrex|[miss]\n|-miss|p2a: Garganacl|p1a: Calyrex\n|move|p1a: Calyrex|Outrage|p2a: Garganacl|[from]lockedmove\n|-damage|p2a: Garganacl|30\/100\n|-start|p1a: Calyrex|confusion|[fatigue]\n|\n|upkeep\n|turn|19\n|\n|t:|1700538801\n|move|p2a: Garganacl|Stone Edge|p1a: Calyrex\n|-supereffective|p1a: Calyrex\n|-damage|p1a: Calyrex|6\/100 par\n|-activate|p1a: Calyrex|confusion\n|move|p1a: Calyrex|Outrage|p2a: Garganacl\n|-damage|p2a: Garganacl|0 fnt\n|faint|p2a: Garganacl\n|-ability|p1a: Calyrex|Chilling Neigh|boost\n|-boost|p1a: Calyrex|atk|1\n|\n|upkeep\n|\n|t:|1700538811\n|switch|p2a: Baxcalibur|Baxcalibur, F|61\/100\n|turn|20\n|\n|t:|1700538818\n|move|p2a: Baxcalibur|Earthquake|p1a: Calyrex\n|-damage|p1a: Calyrex|0 fnt\n|faint|p1a: Calyrex\n|\n|upkeep\n|\n|t:|1700538828\n|switch|p1a: Hoopa|Hoopa-Unbound|100\/100\n|turn|21\n|\n|t:|1700538845\n|-singleturn|p1a: Hoopa|move: Focus Punch\n|move|p2a: Baxcalibur|Glaive Rush|p1a: Hoopa\n|-damage|p1a: Hoopa|33\/100\n|-singlemove|p2a: Baxcalibur|Glaive Rush|[silent]\n|cant|p1a: Hoopa|Focus Punch|Focus Punch\n|\n|-heal|p1a: Hoopa|40\/100|[from] item: Leftovers\n|upkeep\n|turn|22\n|\n|t:|1700538861\n|move|p2a: Baxcalibur|Glaive Rush|p1a: Hoopa\n|-damage|p1a: Hoopa|0 fnt\n|-singlemove|p2a: Baxcalibur|Glaive Rush|[silent]\n|faint|p1a: Hoopa\n|\n|upkeep\n|\n|t:|1700538871\n|switch|p1a: Houndstone|Houndstone, F|36\/100\n|turn|23\n|\n|t:|1700538878\n|move|p1a: Houndstone|Destiny Bond|p1a: Houndstone\n|-singlemove|p1a: Houndstone|Destiny Bond\n|move|p2a: Baxcalibur|Glaive Rush|p1a: Houndstone\n|-damage|p1a: Houndstone|0 fnt\n|-singlemove|p2a: Baxcalibur|Glaive Rush|[silent]\n|faint|p1a: Houndstone\n|-activate|p1a: Houndstone|move: Destiny Bond\n|faint|p2a: Baxcalibur\n|\n|upkeep\n|\n|t:|1700538888\n|switch|p1a: Kingambit|Kingambit, M|100\/100\n|switch|p2a: Milotic|Milotic, M|100\/100\n|-activate|p1a: Kingambit|ability: Supreme Overlord\n|-start|p1a: Kingambit|fallen5|[silent]\n|turn|24\n|\n|t:|1700538900\n|move|p1a: Kingambit|Endure|p1a: Kingambit\n|-singleturn|p1a: Kingambit|move: Endure\n|move|p2a: Milotic|Dragon Dance|p2a: Milotic\n|-boost|p2a: Milotic|atk|1\n|-boost|p2a: Milotic|spe|1\n|\n|upkeep\n|turn|25\n|\n|t:|1700538912\n|move|p1a: Kingambit|Endure||[still]\n|-fail|p1a: Kingambit\n|move|p2a: Milotic|Hydro Pump|p1a: Kingambit\n|-damage|p1a: Kingambit|56\/100\n|\n|upkeep\n|turn|26\n|\n|t:|1700538919\n|move|p1a: Kingambit|Endure|p1a: Kingambit\n|-singleturn|p1a: Kingambit|move: Endure\n|move|p2a: Milotic|Dragon Dance|p2a: Milotic\n|-boost|p2a: Milotic|atk|1\n|-boost|p2a: Milotic|spe|1\n|\n|upkeep\n|turn|27\n|\n|t:|1700538927\n|move|p2a: Milotic|Dragon Dance|p2a: Milotic\n|-boost|p2a: Milotic|atk|1\n|-boost|p2a: Milotic|spe|1\n|move|p1a: Kingambit|Reversal|p2a: Milotic\n|-damage|p2a: Milotic|75\/100\n|\n|upkeep\n|turn|28\n|\n|t:|1700538934\n|move|p1a: Kingambit|Endure|p1a: Kingambit\n|-singleturn|p1a: Kingambit|move: Endure\n|move|p2a: Milotic|Dragon Dance|p2a: Milotic\n|-boost|p2a: Milotic|atk|1\n|-boost|p2a: Milotic|spe|1\n|\n|upkeep\n|turn|29\n|\n|t:|1700538944\n|-terastallize|p1a: Kingambit|Dark\n|move|p2a: Milotic|Hydro Pump|p1a: Kingambit|[miss]\n|-miss|p2a: Milotic|p1a: Kingambit\n|move|p1a: Kingambit|Reversal|p2a: Milotic\n|-damage|p2a: Milotic|49\/100\n|\n|upkeep\n|turn|30\n|\n|t:|1700538957\n|-terastallize|p2a: Milotic|Water\n|move|p2a: Milotic|Hydro Pump|p1a: Kingambit\n|-damage|p1a: Kingambit|0 fnt\n|faint|p1a: Kingambit\n|-end|p1a: Kingambit|fallen5|[silent]\n|\n|win|hellomecrazy\n","uploadtime":1700538964,"views":1,"p1id":"latios14dialga","p2id":"hellomecrazy","formatid":"gen9ubers","rating":0,"private":0,"password":""}