{"id":"gen9ubers-1988723276","p1":"Oomaester1234","p2":"dumpy lump","format":"[Gen 9] Ubers","log":"|j|\u2606Oomaester1234\n|j|\u2606dumpy lump\n|t:|1699755019\n|gametype|singles\n|player|p1|Oomaester1234|teamrocket|\n|player|p2|dumpy lump|volo|\n|teamsize|p1|6\n|teamsize|p2|6\n|gen|9\n|tier|[Gen 9] Ubers\n|rule|Sleep Clause Mod: Limit one foe put to sleep\n|rule|Species Clause: Limit one of each Pok\u00e9mon\n|rule|OHKO Clause: OHKO moves are banned\n|rule|Evasion Items Clause: Evasion items are banned\n|rule|Evasion Moves Clause: Evasion moves are banned\n|rule|Endless Battle Clause: Forcing endless battles is banned\n|rule|HP Percentage Mod: HP is shown in percentages\n|clearpoke\n|poke|p1|Gholdengo|\n|poke|p1|Amoonguss, M|\n|poke|p1|Kleavor, F|\n|poke|p1|Zacian-*|\n|poke|p1|Roaring Moon|\n|poke|p1|Zapdos|\n|poke|p2|Dialga-Origin|\n|poke|p2|Chi-Yu|\n|poke|p2|Magearna|\n|poke|p2|Ursaluna, F|\n|poke|p2|Cresselia, F|\n|poke|p2|Azumarill, F|\n|teampreview\n|c|\u2606dumpy lump|glhf\n|c|\u2606Oomaester1234|u 2\n|\n|t:|1699755044\n|start\n|switch|p1a: Amoonguss|Amoonguss, M|100\/100\n|switch|p2a: Magearna|Magearna|100\/100\n|turn|1\n|\n|t:|1699755053\n|move|p1a: Amoonguss|Spore|p2a: Magearna\n|-status|p2a: Magearna|slp|[from] move: Spore\n|cant|p2a: Magearna|slp\n|\n|upkeep\n|turn|2\n|\n|t:|1699755059\n|switch|p1a: Kleavor|Kleavor, F|100\/100\n|-curestatus|p2a: Magearna|slp|[msg]\n|move|p2a: Magearna|Trick Room|p2a: Magearna\n|-fieldstart|move: Trick Room|[of] p2a: Magearna\n|\n|upkeep\n|turn|3\n|\n|t:|1699755071\n|move|p2a: Magearna|Volt Switch|p1a: Kleavor\n|-damage|p1a: Kleavor|68\/100\n|\n|t:|1699755074\n|switch|p2a: Ursaluna|Ursaluna, F|100\/100|[from] Volt Switch\n|move|p1a: Kleavor|Stone Axe|p2a: Ursaluna\n|-resisted|p2a: Ursaluna\n|-damage|p2a: Ursaluna|81\/100\n|-sidestart|p2: dumpy lump|move: Stealth Rock\n|\n|-status|p2a: Ursaluna|brn|[from] item: Flame Orb\n|upkeep\n|turn|4\n|\n|t:|1699755084\n|move|p2a: Ursaluna|Facade|p1a: Kleavor\n|-resisted|p1a: Kleavor\n|-damage|p1a: Kleavor|0 fnt\n|faint|p1a: Kleavor\n|\n|-damage|p2a: Ursaluna|75\/100 brn|[from] brn\n|upkeep\n|\n|t:|1699755096\n|switch|p1a: Zapdos|Zapdos|100\/100\n|turn|5\n|\n|t:|1699755099\n|switch|p1a: Gholdengo|Gholdengo|100\/100\n|move|p2a: Ursaluna|Facade|p1a: Gholdengo\n|-immune|p1a: Gholdengo\n|\n|-damage|p2a: Ursaluna|69\/100 brn|[from] brn\n|upkeep\n|turn|6\n|\n|t:|1699755109\n|switch|p1a: Zapdos|Zapdos|100\/100\n|move|p2a: Ursaluna|Headlong Rush|p1a: Zapdos\n|-immune|p1a: Zapdos\n|\n|-damage|p2a: Ursaluna|63\/100 brn|[from] brn\n|-fieldend|move: Trick Room\n|upkeep\n|turn|7\n|c|\u2606dumpy lump|i got head like a book lmfao\n|c|\u2606dumpy lump|read*\n|c|\u2606Oomaester1234|this team is kinda sacary tho\n|c|\u2606Oomaester1234|lowkey\n|\n|t:|1699755144\n|switch|p2a: Magearna|Magearna|100\/100\n|-damage|p2a: Magearna|94\/100|[from] Stealth Rock\n|move|p1a: Zapdos|Volt Switch|p2a: Magearna\n|-damage|p2a: Magearna|71\/100\n|\n|t:|1699755160\n|switch|p1a: Amoonguss|Amoonguss, M|100\/100|[from] Volt Switch\n|\n|-heal|p2a: Magearna|77\/100|[from] item: Leftovers\n|upkeep\n|turn|8\n|\n|t:|1699755195\n|move|p1a: Amoonguss|Giga Drain|p2a: Magearna\n|-resisted|p2a: Magearna\n|-damage|p2a: Magearna|69\/100\n|move|p2a: Magearna|Trick Room|p2a: Magearna\n|-fieldstart|move: Trick Room|[of] p2a: Magearna\n|\n|-heal|p2a: Magearna|75\/100|[from] item: Leftovers\n|upkeep\n|turn|9\n|\n|t:|1699755206\n|move|p1a: Amoonguss|Giga Drain|p2a: Magearna\n|-resisted|p2a: Magearna\n|-damage|p2a: Magearna|68\/100\n|move|p2a: Magearna|Volt Switch|p1a: Amoonguss\n|-resisted|p1a: Amoonguss\n|-damage|p1a: Amoonguss|91\/100\n|-enditem|p1a: Amoonguss|Red Card|[of] p2a: Magearna\n|drag|p2a: Azumarill|Azumarill, F, shiny|100\/100\n|-damage|p2a: Azumarill|88\/100|[from] Stealth Rock\n|\n|upkeep\n|turn|10\n|\n|t:|1699755215\n|move|p2a: Azumarill|Belly Drum|p2a: Azumarill\n|-damage|p2a: Azumarill|38\/100\n|-setboost|p2a: Azumarill|atk|6|[from] move: Belly Drum\n|-enditem|p2a: Azumarill|Sitrus Berry|[eat]\n|-heal|p2a: Azumarill|63\/100|[from] item: Sitrus Berry\n|move|p1a: Amoonguss|Spore|p2a: Azumarill\n|-status|p2a: Azumarill|slp|[from] move: Spore\n|\n|upkeep\n|turn|11\n|\n|t:|1699755223\n|cant|p2a: Azumarill|slp\n|move|p1a: Amoonguss|Giga Drain|p2a: Azumarill\n|-supereffective|p2a: Azumarill\n|-damage|p2a: Azumarill|21\/100 slp\n|-heal|p1a: Amoonguss|100\/100|[from] drain|[of] p2a: Azumarill\n|\n|upkeep\n|turn|12\n|c|\u2606dumpy lump|moment\n|\n|t:|1699755235\n|-curestatus|p2a: Azumarill|slp|[msg]\n|move|p2a: Azumarill|Play Rough|p1a: Amoonguss\n|-resisted|p1a: Amoonguss\n|-damage|p1a: Amoonguss|15\/100\n|move|p1a: Amoonguss|Giga Drain|p2a: Azumarill\n|-supereffective|p2a: Azumarill\n|-damage|p2a: Azumarill|0 fnt\n|-heal|p1a: Amoonguss|24\/100|[from] drain|[of] p2a: Azumarill\n|faint|p2a: Azumarill\n|\n|-fieldend|move: Trick Room\n|upkeep\n|c|\u2606Oomaester1234|yooo\n|c|\u2606Oomaester1234|this game is scary\n|c|\u2606Oomaester1234|lwoeky\n|c|\u2606Oomaester1234|lowkey\n|c|\u2606dumpy lump|didnt even kill lmao\n|c|\u2606dumpy lump|surprised\n|\n|t:|1699755263\n|switch|p2a: Dialga|Dialga-Origin|100\/100\n|-damage|p2a: Dialga|94\/100|[from] Stealth Rock\n|-ability|p2a: Dialga|Pressure\n|turn|13\n|c|\u2606Oomaester1234|shrooms ftw ig\n|\n|t:|1699755274\n|switch|p1a: Gholdengo|Gholdengo|100\/100\n|move|p2a: Dialga|Dragon Pulse|p1a: Gholdengo\n|-resisted|p1a: Gholdengo\n|-damage|p1a: Gholdengo|66\/100\n|\n|upkeep\n|turn|14\n|\n|t:|1699755300\n|switch|p1a: Zapdos|Zapdos|100\/100\n|move|p2a: Dialga|Flash Cannon|p1a: Zapdos\n|-resisted|p1a: Zapdos\n|-damage|p1a: Zapdos|68\/100\n|\n|upkeep\n|turn|15\n|\n|t:|1699755305\n|move|p1a: Zapdos|Volt Switch|p2a: Dialga\n|-resisted|p2a: Dialga\n|-damage|p2a: Dialga|82\/100\n|\n|t:|1699755311\n|switch|p1a: Zacian|Zacian|100\/100|[from] Volt Switch\n|-ability|p1a: Zacian|Intrepid Sword|boost\n|-boost|p1a: Zacian|atk|1\n|move|p2a: Dialga|Ice Beam|p1a: Zacian\n|-damage|p1a: Zacian|64\/100\n|-status|p1a: Zacian|frz\n|\n|upkeep\n|turn|16\n|c|\u2606Oomaester1234|nOOO\n|c|\u2606Oomaester1234|NO\n|\n|t:|1699755317\n|cant|p1a: Zacian|frz\n|move|p2a: Dialga|Flash Cannon|p1a: Zacian\n|-supereffective|p1a: Zacian\n|-damage|p1a: Zacian|0 fnt\n|faint|p1a: Zacian\n|\n|upkeep\n|c|\u2606dumpy lump|FREEZE\n|c|\u2606dumpy lump|LMOA\n|c|\u2606Oomaester1234|DAMN\n|c|\u2606Oomaester1234|OKY\n|\n|t:|1699755326\n|switch|p1a: Amoonguss|Amoonguss, M|58\/100\n|turn|17\n|c|\u2606dumpy lump|unfortunate doesnt begin to describe\n|c|\u2606Oomaester1234|I SEE HOW IT IS\n|\n|t:|1699755335\n|move|p2a: Dialga|Ice Beam|p1a: Amoonguss\n|-supereffective|p1a: Amoonguss\n|-damage|p1a: Amoonguss|0 fnt\n|faint|p1a: Amoonguss\n|\n|upkeep\n|c|\u2606Oomaester1234|well\n|c|\u2606Oomaester1234|that was rlly my fault there\n|c|\u2606Oomaester1234|idk why i did that\n|\n|t:|1699755348\n|switch|p1a: Roaring Moon|Roaring Moon|100\/100\n|-enditem|p1a: Roaring Moon|Booster Energy\n|-activate|p1a: Roaring Moon|ability: Protosynthesis|[fromitem]\n|-start|p1a: Roaring Moon|protosynthesisatk\n|turn|18\n|\n|t:|1699755358\n|-terastallize|p1a: Roaring Moon|Steel\n|move|p1a: Roaring Moon|Dragon Dance|p1a: Roaring Moon\n|-boost|p1a: Roaring Moon|atk|1\n|-boost|p1a: Roaring Moon|spe|1\n|move|p2a: Dialga|Trick Room|p2a: Dialga\n|-fieldstart|move: Trick Room|[of] p2a: Dialga\n|\n|upkeep\n|turn|19\n|\n|t:|1699755379\n|switch|p2a: Ursaluna|Ursaluna, F|63\/100 brn\n|-damage|p2a: Ursaluna|57\/100 brn|[from] Stealth Rock\n|move|p1a: Roaring Moon|Knock Off|p2a: Ursaluna\n|-damage|p2a: Ursaluna|0 fnt\n|-enditem|p2a: Ursaluna|Flame Orb|[from] move: Knock Off|[of] p1a: Roaring Moon\n|faint|p2a: Ursaluna\n|\n|upkeep\n|c|\u2606dumpy lump|yeaah\n|\n|t:|1699755385\n|switch|p2a: Chi-Yu|Chi-Yu|100\/100\n|-damage|p2a: Chi-Yu|76\/100|[from] Stealth Rock\n|-ability|p2a: Chi-Yu|Beads of Ruin\n|turn|20\n|\n|t:|1699755396\n|-end|p1a: Roaring Moon|Protosynthesis|[silent]\n|switch|p1a: Zapdos|Zapdos|68\/100\n|move|p2a: Chi-Yu|Overheat|p1a: Zapdos\n|-damage|p1a: Zapdos|0 fnt\n|-unboost|p2a: Chi-Yu|spa|2\n|faint|p1a: Zapdos\n|\n|upkeep\n|c|\u2606Oomaester1234|the ocky way\n|\n|t:|1699755408\n|switch|p1a: Gholdengo|Gholdengo|66\/100\n|turn|21\n|\n|t:|1699755411\n|move|p2a: Chi-Yu|Overheat|p1a: Gholdengo\n|-supereffective|p1a: Gholdengo\n|-damage|p1a: Gholdengo|0 fnt\n|-unboost|p2a: Chi-Yu|spa|2\n|faint|p1a: Gholdengo\n|\n|upkeep\n|\n|t:|1699755413\n|switch|p1a: Roaring Moon|Roaring Moon, tera:Steel|100\/100\n|turn|22\n|\n|t:|1699755423\n|switch|p2a: Magearna|Magearna|68\/100\n|-damage|p2a: Magearna|62\/100|[from] Stealth Rock\n|move|p1a: Roaring Moon|Dragon Dance|p1a: Roaring Moon\n|-boost|p1a: Roaring Moon|atk|1\n|-boost|p1a: Roaring Moon|spe|1\n|\n|-heal|p2a: Magearna|68\/100|[from] item: Leftovers\n|-fieldend|move: Trick Room\n|upkeep\n|turn|23\n|\n|t:|1699755426\n|move|p1a: Roaring Moon|Iron Head|p2a: Magearna\n|-damage|p2a: Magearna|13\/100\n|move|p2a: Magearna|Trick Room|p2a: Magearna\n|-fieldstart|move: Trick Room|[of] p2a: Magearna\n|\n|-heal|p2a: Magearna|19\/100|[from] item: Leftovers\n|upkeep\n|turn|24\n|c|\u2606Oomaester1234|i was praying on a flinch\n|c|\u2606Oomaester1234|so hard\n|\n|t:|1699755438\n|move|p2a: Magearna|Fleur Cannon|p1a: Roaring Moon\n|-resisted|p1a: Roaring Moon\n|-damage|p1a: Roaring Moon|74\/100\n|-unboost|p2a: Magearna|spa|2\n|move|p1a: Roaring Moon|Iron Head|p2a: Magearna\n|-damage|p2a: Magearna|0 fnt\n|faint|p2a: Magearna\n|\n|upkeep\n|\n|t:|1699755441\n|switch|p2a: Chi-Yu|Chi-Yu|76\/100\n|-damage|p2a: Chi-Yu|51\/100|[from] Stealth Rock\n|-ability|p2a: Chi-Yu|Beads of Ruin\n|turn|25\n|\n|t:|1699755443\n|move|p2a: Chi-Yu|Overheat|p1a: Roaring Moon\n|-supereffective|p1a: Roaring Moon\n|-damage|p1a: Roaring Moon|0 fnt\n|-unboost|p2a: Chi-Yu|spa|2\n|faint|p1a: Roaring Moon\n|-end|p1a: Roaring Moon|Protosynthesis|[silent]\n|\n|win|dumpy lump\n|c|\u2606Oomaester1234|ggs\n|c|\u2606dumpy lump|ggs\n|l|\u2606dumpy lump\n|j|\u2606dumpy lump\n|player|p2|dumpy lump|volo\n","uploadtime":1699755829,"views":27,"p1id":"oomaester1234","p2id":"dumpylump","formatid":"gen9ubers","rating":0,"private":0,"password":""}