{"id":"gen9ubers-1998623173","p1":"dongjunyu","p2":"MiraKhxlifx","format":"[Gen 9] Ubers","log":"|j|\u2606dongjunyu\n|j|\u2606MiraKhxlifx\n|t:|1700964231\n|gametype|singles\n|player|p1|dongjunyu|steven|1000\n|player|p2|MiraKhxlifx|dawn|1000\n|teamsize|p1|6\n|teamsize|p2|6\n|gen|9\n|tier|[Gen 9] Ubers\n|rated|\n|rule|Sleep Clause Mod: Limit one foe put to sleep\n|rule|Species Clause: Limit one of each Pok\u00e9mon\n|rule|OHKO Clause: OHKO moves are banned\n|rule|Evasion Items Clause: Evasion items are banned\n|rule|Evasion Moves Clause: Evasion moves are banned\n|rule|Endless Battle Clause: Forcing endless battles is banned\n|rule|HP Percentage Mod: HP is shown in percentages\n|clearpoke\n|poke|p1|Arceus|\n|poke|p1|Zacian-*|\n|poke|p1|Mewtwo|\n|poke|p1|Zamazenta-*|\n|poke|p1|Eternatus|\n|poke|p1|Rayquaza|\n|poke|p2|Shaymin-Sky|\n|poke|p2|Rillaboom, F|\n|poke|p2|Tsareena, F|\n|poke|p2|Klefki, M|\n|poke|p2|Scizor, F|\n|poke|p2|Empoleon, M|\n|teampreview\n|\n|t:|1700964241\n|start\n|switch|p1a: Rayquaza|Rayquaza|100\/100\n|switch|p2a: Klefki|Klefki, M|100\/100\n|-ability|p1a: Rayquaza|Air Lock\n|turn|1\n|\n|t:|1700964252\n|move|p2a: Klefki|Reflect|p2a: Klefki\n|-sidestart|p2: MiraKhxlifx|Reflect\n|move|p1a: Rayquaza|Dragon Dance|p1a: Rayquaza\n|-boost|p1a: Rayquaza|atk|1\n|-boost|p1a: Rayquaza|spe|1\n|\n|upkeep\n|turn|2\n|inactive|Battle timer is ON: inactive players will automatically lose when time's up. (requested by MiraKhxlifx)\n|\n|t:|1700964278\n|-terastallize|p1a: Rayquaza|Dragon\n|move|p2a: Klefki|Light Screen|p2a: Klefki\n|-sidestart|p2: MiraKhxlifx|move: Light Screen\n|move|p1a: Rayquaza|Dragon Dance|p1a: Rayquaza\n|-boost|p1a: Rayquaza|atk|1\n|-boost|p1a: Rayquaza|spe|1\n|\n|upkeep\n|turn|3\n|\n|t:|1700964287\n|move|p2a: Klefki|Spikes|p1a: Rayquaza\n|-sidestart|p1: dongjunyu|Spikes\n|move|p1a: Rayquaza|Dragon Dance|p1a: Rayquaza\n|-boost|p1a: Rayquaza|atk|1\n|-boost|p1a: Rayquaza|spe|1\n|\n|upkeep\n|turn|4\n|\n|t:|1700964297\n|move|p1a: Rayquaza|Dragon Dance|p1a: Rayquaza\n|-boost|p1a: Rayquaza|atk|1\n|-boost|p1a: Rayquaza|spe|1\n|move|p2a: Klefki|Foul Play|p1a: Rayquaza\n|-damage|p1a: Rayquaza|0 fnt\n|faint|p1a: Rayquaza\n|\n|upkeep\n|\n|t:|1700964306\n|switch|p1a: Zamazenta|Zamazenta-Crowned|100\/100\n|-damage|p1a: Zamazenta|88\/100|[from] Spikes\n|-ability|p1a: Zamazenta|Dauntless Shield|boost\n|-boost|p1a: Zamazenta|def|1\n|turn|5\n|\n|t:|1700964315\n|move|p1a: Zamazenta|Steel Beam|p2a: Klefki\n|-damage|p2a: Klefki|74\/100\n|-damage|p1a: Zamazenta|38\/100|[from] steelbeam\n|move|p2a: Klefki|Foul Play|p1a: Zamazenta\n|-resisted|p1a: Zamazenta\n|-damage|p1a: Zamazenta|28\/100\n|\n|upkeep\n|turn|6\n|\n|t:|1700964329\n|switch|p2a: Rillaboom|Rillaboom, F|100\/100\n|-fieldstart|move: Grassy Terrain|[from] ability: Grassy Surge|[of] p2a: Rillaboom\n|move|p1a: Zamazenta|Steel Beam|p2a: Rillaboom\n|-damage|p2a: Rillaboom|76\/100\n|-damage|p1a: Zamazenta|0 fnt|[from] steelbeam\n|faint|p1a: Zamazenta\n|\n|-heal|p2a: Rillaboom|82\/100|[from] Grassy Terrain\n|upkeep\n|\n|t:|1700964342\n|switch|p1a: Eternatus|Eternatus|100\/100\n|-damage|p1a: Eternatus|88\/100|[from] Spikes\n|-ability|p1a: Eternatus|Pressure\n|turn|7\n|\n|t:|1700964350\n|move|p2a: Rillaboom|Fake Out|p1a: Eternatus\n|-damage|p1a: Eternatus|73\/100\n|-damage|p2a: Rillaboom|73\/100|[from] item: Life Orb\n|cant|p1a: Eternatus|flinch\n|\n|-heal|p1a: Eternatus|79\/100|[from] Grassy Terrain\n|-heal|p2a: Rillaboom|79\/100|[from] Grassy Terrain\n|upkeep\n|turn|8\n|\n|t:|1700964364\n|move|p2a: Rillaboom|Grassy Glide|p1a: Eternatus\n|-resisted|p1a: Eternatus\n|-damage|p1a: Eternatus|70\/100\n|-damage|p2a: Rillaboom|69\/100|[from] item: Life Orb\n|move|p1a: Eternatus|Gunk Shot|p2a: Rillaboom\n|-supereffective|p2a: Rillaboom\n|-damage|p2a: Rillaboom|34\/100\n|-status|p2a: Rillaboom|psn\n|\n|-heal|p1a: Eternatus|76\/100|[from] Grassy Terrain\n|-heal|p2a: Rillaboom|40\/100 psn|[from] Grassy Terrain\n|-damage|p2a: Rillaboom|27\/100 psn|[from] psn\n|-sideend|p2: MiraKhxlifx|Reflect\n|upkeep\n|turn|9\n|\n|t:|1700964380\n|move|p1a: Eternatus|Sludge Bomb|p2a: Rillaboom\n|-supereffective|p2a: Rillaboom\n|-damage|p2a: Rillaboom|0 fnt\n|faint|p2a: Rillaboom\n|\n|-heal|p1a: Eternatus|82\/100|[from] Grassy Terrain\n|-sideend|p2: MiraKhxlifx|move: Light Screen\n|upkeep\n|\n|t:|1700964391\n|switch|p2a: Klefki|Klefki, M|74\/100\n|turn|10\n|\n|t:|1700964395\n|move|p2a: Klefki|Reflect|p2a: Klefki\n|-sidestart|p2: MiraKhxlifx|Reflect\n|move|p1a: Eternatus|Gunk Shot|p2a: Klefki\n|-immune|p2a: Klefki\n|\n|-heal|p1a: Eternatus|88\/100|[from] Grassy Terrain\n|-heal|p2a: Klefki|80\/100|[from] Grassy Terrain\n|-fieldend|move: Grassy Terrain\n|upkeep\n|turn|11\n|\n|t:|1700964404\n|move|p2a: Klefki|Light Screen|p2a: Klefki\n|-sidestart|p2: MiraKhxlifx|move: Light Screen\n|move|p1a: Eternatus|Gunk Shot|p2a: Klefki\n|-immune|p2a: Klefki\n|\n|upkeep\n|turn|12\n|\n|t:|1700964411\n|move|p1a: Eternatus|Draco Meteor|p2a: Klefki\n|-immune|p2a: Klefki\n|move|p2a: Klefki|Foul Play|p1a: Eternatus\n|-damage|p1a: Eternatus|74\/100\n|\n|upkeep\n|turn|13\n|\n|t:|1700964431\n|switch|p1a: Arceus|Arceus|100\/100\n|-damage|p1a: Arceus|88\/100|[from] Spikes\n|switch|p2a: Scizor|Scizor, F|100\/100\n|\n|upkeep\n|turn|14\n|\n|t:|1700964442\n|move|p1a: Arceus|Draco Meteor|p2a: Scizor|[miss]\n|-miss|p1a: Arceus|p2a: Scizor\n|move|p2a: Scizor|Swords Dance|p2a: Scizor\n|-boost|p2a: Scizor|atk|2\n|\n|upkeep\n|turn|15\n|\n|t:|1700964450\n|move|p2a: Scizor|Bullet Punch|p1a: Arceus\n|-damage|p1a: Arceus|25\/100\n|move|p1a: Arceus|Fire Blast|p2a: Scizor\n|-supereffective|p2a: Scizor\n|-damage|p2a: Scizor|0 fnt\n|faint|p2a: Scizor\n|\n|upkeep\n|\n|t:|1700964460\n|switch|p2a: Tsareena|Tsareena, F|100\/100\n|turn|16\n|\n|t:|1700964467\n|move|p1a: Arceus|Fire Blast|p2a: Tsareena\n|-supereffective|p2a: Tsareena\n|-damage|p2a: Tsareena|64\/100\n|move|p2a: Tsareena|Trop Kick|p1a: Arceus\n|-damage|p1a: Arceus|1\/100\n|-unboost|p1a: Arceus|atk|1\n|\n|upkeep\n|turn|17\n|\n|t:|1700964478\n|move|p1a: Arceus|Fire Blast|p2a: Tsareena\n|-supereffective|p2a: Tsareena\n|-damage|p2a: Tsareena|22\/100\n|move|p2a: Tsareena|Acrobatics|p1a: Arceus\n|-damage|p1a: Arceus|0 fnt\n|faint|p1a: Arceus\n|\n|-sideend|p2: MiraKhxlifx|Reflect\n|upkeep\n|\n|t:|1700964490\n|switch|p1a: Eternatus|Eternatus|74\/100\n|-damage|p1a: Eternatus|61\/100|[from] Spikes\n|-ability|p1a: Eternatus|Pressure\n|turn|18\n|\n|t:|1700964497\n|move|p1a: Eternatus|Gunk Shot|p2a: Tsareena\n|-supereffective|p2a: Tsareena\n|-damage|p2a: Tsareena|0 fnt\n|faint|p2a: Tsareena\n|\n|-sideend|p2: MiraKhxlifx|move: Light Screen\n|upkeep\n|\n|t:|1700964504\n|switch|p2a: Shaymin|Shaymin-Sky|100\/100\n|turn|19\n|\n|t:|1700964508\n|move|p2a: Shaymin|Air Slash|p1a: Eternatus\n|-damage|p1a: Eternatus|34\/100\n|move|p1a: Eternatus|Gunk Shot|p2a: Shaymin|[miss]\n|-miss|p1a: Eternatus|p2a: Shaymin\n|\n|upkeep\n|turn|20\n|\n|t:|1700964515\n|move|p2a: Shaymin|Air Slash|p1a: Eternatus\n|-damage|p1a: Eternatus|4\/100\n|move|p1a: Eternatus|Gunk Shot|p2a: Shaymin\n|-supereffective|p2a: Shaymin\n|-damage|p2a: Shaymin|7\/100\n|-status|p2a: Shaymin|psn\n|\n|-damage|p2a: Shaymin|0 fnt|[from] psn\n|faint|p2a: Shaymin\n|upkeep\n|\n|t:|1700964525\n|switch|p2a: Klefki|Klefki, M|80\/100\n|turn|21\n|\n|t:|1700964531\n|move|p2a: Klefki|Reflect|p2a: Klefki\n|-sidestart|p2: MiraKhxlifx|Reflect\n|move|p1a: Eternatus|Gunk Shot|p2a: Klefki\n|-immune|p2a: Klefki\n|\n|upkeep\n|turn|22\n|\n|t:|1700964538\n|move|p2a: Klefki|Light Screen|p2a: Klefki\n|-sidestart|p2: MiraKhxlifx|move: Light Screen\n|move|p1a: Eternatus|Draco Meteor|p2a: Klefki\n|-immune|p2a: Klefki\n|\n|upkeep\n|turn|23\n|\n|t:|1700964546\n|move|p1a: Eternatus|Recover|p1a: Eternatus\n|-heal|p1a: Eternatus|54\/100\n|move|p2a: Klefki|Foul Play|p1a: Eternatus\n|-damage|p1a: Eternatus|40\/100\n|\n|upkeep\n|turn|24\n|\n|t:|1700964553\n|switch|p2a: Empoleon|Empoleon, M|100\/100\n|move|p1a: Eternatus|Recover|p1a: Eternatus\n|-heal|p1a: Eternatus|90\/100\n|\n|upkeep\n|turn|25\n|\n|t:|1700964562\n|move|p1a: Eternatus|Gunk Shot|p2a: Empoleon\n|-immune|p2a: Empoleon\n|move|p2a: Empoleon|Icy Wind|p1a: Eternatus\n|-supereffective|p1a: Eternatus\n|-crit|p1a: Eternatus\n|-damage|p1a: Eternatus|45\/100\n|-unboost|p1a: Eternatus|spe|1\n|\n|upkeep\n|turn|26\n|\n|t:|1700964576\n|move|p1a: Eternatus|Recover|p1a: Eternatus\n|-heal|p1a: Eternatus|95\/100\n|move|p2a: Empoleon|Icy Wind|p1a: Eternatus|[miss]\n|-miss|p2a: Empoleon|p1a: Eternatus\n|\n|upkeep\n|turn|27\n|\n|t:|1700964587\n|switch|p1a: Mewtwo|Mewtwo|100\/100\n|-damage|p1a: Mewtwo|88\/100|[from] Spikes\n|-ability|p1a: Mewtwo|Pressure\n|move|p2a: Empoleon|Icy Wind|p1a: Mewtwo\n|-damage|p1a: Mewtwo|70\/100\n|-unboost|p1a: Mewtwo|spe|1\n|\n|upkeep\n|turn|28\n|\n|t:|1700964599\n|-singleturn|p1a: Mewtwo|move: Focus Punch\n|move|p2a: Empoleon|Flash Cannon|p1a: Mewtwo\n|-damage|p1a: Mewtwo|24\/100\n|cant|p1a: Mewtwo|Focus Punch|Focus Punch\n|\n|-sideend|p2: MiraKhxlifx|Reflect\n|upkeep\n|turn|29\n|\n|t:|1700964611\n|switch|p2a: Klefki|Klefki, M|80\/100\n|-singleturn|p1a: Mewtwo|move: Focus Punch\n|move|p1a: Mewtwo|Focus Punch|p2a: Klefki\n|-damage|p2a: Klefki|40\/100\n|\n|-sideend|p2: MiraKhxlifx|move: Light Screen\n|upkeep\n|turn|30\n|\n|t:|1700964621\n|-singleturn|p1a: Mewtwo|move: Focus Punch\n|move|p2a: Klefki|Reflect|p2a: Klefki\n|-sidestart|p2: MiraKhxlifx|Reflect\n|move|p1a: Mewtwo|Focus Punch|p2a: Klefki\n|-damage|p2a: Klefki|21\/100\n|\n|upkeep\n|turn|31\n|\n|t:|1700964628\n|-singleturn|p1a: Mewtwo|move: Focus Punch\n|move|p2a: Klefki|Light Screen|p2a: Klefki\n|-sidestart|p2: MiraKhxlifx|move: Light Screen\n|move|p1a: Mewtwo|Focus Punch|p2a: Klefki\n|-damage|p2a: Klefki|0 fnt\n|faint|p2a: Klefki\n|\n|upkeep\n|\n|t:|1700964636\n|switch|p2a: Empoleon|Empoleon, M|100\/100\n|turn|32\n|\n|t:|1700964643\n|-singleturn|p1a: Mewtwo|move: Focus Punch\n|move|p2a: Empoleon|Flash Cannon|p1a: Mewtwo\n|-damage|p1a: Mewtwo|0 fnt\n|faint|p1a: Mewtwo\n|\n|upkeep\n|\n|t:|1700964650\n|switch|p1a: Zacian|Zacian-Crowned|100\/100\n|-damage|p1a: Zacian|88\/100|[from] Spikes\n|-ability|p1a: Zacian|Intrepid Sword|boost\n|-boost|p1a: Zacian|atk|1\n|turn|33\n|\n|t:|1700964661\n|move|p1a: Zacian|Steel Beam|p2a: Empoleon\n|-resisted|p2a: Empoleon\n|-damage|p2a: Empoleon|98\/100\n|-damage|p1a: Zacian|38\/100|[from] steelbeam\n|move|p2a: Empoleon|Hydro Pump|p1a: Zacian\n|-damage|p1a: Zacian|0 fnt\n|faint|p1a: Zacian\n|\n|upkeep\n|\n|t:|1700964670\n|switch|p1a: Eternatus|Eternatus|95\/100\n|-damage|p1a: Eternatus|83\/100|[from] Spikes\n|-ability|p1a: Eternatus|Pressure\n|turn|34\n|\n|t:|1700964677\n|move|p1a: Eternatus|Draco Meteor|p2a: Empoleon\n|-resisted|p2a: Empoleon\n|-damage|p2a: Empoleon|89\/100\n|-unboost|p1a: Eternatus|spa|2\n|move|p2a: Empoleon|Flash Cannon|p1a: Eternatus\n|-damage|p1a: Eternatus|52\/100\n|\n|upkeep\n|turn|35\n|\n|t:|1700964687\n|move|p1a: Eternatus|Sludge Bomb|p2a: Empoleon\n|-immune|p2a: Empoleon\n|move|p2a: Empoleon|Icy Wind|p1a: Eternatus|[miss]\n|-miss|p2a: Empoleon|p1a: Eternatus\n|\n|upkeep\n|turn|36\n|\n|t:|1700964695\n|move|p1a: Eternatus|Draco Meteor|p2a: Empoleon\n|-resisted|p2a: Empoleon\n|-damage|p2a: Empoleon|85\/100\n|-unboost|p1a: Eternatus|spa|2\n|move|p2a: Empoleon|Hydro Pump|p1a: Eternatus\n|-resisted|p1a: Eternatus\n|-damage|p1a: Eternatus|31\/100\n|\n|upkeep\n|turn|37\n|\n|t:|1700964705\n|move|p1a: Eternatus|Recover|p1a: Eternatus\n|-heal|p1a: Eternatus|81\/100\n|move|p2a: Empoleon|Flash Cannon|p1a: Eternatus\n|-damage|p1a: Eternatus|51\/100\n|\n|-sideend|p2: MiraKhxlifx|Reflect\n|upkeep\n|turn|38\n|\n|t:|1700964714\n|move|p1a: Eternatus|Draco Meteor|p2a: Empoleon\n|-resisted|p2a: Empoleon\n|-damage|p2a: Empoleon|81\/100\n|-unboost|p1a: Eternatus|spa|2\n|move|p2a: Empoleon|Flash Cannon|p1a: Eternatus\n|-damage|p1a: Eternatus|21\/100\n|-unboost|p1a: Eternatus|spd|1\n|\n|-sideend|p2: MiraKhxlifx|move: Light Screen\n|upkeep\n|turn|39\n|\n|t:|1700964725\n|move|p1a: Eternatus|Recover|p1a: Eternatus\n|-heal|p1a: Eternatus|71\/100\n|move|p2a: Empoleon|Flash Cannon|p1a: Eternatus\n|-damage|p1a: Eternatus|25\/100\n|\n|upkeep\n|turn|40\n|\n|t:|1700964737\n|move|p1a: Eternatus|Recover|p1a: Eternatus\n|-heal|p1a: Eternatus|75\/100\n|move|p2a: Empoleon|Icy Wind|p1a: Eternatus\n|-supereffective|p1a: Eternatus\n|-damage|p1a: Eternatus|35\/100\n|-unboost|p1a: Eternatus|spe|1\n|\n|upkeep\n|turn|41\n|\n|t:|1700964746\n|move|p1a: Eternatus|Recover|p1a: Eternatus\n|-heal|p1a: Eternatus|85\/100\n|move|p2a: Empoleon|Icy Wind|p1a: Eternatus\n|-supereffective|p1a: Eternatus\n|-damage|p1a: Eternatus|41\/100\n|-unboost|p1a: Eternatus|spe|1\n|\n|upkeep\n|turn|42\n|\n|t:|1700964755\n|move|p1a: Eternatus|Recover|p1a: Eternatus\n|-heal|p1a: Eternatus|91\/100\n|move|p2a: Empoleon|Icy Wind|p1a: Eternatus\n|-supereffective|p1a: Eternatus\n|-damage|p1a: Eternatus|52\/100\n|-unboost|p1a: Eternatus|spe|1\n|\n|upkeep\n|turn|43\n|\n|t:|1700964765\n|move|p2a: Empoleon|Flash Cannon|p1a: Eternatus\n|-damage|p1a: Eternatus|8\/100\n|move|p1a: Eternatus|Sludge Bomb|p2a: Empoleon\n|-immune|p2a: Empoleon\n|\n|upkeep\n|turn|44\n|\n|t:|1700964773\n|move|p2a: Empoleon|Icy Wind|p1a: Eternatus\n|-supereffective|p1a: Eternatus\n|-damage|p1a: Eternatus|0 fnt\n|faint|p1a: Eternatus\n|\n|win|MiraKhxlifx\n|raw|dongjunyu's rating: 1000 &rarr; <strong>1000<\/strong><br \/>(+0 for losing)\n|raw|MiraKhxlifx's rating: 1000 &rarr; <strong>1040<\/strong><br \/>(+40 for winning)\n|l|\u2606dongjunyu\n","uploadtime":1700964843,"views":3,"p1id":"dongjunyu","p2id":"mirakhxlifx","formatid":"gen9ubers","rating":1000,"private":0,"password":""}