{"id":"gen9ubers-1983583684","p1":"iceberg149","p2":"xegrizzy","format":"[Gen 9] Ubers","log":"|j|\u2606iceberg149\n|j|\u2606xegrizzy\n|t:|1699146051\n|gametype|singles\n|player|p1|iceberg149|ethan|\n|player|p2|xegrizzy|169|\n|teamsize|p1|6\n|teamsize|p2|6\n|gen|9\n|tier|[Gen 9] Ubers\n|rule|Sleep Clause Mod: Limit one foe put to sleep\n|rule|Species Clause: Limit one of each Pok\u00e9mon\n|rule|OHKO Clause: OHKO moves are banned\n|rule|Evasion Items Clause: Evasion items are banned\n|rule|Evasion Moves Clause: Evasion moves are banned\n|rule|Endless Battle Clause: Forcing endless battles is banned\n|rule|HP Percentage Mod: HP is shown in percentages\n|clearpoke\n|poke|p1|Mew|\n|poke|p1|Ursaluna-Bloodmoon, M|\n|poke|p1|Sneasler, F|\n|poke|p1|Gastrodon-East, F|\n|poke|p1|Muk-Alola, F|\n|poke|p1|Ribombee, F|\n|poke|p2|Iron Moth|\n|poke|p2|Roaring Moon|\n|poke|p2|Torkoal, F|\n|poke|p2|Charizard, M|\n|poke|p2|Great Tusk|\n|poke|p2|Clefable, F|\n|teampreview\n|\n|t:|1699146127\n|start\n|switch|p1a: Bingus|Mew, shiny|100\/100\n|switch|p2a: Torkoal|Torkoal, F|100\/100\n|-weather|SunnyDay|[from] ability: Drought|[of] p2a: Torkoal\n|turn|1\n|c|\u2606iceberg149|hfhf\n|c|\u2606xegrizzy|glhf\n|\n|t:|1699146153\n|move|p1a: Bingus|Power Gem|p2a: Torkoal\n|-supereffective|p2a: Torkoal\n|-damage|p2a: Torkoal|53\/100\n|move|p2a: Torkoal|Stealth Rock|p1a: Bingus\n|-sidestart|p1: iceberg149|move: Stealth Rock\n|\n|-weather|SunnyDay|[upkeep]\n|upkeep\n|turn|2\n|\n|t:|1699146162\n|move|p1a: Bingus|Power Gem|p2a: Torkoal\n|-supereffective|p2a: Torkoal\n|-damage|p2a: Torkoal|10\/100\n|move|p2a: Torkoal|Yawn|p1a: Bingus\n|-start|p1a: Bingus|move: Yawn|[of] p2a: Torkoal\n|\n|-weather|SunnyDay|[upkeep]\n|upkeep\n|turn|3\n|\n|t:|1699146195\n|switch|p1a: Ribbon|Ribombee, F, shiny|100\/100\n|switch|p2a: Roaring Moon|Roaring Moon|100\/100\n|-activate|p2a: Roaring Moon|ability: Protosynthesis\n|-start|p2a: Roaring Moon|protosynthesisatk\n|\n|-weather|SunnyDay|[upkeep]\n|upkeep\n|turn|4\n|l|\u2606xegrizzy\n|player|p2|\n|j|\u2606xegrizzy\n|player|p2|xegrizzy|169\n|\n|t:|1699146288\n|-end|p2a: Roaring Moon|Protosynthesis|[silent]\n|switch|p2a: Clefable|Clefable, F|100\/100\n|move|p1a: Ribbon|Moonblast|p2a: Clefable\n|-damage|p2a: Clefable|70\/100\n|\n|-weather|SunnyDay|[upkeep]\n|upkeep\n|turn|5\n|\n|t:|1699146335\n|move|p1a: Ribbon|Quiver Dance|p1a: Ribbon\n|-boost|p1a: Ribbon|spa|1\n|-boost|p1a: Ribbon|spd|1\n|-boost|p1a: Ribbon|spe|1\n|move|p2a: Clefable|Light Screen|p2a: Clefable\n|-sidestart|p2: xegrizzy|move: Light Screen\n|\n|-weather|SunnyDay|[upkeep]\n|upkeep\n|turn|6\n|\n|t:|1699146352\n|switch|p2a: Charizard|Charizard, M|100\/100\n|move|p1a: Ribbon|Quiver Dance|p1a: Ribbon\n|-boost|p1a: Ribbon|spa|1\n|-boost|p1a: Ribbon|spd|1\n|-boost|p1a: Ribbon|spe|1\n|\n|-weather|SunnyDay|[upkeep]\n|-damage|p2a: Charizard|88\/100|[from] ability: Solar Power|[of] p2a: Charizard\n|upkeep\n|turn|7\n|\n|t:|1699146399\n|switch|p1a: me|Muk-Alola, F, shiny|100\/100\n|-damage|p1a: me|88\/100|[from] Stealth Rock\n|move|p2a: Charizard|Flamethrower|p1a: me\n|-damage|p1a: me|40\/100\n|\n|-weather|SunnyDay|[upkeep]\n|-damage|p2a: Charizard|76\/100|[from] ability: Solar Power|[of] p2a: Charizard\n|upkeep\n|turn|8\n|\n|t:|1699146471\n|switch|p2a: Great Tusk|Great Tusk|100\/100\n|-activate|p2a: Great Tusk|ability: Protosynthesis\n|-start|p2a: Great Tusk|protosynthesisspe\n|move|p1a: me|Stone Edge|p2a: Great Tusk\n|-resisted|p2a: Great Tusk\n|-damage|p2a: Great Tusk|97\/100\n|\n|-weather|none\n|-end|p2a: Great Tusk|Protosynthesis\n|upkeep\n|turn|9\n|\n|t:|1699146553\n|switch|p1a: Bingus|Mew, shiny|100\/100\n|-damage|p1a: Bingus|88\/100|[from] Stealth Rock\n|move|p2a: Great Tusk|Knock Off|p1a: Bingus\n|-supereffective|p1a: Bingus\n|-enditem|p1a: Bingus|Colbur Berry|[eat]\n|-enditem|p1a: Bingus|Colbur Berry|[weaken]\n|-damage|p1a: Bingus|61\/100\n|\n|upkeep\n|turn|10\n|\n|t:|1699146633\n|move|p1a: Bingus|Psychic|p2a: Great Tusk\n|-supereffective|p2a: Great Tusk\n|-damage|p2a: Great Tusk|65\/100\n|move|p2a: Great Tusk|Knock Off|p1a: Bingus\n|-supereffective|p1a: Bingus\n|-damage|p1a: Bingus|26\/100\n|\n|upkeep\n|turn|11\n|\n|t:|1699146644\n|move|p1a: Bingus|Will-O-Wisp|p2a: Great Tusk|[miss]\n|-miss|p1a: Bingus|p2a: Great Tusk\n|move|p2a: Great Tusk|Earthquake|p1a: Bingus\n|-damage|p1a: Bingus|0 fnt\n|faint|p1a: Bingus\n|\n|upkeep\n|\n|t:|1699146704\n|switch|p1a: Ribbon|Ribombee, F, shiny|100\/100\n|turn|12\n|j| Flame king 888\n|\n|t:|1699146732\n|-end|p2a: Great Tusk|Protosynthesis|[silent]\n|switch|p2a: Clefable|Clefable, F|70\/100\n|move|p1a: Ribbon|Reflect|p1a: Ribbon\n|-sidestart|p1: iceberg149|Reflect\n|\n|-sideend|p2: xegrizzy|move: Light Screen\n|upkeep\n|turn|13\n|\n|t:|1699146740\n|switch|p1a: Scary Feet!|Ursaluna-Bloodmoon, M|100\/100\n|-damage|p1a: Scary Feet!|94\/100|[from] Stealth Rock\n|move|p2a: Clefable|Light Screen|p2a: Clefable\n|-sidestart|p2: xegrizzy|move: Light Screen\n|\n|upkeep\n|turn|14\n|\n|t:|1699146797\n|move|p2a: Clefable|Wish|p2a: Clefable\n|move|p1a: Scary Feet!|Calm Mind|p1a: Scary Feet!\n|-boost|p1a: Scary Feet!|spa|1\n|-boost|p1a: Scary Feet!|spd|1\n|\n|upkeep\n|turn|15\n|\n|t:|1699146835\n|switch|p2a: Torkoal|Torkoal, F|10\/100\n|-weather|SunnyDay|[from] ability: Drought|[of] p2a: Torkoal\n|move|p1a: Scary Feet!|Calm Mind|p1a: Scary Feet!\n|-boost|p1a: Scary Feet!|spa|1\n|-boost|p1a: Scary Feet!|spd|1\n|\n|-weather|SunnyDay|[upkeep]\n|-heal|p2a: Torkoal|67\/100|[from] move: Wish|[wisher] Clefable\n|upkeep\n|turn|16\n|\n|t:|1699146853\n|move|p1a: Scary Feet!|Blood Moon|p2a: Torkoal\n|-damage|p2a: Torkoal|0 fnt\n|faint|p2a: Torkoal\n|\n|-weather|SunnyDay|[upkeep]\n|-sideend|p1: iceberg149|Reflect\n|upkeep\n|\n|t:|1699146875\n|switch|p2a: Roaring Moon|Roaring Moon|100\/100\n|-activate|p2a: Roaring Moon|ability: Protosynthesis\n|-start|p2a: Roaring Moon|protosynthesisatk\n|turn|17\n|\n|t:|1699146989\n|move|p2a: Roaring Moon|Knock Off|p1a: Scary Feet!\n|-damage|p1a: Scary Feet!|43\/100\n|-enditem|p1a: Scary Feet!|Wise Glasses|[from] move: Knock Off|[of] p2a: Roaring Moon\n|move|p1a: Scary Feet!|Calm Mind|p1a: Scary Feet!\n|-boost|p1a: Scary Feet!|spa|1\n|-boost|p1a: Scary Feet!|spd|1\n|\n|-weather|SunnyDay|[upkeep]\n|upkeep\n|turn|18\n|j| DivogoJota\n|l| Flame king 888\n|\n|t:|1699147054\n|move|p2a: Roaring Moon|Acrobatics|p1a: Scary Feet!\n|-damage|p1a: Scary Feet!|22\/100\n|move|p1a: Scary Feet!|Blood Moon|p2a: Roaring Moon\n|-damage|p2a: Roaring Moon|0 fnt\n|faint|p2a: Roaring Moon\n|-end|p2a: Roaring Moon|Protosynthesis|[silent]\n|\n|-weather|SunnyDay|[upkeep]\n|upkeep\n|\n|t:|1699147062\n|switch|p2a: Iron Moth|Iron Moth|100\/100\n|-enditem|p2a: Iron Moth|Booster Energy\n|-activate|p2a: Iron Moth|ability: Quark Drive|[fromitem]\n|-start|p2a: Iron Moth|quarkdrivespe\n|turn|19\n|\n|t:|1699147118\n|switch|p1a: me|Muk-Alola, F, shiny|40\/100\n|-damage|p1a: me|28\/100|[from] Stealth Rock\n|move|p2a: Iron Moth|Fiery Dance|p1a: me\n|-damage|p1a: me|0 fnt\n|faint|p1a: me\n|\n|-weather|SunnyDay|[upkeep]\n|upkeep\n|\n|t:|1699147153\n|switch|p1a: A Slug -David 2023|Gastrodon-East, F|100\/100\n|-damage|p1a: A Slug -David 2023|94\/100|[from] Stealth Rock\n|turn|20\n|\n|t:|1699147176\n|move|p2a: Iron Moth|Energy Ball|p1a: A Slug -David 2023\n|-supereffective|p1a: A Slug -David 2023\n|-damage|p1a: A Slug -David 2023|31\/100\n|move|p1a: A Slug -David 2023|Earth Power|p2a: Iron Moth\n|-supereffective|p2a: Iron Moth\n|-damage|p2a: Iron Moth|43\/100\n|\n|-weather|SunnyDay|[upkeep]\n|-sideend|p2: xegrizzy|move: Light Screen\n|upkeep\n|turn|21\n|\n|t:|1699147296\n|move|p2a: Iron Moth|Energy Ball|p1a: A Slug -David 2023\n|-supereffective|p1a: A Slug -David 2023\n|-damage|p1a: A Slug -David 2023|0 fnt\n|faint|p1a: A Slug -David 2023\n|\n|-weather|SunnyDay|[upkeep]\n|upkeep\n|\n|t:|1699147349\n|switch|p1a: Swiper|Sneasler, F|100\/100\n|-damage|p1a: Swiper|95\/100|[from] Stealth Rock\n|turn|22\n|\n|t:|1699147373\n|move|p2a: Iron Moth|Psychic|p1a: Swiper\n|-supereffective|p1a: Swiper\n|-damage|p1a: Swiper|0 fnt\n|faint|p1a: Swiper\n|\n|-weather|none\n|upkeep\n|\n|t:|1699147417\n|switch|p1a: Scary Feet!|Ursaluna-Bloodmoon, M|22\/100\n|-damage|p1a: Scary Feet!|16\/100|[from] Stealth Rock\n|turn|23\n|\n|t:|1699147423\n|move|p1a: Scary Feet!|Vacuum Wave|p2a: Iron Moth\n|-resisted|p2a: Iron Moth\n|-damage|p2a: Iron Moth|35\/100\n|move|p2a: Iron Moth|Fiery Dance|p1a: Scary Feet!\n|-damage|p1a: Scary Feet!|0 fnt\n|faint|p1a: Scary Feet!\n|\n|upkeep\n|\n|t:|1699147426\n|switch|p1a: Ribbon|Ribombee, F, shiny|100\/100\n|turn|24\n|\n|t:|1699147434\n|move|p2a: Iron Moth|Fiery Dance|p1a: Ribbon\n|-supereffective|p1a: Ribbon\n|-damage|p1a: Ribbon|0 fnt\n|-boost|p2a: Iron Moth|spa|1\n|faint|p1a: Ribbon\n|\n|win|xegrizzy\n|c|\u2606xegrizzy|gg\n|c| DivogoJota|Eric going for top chef\n|c| DivogoJota|fg\n|c| DivogoJota|**gg\n","uploadtime":1699147461,"views":32,"p1id":"iceberg149","p2id":"xegrizzy","formatid":"gen9ubers","rating":0,"private":0,"password":""}