{"id":"gen9ubers-1988426105","p1":"Trxversal","p2":"LITLE0","format":"[Gen 9] Ubers","log":"|j|\u2606Trxversal\n|j|\u2606LITLE0\n|t:|1699721655\n|gametype|singles\n|player|p1|Trxversal|2|1115\n|player|p2|LITLE0|brock|1117\n|teamsize|p1|6\n|teamsize|p2|6\n|gen|9\n|tier|[Gen 9] Ubers\n|rated|\n|rule|Sleep Clause Mod: Limit one foe put to sleep\n|rule|Species Clause: Limit one of each Pok\u00e9mon\n|rule|OHKO Clause: OHKO moves are banned\n|rule|Evasion Items Clause: Evasion items are banned\n|rule|Evasion Moves Clause: Evasion moves are banned\n|rule|Endless Battle Clause: Forcing endless battles is banned\n|rule|HP Percentage Mod: HP is shown in percentages\n|clearpoke\n|poke|p1|Volcarona, M|\n|poke|p1|Darkrai|\n|poke|p1|Zacian-*|\n|poke|p1|Palafin, M|\n|poke|p1|Baxcalibur, M|\n|poke|p1|Calyrex-Ice|\n|poke|p2|Clefable, F|\n|poke|p2|Corviknight, M|\n|poke|p2|Garchomp, M|\n|poke|p2|Palafin, M|\n|poke|p2|Thundurus-Therian, M|\n|poke|p2|Volcarona, F|\n|teampreview\n|\n|t:|1699721660\n|start\n|switch|p1a: Baxcalibur|Baxcalibur, M|100\/100\n|switch|p2a: Palafin|Palafin, M|100\/100\n|turn|1\n|\n|t:|1699721668\n|move|p2a: Palafin|Flip Turn|p1a: Baxcalibur\n|-resisted|p1a: Baxcalibur\n|-damage|p1a: Baxcalibur|87\/100\n|-damage|p2a: Palafin|91\/100|[from] item: Life Orb\n|\n|t:|1699721677\n|detailschange|p2a: Palafin|Palafin-Hero, M\n|switch|p2a: Corviknight|Corviknight, M|100\/100|[from] Flip Turn\n|move|p1a: Baxcalibur|Dragon Dance|p1a: Baxcalibur\n|-boost|p1a: Baxcalibur|atk|1\n|-boost|p1a: Baxcalibur|spe|1\n|\n|-heal|p1a: Baxcalibur|93\/100|[from] item: Leftovers\n|upkeep\n|turn|2\n|\n|t:|1699721690\n|move|p1a: Baxcalibur|Body Press|p2a: Corviknight\n|-damage|p2a: Corviknight|89\/100\n|move|p2a: Corviknight|U-turn|p1a: Baxcalibur\n|-damage|p1a: Baxcalibur|78\/100\n|\n|t:|1699721693\n|switch|p2a: Clefable|Clefable, F|100\/100|[from] U-turn\n|\n|-heal|p1a: Baxcalibur|84\/100|[from] item: Leftovers\n|upkeep\n|turn|3\n|\n|t:|1699721700\n|move|p1a: Baxcalibur|Earthquake|p2a: Clefable\n|-damage|p2a: Clefable|54\/100\n|move|p2a: Clefable|Wish|p2a: Clefable\n|\n|-heal|p1a: Baxcalibur|91\/100|[from] item: Leftovers\n|-heal|p2a: Clefable|60\/100|[from] item: Leftovers\n|upkeep\n|turn|4\n|\n|t:|1699721707\n|switch|p1a: Zacian|Zacian-Crowned, shiny|100\/100\n|-ability|p1a: Zacian|Intrepid Sword|boost\n|-boost|p1a: Zacian|atk|1\n|move|p2a: Clefable|Moonblast|p1a: Zacian\n|-resisted|p1a: Zacian\n|-damage|p1a: Zacian|86\/100\n|\n|-heal|p2a: Clefable|100\/100|[from] move: Wish|[wisher] Clefable\n|upkeep\n|turn|5\n|\n|t:|1699721719\n|switch|p2a: Corviknight|Corviknight, M|89\/100\n|move|p1a: Zacian|Swords Dance|p1a: Zacian\n|-boost|p1a: Zacian|atk|2\n|\n|-heal|p2a: Corviknight|96\/100|[from] item: Leftovers\n|upkeep\n|turn|6\n|\n|t:|1699721727\n|move|p1a: Zacian|Fire Fang|p2a: Corviknight\n|-supereffective|p2a: Corviknight\n|-damage|p2a: Corviknight|26\/100\n|move|p2a: Corviknight|U-turn|p1a: Zacian\n|-resisted|p1a: Zacian\n|-damage|p1a: Zacian|83\/100\n|\n|t:|1699721739\n|switch|p2a: Palafin|Palafin-Hero, M|91\/100|[from] U-turn\n|-activate|p2a: Palafin|ability: Zero to Hero\n|\n|upkeep\n|turn|7\n|\n|t:|1699721745\n|-terastallize|p2a: Palafin|Water\n|move|p2a: Palafin|Jet Punch|p1a: Zacian\n|-damage|p1a: Zacian|19\/100\n|-damage|p2a: Palafin|81\/100|[from] item: Life Orb\n|move|p1a: Zacian|Behemoth Blade|p2a: Palafin\n|-resisted|p2a: Palafin\n|-damage|p2a: Palafin|9\/100\n|\n|upkeep\n|turn|8\n|\n|t:|1699721759\n|switch|p1a: Palafin|Palafin, M|100\/100\n|move|p2a: Palafin|Jet Punch|p1a: Palafin\n|-resisted|p1a: Palafin\n|-damage|p1a: Palafin|53\/100\n|-damage|p2a: Palafin|0 fnt|[from] item: Life Orb\n|faint|p2a: Palafin\n|\n|upkeep\n|\n|t:|1699721779\n|switch|p2a: Thundurus|Thundurus-Therian, M|100\/100\n|turn|9\n|\n|t:|1699721789\n|move|p2a: Thundurus|Volt Switch|p1a: Palafin\n|-supereffective|p1a: Palafin\n|-damage|p1a: Palafin|0 fnt\n|faint|p1a: Palafin\n|\n|t:|1699721794\n|switch|p2a: Volcarona|Volcarona, F|100\/100|[from] Volt Switch\n|\n|upkeep\n|\n|t:|1699721800\n|switch|p1a: Baxcalibur|Baxcalibur, M|91\/100\n|turn|10\n|\n|t:|1699721810\n|switch|p2a: Clefable|Clefable, F|100\/100\n|move|p1a: Baxcalibur|Dragon Dance|p1a: Baxcalibur\n|-boost|p1a: Baxcalibur|atk|1\n|-boost|p1a: Baxcalibur|spe|1\n|\n|-heal|p1a: Baxcalibur|97\/100|[from] item: Leftovers\n|upkeep\n|turn|11\n|\n|t:|1699721821\n|switch|p1a: Zacian|Zacian-Crowned, shiny|19\/100\n|move|p2a: Clefable|Wish|p2a: Clefable\n|\n|upkeep\n|turn|12\n|\n|t:|1699721827\n|switch|p2a: Corviknight|Corviknight, M|26\/100\n|move|p1a: Zacian|Behemoth Blade|p2a: Corviknight\n|-resisted|p2a: Corviknight\n|-damage|p2a: Corviknight|10\/100\n|\n|-heal|p2a: Corviknight|59\/100|[from] move: Wish|[wisher] Clefable\n|-heal|p2a: Corviknight|65\/100|[from] item: Leftovers\n|upkeep\n|turn|13\n|\n|t:|1699721839\n|switch|p2a: Garchomp|Garchomp, M|100\/100\n|move|p1a: Zacian|Fire Fang|p2a: Garchomp\n|-resisted|p2a: Garchomp\n|-damage|p2a: Garchomp|88\/100\n|-damage|p1a: Zacian|7\/100|[from] ability: Rough Skin|[of] p2a: Garchomp\n|\n|upkeep\n|turn|14\n|\n|t:|1699721849\n|move|p1a: Zacian|Play Rough|p2a: Garchomp|[miss]\n|-miss|p1a: Zacian|p2a: Garchomp\n|move|p2a: Garchomp|Earthquake|p1a: Zacian\n|-supereffective|p1a: Zacian\n|-damage|p1a: Zacian|0 fnt\n|faint|p1a: Zacian\n|\n|upkeep\n|\n|t:|1699721864\n|switch|p1a: Darkrai|Darkrai, shiny|100\/100\n|turn|15\n|\n|t:|1699721875\n|switch|p2a: Clefable|Clefable, F|100\/100\n|move|p1a: Darkrai|Hypnosis|p2a: Clefable\n|-status|p2a: Clefable|slp|[from] move: Hypnosis\n|\n|-damage|p2a: Clefable|88\/100 slp|[from] ability: Bad Dreams|[of] p1a: Darkrai\n|upkeep\n|turn|16\n|\n|t:|1699721886\n|switch|p1a: Volcarona|Volcarona, M|100\/100\n|cant|p2a: Clefable|slp\n|\n|-heal|p2a: Clefable|94\/100 slp|[from] item: Leftovers\n|upkeep\n|turn|17\n|\n|t:|1699721906\n|switch|p2a: Volcarona|Volcarona, F|100\/100\n|move|p1a: Volcarona|Quiver Dance|p1a: Volcarona\n|-boost|p1a: Volcarona|spa|1\n|-boost|p1a: Volcarona|spd|1\n|-boost|p1a: Volcarona|spe|1\n|\n|upkeep\n|turn|18\n|\n|t:|1699721914\n|move|p1a: Volcarona|Air Slash|p2a: Volcarona\n|-supereffective|p2a: Volcarona\n|-damage|p2a: Volcarona|0 fnt\n|faint|p2a: Volcarona\n|\n|upkeep\n|\n|t:|1699721920\n|switch|p2a: Clefable|Clefable, F|94\/100 slp\n|turn|19\n|\n|t:|1699721922\n|move|p1a: Volcarona|Quiver Dance|p1a: Volcarona\n|-boost|p1a: Volcarona|spa|1\n|-boost|p1a: Volcarona|spd|1\n|-boost|p1a: Volcarona|spe|1\n|cant|p2a: Clefable|slp\n|\n|-heal|p2a: Clefable|99\/100 slp|[from] item: Leftovers\n|upkeep\n|turn|20\n|\n|t:|1699721932\n|move|p1a: Volcarona|Fiery Dance|p2a: Clefable\n|-damage|p2a: Clefable|69\/100 slp\n|-boost|p1a: Volcarona|spa|1\n|-curestatus|p2a: Clefable|slp|[msg]\n|move|p2a: Clefable|Wish|p2a: Clefable\n|\n|-heal|p2a: Clefable|75\/100|[from] item: Leftovers\n|upkeep\n|turn|21\n|\n|t:|1699721944\n|move|p1a: Volcarona|Quiver Dance|p1a: Volcarona\n|-boost|p1a: Volcarona|spa|1\n|-boost|p1a: Volcarona|spd|1\n|-boost|p1a: Volcarona|spe|1\n|move|p2a: Clefable|Ice Beam|p1a: Volcarona\n|-resisted|p1a: Volcarona\n|-damage|p1a: Volcarona|90\/100\n|\n|-heal|p2a: Clefable|100\/100|[from] move: Wish|[wisher] Clefable\n|upkeep\n|turn|22\n|\n|t:|1699721953\n|move|p1a: Volcarona|Air Slash|p2a: Clefable\n|-damage|p2a: Clefable|80\/100\n|move|p2a: Clefable|Ice Beam|p1a: Volcarona\n|-resisted|p1a: Volcarona\n|-damage|p1a: Volcarona|79\/100\n|\n|-heal|p2a: Clefable|86\/100|[from] item: Leftovers\n|upkeep\n|turn|23\n|\n|t:|1699721960\n|move|p1a: Volcarona|Bug Buzz|p2a: Clefable\n|-resisted|p2a: Clefable\n|-damage|p2a: Clefable|69\/100\n|move|p2a: Clefable|Ice Beam|p1a: Volcarona\n|-resisted|p1a: Volcarona\n|-damage|p1a: Volcarona|68\/100\n|\n|-heal|p2a: Clefable|75\/100|[from] item: Leftovers\n|upkeep\n|turn|24\n|\n|t:|1699721971\n|-terastallize|p1a: Volcarona|Bug\n|move|p1a: Volcarona|Bug Buzz|p2a: Clefable\n|-resisted|p2a: Clefable\n|-damage|p2a: Clefable|50\/100\n|move|p2a: Clefable|Ice Beam|p1a: Volcarona\n|-damage|p1a: Volcarona|46\/100\n|\n|-heal|p2a: Clefable|57\/100|[from] item: Leftovers\n|upkeep\n|turn|25\n|\n|t:|1699721982\n|move|p1a: Volcarona|Air Slash|p2a: Clefable\n|-damage|p2a: Clefable|37\/100\n|cant|p2a: Clefable|flinch\n|\n|-heal|p2a: Clefable|43\/100|[from] item: Leftovers\n|upkeep\n|turn|26\n|\n|t:|1699721988\n|move|p1a: Volcarona|Air Slash|p2a: Clefable\n|-damage|p2a: Clefable|23\/100\n|move|p2a: Clefable|Wish|p2a: Clefable\n|\n|-heal|p2a: Clefable|29\/100|[from] item: Leftovers\n|upkeep\n|turn|27\n|\n|t:|1699721993\n|move|p2a: Clefable|Protect|p2a: Clefable\n|-singleturn|p2a: Clefable|Protect\n|move|p1a: Volcarona|Air Slash|p2a: Clefable\n|-activate|p2a: Clefable|move: Protect\n|\n|-heal|p2a: Clefable|79\/100|[from] move: Wish|[wisher] Clefable\n|-heal|p2a: Clefable|85\/100|[from] item: Leftovers\n|upkeep\n|turn|28\n|\n|t:|1699722003\n|move|p1a: Volcarona|Air Slash|p2a: Clefable\n|-damage|p2a: Clefable|66\/100\n|move|p2a: Clefable|Ice Beam|p1a: Volcarona\n|-damage|p1a: Volcarona|25\/100\n|\n|-heal|p2a: Clefable|73\/100|[from] item: Leftovers\n|upkeep\n|turn|29\n|\n|t:|1699722010\n|move|p1a: Volcarona|Air Slash|p2a: Clefable\n|-damage|p2a: Clefable|53\/100\n|move|p2a: Clefable|Ice Beam|p1a: Volcarona\n|-damage|p1a: Volcarona|5\/100\n|\n|-heal|p2a: Clefable|59\/100|[from] item: Leftovers\n|upkeep\n|turn|30\n|\n|t:|1699722016\n|move|p1a: Volcarona|Air Slash|p2a: Clefable\n|-damage|p2a: Clefable|39\/100\n|move|p2a: Clefable|Ice Beam|p1a: Volcarona\n|-damage|p1a: Volcarona|0 fnt\n|faint|p1a: Volcarona\n|\n|-heal|p2a: Clefable|45\/100|[from] item: Leftovers\n|upkeep\n|\n|t:|1699722039\n|switch|p1a: Calyrex|Calyrex-Ice|100\/100\n|-ability|p1a: Calyrex|As One\n|-ability|p1a: Calyrex|Unnerve\n|turn|31\n|\n|t:|1699722049\n|move|p2a: Clefable|Protect|p2a: Clefable\n|-singleturn|p2a: Clefable|Protect\n|move|p1a: Calyrex|Swords Dance|p1a: Calyrex\n|-boost|p1a: Calyrex|atk|2\n|\n|-heal|p2a: Clefable|51\/100|[from] item: Leftovers\n|upkeep\n|turn|32\n|\n|t:|1699722059\n|move|p2a: Clefable|Wish|p2a: Clefable\n|move|p1a: Calyrex|High Horsepower|p2a: Clefable\n|-damage|p2a: Clefable|2\/100\n|\n|-heal|p2a: Clefable|8\/100|[from] item: Leftovers\n|upkeep\n|turn|33\n|\n|t:|1699722066\n|move|p2a: Clefable|Protect|p2a: Clefable\n|-singleturn|p2a: Clefable|Protect\n|move|p1a: Calyrex|High Horsepower|p2a: Clefable\n|-activate|p2a: Clefable|move: Protect\n|\n|-heal|p2a: Clefable|58\/100|[from] move: Wish|[wisher] Clefable\n|-heal|p2a: Clefable|64\/100|[from] item: Leftovers\n|upkeep\n|turn|34\n|\n|t:|1699722075\n|move|p2a: Clefable|Wish|p2a: Clefable\n|move|p1a: Calyrex|High Horsepower|p2a: Clefable\n|-damage|p2a: Clefable|14\/100\n|\n|-heal|p2a: Clefable|20\/100|[from] item: Leftovers\n|upkeep\n|turn|35\n|\n|t:|1699722081\n|move|p2a: Clefable|Protect|p2a: Clefable\n|-singleturn|p2a: Clefable|Protect\n|move|p1a: Calyrex|Swords Dance|p1a: Calyrex\n|-boost|p1a: Calyrex|atk|2\n|\n|-heal|p2a: Clefable|70\/100|[from] move: Wish|[wisher] Clefable\n|-heal|p2a: Clefable|76\/100|[from] item: Leftovers\n|upkeep\n|turn|36\n|\n|t:|1699722089\n|move|p2a: Clefable|Wish|p2a: Clefable\n|move|p1a: Calyrex|High Horsepower|p2a: Clefable\n|-damage|p2a: Clefable|25\/100\n|\n|-heal|p2a: Clefable|31\/100|[from] item: Leftovers\n|upkeep\n|turn|37\n|\n|t:|1699722106\n|move|p2a: Clefable|Protect|p2a: Clefable\n|-singleturn|p2a: Clefable|Protect\n|move|p1a: Calyrex|Swords Dance|p1a: Calyrex\n|-boost|p1a: Calyrex|atk|2\n|\n|-heal|p2a: Clefable|81\/100|[from] move: Wish|[wisher] Clefable\n|-heal|p2a: Clefable|87\/100|[from] item: Leftovers\n|upkeep\n|turn|38\n|\n|t:|1699722118\n|move|p2a: Clefable|Wish|p2a: Clefable\n|move|p1a: Calyrex|Icicle Crash|p2a: Clefable\n|-damage|p2a: Clefable|18\/100\n|\n|-heal|p2a: Clefable|24\/100|[from] item: Leftovers\n|upkeep\n|turn|39\n|\n|t:|1699722126\n|move|p2a: Clefable|Protect|p2a: Clefable\n|-singleturn|p2a: Clefable|Protect\n|move|p1a: Calyrex|Icicle Crash|p2a: Clefable\n|-activate|p2a: Clefable|move: Protect\n|\n|-heal|p2a: Clefable|74\/100|[from] move: Wish|[wisher] Clefable\n|-heal|p2a: Clefable|80\/100|[from] item: Leftovers\n|upkeep\n|turn|40\n|\n|t:|1699722135\n|move|p2a: Clefable|Wish|p2a: Clefable\n|move|p1a: Calyrex|High Horsepower|p2a: Clefable\n|-damage|p2a: Clefable|31\/100\n|\n|-heal|p2a: Clefable|37\/100|[from] item: Leftovers\n|upkeep\n|turn|41\n|\n|t:|1699722141\n|move|p2a: Clefable|Protect|p2a: Clefable\n|-singleturn|p2a: Clefable|Protect\n|move|p1a: Calyrex|Swords Dance|p1a: Calyrex\n|-boost|p1a: Calyrex|atk|0\n|\n|-heal|p2a: Clefable|87\/100|[from] move: Wish|[wisher] Clefable\n|-heal|p2a: Clefable|93\/100|[from] item: Leftovers\n|upkeep\n|turn|42\n|\n|t:|1699722150\n|move|p2a: Clefable|Wish|p2a: Clefable\n|move|p1a: Calyrex|Icicle Crash|p2a: Clefable\n|-damage|p2a: Clefable|25\/100\n|\n|-heal|p2a: Clefable|31\/100|[from] item: Leftovers\n|upkeep\n|turn|43\n|\n|t:|1699722160\n|move|p2a: Clefable|Moonblast|p1a: Calyrex\n|-damage|p1a: Calyrex|81\/100\n|-unboost|p1a: Calyrex|spa|1\n|move|p1a: Calyrex|Draining Kiss|p2a: Clefable\n|-crit|p2a: Clefable\n|-damage|p2a: Clefable|21\/100\n|-heal|p1a: Calyrex|89\/100|[from] drain|[of] p2a: Clefable\n|\n|-heal|p2a: Clefable|71\/100|[from] move: Wish|[wisher] Clefable\n|-heal|p2a: Clefable|77\/100|[from] item: Leftovers\n|upkeep\n|turn|44\n|\n|t:|1699722171\n|move|p2a: Clefable|Protect|p2a: Clefable\n|-singleturn|p2a: Clefable|Protect\n|move|p1a: Calyrex|Icicle Crash|p2a: Clefable\n|-activate|p2a: Clefable|move: Protect\n|\n|-heal|p2a: Clefable|83\/100|[from] item: Leftovers\n|upkeep\n|turn|45\n|\n|t:|1699722183\n|move|p2a: Clefable|Wish|p2a: Clefable\n|move|p1a: Calyrex|High Horsepower|p2a: Clefable\n|-damage|p2a: Clefable|36\/100\n|\n|-heal|p2a: Clefable|42\/100|[from] item: Leftovers\n|upkeep\n|turn|46\n|\n|t:|1699722192\n|move|p2a: Clefable|Protect|p2a: Clefable\n|-singleturn|p2a: Clefable|Protect\n|move|p1a: Calyrex|Draining Kiss|p2a: Clefable\n|-activate|p2a: Clefable|move: Protect\n|\n|-heal|p2a: Clefable|92\/100|[from] move: Wish|[wisher] Clefable\n|-heal|p2a: Clefable|98\/100|[from] item: Leftovers\n|upkeep\n|turn|47\n|\n|t:|1699722199\n|move|p2a: Clefable|Wish|p2a: Clefable\n|move|p1a: Calyrex|Icicle Crash|p2a: Clefable\n|-damage|p2a: Clefable|33\/100\n|\n|-heal|p2a: Clefable|39\/100|[from] item: Leftovers\n|upkeep\n|turn|48\n|\n|t:|1699722206\n|move|p2a: Clefable|Moonblast|p1a: Calyrex\n|-damage|p1a: Calyrex|66\/100\n|-unboost|p1a: Calyrex|spa|1\n|move|p1a: Calyrex|Icicle Crash|p2a: Clefable\n|-damage|p2a: Clefable|0 fnt\n|faint|p2a: Clefable\n|\n|upkeep\n|\n|t:|1699722217\n|switch|p2a: Garchomp|Garchomp, M|88\/100\n|turn|49\n|\n|t:|1699722223\n|move|p2a: Garchomp|Earthquake|p1a: Calyrex\n|-damage|p1a: Calyrex|34\/100\n|move|p1a: Calyrex|Icicle Crash|p2a: Garchomp\n|-supereffective|p2a: Garchomp\n|-damage|p2a: Garchomp|0 fnt\n|faint|p2a: Garchomp\n|\n|upkeep\n|\n|t:|1699722228\n|switch|p2a: Corviknight|Corviknight, M|65\/100\n|turn|50\n|\n|t:|1699722235\n|move|p2a: Corviknight|Brave Bird|p1a: Calyrex\n|-damage|p1a: Calyrex|13\/100\n|-damage|p2a: Corviknight|58\/100|[from] Recoil\n|move|p1a: Calyrex|Draining Kiss|p2a: Corviknight\n|-resisted|p2a: Corviknight\n|-damage|p2a: Corviknight|56\/100\n|-heal|p1a: Calyrex|15\/100|[from] drain|[of] p2a: Corviknight\n|\n|-heal|p2a: Corviknight|62\/100|[from] item: Leftovers\n|upkeep\n|turn|51\n|\n|t:|1699722244\n|move|p2a: Corviknight|Brave Bird|p1a: Calyrex\n|-crit|p1a: Calyrex\n|-damage|p1a: Calyrex|0 fnt\n|faint|p1a: Calyrex\n|-damage|p2a: Corviknight|57\/100|[from] Recoil\n|\n|-heal|p2a: Corviknight|63\/100|[from] item: Leftovers\n|upkeep\n|\n|t:|1699722257\n|switch|p1a: Darkrai|Darkrai, shiny|100\/100\n|turn|52\n|\n|t:|1699722264\n|move|p1a: Darkrai|Hypnosis|p2a: Corviknight\n|-status|p2a: Corviknight|slp|[from] move: Hypnosis\n|cant|p2a: Corviknight|slp\n|\n|-heal|p2a: Corviknight|70\/100 slp|[from] item: Leftovers\n|-damage|p2a: Corviknight|57\/100 slp|[from] ability: Bad Dreams|[of] p1a: Darkrai\n|upkeep\n|turn|53\n|\n|t:|1699722270\n|move|p1a: Darkrai|Shadow Ball|p2a: Corviknight\n|-damage|p2a: Corviknight|28\/100 slp\n|-curestatus|p2a: Corviknight|slp|[msg]\n|move|p2a: Corviknight|Roost|p2a: Corviknight\n|-heal|p2a: Corviknight|78\/100\n|-singleturn|p2a: Corviknight|move: Roost\n|\n|-heal|p2a: Corviknight|84\/100|[from] item: Leftovers\n|upkeep\n|turn|54\n|\n|t:|1699722279\n|move|p1a: Darkrai|Hypnosis|p2a: Corviknight|[miss]\n|-miss|p1a: Darkrai|p2a: Corviknight\n|move|p2a: Corviknight|U-turn|p1a: Darkrai\n|-supereffective|p1a: Darkrai\n|-damage|p1a: Darkrai|61\/100\n|\n|t:|1699722282\n|switch|p2a: Thundurus|Thundurus-Therian, M|100\/100|[from] U-turn\n|\n|upkeep\n|turn|55\n|\n|t:|1699722290\n|move|p1a: Darkrai|Hypnosis|p2a: Thundurus\n|-status|p2a: Thundurus|slp|[from] move: Hypnosis\n|cant|p2a: Thundurus|slp\n|\n|-damage|p2a: Thundurus|88\/100 slp|[from] ability: Bad Dreams|[of] p1a: Darkrai\n|upkeep\n|turn|56\n|\n|t:|1699722297\n|move|p1a: Darkrai|Shadow Ball|p2a: Thundurus\n|-damage|p2a: Thundurus|51\/100 slp\n|-unboost|p2a: Thundurus|spd|1\n|cant|p2a: Thundurus|slp\n|\n|-damage|p2a: Thundurus|39\/100 slp|[from] ability: Bad Dreams|[of] p1a: Darkrai\n|upkeep\n|turn|57\n|\n|t:|1699722304\n|switch|p2a: Corviknight|Corviknight, M|84\/100\n|move|p1a: Darkrai|Shadow Ball|p2a: Corviknight\n|-damage|p2a: Corviknight|55\/100\n|-ability|p2a: Corviknight|Mirror Armor\n|-unboost|p1a: Darkrai|spd|1\n|\n|-heal|p2a: Corviknight|61\/100|[from] item: Leftovers\n|upkeep\n|turn|58\n|\n|t:|1699722313\n|move|p1a: Darkrai|Hypnosis|p2a: Corviknight\n|-message|Sleep Clause Mod activated.\n|-hint|Sleep Clause Mod prevents players from putting more than one of their opponent's Pok\u00e9mon to sleep at a time\n|move|p2a: Corviknight|Roost|p2a: Corviknight\n|-heal|p2a: Corviknight|100\/100\n|-singleturn|p2a: Corviknight|move: Roost\n|\n|upkeep\n|turn|59\n|\n|t:|1699722322\n|switch|p1a: Baxcalibur|Baxcalibur, M|97\/100\n|move|p2a: Corviknight|Brave Bird|p1a: Baxcalibur\n|-damage|p1a: Baxcalibur|57\/100\n|-damage|p2a: Corviknight|88\/100|[from] Recoil\n|\n|-heal|p1a: Baxcalibur|63\/100|[from] item: Leftovers\n|-heal|p2a: Corviknight|94\/100|[from] item: Leftovers\n|upkeep\n|turn|60\n|\n|t:|1699722334\n|move|p1a: Baxcalibur|Dragon Dance|p1a: Baxcalibur\n|-boost|p1a: Baxcalibur|atk|1\n|-boost|p1a: Baxcalibur|spe|1\n|move|p2a: Corviknight|Brave Bird|p1a: Baxcalibur\n|-damage|p1a: Baxcalibur|29\/100\n|-damage|p2a: Corviknight|84\/100|[from] Recoil\n|\n|-heal|p1a: Baxcalibur|36\/100|[from] item: Leftovers\n|-heal|p2a: Corviknight|90\/100|[from] item: Leftovers\n|upkeep\n|turn|61\n|\n|t:|1699722345\n|move|p1a: Baxcalibur|Glaive Rush|p2a: Corviknight\n|-resisted|p2a: Corviknight\n|-damage|p2a: Corviknight|57\/100\n|-singlemove|p1a: Baxcalibur|Glaive Rush|[silent]\n|move|p2a: Corviknight|Brave Bird|p1a: Baxcalibur\n|-damage|p1a: Baxcalibur|0 fnt\n|faint|p1a: Baxcalibur\n|-damage|p2a: Corviknight|46\/100|[from] Recoil\n|\n|-heal|p2a: Corviknight|53\/100|[from] item: Leftovers\n|upkeep\n|\n|t:|1699722354\n|switch|p1a: Darkrai|Darkrai, shiny|61\/100\n|turn|62\n|\n|t:|1699722361\n|move|p1a: Darkrai|Focus Blast|p2a: Corviknight\n|-damage|p2a: Corviknight|8\/100\n|-ability|p2a: Corviknight|Mirror Armor\n|-unboost|p1a: Darkrai|spd|1\n|move|p2a: Corviknight|Roost|p2a: Corviknight\n|-heal|p2a: Corviknight|57\/100\n|-singleturn|p2a: Corviknight|move: Roost\n|\n|-heal|p2a: Corviknight|64\/100|[from] item: Leftovers\n|upkeep\n|turn|63\n|\n|t:|1699722371\n|move|p1a: Darkrai|Hypnosis|p2a: Corviknight|[miss]\n|-miss|p1a: Darkrai|p2a: Corviknight\n|move|p2a: Corviknight|Roost|p2a: Corviknight\n|-heal|p2a: Corviknight|100\/100\n|-singleturn|p2a: Corviknight|move: Roost\n|\n|upkeep\n|turn|64\n|\n|t:|1699722378\n|move|p1a: Darkrai|Hypnosis|p2a: Corviknight\n|-message|Sleep Clause Mod activated.\n|-hint|Sleep Clause Mod prevents players from putting more than one of their opponent's Pok\u00e9mon to sleep at a time\n|move|p2a: Corviknight|U-turn|p1a: Darkrai\n|-supereffective|p1a: Darkrai\n|-damage|p1a: Darkrai|21\/100\n|\n|t:|1699722383\n|switch|p2a: Thundurus|Thundurus-Therian, M|39\/100 slp|[from] U-turn\n|\n|-damage|p2a: Thundurus|26\/100 slp|[from] ability: Bad Dreams|[of] p1a: Darkrai\n|upkeep\n|turn|65\n|\n|t:|1699722387\n|move|p1a: Darkrai|Shadow Ball|p2a: Thundurus\n|-damage|p2a: Thundurus|0 fnt\n|faint|p2a: Thundurus\n|\n|upkeep\n|\n|t:|1699722389\n|switch|p2a: Corviknight|Corviknight, M|100\/100\n|turn|66\n|\n|t:|1699722408\n|move|p1a: Darkrai|Focus Blast|p2a: Corviknight\n|-damage|p2a: Corviknight|61\/100\n|-ability|p2a: Corviknight|Mirror Armor\n|-unboost|p1a: Darkrai|spd|1\n|move|p2a: Corviknight|U-turn|p1a: Darkrai\n|-supereffective|p1a: Darkrai\n|-damage|p1a: Darkrai|0 fnt\n|faint|p1a: Darkrai\n|\n|win|LITLE0\n|raw|Trxversal's rating: 1115 &rarr; <strong>1090<\/strong><br \/>(-25 for losing)\n|raw|LITLE0's rating: 1117 &rarr; <strong>1142<\/strong><br \/>(+25 for winning)\n","uploadtime":1699722502,"views":5,"p1id":"trxversal","p2id":"litle0","formatid":"gen9ubers","rating":1090,"private":0,"password":""}