{"id":"gen9ubers-1967958260","p1":"UnderFan10","p2":"coolguyslim21","format":"[Gen 9] Ubers","log":"|j|\u2606UnderFan10\n|j|\u2606coolguyslim21\n|t:|1697365359\n|gametype|singles\n|player|p1|UnderFan10|ingo|1158\n|player|p2|coolguyslim21|jasmine-masters2|1136\n|teamsize|p1|6\n|teamsize|p2|6\n|gen|9\n|tier|[Gen 9] Ubers\n|rated|\n|rule|Sleep Clause Mod: Limit one foe put to sleep\n|rule|Species Clause: Limit one of each Pok\u00e9mon\n|rule|OHKO Clause: OHKO moves are banned\n|rule|Evasion Items Clause: Evasion items are banned\n|rule|Evasion Moves Clause: Evasion moves are banned\n|rule|Endless Battle Clause: Forcing endless battles is banned\n|rule|HP Percentage Mod: HP is shown in percentages\n|clearpoke\n|poke|p1|Arceus|\n|poke|p1|Flutter Mane|\n|poke|p1|Koraidon|\n|poke|p1|Miraidon|\n|poke|p1|Iron Bundle|\n|poke|p1|Zacian-*|\n|poke|p2|Kyogre|\n|poke|p2|Miraidon|\n|poke|p2|Arceus-Fairy|\n|poke|p2|Giratina-Origin|\n|poke|p2|Zacian-*|\n|poke|p2|Clodsire, F|\n|teampreview\n|inactive|Battle timer is ON: inactive players will automatically lose when time's up. (requested by coolguyslim21)\n|\n|t:|1697365370\n|start\n|switch|p1a: Miraidon|Miraidon|100\/100\n|switch|p2a: Pronounced Kyo-grr|Kyogre|100\/100\n|-weather|RainDance|[from] ability: Drizzle|[of] p2a: Pronounced Kyo-grr\n|-fieldstart|move: Electric Terrain|[from] ability: Hadron Engine|[of] p1a: Miraidon\n|turn|1\n|\n|t:|1697365378\n|move|p2a: Pronounced Kyo-grr|Ice Beam|p1a: Miraidon\n|-supereffective|p1a: Miraidon\n|-damage|p1a: Miraidon|34\/100\n|move|p1a: Miraidon|Electro Drift|p2a: Pronounced Kyo-grr\n|-supereffective|p2a: Pronounced Kyo-grr\n|-damage|p2a: Pronounced Kyo-grr|0 fnt\n|faint|p2a: Pronounced Kyo-grr\n|\n|-weather|RainDance|[upkeep]\n|upkeep\n|\n|t:|1697365392\n|switch|p2a: what da dog doin|Zacian-Crowned, shiny|100\/100\n|-ability|p2a: what da dog doin|Intrepid Sword|boost\n|-boost|p2a: what da dog doin|atk|1\n|turn|2\n|\n|t:|1697365400\n|move|p2a: what da dog doin|Play Rough|p1a: Miraidon\n|-supereffective|p1a: Miraidon\n|-damage|p1a: Miraidon|0 fnt\n|faint|p1a: Miraidon\n|\n|-weather|RainDance|[upkeep]\n|upkeep\n|\n|t:|1697365408\n|switch|p1a: Koraidon|Koraidon|100\/100\n|-weather|SunnyDay|[from] ability: Orichalcum Pulse|[of] p1a: Koraidon\n|-activate|p1a: Koraidon|Orichalcum Pulse|[source]\n|turn|3\n|\n|t:|1697365417\n|-terastallize|p1a: Koraidon|Fairy\n|move|p2a: what da dog doin|Play Rough|p1a: Koraidon|[miss]\n|-miss|p2a: what da dog doin|p1a: Koraidon\n|move|p1a: Koraidon|Collision Course|p2a: what da dog doin\n|-damage|p2a: what da dog doin|29\/100\n|\n|-weather|SunnyDay|[upkeep]\n|upkeep\n|turn|4\n|\n|t:|1697365427\n|move|p2a: what da dog doin|Behemoth Blade|p1a: Koraidon\n|-supereffective|p1a: Koraidon\n|-damage|p1a: Koraidon|0 fnt\n|faint|p1a: Koraidon\n|\n|-weather|SunnyDay|[upkeep]\n|upkeep\n|\n|t:|1697365433\n|switch|p1a: Flutter Mane|Flutter Mane|100\/100\n|-activate|p1a: Flutter Mane|ability: Protosynthesis\n|-start|p1a: Flutter Mane|protosynthesisspe\n|turn|5\n|\n|t:|1697365437\n|move|p1a: Flutter Mane|Shadow Ball|p2a: what da dog doin\n|-damage|p2a: what da dog doin|0 fnt\n|faint|p2a: what da dog doin\n|-damage|p1a: Flutter Mane|91\/100|[from] item: Life Orb\n|\n|-weather|SunnyDay|[upkeep]\n|-fieldend|move: Electric Terrain\n|upkeep\n|\n|t:|1697365449\n|switch|p2a: Clod|Clodsire, F|100\/100\n|turn|6\n|\n|t:|1697365455\n|move|p1a: Flutter Mane|Psyshock|p2a: Clod\n|-supereffective|p2a: Clod\n|-damage|p2a: Clod|13\/100\n|-damage|p1a: Flutter Mane|81\/100|[from] item: Life Orb\n|move|p2a: Clod|Toxic|p1a: Flutter Mane\n|-status|p1a: Flutter Mane|tox\n|\n|-weather|SunnyDay|[upkeep]\n|-heal|p2a: Clod|19\/100|[from] item: Leftovers\n|-damage|p1a: Flutter Mane|75\/100 tox|[from] psn\n|upkeep\n|turn|7\n|\n|t:|1697365474\n|switch|p2a: What dad calls me|Arceus-Fairy|100\/100\n|move|p1a: Flutter Mane|Psyshock|p2a: What dad calls me\n|-damage|p2a: What dad calls me|79\/100\n|-damage|p1a: Flutter Mane|65\/100 tox|[from] item: Life Orb\n|\n|-weather|none\n|-end|p1a: Flutter Mane|Protosynthesis\n|-damage|p1a: Flutter Mane|53\/100 tox|[from] psn\n|upkeep\n|turn|8\n|\n|t:|1697365490\n|-end|p1a: Flutter Mane|Protosynthesis|[silent]\n|switch|p1a: Zacian|Zacian-Crowned|100\/100\n|-ability|p1a: Zacian|Intrepid Sword|boost\n|-boost|p1a: Zacian|atk|1\n|move|p2a: What dad calls me|Calm Mind|p2a: What dad calls me\n|-boost|p2a: What dad calls me|spa|1\n|-boost|p2a: What dad calls me|spd|1\n|\n|upkeep\n|turn|9\n|\n|t:|1697365508\n|switch|p2a: Clod|Clodsire, F|19\/100\n|move|p1a: Zacian|Behemoth Blade|p2a: Clod\n|-crit|p2a: Clod\n|-damage|p2a: Clod|0 fnt\n|faint|p2a: Clod\n|\n|upkeep\n|inactive|coolguyslim21 has 120 seconds left.\n|\n|t:|1697365520\n|switch|p2a: Sandwich Andy|Miraidon|100\/100\n|-fieldstart|move: Electric Terrain|[from] ability: Hadron Engine|[of] p2a: Sandwich Andy\n|turn|10\n|\n|t:|1697365527\n|move|p2a: Sandwich Andy|Overheat|p1a: Zacian\n|-supereffective|p1a: Zacian\n|-damage|p1a: Zacian|0 fnt\n|-unboost|p2a: Sandwich Andy|spa|2\n|faint|p1a: Zacian\n|\n|upkeep\n|\n|t:|1697365533\n|switch|p1a: Iron Bundle|Iron Bundle|100\/100\n|-activate|p1a: Iron Bundle|ability: Quark Drive\n|-start|p1a: Iron Bundle|quarkdrivespe\n|turn|11\n|\n|t:|1697365544\n|switch|p2a: What dad calls me|Arceus-Fairy|79\/100\n|move|p1a: Iron Bundle|Ice Beam|p2a: What dad calls me\n|-damage|p2a: What dad calls me|35\/100\n|\n|upkeep\n|turn|12\n|\n|t:|1697365553\n|move|p1a: Iron Bundle|Ice Beam|p2a: What dad calls me\n|-damage|p2a: What dad calls me|0 fnt\n|faint|p2a: What dad calls me\n|\n|upkeep\n|\n|t:|1697365561\n|switch|p2a: Michael Giratina|Giratina-Origin|100\/100\n|turn|13\n|\n|t:|1697365564\n|move|p1a: Iron Bundle|Ice Beam|p2a: Michael Giratina\n|-supereffective|p2a: Michael Giratina\n|-damage|p2a: Michael Giratina|7\/100\n|move|p2a: Michael Giratina|Will-O-Wisp|p1a: Iron Bundle\n|-status|p1a: Iron Bundle|brn\n|\n|-damage|p1a: Iron Bundle|95\/100 brn|[from] brn\n|upkeep\n|turn|14\n|\n|t:|1697365578\n|move|p1a: Iron Bundle|Ice Beam|p2a: Michael Giratina\n|-supereffective|p2a: Michael Giratina\n|-damage|p2a: Michael Giratina|0 fnt\n|faint|p2a: Michael Giratina\n|\n|-damage|p1a: Iron Bundle|89\/100 brn|[from] brn\n|-fieldend|move: Electric Terrain\n|-end|p1a: Iron Bundle|Quark Drive\n|upkeep\n|\n|t:|1697365587\n|switch|p2a: Sandwich Andy|Miraidon|100\/100\n|-fieldstart|move: Electric Terrain|[from] ability: Hadron Engine|[of] p2a: Sandwich Andy\n|-activate|p1a: Iron Bundle|ability: Quark Drive\n|-start|p1a: Iron Bundle|quarkdrivespe\n|turn|15\n|\n|t:|1697365596\n|move|p1a: Iron Bundle|Ice Beam|p2a: Sandwich Andy\n|-supereffective|p2a: Sandwich Andy\n|-damage|p2a: Sandwich Andy|0 fnt\n|faint|p2a: Sandwich Andy\n|\n|win|UnderFan10\n|raw|UnderFan10's rating: 1158 &rarr; <strong>1181<\/strong><br \/>(+23 for winning)\n|raw|coolguyslim21's rating: 1136 &rarr; <strong>1113<\/strong><br \/>(-23 for losing)\n","uploadtime":1697365603,"views":20,"p1id":"underfan10","p2id":"coolguyslim21","formatid":"gen9ubers","rating":1113,"private":0,"password":""}