{"id":"gen9ubers-1982646373","p1":"AlicieLizzie","p2":"TheSilvySilv","format":"[Gen 9] Ubers","log":"|j|\u2606AlicieLizzie\n|j|\u2606TheSilvySilv\n|t:|1699032486\n|gametype|singles\n|player|p1|AlicieLizzie|marnie-masters3|\n|player|p2|TheSilvySilv|ghetsis|\n|teamsize|p1|6\n|teamsize|p2|6\n|gen|9\n|tier|[Gen 9] Ubers\n|rule|Sleep Clause Mod: Limit one foe put to sleep\n|rule|Species Clause: Limit one of each Pok\u00e9mon\n|rule|OHKO Clause: OHKO moves are banned\n|rule|Evasion Items Clause: Evasion items are banned\n|rule|Evasion Moves Clause: Evasion moves are banned\n|rule|Endless Battle Clause: Forcing endless battles is banned\n|rule|HP Percentage Mod: HP is shown in percentages\n|clearpoke\n|poke|p1|Cyclizar, F|\n|poke|p1|Kommo-o, M|\n|poke|p1|Shaymin-Sky|\n|poke|p1|Gholdengo|\n|poke|p1|Zacian-*|\n|poke|p1|Espathra, M|\n|poke|p2|Rillaboom, F|\n|poke|p2|Sneasler, F|\n|poke|p2|Arceus-Fire|\n|poke|p2|Ursaluna-Bloodmoon, M|\n|poke|p2|Clefable, F|\n|poke|p2|Palafin, F|\n|teampreview\n|inactive|Battle timer is ON: inactive players will automatically lose when time's up. (requested by AlicieLizzie)\n|\n|t:|1699032506\n|start\n|switch|p1a: Cycle Dryer|Cyclizar, F|100\/100\n|switch|p2a: Palafin|Palafin, F|100\/100\n|turn|1\n|\n|t:|1699032511\n|detailschange|p2a: Palafin|Palafin-Hero, F\n|switch|p2a: Rillaboom|Rillaboom, F|100\/100\n|-fieldstart|move: Grassy Terrain|[from] ability: Grassy Surge|[of] p2a: Rillaboom\n|move|p1a: Cycle Dryer|Shed Tail|p1a: Cycle Dryer\n|-start|p1a: Cycle Dryer|Substitute|[from] move: Shed Tail\n|-damage|p1a: Cycle Dryer|50\/100\n|\n|t:|1699032521\n|switch|p1a: path to womanhood|Espathra, M|100\/100|[from] Shed Tail\n|\n|upkeep\n|turn|2\n|\n|t:|1699032527\n|move|p1a: path to womanhood|Calm Mind|p1a: path to womanhood\n|-boost|p1a: path to womanhood|spa|1\n|-boost|p1a: path to womanhood|spd|1\n|move|p2a: Rillaboom|U-turn|p1a: path to womanhood\n|-supereffective|p1a: path to womanhood\n|-end|p1a: path to womanhood|Substitute\n|\n|t:|1699032534\n|switch|p2a: Palafin|Palafin-Hero, F|100\/100|[from] U-turn\n|-activate|p2a: Palafin|ability: Zero to Hero\n|\n|-ability|p1a: path to womanhood|Speed Boost|boost\n|-boost|p1a: path to womanhood|spe|1\n|upkeep\n|turn|3\n|\n|t:|1699032539\n|move|p1a: path to womanhood|Protect|p1a: path to womanhood\n|-singleturn|p1a: path to womanhood|Protect\n|move|p2a: Palafin|Jet Punch|p1a: path to womanhood\n|-activate|p1a: path to womanhood|move: Protect\n|\n|-ability|p1a: path to womanhood|Speed Boost|boost\n|-boost|p1a: path to womanhood|spe|1\n|upkeep\n|turn|4\n|\n|t:|1699032546\n|move|p1a: path to womanhood|Stored Power|p2a: Palafin\n|-damage|p2a: Palafin|24\/100\n|move|p2a: Palafin|Encore|p1a: path to womanhood\n|-start|p1a: path to womanhood|Encore\n|\n|-heal|p2a: Palafin|30\/100|[from] Grassy Terrain\n|-heal|p2a: Palafin|36\/100|[from] item: Leftovers\n|-ability|p1a: path to womanhood|Speed Boost|boost\n|-boost|p1a: path to womanhood|spe|1\n|upkeep\n|turn|5\n|\n|t:|1699032552\n|move|p2a: Palafin|Jet Punch|p1a: path to womanhood\n|-damage|p1a: path to womanhood|52\/100\n|move|p1a: path to womanhood|Stored Power|p2a: Palafin\n|-damage|p2a: Palafin|0 fnt\n|faint|p2a: Palafin\n|\n|-heal|p1a: path to womanhood|58\/100|[from] Grassy Terrain\n|-heal|p1a: path to womanhood|64\/100|[from] item: Leftovers\n|-fieldend|move: Grassy Terrain\n|-ability|p1a: path to womanhood|Speed Boost|boost\n|-boost|p1a: path to womanhood|spe|1\n|upkeep\n|\n|t:|1699032554\n|switch|p2a: Rillaboom|Rillaboom, F|100\/100\n|-fieldstart|move: Grassy Terrain|[from] ability: Grassy Surge|[of] p2a: Rillaboom\n|turn|6\n|\n|t:|1699032557\n|move|p2a: Rillaboom|Grassy Glide|p1a: path to womanhood\n|-damage|p1a: path to womanhood|0 fnt\n|faint|p1a: path to womanhood\n|\n|upkeep\n|\n|t:|1699032561\n|switch|p1a: It's a Shayme|Shaymin-Sky|100\/100\n|turn|7\n|\n|t:|1699032566\n|switch|p2a: Clefable|Clefable, F|100\/100\n|move|p1a: It's a Shayme|Air Slash|p2a: Clefable\n|-damage|p2a: Clefable|80\/100\n|\n|-heal|p2a: Clefable|87\/100|[from] Grassy Terrain\n|-heal|p2a: Clefable|93\/100|[from] item: Leftovers\n|upkeep\n|turn|8\n|\n|t:|1699032571\n|move|p1a: It's a Shayme|Leech Seed|p2a: Clefable\n|-start|p2a: Clefable|move: Leech Seed\n|move|p2a: Clefable|Stealth Rock|p1a: It's a Shayme\n|-sidestart|p1: AlicieLizzie|move: Stealth Rock\n|\n|-heal|p2a: Clefable|99\/100|[from] Grassy Terrain\n|-heal|p2a: Clefable|100\/100|[from] item: Leftovers\n|upkeep\n|turn|9\n|\n|t:|1699032575\n|move|p1a: It's a Shayme|Substitute|p1a: It's a Shayme\n|-start|p1a: It's a Shayme|Substitute\n|-damage|p1a: It's a Shayme|76\/100\n|move|p2a: Clefable|Moonblast|p1a: It's a Shayme\n|-end|p1a: It's a Shayme|Substitute\n|\n|upkeep\n|turn|10\n|\n|t:|1699032580\n|move|p1a: It's a Shayme|Seed Flare|p2a: Clefable\n|-damage|p2a: Clefable|67\/100\n|-unboost|p2a: Clefable|spd|2\n|move|p2a: Clefable|Knock Off|p1a: It's a Shayme\n|-damage|p1a: It's a Shayme|59\/100\n|-enditem|p1a: It's a Shayme|Heavy-Duty Boots|[from] move: Knock Off|[of] p2a: Clefable\n|\n|-heal|p2a: Clefable|73\/100|[from] Grassy Terrain\n|-heal|p2a: Clefable|79\/100|[from] item: Leftovers\n|-fieldend|move: Grassy Terrain\n|upkeep\n|turn|11\n|\n|t:|1699032589\n|move|p1a: It's a Shayme|Air Slash|p2a: Clefable\n|-damage|p2a: Clefable|38\/100\n|cant|p2a: Clefable|flinch\n|\n|-heal|p2a: Clefable|45\/100|[from] item: Leftovers\n|upkeep\n|turn|12\n|\n|t:|1699032596\n|switch|p2a: Arceus|Arceus-Fire|100\/100\n|move|p1a: It's a Shayme|Air Slash|p2a: Arceus\n|-damage|p2a: Arceus|77\/100\n|\n|upkeep\n|turn|13\n|\n|t:|1699032601\n|move|p1a: It's a Shayme|Air Slash|p2a: Arceus\n|-damage|p2a: Arceus|55\/100\n|move|p2a: Arceus|Judgment|p1a: It's a Shayme\n|-supereffective|p1a: It's a Shayme\n|-damage|p1a: It's a Shayme|0 fnt\n|faint|p1a: It's a Shayme\n|\n|upkeep\n|\n|t:|1699032610\n|switch|p1a: Cycle Dryer|Cyclizar, F|84\/100\n|turn|14\n|\n|t:|1699032631\n|move|p1a: Cycle Dryer|Taunt|p2a: Arceus\n|-start|p2a: Arceus|move: Taunt\n|move|p2a: Arceus|Judgment|p1a: Cycle Dryer\n|-resisted|p1a: Cycle Dryer\n|-damage|p1a: Cycle Dryer|42\/100\n|\n|upkeep\n|turn|15\n|\n|t:|1699032644\n|switch|p2a: Clefable|Clefable, F|45\/100\n|move|p1a: Cycle Dryer|Rapid Spin|p2a: Clefable\n|-damage|p2a: Clefable|27\/100\n|-boost|p1a: Cycle Dryer|spe|1\n|-sideend|p1: AlicieLizzie|Stealth Rock|[from] move: Rapid Spin|[of] p1a: Cycle Dryer\n|\n|-heal|p2a: Clefable|34\/100|[from] item: Leftovers\n|upkeep\n|turn|16\n|\n|t:|1699032653\n|move|p1a: Cycle Dryer|Taunt|p2a: Clefable\n|-start|p2a: Clefable|move: Taunt\n|cant|p2a: Clefable|move: Taunt|Stealth Rock\n|\n|-heal|p2a: Clefable|40\/100|[from] item: Leftovers\n|upkeep\n|turn|17\n|\n|t:|1699032659\n|switch|p1a: Spiffy as Silver|Gholdengo|100\/100\n|move|p2a: Clefable|Knock Off|p1a: Spiffy as Silver\n|-supereffective|p1a: Spiffy as Silver\n|-damage|p1a: Spiffy as Silver|67\/100\n|-enditem|p1a: Spiffy as Silver|Choice Scarf|[from] move: Knock Off|[of] p2a: Clefable\n|\n|-heal|p2a: Clefable|46\/100|[from] item: Leftovers\n|upkeep\n|turn|18\n|\n|t:|1699032664\n|switch|p2a: Arceus|Arceus-Fire|55\/100\n|move|p1a: Spiffy as Silver|Make It Rain|p2a: Arceus\n|-resisted|p2a: Arceus\n|-damage|p2a: Arceus|30\/100\n|-unboost|p1a: Spiffy as Silver|spa|1\n|\n|upkeep\n|turn|19\n|\n|t:|1699032670\n|switch|p1a: Kommo-OH NO|Kommo-o, M|100\/100\n|move|p2a: Arceus|Recover|p2a: Arceus\n|-heal|p2a: Arceus|80\/100\n|\n|upkeep\n|turn|20\n|\n|t:|1699032676\n|switch|p2a: Rillaboom|Rillaboom, F|100\/100\n|-fieldstart|move: Grassy Terrain|[from] ability: Grassy Surge|[of] p2a: Rillaboom\n|move|p1a: Kommo-OH NO|Clangorous Soul|p1a: Kommo-OH NO\n|-boost|p1a: Kommo-OH NO|atk|1\n|-boost|p1a: Kommo-OH NO|def|1\n|-boost|p1a: Kommo-OH NO|spa|1\n|-boost|p1a: Kommo-OH NO|spd|1\n|-boost|p1a: Kommo-OH NO|spe|1\n|-damage|p1a: Kommo-OH NO|68\/100\n|-enditem|p1a: Kommo-OH NO|Throat Spray\n|-boost|p1a: Kommo-OH NO|spa|1|[from] item: Throat Spray\n|\n|-heal|p1a: Kommo-OH NO|74\/100|[from] Grassy Terrain\n|upkeep\n|turn|21\n|\n|t:|1699032681\n|switch|p2a: Clefable|Clefable, F|46\/100\n|-terastallize|p1a: Kommo-OH NO|Normal\n|move|p1a: Kommo-OH NO|Boomburst|p2a: Clefable\n|-damage|p2a: Clefable|0 fnt\n|faint|p2a: Clefable\n|\n|-heal|p1a: Kommo-OH NO|80\/100|[from] Grassy Terrain\n|upkeep\n|\n|t:|1699032686\n|switch|p2a: Sneasler|Sneasler, F|100\/100\n|-enditem|p2a: Sneasler|Grassy Seed\n|-boost|p2a: Sneasler|def|1|[from] item: Grassy Seed\n|turn|22\n|\n|t:|1699032690\n|move|p2a: Sneasler|Close Combat|p1a: Kommo-OH NO\n|-supereffective|p1a: Kommo-OH NO\n|-crit|p1a: Kommo-OH NO\n|-damage|p1a: Kommo-OH NO|0 fnt\n|-unboost|p2a: Sneasler|def|1\n|-unboost|p2a: Sneasler|spd|1\n|faint|p1a: Kommo-OH NO\n|\n|upkeep\n|c|\u2606AlicieLizzie|that crit 100% mattered\n|\n|t:|1699032705\n|switch|p1a: Zac King|Zacian|100\/100\n|-ability|p1a: Zac King|Intrepid Sword|boost\n|-boost|p1a: Zac King|atk|1\n|turn|23\n|c|\u2606TheSilvySilv|fr? what's your EV spread\n|\n|t:|1699032713\n|move|p2a: Sneasler|Dire Claw|p1a: Zac King\n|-supereffective|p1a: Zac King\n|-damage|p1a: Zac King|15\/100\n|move|p1a: Zac King|Play Rough|p2a: Sneasler\n|-damage|p2a: Sneasler|0 fnt\n|faint|p2a: Sneasler\n|\n|-heal|p1a: Zac King|21\/100|[from] Grassy Terrain\n|upkeep\n|\n|t:|1699032720\n|switch|p2a: Ursaluna|Ursaluna-Bloodmoon, M|100\/100\n|-enditem|p2a: Ursaluna|Grassy Seed\n|-boost|p2a: Ursaluna|def|1|[from] item: Grassy Seed\n|turn|24\n|\n|t:|1699032726\n|switch|p1a: Spiffy as Silver|Gholdengo|67\/100\n|-terastallize|p2a: Ursaluna|Poison\n|move|p2a: Ursaluna|Calm Mind|p2a: Ursaluna\n|-boost|p2a: Ursaluna|spa|1\n|-boost|p2a: Ursaluna|spd|1\n|\n|-heal|p1a: Spiffy as Silver|73\/100|[from] Grassy Terrain\n|-fieldend|move: Grassy Terrain\n|upkeep\n|turn|25\n|\n|t:|1699032732\n|move|p1a: Spiffy as Silver|Make It Rain|p2a: Ursaluna\n|-damage|p2a: Ursaluna|68\/100\n|-unboost|p1a: Spiffy as Silver|spa|1\n|move|p2a: Ursaluna|Earth Power|p1a: Spiffy as Silver\n|-supereffective|p1a: Spiffy as Silver\n|-damage|p1a: Spiffy as Silver|0 fnt\n|faint|p1a: Spiffy as Silver\n|\n|upkeep\n|\n|t:|1699032742\n|switch|p1a: Cycle Dryer|Cyclizar, F|75\/100\n|turn|26\n|\n|t:|1699032758\n|move|p1a: Cycle Dryer|Taunt|p2a: Ursaluna\n|-start|p2a: Ursaluna|move: Taunt\n|move|p2a: Ursaluna|Earth Power|p1a: Cycle Dryer\n|-damage|p1a: Cycle Dryer|0 fnt\n|faint|p1a: Cycle Dryer\n|\n|upkeep\n|\n|t:|1699032760\n|switch|p1a: Zac King|Zacian|21\/100\n|turn|27\n|c|\u2606TheSilvySilv|252+ Atk Sneasler Close Combat vs. +1 0 HP \/ 0 Def Tera Normal Kommo-o: 236-282 (81 - 96.9%) -- guaranteed 2HKO\n|inactive|TheSilvySilv has 270 seconds left.\n|c|\u2606TheSilvySilv|depends on your EV spread\n|\n|t:|1699032796\n|move|p1a: Zac King|Iron Head|p2a: Ursaluna\n|-damage|p2a: Ursaluna|51\/100\n|move|p2a: Ursaluna|Blood Moon|p1a: Zac King\n|-damage|p1a: Zac King|0 fnt\n|faint|p1a: Zac King\n|\n|win|TheSilvySilv\n|c|\u2606AlicieLizzie|oh\n|c|\u2606TheSilvySilv|gg wp\n|c|\u2606AlicieLizzie|i guess it didn\u2019t matter\n|c|\u2606AlicieLizzie|gg\n","uploadtime":1699032806,"views":18,"p1id":"alicielizzie","p2id":"thesilvysilv","formatid":"gen9ubers","rating":0,"private":0,"password":""}