{"id":"gen9ubers-1969947863","p1":"pepowaifulover","p2":"EvilMsSmash","format":"[Gen 9] Ubers","log":"|j|\u2606pepowaifulover\n|j|\u2606EvilMsSmash\n|t:|1697578555\n|gametype|singles\n|player|p1|pepowaifulover|tuber|1265\n|player|p2|EvilMsSmash|nobunaga-conquest|1380\n|teamsize|p1|6\n|teamsize|p2|6\n|gen|9\n|tier|[Gen 9] Ubers\n|rated|\n|rule|Sleep Clause Mod: Limit one foe put to sleep\n|rule|Species Clause: Limit one of each Pok\u00e9mon\n|rule|OHKO Clause: OHKO moves are banned\n|rule|Evasion Items Clause: Evasion items are banned\n|rule|Evasion Moves Clause: Evasion moves are banned\n|rule|Endless Battle Clause: Forcing endless battles is banned\n|rule|HP Percentage Mod: HP is shown in percentages\n|clearpoke\n|poke|p1|Koraidon|\n|poke|p1|Miraidon|\n|poke|p1|Enamorus, F|\n|poke|p1|Skeledirge, F|\n|poke|p1|Zacian-*|\n|poke|p1|Ting-Lu|\n|poke|p2|Kyogre|\n|poke|p2|Koraidon|\n|poke|p2|Iron Treads|\n|poke|p2|Eternatus|\n|poke|p2|Arceus-Fairy|\n|poke|p2|Kingambit, M|\n|teampreview\n|inactive|Battle timer is ON: inactive players will automatically lose when time's up. (requested by pepowaifulover)\n|inactive|pepowaifulover has 120 seconds left.\n|inactive|EvilMsSmash has 120 seconds left.\n|\n|t:|1697578608\n|start\n|switch|p1a: Koraidon|Koraidon|100\/100\n|switch|p2a: Kyogre|Kyogre|100\/100\n|-weather|SunnyDay|[from] ability: Orichalcum Pulse|[of] p1a: Koraidon\n|-activate|p1a: Koraidon|Orichalcum Pulse|[source]\n|-weather|RainDance|[from] ability: Drizzle|[of] p2a: Kyogre\n|turn|1\n|j| Agorayzm\n|l| Agorayzm\n|inactive|pepowaifulover has 120 seconds left.\n|\n|t:|1697578654\n|switch|p2a: Arceus|Arceus-Fairy|100\/100\n|move|p1a: Koraidon|U-turn|p2a: Arceus\n|-resisted|p2a: Arceus\n|-damage|p2a: Arceus|92\/100\n|\n|t:|1697578659\n|switch|p1a: Zacian|Zacian-Crowned|100\/100|[from] U-turn\n|-ability|p1a: Zacian|Intrepid Sword|boost\n|-boost|p1a: Zacian|atk|1\n|\n|-weather|RainDance|[upkeep]\n|upkeep\n|turn|2\n|\n|t:|1697578671\n|move|p1a: Zacian|Behemoth Blade|p2a: Arceus\n|-supereffective|p2a: Arceus\n|-damage|p2a: Arceus|0 fnt\n|faint|p2a: Arceus\n|\n|-weather|RainDance|[upkeep]\n|upkeep\n|\n|t:|1697578675\n|switch|p2a: Kyogre|Kyogre|100\/100\n|turn|3\n|\n|t:|1697578679\n|switch|p1a: Koraidon|Koraidon|100\/100\n|-weather|SunnyDay|[from] ability: Orichalcum Pulse|[of] p1a: Koraidon\n|-activate|p1a: Koraidon|Orichalcum Pulse|[source]\n|move|p2a: Kyogre|Water Spout|p1a: Koraidon\n|-resisted|p1a: Koraidon\n|-crit|p1a: Koraidon\n|-damage|p1a: Koraidon|65\/100\n|\n|-weather|SunnyDay|[upkeep]\n|upkeep\n|turn|4\n|\n|t:|1697578690\n|switch|p2a: Kingambit|Kingambit, M|100\/100\n|-activate|p2a: Kingambit|ability: Supreme Overlord\n|-start|p2a: Kingambit|fallen1|[silent]\n|move|p1a: Koraidon|U-turn|p2a: Kingambit\n|-damage|p2a: Kingambit|73\/100\n|\n|t:|1697578697\n|switch|p1a: Enamorus|Enamorus, F|100\/100|[from] U-turn\n|\n|-weather|SunnyDay|[upkeep]\n|-heal|p2a: Kingambit|79\/100|[from] item: Leftovers\n|upkeep\n|turn|5\n|\n|t:|1697578703\n|move|p1a: Enamorus|Substitute|p1a: Enamorus\n|-start|p1a: Enamorus|Substitute\n|-damage|p1a: Enamorus|76\/100\n|move|p2a: Kingambit|Iron Head|p1a: Enamorus\n|-supereffective|p1a: Enamorus\n|-end|p1a: Enamorus|Substitute\n|\n|-weather|SunnyDay|[upkeep]\n|-heal|p1a: Enamorus|82\/100|[from] item: Leftovers\n|-heal|p2a: Kingambit|85\/100|[from] item: Leftovers\n|upkeep\n|turn|6\n|\n|t:|1697578705\n|-terastallize|p2a: Kingambit|Ghost\n|move|p1a: Enamorus|Superpower|p2a: Kingambit\n|-immune|p2a: Kingambit\n|move|p2a: Kingambit|Iron Head|p1a: Enamorus\n|-supereffective|p1a: Enamorus\n|-damage|p1a: Enamorus|0 fnt\n|faint|p1a: Enamorus\n|\n|-weather|SunnyDay|[upkeep]\n|-heal|p2a: Kingambit|92\/100|[from] item: Leftovers\n|upkeep\n|\n|t:|1697578709\n|switch|p1a: Ting-Lu|Ting-Lu|100\/100\n|-ability|p1a: Ting-Lu|Vessel of Ruin\n|turn|7\n|\n|t:|1697578715\n|move|p2a: Kingambit|Swords Dance|p2a: Kingambit\n|-boost|p2a: Kingambit|atk|2\n|move|p1a: Ting-Lu|Stealth Rock|p2a: Kingambit\n|-sidestart|p2: EvilMsSmash|move: Stealth Rock\n|\n|-weather|none\n|-heal|p2a: Kingambit|98\/100|[from] item: Leftovers\n|upkeep\n|turn|8\n|\n|t:|1697578718\n|move|p2a: Kingambit|Iron Head|p1a: Ting-Lu\n|-damage|p1a: Ting-Lu|43\/100\n|cant|p1a: Ting-Lu|flinch\n|\n|-heal|p2a: Kingambit|100\/100|[from] item: Leftovers\n|-heal|p1a: Ting-Lu|49\/100|[from] item: Leftovers\n|upkeep\n|turn|9\n|\n|t:|1697578722\n|switch|p1a: Zacian|Zacian-Crowned|100\/100\n|move|p2a: Kingambit|Iron Head|p1a: Zacian\n|-damage|p1a: Zacian|10\/100\n|\n|upkeep\n|turn|10\n|-message|pepowaifulover forfeited.\n|\n|win|EvilMsSmash\n|raw|pepowaifulover's rating: 1265 &rarr; <strong>1248<\/strong><br \/>(-17 for losing)\n|raw|EvilMsSmash's rating: 1380 &rarr; <strong>1394<\/strong><br \/>(+14 for winning)\n|l|\u2606pepowaifulover\n","uploadtime":1697578731,"views":7,"p1id":"pepowaifulover","p2id":"evilmssmash","formatid":"gen9ubers","rating":1248,"private":0,"password":""}