{"id":"gen9ubers-1973834565","p1":"BattleDynamo","p2":"fishyroads","format":"[Gen 9] Ubers","log":"|j|\u2606BattleDynamo\n|j|\u2606fishyroads\n|t:|1698018665\n|gametype|singles\n|player|p1|BattleDynamo|ruinmaniac|\n|player|p2|fishyroads|harlequin|\n|teamsize|p1|6\n|teamsize|p2|6\n|gen|9\n|tier|[Gen 9] Ubers\n|rule|Sleep Clause Mod: Limit one foe put to sleep\n|rule|Species Clause: Limit one of each Pok\u00e9mon\n|rule|OHKO Clause: OHKO moves are banned\n|rule|Evasion Items Clause: Evasion items are banned\n|rule|Evasion Moves Clause: Evasion moves are banned\n|rule|Endless Battle Clause: Forcing endless battles is banned\n|rule|HP Percentage Mod: HP is shown in percentages\n|clearpoke\n|poke|p1|Garganacl, M|\n|poke|p1|Spectrier|\n|poke|p1|Dialga|\n|poke|p1|Cryogonal|\n|poke|p1|Palkia-Origin|\n|poke|p1|Ursaluna, M|\n|poke|p2|Arceus-Fire|\n|poke|p2|Dondozo, F|\n|poke|p2|Magearna|\n|poke|p2|Articuno|\n|poke|p2|Urshifu-*, F|\n|poke|p2|Zamazenta-*|\n|teampreview\n|\n|t:|1698018675\n|start\n|switch|p1a: DR.Salt|Garganacl, M|100\/100\n|switch|p2a: Arceus|Arceus-Fire|100\/100\n|turn|1\n|\n|t:|1698018686\n|switch|p2a: Urshifu|Urshifu, F|100\/100\n|move|p1a: DR.Salt|Salt Cure|p2a: Urshifu\n|-resisted|p2a: Urshifu\n|-damage|p2a: Urshifu|94\/100\n|-start|p2a: Urshifu|Salt Cure\n|\n|-damage|p2a: Urshifu|82\/100|[from] Salt Cure\n|upkeep\n|turn|2\n|inactive|Battle timer is ON: inactive players will automatically lose when time's up. (requested by BattleDynamo)\n|\n|t:|1698018694\n|move|p2a: Urshifu|Close Combat|p1a: DR.Salt\n|-supereffective|p1a: DR.Salt\n|-damage|p1a: DR.Salt|20\/100\n|-unboost|p2a: Urshifu|def|1\n|-unboost|p2a: Urshifu|spd|1\n|move|p1a: DR.Salt|Body Press|p2a: Urshifu\n|-supereffective|p2a: Urshifu\n|-damage|p2a: Urshifu|0 fnt\n|faint|p2a: Urshifu\n|\n|-heal|p1a: DR.Salt|26\/100|[from] item: Leftovers\n|upkeep\n|\n|t:|1698018707\n|switch|p2a: Zamazenta|Zamazenta-Crowned|100\/100\n|-ability|p2a: Zamazenta|Dauntless Shield|boost\n|-boost|p2a: Zamazenta|def|1\n|turn|3\n|\n|t:|1698018711\n|move|p2a: Zamazenta|Behemoth Bash|p1a: DR.Salt\n|-supereffective|p1a: DR.Salt\n|-damage|p1a: DR.Salt|0 fnt\n|faint|p1a: DR.Salt\n|\n|upkeep\n|\n|t:|1698018720\n|switch|p1a: Dialga|Dialga|100\/100\n|-ability|p1a: Dialga|Pressure\n|turn|4\n|\n|t:|1698018723\n|move|p2a: Zamazenta|Close Combat|p1a: Dialga\n|-supereffective|p1a: Dialga\n|-damage|p1a: Dialga|34\/100\n|-unboost|p2a: Zamazenta|def|1\n|-unboost|p2a: Zamazenta|spd|1\n|move|p1a: Dialga|Trick Room|p1a: Dialga\n|-fieldstart|move: Trick Room|[of] p1a: Dialga\n|\n|-heal|p1a: Dialga|40\/100|[from] item: Leftovers\n|upkeep\n|turn|5\n|\n|t:|1698018729\n|move|p1a: Dialga|Steel Beam|p2a: Zamazenta\n|-resisted|p2a: Zamazenta\n|-damage|p2a: Zamazenta|59\/100\n|-damage|p1a: Dialga|0 fnt|[from] steelbeam\n|faint|p1a: Dialga\n|move|p2a: Zamazenta|Close Combat|p1: Dialga|[notarget]\n|-fail|p2a: Zamazenta\n|\n|upkeep\n|\n|t:|1698018732\n|switch|p1a: Ursaluna|Ursaluna, M|100\/100\n|turn|6\n|\n|t:|1698018738\n|switch|p2a: Articuno|Articuno|100\/100\n|-ability|p2a: Articuno|Pressure\n|move|p1a: Ursaluna|Earthquake|p2a: Articuno\n|-immune|p2a: Articuno\n|\n|-status|p1a: Ursaluna|brn|[from] item: Flame Orb\n|upkeep\n|turn|7\n|\n|t:|1698018743\n|switch|p2a: Dondozo|Dondozo, F|100\/100\n|move|p1a: Ursaluna|Facade|p2a: Dondozo\n|-damage|p2a: Dondozo|40\/100\n|\n|-heal|p2a: Dondozo|46\/100|[from] item: Leftovers\n|-damage|p1a: Ursaluna|94\/100 brn|[from] brn\n|upkeep\n|turn|8\n|\n|t:|1698018750\n|move|p2a: Dondozo|Liquidation|p1a: Ursaluna\n|-supereffective|p1a: Ursaluna\n|-damage|p1a: Ursaluna|50\/100 brn\n|move|p1a: Ursaluna|Facade|p2a: Dondozo\n|-damage|p2a: Dondozo|0 fnt\n|faint|p2a: Dondozo\n|\n|-damage|p1a: Ursaluna|44\/100 brn|[from] brn\n|-fieldend|move: Trick Room\n|upkeep\n|\n|t:|1698018757\n|switch|p2a: Zamazenta|Zamazenta-Crowned|59\/100\n|turn|9\n|\n|t:|1698018764\n|switch|p1a: Cryogonal|Cryogonal|100\/100\n|move|p2a: Zamazenta|Behemoth Bash|p1a: Cryogonal\n|-supereffective|p1a: Cryogonal\n|-damage|p1a: Cryogonal|0 fnt\n|faint|p1a: Cryogonal\n|\n|upkeep\n|\n|t:|1698018766\n|switch|p1a: Spectrier|Spectrier|100\/100\n|turn|10\n|\n|t:|1698018770\n|move|p1a: Spectrier|Will-O-Wisp|p2a: Zamazenta\n|-status|p2a: Zamazenta|brn\n|move|p2a: Zamazenta|Behemoth Bash|p1a: Spectrier\n|-damage|p1a: Spectrier|75\/100\n|\n|-damage|p2a: Zamazenta|53\/100 brn|[from] brn\n|upkeep\n|turn|11\n|\n|t:|1698018777\n|switch|p1a: Palkia|Palkia-Origin|100\/100\n|-ability|p1a: Palkia|Pressure\n|move|p2a: Zamazenta|Rest|p2a: Zamazenta\n|-status|p2a: Zamazenta|slp|[from] move: Rest\n|-heal|p2a: Zamazenta|100\/100 slp|[silent]\n|\n|upkeep\n|turn|12\n|\n|t:|1698018782\n|switch|p2a: Articuno|Articuno|100\/100\n|-ability|p2a: Articuno|Pressure\n|move|p1a: Palkia|Hydro Pump|p2a: Articuno\n|-damage|p2a: Articuno|59\/100\n|\n|upkeep\n|turn|13\n|\n|t:|1698018787\n|switch|p1a: Ursaluna|Ursaluna, M|44\/100 brn\n|move|p2a: Articuno|Freeze-Dry|p1a: Ursaluna\n|-supereffective|p1a: Ursaluna\n|-damage|p1a: Ursaluna|0 fnt\n|faint|p1a: Ursaluna\n|\n|upkeep\n|\n|t:|1698018791\n|switch|p1a: Palkia|Palkia-Origin|100\/100\n|-ability|p1a: Palkia|Pressure\n|turn|14\n|\n|t:|1698018799\n|-terastallize|p1a: Palkia|Fairy\n|move|p1a: Palkia|Hydro Pump|p2a: Articuno\n|-damage|p2a: Articuno|15\/100\n|move|p2a: Articuno|Freeze-Dry|p1a: Palkia\n|-damage|p1a: Palkia|77\/100\n|\n|upkeep\n|turn|15\n|\n|t:|1698018805\n|move|p1a: Palkia|Spacial Rend|p2a: Articuno\n|-damage|p2a: Articuno|0 fnt\n|faint|p2a: Articuno\n|\n|upkeep\n|\n|t:|1698018809\n|switch|p2a: Magearna|Magearna|100\/100\n|turn|16\n|\n|t:|1698018813\n|move|p1a: Palkia|Hydro Pump|p2a: Magearna\n|-damage|p2a: Magearna|37\/100\n|move|p2a: Magearna|Shift Gear|p2a: Magearna\n|-boost|p2a: Magearna|spe|2\n|-boost|p2a: Magearna|atk|1\n|\n|-heal|p2a: Magearna|43\/100|[from] item: Leftovers\n|upkeep\n|turn|17\n|\n|t:|1698018818\n|-terastallize|p2a: Magearna|Ghost\n|move|p1a: Palkia|Thunderbolt|p2a: Magearna\n|-damage|p2a: Magearna|17\/100\n|move|p2a: Magearna|Calm Mind|p2a: Magearna\n|-boost|p2a: Magearna|spa|1\n|-boost|p2a: Magearna|spd|1\n|\n|-heal|p2a: Magearna|23\/100|[from] item: Leftovers\n|upkeep\n|turn|18\n|\n|t:|1698018827\n|move|p2a: Magearna|Draining Kiss|p1a: Palkia\n|-damage|p1a: Palkia|46\/100\n|-heal|p2a: Magearna|44\/100|[from] drain|[of] p1a: Palkia\n|move|p1a: Palkia|Trick Room|p1a: Palkia\n|-fieldstart|move: Trick Room|[of] p1a: Palkia\n|\n|-heal|p2a: Magearna|50\/100|[from] item: Leftovers\n|upkeep\n|turn|19\n|\n|t:|1698018835\n|move|p2a: Magearna|Stored Power|p1a: Palkia\n|-damage|p1a: Palkia|3\/100\n|move|p1a: Palkia|Hydro Pump|p2a: Magearna\n|-damage|p2a: Magearna|6\/100\n|\n|-heal|p2a: Magearna|12\/100|[from] item: Leftovers\n|upkeep\n|turn|20\n|\n|t:|1698018840\n|move|p2a: Magearna|Draining Kiss|p1a: Palkia\n|-damage|p1a: Palkia|0 fnt\n|-heal|p2a: Magearna|13\/100|[from] drain|[of] p1a: Palkia\n|faint|p1a: Palkia\n|-ability|p2a: Magearna|Soul-Heart|boost\n|-boost|p2a: Magearna|spa|1\n|\n|-heal|p2a: Magearna|20\/100|[from] item: Leftovers\n|upkeep\n|\n|t:|1698018842\n|switch|p1a: Spectrier|Spectrier|75\/100\n|turn|21\n|\n|t:|1698018855\n|move|p2a: Magearna|Stored Power|p1a: Spectrier\n|-damage|p1a: Spectrier|0 fnt\n|faint|p1a: Spectrier\n|\n|win|fishyroads\n|l|\u2606BattleDynamo\n","uploadtime":1698018879,"views":14,"p1id":"battledynamo","p2id":"fishyroads","formatid":"gen9ubers","rating":0,"private":0,"password":""}