{"id":"gen9ubers-1975655556","p1":"MeteorAsh15","p2":"tupokeabuela","format":"[Gen 9] Ubers","log":"|j|\u2606MeteorAsh15\n|j|\u2606tupokeabuela\n|t:|1698220214\n|gametype|singles\n|player|p1|MeteorAsh15|2|1151\n|player|p2|tupokeabuela|striker|1104\n|teamsize|p1|6\n|teamsize|p2|6\n|gen|9\n|tier|[Gen 9] Ubers\n|rated|\n|rule|Sleep Clause Mod: Limit one foe put to sleep\n|rule|Species Clause: Limit one of each Pok\u00e9mon\n|rule|OHKO Clause: OHKO moves are banned\n|rule|Evasion Items Clause: Evasion items are banned\n|rule|Evasion Moves Clause: Evasion moves are banned\n|rule|Endless Battle Clause: Forcing endless battles is banned\n|rule|HP Percentage Mod: HP is shown in percentages\n|clearpoke\n|poke|p1|Baxcalibur, F|\n|poke|p1|Ninetales-Alola, F|\n|poke|p1|Koraidon|\n|poke|p1|Zacian-*|\n|poke|p1|Tornadus, M|\n|poke|p1|Ribombee, F|\n|poke|p2|Cyclizar, M|\n|poke|p2|Miraidon|\n|poke|p2|Grimmsnarl, M|\n|poke|p2|Chien-Pao|\n|poke|p2|Flutter Mane|\n|poke|p2|Koraidon|\n|teampreview\n|inactive|Battle timer is ON: inactive players will automatically lose when time's up. (requested by MeteorAsh15)\n|\n|t:|1698220229\n|start\n|switch|p1a: Ribombee|Ribombee, F, shiny|100\/100\n|switch|p2a: Grimmsnarl|Grimmsnarl, M|100\/100\n|turn|1\n|\n|t:|1698220235\n|move|p2a: Grimmsnarl|Taunt|p1a: Ribombee\n|-start|p1a: Ribombee|move: Taunt\n|cant|p1a: Ribombee|move: Taunt|Sticky Web\n|\n|upkeep\n|turn|2\n|\n|t:|1698220247\n|switch|p1a: Zacian|Zacian-Crowned, shiny|100\/100\n|-ability|p1a: Zacian|Intrepid Sword|boost\n|-boost|p1a: Zacian|atk|1\n|move|p2a: Grimmsnarl|Reflect|p2a: Grimmsnarl\n|-sidestart|p2: tupokeabuela|Reflect\n|\n|upkeep\n|turn|3\n|\n|t:|1698220254\n|move|p2a: Grimmsnarl|Light Screen|p2a: Grimmsnarl\n|-sidestart|p2: tupokeabuela|move: Light Screen\n|move|p1a: Zacian|Behemoth Blade|p2a: Grimmsnarl\n|-supereffective|p2a: Grimmsnarl\n|-damage|p2a: Grimmsnarl|0 fnt\n|faint|p2a: Grimmsnarl\n|\n|upkeep\n|\n|t:|1698220260\n|switch|p2a: Koraidon|Koraidon|100\/100\n|-weather|SunnyDay|[from] ability: Orichalcum Pulse|[of] p2a: Koraidon\n|-activate|p2a: Koraidon|Orichalcum Pulse|[source]\n|turn|4\n|\n|t:|1698220266\n|move|p1a: Zacian|Play Rough|p2a: Koraidon\n|-supereffective|p2a: Koraidon\n|-damage|p2a: Koraidon|0 fnt\n|faint|p2a: Koraidon\n|\n|-weather|SunnyDay|[upkeep]\n|upkeep\n|\n|t:|1698220271\n|switch|p2a: Flutter Mane|Flutter Mane|100\/100\n|-activate|p2a: Flutter Mane|ability: Protosynthesis\n|-start|p2a: Flutter Mane|protosynthesisspe\n|turn|5\n|\n|t:|1698220277\n|-terastallize|p2a: Flutter Mane|Fire\n|move|p2a: Flutter Mane|Tera Blast|p1a: Zacian|[anim] Tera Blast Fire\n|-supereffective|p1a: Zacian\n|-crit|p1a: Zacian\n|-damage|p1a: Zacian|0 fnt\n|faint|p1a: Zacian\n|\n|-weather|SunnyDay|[upkeep]\n|upkeep\n|\n|t:|1698220293\n|switch|p1a: Ribombee|Ribombee, F, shiny|100\/100\n|turn|6\n|\n|t:|1698220315\n|move|p2a: Flutter Mane|Tera Blast|p1a: Ribombee|[anim] Tera Blast Fire\n|-supereffective|p1a: Ribombee\n|-enditem|p1a: Ribombee|Focus Sash\n|-damage|p1a: Ribombee|1\/100\n|move|p1a: Ribombee|Sticky Web|p2a: Flutter Mane\n|-sidestart|p2: tupokeabuela|move: Sticky Web\n|\n|-weather|SunnyDay|[upkeep]\n|upkeep\n|turn|7\n|\n|t:|1698220323\n|move|p2a: Flutter Mane|Tera Blast|p1a: Ribombee|[anim] Tera Blast Fire\n|-supereffective|p1a: Ribombee\n|-damage|p1a: Ribombee|0 fnt\n|faint|p1a: Ribombee\n|\n|-weather|SunnyDay|[upkeep]\n|upkeep\n|\n|t:|1698220330\n|switch|p1a: Tornadus|Tornadus, M, shiny|100\/100\n|turn|8\n|\n|t:|1698220336\n|move|p1a: Tornadus|Tailwind|p1a: Tornadus\n|-sidestart|p1: MeteorAsh15|move: Tailwind\n|move|p2a: Flutter Mane|Moonblast|p1a: Tornadus\n|-damage|p1a: Tornadus|52\/100\n|-unboost|p1a: Tornadus|spa|1\n|\n|-weather|none\n|-end|p2a: Flutter Mane|Protosynthesis\n|upkeep\n|-enditem|p2a: Flutter Mane|Booster Energy\n|-activate|p2a: Flutter Mane|ability: Protosynthesis|[fromitem]\n|-start|p2a: Flutter Mane|protosynthesisspe\n|turn|9\n|\n|t:|1698220349\n|move|p2a: Flutter Mane|Moonblast|p1a: Tornadus\n|-damage|p1a: Tornadus|2\/100\n|-unboost|p1a: Tornadus|spa|1\n|move|p1a: Tornadus|Bleakwind Storm|p2a: Flutter Mane\n|-damage|p2a: Flutter Mane|90\/100\n|\n|-sideend|p2: tupokeabuela|Reflect\n|upkeep\n|turn|10\n|\n|t:|1698220361\n|move|p2a: Flutter Mane|Shadow Ball|p1a: Tornadus\n|-damage|p1a: Tornadus|0 fnt\n|faint|p1a: Tornadus\n|\n|-sideend|p2: tupokeabuela|move: Light Screen\n|upkeep\n|\n|t:|1698220369\n|switch|p1a: Koraidon|Koraidon|100\/100\n|-weather|SunnyDay|[from] ability: Orichalcum Pulse|[of] p1a: Koraidon\n|-activate|p1a: Koraidon|Orichalcum Pulse|[source]\n|turn|11\n|\n|t:|1698220377\n|move|p1a: Koraidon|Collision Course|p2a: Flutter Mane\n|-damage|p2a: Flutter Mane|0 fnt\n|faint|p2a: Flutter Mane\n|-end|p2a: Flutter Mane|Protosynthesis|[silent]\n|\n|-weather|SunnyDay|[upkeep]\n|-sideend|p1: MeteorAsh15|move: Tailwind\n|upkeep\n|\n|t:|1698220386\n|switch|p2a: Miraidon|Miraidon|100\/100\n|-activate|p2a: Miraidon|move: Sticky Web\n|-unboost|p2a: Miraidon|spe|1\n|-fieldstart|move: Electric Terrain|[from] ability: Hadron Engine|[of] p2a: Miraidon\n|turn|12\n|\n|t:|1698220394\n|move|p1a: Koraidon|Dragon Claw|p2a: Miraidon\n|-supereffective|p2a: Miraidon\n|-crit|p2a: Miraidon\n|-damage|p2a: Miraidon|0 fnt\n|faint|p2a: Miraidon\n|\n|-weather|SunnyDay|[upkeep]\n|upkeep\n|\n|t:|1698220404\n|switch|p2a: Cyclizar|Cyclizar, M|100\/100\n|-activate|p2a: Cyclizar|move: Sticky Web\n|-unboost|p2a: Cyclizar|spe|1\n|turn|13\n|\n|t:|1698220408\n|move|p1a: Koraidon|Dragon Claw|p2a: Cyclizar\n|-supereffective|p2a: Cyclizar\n|-damage|p2a: Cyclizar|0 fnt\n|faint|p2a: Cyclizar\n|\n|-weather|SunnyDay|[upkeep]\n|upkeep\n|-message|tupokeabuela forfeited.\n|\n|win|MeteorAsh15\n|raw|MeteorAsh15's rating: 1151 &rarr; <strong>1173<\/strong><br \/>(+22 for winning)\n|raw|tupokeabuela's rating: 1104 &rarr; <strong>1082<\/strong><br \/>(-22 for losing)\n|l|\u2606tupokeabuela\n","uploadtime":1698220420,"views":6,"p1id":"meteorash15","p2id":"tupokeabuela","formatid":"gen9ubers","rating":1082,"private":0,"password":""}