{"id":"gen9ubers-1986244578","p1":"TheGhostOfBloomaas","p2":"bry2000","format":"[Gen 9] Ubers","log":"|j|\u2606TheGhostOfBloomaas\n|j|\u2606bry2000\n|t:|1699462918\n|gametype|singles\n|player|p1|TheGhostOfBloomaas|266|1037\n|player|p2|bry2000|102|1013\n|teamsize|p1|6\n|teamsize|p2|6\n|gen|9\n|tier|[Gen 9] Ubers\n|rated|\n|rule|Sleep Clause Mod: Limit one foe put to sleep\n|rule|Species Clause: Limit one of each Pok\u00e9mon\n|rule|OHKO Clause: OHKO moves are banned\n|rule|Evasion Items Clause: Evasion items are banned\n|rule|Evasion Moves Clause: Evasion moves are banned\n|rule|Endless Battle Clause: Forcing endless battles is banned\n|rule|HP Percentage Mod: HP is shown in percentages\n|clearpoke\n|poke|p1|Torkoal, F|\n|poke|p1|Sableye, M|\n|poke|p1|Ribombee, F|\n|poke|p1|Ogerpon-Hearthflame, F|\n|poke|p1|Mew|\n|poke|p1|Dragonite, M|\n|poke|p2|Meowscarada, M|\n|poke|p2|Ceruledge, F|\n|poke|p2|Chien-Pao|\n|poke|p2|Annihilape, M|\n|poke|p2|Greninja-*, M|\n|poke|p2|Garchomp, F|\n|teampreview\n|\n|t:|1699462923\n|start\n|switch|p1a: Sableye|Sableye, M|100\/100\n|switch|p2a: Garchomp|Garchomp, F|100\/100\n|turn|1\n|\n|t:|1699462932\n|move|p2a: Garchomp|Swords Dance|p2a: Garchomp\n|-boost|p2a: Garchomp|atk|2\n|move|p1a: Sableye|Reflect|p1a: Sableye\n|-sidestart|p1: TheGhostOfBloomaas|Reflect\n|\n|upkeep\n|turn|2\n|\n|t:|1699462937\n|move|p2a: Garchomp|Earthquake|p1a: Sableye\n|-damage|p1a: Sableye|45\/100\n|move|p1a: Sableye|Light Screen|p1a: Sableye\n|-sidestart|p1: TheGhostOfBloomaas|move: Light Screen\n|\n|upkeep\n|turn|3\n|\n|t:|1699462949\n|switch|p1a: Ribombee|Ribombee, F|100\/100\n|move|p2a: Garchomp|Dragon Claw|p1a: Ribombee\n|-immune|p1a: Ribombee\n|\n|upkeep\n|turn|4\n|\n|t:|1699462962\n|switch|p2a: Chien-Pao|Chien-Pao|100\/100\n|-ability|p2a: Chien-Pao|Sword of Ruin\n|move|p1a: Ribombee|Sticky Web|p2a: Chien-Pao\n|-sidestart|p2: bry2000|move: Sticky Web\n|\n|upkeep\n|turn|5\n|\n|t:|1699462972\n|move|p1a: Ribombee|Moonblast|p2a: Chien-Pao\n|-supereffective|p2a: Chien-Pao\n|-damage|p2a: Chien-Pao|0 fnt\n|faint|p2a: Chien-Pao\n|\n|upkeep\n|\n|t:|1699462979\n|switch|p2a: Annihilape|Annihilape, M|100\/100\n|-activate|p2a: Annihilape|move: Sticky Web\n|-unboost|p2a: Annihilape|spe|1\n|turn|6\n|\n|t:|1699462997\n|switch|p1a: Ogerpon|Ogerpon-Hearthflame, F|100\/100\n|-ability|p1a: Ogerpon|Mold Breaker\n|move|p2a: Annihilape|Rage Fist|p1a: Ogerpon\n|-damage|p1a: Ogerpon|85\/100\n|\n|upkeep\n|turn|7\n|\n|t:|1699463005\n|move|p1a: Ogerpon|Swords Dance|p1a: Ogerpon\n|-boost|p1a: Ogerpon|atk|2\n|move|p2a: Annihilape|Drain Punch|p1a: Ogerpon\n|-damage|p1a: Ogerpon|63\/100\n|\n|upkeep\n|turn|8\n|\n|t:|1699463012\n|-terastallize|p1a: Ogerpon|Fire\n|detailschange|p1a: Ogerpon|Ogerpon-Hearthflame-Tera, F, tera:Fire\n|-ability|p1a: Ogerpon|Embody Aspect (Hearthflame)|boost\n|-boost|p1a: Ogerpon|atk|1\n|move|p1a: Ogerpon|Ivy Cudgel|p2a: Annihilape\n|-damage|p2a: Annihilape|0 fnt\n|faint|p2a: Annihilape\n|\n|-sideend|p1: TheGhostOfBloomaas|Reflect\n|upkeep\n|\n|t:|1699463022\n|switch|p2a: Greninja|Greninja, M, shiny|100\/100\n|-activate|p2a: Greninja|move: Sticky Web\n|-unboost|p2a: Greninja|spe|1\n|turn|9\n|\n|t:|1699463033\n|move|p1a: Ogerpon|Horn Leech|p2a: Greninja\n|-supereffective|p2a: Greninja\n|-enditem|p2a: Greninja|Focus Sash\n|-damage|p2a: Greninja|1\/100\n|-heal|p1a: Ogerpon|100\/100|[from] drain|[of] p2a: Greninja\n|move|p2a: Greninja|Substitute|p2a: Greninja\n|-fail|p2a: Greninja|move: Substitute|[weak]\n|\n|-sideend|p1: TheGhostOfBloomaas|move: Light Screen\n|upkeep\n|turn|10\n|\n|t:|1699463045\n|move|p2a: Greninja|Water Shuriken|p1a: Ogerpon\n|-supereffective|p1a: Ogerpon\n|-damage|p1a: Ogerpon|82\/100\n|-supereffective|p1a: Ogerpon\n|-damage|p1a: Ogerpon|60\/100\n|-hitcount|p1a: Ogerpon|2\n|move|p1a: Ogerpon|Horn Leech|p2a: Greninja\n|-supereffective|p2a: Greninja\n|-damage|p2a: Greninja|0 fnt\n|-heal|p1a: Ogerpon|60\/100|[from] drain|[of] p2a: Greninja\n|faint|p2a: Greninja\n|\n|upkeep\n|j| Diz4Ditto\n|\n|t:|1699463057\n|switch|p2a: Ceruledge|Ceruledge, F|100\/100\n|-activate|p2a: Ceruledge|move: Sticky Web\n|-unboost|p2a: Ceruledge|spe|1\n|turn|11\n|\n|t:|1699463069\n|move|p1a: Ogerpon|Ivy Cudgel|p2a: Ceruledge\n|-start|p2a: Ceruledge|ability: Flash Fire\n|move|p2a: Ceruledge|Bitter Blade|p1a: Ogerpon\n|-resisted|p1a: Ogerpon\n|-damage|p1a: Ogerpon|22\/100\n|\n|upkeep\n|turn|12\n|\n|t:|1699463079\n|move|p1a: Ogerpon|Horn Leech|p2a: Ceruledge\n|-resisted|p2a: Ceruledge\n|-damage|p2a: Ceruledge|32\/100\n|-heal|p1a: Ogerpon|59\/100|[from] drain|[of] p2a: Ceruledge\n|move|p2a: Ceruledge|Bitter Blade|p1a: Ogerpon\n|-resisted|p1a: Ogerpon\n|-damage|p1a: Ogerpon|19\/100\n|-heal|p2a: Ceruledge|51\/100|[from] drain|[of] p1a: Ogerpon\n|\n|-heal|p2a: Ceruledge|57\/100|[from] item: Leftovers\n|upkeep\n|turn|13\n|l| Diz4Ditto\n|\n|t:|1699463090\n|move|p2a: Ceruledge|Protect|p2a: Ceruledge\n|-singleturn|p2a: Ceruledge|Protect\n|move|p1a: Ogerpon|Horn Leech|p2a: Ceruledge\n|-activate|p2a: Ceruledge|move: Protect\n|\n|-heal|p2a: Ceruledge|64\/100|[from] item: Leftovers\n|upkeep\n|turn|14\n|\n|t:|1699463101\n|switch|p1a: Torkoal|Torkoal, F|100\/100\n|-weather|SunnyDay|[from] ability: Drought|[of] p1a: Torkoal\n|move|p2a: Ceruledge|Destiny Bond|p2a: Ceruledge\n|-singlemove|p2a: Ceruledge|Destiny Bond\n|\n|-weather|SunnyDay|[upkeep]\n|-heal|p2a: Ceruledge|70\/100|[from] item: Leftovers\n|upkeep\n|turn|15\n|\n|t:|1699463119\n|move|p2a: Ceruledge|Bitter Blade|p1a: Torkoal\n|-resisted|p1a: Torkoal\n|-damage|p1a: Torkoal|71\/100\n|-heal|p2a: Ceruledge|86\/100|[from] drain|[of] p1a: Torkoal\n|-enditem|p1a: Torkoal|Eject Button\n|\n|t:|1699463152\n|switch|p1a: Mew|Mew|100\/100\n|\n|-weather|SunnyDay|[upkeep]\n|-heal|p2a: Ceruledge|92\/100|[from] item: Leftovers\n|upkeep\n|turn|16\n|\n|t:|1699463162\n|move|p2a: Ceruledge|Protect|p2a: Ceruledge\n|-singleturn|p2a: Ceruledge|Protect\n|move|p1a: Mew|Imprison|p1a: Mew\n|-start|p1a: Mew|move: Imprison\n|\n|-weather|SunnyDay|[upkeep]\n|-heal|p2a: Ceruledge|98\/100|[from] item: Leftovers\n|upkeep\n|turn|17\n|\n|t:|1699463170\n|move|p1a: Mew|Transform|p2a: Ceruledge\n|-transform|p1a: Mew|p2a: Ceruledge\n|cant|p2a: Ceruledge|move: Imprison|Bitter Blade\n|\n|-weather|SunnyDay|[upkeep]\n|-heal|p2a: Ceruledge|100\/100|[from] item: Leftovers\n|upkeep\n|turn|18\n|\n|t:|1699463182\n|move|p1a: Mew|Bulk Up|p1a: Mew\n|-boost|p1a: Mew|atk|1\n|-boost|p1a: Mew|def|1\n|-activate|p2a: Ceruledge|move: Struggle\n|move|p2a: Ceruledge|Struggle|p1a: Mew\n|-damage|p1a: Mew|90\/100\n|-damage|p2a: Ceruledge|75\/100|[from] recoil\n|-enditem|p1a: Mew|Red Card|[of] p2a: Ceruledge\n|-end|p2a: Ceruledge|ability: Flash Fire|[silent]\n|drag|p2a: bry|Meowscarada, M|100\/100\n|-activate|p2a: bry|move: Sticky Web\n|-unboost|p2a: bry|spe|1\n|\n|-weather|none\n|upkeep\n|turn|19\n|\n|t:|1699463196\n|switch|p2a: Garchomp|Garchomp, F|100\/100\n|-activate|p2a: Garchomp|move: Sticky Web\n|-unboost|p2a: Garchomp|spe|1\n|move|p1a: Mew|Bitter Blade|p2a: Garchomp\n|-resisted|p2a: Garchomp\n|-damage|p2a: Garchomp|73\/100\n|-heal|p1a: Mew|100\/100|[from] drain|[of] p2a: Garchomp\n|-damage|p1a: Mew|88\/100|[from] ability: Rough Skin|[of] p2a: Garchomp\n|\n|upkeep\n|turn|20\n|\n|t:|1699463208\n|move|p1a: Mew|Protect|p1a: Mew\n|-singleturn|p1a: Mew|Protect\n|move|p2a: Garchomp|Earthquake|p1a: Mew\n|-activate|p1a: Mew|move: Protect\n|\n|upkeep\n|turn|21\n|\n|t:|1699463218\n|move|p2a: Garchomp|Swords Dance|p2a: Garchomp\n|-boost|p2a: Garchomp|atk|2\n|move|p1a: Mew|Destiny Bond|p1a: Mew\n|-singlemove|p1a: Mew|Destiny Bond\n|\n|upkeep\n|turn|22\n|\n|t:|1699463226\n|move|p2a: Garchomp|Swords Dance|p2a: Garchomp\n|-boost|p2a: Garchomp|atk|2\n|move|p1a: Mew|Bitter Blade|p2a: Garchomp\n|-resisted|p2a: Garchomp\n|-damage|p2a: Garchomp|46\/100\n|-heal|p1a: Mew|100\/100|[from] drain|[of] p2a: Garchomp\n|-damage|p1a: Mew|88\/100|[from] ability: Rough Skin|[of] p2a: Garchomp\n|\n|upkeep\n|turn|23\n|\n|t:|1699463244\n|switch|p1a: Dragonite|Dragonite, M|100\/100\n|move|p2a: Garchomp|Earthquake|p1a: Dragonite\n|-immune|p1a: Dragonite\n|\n|-status|p1a: Dragonite|tox|[from] item: Toxic Orb\n|upkeep\n|turn|24\n|\n|t:|1699463253\n|move|p1a: Dragonite|Extreme Speed|p2a: Garchomp\n|-damage|p2a: Garchomp|15\/100\n|-damage|p1a: Dragonite|88\/100 tox|[from] ability: Rough Skin|[of] p2a: Garchomp\n|move|p2a: Garchomp|Outrage|p1a: Dragonite\n|-supereffective|p1a: Dragonite\n|-damage|p1a: Dragonite|0 fnt\n|faint|p1a: Dragonite\n|\n|upkeep\n|\n|t:|1699463265\n|switch|p1a: Ribombee|Ribombee, F|100\/100\n|turn|25\n|\n|t:|1699463268\n|move|p1a: Ribombee|Moonblast|p2a: Garchomp\n|-supereffective|p2a: Garchomp\n|-damage|p2a: Garchomp|0 fnt\n|faint|p2a: Garchomp\n|\n|upkeep\n|\n|t:|1699463274\n|switch|p2a: Ceruledge|Ceruledge, F|75\/100\n|-activate|p2a: Ceruledge|move: Sticky Web\n|-unboost|p2a: Ceruledge|spe|1\n|turn|26\n|\n|t:|1699463305\n|switch|p1a: Sableye|Sableye, M|45\/100\n|move|p2a: Ceruledge|Bitter Blade|p1a: Sableye\n|-damage|p1a: Sableye|7\/100\n|-heal|p2a: Ceruledge|93\/100|[from] drain|[of] p1a: Sableye\n|\n|-heal|p2a: Ceruledge|99\/100|[from] item: Leftovers\n|upkeep\n|turn|27\n|\n|t:|1699463313\n|move|p2a: Ceruledge|Protect|p2a: Ceruledge\n|-singleturn|p2a: Ceruledge|Protect\n|move|p1a: Sableye|Reflect|p1a: Sableye\n|-sidestart|p1: TheGhostOfBloomaas|Reflect\n|\n|-heal|p2a: Ceruledge|100\/100|[from] item: Leftovers\n|upkeep\n|turn|28\n|\n|t:|1699463319\n|move|p2a: Ceruledge|Bulk Up|p2a: Ceruledge\n|-boost|p2a: Ceruledge|atk|1\n|-boost|p2a: Ceruledge|def|1\n|move|p1a: Sableye|Thunder Wave|p2a: Ceruledge\n|-status|p2a: Ceruledge|par\n|\n|upkeep\n|turn|29\n|\n|t:|1699463327\n|move|p1a: Sableye|Light Screen|p1a: Sableye\n|-sidestart|p1: TheGhostOfBloomaas|move: Light Screen\n|cant|p2a: Ceruledge|par\n|\n|upkeep\n|turn|30\n|\n|t:|1699463331\n|move|p1a: Sableye|Taunt|p2a: Ceruledge\n|-start|p2a: Ceruledge|move: Taunt\n|move|p2a: Ceruledge|Bitter Blade|p1a: Sableye\n|-damage|p1a: Sableye|0 fnt\n|faint|p1a: Sableye\n|\n|upkeep\n|\n|t:|1699463340\n|switch|p1a: Mew|Mew|88\/100\n|turn|31\n|\n|t:|1699463344\n|move|p1a: Mew|Imprison|p1a: Mew\n|-start|p1a: Mew|move: Imprison\n|move|p2a: Ceruledge|Bitter Blade|p1a: Mew\n|-damage|p1a: Mew|64\/100\n|\n|upkeep\n|turn|32\n|\n|t:|1699463354\n|move|p1a: Mew|Transform|p2a: Ceruledge\n|-transform|p1a: Mew|p2a: Ceruledge\n|cant|p2a: Ceruledge|move: Imprison|Bitter Blade\n|\n|-end|p2a: Ceruledge|move: Taunt\n|upkeep\n|turn|33\n|\n|t:|1699463360\n|move|p1a: Mew|Bulk Up|p1a: Mew\n|-boost|p1a: Mew|atk|1\n|-boost|p1a: Mew|def|1\n|-activate|p2a: Ceruledge|move: Struggle\n|move|p2a: Ceruledge|Struggle|p1a: Mew\n|-damage|p1a: Mew|58\/100\n|-damage|p2a: Ceruledge|75\/100 par|[from] recoil\n|\n|-heal|p2a: Ceruledge|82\/100 par|[from] item: Leftovers\n|upkeep\n|turn|34\n|\n|t:|1699463374\n|move|p1a: Mew|Bulk Up|p1a: Mew\n|-boost|p1a: Mew|atk|1\n|-boost|p1a: Mew|def|1\n|-activate|p2a: Ceruledge|move: Struggle\n|move|p2a: Ceruledge|Struggle|p1a: Mew\n|-damage|p1a: Mew|53\/100\n|-damage|p2a: Ceruledge|56\/100 par|[from] recoil\n|\n|-heal|p2a: Ceruledge|63\/100 par|[from] item: Leftovers\n|-sideend|p1: TheGhostOfBloomaas|Reflect\n|upkeep\n|turn|35\n|\n|t:|1699463383\n|move|p1a: Mew|Bulk Up|p1a: Mew\n|-boost|p1a: Mew|atk|1\n|-boost|p1a: Mew|def|1\n|-activate|p2a: Ceruledge|move: Struggle\n|move|p2a: Ceruledge|Struggle|p1a: Mew\n|-damage|p1a: Mew|46\/100\n|-damage|p2a: Ceruledge|37\/100 par|[from] recoil\n|\n|-heal|p2a: Ceruledge|44\/100 par|[from] item: Leftovers\n|upkeep\n|turn|36\n|\n|t:|1699463391\n|move|p1a: Mew|Protect|p1a: Mew\n|-singleturn|p1a: Mew|Protect\n|-activate|p2a: Ceruledge|move: Struggle\n|move|p2a: Ceruledge|Struggle|p1a: Mew\n|-activate|p1a: Mew|move: Protect\n|\n|-heal|p2a: Ceruledge|50\/100 par|[from] item: Leftovers\n|-sideend|p1: TheGhostOfBloomaas|move: Light Screen\n|upkeep\n|turn|37\n|\n|t:|1699463398\n|move|p1a: Mew|Bulk Up|p1a: Mew\n|-boost|p1a: Mew|atk|1\n|-boost|p1a: Mew|def|1\n|-activate|p2a: Ceruledge|move: Struggle\n|move|p2a: Ceruledge|Struggle|p1a: Mew\n|-damage|p1a: Mew|39\/100\n|-damage|p2a: Ceruledge|25\/100 par|[from] recoil\n|\n|-heal|p2a: Ceruledge|31\/100 par|[from] item: Leftovers\n|upkeep\n|turn|38\n|j| clfegg\n|\n|t:|1699463407\n|move|p1a: Mew|Bulk Up|p1a: Mew\n|-boost|p1a: Mew|atk|1\n|-boost|p1a: Mew|def|1\n|-activate|p2a: Ceruledge|move: Struggle\n|move|p2a: Ceruledge|Struggle|p1a: Mew\n|-damage|p1a: Mew|33\/100\n|-damage|p2a: Ceruledge|6\/100 par|[from] recoil\n|\n|-heal|p2a: Ceruledge|12\/100 par|[from] item: Leftovers\n|upkeep\n|turn|39\n|\n|t:|1699463416\n|move|p1a: Mew|Protect|p1a: Mew\n|-singleturn|p1a: Mew|Protect\n|-activate|p2a: Ceruledge|move: Struggle\n|move|p2a: Ceruledge|Struggle|p1a: Mew\n|-activate|p1a: Mew|move: Protect\n|\n|-heal|p2a: Ceruledge|18\/100 par|[from] item: Leftovers\n|upkeep\n|turn|40\n|\n|t:|1699463426\n|move|p1a: Mew|Bitter Blade|p2a: Ceruledge\n|-start|p2a: Ceruledge|ability: Flash Fire\n|-activate|p2a: Ceruledge|move: Struggle\n|move|p2a: Ceruledge|Struggle|p1a: Mew\n|-damage|p1a: Mew|27\/100\n|-damage|p2a: Ceruledge|0 fnt|[from] recoil\n|faint|p2a: Ceruledge\n|\n|upkeep\n|\n|t:|1699463434\n|switch|p2a: bry|Meowscarada, M|100\/100\n|-activate|p2a: bry|move: Sticky Web\n|-unboost|p2a: bry|spe|1\n|turn|41\n|\n|t:|1699463444\n|move|p2a: bry|Flower Trick|p1a: Mew\n|-resisted|p1a: Mew\n|-crit|p1a: Mew\n|-damage|p1a: Mew|1\/100\n|move|p1a: Mew|Bitter Blade|p2a: bry\n|-supereffective|p2a: bry\n|-damage|p2a: bry|0 fnt\n|-heal|p1a: Mew|43\/100|[from] drain|[of] p2a: bry\n|faint|p2a: bry\n|\n|win|TheGhostOfBloomaas\n|raw|TheGhostOfBloomaas's rating: 1037 &rarr; <strong>1069<\/strong><br \/>(+32 for winning)\n|raw|bry2000's rating: 1013 &rarr; <strong>1002<\/strong><br \/>(-11 for losing)\n|l|\u2606bry2000\n|c|\u2606TheGhostOfBloomaas|GG\n","uploadtime":1699463474,"views":14,"p1id":"theghostofbloomaas","p2id":"bry2000","formatid":"gen9ubers","rating":1002,"private":0,"password":""}