{"id":"gen9ubers-1994848152","p1":"Primordiallite","p2":"Alpha1013","format":"[Gen 9] Ubers","log":"|j|\u2606Primordiallite\n|j|\u2606Alpha1013\n|t:|1700498318\n|gametype|singles\n|player|p1|Primordiallite|boarder|\n|player|p2|Alpha1013|#hpliiiruiners|\n|teamsize|p1|6\n|teamsize|p2|6\n|gen|9\n|tier|[Gen 9] Ubers\n|rated|Tournament battle\n|rule|Sleep Clause Mod: Limit one foe put to sleep\n|rule|Species Clause: Limit one of each Pok\u00e9mon\n|rule|OHKO Clause: OHKO moves are banned\n|rule|Evasion Items Clause: Evasion items are banned\n|rule|Evasion Moves Clause: Evasion moves are banned\n|rule|Endless Battle Clause: Forcing endless battles is banned\n|rule|HP Percentage Mod: HP is shown in percentages\n|clearpoke\n|poke|p1|Toxapex, M|\n|poke|p1|Clodsire, M|\n|poke|p1|Koraidon|\n|poke|p1|Giratina-Origin|\n|poke|p1|Dondozo, F|\n|poke|p1|Blissey, F|\n|poke|p2|Blissey, F|\n|poke|p2|Dondozo, M|\n|poke|p2|Alomomola, M|\n|poke|p2|Clodsire, F|\n|poke|p2|Toxapex, F|\n|poke|p2|Giratina-Origin|\n|teampreview\n|inactive|Battle timer is ON: inactive players will automatically lose when time's up. (requested by Primordiallite)\n|j| ZowwyCafe\u2764\n|c|\u2606Alpha1013|damn bri\n|c|\u2606Alpha1013|really\n|j| A-Pec 110\n|c|\u2606Primordiallite|damn\n|j| Dread Hades 0\n|j|+OreoSpeedruns\n|c|\u2606Alpha1013|lol\n|c|+OreoSpeedruns|oh no.\n|c|\u2606Alpha1013|this game is not ending\n|c| Dread Hades 0|lol this is gona be\n|c|\u2606Alpha1013|any time soon\n|inactive|Primordiallite has 120 seconds left.\n|c|\u2606Alpha1013|300 turns\n|c| Dread Hades 0|a looooong\n|c|\u2606Alpha1013|smh\n|c|\u2606Primordiallite|Alpha\n|c| Dread Hades 0|match\n|c|\u2606Primordiallite|Do u main ag or ubers\n|c|\u2606Alpha1013|toss\n|c|\u2606Alpha1013|yes\n|c|\u2606Alpha1013|I do\n|c|\u2606Alpha1013|and sm ou\n|inactive|Primordiallite has 90 seconds left.\n|c| Dread Hades 0|well i hope alpha wins\n|c|\u2606Alpha1013|I play both\n|\n|t:|1700498386\n|start\n|switch|p1a: pleb|Giratina-Origin|100\/100\n|switch|p2a: Blissey|Blissey, F|100\/100\n|turn|1\n|c|\u2606Alpha1013|kek\n|c|\u2606Alpha1013|Primo\n|c| ZowwyCafe\u2764|gl rrrrrrrrrragib >:D\n|c|\u2606Primordiallite|I see\n|c|\u2606Alpha1013|waana play 100 turns\n|c|\u2606Alpha1013|if no mon\n|c|\u2606Alpha1013|dies\n|c|\u2606Alpha1013|lets toss\n|\n|t:|1700498406\n|switch|p1a: boraimon|Koraidon|100\/100\n|-weather|SunnyDay|[from] ability: Orichalcum Pulse|[of] p1a: boraimon\n|-activate|p1a: boraimon|Orichalcum Pulse|[source]\n|move|p2a: Blissey|Stealth Rock|p1a: boraimon\n|-sidestart|p1: Primordiallite|move: Stealth Rock\n|\n|-weather|SunnyDay|[upkeep]\n|upkeep\n|turn|2\n|c|\u2606Primordiallite|Sus\n|\n|t:|1700498419\n|switch|p2a: Dondozo|Dondozo, M|100\/100\n|move|p1a: boraimon|Dragon Claw|p2a: Dondozo\n|-damage|p2a: Dondozo|56\/100\n|\n|-weather|SunnyDay|[upkeep]\n|upkeep\n|turn|3\n|c|\u2606Alpha1013|wow\n|c|\u2606Alpha1013|loads\n|\n|t:|1700498431\n|move|p1a: boraimon|Dragon Claw|p2a: Dondozo\n|-damage|p2a: Dondozo|18\/100\n|move|p2a: Dondozo|Avalanche|p1a: boraimon\n|-supereffective|p1a: boraimon\n|-damage|p1a: boraimon|60\/100\n|\n|-weather|SunnyDay|[upkeep]\n|upkeep\n|turn|4\n|\n|t:|1700498449\n|switch|p2a: Toxapex|Toxapex, F|100\/100\n|move|p1a: boraimon|Dragon Claw|p2a: Toxapex\n|-damage|p2a: Toxapex|27\/100\n|\n|-weather|SunnyDay|[upkeep]\n|upkeep\n|turn|5\n|\n|t:|1700498455\n|move|p2a: Toxapex|Baneful Bunker|p2a: Toxapex\n|-singleturn|p2a: Toxapex|move: Protect\n|move|p1a: boraimon|Dragon Claw|p2a: Toxapex\n|-activate|p2a: Toxapex|move: Protect\n|-status|p1a: boraimon|psn\n|\n|-weather|none\n|-damage|p1a: boraimon|47\/100 psn|[from] psn\n|upkeep\n|turn|6\n|\n|t:|1700498471\n|switch|p1a: Egg|Blissey, F|100\/100\n|-terastallize|p2a: Toxapex|Fairy\n|move|p2a: Toxapex|Poison Jab|p1a: Egg\n|-damage|p1a: Egg|81\/100\n|\n|upkeep\n|turn|7\n|\n|t:|1700498478\n|switch|p2a: Giratina|Giratina-Origin|100\/100\n|move|p1a: Egg|Seismic Toss|p2a: Giratina\n|-immune|p2a: Giratina\n|\n|upkeep\n|turn|8\n|\n|t:|1700498481\n|move|p2a: Giratina|Will-O-Wisp|p1a: Egg\n|-status|p1a: Egg|brn\n|move|p1a: Egg|Heal Bell|p1a: Egg\n|-activate|p1a: Egg|move: Heal Bell\n|-curestatus|p1a: Egg|brn|[msg]\n|-curestatus|p1: boraimon|psn|[msg]\n|\n|upkeep\n|turn|9\n|\n|t:|1700498494\n|switch|p1a: bonchozo|Dondozo, F|100\/100\n|move|p2a: Giratina|Will-O-Wisp|p1a: bonchozo\n|-status|p1a: bonchozo|brn\n|\n|-damage|p1a: bonchozo|94\/100 brn|[from] brn\n|upkeep\n|turn|10\n|\n|t:|1700498500\n|switch|p1a: bleb|Clodsire, M|100\/100\n|-damage|p1a: bleb|94\/100|[from] Stealth Rock\n|move|p2a: Giratina|Hex|p1a: bleb\n|-damage|p1a: bleb|76\/100\n|\n|-heal|p1a: bleb|82\/100|[from] item: Leftovers\n|upkeep\n|turn|11\n|\n|t:|1700498502\n|move|p2a: Giratina|Will-O-Wisp|p1a: bleb\n|-status|p1a: bleb|brn\n|move|p1a: bleb|Poison Jab|p2a: Giratina\n|-resisted|p2a: Giratina\n|-damage|p2a: Giratina|98\/100\n|-status|p2a: Giratina|psn\n|\n|-heal|p1a: bleb|88\/100 brn|[from] item: Leftovers\n|-damage|p2a: Giratina|85\/100 psn|[from] psn\n|-damage|p1a: bleb|82\/100 brn|[from] brn\n|upkeep\n|turn|12\n|\n|t:|1700498506\n|move|p2a: Giratina|Hex|p1a: bleb\n|-damage|p1a: bleb|48\/100 brn\n|move|p1a: bleb|Stealth Rock|p2a: Giratina\n|-sidestart|p2: Alpha1013|move: Stealth Rock\n|\n|-heal|p1a: bleb|54\/100 brn|[from] item: Leftovers\n|-damage|p2a: Giratina|73\/100 psn|[from] psn\n|-damage|p1a: bleb|48\/100 brn|[from] brn\n|upkeep\n|turn|13\n|\n|t:|1700498509\n|move|p1a: bleb|Recover|p1a: bleb\n|-heal|p1a: bleb|98\/100 brn\n|move|p2a: Giratina|Dragon Tail|p1a: bleb\n|-damage|p1a: bleb|67\/100 brn\n|drag|p1a: poxatex|Toxapex, M|100\/100\n|\n|-damage|p2a: Giratina|61\/100 psn|[from] psn\n|upkeep\n|turn|14\n|\n|t:|1700498514\n|switch|p2a: Blissey|Blissey, F|100\/100\n|switch|p1a: Egg|Blissey, F|81\/100\n|\n|upkeep\n|turn|15\n|c|\u2606Alpha1013|ayein\n|c|\u2606Alpha1013|I dont have heal bell\n|l| Dread Hades 0\n|c|\u2606Alpha1013|crazy\n|\n|t:|1700498531\n|move|p2a: Blissey|Seismic Toss|p1a: Egg\n|-damage|p1a: Egg|66\/100\n|move|p1a: Egg|Heal Bell|p1a: Egg\n|-activate|p1a: Egg|move: Heal Bell\n|-curestatus|p1: bonchozo|brn|[msg]\n|-curestatus|p1: bleb|brn|[msg]\n|\n|upkeep\n|turn|16\n|c|\u2606Primordiallite|Truly\n|\n|t:|1700498541\n|switch|p1a: bonchozo|Dondozo, F|94\/100\n|move|p2a: Blissey|Seismic Toss|p1a: bonchozo\n|-damage|p1a: bonchozo|75\/100\n|\n|upkeep\n|turn|17\n|\n|t:|1700498566\n|switch|p2a: Dondozo|Dondozo, M|18\/100\n|move|p1a: bonchozo|Body Press|p2a: Dondozo\n|-damage|p2a: Dondozo|6\/100\n|\n|upkeep\n|turn|18\n|\n|t:|1700498570\n|move|p1a: bonchozo|Body Press|p2a: Dondozo\n|-damage|p2a: Dondozo|0 fnt\n|faint|p2a: Dondozo\n|\n|upkeep\n|c|\u2606Alpha1013|nooooooo\n|c| ZowwyCafe\u2764|omg\n|-message|Alpha1013 forfeited.\n|\n|win|Primordiallite\n|n|\u2606Primordiallite|primordiallite\n|n|\u2606Alpha1013|alpha1013\n|n| ZowwyCafe\u2764|zowwycafe\n|n| A-Pec 110|apec110\n|n| OreoSpeedruns|oreospeedruns\n","uploadtime":1700498579,"views":1,"p1id":"primordiallite","p2id":"alpha1013","formatid":"gen9ubers","rating":0,"private":0,"password":""}