{"id":"gen9ubers-1969758631","p1":"MeteorAsh15","p2":"YounJagger","format":"[Gen 9] Ubers","log":"|j|\u2606MeteorAsh15\n|j|\u2606YounJagger\n|t:|1697563191\n|gametype|singles\n|player|p1|MeteorAsh15|nate|1061\n|player|p2|YounJagger|1|1000\n|teamsize|p1|6\n|teamsize|p2|6\n|gen|9\n|tier|[Gen 9] Ubers\n|rated|\n|rule|Sleep Clause Mod: Limit one foe put to sleep\n|rule|Species Clause: Limit one of each Pok\u00e9mon\n|rule|OHKO Clause: OHKO moves are banned\n|rule|Evasion Items Clause: Evasion items are banned\n|rule|Evasion Moves Clause: Evasion moves are banned\n|rule|Endless Battle Clause: Forcing endless battles is banned\n|rule|HP Percentage Mod: HP is shown in percentages\n|clearpoke\n|poke|p1|Mew|\n|poke|p1|Zacian-*|\n|poke|p1|Espathra, F|\n|poke|p1|Eternatus|\n|poke|p1|Ninetales-Alola, F|\n|poke|p1|Baxcalibur, F|\n|poke|p2|Regieleki|\n|poke|p2|Iron Moth|\n|poke|p2|Grimmsnarl, M|\n|poke|p2|Diancie|\n|poke|p2|Dragapult, F|\n|poke|p2|Kingambit, M|\n|teampreview\n|inactive|Battle timer is ON: inactive players will automatically lose when time's up. (requested by MeteorAsh15)\n|\n|t:|1697563203\n|start\n|switch|p1a: Mew|Mew, shiny|100\/100\n|switch|p2a: Regieleki|Regieleki|100\/100\n|turn|1\n|\n|t:|1697563223\n|move|p2a: Regieleki|Thunder Wave|p1a: Mew\n|-status|p1a: Mew|par\n|-activate|p1a: Mew|ability: Synchronize\n|-immune|p2a: Regieleki\n|move|p1a: Mew|Stealth Rock|p2a: Regieleki\n|-sidestart|p2: YounJagger|move: Stealth Rock\n|\n|upkeep\n|turn|2\n|\n|t:|1697563233\n|move|p2a: Regieleki|Thunder|p1a: Mew\n|-damage|p1a: Mew|28\/100 par\n|-enditem|p1a: Mew|Red Card|[of] p2a: Regieleki\n|drag|p2a: Grimmsnarl|Grimmsnarl, M|100\/100\n|-damage|p2a: Grimmsnarl|88\/100|[from] Stealth Rock\n|move|p1a: Mew|Toxic Spikes|p2a: Grimmsnarl\n|-sidestart|p2: YounJagger|move: Toxic Spikes\n|\n|upkeep\n|turn|3\n|\n|t:|1697563257\n|cant|p1a: Mew|par\n|move|p2a: Grimmsnarl|Play Rough|p1a: Mew\n|-damage|p1a: Mew|0 fnt\n|faint|p1a: Mew\n|\n|upkeep\n|\n|t:|1697563269\n|switch|p1a: Zacian|Zacian-Crowned|100\/100\n|-ability|p1a: Zacian|Intrepid Sword|boost\n|-boost|p1a: Zacian|atk|1\n|turn|4\n|inactive|YounJagger has 120 seconds left.\n|\n|t:|1697563302\n|move|p1a: Zacian|Behemoth Blade|p2a: Grimmsnarl\n|-supereffective|p2a: Grimmsnarl\n|-damage|p2a: Grimmsnarl|0 fnt\n|faint|p2a: Grimmsnarl\n|\n|upkeep\n|inactive|YounJagger has 90 seconds left.\n|\n|t:|1697563342\n|switch|p2a: Iron Moth|Iron Moth, shiny|100\/100\n|-damage|p2a: Iron Moth|76\/100|[from] Stealth Rock\n|-sideend|p2: YounJagger|move: Toxic Spikes|[of] p2a: Iron Moth\n|-enditem|p2a: Iron Moth|Booster Energy\n|-activate|p2a: Iron Moth|ability: Quark Drive|[fromitem]\n|-start|p2a: Iron Moth|quarkdrivespa\n|turn|5\n|\n|t:|1697563354\n|move|p1a: Zacian|Behemoth Blade|p2a: Iron Moth\n|-resisted|p2a: Iron Moth\n|-damage|p2a: Iron Moth|4\/100\n|move|p2a: Iron Moth|Toxic Spikes|p1a: Zacian\n|-sidestart|p1: MeteorAsh15|move: Toxic Spikes\n|\n|upkeep\n|turn|6\n|\n|t:|1697563368\n|move|p1a: Zacian|Crunch|p2a: Iron Moth\n|-damage|p2a: Iron Moth|0 fnt\n|faint|p2a: Iron Moth\n|-end|p2a: Iron Moth|Quark Drive|[silent]\n|\n|upkeep\n|\n|t:|1697563378\n|switch|p2a: Regieleki|Regieleki|100\/100\n|-damage|p2a: Regieleki|88\/100|[from] Stealth Rock\n|turn|7\n|\n|t:|1697563389\n|move|p2a: Regieleki|Thunder Wave|p1a: Zacian\n|-status|p1a: Zacian|par\n|move|p1a: Zacian|Behemoth Blade|p2a: Regieleki\n|-resisted|p2a: Regieleki\n|-damage|p2a: Regieleki|19\/100\n|\n|upkeep\n|turn|8\n|\n|t:|1697563402\n|move|p2a: Regieleki|Thunder|p1a: Zacian|[miss]\n|-miss|p2a: Regieleki|p1a: Zacian\n|cant|p1a: Zacian|par\n|\n|upkeep\n|turn|9\n|\n|t:|1697563412\n|move|p2a: Regieleki|Thunder|p1a: Zacian\n|-damage|p1a: Zacian|34\/100 par\n|move|p1a: Zacian|Crunch|p2a: Regieleki\n|-damage|p2a: Regieleki|0 fnt\n|faint|p2a: Regieleki\n|\n|upkeep\n|\n|t:|1697563420\n|switch|p2a: Dragapult|Dragapult, F|100\/100\n|-damage|p2a: Dragapult|88\/100|[from] Stealth Rock\n|turn|10\n|\n|t:|1697563430\n|move|p2a: Dragapult|Psychic Fangs|p1a: Zacian\n|-resisted|p1a: Zacian\n|-damage|p1a: Zacian|22\/100 par\n|move|p1a: Zacian|Play Rough|p2a: Dragapult\n|-supereffective|p2a: Dragapult\n|-damage|p2a: Dragapult|0 fnt\n|-damage|p1a: Zacian|5\/100 par|[from] item: Rocky Helmet|[of] p2a: Dragapult\n|faint|p2a: Dragapult\n|\n|upkeep\n|\n|t:|1697563438\n|switch|p2a: Kingambit|Kingambit, M|100\/100\n|-damage|p2a: Kingambit|95\/100|[from] Stealth Rock\n|-activate|p2a: Kingambit|ability: Supreme Overlord\n|-start|p2a: Kingambit|fallen4|[silent]\n|turn|11\n|inactive|YounJagger has 90 seconds left.\n|\n|t:|1697563450\n|move|p2a: Kingambit|Sucker Punch|p1a: Zacian\n|-resisted|p1a: Zacian\n|-damage|p1a: Zacian|0 fnt\n|faint|p1a: Zacian\n|\n|upkeep\n|\n|t:|1697563456\n|switch|p1a: Eternatus|Eternatus|100\/100\n|-sideend|p1: MeteorAsh15|move: Toxic Spikes|[of] p1a: Eternatus\n|-ability|p1a: Eternatus|Pressure\n|turn|12\n|inactive|YounJagger has 90 seconds left.\n|\n|t:|1697563473\n|move|p1a: Eternatus|Flamethrower|p2a: Kingambit\n|-supereffective|p2a: Kingambit\n|-damage|p2a: Kingambit|2\/100\n|move|p2a: Kingambit|Iron Head|p1a: Eternatus\n|-damage|p1a: Eternatus|51\/100\n|\n|upkeep\n|turn|13\n|inactive|YounJagger has 90 seconds left.\n|\n|t:|1697563482\n|move|p2a: Kingambit|Sucker Punch|p1a: Eternatus\n|-damage|p1a: Eternatus|12\/100\n|move|p1a: Eternatus|Flamethrower|p2a: Kingambit\n|-supereffective|p2a: Kingambit\n|-damage|p2a: Kingambit|0 fnt\n|faint|p2a: Kingambit\n|-end|p2a: Kingambit|fallen4|[silent]\n|\n|upkeep\n|inactive|YounJagger has 90 seconds left.\n|\n|t:|1697563489\n|switch|p2a: Diancie|Diancie|100\/100\n|-damage|p2a: Diancie|88\/100|[from] Stealth Rock\n|turn|14\n|\n|t:|1697563499\n|move|p1a: Eternatus|Flash Cannon|p2a: Diancie\n|-supereffective|p2a: Diancie\n|-damage|p2a: Diancie|0 fnt\n|faint|p2a: Diancie\n|\n|win|MeteorAsh15\n|raw|MeteorAsh15's rating: 1061 &rarr; <strong>1086<\/strong><br \/>(+25 for winning)\n|raw|YounJagger's rating: 1000 &rarr; <strong>1000<\/strong><br \/>(+0 for losing)\n|l|\u2606YounJagger\n|c|\u2606MeteorAsh15|Gg\n","uploadtime":1697563513,"views":9,"p1id":"meteorash15","p2id":"younjagger","formatid":"gen9ubers","rating":1000,"private":0,"password":""}