{"id":"gen9ubers-1973821153","p1":"PeterGriffin2","p2":"Anne Frankkkk","format":"[Gen 9] Ubers","log":"|j|\u2606PeterGriffin2\n|j|\u2606Anne Frankkkk\n|t:|1698017144\n|gametype|singles\n|player|p1|PeterGriffin2|265|1167\n|player|p2|Anne Frankkkk|hilbert|1151\n|teamsize|p1|6\n|teamsize|p2|6\n|gen|9\n|tier|[Gen 9] Ubers\n|rated|\n|rule|Sleep Clause Mod: Limit one foe put to sleep\n|rule|Species Clause: Limit one of each Pok\u00e9mon\n|rule|OHKO Clause: OHKO moves are banned\n|rule|Evasion Items Clause: Evasion items are banned\n|rule|Evasion Moves Clause: Evasion moves are banned\n|rule|Endless Battle Clause: Forcing endless battles is banned\n|rule|HP Percentage Mod: HP is shown in percentages\n|clearpoke\n|poke|p1|Enamorus, F|\n|poke|p1|Greninja-*, M|\n|poke|p1|Regieleki|\n|poke|p1|Gliscor, F|\n|poke|p1|Gholdengo|\n|poke|p1|Miraidon|\n|poke|p2|Iron Hands|\n|poke|p2|Kyogre|\n|poke|p2|Chien-Pao|\n|poke|p2|Ribombee, F|\n|poke|p2|Miraidon|\n|poke|p2|Flutter Mane|\n|teampreview\n|\n|t:|1698017149\n|start\n|switch|p1a: Regieleki|Regieleki|100\/100\n|switch|p2a: Ribombee|Ribombee, F, shiny|100\/100\n|turn|1\n|\n|t:|1698017155\n|move|p1a: Regieleki|Light Screen|p1a: Regieleki\n|-sidestart|p1: PeterGriffin2|move: Light Screen\n|move|p2a: Ribombee|Sticky Web|p1a: Regieleki\n|-sidestart|p1: PeterGriffin2|move: Sticky Web\n|\n|upkeep\n|turn|2\n|\n|t:|1698017171\n|switch|p2a: Iron Hands|Iron Hands, shiny|100\/100\n|move|p1a: Regieleki|Rapid Spin|p2a: Iron Hands\n|-damage|p2a: Iron Hands|94\/100\n|-boost|p1a: Regieleki|spe|1\n|-sideend|p1: PeterGriffin2|Sticky Web|[from] move: Rapid Spin|[of] p1a: Regieleki\n|\n|upkeep\n|turn|3\n|inactive|Battle timer is ON: inactive players will automatically lose when time's up. (requested by Anne Frankkkk)\n|\n|t:|1698017181\n|move|p2a: Iron Hands|Fake Out|p1a: Regieleki\n|-damage|p1a: Regieleki|73\/100\n|cant|p1a: Regieleki|flinch\n|\n|upkeep\n|turn|4\n|\n|t:|1698017193\n|move|p1a: Regieleki|Reflect|p1a: Regieleki\n|-sidestart|p1: PeterGriffin2|Reflect\n|move|p2a: Iron Hands|Heavy Slam|p1a: Regieleki\n|-resisted|p1a: Regieleki\n|-damage|p1a: Regieleki|64\/100\n|\n|upkeep\n|turn|5\n|\n|t:|1698017217\n|switch|p1a: Gliscor|Gliscor, F|100\/100\n|move|p2a: Iron Hands|Drain Punch|p1a: Gliscor\n|-resisted|p1a: Gliscor\n|-damage|p1a: Gliscor|89\/100\n|-heal|p2a: Iron Hands|98\/100|[from] drain|[of] p1a: Gliscor\n|\n|-status|p1a: Gliscor|tox|[from] item: Toxic Orb\n|upkeep\n|turn|6\n|\n|t:|1698017228\n|move|p1a: Gliscor|Swords Dance|p1a: Gliscor\n|-boost|p1a: Gliscor|atk|2\n|move|p2a: Iron Hands|Heavy Slam|p1a: Gliscor\n|-damage|p1a: Gliscor|67\/100 tox\n|\n|-heal|p1a: Gliscor|79\/100 tox|[from] ability: Poison Heal\n|upkeep\n|turn|7\n|\n|t:|1698017244\n|move|p1a: Gliscor|Swords Dance|p1a: Gliscor\n|-boost|p1a: Gliscor|atk|2\n|move|p2a: Iron Hands|Heavy Slam|p1a: Gliscor\n|-damage|p1a: Gliscor|58\/100 tox\n|\n|-heal|p1a: Gliscor|70\/100 tox|[from] ability: Poison Heal\n|upkeep\n|turn|8\n|\n|t:|1698017252\n|move|p1a: Gliscor|Earth Power|p2a: Iron Hands\n|-supereffective|p2a: Iron Hands\n|-damage|p2a: Iron Hands|78\/100\n|move|p2a: Iron Hands|Heavy Slam|p1a: Gliscor\n|-crit|p1a: Gliscor\n|-damage|p1a: Gliscor|0 fnt\n|faint|p1a: Gliscor\n|\n|-sideend|p1: PeterGriffin2|move: Light Screen\n|upkeep\n|inactive|PeterGriffin2 has 120 seconds left.\n|c|\u2606PeterGriffin2|just made this team\n|c|\u2606PeterGriffin2|earth power instead of earthquake\n|c|\u2606PeterGriffin2|classic\n|\n|t:|1698017295\n|switch|p1a: Miraidon|Miraidon|100\/100\n|-fieldstart|move: Electric Terrain|[from] ability: Hadron Engine|[of] p1a: Miraidon\n|-activate|p2a: Iron Hands|ability: Quark Drive\n|-start|p2a: Iron Hands|quarkdriveatk\n|turn|9\n|\n|t:|1698017314\n|move|p1a: Miraidon|Draco Meteor|p2a: Iron Hands\n|-damage|p2a: Iron Hands|25\/100\n|-unboost|p1a: Miraidon|spa|2\n|move|p2a: Iron Hands|Drain Punch|p1a: Miraidon\n|-damage|p1a: Miraidon|73\/100\n|-heal|p2a: Iron Hands|34\/100|[from] drain|[of] p1a: Miraidon\n|\n|upkeep\n|turn|10\n|\n|t:|1698017323\n|move|p1a: Miraidon|Draco Meteor|p2a: Iron Hands\n|-damage|p2a: Iron Hands|4\/100\n|-unboost|p1a: Miraidon|spa|2\n|move|p2a: Iron Hands|Drain Punch|p1a: Miraidon\n|-damage|p1a: Miraidon|42\/100\n|-heal|p2a: Iron Hands|15\/100|[from] drain|[of] p1a: Miraidon\n|\n|upkeep\n|turn|11\n|\n|t:|1698017335\n|move|p1a: Miraidon|Draco Meteor|p2a: Iron Hands|[miss]\n|-miss|p1a: Miraidon|p2a: Iron Hands\n|move|p2a: Iron Hands|Drain Punch|p1a: Miraidon\n|-damage|p1a: Miraidon|12\/100\n|-heal|p2a: Iron Hands|25\/100|[from] drain|[of] p1a: Miraidon\n|\n|-sideend|p1: PeterGriffin2|Reflect\n|upkeep\n|turn|12\n|\n|t:|1698017345\n|switch|p1a: Enamorus|Enamorus, F|100\/100\n|move|p2a: Iron Hands|Drain Punch|p1a: Enamorus\n|-resisted|p1a: Enamorus\n|-damage|p1a: Enamorus|78\/100\n|-heal|p2a: Iron Hands|31\/100|[from] drain|[of] p1a: Enamorus\n|\n|upkeep\n|turn|13\n|\n|t:|1698017357\n|move|p1a: Enamorus|Play Rough|p2a: Iron Hands\n|-supereffective|p2a: Iron Hands\n|-damage|p2a: Iron Hands|0 fnt\n|faint|p2a: Iron Hands\n|-end|p2a: Iron Hands|Quark Drive|[silent]\n|\n|-fieldend|move: Electric Terrain\n|upkeep\n|\n|t:|1698017363\n|switch|p2a: Ribombee|Ribombee, F, shiny|100\/100\n|turn|14\n|inactive|PeterGriffin2 has 120 seconds left.\n|\n|t:|1698017373\n|switch|p1a: Gholdengo|Gholdengo|100\/100\n|move|p2a: Ribombee|Sticky Web|p1a: Gholdengo\n|-sidestart|p1: PeterGriffin2|move: Sticky Web\n|\n|upkeep\n|turn|15\n|\n|t:|1698017378\n|move|p2a: Ribombee|Moonblast|p1a: Gholdengo\n|-resisted|p1a: Gholdengo\n|-damage|p1a: Gholdengo|77\/100\n|move|p1a: Gholdengo|Make It Rain|p2a: Ribombee\n|-supereffective|p2a: Ribombee\n|-enditem|p2a: Ribombee|Focus Sash\n|-damage|p2a: Ribombee|1\/100\n|-unboost|p1a: Gholdengo|spa|1\n|\n|upkeep\n|turn|16\n|\n|t:|1698017388\n|move|p2a: Ribombee|Moonblast|p1a: Gholdengo\n|-resisted|p1a: Gholdengo\n|-damage|p1a: Gholdengo|53\/100\n|move|p1a: Gholdengo|Make It Rain|p2a: Ribombee\n|-supereffective|p2a: Ribombee\n|-damage|p2a: Ribombee|0 fnt\n|-unboost|p1a: Gholdengo|spa|1\n|faint|p2a: Ribombee\n|\n|upkeep\n|\n|t:|1698017400\n|switch|p2a: Kyogre|Kyogre|100\/100\n|-weather|RainDance|[from] ability: Drizzle|[of] p2a: Kyogre\n|turn|17\n|\n|t:|1698017406\n|switch|p1a: Greninja|Greninja, M|100\/100\n|-activate|p1a: Greninja|move: Sticky Web\n|-unboost|p1a: Greninja|spe|1\n|move|p2a: Kyogre|Water Spout|p1a: Greninja\n|-resisted|p1a: Greninja\n|-crit|p1a: Greninja\n|-damage|p1a: Greninja|0 fnt\n|faint|p1a: Greninja\n|\n|-weather|RainDance|[upkeep]\n|upkeep\n|\n|t:|1698017419\n|switch|p1a: Regieleki|Regieleki|64\/100\n|-activate|p1a: Regieleki|move: Sticky Web\n|-unboost|p1a: Regieleki|spe|1\n|turn|18\n|\n|t:|1698017423\n|switch|p2a: Flutter Mane|Flutter Mane, shiny|100\/100\n|-enditem|p2a: Flutter Mane|Booster Energy\n|-activate|p2a: Flutter Mane|ability: Protosynthesis|[fromitem]\n|-start|p2a: Flutter Mane|protosynthesisspa\n|move|p1a: Regieleki|Rapid Spin|p2a: Flutter Mane\n|-immune|p2a: Flutter Mane\n|\n|-weather|RainDance|[upkeep]\n|upkeep\n|turn|19\n|inactive|PeterGriffin2 has 120 seconds left.\n|inactive|PeterGriffin2 has 90 seconds left.\n|\n|t:|1698017502\n|move|p2a: Flutter Mane|Moonblast|p1a: Regieleki\n|-crit|p1a: Regieleki\n|-damage|p1a: Regieleki|0 fnt\n|faint|p1a: Regieleki\n|\n|-weather|RainDance|[upkeep]\n|upkeep\n|\n|t:|1698017509\n|switch|p1a: Miraidon|Miraidon|12\/100\n|-activate|p1a: Miraidon|move: Sticky Web\n|-unboost|p1a: Miraidon|spe|1\n|-fieldstart|move: Electric Terrain|[from] ability: Hadron Engine|[of] p1a: Miraidon\n|turn|20\n|\n|t:|1698017514\n|move|p1a: Miraidon|Electro Drift|p2a: Flutter Mane\n|-damage|p2a: Flutter Mane|0 fnt\n|faint|p2a: Flutter Mane\n|-end|p2a: Flutter Mane|Protosynthesis|[silent]\n|\n|-weather|RainDance|[upkeep]\n|upkeep\n|\n|t:|1698017523\n|switch|p2a: Chien-Pao|Chien-Pao|100\/100\n|-ability|p2a: Chien-Pao|Sword of Ruin\n|turn|21\n|inactive|PeterGriffin2 has 90 seconds left.\n|\n|t:|1698017534\n|switch|p1a: Gholdengo|Gholdengo|53\/100\n|-activate|p1a: Gholdengo|move: Sticky Web\n|-unboost|p1a: Gholdengo|spe|1\n|move|p2a: Chien-Pao|Sucker Punch||[still]\n|-fail|p2a: Chien-Pao\n|\n|-weather|none\n|upkeep\n|turn|22\n|\n|t:|1698017544\n|move|p2a: Chien-Pao|Sucker Punch|p1a: Gholdengo\n|-supereffective|p1a: Gholdengo\n|-damage|p1a: Gholdengo|0 fnt\n|faint|p1a: Gholdengo\n|-damage|p2a: Chien-Pao|91\/100|[from] item: Life Orb\n|\n|upkeep\n|\n|t:|1698017549\n|switch|p1a: Enamorus|Enamorus, F|78\/100\n|turn|23\n|\n|t:|1698017558\n|-terastallize|p1a: Enamorus|Fairy\n|move|p2a: Chien-Pao|Icicle Crash|p1a: Enamorus\n|-damage|p1a: Enamorus|0 fnt\n|faint|p1a: Enamorus\n|-damage|p2a: Chien-Pao|81\/100|[from] item: Life Orb\n|\n|upkeep\n|\n|t:|1698017573\n|switch|p1a: Miraidon|Miraidon|12\/100\n|-activate|p1a: Miraidon|move: Sticky Web\n|-unboost|p1a: Miraidon|spe|1\n|-activate|p1a: Miraidon|ability: Hadron Engine\n|turn|24\n|-message|PeterGriffin2 forfeited.\n|\n|win|Anne Frankkkk\n|raw|PeterGriffin2's rating: 1135 &rarr; <strong>1111<\/strong><br \/>(-24 for losing)\n|raw|Anne Frankkkk's rating: 1151 &rarr; <strong>1175<\/strong><br \/>(+24 for winning)\n|l|\u2606PeterGriffin2\n","uploadtime":1698017589,"views":9,"p1id":"petergriffin2","p2id":"annefrankkkk","formatid":"gen9ubers","rating":1111,"private":0,"password":""}