{"id":"gen9ubers-1994218432","p1":"Shadey_Shade","p2":"ssj3ku","format":"[Gen 9] Ubers","log":"|j|\u2606Shadey_Shade\n|j|\u2606ssj3ku\n|t:|1700420132\n|gametype|singles\n|player|p1|Shadey_Shade|1|1160\n|player|p2|ssj3ku|n|1111\n|teamsize|p1|6\n|teamsize|p2|6\n|gen|9\n|tier|[Gen 9] Ubers\n|rated|\n|rule|Sleep Clause Mod: Limit one foe put to sleep\n|rule|Species Clause: Limit one of each Pok\u00e9mon\n|rule|OHKO Clause: OHKO moves are banned\n|rule|Evasion Items Clause: Evasion items are banned\n|rule|Evasion Moves Clause: Evasion moves are banned\n|rule|Endless Battle Clause: Forcing endless battles is banned\n|rule|HP Percentage Mod: HP is shown in percentages\n|clearpoke\n|poke|p1|Chi-Yu|\n|poke|p1|Espathra, F|\n|poke|p1|Koraidon|\n|poke|p1|Flutter Mane|\n|poke|p1|Skeledirge, M|\n|poke|p1|Glimmora, F|\n|poke|p2|Toxtricity, M|\n|poke|p2|Gliscor, F|\n|poke|p2|Kingambit, M|\n|poke|p2|Decidueye-Hisui, M|\n|poke|p2|Salamence, M|\n|poke|p2|Chien-Pao|\n|teampreview\n|inactive|Battle timer is ON: inactive players will automatically lose when time's up. (requested by Shadey_Shade)\n|\n|t:|1700420143\n|start\n|switch|p1a: Glimmora|Glimmora, F|100\/100\n|switch|p2a: Gliscor|Gliscor, F, shiny|100\/100\n|turn|1\n|\n|t:|1700420151\n|move|p2a: Gliscor|Swords Dance|p2a: Gliscor\n|-boost|p2a: Gliscor|atk|2\n|move|p1a: Glimmora|Stealth Rock|p2a: Gliscor\n|-sidestart|p2: ssj3ku|move: Stealth Rock\n|\n|-status|p2a: Gliscor|tox|[from] item: Toxic Orb\n|upkeep\n|turn|2\n|\n|t:|1700420157\n|move|p2a: Gliscor|Swords Dance|p2a: Gliscor\n|-boost|p2a: Gliscor|atk|2\n|move|p1a: Glimmora|Power Gem|p2a: Gliscor\n|-damage|p2a: Gliscor|34\/100 tox\n|\n|-heal|p2a: Gliscor|47\/100 tox|[from] ability: Poison Heal\n|upkeep\n|turn|3\n|\n|t:|1700420165\n|move|p2a: Gliscor|Earthquake|p1a: Glimmora\n|-supereffective|p1a: Glimmora\n|-enditem|p1a: Glimmora|Focus Sash\n|-damage|p1a: Glimmora|1\/100\n|-activate|p1a: Glimmora|ability: Toxic Debris\n|-sidestart|p2: ssj3ku|move: Toxic Spikes\n|move|p1a: Glimmora|Power Gem|p2a: Gliscor\n|-damage|p2a: Gliscor|0 fnt\n|faint|p2a: Gliscor\n|\n|upkeep\n|\n|t:|1700420183\n|switch|p2a: Toxtricity|Toxtricity, M, shiny|100\/100\n|-damage|p2a: Toxtricity|88\/100|[from] Stealth Rock\n|-sideend|p2: ssj3ku|move: Toxic Spikes|[of] p2a: Toxtricity\n|turn|4\n|\n|t:|1700420190\n|move|p1a: Glimmora|Earth Power|p2a: Toxtricity\n|-supereffective|p2a: Toxtricity\n|-damage|p2a: Toxtricity|0 fnt\n|faint|p2a: Toxtricity\n|\n|upkeep\n|\n|t:|1700420201\n|switch|p2a: Chien-Pao|Chien-Pao|100\/100\n|-damage|p2a: Chien-Pao|76\/100|[from] Stealth Rock\n|-ability|p2a: Chien-Pao|Sword of Ruin\n|turn|5\n|\n|t:|1700420209\n|move|p2a: Chien-Pao|Ice Shard|p1a: Glimmora\n|-damage|p1a: Glimmora|0 fnt\n|-activate|p1a: Glimmora|ability: Toxic Debris\n|-sidestart|p2: ssj3ku|move: Toxic Spikes\n|faint|p1a: Glimmora\n|\n|upkeep\n|\n|t:|1700420223\n|switch|p1a: Chi-Yu|Chi-Yu|100\/100\n|-ability|p1a: Chi-Yu|Beads of Ruin\n|turn|6\n|c|\u2606ssj3ku|!dt toxic debris\n|raw|<ul class=\"utilichart\"><li class=\"result\"><span class=\"col namecol\"><a href=\"https:\/\/dex.pokemonshowdown.com\/abilities\/toxicdebris\">Toxic Debris<\/a><\/span> <span class=\"col abilitydesccol\">If this Pokemon is hit by a physical attack, Toxic Spikes are set on the opposing side.<\/span> <\/li><li style=\"clear:both\"><\/li><\/ul>\n|raw|<font size=\"1\"><font color=\"#686868\">Gen:<\/font> 9<\/font>\n\n|\n|t:|1700420241\n|move|p1a: Chi-Yu|Flamethrower|p2a: Chien-Pao\n|-supereffective|p2a: Chien-Pao\n|-damage|p2a: Chien-Pao|0 fnt\n|faint|p2a: Chien-Pao\n|\n|upkeep\n|j| InDaHouseSun\n|\n|t:|1700420246\n|switch|p2a: Robin Hoot|Decidueye-Hisui, M, shiny|100\/100\n|-damage|p2a: Robin Hoot|95\/100|[from] Stealth Rock\n|-status|p2a: Robin Hoot|psn\n|turn|7\n|l| InDaHouseSun\n|\n|t:|1700420270\n|move|p1a: Chi-Yu|Flamethrower|p2a: Robin Hoot\n|-supereffective|p2a: Robin Hoot\n|-damage|p2a: Robin Hoot|0 fnt\n|faint|p2a: Robin Hoot\n|\n|upkeep\n|\n|t:|1700420276\n|switch|p2a: Cwoissant|Salamence, M, shiny|100\/100\n|-damage|p2a: Cwoissant|76\/100|[from] Stealth Rock\n|turn|8\n|\n|t:|1700420286\n|move|p1a: Chi-Yu|Flamethrower|p2a: Cwoissant\n|-resisted|p2a: Cwoissant\n|-damage|p2a: Cwoissant|33\/100\n|move|p2a: Cwoissant|Dragon Dance|p2a: Cwoissant\n|-boost|p2a: Cwoissant|atk|1\n|-boost|p2a: Cwoissant|spe|1\n|\n|upkeep\n|turn|9\n|c|\u2606ssj3ku|fuck this fish man :(\n|inactive|Shadey_Shade has 120 seconds left.\n|\n|t:|1700420330\n|move|p1a: Chi-Yu|Flamethrower|p2a: Cwoissant\n|-resisted|p2a: Cwoissant\n|-damage|p2a: Cwoissant|0 fnt\n|faint|p2a: Cwoissant\n|\n|upkeep\n|\n|t:|1700420335\n|switch|p2a: Kingambit|Kingambit, M|100\/100\n|-activate|p2a: Kingambit|ability: Supreme Overlord\n|-start|p2a: Kingambit|fallen5|[silent]\n|turn|10\n|inactive|Shadey_Shade has 120 seconds left.\n|\n|t:|1700420357\n|move|p1a: Chi-Yu|Flamethrower|p2a: Kingambit\n|-supereffective|p2a: Kingambit\n|-damage|p2a: Kingambit|0 fnt\n|faint|p2a: Kingambit\n|-end|p2a: Kingambit|fallen5|[silent]\n|\n|win|Shadey_Shade\n|raw|Shadey_Shade's rating: 1160 &rarr; <strong>1181<\/strong><br \/>(+21 for winning)\n|raw|ssj3ku's rating: 1111 &rarr; <strong>1090<\/strong><br \/>(-21 for losing)\n","uploadtime":1700420317,"views":9,"p1id":"shadeyshade","p2id":"ssj3ku","formatid":"gen9ubers","rating":1090,"private":0,"password":""}