{"id":"gen9ubers-1984142665","p1":"iboxedyou","p2":"CommissarWhite","format":"[Gen 9] Ubers","log":"|j|\u2606iboxedyou\n|j|\u2606CommissarWhite\n|t:|1699223125\n|gametype|singles\n|player|p1|iboxedyou|170|\n|player|p2|CommissarWhite|2|\n|teamsize|p1|6\n|teamsize|p2|6\n|gen|9\n|tier|[Gen 9] Ubers\n|rule|Sleep Clause Mod: Limit one foe put to sleep\n|rule|Species Clause: Limit one of each Pok\u00e9mon\n|rule|OHKO Clause: OHKO moves are banned\n|rule|Evasion Items Clause: Evasion items are banned\n|rule|Evasion Moves Clause: Evasion moves are banned\n|rule|Endless Battle Clause: Forcing endless battles is banned\n|rule|HP Percentage Mod: HP is shown in percentages\n|clearpoke\n|poke|p1|Dondozo, F|\n|poke|p1|Staraptor, F|\n|poke|p1|Iron Moth|\n|poke|p1|Vikavolt, F|\n|poke|p1|Gastrodon, M|\n|poke|p1|Regidrago|\n|poke|p2|Cinderace, F|\n|poke|p2|Meowscarada, F|\n|poke|p2|Slowbro, M|\n|poke|p2|Kleavor, F|\n|poke|p2|Muk, M|\n|poke|p2|Flamigo, M|\n|teampreview\n|\n|t:|1699223135\n|start\n|switch|p1a: Staraptor|Staraptor, F|100\/100\n|switch|p2a: Kleavor|Kleavor, F|100\/100\n|turn|1\n|j| IUXCelestialQueen\n|\n|t:|1699223147\n|move|p1a: Staraptor|U-turn|p2a: Kleavor\n|-damage|p2a: Kleavor|67\/100\n|\n|t:|1699223149\n|switch|p1a: Dondozo|Dondozo, F|100\/100|[from] U-turn\n|move|p2a: Kleavor|Stone Axe|p1a: Dondozo\n|-damage|p1a: Dondozo|79\/100\n|-sidestart|p1: iboxedyou|move: Stealth Rock\n|\n|-heal|p1a: Dondozo|85\/100|[from] item: Leftovers\n|upkeep\n|turn|2\n|\n|t:|1699223162\n|move|p2a: Kleavor|U-turn|p1a: Dondozo\n|-damage|p1a: Dondozo|69\/100\n|\n|t:|1699223165\n|switch|p2a: Slowbro|Slowbro, M|100\/100|[from] U-turn\n|move|p1a: Dondozo|Yawn|p2a: Slowbro\n|-start|p2a: Slowbro|move: Yawn|[of] p1a: Dondozo\n|\n|-heal|p1a: Dondozo|75\/100|[from] item: Leftovers\n|upkeep\n|turn|3\n|\n|t:|1699223194\n|switch|p2a: Kleavor|Kleavor, F|67\/100\n|move|p1a: Dondozo|Yawn|p2a: Kleavor\n|-start|p2a: Kleavor|move: Yawn|[of] p1a: Dondozo\n|\n|-heal|p1a: Dondozo|81\/100|[from] item: Leftovers\n|upkeep\n|turn|4\n|\n|t:|1699223206\n|move|p2a: Kleavor|U-turn|p1a: Dondozo\n|-damage|p1a: Dondozo|64\/100\n|\n|t:|1699223210\n|switch|p2a: Slowbro|Slowbro, M|100\/100|[from] U-turn\n|move|p1a: Dondozo|Wave Crash|p2a: Slowbro\n|-resisted|p2a: Slowbro\n|-damage|p2a: Slowbro|88\/100\n|-damage|p1a: Dondozo|61\/100|[from] Recoil\n|\n|-heal|p2a: Slowbro|94\/100|[from] item: Leftovers\n|-heal|p1a: Dondozo|67\/100|[from] item: Leftovers\n|upkeep\n|turn|5\n|\n|t:|1699223222\n|move|p2a: Slowbro|Yawn|p1a: Dondozo\n|-start|p1a: Dondozo|move: Yawn|[of] p2a: Slowbro\n|move|p1a: Dondozo|Yawn|p2a: Slowbro\n|-start|p2a: Slowbro|move: Yawn|[of] p1a: Dondozo\n|\n|-heal|p2a: Slowbro|100\/100|[from] item: Leftovers\n|-heal|p1a: Dondozo|73\/100|[from] item: Leftovers\n|upkeep\n|turn|6\n|\n|t:|1699223252\n|switch|p2a: Muk|Muk, M|100\/100\n|switch|p1a: Staraptor|Staraptor, F|100\/100\n|-damage|p1a: Staraptor|75\/100|[from] Stealth Rock\n|\n|upkeep\n|turn|7\n|\n|t:|1699223269\n|switch|p2a: Slowbro|Slowbro, M|100\/100\n|move|p1a: Staraptor|U-turn|p2a: Slowbro\n|-supereffective|p2a: Slowbro\n|-damage|p2a: Slowbro|72\/100\n|\n|t:|1699223275\n|switch|p1a: Iron Moth|Iron Moth|100\/100|[from] U-turn\n|-damage|p1a: Iron Moth|75\/100|[from] Stealth Rock\n|-enditem|p1a: Iron Moth|Booster Energy\n|-activate|p1a: Iron Moth|ability: Quark Drive|[fromitem]\n|-start|p1a: Iron Moth|quarkdrivespe\n|\n|-heal|p2a: Slowbro|78\/100|[from] item: Leftovers\n|upkeep\n|turn|8\n|\n|t:|1699223289\n|move|p1a: Iron Moth|Substitute|p1a: Iron Moth\n|-start|p1a: Iron Moth|Substitute\n|-damage|p1a: Iron Moth|50\/100\n|move|p2a: Slowbro|Yawn||[still]\n|-fail|p2a: Slowbro\n|\n|-heal|p2a: Slowbro|84\/100|[from] item: Leftovers\n|upkeep\n|turn|9\n|\n|t:|1699223298\n|move|p1a: Iron Moth|Discharge|p2a: Slowbro\n|-supereffective|p2a: Slowbro\n|-crit|p2a: Slowbro\n|-damage|p2a: Slowbro|1\/100\n|-status|p2a: Slowbro|par\n|move|p2a: Slowbro|Future Sight|p1a: Iron Moth\n|-start|p2a: Slowbro|move: Future Sight\n|\n|-heal|p2a: Slowbro|7\/100 par|[from] item: Leftovers\n|upkeep\n|turn|10\n|\n|t:|1699223308\n|switch|p2a: Muk|Muk, M|100\/100\n|move|p1a: Iron Moth|Fiery Dance|p2a: Muk\n|-damage|p2a: Muk|79\/100\n|\n|upkeep\n|turn|11\n|\n|t:|1699223316\n|move|p1a: Iron Moth|Fiery Dance|p2a: Muk\n|-damage|p2a: Muk|58\/100\n|move|p2a: Muk|Zen Headbutt|p1a: Iron Moth\n|-supereffective|p1a: Iron Moth\n|-end|p1a: Iron Moth|Substitute\n|\n|-end|p1a: Iron Moth|move: Future Sight\n|-supereffective|p1a: Iron Moth\n|-damage|p1a: Iron Moth|0 fnt\n|faint|p1a: Iron Moth\n|-end|p1a: Iron Moth|Quark Drive|[silent]\n|upkeep\n|\n|t:|1699223334\n|switch|p1a: Regidrago|Regidrago|100\/100\n|-damage|p1a: Regidrago|88\/100|[from] Stealth Rock\n|turn|12\n|\n|t:|1699223351\n|move|p1a: Regidrago|Dragon Dance|p1a: Regidrago\n|-boost|p1a: Regidrago|atk|1\n|-boost|p1a: Regidrago|spe|1\n|move|p2a: Muk|Gunk Shot|p1a: Regidrago\n|-damage|p1a: Regidrago|29\/100\n|\n|upkeep\n|turn|13\n|\n|t:|1699223360\n|move|p2a: Muk|Shadow Sneak|p1a: Regidrago\n|-crit|p1a: Regidrago\n|-damage|p1a: Regidrago|10\/100\n|move|p1a: Regidrago|Earthquake|p2a: Muk\n|-supereffective|p2a: Muk\n|-damage|p2a: Muk|0 fnt\n|faint|p2a: Muk\n|\n|upkeep\n|\n|t:|1699223380\n|switch|p2a: Meowscarada|Meowscarada, F|100\/100\n|turn|14\n|\n|t:|1699223384\n|move|p2a: Meowscarada|Sucker Punch|p1a: Regidrago\n|-start|p2a: Meowscarada|typechange|Dark|[from] ability: Protean\n|-damage|p1a: Regidrago|0 fnt\n|faint|p1a: Regidrago\n|\n|upkeep\n|\n|t:|1699223397\n|switch|p1a: Vikavolt|Vikavolt, F|100\/100\n|-damage|p1a: Vikavolt|76\/100|[from] Stealth Rock\n|turn|15\n|\n|t:|1699223408\n|-terastallize|p1a: Vikavolt|Electric\n|move|p2a: Meowscarada|U-turn|p1a: Vikavolt\n|-damage|p1a: Vikavolt|53\/100\n|\n|t:|1699223426\n|switch|p2a: Kleavor|Kleavor, F|67\/100|[from] U-turn\n|move|p1a: Vikavolt|Sticky Web|p2a: Kleavor\n|-sidestart|p2: CommissarWhite|move: Sticky Web\n|\n|upkeep\n|turn|16\n|\n|t:|1699223436\n|move|p2a: Kleavor|Stone Axe|p1a: Vikavolt\n|-damage|p1a: Vikavolt|4\/100\n|-enditem|p1a: Vikavolt|Sitrus Berry|[eat]\n|-heal|p1a: Vikavolt|28\/100|[from] item: Sitrus Berry\n|move|p1a: Vikavolt|Discharge|p2a: Kleavor\n|-damage|p2a: Kleavor|0 fnt\n|faint|p2a: Kleavor\n|\n|upkeep\n|\n|t:|1699223450\n|switch|p2a: Cinderace|Cinderace, F|100\/100\n|-activate|p2a: Cinderace|move: Sticky Web\n|-unboost|p2a: Cinderace|spe|1\n|turn|17\n|\n|t:|1699223459\n|move|p2a: Cinderace|Pyro Ball|p1a: Vikavolt|[miss]\n|-miss|p2a: Cinderace|p1a: Vikavolt\n|move|p1a: Vikavolt|Discharge|p2a: Cinderace\n|-damage|p2a: Cinderace|19\/100\n|-status|p2a: Cinderace|par\n|\n|-heal|p2a: Cinderace|25\/100 par|[from] item: Leftovers\n|upkeep\n|turn|18\n|\n|t:|1699223475\n|move|p1a: Vikavolt|Discharge|p2a: Cinderace\n|-damage|p2a: Cinderace|0 fnt\n|faint|p2a: Cinderace\n|\n|upkeep\n|\n|t:|1699223481\n|switch|p2a: Flamigo|Flamigo, M|100\/100\n|turn|19\n|\n|t:|1699223493\n|-terastallize|p2a: Flamigo|Ground\n|move|p2a: Flamigo|Agility|p2a: Flamigo\n|-boost|p2a: Flamigo|spe|2\n|move|p1a: Vikavolt|Discharge|p2a: Flamigo\n|-immune|p2a: Flamigo\n|\n|upkeep\n|turn|20\n|\n|t:|1699223503\n|move|p2a: Flamigo|Close Combat|p1a: Vikavolt\n|-damage|p1a: Vikavolt|0 fnt\n|-unboost|p2a: Flamigo|def|1\n|-unboost|p2a: Flamigo|spd|1\n|faint|p1a: Vikavolt\n|\n|upkeep\n|\n|t:|1699223511\n|switch|p1a: Dondozo|Dondozo, F|73\/100\n|-damage|p1a: Dondozo|61\/100|[from] Stealth Rock\n|turn|21\n|\n|t:|1699223530\n|switch|p2a: Slowbro|Slowbro, M|40\/100 par\n|-activate|p2a: Slowbro|move: Sticky Web\n|-unboost|p2a: Slowbro|spe|1\n|move|p1a: Dondozo|Yawn||[still]\n|-fail|p1a: Dondozo\n|\n|-heal|p1a: Dondozo|67\/100|[from] item: Leftovers\n|-heal|p2a: Slowbro|46\/100 par|[from] item: Leftovers\n|upkeep\n|turn|22\n|\n|t:|1699223542\n|move|p1a: Dondozo|Protect|p1a: Dondozo\n|-singleturn|p1a: Dondozo|Protect\n|move|p2a: Slowbro|Slack Off|p2a: Slowbro\n|-heal|p2a: Slowbro|96\/100 par\n|\n|-heal|p1a: Dondozo|73\/100|[from] item: Leftovers\n|-heal|p2a: Slowbro|100\/100 par|[from] item: Leftovers\n|upkeep\n|turn|23\n|\n|t:|1699223562\n|switch|p1a: Gastrodon|Gastrodon, M|100\/100\n|-damage|p1a: Gastrodon|94\/100|[from] Stealth Rock\n|move|p2a: Slowbro|Future Sight|p1a: Gastrodon\n|-start|p2a: Slowbro|move: Future Sight\n|\n|-heal|p1a: Gastrodon|100\/100|[from] item: Leftovers\n|upkeep\n|turn|24\n|\n|t:|1699223572\n|move|p1a: Gastrodon|Stealth Rock|p2a: Slowbro\n|-sidestart|p2: CommissarWhite|move: Stealth Rock\n|move|p2a: Slowbro|Yawn|p1a: Gastrodon\n|-start|p1a: Gastrodon|move: Yawn|[of] p2a: Slowbro\n|\n|upkeep\n|turn|25\n|\n|t:|1699223582\n|switch|p1a: Dondozo|Dondozo, F|73\/100\n|-damage|p1a: Dondozo|61\/100|[from] Stealth Rock\n|move|p2a: Slowbro|Yawn|p1a: Dondozo\n|-start|p1a: Dondozo|move: Yawn|[of] p2a: Slowbro\n|\n|-end|p1a: Dondozo|move: Future Sight\n|-damage|p1a: Dondozo|21\/100\n|-heal|p1a: Dondozo|27\/100|[from] item: Leftovers\n|upkeep\n|turn|26\n|\n|t:|1699223595\n|move|p1a: Dondozo|Protect|p1a: Dondozo\n|-singleturn|p1a: Dondozo|Protect\n|move|p2a: Slowbro|Future Sight|p1a: Dondozo\n|-start|p2a: Slowbro|move: Future Sight\n|\n|-heal|p1a: Dondozo|33\/100|[from] item: Leftovers\n|-end|p1a: Dondozo|move: Yawn|[silent]\n|-status|p1a: Dondozo|slp\n|upkeep\n|turn|27\n|\n|t:|1699223619\n|switch|p1a: Gastrodon|Gastrodon, M|100\/100\n|-damage|p1a: Gastrodon|94\/100|[from] Stealth Rock\n|switch|p2a: Flamigo|Flamigo, M, tera:Ground|100\/100\n|-activate|p2a: Flamigo|move: Sticky Web\n|-unboost|p2a: Flamigo|spe|1\n|-damage|p2a: Flamigo|94\/100|[from] Stealth Rock\n|\n|-heal|p1a: Gastrodon|100\/100|[from] item: Leftovers\n|upkeep\n|turn|28\n|\n|t:|1699223638\n|switch|p2a: Slowbro|Slowbro, M|100\/100 par\n|-activate|p2a: Slowbro|move: Sticky Web\n|-unboost|p2a: Slowbro|spe|1\n|-damage|p2a: Slowbro|88\/100 par|[from] Stealth Rock\n|move|p1a: Gastrodon|Yawn||[still]\n|-fail|p1a: Gastrodon\n|\n|-end|p1a: Gastrodon|move: Future Sight\n|-damage|p1a: Gastrodon|72\/100\n|-heal|p1a: Gastrodon|78\/100|[from] item: Leftovers\n|-heal|p2a: Slowbro|94\/100 par|[from] item: Leftovers\n|upkeep\n|turn|29\n|\n|t:|1699223653\n|move|p1a: Gastrodon|Surf|p2a: Slowbro\n|-resisted|p2a: Slowbro\n|-damage|p2a: Slowbro|79\/100 par\n|cant|p2a: Slowbro|par\n|\n|-heal|p1a: Gastrodon|84\/100|[from] item: Leftovers\n|-heal|p2a: Slowbro|85\/100 par|[from] item: Leftovers\n|upkeep\n|turn|30\n|\n|t:|1699223664\n|move|p1a: Gastrodon|Surf|p2a: Slowbro\n|-resisted|p2a: Slowbro\n|-damage|p2a: Slowbro|69\/100 par\n|move|p2a: Slowbro|Future Sight|p1a: Gastrodon\n|-start|p2a: Slowbro|move: Future Sight\n|\n|-heal|p1a: Gastrodon|90\/100|[from] item: Leftovers\n|-heal|p2a: Slowbro|75\/100 par|[from] item: Leftovers\n|upkeep\n|turn|31\n|\n|t:|1699223675\n|switch|p2a: Meowscarada|Meowscarada, F|100\/100\n|-activate|p2a: Meowscarada|move: Sticky Web\n|-unboost|p2a: Meowscarada|spe|1\n|-damage|p2a: Meowscarada|88\/100|[from] Stealth Rock\n|move|p1a: Gastrodon|Surf|p2a: Meowscarada\n|-resisted|p2a: Meowscarada\n|-damage|p2a: Meowscarada|65\/100\n|\n|-heal|p1a: Gastrodon|96\/100|[from] item: Leftovers\n|upkeep\n|turn|32\n|\n|t:|1699223688\n|switch|p1a: Dondozo|Dondozo, F|33\/100 slp\n|-damage|p1a: Dondozo|21\/100 slp|[from] Stealth Rock\n|move|p2a: Meowscarada|Flower Trick|p1a: Dondozo\n|-start|p2a: Meowscarada|typechange|Grass|[from] ability: Protean\n|-supereffective|p1a: Dondozo\n|-crit|p1a: Dondozo\n|-damage|p1a: Dondozo|0 fnt\n|faint|p1a: Dondozo\n|\n|-hint|Future Sight did not hit because the target is fainted.\n|upkeep\n|\n|t:|1699223701\n|switch|p1a: Staraptor|Staraptor, F|75\/100\n|-damage|p1a: Staraptor|50\/100|[from] Stealth Rock\n|turn|33\n|\n|t:|1699223707\n|move|p2a: Meowscarada|Sucker Punch|p1a: Staraptor\n|-damage|p1a: Staraptor|19\/100\n|move|p1a: Staraptor|Brave Bird|p2a: Meowscarada\n|-supereffective|p2a: Meowscarada\n|-damage|p2a: Meowscarada|0 fnt\n|faint|p2a: Meowscarada\n|-damage|p1a: Staraptor|0 fnt|[from] Recoil\n|faint|p1a: Staraptor\n|\n|upkeep\n|\n|t:|1699223717\n|switch|p2a: Flamigo|Flamigo, M, tera:Ground|94\/100\n|switch|p1a: Gastrodon|Gastrodon, M|96\/100\n|-activate|p2a: Flamigo|move: Sticky Web\n|-unboost|p2a: Flamigo|spe|1\n|-damage|p2a: Flamigo|88\/100|[from] Stealth Rock\n|-damage|p1a: Gastrodon|90\/100|[from] Stealth Rock\n|turn|34\n|\n|t:|1699223727\n|move|p2a: Flamigo|Brave Bird|p1a: Gastrodon\n|-crit|p1a: Gastrodon\n|-damage|p1a: Gastrodon|3\/100\n|-damage|p2a: Flamigo|48\/100|[from] Recoil\n|move|p1a: Gastrodon|Surf|p2a: Flamigo\n|-supereffective|p2a: Flamigo\n|-damage|p2a: Flamigo|0 fnt\n|faint|p2a: Flamigo\n|\n|-heal|p1a: Gastrodon|9\/100|[from] item: Leftovers\n|upkeep\n|\n|t:|1699223738\n|switch|p2a: Slowbro|Slowbro, M|100\/100 par\n|-activate|p2a: Slowbro|move: Sticky Web\n|-unboost|p2a: Slowbro|spe|1\n|-damage|p2a: Slowbro|88\/100 par|[from] Stealth Rock\n|turn|35\n|\n|t:|1699223744\n|move|p1a: Gastrodon|Recover|p1a: Gastrodon\n|-heal|p1a: Gastrodon|59\/100\n|cant|p2a: Slowbro|par\n|\n|-heal|p1a: Gastrodon|65\/100|[from] item: Leftovers\n|-heal|p2a: Slowbro|94\/100 par|[from] item: Leftovers\n|upkeep\n|turn|36\n|\n|t:|1699223756\n|move|p1a: Gastrodon|Recover|p1a: Gastrodon\n|-heal|p1a: Gastrodon|100\/100\n|move|p2a: Slowbro|Future Sight|p1a: Gastrodon\n|-start|p2a: Slowbro|move: Future Sight\n|\n|-heal|p2a: Slowbro|99\/100 par|[from] item: Leftovers\n|upkeep\n|turn|37\n|\n|t:|1699223764\n|move|p1a: Gastrodon|Surf|p2a: Slowbro\n|-resisted|p2a: Slowbro\n|-damage|p2a: Slowbro|83\/100 par\n|move|p2a: Slowbro|Flamethrower|p1a: Gastrodon\n|-resisted|p1a: Gastrodon\n|-damage|p1a: Gastrodon|93\/100\n|\n|-heal|p1a: Gastrodon|99\/100|[from] item: Leftovers\n|-heal|p2a: Slowbro|89\/100 par|[from] item: Leftovers\n|upkeep\n|turn|38\n|\n|t:|1699223782\n|move|p1a: Gastrodon|Yawn||[still]\n|-fail|p1a: Gastrodon\n|move|p2a: Slowbro|Flamethrower|p1a: Gastrodon\n|-resisted|p1a: Gastrodon\n|-damage|p1a: Gastrodon|92\/100\n|\n|-end|p1a: Gastrodon|move: Future Sight\n|-damage|p1a: Gastrodon|64\/100\n|-heal|p1a: Gastrodon|70\/100|[from] item: Leftovers\n|-heal|p2a: Slowbro|95\/100 par|[from] item: Leftovers\n|upkeep\n|turn|39\n|\n|t:|1699223800\n|move|p1a: Gastrodon|Surf|p2a: Slowbro\n|-resisted|p2a: Slowbro\n|-damage|p2a: Slowbro|79\/100 par\n|move|p2a: Slowbro|Flamethrower|p1a: Gastrodon\n|-resisted|p1a: Gastrodon\n|-crit|p1a: Gastrodon\n|-damage|p1a: Gastrodon|58\/100\n|-status|p1a: Gastrodon|brn\n|\n|-heal|p1a: Gastrodon|65\/100 brn|[from] item: Leftovers\n|-heal|p2a: Slowbro|85\/100 par|[from] item: Leftovers\n|-damage|p1a: Gastrodon|58\/100 brn|[from] brn\n|upkeep\n|turn|40\n|c|\u2606CommissarWhite|Think you have more pp so u win\n|\n|t:|1699223825\n|move|p1a: Gastrodon|Stealth Rock||[still]\n|-fail|p1a: Gastrodon\n|move|p2a: Slowbro|Future Sight|p1a: Gastrodon\n|-start|p2a: Slowbro|move: Future Sight\n|\n|-heal|p1a: Gastrodon|65\/100 brn|[from] item: Leftovers\n|-heal|p2a: Slowbro|91\/100 par|[from] item: Leftovers\n|-damage|p1a: Gastrodon|58\/100 brn|[from] brn\n|upkeep\n|turn|41\n|\n|t:|1699223839\n|move|p1a: Gastrodon|Stealth Rock||[still]\n|-fail|p1a: Gastrodon\n|cant|p2a: Slowbro|par\n|\n|-heal|p1a: Gastrodon|65\/100 brn|[from] item: Leftovers\n|-heal|p2a: Slowbro|97\/100 par|[from] item: Leftovers\n|-damage|p1a: Gastrodon|58\/100 brn|[from] brn\n|upkeep\n|turn|42\n|\n|t:|1699223852\n|move|p1a: Gastrodon|Yawn||[still]\n|-fail|p1a: Gastrodon\n|move|p2a: Slowbro|Yawn||[still]\n|-fail|p2a: Slowbro\n|\n|-end|p1a: Gastrodon|move: Future Sight\n|-damage|p1a: Gastrodon|30\/100 brn\n|-heal|p1a: Gastrodon|36\/100 brn|[from] item: Leftovers\n|-heal|p2a: Slowbro|100\/100 par|[from] item: Leftovers\n|-damage|p1a: Gastrodon|30\/100 brn|[from] brn\n|upkeep\n|turn|43\n|\n|t:|1699223865\n|move|p1a: Gastrodon|Recover|p1a: Gastrodon\n|-heal|p1a: Gastrodon|80\/100 brn\n|move|p2a: Slowbro|Yawn||[still]\n|-fail|p2a: Slowbro\n|\n|-heal|p1a: Gastrodon|86\/100 brn|[from] item: Leftovers\n|-damage|p1a: Gastrodon|80\/100 brn|[from] brn\n|upkeep\n|turn|44\n|\n|t:|1699223892\n|move|p1a: Gastrodon|Stealth Rock||[still]\n|-fail|p1a: Gastrodon\n|move|p2a: Slowbro|Yawn||[still]\n|-fail|p2a: Slowbro\n|\n|-heal|p1a: Gastrodon|86\/100 brn|[from] item: Leftovers\n|-damage|p1a: Gastrodon|80\/100 brn|[from] brn\n|upkeep\n|turn|45\n|\n|t:|1699223903\n|move|p1a: Gastrodon|Stealth Rock||[still]\n|-fail|p1a: Gastrodon\n|move|p2a: Slowbro|Yawn||[still]\n|-fail|p2a: Slowbro\n|\n|-heal|p1a: Gastrodon|86\/100 brn|[from] item: Leftovers\n|-damage|p1a: Gastrodon|80\/100 brn|[from] brn\n|upkeep\n|turn|46\n|\n|t:|1699223912\n|move|p1a: Gastrodon|Stealth Rock||[still]\n|-fail|p1a: Gastrodon\n|move|p2a: Slowbro|Flamethrower|p1a: Gastrodon\n|-resisted|p1a: Gastrodon\n|-damage|p1a: Gastrodon|73\/100 brn\n|\n|-heal|p1a: Gastrodon|79\/100 brn|[from] item: Leftovers\n|-damage|p1a: Gastrodon|73\/100 brn|[from] brn\n|upkeep\n|turn|47\n|\n|t:|1699223922\n|move|p1a: Gastrodon|Stealth Rock||[still]\n|-fail|p1a: Gastrodon\n|cant|p2a: Slowbro|par\n|\n|-heal|p1a: Gastrodon|79\/100 brn|[from] item: Leftovers\n|-damage|p1a: Gastrodon|73\/100 brn|[from] brn\n|upkeep\n|turn|48\n|inactive|Battle timer is ON: inactive players will automatically lose when time's up. (requested by CommissarWhite)\n|\n|t:|1699223931\n|move|p1a: Gastrodon|Stealth Rock||[still]\n|-fail|p1a: Gastrodon\n|move|p2a: Slowbro|Flamethrower|p1a: Gastrodon\n|-resisted|p1a: Gastrodon\n|-damage|p1a: Gastrodon|65\/100 brn\n|\n|-heal|p1a: Gastrodon|71\/100 brn|[from] item: Leftovers\n|-damage|p1a: Gastrodon|65\/100 brn|[from] brn\n|upkeep\n|turn|49\n|\n|t:|1699223943\n|move|p1a: Gastrodon|Stealth Rock||[still]\n|-fail|p1a: Gastrodon\n|move|p2a: Slowbro|Flamethrower|p1a: Gastrodon\n|-resisted|p1a: Gastrodon\n|-damage|p1a: Gastrodon|58\/100 brn\n|\n|-heal|p1a: Gastrodon|64\/100 brn|[from] item: Leftovers\n|-damage|p1a: Gastrodon|58\/100 brn|[from] brn\n|upkeep\n|turn|50\n|\n|t:|1699223954\n|move|p1a: Gastrodon|Stealth Rock||[still]\n|-fail|p1a: Gastrodon\n|cant|p2a: Slowbro|par\n|\n|-heal|p1a: Gastrodon|64\/100 brn|[from] item: Leftovers\n|-damage|p1a: Gastrodon|58\/100 brn|[from] brn\n|upkeep\n|turn|51\n|\n|t:|1699223963\n|move|p1a: Gastrodon|Stealth Rock||[still]\n|-fail|p1a: Gastrodon\n|move|p2a: Slowbro|Future Sight|p1a: Gastrodon\n|-start|p2a: Slowbro|move: Future Sight\n|\n|-heal|p1a: Gastrodon|64\/100 brn|[from] item: Leftovers\n|-damage|p1a: Gastrodon|58\/100 brn|[from] brn\n|upkeep\n|turn|52\n|\n|t:|1699223974\n|move|p1a: Gastrodon|Stealth Rock||[still]\n|-fail|p1a: Gastrodon\n|move|p2a: Slowbro|Yawn||[still]\n|-fail|p2a: Slowbro\n|\n|-heal|p1a: Gastrodon|64\/100 brn|[from] item: Leftovers\n|-damage|p1a: Gastrodon|58\/100 brn|[from] brn\n|upkeep\n|turn|53\n|\n|t:|1699223988\n|move|p1a: Gastrodon|Stealth Rock||[still]\n|-fail|p1a: Gastrodon\n|move|p2a: Slowbro|Flamethrower|p1a: Gastrodon\n|-resisted|p1a: Gastrodon\n|-damage|p1a: Gastrodon|50\/100 brn\n|\n|-end|p1a: Gastrodon|move: Future Sight\n|-damage|p1a: Gastrodon|22\/100 brn\n|-heal|p1a: Gastrodon|28\/100 brn|[from] item: Leftovers\n|-damage|p1a: Gastrodon|22\/100 brn|[from] brn\n|upkeep\n|turn|54\n|\n|t:|1699224000\n|move|p1a: Gastrodon|Recover|p1a: Gastrodon\n|-heal|p1a: Gastrodon|72\/100 brn\n|move|p2a: Slowbro|Future Sight|p1a: Gastrodon\n|-start|p2a: Slowbro|move: Future Sight\n|\n|-heal|p1a: Gastrodon|78\/100 brn|[from] item: Leftovers\n|-damage|p1a: Gastrodon|72\/100 brn|[from] brn\n|upkeep\n|turn|55\n|\n|t:|1699224009\n|move|p1a: Gastrodon|Stealth Rock||[still]\n|-fail|p1a: Gastrodon\n|cant|p2a: Slowbro|par\n|\n|-heal|p1a: Gastrodon|78\/100 brn|[from] item: Leftovers\n|-damage|p1a: Gastrodon|72\/100 brn|[from] brn\n|upkeep\n|turn|56\n|\n|t:|1699224020\n|move|p1a: Gastrodon|Stealth Rock||[still]\n|-fail|p1a: Gastrodon\n|move|p2a: Slowbro|Yawn||[still]\n|-fail|p2a: Slowbro\n|\n|-end|p1a: Gastrodon|move: Future Sight\n|-damage|p1a: Gastrodon|42\/100 brn\n|-heal|p1a: Gastrodon|48\/100 brn|[from] item: Leftovers\n|-damage|p1a: Gastrodon|42\/100 brn|[from] brn\n|upkeep\n|turn|57\n|\n|t:|1699224031\n|move|p1a: Gastrodon|Recover|p1a: Gastrodon\n|-heal|p1a: Gastrodon|92\/100 brn\n|move|p2a: Slowbro|Future Sight|p1a: Gastrodon\n|-start|p2a: Slowbro|move: Future Sight\n|\n|-heal|p1a: Gastrodon|98\/100 brn|[from] item: Leftovers\n|-damage|p1a: Gastrodon|92\/100 brn|[from] brn\n|upkeep\n|turn|58\n|\n|t:|1699224040\n|move|p1a: Gastrodon|Surf|p2a: Slowbro\n|-resisted|p2a: Slowbro\n|-damage|p2a: Slowbro|84\/100 par\n|move|p2a: Slowbro|Flamethrower|p1a: Gastrodon\n|-resisted|p1a: Gastrodon\n|-damage|p1a: Gastrodon|85\/100 brn\n|\n|-heal|p1a: Gastrodon|91\/100 brn|[from] item: Leftovers\n|-heal|p2a: Slowbro|90\/100 par|[from] item: Leftovers\n|-damage|p1a: Gastrodon|85\/100 brn|[from] brn\n|upkeep\n|turn|59\n|\n|t:|1699224054\n|move|p1a: Gastrodon|Surf|p2a: Slowbro\n|-resisted|p2a: Slowbro\n|-damage|p2a: Slowbro|72\/100 par\n|move|p2a: Slowbro|Flamethrower|p1a: Gastrodon\n|-resisted|p1a: Gastrodon\n|-damage|p1a: Gastrodon|77\/100 brn\n|\n|-end|p1a: Gastrodon|move: Future Sight\n|-damage|p1a: Gastrodon|46\/100 brn\n|-heal|p1a: Gastrodon|52\/100 brn|[from] item: Leftovers\n|-heal|p2a: Slowbro|78\/100 par|[from] item: Leftovers\n|-damage|p1a: Gastrodon|46\/100 brn|[from] brn\n|upkeep\n|turn|60\n|\n|t:|1699224067\n|move|p1a: Gastrodon|Recover|p1a: Gastrodon\n|-heal|p1a: Gastrodon|96\/100 brn\n|move|p2a: Slowbro|Future Sight|p1a: Gastrodon\n|-start|p2a: Slowbro|move: Future Sight\n|\n|-heal|p1a: Gastrodon|100\/100 brn|[from] item: Leftovers\n|-heal|p2a: Slowbro|85\/100 par|[from] item: Leftovers\n|-damage|p1a: Gastrodon|94\/100 brn|[from] brn\n|upkeep\n|turn|61\n|\n|t:|1699224076\n|move|p1a: Gastrodon|Surf|p2a: Slowbro\n|-resisted|p2a: Slowbro\n|-damage|p2a: Slowbro|68\/100 par\n|cant|p2a: Slowbro|par\n|\n|-heal|p1a: Gastrodon|100\/100 brn|[from] item: Leftovers\n|-heal|p2a: Slowbro|74\/100 par|[from] item: Leftovers\n|-damage|p1a: Gastrodon|94\/100 brn|[from] brn\n|upkeep\n|turn|62\n|\n|t:|1699224086\n|move|p1a: Gastrodon|Surf|p2a: Slowbro\n|-resisted|p2a: Slowbro\n|-damage|p2a: Slowbro|57\/100 par\n|move|p2a: Slowbro|Flamethrower|p1a: Gastrodon\n|-resisted|p1a: Gastrodon\n|-damage|p1a: Gastrodon|87\/100 brn\n|\n|-end|p1a: Gastrodon|move: Future Sight\n|-damage|p1a: Gastrodon|60\/100 brn\n|-heal|p1a: Gastrodon|66\/100 brn|[from] item: Leftovers\n|-heal|p2a: Slowbro|63\/100 par|[from] item: Leftovers\n|-damage|p1a: Gastrodon|60\/100 brn|[from] brn\n|upkeep\n|turn|63\n|\n|t:|1699224100\n|move|p1a: Gastrodon|Surf|p2a: Slowbro\n|-resisted|p2a: Slowbro\n|-damage|p2a: Slowbro|46\/100 par\n|cant|p2a: Slowbro|par\n|\n|-heal|p1a: Gastrodon|66\/100 brn|[from] item: Leftovers\n|-heal|p2a: Slowbro|52\/100 par|[from] item: Leftovers\n|-damage|p1a: Gastrodon|60\/100 brn|[from] brn\n|upkeep\n|turn|64\n|\n|t:|1699224110\n|move|p1a: Gastrodon|Surf|p2a: Slowbro\n|-resisted|p2a: Slowbro\n|-damage|p2a: Slowbro|36\/100 par\n|move|p2a: Slowbro|Slack Off|p2a: Slowbro\n|-heal|p2a: Slowbro|86\/100 par\n|\n|-heal|p1a: Gastrodon|66\/100 brn|[from] item: Leftovers\n|-heal|p2a: Slowbro|92\/100 par|[from] item: Leftovers\n|-damage|p1a: Gastrodon|60\/100 brn|[from] brn\n|upkeep\n|turn|65\n|\n|t:|1699224121\n|move|p1a: Gastrodon|Surf|p2a: Slowbro\n|-resisted|p2a: Slowbro\n|-damage|p2a: Slowbro|76\/100 par\n|move|p2a: Slowbro|Future Sight|p1a: Gastrodon\n|-start|p2a: Slowbro|move: Future Sight\n|\n|-heal|p1a: Gastrodon|66\/100 brn|[from] item: Leftovers\n|-heal|p2a: Slowbro|82\/100 par|[from] item: Leftovers\n|-damage|p1a: Gastrodon|60\/100 brn|[from] brn\n|upkeep\n|turn|66\n|\n|t:|1699224130\n|move|p1a: Gastrodon|Surf|p2a: Slowbro\n|-resisted|p2a: Slowbro\n|-damage|p2a: Slowbro|66\/100 par\n|move|p2a: Slowbro|Flamethrower|p1a: Gastrodon\n|-resisted|p1a: Gastrodon\n|-damage|p1a: Gastrodon|53\/100 brn\n|\n|-heal|p1a: Gastrodon|59\/100 brn|[from] item: Leftovers\n|-heal|p2a: Slowbro|72\/100 par|[from] item: Leftovers\n|-damage|p1a: Gastrodon|53\/100 brn|[from] brn\n|upkeep\n|turn|67\n|\n|t:|1699224144\n|move|p1a: Gastrodon|Surf|p2a: Slowbro\n|-resisted|p2a: Slowbro\n|-damage|p2a: Slowbro|55\/100 par\n|cant|p2a: Slowbro|par\n|\n|-end|p1a: Gastrodon|move: Future Sight\n|-damage|p1a: Gastrodon|24\/100 brn\n|-heal|p1a: Gastrodon|30\/100 brn|[from] item: Leftovers\n|-heal|p2a: Slowbro|61\/100 par|[from] item: Leftovers\n|-damage|p1a: Gastrodon|24\/100 brn|[from] brn\n|upkeep\n|turn|68\n|\n|t:|1699224156\n|move|p1a: Gastrodon|Recover|p1a: Gastrodon\n|-heal|p1a: Gastrodon|74\/100 brn\n|cant|p2a: Slowbro|par\n|\n|-heal|p1a: Gastrodon|80\/100 brn|[from] item: Leftovers\n|-heal|p2a: Slowbro|68\/100 par|[from] item: Leftovers\n|-damage|p1a: Gastrodon|74\/100 brn|[from] brn\n|upkeep\n|turn|69\n|\n|t:|1699224166\n|move|p1a: Gastrodon|Surf|p2a: Slowbro\n|-resisted|p2a: Slowbro\n|-damage|p2a: Slowbro|52\/100 par\n|move|p2a: Slowbro|Future Sight|p1a: Gastrodon\n|-start|p2a: Slowbro|move: Future Sight\n|\n|-heal|p1a: Gastrodon|80\/100 brn|[from] item: Leftovers\n|-heal|p2a: Slowbro|58\/100 par|[from] item: Leftovers\n|-damage|p1a: Gastrodon|74\/100 brn|[from] brn\n|upkeep\n|turn|70\n|\n|t:|1699224178\n|move|p1a: Gastrodon|Surf|p2a: Slowbro\n|-resisted|p2a: Slowbro\n|-damage|p2a: Slowbro|42\/100 par\n|move|p2a: Slowbro|Slack Off|p2a: Slowbro\n|-heal|p2a: Slowbro|92\/100 par\n|\n|-heal|p1a: Gastrodon|80\/100 brn|[from] item: Leftovers\n|-heal|p2a: Slowbro|98\/100 par|[from] item: Leftovers\n|-damage|p1a: Gastrodon|74\/100 brn|[from] brn\n|upkeep\n|turn|71\n|\n|t:|1699224192\n|move|p1a: Gastrodon|Stealth Rock||[still]\n|-fail|p1a: Gastrodon\n|move|p2a: Slowbro|Flamethrower|p1a: Gastrodon\n|-resisted|p1a: Gastrodon\n|-damage|p1a: Gastrodon|67\/100 brn\n|\n|-end|p1a: Gastrodon|move: Future Sight\n|-damage|p1a: Gastrodon|36\/100 brn\n|-heal|p1a: Gastrodon|42\/100 brn|[from] item: Leftovers\n|-heal|p2a: Slowbro|100\/100 par|[from] item: Leftovers\n|-damage|p1a: Gastrodon|36\/100 brn|[from] brn\n|upkeep\n|turn|72\n|\n|t:|1699224205\n|move|p1a: Gastrodon|Yawn||[still]\n|-fail|p1a: Gastrodon\n|move|p2a: Slowbro|Future Sight|p1a: Gastrodon\n|-start|p2a: Slowbro|move: Future Sight\n|\n|-heal|p1a: Gastrodon|42\/100 brn|[from] item: Leftovers\n|-damage|p1a: Gastrodon|36\/100 brn|[from] brn\n|upkeep\n|turn|73\n|\n|t:|1699224215\n|move|p1a: Gastrodon|Stealth Rock||[still]\n|-fail|p1a: Gastrodon\n|move|p2a: Slowbro|Flamethrower|p1a: Gastrodon\n|-resisted|p1a: Gastrodon\n|-damage|p1a: Gastrodon|28\/100 brn\n|\n|-heal|p1a: Gastrodon|34\/100 brn|[from] item: Leftovers\n|-damage|p1a: Gastrodon|28\/100 brn|[from] brn\n|upkeep\n|turn|74\n|\n|t:|1699224225\n|move|p1a: Gastrodon|Recover|p1a: Gastrodon\n|-heal|p1a: Gastrodon|78\/100 brn\n|move|p2a: Slowbro|Flamethrower|p1a: Gastrodon\n|-resisted|p1a: Gastrodon\n|-damage|p1a: Gastrodon|70\/100 brn\n|\n|-end|p1a: Gastrodon|move: Future Sight\n|-damage|p1a: Gastrodon|38\/100 brn\n|-heal|p1a: Gastrodon|44\/100 brn|[from] item: Leftovers\n|-damage|p1a: Gastrodon|38\/100 brn|[from] brn\n|upkeep\n|turn|75\n|\n|t:|1699224237\n|move|p1a: Gastrodon|Yawn||[still]\n|-fail|p1a: Gastrodon\n|move|p2a: Slowbro|Future Sight|p1a: Gastrodon\n|-start|p2a: Slowbro|move: Future Sight\n|\n|-heal|p1a: Gastrodon|44\/100 brn|[from] item: Leftovers\n|-damage|p1a: Gastrodon|38\/100 brn|[from] brn\n|upkeep\n|turn|76\n|\n|t:|1699224245\n|move|p1a: Gastrodon|Surf|p2a: Slowbro\n|-resisted|p2a: Slowbro\n|-damage|p2a: Slowbro|82\/100 par\n|cant|p2a: Slowbro|par\n|\n|-heal|p1a: Gastrodon|44\/100 brn|[from] item: Leftovers\n|-heal|p2a: Slowbro|89\/100 par|[from] item: Leftovers\n|-damage|p1a: Gastrodon|38\/100 brn|[from] brn\n|upkeep\n|turn|77\n|\n|t:|1699224255\n|move|p1a: Gastrodon|Surf|p2a: Slowbro\n|-resisted|p2a: Slowbro\n|-damage|p2a: Slowbro|72\/100 par\n|cant|p2a: Slowbro|par\n|\n|-end|p1a: Gastrodon|move: Future Sight\n|-damage|p1a: Gastrodon|11\/100 brn\n|-heal|p1a: Gastrodon|17\/100 brn|[from] item: Leftovers\n|-heal|p2a: Slowbro|78\/100 par|[from] item: Leftovers\n|-damage|p1a: Gastrodon|11\/100 brn|[from] brn\n|upkeep\n|turn|78\n|\n|t:|1699224267\n|move|p1a: Gastrodon|Surf|p2a: Slowbro\n|-resisted|p2a: Slowbro\n|-damage|p2a: Slowbro|61\/100 par\n|move|p2a: Slowbro|Future Sight|p1a: Gastrodon\n|-start|p2a: Slowbro|move: Future Sight\n|\n|-heal|p1a: Gastrodon|17\/100 brn|[from] item: Leftovers\n|-heal|p2a: Slowbro|67\/100 par|[from] item: Leftovers\n|-damage|p1a: Gastrodon|11\/100 brn|[from] brn\n|upkeep\n|turn|79\n|\n|t:|1699224276\n|move|p1a: Gastrodon|Surf|p2a: Slowbro\n|-resisted|p2a: Slowbro\n|-damage|p2a: Slowbro|49\/100 par\n|cant|p2a: Slowbro|par\n|\n|-heal|p1a: Gastrodon|17\/100 brn|[from] item: Leftovers\n|-heal|p2a: Slowbro|56\/100 par|[from] item: Leftovers\n|-damage|p1a: Gastrodon|11\/100 brn|[from] brn\n|upkeep\n|turn|80\n|\n|t:|1699224287\n|move|p1a: Gastrodon|Surf|p2a: Slowbro\n|-resisted|p2a: Slowbro\n|-damage|p2a: Slowbro|40\/100 par\n|move|p2a: Slowbro|Slack Off|p2a: Slowbro\n|-heal|p2a: Slowbro|90\/100 par\n|\n|-end|p1a: Gastrodon|move: Future Sight\n|-damage|p1a: Gastrodon|0 fnt\n|faint|p1a: Gastrodon\n|\n|win|CommissarWhite\n|upkeep\n","uploadtime":1699224299,"views":24,"p1id":"iboxedyou","p2id":"commissarwhite","formatid":"gen9ubers","rating":0,"private":0,"password":""}