{"id":"gen9ubers-1999420399","p1":"djkslaf","p2":"Ciro Ciro Ciro","format":"[Gen 9] Ubers","log":"|j|\u2606djkslaf\n|j|\u2606Ciro Ciro Ciro\n|t:|1701077588\n|gametype|singles\n|player|p1|djkslaf|lyra|1246\n|player|p2|Ciro Ciro Ciro|veteran|1146\n|teamsize|p1|6\n|teamsize|p2|6\n|gen|9\n|tier|[Gen 9] Ubers\n|rated|\n|rule|Sleep Clause Mod: Limit one foe put to sleep\n|rule|Species Clause: Limit one of each Pok\u00e9mon\n|rule|OHKO Clause: OHKO moves are banned\n|rule|Evasion Items Clause: Evasion items are banned\n|rule|Evasion Moves Clause: Evasion moves are banned\n|rule|Endless Battle Clause: Forcing endless battles is banned\n|rule|HP Percentage Mod: HP is shown in percentages\n|clearpoke\n|poke|p1|Miraidon|\n|poke|p1|Ditto|\n|poke|p1|Kyogre|\n|poke|p1|Koraidon|\n|poke|p1|Iron Bundle|\n|poke|p1|Shaymin-Sky|\n|poke|p2|Zacian-*|\n|poke|p2|Arceus|\n|poke|p2|Baxcalibur, F|\n|poke|p2|Regieleki|\n|poke|p2|Kingambit, M|\n|poke|p2|Darkrai|\n|teampreview\n|inactive|Battle timer is ON: inactive players will automatically lose when time's up. (requested by djkslaf)\n|\n|t:|1701077610\n|start\n|switch|p1a: Miraidon|Miraidon|100\/100\n|switch|p2a: Tapu Koko at Home|Regieleki, shiny|100\/100\n|-fieldstart|move: Electric Terrain|[from] ability: Hadron Engine|[of] p1a: Miraidon\n|turn|1\n|\n|t:|1701077619\n|move|p1a: Miraidon|Volt Switch|p2a: Tapu Koko at Home\n|-resisted|p2a: Tapu Koko at Home\n|-damage|p2a: Tapu Koko at Home|51\/100\n|\n|t:|1701077641\n|switch|p1a: Iron Bundle|Iron Bundle|100\/100|[from] Volt Switch\n|-activate|p1a: Iron Bundle|ability: Quark Drive\n|-start|p1a: Iron Bundle|quarkdrivespa\n|move|p2a: Tapu Koko at Home|Reflect|p2a: Tapu Koko at Home\n|-sidestart|p2: Ciro Ciro Ciro|Reflect\n|\n|upkeep\n|turn|2\n|\n|t:|1701077651\n|move|p1a: Iron Bundle|Ice Beam|p2a: Tapu Koko at Home\n|-damage|p2a: Tapu Koko at Home|0 fnt\n|faint|p2a: Tapu Koko at Home\n|\n|upkeep\n|\n|t:|1701077656\n|switch|p2a: A-Train|Arceus|100\/100\n|turn|3\n|\n|t:|1701077679\n|move|p1a: Iron Bundle|Ice Beam|p2a: A-Train\n|-damage|p2a: A-Train|57\/100\n|move|p2a: A-Train|Swords Dance|p2a: A-Train\n|-boost|p2a: A-Train|atk|2\n|\n|upkeep\n|turn|4\n|\n|t:|1701077688\n|-end|p1a: Iron Bundle|Quark Drive|[silent]\n|switch|p1a: Ditto|Ditto|100\/100\n|-transform|p1a: Ditto|p2a: A-Train|[from] ability: Imposter\n|move|p2a: A-Train|Extreme Speed|p1a: Ditto\n|-damage|p1a: Ditto|8\/100\n|\n|upkeep\n|turn|5\n|\n|t:|1701077699\n|move|p1a: Ditto|Extreme Speed|p2a: A-Train\n|-damage|p2a: A-Train|26\/100\n|move|p2a: A-Train|Extreme Speed|p1a: Ditto\n|-damage|p1a: Ditto|0 fnt\n|faint|p1a: Ditto\n|\n|-fieldend|move: Electric Terrain\n|upkeep\n|\n|t:|1701077714\n|switch|p1a: Iron Bundle|Iron Bundle|100\/100\n|turn|6\n|\n|t:|1701077719\n|move|p2a: A-Train|Extreme Speed|p1a: Iron Bundle\n|-damage|p1a: Iron Bundle|0 fnt\n|faint|p1a: Iron Bundle\n|-end|p1a: Iron Bundle|Quark Drive|[silent]\n|\n|upkeep\n|\n|t:|1701077728\n|switch|p1a: Koraidon|Koraidon|100\/100\n|-weather|SunnyDay|[from] ability: Orichalcum Pulse|[of] p1a: Koraidon\n|-activate|p1a: Koraidon|Orichalcum Pulse|[source]\n|turn|7\n|\n|t:|1701077747\n|move|p2a: A-Train|Extreme Speed|p1a: Koraidon\n|-damage|p1a: Koraidon|10\/100\n|move|p1a: Koraidon|Collision Course|p2a: A-Train\n|-supereffective|p2a: A-Train\n|-crit|p2a: A-Train\n|-damage|p2a: A-Train|0 fnt\n|faint|p2a: A-Train\n|\n|-weather|SunnyDay|[upkeep]\n|upkeep\n|\n|t:|1701077758\n|switch|p2a: Cats R Better|Zacian-Crowned, shiny|100\/100\n|-ability|p2a: Cats R Better|Intrepid Sword|boost\n|-boost|p2a: Cats R Better|atk|1\n|turn|8\n|\n|t:|1701077763\n|move|p1a: Koraidon|Collision Course|p2a: Cats R Better\n|-damage|p2a: Cats R Better|68\/100\n|move|p2a: Cats R Better|Play Rough|p1a: Koraidon\n|-supereffective|p1a: Koraidon\n|-damage|p1a: Koraidon|0 fnt\n|faint|p1a: Koraidon\n|\n|-weather|SunnyDay|[upkeep]\n|-sideend|p2: Ciro Ciro Ciro|Reflect\n|upkeep\n|\n|t:|1701077773\n|switch|p1a: Kyogre|Kyogre|100\/100\n|-weather|RainDance|[from] ability: Drizzle|[of] p1a: Kyogre\n|turn|9\n|\n|t:|1701077786\n|move|p1a: Kyogre|Water Spout|p2a: Cats R Better\n|-damage|p2a: Cats R Better|0 fnt\n|faint|p2a: Cats R Better\n|\n|-weather|RainDance|[upkeep]\n|upkeep\n|\n|t:|1701077792\n|switch|p2a: Goth Baby|Darkrai|100\/100\n|turn|10\n|\n|t:|1701077809\n|move|p2a: Goth Baby|Sucker Punch|p1a: Kyogre\n|-damage|p1a: Kyogre|77\/100\n|move|p1a: Kyogre|Water Spout|p2a: Goth Baby\n|-damage|p2a: Goth Baby|0 fnt\n|faint|p2a: Goth Baby\n|\n|-weather|RainDance|[upkeep]\n|upkeep\n|\n|t:|1701077816\n|switch|p2a: GOJIRA|Baxcalibur, F|100\/100\n|turn|11\n|\n|t:|1701077834\n|move|p1a: Kyogre|Water Spout|p2a: GOJIRA\n|-resisted|p2a: GOJIRA\n|-damage|p2a: GOJIRA|53\/100\n|move|p2a: GOJIRA|Dragon Dance|p2a: GOJIRA\n|-boost|p2a: GOJIRA|atk|1\n|-boost|p2a: GOJIRA|spe|1\n|\n|-weather|RainDance|[upkeep]\n|upkeep\n|turn|12\n|\n|t:|1701077845\n|move|p1a: Kyogre|Water Spout|p2a: GOJIRA\n|-resisted|p2a: GOJIRA\n|-damage|p2a: GOJIRA|0 fnt\n|faint|p2a: GOJIRA\n|\n|-weather|RainDance|[upkeep]\n|upkeep\n|\n|t:|1701077851\n|switch|p2a: Kingambit|Kingambit, M, shiny|100\/100\n|-activate|p2a: Kingambit|ability: Supreme Overlord\n|-start|p2a: Kingambit|fallen5|[silent]\n|turn|13\n|\n|t:|1701077867\n|move|p1a: Kyogre|Water Spout|p2a: Kingambit\n|-damage|p2a: Kingambit|7\/100\n|move|p2a: Kingambit|Low Kick|p1a: Kyogre\n|-damage|p1a: Kyogre|4\/100\n|\n|-weather|none\n|upkeep\n|turn|14\n|\n|t:|1701077875\n|move|p2a: Kingambit|Sucker Punch|p1a: Kyogre\n|-damage|p1a: Kyogre|0 fnt\n|faint|p1a: Kyogre\n|\n|upkeep\n|\n|t:|1701077879\n|switch|p1a: Shaymin|Shaymin-Sky|100\/100\n|turn|15\n|c|\u2606Ciro Ciro Ciro|do i get the read\n|c|\u2606Ciro Ciro Ciro|hmm\n|c|\u2606djkslaf|yes\n|c|\u2606djkslaf|i have sub\n|\n|t:|1701077902\n|move|p1a: Shaymin|Earth Power|p2a: Kingambit\n|-supereffective|p2a: Kingambit\n|-damage|p2a: Kingambit|0 fnt\n|faint|p2a: Kingambit\n|-end|p2a: Kingambit|fallen5|[silent]\n|\n|win|djkslaf\n|raw|djkslaf's rating: 1246 &rarr; <strong>1264<\/strong><br \/>(+18 for winning)\n|raw|Ciro Ciro Ciro's rating: 1146 &rarr; <strong>1128<\/strong><br \/>(-18 for losing)\n|c|\u2606Ciro Ciro Ciro|FUCK\n","uploadtime":1701077909,"views":2,"p1id":"djkslaf","p2id":"cirocirociro","formatid":"gen9ubers","rating":1128,"private":0,"password":""}