{"id":"gen9ubers-1969181629","p1":"SenkTheMoth","p2":"Reposti","format":"[Gen 9] Ubers","log":"|j|\u2606SenkTheMoth\n|j|\u2606Reposti\n|t:|1697497767\n|gametype|singles\n|player|p1|SenkTheMoth|dawn-gen4pt|\n|player|p2|Reposti|gentleman-gen4|\n|teamsize|p1|6\n|teamsize|p2|6\n|gen|9\n|tier|[Gen 9] Ubers\n|rule|Sleep Clause Mod: Limit one foe put to sleep\n|rule|Species Clause: Limit one of each Pok\u00e9mon\n|rule|OHKO Clause: OHKO moves are banned\n|rule|Evasion Items Clause: Evasion items are banned\n|rule|Evasion Moves Clause: Evasion moves are banned\n|rule|Endless Battle Clause: Forcing endless battles is banned\n|rule|HP Percentage Mod: HP is shown in percentages\n|clearpoke\n|poke|p1|Zacian-*|\n|poke|p1|Magearna|\n|poke|p1|Palkia-Origin|\n|poke|p1|Gholdengo|\n|poke|p1|Arceus-Ice|\n|poke|p1|Goodra-Hisui, M|\n|poke|p2|Regidrago|\n|poke|p2|Zacian-*|\n|poke|p2|Masquerain, M|\n|poke|p2|Urshifu-*, F|\n|poke|p2|Arceus-Fire|\n|poke|p2|Gholdengo|\n|teampreview\n|c|\u2606Reposti|Glhf\n|\n|t:|1697497786\n|start\n|switch|p1a: Big Man|Goodra-Hisui, M|100\/100\n|switch|p2a: Masquerain|Masquerain, M|100\/100\n|-ability|p2a: Masquerain|Intimidate|boost\n|-unboost|p1a: Big Man|atk|1\n|turn|1\n|\n|t:|1697497795\n|move|p2a: Masquerain|Stun Spore|p1a: Big Man\n|-ability|p1a: Big Man|Sap Sipper|boost\n|-boost|p1a: Big Man|atk|1\n|move|p1a: Big Man|Curse|p1a: Big Man\n|-unboost|p1a: Big Man|spe|1\n|-boost|p1a: Big Man|atk|1\n|-boost|p1a: Big Man|def|1\n|\n|upkeep\n|turn|2\n|c|\u2606Reposti|F\n|\n|t:|1697497806\n|move|p2a: Masquerain|Sticky Web|p1a: Big Man\n|-sidestart|p1: SenkTheMoth|move: Sticky Web\n|move|p1a: Big Man|Curse|p1a: Big Man\n|-unboost|p1a: Big Man|spe|1\n|-boost|p1a: Big Man|atk|1\n|-boost|p1a: Big Man|def|1\n|\n|upkeep\n|turn|3\n|c|\u2606SenkTheMoth|i always forget goodra has sap sipper\n|\n|t:|1697497821\n|switch|p2a: Urshifu|Urshifu-Rapid-Strike, F|100\/100\n|move|p1a: Big Man|Iron Head|p2a: Urshifu\n|-resisted|p2a: Urshifu\n|-damage|p2a: Urshifu|73\/100\n|\n|upkeep\n|turn|4\n|\n|t:|1697497829\n|-terastallize|p1a: Big Man|Flying\n|move|p2a: Urshifu|Close Combat|p1a: Big Man\n|-resisted|p1a: Big Man\n|-damage|p1a: Big Man|79\/100\n|-unboost|p2a: Urshifu|def|1\n|-unboost|p2a: Urshifu|spd|1\n|move|p1a: Big Man|Dragon Tail|p2a: Urshifu\n|-damage|p2a: Urshifu|11\/100\n|drag|p2a: Regidrago|Regidrago|100\/100\n|\n|-heal|p1a: Big Man|85\/100|[from] item: Leftovers\n|upkeep\n|turn|5\n|\n|t:|1697497844\n|move|p2a: Regidrago|Dragon Energy|p1a: Big Man\n|-damage|p1a: Big Man|31\/100\n|move|p1a: Big Man|Dragon Tail|p2a: Regidrago\n|-supereffective|p2a: Regidrago\n|-damage|p2a: Regidrago|18\/100\n|drag|p2a: Arceus|Arceus-Fire|100\/100\n|\n|-heal|p1a: Big Man|37\/100|[from] item: Leftovers\n|upkeep\n|turn|6\n|\n|t:|1697497856\n|switch|p2a: Masquerain|Masquerain, M|100\/100\n|-ability|p2a: Masquerain|Intimidate|boost\n|-unboost|p1a: Big Man|atk|1\n|move|p1a: Big Man|Earthquake|p2a: Masquerain\n|-immune|p2a: Masquerain\n|\n|-heal|p1a: Big Man|43\/100|[from] item: Leftovers\n|upkeep\n|turn|7\n|\n|t:|1697497870\n|move|p2a: Masquerain|Air Slash|p1a: Big Man\n|-damage|p1a: Big Man|27\/100\n|move|p1a: Big Man|Curse|p1a: Big Man\n|-unboost|p1a: Big Man|spe|1\n|-boost|p1a: Big Man|atk|1\n|-boost|p1a: Big Man|def|1\n|\n|-heal|p1a: Big Man|33\/100|[from] item: Leftovers\n|upkeep\n|turn|8\n|\n|t:|1697497879\n|move|p2a: Masquerain|Air Slash|p1a: Big Man\n|-damage|p1a: Big Man|17\/100\n|cant|p1a: Big Man|flinch\n|\n|-heal|p1a: Big Man|23\/100|[from] item: Leftovers\n|upkeep\n|turn|9\n|\n|t:|1697497886\n|move|p2a: Masquerain|Air Slash|p1a: Big Man\n|-damage|p1a: Big Man|6\/100\n|move|p1a: Big Man|Dragon Tail|p2a: Masquerain\n|-damage|p2a: Masquerain|28\/100\n|drag|p2a: Zacian|Zacian|100\/100\n|-ability|p2a: Zacian|Intrepid Sword|boost\n|-boost|p2a: Zacian|atk|1\n|\n|-heal|p1a: Big Man|12\/100|[from] item: Leftovers\n|upkeep\n|turn|10\n|\n|t:|1697497899\n|move|p2a: Zacian|Play Rough|p1a: Big Man\n|-damage|p1a: Big Man|0 fnt\n|faint|p1a: Big Man\n|\n|upkeep\n|\n|t:|1697497916\n|switch|p1a: Magearna|Magearna|100\/100\n|-activate|p1a: Magearna|move: Sticky Web\n|-unboost|p1a: Magearna|spe|1\n|turn|11\n|\n|t:|1697497925\n|switch|p2a: Arceus|Arceus-Fire|100\/100\n|move|p1a: Magearna|Spikes|p2a: Arceus\n|-sidestart|p2: Reposti|Spikes\n|\n|upkeep\n|turn|12\n|\n|t:|1697497930\n|move|p2a: Arceus|Swords Dance|p2a: Arceus\n|-boost|p2a: Arceus|atk|2\n|move|p1a: Magearna|Thunder Wave|p2a: Arceus|[miss]\n|-miss|p1a: Magearna|p2a: Arceus\n|\n|upkeep\n|turn|13\n|c|\u2606SenkTheMoth|welp\n|c|\u2606SenkTheMoth|gg\n|\n|t:|1697497942\n|move|p2a: Arceus|Flare Blitz|p1a: Magearna\n|-supereffective|p1a: Magearna\n|-damage|p1a: Magearna|0 fnt\n|faint|p1a: Magearna\n|-damage|p2a: Arceus|69\/100|[from] Recoil\n|\n|upkeep\n|c|\u2606SenkTheMoth|wait i forgot nevermind im still in this\n|\n|t:|1697497954\n|switch|p1a: Zacian|Zacian|100\/100\n|-ability|p1a: Zacian|Intrepid Sword|boost\n|-boost|p1a: Zacian|atk|1\n|turn|14\n|\n|t:|1697497961\n|move|p2a: Arceus|Extreme Speed|p1a: Zacian\n|-damage|p1a: Zacian|49\/100\n|move|p1a: Zacian|Close Combat|p2a: Arceus\n|-damage|p2a: Arceus|23\/100\n|-unboost|p1a: Zacian|def|1\n|-unboost|p1a: Zacian|spd|1\n|\n|upkeep\n|turn|15\n|\n|t:|1697497971\n|switch|p1a: Gholdengo|Gholdengo|100\/100\n|-activate|p1a: Gholdengo|move: Sticky Web\n|-unboost|p1a: Gholdengo|spe|1\n|move|p2a: Arceus|Extreme Speed|p1a: Gholdengo\n|-immune|p1a: Gholdengo\n|\n|upkeep\n|turn|16\n|\n|t:|1697497979\n|move|p2a: Arceus|Earthquake|p1a: Gholdengo\n|-supereffective|p1a: Gholdengo\n|-damage|p1a: Gholdengo|0 fnt\n|faint|p1a: Gholdengo\n|\n|upkeep\n|\n|t:|1697497984\n|switch|p1a: Palkia|Palkia-Origin|100\/100\n|-activate|p1a: Palkia|move: Sticky Web\n|-unboost|p1a: Palkia|spe|1\n|-ability|p1a: Palkia|Pressure\n|turn|17\n|\n|t:|1697497990\n|move|p2a: Arceus|Earthquake|p1a: Palkia\n|-damage|p1a: Palkia|25\/100\n|move|p1a: Palkia|Surf|p2a: Arceus\n|-supereffective|p2a: Arceus\n|-damage|p2a: Arceus|0 fnt\n|faint|p2a: Arceus\n|\n|upkeep\n|\n|t:|1697498014\n|switch|p2a: Gholdengo|Gholdengo|100\/100\n|-item|p2a: Gholdengo|Air Balloon\n|turn|18\n|\n|t:|1697498022\n|move|p1a: Palkia|Surf|p2a: Gholdengo\n|-damage|p2a: Gholdengo|56\/100\n|-enditem|p2a: Gholdengo|Air Balloon\n|move|p2a: Gholdengo|Shadow Ball|p1a: Palkia\n|-damage|p1a: Palkia|0 fnt\n|faint|p1a: Palkia\n|\n|upkeep\n|\n|t:|1697498028\n|switch|p1a: Zacian|Zacian|49\/100\n|turn|19\n|\n|t:|1697498033\n|move|p1a: Zacian|Swords Dance|p1a: Zacian\n|-boost|p1a: Zacian|atk|2\n|move|p2a: Gholdengo|Make It Rain|p1a: Zacian\n|-supereffective|p1a: Zacian\n|-damage|p1a: Zacian|0 fnt\n|-unboost|p2a: Gholdengo|spa|1\n|faint|p1a: Zacian\n|\n|upkeep\n|\n|t:|1697498041\n|switch|p1a: Minos Prime|Arceus-Ice|100\/100\n|-activate|p1a: Minos Prime|move: Sticky Web\n|-unboost|p1a: Minos Prime|spe|1\n|turn|20\n|\n|t:|1697498049\n|switch|p2a: Masquerain|Masquerain, M|28\/100\n|-ability|p2a: Masquerain|Intimidate|boost\n|-unboost|p1a: Minos Prime|atk|1\n|move|p1a: Minos Prime|Calm Mind|p1a: Minos Prime\n|-boost|p1a: Minos Prime|spa|1\n|-boost|p1a: Minos Prime|spd|1\n|\n|upkeep\n|turn|21\n|\n|t:|1697498056\n|move|p2a: Masquerain|Stun Spore|p1a: Minos Prime\n|-status|p1a: Minos Prime|par\n|move|p1a: Minos Prime|Judgment|p2a: Masquerain\n|-supereffective|p2a: Masquerain\n|-damage|p2a: Masquerain|0 fnt\n|faint|p2a: Masquerain\n|\n|upkeep\n|\n|t:|1697498066\n|switch|p2a: Urshifu|Urshifu-Rapid-Strike, F|11\/100\n|-damage|p2a: Urshifu|0 fnt|[from] Spikes\n|faint|p2a: Urshifu\n|\n|t:|1697498071\n|switch|p2a: Regidrago|Regidrago|18\/100\n|-damage|p2a: Regidrago|6\/100|[from] Spikes\n|turn|22\n|\n|t:|1697498078\n|move|p2a: Regidrago|Draco Meteor|p1a: Minos Prime|[miss]\n|-miss|p2a: Regidrago|p1a: Minos Prime\n|move|p1a: Minos Prime|Judgment|p2a: Regidrago\n|-supereffective|p2a: Regidrago\n|-damage|p2a: Regidrago|0 fnt\n|faint|p2a: Regidrago\n|\n|upkeep\n|\n|t:|1697498087\n|switch|p2a: Gholdengo|Gholdengo|56\/100\n|-damage|p2a: Gholdengo|43\/100|[from] Spikes\n|turn|23\n|\n|t:|1697498123\n|move|p2a: Gholdengo|Make It Rain|p1a: Minos Prime\n|-supereffective|p1a: Minos Prime\n|-damage|p1a: Minos Prime|55\/100 par\n|-unboost|p2a: Gholdengo|spa|1\n|move|p1a: Minos Prime|Calm Mind|p1a: Minos Prime\n|-boost|p1a: Minos Prime|spa|1\n|-boost|p1a: Minos Prime|spd|1\n|\n|upkeep\n|turn|24\n|\n|t:|1697498133\n|move|p2a: Gholdengo|Recover|p2a: Gholdengo\n|-heal|p2a: Gholdengo|93\/100\n|move|p1a: Minos Prime|Recover|p1a: Minos Prime\n|-heal|p1a: Minos Prime|100\/100 par\n|\n|upkeep\n|turn|25\n|\n|t:|1697498140\n|move|p2a: Gholdengo|Nasty Plot|p2a: Gholdengo\n|-boost|p2a: Gholdengo|spa|2\n|cant|p1a: Minos Prime|par\n|\n|upkeep\n|turn|26\n|\n|t:|1697498145\n|move|p2a: Gholdengo|Nasty Plot|p2a: Gholdengo\n|-boost|p2a: Gholdengo|spa|2\n|move|p1a: Minos Prime|Thunderbolt|p2a: Gholdengo\n|-damage|p2a: Gholdengo|57\/100\n|\n|upkeep\n|turn|27\n|\n|t:|1697498154\n|move|p2a: Gholdengo|Nasty Plot|p2a: Gholdengo\n|-boost|p2a: Gholdengo|spa|2\n|move|p1a: Minos Prime|Judgment|p2a: Gholdengo\n|-resisted|p2a: Gholdengo\n|-damage|p2a: Gholdengo|24\/100\n|\n|upkeep\n|turn|28\n|\n|t:|1697498161\n|move|p2a: Gholdengo|Recover|p2a: Gholdengo\n|-heal|p2a: Gholdengo|74\/100\n|move|p1a: Minos Prime|Thunderbolt|p2a: Gholdengo\n|-damage|p2a: Gholdengo|40\/100\n|\n|upkeep\n|turn|29\n|\n|t:|1697498167\n|move|p2a: Gholdengo|Make It Rain|p1a: Minos Prime\n|-supereffective|p1a: Minos Prime\n|-damage|p1a: Minos Prime|0 fnt\n|-unboost|p2a: Gholdengo|spa|1\n|faint|p1a: Minos Prime\n|\n|win|Reposti\n|c|\u2606SenkTheMoth|gg\n|c|\u2606Reposti|Gg\n|l|\u2606SenkTheMoth\n","uploadtime":1697498189,"views":24,"p1id":"senkthemoth","p2id":"reposti","formatid":"gen9ubers","rating":0,"private":0,"password":""}