{"id":"gen9ubers-1986594278","p1":"ItsmeBlankKnight","p2":"DangerLeaderLizana","format":"[Gen 9] Ubers","log":"|j|\u2606ItsmeBlankKnight\n|j|\u2606DangerLeaderLizana\n|t:|1699495797\n|gametype|singles\n|player|p1|ItsmeBlankKnight|larry|\n|player|p2|DangerLeaderLizana|1|\n|teamsize|p1|6\n|teamsize|p2|6\n|gen|9\n|tier|[Gen 9] Ubers\n|rule|Sleep Clause Mod: Limit one foe put to sleep\n|rule|Species Clause: Limit one of each Pok\u00e9mon\n|rule|OHKO Clause: OHKO moves are banned\n|rule|Evasion Items Clause: Evasion items are banned\n|rule|Evasion Moves Clause: Evasion moves are banned\n|rule|Endless Battle Clause: Forcing endless battles is banned\n|rule|HP Percentage Mod: HP is shown in percentages\n|clearpoke\n|poke|p1|Chi-Yu|\n|poke|p1|Palafin, M|\n|poke|p1|Spectrier|\n|poke|p1|Zacian-*|\n|poke|p1|Arceus-Ghost|\n|poke|p1|Masquerain, M|\n|poke|p2|Roaring Moon|\n|poke|p2|Cyclizar, M|\n|poke|p2|Zacian-*|\n|poke|p2|Arceus-Fire|\n|poke|p2|Urshifu-*, M|\n|poke|p2|Dragapult, M|\n|teampreview\n|inactive|Battle timer is ON: inactive players will automatically lose when time's up. (requested by ItsmeBlankKnight)\n|inactive|DangerLeaderLizana also wants the timer to be on.\n|c|\u2606DangerLeaderLizana|Glhf\n|c|\u2606ItsmeBlankKnight|u2\n|\n|t:|1699495829\n|start\n|switch|p1a: Zacian|Zacian|100\/100\n|switch|p2a: Cyclizar|Cyclizar, M|100\/100\n|-ability|p1a: Zacian|Intrepid Sword|boost\n|-boost|p1a: Zacian|atk|1\n|turn|1\n|\n|t:|1699495843\n|move|p1a: Zacian|Swords Dance|p1a: Zacian\n|-boost|p1a: Zacian|atk|2\n|move|p2a: Cyclizar|Shed Tail|p2a: Cyclizar\n|-start|p2a: Cyclizar|Substitute|[from] move: Shed Tail\n|-damage|p2a: Cyclizar|50\/100\n|\n|t:|1699495851\n|switch|p2a: Roaring Moon|Roaring Moon|100\/100|[from] Shed Tail\n|-enditem|p2a: Roaring Moon|Booster Energy\n|-activate|p2a: Roaring Moon|ability: Protosynthesis|[fromitem]\n|-start|p2a: Roaring Moon|protosynthesisatk\n|\n|upkeep\n|turn|2\n|\n|t:|1699495856\n|move|p1a: Zacian|Play Rough|p2a: Roaring Moon\n|-supereffective|p2a: Roaring Moon\n|-end|p2a: Roaring Moon|Substitute\n|move|p2a: Roaring Moon|Dragon Dance|p2a: Roaring Moon\n|-boost|p2a: Roaring Moon|atk|1\n|-boost|p2a: Roaring Moon|spe|1\n|\n|upkeep\n|turn|3\n|\n|t:|1699495860\n|-terastallize|p2a: Roaring Moon|Flying\n|move|p2a: Roaring Moon|Acrobatics|p1a: Zacian\n|-damage|p1a: Zacian|0 fnt\n|faint|p1a: Zacian\n|\n|upkeep\n|\n|t:|1699495866\n|switch|p1a: Arceus|Arceus-Ghost|100\/100\n|turn|4\n|\n|t:|1699495868\n|move|p2a: Roaring Moon|Knock Off|p1a: Arceus\n|-supereffective|p1a: Arceus\n|-damage|p1a: Arceus|0 fnt\n|faint|p1a: Arceus\n|\n|upkeep\n|\n|t:|1699495870\n|switch|p1a: Masquerain|Masquerain, M|100\/100\n|-ability|p1a: Masquerain|Intimidate|boost\n|-unboost|p2a: Roaring Moon|atk|1\n|turn|5\n|\n|t:|1699495872\n|move|p2a: Roaring Moon|Acrobatics|p1a: Masquerain\n|-supereffective|p1a: Masquerain\n|-enditem|p1a: Masquerain|Focus Sash\n|-damage|p1a: Masquerain|1\/100\n|move|p1a: Masquerain|Tailwind|p1a: Masquerain\n|-sidestart|p1: ItsmeBlankKnight|move: Tailwind\n|\n|upkeep\n|turn|6\n|\n|t:|1699495874\n|move|p1a: Masquerain|Sticky Web|p2a: Roaring Moon\n|-sidestart|p2: DangerLeaderLizana|move: Sticky Web\n|move|p2a: Roaring Moon|Acrobatics|p1a: Masquerain\n|-supereffective|p1a: Masquerain\n|-damage|p1a: Masquerain|0 fnt\n|faint|p1a: Masquerain\n|\n|upkeep\n|\n|t:|1699495877\n|switch|p1a: Chi-Yu|Chi-Yu|100\/100\n|-ability|p1a: Chi-Yu|Beads of Ruin\n|turn|7\n|\n|t:|1699495879\n|move|p1a: Chi-Yu|Overheat|p2a: Roaring Moon\n|-damage|p2a: Roaring Moon|0 fnt\n|-unboost|p1a: Chi-Yu|spa|2\n|faint|p2a: Roaring Moon\n|-end|p2a: Roaring Moon|Protosynthesis|[silent]\n|\n|upkeep\n|\n|t:|1699495884\n|switch|p2a: Cyclizar|Cyclizar, M|84\/100\n|turn|8\n|\n|t:|1699495885\n|move|p1a: Chi-Yu|Overheat|p2a: Cyclizar\n|-resisted|p2a: Cyclizar\n|-damage|p2a: Cyclizar|32\/100\n|-unboost|p1a: Chi-Yu|spa|2\n|move|p2a: Cyclizar|Rapid Spin|p1a: Chi-Yu\n|-damage|p1a: Chi-Yu|76\/100\n|-boost|p2a: Cyclizar|spe|1\n|-sideend|p2: DangerLeaderLizana|Sticky Web|[from] move: Rapid Spin|[of] p2a: Cyclizar\n|\n|-sideend|p1: ItsmeBlankKnight|move: Tailwind\n|upkeep\n|turn|9\n|\n|t:|1699495889\n|switch|p2a: Urshifu|Urshifu-Rapid-Strike, M|100\/100\n|move|p1a: Chi-Yu|Overheat|p2a: Urshifu\n|-resisted|p2a: Urshifu\n|-damage|p2a: Urshifu|62\/100\n|-unboost|p1a: Chi-Yu|spa|2\n|\n|upkeep\n|turn|10\n|\n|t:|1699495891\n|switch|p1a: Palafin|Palafin, M|100\/100\n|move|p2a: Urshifu|Trailblaze|p1a: Palafin\n|-supereffective|p1a: Palafin\n|-damage|p1a: Palafin|52\/100\n|-boost|p2a: Urshifu|spe|1\n|\n|upkeep\n|turn|11\n|\n|t:|1699495898\n|detailschange|p1a: Palafin|Palafin-Hero, M\n|switch|p1a: Spectrier|Spectrier|100\/100\n|move|p2a: Urshifu|Close Combat|p1a: Spectrier\n|-immune|p1a: Spectrier\n|\n|upkeep\n|turn|12\n|\n|t:|1699495901\n|move|p2a: Urshifu|Surging Strikes|p1a: Spectrier\n|-crit|p1a: Spectrier\n|-damage|p1a: Spectrier|69\/100\n|-crit|p1a: Spectrier\n|-damage|p1a: Spectrier|37\/100\n|-crit|p1a: Spectrier\n|-damage|p1a: Spectrier|0 fnt\n|faint|p1a: Spectrier\n|-hitcount|p1: Spectrier|3\n|\n|upkeep\n|\n|t:|1699495904\n|switch|p1a: Palafin|Palafin-Hero, M|52\/100\n|-activate|p1a: Palafin|ability: Zero to Hero\n|turn|13\n|\n|t:|1699495906\n|-terastallize|p1a: Palafin|Water\n|move|p1a: Palafin|Jet Punch|p2a: Urshifu\n|-resisted|p2a: Urshifu\n|-damage|p2a: Urshifu|29\/100\n|-damage|p1a: Palafin|42\/100|[from] item: Life Orb\n|move|p2a: Urshifu|Trailblaze|p1a: Palafin\n|-supereffective|p1a: Palafin\n|-damage|p1a: Palafin|4\/100\n|-boost|p2a: Urshifu|spe|1\n|\n|upkeep\n|turn|14\n|\n|t:|1699495910\n|move|p1a: Palafin|Jet Punch|p2a: Urshifu\n|-resisted|p2a: Urshifu\n|-damage|p2a: Urshifu|0 fnt\n|faint|p2a: Urshifu\n|-damage|p1a: Palafin|0 fnt|[from] item: Life Orb\n|faint|p1a: Palafin\n|\n|upkeep\n|\n|t:|1699495913\n|switch|p2a: Dragapult|Dragapult, M|100\/100\n|switch|p1a: Chi-Yu|Chi-Yu|76\/100\n|-ability|p1a: Chi-Yu|Beads of Ruin\n|turn|15\n|\n|t:|1699495915\n|move|p2a: Dragapult|Draco Meteor|p1a: Chi-Yu\n|-damage|p1a: Chi-Yu|0 fnt\n|-unboost|p2a: Dragapult|spa|2\n|faint|p1a: Chi-Yu\n|\n|win|DangerLeaderLizana\n|l|\u2606DangerLeaderLizana\n|c|\u2606ItsmeBlankKnight|gg\n","uploadtime":1699496134,"views":48,"p1id":"itsmeblankknight","p2id":"dangerleaderlizana","formatid":"gen9ubers","rating":0,"private":0,"password":""}