{"id":"gen9ubers-1971370199","p1":"Mistery67","p2":"xoss- Guy","format":"[Gen 9] Ubers","log":"|j|\u2606Mistery67\n|j|\u2606xoss- Guy\n|t:|1697733165\n|gametype|singles\n|player|p1|Mistery67|266|1006\n|player|p2|xoss- Guy|blackbelt|1000\n|teamsize|p1|6\n|teamsize|p2|6\n|gen|9\n|tier|[Gen 9] Ubers\n|rated|\n|rule|Sleep Clause Mod: Limit one foe put to sleep\n|rule|Species Clause: Limit one of each Pok\u00e9mon\n|rule|OHKO Clause: OHKO moves are banned\n|rule|Evasion Items Clause: Evasion items are banned\n|rule|Evasion Moves Clause: Evasion moves are banned\n|rule|Endless Battle Clause: Forcing endless battles is banned\n|rule|HP Percentage Mod: HP is shown in percentages\n|clearpoke\n|poke|p1|Darkrai|\n|poke|p1|Annihilape, F|\n|poke|p1|Eternatus|\n|poke|p1|Espathra, M|\n|poke|p1|Kyogre|\n|poke|p1|Calyrex-Ice|\n|poke|p2|Giratina-Origin|\n|poke|p2|Ogerpon-Hearthflame, F|\n|poke|p2|Jirachi|\n|poke|p2|Iron Hands|\n|poke|p2|Fezandipiti, M|\n|poke|p2|Groudon|\n|teampreview\n|c|\u2606Mistery67|hi\n|inactive|Battle timer is ON: inactive players will automatically lose when time's up. (requested by Mistery67)\n|\n|t:|1697733200\n|start\n|switch|p1a: Nightmare|Darkrai|100\/100\n|switch|p2a: Iron Hands|Iron Hands|100\/100\n|turn|1\n|inactive|xoss- Guy has 120 seconds left.\n|\n|t:|1697733247\n|-terastallize|p2a: Iron Hands|Fighting\n|move|p1a: Nightmare|Hypnosis|p2a: Iron Hands|[miss]\n|-miss|p1a: Nightmare|p2a: Iron Hands\n|move|p2a: Iron Hands|Drain Punch|p1a: Nightmare\n|-supereffective|p1a: Nightmare\n|-damage|p1a: Nightmare|0 fnt\n|faint|p1a: Nightmare\n|\n|upkeep\n|\n|t:|1697733256\n|switch|p1a: Dead Monke|Annihilape, F|100\/100\n|turn|2\n|inactive|xoss- Guy has 90 seconds left.\n|\n|t:|1697733303\n|move|p2a: Iron Hands|Thunderbolt|p1a: Dead Monke\n|-damage|p1a: Dead Monke|78\/100\n|move|p1a: Dead Monke|Counter||[still]\n|-fail|p1a: Dead Monke\n|\n|-heal|p1a: Dead Monke|84\/100|[from] item: Leftovers\n|upkeep\n|turn|3\n|\n|t:|1697733312\n|move|p1a: Dead Monke|Cross Chop|p2a: Iron Hands\n|-damage|p2a: Iron Hands|71\/100\n|move|p2a: Iron Hands|Electric Terrain|p2a: Iron Hands\n|-fieldstart|move: Electric Terrain\n|-activate|p2a: Iron Hands|ability: Quark Drive\n|-start|p2a: Iron Hands|quarkdriveatk\n|\n|-heal|p1a: Dead Monke|90\/100|[from] item: Leftovers\n|upkeep\n|turn|4\n|\n|t:|1697733334\n|move|p1a: Dead Monke|Rage Fist|p2a: Iron Hands\n|-damage|p2a: Iron Hands|41\/100\n|move|p2a: Iron Hands|Thunderbolt|p1a: Dead Monke\n|-damage|p1a: Dead Monke|61\/100\n|-status|p1a: Dead Monke|par\n|\n|-heal|p1a: Dead Monke|67\/100 par|[from] item: Leftovers\n|upkeep\n|turn|5\n|\n|t:|1697733344\n|move|p2a: Iron Hands|Thunderbolt|p1a: Dead Monke\n|-damage|p1a: Dead Monke|38\/100 par\n|move|p1a: Dead Monke|Rage Fist|p2a: Iron Hands\n|-damage|p2a: Iron Hands|0 fnt\n|faint|p2a: Iron Hands\n|-end|p2a: Iron Hands|Quark Drive|[silent]\n|\n|-heal|p1a: Dead Monke|45\/100 par|[from] item: Leftovers\n|upkeep\n|inactive|xoss- Guy has 60 seconds left.\n|\n|t:|1697733365\n|switch|p2a: Giratina|Giratina-Origin|100\/100\n|turn|6\n|\n|t:|1697733372\n|-terastallize|p1a: Dead Monke|Fighting\n|move|p2a: Giratina|Shadow Force||[still]\n|-prepare|p2a: Giratina|Shadow Force\n|move|p1a: Dead Monke|Rage Fist|p2a: Giratina|[miss]\n|-miss|p1a: Dead Monke|p2a: Giratina\n|\n|-heal|p1a: Dead Monke|51\/100 par|[from] item: Leftovers\n|upkeep\n|turn|7\n|\n|t:|1697733382\n|move|p2a: Giratina|Shadow Force|p1a: Dead Monke|[from]lockedmove\n|-damage|p1a: Dead Monke|0 fnt\n|faint|p1a: Dead Monke\n|\n|-fieldend|move: Electric Terrain\n|upkeep\n|c|\u2606Mistery67|aaa you got lucky there\n|\n|t:|1697733406\n|switch|p1a: Big Whale|Kyogre|100\/100\n|-weather|RainDance|[from] ability: Drizzle|[of] p1a: Big Whale\n|turn|8\n|inactive|xoss- Guy has 60 seconds left.\n|\n|t:|1697733432\n|move|p2a: Giratina|Outrage|p1a: Big Whale\n|-crit|p1a: Big Whale\n|-damage|p1a: Big Whale|8\/100\n|move|p1a: Big Whale|Origin Pulse|p2a: Giratina\n|-resisted|p2a: Giratina\n|-damage|p2a: Giratina|64\/100\n|\n|-weather|RainDance|[upkeep]\n|-heal|p1a: Big Whale|14\/100|[from] item: Leftovers\n|upkeep\n|turn|9\n|inactive|xoss- Guy has 60 seconds left.\n|-message|Mistery67 forfeited.\n|\n|win|xoss- Guy\n|raw|Mistery67's rating: 1006 &rarr; <strong>1000<\/strong><br \/>(-6 for losing)\n|raw|xoss- Guy's rating: 1000 &rarr; <strong>1041<\/strong><br \/>(+41 for winning)\n|l|\u2606Mistery67\n","uploadtime":1697733449,"views":7,"p1id":"mistery67","p2id":"xossguy","formatid":"gen9ubers","rating":1000,"private":0,"password":""}