{"id":"gen9ubers-1977681008","p1":"bacon_volt","p2":"TheFlamingRepeater","format":"[Gen 9] Ubers","log":"|j|\u2606bacon_volt\n|j|\u2606TheFlamingRepeater\n|t:|1698438129\n|gametype|singles\n|player|p1|bacon_volt|ethan|1154\n|player|p2|TheFlamingRepeater|hugh|1210\n|teamsize|p1|6\n|teamsize|p2|6\n|gen|9\n|tier|[Gen 9] Ubers\n|rated|\n|rule|Sleep Clause Mod: Limit one foe put to sleep\n|rule|Species Clause: Limit one of each Pok\u00e9mon\n|rule|OHKO Clause: OHKO moves are banned\n|rule|Evasion Items Clause: Evasion items are banned\n|rule|Evasion Moves Clause: Evasion moves are banned\n|rule|Endless Battle Clause: Forcing endless battles is banned\n|rule|HP Percentage Mod: HP is shown in percentages\n|clearpoke\n|poke|p1|Chien-Pao|\n|poke|p1|Flutter Mane|\n|poke|p1|Cyclizar, M|\n|poke|p1|Palafin, F|\n|poke|p1|Espathra, F|\n|poke|p1|Miraidon|\n|poke|p2|Gliscor, F|\n|poke|p2|Zacian-*|\n|poke|p2|Koraidon|\n|poke|p2|Miraidon|\n|poke|p2|Arceus-Fairy|\n|poke|p2|Flutter Mane|\n|teampreview\n|inactive|Battle timer is ON: inactive players will automatically lose when time's up. (requested by TheFlamingRepeater)\n|c|\u2606TheFlamingRepeater|gl hf\n|\n|t:|1698438153\n|start\n|switch|p1a: Da Phin|Palafin, F|100\/100\n|switch|p2a: Zamazenta 2|Zacian-Crowned|100\/100\n|-ability|p2a: Zamazenta 2|Intrepid Sword|boost\n|-boost|p2a: Zamazenta 2|atk|1\n|turn|1\n|\n|t:|1698438165\n|detailschange|p1a: Da Phin|Palafin-Hero, F\n|switch|p1a: lizardo|Cyclizar, M|100\/100\n|move|p2a: Zamazenta 2|Swords Dance|p2a: Zamazenta 2\n|-boost|p2a: Zamazenta 2|atk|2\n|\n|upkeep\n|turn|2\n|\n|t:|1698438176\n|move|p1a: lizardo|Shed Tail|p1a: lizardo\n|-start|p1a: lizardo|Substitute|[from] move: Shed Tail\n|-damage|p1a: lizardo|50\/100\n|\n|t:|1698438179\n|switch|p1a: lizardo mark 2|Miraidon|100\/100|[from] Shed Tail\n|-fieldstart|move: Electric Terrain|[from] ability: Hadron Engine|[of] p1a: lizardo mark 2\n|move|p2a: Zamazenta 2|Behemoth Blade|p1a: lizardo mark 2\n|-resisted|p1a: lizardo mark 2\n|-end|p1a: lizardo mark 2|Substitute\n|\n|upkeep\n|turn|3\n|\n|t:|1698438189\n|-terastallize|p1a: lizardo mark 2|Electric\n|move|p2a: Zamazenta 2|Play Rough|p1a: lizardo mark 2|[miss]\n|-miss|p2a: Zamazenta 2|p1a: lizardo mark 2\n|move|p1a: lizardo mark 2|Parabolic Charge|p2a: Zamazenta 2\n|-damage|p2a: Zamazenta 2|16\/100\n|\n|upkeep\n|turn|4\n|c|\u2606TheFlamingRepeater|scarf moment\n|c|\u2606TheFlamingRepeater|god damn it\n|\n|t:|1698438201\n|move|p2a: Zamazenta 2|Play Rough|p1a: lizardo mark 2\n|-damage|p1a: lizardo mark 2|0 fnt\n|faint|p1a: lizardo mark 2\n|\n|upkeep\n|\n|t:|1698438207\n|switch|p1a: Da Phin|Palafin-Hero, F|100\/100\n|-activate|p1a: Da Phin|ability: Zero to Hero\n|turn|5\n|c|\u2606TheFlamingRepeater|if only there were a reliable physical fairy stab\n|\n|t:|1698438220\n|move|p1a: Da Phin|Jet Punch|p2a: Zamazenta 2\n|-damage|p2a: Zamazenta 2|0 fnt\n|faint|p2a: Zamazenta 2\n|\n|upkeep\n|\n|t:|1698438223\n|switch|p2a: Koraidon|Koraidon|100\/100\n|-weather|SunnyDay|[from] ability: Orichalcum Pulse|[of] p2a: Koraidon\n|-activate|p2a: Koraidon|Orichalcum Pulse|[source]\n|turn|6\n|\n|t:|1698438237\n|switch|p1a: Ghost|Flutter Mane|100\/100\n|-activate|p1a: Ghost|ability: Protosynthesis\n|-start|p1a: Ghost|protosynthesisspe\n|move|p2a: Koraidon|Flare Blitz|p1a: Ghost\n|-damage|p1a: Ghost|0 fnt\n|faint|p1a: Ghost\n|-end|p1a: Ghost|Protosynthesis|[silent]\n|-damage|p2a: Koraidon|76\/100|[from] Recoil\n|-damage|p2a: Koraidon|66\/100|[from] item: Life Orb\n|\n|-weather|SunnyDay|[upkeep]\n|-fieldend|move: Electric Terrain\n|upkeep\n|\n|t:|1698438248\n|switch|p1a: Ermine|Chien-Pao|100\/100\n|-ability|p1a: Ermine|Sword of Ruin\n|turn|7\n|\n|t:|1698438257\n|-terastallize|p2a: Koraidon|Fire\n|move|p1a: Ermine|Icicle Crash|p2a: Koraidon\n|-resisted|p2a: Koraidon\n|-damage|p2a: Koraidon|40\/100\n|move|p2a: Koraidon|Low Kick|p1a: Ermine\n|-supereffective|p1a: Ermine\n|-damage|p1a: Ermine|0 fnt\n|faint|p1a: Ermine\n|-damage|p2a: Koraidon|30\/100|[from] item: Life Orb\n|\n|-weather|SunnyDay|[upkeep]\n|upkeep\n|\n|t:|1698438269\n|switch|p1a: lizardo|Cyclizar, M|84\/100\n|turn|8\n|\n|t:|1698438277\n|move|p1a: lizardo|Shed Tail|p1a: lizardo\n|-start|p1a: lizardo|Substitute|[from] move: Shed Tail\n|-damage|p1a: lizardo|34\/100\n|\n|t:|1698438281\n|switch|p1a: Birb|Espathra, F|100\/100|[from] Shed Tail\n|move|p2a: Koraidon|Flare Blitz|p1a: Birb\n|-end|p1a: Birb|Substitute\n|-damage|p2a: Koraidon|22\/100|[from] Recoil|[of] p1a: Birb\n|-damage|p2a: Koraidon|12\/100|[from] item: Life Orb\n|\n|-weather|SunnyDay|[upkeep]\n|upkeep\n|turn|9\n|\n|t:|1698438294\n|move|p2a: Koraidon|Taunt|p1a: Birb\n|-start|p1a: Birb|move: Taunt\n|cant|p1a: Birb|move: Taunt|Roost\n|\n|-weather|SunnyDay|[upkeep]\n|-ability|p1a: Birb|Speed Boost|boost\n|-boost|p1a: Birb|spe|1\n|upkeep\n|turn|10\n|\n|t:|1698438304\n|move|p1a: Birb|Stored Power|p2a: Koraidon\n|-damage|p2a: Koraidon|0 fnt\n|faint|p2a: Koraidon\n|\n|-weather|none\n|-ability|p1a: Birb|Speed Boost|boost\n|-boost|p1a: Birb|spe|1\n|upkeep\n|\n|t:|1698438309\n|switch|p2a: Landorus-Gargoyle|Gliscor, F|100\/100\n|turn|11\n|\n|t:|1698438315\n|move|p1a: Birb|Energy Ball|p2a: Landorus-Gargoyle\n|-damage|p2a: Landorus-Gargoyle|74\/100\n|move|p2a: Landorus-Gargoyle|Toxic|p1a: Birb|[miss]\n|-miss|p2a: Landorus-Gargoyle|p1a: Birb\n|\n|-end|p1a: Birb|move: Taunt\n|-ability|p1a: Birb|Speed Boost|boost\n|-boost|p1a: Birb|spe|1\n|-status|p2a: Landorus-Gargoyle|tox|[from] item: Toxic Orb\n|upkeep\n|turn|12\n|c|\u2606TheFlamingRepeater|god damn toxic\n|\n|t:|1698438325\n|move|p1a: Birb|Calm Mind|p1a: Birb\n|-boost|p1a: Birb|spa|1\n|-boost|p1a: Birb|spd|1\n|move|p2a: Landorus-Gargoyle|Toxic|p1a: Birb\n|-status|p1a: Birb|tox\n|\n|-damage|p1a: Birb|94\/100 tox|[from] psn\n|-heal|p2a: Landorus-Gargoyle|87\/100 tox|[from] ability: Poison Heal\n|-ability|p1a: Birb|Speed Boost|boost\n|-boost|p1a: Birb|spe|1\n|upkeep\n|turn|13\n|\n|t:|1698438336\n|move|p1a: Birb|Stored Power|p2a: Landorus-Gargoyle\n|-damage|p2a: Landorus-Gargoyle|0 fnt\n|faint|p2a: Landorus-Gargoyle\n|\n|-heal|p1a: Birb|100\/100 tox|[from] item: Leftovers\n|-damage|p1a: Birb|88\/100 tox|[from] psn\n|-ability|p1a: Birb|Speed Boost|boost\n|-boost|p1a: Birb|spe|1\n|upkeep\n|\n|t:|1698438343\n|switch|p2a: Arceus-Real|Arceus-Fairy|100\/100\n|turn|14\n|\n|t:|1698438350\n|move|p1a: Birb|Stored Power|p2a: Arceus-Real\n|-damage|p2a: Arceus-Real|48\/100\n|move|p2a: Arceus-Real|Calm Mind|p2a: Arceus-Real\n|-boost|p2a: Arceus-Real|spa|1\n|-boost|p2a: Arceus-Real|spd|1\n|\n|-heal|p1a: Birb|94\/100 tox|[from] item: Leftovers\n|-damage|p1a: Birb|76\/100 tox|[from] psn\n|-ability|p1a: Birb|Speed Boost|boost\n|-boost|p1a: Birb|spe|1\n|upkeep\n|turn|15\n|\n|t:|1698438359\n|move|p1a: Birb|Stored Power|p2a: Arceus-Real\n|-damage|p2a: Arceus-Real|5\/100\n|move|p2a: Arceus-Real|Recover|p2a: Arceus-Real\n|-heal|p2a: Arceus-Real|56\/100\n|\n|-heal|p1a: Birb|82\/100 tox|[from] item: Leftovers\n|-damage|p1a: Birb|57\/100 tox|[from] psn\n|upkeep\n|turn|16\n|c|\u2606TheFlamingRepeater|yeah that's why it was banned\n|\n|t:|1698438366\n|move|p1a: Birb|Stored Power|p2a: Arceus-Real\n|-damage|p2a: Arceus-Real|13\/100\n|move|p2a: Arceus-Real|Recover|p2a: Arceus-Real\n|-heal|p2a: Arceus-Real|63\/100\n|\n|-heal|p1a: Birb|63\/100 tox|[from] item: Leftovers\n|-damage|p1a: Birb|32\/100 tox|[from] psn\n|upkeep\n|turn|17\n|\n|t:|1698438376\n|move|p1a: Birb|Stored Power|p2a: Arceus-Real\n|-damage|p2a: Arceus-Real|26\/100\n|move|p2a: Arceus-Real|Recover|p2a: Arceus-Real\n|-heal|p2a: Arceus-Real|76\/100\n|\n|-heal|p1a: Birb|38\/100 tox|[from] item: Leftovers\n|-damage|p1a: Birb|1\/100 tox|[from] psn\n|upkeep\n|turn|18\n|\n|t:|1698438386\n|switch|p1a: Da Phin|Palafin-Hero, F|100\/100\n|move|p2a: Arceus-Real|Recover|p2a: Arceus-Real\n|-heal|p2a: Arceus-Real|100\/100\n|\n|upkeep\n|turn|19\n|\n|t:|1698438391\n|move|p2a: Arceus-Real|Judgment|p1a: Da Phin\n|-damage|p1a: Da Phin|17\/100\n|move|p1a: Da Phin|Bulk Up|p1a: Da Phin\n|-boost|p1a: Da Phin|atk|1\n|-boost|p1a: Da Phin|def|1\n|\n|-heal|p1a: Da Phin|23\/100|[from] item: Leftovers\n|upkeep\n|turn|20\n|\n|t:|1698438400\n|move|p1a: Da Phin|Jet Punch|p2a: Arceus-Real\n|-damage|p2a: Arceus-Real|66\/100\n|move|p2a: Arceus-Real|Judgment|p1a: Da Phin\n|-damage|p1a: Da Phin|0 fnt\n|faint|p1a: Da Phin\n|\n|upkeep\n|\n|t:|1698438408\n|switch|p1a: lizardo|Cyclizar, M|67\/100\n|turn|21\n|\n|t:|1698438412\n|move|p1a: lizardo|Knock Off|p2a: Arceus-Real\n|-resisted|p2a: Arceus-Real\n|-damage|p2a: Arceus-Real|62\/100\n|move|p2a: Arceus-Real|Judgment|p1a: lizardo\n|-supereffective|p1a: lizardo\n|-damage|p1a: lizardo|0 fnt\n|faint|p1a: lizardo\n|\n|upkeep\n|\n|t:|1698438420\n|switch|p1a: Birb|Espathra, F|1\/100 tox\n|turn|22\n|\n|t:|1698438425\n|move|p2a: Arceus-Real|Judgment|p1a: Birb\n|-damage|p1a: Birb|0 fnt\n|faint|p1a: Birb\n|\n|win|TheFlamingRepeater\n|raw|bacon_volt's rating: 1154 &rarr; <strong>1133<\/strong><br \/>(-21 for losing)\n|raw|TheFlamingRepeater's rating: 1210 &rarr; <strong>1231<\/strong><br \/>(+21 for winning)\n|c|\u2606TheFlamingRepeater|gg\n","uploadtime":1698438431,"views":9,"p1id":"baconvolt","p2id":"theflamingrepeater","formatid":"gen9ubers","rating":1133,"private":0,"password":""}