{"id":"gen9ubers-1977768918","p1":"JoshYar","p2":"IcyTheScreamer","format":"[Gen 9] Ubers","log":"|j|\u2606JoshYar\n|j|\u2606IcyTheScreamer\n|t:|1698447377\n|gametype|singles\n|player|p1|JoshYar|169|1080\n|player|p2|IcyTheScreamer|ingo|1231\n|teamsize|p1|6\n|teamsize|p2|6\n|gen|9\n|tier|[Gen 9] Ubers\n|rated|\n|rule|Sleep Clause Mod: Limit one foe put to sleep\n|rule|Species Clause: Limit one of each Pok\u00e9mon\n|rule|OHKO Clause: OHKO moves are banned\n|rule|Evasion Items Clause: Evasion items are banned\n|rule|Evasion Moves Clause: Evasion moves are banned\n|rule|Endless Battle Clause: Forcing endless battles is banned\n|rule|HP Percentage Mod: HP is shown in percentages\n|clearpoke\n|poke|p1|Calyrex-Ice|\n|poke|p1|Arboliva, M|\n|poke|p1|Arceus-Ghost|\n|poke|p1|Urshifu-*, M|\n|poke|p1|Giratina-Origin|\n|poke|p1|Morgrem, M|\n|poke|p2|Arceus-Ground|\n|poke|p2|Miraidon|\n|poke|p2|Regieleki|\n|poke|p2|Zacian-*|\n|poke|p2|Skeledirge, M|\n|poke|p2|Koraidon|\n|teampreview\n|\n|t:|1698447401\n|start\n|switch|p1a: Calyrex|Calyrex-Ice|100\/100\n|switch|p2a: Zacian|Zacian-Crowned|100\/100\n|-ability|p1a: Calyrex|As One\n|-ability|p1a: Calyrex|Unnerve\n|-ability|p2a: Zacian|Intrepid Sword|boost\n|-boost|p2a: Zacian|atk|1\n|turn|1\n|\n|t:|1698447414\n|-terastallize|p1a: Calyrex|Water\n|move|p2a: Zacian|Behemoth Blade|p1a: Calyrex\n|-resisted|p1a: Calyrex\n|-damage|p1a: Calyrex|77\/100\n|move|p1a: Calyrex|Trick Room|p1a: Calyrex\n|-fieldstart|move: Trick Room|[of] p1a: Calyrex\n|\n|upkeep\n|turn|2\n|\n|t:|1698447426\n|move|p1a: Calyrex|Swords Dance|p1a: Calyrex\n|-boost|p1a: Calyrex|atk|2\n|move|p2a: Zacian|Play Rough|p1a: Calyrex\n|-damage|p1a: Calyrex|29\/100\n|\n|upkeep\n|turn|3\n|\n|t:|1698447439\n|switch|p2a: Skeledirge|Skeledirge, M|100\/100\n|move|p1a: Calyrex|Glacial Lance|p2a: Skeledirge\n|-resisted|p2a: Skeledirge\n|-damage|p2a: Skeledirge|80\/100\n|\n|upkeep\n|turn|4\n|\n|t:|1698447463\n|switch|p1a: Giratina|Giratina-Origin|100\/100\n|move|p2a: Skeledirge|Will-O-Wisp|p1a: Giratina\n|-status|p1a: Giratina|brn\n|\n|-damage|p1a: Giratina|94\/100 brn|[from] brn\n|upkeep\n|turn|5\n|\n|t:|1698447480\n|switch|p1a: Morgrem|Morgrem, M|100\/100\n|move|p2a: Skeledirge|Hex|p1a: Morgrem\n|-resisted|p1a: Morgrem\n|-damage|p1a: Morgrem|92\/100\n|\n|-fieldend|move: Trick Room\n|upkeep\n|turn|6\n|\n|t:|1698447494\n|switch|p2a: Zacian|Zacian-Crowned|100\/100\n|move|p1a: Morgrem|Parting Shot|p2a: Zacian\n|-unboost|p2a: Zacian|atk|1\n|-unboost|p2a: Zacian|spa|1\n|\n|t:|1698447506\n|switch|p1a: Arboliva|Arboliva, M|100\/100|[from] Parting Shot\n|\n|upkeep\n|turn|7\n|\n|t:|1698447516\n|move|p2a: Zacian|Swords Dance|p2a: Zacian\n|-boost|p2a: Zacian|atk|2\n|move|p1a: Arboliva|Leaf Storm|p2a: Zacian\n|-resisted|p2a: Zacian\n|-damage|p2a: Zacian|77\/100\n|-unboost|p1a: Arboliva|spa|2\n|\n|upkeep\n|turn|8\n|\n|t:|1698447524\n|move|p2a: Zacian|Swords Dance|p2a: Zacian\n|-boost|p2a: Zacian|atk|2\n|move|p1a: Arboliva|Strength Sap|p2a: Zacian\n|-unboost|p2a: Zacian|atk|1\n|\n|upkeep\n|turn|9\n|\n|t:|1698447533\n|move|p2a: Zacian|Close Combat|p1a: Arboliva\n|-supereffective|p1a: Arboliva\n|-damage|p1a: Arboliva|0 fnt\n|-unboost|p2a: Zacian|def|1\n|-unboost|p2a: Zacian|spd|1\n|-damage|p2a: Zacian|60\/100|[from] item: Rocky Helmet|[of] p1a: Arboliva\n|-fieldstart|move: Grassy Terrain|[from] ability: Seed Sower|[of] p1a: Arboliva\n|faint|p1a: Arboliva\n|\n|-heal|p2a: Zacian|66\/100|[from] Grassy Terrain\n|upkeep\n|\n|t:|1698447545\n|switch|p1a: Morgrem|Morgrem, M|92\/100\n|turn|10\n|\n|t:|1698447549\n|move|p1a: Morgrem|Parting Shot|p2a: Zacian\n|-unboost|p2a: Zacian|atk|1\n|-unboost|p2a: Zacian|spa|1\n|\n|t:|1698447557\n|switch|p1a: Arceus|Arceus-Ghost|100\/100|[from] Parting Shot\n|move|p2a: Zacian|Swords Dance|p2a: Zacian\n|-boost|p2a: Zacian|atk|2\n|\n|-heal|p2a: Zacian|72\/100|[from] Grassy Terrain\n|upkeep\n|turn|11\n|\n|t:|1698447572\n|move|p2a: Zacian|Behemoth Blade|p1a: Arceus\n|-damage|p1a: Arceus|4\/100\n|move|p1a: Arceus|Healing Wish|p1a: Arceus\n|faint|p1a: Arceus\n|\n|-heal|p2a: Zacian|79\/100|[from] Grassy Terrain\n|upkeep\n|\n|t:|1698447581\n|switch|p1a: Calyrex|Calyrex-Ice, tera:Water|29\/100\n|-ability|p1a: Calyrex|As One\n|-ability|p1a: Calyrex|Unnerve\n|-heal|p1a: Calyrex|100\/100|[from] move: Healing Wish\n|turn|12\n|\n|t:|1698447634\n|switch|p1a: Morgrem|Morgrem, M|92\/100\n|-terastallize|p2a: Zacian|Fairy\n|move|p2a: Zacian|Play Rough|p1a: Morgrem\n|-supereffective|p1a: Morgrem\n|-damage|p1a: Morgrem|0 fnt\n|faint|p1a: Morgrem\n|\n|-heal|p2a: Zacian|85\/100|[from] Grassy Terrain\n|upkeep\n|\n|t:|1698447659\n|switch|p1a: Urshifu|Urshifu-Rapid-Strike, M|100\/100\n|turn|13\n|\n|t:|1698447670\n|move|p1a: Urshifu|Aqua Jet|p2a: Zacian\n|-damage|p2a: Zacian|54\/100\n|move|p2a: Zacian|Play Rough|p1a: Urshifu\n|-supereffective|p1a: Urshifu\n|-damage|p1a: Urshifu|0 fnt\n|faint|p1a: Urshifu\n|\n|-heal|p2a: Zacian|60\/100|[from] Grassy Terrain\n|-fieldend|move: Grassy Terrain\n|upkeep\n|\n|t:|1698447681\n|switch|p1a: Calyrex|Calyrex-Ice, tera:Water|100\/100\n|-ability|p1a: Calyrex|As One\n|-ability|p1a: Calyrex|Unnerve\n|turn|14\n|\n|t:|1698447687\n|move|p2a: Zacian|Play Rough|p1a: Calyrex\n|-damage|p1a: Calyrex|0 fnt\n|faint|p1a: Calyrex\n|\n|upkeep\n|\n|t:|1698447692\n|switch|p1a: Giratina|Giratina-Origin|94\/100 brn\n|turn|15\n|\n|t:|1698447701\n|move|p2a: Zacian|Play Rough|p1a: Giratina\n|-supereffective|p1a: Giratina\n|-damage|p1a: Giratina|0 fnt\n|faint|p1a: Giratina\n|\n|win|IcyTheScreamer\n|raw|JoshYar's rating: 1080 &rarr; <strong>1067<\/strong><br \/>(-13 for losing)\n|raw|IcyTheScreamer's rating: 1231 &rarr; <strong>1246<\/strong><br \/>(+15 for winning)\n|l|\u2606JoshYar\n","uploadtime":1698447709,"views":17,"p1id":"joshyar","p2id":"icythescreamer","formatid":"gen9ubers","rating":1067,"private":0,"password":""}