{"id":"gen9ubers-1999101122","p1":"Dynaglow143","p2":"MeteorAsh15","format":"[Gen 9] Ubers","log":"|j|\u2606Dynaglow143\n|j|\u2606MeteorAsh15\n|t:|1701033241\n|gametype|singles\n|player|p1|Dynaglow143|102|1153\n|player|p2|MeteorAsh15|2|1150\n|teamsize|p1|6\n|teamsize|p2|6\n|gen|9\n|tier|[Gen 9] Ubers\n|rated|\n|rule|Sleep Clause Mod: Limit one foe put to sleep\n|rule|Species Clause: Limit one of each Pok\u00e9mon\n|rule|OHKO Clause: OHKO moves are banned\n|rule|Evasion Items Clause: Evasion items are banned\n|rule|Evasion Moves Clause: Evasion moves are banned\n|rule|Endless Battle Clause: Forcing endless battles is banned\n|rule|HP Percentage Mod: HP is shown in percentages\n|clearpoke\n|poke|p1|Sneasler, F|\n|poke|p1|Tornadus-Therian, M|\n|poke|p1|Enamorus-Therian, F|\n|poke|p1|Gastrodon-East, M|\n|poke|p1|Heatran, F|\n|poke|p1|Umbreon, F|\n|poke|p2|Baxcalibur, F|\n|poke|p2|Ninetales-Alola, F|\n|poke|p2|Koraidon|\n|poke|p2|Zacian-*|\n|poke|p2|Tornadus, M|\n|poke|p2|Ribombee, F|\n|teampreview\n|inactive|Battle timer is ON: inactive players will automatically lose when time's up. (requested by Dynaglow143)\n|\n|t:|1701033249\n|start\n|switch|p1a: Amarius Mims|Heatran, F, shiny|100\/100\n|switch|p2a: Ribombee|Ribombee, F, shiny|100\/100\n|turn|1\n|\n|t:|1701033256\n|move|p2a: Ribombee|Sticky Web|p1a: Amarius Mims\n|-sidestart|p1: Dynaglow143|move: Sticky Web\n|move|p1a: Amarius Mims|Stealth Rock|p2a: Ribombee\n|-sidestart|p2: MeteorAsh15|move: Stealth Rock\n|\n|upkeep\n|turn|2\n|\n|t:|1701033263\n|move|p2a: Ribombee|Stun Spore|p1a: Amarius Mims\n|-status|p1a: Amarius Mims|par\n|move|p1a: Amarius Mims|Flash Cannon|p2a: Ribombee\n|-supereffective|p2a: Ribombee\n|-enditem|p2a: Ribombee|Focus Sash\n|-damage|p2a: Ribombee|1\/100\n|\n|upkeep\n|turn|3\n|\n|t:|1701033271\n|move|p2a: Ribombee|Tailwind|p2a: Ribombee\n|-sidestart|p2: MeteorAsh15|move: Tailwind\n|move|p1a: Amarius Mims|Flash Cannon|p2a: Ribombee\n|-supereffective|p2a: Ribombee\n|-damage|p2a: Ribombee|0 fnt\n|faint|p2a: Ribombee\n|\n|upkeep\n|\n|t:|1701033279\n|switch|p2a: Ninetales|Ninetales-Alola, F|100\/100\n|-damage|p2a: Ninetales|75\/100|[from] Stealth Rock\n|-weather|Snow|[from] ability: Snow Warning|[of] p2a: Ninetales\n|turn|4\n|\n|t:|1701033286\n|move|p2a: Ninetales|Aurora Veil|p2a: Ninetales\n|-sidestart|p2: MeteorAsh15|move: Aurora Veil\n|cant|p1a: Amarius Mims|par\n|\n|-weather|Snow|[upkeep]\n|upkeep\n|turn|5\n|\n|t:|1701033292\n|move|p2a: Ninetales|Freeze-Dry|p1a: Amarius Mims\n|-resisted|p1a: Amarius Mims\n|-damage|p1a: Amarius Mims|94\/100 par\n|move|p1a: Amarius Mims|Flash Cannon|p2a: Ninetales\n|-supereffective|p2a: Ninetales\n|-damage|p2a: Ninetales|0 fnt\n|faint|p2a: Ninetales\n|\n|-weather|Snow|[upkeep]\n|upkeep\n|\n|t:|1701033302\n|switch|p2a: Baxcalibur|Baxcalibur, F|100\/100\n|-damage|p2a: Baxcalibur|76\/100|[from] Stealth Rock\n|turn|6\n|\n|t:|1701033308\n|-terastallize|p2a: Baxcalibur|Ground\n|move|p2a: Baxcalibur|Swords Dance|p2a: Baxcalibur\n|-boost|p2a: Baxcalibur|atk|2\n|move|p1a: Amarius Mims|Flash Cannon|p2a: Baxcalibur\n|-damage|p2a: Baxcalibur|52\/100\n|-unboost|p2a: Baxcalibur|spd|1\n|\n|-weather|Snow|[upkeep]\n|-sideend|p2: MeteorAsh15|move: Tailwind\n|upkeep\n|turn|7\n|\n|t:|1701033319\n|move|p2a: Baxcalibur|Earthquake|p1a: Amarius Mims\n|-supereffective|p1a: Amarius Mims\n|-damage|p1a: Amarius Mims|0 fnt\n|faint|p1a: Amarius Mims\n|\n|-weather|Snow|[upkeep]\n|upkeep\n|\n|t:|1701033329\n|switch|p1a: Brock Bowers|Gastrodon-East, M, shiny|100\/100\n|-activate|p1a: Brock Bowers|move: Sticky Web\n|-unboost|p1a: Brock Bowers|spe|1\n|turn|8\n|\n|t:|1701033334\n|move|p2a: Baxcalibur|Scale Shot|p1a: Brock Bowers\n|-damage|p1a: Brock Bowers|77\/100\n|-damage|p1a: Brock Bowers|54\/100\n|-damage|p1a: Brock Bowers|32\/100\n|-damage|p1a: Brock Bowers|8\/100\n|-hitcount|p1a: Brock Bowers|4\n|-unboost|p2a: Baxcalibur|def|1\n|-boost|p2a: Baxcalibur|spe|1\n|move|p1a: Brock Bowers|Yawn|p2a: Baxcalibur\n|-start|p2a: Baxcalibur|move: Yawn|[of] p1a: Brock Bowers\n|\n|-weather|none\n|-heal|p1a: Brock Bowers|14\/100|[from] item: Leftovers\n|upkeep\n|turn|9\n|\n|t:|1701033349\n|move|p2a: Baxcalibur|Icicle Spear|p1a: Brock Bowers\n|-damage|p1a: Brock Bowers|0 fnt\n|faint|p1a: Brock Bowers\n|-hitcount|p1: Brock Bowers|1\n|\n|-end|p2a: Baxcalibur|move: Yawn|[silent]\n|-status|p2a: Baxcalibur|slp\n|upkeep\n|\n|t:|1701033358\n|switch|p1a: Mykel Williams|Enamorus-Therian, F, shiny|100\/100\n|turn|10\n|\n|t:|1701033361\n|cant|p2a: Baxcalibur|slp\n|move|p1a: Mykel Williams|Agility|p1a: Mykel Williams\n|-boost|p1a: Mykel Williams|spe|2\n|\n|upkeep\n|turn|11\n|\n|t:|1701033382\n|-terastallize|p1a: Mykel Williams|Fairy\n|-curestatus|p2a: Baxcalibur|slp|[msg]\n|move|p2a: Baxcalibur|Icicle Spear|p1a: Mykel Williams\n|-damage|p1a: Mykel Williams|80\/100\n|-damage|p1a: Mykel Williams|62\/100\n|-damage|p1a: Mykel Williams|43\/100\n|-damage|p1a: Mykel Williams|23\/100\n|-damage|p1a: Mykel Williams|5\/100\n|-hitcount|p1a: Mykel Williams|5\n|move|p1a: Mykel Williams|Agility|p1a: Mykel Williams\n|-boost|p1a: Mykel Williams|spe|2\n|\n|-sideend|p2: MeteorAsh15|move: Aurora Veil\n|upkeep\n|turn|12\n|\n|t:|1701033399\n|move|p2a: Baxcalibur|Icicle Spear|p1a: Mykel Williams\n|-damage|p1a: Mykel Williams|0 fnt\n|faint|p1a: Mykel Williams\n|-hitcount|p1: Mykel Williams|1\n|\n|upkeep\n|\n|t:|1701033405\n|switch|p1a: Sedrick Van Pran|Umbreon, F, shiny|100\/100\n|-activate|p1a: Sedrick Van Pran|move: Sticky Web\n|-unboost|p1a: Sedrick Van Pran|spe|1\n|turn|13\n|\n|t:|1701033416\n|move|p2a: Baxcalibur|Scale Shot|p1a: Sedrick Van Pran\n|-damage|p1a: Sedrick Van Pran|82\/100\n|-damage|p1a: Sedrick Van Pran|61\/100\n|-damage|p1a: Sedrick Van Pran|41\/100\n|-damage|p1a: Sedrick Van Pran|21\/100\n|-damage|p1a: Sedrick Van Pran|1\/100\n|-hitcount|p1a: Sedrick Van Pran|5\n|-unboost|p2a: Baxcalibur|def|1\n|-boost|p2a: Baxcalibur|spe|1\n|move|p1a: Sedrick Van Pran|Foul Play|p2a: Baxcalibur\n|-damage|p2a: Baxcalibur|0 fnt\n|faint|p2a: Baxcalibur\n|\n|-heal|p1a: Sedrick Van Pran|7\/100|[from] item: Leftovers\n|upkeep\n|\n|t:|1701033434\n|switch|p2a: Zacian|Zacian-Crowned, shiny|100\/100\n|-damage|p2a: Zacian|94\/100|[from] Stealth Rock\n|-ability|p2a: Zacian|Intrepid Sword|boost\n|-boost|p2a: Zacian|atk|1\n|turn|14\n|\n|t:|1701033445\n|move|p2a: Zacian|Sacred Sword|p1a: Sedrick Van Pran\n|-supereffective|p1a: Sedrick Van Pran\n|-crit|p1a: Sedrick Van Pran\n|-damage|p1a: Sedrick Van Pran|0 fnt\n|faint|p1a: Sedrick Van Pran\n|\n|upkeep\n|\n|t:|1701033451\n|switch|p1a: Carson Beck|Tornadus-Therian, M, shiny|100\/100\n|turn|15\n|\n|t:|1701033459\n|move|p2a: Zacian|Behemoth Blade|p1a: Carson Beck\n|-damage|p1a: Carson Beck|0 fnt\n|faint|p1a: Carson Beck\n|\n|upkeep\n|\n|t:|1701033464\n|switch|p1a: Malaki Starks|Sneasler, F, shiny|100\/100\n|-activate|p1a: Malaki Starks|move: Sticky Web\n|-unboost|p1a: Malaki Starks|spe|1\n|turn|16\n|\n|t:|1701033470\n|move|p2a: Zacian|Behemoth Blade|p1a: Malaki Starks\n|-damage|p1a: Malaki Starks|0 fnt\n|faint|p1a: Malaki Starks\n|\n|win|MeteorAsh15\n|raw|Dynaglow143's rating: 1153 &rarr; <strong>1128<\/strong><br \/>(-25 for losing)\n|raw|MeteorAsh15's rating: 1150 &rarr; <strong>1175<\/strong><br \/>(+25 for winning)\n|l|\u2606Dynaglow143\n","uploadtime":1701033479,"views":1,"p1id":"dynaglow143","p2id":"meteorash15","formatid":"gen9ubers","rating":1128,"private":0,"password":""}