{"id":"gen9ubers-1972852683","p1":"Albaz Brand","p2":"Finchely","format":"[Gen 9] Ubers","log":"|j|\u2606Albaz Brand\n|j|\u2606Finchely\n|t:|1697902316\n|gametype|singles\n|player|p1|Albaz Brand|bellelba|\n|player|p2|Finchely|acetrainerf|\n|teamsize|p1|6\n|teamsize|p2|6\n|gen|9\n|tier|[Gen 9] Ubers\n|rule|Sleep Clause Mod: Limit one foe put to sleep\n|rule|Species Clause: Limit one of each Pok\u00e9mon\n|rule|OHKO Clause: OHKO moves are banned\n|rule|Evasion Items Clause: Evasion items are banned\n|rule|Evasion Moves Clause: Evasion moves are banned\n|rule|Endless Battle Clause: Forcing endless battles is banned\n|rule|HP Percentage Mod: HP is shown in percentages\n|clearpoke\n|poke|p1|Giratina|\n|poke|p1|Torkoal, F|\n|poke|p1|Walking Wake|\n|poke|p1|Roaring Moon|\n|poke|p1|Iron Moth|\n|poke|p1|Ogerpon, F|\n|poke|p2|Torterra, F|\n|poke|p2|Cyclizar, M|\n|poke|p2|Clefable, F|\n|poke|p2|Moltres|\n|poke|p2|Blissey, F|\n|poke|p2|Dialga|\n|teampreview\n|c|\u2606Albaz Brand|GLHF\n|\n|t:|1697902321\n|start\n|switch|p1a: Ogerpon|Ogerpon, F|100\/100\n|switch|p2a: Dialga|Dialga|100\/100\n|-ability|p2a: Dialga|Pressure\n|turn|1\n|\n|t:|1697902323\n|move|p1a: Ogerpon|Swords Dance|p1a: Ogerpon\n|-boost|p1a: Ogerpon|atk|2\n|move|p2a: Dialga|Stealth Rock|p1a: Ogerpon\n|-sidestart|p1: Albaz Brand|move: Stealth Rock\n|\n|upkeep\n|turn|2\n|\n|t:|1697902326\n|switch|p2a: Moltres|Moltres, shiny|100\/100\n|move|p1a: Ogerpon|Stomping Tantrum|p2a: Moltres\n|-immune|p2a: Moltres\n|\n|upkeep\n|turn|3\n|\n|t:|1697902331\n|switch|p1a: Torkoal|Torkoal, F|100\/100\n|-weather|SunnyDay|[from] ability: Drought|[of] p1a: Torkoal\n|move|p2a: Moltres|U-turn|p1a: Torkoal\n|-resisted|p1a: Torkoal\n|-damage|p1a: Torkoal|97\/100\n|\n|t:|1697902337\n|switch|p2a: Clefable|Clefable, F|100\/100|[from] U-turn\n|\n|-weather|SunnyDay|[upkeep]\n|upkeep\n|turn|4\n|\n|t:|1697902340\n|move|p2a: Clefable|Knock Off|p1a: Torkoal\n|-damage|p1a: Torkoal|87\/100\n|-enditem|p1a: Torkoal|Heavy-Duty Boots|[from] move: Knock Off|[of] p2a: Clefable\n|move|p1a: Torkoal|Yawn|p2a: Clefable\n|-start|p2a: Clefable|move: Yawn|[of] p1a: Torkoal\n|\n|-weather|SunnyDay|[upkeep]\n|upkeep\n|turn|5\n|\n|t:|1697902347\n|switch|p2a: Cyclizar|Cyclizar, M|100\/100\n|move|p1a: Torkoal|Stealth Rock|p2a: Cyclizar\n|-sidestart|p2: Finchely|move: Stealth Rock\n|\n|-weather|SunnyDay|[upkeep]\n|upkeep\n|turn|6\n|\n|t:|1697902352\n|move|p2a: Cyclizar|Shed Tail|p2a: Cyclizar\n|-start|p2a: Cyclizar|Substitute|[from] move: Shed Tail\n|-damage|p2a: Cyclizar|50\/100\n|\n|t:|1697902355\n|switch|p2a: Torterra|Torterra, F, shiny|100\/100|[from] Shed Tail\n|-damage|p2a: Torterra|94\/100|[from] Stealth Rock\n|move|p1a: Torkoal|Lava Plume|p2a: Torterra\n|-supereffective|p2a: Torterra\n|-end|p2a: Torterra|Substitute\n|\n|-weather|SunnyDay|[upkeep]\n|upkeep\n|turn|7\n|\n|t:|1697902365\n|switch|p2a: Moltres|Moltres, shiny|100\/100\n|move|p1a: Torkoal|Lava Plume|p2a: Moltres\n|-resisted|p2a: Moltres\n|-damage|p2a: Moltres|80\/100\n|\n|-weather|none\n|upkeep\n|turn|8\n|\n|t:|1697902371\n|move|p2a: Moltres|U-turn|p1a: Torkoal\n|-resisted|p1a: Torkoal\n|-damage|p1a: Torkoal|83\/100\n|\n|t:|1697902374\n|switch|p2a: Blissey|Blissey, F, shiny|100\/100|[from] U-turn\n|move|p1a: Torkoal|Rapid Spin|p2a: Blissey\n|-damage|p2a: Blissey|83\/100\n|-boost|p1a: Torkoal|spe|1\n|-sideend|p1: Albaz Brand|Stealth Rock|[from] move: Rapid Spin|[of] p1a: Torkoal\n|\n|upkeep\n|turn|9\n|\n|t:|1697902379\n|move|p2a: Blissey|Thunder Wave|p1a: Torkoal\n|-status|p1a: Torkoal|par\n|move|p1a: Torkoal|Yawn|p2a: Blissey\n|-start|p2a: Blissey|move: Yawn|[of] p1a: Torkoal\n|\n|upkeep\n|turn|10\n|\n|t:|1697902386\n|switch|p2a: Cyclizar|Cyclizar, M|84\/100\n|switch|p1a: Ogerpon|Ogerpon, F|100\/100\n|\n|upkeep\n|turn|11\n|\n|t:|1697902396\n|switch|p2a: Moltres|Moltres, shiny|80\/100\n|move|p1a: Ogerpon|Play Rough|p2a: Moltres\n|-resisted|p2a: Moltres\n|-damage|p2a: Moltres|69\/100\n|\n|upkeep\n|turn|12\n|\n|t:|1697902403\n|switch|p1a: Torkoal|Torkoal, F|83\/100 par\n|-weather|SunnyDay|[from] ability: Drought|[of] p1a: Torkoal\n|move|p2a: Moltres|Roost|p2a: Moltres\n|-heal|p2a: Moltres|100\/100\n|-singleturn|p2a: Moltres|move: Roost\n|\n|-weather|SunnyDay|[upkeep]\n|upkeep\n|turn|13\n|\n|t:|1697902408\n|switch|p2a: Cyclizar|Cyclizar, M|100\/100\n|move|p1a: Torkoal|Yawn|p2a: Cyclizar\n|-start|p2a: Cyclizar|move: Yawn|[of] p1a: Torkoal\n|\n|-weather|SunnyDay|[upkeep]\n|upkeep\n|turn|14\n|\n|t:|1697902416\n|switch|p2a: Dialga|Dialga|100\/100\n|-damage|p2a: Dialga|94\/100|[from] Stealth Rock\n|-ability|p2a: Dialga|Pressure\n|move|p1a: Torkoal|Lava Plume|p2a: Dialga\n|-damage|p2a: Dialga|66\/100\n|\n|-weather|SunnyDay|[upkeep]\n|-heal|p2a: Dialga|72\/100|[from] item: Leftovers\n|upkeep\n|turn|15\n|c|\u2606Albaz Brand|u know u could have shed tail\n|\n|t:|1697902429\n|move|p2a: Dialga|Stealth Rock|p1a: Torkoal\n|-sidestart|p1: Albaz Brand|move: Stealth Rock\n|move|p1a: Torkoal|Yawn|p2a: Dialga\n|-start|p2a: Dialga|move: Yawn|[of] p1a: Torkoal\n|\n|-weather|SunnyDay|[upkeep]\n|-heal|p2a: Dialga|78\/100|[from] item: Leftovers\n|upkeep\n|turn|16\n|c|\u2606Finchely|oh yeah\n|c|\u2606Albaz Brand|yeh\n|c|\u2606Finchely|i forgot that's like the whole point of shed tail balance\n|c|\u2606Albaz Brand|yeah XD\n|\n|t:|1697902445\n|move|p2a: Dialga|Draco Meteor|p1a: Torkoal\n|-damage|p1a: Torkoal|1\/100 par\n|-unboost|p2a: Dialga|spa|2\n|move|p1a: Torkoal|Rapid Spin|p2a: Dialga\n|-resisted|p2a: Dialga\n|-damage|p2a: Dialga|76\/100\n|-boost|p1a: Torkoal|spe|1\n|-sideend|p1: Albaz Brand|Stealth Rock|[from] move: Rapid Spin|[of] p1a: Torkoal\n|\n|-weather|none\n|-heal|p2a: Dialga|82\/100|[from] item: Leftovers\n|-end|p2a: Dialga|move: Yawn|[silent]\n|-status|p2a: Dialga|slp\n|upkeep\n|turn|17\n|c|\u2606Finchely|oof\n|\n|t:|1697902455\n|cant|p2a: Dialga|slp\n|cant|p1a: Torkoal|par\n|\n|-heal|p2a: Dialga|88\/100 slp|[from] item: Leftovers\n|upkeep\n|turn|18\n|\n|t:|1697902458\n|-curestatus|p2a: Dialga|slp|[msg]\n|move|p2a: Dialga|Stealth Rock|p1a: Torkoal\n|-sidestart|p1: Albaz Brand|move: Stealth Rock\n|cant|p1a: Torkoal|par\n|\n|-heal|p2a: Dialga|95\/100|[from] item: Leftovers\n|upkeep\n|turn|19\n|\n|t:|1697902464\n|move|p2a: Dialga|Flash Cannon|p1a: Torkoal\n|-resisted|p1a: Torkoal\n|-damage|p1a: Torkoal|0 fnt\n|faint|p1a: Torkoal\n|\n|-heal|p2a: Dialga|100\/100|[from] item: Leftovers\n|upkeep\n|\n|t:|1697902469\n|switch|p1a: Ogerpon|Ogerpon, F|100\/100\n|-damage|p1a: Ogerpon|88\/100|[from] Stealth Rock\n|turn|20\n|\n|t:|1697902472\n|switch|p2a: Moltres|Moltres, shiny|100\/100\n|move|p1a: Ogerpon|Swords Dance|p1a: Ogerpon\n|-boost|p1a: Ogerpon|atk|2\n|\n|upkeep\n|turn|21\n|\n|t:|1697902476\n|-terastallize|p1a: Ogerpon|Grass\n|detailschange|p1a: Ogerpon|Ogerpon-Teal-Tera, F, tera:Grass\n|-ability|p1a: Ogerpon|Embody Aspect (Teal)|boost\n|-boost|p1a: Ogerpon|spe|1\n|move|p1a: Ogerpon|Ivy Cudgel|p2a: Moltres\n|-resisted|p2a: Moltres\n|-damage|p2a: Moltres|76\/100\n|move|p2a: Moltres|Will-O-Wisp|p1a: Ogerpon\n|-status|p1a: Ogerpon|brn\n|-enditem|p1a: Ogerpon|Lum Berry|[eat]\n|-curestatus|p1a: Ogerpon|brn|[msg]\n|\n|upkeep\n|turn|22\n|\n|t:|1697902490\n|move|p1a: Ogerpon|Ivy Cudgel|p2a: Moltres\n|-resisted|p2a: Moltres\n|-damage|p2a: Moltres|52\/100\n|move|p2a: Moltres|Flamethrower|p1a: Ogerpon\n|-supereffective|p1a: Ogerpon\n|-damage|p1a: Ogerpon|2\/100\n|\n|upkeep\n|turn|23\n|\n|t:|1697902495\n|move|p1a: Ogerpon|Ivy Cudgel|p2a: Moltres\n|-resisted|p2a: Moltres\n|-damage|p2a: Moltres|29\/100\n|move|p2a: Moltres|Roost|p2a: Moltres\n|-heal|p2a: Moltres|79\/100\n|-singleturn|p2a: Moltres|move: Roost\n|\n|upkeep\n|turn|24\n|\n|t:|1697902498\n|move|p1a: Ogerpon|Swords Dance|p1a: Ogerpon\n|-boost|p1a: Ogerpon|atk|2\n|move|p2a: Moltres|Roost|p2a: Moltres\n|-heal|p2a: Moltres|100\/100\n|-singleturn|p2a: Moltres|move: Roost\n|\n|upkeep\n|turn|25\n|\n|t:|1697902501\n|move|p1a: Ogerpon|Ivy Cudgel|p2a: Moltres\n|-resisted|p2a: Moltres\n|-damage|p2a: Moltres|64\/100\n|move|p2a: Moltres|Flamethrower|p1a: Ogerpon\n|-supereffective|p1a: Ogerpon\n|-damage|p1a: Ogerpon|0 fnt\n|faint|p1a: Ogerpon\n|\n|upkeep\n|\n|t:|1697902507\n|switch|p1a: Giratina|Giratina|100\/100\n|-damage|p1a: Giratina|88\/100|[from] Stealth Rock\n|-ability|p1a: Giratina|Pressure\n|turn|26\n|\n|t:|1697902515\n|switch|p2a: Blissey|Blissey, F, shiny|83\/100\n|move|p1a: Giratina|Thunder Wave|p2a: Blissey\n|-status|p2a: Blissey|par\n|\n|upkeep\n|turn|27\n|\n|t:|1697902523\n|switch|p1a: Roaring Moon|Roaring Moon|100\/100\n|-damage|p1a: Roaring Moon|88\/100|[from] Stealth Rock\n|move|p2a: Blissey|Thunder Wave|p1a: Roaring Moon\n|-status|p1a: Roaring Moon|par\n|\n|upkeep\n|turn|28\n|\n|t:|1697902532\n|-curestatus|p2a: Blissey|par|[from] ability: Natural Cure\n|switch|p2a: Moltres|Moltres, shiny|64\/100\n|cant|p1a: Roaring Moon|par\n|\n|upkeep\n|turn|29\n|\n|t:|1697902538\n|move|p2a: Moltres|U-turn|p1a: Roaring Moon\n|-supereffective|p1a: Roaring Moon\n|-crit|p1a: Roaring Moon\n|-damage|p1a: Roaring Moon|28\/100 par\n|\n|t:|1697902544\n|switch|p2a: Dialga|Dialga|100\/100|[from] U-turn\n|-damage|p2a: Dialga|94\/100|[from] Stealth Rock\n|-ability|p2a: Dialga|Pressure\n|move|p1a: Roaring Moon|Dragon Claw|p2a: Dialga\n|-damage|p2a: Dialga|61\/100\n|\n|-heal|p2a: Dialga|67\/100|[from] item: Leftovers\n|upkeep\n|turn|30\n|\n|t:|1697902555\n|-end|p1a: Roaring Moon|Protosynthesis|[silent]\n|switch|p1a: Giratina|Giratina|88\/100\n|-damage|p1a: Giratina|76\/100|[from] Stealth Rock\n|-ability|p1a: Giratina|Pressure\n|move|p2a: Dialga|Flash Cannon|p1a: Giratina\n|-damage|p1a: Giratina|58\/100\n|\n|-heal|p2a: Dialga|73\/100|[from] item: Leftovers\n|upkeep\n|turn|31\n|\n|t:|1697902561\n|switch|p2a: Cyclizar|Cyclizar, M|100\/100\n|move|p1a: Giratina|Thunder Wave|p2a: Cyclizar\n|-status|p2a: Cyclizar|par\n|\n|upkeep\n|turn|32\n|\n|t:|1697902567\n|move|p1a: Giratina|Shadow Ball|p2a: Cyclizar\n|-immune|p2a: Cyclizar\n|move|p2a: Cyclizar|Shed Tail|p2a: Cyclizar\n|-start|p2a: Cyclizar|Substitute|[from] move: Shed Tail\n|-damage|p2a: Cyclizar|50\/100 par\n|\n|t:|1697902571\n|switch|p2a: Torterra|Torterra, F, shiny|94\/100|[from] Shed Tail\n|-damage|p2a: Torterra|88\/100|[from] Stealth Rock\n|\n|upkeep\n|turn|33\n|c|\u2606Finchely|paralyzed cyclizar the new tec\n|c|\u2606Albaz Brand|i fogore ok\n|\n|t:|1697902584\n|move|p1a: Giratina|Shadow Ball|p2a: Torterra\n|-end|p2a: Torterra|Substitute\n|-damage|p1a: Giratina|48\/100|[from] item: Life Orb\n|move|p2a: Torterra|Shell Smash|p2a: Torterra\n|-unboost|p2a: Torterra|def|1\n|-unboost|p2a: Torterra|spd|1\n|-boost|p2a: Torterra|atk|2\n|-boost|p2a: Torterra|spa|2\n|-boost|p2a: Torterra|spe|2\n|\n|upkeep\n|turn|34\n|\n|t:|1697902593\n|move|p2a: Torterra|Headlong Rush|p1a: Giratina\n|-damage|p1a: Giratina|0 fnt\n|-unboost|p2a: Torterra|def|1\n|-unboost|p2a: Torterra|spd|1\n|faint|p1a: Giratina\n|\n|upkeep\n|c|\u2606Albaz Brand|GGs\n|c|\u2606Finchely|ggs\n|c|\u2606Albaz Brand|couldent place the mons correctly\n|c|\u2606Albaz Brand|cost the whole game\n|\n|t:|1697902628\n|switch|p1a: Walking Wake|Walking Wake|100\/100\n|-damage|p1a: Walking Wake|88\/100|[from] Stealth Rock\n|-enditem|p1a: Walking Wake|Booster Energy\n|-activate|p1a: Walking Wake|ability: Protosynthesis|[fromitem]\n|-start|p1a: Walking Wake|protosynthesisspe\n|turn|35\n|c|\u2606Finchely|yeah, actually ogerpon was your most valuable asset\n|c|\u2606Albaz Brand|yup\n|c|\u2606Albaz Brand|moltres walls it tho\n|c|\u2606Albaz Brand|had to get around it but u switched out very well\n|c|\u2606Albaz Brand|wana rematch?\n|c|\u2606Finchely|sure\n|c|\u2606Albaz Brand|how do i forfit XD?\n|c|\u2606Finchely|the x button\n|-message|Albaz Brand forfeited.\n|\n|win|Finchely\n|l|\u2606Albaz Brand\n|c|\u2606Finchely|wait are you on mobile\n|c|\u2606Finchely|oh\n","uploadtime":1697902689,"views":13,"p1id":"albazbrand","p2id":"finchely","formatid":"gen9ubers","rating":0,"private":0,"password":""}