{"id":"gen9ubers-1968328567","p1":"kirimissing","p2":"PTKmoekyuun","format":"[Gen 9] Ubers","log":"|j|\u2606kirimissing\n|j|\u2606PTKmoekyuun\n|t:|1697406645\n|gametype|singles\n|player|p1|kirimissing|clair|\n|player|p2|PTKmoekyuun|1|\n|teamsize|p1|6\n|teamsize|p2|6\n|gen|9\n|tier|[Gen 9] Ubers\n|rule|Sleep Clause Mod: Limit one foe put to sleep\n|rule|Species Clause: Limit one of each Pok\u00e9mon\n|rule|OHKO Clause: OHKO moves are banned\n|rule|Evasion Items Clause: Evasion items are banned\n|rule|Evasion Moves Clause: Evasion moves are banned\n|rule|Endless Battle Clause: Forcing endless battles is banned\n|rule|HP Percentage Mod: HP is shown in percentages\n|clearpoke\n|poke|p1|Dialga|\n|poke|p1|Arceus-Fire|\n|poke|p1|Dugtrio, F|\n|poke|p1|Magearna|\n|poke|p1|Ogerpon-Wellspring, F|\n|poke|p1|Urshifu-*, M|\n|poke|p2|Iron Moth|\n|poke|p2|Empoleon, F|\n|poke|p2|Darkrai|\n|poke|p2|Quagsire, M|\n|poke|p2|Zacian-*|\n|poke|p2|Gholdengo|\n|teampreview\n|\n|t:|1697406669\n|start\n|switch|p1a: Arceus|Arceus-Fire|100\/100\n|switch|p2a: Darkrai|Darkrai|100\/100\n|turn|1\n|\n|t:|1697406681\n|switch|p2a: Quagsire|Quagsire, M|100\/100\n|move|p1a: Arceus|Perish Song|p1a: Arceus\n|-start|p1a: Arceus|perish3|[silent]\n|-start|p2a: Quagsire|perish3|[silent]\n|-fieldactivate|move: Perish Song\n|\n|-start|p1a: Arceus|perish3\n|-start|p2a: Quagsire|perish3\n|upkeep\n|turn|2\n|\n|t:|1697406698\n|switch|p1a: Dugtrio|Dugtrio, F|100\/100\n|switch|p2a: Empoleon|Empoleon, F|100\/100\n|\n|upkeep\n|turn|3\n|\n|t:|1697406705\n|-terastallize|p2a: Empoleon|Water\n|move|p1a: Dugtrio|Earthquake|p2a: Empoleon\n|-damage|p2a: Empoleon|55\/100\n|move|p2a: Empoleon|Flip Turn|p1a: Dugtrio\n|-supereffective|p1a: Dugtrio\n|-enditem|p1a: Dugtrio|Focus Sash\n|-damage|p1a: Dugtrio|1\/100\n|\n|t:|1697406715\n|switch|p2a: Darkrai|Darkrai|100\/100|[from] Flip Turn\n|\n|upkeep\n|turn|4\n|\n|t:|1697406727\n|switch|p1a: Urshifu|Urshifu, M|100\/100\n|move|p2a: Darkrai|Dark Pulse|p1a: Urshifu\n|-resisted|p1a: Urshifu\n|-damage|p1a: Urshifu|90\/100\n|-damage|p2a: Darkrai|91\/100|[from] item: Life Orb\n|\n|upkeep\n|turn|5\n|\n|t:|1697406735\n|move|p2a: Darkrai|Hypnosis|p1a: Urshifu|[miss]\n|-miss|p2a: Darkrai|p1a: Urshifu\n|move|p1a: Urshifu|Wicked Blow|p2a: Darkrai\n|-resisted|p2a: Darkrai\n|-crit|p2a: Darkrai\n|-damage|p2a: Darkrai|60\/100\n|\n|upkeep\n|turn|6\n|\n|t:|1697406743\n|move|p2a: Darkrai|Hypnosis|p1a: Urshifu\n|-status|p1a: Urshifu|slp|[from] move: Hypnosis\n|cant|p1a: Urshifu|slp\n|\n|-damage|p1a: Urshifu|77\/100 slp|[from] ability: Bad Dreams|[of] p2a: Darkrai\n|upkeep\n|turn|7\n|\n|t:|1697406758\n|switch|p2a: Zacian|Zacian|100\/100\n|-ability|p2a: Zacian|Intrepid Sword|boost\n|-boost|p2a: Zacian|atk|1\n|switch|p1a: Magearna|Magearna|100\/100\n|\n|upkeep\n|turn|8\n|\n|t:|1697406767\n|switch|p2a: Iron Moth|Iron Moth|100\/100\n|move|p1a: Magearna|Calm Mind|p1a: Magearna\n|-boost|p1a: Magearna|spa|1\n|-boost|p1a: Magearna|spd|1\n|\n|upkeep\n|turn|9\n|\n|t:|1697406774\n|move|p2a: Iron Moth|Toxic Spikes|p1a: Magearna\n|-sidestart|p1: kirimissing|move: Toxic Spikes\n|move|p1a: Magearna|Shift Gear|p1a: Magearna\n|-boost|p1a: Magearna|spe|2\n|-boost|p1a: Magearna|atk|1\n|\n|upkeep\n|turn|10\n|\n|t:|1697406780\n|move|p2a: Iron Moth|Fiery Dance|p1a: Magearna\n|-supereffective|p1a: Magearna\n|-damage|p1a: Magearna|49\/100\n|-boost|p2a: Iron Moth|spa|1\n|move|p1a: Magearna|Stored Power|p2a: Iron Moth\n|-supereffective|p2a: Iron Moth\n|-damage|p2a: Iron Moth|0 fnt\n|faint|p2a: Iron Moth\n|-ability|p1a: Magearna|Soul-Heart|boost\n|-boost|p1a: Magearna|spa|1\n|-end|p2a: Iron Moth|Quark Drive|[silent]\n|\n|-heal|p1a: Magearna|55\/100|[from] item: Leftovers\n|upkeep\n|\n|t:|1697406787\n|switch|p2a: Gholdengo|Gholdengo|100\/100\n|-item|p2a: Gholdengo|Air Balloon\n|turn|11\n|\n|t:|1697406804\n|-terastallize|p1a: Magearna|Steel\n|move|p1a: Magearna|Calm Mind|p1a: Magearna\n|-boost|p1a: Magearna|spa|1\n|-boost|p1a: Magearna|spd|1\n|move|p2a: Gholdengo|Thunder Wave|p1a: Magearna\n|-status|p1a: Magearna|par\n|\n|-heal|p1a: Magearna|61\/100 par|[from] item: Leftovers\n|upkeep\n|turn|12\n|\n|t:|1697406813\n|move|p2a: Gholdengo|Hex|p1a: Magearna\n|-damage|p1a: Magearna|38\/100 par\n|cant|p1a: Magearna|par\n|\n|-heal|p1a: Magearna|44\/100 par|[from] item: Leftovers\n|upkeep\n|turn|13\n|\n|t:|1697406820\n|move|p2a: Gholdengo|Nasty Plot|p2a: Gholdengo\n|-boost|p2a: Gholdengo|spa|2\n|move|p1a: Magearna|Draining Kiss|p2a: Gholdengo\n|-resisted|p2a: Gholdengo\n|-damage|p2a: Gholdengo|70\/100\n|-heal|p1a: Magearna|67\/100 par|[from] drain|[of] p2a: Gholdengo\n|-enditem|p2a: Gholdengo|Air Balloon\n|\n|-heal|p1a: Magearna|73\/100 par|[from] item: Leftovers\n|upkeep\n|turn|14\n|j| nimjaishot\n|\n|t:|1697406831\n|move|p2a: Gholdengo|Hex|p1a: Magearna\n|-damage|p1a: Magearna|30\/100 par\n|cant|p1a: Magearna|par\n|\n|-heal|p1a: Magearna|36\/100 par|[from] item: Leftovers\n|upkeep\n|turn|15\n|j| UUbers account\n|\n|t:|1697406837\n|move|p2a: Gholdengo|Hex|p1a: Magearna\n|-damage|p1a: Magearna|0 fnt\n|faint|p1a: Magearna\n|\n|upkeep\n|\n|t:|1697406844\n|switch|p1a: Arceus|Arceus-Fire|100\/100\n|-status|p1a: Arceus|psn\n|turn|16\n|\n|t:|1697406849\n|switch|p2a: Quagsire|Quagsire, M|100\/100\n|move|p1a: Arceus|Judgment|p2a: Quagsire\n|-resisted|p2a: Quagsire\n|-damage|p2a: Quagsire|63\/100\n|\n|-heal|p2a: Quagsire|69\/100|[from] item: Leftovers\n|-damage|p1a: Arceus|88\/100 psn|[from] psn\n|upkeep\n|turn|17\n|j| GratedsShtickface\n|\n|t:|1697406858\n|move|p1a: Arceus|Energy Ball|p2a: Quagsire\n|-supereffective|p2a: Quagsire\n|-damage|p2a: Quagsire|0 fnt\n|faint|p2a: Quagsire\n|\n|-damage|p1a: Arceus|76\/100 psn|[from] psn\n|upkeep\n|\n|t:|1697406881\n|switch|p2a: Empoleon|Empoleon, F, tera:Water|55\/100\n|turn|18\n|\n|t:|1697406885\n|move|p1a: Arceus|Energy Ball|p2a: Empoleon\n|-supereffective|p2a: Empoleon\n|-damage|p2a: Empoleon|11\/100\n|move|p2a: Empoleon|Roost|p2a: Empoleon\n|-heal|p2a: Empoleon|61\/100\n|\n|-heal|p2a: Empoleon|67\/100|[from] item: Leftovers\n|-damage|p1a: Arceus|64\/100 psn|[from] psn\n|upkeep\n|turn|19\n|\n|t:|1697406896\n|move|p1a: Arceus|Perish Song|p1a: Arceus\n|-start|p1a: Arceus|perish3|[silent]\n|-start|p2a: Empoleon|perish3|[silent]\n|-fieldactivate|move: Perish Song\n|move|p2a: Empoleon|Roost|p2a: Empoleon\n|-heal|p2a: Empoleon|100\/100\n|\n|-damage|p1a: Arceus|51\/100 psn|[from] psn\n|-start|p1a: Arceus|perish3\n|-start|p2a: Empoleon|perish3\n|upkeep\n|turn|20\n|\n|t:|1697406904\n|switch|p1a: Ogerpon|Ogerpon-Wellspring, F|100\/100\n|-status|p1a: Ogerpon|psn\n|move|p2a: Empoleon|Flip Turn|p1a: Ogerpon\n|-immune|p1a: Ogerpon|[from] ability: Water Absorb\n|\n|-damage|p1a: Ogerpon|88\/100 psn|[from] psn\n|-start|p2a: Empoleon|perish2\n|upkeep\n|turn|21\n|\n|t:|1697406914\n|move|p1a: Ogerpon|Trailblaze|p2a: Empoleon\n|-supereffective|p2a: Empoleon\n|-damage|p2a: Empoleon|34\/100\n|-boost|p1a: Ogerpon|spe|1\n|move|p2a: Empoleon|Roar|p1a: Ogerpon\n|drag|p1a: Urshifu|Urshifu, M|77\/100 slp\n|\n|-heal|p2a: Empoleon|41\/100|[from] item: Leftovers\n|-start|p2a: Empoleon|perish1\n|upkeep\n|turn|22\n|\n|t:|1697406925\n|switch|p1a: Ogerpon|Ogerpon-Wellspring, F|88\/100 psn\n|switch|p2a: Zacian|Zacian|100\/100\n|\n|-damage|p1a: Ogerpon|76\/100 psn|[from] psn\n|upkeep\n|turn|23\n|\n|t:|1697406932\n|move|p1a: Ogerpon|Spiky Shield|p1a: Ogerpon\n|-singleturn|p1a: Ogerpon|move: Protect\n|move|p2a: Zacian|Play Rough|p1a: Ogerpon\n|-activate|p1a: Ogerpon|move: Protect\n|-damage|p2a: Zacian|88\/100|[from] Spiky Shield|[of] p1a: Ogerpon\n|\n|-damage|p1a: Ogerpon|64\/100 psn|[from] psn\n|upkeep\n|turn|24\n|\n|t:|1697406950\n|move|p2a: Zacian|Play Rough|p1a: Ogerpon\n|-crit|p1a: Ogerpon\n|-damage|p1a: Ogerpon|0 fnt\n|faint|p1a: Ogerpon\n|-damage|p2a: Zacian|78\/100|[from] item: Life Orb\n|\n|upkeep\n|\n|t:|1697406960\n|switch|p1a: Dugtrio|Dugtrio, F|1\/100\n|-status|p1a: Dugtrio|psn\n|turn|25\n|\n|t:|1697406969\n|move|p2a: Zacian|Tera Blast|p1a: Dugtrio\n|-damage|p1a: Dugtrio|0 fnt\n|faint|p1a: Dugtrio\n|-damage|p2a: Zacian|68\/100|[from] item: Life Orb\n|\n|upkeep\n|\n|t:|1697406975\n|switch|p1a: Dialga|Dialga|100\/100\n|-ability|p1a: Dialga|Pressure\n|turn|26\n|\n|t:|1697406983\n|switch|p2a: Gholdengo|Gholdengo|70\/100\n|move|p1a: Dialga|Earth Power|p2a: Gholdengo\n|-supereffective|p2a: Gholdengo\n|-crit|p2a: Gholdengo\n|-damage|p2a: Gholdengo|0 fnt\n|faint|p2a: Gholdengo\n|\n|upkeep\n|\n|t:|1697406989\n|switch|p2a: Empoleon|Empoleon, F, tera:Water|41\/100\n|turn|27\n|\n|t:|1697406993\n|move|p1a: Dialga|Draco Meteor|p2a: Empoleon|[miss]\n|-miss|p1a: Dialga|p2a: Empoleon\n|move|p2a: Empoleon|Roost|p2a: Empoleon\n|-heal|p2a: Empoleon|91\/100\n|\n|-heal|p2a: Empoleon|97\/100|[from] item: Leftovers\n|upkeep\n|turn|28\n|\n|t:|1697407002\n|move|p1a: Dialga|Aura Sphere|p2a: Empoleon\n|-damage|p2a: Empoleon|77\/100\n|move|p2a: Empoleon|Flip Turn|p1a: Dialga\n|-resisted|p1a: Dialga\n|-damage|p1a: Dialga|92\/100\n|\n|t:|1697407013\n|switch|p2a: Zacian|Zacian|68\/100|[from] Flip Turn\n|\n|upkeep\n|turn|29\n|\n|t:|1697407021\n|switch|p2a: Empoleon|Empoleon, F, tera:Water|77\/100\n|move|p1a: Dialga|Earth Power|p2a: Empoleon\n|-damage|p2a: Empoleon|52\/100\n|\n|-heal|p2a: Empoleon|59\/100|[from] item: Leftovers\n|upkeep\n|turn|30\n|\n|t:|1697407029\n|move|p1a: Dialga|Earth Power|p2a: Empoleon\n|-damage|p2a: Empoleon|36\/100\n|move|p2a: Empoleon|Roost|p2a: Empoleon\n|-heal|p2a: Empoleon|86\/100\n|\n|-heal|p2a: Empoleon|92\/100|[from] item: Leftovers\n|upkeep\n|turn|31\n|\n|t:|1697407039\n|move|p1a: Dialga|Earth Power|p2a: Empoleon\n|-damage|p2a: Empoleon|68\/100\n|move|p2a: Empoleon|Ice Beam|p1a: Dialga\n|-damage|p1a: Dialga|74\/100\n|\n|-heal|p2a: Empoleon|74\/100|[from] item: Leftovers\n|upkeep\n|turn|32\n|\n|t:|1697407047\n|move|p1a: Dialga|Draco Meteor|p2a: Empoleon\n|-damage|p2a: Empoleon|14\/100\n|-unboost|p1a: Dialga|spa|2\n|move|p2a: Empoleon|Ice Beam|p1a: Dialga\n|-damage|p1a: Dialga|57\/100\n|\n|-heal|p2a: Empoleon|20\/100|[from] item: Leftovers\n|upkeep\n|turn|33\n|\n|t:|1697407054\n|move|p1a: Dialga|Earth Power|p2a: Empoleon\n|-damage|p2a: Empoleon|9\/100\n|move|p2a: Empoleon|Flip Turn|p1a: Dialga\n|-resisted|p1a: Dialga\n|-damage|p1a: Dialga|48\/100\n|\n|t:|1697407057\n|switch|p2a: Zacian|Zacian|68\/100|[from] Flip Turn\n|\n|upkeep\n|turn|34\n|\n|t:|1697407066\n|switch|p1a: Arceus|Arceus-Fire|51\/100 psn\n|move|p2a: Zacian|Close Combat|p1a: Arceus\n|-damage|p1a: Arceus|13\/100 psn\n|-unboost|p2a: Zacian|def|1\n|-unboost|p2a: Zacian|spd|1\n|-damage|p2a: Zacian|59\/100|[from] item: Life Orb\n|\n|-damage|p1a: Arceus|1\/100 psn|[from] psn\n|upkeep\n|turn|35\n|\n|t:|1697407080\n|move|p2a: Zacian|Tera Blast|p1a: Arceus\n|-damage|p1a: Arceus|0 fnt\n|faint|p1a: Arceus\n|-damage|p2a: Zacian|49\/100|[from] item: Life Orb\n|\n|upkeep\n|\n|t:|1697407085\n|switch|p1a: Dialga|Dialga|48\/100\n|-ability|p1a: Dialga|Pressure\n|turn|36\n|\n|t:|1697407090\n|switch|p2a: Empoleon|Empoleon, F, tera:Water|9\/100\n|move|p1a: Dialga|Protect||[still]\n|-fail|p1a: Dialga\n|\n|-heal|p2a: Empoleon|15\/100|[from] item: Leftovers\n|upkeep\n|turn|37\n|\n|t:|1697407098\n|move|p1a: Dialga|Earth Power|p2a: Empoleon\n|-damage|p2a: Empoleon|0 fnt\n|faint|p2a: Empoleon\n|\n|upkeep\n|\n|t:|1697407104\n|switch|p2a: Darkrai|Darkrai|60\/100\n|turn|38\n|\n|t:|1697407109\n|move|p2a: Darkrai|Dark Pulse|p1a: Dialga\n|-damage|p1a: Dialga|2\/100\n|-damage|p2a: Darkrai|50\/100|[from] item: Life Orb\n|move|p1a: Dialga|Aura Sphere|p2a: Darkrai\n|-supereffective|p2a: Darkrai\n|-damage|p2a: Darkrai|0 fnt\n|faint|p2a: Darkrai\n|\n|upkeep\n|\n|t:|1697407111\n|switch|p2a: Zacian|Zacian|49\/100\n|turn|39\n|\n|t:|1697407118\n|move|p1a: Dialga|Protect|p1a: Dialga\n|-singleturn|p1a: Dialga|Protect\n|move|p2a: Zacian|Play Rough|p1a: Dialga\n|-activate|p1a: Dialga|move: Protect\n|\n|upkeep\n|turn|40\n|\n|t:|1697407127\n|move|p2a: Zacian|Close Combat|p1a: Dialga\n|-supereffective|p1a: Dialga\n|-damage|p1a: Dialga|0 fnt\n|-unboost|p2a: Zacian|def|1\n|-unboost|p2a: Zacian|spd|1\n|faint|p1a: Dialga\n|-damage|p2a: Zacian|39\/100|[from] item: Life Orb\n|\n|upkeep\n|\n|t:|1697407134\n|switch|p1a: Urshifu|Urshifu, M|77\/100 slp\n|turn|41\n|\n|t:|1697407139\n|-curestatus|p1a: Urshifu|slp|[msg]\n|move|p1a: Urshifu|Sucker Punch|p2a: Zacian\n|-resisted|p2a: Zacian\n|-damage|p2a: Zacian|19\/100\n|move|p2a: Zacian|Play Rough|p1a: Urshifu\n|-supereffective|p1a: Urshifu\n|-damage|p1a: Urshifu|0 fnt\n|faint|p1a: Urshifu\n|-damage|p2a: Zacian|9\/100|[from] item: Life Orb\n|\n|win|PTKmoekyuun\n|c|\u2606kirimissing|gg\n|c|\u2606PTKmoekyuun|gg\n|l| GratedsShtickface\n|l|\u2606kirimissing\n|j|\u2606kirimissing\n|player|p1|kirimissing|clair\n","uploadtime":1697407227,"views":23,"p1id":"kirimissing","p2id":"ptkmoekyuun","formatid":"gen9ubers","rating":0,"private":0,"password":""}