{"id":"gen9ubers-1969977385","p1":"LITLE0","p2":"CreamyWeem","format":"[Gen 9] Ubers","log":"|j|\u2606LITLE0\n|j|\u2606CreamyWeem\n|t:|1697581414\n|gametype|singles\n|player|p1|LITLE0|alec-anime|1101\n|player|p2|CreamyWeem|steven|1000\n|teamsize|p1|6\n|teamsize|p2|6\n|gen|9\n|tier|[Gen 9] Ubers\n|rated|\n|rule|Sleep Clause Mod: Limit one foe put to sleep\n|rule|Species Clause: Limit one of each Pok\u00e9mon\n|rule|OHKO Clause: OHKO moves are banned\n|rule|Evasion Items Clause: Evasion items are banned\n|rule|Evasion Moves Clause: Evasion moves are banned\n|rule|Endless Battle Clause: Forcing endless battles is banned\n|rule|HP Percentage Mod: HP is shown in percentages\n|clearpoke\n|poke|p1|Blissey, F|\n|poke|p1|Dondozo, M|\n|poke|p1|Koraidon|\n|poke|p1|Torkoal, M|\n|poke|p1|Kingambit, M|\n|poke|p1|Flutter Mane|\n|poke|p2|Samurott-Hisui, F|\n|poke|p2|Hatterene, F|\n|poke|p2|Dragapult, M|\n|poke|p2|Grimmsnarl, M|\n|poke|p2|Regieleki|\n|poke|p2|Torterra, M|\n|teampreview\n|inactive|Battle timer is ON: inactive players will automatically lose when time's up. (requested by CreamyWeem)\n|\n|t:|1697581443\n|start\n|switch|p1a: Torkoal|Torkoal, M|100\/100\n|switch|p2a: Grimmsnarl|Grimmsnarl, M|100\/100\n|-weather|SunnyDay|[from] ability: Drought|[of] p1a: Torkoal\n|turn|1\n|\n|t:|1697581452\n|move|p2a: Grimmsnarl|Taunt|p1a: Torkoal\n|-start|p1a: Torkoal|move: Taunt\n|cant|p1a: Torkoal|move: Taunt|Yawn\n|\n|-weather|SunnyDay|[upkeep]\n|upkeep\n|turn|2\n|\n|t:|1697581462\n|switch|p1a: Flutter Mane|Flutter Mane|100\/100\n|-activate|p1a: Flutter Mane|ability: Protosynthesis\n|-start|p1a: Flutter Mane|protosynthesisspe\n|move|p2a: Grimmsnarl|Light Screen|p2a: Grimmsnarl\n|-sidestart|p2: CreamyWeem|move: Light Screen\n|\n|-weather|SunnyDay|[upkeep]\n|upkeep\n|turn|3\n|\n|t:|1697581475\n|move|p2a: Grimmsnarl|Reflect|p2a: Grimmsnarl\n|-sidestart|p2: CreamyWeem|Reflect\n|move|p1a: Flutter Mane|Calm Mind|p1a: Flutter Mane\n|-boost|p1a: Flutter Mane|spa|1\n|-boost|p1a: Flutter Mane|spd|1\n|\n|-weather|SunnyDay|[upkeep]\n|upkeep\n|turn|4\n|\n|t:|1697581483\n|move|p2a: Grimmsnarl|Parting Shot|p1a: Flutter Mane\n|-unboost|p1a: Flutter Mane|atk|1\n|-unboost|p1a: Flutter Mane|spa|1\n|\n|t:|1697581490\n|switch|p2a: Samurott|Samurott-Hisui, F|100\/100|[from] Parting Shot\n|move|p1a: Flutter Mane|Moonblast|p2a: Samurott\n|-supereffective|p2a: Samurott\n|-damage|p2a: Samurott|2\/100\n|-damage|p1a: Flutter Mane|91\/100|[from] item: Life Orb\n|\n|-weather|SunnyDay|[upkeep]\n|upkeep\n|turn|5\n|\n|t:|1697581502\n|move|p1a: Flutter Mane|Moonblast|p2a: Samurott\n|-supereffective|p2a: Samurott\n|-damage|p2a: Samurott|0 fnt\n|faint|p2a: Samurott\n|-damage|p1a: Flutter Mane|81\/100|[from] item: Life Orb\n|\n|-weather|none\n|-end|p1a: Flutter Mane|Protosynthesis\n|upkeep\n|\n|t:|1697581509\n|switch|p2a: Regieleki|Regieleki|100\/100\n|turn|6\n|\n|t:|1697581519\n|-end|p1a: Flutter Mane|Protosynthesis|[silent]\n|switch|p1a: Dondozo|Dondozo, M|100\/100\n|move|p2a: Regieleki|Thunderbolt|p1a: Dondozo\n|-supereffective|p1a: Dondozo\n|-damage|p1a: Dondozo|0 fnt\n|faint|p1a: Dondozo\n|-damage|p2a: Regieleki|91\/100|[from] item: Life Orb\n|\n|upkeep\n|\n|t:|1697581522\n|switch|p1a: Koraidon|Koraidon|100\/100\n|-weather|SunnyDay|[from] ability: Orichalcum Pulse|[of] p1a: Koraidon\n|-activate|p1a: Koraidon|Orichalcum Pulse|[source]\n|turn|7\n|\n|t:|1697581534\n|-terastallize|p1a: Koraidon|Fire\n|move|p2a: Regieleki|Ancient Power|p1a: Koraidon\n|-supereffective|p1a: Koraidon\n|-damage|p1a: Koraidon|52\/100\n|-damage|p2a: Regieleki|81\/100|[from] item: Life Orb\n|move|p1a: Koraidon|Swords Dance|p1a: Koraidon\n|-boost|p1a: Koraidon|atk|2\n|\n|-weather|SunnyDay|[upkeep]\n|upkeep\n|turn|8\n|\n|t:|1697581548\n|switch|p2a: Grimmsnarl|Grimmsnarl, M|100\/100\n|move|p1a: Koraidon|Flame Charge|p2a: Grimmsnarl\n|-damage|p2a: Grimmsnarl|31\/100\n|-boost|p1a: Koraidon|spe|1\n|\n|-weather|SunnyDay|[upkeep]\n|upkeep\n|turn|9\n|\n|t:|1697581561\n|move|p2a: Grimmsnarl|Parting Shot|p1a: Koraidon\n|-unboost|p1a: Koraidon|atk|1\n|-unboost|p1a: Koraidon|spa|1\n|\n|t:|1697581575\n|switch|p2a: Dragapult|Dragapult, M|100\/100|[from] Parting Shot\n|move|p1a: Koraidon|Flame Charge|p2a: Dragapult\n|-resisted|p2a: Dragapult\n|-damage|p2a: Dragapult|67\/100\n|-boost|p1a: Koraidon|spe|1\n|\n|-weather|SunnyDay|[upkeep]\n|-sideend|p2: CreamyWeem|move: Light Screen\n|upkeep\n|turn|10\n|\n|t:|1697581586\n|move|p1a: Koraidon|Dragon Claw|p2a: Dragapult\n|-supereffective|p2a: Dragapult\n|-damage|p2a: Dragapult|0 fnt\n|faint|p2a: Dragapult\n|\n|-weather|SunnyDay|[upkeep]\n|-sideend|p2: CreamyWeem|Reflect\n|upkeep\n|\n|t:|1697581603\n|switch|p2a: Regieleki|Regieleki|81\/100\n|turn|11\n|\n|t:|1697581611\n|move|p1a: Koraidon|Flame Charge|p2a: Regieleki\n|-damage|p2a: Regieleki|0 fnt\n|-boost|p1a: Koraidon|spe|1\n|faint|p2a: Regieleki\n|\n|-weather|none\n|upkeep\n|\n|t:|1697581619\n|switch|p2a: Grimmsnarl|Grimmsnarl, M|31\/100\n|turn|12\n|\n|t:|1697581623\n|move|p2a: Grimmsnarl|Parting Shot|p1a: Koraidon\n|-unboost|p1a: Koraidon|atk|1\n|-unboost|p1a: Koraidon|spa|1\n|\n|t:|1697581628\n|switch|p2a: Hatterene|Hatterene, F|100\/100|[from] Parting Shot\n|move|p1a: Koraidon|Swords Dance|p1a: Koraidon\n|-boost|p1a: Koraidon|atk|2\n|\n|upkeep\n|turn|13\n|\n|t:|1697581638\n|move|p1a: Koraidon|Flame Charge|p2a: Hatterene\n|-damage|p2a: Hatterene|45\/100\n|-boost|p1a: Koraidon|spe|1\n|move|p2a: Hatterene|Draining Kiss|p1a: Koraidon\n|-resisted|p1a: Koraidon\n|-damage|p1a: Koraidon|42\/100\n|-heal|p2a: Hatterene|53\/100|[from] drain|[of] p1a: Koraidon\n|\n|-heal|p2a: Hatterene|59\/100|[from] item: Leftovers\n|upkeep\n|turn|14\n|\n|t:|1697581651\n|move|p1a: Koraidon|Swords Dance|p1a: Koraidon\n|-boost|p1a: Koraidon|atk|2\n|move|p2a: Hatterene|Psyshock|p1a: Koraidon\n|-damage|p1a: Koraidon|12\/100\n|\n|-heal|p2a: Hatterene|65\/100|[from] item: Leftovers\n|upkeep\n|turn|15\n|\n|t:|1697581661\n|move|p1a: Koraidon|Flame Charge|p2a: Hatterene\n|-damage|p2a: Hatterene|0 fnt\n|-boost|p1a: Koraidon|spe|1\n|faint|p2a: Hatterene\n|\n|upkeep\n|\n|t:|1697581667\n|switch|p2a: Grimmsnarl|Grimmsnarl, M|31\/100\n|turn|16\n|\n|t:|1697581671\n|move|p2a: Grimmsnarl|Parting Shot|p1a: Koraidon\n|-unboost|p1a: Koraidon|atk|1\n|-unboost|p1a: Koraidon|spa|1\n|-message|CreamyWeem forfeited.\n|\n|win|LITLE0\n|raw|LITLE0's rating: 1101 &rarr; <strong>1119<\/strong><br \/>(+18 for winning)\n|raw|CreamyWeem's rating: 1000 &rarr; <strong>1000<\/strong><br \/>(+0 for losing)\n|l|\u2606CreamyWeem\n","uploadtime":1697581682,"views":8,"p1id":"litle0","p2id":"creamyweem","formatid":"gen9ubers","rating":1000,"private":0,"password":""}