{"id":"gen9ubers-2000597577","p1":"THE GOAT IN DIS","p2":"bwahahaha","format":"[Gen 9] Ubers","log":"|j|\u2606THE GOAT IN DIS\n|j|\u2606bwahahaha\n|inactive|Battle timer is ON: inactive players will automatically lose when time's up.\n|t:|1701208978\n|gametype|singles\n|player|p1|THE GOAT IN DIS|ethan|\n|player|p2|bwahahaha|benga|\n|teamsize|p1|6\n|teamsize|p2|6\n|gen|9\n|tier|[Gen 9] Ubers\n|rated|Tournament battle\n|rule|Sleep Clause Mod: Limit one foe put to sleep\n|rule|Species Clause: Limit one of each Pok\u00e9mon\n|rule|OHKO Clause: OHKO moves are banned\n|rule|Evasion Items Clause: Evasion items are banned\n|rule|Evasion Moves Clause: Evasion moves are banned\n|rule|Endless Battle Clause: Forcing endless battles is banned\n|rule|HP Percentage Mod: HP is shown in percentages\n|clearpoke\n|poke|p1|Hatterene, F|\n|poke|p1|Corviknight, M|\n|poke|p1|Toxapex, F|\n|poke|p1|Ting-Lu|\n|poke|p1|Koraidon|\n|poke|p1|Chi-Yu|\n|poke|p2|Zacian-*|\n|poke|p2|Flutter Mane|\n|poke|p2|Corviknight, M|\n|poke|p2|Arceus-Fire|\n|poke|p2|Miraidon|\n|poke|p2|Palkia-Origin|\n|teampreview\n|j|*Lady Monita \u2746\n|j| BB-8-NU\n|j| rrroar\n|j| NoTollsNoRolls\n|j| Thouxanbands\n|j| AtariAlex\n|inactive|THE GOAT IN DIS has 120 seconds left.\n|inactive|bwahahaha has 120 seconds left.\n|j| OreoSpeedruns\n|inactive|THE GOAT IN DIS has 90 seconds left.\n|\n|t:|1701209046\n|start\n|switch|p1a: Koraidon|Koraidon|100\/100\n|switch|p2a: Palkia|Palkia-Origin|100\/100\n|-weather|SunnyDay|[from] ability: Orichalcum Pulse|[of] p1a: Koraidon\n|-activate|p1a: Koraidon|Orichalcum Pulse|[source]\n|-ability|p2a: Palkia|Pressure\n|turn|1\n|\n|t:|1701209056\n|move|p1a: Koraidon|U-turn|p2a: Palkia\n|-damage|p2a: Palkia|63\/100\n|\n|t:|1701209078\n|switch|p1a: Hatterene|Hatterene, F|100\/100|[from] U-turn\n|move|p2a: Palkia|Spacial Rend|p1a: Hatterene\n|-immune|p1a: Hatterene\n|\n|-weather|SunnyDay|[upkeep]\n|upkeep\n|turn|2\n|j| imfimite\n|\n|t:|1701209094\n|switch|p2a: Corviknight|Corviknight, M|100\/100\n|-ability|p2a: Corviknight|Pressure\n|switch|p1a: Toxapex|Toxapex, F|100\/100\n|\n|-weather|SunnyDay|[upkeep]\n|upkeep\n|turn|3\n|\n|t:|1701209102\n|switch|p2a: Palkia|Palkia-Origin|63\/100\n|-ability|p2a: Palkia|Pressure\n|move|p1a: Toxapex|Toxic Spikes|p2a: Palkia\n|-sidestart|p2: bwahahaha|move: Toxic Spikes\n|\n|-weather|SunnyDay|[upkeep]\n|upkeep\n|turn|4\n|\n|t:|1701209111\n|move|p2a: Palkia|Hydro Pump|p1a: Toxapex|[miss]\n|-miss|p2a: Palkia|p1a: Toxapex\n|move|p1a: Toxapex|Infestation|p2a: Palkia\n|-damage|p2a: Palkia|60\/100\n|-activate|p2a: Palkia|move: Infestation|[of] p1a: Toxapex\n|\n|-weather|SunnyDay|[upkeep]\n|-damage|p2a: Palkia|48\/100|[from] move: Infestation|[partiallytrapped]\n|upkeep\n|turn|5\n|l| rrroar\n|\n|t:|1701209118\n|move|p2a: Palkia|Spacial Rend|p1a: Toxapex\n|-damage|p1a: Toxapex|45\/100\n|-enditem|p1a: Toxapex|Eject Button\n|\n|t:|1701209123\n|switch|p1a: Koraidon|Koraidon|100\/100\n|-activate|p1a: Koraidon|ability: Orichalcum Pulse\n|\n|-weather|none\n|-end|p2a: Palkia|Infestation|[partiallytrapped]|[silent]\n|upkeep\n|turn|6\n|l| OreoSpeedruns\n|j| OreoSpeedruns\n|\n|t:|1701209137\n|-terastallize|p2a: Palkia|Fairy\n|move|p1a: Koraidon|Close Combat|p2a: Palkia\n|-resisted|p2a: Palkia\n|-damage|p2a: Palkia|11\/100\n|-unboost|p1a: Koraidon|def|1\n|-unboost|p1a: Koraidon|spd|1\n|move|p2a: Palkia|Tera Blast|p1a: Koraidon|[anim] Tera Blast Fairy\n|-supereffective|p1a: Koraidon\n|-damage|p1a: Koraidon|0 fnt\n|faint|p1a: Koraidon\n|\n|upkeep\n|l| OreoSpeedruns\n|j| brodiewhat\n|\n|t:|1701209151\n|switch|p1a: Toxapex|Toxapex, F|78\/100\n|turn|7\n|\n|t:|1701209159\n|move|p2a: Palkia|Spacial Rend|p1a: Toxapex\n|-damage|p1a: Toxapex|24\/100\n|move|p1a: Toxapex|Infestation|p2a: Palkia\n|-resisted|p2a: Palkia\n|-damage|p2a: Palkia|10\/100\n|-activate|p2a: Palkia|move: Infestation|[of] p1a: Toxapex\n|\n|-damage|p2a: Palkia|0 fnt|[from] move: Infestation|[partiallytrapped]\n|faint|p2a: Palkia\n|upkeep\n|inactive|bwahahaha has 120 seconds left.\n|\n|t:|1701209190\n|switch|p2a: Arceus|Arceus-Fire|100\/100\n|-status|p2a: Arceus|psn\n|turn|8\n|j| PokeArt2004\u2764\n|j| Greg9Aquos\n|l| brodiewhat\n|\n|t:|1701209202\n|switch|p1a: Hatterene|Hatterene, F|100\/100\n|move|p2a: Arceus|Dragon Dance|p2a: Arceus\n|-boost|p2a: Arceus|atk|1\n|-boost|p2a: Arceus|spe|1\n|\n|-damage|p2a: Arceus|88\/100 psn|[from] psn\n|upkeep\n|turn|9\n|l| Thouxanbands\n|\n|t:|1701209212\n|switch|p1a: Toxapex|Toxapex, F|57\/100\n|move|p2a: Arceus|Flare Blitz|p1a: Toxapex\n|-resisted|p1a: Toxapex\n|-damage|p1a: Toxapex|25\/100\n|-damage|p2a: Arceus|80\/100 psn|[from] Recoil\n|\n|-damage|p2a: Arceus|67\/100 psn|[from] psn\n|upkeep\n|turn|10\n|\n|t:|1701209221\n|switch|p1a: Corviknight|Corviknight, M|100\/100\n|move|p2a: Arceus|Earthquake|p1a: Corviknight\n|-immune|p1a: Corviknight\n|\n|-damage|p2a: Arceus|55\/100 psn|[from] psn\n|upkeep\n|turn|11\n|l| Greg9Aquos\n|j| Carloos\n|\n|t:|1701209242\n|switch|p1a: Hatterene|Hatterene, F|100\/100\n|move|p2a: Arceus|Flare Blitz|p1a: Hatterene\n|-damage|p1a: Hatterene|2\/100\n|-damage|p2a: Arceus|28\/100 psn|[from] Recoil\n|\n|-heal|p1a: Hatterene|8\/100|[from] item: Leftovers\n|-damage|p2a: Arceus|16\/100 psn|[from] psn\n|upkeep\n|turn|12\n|\n|t:|1701209252\n|switch|p1a: Corviknight|Corviknight, M|100\/100\n|move|p2a: Arceus|Flare Blitz|p1a: Corviknight\n|-supereffective|p1a: Corviknight\n|-damage|p1a: Corviknight|0 fnt\n|faint|p1a: Corviknight\n|-damage|p2a: Arceus|0 fnt|[from] Recoil\n|faint|p2a: Arceus\n|\n|upkeep\n|\n|t:|1701209269\n|switch|p2a: Flutter Mane|Flutter Mane|100\/100\n|switch|p1a: Chi-Yu|Chi-Yu|100\/100\n|-status|p2a: Flutter Mane|psn\n|-ability|p1a: Chi-Yu|Beads of Ruin\n|turn|13\n|\n|t:|1701209281\n|switch|p1a: Toxapex|Toxapex, F|58\/100\n|move|p2a: Flutter Mane|Thunderbolt|p1a: Toxapex\n|-supereffective|p1a: Toxapex\n|-damage|p1a: Toxapex|0 fnt\n|faint|p1a: Toxapex\n|\n|-damage|p2a: Flutter Mane|88\/100 psn|[from] psn\n|upkeep\n|j| rrroar\n|\n|t:|1701209288\n|switch|p1a: Ting-Lu|Ting-Lu|100\/100\n|-ability|p1a: Ting-Lu|Vessel of Ruin\n|turn|14\n|\n|t:|1701209299\n|-end|p2a: Flutter Mane|Protosynthesis|[silent]\n|switch|p2a: Corviknight|Corviknight, M|100\/100\n|-ability|p2a: Corviknight|Pressure\n|move|p1a: Ting-Lu|Stealth Rock|p2a: Corviknight\n|-sidestart|p2: bwahahaha|move: Stealth Rock\n|\n|upkeep\n|turn|15\n|\n|t:|1701209308\n|move|p2a: Corviknight|Defog|p1a: Ting-Lu\n|-unboost|p1a: Ting-Lu|evasion|1\n|-sideend|p2: bwahahaha|Toxic Spikes|[from] move: Defog|[of] p2a: Corviknight\n|-sideend|p2: bwahahaha|Stealth Rock|[from] move: Defog|[of] p2a: Corviknight\n|move|p1a: Ting-Lu|Whirlwind|p2a: Corviknight\n|drag|p2a: Flutter Mane|Flutter Mane|88\/100 psn\n|\n|-damage|p2a: Flutter Mane|76\/100 psn|[from] psn\n|upkeep\n|turn|16\n|j| RiciB\n|\n|t:|1701209316\n|move|p1a: Ting-Lu|Protect|p1a: Ting-Lu\n|-singleturn|p1a: Ting-Lu|Protect\n|move|p2a: Flutter Mane|Moonblast|p1a: Ting-Lu\n|-activate|p1a: Ting-Lu|move: Protect\n|\n|-damage|p2a: Flutter Mane|63\/100 psn|[from] psn\n|upkeep\n|turn|17\n|\n|t:|1701209327\n|switch|p1a: Hatterene|Hatterene, F|8\/100\n|move|p2a: Flutter Mane|Moonblast|p1a: Hatterene\n|-damage|p1a: Hatterene|0 fnt\n|faint|p1a: Hatterene\n|\n|-damage|p2a: Flutter Mane|51\/100 psn|[from] psn\n|upkeep\n|\n|t:|1701209331\n|switch|p1a: Chi-Yu|Chi-Yu|100\/100\n|-ability|p1a: Chi-Yu|Beads of Ruin\n|turn|18\n|\n|t:|1701209340\n|move|p2a: Flutter Mane|Moonblast|p1a: Chi-Yu\n|-damage|p1a: Chi-Yu|33\/100\n|move|p1a: Chi-Yu|Flamethrower|p2a: Flutter Mane\n|-damage|p2a: Flutter Mane|0 fnt\n|faint|p2a: Flutter Mane\n|-end|p2a: Flutter Mane|Protosynthesis|[silent]\n|\n|upkeep\n|\n|t:|1701209351\n|switch|p2a: Miraidon|Miraidon|100\/100\n|-fieldstart|move: Electric Terrain|[from] ability: Hadron Engine|[of] p2a: Miraidon\n|turn|19\n|\n|t:|1701209356\n|switch|p1a: Ting-Lu|Ting-Lu|100\/100\n|-ability|p1a: Ting-Lu|Vessel of Ruin\n|move|p2a: Miraidon|Calm Mind|p2a: Miraidon\n|-boost|p2a: Miraidon|spa|1\n|-boost|p2a: Miraidon|spd|1\n|\n|upkeep\n|turn|20\n|\n|t:|1701209365\n|move|p2a: Miraidon|Dragon Pulse|p1a: Ting-Lu\n|-damage|p1a: Ting-Lu|62\/100\n|move|p1a: Ting-Lu|Earthquake|p2a: Miraidon\n|-supereffective|p2a: Miraidon\n|-damage|p2a: Miraidon|28\/100\n|\n|-heal|p1a: Ting-Lu|68\/100|[from] item: Leftovers\n|upkeep\n|turn|21\n|j| slither moth 13\n|\n|t:|1701209372\n|switch|p2a: Corviknight|Corviknight, M|100\/100\n|-ability|p2a: Corviknight|Pressure\n|move|p1a: Ting-Lu|Protect||[still]\n|-fail|p1a: Ting-Lu\n|\n|-heal|p1a: Ting-Lu|74\/100|[from] item: Leftovers\n|upkeep\n|turn|22\n|\n|t:|1701209381\n|move|p1a: Ting-Lu|Protect|p1a: Ting-Lu\n|-singleturn|p1a: Ting-Lu|Protect\n|move|p2a: Corviknight|Body Press|p1a: Ting-Lu\n|-activate|p1a: Ting-Lu|move: Protect\n|\n|-heal|p1a: Ting-Lu|80\/100|[from] item: Leftovers\n|upkeep\n|turn|23\n|l| RiciB\n|\n|t:|1701209395\n|move|p2a: Corviknight|Body Press|p1a: Ting-Lu\n|-supereffective|p1a: Ting-Lu\n|-damage|p1a: Ting-Lu|60\/100\n|move|p1a: Ting-Lu|Whirlwind|p2a: Corviknight\n|drag|p2a: Miraidon|Miraidon|28\/100\n|-activate|p2a: Miraidon|ability: Hadron Engine\n|\n|-heal|p1a: Ting-Lu|66\/100|[from] item: Leftovers\n|-fieldend|move: Electric Terrain\n|upkeep\n|turn|24\n|\n|t:|1701209404\n|move|p2a: Miraidon|Dragon Pulse|p1a: Ting-Lu\n|-damage|p1a: Ting-Lu|47\/100\n|move|p1a: Ting-Lu|Stealth Rock|p2a: Miraidon\n|-sidestart|p2: bwahahaha|move: Stealth Rock\n|\n|-heal|p1a: Ting-Lu|54\/100|[from] item: Leftovers\n|upkeep\n|turn|25\n|\n|t:|1701209413\n|move|p2a: Miraidon|Dragon Pulse|p1a: Ting-Lu\n|-damage|p1a: Ting-Lu|34\/100\n|move|p1a: Ting-Lu|Earthquake|p2a: Miraidon\n|-supereffective|p2a: Miraidon\n|-damage|p2a: Miraidon|0 fnt\n|faint|p2a: Miraidon\n|\n|-heal|p1a: Ting-Lu|41\/100|[from] item: Leftovers\n|upkeep\n|\n|t:|1701209422\n|switch|p2a: Zacian|Zacian-Crowned|100\/100\n|-damage|p2a: Zacian|94\/100|[from] Stealth Rock\n|-ability|p2a: Zacian|Intrepid Sword|boost\n|-boost|p2a: Zacian|atk|1\n|turn|26\n|\n|t:|1701209430\n|move|p1a: Ting-Lu|Protect|p1a: Ting-Lu\n|-singleturn|p1a: Ting-Lu|Protect\n|move|p2a: Zacian|Agility|p2a: Zacian\n|-boost|p2a: Zacian|spe|2\n|\n|-heal|p1a: Ting-Lu|47\/100|[from] item: Leftovers\n|upkeep\n|turn|27\n|j| OreoSpeedruns\n|\n|t:|1701209452\n|-terastallize|p1a: Ting-Lu|Poison\n|move|p2a: Zacian|Close Combat|p1a: Ting-Lu\n|-resisted|p1a: Ting-Lu\n|-damage|p1a: Ting-Lu|28\/100\n|-unboost|p2a: Zacian|def|1\n|-unboost|p2a: Zacian|spd|1\n|move|p1a: Ting-Lu|Whirlwind|p2a: Zacian\n|drag|p2a: Corviknight|Corviknight, M|100\/100\n|-damage|p2a: Corviknight|88\/100|[from] Stealth Rock\n|-ability|p2a: Corviknight|Pressure\n|\n|-heal|p2a: Corviknight|94\/100|[from] item: Leftovers\n|-heal|p1a: Ting-Lu|35\/100|[from] item: Leftovers\n|upkeep\n|turn|28\n|l| imfimite\n|\n|t:|1701209473\n|move|p1a: Ting-Lu|Protect|p1a: Ting-Lu\n|-singleturn|p1a: Ting-Lu|Protect\n|move|p2a: Corviknight|Iron Defense|p2a: Corviknight\n|-boost|p2a: Corviknight|def|2\n|\n|-heal|p2a: Corviknight|100\/100|[from] item: Leftovers\n|-heal|p1a: Ting-Lu|41\/100|[from] item: Leftovers\n|upkeep\n|turn|29\n|\n|t:|1701209481\n|move|p2a: Corviknight|Body Press|p1a: Ting-Lu\n|-resisted|p1a: Ting-Lu\n|-damage|p1a: Ting-Lu|30\/100\n|move|p1a: Ting-Lu|Whirlwind|p2a: Corviknight\n|drag|p2a: Zacian|Zacian-Crowned|94\/100\n|-damage|p2a: Zacian|88\/100|[from] Stealth Rock\n|\n|-heal|p1a: Ting-Lu|36\/100|[from] item: Leftovers\n|upkeep\n|turn|30\n|\n|t:|1701209490\n|move|p1a: Ting-Lu|Protect|p1a: Ting-Lu\n|-singleturn|p1a: Ting-Lu|Protect\n|move|p2a: Zacian|Behemoth Blade|p1a: Ting-Lu\n|-activate|p1a: Ting-Lu|move: Protect\n|\n|-heal|p1a: Ting-Lu|43\/100|[from] item: Leftovers\n|upkeep\n|turn|31\n|\n|t:|1701209499\n|move|p2a: Zacian|Behemoth Blade|p1a: Ting-Lu\n|-damage|p1a: Ting-Lu|10\/100\n|move|p1a: Ting-Lu|Earthquake|p2a: Zacian\n|-supereffective|p2a: Zacian\n|-damage|p2a: Zacian|16\/100\n|\n|-heal|p1a: Ting-Lu|17\/100|[from] item: Leftovers\n|upkeep\n|turn|32\n|l| OreoSpeedruns\n|\n|t:|1701209509\n|move|p1a: Ting-Lu|Protect|p1a: Ting-Lu\n|-singleturn|p1a: Ting-Lu|Protect\n|move|p2a: Zacian|Behemoth Blade|p1a: Ting-Lu\n|-activate|p1a: Ting-Lu|move: Protect\n|\n|-heal|p1a: Ting-Lu|23\/100|[from] item: Leftovers\n|upkeep\n|turn|33\n|\n|t:|1701209530\n|move|p1a: Ting-Lu|Protect||[still]\n|-fail|p1a: Ting-Lu\n|move|p2a: Zacian|Behemoth Blade|p1a: Ting-Lu\n|-damage|p1a: Ting-Lu|0 fnt\n|faint|p1a: Ting-Lu\n|\n|upkeep\n|\n|t:|1701209532\n|switch|p1a: Chi-Yu|Chi-Yu|33\/100\n|-ability|p1a: Chi-Yu|Beads of Ruin\n|turn|34\n|c|\u2606THE GOAT IN DIS|gg\n|\n|t:|1701209539\n|move|p2a: Zacian|Close Combat|p1a: Chi-Yu\n|-supereffective|p1a: Chi-Yu\n|-damage|p1a: Chi-Yu|0 fnt\n|-unboost|p2a: Zacian|def|1\n|-unboost|p2a: Zacian|spd|1\n|faint|p1a: Chi-Yu\n|\n|win|bwahahaha\n|n|\u2606THE GOAT IN DIS|thegoatindis\n|n|\u2606bwahahaha|bwahahaha\n|n|*Lady Monita \u2746|ladymonita\n|n| BB-8-NU|bb8nu\n|n| NoTollsNoRolls|notollsnorolls\n|n| AtariAlex|atarialex\n|n| PokeArt2004\u2764|pokeart2004\n|n| Carloos|carloos\n|n| rrroar|rrroar\n|n| slither moth 13|slithermoth13\n","uploadtime":1701209540,"views":1,"p1id":"thegoatindis","p2id":"bwahahaha","formatid":"gen9ubers","rating":0,"private":0,"password":""}