{"id":"gen9ubers-1993856068","p1":"Fumbleo","p2":"Yellowwwww","format":"[Gen 9] Ubers","log":"|j|\u2606Fumbleo\n|j|\u2606Yellowwwww\n|t:|1700365892\n|gametype|singles\n|player|p1|Fumbleo|juggler|\n|player|p2|Yellowwwww|psychic-gen4|\n|teamsize|p1|6\n|teamsize|p2|6\n|gen|9\n|tier|[Gen 9] Ubers\n|rule|Sleep Clause Mod: Limit one foe put to sleep\n|rule|Species Clause: Limit one of each Pok\u00e9mon\n|rule|OHKO Clause: OHKO moves are banned\n|rule|Evasion Items Clause: Evasion items are banned\n|rule|Evasion Moves Clause: Evasion moves are banned\n|rule|Endless Battle Clause: Forcing endless battles is banned\n|rule|HP Percentage Mod: HP is shown in percentages\n|clearpoke\n|poke|p1|Donphan, F|\n|poke|p1|Slowking-Galar, M|\n|poke|p1|Roaring Moon|\n|poke|p1|Alomomola, F|\n|poke|p1|Mismagius, F|\n|poke|p1|Conkeldurr, M|\n|poke|p2|Raichu, M|\n|poke|p2|Volcarona, F|\n|poke|p2|Rotom-Wash|\n|poke|p2|Breloom, M|\n|poke|p2|Bisharp, F|\n|poke|p2|Jirachi|\n|teampreview\n|j| exFuraku\n|j| Hydrolucario\n|\n|t:|1700365936\n|start\n|switch|p1a: Verity-As-Dragon|Roaring Moon|100\/100\n|switch|p2a: Rotomus Prime|Rotom-Wash|100\/100\n|turn|1\n|\n|t:|1700365945\n|move|p1a: Verity-As-Dragon|U-turn|p2a: Rotomus Prime\n|-damage|p2a: Rotomus Prime|79\/100\n|-damage|p1a: Verity-As-Dragon|84\/100|[from] item: Rocky Helmet|[of] p2a: Rotomus Prime\n|\n|t:|1700365949\n|-end|p1a: Verity-As-Dragon|Protosynthesis|[silent]\n|switch|p1a: Chade|Slowking-Galar, M, shiny|100\/100|[from] U-turn\n|move|p2a: Rotomus Prime|Will-O-Wisp|p1a: Chade\n|-status|p1a: Chade|brn\n|\n|-damage|p1a: Chade|94\/100 brn|[from] brn\n|upkeep\n|turn|2\n|\n|t:|1700365958\n|move|p2a: Rotomus Prime|Volt Switch|p1a: Chade\n|-damage|p1a: Chade|78\/100 brn\n|\n|t:|1700365969\n|switch|p2a: Casino|Jirachi, shiny|100\/100|[from] Volt Switch\n|move|p1a: Chade|Toxic|p2a: Casino\n|-immune|p2a: Casino\n|\n|-heal|p1a: Chade|84\/100 brn|[from] item: Black Sludge\n|-damage|p1a: Chade|78\/100 brn|[from] brn\n|upkeep\n|turn|3\n|\n|t:|1700365998\n|move|p2a: Casino|U-turn|p1a: Chade\n|-damage|p1a: Chade|63\/100 brn\n|\n|t:|1700366010\n|switch|p2a: Rotomus Prime|Rotom-Wash|79\/100|[from] U-turn\n|move|p1a: Chade|Calm Mind|p1a: Chade\n|-boost|p1a: Chade|spa|1\n|-boost|p1a: Chade|spd|1\n|\n|-heal|p1a: Chade|69\/100 brn|[from] item: Black Sludge\n|-damage|p1a: Chade|63\/100 brn|[from] brn\n|upkeep\n|turn|4\n|\n|t:|1700366032\n|move|p2a: Rotomus Prime|Volt Switch|p1a: Chade\n|-damage|p1a: Chade|52\/100 brn\n|\n|t:|1700366036\n|switch|p2a: Rai Kiske|Raichu, M|100\/100|[from] Volt Switch\n|move|p1a: Chade|Surf|p2a: Rai Kiske\n|-damage|p2a: Rai Kiske|45\/100\n|\n|-heal|p2a: Rai Kiske|51\/100|[from] item: Leftovers\n|-heal|p1a: Chade|58\/100 brn|[from] item: Black Sludge\n|-damage|p1a: Chade|52\/100 brn|[from] brn\n|upkeep\n|turn|5\n|\n|t:|1700366106\n|move|p2a: Rai Kiske|Thunderbolt|p1a: Chade\n|-damage|p1a: Chade|34\/100 brn\n|move|p1a: Chade|Eerie Spell|p2a: Rai Kiske\n|-damage|p2a: Rai Kiske|0 fnt\n|faint|p2a: Rai Kiske\n|\n|-heal|p1a: Chade|40\/100 brn|[from] item: Black Sludge\n|-damage|p1a: Chade|34\/100 brn|[from] brn\n|upkeep\n|\n|t:|1700366130\n|switch|p2a: C#|Bisharp, F, shiny|100\/100\n|turn|6\n|\n|t:|1700366153\n|switch|p1a: Burrich|Donphan, F|100\/100\n|move|p2a: C#|Swords Dance|p2a: C#\n|-boost|p2a: C#|atk|2\n|\n|upkeep\n|turn|7\n|\n|t:|1700366166\n|-terastallize|p2a: C#|Flying\n|move|p2a: C#|Tera Blast|p1a: Burrich|[anim] Tera Blast Flying\n|-damage|p1a: Burrich|52\/100\n|move|p1a: Burrich|Earthquake|p2a: C#\n|-immune|p2a: C#\n|\n|upkeep\n|turn|8\n|\n|t:|1700366186\n|move|p2a: C#|Tera Blast|p1a: Burrich|[anim] Tera Blast Flying\n|-damage|p1a: Burrich|0 fnt\n|faint|p1a: Burrich\n|\n|upkeep\n|inactive|Battle timer is ON: inactive players will automatically lose when time's up. (requested by Yellowwwww)\n|\n|t:|1700366269\n|switch|p1a: Lord Golden|Mismagius, F, shiny|100\/100\n|turn|9\n|\n|t:|1700366294\n|move|p1a: Lord Golden|Thunder Wave|p2a: C#|[miss]\n|-miss|p1a: Lord Golden|p2a: C#\n|move|p2a: C#|Tera Blast|p1a: Lord Golden|[anim] Tera Blast Flying\n|-damage|p1a: Lord Golden|0 fnt\n|faint|p1a: Lord Golden\n|\n|upkeep\n|inactive|Fumbleo has 270 seconds left.\n|inactive|Fumbleo has 240 seconds left.\n|inactiveoff|Battle timer is now OFF.\n|\n|t:|1700366365\n|switch|p1a: Malta|Alomomola, F|100\/100\n|turn|10\n|\n|t:|1700366374\n|move|p2a: C#|Swords Dance|p2a: C#\n|-boost|p2a: C#|atk|2\n|move|p1a: Malta|Scald|p2a: C#\n|-damage|p2a: C#|87\/100\n|\n|upkeep\n|turn|11\n|\n|t:|1700366382\n|move|p2a: C#|Swords Dance|p2a: C#\n|-boost|p2a: C#|atk|2\n|move|p1a: Malta|Scald|p2a: C#\n|-damage|p2a: C#|73\/100\n|\n|upkeep\n|turn|12\n|\n|t:|1700366394\n|move|p2a: C#|Tera Blast|p1a: Malta|[anim] Tera Blast Flying\n|-damage|p1a: Malta|8\/100\n|move|p1a: Malta|Scald|p2a: C#\n|-damage|p2a: C#|59\/100\n|-status|p2a: C#|brn\n|\n|-damage|p2a: C#|53\/100 brn|[from] brn\n|upkeep\n|turn|13\n|\n|t:|1700366401\n|move|p1a: Malta|Protect|p1a: Malta\n|-singleturn|p1a: Malta|Protect\n|move|p2a: C#|Tera Blast|p1a: Malta|[anim] Tera Blast Flying\n|-activate|p1a: Malta|move: Protect\n|\n|-damage|p2a: C#|48\/100 brn|[from] brn\n|upkeep\n|turn|14\n|\n|t:|1700366468\n|move|p1a: Malta|Protect||[still]\n|-fail|p1a: Malta\n|move|p2a: C#|Tera Blast|p1a: Malta|[anim] Tera Blast Flying\n|-damage|p1a: Malta|0 fnt\n|faint|p1a: Malta\n|\n|-damage|p2a: C#|42\/100 brn|[from] brn\n|upkeep\n|\n|t:|1700366471\n|switch|p1a: Verity-As-Dragon|Roaring Moon|84\/100\n|turn|15\n|\n|t:|1700366474\n|move|p1a: Verity-As-Dragon|Knock Off|p2a: C#\n|-crit|p2a: C#\n|-damage|p2a: C#|0 fnt\n|-enditem|p2a: C#|Eviolite|[from] move: Knock Off|[of] p1a: Verity-As-Dragon\n|faint|p2a: C#\n|\n|upkeep\n|\n|t:|1700366479\n|switch|p2a: Breloom|Breloom, M|100\/100\n|turn|16\n|\n|t:|1700366485\n|-end|p1a: Verity-As-Dragon|Protosynthesis|[silent]\n|switch|p1a: Chade|Slowking-Galar, M, shiny|67\/100 brn\n|move|p2a: Breloom|Mach Punch|p1a: Chade\n|-resisted|p1a: Chade\n|-damage|p1a: Chade|53\/100 brn\n|\n|-heal|p1a: Chade|59\/100 brn|[from] item: Black Sludge\n|-damage|p1a: Chade|53\/100 brn|[from] brn\n|upkeep\n|turn|17\n|\n|t:|1700366501\n|switch|p2a: Casino|Jirachi, shiny|100\/100\n|move|p1a: Chade|Eerie Spell|p2a: Casino\n|-resisted|p2a: Casino\n|-damage|p2a: Casino|95\/100\n|\n|-heal|p2a: Casino|100\/100|[from] item: Leftovers\n|-heal|p1a: Chade|59\/100 brn|[from] item: Black Sludge\n|-damage|p1a: Chade|53\/100 brn|[from] brn\n|upkeep\n|turn|18\n|\n|t:|1700366521\n|switch|p1a: Verity-As-Dragon|Roaring Moon|84\/100\n|move|p2a: Casino|Wish|p2a: Casino\n|\n|upkeep\n|turn|19\n|\n|t:|1700366534\n|switch|p2a: Rotomus Prime|Rotom-Wash|79\/100\n|move|p1a: Verity-As-Dragon|Dragon Dance|p1a: Verity-As-Dragon\n|-boost|p1a: Verity-As-Dragon|atk|1\n|-boost|p1a: Verity-As-Dragon|spe|1\n|\n|-heal|p2a: Rotomus Prime|100\/100|[from] move: Wish|[wisher] Casino\n|upkeep\n|turn|20\n|\n|t:|1700366575\n|move|p1a: Verity-As-Dragon|U-turn|p2a: Rotomus Prime\n|-damage|p2a: Rotomus Prime|68\/100\n|-damage|p1a: Verity-As-Dragon|67\/100|[from] item: Rocky Helmet|[of] p2a: Rotomus Prime\n|\n|t:|1700366579\n|-end|p1a: Verity-As-Dragon|Protosynthesis|[silent]\n|switch|p1a: Paragon|Conkeldurr, M, shiny|100\/100|[from] U-turn\n|move|p2a: Rotomus Prime|Volt Switch|p1a: Paragon\n|-damage|p1a: Paragon|72\/100\n|\n|t:|1700366599\n|switch|p2a: Sol deus|Volcarona, F, shiny|100\/100|[from] Volt Switch\n|\n|-status|p1a: Paragon|brn|[from] item: Flame Orb\n|upkeep\n|turn|21\n|\n|t:|1700366620\n|switch|p1a: Chade|Slowking-Galar, M, shiny|87\/100 brn\n|move|p2a: Sol deus|Quiver Dance|p2a: Sol deus\n|-boost|p2a: Sol deus|spa|1\n|-boost|p2a: Sol deus|spd|1\n|-boost|p2a: Sol deus|spe|1\n|\n|-heal|p1a: Chade|93\/100 brn|[from] item: Black Sludge\n|-damage|p1a: Chade|87\/100 brn|[from] brn\n|upkeep\n|turn|22\n|\n|t:|1700366646\n|move|p2a: Sol deus|Fiery Dance|p1a: Chade\n|-damage|p1a: Chade|35\/100 brn\n|move|p1a: Chade|Toxic|p2a: Sol deus\n|-status|p2a: Sol deus|tox\n|\n|-heal|p1a: Chade|41\/100 brn|[from] item: Black Sludge\n|-damage|p2a: Sol deus|94\/100 tox|[from] psn\n|-damage|p1a: Chade|35\/100 brn|[from] brn\n|upkeep\n|turn|23\n|\n|t:|1700366673\n|switch|p1a: Verity-As-Dragon|Roaring Moon|67\/100\n|move|p2a: Sol deus|Fiery Dance|p1a: Verity-As-Dragon\n|-resisted|p1a: Verity-As-Dragon\n|-damage|p1a: Verity-As-Dragon|36\/100\n|-boost|p2a: Sol deus|spa|1\n|\n|-damage|p2a: Sol deus|82\/100 tox|[from] psn\n|upkeep\n|turn|24\n|\n|t:|1700366682\n|move|p2a: Sol deus|Fiery Dance|p1a: Verity-As-Dragon\n|-resisted|p1a: Verity-As-Dragon\n|-damage|p1a: Verity-As-Dragon|0 fnt\n|faint|p1a: Verity-As-Dragon\n|-end|p1a: Verity-As-Dragon|Protosynthesis|[silent]\n|\n|-damage|p2a: Sol deus|64\/100 tox|[from] psn\n|upkeep\n|\n|t:|1700366688\n|switch|p1a: Chade|Slowking-Galar, M, shiny|68\/100 brn\n|turn|25\n|\n|t:|1700366693\n|move|p2a: Sol deus|Bug Buzz|p1a: Chade\n|-damage|p1a: Chade|0 fnt\n|faint|p1a: Chade\n|\n|-damage|p2a: Sol deus|39\/100 tox|[from] psn\n|upkeep\n|\n|t:|1700366696\n|switch|p1a: Paragon|Conkeldurr, M, shiny|72\/100 brn\n|turn|26\n|\n|t:|1700366699\n|move|p1a: Paragon|Mach Punch|p2a: Sol deus\n|-resisted|p2a: Sol deus\n|-damage|p2a: Sol deus|14\/100 tox\n|move|p2a: Sol deus|Fiery Dance|p1a: Paragon\n|-damage|p1a: Paragon|0 fnt\n|faint|p1a: Paragon\n|\n|win|Yellowwwww\n|c|\u2606Fumbleo|gg\n|c|\u2606Yellowwwww|gg\n","uploadtime":1700366711,"views":46,"p1id":"fumbleo","p2id":"yellowwwww","formatid":"gen9ubers","rating":0,"private":0,"password":""}