{"id":"gen9ubers-1982027983","p1":"Gladiator_Kraken","p2":"MyDeliciousAxe","format":"[Gen 9] Ubers","log":"|j|\u2606Gladiator_Kraken\n|j|\u2606MyDeliciousAxe\n|t:|1698960914\n|gametype|singles\n|player|p1|Gladiator_Kraken|rika|\n|player|p2|MyDeliciousAxe|caitlin|\n|teamsize|p1|6\n|teamsize|p2|6\n|gen|9\n|tier|[Gen 9] Ubers\n|rule|Sleep Clause Mod: Limit one foe put to sleep\n|rule|Species Clause: Limit one of each Pok\u00e9mon\n|rule|OHKO Clause: OHKO moves are banned\n|rule|Evasion Items Clause: Evasion items are banned\n|rule|Evasion Moves Clause: Evasion moves are banned\n|rule|Endless Battle Clause: Forcing endless battles is banned\n|rule|HP Percentage Mod: HP is shown in percentages\n|clearpoke\n|poke|p1|Palafin, F|\n|poke|p1|Pelipper, M|\n|poke|p1|Zapdos|\n|poke|p1|Greninja-*, M|\n|poke|p1|Rillaboom, F|\n|poke|p1|Heatran, M|\n|poke|p2|Palafin, M|\n|poke|p2|Ribombee, M|\n|poke|p2|Gholdengo|\n|poke|p2|Mamoswine, F|\n|poke|p2|Arcanine-Hisui, F|\n|poke|p2|Hatterene, F|\n|teampreview\n|\n|t:|1698960940\n|start\n|switch|p1a: Mr. Fin|Palafin, F|100\/100\n|switch|p2a: Ribombee|Ribombee, M|100\/100\n|turn|1\n|\n|t:|1698960952\n|move|p1a: Mr. Fin|Flip Turn|p2a: Ribombee\n|-damage|p2a: Ribombee|65\/100\n|c|\u2606Gladiator_Kraken|hf\n|\n|t:|1698960960\n|detailschange|p1a: Mr. Fin|Palafin-Hero, F\n|switch|p1a: Tyler Blevins|Greninja, M|100\/100|[from] Flip Turn\n|move|p2a: Ribombee|Sticky Web|p1a: Tyler Blevins\n|-sidestart|p1: Gladiator_Kraken|move: Sticky Web\n|\n|upkeep\n|turn|2\n|\n|t:|1698960969\n|move|p2a: Ribombee|Stun Spore|p1a: Tyler Blevins\n|-status|p1a: Tyler Blevins|par\n|cant|p1a: Tyler Blevins|par\n|\n|upkeep\n|turn|3\n|\n|t:|1698960974\n|move|p2a: Ribombee|Moonblast|p1a: Tyler Blevins\n|-supereffective|p1a: Tyler Blevins\n|-damage|p1a: Tyler Blevins|2\/100 par\n|move|p1a: Tyler Blevins|Hydro Pump|p2a: Ribombee\n|-damage|p2a: Ribombee|0 fnt\n|faint|p2a: Ribombee\n|-ability|p1a: Tyler Blevins|Battle Bond|boost\n|-boost|p1a: Tyler Blevins|atk|1\n|-boost|p1a: Tyler Blevins|spa|1\n|-boost|p1a: Tyler Blevins|spe|1\n|-activate|p1a: Tyler Blevins|ability: Battle Bond\n|-damage|p1a: Tyler Blevins|0 fnt|[from] item: Life Orb\n|faint|p1a: Tyler Blevins\n|\n|upkeep\n|c|\u2606MyDeliciousAxe|u2!\n|\n|t:|1698960995\n|switch|p2a: Arcanine|Arcanine-Hisui, F|100\/100\n|switch|p1a: Very Wet|Pelipper, M|100\/100\n|-weather|RainDance|[from] ability: Drizzle|[of] p1a: Very Wet\n|turn|4\n|\n|t:|1698961014\n|switch|p1a: Back On Heatrack|Heatran, M|100\/100\n|-activate|p1a: Back On Heatrack|move: Sticky Web\n|-unboost|p1a: Back On Heatrack|spe|1\n|move|p2a: Arcanine|Head Smash|p1a: Back On Heatrack|[miss]\n|-miss|p2a: Arcanine|p1a: Back On Heatrack\n|\n|-weather|RainDance|[upkeep]\n|upkeep\n|turn|5\n|\n|t:|1698961031\n|move|p2a: Arcanine|Head Smash|p1a: Back On Heatrack\n|-damage|p1a: Back On Heatrack|0 fnt\n|faint|p1a: Back On Heatrack\n|\n|-weather|RainDance|[upkeep]\n|upkeep\n|\n|t:|1698961039\n|switch|p1a: Mr. Fin|Palafin-Hero, F|100\/100\n|-activate|p1a: Mr. Fin|move: Sticky Web\n|-unboost|p1a: Mr. Fin|spe|1\n|-activate|p1a: Mr. Fin|ability: Zero to Hero\n|turn|6\n|\n|t:|1698961059\n|switch|p2a: Hatterene|Hatterene, F|100\/100\n|move|p1a: Mr. Fin|Wave Crash|p2a: Hatterene\n|-damage|p2a: Hatterene|0 fnt\n|faint|p2a: Hatterene\n|-damage|p1a: Mr. Fin|70\/100|[from] Recoil\n|\n|-weather|RainDance|[upkeep]\n|upkeep\n|\n|t:|1698961069\n|switch|p2a: Gholdengo|Gholdengo|100\/100\n|turn|7\n|\n|t:|1698961076\n|move|p1a: Mr. Fin|Wave Crash|p2a: Gholdengo\n|-damage|p2a: Gholdengo|0 fnt\n|faint|p2a: Gholdengo\n|-damage|p1a: Mr. Fin|39\/100|[from] Recoil\n|\n|-weather|RainDance|[upkeep]\n|upkeep\n|\n|t:|1698961081\n|switch|p2a: Arcanine|Arcanine-Hisui, F|100\/100\n|turn|8\n|\n|t:|1698961084\n|-terastallize|p2a: Arcanine|Normal\n|move|p2a: Arcanine|Extreme Speed|p1a: Mr. Fin\n|-damage|p1a: Mr. Fin|0 fnt\n|faint|p1a: Mr. Fin\n|\n|-weather|RainDance|[upkeep]\n|upkeep\n|\n|t:|1698961098\n|switch|p1a: 30% Static Proc|Zapdos|100\/100\n|turn|9\n|\n|t:|1698961103\n|switch|p2a: Mamoswine|Mamoswine, F|100\/100\n|move|p1a: 30% Static Proc|Thunder|p2a: Mamoswine\n|-immune|p2a: Mamoswine\n|\n|-weather|RainDance|[upkeep]\n|upkeep\n|turn|10\n|\n|t:|1698961113\n|move|p2a: Mamoswine|Icicle Crash|p1a: 30% Static Proc\n|-supereffective|p1a: 30% Static Proc\n|-damage|p1a: 30% Static Proc|8\/100\n|move|p1a: 30% Static Proc|Hurricane|p2a: Mamoswine\n|-damage|p2a: Mamoswine|40\/100\n|\n|-weather|RainDance|[upkeep]\n|upkeep\n|turn|11\n|\n|t:|1698961125\n|switch|p1a: Very Wet|Pelipper, M|100\/100\n|move|p2a: Mamoswine|Icicle Crash|p1a: Very Wet\n|-damage|p1a: Very Wet|67\/100\n|\n|-weather|none\n|upkeep\n|turn|12\n|\n|t:|1698961138\n|switch|p2a: Palafin|Palafin, M|100\/100\n|move|p1a: Very Wet|U-turn|p2a: Palafin\n|-damage|p2a: Palafin|89\/100\n|\n|t:|1698961142\n|switch|p1a: Grassy Glide|Rillaboom, F|100\/100|[from] U-turn\n|-activate|p1a: Grassy Glide|move: Sticky Web\n|-unboost|p1a: Grassy Glide|spe|1\n|-fieldstart|move: Grassy Terrain|[from] ability: Grassy Surge|[of] p1a: Grassy Glide\n|\n|-heal|p2a: Palafin|96\/100|[from] Grassy Terrain\n|upkeep\n|turn|13\n|\n|t:|1698961156\n|move|p2a: Palafin|Flip Turn|p1a: Grassy Glide\n|-resisted|p1a: Grassy Glide\n|-damage|p1a: Grassy Glide|83\/100\n|\n|t:|1698961161\n|detailschange|p2a: Palafin|Palafin-Hero, M\n|switch|p2a: Mamoswine|Mamoswine, F|40\/100|[from] Flip Turn\n|move|p1a: Grassy Glide|High Horsepower|p2a: Mamoswine\n|-damage|p2a: Mamoswine|0 fnt\n|faint|p2a: Mamoswine\n|-damage|p1a: Grassy Glide|73\/100|[from] item: Life Orb\n|\n|-heal|p1a: Grassy Glide|79\/100|[from] Grassy Terrain\n|upkeep\n|\n|t:|1698961187\n|switch|p2a: Palafin|Palafin-Hero, M|96\/100\n|-activate|p2a: Palafin|ability: Zero to Hero\n|turn|14\n|\n|t:|1698961194\n|move|p1a: Grassy Glide|Grassy Glide|p2a: Palafin\n|-supereffective|p2a: Palafin\n|-damage|p2a: Palafin|0 fnt\n|faint|p2a: Palafin\n|-damage|p1a: Grassy Glide|69\/100|[from] item: Life Orb\n|\n|-heal|p1a: Grassy Glide|75\/100|[from] Grassy Terrain\n|upkeep\n|\n|t:|1698961197\n|switch|p2a: Arcanine|Arcanine-Hisui, F, tera:Normal|100\/100\n|turn|15\n|\n|t:|1698961202\n|switch|p1a: 30% Static Proc|Zapdos|8\/100\n|move|p2a: Arcanine|Head Smash|p1a: 30% Static Proc\n|-supereffective|p1a: 30% Static Proc\n|-damage|p1a: 30% Static Proc|0 fnt\n|faint|p1a: 30% Static Proc\n|\n|upkeep\n|\n|t:|1698961211\n|switch|p1a: Very Wet|Pelipper, M|67\/100\n|-weather|RainDance|[from] ability: Drizzle|[of] p1a: Very Wet\n|turn|16\n|\n|t:|1698961215\n|move|p2a: Arcanine|Head Smash|p1a: Very Wet\n|-supereffective|p1a: Very Wet\n|-damage|p1a: Very Wet|0 fnt\n|faint|p1a: Very Wet\n|\n|-weather|RainDance|[upkeep]\n|-fieldend|move: Grassy Terrain\n|upkeep\n|\n|t:|1698961216\n|switch|p1a: Grassy Glide|Rillaboom, F|75\/100\n|-activate|p1a: Grassy Glide|move: Sticky Web\n|-unboost|p1a: Grassy Glide|spe|1\n|-fieldstart|move: Grassy Terrain|[from] ability: Grassy Surge|[of] p1a: Grassy Glide\n|turn|17\n|\n|t:|1698961223\n|-terastallize|p1a: Grassy Glide|Rock\n|move|p1a: Grassy Glide|Grassy Glide|p2a: Arcanine\n|-crit|p2a: Arcanine\n|-damage|p2a: Arcanine|1\/100\n|-damage|p1a: Grassy Glide|65\/100|[from] item: Life Orb\n|move|p2a: Arcanine|Head Smash|p1a: Grassy Glide\n|-damage|p1a: Grassy Glide|0 fnt\n|faint|p1a: Grassy Glide\n|\n|win|MyDeliciousAxe\n|c|\u2606Gladiator_Kraken|ggwp\n","uploadtime":1698961241,"views":25,"p1id":"gladiatorkraken","p2id":"mydeliciousaxe","formatid":"gen9ubers","rating":0,"private":0,"password":""}