{"id":"gen9ubers-1985411043","p1":"Dry Campus","p2":"Laxwood","format":"[Gen 9] Ubers","log":"|j|\u2606Dry Campus\n|j|\u2606Laxwood\n|t:|1699372429\n|gametype|singles\n|player|p1|Dry Campus|ash|1062\n|player|p2|Laxwood|266|1073\n|teamsize|p1|6\n|teamsize|p2|6\n|gen|9\n|tier|[Gen 9] Ubers\n|rated|\n|rule|Sleep Clause Mod: Limit one foe put to sleep\n|rule|Species Clause: Limit one of each Pok\u00e9mon\n|rule|OHKO Clause: OHKO moves are banned\n|rule|Evasion Items Clause: Evasion items are banned\n|rule|Evasion Moves Clause: Evasion moves are banned\n|rule|Endless Battle Clause: Forcing endless battles is banned\n|rule|HP Percentage Mod: HP is shown in percentages\n|clearpoke\n|poke|p1|Palkia-Origin|\n|poke|p1|Giratina|\n|poke|p1|Regieleki|\n|poke|p1|Roaring Moon|\n|poke|p1|Zacian-*|\n|poke|p1|Ogerpon-Hearthflame, F|\n|poke|p2|Ogerpon-Hearthflame, F|\n|poke|p2|Landorus, M|\n|poke|p2|Tyranitar, M|\n|poke|p2|Zamazenta-*|\n|poke|p2|Arceus-Ground|\n|poke|p2|Palafin, M|\n|teampreview\n|\n|t:|1699372439\n|start\n|switch|p1a: Regieleki|Regieleki|100\/100\n|switch|p2a: Palafin|Palafin, M|100\/100\n|turn|1\n|\n|t:|1699372451\n|detailschange|p2a: Palafin|Palafin-Hero, M\n|switch|p2a: Tyranitar|Tyranitar, M|100\/100\n|-weather|Sandstorm|[from] ability: Sand Stream|[of] p2a: Tyranitar\n|move|p1a: Regieleki|Light Screen|p1a: Regieleki\n|-sidestart|p1: Dry Campus|move: Light Screen\n|\n|-weather|Sandstorm|[upkeep]\n|-damage|p1a: Regieleki|94\/100|[from] Sandstorm\n|upkeep\n|turn|2\n|\n|t:|1699372461\n|move|p1a: Regieleki|Reflect|p1a: Regieleki\n|-sidestart|p1: Dry Campus|Reflect\n|move|p2a: Tyranitar|Stealth Rock|p1a: Regieleki\n|-sidestart|p1: Dry Campus|move: Stealth Rock\n|\n|-weather|Sandstorm|[upkeep]\n|-damage|p1a: Regieleki|88\/100|[from] Sandstorm\n|upkeep\n|turn|3\n|\n|t:|1699372475\n|switch|p2a: Landorus|Landorus, M|100\/100\n|move|p1a: Regieleki|Volt Switch|p2a: Landorus\n|-immune|p2a: Landorus\n|\n|-weather|Sandstorm|[upkeep]\n|-damage|p1a: Regieleki|82\/100|[from] Sandstorm\n|upkeep\n|turn|4\n|\n|t:|1699372481\n|switch|p1a: Giratina|Giratina|100\/100\n|-damage|p1a: Giratina|88\/100|[from] Stealth Rock\n|-ability|p1a: Giratina|Pressure\n|move|p2a: Landorus|Nasty Plot|p2a: Landorus\n|-boost|p2a: Landorus|spa|2\n|\n|-weather|Sandstorm|[upkeep]\n|-damage|p1a: Giratina|82\/100|[from] Sandstorm\n|-heal|p1a: Giratina|88\/100|[from] item: Leftovers\n|upkeep\n|turn|5\n|\n|t:|1699372505\n|-terastallize|p2a: Landorus|Ground\n|move|p2a: Landorus|Weather Ball|p1a: Giratina\n|-damage|p1a: Giratina|67\/100\n|-damage|p2a: Landorus|91\/100|[from] item: Life Orb\n|move|p1a: Giratina|Defog|p2a: Landorus\n|-unboost|p2a: Landorus|evasion|1\n|-sideend|p1: Dry Campus|Stealth Rock|[from] move: Defog|[of] p1a: Giratina\n|\n|-weather|Sandstorm|[upkeep]\n|-damage|p1a: Giratina|61\/100|[from] Sandstorm\n|-heal|p1a: Giratina|67\/100|[from] item: Leftovers\n|upkeep\n|turn|6\n|\n|t:|1699372525\n|move|p2a: Landorus|Weather Ball|p1a: Giratina\n|-damage|p1a: Giratina|43\/100\n|-damage|p2a: Landorus|81\/100|[from] item: Life Orb\n|move|p1a: Giratina|Will-O-Wisp|p2a: Landorus\n|-status|p2a: Landorus|brn\n|\n|-weather|Sandstorm|[upkeep]\n|-damage|p1a: Giratina|37\/100|[from] Sandstorm\n|-heal|p1a: Giratina|43\/100|[from] item: Leftovers\n|-damage|p2a: Landorus|75\/100 brn|[from] brn\n|upkeep\n|turn|7\n|\n|t:|1699372532\n|move|p2a: Landorus|Weather Ball|p1a: Giratina\n|-damage|p1a: Giratina|21\/100\n|-damage|p2a: Landorus|65\/100 brn|[from] item: Life Orb\n|move|p1a: Giratina|Hex|p2a: Landorus\n|-damage|p2a: Landorus|12\/100 brn\n|\n|-weather|Sandstorm|[upkeep]\n|-damage|p1a: Giratina|15\/100|[from] Sandstorm\n|-heal|p1a: Giratina|21\/100|[from] item: Leftovers\n|-damage|p2a: Landorus|6\/100 brn|[from] brn\n|upkeep\n|turn|8\n|\n|t:|1699372548\n|move|p2a: Landorus|Weather Ball|p1a: Giratina\n|-damage|p1a: Giratina|0 fnt\n|faint|p1a: Giratina\n|-damage|p2a: Landorus|0 fnt|[from] item: Life Orb\n|faint|p2a: Landorus\n|\n|-weather|none\n|-sideend|p1: Dry Campus|move: Light Screen\n|upkeep\n|\n|t:|1699372553\n|switch|p2a: Tyranitar|Tyranitar, M|100\/100\n|switch|p1a: Regieleki|Regieleki|82\/100\n|-weather|Sandstorm|[from] ability: Sand Stream|[of] p2a: Tyranitar\n|turn|9\n|\n|t:|1699372557\n|move|p1a: Regieleki|Light Screen|p1a: Regieleki\n|-sidestart|p1: Dry Campus|move: Light Screen\n|move|p2a: Tyranitar|Stealth Rock|p1a: Regieleki\n|-sidestart|p1: Dry Campus|move: Stealth Rock\n|\n|-weather|Sandstorm|[upkeep]\n|-damage|p1a: Regieleki|76\/100|[from] Sandstorm\n|-sideend|p1: Dry Campus|Reflect\n|upkeep\n|turn|10\n|\n|t:|1699372561\n|move|p1a: Regieleki|Thunder Wave|p2a: Tyranitar\n|-status|p2a: Tyranitar|par\n|cant|p2a: Tyranitar|par\n|\n|-weather|Sandstorm|[upkeep]\n|-damage|p1a: Regieleki|70\/100|[from] Sandstorm\n|upkeep\n|turn|11\n|\n|t:|1699372570\n|switch|p2a: Arceus|Arceus-Ground|100\/100\n|move|p1a: Regieleki|Reflect|p1a: Regieleki\n|-sidestart|p1: Dry Campus|Reflect\n|\n|-weather|Sandstorm|[upkeep]\n|-damage|p1a: Regieleki|64\/100|[from] Sandstorm\n|upkeep\n|turn|12\n|\n|t:|1699372584\n|switch|p1a: Palkia|Palkia-Origin|100\/100\n|-damage|p1a: Palkia|88\/100|[from] Stealth Rock\n|-ability|p1a: Palkia|Pressure\n|move|p2a: Arceus|Calm Mind|p2a: Arceus\n|-boost|p2a: Arceus|spa|1\n|-boost|p2a: Arceus|spd|1\n|\n|-weather|Sandstorm|[upkeep]\n|-damage|p1a: Palkia|82\/100|[from] Sandstorm\n|upkeep\n|turn|13\n|\n|t:|1699372606\n|switch|p2a: Zamazenta|Zamazenta-Crowned|100\/100\n|-ability|p2a: Zamazenta|Dauntless Shield|boost\n|-boost|p2a: Zamazenta|def|1\n|move|p1a: Palkia|Surf|p2a: Zamazenta\n|-damage|p2a: Zamazenta|58\/100\n|\n|-weather|Sandstorm|[upkeep]\n|-damage|p1a: Palkia|76\/100|[from] Sandstorm\n|upkeep\n|turn|14\n|\n|t:|1699372618\n|move|p2a: Zamazenta|Substitute|p2a: Zamazenta\n|-start|p2a: Zamazenta|Substitute\n|-damage|p2a: Zamazenta|33\/100\n|move|p1a: Palkia|Chilling Water|p2a: Zamazenta\n|-end|p2a: Zamazenta|Substitute\n|\n|-weather|Sandstorm|[upkeep]\n|-damage|p1a: Palkia|69\/100|[from] Sandstorm\n|upkeep\n|turn|15\n|\n|t:|1699372626\n|move|p2a: Zamazenta|Rest|p2a: Zamazenta\n|-status|p2a: Zamazenta|slp|[from] move: Rest\n|-heal|p2a: Zamazenta|100\/100 slp|[silent]\n|move|p1a: Palkia|Chilling Water|p2a: Zamazenta\n|-damage|p2a: Zamazenta|79\/100 slp\n|-unboost|p2a: Zamazenta|atk|1\n|\n|-weather|Sandstorm|[upkeep]\n|-damage|p1a: Palkia|63\/100|[from] Sandstorm\n|upkeep\n|turn|16\n|\n|t:|1699372642\n|switch|p2a: Ogerpon|Ogerpon-Hearthflame, F|100\/100\n|-ability|p2a: Ogerpon|Mold Breaker\n|switch|p1a: Regieleki|Regieleki|64\/100\n|-damage|p1a: Regieleki|52\/100|[from] Stealth Rock\n|\n|-weather|none\n|-sideend|p1: Dry Campus|move: Light Screen\n|upkeep\n|turn|17\n|\n|t:|1699372656\n|switch|p2a: Tyranitar|Tyranitar, M|100\/100 par\n|-weather|Sandstorm|[from] ability: Sand Stream|[of] p2a: Tyranitar\n|move|p1a: Regieleki|Thunder Wave|p2a: Tyranitar|[miss]\n|-miss|p1a: Regieleki|p2a: Tyranitar\n|\n|-weather|Sandstorm|[upkeep]\n|-damage|p1a: Regieleki|46\/100|[from] Sandstorm\n|upkeep\n|turn|18\n|\n|t:|1699372675\n|move|p1a: Regieleki|Volt Switch|p2a: Tyranitar\n|-damage|p2a: Tyranitar|87\/100 par\n|\n|t:|1699372692\n|switch|p1a: Ogerpon|Ogerpon-Hearthflame, F|100\/100|[from] Volt Switch\n|-damage|p1a: Ogerpon|76\/100|[from] Stealth Rock\n|-ability|p1a: Ogerpon|Mold Breaker\n|move|p2a: Tyranitar|Rock Blast|p1a: Ogerpon|[miss]\n|-miss|p2a: Tyranitar|p1a: Ogerpon\n|\n|-weather|Sandstorm|[upkeep]\n|-damage|p1a: Ogerpon|70\/100|[from] Sandstorm\n|-sideend|p1: Dry Campus|Reflect\n|upkeep\n|turn|19\n|\n|t:|1699372715\n|switch|p2a: Zamazenta|Zamazenta-Crowned|79\/100 slp\n|move|p1a: Ogerpon|Trailblaze|p2a: Zamazenta\n|-resisted|p2a: Zamazenta\n|-damage|p2a: Zamazenta|69\/100 slp\n|-boost|p1a: Ogerpon|spe|1\n|\n|-weather|Sandstorm|[upkeep]\n|-damage|p1a: Ogerpon|64\/100|[from] Sandstorm\n|upkeep\n|turn|20\n|\n|t:|1699372726\n|move|p1a: Ogerpon|Ivy Cudgel|p2a: Zamazenta\n|-supereffective|p2a: Zamazenta\n|-damage|p2a: Zamazenta|0 fnt\n|faint|p2a: Zamazenta\n|\n|-weather|Sandstorm|[upkeep]\n|-damage|p1a: Ogerpon|58\/100|[from] Sandstorm\n|upkeep\n|\n|t:|1699372741\n|switch|p2a: Palafin|Palafin-Hero, M|100\/100\n|-activate|p2a: Palafin|ability: Zero to Hero\n|turn|21\n|\n|t:|1699372751\n|move|p2a: Palafin|Jet Punch|p1a: Ogerpon\n|-damage|p1a: Ogerpon|0 fnt\n|faint|p1a: Ogerpon\n|\n|-weather|Sandstorm|[upkeep]\n|-damage|p2a: Palafin|94\/100|[from] Sandstorm\n|upkeep\n|\n|t:|1699372761\n|switch|p1a: Regieleki|Regieleki|46\/100\n|-damage|p1a: Regieleki|33\/100|[from] Stealth Rock\n|turn|22\n|\n|t:|1699372778\n|move|p2a: Palafin|Jet Punch|p1a: Regieleki\n|-damage|p1a: Regieleki|0 fnt\n|faint|p1a: Regieleki\n|\n|-weather|Sandstorm|[upkeep]\n|-damage|p2a: Palafin|88\/100|[from] Sandstorm\n|upkeep\n|\n|t:|1699372783\n|switch|p1a: Palkia|Palkia-Origin|63\/100\n|-damage|p1a: Palkia|51\/100|[from] Stealth Rock\n|-ability|p1a: Palkia|Pressure\n|turn|23\n|\n|t:|1699372812\n|switch|p2a: Tyranitar|Tyranitar, M|87\/100 par\n|move|p1a: Palkia|Thunder Wave|p2a: Tyranitar\n|-fail|p2a: Tyranitar|par\n|\n|-weather|Sandstorm|[upkeep]\n|-damage|p1a: Palkia|44\/100|[from] Sandstorm\n|upkeep\n|turn|24\n|\n|t:|1699372817\n|move|p1a: Palkia|Chilling Water|p2a: Tyranitar\n|-supereffective|p2a: Tyranitar\n|-damage|p2a: Tyranitar|57\/100 par\n|-unboost|p2a: Tyranitar|atk|1\n|move|p2a: Tyranitar|Thunder Wave|p1a: Palkia\n|-status|p1a: Palkia|par\n|\n|-weather|none\n|upkeep\n|turn|25\n|\n|t:|1699372828\n|move|p1a: Palkia|Spacial Rend|p2a: Tyranitar\n|-damage|p2a: Tyranitar|16\/100 par\n|cant|p2a: Tyranitar|par\n|\n|upkeep\n|turn|26\n|\n|t:|1699372835\n|move|p1a: Palkia|Spacial Rend|p2a: Tyranitar\n|-damage|p2a: Tyranitar|0 fnt\n|faint|p2a: Tyranitar\n|\n|upkeep\n|\n|t:|1699372845\n|switch|p2a: Ogerpon|Ogerpon-Hearthflame, F|100\/100\n|-ability|p2a: Ogerpon|Mold Breaker\n|turn|27\n|\n|t:|1699372853\n|move|p2a: Ogerpon|Trailblaze|p1a: Palkia\n|-crit|p1a: Palkia\n|-damage|p1a: Palkia|0 fnt\n|-boost|p2a: Ogerpon|spe|1\n|faint|p1a: Palkia\n|\n|upkeep\n|\n|t:|1699372858\n|switch|p1a: Roaring Moon|Roaring Moon|100\/100\n|-damage|p1a: Roaring Moon|88\/100|[from] Stealth Rock\n|-enditem|p1a: Roaring Moon|Booster Energy\n|-activate|p1a: Roaring Moon|ability: Protosynthesis|[fromitem]\n|-start|p1a: Roaring Moon|protosynthesisspe\n|turn|28\n|\n|t:|1699372873\n|move|p1a: Roaring Moon|Dragon Dance|p1a: Roaring Moon\n|-boost|p1a: Roaring Moon|atk|1\n|-boost|p1a: Roaring Moon|spe|1\n|move|p2a: Ogerpon|Ivy Cudgel|p1a: Roaring Moon\n|-resisted|p1a: Roaring Moon\n|-damage|p1a: Roaring Moon|49\/100\n|\n|upkeep\n|turn|29\n|\n|t:|1699372881\n|move|p1a: Roaring Moon|Dragon Claw|p2a: Ogerpon\n|-damage|p2a: Ogerpon|15\/100\n|move|p2a: Ogerpon|Ivy Cudgel|p1a: Roaring Moon\n|-resisted|p1a: Roaring Moon\n|-damage|p1a: Roaring Moon|10\/100\n|\n|upkeep\n|turn|30\n|\n|t:|1699372887\n|move|p1a: Roaring Moon|Dragon Claw|p2a: Ogerpon\n|-crit|p2a: Ogerpon\n|-damage|p2a: Ogerpon|0 fnt\n|faint|p2a: Ogerpon\n|\n|upkeep\n|\n|t:|1699372890\n|switch|p2a: Palafin|Palafin-Hero, M|88\/100\n|turn|31\n|\n|t:|1699372893\n|move|p2a: Palafin|Jet Punch|p1a: Roaring Moon\n|-resisted|p1a: Roaring Moon\n|-damage|p1a: Roaring Moon|0 fnt\n|faint|p1a: Roaring Moon\n|-end|p1a: Roaring Moon|Protosynthesis|[silent]\n|\n|upkeep\n|\n|t:|1699372895\n|switch|p1a: Zacian|Zacian-Crowned|100\/100\n|-damage|p1a: Zacian|94\/100|[from] Stealth Rock\n|-ability|p1a: Zacian|Intrepid Sword|boost\n|-boost|p1a: Zacian|atk|1\n|turn|32\n|\n|t:|1699372906\n|move|p2a: Palafin|Jet Punch|p1a: Zacian\n|-damage|p1a: Zacian|33\/100\n|move|p1a: Zacian|Trailblaze|p2a: Palafin\n|-supereffective|p2a: Palafin\n|-damage|p2a: Palafin|25\/100\n|-boost|p1a: Zacian|spe|1\n|\n|upkeep\n|turn|33\n|c|\u2606Laxwood|gg\n|\n|t:|1699372915\n|move|p2a: Palafin|Jet Punch|p1a: Zacian\n|-damage|p1a: Zacian|0 fnt\n|faint|p1a: Zacian\n|\n|win|Laxwood\n|raw|Dry Campus's rating: 1062 &rarr; <strong>1043<\/strong><br \/>(-19 for losing)\n|raw|Laxwood's rating: 1073 &rarr; <strong>1101<\/strong><br \/>(+28 for winning)\n|l|\u2606Dry Campus\n","uploadtime":1699372928,"views":8,"p1id":"drycampus","p2id":"laxwood","formatid":"gen9ubers","rating":1043,"private":0,"password":""}