{"id":"gen9ubers-1995929196","p1":"TImAndMobyBrainPop","p2":"Lux2821","format":"[Gen 9] Ubers","log":"|j|\u2606TImAndMobyBrainPop\n|j|\u2606Lux2821\n|t:|1700618540\n|gametype|singles\n|player|p1|TImAndMobyBrainPop|101|\n|player|p2|Lux2821|lusamine-nihilego|\n|teamsize|p1|6\n|teamsize|p2|6\n|gen|9\n|tier|[Gen 9] Ubers\n|rule|Sleep Clause Mod: Limit one foe put to sleep\n|rule|Species Clause: Limit one of each Pok\u00e9mon\n|rule|OHKO Clause: OHKO moves are banned\n|rule|Evasion Items Clause: Evasion items are banned\n|rule|Evasion Moves Clause: Evasion moves are banned\n|rule|Endless Battle Clause: Forcing endless battles is banned\n|rule|HP Percentage Mod: HP is shown in percentages\n|clearpoke\n|poke|p1|Arceus|\n|poke|p1|Kyogre|\n|poke|p1|Koraidon|\n|poke|p1|Giratina-Origin|\n|poke|p1|Gliscor, M|\n|poke|p1|Darkrai|\n|poke|p2|Volcarona, F|\n|poke|p2|Regieleki|\n|poke|p2|Gliscor, F|\n|poke|p2|Koraidon|\n|poke|p2|Kyogre|\n|poke|p2|Zacian-*|\n|teampreview\n|inactive|Battle timer is ON: inactive players will automatically lose when time's up. (requested by Lux2821)\n|c|\u2606Lux2821|Glhf!\n|\n|t:|1700618564\n|start\n|switch|p1a: Gliscor|Gliscor, M, shiny|100\/100\n|switch|p2a: Gliscor|Gliscor, F|100\/100\n|turn|1\n|\n|t:|1700618574\n|move|p2a: Gliscor|Spikes|p1a: Gliscor\n|-sidestart|p1: TImAndMobyBrainPop|Spikes\n|move|p1a: Gliscor|Toxic Spikes|p2a: Gliscor\n|-sidestart|p2: Lux2821|move: Toxic Spikes\n|\n|-status|p2a: Gliscor|tox|[from] item: Toxic Orb\n|-status|p1a: Gliscor|tox|[from] item: Toxic Orb\n|upkeep\n|turn|2\n|\n|t:|1700618578\n|move|p2a: Gliscor|Spikes|p1a: Gliscor\n|-sidestart|p1: TImAndMobyBrainPop|Spikes\n|move|p1a: Gliscor|Toxic Spikes|p2a: Gliscor\n|-sidestart|p2: Lux2821|move: Toxic Spikes\n|\n|upkeep\n|turn|3\n|\n|t:|1700618599\n|switch|p1a: Kyogre|Kyogre, shiny|100\/100\n|-damage|p1a: Kyogre|84\/100|[from] Spikes\n|-weather|RainDance|[from] ability: Drizzle|[of] p1a: Kyogre\n|move|p2a: Gliscor|Spikes|p1a: Kyogre\n|-sidestart|p1: TImAndMobyBrainPop|Spikes\n|\n|-weather|RainDance|[upkeep]\n|upkeep\n|turn|4\n|\n|t:|1700618614\n|-terastallize|p2a: Gliscor|Water\n|move|p1a: Kyogre|Water Spout|p2a: Gliscor\n|-resisted|p2a: Gliscor\n|-damage|p2a: Gliscor|39\/100 tox\n|move|p2a: Gliscor|Toxic|p1a: Kyogre\n|-status|p1a: Kyogre|tox\n|\n|-weather|RainDance|[upkeep]\n|-damage|p1a: Kyogre|78\/100 tox|[from] psn\n|-heal|p2a: Gliscor|51\/100 tox|[from] ability: Poison Heal\n|upkeep\n|turn|5\n|\n|t:|1700618621\n|move|p2a: Gliscor|Protect|p2a: Gliscor\n|-singleturn|p2a: Gliscor|Protect\n|move|p1a: Kyogre|Water Spout|p2a: Gliscor\n|-activate|p2a: Gliscor|move: Protect\n|\n|-weather|RainDance|[upkeep]\n|-damage|p1a: Kyogre|66\/100 tox|[from] psn\n|-heal|p2a: Gliscor|63\/100 tox|[from] ability: Poison Heal\n|upkeep\n|turn|6\n|\n|t:|1700618631\n|move|p1a: Kyogre|Water Spout|p2a: Gliscor\n|-resisted|p2a: Gliscor\n|-damage|p2a: Gliscor|11\/100 tox\n|move|p2a: Gliscor|Earthquake|p1a: Kyogre\n|-damage|p1a: Kyogre|30\/100 tox\n|\n|-weather|RainDance|[upkeep]\n|-damage|p1a: Kyogre|11\/100 tox|[from] psn\n|-heal|p2a: Gliscor|23\/100 tox|[from] ability: Poison Heal\n|upkeep\n|turn|7\n|\n|t:|1700618637\n|move|p2a: Gliscor|Protect|p2a: Gliscor\n|-singleturn|p2a: Gliscor|Protect\n|move|p1a: Kyogre|Water Spout|p2a: Gliscor\n|-activate|p2a: Gliscor|move: Protect\n|\n|-weather|none\n|-damage|p1a: Kyogre|0 fnt|[from] psn\n|faint|p1a: Kyogre\n|-heal|p2a: Gliscor|36\/100 tox|[from] ability: Poison Heal\n|upkeep\n|\n|t:|1700618653\n|switch|p1a: Koraidon|Koraidon|100\/100\n|-damage|p1a: Koraidon|76\/100|[from] Spikes\n|-weather|SunnyDay|[from] ability: Orichalcum Pulse|[of] p1a: Koraidon\n|-activate|p1a: Koraidon|Orichalcum Pulse|[source]\n|turn|8\n|\n|t:|1700618664\n|move|p1a: Koraidon|Collision Course|p2a: Gliscor\n|-damage|p2a: Gliscor|0 fnt\n|faint|p2a: Gliscor\n|\n|-weather|SunnyDay|[upkeep]\n|upkeep\n|\n|t:|1700618669\n|switch|p2a: Regieleki|Regieleki|100\/100\n|-status|p2a: Regieleki|tox\n|turn|9\n|\n|t:|1700618675\n|move|p2a: Regieleki|Rapid Spin|p1a: Koraidon\n|-damage|p1a: Koraidon|66\/100\n|-boost|p2a: Regieleki|spe|1\n|-sideend|p2: Lux2821|Toxic Spikes|[from] move: Rapid Spin|[of] p2a: Regieleki\n|move|p1a: Koraidon|Collision Course|p2a: Regieleki\n|-crit|p2a: Regieleki\n|-damage|p2a: Regieleki|0 fnt\n|faint|p2a: Regieleki\n|\n|-weather|SunnyDay|[upkeep]\n|upkeep\n|\n|t:|1700618684\n|switch|p2a: Kyogre|Kyogre, shiny|100\/100\n|-weather|RainDance|[from] ability: Drizzle|[of] p2a: Kyogre\n|turn|10\n|\n|t:|1700618688\n|move|p1a: Koraidon|Collision Course|p2a: Kyogre\n|-damage|p2a: Kyogre|42\/100\n|move|p2a: Kyogre|Substitute|p2a: Kyogre\n|-start|p2a: Kyogre|Substitute\n|-damage|p2a: Kyogre|17\/100\n|\n|-weather|RainDance|[upkeep]\n|-heal|p2a: Kyogre|23\/100|[from] item: Leftovers\n|upkeep\n|turn|11\n|\n|t:|1700618693\n|move|p1a: Koraidon|Collision Course|p2a: Kyogre\n|-end|p2a: Kyogre|Substitute\n|move|p2a: Kyogre|Ice Beam|p1a: Koraidon\n|-supereffective|p1a: Koraidon\n|-damage|p1a: Koraidon|5\/100\n|\n|-weather|RainDance|[upkeep]\n|-heal|p2a: Kyogre|30\/100|[from] item: Leftovers\n|upkeep\n|turn|12\n|\n|t:|1700618698\n|switch|p2a: Koraidon|Koraidon|100\/100\n|-weather|SunnyDay|[from] ability: Orichalcum Pulse|[of] p2a: Koraidon\n|-activate|p2a: Koraidon|Orichalcum Pulse|[source]\n|move|p1a: Koraidon|Collision Course|p2a: Koraidon\n|-damage|p2a: Koraidon|2\/100\n|\n|-weather|SunnyDay|[upkeep]\n|upkeep\n|turn|13\n|\n|t:|1700618708\n|move|p1a: Koraidon|Collision Course|p2a: Koraidon\n|-damage|p2a: Koraidon|0 fnt\n|faint|p2a: Koraidon\n|\n|-weather|SunnyDay|[upkeep]\n|upkeep\n|c|\u2606TImAndMobyBrainPop|w speed tie\n|\n|t:|1700618722\n|switch|p2a: Volcarona|Volcarona, F|100\/100\n|turn|14\n|\n|t:|1700618728\n|move|p1a: Koraidon|Collision Course|p2a: Volcarona\n|-resisted|p2a: Volcarona\n|-damage|p2a: Volcarona|48\/100\n|move|p2a: Volcarona|Quiver Dance|p2a: Volcarona\n|-boost|p2a: Volcarona|spa|1\n|-boost|p2a: Volcarona|spd|1\n|-boost|p2a: Volcarona|spe|1\n|\n|-weather|SunnyDay|[upkeep]\n|upkeep\n|turn|15\n|\n|t:|1700618738\n|move|p2a: Volcarona|Flamethrower|p1a: Koraidon\n|-resisted|p1a: Koraidon\n|-damage|p1a: Koraidon|0 fnt\n|faint|p1a: Koraidon\n|\n|-weather|SunnyDay|[upkeep]\n|upkeep\n|\n|t:|1700618749\n|switch|p1a: Gliscor|Gliscor, M, shiny|100\/100 tox\n|turn|16\n|\n|t:|1700618752\n|move|p2a: Volcarona|Morning Sun|p2a: Volcarona\n|-heal|p2a: Volcarona|100\/100\n|move|p1a: Gliscor|Fling|p2a: Volcarona\n|-damage|p2a: Volcarona|94\/100\n|-status|p2a: Volcarona|tox\n|-enditem|p1a: Gliscor|Toxic Orb|[from] move: Fling\n|\n|-weather|none\n|-damage|p2a: Volcarona|88\/100 tox|[from] psn\n|upkeep\n|turn|17\n|\n|t:|1700618760\n|move|p2a: Volcarona|Quiver Dance|p2a: Volcarona\n|-boost|p2a: Volcarona|spa|1\n|-boost|p2a: Volcarona|spd|1\n|-boost|p2a: Volcarona|spe|1\n|move|p1a: Gliscor|Acrobatics|p2a: Volcarona\n|-supereffective|p2a: Volcarona\n|-damage|p2a: Volcarona|8\/100 tox\n|\n|-damage|p2a: Volcarona|0 fnt|[from] psn\n|faint|p2a: Volcarona\n|upkeep\n|\n|t:|1700618765\n|switch|p2a: Kyogre|Kyogre, shiny|30\/100\n|-weather|RainDance|[from] ability: Drizzle|[of] p2a: Kyogre\n|turn|18\n|\n|t:|1700618772\n|move|p2a: Kyogre|Ice Beam|p1a: Gliscor\n|-supereffective|p1a: Gliscor\n|-damage|p1a: Gliscor|0 fnt\n|faint|p1a: Gliscor\n|\n|-weather|RainDance|[upkeep]\n|-heal|p2a: Kyogre|36\/100|[from] item: Leftovers\n|upkeep\n|\n|t:|1700618781\n|switch|p1a: Arceus|Arceus, shiny|100\/100\n|-damage|p1a: Arceus|75\/100|[from] Spikes\n|turn|19\n|\n|t:|1700618791\n|move|p1a: Arceus|Extreme Speed|p2a: Kyogre\n|-damage|p2a: Kyogre|4\/100\n|move|p2a: Kyogre|Ice Beam|p1a: Arceus\n|-damage|p1a: Arceus|58\/100\n|\n|-weather|RainDance|[upkeep]\n|-heal|p1a: Arceus|64\/100|[from] item: Leftovers\n|-heal|p2a: Kyogre|10\/100|[from] item: Leftovers\n|upkeep\n|turn|20\n|\n|t:|1700618796\n|move|p1a: Arceus|Extreme Speed|p2a: Kyogre\n|-damage|p2a: Kyogre|0 fnt\n|faint|p2a: Kyogre\n|\n|-weather|RainDance|[upkeep]\n|-heal|p1a: Arceus|70\/100|[from] item: Leftovers\n|upkeep\n|\n|t:|1700618798\n|switch|p2a: Zacian|Zacian-Crowned|100\/100\n|-ability|p2a: Zacian|Intrepid Sword|boost\n|-boost|p2a: Zacian|atk|1\n|turn|21\n|\n|t:|1700618806\n|move|p1a: Arceus|Protect|p1a: Arceus\n|-singleturn|p1a: Arceus|Protect\n|move|p2a: Zacian|Swords Dance|p2a: Zacian\n|-boost|p2a: Zacian|atk|2\n|\n|-weather|RainDance|[upkeep]\n|-heal|p1a: Arceus|76\/100|[from] item: Leftovers\n|upkeep\n|turn|22\n|\n|t:|1700618811\n|move|p1a: Arceus|Extreme Speed|p2a: Zacian\n|-resisted|p2a: Zacian\n|-damage|p2a: Zacian|81\/100\n|move|p2a: Zacian|Behemoth Blade|p1a: Arceus\n|-damage|p1a: Arceus|0 fnt\n|faint|p1a: Arceus\n|\n|-weather|none\n|upkeep\n|\n|t:|1700618819\n|switch|p1a: Darkrai|Darkrai, shiny|100\/100\n|-damage|p1a: Darkrai|76\/100|[from] Spikes\n|turn|23\n|\n|t:|1700618830\n|move|p2a: Zacian|Play Rough|p1a: Darkrai\n|-supereffective|p1a: Darkrai\n|-damage|p1a: Darkrai|0 fnt\n|faint|p1a: Darkrai\n|\n|upkeep\n|\n|t:|1700618833\n|switch|p1a: Giratina|Giratina-Origin, shiny|100\/100\n|turn|24\n|\n|t:|1700618842\n|-terastallize|p1a: Giratina|Ghost\n|move|p2a: Zacian|Play Rough|p1a: Giratina\n|-damage|p1a: Giratina|19\/100\n|move|p1a: Giratina|Draco Meteor|p2a: Zacian\n|-immune|p2a: Zacian\n|\n|upkeep\n|turn|25\n|c|\u2606TImAndMobyBrainPop|i just fucking threw\n|c|\u2606TImAndMobyBrainPop|oh my god\n|c|\u2606TImAndMobyBrainPop|i hate this\n|c|\u2606Lux2821|can this thing even touch me?\n|\n|t:|1700618870\n|move|p2a: Zacian|Behemoth Blade|p1a: Giratina\n|-damage|p1a: Giratina|0 fnt\n|faint|p1a: Giratina\n|\n|win|Lux2821\n","uploadtime":1700618875,"views":6,"p1id":"timandmobybrainpop","p2id":"lux2821","formatid":"gen9ubers","rating":0,"private":0,"password":""}