{"id":"gen9ubers-1984271490","p1":"slugmaaa","p2":"Sol CPU","format":"[Gen 9] Ubers","log":"|j|\u2606slugmaaa\n|j|\u2606Sol CPU\n|t:|1699237374\n|gametype|singles\n|player|p1|slugmaaa|harlequin|\n|player|p2|Sol CPU|ethan|\n|teamsize|p1|6\n|teamsize|p2|6\n|gen|9\n|tier|[Gen 9] Ubers\n|rule|Sleep Clause Mod: Limit one foe put to sleep\n|rule|Species Clause: Limit one of each Pok\u00e9mon\n|rule|OHKO Clause: OHKO moves are banned\n|rule|Evasion Items Clause: Evasion items are banned\n|rule|Evasion Moves Clause: Evasion moves are banned\n|rule|Endless Battle Clause: Forcing endless battles is banned\n|rule|HP Percentage Mod: HP is shown in percentages\n|clearpoke\n|poke|p1|Pachirisu, F|\n|poke|p1|Iron Bundle|\n|poke|p1|Iron Hands|\n|poke|p1|Arcanine-Hisui, F|\n|poke|p1|Dragonite, M|\n|poke|p1|Blissey, F|\n|poke|p2|Electrode-Hisui|\n|poke|p2|Volcarona, F|\n|poke|p2|Articuno|\n|poke|p2|Muk-Alola, M|\n|poke|p2|Mismagius, F|\n|poke|p2|Lycanroc-Dusk, M|\n|teampreview\n|j| Pkpowers310\n|j| Astyr.Pygos\n|j| Squirshawott\n|j| RoamingDia\n|\n|t:|1699237396\n|start\n|switch|p1a: walmart incin?|Arcanine-Hisui, F, shiny|100\/100\n|switch|p2a: The Cooler Muk|Muk-Alola, M|100\/100\n|turn|1\n|\n|t:|1699237408\n|move|p1a: walmart incin?|Head Smash|p2a: The Cooler Muk\n|-damage|p2a: The Cooler Muk|28\/100\n|move|p2a: The Cooler Muk|Knock Off|p1a: walmart incin?\n|-damage|p1a: walmart incin?|43\/100\n|-status|p1a: walmart incin?|psn|[from] ability: Poison Touch|[of] p2a: The Cooler Muk\n|-enditem|p1a: walmart incin?|Choice Scarf|[from] move: Knock Off|[of] p2a: The Cooler Muk\n|\n|-heal|p2a: The Cooler Muk|34\/100|[from] item: Black Sludge\n|-damage|p1a: walmart incin?|31\/100 psn|[from] psn\n|upkeep\n|turn|2\n|j| KickinAsh\n|\n|t:|1699237443\n|move|p2a: The Cooler Muk|Shadow Sneak|p1a: walmart incin?\n|-damage|p1a: walmart incin?|14\/100 psn\n|move|p1a: walmart incin?|Head Smash|p2a: The Cooler Muk\n|-damage|p2a: The Cooler Muk|0 fnt\n|faint|p2a: The Cooler Muk\n|\n|-damage|p1a: walmart incin?|2\/100 psn|[from] psn\n|upkeep\n|\n|t:|1699237493\n|switch|p2a: Large Hat Enjoyer|Mismagius, F|100\/100\n|turn|3\n|\n|t:|1699237503\n|move|p2a: Large Hat Enjoyer|Dazzling Gleam|p1a: walmart incin?\n|-resisted|p1a: walmart incin?\n|-damage|p1a: walmart incin?|0 fnt\n|faint|p1a: walmart incin?\n|\n|upkeep\n|\n|t:|1699237516\n|switch|p1a: scrat scrat|Pachirisu, F, shiny|100\/100\n|turn|4\n|\n|t:|1699237528\n|switch|p2a: Time for Ice Cream|Lycanroc-Dusk, M|100\/100\n|move|p1a: scrat scrat|Nuzzle|p2a: Time for Ice Cream\n|-damage|p2a: Time for Ice Cream|94\/100\n|-status|p2a: Time for Ice Cream|par\n|\n|upkeep\n|turn|5\n|\n|t:|1699237544\n|-terastallize|p1a: scrat scrat|Flying\n|move|p2a: Time for Ice Cream|Accelerock|p1a: scrat scrat\n|-supereffective|p1a: scrat scrat\n|-damage|p1a: scrat scrat|0 fnt\n|faint|p1a: scrat scrat\n|-damage|p2a: Time for Ice Cream|84\/100 par|[from] item: Life Orb\n|\n|upkeep\n|\n|t:|1699237558\n|switch|p1a: dragon my nutz|Dragonite, M|100\/100\n|turn|6\n|\n|t:|1699237564\n|cant|p2a: Time for Ice Cream|par\n|move|p1a: dragon my nutz|Dragon Dance|p1a: dragon my nutz\n|-boost|p1a: dragon my nutz|atk|1\n|-boost|p1a: dragon my nutz|spe|1\n|\n|upkeep\n|turn|7\n|\n|t:|1699237569\n|cant|p2a: Time for Ice Cream|par\n|move|p1a: dragon my nutz|Iron Head|p2a: Time for Ice Cream\n|-supereffective|p2a: Time for Ice Cream\n|-damage|p2a: Time for Ice Cream|0 fnt\n|faint|p2a: Time for Ice Cream\n|\n|upkeep\n|\n|t:|1699237593\n|switch|p2a: Ball Go Brrrrr|Electrode-Hisui, shiny|100\/100\n|turn|8\n|\n|t:|1699237604\n|switch|p1a: big...|Iron Hands|100\/100\n|-terastallize|p2a: Ball Go Brrrrr|Electric\n|move|p2a: Ball Go Brrrrr|Thunderbolt|p1a: big...\n|-resisted|p1a: big...\n|-damage|p1a: big...|90\/100\n|\n|upkeep\n|turn|9\n|\n|t:|1699237613\n|switch|p2a: Large Hat Enjoyer|Mismagius, F|100\/100\n|move|p1a: big...|Earthquake|p2a: Large Hat Enjoyer\n|-immune|p2a: Large Hat Enjoyer|[from] ability: Levitate\n|\n|upkeep\n|turn|10\n|\n|t:|1699237621\n|-end|p1a: big...|Quark Drive|[silent]\n|switch|p1a: hi miguel|Blissey, F|100\/100\n|move|p2a: Large Hat Enjoyer|Dazzling Gleam|p1a: hi miguel\n|-damage|p1a: hi miguel|92\/100\n|\n|-heal|p1a: hi miguel|98\/100|[from] item: Leftovers\n|upkeep\n|turn|11\n|\n|t:|1699237628\n|move|p2a: Large Hat Enjoyer|Perish Song|p2a: Large Hat Enjoyer\n|-start|p1a: hi miguel|perish3|[silent]\n|-start|p2a: Large Hat Enjoyer|perish3|[silent]\n|-fieldactivate|move: Perish Song\n|move|p1a: hi miguel|Thunder Wave|p2a: Large Hat Enjoyer\n|-status|p2a: Large Hat Enjoyer|par\n|\n|-heal|p1a: hi miguel|100\/100|[from] item: Leftovers\n|-start|p2a: Large Hat Enjoyer|perish3\n|-start|p1a: hi miguel|perish3\n|upkeep\n|turn|12\n|\n|t:|1699237638\n|switch|p2a: Cave Loiterer|Articuno|100\/100\n|-ability|p2a: Cave Loiterer|Pressure\n|switch|p1a: big...|Iron Hands|90\/100\n|\n|upkeep\n|turn|13\n|\n|t:|1699237647\n|move|p2a: Cave Loiterer|Ice Beam|p1a: big...\n|-damage|p1a: big...|75\/100\n|move|p1a: big...|Wild Charge|p2a: Cave Loiterer\n|-supereffective|p2a: Cave Loiterer\n|-damage|p2a: Cave Loiterer|26\/100\n|-damage|p1a: big...|61\/100|[from] Recoil\n|\n|upkeep\n|turn|14\n|\n|t:|1699237660\n|move|p2a: Cave Loiterer|Roost|p2a: Cave Loiterer\n|-heal|p2a: Cave Loiterer|76\/100\n|-singleturn|p2a: Cave Loiterer|move: Roost\n|move|p1a: big...|Heavy Slam|p2a: Cave Loiterer\n|-supereffective|p2a: Cave Loiterer\n|-damage|p2a: Cave Loiterer|7\/100\n|\n|upkeep\n|turn|15\n|\n|t:|1699237667\n|move|p2a: Cave Loiterer|Reflect|p2a: Cave Loiterer\n|-sidestart|p2: Sol CPU|Reflect\n|move|p1a: big...|Heavy Slam|p2a: Cave Loiterer\n|-supereffective|p2a: Cave Loiterer\n|-damage|p2a: Cave Loiterer|0 fnt\n|faint|p2a: Cave Loiterer\n|\n|upkeep\n|\n|t:|1699237675\n|switch|p2a: Large Hat Enjoyer|Mismagius, F|100\/100 par\n|turn|16\n|\n|t:|1699237679\n|cant|p2a: Large Hat Enjoyer|par\n|move|p1a: big...|Wild Charge|p2a: Large Hat Enjoyer\n|-damage|p2a: Large Hat Enjoyer|51\/100 par\n|-damage|p1a: big...|55\/100|[from] Recoil\n|\n|upkeep\n|turn|17\n|\n|t:|1699237685\n|move|p2a: Large Hat Enjoyer|Dazzling Gleam|p1a: big...\n|-supereffective|p1a: big...\n|-damage|p1a: big...|32\/100\n|move|p1a: big...|Wild Charge|p2a: Large Hat Enjoyer\n|-damage|p2a: Large Hat Enjoyer|6\/100 par\n|-damage|p1a: big...|26\/100|[from] Recoil\n|\n|upkeep\n|turn|18\n|\n|t:|1699237696\n|move|p2a: Large Hat Enjoyer|Dazzling Gleam|p1a: big...\n|-supereffective|p1a: big...\n|-damage|p1a: big...|1\/100\n|move|p1a: big...|Wild Charge|p2a: Large Hat Enjoyer\n|-damage|p2a: Large Hat Enjoyer|0 fnt\n|faint|p2a: Large Hat Enjoyer\n|-damage|p1a: big...|0 fnt|[from] Recoil\n|faint|p1a: big...\n|-end|p1a: big...|Quark Drive|[silent]\n|\n|upkeep\n|\n|t:|1699237713\n|switch|p2a: M O T H|Volcarona, F|100\/100\n|switch|p1a: kill myself|Iron Bundle, shiny|100\/100\n|turn|19\n|\n|t:|1699237721\n|move|p1a: kill myself|Hydro Pump|p2a: M O T H\n|-supereffective|p2a: M O T H\n|-damage|p2a: M O T H|0 fnt\n|faint|p2a: M O T H\n|-damage|p1a: kill myself|91\/100|[from] item: Life Orb\n|\n|-sideend|p2: Sol CPU|Reflect\n|upkeep\n|\n|t:|1699237727\n|switch|p2a: Ball Go Brrrrr|Electrode-Hisui, shiny, tera:Electric|100\/100\n|turn|20\n|\n|t:|1699237730\n|move|p2a: Ball Go Brrrrr|Thunderbolt|p1a: kill myself\n|-supereffective|p1a: kill myself\n|-damage|p1a: kill myself|0 fnt\n|faint|p1a: kill myself\n|-end|p1a: kill myself|Quark Drive|[silent]\n|\n|upkeep\n|\n|t:|1699237735\n|switch|p1a: dragon my nutz|Dragonite, M|100\/100\n|turn|21\n|\n|t:|1699237738\n|move|p2a: Ball Go Brrrrr|Thunderbolt|p1a: dragon my nutz\n|-damage|p1a: dragon my nutz|76\/100\n|move|p1a: dragon my nutz|Dragon Dance|p1a: dragon my nutz\n|-boost|p1a: dragon my nutz|atk|1\n|-boost|p1a: dragon my nutz|spe|1\n|\n|upkeep\n|turn|22\n|\n|t:|1699237743\n|move|p2a: Ball Go Brrrrr|Thunderbolt|p1a: dragon my nutz\n|-damage|p1a: dragon my nutz|26\/100\n|move|p1a: dragon my nutz|Earthquake|p2a: Ball Go Brrrrr\n|-supereffective|p2a: Ball Go Brrrrr\n|-damage|p2a: Ball Go Brrrrr|0 fnt\n|faint|p2a: Ball Go Brrrrr\n|\n|win|slugmaaa\n|c|\u2606slugmaaa|ggs\n|l|\u2606Sol CPU\n|l| Pkpowers310\n","uploadtime":1699237764,"views":6,"p1id":"slugmaaa","p2id":"solcpu","formatid":"gen9ubers","rating":0,"private":0,"password":""}