{"id":"gen9ubers-1996927590","p1":"Aipom Hoshino","p2":"Whaud","format":"[Gen 9] Ubers","log":"|j|\u2606Aipom Hoshino\n|j|\u2606Whaud\n|t:|1700745884\n|gametype|singles\n|player|p1|Aipom Hoshino|lady-gen4|\n|player|p2|Whaud|alain|\n|teamsize|p1|6\n|teamsize|p2|6\n|gen|9\n|tier|[Gen 9] Ubers\n|rule|Sleep Clause Mod: Limit one foe put to sleep\n|rule|Species Clause: Limit one of each Pok\u00e9mon\n|rule|OHKO Clause: OHKO moves are banned\n|rule|Evasion Items Clause: Evasion items are banned\n|rule|Evasion Moves Clause: Evasion moves are banned\n|rule|Endless Battle Clause: Forcing endless battles is banned\n|rule|HP Percentage Mod: HP is shown in percentages\n|clearpoke\n|poke|p1|Palkia-Origin|\n|poke|p1|Arceus-Psychic|\n|poke|p1|Cyclizar, F|\n|poke|p1|Zacian-*|\n|poke|p1|Magearna|\n|poke|p1|Houndstone, F|\n|poke|p2|Chi-Yu|\n|poke|p2|Palkia-Origin|\n|poke|p2|Magearna|\n|poke|p2|Cyclizar, F|\n|poke|p2|Zacian-*|\n|poke|p2|Arceus-Dark|\n|teampreview\n|c|\u2606Whaud|this should work\n|c|\u2606Aipom Hoshino|k\n|c|\u2606Aipom Hoshino|glhf\n|inactive|Battle timer is ON: inactive players will automatically lose when time's up. (requested by Aipom Hoshino)\n|\n|t:|1700745918\n|start\n|switch|p1a: Cyclizar|Cyclizar, F|100\/100\n|switch|p2a: Chi-Yu|Chi-Yu|100\/100\n|-ability|p2a: Chi-Yu|Beads of Ruin\n|turn|1\n|\n|t:|1700745931\n|move|p2a: Chi-Yu|Dark Pulse|p1a: Cyclizar\n|-damage|p1a: Cyclizar|14\/100\n|move|p1a: Cyclizar|Knock Off|p2a: Chi-Yu\n|-resisted|p2a: Chi-Yu\n|-damage|p2a: Chi-Yu|84\/100\n|-enditem|p2a: Chi-Yu|Choice Scarf|[from] move: Knock Off|[of] p1a: Cyclizar\n|\n|upkeep\n|turn|2\n|\n|t:|1700745937\n|switch|p1a: Palkia|Palkia-Origin|100\/100\n|-ability|p1a: Palkia|Pressure\n|move|p2a: Chi-Yu|Dark Pulse|p1a: Palkia\n|-damage|p1a: Palkia|40\/100\n|\n|upkeep\n|turn|3\n|\n|t:|1700745947\n|switch|p2a: Magearna|Magearna|100\/100\n|move|p1a: Palkia|Substitute|p1a: Palkia\n|-start|p1a: Palkia|Substitute\n|-damage|p1a: Palkia|15\/100\n|\n|upkeep\n|turn|4\n|\n|t:|1700745950\n|move|p1a: Palkia|Hydro Pump|p2a: Magearna\n|-damage|p2a: Magearna|42\/100\n|move|p2a: Magearna|Calm Mind|p2a: Magearna\n|-boost|p2a: Magearna|spa|1\n|-boost|p2a: Magearna|spd|1\n|\n|-heal|p2a: Magearna|48\/100|[from] item: Leftovers\n|upkeep\n|turn|5\n|\n|t:|1700745955\n|move|p1a: Palkia|Hydro Pump|p2a: Magearna\n|-damage|p2a: Magearna|5\/100\n|move|p2a: Magearna|Draining Kiss|p1a: Palkia\n|-supereffective|p1a: Palkia\n|-end|p1a: Palkia|Substitute\n|-heal|p2a: Magearna|21\/100|[from] drain|[of] p1a: Palkia\n|\n|-heal|p2a: Magearna|27\/100|[from] item: Leftovers\n|upkeep\n|turn|6\n|\n|t:|1700745961\n|-terastallize|p2a: Magearna|Water\n|move|p1a: Palkia|Hydro Pump|p2a: Magearna|[miss]\n|-miss|p1a: Palkia|p2a: Magearna\n|move|p2a: Magearna|Draining Kiss|p1a: Palkia\n|-supereffective|p1a: Palkia\n|-damage|p1a: Palkia|0 fnt\n|-heal|p2a: Magearna|37\/100|[from] drain|[of] p1a: Palkia\n|faint|p1a: Palkia\n|-ability|p2a: Magearna|Soul-Heart|boost\n|-boost|p2a: Magearna|spa|1\n|\n|-heal|p2a: Magearna|43\/100|[from] item: Leftovers\n|upkeep\n|\n|t:|1700745969\n|switch|p1a: Zacian|Zacian|100\/100\n|-ability|p1a: Zacian|Intrepid Sword|boost\n|-boost|p1a: Zacian|atk|1\n|turn|7\n|\n|t:|1700745974\n|move|p1a: Zacian|Play Rough|p2a: Magearna|[miss]\n|-miss|p1a: Zacian|p2a: Magearna\n|move|p2a: Magearna|Iron Defense|p2a: Magearna\n|-boost|p2a: Magearna|def|2\n|\n|-heal|p2a: Magearna|49\/100|[from] item: Leftovers\n|upkeep\n|turn|8\n|\n|t:|1700745976\n|move|p1a: Zacian|Play Rough|p2a: Magearna\n|-damage|p2a: Magearna|21\/100\n|move|p2a: Magearna|Draining Kiss|p1a: Zacian\n|-damage|p1a: Zacian|63\/100\n|-heal|p2a: Magearna|46\/100|[from] drain|[of] p1a: Zacian\n|\n|-heal|p2a: Magearna|52\/100|[from] item: Leftovers\n|upkeep\n|turn|9\n|\n|t:|1700745987\n|switch|p1a: Arceus|Arceus-Psychic|100\/100\n|move|p2a: Magearna|Draining Kiss|p1a: Arceus\n|-damage|p1a: Arceus|74\/100\n|-heal|p2a: Magearna|76\/100|[from] drain|[of] p1a: Arceus\n|\n|-heal|p2a: Magearna|82\/100|[from] item: Leftovers\n|upkeep\n|turn|10\n|\n|t:|1700745991\n|move|p1a: Arceus|Taunt|p2a: Magearna\n|-start|p2a: Magearna|move: Taunt\n|cant|p2a: Magearna|move: Taunt|Calm Mind\n|\n|-heal|p2a: Magearna|88\/100|[from] item: Leftovers\n|upkeep\n|turn|11\n|\n|t:|1700745994\n|move|p1a: Arceus|Cosmic Power|p1a: Arceus\n|-boost|p1a: Arceus|def|1\n|-boost|p1a: Arceus|spd|1\n|move|p2a: Magearna|Draining Kiss|p1a: Arceus\n|-crit|p1a: Arceus\n|-damage|p1a: Arceus|27\/100\n|-heal|p2a: Magearna|100\/100|[from] drain|[of] p1a: Arceus\n|\n|upkeep\n|turn|12\n|\n|t:|1700745999\n|move|p1a: Arceus|Recover|p1a: Arceus\n|-heal|p1a: Arceus|77\/100\n|move|p2a: Magearna|Draining Kiss|p1a: Arceus\n|-damage|p1a: Arceus|58\/100\n|\n|-end|p2a: Magearna|move: Taunt\n|upkeep\n|turn|13\n|\n|t:|1700746002\n|move|p1a: Arceus|Cosmic Power|p1a: Arceus\n|-boost|p1a: Arceus|def|1\n|-boost|p1a: Arceus|spd|1\n|move|p2a: Magearna|Calm Mind|p2a: Magearna\n|-boost|p2a: Magearna|spa|1\n|-boost|p2a: Magearna|spd|1\n|\n|upkeep\n|turn|14\n|\n|t:|1700746007\n|move|p1a: Arceus|Taunt|p2a: Magearna\n|-start|p2a: Magearna|move: Taunt\n|cant|p2a: Magearna|move: Taunt|Calm Mind\n|\n|upkeep\n|turn|15\n|\n|t:|1700746009\n|move|p1a: Arceus|Cosmic Power|p1a: Arceus\n|-boost|p1a: Arceus|def|1\n|-boost|p1a: Arceus|spd|1\n|move|p2a: Magearna|Draining Kiss|p1a: Arceus\n|-damage|p1a: Arceus|44\/100\n|\n|upkeep\n|turn|16\n|\n|t:|1700746012\n|move|p1a: Arceus|Cosmic Power|p1a: Arceus\n|-boost|p1a: Arceus|def|1\n|-boost|p1a: Arceus|spd|1\n|move|p2a: Magearna|Draining Kiss|p1a: Arceus\n|-damage|p1a: Arceus|31\/100\n|\n|-end|p2a: Magearna|move: Taunt\n|upkeep\n|turn|17\n|\n|t:|1700746015\n|move|p1a: Arceus|Taunt|p2a: Magearna\n|-start|p2a: Magearna|move: Taunt\n|cant|p2a: Magearna|move: Taunt|Calm Mind\n|\n|upkeep\n|turn|18\n|\n|t:|1700746018\n|move|p1a: Arceus|Recover|p1a: Arceus\n|-heal|p1a: Arceus|81\/100\n|move|p2a: Magearna|Stored Power|p1a: Arceus\n|-resisted|p1a: Arceus\n|-damage|p1a: Arceus|69\/100\n|\n|upkeep\n|turn|19\n|\n|t:|1700746020\n|move|p1a: Arceus|Cosmic Power|p1a: Arceus\n|-boost|p1a: Arceus|def|1\n|-boost|p1a: Arceus|spd|1\n|move|p2a: Magearna|Draining Kiss|p1a: Arceus\n|-damage|p1a: Arceus|59\/100\n|\n|-end|p2a: Magearna|move: Taunt\n|upkeep\n|turn|20\n|\n|t:|1700746022\n|move|p1a: Arceus|Taunt|p2a: Magearna\n|-start|p2a: Magearna|move: Taunt\n|cant|p2a: Magearna|move: Taunt|Calm Mind\n|\n|upkeep\n|turn|21\n|\n|t:|1700746026\n|move|p1a: Arceus|Cosmic Power|p1a: Arceus\n|-boost|p1a: Arceus|def|1\n|-boost|p1a: Arceus|spd|1\n|move|p2a: Magearna|Stored Power|p1a: Arceus\n|-resisted|p1a: Arceus\n|-damage|p1a: Arceus|49\/100\n|\n|upkeep\n|turn|22\n|\n|t:|1700746032\n|move|p1a: Arceus|Recover|p1a: Arceus\n|-heal|p1a: Arceus|99\/100\n|move|p2a: Magearna|Stored Power|p1a: Arceus\n|-resisted|p1a: Arceus\n|-damage|p1a: Arceus|89\/100\n|\n|-end|p2a: Magearna|move: Taunt\n|upkeep\n|turn|23\n|\n|t:|1700746037\n|move|p1a: Arceus|Taunt|p2a: Magearna\n|-start|p2a: Magearna|move: Taunt\n|cant|p2a: Magearna|move: Taunt|Calm Mind\n|\n|upkeep\n|turn|24\n|\n|t:|1700746039\n|move|p1a: Arceus|Stored Power|p2a: Magearna\n|-crit|p2a: Magearna\n|-damage|p2a: Magearna|0 fnt\n|faint|p2a: Magearna\n|\n|upkeep\n|\n|t:|1700746042\n|switch|p2a: Arceus|Arceus-Dark|100\/100\n|turn|25\n|\n|t:|1700746046\n|switch|p1a: Magearna|Magearna|100\/100\n|move|p2a: Arceus|Calm Mind|p2a: Arceus\n|-boost|p2a: Arceus|spa|1\n|-boost|p2a: Arceus|spd|1\n|\n|upkeep\n|turn|26\n|\n|t:|1700746050\n|move|p2a: Arceus|Taunt|p1a: Magearna\n|-start|p1a: Magearna|move: Taunt\n|cant|p1a: Magearna|move: Taunt|Thunder Wave\n|\n|upkeep\n|turn|27\n|\n|t:|1700746056\n|switch|p2a: Chi-Yu|Chi-Yu|84\/100\n|-ability|p2a: Chi-Yu|Beads of Ruin\n|move|p1a: Magearna|Volt Switch|p2a: Chi-Yu\n|-damage|p2a: Chi-Yu|61\/100\n|\n|t:|1700746058\n|switch|p1a: Zacian|Zacian|63\/100|[from] Volt Switch\n|\n|upkeep\n|turn|28\n|\n|t:|1700746061\n|move|p1a: Zacian|Play Rough|p2a: Chi-Yu\n|-damage|p2a: Chi-Yu|0 fnt\n|faint|p2a: Chi-Yu\n|\n|upkeep\n|\n|t:|1700746068\n|switch|p2a: Zacian|Zacian|100\/100\n|-ability|p2a: Zacian|Intrepid Sword|boost\n|-boost|p2a: Zacian|atk|1\n|turn|29\n|\n|t:|1700746081\n|switch|p1a: Magearna|Magearna|100\/100\n|move|p2a: Zacian|Play Rough|p1a: Magearna\n|-resisted|p1a: Magearna\n|-damage|p1a: Magearna|58\/100\n|\n|-heal|p1a: Magearna|65\/100|[from] item: Leftovers\n|upkeep\n|turn|30\n|\n|t:|1700746084\n|move|p2a: Zacian|Play Rough|p1a: Magearna\n|-resisted|p1a: Magearna\n|-damage|p1a: Magearna|20\/100\n|move|p1a: Magearna|Thunder Wave|p2a: Zacian\n|-status|p2a: Zacian|par\n|\n|-heal|p1a: Magearna|26\/100|[from] item: Leftovers\n|upkeep\n|turn|31\n|\n|t:|1700746094\n|move|p2a: Zacian|Play Rough|p1a: Magearna\n|-resisted|p1a: Magearna\n|-damage|p1a: Magearna|0 fnt\n|faint|p1a: Magearna\n|\n|upkeep\n|inactive|Aipom Hoshino has 270 seconds left.\n|\n|t:|1700746142\n|switch|p1a: Zacian|Zacian|63\/100\n|turn|32\n|\n|t:|1700746156\n|move|p1a: Zacian|Play Rough|p2a: Zacian\n|-damage|p2a: Zacian|44\/100 par\n|cant|p2a: Zacian|par\n|\n|upkeep\n|turn|33\n|\n|t:|1700746161\n|move|p1a: Zacian|Play Rough|p2a: Zacian\n|-damage|p2a: Zacian|0 fnt\n|faint|p2a: Zacian\n|\n|upkeep\n|\n|t:|1700746166\n|switch|p2a: Cyclizar|Cyclizar, F|100\/100\n|turn|34\n|\n|t:|1700746167\n|move|p1a: Zacian|Play Rough|p2a: Cyclizar\n|-supereffective|p2a: Cyclizar\n|-damage|p2a: Cyclizar|0 fnt\n|faint|p2a: Cyclizar\n|\n|upkeep\n|\n|t:|1700746170\n|switch|p2a: Palkia|Palkia-Origin|100\/100\n|-ability|p2a: Palkia|Pressure\n|turn|35\n|\n|t:|1700746172\n|move|p1a: Zacian|Play Rough|p2a: Palkia\n|-supereffective|p2a: Palkia\n|-damage|p2a: Palkia|0 fnt\n|faint|p2a: Palkia\n|\n|upkeep\n|\n|t:|1700746175\n|switch|p2a: Arceus|Arceus-Dark|100\/100\n|turn|36\n|\n|t:|1700746178\n|move|p1a: Zacian|Play Rough|p2a: Arceus\n|-supereffective|p2a: Arceus\n|-damage|p2a: Arceus|11\/100\n|move|p2a: Arceus|Recover|p2a: Arceus\n|-heal|p2a: Arceus|61\/100\n|\n|upkeep\n|turn|37\n|\n|t:|1700746181\n|move|p1a: Zacian|Play Rough|p2a: Arceus\n|-supereffective|p2a: Arceus\n|-crit|p2a: Arceus\n|-damage|p2a: Arceus|0 fnt\n|faint|p2a: Arceus\n|\n|win|Aipom Hoshino\n|c|\u2606Aipom Hoshino|gg\n","uploadtime":1700746186,"views":9,"p1id":"aipomhoshino","p2id":"whaud","formatid":"gen9ubers","rating":0,"private":0,"password":""}