{"id":"gen9ubers-1989110091","p1":"PokemonFan1534","p2":"hattorivt","format":"[Gen 9] Ubers","log":"|j|\u2606PokemonFan1534\n|j|\u2606hattorivt\n|t:|1699813282\n|gametype|singles\n|player|p1|PokemonFan1534|dawn|\n|player|p2|hattorivt|marnie-masters|\n|teamsize|p1|6\n|teamsize|p2|6\n|gen|9\n|tier|[Gen 9] Ubers\n|rule|Sleep Clause Mod: Limit one foe put to sleep\n|rule|Species Clause: Limit one of each Pok\u00e9mon\n|rule|OHKO Clause: OHKO moves are banned\n|rule|Evasion Items Clause: Evasion items are banned\n|rule|Evasion Moves Clause: Evasion moves are banned\n|rule|Endless Battle Clause: Forcing endless battles is banned\n|rule|HP Percentage Mod: HP is shown in percentages\n|clearpoke\n|poke|p1|Landorus-Therian, M|\n|poke|p1|Empoleon, M|\n|poke|p1|Zapdos|\n|poke|p1|Tornadus-Therian, M|\n|poke|p1|Sneasler, F|\n|poke|p1|Munkidori, M|\n|poke|p2|Ogerpon-Cornerstone, F|\n|poke|p2|Kingambit, M|\n|poke|p2|Iron Moth|\n|poke|p2|Rillaboom, M|\n|poke|p2|Ceruledge, F|\n|poke|p2|Iron Hands|\n|teampreview\n|inactive|Battle timer is ON: inactive players will automatically lose when time's up. (requested by hattorivt)\n|\n|t:|1699813300\n|start\n|switch|p1a: Landorus|Landorus-Therian, M|100\/100\n|switch|p2a: Ogerpon|Ogerpon-Cornerstone, F|100\/100\n|-ability|p1a: Landorus|Intimidate|boost\n|-unboost|p2a: Ogerpon|atk|1\n|turn|1\n|inactive|hattorivt has 270 seconds left.\n|\n|t:|1699813344\n|move|p2a: Ogerpon|Taunt|p1a: Landorus\n|-start|p1a: Landorus|move: Taunt\n|cant|p1a: Landorus|move: Taunt|Taunt\n|\n|upkeep\n|turn|2\n|\n|t:|1699813351\n|move|p2a: Ogerpon|Spikes|p1a: Landorus\n|-sidestart|p1: PokemonFan1534|Spikes\n|move|p1a: Landorus|Earthquake|p2a: Ogerpon\n|-damage|p2a: Ogerpon|43\/100\n|\n|upkeep\n|turn|3\n|\n|t:|1699813356\n|switch|p2a: Rillaboom|Rillaboom, M|100\/100\n|-fieldstart|move: Grassy Terrain|[from] ability: Grassy Surge|[of] p2a: Rillaboom\n|move|p1a: Landorus|Earthquake|p2a: Rillaboom\n|-resisted|p2a: Rillaboom\n|-damage|p2a: Rillaboom|87\/100\n|\n|-heal|p2a: Rillaboom|93\/100|[from] Grassy Terrain\n|-end|p1a: Landorus|move: Taunt\n|upkeep\n|turn|4\n|\n|t:|1699813362\n|switch|p2a: Ogerpon|Ogerpon-Cornerstone, F|43\/100\n|move|p1a: Landorus|Stealth Rock|p2a: Ogerpon\n|-sidestart|p2: hattorivt|move: Stealth Rock\n|\n|-heal|p2a: Ogerpon|49\/100|[from] Grassy Terrain\n|upkeep\n|turn|5\n|\n|t:|1699813367\n|move|p2a: Ogerpon|Power Whip|p1a: Landorus\n|-damage|p1a: Landorus|32\/100\n|-damage|p2a: Ogerpon|32\/100|[from] item: Rocky Helmet|[of] p1a: Landorus\n|move|p1a: Landorus|Earthquake|p2a: Ogerpon\n|-damage|p2a: Ogerpon|0 fnt\n|faint|p2a: Ogerpon\n|\n|upkeep\n|\n|t:|1699813385\n|switch|p2a: Rillaboom|Rillaboom, M|93\/100\n|-damage|p2a: Rillaboom|81\/100|[from] Stealth Rock\n|turn|6\n|\n|t:|1699813391\n|move|p2a: Rillaboom|Swords Dance|p2a: Rillaboom\n|-boost|p2a: Rillaboom|atk|2\n|move|p1a: Landorus|U-turn|p2a: Rillaboom\n|-supereffective|p2a: Rillaboom\n|-damage|p2a: Rillaboom|33\/100\n|\n|t:|1699813397\n|switch|p1a: Tornadus|Tornadus-Therian, M|100\/100|[from] U-turn\n|\n|-heal|p2a: Rillaboom|39\/100|[from] Grassy Terrain\n|upkeep\n|turn|7\n|\n|t:|1699813409\n|switch|p2a: Iron Hands|Iron Hands|100\/100\n|-damage|p2a: Iron Hands|94\/100|[from] Stealth Rock\n|move|p1a: Tornadus|Bleakwind Storm|p2a: Iron Hands\n|-damage|p2a: Iron Hands|54\/100\n|\n|-heal|p2a: Iron Hands|60\/100|[from] Grassy Terrain\n|-heal|p2a: Iron Hands|66\/100|[from] item: Leftovers\n|-fieldend|move: Grassy Terrain\n|upkeep\n|turn|8\n|\n|t:|1699813418\n|move|p1a: Tornadus|U-turn|p2a: Iron Hands\n|-resisted|p2a: Iron Hands\n|-damage|p2a: Iron Hands|61\/100\n|\n|t:|1699813421\n|switch|p1a: Munkidori|Munkidori, M|100\/100|[from] U-turn\n|-damage|p1a: Munkidori|88\/100|[from] Spikes\n|move|p2a: Iron Hands|Ice Punch|p1a: Munkidori\n|-damage|p1a: Munkidori|38\/100\n|\n|-heal|p2a: Iron Hands|67\/100|[from] item: Leftovers\n|upkeep\n|turn|9\n|\n|t:|1699813435\n|-terastallize|p2a: Iron Hands|Steel\n|move|p1a: Munkidori|Psychic|p2a: Iron Hands\n|-resisted|p2a: Iron Hands\n|-damage|p2a: Iron Hands|28\/100\n|-unboost|p2a: Iron Hands|spd|1\n|move|p2a: Iron Hands|Ice Punch|p1a: Munkidori\n|-damage|p1a: Munkidori|0 fnt\n|faint|p1a: Munkidori\n|\n|-heal|p2a: Iron Hands|34\/100|[from] item: Leftovers\n|upkeep\n|\n|t:|1699813446\n|switch|p1a: Tornadus|Tornadus-Therian, M|100\/100\n|turn|10\n|\n|t:|1699813452\n|-end|p2a: Iron Hands|Quark Drive|[silent]\n|switch|p2a: Ceruledge|Ceruledge, F|100\/100\n|-damage|p2a: Ceruledge|76\/100|[from] Stealth Rock\n|move|p1a: Tornadus|Heat Wave|p2a: Ceruledge\n|-resisted|p2a: Ceruledge\n|-damage|p2a: Ceruledge|61\/100\n|\n|upkeep\n|turn|11\n|j| Pepito smurf\n|\n|t:|1699813462\n|move|p1a: Tornadus|Knock Off|p2a: Ceruledge\n|-supereffective|p2a: Ceruledge\n|-damage|p2a: Ceruledge|5\/100\n|-ability|p2a: Ceruledge|Weak Armor|boost\n|-unboost|p2a: Ceruledge|def|1\n|-boost|p2a: Ceruledge|spe|2\n|-enditem|p2a: Ceruledge|Focus Sash|[from] move: Knock Off|[of] p1a: Tornadus\n|move|p2a: Ceruledge|Swords Dance|p2a: Ceruledge\n|-boost|p2a: Ceruledge|atk|2\n|\n|upkeep\n|turn|12\n|\n|t:|1699813481\n|move|p2a: Ceruledge|Poltergeist|p1a: Tornadus\n|-activate|p1a: Tornadus|move: Poltergeist|Heavy-Duty Boots\n|-damage|p1a: Tornadus|0 fnt\n|faint|p1a: Tornadus\n|\n|upkeep\n|\n|t:|1699813490\n|switch|p1a: Landorus|Landorus-Therian, M|32\/100\n|-ability|p1a: Landorus|Intimidate|boost\n|-unboost|p2a: Ceruledge|atk|1\n|turn|13\n|c|\u2606hattorivt|omg i thought i MISSED\n|\n|t:|1699813511\n|move|p2a: Ceruledge|Bitter Blade|p1a: Landorus\n|-damage|p1a: Landorus|0 fnt\n|-heal|p2a: Ceruledge|26\/100|[from] drain|[of] p1a: Landorus\n|-damage|p2a: Ceruledge|9\/100|[from] item: Rocky Helmet|[of] p1a: Landorus\n|faint|p1a: Landorus\n|\n|upkeep\n|\n|t:|1699813522\n|switch|p1a: Sneasler|Sneasler, F|100\/100\n|-damage|p1a: Sneasler|88\/100|[from] Spikes\n|turn|14\n|\n|t:|1699813531\n|move|p2a: Ceruledge|Poltergeist|p1a: Sneasler\n|-activate|p1a: Sneasler|move: Poltergeist|Protective Pads\n|-damage|p1a: Sneasler|0 fnt\n|faint|p1a: Sneasler\n|\n|upkeep\n|c|\u2606PokemonFan1534|Is fighting not immune to ghost\n|\n|t:|1699813545\n|switch|p1a: Waaaaaaaaa|Zapdos|100\/100\n|turn|15\n|\n|t:|1699813551\n|move|p2a: Ceruledge|Poltergeist|p1a: Waaaaaaaaa\n|-activate|p1a: Waaaaaaaaa|move: Poltergeist|Heavy-Duty Boots\n|-damage|p1a: Waaaaaaaaa|29\/100\n|move|p1a: Waaaaaaaaa|Volt Switch|p2a: Ceruledge\n|-damage|p2a: Ceruledge|0 fnt\n|faint|p2a: Ceruledge\n|\n|t:|1699813555\n|switch|p1a: Empoleon|Empoleon, M|100\/100|[from] Volt Switch\n|-damage|p1a: Empoleon|88\/100|[from] Spikes\n|\n|-heal|p1a: Empoleon|94\/100|[from] item: Leftovers\n|upkeep\n|c| Pepito smurf|normal is immune not fighting\n|c|\u2606hattorivt|wild accusation to be made about the ghost type\n|\n|t:|1699813566\n|switch|p2a: Iron Hands|Iron Hands, tera:Steel|34\/100\n|-damage|p2a: Iron Hands|28\/100|[from] Stealth Rock\n|turn|16\n|\n|t:|1699813573\n|move|p2a: Iron Hands|Wild Charge|p1a: Empoleon\n|-supereffective|p1a: Empoleon\n|-crit|p1a: Empoleon\n|-damage|p1a: Empoleon|0 fnt\n|faint|p1a: Empoleon\n|-damage|p2a: Iron Hands|9\/100|[from] Recoil\n|\n|-heal|p2a: Iron Hands|15\/100|[from] item: Leftovers\n|upkeep\n|\n|t:|1699813575\n|switch|p1a: Waaaaaaaaa|Zapdos|29\/100\n|turn|17\n|\n|t:|1699813580\n|move|p1a: Waaaaaaaaa|Heat Wave|p2a: Iron Hands\n|-supereffective|p2a: Iron Hands\n|-damage|p2a: Iron Hands|0 fnt\n|faint|p2a: Iron Hands\n|-end|p2a: Iron Hands|Quark Drive|[silent]\n|\n|upkeep\n|\n|t:|1699813585\n|switch|p2a: Iron Moth|Iron Moth|100\/100\n|-damage|p2a: Iron Moth|76\/100|[from] Stealth Rock\n|-enditem|p2a: Iron Moth|Booster Energy\n|-activate|p2a: Iron Moth|ability: Quark Drive|[fromitem]\n|-start|p2a: Iron Moth|quarkdrivespe\n|turn|18\n|\n|t:|1699813593\n|move|p2a: Iron Moth|Fiery Dance|p1a: Waaaaaaaaa\n|-damage|p1a: Waaaaaaaaa|0 fnt\n|faint|p1a: Waaaaaaaaa\n|\n|win|hattorivt\n|c|\u2606hattorivt|gg\n|c|\u2606PokemonFan1534|Gg\n|l| Pepito smurf\n","uploadtime":1699813609,"views":6,"p1id":"pokemonfan1534","p2id":"hattorivt","formatid":"gen9ubers","rating":0,"private":0,"password":""}