{"id":"gen9ubers-1989356218","p1":"ThePuzzler13","p2":"ItsmeBlankKnight","format":"[Gen 9] Ubers","log":"|j|\u2606ThePuzzler13\n|j|\u2606ItsmeBlankKnight\n|t:|1699840133\n|gametype|singles\n|player|p1|ThePuzzler13|2|\n|player|p2|ItsmeBlankKnight|larry|\n|teamsize|p1|6\n|teamsize|p2|6\n|gen|9\n|tier|[Gen 9] Ubers\n|rule|Sleep Clause Mod: Limit one foe put to sleep\n|rule|Species Clause: Limit one of each Pok\u00e9mon\n|rule|OHKO Clause: OHKO moves are banned\n|rule|Evasion Items Clause: Evasion items are banned\n|rule|Evasion Moves Clause: Evasion moves are banned\n|rule|Endless Battle Clause: Forcing endless battles is banned\n|rule|HP Percentage Mod: HP is shown in percentages\n|clearpoke\n|poke|p1|Masquerain, F|\n|poke|p1|Arceus-Ice|\n|poke|p1|Gholdengo|\n|poke|p1|Palafin, M|\n|poke|p1|Chi-Yu|\n|poke|p1|Zamazenta-*|\n|poke|p2|Chi-Yu|\n|poke|p2|Cyclizar, F|\n|poke|p2|Houndstone, M|\n|poke|p2|Espathra, F|\n|poke|p2|Regidrago|\n|poke|p2|Arceus-Poison|\n|teampreview\n|inactive|Battle timer is ON: inactive players will automatically lose when time's up. (requested by ThePuzzler13)\n|inactive|ItsmeBlankKnight also wants the timer to be on.\n|\n|t:|1699840140\n|start\n|switch|p1a: Masquerain|Masquerain, F|100\/100\n|switch|p2a: Cyclizar|Cyclizar, F|100\/100\n|-ability|p1a: Masquerain|Intimidate|boost\n|-unboost|p2a: Cyclizar|atk|1\n|turn|1\n|\n|t:|1699840154\n|move|p2a: Cyclizar|Shed Tail|p2a: Cyclizar\n|-start|p2a: Cyclizar|Substitute|[from] move: Shed Tail\n|-damage|p2a: Cyclizar|50\/100\n|\n|t:|1699840158\n|switch|p2a: Arceus|Arceus-Poison|100\/100|[from] Shed Tail\n|move|p1a: Masquerain|Sticky Web|p2a: Arceus\n|-sidestart|p2: ItsmeBlankKnight|move: Sticky Web\n|\n|upkeep\n|turn|2\n|\n|t:|1699840165\n|move|p2a: Arceus|Swords Dance|p2a: Arceus\n|-boost|p2a: Arceus|atk|2\n|move|p1a: Masquerain|Whirlwind|p2a: Arceus\n|drag|p2a: Cyclizar|Cyclizar, F|83\/100\n|-activate|p2a: Cyclizar|move: Sticky Web\n|-unboost|p2a: Cyclizar|spe|1\n|\n|upkeep\n|turn|3\n|\n|t:|1699840186\n|move|p2a: Cyclizar|Rapid Spin|p1a: Masquerain\n|-damage|p1a: Masquerain|76\/100\n|-boost|p2a: Cyclizar|spe|1\n|-sideend|p2: ItsmeBlankKnight|Sticky Web|[from] move: Rapid Spin|[of] p2a: Cyclizar\n|move|p1a: Masquerain|Stun Spore|p2a: Cyclizar\n|-status|p2a: Cyclizar|par\n|\n|upkeep\n|turn|4\n|\n|t:|1699840192\n|switch|p2a: Arceus|Arceus-Poison|100\/100\n|move|p1a: Masquerain|Sticky Web|p2a: Arceus\n|-sidestart|p2: ItsmeBlankKnight|move: Sticky Web\n|\n|upkeep\n|turn|5\n|\n|t:|1699840197\n|move|p2a: Arceus|Extreme Speed|p1a: Masquerain\n|-damage|p1a: Masquerain|20\/100\n|move|p1a: Masquerain|Stun Spore|p2a: Arceus|[miss]\n|-miss|p1a: Masquerain|p2a: Arceus\n|\n|upkeep\n|turn|6\n|\n|t:|1699840208\n|move|p2a: Arceus|Extreme Speed|p1a: Masquerain\n|-damage|p1a: Masquerain|0 fnt\n|faint|p1a: Masquerain\n|\n|upkeep\n|\n|t:|1699840212\n|switch|p1a: Palafin|Palafin, M|100\/100\n|turn|7\n|\n|t:|1699840215\n|move|p1a: Palafin|Flip Turn|p2a: Arceus\n|-damage|p2a: Arceus|80\/100\n|\n|t:|1699840219\n|detailschange|p1a: Palafin|Palafin-Hero, M\n|switch|p1a: Gholdengo|Gholdengo|100\/100|[from] Flip Turn\n|move|p2a: Arceus|Gunk Shot|p1a: Gholdengo\n|-immune|p1a: Gholdengo\n|\n|upkeep\n|turn|8\n|\n|t:|1699840229\n|move|p1a: Gholdengo|Make It Rain|p2a: Arceus\n|-damage|p2a: Arceus|37\/100\n|-unboost|p1a: Gholdengo|spa|1\n|move|p2a: Arceus|Earthquake|p1a: Gholdengo\n|-supereffective|p1a: Gholdengo\n|-damage|p1a: Gholdengo|13\/100\n|\n|upkeep\n|turn|9\n|j| Adampadum\n|l| Adampadum\n|j| Adampadum\n|\n|t:|1699840243\n|-terastallize|p1a: Gholdengo|Fighting\n|move|p1a: Gholdengo|Make It Rain|p2a: Arceus\n|-damage|p2a: Arceus|7\/100\n|-unboost|p1a: Gholdengo|spa|1\n|move|p2a: Arceus|Earthquake|p1a: Gholdengo\n|-damage|p1a: Gholdengo|0 fnt\n|faint|p1a: Gholdengo\n|\n|upkeep\n|l| Adampadum\n|\n|t:|1699840252\n|switch|p1a: Palafin|Palafin-Hero, M|100\/100\n|-activate|p1a: Palafin|ability: Zero to Hero\n|turn|10\n|\n|t:|1699840257\n|move|p2a: Arceus|Extreme Speed|p1a: Palafin\n|-damage|p1a: Palafin|73\/100\n|move|p1a: Palafin|Jet Punch|p2a: Arceus\n|-damage|p2a: Arceus|0 fnt\n|faint|p2a: Arceus\n|\n|upkeep\n|\n|t:|1699840260\n|switch|p2a: Cyclizar|Cyclizar, F|100\/100 par\n|-activate|p2a: Cyclizar|move: Sticky Web\n|-unboost|p2a: Cyclizar|spe|1\n|turn|11\n|\n|t:|1699840265\n|move|p1a: Palafin|Jet Punch|p2a: Cyclizar\n|-resisted|p2a: Cyclizar\n|-damage|p2a: Cyclizar|48\/100 par\n|move|p2a: Cyclizar|Rapid Spin|p1a: Palafin\n|-damage|p1a: Palafin|59\/100\n|-boost|p2a: Cyclizar|spe|1\n|-sideend|p2: ItsmeBlankKnight|Sticky Web|[from] move: Rapid Spin|[of] p2a: Cyclizar\n|\n|upkeep\n|turn|12\n|\n|t:|1699840275\n|switch|p2a: Houndstone|Houndstone, M|100\/100\n|move|p1a: Palafin|Jet Punch|p2a: Houndstone\n|-damage|p2a: Houndstone|70\/100\n|\n|upkeep\n|turn|13\n|\n|t:|1699840284\n|switch|p1a: Chi-Yu|Chi-Yu|100\/100\n|-ability|p1a: Chi-Yu|Beads of Ruin\n|move|p2a: Houndstone|Last Respects|p1a: Chi-Yu\n|-resisted|p1a: Chi-Yu\n|-crit|p1a: Chi-Yu\n|-damage|p1a: Chi-Yu|9\/100\n|\n|upkeep\n|turn|14\n|\n|t:|1699840295\n|switch|p2a: Cyclizar|Cyclizar, F|81\/100 par\n|move|p1a: Chi-Yu|Dark Pulse|p2a: Cyclizar\n|-damage|p2a: Cyclizar|0 fnt\n|faint|p2a: Cyclizar\n|\n|upkeep\n|\n|t:|1699840301\n|switch|p2a: Houndstone|Houndstone, M|70\/100\n|turn|15\n|\n|t:|1699840303\n|move|p2a: Houndstone|Shadow Sneak|p1a: Chi-Yu\n|-resisted|p1a: Chi-Yu\n|-damage|p1a: Chi-Yu|0 fnt\n|faint|p1a: Chi-Yu\n|\n|upkeep\n|\n|t:|1699840310\n|switch|p1a: Arceus|Arceus-Ice|100\/100\n|turn|16\n|\n|t:|1699840314\n|switch|p2a: Regidrago|Regidrago|100\/100\n|move|p1a: Arceus|Calm Mind|p1a: Arceus\n|-boost|p1a: Arceus|spa|1\n|-boost|p1a: Arceus|spd|1\n|\n|upkeep\n|turn|17\n|\n|t:|1699840318\n|move|p2a: Regidrago|Dragon Energy|p1a: Arceus\n|-damage|p1a: Arceus|48\/100\n|move|p1a: Arceus|Judgment|p2a: Regidrago\n|-supereffective|p2a: Regidrago\n|-damage|p2a: Regidrago|0 fnt\n|faint|p2a: Regidrago\n|\n|upkeep\n|\n|t:|1699840324\n|switch|p2a: Chi-Yu|Chi-Yu|100\/100\n|-ability|p2a: Chi-Yu|Beads of Ruin\n|turn|18\n|\n|t:|1699840331\n|move|p1a: Arceus|Recover|p1a: Arceus\n|-heal|p1a: Arceus|98\/100\n|move|p2a: Chi-Yu|Flamethrower|p1a: Arceus\n|-supereffective|p1a: Arceus\n|-damage|p1a: Arceus|0 fnt\n|faint|p1a: Arceus\n|\n|upkeep\n|\n|t:|1699840336\n|switch|p1a: Palafin|Palafin-Hero, M|59\/100\n|turn|19\n|\n|t:|1699840338\n|move|p1a: Palafin|Jet Punch|p2a: Chi-Yu\n|-supereffective|p2a: Chi-Yu\n|-damage|p2a: Chi-Yu|0 fnt\n|faint|p2a: Chi-Yu\n|\n|upkeep\n|\n|t:|1699840340\n|switch|p2a: Houndstone|Houndstone, M|70\/100\n|turn|20\n|\n|t:|1699840344\n|move|p1a: Palafin|Jet Punch|p2a: Houndstone\n|-damage|p2a: Houndstone|40\/100\n|move|p2a: Houndstone|Last Respects|p1a: Palafin\n|-crit|p1a: Palafin\n|-damage|p1a: Palafin|0 fnt\n|faint|p1a: Palafin\n|\n|upkeep\n|\n|t:|1699840348\n|switch|p1a: Zamazenta|Zamazenta-Crowned|100\/100\n|-ability|p1a: Zamazenta|Dauntless Shield|boost\n|-boost|p1a: Zamazenta|def|1\n|turn|21\n|\n|t:|1699840354\n|switch|p2a: Espathra|Espathra, F|100\/100\n|move|p1a: Zamazenta|Crunch|p2a: Espathra\n|-supereffective|p2a: Espathra\n|-damage|p2a: Espathra|38\/100\n|\n|-heal|p2a: Espathra|44\/100|[from] item: Leftovers\n|upkeep\n|turn|22\n|\n|t:|1699840360\n|move|p2a: Espathra|Protect|p2a: Espathra\n|-singleturn|p2a: Espathra|Protect\n|move|p1a: Zamazenta|Crunch|p2a: Espathra\n|-activate|p2a: Espathra|move: Protect\n|\n|-heal|p2a: Espathra|50\/100|[from] item: Leftovers\n|-ability|p2a: Espathra|Speed Boost|boost\n|-boost|p2a: Espathra|spe|1\n|upkeep\n|turn|23\n|\n|t:|1699840363\n|move|p2a: Espathra|Substitute|p2a: Espathra\n|-start|p2a: Espathra|Substitute\n|-damage|p2a: Espathra|25\/100\n|move|p1a: Zamazenta|Crunch|p2a: Espathra\n|-supereffective|p2a: Espathra\n|-end|p2a: Espathra|Substitute\n|\n|-heal|p2a: Espathra|31\/100|[from] item: Leftovers\n|-ability|p2a: Espathra|Speed Boost|boost\n|-boost|p2a: Espathra|spe|1\n|upkeep\n|turn|24\n|\n|t:|1699840368\n|move|p2a: Espathra|Protect|p2a: Espathra\n|-singleturn|p2a: Espathra|Protect\n|move|p1a: Zamazenta|Crunch|p2a: Espathra\n|-activate|p2a: Espathra|move: Protect\n|\n|-heal|p2a: Espathra|37\/100|[from] item: Leftovers\n|-ability|p2a: Espathra|Speed Boost|boost\n|-boost|p2a: Espathra|spe|1\n|upkeep\n|turn|25\n|\n|t:|1699840370\n|move|p2a: Espathra|Substitute|p2a: Espathra\n|-start|p2a: Espathra|Substitute\n|-damage|p2a: Espathra|12\/100\n|move|p1a: Zamazenta|Crunch|p2a: Espathra\n|-supereffective|p2a: Espathra\n|-end|p2a: Espathra|Substitute\n|\n|-heal|p2a: Espathra|18\/100|[from] item: Leftovers\n|-ability|p2a: Espathra|Speed Boost|boost\n|-boost|p2a: Espathra|spe|1\n|upkeep\n|turn|26\n|\n|t:|1699840373\n|move|p2a: Espathra|Protect|p2a: Espathra\n|-singleturn|p2a: Espathra|Protect\n|move|p1a: Zamazenta|Crunch|p2a: Espathra\n|-activate|p2a: Espathra|move: Protect\n|\n|-heal|p2a: Espathra|24\/100|[from] item: Leftovers\n|-ability|p2a: Espathra|Speed Boost|boost\n|-boost|p2a: Espathra|spe|1\n|upkeep\n|turn|27\n|\n|t:|1699840377\n|-terastallize|p2a: Espathra|Psychic\n|move|p2a: Espathra|Stored Power|p1a: Zamazenta\n|-damage|p1a: Zamazenta|54\/100\n|move|p1a: Zamazenta|Crunch|p2a: Espathra\n|-supereffective|p2a: Espathra\n|-damage|p2a: Espathra|0 fnt\n|faint|p2a: Espathra\n|\n|upkeep\n|\n|t:|1699840380\n|switch|p2a: Houndstone|Houndstone, M|40\/100\n|turn|28\n|\n|t:|1699840386\n|move|p1a: Zamazenta|Crunch|p2a: Houndstone\n|-supereffective|p2a: Houndstone\n|-damage|p2a: Houndstone|19\/100\n|move|p2a: Houndstone|Last Respects|p1a: Zamazenta\n|-damage|p1a: Zamazenta|0 fnt\n|faint|p1a: Zamazenta\n|\n|win|ItsmeBlankKnight\n|c|\u2606ThePuzzler13|gg\n|c|\u2606ItsmeBlankKnight|gg\n","uploadtime":1699840399,"views":22,"p1id":"thepuzzler13","p2id":"itsmeblankknight","formatid":"gen9ubers","rating":0,"private":0,"password":""}