{"id":"gen9ubers-1998728627","p1":"ImATrollAtThisGame","p2":"shadow6702","format":"[Gen 9] Ubers","log":"|j|\u2606ImATrollAtThisGame\n|j|\u2606shadow6702\n|t:|1700978998\n|gametype|singles\n|player|p1|ImATrollAtThisGame|101|1126\n|player|p2|shadow6702|266|1148\n|teamsize|p1|6\n|teamsize|p2|6\n|gen|9\n|tier|[Gen 9] Ubers\n|rated|\n|rule|Sleep Clause Mod: Limit one foe put to sleep\n|rule|Species Clause: Limit one of each Pok\u00e9mon\n|rule|OHKO Clause: OHKO moves are banned\n|rule|Evasion Items Clause: Evasion items are banned\n|rule|Evasion Moves Clause: Evasion moves are banned\n|rule|Endless Battle Clause: Forcing endless battles is banned\n|rule|HP Percentage Mod: HP is shown in percentages\n|clearpoke\n|poke|p1|Tropius, M|\n|poke|p1|Gliscor, F|\n|poke|p1|Flutter Mane|\n|poke|p1|Zacian-*|\n|poke|p1|Calyrex-Ice|\n|poke|p1|Hatterene, F|\n|poke|p2|Zacian-*|\n|poke|p2|Flutter Mane|\n|poke|p2|Iron Bundle|\n|poke|p2|Ursaluna-Bloodmoon, M|\n|poke|p2|Ogerpon-Hearthflame, F|\n|poke|p2|Rayquaza|\n|teampreview\n|inactive|Battle timer is ON: inactive players will automatically lose when time's up. (requested by ImATrollAtThisGame)\n|\n|t:|1700979003\n|start\n|switch|p1a: Hatterene|Hatterene, F|100\/100\n|switch|p2a: Ogerpon|Ogerpon-Hearthflame, F|100\/100\n|-ability|p2a: Ogerpon|Mold Breaker\n|turn|1\n|\n|t:|1700979010\n|move|p2a: Ogerpon|Knock Off|p1a: Hatterene\n|-damage|p1a: Hatterene|60\/100\n|-enditem|p1a: Hatterene|Light Clay|[from] move: Knock Off|[of] p2a: Ogerpon\n|move|p1a: Hatterene|Trick Room|p1a: Hatterene\n|-fieldstart|move: Trick Room|[of] p1a: Hatterene\n|\n|upkeep\n|turn|2\n|\n|t:|1700979017\n|switch|p2a: Ursaluna|Ursaluna-Bloodmoon, M|100\/100\n|move|p1a: Hatterene|Reflect|p1a: Hatterene\n|-sidestart|p1: ImATrollAtThisGame|Reflect\n|\n|upkeep\n|turn|3\n|\n|t:|1700979025\n|move|p1a: Hatterene|Light Screen|p1a: Hatterene\n|-sidestart|p1: ImATrollAtThisGame|move: Light Screen\n|move|p2a: Ursaluna|Earthquake|p1a: Hatterene\n|-damage|p1a: Hatterene|45\/100\n|\n|upkeep\n|turn|4\n|\n|t:|1700979029\n|switch|p1a: Calyrex|Calyrex-Ice|100\/100\n|-ability|p1a: Calyrex|As One\n|-ability|p1a: Calyrex|Unnerve\n|move|p2a: Ursaluna|Blood Moon|p1a: Calyrex\n|-damage|p1a: Calyrex|75\/100\n|\n|upkeep\n|turn|5\n|\n|t:|1700979039\n|move|p1a: Calyrex|Glacial Lance|p2a: Ursaluna\n|-supereffective|p2a: Ursaluna\n|-damage|p2a: Ursaluna|0 fnt\n|faint|p2a: Ursaluna\n|-ability|p1a: Calyrex|Chilling Neigh|boost\n|-boost|p1a: Calyrex|atk|1\n|\n|-fieldend|move: Trick Room\n|upkeep\n|\n|t:|1700979050\n|switch|p2a: Ogerpon|Ogerpon-Hearthflame, F|100\/100\n|-ability|p2a: Ogerpon|Mold Breaker\n|turn|6\n|\n|t:|1700979055\n|move|p2a: Ogerpon|Ivy Cudgel|p1a: Calyrex|[anim] Ivy Cudgel Fire\n|-supereffective|p1a: Calyrex\n|-damage|p1a: Calyrex|41\/100\n|move|p1a: Calyrex|Trick Room|p1a: Calyrex\n|-fieldstart|move: Trick Room|[of] p1a: Calyrex\n|\n|-sideend|p1: ImATrollAtThisGame|Reflect\n|upkeep\n|turn|7\n|\n|t:|1700979062\n|move|p1a: Calyrex|Glacial Lance|p2a: Ogerpon\n|-damage|p2a: Ogerpon|0 fnt\n|faint|p2a: Ogerpon\n|-ability|p1a: Calyrex|Chilling Neigh|boost\n|-boost|p1a: Calyrex|atk|1\n|\n|-sideend|p1: ImATrollAtThisGame|move: Light Screen\n|upkeep\n|\n|t:|1700979076\n|switch|p2a: Rayquaza|Rayquaza, shiny|100\/100\n|-ability|p2a: Rayquaza|Air Lock\n|turn|8\n|\n|t:|1700979083\n|-terastallize|p2a: Rayquaza|Normal\n|move|p1a: Calyrex|Glacial Lance|p2a: Rayquaza\n|-damage|p2a: Rayquaza|0 fnt\n|faint|p2a: Rayquaza\n|-ability|p1a: Calyrex|Chilling Neigh|boost\n|-boost|p1a: Calyrex|atk|1\n|\n|upkeep\n|\n|t:|1700979091\n|switch|p2a: Iron Bundle|Iron Bundle|100\/100\n|turn|9\n|\n|t:|1700979095\n|move|p1a: Calyrex|Close Combat|p2a: Iron Bundle\n|-supereffective|p2a: Iron Bundle\n|-damage|p2a: Iron Bundle|0 fnt\n|-unboost|p1a: Calyrex|def|1\n|-unboost|p1a: Calyrex|spd|1\n|faint|p2a: Iron Bundle\n|-end|p2a: Iron Bundle|Quark Drive|[silent]\n|-ability|p1a: Calyrex|Chilling Neigh|boost\n|-boost|p1a: Calyrex|atk|1\n|\n|upkeep\n|\n|t:|1700979103\n|switch|p2a: Zacian|Zacian-Crowned|100\/100\n|-ability|p2a: Zacian|Intrepid Sword|boost\n|-boost|p2a: Zacian|atk|1\n|turn|10\n|\n|t:|1700979112\n|move|p1a: Calyrex|Close Combat|p2a: Zacian\n|-damage|p2a: Zacian|0 fnt\n|-unboost|p1a: Calyrex|def|1\n|-unboost|p1a: Calyrex|spd|1\n|faint|p2a: Zacian\n|-ability|p1a: Calyrex|Chilling Neigh|boost\n|-boost|p1a: Calyrex|atk|1\n|\n|-fieldend|move: Trick Room\n|upkeep\n|c|\u2606shadow6702|NO SKILL\n|-message|shadow6702 forfeited.\n|\n|win|ImATrollAtThisGame\n|raw|ImATrollAtThisGame's rating: 1126 &rarr; <strong>1153<\/strong><br \/>(+27 for winning)\n|raw|shadow6702's rating: 1148 &rarr; <strong>1121<\/strong><br \/>(-27 for losing)\n|l|\u2606shadow6702\n|c|\u2606ImATrollAtThisGame|:p;\n|c|\u2606ImATrollAtThisGame|mad\n","uploadtime":1700979138,"views":2,"p1id":"imatrollatthisgame","p2id":"shadow6702","formatid":"gen9ubers","rating":1121,"private":0,"password":""}