{"id":"gen9ubers-1982900428","p1":"Sydonnie","p2":"uubers account","format":"[Gen 9] Ubers","log":"|j|\u2606Sydonnie\n|j|\u2606uubers account\n|t:|1699056517\n|gametype|singles\n|player|p1|Sydonnie|102|1279\n|player|p2|uubers account|170|1438\n|teamsize|p1|6\n|teamsize|p2|6\n|gen|9\n|tier|[Gen 9] Ubers\n|rated|\n|rule|Sleep Clause Mod: Limit one foe put to sleep\n|rule|Species Clause: Limit one of each Pok\u00e9mon\n|rule|OHKO Clause: OHKO moves are banned\n|rule|Evasion Items Clause: Evasion items are banned\n|rule|Evasion Moves Clause: Evasion moves are banned\n|rule|Endless Battle Clause: Forcing endless battles is banned\n|rule|HP Percentage Mod: HP is shown in percentages\n|clearpoke\n|poke|p1|Iron Bundle|\n|poke|p1|Giratina-Origin|\n|poke|p1|Zacian-*|\n|poke|p1|Miraidon|\n|poke|p1|Roaring Moon|\n|poke|p1|Annihilape, M|\n|poke|p2|Miraidon|\n|poke|p2|Koraidon|\n|poke|p2|Skeledirge, M|\n|poke|p2|Giratina-Origin|\n|poke|p2|Arceus-Fairy|\n|poke|p2|Kingambit, M|\n|teampreview\n|l|\u2606Sydonnie\n|player|p1|\n|inactive|Battle timer is ON: inactive players will automatically lose when time's up. (requested by uubers account)\n|j|\u2606Sydonnie\n|inactive|Sydonnie reconnected and has 140 seconds left.\n|player|p1|Sydonnie|102\n|\n|t:|1699056575\n|start\n|switch|p1a: Annihilape|Annihilape, M|100\/100\n|switch|p2a: Miraidon|Miraidon|100\/100\n|-fieldstart|move: Electric Terrain|[from] ability: Hadron Engine|[of] p2a: Miraidon\n|turn|1\n|\n|t:|1699056586\n|move|p2a: Miraidon|Electro Drift|p1a: Annihilape\n|-damage|p1a: Annihilape|0 fnt\n|faint|p1a: Annihilape\n|\n|upkeep\n|\n|t:|1699056592\n|switch|p1a: Roaring Moon|Roaring Moon|100\/100\n|turn|2\n|\n|t:|1699056604\n|switch|p2a: Arceus|Arceus-Fairy|100\/100\n|move|p1a: Roaring Moon|Dragon Dance|p1a: Roaring Moon\n|-boost|p1a: Roaring Moon|atk|1\n|-boost|p1a: Roaring Moon|spe|1\n|\n|upkeep\n|turn|3\n|\n|t:|1699056612\n|move|p1a: Roaring Moon|Earthquake|p2a: Arceus\n|-damage|p2a: Arceus|62\/100\n|move|p2a: Arceus|Judgment|p1a: Roaring Moon\n|-supereffective|p1a: Roaring Moon\n|-enditem|p1a: Roaring Moon|Focus Sash\n|-damage|p1a: Roaring Moon|1\/100\n|\n|upkeep\n|turn|4\n|\n|t:|1699056617\n|move|p1a: Roaring Moon|Knock Off|p2a: Arceus\n|-resisted|p2a: Arceus\n|-damage|p2a: Arceus|46\/100\n|move|p2a: Arceus|Judgment|p1a: Roaring Moon\n|-supereffective|p1a: Roaring Moon\n|-damage|p1a: Roaring Moon|0 fnt\n|faint|p1a: Roaring Moon\n|-end|p1a: Roaring Moon|Protosynthesis|[silent]\n|\n|upkeep\n|\n|t:|1699056626\n|switch|p1a: Miraidon|Miraidon|100\/100\n|-activate|p1a: Miraidon|ability: Hadron Engine\n|turn|5\n|\n|t:|1699056638\n|switch|p2a: Giratina|Giratina-Origin|100\/100\n|move|p1a: Miraidon|Volt Switch|p2a: Giratina\n|-resisted|p2a: Giratina\n|-damage|p2a: Giratina|81\/100\n|\n|t:|1699056642\n|switch|p1a: Zacian|Zacian-Crowned|100\/100|[from] Volt Switch\n|-ability|p1a: Zacian|Intrepid Sword|boost\n|-boost|p1a: Zacian|atk|1\n|\n|-fieldend|move: Electric Terrain\n|upkeep\n|turn|6\n|\n|t:|1699056652\n|switch|p2a: Skeledirge|Skeledirge, M|100\/100\n|move|p1a: Zacian|Play Rough|p2a: Skeledirge\n|-resisted|p2a: Skeledirge\n|-damage|p2a: Skeledirge|85\/100\n|\n|upkeep\n|turn|7\n|\n|t:|1699056665\n|switch|p1a: Giratina|Giratina-Origin|100\/100\n|move|p2a: Skeledirge|Will-O-Wisp|p1a: Giratina\n|-status|p1a: Giratina|brn\n|\n|-damage|p1a: Giratina|94\/100 brn|[from] brn\n|upkeep\n|turn|8\n|\n|t:|1699056673\n|move|p1a: Giratina|Earth Power|p2a: Skeledirge\n|-supereffective|p2a: Skeledirge\n|-damage|p2a: Skeledirge|31\/100\n|move|p2a: Skeledirge|Hex|p1a: Giratina\n|-supereffective|p1a: Giratina\n|-damage|p1a: Giratina|45\/100 brn\n|\n|-damage|p1a: Giratina|39\/100 brn|[from] brn\n|upkeep\n|turn|9\n|\n|t:|1699056682\n|switch|p2a: Giratina|Giratina-Origin|81\/100\n|move|p1a: Giratina|Shadow Ball|p2a: Giratina\n|-supereffective|p2a: Giratina\n|-damage|p2a: Giratina|27\/100\n|-unboost|p2a: Giratina|spd|1\n|\n|-damage|p1a: Giratina|33\/100 brn|[from] brn\n|upkeep\n|turn|10\n|\n|t:|1699056684\n|move|p2a: Giratina|Hex|p1a: Giratina\n|-supereffective|p1a: Giratina\n|-damage|p1a: Giratina|0 fnt\n|faint|p1a: Giratina\n|\n|upkeep\n|\n|t:|1699056687\n|switch|p1a: Iron Bundle|Iron Bundle|100\/100\n|turn|11\n|\n|t:|1699056690\n|move|p1a: Iron Bundle|Freeze-Dry|p2a: Giratina\n|-supereffective|p2a: Giratina\n|-damage|p2a: Giratina|0 fnt\n|faint|p2a: Giratina\n|\n|upkeep\n|\n|t:|1699056695\n|switch|p2a: Miraidon|Miraidon|100\/100\n|-fieldstart|move: Electric Terrain|[from] ability: Hadron Engine|[of] p2a: Miraidon\n|-activate|p1a: Iron Bundle|ability: Quark Drive\n|-start|p1a: Iron Bundle|quarkdrivespe\n|turn|12\n|\n|t:|1699056704\n|move|p1a: Iron Bundle|Freeze-Dry|p2a: Miraidon\n|-supereffective|p2a: Miraidon\n|-damage|p2a: Miraidon|32\/100\n|move|p2a: Miraidon|Overheat|p1a: Iron Bundle\n|-enditem|p1a: Iron Bundle|Focus Sash\n|-damage|p1a: Iron Bundle|1\/100\n|-unboost|p2a: Miraidon|spa|2\n|\n|upkeep\n|turn|13\n|\n|t:|1699056718\n|switch|p2a: Arceus|Arceus-Fairy|46\/100\n|move|p1a: Iron Bundle|Freeze-Dry|p2a: Arceus\n|-damage|p2a: Arceus|24\/100\n|-status|p2a: Arceus|frz\n|\n|upkeep\n|turn|14\n|\n|t:|1699056726\n|move|p1a: Iron Bundle|Hydro Pump|p2a: Arceus\n|-damage|p2a: Arceus|0 fnt\n|faint|p2a: Arceus\n|\n|upkeep\n|j| Zed The Bed\n|\n|t:|1699056744\n|switch|p2a: Kingambit|Kingambit, M|100\/100\n|-activate|p2a: Kingambit|ability: Supreme Overlord\n|-start|p2a: Kingambit|fallen2|[silent]\n|turn|15\n|\n|t:|1699056751\n|move|p1a: Iron Bundle|Taunt|p2a: Kingambit\n|-start|p2a: Kingambit|move: Taunt\n|cant|p2a: Kingambit|move: Taunt|Swords Dance\n|\n|upkeep\n|turn|16\n|\n|t:|1699056759\n|move|p2a: Kingambit|Sucker Punch||[still]\n|-fail|p2a: Kingambit\n|move|p1a: Iron Bundle|Encore|p2a: Kingambit\n|-start|p2a: Kingambit|Encore\n|\n|-fieldend|move: Electric Terrain\n|-end|p1a: Iron Bundle|Quark Drive\n|upkeep\n|turn|17\n|\n|t:|1699056792\n|-end|p2a: Kingambit|fallen2|[silent]\n|switch|p2a: Skeledirge|Skeledirge, M|31\/100\n|move|p1a: Iron Bundle|Taunt|p2a: Skeledirge\n|-start|p2a: Skeledirge|move: Taunt\n|\n|upkeep\n|turn|18\n|\n|t:|1699056798\n|move|p1a: Iron Bundle|Hydro Pump|p2a: Skeledirge\n|-supereffective|p2a: Skeledirge\n|-damage|p2a: Skeledirge|0 fnt\n|faint|p2a: Skeledirge\n|\n|upkeep\n|\n|t:|1699056808\n|switch|p2a: Kingambit|Kingambit, M|100\/100\n|-activate|p2a: Kingambit|ability: Supreme Overlord\n|-start|p2a: Kingambit|fallen3|[silent]\n|turn|19\n|\n|t:|1699056813\n|move|p1a: Iron Bundle|Hydro Pump|p2a: Kingambit\n|-damage|p2a: Kingambit|45\/100\n|move|p2a: Kingambit|Iron Head|p1a: Iron Bundle\n|-damage|p1a: Iron Bundle|0 fnt\n|faint|p1a: Iron Bundle\n|-end|p1a: Iron Bundle|Quark Drive|[silent]\n|\n|upkeep\n|\n|t:|1699056823\n|switch|p1a: Miraidon|Miraidon|100\/100\n|-fieldstart|move: Electric Terrain|[from] ability: Hadron Engine|[of] p1a: Miraidon\n|turn|20\n|c|\u2606uubers account|nice reads\n|\n|t:|1699056836\n|-end|p2a: Kingambit|fallen3|[silent]\n|switch|p2a: Koraidon|Koraidon|100\/100\n|-weather|SunnyDay|[from] ability: Orichalcum Pulse|[of] p2a: Koraidon\n|-activate|p2a: Koraidon|Orichalcum Pulse|[source]\n|move|p1a: Miraidon|Volt Switch|p2a: Koraidon\n|-resisted|p2a: Koraidon\n|-damage|p2a: Koraidon|69\/100\n|\n|t:|1699056843\n|switch|p1a: Zacian|Zacian-Crowned|100\/100|[from] Volt Switch\n|\n|-weather|SunnyDay|[upkeep]\n|upkeep\n|turn|21\n|j| Akro Agency\n|inactive|uubers account has 120 seconds left.\n|\n|t:|1699056877\n|-terastallize|p2a: Koraidon|Fire\n|move|p1a: Zacian|Play Rough|p2a: Koraidon\n|-resisted|p2a: Koraidon\n|-damage|p2a: Koraidon|47\/100\n|move|p2a: Koraidon|Flare Blitz|p1a: Zacian\n|-supereffective|p1a: Zacian\n|-damage|p1a: Zacian|0 fnt\n|faint|p1a: Zacian\n|-damage|p2a: Koraidon|16\/100|[from] Recoil\n|\n|-weather|SunnyDay|[upkeep]\n|upkeep\n|\n|t:|1699056889\n|switch|p1a: Miraidon|Miraidon|100\/100\n|-activate|p1a: Miraidon|ability: Hadron Engine\n|turn|22\n|\n|t:|1699056894\n|-terastallize|p1a: Miraidon|Electric\n|move|p1a: Miraidon|Electro Drift|p2a: Koraidon\n|-damage|p2a: Koraidon|0 fnt\n|faint|p2a: Koraidon\n|\n|-weather|SunnyDay|[upkeep]\n|upkeep\n|\n|t:|1699056898\n|switch|p2a: Miraidon|Miraidon|32\/100\n|-activate|p2a: Miraidon|ability: Hadron Engine\n|turn|23\n|\n|t:|1699056910\n|move|p2a: Miraidon|Electro Drift|p1a: Miraidon\n|-resisted|p1a: Miraidon\n|-damage|p1a: Miraidon|56\/100\n|move|p1a: Miraidon|Electro Drift|p2a: Miraidon\n|-resisted|p2a: Miraidon\n|-damage|p2a: Miraidon|6\/100\n|\n|-weather|SunnyDay|[upkeep]\n|upkeep\n|turn|24\n|\n|t:|1699056914\n|move|p2a: Miraidon|Electro Drift|p1a: Miraidon\n|-resisted|p1a: Miraidon\n|-damage|p1a: Miraidon|15\/100\n|move|p1a: Miraidon|Electro Drift|p2a: Miraidon\n|-resisted|p2a: Miraidon\n|-damage|p2a: Miraidon|0 fnt\n|faint|p2a: Miraidon\n|\n|-weather|none\n|-fieldend|move: Electric Terrain\n|upkeep\n|c|\u2606uubers account|gg\n|\n|t:|1699056919\n|switch|p2a: Kingambit|Kingambit, M|45\/100\n|-activate|p2a: Kingambit|ability: Supreme Overlord\n|-start|p2a: Kingambit|fallen5|[silent]\n|turn|25\n|l|\u2606Sydonnie\n|inactive|Sydonnie disconnected and has a minute to reconnect!\n|player|p1|\n|inactive|Sydonnie has 30 seconds to reconnect!\n|j|\u2606Sydonnie\n|inactive|Sydonnie reconnected and has 90 seconds left.\n|player|p1|Sydonnie|102\n|\n|t:|1699056984\n|move|p2a: Kingambit|Sucker Punch|p1a: Miraidon\n|-damage|p1a: Miraidon|0 fnt\n|faint|p1a: Miraidon\n|\n|win|uubers account\n|raw|Sydonnie's rating: 1279 &rarr; <strong>1265<\/strong><br \/>(-14 for losing)\n|raw|uubers account's rating: 1438 &rarr; <strong>1449<\/strong><br \/>(+11 for winning)\n","uploadtime":1699056991,"views":7,"p1id":"sydonnie","p2id":"uubersaccount","formatid":"gen9ubers","rating":1265,"private":0,"password":""}