{"id":"gen9ubers-1998257403","p1":"Rei_darkness","p2":"sweepy boi","format":"[Gen 9] Ubers","log":"|j|\u2606Rei_darkness\n|j|\u2606sweepy boi\n|t:|1700920890\n|gametype|singles\n|player|p1|Rei_darkness|drayden|\n|player|p2|sweepy boi|skyla|\n|teamsize|p1|6\n|teamsize|p2|6\n|gen|9\n|tier|[Gen 9] Ubers\n|rule|Sleep Clause Mod: Limit one foe put to sleep\n|rule|Species Clause: Limit one of each Pok\u00e9mon\n|rule|OHKO Clause: OHKO moves are banned\n|rule|Evasion Items Clause: Evasion items are banned\n|rule|Evasion Moves Clause: Evasion moves are banned\n|rule|Endless Battle Clause: Forcing endless battles is banned\n|rule|HP Percentage Mod: HP is shown in percentages\n|clearpoke\n|poke|p1|Slowbro-Galar, F|\n|poke|p1|Weezing-Galar, F|\n|poke|p1|Calyrex-Ice|\n|poke|p1|Victreebel, F|\n|poke|p1|Scovillain, F|\n|poke|p1|Koraidon|\n|poke|p2|Veluza, F|\n|poke|p2|Slowking-Galar, M|\n|poke|p2|Eelektross, M|\n|poke|p2|Glimmora, M|\n|poke|p2|Koraidon|\n|poke|p2|Lucario, M|\n|teampreview\n|c|\u2606sweepy boi|1st time with this team\n|c|\u2606sweepy boi|glhf\n|\n|t:|1700920920\n|start\n|switch|p1a: actualboxleg|Koraidon|100\/100\n|switch|p2a: Glimmora|Glimmora, M|100\/100\n|-weather|SunnyDay|[from] ability: Orichalcum Pulse|[of] p1a: actualboxleg\n|-activate|p1a: actualboxleg|Orichalcum Pulse|[source]\n|turn|1\n|\n|t:|1700920940\n|move|p1a: actualboxleg|Taunt|p2a: Glimmora\n|-start|p2a: Glimmora|move: Taunt\n|cant|p2a: Glimmora|move: Taunt|Stealth Rock\n|\n|-weather|SunnyDay|[upkeep]\n|upkeep\n|turn|2\n|\n|t:|1700920958\n|switch|p2a: Eelektross|Eelektross, M|100\/100\n|move|p1a: actualboxleg|Fire Spin|p2a: Eelektross\n|-damage|p2a: Eelektross|93\/100\n|-activate|p2a: Eelektross|move: Fire Spin|[of] p1a: actualboxleg\n|\n|-weather|SunnyDay|[upkeep]\n|-damage|p2a: Eelektross|80\/100|[from] move: Fire Spin|[partiallytrapped]\n|upkeep\n|turn|3\n|c|\u2606Rei_darkness|hate this av wearing pos\n|\n|t:|1700920976\n|move|p1a: actualboxleg|Solar Beam||[still]\n|-prepare|p1a: actualboxleg|Solar Beam\n|-anim|p1a: actualboxleg|Solar Beam|p2a: Eelektross\n|-damage|p2a: Eelektross|63\/100\n|move|p2a: Eelektross|Volt Switch|p1a: actualboxleg\n|-resisted|p1a: actualboxleg\n|-damage|p1a: actualboxleg|88\/100\n|\n|t:|1700920991\n|switch|p2a: Koraidon|Koraidon|100\/100|[from] Volt Switch\n|-activate|p2a: Koraidon|ability: Orichalcum Pulse\n|\n|-weather|SunnyDay|[upkeep]\n|upkeep\n|turn|4\n|\n|t:|1700921009\n|switch|p1a: Weezing|Weezing-Galar, F|100\/100\n|-terastallize|p2a: Koraidon|Fire\n|move|p2a: Koraidon|Draco Meteor|p1a: Weezing\n|-immune|p1a: Weezing\n|\n|-weather|SunnyDay|[upkeep]\n|upkeep\n|turn|5\n|\n|t:|1700921040\n|switch|p1a: Thanks for snow|Calyrex-Ice|100\/100\n|-ability|p1a: Thanks for snow|As One\n|-ability|p1a: Thanks for snow|Unnerve\n|move|p2a: Koraidon|Overheat|p1a: Thanks for snow|[miss]\n|-miss|p2a: Koraidon|p1a: Thanks for snow\n|\n|-weather|SunnyDay|[upkeep]\n|upkeep\n|turn|6\n|\n|t:|1700921050\n|-terastallize|p1a: Thanks for snow|Fairy\n|move|p2a: Koraidon|Overheat|p1a: Thanks for snow\n|-damage|p1a: Thanks for snow|58\/100\n|-unboost|p2a: Koraidon|spa|2\n|-enditem|p2a: Koraidon|Eject Pack\n|\n|t:|1700921071\n|switch|p2a: Glimmora|Glimmora, M|100\/100\n|move|p1a: Thanks for snow|Calm Mind|p1a: Thanks for snow\n|-boost|p1a: Thanks for snow|spa|1\n|-boost|p1a: Thanks for snow|spd|1\n|\n|-weather|SunnyDay|[upkeep]\n|upkeep\n|turn|7\n|\n|t:|1700921080\n|move|p2a: Glimmora|Mortal Spin|p1a: Thanks for snow\n|-supereffective|p1a: Thanks for snow\n|-crit|p1a: Thanks for snow\n|-damage|p1a: Thanks for snow|46\/100\n|-status|p1a: Thanks for snow|psn\n|move|p1a: Thanks for snow|Calm Mind|p1a: Thanks for snow\n|-boost|p1a: Thanks for snow|spa|1\n|-boost|p1a: Thanks for snow|spd|1\n|\n|-weather|SunnyDay|[upkeep]\n|-damage|p1a: Thanks for snow|34\/100 psn|[from] psn\n|upkeep\n|turn|8\n|\n|t:|1700921090\n|move|p2a: Glimmora|Stealth Rock|p1a: Thanks for snow\n|-sidestart|p1: Rei_darkness|move: Stealth Rock\n|move|p1a: Thanks for snow|Rest|p1a: Thanks for snow\n|-status|p1a: Thanks for snow|slp|[from] move: Rest\n|-heal|p1a: Thanks for snow|100\/100 slp|[silent]\n|-enditem|p1a: Thanks for snow|Chesto Berry|[eat]\n|-curestatus|p1a: Thanks for snow|slp|[msg]\n|\n|-weather|none\n|upkeep\n|turn|9\n|\n|t:|1700921098\n|move|p2a: Glimmora|Mortal Spin|p1a: Thanks for snow\n|-supereffective|p1a: Thanks for snow\n|-damage|p1a: Thanks for snow|92\/100\n|-status|p1a: Thanks for snow|psn\n|move|p1a: Thanks for snow|Stored Power|p2a: Glimmora\n|-supereffective|p2a: Glimmora\n|-enditem|p2a: Glimmora|Focus Sash\n|-damage|p2a: Glimmora|1\/100\n|\n|-damage|p1a: Thanks for snow|79\/100 psn|[from] psn\n|upkeep\n|turn|10\n|\n|t:|1700921105\n|move|p2a: Glimmora|Explosion|p1a: Thanks for snow\n|-damage|p1a: Thanks for snow|60\/100 psn\n|faint|p2a: Glimmora\n|move|p1a: Thanks for snow|Draining Kiss|p2: Glimmora|[notarget]\n|-fail|p1a: Thanks for snow\n|\n|-damage|p1a: Thanks for snow|47\/100 psn|[from] psn\n|upkeep\n|\n|t:|1700921136\n|switch|p2a: Veluza|Veluza, F|100\/100\n|-ability|p2a: Veluza|Mold Breaker\n|turn|11\n|\n|t:|1700921138\n|move|p2a: Veluza|Substitute|p2a: Veluza\n|-start|p2a: Veluza|Substitute\n|-damage|p2a: Veluza|76\/100\n|move|p1a: Thanks for snow|Draining Kiss|p2a: Veluza\n|-end|p2a: Veluza|Substitute\n|-heal|p1a: Thanks for snow|62\/100 psn|[from] drain|[of] p2a: Veluza\n|\n|-damage|p1a: Thanks for snow|50\/100 psn|[from] psn\n|upkeep\n|turn|12\n|\n|t:|1700921143\n|move|p2a: Veluza|Fillet Away|p2a: Veluza\n|-boost|p2a: Veluza|atk|2\n|-boost|p2a: Veluza|spa|2\n|-boost|p2a: Veluza|spe|2\n|-damage|p2a: Veluza|26\/100\n|move|p1a: Thanks for snow|Draining Kiss|p2a: Veluza\n|-damage|p2a: Veluza|0 fnt\n|-heal|p1a: Thanks for snow|65\/100 psn|[from] drain|[of] p2a: Veluza\n|faint|p2a: Veluza\n|-ability|p1a: Thanks for snow|Chilling Neigh|boost\n|-boost|p1a: Thanks for snow|atk|1\n|\n|-damage|p1a: Thanks for snow|52\/100 psn|[from] psn\n|upkeep\n|\n|t:|1700921161\n|switch|p2a: Eelektross|Eelektross, M|63\/100\n|turn|13\n|\n|t:|1700921165\n|move|p1a: Thanks for snow|Draining Kiss|p2a: Eelektross\n|-damage|p2a: Eelektross|46\/100\n|-heal|p1a: Thanks for snow|64\/100 psn|[from] drain|[of] p2a: Eelektross\n|move|p2a: Eelektross|Volt Switch|p1a: Thanks for snow\n|-damage|p1a: Thanks for snow|58\/100 psn\n|\n|t:|1700921170\n|switch|p2a: Lucario|Lucario, M|100\/100|[from] Volt Switch\n|\n|-damage|p1a: Thanks for snow|46\/100 psn|[from] psn\n|upkeep\n|turn|14\n|\n|t:|1700921176\n|move|p2a: Lucario|Rock Slide|p1a: Thanks for snow|[miss]\n|-miss|p2a: Lucario|p1a: Thanks for snow\n|move|p1a: Thanks for snow|Stored Power|p2a: Lucario\n|-damage|p2a: Lucario|0 fnt\n|faint|p2a: Lucario\n|-ability|p1a: Thanks for snow|Chilling Neigh|boost\n|-boost|p1a: Thanks for snow|atk|1\n|\n|-damage|p1a: Thanks for snow|33\/100 psn|[from] psn\n|upkeep\n|\n|t:|1700921183\n|switch|p2a: Eelektross|Eelektross, M|46\/100\n|turn|15\n|\n|t:|1700921188\n|move|p2a: Eelektross|Thunderbolt|p1a: Thanks for snow\n|-damage|p1a: Thanks for snow|25\/100 psn\n|move|p1a: Thanks for snow|Draining Kiss|p2a: Eelektross\n|-damage|p2a: Eelektross|26\/100\n|-heal|p1a: Thanks for snow|39\/100 psn|[from] drain|[of] p2a: Eelektross\n|\n|-damage|p1a: Thanks for snow|26\/100 psn|[from] psn\n|upkeep\n|turn|16\n|\n|t:|1700921194\n|move|p1a: Thanks for snow|Draining Kiss|p2a: Eelektross\n|-damage|p2a: Eelektross|8\/100\n|-heal|p1a: Thanks for snow|39\/100 psn|[from] drain|[of] p2a: Eelektross\n|move|p2a: Eelektross|Thunderbolt|p1a: Thanks for snow\n|-damage|p1a: Thanks for snow|31\/100 psn\n|\n|-damage|p1a: Thanks for snow|19\/100 psn|[from] psn\n|upkeep\n|turn|17\n|c|\u2606Rei_darkness|i am no longer horsing around\n|\n|t:|1700921201\n|move|p1a: Thanks for snow|Draining Kiss|p2a: Eelektross\n|-damage|p2a: Eelektross|0 fnt\n|-heal|p1a: Thanks for snow|24\/100 psn|[from] drain|[of] p2a: Eelektross\n|faint|p2a: Eelektross\n|-ability|p1a: Thanks for snow|Chilling Neigh|boost\n|-boost|p1a: Thanks for snow|atk|1\n|\n|-damage|p1a: Thanks for snow|11\/100 psn|[from] psn\n|upkeep\n|\n|t:|1700921206\n|switch|p2a: Koraidon|Koraidon, tera:Fire|100\/100\n|-weather|SunnyDay|[from] ability: Orichalcum Pulse|[of] p2a: Koraidon\n|-activate|p2a: Koraidon|Orichalcum Pulse|[source]\n|turn|18\n|c|\u2606Rei_darkness|it's time to get stable\n|\n|t:|1700921216\n|move|p2a: Koraidon|Flamethrower|p1a: Thanks for snow\n|-damage|p1a: Thanks for snow|0 fnt\n|faint|p1a: Thanks for snow\n|\n|-weather|SunnyDay|[upkeep]\n|upkeep\n|\n|t:|1700921226\n|switch|p1a: Weezing|Weezing-Galar, F|100\/100\n|-damage|p1a: Weezing|88\/100|[from] Stealth Rock\n|turn|19\n|\n|t:|1700921244\n|move|p2a: Koraidon|Flamethrower|p1a: Weezing\n|-damage|p1a: Weezing|13\/100\n|move|p1a: Weezing|Pain Split|p2a: Koraidon\n|-sethp|p2a: Koraidon|56\/100|[from] move: Pain Split|[silent]\n|-sethp|p1a: Weezing|58\/100|[from] move: Pain Split\n|\n|-weather|SunnyDay|[upkeep]\n|-heal|p1a: Weezing|64\/100|[from] item: Leftovers\n|upkeep\n|turn|20\n|\n|t:|1700921251\n|switch|p1a: actualboxleg|Koraidon|88\/100\n|-damage|p1a: actualboxleg|82\/100|[from] Stealth Rock\n|-activate|p1a: actualboxleg|ability: Orichalcum Pulse\n|move|p2a: Koraidon|Flamethrower|p1a: actualboxleg\n|-resisted|p1a: actualboxleg\n|-damage|p1a: actualboxleg|56\/100\n|-status|p1a: actualboxleg|brn\n|\n|-weather|SunnyDay|[upkeep]\n|-damage|p1a: actualboxleg|49\/100 brn|[from] brn\n|upkeep\n|turn|21\n|\n|t:|1700921260\n|switch|p2a: Slowking|Slowking-Galar, M|100\/100\n|move|p1a: actualboxleg|Draco Meteor|p2a: Slowking\n|-damage|p2a: Slowking|60\/100\n|-unboost|p1a: actualboxleg|spa|2\n|\n|-weather|SunnyDay|[upkeep]\n|-damage|p1a: actualboxleg|43\/100 brn|[from] brn\n|upkeep\n|turn|22\n|\n|t:|1700921269\n|switch|p2a: Koraidon|Koraidon, tera:Fire|56\/100\n|-activate|p2a: Koraidon|ability: Orichalcum Pulse\n|move|p1a: actualboxleg|Taunt|p2a: Koraidon\n|-start|p2a: Koraidon|move: Taunt\n|\n|-weather|none\n|-damage|p1a: actualboxleg|37\/100 brn|[from] brn\n|upkeep\n|turn|23\n|\n|t:|1700921277\n|switch|p2a: Slowking|Slowking-Galar, M|60\/100\n|move|p1a: actualboxleg|Draco Meteor|p2a: Slowking|[miss]\n|-miss|p1a: actualboxleg|p2a: Slowking\n|\n|-damage|p1a: actualboxleg|31\/100 brn|[from] brn\n|upkeep\n|turn|24\n|c|\u2606sweepy boi|Bruh\n|c|\u2606sweepy boi|Curious medicine moment\n|\n|t:|1700921305\n|move|p1a: actualboxleg|Fire Spin|p2a: Slowking\n|-damage|p2a: Slowking|56\/100\n|-activate|p2a: Slowking|move: Fire Spin|[of] p1a: actualboxleg\n|move|p2a: Slowking|Chilly Reception|p2a: Slowking\n|-weather|Snow\n|\n|t:|1700921307\n|switch|p2a: Koraidon|Koraidon, tera:Fire|56\/100|[from] Chilly Reception\n|-weather|SunnyDay|[from] ability: Orichalcum Pulse|[of] p2a: Koraidon\n|-activate|p2a: Koraidon|Orichalcum Pulse|[source]\n|\n|-weather|SunnyDay|[upkeep]\n|-damage|p1a: actualboxleg|25\/100 brn|[from] brn\n|upkeep\n|turn|25\n|\n|t:|1700921317\n|move|p2a: Koraidon|Flamethrower|p1a: actualboxleg\n|-resisted|p1a: actualboxleg\n|-damage|p1a: actualboxleg|0 fnt\n|faint|p1a: actualboxleg\n|\n|-weather|SunnyDay|[upkeep]\n|upkeep\n|\n|t:|1700921332\n|switch|p1a: gen1shitmon|Victreebel, F|100\/100\n|-damage|p1a: gen1shitmon|88\/100|[from] Stealth Rock\n|turn|26\n|\n|t:|1700921338\n|move|p1a: gen1shitmon|Sludge Bomb|p2a: Koraidon\n|-damage|p2a: Koraidon|10\/100\n|-status|p2a: Koraidon|psn\n|move|p2a: Koraidon|Flamethrower|p1a: gen1shitmon\n|-supereffective|p1a: gen1shitmon\n|-damage|p1a: gen1shitmon|0 fnt\n|faint|p1a: gen1shitmon\n|\n|-weather|SunnyDay|[upkeep]\n|-damage|p2a: Koraidon|0 fnt|[from] psn\n|faint|p2a: Koraidon\n|upkeep\n|\n|t:|1700921346\n|switch|p2a: Slowking|Slowking-Galar, M|56\/100\n|switch|p1a: Cowgurl|Slowbro-Galar, F|100\/100\n|-damage|p1a: Cowgurl|88\/100|[from] Stealth Rock\n|turn|27\n|\n|t:|1700921351\n|move|p2a: Slowking|Foul Play|p1a: Cowgurl\n|-supereffective|p1a: Cowgurl\n|-damage|p1a: Cowgurl|60\/100\n|move|p1a: Cowgurl|Nasty Plot|p1a: Cowgurl\n|-boost|p1a: Cowgurl|spa|2\n|\n|-weather|SunnyDay|[upkeep]\n|upkeep\n|turn|28\n|-activate|p1a: Cowgurl|ability: Quick Draw\n|\n|t:|1700921357\n|move|p1a: Cowgurl|Psyshock|p2a: Slowking\n|-damage|p2a: Slowking|0 fnt\n|faint|p2a: Slowking\n|\n|win|Rei_darkness\n|c|\u2606sweepy boi|gg\n","uploadtime":1700921361,"views":5,"p1id":"reidarkness","p2id":"sweepyboi","formatid":"gen9ubers","rating":0,"private":0,"password":""}