{"id":"gen9ubers-1968453161","p1":"Gaara1","p2":"suifenli","format":"[Gen 9] Ubers","log":"|j|\u2606Gaara1\n|j|\u2606suifenli\n|t:|1697420163\n|gametype|singles\n|player|p1|Gaara1|lance|1137\n|player|p2|suifenli|steven|1296\n|teamsize|p1|6\n|teamsize|p2|6\n|gen|9\n|tier|[Gen 9] Ubers\n|rated|\n|rule|Sleep Clause Mod: Limit one foe put to sleep\n|rule|Species Clause: Limit one of each Pok\u00e9mon\n|rule|OHKO Clause: OHKO moves are banned\n|rule|Evasion Items Clause: Evasion items are banned\n|rule|Evasion Moves Clause: Evasion moves are banned\n|rule|Endless Battle Clause: Forcing endless battles is banned\n|rule|HP Percentage Mod: HP is shown in percentages\n|clearpoke\n|poke|p1|Palafin, M|\n|poke|p1|Glimmora, M|\n|poke|p1|Annihilape, M|\n|poke|p1|Garchomp, M|\n|poke|p1|Pelipper, M|\n|poke|p1|Basculegion, M|\n|poke|p2|Garchomp, M|\n|poke|p2|Chien-Pao|\n|poke|p2|Corviknight, F|\n|poke|p2|Grimmsnarl, M|\n|poke|p2|Pawmot, F|\n|poke|p2|Miraidon|\n|teampreview\n|inactive|Battle timer is ON: inactive players will automatically lose when time's up. (requested by Gaara1)\n|\n|t:|1697420176\n|start\n|switch|p1a: Palafin|Palafin, M, shiny|100\/100\n|switch|p2a: Miraidon|Miraidon|100\/100\n|-fieldstart|move: Electric Terrain|[from] ability: Hadron Engine|[of] p2a: Miraidon\n|-enditem|p2a: Miraidon|Electric Seed\n|-boost|p2a: Miraidon|def|1|[from] item: Electric Seed\n|turn|1\n|\n|t:|1697420187\n|detailschange|p1a: Palafin|Palafin-Hero, M, shiny\n|switch|p1a: Garchomp|Garchomp, M, shiny|100\/100\n|move|p2a: Miraidon|Calm Mind|p2a: Miraidon\n|-boost|p2a: Miraidon|spa|1\n|-boost|p2a: Miraidon|spd|1\n|\n|upkeep\n|turn|2\n|\n|t:|1697420196\n|move|p2a: Miraidon|Dragon Pulse|p1a: Garchomp\n|-supereffective|p1a: Garchomp\n|-damage|p1a: Garchomp|0 fnt\n|faint|p1a: Garchomp\n|\n|upkeep\n|\n|t:|1697420203\n|switch|p1a: Glimmora|Glimmora, M|100\/100\n|turn|3\n|\n|t:|1697420209\n|-terastallize|p2a: Miraidon|Electric\n|move|p2a: Miraidon|Parabolic Charge|p1a: Glimmora\n|-enditem|p1a: Glimmora|Focus Sash\n|-damage|p1a: Glimmora|1\/100\n|move|p1a: Glimmora|Stealth Rock|p2a: Miraidon\n|-sidestart|p2: suifenli|move: Stealth Rock\n|\n|upkeep\n|turn|4\n|\n|t:|1697420219\n|move|p2a: Miraidon|Parabolic Charge|p1a: Glimmora\n|-damage|p1a: Glimmora|0 fnt\n|faint|p1a: Glimmora\n|\n|upkeep\n|\n|t:|1697420223\n|switch|p1a: Palafin|Palafin-Hero, M, shiny|100\/100\n|-activate|p1a: Palafin|ability: Zero to Hero\n|turn|5\n|\n|t:|1697420229\n|move|p1a: Palafin|Jet Punch|p2a: Miraidon\n|-damage|p2a: Miraidon|81\/100\n|move|p2a: Miraidon|Parabolic Charge|p1a: Palafin\n|-supereffective|p1a: Palafin\n|-damage|p1a: Palafin|0 fnt\n|-heal|p2a: Miraidon|100\/100|[from] drain|[of] p1a: Palafin\n|faint|p1a: Palafin\n|\n|-fieldend|move: Electric Terrain\n|upkeep\n|\n|t:|1697420238\n|switch|p1a: Annihilape|Annihilape, M|100\/100\n|turn|6\n|\n|t:|1697420241\n|move|p2a: Miraidon|Dazzling Gleam|p1a: Annihilape\n|-supereffective|p1a: Annihilape\n|-damage|p1a: Annihilape|38\/100\n|move|p1a: Annihilape|Rage Fist|p2a: Miraidon\n|-damage|p2a: Miraidon|75\/100\n|\n|-heal|p1a: Annihilape|44\/100|[from] item: Leftovers\n|upkeep\n|turn|7\n|\n|t:|1697420251\n|move|p2a: Miraidon|Parabolic Charge|p1a: Annihilape\n|-damage|p1a: Annihilape|0 fnt\n|-heal|p2a: Miraidon|99\/100|[from] drain|[of] p1a: Annihilape\n|faint|p1a: Annihilape\n|\n|upkeep\n|\n|t:|1697420258\n|switch|p1a: Pelipper|Pelipper, M|100\/100\n|-weather|RainDance|[from] ability: Drizzle|[of] p1a: Pelipper\n|turn|8\n|\n|t:|1697420263\n|move|p2a: Miraidon|Parabolic Charge|p1a: Pelipper\n|-supereffective|p1a: Pelipper\n|-damage|p1a: Pelipper|0 fnt\n|-heal|p2a: Miraidon|100\/100|[from] drain|[of] p1a: Pelipper\n|faint|p1a: Pelipper\n|\n|-weather|RainDance|[upkeep]\n|upkeep\n|\n|t:|1697420270\n|switch|p1a: Basculegion|Basculegion, M, shiny|100\/100\n|turn|9\n|\n|t:|1697420275\n|-terastallize|p1a: Basculegion|Dragon\n|move|p1a: Basculegion|Last Respects|p2a: Miraidon\n|-damage|p2a: Miraidon|38\/100\n|move|p2a: Miraidon|Parabolic Charge|p1a: Basculegion\n|-resisted|p1a: Basculegion\n|-damage|p1a: Basculegion|68\/100\n|-heal|p2a: Miraidon|56\/100|[from] drain|[of] p1a: Basculegion\n|\n|-weather|RainDance|[upkeep]\n|-heal|p1a: Basculegion|74\/100|[from] item: Leftovers\n|upkeep\n|turn|10\n|\n|t:|1697420289\n|move|p1a: Basculegion|Last Respects|p2a: Miraidon\n|-damage|p2a: Miraidon|0 fnt\n|faint|p2a: Miraidon\n|\n|-weather|RainDance|[upkeep]\n|-heal|p1a: Basculegion|80\/100|[from] item: Leftovers\n|upkeep\n|\n|t:|1697420298\n|switch|p2a: Grimmsnarl|Grimmsnarl, M|100\/100\n|-damage|p2a: Grimmsnarl|88\/100|[from] Stealth Rock\n|turn|11\n|\n|t:|1697420304\n|move|p2a: Grimmsnarl|Reflect|p2a: Grimmsnarl\n|-sidestart|p2: suifenli|Reflect\n|move|p1a: Basculegion|Wave Crash|p2a: Grimmsnarl\n|-damage|p2a: Grimmsnarl|49\/100\n|-damage|p1a: Basculegion|69\/100|[from] Recoil\n|\n|-weather|RainDance|[upkeep]\n|-heal|p1a: Basculegion|75\/100|[from] item: Leftovers\n|upkeep\n|turn|12\n|\n|t:|1697420314\n|move|p2a: Grimmsnarl|Trick|p1a: Basculegion\n|-activate|p2a: Grimmsnarl|move: Trick|[of] p1a: Basculegion\n|-item|p1a: Basculegion|Lagging Tail|[from] move: Trick\n|-item|p2a: Grimmsnarl|Leftovers|[from] move: Trick\n|move|p1a: Basculegion|Last Respects|p2a: Grimmsnarl\n|-resisted|p2a: Grimmsnarl\n|-damage|p2a: Grimmsnarl|16\/100\n|\n|-weather|RainDance|[upkeep]\n|-heal|p2a: Grimmsnarl|22\/100|[from] item: Leftovers\n|upkeep\n|turn|13\n|-message|Gaara1 forfeited.\n|\n|win|suifenli\n|raw|Gaara1's rating: 1137 &rarr; <strong>1123<\/strong><br \/>(-14 for losing)\n|raw|suifenli's rating: 1296 &rarr; <strong>1310<\/strong><br \/>(+14 for winning)\n|l|\u2606Gaara1\n|l|\u2606suifenli\n","uploadtime":1697420359,"views":13,"p1id":"gaara1","p2id":"suifenli","formatid":"gen9ubers","rating":1123,"private":0,"password":""}