{"id":"gen9ubers-1979754809","p1":"Albaz Brand","p2":"Nitro524","format":"[Gen 9] Ubers","log":"|j|\u2606Albaz Brand\n|j|\u2606Nitro524\n|t:|1698709830\n|gametype|singles\n|player|p1|Albaz Brand|bellelba|\n|player|p2|Nitro524|hilbert|\n|teamsize|p1|6\n|teamsize|p2|6\n|gen|9\n|tier|[Gen 9] Ubers\n|rule|Sleep Clause Mod: Limit one foe put to sleep\n|rule|Species Clause: Limit one of each Pok\u00e9mon\n|rule|OHKO Clause: OHKO moves are banned\n|rule|Evasion Items Clause: Evasion items are banned\n|rule|Evasion Moves Clause: Evasion moves are banned\n|rule|Endless Battle Clause: Forcing endless battles is banned\n|rule|HP Percentage Mod: HP is shown in percentages\n|clearpoke\n|poke|p1|Torkoal, F|\n|poke|p1|Spectrier|\n|poke|p1|Dragonite, M|\n|poke|p1|Roaring Moon|\n|poke|p1|Walking Wake|\n|poke|p1|Iron Moth|\n|poke|p2|Meowscarada, F|\n|poke|p2|Grimmsnarl, M|\n|poke|p2|Zacian-*|\n|poke|p2|Arceus-Poison|\n|poke|p2|Magearna|\n|poke|p2|Basculegion-F, F|\n|teampreview\n|\n|t:|1698709835\n|start\n|switch|p1a: Torkoal|Torkoal, F|100\/100\n|switch|p2a: Meowscarada|Meowscarada, F|100\/100\n|-weather|SunnyDay|[from] ability: Drought|[of] p1a: Torkoal\n|turn|1\n|\n|t:|1698709844\n|move|p2a: Meowscarada|U-turn|p1a: Torkoal\n|-start|p2a: Meowscarada|typechange|Bug|[from] ability: Protean\n|-resisted|p1a: Torkoal\n|-damage|p1a: Torkoal|91\/100\n|\n|t:|1698709850\n|switch|p2a: Grimmsnarl|Grimmsnarl, M|100\/100|[from] U-turn\n|move|p1a: Torkoal|Will-O-Wisp|p2a: Grimmsnarl|[miss]\n|-miss|p1a: Torkoal|p2a: Grimmsnarl\n|\n|-weather|SunnyDay|[upkeep]\n|upkeep\n|turn|2\n|\n|t:|1698709859\n|switch|p1a: Iron Moth|Iron Moth, shiny|100\/100\n|-enditem|p1a: Iron Moth|Booster Energy\n|-activate|p1a: Iron Moth|ability: Quark Drive|[fromitem]\n|-start|p1a: Iron Moth|quarkdrivespe\n|move|p2a: Grimmsnarl|Light Screen|p2a: Grimmsnarl\n|-sidestart|p2: Nitro524|move: Light Screen\n|\n|-weather|SunnyDay|[upkeep]\n|upkeep\n|turn|3\n|\n|t:|1698709868\n|move|p2a: Grimmsnarl|Parting Shot|p1a: Iron Moth\n|-unboost|p1a: Iron Moth|atk|1\n|-unboost|p1a: Iron Moth|spa|1\n|\n|t:|1698709878\n|switch|p2a: Arceus|Arceus-Poison|100\/100|[from] Parting Shot\n|move|p1a: Iron Moth|Fiery Dance|p2a: Arceus\n|-damage|p2a: Arceus|87\/100\n|-boost|p1a: Iron Moth|spa|1\n|\n|-weather|SunnyDay|[upkeep]\n|upkeep\n|turn|4\n|\n|t:|1698709885\n|move|p1a: Iron Moth|Fiery Dance|p2a: Arceus\n|-damage|p2a: Arceus|68\/100\n|-boost|p1a: Iron Moth|spa|1\n|move|p2a: Arceus|Earth Power|p1a: Iron Moth\n|-supereffective|p1a: Iron Moth\n|-damage|p1a: Iron Moth|7\/100\n|\n|-weather|SunnyDay|[upkeep]\n|upkeep\n|turn|5\n|\n|t:|1698709911\n|move|p1a: Iron Moth|Fiery Dance|p2a: Arceus\n|-damage|p2a: Arceus|37\/100\n|-boost|p1a: Iron Moth|spa|1\n|move|p2a: Arceus|Judgment|p1a: Iron Moth\n|-resisted|p1a: Iron Moth\n|-damage|p1a: Iron Moth|0 fnt\n|faint|p1a: Iron Moth\n|-end|p1a: Iron Moth|Quark Drive|[silent]\n|\n|-weather|SunnyDay|[upkeep]\n|upkeep\n|\n|t:|1698709930\n|switch|p1a: Roaring Moon|Roaring Moon|100\/100\n|-activate|p1a: Roaring Moon|ability: Protosynthesis\n|-start|p1a: Roaring Moon|protosynthesisatk\n|turn|6\n|\n|t:|1698709939\n|-terastallize|p1a: Roaring Moon|Steel\n|move|p2a: Arceus|Judgment|p1a: Roaring Moon\n|-immune|p1a: Roaring Moon\n|move|p1a: Roaring Moon|Dragon Dance|p1a: Roaring Moon\n|-boost|p1a: Roaring Moon|atk|1\n|-boost|p1a: Roaring Moon|spe|1\n|\n|-weather|SunnyDay|[upkeep]\n|upkeep\n|turn|7\n|\n|t:|1698709951\n|move|p1a: Roaring Moon|Knock Off|p2a: Arceus\n|-damage|p2a: Arceus|0 fnt\n|faint|p2a: Arceus\n|\n|-weather|SunnyDay|[upkeep]\n|upkeep\n|\n|t:|1698709972\n|switch|p2a: Zacian|Zacian|100\/100\n|-ability|p2a: Zacian|Intrepid Sword|boost\n|-boost|p2a: Zacian|atk|1\n|turn|8\n|\n|t:|1698709989\n|-terastallize|p2a: Zacian|Fire\n|move|p1a: Roaring Moon|Iron Head|p2a: Zacian\n|-resisted|p2a: Zacian\n|-damage|p2a: Zacian|59\/100\n|cant|p2a: Zacian|flinch\n|\n|-weather|none\n|-end|p1a: Roaring Moon|Protosynthesis\n|upkeep\n|-enditem|p1a: Roaring Moon|Booster Energy\n|-activate|p1a: Roaring Moon|ability: Protosynthesis|[fromitem]\n|-start|p1a: Roaring Moon|protosynthesisatk\n|turn|9\n|\n|t:|1698709997\n|move|p1a: Roaring Moon|Knock Off|p2a: Zacian\n|-damage|p2a: Zacian|0 fnt\n|-enditem|p2a: Zacian|Heavy-Duty Boots|[from] move: Knock Off|[of] p1a: Roaring Moon\n|faint|p2a: Zacian\n|\n|-sideend|p2: Nitro524|move: Light Screen\n|upkeep\n|\n|t:|1698710007\n|switch|p2a: Grimmsnarl|Grimmsnarl, M|100\/100\n|turn|10\n|\n|t:|1698710013\n|move|p2a: Grimmsnarl|Reflect|p2a: Grimmsnarl\n|-sidestart|p2: Nitro524|Reflect\n|move|p1a: Roaring Moon|Iron Head|p2a: Grimmsnarl\n|-supereffective|p2a: Grimmsnarl\n|-damage|p2a: Grimmsnarl|0 fnt\n|faint|p2a: Grimmsnarl\n|\n|upkeep\n|\n|t:|1698710034\n|switch|p2a: Basculegion|Basculegion-F, F|100\/100\n|turn|11\n|\n|t:|1698710070\n|switch|p2a: Magearna|Magearna|100\/100\n|move|p1a: Roaring Moon|Knock Off|p2a: Magearna\n|-resisted|p2a: Magearna\n|-damage|p2a: Magearna|82\/100\n|-enditem|p2a: Magearna|Leftovers|[from] move: Knock Off|[of] p1a: Roaring Moon\n|\n|upkeep\n|turn|12\n|\n|t:|1698710078\n|move|p1a: Roaring Moon|Dragon Dance|p1a: Roaring Moon\n|-boost|p1a: Roaring Moon|atk|1\n|-boost|p1a: Roaring Moon|spe|1\n|move|p2a: Magearna|Draining Kiss|p1a: Roaring Moon\n|-resisted|p1a: Roaring Moon\n|-damage|p1a: Roaring Moon|89\/100\n|-heal|p2a: Magearna|90\/100|[from] drain|[of] p1a: Roaring Moon\n|\n|upkeep\n|turn|13\n|\n|t:|1698710088\n|move|p1a: Roaring Moon|Iron Head|p2a: Magearna\n|-damage|p2a: Magearna|52\/100\n|move|p2a: Magearna|Draining Kiss|p1a: Roaring Moon\n|-resisted|p1a: Roaring Moon\n|-damage|p1a: Roaring Moon|79\/100\n|-heal|p2a: Magearna|59\/100|[from] drain|[of] p1a: Roaring Moon\n|\n|upkeep\n|turn|14\n|\n|t:|1698710099\n|move|p1a: Roaring Moon|Iron Head|p2a: Magearna\n|-damage|p2a: Magearna|24\/100\n|cant|p2a: Magearna|flinch\n|\n|upkeep\n|turn|15\n|\n|t:|1698710103\n|move|p1a: Roaring Moon|Iron Head|p2a: Magearna\n|-damage|p2a: Magearna|0 fnt\n|faint|p2a: Magearna\n|\n|upkeep\n|\n|t:|1698710105\n|switch|p2a: Meowscarada|Meowscarada, F|100\/100\n|turn|16\n|\n|t:|1698710113\n|move|p1a: Roaring Moon|Knock Off|p2a: Meowscarada\n|-resisted|p2a: Meowscarada\n|-crit|p2a: Meowscarada\n|-enditem|p2a: Meowscarada|Focus Sash\n|-damage|p2a: Meowscarada|1\/100\n|move|p2a: Meowscarada|Knock Off|p1a: Roaring Moon\n|-start|p2a: Meowscarada|typechange|Dark|[from] ability: Protean\n|-damage|p1a: Roaring Moon|41\/100\n|\n|upkeep\n|turn|17\n|\n|t:|1698710125\n|move|p1a: Roaring Moon|Knock Off|p2a: Meowscarada\n|-resisted|p2a: Meowscarada\n|-damage|p2a: Meowscarada|0 fnt\n|faint|p2a: Meowscarada\n|\n|-sideend|p2: Nitro524|Reflect\n|upkeep\n|\n|t:|1698710126\n|switch|p2a: Basculegion|Basculegion-F, F|100\/100\n|turn|18\n|\n|t:|1698710134\n|move|p1a: Roaring Moon|Knock Off|p2a: Basculegion\n|-supereffective|p2a: Basculegion\n|-damage|p2a: Basculegion|0 fnt\n|-enditem|p2a: Basculegion|Choice Scarf|[from] move: Knock Off|[of] p1a: Roaring Moon\n|faint|p2a: Basculegion\n|\n|win|Albaz Brand\n|c|\u2606Nitro524|gg\n|c|\u2606Albaz Brand|ggs\n","uploadtime":1698710171,"views":10,"p1id":"albazbrand","p2id":"nitro524","formatid":"gen9ubers","rating":0,"private":0,"password":""}