{"id":"gen9ubers-1975396768","p1":"Nitro524","p2":"Tsar Dedede","format":"[Gen 9] Ubers","log":"|j|\u2606Nitro524\n|j|\u2606Tsar Dedede\n|t:|1698186840\n|gametype|singles\n|player|p1|Nitro524|170|\n|player|p2|Tsar Dedede|li|\n|teamsize|p1|6\n|teamsize|p2|6\n|gen|9\n|tier|[Gen 9] Ubers\n|rule|Sleep Clause Mod: Limit one foe put to sleep\n|rule|Species Clause: Limit one of each Pok\u00e9mon\n|rule|OHKO Clause: OHKO moves are banned\n|rule|Evasion Items Clause: Evasion items are banned\n|rule|Evasion Moves Clause: Evasion moves are banned\n|rule|Endless Battle Clause: Forcing endless battles is banned\n|rule|HP Percentage Mod: HP is shown in percentages\n|clearpoke\n|poke|p1|Koraidon|\n|poke|p1|Ceruledge, M|\n|poke|p1|Iron Treads|\n|poke|p1|Flutter Mane|\n|poke|p1|Miraidon|\n|poke|p1|Walking Wake|\n|poke|p2|Iron Bundle|\n|poke|p2|Koraidon|\n|poke|p2|Glimmora, F|\n|poke|p2|Chien-Pao|\n|poke|p2|Miraidon|\n|poke|p2|Grimmsnarl, M|\n|teampreview\n|c|\u2606Nitro524|gl!\n|c|\u2606Tsar Dedede|you too!\n|\n|t:|1698186861\n|start\n|switch|p1a: Koraidon|Koraidon|100\/100\n|switch|p2a: Grimmsnarl|Grimmsnarl, M|100\/100\n|-weather|SunnyDay|[from] ability: Orichalcum Pulse|[of] p1a: Koraidon\n|-activate|p1a: Koraidon|Orichalcum Pulse|[source]\n|turn|1\n|\n|t:|1698186871\n|move|p2a: Grimmsnarl|Reflect|p2a: Grimmsnarl\n|-sidestart|p2: Tsar Dedede|Reflect\n|move|p1a: Koraidon|U-turn|p2a: Grimmsnarl\n|-damage|p2a: Grimmsnarl|79\/100\n|\n|t:|1698186874\n|switch|p1a: Flutter Mane|Flutter Mane|100\/100|[from] U-turn\n|-activate|p1a: Flutter Mane|ability: Protosynthesis\n|-start|p1a: Flutter Mane|protosynthesisspe\n|\n|-weather|SunnyDay|[upkeep]\n|upkeep\n|turn|2\n|\n|t:|1698186877\n|move|p2a: Grimmsnarl|Light Screen|p2a: Grimmsnarl\n|-sidestart|p2: Tsar Dedede|move: Light Screen\n|move|p1a: Flutter Mane|Moonblast|p2a: Grimmsnarl\n|-supereffective|p2a: Grimmsnarl\n|-damage|p2a: Grimmsnarl|18\/100\n|\n|-weather|SunnyDay|[upkeep]\n|upkeep\n|turn|3\n|\n|t:|1698186886\n|move|p2a: Grimmsnarl|Parting Shot|p1a: Flutter Mane\n|-unboost|p1a: Flutter Mane|atk|1\n|-unboost|p1a: Flutter Mane|spa|1\n|\n|t:|1698186887\n|switch|p2a: Glimmora|Glimmora, F|100\/100|[from] Parting Shot\n|move|p1a: Flutter Mane|Moonblast|p2a: Glimmora\n|-resisted|p2a: Glimmora\n|-damage|p2a: Glimmora|85\/100\n|-unboost|p2a: Glimmora|spa|1\n|\n|-weather|SunnyDay|[upkeep]\n|upkeep\n|turn|4\n|\n|t:|1698186895\n|-end|p1a: Flutter Mane|Protosynthesis|[silent]\n|switch|p1a: Iron Treads|Iron Treads|100\/100\n|move|p2a: Glimmora|Stealth Rock|p1a: Iron Treads\n|-sidestart|p1: Nitro524|move: Stealth Rock\n|\n|-weather|SunnyDay|[upkeep]\n|upkeep\n|turn|5\n|\n|t:|1698186905\n|move|p2a: Glimmora|Earth Power|p1a: Iron Treads\n|-supereffective|p1a: Iron Treads\n|-damage|p1a: Iron Treads|64\/100\n|move|p1a: Iron Treads|Earthquake|p2a: Glimmora\n|-supereffective|p2a: Glimmora\n|-damage|p2a: Glimmora|0 fnt\n|-activate|p2a: Glimmora|ability: Toxic Debris\n|-sidestart|p1: Nitro524|move: Toxic Spikes\n|faint|p2a: Glimmora\n|\n|-weather|none\n|-heal|p1a: Iron Treads|70\/100|[from] item: Leftovers\n|upkeep\n|\n|t:|1698186916\n|switch|p2a: Chien-Pao|Chien-Pao|100\/100\n|-ability|p2a: Chien-Pao|Sword of Ruin\n|turn|6\n|\n|t:|1698186921\n|move|p2a: Chien-Pao|Icicle Crash|p1a: Iron Treads\n|-damage|p1a: Iron Treads|11\/100\n|-damage|p2a: Chien-Pao|91\/100|[from] item: Life Orb\n|cant|p1a: Iron Treads|flinch\n|\n|-heal|p1a: Iron Treads|18\/100|[from] item: Leftovers\n|upkeep\n|turn|7\n|c|\u2606Tsar Dedede|sprry\n|c|\u2606Tsar Dedede|sorry\n|c|\u2606Nitro524|no worries lol\n|\n|t:|1698186941\n|-end|p1a: Iron Treads|Quark Drive|[silent]\n|switch|p1a: Koraidon|Koraidon|100\/100\n|-damage|p1a: Koraidon|94\/100|[from] Stealth Rock\n|-status|p1a: Koraidon|psn\n|-weather|SunnyDay|[from] ability: Orichalcum Pulse|[of] p1a: Koraidon\n|-activate|p1a: Koraidon|Orichalcum Pulse|[source]\n|move|p2a: Chien-Pao|Ice Shard|p1a: Koraidon\n|-supereffective|p1a: Koraidon\n|-damage|p1a: Koraidon|32\/100 psn\n|-damage|p2a: Chien-Pao|81\/100|[from] item: Life Orb\n|\n|-weather|SunnyDay|[upkeep]\n|-damage|p1a: Koraidon|20\/100 psn|[from] psn\n|upkeep\n|turn|8\n|\n|t:|1698186948\n|move|p2a: Chien-Pao|Ice Shard|p1a: Koraidon\n|-supereffective|p1a: Koraidon\n|-damage|p1a: Koraidon|0 fnt\n|faint|p1a: Koraidon\n|-damage|p2a: Chien-Pao|71\/100|[from] item: Life Orb\n|\n|-weather|SunnyDay|[upkeep]\n|-sideend|p2: Tsar Dedede|Reflect\n|upkeep\n|\n|t:|1698186975\n|switch|p1a: Walking Wake|Walking Wake|100\/100\n|-damage|p1a: Walking Wake|88\/100|[from] Stealth Rock\n|-status|p1a: Walking Wake|psn\n|-activate|p1a: Walking Wake|ability: Protosynthesis\n|-start|p1a: Walking Wake|protosynthesisspe\n|turn|9\n|\n|t:|1698186991\n|move|p2a: Chien-Pao|Ice Shard|p1a: Walking Wake\n|-damage|p1a: Walking Wake|48\/100 psn\n|-damage|p2a: Chien-Pao|61\/100|[from] item: Life Orb\n|move|p1a: Walking Wake|Flamethrower|p2a: Chien-Pao\n|-supereffective|p2a: Chien-Pao\n|-damage|p2a: Chien-Pao|0 fnt\n|faint|p2a: Chien-Pao\n|\n|-weather|SunnyDay|[upkeep]\n|-damage|p1a: Walking Wake|36\/100 psn|[from] psn\n|-sideend|p2: Tsar Dedede|move: Light Screen\n|upkeep\n|\n|t:|1698186999\n|switch|p2a: Grimmsnarl|Grimmsnarl, M|18\/100\n|turn|10\n|\n|t:|1698187003\n|move|p2a: Grimmsnarl|Light Screen|p2a: Grimmsnarl\n|-sidestart|p2: Tsar Dedede|move: Light Screen\n|move|p1a: Walking Wake|Flamethrower|p2a: Grimmsnarl\n|-damage|p2a: Grimmsnarl|0 fnt\n|faint|p2a: Grimmsnarl\n|\n|-weather|SunnyDay|[upkeep]\n|-damage|p1a: Walking Wake|24\/100 psn|[from] psn\n|upkeep\n|\n|t:|1698187016\n|switch|p2a: Koraidon|Koraidon|100\/100\n|-activate|p2a: Koraidon|ability: Orichalcum Pulse\n|turn|11\n|\n|t:|1698187030\n|-end|p1a: Walking Wake|Protosynthesis|[silent]\n|switch|p1a: Flutter Mane|Flutter Mane|100\/100\n|-damage|p1a: Flutter Mane|88\/100|[from] Stealth Rock\n|-status|p1a: Flutter Mane|psn\n|-activate|p1a: Flutter Mane|ability: Protosynthesis\n|-start|p1a: Flutter Mane|protosynthesisspe\n|move|p2a: Koraidon|Flame Charge|p1a: Flutter Mane\n|-damage|p1a: Flutter Mane|6\/100 psn\n|-boost|p2a: Koraidon|spe|1\n|\n|-weather|none\n|-end|p1a: Flutter Mane|Protosynthesis\n|-damage|p1a: Flutter Mane|0 fnt|[from] psn\n|faint|p1a: Flutter Mane\n|-end|p1a: Flutter Mane|Protosynthesis|[silent]\n|upkeep\n|\n|t:|1698187040\n|switch|p1a: Miraidon|Miraidon|100\/100\n|-damage|p1a: Miraidon|88\/100|[from] Stealth Rock\n|-status|p1a: Miraidon|psn\n|-fieldstart|move: Electric Terrain|[from] ability: Hadron Engine|[of] p1a: Miraidon\n|turn|12\n|\n|t:|1698187045\n|switch|p1a: Ceruledge|Ceruledge, M|100\/100\n|-damage|p1a: Ceruledge|76\/100|[from] Stealth Rock\n|-status|p1a: Ceruledge|psn\n|move|p2a: Koraidon|Dragon Claw|p1a: Ceruledge\n|-damage|p1a: Ceruledge|24\/100 psn\n|\n|-damage|p1a: Ceruledge|11\/100 psn|[from] psn\n|upkeep\n|turn|13\n|\n|t:|1698187053\n|move|p1a: Ceruledge|Shadow Sneak|p2a: Koraidon\n|-damage|p2a: Koraidon|83\/100\n|-damage|p1a: Ceruledge|1\/100 psn|[from] item: Life Orb\n|move|p2a: Koraidon|Dragon Claw|p1a: Ceruledge\n|-damage|p1a: Ceruledge|0 fnt\n|faint|p1a: Ceruledge\n|\n|-heal|p2a: Koraidon|89\/100|[from] item: Leftovers\n|upkeep\n|j| ScorchSea\n|\n|t:|1698187062\n|switch|p1a: Walking Wake|Walking Wake|24\/100 psn\n|-damage|p1a: Walking Wake|12\/100 psn|[from] Stealth Rock\n|turn|14\n|\n|t:|1698187069\n|-terastallize|p1a: Walking Wake|Fairy\n|move|p2a: Koraidon|Dragon Claw|p1a: Walking Wake\n|-immune|p1a: Walking Wake\n|move|p1a: Walking Wake|Draco Meteor|p2a: Koraidon\n|-supereffective|p2a: Koraidon\n|-damage|p2a: Koraidon|0 fnt\n|-unboost|p1a: Walking Wake|spa|2\n|faint|p2a: Koraidon\n|\n|-damage|p1a: Walking Wake|0 fnt|[from] psn\n|faint|p1a: Walking Wake\n|-end|p1a: Walking Wake|Protosynthesis|[silent]\n|upkeep\n|\n|t:|1698187079\n|switch|p2a: Miraidon|Miraidon|100\/100\n|switch|p1a: Iron Treads|Iron Treads|18\/100\n|-activate|p2a: Miraidon|ability: Hadron Engine\n|-damage|p1a: Iron Treads|15\/100|[from] Stealth Rock\n|-activate|p1a: Iron Treads|ability: Quark Drive\n|-start|p1a: Iron Treads|quarkdrivespd\n|turn|15\n|\n|t:|1698187086\n|move|p2a: Miraidon|Dazzling Gleam|p1a: Iron Treads\n|-resisted|p1a: Iron Treads\n|-damage|p1a: Iron Treads|3\/100\n|move|p1a: Iron Treads|Rapid Spin|p2a: Miraidon\n|-damage|p2a: Miraidon|88\/100\n|-boost|p1a: Iron Treads|spe|1\n|-sideend|p1: Nitro524|Toxic Spikes|[from] move: Rapid Spin|[of] p1a: Iron Treads\n|-sideend|p1: Nitro524|Stealth Rock|[from] move: Rapid Spin|[of] p1a: Iron Treads\n|\n|-heal|p1a: Iron Treads|10\/100|[from] item: Leftovers\n|upkeep\n|turn|16\n|\n|t:|1698187092\n|move|p2a: Miraidon|Dazzling Gleam|p1a: Iron Treads\n|-resisted|p1a: Iron Treads\n|-damage|p1a: Iron Treads|0 fnt\n|faint|p1a: Iron Treads\n|-end|p1a: Iron Treads|Quark Drive|[silent]\n|\n|-fieldend|move: Electric Terrain\n|upkeep\n|\n|t:|1698187095\n|switch|p1a: Miraidon|Miraidon|88\/100 psn\n|-fieldstart|move: Electric Terrain|[from] ability: Hadron Engine|[of] p1a: Miraidon\n|turn|17\n|\n|t:|1698187100\n|move|p2a: Miraidon|Dazzling Gleam|p1a: Miraidon\n|-supereffective|p1a: Miraidon\n|-damage|p1a: Miraidon|22\/100 psn\n|move|p1a: Miraidon|Draco Meteor|p2a: Miraidon\n|-supereffective|p2a: Miraidon\n|-damage|p2a: Miraidon|0 fnt\n|-unboost|p1a: Miraidon|spa|2\n|faint|p2a: Miraidon\n|\n|-damage|p1a: Miraidon|10\/100 psn|[from] psn\n|-sideend|p2: Tsar Dedede|move: Light Screen\n|upkeep\n|\n|t:|1698187102\n|switch|p2a: Iron Bundle|Iron Bundle|100\/100\n|-activate|p2a: Iron Bundle|ability: Quark Drive\n|-start|p2a: Iron Bundle|quarkdrivespe\n|turn|18\n|\n|t:|1698187105\n|-terastallize|p2a: Iron Bundle|Ice\n|move|p2a: Iron Bundle|Ice Beam|p1a: Miraidon\n|-supereffective|p1a: Miraidon\n|-damage|p1a: Miraidon|0 fnt\n|faint|p1a: Miraidon\n|\n|win|Tsar Dedede\n|c|\u2606Nitro524|gg\n|c|\u2606Nitro524|!\n|c|\u2606Tsar Dedede|gg wp\n|c|\u2606Tsar Dedede|that was fun\n|c|\u2606Nitro524|same to u\n|c|\u2606Nitro524|it was!\n","uploadtime":1698187118,"views":9,"p1id":"nitro524","p2id":"tsardedede","formatid":"gen9ubers","rating":0,"private":0,"password":""}