{"id":"gen9ubers-1973652939","p1":"Mike Bonobo","p2":"TooQuickGrim","format":"[Gen 9] Ubers","log":"|j|\u2606Mike Bonobo\n|j|\u2606TooQuickGrim\n|t:|1698000071\n|gametype|singles\n|player|p1|Mike Bonobo|swimmer-gen4dp|\n|player|p2|TooQuickGrim|dancer|\n|teamsize|p1|6\n|teamsize|p2|6\n|gen|9\n|tier|[Gen 9] Ubers\n|rule|Sleep Clause Mod: Limit one foe put to sleep\n|rule|Species Clause: Limit one of each Pok\u00e9mon\n|rule|OHKO Clause: OHKO moves are banned\n|rule|Evasion Items Clause: Evasion items are banned\n|rule|Evasion Moves Clause: Evasion moves are banned\n|rule|Endless Battle Clause: Forcing endless battles is banned\n|rule|HP Percentage Mod: HP is shown in percentages\n|clearpoke\n|poke|p1|Koraidon|\n|poke|p1|Chi-Yu|\n|poke|p1|Flutter Mane|\n|poke|p1|Ursaluna-Bloodmoon, M|\n|poke|p1|Dachsbun, F|\n|poke|p1|Corviknight, M|\n|poke|p2|Arceus-Grass|\n|poke|p2|Chi-Yu|\n|poke|p2|Groudon|\n|poke|p2|Annihilape, M|\n|poke|p2|Espathra, F|\n|poke|p2|Volcarona, M|\n|teampreview\n|j| Yangsta\n|c| Yangsta|gl hf\n|\n|t:|1698000128\n|start\n|switch|p1a: Ursaluna|Ursaluna-Bloodmoon, M|100\/100\n|switch|p2a: Weevil|Volcarona, M|100\/100\n|turn|1\n|\n|t:|1698000138\n|-terastallize|p2a: Weevil|Flying\n|move|p2a: Weevil|Quiver Dance|p2a: Weevil\n|-boost|p2a: Weevil|spa|1\n|-boost|p2a: Weevil|spd|1\n|-boost|p2a: Weevil|spe|1\n|move|p1a: Ursaluna|Calm Mind|p1a: Ursaluna\n|-boost|p1a: Ursaluna|spa|1\n|-boost|p1a: Ursaluna|spd|1\n|\n|upkeep\n|turn|2\n|\n|t:|1698000152\n|move|p2a: Weevil|Air Slash|p1a: Ursaluna\n|-damage|p1a: Ursaluna|40\/100\n|-damage|p2a: Weevil|91\/100|[from] item: Life Orb\n|move|p1a: Ursaluna|Calm Mind|p1a: Ursaluna\n|-boost|p1a: Ursaluna|spa|1\n|-boost|p1a: Ursaluna|spd|1\n|\n|-heal|p1a: Ursaluna|46\/100|[from] item: Leftovers\n|upkeep\n|turn|3\n|\n|t:|1698000161\n|move|p2a: Weevil|Air Slash|p1a: Ursaluna\n|-damage|p1a: Ursaluna|1\/100\n|-damage|p2a: Weevil|81\/100|[from] item: Life Orb\n|cant|p1a: Ursaluna|flinch\n|\n|-heal|p1a: Ursaluna|7\/100|[from] item: Leftovers\n|upkeep\n|turn|4\n|c| Yangsta|Quiv dance is busted lol\n|c|\u2606Mike Bonobo|flinch ruined me\n|\n|t:|1698000198\n|move|p2a: Weevil|Air Slash|p1a: Ursaluna\n|-damage|p1a: Ursaluna|0 fnt\n|faint|p1a: Ursaluna\n|-damage|p2a: Weevil|71\/100|[from] item: Life Orb\n|\n|upkeep\n|c| Yangsta|30%\n|\n|t:|1698000214\n|switch|p1a: Flutter Mane|Flutter Mane|100\/100\n|-enditem|p1a: Flutter Mane|Booster Energy\n|-activate|p1a: Flutter Mane|ability: Protosynthesis|[fromitem]\n|-start|p1a: Flutter Mane|protosynthesisspa\n|turn|5\n|\n|t:|1698000228\n|move|p2a: Weevil|Air Slash|p1a: Flutter Mane\n|-damage|p1a: Flutter Mane|18\/100\n|-damage|p2a: Weevil|61\/100|[from] item: Life Orb\n|move|p1a: Flutter Mane|Moonblast|p2a: Weevil\n|-damage|p2a: Weevil|6\/100\n|\n|upkeep\n|turn|6\n|c| Yangsta|omg\n|\n|t:|1698000247\n|-end|p1a: Flutter Mane|Protosynthesis|[silent]\n|switch|p1a: Dachsbun|Dachsbun, F|100\/100\n|move|p2a: Weevil|Air Slash|p1a: Dachsbun\n|-damage|p1a: Dachsbun|0 fnt\n|faint|p1a: Dachsbun\n|-damage|p2a: Weevil|0 fnt|[from] item: Life Orb\n|faint|p2a: Weevil\n|\n|upkeep\n|\n|t:|1698000271\n|switch|p2a: Pyro Chaos 0|Chi-Yu|100\/100\n|switch|p1a: Koraidon|Koraidon|100\/100\n|-weather|SunnyDay|[from] ability: Orichalcum Pulse|[of] p1a: Koraidon\n|-activate|p1a: Koraidon|Orichalcum Pulse|[source]\n|-ability|p2a: Pyro Chaos 0|Beads of Ruin\n|turn|7\n|\n|t:|1698000292\n|switch|p2a: Great Ape Vegeta|Annihilape, M|100\/100\n|move|p1a: Koraidon|Collision Course|p2a: Great Ape Vegeta\n|-immune|p2a: Great Ape Vegeta\n|\n|-weather|SunnyDay|[upkeep]\n|upkeep\n|turn|8\n|c| Yangsta|Mar ur a G\n|\n|t:|1698000323\n|switch|p1a: Corviknight|Corviknight, M|100\/100\n|-ability|p1a: Corviknight|Pressure\n|move|p2a: Great Ape Vegeta|Substitute|p2a: Great Ape Vegeta\n|-start|p2a: Great Ape Vegeta|Substitute\n|-damage|p2a: Great Ape Vegeta|75\/100\n|\n|-weather|SunnyDay|[upkeep]\n|upkeep\n|turn|9\n|\n|t:|1698000340\n|move|p2a: Great Ape Vegeta|Bulk Up|p2a: Great Ape Vegeta\n|-boost|p2a: Great Ape Vegeta|atk|1\n|-boost|p2a: Great Ape Vegeta|def|1\n|move|p1a: Corviknight|Brave Bird|p2a: Great Ape Vegeta\n|-supereffective|p2a: Great Ape Vegeta\n|-end|p2a: Great Ape Vegeta|Substitute\n|-damage|p1a: Corviknight|92\/100|[from] Recoil|[of] p2a: Great Ape Vegeta\n|\n|-weather|SunnyDay|[upkeep]\n|-heal|p1a: Corviknight|98\/100|[from] item: Leftovers\n|upkeep\n|turn|10\n|j| Hand0fD00m\n|\n|t:|1698000381\n|move|p2a: Great Ape Vegeta|Curse|p1a: Corviknight\n|-start|p1a: Corviknight|Curse|[of] p2a: Great Ape Vegeta\n|-damage|p2a: Great Ape Vegeta|25\/100\n|-enditem|p2a: Great Ape Vegeta|Sitrus Berry|[eat]\n|-heal|p2a: Great Ape Vegeta|50\/100|[from] item: Sitrus Berry\n|move|p1a: Corviknight|Brave Bird|p2a: Great Ape Vegeta\n|-supereffective|p2a: Great Ape Vegeta\n|-damage|p2a: Great Ape Vegeta|7\/100\n|-damage|p1a: Corviknight|82\/100|[from] Recoil\n|\n|-weather|SunnyDay|[upkeep]\n|-heal|p1a: Corviknight|88\/100|[from] item: Leftovers\n|-damage|p1a: Corviknight|64\/100|[from] Curse\n|upkeep\n|turn|11\n|c| Hand0fD00m|just got up lol good timing\n|c| Hand0fD00m|who won game 1?\n|\n|t:|1698000404\n|move|p2a: Great Ape Vegeta|Drain Punch|p1a: Corviknight\n|-damage|p1a: Corviknight|31\/100\n|-heal|p2a: Great Ape Vegeta|22\/100|[from] drain|[of] p1a: Corviknight\n|move|p1a: Corviknight|Brave Bird|p2a: Great Ape Vegeta\n|-supereffective|p2a: Great Ape Vegeta\n|-damage|p2a: Great Ape Vegeta|0 fnt\n|faint|p2a: Great Ape Vegeta\n|-damage|p1a: Corviknight|24\/100|[from] Recoil\n|\n|-weather|none\n|-heal|p1a: Corviknight|30\/100|[from] item: Leftovers\n|-damage|p1a: Corviknight|5\/100|[from] Curse\n|upkeep\n|c| Yangsta|mar\n|\n|t:|1698000418\n|switch|p2a: Beep Beep|Espathra, F|100\/100\n|turn|12\n|\n|t:|1698000439\n|switch|p1a: Chi-Yu|Chi-Yu|100\/100\n|-ability|p1a: Chi-Yu|Beads of Ruin\n|move|p2a: Beep Beep|Substitute|p2a: Beep Beep\n|-start|p2a: Beep Beep|Substitute\n|-damage|p2a: Beep Beep|75\/100\n|\n|-ability|p2a: Beep Beep|Speed Boost|boost\n|-boost|p2a: Beep Beep|spe|1\n|upkeep\n|turn|13\n|c| Yangsta|Mar is on fire today\n|\n|t:|1698000489\n|move|p2a: Beep Beep|Shadow Ball|p1a: Chi-Yu\n|-resisted|p1a: Chi-Yu\n|-crit|p1a: Chi-Yu\n|-damage|p1a: Chi-Yu|80\/100\n|move|p1a: Chi-Yu|Dark Pulse|p2a: Beep Beep\n|-supereffective|p2a: Beep Beep\n|-end|p2a: Beep Beep|Substitute\n|\n|-ability|p2a: Beep Beep|Speed Boost|boost\n|-boost|p2a: Beep Beep|spe|1\n|upkeep\n|turn|14\n|\n|t:|1698000503\n|switch|p2a: Pyro Chaos 0|Chi-Yu|100\/100\n|-ability|p2a: Pyro Chaos 0|Beads of Ruin\n|move|p1a: Chi-Yu|Dark Pulse|p2a: Pyro Chaos 0\n|-resisted|p2a: Pyro Chaos 0\n|-damage|p2a: Pyro Chaos 0|83\/100\n|\n|upkeep\n|turn|15\n|\n|t:|1698000523\n|switch|p1a: Corviknight|Corviknight, M|5\/100\n|-ability|p1a: Corviknight|Pressure\n|move|p2a: Pyro Chaos 0|Ruination|p1a: Corviknight|[miss]\n|-miss|p2a: Pyro Chaos 0|p1a: Corviknight\n|\n|-heal|p1a: Corviknight|11\/100|[from] item: Leftovers\n|upkeep\n|turn|16\n|\n|t:|1698000539\n|move|p2a: Pyro Chaos 0|Heat Wave|p1a: Corviknight\n|-supereffective|p1a: Corviknight\n|-damage|p1a: Corviknight|0 fnt\n|faint|p1a: Corviknight\n|\n|upkeep\n|c| Yangsta|isnt ruination like super fang?\n|\n|t:|1698000550\n|switch|p1a: Koraidon|Koraidon|100\/100\n|-weather|SunnyDay|[from] ability: Orichalcum Pulse|[of] p1a: Koraidon\n|-activate|p1a: Koraidon|Orichalcum Pulse|[source]\n|turn|17\n|c| Hand0fD00m|yeah\n|c| Yangsta|thats better on something with less offensive prowess lol\n|c|\u2606TooQuickGrim|The ****a version\n|c| Yangsta|like ting lu\n|c| Yangsta|lolol\n|\n|t:|1698000594\n|switch|p2a: You\u2019re Grounded|Groudon|100\/100\n|move|p1a: Koraidon|Collision Course|p2a: You\u2019re Grounded\n|-damage|p2a: You\u2019re Grounded|59\/100\n|\n|-weather|SunnyDay|[upkeep]\n|upkeep\n|turn|18\n|\n|t:|1698000613\n|move|p1a: Koraidon|Collision Course|p2a: You\u2019re Grounded\n|-damage|p2a: You\u2019re Grounded|15\/100\n|move|p2a: You\u2019re Grounded|Fire Punch|p1a: Koraidon\n|-resisted|p1a: Koraidon\n|-damage|p1a: Koraidon|74\/100\n|\n|-weather|SunnyDay|[upkeep]\n|upkeep\n|turn|19\n|\n|t:|1698000626\n|move|p1a: Koraidon|Collision Course|p2a: You\u2019re Grounded\n|-damage|p2a: You\u2019re Grounded|0 fnt\n|faint|p2a: You\u2019re Grounded\n|\n|-weather|SunnyDay|[upkeep]\n|upkeep\n|c| Yangsta|guess hes not grounded any more lol\n|\n|t:|1698000640\n|switch|p2a: Beep Beep|Espathra, F|75\/100\n|turn|20\n|\n|t:|1698000661\n|switch|p1a: Chi-Yu|Chi-Yu|80\/100\n|-ability|p1a: Chi-Yu|Beads of Ruin\n|move|p2a: Beep Beep|Protect||[still]\n|-fail|p2a: Beep Beep\n|\n|-weather|SunnyDay|[upkeep]\n|-ability|p2a: Beep Beep|Speed Boost|boost\n|-boost|p2a: Beep Beep|spe|1\n|upkeep\n|turn|21\n|\n|t:|1698000688\n|switch|p2a: Pyro Chaos 0|Chi-Yu|83\/100\n|-ability|p2a: Pyro Chaos 0|Beads of Ruin\n|move|p1a: Chi-Yu|Fire Blast|p2a: Pyro Chaos 0\n|-resisted|p2a: Pyro Chaos 0\n|-damage|p2a: Pyro Chaos 0|44\/100\n|\n|-weather|none\n|upkeep\n|turn|22\n|\n|t:|1698000716\n|-terastallize|p1a: Chi-Yu|Fire\n|move|p1a: Chi-Yu|Fire Blast|p2a: Pyro Chaos 0\n|-resisted|p2a: Pyro Chaos 0\n|-damage|p2a: Pyro Chaos 0|10\/100\n|move|p2a: Pyro Chaos 0|Ruination|p1a: Chi-Yu\n|-damage|p1a: Chi-Yu|40\/100\n|\n|upkeep\n|turn|23\n|\n|t:|1698000731\n|move|p1a: Chi-Yu|Fire Blast|p2a: Pyro Chaos 0\n|-resisted|p2a: Pyro Chaos 0\n|-damage|p2a: Pyro Chaos 0|0 fnt\n|faint|p2a: Pyro Chaos 0\n|\n|upkeep\n|c|\u2606Mike Bonobo|did less after tera lol\n|\n|t:|1698000736\n|switch|p2a: Beep Beep|Espathra, F|75\/100\n|turn|24\n|c| Yangsta|Mar stop slippin ya man\n|c| Hand0fD00m|yeah that was odd\n|c| Yangsta|u had em in the first half I cant lie\n|\n|t:|1698000749\n|move|p1a: Chi-Yu|Fire Blast|p2a: Beep Beep|[miss]\n|-miss|p1a: Chi-Yu|p2a: Beep Beep\n|move|p2a: Beep Beep|Substitute|p2a: Beep Beep\n|-start|p2a: Beep Beep|Substitute\n|-damage|p2a: Beep Beep|50\/100\n|\n|-ability|p2a: Beep Beep|Speed Boost|boost\n|-boost|p2a: Beep Beep|spe|1\n|upkeep\n|turn|25\n|\n|t:|1698000764\n|move|p2a: Beep Beep|Lumina Crash|p1a: Chi-Yu\n|-damage|p1a: Chi-Yu|0 fnt\n|faint|p1a: Chi-Yu\n|\n|-ability|p2a: Beep Beep|Speed Boost|boost\n|-boost|p2a: Beep Beep|spe|1\n|upkeep\n|\n|t:|1698000773\n|switch|p1a: Koraidon|Koraidon|74\/100\n|-weather|SunnyDay|[from] ability: Orichalcum Pulse|[of] p1a: Koraidon\n|-activate|p1a: Koraidon|Orichalcum Pulse|[source]\n|turn|26\n|\n|t:|1698000782\n|move|p2a: Beep Beep|Lumina Crash|p1a: Koraidon\n|-supereffective|p1a: Koraidon\n|-damage|p1a: Koraidon|0 fnt\n|faint|p1a: Koraidon\n|\n|-weather|SunnyDay|[upkeep]\n|-ability|p2a: Beep Beep|Speed Boost|boost\n|-boost|p2a: Beep Beep|spe|1\n|upkeep\n|c|\u2606Mike Bonobo|gg\n|\n|t:|1698000790\n|switch|p1a: Flutter Mane|Flutter Mane|18\/100\n|-activate|p1a: Flutter Mane|ability: Protosynthesis\n|-start|p1a: Flutter Mane|protosynthesisspa\n|turn|27\n|c|\u2606TooQuickGrim|Gg\n|\n|t:|1698000799\n|move|p2a: Beep Beep|Shadow Ball|p1a: Flutter Mane\n|-supereffective|p1a: Flutter Mane\n|-damage|p1a: Flutter Mane|0 fnt\n|faint|p1a: Flutter Mane\n|-end|p1a: Flutter Mane|Protosynthesis|[silent]\n|\n|win|TooQuickGrim\n|c| Yangsta|gg\n|c| Hand0fD00m|dang Mar coming in hot, ggs\n","uploadtime":1698000813,"views":9,"p1id":"mikebonobo","p2id":"tooquickgrim","formatid":"gen9ubers","rating":0,"private":0,"password":""}