{"id":"gen9ubers-1990564872","p1":"AlicieLizzie","p2":"Nitro524","format":"[Gen 9] Ubers","log":"|j|\u2606AlicieLizzie\n|j|\u2606Nitro524\n|t:|1699981849\n|gametype|singles\n|player|p1|AlicieLizzie|marnie-masters3|\n|player|p2|Nitro524|hilbert|\n|teamsize|p1|6\n|teamsize|p2|6\n|gen|9\n|tier|[Gen 9] Ubers\n|rule|Sleep Clause Mod: Limit one foe put to sleep\n|rule|Species Clause: Limit one of each Pok\u00e9mon\n|rule|OHKO Clause: OHKO moves are banned\n|rule|Evasion Items Clause: Evasion items are banned\n|rule|Evasion Moves Clause: Evasion moves are banned\n|rule|Endless Battle Clause: Forcing endless battles is banned\n|rule|HP Percentage Mod: HP is shown in percentages\n|clearpoke\n|poke|p1|Jirachi|\n|poke|p1|Arceus-Fire|\n|poke|p1|Kommo-o, F|\n|poke|p1|Cyclizar, M|\n|poke|p1|Ursaluna, M|\n|poke|p1|Gholdengo|\n|poke|p2|Torkoal, M|\n|poke|p2|Chi-Yu|\n|poke|p2|Lilligant-Hisui, F|\n|poke|p2|Arceus-Poison|\n|poke|p2|Roaring Moon|\n|poke|p2|Walking Wake|\n|teampreview\n|inactive|Battle timer is ON: inactive players will automatically lose when time's up. (requested by AlicieLizzie)\n|inactive|Nitro524 also wants the timer to be on.\n|c|\u2606Nitro524|glhf\n|\n|t:|1699981869\n|start\n|switch|p1a: Round and Round|Cyclizar, M|100\/100\n|switch|p2a: Bring The Sun|Torkoal, M|100\/100\n|-weather|SunnyDay|[from] ability: Drought|[of] p2a: Bring The Sun\n|turn|1\n|\n|t:|1699981894\n|switch|p2a: Arceus|Arceus-Poison|100\/100\n|move|p1a: Round and Round|Knock Off|p2a: Arceus\n|-damage|p2a: Arceus|93\/100\n|\n|-weather|SunnyDay|[upkeep]\n|upkeep\n|turn|2\n|\n|t:|1699981903\n|move|p1a: Round and Round|Taunt|p2a: Arceus\n|-start|p2a: Arceus|move: Taunt\n|cant|p2a: Arceus|move: Taunt|Taunt\n|\n|-weather|SunnyDay|[upkeep]\n|upkeep\n|turn|3\n|\n|t:|1699981916\n|move|p1a: Round and Round|Shed Tail|p1a: Round and Round\n|-start|p1a: Round and Round|Substitute|[from] move: Shed Tail\n|-damage|p1a: Round and Round|50\/100\n|\n|t:|1699981918\n|switch|p1a: WelcomeToTheJungle|Ursaluna, M|100\/100|[from] Shed Tail\n|move|p2a: Arceus|Poison Jab|p1a: WelcomeToTheJungle\n|-resisted|p1a: WelcomeToTheJungle\n|-activate|p1a: WelcomeToTheJungle|move: Substitute|[damage]\n|\n|-weather|SunnyDay|[upkeep]\n|-status|p1a: WelcomeToTheJungle|brn|[from] item: Flame Orb\n|upkeep\n|turn|4\n|\n|t:|1699981940\n|switch|p2a: Lilly|Lilligant-Hisui, F|100\/100\n|move|p1a: WelcomeToTheJungle|Headlong Rush|p2a: Lilly\n|-resisted|p2a: Lilly\n|-damage|p2a: Lilly|21\/100\n|-unboost|p1a: WelcomeToTheJungle|def|1\n|-unboost|p1a: WelcomeToTheJungle|spd|1\n|\n|-weather|SunnyDay|[upkeep]\n|-damage|p1a: WelcomeToTheJungle|94\/100 brn|[from] brn\n|upkeep\n|turn|5\n|\n|t:|1699981957\n|move|p2a: Lilly|Solar Blade||[still]\n|-prepare|p2a: Lilly|Solar Blade\n|-anim|p2a: Lilly|Solar Blade|p1a: WelcomeToTheJungle\n|-supereffective|p1a: WelcomeToTheJungle\n|-end|p1a: WelcomeToTheJungle|Substitute\n|move|p1a: WelcomeToTheJungle|Drain Punch|p2a: Lilly\n|-damage|p2a: Lilly|0 fnt\n|-heal|p1a: WelcomeToTheJungle|100\/100 brn|[from] drain|[of] p2a: Lilly\n|faint|p2a: Lilly\n|\n|-weather|SunnyDay|[upkeep]\n|-damage|p1a: WelcomeToTheJungle|94\/100 brn|[from] brn\n|upkeep\n|\n|t:|1699981966\n|switch|p2a: Sitting Sleep|Walking Wake|100\/100\n|-activate|p2a: Sitting Sleep|ability: Protosynthesis\n|-start|p2a: Sitting Sleep|protosynthesisspe\n|turn|6\n|inactive|Nitro524 has 270 seconds left.\n|\n|t:|1699981983\n|switch|p1a: Round and Round|Cyclizar, M|84\/100\n|move|p2a: Sitting Sleep|Draco Meteor|p1a: Round and Round\n|-supereffective|p1a: Round and Round\n|-damage|p1a: Round and Round|0 fnt\n|-unboost|p2a: Sitting Sleep|spa|2\n|faint|p1a: Round and Round\n|\n|-weather|SunnyDay|[upkeep]\n|upkeep\n|\n|t:|1699981990\n|switch|p1a: Iron (Head) Man|Jirachi|100\/100\n|turn|7\n|c|\u2606Nitro524|real\n|c|\u2606Nitro524|love rachi\n|inactive|Nitro524 has 270 seconds left.\n|\n|t:|1699982008\n|-end|p2a: Sitting Sleep|Protosynthesis|[silent]\n|switch|p2a: Did Not Smile Back|Chi-Yu|100\/100\n|-ability|p2a: Did Not Smile Back|Beads of Ruin\n|move|p1a: Iron (Head) Man|Drain Punch|p2a: Did Not Smile Back\n|-supereffective|p2a: Did Not Smile Back\n|-damage|p2a: Did Not Smile Back|32\/100\n|\n|-weather|SunnyDay|[upkeep]\n|upkeep\n|turn|8\n|inactive|Nitro524 has 270 seconds left.\n|\n|t:|1699982019\n|switch|p2a: Arceus|Arceus-Poison|93\/100\n|move|p1a: Iron (Head) Man|Drain Punch|p2a: Arceus\n|-resisted|p2a: Arceus\n|-damage|p2a: Arceus|86\/100\n|\n|-weather|none\n|upkeep\n|turn|9\n|\n|t:|1699982025\n|switch|p1a: WelcomeToTheJungle|Ursaluna, M|94\/100 brn\n|move|p2a: Arceus|Will-O-Wisp|p1a: WelcomeToTheJungle\n|-fail|p1a: WelcomeToTheJungle|brn\n|\n|-damage|p1a: WelcomeToTheJungle|88\/100 brn|[from] brn\n|upkeep\n|turn|10\n|inactive|Nitro524 has 270 seconds left.\n|\n|t:|1699982052\n|switch|p2a: Bring The Sun|Torkoal, M|100\/100\n|-weather|SunnyDay|[from] ability: Drought|[of] p2a: Bring The Sun\n|move|p1a: WelcomeToTheJungle|Headlong Rush|p2a: Bring The Sun\n|-supereffective|p2a: Bring The Sun\n|-damage|p2a: Bring The Sun|0 fnt\n|-unboost|p1a: WelcomeToTheJungle|def|1\n|-unboost|p1a: WelcomeToTheJungle|spd|1\n|faint|p2a: Bring The Sun\n|\n|-weather|SunnyDay|[upkeep]\n|-damage|p1a: WelcomeToTheJungle|82\/100 brn|[from] brn\n|upkeep\n|\n|t:|1699982068\n|switch|p2a: Sitting Sleep|Walking Wake|100\/100\n|-activate|p2a: Sitting Sleep|ability: Protosynthesis\n|-start|p2a: Sitting Sleep|protosynthesisspe\n|turn|11\n|\n|t:|1699982079\n|move|p1a: WelcomeToTheJungle|Protect|p1a: WelcomeToTheJungle\n|-singleturn|p1a: WelcomeToTheJungle|Protect\n|move|p2a: Sitting Sleep|Hydro Steam|p1a: WelcomeToTheJungle\n|-activate|p1a: WelcomeToTheJungle|move: Protect\n|\n|-weather|SunnyDay|[upkeep]\n|-damage|p1a: WelcomeToTheJungle|76\/100 brn|[from] brn\n|upkeep\n|turn|12\n|\n|t:|1699982105\n|switch|p1a: Shiroyama|Kommo-o, F|100\/100\n|move|p2a: Sitting Sleep|Hydro Steam|p1a: Shiroyama\n|-resisted|p1a: Shiroyama\n|-damage|p1a: Shiroyama|53\/100\n|\n|-weather|SunnyDay|[upkeep]\n|upkeep\n|turn|13\n|inactive|Nitro524 has 240 seconds left.\n|inactive|AlicieLizzie has 270 seconds left.\n|inactive|Nitro524 has 210 seconds left.\n|\n|t:|1699982167\n|move|p2a: Sitting Sleep|Hydro Steam|p1a: Shiroyama\n|-resisted|p1a: Shiroyama\n|-damage|p1a: Shiroyama|0 fnt\n|faint|p1a: Shiroyama\n|\n|-weather|SunnyDay|[upkeep]\n|upkeep\n|c|\u2606Nitro524|damn\n|inactive|AlicieLizzie has 270 seconds left.\n|c|\u2606Nitro524|didn't even need to tech that\n|c|\u2606AlicieLizzie|high Roll <\/3\n|c|\u2606Nitro524|very rip\n|c|\u2606Nitro524|hey\n|\n|t:|1699982194\n|switch|p1a: Money|Gholdengo|100\/100\n|turn|14\n|c|\u2606Nitro524|consider it vengeance for those like 5 battles we had when i joined the server lmao\n|\n|t:|1699982205\n|move|p2a: Sitting Sleep|Hydro Steam|p1a: Money\n|-damage|p1a: Money|3\/100\n|move|p1a: Money|Make It Rain|p2a: Sitting Sleep\n|-resisted|p2a: Sitting Sleep\n|-damage|p2a: Sitting Sleep|61\/100\n|-unboost|p1a: Money|spa|1\n|\n|-weather|SunnyDay|[upkeep]\n|upkeep\n|turn|15\n|c|\u2606Nitro524|yoooo the clutch\n|\n|t:|1699982215\n|move|p2a: Sitting Sleep|Hydro Steam|p1a: Money\n|-damage|p1a: Money|0 fnt\n|faint|p1a: Money\n|\n|-weather|SunnyDay|[upkeep]\n|upkeep\n|\n|t:|1699982217\n|switch|p1a: Iron (Head) Man|Jirachi|100\/100\n|turn|16\n|\n|t:|1699982231\n|-end|p2a: Sitting Sleep|Protosynthesis|[silent]\n|switch|p2a: Arceus|Arceus-Poison|86\/100\n|move|p1a: Iron (Head) Man|Body Slam|p2a: Arceus\n|-damage|p2a: Arceus|73\/100\n|-status|p2a: Arceus|par\n|\n|-weather|SunnyDay|[upkeep]\n|upkeep\n|turn|17\n|\n|t:|1699982240\n|switch|p1a: Jump in the Fire|Arceus-Fire|100\/100\n|move|p2a: Arceus|Recover|p2a: Arceus\n|-heal|p2a: Arceus|100\/100 par\n|\n|-weather|none\n|upkeep\n|turn|18\n|\n|t:|1699982245\n|move|p1a: Jump in the Fire|Swords Dance|p1a: Jump in the Fire\n|-boost|p1a: Jump in the Fire|atk|2\n|move|p2a: Arceus|Taunt|p1a: Jump in the Fire\n|-start|p1a: Jump in the Fire|move: Taunt\n|\n|upkeep\n|turn|19\n|\n|t:|1699982253\n|move|p1a: Jump in the Fire|Flare Blitz|p2a: Arceus\n|-damage|p2a: Arceus|24\/100 par\n|-damage|p1a: Jump in the Fire|75\/100|[from] Recoil\n|move|p2a: Arceus|Poison Jab|p1a: Jump in the Fire\n|-damage|p1a: Jump in the Fire|51\/100\n|\n|upkeep\n|turn|20\n|inactive|Nitro524 has 240 seconds left.\n|\n|t:|1699982282\n|move|p1a: Jump in the Fire|Extreme Speed|p2a: Arceus\n|-damage|p2a: Arceus|0 fnt\n|faint|p2a: Arceus\n|\n|upkeep\n|\n|t:|1699982300\n|switch|p2a: Hector Salamanca|Roaring Moon|100\/100\n|-enditem|p2a: Hector Salamanca|Booster Energy\n|-activate|p2a: Hector Salamanca|ability: Protosynthesis|[fromitem]\n|-start|p2a: Hector Salamanca|protosynthesisspe\n|turn|21\n|\n|t:|1699982306\n|move|p1a: Jump in the Fire|Extreme Speed|p2a: Hector Salamanca\n|-damage|p2a: Hector Salamanca|27\/100\n|move|p2a: Hector Salamanca|Earthquake|p1a: Jump in the Fire\n|-supereffective|p1a: Jump in the Fire\n|-damage|p1a: Jump in the Fire|7\/100\n|\n|-end|p1a: Jump in the Fire|move: Taunt\n|upkeep\n|turn|22\n|c|\u2606Nitro524|welp\n|c|\u2606Nitro524|gg\n|inactive|Nitro524 has 210 seconds left.\n|\n|t:|1699982359\n|move|p1a: Jump in the Fire|Extreme Speed|p2a: Hector Salamanca\n|-damage|p2a: Hector Salamanca|0 fnt\n|faint|p2a: Hector Salamanca\n|-end|p2a: Hector Salamanca|Protosynthesis|[silent]\n|\n|upkeep\n|\n|t:|1699982367\n|switch|p2a: Sitting Sleep|Walking Wake|61\/100\n|turn|23\n|\n|t:|1699982373\n|-terastallize|p1a: Jump in the Fire|Normal\n|move|p1a: Jump in the Fire|Extreme Speed|p2a: Sitting Sleep\n|-damage|p2a: Sitting Sleep|0 fnt\n|faint|p2a: Sitting Sleep\n|-end|p2a: Sitting Sleep|Protosynthesis|[silent]\n|\n|upkeep\n|\n|t:|1699982375\n|switch|p2a: Did Not Smile Back|Chi-Yu|32\/100\n|-ability|p2a: Did Not Smile Back|Beads of Ruin\n|turn|24\n|c|\u2606Nitro524|gg\n|\n|t:|1699982380\n|move|p1a: Jump in the Fire|Extreme Speed|p2a: Did Not Smile Back\n|-crit|p2a: Did Not Smile Back\n|-damage|p2a: Did Not Smile Back|0 fnt\n|faint|p2a: Did Not Smile Back\n|\n|win|AlicieLizzie\n|c|\u2606AlicieLizzie|ggwp\n|c|\u2606Nitro524|u2\n|c|\u2606Nitro524|re?\n","uploadtime":1699982387,"views":11,"p1id":"alicielizzie","p2id":"nitro524","formatid":"gen9ubers","rating":0,"private":0,"password":""}