{"id":"gen9ubers-1977757803","p1":"Judgie","p2":"The_beastgod12","format":"[Gen 9] Ubers","log":"|j|\u2606Judgie\n|j|\u203dThe_beastgod12\n|t:|1698446086\n|gametype|singles\n|player|p1|Judgie|policeman-gen4|\n|player|p2|The_beastgod12|hilbert|\n|teamsize|p1|6\n|teamsize|p2|6\n|gen|9\n|tier|[Gen 9] Ubers\n|rule|Sleep Clause Mod: Limit one foe put to sleep\n|rule|Species Clause: Limit one of each Pok\u00e9mon\n|rule|OHKO Clause: OHKO moves are banned\n|rule|Evasion Items Clause: Evasion items are banned\n|rule|Evasion Moves Clause: Evasion moves are banned\n|rule|Endless Battle Clause: Forcing endless battles is banned\n|rule|HP Percentage Mod: HP is shown in percentages\n|clearpoke\n|poke|p1|Chi-Yu|\n|poke|p1|Masquerain, M|\n|poke|p1|Roaring Moon|\n|poke|p1|Regieleki|\n|poke|p1|Sandy Shocks|\n|poke|p1|Goodra-Hisui, F|\n|poke|p2|Meloetta|\n|poke|p2|Landorus-Therian, M|\n|poke|p2|Ceruledge, F|\n|poke|p2|Grimmsnarl, M|\n|poke|p2|Kleavor, F|\n|poke|p2|Zapdos-Galar|\n|teampreview\n|\n|t:|1698446113\n|start\n|switch|p1a: Bug Boy|Masquerain, M, shiny|100\/100\n|switch|p2a: Grimmsnarl|Grimmsnarl, M|100\/100\n|-ability|p1a: Bug Boy|Intimidate|boost\n|-unboost|p2a: Grimmsnarl|atk|1\n|turn|1\n|\n|t:|1698446122\n|move|p2a: Grimmsnarl|Taunt|p1a: Bug Boy\n|-start|p1a: Bug Boy|move: Taunt\n|cant|p1a: Bug Boy|move: Taunt|Sticky Web\n|\n|upkeep\n|turn|2\n|\n|t:|1698446127\n|move|p2a: Grimmsnarl|Light Screen|p2a: Grimmsnarl\n|-sidestart|p2: The_beastgod12|move: Light Screen\n|move|p1a: Bug Boy|Bug Buzz|p2a: Grimmsnarl\n|-damage|p2a: Grimmsnarl|80\/100\n|\n|upkeep\n|turn|3\n|\n|t:|1698446142\n|move|p2a: Grimmsnarl|Reflect|p2a: Grimmsnarl\n|-sidestart|p2: The_beastgod12|Reflect\n|move|p1a: Bug Boy|Bug Buzz|p2a: Grimmsnarl\n|-damage|p2a: Grimmsnarl|61\/100\n|\n|-end|p1a: Bug Boy|move: Taunt\n|upkeep\n|turn|4\n|\n|t:|1698446153\n|switch|p2a: Kleavor|Kleavor, F|100\/100\n|move|p1a: Bug Boy|Stun Spore|p2a: Kleavor|[miss]\n|-miss|p1a: Bug Boy|p2a: Kleavor\n|\n|upkeep\n|turn|5\n|\n|t:|1698446161\n|move|p1a: Bug Boy|Sticky Web|p2a: Kleavor\n|-sidestart|p2: The_beastgod12|move: Sticky Web\n|move|p2a: Kleavor|Stone Axe|p1a: Bug Boy\n|-supereffective|p1a: Bug Boy\n|-enditem|p1a: Bug Boy|Focus Sash\n|-damage|p1a: Bug Boy|1\/100\n|-sidestart|p1: Judgie|move: Stealth Rock\n|\n|upkeep\n|turn|6\n|\n|t:|1698446169\n|move|p2a: Kleavor|Quick Attack|p1a: Bug Boy\n|-damage|p1a: Bug Boy|0 fnt\n|faint|p1a: Bug Boy\n|\n|upkeep\n|\n|t:|1698446189\n|switch|p1a: Tox|Sandy Shocks, shiny|100\/100\n|-damage|p1a: Tox|94\/100|[from] Stealth Rock\n|-enditem|p1a: Tox|Booster Energy\n|-activate|p1a: Tox|ability: Protosynthesis|[fromitem]\n|-start|p1a: Tox|protosynthesisspa\n|turn|7\n|\n|t:|1698446199\n|move|p1a: Tox|Earth Power|p2a: Kleavor\n|-damage|p2a: Kleavor|76\/100\n|move|p2a: Kleavor|X-Scissor|p1a: Tox\n|-damage|p1a: Tox|24\/100\n|\n|upkeep\n|turn|8\n|\n|t:|1698446212\n|move|p1a: Tox|Volt Switch|p2a: Kleavor\n|-damage|p2a: Kleavor|59\/100\n|\n|t:|1698446215\n|-end|p1a: Tox|Protosynthesis|[silent]\n|switch|p1a: Tonka|Goodra-Hisui, F, shiny|100\/100|[from] Volt Switch\n|-damage|p1a: Tonka|94\/100|[from] Stealth Rock\n|move|p2a: Kleavor|X-Scissor|p1a: Tonka\n|-resisted|p1a: Tonka\n|-damage|p1a: Tonka|71\/100\n|\n|-heal|p1a: Tonka|77\/100|[from] item: Leftovers\n|upkeep\n|turn|9\n|\n|t:|1698446230\n|move|p2a: Kleavor|X-Scissor|p1a: Tonka\n|-resisted|p1a: Tonka\n|-damage|p1a: Tonka|54\/100\n|move|p1a: Tonka|Flash Cannon|p2a: Kleavor\n|-supereffective|p2a: Kleavor\n|-damage|p2a: Kleavor|35\/100\n|-unboost|p2a: Kleavor|spd|1\n|\n|-heal|p1a: Tonka|60\/100|[from] item: Leftovers\n|-sideend|p2: The_beastgod12|move: Light Screen\n|upkeep\n|turn|10\n|\n|t:|1698446239\n|move|p2a: Kleavor|X-Scissor|p1a: Tonka\n|-resisted|p1a: Tonka\n|-damage|p1a: Tonka|38\/100\n|move|p1a: Tonka|Flash Cannon|p2a: Kleavor\n|-supereffective|p2a: Kleavor\n|-damage|p2a: Kleavor|0 fnt\n|faint|p2a: Kleavor\n|\n|-heal|p1a: Tonka|44\/100|[from] item: Leftovers\n|-sideend|p2: The_beastgod12|Reflect\n|upkeep\n|\n|t:|1698446246\n|switch|p2a: Grimmsnarl|Grimmsnarl, M|61\/100\n|-activate|p2a: Grimmsnarl|move: Sticky Web\n|-unboost|p2a: Grimmsnarl|spe|1\n|turn|11\n|\n|t:|1698446253\n|move|p2a: Grimmsnarl|Light Screen|p2a: Grimmsnarl\n|-sidestart|p2: The_beastgod12|move: Light Screen\n|move|p1a: Tonka|Flash Cannon|p2a: Grimmsnarl\n|-supereffective|p2a: Grimmsnarl\n|-damage|p2a: Grimmsnarl|32\/100\n|\n|-heal|p1a: Tonka|50\/100|[from] item: Leftovers\n|upkeep\n|turn|12\n|\n|t:|1698446259\n|move|p2a: Grimmsnarl|Reflect|p2a: Grimmsnarl\n|-sidestart|p2: The_beastgod12|Reflect\n|move|p1a: Tonka|Flash Cannon|p2a: Grimmsnarl\n|-supereffective|p2a: Grimmsnarl\n|-damage|p2a: Grimmsnarl|6\/100\n|\n|-heal|p1a: Tonka|56\/100|[from] item: Leftovers\n|upkeep\n|turn|13\n|\n|t:|1698446265\n|move|p1a: Tonka|Flash Cannon|p2a: Grimmsnarl\n|-supereffective|p2a: Grimmsnarl\n|-damage|p2a: Grimmsnarl|0 fnt\n|faint|p2a: Grimmsnarl\n|\n|-heal|p1a: Tonka|62\/100|[from] item: Leftovers\n|upkeep\n|\n|t:|1698446268\n|switch|p2a: Zapdos|Zapdos-Galar|100\/100\n|turn|14\n|l|\u203dThe_beastgod12\n|player|p2|\n|\n|t:|1698446282\n|-terastallize|p1a: Tonka|Water\n|move|p2a: Zapdos|Thunderous Kick|p1a: Tonka\n|-damage|p1a: Tonka|27\/100\n|-unboost|p1a: Tonka|def|1\n|move|p1a: Tonka|Thunderbolt|p2a: Zapdos\n|-supereffective|p2a: Zapdos\n|-damage|p2a: Zapdos|76\/100\n|\n|-heal|p1a: Tonka|33\/100|[from] item: Leftovers\n|upkeep\n|turn|15\n|j|\u203dThe_beastgod12\n|player|p2|The_beastgod12|hilbert\n|n|\u203dThe_beastgod12|thebeastgod12\n|\n|t:|1698446314\n|switch|p1a: Tox|Sandy Shocks, shiny|24\/100\n|-damage|p1a: Tox|18\/100|[from] Stealth Rock\n|-terastallize|p2a: Zapdos|Fighting\n|move|p2a: Zapdos|Thunderous Kick|p1a: Tox\n|-damage|p1a: Tox|0 fnt\n|faint|p1a: Tox\n|-end|p1a: Tox|Protosynthesis|[silent]\n|\n|upkeep\n|\n|t:|1698446326\n|switch|p1a: Tonka|Goodra-Hisui, F, shiny, tera:Water|33\/100\n|-damage|p1a: Tonka|21\/100|[from] Stealth Rock\n|turn|16\n|\n|t:|1698446330\n|move|p2a: Zapdos|Thunderous Kick|p1a: Tonka\n|-damage|p1a: Tonka|0 fnt\n|faint|p1a: Tonka\n|\n|upkeep\n|\n|t:|1698446338\n|switch|p1a: Raymundo|Roaring Moon|100\/100\n|-damage|p1a: Raymundo|88\/100|[from] Stealth Rock\n|-enditem|p1a: Raymundo|Booster Energy\n|-activate|p1a: Raymundo|ability: Protosynthesis|[fromitem]\n|-start|p1a: Raymundo|protosynthesisatk\n|turn|17\n|\n|t:|1698446345\n|move|p2a: Zapdos|Thunderous Kick|p1a: Raymundo\n|-supereffective|p1a: Raymundo\n|-damage|p1a: Raymundo|0 fnt\n|faint|p1a: Raymundo\n|-end|p1a: Raymundo|Protosynthesis|[silent]\n|\n|upkeep\n|\n|t:|1698446357\n|switch|p1a: RipVanWinkle|Regieleki|100\/100\n|-damage|p1a: RipVanWinkle|88\/100|[from] Stealth Rock\n|turn|18\n|\n|t:|1698446364\n|move|p1a: RipVanWinkle|Thunderbolt|p2a: Zapdos\n|-damage|p2a: Zapdos|36\/100\n|-damage|p1a: RipVanWinkle|78\/100|[from] item: Life Orb\n|move|p2a: Zapdos|Thunderous Kick|p1a: RipVanWinkle\n|-crit|p1a: RipVanWinkle\n|-damage|p1a: RipVanWinkle|0 fnt\n|faint|p1a: RipVanWinkle\n|\n|-sideend|p2: The_beastgod12|move: Light Screen\n|upkeep\n|\n|t:|1698446373\n|switch|p1a: John|Chi-Yu|100\/100\n|-damage|p1a: John|76\/100|[from] Stealth Rock\n|-ability|p1a: John|Beads of Ruin\n|turn|19\n|\n|t:|1698446380\n|move|p2a: Zapdos|Thunderous Kick|p1a: John\n|-supereffective|p1a: John\n|-damage|p1a: John|0 fnt\n|faint|p1a: John\n|\n|win|The_beastgod12\n|c|\u2606Judgie|daaang\n|l|\u2606Judgie\n","uploadtime":1698446409,"views":7,"p1id":"judgie","p2id":"thebeastgod12","formatid":"gen9ubers","rating":0,"private":0,"password":""}