{"id":"gen9ubers-1974210772","p1":"Yankiken","p2":"Bohbohboh","format":"[Gen 9] Ubers","log":"|j|\u2606Yankiken\n|j|\u2606Bohbohboh\n|t:|1698068660\n|gametype|singles\n|player|p1|Yankiken|lady-gen4|\n|player|p2|Bohbohboh|169|\n|teamsize|p1|6\n|teamsize|p2|6\n|gen|9\n|tier|[Gen 9] Ubers\n|rule|Sleep Clause Mod: Limit one foe put to sleep\n|rule|Species Clause: Limit one of each Pok\u00e9mon\n|rule|OHKO Clause: OHKO moves are banned\n|rule|Evasion Items Clause: Evasion items are banned\n|rule|Evasion Moves Clause: Evasion moves are banned\n|rule|Endless Battle Clause: Forcing endless battles is banned\n|rule|HP Percentage Mod: HP is shown in percentages\n|clearpoke\n|poke|p1|Haxorus, M|\n|poke|p1|Great Tusk|\n|poke|p1|Ribombee, M|\n|poke|p1|Iron Valiant|\n|poke|p1|Gholdengo|\n|poke|p1|Roaring Moon|\n|poke|p2|Koraidon|\n|poke|p2|Miraidon|\n|poke|p2|Arceus-Ground|\n|poke|p2|Regieleki|\n|poke|p2|Flutter Mane|\n|poke|p2|Ogerpon-Hearthflame, F|\n|teampreview\n|l|\u2606Yankiken\n|player|p1|\n|j|\u2606Yankiken\n|player|p1|Yankiken|lady-gen4\n|l|\u2606Yankiken\n|player|p1|\n|j|\u2606Yankiken\n|player|p1|Yankiken|lady-gen4\n|\n|t:|1698068718\n|start\n|switch|p1a: Ribombee|Ribombee, M|100\/100\n|switch|p2a: Arceus|Arceus-Ground|100\/100\n|turn|1\n|inactive|Battle timer is ON: inactive players will automatically lose when time's up. (requested by Yankiken)\n|\n|t:|1698068729\n|move|p1a: Ribombee|Sticky Web|p2a: Arceus\n|-sidestart|p2: Bohbohboh|move: Sticky Web\n|move|p2a: Arceus|Ice Beam|p1a: Ribombee\n|-damage|p1a: Ribombee|45\/100\n|\n|upkeep\n|turn|2\n|\n|t:|1698068734\n|move|p1a: Ribombee|Stun Spore|p2a: Arceus\n|-status|p2a: Arceus|par\n|cant|p2a: Arceus|par\n|\n|upkeep\n|turn|3\n|\n|t:|1698068737\n|move|p1a: Ribombee|Moonblast|p2a: Arceus\n|-damage|p2a: Arceus|75\/100 par\n|move|p2a: Arceus|Ice Beam|p1a: Ribombee\n|-damage|p1a: Ribombee|0 fnt\n|faint|p1a: Ribombee\n|\n|upkeep\n|\n|t:|1698068748\n|switch|p1a: Haxorus|Haxorus, M|100\/100\n|-ability|p1a: Haxorus|Mold Breaker\n|turn|4\n|\n|t:|1698068758\n|move|p1a: Haxorus|Swords Dance|p1a: Haxorus\n|-boost|p1a: Haxorus|atk|2\n|move|p2a: Arceus|Ice Beam|p1a: Haxorus\n|-supereffective|p1a: Haxorus\n|-damage|p1a: Haxorus|2\/100\n|\n|upkeep\n|turn|5\n|\n|t:|1698068765\n|move|p1a: Haxorus|Scale Shot|p2a: Arceus\n|-damage|p2a: Arceus|57\/100 par\n|-damage|p2a: Arceus|39\/100 par\n|-damage|p2a: Arceus|19\/100 par\n|-damage|p2a: Arceus|1\/100 par\n|-damage|p2a: Arceus|0 fnt\n|faint|p2a: Arceus\n|-hitcount|p2: Arceus|5\n|-unboost|p1a: Haxorus|def|1\n|-boost|p1a: Haxorus|spe|1\n|\n|upkeep\n|\n|t:|1698068775\n|switch|p2a: Regieleki|Regieleki|100\/100\n|-activate|p2a: Regieleki|move: Sticky Web\n|-unboost|p2a: Regieleki|spe|1\n|turn|6\n|\n|t:|1698068780\n|move|p1a: Haxorus|Close Combat|p2a: Regieleki\n|-damage|p2a: Regieleki|0 fnt\n|-unboost|p1a: Haxorus|def|1\n|-unboost|p1a: Haxorus|spd|1\n|faint|p2a: Regieleki\n|\n|upkeep\n|\n|t:|1698068788\n|switch|p2a: Koraidon|Koraidon|100\/100\n|-activate|p2a: Koraidon|move: Sticky Web\n|-unboost|p2a: Koraidon|spe|1\n|-weather|SunnyDay|[from] ability: Orichalcum Pulse|[of] p2a: Koraidon\n|-activate|p2a: Koraidon|Orichalcum Pulse|[source]\n|turn|7\n|\n|t:|1698068799\n|switch|p2a: Flutter Mane|Flutter Mane|100\/100\n|-activate|p2a: Flutter Mane|move: Sticky Web\n|-unboost|p2a: Flutter Mane|spe|1\n|-activate|p2a: Flutter Mane|ability: Protosynthesis\n|-start|p2a: Flutter Mane|protosynthesisspa\n|move|p1a: Haxorus|Scale Shot|p2a: Flutter Mane\n|-immune|p2a: Flutter Mane\n|\n|-weather|SunnyDay|[upkeep]\n|upkeep\n|turn|8\n|\n|t:|1698068807\n|-terastallize|p1a: Haxorus|Steel\n|move|p1a: Haxorus|Iron Head|p2a: Flutter Mane\n|-supereffective|p2a: Flutter Mane\n|-damage|p2a: Flutter Mane|0 fnt\n|faint|p2a: Flutter Mane\n|-end|p2a: Flutter Mane|Protosynthesis|[silent]\n|\n|-weather|SunnyDay|[upkeep]\n|upkeep\n|\n|t:|1698068810\n|switch|p2a: Miraidon|Miraidon|100\/100\n|-activate|p2a: Miraidon|move: Sticky Web\n|-unboost|p2a: Miraidon|spe|1\n|-fieldstart|move: Electric Terrain|[from] ability: Hadron Engine|[of] p2a: Miraidon\n|turn|9\n|\n|t:|1698068815\n|-terastallize|p2a: Miraidon|Electric\n|move|p1a: Haxorus|Scale Shot|p2a: Miraidon\n|-damage|p2a: Miraidon|74\/100\n|-damage|p2a: Miraidon|47\/100\n|-damage|p2a: Miraidon|16\/100\n|-damage|p2a: Miraidon|0 fnt\n|faint|p2a: Miraidon\n|-hitcount|p2: Miraidon|4\n|-unboost|p1a: Haxorus|def|1\n|-boost|p1a: Haxorus|spe|1\n|\n|-weather|SunnyDay|[upkeep]\n|upkeep\n|\n|t:|1698068824\n|switch|p2a: Ogerpon|Ogerpon-Hearthflame, F|100\/100\n|-activate|p2a: Ogerpon|move: Sticky Web\n|-unboost|p2a: Ogerpon|spe|1\n|-ability|p2a: Ogerpon|Mold Breaker\n|turn|10\n|c|\u2606Yankiken|\u0102n nh\u1ee5c \u0111i con\n|\n|t:|1698068832\n|move|p1a: Haxorus|Scale Shot|p2a: Ogerpon\n|-damage|p2a: Ogerpon|61\/100\n|-damage|p2a: Ogerpon|22\/100\n|-damage|p2a: Ogerpon|0 fnt\n|faint|p2a: Ogerpon\n|-hitcount|p2: Ogerpon|3\n|-unboost|p1a: Haxorus|def|1\n|-boost|p1a: Haxorus|spe|1\n|\n|-weather|SunnyDay|[upkeep]\n|upkeep\n|c|\u2606Bohbohboh|noooooooooooooo\n|-message|Bohbohboh forfeited.\n|\n|win|Yankiken\n|l|\u2606Bohbohboh\n|l|\u2606Yankiken\n|j|\u2606Yankiken\n|player|p1|Yankiken|lady-gen4\n","uploadtime":1698068882,"views":24,"p1id":"yankiken","p2id":"bohbohboh","formatid":"gen9ubers","rating":0,"private":0,"password":""}