{"id":"gen9ubers-1990244886","p1":"MrPal","p2":"Derpzones","format":"[Gen 9] Ubers","log":"|j|\u2606MrPal\n|j|\u2606Derpzones\n|t:|1699943603\n|gametype|singles\n|player|p1|MrPal|266|1230\n|player|p2|Derpzones|silver|1332\n|teamsize|p1|6\n|teamsize|p2|6\n|gen|9\n|tier|[Gen 9] Ubers\n|rated|\n|rule|Sleep Clause Mod: Limit one foe put to sleep\n|rule|Species Clause: Limit one of each Pok\u00e9mon\n|rule|OHKO Clause: OHKO moves are banned\n|rule|Evasion Items Clause: Evasion items are banned\n|rule|Evasion Moves Clause: Evasion moves are banned\n|rule|Endless Battle Clause: Forcing endless battles is banned\n|rule|HP Percentage Mod: HP is shown in percentages\n|clearpoke\n|poke|p1|Ursaluna-Bloodmoon, M|\n|poke|p1|Kingambit, M|\n|poke|p1|Iron Valiant|\n|poke|p1|Ceruledge, F|\n|poke|p1|Baxcalibur, M|\n|poke|p1|Ogerpon-Wellspring, F|\n|poke|p2|Chi-Yu|\n|poke|p2|Groudon|\n|poke|p2|Ogerpon-Hearthflame, F|\n|poke|p2|Walking Wake|\n|poke|p2|Flutter Mane|\n|poke|p2|Scizor, F|\n|teampreview\n|inactive|Battle timer is ON: inactive players will automatically lose when time's up. (requested by Derpzones)\n|\n|t:|1699943627\n|start\n|switch|p1a: Ogerpon|Ogerpon-Wellspring, F|100\/100\n|switch|p2a: War Crime|Flutter Mane|100\/100\n|turn|1\n|\n|t:|1699943638\n|move|p2a: War Crime|Moonblast|p1a: Ogerpon\n|-damage|p1a: Ogerpon|39\/100\n|-unboost|p1a: Ogerpon|spa|1\n|move|p1a: Ogerpon|U-turn|p2a: War Crime\n|-resisted|p2a: War Crime\n|-damage|p2a: War Crime|85\/100\n|\n|t:|1699943649\n|switch|p1a: Kingambit|Kingambit, M|100\/100|[from] U-turn\n|\n|upkeep\n|turn|2\n|\n|t:|1699943662\n|move|p2a: War Crime|Moonblast|p1a: Kingambit\n|-damage|p1a: Kingambit|71\/100\n|move|p1a: Kingambit|Iron Head|p2a: War Crime\n|-supereffective|p2a: War Crime\n|-damage|p2a: War Crime|0 fnt\n|faint|p2a: War Crime\n|-end|p2a: War Crime|Protosynthesis|[silent]\n|\n|upkeep\n|inactive|Derpzones has 120 seconds left.\n|\n|t:|1699943702\n|switch|p2a: Literal Big Stall|Groudon|100\/100\n|-weather|SunnyDay|[from] ability: Drought|[of] p2a: Literal Big Stall\n|turn|3\n|\n|t:|1699943713\n|-end|p1a: Kingambit|fallenundefined|[silent]\n|switch|p1a: Baxcalibur|Baxcalibur, M, shiny|100\/100\n|move|p2a: Literal Big Stall|Thunder Wave|p1a: Baxcalibur|[miss]\n|-miss|p2a: Literal Big Stall|p1a: Baxcalibur\n|\n|-weather|SunnyDay|[upkeep]\n|upkeep\n|turn|4\n|inactive|Derpzones has 120 seconds left.\n|\n|t:|1699943725\n|move|p1a: Baxcalibur|Ice Shard|p2a: Literal Big Stall\n|-supereffective|p2a: Literal Big Stall\n|-damage|p2a: Literal Big Stall|73\/100\n|-damage|p1a: Baxcalibur|91\/100|[from] item: Life Orb\n|move|p2a: Literal Big Stall|Thunder Wave|p1a: Baxcalibur\n|-status|p1a: Baxcalibur|par\n|\n|-weather|SunnyDay|[upkeep]\n|upkeep\n|turn|5\n|\n|t:|1699943734\n|move|p1a: Baxcalibur|Ice Shard|p2a: Literal Big Stall\n|-supereffective|p2a: Literal Big Stall\n|-damage|p2a: Literal Big Stall|42\/100\n|-damage|p1a: Baxcalibur|81\/100 par|[from] item: Life Orb\n|move|p2a: Literal Big Stall|Spikes|p1a: Baxcalibur\n|-sidestart|p1: MrPal|Spikes\n|\n|-weather|SunnyDay|[upkeep]\n|upkeep\n|turn|6\n|\n|t:|1699943751\n|switch|p2a: Hydrogen Bomb|Chi-Yu|100\/100\n|-ability|p2a: Hydrogen Bomb|Beads of Ruin\n|cant|p1a: Baxcalibur|par\n|\n|-weather|SunnyDay|[upkeep]\n|upkeep\n|turn|7\n|\n|t:|1699943770\n|move|p2a: Hydrogen Bomb|Flamethrower|p1a: Baxcalibur\n|-damage|p1a: Baxcalibur|0 fnt\n|faint|p1a: Baxcalibur\n|\n|-weather|SunnyDay|[upkeep]\n|upkeep\n|\n|t:|1699943787\n|switch|p1a: Iron Valiant|Iron Valiant, shiny|100\/100\n|-damage|p1a: Iron Valiant|88\/100|[from] Spikes\n|turn|8\n|\n|t:|1699943793\n|move|p2a: Hydrogen Bomb|Flamethrower|p1a: Iron Valiant\n|-damage|p1a: Iron Valiant|0 fnt\n|faint|p1a: Iron Valiant\n|-end|p1a: Iron Valiant|Quark Drive|[silent]\n|\n|-weather|SunnyDay|[upkeep]\n|upkeep\n|inactive|MrPal has 120 seconds left.\n|\n|t:|1699943814\n|switch|p1a: Ceruledge|Ceruledge, F, shiny|100\/100\n|-damage|p1a: Ceruledge|88\/100|[from] Spikes\n|turn|9\n|\n|t:|1699943821\n|-terastallize|p2a: Hydrogen Bomb|Fire\n|move|p2a: Hydrogen Bomb|Flamethrower|p1a: Ceruledge\n|-resisted|p1a: Ceruledge\n|-damage|p1a: Ceruledge|9\/100\n|move|p1a: Ceruledge|Bitter Blade|p2a: Hydrogen Bomb\n|-resisted|p2a: Hydrogen Bomb\n|-damage|p2a: Hydrogen Bomb|46\/100\n|-heal|p1a: Ceruledge|40\/100|[from] drain|[of] p2a: Hydrogen Bomb\n|\n|-weather|SunnyDay|[upkeep]\n|upkeep\n|turn|10\n|\n|t:|1699943834\n|move|p1a: Ceruledge|Shadow Sneak|p2a: Hydrogen Bomb\n|-damage|p2a: Hydrogen Bomb|14\/100\n|move|p2a: Hydrogen Bomb|Flamethrower|p1a: Ceruledge\n|-resisted|p1a: Ceruledge\n|-damage|p1a: Ceruledge|0 fnt\n|faint|p1a: Ceruledge\n|\n|-weather|none\n|upkeep\n|\n|t:|1699943841\n|switch|p1a: Ursaluna|Ursaluna-Bloodmoon, M|100\/100\n|-damage|p1a: Ursaluna|88\/100|[from] Spikes\n|turn|11\n|\n|t:|1699943846\n|move|p1a: Ursaluna|Vacuum Wave|p2a: Hydrogen Bomb\n|-damage|p2a: Hydrogen Bomb|0 fnt\n|faint|p2a: Hydrogen Bomb\n|\n|-heal|p1a: Ursaluna|94\/100|[from] item: Leftovers\n|upkeep\n|\n|t:|1699943853\n|switch|p2a: Literal Big Stall|Groudon|42\/100\n|-weather|SunnyDay|[from] ability: Drought|[of] p2a: Literal Big Stall\n|turn|12\n|inactive|MrPal has 120 seconds left.\n|\n|t:|1699943889\n|move|p2a: Literal Big Stall|Spikes|p1a: Ursaluna\n|-sidestart|p1: MrPal|Spikes\n|move|p1a: Ursaluna|Blood Moon|p2a: Literal Big Stall\n|-damage|p2a: Literal Big Stall|0 fnt\n|faint|p2a: Literal Big Stall\n|\n|-weather|SunnyDay|[upkeep]\n|-heal|p1a: Ursaluna|99\/100|[from] item: Leftovers\n|upkeep\n|\n|t:|1699943918\n|switch|p2a: Sharpei|Walking Wake|100\/100\n|-activate|p2a: Sharpei|ability: Protosynthesis\n|-start|p2a: Sharpei|protosynthesisspe\n|turn|13\n|\n|t:|1699943927\n|move|p2a: Sharpei|Draco Meteor|p1a: Ursaluna\n|-damage|p1a: Ursaluna|0 fnt\n|-unboost|p2a: Sharpei|spa|2\n|faint|p1a: Ursaluna\n|\n|-weather|SunnyDay|[upkeep]\n|upkeep\n|inactive|MrPal has 120 seconds left.\n|\n|t:|1699943938\n|switch|p1a: Ogerpon|Ogerpon-Wellspring, F|39\/100\n|-damage|p1a: Ogerpon|22\/100|[from] Spikes\n|turn|14\n|\n|t:|1699943946\n|move|p2a: Sharpei|Draco Meteor|p1a: Ogerpon\n|-damage|p1a: Ogerpon|0 fnt\n|-unboost|p2a: Sharpei|spa|2\n|faint|p1a: Ogerpon\n|\n|-weather|SunnyDay|[upkeep]\n|upkeep\n|\n|t:|1699943953\n|switch|p1a: Kingambit|Kingambit, M|71\/100\n|-damage|p1a: Kingambit|54\/100|[from] Spikes\n|-activate|p1a: Kingambit|ability: Supreme Overlord\n|-start|p1a: Kingambit|fallen5|[silent]\n|turn|15\n|\n|t:|1699943960\n|move|p2a: Sharpei|Draco Meteor|p1a: Kingambit\n|-resisted|p1a: Kingambit\n|-damage|p1a: Kingambit|43\/100\n|-unboost|p2a: Sharpei|spa|2\n|move|p1a: Kingambit|Iron Head|p2a: Sharpei\n|-resisted|p2a: Sharpei\n|-damage|p2a: Sharpei|62\/100\n|\n|-weather|SunnyDay|[upkeep]\n|upkeep\n|turn|16\n|\n|t:|1699943970\n|-end|p2a: Sharpei|Protosynthesis|[silent]\n|switch|p2a: Bar Fight Guy|Scizor, F|100\/100\n|move|p1a: Kingambit|Sucker Punch||[still]\n|-fail|p1a: Kingambit\n|\n|-weather|SunnyDay|[upkeep]\n|upkeep\n|turn|17\n|\n|t:|1699943977\n|move|p2a: Bar Fight Guy|Close Combat|p1a: Kingambit\n|-supereffective|p1a: Kingambit\n|-damage|p1a: Kingambit|0 fnt\n|-unboost|p2a: Bar Fight Guy|def|1\n|-unboost|p2a: Bar Fight Guy|spd|1\n|faint|p1a: Kingambit\n|-end|p1a: Kingambit|fallen5|[silent]\n|\n|win|Derpzones\n|raw|MrPal's rating: 1230 &rarr; <strong>1212<\/strong><br \/>(-18 for losing)\n|raw|Derpzones's rating: 1332 &rarr; <strong>1346<\/strong><br \/>(+14 for winning)\n|l|\u2606MrPal\n","uploadtime":1699943986,"views":5,"p1id":"mrpal","p2id":"derpzones","formatid":"gen9ubers","rating":1212,"private":0,"password":""}