{"id":"gen9ubers-1996738629","p1":"Omar_ZX","p2":"Quaza7","format":"[Gen 9] Ubers","log":"|j|\u2606Omar_ZX\n|j|\u2606Quaza7\n|t:|1700717005\n|gametype|singles\n|player|p1|Omar_ZX|swimmerf-gen4|1105\n|player|p2|Quaza7|1|1026\n|teamsize|p1|6\n|teamsize|p2|6\n|gen|9\n|tier|[Gen 9] Ubers\n|rated|\n|rule|Sleep Clause Mod: Limit one foe put to sleep\n|rule|Species Clause: Limit one of each Pok\u00e9mon\n|rule|OHKO Clause: OHKO moves are banned\n|rule|Evasion Items Clause: Evasion items are banned\n|rule|Evasion Moves Clause: Evasion moves are banned\n|rule|Endless Battle Clause: Forcing endless battles is banned\n|rule|HP Percentage Mod: HP is shown in percentages\n|clearpoke\n|poke|p1|Clodsire, M|\n|poke|p1|Arceus-Ground|\n|poke|p1|Ogerpon-Hearthflame, F|\n|poke|p1|Rayquaza|\n|poke|p1|Miraidon|\n|poke|p1|Flutter Mane|\n|poke|p2|Cyclizar, F|\n|poke|p2|Slowking-Galar, F|\n|poke|p2|Amoonguss, F|\n|poke|p2|Toxapex, F|\n|poke|p2|Tornadus-Therian, M|\n|poke|p2|Slowbro, F|\n|teampreview\n|\n|t:|1700717023\n|start\n|switch|p1a: Clodsire|Clodsire, M|100\/100\n|switch|p2a: Slowking|Slowking-Galar, F|100\/100\n|turn|1\n|\n|t:|1700717034\n|move|p2a: Slowking|Eerie Spell|p1a: Clodsire\n|-supereffective|p1a: Clodsire\n|-damage|p1a: Clodsire|42\/100\n|move|p1a: Clodsire|Spikes|p2a: Slowking\n|-sidestart|p2: Quaza7|Spikes\n|\n|-heal|p1a: Clodsire|48\/100|[from] item: Leftovers\n|upkeep\n|turn|2\n|\n|t:|1700717041\n|move|p2a: Slowking|Eerie Spell|p1a: Clodsire\n|-supereffective|p1a: Clodsire\n|-damage|p1a: Clodsire|0 fnt\n|faint|p1a: Clodsire\n|\n|upkeep\n|\n|t:|1700717045\n|switch|p1a: Arceus|Arceus-Ground|100\/100\n|turn|3\n|\n|t:|1700717054\n|switch|p2a: Tornadus|Tornadus-Therian, M|100\/100\n|move|p1a: Arceus|Dragon Dance|p1a: Arceus\n|-boost|p1a: Arceus|atk|1\n|-boost|p1a: Arceus|spe|1\n|\n|upkeep\n|turn|4\n|\n|t:|1700717070\n|move|p1a: Arceus|Dragon Dance|p1a: Arceus\n|-boost|p1a: Arceus|atk|1\n|-boost|p1a: Arceus|spe|1\n|move|p2a: Tornadus|U-turn|p1a: Arceus\n|-damage|p1a: Arceus|88\/100\n|\n|t:|1700717079\n|switch|p2a: Slowking|Slowking-Galar, F|100\/100|[from] U-turn\n|-damage|p2a: Slowking|88\/100|[from] Spikes\n|\n|upkeep\n|turn|5\n|\n|t:|1700717094\n|move|p1a: Arceus|Dragon Dance|p1a: Arceus\n|-boost|p1a: Arceus|atk|1\n|-boost|p1a: Arceus|spe|1\n|move|p2a: Slowking|Trick Room|p2a: Slowking\n|-fieldstart|move: Trick Room|[of] p2a: Slowking\n|\n|upkeep\n|turn|6\n|\n|t:|1700717111\n|switch|p2a: Amoonguss|Amoonguss, F, shiny|100\/100\n|-damage|p2a: Amoonguss|88\/100|[from] Spikes\n|move|p1a: Arceus|Earthquake|p2a: Amoonguss\n|-damage|p2a: Amoonguss|0 fnt\n|faint|p2a: Amoonguss\n|\n|upkeep\n|\n|t:|1700717119\n|switch|p2a: Toxapex|Toxapex, F|100\/100\n|-damage|p2a: Toxapex|88\/100|[from] Spikes\n|turn|7\n|\n|t:|1700717132\n|move|p2a: Toxapex|Baneful Bunker|p2a: Toxapex\n|-singleturn|p2a: Toxapex|move: Protect\n|move|p1a: Arceus|Earthquake|p2a: Toxapex\n|-activate|p2a: Toxapex|move: Protect\n|\n|upkeep\n|turn|8\n|\n|t:|1700717140\n|move|p2a: Toxapex|Haze|p2a: Toxapex\n|-clearallboost\n|move|p1a: Arceus|Earthquake|p2a: Toxapex\n|-supereffective|p2a: Toxapex\n|-damage|p2a: Toxapex|0 fnt\n|faint|p2a: Toxapex\n|\n|upkeep\n|\n|t:|1700717152\n|switch|p2a: Slowbro|Slowbro, F, shiny|100\/100\n|-damage|p2a: Slowbro|88\/100|[from] Spikes\n|turn|9\n|\n|t:|1700717167\n|-terastallize|p1a: Arceus|Fairy\n|move|p2a: Slowbro|Scald|p1a: Arceus\n|-damage|p1a: Arceus|59\/100\n|-status|p1a: Arceus|brn\n|move|p1a: Arceus|Dragon Dance|p1a: Arceus\n|-boost|p1a: Arceus|atk|1\n|-boost|p1a: Arceus|spe|1\n|\n|-damage|p1a: Arceus|52\/100 brn|[from] brn\n|-fieldend|move: Trick Room\n|upkeep\n|turn|10\n|\n|t:|1700717186\n|move|p1a: Arceus|Recover|p1a: Arceus\n|-heal|p1a: Arceus|100\/100 brn\n|move|p2a: Slowbro|Psyshock|p1a: Arceus\n|-damage|p1a: Arceus|69\/100 brn\n|\n|-damage|p1a: Arceus|63\/100 brn|[from] brn\n|upkeep\n|turn|11\n|\n|t:|1700717200\n|move|p1a: Arceus|Dragon Dance|p1a: Arceus\n|-boost|p1a: Arceus|atk|1\n|-boost|p1a: Arceus|spe|1\n|move|p2a: Slowbro|Psyshock|p1a: Arceus\n|-damage|p1a: Arceus|32\/100 brn\n|\n|-damage|p1a: Arceus|26\/100 brn|[from] brn\n|upkeep\n|turn|12\n|\n|t:|1700717207\n|move|p1a: Arceus|Recover|p1a: Arceus\n|-heal|p1a: Arceus|76\/100 brn\n|move|p2a: Slowbro|Psyshock|p1a: Arceus\n|-damage|p1a: Arceus|44\/100 brn\n|\n|-damage|p1a: Arceus|38\/100 brn|[from] brn\n|upkeep\n|turn|13\n|\n|t:|1700717217\n|move|p1a: Arceus|Recover|p1a: Arceus\n|-heal|p1a: Arceus|88\/100 brn\n|move|p2a: Slowbro|Psyshock|p1a: Arceus\n|-damage|p1a: Arceus|56\/100 brn\n|\n|-damage|p1a: Arceus|50\/100 brn|[from] brn\n|upkeep\n|turn|14\n|\n|t:|1700717227\n|move|p1a: Arceus|Dragon Dance|p1a: Arceus\n|-boost|p1a: Arceus|atk|1\n|-boost|p1a: Arceus|spe|1\n|move|p2a: Slowbro|Psyshock|p1a: Arceus\n|-damage|p1a: Arceus|15\/100 brn\n|\n|-damage|p1a: Arceus|9\/100 brn|[from] brn\n|upkeep\n|turn|15\n|\n|t:|1700717237\n|switch|p2a: Tornadus|Tornadus-Therian, M|100\/100\n|move|p1a: Arceus|Recover|p1a: Arceus\n|-heal|p1a: Arceus|59\/100 brn\n|\n|-damage|p1a: Arceus|53\/100 brn|[from] brn\n|upkeep\n|turn|16\n|\n|t:|1700717254\n|-terastallize|p2a: Tornadus|Steel\n|move|p1a: Arceus|Tera Blast|p2a: Tornadus|[anim] Tera Blast Fairy\n|-resisted|p2a: Tornadus\n|-damage|p2a: Tornadus|61\/100\n|move|p2a: Tornadus|Tera Blast|p1a: Arceus|[anim] Tera Blast Steel\n|-supereffective|p1a: Arceus\n|-damage|p1a: Arceus|0 fnt\n|faint|p1a: Arceus\n|\n|upkeep\n|\n|t:|1700717259\n|switch|p1a: Ogerpon|Ogerpon-Hearthflame, F|100\/100\n|-ability|p1a: Ogerpon|Mold Breaker\n|turn|17\n|\n|t:|1700717270\n|move|p2a: Tornadus|Hurricane|p1a: Ogerpon\n|-supereffective|p1a: Ogerpon\n|-damage|p1a: Ogerpon|0 fnt\n|faint|p1a: Ogerpon\n|\n|upkeep\n|\n|t:|1700717280\n|switch|p1a: Flutter Mane|Flutter Mane|100\/100\n|turn|18\n|inactive|Battle timer is ON: inactive players will automatically lose when time's up. (requested by Quaza7)\n|\n|t:|1700717303\n|switch|p2a: Cyclizar|Cyclizar, F|100\/100\n|-damage|p2a: Cyclizar|88\/100|[from] Spikes\n|move|p1a: Flutter Mane|Poltergeist|p2a: Cyclizar\n|-immune|p2a: Cyclizar\n|\n|upkeep\n|turn|19\n|\n|t:|1700717316\n|move|p1a: Flutter Mane|Moonblast|p2a: Cyclizar\n|-supereffective|p2a: Cyclizar\n|-damage|p2a: Cyclizar|0 fnt\n|faint|p2a: Cyclizar\n|\n|upkeep\n|\n|t:|1700717324\n|switch|p2a: Slowking|Slowking-Galar, F|100\/100\n|-damage|p2a: Slowking|88\/100|[from] Spikes\n|turn|20\n|\n|t:|1700717350\n|move|p1a: Flutter Mane|Poltergeist|p2a: Slowking\n|-activate|p2a: Slowking|move: Poltergeist|Icy Rock\n|-supereffective|p2a: Slowking\n|-damage|p2a: Slowking|42\/100\n|move|p2a: Slowking|Trick Room|p2a: Slowking\n|-fieldstart|move: Trick Room|[of] p2a: Slowking\n|\n|upkeep\n|turn|21\n|\n|t:|1700717368\n|move|p2a: Slowking|Sludge Bomb|p1a: Flutter Mane\n|-damage|p1a: Flutter Mane|50\/100\n|-status|p1a: Flutter Mane|psn\n|move|p1a: Flutter Mane|Hyper Voice|p2a: Slowking\n|-damage|p2a: Slowking|19\/100\n|-enditem|p1a: Flutter Mane|Throat Spray\n|-boost|p1a: Flutter Mane|spa|1|[from] item: Throat Spray\n|\n|-damage|p1a: Flutter Mane|38\/100 psn|[from] psn\n|upkeep\n|turn|22\n|\n|t:|1700717382\n|move|p2a: Slowking|Sludge Bomb|p1a: Flutter Mane\n|-damage|p1a: Flutter Mane|0 fnt\n|faint|p1a: Flutter Mane\n|-end|p1a: Flutter Mane|Protosynthesis|[silent]\n|\n|upkeep\n|\n|t:|1700717397\n|switch|p1a: Miraidon|Miraidon|100\/100\n|-fieldstart|move: Electric Terrain|[from] ability: Hadron Engine|[of] p1a: Miraidon\n|turn|23\n|\n|t:|1700717414\n|move|p2a: Slowking|Chilly Reception|p2a: Slowking\n|-weather|Snow\n|\n|t:|1700717422\n|switch|p2a: Tornadus|Tornadus-Therian, M, tera:Steel|94\/100|[from] Chilly Reception\n|move|p1a: Miraidon|Calm Mind|p1a: Miraidon\n|-boost|p1a: Miraidon|spa|1\n|-boost|p1a: Miraidon|spd|1\n|\n|-weather|Snow|[upkeep]\n|upkeep\n|turn|24\n|\n|t:|1700717436\n|move|p1a: Miraidon|Calm Mind|p1a: Miraidon\n|-boost|p1a: Miraidon|spa|1\n|-boost|p1a: Miraidon|spd|1\n|move|p2a: Tornadus|Tera Blast|p1a: Miraidon|[anim] Tera Blast Steel\n|-resisted|p1a: Miraidon\n|-damage|p1a: Miraidon|93\/100\n|\n|-weather|Snow|[upkeep]\n|-fieldend|move: Trick Room\n|upkeep\n|turn|25\n|-message|Quaza7 forfeited.\n|\n|win|Omar_ZX\n|raw|Omar_ZX's rating: 1105 &rarr; <strong>1124<\/strong><br \/>(+19 for winning)\n|raw|Quaza7's rating: 1026 &rarr; <strong>1015<\/strong><br \/>(-11 for losing)\n|l|\u2606Quaza7\n|c|\u2606Omar_ZX|gg\n","uploadtime":1700717451,"views":1,"p1id":"omarzx","p2id":"quaza7","formatid":"gen9ubers","rating":1015,"private":0,"password":""}