{"id":"gen9ubers-1971871673","p1":"Lxnatic","p2":"JayTheBlaze87","format":"[Gen 9] Ubers","log":"|j|\u2606Lxnatic\n|j|\u2606JayTheBlaze87\n|t:|1697784734\n|gametype|singles\n|player|p1|Lxnatic|unknown|\n|player|p2|JayTheBlaze87|n|\n|teamsize|p1|6\n|teamsize|p2|6\n|gen|9\n|tier|[Gen 9] Ubers\n|rule|Sleep Clause Mod: Limit one foe put to sleep\n|rule|Species Clause: Limit one of each Pok\u00e9mon\n|rule|OHKO Clause: OHKO moves are banned\n|rule|Evasion Items Clause: Evasion items are banned\n|rule|Evasion Moves Clause: Evasion moves are banned\n|rule|Endless Battle Clause: Forcing endless battles is banned\n|rule|HP Percentage Mod: HP is shown in percentages\n|clearpoke\n|poke|p1|Palafin, F|\n|poke|p1|Landorus-Therian, M|\n|poke|p1|Clodsire, F|\n|poke|p1|Breloom, F|\n|poke|p1|Gardevoir, F|\n|poke|p1|Regieleki|\n|poke|p2|Ribombee, F|\n|poke|p2|Dragapult, F|\n|poke|p2|Heatran, M|\n|poke|p2|Ogerpon-Hearthflame, F|\n|poke|p2|Ditto|\n|poke|p2|Sneasler, M|\n|teampreview\n|inactive|Battle timer is ON: inactive players will automatically lose when time's up. (requested by Lxnatic)\n|inactive|Lxnatic has 270 seconds left.\n|\n|t:|1697784766\n|start\n|switch|p1a: Palafin|Palafin, F, shiny|100\/100\n|switch|p2a: Ribombee|Ribombee, F, shiny|100\/100\n|turn|1\n|\n|t:|1697784776\n|move|p2a: Ribombee|Sticky Web|p1a: Palafin\n|-sidestart|p1: Lxnatic|move: Sticky Web\n|move|p1a: Palafin|Flip Turn|p2a: Ribombee\n|-damage|p2a: Ribombee|40\/100\n|\n|t:|1697784787\n|detailschange|p1a: Palafin|Palafin-Hero, F, shiny\n|switch|p1a: Clodsire|Clodsire, F, shiny|100\/100|[from] Flip Turn\n|-activate|p1a: Clodsire|move: Sticky Web\n|-unboost|p1a: Clodsire|spe|1\n|\n|upkeep\n|turn|2\n|\n|t:|1697784810\n|move|p2a: Ribombee|Bug Buzz|p1a: Clodsire\n|-resisted|p1a: Clodsire\n|-damage|p1a: Clodsire|90\/100\n|-unboost|p1a: Clodsire|spd|1\n|move|p1a: Clodsire|Stealth Rock|p2a: Ribombee\n|-sidestart|p2: JayTheBlaze87|move: Stealth Rock\n|\n|-heal|p1a: Clodsire|96\/100|[from] item: Leftovers\n|upkeep\n|turn|3\n|\n|t:|1697784821\n|move|p2a: Ribombee|Bug Buzz|p1a: Clodsire\n|-resisted|p1a: Clodsire\n|-damage|p1a: Clodsire|79\/100\n|move|p1a: Clodsire|Toxic Spikes|p2a: Ribombee\n|-sidestart|p2: JayTheBlaze87|move: Toxic Spikes\n|\n|-heal|p1a: Clodsire|86\/100|[from] item: Leftovers\n|upkeep\n|turn|4\n|\n|t:|1697784828\n|move|p2a: Ribombee|Bug Buzz|p1a: Clodsire\n|-resisted|p1a: Clodsire\n|-damage|p1a: Clodsire|70\/100\n|move|p1a: Clodsire|Spikes|p2a: Ribombee\n|-sidestart|p2: JayTheBlaze87|Spikes\n|\n|-heal|p1a: Clodsire|76\/100|[from] item: Leftovers\n|upkeep\n|turn|5\n|\n|t:|1697784840\n|switch|p2a: Sneasler|Sneasler, M|100\/100\n|-damage|p2a: Sneasler|95\/100|[from] Stealth Rock\n|-sideend|p2: JayTheBlaze87|move: Toxic Spikes|[of] p2a: Sneasler\n|-damage|p2a: Sneasler|82\/100|[from] Spikes\n|move|p1a: Clodsire|Spikes|p2a: Sneasler\n|-sidestart|p2: JayTheBlaze87|Spikes\n|\n|-heal|p1a: Clodsire|82\/100|[from] item: Leftovers\n|upkeep\n|turn|6\n|\n|t:|1697784851\n|move|p2a: Sneasler|Fake Out|p1a: Clodsire\n|-enditem|p2a: Sneasler|Normal Gem|[from] gem\n|-damage|p1a: Clodsire|61\/100\n|cant|p1a: Clodsire|flinch\n|\n|-heal|p1a: Clodsire|68\/100|[from] item: Leftovers\n|upkeep\n|turn|7\n|\n|t:|1697784865\n|move|p2a: Sneasler|Acrobatics|p1a: Clodsire\n|-damage|p1a: Clodsire|26\/100\n|move|p1a: Clodsire|Spikes|p2a: Sneasler\n|-sidestart|p2: JayTheBlaze87|Spikes\n|\n|-heal|p1a: Clodsire|33\/100|[from] item: Leftovers\n|upkeep\n|turn|8\n|\n|t:|1697784892\n|switch|p1a: Regieleki|Regieleki, shiny|100\/100\n|-activate|p1a: Regieleki|move: Sticky Web\n|-unboost|p1a: Regieleki|spe|1\n|move|p2a: Sneasler|Acrobatics|p1a: Regieleki\n|-resisted|p1a: Regieleki\n|-damage|p1a: Regieleki|64\/100\n|\n|upkeep\n|turn|9\n|\n|t:|1697784906\n|move|p2a: Sneasler|Dire Claw|p1a: Regieleki\n|-damage|p1a: Regieleki|0 fnt\n|faint|p1a: Regieleki\n|\n|upkeep\n|\n|t:|1697784914\n|switch|p1a: Landorus|Landorus-Therian, M, shiny|100\/100\n|-ability|p1a: Landorus|Intimidate|boost\n|-unboost|p2a: Sneasler|atk|1\n|turn|10\n|\n|t:|1697784924\n|move|p2a: Sneasler|Dire Claw|p1a: Landorus\n|-resisted|p1a: Landorus\n|-damage|p1a: Landorus|84\/100\n|move|p1a: Landorus|Earthquake|p2a: Sneasler\n|-supereffective|p2a: Sneasler\n|-damage|p2a: Sneasler|0 fnt\n|faint|p2a: Sneasler\n|-damage|p1a: Landorus|74\/100|[from] item: Life Orb\n|\n|upkeep\n|\n|t:|1697784938\n|switch|p2a: Ribombee|Ribombee, F, shiny|40\/100\n|-damage|p2a: Ribombee|15\/100|[from] Stealth Rock\n|-damage|p2a: Ribombee|0 fnt|[from] Spikes\n|faint|p2a: Ribombee\n|\n|t:|1697784946\n|switch|p2a: Kuchisake-Ona|Dragapult, F, shiny|100\/100\n|-damage|p2a: Kuchisake-Ona|88\/100|[from] Stealth Rock\n|-damage|p2a: Kuchisake-Ona|63\/100|[from] Spikes\n|turn|11\n|\n|t:|1697784962\n|move|p2a: Kuchisake-Ona|Dragon Dance|p2a: Kuchisake-Ona\n|-boost|p2a: Kuchisake-Ona|atk|1\n|-boost|p2a: Kuchisake-Ona|spe|1\n|move|p1a: Landorus|Crunch|p2a: Kuchisake-Ona\n|-supereffective|p2a: Kuchisake-Ona\n|-damage|p2a: Kuchisake-Ona|0 fnt\n|faint|p2a: Kuchisake-Ona\n|-damage|p1a: Landorus|64\/100|[from] item: Life Orb\n|\n|upkeep\n|\n|t:|1697784970\n|switch|p2a: Ogerpon|Ogerpon-Hearthflame, F|100\/100\n|-damage|p2a: Ogerpon|76\/100|[from] Stealth Rock\n|-damage|p2a: Ogerpon|51\/100|[from] Spikes\n|-ability|p2a: Ogerpon|Mold Breaker\n|turn|12\n|\n|t:|1697784979\n|move|p2a: Ogerpon|Horn Leech|p1a: Landorus\n|-damage|p1a: Landorus|15\/100\n|-heal|p2a: Ogerpon|77\/100|[from] drain|[of] p1a: Landorus\n|move|p1a: Landorus|Earthquake|p2a: Ogerpon\n|-damage|p2a: Ogerpon|0 fnt\n|faint|p2a: Ogerpon\n|-damage|p1a: Landorus|5\/100|[from] item: Life Orb\n|\n|upkeep\n|\n|t:|1697784989\n|switch|p2a: Heatran|Heatran, M|100\/100\n|-damage|p2a: Heatran|88\/100|[from] Stealth Rock\n|-damage|p2a: Heatran|63\/100|[from] Spikes\n|turn|13\n|\n|t:|1697784997\n|move|p1a: Landorus|Earthquake|p2a: Heatran\n|-supereffective|p2a: Heatran\n|-damage|p2a: Heatran|0 fnt\n|faint|p2a: Heatran\n|-damage|p1a: Landorus|0 fnt|[from] item: Life Orb\n|faint|p1a: Landorus\n|\n|upkeep\n|\n|t:|1697785004\n|switch|p1a: Clodsire|Clodsire, F, shiny|33\/100\n|switch|p2a: Ditto|Ditto|100\/100\n|-damage|p2a: Ditto|88\/100|[from] Stealth Rock\n|-damage|p2a: Ditto|63\/100|[from] Spikes\n|-transform|p2a: Ditto|p1a: Clodsire|[from] ability: Imposter\n|-activate|p1a: Clodsire|move: Sticky Web\n|-unboost|p1a: Clodsire|spe|1\n|turn|14\n|\n|t:|1697785017\n|-terastallize|p2a: Ditto|Ghost\n|move|p2a: Ditto|Earthquake|p1a: Clodsire\n|-supereffective|p1a: Clodsire\n|-damage|p1a: Clodsire|0 fnt\n|faint|p1a: Clodsire\n|\n|upkeep\n|\n|t:|1697785029\n|switch|p1a: Gardevoir|Gardevoir, F, shiny|100\/100\n|-activate|p1a: Gardevoir|move: Sticky Web\n|-unboost|p1a: Gardevoir|spe|1\n|-ability|p1a: Gardevoir|Poison Point|[from] ability: Trace|[of] p2a: Ditto\n|turn|15\n|c|\u2606JayTheBlaze87|Well i alread can call this ggs\n|\n|t:|1697785036\n|move|p1a: Gardevoir|Shadow Ball|p2a: Ditto\n|-supereffective|p2a: Ditto\n|-damage|p2a: Ditto|0 fnt\n|faint|p2a: Ditto\n|\n|win|Lxnatic\n|c|\u2606Lxnatic|gg\n|c|\u2606JayTheBlaze87|Eh it fine been focus on work anyways\n","uploadtime":1697785065,"views":70,"p1id":"lxnatic","p2id":"jaytheblaze87","formatid":"gen9ubers","rating":0,"private":0,"password":""}