{"id":"gen9ubers-1981250093","p1":"HailieVictoria","p2":"hatev2","format":"[Gen 9] Ubers","log":"|j|\u2606HailieVictoria\n|j|\u2606hatev2\n|t:|1698876358\n|gametype|singles\n|player|p1|HailieVictoria|266|\n|player|p2|hatev2|hiker-gen4|\n|teamsize|p1|6\n|teamsize|p2|6\n|gen|9\n|tier|[Gen 9] Ubers\n|rule|Sleep Clause Mod: Limit one foe put to sleep\n|rule|Species Clause: Limit one of each Pok\u00e9mon\n|rule|OHKO Clause: OHKO moves are banned\n|rule|Evasion Items Clause: Evasion items are banned\n|rule|Evasion Moves Clause: Evasion moves are banned\n|rule|Endless Battle Clause: Forcing endless battles is banned\n|rule|HP Percentage Mod: HP is shown in percentages\n|clearpoke\n|poke|p1|Jirachi|\n|poke|p1|Ogerpon-Wellspring, F|\n|poke|p1|Mamoswine, M|\n|poke|p1|Hydreigon, F|\n|poke|p1|Conkeldurr, F|\n|poke|p1|Kleavor, M|\n|poke|p2|Kingambit, F|\n|poke|p2|Iron Treads|\n|poke|p2|Enamorus, F|\n|poke|p2|Dragapult, M|\n|poke|p2|Toxapex, M|\n|poke|p2|Gurdurr, M|\n|teampreview\n|\n|t:|1698876400\n|start\n|switch|p1a: Kleavor|Kleavor, M|100\/100\n|switch|p2a: Gurdurr|Gurdurr, M|100\/100\n|turn|1\n|\n|t:|1698876428\n|move|p1a: Kleavor|Stone Axe|p2a: Gurdurr\n|-resisted|p2a: Gurdurr\n|-damage|p2a: Gurdurr|71\/100\n|-sidestart|p2: hatev2|move: Stealth Rock\n|move|p2a: Gurdurr|Bulk Up|p2a: Gurdurr\n|-boost|p2a: Gurdurr|atk|1\n|-boost|p2a: Gurdurr|def|1\n|\n|upkeep\n|turn|2\n|j| ThatGuyAltro\n|\n|t:|1698876573\n|switch|p1a: Hydreigon|Hydreigon, F|100\/100\n|move|p2a: Gurdurr|Drain Punch|p1a: Hydreigon\n|-supereffective|p1a: Hydreigon\n|-damage|p1a: Hydreigon|0 fnt\n|-heal|p2a: Gurdurr|100\/100|[from] drain|[of] p1a: Hydreigon\n|faint|p1a: Hydreigon\n|\n|upkeep\n|\n|t:|1698876623\n|switch|p1a: Jirachi|Jirachi|100\/100\n|turn|3\n|\n|t:|1698876628\n|move|p1a: Jirachi|Zen Headbutt|p2a: Gurdurr\n|-supereffective|p2a: Gurdurr\n|-damage|p2a: Gurdurr|75\/100\n|cant|p2a: Gurdurr|flinch\n|\n|upkeep\n|turn|4\n|\n|t:|1698876668\n|move|p1a: Jirachi|Zen Headbutt|p2a: Gurdurr|[miss]\n|-miss|p1a: Jirachi|p2a: Gurdurr\n|move|p2a: Gurdurr|Knock Off|p1a: Jirachi\n|-supereffective|p1a: Jirachi\n|-damage|p1a: Jirachi|19\/100\n|-enditem|p1a: Jirachi|Leftovers|[from] move: Knock Off|[of] p2a: Gurdurr\n|\n|upkeep\n|turn|5\n|\n|t:|1698876676\n|move|p2a: Gurdurr|Mach Punch|p1a: Jirachi\n|-damage|p1a: Jirachi|0 fnt\n|faint|p1a: Jirachi\n|\n|upkeep\n|\n|t:|1698876694\n|switch|p1a: Kleavor|Kleavor, M|100\/100\n|turn|6\n|j| xegrizzy\n|c|\u2606HailieVictoria|my biggest counter is you taking mons that dont have Smogen sets\n|j| Manatsu\n|c|\u2606HailieVictoria|smogon*\n|c|\u2606hatev2|LOL\n|c|\u2606HailieVictoria|my calc is just wrong xd\n|\n|t:|1698876774\n|-terastallize|p2a: Gurdurr|Fighting\n|move|p1a: Kleavor|Close Combat|p2a: Gurdurr\n|-damage|p2a: Gurdurr|45\/100\n|-unboost|p1a: Kleavor|def|1\n|-unboost|p1a: Kleavor|spd|1\n|move|p2a: Gurdurr|Drain Punch|p1a: Kleavor\n|-crit|p1a: Kleavor\n|-damage|p1a: Kleavor|0 fnt\n|-heal|p2a: Gurdurr|82\/100|[from] drain|[of] p1a: Kleavor\n|faint|p1a: Kleavor\n|\n|upkeep\n|c|\u2606hatev2|the calc is trolling you\n|\n|t:|1698876801\n|switch|p1a: Conkeldurr|Conkeldurr, F|100\/100\n|turn|7\n|c|\u2606HailieVictoria|father is here\n|c|\u2606hatev2|dada?\n|\n|t:|1698876826\n|move|p1a: Conkeldurr|Drain Punch|p2a: Gurdurr\n|-damage|p2a: Gurdurr|60\/100\n|move|p2a: Gurdurr|Drain Punch|p1a: Conkeldurr\n|-damage|p1a: Conkeldurr|31\/100\n|-heal|p2a: Gurdurr|99\/100|[from] drain|[of] p1a: Conkeldurr\n|\n|upkeep\n|turn|8\n|\n|t:|1698876835\n|move|p1a: Conkeldurr|Drain Punch|p2a: Gurdurr\n|-damage|p2a: Gurdurr|78\/100\n|-heal|p1a: Conkeldurr|41\/100|[from] drain|[of] p2a: Gurdurr\n|move|p2a: Gurdurr|Drain Punch|p1a: Conkeldurr\n|-damage|p1a: Conkeldurr|0 fnt\n|-heal|p2a: Gurdurr|99\/100|[from] drain|[of] p1a: Conkeldurr\n|faint|p1a: Conkeldurr\n|\n|upkeep\n|c| Manatsu|damn\n|c| Manatsu|no knockoff\n|c| Manatsu|and no more special attackers?\n|c|\u2606HailieVictoria|shh\n|c|\u2606HailieVictoria|i win\n|c|\u2606HailieVictoria|you just dont know it yet\n|c|\u2606hatev2|what  item did conk have?\n|c|\u2606HailieVictoria|a vesty vest\n|c|\u2606hatev2|oh ok\n|\n|t:|1698876901\n|switch|p1a: Mamoswine|Mamoswine, M|100\/100\n|turn|9\n|\n|t:|1698876906\n|move|p1a: Mamoswine|Trailblaze|p2a: Gurdurr\n|-damage|p2a: Gurdurr|89\/100\n|-boost|p1a: Mamoswine|spe|1\n|-damage|p1a: Mamoswine|91\/100|[from] item: Life Orb\n|move|p2a: Gurdurr|Drain Punch|p1a: Mamoswine\n|-supereffective|p1a: Mamoswine\n|-damage|p1a: Mamoswine|0 fnt\n|-heal|p2a: Gurdurr|100\/100|[from] drain|[of] p1a: Mamoswine\n|faint|p1a: Mamoswine\n|\n|upkeep\n|\n|t:|1698876919\n|switch|p1a: Ogerpon|Ogerpon-Wellspring, F|100\/100\n|turn|10\n|\n|t:|1698876923\n|move|p1a: Ogerpon|Knock Off|p2a: Gurdurr\n|-resisted|p2a: Gurdurr\n|-damage|p2a: Gurdurr|92\/100\n|-enditem|p2a: Gurdurr|Eviolite|[from] move: Knock Off|[of] p1a: Ogerpon\n|move|p2a: Gurdurr|Drain Punch|p1a: Ogerpon\n|-damage|p1a: Ogerpon|7\/100\n|-heal|p2a: Gurdurr|100\/100|[from] drain|[of] p1a: Ogerpon\n|\n|upkeep\n|turn|11\n|l| xegrizzy\n|c|\u2606HailieVictoria|eric left before the battle ended\n|c|\u2606HailieVictoria|toxic\n|c|\u2606hatev2|yea thats fucked up\n|\n|t:|1698876961\n|move|p2a: Gurdurr|Mach Punch|p1a: Ogerpon\n|-damage|p1a: Ogerpon|0 fnt\n|faint|p1a: Ogerpon\n|\n|win|hatev2\n|c|\u2606HailieVictoria|gg xd\n|c|\u2606hatev2|gg's\n","uploadtime":1698876969,"views":34,"p1id":"hailievictoria","p2id":"hatev2","formatid":"gen9ubers","rating":0,"private":0,"password":""}