{"id":"gen9ubers-1969246050","p1":"Haymaker92","p2":"goofmeek","format":"[Gen 9] Ubers","log":"|j|\u2606Haymaker92\n|j|\u2606goofmeek\n|t:|1697505591\n|gametype|singles\n|player|p1|Haymaker92|biker-gen4|\n|player|p2|goofmeek|170|\n|teamsize|p1|6\n|teamsize|p2|6\n|gen|9\n|tier|[Gen 9] Ubers\n|rule|Sleep Clause Mod: Limit one foe put to sleep\n|rule|Species Clause: Limit one of each Pok\u00e9mon\n|rule|OHKO Clause: OHKO moves are banned\n|rule|Evasion Items Clause: Evasion items are banned\n|rule|Evasion Moves Clause: Evasion moves are banned\n|rule|Endless Battle Clause: Forcing endless battles is banned\n|rule|HP Percentage Mod: HP is shown in percentages\n|clearpoke\n|poke|p1|Iron Valiant|\n|poke|p1|Slowbro-Galar, F|\n|poke|p1|Rotom-Wash|\n|poke|p1|Orthworm, F|\n|poke|p1|Tyranitar, M|\n|poke|p1|Ursaluna-Bloodmoon, M|\n|poke|p2|Walking Wake|\n|poke|p2|Enamorus, F|\n|poke|p2|Regieleki|\n|poke|p2|Ceruledge, M|\n|poke|p2|Torkoal, F|\n|poke|p2|Kleavor, M|\n|teampreview\n|j| Du-Gi-Oh\n|\n|t:|1697505608\n|start\n|switch|p1a: Goof-Wash|Rotom-Wash|100\/100\n|switch|p2a: Ceruledge|Ceruledge, M|100\/100\n|turn|1\n|c|\u2606goofmeek|gl\n|c| Du-Gi-Oh|Trainers..\n|c| Du-Gi-Oh|PSL COMMENCE\n|c|\u2606Haymaker92|gl gl\n|\n|t:|1697505640\n|move|p1a: Goof-Wash|Hydro Pump|p2a: Ceruledge|[miss]\n|-miss|p1a: Goof-Wash|p2a: Ceruledge\n|move|p2a: Ceruledge|Night Slash|p1a: Goof-Wash\n|-damage|p1a: Goof-Wash|81\/100\n|\n|upkeep\n|turn|2\n|\n|t:|1697505659\n|switch|p2a: Enamorus|Enamorus, F|100\/100\n|move|p1a: Goof-Wash|Hydro Pump|p2a: Enamorus|[miss]\n|-miss|p1a: Goof-Wash|p2a: Enamorus\n|\n|upkeep\n|turn|3\n|\n|t:|1697505670\n|switch|p1a: Goofworm|Orthworm, F|100\/100\n|move|p2a: Enamorus|Grass Knot|p1a: Goofworm\n|-resisted|p1a: Goofworm\n|-damage|p1a: Goofworm|67\/100\n|\n|upkeep\n|turn|4\n|\n|t:|1697505690\n|move|p2a: Enamorus|Earth Power|p1a: Goofworm\n|-heal|p1a: Goofworm|91\/100|[from] ability: Earth Eater|[of] p2a: Enamorus\n|move|p1a: Goofworm|Shed Tail|p1a: Goofworm\n|-start|p1a: Goofworm|Substitute|[from] move: Shed Tail\n|-damage|p1a: Goofworm|41\/100\n|-enditem|p1a: Goofworm|Sitrus Berry|[eat]\n|-heal|p1a: Goofworm|66\/100|[from] item: Sitrus Berry\n|c|\u2606goofmeek|like the name\n|\n|t:|1697505711\n|switch|p1a: Goofbro|Slowbro-Galar, F|100\/100|[from] Shed Tail\n|\n|upkeep\n|turn|5\n|c|\u2606Haymaker92|ty ty\n|\n|t:|1697505742\n|move|p2a: Enamorus|Earth Power|p1a: Goofbro\n|-supereffective|p1a: Goofbro\n|-end|p1a: Goofbro|Substitute\n|move|p1a: Goofbro|Sludge Bomb|p2a: Enamorus\n|-supereffective|p2a: Enamorus\n|-damage|p2a: Enamorus|0 fnt\n|faint|p2a: Enamorus\n|\n|upkeep\n|c|\u2606Haymaker92|lemme know if you catch the theme\n|\n|t:|1697505762\n|switch|p2a: Ceruledge|Ceruledge, M|100\/100\n|turn|6\n|\n|t:|1697505781\n|switch|p1a: Goofworm|Orthworm, F|66\/100\n|move|p2a: Ceruledge|Shadow Sneak|p1a: Goofworm\n|-damage|p1a: Goofworm|57\/100\n|\n|upkeep\n|turn|7\n|\n|t:|1697505804\n|switch|p1a: Goof-Wash|Rotom-Wash|81\/100\n|move|p2a: Ceruledge|Bitter Blade|p1a: Goof-Wash\n|-resisted|p1a: Goof-Wash\n|-damage|p1a: Goof-Wash|62\/100\n|\n|upkeep\n|turn|8\n|\n|t:|1697505838\n|move|p1a: Goof-Wash|Volt Switch|p2a: Ceruledge\n|-damage|p2a: Ceruledge|82\/100\n|\n|t:|1697505853\n|switch|p1a: Goofworm|Orthworm, F|57\/100|[from] Volt Switch\n|move|p2a: Ceruledge|Night Slash|p1a: Goofworm\n|-damage|p1a: Goofworm|47\/100\n|\n|upkeep\n|turn|9\n|\n|t:|1697505871\n|move|p2a: Ceruledge|Psycho Cut|p1a: Goofworm\n|-resisted|p1a: Goofworm\n|-damage|p1a: Goofworm|41\/100\n|move|p1a: Goofworm|Spikes|p2a: Ceruledge\n|-sidestart|p2: goofmeek|Spikes\n|\n|upkeep\n|turn|10\n|\n|t:|1697505877\n|move|p2a: Ceruledge|Bitter Blade|p1a: Goofworm\n|-supereffective|p1a: Goofworm\n|-damage|p1a: Goofworm|0 fnt\n|-heal|p2a: Ceruledge|100\/100|[from] drain|[of] p1a: Goofworm\n|faint|p1a: Goofworm\n|\n|upkeep\n|\n|t:|1697505885\n|switch|p1a: Gooftar|Tyranitar, M|100\/100\n|-weather|Sandstorm|[from] ability: Sand Stream|[of] p1a: Gooftar\n|turn|11\n|\n|t:|1697505910\n|switch|p2a: Torkoal|Torkoal, F|100\/100\n|-damage|p2a: Torkoal|88\/100|[from] Spikes\n|-weather|SunnyDay|[from] ability: Drought|[of] p2a: Torkoal\n|move|p1a: Gooftar|Substitute|p1a: Gooftar\n|-start|p1a: Gooftar|Substitute\n|-damage|p1a: Gooftar|76\/100\n|\n|-weather|SunnyDay|[upkeep]\n|-heal|p1a: Gooftar|82\/100|[from] item: Leftovers\n|upkeep\n|turn|12\n|\n|t:|1697505922\n|switch|p2a: Walking Wake|Walking Wake|100\/100\n|-damage|p2a: Walking Wake|88\/100|[from] Spikes\n|-activate|p2a: Walking Wake|ability: Protosynthesis\n|-start|p2a: Walking Wake|protosynthesisspe\n|move|p1a: Gooftar|Dragon Dance|p1a: Gooftar\n|-boost|p1a: Gooftar|atk|1\n|-boost|p1a: Gooftar|spe|1\n|\n|-weather|SunnyDay|[upkeep]\n|-heal|p1a: Gooftar|88\/100|[from] item: Leftovers\n|upkeep\n|turn|13\n|\n|t:|1697505957\n|-terastallize|p2a: Walking Wake|Water\n|-terastallize|p1a: Gooftar|Water\n|move|p2a: Walking Wake|Hydro Steam|p1a: Gooftar\n|-resisted|p1a: Gooftar\n|-end|p1a: Gooftar|Substitute\n|move|p1a: Gooftar|Dragon Dance|p1a: Gooftar\n|-boost|p1a: Gooftar|atk|1\n|-boost|p1a: Gooftar|spe|1\n|\n|-weather|SunnyDay|[upkeep]\n|-heal|p1a: Gooftar|94\/100|[from] item: Leftovers\n|upkeep\n|turn|14\n|\n|t:|1697505992\n|-end|p2a: Walking Wake|Protosynthesis|[silent]\n|switch|p2a: Kleavor|Kleavor, M|100\/100\n|-damage|p2a: Kleavor|88\/100|[from] Spikes\n|move|p1a: Gooftar|Dragon Dance|p1a: Gooftar\n|-boost|p1a: Gooftar|atk|1\n|-boost|p1a: Gooftar|spe|1\n|\n|-weather|SunnyDay|[upkeep]\n|-heal|p1a: Gooftar|99\/100|[from] item: Leftovers\n|upkeep\n|turn|15\n|\n|t:|1697506004\n|move|p1a: Gooftar|Earthquake|p2a: Kleavor\n|-damage|p2a: Kleavor|0 fnt\n|faint|p2a: Kleavor\n|\n|-weather|SunnyDay|[upkeep]\n|-heal|p1a: Gooftar|100\/100|[from] item: Leftovers\n|upkeep\n|\n|t:|1697506012\n|switch|p2a: Regieleki|Regieleki|100\/100\n|-damage|p2a: Regieleki|88\/100|[from] Spikes\n|turn|16\n|\n|t:|1697506023\n|move|p1a: Gooftar|Earthquake|p2a: Regieleki\n|-supereffective|p2a: Regieleki\n|-damage|p2a: Regieleki|0 fnt\n|faint|p2a: Regieleki\n|\n|-weather|SunnyDay|[upkeep]\n|upkeep\n|\n|t:|1697506035\n|switch|p2a: Walking Wake|Walking Wake, tera:Water|88\/100\n|-damage|p2a: Walking Wake|76\/100|[from] Spikes\n|-activate|p2a: Walking Wake|ability: Protosynthesis\n|-start|p2a: Walking Wake|protosynthesisspe\n|turn|17\n|\n|t:|1697506040\n|move|p2a: Walking Wake|Draco Meteor|p1a: Gooftar\n|-damage|p1a: Gooftar|32\/100\n|-unboost|p2a: Walking Wake|spa|2\n|move|p1a: Gooftar|Earthquake|p2a: Walking Wake\n|-damage|p2a: Walking Wake|0 fnt\n|faint|p2a: Walking Wake\n|-end|p2a: Walking Wake|Protosynthesis|[silent]\n|\n|-weather|SunnyDay|[upkeep]\n|-heal|p1a: Gooftar|38\/100|[from] item: Leftovers\n|upkeep\n|\n|t:|1697506051\n|switch|p2a: Ceruledge|Ceruledge, M|100\/100\n|-damage|p2a: Ceruledge|88\/100|[from] Spikes\n|turn|18\n|\n|t:|1697506063\n|move|p1a: Gooftar|Earthquake|p2a: Ceruledge\n|-supereffective|p2a: Ceruledge\n|-damage|p2a: Ceruledge|0 fnt\n|faint|p2a: Ceruledge\n|\n|-weather|none\n|-heal|p1a: Gooftar|44\/100|[from] item: Leftovers\n|upkeep\n|\n|t:|1697506069\n|switch|p2a: Torkoal|Torkoal, F|88\/100\n|-damage|p2a: Torkoal|76\/100|[from] Spikes\n|-weather|SunnyDay|[from] ability: Drought|[of] p2a: Torkoal\n|turn|19\n|\n|t:|1697506075\n|move|p1a: Gooftar|Earthquake|p2a: Torkoal\n|-supereffective|p2a: Torkoal\n|-damage|p2a: Torkoal|0 fnt\n|faint|p2a: Torkoal\n|\n|win|Haymaker92\n|c|\u2606Haymaker92|ggs\n|l|\u2606goofmeek\n","uploadtime":1697506083,"views":10,"p1id":"haymaker92","p2id":"goofmeek","formatid":"gen9ubers","rating":0,"private":0,"password":""}