{"id":"gen9ubers-1980784574","p1":"RUMYMOME","p2":"jerin123","format":"[Gen 9] Ubers","log":"|j|\u2606RUMYMOME\n|j|\u2606jerin123\n|inactive|Battle timer is ON: inactive players will automatically lose when time's up.\n|t:|1698832586\n|gametype|singles\n|player|p1|RUMYMOME|marshal|\n|player|p2|jerin123|ghetsis|\n|teamsize|p1|6\n|teamsize|p2|6\n|gen|9\n|tier|[Gen 9] Ubers\n|rated|Tournament battle\n|rule|Sleep Clause Mod: Limit one foe put to sleep\n|rule|Species Clause: Limit one of each Pok\u00e9mon\n|rule|OHKO Clause: OHKO moves are banned\n|rule|Evasion Items Clause: Evasion items are banned\n|rule|Evasion Moves Clause: Evasion moves are banned\n|rule|Endless Battle Clause: Forcing endless battles is banned\n|rule|HP Percentage Mod: HP is shown in percentages\n|clearpoke\n|poke|p1|Miraidon|\n|poke|p1|Koraidon|\n|poke|p1|Flutter Mane|\n|poke|p1|Walking Wake|\n|poke|p1|Roaring Moon|\n|poke|p1|Great Tusk|\n|poke|p2|Iron Treads|\n|poke|p2|Miraidon|\n|poke|p2|Iron Bundle|\n|poke|p2|Koraidon|\n|poke|p2|Iron Thorns|\n|poke|p2|Flutter Mane|\n|teampreview\n|j|*Lady Monita \u263d\n|c|\u2606jerin123|gl\n|inactive|RUMYMOME has 120 seconds left.\n|\n|t:|1698832632\n|start\n|switch|p1a: Roaring Moon|Roaring Moon|100\/100\n|switch|p2a: Iron Bundle|Iron Bundle|100\/100\n|turn|1\n|c|\u2606RUMYMOME|Gl\n|\n|t:|1698832640\n|-terastallize|p1a: Roaring Moon|Steel\n|move|p2a: Iron Bundle|Freeze-Dry|p1a: Roaring Moon\n|-resisted|p1a: Roaring Moon\n|-damage|p1a: Roaring Moon|82\/100\n|move|p1a: Roaring Moon|Dragon Dance|p1a: Roaring Moon\n|-boost|p1a: Roaring Moon|atk|1\n|-boost|p1a: Roaring Moon|spe|1\n|\n|upkeep\n|turn|2\n|\n|t:|1698832646\n|move|p1a: Roaring Moon|Scale Shot|p2a: Iron Bundle\n|-damage|p2a: Iron Bundle|74\/100\n|-damage|p2a: Iron Bundle|51\/100\n|-damage|p2a: Iron Bundle|26\/100\n|-damage|p2a: Iron Bundle|1\/100\n|-hitcount|p2a: Iron Bundle|4\n|-unboost|p1a: Roaring Moon|def|1\n|-boost|p1a: Roaring Moon|spe|1\n|move|p2a: Iron Bundle|Hydro Pump|p1a: Roaring Moon\n|-damage|p1a: Roaring Moon|25\/100\n|\n|upkeep\n|turn|3\n|\n|t:|1698832653\n|move|p1a: Roaring Moon|Scale Shot|p2a: Iron Bundle\n|-damage|p2a: Iron Bundle|0 fnt\n|faint|p2a: Iron Bundle\n|-end|p2a: Iron Bundle|Quark Drive|[silent]\n|-hitcount|p2: Iron Bundle|1\n|-unboost|p1a: Roaring Moon|def|1\n|-boost|p1a: Roaring Moon|spe|1\n|\n|upkeep\n|\n|t:|1698832659\n|switch|p2a: Iron Treads|Iron Treads|100\/100\n|turn|4\n|\n|t:|1698832664\n|move|p1a: Roaring Moon|Earthquake|p2a: Iron Treads\n|-supereffective|p2a: Iron Treads\n|-damage|p2a: Iron Treads|8\/100\n|move|p2a: Iron Treads|Knock Off|p1a: Roaring Moon\n|-damage|p1a: Roaring Moon|0 fnt\n|-enditem|p1a: Roaring Moon|Loaded Dice|[from] move: Knock Off|[of] p2a: Iron Treads\n|faint|p1a: Roaring Moon\n|-end|p1a: Roaring Moon|Protosynthesis|[silent]\n|\n|-heal|p2a: Iron Treads|15\/100|[from] item: Leftovers\n|upkeep\n|\n|t:|1698832668\n|switch|p1a: Koraidon|Koraidon|100\/100\n|-weather|SunnyDay|[from] ability: Orichalcum Pulse|[of] p1a: Koraidon\n|-activate|p1a: Koraidon|Orichalcum Pulse|[source]\n|turn|5\n|\n|t:|1698832673\n|move|p1a: Koraidon|Flame Charge|p2a: Iron Treads\n|-supereffective|p2a: Iron Treads\n|-damage|p2a: Iron Treads|0 fnt\n|-boost|p1a: Koraidon|spe|1\n|faint|p2a: Iron Treads\n|-end|p2a: Iron Treads|Quark Drive|[silent]\n|\n|-weather|SunnyDay|[upkeep]\n|upkeep\n|\n|t:|1698832682\n|switch|p2a: Iron Thorns|Iron Thorns|100\/100\n|turn|6\n|\n|t:|1698832686\n|move|p1a: Koraidon|Collision Course|p2a: Iron Thorns\n|-supereffective|p2a: Iron Thorns\n|-damage|p2a: Iron Thorns|0 fnt\n|faint|p2a: Iron Thorns\n|-end|p2a: Iron Thorns|Quark Drive|[silent]\n|\n|-weather|SunnyDay|[upkeep]\n|upkeep\n|\n|t:|1698832693\n|switch|p2a: Koraidon|Koraidon|100\/100\n|-activate|p2a: Koraidon|ability: Orichalcum Pulse\n|turn|7\n|\n|t:|1698832696\n|move|p1a: Koraidon|Dragon Claw|p2a: Koraidon\n|-supereffective|p2a: Koraidon\n|-damage|p2a: Koraidon|0 fnt\n|faint|p2a: Koraidon\n|\n|-weather|SunnyDay|[upkeep]\n|upkeep\n|\n|t:|1698832699\n|switch|p2a: Flutter Mane|Flutter Mane|100\/100\n|-activate|p2a: Flutter Mane|ability: Protosynthesis\n|-start|p2a: Flutter Mane|protosynthesisspe\n|turn|8\n|\n|t:|1698832702\n|move|p1a: Koraidon|Iron Head|p2a: Flutter Mane\n|-supereffective|p2a: Flutter Mane\n|-damage|p2a: Flutter Mane|0 fnt\n|faint|p2a: Flutter Mane\n|-end|p2a: Flutter Mane|Protosynthesis|[silent]\n|\n|-weather|SunnyDay|[upkeep]\n|upkeep\n|\n|t:|1698832704\n|switch|p2a: Miraidon|Miraidon|100\/100\n|-fieldstart|move: Electric Terrain|[from] ability: Hadron Engine|[of] p2a: Miraidon\n|turn|9\n|\n|t:|1698832710\n|move|p1a: Koraidon|Dragon Claw|p2a: Miraidon\n|-supereffective|p2a: Miraidon\n|-damage|p2a: Miraidon|0 fnt\n|faint|p2a: Miraidon\n|\n|win|RUMYMOME\n|n|\u2606RUMYMOME|rumymome\n|n|\u2606jerin123|jerin123\n|n|*Lady Monita \u263d|ladymonita\n","uploadtime":1698832711,"views":17,"p1id":"rumymome","p2id":"jerin123","formatid":"gen9ubers","rating":0,"private":0,"password":""}