{"id":"gen9ubers-1984788493","p1":"bennymbs","p2":"JohnLongGone","format":"[Gen 9] Ubers","log":"|j|\u2606bennymbs\n|j|\u203dJohnLongGone\n|t:|1699299077\n|gametype|singles\n|player|p1|bennymbs|mina|\n|player|p2|JohnLongGone|caitlin|\n|teamsize|p1|6\n|teamsize|p2|6\n|gen|9\n|tier|[Gen 9] Ubers\n|rule|Sleep Clause Mod: Limit one foe put to sleep\n|rule|Species Clause: Limit one of each Pok\u00e9mon\n|rule|OHKO Clause: OHKO moves are banned\n|rule|Evasion Items Clause: Evasion items are banned\n|rule|Evasion Moves Clause: Evasion moves are banned\n|rule|Endless Battle Clause: Forcing endless battles is banned\n|rule|HP Percentage Mod: HP is shown in percentages\n|clearpoke\n|poke|p1|Cyclizar, M|\n|poke|p1|Zacian-*|\n|poke|p1|Magearna|\n|poke|p1|Palkia-Origin|\n|poke|p1|Arceus-Fire|\n|poke|p1|Shaymin-Sky|\n|poke|p2|Garchomp, F|\n|poke|p2|Houndstone, F|\n|poke|p2|Hippowdon, F|\n|poke|p2|Magearna|\n|poke|p2|Landorus, M|\n|poke|p2|Manaphy|\n|teampreview\n|inactive|Battle timer is ON: inactive players will automatically lose when time's up. (requested by bennymbs)\n|\n|t:|1699299090\n|start\n|switch|p1a: Shaymin|Shaymin-Sky|100\/100\n|switch|p2a: Landorus|Landorus, M|100\/100\n|turn|1\n|inactive|JohnLongGone has 270 seconds left.\n|\n|t:|1699299136\n|move|p2a: Landorus|U-turn|p1a: Shaymin\n|-damage|p1a: Shaymin|70\/100\n|\n|t:|1699299140\n|switch|p2a: Magearna|Magearna|100\/100|[from] U-turn\n|move|p1a: Shaymin|Air Slash|p2a: Magearna\n|-resisted|p2a: Magearna\n|-damage|p2a: Magearna|85\/100\n|-damage|p1a: Shaymin|60\/100|[from] item: Life Orb\n|\n|-heal|p2a: Magearna|91\/100|[from] item: Leftovers\n|upkeep\n|turn|2\n|inactive|JohnLongGone has 270 seconds left.\n|\n|t:|1699299147\n|-terastallize|p1a: Shaymin|Fire\n|move|p1a: Shaymin|Tera Blast|p2a: Magearna|[anim] Tera Blast Fire\n|-supereffective|p2a: Magearna\n|-damage|p2a: Magearna|26\/100\n|-damage|p1a: Shaymin|50\/100|[from] item: Life Orb\n|move|p2a: Magearna|Fleur Cannon|p1a: Shaymin\n|-resisted|p1a: Shaymin\n|-damage|p1a: Shaymin|15\/100\n|-unboost|p2a: Magearna|spa|2\n|\n|-heal|p2a: Magearna|32\/100|[from] item: Leftovers\n|upkeep\n|turn|3\n|inactive|JohnLongGone has 270 seconds left.\n|\n|t:|1699299167\n|move|p1a: Shaymin|Tera Blast|p2a: Magearna|[anim] Tera Blast Fire\n|-supereffective|p2a: Magearna\n|-damage|p2a: Magearna|0 fnt\n|faint|p2a: Magearna\n|-damage|p1a: Shaymin|5\/100|[from] item: Life Orb\n|\n|upkeep\n|\n|t:|1699299174\n|switch|p2a: Houndstone|Houndstone, F|100\/100\n|turn|4\n|\n|t:|1699299185\n|switch|p1a: Cyclizar|Cyclizar, M|100\/100\n|move|p2a: Houndstone|Shadow Sneak|p1a: Cyclizar\n|-immune|p1a: Cyclizar\n|\n|upkeep\n|turn|5\n|inactive|JohnLongGone has 270 seconds left.\n|\n|t:|1699299198\n|switch|p2a: Hippowdon|Hippowdon, F|100\/100\n|-weather|Sandstorm|[from] ability: Sand Stream|[of] p2a: Hippowdon\n|move|p1a: Cyclizar|Knock Off|p2a: Hippowdon\n|-damage|p2a: Hippowdon|89\/100\n|-enditem|p2a: Hippowdon|Smooth Rock|[from] move: Knock Off|[of] p1a: Cyclizar\n|\n|-weather|Sandstorm|[upkeep]\n|-damage|p1a: Cyclizar|94\/100|[from] Sandstorm\n|upkeep\n|turn|6\n|\n|t:|1699299204\n|move|p1a: Cyclizar|Shed Tail|p1a: Cyclizar\n|-start|p1a: Cyclizar|Substitute|[from] move: Shed Tail\n|-damage|p1a: Cyclizar|44\/100\n|\n|t:|1699299213\n|switch|p1a: Palkia|Palkia-Origin|100\/100|[from] Shed Tail\n|-ability|p1a: Palkia|Pressure\n|move|p2a: Hippowdon|Whirlwind|p1a: Palkia\n|drag|p1a: Arceus|Arceus-Fire|100\/100\n|\n|-weather|Sandstorm|[upkeep]\n|-damage|p1a: Arceus|94\/100|[from] Sandstorm\n|upkeep\n|turn|7\n|\n|t:|1699299219\n|switch|p1a: Shaymin|Shaymin-Sky, tera:Fire|5\/100\n|move|p2a: Hippowdon|Stealth Rock|p1a: Shaymin\n|-sidestart|p1: bennymbs|move: Stealth Rock\n|\n|-weather|Sandstorm|[upkeep]\n|-damage|p1a: Shaymin|0 fnt|[from] Sandstorm\n|faint|p1a: Shaymin\n|upkeep\n|\n|t:|1699299228\n|switch|p1a: Palkia|Palkia-Origin|100\/100\n|-damage|p1a: Palkia|88\/100|[from] Stealth Rock\n|-ability|p1a: Palkia|Pressure\n|turn|8\n|\n|t:|1699299233\n|switch|p2a: Manaphy|Manaphy|100\/100\n|move|p1a: Palkia|Hydro Pump|p2a: Manaphy|[miss]\n|-miss|p1a: Palkia|p2a: Manaphy\n|\n|-weather|Sandstorm|[upkeep]\n|-damage|p1a: Palkia|82\/100|[from] Sandstorm\n|-damage|p2a: Manaphy|94\/100|[from] Sandstorm\n|-heal|p2a: Manaphy|100\/100|[from] item: Leftovers\n|upkeep\n|turn|9\n|\n|t:|1699299237\n|move|p1a: Palkia|Spacial Rend|p2a: Manaphy\n|-damage|p2a: Manaphy|39\/100\n|move|p2a: Manaphy|Take Heart|p2a: Manaphy\n|-boost|p2a: Manaphy|spa|1\n|-boost|p2a: Manaphy|spd|1\n|\n|-weather|Sandstorm|[upkeep]\n|-damage|p1a: Palkia|76\/100|[from] Sandstorm\n|-damage|p2a: Manaphy|33\/100|[from] Sandstorm\n|-heal|p2a: Manaphy|39\/100|[from] item: Leftovers\n|upkeep\n|turn|10\n|\n|t:|1699299245\n|move|p1a: Palkia|Spacial Rend|p2a: Manaphy\n|-damage|p2a: Manaphy|0 fnt\n|faint|p2a: Manaphy\n|\n|-weather|Sandstorm|[upkeep]\n|-damage|p1a: Palkia|69\/100|[from] Sandstorm\n|upkeep\n|\n|t:|1699299259\n|switch|p2a: Garchomp|Garchomp, F|100\/100\n|turn|11\n|\n|t:|1699299266\n|-terastallize|p2a: Garchomp|Steel\n|move|p1a: Palkia|Spacial Rend|p2a: Garchomp\n|-resisted|p2a: Garchomp\n|-crit|p2a: Garchomp\n|-damage|p2a: Garchomp|46\/100\n|move|p2a: Garchomp|Scale Shot|p1a: Palkia\n|-supereffective|p1a: Palkia\n|-crit|p1a: Palkia\n|-damage|p1a: Palkia|26\/100\n|-supereffective|p1a: Palkia\n|-damage|p1a: Palkia|0 fnt\n|faint|p1a: Palkia\n|-hitcount|p1: Palkia|2\n|-unboost|p2a: Garchomp|def|1\n|-boost|p2a: Garchomp|spe|1\n|\n|-weather|Sandstorm|[upkeep]\n|upkeep\n|\n|t:|1699299284\n|switch|p1a: Arceus|Arceus-Fire|94\/100\n|-damage|p1a: Arceus|70\/100|[from] Stealth Rock\n|turn|12\n|\n|t:|1699299286\n|move|p2a: Garchomp|Earthquake|p1a: Arceus\n|-supereffective|p1a: Arceus\n|-damage|p1a: Arceus|0 fnt\n|faint|p1a: Arceus\n|\n|-weather|none\n|upkeep\n|\n|t:|1699299297\n|switch|p1a: Cyclizar|Cyclizar, M|77\/100\n|turn|13\n|\n|t:|1699299300\n|move|p2a: Garchomp|Scale Shot|p1a: Cyclizar\n|-supereffective|p1a: Cyclizar\n|-damage|p1a: Cyclizar|38\/100\n|-supereffective|p1a: Cyclizar\n|-damage|p1a: Cyclizar|0 fnt\n|faint|p1a: Cyclizar\n|-hitcount|p1: Cyclizar|2\n|-unboost|p2a: Garchomp|def|1\n|-boost|p2a: Garchomp|spe|1\n|\n|upkeep\n|\n|t:|1699299309\n|switch|p1a: Magearna|Magearna|100\/100\n|-damage|p1a: Magearna|94\/100|[from] Stealth Rock\n|turn|14\n|\n|t:|1699299319\n|move|p2a: Garchomp|Earthquake|p1a: Magearna\n|-supereffective|p1a: Magearna\n|-damage|p1a: Magearna|10\/100\n|move|p1a: Magearna|Fleur Cannon|p2a: Garchomp\n|-resisted|p2a: Garchomp\n|-damage|p2a: Garchomp|8\/100\n|-unboost|p1a: Magearna|spa|2\n|\n|-heal|p1a: Magearna|16\/100|[from] item: Leftovers\n|upkeep\n|turn|15\n|\n|t:|1699299327\n|move|p2a: Garchomp|Earthquake|p1a: Magearna\n|-supereffective|p1a: Magearna\n|-damage|p1a: Magearna|0 fnt\n|faint|p1a: Magearna\n|\n|upkeep\n|\n|t:|1699299332\n|switch|p1a: Zacian|Zacian|100\/100\n|-damage|p1a: Zacian|88\/100|[from] Stealth Rock\n|-ability|p1a: Zacian|Intrepid Sword|boost\n|-boost|p1a: Zacian|atk|1\n|turn|16\n|\n|t:|1699299333\n|move|p2a: Garchomp|Poison Jab|p1a: Zacian\n|-supereffective|p1a: Zacian\n|-damage|p1a: Zacian|40\/100\n|move|p1a: Zacian|Play Rough|p2a: Garchomp\n|-resisted|p2a: Garchomp\n|-damage|p2a: Garchomp|0 fnt\n|faint|p2a: Garchomp\n|\n|upkeep\n|\n|t:|1699299339\n|switch|p2a: Landorus|Landorus, M|100\/100\n|turn|17\n|c|\u2606bennymbs|Ggs\n|\n|t:|1699299346\n|move|p2a: Landorus|Earthquake|p1a: Zacian\n|-damage|p1a: Zacian|0 fnt\n|faint|p1a: Zacian\n|\n|win|JohnLongGone\n","uploadtime":1699299368,"views":10,"p1id":"bennymbs","p2id":"johnlonggone","formatid":"gen9ubers","rating":0,"private":0,"password":""}