{"id":"gen9ubers-1979277689","p1":"IlluChaos","p2":"WollywillswissenTV","format":"[Gen 9] Ubers","log":"|j|\u2606IlluChaos\n|j|\u2606WollywillswissenTV\n|t:|1698665304\n|gametype|singles\n|player|p1|IlluChaos|cynthia-gen4|\n|player|p2|WollywillswissenTV|102|\n|teamsize|p1|6\n|teamsize|p2|6\n|gen|9\n|tier|[Gen 9] Ubers\n|rule|Sleep Clause Mod: Limit one foe put to sleep\n|rule|Species Clause: Limit one of each Pok\u00e9mon\n|rule|OHKO Clause: OHKO moves are banned\n|rule|Evasion Items Clause: Evasion items are banned\n|rule|Evasion Moves Clause: Evasion moves are banned\n|rule|Endless Battle Clause: Forcing endless battles is banned\n|rule|HP Percentage Mod: HP is shown in percentages\n|clearpoke\n|poke|p1|Palkia|\n|poke|p1|Clodsire, M|\n|poke|p1|Zacian-*|\n|poke|p1|Mamoswine, M|\n|poke|p1|Rayquaza|\n|poke|p1|Mandibuzz, F|\n|poke|p2|Landorus, M|\n|poke|p2|Chi-Yu|\n|poke|p2|Torkoal, M|\n|poke|p2|Mewtwo|\n|poke|p2|Zapdos|\n|poke|p2|Sylveon, F|\n|teampreview\n|c|\u2606IlluChaos|gl hf\n|c|\u2606WollywillswissenTV|Hf <3\n|\n|t:|1698665351\n|start\n|switch|p1a: Mamut|Mamoswine, M|100\/100\n|switch|p2a: Landorus|Landorus, M|100\/100\n|turn|1\n|\n|t:|1698665378\n|move|p1a: Mamut|Icicle Crash|p2a: Landorus\n|-supereffective|p2a: Landorus\n|-damage|p2a: Landorus|0 fnt\n|faint|p2a: Landorus\n|\n|upkeep\n|\n|t:|1698665382\n|switch|p2a: Torkoal|Torkoal, M|100\/100\n|-weather|SunnyDay|[from] ability: Drought|[of] p2a: Torkoal\n|turn|2\n|\n|t:|1698665424\n|switch|p1a: Urget\u00fcm|Palkia|100\/100\n|-ability|p1a: Urget\u00fcm|Pressure\n|move|p2a: Torkoal|Yawn|p1a: Urget\u00fcm\n|-start|p1a: Urget\u00fcm|move: Yawn|[of] p2a: Torkoal\n|\n|-weather|SunnyDay|[upkeep]\n|upkeep\n|turn|3\n|\n|t:|1698665439\n|switch|p1a: Buzz Buzz|Mandibuzz, F|100\/100\n|move|p2a: Torkoal|Stealth Rock|p1a: Buzz Buzz\n|-sidestart|p1: IlluChaos|move: Stealth Rock\n|\n|-weather|SunnyDay|[upkeep]\n|upkeep\n|turn|4\n|\n|t:|1698665447\n|move|p1a: Buzz Buzz|Knock Off|p2a: Torkoal\n|-damage|p2a: Torkoal|82\/100\n|-enditem|p2a: Torkoal|Heat Rock|[from] move: Knock Off|[of] p1a: Buzz Buzz\n|move|p2a: Torkoal|Yawn|p1a: Buzz Buzz\n|-start|p1a: Buzz Buzz|move: Yawn|[of] p2a: Torkoal\n|\n|-weather|SunnyDay|[upkeep]\n|upkeep\n|turn|5\n|\n|t:|1698665461\n|move|p1a: Buzz Buzz|U-turn|p2a: Torkoal\n|-resisted|p2a: Torkoal\n|-damage|p2a: Torkoal|78\/100\n|\n|t:|1698665468\n|switch|p1a: Urget\u00fcm|Palkia|100\/100|[from] U-turn\n|-damage|p1a: Urget\u00fcm|88\/100|[from] Stealth Rock\n|-ability|p1a: Urget\u00fcm|Pressure\n|move|p2a: Torkoal|Gyro Ball|p1a: Urget\u00fcm\n|-resisted|p1a: Urget\u00fcm\n|-damage|p1a: Urget\u00fcm|69\/100\n|\n|-weather|SunnyDay|[upkeep]\n|upkeep\n|turn|6\n|\n|t:|1698665514\n|switch|p2a: Sylveon|Sylveon, F, shiny|100\/100\n|move|p1a: Urget\u00fcm|Heavy Slam|p2a: Sylveon\n|-supereffective|p2a: Sylveon\n|-damage|p2a: Sylveon|44\/100\n|-damage|p1a: Urget\u00fcm|53\/100|[from] item: Rocky Helmet|[of] p2a: Sylveon\n|\n|-weather|SunnyDay|[upkeep]\n|upkeep\n|turn|7\n|\n|t:|1698665546\n|switch|p2a: Zapdos|Zapdos, shiny|100\/100\n|move|p1a: Urget\u00fcm|Heavy Slam|p2a: Zapdos\n|-resisted|p2a: Zapdos\n|-damage|p2a: Zapdos|88\/100\n|-status|p1a: Urget\u00fcm|par|[from] ability: Static|[of] p2a: Zapdos\n|\n|-weather|SunnyDay|[upkeep]\n|-heal|p2a: Zapdos|94\/100|[from] item: Leftovers\n|upkeep\n|turn|8\n|\n|t:|1698665577\n|move|p2a: Zapdos|U-turn|p1a: Urget\u00fcm\n|-damage|p1a: Urget\u00fcm|38\/100 par\n|\n|t:|1698665580\n|switch|p2a: Sylveon|Sylveon, F, shiny|44\/100|[from] U-turn\n|move|p1a: Urget\u00fcm|Draco Meteor|p2a: Sylveon\n|-immune|p2a: Sylveon\n|\n|-weather|SunnyDay|[upkeep]\n|upkeep\n|turn|9\n|\n|t:|1698665598\n|switch|p2a: Mewtwo|Mewtwo|100\/100\n|-ability|p2a: Mewtwo|Pressure\n|move|p1a: Urget\u00fcm|Heavy Slam|p2a: Mewtwo\n|-damage|p2a: Mewtwo|84\/100\n|\n|-weather|none\n|upkeep\n|turn|10\n|\n|t:|1698665609\n|move|p2a: Mewtwo|Ice Beam|p1a: Urget\u00fcm\n|-damage|p1a: Urget\u00fcm|0 fnt\n|faint|p1a: Urget\u00fcm\n|\n|upkeep\n|\n|t:|1698665649\n|switch|p1a: Mamut|Mamoswine, M|100\/100\n|-damage|p1a: Mamut|88\/100|[from] Stealth Rock\n|turn|11\n|\n|t:|1698665664\n|switch|p2a: Sylveon|Sylveon, F, shiny|44\/100\n|move|p1a: Mamut|Knock Off|p2a: Sylveon\n|-resisted|p2a: Sylveon\n|-damage|p2a: Sylveon|30\/100\n|-damage|p1a: Mamut|72\/100|[from] item: Rocky Helmet|[of] p2a: Sylveon\n|-enditem|p2a: Sylveon|Rocky Helmet|[from] move: Knock Off|[of] p1a: Mamut\n|\n|upkeep\n|turn|12\n|\n|t:|1698665678\n|switch|p1a: Flussgift|Clodsire, M, shiny|100\/100\n|-damage|p1a: Flussgift|94\/100|[from] Stealth Rock\n|move|p2a: Sylveon|Wish|p2a: Sylveon\n|\n|upkeep\n|turn|13\n|\n|t:|1698665694\n|switch|p2a: Mewtwo|Mewtwo|84\/100\n|-ability|p2a: Mewtwo|Pressure\n|move|p1a: Flussgift|Liquidation|p2a: Mewtwo\n|-damage|p2a: Mewtwo|68\/100\n|\n|-heal|p2a: Mewtwo|100\/100|[from] move: Wish|[wisher] Sylveon\n|upkeep\n|turn|14\n|\n|t:|1698665710\n|move|p2a: Mewtwo|Ice Beam|p1a: Flussgift\n|-supereffective|p1a: Flussgift\n|-damage|p1a: Flussgift|60\/100\n|move|p1a: Flussgift|Megahorn|p2a: Mewtwo\n|-supereffective|p2a: Mewtwo\n|-damage|p2a: Mewtwo|52\/100\n|\n|upkeep\n|turn|15\n|\n|t:|1698665760\n|move|p2a: Mewtwo|Ice Beam|p1a: Flussgift\n|-supereffective|p1a: Flussgift\n|-damage|p1a: Flussgift|25\/100\n|move|p1a: Flussgift|Gunk Shot|p2a: Mewtwo|[miss]\n|-miss|p1a: Flussgift|p2a: Mewtwo\n|\n|upkeep\n|turn|16\n|\n|t:|1698665771\n|move|p2a: Mewtwo|Ice Beam|p1a: Flussgift\n|-supereffective|p1a: Flussgift\n|-damage|p1a: Flussgift|0 fnt\n|faint|p1a: Flussgift\n|\n|upkeep\n|\n|t:|1698665814\n|switch|p1a: Mamut|Mamoswine, M|72\/100\n|-damage|p1a: Mamut|59\/100|[from] Stealth Rock\n|turn|17\n|\n|t:|1698665827\n|switch|p2a: Sylveon|Sylveon, F, shiny|30\/100\n|move|p1a: Mamut|Icicle Crash|p2a: Sylveon\n|-damage|p2a: Sylveon|0 fnt\n|faint|p2a: Sylveon\n|\n|upkeep\n|\n|t:|1698665835\n|switch|p2a: Torkoal|Torkoal, M|78\/100\n|-weather|SunnyDay|[from] ability: Drought|[of] p2a: Torkoal\n|turn|18\n|\n|t:|1698665844\n|switch|p1a: Buzz Buzz|Mandibuzz, F|100\/100\n|-damage|p1a: Buzz Buzz|75\/100|[from] Stealth Rock\n|move|p2a: Torkoal|Yawn|p1a: Buzz Buzz\n|-start|p1a: Buzz Buzz|move: Yawn|[of] p2a: Torkoal\n|\n|-weather|SunnyDay|[upkeep]\n|upkeep\n|turn|19\n|\n|t:|1698665861\n|move|p1a: Buzz Buzz|Toxic|p2a: Torkoal|[miss]\n|-miss|p1a: Buzz Buzz|p2a: Torkoal\n|move|p2a: Torkoal|Gyro Ball|p1a: Buzz Buzz\n|-damage|p1a: Buzz Buzz|57\/100\n|\n|-weather|SunnyDay|[upkeep]\n|-end|p1a: Buzz Buzz|move: Yawn|[silent]\n|-status|p1a: Buzz Buzz|slp\n|upkeep\n|turn|20\n|\n|t:|1698665874\n|switch|p2a: Chi-Yu|Chi-Yu|100\/100\n|-ability|p2a: Chi-Yu|Beads of Ruin\n|cant|p1a: Buzz Buzz|slp\n|\n|-weather|SunnyDay|[upkeep]\n|upkeep\n|turn|21\n|\n|t:|1698665889\n|move|p2a: Chi-Yu|Overheat|p1a: Buzz Buzz|[miss]\n|-miss|p2a: Chi-Yu|p1a: Buzz Buzz\n|cant|p1a: Buzz Buzz|slp\n|\n|-weather|SunnyDay|[upkeep]\n|upkeep\n|turn|22\n|\n|t:|1698665898\n|move|p2a: Chi-Yu|Overheat|p1a: Buzz Buzz\n|-damage|p1a: Buzz Buzz|0 fnt\n|-unboost|p2a: Chi-Yu|spa|2\n|faint|p1a: Buzz Buzz\n|\n|-weather|none\n|upkeep\n|\n|t:|1698665909\n|switch|p1a: Schlichter xD|Rayquaza, shiny|100\/100\n|-damage|p1a: Schlichter xD|76\/100|[from] Stealth Rock\n|-ability|p1a: Schlichter xD|Air Lock\n|turn|23\n|\n|t:|1698665917\n|switch|p2a: Zapdos|Zapdos, shiny|94\/100\n|move|p1a: Schlichter xD|Dragon Dance|p1a: Schlichter xD\n|-boost|p1a: Schlichter xD|atk|1\n|-boost|p1a: Schlichter xD|spe|1\n|\n|-heal|p2a: Zapdos|99\/100|[from] item: Leftovers\n|upkeep\n|turn|24\n|\n|t:|1698665950\n|move|p1a: Schlichter xD|Dragon Dance|p1a: Schlichter xD\n|-boost|p1a: Schlichter xD|atk|1\n|-boost|p1a: Schlichter xD|spe|1\n|move|p2a: Zapdos|Discharge|p1a: Schlichter xD\n|-damage|p1a: Schlichter xD|40\/100\n|\n|-heal|p2a: Zapdos|100\/100|[from] item: Leftovers\n|upkeep\n|turn|25\n|\n|t:|1698665990\n|move|p1a: Schlichter xD|Thunderbolt|p2a: Zapdos\n|-damage|p2a: Zapdos|67\/100\n|move|p2a: Zapdos|Discharge|p1a: Schlichter xD\n|-damage|p1a: Schlichter xD|2\/100\n|\n|-heal|p2a: Zapdos|73\/100|[from] item: Leftovers\n|upkeep\n|turn|26\n|\n|t:|1698666001\n|move|p1a: Schlichter xD|Dragon Ascent|p2a: Zapdos\n|-resisted|p2a: Zapdos\n|-damage|p2a: Zapdos|22\/100\n|-unboost|p1a: Schlichter xD|def|1\n|-unboost|p1a: Schlichter xD|spd|1\n|move|p2a: Zapdos|U-turn|p1a: Schlichter xD\n|-resisted|p1a: Schlichter xD\n|-damage|p1a: Schlichter xD|0 fnt\n|faint|p1a: Schlichter xD\n|\n|t:|1698666011\n|switch|p2a: Mewtwo|Mewtwo|52\/100|[from] U-turn\n|-ability|p2a: Mewtwo|Pressure\n|\n|upkeep\n|\n|t:|1698666043\n|switch|p1a: Mamut|Mamoswine, M|59\/100\n|-damage|p1a: Mamut|47\/100|[from] Stealth Rock\n|turn|27\n|\n|t:|1698666054\n|switch|p2a: Torkoal|Torkoal, M|78\/100\n|-weather|SunnyDay|[from] ability: Drought|[of] p2a: Torkoal\n|move|p1a: Mamut|Knock Off|p2a: Torkoal\n|-damage|p2a: Torkoal|60\/100\n|\n|-weather|SunnyDay|[upkeep]\n|upkeep\n|turn|28\n|\n|t:|1698666143\n|switch|p1a: Swordking|Zacian|100\/100\n|-damage|p1a: Swordking|88\/100|[from] Stealth Rock\n|-ability|p1a: Swordking|Intrepid Sword|boost\n|-boost|p1a: Swordking|atk|1\n|move|p2a: Torkoal|Gyro Ball|p1a: Swordking\n|-supereffective|p1a: Swordking\n|-damage|p1a: Swordking|31\/100\n|\n|-weather|SunnyDay|[upkeep]\n|upkeep\n|turn|29\n|\n|t:|1698666175\n|move|p1a: Swordking|Close Combat|p2a: Torkoal\n|-damage|p2a: Torkoal|0 fnt\n|-unboost|p1a: Swordking|def|1\n|-unboost|p1a: Swordking|spd|1\n|faint|p2a: Torkoal\n|\n|-weather|SunnyDay|[upkeep]\n|upkeep\n|\n|t:|1698666183\n|switch|p2a: Chi-Yu|Chi-Yu|100\/100\n|-ability|p2a: Chi-Yu|Beads of Ruin\n|turn|30\n|\n|t:|1698666192\n|move|p2a: Chi-Yu|Flamethrower|p1a: Swordking\n|-damage|p1a: Swordking|0 fnt\n|faint|p1a: Swordking\n|\n|-weather|SunnyDay|[upkeep]\n|upkeep\n|\n|t:|1698666194\n|switch|p1a: Mamut|Mamoswine, M|47\/100\n|-damage|p1a: Mamut|35\/100|[from] Stealth Rock\n|turn|31\n|c|\u2606IlluChaos|gg\n|\n|t:|1698666199\n|move|p2a: Chi-Yu|Flamethrower|p1a: Mamut\n|-supereffective|p1a: Mamut\n|-damage|p1a: Mamut|0 fnt\n|faint|p1a: Mamut\n|\n|win|WollywillswissenTV\n|c|\u2606WollywillswissenTV|Gg <3\n","uploadtime":1698666214,"views":26,"p1id":"illuchaos","p2id":"wollywillswissentv","formatid":"gen9ubers","rating":0,"private":0,"password":""}