{"id":"gen9ubers-1996750778","p1":"Harrow41","p2":"guner9542","format":"[Gen 9] Ubers","log":"|j|\u2606Harrow41\n|j|\u2606guner9542\n|t:|1700718954\n|gametype|singles\n|player|p1|Harrow41|veteran|\n|player|p2|guner9542|crasherwake|\n|teamsize|p1|6\n|teamsize|p2|6\n|gen|9\n|tier|[Gen 9] Ubers\n|rule|Sleep Clause Mod: Limit one foe put to sleep\n|rule|Species Clause: Limit one of each Pok\u00e9mon\n|rule|OHKO Clause: OHKO moves are banned\n|rule|Evasion Items Clause: Evasion items are banned\n|rule|Evasion Moves Clause: Evasion moves are banned\n|rule|Endless Battle Clause: Forcing endless battles is banned\n|rule|HP Percentage Mod: HP is shown in percentages\n|clearpoke\n|poke|p1|Sneasler, M|\n|poke|p1|Zamazenta-*|\n|poke|p1|Ninetales-Alola, F|\n|poke|p1|Cloyster, M|\n|poke|p1|Noivern, M|\n|poke|p1|Weezing-Galar, M|\n|poke|p2|Azelf|\n|poke|p2|Gliscor, M|\n|poke|p2|Iron Valiant|\n|poke|p2|Iron Treads|\n|poke|p2|Greninja-*, F|\n|poke|p2|Abomasnow, F|\n|teampreview\n|j| MaxiumMeda\n|j| DerekGrish\n|j| tom chwando\n|j| ajpjlm\n|j| BossShuckle\n|c| BossShuckle|timer start\n|inactive|Battle timer is ON: inactive players will automatically lose when time's up. (requested by guner9542)\n|c| DerekGrish|Now begin\n|\n|t:|1700719042\n|start\n|switch|p1a: Ninetales|Ninetales-Alola, F|100\/100\n|switch|p2a: Gliscor|Gliscor, M|100\/100\n|-weather|Snow|[from] ability: Snow Warning|[of] p1a: Ninetales\n|turn|1\n|inactive|guner9542 has 270 seconds left.\n|\n|t:|1700719092\n|switch|p2a: Iron Treads|Iron Treads|100\/100\n|move|p1a: Ninetales|Aurora Veil|p1a: Ninetales\n|-sidestart|p1: Harrow41|move: Aurora Veil\n|\n|-weather|Snow|[upkeep]\n|upkeep\n|turn|2\n|\n|t:|1700719119\n|switch|p1a: Zamazenta|Zamazenta|100\/100\n|-ability|p1a: Zamazenta|Dauntless Shield|boost\n|-boost|p1a: Zamazenta|def|1\n|move|p2a: Iron Treads|Stealth Rock|p1a: Zamazenta\n|-sidestart|p1: Harrow41|move: Stealth Rock\n|\n|-weather|Snow|[upkeep]\n|upkeep\n|turn|3\n|inactive|guner9542 has 240 seconds left.\n|inactive|guner9542 has 210 seconds left.\n|\n|t:|1700719181\n|move|p1a: Zamazenta|Close Combat|p2a: Iron Treads\n|-supereffective|p2a: Iron Treads\n|-damage|p2a: Iron Treads|14\/100\n|-unboost|p1a: Zamazenta|def|1\n|-unboost|p1a: Zamazenta|spd|1\n|move|p2a: Iron Treads|Knock Off|p1a: Zamazenta\n|-resisted|p1a: Zamazenta\n|-damage|p1a: Zamazenta|94\/100\n|-enditem|p1a: Zamazenta|Assault Vest|[from] move: Knock Off|[of] p2a: Iron Treads\n|\n|-weather|Snow|[upkeep]\n|-heal|p2a: Iron Treads|20\/100|[from] item: Leftovers\n|upkeep\n|turn|4\n|\n|t:|1700719196\n|move|p1a: Zamazenta|Close Combat|p2a: Iron Treads\n|-supereffective|p2a: Iron Treads\n|-damage|p2a: Iron Treads|0 fnt\n|-unboost|p1a: Zamazenta|def|1\n|-unboost|p1a: Zamazenta|spd|1\n|faint|p2a: Iron Treads\n|-end|p2a: Iron Treads|Quark Drive|[silent]\n|\n|-weather|Snow|[upkeep]\n|upkeep\n|\n|t:|1700719199\n|switch|p2a: Azelf|Azelf|100\/100\n|turn|5\n|inactive|Harrow41 has 270 seconds left.\n|\n|t:|1700719229\n|-terastallize|p2a: Azelf|Psychic\n|move|p2a: Azelf|Psychic|p1a: Zamazenta\n|-supereffective|p1a: Zamazenta\n|-damage|p1a: Zamazenta|0 fnt\n|faint|p1a: Zamazenta\n|\n|-weather|none\n|upkeep\n|inactive|Harrow41 has 270 seconds left.\n|\n|t:|1700719264\n|switch|p1a: Weezing|Weezing-Galar, M|100\/100\n|-damage|p1a: Weezing|88\/100|[from] Stealth Rock\n|turn|6\n|\n|t:|1700719281\n|move|p2a: Azelf|Psychic|p1a: Weezing\n|-supereffective|p1a: Weezing\n|-damage|p1a: Weezing|4\/100\n|-enditem|p1a: Weezing|Eject Button\n|c| BossShuckle|oof\n|inactive|Harrow41 has 240 seconds left.\n|\n|t:|1700719308\n|switch|p1a: Sneasler|Sneasler, M|100\/100\n|-damage|p1a: Sneasler|95\/100|[from] Stealth Rock\n|\n|upkeep\n|turn|7\n|\n|t:|1700719324\n|move|p1a: Sneasler|Dire Claw|p2a: Azelf\n|-damage|p2a: Azelf|35\/100\n|move|p2a: Azelf|Psychic|p1a: Sneasler\n|-supereffective|p1a: Sneasler\n|-damage|p1a: Sneasler|0 fnt\n|faint|p1a: Sneasler\n|\n|upkeep\n|\n|t:|1700719333\n|switch|p1a: Noivern|Noivern, M|100\/100\n|-damage|p1a: Noivern|76\/100|[from] Stealth Rock\n|turn|8\n|inactive|guner9542 has 180 seconds left.\n|\n|t:|1700719366\n|switch|p2a: Gliscor|Gliscor, M|100\/100\n|move|p1a: Noivern|Draco Meteor|p2a: Gliscor\n|-crit|p2a: Gliscor\n|-damage|p2a: Gliscor|0 fnt\n|-unboost|p1a: Noivern|spa|2\n|faint|p2a: Gliscor\n|\n|-sideend|p1: Harrow41|move: Aurora Veil\n|upkeep\n|\n|t:|1700719379\n|switch|p2a: Greninja|Greninja, F|100\/100\n|turn|9\n|\n|t:|1700719386\n|-terastallize|p1a: Noivern|Steel\n|move|p1a: Noivern|Draco Meteor|p2a: Greninja\n|-damage|p2a: Greninja|29\/100\n|-unboost|p1a: Noivern|spa|2\n|move|p2a: Greninja|Ice Beam|p1a: Noivern\n|-start|p2a: Greninja|typechange|Ice|[from] ability: Protean\n|-resisted|p1a: Noivern\n|-damage|p1a: Noivern|50\/100\n|\n|upkeep\n|turn|10\n|inactive|Harrow41 has 240 seconds left.\n|inactive|guner9542 has 180 seconds left.\n|\n|t:|1700719402\n|move|p1a: Noivern|Draco Meteor|p2a: Greninja\n|-damage|p2a: Greninja|0 fnt\n|-unboost|p1a: Noivern|spa|2\n|faint|p2a: Greninja\n|\n|upkeep\n|\n|t:|1700719408\n|switch|p2a: Azelf|Azelf, tera:Psychic|35\/100\n|turn|11\n|inactive|guner9542 has 150 seconds left.\n|\n|t:|1700719440\n|switch|p1a: Weezing|Weezing-Galar, M|4\/100\n|-damage|p1a: Weezing|0 fnt|[from] Stealth Rock\n|faint|p1a: Weezing\n|move|p2a: Azelf|Flamethrower|p1: Weezing|[notarget]\n|-fail|p2a: Azelf\n|\n|upkeep\n|\n|t:|1700719446\n|switch|p1a: Noivern|Noivern, M, tera:Steel|50\/100\n|-damage|p1a: Noivern|44\/100|[from] Stealth Rock\n|turn|12\n|\n|t:|1700719451\n|move|p2a: Azelf|Flamethrower|p1a: Noivern\n|-supereffective|p1a: Noivern\n|-damage|p1a: Noivern|0 fnt\n|faint|p1a: Noivern\n|\n|upkeep\n|\n|t:|1700719456\n|switch|p1a: Ninetales|Ninetales-Alola, F|100\/100\n|-damage|p1a: Ninetales|76\/100|[from] Stealth Rock\n|-weather|Snow|[from] ability: Snow Warning|[of] p1a: Ninetales\n|turn|13\n|inactive|Harrow41 has 270 seconds left.\n|\n|t:|1700719484\n|move|p2a: Azelf|Flamethrower|p1a: Ninetales\n|-supereffective|p1a: Ninetales\n|-damage|p1a: Ninetales|12\/100\n|move|p1a: Ninetales|Encore|p2a: Azelf\n|-start|p2a: Azelf|Encore\n|\n|-weather|Snow|[upkeep]\n|upkeep\n|turn|14\n|\n|t:|1700719490\n|move|p2a: Azelf|Flamethrower|p1a: Ninetales\n|-supereffective|p1a: Ninetales\n|-damage|p1a: Ninetales|0 fnt\n|faint|p1a: Ninetales\n|\n|-weather|Snow|[upkeep]\n|upkeep\n|\n|t:|1700719495\n|switch|p1a: Cloyster|Cloyster, M|100\/100\n|-damage|p1a: Cloyster|76\/100|[from] Stealth Rock\n|turn|15\n|\n|t:|1700719511\n|move|p2a: Azelf|Flamethrower|p1a: Cloyster\n|-damage|p1a: Cloyster|0 fnt\n|faint|p1a: Cloyster\n|\n|win|guner9542\n|l| DerekGrish\n","uploadtime":1700719541,"views":26,"p1id":"harrow41","p2id":"guner9542","formatid":"gen9ubers","rating":0,"private":0,"password":""}