{"id":"gen9ubers-1988818921","p1":"Immortal bear","p2":"beyondsoulfang","format":"[Gen 9] Ubers","log":"|j|\u2606Immortal bear\n|j|\u2606beyondsoulfang\n|t:|1699767821\n|gametype|singles\n|player|p1|Immortal bear|pokemaniac|\n|player|p2|beyondsoulfang|169|\n|teamsize|p1|6\n|teamsize|p2|6\n|gen|9\n|tier|[Gen 9] Ubers\n|rule|Sleep Clause Mod: Limit one foe put to sleep\n|rule|Species Clause: Limit one of each Pok\u00e9mon\n|rule|OHKO Clause: OHKO moves are banned\n|rule|Evasion Items Clause: Evasion items are banned\n|rule|Evasion Moves Clause: Evasion moves are banned\n|rule|Endless Battle Clause: Forcing endless battles is banned\n|rule|HP Percentage Mod: HP is shown in percentages\n|clearpoke\n|poke|p1|Snover, M|\n|poke|p1|Tatsugiri-Droopy, F|\n|poke|p1|Houndoom, F|\n|poke|p1|Scyther, M|\n|poke|p1|Zangoose, F|\n|poke|p1|Clodsire, M|\n|poke|p2|Zarude|\n|poke|p2|Moltres-Galar|\n|poke|p2|Scream Tail|\n|poke|p2|Toxtricity, M|\n|poke|p2|Froslass, F|\n|poke|p2|Dudunsparce-*, M|\n|teampreview\n|c|\u2606Immortal bear|glhf\n|c|\u2606beyondsoulfang|hf :)\n|\n|t:|1699767883\n|start\n|switch|p1a: Houndoom|Houndoom, F, shiny|100\/100\n|switch|p2a: Moltres|Moltres-Galar|100\/100\n|-ability|p1a: Houndoom|Unnerve\n|turn|1\n|\n|t:|1699767897\n|move|p1a: Houndoom|Beat Up|p2a: Moltres\n|-resisted|p2a: Moltres\n|-damage|p2a: Moltres|98\/100\n|-resisted|p2a: Moltres\n|-damage|p2a: Moltres|96\/100\n|-resisted|p2a: Moltres\n|-damage|p2a: Moltres|94\/100\n|-resisted|p2a: Moltres\n|-damage|p2a: Moltres|91\/100\n|-resisted|p2a: Moltres\n|-damage|p2a: Moltres|87\/100\n|-resisted|p2a: Moltres\n|-crit|p2a: Moltres\n|-damage|p2a: Moltres|84\/100\n|-hitcount|p2a: Moltres|6\n|move|p2a: Moltres|Agility|p2a: Moltres\n|-boost|p2a: Moltres|spe|2\n|\n|upkeep\n|turn|2\n|\n|t:|1699767915\n|move|p2a: Moltres|Hurricane|p1a: Houndoom\n|-crit|p1a: Houndoom\n|-damage|p1a: Houndoom|0 fnt\n|faint|p1a: Houndoom\n|\n|upkeep\n|\n|t:|1699767927\n|switch|p1a: Snover|Snover, M, shiny|100\/100\n|-weather|Snow|[from] ability: Snow Warning|[of] p1a: Snover\n|turn|3\n|\n|t:|1699767977\n|switch|p2a: Froslass|Froslass, F|100\/100\n|move|p1a: Snover|Blizzard|p2a: Froslass\n|-resisted|p2a: Froslass\n|-damage|p2a: Froslass|78\/100\n|\n|-weather|Snow|[upkeep]\n|upkeep\n|turn|4\n|j| amdomo\n|\n|t:|1699767996\n|switch|p1a: Tatsugiri|Tatsugiri-Droopy, F|100\/100\n|move|p2a: Froslass|Substitute|p2a: Froslass\n|-start|p2a: Froslass|Substitute\n|-damage|p2a: Froslass|53\/100\n|\n|-weather|Snow|[upkeep]\n|upkeep\n|turn|5\n|\n|t:|1699768008\n|move|p2a: Froslass|Draining Kiss|p1a: Tatsugiri\n|-supereffective|p1a: Tatsugiri\n|-damage|p1a: Tatsugiri|60\/100\n|-heal|p2a: Froslass|83\/100|[from] drain|[of] p1a: Tatsugiri\n|-damage|p2a: Froslass|67\/100|[from] item: Rocky Helmet|[of] p1a: Tatsugiri\n|-damage|p2a: Froslass|57\/100|[from] item: Life Orb\n|move|p1a: Tatsugiri|Surf|p2a: Froslass\n|-end|p2a: Froslass|Substitute\n|\n|-weather|Snow|[upkeep]\n|upkeep\n|turn|6\n|c|\u2606beyondsoulfang|mm that's interesting that draining kiss procs the rockey helmet\n|\n|t:|1699768052\n|switch|p2a: Zarude|Zarude|100\/100\n|move|p1a: Tatsugiri|Surf|p2a: Zarude\n|-resisted|p2a: Zarude\n|-damage|p2a: Zarude|77\/100\n|\n|-weather|Snow|[upkeep]\n|upkeep\n|turn|7\n|c|\u2606Immortal bear|bit weird when you think about it ay\n|c|\u2606beyondsoulfang|cool though actualy lol\n|\n|t:|1699768092\n|switch|p1a: Snover|Snover, M, shiny|100\/100\n|move|p2a: Zarude|U-turn|p1a: Snover\n|-supereffective|p1a: Snover\n|-damage|p1a: Snover|33\/100\n|-damage|p2a: Zarude|67\/100|[from] item: Life Orb\n|\n|t:|1699768120\n|switch|p2a: Scream Tail|Scream Tail|100\/100|[from] U-turn\n|\n|-weather|none\n|upkeep\n|turn|8\n|\n|t:|1699768143\n|-end|p2a: Scream Tail|Protosynthesis|[silent]\n|switch|p2a: Dudunsparce|Dudunsparce, M|100\/100\n|move|p1a: Snover|Wood Hammer|p2a: Dudunsparce\n|-damage|p2a: Dudunsparce|35\/100\n|-damage|p1a: Snover|7\/100|[from] Recoil\n|\n|upkeep\n|turn|9\n|\n|t:|1699768161\n|move|p2a: Dudunsparce|Body Slam|p1a: Snover\n|-damage|p1a: Snover|0 fnt\n|faint|p1a: Snover\n|\n|upkeep\n|\n|t:|1699768177\n|switch|p1a: Scyther|Scyther, M|100\/100\n|turn|10\n|\n|t:|1699768200\n|switch|p2a: Toxtricity|Toxtricity, M|100\/100\n|move|p1a: Scyther|Aerial Ace|p2a: Toxtricity\n|-resisted|p2a: Toxtricity\n|-damage|p2a: Toxtricity|73\/100\n|\n|upkeep\n|turn|11\n|\n|t:|1699768243\n|switch|p1a: Clodsire|Clodsire, M|100\/100\n|move|p2a: Toxtricity|Volt Switch|p1a: Clodsire\n|-immune|p1a: Clodsire\n|\n|upkeep\n|turn|12\n|\n|t:|1699768262\n|switch|p2a: Moltres|Moltres-Galar|84\/100\n|move|p1a: Clodsire|Curse|p1a: Clodsire\n|-unboost|p1a: Clodsire|spe|1\n|-boost|p1a: Clodsire|atk|1\n|-boost|p1a: Clodsire|def|1\n|\n|upkeep\n|turn|13\n|\n|t:|1699768274\n|move|p2a: Moltres|Fiery Wrath|p1a: Clodsire\n|-damage|p1a: Clodsire|69\/100\n|move|p1a: Clodsire|Gunk Shot|p2a: Moltres\n|-damage|p2a: Moltres|8\/100\n|-ability|p2a: Moltres|Berserk|boost\n|-boost|p2a: Moltres|spa|1\n|\n|-heal|p1a: Clodsire|75\/100|[from] item: Black Sludge\n|upkeep\n|turn|14\n|\n|t:|1699768288\n|move|p2a: Moltres|Fiery Wrath|p1a: Clodsire\n|-damage|p1a: Clodsire|43\/100\n|move|p1a: Clodsire|Megahorn|p2a: Moltres\n|-damage|p2a: Moltres|0 fnt\n|faint|p2a: Moltres\n|\n|-heal|p1a: Clodsire|49\/100|[from] item: Black Sludge\n|upkeep\n|\n|t:|1699768311\n|switch|p2a: Froslass|Froslass, F|57\/100\n|turn|15\n|\n|t:|1699768338\n|move|p2a: Froslass|Ice Beam|p1a: Clodsire\n|-supereffective|p1a: Clodsire\n|-damage|p1a: Clodsire|0 fnt\n|faint|p1a: Clodsire\n|-damage|p2a: Froslass|47\/100|[from] item: Life Orb\n|\n|upkeep\n|\n|t:|1699768345\n|switch|p1a: Tatsugiri|Tatsugiri-Droopy, F|60\/100\n|turn|16\n|\n|t:|1699768369\n|switch|p2a: Toxtricity|Toxtricity, M|73\/100\n|move|p1a: Tatsugiri|Surf|p2a: Toxtricity\n|-damage|p2a: Toxtricity|12\/100\n|\n|upkeep\n|turn|17\n|\n|t:|1699768382\n|move|p1a: Tatsugiri|Surf|p2a: Toxtricity\n|-damage|p2a: Toxtricity|0 fnt\n|faint|p2a: Toxtricity\n|\n|upkeep\n|\n|t:|1699768398\n|switch|p2a: Dudunsparce|Dudunsparce, M|35\/100\n|turn|18\n|\n|t:|1699768416\n|move|p2a: Dudunsparce|Rock Slide|p1a: Tatsugiri\n|-crit|p1a: Tatsugiri\n|-damage|p1a: Tatsugiri|2\/100\n|cant|p1a: Tatsugiri|flinch\n|\n|upkeep\n|turn|19\n|\n|t:|1699768427\n|move|p2a: Dudunsparce|Rock Slide|p1a: Tatsugiri\n|-damage|p1a: Tatsugiri|0 fnt\n|faint|p1a: Tatsugiri\n|\n|upkeep\n|c|\u2606Immortal bear|we love a good flinch\n|\n|t:|1699768438\n|switch|p1a: Scyther|Scyther, M|100\/100\n|turn|20\n|\n|t:|1699768475\n|switch|p2a: Scream Tail|Scream Tail|100\/100\n|move|p1a: Scyther|Aerial Ace|p2a: Scream Tail\n|-damage|p2a: Scream Tail|66\/100\n|\n|-heal|p2a: Scream Tail|73\/100|[from] item: Leftovers\n|upkeep\n|turn|21\n|\n|t:|1699768486\n|move|p2a: Scream Tail|Encore|p1a: Scyther\n|-start|p1a: Scyther|Encore\n|move|p1a: Scyther|Aerial Ace|p2a: Scream Tail\n|-damage|p2a: Scream Tail|39\/100\n|\n|-heal|p2a: Scream Tail|45\/100|[from] item: Leftovers\n|upkeep\n|turn|22\n|\n|t:|1699768495\n|move|p2a: Scream Tail|Protect|p2a: Scream Tail\n|-singleturn|p2a: Scream Tail|Protect\n|move|p1a: Scyther|Aerial Ace|p2a: Scream Tail\n|-activate|p2a: Scream Tail|move: Protect\n|\n|-heal|p2a: Scream Tail|51\/100|[from] item: Leftovers\n|upkeep\n|turn|23\n|\n|t:|1699768502\n|move|p2a: Scream Tail|Wish|p2a: Scream Tail\n|move|p1a: Scyther|Aerial Ace|p2a: Scream Tail\n|-damage|p2a: Scream Tail|17\/100\n|\n|-heal|p2a: Scream Tail|23\/100|[from] item: Leftovers\n|-end|p1a: Scyther|Encore\n|upkeep\n|turn|24\n|\n|t:|1699768509\n|move|p2a: Scream Tail|Protect|p2a: Scream Tail\n|-singleturn|p2a: Scream Tail|Protect\n|move|p1a: Scyther|Lunge|p2a: Scream Tail\n|-activate|p2a: Scream Tail|move: Protect\n|\n|-heal|p2a: Scream Tail|73\/100|[from] move: Wish|[wisher] Scream Tail\n|-heal|p2a: Scream Tail|80\/100|[from] item: Leftovers\n|upkeep\n|turn|25\n|\n|t:|1699768523\n|move|p2a: Scream Tail|Dazzling Gleam|p1a: Scyther\n|-damage|p1a: Scyther|80\/100\n|move|p1a: Scyther|Lunge|p2a: Scream Tail\n|-damage|p2a: Scream Tail|50\/100\n|-unboost|p2a: Scream Tail|atk|1\n|\n|-heal|p2a: Scream Tail|56\/100|[from] item: Leftovers\n|upkeep\n|turn|26\n|\n|t:|1699768534\n|move|p2a: Scream Tail|Wish|p2a: Scream Tail\n|move|p1a: Scyther|Aerial Ace|p2a: Scream Tail\n|-damage|p2a: Scream Tail|23\/100\n|\n|-heal|p2a: Scream Tail|29\/100|[from] item: Leftovers\n|upkeep\n|turn|27\n|\n|t:|1699768541\n|move|p2a: Scream Tail|Protect|p2a: Scream Tail\n|-singleturn|p2a: Scream Tail|Protect\n|move|p1a: Scyther|Aerial Ace|p2a: Scream Tail\n|-activate|p2a: Scream Tail|move: Protect\n|\n|-heal|p2a: Scream Tail|79\/100|[from] move: Wish|[wisher] Scream Tail\n|-heal|p2a: Scream Tail|85\/100|[from] item: Leftovers\n|upkeep\n|turn|28\n|\n|t:|1699768549\n|move|p2a: Scream Tail|Dazzling Gleam|p1a: Scyther\n|-damage|p1a: Scyther|62\/100\n|move|p1a: Scyther|Aerial Ace|p2a: Scream Tail\n|-damage|p2a: Scream Tail|49\/100\n|\n|-heal|p2a: Scream Tail|55\/100|[from] item: Leftovers\n|upkeep\n|turn|29\n|\n|t:|1699768556\n|move|p2a: Scream Tail|Wish|p2a: Scream Tail\n|move|p1a: Scyther|Aerial Ace|p2a: Scream Tail\n|-damage|p2a: Scream Tail|20\/100\n|\n|-heal|p2a: Scream Tail|26\/100|[from] item: Leftovers\n|upkeep\n|turn|30\n|\n|t:|1699768563\n|move|p2a: Scream Tail|Protect|p2a: Scream Tail\n|-singleturn|p2a: Scream Tail|Protect\n|move|p1a: Scyther|U-turn|p2a: Scream Tail\n|-activate|p2a: Scream Tail|move: Protect\n|\n|-heal|p2a: Scream Tail|76\/100|[from] move: Wish|[wisher] Scream Tail\n|-heal|p2a: Scream Tail|83\/100|[from] item: Leftovers\n|upkeep\n|turn|31\n|\n|t:|1699768573\n|move|p2a: Scream Tail|Dazzling Gleam|p1a: Scyther\n|-damage|p1a: Scyther|43\/100\n|move|p1a: Scyther|Aerial Ace|p2a: Scream Tail\n|-damage|p2a: Scream Tail|50\/100\n|\n|-heal|p2a: Scream Tail|56\/100|[from] item: Leftovers\n|upkeep\n|turn|32\n|\n|t:|1699768580\n|move|p2a: Scream Tail|Wish|p2a: Scream Tail\n|move|p1a: Scyther|Aerial Ace|p2a: Scream Tail\n|-damage|p2a: Scream Tail|25\/100\n|\n|-heal|p2a: Scream Tail|31\/100|[from] item: Leftovers\n|upkeep\n|turn|33\n|\n|t:|1699768592\n|move|p2a: Scream Tail|Protect|p2a: Scream Tail\n|-singleturn|p2a: Scream Tail|Protect\n|move|p1a: Scyther|U-turn|p2a: Scream Tail\n|-activate|p2a: Scream Tail|move: Protect\n|\n|-heal|p2a: Scream Tail|81\/100|[from] move: Wish|[wisher] Scream Tail\n|-heal|p2a: Scream Tail|87\/100|[from] item: Leftovers\n|upkeep\n|turn|34\n|\n|t:|1699768600\n|move|p2a: Scream Tail|Dazzling Gleam|p1a: Scyther\n|-damage|p1a: Scyther|23\/100\n|move|p1a: Scyther|Aerial Ace|p2a: Scream Tail\n|-damage|p2a: Scream Tail|54\/100\n|\n|-heal|p2a: Scream Tail|60\/100|[from] item: Leftovers\n|upkeep\n|turn|35\n|\n|t:|1699768607\n|move|p2a: Scream Tail|Wish|p2a: Scream Tail\n|move|p1a: Scyther|U-turn|p2a: Scream Tail\n|-damage|p2a: Scream Tail|36\/100\n|\n|t:|1699768611\n|switch|p1a: Zangoose|Zangoose, F|100\/100|[from] U-turn\n|\n|-heal|p2a: Scream Tail|42\/100|[from] item: Leftovers\n|upkeep\n|turn|36\n|\n|t:|1699768634\n|-end|p2a: Scream Tail|Protosynthesis|[silent]\n|switch|p2a: Froslass|Froslass, F|47\/100\n|move|p1a: Zangoose|Rock Slide|p2a: Froslass\n|-supereffective|p2a: Froslass\n|-crit|p2a: Froslass\n|-damage|p2a: Froslass|0 fnt\n|faint|p2a: Froslass\n|\n|upkeep\n|\n|t:|1699768645\n|switch|p2a: Dudunsparce|Dudunsparce, M|35\/100\n|turn|37\n|\n|t:|1699768676\n|move|p2a: Dudunsparce|Body Slam|p1a: Zangoose\n|-damage|p1a: Zangoose|36\/100\n|-status|p1a: Zangoose|par\n|-enditem|p1a: Zangoose|Cheri Berry|[eat]\n|-curestatus|p1a: Zangoose|par|[msg]\n|move|p1a: Zangoose|Close Combat|p2a: Dudunsparce\n|-supereffective|p2a: Dudunsparce\n|-damage|p2a: Dudunsparce|0 fnt\n|-unboost|p1a: Zangoose|def|1\n|-unboost|p1a: Zangoose|spd|1\n|faint|p2a: Dudunsparce\n|\n|upkeep\n|\n|t:|1699768691\n|switch|p2a: Zarude|Zarude|67\/100\n|turn|38\n|\n|t:|1699768716\n|move|p2a: Zarude|Crunch|p1a: Zangoose\n|-damage|p1a: Zangoose|0 fnt\n|faint|p1a: Zangoose\n|-damage|p2a: Zarude|57\/100|[from] item: Life Orb\n|\n|upkeep\n|\n|t:|1699768722\n|switch|p1a: Scyther|Scyther, M|23\/100\n|turn|39\n|\n|t:|1699768731\n|-terastallize|p2a: Zarude|Steel\n|move|p2a: Zarude|Crunch|p1a: Scyther\n|-crit|p1a: Scyther\n|-damage|p1a: Scyther|0 fnt\n|faint|p1a: Scyther\n|-damage|p2a: Zarude|48\/100|[from] item: Life Orb\n|\n|win|beyondsoulfang\n|c|\u2606beyondsoulfang|gg\n|c|\u2606Immortal bear|gg\n","uploadtime":1699768743,"views":28,"p1id":"immortalbear","p2id":"beyondsoulfang","formatid":"gen9ubers","rating":0,"private":0,"password":""}