{"id":"gen9ubers-1986900306","p1":"KeshBa45","p2":"7MM","format":"[Gen 9] Ubers","log":"|j|\u2606KeshBa45\n|j|\u26067MM\n|t:|1699539219\n|gametype|singles\n|player|p1|KeshBa45|red|\n|player|p2|7MM|fisherman-gen4|\n|teamsize|p1|6\n|teamsize|p2|6\n|gen|9\n|tier|[Gen 9] Ubers\n|rule|Sleep Clause Mod: Limit one foe put to sleep\n|rule|Species Clause: Limit one of each Pok\u00e9mon\n|rule|OHKO Clause: OHKO moves are banned\n|rule|Evasion Items Clause: Evasion items are banned\n|rule|Evasion Moves Clause: Evasion moves are banned\n|rule|Endless Battle Clause: Forcing endless battles is banned\n|rule|HP Percentage Mod: HP is shown in percentages\n|clearpoke\n|poke|p1|Koraidon|\n|poke|p1|Flutter Mane|\n|poke|p1|Giratina-Origin|\n|poke|p1|Arceus-Steel|\n|poke|p1|Alomomola, M|\n|poke|p1|Ting-Lu|\n|poke|p2|Miraidon|\n|poke|p2|Koraidon|\n|poke|p2|Arceus-Water|\n|poke|p2|Gliscor, F|\n|poke|p2|Calyrex-Ice|\n|poke|p2|Clodsire, M|\n|teampreview\n|c|\u2606KeshBa45|glgl\n|j| Taka\n|c|\u26067MM|u2\n|\n|t:|1699539255\n|start\n|switch|p1a: Arceus|Arceus-Steel|100\/100\n|switch|p2a: Fishyalan|Clodsire, M|100\/100\n|turn|1\n|j| Paulinhomarinho20\n|j| ZowwyCafe\u2764\n|j| achiii\n|j| SpaceSpeakers\n|\n|t:|1699539274\n|move|p1a: Arceus|Stealth Rock|p2a: Fishyalan\n|-sidestart|p2: 7MM|move: Stealth Rock\n|move|p2a: Fishyalan|Spikes|p1a: Arceus\n|-sidestart|p1: KeshBa45|Spikes\n|\n|upkeep\n|turn|2\n|\n|t:|1699539279\n|move|p1a: Arceus|Will-O-Wisp|p2a: Fishyalan\n|-status|p2a: Fishyalan|brn\n|move|p2a: Fishyalan|Spikes|p1a: Arceus\n|-sidestart|p1: KeshBa45|Spikes\n|\n|-damage|p2a: Fishyalan|94\/100 brn|[from] brn\n|upkeep\n|turn|3\n|\n|t:|1699539282\n|move|p1a: Arceus|Judgment|p2a: Fishyalan\n|-damage|p2a: Fishyalan|68\/100 brn\n|move|p2a: Fishyalan|Spikes|p1a: Arceus\n|-sidestart|p1: KeshBa45|Spikes\n|\n|-damage|p2a: Fishyalan|61\/100 brn|[from] brn\n|upkeep\n|turn|4\n|j| Seroo\n|j| soosig\n|\n|t:|1699539304\n|switch|p1a: Giratina|Giratina-Origin|100\/100\n|move|p2a: Fishyalan|Recover|p2a: Fishyalan\n|-heal|p2a: Fishyalan|100\/100 brn\n|\n|-damage|p2a: Fishyalan|94\/100 brn|[from] brn\n|upkeep\n|turn|5\n|l| soosig\n|j| PokeArt2004\u2764\n|j| Arcanine Numbers\n|\n|t:|1699539324\n|-terastallize|p1a: Giratina|Steel\n|move|p1a: Giratina|Poltergeist|p2a: Fishyalan\n|-activate|p2a: Fishyalan|move: Poltergeist|Heavy-Duty Boots\n|-damage|p2a: Fishyalan|31\/100 brn\n|move|p2a: Fishyalan|Toxic|p1a: Giratina\n|-immune|p1a: Giratina\n|\n|-damage|p2a: Fishyalan|25\/100 brn|[from] brn\n|upkeep\n|turn|6\n|\n|t:|1699539345\n|switch|p2a: Blue House BBQ|Arceus-Water|100\/100\n|-damage|p2a: Blue House BBQ|88\/100|[from] Stealth Rock\n|move|p1a: Giratina|Defog|p2a: Blue House BBQ\n|-unboost|p2a: Blue House BBQ|evasion|1\n|-sideend|p2: 7MM|Stealth Rock|[from] move: Defog|[of] p1a: Giratina\n|-sideend|p1: KeshBa45|Spikes|[from] move: Defog|[of] p1a: Giratina\n|\n|upkeep\n|turn|7\n|l| Paulinhomarinho20\n|inactive|Battle timer is ON: inactive players will automatically lose when time's up. (requested by 7MM)\n|\n|t:|1699539369\n|switch|p1a: Arceus|Arceus-Steel|100\/100\n|move|p2a: Blue House BBQ|Will-O-Wisp|p1a: Arceus\n|-status|p1a: Arceus|brn\n|\n|-damage|p1a: Arceus|94\/100 brn|[from] brn\n|upkeep\n|turn|8\n|l| Taka\n|l| SpaceSpeakers\n|n| seroo|seroo\n|\n|t:|1699539394\n|switch|p2a: Fishyalan|Clodsire, M|25\/100 brn\n|move|p1a: Arceus|Stealth Rock|p2a: Fishyalan\n|-sidestart|p2: 7MM|move: Stealth Rock\n|\n|-damage|p1a: Arceus|88\/100 brn|[from] brn\n|-damage|p2a: Fishyalan|18\/100 brn|[from] brn\n|upkeep\n|turn|9\n|\n|t:|1699539398\n|move|p1a: Arceus|Judgment|p2a: Fishyalan\n|-damage|p2a: Fishyalan|0 fnt\n|faint|p2a: Fishyalan\n|\n|-damage|p1a: Arceus|82\/100 brn|[from] brn\n|upkeep\n|j| lekr0\n|inactive|7MM has 270 seconds left.\n|\n|t:|1699539426\n|switch|p2a: Crab Station|Gliscor, F|100\/100\n|-damage|p2a: Crab Station|88\/100|[from] Stealth Rock\n|turn|10\n|j| Lkapkd\n|\n|t:|1699539437\n|switch|p1a: Giratina|Giratina-Origin, tera:Steel|100\/100\n|move|p2a: Crab Station|Protect||[still]\n|-fail|p2a: Crab Station\n|\n|-status|p2a: Crab Station|tox|[from] item: Toxic Orb\n|upkeep\n|turn|11\n|j|+PrinceOfAllTacos\n|\n|t:|1699539461\n|move|p2a: Crab Station|Taunt|p1a: Giratina\n|-start|p1a: Giratina|move: Taunt\n|move|p1a: Giratina|Dragon Tail|p2a: Crab Station\n|-damage|p2a: Crab Station|63\/100 tox\n|drag|p2a: Blue House BBQ|Arceus-Water|88\/100\n|-damage|p2a: Blue House BBQ|76\/100|[from] Stealth Rock\n|\n|upkeep\n|turn|12\n|c| seroo|g1?\n|c|\u2606KeshBa45|ye\n|\n|t:|1699539477\n|switch|p1a: Flutter Mane|Flutter Mane|100\/100\n|move|p2a: Blue House BBQ|Judgment|p1a: Flutter Mane\n|-damage|p1a: Flutter Mane|53\/100\n|\n|upkeep\n|turn|13\n|\n|t:|1699539490\n|-end|p1a: Flutter Mane|Protosynthesis|[silent]\n|switch|p1a: Alomomola|Alomomola, M|100\/100\n|move|p2a: Blue House BBQ|Recover|p2a: Blue House BBQ\n|-heal|p2a: Blue House BBQ|100\/100\n|\n|upkeep\n|turn|14\n|inactive|KeshBa45 has 270 seconds left.\n|\n|t:|1699539506\n|switch|p2a: TunaVilla|Miraidon|100\/100\n|-damage|p2a: TunaVilla|88\/100|[from] Stealth Rock\n|-fieldstart|move: Electric Terrain|[from] ability: Hadron Engine|[of] p2a: TunaVilla\n|move|p1a: Alomomola|Wish|p1a: Alomomola\n|\n|upkeep\n|turn|15\n|inactive|KeshBa45 has 270 seconds left.\n|\n|t:|1699539519\n|switch|p1a: Ting-Lu|Ting-Lu|100\/100\n|-ability|p1a: Ting-Lu|Vessel of Ruin\n|move|p2a: TunaVilla|Calm Mind|p2a: TunaVilla\n|-boost|p2a: TunaVilla|spa|1\n|-boost|p2a: TunaVilla|spd|1\n|\n|upkeep\n|turn|16\n|\n|t:|1699539527\n|-terastallize|p2a: TunaVilla|Dragon\n|move|p2a: TunaVilla|Draco Meteor|p1a: Ting-Lu\n|-damage|p1a: Ting-Lu|0 fnt\n|-unboost|p2a: TunaVilla|spa|2\n|faint|p1a: Ting-Lu\n|\n|upkeep\n|c|+PrinceOfAllTacos|gone\n|c|\u2606KeshBa45|foever\n|inactive|KeshBa45 has 270 seconds left.\n|c| PokeArt2004\u2764|oh sh*t\n|\n|t:|1699539542\n|switch|p1a: Koraidon|Koraidon|100\/100\n|-weather|SunnyDay|[from] ability: Orichalcum Pulse|[of] p1a: Koraidon\n|-activate|p1a: Koraidon|Orichalcum Pulse|[source]\n|turn|17\n|inactive|KeshBa45 has 270 seconds left.\n|c|\u2606KeshBa45|this stuff is broken\n|c|\u2606KeshBa45|they cant see\n|inactive|7MM has 270 seconds left.\n|inactive|7MM has 240 seconds left.\n|\n|t:|1699539604\n|switch|p2a: Blue House BBQ|Arceus-Water|100\/100\n|-damage|p2a: Blue House BBQ|88\/100|[from] Stealth Rock\n|move|p1a: Koraidon|Dragon Claw|p2a: Blue House BBQ\n|-damage|p2a: Blue House BBQ|60\/100\n|\n|-weather|SunnyDay|[upkeep]\n|upkeep\n|turn|18\n|\n|t:|1699539615\n|switch|p1a: Alomomola|Alomomola, M|100\/100\n|move|p2a: Blue House BBQ|Recover|p2a: Blue House BBQ\n|-heal|p2a: Blue House BBQ|100\/100\n|\n|-weather|SunnyDay|[upkeep]\n|-fieldend|move: Electric Terrain\n|upkeep\n|turn|19\n|inactive|7MM has 240 seconds left.\n|j| Taka\n|\n|t:|1699539651\n|switch|p2a: TunaVilla|Miraidon, tera:Dragon|88\/100\n|-damage|p2a: TunaVilla|76\/100|[from] Stealth Rock\n|-fieldstart|move: Electric Terrain|[from] ability: Hadron Engine|[of] p2a: TunaVilla\n|move|p1a: Alomomola|Flip Turn|p2a: TunaVilla\n|-resisted|p2a: TunaVilla\n|-damage|p2a: TunaVilla|72\/100\n|\n|t:|1699539660\n|switch|p1a: Koraidon|Koraidon|100\/100|[from] Flip Turn\n|-activate|p1a: Koraidon|ability: Orichalcum Pulse\n|\n|-weather|SunnyDay|[upkeep]\n|upkeep\n|turn|20\n|\n|t:|1699539669\n|switch|p2a: Blue House BBQ|Arceus-Water|100\/100\n|-damage|p2a: Blue House BBQ|88\/100|[from] Stealth Rock\n|move|p1a: Koraidon|Low Kick|p2a: Blue House BBQ\n|-damage|p2a: Blue House BBQ|47\/100\n|\n|-weather|SunnyDay|[upkeep]\n|upkeep\n|turn|21\n|c| Taka|7MM GO GET IT\n|inactive|KeshBa45 has 270 seconds left.\n|c|\u26067MM|thank u taka ily\n|\n|t:|1699539697\n|switch|p1a: Alomomola|Alomomola, M|100\/100\n|move|p2a: Blue House BBQ|Recover|p2a: Blue House BBQ\n|-heal|p2a: Blue House BBQ|97\/100\n|\n|-weather|none\n|upkeep\n|turn|22\n|l| Taka\n|j| Taka\n|inactive|7MM has 240 seconds left.\n|inactive|KeshBa45 has 240 seconds left.\n|\n|t:|1699539730\n|move|p2a: Blue House BBQ|Will-O-Wisp|p1a: Alomomola\n|-status|p1a: Alomomola|brn\n|move|p1a: Alomomola|Flip Turn|p2a: Blue House BBQ\n|-resisted|p2a: Blue House BBQ\n|-damage|p2a: Blue House BBQ|95\/100\n|\n|t:|1699539734\n|switch|p1a: Koraidon|Koraidon|100\/100|[from] Flip Turn\n|-weather|SunnyDay|[from] ability: Orichalcum Pulse|[of] p1a: Koraidon\n|-activate|p1a: Koraidon|Orichalcum Pulse|[source]\n|\n|-weather|SunnyDay|[upkeep]\n|upkeep\n|turn|23\n|inactive|7MM has 240 seconds left.\n|\n|t:|1699539751\n|switch|p2a: Crab Station|Gliscor, F|63\/100 tox\n|-damage|p2a: Crab Station|50\/100 tox|[from] Stealth Rock\n|move|p1a: Koraidon|U-turn|p2a: Crab Station\n|-resisted|p2a: Crab Station\n|-damage|p2a: Crab Station|37\/100 tox\n|\n|t:|1699539757\n|switch|p1a: Flutter Mane|Flutter Mane|53\/100|[from] U-turn\n|-activate|p1a: Flutter Mane|ability: Protosynthesis\n|-start|p1a: Flutter Mane|protosynthesisspe\n|\n|-weather|SunnyDay|[upkeep]\n|-heal|p2a: Crab Station|50\/100 tox|[from] ability: Poison Heal\n|-fieldend|move: Electric Terrain\n|upkeep\n|turn|24\n|\n|t:|1699539760\n|move|p2a: Crab Station|Protect|p2a: Crab Station\n|-singleturn|p2a: Crab Station|Protect\n|move|p1a: Flutter Mane|Moonblast|p2a: Crab Station\n|-activate|p2a: Crab Station|move: Protect\n|\n|-weather|SunnyDay|[upkeep]\n|-heal|p2a: Crab Station|62\/100 tox|[from] ability: Poison Heal\n|upkeep\n|turn|25\n|j| BlackKnight_Gawain\n|inactive|7MM has 240 seconds left.\n|\n|t:|1699539790\n|move|p1a: Flutter Mane|Moonblast|p2a: Crab Station\n|-damage|p2a: Crab Station|0 fnt\n|faint|p2a: Crab Station\n|-damage|p1a: Flutter Mane|43\/100|[from] item: Life Orb\n|\n|-weather|SunnyDay|[upkeep]\n|upkeep\n|inactive|7MM has 240 seconds left.\n|inactive|7MM has 210 seconds left.\n|l| achiii\n|\n|t:|1699539829\n|switch|p2a: Blue House BBQ|Arceus-Water|95\/100\n|-damage|p2a: Blue House BBQ|82\/100|[from] Stealth Rock\n|turn|26\n|inactive|KeshBa45 has 270 seconds left.\n|inactive|7MM has 210 seconds left.\n|j| jmbenayoun\n|\n|t:|1699539848\n|move|p1a: Flutter Mane|Moonblast|p2a: Blue House BBQ\n|-crit|p2a: Blue House BBQ\n|-damage|p2a: Blue House BBQ|13\/100\n|-damage|p1a: Flutter Mane|33\/100|[from] item: Life Orb\n|move|p2a: Blue House BBQ|Recover|p2a: Blue House BBQ\n|-heal|p2a: Blue House BBQ|63\/100\n|\n|-weather|none\n|-end|p1a: Flutter Mane|Protosynthesis\n|upkeep\n|turn|27\n|inactive|7MM has 210 seconds left.\n|inactive|KeshBa45 has 270 seconds left.\n|j| Tanishh\n|\n|t:|1699539882\n|move|p1a: Flutter Mane|Moonblast|p2a: Blue House BBQ\n|-damage|p2a: Blue House BBQ|20\/100\n|-unboost|p2a: Blue House BBQ|spa|1\n|-damage|p1a: Flutter Mane|23\/100|[from] item: Life Orb\n|move|p2a: Blue House BBQ|Recover|p2a: Blue House BBQ\n|-heal|p2a: Blue House BBQ|70\/100\n|\n|upkeep\n|turn|28\n|\n|t:|1699539895\n|-end|p1a: Flutter Mane|Protosynthesis|[silent]\n|switch|p1a: Alomomola|Alomomola, M|100\/100 brn\n|move|p2a: Blue House BBQ|Judgment|p1a: Alomomola\n|-resisted|p1a: Alomomola\n|-damage|p1a: Alomomola|81\/100 brn\n|\n|-damage|p1a: Alomomola|75\/100 brn|[from] brn\n|upkeep\n|turn|29\n|l| Tanishh\n|l| Taka\n|inactive|KeshBa45 has 270 seconds left.\n|\n|t:|1699539909\n|switch|p2a: Jollibee|Koraidon|100\/100\n|-damage|p2a: Jollibee|94\/100|[from] Stealth Rock\n|-weather|SunnyDay|[from] ability: Orichalcum Pulse|[of] p2a: Jollibee\n|-activate|p2a: Jollibee|Orichalcum Pulse|[source]\n|move|p1a: Alomomola|Flip Turn|p2a: Jollibee\n|-resisted|p2a: Jollibee\n|-damage|p2a: Jollibee|93\/100\n|j| Tanishh\n|c|\u2606KeshBa45|feels like a tie game\n|inactive|KeshBa45 has 240 seconds left.\n|\n|t:|1699539960\n|switch|p1a: Flutter Mane|Flutter Mane|23\/100|[from] Flip Turn\n|-activate|p1a: Flutter Mane|ability: Protosynthesis\n|-start|p1a: Flutter Mane|protosynthesisspe\n|\n|-weather|SunnyDay|[upkeep]\n|upkeep\n|turn|30\n|n| BlackKnight_Gawain@!|blackknightgawain\n|inactive|KeshBa45 has 210 seconds left.\n|j| Taka\n|inactive|7MM has 180 seconds left.\n|\n|t:|1699540004\n|move|p2a: Jollibee|Flare Blitz|p1a: Flutter Mane\n|-damage|p1a: Flutter Mane|0 fnt\n|faint|p1a: Flutter Mane\n|-end|p1a: Flutter Mane|Protosynthesis|[silent]\n|-damage|p2a: Jollibee|88\/100|[from] Recoil\n|\n|-weather|SunnyDay|[upkeep]\n|upkeep\n|\n|t:|1699540010\n|switch|p1a: Koraidon|Koraidon|100\/100\n|-activate|p1a: Koraidon|ability: Orichalcum Pulse\n|turn|31\n|inactive|7MM has 150 seconds left.\n|\n|t:|1699540047\n|switch|p2a: Greenwich Pizza|Calyrex-Ice|100\/100\n|-ability|p2a: Greenwich Pizza|As One\n|-ability|p2a: Greenwich Pizza|Unnerve\n|move|p1a: Koraidon|Low Kick|p2a: Greenwich Pizza\n|-damage|p2a: Greenwich Pizza|49\/100\n|\n|-weather|SunnyDay|[upkeep]\n|upkeep\n|turn|32\n|inactive|7MM has 150 seconds left.\n|j| Cyril Tbh\n|\n|t:|1699540072\n|move|p1a: Koraidon|Low Kick|p2a: Greenwich Pizza\n|-damage|p2a: Greenwich Pizza|0 fnt\n|faint|p2a: Greenwich Pizza\n|\n|-weather|SunnyDay|[upkeep]\n|upkeep\n|c|\u2606KeshBa45|broken no2\n|\n|t:|1699540081\n|switch|p2a: Jollibee|Koraidon|88\/100\n|-damage|p2a: Jollibee|81\/100|[from] Stealth Rock\n|-activate|p2a: Jollibee|ability: Orichalcum Pulse\n|turn|33\n|\n|t:|1699540099\n|switch|p2a: TunaVilla|Miraidon, tera:Dragon|72\/100\n|-damage|p2a: TunaVilla|60\/100|[from] Stealth Rock\n|-fieldstart|move: Electric Terrain|[from] ability: Hadron Engine|[of] p2a: TunaVilla\n|switch|p1a: Alomomola|Alomomola, M|100\/100 brn\n|\n|-weather|none\n|-damage|p1a: Alomomola|94\/100 brn|[from] brn\n|upkeep\n|turn|34\n|inactive|7MM has 120 seconds left.\n|\n|t:|1699540121\n|switch|p1a: Arceus|Arceus-Steel|82\/100 brn\n|move|p2a: TunaVilla|Parabolic Charge|p1a: Arceus\n|-damage|p1a: Arceus|41\/100 brn\n|-heal|p2a: TunaVilla|85\/100|[from] drain|[of] p1a: Arceus\n|\n|-damage|p1a: Arceus|35\/100 brn|[from] brn\n|upkeep\n|turn|35\n|\n|t:|1699540131\n|move|p2a: TunaVilla|Parabolic Charge|p1a: Arceus\n|-damage|p1a: Arceus|0 fnt\n|-heal|p2a: TunaVilla|100\/100|[from] drain|[of] p1a: Arceus\n|faint|p1a: Arceus\n|\n|upkeep\n|\n|t:|1699540138\n|switch|p1a: Koraidon|Koraidon|100\/100\n|-weather|SunnyDay|[from] ability: Orichalcum Pulse|[of] p1a: Koraidon\n|-activate|p1a: Koraidon|Orichalcum Pulse|[source]\n|turn|36\n|inactive|7MM has 120 seconds left.\n|inactive|7MM has 90 seconds left.\n|inactive|7MM has 60 seconds left.\n|c|\u2606KeshBa45|can it live\n|c|\u26067MM|it can\n|c|\u2606KeshBa45|how likely\n|c|\u2606KeshBa45|:o\n|c|\u26067MM|very\n|c| seroo|\ud83d\udc80\n|c|\u2606KeshBa45|og\n|c|\u2606KeshBa45|oh\n|inactive|7MM has 30 seconds left.\n|\n|t:|1699540250\n|switch|p2a: Jollibee|Koraidon|81\/100\n|-damage|p2a: Jollibee|75\/100|[from] Stealth Rock\n|-activate|p2a: Jollibee|ability: Orichalcum Pulse\n|move|p1a: Koraidon|Dragon Claw|p2a: Jollibee\n|-supereffective|p2a: Jollibee\n|-damage|p2a: Jollibee|0 fnt\n|faint|p2a: Jollibee\n|\n|-weather|SunnyDay|[upkeep]\n|upkeep\n|c|\u2606KeshBa45|too bad\n|\n|t:|1699540252\n|switch|p2a: Blue House BBQ|Arceus-Water|70\/100\n|-damage|p2a: Blue House BBQ|58\/100|[from] Stealth Rock\n|turn|37\n|c| Tanishh|getting ghosted by opponent \ud83d\udc80\n|inactive|KeshBa45 has 240 seconds left.\n|c|\u2606KeshBa45|next levl shit\n|\n|t:|1699540272\n|switch|p1a: Alomomola|Alomomola, M|100\/100 brn\n|move|p2a: Blue House BBQ|Recover|p2a: Blue House BBQ\n|-heal|p2a: Blue House BBQ|100\/100\n|\n|-weather|SunnyDay|[upkeep]\n|-damage|p1a: Alomomola|94\/100 brn|[from] brn\n|-fieldend|move: Electric Terrain\n|upkeep\n|turn|38\n|inactive|KeshBa45 has 240 seconds left.\n|\n|t:|1699540284\n|move|p2a: Blue House BBQ|Judgment|p1a: Alomomola\n|-resisted|p1a: Alomomola\n|-damage|p1a: Alomomola|80\/100 brn\n|move|p1a: Alomomola|Flip Turn|p2a: Blue House BBQ\n|-resisted|p2a: Blue House BBQ\n|-crit|p2a: Blue House BBQ\n|-damage|p2a: Blue House BBQ|99\/100\n|\n|t:|1699540286\n|switch|p1a: Koraidon|Koraidon|100\/100|[from] Flip Turn\n|-activate|p1a: Koraidon|ability: Orichalcum Pulse\n|\n|-weather|SunnyDay|[upkeep]\n|upkeep\n|turn|39\n|j| 2 September yay !\n|\n|t:|1699540300\n|switch|p2a: TunaVilla|Miraidon, tera:Dragon|100\/100\n|-damage|p2a: TunaVilla|88\/100|[from] Stealth Rock\n|-fieldstart|move: Electric Terrain|[from] ability: Hadron Engine|[of] p2a: TunaVilla\n|move|p1a: Koraidon|U-turn|p2a: TunaVilla\n|-damage|p2a: TunaVilla|57\/100\n|\n|t:|1699540306\n|switch|p1a: Giratina|Giratina-Origin, tera:Steel|100\/100|[from] U-turn\n|\n|-weather|SunnyDay|[upkeep]\n|upkeep\n|turn|40\n|l| 2 September yay !\n|inactive|7MM has 60 seconds left.\n|inactive|KeshBa45 has 240 seconds left.\n|\n|t:|1699540328\n|move|p2a: TunaVilla|Parabolic Charge|p1a: Giratina\n|-damage|p1a: Giratina|59\/100\n|-heal|p2a: TunaVilla|86\/100|[from] drain|[of] p1a: Giratina\n|move|p1a: Giratina|Dragon Tail|p2a: TunaVilla\n|-supereffective|p2a: TunaVilla\n|-damage|p2a: TunaVilla|24\/100\n|drag|p2a: Blue House BBQ|Arceus-Water|99\/100\n|-damage|p2a: Blue House BBQ|87\/100|[from] Stealth Rock\n|\n|-weather|none\n|upkeep\n|turn|41\n|c|\u2606KeshBa45|big tina\n|inactive|KeshBa45 has 240 seconds left.\n|inactive|7MM has 30 seconds left.\n|\n|t:|1699540363\n|move|p2a: Blue House BBQ|Will-O-Wisp|p1a: Giratina\n|-status|p1a: Giratina|brn\n|move|p1a: Giratina|Dragon Tail|p2a: Blue House BBQ\n|-damage|p2a: Blue House BBQ|79\/100\n|drag|p2a: TunaVilla|Miraidon, tera:Dragon|24\/100\n|-damage|p2a: TunaVilla|11\/100|[from] Stealth Rock\n|-activate|p2a: TunaVilla|ability: Hadron Engine\n|\n|-damage|p1a: Giratina|52\/100 brn|[from] brn\n|upkeep\n|turn|42\n|j| click_hax_win\n|inactive|7MM has 30 seconds left.\n|\n|t:|1699540371\n|move|p1a: Giratina|Shadow Sneak|p2a: TunaVilla\n|-damage|p2a: TunaVilla|1\/100\n|move|p2a: TunaVilla|Parabolic Charge|p1a: Giratina\n|-damage|p1a: Giratina|11\/100 brn\n|-heal|p2a: TunaVilla|30\/100|[from] drain|[of] p1a: Giratina\n|\n|-damage|p1a: Giratina|4\/100 brn|[from] brn\n|upkeep\n|turn|43\n|c|\u2606KeshBa45|lol\n|inactive|KeshBa45 has 240 seconds left.\n|inactive|7MM has 30 seconds left.\n|inactive|7MM has 20 seconds left.\n|inactive|7MM has 15 seconds left.\n|l| click_hax_win\n|\n|t:|1699540404\n|switch|p2a: Blue House BBQ|Arceus-Water|79\/100\n|-damage|p2a: Blue House BBQ|66\/100|[from] Stealth Rock\n|move|p1a: Giratina|Dragon Tail|p2a: Blue House BBQ\n|-damage|p2a: Blue House BBQ|57\/100\n|drag|p2a: TunaVilla|Miraidon, tera:Dragon|30\/100\n|-damage|p2a: TunaVilla|17\/100|[from] Stealth Rock\n|-activate|p2a: TunaVilla|ability: Hadron Engine\n|\n|-damage|p1a: Giratina|0 fnt|[from] brn\n|faint|p1a: Giratina\n|-fieldend|move: Electric Terrain\n|upkeep\n|inactive|7MM has 20 seconds left this turn.\n|j| London Beats\n|\n|t:|1699540415\n|switch|p1a: Koraidon|Koraidon|100\/100\n|-weather|SunnyDay|[from] ability: Orichalcum Pulse|[of] p1a: Koraidon\n|-activate|p1a: Koraidon|Orichalcum Pulse|[source]\n|turn|44\n|inactive|7MM has 30 seconds left this turn.\n|c|\u2606KeshBa45|gg\n|\n|t:|1699540425\n|move|p1a: Koraidon|Low Kick|p2a: TunaVilla\n|-damage|p2a: TunaVilla|0 fnt\n|faint|p2a: TunaVilla\n|\n|-weather|SunnyDay|[upkeep]\n|upkeep\n|inactive|7MM has 30 seconds left this turn.\n|\n|t:|1699540426\n|switch|p2a: Blue House BBQ|Arceus-Water|57\/100\n|-damage|p2a: Blue House BBQ|45\/100|[from] Stealth Rock\n|turn|45\n|\n|t:|1699540430\n|move|p1a: Koraidon|Low Kick|p2a: Blue House BBQ\n|-damage|p2a: Blue House BBQ|6\/100\n|move|p2a: Blue House BBQ|Recover|p2a: Blue House BBQ\n|-heal|p2a: Blue House BBQ|56\/100\n|\n|-weather|SunnyDay|[upkeep]\n|upkeep\n|turn|46\n|inactive|KeshBa45 has 240 seconds left.\n|\n|t:|1699540453\n|move|p1a: Koraidon|Low Kick|p2a: Blue House BBQ\n|-damage|p2a: Blue House BBQ|15\/100\n|move|p2a: Blue House BBQ|Ice Beam|p1a: Koraidon\n|-supereffective|p1a: Koraidon\n|-damage|p1a: Koraidon|48\/100\n|\n|-weather|SunnyDay|[upkeep]\n|upkeep\n|turn|47\n|\n|t:|1699540456\n|move|p1a: Koraidon|Low Kick|p2a: Blue House BBQ\n|-damage|p2a: Blue House BBQ|0 fnt\n|faint|p2a: Blue House BBQ\n|\n|win|KeshBa45\n|c|\u26067MM|very\n|c|\u26067MM|gg\n|l| Lkapkd\n|l| ZowwyCafe\u2764\n|c|\u2606KeshBa45|GG\n|l| Cyril Tbh\n|l| London Beats\n|j| Lechen\n|l|\u2606KeshBa45\n|l|\u26067MM\n|l| Taka\n|j| Cyril Tbh\n|j| Piyush21\n|l| Cyril Tbh\n|l| BlackKnight_Gawain\n|l| Arcanine Numbers\n|l| lekr0\n|l| seroo\n|j| hoennseptile\n|l| hoennseptile\n|j| nddcd aron\n|l| Tanishh\n|j| uri nation 226\n|l| uri nation 226\n|l| Piyush21\n|l|+PrinceOfAllTacos\n","uploadtime":1699540465,"views":133,"p1id":"keshba45","p2id":"7mm","formatid":"gen9ubers","rating":0,"private":0,"password":""}