{"id":"gen9ubers-1986564321","p1":"zd oneshot","p2":"s3rp3rior","format":"[Gen 9] Ubers","log":"|j|\u2606zd oneshot\n|j|\u2606s3rp3rior\n|t:|1699492479\n|gametype|singles\n|player|p1|zd oneshot|sisandbro|\n|player|p2|s3rp3rior|caitlin|\n|teamsize|p1|6\n|teamsize|p2|6\n|gen|9\n|tier|[Gen 9] Ubers\n|rated|Tournament battle\n|rule|Sleep Clause Mod: Limit one foe put to sleep\n|rule|Species Clause: Limit one of each Pok\u00e9mon\n|rule|OHKO Clause: OHKO moves are banned\n|rule|Evasion Items Clause: Evasion items are banned\n|rule|Evasion Moves Clause: Evasion moves are banned\n|rule|Endless Battle Clause: Forcing endless battles is banned\n|rule|HP Percentage Mod: HP is shown in percentages\n|clearpoke\n|poke|p1|Zacian-*|\n|poke|p1|Kyogre|\n|poke|p1|Miraidon|\n|poke|p1|Arboliva, F|\n|poke|p1|Ditto|\n|poke|p1|Koraidon|\n|poke|p2|Clodsire, M|\n|poke|p2|Alomomola, F|\n|poke|p2|Blissey, F|\n|poke|p2|Weezing-Galar, M|\n|poke|p2|Gliscor, M|\n|poke|p2|Dondozo, F|\n|teampreview\n|inactive|Battle timer is ON: inactive players will automatically lose when time's up. (requested by s3rp3rior)\n|\n|t:|1699492505\n|start\n|switch|p1a: Kyogre|Kyogre|100\/100\n|switch|p2a: Gliscor|Gliscor, M|100\/100\n|-weather|RainDance|[from] ability: Drizzle|[of] p1a: Kyogre\n|turn|1\n|\n|t:|1699492516\n|move|p2a: Gliscor|Protect|p2a: Gliscor\n|-singleturn|p2a: Gliscor|Protect\n|move|p1a: Kyogre|Water Spout|p2a: Gliscor\n|-activate|p2a: Gliscor|move: Protect\n|\n|-weather|RainDance|[upkeep]\n|-status|p2a: Gliscor|tox|[from] item: Toxic Orb\n|upkeep\n|turn|2\n|\n|t:|1699492533\n|switch|p1a: Arboliva|Arboliva, F, shiny|100\/100\n|switch|p2a: Aphrodite|Blissey, F|100\/100\n|\n|-weather|RainDance|[upkeep]\n|upkeep\n|turn|3\n|\n|t:|1699492544\n|switch|p2a: Gliscor|Gliscor, M|100\/100 tox\n|move|p1a: Arboliva|Leech Seed|p2a: Gliscor\n|-start|p2a: Gliscor|move: Leech Seed\n|\n|-weather|RainDance|[upkeep]\n|-damage|p2a: Gliscor|88\/100 tox|[from] Leech Seed|[of] p1a: Arboliva\n|-heal|p2a: Gliscor|100\/100 tox|[from] ability: Poison Heal\n|upkeep\n|turn|4\n|\n|t:|1699492565\n|switch|p1a: Kyogre|Kyogre|100\/100\n|move|p2a: Gliscor|Toxic|p1a: Kyogre\n|-status|p1a: Kyogre|tox\n|\n|-weather|RainDance|[upkeep]\n|-damage|p2a: Gliscor|88\/100 tox|[from] Leech Seed|[of] p1a: Kyogre\n|-damage|p1a: Kyogre|94\/100 tox|[from] psn\n|-heal|p2a: Gliscor|100\/100 tox|[from] ability: Poison Heal\n|upkeep\n|turn|5\n|\n|t:|1699492581\n|move|p2a: Gliscor|Protect|p2a: Gliscor\n|-singleturn|p2a: Gliscor|Protect\n|move|p1a: Kyogre|Origin Pulse|p2a: Gliscor\n|-activate|p2a: Gliscor|move: Protect\n|\n|-weather|none\n|-damage|p2a: Gliscor|88\/100 tox|[from] Leech Seed|[of] p1a: Kyogre\n|-heal|p1a: Kyogre|100\/100 tox|[silent]\n|-damage|p1a: Kyogre|88\/100 tox|[from] psn\n|-heal|p2a: Gliscor|100\/100 tox|[from] ability: Poison Heal\n|upkeep\n|turn|6\n|\n|t:|1699492592\n|switch|p1a: Koraidon|Koraidon|100\/100\n|-weather|SunnyDay|[from] ability: Orichalcum Pulse|[of] p1a: Koraidon\n|-activate|p1a: Koraidon|Orichalcum Pulse|[source]\n|switch|p2a: Aphrodite|Blissey, F|100\/100\n|\n|-weather|SunnyDay|[upkeep]\n|upkeep\n|turn|7\n|\n|t:|1699492604\n|switch|p2a: Purity|Alomomola, F|100\/100\n|move|p1a: Koraidon|Collision Course|p2a: Purity\n|-damage|p2a: Purity|61\/100\n|-damage|p1a: Koraidon|84\/100|[from] item: Rocky Helmet|[of] p2a: Purity\n|\n|-weather|SunnyDay|[upkeep]\n|upkeep\n|turn|8\n|\n|t:|1699492616\n|move|p1a: Koraidon|Draco Meteor|p2a: Purity|[miss]\n|-miss|p1a: Koraidon|p2a: Purity\n|move|p2a: Purity|Wish|p2a: Purity\n|\n|-weather|SunnyDay|[upkeep]\n|upkeep\n|turn|9\n|inactive|zd oneshot has 120 seconds left.\n|\n|t:|1699492637\n|move|p2a: Purity|Protect|p2a: Purity\n|-singleturn|p2a: Purity|Protect\n|move|p1a: Koraidon|Draco Meteor|p2a: Purity\n|-activate|p2a: Purity|move: Protect\n|\n|-weather|SunnyDay|[upkeep]\n|-heal|p2a: Purity|100\/100|[from] move: Wish|[wisher] Purity\n|upkeep\n|turn|10\n|inactive|zd oneshot has 120 seconds left.\n|\n|t:|1699492649\n|move|p1a: Koraidon|Draco Meteor|p2a: Purity\n|-damage|p2a: Purity|56\/100\n|-unboost|p1a: Koraidon|spa|2\n|move|p2a: Purity|Wish|p2a: Purity\n|\n|-weather|none\n|upkeep\n|turn|11\n|\n|t:|1699492659\n|move|p1a: Koraidon|Dual Wingbeat|p2a: Purity\n|-damage|p2a: Purity|48\/100\n|-damage|p1a: Koraidon|68\/100|[from] item: Rocky Helmet|[of] p2a: Purity\n|-damage|p2a: Purity|41\/100\n|-damage|p1a: Koraidon|51\/100|[from] item: Rocky Helmet|[of] p2a: Purity\n|-hitcount|p2a: Purity|2\n|move|p2a: Purity|Play Rough|p1a: Koraidon\n|-supereffective|p1a: Koraidon\n|-damage|p1a: Koraidon|0 fnt\n|faint|p1a: Koraidon\n|\n|-heal|p2a: Purity|91\/100|[from] move: Wish|[wisher] Purity\n|upkeep\n|j|%shrang\n|inactive|zd oneshot has 120 seconds left.\n|\n|t:|1699492676\n|switch|p1a: Miraidon|Miraidon|100\/100\n|-fieldstart|move: Electric Terrain|[from] ability: Hadron Engine|[of] p1a: Miraidon\n|-enditem|p1a: Miraidon|Electric Seed\n|-boost|p1a: Miraidon|def|1|[from] item: Electric Seed\n|turn|12\n|inactive|zd oneshot has 120 seconds left.\n|\n|t:|1699492689\n|switch|p2a: Clodsire|Clodsire, M|100\/100\n|-terastallize|p1a: Miraidon|Water\n|move|p1a: Miraidon|Tera Blast|p2a: Clodsire|[anim] Tera Blast Water\n|-supereffective|p2a: Clodsire\n|-damage|p2a: Clodsire|33\/100\n|\n|-heal|p2a: Clodsire|40\/100|[from] item: Leftovers\n|upkeep\n|turn|13\n|inactive|zd oneshot has 120 seconds left.\n|\n|t:|1699492711\n|-terastallize|p2a: Clodsire|Steel\n|move|p1a: Miraidon|Tera Blast|p2a: Clodsire|[anim] Tera Blast Water\n|-damage|p2a: Clodsire|8\/100\n|move|p2a: Clodsire|Recover|p2a: Clodsire\n|-heal|p2a: Clodsire|58\/100\n|\n|-heal|p2a: Clodsire|64\/100|[from] item: Leftovers\n|upkeep\n|turn|14\n|inactive|zd oneshot has 120 seconds left.\n|\n|t:|1699492722\n|move|p1a: Miraidon|Electro Drift|p2a: Clodsire\n|-damage|p2a: Clodsire|12\/100\n|move|p2a: Clodsire|Recover|p2a: Clodsire\n|-heal|p2a: Clodsire|62\/100\n|\n|-heal|p2a: Clodsire|68\/100|[from] item: Leftovers\n|upkeep\n|turn|15\n|inactive|zd oneshot has 120 seconds left.\n|\n|t:|1699492737\n|move|p1a: Miraidon|Electro Drift|p2a: Clodsire\n|-damage|p2a: Clodsire|16\/100\n|move|p2a: Clodsire|Recover|p2a: Clodsire\n|-heal|p2a: Clodsire|66\/100\n|\n|-heal|p2a: Clodsire|72\/100|[from] item: Leftovers\n|upkeep\n|turn|16\n|j| FinlayC\n|\n|t:|1699492750\n|switch|p2a: Aphrodite|Blissey, F|100\/100\n|move|p1a: Miraidon|Tera Blast|p2a: Aphrodite|[anim] Tera Blast Water\n|-damage|p2a: Aphrodite|83\/100\n|\n|-fieldend|move: Electric Terrain\n|upkeep\n|turn|17\n|l| FinlayC\n|\n|t:|1699492760\n|move|p1a: Miraidon|Tera Blast|p2a: Aphrodite|[anim] Tera Blast Water\n|-damage|p2a: Aphrodite|70\/100\n|move|p2a: Aphrodite|Stealth Rock|p1a: Miraidon\n|-sidestart|p1: zd oneshot|move: Stealth Rock\n|\n|upkeep\n|turn|18\n|\n|t:|1699492772\n|switch|p1a: Ditto|Ditto|100\/100\n|-damage|p1a: Ditto|88\/100|[from] Stealth Rock\n|-transform|p1a: Ditto|p2a: Aphrodite|[from] ability: Imposter\n|move|p2a: Aphrodite|Seismic Toss|p1a: Ditto\n|-damage|p1a: Ditto|55\/100\n|\n|upkeep\n|turn|19\n|\n|t:|1699492783\n|switch|p2a: Clodsire|Clodsire, M, tera:Steel|72\/100\n|move|p1a: Ditto|Stealth Rock|p2a: Clodsire\n|-sidestart|p2: s3rp3rior|move: Stealth Rock\n|\n|-heal|p2a: Clodsire|78\/100|[from] item: Leftovers\n|upkeep\n|turn|20\n|\n|t:|1699492794\n|switch|p1a: Kyogre|Kyogre|88\/100 tox\n|-damage|p1a: Kyogre|76\/100 tox|[from] Stealth Rock\n|-weather|RainDance|[from] ability: Drizzle|[of] p1a: Kyogre\n|move|p2a: Clodsire|Spikes|p1a: Kyogre\n|-sidestart|p1: zd oneshot|Spikes\n|\n|-weather|RainDance|[upkeep]\n|-heal|p2a: Clodsire|84\/100|[from] item: Leftovers\n|-damage|p1a: Kyogre|70\/100 tox|[from] psn\n|upkeep\n|turn|21\n|\n|t:|1699492810\n|move|p1a: Kyogre|Origin Pulse|p2a: Clodsire\n|-damage|p2a: Clodsire|28\/100\n|move|p2a: Clodsire|Recover|p2a: Clodsire\n|-heal|p2a: Clodsire|78\/100\n|\n|-weather|RainDance|[upkeep]\n|-heal|p2a: Clodsire|84\/100|[from] item: Leftovers\n|-damage|p1a: Kyogre|57\/100 tox|[from] psn\n|upkeep\n|turn|22\n|\n|t:|1699492821\n|move|p1a: Kyogre|Origin Pulse|p2a: Clodsire\n|-damage|p2a: Clodsire|32\/100\n|move|p2a: Clodsire|Recover|p2a: Clodsire\n|-heal|p2a: Clodsire|82\/100\n|\n|-weather|RainDance|[upkeep]\n|-heal|p2a: Clodsire|88\/100|[from] item: Leftovers\n|-damage|p1a: Kyogre|39\/100 tox|[from] psn\n|upkeep\n|turn|23\n|\n|t:|1699492832\n|move|p1a: Kyogre|Origin Pulse|p2a: Clodsire\n|-damage|p2a: Clodsire|39\/100\n|move|p2a: Clodsire|Recover|p2a: Clodsire\n|-heal|p2a: Clodsire|89\/100\n|\n|-weather|RainDance|[upkeep]\n|-heal|p2a: Clodsire|95\/100|[from] item: Leftovers\n|-damage|p1a: Kyogre|14\/100 tox|[from] psn\n|upkeep\n|turn|24\n|\n|t:|1699492843\n|move|p1a: Kyogre|Origin Pulse|p2a: Clodsire\n|-damage|p2a: Clodsire|46\/100\n|move|p2a: Clodsire|Spikes|p1a: Kyogre\n|-sidestart|p1: zd oneshot|Spikes\n|\n|-weather|none\n|-heal|p2a: Clodsire|52\/100|[from] item: Leftovers\n|-damage|p1a: Kyogre|0 fnt|[from] psn\n|faint|p1a: Kyogre\n|upkeep\n|j| zf\n|\n|t:|1699492853\n|switch|p1a: Miraidon|Miraidon, tera:Water|100\/100\n|-damage|p1a: Miraidon|88\/100|[from] Stealth Rock\n|-damage|p1a: Miraidon|72\/100|[from] Spikes\n|-fieldstart|move: Electric Terrain|[from] ability: Hadron Engine|[of] p1a: Miraidon\n|turn|25\n|\n|t:|1699492861\n|switch|p2a: Aphrodite|Blissey, F|70\/100\n|move|p1a: Miraidon|Electro Drift|p2a: Aphrodite\n|-damage|p2a: Aphrodite|44\/100\n|\n|upkeep\n|turn|26\n|\n|t:|1699492870\n|move|p1a: Miraidon|Electro Drift|p2a: Aphrodite\n|-damage|p2a: Aphrodite|13\/100\n|move|p2a: Aphrodite|Soft-Boiled|p2a: Aphrodite\n|-heal|p2a: Aphrodite|63\/100\n|\n|upkeep\n|turn|27\n|inactive|zd oneshot has 120 seconds left.\n|l|%shrang\n|\n|t:|1699492886\n|switch|p1a: Zacian|Zacian-Crowned|100\/100\n|-damage|p1a: Zacian|94\/100|[from] Stealth Rock\n|-damage|p1a: Zacian|78\/100|[from] Spikes\n|-ability|p1a: Zacian|Intrepid Sword|boost\n|-boost|p1a: Zacian|atk|1\n|move|p2a: Aphrodite|Soft-Boiled|p2a: Aphrodite\n|-heal|p2a: Aphrodite|100\/100\n|\n|upkeep\n|turn|28\n|\n|t:|1699492902\n|switch|p2a: Purity|Alomomola, F|100\/100\n|-damage|p2a: Purity|88\/100|[from] Stealth Rock\n|move|p1a: Zacian|Behemoth Blade|p2a: Purity\n|-resisted|p2a: Purity\n|-damage|p2a: Purity|66\/100\n|-damage|p1a: Zacian|61\/100|[from] item: Rocky Helmet|[of] p2a: Purity\n|\n|upkeep\n|turn|29\n|-message|zd oneshot forfeited.\n|\n|win|s3rp3rior\n|n|\u2606zd oneshot|zdoneshot\n|n|\u2606s3rp3rior|s3rp3rior\n|n| zf|zf\n","uploadtime":1699492925,"views":6,"p1id":"zdoneshot","p2id":"s3rp3rior","formatid":"gen9ubers","rating":0,"private":0,"password":""}