{"id":"gen9ubers-1970228189","p1":"Okami_Knight","p2":"Kaydeezy","format":"[Gen 9] Ubers","log":"|j|\u2606Okami_Knight\n|j|\u2606Kaydeezy\n|t:|1697613856\n|gametype|singles\n|player|p1|Okami_Knight|2|1110\n|player|p2|Kaydeezy|unknownf|1068\n|teamsize|p1|6\n|teamsize|p2|6\n|gen|9\n|tier|[Gen 9] Ubers\n|rated|\n|rule|Sleep Clause Mod: Limit one foe put to sleep\n|rule|Species Clause: Limit one of each Pok\u00e9mon\n|rule|OHKO Clause: OHKO moves are banned\n|rule|Evasion Items Clause: Evasion items are banned\n|rule|Evasion Moves Clause: Evasion moves are banned\n|rule|Endless Battle Clause: Forcing endless battles is banned\n|rule|HP Percentage Mod: HP is shown in percentages\n|clearpoke\n|poke|p1|Kommo-o, M|\n|poke|p1|Iron Treads|\n|poke|p1|Cinderace, M|\n|poke|p1|Yanmega, M|\n|poke|p1|Ogerpon-Wellspring, F|\n|poke|p1|Glimmora, M|\n|poke|p2|Hatterene, F|\n|poke|p2|Volcarona, F|\n|poke|p2|Lucario, M|\n|poke|p2|Toxapex, F|\n|poke|p2|Garchomp, F|\n|poke|p2|Ogerpon-Wellspring, F|\n|teampreview\n|inactive|Battle timer is ON: inactive players will automatically lose when time's up. (requested by Kaydeezy)\n|\n|t:|1697613862\n|start\n|switch|p1a: Glimmora|Glimmora, M|100\/100\n|switch|p2a: Hatterene|Hatterene, F, shiny|100\/100\n|turn|1\n|\n|t:|1697613870\n|move|p1a: Glimmora|Mortal Spin|p2a: Hatterene\n|-supereffective|p2a: Hatterene\n|-damage|p2a: Hatterene|86\/100\n|-status|p2a: Hatterene|psn\n|move|p2a: Hatterene|Calm Mind|p2a: Hatterene\n|-boost|p2a: Hatterene|spa|1\n|-boost|p2a: Hatterene|spd|1\n|\n|-damage|p2a: Hatterene|73\/100 psn|[from] psn\n|upkeep\n|turn|2\n|\n|t:|1697613880\n|switch|p1a: Iron Treads|Iron Treads|100\/100\n|-enditem|p1a: Iron Treads|Booster Energy\n|-activate|p1a: Iron Treads|ability: Quark Drive|[fromitem]\n|-start|p1a: Iron Treads|quarkdrivespe\n|move|p2a: Hatterene|Psyshock|p1a: Iron Treads\n|-resisted|p1a: Iron Treads\n|-damage|p1a: Iron Treads|72\/100\n|\n|-damage|p2a: Hatterene|61\/100 psn|[from] psn\n|upkeep\n|turn|3\n|\n|t:|1697613902\n|switch|p2a: Garchomp|Garchomp, F, shiny|100\/100\n|move|p1a: Iron Treads|Knock Off|p2a: Garchomp\n|-damage|p2a: Garchomp|74\/100\n|-damage|p1a: Iron Treads|59\/100|[from] ability: Rough Skin|[of] p2a: Garchomp\n|-damage|p1a: Iron Treads|43\/100|[from] item: Rocky Helmet|[of] p2a: Garchomp\n|-enditem|p2a: Garchomp|Rocky Helmet|[from] move: Knock Off|[of] p1a: Iron Treads\n|\n|upkeep\n|turn|4\n|\n|t:|1697613918\n|-end|p1a: Iron Treads|Quark Drive|[silent]\n|switch|p1a: Yanmega|Yanmega, M|100\/100\n|move|p2a: Garchomp|Swords Dance|p2a: Garchomp\n|-boost|p2a: Garchomp|atk|2\n|\n|upkeep\n|turn|5\n|\n|t:|1697613926\n|move|p1a: Yanmega|Protect|p1a: Yanmega\n|-singleturn|p1a: Yanmega|Protect\n|move|p2a: Garchomp|Dragon Claw|p1a: Yanmega\n|-activate|p1a: Yanmega|move: Protect\n|\n|-ability|p1a: Yanmega|Speed Boost|boost\n|-boost|p1a: Yanmega|spe|1\n|upkeep\n|turn|6\n|\n|t:|1697613934\n|move|p1a: Yanmega|Bug Buzz|p2a: Garchomp\n|-damage|p2a: Garchomp|26\/100\n|move|p2a: Garchomp|Dragon Claw|p1a: Yanmega\n|-damage|p1a: Yanmega|1\/100\n|\n|-heal|p1a: Yanmega|7\/100|[from] item: Leftovers\n|-ability|p1a: Yanmega|Speed Boost|boost\n|-boost|p1a: Yanmega|spe|1\n|upkeep\n|turn|7\n|\n|t:|1697613948\n|switch|p2a: Toxapex|Toxapex, F, shiny|100\/100\n|move|p1a: Yanmega|Bug Buzz|p2a: Toxapex\n|-resisted|p2a: Toxapex\n|-damage|p2a: Toxapex|83\/100\n|\n|-heal|p1a: Yanmega|13\/100|[from] item: Leftovers\n|-heal|p2a: Toxapex|89\/100|[from] item: Leftovers\n|-ability|p1a: Yanmega|Speed Boost|boost\n|-boost|p1a: Yanmega|spe|1\n|upkeep\n|turn|8\n|\n|t:|1697613959\n|switch|p1a: Ogerpon|Ogerpon-Wellspring, F|100\/100\n|move|p2a: Toxapex|Haze|p2a: Toxapex\n|-clearallboost\n|\n|-heal|p2a: Toxapex|95\/100|[from] item: Leftovers\n|upkeep\n|turn|9\n|\n|t:|1697613968\n|move|p2a: Toxapex|Baneful Bunker|p2a: Toxapex\n|-singleturn|p2a: Toxapex|move: Protect\n|move|p1a: Ogerpon|Knock Off|p2a: Toxapex\n|-activate|p2a: Toxapex|move: Protect\n|-status|p1a: Ogerpon|psn\n|\n|-heal|p2a: Toxapex|100\/100|[from] item: Leftovers\n|-damage|p1a: Ogerpon|88\/100 psn|[from] psn\n|upkeep\n|turn|10\n|\n|t:|1697613997\n|switch|p2a: Volcarona|Volcarona, F, shiny|100\/100\n|move|p1a: Ogerpon|Knock Off|p2a: Volcarona\n|-crit|p2a: Volcarona\n|-damage|p2a: Volcarona|45\/100\n|-enditem|p2a: Volcarona|Heavy-Duty Boots|[from] move: Knock Off|[of] p1a: Ogerpon\n|\n|-damage|p1a: Ogerpon|76\/100 psn|[from] psn\n|upkeep\n|turn|11\n|inactive|Kaydeezy has 120 seconds left.\n|\n|t:|1697614012\n|-terastallize|p2a: Volcarona|Water\n|move|p1a: Ogerpon|Ivy Cudgel|p2a: Volcarona\n|-resisted|p2a: Volcarona\n|-damage|p2a: Volcarona|20\/100\n|move|p2a: Volcarona|Bug Buzz|p1a: Ogerpon\n|-supereffective|p1a: Ogerpon\n|-damage|p1a: Ogerpon|0 fnt\n|faint|p1a: Ogerpon\n|\n|upkeep\n|\n|t:|1697614023\n|switch|p1a: Kommo-o|Kommo-o, M|100\/100\n|turn|12\n|\n|t:|1697614030\n|switch|p2a: Hatterene|Hatterene, F, shiny|61\/100 psn\n|move|p1a: Kommo-o|Dragon Dance|p1a: Kommo-o\n|-boost|p1a: Kommo-o|atk|1\n|-boost|p1a: Kommo-o|spe|1\n|\n|-damage|p2a: Hatterene|49\/100 psn|[from] psn\n|upkeep\n|turn|13\n|\n|t:|1697614038\n|move|p1a: Kommo-o|Iron Head|p2a: Hatterene\n|-supereffective|p2a: Hatterene\n|-damage|p2a: Hatterene|0 fnt\n|faint|p2a: Hatterene\n|\n|upkeep\n|\n|t:|1697614051\n|switch|p2a: Toxapex|Toxapex, F, shiny|100\/100\n|turn|14\n|\n|t:|1697614054\n|move|p1a: Kommo-o|Scale Shot|p2a: Toxapex\n|-damage|p2a: Toxapex|89\/100\n|-damage|p2a: Toxapex|75\/100\n|-damage|p2a: Toxapex|62\/100\n|-damage|p2a: Toxapex|50\/100\n|-hitcount|p2a: Toxapex|4\n|-unboost|p1a: Kommo-o|def|1\n|-boost|p1a: Kommo-o|spe|1\n|move|p2a: Toxapex|Haze|p2a: Toxapex\n|-clearallboost\n|\n|-heal|p2a: Toxapex|56\/100|[from] item: Leftovers\n|upkeep\n|turn|15\n|\n|t:|1697614071\n|move|p2a: Toxapex|Baneful Bunker|p2a: Toxapex\n|-singleturn|p2a: Toxapex|move: Protect\n|move|p1a: Kommo-o|Scale Shot|p2a: Toxapex\n|-activate|p2a: Toxapex|move: Protect\n|\n|-heal|p2a: Toxapex|62\/100|[from] item: Leftovers\n|upkeep\n|turn|16\n|\n|t:|1697614083\n|move|p1a: Kommo-o|Scale Shot|p2a: Toxapex\n|-damage|p2a: Toxapex|52\/100\n|-damage|p2a: Toxapex|43\/100\n|-damage|p2a: Toxapex|35\/100\n|-damage|p2a: Toxapex|27\/100\n|-damage|p2a: Toxapex|19\/100\n|-hitcount|p2a: Toxapex|5\n|-unboost|p1a: Kommo-o|def|1\n|-boost|p1a: Kommo-o|spe|1\n|move|p2a: Toxapex|Recover|p2a: Toxapex\n|-heal|p2a: Toxapex|69\/100\n|\n|-heal|p2a: Toxapex|75\/100|[from] item: Leftovers\n|upkeep\n|turn|17\n|\n|t:|1697614103\n|move|p1a: Kommo-o|Iron Head|p2a: Toxapex\n|-resisted|p2a: Toxapex\n|-damage|p2a: Toxapex|66\/100\n|move|p2a: Toxapex|Liquidation|p1a: Kommo-o\n|-resisted|p1a: Kommo-o\n|-damage|p1a: Kommo-o|86\/100\n|-unboost|p1a: Kommo-o|def|1\n|\n|-heal|p2a: Toxapex|71\/100|[from] item: Leftovers\n|upkeep\n|turn|18\n|\n|t:|1697614116\n|move|p2a: Toxapex|Baneful Bunker|p2a: Toxapex\n|-singleturn|p2a: Toxapex|move: Protect\n|move|p1a: Kommo-o|Dragon Dance|p1a: Kommo-o\n|-boost|p1a: Kommo-o|atk|1\n|-boost|p1a: Kommo-o|spe|1\n|\n|-heal|p2a: Toxapex|77\/100|[from] item: Leftovers\n|upkeep\n|turn|19\n|\n|t:|1697614124\n|move|p1a: Kommo-o|Close Combat|p2a: Toxapex\n|-resisted|p2a: Toxapex\n|-damage|p2a: Toxapex|45\/100\n|-unboost|p1a: Kommo-o|def|1\n|-unboost|p1a: Kommo-o|spd|1\n|move|p2a: Toxapex|Haze|p2a: Toxapex\n|-clearallboost\n|\n|-heal|p2a: Toxapex|51\/100|[from] item: Leftovers\n|upkeep\n|turn|20\n|\n|t:|1697614136\n|switch|p1a: Iron Treads|Iron Treads|43\/100\n|move|p2a: Toxapex|Baneful Bunker||[still]\n|-fail|p2a: Toxapex\n|\n|-heal|p2a: Toxapex|57\/100|[from] item: Leftovers\n|upkeep\n|turn|21\n|\n|t:|1697614144\n|move|p2a: Toxapex|Baneful Bunker|p2a: Toxapex\n|-singleturn|p2a: Toxapex|move: Protect\n|move|p1a: Iron Treads|Earthquake|p2a: Toxapex\n|-activate|p2a: Toxapex|move: Protect\n|\n|-heal|p2a: Toxapex|63\/100|[from] item: Leftovers\n|upkeep\n|turn|22\n|\n|t:|1697614154\n|move|p1a: Iron Treads|Earthquake|p2a: Toxapex\n|-supereffective|p2a: Toxapex\n|-damage|p2a: Toxapex|0 fnt\n|faint|p2a: Toxapex\n|\n|upkeep\n|\n|t:|1697614160\n|switch|p2a: Ogerpon|Ogerpon-Wellspring, F|100\/100\n|turn|23\n|\n|t:|1697614166\n|move|p2a: Ogerpon|Ivy Cudgel|p1a: Iron Treads\n|-supereffective|p1a: Iron Treads\n|-damage|p1a: Iron Treads|0 fnt\n|faint|p1a: Iron Treads\n|-end|p1a: Iron Treads|Quark Drive|[silent]\n|\n|upkeep\n|\n|t:|1697614169\n|switch|p1a: Kommo-o|Kommo-o, M|86\/100\n|turn|24\n|\n|t:|1697614177\n|-terastallize|p1a: Kommo-o|Steel\n|move|p2a: Ogerpon|Play Rough|p1a: Kommo-o|[miss]\n|-miss|p2a: Ogerpon|p1a: Kommo-o\n|move|p1a: Kommo-o|Dragon Dance|p1a: Kommo-o\n|-boost|p1a: Kommo-o|atk|1\n|-boost|p1a: Kommo-o|spe|1\n|\n|upkeep\n|turn|25\n|\n|t:|1697614187\n|move|p2a: Ogerpon|Spiky Shield|p2a: Ogerpon\n|-singleturn|p2a: Ogerpon|move: Protect\n|move|p1a: Kommo-o|Scale Shot|p2a: Ogerpon\n|-activate|p2a: Ogerpon|move: Protect\n|\n|upkeep\n|turn|26\n|\n|t:|1697614196\n|move|p1a: Kommo-o|Scale Shot|p2a: Ogerpon\n|-damage|p2a: Ogerpon|75\/100\n|-damage|p2a: Ogerpon|48\/100\n|-damage|p2a: Ogerpon|23\/100\n|-damage|p2a: Ogerpon|0 fnt\n|faint|p2a: Ogerpon\n|-hitcount|p2: Ogerpon|4\n|-unboost|p1a: Kommo-o|def|1\n|-boost|p1a: Kommo-o|spe|1\n|\n|upkeep\n|\n|t:|1697614215\n|switch|p2a: Lucario|Lucario, M, shiny|100\/100\n|turn|27\n|\n|t:|1697614222\n|move|p1a: Kommo-o|Close Combat|p2a: Lucario\n|-supereffective|p2a: Lucario\n|-damage|p2a: Lucario|0 fnt\n|-unboost|p1a: Kommo-o|def|1\n|-unboost|p1a: Kommo-o|spd|1\n|faint|p2a: Lucario\n|\n|upkeep\n|-message|Kaydeezy forfeited.\n|\n|win|Okami_Knight\n|raw|Okami_Knight's rating: 1110 &rarr; <strong>1132<\/strong><br \/>(+22 for winning)\n|raw|Kaydeezy's rating: 1068 &rarr; <strong>1050<\/strong><br \/>(-18 for losing)\n|l|\u2606Kaydeezy\n","uploadtime":1697614231,"views":14,"p1id":"okamiknight","p2id":"kaydeezy","formatid":"gen9ubers","rating":1050,"private":0,"password":""}