{"id":"gen9ubers-1972115691","p1":"Kman102","p2":"Owl In Daylight","format":"[Gen 9] Ubers","log":"|j|\u2606Kman102\n|j|\u2606Owl In Daylight\n|t:|1697814125\n|gametype|singles\n|player|p1|Kman102|266|1590\n|player|p2|Owl In Daylight|102|1687\n|teamsize|p1|6\n|teamsize|p2|6\n|gen|9\n|tier|[Gen 9] Ubers\n|rated|\n|rule|Sleep Clause Mod: Limit one foe put to sleep\n|rule|Species Clause: Limit one of each Pok\u00e9mon\n|rule|OHKO Clause: OHKO moves are banned\n|rule|Evasion Items Clause: Evasion items are banned\n|rule|Evasion Moves Clause: Evasion moves are banned\n|rule|Endless Battle Clause: Forcing endless battles is banned\n|rule|HP Percentage Mod: HP is shown in percentages\n|clearpoke\n|poke|p1|Koraidon|\n|poke|p1|Arceus|\n|poke|p1|Eternatus|\n|poke|p1|Hippowdon, F|\n|poke|p1|Ribombee, F|\n|poke|p1|Zacian-*|\n|poke|p2|Amoonguss, M|\n|poke|p2|Miraidon|\n|poke|p2|Kyogre|\n|poke|p2|Giratina-Origin|\n|poke|p2|Arceus-Fairy|\n|poke|p2|Landorus-Therian, M|\n|teampreview\n|inactive|Battle timer is ON: inactive players will automatically lose when time's up. (requested by Kman102)\n|\n|t:|1697814143\n|start\n|switch|p1a: Ribombee|Ribombee, F|100\/100\n|switch|p2a: Amoonguss|Amoonguss, M|100\/100\n|turn|1\n|\n|t:|1697814148\n|move|p1a: Ribombee|Sticky Web|p2a: Amoonguss\n|-sidestart|p2: Owl In Daylight|move: Sticky Web\n|move|p2a: Amoonguss|Sludge Bomb|p1a: Ribombee\n|-supereffective|p1a: Ribombee\n|-crit|p1a: Ribombee\n|-enditem|p1a: Ribombee|Focus Sash\n|-damage|p1a: Ribombee|1\/100\n|\n|upkeep\n|turn|2\n|\n|t:|1697814156\n|switch|p1a: Eternatus|Eternatus|100\/100\n|-ability|p1a: Eternatus|Pressure\n|move|p2a: Amoonguss|Body Slam|p1a: Eternatus\n|-damage|p1a: Eternatus|89\/100\n|\n|-heal|p1a: Eternatus|95\/100|[from] item: Black Sludge\n|upkeep\n|turn|3\n|\n|t:|1697814160\n|move|p1a: Eternatus|Flamethrower|p2a: Amoonguss\n|-supereffective|p2a: Amoonguss\n|-damage|p2a: Amoonguss|76\/100\n|move|p2a: Amoonguss|Body Slam|p1a: Eternatus\n|-damage|p1a: Eternatus|84\/100\n|-status|p1a: Eternatus|par\n|\n|-heal|p1a: Eternatus|90\/100 par|[from] item: Black Sludge\n|upkeep\n|turn|4\n|\n|t:|1697814179\n|move|p1a: Eternatus|Dynamax Cannon|p2a: Amoonguss\n|-damage|p2a: Amoonguss|55\/100\n|move|p2a: Amoonguss|Grass Knot|p1a: Eternatus\n|-resisted|p1a: Eternatus\n|-damage|p1a: Eternatus|84\/100 par\n|\n|-heal|p1a: Eternatus|90\/100 par|[from] item: Black Sludge\n|upkeep\n|turn|5\n|inactive|Kman102 has 120 seconds left.\n|l|\u2606Kman102\n|inactive|Kman102 disconnected and has a minute to reconnect!\n|player|p1|\n|inactive|Kman102 has 30 seconds to reconnect!\n|inactive|Kman102 has 20 seconds to reconnect!\n|j|\u2606Kman102\n|inactive|Kman102 reconnected and has 70 seconds left.\n|player|p1|Kman102|266\n|\n|t:|1697814261\n|switch|p2a: Arceus|Arceus-Fairy|100\/100\n|-activate|p2a: Arceus|move: Sticky Web\n|-unboost|p2a: Arceus|spe|1\n|move|p1a: Eternatus|Flamethrower|p2a: Arceus\n|-damage|p2a: Arceus|82\/100\n|\n|-heal|p1a: Eternatus|96\/100 par|[from] item: Black Sludge\n|upkeep\n|turn|6\n|\n|t:|1697814268\n|move|p2a: Arceus|Calm Mind|p2a: Arceus\n|-boost|p2a: Arceus|spa|1\n|-boost|p2a: Arceus|spd|1\n|move|p1a: Eternatus|Toxic|p2a: Arceus\n|-status|p2a: Arceus|tox\n|\n|-heal|p1a: Eternatus|100\/100 par|[from] item: Black Sludge\n|-damage|p2a: Arceus|76\/100 tox|[from] psn\n|upkeep\n|turn|7\n|\n|t:|1697814276\n|switch|p1a: Arceus|Arceus|100\/100\n|move|p2a: Arceus|Judgment|p1a: Arceus\n|-damage|p1a: Arceus|64\/100\n|\n|-heal|p1a: Arceus|70\/100|[from] item: Leftovers\n|-damage|p2a: Arceus|64\/100 tox|[from] psn\n|upkeep\n|turn|8\n|\n|t:|1697814283\n|move|p1a: Arceus|Swords Dance|p1a: Arceus\n|-boost|p1a: Arceus|atk|2\n|move|p2a: Arceus|Taunt|p1a: Arceus\n|-start|p1a: Arceus|move: Taunt\n|\n|-heal|p1a: Arceus|77\/100|[from] item: Leftovers\n|-damage|p2a: Arceus|46\/100 tox|[from] psn\n|upkeep\n|turn|9\n|\n|t:|1697814295\n|switch|p2a: Landorus|Landorus-Therian, M|100\/100\n|-ability|p2a: Landorus|Intimidate|boost\n|-unboost|p1a: Arceus|atk|1\n|move|p1a: Arceus|Extreme Speed|p2a: Landorus\n|-damage|p2a: Landorus|66\/100\n|-damage|p1a: Arceus|60\/100|[from] item: Rocky Helmet|[of] p2a: Landorus\n|\n|-heal|p1a: Arceus|66\/100|[from] item: Leftovers\n|upkeep\n|turn|10\n|\n|t:|1697814310\n|move|p1a: Arceus|Extreme Speed|p2a: Landorus\n|-damage|p2a: Landorus|35\/100\n|-damage|p1a: Arceus|49\/100|[from] item: Rocky Helmet|[of] p2a: Landorus\n|move|p2a: Landorus|U-turn|p1a: Arceus\n|-damage|p1a: Arceus|34\/100\n|\n|t:|1697814314\n|switch|p2a: Giratina|Giratina-Origin|100\/100|[from] U-turn\n|\n|-heal|p1a: Arceus|41\/100|[from] item: Leftovers\n|upkeep\n|turn|11\n|\n|t:|1697814319\n|move|p1a: Arceus|Shadow Claw|p2a: Giratina\n|-supereffective|p2a: Giratina\n|-crit|p2a: Giratina\n|-damage|p2a: Giratina|43\/100\n|move|p2a: Giratina|Will-O-Wisp|p1a: Arceus\n|-status|p1a: Arceus|brn\n|\n|-heal|p1a: Arceus|47\/100 brn|[from] item: Leftovers\n|-damage|p1a: Arceus|41\/100 brn|[from] brn\n|-end|p1a: Arceus|move: Taunt\n|upkeep\n|turn|12\n|\n|t:|1697814324\n|switch|p2a: Landorus|Landorus-Therian, M|35\/100\n|-ability|p2a: Landorus|Intimidate|boost\n|-unboost|p1a: Arceus|atk|1\n|move|p1a: Arceus|Recover|p1a: Arceus\n|-heal|p1a: Arceus|91\/100 brn\n|\n|-heal|p1a: Arceus|97\/100 brn|[from] item: Leftovers\n|-damage|p1a: Arceus|91\/100 brn|[from] brn\n|upkeep\n|turn|13\n|\n|t:|1697814330\n|move|p1a: Arceus|Swords Dance|p1a: Arceus\n|-boost|p1a: Arceus|atk|2\n|move|p2a: Landorus|Stealth Rock|p1a: Arceus\n|-sidestart|p1: Kman102|move: Stealth Rock\n|\n|-heal|p1a: Arceus|97\/100 brn|[from] item: Leftovers\n|-damage|p1a: Arceus|91\/100 brn|[from] brn\n|upkeep\n|turn|14\n|\n|t:|1697814332\n|move|p1a: Arceus|Swords Dance|p1a: Arceus\n|-boost|p1a: Arceus|atk|2\n|move|p2a: Landorus|U-turn|p1a: Arceus\n|-damage|p1a: Arceus|74\/100 brn\n|\n|t:|1697814334\n|switch|p2a: Amoonguss|Amoonguss, M|88\/100|[from] U-turn\n|-activate|p2a: Amoonguss|move: Sticky Web\n|-unboost|p2a: Amoonguss|spe|1\n|\n|-heal|p1a: Arceus|80\/100 brn|[from] item: Leftovers\n|-damage|p1a: Arceus|74\/100 brn|[from] brn\n|upkeep\n|turn|15\n|\n|t:|1697814340\n|move|p1a: Arceus|Swords Dance|p1a: Arceus\n|-boost|p1a: Arceus|atk|2\n|move|p2a: Amoonguss|Clear Smog|p1a: Arceus\n|-damage|p1a: Arceus|67\/100 brn\n|-clearboost|p1a: Arceus\n|\n|-heal|p1a: Arceus|73\/100 brn|[from] item: Leftovers\n|-damage|p1a: Arceus|67\/100 brn|[from] brn\n|upkeep\n|turn|16\n|\n|t:|1697814348\n|switch|p1a: Hippowdon|Hippowdon, F|100\/100\n|-damage|p1a: Hippowdon|94\/100|[from] Stealth Rock\n|-weather|Sandstorm|[from] ability: Sand Stream|[of] p1a: Hippowdon\n|move|p2a: Amoonguss|Clear Smog|p1a: Hippowdon\n|-resisted|p1a: Hippowdon\n|-damage|p1a: Hippowdon|87\/100\n|-clearboost|p1a: Hippowdon\n|\n|-weather|Sandstorm|[upkeep]\n|-damage|p2a: Amoonguss|82\/100|[from] Sandstorm\n|-heal|p1a: Hippowdon|93\/100|[from] item: Leftovers\n|upkeep\n|turn|17\n|\n|t:|1697814351\n|move|p1a: Hippowdon|Stealth Rock|p2a: Amoonguss\n|-sidestart|p2: Owl In Daylight|move: Stealth Rock\n|move|p2a: Amoonguss|Grass Knot|p1a: Hippowdon\n|-supereffective|p1a: Hippowdon\n|-damage|p1a: Hippowdon|21\/100\n|\n|-weather|Sandstorm|[upkeep]\n|-damage|p2a: Amoonguss|76\/100|[from] Sandstorm\n|-heal|p1a: Hippowdon|27\/100|[from] item: Leftovers\n|upkeep\n|turn|18\n|j| Na2Zn(OH)4\n|\n|t:|1697814372\n|switch|p1a: Koraidon|Koraidon|100\/100\n|-damage|p1a: Koraidon|94\/100|[from] Stealth Rock\n|-weather|SunnyDay|[from] ability: Orichalcum Pulse|[of] p1a: Koraidon\n|-activate|p1a: Koraidon|Orichalcum Pulse|[source]\n|move|p2a: Amoonguss|Grass Knot|p1a: Koraidon\n|-resisted|p1a: Koraidon\n|-damage|p1a: Koraidon|75\/100\n|\n|-weather|SunnyDay|[upkeep]\n|upkeep\n|turn|19\n|\n|t:|1697814378\n|move|p1a: Koraidon|Dragon Claw|p2a: Amoonguss\n|-damage|p2a: Amoonguss|0 fnt\n|faint|p2a: Amoonguss\n|\n|-weather|SunnyDay|[upkeep]\n|upkeep\n|\n|t:|1697814383\n|switch|p2a: Kyogre|Kyogre|100\/100\n|-activate|p2a: Kyogre|move: Sticky Web\n|-unboost|p2a: Kyogre|spe|1\n|-damage|p2a: Kyogre|88\/100|[from] Stealth Rock\n|-weather|RainDance|[from] ability: Drizzle|[of] p2a: Kyogre\n|turn|20\n|\n|t:|1697814389\n|switch|p1a: Eternatus|Eternatus|100\/100 par\n|-damage|p1a: Eternatus|88\/100 par|[from] Stealth Rock\n|-ability|p1a: Eternatus|Pressure\n|move|p2a: Kyogre|Ice Beam|p1a: Eternatus\n|-supereffective|p1a: Eternatus\n|-damage|p1a: Eternatus|2\/100 par\n|\n|-weather|RainDance|[upkeep]\n|-heal|p1a: Eternatus|8\/100 par|[from] item: Black Sludge\n|upkeep\n|turn|21\n|\n|t:|1697814393\n|move|p1a: Eternatus|Recover|p1a: Eternatus\n|-heal|p1a: Eternatus|58\/100 par\n|move|p2a: Kyogre|Ice Beam|p1a: Eternatus\n|-supereffective|p1a: Eternatus\n|-damage|p1a: Eternatus|0 fnt\n|faint|p1a: Eternatus\n|\n|-weather|RainDance|[upkeep]\n|upkeep\n|\n|t:|1697814397\n|switch|p1a: Koraidon|Koraidon|75\/100\n|-damage|p1a: Koraidon|69\/100|[from] Stealth Rock\n|-weather|SunnyDay|[from] ability: Orichalcum Pulse|[of] p1a: Koraidon\n|-activate|p1a: Koraidon|Orichalcum Pulse|[source]\n|turn|22\n|\n|t:|1697814403\n|move|p1a: Koraidon|Dragon Claw|p2a: Kyogre\n|-damage|p2a: Kyogre|4\/100\n|move|p2a: Kyogre|Ice Beam|p1a: Koraidon\n|-supereffective|p1a: Koraidon\n|-crit|p1a: Koraidon\n|-damage|p1a: Koraidon|0 fnt\n|faint|p1a: Koraidon\n|\n|-weather|SunnyDay|[upkeep]\n|upkeep\n|\n|t:|1697814408\n|switch|p1a: Arceus|Arceus|67\/100 brn\n|-damage|p1a: Arceus|54\/100 brn|[from] Stealth Rock\n|turn|23\n|\n|t:|1697814413\n|move|p1a: Arceus|Extreme Speed|p2a: Kyogre\n|-damage|p2a: Kyogre|0 fnt\n|faint|p2a: Kyogre\n|\n|-weather|SunnyDay|[upkeep]\n|-heal|p1a: Arceus|61\/100 brn|[from] item: Leftovers\n|-damage|p1a: Arceus|54\/100 brn|[from] brn\n|upkeep\n|\n|t:|1697814418\n|switch|p2a: Giratina|Giratina-Origin|43\/100\n|-damage|p2a: Giratina|31\/100|[from] Stealth Rock\n|turn|24\n|\n|t:|1697814422\n|move|p1a: Arceus|Recover|p1a: Arceus\n|-heal|p1a: Arceus|100\/100 brn\n|move|p2a: Giratina|Defog|p1a: Arceus\n|-unboost|p1a: Arceus|evasion|1\n|-sideend|p1: Kman102|Stealth Rock|[from] move: Defog|[of] p2a: Giratina\n|-sideend|p2: Owl In Daylight|Stealth Rock|[from] move: Defog|[of] p2a: Giratina\n|-sideend|p2: Owl In Daylight|Sticky Web|[from] move: Defog|[of] p2a: Giratina\n|\n|-weather|SunnyDay|[upkeep]\n|-damage|p1a: Arceus|94\/100 brn|[from] brn\n|upkeep\n|turn|25\n|\n|t:|1697814428\n|switch|p2a: Landorus|Landorus-Therian, M|35\/100\n|-ability|p2a: Landorus|Intimidate|boost\n|-unboost|p1a: Arceus|atk|1\n|move|p1a: Arceus|Swords Dance|p1a: Arceus\n|-boost|p1a: Arceus|atk|2\n|\n|-weather|SunnyDay|[upkeep]\n|-heal|p1a: Arceus|100\/100 brn|[from] item: Leftovers\n|-damage|p1a: Arceus|94\/100 brn|[from] brn\n|upkeep\n|turn|26\n|\n|t:|1697814432\n|move|p1a: Arceus|Swords Dance|p1a: Arceus\n|-boost|p1a: Arceus|atk|2\n|move|p2a: Landorus|Stealth Rock|p1a: Arceus\n|-sidestart|p1: Kman102|move: Stealth Rock\n|\n|-weather|none\n|-heal|p1a: Arceus|100\/100 brn|[from] item: Leftovers\n|-damage|p1a: Arceus|94\/100 brn|[from] brn\n|upkeep\n|turn|27\n|\n|t:|1697814434\n|move|p1a: Arceus|Swords Dance|p1a: Arceus\n|-boost|p1a: Arceus|atk|2\n|move|p2a: Landorus|U-turn|p1a: Arceus\n|-damage|p1a: Arceus|79\/100 brn\n|\n|t:|1697814439\n|switch|p2a: Giratina|Giratina-Origin|31\/100|[from] U-turn\n|\n|-heal|p1a: Arceus|85\/100 brn|[from] item: Leftovers\n|-damage|p1a: Arceus|79\/100 brn|[from] brn\n|upkeep\n|turn|28\n|\n|t:|1697814442\n|switch|p2a: Landorus|Landorus-Therian, M|35\/100\n|-ability|p2a: Landorus|Intimidate|boost\n|-unboost|p1a: Arceus|atk|1\n|move|p1a: Arceus|Shadow Claw|p2a: Landorus\n|-damage|p2a: Landorus|15\/100\n|-damage|p1a: Arceus|62\/100 brn|[from] item: Rocky Helmet|[of] p2a: Landorus\n|\n|-heal|p1a: Arceus|68\/100 brn|[from] item: Leftovers\n|-damage|p1a: Arceus|62\/100 brn|[from] brn\n|upkeep\n|turn|29\n|\n|t:|1697814452\n|move|p1a: Arceus|Swords Dance|p1a: Arceus\n|-boost|p1a: Arceus|atk|2\n|move|p2a: Landorus|U-turn|p1a: Arceus\n|-damage|p1a: Arceus|48\/100 brn\n|\n|t:|1697814454\n|switch|p2a: Miraidon|Miraidon|100\/100|[from] U-turn\n|-fieldstart|move: Electric Terrain|[from] ability: Hadron Engine|[of] p2a: Miraidon\n|\n|-heal|p1a: Arceus|54\/100 brn|[from] item: Leftovers\n|-damage|p1a: Arceus|48\/100 brn|[from] brn\n|upkeep\n|turn|30\n|\n|t:|1697814468\n|move|p1a: Arceus|Extreme Speed|p2a: Miraidon\n|-damage|p2a: Miraidon|35\/100\n|move|p2a: Miraidon|Electro Drift|p1a: Arceus\n|-damage|p1a: Arceus|0 fnt\n|faint|p1a: Arceus\n|\n|upkeep\n|\n|t:|1697814474\n|switch|p1a: Zacian|Zacian-Crowned|100\/100\n|-damage|p1a: Zacian|94\/100|[from] Stealth Rock\n|-ability|p1a: Zacian|Intrepid Sword|boost\n|-boost|p1a: Zacian|atk|1\n|turn|31\n|\n|t:|1697814483\n|move|p2a: Miraidon|Electro Drift|p1a: Zacian\n|-damage|p1a: Zacian|11\/100\n|move|p1a: Zacian|Play Rough|p2a: Miraidon\n|-supereffective|p2a: Miraidon\n|-damage|p2a: Miraidon|0 fnt\n|faint|p2a: Miraidon\n|\n|upkeep\n|\n|t:|1697814486\n|switch|p2a: Landorus|Landorus-Therian, M|15\/100\n|-ability|p2a: Landorus|Intimidate|boost\n|-unboost|p1a: Zacian|atk|1\n|turn|32\n|\n|t:|1697814491\n|move|p1a: Zacian|Behemoth Blade|p2a: Landorus\n|-damage|p2a: Landorus|0 fnt\n|-damage|p1a: Zacian|0 fnt|[from] item: Rocky Helmet|[of] p2a: Landorus\n|faint|p2a: Landorus\n|faint|p1a: Zacian\n|\n|upkeep\n|\n|t:|1697814495\n|switch|p1a: Hippowdon|Hippowdon, F|27\/100\n|switch|p2a: Arceus|Arceus-Fairy|46\/100 tox\n|-damage|p1a: Hippowdon|21\/100|[from] Stealth Rock\n|-weather|Sandstorm|[from] ability: Sand Stream|[of] p1a: Hippowdon\n|turn|33\n|\n|t:|1697814505\n|move|p2a: Arceus|Judgment|p1a: Hippowdon\n|-damage|p1a: Hippowdon|0 fnt\n|faint|p1a: Hippowdon\n|\n|-weather|Sandstorm|[upkeep]\n|-damage|p2a: Arceus|40\/100 tox|[from] Sandstorm\n|-damage|p2a: Arceus|34\/100 tox|[from] psn\n|-fieldend|move: Electric Terrain\n|upkeep\n|\n|t:|1697814506\n|switch|p1a: Ribombee|Ribombee, F|1\/100\n|-damage|p1a: Ribombee|0 fnt|[from] Stealth Rock\n|faint|p1a: Ribombee\n|\n|win|Owl In Daylight\n|raw|Kman102's rating: 1590 &rarr; <strong>1575<\/strong><br \/>(-15 for losing)\n|raw|Owl In Daylight's rating: 1687 &rarr; <strong>1702<\/strong><br \/>(+15 for winning)\n|l|\u2606Owl In Daylight\n","uploadtime":1697814525,"views":14,"p1id":"kman102","p2id":"owlindaylight","formatid":"gen9ubers","rating":1575,"private":0,"password":""}