{"id":"gen9ubers-1988745845","p1":"Teto Kasame","p2":"4R4CH1S","format":"[Gen 9] Ubers","log":"|j|\u2606Teto Kasame\n|j|\u26064R4CH1S\n|t:|1699757798\n|gametype|singles\n|player|p1|Teto Kasame|acetrainerf|\n|player|p2|4R4CH1S|cheryl|\n|teamsize|p1|6\n|teamsize|p2|6\n|gen|9\n|tier|[Gen 9] Ubers\n|rule|Sleep Clause Mod: Limit one foe put to sleep\n|rule|Species Clause: Limit one of each Pok\u00e9mon\n|rule|OHKO Clause: OHKO moves are banned\n|rule|Evasion Items Clause: Evasion items are banned\n|rule|Evasion Moves Clause: Evasion moves are banned\n|rule|Endless Battle Clause: Forcing endless battles is banned\n|rule|HP Percentage Mod: HP is shown in percentages\n|clearpoke\n|poke|p1|Palafin, F|\n|poke|p1|Ogerpon-Wellspring, F|\n|poke|p1|Sneasler, M|\n|poke|p1|Weezing, M|\n|poke|p1|Thundurus-Therian, M|\n|poke|p1|Garganacl, F|\n|poke|p2|Basculegion-F, F|\n|poke|p2|Dragapult, F|\n|poke|p2|Palafin, F|\n|poke|p2|Pelipper, F|\n|poke|p2|Volcanion|\n|poke|p2|Zapdos|\n|teampreview\n|c|\u26064R4CH1S|glhf\n|c|\u2606Teto Kasame|glhf\n|\n|t:|1699757873\n|start\n|switch|p1a: Thundurus|Thundurus-Therian, M|100\/100\n|switch|p2a: PCHOOOOO|Dragapult, F, shiny|100\/100\n|turn|1\n|\n|t:|1699757921\n|move|p1a: Thundurus|Knock Off|p2a: PCHOOOOO\n|-supereffective|p2a: PCHOOOOO\n|-damage|p2a: PCHOOOOO|31\/100\n|-enditem|p2a: PCHOOOOO|Leftovers|[from] move: Knock Off|[of] p1a: Thundurus\n|move|p2a: PCHOOOOO|Dragon Darts|p1a: Thundurus\n|-damage|p1a: Thundurus|62\/100\n|-anim|p2a: PCHOOOOO|Dragon Darts|p1a: Thundurus\n|-damage|p1a: Thundurus|23\/100\n|\n|upkeep\n|turn|2\n|\n|t:|1699757939\n|move|p1a: Thundurus|Knock Off|p2a: PCHOOOOO\n|-supereffective|p2a: PCHOOOOO\n|-damage|p2a: PCHOOOOO|0 fnt\n|faint|p2a: PCHOOOOO\n|\n|upkeep\n|\n|t:|1699757955\n|switch|p2a: Tra La Laa|Palafin, F|100\/100\n|turn|3\n|\n|t:|1699757965\n|move|p2a: Tra La Laa|Jet Punch|p1a: Thundurus\n|-damage|p1a: Thundurus|0 fnt\n|faint|p1a: Thundurus\n|\n|upkeep\n|\n|t:|1699757981\n|switch|p1a: Eazy|Ogerpon-Wellspring, F|100\/100\n|turn|4\n|\n|t:|1699757987\n|detailschange|p2a: Tra La Laa|Palafin-Hero, F\n|switch|p2a: Gyaoo!|Zapdos|100\/100\n|move|p1a: Eazy|Swords Dance|p1a: Eazy\n|-boost|p1a: Eazy|atk|2\n|\n|upkeep\n|turn|5\n|\n|t:|1699757998\n|move|p1a: Eazy|Ivy Cudgel|p2a: Gyaoo!\n|-damage|p2a: Gyaoo!|0 fnt\n|faint|p2a: Gyaoo!\n|\n|upkeep\n|\n|t:|1699758002\n|switch|p2a: Eruption???|Volcanion|100\/100\n|turn|6\n|\n|t:|1699758014\n|move|p1a: Eazy|Stomping Tantrum|p2a: Eruption???\n|-supereffective|p2a: Eruption???\n|-damage|p2a: Eruption???|6\/100\n|move|p2a: Eruption???|Sludge Bomb|p1a: Eazy\n|-supereffective|p1a: Eazy\n|-damage|p1a: Eazy|21\/100\n|\n|upkeep\n|turn|7\n|\n|t:|1699758027\n|move|p1a: Eazy|Trailblaze|p2a: Eruption???\n|-damage|p2a: Eruption???|0 fnt\n|-boost|p1a: Eazy|spe|1\n|faint|p2a: Eruption???\n|\n|upkeep\n|\n|t:|1699758031\n|switch|p2a: RainingCats&Dogs|Pelipper, F|100\/100\n|-weather|RainDance|[from] ability: Drizzle|[of] p2a: RainingCats&Dogs\n|turn|8\n|\n|t:|1699758040\n|move|p1a: Eazy|Trailblaze|p2a: RainingCats&Dogs\n|-damage|p2a: RainingCats&Dogs|34\/100\n|-boost|p1a: Eazy|spe|1\n|move|p2a: RainingCats&Dogs|Hurricane|p1a: Eazy\n|-supereffective|p1a: Eazy\n|-damage|p1a: Eazy|0 fnt\n|faint|p1a: Eazy\n|\n|-weather|RainDance|[upkeep]\n|upkeep\n|\n|t:|1699758087\n|switch|p1a: Sneasler|Sneasler, M|100\/100\n|turn|9\n|\n|t:|1699758096\n|move|p1a: Sneasler|Dire Claw|p2a: RainingCats&Dogs\n|-damage|p2a: RainingCats&Dogs|0 fnt\n|faint|p2a: RainingCats&Dogs\n|\n|-weather|RainDance|[upkeep]\n|upkeep\n|\n|t:|1699758114\n|switch|p2a: Finish Slick|Basculegion-F, F|100\/100\n|turn|10\n|\n|t:|1699758137\n|switch|p1a: Jay|Palafin, F|100\/100\n|move|p2a: Finish Slick|Hydro Pump|p1a: Jay\n|-resisted|p1a: Jay\n|-damage|p1a: Jay|28\/100\n|\n|-weather|RainDance|[upkeep]\n|upkeep\n|turn|11\n|\n|t:|1699758154\n|move|p1a: Jay|Jet Punch|p2a: Finish Slick\n|-resisted|p2a: Finish Slick\n|-damage|p2a: Finish Slick|81\/100\n|-damage|p1a: Jay|18\/100|[from] item: Life Orb\n|move|p2a: Finish Slick|Hydro Pump|p1a: Jay\n|-resisted|p1a: Jay\n|-damage|p1a: Jay|0 fnt\n|faint|p1a: Jay\n|\n|-weather|RainDance|[upkeep]\n|upkeep\n|\n|t:|1699758167\n|switch|p1a: Garganacl|Garganacl, F|100\/100\n|turn|12\n|\n|t:|1699758178\n|-terastallize|p1a: Garganacl|Fairy\n|move|p2a: Finish Slick|Hydro Pump|p1a: Garganacl\n|-damage|p1a: Garganacl|24\/100\n|move|p1a: Garganacl|Salt Cure|p2a: Finish Slick\n|-damage|p2a: Finish Slick|63\/100\n|-start|p2a: Finish Slick|Salt Cure\n|\n|-weather|RainDance|[upkeep]\n|-damage|p2a: Finish Slick|38\/100|[from] Salt Cure\n|upkeep\n|turn|13\n|\n|t:|1699758189\n|switch|p2a: Tra La Laa|Palafin-Hero, F|100\/100\n|-activate|p2a: Tra La Laa|ability: Zero to Hero\n|move|p1a: Garganacl|Salt Cure|p2a: Tra La Laa\n|-damage|p2a: Tra La Laa|87\/100\n|-start|p2a: Tra La Laa|Salt Cure\n|\n|-weather|RainDance|[upkeep]\n|-damage|p2a: Tra La Laa|62\/100|[from] Salt Cure\n|upkeep\n|turn|14\n|\n|t:|1699758200\n|move|p2a: Tra La Laa|Flip Turn|p1a: Garganacl\n|-damage|p1a: Garganacl|0 fnt\n|faint|p1a: Garganacl\n|\n|t:|1699758202\n|switch|p2a: Finish Slick|Basculegion-F, F|38\/100|[from] Flip Turn\n|\n|-weather|RainDance|[upkeep]\n|upkeep\n|\n|t:|1699758209\n|switch|p1a: Weezing|Weezing, M|100\/100\n|turn|15\n|\n|t:|1699758222\n|move|p2a: Finish Slick|Surf|p1a: Weezing\n|-damage|p1a: Weezing|7\/100\n|move|p1a: Weezing|Clear Smog|p2a: Finish Slick\n|-resisted|p2a: Finish Slick\n|-damage|p2a: Finish Slick|28\/100\n|-clearboost|p2a: Finish Slick\n|\n|-weather|none\n|-heal|p1a: Weezing|13\/100|[from] item: Leftovers\n|upkeep\n|turn|16\n|\n|t:|1699758235\n|move|p2a: Finish Slick|Surf|p1a: Weezing\n|-damage|p1a: Weezing|0 fnt\n|faint|p1a: Weezing\n|\n|upkeep\n|\n|t:|1699758240\n|switch|p1a: Sneasler|Sneasler, M|100\/100\n|turn|17\n|\n|t:|1699758244\n|move|p1a: Sneasler|Dire Claw|p2a: Finish Slick\n|-resisted|p2a: Finish Slick\n|-crit|p2a: Finish Slick\n|-damage|p2a: Finish Slick|0 fnt\n|faint|p2a: Finish Slick\n|\n|upkeep\n|\n|t:|1699758247\n|switch|p2a: Tra La Laa|Palafin-Hero, F|62\/100\n|turn|18\n|\n|t:|1699758257\n|-terastallize|p2a: Tra La Laa|Water\n|move|p1a: Sneasler|Dire Claw|p2a: Tra La Laa\n|-damage|p2a: Tra La Laa|3\/100\n|move|p2a: Tra La Laa|Wave Crash|p1a: Sneasler\n|-damage|p1a: Sneasler|0 fnt\n|faint|p1a: Sneasler\n|-damage|p2a: Tra La Laa|0 fnt|[from] Recoil\n|faint|p2a: Tra La Laa\n|\n|win|4R4CH1S\n|c|\u26064R4CH1S|gg\n|c|\u2606Teto Kasame|gg\n|c|\u26064R4CH1S|do you wanna upload the replays to the channel\n|c|\u2606Teto Kasame|sure\n|c|\u26064R4CH1S|Cool :3\n","uploadtime":1699758271,"views":8,"p1id":"tetokasame","p2id":"4r4ch1s","formatid":"gen9ubers","rating":0,"private":0,"password":""}