{"id":"gen9ubers-1980047903","p1":"ProfSimonov","p2":"Alk0","format":"[Gen 9] Ubers","log":"|j|\u203dProfSimonov\n|j|\u2606Alk0\n|t:|1698751370\n|gametype|singles\n|player|p1|ProfSimonov|swimmerf|1000\n|player|p2|Alk0|li|1004\n|teamsize|p1|6\n|teamsize|p2|6\n|gen|9\n|tier|[Gen 9] Ubers\n|rated|\n|rule|Sleep Clause Mod: Limit one foe put to sleep\n|rule|Species Clause: Limit one of each Pok\u00e9mon\n|rule|OHKO Clause: OHKO moves are banned\n|rule|Evasion Items Clause: Evasion items are banned\n|rule|Evasion Moves Clause: Evasion moves are banned\n|rule|Endless Battle Clause: Forcing endless battles is banned\n|rule|HP Percentage Mod: HP is shown in percentages\n|clearpoke\n|poke|p1|Flutter Mane|\n|poke|p1|Iron Bundle|\n|poke|p1|Koraidon|\n|poke|p1|Miraidon|\n|poke|p1|Zacian-*|\n|poke|p1|Ribombee, M|\n|poke|p2|Eternatus|\n|poke|p2|Dondozo, F|\n|poke|p2|Darkrai|\n|poke|p2|Groudon|\n|poke|p2|Zacian-*|\n|poke|p2|Ceruledge, M|\n|teampreview\n|\n|t:|1698751384\n|start\n|switch|p1a: Ribombee|Ribombee, M|100\/100\n|switch|p2a: Eternatus|Eternatus|100\/100\n|-ability|p2a: Eternatus|Pressure\n|turn|1\n|\n|t:|1698751401\n|move|p2a: Eternatus|Flamethrower|p1a: Ribombee\n|-supereffective|p1a: Ribombee\n|-enditem|p1a: Ribombee|Focus Sash\n|-damage|p1a: Ribombee|1\/100\n|-damage|p2a: Eternatus|91\/100|[from] item: Life Orb\n|move|p1a: Ribombee|Stun Spore|p2a: Eternatus|[miss]\n|-miss|p1a: Ribombee|p2a: Eternatus\n|\n|upkeep\n|turn|2\n|\n|t:|1698751415\n|move|p2a: Eternatus|Flamethrower|p1a: Ribombee\n|-supereffective|p1a: Ribombee\n|-damage|p1a: Ribombee|0 fnt\n|faint|p1a: Ribombee\n|-damage|p2a: Eternatus|81\/100|[from] item: Life Orb\n|\n|upkeep\n|\n|t:|1698751422\n|switch|p1a: Iron Bundle|Iron Bundle|100\/100\n|turn|3\n|\n|t:|1698751431\n|switch|p2a: Dondozo|Dondozo, F|100\/100\n|move|p1a: Iron Bundle|U-turn|p2a: Dondozo\n|-damage|p2a: Dondozo|93\/100\n|\n|t:|1698751437\n|-end|p1a: Iron Bundle|Quark Drive|[silent]\n|switch|p1a: Miraidon|Miraidon|100\/100|[from] U-turn\n|-fieldstart|move: Electric Terrain|[from] ability: Hadron Engine|[of] p1a: Miraidon\n|\n|upkeep\n|turn|4\n|\n|t:|1698751445\n|switch|p2a: Groudon|Groudon|100\/100\n|-weather|SunnyDay|[from] ability: Drought|[of] p2a: Groudon\n|move|p1a: Miraidon|Draco Meteor|p2a: Groudon|[miss]\n|-miss|p1a: Miraidon|p2a: Groudon\n|\n|-weather|SunnyDay|[upkeep]\n|upkeep\n|turn|5\n|\n|t:|1698751462\n|switch|p1a: Koraidon|Koraidon|100\/100\n|-activate|p1a: Koraidon|ability: Orichalcum Pulse\n|move|p2a: Groudon|Thunder Wave|p1a: Koraidon\n|-status|p1a: Koraidon|par\n|\n|-weather|SunnyDay|[upkeep]\n|upkeep\n|turn|6\n|\n|t:|1698751478\n|move|p2a: Groudon|Thunderbolt|p1a: Koraidon\n|-resisted|p1a: Koraidon\n|-damage|p1a: Koraidon|84\/100 par\n|move|p1a: Koraidon|Swords Dance|p1a: Koraidon\n|-boost|p1a: Koraidon|atk|2\n|\n|-weather|SunnyDay|[upkeep]\n|upkeep\n|turn|7\n|\n|t:|1698751486\n|move|p2a: Groudon|Earthquake|p1a: Koraidon\n|-damage|p1a: Koraidon|44\/100 par\n|cant|p1a: Koraidon|par\n|\n|-weather|SunnyDay|[upkeep]\n|-fieldend|move: Electric Terrain\n|upkeep\n|turn|8\n|\n|t:|1698751493\n|move|p2a: Groudon|Earthquake|p1a: Koraidon\n|-damage|p1a: Koraidon|0 fnt\n|faint|p1a: Koraidon\n|\n|-weather|none\n|upkeep\n|\n|t:|1698751501\n|switch|p1a: Iron Bundle|Iron Bundle|100\/100\n|turn|9\n|\n|t:|1698751507\n|switch|p2a: Dondozo|Dondozo, F|93\/100\n|move|p1a: Iron Bundle|Freeze-Dry|p2a: Dondozo\n|-supereffective|p2a: Dondozo\n|-damage|p2a: Dondozo|30\/100\n|-status|p2a: Dondozo|frz\n|\n|upkeep\n|turn|10\n|\n|t:|1698751532\n|switch|p2a: Darkrai|Darkrai|100\/100\n|move|p1a: Iron Bundle|Freeze-Dry|p2a: Darkrai\n|-damage|p2a: Darkrai|57\/100\n|\n|upkeep\n|turn|11\n|\n|t:|1698751540\n|move|p1a: Iron Bundle|Ice Beam|p2a: Darkrai\n|-damage|p2a: Darkrai|1\/100\n|move|p2a: Darkrai|Thunder Wave|p1a: Iron Bundle\n|-status|p1a: Iron Bundle|par\n|\n|upkeep\n|turn|12\n|\n|t:|1698751550\n|move|p2a: Darkrai|Sludge Bomb|p1a: Iron Bundle\n|-damage|p1a: Iron Bundle|47\/100 par\n|move|p1a: Iron Bundle|Ice Beam|p2a: Darkrai\n|-damage|p2a: Darkrai|0 fnt\n|faint|p2a: Darkrai\n|\n|upkeep\n|\n|t:|1698751558\n|switch|p2a: Groudon|Groudon|100\/100\n|-weather|SunnyDay|[from] ability: Drought|[of] p2a: Groudon\n|turn|13\n|\n|t:|1698751564\n|move|p2a: Groudon|Thunderbolt|p1a: Iron Bundle\n|-supereffective|p1a: Iron Bundle\n|-damage|p1a: Iron Bundle|0 fnt\n|faint|p1a: Iron Bundle\n|-end|p1a: Iron Bundle|Quark Drive|[silent]\n|\n|-weather|SunnyDay|[upkeep]\n|upkeep\n|\n|t:|1698751571\n|switch|p1a: Flutter Mane|Flutter Mane|100\/100\n|-activate|p1a: Flutter Mane|ability: Protosynthesis\n|-start|p1a: Flutter Mane|protosynthesisspe\n|turn|14\n|\n|t:|1698751583\n|switch|p2a: Eternatus|Eternatus|81\/100\n|-ability|p2a: Eternatus|Pressure\n|move|p1a: Flutter Mane|Substitute|p1a: Flutter Mane\n|-start|p1a: Flutter Mane|Substitute\n|-damage|p1a: Flutter Mane|76\/100\n|\n|-weather|SunnyDay|[upkeep]\n|-heal|p1a: Flutter Mane|82\/100|[from] item: Leftovers\n|upkeep\n|turn|15\n|\n|t:|1698751596\n|move|p1a: Flutter Mane|Calm Mind|p1a: Flutter Mane\n|-boost|p1a: Flutter Mane|spa|1\n|-boost|p1a: Flutter Mane|spd|1\n|move|p2a: Eternatus|Flamethrower|p1a: Flutter Mane\n|-end|p1a: Flutter Mane|Substitute\n|-damage|p2a: Eternatus|71\/100|[from] item: Life Orb\n|\n|-weather|SunnyDay|[upkeep]\n|-heal|p1a: Flutter Mane|88\/100|[from] item: Leftovers\n|upkeep\n|turn|16\n|\n|t:|1698751609\n|move|p1a: Flutter Mane|Substitute|p1a: Flutter Mane\n|-start|p1a: Flutter Mane|Substitute\n|-damage|p1a: Flutter Mane|63\/100\n|move|p2a: Eternatus|Toxic||[still]\n|-fail|p2a: Eternatus\n|\n|-weather|SunnyDay|[upkeep]\n|-heal|p1a: Flutter Mane|69\/100|[from] item: Leftovers\n|upkeep\n|turn|17\n|\n|t:|1698751619\n|move|p1a: Flutter Mane|Calm Mind|p1a: Flutter Mane\n|-boost|p1a: Flutter Mane|spa|1\n|-boost|p1a: Flutter Mane|spd|1\n|move|p2a: Eternatus|Flamethrower|p1a: Flutter Mane\n|-crit|p1a: Flutter Mane\n|-end|p1a: Flutter Mane|Substitute\n|-damage|p2a: Eternatus|61\/100|[from] item: Life Orb\n|\n|-weather|none\n|-end|p1a: Flutter Mane|Protosynthesis\n|-heal|p1a: Flutter Mane|75\/100|[from] item: Leftovers\n|upkeep\n|turn|18\n|\n|t:|1698751630\n|move|p1a: Flutter Mane|Substitute|p1a: Flutter Mane\n|-start|p1a: Flutter Mane|Substitute\n|-damage|p1a: Flutter Mane|50\/100\n|move|p2a: Eternatus|Flamethrower|p1a: Flutter Mane\n|-end|p1a: Flutter Mane|Substitute\n|-damage|p2a: Eternatus|51\/100|[from] item: Life Orb\n|\n|-heal|p1a: Flutter Mane|56\/100|[from] item: Leftovers\n|upkeep\n|turn|19\n|\n|t:|1698751640\n|move|p1a: Flutter Mane|Shadow Ball|p2a: Eternatus\n|-damage|p2a: Eternatus|0 fnt\n|faint|p2a: Eternatus\n|\n|-heal|p1a: Flutter Mane|62\/100|[from] item: Leftovers\n|upkeep\n|\n|t:|1698751650\n|switch|p2a: Groudon|Groudon|100\/100\n|-weather|SunnyDay|[from] ability: Drought|[of] p2a: Groudon\n|-activate|p1a: Flutter Mane|ability: Protosynthesis\n|-start|p1a: Flutter Mane|protosynthesisspa\n|turn|20\n|\n|t:|1698751662\n|move|p1a: Flutter Mane|Substitute|p1a: Flutter Mane\n|-start|p1a: Flutter Mane|Substitute\n|-damage|p1a: Flutter Mane|38\/100\n|move|p2a: Groudon|Eruption|p1a: Flutter Mane\n|-end|p1a: Flutter Mane|Substitute\n|\n|-weather|SunnyDay|[upkeep]\n|-heal|p1a: Flutter Mane|44\/100|[from] item: Leftovers\n|upkeep\n|turn|21\n|\n|t:|1698751676\n|-terastallize|p1a: Flutter Mane|Fairy\n|move|p1a: Flutter Mane|Moonblast|p2a: Groudon\n|-damage|p2a: Groudon|0 fnt\n|faint|p2a: Groudon\n|\n|-weather|SunnyDay|[upkeep]\n|-heal|p1a: Flutter Mane|50\/100|[from] item: Leftovers\n|upkeep\n|\n|t:|1698751688\n|switch|p2a: Zacian|Zacian-Crowned|100\/100\n|-ability|p2a: Zacian|Intrepid Sword|boost\n|-boost|p2a: Zacian|atk|1\n|turn|22\n|\n|t:|1698751704\n|move|p1a: Flutter Mane|Shadow Ball|p2a: Zacian\n|-damage|p2a: Zacian|14\/100\n|-unboost|p2a: Zacian|spd|1\n|move|p2a: Zacian|Behemoth Blade|p1a: Flutter Mane\n|-supereffective|p1a: Flutter Mane\n|-damage|p1a: Flutter Mane|0 fnt\n|faint|p1a: Flutter Mane\n|-end|p1a: Flutter Mane|Protosynthesis|[silent]\n|\n|-weather|SunnyDay|[upkeep]\n|upkeep\n|\n|t:|1698751711\n|switch|p1a: Zacian|Zacian-Crowned|100\/100\n|-ability|p1a: Zacian|Intrepid Sword|boost\n|-boost|p1a: Zacian|atk|1\n|turn|23\n|\n|t:|1698751736\n|switch|p2a: Dondozo|Dondozo, F|30\/100 frz\n|move|p1a: Zacian|Behemoth Blade|p2a: Dondozo\n|-resisted|p2a: Dondozo\n|-damage|p2a: Dondozo|12\/100 frz\n|-enditem|p2a: Dondozo|Aguav Berry|[eat]\n|-heal|p2a: Dondozo|45\/100 frz|[from] item: Aguav Berry\n|\n|-weather|SunnyDay|[upkeep]\n|upkeep\n|turn|24\n|\n|t:|1698751752\n|move|p1a: Zacian|Trailblaze|p2a: Dondozo\n|-supereffective|p2a: Dondozo\n|-damage|p2a: Dondozo|21\/100 frz\n|-boost|p1a: Zacian|spe|1\n|cant|p2a: Dondozo|frz\n|\n|-weather|none\n|upkeep\n|turn|25\n|\n|t:|1698751760\n|move|p1a: Zacian|Trailblaze|p2a: Dondozo\n|-supereffective|p2a: Dondozo\n|-damage|p2a: Dondozo|0 fnt\n|-boost|p1a: Zacian|spe|1\n|faint|p2a: Dondozo\n|\n|upkeep\n|\n|t:|1698751769\n|switch|p2a: Ceruledge|Ceruledge, M|100\/100\n|turn|26\n|\n|t:|1698751776\n|-terastallize|p2a: Ceruledge|Fire\n|move|p1a: Zacian|Behemoth Blade|p2a: Ceruledge\n|-resisted|p2a: Ceruledge\n|-damage|p2a: Ceruledge|35\/100\n|move|p2a: Ceruledge|Bitter Blade|p1a: Zacian\n|-supereffective|p1a: Zacian\n|-damage|p1a: Zacian|0 fnt\n|-heal|p2a: Ceruledge|91\/100|[from] drain|[of] p1a: Zacian\n|faint|p1a: Zacian\n|\n|-heal|p2a: Ceruledge|97\/100|[from] item: Leftovers\n|upkeep\n|\n|t:|1698751781\n|switch|p1a: Miraidon|Miraidon|100\/100\n|-fieldstart|move: Electric Terrain|[from] ability: Hadron Engine|[of] p1a: Miraidon\n|turn|27\n|\n|t:|1698751802\n|move|p1a: Miraidon|Electro Drift|p2a: Ceruledge\n|-damage|p2a: Ceruledge|0 fnt\n|faint|p2a: Ceruledge\n|\n|upkeep\n|\n|t:|1698751808\n|switch|p2a: Zacian|Zacian-Crowned|14\/100\n|turn|28\n|\n|t:|1698751817\n|move|p1a: Miraidon|Electro Drift|p2a: Zacian\n|-damage|p2a: Zacian|0 fnt\n|faint|p2a: Zacian\n|\n|win|ProfSimonov\n|raw|ProfSimonov's rating: 1000 &rarr; <strong>1040<\/strong><br \/>(+40 for winning)\n|raw|Alk0's rating: 1004 &rarr; <strong>1000<\/strong><br \/>(-4 for losing)\n|l|\u203dProfSimonov\n|l|\u2606Alk0\n|j|\u2606Alk0\n|player|p2|Alk0|li\n","uploadtime":1698751881,"views":22,"p1id":"profsimonov","p2id":"alk0","formatid":"gen9ubers","rating":1000,"private":0,"password":""}