{"id":"gen9ubers-1985080804","p1":"RyRy01","p2":"metangy_salsa","format":"[Gen 9] Ubers","log":"|j|\u2606RyRy01\n|j|\u2606metangy_salsa\n|t:|1699328315\n|gametype|singles\n|player|p1|RyRy01|cyrus|1000\n|player|p2|metangy_salsa|kimonogirl|1104\n|teamsize|p1|6\n|teamsize|p2|6\n|gen|9\n|tier|[Gen 9] Ubers\n|rated|\n|rule|Sleep Clause Mod: Limit one foe put to sleep\n|rule|Species Clause: Limit one of each Pok\u00e9mon\n|rule|OHKO Clause: OHKO moves are banned\n|rule|Evasion Items Clause: Evasion items are banned\n|rule|Evasion Moves Clause: Evasion moves are banned\n|rule|Endless Battle Clause: Forcing endless battles is banned\n|rule|HP Percentage Mod: HP is shown in percentages\n|clearpoke\n|poke|p1|Kyogre|\n|poke|p1|Arceus-Dragon|\n|poke|p1|Miraidon|\n|poke|p1|Regieleki|\n|poke|p1|Palafin, M|\n|poke|p1|Iron Bundle|\n|poke|p2|Roaring Moon|\n|poke|p2|Shiftry, F|\n|poke|p2|Greninja-*, M|\n|poke|p2|Lokix, F|\n|poke|p2|Bisharp, F|\n|poke|p2|Houndoom, F|\n|teampreview\n|inactive|Battle timer is ON: inactive players will automatically lose when time's up. (requested by metangy_salsa)\n|\n|t:|1699328328\n|start\n|switch|p1a: Miraidon|Miraidon|100\/100\n|switch|p2a: Lokix|Lokix, F|100\/100\n|-fieldstart|move: Electric Terrain|[from] ability: Hadron Engine|[of] p1a: Miraidon\n|turn|1\n|\n|t:|1699328337\n|switch|p1a: Iron Bundle|Iron Bundle|100\/100\n|-activate|p1a: Iron Bundle|ability: Quark Drive\n|-start|p1a: Iron Bundle|quarkdrivespe\n|move|p2a: Lokix|First Impression|p1a: Iron Bundle\n|-damage|p1a: Iron Bundle|46\/100\n|\n|upkeep\n|turn|2\n|\n|t:|1699328354\n|switch|p2a: Bisharp|Bisharp, F, shiny|100\/100\n|move|p1a: Iron Bundle|Ice Beam|p2a: Bisharp\n|-resisted|p2a: Bisharp\n|-damage|p2a: Bisharp|81\/100\n|\n|upkeep\n|turn|3\n|\n|t:|1699328359\n|-terastallize|p2a: Bisharp|Dark\n|move|p1a: Iron Bundle|Flip Turn|p2a: Bisharp\n|-damage|p2a: Bisharp|70\/100\n|\n|t:|1699328367\n|-end|p1a: Iron Bundle|Quark Drive|[silent]\n|switch|p1a: Arceus|Arceus-Dragon, shiny|100\/100|[from] Flip Turn\n|move|p2a: Bisharp|Iron Head|p1a: Arceus\n|-damage|p1a: Arceus|66\/100\n|\n|upkeep\n|turn|4\n|\n|t:|1699328378\n|move|p1a: Arceus|Dragon Dance|p1a: Arceus\n|-boost|p1a: Arceus|atk|1\n|-boost|p1a: Arceus|spe|1\n|move|p2a: Bisharp|Night Slash|p1a: Arceus\n|-damage|p1a: Arceus|29\/100\n|\n|upkeep\n|turn|5\n|\n|t:|1699328383\n|move|p1a: Arceus|Dragon Dance|p1a: Arceus\n|-boost|p1a: Arceus|atk|1\n|-boost|p1a: Arceus|spe|1\n|move|p2a: Bisharp|Night Slash|p1a: Arceus\n|-damage|p1a: Arceus|0 fnt\n|faint|p1a: Arceus\n|\n|-fieldend|move: Electric Terrain\n|upkeep\n|\n|t:|1699328390\n|switch|p1a: Miraidon|Miraidon|100\/100\n|-fieldstart|move: Electric Terrain|[from] ability: Hadron Engine|[of] p1a: Miraidon\n|turn|6\n|\n|t:|1699328395\n|move|p1a: Miraidon|Volt Switch|p2a: Bisharp\n|-damage|p2a: Bisharp|0 fnt\n|faint|p2a: Bisharp\n|\n|t:|1699328397\n|switch|p1a: Palafin|Palafin, M|100\/100|[from] Volt Switch\n|\n|upkeep\n|\n|t:|1699328402\n|switch|p2a: Lokix|Lokix, F|100\/100\n|turn|7\n|\n|t:|1699328405\n|move|p2a: Lokix|First Impression|p1a: Palafin\n|-damage|p1a: Palafin|41\/100\n|move|p1a: Palafin|Flip Turn|p2a: Lokix\n|-damage|p2a: Lokix|52\/100\n|\n|t:|1699328408\n|detailschange|p1a: Palafin|Palafin-Hero, M\n|switch|p1a: Regieleki|Regieleki|100\/100|[from] Flip Turn\n|\n|upkeep\n|turn|8\n|\n|t:|1699328414\n|move|p2a: Lokix|Sucker Punch|p1a: Regieleki\n|-damage|p1a: Regieleki|35\/100\n|move|p1a: Regieleki|Volt Switch|p2a: Lokix\n|-damage|p2a: Lokix|0 fnt\n|faint|p2a: Lokix\n|\n|t:|1699328418\n|switch|p1a: Kyogre|Kyogre|100\/100|[from] Volt Switch\n|-weather|RainDance|[from] ability: Drizzle|[of] p1a: Kyogre\n|\n|-weather|RainDance|[upkeep]\n|upkeep\n|\n|t:|1699328430\n|switch|p2a: Shiftry|Shiftry, F, shiny|100\/100\n|turn|9\n|\n|t:|1699328437\n|move|p2a: Shiftry|Fake Out|p1a: Kyogre\n|-damage|p1a: Kyogre|88\/100\n|cant|p1a: Kyogre|flinch\n|\n|-weather|RainDance|[upkeep]\n|upkeep\n|turn|10\n|\n|t:|1699328442\n|move|p1a: Kyogre|Ice Beam|p2a: Shiftry\n|-supereffective|p2a: Shiftry\n|-damage|p2a: Shiftry|0 fnt\n|faint|p2a: Shiftry\n|\n|-weather|RainDance|[upkeep]\n|-fieldend|move: Electric Terrain\n|upkeep\n|\n|t:|1699328448\n|switch|p2a: Houndoom|Houndoom, F, shiny|100\/100\n|turn|11\n|\n|t:|1699328453\n|move|p1a: Kyogre|Ice Beam|p2a: Houndoom\n|-resisted|p2a: Houndoom\n|-damage|p2a: Houndoom|75\/100\n|move|p2a: Houndoom|Sunny Day|p2a: Houndoom\n|-weather|SunnyDay\n|\n|-weather|SunnyDay|[upkeep]\n|upkeep\n|turn|12\n|\n|t:|1699328457\n|switch|p1a: Miraidon|Miraidon|100\/100\n|-fieldstart|move: Electric Terrain|[from] ability: Hadron Engine|[of] p1a: Miraidon\n|move|p2a: Houndoom|Solar Beam||[still]\n|-prepare|p2a: Houndoom|Solar Beam\n|-anim|p2a: Houndoom|Solar Beam|p1a: Miraidon\n|-resisted|p1a: Miraidon\n|-damage|p1a: Miraidon|81\/100\n|\n|-weather|SunnyDay|[upkeep]\n|upkeep\n|turn|13\n|\n|t:|1699328466\n|move|p1a: Miraidon|Volt Switch|p2a: Houndoom\n|-damage|p2a: Houndoom|0 fnt\n|faint|p2a: Houndoom\n|\n|t:|1699328469\n|switch|p1a: Kyogre|Kyogre|88\/100|[from] Volt Switch\n|-weather|RainDance|[from] ability: Drizzle|[of] p1a: Kyogre\n|\n|-weather|RainDance|[upkeep]\n|upkeep\n|\n|t:|1699328475\n|switch|p2a: Greninja|Greninja, M|100\/100\n|turn|14\n|\n|t:|1699328481\n|move|p1a: Kyogre|Thunder|p2a: Greninja\n|-supereffective|p2a: Greninja\n|-damage|p2a: Greninja|0 fnt\n|faint|p2a: Greninja\n|\n|-weather|RainDance|[upkeep]\n|upkeep\n|\n|t:|1699328483\n|switch|p2a: Roaring Moon|Roaring Moon|100\/100\n|turn|15\n|\n|t:|1699328488\n|move|p1a: Kyogre|Thunder|p2a: Roaring Moon\n|-resisted|p2a: Roaring Moon\n|-damage|p2a: Roaring Moon|72\/100\n|-status|p2a: Roaring Moon|par\n|move|p2a: Roaring Moon|Dragon Dance|p2a: Roaring Moon\n|-boost|p2a: Roaring Moon|atk|1\n|-boost|p2a: Roaring Moon|spe|1\n|\n|-weather|RainDance|[upkeep]\n|-heal|p2a: Roaring Moon|78\/100 par|[from] item: Leftovers\n|upkeep\n|turn|16\n|\n|t:|1699328498\n|switch|p1a: Iron Bundle|Iron Bundle|46\/100\n|-activate|p1a: Iron Bundle|ability: Quark Drive\n|-start|p1a: Iron Bundle|quarkdrivespe\n|cant|p2a: Roaring Moon|par\n|\n|-weather|RainDance|[upkeep]\n|-heal|p2a: Roaring Moon|85\/100 par|[from] item: Leftovers\n|-fieldend|move: Electric Terrain\n|-end|p1a: Iron Bundle|Quark Drive\n|upkeep\n|turn|17\n|\n|t:|1699328508\n|move|p1a: Iron Bundle|Ice Beam|p2a: Roaring Moon\n|-supereffective|p2a: Roaring Moon\n|-crit|p2a: Roaring Moon\n|-damage|p2a: Roaring Moon|0 fnt\n|faint|p2a: Roaring Moon\n|-end|p2a: Roaring Moon|Protosynthesis|[silent]\n|\n|win|RyRy01\n|raw|RyRy01's rating: 1000 &rarr; <strong>1055<\/strong><br \/>(+55 for winning)\n|raw|metangy_salsa's rating: 1137 &rarr; <strong>1103<\/strong><br \/>(-34 for losing)\n|l|\u2606metangy_salsa\n","uploadtime":1699328519,"views":5,"p1id":"ryry01","p2id":"metangysalsa","formatid":"gen9ubers","rating":1055,"private":0,"password":""}