{"id":"gen9ubers-1972857300","p1":"Albaz Brand","p2":"Finchely","format":"[Gen 9] Ubers","log":"|j|\u2606Albaz Brand\n|j|\u2606Finchely\n|t:|1697902782\n|gametype|singles\n|player|p1|Albaz Brand|bellelba|\n|player|p2|Finchely|acetrainerf|\n|teamsize|p1|6\n|teamsize|p2|6\n|gen|9\n|tier|[Gen 9] Ubers\n|rule|Sleep Clause Mod: Limit one foe put to sleep\n|rule|Species Clause: Limit one of each Pok\u00e9mon\n|rule|OHKO Clause: OHKO moves are banned\n|rule|Evasion Items Clause: Evasion items are banned\n|rule|Evasion Moves Clause: Evasion moves are banned\n|rule|Endless Battle Clause: Forcing endless battles is banned\n|rule|HP Percentage Mod: HP is shown in percentages\n|clearpoke\n|poke|p1|Giratina|\n|poke|p1|Torkoal, M|\n|poke|p1|Walking Wake|\n|poke|p1|Roaring Moon|\n|poke|p1|Iron Moth|\n|poke|p1|Ogerpon, F|\n|poke|p2|Torterra, M|\n|poke|p2|Cyclizar, M|\n|poke|p2|Clefable, F|\n|poke|p2|Moltres|\n|poke|p2|Blissey, F|\n|poke|p2|Dialga|\n|teampreview\n|inactive|Battle timer is ON: inactive players will automatically lose when time's up. (requested by Finchely)\n|\n|t:|1697902795\n|start\n|switch|p1a: Roaring Moon|Roaring Moon|100\/100\n|switch|p2a: Cyclizar|Cyclizar, M|100\/100\n|turn|1\n|\n|t:|1697902807\n|move|p2a: Cyclizar|Shed Tail|p2a: Cyclizar\n|-start|p2a: Cyclizar|Substitute|[from] move: Shed Tail\n|-damage|p2a: Cyclizar|50\/100\n|\n|t:|1697902810\n|switch|p2a: Moltres|Moltres, shiny|100\/100|[from] Shed Tail\n|move|p1a: Roaring Moon|Knock Off|p2a: Moltres\n|-end|p2a: Moltres|Substitute\n|\n|upkeep\n|turn|2\n|\n|t:|1697902819\n|-end|p1a: Roaring Moon|Protosynthesis|[silent]\n|switch|p1a: Torkoal|Torkoal, M|100\/100\n|-weather|SunnyDay|[from] ability: Drought|[of] p1a: Torkoal\n|switch|p2a: Dialga|Dialga|100\/100\n|-ability|p2a: Dialga|Pressure\n|\n|-weather|SunnyDay|[upkeep]\n|upkeep\n|turn|3\n|\n|t:|1697902825\n|move|p2a: Dialga|Stealth Rock|p1a: Torkoal\n|-sidestart|p1: Albaz Brand|move: Stealth Rock\n|move|p1a: Torkoal|Yawn|p2a: Dialga\n|-start|p2a: Dialga|move: Yawn|[of] p1a: Torkoal\n|\n|-weather|SunnyDay|[upkeep]\n|upkeep\n|turn|4\n|\n|t:|1697902830\n|move|p2a: Dialga|Draco Meteor|p1a: Torkoal\n|-crit|p1a: Torkoal\n|-damage|p1a: Torkoal|0 fnt\n|-unboost|p2a: Dialga|spa|2\n|faint|p1a: Torkoal\n|\n|-weather|SunnyDay|[upkeep]\n|-end|p2a: Dialga|move: Yawn|[silent]\n|-status|p2a: Dialga|slp\n|upkeep\n|c|\u2606Albaz Brand|shittt\n|c|\u2606Finchely|shit off\n|\n|t:|1697902837\n|switch|p1a: Ogerpon|Ogerpon, F|100\/100\n|-damage|p1a: Ogerpon|88\/100|[from] Stealth Rock\n|turn|5\n|\n|t:|1697902842\n|switch|p2a: Moltres|Moltres, shiny|100\/100\n|move|p1a: Ogerpon|Swords Dance|p1a: Ogerpon\n|-boost|p1a: Ogerpon|atk|2\n|\n|-weather|SunnyDay|[upkeep]\n|upkeep\n|turn|6\n|\n|t:|1697902848\n|switch|p1a: Walking Wake|Walking Wake|100\/100\n|-damage|p1a: Walking Wake|88\/100|[from] Stealth Rock\n|-activate|p1a: Walking Wake|ability: Protosynthesis\n|-start|p1a: Walking Wake|protosynthesisspe\n|move|p2a: Moltres|Will-O-Wisp|p1a: Walking Wake\n|-status|p1a: Walking Wake|brn\n|\n|-weather|none\n|-end|p1a: Walking Wake|Protosynthesis\n|-damage|p1a: Walking Wake|82\/100 brn|[from] brn\n|upkeep\n|-enditem|p1a: Walking Wake|Booster Energy\n|-activate|p1a: Walking Wake|ability: Protosynthesis|[fromitem]\n|-start|p1a: Walking Wake|protosynthesisspe\n|turn|7\n|c|\u2606Albaz Brand|why did i give booster\n|c|\u2606Albaz Brand|tf\n|\n|t:|1697902872\n|switch|p2a: Blissey|Blissey, F, shiny|100\/100\n|move|p1a: Walking Wake|Draco Meteor|p2a: Blissey\n|-damage|p2a: Blissey|82\/100\n|-unboost|p1a: Walking Wake|spa|2\n|\n|-damage|p1a: Walking Wake|76\/100 brn|[from] brn\n|upkeep\n|turn|8\n|\n|t:|1697902891\n|-end|p1a: Walking Wake|Protosynthesis|[silent]\n|switch|p1a: Roaring Moon|Roaring Moon|100\/100\n|-damage|p1a: Roaring Moon|88\/100|[from] Stealth Rock\n|move|p2a: Blissey|Seismic Toss|p1a: Roaring Moon\n|-damage|p1a: Roaring Moon|60\/100\n|\n|upkeep\n|turn|9\n|c|\u2606Albaz Brand|super missplay by me\n|\n|t:|1697902911\n|switch|p2a: Moltres|Moltres, shiny|100\/100\n|-terastallize|p1a: Roaring Moon|Dark\n|move|p1a: Roaring Moon|Knock Off|p2a: Moltres\n|-damage|p2a: Moltres|22\/100\n|-status|p1a: Roaring Moon|brn|[from] ability: Flame Body|[of] p2a: Moltres\n|-enditem|p2a: Moltres|Heavy-Duty Boots|[from] move: Knock Off|[of] p1a: Roaring Moon\n|\n|-damage|p1a: Roaring Moon|54\/100 brn|[from] brn\n|upkeep\n|turn|10\n|\n|t:|1697902918\n|move|p1a: Roaring Moon|Knock Off|p2a: Moltres\n|-damage|p2a: Moltres|0 fnt\n|faint|p2a: Moltres\n|\n|-damage|p1a: Roaring Moon|48\/100 brn|[from] brn\n|upkeep\n|c|\u2606Albaz Brand|fuck me man\n|\n|t:|1697902923\n|switch|p2a: Cyclizar|Cyclizar, M|84\/100\n|turn|11\n|\n|t:|1697902927\n|move|p2a: Cyclizar|Shed Tail|p2a: Cyclizar\n|-start|p2a: Cyclizar|Substitute|[from] move: Shed Tail\n|-damage|p2a: Cyclizar|33\/100\n|\n|t:|1697902929\n|switch|p2a: Torterra|Torterra, M, shiny|100\/100|[from] Shed Tail\n|move|p1a: Roaring Moon|Knock Off|p2a: Torterra\n|-end|p2a: Torterra|Substitute\n|\n|-damage|p1a: Roaring Moon|42\/100 brn|[from] brn\n|upkeep\n|turn|12\n|\n|t:|1697902938\n|switch|p2a: Clefable|Clefable, F|100\/100\n|move|p1a: Roaring Moon|Knock Off|p2a: Clefable\n|-resisted|p2a: Clefable\n|-damage|p2a: Clefable|72\/100\n|-enditem|p2a: Clefable|Leftovers|[from] move: Knock Off|[of] p1a: Roaring Moon\n|\n|-damage|p1a: Roaring Moon|36\/100 brn|[from] brn\n|upkeep\n|turn|13\n|\n|t:|1697902945\n|move|p1a: Roaring Moon|Knock Off|p2a: Clefable\n|-resisted|p2a: Clefable\n|-damage|p2a: Clefable|51\/100\n|move|p2a: Clefable|Moonblast|p1a: Roaring Moon\n|-supereffective|p1a: Roaring Moon\n|-damage|p1a: Roaring Moon|0 fnt\n|faint|p1a: Roaring Moon\n|-end|p1a: Roaring Moon|Protosynthesis|[silent]\n|\n|upkeep\n|\n|t:|1697902952\n|switch|p1a: Ogerpon|Ogerpon, F|88\/100\n|-damage|p1a: Ogerpon|76\/100|[from] Stealth Rock\n|turn|14\n|c|\u2606Finchely|ah shit\n|c|\u2606Finchely|forgot about pon\n|c|\u2606Albaz Brand|the boi\n|\n|t:|1697902962\n|move|p1a: Ogerpon|Swords Dance|p1a: Ogerpon\n|-boost|p1a: Ogerpon|atk|2\n|move|p2a: Clefable|Wish|p2a: Clefable\n|\n|upkeep\n|turn|15\n|\n|t:|1697902969\n|move|p2a: Clefable|Protect|p2a: Clefable\n|-singleturn|p2a: Clefable|Protect\n|move|p1a: Ogerpon|Swords Dance|p1a: Ogerpon\n|-boost|p1a: Ogerpon|atk|2\n|\n|-heal|p2a: Clefable|100\/100|[from] move: Wish|[wisher] Clefable\n|upkeep\n|turn|16\n|\n|t:|1697902987\n|move|p1a: Ogerpon|Ivy Cudgel|p2a: Clefable\n|-damage|p2a: Clefable|43\/100\n|move|p2a: Clefable|Moonblast|p1a: Ogerpon\n|-crit|p1a: Ogerpon\n|-damage|p1a: Ogerpon|21\/100\n|\n|upkeep\n|turn|17\n|c|\u2606Albaz Brand|the two crits this match blud tf\n|c|\u2606Finchely|sorry\n|c|\u2606Albaz Brand|XD\n|\n|t:|1697903009\n|move|p1a: Ogerpon|Ivy Cudgel|p2a: Clefable\n|-crit|p2a: Clefable\n|-damage|p2a: Clefable|0 fnt\n|faint|p2a: Clefable\n|\n|upkeep\n|c|\u2606Albaz Brand|no worry\n|\n|t:|1697903013\n|switch|p2a: Cyclizar|Cyclizar, M|67\/100\n|turn|18\n|c|\u2606Albaz Brand|overheat\n|c|\u2606Finchely|yea\n|inactive|Finchely has 270 seconds left.\n|c|\u2606Finchely|but also my calc dex is for some reason saying rapid spin is a one hit ko\n|c|\u2606Finchely|no way that shit is true\n|\n|t:|1697903052\n|move|p2a: Cyclizar|Knock Off|p1a: Ogerpon\n|-damage|p1a: Ogerpon|0 fnt\n|-enditem|p1a: Ogerpon|Lum Berry|[from] move: Knock Off|[of] p2a: Cyclizar\n|faint|p1a: Ogerpon\n|\n|upkeep\n|c|\u2606Albaz Brand|i mean\n|\n|t:|1697903056\n|switch|p1a: Iron Moth|Iron Moth|100\/100\n|-damage|p1a: Iron Moth|76\/100|[from] Stealth Rock\n|-enditem|p1a: Iron Moth|Booster Energy\n|-activate|p1a: Iron Moth|ability: Quark Drive|[fromitem]\n|-start|p1a: Iron Moth|quarkdrivespe\n|turn|19\n|\n|t:|1697903063\n|switch|p2a: Blissey|Blissey, F, shiny|82\/100\n|move|p1a: Iron Moth|Dazzling Gleam|p2a: Blissey\n|-damage|p2a: Blissey|74\/100\n|\n|upkeep\n|turn|20\n|inactive|Finchely has 270 seconds left.\n|\n|t:|1697903071\n|move|p1a: Iron Moth|Fiery Dance|p2a: Blissey\n|-damage|p2a: Blissey|64\/100\n|-boost|p1a: Iron Moth|spa|1\n|move|p2a: Blissey|Thunder Wave|p1a: Iron Moth\n|-status|p1a: Iron Moth|par\n|\n|upkeep\n|turn|21\n|c|\u2606Albaz Brand|unaware blissy would be insane\n|\n|t:|1697903078\n|move|p1a: Iron Moth|Fiery Dance|p2a: Blissey\n|-damage|p2a: Blissey|47\/100\n|move|p2a: Blissey|Soft-Boiled|p2a: Blissey\n|-heal|p2a: Blissey|97\/100\n|\n|upkeep\n|turn|22\n|c|\u2606Finchely|fr\n|\n|t:|1697903084\n|move|p1a: Iron Moth|Fiery Dance|p2a: Blissey\n|-damage|p2a: Blissey|78\/100\n|-boost|p1a: Iron Moth|spa|1\n|move|p2a: Blissey|Seismic Toss|p1a: Iron Moth\n|-damage|p1a: Iron Moth|42\/100 par\n|\n|upkeep\n|turn|23\n|c|\u2606Finchely|natural cure is already kind of busted\n|\n|t:|1697903096\n|move|p1a: Iron Moth|Fiery Dance|p2a: Blissey\n|-damage|p2a: Blissey|57\/100\n|move|p2a: Blissey|Seismic Toss|p1a: Iron Moth\n|-damage|p1a: Iron Moth|9\/100 par\n|\n|upkeep\n|turn|24\n|c|\u2606Albaz Brand|yup\n|\n|t:|1697903102\n|move|p1a: Iron Moth|Sludge Wave|p2a: Blissey\n|-damage|p2a: Blissey|30\/100\n|move|p2a: Blissey|Soft-Boiled|p2a: Blissey\n|-heal|p2a: Blissey|80\/100\n|\n|upkeep\n|turn|25\n|\n|t:|1697903107\n|move|p1a: Iron Moth|Sludge Wave|p2a: Blissey\n|-damage|p2a: Blissey|55\/100\n|-status|p2a: Blissey|psn\n|move|p2a: Blissey|Soft-Boiled|p2a: Blissey\n|-heal|p2a: Blissey|100\/100 psn\n|\n|-damage|p2a: Blissey|88\/100 psn|[from] psn\n|upkeep\n|turn|26\n|\n|t:|1697903110\n|move|p1a: Iron Moth|Fiery Dance|p2a: Blissey\n|-damage|p2a: Blissey|67\/100 psn\n|-boost|p1a: Iron Moth|spa|1\n|move|p2a: Blissey|Soft-Boiled|p2a: Blissey\n|-heal|p2a: Blissey|100\/100 psn\n|\n|-damage|p2a: Blissey|88\/100 psn|[from] psn\n|upkeep\n|turn|27\n|\n|t:|1697903114\n|cant|p1a: Iron Moth|par\n|move|p2a: Blissey|Seismic Toss|p1a: Iron Moth\n|-damage|p1a: Iron Moth|0 fnt\n|faint|p1a: Iron Moth\n|-end|p1a: Iron Moth|Quark Drive|[silent]\n|\n|-damage|p2a: Blissey|76\/100 psn|[from] psn\n|upkeep\n|\n|t:|1697903118\n|switch|p1a: Giratina|Giratina|100\/100\n|-damage|p1a: Giratina|88\/100|[from] Stealth Rock\n|-ability|p1a: Giratina|Pressure\n|turn|28\n|\n|t:|1697903122\n|-curestatus|p2a: Blissey|psn|[from] ability: Natural Cure\n|switch|p2a: Dialga|Dialga|100\/100 slp\n|-ability|p2a: Dialga|Pressure\n|move|p1a: Giratina|Will-O-Wisp|p2a: Dialga|[miss]\n|-miss|p1a: Giratina|p2a: Dialga\n|\n|upkeep\n|turn|29\n|\n|t:|1697903128\n|cant|p2a: Dialga|slp\n|move|p1a: Giratina|Shadow Ball|p2a: Dialga\n|-damage|p2a: Dialga|71\/100 slp\n|-damage|p1a: Giratina|78\/100|[from] item: Life Orb\n|\n|-heal|p2a: Dialga|77\/100 slp|[from] item: Leftovers\n|upkeep\n|turn|30\n|c|\u2606Albaz Brand|GGs\n|\n|t:|1697903135\n|switch|p2a: Cyclizar|Cyclizar, M|99\/100\n|move|p1a: Giratina|Thunder Wave|p2a: Cyclizar\n|-status|p2a: Cyclizar|par\n|\n|upkeep\n|turn|31\n|c|\u2606Finchely|ggs lol\n|\n|t:|1697903143\n|move|p1a: Giratina|Will-O-Wisp||[still]\n|-fail|p1a: Giratina\n|move|p2a: Cyclizar|Shed Tail|p2a: Cyclizar\n|-start|p2a: Cyclizar|Substitute|[from] move: Shed Tail\n|-damage|p2a: Cyclizar|50\/100 par\n|\n|t:|1697903147\n|switch|p2a: Torterra|Torterra, M, shiny|100\/100|[from] Shed Tail\n|\n|upkeep\n|turn|32\n|c|\u2606Albaz Brand|fuck mee\n|\n|t:|1697903153\n|move|p1a: Giratina|Shadow Ball|p2a: Torterra\n|-end|p2a: Torterra|Substitute\n|-damage|p1a: Giratina|68\/100|[from] item: Life Orb\n|move|p2a: Torterra|Shell Smash|p2a: Torterra\n|-unboost|p2a: Torterra|def|1\n|-unboost|p2a: Torterra|spd|1\n|-boost|p2a: Torterra|atk|2\n|-boost|p2a: Torterra|spa|2\n|-boost|p2a: Torterra|spe|2\n|\n|upkeep\n|turn|33\n|\n|t:|1697903171\n|move|p2a: Torterra|Shell Smash|p2a: Torterra\n|-unboost|p2a: Torterra|def|1\n|-unboost|p2a: Torterra|spd|1\n|-boost|p2a: Torterra|atk|2\n|-boost|p2a: Torterra|spa|2\n|-boost|p2a: Torterra|spe|2\n|move|p1a: Giratina|Will-O-Wisp|p2a: Torterra\n|-status|p2a: Torterra|brn\n|\n|-damage|p2a: Torterra|94\/100 brn|[from] brn\n|upkeep\n|turn|34\n|c|\u2606Albaz Brand|gira kinda dosent fit with this team\n|\n|t:|1697903182\n|move|p2a: Torterra|Shell Smash|p2a: Torterra\n|-unboost|p2a: Torterra|def|1\n|-unboost|p2a: Torterra|spd|1\n|-boost|p2a: Torterra|atk|2\n|-boost|p2a: Torterra|spa|2\n|-boost|p2a: Torterra|spe|2\n|move|p1a: Giratina|Shadow Ball|p2a: Torterra\n|-damage|p2a: Torterra|0 fnt\n|faint|p2a: Torterra\n|-damage|p1a: Giratina|58\/100|[from] item: Life Orb\n|\n|upkeep\n|c|\u2606Finchely|both twave and wisp?\n|c|\u2606Albaz Brand|yup\n|c|\u2606Finchely|oh wait shit\n|\n|t:|1697903199\n|switch|p2a: Dialga|Dialga|77\/100 slp\n|-ability|p2a: Dialga|Pressure\n|turn|35\n|c|\u2606Albaz Brand|tf where u cooking\n|\n|t:|1697903204\n|cant|p2a: Dialga|slp\n|move|p1a: Giratina|Shadow Ball|p2a: Dialga\n|-damage|p2a: Dialga|49\/100 slp\n|-damage|p1a: Giratina|48\/100|[from] item: Life Orb\n|\n|-heal|p2a: Dialga|55\/100 slp|[from] item: Leftovers\n|upkeep\n|turn|36\n|c|\u2606Finchely|i forgor\n|\n|t:|1697903213\n|move|p1a: Giratina|Shadow Ball|p2a: Dialga\n|-damage|p2a: Dialga|24\/100 slp\n|-damage|p1a: Giratina|38\/100|[from] item: Life Orb\n|cant|p2a: Dialga|slp\n|\n|-heal|p2a: Dialga|30\/100 slp|[from] item: Leftovers\n|upkeep\n|turn|37\n|\n|t:|1697903220\n|move|p1a: Giratina|Shadow Ball|p2a: Dialga\n|-damage|p2a: Dialga|0 fnt\n|faint|p2a: Dialga\n|-damage|p1a: Giratina|29\/100|[from] item: Life Orb\n|\n|upkeep\n|c|\u2606Finchely|wait\n|c|\u2606Finchely|that's lorb\n|c|\u2606Finchely|:skul:\n|\n|t:|1697903238\n|switch|p2a: Blissey|Blissey, F, shiny|76\/100\n|turn|38\n|c|\u2606Albaz Brand|yep wrong item\n|\n|t:|1697903243\n|move|p1a: Giratina|Thunder Wave|p2a: Blissey\n|-status|p2a: Blissey|par\n|move|p2a: Blissey|Calm Mind|p2a: Blissey\n|-boost|p2a: Blissey|spa|1\n|-boost|p2a: Blissey|spd|1\n|\n|upkeep\n|turn|39\n|\n|t:|1697903247\n|move|p1a: Giratina|Shadow Ball|p2a: Blissey\n|-immune|p2a: Blissey\n|move|p2a: Blissey|Calm Mind|p2a: Blissey\n|-boost|p2a: Blissey|spa|1\n|-boost|p2a: Blissey|spd|1\n|\n|upkeep\n|turn|40\n|c|\u2606Albaz Brand|Ggs\n|c|\u2606Albaz Brand|XD\n|c|\u2606Albaz Brand|im trying to balance this sun team\n|c|\u2606Finchely|nope uhh i don't actually have a way to touch tina\n|c|\u2606Finchely|seismic toss teh only attackign move\n|\n|t:|1697903275\n|-curestatus|p2a: Blissey|par|[from] ability: Natural Cure\n|switch|p2a: Cyclizar|Cyclizar, M|83\/100 par\n|move|p1a: Giratina|Defog|p2a: Cyclizar\n|-unboost|p2a: Cyclizar|evasion|1\n|-sideend|p1: Albaz Brand|Stealth Rock|[from] move: Defog|[of] p1a: Giratina\n|\n|upkeep\n|turn|41\n|c|\u2606Albaz Brand|pain\n|\n|t:|1697903285\n|move|p1a: Giratina|Will-O-Wisp||[still]\n|-fail|p1a: Giratina\n|move|p2a: Cyclizar|Knock Off|p1a: Giratina\n|-supereffective|p1a: Giratina\n|-damage|p1a: Giratina|1\/100\n|-enditem|p1a: Giratina|Life Orb|[from] move: Knock Off|[of] p2a: Cyclizar\n|\n|upkeep\n|turn|42\n|\n|t:|1697903293\n|switch|p1a: Walking Wake|Walking Wake|76\/100 brn\n|move|p2a: Cyclizar|Knock Off|p1a: Walking Wake\n|-crit|p1a: Walking Wake\n|-damage|p1a: Walking Wake|52\/100 brn\n|\n|-damage|p1a: Walking Wake|46\/100 brn|[from] brn\n|upkeep\n|turn|43\n|\n|t:|1697903300\n|switch|p2a: Blissey|Blissey, F, shiny|76\/100\n|move|p1a: Walking Wake|Draco Meteor|p2a: Blissey\n|-damage|p2a: Blissey|56\/100\n|-unboost|p1a: Walking Wake|spa|2\n|\n|-damage|p1a: Walking Wake|40\/100 brn|[from] brn\n|upkeep\n|turn|44\n|\n|t:|1697903306\n|-end|p1a: Walking Wake|Protosynthesis|[silent]\n|switch|p1a: Giratina|Giratina|1\/100\n|-ability|p1a: Giratina|Pressure\n|move|p2a: Blissey|Soft-Boiled|p2a: Blissey\n|-heal|p2a: Blissey|100\/100\n|\n|upkeep\n|turn|45\n|\n|t:|1697903312\n|switch|p2a: Cyclizar|Cyclizar, M|100\/100 par\n|move|p1a: Giratina|Will-O-Wisp||[still]\n|-fail|p1a: Giratina\n|\n|upkeep\n|turn|46\n|c|\u2606Finchely|and you don't have a way of touhcing cyclizar either lol\n|\n|t:|1697903325\n|switch|p1a: Walking Wake|Walking Wake|40\/100 brn\n|move|p2a: Cyclizar|Knock Off|p1a: Walking Wake\n|-damage|p1a: Walking Wake|25\/100 brn\n|\n|-damage|p1a: Walking Wake|19\/100 brn|[from] brn\n|upkeep\n|turn|47\n|inactive|Albaz Brand has 270 seconds left.\n|\n|t:|1697903373\n|switch|p2a: Blissey|Blissey, F, shiny|100\/100\n|move|p1a: Walking Wake|Draco Meteor|p2a: Blissey\n|-damage|p2a: Blissey|82\/100\n|-unboost|p1a: Walking Wake|spa|2\n|\n|-damage|p1a: Walking Wake|13\/100 brn|[from] brn\n|upkeep\n|turn|48\n|\n|t:|1697903382\n|move|p1a: Walking Wake|Flamethrower|p2a: Blissey\n|-damage|p2a: Blissey|78\/100\n|-status|p2a: Blissey|brn\n|move|p2a: Blissey|Seismic Toss|p1a: Walking Wake\n|-damage|p1a: Walking Wake|0 fnt\n|faint|p1a: Walking Wake\n|-end|p1a: Walking Wake|Protosynthesis|[silent]\n|\n|-damage|p2a: Blissey|72\/100 brn|[from] brn\n|upkeep\n|\n|t:|1697903384\n|switch|p1a: Giratina|Giratina|1\/100\n|-ability|p1a: Giratina|Pressure\n|turn|49\n|\n|t:|1697903386\n|-curestatus|p2a: Blissey|brn|[from] ability: Natural Cure\n|switch|p2a: Cyclizar|Cyclizar, M|100\/100 par\n|move|p1a: Giratina|Shadow Ball|p2a: Cyclizar\n|-immune|p2a: Cyclizar\n|\n|upkeep\n|turn|50\n|c|\u2606Albaz Brand|ggs\n|c|\u2606Finchely|ggs\n|\n|t:|1697903391\n|move|p1a: Giratina|Will-O-Wisp||[still]\n|-fail|p1a: Giratina\n|move|p2a: Cyclizar|Knock Off|p1a: Giratina\n|-supereffective|p1a: Giratina\n|-damage|p1a: Giratina|0 fnt\n|faint|p1a: Giratina\n|\n|win|Finchely\n|l|\u2606Albaz Brand\n","uploadtime":1697903400,"views":12,"p1id":"albazbrand","p2id":"finchely","formatid":"gen9ubers","rating":0,"private":0,"password":""}