{"id":"gen9ubers-1976192040","p1":"zsg","p2":"SephieFox","format":"[Gen 9] Ubers","log":"|j|\u2606zsg\n|j|\u2606SephieFox\n|t:|1698272206\n|gametype|singles\n|player|p1|zsg|byron|\n|player|p2|SephieFox|iris-masters|\n|teamsize|p1|6\n|teamsize|p2|6\n|gen|9\n|tier|[Gen 9] Ubers\n|rule|Sleep Clause Mod: Limit one foe put to sleep\n|rule|Species Clause: Limit one of each Pok\u00e9mon\n|rule|OHKO Clause: OHKO moves are banned\n|rule|Evasion Items Clause: Evasion items are banned\n|rule|Evasion Moves Clause: Evasion moves are banned\n|rule|Endless Battle Clause: Forcing endless battles is banned\n|rule|HP Percentage Mod: HP is shown in percentages\n|clearpoke\n|poke|p1|Enamorus, F|\n|poke|p1|Arceus-Grass|\n|poke|p1|Giratina|\n|poke|p1|Landorus, M|\n|poke|p1|Dragapult, F|\n|poke|p1|Espathra, F|\n|poke|p2|Roaring Moon|\n|poke|p2|Ninetales-Alola, F|\n|poke|p2|Magearna|\n|poke|p2|Spectrier|\n|poke|p2|Ursaluna-Bloodmoon, M|\n|poke|p2|Zacian-*|\n|teampreview\n|inactive|Battle timer is ON: inactive players will automatically lose when time's up. (requested by SephieFox)\n|\n|t:|1698272222\n|start\n|switch|p1a: Child Launcher|Dragapult, F|100\/100\n|switch|p2a: The fat lady|Magearna|100\/100\n|turn|1\n|\n|t:|1698272229\n|move|p1a: Child Launcher|U-turn|p2a: The fat lady\n|-resisted|p2a: The fat lady\n|-damage|p2a: The fat lady|97\/100\n|\n|t:|1698272237\n|switch|p1a: Look at those arms|Landorus, M|100\/100|[from] U-turn\n|move|p2a: The fat lady|Iron Defense|p2a: The fat lady\n|-boost|p2a: The fat lady|def|2\n|\n|-heal|p2a: The fat lady|100\/100|[from] item: Leftovers\n|upkeep\n|turn|2\n|\n|t:|1698272243\n|-terastallize|p2a: The fat lady|Ground\n|move|p1a: Look at those arms|Earth Power|p2a: The fat lady\n|-damage|p2a: The fat lady|37\/100\n|move|p2a: The fat lady|Calm Mind|p2a: The fat lady\n|-boost|p2a: The fat lady|spa|1\n|-boost|p2a: The fat lady|spd|1\n|\n|-heal|p2a: The fat lady|43\/100|[from] item: Leftovers\n|upkeep\n|turn|3\n|\n|t:|1698272260\n|move|p1a: Look at those arms|Earth Power|p2a: The fat lady\n|-damage|p2a: The fat lady|5\/100\n|move|p2a: The fat lady|Draining Kiss|p1a: Look at those arms\n|-damage|p1a: Look at those arms|62\/100\n|-heal|p2a: The fat lady|30\/100|[from] drain|[of] p1a: Look at those arms\n|\n|-heal|p2a: The fat lady|36\/100|[from] item: Leftovers\n|upkeep\n|turn|4\n|\n|t:|1698272267\n|move|p1a: Look at those arms|Earth Power|p2a: The fat lady\n|-damage|p2a: The fat lady|0 fnt\n|faint|p2a: The fat lady\n|\n|upkeep\n|\n|t:|1698272270\n|switch|p2a: A bulky ice mon|Ninetales-Alola, F|100\/100\n|-weather|Snow|[from] ability: Snow Warning|[of] p2a: A bulky ice mon\n|turn|5\n|\n|t:|1698272284\n|-terastallize|p1a: Look at those arms|Poison\n|move|p2a: A bulky ice mon|Aurora Veil|p2a: A bulky ice mon\n|-sidestart|p2: SephieFox|move: Aurora Veil\n|move|p1a: Look at those arms|Sludge Bomb|p2a: A bulky ice mon\n|-supereffective|p2a: A bulky ice mon\n|-damage|p2a: A bulky ice mon|29\/100\n|\n|-weather|Snow|[upkeep]\n|upkeep\n|turn|6\n|\n|t:|1698272293\n|move|p2a: A bulky ice mon|Freeze-Dry|p1a: Look at those arms\n|-damage|p1a: Look at those arms|36\/100\n|move|p1a: Look at those arms|Sludge Bomb|p2a: A bulky ice mon\n|-supereffective|p2a: A bulky ice mon\n|-damage|p2a: A bulky ice mon|0 fnt\n|faint|p2a: A bulky ice mon\n|\n|-weather|Snow|[upkeep]\n|upkeep\n|\n|t:|1698272307\n|switch|p2a: H O N S E|Spectrier|100\/100\n|turn|7\n|\n|t:|1698272318\n|move|p2a: H O N S E|Calm Mind|p2a: H O N S E\n|-boost|p2a: H O N S E|spa|1\n|-boost|p2a: H O N S E|spd|1\n|move|p1a: Look at those arms|Earth Power|p2a: H O N S E\n|-damage|p2a: H O N S E|71\/100\n|\n|-weather|Snow|[upkeep]\n|upkeep\n|turn|8\n|c|\u2606zsg|!dt grim neigh\n|raw|<ul class=\"utilichart\"><li class=\"result\"><span class=\"col namecol\"><a href=\"https:\/\/dex.pokemonshowdown.com\/abilities\/grimneigh\">Grim Neigh<\/a><\/span> <span class=\"col abilitydesccol\">This Pokemon's Sp. Atk is raised by 1 stage if it attacks and KOes another Pokemon.<\/span> <\/li><li style=\"clear:both\"><\/li><\/ul>\n|raw|<font size=\"1\"><font color=\"#686868\">Gen:<\/font> 8<\/font>\n\n|\n|t:|1698272343\n|move|p2a: H O N S E|Agility|p2a: H O N S E\n|-boost|p2a: H O N S E|spe|2\n|move|p1a: Look at those arms|Earth Power|p2a: H O N S E\n|-damage|p2a: H O N S E|41\/100\n|\n|-weather|Snow|[upkeep]\n|upkeep\n|turn|9\n|\n|t:|1698272349\n|move|p2a: H O N S E|Shadow Ball|p1a: Look at those arms\n|-damage|p1a: Look at those arms|0 fnt\n|faint|p1a: Look at those arms\n|-ability|p2a: H O N S E|Grim Neigh|boost\n|-boost|p2a: H O N S E|spa|1\n|\n|-weather|none\n|upkeep\n|\n|t:|1698272368\n|switch|p1a: Tiny Tina|Giratina|100\/100\n|-ability|p1a: Tiny Tina|Pressure\n|turn|10\n|\n|t:|1698272374\n|move|p2a: H O N S E|Shadow Ball|p1a: Tiny Tina\n|-supereffective|p1a: Tiny Tina\n|-damage|p1a: Tiny Tina|0 fnt\n|faint|p1a: Tiny Tina\n|-ability|p2a: H O N S E|Grim Neigh|boost\n|-boost|p2a: H O N S E|spa|1\n|\n|upkeep\n|inactive|zsg has 270 seconds left.\n|\n|t:|1698272391\n|switch|p1a: Venom|Arceus-Grass|100\/100\n|turn|11\n|inactive|zsg has 270 seconds left.\n|\n|t:|1698272402\n|move|p2a: H O N S E|Shadow Ball|p1a: Venom\n|-damage|p1a: Venom|28\/100\n|move|p1a: Venom|Recover|p1a: Venom\n|-heal|p1a: Venom|78\/100\n|\n|upkeep\n|turn|12\n|inactive|zsg has 270 seconds left.\n|\n|t:|1698272415\n|move|p2a: H O N S E|Shadow Ball|p1a: Venom\n|-damage|p1a: Venom|2\/100\n|move|p1a: Venom|Recover|p1a: Venom\n|-heal|p1a: Venom|52\/100\n|\n|-sideend|p2: SephieFox|move: Aurora Veil\n|upkeep\n|turn|13\n|\n|t:|1698272423\n|move|p2a: H O N S E|Shadow Ball|p1a: Venom\n|-damage|p1a: Venom|0 fnt\n|faint|p1a: Venom\n|-ability|p2a: H O N S E|Grim Neigh|boost\n|-boost|p2a: H O N S E|spa|1\n|\n|upkeep\n|\n|t:|1698272425\n|switch|p1a: Child Launcher|Dragapult, F|100\/100\n|turn|14\n|\n|t:|1698272428\n|move|p1a: Child Launcher|Sucker Punch|p2a: H O N S E\n|-supereffective|p2a: H O N S E\n|-damage|p2a: H O N S E|0 fnt\n|faint|p2a: H O N S E\n|\n|upkeep\n|\n|t:|1698272437\n|switch|p2a: FIVE NIGHT FREDDY|Ursaluna-Bloodmoon, M|100\/100\n|turn|15\n|\n|t:|1698272450\n|switch|p1a: Birb|Espathra, F|100\/100\n|move|p2a: FIVE NIGHT FREDDY|Calm Mind|p2a: FIVE NIGHT FREDDY\n|-boost|p2a: FIVE NIGHT FREDDY|spa|1\n|-boost|p2a: FIVE NIGHT FREDDY|spd|1\n|\n|upkeep\n|turn|16\n|\n|t:|1698272456\n|move|p1a: Birb|Calm Mind|p1a: Birb\n|-boost|p1a: Birb|spa|1\n|-boost|p1a: Birb|spd|1\n|move|p2a: FIVE NIGHT FREDDY|Blood Moon|p1a: Birb\n|-damage|p1a: Birb|13\/100\n|\n|-heal|p1a: Birb|19\/100|[from] item: Leftovers\n|-ability|p1a: Birb|Speed Boost|boost\n|-boost|p1a: Birb|spe|1\n|upkeep\n|turn|17\n|\n|t:|1698272471\n|move|p1a: Birb|Roost|p1a: Birb\n|-heal|p1a: Birb|69\/100\n|-singleturn|p1a: Birb|move: Roost\n|move|p2a: FIVE NIGHT FREDDY|Earth Power|p1a: Birb\n|-damage|p1a: Birb|4\/100\n|\n|-heal|p1a: Birb|10\/100|[from] item: Leftovers\n|-ability|p1a: Birb|Speed Boost|boost\n|-boost|p1a: Birb|spe|1\n|upkeep\n|turn|18\n|\n|t:|1698272483\n|move|p1a: Birb|Stored Power|p2a: FIVE NIGHT FREDDY\n|-damage|p2a: FIVE NIGHT FREDDY|63\/100\n|move|p2a: FIVE NIGHT FREDDY|Earth Power|p1a: Birb\n|-damage|p1a: Birb|0 fnt\n|faint|p1a: Birb\n|\n|-heal|p2a: FIVE NIGHT FREDDY|69\/100|[from] item: Leftovers\n|upkeep\n|\n|t:|1698272492\n|switch|p1a: KillerQueen|Enamorus, F|100\/100\n|turn|19\n|\n|t:|1698272497\n|move|p1a: KillerQueen|Grass Knot|p2a: FIVE NIGHT FREDDY\n|-supereffective|p2a: FIVE NIGHT FREDDY\n|-damage|p2a: FIVE NIGHT FREDDY|5\/100\n|move|p2a: FIVE NIGHT FREDDY|Calm Mind|p2a: FIVE NIGHT FREDDY\n|-boost|p2a: FIVE NIGHT FREDDY|spa|1\n|-boost|p2a: FIVE NIGHT FREDDY|spd|1\n|\n|-heal|p2a: FIVE NIGHT FREDDY|11\/100|[from] item: Leftovers\n|upkeep\n|turn|20\n|\n|t:|1698272506\n|move|p1a: KillerQueen|Superpower|p2a: FIVE NIGHT FREDDY\n|-supereffective|p2a: FIVE NIGHT FREDDY\n|-damage|p2a: FIVE NIGHT FREDDY|0 fnt\n|-boost|p1a: KillerQueen|atk|1\n|-boost|p1a: KillerQueen|def|1\n|faint|p2a: FIVE NIGHT FREDDY\n|\n|upkeep\n|\n|t:|1698272514\n|switch|p2a: Funny name|Zacian|100\/100\n|-ability|p2a: Funny name|Intrepid Sword|boost\n|-boost|p2a: Funny name|atk|1\n|turn|21\n|\n|t:|1698272533\n|move|p2a: Funny name|Wild Charge|p1a: KillerQueen\n|-supereffective|p1a: KillerQueen\n|-damage|p1a: KillerQueen|0 fnt\n|faint|p1a: KillerQueen\n|-damage|p2a: Funny name|78\/100|[from] Recoil\n|-damage|p2a: Funny name|68\/100|[from] item: Life Orb\n|\n|upkeep\n|\n|t:|1698272536\n|switch|p1a: Child Launcher|Dragapult, F|100\/100\n|turn|22\n|\n|t:|1698272545\n|move|p1a: Child Launcher|Dragon Darts|p2a: Funny name\n|-immune|p2a: Funny name\n|move|p2a: Funny name|Play Rough|p1a: Child Launcher\n|-supereffective|p1a: Child Launcher\n|-damage|p1a: Child Launcher|0 fnt\n|faint|p1a: Child Launcher\n|-damage|p2a: Funny name|59\/100|[from] item: Life Orb\n|\n|win|SephieFox\n|c|\u2606SephieFox|GGs\n","uploadtime":1698272566,"views":16,"p1id":"zsg","p2id":"sephiefox","formatid":"gen9ubers","rating":0,"private":0,"password":""}