{"id":"gen9ubers-1975122132","p1":"Alex Amaterasu","p2":"Sundaeeeeee","format":"[Gen 9] Ubers","log":"|j|\u2606Alex Amaterasu\n|j|\u2606Sundaeeeeee\n|t:|1698163603\n|gametype|singles\n|player|p1|Alex Amaterasu|2|1040\n|player|p2|Sundaeeeeee|dragontamer|1063\n|teamsize|p1|6\n|teamsize|p2|6\n|gen|9\n|tier|[Gen 9] Ubers\n|rated|\n|rule|Sleep Clause Mod: Limit one foe put to sleep\n|rule|Species Clause: Limit one of each Pok\u00e9mon\n|rule|OHKO Clause: OHKO moves are banned\n|rule|Evasion Items Clause: Evasion items are banned\n|rule|Evasion Moves Clause: Evasion moves are banned\n|rule|Endless Battle Clause: Forcing endless battles is banned\n|rule|HP Percentage Mod: HP is shown in percentages\n|clearpoke\n|poke|p1|Annihilape, M|\n|poke|p1|Landorus, M|\n|poke|p1|Rayquaza|\n|poke|p1|Espathra, M|\n|poke|p1|Blissey, F|\n|poke|p1|Slowking-Galar, F|\n|poke|p2|Espathra, M|\n|poke|p2|Skeledirge, F|\n|poke|p2|Toxapex, M|\n|poke|p2|Groudon|\n|poke|p2|Walking Wake|\n|poke|p2|Sylveon, F|\n|teampreview\n|inactive|Battle timer is ON: inactive players will automatically lose when time's up. (requested by Sundaeeeeee)\n|\n|t:|1698163609\n|start\n|switch|p1a: Espathra|Espathra, M|100\/100\n|switch|p2a: Espathra|Espathra, M|100\/100\n|turn|1\n|\n|t:|1698163618\n|-terastallize|p1a: Espathra|Psychic\n|move|p2a: Espathra|Calm Mind|p2a: Espathra\n|-boost|p2a: Espathra|spa|1\n|-boost|p2a: Espathra|spd|1\n|move|p1a: Espathra|Calm Mind|p1a: Espathra\n|-boost|p1a: Espathra|spa|1\n|-boost|p1a: Espathra|spd|1\n|\n|-ability|p2a: Espathra|Speed Boost|boost\n|-boost|p2a: Espathra|spe|1\n|-ability|p1a: Espathra|Speed Boost|boost\n|-boost|p1a: Espathra|spe|1\n|upkeep\n|turn|2\n|\n|t:|1698163633\n|move|p2a: Espathra|Agility|p2a: Espathra\n|-boost|p2a: Espathra|spe|2\n|move|p1a: Espathra|Flash Cannon|p2a: Espathra\n|-damage|p2a: Espathra|63\/100\n|\n|-heal|p2a: Espathra|69\/100|[from] item: Leftovers\n|-ability|p2a: Espathra|Speed Boost|boost\n|-boost|p2a: Espathra|spe|1\n|-ability|p1a: Espathra|Speed Boost|boost\n|-boost|p1a: Espathra|spe|1\n|upkeep\n|turn|3\n|\n|t:|1698163656\n|move|p2a: Espathra|Calm Mind|p2a: Espathra\n|-boost|p2a: Espathra|spa|1\n|-boost|p2a: Espathra|spd|1\n|move|p1a: Espathra|Flash Cannon|p2a: Espathra\n|-damage|p2a: Espathra|44\/100\n|\n|-heal|p2a: Espathra|50\/100|[from] item: Leftovers\n|-ability|p2a: Espathra|Speed Boost|boost\n|-boost|p2a: Espathra|spe|1\n|-ability|p1a: Espathra|Speed Boost|boost\n|-boost|p1a: Espathra|spe|1\n|upkeep\n|turn|4\n|\n|t:|1698163668\n|-terastallize|p2a: Espathra|Psychic\n|move|p2a: Espathra|Stored Power|p1a: Espathra\n|-resisted|p1a: Espathra\n|-damage|p1a: Espathra|0 fnt\n|faint|p1a: Espathra\n|\n|-heal|p2a: Espathra|56\/100|[from] item: Leftovers\n|-ability|p2a: Espathra|Speed Boost|boost\n|-boost|p2a: Espathra|spe|1\n|upkeep\n|\n|t:|1698163680\n|switch|p1a: Blissey|Blissey, F|100\/100\n|turn|5\n|\n|t:|1698163690\n|move|p2a: Espathra|Stored Power|p1a: Blissey\n|-damage|p1a: Blissey|21\/100\n|move|p1a: Blissey|Shadow Ball|p2a: Espathra\n|-supereffective|p2a: Espathra\n|-damage|p2a: Espathra|33\/100\n|\n|-heal|p2a: Espathra|39\/100|[from] item: Leftovers\n|-heal|p1a: Blissey|27\/100|[from] item: Leftovers\n|upkeep\n|turn|6\n|\n|t:|1698163701\n|move|p2a: Espathra|Stored Power|p1a: Blissey\n|-damage|p1a: Blissey|0 fnt\n|faint|p1a: Blissey\n|\n|-heal|p2a: Espathra|45\/100|[from] item: Leftovers\n|upkeep\n|inactive|Alex Amaterasu has 120 seconds left.\n|\n|t:|1698163713\n|switch|p1a: Slowking|Slowking-Galar, F|100\/100\n|turn|7\n|\n|t:|1698163717\n|move|p2a: Espathra|Stored Power|p1a: Slowking\n|-damage|p1a: Slowking|0 fnt\n|faint|p1a: Slowking\n|\n|-heal|p2a: Espathra|51\/100|[from] item: Leftovers\n|upkeep\n|\n|t:|1698163732\n|switch|p1a: Rayquaza|Rayquaza|100\/100\n|-ability|p1a: Rayquaza|Air Lock\n|turn|8\n|\n|t:|1698163736\n|move|p2a: Espathra|Stored Power|p1a: Rayquaza\n|-damage|p1a: Rayquaza|0 fnt\n|faint|p1a: Rayquaza\n|\n|-heal|p2a: Espathra|57\/100|[from] item: Leftovers\n|upkeep\n|\n|t:|1698163743\n|switch|p1a: Annihilape|Annihilape, M|100\/100\n|turn|9\n|\n|t:|1698163748\n|move|p2a: Espathra|Stored Power|p1a: Annihilape\n|-supereffective|p1a: Annihilape\n|-damage|p1a: Annihilape|0 fnt\n|faint|p1a: Annihilape\n|\n|-heal|p2a: Espathra|63\/100|[from] item: Leftovers\n|upkeep\n|\n|t:|1698163754\n|switch|p1a: Landorus|Landorus, M|100\/100\n|turn|10\n|\n|t:|1698163769\n|move|p2a: Espathra|Stored Power|p1a: Landorus\n|-damage|p1a: Landorus|0 fnt\n|faint|p1a: Landorus\n|\n|win|Sundaeeeeee\n|raw|Alex Amaterasu's rating: 1040 &rarr; <strong>1025<\/strong><br \/>(-15 for losing)\n|raw|Sundaeeeeee's rating: 1063 &rarr; <strong>1092<\/strong><br \/>(+29 for winning)\n|c|\u2606Sundaeeeeee|Wow\n|c|\u2606Alex Amaterasu|nice game\n","uploadtime":1698163781,"views":11,"p1id":"alexamaterasu","p2id":"sundaeeeeee","formatid":"gen9ubers","rating":1025,"private":0,"password":""}