{"id":"gen9ubers-1975394477","p1":"Reposti","p2":"rutriyououiyiyuyt","format":"[Gen 9] Ubers","log":"|j|\u2606Reposti\n|j|\u2606rutriyououiyiyuyt\n|t:|1698186605\n|gametype|singles\n|player|p1|Reposti|gentleman-gen4dp|\n|player|p2|rutriyououiyiyuyt|elesa|\n|teamsize|p1|6\n|teamsize|p2|6\n|gen|9\n|tier|[Gen 9] Ubers\n|rule|Sleep Clause Mod: Limit one foe put to sleep\n|rule|Species Clause: Limit one of each Pok\u00e9mon\n|rule|OHKO Clause: OHKO moves are banned\n|rule|Evasion Items Clause: Evasion items are banned\n|rule|Evasion Moves Clause: Evasion moves are banned\n|rule|Endless Battle Clause: Forcing endless battles is banned\n|rule|HP Percentage Mod: HP is shown in percentages\n|clearpoke\n|poke|p1|Arceus-Poison|\n|poke|p1|Giratina|\n|poke|p1|Dondozo, M|\n|poke|p1|Blissey, F|\n|poke|p1|Meowscarada, M|\n|poke|p1|Zacian-*|\n|poke|p2|Magearna|\n|poke|p2|Dragapult, F|\n|poke|p2|Palafin, M|\n|poke|p2|Urshifu-*, M|\n|poke|p2|Pelipper, M|\n|poke|p2|Cyclizar, F|\n|teampreview\n|c|\u2606Reposti|Glhf\n|\n|t:|1698186626\n|start\n|switch|p1a: Meowscarada|Meowscarada, M|100\/100\n|switch|p2a: Magearna|Magearna|100\/100\n|turn|1\n|j| KDA01\n|\n|t:|1698186651\n|move|p1a: Meowscarada|Knock Off|p2a: Magearna\n|-start|p1a: Meowscarada|typechange|Dark|[from] ability: Protean\n|-resisted|p2a: Magearna\n|-damage|p2a: Magearna|82\/100\n|-enditem|p2a: Magearna|Eject Pack|[from] move: Knock Off|[of] p1a: Meowscarada\n|move|p2a: Magearna|Thunder Wave|p1a: Meowscarada\n|-status|p1a: Meowscarada|par\n|\n|upkeep\n|turn|2\n|\n|t:|1698186664\n|move|p1a: Meowscarada|Toxic Spikes|p2a: Magearna\n|-sidestart|p2: rutriyououiyiyuyt|move: Toxic Spikes\n|move|p2a: Magearna|Spikes|p1a: Meowscarada\n|-sidestart|p1: Reposti|Spikes\n|\n|upkeep\n|turn|3\n|\n|t:|1698186671\n|move|p1a: Meowscarada|Toxic Spikes|p2a: Magearna\n|-sidestart|p2: rutriyououiyiyuyt|move: Toxic Spikes\n|move|p2a: Magearna|Fleur Cannon|p1a: Meowscarada\n|-supereffective|p1a: Meowscarada\n|-enditem|p1a: Meowscarada|Focus Sash\n|-damage|p1a: Meowscarada|1\/100 par\n|-unboost|p2a: Magearna|spa|2\n|\n|upkeep\n|turn|4\n|\n|t:|1698186679\n|move|p1a: Meowscarada|Spikes|p2a: Magearna\n|-sidestart|p2: rutriyououiyiyuyt|Spikes\n|move|p2a: Magearna|Flash Cannon|p1a: Meowscarada\n|-damage|p1a: Meowscarada|0 fnt\n|faint|p1a: Meowscarada\n|-ability|p2a: Magearna|Soul-Heart|boost\n|-boost|p2a: Magearna|spa|1\n|\n|upkeep\n|\n|t:|1698186687\n|switch|p1a: Blissey|Blissey, F|100\/100\n|turn|5\n|\n|t:|1698186696\n|switch|p2a: Cyclizar|Cyclizar, F|100\/100\n|-status|p2a: Cyclizar|tox\n|-damage|p2a: Cyclizar|88\/100 tox|[from] Spikes\n|move|p1a: Blissey|Thunder Wave||[still]\n|-fail|p1a: Blissey\n|\n|-damage|p2a: Cyclizar|82\/100 tox|[from] psn\n|upkeep\n|turn|6\n|\n|t:|1698186706\n|move|p2a: Cyclizar|Rapid Spin|p1a: Blissey\n|-damage|p1a: Blissey|85\/100\n|-boost|p2a: Cyclizar|spe|1\n|-sideend|p2: rutriyououiyiyuyt|Spikes|[from] move: Rapid Spin|[of] p2a: Cyclizar\n|-sideend|p2: rutriyououiyiyuyt|Toxic Spikes|[from] move: Rapid Spin|[of] p2a: Cyclizar\n|move|p1a: Blissey|Stealth Rock|p2a: Cyclizar\n|-sidestart|p2: rutriyououiyiyuyt|move: Stealth Rock\n|\n|-damage|p2a: Cyclizar|70\/100 tox|[from] psn\n|upkeep\n|turn|7\n|\n|t:|1698186716\n|switch|p2a: Palafin|Palafin, M|100\/100\n|-damage|p2a: Palafin|88\/100|[from] Stealth Rock\n|switch|p1a: Giratina|Giratina|100\/100\n|-ability|p1a: Giratina|Pressure\n|\n|upkeep\n|turn|8\n|\n|t:|1698186734\n|detailschange|p2a: Palafin|Palafin-Hero, M\n|switch|p2a: Urshifu|Urshifu, M|100\/100\n|-damage|p2a: Urshifu|94\/100|[from] Stealth Rock\n|move|p1a: Giratina|Roar|p2a: Urshifu\n|drag|p2a: Dragapult|Dragapult, F|100\/100\n|-damage|p2a: Dragapult|88\/100|[from] Stealth Rock\n|\n|upkeep\n|turn|9\n|\n|t:|1698186748\n|-terastallize|p1a: Giratina|Ghost\n|move|p2a: Dragapult|Draco Meteor|p1a: Giratina\n|-crit|p1a: Giratina\n|-damage|p1a: Giratina|34\/100\n|-unboost|p2a: Dragapult|spa|2\n|move|p1a: Giratina|Will-O-Wisp|p2a: Dragapult\n|-status|p2a: Dragapult|brn\n|\n|-damage|p2a: Dragapult|82\/100 brn|[from] brn\n|upkeep\n|turn|10\n|\n|t:|1698186761\n|switch|p2a: Magearna|Magearna|82\/100\n|-damage|p2a: Magearna|76\/100|[from] Stealth Rock\n|move|p1a: Giratina|Hex|p2a: Magearna\n|-crit|p2a: Magearna\n|-damage|p2a: Magearna|34\/100\n|\n|upkeep\n|turn|11\n|\n|t:|1698186770\n|switch|p1a: Blissey|Blissey, F|85\/100\n|move|p2a: Magearna|Fleur Cannon|p1a: Blissey\n|-damage|p1a: Blissey|56\/100\n|-unboost|p2a: Magearna|spa|2\n|\n|upkeep\n|turn|12\n|\n|t:|1698186780\n|move|p2a: Magearna|Spikes|p1a: Blissey\n|-sidestart|p1: Reposti|Spikes\n|move|p1a: Blissey|Thunder Wave|p2a: Magearna\n|-status|p2a: Magearna|par\n|\n|upkeep\n|turn|13\n|\n|t:|1698186786\n|move|p1a: Blissey|Soft-Boiled|p1a: Blissey\n|-heal|p1a: Blissey|100\/100\n|move|p2a: Magearna|Spikes|p1a: Blissey\n|-sidestart|p1: Reposti|Spikes\n|\n|upkeep\n|turn|14\n|\n|t:|1698186802\n|switch|p1a: Giratina|Giratina, tera:Ghost|34\/100\n|-ability|p1a: Giratina|Pressure\n|switch|p2a: Palafin|Palafin-Hero, M|88\/100\n|-damage|p2a: Palafin|76\/100|[from] Stealth Rock\n|-activate|p2a: Palafin|ability: Zero to Hero\n|\n|upkeep\n|turn|15\n|\n|t:|1698186811\n|move|p2a: Palafin|Ice Punch|p1a: Giratina\n|-damage|p1a: Giratina|10\/100\n|move|p1a: Giratina|Will-O-Wisp|p2a: Palafin\n|-status|p2a: Palafin|brn\n|\n|-damage|p2a: Palafin|70\/100 brn|[from] brn\n|upkeep\n|turn|16\n|\n|t:|1698186822\n|move|p2a: Palafin|Ice Punch|p1a: Giratina\n|-damage|p1a: Giratina|0 fnt\n|faint|p1a: Giratina\n|\n|-damage|p2a: Palafin|64\/100 brn|[from] brn\n|upkeep\n|\n|t:|1698186834\n|switch|p1a: Arceus|Arceus-Poison|100\/100\n|-damage|p1a: Arceus|75\/100|[from] Spikes\n|turn|17\n|\n|t:|1698186840\n|switch|p2a: Pelipper|Pelipper, M|100\/100\n|-damage|p2a: Pelipper|76\/100|[from] Stealth Rock\n|-weather|RainDance|[from] ability: Drizzle|[of] p2a: Pelipper\n|move|p1a: Arceus|Calm Mind|p1a: Arceus\n|-boost|p1a: Arceus|spa|1\n|-boost|p1a: Arceus|spd|1\n|\n|-weather|RainDance|[upkeep]\n|upkeep\n|turn|18\n|\n|t:|1698186858\n|move|p1a: Arceus|Judgment|p2a: Pelipper\n|-damage|p2a: Pelipper|0 fnt\n|faint|p2a: Pelipper\n|\n|-weather|RainDance|[upkeep]\n|upkeep\n|\n|t:|1698186889\n|switch|p2a: Dragapult|Dragapult, F|82\/100 brn\n|-damage|p2a: Dragapult|70\/100 brn|[from] Stealth Rock\n|turn|19\n|\n|t:|1698186893\n|move|p2a: Dragapult|Shadow Ball|p1a: Arceus\n|-damage|p1a: Arceus|55\/100\n|move|p1a: Arceus|Recover|p1a: Arceus\n|-heal|p1a: Arceus|100\/100\n|\n|-weather|RainDance|[upkeep]\n|-damage|p2a: Dragapult|64\/100 brn|[from] brn\n|upkeep\n|turn|20\n|\n|t:|1698186902\n|switch|p2a: Urshifu|Urshifu, M|94\/100\n|-damage|p2a: Urshifu|88\/100|[from] Stealth Rock\n|move|p1a: Arceus|Calm Mind|p1a: Arceus\n|-boost|p1a: Arceus|spa|1\n|-boost|p1a: Arceus|spd|1\n|\n|-weather|RainDance|[upkeep]\n|upkeep\n|turn|21\n|\n|t:|1698186911\n|-terastallize|p2a: Urshifu|Steel\n|move|p2a: Urshifu|Iron Head|p1a: Arceus\n|-damage|p1a: Arceus|71\/100\n|move|p1a: Arceus|Judgment|p2a: Urshifu\n|-immune|p2a: Urshifu\n|\n|-weather|RainDance|[upkeep]\n|upkeep\n|turn|22\n|\n|t:|1698186921\n|switch|p2a: Palafin|Palafin-Hero, M|64\/100 brn\n|-damage|p2a: Palafin|51\/100 brn|[from] Stealth Rock\n|move|p1a: Arceus|Recover|p1a: Arceus\n|-heal|p1a: Arceus|100\/100\n|\n|-weather|RainDance|[upkeep]\n|-damage|p2a: Palafin|45\/100 brn|[from] brn\n|upkeep\n|turn|23\n|\n|t:|1698186931\n|move|p2a: Palafin|Wave Crash|p1a: Arceus\n|-damage|p1a: Arceus|53\/100\n|-damage|p2a: Palafin|25\/100 brn|[from] Recoil\n|move|p1a: Arceus|Hex|p2a: Palafin\n|-damage|p2a: Palafin|0 fnt\n|faint|p2a: Palafin\n|\n|-weather|RainDance|[upkeep]\n|upkeep\n|\n|t:|1698186940\n|switch|p2a: Urshifu|Urshifu, M, tera:Steel|88\/100\n|-damage|p2a: Urshifu|82\/100|[from] Stealth Rock\n|turn|24\n|\n|t:|1698186946\n|move|p2a: Urshifu|Wicked Blow|p1a: Arceus\n|-crit|p1a: Arceus\n|-damage|p1a: Arceus|9\/100\n|move|p1a: Arceus|Recover|p1a: Arceus\n|-heal|p1a: Arceus|59\/100\n|\n|-weather|none\n|upkeep\n|turn|25\n|\n|t:|1698186958\n|move|p2a: Urshifu|Wicked Blow|p1a: Arceus\n|-crit|p1a: Arceus\n|-damage|p1a: Arceus|14\/100\n|move|p1a: Arceus|Hex|p2a: Urshifu\n|-damage|p2a: Urshifu|21\/100\n|\n|upkeep\n|turn|26\n|\n|t:|1698186980\n|move|p2a: Urshifu|Wicked Blow|p1a: Arceus\n|-crit|p1a: Arceus\n|-damage|p1a: Arceus|0 fnt\n|faint|p1a: Arceus\n|\n|upkeep\n|\n|t:|1698186986\n|switch|p1a: Zacian|Zacian|100\/100\n|-ability|p1a: Zacian|Intrepid Sword|boost\n|-boost|p1a: Zacian|atk|1\n|turn|27\n|\n|t:|1698186993\n|switch|p2a: Dragapult|Dragapult, F|64\/100 brn\n|-damage|p2a: Dragapult|52\/100 brn|[from] Stealth Rock\n|move|p1a: Zacian|Play Rough|p2a: Dragapult\n|-supereffective|p2a: Dragapult\n|-damage|p2a: Dragapult|0 fnt\n|faint|p2a: Dragapult\n|\n|upkeep\n|\n|t:|1698187000\n|switch|p2a: Magearna|Magearna|34\/100 par\n|-damage|p2a: Magearna|28\/100 par|[from] Stealth Rock\n|turn|28\n|j| fwuffypetsowo\n|\n|t:|1698187012\n|switch|p1a: Blissey|Blissey, F|100\/100\n|move|p2a: Magearna|Thunder Wave|p1a: Blissey\n|-status|p1a: Blissey|par\n|\n|upkeep\n|turn|29\n|\n|t:|1698187018\n|switch|p2a: Cyclizar|Cyclizar, F|100\/100 tox\n|-damage|p2a: Cyclizar|88\/100 tox|[from] Stealth Rock\n|cant|p1a: Blissey|par\n|\n|-damage|p2a: Cyclizar|82\/100 tox|[from] psn\n|upkeep\n|turn|30\n|\n|t:|1698187031\n|-curestatus|p1a: Blissey|par|[from] ability: Natural Cure\n|switch|p1a: Dondozo|Dondozo, M|100\/100\n|-damage|p1a: Dondozo|75\/100|[from] Spikes\n|move|p2a: Cyclizar|Shed Tail|p2a: Cyclizar\n|-start|p2a: Cyclizar|Substitute|[from] move: Shed Tail\n|-damage|p2a: Cyclizar|32\/100 tox\n|\n|t:|1698187038\n|switch|p2a: Magearna|Magearna|28\/100 par|[from] Shed Tail\n|-damage|p2a: Magearna|22\/100 par|[from] Stealth Rock\n|\n|upkeep\n|turn|31\n|\n|t:|1698187045\n|move|p1a: Dondozo|Liquidation|p2a: Magearna\n|-activate|p2a: Magearna|move: Substitute|[damage]\n|cant|p2a: Magearna|par\n|\n|upkeep\n|turn|32\n|\n|t:|1698187051\n|move|p1a: Dondozo|Liquidation|p2a: Magearna\n|-end|p2a: Magearna|Substitute\n|move|p2a: Magearna|Flash Cannon|p1a: Dondozo\n|-resisted|p1a: Dondozo\n|-damage|p1a: Dondozo|62\/100\n|\n|upkeep\n|turn|33\n|\n|t:|1698187069\n|move|p1a: Dondozo|Liquidation|p2a: Magearna\n|-damage|p2a: Magearna|0 fnt\n|faint|p2a: Magearna\n|\n|upkeep\n|\n|t:|1698187071\n|switch|p2a: Cyclizar|Cyclizar, F|65\/100 tox\n|-damage|p2a: Cyclizar|53\/100 tox|[from] Stealth Rock\n|turn|34\n|\n|t:|1698187077\n|move|p2a: Cyclizar|Shed Tail|p2a: Cyclizar\n|-start|p2a: Cyclizar|Substitute|[from] move: Shed Tail\n|-damage|p2a: Cyclizar|3\/100 tox\n|\n|t:|1698187080\n|switch|p2a: Urshifu|Urshifu, M, tera:Steel|21\/100|[from] Shed Tail\n|-damage|p2a: Urshifu|15\/100|[from] Stealth Rock\n|move|p1a: Dondozo|Liquidation|p2a: Urshifu\n|-end|p2a: Urshifu|Substitute\n|\n|upkeep\n|turn|35\n|\n|t:|1698187089\n|move|p2a: Urshifu|Wicked Blow|p1a: Dondozo\n|-crit|p1a: Dondozo\n|-damage|p1a: Dondozo|16\/100\n|-damage|p2a: Urshifu|0 fnt|[from] item: Rocky Helmet|[of] p1a: Dondozo\n|faint|p2a: Urshifu\n|move|p1a: Dondozo|Liquidation|p2: Urshifu|[notarget]\n|-fail|p1a: Dondozo\n|\n|upkeep\n|l| KDA01\n|\n|t:|1698187112\n|switch|p2a: Cyclizar|Cyclizar, F|36\/100 tox\n|-damage|p2a: Cyclizar|23\/100 tox|[from] Stealth Rock\n|turn|36\n|\n|t:|1698187116\n|move|p2a: Cyclizar|Knock Off|p1a: Dondozo\n|-damage|p1a: Dondozo|4\/100\n|-damage|p2a: Cyclizar|7\/100 tox|[from] item: Rocky Helmet|[of] p1a: Dondozo\n|-enditem|p1a: Dondozo|Rocky Helmet|[from] move: Knock Off|[of] p2a: Cyclizar\n|move|p1a: Dondozo|Liquidation|p2a: Cyclizar\n|-resisted|p2a: Cyclizar\n|-damage|p2a: Cyclizar|0 fnt\n|faint|p2a: Cyclizar\n|\n|win|Reposti\n|c|\u2606Reposti|Gg\n","uploadtime":1698187127,"views":37,"p1id":"reposti","p2id":"rutriyououiyiyuyt","formatid":"gen9ubers","rating":0,"private":0,"password":""}