{"id":"gen9ubers-1977598091","p1":"RubenPaCe","p2":"FrostyRandom02","format":"[Gen 9] Ubers","log":"|j|\u2606RubenPaCe\n|j|\u2606FrostyRandom02\n|t:|1698430568\n|gametype|singles\n|player|p1|RubenPaCe|169|\n|player|p2|FrostyRandom02|riley|\n|teamsize|p1|6\n|teamsize|p2|6\n|gen|9\n|tier|[Gen 9] Ubers\n|rule|Sleep Clause Mod: Limit one foe put to sleep\n|rule|Species Clause: Limit one of each Pok\u00e9mon\n|rule|OHKO Clause: OHKO moves are banned\n|rule|Evasion Items Clause: Evasion items are banned\n|rule|Evasion Moves Clause: Evasion moves are banned\n|rule|Endless Battle Clause: Forcing endless battles is banned\n|rule|HP Percentage Mod: HP is shown in percentages\n|clearpoke\n|poke|p1|Meowscarada, F|\n|poke|p1|Grimmsnarl, M|\n|poke|p1|Zacian-*|\n|poke|p1|Arceus-Poison|\n|poke|p1|Magearna|\n|poke|p1|Basculegion-F, F|\n|poke|p2|Slither Wing|\n|poke|p2|Torkoal, M|\n|poke|p2|Chi-Yu|\n|poke|p2|Espathra, F|\n|poke|p2|Shiftry, F|\n|poke|p2|Walking Wake|\n|teampreview\n|c|\u2606RubenPaCe|what\n|c|\u2606RubenPaCe|oh wait\n|c|\u2606RubenPaCe|lmao I thought you were another person\n|c|\u2606FrostyRandom02|lmao\n|c|\u2606RubenPaCe|because you have the exact same team\n|c|\u2606RubenPaCe|and I just faced him\n|\n|t:|1698430602\n|start\n|switch|p1a: Meowscarada|Meowscarada, F|100\/100\n|switch|p2a: Torkoal|Torkoal, M|100\/100\n|-weather|SunnyDay|[from] ability: Drought|[of] p2a: Torkoal\n|turn|1\n|\n|t:|1698430613\n|move|p1a: Meowscarada|Taunt|p2a: Torkoal\n|-start|p1a: Meowscarada|typechange|Dark|[from] ability: Protean\n|-start|p2a: Torkoal|move: Taunt\n|move|p2a: Torkoal|Lava Plume|p1a: Meowscarada\n|-damage|p1a: Meowscarada|43\/100\n|\n|-weather|SunnyDay|[upkeep]\n|upkeep\n|turn|2\n|\n|t:|1698430618\n|move|p1a: Meowscarada|Spikes|p2a: Torkoal\n|-sidestart|p2: FrostyRandom02|Spikes\n|move|p2a: Torkoal|Lava Plume|p1a: Meowscarada\n|-damage|p1a: Meowscarada|0 fnt\n|faint|p1a: Meowscarada\n|\n|-weather|SunnyDay|[upkeep]\n|upkeep\n|\n|t:|1698430625\n|switch|p1a: Grimmsnarl|Grimmsnarl, M|100\/100\n|turn|3\n|c|\u2606FrostyRandom02|People do just be stealing my teams fr lmao\n|\n|t:|1698430652\n|switch|p2a: Shiftry|Shiftry, F|100\/100\n|-damage|p2a: Shiftry|88\/100|[from] Spikes\n|move|p1a: Grimmsnarl|Light Screen|p1a: Grimmsnarl\n|-sidestart|p1: RubenPaCe|move: Light Screen\n|\n|-weather|SunnyDay|[upkeep]\n|upkeep\n|turn|4\n|\n|t:|1698430665\n|move|p2a: Shiftry|Solar Blade||[still]\n|-prepare|p2a: Shiftry|Solar Blade\n|-anim|p2a: Shiftry|Solar Blade|p1a: Grimmsnarl\n|-damage|p1a: Grimmsnarl|0 fnt\n|faint|p1a: Grimmsnarl\n|\n|-weather|SunnyDay|[upkeep]\n|upkeep\n|c|\u2606RubenPaCe|wait\n|c|\u2606RubenPaCe|that's not reflect\n|\n|t:|1698430689\n|switch|p1a: Magearna|Magearna|100\/100\n|turn|5\n|\n|t:|1698430705\n|switch|p2a: Walking Wake|Walking Wake|100\/100\n|-damage|p2a: Walking Wake|88\/100|[from] Spikes\n|-activate|p2a: Walking Wake|ability: Protosynthesis\n|-start|p2a: Walking Wake|protosynthesisspe\n|move|p1a: Magearna|Shift Gear|p1a: Magearna\n|-boost|p1a: Magearna|spe|2\n|-boost|p1a: Magearna|atk|1\n|\n|-weather|none\n|-end|p2a: Walking Wake|Protosynthesis\n|upkeep\n|turn|6\n|\n|t:|1698430716\n|move|p2a: Walking Wake|Flip Turn|p1a: Magearna\n|-damage|p1a: Magearna|90\/100\n|\n|t:|1698430720\n|-end|p2a: Walking Wake|Protosynthesis|[silent]\n|switch|p2a: Torkoal|Torkoal, M|100\/100|[from] Flip Turn\n|-weather|SunnyDay|[from] ability: Drought|[of] p2a: Torkoal\n|move|p1a: Magearna|Calm Mind|p1a: Magearna\n|-boost|p1a: Magearna|spa|1\n|-boost|p1a: Magearna|spd|1\n|\n|-weather|SunnyDay|[upkeep]\n|-heal|p1a: Magearna|96\/100|[from] item: Leftovers\n|upkeep\n|turn|7\n|\n|t:|1698430723\n|move|p1a: Magearna|Stored Power|p2a: Torkoal\n|-damage|p2a: Torkoal|27\/100\n|move|p2a: Torkoal|Yawn|p1a: Magearna\n|-start|p1a: Magearna|move: Yawn|[of] p2a: Torkoal\n|\n|-weather|SunnyDay|[upkeep]\n|-heal|p1a: Magearna|100\/100|[from] item: Leftovers\n|upkeep\n|turn|8\n|\n|t:|1698430732\n|switch|p1a: Arceus|Arceus-Poison|100\/100\n|move|p2a: Torkoal|Rapid Spin|p1a: Arceus\n|-damage|p1a: Arceus|95\/100\n|-boost|p2a: Torkoal|spe|1\n|-sideend|p2: FrostyRandom02|Spikes|[from] move: Rapid Spin|[of] p2a: Torkoal\n|\n|-weather|SunnyDay|[upkeep]\n|upkeep\n|turn|9\n|\n|t:|1698430736\n|move|p1a: Arceus|Taunt|p2a: Torkoal\n|-start|p2a: Torkoal|move: Taunt\n|cant|p2a: Torkoal|move: Taunt|Stealth Rock\n|\n|-weather|SunnyDay|[upkeep]\n|upkeep\n|turn|10\n|\n|t:|1698430737\n|move|p1a: Arceus|Calm Mind|p1a: Arceus\n|-boost|p1a: Arceus|spa|1\n|-boost|p1a: Arceus|spd|1\n|move|p2a: Torkoal|Lava Plume|p1a: Arceus\n|-damage|p1a: Arceus|87\/100\n|\n|-weather|none\n|-sideend|p1: RubenPaCe|move: Light Screen\n|upkeep\n|turn|11\n|\n|t:|1698430742\n|switch|p2a: Espathra|Espathra, F|100\/100\n|move|p1a: Arceus|Calm Mind|p1a: Arceus\n|-boost|p1a: Arceus|spa|1\n|-boost|p1a: Arceus|spd|1\n|\n|upkeep\n|turn|12\n|\n|t:|1698430744\n|move|p1a: Arceus|Judgment|p2a: Espathra\n|-damage|p2a: Espathra|0 fnt\n|faint|p2a: Espathra\n|\n|upkeep\n|\n|t:|1698430750\n|switch|p2a: Torkoal|Torkoal, M|27\/100\n|-weather|SunnyDay|[from] ability: Drought|[of] p2a: Torkoal\n|turn|13\n|\n|t:|1698430753\n|move|p1a: Arceus|Taunt|p2a: Torkoal\n|-start|p2a: Torkoal|move: Taunt\n|cant|p2a: Torkoal|move: Taunt|Yawn\n|\n|-weather|SunnyDay|[upkeep]\n|upkeep\n|turn|14\n|\n|t:|1698430757\n|switch|p2a: Slither Wing|Slither Wing|100\/100\n|-activate|p2a: Slither Wing|ability: Protosynthesis\n|-start|p2a: Slither Wing|protosynthesisatk\n|move|p1a: Arceus|Calm Mind|p1a: Arceus\n|-boost|p1a: Arceus|spa|1\n|-boost|p1a: Arceus|spd|1\n|\n|-weather|SunnyDay|[upkeep]\n|upkeep\n|turn|15\n|\n|t:|1698430764\n|move|p1a: Arceus|Judgment|p2a: Slither Wing\n|-crit|p2a: Slither Wing\n|-damage|p2a: Slither Wing|2\/100\n|move|p2a: Slither Wing|Flame Charge|p1a: Arceus\n|-damage|p1a: Arceus|68\/100\n|-boost|p2a: Slither Wing|spe|1\n|\n|-weather|SunnyDay|[upkeep]\n|upkeep\n|turn|16\n|\n|t:|1698430775\n|move|p1a: Arceus|Judgment|p2a: Slither Wing\n|-damage|p2a: Slither Wing|0 fnt\n|faint|p2a: Slither Wing\n|-end|p2a: Slither Wing|Protosynthesis|[silent]\n|\n|-weather|SunnyDay|[upkeep]\n|upkeep\n|\n|t:|1698430783\n|switch|p2a: Shiftry|Shiftry, F|88\/100\n|turn|17\n|c|\u2606RubenPaCe|I trust\n|\n|t:|1698430795\n|-terastallize|p2a: Shiftry|Fire\n|move|p2a: Shiftry|Tera Blast|p1a: Arceus|[anim] Tera Blast Fire\n|-damage|p1a: Arceus|7\/100\n|move|p1a: Arceus|Judgment|p2a: Shiftry\n|-damage|p2a: Shiftry|0 fnt\n|faint|p2a: Shiftry\n|\n|-weather|none\n|upkeep\n|\n|t:|1698430802\n|switch|p2a: Chi-Yu|Chi-Yu|100\/100\n|-ability|p2a: Chi-Yu|Beads of Ruin\n|turn|18\n|\n|t:|1698430807\n|move|p2a: Chi-Yu|Fire Blast|p1a: Arceus|[miss]\n|-miss|p2a: Chi-Yu|p1a: Arceus\n|move|p1a: Arceus|Judgment|p2a: Chi-Yu\n|-damage|p2a: Chi-Yu|0 fnt\n|faint|p2a: Chi-Yu\n|\n|upkeep\n|\n|t:|1698430812\n|switch|p2a: Torkoal|Torkoal, M|27\/100\n|-weather|SunnyDay|[from] ability: Drought|[of] p2a: Torkoal\n|turn|19\n|c|\u2606RubenPaCe|game rewarded me for trusting\n|\n|t:|1698430818\n|move|p1a: Arceus|Judgment|p2a: Torkoal\n|-damage|p2a: Torkoal|0 fnt\n|faint|p2a: Torkoal\n|\n|-weather|SunnyDay|[upkeep]\n|upkeep\n|\n|t:|1698430820\n|switch|p2a: Walking Wake|Walking Wake|88\/100\n|-activate|p2a: Walking Wake|ability: Protosynthesis\n|-start|p2a: Walking Wake|protosynthesisspe\n|turn|20\n|\n|t:|1698430825\n|move|p2a: Walking Wake|Hydro Steam|p1a: Arceus\n|-damage|p1a: Arceus|0 fnt\n|faint|p1a: Arceus\n|\n|-weather|SunnyDay|[upkeep]\n|upkeep\n|\n|t:|1698430828\n|switch|p1a: Basculegion|Basculegion-F, F|100\/100\n|turn|21\n|\n|t:|1698430833\n|move|p2a: Walking Wake|Hydro Steam|p1a: Basculegion\n|-resisted|p1a: Basculegion\n|-damage|p1a: Basculegion|54\/100\n|move|p1a: Basculegion|Last Respects|p2a: Walking Wake\n|-damage|p2a: Walking Wake|0 fnt\n|faint|p2a: Walking Wake\n|-end|p2a: Walking Wake|Protosynthesis|[silent]\n|\n|win|RubenPaCe\n|c|\u2606RubenPaCe|gg\n|c|\u2606FrostyRandom02|gg\n|l|\u2606FrostyRandom02\n","uploadtime":1698430845,"views":16,"p1id":"rubenpace","p2id":"frostyrandom02","formatid":"gen9ubers","rating":0,"private":0,"password":""}