{"id":"gen9ubers-1993582803","p1":"ThePuzzler13","p2":"chriscanway","format":"[Gen 9] Ubers","log":"|j|\u2606ThePuzzler13\n|j|\u2606chriscanway\n|t:|1700334252\n|gametype|singles\n|player|p1|ThePuzzler13|102|\n|player|p2|chriscanway|ethan|\n|teamsize|p1|6\n|teamsize|p2|6\n|gen|9\n|tier|[Gen 9] Ubers\n|rule|Sleep Clause Mod: Limit one foe put to sleep\n|rule|Species Clause: Limit one of each Pok\u00e9mon\n|rule|OHKO Clause: OHKO moves are banned\n|rule|Evasion Items Clause: Evasion items are banned\n|rule|Evasion Moves Clause: Evasion moves are banned\n|rule|Endless Battle Clause: Forcing endless battles is banned\n|rule|HP Percentage Mod: HP is shown in percentages\n|clearpoke\n|poke|p1|Masquerain, F|\n|poke|p1|Arceus-Ice|\n|poke|p1|Gholdengo|\n|poke|p1|Palafin, F|\n|poke|p1|Chi-Yu|\n|poke|p1|Zamazenta-*|\n|poke|p2|Hippowdon, F|\n|poke|p2|Magearna|\n|poke|p2|Houndstone, M|\n|poke|p2|Amoonguss, M|\n|poke|p2|Garganacl, F|\n|poke|p2|Tornadus-Therian, M|\n|teampreview\n|inactive|Battle timer is ON: inactive players will automatically lose when time's up. (requested by ThePuzzler13)\n|c|\u2606ThePuzzler13|Good luck and have fun\n|\n|t:|1700334272\n|start\n|switch|p1a: Masquerain|Masquerain, F|100\/100\n|switch|p2a: Hippowdon|Hippowdon, F|100\/100\n|-ability|p1a: Masquerain|Intimidate|boost\n|-unboost|p2a: Hippowdon|atk|1\n|-weather|Sandstorm|[from] ability: Sand Stream|[of] p2a: Hippowdon\n|turn|1\n|\n|t:|1700334282\n|move|p1a: Masquerain|Sticky Web|p2a: Hippowdon\n|-sidestart|p2: chriscanway|move: Sticky Web\n|move|p2a: Hippowdon|Stealth Rock|p1a: Masquerain\n|-sidestart|p1: ThePuzzler13|move: Stealth Rock\n|\n|-weather|Sandstorm|[upkeep]\n|-damage|p1a: Masquerain|94\/100|[from] Sandstorm\n|upkeep\n|turn|2\n|\n|t:|1700334287\n|move|p1a: Masquerain|Stun Spore|p2a: Hippowdon\n|-status|p2a: Hippowdon|par\n|move|p2a: Hippowdon|Whirlwind|p1a: Masquerain\n|drag|p1a: Chi-Yu|Chi-Yu|100\/100\n|-damage|p1a: Chi-Yu|76\/100|[from] Stealth Rock\n|-ability|p1a: Chi-Yu|Beads of Ruin\n|\n|-weather|Sandstorm|[upkeep]\n|-damage|p1a: Chi-Yu|70\/100|[from] Sandstorm\n|upkeep\n|turn|3\n|\n|t:|1700334295\n|switch|p1a: Palafin|Palafin, F|100\/100\n|-damage|p1a: Palafin|88\/100|[from] Stealth Rock\n|move|p2a: Hippowdon|Earthquake|p1a: Palafin\n|-damage|p1a: Palafin|57\/100\n|\n|-weather|Sandstorm|[upkeep]\n|-damage|p1a: Palafin|50\/100|[from] Sandstorm\n|upkeep\n|turn|4\n|\n|t:|1700334316\n|move|p1a: Palafin|Flip Turn|p2a: Hippowdon\n|-supereffective|p2a: Hippowdon\n|-damage|p2a: Hippowdon|62\/100 par\n|\n|t:|1700334321\n|detailschange|p1a: Palafin|Palafin-Hero, F\n|switch|p1a: Arceus|Arceus-Ice|100\/100|[from] Flip Turn\n|-damage|p1a: Arceus|76\/100|[from] Stealth Rock\n|move|p2a: Hippowdon|Whirlwind|p1a: Arceus\n|drag|p1a: Gholdengo|Gholdengo|100\/100\n|-damage|p1a: Gholdengo|94\/100|[from] Stealth Rock\n|\n|-weather|Sandstorm|[upkeep]\n|upkeep\n|turn|5\n|\n|t:|1700334335\n|move|p1a: Gholdengo|Trick|p2a: Hippowdon\n|-activate|p1a: Gholdengo|move: Trick|[of] p2a: Hippowdon\n|-item|p2a: Hippowdon|Choice Scarf|[from] move: Trick\n|-item|p1a: Gholdengo|Heavy-Duty Boots|[from] move: Trick\n|move|p2a: Hippowdon|Earthquake|p1a: Gholdengo\n|-supereffective|p1a: Gholdengo\n|-damage|p1a: Gholdengo|35\/100\n|\n|-weather|none\n|upkeep\n|turn|6\n|\n|t:|1700334346\n|switch|p1a: Masquerain|Masquerain, F|94\/100\n|-damage|p1a: Masquerain|44\/100|[from] Stealth Rock\n|-ability|p1a: Masquerain|Intimidate|boost\n|-unboost|p2a: Hippowdon|atk|1\n|cant|p2a: Hippowdon|par\n|\n|upkeep\n|turn|7\n|\n|t:|1700334355\n|switch|p2a: Tornadus|Tornadus-Therian, M|100\/100\n|move|p1a: Masquerain|Bug Buzz|p2a: Tornadus\n|-resisted|p2a: Tornadus\n|-damage|p2a: Tornadus|86\/100\n|\n|upkeep\n|turn|8\n|\n|t:|1700334361\n|move|p2a: Tornadus|Bleakwind Storm|p1a: Masquerain\n|-supereffective|p1a: Masquerain\n|-damage|p1a: Masquerain|0 fnt\n|faint|p1a: Masquerain\n|\n|upkeep\n|\n|t:|1700334367\n|switch|p1a: Arceus|Arceus-Ice|76\/100\n|-damage|p1a: Arceus|51\/100|[from] Stealth Rock\n|turn|9\n|\n|t:|1700334373\n|move|p2a: Tornadus|U-turn|p1a: Arceus\n|-damage|p1a: Arceus|40\/100\n|\n|t:|1700334377\n|switch|p2a: Garganacl|Garganacl, F|100\/100|[from] U-turn\n|move|p1a: Arceus|Recover|p1a: Arceus\n|-heal|p1a: Arceus|90\/100\n|\n|upkeep\n|turn|10\n|\n|t:|1700334383\n|move|p1a: Arceus|Calm Mind|p1a: Arceus\n|-boost|p1a: Arceus|spa|1\n|-boost|p1a: Arceus|spd|1\n|move|p2a: Garganacl|Salt Cure|p1a: Arceus\n|-supereffective|p1a: Arceus\n|-damage|p1a: Arceus|69\/100\n|-start|p1a: Arceus|Salt Cure\n|\n|-damage|p1a: Arceus|56\/100|[from] Salt Cure\n|upkeep\n|turn|11\n|\n|t:|1700334392\n|move|p1a: Arceus|Calm Mind|p1a: Arceus\n|-boost|p1a: Arceus|spa|1\n|-boost|p1a: Arceus|spd|1\n|move|p2a: Garganacl|Salt Cure|p1a: Arceus\n|-supereffective|p1a: Arceus\n|-damage|p1a: Arceus|34\/100\n|\n|-damage|p1a: Arceus|22\/100|[from] Salt Cure\n|upkeep\n|turn|12\n|\n|t:|1700334406\n|move|p1a: Arceus|Recover|p1a: Arceus\n|-heal|p1a: Arceus|72\/100\n|move|p2a: Garganacl|Salt Cure|p1a: Arceus\n|-supereffective|p1a: Arceus\n|-damage|p1a: Arceus|49\/100\n|\n|-damage|p1a: Arceus|37\/100|[from] Salt Cure\n|upkeep\n|turn|13\n|\n|t:|1700334428\n|move|p1a: Arceus|Thunderbolt|p2a: Garganacl\n|-damage|p2a: Garganacl|61\/100\n|move|p2a: Garganacl|Salt Cure|p1a: Arceus\n|-supereffective|p1a: Arceus\n|-damage|p1a: Arceus|18\/100\n|\n|-damage|p1a: Arceus|5\/100|[from] Salt Cure\n|upkeep\n|turn|14\n|\n|t:|1700334433\n|move|p1a: Arceus|Recover|p1a: Arceus\n|-heal|p1a: Arceus|55\/100\n|move|p2a: Garganacl|Salt Cure|p1a: Arceus\n|-supereffective|p1a: Arceus\n|-damage|p1a: Arceus|35\/100\n|\n|-damage|p1a: Arceus|22\/100|[from] Salt Cure\n|upkeep\n|turn|15\n|\n|t:|1700334437\n|move|p1a: Arceus|Recover|p1a: Arceus\n|-heal|p1a: Arceus|72\/100\n|move|p2a: Garganacl|Salt Cure|p1a: Arceus\n|-supereffective|p1a: Arceus\n|-damage|p1a: Arceus|50\/100\n|\n|-damage|p1a: Arceus|37\/100|[from] Salt Cure\n|upkeep\n|turn|16\n|\n|t:|1700334443\n|move|p1a: Arceus|Thunderbolt|p2a: Garganacl\n|-damage|p2a: Garganacl|15\/100\n|move|p2a: Garganacl|Salt Cure|p1a: Arceus\n|-supereffective|p1a: Arceus\n|-damage|p1a: Arceus|18\/100\n|\n|-damage|p1a: Arceus|6\/100|[from] Salt Cure\n|upkeep\n|turn|17\n|\n|t:|1700334451\n|move|p1a: Arceus|Recover|p1a: Arceus\n|-heal|p1a: Arceus|56\/100\n|move|p2a: Garganacl|Recover|p2a: Garganacl\n|-heal|p2a: Garganacl|65\/100\n|\n|-damage|p1a: Arceus|43\/100|[from] Salt Cure\n|upkeep\n|turn|18\n|\n|t:|1700334456\n|move|p1a: Arceus|Thunderbolt|p2a: Garganacl\n|-damage|p2a: Garganacl|26\/100\n|move|p2a: Garganacl|Salt Cure|p1a: Arceus\n|-supereffective|p1a: Arceus\n|-damage|p1a: Arceus|22\/100\n|\n|-damage|p1a: Arceus|10\/100|[from] Salt Cure\n|upkeep\n|turn|19\n|\n|t:|1700334462\n|move|p1a: Arceus|Thunderbolt|p2a: Garganacl\n|-damage|p2a: Garganacl|0 fnt\n|faint|p2a: Garganacl\n|\n|-damage|p1a: Arceus|0 fnt|[from] Salt Cure\n|faint|p1a: Arceus\n|upkeep\n|\n|t:|1700334485\n|switch|p1a: Palafin|Palafin-Hero, F|50\/100\n|switch|p2a: Tornadus|Tornadus-Therian, M|100\/100\n|-damage|p1a: Palafin|38\/100|[from] Stealth Rock\n|-activate|p1a: Palafin|ability: Zero to Hero\n|turn|20\n|\n|t:|1700334506\n|move|p2a: Tornadus|Knock Off|p1a: Palafin\n|-damage|p1a: Palafin|19\/100\n|-enditem|p1a: Palafin|Choice Band|[from] move: Knock Off|[of] p2a: Tornadus\n|move|p1a: Palafin|Wave Crash|p2a: Tornadus\n|-damage|p2a: Tornadus|17\/100\n|-damage|p1a: Palafin|0 fnt|[from] Recoil\n|faint|p1a: Palafin\n|\n|upkeep\n|\n|t:|1700334514\n|switch|p1a: Chi-Yu|Chi-Yu|70\/100\n|-damage|p1a: Chi-Yu|45\/100|[from] Stealth Rock\n|-ability|p1a: Chi-Yu|Beads of Ruin\n|turn|21\n|\n|t:|1700334520\n|move|p2a: Tornadus|Bleakwind Storm|p1a: Chi-Yu\n|-damage|p1a: Chi-Yu|0 fnt\n|faint|p1a: Chi-Yu\n|\n|upkeep\n|\n|t:|1700334523\n|switch|p1a: Gholdengo|Gholdengo|35\/100\n|turn|22\n|\n|t:|1700334537\n|move|p2a: Tornadus|Knock Off|p1a: Gholdengo\n|-supereffective|p1a: Gholdengo\n|-damage|p1a: Gholdengo|0 fnt\n|-enditem|p1a: Gholdengo|Heavy-Duty Boots|[from] move: Knock Off|[of] p2a: Tornadus\n|faint|p1a: Gholdengo\n|\n|upkeep\n|\n|t:|1700334538\n|switch|p1a: Zamazenta|Zamazenta-Crowned|100\/100\n|-damage|p1a: Zamazenta|97\/100|[from] Stealth Rock\n|-ability|p1a: Zamazenta|Dauntless Shield|boost\n|-boost|p1a: Zamazenta|def|1\n|turn|23\n|\n|t:|1700334554\n|move|p2a: Tornadus|Icy Wind|p1a: Zamazenta\n|-resisted|p1a: Zamazenta\n|-damage|p1a: Zamazenta|93\/100\n|-unboost|p1a: Zamazenta|spe|1\n|move|p1a: Zamazenta|Substitute|p1a: Zamazenta\n|-start|p1a: Zamazenta|Substitute\n|-damage|p1a: Zamazenta|68\/100\n|\n|upkeep\n|turn|24\n|\n|t:|1700334560\n|move|p2a: Tornadus|Bleakwind Storm|p1a: Zamazenta\n|-activate|p1a: Zamazenta|move: Substitute|[damage]\n|move|p1a: Zamazenta|Iron Defense|p1a: Zamazenta\n|-boost|p1a: Zamazenta|def|2\n|\n|upkeep\n|turn|25\n|\n|t:|1700334565\n|move|p2a: Tornadus|Bleakwind Storm|p1a: Zamazenta\n|-end|p1a: Zamazenta|Substitute\n|move|p1a: Zamazenta|Iron Defense|p1a: Zamazenta\n|-boost|p1a: Zamazenta|def|2\n|\n|upkeep\n|turn|26\n|\n|t:|1700334574\n|move|p2a: Tornadus|Icy Wind|p1a: Zamazenta\n|-resisted|p1a: Zamazenta\n|-damage|p1a: Zamazenta|63\/100\n|-unboost|p1a: Zamazenta|spe|1\n|move|p1a: Zamazenta|Crunch|p2a: Tornadus\n|-damage|p2a: Tornadus|0 fnt\n|faint|p2a: Tornadus\n|\n|upkeep\n|\n|t:|1700334586\n|switch|p2a: Magearna|Magearna|100\/100\n|turn|27\n|\n|t:|1700334592\n|move|p2a: Magearna|Fleur Cannon|p1a: Zamazenta\n|-damage|p1a: Zamazenta|29\/100\n|-unboost|p2a: Magearna|spa|2\n|move|p1a: Zamazenta|Body Press|p2a: Magearna\n|-damage|p2a: Magearna|0 fnt\n|faint|p2a: Magearna\n|\n|upkeep\n|\n|t:|1700334600\n|switch|p2a: Amoonguss|Amoonguss, M|100\/100\n|turn|28\n|\n|t:|1700334603\n|move|p1a: Zamazenta|Body Press|p2a: Amoonguss\n|-resisted|p2a: Amoonguss\n|-damage|p2a: Amoonguss|45\/100\n|move|p2a: Amoonguss|Spore|p1a: Zamazenta\n|-status|p1a: Zamazenta|slp|[from] move: Spore\n|\n|upkeep\n|turn|29\n|\n|t:|1700334611\n|cant|p1a: Zamazenta|slp\n|move|p2a: Amoonguss|Foul Play|p1a: Zamazenta\n|-resisted|p1a: Zamazenta\n|-crit|p1a: Zamazenta\n|-damage|p1a: Zamazenta|19\/100 slp\n|\n|upkeep\n|turn|30\n|\n|t:|1700334615\n|cant|p1a: Zamazenta|slp\n|move|p2a: Amoonguss|Foul Play|p1a: Zamazenta\n|-resisted|p1a: Zamazenta\n|-damage|p1a: Zamazenta|18\/100 slp\n|\n|upkeep\n|turn|31\n|\n|t:|1700334619\n|-curestatus|p1a: Zamazenta|slp|[msg]\n|move|p1a: Zamazenta|Body Press|p2a: Amoonguss\n|-resisted|p2a: Amoonguss\n|-damage|p2a: Amoonguss|0 fnt\n|faint|p2a: Amoonguss\n|\n|upkeep\n|\n|t:|1700334621\n|switch|p2a: Hippowdon|Hippowdon, F|62\/100 par\n|-activate|p2a: Hippowdon|move: Sticky Web\n|-unboost|p2a: Hippowdon|spe|1\n|-weather|Sandstorm|[from] ability: Sand Stream|[of] p2a: Hippowdon\n|turn|32\n|\n|t:|1700334628\n|move|p1a: Zamazenta|Body Press|p2a: Hippowdon\n|-damage|p2a: Hippowdon|0 fnt\n|faint|p2a: Hippowdon\n|\n|-weather|Sandstorm|[upkeep]\n|upkeep\n|\n|t:|1700334630\n|switch|p2a: Houndstone|Houndstone, M|100\/100\n|turn|33\n|\n|t:|1700334634\n|move|p2a: Houndstone|Last Respects|p1a: Zamazenta\n|-damage|p1a: Zamazenta|0 fnt\n|faint|p1a: Zamazenta\n|\n|win|chriscanway\n|c|\u2606ThePuzzler13|gg\n|c|\u2606chriscanway|gg\n|c|\u2606ThePuzzler13|you have the replay?\n","uploadtime":1700334648,"views":13,"p1id":"thepuzzler13","p2id":"chriscanway","formatid":"gen9ubers","rating":0,"private":0,"password":""}