{"id":"gen9ubers-1971378612","p1":"MUIGESUS","p2":"gadiel vv","format":"[Gen 9] Ubers","log":"|j|\u2606MUIGESUS\n|j|\u2606gadiel vv\n|t:|1697733829\n|gametype|singles\n|player|p1|MUIGESUS|lance|1000\n|player|p2|gadiel vv|102|1128\n|teamsize|p1|6\n|teamsize|p2|6\n|gen|9\n|tier|[Gen 9] Ubers\n|rated|\n|rule|Sleep Clause Mod: Limit one foe put to sleep\n|rule|Species Clause: Limit one of each Pok\u00e9mon\n|rule|OHKO Clause: OHKO moves are banned\n|rule|Evasion Items Clause: Evasion items are banned\n|rule|Evasion Moves Clause: Evasion moves are banned\n|rule|Endless Battle Clause: Forcing endless battles is banned\n|rule|HP Percentage Mod: HP is shown in percentages\n|clearpoke\n|poke|p1|Arceus-Steel|\n|poke|p1|Calyrex-Ice|\n|poke|p1|Chi-Yu|\n|poke|p1|Iron Bundle|\n|poke|p1|Zacian-*|\n|poke|p1|Landorus, M|\n|poke|p2|Espathra, M|\n|poke|p2|Regieleki|\n|poke|p2|Snorlax, F|\n|poke|p2|Zacian-*|\n|poke|p2|Kingambit, M|\n|poke|p2|Ribombee, F|\n|teampreview\n|\n|t:|1697733841\n|start\n|switch|p1a: Chi-Yu|Chi-Yu|100\/100\n|switch|p2a: Ribombee|Ribombee, F|100\/100\n|-ability|p1a: Chi-Yu|Beads of Ruin\n|turn|1\n|\n|t:|1697733852\n|move|p1a: Chi-Yu|Fire Blast|p2a: Ribombee\n|-supereffective|p2a: Ribombee\n|-enditem|p2a: Ribombee|Focus Sash\n|-damage|p2a: Ribombee|1\/100\n|move|p2a: Ribombee|Sticky Web|p1a: Chi-Yu\n|-sidestart|p1: MUIGESUS|move: Sticky Web\n|\n|upkeep\n|turn|2\n|inactive|Battle timer is ON: inactive players will automatically lose when time's up. (requested by gadiel vv)\n|\n|t:|1697733860\n|move|p1a: Chi-Yu|Fire Blast|p2a: Ribombee\n|-supereffective|p2a: Ribombee\n|-damage|p2a: Ribombee|0 fnt\n|faint|p2a: Ribombee\n|\n|upkeep\n|\n|t:|1697733865\n|switch|p2a: Snorlax|Snorlax, F|100\/100\n|turn|3\n|\n|t:|1697733872\n|move|p1a: Chi-Yu|Fire Blast|p2a: Snorlax|[miss]\n|-miss|p1a: Chi-Yu|p2a: Snorlax\n|move|p2a: Snorlax|Belly Drum|p2a: Snorlax\n|-damage|p2a: Snorlax|50\/100\n|-setboost|p2a: Snorlax|atk|6|[from] move: Belly Drum\n|-enditem|p2a: Snorlax|Aguav Berry|[eat]\n|-heal|p2a: Snorlax|84\/100|[from] item: Aguav Berry\n|\n|upkeep\n|turn|4\n|\n|t:|1697733882\n|move|p1a: Chi-Yu|Fire Blast|p2a: Snorlax|[miss]\n|-miss|p1a: Chi-Yu|p2a: Snorlax\n|move|p2a: Snorlax|Earthquake|p1a: Chi-Yu\n|-supereffective|p1a: Chi-Yu\n|-damage|p1a: Chi-Yu|0 fnt\n|faint|p1a: Chi-Yu\n|\n|upkeep\n|\n|t:|1697733904\n|switch|p1a: Calyrex|Calyrex-Ice|100\/100\n|-ability|p1a: Calyrex|As One\n|-ability|p1a: Calyrex|Unnerve\n|-activate|p1a: Calyrex|move: Sticky Web\n|-unboost|p1a: Calyrex|spe|1\n|turn|5\n|\n|t:|1697733919\n|move|p1a: Calyrex|Glacial Lance|p2a: Snorlax\n|-damage|p2a: Snorlax|28\/100\n|move|p2a: Snorlax|Counter|p1a: Calyrex\n|-damage|p1a: Calyrex|0 fnt\n|faint|p1a: Calyrex\n|\n|upkeep\n|inactive|MUIGESUS has 120 seconds left.\n|\n|t:|1697733937\n|switch|p1a: Iron Bundle|Iron Bundle|100\/100\n|turn|6\n|inactive|MUIGESUS has 120 seconds left.\n|\n|t:|1697733945\n|move|p1a: Iron Bundle|Hydro Pump|p2a: Snorlax\n|-damage|p2a: Snorlax|0 fnt\n|faint|p2a: Snorlax\n|\n|upkeep\n|\n|t:|1697733949\n|switch|p2a: Regieleki|Regieleki|100\/100\n|turn|7\n|\n|t:|1697733960\n|move|p2a: Regieleki|Tera Blast|p1a: Iron Bundle\n|-damage|p1a: Iron Bundle|52\/100\n|move|p1a: Iron Bundle|Freeze-Dry|p2a: Regieleki\n|-damage|p2a: Regieleki|27\/100\n|\n|upkeep\n|turn|8\n|\n|t:|1697733972\n|switch|p2a: Zacian|Zacian-Crowned|100\/100\n|-ability|p2a: Zacian|Intrepid Sword|boost\n|-boost|p2a: Zacian|atk|1\n|move|p1a: Iron Bundle|Freeze-Dry|p2a: Zacian\n|-resisted|p2a: Zacian\n|-damage|p2a: Zacian|85\/100\n|\n|upkeep\n|turn|9\n|inactive|MUIGESUS has 120 seconds left.\n|\n|t:|1697733991\n|move|p2a: Zacian|Close Combat|p1a: Iron Bundle\n|-supereffective|p1a: Iron Bundle\n|-damage|p1a: Iron Bundle|0 fnt\n|-unboost|p2a: Zacian|def|1\n|-unboost|p2a: Zacian|spd|1\n|faint|p1a: Iron Bundle\n|-end|p1a: Iron Bundle|Quark Drive|[silent]\n|\n|upkeep\n|inactive|MUIGESUS has 120 seconds left.\n|\n|t:|1697734003\n|switch|p1a: Arceus|Arceus-Steel|100\/100\n|-activate|p1a: Arceus|move: Sticky Web\n|-unboost|p1a: Arceus|spe|1\n|turn|10\n|inactive|MUIGESUS has 120 seconds left.\n|\n|t:|1697734018\n|move|p2a: Zacian|Close Combat|p1a: Arceus\n|-supereffective|p1a: Arceus\n|-damage|p1a: Arceus|7\/100\n|-unboost|p2a: Zacian|def|1\n|-unboost|p2a: Zacian|spd|1\n|move|p1a: Arceus|Judgment|p2a: Zacian\n|-damage|p2a: Zacian|0 fnt\n|faint|p2a: Zacian\n|\n|upkeep\n|\n|t:|1697734028\n|switch|p2a: Regieleki|Regieleki|27\/100\n|turn|11\n|\n|t:|1697734034\n|move|p2a: Regieleki|Volt Switch|p1a: Arceus\n|-damage|p1a: Arceus|0 fnt\n|faint|p1a: Arceus\n|\n|t:|1697734038\n|switch|p2a: Espathra|Espathra, M|100\/100|[from] Volt Switch\n|\n|upkeep\n|\n|t:|1697734046\n|switch|p1a: Landorus|Landorus, M|100\/100\n|turn|12\n|\n|t:|1697734057\n|move|p1a: Landorus|Earth Power|p2a: Espathra\n|-damage|p2a: Espathra|0 fnt\n|faint|p2a: Espathra\n|\n|upkeep\n|\n|t:|1697734061\n|switch|p2a: Regieleki|Regieleki|27\/100\n|turn|13\n|\n|t:|1697734066\n|move|p2a: Regieleki|Tera Blast|p1a: Landorus\n|-damage|p1a: Landorus|69\/100\n|move|p1a: Landorus|Focus Blast|p2a: Regieleki\n|-damage|p2a: Regieleki|0 fnt\n|faint|p2a: Regieleki\n|\n|upkeep\n|\n|t:|1697734077\n|switch|p2a: Kingambit|Kingambit, M|100\/100\n|-activate|p2a: Kingambit|ability: Supreme Overlord\n|-start|p2a: Kingambit|fallen5|[silent]\n|turn|14\n|\n|t:|1697734095\n|-terastallize|p2a: Kingambit|Dark\n|move|p1a: Landorus|Focus Blast|p2a: Kingambit\n|-supereffective|p2a: Kingambit\n|-damage|p2a: Kingambit|0 fnt\n|faint|p2a: Kingambit\n|-end|p2a: Kingambit|fallen5|[silent]\n|\n|win|MUIGESUS\n|raw|MUIGESUS's rating: 1000 &rarr; <strong>1054<\/strong><br \/>(+54 for winning)\n|raw|gadiel vv's rating: 1128 &rarr; <strong>1094<\/strong><br \/>(-34 for losing)\n|l|\u2606gadiel vv\n","uploadtime":1697734105,"views":11,"p1id":"muigesus","p2id":"gadielvv","formatid":"gen9ubers","rating":1054,"private":0,"password":""}