{"id":"gen9ubers-1994899342","p1":"skrattywithdafatty","p2":"Tinkisgaming","format":"[Gen 9] Ubers","log":"|j|\u2606skrattywithdafatty\n|j|\u2606Tinkisgaming\n|t:|1700502890\n|gametype|singles\n|player|p1|skrattywithdafatty|fisherman-gen4|\n|player|p2|Tinkisgaming|ghetsis|\n|teamsize|p1|6\n|teamsize|p2|6\n|gen|9\n|tier|[Gen 9] Ubers\n|rule|Sleep Clause Mod: Limit one foe put to sleep\n|rule|Species Clause: Limit one of each Pok\u00e9mon\n|rule|OHKO Clause: OHKO moves are banned\n|rule|Evasion Items Clause: Evasion items are banned\n|rule|Evasion Moves Clause: Evasion moves are banned\n|rule|Endless Battle Clause: Forcing endless battles is banned\n|rule|HP Percentage Mod: HP is shown in percentages\n|clearpoke\n|poke|p1|Weavile, M|\n|poke|p1|Tatsugiri, F|\n|poke|p1|Polteageist-Antique|\n|poke|p1|Ursaluna, F|\n|poke|p1|Volcanion|\n|poke|p1|Zapdos|\n|poke|p2|Iron Moth|\n|poke|p2|Glimmora, F|\n|poke|p2|Scream Tail|\n|poke|p2|Ogerpon-Wellspring, F|\n|poke|p2|Spiritomb, F|\n|poke|p2|Breloom, F|\n|teampreview\n|j| butter dk\n|c|\u2606Tinkisgaming|good luck\n|c|\u2606skrattywithdafatty|glhf\n|\n|t:|1700502946\n|start\n|switch|p1a: Ursaluna|Ursaluna, F|100\/100\n|switch|p2a: blub|Glimmora, F|100\/100\n|turn|1\n|\n|t:|1700502958\n|move|p2a: blub|Stealth Rock|p1a: Ursaluna\n|-sidestart|p1: skrattywithdafatty|move: Stealth Rock\n|move|p1a: Ursaluna|Trailblaze|p2a: blub\n|-damage|p2a: blub|78\/100\n|-boost|p1a: Ursaluna|spe|1\n|-activate|p2a: blub|ability: Toxic Debris\n|-sidestart|p1: skrattywithdafatty|move: Toxic Spikes\n|\n|-status|p1a: Ursaluna|brn|[from] item: Flame Orb\n|upkeep\n|turn|2\n|\n|t:|1700503024\n|switch|p2a: bonk!!!|Ogerpon-Wellspring, F|100\/100\n|move|p1a: Ursaluna|Heavy Slam|p2a: bonk!!!\n|-resisted|p2a: bonk!!!\n|-damage|p2a: bonk!!!|57\/100\n|\n|-damage|p1a: Ursaluna|94\/100 brn|[from] brn\n|upkeep\n|turn|3\n|\n|t:|1700503047\n|switch|p1a: Volcanion|Volcanion|100\/100\n|-damage|p1a: Volcanion|75\/100|[from] Stealth Rock\n|-status|p1a: Volcanion|psn\n|move|p2a: bonk!!!|Ivy Cudgel|p1a: Volcanion|[anim] Ivy Cudgel Water\n|-heal|p1a: Volcanion|100\/100 psn|[from] ability: Water Absorb|[of] p2a: bonk!!!\n|\n|-damage|p1a: Volcanion|88\/100 psn|[from] psn\n|upkeep\n|turn|4\n|\n|t:|1700503057\n|move|p2a: bonk!!!|U-turn|p1a: Volcanion\n|-resisted|p1a: Volcanion\n|-damage|p1a: Volcanion|77\/100 psn\n|\n|t:|1700503070\n|switch|p2a: AHHHHHHH|Scream Tail|100\/100|[from] U-turn\n|move|p1a: Volcanion|Steam Eruption|p2a: AHHHHHHH\n|-damage|p2a: AHHHHHHH|46\/100\n|\n|-heal|p2a: AHHHHHHH|52\/100|[from] item: Leftovers\n|-heal|p1a: Volcanion|83\/100 psn|[from] item: Leftovers\n|-damage|p1a: Volcanion|71\/100 psn|[from] psn\n|upkeep\n|turn|5\n|\n|t:|1700503104\n|-end|p2a: AHHHHHHH|Protosynthesis|[silent]\n|switch|p2a: spooky|Spiritomb, F|100\/100\n|move|p1a: Volcanion|Steam Eruption|p2a: spooky\n|-damage|p2a: spooky|29\/100\n|-status|p2a: spooky|brn\n|\n|-heal|p1a: Volcanion|77\/100 psn|[from] item: Leftovers\n|-damage|p1a: Volcanion|65\/100 psn|[from] psn\n|-damage|p2a: spooky|23\/100 brn|[from] brn\n|upkeep\n|turn|6\n|\n|t:|1700503123\n|switch|p1a: Tatsugiri|Tatsugiri, F|100\/100\n|-damage|p1a: Tatsugiri|88\/100|[from] Stealth Rock\n|-status|p1a: Tatsugiri|psn\n|move|p2a: spooky|Poltergeist|p1a: Tatsugiri\n|-activate|p1a: Tatsugiri|move: Poltergeist|Choice Scarf\n|-damage|p1a: Tatsugiri|38\/100 psn\n|\n|-damage|p1a: Tatsugiri|26\/100 psn|[from] psn\n|-damage|p2a: spooky|17\/100 brn|[from] brn\n|upkeep\n|turn|7\n|\n|t:|1700503139\n|move|p2a: spooky|Sucker Punch|p1a: Tatsugiri\n|-damage|p1a: Tatsugiri|0 fnt\n|faint|p1a: Tatsugiri\n|\n|-damage|p2a: spooky|10\/100 brn|[from] brn\n|upkeep\n|\n|t:|1700503144\n|switch|p1a: Ursaluna|Ursaluna, F|94\/100 brn\n|-damage|p1a: Ursaluna|88\/100 brn|[from] Stealth Rock\n|turn|8\n|\n|t:|1700503152\n|switch|p2a: bonk!!!|Ogerpon-Wellspring, F|57\/100\n|move|p1a: Ursaluna|Trailblaze|p2a: bonk!!!\n|-damage|p2a: bonk!!!|19\/100\n|-boost|p1a: Ursaluna|spe|1\n|\n|-damage|p1a: Ursaluna|82\/100 brn|[from] brn\n|upkeep\n|turn|9\n|\n|t:|1700503205\n|switch|p1a: Volcanion|Volcanion|65\/100 psn\n|-damage|p1a: Volcanion|40\/100 psn|[from] Stealth Rock\n|move|p2a: bonk!!!|Ivy Cudgel|p1a: Volcanion|[anim] Ivy Cudgel Water\n|-heal|p1a: Volcanion|65\/100 psn|[from] ability: Water Absorb|[of] p2a: bonk!!!\n|\n|-heal|p1a: Volcanion|71\/100 psn|[from] item: Leftovers\n|-damage|p1a: Volcanion|58\/100 psn|[from] psn\n|upkeep\n|turn|10\n|\n|t:|1700503235\n|switch|p2a: AHHHHHHH|Scream Tail|52\/100\n|move|p1a: Volcanion|Fire Blast|p2a: AHHHHHHH\n|-damage|p2a: AHHHHHHH|2\/100\n|\n|-heal|p2a: AHHHHHHH|8\/100|[from] item: Leftovers\n|-heal|p1a: Volcanion|65\/100 psn|[from] item: Leftovers\n|-damage|p1a: Volcanion|52\/100 psn|[from] psn\n|upkeep\n|turn|11\n|\n|t:|1700503244\n|move|p2a: AHHHHHHH|Encore|p1a: Volcanion\n|-start|p1a: Volcanion|Encore\n|move|p1a: Volcanion|Fire Blast|p2a: AHHHHHHH\n|-damage|p2a: AHHHHHHH|0 fnt\n|faint|p2a: AHHHHHHH\n|-end|p2a: AHHHHHHH|Protosynthesis|[silent]\n|\n|-heal|p1a: Volcanion|58\/100 psn|[from] item: Leftovers\n|-damage|p1a: Volcanion|46\/100 psn|[from] psn\n|upkeep\n|\n|t:|1700503251\n|switch|p2a: mothron|Iron Moth|100\/100\n|-enditem|p2a: mothron|Booster Energy\n|-activate|p2a: mothron|ability: Quark Drive|[fromitem]\n|-start|p2a: mothron|quarkdrivespa\n|turn|12\n|\n|t:|1700503285\n|move|p2a: mothron|Sludge Wave|p1a: Volcanion\n|-damage|p1a: Volcanion|0 fnt\n|faint|p1a: Volcanion\n|\n|upkeep\n|\n|t:|1700503289\n|switch|p1a: Ursaluna|Ursaluna, F|82\/100 brn\n|-damage|p1a: Ursaluna|76\/100 brn|[from] Stealth Rock\n|turn|13\n|\n|t:|1700503299\n|move|p2a: mothron|Energy Ball|p1a: Ursaluna\n|-supereffective|p1a: Ursaluna\n|-damage|p1a: Ursaluna|0 fnt\n|faint|p1a: Ursaluna\n|\n|upkeep\n|\n|t:|1700503307\n|switch|p1a: Zapdos|Zapdos|100\/100\n|turn|14\n|\n|t:|1700503325\n|move|p2a: mothron|Fiery Dance|p1a: Zapdos\n|-damage|p1a: Zapdos|22\/100\n|-boost|p2a: mothron|spa|1\n|move|p1a: Zapdos|Hurricane|p2a: mothron|[miss]\n|-miss|p1a: Zapdos|p2a: mothron\n|\n|upkeep\n|turn|15\n|\n|t:|1700503333\n|move|p2a: mothron|Sludge Wave|p1a: Zapdos\n|-damage|p1a: Zapdos|0 fnt\n|faint|p1a: Zapdos\n|\n|upkeep\n|\n|t:|1700503335\n|switch|p1a: Polteageist|Polteageist-Antique|100\/100\n|-damage|p1a: Polteageist|88\/100|[from] Stealth Rock\n|-status|p1a: Polteageist|psn\n|turn|16\n|\n|t:|1700503340\n|move|p2a: mothron|Fiery Dance|p1a: Polteageist\n|-damage|p1a: Polteageist|0 fnt\n|faint|p1a: Polteageist\n|\n|upkeep\n|\n|t:|1700503343\n|switch|p1a: Weavile|Weavile, M|100\/100\n|-damage|p1a: Weavile|76\/100|[from] Stealth Rock\n|-status|p1a: Weavile|psn\n|turn|17\n|\n|t:|1700503350\n|move|p1a: Weavile|X-Scissor|p2a: mothron\n|-resisted|p2a: mothron\n|-damage|p2a: mothron|81\/100\n|move|p2a: mothron|Fiery Dance|p1a: Weavile\n|-supereffective|p1a: Weavile\n|-damage|p1a: Weavile|0 fnt\n|faint|p1a: Weavile\n|\n|win|Tinkisgaming\n|c|\u2606skrattywithdafatty|gg\n|c|\u2606Tinkisgaming|gg\n|l|\u2606skrattywithdafatty\n","uploadtime":1700503365,"views":16,"p1id":"skrattywithdafatty","p2id":"tinkisgaming","formatid":"gen9ubers","rating":0,"private":0,"password":""}