{"id":"gen9ubers-1980501382","p1":"sacktheavenger","p2":"theyummybagel","format":"[Gen 9] Ubers","log":"|j|\u2606sacktheavenger\n|j|\u2606theyummybagel\n|t:|1698791045\n|gametype|singles\n|player|p1|sacktheavenger|n|\n|player|p2|theyummybagel|#scl3breakers|\n|teamsize|p1|6\n|teamsize|p2|6\n|gen|9\n|tier|[Gen 9] Ubers\n|rule|Sleep Clause Mod: Limit one foe put to sleep\n|rule|Species Clause: Limit one of each Pok\u00e9mon\n|rule|OHKO Clause: OHKO moves are banned\n|rule|Evasion Items Clause: Evasion items are banned\n|rule|Evasion Moves Clause: Evasion moves are banned\n|rule|Endless Battle Clause: Forcing endless battles is banned\n|rule|HP Percentage Mod: HP is shown in percentages\n|clearpoke\n|poke|p1|Great Tusk|\n|poke|p1|Glimmora, F|\n|poke|p1|Mesprit|\n|poke|p1|Thundurus-Therian, M|\n|poke|p1|Hydreigon, M|\n|poke|p1|Dudunsparce-*, F|\n|poke|p2|Slowking-Galar, F|\n|poke|p2|Baxcalibur, F|\n|poke|p2|Cryogonal|\n|poke|p2|Quaquaval, F|\n|poke|p2|Kilowattrel, M|\n|poke|p2|Sylveon, F|\n|teampreview\n|inactive|Battle timer is ON: inactive players will automatically lose when time's up. (requested by theyummybagel)\n|inactiveoff|Battle timer is now OFF.\n|j| Mozilla Fennekin\n|c|\u2606sacktheavenger|what's ur captain mines hydreigon\n|c|\u2606theyummybagel|oh mine is bax\n|c|\u2606sacktheavenger|i figured\n|c|\u2606theyummybagel|ye lol\n|\n|t:|1698791263\n|start\n|switch|p1a: Mesprit-de-Corps|Mesprit|100\/100\n|switch|p2a: Quaquaval|Quaquaval, F|100\/100\n|turn|1\n|\n|t:|1698791285\n|move|p2a: Quaquaval|U-turn|p1a: Mesprit-de-Corps\n|-supereffective|p1a: Mesprit-de-Corps\n|-damage|p1a: Mesprit-de-Corps|57\/100\n|\n|t:|1698791289\n|switch|p2a: Slowking|Slowking-Galar, F|100\/100|[from] U-turn\n|move|p1a: Mesprit-de-Corps|Stealth Rock|p2a: Slowking\n|-sidestart|p2: theyummybagel|move: Stealth Rock\n|\n|-heal|p1a: Mesprit-de-Corps|63\/100|[from] item: Leftovers\n|upkeep\n|turn|2\n|\n|t:|1698791295\n|move|p1a: Mesprit-de-Corps|U-turn|p2a: Slowking\n|-damage|p2a: Slowking|83\/100\n|\n|t:|1698791323\n|switch|p1a: Kitten Mittens|Thundurus-Therian, M|100\/100|[from] U-turn\n|move|p2a: Slowking|Thunder Wave|p1a: Kitten Mittens\n|-immune|p1a: Kitten Mittens|[from] ability: Volt Absorb\n|\n|upkeep\n|turn|3\n|\n|t:|1698791336\n|move|p1a: Kitten Mittens|Thunderbolt|p2a: Slowking\n|-damage|p2a: Slowking|38\/100\n|move|p2a: Slowking|Chilly Reception|p2a: Slowking\n|-weather|Snow\n|\n|t:|1698791348\n|switch|p2a: Cryogonal|Cryogonal|100\/100|[from] Chilly Reception\n|\n|-weather|Snow|[upkeep]\n|upkeep\n|turn|4\n|\n|t:|1698791394\n|move|p2a: Cryogonal|Ice Beam|p1a: Kitten Mittens\n|-supereffective|p1a: Kitten Mittens\n|-damage|p1a: Kitten Mittens|4\/100\n|move|p1a: Kitten Mittens|Thunderbolt|p2a: Cryogonal\n|-damage|p2a: Cryogonal|37\/100\n|\n|-weather|Snow|[upkeep]\n|upkeep\n|turn|5\n|\n|t:|1698791434\n|switch|p1a: THREE|Dudunsparce-Three-Segment, F, shiny|100\/100\n|move|p2a: Cryogonal|Rapid Spin|p1a: THREE\n|-damage|p1a: THREE|97\/100\n|-boost|p2a: Cryogonal|spe|1\n|-sideend|p2: theyummybagel|Stealth Rock|[from] move: Rapid Spin|[of] p2a: Cryogonal\n|\n|-weather|Snow|[upkeep]\n|-heal|p1a: THREE|100\/100|[from] item: Leftovers\n|upkeep\n|turn|6\n|\n|t:|1698791444\n|switch|p2a: Slowking|Slowking-Galar, F|71\/100\n|move|p1a: THREE|Coil|p1a: THREE\n|-boost|p1a: THREE|atk|1\n|-boost|p1a: THREE|def|1\n|-boost|p1a: THREE|accuracy|1\n|\n|-weather|Snow|[upkeep]\n|upkeep\n|turn|7\n|\n|t:|1698791470\n|switch|p2a: Kilowattrel|Kilowattrel, M|100\/100\n|move|p1a: THREE|Coil|p1a: THREE\n|-boost|p1a: THREE|atk|1\n|-boost|p1a: THREE|def|1\n|-boost|p1a: THREE|accuracy|1\n|\n|-weather|none\n|upkeep\n|turn|8\n|\n|t:|1698791484\n|move|p2a: Kilowattrel|Thunder Wave|p1a: THREE\n|-status|p1a: THREE|par\n|move|p1a: THREE|Rock Slide|p2a: Kilowattrel\n|-supereffective|p2a: Kilowattrel\n|-damage|p2a: Kilowattrel|0 fnt\n|faint|p2a: Kilowattrel\n|\n|upkeep\n|\n|t:|1698791494\n|switch|p2a: Sylveon|Sylveon, F|100\/100\n|turn|9\n|\n|t:|1698791526\n|move|p2a: Sylveon|Hyper Voice|p1a: THREE\n|-damage|p1a: THREE|28\/100 par\n|move|p1a: THREE|Coil|p1a: THREE\n|-boost|p1a: THREE|atk|1\n|-boost|p1a: THREE|def|1\n|-boost|p1a: THREE|accuracy|1\n|\n|-heal|p1a: THREE|34\/100 par|[from] item: Leftovers\n|upkeep\n|turn|10\n|\n|t:|1698791574\n|switch|p1a: Wallflower|Glimmora, F|100\/100\n|move|p2a: Sylveon|Hyper Voice|p1a: Wallflower\n|-resisted|p1a: Wallflower\n|-damage|p1a: Wallflower|52\/100\n|\n|upkeep\n|turn|11\n|\n|t:|1698791579\n|switch|p2a: Slowking|Slowking-Galar, F|100\/100\n|move|p1a: Wallflower|Spikes|p2a: Slowking\n|-sidestart|p2: theyummybagel|Spikes\n|\n|upkeep\n|turn|12\n|\n|t:|1698791583\n|move|p1a: Wallflower|Earth Power|p2a: Slowking\n|-supereffective|p2a: Slowking\n|-damage|p2a: Slowking|70\/100\n|move|p2a: Slowking|Future Sight|p1a: Wallflower\n|-start|p2a: Slowking|move: Future Sight\n|\n|upkeep\n|turn|13\n|\n|t:|1698791594\n|move|p1a: Wallflower|Earth Power|p2a: Slowking\n|-supereffective|p2a: Slowking\n|-damage|p2a: Slowking|37\/100\n|move|p2a: Slowking|Chilly Reception|p2a: Slowking\n|-weather|Snow\n|\n|t:|1698791618\n|switch|p2a: Baxcalibur|Baxcalibur, F|100\/100|[from] Chilly Reception\n|-damage|p2a: Baxcalibur|88\/100|[from] Spikes\n|\n|-weather|Snow|[upkeep]\n|-heal|p2a: Baxcalibur|94\/100|[from] ability: Ice Body\n|-heal|p2a: Baxcalibur|100\/100|[from] item: Leftovers\n|upkeep\n|turn|14\n|\n|t:|1698791621\n|move|p2a: Baxcalibur|Earthquake|p1a: Wallflower\n|-supereffective|p1a: Wallflower\n|-damage|p1a: Wallflower|0 fnt\n|-activate|p1a: Wallflower|ability: Toxic Debris\n|-sidestart|p2: theyummybagel|move: Toxic Spikes\n|faint|p1a: Wallflower\n|\n|-weather|Snow|[upkeep]\n|-hint|Future Sight did not hit because the target is fainted.\n|upkeep\n|\n|t:|1698791626\n|switch|p1a: Shadow Puppets|Hydreigon, M, shiny|100\/100\n|turn|15\n|\n|t:|1698791654\n|switch|p2a: Quaquaval|Quaquaval, F|100\/100\n|-damage|p2a: Quaquaval|88\/100|[from] Spikes\n|-status|p2a: Quaquaval|psn\n|-terastallize|p1a: Shadow Puppets|Steel\n|move|p1a: Shadow Puppets|Substitute|p1a: Shadow Puppets\n|-start|p1a: Shadow Puppets|Substitute\n|-damage|p1a: Shadow Puppets|76\/100\n|\n|-weather|Snow|[upkeep]\n|-heal|p1a: Shadow Puppets|82\/100|[from] item: Leftovers\n|-damage|p2a: Quaquaval|76\/100 psn|[from] psn\n|upkeep\n|turn|16\n|\n|t:|1698791678\n|move|p2a: Quaquaval|U-turn|p1a: Shadow Puppets\n|-resisted|p1a: Shadow Puppets\n|-activate|p1a: Shadow Puppets|move: Substitute|[damage]\n|\n|t:|1698791681\n|switch|p2a: Sylveon|Sylveon, F|100\/100|[from] U-turn\n|-damage|p2a: Sylveon|88\/100|[from] Spikes\n|-status|p2a: Sylveon|psn\n|move|p1a: Shadow Puppets|Nasty Plot|p1a: Shadow Puppets\n|-boost|p1a: Shadow Puppets|spa|2\n|\n|-weather|Snow|[upkeep]\n|-heal|p1a: Shadow Puppets|88\/100|[from] item: Leftovers\n|-damage|p2a: Sylveon|76\/100 psn|[from] psn\n|upkeep\n|turn|17\n|\n|t:|1698791735\n|move|p1a: Shadow Puppets|Earth Power|p2a: Sylveon\n|-damage|p2a: Sylveon|33\/100 psn\n|move|p2a: Sylveon|Hyper Voice|p1a: Shadow Puppets\n|-resisted|p1a: Shadow Puppets\n|-damage|p1a: Shadow Puppets|43\/100\n|\n|-weather|none\n|-heal|p1a: Shadow Puppets|49\/100|[from] item: Leftovers\n|-damage|p2a: Sylveon|20\/100 psn|[from] psn\n|upkeep\n|turn|18\n|\n|t:|1698791739\n|move|p1a: Shadow Puppets|Earth Power|p2a: Sylveon\n|-damage|p2a: Sylveon|0 fnt\n|faint|p2a: Sylveon\n|\n|-heal|p1a: Shadow Puppets|55\/100|[from] item: Leftovers\n|upkeep\n|\n|t:|1698791742\n|switch|p2a: Cryogonal|Cryogonal|37\/100\n|turn|19\n|\n|t:|1698791753\n|move|p2a: Cryogonal|Ice Beam|p1a: Shadow Puppets\n|-resisted|p1a: Shadow Puppets\n|-end|p1a: Shadow Puppets|Substitute\n|move|p1a: Shadow Puppets|Nasty Plot|p1a: Shadow Puppets\n|-boost|p1a: Shadow Puppets|spa|2\n|\n|-heal|p1a: Shadow Puppets|61\/100|[from] item: Leftovers\n|upkeep\n|turn|20\n|\n|t:|1698791777\n|move|p2a: Cryogonal|Rapid Spin|p1a: Shadow Puppets\n|-resisted|p1a: Shadow Puppets\n|-damage|p1a: Shadow Puppets|57\/100\n|-boost|p2a: Cryogonal|spe|1\n|-sideend|p2: theyummybagel|Spikes|[from] move: Rapid Spin|[of] p2a: Cryogonal\n|-sideend|p2: theyummybagel|Toxic Spikes|[from] move: Rapid Spin|[of] p2a: Cryogonal\n|move|p1a: Shadow Puppets|Substitute|p1a: Shadow Puppets\n|-start|p1a: Shadow Puppets|Substitute\n|-damage|p1a: Shadow Puppets|32\/100\n|\n|-heal|p1a: Shadow Puppets|39\/100|[from] item: Leftovers\n|upkeep\n|turn|21\n|\n|t:|1698791780\n|move|p2a: Cryogonal|Ice Beam|p1a: Shadow Puppets\n|-resisted|p1a: Shadow Puppets\n|-activate|p1a: Shadow Puppets|move: Substitute|[damage]\n|move|p1a: Shadow Puppets|Draco Meteor|p2a: Cryogonal\n|-damage|p2a: Cryogonal|0 fnt\n|-unboost|p1a: Shadow Puppets|spa|2\n|faint|p2a: Cryogonal\n|\n|-heal|p1a: Shadow Puppets|45\/100|[from] item: Leftovers\n|upkeep\n|\n|t:|1698791796\n|switch|p2a: Quaquaval|Quaquaval, F|76\/100 psn\n|turn|22\n|\n|t:|1698791800\n|move|p2a: Quaquaval|U-turn|p1a: Shadow Puppets\n|-resisted|p1a: Shadow Puppets\n|-end|p1a: Shadow Puppets|Substitute\n|\n|t:|1698791804\n|switch|p2a: Slowking|Slowking-Galar, F|70\/100|[from] U-turn\n|move|p1a: Shadow Puppets|Draco Meteor|p2a: Slowking\n|-damage|p2a: Slowking|0 fnt\n|-unboost|p1a: Shadow Puppets|spa|2\n|faint|p2a: Slowking\n|\n|-heal|p1a: Shadow Puppets|51\/100|[from] item: Leftovers\n|upkeep\n|\n|t:|1698791807\n|switch|p2a: Quaquaval|Quaquaval, F|76\/100 psn\n|turn|23\n|\n|t:|1698791820\n|switch|p1a: THREE|Dudunsparce-Three-Segment, F, shiny|34\/100 par\n|move|p2a: Quaquaval|Wave Crash|p1a: THREE\n|-damage|p1a: THREE|0 fnt\n|faint|p1a: THREE\n|-ability|p2a: Quaquaval|Moxie|boost\n|-boost|p2a: Quaquaval|atk|1\n|-damage|p2a: Quaquaval|60\/100 psn|[from] Recoil\n|\n|-damage|p2a: Quaquaval|48\/100 psn|[from] psn\n|upkeep\n|\n|t:|1698791827\n|switch|p1a: Kitten Mittens|Thundurus-Therian, M|4\/100\n|turn|24\n|\n|t:|1698791830\n|move|p2a: Quaquaval|Wave Crash|p1a: Kitten Mittens\n|-damage|p1a: Kitten Mittens|0 fnt\n|faint|p1a: Kitten Mittens\n|-ability|p2a: Quaquaval|Moxie|boost\n|-boost|p2a: Quaquaval|atk|1\n|-damage|p2a: Quaquaval|46\/100 psn|[from] Recoil\n|\n|-damage|p2a: Quaquaval|34\/100 psn|[from] psn\n|upkeep\n|\n|t:|1698791838\n|switch|p1a: Mesprit-de-Corps|Mesprit|63\/100\n|turn|25\n|\n|t:|1698791842\n|switch|p2a: Baxcalibur|Baxcalibur, F|100\/100\n|move|p1a: Mesprit-de-Corps|Healing Wish|p1a: Mesprit-de-Corps\n|faint|p1a: Mesprit-de-Corps\n|\n|upkeep\n|\n|t:|1698791847\n|switch|p1a: Shadow Puppets|Hydreigon, M, shiny, tera:Steel|51\/100\n|-heal|p1a: Shadow Puppets|100\/100|[from] move: Healing Wish\n|turn|26\n|\n|t:|1698791863\n|-terastallize|p2a: Baxcalibur|Fairy\n|move|p1a: Shadow Puppets|Earth Power|p2a: Baxcalibur\n|-damage|p2a: Baxcalibur|68\/100\n|move|p2a: Baxcalibur|Dragon Dance|p2a: Baxcalibur\n|-boost|p2a: Baxcalibur|atk|1\n|-boost|p2a: Baxcalibur|spe|1\n|\n|-heal|p2a: Baxcalibur|74\/100|[from] item: Leftovers\n|upkeep\n|turn|27\n|\n|t:|1698791873\n|move|p2a: Baxcalibur|Dragon Dance|p2a: Baxcalibur\n|-boost|p2a: Baxcalibur|atk|1\n|-boost|p2a: Baxcalibur|spe|1\n|move|p1a: Shadow Puppets|Earth Power|p2a: Baxcalibur\n|-crit|p2a: Baxcalibur\n|-damage|p2a: Baxcalibur|26\/100\n|\n|-heal|p2a: Baxcalibur|33\/100|[from] item: Leftovers\n|upkeep\n|turn|28\n|\n|t:|1698791877\n|move|p2a: Baxcalibur|Icicle Crash|p1a: Shadow Puppets|[miss]\n|-miss|p2a: Baxcalibur|p1a: Shadow Puppets\n|move|p1a: Shadow Puppets|Earth Power|p2a: Baxcalibur\n|-damage|p2a: Baxcalibur|0 fnt\n|faint|p2a: Baxcalibur\n|\n|upkeep\n|\n|t:|1698791879\n|switch|p2a: Quaquaval|Quaquaval, F|34\/100 psn\n|turn|29\n|\n|t:|1698791882\n|move|p2a: Quaquaval|Close Combat|p1a: Shadow Puppets\n|-supereffective|p1a: Shadow Puppets\n|-damage|p1a: Shadow Puppets|0 fnt\n|-unboost|p2a: Quaquaval|def|1\n|-unboost|p2a: Quaquaval|spd|1\n|faint|p1a: Shadow Puppets\n|-ability|p2a: Quaquaval|Moxie|boost\n|-boost|p2a: Quaquaval|atk|1\n|\n|-damage|p2a: Quaquaval|22\/100 psn|[from] psn\n|upkeep\n|\n|t:|1698791884\n|switch|p1a: Tuskarr|Great Tusk|100\/100\n|turn|30\n|\n|t:|1698791890\n|move|p2a: Quaquaval|Close Combat|p1a: Tuskarr\n|-damage|p1a: Tuskarr|43\/100\n|-unboost|p2a: Quaquaval|def|1\n|-unboost|p2a: Quaquaval|spd|1\n|move|p1a: Tuskarr|Close Combat|p2a: Quaquaval\n|-damage|p2a: Quaquaval|0 fnt\n|-unboost|p1a: Tuskarr|def|1\n|-unboost|p1a: Tuskarr|spd|1\n|faint|p2a: Quaquaval\n|\n|win|sacktheavenger\n|c|\u2606theyummybagel|rip gg\n|c|\u2606sacktheavenger|gg\n","uploadtime":1698791898,"views":32,"p1id":"sacktheavenger","p2id":"theyummybagel","formatid":"gen9ubers","rating":0,"private":0,"password":""}