{"id":"gen9ubers-1987343551","p1":"puddle girl","p2":"caraasters","format":"[Gen 9] Ubers","log":"|j|\u2606puddle girl\n|j|\u2606caraasters\n|t:|1699579776\n|gametype|singles\n|player|p1|puddle girl|parasollady|\n|player|p2|caraasters|roark|\n|teamsize|p1|6\n|teamsize|p2|6\n|gen|9\n|tier|[Gen 9] Ubers\n|rule|Sleep Clause Mod: Limit one foe put to sleep\n|rule|Species Clause: Limit one of each Pok\u00e9mon\n|rule|OHKO Clause: OHKO moves are banned\n|rule|Evasion Items Clause: Evasion items are banned\n|rule|Evasion Moves Clause: Evasion moves are banned\n|rule|Endless Battle Clause: Forcing endless battles is banned\n|rule|HP Percentage Mod: HP is shown in percentages\n|clearpoke\n|poke|p1|Slowking-Galar, M|\n|poke|p1|Zapdos|\n|poke|p1|Zamazenta-*|\n|poke|p1|Ogerpon-Wellspring, F|\n|poke|p1|Tinkaton, F|\n|poke|p1|Tsareena, F|\n|poke|p2|Hatterene, F|\n|poke|p2|Infernape, F|\n|poke|p2|Garchomp, M|\n|poke|p2|Clefable, F|\n|poke|p2|Azurill, F|\n|poke|p2|Manaphy|\n|teampreview\n|j| Antistyx\n|\n|t:|1699579860\n|start\n|switch|p1a: Cassie|Tinkaton, F|100\/100\n|switch|p2a: Clefable|Clefable, F|100\/100\n|-ability|p1a: Cassie|Mold Breaker\n|turn|1\n|\n|t:|1699579905\n|move|p1a: Cassie|Stealth Rock|p2a: Clefable\n|-sidestart|p2: caraasters|move: Stealth Rock\n|move|p2a: Clefable|Reflect|p2a: Clefable\n|-sidestart|p2: caraasters|Reflect\n|\n|upkeep\n|turn|2\n|\n|t:|1699579913\n|move|p1a: Cassie|Encore|p2a: Clefable\n|-start|p2a: Clefable|Encore\n|move|p2a: Clefable|Reflect||[still]\n|-fail|p2a: Clefable\n|\n|upkeep\n|turn|3\n|\n|t:|1699579955\n|switch|p1a: Bretta|Tsareena, F|100\/100\n|switch|p2a: Garchomp|Garchomp, M|100\/100\n|-damage|p2a: Garchomp|94\/100|[from] Stealth Rock\n|\n|upkeep\n|turn|4\n|\n|t:|1699579988\n|move|p2a: Garchomp|Draco Meteor|p1a: Bretta\n|-damage|p1a: Bretta|54\/100\n|-unboost|p2a: Garchomp|spa|2\n|move|p1a: Bretta|U-turn|p2a: Garchomp\n|-damage|p2a: Garchomp|82\/100\n|-damage|p1a: Bretta|42\/100|[from] ability: Rough Skin|[of] p2a: Garchomp\n|\n|t:|1699580000\n|switch|p1a: Cassie|Tinkaton, F|100\/100|[from] U-turn\n|-ability|p1a: Cassie|Mold Breaker\n|\n|upkeep\n|turn|5\n|\n|t:|1699580030\n|move|p2a: Garchomp|Draco Meteor|p1a: Cassie\n|-immune|p1a: Cassie\n|move|p1a: Cassie|Knock Off|p2a: Garchomp\n|-damage|p2a: Garchomp|74\/100\n|-damage|p1a: Cassie|88\/100|[from] ability: Rough Skin|[of] p2a: Garchomp\n|-enditem|p2a: Garchomp|Choice Scarf|[from] move: Knock Off|[of] p1a: Cassie\n|\n|-heal|p1a: Cassie|94\/100|[from] item: Leftovers\n|upkeep\n|turn|6\n|\n|t:|1699580101\n|move|p2a: Garchomp|Earthquake|p1a: Cassie\n|-supereffective|p1a: Cassie\n|-damage|p1a: Cassie|10\/100\n|move|p1a: Cassie|Encore|p2a: Garchomp\n|-start|p2a: Garchomp|Encore\n|\n|-heal|p1a: Cassie|17\/100|[from] item: Leftovers\n|upkeep\n|turn|7\n|\n|t:|1699580124\n|switch|p1a: Zeta|Zapdos, shiny|100\/100\n|move|p2a: Garchomp|Earthquake|p1a: Zeta\n|-immune|p1a: Zeta\n|\n|upkeep\n|turn|8\n|\n|t:|1699580134\n|switch|p2a: Clefable|Clefable, F|100\/100\n|-damage|p2a: Clefable|88\/100|[from] Stealth Rock\n|move|p1a: Zeta|Hurricane|p2a: Clefable\n|-crit|p2a: Clefable\n|-damage|p2a: Clefable|41\/100\n|\n|-sideend|p2: caraasters|Reflect\n|upkeep\n|turn|9\n|\n|t:|1699580144\n|move|p1a: Zeta|Discharge|p2a: Clefable\n|-damage|p2a: Clefable|18\/100\n|move|p2a: Clefable|Metronome|p2a: Clefable\n|move|p2a: Clefable|Magic Room|p2a: Clefable|[from]move: Metronome\n|-fieldstart|move: Magic Room|[of] p2a: Clefable\n|\n|upkeep\n|turn|10\n|\n|t:|1699580159\n|move|p1a: Zeta|Hurricane|p2a: Clefable\n|-damage|p2a: Clefable|0 fnt\n|faint|p2a: Clefable\n|\n|upkeep\n|\n|t:|1699580175\n|switch|p2a: Lady D|Hatterene, F|100\/100\n|-damage|p2a: Lady D|88\/100|[from] Stealth Rock\n|turn|11\n|\n|t:|1699580184\n|-terastallize|p2a: Lady D|Ghost\n|move|p1a: Zeta|Volt Switch|p2a: Lady D\n|-damage|p2a: Lady D|59\/100\n|\n|t:|1699580226\n|switch|p1a: Kiki|Ogerpon-Wellspring, F|100\/100|[from] Volt Switch\n|move|p2a: Lady D|Shadow Ball|p1a: Kiki\n|-damage|p1a: Kiki|49\/100\n|\n|upkeep\n|turn|12\n|\n|t:|1699580238\n|move|p1a: Kiki|Horn Leech|p2a: Lady D\n|-damage|p2a: Lady D|13\/100\n|-heal|p1a: Kiki|73\/100|[from] drain|[of] p2a: Lady D\n|move|p2a: Lady D|Calm Mind|p2a: Lady D\n|-boost|p2a: Lady D|spa|1\n|-boost|p2a: Lady D|spd|1\n|\n|upkeep\n|turn|13\n|\n|t:|1699580248\n|move|p1a: Kiki|Horn Leech|p2a: Lady D\n|-damage|p2a: Lady D|0 fnt\n|-heal|p1a: Kiki|80\/100|[from] drain|[of] p2a: Lady D\n|faint|p2a: Lady D\n|\n|-fieldend|move: Magic Room|[of] p2: Clefable\n|upkeep\n|\n|t:|1699580256\n|switch|p2a: Azurill|Azurill, F|100\/100\n|-damage|p2a: Azurill|88\/100|[from] Stealth Rock\n|turn|14\n|\n|t:|1699580268\n|move|p1a: Kiki|Taunt|p2a: Azurill\n|-start|p2a: Azurill|move: Taunt\n|cant|p2a: Azurill|move: Taunt|Perish Song\n|\n|upkeep\n|turn|15\n|\n|t:|1699580276\n|move|p2a: Azurill|Aqua Jet|p1a: Kiki\n|-heal|p1a: Kiki|100\/100|[from] ability: Water Absorb|[of] p2a: Azurill\n|move|p1a: Kiki|U-turn|p2a: Azurill\n|-resisted|p2a: Azurill\n|-damage|p2a: Azurill|54\/100\n|\n|t:|1699580282\n|switch|p1a: Slongus|Slowking-Galar, M|100\/100|[from] U-turn\n|\n|upkeep\n|turn|16\n|\n|t:|1699580288\n|move|p2a: Azurill|Aqua Jet|p1a: Slongus\n|-damage|p1a: Slongus|89\/100\n|move|p1a: Slongus|Future Sight|p2a: Azurill\n|-start|p1a: Slongus|move: Future Sight\n|\n|-end|p2a: Azurill|move: Taunt\n|upkeep\n|turn|17\n|\n|t:|1699580302\n|move|p1a: Slongus|Sludge Bomb|p2a: Azurill\n|-supereffective|p2a: Azurill\n|-damage|p2a: Azurill|0 fnt\n|faint|p2a: Azurill\n|\n|upkeep\n|\n|t:|1699580331\n|switch|p2a: Manaphy|Manaphy|100\/100\n|-damage|p2a: Manaphy|88\/100|[from] Stealth Rock\n|turn|18\n|\n|t:|1699580349\n|move|p2a: Manaphy|Aqua Ring|p2a: Manaphy\n|-start|p2a: Manaphy|Aqua Ring\n|move|p1a: Slongus|Chilly Reception|p1a: Slongus\n|-weather|Snow\n|\n|t:|1699580357\n|switch|p1a: Kiki|Ogerpon-Wellspring, F|100\/100|[from] Chilly Reception\n|\n|-weather|Snow|[upkeep]\n|-end|p2a: Manaphy|move: Future Sight\n|-damage|p2a: Manaphy|50\/100\n|-heal|p2a: Manaphy|56\/100|[from] Aqua Ring\n|upkeep\n|turn|19\n|\n|t:|1699580382\n|move|p1a: Kiki|Horn Leech|p2a: Manaphy\n|-supereffective|p2a: Manaphy\n|-damage|p2a: Manaphy|0 fnt\n|faint|p2a: Manaphy\n|\n|-weather|Snow|[upkeep]\n|upkeep\n|\n|t:|1699580398\n|switch|p2a: Garchomp|Garchomp, M|74\/100\n|-damage|p2a: Garchomp|68\/100|[from] Stealth Rock\n|turn|20\n|\n|t:|1699580423\n|move|p1a: Kiki|U-turn|p2a: Garchomp\n|-damage|p2a: Garchomp|38\/100\n|-damage|p1a: Kiki|88\/100|[from] ability: Rough Skin|[of] p2a: Garchomp\n|\n|t:|1699580429\n|switch|p1a: Zeta|Zapdos, shiny|100\/100|[from] U-turn\n|move|p2a: Garchomp|Body Slam|p1a: Zeta\n|-damage|p1a: Zeta|75\/100\n|\n|-weather|Snow|[upkeep]\n|upkeep\n|turn|21\n|\n|t:|1699580440\n|move|p2a: Garchomp|Draco Meteor|p1a: Zeta\n|-damage|p1a: Zeta|41\/100\n|-unboost|p2a: Garchomp|spa|2\n|move|p1a: Zeta|Hurricane|p2a: Garchomp\n|-damage|p2a: Garchomp|0 fnt\n|faint|p2a: Garchomp\n|\n|-weather|Snow|[upkeep]\n|upkeep\n|\n|t:|1699580449\n|switch|p2a: Infernape|Infernape, F|100\/100\n|-damage|p2a: Infernape|88\/100|[from] Stealth Rock\n|turn|22\n|\n|t:|1699580463\n|switch|p1a: Kiki|Ogerpon-Wellspring, F|88\/100\n|move|p2a: Infernape|Flare Blitz|p1a: Kiki\n|-damage|p1a: Kiki|23\/100\n|-damage|p2a: Infernape|66\/100|[from] Recoil\n|\n|-weather|none\n|upkeep\n|turn|23\n|\n|t:|1699580476\n|switch|p1a: Bretta|Tsareena, F|42\/100\n|move|p2a: Infernape|Mach Punch||[still]\n|cant|p1a: Bretta|ability: Queenly Majesty|Mach Punch|[of] p2a: Infernape\n|\n|upkeep\n|turn|24\n|\n|t:|1699580501\n|switch|p1a: Slongus|Slowking-Galar, M|100\/100\n|move|p2a: Infernape|Flare Blitz|p1a: Slongus\n|-damage|p1a: Slongus|48\/100\n|-damage|p2a: Infernape|43\/100|[from] Recoil\n|\n|upkeep\n|turn|25\n|\n|t:|1699580517\n|move|p2a: Infernape|Flare Blitz|p1a: Slongus\n|-damage|p1a: Slongus|0 fnt\n|faint|p1a: Slongus\n|-damage|p2a: Infernape|22\/100|[from] Recoil\n|-enditem|p2a: Infernape|Salac Berry|[eat]\n|-boost|p2a: Infernape|spe|1|[from] item: Salac Berry\n|\n|upkeep\n|\n|t:|1699580525\n|switch|p1a: Rook|Zamazenta|100\/100\n|-ability|p1a: Rook|Dauntless Shield|boost\n|-boost|p1a: Rook|def|1\n|turn|26\n|\n|t:|1699580536\n|move|p2a: Infernape|Flare Blitz|p1a: Rook\n|-damage|p1a: Rook|61\/100\n|-damage|p2a: Infernape|4\/100|[from] Recoil\n|move|p1a: Rook|Iron Defense|p1a: Rook\n|-boost|p1a: Rook|def|2\n|\n|-heal|p1a: Rook|67\/100|[from] item: Leftovers\n|upkeep\n|turn|27\n|\n|t:|1699580548\n|move|p2a: Infernape|Close Combat|p1a: Rook\n|-damage|p1a: Rook|51\/100\n|-unboost|p2a: Infernape|def|1\n|-unboost|p2a: Infernape|spd|1\n|move|p1a: Rook|Crunch|p2a: Infernape\n|-resisted|p2a: Infernape\n|-damage|p2a: Infernape|0 fnt\n|faint|p2a: Infernape\n|\n|win|puddle girl\n","uploadtime":1699580599,"views":21,"p1id":"puddlegirl","p2id":"caraasters","formatid":"gen9ubers","rating":0,"private":0,"password":""}