{"id":"gen9ubers-1994479844","p1":"zLayton","p2":"Vandenta","format":"[Gen 9] Ubers","log":"|j|\u2606zLayton\n|j|\u2606Vandenta\n|t:|1700448767\n|gametype|singles\n|player|p1|zLayton|juan|\n|player|p2|Vandenta|266|\n|teamsize|p1|6\n|teamsize|p2|6\n|gen|9\n|tier|[Gen 9] Ubers\n|rule|Sleep Clause Mod: Limit one foe put to sleep\n|rule|Species Clause: Limit one of each Pok\u00e9mon\n|rule|OHKO Clause: OHKO moves are banned\n|rule|Evasion Items Clause: Evasion items are banned\n|rule|Evasion Moves Clause: Evasion moves are banned\n|rule|Endless Battle Clause: Forcing endless battles is banned\n|rule|HP Percentage Mod: HP is shown in percentages\n|clearpoke\n|poke|p1|Rillaboom, F|\n|poke|p1|Sneasler, M|\n|poke|p1|Tauros, M|\n|poke|p1|Hatterene, F|\n|poke|p1|Mamoswine, F|\n|poke|p1|Drifblim, F|\n|poke|p2|Slowking-Galar, M|\n|poke|p2|Baxcalibur, F|\n|poke|p2|Lucario, M|\n|poke|p2|Donphan, F|\n|poke|p2|Milotic, F|\n|poke|p2|Hoopa|\n|teampreview\n|\n|t:|1700448808\n|start\n|switch|p1a: Tauros|Tauros, M|100\/100\n|switch|p2a: Slowking|Slowking-Galar, M|100\/100\n|turn|1\n|\n|t:|1700448819\n|move|p1a: Tauros|Body Slam|p2a: Slowking\n|-damage|p2a: Slowking|46\/100\n|move|p2a: Slowking|Thunder Wave|p1a: Tauros\n|-status|p1a: Tauros|par\n|\n|-heal|p2a: Slowking|52\/100|[from] item: Black Sludge\n|upkeep\n|turn|2\n|\n|t:|1700448830\n|switch|p2a: Donphan|Donphan, F|100\/100\n|cant|p1a: Tauros|par\n|\n|upkeep\n|turn|3\n|\n|t:|1700448857\n|switch|p1a: Drifblim|Drifblim, F|100\/100\n|move|p2a: Donphan|Knock Off|p1a: Drifblim\n|-supereffective|p1a: Drifblim\n|-damage|p1a: Drifblim|31\/100\n|-enditem|p1a: Drifblim|Heavy-Duty Boots|[from] move: Knock Off|[of] p2a: Donphan\n|\n|upkeep\n|turn|4\n|\n|t:|1700448868\n|move|p1a: Drifblim|Strength Sap|p2a: Donphan\n|-unboost|p2a: Donphan|atk|1\n|-heal|p1a: Drifblim|91\/100\n|move|p2a: Donphan|Stealth Rock|p1a: Drifblim\n|-sidestart|p1: zLayton|move: Stealth Rock\n|\n|upkeep\n|turn|5\n|\n|t:|1700448878\n|switch|p2a: Milotic|Milotic, F|100\/100\n|move|p1a: Drifblim|Shadow Ball|p2a: Milotic\n|-damage|p2a: Milotic|81\/100\n|\n|-status|p2a: Milotic|brn|[from] item: Flame Orb\n|upkeep\n|turn|6\n|\n|t:|1700448892\n|move|p1a: Drifblim|Defog|p2a: Milotic\n|-unboost|p2a: Milotic|evasion|1\n|-sideend|p1: zLayton|Stealth Rock|[from] move: Defog|[of] p1a: Drifblim\n|move|p2a: Milotic|Scald|p1a: Drifblim\n|-damage|p1a: Drifblim|58\/100\n|\n|-damage|p2a: Milotic|75\/100 brn|[from] brn\n|upkeep\n|turn|7\n|\n|t:|1700448899\n|move|p1a: Drifblim|Strength Sap|p2a: Milotic\n|-unboost|p2a: Milotic|atk|1\n|-heal|p1a: Drifblim|88\/100\n|move|p2a: Milotic|Flip Turn|p1a: Drifblim\n|-damage|p1a: Drifblim|82\/100\n|\n|t:|1700448925\n|switch|p2a: Lucario|Lucario, M, shiny|100\/100|[from] Flip Turn\n|\n|upkeep\n|turn|8\n|\n|t:|1700448940\n|switch|p1a: Tauros|Tauros, M|100\/100 par\n|move|p2a: Lucario|Swords Dance|p2a: Lucario\n|-boost|p2a: Lucario|atk|2\n|\n|upkeep\n|turn|9\n|\n|t:|1700448957\n|move|p2a: Lucario|Close Combat|p1a: Tauros\n|-supereffective|p1a: Tauros\n|-damage|p1a: Tauros|0 fnt\n|-unboost|p2a: Lucario|def|1\n|-unboost|p2a: Lucario|spd|1\n|faint|p1a: Tauros\n|\n|upkeep\n|\n|t:|1700449008\n|switch|p1a: Sneasler|Sneasler, M|100\/100\n|turn|10\n|\n|t:|1700449026\n|move|p2a: Lucario|Extreme Speed|p1a: Sneasler\n|-damage|p1a: Sneasler|17\/100\n|move|p1a: Sneasler|Close Combat|p2a: Lucario\n|-supereffective|p2a: Lucario\n|-enditem|p2a: Lucario|Focus Sash\n|-damage|p2a: Lucario|1\/100\n|-unboost|p1a: Sneasler|def|1\n|-unboost|p1a: Sneasler|spd|1\n|-enditem|p1a: Sneasler|White Herb\n|-clearnegativeboost|p1a: Sneasler|[silent]\n|\n|upkeep\n|turn|11\n|\n|t:|1700449034\n|switch|p1a: Drifblim|Drifblim, F|82\/100\n|move|p2a: Lucario|Extreme Speed|p1a: Drifblim\n|-immune|p1a: Drifblim\n|\n|upkeep\n|turn|12\n|\n|t:|1700449055\n|move|p2a: Lucario|Crunch|p1a: Drifblim\n|-supereffective|p1a: Drifblim\n|-damage|p1a: Drifblim|0 fnt\n|faint|p1a: Drifblim\n|\n|upkeep\n|\n|t:|1700449067\n|switch|p1a: Rillaboom|Rillaboom, F|100\/100\n|-fieldstart|move: Grassy Terrain|[from] ability: Grassy Surge|[of] p1a: Rillaboom\n|turn|13\n|\n|t:|1700449101\n|-terastallize|p2a: Lucario|Normal\n|move|p2a: Lucario|Extreme Speed|p1a: Rillaboom\n|-damage|p1a: Rillaboom|19\/100\n|move|p1a: Rillaboom|Grassy Glide|p2a: Lucario\n|-damage|p2a: Lucario|0 fnt\n|faint|p2a: Lucario\n|\n|-heal|p1a: Rillaboom|25\/100|[from] Grassy Terrain\n|upkeep\n|\n|t:|1700449114\n|switch|p2a: Baxcalibur|Baxcalibur, F|100\/100\n|-enditem|p2a: Baxcalibur|Grassy Seed\n|-boost|p2a: Baxcalibur|def|1|[from] item: Grassy Seed\n|turn|14\n|\n|t:|1700449120\n|move|p2a: Baxcalibur|Dragon Dance|p2a: Baxcalibur\n|-boost|p2a: Baxcalibur|atk|1\n|-boost|p2a: Baxcalibur|spe|1\n|move|p1a: Rillaboom|Drain Punch|p2a: Baxcalibur\n|-supereffective|p2a: Baxcalibur\n|-damage|p2a: Baxcalibur|65\/100\n|-heal|p1a: Rillaboom|44\/100|[from] drain|[of] p2a: Baxcalibur\n|\n|-heal|p2a: Baxcalibur|72\/100|[from] Grassy Terrain\n|-heal|p1a: Rillaboom|51\/100|[from] Grassy Terrain\n|upkeep\n|turn|15\n|\n|t:|1700449201\n|move|p2a: Baxcalibur|Dragon Dance|p2a: Baxcalibur\n|-boost|p2a: Baxcalibur|atk|1\n|-boost|p2a: Baxcalibur|spe|1\n|move|p1a: Rillaboom|Drain Punch|p2a: Baxcalibur\n|-supereffective|p2a: Baxcalibur\n|-damage|p2a: Baxcalibur|41\/100\n|-heal|p1a: Rillaboom|67\/100|[from] drain|[of] p2a: Baxcalibur\n|\n|-heal|p2a: Baxcalibur|47\/100|[from] Grassy Terrain\n|-heal|p1a: Rillaboom|74\/100|[from] Grassy Terrain\n|upkeep\n|turn|16\n|\n|t:|1700449210\n|move|p2a: Baxcalibur|Ice Shard|p1a: Rillaboom\n|-supereffective|p1a: Rillaboom\n|-damage|p1a: Rillaboom|0 fnt\n|faint|p1a: Rillaboom\n|\n|-heal|p2a: Baxcalibur|53\/100|[from] Grassy Terrain\n|upkeep\n|\n|t:|1700449215\n|switch|p1a: Hatterene|Hatterene, F|100\/100\n|turn|17\n|\n|t:|1700449219\n|move|p2a: Baxcalibur|Iron Head|p1a: Hatterene\n|-supereffective|p1a: Hatterene\n|-damage|p1a: Hatterene|0 fnt\n|faint|p1a: Hatterene\n|\n|-heal|p2a: Baxcalibur|60\/100|[from] Grassy Terrain\n|-fieldend|move: Grassy Terrain\n|upkeep\n|\n|t:|1700449222\n|switch|p1a: Mamoswine|Mamoswine, F|100\/100\n|turn|18\n|\n|t:|1700449225\n|move|p2a: Baxcalibur|Iron Head|p1a: Mamoswine\n|-supereffective|p1a: Mamoswine\n|-crit|p1a: Mamoswine\n|-damage|p1a: Mamoswine|0 fnt\n|faint|p1a: Mamoswine\n|\n|upkeep\n|\n|t:|1700449227\n|switch|p1a: Sneasler|Sneasler, M|17\/100\n|turn|19\n|\n|t:|1700449229\n|move|p2a: Baxcalibur|Ice Shard|p1a: Sneasler\n|-damage|p1a: Sneasler|0 fnt\n|faint|p1a: Sneasler\n|\n|win|Vandenta\n|c|\u2606zLayton|gg\n","uploadtime":1700449236,"views":34,"p1id":"zlayton","p2id":"vandenta","formatid":"gen9ubers","rating":0,"private":0,"password":""}