{"id":"gen9ubers-1973699174","p1":"orydjinn","p2":"FrostyRandom02","format":"[Gen 9] Ubers","log":"|j|\u2606orydjinn\n|j|\u2606FrostyRandom02\n|t:|1698004586\n|gametype|singles\n|player|p1|orydjinn|maid|\n|player|p2|FrostyRandom02|riley|\n|teamsize|p1|6\n|teamsize|p2|6\n|gen|9\n|tier|[Gen 9] Ubers\n|rule|Sleep Clause Mod: Limit one foe put to sleep\n|rule|Species Clause: Limit one of each Pok\u00e9mon\n|rule|OHKO Clause: OHKO moves are banned\n|rule|Evasion Items Clause: Evasion items are banned\n|rule|Evasion Moves Clause: Evasion moves are banned\n|rule|Endless Battle Clause: Forcing endless battles is banned\n|rule|HP Percentage Mod: HP is shown in percentages\n|clearpoke\n|poke|p1|Cinderace, M|\n|poke|p1|Magearna|\n|poke|p1|Shaymin-Sky|\n|poke|p1|Alomomola, M|\n|poke|p1|Thundurus-Therian, M|\n|poke|p1|Cyclizar, F|\n|poke|p2|Orthworm, F|\n|poke|p2|Ursaluna-Bloodmoon, M|\n|poke|p2|Chi-Yu|\n|poke|p2|Ogerpon-Wellspring, F|\n|poke|p2|Espathra, F|\n|poke|p2|Zacian-*|\n|teampreview\n|inactive|Battle timer is ON: inactive players will automatically lose when time's up. (requested by orydjinn)\n|\n|t:|1698004597\n|start\n|switch|p1a: Cyclizar|Cyclizar, F|100\/100\n|switch|p2a: Orthworm|Orthworm, F|100\/100\n|turn|1\n|c|\u2606FrostyRandom02|No timer\n|\n|t:|1698004609\n|move|p1a: Cyclizar|Shed Tail|p1a: Cyclizar\n|-start|p1a: Cyclizar|Substitute|[from] move: Shed Tail\n|-damage|p1a: Cyclizar|50\/100\n|\n|t:|1698004611\n|switch|p1a: Cinderace|Cinderace, M|100\/100|[from] Shed Tail\n|move|p2a: Orthworm|Stealth Rock|p1a: Cinderace\n|-sidestart|p1: orydjinn|move: Stealth Rock\n|\n|upkeep\n|turn|2\n|\n|t:|1698004617\n|move|p1a: Cinderace|Pyro Ball|p2a: Orthworm\n|-supereffective|p2a: Orthworm\n|-damage|p2a: Orthworm|41\/100\n|move|p2a: Orthworm|Shed Tail|p2a: Orthworm\n|-fail|p2a: Orthworm|move: Shed Tail|[weak]\n|\n|-heal|p2a: Orthworm|47\/100|[from] item: Leftovers\n|upkeep\n|turn|3\n|\n|t:|1698004630\n|switch|p2a: Chi-Yu|Chi-Yu|100\/100\n|-ability|p2a: Chi-Yu|Beads of Ruin\n|move|p1a: Cinderace|Court Change|p1a: Cinderace\n|-start|p1a: Cinderace|typechange|Normal|[from] ability: Libero\n|-swapsideconditions\n|-activate|p1a: Cinderace|move: Court Change\n|\n|upkeep\n|turn|4\n|\n|t:|1698004645\n|move|p1a: Cinderace|Pyro Ball|p2a: Chi-Yu\n|-resisted|p2a: Chi-Yu\n|-damage|p2a: Chi-Yu|67\/100\n|move|p2a: Chi-Yu|Dark Pulse|p1a: Cinderace\n|-end|p1a: Cinderace|Substitute\n|\n|upkeep\n|turn|5\n|\n|t:|1698004649\n|move|p1a: Cinderace|U-turn|p2a: Chi-Yu\n|-damage|p2a: Chi-Yu|28\/100\n|\n|t:|1698004651\n|switch|p1a: Magearna|Magearna|100\/100|[from] U-turn\n|move|p2a: Chi-Yu|Fire Blast|p1a: Magearna\n|-supereffective|p1a: Magearna\n|-damage|p1a: Magearna|0 fnt\n|faint|p1a: Magearna\n|\n|upkeep\n|\n|t:|1698004658\n|switch|p1a: Shaymin|Shaymin-Sky, shiny|100\/100\n|turn|6\n|\n|t:|1698004666\n|switch|p2a: Orthworm|Orthworm, F|47\/100\n|-damage|p2a: Orthworm|41\/100|[from] Stealth Rock\n|move|p1a: Shaymin|Substitute|p1a: Shaymin\n|-start|p1a: Shaymin|Substitute\n|-damage|p1a: Shaymin|76\/100\n|\n|-heal|p2a: Orthworm|47\/100|[from] item: Leftovers\n|upkeep\n|turn|7\n|\n|t:|1698004671\n|move|p1a: Shaymin|Leech Seed|p2a: Orthworm\n|-start|p2a: Orthworm|move: Leech Seed\n|move|p2a: Orthworm|Shed Tail|p2a: Orthworm\n|-fail|p2a: Orthworm|move: Shed Tail|[weak]\n|\n|-heal|p2a: Orthworm|53\/100|[from] item: Leftovers\n|-damage|p2a: Orthworm|40\/100|[from] Leech Seed|[of] p1a: Shaymin\n|-heal|p1a: Shaymin|88\/100|[silent]\n|upkeep\n|turn|8\n|\n|t:|1698004676\n|switch|p2a: Ogerpon|Ogerpon-Wellspring, F|100\/100\n|-damage|p2a: Ogerpon|88\/100|[from] Stealth Rock\n|move|p1a: Shaymin|Air Slash|p2a: Ogerpon\n|-supereffective|p2a: Ogerpon\n|-damage|p2a: Ogerpon|0 fnt\n|faint|p2a: Ogerpon\n|-damage|p1a: Shaymin|78\/100|[from] item: Life Orb\n|\n|upkeep\n|\n|t:|1698004683\n|switch|p2a: Espathra|Espathra, F|100\/100\n|-damage|p2a: Espathra|88\/100|[from] Stealth Rock\n|turn|9\n|\n|t:|1698004686\n|move|p2a: Espathra|Protect|p2a: Espathra\n|-singleturn|p2a: Espathra|Protect\n|move|p1a: Shaymin|Air Slash|p2a: Espathra\n|-activate|p2a: Espathra|move: Protect\n|\n|-heal|p2a: Espathra|94\/100|[from] item: Leftovers\n|-ability|p2a: Espathra|Speed Boost|boost\n|-boost|p2a: Espathra|spe|1\n|upkeep\n|turn|10\n|\n|t:|1698004691\n|move|p2a: Espathra|Calm Mind|p2a: Espathra\n|-boost|p2a: Espathra|spa|1\n|-boost|p2a: Espathra|spd|1\n|move|p1a: Shaymin|Leech Seed|p2a: Espathra\n|-start|p2a: Espathra|move: Leech Seed\n|\n|-heal|p2a: Espathra|99\/100|[from] item: Leftovers\n|-damage|p2a: Espathra|88\/100|[from] Leech Seed|[of] p1a: Shaymin\n|-heal|p1a: Shaymin|90\/100|[silent]\n|-ability|p2a: Espathra|Speed Boost|boost\n|-boost|p2a: Espathra|spe|1\n|upkeep\n|turn|11\n|\n|t:|1698004695\n|move|p2a: Espathra|Calm Mind|p2a: Espathra\n|-boost|p2a: Espathra|spa|1\n|-boost|p2a: Espathra|spd|1\n|move|p1a: Shaymin|Air Slash|p2a: Espathra\n|-crit|p2a: Espathra\n|-damage|p2a: Espathra|0 fnt\n|faint|p2a: Espathra\n|-damage|p1a: Shaymin|80\/100|[from] item: Life Orb\n|\n|upkeep\n|\n|t:|1698004705\n|switch|p2a: Zacian|Zacian|100\/100\n|-ability|p2a: Zacian|Intrepid Sword|boost\n|-boost|p2a: Zacian|atk|1\n|turn|12\n|\n|t:|1698004713\n|move|p2a: Zacian|Play Rough|p1a: Shaymin\n|-end|p1a: Shaymin|Substitute\n|move|p1a: Shaymin|Leech Seed|p2a: Zacian\n|-start|p2a: Zacian|move: Leech Seed\n|\n|-damage|p2a: Zacian|88\/100|[from] Leech Seed|[of] p1a: Shaymin\n|-heal|p1a: Shaymin|92\/100|[silent]\n|upkeep\n|turn|13\n|\n|t:|1698004716\n|switch|p1a: Alomomola|Alomomola, M|100\/100\n|move|p2a: Zacian|Tera Blast|p1a: Alomomola\n|-damage|p1a: Alomomola|88\/100\n|-enditem|p1a: Alomomola|Red Card|[of] p2a: Zacian\n|drag|p2a: Orthworm|Orthworm, F|40\/100\n|-damage|p2a: Orthworm|34\/100|[from] Stealth Rock\n|\n|-heal|p2a: Orthworm|40\/100|[from] item: Leftovers\n|upkeep\n|turn|14\n|\n|t:|1698004724\n|move|p1a: Alomomola|Flip Turn|p2a: Orthworm\n|-damage|p2a: Orthworm|31\/100\n|\n|t:|1698004727\n|switch|p1a: Cyclizar|Cyclizar, F|83\/100|[from] Flip Turn\n|move|p2a: Orthworm|Body Press|p1a: Cyclizar\n|-supereffective|p1a: Cyclizar\n|-damage|p1a: Cyclizar|0 fnt\n|faint|p1a: Cyclizar\n|\n|-heal|p2a: Orthworm|37\/100|[from] item: Leftovers\n|upkeep\n|\n|t:|1698004737\n|switch|p1a: Shaymin|Shaymin-Sky, shiny|92\/100\n|turn|15\n|\n|t:|1698004745\n|move|p1a: Shaymin|Substitute|p1a: Shaymin\n|-start|p1a: Shaymin|Substitute\n|-damage|p1a: Shaymin|67\/100\n|move|p2a: Orthworm|Stealth Rock|p1a: Shaymin\n|-sidestart|p1: orydjinn|move: Stealth Rock\n|\n|-heal|p2a: Orthworm|43\/100|[from] item: Leftovers\n|upkeep\n|turn|16\n|\n|t:|1698004749\n|move|p1a: Shaymin|Leech Seed|p2a: Orthworm\n|-start|p2a: Orthworm|move: Leech Seed\n|move|p2a: Orthworm|Body Press|p1a: Shaymin\n|-resisted|p1a: Shaymin\n|-activate|p1a: Shaymin|move: Substitute|[damage]\n|\n|-heal|p2a: Orthworm|49\/100|[from] item: Leftovers\n|-damage|p2a: Orthworm|37\/100|[from] Leech Seed|[of] p1a: Shaymin\n|-heal|p1a: Shaymin|80\/100|[silent]\n|upkeep\n|turn|17\n|\n|t:|1698004751\n|move|p1a: Shaymin|Air Slash|p2a: Orthworm\n|-resisted|p2a: Orthworm\n|-crit|p2a: Orthworm\n|-damage|p2a: Orthworm|0 fnt\n|faint|p2a: Orthworm\n|-damage|p1a: Shaymin|70\/100|[from] item: Life Orb\n|\n|upkeep\n|\n|t:|1698004759\n|switch|p2a: Zacian|Zacian|88\/100\n|turn|18\n|\n|t:|1698004766\n|-terastallize|p2a: Zacian|Fire\n|move|p2a: Zacian|Tera Blast|p1a: Shaymin|[anim] Tera Blast Fire\n|-supereffective|p1a: Shaymin\n|-end|p1a: Shaymin|Substitute\n|move|p1a: Shaymin|Leech Seed|p2a: Zacian\n|-start|p2a: Zacian|move: Leech Seed\n|\n|-damage|p2a: Zacian|76\/100|[from] Leech Seed|[of] p1a: Shaymin\n|-heal|p1a: Shaymin|81\/100|[silent]\n|upkeep\n|turn|19\n|\n|t:|1698004772\n|switch|p1a: Alomomola|Alomomola, M|100\/100\n|-damage|p1a: Alomomola|88\/100|[from] Stealth Rock\n|move|p2a: Zacian|Tera Blast|p1a: Alomomola|[anim] Tera Blast Fire\n|-resisted|p1a: Alomomola\n|-damage|p1a: Alomomola|74\/100\n|\n|-damage|p2a: Zacian|64\/100|[from] Leech Seed|[of] p1a: Alomomola\n|-heal|p1a: Alomomola|83\/100|[silent]\n|upkeep\n|turn|20\n|\n|t:|1698004780\n|move|p2a: Zacian|Swords Dance|p2a: Zacian\n|-boost|p2a: Zacian|atk|2\n|move|p1a: Alomomola|Wish|p1a: Alomomola\n|\n|-damage|p2a: Zacian|51\/100|[from] Leech Seed|[of] p1a: Alomomola\n|-heal|p1a: Alomomola|91\/100|[silent]\n|upkeep\n|turn|21\n|\n|t:|1698004783\n|move|p2a: Zacian|Play Rough|p1a: Alomomola\n|-damage|p1a: Alomomola|36\/100\n|move|p1a: Alomomola|Scald|p2a: Zacian\n|-supereffective|p2a: Zacian\n|-damage|p2a: Zacian|27\/100\n|\n|-heal|p1a: Alomomola|85\/100|[from] move: Wish|[wisher] Alomomola\n|-damage|p2a: Zacian|14\/100|[from] Leech Seed|[of] p1a: Alomomola\n|-heal|p1a: Alomomola|94\/100|[silent]\n|upkeep\n|turn|22\n|\n|t:|1698004790\n|move|p2a: Zacian|Close Combat|p1a: Alomomola\n|-damage|p1a: Alomomola|46\/100\n|-unboost|p2a: Zacian|def|1\n|-unboost|p2a: Zacian|spd|1\n|move|p1a: Alomomola|Flip Turn|p2a: Zacian\n|-supereffective|p2a: Zacian\n|-damage|p2a: Zacian|0 fnt\n|faint|p2a: Zacian\n|\n|t:|1698004796\n|switch|p1a: Cinderace|Cinderace, M|100\/100|[from] Flip Turn\n|\n|upkeep\n|inactive|FrostyRandom02 has 270 seconds left.\n|\n|t:|1698004831\n|switch|p2a: Ursaluna|Ursaluna-Bloodmoon, M|100\/100\n|-damage|p2a: Ursaluna|94\/100|[from] Stealth Rock\n|turn|23\n|inactive|FrostyRandom02 has 270 seconds left.\n|\n|t:|1698004838\n|move|p1a: Cinderace|Pyro Ball|p2a: Ursaluna|[miss]\n|-miss|p1a: Cinderace|p2a: Ursaluna\n|move|p2a: Ursaluna|Earth Power|p1a: Cinderace\n|-supereffective|p1a: Cinderace\n|-damage|p1a: Cinderace|0 fnt\n|faint|p1a: Cinderace\n|\n|-heal|p2a: Ursaluna|100\/100|[from] item: Leftovers\n|upkeep\n|\n|t:|1698004844\n|switch|p1a: Shaymin|Shaymin-Sky, shiny|81\/100\n|-damage|p1a: Shaymin|57\/100|[from] Stealth Rock\n|turn|24\n|inactive|FrostyRandom02 has 270 seconds left.\n|\n|t:|1698004861\n|move|p1a: Shaymin|Substitute|p1a: Shaymin\n|-start|p1a: Shaymin|Substitute\n|-damage|p1a: Shaymin|32\/100\n|move|p2a: Ursaluna|Calm Mind|p2a: Ursaluna\n|-boost|p2a: Ursaluna|spa|1\n|-boost|p2a: Ursaluna|spd|1\n|\n|upkeep\n|turn|25\n|\n|t:|1698004865\n|move|p1a: Shaymin|Leech Seed|p2a: Ursaluna\n|-start|p2a: Ursaluna|move: Leech Seed\n|move|p2a: Ursaluna|Blood Moon|p1a: Shaymin\n|-end|p1a: Shaymin|Substitute\n|\n|-damage|p2a: Ursaluna|88\/100|[from] Leech Seed|[of] p1a: Shaymin\n|-heal|p1a: Shaymin|47\/100|[silent]\n|upkeep\n|turn|26\n|\n|t:|1698004869\n|move|p1a: Shaymin|Substitute|p1a: Shaymin\n|-start|p1a: Shaymin|Substitute\n|-damage|p1a: Shaymin|22\/100\n|move|p2a: Ursaluna|Calm Mind|p2a: Ursaluna\n|-boost|p2a: Ursaluna|spa|1\n|-boost|p2a: Ursaluna|spd|1\n|\n|-heal|p2a: Ursaluna|94\/100|[from] item: Leftovers\n|-damage|p2a: Ursaluna|82\/100|[from] Leech Seed|[of] p1a: Shaymin\n|-heal|p1a: Shaymin|38\/100|[silent]\n|upkeep\n|turn|27\n|\n|t:|1698004874\n|move|p1a: Shaymin|Air Slash|p2a: Ursaluna\n|-damage|p2a: Ursaluna|60\/100\n|-damage|p1a: Shaymin|28\/100|[from] item: Life Orb\n|cant|p2a: Ursaluna|flinch\n|\n|-heal|p2a: Ursaluna|66\/100|[from] item: Leftovers\n|-damage|p2a: Ursaluna|54\/100|[from] Leech Seed|[of] p1a: Shaymin\n|-heal|p1a: Shaymin|43\/100|[silent]\n|upkeep\n|turn|28\n|\n|t:|1698004879\n|move|p1a: Shaymin|Air Slash|p2a: Ursaluna\n|-damage|p2a: Ursaluna|33\/100\n|-damage|p1a: Shaymin|33\/100|[from] item: Life Orb\n|cant|p2a: Ursaluna|flinch\n|\n|-heal|p2a: Ursaluna|39\/100|[from] item: Leftovers\n|-damage|p2a: Ursaluna|27\/100|[from] Leech Seed|[of] p1a: Shaymin\n|-heal|p1a: Shaymin|49\/100|[silent]\n|upkeep\n|turn|29\n|\n|t:|1698004884\n|move|p1a: Shaymin|Air Slash|p2a: Ursaluna\n|-damage|p2a: Ursaluna|7\/100\n|-damage|p1a: Shaymin|39\/100|[from] item: Life Orb\n|cant|p2a: Ursaluna|flinch\n|\n|-heal|p2a: Ursaluna|13\/100|[from] item: Leftovers\n|-damage|p2a: Ursaluna|0 fnt|[from] Leech Seed|[of] p1a: Shaymin\n|-heal|p1a: Shaymin|54\/100|[silent]\n|faint|p2a: Ursaluna\n|upkeep\n|c|\u2606FrostyRandom02|There\u2019s a reason people want this thing banned\n|l|\u2606FrostyRandom02\n|inactive|FrostyRandom02 disconnected and has 300 seconds to reconnect!\n|player|p2|\n|c|\u2606orydjinn|LMAO\n|inactive|FrostyRandom02 has 270 seconds to reconnect!\n|inactive|FrostyRandom02 has 240 seconds to reconnect!\n|inactive|FrostyRandom02 has 210 seconds to reconnect!\n|inactive|FrostyRandom02 has 180 seconds to reconnect!\n|inactive|FrostyRandom02 has 150 seconds to reconnect!\n|inactive|FrostyRandom02 has 120 seconds to reconnect!\n|inactive|FrostyRandom02 has 90 seconds to reconnect!\n|inactive|FrostyRandom02 has 60 seconds to reconnect!\n|inactive|FrostyRandom02 has 30 seconds to reconnect!\n|inactive|FrostyRandom02 has 20 seconds to reconnect!\n|inactive|FrostyRandom02 has 15 seconds to reconnect!\n|inactive|FrostyRandom02 has 10 seconds to reconnect!\n|inactive|FrostyRandom02 has 5 seconds to reconnect!\n|-message|FrostyRandom02 lost due to inactivity.\n|\n|win|orydjinn\n","uploadtime":1698005218,"views":15,"p1id":"orydjinn","p2id":"frostyrandom02","formatid":"gen9ubers","rating":0,"private":0,"password":""}