{"id":"gen9ubers-1975612255","p1":"Regalia-Karma22","p2":"SEUIf","format":"[Gen 9] Ubers","log":"|j|\u2606Regalia-Karma22\n|j|\u2606SEUIf\n|t:|1698212878\n|gametype|singles\n|player|p1|Regalia-Karma22|dawn-gen4pt|1256\n|player|p2|SEUIf|ingo-hisui|1266\n|teamsize|p1|6\n|teamsize|p2|6\n|gen|9\n|tier|[Gen 9] Ubers\n|rated|\n|rule|Sleep Clause Mod: Limit one foe put to sleep\n|rule|Species Clause: Limit one of each Pok\u00e9mon\n|rule|OHKO Clause: OHKO moves are banned\n|rule|Evasion Items Clause: Evasion items are banned\n|rule|Evasion Moves Clause: Evasion moves are banned\n|rule|Endless Battle Clause: Forcing endless battles is banned\n|rule|HP Percentage Mod: HP is shown in percentages\n|clearpoke\n|poke|p1|Garchomp, M|\n|poke|p1|Kyogre|\n|poke|p1|Ogerpon-Hearthflame, F|\n|poke|p1|Zacian-*|\n|poke|p1|Chien-Pao|\n|poke|p1|Annihilape, F|\n|poke|p2|Kingambit, M|\n|poke|p2|Miraidon|\n|poke|p2|Iron Bundle|\n|poke|p2|Ting-Lu|\n|poke|p2|Skeledirge, M|\n|poke|p2|Corviknight, M|\n|teampreview\n|\n|t:|1698212888\n|start\n|switch|p1a: Chien-Pao|Chien-Pao|100\/100\n|switch|p2a: Corviknight|Corviknight, M|100\/100\n|-ability|p1a: Chien-Pao|Sword of Ruin\n|-ability|p2a: Corviknight|Pressure\n|turn|1\n|\n|t:|1698212907\n|move|p1a: Chien-Pao|Sacred Sword|p2a: Corviknight\n|-damage|p2a: Corviknight|75\/100\n|move|p2a: Corviknight|Body Press|p1a: Chien-Pao\n|-supereffective|p1a: Chien-Pao\n|-damage|p1a: Chien-Pao|0 fnt\n|faint|p1a: Chien-Pao\n|\n|-heal|p2a: Corviknight|81\/100|[from] item: Leftovers\n|upkeep\n|\n|t:|1698212915\n|switch|p1a: Zacian|Zacian-Crowned|100\/100\n|-ability|p1a: Zacian|Intrepid Sword|boost\n|-boost|p1a: Zacian|atk|1\n|turn|2\n|\n|t:|1698212920\n|switch|p2a: Skeledirge|Skeledirge, M|100\/100\n|move|p1a: Zacian|Fire Fang|p2a: Skeledirge\n|-resisted|p2a: Skeledirge\n|-damage|p2a: Skeledirge|92\/100\n|\n|upkeep\n|turn|3\n|\n|t:|1698212926\n|switch|p1a: Garchomp|Garchomp, M|100\/100\n|move|p2a: Skeledirge|Will-O-Wisp|p1a: Garchomp\n|-status|p1a: Garchomp|brn\n|\n|-damage|p1a: Garchomp|94\/100 brn|[from] brn\n|upkeep\n|turn|4\n|\n|t:|1698212942\n|switch|p2a: Corviknight|Corviknight, M|81\/100\n|-ability|p2a: Corviknight|Pressure\n|move|p1a: Garchomp|Earthquake|p2a: Corviknight\n|-immune|p2a: Corviknight\n|\n|-heal|p2a: Corviknight|87\/100|[from] item: Leftovers\n|-damage|p1a: Garchomp|88\/100 brn|[from] brn\n|upkeep\n|turn|5\n|j| SoyuzaBrother\n|\n|t:|1698212962\n|move|p1a: Garchomp|Brick Break|p2a: Corviknight\n|-damage|p2a: Corviknight|75\/100\n|-damage|p1a: Garchomp|78\/100 brn|[from] item: Life Orb\n|move|p2a: Corviknight|U-turn|p1a: Garchomp\n|-damage|p1a: Garchomp|64\/100 brn\n|-damage|p2a: Corviknight|63\/100|[from] ability: Rough Skin|[of] p1a: Garchomp\n|\n|t:|1698212965\n|switch|p2a: Iron Bundle|Iron Bundle|100\/100|[from] U-turn\n|\n|-damage|p1a: Garchomp|58\/100 brn|[from] brn\n|upkeep\n|turn|6\n|l| SoyuzaBrother\n|\n|t:|1698212974\n|move|p2a: Iron Bundle|Freeze-Dry|p1a: Garchomp\n|-supereffective|p1a: Garchomp\n|-damage|p1a: Garchomp|0 fnt\n|faint|p1a: Garchomp\n|\n|upkeep\n|inactive|Battle timer is ON: inactive players will automatically lose when time's up. (requested by SEUIf)\n|\n|t:|1698212980\n|switch|p1a: Zacian|Zacian-Crowned|100\/100\n|turn|7\n|\n|t:|1698212983\n|-end|p2a: Iron Bundle|Quark Drive|[silent]\n|switch|p2a: Skeledirge|Skeledirge, M|92\/100\n|move|p1a: Zacian|Behemoth Blade|p2a: Skeledirge\n|-resisted|p2a: Skeledirge\n|-damage|p2a: Skeledirge|76\/100\n|\n|upkeep\n|turn|8\n|\n|t:|1698213007\n|switch|p1a: Annihilape|Annihilape, F|100\/100\n|move|p2a: Skeledirge|Will-O-Wisp|p1a: Annihilape|[miss]\n|-miss|p2a: Skeledirge|p1a: Annihilape\n|\n|upkeep\n|turn|9\n|\n|t:|1698213029\n|switch|p2a: Miraidon|Miraidon|100\/100\n|-fieldstart|move: Electric Terrain|[from] ability: Hadron Engine|[of] p2a: Miraidon\n|move|p1a: Annihilape|Rock Slide|p2a: Miraidon\n|-damage|p2a: Miraidon|76\/100\n|\n|upkeep\n|turn|10\n|\n|t:|1698213040\n|move|p2a: Miraidon|Electro Drift|p1a: Annihilape\n|-damage|p1a: Annihilape|0 fnt\n|faint|p1a: Annihilape\n|\n|upkeep\n|\n|t:|1698213046\n|switch|p1a: Zacian|Zacian-Crowned|100\/100\n|turn|11\n|\n|t:|1698213051\n|switch|p2a: Corviknight|Corviknight, M|63\/100\n|-ability|p2a: Corviknight|Pressure\n|move|p1a: Zacian|Play Rough|p2a: Corviknight|[miss]\n|-miss|p1a: Zacian|p2a: Corviknight\n|\n|-heal|p2a: Corviknight|69\/100|[from] item: Leftovers\n|upkeep\n|turn|12\n|\n|t:|1698213057\n|move|p1a: Zacian|Fire Fang|p2a: Corviknight\n|-supereffective|p2a: Corviknight\n|-damage|p2a: Corviknight|39\/100\n|cant|p2a: Corviknight|flinch\n|\n|-heal|p2a: Corviknight|45\/100|[from] item: Leftovers\n|upkeep\n|turn|13\n|\n|t:|1698213064\n|move|p1a: Zacian|Fire Fang|p2a: Corviknight\n|-supereffective|p2a: Corviknight\n|-damage|p2a: Corviknight|10\/100\n|move|p2a: Corviknight|Roost|p2a: Corviknight\n|-heal|p2a: Corviknight|60\/100\n|-singleturn|p2a: Corviknight|move: Roost\n|\n|-heal|p2a: Corviknight|66\/100|[from] item: Leftovers\n|-fieldend|move: Electric Terrain\n|upkeep\n|turn|14\n|\n|t:|1698213071\n|switch|p2a: Skeledirge|Skeledirge, M|76\/100\n|move|p1a: Zacian|Fire Fang|p2a: Skeledirge\n|-resisted|p2a: Skeledirge\n|-damage|p2a: Skeledirge|68\/100\n|\n|upkeep\n|turn|15\n|\n|t:|1698213081\n|move|p1a: Zacian|Play Rough|p2a: Skeledirge\n|-resisted|p2a: Skeledirge\n|-damage|p2a: Skeledirge|54\/100\n|move|p2a: Skeledirge|Slack Off|p2a: Skeledirge\n|-heal|p2a: Skeledirge|100\/100\n|\n|upkeep\n|turn|16\n|\n|t:|1698213084\n|move|p1a: Zacian|Behemoth Blade|p2a: Skeledirge\n|-resisted|p2a: Skeledirge\n|-damage|p2a: Skeledirge|82\/100\n|move|p2a: Skeledirge|Will-O-Wisp|p1a: Zacian\n|-status|p1a: Zacian|brn\n|\n|-damage|p1a: Zacian|94\/100 brn|[from] brn\n|upkeep\n|turn|17\n|\n|t:|1698213104\n|move|p1a: Zacian|Behemoth Blade|p2a: Skeledirge\n|-resisted|p2a: Skeledirge\n|-damage|p2a: Skeledirge|73\/100\n|move|p2a: Skeledirge|Torch Song|p1a: Zacian\n|-supereffective|p1a: Zacian\n|-damage|p1a: Zacian|36\/100 brn\n|-boost|p2a: Skeledirge|spa|1\n|\n|-damage|p1a: Zacian|30\/100 brn|[from] brn\n|upkeep\n|turn|18\n|-message|Regalia-Karma22 forfeited.\n|\n|win|SEUIf\n|raw|Regalia-Karma22's rating: 1235 &rarr; <strong>1212<\/strong><br \/>(-23 for losing)\n|raw|SEUIf's rating: 1266 &rarr; <strong>1289<\/strong><br \/>(+23 for winning)\n|l|\u2606Regalia-Karma22\n","uploadtime":1698213131,"views":12,"p1id":"regaliakarma22","p2id":"seuif","formatid":"gen9ubers","rating":1212,"private":0,"password":""}