{"id":"gen9ubers-1973773391","p1":"Layzrrs","p2":"ZachMcD","format":"[Gen 9] Ubers","log":"|j|\u2606Layzrrs\n|j|\u2606ZachMcD\n|t:|1698011973\n|gametype|singles\n|player|p1|Layzrrs|2|\n|player|p2|ZachMcD|giovanni|\n|teamsize|p1|6\n|teamsize|p2|6\n|gen|9\n|tier|[Gen 9] Ubers\n|rule|Sleep Clause Mod: Limit one foe put to sleep\n|rule|Species Clause: Limit one of each Pok\u00e9mon\n|rule|OHKO Clause: OHKO moves are banned\n|rule|Evasion Items Clause: Evasion items are banned\n|rule|Evasion Moves Clause: Evasion moves are banned\n|rule|Endless Battle Clause: Forcing endless battles is banned\n|rule|HP Percentage Mod: HP is shown in percentages\n|clearpoke\n|poke|p1|Infernape, F|\n|poke|p1|Roaring Moon|\n|poke|p1|Gholdengo|\n|poke|p1|Azumarill, F|\n|poke|p1|Kleavor, F|\n|poke|p1|Eiscue, M|\n|poke|p2|Chi-Yu|\n|poke|p2|Tornadus-Therian, M|\n|poke|p2|Annihilape, F|\n|poke|p2|Toxapex, M|\n|poke|p2|Tatsugiri, F|\n|poke|p2|Mabosstiff, F|\n|teampreview\n|c|\u2606ZachMcD|glgl\n|c|\u2606Layzrrs|gl\n|\n|t:|1698012018\n|start\n|switch|p1a: Kleavor|Kleavor, F|100\/100\n|switch|p2a: The Walling.|Toxapex, M|100\/100\n|turn|1\n|\n|t:|1698012024\n|move|p1a: Kleavor|Stone Axe|p2a: The Walling.\n|-damage|p2a: The Walling.|67\/100\n|-sidestart|p2: ZachMcD|move: Stealth Rock\n|move|p2a: The Walling.|Surf|p1a: Kleavor\n|-supereffective|p1a: Kleavor\n|-damage|p1a: Kleavor|46\/100\n|\n|-heal|p2a: The Walling.|73\/100|[from] item: Black Sludge\n|upkeep\n|turn|2\n|\n|t:|1698012032\n|switch|p1a: Gholdengo|Gholdengo|100\/100\n|-item|p1a: Gholdengo|Air Balloon\n|move|p2a: The Walling.|Recover|p2a: The Walling.\n|-heal|p2a: The Walling.|100\/100\n|\n|upkeep\n|turn|3\n|\n|t:|1698012042\n|move|p1a: Gholdengo|Thunderbolt|p2a: The Walling.\n|-supereffective|p2a: The Walling.\n|-damage|p2a: The Walling.|41\/100\n|move|p2a: The Walling.|Surf|p1a: Gholdengo\n|-damage|p1a: Gholdengo|79\/100\n|-enditem|p1a: Gholdengo|Air Balloon\n|\n|-heal|p2a: The Walling.|47\/100|[from] item: Black Sludge\n|upkeep\n|turn|4\n|\n|t:|1698012058\n|switch|p2a: The Dogfather|Mabosstiff, F|100\/100\n|-damage|p2a: The Dogfather|88\/100|[from] Stealth Rock\n|-ability|p2a: The Dogfather|Intimidate|boost\n|-unboost|p1a: Gholdengo|atk|1\n|move|p1a: Gholdengo|Thunderbolt|p2a: The Dogfather\n|-damage|p2a: The Dogfather|36\/100\n|\n|upkeep\n|turn|5\n|\n|t:|1698012091\n|switch|p1a: Eiscue|Eiscue, M|100\/100\n|move|p2a: The Dogfather|Crunch|p1a: Eiscue\n|-activate|p1a: Eiscue|ability: Ice Face\n|-damage|p1a: Eiscue|100\/100\n|-unboost|p1a: Eiscue|def|1\n|detailschange|p1a: Eiscue|Eiscue-Noice, M\n|\n|upkeep\n|turn|6\n|\n|t:|1698012101\n|move|p2a: The Dogfather|Crunch|p1a: Eiscue\n|-damage|p1a: Eiscue|4\/100\n|-enditem|p1a: Eiscue|Salac Berry|[eat]\n|-boost|p1a: Eiscue|spe|1|[from] item: Salac Berry\n|move|p1a: Eiscue|Ice Spinner|p2a: The Dogfather\n|-damage|p2a: The Dogfather|0 fnt\n|faint|p2a: The Dogfather\n|\n|upkeep\n|\n|t:|1698012118\n|switch|p2a: The Walling.|Toxapex, M|80\/100\n|-damage|p2a: The Walling.|68\/100|[from] Stealth Rock\n|turn|7\n|\n|t:|1698012135\n|switch|p1a: Gholdengo|Gholdengo|79\/100\n|move|p2a: The Walling.|Recover|p2a: The Walling.\n|-heal|p2a: The Walling.|100\/100\n|\n|upkeep\n|turn|8\n|\n|t:|1698012149\n|move|p1a: Gholdengo|Thunderbolt|p2a: The Walling.\n|-supereffective|p2a: The Walling.\n|-damage|p2a: The Walling.|43\/100\n|move|p2a: The Walling.|Recover|p2a: The Walling.\n|-heal|p2a: The Walling.|93\/100\n|\n|-heal|p2a: The Walling.|99\/100|[from] item: Black Sludge\n|upkeep\n|turn|9\n|\n|t:|1698012157\n|switch|p2a: Unshackled|Annihilape, F|100\/100\n|-damage|p2a: Unshackled|94\/100|[from] Stealth Rock\n|move|p1a: Gholdengo|Nasty Plot|p1a: Gholdengo\n|-boost|p1a: Gholdengo|spa|2\n|\n|-heal|p2a: Unshackled|100\/100|[from] item: Leftovers\n|upkeep\n|turn|10\n|\n|t:|1698012206\n|switch|p1a: Roaring Moon|Roaring Moon|100\/100\n|-enditem|p1a: Roaring Moon|Booster Energy\n|-activate|p1a: Roaring Moon|ability: Protosynthesis|[fromitem]\n|-start|p1a: Roaring Moon|protosynthesisspe\n|move|p2a: Unshackled|Bulk Up|p2a: Unshackled\n|-boost|p2a: Unshackled|atk|1\n|-boost|p2a: Unshackled|def|1\n|\n|upkeep\n|turn|11\n|\n|t:|1698012224\n|move|p1a: Roaring Moon|Acrobatics|p2a: Unshackled\n|-supereffective|p2a: Unshackled\n|-damage|p2a: Unshackled|54\/100\n|move|p2a: Unshackled|Drain Punch|p1a: Roaring Moon\n|-supereffective|p1a: Roaring Moon\n|-damage|p1a: Roaring Moon|0 fnt\n|-heal|p2a: Unshackled|96\/100|[from] drain|[of] p1a: Roaring Moon\n|faint|p1a: Roaring Moon\n|-end|p1a: Roaring Moon|Protosynthesis|[silent]\n|\n|-heal|p2a: Unshackled|100\/100|[from] item: Leftovers\n|upkeep\n|\n|t:|1698012278\n|switch|p1a: Infernape|Infernape, F|100\/100\n|turn|12\n|\n|t:|1698012283\n|move|p1a: Infernape|Fire Punch|p2a: Unshackled\n|-damage|p2a: Unshackled|56\/100\n|move|p2a: Unshackled|Rage Fist|p1a: Infernape\n|-damage|p1a: Infernape|0 fnt\n|faint|p1a: Infernape\n|\n|-heal|p2a: Unshackled|62\/100|[from] item: Leftovers\n|upkeep\n|\n|t:|1698012298\n|switch|p1a: Eiscue|Eiscue-Noice, M|4\/100\n|turn|13\n|\n|t:|1698012307\n|move|p1a: Eiscue|Ice Spinner|p2a: Unshackled\n|-damage|p2a: Unshackled|43\/100\n|move|p2a: Unshackled|Drain Punch|p1a: Eiscue\n|-supereffective|p1a: Eiscue\n|-damage|p1a: Eiscue|0 fnt\n|-heal|p2a: Unshackled|44\/100|[from] drain|[of] p1a: Eiscue\n|faint|p1a: Eiscue\n|\n|-heal|p2a: Unshackled|50\/100|[from] item: Leftovers\n|upkeep\n|\n|t:|1698012324\n|switch|p1a: Kleavor|Kleavor, F|46\/100\n|turn|14\n|\n|t:|1698012327\n|move|p1a: Kleavor|Stone Axe|p2a: Unshackled\n|-resisted|p2a: Unshackled\n|-damage|p2a: Unshackled|32\/100\n|move|p2a: Unshackled|Drain Punch|p1a: Kleavor\n|-damage|p1a: Kleavor|0 fnt\n|-heal|p2a: Unshackled|48\/100|[from] drain|[of] p1a: Kleavor\n|faint|p1a: Kleavor\n|\n|-heal|p2a: Unshackled|54\/100|[from] item: Leftovers\n|upkeep\n|\n|t:|1698012344\n|switch|p1a: Gholdengo|Gholdengo|79\/100\n|turn|15\n|\n|t:|1698012350\n|move|p1a: Gholdengo|Make It Rain|p2a: Unshackled\n|-damage|p2a: Unshackled|0 fnt\n|-unboost|p1a: Gholdengo|spa|1\n|faint|p2a: Unshackled\n|\n|upkeep\n|\n|t:|1698012362\n|switch|p2a: Sushi Guy|Tatsugiri, F|100\/100\n|turn|16\n|\n|t:|1698012368\n|switch|p1a: Azumarill|Azumarill, F|100\/100\n|move|p2a: Sushi Guy|Rapid Spin|p1a: Azumarill\n|-damage|p1a: Azumarill|95\/100\n|-boost|p2a: Sushi Guy|spe|1\n|-sideend|p2: ZachMcD|Stealth Rock|[from] move: Rapid Spin|[of] p2a: Sushi Guy\n|\n|-heal|p1a: Azumarill|100\/100|[from] item: Leftovers\n|upkeep\n|turn|17\n|\n|t:|1698012376\n|switch|p2a: The Walling.|Toxapex, M|100\/100\n|move|p1a: Azumarill|Play Rough|p2a: The Walling.\n|-resisted|p2a: The Walling.\n|-damage|p2a: The Walling.|91\/100\n|\n|-heal|p2a: The Walling.|97\/100|[from] item: Black Sludge\n|upkeep\n|turn|18\n|\n|t:|1698012384\n|switch|p1a: Gholdengo|Gholdengo|79\/100\n|switch|p2a: Fuk-Yu|Chi-Yu|100\/100\n|-ability|p2a: Fuk-Yu|Beads of Ruin\n|\n|upkeep\n|turn|19\n|\n|t:|1698012390\n|switch|p1a: Azumarill|Azumarill, F|100\/100\n|move|p2a: Fuk-Yu|Dark Pulse|p1a: Azumarill\n|-resisted|p1a: Azumarill\n|-damage|p1a: Azumarill|72\/100\n|\n|-heal|p1a: Azumarill|78\/100|[from] item: Leftovers\n|upkeep\n|turn|20\n|\n|t:|1698012414\n|switch|p2a: The Walling.|Toxapex, M|100\/100\n|move|p1a: Azumarill|Liquidation|p2a: The Walling.\n|-resisted|p2a: The Walling.\n|-damage|p2a: The Walling.|92\/100\n|\n|-heal|p1a: Azumarill|85\/100|[from] item: Leftovers\n|-heal|p2a: The Walling.|99\/100|[from] item: Black Sludge\n|upkeep\n|turn|21\n|\n|t:|1698012423\n|move|p1a: Azumarill|Liquidation|p2a: The Walling.\n|-resisted|p2a: The Walling.\n|-damage|p2a: The Walling.|90\/100\n|move|p2a: The Walling.|Toxic|p1a: Azumarill\n|-status|p1a: Azumarill|tox\n|\n|-heal|p1a: Azumarill|91\/100 tox|[from] item: Leftovers\n|-heal|p2a: The Walling.|97\/100|[from] item: Black Sludge\n|-damage|p1a: Azumarill|85\/100 tox|[from] psn\n|upkeep\n|turn|22\n|\n|t:|1698012433\n|switch|p1a: Gholdengo|Gholdengo|79\/100\n|move|p2a: The Walling.|Haze|p2a: The Walling.\n|-clearallboost\n|\n|-heal|p2a: The Walling.|100\/100|[from] item: Black Sludge\n|upkeep\n|turn|23\n|\n|t:|1698012441\n|switch|p2a: Sushi Guy|Tatsugiri, F|100\/100\n|move|p1a: Gholdengo|Recover|p1a: Gholdengo\n|-heal|p1a: Gholdengo|100\/100\n|\n|upkeep\n|turn|24\n|\n|t:|1698012447\n|switch|p1a: Azumarill|Azumarill, F|85\/100 tox\n|move|p2a: Sushi Guy|Hydro Pump|p1a: Azumarill\n|-resisted|p1a: Azumarill\n|-damage|p1a: Azumarill|59\/100 tox\n|\n|-heal|p1a: Azumarill|66\/100 tox|[from] item: Leftovers\n|-damage|p1a: Azumarill|59\/100 tox|[from] psn\n|upkeep\n|turn|25\n|\n|t:|1698012457\n|switch|p2a: The Walling.|Toxapex, M|100\/100\n|move|p1a: Azumarill|Liquidation|p2a: The Walling.\n|-resisted|p2a: The Walling.\n|-damage|p2a: The Walling.|92\/100\n|\n|-heal|p1a: Azumarill|66\/100 tox|[from] item: Leftovers\n|-heal|p2a: The Walling.|99\/100|[from] item: Black Sludge\n|-damage|p1a: Azumarill|53\/100 tox|[from] psn\n|upkeep\n|turn|26\n|\n|t:|1698012466\n|switch|p1a: Gholdengo|Gholdengo|100\/100\n|move|p2a: The Walling.|Surf|p1a: Gholdengo\n|-damage|p1a: Gholdengo|82\/100\n|\n|-heal|p2a: The Walling.|100\/100|[from] item: Black Sludge\n|upkeep\n|turn|27\n|\n|t:|1698012482\n|switch|p2a: Sushi Guy|Tatsugiri, F|100\/100\n|move|p1a: Gholdengo|Thunderbolt|p2a: Sushi Guy\n|-damage|p2a: Sushi Guy|57\/100\n|\n|upkeep\n|turn|28\n|\n|t:|1698012501\n|move|p2a: Sushi Guy|Hydro Pump|p1a: Gholdengo\n|-damage|p1a: Gholdengo|26\/100\n|move|p1a: Gholdengo|Thunderbolt|p2a: Sushi Guy\n|-damage|p2a: Sushi Guy|10\/100\n|\n|upkeep\n|turn|29\n|\n|t:|1698012507\n|switch|p1a: Azumarill|Azumarill, F|53\/100 tox\n|move|p2a: Sushi Guy|Hydro Pump|p1a: Azumarill\n|-resisted|p1a: Azumarill\n|-damage|p1a: Azumarill|27\/100 tox\n|\n|-heal|p1a: Azumarill|33\/100 tox|[from] item: Leftovers\n|-damage|p1a: Azumarill|27\/100 tox|[from] psn\n|upkeep\n|turn|30\n|\n|t:|1698012520\n|move|p2a: Sushi Guy|Hydro Pump|p1a: Azumarill\n|-resisted|p1a: Azumarill\n|-damage|p1a: Azumarill|1\/100 tox\n|move|p1a: Azumarill|Play Rough|p2a: Sushi Guy\n|-supereffective|p2a: Sushi Guy\n|-damage|p2a: Sushi Guy|0 fnt\n|faint|p2a: Sushi Guy\n|\n|-heal|p1a: Azumarill|8\/100 tox|[from] item: Leftovers\n|-damage|p1a: Azumarill|0 fnt|[from] psn\n|faint|p1a: Azumarill\n|upkeep\n|\n|t:|1698012530\n|switch|p2a: Fuk-Yu|Chi-Yu|100\/100\n|switch|p1a: Gholdengo|Gholdengo|26\/100\n|-ability|p2a: Fuk-Yu|Beads of Ruin\n|turn|31\n|\n|t:|1698012541\n|move|p2a: Fuk-Yu|Dark Pulse|p1a: Gholdengo\n|-supereffective|p1a: Gholdengo\n|-crit|p1a: Gholdengo\n|-damage|p1a: Gholdengo|0 fnt\n|faint|p1a: Gholdengo\n|\n|win|ZachMcD\n|c|\u2606Layzrrs|gg\n|c|\u2606ZachMcD|ggs\n|c|\u2606Layzrrs|i said i wanted to kill 3\n|c|\u2606Layzrrs|and i got 3\n|c|\u2606Layzrrs|im happy\n|c|\u2606ZachMcD|Yeah I thought I was in trouble\n|c|\u2606ZachMcD|You won if you just had shadow ball\n|c|\u2606Layzrrs|if i didnt try to predict stay in on Azu i might have got another\n|c|\u2606ZachMcD|ye\n","uploadtime":1698012597,"views":26,"p1id":"layzrrs","p2id":"zachmcd","formatid":"gen9ubers","rating":0,"private":0,"password":""}