{"id":"gen9ubers-1996700176","p1":"ryane65","p2":"Inferno1623","format":"[Gen 9] Ubers","log":"|j|\u2606ryane65\n|j|\u2606Inferno1623\n|t:|1700711450\n|gametype|singles\n|player|p1|ryane65|170|\n|player|p2|Inferno1623|nate|\n|teamsize|p1|6\n|teamsize|p2|6\n|gen|9\n|tier|[Gen 9] Ubers\n|rule|Sleep Clause Mod: Limit one foe put to sleep\n|rule|Species Clause: Limit one of each Pok\u00e9mon\n|rule|OHKO Clause: OHKO moves are banned\n|rule|Evasion Items Clause: Evasion items are banned\n|rule|Evasion Moves Clause: Evasion moves are banned\n|rule|Endless Battle Clause: Forcing endless battles is banned\n|rule|HP Percentage Mod: HP is shown in percentages\n|clearpoke\n|poke|p1|Torterra, M|\n|poke|p1|Baxcalibur, M|\n|poke|p1|Iron Moth|\n|poke|p1|Glimmora, F|\n|poke|p1|Falinks|\n|poke|p1|Ninetales-Alola, M|\n|poke|p2|Magnezone|\n|poke|p2|Ogerpon-Cornerstone, F|\n|poke|p2|Infernape, M|\n|poke|p2|Gastrodon, F|\n|poke|p2|Ursaluna-Bloodmoon, M|\n|poke|p2|Cyclizar, F|\n|teampreview\n|inactive|Battle timer is ON: inactive players will automatically lose when time's up. (requested by ryane65)\n|inactiveoff|Battle timer is now OFF.\n|\n|t:|1700711491\n|start\n|switch|p1a: Glimmora|Glimmora, F|100\/100\n|switch|p2a: Homie Hopper|Cyclizar, F|100\/100\n|turn|1\n|\n|t:|1700711500\n|switch|p1a: Ninetales|Ninetales-Alola, M|100\/100\n|-weather|Snow|[from] ability: Snow Warning|[of] p1a: Ninetales\n|move|p2a: Homie Hopper|Knock Off|p1a: Ninetales\n|-resisted|p1a: Ninetales\n|-damage|p1a: Ninetales|91\/100\n|-enditem|p1a: Ninetales|Light Clay|[from] move: Knock Off|[of] p2a: Homie Hopper\n|\n|-weather|Snow|[upkeep]\n|upkeep\n|turn|2\n|\n|t:|1700711511\n|move|p2a: Homie Hopper|Taunt|p1a: Ninetales\n|-start|p1a: Ninetales|move: Taunt\n|cant|p1a: Ninetales|move: Taunt|Aurora Veil\n|\n|-weather|Snow|[upkeep]\n|upkeep\n|turn|3\n|\n|t:|1700711518\n|move|p2a: Homie Hopper|U-turn|p1a: Ninetales\n|-resisted|p1a: Ninetales\n|-damage|p1a: Ninetales|82\/100\n|\n|t:|1700711525\n|switch|p2a: Atom|Magnezone, shiny|100\/100|[from] U-turn\n|move|p1a: Ninetales|Blizzard|p2a: Atom\n|-resisted|p2a: Atom\n|-damage|p2a: Atom|73\/100\n|\n|-weather|Snow|[upkeep]\n|upkeep\n|turn|4\n|\n|t:|1700711550\n|switch|p1a: Iron Moth|Iron Moth|100\/100\n|move|p2a: Atom|Body Press|p1a: Iron Moth\n|-resisted|p1a: Iron Moth\n|-damage|p1a: Iron Moth|70\/100\n|\n|-weather|Snow|[upkeep]\n|upkeep\n|turn|5\n|\n|t:|1700711573\n|switch|p2a: UTS|Ogerpon-Cornerstone, F|100\/100\n|move|p1a: Iron Moth|U-turn|p2a: UTS\n|-supereffective|p2a: UTS\n|-damage|p2a: UTS|75\/100\n|\n|t:|1700711621\n|-end|p1a: Iron Moth|Quark Drive|[silent]\n|switch|p1a: Torterra|Torterra, M|100\/100|[from] U-turn\n|\n|-weather|none\n|upkeep\n|turn|6\n|\n|t:|1700711630\n|move|p2a: UTS|Knock Off|p1a: Torterra\n|-damage|p1a: Torterra|62\/100\n|-enditem|p1a: Torterra|Loaded Dice|[from] move: Knock Off|[of] p2a: UTS\n|move|p1a: Torterra|Shell Smash|p1a: Torterra\n|-unboost|p1a: Torterra|def|1\n|-unboost|p1a: Torterra|spd|1\n|-boost|p1a: Torterra|atk|2\n|-boost|p1a: Torterra|spa|2\n|-boost|p1a: Torterra|spe|2\n|\n|upkeep\n|turn|7\n|\n|t:|1700711642\n|move|p1a: Torterra|Headlong Rush|p2a: UTS\n|-damage|p2a: UTS|0 fnt\n|-unboost|p1a: Torterra|def|1\n|-unboost|p1a: Torterra|spd|1\n|faint|p2a: UTS\n|\n|upkeep\n|\n|t:|1700711662\n|switch|p2a: Blitz|Infernape, M|100\/100\n|turn|8\n|\n|t:|1700711719\n|switch|p1a: Iron Moth|Iron Moth|70\/100\n|move|p2a: Blitz|U-turn|p1a: Iron Moth\n|-resisted|p1a: Iron Moth\n|-damage|p1a: Iron Moth|57\/100\n|\n|t:|1700711726\n|switch|p2a: Homie Hopper|Cyclizar, F|100\/100|[from] U-turn\n|\n|upkeep\n|turn|9\n|\n|t:|1700711732\n|-end|p1a: Iron Moth|Quark Drive|[silent]\n|switch|p1a: Ninetales|Ninetales-Alola, M|82\/100\n|-weather|Snow|[from] ability: Snow Warning|[of] p1a: Ninetales\n|move|p2a: Homie Hopper|Knock Off|p1a: Ninetales\n|-resisted|p1a: Ninetales\n|-damage|p1a: Ninetales|74\/100\n|\n|-weather|Snow|[upkeep]\n|upkeep\n|turn|10\n|\n|t:|1700711746\n|move|p2a: Homie Hopper|U-turn|p1a: Ninetales\n|-resisted|p1a: Ninetales\n|-damage|p1a: Ninetales|66\/100\n|\n|t:|1700711750\n|switch|p2a: Atom|Magnezone, shiny|73\/100|[from] U-turn\n|move|p1a: Ninetales|Aurora Veil|p1a: Ninetales\n|-sidestart|p1: ryane65|move: Aurora Veil\n|\n|-weather|Snow|[upkeep]\n|upkeep\n|turn|11\n|\n|t:|1700711760\n|switch|p1a: Iron Moth|Iron Moth|57\/100\n|move|p2a: Atom|Thunderbolt|p1a: Iron Moth\n|-damage|p1a: Iron Moth|13\/100\n|\n|-weather|Snow|[upkeep]\n|upkeep\n|turn|12\n|\n|t:|1700711774\n|switch|p2a: Slugterra|Gastrodon, F|100\/100\n|move|p1a: Iron Moth|Fiery Dance|p2a: Slugterra\n|-resisted|p2a: Slugterra\n|-damage|p2a: Slugterra|81\/100\n|\n|-weather|Snow|[upkeep]\n|upkeep\n|turn|13\n|\n|t:|1700711782\n|move|p2a: Slugterra|Protect|p2a: Slugterra\n|-singleturn|p2a: Slugterra|Protect\n|move|p1a: Iron Moth|Energy Ball|p2a: Slugterra\n|-activate|p2a: Slugterra|move: Protect\n|\n|-weather|none\n|upkeep\n|turn|14\n|\n|t:|1700711789\n|switch|p2a: Blitz|Infernape, M|100\/100\n|move|p1a: Iron Moth|U-turn|p2a: Blitz\n|-resisted|p2a: Blitz\n|-damage|p2a: Blitz|96\/100\n|\n|t:|1700711804\n|-end|p1a: Iron Moth|Quark Drive|[silent]\n|switch|p1a: Falinks|Falinks|100\/100|[from] U-turn\n|\n|-sideend|p1: ryane65|move: Aurora Veil\n|upkeep\n|turn|15\n|\n|t:|1700711825\n|-terastallize|p1a: Falinks|Ghost\n|move|p2a: Blitz|U-turn|p1a: Falinks\n|-resisted|p1a: Falinks\n|-damage|p1a: Falinks|80\/100\n|\n|t:|1700711834\n|switch|p2a: Slugterra|Gastrodon, F|81\/100|[from] U-turn\n|move|p1a: Falinks|No Retreat|p1a: Falinks\n|-boost|p1a: Falinks|atk|1\n|-boost|p1a: Falinks|def|1\n|-boost|p1a: Falinks|spa|1\n|-boost|p1a: Falinks|spd|1\n|-boost|p1a: Falinks|spe|1\n|-start|p1a: Falinks|move: No Retreat\n|\n|-heal|p1a: Falinks|86\/100|[from] item: Leftovers\n|upkeep\n|turn|16\n|\n|t:|1700711843\n|move|p1a: Falinks|Close Combat|p2a: Slugterra\n|-damage|p2a: Slugterra|0 fnt\n|-unboost|p1a: Falinks|def|1\n|-unboost|p1a: Falinks|spd|1\n|faint|p2a: Slugterra\n|\n|-heal|p1a: Falinks|92\/100|[from] item: Leftovers\n|upkeep\n|\n|t:|1700711856\n|switch|p2a: Blitz|Infernape, M|96\/100\n|turn|17\n|\n|t:|1700711861\n|switch|p1a: Baxcalibur|Baxcalibur, M|100\/100\n|move|p2a: Blitz|Raging Fury|p1a: Baxcalibur\n|-damage|p1a: Baxcalibur|19\/100\n|-ability|p1a: Baxcalibur|Thermal Exchange|boost\n|-boost|p1a: Baxcalibur|atk|1\n|\n|upkeep\n|turn|18\n|c|\u2606ryane65|i thought thermal exchange made me immune LOL\n|\n|t:|1700711887\n|move|p2a: Blitz|Raging Fury|p1a: Baxcalibur|[from]lockedmove\n|-damage|p1a: Baxcalibur|0 fnt\n|faint|p1a: Baxcalibur\n|\n|upkeep\n|\n|t:|1700711892\n|switch|p1a: Glimmora|Glimmora, F|100\/100\n|turn|19\n|c|\u2606Inferno1623|no they had to balance it because it was still pseudo stats\n|\n|t:|1700711902\n|move|p2a: Blitz|Raging Fury|p1a: Glimmora|[from]lockedmove\n|-resisted|p1a: Glimmora\n|-damage|p1a: Glimmora|49\/100\n|-activate|p1a: Glimmora|ability: Toxic Debris\n|-sidestart|p2: Inferno1623|move: Toxic Spikes\n|-start|p2a: Blitz|confusion|[fatigue]\n|move|p1a: Glimmora|Earth Power|p2a: Blitz\n|-supereffective|p2a: Blitz\n|-damage|p2a: Blitz|6\/100\n|\n|upkeep\n|turn|20\n|\n|t:|1700711914\n|switch|p2a: Homie Hopper|Cyclizar, F|100\/100\n|move|p1a: Glimmora|Earth Power|p2a: Homie Hopper\n|-damage|p2a: Homie Hopper|59\/100\n|\n|upkeep\n|turn|21\n|\n|t:|1700711930\n|move|p2a: Homie Hopper|Knock Off|p1a: Glimmora\n|-damage|p1a: Glimmora|24\/100\n|-activate|p1a: Glimmora|ability: Toxic Debris\n|-sidestart|p2: Inferno1623|move: Toxic Spikes\n|-enditem|p1a: Glimmora|Focus Sash|[from] move: Knock Off|[of] p2a: Homie Hopper\n|move|p1a: Glimmora|Earth Power|p2a: Homie Hopper\n|-damage|p2a: Homie Hopper|20\/100\n|-unboost|p2a: Homie Hopper|spd|1\n|\n|upkeep\n|turn|22\n|\n|t:|1700711950\n|move|p2a: Homie Hopper|U-turn|p1a: Glimmora\n|-resisted|p1a: Glimmora\n|-damage|p1a: Glimmora|14\/100\n|\n|t:|1700711954\n|switch|p2a: Headass|Ursaluna-Bloodmoon, M|100\/100|[from] U-turn\n|-status|p2a: Headass|tox\n|move|p1a: Glimmora|Earth Power|p2a: Headass\n|-damage|p2a: Headass|75\/100 tox\n|\n|-damage|p2a: Headass|69\/100 tox|[from] psn\n|upkeep\n|turn|23\n|\n|t:|1700711979\n|move|p1a: Glimmora|Energy Ball|p2a: Headass\n|-supereffective|p2a: Headass\n|-damage|p2a: Headass|20\/100 tox\n|move|p2a: Headass|Earth Power|p1a: Glimmora\n|-supereffective|p1a: Glimmora\n|-damage|p1a: Glimmora|0 fnt\n|faint|p1a: Glimmora\n|\n|-damage|p2a: Headass|8\/100 tox|[from] psn\n|upkeep\n|\n|t:|1700712008\n|switch|p1a: Falinks|Falinks, tera:Ghost|92\/100\n|turn|24\n|\n|t:|1700712015\n|move|p1a: Falinks|First Impression|p2a: Headass\n|-damage|p2a: Headass|0 fnt\n|faint|p2a: Headass\n|\n|-heal|p1a: Falinks|98\/100|[from] item: Leftovers\n|upkeep\n|\n|t:|1700712021\n|switch|p2a: Homie Hopper|Cyclizar, F|53\/100\n|turn|25\n|\n|t:|1700712069\n|move|p2a: Homie Hopper|Knock Off|p1a: Falinks\n|-supereffective|p1a: Falinks\n|-damage|p1a: Falinks|47\/100\n|-enditem|p1a: Falinks|Leftovers|[from] move: Knock Off|[of] p2a: Homie Hopper\n|move|p1a: Falinks|No Retreat|p1a: Falinks\n|-boost|p1a: Falinks|atk|1\n|-boost|p1a: Falinks|def|1\n|-boost|p1a: Falinks|spa|1\n|-boost|p1a: Falinks|spd|1\n|-boost|p1a: Falinks|spe|1\n|-start|p1a: Falinks|move: No Retreat\n|\n|upkeep\n|turn|26\n|\n|t:|1700712087\n|move|p1a: Falinks|Close Combat|p2a: Homie Hopper\n|-supereffective|p2a: Homie Hopper\n|-damage|p2a: Homie Hopper|0 fnt\n|-unboost|p1a: Falinks|def|1\n|-unboost|p1a: Falinks|spd|1\n|faint|p2a: Homie Hopper\n|\n|upkeep\n|\n|t:|1700712100\n|switch|p2a: Blitz|Infernape, M|6\/100\n|-status|p2a: Blitz|tox\n|turn|27\n|\n|t:|1700712111\n|move|p1a: Falinks|Close Combat|p2a: Blitz\n|-damage|p2a: Blitz|0 fnt\n|-unboost|p1a: Falinks|def|1\n|-unboost|p1a: Falinks|spd|1\n|faint|p2a: Blitz\n|\n|upkeep\n|c|\u2606ryane65|oh ur not scarf\n|\n|t:|1700712117\n|switch|p2a: Atom|Magnezone, shiny|73\/100\n|turn|28\n|c|\u2606Inferno1623|banded\n|c|\u2606ryane65|torterra 6-0ed you\n|c|\u2606Inferno1623|yep\n|\n|t:|1700712137\n|move|p1a: Falinks|Close Combat|p2a: Atom\n|-supereffective|p2a: Atom\n|-damage|p2a: Atom|0 fnt\n|-unboost|p1a: Falinks|def|1\n|-unboost|p1a: Falinks|spd|1\n|faint|p2a: Atom\n|\n|win|ryane65\n|c|\u2606Inferno1623|ggs\n|c|\u2606ryane65|ggs\n","uploadtime":1700712148,"views":25,"p1id":"ryane65","p2id":"inferno1623","formatid":"gen9ubers","rating":0,"private":0,"password":""}