{"id":"gen9ubers-1979581387","p1":"CresentSw33p","p2":"Blake-Mamba","format":"[Gen 9] Ubers","log":"|j|\u2606CresentSw33p\n|j|\u2606Blake-Mamba\n|t:|1698694067\n|gametype|singles\n|player|p1|CresentSw33p|cynthia-gen4|1206\n|player|p2|Blake-Mamba|juan|1363\n|teamsize|p1|6\n|teamsize|p2|6\n|gen|9\n|tier|[Gen 9] Ubers\n|rated|\n|rule|Sleep Clause Mod: Limit one foe put to sleep\n|rule|Species Clause: Limit one of each Pok\u00e9mon\n|rule|OHKO Clause: OHKO moves are banned\n|rule|Evasion Items Clause: Evasion items are banned\n|rule|Evasion Moves Clause: Evasion moves are banned\n|rule|Endless Battle Clause: Forcing endless battles is banned\n|rule|HP Percentage Mod: HP is shown in percentages\n|clearpoke\n|poke|p1|Chien-Pao|\n|poke|p1|Gliscor, M|\n|poke|p1|Annihilape, F|\n|poke|p1|Miraidon|\n|poke|p1|Ogerpon-Cornerstone, F|\n|poke|p1|Zacian-*|\n|poke|p2|Ogerpon-Hearthflame, F|\n|poke|p2|Vikavolt, F|\n|poke|p2|Kommo-o, M|\n|poke|p2|Ursaluna-Bloodmoon, M|\n|poke|p2|Yanmega, F|\n|poke|p2|Chandelure, M|\n|teampreview\n|\n|t:|1698694078\n|start\n|switch|p1a: Blue Clues|Gliscor, M, shiny|100\/100\n|switch|p2a: Vikavolt|Vikavolt, F|100\/100\n|turn|1\n|c|\u2606Blake-Mamba|Glhf\n|\n|t:|1698694091\n|move|p1a: Blue Clues|Knock Off|p2a: Vikavolt\n|-damage|p2a: Vikavolt|78\/100\n|-enditem|p2a: Vikavolt|Quick Claw|[from] move: Knock Off|[of] p1a: Blue Clues\n|move|p2a: Vikavolt|Sticky Web|p1a: Blue Clues\n|-sidestart|p1: CresentSw33p|move: Sticky Web\n|\n|upkeep\n|turn|2\n|c|\u2606CresentSw33p|??\n|\n|t:|1698694118\n|move|p1a: Blue Clues|Earthquake|p2a: Vikavolt\n|-immune|p2a: Vikavolt|[from] ability: Levitate\n|move|p2a: Vikavolt|Energy Ball|p1a: Blue Clues\n|-damage|p1a: Blue Clues|65\/100\n|\n|-heal|p1a: Blue Clues|71\/100|[from] item: Leftovers\n|upkeep\n|turn|3\n|inactive|Battle timer is ON: inactive players will automatically lose when time's up. (requested by Blake-Mamba)\n|\n|t:|1698694131\n|move|p1a: Blue Clues|Protect|p1a: Blue Clues\n|-singleturn|p1a: Blue Clues|Protect\n|move|p2a: Vikavolt|Energy Ball|p1a: Blue Clues\n|-activate|p1a: Blue Clues|move: Protect\n|\n|-heal|p1a: Blue Clues|77\/100|[from] item: Leftovers\n|upkeep\n|turn|4\n|\n|t:|1698694140\n|move|p1a: Blue Clues|Toxic|p2a: Vikavolt\n|-status|p2a: Vikavolt|tox\n|move|p2a: Vikavolt|Energy Ball|p1a: Blue Clues\n|-damage|p1a: Blue Clues|37\/100\n|\n|-heal|p1a: Blue Clues|43\/100|[from] item: Leftovers\n|-damage|p2a: Vikavolt|71\/100 tox|[from] psn\n|upkeep\n|turn|5\n|\n|t:|1698694161\n|move|p1a: Blue Clues|Protect|p1a: Blue Clues\n|-singleturn|p1a: Blue Clues|Protect\n|move|p2a: Vikavolt|Energy Ball|p1a: Blue Clues\n|-activate|p1a: Blue Clues|move: Protect\n|\n|-heal|p1a: Blue Clues|49\/100|[from] item: Leftovers\n|-damage|p2a: Vikavolt|59\/100 tox|[from] psn\n|upkeep\n|turn|6\n|\n|t:|1698694186\n|switch|p1a: Tiki Mask|Ogerpon-Cornerstone, F|100\/100\n|-activate|p1a: Tiki Mask|move: Sticky Web\n|-unboost|p1a: Tiki Mask|spe|1\n|move|p2a: Vikavolt|Energy Ball|p1a: Tiki Mask\n|-damage|p1a: Tiki Mask|64\/100\n|\n|-damage|p2a: Vikavolt|41\/100 tox|[from] psn\n|upkeep\n|turn|7\n|\n|t:|1698694197\n|move|p1a: Tiki Mask|Leech Seed|p2a: Vikavolt\n|-start|p2a: Vikavolt|move: Leech Seed\n|move|p2a: Vikavolt|Bug Buzz|p1a: Tiki Mask\n|-supereffective|p1a: Tiki Mask\n|-damage|p1a: Tiki Mask|0 fnt\n|faint|p1a: Tiki Mask\n|\n|-damage|p2a: Vikavolt|16\/100 tox|[from] psn\n|upkeep\n|\n|t:|1698694207\n|switch|p1a: Blue Clues|Gliscor, M, shiny|49\/100\n|turn|8\n|\n|t:|1698694212\n|switch|p2a: Ursaluna|Ursaluna-Bloodmoon, M|100\/100\n|move|p1a: Blue Clues|Protect||[still]\n|-fail|p1a: Blue Clues\n|\n|-heal|p1a: Blue Clues|55\/100|[from] item: Leftovers\n|upkeep\n|turn|9\n|\n|t:|1698694226\n|move|p1a: Blue Clues|Toxic|p2a: Ursaluna\n|-status|p2a: Ursaluna|tox\n|move|p2a: Ursaluna|Blood Moon|p1a: Blue Clues\n|-damage|p1a: Blue Clues|0 fnt\n|faint|p1a: Blue Clues\n|\n|-damage|p2a: Ursaluna|94\/100 tox|[from] psn\n|upkeep\n|inactive|CresentSw33p has 120 seconds left.\n|\n|t:|1698694259\n|switch|p1a: Ice cube|Chien-Pao|100\/100\n|-activate|p1a: Ice cube|move: Sticky Web\n|-unboost|p1a: Ice cube|spe|1\n|-ability|p1a: Ice cube|Sword of Ruin\n|turn|10\n|inactive|CresentSw33p has 120 seconds left.\n|\n|t:|1698694282\n|switch|p2a: Vikavolt|Vikavolt, F|16\/100 tox\n|move|p1a: Ice cube|Brick Break|p2a: Vikavolt\n|-resisted|p2a: Vikavolt\n|-damage|p2a: Vikavolt|0 fnt\n|faint|p2a: Vikavolt\n|\n|upkeep\n|\n|t:|1698694290\n|switch|p2a: Chandelure|Chandelure, M|100\/100\n|turn|11\n|\n|t:|1698694299\n|move|p2a: Chandelure|Overheat|p1a: Ice cube\n|-supereffective|p1a: Ice cube\n|-enditem|p1a: Ice cube|Focus Sash\n|-damage|p1a: Ice cube|1\/100\n|-unboost|p2a: Chandelure|spa|2\n|move|p1a: Ice cube|Crunch|p2a: Chandelure\n|-supereffective|p2a: Chandelure\n|-damage|p2a: Chandelure|0 fnt\n|faint|p2a: Chandelure\n|\n|upkeep\n|\n|t:|1698694310\n|switch|p2a: Yanmega|Yanmega, F, shiny|100\/100\n|turn|12\n|\n|t:|1698694315\n|move|p2a: Yanmega|Protect|p2a: Yanmega\n|-singleturn|p2a: Yanmega|Protect\n|move|p1a: Ice cube|Ice Shard|p2a: Yanmega\n|-activate|p2a: Yanmega|move: Protect\n|\n|-ability|p2a: Yanmega|Speed Boost|boost\n|-boost|p2a: Yanmega|spe|1\n|upkeep\n|turn|13\n|\n|t:|1698694325\n|move|p1a: Ice cube|Ice Shard|p2a: Yanmega\n|-supereffective|p2a: Yanmega\n|-damage|p2a: Yanmega|37\/100\n|move|p2a: Yanmega|Bug Buzz|p1a: Ice cube\n|-supereffective|p1a: Ice cube\n|-damage|p1a: Ice cube|0 fnt\n|faint|p1a: Ice cube\n|-enditem|p2a: Yanmega|Throat Spray\n|-boost|p2a: Yanmega|spa|1|[from] item: Throat Spray\n|\n|-ability|p2a: Yanmega|Speed Boost|boost\n|-boost|p2a: Yanmega|spe|1\n|upkeep\n|inactive|CresentSw33p has 120 seconds left.\n|\n|t:|1698694354\n|switch|p1a: Tubo|Miraidon|100\/100\n|-fieldstart|move: Electric Terrain|[from] ability: Hadron Engine|[of] p1a: Tubo\n|-item|p1a: Tubo|Air Balloon\n|turn|14\n|\n|t:|1698694364\n|-terastallize|p2a: Yanmega|Ground\n|move|p2a: Yanmega|Bug Buzz|p1a: Tubo\n|-damage|p1a: Tubo|40\/100\n|-enditem|p1a: Tubo|Air Balloon\n|move|p1a: Tubo|Parabolic Charge|p2a: Yanmega\n|-immune|p2a: Yanmega\n|\n|-ability|p2a: Yanmega|Speed Boost|boost\n|-boost|p2a: Yanmega|spe|1\n|upkeep\n|turn|15\n|\n|t:|1698694378\n|move|p2a: Yanmega|Tera Blast|p1a: Tubo|[anim] Tera Blast Ground\n|-supereffective|p1a: Tubo\n|-damage|p1a: Tubo|0 fnt\n|faint|p1a: Tubo\n|\n|-ability|p2a: Yanmega|Speed Boost|boost\n|-boost|p2a: Yanmega|spe|1\n|upkeep\n|\n|t:|1698694388\n|switch|p1a: Sif|Zacian-Crowned, shiny|100\/100\n|-activate|p1a: Sif|move: Sticky Web\n|-unboost|p1a: Sif|spe|1\n|-ability|p1a: Sif|Intrepid Sword|boost\n|-boost|p1a: Sif|atk|1\n|turn|16\n|\n|t:|1698694407\n|move|p2a: Yanmega|Protect|p2a: Yanmega\n|-singleturn|p2a: Yanmega|Protect\n|move|p1a: Sif|Behemoth Blade|p2a: Yanmega\n|-activate|p2a: Yanmega|move: Protect\n|\n|-ability|p2a: Yanmega|Speed Boost|boost\n|-boost|p2a: Yanmega|spe|1\n|upkeep\n|turn|17\n|\n|t:|1698694416\n|move|p2a: Yanmega|Tera Blast|p1a: Sif|[anim] Tera Blast Ground\n|-supereffective|p1a: Sif\n|-damage|p1a: Sif|0 fnt\n|faint|p1a: Sif\n|\n|-ability|p2a: Yanmega|Speed Boost|boost\n|-boost|p2a: Yanmega|spe|1\n|upkeep\n|\n|t:|1698694423\n|switch|p1a: Haramba|Annihilape, F|100\/100\n|-activate|p1a: Haramba|move: Sticky Web\n|-unboost|p1a: Haramba|spe|1\n|-ability|p1a: Haramba|Defiant|boost\n|-boost|p1a: Haramba|atk|2\n|turn|18\n|\n|t:|1698694437\n|-terastallize|p1a: Haramba|Normal\n|move|p2a: Yanmega|Air Slash|p1a: Haramba\n|-damage|p1a: Haramba|43\/100\n|move|p1a: Haramba|Drain Punch|p2a: Yanmega\n|-damage|p2a: Yanmega|0 fnt\n|-heal|p1a: Haramba|59\/100|[from] drain|[of] p2a: Yanmega\n|faint|p2a: Yanmega\n|-heal|p1a: Haramba|63\/100|[from] item: Shell Bell|[of] p2: Yanmega\n|\n|-fieldend|move: Electric Terrain\n|upkeep\n|\n|t:|1698694449\n|switch|p2a: Ursaluna|Ursaluna-Bloodmoon, M|94\/100 tox\n|turn|19\n|\n|t:|1698694454\n|move|p1a: Haramba|Drain Punch|p2a: Ursaluna\n|-supereffective|p2a: Ursaluna\n|-damage|p2a: Ursaluna|0 fnt\n|-heal|p1a: Haramba|100\/100|[from] drain|[of] p2a: Ursaluna\n|faint|p2a: Ursaluna\n|\n|upkeep\n|\n|t:|1698694461\n|switch|p2a: Ogerpon|Ogerpon-Hearthflame, F|100\/100\n|-ability|p2a: Ogerpon|Mold Breaker\n|turn|20\n|inactive|CresentSw33p has 120 seconds left.\n|\n|t:|1698694485\n|move|p2a: Ogerpon|Ivy Cudgel|p1a: Haramba\n|-damage|p1a: Haramba|27\/100\n|move|p1a: Haramba|Drain Punch|p2a: Ogerpon\n|-damage|p2a: Ogerpon|5\/100\n|-heal|p1a: Haramba|66\/100|[from] drain|[of] p2a: Ogerpon\n|-heal|p1a: Haramba|76\/100|[from] item: Shell Bell|[of] p2a: Ogerpon\n|\n|upkeep\n|turn|21\n|inactive|CresentSw33p has 120 seconds left.\n|c|\u2606Blake-Mamba|Gg\n|\n|t:|1698694520\n|move|p2a: Ogerpon|Ivy Cudgel|p1a: Haramba\n|-damage|p1a: Haramba|7\/100\n|move|p1a: Haramba|Drain Punch|p2a: Ogerpon\n|-damage|p2a: Ogerpon|0 fnt\n|-heal|p1a: Haramba|9\/100|[from] drain|[of] p2a: Ogerpon\n|faint|p2a: Ogerpon\n|-heal|p1a: Haramba|9\/100|[from] item: Shell Bell|[of] p2: Ogerpon\n|\n|upkeep\n|\n|t:|1698694529\n|switch|p2a: Kommo-o|Kommo-o, M|100\/100\n|turn|22\n|\n|t:|1698694534\n|move|p2a: Kommo-o|Drain Punch|p1a: Haramba\n|-supereffective|p1a: Haramba\n|-damage|p1a: Haramba|0 fnt\n|faint|p1a: Haramba\n|\n|win|Blake-Mamba\n|raw|CresentSw33p's rating: 1206 &rarr; <strong>1192<\/strong><br \/>(-14 for losing)\n|raw|Blake-Mamba's rating: 1363 &rarr; <strong>1375<\/strong><br \/>(+12 for winning)\n|l|\u2606CresentSw33p\n","uploadtime":1698694564,"views":8,"p1id":"cresentsw33p","p2id":"blakemamba","formatid":"gen9ubers","rating":1192,"private":0,"password":""}