{"id":"gen9ubers-1992550391","p1":"RUMYMOME","p2":"starfire77","format":"[Gen 9] Ubers","log":"|j|\u2606RUMYMOME\n|j|\u2606starfire77\n|inactive|Battle timer is ON: inactive players will automatically lose when time's up.\n|t:|1700204036\n|gametype|singles\n|player|p1|RUMYMOME|marshal|\n|player|p2|starfire77|hoopster|\n|teamsize|p1|6\n|teamsize|p2|6\n|gen|9\n|tier|[Gen 9] Ubers\n|rated|Tournament battle\n|rule|Sleep Clause Mod: Limit one foe put to sleep\n|rule|Species Clause: Limit one of each Pok\u00e9mon\n|rule|OHKO Clause: OHKO moves are banned\n|rule|Evasion Items Clause: Evasion items are banned\n|rule|Evasion Moves Clause: Evasion moves are banned\n|rule|Endless Battle Clause: Forcing endless battles is banned\n|rule|HP Percentage Mod: HP is shown in percentages\n|rule|Inverse Mod: Weaknesses become resistances, while resistances and immunities become weaknesses.\n|clearpoke\n|poke|p1|Koraidon|\n|poke|p1|Miraidon|\n|poke|p1|Flutter Mane|\n|poke|p1|Arceus|\n|poke|p1|Chien-Pao|\n|poke|p1|Regieleki|\n|poke|p2|Zacian-*|\n|poke|p2|Miraidon|\n|poke|p2|Koraidon|\n|poke|p2|Great Tusk|\n|poke|p2|Arceus|\n|poke|p2|Chien-Pao|\n|teampreview\n|j|*Lady Monita \u2746\n|inactive|starfire77 also wants the timer to be on.\n|\n|t:|1700204052\n|start\n|switch|p1a: Chien-Pao|Chien-Pao|100\/100\n|switch|p2a: Koraidon|Koraidon|100\/100\n|-weather|SunnyDay|[from] ability: Orichalcum Pulse|[of] p2a: Koraidon\n|-activate|p2a: Koraidon|Orichalcum Pulse|[source]\n|-ability|p1a: Chien-Pao|Sword of Ruin\n|turn|1\n|inactive|starfire77 has 120 seconds left.\n|\n|t:|1700204088\n|-terastallize|p2a: Koraidon|Fairy\n|move|p1a: Chien-Pao|Sucker Punch||[still]\n|-fail|p1a: Chien-Pao\n|move|p2a: Koraidon|Swords Dance|p2a: Koraidon\n|-boost|p2a: Koraidon|atk|2\n|\n|-weather|SunnyDay|[upkeep]\n|upkeep\n|turn|2\n|inactive|starfire77 has 120 seconds left.\n|\n|t:|1700204101\n|move|p1a: Chien-Pao|Crunch|p2a: Koraidon\n|-supereffective|p2a: Koraidon\n|-damage|p2a: Koraidon|3\/100\n|move|p2a: Koraidon|Scale Shot|p1a: Chien-Pao\n|-damage|p1a: Chien-Pao|51\/100\n|-damage|p1a: Chien-Pao|5\/100\n|-damage|p1a: Chien-Pao|0 fnt\n|faint|p1a: Chien-Pao\n|-hitcount|p1: Chien-Pao|3\n|-unboost|p2a: Koraidon|def|1\n|-boost|p2a: Koraidon|spe|1\n|\n|-weather|SunnyDay|[upkeep]\n|upkeep\n|\n|t:|1700204105\n|switch|p1a: Arceus|Arceus|100\/100\n|turn|3\n|inactive|starfire77 has 120 seconds left.\n|\n|t:|1700204123\n|move|p1a: Arceus|Extreme Speed|p2a: Koraidon\n|-damage|p2a: Koraidon|0 fnt\n|faint|p2a: Koraidon\n|-damage|p1a: Arceus|91\/100|[from] item: Life Orb\n|\n|-weather|SunnyDay|[upkeep]\n|upkeep\n|\n|t:|1700204128\n|switch|p2a: Great Tusk|Great Tusk|100\/100\n|-activate|p2a: Great Tusk|ability: Protosynthesis\n|-start|p2a: Great Tusk|protosynthesisdef\n|turn|4\n|\n|t:|1700204131\n|move|p1a: Arceus|Will-O-Wisp|p2a: Great Tusk\n|-status|p2a: Great Tusk|brn\n|move|p2a: Great Tusk|Stealth Rock|p1a: Arceus\n|-sidestart|p1: RUMYMOME|move: Stealth Rock\n|\n|-weather|SunnyDay|[upkeep]\n|-damage|p2a: Great Tusk|94\/100 brn|[from] brn\n|upkeep\n|turn|5\n|\n|t:|1700204140\n|move|p1a: Arceus|Swords Dance|p1a: Arceus\n|-boost|p1a: Arceus|atk|2\n|move|p2a: Great Tusk|Earthquake|p1a: Arceus\n|-damage|p1a: Arceus|74\/100\n|\n|-weather|none\n|-end|p2a: Great Tusk|Protosynthesis\n|-damage|p2a: Great Tusk|88\/100 brn|[from] brn\n|upkeep\n|-enditem|p2a: Great Tusk|Booster Energy\n|-activate|p2a: Great Tusk|ability: Protosynthesis|[fromitem]\n|-start|p2a: Great Tusk|protosynthesisdef\n|turn|6\n|\n|t:|1700204155\n|-end|p2a: Great Tusk|Protosynthesis|[silent]\n|switch|p2a: Zacian|Zacian-Crowned|100\/100\n|-ability|p2a: Zacian|Intrepid Sword|boost\n|-boost|p2a: Zacian|atk|1\n|move|p1a: Arceus|Swords Dance|p1a: Arceus\n|-boost|p1a: Arceus|atk|2\n|\n|upkeep\n|turn|7\n|\n|t:|1700204170\n|-terastallize|p1a: Arceus|Normal\n|move|p1a: Arceus|Extreme Speed|p2a: Zacian\n|-supereffective|p2a: Zacian\n|-damage|p2a: Zacian|0 fnt\n|faint|p2a: Zacian\n|-damage|p1a: Arceus|64\/100|[from] item: Life Orb\n|\n|upkeep\n|\n|t:|1700204176\n|switch|p2a: Arceus|Arceus|100\/100\n|turn|8\n|\n|t:|1700204179\n|move|p1a: Arceus|Will-O-Wisp|p2a: Arceus\n|-status|p2a: Arceus|brn\n|move|p2a: Arceus|Will-O-Wisp|p1a: Arceus\n|-status|p1a: Arceus|brn\n|\n|-damage|p1a: Arceus|58\/100 brn|[from] brn\n|-damage|p2a: Arceus|94\/100 brn|[from] brn\n|upkeep\n|turn|9\n|\n|t:|1700204194\n|move|p1a: Arceus|Swords Dance|p1a: Arceus\n|-boost|p1a: Arceus|atk|2\n|move|p2a: Arceus|Swords Dance|p2a: Arceus\n|-boost|p2a: Arceus|atk|2\n|\n|-heal|p2a: Arceus|100\/100 brn|[from] item: Leftovers\n|-damage|p1a: Arceus|52\/100 brn|[from] brn\n|-damage|p2a: Arceus|94\/100 brn|[from] brn\n|upkeep\n|turn|10\n|\n|t:|1700204200\n|move|p2a: Arceus|Extreme Speed|p1a: Arceus\n|-damage|p1a: Arceus|17\/100 brn\n|move|p1a: Arceus|Recover|p1a: Arceus\n|-heal|p1a: Arceus|67\/100 brn\n|\n|-heal|p2a: Arceus|100\/100 brn|[from] item: Leftovers\n|-damage|p1a: Arceus|61\/100 brn|[from] brn\n|-damage|p2a: Arceus|94\/100 brn|[from] brn\n|upkeep\n|turn|11\n|\n|t:|1700204223\n|move|p1a: Arceus|Extreme Speed|p2a: Arceus\n|-damage|p2a: Arceus|0 fnt\n|faint|p2a: Arceus\n|-damage|p1a: Arceus|51\/100 brn|[from] item: Life Orb\n|\n|-damage|p1a: Arceus|45\/100 brn|[from] brn\n|upkeep\n|\n|t:|1700204225\n|switch|p2a: Chien-Pao|Chien-Pao|100\/100\n|-ability|p2a: Chien-Pao|Sword of Ruin\n|turn|12\n|\n|t:|1700204229\n|move|p1a: Arceus|Extreme Speed|p2a: Chien-Pao\n|-damage|p2a: Chien-Pao|0 fnt\n|faint|p2a: Chien-Pao\n|-damage|p1a: Arceus|35\/100 brn|[from] item: Life Orb\n|\n|-damage|p1a: Arceus|29\/100 brn|[from] brn\n|upkeep\n|\n|t:|1700204233\n|switch|p2a: Miraidon|Miraidon|100\/100\n|-fieldstart|move: Electric Terrain|[from] ability: Hadron Engine|[of] p2a: Miraidon\n|turn|13\n|\n|t:|1700204237\n|move|p1a: Arceus|Extreme Speed|p2a: Miraidon\n|-enditem|p2a: Miraidon|Focus Sash\n|-damage|p2a: Miraidon|1\/100\n|-damage|p1a: Arceus|19\/100 brn|[from] item: Life Orb\n|move|p2a: Miraidon|Parabolic Charge|p1a: Arceus\n|-damage|p1a: Arceus|0 fnt\n|-heal|p2a: Miraidon|11\/100|[from] drain|[of] p1a: Arceus\n|faint|p1a: Arceus\n|\n|upkeep\n|\n|t:|1700204243\n|switch|p1a: Regieleki|Regieleki|100\/100\n|turn|14\n|\n|t:|1700204247\n|move|p1a: Regieleki|Rapid Spin|p2a: Miraidon\n|-damage|p2a: Miraidon|0 fnt\n|-boost|p1a: Regieleki|spe|1\n|-sideend|p1: RUMYMOME|Stealth Rock|[from] move: Rapid Spin|[of] p1a: Regieleki\n|faint|p2a: Miraidon\n|\n|upkeep\n|\n|t:|1700204250\n|switch|p2a: Great Tusk|Great Tusk|88\/100 brn\n|turn|15\n|\n|t:|1700204254\n|move|p1a: Regieleki|Thunderbolt|p2a: Great Tusk\n|-supereffective|p2a: Great Tusk\n|-damage|p2a: Great Tusk|0 fnt\n|faint|p2a: Great Tusk\n|-end|p2a: Great Tusk|Protosynthesis|[silent]\n|\n|win|RUMYMOME\n|n|\u2606RUMYMOME|rumymome\n|n|\u2606starfire77|starfire77\n|n|*Lady Monita \u2746|ladymonita\n","uploadtime":1700204254,"views":5,"p1id":"rumymome","p2id":"starfire77","formatid":"gen9ubers","rating":0,"private":0,"password":""}