{"id":"gen9ubers-1973863476","p1":"JamingT","p2":"ananymous123213","format":"[Gen 9] Ubers","log":"|j|\u2606JamingT\n|j|\u2606ananymous123213\n|t:|1698021850\n|gametype|singles\n|player|p1|JamingT|lady-gen4|1324\n|player|p2|ananymous123213|101|1474\n|teamsize|p1|6\n|teamsize|p2|6\n|gen|9\n|tier|[Gen 9] Ubers\n|rated|\n|rule|Sleep Clause Mod: Limit one foe put to sleep\n|rule|Species Clause: Limit one of each Pok\u00e9mon\n|rule|OHKO Clause: OHKO moves are banned\n|rule|Evasion Items Clause: Evasion items are banned\n|rule|Evasion Moves Clause: Evasion moves are banned\n|rule|Endless Battle Clause: Forcing endless battles is banned\n|rule|HP Percentage Mod: HP is shown in percentages\n|clearpoke\n|poke|p1|Arceus-Fairy|\n|poke|p1|Skeledirge, M|\n|poke|p1|Ting-Lu|\n|poke|p1|Dragonite, F|\n|poke|p1|Landorus-Therian, M|\n|poke|p1|Palkia-Origin|\n|poke|p2|Arceus-Ground|\n|poke|p2|Rayquaza|\n|poke|p2|Miraidon|\n|poke|p2|Iron Treads|\n|poke|p2|Kyogre|\n|poke|p2|Zacian-*|\n|teampreview\n|\n|t:|1698021862\n|start\n|switch|p1a: Landorus|Landorus-Therian, M|100\/100\n|switch|p2a: Miraidon|Miraidon|100\/100\n|-ability|p1a: Landorus|Intimidate|boost\n|-unboost|p2a: Miraidon|atk|1\n|-fieldstart|move: Electric Terrain|[from] ability: Hadron Engine|[of] p2a: Miraidon\n|turn|1\n|\n|t:|1698021870\n|move|p1a: Landorus|Earthquake|p2a: Miraidon\n|-supereffective|p2a: Miraidon\n|-damage|p2a: Miraidon|0 fnt\n|faint|p2a: Miraidon\n|\n|upkeep\n|\n|t:|1698021879\n|switch|p2a: Rayquaza|Rayquaza|100\/100\n|-ability|p2a: Rayquaza|Air Lock\n|turn|2\n|\n|t:|1698021885\n|switch|p1a: Ting-Lu|Ting-Lu|100\/100\n|-ability|p1a: Ting-Lu|Vessel of Ruin\n|move|p2a: Rayquaza|Swords Dance|p2a: Rayquaza\n|-boost|p2a: Rayquaza|atk|2\n|\n|upkeep\n|turn|3\n|\n|t:|1698021895\n|switch|p1a: Skeledirge|Skeledirge, M|100\/100\n|move|p2a: Rayquaza|Dragon Ascent|p1a: Skeledirge\n|-damage|p1a: Skeledirge|39\/100\n|-unboost|p2a: Rayquaza|def|1\n|-unboost|p2a: Rayquaza|spd|1\n|-damage|p2a: Rayquaza|91\/100|[from] item: Life Orb\n|\n|upkeep\n|turn|4\n|\n|t:|1698021908\n|switch|p1a: Landorus|Landorus-Therian, M|100\/100\n|-ability|p1a: Landorus|Intimidate|boost\n|-unboost|p2a: Rayquaza|atk|1\n|move|p2a: Rayquaza|Dragon Ascent|p1a: Landorus\n|-damage|p1a: Landorus|0 fnt\n|-unboost|p2a: Rayquaza|def|1\n|-unboost|p2a: Rayquaza|spd|1\n|faint|p1a: Landorus\n|-damage|p2a: Rayquaza|81\/100|[from] item: Life Orb\n|\n|upkeep\n|\n|t:|1698021917\n|switch|p1a: Palkia|Palkia-Origin|100\/100\n|-ability|p1a: Palkia|Pressure\n|turn|5\n|\n|t:|1698021927\n|switch|p2a: Zacian|Zacian-Crowned|100\/100\n|-ability|p2a: Zacian|Intrepid Sword|boost\n|-boost|p2a: Zacian|atk|1\n|move|p1a: Palkia|Draco Meteor|p2a: Zacian\n|-immune|p2a: Zacian\n|\n|-fieldend|move: Electric Terrain\n|upkeep\n|turn|6\n|\n|t:|1698021939\n|switch|p1a: Arceus|Arceus-Fairy|100\/100\n|move|p2a: Zacian|Trailblaze|p1a: Arceus\n|-damage|p1a: Arceus|84\/100\n|-boost|p2a: Zacian|spe|1\n|\n|upkeep\n|turn|7\n|inactive|Battle timer is ON: inactive players will automatically lose when time's up. (requested by ananymous123213)\n|\n|t:|1698021977\n|move|p2a: Zacian|Swords Dance|p2a: Zacian\n|-boost|p2a: Zacian|atk|2\n|move|p1a: Arceus|Taunt|p2a: Zacian\n|-start|p2a: Zacian|move: Taunt\n|\n|upkeep\n|turn|8\n|\n|t:|1698021981\n|move|p2a: Zacian|Behemoth Blade|p1a: Arceus\n|-supereffective|p1a: Arceus\n|-damage|p1a: Arceus|0 fnt\n|faint|p1a: Arceus\n|\n|upkeep\n|\n|t:|1698021992\n|switch|p1a: Skeledirge|Skeledirge, M|39\/100\n|turn|9\n|\n|t:|1698021998\n|move|p2a: Zacian|Behemoth Blade|p1a: Skeledirge\n|-resisted|p1a: Skeledirge\n|-damage|p1a: Skeledirge|23\/100\n|move|p1a: Skeledirge|Slack Off|p1a: Skeledirge\n|-heal|p1a: Skeledirge|73\/100\n|\n|upkeep\n|turn|10\n|\n|t:|1698022008\n|switch|p2a: Kyogre|Kyogre|100\/100\n|-weather|RainDance|[from] ability: Drizzle|[of] p2a: Kyogre\n|move|p1a: Skeledirge|Will-O-Wisp|p2a: Kyogre\n|-status|p2a: Kyogre|brn\n|\n|-weather|RainDance|[upkeep]\n|-damage|p2a: Kyogre|94\/100 brn|[from] brn\n|upkeep\n|turn|11\n|\n|t:|1698022015\n|switch|p1a: Palkia|Palkia-Origin|100\/100\n|-ability|p1a: Palkia|Pressure\n|move|p2a: Kyogre|Water Spout|p1a: Palkia\n|-resisted|p1a: Palkia\n|-damage|p1a: Palkia|74\/100\n|\n|-weather|RainDance|[upkeep]\n|-damage|p2a: Kyogre|88\/100 brn|[from] brn\n|upkeep\n|turn|12\n|\n|t:|1698022027\n|switch|p2a: Zacian|Zacian-Crowned|100\/100\n|move|p1a: Palkia|Hydro Pump|p2a: Zacian\n|-damage|p2a: Zacian|0 fnt\n|faint|p2a: Zacian\n|\n|-weather|RainDance|[upkeep]\n|upkeep\n|\n|t:|1698022032\n|switch|p2a: Rayquaza|Rayquaza|81\/100\n|-ability|p2a: Rayquaza|Air Lock\n|turn|13\n|\n|t:|1698022046\n|-terastallize|p2a: Rayquaza|Normal\n|move|p1a: Palkia|Draco Meteor|p2a: Rayquaza\n|-damage|p2a: Rayquaza|0 fnt\n|-unboost|p1a: Palkia|spa|2\n|faint|p2a: Rayquaza\n|\n|-weather|RainDance|[upkeep]\n|upkeep\n|\n|t:|1698022057\n|switch|p2a: Arceus|Arceus-Ground|100\/100\n|turn|14\n|\n|t:|1698022065\n|move|p1a: Palkia|Hydro Pump|p2a: Arceus\n|-supereffective|p2a: Arceus\n|-damage|p2a: Arceus|20\/100\n|move|p2a: Arceus|Dragon Dance|p2a: Arceus\n|-boost|p2a: Arceus|atk|1\n|-boost|p2a: Arceus|spe|1\n|\n|-weather|none\n|upkeep\n|turn|15\n|\n|t:|1698022075\n|switch|p1a: Skeledirge|Skeledirge, M|73\/100\n|move|p2a: Arceus|Earthquake|p1a: Skeledirge\n|-supereffective|p1a: Skeledirge\n|-crit|p1a: Skeledirge\n|-damage|p1a: Skeledirge|0 fnt\n|faint|p1a: Skeledirge\n|\n|upkeep\n|\n|t:|1698022078\n|switch|p1a: Dragonite|Dragonite, F|100\/100\n|turn|16\n|\n|t:|1698022086\n|switch|p2a: Iron Treads|Iron Treads|100\/100\n|move|p1a: Dragonite|Extreme Speed|p2a: Iron Treads\n|-resisted|p2a: Iron Treads\n|-damage|p2a: Iron Treads|88\/100\n|\n|upkeep\n|turn|17\n|\n|t:|1698022094\n|switch|p1a: Palkia|Palkia-Origin|74\/100\n|-ability|p1a: Palkia|Pressure\n|move|p2a: Iron Treads|Knock Off|p1a: Palkia\n|-damage|p1a: Palkia|54\/100\n|\n|upkeep\n|turn|18\n|\n|t:|1698022106\n|-end|p2a: Iron Treads|Quark Drive|[silent]\n|switch|p2a: Kyogre|Kyogre|88\/100 brn\n|-weather|RainDance|[from] ability: Drizzle|[of] p2a: Kyogre\n|move|p1a: Palkia|Hydro Pump|p2a: Kyogre\n|-resisted|p2a: Kyogre\n|-damage|p2a: Kyogre|42\/100 brn\n|\n|-weather|RainDance|[upkeep]\n|-damage|p2a: Kyogre|36\/100 brn|[from] brn\n|upkeep\n|turn|19\n|\n|t:|1698022113\n|move|p2a: Kyogre|Ice Beam|p1a: Palkia\n|-damage|p1a: Palkia|24\/100\n|move|p1a: Palkia|Hydro Pump|p2a: Kyogre\n|-resisted|p2a: Kyogre\n|-damage|p2a: Kyogre|0 fnt\n|faint|p2a: Kyogre\n|\n|-weather|RainDance|[upkeep]\n|upkeep\n|\n|t:|1698022121\n|switch|p2a: Iron Treads|Iron Treads|88\/100\n|turn|20\n|\n|t:|1698022125\n|move|p1a: Palkia|Hydro Pump|p2a: Iron Treads|[miss]\n|-miss|p1a: Palkia|p2a: Iron Treads\n|move|p2a: Iron Treads|Rapid Spin|p1a: Palkia\n|-damage|p1a: Palkia|7\/100\n|-boost|p2a: Iron Treads|spe|1\n|\n|-weather|RainDance|[upkeep]\n|upkeep\n|turn|21\n|\n|t:|1698022131\n|move|p2a: Iron Treads|Earthquake|p1a: Palkia\n|-damage|p1a: Palkia|0 fnt\n|faint|p1a: Palkia\n|\n|-weather|RainDance|[upkeep]\n|upkeep\n|\n|t:|1698022135\n|switch|p1a: Ting-Lu|Ting-Lu|100\/100\n|-ability|p1a: Ting-Lu|Vessel of Ruin\n|turn|22\n|\n|t:|1698022142\n|move|p2a: Iron Treads|Knock Off|p1a: Ting-Lu\n|-resisted|p1a: Ting-Lu\n|-damage|p1a: Ting-Lu|92\/100\n|-enditem|p1a: Ting-Lu|Leftovers|[from] move: Knock Off|[of] p2a: Iron Treads\n|move|p1a: Ting-Lu|Earthquake|p2a: Iron Treads\n|-supereffective|p2a: Iron Treads\n|-damage|p2a: Iron Treads|24\/100\n|\n|-weather|none\n|upkeep\n|turn|23\n|\n|t:|1698022148\n|move|p2a: Iron Treads|Earthquake|p1a: Ting-Lu\n|-damage|p1a: Ting-Lu|67\/100\n|move|p1a: Ting-Lu|Earthquake|p2a: Iron Treads\n|-supereffective|p2a: Iron Treads\n|-damage|p2a: Iron Treads|0 fnt\n|faint|p2a: Iron Treads\n|-end|p2a: Iron Treads|Quark Drive|[silent]\n|\n|upkeep\n|\n|t:|1698022151\n|switch|p2a: Arceus|Arceus-Ground|20\/100\n|turn|24\n|\n|t:|1698022156\n|move|p2a: Arceus|Earthquake|p1a: Ting-Lu\n|-damage|p1a: Ting-Lu|31\/100\n|move|p1a: Ting-Lu|Earthquake|p2a: Arceus\n|-damage|p2a: Arceus|0 fnt\n|faint|p2a: Arceus\n|\n|win|JamingT\n|raw|JamingT's rating: 1324 &rarr; <strong>1352<\/strong><br \/>(+28 for winning)\n|raw|ananymous123213's rating: 1474 &rarr; <strong>1446<\/strong><br \/>(-28 for losing)\n|l|\u2606ananymous123213\n","uploadtime":1698022171,"views":7,"p1id":"jamingt","p2id":"ananymous123213","formatid":"gen9ubers","rating":1352,"private":0,"password":""}