{"id":"gen9ubers-1989456779","p1":"Tarheel Tacticians","p2":"ArsenalFC0304","format":"[Gen 9] Ubers","log":"|j|\u2606Tarheel Tacticians\n|j|\u2606ArsenalFC0304\n|t:|1699853349\n|gametype|singles\n|player|p1|Tarheel Tacticians|2|\n|player|p2|ArsenalFC0304|102|\n|teamsize|p1|6\n|teamsize|p2|6\n|gen|9\n|tier|[Gen 9] Ubers\n|rule|Sleep Clause Mod: Limit one foe put to sleep\n|rule|Species Clause: Limit one of each Pok\u00e9mon\n|rule|OHKO Clause: OHKO moves are banned\n|rule|Evasion Items Clause: Evasion items are banned\n|rule|Evasion Moves Clause: Evasion moves are banned\n|rule|Endless Battle Clause: Forcing endless battles is banned\n|rule|HP Percentage Mod: HP is shown in percentages\n|clearpoke\n|poke|p1|Samurott-Hisui, M|\n|poke|p1|Gholdengo|\n|poke|p1|Goodra-Hisui, F|\n|poke|p1|Thundurus, M|\n|poke|p1|Skeledirge, F|\n|poke|p1|Toedscruel, M|\n|poke|p2|Volcarona, M|\n|poke|p2|Garganacl, M|\n|poke|p2|Pelipper, F|\n|poke|p2|Basculegion, M|\n|poke|p2|Brute Bonnet|\n|poke|p2|Dragapult, F|\n|teampreview\n|j| Trossly\n|j| KoziolKombat\n|\n|t:|1699853363\n|start\n|switch|p1a: Toedscruel|Toedscruel, M|100\/100\n|switch|p2a: Brute Bonnet|Brute Bonnet, shiny|100\/100\n|turn|1\n|j| Alpha Lopunny\n|l| Alpha Lopunny\n|\n|t:|1699853376\n|move|p1a: Toedscruel|Knock Off|p2a: Brute Bonnet\n|-resisted|p2a: Brute Bonnet\n|-damage|p2a: Brute Bonnet|95\/100\n|-enditem|p2a: Brute Bonnet|Loaded Dice|[from] move: Knock Off|[of] p1a: Toedscruel\n|move|p2a: Brute Bonnet|Bullet Seed|p1a: Toedscruel\n|-damage|p1a: Toedscruel|87\/100\n|-damage|p1a: Toedscruel|75\/100\n|-hitcount|p1a: Toedscruel|2\n|\n|-heal|p1a: Toedscruel|82\/100|[from] item: Leftovers\n|upkeep\n|turn|2\n|c| Trossly|HI\n|\n|t:|1699853389\n|switch|p1a: Skeledirge|Skeledirge, F|100\/100\n|move|p2a: Brute Bonnet|Stomping Tantrum|p1a: Skeledirge\n|-supereffective|p1a: Skeledirge\n|-damage|p1a: Skeledirge|64\/100\n|\n|-heal|p1a: Skeledirge|70\/100|[from] item: Leftovers\n|upkeep\n|turn|3\n|c| KoziolKombat|shalom\n|\n|t:|1699853397\n|move|p1a: Skeledirge|Torch Song|p2a: Brute Bonnet\n|-supereffective|p2a: Brute Bonnet\n|-damage|p2a: Brute Bonnet|47\/100\n|-boost|p1a: Skeledirge|spa|1\n|move|p2a: Brute Bonnet|Spore|p1a: Skeledirge\n|-status|p1a: Skeledirge|slp|[from] move: Spore\n|\n|-heal|p1a: Skeledirge|76\/100 slp|[from] item: Leftovers\n|upkeep\n|turn|4\n|\n|t:|1699853405\n|cant|p1a: Skeledirge|slp\n|move|p2a: Brute Bonnet|Stomping Tantrum|p1a: Skeledirge\n|-supereffective|p1a: Skeledirge\n|-damage|p1a: Skeledirge|43\/100 slp\n|\n|-heal|p1a: Skeledirge|49\/100 slp|[from] item: Leftovers\n|upkeep\n|turn|5\n|\n|t:|1699853412\n|cant|p1a: Skeledirge|slp\n|move|p2a: Brute Bonnet|Stomping Tantrum|p1a: Skeledirge\n|-supereffective|p1a: Skeledirge\n|-damage|p1a: Skeledirge|17\/100 slp\n|\n|-heal|p1a: Skeledirge|23\/100 slp|[from] item: Leftovers\n|upkeep\n|turn|6\n|\n|t:|1699853421\n|cant|p1a: Skeledirge|slp\n|move|p2a: Brute Bonnet|Stomping Tantrum|p1a: Skeledirge\n|-supereffective|p1a: Skeledirge\n|-damage|p1a: Skeledirge|0 fnt\n|faint|p1a: Skeledirge\n|\n|upkeep\n|\n|t:|1699853426\n|switch|p1a: Goodra|Goodra-Hisui, F|100\/100\n|turn|7\n|\n|t:|1699853434\n|move|p2a: Brute Bonnet|Stomping Tantrum|p1a: Goodra\n|-supereffective|p1a: Goodra\n|-damage|p1a: Goodra|46\/100\n|move|p1a: Goodra|Ice Beam|p2a: Brute Bonnet\n|-supereffective|p2a: Brute Bonnet\n|-damage|p2a: Brute Bonnet|0 fnt\n|faint|p2a: Brute Bonnet\n|-end|p2a: Brute Bonnet|Protosynthesis|[silent]\n|\n|upkeep\n|\n|t:|1699853441\n|switch|p2a: Garganacl|Garganacl, M, shiny|100\/100\n|turn|8\n|\n|t:|1699853444\n|switch|p1a: Toedscruel|Toedscruel, M|82\/100\n|move|p2a: Garganacl|Salt Cure|p1a: Toedscruel\n|-resisted|p1a: Toedscruel\n|-damage|p1a: Toedscruel|75\/100\n|-start|p1a: Toedscruel|Salt Cure\n|\n|-heal|p1a: Toedscruel|81\/100|[from] item: Leftovers\n|-damage|p1a: Toedscruel|69\/100|[from] Salt Cure\n|upkeep\n|turn|9\n|\n|t:|1699853473\n|switch|p2a: Dragapult|Dragapult, F, shiny|100\/100\n|move|p1a: Toedscruel|Spore|p2a: Dragapult\n|-status|p2a: Dragapult|slp|[from] move: Spore\n|\n|-heal|p1a: Toedscruel|75\/100|[from] item: Leftovers\n|-damage|p1a: Toedscruel|62\/100|[from] Salt Cure\n|upkeep\n|turn|10\n|\n|t:|1699853486\n|cant|p2a: Dragapult|slp\n|move|p1a: Toedscruel|Knock Off|p2a: Dragapult\n|-supereffective|p2a: Dragapult\n|-damage|p2a: Dragapult|60\/100 slp\n|-enditem|p2a: Dragapult|Heavy-Duty Boots|[from] move: Knock Off|[of] p1a: Toedscruel\n|\n|-heal|p1a: Toedscruel|68\/100|[from] item: Leftovers\n|-damage|p1a: Toedscruel|56\/100|[from] Salt Cure\n|upkeep\n|turn|11\n|\n|t:|1699853512\n|cant|p2a: Dragapult|slp\n|move|p1a: Toedscruel|Giga Drain|p2a: Dragapult\n|-resisted|p2a: Dragapult\n|-damage|p2a: Dragapult|45\/100 slp\n|-heal|p1a: Toedscruel|63\/100|[from] drain|[of] p2a: Dragapult\n|\n|-heal|p1a: Toedscruel|69\/100|[from] item: Leftovers\n|-damage|p1a: Toedscruel|57\/100|[from] Salt Cure\n|upkeep\n|turn|12\n|\n|t:|1699853522\n|-curestatus|p2a: Dragapult|slp|[msg]\n|move|p2a: Dragapult|Dragon Dance|p2a: Dragapult\n|-boost|p2a: Dragapult|atk|1\n|-boost|p2a: Dragapult|spe|1\n|move|p1a: Toedscruel|Leech Seed|p2a: Dragapult\n|-start|p2a: Dragapult|move: Leech Seed\n|\n|-heal|p1a: Toedscruel|63\/100|[from] item: Leftovers\n|-damage|p2a: Dragapult|32\/100|[from] Leech Seed|[of] p1a: Toedscruel\n|-heal|p1a: Toedscruel|73\/100|[silent]\n|-damage|p1a: Toedscruel|61\/100|[from] Salt Cure\n|upkeep\n|turn|13\n|\n|t:|1699853537\n|move|p2a: Dragapult|Dragon Darts|p1a: Toedscruel\n|-damage|p1a: Toedscruel|24\/100\n|-anim|p2a: Dragapult|Dragon Darts|p1a: Toedscruel\n|-damage|p1a: Toedscruel|0 fnt\n|faint|p1a: Toedscruel\n|\n|upkeep\n|\n|t:|1699853545\n|switch|p1a: Samurott|Samurott-Hisui, M, shiny|100\/100\n|turn|14\n|\n|t:|1699853553\n|move|p2a: Dragapult|Dragon Darts|p1a: Samurott\n|-damage|p1a: Samurott|48\/100\n|-anim|p2a: Dragapult|Dragon Darts|p1a: Samurott\n|-damage|p1a: Samurott|0 fnt\n|faint|p1a: Samurott\n|\n|upkeep\n|\n|t:|1699853560\n|switch|p1a: Thundurus|Thundurus, M|100\/100\n|turn|15\n|\n|t:|1699853565\n|move|p1a: Thundurus|Thunder Wave|p2a: Dragapult\n|-status|p2a: Dragapult|par\n|move|p2a: Dragapult|Dragon Darts|p1a: Thundurus\n|-damage|p1a: Thundurus|51\/100\n|-anim|p2a: Dragapult|Dragon Darts|p1a: Thundurus\n|-damage|p1a: Thundurus|5\/100\n|-enditem|p1a: Thundurus|Sitrus Berry|[eat]\n|-heal|p1a: Thundurus|30\/100|[from] item: Sitrus Berry\n|\n|-damage|p2a: Dragapult|20\/100 par|[from] Leech Seed|[of] p1a: Thundurus\n|-heal|p1a: Thundurus|41\/100|[silent]\n|upkeep\n|turn|16\n|\n|t:|1699853579\n|move|p2a: Dragapult|Sucker Punch|p1a: Thundurus\n|-damage|p1a: Thundurus|0 fnt\n|faint|p1a: Thundurus\n|\n|upkeep\n|\n|t:|1699853583\n|switch|p1a: Gholdengo|Gholdengo|100\/100\n|-item|p1a: Gholdengo|Air Balloon\n|turn|17\n|\n|t:|1699853598\n|move|p1a: Gholdengo|Nasty Plot|p1a: Gholdengo\n|-boost|p1a: Gholdengo|spa|2\n|move|p2a: Dragapult|Dragon Darts|p1a: Gholdengo\n|-resisted|p1a: Gholdengo\n|-damage|p1a: Gholdengo|77\/100\n|-enditem|p1a: Gholdengo|Air Balloon\n|-anim|p2a: Dragapult|Dragon Darts|p1a: Gholdengo\n|-resisted|p1a: Gholdengo\n|-damage|p1a: Gholdengo|55\/100\n|\n|-damage|p2a: Dragapult|8\/100 par|[from] Leech Seed|[of] p1a: Gholdengo\n|-heal|p1a: Gholdengo|68\/100|[silent]\n|upkeep\n|turn|18\n|\n|t:|1699853619\n|move|p1a: Gholdengo|Nasty Plot|p1a: Gholdengo\n|-boost|p1a: Gholdengo|spa|2\n|move|p2a: Dragapult|Dragon Darts|p1a: Gholdengo\n|-resisted|p1a: Gholdengo\n|-damage|p1a: Gholdengo|46\/100\n|-anim|p2a: Dragapult|Dragon Darts|p1a: Gholdengo\n|-resisted|p1a: Gholdengo\n|-damage|p1a: Gholdengo|24\/100\n|\n|-damage|p2a: Dragapult|0 fnt|[from] Leech Seed|[of] p1a: Gholdengo\n|-heal|p1a: Gholdengo|31\/100|[silent]\n|faint|p2a: Dragapult\n|upkeep\n|\n|t:|1699853632\n|switch|p2a: Volcarona|Volcarona, M, shiny|100\/100\n|turn|19\n|\n|t:|1699853638\n|move|p1a: Gholdengo|Make It Rain|p2a: Volcarona\n|-resisted|p2a: Volcarona\n|-damage|p2a: Volcarona|23\/100\n|-unboost|p1a: Gholdengo|spa|1\n|move|p2a: Volcarona|Fiery Dance|p1a: Gholdengo\n|-supereffective|p1a: Gholdengo\n|-damage|p1a: Gholdengo|0 fnt\n|-boost|p2a: Volcarona|spa|1\n|faint|p1a: Gholdengo\n|\n|upkeep\n|\n|t:|1699853649\n|switch|p1a: Goodra|Goodra-Hisui, F|46\/100\n|turn|20\n|\n|t:|1699853655\n|move|p2a: Volcarona|Fiery Dance|p1a: Goodra\n|-damage|p1a: Goodra|25\/100\n|move|p1a: Goodra|Earthquake|p2a: Volcarona\n|-damage|p2a: Volcarona|1\/100\n|\n|upkeep\n|turn|21\n|\n|t:|1699853664\n|move|p2a: Volcarona|Fiery Dance|p1a: Goodra\n|-damage|p1a: Goodra|2\/100\n|move|p1a: Goodra|Ice Beam|p2a: Volcarona\n|-resisted|p2a: Volcarona\n|-damage|p2a: Volcarona|0 fnt\n|faint|p2a: Volcarona\n|\n|upkeep\n|\n|t:|1699853675\n|switch|p2a: Pelipper|Pelipper, F, shiny|100\/100\n|-weather|RainDance|[from] ability: Drizzle|[of] p2a: Pelipper\n|turn|22\n|\n|t:|1699853682\n|-terastallize|p1a: Goodra|Steel\n|move|p2a: Pelipper|U-turn|p1a: Goodra\n|-resisted|p1a: Goodra\n|-damage|p1a: Goodra|0 fnt\n|faint|p1a: Goodra\n|\n|win|ArsenalFC0304\n","uploadtime":1699853689,"views":6,"p1id":"tarheeltacticians","p2id":"arsenalfc0304","formatid":"gen9ubers","rating":0,"private":0,"password":""}