{"id":"gen9ubers-1990923244","p1":"ilikeeatingcrayons","p2":"shinyjupiter37","format":"[Gen 9] Ubers","log":"|j|\u2606ilikeeatingcrayons\n|j|\u2606shinyjupiter37\n|t:|1700015590\n|gametype|singles\n|player|p1|ilikeeatingcrayons|youngster-gen4dp|\n|player|p2|shinyjupiter37|sabrina|\n|teamsize|p1|6\n|teamsize|p2|6\n|gen|9\n|tier|[Gen 9] Ubers\n|rule|Sleep Clause Mod: Limit one foe put to sleep\n|rule|Species Clause: Limit one of each Pok\u00e9mon\n|rule|OHKO Clause: OHKO moves are banned\n|rule|Evasion Items Clause: Evasion items are banned\n|rule|Evasion Moves Clause: Evasion moves are banned\n|rule|Endless Battle Clause: Forcing endless battles is banned\n|rule|HP Percentage Mod: HP is shown in percentages\n|clearpoke\n|poke|p1|Masquerain, F|\n|poke|p1|Gholdengo|\n|poke|p1|Cyclizar, M|\n|poke|p1|Zacian-*|\n|poke|p1|Chi-Yu|\n|poke|p1|Darkrai|\n|poke|p2|Tyranitar, F|\n|poke|p2|Ogerpon-Wellspring, F|\n|poke|p2|Landorus, M|\n|poke|p2|Clefable, M|\n|poke|p2|Garganacl, M|\n|poke|p2|Gholdengo|\n|teampreview\n|inactive|Battle timer is ON: inactive players will automatically lose when time's up. (requested by ilikeeatingcrayons)\n|inactive|shinyjupiter37 also wants the timer to be on.\n|\n|t:|1700015601\n|start\n|switch|p1a: Masquerain|Masquerain, F|100\/100\n|switch|p2a: Ogerpon|Ogerpon-Wellspring, F|100\/100\n|-ability|p1a: Masquerain|Intimidate|boost\n|-unboost|p2a: Ogerpon|atk|1\n|turn|1\n|\n|t:|1700015610\n|move|p2a: Ogerpon|Taunt|p1a: Masquerain\n|-start|p1a: Masquerain|move: Taunt\n|cant|p1a: Masquerain|move: Taunt|Sticky Web\n|\n|upkeep\n|turn|2\n|\n|t:|1700015615\n|switch|p1a: Cyclizar|Cyclizar, M|100\/100\n|move|p2a: Ogerpon|U-turn|p1a: Cyclizar\n|-damage|p1a: Cyclizar|74\/100\n|\n|t:|1700015621\n|switch|p2a: Clefable|Clefable, M, shiny|100\/100|[from] U-turn\n|\n|upkeep\n|turn|3\n|\n|t:|1700015632\n|move|p1a: Cyclizar|Shed Tail|p1a: Cyclizar\n|-start|p1a: Cyclizar|Substitute|[from] move: Shed Tail\n|-damage|p1a: Cyclizar|24\/100\n|\n|t:|1700015637\n|switch|p1a: Masquerain|Masquerain, F|100\/100|[from] Shed Tail\n|-ability|p1a: Masquerain|Intimidate|boost\n|-unboost|p2a: Clefable|atk|1\n|move|p2a: Clefable|Moonblast|p1a: Masquerain\n|-end|p1a: Masquerain|Substitute\n|\n|upkeep\n|turn|4\n|\n|t:|1700015649\n|move|p1a: Masquerain|Sticky Web|p2a: Clefable\n|-sidestart|p2: shinyjupiter37|move: Sticky Web\n|move|p2a: Clefable|Moonblast|p1a: Masquerain\n|-damage|p1a: Masquerain|66\/100\n|\n|upkeep\n|turn|5\n|\n|t:|1700015665\n|switch|p2a: Tyranitar|Tyranitar, F|100\/100\n|-activate|p2a: Tyranitar|move: Sticky Web\n|-unboost|p2a: Tyranitar|spe|1\n|-weather|Sandstorm|[from] ability: Sand Stream|[of] p2a: Tyranitar\n|move|p1a: Masquerain|Stun Spore|p2a: Tyranitar\n|-status|p2a: Tyranitar|par\n|\n|-weather|Sandstorm|[upkeep]\n|-damage|p1a: Masquerain|60\/100|[from] Sandstorm\n|upkeep\n|turn|6\n|\n|t:|1700015681\n|move|p2a: Tyranitar|Knock Off|p1a: Masquerain\n|-damage|p1a: Masquerain|0 fnt\n|-enditem|p1a: Masquerain|Focus Sash|[from] move: Knock Off|[of] p2a: Tyranitar\n|faint|p1a: Masquerain\n|\n|-weather|Sandstorm|[upkeep]\n|upkeep\n|\n|t:|1700015693\n|switch|p1a: Zacian|Zacian|100\/100\n|-ability|p1a: Zacian|Intrepid Sword|boost\n|-boost|p1a: Zacian|atk|1\n|turn|7\n|\n|t:|1700015709\n|switch|p2a: Gholdengo|Gholdengo|100\/100\n|-activate|p2a: Gholdengo|move: Sticky Web\n|-unboost|p2a: Gholdengo|spe|1\n|move|p1a: Zacian|Close Combat|p2a: Gholdengo\n|-immune|p2a: Gholdengo\n|\n|-weather|Sandstorm|[upkeep]\n|-damage|p1a: Zacian|94\/100|[from] Sandstorm\n|upkeep\n|turn|8\n|\n|t:|1700015717\n|-terastallize|p1a: Zacian|Fire\n|move|p1a: Zacian|Swords Dance|p1a: Zacian\n|-boost|p1a: Zacian|atk|2\n|move|p2a: Gholdengo|Nasty Plot|p2a: Gholdengo\n|-boost|p2a: Gholdengo|spa|2\n|\n|-weather|Sandstorm|[upkeep]\n|-damage|p1a: Zacian|88\/100|[from] Sandstorm\n|upkeep\n|turn|9\n|inactive|shinyjupiter37 has 270 seconds left.\n|\n|t:|1700015751\n|switch|p2a: Garganacl|Garganacl, M|100\/100\n|-activate|p2a: Garganacl|move: Sticky Web\n|-unboost|p2a: Garganacl|spe|1\n|move|p1a: Zacian|Tera Blast|p2a: Garganacl|[anim] Tera Blast Fire\n|-resisted|p2a: Garganacl\n|-damage|p2a: Garganacl|65\/100\n|\n|-weather|none\n|upkeep\n|turn|10\n|inactive|shinyjupiter37 has 270 seconds left.\n|\n|t:|1700015760\n|move|p1a: Zacian|Close Combat|p2a: Garganacl\n|-supereffective|p2a: Garganacl\n|-damage|p2a: Garganacl|0 fnt\n|-unboost|p1a: Zacian|def|1\n|-unboost|p1a: Zacian|spd|1\n|faint|p2a: Garganacl\n|\n|upkeep\n|inactive|shinyjupiter37 has 270 seconds left.\n|\n|t:|1700015768\n|switch|p2a: Landorus|Landorus, M|100\/100\n|turn|11\n|\n|t:|1700015776\n|move|p2a: Landorus|Rock Slide|p1a: Zacian\n|-supereffective|p1a: Zacian\n|-damage|p1a: Zacian|9\/100\n|cant|p1a: Zacian|flinch\n|\n|upkeep\n|turn|12\n|\n|t:|1700015783\n|switch|p1a: Gholdengo|Gholdengo|100\/100\n|move|p2a: Landorus|Rock Slide|p1a: Gholdengo\n|-resisted|p1a: Gholdengo\n|-damage|p1a: Gholdengo|86\/100\n|\n|upkeep\n|turn|13\n|\n|t:|1700015794\n|switch|p2a: Gholdengo|Gholdengo|100\/100\n|-activate|p2a: Gholdengo|move: Sticky Web\n|-unboost|p2a: Gholdengo|spe|1\n|move|p1a: Gholdengo|Trick|p2a: Gholdengo\n|-immune|p2a: Gholdengo|[from] ability: Good as Gold\n|\n|upkeep\n|turn|14\n|\n|t:|1700015804\n|switch|p1a: Chi-Yu|Chi-Yu|100\/100\n|-ability|p1a: Chi-Yu|Beads of Ruin\n|move|p2a: Gholdengo|Shadow Ball|p1a: Chi-Yu\n|-resisted|p1a: Chi-Yu\n|-damage|p1a: Chi-Yu|67\/100\n|-damage|p2a: Gholdengo|91\/100|[from] item: Life Orb\n|\n|upkeep\n|turn|15\n|\n|t:|1700015819\n|switch|p2a: Landorus|Landorus, M|100\/100\n|move|p1a: Chi-Yu|Overheat|p2a: Landorus\n|-damage|p2a: Landorus|0 fnt\n|-unboost|p1a: Chi-Yu|spa|2\n|faint|p2a: Landorus\n|\n|upkeep\n|\n|t:|1700015825\n|switch|p2a: Ogerpon|Ogerpon-Wellspring, F|100\/100\n|-activate|p2a: Ogerpon|move: Sticky Web\n|-unboost|p2a: Ogerpon|spe|1\n|turn|16\n|\n|t:|1700015841\n|-terastallize|p2a: Ogerpon|Water\n|detailschange|p2a: Ogerpon|Ogerpon-Wellspring-Tera, F, tera:Water\n|-ability|p2a: Ogerpon|Embody Aspect (Wellspring)|boost\n|-boost|p2a: Ogerpon|spd|1\n|move|p1a: Chi-Yu|Overheat|p2a: Ogerpon\n|-resisted|p2a: Ogerpon\n|-damage|p2a: Ogerpon|72\/100\n|-unboost|p1a: Chi-Yu|spa|2\n|move|p2a: Ogerpon|Ivy Cudgel|p1a: Chi-Yu|[anim] Ivy Cudgel Water\n|-supereffective|p1a: Chi-Yu\n|-crit|p1a: Chi-Yu\n|-damage|p1a: Chi-Yu|0 fnt\n|faint|p1a: Chi-Yu\n|\n|upkeep\n|\n|t:|1700015850\n|switch|p1a: Gholdengo|Gholdengo|86\/100\n|turn|17\n|\n|t:|1700015857\n|move|p1a: Gholdengo|Shadow Ball|p2a: Ogerpon\n|-damage|p2a: Ogerpon|39\/100\n|move|p2a: Ogerpon|U-turn|p1a: Gholdengo\n|-resisted|p1a: Gholdengo\n|-damage|p1a: Gholdengo|79\/100\n|\n|t:|1700015868\n|switch|p2a: Tyranitar|Tyranitar, F|100\/100 par|[from] U-turn\n|-activate|p2a: Tyranitar|move: Sticky Web\n|-unboost|p2a: Tyranitar|spe|1\n|-weather|Sandstorm|[from] ability: Sand Stream|[of] p2a: Tyranitar\n|\n|-weather|Sandstorm|[upkeep]\n|upkeep\n|turn|18\n|\n|t:|1700015877\n|move|p1a: Gholdengo|Shadow Ball|p2a: Tyranitar\n|-resisted|p2a: Tyranitar\n|-damage|p2a: Tyranitar|86\/100 par\n|cant|p2a: Tyranitar|par\n|\n|-weather|Sandstorm|[upkeep]\n|upkeep\n|turn|19\n|\n|t:|1700015882\n|move|p1a: Gholdengo|Shadow Ball|p2a: Tyranitar\n|-resisted|p2a: Tyranitar\n|-damage|p2a: Tyranitar|72\/100 par\n|move|p2a: Tyranitar|Knock Off|p1a: Gholdengo\n|-supereffective|p1a: Gholdengo\n|-damage|p1a: Gholdengo|0 fnt\n|-enditem|p1a: Gholdengo|Choice Scarf|[from] move: Knock Off|[of] p2a: Tyranitar\n|faint|p1a: Gholdengo\n|\n|-weather|Sandstorm|[upkeep]\n|upkeep\n|\n|t:|1700015885\n|switch|p1a: Darkrai|Darkrai|100\/100\n|turn|20\n|\n|t:|1700015892\n|switch|p2a: Clefable|Clefable, M, shiny|100\/100\n|-activate|p2a: Clefable|move: Sticky Web\n|-unboost|p2a: Clefable|spe|1\n|move|p1a: Darkrai|Dark Pulse|p2a: Clefable\n|-resisted|p2a: Clefable\n|-damage|p2a: Clefable|83\/100\n|\n|-weather|Sandstorm|[upkeep]\n|-damage|p1a: Darkrai|94\/100|[from] Sandstorm\n|-heal|p1a: Darkrai|100\/100|[from] item: Leftovers\n|-heal|p2a: Clefable|89\/100|[from] item: Leftovers\n|upkeep\n|turn|21\n|\n|t:|1700015901\n|move|p1a: Darkrai|Tera Blast|p2a: Clefable\n|-damage|p2a: Clefable|64\/100\n|move|p2a: Clefable|Moonblast|p1a: Darkrai\n|-supereffective|p1a: Darkrai\n|-damage|p1a: Darkrai|19\/100\n|\n|-weather|none\n|-heal|p1a: Darkrai|25\/100|[from] item: Leftovers\n|-heal|p2a: Clefable|70\/100|[from] item: Leftovers\n|upkeep\n|turn|22\n|\n|t:|1700015908\n|move|p1a: Darkrai|Tera Blast|p2a: Clefable\n|-damage|p2a: Clefable|44\/100\n|move|p2a: Clefable|Moonblast|p1a: Darkrai\n|-supereffective|p1a: Darkrai\n|-damage|p1a: Darkrai|0 fnt\n|faint|p1a: Darkrai\n|\n|-heal|p2a: Clefable|50\/100|[from] item: Leftovers\n|upkeep\n|\n|t:|1700015919\n|switch|p1a: Zacian|Zacian, tera:Fire|9\/100\n|turn|23\n|\n|t:|1700015927\n|move|p2a: Clefable|Protect|p2a: Clefable\n|-singleturn|p2a: Clefable|Protect\n|move|p1a: Zacian|Play Rough|p2a: Clefable\n|-activate|p2a: Clefable|move: Protect\n|\n|-heal|p2a: Clefable|56\/100|[from] item: Leftovers\n|upkeep\n|turn|24\n|\n|t:|1700015935\n|move|p1a: Zacian|Play Rough|p2a: Clefable|[miss]\n|-miss|p1a: Zacian|p2a: Clefable\n|move|p2a: Clefable|Chilling Water|p1a: Zacian\n|-supereffective|p1a: Zacian\n|-damage|p1a: Zacian|0 fnt\n|faint|p1a: Zacian\n|\n|-heal|p2a: Clefable|62\/100|[from] item: Leftovers\n|upkeep\n|\n|t:|1700015938\n|switch|p1a: Cyclizar|Cyclizar, M|57\/100\n|turn|25\n|c|\u2606ilikeeatingcrayons|Gg\n|\n|t:|1700015948\n|move|p1a: Cyclizar|Knock Off|p2a: Clefable\n|-resisted|p2a: Clefable\n|-damage|p2a: Clefable|54\/100\n|-enditem|p2a: Clefable|Leftovers|[from] move: Knock Off|[of] p1a: Cyclizar\n|move|p2a: Clefable|Moonblast|p1a: Cyclizar\n|-supereffective|p1a: Cyclizar\n|-crit|p1a: Cyclizar\n|-damage|p1a: Cyclizar|0 fnt\n|faint|p1a: Cyclizar\n|\n|win|shinyjupiter37\n|c|\u2606shinyjupiter37|gg!\n|c|\u2606ilikeeatingcrayons|Could you send the replay?\n|c|\u2606shinyjupiter37|Yeah!\n|c|\u2606ilikeeatingcrayons|Thx man\n","uploadtime":1700015965,"views":19,"p1id":"ilikeeatingcrayons","p2id":"shinyjupiter37","formatid":"gen9ubers","rating":0,"private":0,"password":""}