{"id":"gen9ubers-1977611414","p1":"WishNM","p2":"Nucleartogepis","format":"[Gen 9] Ubers","log":"|j|\u2606WishNM\n|j|\u2606Nucleartogepis\n|t:|1698431729\n|gametype|singles\n|player|p1|WishNM|n|\n|player|p2|Nucleartogepis|blue|\n|teamsize|p1|6\n|teamsize|p2|6\n|gen|9\n|tier|[Gen 9] Ubers\n|rule|Sleep Clause Mod: Limit one foe put to sleep\n|rule|Species Clause: Limit one of each Pok\u00e9mon\n|rule|OHKO Clause: OHKO moves are banned\n|rule|Evasion Items Clause: Evasion items are banned\n|rule|Evasion Moves Clause: Evasion moves are banned\n|rule|Endless Battle Clause: Forcing endless battles is banned\n|rule|HP Percentage Mod: HP is shown in percentages\n|clearpoke\n|poke|p1|Tornadus-Therian, M|\n|poke|p1|Rotom-Wash|\n|poke|p1|Lycanroc-Dusk, M|\n|poke|p1|Zoroark-Hisui, F|\n|poke|p1|Tsareena, F|\n|poke|p1|Heatran, F|\n|poke|p2|Ludicolo, M|\n|poke|p2|Pelipper, M|\n|poke|p2|Gholdengo|\n|poke|p2|Overqwil, F|\n|poke|p2|Garganacl, F|\n|poke|p2|Ribombee, M|\n|teampreview\n|c|\u2606Nucleartogepis|glhf\n|c|\u2606WishNM|u2\n|\n|t:|1698431772\n|start\n|switch|p1a: Rotom|Rotom-Wash|100\/100\n|switch|p2a: Garganacl|Garganacl, F|100\/100\n|turn|1\n|\n|t:|1698431785\n|switch|p2a: Ludicolo|Ludicolo, M|100\/100\n|move|p1a: Rotom|Hydro Pump|p2a: Ludicolo\n|-resisted|p2a: Ludicolo\n|-damage|p2a: Ludicolo|85\/100\n|\n|upkeep\n|turn|2\n|j| ShadowTagPorygon\n|\n|t:|1698431826\n|switch|p1a: Tornadus|Tornadus-Therian, M|100\/100\n|move|p2a: Ludicolo|Ice Beam|p1a: Tornadus\n|-supereffective|p1a: Tornadus\n|-damage|p1a: Tornadus|48\/100\n|-damage|p2a: Ludicolo|75\/100|[from] item: Life Orb\n|\n|upkeep\n|turn|3\n|j| Contest hater\n|\n|t:|1698431842\n|switch|p2a: Garganacl|Garganacl, F|100\/100\n|move|p1a: Tornadus|Bleakwind Storm|p2a: Garganacl\n|-resisted|p2a: Garganacl\n|-damage|p2a: Garganacl|78\/100\n|-unboost|p2a: Garganacl|spe|1\n|\n|-heal|p2a: Garganacl|84\/100|[from] item: Leftovers\n|upkeep\n|turn|4\n|l| Contest hater\n|\n|t:|1698431856\n|move|p1a: Tornadus|U-turn|p2a: Garganacl\n|-damage|p2a: Garganacl|76\/100\n|\n|t:|1698431870\n|switch|p1a: Tsareena|Tsareena, F, shiny|100\/100|[from] U-turn\n|move|p2a: Garganacl|Stealth Rock|p1a: Tsareena\n|-sidestart|p1: WishNM|move: Stealth Rock\n|\n|-heal|p2a: Garganacl|83\/100|[from] item: Leftovers\n|upkeep\n|turn|5\n|\n|t:|1698431887\n|switch|p2a: Gholdengo|Gholdengo|100\/100\n|move|p1a: Tsareena|Power Whip|p2a: Gholdengo|[miss]\n|-miss|p1a: Tsareena|p2a: Gholdengo\n|\n|upkeep\n|turn|6\n|\n|t:|1698431895\n|move|p2a: Gholdengo|Thunder Wave|p1a: Tsareena\n|-status|p1a: Tsareena|par\n|move|p1a: Tsareena|Knock Off|p2a: Gholdengo\n|-supereffective|p2a: Gholdengo\n|-damage|p2a: Gholdengo|34\/100\n|-enditem|p2a: Gholdengo|Leftovers|[from] move: Knock Off|[of] p1a: Tsareena\n|\n|upkeep\n|turn|7\n|\n|t:|1698431906\n|move|p2a: Gholdengo|Recover|p2a: Gholdengo\n|-heal|p2a: Gholdengo|84\/100\n|cant|p1a: Tsareena|par\n|\n|upkeep\n|turn|8\n|\n|t:|1698431925\n|move|p2a: Gholdengo|Make It Rain|p1a: Tsareena\n|-damage|p1a: Tsareena|51\/100 par\n|-unboost|p2a: Gholdengo|spa|1\n|move|p1a: Tsareena|Knock Off|p2a: Gholdengo\n|-supereffective|p2a: Gholdengo\n|-damage|p2a: Gholdengo|40\/100\n|\n|upkeep\n|turn|9\n|\n|t:|1698431933\n|move|p2a: Gholdengo|Recover|p2a: Gholdengo\n|-heal|p2a: Gholdengo|90\/100\n|move|p1a: Tsareena|Knock Off|p2a: Gholdengo\n|-supereffective|p2a: Gholdengo\n|-damage|p2a: Gholdengo|48\/100\n|\n|upkeep\n|turn|10\n|\n|t:|1698431959\n|switch|p2a: Pelipper|Pelipper, M|100\/100\n|-weather|RainDance|[from] ability: Drizzle|[of] p2a: Pelipper\n|switch|p1a: Heatran|Heatran, F|100\/100\n|-damage|p1a: Heatran|88\/100|[from] Stealth Rock\n|\n|-weather|RainDance|[upkeep]\n|-heal|p1a: Heatran|94\/100|[from] item: Leftovers\n|upkeep\n|turn|11\n|\n|t:|1698431995\n|switch|p1a: Rotom|Rotom-Wash|100\/100\n|-damage|p1a: Rotom|88\/100|[from] Stealth Rock\n|move|p2a: Pelipper|Hydro Pump|p1a: Rotom\n|-resisted|p1a: Rotom\n|-damage|p1a: Rotom|54\/100\n|\n|-weather|RainDance|[upkeep]\n|upkeep\n|turn|12\n|\n|t:|1698432021\n|switch|p2a: Ribombee|Ribombee, M|100\/100\n|move|p1a: Rotom|Thunder|p2a: Ribombee\n|-damage|p2a: Ribombee|2\/100\n|\n|-weather|RainDance|[upkeep]\n|upkeep\n|turn|13\n|\n|t:|1698432031\n|move|p1a: Rotom|Thunder|p2a: Ribombee\n|-damage|p2a: Ribombee|0 fnt\n|faint|p2a: Ribombee\n|\n|-weather|RainDance|[upkeep]\n|upkeep\n|\n|t:|1698432102\n|switch|p2a: Overqwil|Overqwil, F|100\/100\n|turn|14\n|\n|t:|1698432126\n|switch|p1a: Tsareena|Tsareena, F, shiny|51\/100 par\n|-damage|p1a: Tsareena|39\/100 par|[from] Stealth Rock\n|move|p2a: Overqwil|Poison Jab|p1a: Tsareena\n|-supereffective|p1a: Tsareena\n|-damage|p1a: Tsareena|0 fnt\n|faint|p1a: Tsareena\n|-damage|p2a: Overqwil|91\/100|[from] item: Life Orb\n|\n|-weather|RainDance|[upkeep]\n|upkeep\n|\n|t:|1698432159\n|switch|p1a: Heatran|Heatran, F|94\/100\n|-damage|p1a: Heatran|82\/100|[from] Stealth Rock\n|turn|15\n|\n|t:|1698432192\n|-terastallize|p2a: Overqwil|Water\n|move|p2a: Overqwil|Liquidation|p1a: Heatran\n|-supereffective|p1a: Heatran\n|-damage|p1a: Heatran|0 fnt\n|-status|p2a: Overqwil|brn|[from] ability: Flame Body|[of] p1a: Heatran\n|faint|p1a: Heatran\n|-damage|p2a: Overqwil|81\/100 brn|[from] item: Life Orb\n|\n|-weather|RainDance|[upkeep]\n|-damage|p2a: Overqwil|74\/100 brn|[from] brn\n|upkeep\n|c|\u2606Nucleartogepis|what\n|\n|t:|1698432206\n|switch|p1a: Rotom|Rotom-Wash|54\/100\n|-damage|p1a: Rotom|42\/100|[from] Stealth Rock\n|turn|16\n|c|\u2606Nucleartogepis|it gets flame body? lmao\n|\n|t:|1698432218\n|move|p2a: Overqwil|Poison Jab|p1a: Rotom\n|-damage|p1a: Rotom|9\/100\n|-status|p1a: Rotom|psn\n|-damage|p2a: Overqwil|64\/100 brn|[from] item: Life Orb\n|move|p1a: Rotom|Thunder|p2a: Overqwil\n|-supereffective|p2a: Overqwil\n|-damage|p2a: Overqwil|0 fnt\n|faint|p2a: Overqwil\n|\n|-weather|RainDance|[upkeep]\n|-damage|p1a: Rotom|0 fnt|[from] psn\n|faint|p1a: Rotom\n|upkeep\n|c| ShadowTagPorygon|Dream world ability\n|c|\u2606Nucleartogepis|LOL\n|c|\u2606Nucleartogepis|gen 5 is fun\n|\n|t:|1698432300\n|switch|p2a: Ludicolo|Ludicolo, M|75\/100\n|switch|p1a: Tornadus|Tornadus-Therian, M|100\/100\n|-damage|p1a: Tornadus|88\/100|[from] Stealth Rock\n|turn|17\n|\n|t:|1698432336\n|move|p2a: Ludicolo|Fake Out|p1a: Tornadus\n|-immune|p1a: Tornadus\n|move|p1a: Tornadus|Sludge Bomb|p2a: Ludicolo\n|-supereffective|p2a: Ludicolo\n|-damage|p2a: Ludicolo|2\/100\n|-status|p2a: Ludicolo|psn\n|\n|-weather|none\n|-damage|p2a: Ludicolo|0 fnt|[from] psn\n|faint|p2a: Ludicolo\n|upkeep\n|\n|t:|1698432342\n|switch|p2a: Garganacl|Garganacl, F|83\/100\n|turn|18\n|c|\u2606Nucleartogepis|i've been bamboozled\n|\n|t:|1698432392\n|move|p1a: Tornadus|Grass Knot|p2a: Garganacl\n|-supereffective|p2a: Garganacl\n|-damage|p2a: Garganacl|1\/100\n|move|p2a: Garganacl|Salt Cure|p1a: Tornadus\n|-crit|p1a: Tornadus\n|-damage|p1a: Tornadus|42\/100\n|-start|p1a: Tornadus|Salt Cure\n|replace|p1a: Zoroark|Zoroark-Hisui, F, shiny\n|-end|p1a: Zoroark|Illusion\n|\n|-heal|p2a: Garganacl|8\/100|[from] item: Leftovers\n|-damage|p1a: Zoroark|29\/100|[from] Salt Cure\n|upkeep\n|turn|19\n|\n|t:|1698432413\n|move|p1a: Zoroark|Grass Knot|p2a: Garganacl\n|-supereffective|p2a: Garganacl\n|-damage|p2a: Garganacl|0 fnt\n|faint|p2a: Garganacl\n|\n|-damage|p1a: Zoroark|17\/100|[from] Salt Cure\n|upkeep\n|\n|t:|1698432436\n|switch|p2a: Pelipper|Pelipper, M|100\/100\n|-weather|RainDance|[from] ability: Drizzle|[of] p2a: Pelipper\n|turn|20\n|\n|t:|1698432464\n|move|p1a: Zoroark|Shadow Ball|p2a: Pelipper\n|-damage|p2a: Pelipper|41\/100\n|move|p2a: Pelipper|Roost|p2a: Pelipper\n|-heal|p2a: Pelipper|91\/100\n|-singleturn|p2a: Pelipper|move: Roost\n|\n|-weather|RainDance|[upkeep]\n|-damage|p1a: Zoroark|4\/100|[from] Salt Cure\n|upkeep\n|turn|21\n|\n|t:|1698432473\n|move|p1a: Zoroark|Shadow Ball|p2a: Pelipper\n|-damage|p2a: Pelipper|30\/100\n|move|p2a: Pelipper|Roost|p2a: Pelipper\n|-heal|p2a: Pelipper|80\/100\n|-singleturn|p2a: Pelipper|move: Roost\n|\n|-weather|RainDance|[upkeep]\n|-damage|p1a: Zoroark|0 fnt|[from] Salt Cure\n|faint|p1a: Zoroark\n|upkeep\n|\n|t:|1698432506\n|switch|p1a: Tornadus|Tornadus-Therian, M|81\/100\n|-damage|p1a: Tornadus|56\/100|[from] Stealth Rock\n|turn|22\n|\n|t:|1698432534\n|move|p1a: Tornadus|Bleakwind Storm|p2a: Pelipper\n|-damage|p2a: Pelipper|5\/100\n|-unboost|p2a: Pelipper|spe|1\n|move|p2a: Pelipper|Roost|p2a: Pelipper\n|-heal|p2a: Pelipper|55\/100\n|-singleturn|p2a: Pelipper|move: Roost\n|\n|-weather|RainDance|[upkeep]\n|upkeep\n|turn|23\n|\n|t:|1698432543\n|move|p1a: Tornadus|Bleakwind Storm|p2a: Pelipper\n|-crit|p2a: Pelipper\n|-damage|p2a: Pelipper|0 fnt\n|faint|p2a: Pelipper\n|\n|-weather|RainDance|[upkeep]\n|upkeep\n|\n|t:|1698432545\n|switch|p2a: Gholdengo|Gholdengo|48\/100\n|turn|24\n|\n|t:|1698432562\n|move|p1a: Tornadus|Bleakwind Storm|p2a: Gholdengo\n|-resisted|p2a: Gholdengo\n|-damage|p2a: Gholdengo|22\/100\n|move|p2a: Gholdengo|Recover|p2a: Gholdengo\n|-heal|p2a: Gholdengo|72\/100\n|\n|-weather|RainDance|[upkeep]\n|upkeep\n|turn|25\n|\n|t:|1698432575\n|move|p1a: Tornadus|Bleakwind Storm|p2a: Gholdengo\n|-resisted|p2a: Gholdengo\n|-damage|p2a: Gholdengo|48\/100\n|move|p2a: Gholdengo|Thunder Wave|p1a: Tornadus|[miss]\n|-miss|p2a: Gholdengo|p1a: Tornadus\n|\n|-weather|RainDance|[upkeep]\n|upkeep\n|turn|26\n|\n|t:|1698432580\n|move|p1a: Tornadus|Bleakwind Storm|p2a: Gholdengo\n|-resisted|p2a: Gholdengo\n|-damage|p2a: Gholdengo|24\/100\n|-unboost|p2a: Gholdengo|spe|1\n|move|p2a: Gholdengo|Recover|p2a: Gholdengo\n|-heal|p2a: Gholdengo|74\/100\n|\n|-weather|RainDance|[upkeep]\n|upkeep\n|turn|27\n|\n|t:|1698432583\n|move|p1a: Tornadus|Bleakwind Storm|p2a: Gholdengo\n|-resisted|p2a: Gholdengo\n|-damage|p2a: Gholdengo|51\/100\n|-unboost|p2a: Gholdengo|spe|1\n|move|p2a: Gholdengo|Recover|p2a: Gholdengo\n|-heal|p2a: Gholdengo|100\/100\n|\n|-weather|none\n|upkeep\n|turn|28\n|\n|t:|1698432586\n|move|p1a: Tornadus|Bleakwind Storm|p2a: Gholdengo\n|-resisted|p2a: Gholdengo\n|-damage|p2a: Gholdengo|78\/100\n|move|p2a: Gholdengo|Thunder|p1a: Tornadus\n|-supereffective|p1a: Tornadus\n|-damage|p1a: Tornadus|0 fnt\n|faint|p1a: Tornadus\n|\n|upkeep\n|\n|t:|1698432589\n|switch|p1a: Lycanroc|Lycanroc-Dusk, M|100\/100\n|-damage|p1a: Lycanroc|88\/100|[from] Stealth Rock\n|turn|29\n|\n|t:|1698432615\n|move|p1a: Lycanroc|Crunch|p2a: Gholdengo\n|-supereffective|p2a: Gholdengo\n|-damage|p2a: Gholdengo|0 fnt\n|faint|p2a: Gholdengo\n|\n|win|WishNM\n|c|\u2606WishNM|gg\n|c|\u2606Nucleartogepis|gg\n|c| ShadowTagPorygon|Good games y'all\n","uploadtime":1698432632,"views":42,"p1id":"wishnm","p2id":"nucleartogepis","formatid":"gen9ubers","rating":0,"private":0,"password":""}