{"id":"gen9ubers-1987868206","p1":"Illinoids","p2":"What is a lettuce","format":"[Gen 9] Ubers","log":"|j|\u2606Illinoids\n|j|\u2606What is a lettuce\n|t:|1699644251\n|gametype|singles\n|player|p1|Illinoids|cheryl|1205\n|player|p2|What is a lettuce|169|1124\n|teamsize|p1|6\n|teamsize|p2|6\n|gen|9\n|tier|[Gen 9] Ubers\n|rated|\n|rule|Sleep Clause Mod: Limit one foe put to sleep\n|rule|Species Clause: Limit one of each Pok\u00e9mon\n|rule|OHKO Clause: OHKO moves are banned\n|rule|Evasion Items Clause: Evasion items are banned\n|rule|Evasion Moves Clause: Evasion moves are banned\n|rule|Endless Battle Clause: Forcing endless battles is banned\n|rule|HP Percentage Mod: HP is shown in percentages\n|clearpoke\n|poke|p1|Arceus-Fairy|\n|poke|p1|Zacian-*|\n|poke|p1|Koraidon|\n|poke|p1|Ribombee, F|\n|poke|p1|Gholdengo|\n|poke|p1|Gliscor, M|\n|poke|p2|Kyogre|\n|poke|p2|Zacian-*|\n|poke|p2|Regieleki|\n|poke|p2|Koraidon|\n|poke|p2|Ribombee, F|\n|poke|p2|Miraidon|\n|teampreview\n|inactive|Battle timer is ON: inactive players will automatically lose when time's up. (requested by Illinoids)\n|\n|t:|1699644272\n|start\n|switch|p1a: Ribombee|Ribombee, F|100\/100\n|switch|p2a: Zacian|Zacian-Crowned|100\/100\n|-ability|p2a: Zacian|Intrepid Sword|boost\n|-boost|p2a: Zacian|atk|1\n|turn|1\n|\n|t:|1699644279\n|move|p2a: Zacian|Behemoth Blade|p1a: Ribombee\n|-supereffective|p1a: Ribombee\n|-enditem|p1a: Ribombee|Focus Sash\n|-damage|p1a: Ribombee|1\/100\n|move|p1a: Ribombee|Stun Spore|p2a: Zacian\n|-status|p2a: Zacian|par\n|\n|upkeep\n|turn|2\n|\n|t:|1699644291\n|switch|p2a: Regieleki|Regieleki|100\/100\n|move|p1a: Ribombee|Sticky Web|p2a: Regieleki\n|-sidestart|p2: What is a lettuce|move: Sticky Web\n|\n|upkeep\n|turn|3\n|\n|t:|1699644297\n|switch|p1a: Gholdengo|Gholdengo|100\/100\n|-item|p1a: Gholdengo|Air Balloon\n|move|p2a: Regieleki|Rapid Spin|p1a: Gholdengo\n|-immune|p1a: Gholdengo\n|\n|upkeep\n|turn|4\n|\n|t:|1699644307\n|switch|p2a: Zacian|Zacian-Crowned|100\/100 par\n|-activate|p2a: Zacian|move: Sticky Web\n|-unboost|p2a: Zacian|spe|1\n|move|p1a: Gholdengo|Nasty Plot|p1a: Gholdengo\n|-boost|p1a: Gholdengo|spa|2\n|\n|upkeep\n|turn|5\n|\n|t:|1699644319\n|move|p1a: Gholdengo|Make It Rain|p2a: Zacian\n|-damage|p2a: Zacian|0 fnt\n|-unboost|p1a: Gholdengo|spa|1\n|faint|p2a: Zacian\n|\n|upkeep\n|\n|t:|1699644333\n|switch|p2a: Regieleki|Regieleki|100\/100\n|-activate|p2a: Regieleki|move: Sticky Web\n|-unboost|p2a: Regieleki|spe|1\n|turn|6\n|\n|t:|1699644341\n|move|p2a: Regieleki|Volt Switch|p1a: Gholdengo\n|-damage|p1a: Gholdengo|26\/100\n|-enditem|p1a: Gholdengo|Air Balloon\n|\n|t:|1699644348\n|switch|p2a: Miraidon|Miraidon|100\/100|[from] Volt Switch\n|-activate|p2a: Miraidon|move: Sticky Web\n|-unboost|p2a: Miraidon|spe|1\n|-fieldstart|move: Electric Terrain|[from] ability: Hadron Engine|[of] p2a: Miraidon\n|move|p1a: Gholdengo|Nasty Plot|p1a: Gholdengo\n|-boost|p1a: Gholdengo|spa|2\n|\n|upkeep\n|turn|7\n|\n|t:|1699644359\n|move|p1a: Gholdengo|Shadow Ball|p2a: Miraidon\n|-damage|p2a: Miraidon|8\/100\n|move|p2a: Miraidon|Electro Drift|p1a: Gholdengo\n|-damage|p1a: Gholdengo|0 fnt\n|faint|p1a: Gholdengo\n|\n|upkeep\n|\n|t:|1699644368\n|switch|p1a: Ribombee|Ribombee, F|1\/100\n|turn|8\n|\n|t:|1699644373\n|move|p1a: Ribombee|Moonblast|p2a: Miraidon\n|-supereffective|p2a: Miraidon\n|-damage|p2a: Miraidon|0 fnt\n|faint|p2a: Miraidon\n|\n|upkeep\n|\n|t:|1699644375\n|switch|p2a: Regieleki|Regieleki|100\/100\n|-activate|p2a: Regieleki|move: Sticky Web\n|-unboost|p2a: Regieleki|spe|1\n|turn|9\n|\n|t:|1699644382\n|move|p1a: Ribombee|Stun Spore|p2a: Regieleki\n|-immune|p2a: Regieleki\n|move|p2a: Regieleki|Rapid Spin|p1a: Ribombee\n|-damage|p1a: Ribombee|0 fnt\n|-boost|p2a: Regieleki|spe|1\n|-sideend|p2: What is a lettuce|Sticky Web|[from] move: Rapid Spin|[of] p2a: Regieleki\n|faint|p1a: Ribombee\n|\n|upkeep\n|\n|t:|1699644394\n|switch|p1a: Koraidon|Koraidon|100\/100\n|-weather|SunnyDay|[from] ability: Orichalcum Pulse|[of] p1a: Koraidon\n|-activate|p1a: Koraidon|Orichalcum Pulse|[source]\n|turn|10\n|\n|t:|1699644410\n|switch|p2a: Koraidon|Koraidon|100\/100\n|-activate|p2a: Koraidon|ability: Orichalcum Pulse\n|move|p1a: Koraidon|U-turn|p2a: Koraidon\n|-resisted|p2a: Koraidon\n|-damage|p2a: Koraidon|86\/100\n|\n|t:|1699644418\n|switch|p1a: Zacian|Zacian-Crowned|100\/100|[from] U-turn\n|-ability|p1a: Zacian|Intrepid Sword|boost\n|-boost|p1a: Zacian|atk|1\n|\n|-weather|SunnyDay|[upkeep]\n|-fieldend|move: Electric Terrain\n|upkeep\n|turn|11\n|\n|t:|1699644446\n|move|p1a: Zacian|Substitute|p1a: Zacian\n|-start|p1a: Zacian|Substitute\n|-damage|p1a: Zacian|76\/100\n|move|p2a: Koraidon|Flare Blitz|p1a: Zacian\n|-supereffective|p1a: Zacian\n|-end|p1a: Zacian|Substitute\n|-damage|p2a: Koraidon|78\/100|[from] Recoil|[of] p1a: Zacian\n|\n|-weather|SunnyDay|[upkeep]\n|upkeep\n|turn|12\n|\n|t:|1699644458\n|move|p1a: Zacian|Play Rough|p2a: Koraidon\n|-supereffective|p2a: Koraidon\n|-damage|p2a: Koraidon|0 fnt\n|faint|p2a: Koraidon\n|\n|-weather|SunnyDay|[upkeep]\n|upkeep\n|\n|t:|1699644465\n|switch|p2a: Ribombee|Ribombee, F|100\/100\n|turn|13\n|\n|t:|1699644472\n|move|p1a: Zacian|Substitute|p1a: Zacian\n|-start|p1a: Zacian|Substitute\n|-damage|p1a: Zacian|51\/100\n|move|p2a: Ribombee|Sticky Web|p1a: Zacian\n|-sidestart|p1: Illinoids|move: Sticky Web\n|\n|-weather|SunnyDay|[upkeep]\n|upkeep\n|turn|14\n|\n|t:|1699644479\n|move|p1a: Zacian|Swords Dance|p1a: Zacian\n|-boost|p1a: Zacian|atk|2\n|move|p2a: Ribombee|Quiver Dance|p2a: Ribombee\n|-boost|p2a: Ribombee|spa|1\n|-boost|p2a: Ribombee|spd|1\n|-boost|p2a: Ribombee|spe|1\n|\n|-weather|none\n|upkeep\n|turn|15\n|\n|t:|1699644485\n|move|p2a: Ribombee|Moonblast|p1a: Zacian\n|-resisted|p1a: Zacian\n|-end|p1a: Zacian|Substitute\n|move|p1a: Zacian|Behemoth Blade|p2a: Ribombee\n|-supereffective|p2a: Ribombee\n|-enditem|p2a: Ribombee|Focus Sash\n|-damage|p2a: Ribombee|1\/100\n|\n|upkeep\n|turn|16\n|\n|t:|1699644497\n|move|p2a: Ribombee|Moonblast|p1a: Zacian\n|-resisted|p1a: Zacian\n|-damage|p1a: Zacian|22\/100\n|-unboost|p1a: Zacian|spa|1\n|move|p1a: Zacian|Behemoth Blade|p2a: Ribombee\n|-supereffective|p2a: Ribombee\n|-damage|p2a: Ribombee|0 fnt\n|faint|p2a: Ribombee\n|\n|upkeep\n|\n|t:|1699644501\n|switch|p2a: Regieleki|Regieleki|100\/100\n|turn|17\n|\n|t:|1699644508\n|move|p2a: Regieleki|Explosion|p1a: Zacian\n|-resisted|p1a: Zacian\n|-damage|p1a: Zacian|0 fnt\n|faint|p2a: Regieleki\n|faint|p1a: Zacian\n|\n|upkeep\n|\n|t:|1699644525\n|switch|p2a: Schlawg|Kyogre|100\/100\n|switch|p1a: Gliscor|Gliscor, M|100\/100\n|-weather|RainDance|[from] ability: Drizzle|[of] p2a: Schlawg\n|turn|18\n|\n|t:|1699644537\n|-terastallize|p2a: Schlawg|Water\n|move|p2a: Schlawg|Surf|p1a: Gliscor\n|-supereffective|p1a: Gliscor\n|-damage|p1a: Gliscor|0 fnt\n|faint|p1a: Gliscor\n|\n|-weather|RainDance|[upkeep]\n|upkeep\n|\n|t:|1699644543\n|switch|p1a: Koraidon|Koraidon|100\/100\n|-activate|p1a: Koraidon|move: Sticky Web\n|-unboost|p1a: Koraidon|spe|1\n|-weather|SunnyDay|[from] ability: Orichalcum Pulse|[of] p1a: Koraidon\n|-activate|p1a: Koraidon|Orichalcum Pulse|[source]\n|turn|19\n|\n|t:|1699644547\n|move|p1a: Koraidon|Close Combat|p2a: Schlawg\n|-damage|p2a: Schlawg|11\/100\n|-unboost|p1a: Koraidon|def|1\n|-unboost|p1a: Koraidon|spd|1\n|move|p2a: Schlawg|Surf|p1a: Koraidon\n|-resisted|p1a: Koraidon\n|-damage|p1a: Koraidon|61\/100\n|\n|-weather|SunnyDay|[upkeep]\n|upkeep\n|turn|20\n|\n|t:|1699644554\n|move|p1a: Koraidon|Close Combat|p2a: Schlawg\n|-damage|p2a: Schlawg|0 fnt\n|-unboost|p1a: Koraidon|def|1\n|-unboost|p1a: Koraidon|spd|1\n|faint|p2a: Schlawg\n|\n|win|Illinoids\n|raw|Illinoids's rating: 1205 &rarr; <strong>1224<\/strong><br \/>(+19 for winning)\n|raw|What is a lettuce's rating: 1124 &rarr; <strong>1105<\/strong><br \/>(-19 for losing)\n|l|\u2606What is a lettuce\n","uploadtime":1699644566,"views":5,"p1id":"illinoids","p2id":"whatisalettuce","formatid":"gen9ubers","rating":1105,"private":0,"password":""}