{"id":"gen9ubers-1973131828","p1":"mvpasap","p2":"Yangsta","format":"[Gen 9] Ubers","log":"|j|\u2606mvpasap\n|j|\u2606Yangsta\n|t:|1697931179\n|gametype|singles\n|player|p1|mvpasap|palmer|\n|player|p2|Yangsta|waiter|\n|teamsize|p1|6\n|teamsize|p2|6\n|gen|9\n|tier|[Gen 9] Ubers\n|rule|Sleep Clause Mod: Limit one foe put to sleep\n|rule|Species Clause: Limit one of each Pok\u00e9mon\n|rule|OHKO Clause: OHKO moves are banned\n|rule|Evasion Items Clause: Evasion items are banned\n|rule|Evasion Moves Clause: Evasion moves are banned\n|rule|Endless Battle Clause: Forcing endless battles is banned\n|rule|HP Percentage Mod: HP is shown in percentages\n|clearpoke\n|poke|p1|Corviknight, F|\n|poke|p1|Groudon|\n|poke|p1|Dialga-Origin|\n|poke|p1|Glimmora, F|\n|poke|p1|Chien-Pao|\n|poke|p1|Grimmsnarl, M|\n|poke|p2|Arceus|\n|poke|p2|Zacian-*|\n|poke|p2|Regieleki|\n|poke|p2|Koraidon|\n|poke|p2|Volcarona, M|\n|poke|p2|Flutter Mane|\n|teampreview\n|\n|t:|1697931191\n|start\n|switch|p1a: Glimmora|Glimmora, F|100\/100\n|switch|p2a: Zacian|Zacian-Crowned|100\/100\n|-ability|p2a: Zacian|Intrepid Sword|boost\n|-boost|p2a: Zacian|atk|1\n|turn|1\n|\n|t:|1697931210\n|move|p2a: Zacian|Swords Dance|p2a: Zacian\n|-boost|p2a: Zacian|atk|2\n|move|p1a: Glimmora|Power Gem|p2a: Zacian\n|-resisted|p2a: Zacian\n|-damage|p2a: Zacian|84\/100\n|\n|upkeep\n|turn|2\n|c|\u2606Yangsta|gl hf!\n|\n|t:|1697931228\n|switch|p1a: Groudon|Groudon|100\/100\n|-weather|SunnyDay|[from] ability: Drought|[of] p1a: Groudon\n|move|p2a: Zacian|Behemoth Blade|p1a: Groudon\n|-damage|p1a: Groudon|0 fnt\n|faint|p1a: Groudon\n|\n|-weather|SunnyDay|[upkeep]\n|upkeep\n|j| Hand0fD00m\n|\n|t:|1697931238\n|switch|p1a: Glimmora|Glimmora, F|100\/100\n|turn|3\n|\n|t:|1697931243\n|move|p1a: Glimmora|Spiky Shield|p1a: Glimmora\n|-singleturn|p1a: Glimmora|move: Protect\n|move|p2a: Zacian|Behemoth Blade|p1a: Glimmora\n|-activate|p1a: Glimmora|move: Protect\n|-damage|p2a: Zacian|71\/100|[from] Spiky Shield|[of] p1a: Glimmora\n|\n|-weather|SunnyDay|[upkeep]\n|upkeep\n|turn|4\n|j| Sonad~\n|\n|t:|1697931253\n|move|p2a: Zacian|Behemoth Blade|p1a: Glimmora\n|-supereffective|p1a: Glimmora\n|-damage|p1a: Glimmora|0 fnt\n|-damage|p2a: Zacian|55\/100|[from] item: Rocky Helmet|[of] p1a: Glimmora\n|-activate|p1a: Glimmora|ability: Toxic Debris\n|-sidestart|p2: Yangsta|move: Toxic Spikes\n|faint|p1a: Glimmora\n|\n|-weather|SunnyDay|[upkeep]\n|upkeep\n|j| Rival Andrew\n|\n|t:|1697931266\n|switch|p1a: Grimmsnarl|Grimmsnarl, M|100\/100\n|turn|5\n|c| Rival Andrew|yall waste no time\n|j| AgentNico42\n|\n|t:|1697931271\n|move|p1a: Grimmsnarl|Reflect|p1a: Grimmsnarl\n|-sidestart|p1: mvpasap|Reflect\n|move|p2a: Zacian|Trailblaze|p1a: Grimmsnarl\n|-damage|p1a: Grimmsnarl|69\/100\n|-boost|p2a: Zacian|spe|1\n|\n|-weather|SunnyDay|[upkeep]\n|-heal|p1a: Grimmsnarl|75\/100|[from] item: Leftovers\n|upkeep\n|turn|6\n|c|\u2606Yangsta|hahaha\n|\n|t:|1697931282\n|move|p2a: Zacian|Behemoth Blade|p1a: Grimmsnarl\n|-supereffective|p1a: Grimmsnarl\n|-damage|p1a: Grimmsnarl|0 fnt\n|faint|p1a: Grimmsnarl\n|\n|-weather|none\n|upkeep\n|\n|t:|1697931291\n|switch|p1a: Corviknight|Corviknight, F|100\/100\n|turn|7\n|c|\u2606Yangsta|Zac should be banned\n|c|\u2606Yangsta|its kinda cringe actually\n|c| Rival Andrew|dude\n|c| Rival Andrew|its ubers\n|c| Hand0fD00m|no i shouldnt be\n|c|\u2606Yangsta|hahaha\n|\n|t:|1697931308\n|move|p2a: Zacian|Behemoth Blade|p1a: Corviknight\n|-resisted|p1a: Corviknight\n|-damage|p1a: Corviknight|80\/100\n|-damage|p2a: Zacian|38\/100|[from] item: Rocky Helmet|[of] p1a: Corviknight\n|move|p1a: Corviknight|Drill Peck|p2a: Zacian\n|-resisted|p2a: Zacian\n|-damage|p2a: Zacian|27\/100\n|\n|upkeep\n|turn|8\n|c| Rival Andrew|i heard theres a new tier\n|\n|t:|1697931318\n|move|p2a: Zacian|Swords Dance|p2a: Zacian\n|-boost|p2a: Zacian|atk|2\n|move|p1a: Corviknight|Drill Peck|p2a: Zacian\n|-resisted|p2a: Zacian\n|-damage|p2a: Zacian|16\/100\n|\n|upkeep\n|turn|9\n|c| Rival Andrew|UUbers\n|\n|t:|1697931325\n|move|p2a: Zacian|Behemoth Blade|p1a: Corviknight\n|-resisted|p1a: Corviknight\n|-damage|p1a: Corviknight|50\/100\n|-damage|p2a: Zacian|0 fnt|[from] item: Rocky Helmet|[of] p1a: Corviknight\n|faint|p2a: Zacian\n|move|p1a: Corviknight|Drill Peck|p2: Zacian|[notarget]\n|-fail|p1a: Corviknight\n|\n|-sideend|p1: mvpasap|Reflect\n|upkeep\n|c| Rival Andrew|for your Reshirams & Kyurem-Black types\n|\n|t:|1697931338\n|switch|p2a: Regieleki|Regieleki|100\/100\n|-status|p2a: Regieleki|psn\n|turn|10\n|c| Hand0fD00m|if i knew about that ahead of time i wouldve put that in the poll\n|\n|t:|1697931352\n|move|p2a: Regieleki|Thunder Cage|p1a: Corviknight\n|-supereffective|p1a: Corviknight\n|-damage|p1a: Corviknight|0 fnt\n|faint|p1a: Corviknight\n|\n|-damage|p2a: Regieleki|88\/100 psn|[from] psn\n|upkeep\n|j| darkmoju\n|\n|t:|1697931391\n|switch|p1a: Chien-Pao|Chien-Pao|100\/100\n|-ability|p1a: Chien-Pao|Sword of Ruin\n|turn|11\n|\n|t:|1697931397\n|move|p2a: Regieleki|Thunder Wave|p1a: Chien-Pao\n|-status|p1a: Chien-Pao|par\n|move|p1a: Chien-Pao|Swords Dance|p1a: Chien-Pao\n|-boost|p1a: Chien-Pao|atk|2\n|\n|-damage|p2a: Regieleki|76\/100 psn|[from] psn\n|upkeep\n|turn|12\n|\n|t:|1697931407\n|cant|p1a: Chien-Pao|par\n|move|p2a: Regieleki|Thunder Cage|p1a: Chien-Pao\n|-damage|p1a: Chien-Pao|46\/100 par\n|-activate|p1a: Chien-Pao|move: Thunder Cage|[of] p2a: Regieleki\n|\n|-damage|p2a: Regieleki|63\/100 psn|[from] psn\n|-damage|p1a: Chien-Pao|33\/100 par|[from] move: Thunder Cage|[partiallytrapped]\n|upkeep\n|turn|13\n|\n|t:|1697931416\n|move|p2a: Regieleki|Extreme Speed|p1a: Chien-Pao\n|-damage|p1a: Chien-Pao|9\/100 par\n|move|p1a: Chien-Pao|Sucker Punch||[still]\n|-fail|p1a: Chien-Pao\n|\n|-damage|p2a: Regieleki|51\/100 psn|[from] psn\n|-damage|p1a: Chien-Pao|0 fnt|[from] move: Thunder Cage|[partiallytrapped]\n|faint|p1a: Chien-Pao\n|upkeep\n|c| Rival Andrew|Enze leave him alone\n|\n|t:|1697931426\n|switch|p1a: Dialga|Dialga-Origin|100\/100\n|-ability|p1a: Dialga|Pressure\n|turn|14\n|c| Rival Andrew|christ\n|c|\u2606Yangsta|lol\n|\n|t:|1697931438\n|move|p2a: Regieleki|Thunder Wave|p1a: Dialga\n|-status|p1a: Dialga|par\n|move|p1a: Dialga|Earth Power|p2a: Regieleki\n|-supereffective|p2a: Regieleki\n|-damage|p2a: Regieleki|0 fnt\n|faint|p2a: Regieleki\n|\n|upkeep\n|\n|t:|1697931445\n|switch|p2a: Koraidon|Koraidon|100\/100\n|-status|p2a: Koraidon|psn\n|-weather|SunnyDay|[from] ability: Orichalcum Pulse|[of] p2a: Koraidon\n|-activate|p2a: Koraidon|Orichalcum Pulse|[source]\n|turn|15\n|\n|t:|1697931453\n|move|p2a: Koraidon|Collision Course|p1a: Dialga\n|-supereffective|p1a: Dialga\n|-damage|p1a: Dialga|0 fnt\n|faint|p1a: Dialga\n|\n|win|Yangsta\n|c|\u2606Yangsta|gg wp\n|l|\u2606mvpasap\n|c| Hand0fD00m|gg guys, good set\n","uploadtime":1697931461,"views":13,"p1id":"mvpasap","p2id":"yangsta","formatid":"gen9ubers","rating":0,"private":0,"password":""}