{"id":"gen9ubers-1989296994","p1":"calcroft","p2":"SirButkis","format":"[Gen 9] Ubers","log":"|j|\u2606calcroft\n|j|\u2606SirButkis\n|t:|1699833258\n|gametype|singles\n|player|p1|calcroft|skier|\n|player|p2|SirButkis|cynthia-gen4|\n|teamsize|p1|6\n|teamsize|p2|6\n|gen|9\n|tier|[Gen 9] Ubers\n|rule|Sleep Clause Mod: Limit one foe put to sleep\n|rule|Species Clause: Limit one of each Pok\u00e9mon\n|rule|OHKO Clause: OHKO moves are banned\n|rule|Evasion Items Clause: Evasion items are banned\n|rule|Evasion Moves Clause: Evasion moves are banned\n|rule|Endless Battle Clause: Forcing endless battles is banned\n|rule|HP Percentage Mod: HP is shown in percentages\n|clearpoke\n|poke|p1|Ceruledge, F|\n|poke|p1|Kilowattrel, M|\n|poke|p1|Iron Valiant|\n|poke|p1|Pincurchin, M|\n|poke|p1|Oricorio-Sensu, M|\n|poke|p1|Garchomp, M|\n|poke|p2|Gholdengo|\n|poke|p2|Revavroom, F|\n|poke|p2|Maushold|\n|poke|p2|Mudsdale, M|\n|poke|p2|Rotom-Fan|\n|poke|p2|Iron Moth|\n|teampreview\n|j| Ch3sc0\n|c| Ch3sc0|wsg gang\n|j| sgrg32\n|c| Ch3sc0|give me flamigo\n|j| JumboSauce\n|c|\u2606SirButkis|wsg\n|c|\u2606SirButkis|no\n|c| Ch3sc0|yes\n|j| 7aco\n|c| sgrg32|petition to ban Chesco\n|c|\u2606calcroft|damn\n|c|\u2606SirButkis|flamigo mine\n|c| Ch3sc0|at least give me the family of mice\n|c| 7aco|chesco\n|c|\u2606SirButkis|erm\n|j| ofmon777\n|c| 7aco|i literally have the worst team in the league and im doing better than you\n|c| 7aco|win ur games\n|\n|t:|1699833364\n|start\n|switch|p1a: Pincurchin|Pincurchin, M|100\/100\n|switch|p2a: Little Tikes|Revavroom, F|100\/100\n|-item|p2a: Little Tikes|Air Balloon\n|-fieldstart|move: Electric Terrain|[from] ability: Electric Surge|[of] p1a: Pincurchin\n|turn|1\n|c| Ch3sc0|bro I've just been getting unlucky\n|j| Buzzwardo\n|c| JumboSauce|7aco thats fucked up\n|c|\u2606SirButkis|real\n|c| JumboSauce|not cool\n|c| Ch3sc0|low rolled two times in a row on a grass knot\n|c| sgrg32|hi BuzzWardo\n|c| ofmon777|i hate freeze dry\n|c| Buzzwardo|cry pussy\n|c| Ch3sc0|thats what im saying\n|c| Ch3sc0|fuck that ofmon guy\n|c| ofmon777|when and where\n|\n|t:|1699833431\n|move|p2a: Little Tikes|Taunt|p1a: Pincurchin\n|-start|p1a: Pincurchin|move: Taunt\n|cant|p1a: Pincurchin|move: Taunt|Spikes\n|\n|upkeep\n|turn|2\n|c|\u2606calcroft|damn shit\n|c|\u2606SirButkis|dang\n|c| Ch3sc0|this guy sucks!!\n|\n|t:|1699833464\n|move|p2a: Little Tikes|Shift Gear|p2a: Little Tikes\n|-boost|p2a: Little Tikes|spe|2\n|-boost|p2a: Little Tikes|atk|1\n|move|p1a: Pincurchin|Scald|p2a: Little Tikes\n|-damage|p2a: Little Tikes|75\/100\n|-enditem|p2a: Little Tikes|Air Balloon\n|\n|upkeep\n|turn|3\n|c|\u2606SirButkis|look at all the people here\n|c| Ch3sc0|we're here to see you >.<\n|\n|t:|1699833512\n|move|p2a: Little Tikes|Gunk Shot|p1a: Pincurchin|[miss]\n|-miss|p2a: Little Tikes|p1a: Pincurchin\n|move|p1a: Pincurchin|Scald|p2a: Little Tikes\n|-damage|p2a: Little Tikes|49\/100\n|\n|-end|p1a: Pincurchin|move: Taunt\n|upkeep\n|turn|4\n|\n|t:|1699833522\n|move|p2a: Little Tikes|Gunk Shot|p1a: Pincurchin\n|-damage|p1a: Pincurchin|7\/100\n|move|p1a: Pincurchin|Scald|p2a: Little Tikes\n|-damage|p2a: Little Tikes|24\/100\n|-status|p2a: Little Tikes|brn\n|\n|-damage|p2a: Little Tikes|18\/100 brn|[from] brn\n|upkeep\n|turn|5\n|\n|t:|1699833542\n|move|p2a: Little Tikes|Iron Head|p1a: Pincurchin\n|-resisted|p1a: Pincurchin\n|-damage|p1a: Pincurchin|0 fnt\n|faint|p1a: Pincurchin\n|\n|-damage|p2a: Little Tikes|12\/100 brn|[from] brn\n|upkeep\n|\n|t:|1699833549\n|switch|p1a: Ceruledge|Ceruledge, F|100\/100\n|turn|6\n|\n|t:|1699833563\n|switch|p2a: Mr Hands|Mudsdale, M|100\/100\n|move|p1a: Ceruledge|Shadow Sneak|p2a: Mr Hands\n|-damage|p2a: Mr Hands|89\/100\n|-ability|p2a: Mr Hands|Stamina|boost\n|-boost|p2a: Mr Hands|def|1\n|\n|-heal|p2a: Mr Hands|95\/100|[from] item: Leftovers\n|upkeep\n|turn|7\n|\n|t:|1699833596\n|switch|p1a: Oricorio|Oricorio-Sensu, M|100\/100\n|move|p2a: Mr Hands|Stealth Rock|p1a: Oricorio\n|-sidestart|p1: calcroft|move: Stealth Rock\n|\n|-heal|p2a: Mr Hands|100\/100|[from] item: Leftovers\n|upkeep\n|turn|8\n|\n|t:|1699833630\n|switch|p2a: This could be us|Maushold|100\/100\n|-terastallize|p1a: Oricorio|Ground\n|move|p1a: Oricorio|Quiver Dance|p1a: Oricorio\n|-boost|p1a: Oricorio|spa|1\n|-boost|p1a: Oricorio|spd|1\n|-boost|p1a: Oricorio|spe|1\n|\n|-fieldend|move: Electric Terrain\n|upkeep\n|turn|9\n|c| Ch3sc0|sg that could be us >.<\n|c|\u2606SirButkis|but its sg and me loser\n|\n|t:|1699833722\n|move|p1a: Oricorio|Revelation Dance|p2a: This could be us\n|-damage|p2a: This could be us|38\/100\n|move|p2a: This could be us|Population Bomb|p1a: Oricorio\n|-damage|p1a: Oricorio|85\/100\n|-damage|p1a: Oricorio|71\/100\n|-damage|p1a: Oricorio|57\/100\n|-damage|p1a: Oricorio|42\/100\n|-damage|p1a: Oricorio|29\/100\n|-damage|p1a: Oricorio|14\/100\n|-damage|p1a: Oricorio|0 fnt\n|faint|p1a: Oricorio\n|-hitcount|p1: Oricorio|7\n|\n|upkeep\n|\n|t:|1699833738\n|switch|p1a: Garchomp|Garchomp, M|100\/100\n|-damage|p1a: Garchomp|94\/100|[from] Stealth Rock\n|turn|10\n|c| sgrg32|hold up\n|\n|t:|1699833778\n|switch|p2a: Little Tikes|Revavroom, F|12\/100 brn\n|move|p1a: Garchomp|Scale Shot|p2a: Little Tikes\n|-resisted|p2a: Little Tikes\n|-damage|p2a: Little Tikes|4\/100 brn\n|-resisted|p2a: Little Tikes\n|-damage|p2a: Little Tikes|0 fnt\n|faint|p2a: Little Tikes\n|-hitcount|p2: Little Tikes|2\n|-unboost|p1a: Garchomp|def|1\n|-boost|p1a: Garchomp|spe|1\n|\n|upkeep\n|\n|t:|1699833844\n|switch|p2a: Mr Hands|Mudsdale, M|100\/100\n|turn|11\n|\n|t:|1699833870\n|switch|p1a: Kilowattrel|Kilowattrel, M|100\/100\n|move|p2a: Mr Hands|Earthquake|p1a: Kilowattrel\n|-immune|p1a: Kilowattrel\n|\n|upkeep\n|turn|12\n|\n|t:|1699833901\n|move|p1a: Kilowattrel|Hurricane|p2a: Mr Hands|[miss]\n|-miss|p1a: Kilowattrel|p2a: Mr Hands\n|move|p2a: Mr Hands|Rock Slide|p1a: Kilowattrel\n|-supereffective|p1a: Kilowattrel\n|-damage|p1a: Kilowattrel|24\/100\n|\n|upkeep\n|turn|13\n|\n|t:|1699833931\n|move|p1a: Kilowattrel|Roost|p1a: Kilowattrel\n|-heal|p1a: Kilowattrel|74\/100\n|-singleturn|p1a: Kilowattrel|move: Roost\n|move|p2a: Mr Hands|Rock Slide|p1a: Kilowattrel\n|-damage|p1a: Kilowattrel|37\/100\n|\n|upkeep\n|turn|14\n|\n|t:|1699833946\n|move|p1a: Kilowattrel|Hurricane|p2a: Mr Hands|[miss]\n|-miss|p1a: Kilowattrel|p2a: Mr Hands\n|move|p2a: Mr Hands|Rock Slide|p1a: Kilowattrel\n|-supereffective|p1a: Kilowattrel\n|-damage|p1a: Kilowattrel|0 fnt\n|faint|p1a: Kilowattrel\n|\n|upkeep\n|c|\u2606calcroft|fuck hurricane\n|\n|t:|1699834031\n|switch|p1a: Iron Valiant|Iron Valiant|100\/100\n|-damage|p1a: Iron Valiant|94\/100|[from] Stealth Rock\n|turn|15\n|\n|t:|1699834042\n|move|p1a: Iron Valiant|Moonblast|p2a: Mr Hands\n|-damage|p2a: Mr Hands|47\/100\n|-ability|p2a: Mr Hands|Stamina|boost\n|-boost|p2a: Mr Hands|def|1\n|-damage|p1a: Iron Valiant|85\/100|[from] item: Life Orb\n|move|p2a: Mr Hands|Heavy Slam|p1a: Iron Valiant\n|-supereffective|p1a: Iron Valiant\n|-damage|p1a: Iron Valiant|1\/100\n|\n|-heal|p2a: Mr Hands|53\/100|[from] item: Leftovers\n|upkeep\n|turn|16\n|\n|t:|1699834074\n|switch|p2a: Macaroni Man|Gholdengo|100\/100\n|move|p1a: Iron Valiant|Moonblast|p2a: Macaroni Man\n|-resisted|p2a: Macaroni Man\n|-damage|p2a: Macaroni Man|65\/100\n|-unboost|p2a: Macaroni Man|spa|1\n|-damage|p1a: Iron Valiant|0 fnt|[from] item: Life Orb\n|faint|p1a: Iron Valiant\n|-end|p1a: Iron Valiant|Quark Drive|[silent]\n|\n|upkeep\n|\n|t:|1699834086\n|switch|p1a: Garchomp|Garchomp, M|94\/100\n|-damage|p1a: Garchomp|88\/100|[from] Stealth Rock\n|turn|17\n|\n|t:|1699834138\n|switch|p2a: The Blow Job|Rotom-Fan|100\/100\n|move|p1a: Garchomp|Substitute|p1a: Garchomp\n|-start|p1a: Garchomp|Substitute\n|-damage|p1a: Garchomp|63\/100\n|\n|upkeep\n|turn|18\n|j| damndaniel32\n|\n|t:|1699834174\n|move|p1a: Garchomp|Swords Dance|p1a: Garchomp\n|-boost|p1a: Garchomp|atk|2\n|move|p2a: The Blow Job|Air Slash|p1a: Garchomp\n|-end|p1a: Garchomp|Substitute\n|\n|upkeep\n|turn|19\n|\n|t:|1699834185\n|move|p1a: Garchomp|Scale Shot|p2a: The Blow Job\n|-damage|p2a: The Blow Job|80\/100\n|-damage|p2a: The Blow Job|59\/100\n|-damage|p2a: The Blow Job|39\/100\n|-damage|p2a: The Blow Job|18\/100\n|-damage|p2a: The Blow Job|0 fnt\n|faint|p2a: The Blow Job\n|-hitcount|p2: The Blow Job|5\n|-unboost|p1a: Garchomp|def|1\n|-boost|p1a: Garchomp|spe|1\n|\n|upkeep\n|l| damndaniel32\n|\n|t:|1699834309\n|switch|p2a: Mr Hands|Mudsdale, M|53\/100\n|turn|20\n|\n|t:|1699834315\n|-terastallize|p2a: Mr Hands|Grass\n|move|p1a: Garchomp|Earthquake|p2a: Mr Hands\n|-resisted|p2a: Mr Hands\n|-damage|p2a: Mr Hands|22\/100\n|-ability|p2a: Mr Hands|Stamina|boost\n|-boost|p2a: Mr Hands|def|1\n|move|p2a: Mr Hands|Earthquake|p1a: Garchomp\n|-damage|p1a: Garchomp|4\/100\n|\n|-heal|p2a: Mr Hands|28\/100|[from] item: Leftovers\n|upkeep\n|turn|21\n|\n|t:|1699834342\n|move|p1a: Garchomp|Scale Shot|p2a: Mr Hands\n|-damage|p2a: Mr Hands|17\/100\n|-ability|p2a: Mr Hands|Stamina|boost\n|-boost|p2a: Mr Hands|def|1\n|-damage|p2a: Mr Hands|9\/100\n|-ability|p2a: Mr Hands|Stamina|boost\n|-boost|p2a: Mr Hands|def|1\n|-damage|p2a: Mr Hands|2\/100\n|-ability|p2a: Mr Hands|Stamina|boost\n|-boost|p2a: Mr Hands|def|1\n|-damage|p2a: Mr Hands|0 fnt\n|faint|p2a: Mr Hands\n|-hitcount|p2: Mr Hands|4\n|-unboost|p1a: Garchomp|def|1\n|-boost|p1a: Garchomp|spe|1\n|\n|upkeep\n|\n|t:|1699834416\n|switch|p2a: Macaroni Man|Gholdengo|65\/100\n|turn|22\n|\n|t:|1699834425\n|move|p1a: Garchomp|Earthquake|p2a: Macaroni Man\n|-supereffective|p2a: Macaroni Man\n|-damage|p2a: Macaroni Man|0 fnt\n|faint|p2a: Macaroni Man\n|\n|upkeep\n|\n|t:|1699834431\n|switch|p2a: This could be us|Maushold|38\/100\n|turn|23\n|\n|t:|1699834435\n|move|p1a: Garchomp|Earthquake|p2a: This could be us\n|-damage|p2a: This could be us|0 fnt\n|faint|p2a: This could be us\n|\n|upkeep\n|\n|t:|1699834439\n|switch|p2a: Linus Tech Tip|Iron Moth|100\/100\n|-enditem|p2a: Linus Tech Tip|Booster Energy\n|-activate|p2a: Linus Tech Tip|ability: Quark Drive|[fromitem]\n|-start|p2a: Linus Tech Tip|quarkdrivespe\n|turn|24\n|\n|t:|1699834445\n|move|p1a: Garchomp|Earthquake|p2a: Linus Tech Tip\n|-supereffective|p2a: Linus Tech Tip\n|-damage|p2a: Linus Tech Tip|0 fnt\n|faint|p2a: Linus Tech Tip\n|-end|p2a: Linus Tech Tip|Quark Drive|[silent]\n|\n|win|calcroft\n|c| JumboSauce|ggs\n|c|\u2606SirButkis|ggs\n|c|\u2606calcroft|ggs\n","uploadtime":1699834457,"views":70,"p1id":"calcroft","p2id":"sirbutkis","formatid":"gen9ubers","rating":0,"private":0,"password":""}