{"id":"gen9ubers-1981999169","p1":"JohnLongGone","p2":"yuramas","format":"[Gen 9] Ubers","log":"|j|\u2606JohnLongGone\n|j|\u2606yuramas\n|t:|1698958376\n|gametype|singles\n|player|p1|JohnLongGone|caitlin|\n|player|p2|yuramas|169|\n|teamsize|p1|6\n|teamsize|p2|6\n|gen|9\n|tier|[Gen 9] Ubers\n|rule|Sleep Clause Mod: Limit one foe put to sleep\n|rule|Species Clause: Limit one of each Pok\u00e9mon\n|rule|OHKO Clause: OHKO moves are banned\n|rule|Evasion Items Clause: Evasion items are banned\n|rule|Evasion Moves Clause: Evasion moves are banned\n|rule|Endless Battle Clause: Forcing endless battles is banned\n|rule|HP Percentage Mod: HP is shown in percentages\n|clearpoke\n|poke|p1|Cyclizar, F|\n|poke|p1|Grimmsnarl, M|\n|poke|p1|Magearna|\n|poke|p1|Zacian-*|\n|poke|p1|Arceus-Fire|\n|poke|p1|Roaring Moon|\n|poke|p2|Cyclizar, M|\n|poke|p2|Zacian-*|\n|poke|p2|Gholdengo|\n|poke|p2|Gliscor, F|\n|poke|p2|Arceus-Fire|\n|poke|p2|Shaymin-Sky|\n|teampreview\n|inactive|Battle timer is ON: inactive players will automatically lose when time's up. (requested by JohnLongGone)\n|\n|t:|1698958403\n|start\n|switch|p1a: Grimmsnarl|Grimmsnarl, M, shiny|100\/100\n|switch|p2a: Cyclizar|Cyclizar, M|100\/100\n|turn|1\n|\n|t:|1698958426\n|switch|p2a: Zacian|Zacian|100\/100\n|-ability|p2a: Zacian|Intrepid Sword|boost\n|-boost|p2a: Zacian|atk|1\n|move|p1a: Grimmsnarl|Taunt|p2a: Zacian\n|-start|p2a: Zacian|move: Taunt\n|\n|upkeep\n|turn|2\n|\n|t:|1698958444\n|move|p1a: Grimmsnarl|Parting Shot|p2a: Zacian\n|-unboost|p2a: Zacian|atk|1\n|-unboost|p2a: Zacian|spa|1\n|\n|t:|1698958467\n|switch|p1a: Arceus|Arceus-Fire|100\/100|[from] Parting Shot\n|move|p2a: Zacian|Close Combat|p1a: Arceus\n|-damage|p1a: Arceus|59\/100\n|-unboost|p2a: Zacian|def|1\n|-unboost|p2a: Zacian|spd|1\n|-damage|p2a: Zacian|91\/100|[from] item: Life Orb\n|\n|upkeep\n|turn|3\n|\n|t:|1698958489\n|switch|p2a: Gliscor|Gliscor, F|100\/100\n|move|p1a: Arceus|Recover|p1a: Arceus\n|-heal|p1a: Arceus|100\/100\n|\n|-status|p2a: Gliscor|tox|[from] item: Toxic Orb\n|upkeep\n|turn|4\n|inactive|JohnLongGone has 270 seconds left.\n|inactive|yuramas has 270 seconds left.\n|\n|t:|1698958509\n|switch|p1a: Magearna|Magearna|100\/100\n|move|p2a: Gliscor|Toxic Spikes|p1a: Magearna\n|-sidestart|p1: JohnLongGone|move: Toxic Spikes\n|\n|upkeep\n|turn|5\n|inactive|yuramas has 270 seconds left.\n|\n|t:|1698958524\n|move|p2a: Gliscor|Toxic Spikes|p1a: Magearna\n|-sidestart|p1: JohnLongGone|move: Toxic Spikes\n|move|p1a: Magearna|Shift Gear|p1a: Magearna\n|-boost|p1a: Magearna|spe|2\n|-boost|p1a: Magearna|atk|1\n|\n|upkeep\n|turn|6\n|\n|t:|1698958531\n|move|p1a: Magearna|Shift Gear|p1a: Magearna\n|-boost|p1a: Magearna|spe|2\n|-boost|p1a: Magearna|atk|1\n|move|p2a: Gliscor|Earthquake|p1a: Magearna\n|-supereffective|p1a: Magearna\n|-damage|p1a: Magearna|62\/100\n|-enditem|p1a: Magearna|Weakness Policy\n|-boost|p1a: Magearna|atk|2|[from] item: Weakness Policy\n|-boost|p1a: Magearna|spa|2|[from] item: Weakness Policy\n|\n|upkeep\n|turn|7\n|inactive|yuramas has 270 seconds left.\n|\n|t:|1698958557\n|move|p1a: Magearna|Calm Mind|p1a: Magearna\n|-boost|p1a: Magearna|spa|1\n|-boost|p1a: Magearna|spd|1\n|move|p2a: Gliscor|Earthquake|p1a: Magearna\n|-supereffective|p1a: Magearna\n|-damage|p1a: Magearna|19\/100\n|\n|upkeep\n|turn|8\n|\n|t:|1698958573\n|-terastallize|p1a: Magearna|Water\n|move|p1a: Magearna|Draining Kiss|p2a: Gliscor\n|-crit|p2a: Gliscor\n|-damage|p2a: Gliscor|21\/100 tox\n|-heal|p1a: Magearna|77\/100|[from] drain|[of] p2a: Gliscor\n|move|p2a: Gliscor|Earthquake|p1a: Magearna\n|-damage|p1a: Magearna|56\/100\n|\n|-heal|p2a: Gliscor|33\/100 tox|[from] ability: Poison Heal\n|upkeep\n|turn|9\n|inactive|yuramas has 270 seconds left.\n|\n|t:|1698958603\n|move|p2a: Gliscor|Protect|p2a: Gliscor\n|-singleturn|p2a: Gliscor|Protect\n|move|p1a: Magearna|Draining Kiss|p2a: Gliscor\n|-activate|p2a: Gliscor|move: Protect\n|\n|-heal|p2a: Gliscor|45\/100 tox|[from] ability: Poison Heal\n|upkeep\n|turn|10\n|\n|t:|1698958611\n|move|p1a: Magearna|Draining Kiss|p2a: Gliscor\n|-damage|p2a: Gliscor|0 fnt\n|-heal|p1a: Magearna|89\/100|[from] drain|[of] p2a: Gliscor\n|faint|p2a: Gliscor\n|-ability|p1a: Magearna|Soul-Heart|boost\n|-boost|p1a: Magearna|spa|1\n|\n|upkeep\n|\n|t:|1698958622\n|switch|p2a: Gholdengo|Gholdengo|100\/100\n|turn|11\n|\n|t:|1698958625\n|move|p1a: Magearna|Stored Power|p2a: Gholdengo\n|-resisted|p2a: Gholdengo\n|-damage|p2a: Gholdengo|20\/100\n|move|p2a: Gholdengo|Thunder Wave|p1a: Magearna\n|-status|p1a: Magearna|par\n|\n|-heal|p2a: Gholdengo|26\/100|[from] item: Leftovers\n|upkeep\n|turn|12\n|inactive|yuramas has 270 seconds left.\n|inactive|yuramas has 240 seconds left.\n|inactive|JohnLongGone has 270 seconds left.\n|\n|t:|1698958681\n|switch|p2a: Shaymin|Shaymin-Sky|100\/100\n|move|p1a: Magearna|Shift Gear|p1a: Magearna\n|-boost|p1a: Magearna|spe|2\n|-boost|p1a: Magearna|atk|1\n|\n|upkeep\n|turn|13\n|inactive|JohnLongGone has 270 seconds left.\n|\n|t:|1698958695\n|move|p2a: Shaymin|Seed Flare|p1a: Magearna\n|-supereffective|p1a: Magearna\n|-damage|p1a: Magearna|24\/100 par\n|move|p1a: Magearna|Stored Power|p2a: Shaymin\n|-crit|p2a: Shaymin\n|-damage|p2a: Shaymin|0 fnt\n|faint|p2a: Shaymin\n|-ability|p1a: Magearna|Soul-Heart|boost\n|-boost|p1a: Magearna|spa|1\n|\n|upkeep\n|\n|t:|1698958703\n|switch|p2a: Zacian|Zacian|91\/100\n|turn|14\n|\n|t:|1698958710\n|move|p2a: Zacian|Close Combat|p1a: Magearna\n|-damage|p1a: Magearna|0 fnt\n|-unboost|p2a: Zacian|def|1\n|-unboost|p2a: Zacian|spd|1\n|faint|p1a: Magearna\n|-damage|p2a: Zacian|81\/100|[from] item: Life Orb\n|\n|upkeep\n|inactive|JohnLongGone has 270 seconds left.\n|\n|t:|1698958757\n|switch|p1a: Zacian|Zacian, shiny|100\/100\n|-status|p1a: Zacian|tox\n|-ability|p1a: Zacian|Intrepid Sword|boost\n|-boost|p1a: Zacian|atk|1\n|turn|15\n|inactive|yuramas has 240 seconds left.\n|inactive|JohnLongGone has 240 seconds left.\n|\n|t:|1698958788\n|switch|p2a: Arceus|Arceus-Fire|100\/100\n|move|p1a: Zacian|Play Rough|p2a: Arceus\n|-resisted|p2a: Arceus\n|-damage|p2a: Arceus|69\/100\n|-damage|p1a: Zacian|91\/100 tox|[from] item: Life Orb\n|\n|-damage|p1a: Zacian|84\/100 tox|[from] psn\n|upkeep\n|turn|16\n|inactive|yuramas has 210 seconds left.\n|inactive|yuramas has 180 seconds left.\n|\n|t:|1698958843\n|-terastallize|p2a: Arceus|Fire\n|move|p1a: Zacian|Close Combat|p2a: Arceus\n|-damage|p2a: Arceus|12\/100\n|-unboost|p1a: Zacian|def|1\n|-unboost|p1a: Zacian|spd|1\n|-damage|p1a: Zacian|75\/100 tox|[from] item: Life Orb\n|move|p2a: Arceus|Flare Blitz|p1a: Zacian\n|-crit|p1a: Zacian\n|-damage|p1a: Zacian|0 fnt\n|faint|p1a: Zacian\n|-damage|p2a: Arceus|0 fnt|[from] Recoil\n|faint|p2a: Arceus\n|\n|upkeep\n|inactive|JohnLongGone has 240 seconds left.\n|inactive|yuramas has 180 seconds left.\n|\n|t:|1698958864\n|switch|p1a: Grimmsnarl|Grimmsnarl, M, shiny|100\/100\n|switch|p2a: Cyclizar|Cyclizar, M|100\/100\n|-status|p1a: Grimmsnarl|tox\n|turn|17\n|inactive|yuramas has 180 seconds left.\n|\n|t:|1698958873\n|switch|p2a: Gholdengo|Gholdengo|26\/100\n|move|p1a: Grimmsnarl|Taunt|p2a: Gholdengo\n|-immune|p2a: Gholdengo|[from] ability: Good as Gold\n|\n|-heal|p2a: Gholdengo|32\/100|[from] item: Leftovers\n|-damage|p1a: Grimmsnarl|94\/100 tox|[from] psn\n|upkeep\n|turn|18\n|inactive|JohnLongGone has 240 seconds left.\n|\n|t:|1698958889\n|switch|p1a: Arceus|Arceus-Fire|100\/100\n|-status|p1a: Arceus|tox\n|move|p2a: Gholdengo|Recover|p2a: Gholdengo\n|-heal|p2a: Gholdengo|82\/100\n|\n|-heal|p2a: Gholdengo|88\/100|[from] item: Leftovers\n|-damage|p1a: Arceus|94\/100 tox|[from] psn\n|upkeep\n|turn|19\n|inactive|yuramas has 180 seconds left.\n|\n|t:|1698958917\n|switch|p2a: Cyclizar|Cyclizar, M|100\/100\n|move|p1a: Arceus|Flare Blitz|p2a: Cyclizar\n|-resisted|p2a: Cyclizar\n|-damage|p2a: Cyclizar|44\/100\n|-damage|p1a: Arceus|78\/100 tox|[from] Recoil\n|\n|-damage|p1a: Arceus|66\/100 tox|[from] psn\n|upkeep\n|turn|20\n|\n|t:|1698958927\n|move|p2a: Cyclizar|Draco Meteor|p1a: Arceus\n|-damage|p1a: Arceus|37\/100 tox\n|-unboost|p2a: Cyclizar|spa|2\n|move|p1a: Arceus|Dragon Dance|p1a: Arceus\n|-boost|p1a: Arceus|atk|1\n|-boost|p1a: Arceus|spe|1\n|\n|-damage|p1a: Arceus|19\/100 tox|[from] psn\n|upkeep\n|turn|21\n|\n|t:|1698958936\n|move|p2a: Cyclizar|Draco Meteor|p1a: Arceus|[miss]\n|-miss|p2a: Cyclizar|p1a: Arceus\n|move|p1a: Arceus|Recover|p1a: Arceus\n|-heal|p1a: Arceus|69\/100 tox\n|\n|-damage|p1a: Arceus|45\/100 tox|[from] psn\n|upkeep\n|turn|22\n|\n|t:|1698958941\n|move|p2a: Cyclizar|Draco Meteor|p1a: Arceus\n|-damage|p1a: Arceus|30\/100 tox\n|-unboost|p2a: Cyclizar|spa|2\n|move|p1a: Arceus|Earthquake|p2a: Cyclizar\n|-damage|p2a: Cyclizar|0 fnt\n|faint|p2a: Cyclizar\n|\n|-damage|p1a: Arceus|0 fnt|[from] psn\n|faint|p1a: Arceus\n|upkeep\n|\n|t:|1698958951\n|switch|p2a: Zacian|Zacian|81\/100\n|switch|p1a: Grimmsnarl|Grimmsnarl, M, shiny|94\/100 tox\n|turn|23\n|\n|t:|1698958960\n|switch|p2a: Gholdengo|Gholdengo|88\/100\n|move|p1a: Grimmsnarl|Parting Shot|p2a: Gholdengo\n|-immune|p2a: Gholdengo|[from] ability: Good as Gold\n|\n|-heal|p2a: Gholdengo|94\/100|[from] item: Leftovers\n|-damage|p1a: Grimmsnarl|88\/100 tox|[from] psn\n|upkeep\n|turn|24\n|inactive|yuramas has 210 seconds left.\n|\n|t:|1698958988\n|switch|p2a: Zacian|Zacian|81\/100\n|move|p1a: Grimmsnarl|Light Screen|p1a: Grimmsnarl\n|-sidestart|p1: JohnLongGone|move: Light Screen\n|\n|-damage|p1a: Grimmsnarl|76\/100 tox|[from] psn\n|upkeep\n|turn|25\n|\n|t:|1698958996\n|move|p1a: Grimmsnarl|Parting Shot|p2a: Zacian\n|-unboost|p2a: Zacian|atk|1\n|-unboost|p2a: Zacian|spa|1\n|\n|t:|1698958999\n|switch|p1a: Cyclizar|Cyclizar, F|100\/100|[from] Parting Shot\n|move|p2a: Zacian|Play Rough|p1a: Cyclizar\n|-supereffective|p1a: Cyclizar\n|-damage|p1a: Cyclizar|0 fnt\n|faint|p1a: Cyclizar\n|-damage|p2a: Zacian|71\/100|[from] item: Life Orb\n|\n|upkeep\n|\n|t:|1698959005\n|switch|p1a: Grimmsnarl|Grimmsnarl, M, shiny|76\/100 tox\n|turn|26\n|\n|t:|1698959008\n|switch|p2a: Gholdengo|Gholdengo|94\/100\n|move|p1a: Grimmsnarl|Reflect|p1a: Grimmsnarl\n|-sidestart|p1: JohnLongGone|Reflect\n|\n|-heal|p2a: Gholdengo|99\/100|[from] item: Leftovers\n|-damage|p1a: Grimmsnarl|70\/100 tox|[from] psn\n|upkeep\n|turn|27\n|inactive|JohnLongGone has 270 seconds left.\n|inactive|yuramas has 210 seconds left.\n|\n|t:|1698959048\n|switch|p2a: Zacian|Zacian|71\/100\n|switch|p1a: Roaring Moon|Roaring Moon|100\/100\n|-status|p1a: Roaring Moon|tox\n|-enditem|p1a: Roaring Moon|Booster Energy\n|-activate|p1a: Roaring Moon|ability: Protosynthesis|[fromitem]\n|-start|p1a: Roaring Moon|protosynthesisatk\n|\n|-damage|p1a: Roaring Moon|95\/100 tox|[from] psn\n|upkeep\n|turn|28\n|\n|t:|1698959057\n|move|p2a: Zacian|Play Rough|p1a: Roaring Moon\n|-supereffective|p1a: Roaring Moon\n|-damage|p1a: Roaring Moon|0 fnt\n|faint|p1a: Roaring Moon\n|-end|p1a: Roaring Moon|Protosynthesis|[silent]\n|-damage|p2a: Zacian|61\/100|[from] item: Life Orb\n|\n|upkeep\n|\n|t:|1698959059\n|switch|p1a: Grimmsnarl|Grimmsnarl, M, shiny|70\/100 tox\n|turn|29\n|\n|t:|1698959066\n|move|p1a: Grimmsnarl|Taunt|p2a: Zacian\n|-start|p2a: Zacian|move: Taunt\n|move|p2a: Zacian|Play Rough|p1a: Grimmsnarl\n|-supereffective|p1a: Grimmsnarl\n|-damage|p1a: Grimmsnarl|0 fnt\n|faint|p1a: Grimmsnarl\n|-damage|p2a: Zacian|51\/100|[from] item: Life Orb\n|\n|win|yuramas\n|c|\u2606yuramas|gg\n|c|\u2606JohnLongGone|gg wp\n|c|\u2606yuramas|you too\n","uploadtime":1698959076,"views":30,"p1id":"johnlonggone","p2id":"yuramas","formatid":"gen9ubers","rating":0,"private":0,"password":""}