{"id":"gen9ubers-1969223521","p1":"BLACK METAL 3","p2":"RoamingDia","format":"[Gen 9] Ubers","log":"|j|\u2606BLACK METAL 3\n|j|\u2606RoamingDia\n|t:|1697502106\n|gametype|singles\n|player|p1|BLACK METAL 3|clerk|\n|player|p2|RoamingDia|pokemaniac|\n|teamsize|p1|6\n|teamsize|p2|6\n|gen|9\n|tier|[Gen 9] Ubers\n|rule|Sleep Clause Mod: Limit one foe put to sleep\n|rule|Species Clause: Limit one of each Pok\u00e9mon\n|rule|OHKO Clause: OHKO moves are banned\n|rule|Evasion Items Clause: Evasion items are banned\n|rule|Evasion Moves Clause: Evasion moves are banned\n|rule|Endless Battle Clause: Forcing endless battles is banned\n|rule|HP Percentage Mod: HP is shown in percentages\n|clearpoke\n|poke|p1|Espathra, F|\n|poke|p1|Kingambit, F|\n|poke|p1|Forretress, M|\n|poke|p1|Dragapult, F|\n|poke|p1|Tauros-Paldea-Combat, M|\n|poke|p1|Krookodile, F|\n|poke|p2|Sneasler, M|\n|poke|p2|Walking Wake|\n|poke|p2|Lilligant-Hisui, F|\n|poke|p2|Torkoal, M|\n|poke|p2|Brute Bonnet|\n|poke|p2|Dondozo, M|\n|teampreview\n|j| Squirshawott\n|\n|t:|1697502178\n|start\n|switch|p1a: Buggalo|Forretress, M|100\/100\n|switch|p2a: Bently|Torkoal, M|100\/100\n|-weather|SunnyDay|[from] ability: Drought|[of] p2a: Bently\n|turn|1\n|\n|t:|1697502204\n|switch|p1a: Kriminel|Krookodile, F|100\/100\n|move|p2a: Bently|Stealth Rock|p1a: Kriminel\n|-sidestart|p1: BLACK METAL 3|move: Stealth Rock\n|\n|-weather|SunnyDay|[upkeep]\n|upkeep\n|turn|2\n|\n|t:|1697502220\n|switch|p2a: Foolish|Dondozo, M|100\/100\n|move|p1a: Kriminel|Bulk Up|p1a: Kriminel\n|-boost|p1a: Kriminel|atk|1\n|-boost|p1a: Kriminel|def|1\n|\n|-weather|SunnyDay|[upkeep]\n|upkeep\n|turn|3\n|\n|t:|1697502238\n|move|p1a: Kriminel|Bulk Up|p1a: Kriminel\n|-boost|p1a: Kriminel|atk|1\n|-boost|p1a: Kriminel|def|1\n|move|p2a: Foolish|Avalanche|p1a: Kriminel\n|-supereffective|p1a: Kriminel\n|-damage|p1a: Kriminel|68\/100\n|\n|-weather|SunnyDay|[upkeep]\n|upkeep\n|turn|4\n|\n|t:|1697502257\n|move|p1a: Kriminel|Earthquake|p2a: Foolish\n|-damage|p2a: Foolish|74\/100\n|-damage|p1a: Kriminel|59\/100|[from] item: Life Orb\n|move|p2a: Foolish|Avalanche|p1a: Kriminel\n|-supereffective|p1a: Kriminel\n|-damage|p1a: Kriminel|0 fnt\n|faint|p1a: Kriminel\n|\n|-weather|SunnyDay|[upkeep]\n|upkeep\n|\n|t:|1697502271\n|switch|p1a: Buggalo|Forretress, M|100\/100\n|turn|5\n|\n|t:|1697502292\n|switch|p2a: Gazoontite|Sneasler, M|100\/100\n|move|p1a: Buggalo|Stealth Rock|p2a: Gazoontite\n|-sidestart|p2: RoamingDia|move: Stealth Rock\n|\n|-weather|SunnyDay|[upkeep]\n|upkeep\n|turn|6\n|\n|t:|1697502315\n|move|p2a: Gazoontite|Fake Out|p1a: Buggalo\n|-resisted|p1a: Buggalo\n|-damage|p1a: Buggalo|97\/100\n|cant|p1a: Buggalo|flinch\n|\n|-weather|SunnyDay|[upkeep]\n|upkeep\n|turn|7\n|\n|t:|1697502328\n|move|p2a: Gazoontite|Close Combat|p1a: Buggalo\n|-damage|p1a: Buggalo|61\/100\n|-unboost|p2a: Gazoontite|def|1\n|-unboost|p2a: Gazoontite|spd|1\n|move|p1a: Buggalo|Volt Switch|p2a: Gazoontite\n|-damage|p2a: Gazoontite|78\/100\n|\n|t:|1697502337\n|switch|p1a: SNAKE EYEZ|Dragapult, F|100\/100|[from] Volt Switch\n|-damage|p1a: SNAKE EYEZ|88\/100|[from] Stealth Rock\n|\n|-weather|SunnyDay|[upkeep]\n|upkeep\n|turn|8\n|\n|t:|1697502348\n|move|p1a: SNAKE EYEZ|Psychic Fangs|p2a: Gazoontite\n|-supereffective|p2a: Gazoontite\n|-damage|p2a: Gazoontite|0 fnt\n|faint|p2a: Gazoontite\n|\n|-weather|none\n|upkeep\n|\n|t:|1697502355\n|switch|p2a: Foolish|Dondozo, M|74\/100\n|turn|9\n|\n|t:|1697502377\n|switch|p1a: Shao Khan|Kingambit, F|100\/100\n|-damage|p1a: Shao Khan|94\/100|[from] Stealth Rock\n|-activate|p1a: Shao Khan|ability: Supreme Overlord\n|-start|p1a: Shao Khan|fallen1|[silent]\n|move|p2a: Foolish|Rest|p2a: Foolish\n|-status|p2a: Foolish|slp|[from] move: Rest\n|-heal|p2a: Foolish|100\/100 slp|[silent]\n|\n|upkeep\n|turn|10\n|\n|t:|1697502398\n|move|p1a: Shao Khan|Kowtow Cleave|p2a: Foolish\n|-damage|p2a: Foolish|74\/100 slp\n|cant|p2a: Foolish|slp\n|move|p2a: Foolish|Sleep Talk|p2a: Foolish\n|move|p2a: Foolish|Avalanche|p1a: Shao Khan|[from]move: Sleep Talk\n|-resisted|p1a: Shao Khan\n|-damage|p1a: Shao Khan|84\/100\n|\n|upkeep\n|turn|11\n|\n|t:|1697502417\n|move|p1a: Shao Khan|Kowtow Cleave|p2a: Foolish\n|-damage|p2a: Foolish|49\/100 slp\n|cant|p2a: Foolish|slp\n|move|p2a: Foolish|Sleep Talk|p2a: Foolish\n|move|p2a: Foolish|Avalanche|p1a: Shao Khan|[from]move: Sleep Talk\n|-resisted|p1a: Shao Khan\n|-damage|p1a: Shao Khan|74\/100\n|\n|upkeep\n|turn|12\n|\n|t:|1697502446\n|move|p1a: Shao Khan|Kowtow Cleave|p2a: Foolish\n|-damage|p2a: Foolish|24\/100 slp\n|-curestatus|p2a: Foolish|slp|[msg]\n|move|p2a: Foolish|Rest|p2a: Foolish\n|-status|p2a: Foolish|slp|[from] move: Rest\n|-heal|p2a: Foolish|100\/100 slp|[silent]\n|\n|upkeep\n|turn|13\n|\n|t:|1697502454\n|-end|p1a: Shao Khan|fallen1|[silent]\n|switch|p1a: Buggalo|Forretress, M|61\/100\n|cant|p2a: Foolish|slp\n|move|p2a: Foolish|Sleep Talk|p2a: Foolish\n|move|p2a: Foolish|Rest||[from]move: Sleep Talk|[still]\n|-fail|p2a: Foolish\n|\n|upkeep\n|turn|14\n|\n|t:|1697502462\n|switch|p2a: Bently|Torkoal, M|100\/100\n|-damage|p2a: Bently|76\/100|[from] Stealth Rock\n|-weather|SunnyDay|[from] ability: Drought|[of] p2a: Bently\n|move|p1a: Buggalo|Toxic Spikes|p2a: Bently\n|-sidestart|p2: RoamingDia|move: Toxic Spikes\n|\n|-weather|SunnyDay|[upkeep]\n|upkeep\n|turn|15\n|\n|t:|1697502503\n|switch|p1a: SNAKE EYEZ|Dragapult, F|88\/100\n|-damage|p1a: SNAKE EYEZ|76\/100|[from] Stealth Rock\n|move|p2a: Bently|Rapid Spin|p1a: SNAKE EYEZ\n|-immune|p1a: SNAKE EYEZ\n|\n|-weather|SunnyDay|[upkeep]\n|upkeep\n|turn|16\n|\n|t:|1697502516\n|move|p1a: SNAKE EYEZ|Outrage|p2a: Bently\n|-damage|p2a: Bently|8\/100\n|move|p2a: Bently|Will-O-Wisp|p1a: SNAKE EYEZ\n|-status|p1a: SNAKE EYEZ|brn\n|\n|-weather|SunnyDay|[upkeep]\n|-damage|p1a: SNAKE EYEZ|70\/100 brn|[from] brn\n|upkeep\n|turn|17\n|j| Sol CPU\n|\n|t:|1697502532\n|switch|p2a: Foolish|Dondozo, M|100\/100 slp\n|move|p1a: SNAKE EYEZ|Outrage|p2a: Foolish|[from]lockedmove\n|-damage|p2a: Foolish|79\/100 slp\n|-start|p1a: SNAKE EYEZ|confusion|[fatigue]\n|\n|-weather|SunnyDay|[upkeep]\n|-damage|p1a: SNAKE EYEZ|64\/100 brn|[from] brn\n|upkeep\n|turn|18\n|\n|t:|1697502560\n|switch|p1a: Bronco|Tauros-Paldea-Combat, M|100\/100\n|-damage|p1a: Bronco|94\/100|[from] Stealth Rock\n|-ability|p1a: Bronco|Intimidate|boost\n|-unboost|p2a: Foolish|atk|1\n|cant|p2a: Foolish|slp\n|move|p2a: Foolish|Sleep Talk|p2a: Foolish\n|move|p2a: Foolish|Avalanche|p1a: Bronco|[from]move: Sleep Talk\n|-damage|p1a: Bronco|85\/100\n|\n|-weather|SunnyDay|[upkeep]\n|upkeep\n|turn|19\n|\n|t:|1697502597\n|move|p1a: Bronco|Bulk Up|p1a: Bronco\n|-boost|p1a: Bronco|atk|1\n|-boost|p1a: Bronco|def|1\n|-curestatus|p2a: Foolish|slp|[msg]\n|move|p2a: Foolish|Rest|p2a: Foolish\n|-status|p2a: Foolish|slp|[from] move: Rest\n|-heal|p2a: Foolish|100\/100 slp|[silent]\n|\n|-weather|SunnyDay|[upkeep]\n|upkeep\n|turn|20\n|\n|t:|1697502631\n|switch|p1a: p coc haha|Espathra, F|100\/100\n|-damage|p1a: p coc haha|88\/100|[from] Stealth Rock\n|cant|p2a: Foolish|slp\n|move|p2a: Foolish|Sleep Talk|p2a: Foolish\n|move|p2a: Foolish|Earthquake|p1a: p coc haha|[from]move: Sleep Talk\n|-damage|p1a: p coc haha|74\/100\n|\n|-weather|SunnyDay|[upkeep]\n|-heal|p1a: p coc haha|80\/100|[from] item: Leftovers\n|upkeep\n|turn|21\n|\n|t:|1697502658\n|move|p1a: p coc haha|Calm Mind|p1a: p coc haha\n|-boost|p1a: p coc haha|spa|1\n|-boost|p1a: p coc haha|spd|1\n|cant|p2a: Foolish|slp\n|move|p2a: Foolish|Sleep Talk|p2a: Foolish\n|move|p2a: Foolish|Rest||[from]move: Sleep Talk|[still]\n|-fail|p2a: Foolish\n|\n|-weather|none\n|-heal|p1a: p coc haha|86\/100|[from] item: Leftovers\n|-ability|p1a: p coc haha|Speed Boost|boost\n|-boost|p1a: p coc haha|spe|1\n|upkeep\n|turn|22\n|\n|t:|1697502677\n|move|p1a: p coc haha|Calm Mind|p1a: p coc haha\n|-boost|p1a: p coc haha|spa|1\n|-boost|p1a: p coc haha|spd|1\n|-curestatus|p2a: Foolish|slp|[msg]\n|move|p2a: Foolish|Avalanche|p1a: p coc haha\n|-damage|p1a: p coc haha|76\/100\n|\n|-heal|p1a: p coc haha|82\/100|[from] item: Leftovers\n|-ability|p1a: p coc haha|Speed Boost|boost\n|-boost|p1a: p coc haha|spe|1\n|upkeep\n|turn|23\n|\n|t:|1697502690\n|switch|p2a: Pamela Isley|Brute Bonnet|100\/100\n|-damage|p2a: Pamela Isley|88\/100|[from] Stealth Rock\n|-status|p2a: Pamela Isley|psn\n|move|p1a: p coc haha|Calm Mind|p1a: p coc haha\n|-boost|p1a: p coc haha|spa|1\n|-boost|p1a: p coc haha|spd|1\n|\n|-heal|p1a: p coc haha|89\/100|[from] item: Leftovers\n|-damage|p2a: Pamela Isley|76\/100 psn|[from] psn\n|-ability|p1a: p coc haha|Speed Boost|boost\n|-boost|p1a: p coc haha|spe|1\n|upkeep\n|turn|24\n|\n|t:|1697502703\n|move|p1a: p coc haha|Dazzling Gleam|p2a: Pamela Isley\n|-supereffective|p2a: Pamela Isley\n|-damage|p2a: Pamela Isley|7\/100 psn\n|move|p2a: Pamela Isley|Spore|p1a: p coc haha\n|-status|p1a: p coc haha|slp|[from] move: Spore\n|\n|-heal|p1a: p coc haha|95\/100 slp|[from] item: Leftovers\n|-damage|p2a: Pamela Isley|0 fnt|[from] psn\n|faint|p2a: Pamela Isley\n|-end|p2a: Pamela Isley|Protosynthesis|[silent]\n|-ability|p1a: p coc haha|Speed Boost|boost\n|-boost|p1a: p coc haha|spe|1\n|upkeep\n|\n|t:|1697502733\n|switch|p2a: Pea Shooter|Lilligant-Hisui, F, shiny|100\/100\n|-damage|p2a: Pea Shooter|94\/100|[from] Stealth Rock\n|-status|p2a: Pea Shooter|psn\n|turn|25\n|\n|t:|1697502743\n|cant|p1a: p coc haha|slp\n|move|p2a: Pea Shooter|Victory Dance|p2a: Pea Shooter\n|-boost|p2a: Pea Shooter|atk|1\n|-boost|p2a: Pea Shooter|def|1\n|-boost|p2a: Pea Shooter|spe|1\n|\n|-heal|p1a: p coc haha|100\/100 slp|[from] item: Leftovers\n|-damage|p2a: Pea Shooter|82\/100 psn|[from] psn\n|-ability|p1a: p coc haha|Speed Boost|boost\n|-boost|p1a: p coc haha|spe|1\n|upkeep\n|turn|26\n|\n|t:|1697502771\n|cant|p1a: p coc haha|slp\n|move|p2a: Pea Shooter|Ice Spinner|p1a: p coc haha\n|-damage|p1a: p coc haha|53\/100 slp\n|-damage|p2a: Pea Shooter|72\/100 psn|[from] item: Life Orb\n|\n|-heal|p1a: p coc haha|59\/100 slp|[from] item: Leftovers\n|-damage|p2a: Pea Shooter|60\/100 psn|[from] psn\n|-ability|p1a: p coc haha|Speed Boost|boost\n|-boost|p1a: p coc haha|spe|1\n|upkeep\n|turn|27\n|\n|t:|1697502780\n|-curestatus|p1a: p coc haha|slp|[msg]\n|move|p1a: p coc haha|Stored Power|p2a: Pea Shooter\n|-supereffective|p2a: Pea Shooter\n|-damage|p2a: Pea Shooter|0 fnt\n|faint|p2a: Pea Shooter\n|\n|-heal|p1a: p coc haha|65\/100|[from] item: Leftovers\n|upkeep\n|\n|t:|1697502787\n|switch|p2a: Foolish|Dondozo, M|100\/100\n|turn|28\n|\n|t:|1697502797\n|move|p1a: p coc haha|Calm Mind|p1a: p coc haha\n|-boost|p1a: p coc haha|spa|1\n|-boost|p1a: p coc haha|spd|1\n|move|p2a: Foolish|Earthquake|p1a: p coc haha\n|-damage|p1a: p coc haha|42\/100\n|\n|-heal|p1a: p coc haha|48\/100|[from] item: Leftovers\n|upkeep\n|turn|29\n|\n|t:|1697502805\n|move|p1a: p coc haha|Roost|p1a: p coc haha\n|-heal|p1a: p coc haha|98\/100\n|-singleturn|p1a: p coc haha|move: Roost\n|move|p2a: Foolish|Earthquake|p1a: p coc haha\n|-damage|p1a: p coc haha|73\/100\n|\n|-heal|p1a: p coc haha|79\/100|[from] item: Leftovers\n|upkeep\n|turn|30\n|\n|t:|1697502813\n|move|p1a: p coc haha|Calm Mind|p1a: p coc haha\n|-boost|p1a: p coc haha|spa|1\n|-boost|p1a: p coc haha|spd|1\n|move|p2a: Foolish|Avalanche|p1a: p coc haha\n|-damage|p1a: p coc haha|66\/100\n|\n|-heal|p1a: p coc haha|72\/100|[from] item: Leftovers\n|upkeep\n|turn|31\n|\n|t:|1697502821\n|move|p1a: p coc haha|Calm Mind|p1a: p coc haha\n|-boost|p1a: p coc haha|spa|1\n|-boost|p1a: p coc haha|spd|1\n|move|p2a: Foolish|Earthquake|p1a: p coc haha\n|-damage|p1a: p coc haha|50\/100\n|\n|-heal|p1a: p coc haha|56\/100|[from] item: Leftovers\n|upkeep\n|turn|32\n|\n|t:|1697502828\n|move|p1a: p coc haha|Roost|p1a: p coc haha\n|-heal|p1a: p coc haha|100\/100\n|-singleturn|p1a: p coc haha|move: Roost\n|move|p2a: Foolish|Earthquake|p1a: p coc haha\n|-damage|p1a: p coc haha|78\/100\n|\n|-heal|p1a: p coc haha|84\/100|[from] item: Leftovers\n|upkeep\n|turn|33\n|\n|t:|1697502838\n|move|p1a: p coc haha|Stored Power|p2a: Foolish\n|-damage|p2a: Foolish|0 fnt\n|faint|p2a: Foolish\n|\n|-heal|p1a: p coc haha|90\/100|[from] item: Leftovers\n|upkeep\n|\n|t:|1697502843\n|switch|p2a: Okuyasu Nijimura|Walking Wake|100\/100\n|-damage|p2a: Okuyasu Nijimura|88\/100|[from] Stealth Rock\n|-status|p2a: Okuyasu Nijimura|psn\n|turn|34\n|\n|t:|1697502853\n|move|p1a: p coc haha|Dazzling Gleam|p2a: Okuyasu Nijimura\n|-supereffective|p2a: Okuyasu Nijimura\n|-damage|p2a: Okuyasu Nijimura|0 fnt\n|faint|p2a: Okuyasu Nijimura\n|-end|p2a: Okuyasu Nijimura|Protosynthesis|[silent]\n|\n|-heal|p1a: p coc haha|96\/100|[from] item: Leftovers\n|upkeep\n|\n|t:|1697502858\n|switch|p2a: Bently|Torkoal, M|8\/100\n|-damage|p2a: Bently|0 fnt|[from] Stealth Rock\n|faint|p2a: Bently\n|\n|win|BLACK METAL 3\n|l|\u2606RoamingDia\n|l| Sol CPU\n","uploadtime":1697502883,"views":7,"p1id":"blackmetal3","p2id":"roamingdia","formatid":"gen9ubers","rating":0,"private":0,"password":""}