{"id":"gen9ubers-1984991882","p1":"Pinescrone","p2":"Anne Frankkkk","format":"[Gen 9] Ubers","log":"|j|\u2606Pinescrone\n|j|\u2606Anne Frankkkk\n|t:|1699318383\n|gametype|singles\n|player|p1|Pinescrone|cilan|1140\n|player|p2|Anne Frankkkk|hilbert|1218\n|teamsize|p1|6\n|teamsize|p2|6\n|gen|9\n|tier|[Gen 9] Ubers\n|rated|\n|rule|Sleep Clause Mod: Limit one foe put to sleep\n|rule|Species Clause: Limit one of each Pok\u00e9mon\n|rule|OHKO Clause: OHKO moves are banned\n|rule|Evasion Items Clause: Evasion items are banned\n|rule|Evasion Moves Clause: Evasion moves are banned\n|rule|Endless Battle Clause: Forcing endless battles is banned\n|rule|HP Percentage Mod: HP is shown in percentages\n|clearpoke\n|poke|p1|Dondozo, M|\n|poke|p1|Samurott-Hisui, M|\n|poke|p1|Gholdengo|\n|poke|p1|Gliscor, F|\n|poke|p1|Zoroark-Hisui, F|\n|poke|p1|Great Tusk|\n|poke|p2|Iron Hands|\n|poke|p2|Kyogre|\n|poke|p2|Chien-Pao|\n|poke|p2|Ribombee, M|\n|poke|p2|Miraidon|\n|poke|p2|Flutter Mane|\n|teampreview\n|\n|t:|1699318388\n|start\n|switch|p1a: Samurott|Samurott-Hisui, M, shiny|100\/100\n|switch|p2a: Moonblast|Ribombee, M, shiny|100\/100\n|turn|1\n|inactive|Battle timer is ON: inactive players will automatically lose when time's up. (requested by Anne Frankkkk)\n|\n|t:|1699318402\n|move|p2a: Moonblast|Sticky Web|p1a: Samurott\n|-sidestart|p1: Pinescrone|move: Sticky Web\n|move|p1a: Samurott|Ceaseless Edge|p2a: Moonblast\n|-resisted|p2a: Moonblast\n|-damage|p2a: Moonblast|56\/100\n|-sidestart|p2: Anne Frankkkk|Spikes\n|\n|upkeep\n|turn|2\n|\n|t:|1699318409\n|move|p2a: Moonblast|Moonblast|p1a: Samurott\n|-supereffective|p1a: Samurott\n|-enditem|p1a: Samurott|Focus Sash\n|-damage|p1a: Samurott|1\/100\n|move|p1a: Samurott|Ceaseless Edge|p2a: Moonblast|[miss]\n|-miss|p1a: Samurott|p2a: Moonblast\n|\n|upkeep\n|turn|3\n|\n|t:|1699318420\n|move|p1a: Samurott|Aqua Jet|p2a: Moonblast\n|-damage|p2a: Moonblast|20\/100\n|move|p2a: Moonblast|Moonblast|p1a: Samurott\n|-supereffective|p1a: Samurott\n|-damage|p1a: Samurott|0 fnt\n|faint|p1a: Samurott\n|\n|upkeep\n|inactive|Pinescrone has 120 seconds left.\n|\n|t:|1699318445\n|switch|p1a: Great Tusk|Great Tusk|100\/100\n|-activate|p1a: Great Tusk|move: Sticky Web\n|-unboost|p1a: Great Tusk|spe|1\n|turn|4\n|\n|t:|1699318453\n|move|p2a: Moonblast|Moonblast|p1a: Great Tusk\n|-supereffective|p1a: Great Tusk\n|-damage|p1a: Great Tusk|0 fnt\n|faint|p1a: Great Tusk\n|-end|p1a: Great Tusk|Protosynthesis|[silent]\n|\n|upkeep\n|\n|t:|1699318462\n|switch|p1a: Gliscor|Gliscor, F|100\/100\n|turn|5\n|inactive|Anne Frankkkk has 120 seconds left.\n|inactive|Anne Frankkkk has 90 seconds left.\n|inactive|Pinescrone has 120 seconds left.\n|\n|t:|1699318535\n|move|p2a: Moonblast|Moonblast|p1a: Gliscor\n|-damage|p1a: Gliscor|55\/100\n|move|p1a: Gliscor|Knock Off|p2a: Moonblast\n|-resisted|p2a: Moonblast\n|-damage|p2a: Moonblast|0 fnt\n|-enditem|p2a: Moonblast|Focus Sash|[from] move: Knock Off|[of] p1a: Gliscor\n|faint|p2a: Moonblast\n|\n|-status|p1a: Gliscor|tox|[from] item: Toxic Orb\n|upkeep\n|\n|t:|1699318543\n|switch|p2a: Ice Cat|Chien-Pao|100\/100\n|-damage|p2a: Ice Cat|88\/100|[from] Spikes\n|-ability|p2a: Ice Cat|Sword of Ruin\n|turn|6\n|inactive|Anne Frankkkk has 90 seconds left.\n|inactive|Pinescrone has 120 seconds left.\n|\n|t:|1699318554\n|switch|p1a: Dondozo|Dondozo, M|100\/100\n|-activate|p1a: Dondozo|move: Sticky Web\n|-unboost|p1a: Dondozo|spe|1\n|move|p2a: Ice Cat|Ice Spinner|p1a: Dondozo\n|-damage|p1a: Dondozo|0 fnt\n|replace|p1a: Zoroark|Zoroark-Hisui, F\n|-end|p1a: Zoroark|Illusion\n|faint|p1a: Zoroark\n|-damage|p2a: Ice Cat|78\/100|[from] item: Life Orb\n|\n|upkeep\n|inactive|Pinescrone has 120 seconds left.\n|\n|t:|1699318565\n|switch|p1a: Dondozo|Dondozo, M|100\/100\n|-activate|p1a: Dondozo|move: Sticky Web\n|-unboost|p1a: Dondozo|spe|1\n|turn|7\n|inactive|Pinescrone has 120 seconds left.\n|\n|t:|1699318573\n|move|p2a: Ice Cat|Sacred Sword|p1a: Dondozo\n|-damage|p1a: Dondozo|64\/100\n|-damage|p2a: Ice Cat|68\/100|[from] item: Life Orb\n|move|p1a: Dondozo|Curse|p1a: Dondozo\n|-unboost|p1a: Dondozo|spe|1\n|-boost|p1a: Dondozo|atk|1\n|-boost|p1a: Dondozo|def|1\n|\n|-heal|p1a: Dondozo|70\/100|[from] item: Leftovers\n|upkeep\n|turn|8\n|inactive|Pinescrone has 120 seconds left.\n|\n|t:|1699318585\n|switch|p2a: Cyber Lizard|Miraidon|100\/100\n|-fieldstart|move: Electric Terrain|[from] ability: Hadron Engine|[of] p2a: Cyber Lizard\n|-item|p2a: Cyber Lizard|Air Balloon\n|move|p1a: Dondozo|Curse|p1a: Dondozo\n|-unboost|p1a: Dondozo|spe|1\n|-boost|p1a: Dondozo|atk|1\n|-boost|p1a: Dondozo|def|1\n|\n|-heal|p1a: Dondozo|76\/100|[from] item: Leftovers\n|upkeep\n|turn|9\n|inactive|Pinescrone has 120 seconds left.\n|\n|t:|1699318600\n|-terastallize|p1a: Dondozo|Grass\n|move|p2a: Cyber Lizard|Electro Drift|p1a: Dondozo\n|-resisted|p1a: Dondozo\n|-damage|p1a: Dondozo|49\/100\n|move|p1a: Dondozo|Curse|p1a: Dondozo\n|-unboost|p1a: Dondozo|spe|1\n|-boost|p1a: Dondozo|atk|1\n|-boost|p1a: Dondozo|def|1\n|\n|-heal|p1a: Dondozo|55\/100|[from] item: Leftovers\n|upkeep\n|turn|10\n|inactive|Anne Frankkkk has 120 seconds left.\n|inactive|Pinescrone has 120 seconds left.\n|\n|t:|1699318618\n|move|p2a: Cyber Lizard|Dragon Pulse|p1a: Dondozo\n|-damage|p1a: Dondozo|10\/100\n|move|p1a: Dondozo|Curse|p1a: Dondozo\n|-unboost|p1a: Dondozo|spe|1\n|-boost|p1a: Dondozo|atk|1\n|-boost|p1a: Dondozo|def|1\n|\n|-heal|p1a: Dondozo|16\/100|[from] item: Leftovers\n|upkeep\n|turn|11\n|inactive|Pinescrone has 120 seconds left.\n|\n|t:|1699318627\n|move|p2a: Cyber Lizard|Dragon Pulse|p1a: Dondozo\n|-damage|p1a: Dondozo|0 fnt\n|faint|p1a: Dondozo\n|\n|upkeep\n|inactive|Pinescrone has 120 seconds left.\n|-message|Pinescrone forfeited.\n|\n|win|Anne Frankkkk\n|raw|Pinescrone's rating: 1140 &rarr; <strong>1121<\/strong><br \/>(-19 for losing)\n|raw|Anne Frankkkk's rating: 1218 &rarr; <strong>1237<\/strong><br \/>(+19 for winning)\n|l|\u2606Pinescrone\n","uploadtime":1699318640,"views":5,"p1id":"pinescrone","p2id":"annefrankkkk","formatid":"gen9ubers","rating":1121,"private":0,"password":""}