{"id":"gen9ubers-1969586038","p1":"chrispyship","p2":"Tioscy","format":"[Gen 9] Ubers","log":"|j|\u2606chrispyship\n|j|\u2606Tioscy\n|t:|1697549638\n|gametype|singles\n|player|p1|chrispyship|smasher|1118\n|player|p2|Tioscy|265|1131\n|teamsize|p1|6\n|teamsize|p2|6\n|gen|9\n|tier|[Gen 9] Ubers\n|rated|\n|rule|Sleep Clause Mod: Limit one foe put to sleep\n|rule|Species Clause: Limit one of each Pok\u00e9mon\n|rule|OHKO Clause: OHKO moves are banned\n|rule|Evasion Items Clause: Evasion items are banned\n|rule|Evasion Moves Clause: Evasion moves are banned\n|rule|Endless Battle Clause: Forcing endless battles is banned\n|rule|HP Percentage Mod: HP is shown in percentages\n|clearpoke\n|poke|p1|Koraidon|\n|poke|p1|Miraidon|\n|poke|p1|Zacian-*|\n|poke|p1|Arceus|\n|poke|p1|Skeledirge, M|\n|poke|p1|Clodsire, M|\n|poke|p2|Donphan, L1, F|\n|poke|p2|Kleavor, F|\n|poke|p2|Meowscarada, F|\n|poke|p2|Zoroark-Hisui, F|\n|poke|p2|Cyclizar, F|\n|poke|p2|Clodsire, F|\n|teampreview\n|c|\u2606Tioscy|Hey hey glhf!\n|inactive|Battle timer is ON: inactive players will automatically lose when time's up. (requested by Tioscy)\n|\n|t:|1697549661\n|start\n|switch|p1a: Miraidon|Miraidon|100\/100\n|switch|p2a: FUGG|Clodsire, F|100\/100\n|-fieldstart|move: Electric Terrain|[from] ability: Hadron Engine|[of] p1a: Miraidon\n|turn|1\n|\n|t:|1697549671\n|switch|p1a: Arceus|Arceus|100\/100\n|move|p2a: FUGG|Toxic Spikes|p1a: Arceus\n|-sidestart|p1: chrispyship|move: Toxic Spikes\n|\n|upkeep\n|turn|2\n|\n|t:|1697549678\n|move|p1a: Arceus|Extreme Speed|p2a: FUGG\n|-damage|p2a: FUGG|74\/100\n|move|p2a: FUGG|Stealth Rock|p1a: Arceus\n|-sidestart|p1: chrispyship|move: Stealth Rock\n|\n|-heal|p2a: FUGG|80\/100|[from] item: Black Sludge\n|upkeep\n|turn|3\n|\n|t:|1697549690\n|move|p1a: Arceus|Swords Dance|p1a: Arceus\n|-boost|p1a: Arceus|atk|2\n|move|p2a: FUGG|Toxic Spikes|p1a: Arceus\n|-sidestart|p1: chrispyship|move: Toxic Spikes\n|\n|-heal|p2a: FUGG|86\/100|[from] item: Black Sludge\n|upkeep\n|turn|4\n|\n|t:|1697549697\n|move|p1a: Arceus|Swords Dance|p1a: Arceus\n|-boost|p1a: Arceus|atk|2\n|move|p2a: FUGG|Recover|p2a: FUGG\n|-heal|p2a: FUGG|100\/100\n|\n|upkeep\n|turn|5\n|\n|t:|1697549709\n|move|p1a: Arceus|Extreme Speed|p2a: FUGG\n|-damage|p2a: FUGG|70\/100\n|move|p2a: FUGG|Haze|p2a: FUGG\n|-clearallboost\n|\n|-heal|p2a: FUGG|76\/100|[from] item: Black Sludge\n|-fieldend|move: Electric Terrain\n|upkeep\n|turn|6\n|\n|t:|1697549724\n|switch|p1a: Koraidon|Koraidon|100\/100\n|-status|p1a: Koraidon|tox\n|-damage|p1a: Koraidon|94\/100 tox|[from] Stealth Rock\n|-weather|SunnyDay|[from] ability: Orichalcum Pulse|[of] p1a: Koraidon\n|-activate|p1a: Koraidon|Orichalcum Pulse|[source]\n|switch|p2a: Whoopsies!|Donphan, L1, F|100\/100\n|\n|-weather|SunnyDay|[upkeep]\n|-heal|p1a: Koraidon|100\/100 tox|[from] item: Leftovers\n|-damage|p1a: Koraidon|94\/100 tox|[from] psn\n|upkeep\n|turn|7\n|\n|t:|1697549741\n|move|p1a: Koraidon|Bulk Up|p1a: Koraidon\n|-boost|p1a: Koraidon|atk|1\n|-boost|p1a: Koraidon|def|1\n|move|p2a: Whoopsies!|Endeavor|p1a: Koraidon\n|-damage|p1a: Koraidon|4\/100 tox\n|\n|-weather|SunnyDay|[upkeep]\n|-heal|p1a: Koraidon|10\/100 tox|[from] item: Leftovers\n|-damage|p1a: Koraidon|0 fnt|[from] psn\n|faint|p1a: Koraidon\n|upkeep\n|\n|t:|1697549756\n|switch|p1a: Skeledirge|Skeledirge, M|100\/100\n|turn|8\n|\n|t:|1697549776\n|switch|p2a: Yinkies|Kleavor, F, shiny|100\/100\n|move|p1a: Skeledirge|Torch Song|p2a: Yinkies\n|-damage|p2a: Yinkies|24\/100\n|-boost|p1a: Skeledirge|spa|1\n|\n|-weather|SunnyDay|[upkeep]\n|upkeep\n|turn|9\n|\n|t:|1697549796\n|move|p2a: Yinkies|Stone Axe|p1a: Skeledirge\n|-supereffective|p1a: Skeledirge\n|-crit|p1a: Skeledirge\n|-damage|p1a: Skeledirge|0 fnt\n|faint|p1a: Skeledirge\n|\n|-weather|SunnyDay|[upkeep]\n|upkeep\n|c|\u2606Tioscy|Oh no.... crit mattered\n|\n|t:|1697549810\n|switch|p1a: Zacian|Zacian-Crowned|100\/100\n|-damage|p1a: Zacian|94\/100|[from] Stealth Rock\n|-ability|p1a: Zacian|Intrepid Sword|boost\n|-boost|p1a: Zacian|atk|1\n|turn|10\n|c|\u2606Tioscy|Sorry\n|inactive|chrispyship has 120 seconds left.\n|\n|t:|1697549827\n|move|p1a: Zacian|Behemoth Blade|p2a: Yinkies\n|-supereffective|p2a: Yinkies\n|-damage|p2a: Yinkies|0 fnt\n|faint|p2a: Yinkies\n|\n|-weather|none\n|upkeep\n|\n|t:|1697549835\n|switch|p2a: Whoopsies!|Donphan, L1, F|100\/100\n|turn|11\n|\n|t:|1697549844\n|-terastallize|p1a: Zacian|Flying\n|move|p1a: Zacian|Behemoth Blade|p2a: Whoopsies!\n|-ability|p2a: Whoopsies!|Sturdy\n|-damage|p2a: Whoopsies!|8\/100\n|move|p2a: Whoopsies!|Endeavor|p1a: Zacian\n|-damage|p1a: Zacian|1\/100\n|-heal|p2a: Whoopsies!|100\/100|[from] item: Shell Bell|[of] p1a: Zacian\n|\n|upkeep\n|turn|12\n|\n|t:|1697549861\n|switch|p1a: Clodsire|Clodsire, M|100\/100\n|-sideend|p1: chrispyship|move: Toxic Spikes|[of] p1a: Clodsire\n|-damage|p1a: Clodsire|94\/100|[from] Stealth Rock\n|move|p2a: Whoopsies!|Ice Shard|p1a: Clodsire\n|-supereffective|p1a: Clodsire\n|-damage|p1a: Clodsire|94\/100\n|\n|-heal|p1a: Clodsire|99\/100|[from] item: Leftovers\n|upkeep\n|turn|13\n|\n|t:|1697549881\n|switch|p2a: FUGG|Clodsire, F|100\/100\n|move|p1a: Clodsire|Toxic|p2a: FUGG\n|-status|p2a: FUGG|tox\n|\n|-heal|p1a: Clodsire|100\/100|[from] item: Leftovers\n|-damage|p2a: FUGG|95\/100 tox|[from] psn\n|upkeep\n|turn|14\n|\n|t:|1697549891\n|move|p2a: FUGG|Extrasensory|p1a: Clodsire\n|-supereffective|p1a: Clodsire\n|-damage|p1a: Clodsire|58\/100\n|move|p1a: Clodsire|Earthquake|p2a: FUGG\n|-damage|p2a: FUGG|37\/100 tox\n|replace|p2a: HUH?!?!|Zoroark-Hisui, F\n|-end|p2a: HUH?!?!|Illusion\n|\n|-heal|p1a: Clodsire|64\/100|[from] item: Leftovers\n|-damage|p2a: HUH?!?!|25\/100 tox|[from] psn\n|upkeep\n|turn|15\n|\n|t:|1697549905\n|move|p2a: HUH?!?!|Extrasensory|p1a: Clodsire\n|-supereffective|p1a: Clodsire\n|-damage|p1a: Clodsire|21\/100\n|move|p1a: Clodsire|Earthquake|p2a: HUH?!?!\n|-damage|p2a: HUH?!?!|0 fnt\n|faint|p2a: HUH?!?!\n|\n|-heal|p1a: Clodsire|27\/100|[from] item: Leftovers\n|upkeep\n|\n|t:|1697549915\n|switch|p2a: EXCUSE ME????|Cyclizar, F|100\/100\n|turn|16\n|\n|t:|1697549931\n|switch|p1a: Miraidon|Miraidon|100\/100\n|-damage|p1a: Miraidon|88\/100|[from] Stealth Rock\n|-fieldstart|move: Electric Terrain|[from] ability: Hadron Engine|[of] p1a: Miraidon\n|move|p2a: EXCUSE ME????|Draco Meteor|p1a: Miraidon\n|-supereffective|p1a: Miraidon\n|-damage|p1a: Miraidon|0 fnt\n|-unboost|p2a: EXCUSE ME????|spa|2\n|faint|p1a: Miraidon\n|\n|upkeep\n|\n|t:|1697549944\n|switch|p1a: Arceus|Arceus|100\/100\n|-damage|p1a: Arceus|88\/100|[from] Stealth Rock\n|turn|17\n|\n|t:|1697549953\n|switch|p2a: FUGG|Clodsire, F|76\/100\n|move|p1a: Arceus|Extreme Speed|p2a: FUGG\n|-damage|p2a: FUGG|50\/100\n|\n|-heal|p1a: Arceus|94\/100|[from] item: Leftovers\n|-heal|p2a: FUGG|56\/100|[from] item: Black Sludge\n|upkeep\n|turn|18\n|\n|t:|1697549965\n|move|p1a: Arceus|Extreme Speed|p2a: FUGG\n|-damage|p2a: FUGG|27\/100\n|move|p2a: FUGG|Recover|p2a: FUGG\n|-heal|p2a: FUGG|77\/100\n|\n|-heal|p1a: Arceus|99\/100|[from] item: Leftovers\n|-heal|p2a: FUGG|83\/100|[from] item: Black Sludge\n|upkeep\n|turn|19\n|\n|t:|1697549975\n|move|p1a: Arceus|Extreme Speed|p2a: FUGG\n|-damage|p2a: FUGG|57\/100\n|move|p2a: FUGG|Toxic Spikes|p1a: Arceus\n|-sidestart|p1: chrispyship|move: Toxic Spikes\n|\n|-heal|p1a: Arceus|100\/100|[from] item: Leftovers\n|-heal|p2a: FUGG|63\/100|[from] item: Black Sludge\n|upkeep\n|turn|20\n|\n|t:|1697549985\n|move|p1a: Arceus|Shadow Claw|p2a: FUGG\n|-damage|p2a: FUGG|45\/100\n|move|p2a: FUGG|Recover|p2a: FUGG\n|-heal|p2a: FUGG|95\/100\n|\n|-heal|p2a: FUGG|100\/100|[from] item: Black Sludge\n|-fieldend|move: Electric Terrain\n|upkeep\n|turn|21\n|\n|t:|1697549998\n|switch|p2a: Whoa...|Meowscarada, F|100\/100\n|move|p1a: Arceus|Shadow Claw|p2a: Whoa...\n|-resisted|p2a: Whoa...\n|-damage|p2a: Whoa...|84\/100\n|\n|upkeep\n|turn|22\n|\n|t:|1697550008\n|move|p1a: Arceus|Extreme Speed|p2a: Whoa...\n|-damage|p2a: Whoa...|28\/100\n|move|p2a: Whoa...|Low Kick|p1a: Arceus\n|-start|p2a: Whoa...|typechange|Fighting|[from] ability: Protean\n|-supereffective|p1a: Arceus\n|-damage|p1a: Arceus|10\/100\n|\n|-heal|p1a: Arceus|17\/100|[from] item: Leftovers\n|upkeep\n|turn|23\n|\n|t:|1697550022\n|move|p1a: Arceus|Extreme Speed|p2a: Whoa...\n|-damage|p2a: Whoa...|0 fnt\n|faint|p2a: Whoa...\n|\n|-heal|p1a: Arceus|23\/100|[from] item: Leftovers\n|upkeep\n|\n|t:|1697550030\n|switch|p2a: EXCUSE ME????|Cyclizar, F|100\/100\n|turn|24\n|\n|t:|1697550051\n|move|p2a: EXCUSE ME????|Hyper Beam|p1a: Arceus\n|-damage|p1a: Arceus|0 fnt\n|-mustrecharge|p2a: EXCUSE ME????\n|faint|p1a: Arceus\n|\n|upkeep\n|\n|t:|1697550064\n|switch|p1a: Clodsire|Clodsire, M|27\/100\n|-damage|p1a: Clodsire|21\/100|[from] Stealth Rock\n|-sideend|p1: chrispyship|move: Toxic Spikes|[of] p1a: Clodsire\n|turn|25\n|\n|t:|1697550070\n|cant|p2a: EXCUSE ME????|recharge\n|move|p1a: Clodsire|Recover|p1a: Clodsire\n|-heal|p1a: Clodsire|71\/100\n|\n|-heal|p1a: Clodsire|77\/100|[from] item: Leftovers\n|upkeep\n|turn|26\n|\n|t:|1697550088\n|move|p2a: EXCUSE ME????|Hyper Beam|p1a: Clodsire\n|-damage|p1a: Clodsire|35\/100\n|-mustrecharge|p2a: EXCUSE ME????\n|move|p1a: Clodsire|Toxic|p2a: EXCUSE ME????\n|-status|p2a: EXCUSE ME????|tox\n|\n|-heal|p1a: Clodsire|41\/100|[from] item: Leftovers\n|-damage|p2a: EXCUSE ME????|94\/100 tox|[from] psn\n|upkeep\n|turn|27\n|\n|t:|1697550096\n|cant|p2a: EXCUSE ME????|recharge\n|move|p1a: Clodsire|Recover|p1a: Clodsire\n|-heal|p1a: Clodsire|91\/100\n|\n|-heal|p1a: Clodsire|97\/100|[from] item: Leftovers\n|-damage|p2a: EXCUSE ME????|82\/100 tox|[from] psn\n|upkeep\n|turn|28\n|\n|t:|1697550110\n|switch|p2a: FUGG|Clodsire, F|100\/100\n|move|p1a: Clodsire|Earthquake|p2a: FUGG\n|-supereffective|p2a: FUGG\n|-damage|p2a: FUGG|60\/100\n|\n|-heal|p1a: Clodsire|100\/100|[from] item: Leftovers\n|-heal|p2a: FUGG|66\/100|[from] item: Black Sludge\n|upkeep\n|turn|29\n|\n|t:|1697550122\n|move|p1a: Clodsire|Earthquake|p2a: FUGG\n|-supereffective|p2a: FUGG\n|-crit|p2a: FUGG\n|-damage|p2a: FUGG|0 fnt\n|faint|p2a: FUGG\n|\n|upkeep\n|c|\u2606chrispyship|WOOPS\n|\n|t:|1697550128\n|switch|p2a: Whoopsies!|Donphan, L1, F|100\/100\n|turn|30\n|\n|t:|1697550133\n|move|p1a: Clodsire|Toxic|p2a: Whoopsies!\n|-status|p2a: Whoopsies!|tox\n|move|p2a: Whoopsies!|Endeavor|p1a: Clodsire\n|-damage|p1a: Clodsire|3\/100\n|\n|-heal|p1a: Clodsire|10\/100|[from] item: Leftovers\n|-damage|p2a: Whoopsies!|93\/100 tox|[from] psn\n|upkeep\n|turn|31\n|\n|t:|1697550147\n|switch|p2a: EXCUSE ME????|Cyclizar, F|100\/100 tox\n|move|p1a: Clodsire|Earthquake|p2a: EXCUSE ME????\n|-damage|p2a: EXCUSE ME????|56\/100 tox\n|\n|-heal|p1a: Clodsire|16\/100|[from] item: Leftovers\n|-damage|p2a: EXCUSE ME????|50\/100 tox|[from] psn\n|upkeep\n|turn|32\n|\n|t:|1697550163\n|switch|p1a: Zacian|Zacian-Crowned, tera:Flying|1\/100\n|-damage|p1a: Zacian|0 fnt|[from] Stealth Rock\n|faint|p1a: Zacian\n|move|p2a: EXCUSE ME????|Draco Meteor|p1: Zacian|[notarget]\n|-fail|p2a: EXCUSE ME????\n|\n|-damage|p2a: EXCUSE ME????|38\/100 tox|[from] psn\n|upkeep\n|\n|t:|1697550171\n|switch|p1a: Clodsire|Clodsire, M|16\/100\n|-damage|p1a: Clodsire|10\/100|[from] Stealth Rock\n|turn|33\n|\n|t:|1697550176\n|move|p2a: EXCUSE ME????|Draco Meteor|p1a: Clodsire\n|-damage|p1a: Clodsire|0 fnt\n|-unboost|p2a: EXCUSE ME????|spa|2\n|faint|p1a: Clodsire\n|\n|win|Tioscy\n|raw|chrispyship's rating: 1118 &rarr; <strong>1094<\/strong><br \/>(-24 for losing)\n|raw|Tioscy's rating: 1131 &rarr; <strong>1155<\/strong><br \/>(+24 for winning)\n","uploadtime":1697550185,"views":13,"p1id":"chrispyship","p2id":"tioscy","formatid":"gen9ubers","rating":1094,"private":0,"password":""}