{"id":"gen9ubers-1972831564","p1":"Patatex","p2":"Bka Onon","format":"[Gen 9] Ubers","log":"|j|\u2606Patatex\n|j|\u2606Bka Onon\n|t:|1697900125\n|gametype|singles\n|player|p1|Patatex|scientist|\n|player|p2|Bka Onon|carmine|\n|teamsize|p1|6\n|teamsize|p2|6\n|gen|9\n|tier|[Gen 9] Ubers\n|rule|Sleep Clause Mod: Limit one foe put to sleep\n|rule|Species Clause: Limit one of each Pok\u00e9mon\n|rule|OHKO Clause: OHKO moves are banned\n|rule|Evasion Items Clause: Evasion items are banned\n|rule|Evasion Moves Clause: Evasion moves are banned\n|rule|Endless Battle Clause: Forcing endless battles is banned\n|rule|HP Percentage Mod: HP is shown in percentages\n|clearpoke\n|poke|p1|Miraidon|\n|poke|p1|Koraidon|\n|poke|p1|Ogerpon-Hearthflame, F|\n|poke|p1|Arceus-Ground|\n|poke|p1|Iron Bundle|\n|poke|p1|Great Tusk|\n|poke|p2|Koraidon|\n|poke|p2|Zacian-*|\n|poke|p2|Kyogre|\n|poke|p2|Toxapex, M|\n|poke|p2|Arceus-Fairy|\n|poke|p2|Ting-Lu|\n|teampreview\n|inactive|Battle timer is ON: inactive players will automatically lose when time's up. (requested by Patatex)\n|c|\u2606Bka Onon|hf\n|c|\u2606Patatex|hf\n|c|\u2606Patatex|how to make public this room\n|inactive|Patatex has 270 seconds left.\n|inactive|Bka Onon has 270 seconds left.\n|c|\u2606Bka Onon|\/log Bka Onon made this room public.\n|inactive|Patatex has 240 seconds left.\n|inactive|Bka Onon has 240 seconds left.\n|c|\u2606Bka Onon|made\n|c|\u2606Patatex|thx\n|inactive|Patatex has 210 seconds left.\n|\n|t:|1697900225\n|start\n|switch|p1a: Ogerpon|Ogerpon-Hearthflame, F|100\/100\n|switch|p2a: need to talk|Koraidon|100\/100\n|-weather|SunnyDay|[from] ability: Orichalcum Pulse|[of] p2a: need to talk\n|-activate|p2a: need to talk|Orichalcum Pulse|[source]\n|-ability|p1a: Ogerpon|Mold Breaker\n|turn|1\n|inactive|Patatex has 270 seconds left.\n|inactive|Bka Onon has 270 seconds left.\n|\n|t:|1697900255\n|move|p2a: need to talk|U-turn|p1a: Ogerpon\n|-damage|p1a: Ogerpon|53\/100\n|\n|t:|1697900267\n|switch|p2a: Dumbledore|Toxapex, M|100\/100|[from] U-turn\n|move|p1a: Ogerpon|Play Rough|p2a: Dumbledore\n|-resisted|p2a: Dumbledore\n|-damage|p2a: Dumbledore|91\/100\n|-damage|p1a: Ogerpon|37\/100|[from] item: Rocky Helmet|[of] p2a: Dumbledore\n|\n|-weather|SunnyDay|[upkeep]\n|upkeep\n|turn|2\n|inactive|Patatex has 270 seconds left.\n|\n|t:|1697900278\n|switch|p1a: Iron Bundle|Iron Bundle|100\/100\n|move|p2a: Dumbledore|Poison Jab|p1a: Iron Bundle\n|-damage|p1a: Iron Bundle|79\/100\n|-status|p1a: Iron Bundle|psn\n|\n|-weather|SunnyDay|[upkeep]\n|-damage|p1a: Iron Bundle|67\/100 psn|[from] psn\n|upkeep\n|turn|3\n|inactive|Patatex has 270 seconds left.\n|\n|t:|1697900288\n|switch|p2a: Snoop|Zacian-Crowned|100\/100\n|-ability|p2a: Snoop|Intrepid Sword|boost\n|-boost|p2a: Snoop|atk|1\n|move|p1a: Iron Bundle|Flip Turn|p2a: Snoop\n|-damage|p2a: Snoop|94\/100\n|inactive|Patatex has 270 seconds left.\n|l|\u2606Patatex\n|inactive|Patatex disconnected and has 300 seconds to reconnect!\n|player|p1|\n|j| Nowelle\n|j|\u2606Patatex\n|inactive|Patatex reconnected and has 250 seconds left.\n|player|p1|Patatex|scientist\n|inactive|Patatex has 240 seconds left.\n|j| lemonstre1\n|c| Nowelle|Go onion (or whoever is playing)!!!\n|c| lemonstre1|bon!\n|\n|t:|1697900346\n|-end|p1a: Iron Bundle|Quark Drive|[silent]\n|switch|p1a: Arceus|Arceus-Ground|100\/100|[from] Flip Turn\n|\n|-weather|SunnyDay|[upkeep]\n|upkeep\n|turn|4\n|inactive|Bka Onon has 270 seconds left.\n|\n|t:|1697900361\n|switch|p2a: 12.381.245.12|Kyogre|100\/100\n|-weather|RainDance|[from] ability: Drizzle|[of] p2a: 12.381.245.12\n|move|p1a: Arceus|Earthquake|p2a: 12.381.245.12\n|-damage|p2a: 12.381.245.12|48\/100\n|\n|-weather|RainDance|[upkeep]\n|-heal|p2a: 12.381.245.12|54\/100|[from] item: Leftovers\n|upkeep\n|turn|5\n|c| lemonstre1|cmon onon!!\n|inactive|Patatex has 240 seconds left.\n|c| Nowelle|????\n|c| lemonstre1|?_?\n|inactive|Bka Onon has 240 seconds left.\n|\n|t:|1697900402\n|switch|p2a: The Rest of _|Arceus-Fairy|100\/100\n|move|p1a: Arceus|Earthquake|p2a: The Rest of _\n|-damage|p2a: The Rest of _|69\/100\n|\n|-weather|RainDance|[upkeep]\n|upkeep\n|turn|6\n|c| Nowelle|what did you meant with that nick...\n|\n|t:|1697900411\n|move|p1a: Arceus|Swords Dance|p1a: Arceus\n|-boost|p1a: Arceus|atk|2\n|move|p2a: The Rest of _|Calm Mind|p2a: The Rest of _\n|-boost|p2a: The Rest of _|spa|1\n|-boost|p2a: The Rest of _|spd|1\n|\n|-weather|RainDance|[upkeep]\n|upkeep\n|turn|7\n|\n|t:|1697900415\n|move|p1a: Arceus|Earthquake|p2a: The Rest of _\n|-damage|p2a: The Rest of _|1\/100\n|move|p2a: The Rest of _|Recover|p2a: The Rest of _\n|-heal|p2a: The Rest of _|51\/100\n|\n|-weather|RainDance|[upkeep]\n|upkeep\n|turn|8\n|\n|t:|1697900422\n|move|p1a: Arceus|Earthquake|p2a: The Rest of _\n|-damage|p2a: The Rest of _|0 fnt\n|faint|p2a: The Rest of _\n|\n|-weather|none\n|upkeep\n|j| Brexus\n|inactive|Bka Onon has 240 seconds left.\n|\n|t:|1697900439\n|switch|p2a: need to talk|Koraidon|100\/100\n|-weather|SunnyDay|[from] ability: Orichalcum Pulse|[of] p2a: need to talk\n|-activate|p2a: need to talk|Orichalcum Pulse|[source]\n|turn|9\n|l| Brexus\n|j| GXE_Kartana\n|inactive|Bka Onon has 240 seconds left.\n|inactive|Patatex has 240 seconds left.\n|\n|t:|1697900461\n|move|p2a: need to talk|Low Kick|p1a: Arceus\n|-damage|p1a: Arceus|22\/100\n|move|p1a: Arceus|Earthquake|p2a: need to talk\n|-damage|p2a: need to talk|0 fnt\n|faint|p2a: need to talk\n|\n|-weather|SunnyDay|[upkeep]\n|upkeep\n|\n|t:|1697900467\n|switch|p2a: Snoop|Zacian-Crowned|94\/100\n|turn|10\n|j| Fulguris\n|\n|t:|1697900478\n|move|p1a: Arceus|Extreme Speed|p2a: Snoop\n|-resisted|p2a: Snoop\n|-damage|p2a: Snoop|66\/100\n|move|p2a: Snoop|Behemoth Blade|p1a: Arceus\n|-crit|p1a: Arceus\n|-damage|p1a: Arceus|0 fnt\n|faint|p1a: Arceus\n|\n|-weather|SunnyDay|[upkeep]\n|upkeep\n|j| ValBat\n|\n|t:|1697900483\n|switch|p1a: Koraidon|Koraidon|100\/100\n|-activate|p1a: Koraidon|ability: Orichalcum Pulse\n|turn|11\n|\n|t:|1697900488\n|switch|p2a: 12.381.245.12|Kyogre|54\/100\n|-weather|RainDance|[from] ability: Drizzle|[of] p2a: 12.381.245.12\n|switch|p1a: Iron Bundle|Iron Bundle|67\/100 psn\n|\n|-weather|RainDance|[upkeep]\n|-heal|p2a: 12.381.245.12|60\/100|[from] item: Leftovers\n|-damage|p1a: Iron Bundle|55\/100 psn|[from] psn\n|upkeep\n|turn|12\n|\n|t:|1697900497\n|move|p1a: Iron Bundle|Hydro Pump|p2a: 12.381.245.12\n|-resisted|p2a: 12.381.245.12\n|-damage|p2a: 12.381.245.12|28\/100\n|move|p2a: 12.381.245.12|Origin Pulse|p1a: Iron Bundle|[miss]\n|-miss|p2a: 12.381.245.12|p1a: Iron Bundle\n|\n|-weather|RainDance|[upkeep]\n|-heal|p2a: 12.381.245.12|34\/100|[from] item: Leftovers\n|-damage|p1a: Iron Bundle|42\/100 psn|[from] psn\n|upkeep\n|turn|13\n|\n|t:|1697900504\n|switch|p2a: Dumbledore|Toxapex, M|100\/100\n|move|p1a: Iron Bundle|Freeze-Dry|p2a: Dumbledore\n|-supereffective|p2a: Dumbledore\n|-crit|p2a: Dumbledore\n|-damage|p2a: Dumbledore|6\/100\n|\n|-weather|RainDance|[upkeep]\n|-damage|p1a: Iron Bundle|30\/100 psn|[from] psn\n|upkeep\n|turn|14\n|inactive|Bka Onon has 270 seconds left.\n|\n|t:|1697900513\n|move|p1a: Iron Bundle|Flip Turn|p2a: Dumbledore\n|-resisted|p2a: Dumbledore\n|-damage|p2a: Dumbledore|0 fnt\n|-damage|p1a: Iron Bundle|14\/100 psn|[from] item: Rocky Helmet|[of] p2a: Dumbledore\n|faint|p2a: Dumbledore\n|\n|t:|1697900519\n|-end|p1a: Iron Bundle|Quark Drive|[silent]\n|switch|p1a: Ogerpon|Ogerpon-Hearthflame, F|37\/100|[from] Flip Turn\n|-ability|p1a: Ogerpon|Mold Breaker\n|\n|-weather|RainDance|[upkeep]\n|upkeep\n|\n|t:|1697900522\n|switch|p2a: Snoop|Zacian-Crowned|66\/100\n|turn|15\n|\n|t:|1697900532\n|move|p2a: Snoop|Swords Dance|p2a: Snoop\n|-boost|p2a: Snoop|atk|2\n|move|p1a: Ogerpon|Ivy Cudgel|p2a: Snoop\n|-supereffective|p2a: Snoop\n|-damage|p2a: Snoop|12\/100\n|\n|-weather|none\n|upkeep\n|turn|16\n|\n|t:|1697900537\n|move|p2a: Snoop|Behemoth Blade|p1a: Ogerpon\n|-resisted|p1a: Ogerpon\n|-damage|p1a: Ogerpon|0 fnt\n|faint|p1a: Ogerpon\n|\n|upkeep\n|\n|t:|1697900540\n|switch|p1a: Miraidon|Miraidon|100\/100\n|-fieldstart|move: Electric Terrain|[from] ability: Hadron Engine|[of] p1a: Miraidon\n|turn|17\n|\n|t:|1697900554\n|switch|p2a: Call it Love|Ting-Lu|100\/100\n|-ability|p2a: Call it Love|Vessel of Ruin\n|move|p1a: Miraidon|Dazzling Gleam|p2a: Call it Love\n|-supereffective|p2a: Call it Love\n|-damage|p2a: Call it Love|66\/100\n|\n|-heal|p2a: Call it Love|73\/100|[from] item: Leftovers\n|upkeep\n|turn|18\n|\n|t:|1697900561\n|switch|p1a: Great Tusk|Great Tusk|100\/100\n|move|p2a: Call it Love|Taunt|p1a: Great Tusk\n|-start|p1a: Great Tusk|move: Taunt\n|\n|-heal|p2a: Call it Love|79\/100|[from] item: Leftovers\n|upkeep\n|turn|19\n|\n|t:|1697900567\n|switch|p2a: 12.381.245.12|Kyogre|34\/100\n|-weather|RainDance|[from] ability: Drizzle|[of] p2a: 12.381.245.12\n|move|p1a: Great Tusk|Close Combat|p2a: 12.381.245.12\n|-damage|p2a: 12.381.245.12|0 fnt\n|-unboost|p1a: Great Tusk|def|1\n|-unboost|p1a: Great Tusk|spd|1\n|faint|p2a: 12.381.245.12\n|\n|-weather|RainDance|[upkeep]\n|upkeep\n|\n|t:|1697900570\n|switch|p2a: Snoop|Zacian-Crowned|12\/100\n|turn|20\n|\n|t:|1697900574\n|move|p2a: Snoop|Play Rough|p1a: Great Tusk\n|-supereffective|p1a: Great Tusk\n|-damage|p1a: Great Tusk|0 fnt\n|faint|p1a: Great Tusk\n|-end|p1a: Great Tusk|Protosynthesis|[silent]\n|\n|-weather|RainDance|[upkeep]\n|upkeep\n|\n|t:|1697900580\n|switch|p1a: Iron Bundle|Iron Bundle|14\/100 psn\n|-activate|p1a: Iron Bundle|ability: Quark Drive\n|-start|p1a: Iron Bundle|quarkdrivespe\n|turn|21\n|\n|t:|1697900586\n|move|p1a: Iron Bundle|Freeze-Dry|p2a: Snoop\n|-resisted|p2a: Snoop\n|-damage|p2a: Snoop|0 fnt\n|faint|p2a: Snoop\n|\n|-weather|RainDance|[upkeep]\n|-damage|p1a: Iron Bundle|1\/100 psn|[from] psn\n|-fieldend|move: Electric Terrain\n|-end|p1a: Iron Bundle|Quark Drive\n|upkeep\n|\n|t:|1697900588\n|switch|p2a: Call it Love|Ting-Lu|79\/100\n|-ability|p2a: Call it Love|Vessel of Ruin\n|turn|22\n|\n|t:|1697900591\n|move|p1a: Iron Bundle|Hydro Pump|p2a: Call it Love\n|-supereffective|p2a: Call it Love\n|-damage|p2a: Call it Love|3\/100\n|move|p2a: Call it Love|Earthquake|p1a: Iron Bundle\n|-damage|p1a: Iron Bundle|0 fnt\n|faint|p1a: Iron Bundle\n|-end|p1a: Iron Bundle|Quark Drive|[silent]\n|\n|-weather|RainDance|[upkeep]\n|-heal|p2a: Call it Love|9\/100|[from] item: Leftovers\n|upkeep\n|l| Fulguris\n|c|\u2606Patatex|gg\n|c|\u2606Bka Onon|gg\n|\n|t:|1697900596\n|switch|p1a: Miraidon|Miraidon|100\/100\n|-fieldstart|move: Electric Terrain|[from] ability: Hadron Engine|[of] p1a: Miraidon\n|turn|23\n|\n|t:|1697900599\n|move|p1a: Miraidon|Dazzling Gleam|p2a: Call it Love\n|-supereffective|p2a: Call it Love\n|-damage|p2a: Call it Love|0 fnt\n|faint|p2a: Call it Love\n|\n|win|Patatex\n","uploadtime":1697900604,"views":38,"p1id":"patatex","p2id":"bkaonon","formatid":"gen9ubers","rating":0,"private":0,"password":""}