{"id":"gen9ubers-1972581986","p1":"Gaara1","p2":"justabitgay","format":"[Gen 9] Ubers","log":"|j|\u2606Gaara1\n|j|\u2606justabitgay\n|t:|1697859916\n|gametype|singles\n|player|p1|Gaara1|blue|1209\n|player|p2|justabitgay|iris-gen5bw2|1166\n|teamsize|p1|6\n|teamsize|p2|6\n|gen|9\n|tier|[Gen 9] Ubers\n|rated|\n|rule|Sleep Clause Mod: Limit one foe put to sleep\n|rule|Species Clause: Limit one of each Pok\u00e9mon\n|rule|OHKO Clause: OHKO moves are banned\n|rule|Evasion Items Clause: Evasion items are banned\n|rule|Evasion Moves Clause: Evasion moves are banned\n|rule|Endless Battle Clause: Forcing endless battles is banned\n|rule|HP Percentage Mod: HP is shown in percentages\n|clearpoke\n|poke|p1|Palafin, M|\n|poke|p1|Glimmora, M|\n|poke|p1|Zacian-*|\n|poke|p1|Garchomp, M|\n|poke|p1|Pelipper, M|\n|poke|p1|Basculegion, M|\n|poke|p2|Alomomola, F|\n|poke|p2|Annihilape, M|\n|poke|p2|Zacian-*|\n|poke|p2|Landorus, M|\n|poke|p2|Volcarona, M|\n|poke|p2|Ogerpon-Wellspring, F|\n|teampreview\n|inactive|Battle timer is ON: inactive players will automatically lose when time's up. (requested by Gaara1)\n|\n|t:|1697859928\n|start\n|switch|p1a: Zacian|Zacian-Crowned, shiny|100\/100\n|switch|p2a: Ogerpon|Ogerpon-Wellspring, F|100\/100\n|-ability|p1a: Zacian|Intrepid Sword|boost\n|-boost|p1a: Zacian|atk|1\n|turn|1\n|\n|t:|1697859937\n|switch|p2a: Alomomola|Alomomola, F|100\/100\n|move|p1a: Zacian|Swords Dance|p1a: Zacian\n|-boost|p1a: Zacian|atk|2\n|\n|upkeep\n|turn|2\n|\n|t:|1697859944\n|move|p1a: Zacian|Trailblaze|p2a: Alomomola\n|-supereffective|p2a: Alomomola\n|-damage|p2a: Alomomola|46\/100\n|-boost|p1a: Zacian|spe|1\n|move|p2a: Alomomola|Scald|p1a: Zacian\n|-damage|p1a: Zacian|89\/100\n|-status|p1a: Zacian|brn\n|\n|-heal|p2a: Alomomola|52\/100|[from] item: Leftovers\n|-damage|p1a: Zacian|83\/100 brn|[from] brn\n|upkeep\n|turn|3\n|\n|t:|1697859955\n|switch|p2a: Volcarona|Volcarona, M|100\/100\n|move|p1a: Zacian|Trailblaze|p2a: Volcarona\n|-resisted|p2a: Volcarona\n|-damage|p2a: Volcarona|94\/100\n|-boost|p1a: Zacian|spe|1\n|\n|-damage|p1a: Zacian|77\/100 brn|[from] brn\n|upkeep\n|turn|4\n|\n|t:|1697859964\n|move|p1a: Zacian|Behemoth Blade|p2a: Volcarona\n|-resisted|p2a: Volcarona\n|-damage|p2a: Volcarona|49\/100\n|move|p2a: Volcarona|Fiery Dance|p1a: Zacian\n|-supereffective|p1a: Zacian\n|-damage|p1a: Zacian|16\/100 brn\n|-boost|p2a: Volcarona|spa|1\n|\n|-damage|p1a: Zacian|10\/100 brn|[from] brn\n|upkeep\n|turn|5\n|\n|t:|1697859979\n|move|p1a: Zacian|Sacred Sword|p2a: Volcarona\n|-resisted|p2a: Volcarona\n|-damage|p2a: Volcarona|23\/100\n|move|p2a: Volcarona|Fiery Dance|p1a: Zacian\n|-supereffective|p1a: Zacian\n|-damage|p1a: Zacian|0 fnt\n|-boost|p2a: Volcarona|spa|1\n|faint|p1a: Zacian\n|\n|upkeep\n|\n|t:|1697859989\n|switch|p1a: Palafin|Palafin, M, shiny|100\/100\n|turn|6\n|\n|t:|1697859996\n|switch|p2a: Ogerpon|Ogerpon-Wellspring, F|100\/100\n|move|p1a: Palafin|Flip Turn|p2a: Ogerpon\n|-immune|p2a: Ogerpon|[from] ability: Water Absorb\n|\n|upkeep\n|turn|7\n|\n|t:|1697860003\n|detailschange|p1a: Palafin|Palafin-Hero, M, shiny\n|switch|p1a: Garchomp|Garchomp, M, shiny|100\/100\n|move|p2a: Ogerpon|Swords Dance|p2a: Ogerpon\n|-boost|p2a: Ogerpon|atk|2\n|\n|upkeep\n|turn|8\n|\n|t:|1697860010\n|move|p2a: Ogerpon|Ivy Cudgel|p1a: Garchomp\n|-damage|p1a: Garchomp|0 fnt\n|faint|p1a: Garchomp\n|\n|upkeep\n|\n|t:|1697860014\n|switch|p1a: Glimmora|Glimmora, M, shiny|100\/100\n|turn|9\n|\n|t:|1697860018\n|move|p2a: Ogerpon|Ivy Cudgel|p1a: Glimmora\n|-supereffective|p1a: Glimmora\n|-enditem|p1a: Glimmora|Focus Sash\n|-damage|p1a: Glimmora|1\/100\n|-activate|p1a: Glimmora|ability: Toxic Debris\n|-sidestart|p2: justabitgay|move: Toxic Spikes\n|move|p1a: Glimmora|Stealth Rock|p2a: Ogerpon\n|-sidestart|p2: justabitgay|move: Stealth Rock\n|\n|upkeep\n|turn|10\n|\n|t:|1697860026\n|move|p2a: Ogerpon|Ivy Cudgel|p1a: Glimmora\n|-supereffective|p1a: Glimmora\n|-damage|p1a: Glimmora|0 fnt\n|-activate|p1a: Glimmora|ability: Toxic Debris\n|-sidestart|p2: justabitgay|move: Toxic Spikes\n|faint|p1a: Glimmora\n|\n|upkeep\n|\n|t:|1697860032\n|switch|p1a: Palafin|Palafin-Hero, M, shiny|100\/100\n|-activate|p1a: Palafin|ability: Zero to Hero\n|turn|11\n|\n|t:|1697860036\n|move|p1a: Palafin|Jet Punch|p2a: Ogerpon\n|-immune|p2a: Ogerpon|[from] ability: Water Absorb\n|move|p2a: Ogerpon|Horn Leech|p1a: Palafin\n|-supereffective|p1a: Palafin\n|-damage|p1a: Palafin|0 fnt\n|faint|p1a: Palafin\n|\n|upkeep\n|\n|t:|1697860043\n|switch|p1a: Pelipper|Pelipper, M, shiny|100\/100\n|-weather|RainDance|[from] ability: Drizzle|[of] p1a: Pelipper\n|turn|12\n|\n|t:|1697860048\n|-terastallize|p2a: Ogerpon|Water\n|detailschange|p2a: Ogerpon|Ogerpon-Wellspring-Tera, F, tera:Water\n|-ability|p2a: Ogerpon|Embody Aspect (Wellspring)|boost\n|-boost|p2a: Ogerpon|spd|1\n|move|p2a: Ogerpon|Ivy Cudgel|p1a: Pelipper\n|-resisted|p1a: Pelipper\n|-damage|p1a: Pelipper|0 fnt\n|faint|p1a: Pelipper\n|\n|-weather|RainDance|[upkeep]\n|upkeep\n|\n|t:|1697860056\n|switch|p1a: Basculegion|Basculegion, M, shiny|100\/100\n|turn|13\n|\n|t:|1697860059\n|move|p1a: Basculegion|Last Respects|p2a: Ogerpon\n|-damage|p2a: Ogerpon|0 fnt\n|faint|p2a: Ogerpon\n|\n|-weather|RainDance|[upkeep]\n|upkeep\n|\n|t:|1697860071\n|switch|p2a: Volcarona|Volcarona, M|23\/100\n|turn|14\n|\n|t:|1697860076\n|move|p1a: Basculegion|Last Respects|p2a: Volcarona\n|-damage|p2a: Volcarona|0 fnt\n|faint|p2a: Volcarona\n|\n|-weather|RainDance|[upkeep]\n|upkeep\n|\n|t:|1697860081\n|switch|p2a: Alomomola|Alomomola, F|86\/100\n|-status|p2a: Alomomola|tox\n|-damage|p2a: Alomomola|73\/100 tox|[from] Stealth Rock\n|turn|15\n|\n|t:|1697860087\n|move|p2a: Alomomola|Protect|p2a: Alomomola\n|-singleturn|p2a: Alomomola|Protect\n|move|p1a: Basculegion|Last Respects|p2a: Alomomola\n|-activate|p2a: Alomomola|move: Protect\n|\n|-weather|RainDance|[upkeep]\n|-heal|p2a: Alomomola|80\/100 tox|[from] item: Leftovers\n|-damage|p2a: Alomomola|73\/100 tox|[from] psn\n|upkeep\n|turn|16\n|\n|t:|1697860095\n|move|p1a: Basculegion|Last Respects|p2a: Alomomola\n|-damage|p2a: Alomomola|0 fnt\n|faint|p2a: Alomomola\n|\n|-weather|RainDance|[upkeep]\n|upkeep\n|\n|t:|1697860104\n|switch|p2a: Landorus|Landorus, M|100\/100\n|-damage|p2a: Landorus|88\/100|[from] Stealth Rock\n|turn|17\n|\n|t:|1697860109\n|move|p1a: Basculegion|Last Respects|p2a: Landorus\n|-damage|p2a: Landorus|0 fnt\n|faint|p2a: Landorus\n|\n|-weather|RainDance|[upkeep]\n|upkeep\n|\n|t:|1697860115\n|switch|p2a: Annihilape|Annihilape, M|100\/100\n|-status|p2a: Annihilape|tox\n|-damage|p2a: Annihilape|94\/100 tox|[from] Stealth Rock\n|turn|18\n|\n|t:|1697860121\n|move|p1a: Basculegion|Last Respects|p2a: Annihilape\n|-supereffective|p2a: Annihilape\n|-damage|p2a: Annihilape|0 fnt\n|faint|p2a: Annihilape\n|\n|-weather|RainDance|[upkeep]\n|upkeep\n|\n|t:|1697860124\n|switch|p2a: Zacian|Zacian-Crowned|100\/100\n|-damage|p2a: Zacian|94\/100|[from] Stealth Rock\n|-ability|p2a: Zacian|Intrepid Sword|boost\n|-boost|p2a: Zacian|atk|1\n|turn|19\n|\n|t:|1697860130\n|-terastallize|p1a: Basculegion|Dragon\n|move|p1a: Basculegion|Last Respects|p2a: Zacian\n|-damage|p2a: Zacian|0 fnt\n|faint|p2a: Zacian\n|\n|win|Gaara1\n|raw|Gaara1's rating: 1209 &rarr; <strong>1231<\/strong><br \/>(+22 for winning)\n|raw|justabitgay's rating: 1166 &rarr; <strong>1144<\/strong><br \/>(-22 for losing)\n|l|\u2606Gaara1\n|l|\u2606justabitgay\n|j|\u2606justabitgay\n|player|p2|justabitgay|iris-gen5bw2\n","uploadtime":1697860387,"views":18,"p1id":"gaara1","p2id":"justabitgay","formatid":"gen9ubers","rating":1144,"private":0,"password":""}