{"id":"gen9ubers-1994355231","p1":"edthee121","p2":"WornP7154","format":"[Gen 9] Ubers","log":"|j|\u2606edthee121\n|j|\u2606WornP7154\n|t:|1700434497\n|gametype|singles\n|player|p1|edthee121|hiker-gen4|1022\n|player|p2|WornP7154|lucas|1121\n|teamsize|p1|6\n|teamsize|p2|6\n|gen|9\n|tier|[Gen 9] Ubers\n|rated|\n|rule|Sleep Clause Mod: Limit one foe put to sleep\n|rule|Species Clause: Limit one of each Pok\u00e9mon\n|rule|OHKO Clause: OHKO moves are banned\n|rule|Evasion Items Clause: Evasion items are banned\n|rule|Evasion Moves Clause: Evasion moves are banned\n|rule|Endless Battle Clause: Forcing endless battles is banned\n|rule|HP Percentage Mod: HP is shown in percentages\n|clearpoke\n|poke|p1|Groudon|\n|poke|p1|Chi-Yu|\n|poke|p1|Ribombee, F|\n|poke|p1|Gholdengo|\n|poke|p1|Miraidon|\n|poke|p1|Walking Wake|\n|poke|p2|Umbreon, M|\n|poke|p2|Garchomp, F|\n|poke|p2|Sylveon, F|\n|poke|p2|Iron Bundle|\n|poke|p2|Zacian-*|\n|poke|p2|Volcarona, F|\n|teampreview\n|inactive|Battle timer is ON: inactive players will automatically lose when time's up. (requested by WornP7154)\n|\n|t:|1700434506\n|start\n|switch|p1a: Ribombee|Ribombee, F|100\/100\n|switch|p2a: Sylveon|Sylveon, F, shiny|100\/100\n|turn|1\n|\n|t:|1700434516\n|move|p1a: Ribombee|Sticky Web|p2a: Sylveon\n|-sidestart|p2: WornP7154|move: Sticky Web\n|move|p2a: Sylveon|Reflect|p2a: Sylveon\n|-sidestart|p2: WornP7154|Reflect\n|\n|upkeep\n|turn|2\n|\n|t:|1700434525\n|switch|p1a: Groudon|Groudon|100\/100\n|-weather|SunnyDay|[from] ability: Drought|[of] p1a: Groudon\n|switch|p2a: Volcarona|Volcarona, F, shiny|100\/100\n|\n|-weather|SunnyDay|[upkeep]\n|upkeep\n|turn|3\n|\n|t:|1700434531\n|-terastallize|p2a: Volcarona|Flying\n|move|p2a: Volcarona|Quiver Dance|p2a: Volcarona\n|-boost|p2a: Volcarona|spa|1\n|-boost|p2a: Volcarona|spd|1\n|-boost|p2a: Volcarona|spe|1\n|move|p1a: Groudon|Earthquake|p2a: Volcarona\n|-immune|p2a: Volcarona\n|\n|-weather|SunnyDay|[upkeep]\n|upkeep\n|turn|4\n|\n|t:|1700434540\n|move|p2a: Volcarona|Giga Drain|p1a: Groudon\n|-supereffective|p1a: Groudon\n|-damage|p1a: Groudon|18\/100\n|move|p1a: Groudon|Rock Slide|p2a: Volcarona|[miss]\n|-miss|p1a: Groudon|p2a: Volcarona\n|\n|-weather|SunnyDay|[upkeep]\n|upkeep\n|turn|5\n|\n|t:|1700434547\n|switch|p1a: Walking Wake|Walking Wake|100\/100\n|-activate|p1a: Walking Wake|ability: Protosynthesis\n|-start|p1a: Walking Wake|protosynthesisspa\n|move|p2a: Volcarona|Fiery Dance|p1a: Walking Wake\n|-resisted|p1a: Walking Wake\n|-damage|p1a: Walking Wake|71\/100\n|\n|-weather|SunnyDay|[upkeep]\n|-sideend|p2: WornP7154|Reflect\n|upkeep\n|turn|6\n|\n|t:|1700434556\n|move|p2a: Volcarona|Giga Drain|p1a: Walking Wake\n|-damage|p1a: Walking Wake|18\/100\n|move|p1a: Walking Wake|Hydro Steam|p2a: Volcarona\n|-damage|p2a: Volcarona|8\/100\n|\n|-weather|SunnyDay|[upkeep]\n|upkeep\n|turn|7\n|\n|t:|1700434564\n|move|p2a: Volcarona|Giga Drain|p1a: Walking Wake\n|-damage|p1a: Walking Wake|0 fnt\n|-heal|p2a: Volcarona|18\/100|[from] drain|[of] p1a: Walking Wake\n|faint|p1a: Walking Wake\n|-end|p1a: Walking Wake|Protosynthesis|[silent]\n|\n|-weather|SunnyDay|[upkeep]\n|upkeep\n|\n|t:|1700434573\n|switch|p1a: Miraidon|Miraidon|100\/100\n|-fieldstart|move: Electric Terrain|[from] ability: Hadron Engine|[of] p1a: Miraidon\n|turn|8\n|\n|t:|1700434585\n|move|p2a: Volcarona|Bug Buzz|p1a: Miraidon\n|-damage|p1a: Miraidon|25\/100\n|move|p1a: Miraidon|Electro Drift|p2a: Volcarona\n|-supereffective|p2a: Volcarona\n|-damage|p2a: Volcarona|0 fnt\n|-status|p1a: Miraidon|brn|[from] ability: Flame Body|[of] p2a: Volcarona\n|faint|p2a: Volcarona\n|\n|-weather|SunnyDay|[upkeep]\n|-damage|p1a: Miraidon|18\/100 brn|[from] brn\n|upkeep\n|\n|t:|1700434592\n|switch|p2a: Zacian|Zacian-Crowned|100\/100\n|-activate|p2a: Zacian|move: Sticky Web\n|-unboost|p2a: Zacian|spe|1\n|-ability|p2a: Zacian|Intrepid Sword|boost\n|-boost|p2a: Zacian|atk|1\n|turn|9\n|\n|t:|1700434600\n|move|p2a: Zacian|Protect|p2a: Zacian\n|-singleturn|p2a: Zacian|Protect\n|move|p1a: Miraidon|Electro Drift|p2a: Zacian\n|-activate|p2a: Zacian|move: Protect\n|\n|-weather|none\n|-damage|p1a: Miraidon|12\/100 brn|[from] brn\n|upkeep\n|turn|10\n|\n|t:|1700434610\n|switch|p2a: Garchomp|Garchomp, F|100\/100\n|-activate|p2a: Garchomp|move: Sticky Web\n|-unboost|p2a: Garchomp|spe|1\n|move|p1a: Miraidon|Electro Drift|p2a: Garchomp\n|-immune|p2a: Garchomp\n|\n|-damage|p1a: Miraidon|6\/100 brn|[from] brn\n|upkeep\n|turn|11\n|\n|t:|1700434627\n|switch|p1a: Groudon|Groudon|18\/100\n|-weather|SunnyDay|[from] ability: Drought|[of] p1a: Groudon\n|move|p2a: Garchomp|Swords Dance|p2a: Garchomp\n|-boost|p2a: Garchomp|atk|2\n|\n|-weather|SunnyDay|[upkeep]\n|upkeep\n|turn|12\n|\n|t:|1700434633\n|move|p2a: Garchomp|Scale Shot|p1a: Groudon\n|-damage|p1a: Groudon|5\/100\n|-damage|p1a: Groudon|0 fnt\n|faint|p1a: Groudon\n|-hitcount|p1: Groudon|2\n|-unboost|p2a: Garchomp|def|1\n|-boost|p2a: Garchomp|spe|1\n|\n|-weather|SunnyDay|[upkeep]\n|-fieldend|move: Electric Terrain\n|upkeep\n|\n|t:|1700434638\n|switch|p1a: Chi-Yu|Chi-Yu|100\/100\n|-ability|p1a: Chi-Yu|Beads of Ruin\n|turn|13\n|\n|t:|1700434642\n|-terastallize|p1a: Chi-Yu|Fire\n|move|p2a: Garchomp|Earthquake|p1a: Chi-Yu\n|-supereffective|p1a: Chi-Yu\n|-damage|p1a: Chi-Yu|0 fnt\n|faint|p1a: Chi-Yu\n|\n|-weather|SunnyDay|[upkeep]\n|upkeep\n|\n|t:|1700434651\n|switch|p1a: Gholdengo|Gholdengo|100\/100\n|turn|14\n|\n|t:|1700434659\n|move|p2a: Garchomp|Earthquake|p1a: Gholdengo\n|-supereffective|p1a: Gholdengo\n|-damage|p1a: Gholdengo|0 fnt\n|faint|p1a: Gholdengo\n|\n|-weather|SunnyDay|[upkeep]\n|upkeep\n|-message|edthee121 forfeited.\n|\n|win|WornP7154\n|raw|edthee121's rating: 1022 &rarr; <strong>1012<\/strong><br \/>(-10 for losing)\n|raw|WornP7154's rating: 1121 &rarr; <strong>1139<\/strong><br \/>(+18 for winning)\n|l|\u2606edthee121\n","uploadtime":1700434666,"views":7,"p1id":"edthee121","p2id":"wornp7154","formatid":"gen9ubers","rating":1012,"private":0,"password":""}