{"id":"gen9ubers-1981133016","p1":"JankyRabbit","p2":"Nitro524","format":"[Gen 9] Ubers","log":"|j|\u2606JankyRabbit\n|j|\u2606Nitro524\n|t:|1698866205\n|gametype|singles\n|player|p1|JankyRabbit|teamrocket|1126\n|player|p2|Nitro524|hilbert|1227\n|teamsize|p1|6\n|teamsize|p2|6\n|gen|9\n|tier|[Gen 9] Ubers\n|rated|\n|rule|Sleep Clause Mod: Limit one foe put to sleep\n|rule|Species Clause: Limit one of each Pok\u00e9mon\n|rule|OHKO Clause: OHKO moves are banned\n|rule|Evasion Items Clause: Evasion items are banned\n|rule|Evasion Moves Clause: Evasion moves are banned\n|rule|Endless Battle Clause: Forcing endless battles is banned\n|rule|HP Percentage Mod: HP is shown in percentages\n|clearpoke\n|poke|p1|Koraidon|\n|poke|p1|Miraidon|\n|poke|p1|Skeledirge, F|\n|poke|p1|Arceus-Ground|\n|poke|p1|Kyogre|\n|poke|p1|Giratina-Origin|\n|poke|p2|Koraidon|\n|poke|p2|Ceruledge, M|\n|poke|p2|Iron Treads|\n|poke|p2|Flutter Mane|\n|poke|p2|Miraidon|\n|poke|p2|Walking Wake|\n|teampreview\n|c|\u2606Nitro524|glhf!\n|\n|t:|1698866269\n|start\n|switch|p1a: Kyogre|Kyogre|100\/100\n|switch|p2a: Koraidon|Koraidon|100\/100\n|-weather|SunnyDay|[from] ability: Orichalcum Pulse|[of] p2a: Koraidon\n|-activate|p2a: Koraidon|Orichalcum Pulse|[source]\n|-weather|RainDance|[from] ability: Drizzle|[of] p1a: Kyogre\n|turn|1\n|\n|t:|1698866287\n|move|p2a: Koraidon|U-turn|p1a: Kyogre\n|-damage|p1a: Kyogre|76\/100\n|\n|t:|1698866293\n|switch|p2a: Walking Wake|Walking Wake|100\/100|[from] U-turn\n|move|p1a: Kyogre|Ice Beam|p2a: Walking Wake\n|-crit|p2a: Walking Wake\n|-damage|p2a: Walking Wake|39\/100\n|\n|-weather|RainDance|[upkeep]\n|upkeep\n|turn|2\n|\n|t:|1698866300\n|move|p2a: Walking Wake|Draco Meteor|p1a: Kyogre\n|-damage|p1a: Kyogre|39\/100\n|-unboost|p2a: Walking Wake|spa|2\n|move|p1a: Kyogre|Ice Beam|p2a: Walking Wake\n|-damage|p2a: Walking Wake|0 fnt\n|faint|p2a: Walking Wake\n|-end|p2a: Walking Wake|Protosynthesis|[silent]\n|\n|-weather|RainDance|[upkeep]\n|upkeep\n|\n|t:|1698866306\n|switch|p2a: Miraidon|Miraidon|100\/100\n|-fieldstart|move: Electric Terrain|[from] ability: Hadron Engine|[of] p2a: Miraidon\n|turn|3\n|\n|t:|1698866314\n|move|p2a: Miraidon|Electro Drift|p1a: Kyogre\n|-supereffective|p1a: Kyogre\n|-damage|p1a: Kyogre|0 fnt\n|faint|p1a: Kyogre\n|\n|-weather|RainDance|[upkeep]\n|upkeep\n|\n|t:|1698866319\n|switch|p1a: Giratina|Giratina-Origin|100\/100\n|turn|4\n|\n|t:|1698866324\n|move|p2a: Miraidon|Electro Drift|p1a: Giratina\n|-resisted|p1a: Giratina\n|-damage|p1a: Giratina|69\/100\n|move|p1a: Giratina|Destiny Bond|p1a: Giratina\n|-singlemove|p1a: Giratina|Destiny Bond\n|\n|-weather|RainDance|[upkeep]\n|upkeep\n|turn|5\n|\n|t:|1698866362\n|move|p2a: Miraidon|Electro Drift|p1a: Giratina\n|-resisted|p1a: Giratina\n|-damage|p1a: Giratina|36\/100\n|move|p1a: Giratina|Defog|p2a: Miraidon\n|-unboost|p2a: Miraidon|evasion|1\n|-fieldend|move: Electric Terrain\n|\n|-weather|none\n|upkeep\n|turn|6\n|\n|t:|1698866369\n|move|p2a: Miraidon|Electro Drift|p1a: Giratina\n|-resisted|p1a: Giratina\n|-damage|p1a: Giratina|17\/100\n|move|p1a: Giratina|Destiny Bond|p1a: Giratina\n|-singlemove|p1a: Giratina|Destiny Bond\n|\n|upkeep\n|turn|7\n|\n|t:|1698866376\n|switch|p2a: Ceruledge|Ceruledge, M|100\/100\n|move|p1a: Giratina|Shadow Ball|p2a: Ceruledge\n|-supereffective|p2a: Ceruledge\n|-damage|p2a: Ceruledge|41\/100\n|\n|upkeep\n|turn|8\n|\n|t:|1698866380\n|move|p2a: Ceruledge|Shadow Sneak|p1a: Giratina\n|-supereffective|p1a: Giratina\n|-damage|p1a: Giratina|0 fnt\n|faint|p1a: Giratina\n|-damage|p2a: Ceruledge|31\/100|[from] item: Life Orb\n|\n|upkeep\n|\n|t:|1698866384\n|switch|p1a: Miraidon|Miraidon|100\/100\n|-fieldstart|move: Electric Terrain|[from] ability: Hadron Engine|[of] p1a: Miraidon\n|turn|9\n|\n|t:|1698866409\n|switch|p1a: Koraidon|Koraidon|100\/100\n|-weather|SunnyDay|[from] ability: Orichalcum Pulse|[of] p1a: Koraidon\n|-activate|p1a: Koraidon|Orichalcum Pulse|[source]\n|switch|p2a: Iron Treads|Iron Treads|100\/100\n|-activate|p2a: Iron Treads|ability: Quark Drive\n|-start|p2a: Iron Treads|quarkdrivespd\n|\n|-weather|SunnyDay|[upkeep]\n|upkeep\n|turn|10\n|\n|t:|1698866417\n|move|p1a: Koraidon|Flare Blitz|p2a: Iron Treads\n|-supereffective|p2a: Iron Treads\n|-damage|p2a: Iron Treads|0 fnt\n|faint|p2a: Iron Treads\n|-end|p2a: Iron Treads|Quark Drive|[silent]\n|-damage|p1a: Koraidon|63\/100|[from] Recoil\n|-damage|p1a: Koraidon|53\/100|[from] item: Life Orb\n|\n|-weather|SunnyDay|[upkeep]\n|upkeep\n|\n|t:|1698866422\n|switch|p2a: Flutter Mane|Flutter Mane|100\/100\n|-activate|p2a: Flutter Mane|ability: Protosynthesis\n|-start|p2a: Flutter Mane|protosynthesisspe\n|turn|11\n|\n|t:|1698866425\n|-end|p2a: Flutter Mane|Protosynthesis|[silent]\n|switch|p2a: Ceruledge|Ceruledge, M|31\/100\n|-terastallize|p1a: Koraidon|Steel\n|move|p1a: Koraidon|Flare Blitz|p2a: Ceruledge\n|-start|p2a: Ceruledge|ability: Flash Fire\n|\n|-weather|SunnyDay|[upkeep]\n|upkeep\n|turn|12\n|\n|t:|1698866431\n|switch|p1a: Skeledirge|Skeledirge, F|100\/100\n|move|p2a: Ceruledge|Bitter Blade|p1a: Skeledirge\n|-resisted|p1a: Skeledirge\n|-damage|p1a: Skeledirge|53\/100\n|-heal|p2a: Ceruledge|59\/100|[from] drain|[of] p1a: Skeledirge\n|-damage|p2a: Ceruledge|49\/100|[from] item: Life Orb\n|\n|-weather|SunnyDay|[upkeep]\n|-heal|p1a: Skeledirge|59\/100|[from] item: Leftovers\n|upkeep\n|turn|13\n|\n|t:|1698866444\n|move|p2a: Ceruledge|Bulk Up|p2a: Ceruledge\n|-boost|p2a: Ceruledge|atk|1\n|-boost|p2a: Ceruledge|def|1\n|move|p1a: Skeledirge|Shadow Ball|p2a: Ceruledge\n|-supereffective|p2a: Ceruledge\n|-damage|p2a: Ceruledge|11\/100\n|\n|-weather|none\n|-heal|p1a: Skeledirge|65\/100|[from] item: Leftovers\n|-fieldend|move: Electric Terrain\n|upkeep\n|turn|14\n|\n|t:|1698866452\n|move|p2a: Ceruledge|Poltergeist|p1a: Skeledirge\n|-activate|p1a: Skeledirge|move: Poltergeist|Leftovers\n|-supereffective|p1a: Skeledirge\n|-damage|p1a: Skeledirge|0 fnt\n|faint|p1a: Skeledirge\n|-damage|p2a: Ceruledge|1\/100|[from] item: Life Orb\n|\n|upkeep\n|\n|t:|1698866457\n|switch|p1a: Miraidon|Miraidon|100\/100\n|-fieldstart|move: Electric Terrain|[from] ability: Hadron Engine|[of] p1a: Miraidon\n|turn|15\n|\n|t:|1698866463\n|move|p2a: Ceruledge|Shadow Sneak|p1a: Miraidon\n|-damage|p1a: Miraidon|68\/100\n|-damage|p2a: Ceruledge|0 fnt|[from] item: Life Orb\n|faint|p2a: Ceruledge\n|move|p1a: Miraidon|Volt Switch|p2: Ceruledge|[notarget]\n|-fail|p1a: Miraidon\n|\n|upkeep\n|\n|t:|1698866468\n|switch|p2a: Miraidon|Miraidon|100\/100\n|-activate|p2a: Miraidon|ability: Hadron Engine\n|turn|16\n|\n|t:|1698866473\n|switch|p1a: Arceus|Arceus-Ground|100\/100\n|move|p2a: Miraidon|Draco Meteor|p1a: Arceus\n|-damage|p1a: Arceus|3\/100\n|-unboost|p2a: Miraidon|spa|2\n|\n|upkeep\n|turn|17\n|\n|t:|1698866476\n|move|p1a: Arceus|Extreme Speed|p2a: Miraidon\n|-damage|p2a: Miraidon|69\/100\n|move|p2a: Miraidon|Draco Meteor|p1a: Arceus|[miss]\n|-miss|p2a: Miraidon|p1a: Arceus\n|\n|upkeep\n|turn|18\n|\n|t:|1698866481\n|switch|p2a: Flutter Mane|Flutter Mane|100\/100\n|move|p1a: Arceus|Earthquake|p2a: Flutter Mane\n|-damage|p2a: Flutter Mane|0 fnt\n|faint|p2a: Flutter Mane\n|-end|p2a: Flutter Mane|Protosynthesis|[silent]\n|\n|upkeep\n|\n|t:|1698866483\n|switch|p2a: Koraidon|Koraidon|100\/100\n|-weather|SunnyDay|[from] ability: Orichalcum Pulse|[of] p2a: Koraidon\n|-activate|p2a: Koraidon|Orichalcum Pulse|[source]\n|turn|19\n|\n|t:|1698866488\n|move|p2a: Koraidon|U-turn|p1a: Arceus\n|-damage|p1a: Arceus|0 fnt\n|faint|p1a: Arceus\n|\n|t:|1698866490\n|switch|p2a: Miraidon|Miraidon|69\/100|[from] U-turn\n|-activate|p2a: Miraidon|ability: Hadron Engine\n|\n|-weather|SunnyDay|[upkeep]\n|-fieldend|move: Electric Terrain\n|upkeep\n|\n|t:|1698866492\n|switch|p1a: Miraidon|Miraidon|68\/100\n|-fieldstart|move: Electric Terrain|[from] ability: Hadron Engine|[of] p1a: Miraidon\n|turn|20\n|\n|t:|1698866502\n|move|p1a: Miraidon|Draco Meteor|p2a: Miraidon\n|-supereffective|p2a: Miraidon\n|-damage|p2a: Miraidon|0 fnt\n|-unboost|p1a: Miraidon|spa|2\n|faint|p2a: Miraidon\n|\n|-weather|SunnyDay|[upkeep]\n|upkeep\n|\n|t:|1698866504\n|switch|p2a: Koraidon|Koraidon|100\/100\n|-activate|p2a: Koraidon|ability: Orichalcum Pulse\n|turn|21\n|\n|t:|1698866515\n|switch|p1a: Koraidon|Koraidon, tera:Steel|53\/100\n|-activate|p1a: Koraidon|ability: Orichalcum Pulse\n|move|p2a: Koraidon|Low Kick|p1a: Koraidon\n|-supereffective|p1a: Koraidon\n|-damage|p1a: Koraidon|0 fnt\n|faint|p1a: Koraidon\n|\n|-weather|SunnyDay|[upkeep]\n|upkeep\n|\n|t:|1698866518\n|switch|p1a: Miraidon|Miraidon|68\/100\n|-activate|p1a: Miraidon|ability: Hadron Engine\n|turn|22\n|\n|t:|1698866524\n|-terastallize|p2a: Koraidon|Fire\n|move|p1a: Miraidon|Dazzling Gleam|p2a: Koraidon\n|-resisted|p2a: Koraidon\n|-damage|p2a: Koraidon|80\/100\n|move|p2a: Koraidon|Low Kick|p1a: Miraidon\n|-damage|p1a: Miraidon|0 fnt\n|faint|p1a: Miraidon\n|\n|win|Nitro524\n|raw|JankyRabbit's rating: 1126 &rarr; <strong>1108<\/strong><br \/>(-18 for losing)\n|raw|Nitro524's rating: 1227 &rarr; <strong>1245<\/strong><br \/>(+18 for winning)\n|l|\u2606JankyRabbit\n|c|\u2606Nitro524|gg\n|c|\u2606Nitro524|good play\n","uploadtime":1698866534,"views":17,"p1id":"jankyrabbit","p2id":"nitro524","formatid":"gen9ubers","rating":1108,"private":0,"password":""}