{"id":"gen9ubers-1996534879","p1":"Nicorobin25","p2":"Raiozin","format":"[Gen 9] Ubers","log":"|j|\u2606Nicorobin25\n|j|\u2606Raiozin\n|t:|1700691608\n|gametype|singles\n|player|p1|Nicorobin25|riley|1087\n|player|p2|Raiozin|gambler|1150\n|teamsize|p1|6\n|teamsize|p2|6\n|gen|9\n|tier|[Gen 9] Ubers\n|rated|\n|rule|Sleep Clause Mod: Limit one foe put to sleep\n|rule|Species Clause: Limit one of each Pok\u00e9mon\n|rule|OHKO Clause: OHKO moves are banned\n|rule|Evasion Items Clause: Evasion items are banned\n|rule|Evasion Moves Clause: Evasion moves are banned\n|rule|Endless Battle Clause: Forcing endless battles is banned\n|rule|HP Percentage Mod: HP is shown in percentages\n|clearpoke\n|poke|p1|Greninja-*, M|\n|poke|p1|Rillaboom, F|\n|poke|p1|Rayquaza|\n|poke|p1|Annihilape, F|\n|poke|p1|Typhlosion-Hisui, F|\n|poke|p1|Iron Hands|\n|poke|p2|Kommo-o, M|\n|poke|p2|Chien-Pao|\n|poke|p2|Basculegion, M|\n|poke|p2|Espathra, F|\n|poke|p2|Lucario, M|\n|poke|p2|Kyogre|\n|teampreview\n|\n|t:|1700691620\n|start\n|switch|p1a: Iron Hands|Iron Hands|100\/100\n|switch|p2a: Kommo-o|Kommo-o, M|100\/100\n|turn|1\n|\n|t:|1700691629\n|move|p2a: Kommo-o|Substitute|p2a: Kommo-o\n|-start|p2a: Kommo-o|Substitute\n|-damage|p2a: Kommo-o|75\/100\n|move|p1a: Iron Hands|Electric Terrain|p1a: Iron Hands\n|-fieldstart|move: Electric Terrain\n|-activate|p1a: Iron Hands|ability: Quark Drive\n|-start|p1a: Iron Hands|quarkdriveatk\n|\n|upkeep\n|turn|2\n|\n|t:|1700691638\n|move|p2a: Kommo-o|Belly Drum|p2a: Kommo-o\n|-damage|p2a: Kommo-o|25\/100\n|-setboost|p2a: Kommo-o|atk|6|[from] move: Belly Drum\n|-enditem|p2a: Kommo-o|Salac Berry|[eat]\n|-boost|p2a: Kommo-o|spe|1|[from] item: Salac Berry\n|move|p1a: Iron Hands|Thunder Punch|p2a: Kommo-o\n|-resisted|p2a: Kommo-o\n|-end|p2a: Kommo-o|Substitute\n|\n|upkeep\n|turn|3\n|\n|t:|1700691650\n|move|p2a: Kommo-o|Drain Punch|p1a: Iron Hands\n|-damage|p1a: Iron Hands|6\/100\n|-heal|p2a: Kommo-o|100\/100|[from] drain|[of] p1a: Iron Hands\n|move|p1a: Iron Hands|Volt Switch|p2a: Kommo-o\n|-resisted|p2a: Kommo-o\n|-damage|p2a: Kommo-o|91\/100\n|\n|t:|1700691659\n|-end|p1a: Iron Hands|Quark Drive|[silent]\n|switch|p1a: Rayquaza|Rayquaza|100\/100|[from] Volt Switch\n|-ability|p1a: Rayquaza|Air Lock\n|\n|upkeep\n|turn|4\n|\n|t:|1700691667\n|move|p2a: Kommo-o|Thunder Punch|p1a: Rayquaza\n|-damage|p1a: Rayquaza|0 fnt\n|faint|p1a: Rayquaza\n|\n|upkeep\n|\n|t:|1700691677\n|switch|p1a: Greninja|Greninja, M|100\/100\n|turn|5\n|\n|t:|1700691690\n|-terastallize|p1a: Greninja|Water\n|move|p2a: Kommo-o|Thunder Punch|p1a: Greninja\n|-supereffective|p1a: Greninja\n|-damage|p1a: Greninja|0 fnt\n|faint|p1a: Greninja\n|\n|-fieldend|move: Electric Terrain\n|upkeep\n|\n|t:|1700691700\n|switch|p1a: Iron Hands|Iron Hands|6\/100\n|turn|6\n|\n|t:|1700691703\n|move|p2a: Kommo-o|Drain Punch|p1a: Iron Hands\n|-damage|p1a: Iron Hands|0 fnt\n|-heal|p2a: Kommo-o|96\/100|[from] drain|[of] p1a: Iron Hands\n|faint|p1a: Iron Hands\n|-end|p1a: Iron Hands|Quark Drive|[silent]\n|\n|upkeep\n|\n|t:|1700691711\n|switch|p1a: Typhlosion|Typhlosion-Hisui, F|100\/100\n|turn|7\n|\n|t:|1700691720\n|move|p2a: Kommo-o|Thunder Punch|p1a: Typhlosion\n|-damage|p1a: Typhlosion|0 fnt\n|faint|p1a: Typhlosion\n|\n|upkeep\n|\n|t:|1700691726\n|switch|p1a: Rillaboom|Rillaboom, F|100\/100\n|-fieldstart|move: Grassy Terrain|[from] ability: Grassy Surge|[of] p1a: Rillaboom\n|turn|8\n|\n|t:|1700691732\n|move|p1a: Rillaboom|Grassy Glide|p2a: Kommo-o\n|-resisted|p2a: Kommo-o\n|-damage|p2a: Kommo-o|68\/100\n|move|p2a: Kommo-o|Drain Punch|p1a: Rillaboom\n|-damage|p1a: Rillaboom|0 fnt\n|-heal|p2a: Kommo-o|100\/100|[from] drain|[of] p1a: Rillaboom\n|faint|p1a: Rillaboom\n|\n|upkeep\n|\n|t:|1700691742\n|switch|p1a: Annihilape|Annihilape, F|100\/100\n|turn|9\n|\n|t:|1700691746\n|move|p2a: Kommo-o|Thunder Punch|p1a: Annihilape\n|-damage|p1a: Annihilape|0 fnt\n|faint|p1a: Annihilape\n|\n|win|Raiozin\n|raw|Nicorobin25's rating: 1087 &rarr; <strong>1068<\/strong><br \/>(-19 for losing)\n|raw|Raiozin's rating: 1150 &rarr; <strong>1171<\/strong><br \/>(+21 for winning)\n|l|\u2606Nicorobin25\n","uploadtime":1700691753,"views":6,"p1id":"nicorobin25","p2id":"raiozin","formatid":"gen9ubers","rating":1068,"private":0,"password":""}