{"id":"gen9ubers-1994932490","p1":"Anne Frankkkk","p2":"nigeriabestcountry","format":"[Gen 9] Ubers","log":"|j|\u2606Anne Frankkkk\n|j|\u2606nigeriabestcountry\n|t:|1700505844\n|gametype|singles\n|player|p1|Anne Frankkkk|hilbert|1224\n|player|p2|nigeriabestcountry|lance|1319\n|teamsize|p1|6\n|teamsize|p2|6\n|gen|9\n|tier|[Gen 9] Ubers\n|rated|\n|rule|Sleep Clause Mod: Limit one foe put to sleep\n|rule|Species Clause: Limit one of each Pok\u00e9mon\n|rule|OHKO Clause: OHKO moves are banned\n|rule|Evasion Items Clause: Evasion items are banned\n|rule|Evasion Moves Clause: Evasion moves are banned\n|rule|Endless Battle Clause: Forcing endless battles is banned\n|rule|HP Percentage Mod: HP is shown in percentages\n|clearpoke\n|poke|p1|Regieleki|\n|poke|p1|Kyogre|\n|poke|p1|Chien-Pao|\n|poke|p1|Ribombee, F|\n|poke|p1|Miraidon|\n|poke|p1|Flutter Mane|\n|poke|p2|Arceus|\n|poke|p2|Kyogre|\n|poke|p2|Great Tusk|\n|poke|p2|Skeledirge, F|\n|poke|p2|Gliscor, F|\n|poke|p2|Miraidon|\n|teampreview\n|inactive|Battle timer is ON: inactive players will automatically lose when time's up. (requested by Anne Frankkkk)\n|\n|t:|1700505868\n|start\n|switch|p1a: Moonblast|Ribombee, F, shiny|100\/100\n|switch|p2a: Gliscor|Gliscor, F, shiny|100\/100\n|turn|1\n|\n|t:|1700505877\n|move|p1a: Moonblast|Sticky Web|p2a: Gliscor\n|-sidestart|p2: nigeriabestcountry|move: Sticky Web\n|move|p2a: Gliscor|Spikes|p1a: Moonblast\n|-sidestart|p1: Anne Frankkkk|Spikes\n|\n|-status|p2a: Gliscor|tox|[from] item: Toxic Orb\n|upkeep\n|turn|2\n|\n|t:|1700505885\n|move|p1a: Moonblast|Moonblast|p2a: Gliscor\n|-damage|p2a: Gliscor|61\/100 tox\n|-unboost|p2a: Gliscor|spa|1\n|move|p2a: Gliscor|Spikes|p1a: Moonblast\n|-sidestart|p1: Anne Frankkkk|Spikes\n|\n|-heal|p2a: Gliscor|74\/100 tox|[from] ability: Poison Heal\n|upkeep\n|turn|3\n|\n|t:|1700505892\n|move|p1a: Moonblast|Moonblast|p2a: Gliscor\n|-damage|p2a: Gliscor|28\/100 tox\n|move|p2a: Gliscor|Spikes|p1a: Moonblast\n|-sidestart|p1: Anne Frankkkk|Spikes\n|\n|-heal|p2a: Gliscor|40\/100 tox|[from] ability: Poison Heal\n|upkeep\n|turn|4\n|\n|t:|1700505898\n|move|p2a: Gliscor|Protect|p2a: Gliscor\n|-singleturn|p2a: Gliscor|Protect\n|move|p1a: Moonblast|Moonblast|p2a: Gliscor\n|-activate|p2a: Gliscor|move: Protect\n|\n|-heal|p2a: Gliscor|53\/100 tox|[from] ability: Poison Heal\n|upkeep\n|turn|5\n|\n|t:|1700505908\n|switch|p1a: Bzzzzt|Regieleki, shiny|100\/100\n|-damage|p1a: Bzzzzt|76\/100|[from] Spikes\n|move|p2a: Gliscor|Toxic|p1a: Bzzzzt\n|-status|p1a: Bzzzzt|tox\n|\n|-damage|p1a: Bzzzzt|70\/100 tox|[from] psn\n|-heal|p2a: Gliscor|65\/100 tox|[from] ability: Poison Heal\n|upkeep\n|turn|6\n|\n|t:|1700505919\n|move|p1a: Bzzzzt|Rapid Spin|p2a: Gliscor\n|-damage|p2a: Gliscor|58\/100 tox\n|-boost|p1a: Bzzzzt|spe|1\n|-sideend|p1: Anne Frankkkk|Spikes|[from] move: Rapid Spin|[of] p1a: Bzzzzt\n|move|p2a: Gliscor|Earthquake|p1a: Bzzzzt\n|-supereffective|p1a: Bzzzzt\n|-damage|p1a: Bzzzzt|0 fnt\n|faint|p1a: Bzzzzt\n|\n|-heal|p2a: Gliscor|71\/100 tox|[from] ability: Poison Heal\n|upkeep\n|\n|t:|1700505926\n|switch|p1a: OHKO|Kyogre|100\/100\n|-weather|RainDance|[from] ability: Drizzle|[of] p1a: OHKO\n|turn|7\n|\n|t:|1700505932\n|move|p2a: Gliscor|Protect|p2a: Gliscor\n|-singleturn|p2a: Gliscor|Protect\n|move|p1a: OHKO|Water Spout|p2a: Gliscor\n|-activate|p2a: Gliscor|move: Protect\n|\n|-weather|RainDance|[upkeep]\n|-heal|p2a: Gliscor|83\/100 tox|[from] ability: Poison Heal\n|upkeep\n|turn|8\n|\n|t:|1700505948\n|move|p1a: OHKO|Water Spout|p2a: Gliscor\n|-supereffective|p2a: Gliscor\n|-damage|p2a: Gliscor|0 fnt\n|faint|p2a: Gliscor\n|\n|-weather|RainDance|[upkeep]\n|upkeep\n|\n|t:|1700505963\n|switch|p2a: Kyogre|Kyogre|100\/100\n|-activate|p2a: Kyogre|move: Sticky Web\n|-unboost|p2a: Kyogre|spe|1\n|turn|9\n|\n|t:|1700505969\n|switch|p1a: Moonblast|Ribombee, F, shiny|100\/100\n|move|p2a: Kyogre|Thunder|p1a: Moonblast\n|-damage|p1a: Moonblast|24\/100\n|\n|-weather|RainDance|[upkeep]\n|upkeep\n|turn|10\n|\n|t:|1700505975\n|switch|p2a: Great Tusk|Great Tusk|100\/100\n|-activate|p2a: Great Tusk|move: Sticky Web\n|-unboost|p2a: Great Tusk|spe|1\n|move|p1a: Moonblast|Moonblast|p2a: Great Tusk\n|-supereffective|p2a: Great Tusk\n|-damage|p2a: Great Tusk|0 fnt\n|faint|p2a: Great Tusk\n|-end|p2a: Great Tusk|Protosynthesis|[silent]\n|\n|-weather|RainDance|[upkeep]\n|upkeep\n|\n|t:|1700505984\n|switch|p2a: Arceus|Arceus, shiny|100\/100\n|-activate|p2a: Arceus|move: Sticky Web\n|-unboost|p2a: Arceus|spe|1\n|turn|11\n|\n|t:|1700505988\n|move|p1a: Moonblast|Moonblast|p2a: Arceus\n|-crit|p2a: Arceus\n|-damage|p2a: Arceus|60\/100\n|-unboost|p2a: Arceus|spa|1\n|move|p2a: Arceus|Swords Dance|p2a: Arceus\n|-boost|p2a: Arceus|atk|2\n|\n|-weather|none\n|upkeep\n|turn|12\n|\n|t:|1700505996\n|move|p2a: Arceus|Extreme Speed|p1a: Moonblast\n|-damage|p1a: Moonblast|0 fnt\n|faint|p1a: Moonblast\n|\n|upkeep\n|\n|t:|1700505999\n|switch|p1a: Ice Cat|Chien-Pao|100\/100\n|-ability|p1a: Ice Cat|Sword of Ruin\n|turn|13\n|\n|t:|1700506004\n|move|p2a: Arceus|Extreme Speed|p1a: Ice Cat\n|-enditem|p1a: Ice Cat|Focus Sash\n|-damage|p1a: Ice Cat|1\/100\n|move|p1a: Ice Cat|Swords Dance|p1a: Ice Cat\n|-boost|p1a: Ice Cat|atk|2\n|\n|upkeep\n|turn|14\n|\n|t:|1700506010\n|-terastallize|p1a: Ice Cat|Ghost\n|move|p2a: Arceus|Extreme Speed|p1a: Ice Cat\n|-immune|p1a: Ice Cat\n|move|p1a: Ice Cat|Sacred Sword|p2a: Arceus\n|-supereffective|p2a: Arceus\n|-damage|p2a: Arceus|0 fnt\n|faint|p2a: Arceus\n|\n|upkeep\n|\n|t:|1700506023\n|switch|p2a: Kyogre|Kyogre|100\/100\n|-activate|p2a: Kyogre|move: Sticky Web\n|-unboost|p2a: Kyogre|spe|1\n|-weather|RainDance|[from] ability: Drizzle|[of] p2a: Kyogre\n|turn|15\n|\n|t:|1700506033\n|move|p1a: Ice Cat|Sucker Punch|p2a: Kyogre\n|-damage|p2a: Kyogre|0 fnt\n|faint|p2a: Kyogre\n|\n|-weather|RainDance|[upkeep]\n|upkeep\n|\n|t:|1700506039\n|switch|p2a: Miraidon|Miraidon|100\/100\n|-activate|p2a: Miraidon|move: Sticky Web\n|-unboost|p2a: Miraidon|spe|1\n|-fieldstart|move: Electric Terrain|[from] ability: Hadron Engine|[of] p2a: Miraidon\n|turn|16\n|\n|t:|1700506047\n|-terastallize|p2a: Miraidon|Fairy\n|move|p1a: Ice Cat|Ice Spinner|p2a: Miraidon\n|-damage|p2a: Miraidon|0 fnt\n|-fieldend|move: Electric Terrain\n|faint|p2a: Miraidon\n|\n|-weather|RainDance|[upkeep]\n|upkeep\n|-message|nigeriabestcountry forfeited.\n|\n|win|Anne Frankkkk\n|raw|Anne Frankkkk's rating: 1224 &rarr; <strong>1256<\/strong><br \/>(+32 for winning)\n|raw|nigeriabestcountry's rating: 1319 &rarr; <strong>1294<\/strong><br \/>(-25 for losing)\n|l|\u2606nigeriabestcountry\n","uploadtime":1700506057,"views":1,"p1id":"annefrankkkk","p2id":"nigeriabestcountry","formatid":"gen9ubers","rating":1256,"private":0,"password":""}