{"id":"gen9ubers-1982960435","p1":"Drunk'nPizza","p2":"Willish6634","format":"[Gen 9] Ubers","log":"|j|\u2606Drunk'nPizza\n|j|\u2606Willish6634\n|t:|1699063454\n|gametype|singles\n|player|p1|Drunk'nPizza|rancher|\n|player|p2|Willish6634|leon-masters|\n|teamsize|p1|6\n|teamsize|p2|6\n|gen|9\n|tier|[Gen 9] Ubers\n|rule|Sleep Clause Mod: Limit one foe put to sleep\n|rule|Species Clause: Limit one of each Pok\u00e9mon\n|rule|OHKO Clause: OHKO moves are banned\n|rule|Evasion Items Clause: Evasion items are banned\n|rule|Evasion Moves Clause: Evasion moves are banned\n|rule|Endless Battle Clause: Forcing endless battles is banned\n|rule|HP Percentage Mod: HP is shown in percentages\n|clearpoke\n|poke|p1|Regidrago|\n|poke|p1|Espathra, M|\n|poke|p1|Chandelure, M|\n|poke|p1|Mandibuzz, F|\n|poke|p1|Cresselia, F|\n|poke|p1|Yanmega, M|\n|poke|p2|Dondozo, F|\n|poke|p2|Weavile, M|\n|poke|p2|Ogerpon-Wellspring, F|\n|poke|p2|Conkeldurr, F|\n|poke|p2|Dragonite, F|\n|poke|p2|Azelf|\n|teampreview\n|j| Zeroclock1985\n|j| Destroy Smoochie\n|c|\u2606Willish6634|glhf\n|c| Destroy Smoochie|good tv\n|j| Zephraim\n|\n|t:|1699063496\n|start\n|switch|p1a: Regidrago|Regidrago|100\/100\n|switch|p2a: Dondozo|Dondozo, F|100\/100\n|turn|1\n|\n|t:|1699063508\n|move|p1a: Regidrago|Dragon Dance|p1a: Regidrago\n|-boost|p1a: Regidrago|atk|1\n|-boost|p1a: Regidrago|spe|1\n|move|p2a: Dondozo|Wave Crash|p1a: Regidrago\n|-resisted|p1a: Regidrago\n|-damage|p1a: Regidrago|79\/100\n|-damage|p2a: Dondozo|93\/100|[from] Recoil\n|\n|-heal|p2a: Dondozo|99\/100|[from] item: Leftovers\n|upkeep\n|turn|2\n|\n|t:|1699063518\n|move|p1a: Regidrago|Scale Shot|p2a: Dondozo\n|-damage|p2a: Dondozo|90\/100\n|-damage|p2a: Dondozo|80\/100\n|-damage|p2a: Dondozo|71\/100\n|-damage|p2a: Dondozo|61\/100\n|-damage|p2a: Dondozo|51\/100\n|-hitcount|p2a: Dondozo|5\n|-unboost|p1a: Regidrago|def|1\n|-boost|p1a: Regidrago|spe|1\n|move|p2a: Dondozo|Curse|p2a: Dondozo\n|-unboost|p2a: Dondozo|spe|1\n|-boost|p2a: Dondozo|atk|1\n|-boost|p2a: Dondozo|def|1\n|\n|-heal|p2a: Dondozo|58\/100|[from] item: Leftovers\n|upkeep\n|turn|3\n|\n|t:|1699063528\n|move|p1a: Regidrago|Scale Shot|p2a: Dondozo\n|-damage|p2a: Dondozo|51\/100\n|-damage|p2a: Dondozo|44\/100\n|-damage|p2a: Dondozo|38\/100\n|-damage|p2a: Dondozo|30\/100\n|-hitcount|p2a: Dondozo|4\n|-unboost|p1a: Regidrago|def|1\n|-boost|p1a: Regidrago|spe|1\n|move|p2a: Dondozo|Rest|p2a: Dondozo\n|-status|p2a: Dondozo|slp|[from] move: Rest\n|-heal|p2a: Dondozo|100\/100 slp|[silent]\n|\n|upkeep\n|turn|4\n|\n|t:|1699063539\n|switch|p1a: Cresselia|Cresselia, F|100\/100\n|cant|p2a: Dondozo|slp\n|move|p2a: Dondozo|Sleep Talk|p2a: Dondozo\n|move|p2a: Dondozo|Curse|p2a: Dondozo|[from]move: Sleep Talk\n|-unboost|p2a: Dondozo|spe|1\n|-boost|p2a: Dondozo|atk|1\n|-boost|p2a: Dondozo|def|1\n|\n|upkeep\n|turn|5\n|\n|t:|1699063548\n|move|p1a: Cresselia|Calm Mind|p1a: Cresselia\n|-boost|p1a: Cresselia|spa|1\n|-boost|p1a: Cresselia|spd|1\n|cant|p2a: Dondozo|slp\n|move|p2a: Dondozo|Sleep Talk|p2a: Dondozo\n|move|p2a: Dondozo|Wave Crash|p1a: Cresselia|[from]move: Sleep Talk\n|-damage|p1a: Cresselia|56\/100\n|-damage|p2a: Dondozo|88\/100 slp|[from] Recoil\n|\n|-heal|p1a: Cresselia|62\/100|[from] item: Leftovers\n|-heal|p2a: Dondozo|94\/100 slp|[from] item: Leftovers\n|upkeep\n|turn|6\n|c| Destroy Smoochie|omg\n|\n|t:|1699063553\n|move|p1a: Cresselia|Calm Mind|p1a: Cresselia\n|-boost|p1a: Cresselia|spa|1\n|-boost|p1a: Cresselia|spd|1\n|-curestatus|p2a: Dondozo|slp|[msg]\n|move|p2a: Dondozo|Wave Crash|p1a: Cresselia\n|-damage|p1a: Cresselia|19\/100\n|-damage|p2a: Dondozo|81\/100|[from] Recoil\n|\n|-heal|p1a: Cresselia|25\/100|[from] item: Leftovers\n|-heal|p2a: Dondozo|88\/100|[from] item: Leftovers\n|upkeep\n|turn|7\n|\n|t:|1699063557\n|move|p1a: Cresselia|Moonlight|p1a: Cresselia\n|-heal|p1a: Cresselia|75\/100\n|move|p2a: Dondozo|Wave Crash|p1a: Cresselia\n|-damage|p1a: Cresselia|29\/100\n|-damage|p2a: Dondozo|74\/100|[from] Recoil\n|\n|-heal|p1a: Cresselia|35\/100|[from] item: Leftovers\n|-heal|p2a: Dondozo|80\/100|[from] item: Leftovers\n|upkeep\n|turn|8\n|\n|t:|1699063560\n|move|p1a: Cresselia|Moonlight|p1a: Cresselia\n|-heal|p1a: Cresselia|85\/100\n|move|p2a: Dondozo|Curse|p2a: Dondozo\n|-unboost|p2a: Dondozo|spe|1\n|-boost|p2a: Dondozo|atk|1\n|-boost|p2a: Dondozo|def|1\n|\n|-heal|p1a: Cresselia|91\/100|[from] item: Leftovers\n|-heal|p2a: Dondozo|86\/100|[from] item: Leftovers\n|upkeep\n|turn|9\n|\n|t:|1699063566\n|move|p1a: Cresselia|Calm Mind|p1a: Cresselia\n|-boost|p1a: Cresselia|spa|1\n|-boost|p1a: Cresselia|spd|1\n|move|p2a: Dondozo|Curse|p2a: Dondozo\n|-unboost|p2a: Dondozo|spe|1\n|-boost|p2a: Dondozo|atk|1\n|-boost|p2a: Dondozo|def|1\n|\n|-heal|p1a: Cresselia|98\/100|[from] item: Leftovers\n|-heal|p2a: Dondozo|93\/100|[from] item: Leftovers\n|upkeep\n|turn|10\n|\n|t:|1699063570\n|move|p1a: Cresselia|Stored Power|p2a: Dondozo\n|-crit|p2a: Dondozo\n|-damage|p2a: Dondozo|56\/100\n|move|p2a: Dondozo|Curse|p2a: Dondozo\n|-unboost|p2a: Dondozo|spe|1\n|-boost|p2a: Dondozo|atk|1\n|-boost|p2a: Dondozo|def|1\n|\n|-heal|p1a: Cresselia|100\/100|[from] item: Leftovers\n|-heal|p2a: Dondozo|62\/100|[from] item: Leftovers\n|upkeep\n|turn|11\n|\n|t:|1699063580\n|move|p1a: Cresselia|Stored Power|p2a: Dondozo\n|-damage|p2a: Dondozo|39\/100\n|move|p2a: Dondozo|Rest|p2a: Dondozo\n|-status|p2a: Dondozo|slp|[from] move: Rest\n|-heal|p2a: Dondozo|100\/100 slp|[silent]\n|\n|upkeep\n|turn|12\n|\n|t:|1699063583\n|move|p1a: Cresselia|Calm Mind|p1a: Cresselia\n|-boost|p1a: Cresselia|spa|1\n|-boost|p1a: Cresselia|spd|1\n|cant|p2a: Dondozo|slp\n|move|p2a: Dondozo|Sleep Talk|p2a: Dondozo\n|move|p2a: Dondozo|Curse|p2a: Dondozo|[from]move: Sleep Talk\n|-unboost|p2a: Dondozo|spe|1\n|-boost|p2a: Dondozo|atk|1\n|-boost|p2a: Dondozo|def|1\n|\n|upkeep\n|turn|13\n|\n|t:|1699063589\n|move|p1a: Cresselia|Calm Mind|p1a: Cresselia\n|-boost|p1a: Cresselia|spa|1\n|-boost|p1a: Cresselia|spd|1\n|cant|p2a: Dondozo|slp\n|move|p2a: Dondozo|Sleep Talk|p2a: Dondozo\n|move|p2a: Dondozo|Curse|p2a: Dondozo|[from]move: Sleep Talk\n|\n|upkeep\n|turn|14\n|\n|t:|1699063591\n|move|p1a: Cresselia|Calm Mind|p1a: Cresselia\n|-boost|p1a: Cresselia|spa|1\n|-boost|p1a: Cresselia|spd|1\n|-curestatus|p2a: Dondozo|slp|[msg]\n|move|p2a: Dondozo|Wave Crash|p1a: Cresselia\n|-damage|p1a: Cresselia|19\/100\n|-damage|p2a: Dondozo|77\/100|[from] Recoil\n|\n|-heal|p1a: Cresselia|25\/100|[from] item: Leftovers\n|-heal|p2a: Dondozo|83\/100|[from] item: Leftovers\n|upkeep\n|turn|15\n|\n|t:|1699063595\n|move|p1a: Cresselia|Moonlight|p1a: Cresselia\n|-heal|p1a: Cresselia|75\/100\n|move|p2a: Dondozo|Wave Crash|p1a: Cresselia\n|-damage|p1a: Cresselia|0 fnt\n|faint|p1a: Cresselia\n|-damage|p2a: Dondozo|61\/100|[from] Recoil\n|\n|-heal|p2a: Dondozo|67\/100|[from] item: Leftovers\n|upkeep\n|\n|t:|1699063608\n|switch|p1a: Yanmega|Yanmega, M|100\/100\n|turn|16\n|\n|t:|1699063612\n|move|p1a: Yanmega|Giga Drain|p2a: Dondozo\n|-supereffective|p2a: Dondozo\n|-damage|p2a: Dondozo|34\/100\n|move|p2a: Dondozo|Wave Crash|p1a: Yanmega\n|-damage|p1a: Yanmega|0 fnt\n|faint|p1a: Yanmega\n|-damage|p2a: Dondozo|14\/100|[from] Recoil\n|\n|-heal|p2a: Dondozo|20\/100|[from] item: Leftovers\n|upkeep\n|c|\u2606Willish6634|GRANDMA\n|\n|t:|1699063629\n|switch|p1a: Chandelure|Chandelure, M|100\/100\n|turn|17\n|c| Destroy Smoochie|cress wins\n|\n|t:|1699063637\n|move|p1a: Chandelure|Energy Ball|p2a: Dondozo\n|-supereffective|p2a: Dondozo\n|-damage|p2a: Dondozo|0 fnt\n|faint|p2a: Dondozo\n|\n|upkeep\n|\n|t:|1699063645\n|switch|p2a: Dragonite|Dragonite, F|100\/100\n|turn|18\n|\n|t:|1699063648\n|switch|p1a: Mandibuzz|Mandibuzz, F|100\/100\n|move|p2a: Dragonite|Dragon Dance|p2a: Dragonite\n|-boost|p2a: Dragonite|atk|1\n|-boost|p2a: Dragonite|spe|1\n|\n|upkeep\n|turn|19\n|\n|t:|1699063652\n|-terastallize|p2a: Dragonite|Poison\n|move|p2a: Dragonite|Dragon Dance|p2a: Dragonite\n|-boost|p2a: Dragonite|atk|1\n|-boost|p2a: Dragonite|spe|1\n|move|p1a: Mandibuzz|Toxic|p2a: Dragonite\n|-immune|p2a: Dragonite\n|\n|upkeep\n|turn|20\n|\n|t:|1699063657\n|move|p2a: Dragonite|Extreme Speed|p1a: Mandibuzz\n|-damage|p1a: Mandibuzz|67\/100\n|move|p1a: Mandibuzz|Foul Play|p2a: Dragonite\n|-damage|p2a: Dragonite|44\/100\n|\n|-heal|p1a: Mandibuzz|74\/100|[from] item: Leftovers\n|upkeep\n|turn|21\n|\n|t:|1699063664\n|move|p2a: Dragonite|Tera Blast|p1a: Mandibuzz|[anim] Tera Blast Poison\n|-damage|p1a: Mandibuzz|24\/100\n|move|p1a: Mandibuzz|Foul Play|p2a: Dragonite\n|-damage|p2a: Dragonite|0 fnt\n|faint|p2a: Dragonite\n|\n|-heal|p1a: Mandibuzz|30\/100|[from] item: Leftovers\n|upkeep\n|\n|t:|1699063672\n|switch|p2a: Azelf|Azelf|100\/100\n|turn|22\n|\n|t:|1699063674\n|move|p2a: Azelf|Taunt|p1a: Mandibuzz\n|-start|p1a: Mandibuzz|move: Taunt\n|cant|p1a: Mandibuzz|move: Taunt|Roost\n|\n|-heal|p1a: Mandibuzz|36\/100|[from] item: Leftovers\n|upkeep\n|turn|23\n|\n|t:|1699063679\n|switch|p1a: Chandelure|Chandelure, M|100\/100\n|move|p2a: Azelf|Reflect|p2a: Azelf\n|-sidestart|p2: Willish6634|Reflect\n|\n|upkeep\n|turn|24\n|\n|t:|1699063680\n|move|p1a: Chandelure|Shadow Ball|p2a: Azelf\n|-supereffective|p2a: Azelf\n|-damage|p2a: Azelf|0 fnt\n|faint|p2a: Azelf\n|\n|upkeep\n|\n|t:|1699063686\n|switch|p2a: Weavile|Weavile, M|100\/100\n|-ability|p2a: Weavile|Pressure\n|turn|25\n|\n|t:|1699063700\n|switch|p1a: Mandibuzz|Mandibuzz, F|36\/100\n|move|p2a: Weavile|Knock Off|p1a: Mandibuzz\n|-resisted|p1a: Mandibuzz\n|-damage|p1a: Mandibuzz|22\/100\n|-enditem|p1a: Mandibuzz|Leftovers|[from] move: Knock Off|[of] p2a: Weavile\n|\n|upkeep\n|turn|26\n|\n|t:|1699063705\n|move|p2a: Weavile|Ice Shard|p1a: Mandibuzz\n|-supereffective|p1a: Mandibuzz\n|-damage|p1a: Mandibuzz|0 fnt\n|faint|p1a: Mandibuzz\n|\n|upkeep\n|\n|t:|1699063710\n|switch|p1a: Chandelure|Chandelure, M|100\/100\n|turn|27\n|\n|t:|1699063716\n|switch|p2a: Ogerpon|Ogerpon-Wellspring, F|100\/100\n|-terastallize|p1a: Chandelure|Fighting\n|move|p1a: Chandelure|Tera Blast|p2a: Ogerpon|[anim] Tera Blast Fighting\n|-damage|p2a: Ogerpon|48\/100\n|\n|upkeep\n|turn|28\n|c| Destroy Smoochie|got something extreme for u\n|\n|t:|1699063724\n|move|p1a: Chandelure|Tera Blast|p2a: Ogerpon|[anim] Tera Blast Fighting\n|-damage|p2a: Ogerpon|0 fnt\n|faint|p2a: Ogerpon\n|\n|upkeep\n|\n|t:|1699063725\n|switch|p2a: Conkeldurr|Conkeldurr, F|100\/100\n|turn|29\n|c| Destroy Smoochie|BANG !\n|\n|t:|1699063734\n|switch|p1a: Regidrago|Regidrago|79\/100\n|move|p2a: Conkeldurr|Drain Punch|p1a: Regidrago\n|-damage|p1a: Regidrago|31\/100\n|\n|-status|p2a: Conkeldurr|brn|[from] item: Flame Orb\n|upkeep\n|turn|30\n|\n|t:|1699063743\n|move|p2a: Conkeldurr|Mach Punch|p1a: Regidrago\n|-damage|p1a: Regidrago|0 fnt\n|faint|p1a: Regidrago\n|\n|-damage|p2a: Conkeldurr|94\/100 brn|[from] brn\n|-sideend|p2: Willish6634|Reflect\n|upkeep\n|\n|t:|1699063746\n|switch|p1a: Espathra|Espathra, M|100\/100\n|turn|31\n|\n|t:|1699063750\n|move|p1a: Espathra|Calm Mind|p1a: Espathra\n|-boost|p1a: Espathra|spa|1\n|-boost|p1a: Espathra|spd|1\n|move|p2a: Conkeldurr|Knock Off|p1a: Espathra\n|-supereffective|p1a: Espathra\n|-damage|p1a: Espathra|0 fnt\n|-enditem|p1a: Espathra|Leftovers|[from] move: Knock Off|[of] p2a: Conkeldurr\n|faint|p1a: Espathra\n|\n|-damage|p2a: Conkeldurr|88\/100 brn|[from] brn\n|upkeep\n|\n|t:|1699063753\n|switch|p1a: Chandelure|Chandelure, M, tera:Fighting|100\/100\n|turn|32\n|\n|t:|1699063759\n|move|p1a: Chandelure|Tera Blast|p2a: Conkeldurr|[anim] Tera Blast Fighting\n|-damage|p2a: Conkeldurr|35\/100 brn\n|move|p2a: Conkeldurr|Drain Punch|p1a: Chandelure\n|-damage|p1a: Chandelure|0 fnt\n|-heal|p2a: Conkeldurr|66\/100 brn|[from] drain|[of] p1a: Chandelure\n|faint|p1a: Chandelure\n|\n|win|Willish6634\n|c|\u2606Willish6634|GRANDPA\n|c|\u2606Drunk'nPizza|gg\n|c|\u2606Willish6634|gg\n|l|\u2606Drunk'nPizza\n|l| Zephraim\n|l|\u2606Willish6634\n|l| Zeroclock1985\n|j|\u2606Willish6634\n|player|p2|Willish6634|leon-masters\n|l|\u2606Willish6634\n|player|p2|\n|j|\u2606Willish6634\n|player|p2|Willish6634|leon-masters\n|l|\u2606Willish6634\n|player|p2|\n|j|\u2606Willish6634\n|player|p2|Willish6634|leon-masters\n","uploadtime":1699064866,"views":12,"p1id":"drunknpizza","p2id":"willish6634","formatid":"gen9ubers","rating":0,"private":0,"password":""}