{"id":"gen9ubers-1991316680","p1":"Epiclebruh","p2":"termofservice","format":"[Gen 9] Ubers","log":"|j|\u2606Epiclebruh\n|j|\u2606termofservice\n|t:|1700066983\n|gametype|singles\n|player|p1|Epiclebruh|blue|\n|player|p2|termofservice|cynthia-masters|\n|teamsize|p1|6\n|teamsize|p2|6\n|gen|9\n|tier|[Gen 9] Ubers\n|rule|Sleep Clause Mod: Limit one foe put to sleep\n|rule|Species Clause: Limit one of each Pok\u00e9mon\n|rule|OHKO Clause: OHKO moves are banned\n|rule|Evasion Items Clause: Evasion items are banned\n|rule|Evasion Moves Clause: Evasion moves are banned\n|rule|Endless Battle Clause: Forcing endless battles is banned\n|rule|HP Percentage Mod: HP is shown in percentages\n|clearpoke\n|poke|p1|Palkia-Origin|\n|poke|p1|Urshifu-*, M|\n|poke|p1|Palafin, M|\n|poke|p1|Magearna|\n|poke|p1|Mandibuzz, F|\n|poke|p1|Gastrodon-East, F|\n|poke|p2|Cyclizar, M|\n|poke|p2|Pelipper, M|\n|poke|p2|Alomomola, F|\n|poke|p2|Palkia-Origin|\n|poke|p2|Arceus-Grass|\n|poke|p2|Magearna|\n|teampreview\n|\n|t:|1700066999\n|start\n|switch|p1a: Aquadolphin|Palafin, M|100\/100\n|switch|p2a: Magearna|Magearna|100\/100\n|turn|1\n|\n|t:|1700067005\n|move|p1a: Aquadolphin|Flip Turn|p2a: Magearna\n|-damage|p2a: Magearna|84\/100\n|\n|t:|1700067012\n|detailschange|p1a: Aquadolphin|Palafin-Hero, M\n|switch|p1a: no name idea|Gastrodon-East, F, shiny|100\/100|[from] Flip Turn\n|move|p2a: Magearna|Volt Switch|p1a: no name idea\n|-immune|p1a: no name idea\n|\n|-heal|p2a: Magearna|90\/100|[from] item: Leftovers\n|upkeep\n|turn|2\n|\n|t:|1700067020\n|switch|p2a: Pelipper|Pelipper, M|100\/100\n|-weather|RainDance|[from] ability: Drizzle|[of] p2a: Pelipper\n|move|p1a: no name idea|Stealth Rock|p2a: Pelipper\n|-sidestart|p2: termofservice|move: Stealth Rock\n|\n|-weather|RainDance|[upkeep]\n|upkeep\n|turn|3\n|\n|t:|1700067027\n|move|p2a: Pelipper|U-turn|p1a: no name idea\n|-crit|p1a: no name idea\n|-damage|p1a: no name idea|87\/100\n|\n|t:|1700067046\n|switch|p2a: Cyclizar|Cyclizar, M|100\/100|[from] U-turn\n|move|p1a: no name idea|Spikes|p2a: Cyclizar\n|-sidestart|p2: termofservice|Spikes\n|\n|-weather|RainDance|[upkeep]\n|-heal|p1a: no name idea|93\/100|[from] item: Leftovers\n|upkeep\n|turn|4\n|\n|t:|1700067054\n|move|p2a: Cyclizar|Rapid Spin|p1a: no name idea\n|-damage|p1a: no name idea|76\/100\n|-boost|p2a: Cyclizar|spe|1\n|-sideend|p2: termofservice|Spikes|[from] move: Rapid Spin|[of] p2a: Cyclizar\n|-sideend|p2: termofservice|Stealth Rock|[from] move: Rapid Spin|[of] p2a: Cyclizar\n|move|p1a: no name idea|Spikes|p2a: Cyclizar\n|-sidestart|p2: termofservice|Spikes\n|\n|-weather|RainDance|[upkeep]\n|-heal|p1a: no name idea|82\/100|[from] item: Leftovers\n|upkeep\n|turn|5\n|\n|t:|1700067075\n|switch|p1a: Goth Mommy|Mandibuzz, F|100\/100\n|move|p2a: Cyclizar|Shed Tail|p2a: Cyclizar\n|-start|p2a: Cyclizar|Substitute|[from] move: Shed Tail\n|-damage|p2a: Cyclizar|50\/100\n|\n|t:|1700067078\n|switch|p2a: Palkia|Palkia-Origin|100\/100|[from] Shed Tail\n|-damage|p2a: Palkia|88\/100|[from] Spikes\n|-ability|p2a: Palkia|Pressure\n|\n|-weather|RainDance|[upkeep]\n|upkeep\n|turn|6\n|\n|t:|1700067094\n|move|p2a: Palkia|Thunder|p1a: Goth Mommy\n|-supereffective|p1a: Goth Mommy\n|-damage|p1a: Goth Mommy|31\/100\n|move|p1a: Goth Mommy|Defog|p2a: Palkia\n|-sideend|p2: termofservice|Spikes|[from] move: Defog|[of] p1a: Goth Mommy\n|\n|-weather|RainDance|[upkeep]\n|upkeep\n|turn|7\n|\n|t:|1700067105\n|switch|p1a: no name idea|Gastrodon-East, F, shiny|82\/100\n|move|p2a: Palkia|Thunder|p1a: no name idea\n|-immune|p1a: no name idea\n|\n|-weather|RainDance|[upkeep]\n|-heal|p1a: no name idea|88\/100|[from] item: Leftovers\n|upkeep\n|turn|8\n|\n|t:|1700067113\n|move|p2a: Palkia|Draco Meteor|p1a: no name idea|[miss]\n|-miss|p2a: Palkia|p1a: no name idea\n|move|p1a: no name idea|Stealth Rock|p2a: Palkia\n|-sidestart|p2: termofservice|move: Stealth Rock\n|\n|-weather|RainDance|[upkeep]\n|-heal|p1a: no name idea|94\/100|[from] item: Leftovers\n|upkeep\n|turn|9\n|\n|t:|1700067122\n|move|p2a: Palkia|Draco Meteor|p1a: no name idea\n|-damage|p1a: no name idea|38\/100\n|-unboost|p2a: Palkia|spa|2\n|move|p1a: no name idea|Spikes|p2a: Palkia\n|-sidestart|p2: termofservice|Spikes\n|\n|-weather|none\n|-heal|p1a: no name idea|44\/100|[from] item: Leftovers\n|upkeep\n|turn|10\n|\n|t:|1700067129\n|switch|p2a: Cyclizar|Cyclizar, M|84\/100\n|move|p1a: no name idea|Spikes|p2a: Cyclizar\n|-sidestart|p2: termofservice|Spikes\n|\n|-heal|p1a: no name idea|50\/100|[from] item: Leftovers\n|upkeep\n|turn|11\n|\n|t:|1700067138\n|move|p2a: Cyclizar|Rapid Spin|p1a: no name idea\n|-crit|p1a: no name idea\n|-damage|p1a: no name idea|20\/100\n|-boost|p2a: Cyclizar|spe|1\n|-sideend|p2: termofservice|Spikes|[from] move: Rapid Spin|[of] p2a: Cyclizar\n|-sideend|p2: termofservice|Stealth Rock|[from] move: Rapid Spin|[of] p2a: Cyclizar\n|move|p1a: no name idea|Recover|p1a: no name idea\n|-heal|p1a: no name idea|70\/100\n|\n|-heal|p1a: no name idea|76\/100|[from] item: Leftovers\n|upkeep\n|turn|12\n|\n|t:|1700067168\n|switch|p1a: Aquadolphin|Palafin-Hero, M|100\/100\n|-activate|p1a: Aquadolphin|ability: Zero to Hero\n|move|p2a: Cyclizar|Taunt|p1a: Aquadolphin\n|-start|p1a: Aquadolphin|move: Taunt\n|\n|upkeep\n|turn|13\n|\n|t:|1700067182\n|move|p2a: Cyclizar|Shed Tail|p2a: Cyclizar\n|-start|p2a: Cyclizar|Substitute|[from] move: Shed Tail\n|-damage|p2a: Cyclizar|33\/100\n|\n|t:|1700067186\n|switch|p2a: Arceus|Arceus-Grass|100\/100|[from] Shed Tail\n|move|p1a: Aquadolphin|Close Combat|p2a: Arceus\n|-end|p2a: Arceus|Substitute\n|-unboost|p1a: Aquadolphin|def|1\n|-unboost|p1a: Aquadolphin|spd|1\n|\n|upkeep\n|turn|14\n|\n|t:|1700067199\n|switch|p1a: Goth Mommy|Mandibuzz, F|31\/100\n|move|p2a: Arceus|Calm Mind|p2a: Arceus\n|-boost|p2a: Arceus|spa|1\n|-boost|p2a: Arceus|spd|1\n|\n|upkeep\n|turn|15\n|\n|t:|1700067207\n|move|p2a: Arceus|Taunt|p1a: Goth Mommy\n|-start|p1a: Goth Mommy|move: Taunt\n|cant|p1a: Goth Mommy|move: Taunt|Roost\n|\n|upkeep\n|turn|16\n|\n|t:|1700067211\n|move|p2a: Arceus|Calm Mind|p2a: Arceus\n|-boost|p2a: Arceus|spa|1\n|-boost|p2a: Arceus|spd|1\n|move|p1a: Goth Mommy|U-turn|p2a: Arceus\n|-supereffective|p2a: Arceus\n|-damage|p2a: Arceus|86\/100\n|\n|t:|1700067230\n|switch|p1a: Aquadolphin|Palafin-Hero, M|100\/100|[from] U-turn\n|\n|upkeep\n|turn|17\n|\n|t:|1700067234\n|move|p1a: Aquadolphin|Ice Punch|p2a: Arceus\n|-supereffective|p2a: Arceus\n|-damage|p2a: Arceus|46\/100\n|move|p2a: Arceus|Judgment|p1a: Aquadolphin\n|-supereffective|p1a: Aquadolphin\n|-damage|p1a: Aquadolphin|0 fnt\n|faint|p1a: Aquadolphin\n|\n|upkeep\n|\n|t:|1700067241\n|switch|p1a: NoArmsNoChocolate|Palkia-Origin|100\/100\n|-ability|p1a: NoArmsNoChocolate|Pressure\n|turn|18\n|\n|t:|1700067246\n|-terastallize|p1a: NoArmsNoChocolate|Fire\n|move|p1a: NoArmsNoChocolate|Fire Blast|p2a: Arceus\n|-supereffective|p2a: Arceus\n|-damage|p2a: Arceus|5\/100\n|move|p2a: Arceus|Judgment|p1a: NoArmsNoChocolate\n|-resisted|p1a: NoArmsNoChocolate\n|-crit|p1a: NoArmsNoChocolate\n|-damage|p1a: NoArmsNoChocolate|38\/100\n|\n|upkeep\n|turn|19\n|\n|t:|1700067260\n|move|p1a: NoArmsNoChocolate|Spacial Rend|p2a: Arceus\n|-damage|p2a: Arceus|0 fnt\n|faint|p2a: Arceus\n|\n|upkeep\n|\n|t:|1700067267\n|switch|p2a: Pelipper|Pelipper, M|100\/100\n|-weather|RainDance|[from] ability: Drizzle|[of] p2a: Pelipper\n|turn|20\n|\n|t:|1700067274\n|move|p1a: NoArmsNoChocolate|Spacial Rend|p2a: Pelipper\n|-damage|p2a: Pelipper|5\/100\n|move|p2a: Pelipper|Hydro Pump|p1a: NoArmsNoChocolate\n|-supereffective|p1a: NoArmsNoChocolate\n|-damage|p1a: NoArmsNoChocolate|0 fnt\n|faint|p1a: NoArmsNoChocolate\n|\n|-weather|RainDance|[upkeep]\n|upkeep\n|c|\u2606termofservice|Holy shit\n|\n|t:|1700067292\n|switch|p1a: Bruce Lee|Urshifu, M|100\/100\n|turn|21\n|\n|t:|1700067299\n|move|p1a: Bruce Lee|U-turn|p2a: Pelipper\n|-resisted|p2a: Pelipper\n|-damage|p2a: Pelipper|0 fnt\n|faint|p2a: Pelipper\n|\n|t:|1700067308\n|switch|p1a: Iron Maiden|Magearna|100\/100|[from] U-turn\n|\n|-weather|RainDance|[upkeep]\n|upkeep\n|\n|t:|1700067322\n|switch|p2a: Palkia|Palkia-Origin|88\/100\n|-ability|p2a: Palkia|Pressure\n|turn|22\n|\n|t:|1700067334\n|move|p2a: Palkia|Substitute|p2a: Palkia\n|-start|p2a: Palkia|Substitute\n|-damage|p2a: Palkia|63\/100\n|move|p1a: Iron Maiden|Fleur Cannon|p2a: Palkia\n|-supereffective|p2a: Palkia\n|-end|p2a: Palkia|Substitute\n|-unboost|p1a: Iron Maiden|spa|2\n|-damage|p1a: Iron Maiden|91\/100|[from] item: Life Orb\n|\n|-weather|RainDance|[upkeep]\n|upkeep\n|turn|23\n|\n|t:|1700067347\n|switch|p2a: Alomomola|Alomomola, F|100\/100\n|move|p1a: Iron Maiden|Fleur Cannon|p2a: Alomomola\n|-damage|p2a: Alomomola|46\/100\n|-unboost|p1a: Iron Maiden|spa|2\n|-damage|p1a: Iron Maiden|81\/100|[from] item: Life Orb\n|\n|-weather|RainDance|[upkeep]\n|-heal|p2a: Alomomola|52\/100|[from] item: Leftovers\n|upkeep\n|turn|24\n|\n|t:|1700067361\n|switch|p1a: Bruce Lee|Urshifu, M|100\/100\n|move|p2a: Alomomola|Wish|p2a: Alomomola\n|\n|-weather|RainDance|[upkeep]\n|-heal|p2a: Alomomola|58\/100|[from] item: Leftovers\n|upkeep\n|turn|25\n|\n|t:|1700067381\n|move|p1a: Bruce Lee|Wicked Blow|p2a: Alomomola\n|-crit|p2a: Alomomola\n|-damage|p2a: Alomomola|12\/100\n|move|p2a: Alomomola|Scald|p1a: Bruce Lee\n|-damage|p1a: Bruce Lee|68\/100\n|-status|p1a: Bruce Lee|brn\n|\n|-weather|RainDance|[upkeep]\n|-heal|p2a: Alomomola|62\/100|[from] move: Wish|[wisher] Alomomola\n|-heal|p2a: Alomomola|68\/100|[from] item: Leftovers\n|-damage|p1a: Bruce Lee|62\/100 brn|[from] brn\n|upkeep\n|turn|26\n|c|\u2606Epiclebruh|are you kidding me\n|c|\u2606termofservice|You're literally urshifu?\n|\n|t:|1700067412\n|switch|p2a: Magearna|Magearna|90\/100\n|move|p1a: Bruce Lee|Wicked Blow|p2a: Magearna\n|-resisted|p2a: Magearna\n|-crit|p2a: Magearna\n|-damage|p2a: Magearna|71\/100\n|\n|-weather|RainDance|[upkeep]\n|-heal|p2a: Magearna|77\/100|[from] item: Leftovers\n|-damage|p1a: Bruce Lee|56\/100 brn|[from] brn\n|upkeep\n|turn|27\n|\n|t:|1700067426\n|switch|p1a: no name idea|Gastrodon-East, F, shiny|76\/100\n|move|p2a: Magearna|Flash Cannon|p1a: no name idea\n|-resisted|p1a: no name idea\n|-damage|p1a: no name idea|62\/100\n|\n|-weather|none\n|-heal|p2a: Magearna|83\/100|[from] item: Leftovers\n|-heal|p1a: no name idea|69\/100|[from] item: Leftovers\n|upkeep\n|turn|28\n|\n|t:|1700067435\n|move|p2a: Magearna|Fleur Cannon|p1a: no name idea\n|-damage|p1a: no name idea|24\/100\n|-unboost|p2a: Magearna|spa|2\n|move|p1a: no name idea|Stealth Rock|p2a: Magearna\n|-sidestart|p2: termofservice|move: Stealth Rock\n|\n|-heal|p2a: Magearna|89\/100|[from] item: Leftovers\n|-heal|p1a: no name idea|30\/100|[from] item: Leftovers\n|upkeep\n|turn|29\n|\n|t:|1700067447\n|switch|p2a: Cyclizar|Cyclizar, M|67\/100\n|move|p1a: no name idea|Recover|p1a: no name idea\n|-heal|p1a: no name idea|80\/100\n|\n|-heal|p1a: no name idea|86\/100|[from] item: Leftovers\n|upkeep\n|turn|30\n|\n|t:|1700067459\n|switch|p1a: Goth Mommy|Mandibuzz, F|31\/100\n|move|p2a: Cyclizar|Rapid Spin|p1a: Goth Mommy\n|-damage|p1a: Goth Mommy|22\/100\n|-boost|p2a: Cyclizar|spe|1\n|-sideend|p2: termofservice|Stealth Rock|[from] move: Rapid Spin|[of] p2a: Cyclizar\n|\n|upkeep\n|turn|31\n|\n|t:|1700067468\n|move|p2a: Cyclizar|Shed Tail|p2a: Cyclizar\n|-start|p2a: Cyclizar|Substitute|[from] move: Shed Tail\n|-damage|p2a: Cyclizar|17\/100\n|\n|t:|1700067479\n|switch|p2a: Alomomola|Alomomola, F|100\/100|[from] Shed Tail\n|move|p1a: Goth Mommy|Roost|p1a: Goth Mommy\n|-heal|p1a: Goth Mommy|72\/100\n|-singleturn|p1a: Goth Mommy|move: Roost\n|\n|upkeep\n|turn|32\n|\n|t:|1700067489\n|move|p1a: Goth Mommy|U-turn|p2a: Alomomola\n|-activate|p2a: Alomomola|move: Substitute|[damage]\n|\n|t:|1700067495\n|switch|p1a: Iron Maiden|Magearna|81\/100|[from] U-turn\n|move|p2a: Alomomola|Wish|p2a: Alomomola\n|\n|upkeep\n|turn|33\n|\n|t:|1700067500\n|move|p2a: Alomomola|Flip Turn|p1a: Iron Maiden\n|-crit|p1a: Iron Maiden\n|-damage|p1a: Iron Maiden|61\/100\n|c|\u2606termofservice|I was not expecting to outspeed\n|\n|t:|1700067514\n|switch|p2a: Magearna|Magearna|89\/100|[from] Flip Turn\n|move|p1a: Iron Maiden|Calm Mind|p1a: Iron Maiden\n|-boost|p1a: Iron Maiden|spa|1\n|-boost|p1a: Iron Maiden|spd|1\n|\n|-heal|p2a: Magearna|100\/100|[from] move: Wish|[wisher] Alomomola\n|upkeep\n|turn|34\n|\n|t:|1700067526\n|move|p1a: Iron Maiden|Calm Mind|p1a: Iron Maiden\n|-boost|p1a: Iron Maiden|spa|1\n|-boost|p1a: Iron Maiden|spd|1\n|move|p2a: Magearna|Thunder Wave|p1a: Iron Maiden\n|-status|p1a: Iron Maiden|par\n|\n|upkeep\n|turn|35\n|\n|t:|1700067550\n|move|p2a: Magearna|Flash Cannon|p1a: Iron Maiden\n|-damage|p1a: Iron Maiden|40\/100 par\n|move|p1a: Iron Maiden|Fleur Cannon|p2a: Magearna\n|-resisted|p2a: Magearna\n|-damage|p2a: Magearna|23\/100\n|-unboost|p1a: Iron Maiden|spa|2\n|-damage|p1a: Iron Maiden|30\/100 par|[from] item: Life Orb\n|\n|-heal|p2a: Magearna|29\/100|[from] item: Leftovers\n|upkeep\n|turn|36\n|\n|t:|1700067561\n|move|p2a: Magearna|Volt Switch|p1a: Iron Maiden\n|-damage|p1a: Iron Maiden|20\/100 par\n|\n|t:|1700067566\n|switch|p2a: Cyclizar|Cyclizar, M|50\/100|[from] Volt Switch\n|cant|p1a: Iron Maiden|par\n|\n|upkeep\n|turn|37\n|c|\u2606Epiclebruh|bruh\n|\n|t:|1700067576\n|move|p2a: Cyclizar|U-turn|p1a: Iron Maiden\n|-resisted|p1a: Iron Maiden\n|-damage|p1a: Iron Maiden|17\/100 par\n|\n|t:|1700067579\n|switch|p2a: Alomomola|Alomomola, F|100\/100|[from] U-turn\n|cant|p1a: Iron Maiden|par\n|\n|upkeep\n|turn|38\n|c|\u2606Epiclebruh|seriously ???\n|\n|t:|1700067597\n|move|p2a: Alomomola|Wish|p2a: Alomomola\n|move|p1a: Iron Maiden|Calm Mind|p1a: Iron Maiden\n|-boost|p1a: Iron Maiden|spa|1\n|-boost|p1a: Iron Maiden|spd|1\n|\n|upkeep\n|turn|39\n|\n|t:|1700067605\n|move|p2a: Alomomola|Scald|p1a: Iron Maiden\n|-damage|p1a: Iron Maiden|12\/100 par\n|move|p1a: Iron Maiden|Calm Mind|p1a: Iron Maiden\n|-boost|p1a: Iron Maiden|spa|1\n|-boost|p1a: Iron Maiden|spd|1\n|\n|upkeep\n|turn|40\n|\n|t:|1700067613\n|move|p2a: Alomomola|Flip Turn|p1a: Iron Maiden\n|-damage|p1a: Iron Maiden|0 fnt\n|faint|p1a: Iron Maiden\n|\n|t:|1700067620\n|switch|p2a: Cyclizar|Cyclizar, M|83\/100|[from] Flip Turn\n|\n|upkeep\n|\n|t:|1700067632\n|switch|p1a: no name idea|Gastrodon-East, F, shiny|86\/100\n|turn|41\n|\n|t:|1700067664\n|move|p2a: Cyclizar|Taunt|p1a: no name idea\n|-start|p1a: no name idea|move: Taunt\n|cant|p1a: no name idea|move: Taunt|Stealth Rock\n|\n|-heal|p1a: no name idea|92\/100|[from] item: Leftovers\n|upkeep\n|turn|42\n|c|\u2606Epiclebruh|>:(\n|\n|t:|1700067683\n|switch|p1a: Bruce Lee|Urshifu, M|56\/100 brn\n|move|p2a: Cyclizar|Shed Tail|p2a: Cyclizar\n|-start|p2a: Cyclizar|Substitute|[from] move: Shed Tail\n|-damage|p2a: Cyclizar|33\/100\n|\n|t:|1700067699\n|switch|p2a: Magearna|Magearna|29\/100|[from] Shed Tail\n|\n|-heal|p2a: Magearna|35\/100|[from] item: Leftovers\n|-damage|p1a: Bruce Lee|49\/100 brn|[from] brn\n|upkeep\n|turn|43\n|\n|t:|1700067708\n|switch|p1a: Goth Mommy|Mandibuzz, F|72\/100\n|move|p2a: Magearna|Fleur Cannon|p1a: Goth Mommy\n|-supereffective|p1a: Goth Mommy\n|-damage|p1a: Goth Mommy|0 fnt\n|-unboost|p2a: Magearna|spa|2\n|faint|p1a: Goth Mommy\n|-ability|p2a: Magearna|Soul-Heart|boost\n|-boost|p2a: Magearna|spa|1\n|\n|-heal|p2a: Magearna|41\/100|[from] item: Leftovers\n|upkeep\n|\n|t:|1700067719\n|switch|p1a: no name idea|Gastrodon-East, F, shiny|92\/100\n|turn|44\n|c|\u2606Epiclebruh|gg\n|\n|t:|1700067725\n|switch|p2a: Cyclizar|Cyclizar, M|66\/100\n|move|p1a: no name idea|Spikes|p2a: Cyclizar\n|-sidestart|p2: termofservice|Spikes\n|\n|-heal|p1a: no name idea|98\/100|[from] item: Leftovers\n|upkeep\n|turn|45\n|c|\u2606Epiclebruh|aint no way i win this\n|c|\u2606termofservice|Do you not have a single attacking move on gastro\n|\n|t:|1700067741\n|move|p2a: Cyclizar|Rapid Spin|p1a: no name idea\n|-damage|p1a: no name idea|79\/100\n|-boost|p2a: Cyclizar|spe|1\n|-sideend|p2: termofservice|Spikes|[from] move: Rapid Spin|[of] p2a: Cyclizar\n|move|p1a: no name idea|Clear Smog|p2a: Cyclizar\n|-damage|p2a: Cyclizar|52\/100\n|-clearboost|p2a: Cyclizar\n|\n|-heal|p1a: no name idea|85\/100|[from] item: Leftovers\n|upkeep\n|turn|46\n|\n|t:|1700067754\n|move|p2a: Cyclizar|Shed Tail|p2a: Cyclizar\n|-start|p2a: Cyclizar|Substitute|[from] move: Shed Tail\n|-damage|p2a: Cyclizar|2\/100\n|\n|t:|1700067760\n|switch|p2a: Palkia|Palkia-Origin|63\/100|[from] Shed Tail\n|-ability|p2a: Palkia|Pressure\n|move|p1a: no name idea|Stealth Rock|p2a: Palkia\n|-sidestart|p2: termofservice|move: Stealth Rock\n|\n|-heal|p1a: no name idea|92\/100|[from] item: Leftovers\n|upkeep\n|turn|47\n|c|\u2606Epiclebruh|does it answer you ?\n|c|\u2606termofservice|Yes\n|\n|t:|1700067777\n|switch|p1a: Bruce Lee|Urshifu, M|49\/100 brn\n|move|p2a: Palkia|Draco Meteor|p1a: Bruce Lee\n|-damage|p1a: Bruce Lee|0 fnt\n|-unboost|p2a: Palkia|spa|2\n|faint|p1a: Bruce Lee\n|\n|upkeep\n|c|\u2606termofservice|Look on the bright side you might win by pp stall\n|\n|t:|1700067786\n|switch|p1a: no name idea|Gastrodon-East, F, shiny|92\/100\n|turn|48\n|\n|t:|1700067793\n|move|p2a: Palkia|Substitute|p2a: Palkia\n|-fail|p2a: Palkia|move: Substitute\n|move|p1a: no name idea|Spikes|p2a: Palkia\n|-sidestart|p2: termofservice|Spikes\n|\n|-heal|p1a: no name idea|98\/100|[from] item: Leftovers\n|upkeep\n|turn|49\n|\n|t:|1700067799\n|move|p2a: Palkia|Draco Meteor|p1a: no name idea\n|-damage|p1a: no name idea|68\/100\n|-unboost|p2a: Palkia|spa|2\n|move|p1a: no name idea|Spikes|p2a: Palkia\n|-sidestart|p2: termofservice|Spikes\n|\n|-heal|p1a: no name idea|74\/100|[from] item: Leftovers\n|upkeep\n|turn|50\n|\n|t:|1700067807\n|move|p2a: Palkia|Draco Meteor|p1a: no name idea\n|-damage|p1a: no name idea|55\/100\n|-unboost|p2a: Palkia|spa|2\n|move|p1a: no name idea|Spikes|p2a: Palkia\n|-sidestart|p2: termofservice|Spikes\n|\n|-heal|p1a: no name idea|62\/100|[from] item: Leftovers\n|upkeep\n|turn|51\n|\n|t:|1700067816\n|move|p2a: Palkia|Draco Meteor|p1a: no name idea\n|-damage|p1a: no name idea|47\/100\n|move|p1a: no name idea|Clear Smog|p2a: Palkia\n|-activate|p2a: Palkia|move: Substitute|[damage]\n|\n|-heal|p1a: no name idea|53\/100|[from] item: Leftovers\n|upkeep\n|turn|52\n|\n|t:|1700067827\n|move|p2a: Palkia|Draco Meteor|p1a: no name idea\n|-damage|p1a: no name idea|40\/100\n|move|p1a: no name idea|Clear Smog|p2a: Palkia\n|-activate|p2a: Palkia|move: Substitute|[damage]\n|\n|-heal|p1a: no name idea|46\/100|[from] item: Leftovers\n|upkeep\n|turn|53\n|\n|t:|1700067835\n|move|p2a: Palkia|Draco Meteor|p1a: no name idea\n|-damage|p1a: no name idea|31\/100\n|move|p1a: no name idea|Clear Smog|p2a: Palkia\n|-end|p2a: Palkia|Substitute\n|\n|-heal|p1a: no name idea|37\/100|[from] item: Leftovers\n|upkeep\n|turn|54\n|c|\u2606Epiclebruh|its gonna take long\n|\n|t:|1700067856\n|move|p2a: Palkia|Thunder|p1a: no name idea\n|-immune|p1a: no name idea\n|move|p1a: no name idea|Recover|p1a: no name idea\n|-heal|p1a: no name idea|87\/100\n|\n|-heal|p1a: no name idea|93\/100|[from] item: Leftovers\n|upkeep\n|turn|55\n|\n|t:|1700067863\n|switch|p2a: Alomomola|Alomomola, F|100\/100\n|-damage|p2a: Alomomola|88\/100|[from] Stealth Rock\n|-damage|p2a: Alomomola|63\/100|[from] Spikes\n|move|p1a: no name idea|Clear Smog|p2a: Alomomola\n|-damage|p2a: Alomomola|51\/100\n|-clearboost|p2a: Alomomola\n|\n|-heal|p2a: Alomomola|57\/100|[from] item: Leftovers\n|-heal|p1a: no name idea|99\/100|[from] item: Leftovers\n|upkeep\n|turn|56\n|c|\u2606termofservice|I literally can't damage you lol\n|\n|t:|1700067874\n|move|p2a: Alomomola|Wish|p2a: Alomomola\n|move|p1a: no name idea|Clear Smog|p2a: Alomomola\n|-damage|p2a: Alomomola|44\/100\n|-clearboost|p2a: Alomomola\n|\n|-heal|p2a: Alomomola|50\/100|[from] item: Leftovers\n|-heal|p1a: no name idea|100\/100|[from] item: Leftovers\n|upkeep\n|turn|57\n|\n|t:|1700067882\n|move|p2a: Alomomola|Protect|p2a: Alomomola\n|-singleturn|p2a: Alomomola|Protect\n|move|p1a: no name idea|Clear Smog|p2a: Alomomola\n|-activate|p2a: Alomomola|move: Protect\n|\n|-heal|p2a: Alomomola|99\/100|[from] move: Wish|[wisher] Alomomola\n|-heal|p2a: Alomomola|100\/100|[from] item: Leftovers\n|upkeep\n|turn|58\n|\n|t:|1700067892\n|move|p2a: Alomomola|Flip Turn|p1a: no name idea\n|-ability|p1a: no name idea|Storm Drain|boost\n|-boost|p1a: no name idea|spa|1\n|move|p1a: no name idea|Clear Smog|p2a: Alomomola\n|-damage|p2a: Alomomola|83\/100\n|-clearboost|p2a: Alomomola\n|\n|-heal|p2a: Alomomola|89\/100|[from] item: Leftovers\n|upkeep\n|turn|59\n|\n|t:|1700067901\n|move|p2a: Alomomola|Wish|p2a: Alomomola\n|move|p1a: no name idea|Clear Smog|p2a: Alomomola\n|-damage|p2a: Alomomola|70\/100\n|-clearboost|p2a: Alomomola\n|\n|-heal|p2a: Alomomola|76\/100|[from] item: Leftovers\n|upkeep\n|turn|60\n|c|\u2606Epiclebruh|thanks\n|\n|t:|1700067908\n|switch|p2a: Cyclizar|Cyclizar, M|35\/100\n|move|p1a: no name idea|Clear Smog|p2a: Cyclizar\n|-damage|p2a: Cyclizar|11\/100\n|-clearboost|p2a: Cyclizar\n|\n|-heal|p2a: Cyclizar|89\/100|[from] move: Wish|[wisher] Alomomola\n|upkeep\n|turn|61\n|\n|t:|1700067918\n|move|p2a: Cyclizar|Taunt|p1a: no name idea\n|-start|p1a: no name idea|move: Taunt\n|move|p1a: no name idea|Clear Smog|p2a: Cyclizar\n|-crit|p2a: Cyclizar\n|-damage|p2a: Cyclizar|54\/100\n|-clearboost|p2a: Cyclizar\n|\n|upkeep\n|turn|62\n|\n|t:|1700067925\n|move|p2a: Cyclizar|Rapid Spin|p1a: no name idea\n|-damage|p1a: no name idea|83\/100\n|-boost|p2a: Cyclizar|spe|1\n|-sideend|p2: termofservice|Spikes|[from] move: Rapid Spin|[of] p2a: Cyclizar\n|-sideend|p2: termofservice|Stealth Rock|[from] move: Rapid Spin|[of] p2a: Cyclizar\n|move|p1a: no name idea|Clear Smog|p2a: Cyclizar\n|-damage|p2a: Cyclizar|32\/100\n|-clearboost|p2a: Cyclizar\n|\n|-heal|p1a: no name idea|89\/100|[from] item: Leftovers\n|upkeep\n|turn|63\n|c|\u2606Epiclebruh|oh, you had those shoes\n|\n|t:|1700067940\n|move|p2a: Cyclizar|U-turn|p1a: no name idea\n|-damage|p1a: no name idea|72\/100\n|\n|t:|1700067946\n|switch|p2a: Magearna|Magearna|41\/100|[from] U-turn\n|move|p1a: no name idea|Clear Smog|p2a: Magearna\n|-immune|p2a: Magearna\n|\n|-heal|p2a: Magearna|47\/100|[from] item: Leftovers\n|-heal|p1a: no name idea|78\/100|[from] item: Leftovers\n|-end|p1a: no name idea|move: Taunt\n|upkeep\n|turn|64\n|\n|t:|1700067957\n|move|p2a: Magearna|Fleur Cannon|p1a: no name idea\n|-damage|p1a: no name idea|27\/100\n|-unboost|p2a: Magearna|spa|2\n|move|p1a: no name idea|Stealth Rock|p2a: Magearna\n|-sidestart|p2: termofservice|move: Stealth Rock\n|\n|-heal|p2a: Magearna|53\/100|[from] item: Leftovers\n|-heal|p1a: no name idea|33\/100|[from] item: Leftovers\n|upkeep\n|turn|65\n|\n|t:|1700067966\n|switch|p2a: Cyclizar|Cyclizar, M|66\/100\n|move|p1a: no name idea|Recover|p1a: no name idea\n|-heal|p1a: no name idea|83\/100\n|\n|-heal|p1a: no name idea|89\/100|[from] item: Leftovers\n|upkeep\n|turn|66\n|\n|t:|1700067985\n|move|p2a: Cyclizar|Taunt|p1a: no name idea\n|-start|p1a: no name idea|move: Taunt\n|cant|p1a: no name idea|move: Taunt|Spikes\n|\n|-heal|p1a: no name idea|95\/100|[from] item: Leftovers\n|upkeep\n|turn|67\n|c|\u2606Epiclebruh|i have almost no clear smog left\n|c|\u2606Epiclebruh|XD\n|\n|t:|1700068069\n|move|p2a: Cyclizar|Rapid Spin|p1a: no name idea\n|-damage|p1a: no name idea|77\/100\n|-boost|p2a: Cyclizar|spe|1\n|-sideend|p2: termofservice|Stealth Rock|[from] move: Rapid Spin|[of] p2a: Cyclizar\n|move|p1a: no name idea|Clear Smog|p2a: Cyclizar\n|-damage|p2a: Cyclizar|41\/100\n|-clearboost|p2a: Cyclizar\n|\n|-heal|p1a: no name idea|83\/100|[from] item: Leftovers\n|upkeep\n|turn|68\n|\n|t:|1700068085\n|move|p2a: Cyclizar|U-turn|p1a: no name idea\n|-damage|p1a: no name idea|67\/100\n|\n|t:|1700068093\n|switch|p2a: Magearna|Magearna|53\/100|[from] U-turn\n|move|p1a: no name idea|Clear Smog|p2a: Magearna\n|-immune|p2a: Magearna\n|\n|-heal|p2a: Magearna|59\/100|[from] item: Leftovers\n|-heal|p1a: no name idea|74\/100|[from] item: Leftovers\n|-end|p1a: no name idea|move: Taunt\n|upkeep\n|turn|69\n|\n|t:|1700068103\n|switch|p2a: Cyclizar|Cyclizar, M|75\/100\n|move|p1a: no name idea|Stealth Rock|p2a: Cyclizar\n|-sidestart|p2: termofservice|move: Stealth Rock\n|\n|-heal|p1a: no name idea|80\/100|[from] item: Leftovers\n|upkeep\n|turn|70\n|\n|t:|1700068110\n|move|p2a: Cyclizar|Taunt|p1a: no name idea\n|-start|p1a: no name idea|move: Taunt\n|move|p1a: no name idea|Clear Smog|p2a: Cyclizar\n|-damage|p2a: Cyclizar|52\/100\n|-clearboost|p2a: Cyclizar\n|\n|-heal|p1a: no name idea|86\/100|[from] item: Leftovers\n|upkeep\n|turn|71\n|\n|t:|1700068118\n|move|p2a: Cyclizar|U-turn|p1a: no name idea\n|-damage|p1a: no name idea|68\/100\n|\n|t:|1700068122\n|switch|p2a: Magearna|Magearna|59\/100|[from] U-turn\n|-damage|p2a: Magearna|53\/100|[from] Stealth Rock\n|move|p1a: no name idea|Clear Smog|p2a: Magearna\n|-immune|p2a: Magearna\n|\n|-heal|p2a: Magearna|59\/100|[from] item: Leftovers\n|-heal|p1a: no name idea|74\/100|[from] item: Leftovers\n|upkeep\n|turn|72\n|c|\u2606termofservice|Crit\n|c|\u2606termofservice|Please\n|\n|t:|1700068132\n|move|p2a: Magearna|Fleur Cannon|p1a: no name idea\n|-damage|p1a: no name idea|23\/100\n|-unboost|p2a: Magearna|spa|2\n|move|p1a: no name idea|Clear Smog|p2a: Magearna\n|-immune|p2a: Magearna\n|\n|-heal|p2a: Magearna|65\/100|[from] item: Leftovers\n|-heal|p1a: no name idea|29\/100|[from] item: Leftovers\n|-end|p1a: no name idea|move: Taunt\n|upkeep\n|turn|73\n|c|\u2606Epiclebruh|nuh uh\n|\n|t:|1700068144\n|move|p2a: Magearna|Fleur Cannon|p1a: no name idea\n|-damage|p1a: no name idea|6\/100\n|-unboost|p2a: Magearna|spa|2\n|move|p1a: no name idea|Clear Smog|p2a: Magearna\n|-immune|p2a: Magearna\n|\n|-heal|p2a: Magearna|71\/100|[from] item: Leftovers\n|-heal|p1a: no name idea|12\/100|[from] item: Leftovers\n|upkeep\n|turn|74\n|c|\u2606Epiclebruh|uh oh\n|\n|t:|1700068155\n|move|p2a: Magearna|Fleur Cannon|p1a: no name idea\n|-damage|p1a: no name idea|0 fnt\n|-unboost|p2a: Magearna|spa|2\n|faint|p1a: no name idea\n|\n|win|termofservice\n|c|\u2606Epiclebruh|i thought you'd switch\n|l|\u2606termofservice\n|c|\u2606Epiclebruh|gg anyways\n","uploadtime":1700068162,"views":22,"p1id":"epiclebruh","p2id":"termofservice","formatid":"gen9ubers","rating":0,"private":0,"password":""}