{"id":"gen9ubers-1969943855","p1":"MeteorAsh15","p2":"Sambmon23","format":"[Gen 9] Ubers","log":"|j|\u2606MeteorAsh15\n|j|\u2606Sambmon23\n|t:|1697578179\n|gametype|singles\n|player|p1|MeteorAsh15|nate|1195\n|player|p2|Sambmon23|ghetsis-gen5bw|1221\n|teamsize|p1|6\n|teamsize|p2|6\n|gen|9\n|tier|[Gen 9] Ubers\n|rated|\n|rule|Sleep Clause Mod: Limit one foe put to sleep\n|rule|Species Clause: Limit one of each Pok\u00e9mon\n|rule|OHKO Clause: OHKO moves are banned\n|rule|Evasion Items Clause: Evasion items are banned\n|rule|Evasion Moves Clause: Evasion moves are banned\n|rule|Endless Battle Clause: Forcing endless battles is banned\n|rule|HP Percentage Mod: HP is shown in percentages\n|clearpoke\n|poke|p1|Baxcalibur, F|\n|poke|p1|Ninetales-Alola, F|\n|poke|p1|Kyogre|\n|poke|p1|Koraidon|\n|poke|p1|Zacian-*|\n|poke|p1|Tornadus, M|\n|poke|p2|Flutter Mane|\n|poke|p2|Koraidon|\n|poke|p2|Chien-Pao|\n|poke|p2|Zacian-*|\n|poke|p2|Landorus, M|\n|poke|p2|Cinderace, F|\n|teampreview\n|inactive|Battle timer is ON: inactive players will automatically lose when time's up. (requested by Sambmon23)\n|\n|t:|1697578196\n|start\n|switch|p1a: Kyogre|Kyogre|100\/100\n|switch|p2a: Zacian|Zacian-Crowned|100\/100\n|-ability|p2a: Zacian|Intrepid Sword|boost\n|-boost|p2a: Zacian|atk|1\n|-weather|RainDance|[from] ability: Drizzle|[of] p1a: Kyogre\n|turn|1\n|\n|t:|1697578207\n|-terastallize|p2a: Zacian|Water\n|move|p2a: Zacian|Swords Dance|p2a: Zacian\n|-boost|p2a: Zacian|atk|2\n|move|p1a: Kyogre|Water Spout|p2a: Zacian\n|-resisted|p2a: Zacian\n|-damage|p2a: Zacian|36\/100\n|\n|-weather|RainDance|[upkeep]\n|upkeep\n|turn|2\n|\n|t:|1697578219\n|move|p2a: Zacian|Play Rough|p1a: Kyogre\n|-crit|p1a: Kyogre\n|-damage|p1a: Kyogre|0 fnt\n|faint|p1a: Kyogre\n|\n|-weather|RainDance|[upkeep]\n|upkeep\n|\n|t:|1697578230\n|switch|p1a: Zacian|Zacian-Crowned, shiny|100\/100\n|-ability|p1a: Zacian|Intrepid Sword|boost\n|-boost|p1a: Zacian|atk|1\n|turn|3\n|\n|t:|1697578236\n|move|p2a: Zacian|Tera Blast|p1a: Zacian|[anim] Tera Blast Water\n|-damage|p1a: Zacian|0 fnt\n|faint|p1a: Zacian\n|\n|-weather|RainDance|[upkeep]\n|upkeep\n|\n|t:|1697578247\n|switch|p1a: Koraidon|Koraidon|100\/100\n|-weather|SunnyDay|[from] ability: Orichalcum Pulse|[of] p1a: Koraidon\n|-activate|p1a: Koraidon|Orichalcum Pulse|[source]\n|turn|4\n|\n|t:|1697578259\n|switch|p2a: Flutter Mane|Flutter Mane|100\/100\n|-activate|p2a: Flutter Mane|ability: Protosynthesis\n|-start|p2a: Flutter Mane|protosynthesisspe\n|move|p1a: Koraidon|Scale Shot|p2a: Flutter Mane\n|-immune|p2a: Flutter Mane\n|\n|-weather|SunnyDay|[upkeep]\n|upkeep\n|turn|5\n|\n|t:|1697578276\n|switch|p1a: Tornadus|Tornadus, M, shiny|100\/100\n|move|p2a: Flutter Mane|Moonblast|p1a: Tornadus\n|-damage|p1a: Tornadus|31\/100\n|\n|-weather|SunnyDay|[upkeep]\n|upkeep\n|turn|6\n|\n|t:|1697578285\n|move|p1a: Tornadus|Tailwind|p1a: Tornadus\n|-sidestart|p1: MeteorAsh15|move: Tailwind\n|move|p2a: Flutter Mane|Moonblast|p1a: Tornadus\n|-damage|p1a: Tornadus|0 fnt\n|faint|p1a: Tornadus\n|\n|-weather|SunnyDay|[upkeep]\n|upkeep\n|\n|t:|1697578296\n|switch|p1a: Koraidon|Koraidon|100\/100\n|-activate|p1a: Koraidon|ability: Orichalcum Pulse\n|turn|7\n|\n|t:|1697578304\n|move|p1a: Koraidon|Shadow Claw|p2a: Flutter Mane\n|-supereffective|p2a: Flutter Mane\n|-damage|p2a: Flutter Mane|0 fnt\n|faint|p2a: Flutter Mane\n|-end|p2a: Flutter Mane|Protosynthesis|[silent]\n|\n|-weather|SunnyDay|[upkeep]\n|upkeep\n|\n|t:|1697578312\n|switch|p2a: Chien-Pao|Chien-Pao|100\/100\n|-ability|p2a: Chien-Pao|Sword of Ruin\n|turn|8\n|\n|t:|1697578319\n|move|p1a: Koraidon|Flare Blitz|p2a: Chien-Pao\n|-supereffective|p2a: Chien-Pao\n|-damage|p2a: Chien-Pao|0 fnt\n|faint|p2a: Chien-Pao\n|-damage|p1a: Koraidon|71\/100|[from] Recoil\n|\n|-weather|none\n|upkeep\n|\n|t:|1697578332\n|switch|p2a: Landorus|Landorus, M|100\/100\n|turn|9\n|\n|t:|1697578342\n|move|p1a: Koraidon|Scale Shot|p2a: Landorus\n|-damage|p2a: Landorus|84\/100\n|-damage|p2a: Landorus|68\/100\n|-hitcount|p2a: Landorus|2\n|-unboost|p1a: Koraidon|def|1\n|-boost|p1a: Koraidon|spe|1\n|move|p2a: Landorus|Stealth Rock|p1a: Koraidon\n|-sidestart|p1: MeteorAsh15|move: Stealth Rock\n|\n|-sideend|p1: MeteorAsh15|move: Tailwind\n|upkeep\n|turn|10\n|\n|t:|1697578357\n|move|p1a: Koraidon|Shadow Claw|p2a: Landorus\n|-damage|p2a: Landorus|38\/100\n|move|p2a: Landorus|Earth Power|p1a: Koraidon\n|-damage|p1a: Koraidon|4\/100\n|\n|upkeep\n|turn|11\n|\n|t:|1697578365\n|move|p1a: Koraidon|Scale Shot|p2a: Landorus\n|-damage|p2a: Landorus|23\/100\n|-damage|p2a: Landorus|6\/100\n|-hitcount|p2a: Landorus|2\n|-unboost|p1a: Koraidon|def|1\n|-boost|p1a: Koraidon|spe|1\n|move|p2a: Landorus|Earth Power|p1a: Koraidon\n|-damage|p1a: Koraidon|0 fnt\n|faint|p1a: Koraidon\n|\n|upkeep\n|\n|t:|1697578377\n|switch|p1a: Ninetales|Ninetales-Alola, F|100\/100\n|-damage|p1a: Ninetales|75\/100|[from] Stealth Rock\n|-weather|Snow|[from] ability: Snow Warning|[of] p1a: Ninetales\n|turn|12\n|\n|t:|1697578397\n|move|p1a: Ninetales|Aurora Veil|p1a: Ninetales\n|-sidestart|p1: MeteorAsh15|move: Aurora Veil\n|move|p2a: Landorus|Sludge Bomb|p1a: Ninetales\n|-supereffective|p1a: Ninetales\n|-damage|p1a: Ninetales|17\/100\n|\n|-weather|Snow|[upkeep]\n|upkeep\n|turn|13\n|\n|t:|1697578408\n|move|p1a: Ninetales|Hypnosis|p2a: Landorus|[miss]\n|-miss|p1a: Ninetales|p2a: Landorus\n|move|p2a: Landorus|Sludge Bomb|p1a: Ninetales\n|-supereffective|p1a: Ninetales\n|-damage|p1a: Ninetales|0 fnt\n|faint|p1a: Ninetales\n|\n|-weather|Snow|[upkeep]\n|upkeep\n|\n|t:|1697578418\n|switch|p1a: Baxcalibur|Baxcalibur, F|100\/100\n|-damage|p1a: Baxcalibur|76\/100|[from] Stealth Rock\n|turn|14\n|\n|t:|1697578429\n|move|p2a: Landorus|Earth Power|p1a: Baxcalibur\n|-damage|p1a: Baxcalibur|39\/100\n|move|p1a: Baxcalibur|Scale Shot|p2a: Landorus\n|-damage|p2a: Landorus|0 fnt\n|faint|p2a: Landorus\n|-hitcount|p2: Landorus|1\n|-unboost|p1a: Baxcalibur|def|1\n|-boost|p1a: Baxcalibur|spe|1\n|\n|-weather|Snow|[upkeep]\n|upkeep\n|\n|t:|1697578442\n|switch|p2a: Zacian|Zacian-Crowned, tera:Water|36\/100\n|turn|15\n|\n|t:|1697578450\n|-terastallize|p1a: Baxcalibur|Ground\n|move|p1a: Baxcalibur|Scale Shot|p2a: Zacian\n|-damage|p2a: Zacian|22\/100\n|-damage|p2a: Zacian|8\/100\n|-damage|p2a: Zacian|0 fnt\n|faint|p2a: Zacian\n|-hitcount|p2: Zacian|3\n|-unboost|p1a: Baxcalibur|def|1\n|-boost|p1a: Baxcalibur|spe|1\n|\n|-weather|Snow|[upkeep]\n|upkeep\n|\n|t:|1697578472\n|switch|p2a: Koraidon|Koraidon|100\/100\n|-weather|SunnyDay|[from] ability: Orichalcum Pulse|[of] p2a: Koraidon\n|-activate|p2a: Koraidon|Orichalcum Pulse|[source]\n|turn|16\n|\n|t:|1697578486\n|move|p1a: Baxcalibur|Scale Shot|p2a: Koraidon\n|-supereffective|p2a: Koraidon\n|-damage|p2a: Koraidon|77\/100\n|-supereffective|p2a: Koraidon\n|-damage|p2a: Koraidon|50\/100\n|-supereffective|p2a: Koraidon\n|-damage|p2a: Koraidon|24\/100\n|-supereffective|p2a: Koraidon\n|-damage|p2a: Koraidon|0 fnt\n|faint|p2a: Koraidon\n|-hitcount|p2: Koraidon|4\n|-unboost|p1a: Baxcalibur|def|1\n|-boost|p1a: Baxcalibur|spe|1\n|\n|-weather|SunnyDay|[upkeep]\n|upkeep\n|inactive|Sambmon23 has 120 seconds left.\n|\n|t:|1697578499\n|switch|p2a: Cinderace|Cinderace, F|100\/100\n|turn|17\n|\n|t:|1697578507\n|move|p1a: Baxcalibur|Earthquake|p2a: Cinderace\n|-supereffective|p2a: Cinderace\n|-crit|p2a: Cinderace\n|-damage|p2a: Cinderace|0 fnt\n|faint|p2a: Cinderace\n|\n|win|MeteorAsh15\n|raw|MeteorAsh15's rating: 1195 &rarr; <strong>1222<\/strong><br \/>(+27 for winning)\n|raw|Sambmon23's rating: 1221 &rarr; <strong>1194<\/strong><br \/>(-27 for losing)\n|l|\u2606Sambmon23\n|c|\u2606MeteorAsh15|Gg\n","uploadtime":1697578534,"views":9,"p1id":"meteorash15","p2id":"sambmon23","formatid":"gen9ubers","rating":1194,"private":0,"password":""}