{"id":"gen9ubers-1996507485","p1":"GuzzLord197","p2":"Shigoo","format":"[Gen 9] Ubers","log":"|j|\u2606GuzzLord197\n|j|\u2606Shigoo\n|t:|1700688796\n|gametype|singles\n|player|p1|GuzzLord197|shadowtriad|\n|player|p2|Shigoo|ninjaboy|\n|teamsize|p1|6\n|teamsize|p2|6\n|gen|9\n|tier|[Gen 9] Ubers\n|rule|Sleep Clause Mod: Limit one foe put to sleep\n|rule|Species Clause: Limit one of each Pok\u00e9mon\n|rule|OHKO Clause: OHKO moves are banned\n|rule|Evasion Items Clause: Evasion items are banned\n|rule|Evasion Moves Clause: Evasion moves are banned\n|rule|Endless Battle Clause: Forcing endless battles is banned\n|rule|HP Percentage Mod: HP is shown in percentages\n|clearpoke\n|poke|p1|Ogerpon-Hearthflame, F|\n|poke|p1|Dragapult, F|\n|poke|p1|Enamorus, F|\n|poke|p1|Garganacl, M|\n|poke|p1|Lokix, F|\n|poke|p1|Hoopa-Unbound|\n|poke|p2|Iron Bundle|\n|poke|p2|Iron Hands|\n|poke|p2|Volcanion|\n|poke|p2|Regidrago|\n|poke|p2|Gholdengo|\n|poke|p2|Kingambit, M|\n|teampreview\n|\n|t:|1700688806\n|start\n|switch|p1a: +6|Hoopa-Unbound|100\/100\n|switch|p2a: BOOOOOmMm|Volcanion|100\/100\n|turn|1\n|\n|t:|1700688821\n|switch|p1a: KKKicksMan|Lokix, F|100\/100\n|move|p2a: BOOOOOmMm|Will-O-Wisp|p1a: KKKicksMan\n|-status|p1a: KKKicksMan|brn\n|\n|-damage|p1a: KKKicksMan|94\/100 brn|[from] brn\n|upkeep\n|turn|2\n|\n|t:|1700688830\n|move|p1a: KKKicksMan|First Impression|p2a: BOOOOOmMm\n|-resisted|p2a: BOOOOOmMm\n|-damage|p2a: BOOOOOmMm|85\/100\n|-damage|p1a: KKKicksMan|85\/100 brn|[from] item: Life Orb\n|move|p2a: BOOOOOmMm|Flamethrower|p1a: KKKicksMan\n|-supereffective|p1a: KKKicksMan\n|-damage|p1a: KKKicksMan|0 fnt\n|faint|p1a: KKKicksMan\n|\n|-heal|p2a: BOOOOOmMm|91\/100|[from] item: Leftovers\n|upkeep\n|\n|t:|1700688845\n|switch|p1a: Why?|Ogerpon-Hearthflame, F|100\/100\n|-ability|p1a: Why?|Mold Breaker\n|turn|3\n|\n|t:|1700688851\n|move|p1a: Why?|Swords Dance|p1a: Why?\n|-boost|p1a: Why?|atk|2\n|move|p2a: BOOOOOmMm|Steam Eruption|p1a: Why?\n|-damage|p1a: Why?|42\/100\n|\n|-heal|p2a: BOOOOOmMm|97\/100|[from] item: Leftovers\n|upkeep\n|turn|4\n|\n|t:|1700688860\n|move|p1a: Why?|Trailblaze|p2a: BOOOOOmMm\n|-damage|p2a: BOOOOOmMm|64\/100\n|-boost|p1a: Why?|spe|1\n|move|p2a: BOOOOOmMm|Steam Eruption|p1a: Why?\n|-damage|p1a: Why?|0 fnt\n|faint|p1a: Why?\n|\n|-heal|p2a: BOOOOOmMm|70\/100|[from] item: Leftovers\n|upkeep\n|\n|t:|1700688869\n|switch|p1a: Plz Kill Me|Enamorus, F, shiny|100\/100\n|turn|5\n|\n|t:|1700688874\n|move|p1a: Plz Kill Me|Superpower|p2a: BOOOOOmMm\n|-damage|p2a: BOOOOOmMm|38\/100\n|-boost|p1a: Plz Kill Me|atk|1\n|-boost|p1a: Plz Kill Me|def|1\n|-damage|p1a: Plz Kill Me|91\/100|[from] item: Life Orb\n|move|p2a: BOOOOOmMm|Steam Eruption|p1a: Plz Kill Me\n|-damage|p1a: Plz Kill Me|22\/100\n|\n|-heal|p2a: BOOOOOmMm|44\/100|[from] item: Leftovers\n|upkeep\n|turn|6\n|\n|t:|1700688886\n|move|p1a: Plz Kill Me|Superpower|p2a: BOOOOOmMm\n|-damage|p2a: BOOOOOmMm|1\/100\n|-boost|p1a: Plz Kill Me|atk|1\n|-boost|p1a: Plz Kill Me|def|1\n|-damage|p1a: Plz Kill Me|12\/100|[from] item: Life Orb\n|move|p2a: BOOOOOmMm|Steam Eruption|p1a: Plz Kill Me\n|-damage|p1a: Plz Kill Me|0 fnt\n|faint|p1a: Plz Kill Me\n|\n|-heal|p2a: BOOOOOmMm|7\/100|[from] item: Leftovers\n|upkeep\n|\n|t:|1700688891\n|switch|p1a: Mother of 2|Dragapult, F, shiny|100\/100\n|turn|7\n|\n|t:|1700688914\n|move|p1a: Mother of 2|Dragon Dance|p1a: Mother of 2\n|-boost|p1a: Mother of 2|atk|1\n|-boost|p1a: Mother of 2|spe|1\n|move|p2a: BOOOOOmMm|Steam Eruption|p1a: Mother of 2\n|-resisted|p1a: Mother of 2\n|-damage|p1a: Mother of 2|71\/100\n|-status|p1a: Mother of 2|brn\n|\n|-heal|p2a: BOOOOOmMm|13\/100|[from] item: Leftovers\n|-damage|p1a: Mother of 2|65\/100 brn|[from] brn\n|upkeep\n|turn|8\n|\n|t:|1700688927\n|switch|p2a: Hanamura|Regidrago, shiny|100\/100\n|move|p1a: Mother of 2|Dragon Darts|p2a: Hanamura\n|-supereffective|p2a: Hanamura\n|-damage|p2a: Hanamura|63\/100\n|-anim|p1a: Mother of 2|Dragon Darts|p2a: Hanamura\n|-supereffective|p2a: Hanamura\n|-damage|p2a: Hanamura|25\/100\n|\n|-damage|p1a: Mother of 2|59\/100 brn|[from] brn\n|upkeep\n|turn|9\n|\n|t:|1700688943\n|-terastallize|p2a: Hanamura|Fairy\n|move|p1a: Mother of 2|Phantom Force||[still]\n|-prepare|p1a: Mother of 2|Phantom Force\n|move|p2a: Hanamura|Tera Blast|p1a: Mother of 2|[anim] Tera Blast Fairy|[miss]\n|-miss|p2a: Hanamura|p1a: Mother of 2\n|\n|-damage|p1a: Mother of 2|53\/100 brn|[from] brn\n|upkeep\n|turn|10\n|\n|t:|1700688954\n|switch|p2a: Tony Hawk|Gholdengo, shiny|100\/100\n|move|p1a: Mother of 2|Phantom Force|p2a: Tony Hawk|[from]lockedmove\n|-supereffective|p2a: Tony Hawk\n|-damage|p2a: Tony Hawk|27\/100\n|\n|-damage|p1a: Mother of 2|47\/100 brn|[from] brn\n|upkeep\n|turn|11\n|\n|t:|1700688964\n|move|p1a: Mother of 2|Sucker Punch|p2a: Tony Hawk\n|-supereffective|p2a: Tony Hawk\n|-damage|p2a: Tony Hawk|0 fnt\n|faint|p2a: Tony Hawk\n|\n|-damage|p1a: Mother of 2|41\/100 brn|[from] brn\n|upkeep\n|\n|t:|1700688978\n|switch|p2a: CatchDeezHands|Iron Hands, shiny|100\/100\n|turn|12\n|\n|t:|1700688984\n|move|p1a: Mother of 2|Dragon Darts|p2a: CatchDeezHands\n|-damage|p2a: CatchDeezHands|87\/100\n|-anim|p1a: Mother of 2|Dragon Darts|p2a: CatchDeezHands\n|-crit|p2a: CatchDeezHands\n|-damage|p2a: CatchDeezHands|67\/100\n|move|p2a: CatchDeezHands|Drain Punch|p1a: Mother of 2\n|-immune|p1a: Mother of 2\n|\n|-damage|p1a: Mother of 2|35\/100 brn|[from] brn\n|upkeep\n|turn|13\n|\n|t:|1700688994\n|move|p1a: Mother of 2|Phantom Force||[still]\n|-prepare|p1a: Mother of 2|Phantom Force\n|move|p2a: CatchDeezHands|Thunder Punch|p1a: Mother of 2|[miss]\n|-miss|p2a: CatchDeezHands|p1a: Mother of 2\n|\n|-damage|p1a: Mother of 2|29\/100 brn|[from] brn\n|upkeep\n|turn|14\n|\n|t:|1700689005\n|move|p1a: Mother of 2|Phantom Force|p2a: CatchDeezHands|[from]lockedmove\n|-damage|p2a: CatchDeezHands|46\/100\n|move|p2a: CatchDeezHands|Earthquake|p1a: Mother of 2\n|-damage|p1a: Mother of 2|0 fnt\n|faint|p1a: Mother of 2\n|\n|upkeep\n|\n|t:|1700689015\n|switch|p1a: Big Mort|Garganacl, M|100\/100\n|turn|15\n|\n|t:|1700689022\n|move|p2a: CatchDeezHands|Drain Punch|p1a: Big Mort\n|-supereffective|p1a: Big Mort\n|-damage|p1a: Big Mort|50\/100\n|-heal|p2a: CatchDeezHands|66\/100|[from] drain|[of] p1a: Big Mort\n|-damage|p2a: CatchDeezHands|50\/100|[from] item: Rocky Helmet|[of] p1a: Big Mort\n|move|p1a: Big Mort|Salt Cure|p2a: CatchDeezHands\n|-resisted|p2a: CatchDeezHands\n|-damage|p2a: CatchDeezHands|45\/100\n|-start|p2a: CatchDeezHands|Salt Cure\n|\n|-damage|p2a: CatchDeezHands|32\/100|[from] Salt Cure\n|upkeep\n|turn|16\n|\n|t:|1700689032\n|move|p1a: Big Mort|Protect|p1a: Big Mort\n|-singleturn|p1a: Big Mort|Protect\n|move|p2a: CatchDeezHands|Drain Punch|p1a: Big Mort\n|-activate|p1a: Big Mort|move: Protect\n|\n|-damage|p2a: CatchDeezHands|20\/100|[from] Salt Cure\n|upkeep\n|turn|17\n|\n|t:|1700689043\n|move|p1a: Big Mort|Protect||[still]\n|-fail|p1a: Big Mort\n|move|p2a: CatchDeezHands|Drain Punch|p1a: Big Mort\n|-supereffective|p1a: Big Mort\n|-damage|p1a: Big Mort|2\/100\n|-heal|p2a: CatchDeezHands|39\/100|[from] drain|[of] p1a: Big Mort\n|-damage|p2a: CatchDeezHands|22\/100|[from] item: Rocky Helmet|[of] p1a: Big Mort\n|\n|-damage|p2a: CatchDeezHands|10\/100|[from] Salt Cure\n|upkeep\n|turn|18\n|\n|t:|1700689052\n|move|p1a: Big Mort|Protect|p1a: Big Mort\n|-singleturn|p1a: Big Mort|Protect\n|move|p2a: CatchDeezHands|Drain Punch|p1a: Big Mort\n|-activate|p1a: Big Mort|move: Protect\n|\n|-damage|p2a: CatchDeezHands|0 fnt|[from] Salt Cure\n|faint|p2a: CatchDeezHands\n|-end|p2a: CatchDeezHands|Quark Drive|[silent]\n|upkeep\n|\n|t:|1700689059\n|switch|p2a: Pengguinooo|Iron Bundle|100\/100\n|-enditem|p2a: Pengguinooo|Booster Energy\n|-activate|p2a: Pengguinooo|ability: Quark Drive|[fromitem]\n|-start|p2a: Pengguinooo|quarkdrivespa\n|turn|19\n|\n|t:|1700689069\n|move|p2a: Pengguinooo|Chilling Water|p1a: Big Mort\n|-supereffective|p1a: Big Mort\n|-damage|p1a: Big Mort|0 fnt\n|faint|p1a: Big Mort\n|\n|upkeep\n|\n|t:|1700689072\n|switch|p1a: +6|Hoopa-Unbound|100\/100\n|turn|20\n|\n|t:|1700689077\n|move|p2a: Pengguinooo|Hydro Pump|p1a: +6\n|-crit|p1a: +6\n|-damage|p1a: +6|42\/100\n|move|p1a: +6|Thunder Punch|p2a: Pengguinooo\n|-supereffective|p2a: Pengguinooo\n|-damage|p2a: Pengguinooo|15\/100\n|\n|upkeep\n|turn|21\n|\n|t:|1700689084\n|move|p2a: Pengguinooo|Hydro Pump|p1a: +6\n|-damage|p1a: +6|3\/100\n|move|p1a: +6|Drain Punch|p2a: Pengguinooo\n|-supereffective|p2a: Pengguinooo\n|-damage|p2a: Pengguinooo|0 fnt\n|-heal|p1a: +6|8\/100|[from] drain|[of] p2a: Pengguinooo\n|faint|p2a: Pengguinooo\n|-end|p2a: Pengguinooo|Quark Drive|[silent]\n|\n|upkeep\n|\n|t:|1700689093\n|switch|p2a: Da King|Kingambit, M, shiny|100\/100\n|-activate|p2a: Da King|ability: Supreme Overlord\n|-start|p2a: Da King|fallen3|[silent]\n|turn|22\n|\n|t:|1700689100\n|move|p2a: Da King|Sucker Punch|p1a: +6\n|-damage|p1a: +6|0 fnt\n|faint|p1a: +6\n|-damage|p2a: Da King|91\/100|[from] item: Life Orb\n|\n|win|Shigoo\n|l|\u2606GuzzLord197\n|j|\u2606GuzzLord197\n|player|p1|GuzzLord197|shadowtriad\n","uploadtime":1700689114,"views":2,"p1id":"guzzlord197","p2id":"shigoo","formatid":"gen9ubers","rating":0,"private":0,"password":""}