{"id":"gen9ubers-1986719814","p1":"lolgz","p2":"the tr4sh man","format":"[Gen 9] Ubers","log":"|j|\u2606lolgz\n|j|\u2606the tr4sh man\n|t:|1699513748\n|gametype|singles\n|player|p1|lolgz|169|\n|player|p2|the tr4sh man|xerosic|\n|teamsize|p1|6\n|teamsize|p2|6\n|gen|9\n|tier|[Gen 9] Ubers\n|rule|Sleep Clause Mod: Limit one foe put to sleep\n|rule|Species Clause: Limit one of each Pok\u00e9mon\n|rule|OHKO Clause: OHKO moves are banned\n|rule|Evasion Items Clause: Evasion items are banned\n|rule|Evasion Moves Clause: Evasion moves are banned\n|rule|Endless Battle Clause: Forcing endless battles is banned\n|rule|HP Percentage Mod: HP is shown in percentages\n|clearpoke\n|poke|p1|Palkia-Origin|\n|poke|p1|Zacian-*|\n|poke|p1|Cyclizar, F|\n|poke|p1|Urshifu-*, M|\n|poke|p1|Chi-Yu|\n|poke|p1|Gholdengo|\n|poke|p2|Dugtrio, F|\n|poke|p2|Gothitelle, F|\n|poke|p2|Weezing-Galar, M|\n|poke|p2|Zacian-*|\n|poke|p2|Arceus-Dark|\n|poke|p2|Palafin, F|\n|teampreview\n|inactive|Battle timer is ON: inactive players will automatically lose when time's up. (requested by lolgz)\n|\n|t:|1699513757\n|start\n|switch|p1a: Gholdengo|Gholdengo|100\/100\n|switch|p2a: Zacian|Zacian|100\/100\n|-ability|p2a: Zacian|Intrepid Sword|boost\n|-boost|p2a: Zacian|atk|1\n|-item|p1a: Gholdengo|Air Balloon\n|turn|1\n|\n|t:|1699513760\n|-terastallize|p2a: Zacian|Ground\n|move|p2a: Zacian|Play Rough|p1a: Gholdengo|[miss]\n|-miss|p2a: Zacian|p1a: Gholdengo\n|move|p1a: Gholdengo|Nasty Plot|p1a: Gholdengo\n|-boost|p1a: Gholdengo|spa|2\n|\n|upkeep\n|turn|2\n|\n|t:|1699513769\n|-terastallize|p1a: Gholdengo|Fairy\n|move|p2a: Zacian|Play Rough|p1a: Gholdengo\n|-damage|p1a: Gholdengo|57\/100\n|-enditem|p1a: Gholdengo|Air Balloon\n|move|p1a: Gholdengo|Shadow Ball|p2a: Zacian\n|-damage|p2a: Zacian|36\/100\n|\n|upkeep\n|turn|3\n|\n|t:|1699513778\n|move|p2a: Zacian|Play Rough|p1a: Gholdengo\n|-damage|p1a: Gholdengo|10\/100\n|move|p1a: Gholdengo|Recover|p1a: Gholdengo\n|-heal|p1a: Gholdengo|60\/100\n|\n|upkeep\n|turn|4\n|\n|t:|1699513783\n|switch|p2a: Gothitelle|Gothitelle, F|100\/100\n|move|p1a: Gholdengo|Recover|p1a: Gholdengo\n|-heal|p1a: Gholdengo|100\/100\n|\n|upkeep\n|turn|5\n|\n|t:|1699513787\n|switch|p2a: Palafin|Palafin, F|100\/100\n|move|p1a: Gholdengo|Shadow Ball|p2a: Palafin\n|-damage|p2a: Palafin|40\/100\n|\n|upkeep\n|turn|6\n|\n|t:|1699513790\n|detailschange|p2a: Palafin|Palafin-Hero, F\n|switch|p2a: Gothitelle|Gothitelle, F|100\/100\n|move|p1a: Gholdengo|Nasty Plot|p1a: Gholdengo\n|-boost|p1a: Gholdengo|spa|2\n|\n|upkeep\n|turn|7\n|\n|t:|1699513799\n|move|p2a: Gothitelle|Calm Mind|p2a: Gothitelle\n|-boost|p2a: Gothitelle|spa|1\n|-boost|p2a: Gothitelle|spd|1\n|move|p1a: Gholdengo|Shadow Ball|p2a: Gothitelle\n|-supereffective|p2a: Gothitelle\n|-damage|p2a: Gothitelle|0 fnt\n|faint|p2a: Gothitelle\n|\n|upkeep\n|\n|t:|1699513818\n|switch|p2a: Zacian|Zacian, tera:Ground|36\/100\n|turn|8\n|\n|t:|1699513821\n|move|p2a: Zacian|Tera Blast|p1a: Gholdengo|[anim] Tera Blast Ground\n|-damage|p1a: Gholdengo|76\/100\n|move|p1a: Gholdengo|Shadow Ball|p2a: Zacian\n|-damage|p2a: Zacian|0 fnt\n|faint|p2a: Zacian\n|\n|upkeep\n|\n|t:|1699513824\n|switch|p2a: Palafin|Palafin-Hero, F|40\/100\n|-activate|p2a: Palafin|ability: Zero to Hero\n|turn|9\n|\n|t:|1699513826\n|move|p2a: Palafin|Jet Punch|p1a: Gholdengo\n|-damage|p1a: Gholdengo|55\/100\n|move|p1a: Gholdengo|Shadow Ball|p2a: Palafin\n|-damage|p2a: Palafin|0 fnt\n|faint|p2a: Palafin\n|\n|upkeep\n|j| portobellomushroom\n|\n|t:|1699513829\n|switch|p2a: Arceus|Arceus-Dark|100\/100\n|turn|10\n|inactive|lolgz has 270 seconds left.\n|\n|t:|1699513863\n|move|p2a: Arceus|Calm Mind|p2a: Arceus\n|-boost|p2a: Arceus|spa|1\n|-boost|p2a: Arceus|spd|1\n|move|p1a: Gholdengo|Make It Rain|p2a: Arceus\n|-damage|p2a: Arceus|16\/100\n|-unboost|p1a: Gholdengo|spa|1\n|\n|upkeep\n|turn|11\n|\n|t:|1699513866\n|move|p2a: Arceus|Recover|p2a: Arceus\n|-heal|p2a: Arceus|66\/100\n|move|p1a: Gholdengo|Make It Rain|p2a: Arceus\n|-damage|p2a: Arceus|0 fnt\n|-unboost|p1a: Gholdengo|spa|1\n|faint|p2a: Arceus\n|\n|upkeep\n|\n|t:|1699513874\n|switch|p2a: Weezing|Weezing-Galar, M|100\/100\n|-ability|p2a: Weezing|Neutralizing Gas\n|turn|12\n|\n|t:|1699513890\n|move|p1a: Gholdengo|Make It Rain|p2a: Weezing\n|-supereffective|p2a: Weezing\n|-damage|p2a: Weezing|0 fnt\n|-unboost|p1a: Gholdengo|spa|1\n|faint|p2a: Weezing\n|-end|p2a: Weezing|ability: Neutralizing Gas\n|\n|upkeep\n|\n|t:|1699513892\n|switch|p2a: Dugtrio|Dugtrio, F|100\/100\n|turn|13\n|\n|t:|1699513896\n|move|p2a: Dugtrio|Hone Claws|p2a: Dugtrio\n|-boost|p2a: Dugtrio|atk|1\n|-boost|p2a: Dugtrio|accuracy|1\n|move|p1a: Gholdengo|Shadow Ball|p2a: Dugtrio\n|-enditem|p2a: Dugtrio|Focus Sash\n|-damage|p2a: Dugtrio|1\/100\n|-unboost|p2a: Dugtrio|spd|1\n|\n|upkeep\n|turn|14\n|\n|t:|1699513898\n|move|p2a: Dugtrio|Earthquake|p1a: Gholdengo\n|-damage|p1a: Gholdengo|9\/100\n|move|p1a: Gholdengo|Shadow Ball|p2a: Dugtrio\n|-damage|p2a: Dugtrio|0 fnt\n|faint|p2a: Dugtrio\n|\n|win|lolgz\n|c|\u2606the tr4sh man|gg\n|l|\u2606lolgz\n|l|\u2606the tr4sh man\n|l| portobellomushroom\n|j|\u2606the tr4sh man\n|player|p2|the tr4sh man|xerosic\n","uploadtime":1699514054,"views":5,"p1id":"lolgz","p2id":"thetr4shman","formatid":"gen9ubers","rating":0,"private":0,"password":""}