{"id":"gen9ubers-1977073038","p1":"Peashala","p2":"Electricratman","format":"[Gen 9] Ubers","log":"|j|\u2606Peashala\n|j|\u2606Electricratman\n|t:|1698368509\n|gametype|singles\n|player|p1|Peashala|alder|1116\n|player|p2|Electricratman|101|1058\n|teamsize|p1|6\n|teamsize|p2|6\n|gen|9\n|tier|[Gen 9] Ubers\n|rated|\n|rule|Sleep Clause Mod: Limit one foe put to sleep\n|rule|Species Clause: Limit one of each Pok\u00e9mon\n|rule|OHKO Clause: OHKO moves are banned\n|rule|Evasion Items Clause: Evasion items are banned\n|rule|Evasion Moves Clause: Evasion moves are banned\n|rule|Endless Battle Clause: Forcing endless battles is banned\n|rule|HP Percentage Mod: HP is shown in percentages\n|clearpoke\n|poke|p1|Tyranitar, M|\n|poke|p1|Garchomp, M|\n|poke|p1|Armarouge, M|\n|poke|p1|Scizor, F|\n|poke|p1|Flutter Mane|\n|poke|p1|Iron Hands|\n|poke|p2|Rillaboom, M|\n|poke|p2|Greninja-*, F|\n|poke|p2|Thundurus-Therian, M|\n|poke|p2|Hawlucha, F|\n|poke|p2|Politoed, F|\n|poke|p2|Magearna|\n|teampreview\n|\n|t:|1698368540\n|start\n|switch|p1a: Scizor|Scizor, F|100\/100\n|switch|p2a: Thundurus|Thundurus-Therian, M|100\/100\n|turn|1\n|\n|t:|1698368548\n|move|p2a: Thundurus|Volt Switch|p1a: Scizor\n|-damage|p1a: Scizor|7\/100\n|\n|t:|1698368554\n|switch|p2a: Rillaboom|Rillaboom, M|100\/100|[from] Volt Switch\n|-fieldstart|move: Grassy Terrain|[from] ability: Grassy Surge|[of] p2a: Rillaboom\n|move|p1a: Scizor|Swords Dance|p1a: Scizor\n|-boost|p1a: Scizor|atk|2\n|\n|-heal|p1a: Scizor|13\/100|[from] Grassy Terrain\n|upkeep\n|turn|2\n|\n|t:|1698368567\n|move|p2a: Rillaboom|Grassy Glide|p1a: Scizor\n|-resisted|p1a: Scizor\n|-damage|p1a: Scizor|3\/100\n|move|p1a: Scizor|Bullet Punch|p2a: Rillaboom\n|-damage|p2a: Rillaboom|36\/100\n|\n|-heal|p2a: Rillaboom|42\/100|[from] Grassy Terrain\n|-heal|p1a: Scizor|9\/100|[from] Grassy Terrain\n|upkeep\n|turn|3\n|\n|t:|1698368581\n|switch|p1a: Armarouge|Armarouge, M|100\/100\n|move|p2a: Rillaboom|Grassy Glide|p1a: Armarouge\n|-resisted|p1a: Armarouge\n|-damage|p1a: Armarouge|79\/100\n|-ability|p1a: Armarouge|Weak Armor|boost\n|-unboost|p1a: Armarouge|def|1\n|-boost|p1a: Armarouge|spe|2\n|\n|-heal|p1a: Armarouge|85\/100|[from] Grassy Terrain\n|-heal|p2a: Rillaboom|48\/100|[from] Grassy Terrain\n|upkeep\n|turn|4\n|\n|t:|1698368607\n|switch|p2a: Politoed|Politoed, F|100\/100\n|move|p1a: Armarouge|Armor Cannon|p2a: Politoed\n|-resisted|p2a: Politoed\n|-damage|p2a: Politoed|67\/100\n|-unboost|p1a: Armarouge|def|1\n|-unboost|p1a: Armarouge|spd|1\n|\n|-heal|p1a: Armarouge|92\/100|[from] Grassy Terrain\n|-heal|p2a: Politoed|73\/100|[from] Grassy Terrain\n|upkeep\n|turn|5\n|\n|t:|1698368625\n|-terastallize|p1a: Armarouge|Grass\n|move|p1a: Armarouge|Tera Blast|p2a: Politoed|[anim] Tera Blast Grass\n|-supereffective|p2a: Politoed\n|-enditem|p2a: Politoed|Rindo Berry|[eat]\n|-enditem|p2a: Politoed|Rindo Berry|[weaken]\n|-damage|p2a: Politoed|21\/100\n|move|p2a: Politoed|Surf|p1a: Armarouge\n|-resisted|p1a: Armarouge\n|-damage|p1a: Armarouge|66\/100\n|\n|-heal|p1a: Armarouge|72\/100|[from] Grassy Terrain\n|-heal|p2a: Politoed|27\/100|[from] Grassy Terrain\n|-fieldend|move: Grassy Terrain\n|upkeep\n|turn|6\n|\n|t:|1698368645\n|switch|p2a: Rillaboom|Rillaboom, M|48\/100\n|-fieldstart|move: Grassy Terrain|[from] ability: Grassy Surge|[of] p2a: Rillaboom\n|move|p1a: Armarouge|Tera Blast|p2a: Rillaboom|[anim] Tera Blast Grass\n|-resisted|p2a: Rillaboom\n|-damage|p2a: Rillaboom|21\/100\n|\n|-heal|p1a: Armarouge|78\/100|[from] Grassy Terrain\n|-heal|p2a: Rillaboom|27\/100|[from] Grassy Terrain\n|upkeep\n|turn|7\n|\n|t:|1698368660\n|move|p1a: Armarouge|Armor Cannon|p2a: Rillaboom\n|-supereffective|p2a: Rillaboom\n|-damage|p2a: Rillaboom|0 fnt\n|-unboost|p1a: Armarouge|def|1\n|-unboost|p1a: Armarouge|spd|1\n|faint|p2a: Rillaboom\n|\n|-heal|p1a: Armarouge|84\/100|[from] Grassy Terrain\n|upkeep\n|\n|t:|1698368675\n|switch|p2a: Hawlucha|Hawlucha, F|100\/100\n|-enditem|p2a: Hawlucha|Grassy Seed\n|-boost|p2a: Hawlucha|def|1|[from] item: Grassy Seed\n|turn|8\n|\n|t:|1698368707\n|move|p2a: Hawlucha|Acrobatics|p1a: Armarouge\n|-supereffective|p1a: Armarouge\n|-damage|p1a: Armarouge|0 fnt\n|faint|p1a: Armarouge\n|\n|upkeep\n|\n|t:|1698368718\n|switch|p1a: ST0niiY|Tyranitar, M|100\/100\n|-weather|Sandstorm|[from] ability: Sand Stream|[of] p1a: ST0niiY\n|turn|9\n|\n|t:|1698368735\n|-terastallize|p2a: Hawlucha|Fighting\n|move|p1a: ST0niiY|Protect|p1a: ST0niiY\n|-singleturn|p1a: ST0niiY|Protect\n|move|p2a: Hawlucha|Swords Dance|p2a: Hawlucha\n|-boost|p2a: Hawlucha|atk|2\n|\n|-weather|Sandstorm|[upkeep]\n|-damage|p2a: Hawlucha|94\/100|[from] Sandstorm\n|-heal|p2a: Hawlucha|100\/100|[from] Grassy Terrain\n|upkeep\n|turn|10\n|\n|t:|1698368750\n|move|p2a: Hawlucha|Drain Punch|p1a: ST0niiY\n|-supereffective|p1a: ST0niiY\n|-damage|p1a: ST0niiY|0 fnt\n|faint|p1a: ST0niiY\n|\n|-weather|Sandstorm|[upkeep]\n|-damage|p2a: Hawlucha|94\/100|[from] Sandstorm\n|-heal|p2a: Hawlucha|100\/100|[from] Grassy Terrain\n|-fieldend|move: Grassy Terrain\n|upkeep\n|\n|t:|1698368770\n|switch|p1a: Flutter Mane|Flutter Mane|100\/100\n|turn|11\n|\n|t:|1698368786\n|move|p2a: Hawlucha|Acrobatics|p1a: Flutter Mane\n|-enditem|p1a: Flutter Mane|Focus Sash\n|-damage|p1a: Flutter Mane|1\/100\n|move|p1a: Flutter Mane|Trick Room|p1a: Flutter Mane\n|-fieldstart|move: Trick Room|[of] p1a: Flutter Mane\n|\n|-weather|Sandstorm|[upkeep]\n|-damage|p1a: Flutter Mane|0 fnt|[from] Sandstorm\n|-damage|p2a: Hawlucha|94\/100|[from] Sandstorm\n|faint|p1a: Flutter Mane\n|-end|p1a: Flutter Mane|Protosynthesis|[silent]\n|upkeep\n|\n|t:|1698368797\n|switch|p1a: Garchomp|Garchomp, M|100\/100\n|turn|12\n|\n|t:|1698368802\n|move|p1a: Garchomp|Swords Dance|p1a: Garchomp\n|-boost|p1a: Garchomp|atk|2\n|move|p2a: Hawlucha|Swords Dance|p2a: Hawlucha\n|-boost|p2a: Hawlucha|atk|2\n|\n|-weather|Sandstorm|[upkeep]\n|-damage|p2a: Hawlucha|88\/100|[from] Sandstorm\n|upkeep\n|turn|13\n|\n|t:|1698368813\n|move|p1a: Garchomp|Poison Jab|p2a: Hawlucha\n|-damage|p2a: Hawlucha|15\/100\n|-damage|p1a: Garchomp|91\/100|[from] item: Life Orb\n|move|p2a: Hawlucha|Drain Punch|p1a: Garchomp\n|-damage|p1a: Garchomp|0 fnt\n|-heal|p2a: Hawlucha|70\/100|[from] drain|[of] p1a: Garchomp\n|faint|p1a: Garchomp\n|\n|-weather|none\n|upkeep\n|\n|t:|1698368825\n|switch|p1a: Scizor|Scizor, F|9\/100\n|turn|14\n|-message|Peashala forfeited.\n|\n|win|Electricratman\n|raw|Peashala's rating: 1116 &rarr; <strong>1087<\/strong><br \/>(-29 for losing)\n|raw|Electricratman's rating: 1058 &rarr; <strong>1094<\/strong><br \/>(+36 for winning)\n|l|\u2606Peashala\n","uploadtime":1698368849,"views":6,"p1id":"peashala","p2id":"electricratman","formatid":"gen9ubers","rating":1087,"private":0,"password":""}