{"id":"gen9ubers-2000532549","p1":"LuukTheGamer","p2":"yuramas","format":"[Gen 9] Ubers","log":"|j|\u2606LuukTheGamer\n|j|\u2606yuramas\n|t:|1701202860\n|gametype|singles\n|player|p1|LuukTheGamer|anabel|\n|player|p2|yuramas|169|\n|teamsize|p1|6\n|teamsize|p2|6\n|gen|9\n|tier|[Gen 9] Ubers\n|rule|Sleep Clause Mod: Limit one foe put to sleep\n|rule|Species Clause: Limit one of each Pok\u00e9mon\n|rule|OHKO Clause: OHKO moves are banned\n|rule|Evasion Items Clause: Evasion items are banned\n|rule|Evasion Moves Clause: Evasion moves are banned\n|rule|Endless Battle Clause: Forcing endless battles is banned\n|rule|HP Percentage Mod: HP is shown in percentages\n|clearpoke\n|poke|p1|Rillaboom, F|\n|poke|p1|Arceus-Fire|\n|poke|p1|Palafin, F|\n|poke|p1|Espathra, M|\n|poke|p1|Sneasler, F|\n|poke|p1|Dialga-Origin|\n|poke|p2|Dialga|\n|poke|p2|Ursaluna, M|\n|poke|p2|Magearna|\n|poke|p2|Landorus, M|\n|poke|p2|Zacian-*|\n|poke|p2|Arceus-Fire|\n|teampreview\n|inactive|Battle timer is ON: inactive players will automatically lose when time's up. (requested by LuukTheGamer)\n|\n|t:|1701202904\n|start\n|switch|p1a: Palafin|Palafin, F, shiny|100\/100\n|switch|p2a: Dialga|Dialga|100\/100\n|-ability|p2a: Dialga|Pressure\n|turn|1\n|\n|t:|1701202930\n|detailschange|p1a: Palafin|Palafin-Hero, F, shiny\n|switch|p1a: Dialga|Dialga-Origin|100\/100\n|-ability|p1a: Dialga|Pressure\n|move|p2a: Dialga|Trick Room|p2a: Dialga\n|-fieldstart|move: Trick Room|[of] p2a: Dialga\n|\n|upkeep\n|turn|2\n|\n|t:|1701202939\n|move|p2a: Dialga|Draco Meteor|p1a: Dialga\n|-damage|p1a: Dialga|49\/100\n|-unboost|p2a: Dialga|spa|2\n|-enditem|p2a: Dialga|Eject Pack\n|inactive|yuramas has 270 seconds left.\n|\n|t:|1701202974\n|switch|p2a: Ursaluna|Ursaluna, M|100\/100\n|move|p1a: Dialga|Stealth Rock|p2a: Ursaluna\n|-sidestart|p2: yuramas|move: Stealth Rock\n|\n|-status|p2a: Ursaluna|brn|[from] item: Flame Orb\n|upkeep\n|turn|3\n|inactive|yuramas has 270 seconds left.\n|inactive|LuukTheGamer has 270 seconds left.\n|\n|t:|1701203013\n|move|p2a: Ursaluna|Drain Punch|p1a: Dialga\n|-supereffective|p1a: Dialga\n|-damage|p1a: Dialga|0 fnt\n|faint|p1a: Dialga\n|\n|-damage|p2a: Ursaluna|94\/100 brn|[from] brn\n|upkeep\n|\n|t:|1701203034\n|switch|p1a: Palafin|Palafin-Hero, F, shiny|100\/100\n|-activate|p1a: Palafin|ability: Zero to Hero\n|turn|4\n|inactive|yuramas has 270 seconds left.\n|inactive|yuramas has 240 seconds left.\n|\n|t:|1701203092\n|switch|p2a: Dialga|Dialga|100\/100\n|-damage|p2a: Dialga|94\/100|[from] Stealth Rock\n|-ability|p2a: Dialga|Pressure\n|move|p1a: Palafin|Jet Punch|p2a: Dialga\n|-resisted|p2a: Dialga\n|-damage|p2a: Dialga|79\/100\n|\n|upkeep\n|turn|5\n|inactive|LuukTheGamer has 240 seconds left.\n|\n|t:|1701203108\n|move|p2a: Dialga|Draco Meteor|p1a: Palafin\n|-damage|p1a: Palafin|33\/100\n|-unboost|p2a: Dialga|spa|2\n|move|p1a: Palafin|Drain Punch|p2a: Dialga\n|-supereffective|p2a: Dialga\n|-damage|p2a: Dialga|29\/100\n|-heal|p1a: Palafin|58\/100|[from] drain|[of] p2a: Dialga\n|\n|-heal|p1a: Palafin|64\/100|[from] item: Leftovers\n|-fieldend|move: Trick Room\n|upkeep\n|turn|6\n|inactive|LuukTheGamer has 240 seconds left.\n|inactive|yuramas has 210 seconds left.\n|\n|t:|1701203129\n|switch|p2a: Magearna|Magearna|100\/100\n|-damage|p2a: Magearna|94\/100|[from] Stealth Rock\n|move|p1a: Palafin|Bulk Up|p1a: Palafin\n|-boost|p1a: Palafin|atk|1\n|-boost|p1a: Palafin|def|1\n|\n|-heal|p1a: Palafin|70\/100|[from] item: Leftovers\n|-heal|p2a: Magearna|100\/100|[from] item: Leftovers\n|upkeep\n|turn|7\n|inactive|LuukTheGamer has 240 seconds left.\n|\n|t:|1701203144\n|move|p1a: Palafin|Jet Punch|p2a: Magearna\n|-damage|p2a: Magearna|61\/100\n|move|p2a: Magearna|Trick Room|p2a: Magearna\n|-fieldstart|move: Trick Room|[of] p2a: Magearna\n|\n|-heal|p2a: Magearna|67\/100|[from] item: Leftovers\n|-heal|p1a: Palafin|76\/100|[from] item: Leftovers\n|upkeep\n|turn|8\n|inactive|LuukTheGamer has 240 seconds left.\n|\n|t:|1701203159\n|move|p2a: Magearna|Volt Switch|p1a: Palafin\n|-supereffective|p1a: Palafin\n|-damage|p1a: Palafin|41\/100\n|\n|t:|1701203166\n|switch|p2a: Dialga|Dialga|29\/100|[from] Volt Switch\n|-damage|p2a: Dialga|23\/100|[from] Stealth Rock\n|-ability|p2a: Dialga|Pressure\n|move|p1a: Palafin|Bulk Up|p1a: Palafin\n|-boost|p1a: Palafin|atk|1\n|-boost|p1a: Palafin|def|1\n|\n|-heal|p1a: Palafin|47\/100|[from] item: Leftovers\n|upkeep\n|turn|9\n|inactive|LuukTheGamer has 240 seconds left.\n|\n|t:|1701203172\n|move|p1a: Palafin|Jet Punch|p2a: Dialga\n|-resisted|p2a: Dialga\n|-damage|p2a: Dialga|0 fnt\n|faint|p2a: Dialga\n|\n|-heal|p1a: Palafin|53\/100|[from] item: Leftovers\n|upkeep\n|\n|t:|1701203180\n|switch|p2a: Landorus|Landorus, M|100\/100\n|-damage|p2a: Landorus|88\/100|[from] Stealth Rock\n|turn|10\n|\n|t:|1701203188\n|-terastallize|p2a: Landorus|Water\n|move|p1a: Palafin|Jet Punch|p2a: Landorus\n|-resisted|p2a: Landorus\n|-damage|p2a: Landorus|50\/100\n|move|p2a: Landorus|Earth Power|p1a: Palafin\n|-damage|p1a: Palafin|0 fnt\n|faint|p1a: Palafin\n|\n|upkeep\n|\n|t:|1701203195\n|switch|p1a: Rillaboom|Rillaboom, F, shiny|100\/100\n|-fieldstart|move: Grassy Terrain|[from] ability: Grassy Surge|[of] p1a: Rillaboom\n|turn|11\n|\n|t:|1701203210\n|switch|p2a: Magearna|Magearna|67\/100\n|-damage|p2a: Magearna|61\/100|[from] Stealth Rock\n|move|p1a: Rillaboom|U-turn|p2a: Magearna\n|-resisted|p2a: Magearna\n|-damage|p2a: Magearna|55\/100\n|\n|t:|1701203219\n|switch|p1a: Arceus|Arceus-Fire|100\/100|[from] U-turn\n|\n|-heal|p2a: Magearna|61\/100|[from] Grassy Terrain\n|-heal|p2a: Magearna|67\/100|[from] item: Leftovers\n|-fieldend|move: Trick Room\n|upkeep\n|turn|12\n|inactive|yuramas has 240 seconds left.\n|inactive|yuramas has 210 seconds left.\n|\n|t:|1701203285\n|switch|p2a: Arceus|Arceus-Fire|100\/100\n|-damage|p2a: Arceus|76\/100|[from] Stealth Rock\n|move|p1a: Arceus|Flare Blitz|p2a: Arceus\n|-resisted|p2a: Arceus\n|-damage|p2a: Arceus|50\/100\n|-damage|p1a: Arceus|92\/100|[from] Recoil\n|\n|-heal|p1a: Arceus|98\/100|[from] Grassy Terrain\n|-heal|p2a: Arceus|57\/100|[from] Grassy Terrain\n|upkeep\n|turn|13\n|\n|t:|1701203297\n|move|p1a: Arceus|Taunt|p2a: Arceus\n|-start|p2a: Arceus|move: Taunt\n|cant|p2a: Arceus|move: Taunt|Dragon Dance\n|\n|-heal|p1a: Arceus|100\/100|[from] Grassy Terrain\n|-heal|p2a: Arceus|63\/100|[from] Grassy Terrain\n|upkeep\n|turn|14\n|\n|t:|1701203309\n|move|p2a: Arceus|Extreme Speed|p1a: Arceus\n|-crit|p1a: Arceus\n|-damage|p1a: Arceus|65\/100\n|move|p1a: Arceus|Dragon Dance|p1a: Arceus\n|-boost|p1a: Arceus|atk|1\n|-boost|p1a: Arceus|spe|1\n|\n|-heal|p1a: Arceus|71\/100|[from] Grassy Terrain\n|-heal|p2a: Arceus|69\/100|[from] Grassy Terrain\n|upkeep\n|turn|15\n|inactive|yuramas has 210 seconds left.\n|inactive|LuukTheGamer has 240 seconds left.\n|\n|t:|1701203342\n|move|p1a: Arceus|Dragon Dance|p1a: Arceus\n|-boost|p1a: Arceus|atk|1\n|-boost|p1a: Arceus|spe|1\n|move|p2a: Arceus|Earthquake|p1a: Arceus\n|-supereffective|p1a: Arceus\n|-damage|p1a: Arceus|44\/100\n|\n|-heal|p1a: Arceus|50\/100|[from] Grassy Terrain\n|-heal|p2a: Arceus|75\/100|[from] Grassy Terrain\n|-end|p2a: Arceus|move: Taunt\n|-fieldend|move: Grassy Terrain\n|upkeep\n|turn|16\n|inactive|LuukTheGamer has 240 seconds left.\n|\n|t:|1701203353\n|move|p1a: Arceus|Extreme Speed|p2a: Arceus\n|-damage|p2a: Arceus|36\/100\n|move|p2a: Arceus|Extreme Speed|p1a: Arceus\n|-damage|p1a: Arceus|29\/100\n|\n|upkeep\n|turn|17\n|inactive|yuramas has 180 seconds left.\n|inactive|yuramas has 150 seconds left.\n|\n|t:|1701203409\n|move|p1a: Arceus|Extreme Speed|p2a: Arceus\n|-damage|p2a: Arceus|0 fnt\n|faint|p2a: Arceus\n|\n|upkeep\n|inactive|yuramas has 150 seconds left.\n|\n|t:|1701203420\n|switch|p2a: Zacian|Zacian|100\/100\n|-damage|p2a: Zacian|88\/100|[from] Stealth Rock\n|-ability|p2a: Zacian|Intrepid Sword|boost\n|-boost|p2a: Zacian|atk|1\n|turn|18\n|inactive|yuramas has 150 seconds left.\n|inactive|LuukTheGamer has 240 seconds left.\n|\n|t:|1701203443\n|move|p1a: Arceus|Extreme Speed|p2a: Zacian\n|-damage|p2a: Zacian|36\/100\n|move|p2a: Zacian|Play Rough|p1a: Arceus\n|-resisted|p1a: Arceus\n|-damage|p1a: Arceus|0 fnt\n|faint|p1a: Arceus\n|\n|upkeep\n|inactive|LuukTheGamer has 240 seconds left.\n|\n|t:|1701203449\n|switch|p1a: Rillaboom|Rillaboom, F, shiny|100\/100\n|-fieldstart|move: Grassy Terrain|[from] ability: Grassy Surge|[of] p1a: Rillaboom\n|turn|19\n|inactive|LuukTheGamer has 240 seconds left.\n|\n|t:|1701203461\n|move|p1a: Rillaboom|Grassy Glide|p2a: Zacian\n|-damage|p2a: Zacian|0 fnt\n|faint|p2a: Zacian\n|\n|upkeep\n|\n|t:|1701203464\n|switch|p2a: Magearna|Magearna|67\/100\n|-damage|p2a: Magearna|61\/100|[from] Stealth Rock\n|turn|20\n|inactive|LuukTheGamer has 240 seconds left.\n|\n|t:|1701203485\n|move|p1a: Rillaboom|Grassy Glide|p2a: Magearna\n|-resisted|p2a: Magearna\n|-damage|p2a: Magearna|41\/100\n|move|p2a: Magearna|Trick Room|p2a: Magearna\n|-fieldstart|move: Trick Room|[of] p2a: Magearna\n|\n|-heal|p2a: Magearna|47\/100|[from] Grassy Terrain\n|-heal|p2a: Magearna|53\/100|[from] item: Leftovers\n|upkeep\n|turn|21\n|inactive|LuukTheGamer has 240 seconds left.\n|inactive|yuramas has 180 seconds left.\n|\n|t:|1701203494\n|move|p1a: Rillaboom|Grassy Glide|p2a: Magearna\n|-resisted|p2a: Magearna\n|-damage|p2a: Magearna|34\/100\n|move|p2a: Magearna|Volt Switch|p1a: Rillaboom\n|-resisted|p1a: Rillaboom\n|-damage|p1a: Rillaboom|86\/100\n|inactive|yuramas has 180 seconds left.\n|\n|t:|1701203501\n|switch|p2a: Ursaluna|Ursaluna, M|94\/100 brn|[from] Volt Switch\n|-damage|p2a: Ursaluna|88\/100 brn|[from] Stealth Rock\n|\n|-heal|p2a: Ursaluna|94\/100 brn|[from] Grassy Terrain\n|-heal|p1a: Rillaboom|92\/100|[from] Grassy Terrain\n|-damage|p2a: Ursaluna|88\/100 brn|[from] brn\n|upkeep\n|turn|22\n|\n|t:|1701203507\n|-terastallize|p1a: Rillaboom|Grass\n|move|p1a: Rillaboom|Grassy Glide|p2a: Ursaluna\n|-supereffective|p2a: Ursaluna\n|-damage|p2a: Ursaluna|0 fnt\n|faint|p2a: Ursaluna\n|\n|-heal|p1a: Rillaboom|98\/100|[from] Grassy Terrain\n|upkeep\n|\n|t:|1701203512\n|switch|p2a: Magearna|Magearna|34\/100\n|-damage|p2a: Magearna|28\/100|[from] Stealth Rock\n|turn|23\n|\n|t:|1701203518\n|move|p1a: Rillaboom|Grassy Glide|p2a: Magearna\n|-resisted|p2a: Magearna\n|-crit|p2a: Magearna\n|-damage|p2a: Magearna|0 fnt\n|faint|p2a: Magearna\n|\n|-heal|p1a: Rillaboom|100\/100|[from] Grassy Terrain\n|-fieldend|move: Grassy Terrain\n|upkeep\n|\n|t:|1701203521\n|switch|p2a: Landorus|Landorus, M, tera:Water|50\/100\n|-damage|p2a: Landorus|38\/100|[from] Stealth Rock\n|turn|24\n|\n|t:|1701203529\n|switch|p1a: Espathra|Espathra, M|100\/100\n|move|p2a: Landorus|Sludge Bomb|p1a: Espathra\n|-damage|p1a: Espathra|32\/100\n|\n|-fieldend|move: Trick Room\n|upkeep\n|turn|25\n|c|\u2606yuramas|gg\n|inactive|LuukTheGamer has 270 seconds left.\n|\n|t:|1701203546\n|move|p1a: Espathra|Dazzling Gleam|p2a: Landorus\n|-damage|p2a: Landorus|18\/100\n|move|p2a: Landorus|Sludge Bomb|p1a: Espathra\n|-damage|p1a: Espathra|0 fnt\n|faint|p1a: Espathra\n|\n|upkeep\n|\n|t:|1701203550\n|switch|p1a: Rillaboom|Rillaboom, F, shiny, tera:Grass|100\/100\n|-fieldstart|move: Grassy Terrain|[from] ability: Grassy Surge|[of] p1a: Rillaboom\n|turn|26\n|c|\u2606LuukTheGamer|gg\n|-message|yuramas forfeited.\n|\n|win|LuukTheGamer\n","uploadtime":1701203560,"views":10,"p1id":"luukthegamer","p2id":"yuramas","formatid":"gen9ubers","rating":0,"private":0,"password":""}