{"id":"gen9ubers-1982873025","p1":"GodzillaP","p2":"Boooooobbeh","format":"[Gen 9] Ubers","log":"|j|\u2606GodzillaP\n|j|\u2606Boooooobbeh\n|t:|1699053544\n|gametype|singles\n|player|p1|GodzillaP|hilbert|1050\n|player|p2|Boooooobbeh|li|1040\n|teamsize|p1|6\n|teamsize|p2|6\n|gen|9\n|tier|[Gen 9] Ubers\n|rated|\n|rule|Sleep Clause Mod: Limit one foe put to sleep\n|rule|Species Clause: Limit one of each Pok\u00e9mon\n|rule|OHKO Clause: OHKO moves are banned\n|rule|Evasion Items Clause: Evasion items are banned\n|rule|Evasion Moves Clause: Evasion moves are banned\n|rule|Endless Battle Clause: Forcing endless battles is banned\n|rule|HP Percentage Mod: HP is shown in percentages\n|clearpoke\n|poke|p1|Slaking, M|\n|poke|p1|Zangoose, M|\n|poke|p1|Phione|\n|poke|p1|Talonflame, M|\n|poke|p1|Rillaboom, M|\n|poke|p1|Volbeat, M|\n|poke|p2|Kilowattrel, M|\n|poke|p2|Annihilape, M|\n|poke|p2|Ursaluna-Bloodmoon, M|\n|poke|p2|Greninja-*, M|\n|poke|p2|Roaring Moon|\n|poke|p2|Magearna|\n|teampreview\n|\n|t:|1699053551\n|start\n|switch|p1a: Volbeat|Volbeat, M|100\/100\n|switch|p2a: Smoogle|Kilowattrel, M|100\/100\n|turn|1\n|\n|t:|1699053558\n|-terastallize|p1a: Volbeat|Ground\n|move|p1a: Volbeat|Rain Dance|p1a: Volbeat\n|-weather|RainDance\n|move|p2a: Smoogle|Tailwind|p2a: Smoogle\n|-sidestart|p2: Boooooobbeh|move: Tailwind\n|-start|p2a: Smoogle|Charge|Tailwind|[from] ability: Wind Power\n|\n|-weather|RainDance|[upkeep]\n|upkeep\n|turn|2\n|inactive|Battle timer is ON: inactive players will automatically lose when time's up. (requested by GodzillaP)\n|\n|t:|1699053578\n|move|p1a: Volbeat|Encore|p2a: Smoogle\n|-start|p2a: Smoogle|Encore\n|move|p2a: Smoogle|Tailwind||[still]\n|-fail|p2a: Smoogle\n|\n|-weather|RainDance|[upkeep]\n|upkeep\n|turn|3\n|\n|t:|1699053598\n|switch|p2a: Po|Greninja, M|100\/100\n|move|p1a: Volbeat|U-turn|p2a: Po\n|-supereffective|p2a: Po\n|-damage|p2a: Po|43\/100\n|\n|t:|1699053604\n|switch|p1a: Rillaboom|Rillaboom, M|100\/100|[from] U-turn\n|-fieldstart|move: Grassy Terrain|[from] ability: Grassy Surge|[of] p1a: Rillaboom\n|\n|-weather|RainDance|[upkeep]\n|-heal|p2a: Po|49\/100|[from] Grassy Terrain\n|upkeep\n|turn|4\n|\n|t:|1699053628\n|switch|p2a: Jambalaya|Roaring Moon|100\/100\n|-enditem|p2a: Jambalaya|Booster Energy\n|-activate|p2a: Jambalaya|ability: Protosynthesis|[fromitem]\n|-start|p2a: Jambalaya|protosynthesisatk\n|move|p1a: Rillaboom|Grassy Glide|p2a: Jambalaya\n|-resisted|p2a: Jambalaya\n|-damage|p2a: Jambalaya|68\/100\n|-damage|p1a: Rillaboom|91\/100|[from] item: Life Orb\n|\n|-weather|RainDance|[upkeep]\n|-heal|p2a: Jambalaya|74\/100|[from] Grassy Terrain\n|-heal|p1a: Rillaboom|97\/100|[from] Grassy Terrain\n|-sideend|p2: Boooooobbeh|move: Tailwind\n|upkeep\n|turn|5\n|inactive|GodzillaP has 120 seconds left.\n|inactive|GodzillaP has 90 seconds left.\n|\n|t:|1699053693\n|move|p2a: Jambalaya|Dragon Dance|p2a: Jambalaya\n|-boost|p2a: Jambalaya|atk|1\n|-boost|p2a: Jambalaya|spe|1\n|move|p1a: Rillaboom|U-turn|p2a: Jambalaya\n|-supereffective|p2a: Jambalaya\n|-damage|p2a: Jambalaya|0 fnt\n|faint|p2a: Jambalaya\n|-end|p2a: Jambalaya|Protosynthesis|[silent]\n|-damage|p1a: Rillaboom|87\/100|[from] item: Life Orb\n|\n|t:|1699053700\n|switch|p1a: Phione|Phione|100\/100|[from] U-turn\n|\n|-weather|RainDance|[upkeep]\n|upkeep\n|\n|t:|1699053709\n|switch|p2a: Smoogle|Kilowattrel, M|100\/100\n|turn|6\n|inactive|GodzillaP has 90 seconds left.\n|\n|t:|1699053723\n|switch|p1a: Volbeat|Volbeat, M, tera:Ground|100\/100\n|move|p2a: Smoogle|Thunderbolt|p1a: Volbeat\n|-immune|p1a: Volbeat\n|\n|-weather|RainDance|[upkeep]\n|upkeep\n|turn|7\n|\n|t:|1699053737\n|move|p1a: Volbeat|Thunder Wave|p2a: Smoogle\n|-immune|p2a: Smoogle\n|move|p2a: Smoogle|Hurricane|p1a: Volbeat\n|-damage|p1a: Volbeat|50\/100\n|\n|-weather|RainDance|[upkeep]\n|-heal|p1a: Volbeat|56\/100|[from] Grassy Terrain\n|-fieldend|move: Grassy Terrain\n|upkeep\n|turn|8\n|\n|t:|1699053748\n|move|p2a: Smoogle|Hurricane|p1a: Volbeat\n|-damage|p1a: Volbeat|7\/100\n|move|p1a: Volbeat|U-turn|p2a: Smoogle\n|-resisted|p2a: Smoogle\n|-damage|p2a: Smoogle|83\/100\n|inactive|GodzillaP has 90 seconds left.\n|\n|t:|1699053761\n|switch|p1a: Slaking|Slaking, M|100\/100|[from] U-turn\n|\n|-weather|none\n|upkeep\n|turn|9\n|\n|t:|1699053766\n|move|p2a: Smoogle|Tailwind|p2a: Smoogle\n|-sidestart|p2: Boooooobbeh|move: Tailwind\n|-start|p2a: Smoogle|Charge|Tailwind|[from] ability: Wind Power\n|move|p1a: Slaking|Giga Impact|p2a: Smoogle\n|-damage|p2a: Smoogle|0 fnt\n|-mustrecharge|p1a: Slaking\n|faint|p2a: Smoogle\n|\n|upkeep\n|\n|t:|1699053774\n|switch|p2a: Gobledygoob|Annihilape, M|100\/100\n|turn|10\n|\n|t:|1699053780\n|move|p2a: Gobledygoob|Bulk Up|p2a: Gobledygoob\n|-boost|p2a: Gobledygoob|atk|1\n|-boost|p2a: Gobledygoob|def|1\n|cant|p1a: Slaking|recharge\n|\n|upkeep\n|turn|11\n|inactive|GodzillaP has 120 seconds left.\n|\n|t:|1699053787\n|move|p2a: Gobledygoob|Drain Punch|p1a: Slaking\n|-supereffective|p1a: Slaking\n|-damage|p1a: Slaking|10\/100\n|move|p1a: Slaking|Earthquake|p2a: Gobledygoob\n|-damage|p2a: Gobledygoob|71\/100\n|\n|-heal|p2a: Gobledygoob|77\/100|[from] item: Leftovers\n|-heal|p1a: Slaking|16\/100|[from] item: Leftovers\n|upkeep\n|turn|12\n|\n|t:|1699053796\n|move|p2a: Gobledygoob|Drain Punch|p1a: Slaking\n|-supereffective|p1a: Slaking\n|-damage|p1a: Slaking|0 fnt\n|-heal|p2a: Gobledygoob|85\/100|[from] drain|[of] p1a: Slaking\n|faint|p1a: Slaking\n|\n|-heal|p2a: Gobledygoob|91\/100|[from] item: Leftovers\n|-sideend|p2: Boooooobbeh|move: Tailwind\n|upkeep\n|inactive|GodzillaP has 120 seconds left.\n|\n|t:|1699053808\n|switch|p1a: Volbeat|Volbeat, M, tera:Ground|7\/100\n|turn|13\n|\n|t:|1699053813\n|move|p1a: Volbeat|Rain Dance|p1a: Volbeat\n|-weather|RainDance\n|move|p2a: Gobledygoob|Rage Fist|p1a: Volbeat\n|-damage|p1a: Volbeat|0 fnt\n|faint|p1a: Volbeat\n|\n|-weather|RainDance|[upkeep]\n|-heal|p2a: Gobledygoob|97\/100|[from] item: Leftovers\n|upkeep\n|\n|t:|1699053818\n|switch|p1a: Phione|Phione|100\/100\n|turn|14\n|\n|t:|1699053823\n|move|p2a: Gobledygoob|Rage Fist|p1a: Phione\n|-damage|p1a: Phione|31\/100\n|move|p1a: Phione|Take Heart|p1a: Phione\n|-boost|p1a: Phione|spa|1\n|-boost|p1a: Phione|spd|1\n|\n|-weather|RainDance|[upkeep]\n|-heal|p2a: Gobledygoob|100\/100|[from] item: Leftovers\n|-heal|p1a: Phione|37\/100|[from] item: Leftovers\n|upkeep\n|turn|15\n|\n|t:|1699053832\n|move|p2a: Gobledygoob|Rage Fist|p1a: Phione\n|-damage|p1a: Phione|0 fnt\n|faint|p1a: Phione\n|\n|-weather|RainDance|[upkeep]\n|upkeep\n|\n|t:|1699053840\n|switch|p1a: Zangoose|Zangoose, M|100\/100\n|turn|16\n|\n|t:|1699053846\n|move|p1a: Zangoose|Swords Dance|p1a: Zangoose\n|-boost|p1a: Zangoose|atk|2\n|move|p2a: Gobledygoob|Drain Punch|p1a: Zangoose\n|-supereffective|p1a: Zangoose\n|-damage|p1a: Zangoose|0 fnt\n|faint|p1a: Zangoose\n|\n|-weather|RainDance|[upkeep]\n|upkeep\n|\n|t:|1699053853\n|switch|p1a: Talonflame|Talonflame, M|100\/100\n|turn|17\n|\n|t:|1699053861\n|-terastallize|p2a: Gobledygoob|Steel\n|move|p1a: Talonflame|Brave Bird|p2a: Gobledygoob\n|-resisted|p2a: Gobledygoob\n|-damage|p2a: Gobledygoob|83\/100\n|-damage|p1a: Talonflame|92\/100|[from] Recoil\n|-damage|p1a: Talonflame|83\/100|[from] item: Life Orb\n|move|p2a: Gobledygoob|Rage Fist|p1a: Talonflame\n|-damage|p1a: Talonflame|0 fnt\n|faint|p1a: Talonflame\n|\n|-weather|RainDance|[upkeep]\n|-heal|p2a: Gobledygoob|89\/100|[from] item: Leftovers\n|upkeep\n|\n|t:|1699053868\n|switch|p1a: Rillaboom|Rillaboom, M|87\/100\n|-fieldstart|move: Grassy Terrain|[from] ability: Grassy Surge|[of] p1a: Rillaboom\n|turn|18\n|\n|t:|1699053876\n|move|p1a: Rillaboom|Drain Punch|p2a: Gobledygoob\n|-supereffective|p2a: Gobledygoob\n|-damage|p2a: Gobledygoob|50\/100\n|-heal|p1a: Rillaboom|100\/100|[from] drain|[of] p2a: Gobledygoob\n|-damage|p1a: Rillaboom|91\/100|[from] item: Life Orb\n|move|p2a: Gobledygoob|Rage Fist|p1a: Rillaboom\n|-damage|p1a: Rillaboom|0 fnt\n|faint|p1a: Rillaboom\n|\n|win|Boooooobbeh\n|raw|GodzillaP's rating: 1050 &rarr; <strong>1032<\/strong><br \/>(-18 for losing)\n|raw|Boooooobbeh's rating: 1040 &rarr; <strong>1075<\/strong><br \/>(+35 for winning)\n|l|\u2606GodzillaP\n","uploadtime":1699053935,"views":17,"p1id":"godzillap","p2id":"boooooobbeh","formatid":"gen9ubers","rating":1032,"private":0,"password":""}