{"id":"gen9ubers-1985864775","p1":"Cat Tears WIP","p2":"rowaban","format":"[Gen 9] Ubers","log":"|j|\u2606Cat Tears WIP\n|j|\u2606rowaban\n|t:|1699414824\n|gametype|singles\n|player|p1|Cat Tears WIP|2|\n|player|p2|rowaban|will|\n|teamsize|p1|6\n|teamsize|p2|6\n|gen|9\n|tier|[Gen 9] Ubers\n|rule|Sleep Clause Mod: Limit one foe put to sleep\n|rule|Species Clause: Limit one of each Pok\u00e9mon\n|rule|OHKO Clause: OHKO moves are banned\n|rule|Evasion Items Clause: Evasion items are banned\n|rule|Evasion Moves Clause: Evasion moves are banned\n|rule|Endless Battle Clause: Forcing endless battles is banned\n|rule|HP Percentage Mod: HP is shown in percentages\n|clearpoke\n|poke|p1|Politoed, F|\n|poke|p1|Ludicolo, M|\n|poke|p1|Goodra-Hisui, M|\n|poke|p1|Overqwil, F|\n|poke|p1|Roaring Moon|\n|poke|p1|Shroodle, F|\n|poke|p2|Iron Bundle|\n|poke|p2|Quagsire, F|\n|poke|p2|Enamorus, F|\n|poke|p2|Squawkabilly, F|\n|poke|p2|Garchomp, M|\n|poke|p2|Glimmora, M|\n|teampreview\n|inactive|Battle timer is ON: inactive players will automatically lose when time's up. (requested by rowaban)\n|\n|t:|1699414844\n|start\n|switch|p1a: Overqwil|Overqwil, F|100\/100\n|switch|p2a: bird up|Squawkabilly, F|100\/100\n|-ability|p1a: Overqwil|Intimidate|boost\n|-unboost|p2a: bird up|atk|1\n|turn|1\n|\n|t:|1699414853\n|move|p2a: bird up|U-turn|p1a: Overqwil\n|-damage|p1a: Overqwil|82\/100\n|\n|t:|1699414859\n|switch|p2a: phrogge|Quagsire, F, shiny|100\/100|[from] U-turn\n|move|p1a: Overqwil|Toxic Spikes|p2a: phrogge\n|-sidestart|p2: rowaban|move: Toxic Spikes\n|\n|-heal|p1a: Overqwil|88\/100|[from] item: Leftovers\n|upkeep\n|turn|2\n|\n|t:|1699414870\n|move|p1a: Overqwil|Protect|p1a: Overqwil\n|-singleturn|p1a: Overqwil|Protect\n|move|p2a: phrogge|Earthquake|p1a: Overqwil\n|-activate|p1a: Overqwil|move: Protect\n|\n|-heal|p1a: Overqwil|94\/100|[from] item: Leftovers\n|upkeep\n|turn|3\n|inactive|rowaban has 270 seconds left.\n|\n|t:|1699414909\n|switch|p1a: Politoed|Politoed, F|100\/100\n|-weather|RainDance|[from] ability: Drizzle|[of] p1a: Politoed\n|switch|p2a: bird up|Squawkabilly, F|100\/100\n|\n|-weather|RainDance|[upkeep]\n|upkeep\n|turn|4\n|inactive|rowaban has 270 seconds left.\n|\n|t:|1699414925\n|move|p2a: bird up|U-turn|p1a: Politoed|[miss]\n|-miss|p2a: bird up|p1a: Politoed\n|move|p1a: Politoed|Ice Beam|p2a: bird up\n|-supereffective|p2a: bird up\n|-damage|p2a: bird up|6\/100\n|\n|-weather|RainDance|[upkeep]\n|upkeep\n|turn|5\n|\n|t:|1699414946\n|switch|p1a: Overqwil|Overqwil, F|94\/100\n|-ability|p1a: Overqwil|Intimidate|boost\n|-unboost|p2a: bird up|atk|1\n|move|p2a: bird up|U-turn|p1a: Overqwil\n|-damage|p1a: Overqwil|76\/100\n|inactive|rowaban has 270 seconds left.\n|\n|t:|1699414960\n|switch|p2a: mf bulb|Glimmora, M|100\/100|[from] U-turn\n|-sideend|p2: rowaban|move: Toxic Spikes|[of] p2a: mf bulb\n|\n|-weather|RainDance|[upkeep]\n|-heal|p1a: Overqwil|82\/100|[from] item: Leftovers\n|upkeep\n|turn|6\n|\n|t:|1699414968\n|move|p1a: Overqwil|Aqua Jet|p2a: mf bulb\n|-supereffective|p2a: mf bulb\n|-crit|p2a: mf bulb\n|-damage|p2a: mf bulb|47\/100\n|-activate|p2a: mf bulb|ability: Toxic Debris\n|-sidestart|p1: Cat Tears WIP|move: Toxic Spikes\n|move|p2a: mf bulb|Power Gem|p1a: Overqwil\n|-damage|p1a: Overqwil|42\/100\n|\n|-weather|RainDance|[upkeep]\n|-heal|p1a: Overqwil|48\/100|[from] item: Leftovers\n|upkeep\n|turn|7\n|\n|t:|1699414981\n|move|p1a: Overqwil|Aqua Jet|p2a: mf bulb\n|-supereffective|p2a: mf bulb\n|-damage|p2a: mf bulb|12\/100\n|-activate|p2a: mf bulb|ability: Toxic Debris\n|-sidestart|p1: Cat Tears WIP|move: Toxic Spikes\n|move|p2a: mf bulb|Power Gem|p1a: Overqwil\n|-damage|p1a: Overqwil|3\/100\n|\n|-weather|RainDance|[upkeep]\n|-heal|p1a: Overqwil|10\/100|[from] item: Leftovers\n|upkeep\n|turn|8\n|inactive|rowaban has 270 seconds left.\n|\n|t:|1699415002\n|switch|p2a: phrogge|Quagsire, F, shiny|100\/100\n|move|p1a: Overqwil|Aqua Jet|p2a: phrogge\n|-damage|p2a: phrogge|90\/100\n|\n|-weather|RainDance|[upkeep]\n|-heal|p1a: Overqwil|16\/100|[from] item: Leftovers\n|-heal|p2a: phrogge|96\/100|[from] item: Leftovers\n|upkeep\n|turn|9\n|inactive|rowaban has 270 seconds left.\n|\n|t:|1699415015\n|switch|p2a: captain planet|Enamorus, F|100\/100\n|move|p1a: Overqwil|Protect||[still]\n|-fail|p1a: Overqwil\n|\n|-weather|RainDance|[upkeep]\n|-heal|p1a: Overqwil|22\/100|[from] item: Leftovers\n|upkeep\n|turn|10\n|inactive|rowaban has 270 seconds left.\n|j| BoredAddict\n|\n|t:|1699415036\n|move|p1a: Overqwil|Protect|p1a: Overqwil\n|-singleturn|p1a: Overqwil|Protect\n|move|p2a: captain planet|Moonblast|p1a: Overqwil\n|-activate|p1a: Overqwil|move: Protect\n|\n|-weather|none\n|-heal|p1a: Overqwil|28\/100|[from] item: Leftovers\n|upkeep\n|turn|11\n|inactive|rowaban has 270 seconds left.\n|\n|t:|1699415045\n|switch|p1a: Shroodle|Shroodle, F|100\/100\n|-sideend|p1: Cat Tears WIP|move: Toxic Spikes|[of] p1a: Shroodle\n|move|p2a: captain planet|Calm Mind|p2a: captain planet\n|-boost|p2a: captain planet|spa|1\n|-boost|p2a: captain planet|spd|1\n|\n|upkeep\n|turn|12\n|\n|t:|1699415052\n|move|p1a: Shroodle|Encore|p2a: captain planet\n|-start|p2a: captain planet|Encore\n|move|p2a: captain planet|Calm Mind|p2a: captain planet\n|-boost|p2a: captain planet|spa|1\n|-boost|p2a: captain planet|spd|1\n|\n|upkeep\n|turn|13\n|\n|t:|1699415063\n|switch|p2a: mf bulb|Glimmora, M|12\/100\n|move|p1a: Shroodle|Rain Dance|p1a: Shroodle\n|-weather|RainDance\n|\n|-weather|RainDance|[upkeep]\n|upkeep\n|turn|14\n|\n|t:|1699415073\n|move|p1a: Shroodle|Parting Shot|p2a: mf bulb\n|-unboost|p2a: mf bulb|atk|1\n|-unboost|p2a: mf bulb|spa|1\n|\n|t:|1699415081\n|switch|p1a: Ludicolo|Ludicolo, M|100\/100|[from] Parting Shot\n|move|p2a: mf bulb|Power Gem|p1a: Ludicolo\n|-damage|p1a: Ludicolo|78\/100\n|\n|-weather|RainDance|[upkeep]\n|upkeep\n|turn|15\n|\n|t:|1699415088\n|move|p1a: Ludicolo|Giga Drain|p2a: mf bulb\n|-damage|p2a: mf bulb|0 fnt\n|-heal|p1a: Ludicolo|84\/100|[from] drain|[of] p2a: mf bulb\n|faint|p2a: mf bulb\n|\n|-weather|RainDance|[upkeep]\n|upkeep\n|inactive|rowaban has 270 seconds left.\n|\n|t:|1699415130\n|switch|p2a: captain planet|Enamorus, F|100\/100\n|turn|16\n|\n|t:|1699415135\n|move|p1a: Ludicolo|Ice Beam|p2a: captain planet\n|-supereffective|p2a: captain planet\n|-damage|p2a: captain planet|26\/100\n|move|p2a: captain planet|Moonblast|p1a: Ludicolo\n|-damage|p1a: Ludicolo|48\/100\n|-unboost|p1a: Ludicolo|spa|1\n|\n|-weather|RainDance|[upkeep]\n|upkeep\n|turn|17\n|inactive|rowaban has 270 seconds left.\n|inactive|rowaban has 240 seconds left.\n|\n|t:|1699415179\n|switch|p2a: bird up|Squawkabilly, F|6\/100\n|move|p1a: Ludicolo|Ice Beam|p2a: bird up\n|-supereffective|p2a: bird up\n|-damage|p2a: bird up|0 fnt\n|faint|p2a: bird up\n|\n|-weather|none\n|upkeep\n|inactive|rowaban has 240 seconds left.\n|\n|t:|1699415196\n|switch|p2a: bald|Garchomp, M|100\/100\n|turn|18\n|\n|t:|1699415204\n|switch|p1a: Politoed|Politoed, F|100\/100\n|-weather|RainDance|[from] ability: Drizzle|[of] p1a: Politoed\n|move|p2a: bald|Scale Shot|p1a: Politoed\n|-damage|p1a: Politoed|87\/100\n|-damage|p1a: Politoed|73\/100\n|-damage|p1a: Politoed|60\/100\n|-damage|p1a: Politoed|47\/100\n|-damage|p1a: Politoed|32\/100\n|-hitcount|p1a: Politoed|5\n|-unboost|p2a: bald|def|1\n|-boost|p2a: bald|spe|1\n|\n|-weather|RainDance|[upkeep]\n|upkeep\n|turn|19\n|inactive|rowaban has 240 seconds left.\n|\n|t:|1699415220\n|move|p2a: bald|Scale Shot|p1a: Politoed\n|-damage|p1a: Politoed|19\/100\n|-damage|p1a: Politoed|4\/100\n|-damage|p1a: Politoed|0 fnt\n|faint|p1a: Politoed\n|-hitcount|p1: Politoed|3\n|-unboost|p2a: bald|def|1\n|-boost|p2a: bald|spe|1\n|\n|-weather|RainDance|[upkeep]\n|upkeep\n|inactive|Cat Tears WIP has 270 seconds left.\n|\n|t:|1699415241\n|switch|p1a: Overqwil|Overqwil, F|28\/100\n|-ability|p1a: Overqwil|Intimidate|boost\n|-unboost|p2a: bald|atk|1\n|turn|20\n|\n|t:|1699415247\n|move|p1a: Overqwil|Protect|p1a: Overqwil\n|-singleturn|p1a: Overqwil|Protect\n|move|p2a: bald|Swords Dance|p2a: bald\n|-boost|p2a: bald|atk|2\n|\n|-weather|RainDance|[upkeep]\n|-heal|p1a: Overqwil|34\/100|[from] item: Leftovers\n|upkeep\n|turn|21\n|\n|t:|1699415257\n|move|p1a: Overqwil|Aqua Jet|p2a: bald\n|-damage|p2a: bald|68\/100\n|-damage|p1a: Overqwil|22\/100|[from] ability: Rough Skin|[of] p2a: bald\n|move|p2a: bald|Earthquake|p1a: Overqwil\n|-supereffective|p1a: Overqwil\n|-damage|p1a: Overqwil|0 fnt\n|faint|p1a: Overqwil\n|\n|-weather|RainDance|[upkeep]\n|upkeep\n|\n|t:|1699415267\n|switch|p1a: Ludicolo|Ludicolo, M|48\/100\n|turn|22\n|\n|t:|1699415271\n|move|p1a: Ludicolo|Fake Out|p2a: bald\n|-damage|p2a: bald|56\/100\n|-damage|p1a: Ludicolo|36\/100|[from] ability: Rough Skin|[of] p2a: bald\n|cant|p2a: bald|flinch\n|\n|-weather|RainDance|[upkeep]\n|upkeep\n|turn|23\n|\n|t:|1699415279\n|move|p2a: bald|Earthquake|p1a: Ludicolo\n|-resisted|p1a: Ludicolo\n|-damage|p1a: Ludicolo|0 fnt\n|faint|p1a: Ludicolo\n|\n|-weather|RainDance|[upkeep]\n|upkeep\n|\n|t:|1699415284\n|switch|p1a: Roaring Moon|Roaring Moon|100\/100\n|turn|24\n|\n|t:|1699415287\n|move|p2a: bald|Scale Shot|p1a: Roaring Moon\n|-supereffective|p1a: Roaring Moon\n|-damage|p1a: Roaring Moon|54\/100\n|-supereffective|p1a: Roaring Moon\n|-damage|p1a: Roaring Moon|0 fnt\n|faint|p1a: Roaring Moon\n|-end|p1a: Roaring Moon|Protosynthesis|[silent]\n|-hitcount|p1: Roaring Moon|2\n|-unboost|p2a: bald|def|1\n|-boost|p2a: bald|spe|1\n|\n|-weather|RainDance|[upkeep]\n|upkeep\n|\n|t:|1699415300\n|switch|p1a: Shroodle|Shroodle, F|100\/100\n|turn|25\n|\n|t:|1699415307\n|move|p2a: bald|Earthquake|p1a: Shroodle\n|-supereffective|p1a: Shroodle\n|-enditem|p1a: Shroodle|Focus Sash\n|-damage|p1a: Shroodle|1\/100\n|move|p1a: Shroodle|Super Fang|p2a: bald\n|-damage|p2a: bald|29\/100\n|-damage|p1a: Shroodle|0 fnt|[from] ability: Rough Skin|[of] p2a: bald\n|faint|p1a: Shroodle\n|\n|-weather|none\n|upkeep\n|\n|t:|1699415316\n|switch|p1a: Goodra|Goodra-Hisui, M|100\/100\n|turn|26\n|c|\u2606Cat Tears WIP|gg\n|\n|t:|1699415323\n|move|p2a: bald|Earthquake|p1a: Goodra\n|-supereffective|p1a: Goodra\n|-damage|p1a: Goodra|0 fnt\n|faint|p1a: Goodra\n|\n|win|rowaban\n|c|\u2606rowaban|gg\n|c|\u2606Cat Tears WIP|that scaleshot got me nice\n|c|\u2606rowaban|yeah\n|c|\u2606rowaban|i rly expected sun ngl\n|c|\u2606rowaban|i have rain dance on 2 mons\n|l| BoredAddict\n|c|\u2606Cat Tears WIP|i thought you would but my sun mons were too slow for garchomp\n|c|\u2606Cat Tears WIP|which was the biggest issue for my team\n","uploadtime":1699415328,"views":19,"p1id":"cattearswip","p2id":"rowaban","formatid":"gen9ubers","rating":0,"private":0,"password":""}