{"id":"gen9ubers-1976137317","p1":"TBalpha22","p2":"blookinator","format":"[Gen 9] Ubers","log":"|j|\u2606TBalpha22\n|j|\u2606blookinator\n|t:|1698266923\n|gametype|singles\n|player|p1|TBalpha22|juggler|\n|player|p2|blookinator|eusine|\n|teamsize|p1|6\n|teamsize|p2|6\n|gen|9\n|tier|[Gen 9] Ubers\n|rule|Sleep Clause Mod: Limit one foe put to sleep\n|rule|Species Clause: Limit one of each Pok\u00e9mon\n|rule|OHKO Clause: OHKO moves are banned\n|rule|Evasion Items Clause: Evasion items are banned\n|rule|Evasion Moves Clause: Evasion moves are banned\n|rule|Endless Battle Clause: Forcing endless battles is banned\n|rule|HP Percentage Mod: HP is shown in percentages\n|clearpoke\n|poke|p1|Gliscor, M|\n|poke|p1|Blissey, F|\n|poke|p1|Zapdos|\n|poke|p1|Quagsire, F|\n|poke|p1|Arceus-Dark|\n|poke|p1|Corviknight, M|\n|poke|p2|Arceus-Poison|\n|poke|p2|Shaymin-Sky|\n|poke|p2|Gliscor, M|\n|poke|p2|Zamazenta-*|\n|poke|p2|Cyclizar, F|\n|poke|p2|Giratina|\n|teampreview\n|c|\u2606TBalpha22|glhf\n|\n|t:|1698266949\n|start\n|switch|p1a: Gliscor|Gliscor, M|100\/100\n|switch|p2a: Giratina|Giratina|100\/100\n|-ability|p2a: Giratina|Pressure\n|turn|1\n|c|\u2606blookinator|glhf\n|\n|t:|1698266957\n|move|p1a: Gliscor|Toxic|p2a: Giratina\n|-status|p2a: Giratina|tox\n|move|p2a: Giratina|Will-O-Wisp|p1a: Gliscor\n|-status|p1a: Gliscor|brn\n|\n|-damage|p2a: Giratina|94\/100 tox|[from] psn\n|-damage|p1a: Gliscor|94\/100 brn|[from] brn\n|upkeep\n|turn|2\n|\n|t:|1698266964\n|move|p1a: Gliscor|Knock Off|p2a: Giratina\n|-supereffective|p2a: Giratina\n|-damage|p2a: Giratina|82\/100 tox\n|-enditem|p2a: Giratina|Leftovers|[from] move: Knock Off|[of] p1a: Gliscor\n|move|p2a: Giratina|Hex|p1a: Gliscor\n|-damage|p1a: Gliscor|36\/100 brn\n|\n|-damage|p2a: Giratina|70\/100 tox|[from] psn\n|-damage|p1a: Gliscor|29\/100 brn|[from] brn\n|upkeep\n|turn|3\n|\n|t:|1698266979\n|switch|p2a: Gliscor|Gliscor, M|100\/100\n|move|p1a: Gliscor|Protect||[still]\n|-fail|p1a: Gliscor\n|\n|-damage|p1a: Gliscor|23\/100 brn|[from] brn\n|-status|p2a: Gliscor|tox|[from] item: Toxic Orb\n|upkeep\n|turn|4\n|\n|t:|1698267005\n|switch|p1a: Corviknight|Corviknight, M|100\/100\n|move|p2a: Gliscor|Toxic Spikes|p1a: Corviknight\n|-sidestart|p1: TBalpha22|move: Toxic Spikes\n|\n|upkeep\n|turn|5\n|\n|t:|1698267014\n|move|p2a: Gliscor|Knock Off|p1a: Corviknight\n|-damage|p1a: Corviknight|80\/100\n|-enditem|p1a: Corviknight|Leftovers|[from] move: Knock Off|[of] p2a: Gliscor\n|move|p1a: Corviknight|Iron Defense|p1a: Corviknight\n|-boost|p1a: Corviknight|def|2\n|\n|upkeep\n|turn|6\n|\n|t:|1698267021\n|switch|p2a: Giratina|Giratina|70\/100 tox\n|-ability|p2a: Giratina|Pressure\n|move|p1a: Corviknight|Defog|p2a: Giratina\n|-unboost|p2a: Giratina|evasion|1\n|-sideend|p1: TBalpha22|Toxic Spikes|[from] move: Defog|[of] p1a: Corviknight\n|\n|-damage|p2a: Giratina|64\/100 tox|[from] psn\n|upkeep\n|turn|7\n|\n|t:|1698267030\n|switch|p1a: Arceus|Arceus-Dark|100\/100\n|move|p2a: Giratina|Will-O-Wisp|p1a: Arceus\n|-status|p1a: Arceus|brn\n|\n|-damage|p2a: Giratina|51\/100 tox|[from] psn\n|-damage|p1a: Arceus|94\/100 brn|[from] brn\n|upkeep\n|turn|8\n|\n|t:|1698267044\n|move|p1a: Arceus|Judgment|p2a: Giratina\n|-supereffective|p2a: Giratina\n|-crit|p2a: Giratina\n|-damage|p2a: Giratina|0 fnt\n|faint|p2a: Giratina\n|\n|-damage|p1a: Arceus|88\/100 brn|[from] brn\n|upkeep\n|\n|t:|1698267078\n|switch|p2a: Zamazenta|Zamazenta-Crowned|100\/100\n|-ability|p2a: Zamazenta|Dauntless Shield|boost\n|-boost|p2a: Zamazenta|def|1\n|turn|9\n|\n|t:|1698267093\n|switch|p1a: Zapdos|Zapdos|100\/100\n|move|p2a: Zamazenta|Body Press|p1a: Zapdos\n|-resisted|p1a: Zapdos\n|-damage|p1a: Zapdos|69\/100\n|\n|-heal|p1a: Zapdos|75\/100|[from] item: Leftovers\n|upkeep\n|turn|10\n|\n|t:|1698267145\n|move|p1a: Zapdos|Protect|p1a: Zapdos\n|-singleturn|p1a: Zapdos|Protect\n|move|p2a: Zamazenta|Behemoth Bash|p1a: Zapdos\n|-activate|p1a: Zapdos|move: Protect\n|\n|-heal|p1a: Zapdos|82\/100|[from] item: Leftovers\n|upkeep\n|turn|11\n|\n|t:|1698267171\n|move|p2a: Zamazenta|Iron Defense|p2a: Zamazenta\n|-boost|p2a: Zamazenta|def|2\n|move|p1a: Zapdos|Volt Switch|p2a: Zamazenta\n|-damage|p2a: Zamazenta|73\/100\n|j| Pajoomas!\n|\n|t:|1698267194\n|switch|p1a: Quagsire|Quagsire, F|100\/100|[from] Volt Switch\n|\n|upkeep\n|turn|12\n|\n|t:|1698267201\n|move|p2a: Zamazenta|Body Press|p1a: Quagsire\n|-damage|p1a: Quagsire|74\/100\n|move|p1a: Quagsire|Yawn|p2a: Zamazenta\n|-start|p2a: Zamazenta|move: Yawn|[of] p1a: Quagsire\n|\n|-heal|p1a: Quagsire|80\/100|[from] item: Leftovers\n|upkeep\n|turn|13\n|\n|t:|1698267237\n|switch|p2a: Cyclizar|Cyclizar, F|100\/100\n|move|p1a: Quagsire|Chilling Water|p2a: Cyclizar\n|-resisted|p2a: Cyclizar\n|-damage|p2a: Cyclizar|92\/100\n|-unboost|p2a: Cyclizar|atk|1\n|\n|-heal|p1a: Quagsire|86\/100|[from] item: Leftovers\n|upkeep\n|turn|14\n|\n|t:|1698267247\n|move|p2a: Cyclizar|Taunt|p1a: Quagsire\n|-start|p1a: Quagsire|move: Taunt\n|cant|p1a: Quagsire|move: Taunt|Yawn\n|\n|-heal|p1a: Quagsire|92\/100|[from] item: Leftovers\n|upkeep\n|turn|15\n|\n|t:|1698267257\n|move|p2a: Cyclizar|Shed Tail|p2a: Cyclizar\n|-start|p2a: Cyclizar|Substitute|[from] move: Shed Tail\n|-damage|p2a: Cyclizar|42\/100\n|\n|t:|1698267262\n|switch|p2a: Shaymin|Shaymin-Sky|100\/100|[from] Shed Tail\n|move|p1a: Quagsire|Chilling Water|p2a: Shaymin\n|-resisted|p2a: Shaymin\n|-activate|p2a: Shaymin|move: Substitute|[damage]\n|\n|-heal|p1a: Quagsire|98\/100|[from] item: Leftovers\n|upkeep\n|turn|16\n|\n|t:|1698267275\n|switch|p1a: Blissey|Blissey, F|100\/100\n|move|p2a: Shaymin|Leech Seed|p1a: Blissey\n|-start|p1a: Blissey|move: Leech Seed\n|\n|-damage|p1a: Blissey|88\/100|[from] Leech Seed|[of] p2a: Shaymin\n|upkeep\n|turn|17\n|\n|t:|1698267285\n|move|p2a: Shaymin|Seed Flare|p1a: Blissey\n|-damage|p1a: Blissey|61\/100\n|-unboost|p1a: Blissey|spd|2\n|-damage|p2a: Shaymin|91\/100|[from] item: Life Orb\n|move|p1a: Blissey|Seismic Toss|p2a: Shaymin\n|-end|p2a: Shaymin|Substitute\n|\n|-heal|p1a: Blissey|67\/100|[from] item: Leftovers\n|-damage|p1a: Blissey|54\/100|[from] Leech Seed|[of] p2a: Shaymin\n|-heal|p2a: Shaymin|100\/100|[silent]\n|upkeep\n|turn|18\n|\n|t:|1698267294\n|move|p2a: Shaymin|Air Slash|p1a: Blissey\n|-damage|p1a: Blissey|22\/100\n|-damage|p2a: Shaymin|91\/100|[from] item: Life Orb\n|move|p1a: Blissey|Thunder Wave|p2a: Shaymin\n|-status|p2a: Shaymin|par\n|\n|-heal|p1a: Blissey|28\/100|[from] item: Leftovers\n|-damage|p1a: Blissey|16\/100|[from] Leech Seed|[of] p2a: Shaymin\n|-heal|p2a: Shaymin|100\/100 par|[silent]\n|upkeep\n|turn|19\n|\n|t:|1698267314\n|switch|p1a: Zapdos|Zapdos|82\/100\n|move|p2a: Shaymin|Air Slash|p1a: Zapdos\n|-resisted|p1a: Zapdos\n|-damage|p1a: Zapdos|60\/100\n|-damage|p2a: Shaymin|91\/100 par|[from] item: Life Orb\n|\n|-heal|p1a: Zapdos|67\/100|[from] item: Leftovers\n|upkeep\n|turn|20\n|\n|t:|1698267330\n|switch|p2a: Gliscor|Gliscor, M|100\/100 tox\n|move|p1a: Zapdos|Protect||[still]\n|-fail|p1a: Zapdos\n|\n|-heal|p1a: Zapdos|73\/100|[from] item: Leftovers\n|upkeep\n|turn|21\n|\n|t:|1698267341\n|switch|p1a: Arceus|Arceus-Dark|88\/100 brn\n|move|p2a: Gliscor|Knock Off|p1a: Arceus\n|-resisted|p1a: Arceus\n|-damage|p1a: Arceus|82\/100 brn\n|\n|-damage|p1a: Arceus|76\/100 brn|[from] brn\n|upkeep\n|turn|22\n|\n|t:|1698267348\n|move|p1a: Arceus|Judgment|p2a: Gliscor\n|-damage|p2a: Gliscor|46\/100 tox\n|move|p2a: Gliscor|U-turn|p1a: Arceus\n|-supereffective|p1a: Arceus\n|-damage|p1a: Arceus|53\/100 brn\n|\n|t:|1698267359\n|switch|p2a: Zamazenta|Zamazenta-Crowned|73\/100|[from] U-turn\n|\n|-damage|p1a: Arceus|46\/100 brn|[from] brn\n|upkeep\n|turn|23\n|\n|t:|1698267374\n|switch|p1a: Zapdos|Zapdos|73\/100\n|move|p2a: Zamazenta|Body Press|p1a: Zapdos\n|-resisted|p1a: Zapdos\n|-damage|p1a: Zapdos|50\/100\n|\n|-heal|p1a: Zapdos|56\/100|[from] item: Leftovers\n|upkeep\n|turn|24\n|\n|t:|1698267391\n|move|p1a: Zapdos|Protect|p1a: Zapdos\n|-singleturn|p1a: Zapdos|Protect\n|move|p2a: Zamazenta|Play Rough|p1a: Zapdos\n|-activate|p1a: Zapdos|move: Protect\n|\n|-heal|p1a: Zapdos|63\/100|[from] item: Leftovers\n|upkeep\n|turn|25\n|\n|t:|1698267408\n|move|p2a: Zamazenta|Play Rough|p1a: Zapdos\n|-damage|p1a: Zapdos|32\/100\n|-status|p2a: Zamazenta|par|[from] ability: Static|[of] p1a: Zapdos\n|move|p1a: Zapdos|Roost|p1a: Zapdos\n|-heal|p1a: Zapdos|82\/100\n|-singleturn|p1a: Zapdos|move: Roost\n|\n|-heal|p1a: Zapdos|88\/100|[from] item: Leftovers\n|upkeep\n|turn|26\n|\n|t:|1698267419\n|switch|p2a: Arceus|Arceus-Poison|100\/100\n|move|p1a: Zapdos|Heat Wave|p2a: Arceus\n|-damage|p2a: Arceus|80\/100\n|\n|-heal|p1a: Zapdos|95\/100|[from] item: Leftovers\n|upkeep\n|turn|27\n|\n|t:|1698267429\n|move|p2a: Arceus|Cosmic Power|p2a: Arceus\n|-boost|p2a: Arceus|def|1\n|-boost|p2a: Arceus|spd|1\n|move|p1a: Zapdos|Volt Switch|p2a: Arceus\n|-damage|p2a: Arceus|66\/100\n|\n|t:|1698267432\n|switch|p1a: Quagsire|Quagsire, F|98\/100|[from] Volt Switch\n|\n|-heal|p1a: Quagsire|100\/100|[from] item: Leftovers\n|upkeep\n|turn|28\n|\n|t:|1698267442\n|move|p2a: Arceus|Cosmic Power|p2a: Arceus\n|-boost|p2a: Arceus|def|1\n|-boost|p2a: Arceus|spd|1\n|move|p1a: Quagsire|Yawn|p2a: Arceus\n|-start|p2a: Arceus|move: Yawn|[of] p1a: Quagsire\n|\n|upkeep\n|turn|29\n|\n|t:|1698267451\n|move|p2a: Arceus|Recover|p2a: Arceus\n|-heal|p2a: Arceus|100\/100\n|move|p1a: Quagsire|Spikes|p2a: Arceus\n|-sidestart|p2: blookinator|Spikes\n|\n|-end|p2a: Arceus|move: Yawn|[silent]\n|-status|p2a: Arceus|slp\n|upkeep\n|turn|30\n|\n|t:|1698267460\n|switch|p1a: Blissey|Blissey, F|16\/100\n|cant|p2a: Arceus|slp\n|\n|-heal|p1a: Blissey|22\/100|[from] item: Leftovers\n|upkeep\n|turn|31\n|\n|t:|1698267466\n|cant|p2a: Arceus|slp\n|move|p1a: Blissey|Soft-Boiled|p1a: Blissey\n|-heal|p1a: Blissey|72\/100\n|\n|-heal|p1a: Blissey|78\/100|[from] item: Leftovers\n|upkeep\n|turn|32\n|\n|t:|1698267474\n|-curestatus|p2a: Arceus|slp|[msg]\n|move|p2a: Arceus|Swords Dance|p2a: Arceus\n|-boost|p2a: Arceus|atk|2\n|move|p1a: Blissey|Seismic Toss|p2a: Arceus\n|-damage|p2a: Arceus|78\/100\n|\n|-heal|p1a: Blissey|84\/100|[from] item: Leftovers\n|upkeep\n|turn|33\n|\n|t:|1698267482\n|-terastallize|p2a: Arceus|Normal\n|move|p2a: Arceus|Extreme Speed|p1a: Blissey\n|-damage|p1a: Blissey|33\/100\n|move|p1a: Blissey|Thunder Wave|p2a: Arceus\n|-status|p2a: Arceus|par\n|\n|-heal|p1a: Blissey|39\/100|[from] item: Leftovers\n|upkeep\n|turn|34\n|\n|t:|1698267504\n|switch|p1a: Quagsire|Quagsire, F|100\/100\n|move|p2a: Arceus|Extreme Speed|p1a: Quagsire\n|-damage|p1a: Quagsire|78\/100\n|\n|-heal|p1a: Quagsire|85\/100|[from] item: Leftovers\n|upkeep\n|turn|35\n|\n|t:|1698267511\n|move|p2a: Arceus|Recover|p2a: Arceus\n|-heal|p2a: Arceus|100\/100 par\n|move|p1a: Quagsire|Chilling Water|p2a: Arceus\n|-crit|p2a: Arceus\n|-damage|p2a: Arceus|89\/100 par\n|-unboost|p2a: Arceus|atk|1\n|\n|-heal|p1a: Quagsire|91\/100|[from] item: Leftovers\n|upkeep\n|turn|36\n|\n|t:|1698267518\n|move|p2a: Arceus|Swords Dance|p2a: Arceus\n|-boost|p2a: Arceus|atk|2\n|move|p1a: Quagsire|Chilling Water|p2a: Arceus\n|-damage|p2a: Arceus|83\/100 par\n|-unboost|p2a: Arceus|atk|1\n|\n|-heal|p1a: Quagsire|97\/100|[from] item: Leftovers\n|upkeep\n|turn|37\n|\n|t:|1698267521\n|move|p2a: Arceus|Swords Dance|p2a: Arceus\n|-boost|p2a: Arceus|atk|2\n|move|p1a: Quagsire|Chilling Water|p2a: Arceus\n|-damage|p2a: Arceus|75\/100 par\n|-unboost|p2a: Arceus|atk|1\n|\n|-heal|p1a: Quagsire|100\/100|[from] item: Leftovers\n|upkeep\n|turn|38\n|\n|t:|1698267525\n|move|p2a: Arceus|Swords Dance|p2a: Arceus\n|-boost|p2a: Arceus|atk|2\n|move|p1a: Quagsire|Chilling Water|p2a: Arceus\n|-damage|p2a: Arceus|69\/100 par\n|-unboost|p2a: Arceus|atk|1\n|\n|upkeep\n|turn|39\n|\n|t:|1698267530\n|move|p2a: Arceus|Cosmic Power|p2a: Arceus\n|-boost|p2a: Arceus|def|1\n|-boost|p2a: Arceus|spd|1\n|move|p1a: Quagsire|Chilling Water|p2a: Arceus\n|-damage|p2a: Arceus|62\/100 par\n|-unboost|p2a: Arceus|atk|1\n|\n|upkeep\n|turn|40\n|\n|t:|1698267535\n|move|p2a: Arceus|Cosmic Power|p2a: Arceus\n|-boost|p2a: Arceus|def|1\n|-boost|p2a: Arceus|spd|1\n|move|p1a: Quagsire|Spikes|p2a: Arceus\n|-sidestart|p2: blookinator|Spikes\n|\n|upkeep\n|turn|41\n|\n|t:|1698267538\n|move|p2a: Arceus|Recover|p2a: Arceus\n|-heal|p2a: Arceus|100\/100 par\n|move|p1a: Quagsire|Spikes|p2a: Arceus\n|-sidestart|p2: blookinator|Spikes\n|\n|upkeep\n|turn|42\n|\n|t:|1698267544\n|move|p2a: Arceus|Cosmic Power|p2a: Arceus\n|-boost|p2a: Arceus|def|1\n|-boost|p2a: Arceus|spd|1\n|move|p1a: Quagsire|Chilling Water|p2a: Arceus\n|-damage|p2a: Arceus|93\/100 par\n|-unboost|p2a: Arceus|atk|1\n|\n|upkeep\n|turn|43\n|\n|t:|1698267548\n|cant|p2a: Arceus|par\n|move|p1a: Quagsire|Chilling Water|p2a: Arceus\n|-damage|p2a: Arceus|85\/100 par\n|-unboost|p2a: Arceus|atk|1\n|\n|upkeep\n|turn|44\n|\n|t:|1698267551\n|cant|p2a: Arceus|par\n|move|p1a: Quagsire|Chilling Water|p2a: Arceus\n|-damage|p2a: Arceus|78\/100 par\n|-unboost|p2a: Arceus|atk|1\n|\n|upkeep\n|turn|45\n|\n|t:|1698267554\n|move|p2a: Arceus|Swords Dance|p2a: Arceus\n|-boost|p2a: Arceus|atk|2\n|move|p1a: Quagsire|Chilling Water|p2a: Arceus\n|-damage|p2a: Arceus|71\/100 par\n|-unboost|p2a: Arceus|atk|1\n|\n|upkeep\n|turn|46\n|\n|t:|1698267557\n|move|p2a: Arceus|Swords Dance|p2a: Arceus\n|-boost|p2a: Arceus|atk|2\n|move|p1a: Quagsire|Chilling Water|p2a: Arceus\n|-damage|p2a: Arceus|64\/100 par\n|-unboost|p2a: Arceus|atk|1\n|\n|upkeep\n|turn|47\n|\n|t:|1698267560\n|move|p2a: Arceus|Swords Dance|p2a: Arceus\n|-boost|p2a: Arceus|atk|2\n|move|p1a: Quagsire|Chilling Water|p2a: Arceus\n|-damage|p2a: Arceus|56\/100 par\n|-unboost|p2a: Arceus|atk|1\n|\n|upkeep\n|turn|48\n|\n|t:|1698267571\n|move|p2a: Arceus|Recover|p2a: Arceus\n|-heal|p2a: Arceus|100\/100 par\n|move|p1a: Quagsire|Chilling Water|p2a: Arceus\n|-damage|p2a: Arceus|93\/100 par\n|-unboost|p2a: Arceus|atk|1\n|\n|upkeep\n|turn|49\n|\n|t:|1698267583\n|move|p2a: Arceus|Extreme Speed|p1a: Quagsire\n|-damage|p1a: Quagsire|76\/100\n|move|p1a: Quagsire|Chilling Water|p2a: Arceus\n|-damage|p2a: Arceus|85\/100 par\n|-unboost|p2a: Arceus|atk|1\n|\n|-heal|p1a: Quagsire|82\/100|[from] item: Leftovers\n|upkeep\n|turn|50\n|\n|t:|1698267613\n|cant|p2a: Arceus|par\n|move|p1a: Quagsire|Chilling Water|p2a: Arceus\n|-damage|p2a: Arceus|78\/100 par\n|-unboost|p2a: Arceus|atk|1\n|\n|-heal|p1a: Quagsire|88\/100|[from] item: Leftovers\n|upkeep\n|turn|51\n|\n|t:|1698267623\n|switch|p1a: Corviknight|Corviknight, M|80\/100\n|move|p2a: Arceus|Cosmic Power|p2a: Arceus\n|-boost|p2a: Arceus|def|1\n|-boost|p2a: Arceus|spd|1\n|\n|upkeep\n|turn|52\n|\n|t:|1698267630\n|move|p1a: Corviknight|Iron Defense|p1a: Corviknight\n|-boost|p1a: Corviknight|def|2\n|move|p2a: Arceus|Swords Dance|p2a: Arceus\n|-boost|p2a: Arceus|atk|2\n|\n|upkeep\n|turn|53\n|\n|t:|1698267636\n|move|p2a: Arceus|Extreme Speed|p1a: Corviknight\n|-resisted|p1a: Corviknight\n|-damage|p1a: Corviknight|68\/100\n|move|p1a: Corviknight|Iron Defense|p1a: Corviknight\n|-boost|p1a: Corviknight|def|2\n|\n|upkeep\n|turn|54\n|\n|t:|1698267643\n|move|p2a: Arceus|Extreme Speed|p1a: Corviknight\n|-resisted|p1a: Corviknight\n|-damage|p1a: Corviknight|60\/100\n|move|p1a: Corviknight|Iron Defense|p1a: Corviknight\n|-boost|p1a: Corviknight|def|2\n|\n|upkeep\n|turn|55\n|\n|t:|1698267645\n|cant|p2a: Arceus|par\n|move|p1a: Corviknight|Body Press|p2a: Arceus\n|-supereffective|p2a: Arceus\n|-damage|p2a: Arceus|53\/100 par\n|\n|upkeep\n|turn|56\n|\n|t:|1698267651\n|move|p1a: Corviknight|Body Press|p2a: Arceus\n|-supereffective|p2a: Arceus\n|-damage|p2a: Arceus|27\/100 par\n|move|p2a: Arceus|Recover|p2a: Arceus\n|-heal|p2a: Arceus|77\/100 par\n|\n|upkeep\n|turn|57\n|\n|t:|1698267658\n|move|p2a: Arceus|Extreme Speed|p1a: Corviknight\n|-resisted|p1a: Corviknight\n|-damage|p1a: Corviknight|54\/100\n|move|p1a: Corviknight|Body Press|p2a: Arceus\n|-supereffective|p2a: Arceus\n|-damage|p2a: Arceus|55\/100 par\n|\n|upkeep\n|turn|58\n|\n|t:|1698267663\n|move|p2a: Arceus|Extreme Speed|p1a: Corviknight\n|-resisted|p1a: Corviknight\n|-damage|p1a: Corviknight|48\/100\n|move|p1a: Corviknight|Roost|p1a: Corviknight\n|-heal|p1a: Corviknight|98\/100\n|-singleturn|p1a: Corviknight|move: Roost\n|\n|upkeep\n|turn|59\n|\n|t:|1698267673\n|cant|p2a: Arceus|par\n|move|p1a: Corviknight|Body Press|p2a: Arceus\n|-supereffective|p2a: Arceus\n|-damage|p2a: Arceus|29\/100 par\n|\n|upkeep\n|turn|60\n|\n|t:|1698267677\n|move|p1a: Corviknight|Body Press|p2a: Arceus\n|-supereffective|p2a: Arceus\n|-damage|p2a: Arceus|6\/100 par\n|move|p2a: Arceus|Recover|p2a: Arceus\n|-heal|p2a: Arceus|56\/100 par\n|\n|upkeep\n|turn|61\n|\n|t:|1698267682\n|move|p1a: Corviknight|Body Press|p2a: Arceus\n|-supereffective|p2a: Arceus\n|-damage|p2a: Arceus|32\/100 par\n|move|p2a: Arceus|Recover|p2a: Arceus\n|-heal|p2a: Arceus|82\/100 par\n|\n|upkeep\n|turn|62\n|\n|t:|1698267685\n|cant|p2a: Arceus|par\n|move|p1a: Corviknight|Body Press|p2a: Arceus\n|-supereffective|p2a: Arceus\n|-damage|p2a: Arceus|58\/100 par\n|\n|upkeep\n|turn|63\n|\n|t:|1698267689\n|move|p1a: Corviknight|Body Press|p2a: Arceus\n|-supereffective|p2a: Arceus\n|-damage|p2a: Arceus|35\/100 par\n|move|p2a: Arceus|Swords Dance|p2a: Arceus\n|-boost|p2a: Arceus|atk|2\n|\n|upkeep\n|turn|64\n|\n|t:|1698267692\n|move|p1a: Corviknight|Body Press|p2a: Arceus\n|-supereffective|p2a: Arceus\n|-damage|p2a: Arceus|12\/100 par\n|move|p2a: Arceus|Recover|p2a: Arceus\n|-heal|p2a: Arceus|62\/100 par\n|\n|upkeep\n|turn|65\n|\n|t:|1698267695\n|move|p1a: Corviknight|Body Press|p2a: Arceus\n|-supereffective|p2a: Arceus\n|-damage|p2a: Arceus|39\/100 par\n|move|p2a: Arceus|Swords Dance|p2a: Arceus\n|-boost|p2a: Arceus|atk|2\n|\n|upkeep\n|turn|66\n|\n|t:|1698267710\n|move|p1a: Corviknight|Body Press|p2a: Arceus\n|-supereffective|p2a: Arceus\n|-damage|p2a: Arceus|13\/100 par\n|move|p2a: Arceus|Cosmic Power|p2a: Arceus\n|-boost|p2a: Arceus|def|0\n|-boost|p2a: Arceus|spd|0\n|\n|upkeep\n|turn|67\n|\n|t:|1698267715\n|move|p2a: Arceus|Extreme Speed|p1a: Corviknight\n|-resisted|p1a: Corviknight\n|-damage|p1a: Corviknight|85\/100\n|move|p1a: Corviknight|Body Press|p2a: Arceus\n|-supereffective|p2a: Arceus\n|-damage|p2a: Arceus|0 fnt\n|faint|p2a: Arceus\n|\n|upkeep\n|\n|t:|1698267734\n|switch|p2a: Shaymin|Shaymin-Sky|91\/100 par\n|turn|68\n|\n|t:|1698267750\n|move|p2a: Shaymin|Healing Wish|p2a: Shaymin\n|faint|p2a: Shaymin\n|move|p1a: Corviknight|Body Press|p2: Shaymin|[notarget]\n|-fail|p1a: Corviknight\n|\n|upkeep\n|\n|t:|1698267756\n|switch|p2a: Gliscor|Gliscor, M|46\/100 tox\n|-heal|p2a: Gliscor|100\/100|[from] move: Healing Wish\n|turn|69\n|\n|t:|1698267762\n|move|p2a: Gliscor|Knock Off|p1a: Corviknight\n|-damage|p1a: Corviknight|81\/100\n|move|p1a: Corviknight|Body Press|p2a: Gliscor\n|-resisted|p2a: Gliscor\n|-damage|p2a: Gliscor|69\/100\n|\n|-status|p2a: Gliscor|tox|[from] item: Toxic Orb\n|upkeep\n|turn|70\n|\n|t:|1698267772\n|move|p2a: Gliscor|Toxic Spikes|p1a: Corviknight\n|-sidestart|p1: TBalpha22|move: Toxic Spikes\n|move|p1a: Corviknight|Body Press|p2a: Gliscor\n|-resisted|p2a: Gliscor\n|-damage|p2a: Gliscor|36\/100 tox\n|\n|-heal|p2a: Gliscor|48\/100 tox|[from] ability: Poison Heal\n|upkeep\n|turn|71\n|\n|t:|1698267781\n|move|p2a: Gliscor|Toxic Spikes|p1a: Corviknight\n|-sidestart|p1: TBalpha22|move: Toxic Spikes\n|move|p1a: Corviknight|Body Press|p2a: Gliscor\n|-resisted|p2a: Gliscor\n|-damage|p2a: Gliscor|12\/100 tox\n|\n|-heal|p2a: Gliscor|24\/100 tox|[from] ability: Poison Heal\n|upkeep\n|turn|72\n|\n|t:|1698267790\n|move|p2a: Gliscor|Knock Off|p1a: Corviknight\n|-damage|p1a: Corviknight|78\/100\n|move|p1a: Corviknight|Defog|p2a: Gliscor\n|-unboost|p2a: Gliscor|evasion|1\n|-sideend|p2: blookinator|Spikes|[from] move: Defog|[of] p1a: Corviknight\n|-sideend|p1: TBalpha22|Toxic Spikes|[from] move: Defog|[of] p1a: Corviknight\n|\n|-heal|p2a: Gliscor|37\/100 tox|[from] ability: Poison Heal\n|upkeep\n|turn|73\n|\n|t:|1698267806\n|move|p2a: Gliscor|Knock Off|p1a: Corviknight\n|-damage|p1a: Corviknight|74\/100\n|move|p1a: Corviknight|Defog|p2a: Gliscor\n|-unboost|p2a: Gliscor|evasion|1\n|\n|-heal|p2a: Gliscor|49\/100 tox|[from] ability: Poison Heal\n|upkeep\n|turn|74\n|\n|t:|1698267817\n|move|p2a: Gliscor|Knock Off|p1a: Corviknight\n|-damage|p1a: Corviknight|70\/100\n|move|p1a: Corviknight|Defog|p2a: Gliscor\n|-unboost|p2a: Gliscor|evasion|1\n|\n|-heal|p2a: Gliscor|61\/100 tox|[from] ability: Poison Heal\n|upkeep\n|turn|75\n|\n|t:|1698267824\n|move|p2a: Gliscor|Knock Off|p1a: Corviknight\n|-damage|p1a: Corviknight|67\/100\n|move|p1a: Corviknight|Defog|p2a: Gliscor\n|-unboost|p2a: Gliscor|evasion|1\n|\n|-heal|p2a: Gliscor|74\/100 tox|[from] ability: Poison Heal\n|upkeep\n|turn|76\n|\n|t:|1698267845\n|move|p2a: Gliscor|U-turn|p1a: Corviknight\n|-resisted|p1a: Corviknight\n|-damage|p1a: Corviknight|66\/100\n|\n|t:|1698267847\n|switch|p2a: Cyclizar|Cyclizar, F|75\/100|[from] U-turn\n|move|p1a: Corviknight|Defog|p2a: Cyclizar\n|-unboost|p2a: Cyclizar|evasion|1\n|\n|upkeep\n|turn|77\n|\n|t:|1698267855\n|switch|p1a: Zapdos|Zapdos|95\/100\n|move|p2a: Cyclizar|Shed Tail|p2a: Cyclizar\n|-start|p2a: Cyclizar|Substitute|[from] move: Shed Tail\n|-damage|p2a: Cyclizar|25\/100\n|\n|t:|1698267862\n|switch|p2a: Gliscor|Gliscor, M|74\/100 tox|[from] Shed Tail\n|\n|-heal|p1a: Zapdos|100\/100|[from] item: Leftovers\n|-heal|p2a: Gliscor|86\/100 tox|[from] ability: Poison Heal\n|upkeep\n|turn|78\n|\n|t:|1698267866\n|move|p1a: Zapdos|Heat Wave|p2a: Gliscor\n|-end|p2a: Gliscor|Substitute\n|move|p2a: Gliscor|Knock Off|p1a: Zapdos\n|-damage|p1a: Zapdos|73\/100\n|-enditem|p1a: Zapdos|Leftovers|[from] move: Knock Off|[of] p2a: Gliscor\n|\n|-heal|p2a: Gliscor|99\/100 tox|[from] ability: Poison Heal\n|upkeep\n|turn|79\n|\n|t:|1698267873\n|move|p1a: Zapdos|Heat Wave|p2a: Gliscor\n|-damage|p2a: Gliscor|63\/100 tox\n|move|p2a: Gliscor|U-turn|p1a: Zapdos\n|-resisted|p1a: Zapdos\n|-damage|p1a: Zapdos|64\/100\n|\n|t:|1698267876\n|switch|p2a: Cyclizar|Cyclizar, F|58\/100|[from] U-turn\n|\n|upkeep\n|turn|80\n|\n|t:|1698267882\n|move|p2a: Cyclizar|Shed Tail|p2a: Cyclizar\n|-start|p2a: Cyclizar|Substitute|[from] move: Shed Tail\n|-damage|p2a: Cyclizar|8\/100\n|\n|t:|1698267884\n|switch|p2a: Gliscor|Gliscor, M|63\/100 tox|[from] Shed Tail\n|move|p1a: Zapdos|Heat Wave|p2a: Gliscor\n|-end|p2a: Gliscor|Substitute\n|\n|-heal|p2a: Gliscor|76\/100 tox|[from] ability: Poison Heal\n|upkeep\n|turn|81\n|\n|t:|1698267896\n|switch|p1a: Quagsire|Quagsire, F|88\/100\n|move|p2a: Gliscor|Knock Off|p1a: Quagsire\n|-damage|p1a: Quagsire|71\/100\n|-enditem|p1a: Quagsire|Leftovers|[from] move: Knock Off|[of] p2a: Gliscor\n|\n|-heal|p2a: Gliscor|88\/100 tox|[from] ability: Poison Heal\n|upkeep\n|turn|82\n|\n|t:|1698267902\n|move|p2a: Gliscor|Earthquake|p1a: Quagsire\n|-damage|p1a: Quagsire|45\/100\n|move|p1a: Quagsire|Chilling Water|p2a: Gliscor\n|-supereffective|p2a: Gliscor\n|-damage|p2a: Gliscor|64\/100 tox\n|-unboost|p2a: Gliscor|atk|1\n|\n|-heal|p2a: Gliscor|76\/100 tox|[from] ability: Poison Heal\n|upkeep\n|turn|83\n|\n|t:|1698267908\n|move|p2a: Gliscor|Earthquake|p1a: Quagsire\n|-damage|p1a: Quagsire|18\/100\n|move|p1a: Quagsire|Recover|p1a: Quagsire\n|-heal|p1a: Quagsire|68\/100\n|\n|-heal|p2a: Gliscor|89\/100 tox|[from] ability: Poison Heal\n|upkeep\n|turn|84\n|\n|t:|1698267914\n|move|p2a: Gliscor|Toxic Spikes|p1a: Quagsire\n|-sidestart|p1: TBalpha22|move: Toxic Spikes\n|move|p1a: Quagsire|Chilling Water|p2a: Gliscor\n|-supereffective|p2a: Gliscor\n|-damage|p2a: Gliscor|65\/100 tox\n|-unboost|p2a: Gliscor|atk|1\n|\n|-heal|p2a: Gliscor|77\/100 tox|[from] ability: Poison Heal\n|upkeep\n|turn|85\n|\n|t:|1698267920\n|move|p2a: Gliscor|Toxic Spikes|p1a: Quagsire\n|-sidestart|p1: TBalpha22|move: Toxic Spikes\n|move|p1a: Quagsire|Spikes|p2a: Gliscor\n|-sidestart|p2: blookinator|Spikes\n|\n|-heal|p2a: Gliscor|89\/100 tox|[from] ability: Poison Heal\n|upkeep\n|turn|86\n|\n|t:|1698267929\n|move|p2a: Gliscor|U-turn|p1a: Quagsire\n|-damage|p1a: Quagsire|54\/100\n|\n|t:|1698267931\n|switch|p2a: Cyclizar|Cyclizar, F|41\/100|[from] U-turn\n|move|p1a: Quagsire|Spikes|p2a: Cyclizar\n|-sidestart|p2: blookinator|Spikes\n|\n|upkeep\n|turn|87\n|\n|t:|1698267940\n|move|p2a: Cyclizar|Rapid Spin|p1a: Quagsire\n|-damage|p1a: Quagsire|41\/100\n|-boost|p2a: Cyclizar|spe|1\n|-sideend|p2: blookinator|Spikes|[from] move: Rapid Spin|[of] p2a: Cyclizar\n|move|p1a: Quagsire|Recover|p1a: Quagsire\n|-heal|p1a: Quagsire|91\/100\n|\n|upkeep\n|turn|88\n|\n|t:|1698267951\n|move|p2a: Cyclizar|Taunt|p1a: Quagsire\n|-start|p1a: Quagsire|move: Taunt\n|cant|p1a: Quagsire|move: Taunt|Yawn\n|\n|upkeep\n|turn|89\n|\n|t:|1698267959\n|switch|p2a: Zamazenta|Zamazenta-Crowned|73\/100 par\n|switch|p1a: Corviknight|Corviknight, M|66\/100\n|\n|upkeep\n|turn|90\n|\n|t:|1698267965\n|move|p1a: Corviknight|Defog|p2a: Zamazenta\n|-unboost|p2a: Zamazenta|evasion|1\n|-sideend|p1: TBalpha22|Toxic Spikes|[from] move: Defog|[of] p1a: Corviknight\n|move|p2a: Zamazenta|Iron Defense|p2a: Zamazenta\n|-boost|p2a: Zamazenta|def|2\n|\n|upkeep\n|turn|91\n|\n|t:|1698267974\n|switch|p1a: Zapdos|Zapdos|64\/100\n|cant|p2a: Zamazenta|par\n|\n|upkeep\n|turn|92\n|\n|t:|1698267984\n|switch|p2a: Cyclizar|Cyclizar, F|75\/100\n|move|p1a: Zapdos|Heat Wave|p2a: Cyclizar\n|-resisted|p2a: Cyclizar\n|-damage|p2a: Cyclizar|51\/100\n|-status|p2a: Cyclizar|brn\n|\n|-damage|p2a: Cyclizar|45\/100 brn|[from] brn\n|upkeep\n|turn|93\n|\n|t:|1698267998\n|move|p2a: Cyclizar|Shed Tail|p2a: Cyclizar\n|-fail|p2a: Cyclizar|move: Shed Tail|[weak]\n|move|p1a: Zapdos|Heat Wave|p2a: Cyclizar\n|-resisted|p2a: Cyclizar\n|-damage|p2a: Cyclizar|18\/100 brn\n|\n|-damage|p2a: Cyclizar|12\/100 brn|[from] brn\n|upkeep\n|turn|94\n|\n|t:|1698268003\n|switch|p2a: Gliscor|Gliscor, M|89\/100 tox\n|move|p1a: Zapdos|Volt Switch|p2a: Gliscor\n|-immune|p2a: Gliscor\n|\n|-heal|p2a: Gliscor|100\/100 tox|[from] ability: Poison Heal\n|upkeep\n|turn|95\n|\n|t:|1698268030\n|switch|p2a: Zamazenta|Zamazenta-Crowned|73\/100 par\n|move|p1a: Zapdos|Heat Wave|p2a: Zamazenta\n|-supereffective|p2a: Zamazenta\n|-damage|p2a: Zamazenta|29\/100 par\n|\n|upkeep\n|turn|96\n|\n|t:|1698268045\n|switch|p2a: Gliscor|Gliscor, M|100\/100 tox\n|move|p1a: Zapdos|Heat Wave|p2a: Gliscor\n|-damage|p2a: Gliscor|62\/100 tox\n|\n|-heal|p2a: Gliscor|74\/100 tox|[from] ability: Poison Heal\n|upkeep\n|turn|97\n|\n|t:|1698268055\n|switch|p1a: Quagsire|Quagsire, F|91\/100\n|move|p2a: Gliscor|Toxic Spikes|p1a: Quagsire\n|-sidestart|p1: TBalpha22|move: Toxic Spikes\n|\n|-heal|p2a: Gliscor|87\/100 tox|[from] ability: Poison Heal\n|upkeep\n|turn|98\n|\n|t:|1698268062\n|move|p2a: Gliscor|Toxic Spikes|p1a: Quagsire\n|-sidestart|p1: TBalpha22|move: Toxic Spikes\n|move|p1a: Quagsire|Chilling Water|p2a: Gliscor\n|-supereffective|p2a: Gliscor\n|-damage|p2a: Gliscor|59\/100 tox\n|-unboost|p2a: Gliscor|atk|1\n|\n|-heal|p2a: Gliscor|71\/100 tox|[from] ability: Poison Heal\n|upkeep\n|turn|99\n|\n|t:|1698268075\n|move|p2a: Gliscor|U-turn|p1a: Quagsire\n|-damage|p1a: Quagsire|77\/100\n|\n|t:|1698268076\n|switch|p2a: Cyclizar|Cyclizar, F|45\/100 brn|[from] U-turn\n|move|p1a: Quagsire|Chilling Water|p2a: Cyclizar\n|-resisted|p2a: Cyclizar\n|-damage|p2a: Cyclizar|37\/100 brn\n|-unboost|p2a: Cyclizar|atk|1\n|\n|-damage|p2a: Cyclizar|31\/100 brn|[from] brn\n|upkeep\n|turn|100\n|\n|t:|1698268085\n|switch|p2a: Gliscor|Gliscor, M|71\/100 tox\n|move|p1a: Quagsire|Chilling Water|p2a: Gliscor\n|-supereffective|p2a: Gliscor\n|-damage|p2a: Gliscor|47\/100 tox\n|-unboost|p2a: Gliscor|atk|1\n|\n|-heal|p2a: Gliscor|59\/100 tox|[from] ability: Poison Heal\n|upkeep\n|turn|101\n|\n|t:|1698268096\n|move|p2a: Gliscor|U-turn|p1a: Quagsire\n|-damage|p1a: Quagsire|65\/100\n|\n|t:|1698268097\n|switch|p2a: Cyclizar|Cyclizar, F|64\/100 brn|[from] U-turn\n|move|p1a: Quagsire|Chilling Water|p2a: Cyclizar\n|-resisted|p2a: Cyclizar\n|-damage|p2a: Cyclizar|56\/100 brn\n|-unboost|p2a: Cyclizar|atk|1\n|\n|-damage|p2a: Cyclizar|49\/100 brn|[from] brn\n|upkeep\n|turn|102\n|\n|t:|1698268115\n|switch|p2a: Zamazenta|Zamazenta-Crowned|29\/100 par\n|switch|p1a: Corviknight|Corviknight, M|66\/100\n|\n|upkeep\n|turn|103\n|\n|t:|1698268128\n|switch|p2a: Gliscor|Gliscor, M|59\/100 tox\n|move|p1a: Corviknight|Defog|p2a: Gliscor\n|-unboost|p2a: Gliscor|evasion|1\n|-sideend|p1: TBalpha22|Toxic Spikes|[from] move: Defog|[of] p1a: Corviknight\n|\n|-heal|p2a: Gliscor|71\/100 tox|[from] ability: Poison Heal\n|upkeep\n|turn|104\n|\n|t:|1698268150\n|switch|p1a: Gliscor|Gliscor, M|23\/100 brn\n|move|p2a: Gliscor|Toxic Spikes|p1a: Gliscor\n|-sidestart|p1: TBalpha22|move: Toxic Spikes\n|\n|-heal|p2a: Gliscor|84\/100 tox|[from] ability: Poison Heal\n|-damage|p1a: Gliscor|17\/100 brn|[from] brn\n|upkeep\n|turn|105\n|\n|t:|1698268162\n|move|p1a: Gliscor|U-turn|p2a: Gliscor\n|-resisted|p2a: Gliscor\n|-damage|p2a: Gliscor|81\/100 tox\n|\n|t:|1698268165\n|switch|p1a: Corviknight|Corviknight, M|66\/100|[from] U-turn\n|move|p2a: Gliscor|Toxic Spikes|p1a: Corviknight\n|-sidestart|p1: TBalpha22|move: Toxic Spikes\n|\n|-heal|p2a: Gliscor|93\/100 tox|[from] ability: Poison Heal\n|upkeep\n|turn|106\n|\n|t:|1698268181\n|move|p2a: Gliscor|U-turn|p1a: Corviknight\n|-resisted|p1a: Corviknight\n|-damage|p1a: Corviknight|62\/100\n|\n|t:|1698268183\n|switch|p2a: Cyclizar|Cyclizar, F|83\/100 brn|[from] U-turn\n|move|p1a: Corviknight|Defog|p2a: Cyclizar\n|-unboost|p2a: Cyclizar|evasion|1\n|-sideend|p1: TBalpha22|Toxic Spikes|[from] move: Defog|[of] p1a: Corviknight\n|\n|-damage|p2a: Cyclizar|77\/100 brn|[from] brn\n|upkeep\n|turn|107\n|\n|t:|1698268197\n|switch|p2a: Gliscor|Gliscor, M|93\/100 tox\n|switch|p1a: Zapdos|Zapdos|64\/100\n|\n|-heal|p2a: Gliscor|100\/100 tox|[from] ability: Poison Heal\n|upkeep\n|turn|108\n|\n|t:|1698268217\n|switch|p1a: Corviknight|Corviknight, M|62\/100\n|move|p2a: Gliscor|U-turn|p1a: Corviknight\n|-resisted|p1a: Corviknight\n|-damage|p1a: Corviknight|59\/100\n|\n|t:|1698268223\n|switch|p2a: Cyclizar|Cyclizar, F|100\/100 brn|[from] U-turn\n|\n|-damage|p2a: Cyclizar|94\/100 brn|[from] brn\n|upkeep\n|turn|109\n|\n|t:|1698268226\n|switch|p1a: Zapdos|Zapdos|64\/100\n|move|p2a: Cyclizar|Taunt|p1a: Zapdos\n|-start|p1a: Zapdos|move: Taunt\n|\n|-damage|p2a: Cyclizar|88\/100 brn|[from] brn\n|upkeep\n|turn|110\n|\n|t:|1698268235\n|move|p2a: Cyclizar|Shed Tail|p2a: Cyclizar\n|-start|p2a: Cyclizar|Substitute|[from] move: Shed Tail\n|-damage|p2a: Cyclizar|38\/100 brn\n|\n|t:|1698268238\n|switch|p2a: Zamazenta|Zamazenta-Crowned|29\/100 par|[from] Shed Tail\n|move|p1a: Zapdos|Volt Switch|p2a: Zamazenta\n|-end|p2a: Zamazenta|Substitute\n|\n|t:|1698268248\n|switch|p1a: Gliscor|Gliscor, M|17\/100 brn|[from] Volt Switch\n|\n|-damage|p1a: Gliscor|11\/100 brn|[from] brn\n|upkeep\n|turn|111\n|\n|t:|1698268254\n|switch|p2a: Gliscor|Gliscor, M|100\/100 tox\n|move|p1a: Gliscor|Knock Off|p2a: Gliscor\n|-damage|p2a: Gliscor|92\/100 tox\n|-enditem|p2a: Gliscor|Toxic Orb|[from] move: Knock Off|[of] p1a: Gliscor\n|\n|-heal|p2a: Gliscor|100\/100 tox|[from] ability: Poison Heal\n|-damage|p1a: Gliscor|4\/100 brn|[from] brn\n|upkeep\n|turn|112\n|\n|t:|1698268264\n|move|p1a: Gliscor|U-turn|p2a: Gliscor\n|-resisted|p2a: Gliscor\n|-damage|p2a: Gliscor|97\/100 tox\n|\n|t:|1698268269\n|switch|p1a: Arceus|Arceus-Dark|46\/100 brn|[from] U-turn\n|move|p2a: Gliscor|U-turn|p1a: Arceus\n|-supereffective|p1a: Arceus\n|-damage|p1a: Arceus|23\/100 brn\n|\n|t:|1698268277\n|switch|p2a: Cyclizar|Cyclizar, F|71\/100 brn|[from] U-turn\n|\n|-damage|p2a: Cyclizar|65\/100 brn|[from] brn\n|-damage|p1a: Arceus|17\/100 brn|[from] brn\n|upkeep\n|turn|113\n|\n|t:|1698268287\n|switch|p2a: Zamazenta|Zamazenta-Crowned|29\/100 par\n|move|p1a: Arceus|Recover|p1a: Arceus\n|-heal|p1a: Arceus|67\/100 brn\n|\n|-damage|p1a: Arceus|61\/100 brn|[from] brn\n|upkeep\n|turn|114\n|\n|t:|1698268299\n|-terastallize|p1a: Arceus|Psychic\n|move|p1a: Arceus|Cosmic Power|p1a: Arceus\n|-boost|p1a: Arceus|def|1\n|-boost|p1a: Arceus|spd|1\n|cant|p2a: Zamazenta|par\n|\n|-damage|p1a: Arceus|55\/100 brn|[from] brn\n|upkeep\n|turn|115\n|\n|t:|1698268319\n|move|p1a: Arceus|Cosmic Power|p1a: Arceus\n|-boost|p1a: Arceus|def|1\n|-boost|p1a: Arceus|spd|1\n|move|p2a: Zamazenta|Iron Defense|p2a: Zamazenta\n|-boost|p2a: Zamazenta|def|2\n|\n|-damage|p1a: Arceus|49\/100 brn|[from] brn\n|upkeep\n|turn|116\n|\n|t:|1698268333\n|move|p1a: Arceus|Cosmic Power|p1a: Arceus\n|-boost|p1a: Arceus|def|1\n|-boost|p1a: Arceus|spd|1\n|move|p2a: Zamazenta|Behemoth Bash|p1a: Arceus\n|-damage|p1a: Arceus|37\/100 brn\n|\n|-damage|p1a: Arceus|31\/100 brn|[from] brn\n|upkeep\n|turn|117\n|\n|t:|1698268339\n|move|p1a: Arceus|Recover|p1a: Arceus\n|-heal|p1a: Arceus|81\/100 brn\n|move|p2a: Zamazenta|Behemoth Bash|p1a: Arceus\n|-damage|p1a: Arceus|69\/100 brn\n|\n|-damage|p1a: Arceus|63\/100 brn|[from] brn\n|upkeep\n|turn|118\n|\n|t:|1698268349\n|move|p1a: Arceus|Stored Power|p2a: Zamazenta\n|-damage|p2a: Zamazenta|0 fnt\n|faint|p2a: Zamazenta\n|\n|-damage|p1a: Arceus|57\/100 brn|[from] brn\n|upkeep\n|\n|t:|1698268359\n|switch|p2a: Cyclizar|Cyclizar, F|98\/100 brn\n|turn|119\n|\n|t:|1698268371\n|move|p2a: Cyclizar|Knock Off|p1a: Arceus\n|-supereffective|p1a: Arceus\n|-damage|p1a: Arceus|53\/100 brn\n|move|p1a: Arceus|Stored Power|p2a: Cyclizar\n|-damage|p2a: Cyclizar|16\/100 brn\n|\n|-damage|p2a: Cyclizar|10\/100 brn|[from] brn\n|-damage|p1a: Arceus|46\/100 brn|[from] brn\n|upkeep\n|turn|120\n|\n|t:|1698268392\n|switch|p2a: Gliscor|Gliscor, M|97\/100 tox\n|move|p1a: Arceus|Recover|p1a: Arceus\n|-heal|p1a: Arceus|96\/100 brn\n|\n|-heal|p2a: Gliscor|100\/100 tox|[from] ability: Poison Heal\n|-damage|p1a: Arceus|90\/100 brn|[from] brn\n|upkeep\n|turn|121\n|\n|t:|1698268412\n|move|p1a: Arceus|Stored Power|p2a: Gliscor\n|-damage|p2a: Gliscor|38\/100 tox\n|move|p2a: Gliscor|Knock Off|p1a: Arceus\n|-supereffective|p1a: Arceus\n|-damage|p1a: Arceus|81\/100 brn\n|\n|-heal|p2a: Gliscor|50\/100 tox|[from] ability: Poison Heal\n|-damage|p1a: Arceus|75\/100 brn|[from] brn\n|upkeep\n|turn|122\n|\n|t:|1698268420\n|switch|p2a: Cyclizar|Cyclizar, F|43\/100 brn\n|move|p1a: Arceus|Stored Power|p2a: Cyclizar\n|-damage|p2a: Cyclizar|0 fnt\n|faint|p2a: Cyclizar\n|\n|-damage|p1a: Arceus|69\/100 brn|[from] brn\n|upkeep\n|\n|t:|1698268422\n|switch|p2a: Gliscor|Gliscor, M|50\/100 tox\n|turn|123\n|\n|t:|1698268424\n|move|p1a: Arceus|Stored Power|p2a: Gliscor\n|-damage|p2a: Gliscor|0 fnt\n|faint|p2a: Gliscor\n|\n|win|TBalpha22\n|c|\u2606TBalpha22|gg\n","uploadtime":1698268428,"views":42,"p1id":"tbalpha22","p2id":"blookinator","formatid":"gen9ubers","rating":0,"private":0,"password":""}