{"id":"gen9ubers-1968141451","p1":"masterash","p2":"yohisup","format":"[Gen 9] Ubers","log":"|j|\u2606masterash\n|j|\u2606yohisup\n|t:|1697388456\n|gametype|singles\n|player|p1|masterash|ash|1044\n|player|p2|yohisup|thorton|1076\n|teamsize|p1|6\n|teamsize|p2|6\n|gen|9\n|tier|[Gen 9] Ubers\n|rated|\n|rule|Sleep Clause Mod: Limit one foe put to sleep\n|rule|Species Clause: Limit one of each Pok\u00e9mon\n|rule|OHKO Clause: OHKO moves are banned\n|rule|Evasion Items Clause: Evasion items are banned\n|rule|Evasion Moves Clause: Evasion moves are banned\n|rule|Endless Battle Clause: Forcing endless battles is banned\n|rule|HP Percentage Mod: HP is shown in percentages\n|clearpoke\n|poke|p1|Meowscarada, M|\n|poke|p1|Tinkaton, F|\n|poke|p1|Annihilape, M|\n|poke|p1|Scream Tail|\n|poke|p1|Iron Moth|\n|poke|p1|Palafin, F|\n|poke|p2|Kommo-o, M|\n|poke|p2|Manaphy|\n|poke|p2|Ceruledge, M|\n|poke|p2|Dragapult, M|\n|poke|p2|Lucario, M|\n|poke|p2|Vikavolt, F|\n|teampreview\n|inactive|Battle timer is ON: inactive players will automatically lose when time's up. (requested by yohisup)\n|\n|t:|1697388489\n|start\n|switch|p1a: Palafin|Palafin, F|100\/100\n|switch|p2a: Manaphy|Manaphy|100\/100\n|turn|1\n|\n|t:|1697388499\n|move|p1a: Palafin|Flip Turn|p2a: Manaphy\n|-resisted|p2a: Manaphy\n|-damage|p2a: Manaphy|84\/100\n|\n|t:|1697388505\n|detailschange|p1a: Palafin|Palafin-Hero, F\n|switch|p1a: Meowscarada|Meowscarada, M|100\/100|[from] Flip Turn\n|move|p2a: Manaphy|Tail Glow|p2a: Manaphy\n|-boost|p2a: Manaphy|spa|3\n|\n|-heal|p2a: Manaphy|91\/100|[from] item: Leftovers\n|upkeep\n|turn|2\n|\n|t:|1697388517\n|move|p1a: Meowscarada|Flower Trick|p2a: Manaphy\n|-start|p1a: Meowscarada|typechange|Grass|[from] ability: Protean\n|-supereffective|p2a: Manaphy\n|-crit|p2a: Manaphy\n|-damage|p2a: Manaphy|0 fnt\n|faint|p2a: Manaphy\n|\n|upkeep\n|\n|t:|1697388533\n|switch|p2a: Ceruledge|Ceruledge, M|100\/100\n|turn|3\n|inactive|masterash has 120 seconds left.\n|\n|t:|1697388567\n|switch|p1a: Scream Tail|Scream Tail|100\/100\n|-terastallize|p2a: Ceruledge|Fire\n|move|p2a: Ceruledge|Swords Dance|p2a: Ceruledge\n|-boost|p2a: Ceruledge|atk|2\n|\n|upkeep\n|turn|4\n|\n|t:|1697388576\n|move|p2a: Ceruledge|Shadow Claw|p1a: Scream Tail\n|-supereffective|p1a: Scream Tail\n|-damage|p1a: Scream Tail|9\/100\n|-damage|p2a: Ceruledge|84\/100|[from] item: Rocky Helmet|[of] p1a: Scream Tail\n|move|p1a: Scream Tail|Stealth Rock|p2a: Ceruledge\n|-sidestart|p2: yohisup|move: Stealth Rock\n|\n|upkeep\n|turn|5\n|\n|t:|1697388587\n|move|p2a: Ceruledge|Shadow Claw|p1a: Scream Tail\n|-supereffective|p1a: Scream Tail\n|-damage|p1a: Scream Tail|0 fnt\n|-damage|p2a: Ceruledge|68\/100|[from] item: Rocky Helmet|[of] p1a: Scream Tail\n|faint|p1a: Scream Tail\n|-end|p1a: Scream Tail|Protosynthesis|[silent]\n|\n|upkeep\n|\n|t:|1697388593\n|switch|p1a: Palafin|Palafin-Hero, F|100\/100\n|-activate|p1a: Palafin|ability: Zero to Hero\n|turn|6\n|\n|t:|1697388606\n|move|p1a: Palafin|Jet Punch|p2a: Ceruledge\n|-supereffective|p2a: Ceruledge\n|-damage|p2a: Ceruledge|0 fnt\n|faint|p2a: Ceruledge\n|\n|upkeep\n|\n|t:|1697388614\n|switch|p2a: Kommo-o|Kommo-o, M|100\/100\n|-damage|p2a: Kommo-o|94\/100|[from] Stealth Rock\n|turn|7\n|\n|t:|1697388630\n|switch|p1a: Tinkaton|Tinkaton, F|100\/100\n|-ability|p1a: Tinkaton|Mold Breaker\n|move|p2a: Kommo-o|Iron Defense|p2a: Kommo-o\n|-boost|p2a: Kommo-o|def|2\n|\n|upkeep\n|turn|8\n|\n|t:|1697388638\n|move|p1a: Tinkaton|Encore|p2a: Kommo-o\n|-start|p2a: Kommo-o|Encore\n|move|p2a: Kommo-o|Iron Defense|p2a: Kommo-o\n|-boost|p2a: Kommo-o|def|2\n|\n|upkeep\n|turn|9\n|\n|t:|1697388648\n|switch|p1a: Iron Moth|Iron Moth|100\/100\n|-enditem|p1a: Iron Moth|Booster Energy\n|-activate|p1a: Iron Moth|ability: Quark Drive|[fromitem]\n|-start|p1a: Iron Moth|quarkdrivespa\n|move|p2a: Kommo-o|Iron Defense|p2a: Kommo-o\n|-boost|p2a: Kommo-o|def|2\n|\n|upkeep\n|turn|10\n|\n|t:|1697388658\n|move|p1a: Iron Moth|Sludge Wave|p2a: Kommo-o\n|-damage|p2a: Kommo-o|19\/100\n|move|p2a: Kommo-o|Iron Defense|p2a: Kommo-o\n|-boost|p2a: Kommo-o|def|0\n|\n|-end|p2a: Kommo-o|Encore\n|upkeep\n|turn|11\n|\n|t:|1697388667\n|move|p1a: Iron Moth|Toxic Spikes|p2a: Kommo-o\n|-sidestart|p2: yohisup|move: Toxic Spikes\n|move|p2a: Kommo-o|Earthquake|p1a: Iron Moth\n|-supereffective|p1a: Iron Moth\n|-damage|p1a: Iron Moth|0 fnt\n|faint|p1a: Iron Moth\n|-end|p1a: Iron Moth|Quark Drive|[silent]\n|\n|upkeep\n|\n|t:|1697388674\n|switch|p1a: Palafin|Palafin-Hero, F|100\/100\n|turn|12\n|\n|t:|1697388679\n|move|p1a: Palafin|Jet Punch|p2a: Kommo-o\n|-resisted|p2a: Kommo-o\n|-damage|p2a: Kommo-o|13\/100\n|-damage|p1a: Palafin|84\/100|[from] item: Rocky Helmet|[of] p2a: Kommo-o\n|move|p2a: Kommo-o|Body Press|p1a: Palafin\n|-damage|p1a: Palafin|0 fnt\n|faint|p1a: Palafin\n|\n|upkeep\n|\n|t:|1697388692\n|switch|p1a: Meowscarada|Meowscarada, M|100\/100\n|turn|13\n|\n|t:|1697388695\n|move|p1a: Meowscarada|Play Rough|p2a: Kommo-o\n|-start|p1a: Meowscarada|typechange|Fairy|[from] ability: Protean\n|-supereffective|p2a: Kommo-o\n|-damage|p2a: Kommo-o|0 fnt\n|-damage|p1a: Meowscarada|84\/100|[from] item: Rocky Helmet|[of] p2a: Kommo-o\n|faint|p2a: Kommo-o\n|\n|upkeep\n|\n|t:|1697388706\n|switch|p2a: Lucario|Lucario, M|100\/100\n|-damage|p2a: Lucario|98\/100|[from] Stealth Rock\n|turn|14\n|\n|t:|1697388713\n|switch|p1a: Tinkaton|Tinkaton, F|100\/100\n|-ability|p1a: Tinkaton|Mold Breaker\n|move|p2a: Lucario|Meteor Mash|p1a: Tinkaton\n|-damage|p1a: Tinkaton|57\/100\n|\n|-heal|p1a: Tinkaton|63\/100|[from] item: Leftovers\n|upkeep\n|turn|15\n|\n|t:|1697388733\n|move|p2a: Lucario|Close Combat|p1a: Tinkaton\n|-damage|p1a: Tinkaton|0 fnt\n|-unboost|p2a: Lucario|def|1\n|-unboost|p2a: Lucario|spd|1\n|faint|p1a: Tinkaton\n|\n|upkeep\n|\n|t:|1697388738\n|switch|p1a: Meowscarada|Meowscarada, M|84\/100\n|turn|16\n|\n|t:|1697388743\n|move|p2a: Lucario|Extreme Speed|p1a: Meowscarada\n|-damage|p1a: Meowscarada|40\/100\n|move|p1a: Meowscarada|Flower Trick|p2a: Lucario\n|-start|p1a: Meowscarada|typechange|Grass|[from] ability: Protean\n|-resisted|p2a: Lucario\n|-crit|p2a: Lucario\n|-damage|p2a: Lucario|40\/100\n|\n|upkeep\n|turn|17\n|\n|t:|1697388753\n|move|p2a: Lucario|Extreme Speed|p1a: Meowscarada\n|-damage|p1a: Meowscarada|0 fnt\n|faint|p1a: Meowscarada\n|\n|upkeep\n|\n|t:|1697388757\n|switch|p1a: Annihilape|Annihilape, M|100\/100\n|turn|18\n|\n|t:|1697388764\n|switch|p2a: Vikavolt|Vikavolt, F|100\/100\n|-damage|p2a: Vikavolt|76\/100|[from] Stealth Rock\n|move|p1a: Annihilape|Bulk Up|p1a: Annihilape\n|-boost|p1a: Annihilape|atk|1\n|-boost|p1a: Annihilape|def|1\n|\n|upkeep\n|turn|19\n|inactive|masterash has 120 seconds left.\n|\n|t:|1697388802\n|move|p1a: Annihilape|Bulk Up|p1a: Annihilape\n|-boost|p1a: Annihilape|atk|1\n|-boost|p1a: Annihilape|def|1\n|move|p2a: Vikavolt|Energy Ball|p1a: Annihilape\n|-damage|p1a: Annihilape|79\/100\n|\n|-heal|p1a: Annihilape|86\/100|[from] item: Leftovers\n|upkeep\n|turn|20\n|inactive|masterash has 120 seconds left.\n|\n|t:|1697388815\n|switch|p2a: Dragapult|Dragapult, M|100\/100\n|-damage|p2a: Dragapult|88\/100|[from] Stealth Rock\n|-status|p2a: Dragapult|psn\n|move|p1a: Annihilape|Rage Fist|p2a: Dragapult\n|-supereffective|p2a: Dragapult\n|-damage|p2a: Dragapult|0 fnt\n|faint|p2a: Dragapult\n|\n|-heal|p1a: Annihilape|92\/100|[from] item: Leftovers\n|upkeep\n|\n|t:|1697388828\n|switch|p2a: Lucario|Lucario, M|40\/100\n|-damage|p2a: Lucario|37\/100|[from] Stealth Rock\n|turn|21\n|\n|t:|1697388834\n|move|p2a: Lucario|Meteor Mash|p1a: Annihilape\n|-damage|p1a: Annihilape|67\/100\n|move|p1a: Annihilape|Drain Punch|p2a: Lucario\n|-supereffective|p2a: Lucario\n|-damage|p2a: Lucario|0 fnt\n|-heal|p1a: Annihilape|79\/100|[from] drain|[of] p2a: Lucario\n|faint|p2a: Lucario\n|\n|-heal|p1a: Annihilape|86\/100|[from] item: Leftovers\n|upkeep\n|\n|t:|1697388845\n|switch|p2a: Vikavolt|Vikavolt, F|76\/100\n|-damage|p2a: Vikavolt|51\/100|[from] Stealth Rock\n|turn|22\n|c|\u2606masterash|GG\n|\n|t:|1697388854\n|move|p1a: Annihilape|Rage Fist|p2a: Vikavolt\n|-damage|p2a: Vikavolt|0 fnt\n|faint|p2a: Vikavolt\n|\n|win|masterash\n|raw|masterash's rating: 1044 &rarr; <strong>1080<\/strong><br \/>(+36 for winning)\n|raw|yohisup's rating: 1076 &rarr; <strong>1053<\/strong><br \/>(-23 for losing)\n|l|\u2606yohisup\n","uploadtime":1697388869,"views":16,"p1id":"masterash","p2id":"yohisup","formatid":"gen9ubers","rating":1053,"private":0,"password":""}