{"id":"gen9ubers-1984239003","p1":"Nuttyr","p2":"ChungleWungle","format":"[Gen 9] Ubers","log":"|j|\u2606Nuttyr\n|j|\u2606ChungleWungle\n|t:|1699233747\n|gametype|singles\n|player|p1|Nuttyr|169|\n|player|p2|ChungleWungle|unknown|\n|teamsize|p1|6\n|teamsize|p2|6\n|gen|9\n|tier|[Gen 9] Ubers\n|rule|Sleep Clause Mod: Limit one foe put to sleep\n|rule|Species Clause: Limit one of each Pok\u00e9mon\n|rule|OHKO Clause: OHKO moves are banned\n|rule|Evasion Items Clause: Evasion items are banned\n|rule|Evasion Moves Clause: Evasion moves are banned\n|rule|Endless Battle Clause: Forcing endless battles is banned\n|rule|HP Percentage Mod: HP is shown in percentages\n|clearpoke\n|poke|p1|Dipplin, F|\n|poke|p1|Gholdengo|\n|poke|p1|Samurott-Hisui, F|\n|poke|p1|Garganacl, F|\n|poke|p1|Quaquaval, M|\n|poke|p1|Ninetales-Alola, F|\n|poke|p2|Polteageist-Antique|\n|poke|p2|Gothitelle, M|\n|poke|p2|Ludicolo, M|\n|poke|p2|Slowking, M|\n|poke|p2|Iron Hands|\n|poke|p2|Iron Valiant|\n|teampreview\n|inactive|Battle timer is ON: inactive players will automatically lose when time's up. (requested by Nuttyr)\n|\n|t:|1699233757\n|start\n|switch|p1a: NaCl|Garganacl, F|100\/100\n|switch|p2a: Perry the Ludicolo|Ludicolo, M, shiny|100\/100\n|turn|1\n|\n|t:|1699233763\n|move|p2a: Perry the Ludicolo|Metronome|p2a: Perry the Ludicolo\n|move|p2a: Perry the Ludicolo|Strength Sap|p1a: NaCl|[from]move: Metronome\n|-unboost|p1a: NaCl|atk|1\n|move|p1a: NaCl|Stealth Rock|p2a: Perry the Ludicolo\n|-sidestart|p2: ChungleWungle|move: Stealth Rock\n|\n|upkeep\n|turn|2\n|\n|t:|1699233770\n|switch|p1a: Edgelord|Samurott-Hisui, F|100\/100\n|move|p2a: Perry the Ludicolo|Metronome|p2a: Perry the Ludicolo\n|move|p2a: Perry the Ludicolo|Bulk Up|p2a: Perry the Ludicolo|[from]move: Metronome\n|-boost|p2a: Perry the Ludicolo|atk|1\n|-boost|p2a: Perry the Ludicolo|def|1\n|\n|upkeep\n|turn|3\n|\n|t:|1699233777\n|move|p1a: Edgelord|Ceaseless Edge|p2a: Perry the Ludicolo\n|-damage|p2a: Perry the Ludicolo|59\/100\n|-sidestart|p2: ChungleWungle|Spikes\n|move|p2a: Perry the Ludicolo|Metronome|p2a: Perry the Ludicolo\n|move|p2a: Perry the Ludicolo|Fly||[from]move: Metronome|[still]\n|-prepare|p2a: Perry the Ludicolo|Fly\n|\n|upkeep\n|turn|4\n|\n|t:|1699233785\n|move|p1a: Edgelord|Ceaseless Edge|p2a: Perry the Ludicolo|[miss]\n|-miss|p1a: Edgelord|p2a: Perry the Ludicolo\n|move|p2a: Perry the Ludicolo|Fly|p1a: Edgelord|[from]lockedmove\n|-damage|p1a: Edgelord|55\/100\n|\n|upkeep\n|turn|5\n|\n|t:|1699233791\n|move|p1a: Edgelord|Ceaseless Edge|p2a: Perry the Ludicolo\n|-damage|p2a: Perry the Ludicolo|15\/100\n|-sidestart|p2: ChungleWungle|Spikes\n|move|p2a: Perry the Ludicolo|Metronome|p2a: Perry the Ludicolo\n|move|p2a: Perry the Ludicolo|Waterfall|p1a: Edgelord|[from]move: Metronome\n|-resisted|p1a: Edgelord\n|-damage|p1a: Edgelord|28\/100\n|\n|upkeep\n|turn|6\n|inactive|ChungleWungle has 270 seconds left.\n|\n|t:|1699233826\n|switch|p1a: The Throngler|Dipplin, F|100\/100\n|switch|p2a: Ping King|Slowking, M, shiny|100\/100\n|-damage|p2a: Ping King|88\/100|[from] Stealth Rock\n|-damage|p2a: Ping King|72\/100|[from] Spikes\n|\n|upkeep\n|turn|7\n|inactive|ChungleWungle has 270 seconds left.\n|\n|t:|1699233847\n|switch|p2a: Frying Pan|Iron Valiant, shiny|100\/100\n|-damage|p2a: Frying Pan|94\/100|[from] Stealth Rock\n|-damage|p2a: Frying Pan|78\/100|[from] Spikes\n|move|p1a: The Throngler|Growth|p1a: The Throngler\n|-boost|p1a: The Throngler|atk|1\n|-boost|p1a: The Throngler|spa|1\n|\n|upkeep\n|turn|8\n|\n|t:|1699233857\n|move|p2a: Frying Pan|Metronome|p2a: Frying Pan\n|move|p2a: Frying Pan|Seismic Toss|p1a: The Throngler|[from]move: Metronome\n|-damage|p1a: The Throngler|73\/100\n|move|p1a: The Throngler|Giga Drain|p2a: Frying Pan\n|-damage|p2a: Frying Pan|14\/100\n|-heal|p1a: The Throngler|98\/100|[from] drain|[of] p2a: Frying Pan\n|\n|upkeep\n|turn|9\n|\n|t:|1699233867\n|move|p2a: Frying Pan|Metronome|p2a: Frying Pan\n|move|p2a: Frying Pan|Flower Trick|p1a: The Throngler|[from]move: Metronome\n|-resisted|p1a: The Throngler\n|-crit|p1a: The Throngler\n|-damage|p1a: The Throngler|91\/100\n|move|p1a: The Throngler|Growth|p1a: The Throngler\n|-boost|p1a: The Throngler|atk|1\n|-boost|p1a: The Throngler|spa|1\n|\n|upkeep\n|turn|10\n|inactive|ChungleWungle has 270 seconds left.\n|\n|t:|1699233874\n|move|p2a: Frying Pan|Metronome|p2a: Frying Pan\n|move|p2a: Frying Pan|Liquidation|p1a: The Throngler|[from]move: Metronome\n|-resisted|p1a: The Throngler\n|-damage|p1a: The Throngler|84\/100\n|move|p1a: The Throngler|Giga Drain|p2a: Frying Pan\n|-damage|p2a: Frying Pan|0 fnt\n|-heal|p1a: The Throngler|90\/100|[from] drain|[of] p2a: Frying Pan\n|faint|p2a: Frying Pan\n|-end|p2a: Frying Pan|Quark Drive|[silent]\n|\n|upkeep\n|inactive|ChungleWungle has 270 seconds left.\n|\n|t:|1699233891\n|switch|p2a: Mister Fister|Iron Hands, shiny|100\/100\n|-damage|p2a: Mister Fister|94\/100|[from] Stealth Rock\n|-damage|p2a: Mister Fister|78\/100|[from] Spikes\n|turn|11\n|\n|t:|1699233896\n|move|p2a: Mister Fister|Metronome|p2a: Mister Fister\n|move|p2a: Mister Fister|Present|p1a: The Throngler|[from]move: Metronome\n|-damage|p1a: The Throngler|81\/100\n|move|p1a: The Throngler|Giga Drain|p2a: Mister Fister\n|-damage|p2a: Mister Fister|35\/100\n|-heal|p1a: The Throngler|100\/100|[from] drain|[of] p2a: Mister Fister\n|\n|upkeep\n|turn|12\n|inactive|ChungleWungle has 270 seconds left.\n|\n|t:|1699233905\n|move|p2a: Mister Fister|Metronome|p2a: Mister Fister\n|move|p2a: Mister Fister|Water Spout|p1a: The Throngler|[from]move: Metronome\n|-resisted|p1a: The Throngler\n|-damage|p1a: The Throngler|99\/100\n|move|p1a: The Throngler|Giga Drain|p2a: Mister Fister\n|-damage|p2a: Mister Fister|0 fnt\n|-heal|p1a: The Throngler|100\/100|[from] drain|[of] p2a: Mister Fister\n|faint|p2a: Mister Fister\n|-end|p2a: Mister Fister|Quark Drive|[silent]\n|\n|upkeep\n|inactive|ChungleWungle has 270 seconds left.\n|\n|t:|1699233922\n|switch|p2a: Steve|Gothitelle, M|100\/100\n|-damage|p2a: Steve|88\/100|[from] Stealth Rock\n|-damage|p2a: Steve|71\/100|[from] Spikes\n|turn|13\n|\n|t:|1699233927\n|move|p2a: Steve|Metronome|p2a: Steve\n|move|p2a: Steve|Triple Dive|p1a: The Throngler|[from]move: Metronome\n|-resisted|p1a: The Throngler\n|-damage|p1a: The Throngler|99\/100\n|-resisted|p1a: The Throngler\n|-damage|p1a: The Throngler|99\/100\n|-resisted|p1a: The Throngler\n|-damage|p1a: The Throngler|99\/100\n|-hitcount|p1a: The Throngler|3\n|move|p1a: The Throngler|Giga Drain|p2a: Steve\n|-damage|p2a: Steve|23\/100\n|-heal|p1a: The Throngler|100\/100|[from] drain|[of] p2a: Steve\n|\n|-heal|p2a: Steve|29\/100|[from] item: Leftovers\n|upkeep\n|turn|14\n|inactive|ChungleWungle has 270 seconds left.\n|\n|t:|1699233940\n|move|p2a: Steve|Metronome|p2a: Steve\n|move|p2a: Steve|Rock Slide|p1a: The Throngler|[from]move: Metronome|[miss]\n|-miss|p2a: Steve|p1a: The Throngler\n|move|p1a: The Throngler|Giga Drain|p2a: Steve\n|-damage|p2a: Steve|0 fnt\n|faint|p2a: Steve\n|\n|upkeep\n|\n|t:|1699233955\n|switch|p2a: Perry the Ludicolo|Ludicolo, M, shiny|15\/100\n|-damage|p2a: Perry the Ludicolo|2\/100|[from] Stealth Rock\n|-damage|p2a: Perry the Ludicolo|0 fnt|[from] Spikes\n|faint|p2a: Perry the Ludicolo\n|\n|t:|1699233963\n|switch|p2a: Ping King|Slowking, M, shiny|100\/100\n|-damage|p2a: Ping King|88\/100|[from] Stealth Rock\n|-damage|p2a: Ping King|72\/100|[from] Spikes\n|turn|15\n|\n|t:|1699233968\n|move|p1a: The Throngler|Giga Drain|p2a: Ping King\n|-supereffective|p2a: Ping King\n|-damage|p2a: Ping King|0 fnt\n|faint|p2a: Ping King\n|\n|upkeep\n|\n|t:|1699233973\n|switch|p2a: Cuppa|Polteageist-Antique, shiny|100\/100\n|-damage|p2a: Cuppa|88\/100|[from] Stealth Rock\n|-damage|p2a: Cuppa|72\/100|[from] Spikes\n|turn|16\n|\n|t:|1699233979\n|move|p2a: Cuppa|Metronome|p2a: Cuppa\n|move|p2a: Cuppa|Heat Crash|p1a: The Throngler|[from]move: Metronome\n|-damage|p1a: The Throngler|97\/100\n|move|p1a: The Throngler|Facade|p2a: Cuppa\n|-immune|p2a: Cuppa\n|\n|upkeep\n|turn|17\n|\n|t:|1699233986\n|move|p2a: Cuppa|Metronome|p2a: Cuppa\n|move|p2a: Cuppa|Dazzling Gleam|p1a: The Throngler|[from]move: Metronome\n|-supereffective|p1a: The Throngler\n|-damage|p1a: The Throngler|47\/100\n|move|p1a: The Throngler|Giga Drain|p2a: Cuppa\n|-damage|p2a: Cuppa|17\/100\n|-heal|p1a: The Throngler|68\/100|[from] drain|[of] p2a: Cuppa\n|-start|p1a: The Throngler|Disable|Giga Drain|[from] ability: Cursed Body|[of] p2a: Cuppa\n|\n|upkeep\n|turn|18\n|\n|t:|1699233995\n|move|p2a: Cuppa|Metronome|p2a: Cuppa\n|move|p2a: Cuppa|Aurora Beam|p1a: The Throngler|[from]move: Metronome\n|-supereffective|p1a: The Throngler\n|-crit|p1a: The Throngler\n|-damage|p1a: The Throngler|0 fnt\n|faint|p1a: The Throngler\n|\n|upkeep\n|\n|t:|1699234004\n|switch|p1a: Howard|Quaquaval, M|100\/100\n|turn|19\n|\n|t:|1699234008\n|-terastallize|p2a: Cuppa|Fire\n|move|p1a: Howard|Aqua Step|p2a: Cuppa\n|-supereffective|p2a: Cuppa\n|-damage|p2a: Cuppa|0 fnt\n|-boost|p1a: Howard|spe|1\n|-start|p1a: Howard|Disable|Aqua Step|[from] ability: Cursed Body|[of] p2a: Cuppa\n|faint|p2a: Cuppa\n|\n|win|Nuttyr\n","uploadtime":1699234018,"views":8,"p1id":"nuttyr","p2id":"chunglewungle","formatid":"gen9ubers","rating":0,"private":0,"password":""}