{"id":"gen9ubers-1970083557","p1":"seanbonjoviii","p2":"kiemoe","format":"[Gen 9] Ubers","log":"|j|\u2606seanbonjoviii\n|j|\u2606kiemoe\n|t:|1697592452\n|gametype|singles\n|player|p1|seanbonjoviii|backers|\n|player|p2|kiemoe|169|\n|teamsize|p1|6\n|teamsize|p2|6\n|gen|9\n|tier|[Gen 9] Ubers\n|rule|Sleep Clause Mod: Limit one foe put to sleep\n|rule|Species Clause: Limit one of each Pok\u00e9mon\n|rule|OHKO Clause: OHKO moves are banned\n|rule|Evasion Items Clause: Evasion items are banned\n|rule|Evasion Moves Clause: Evasion moves are banned\n|rule|Endless Battle Clause: Forcing endless battles is banned\n|rule|HP Percentage Mod: HP is shown in percentages\n|clearpoke\n|poke|p1|Zoroark-Hisui, F|\n|poke|p1|Volcarona, M|\n|poke|p1|Donphan, F|\n|poke|p1|Scream Tail|\n|poke|p1|Dragonite, M|\n|poke|p1|Umbreon, F|\n|poke|p2|Landorus-Therian, M|\n|poke|p2|Gholdengo|\n|poke|p2|Houndstone, M|\n|poke|p2|Hippowdon, M|\n|poke|p2|Garchomp, F|\n|poke|p2|Grimmsnarl, M|\n|teampreview\n|j| Haymaker_92\n|c| Haymaker_92|gl gl\n|c|\u2606kiemoe|glgl\n|c|\u2606seanbonjoviii|waiting for the psl commence\n|c|\u2606seanbonjoviii|gl hf\n|j| BigBabyGerry\n|j| Du-Gi-Oh\n|c| BigBabyGerry|gl\n|c| Du-Gi-Oh|HOLD\n|c| Du-Gi-Oh|DSK vs DSM\n|c| Du-Gi-Oh|so much syndication\n|c|\u2606seanbonjoviii|ah man\n|c|\u2606kiemoe|my affiliations with the dsk are all hearsay\n|c|\u2606seanbonjoviii|i just noticed some cheese i could have done\n|c|\u2606seanbonjoviii|im very sad\n|c| Du-Gi-Oh|PSL COMMENCE\n|\n|t:|1697592617\n|start\n|switch|p1a: Volcarona|Volcarona, M|100\/100\n|switch|p2a: Grimmsnarl|Grimmsnarl, M|100\/100\n|turn|1\n|\n|t:|1697592643\n|move|p2a: Grimmsnarl|Light Screen|p2a: Grimmsnarl\n|-sidestart|p2: kiemoe|move: Light Screen\n|move|p1a: Volcarona|Trick|p2a: Grimmsnarl\n|-activate|p1a: Volcarona|move: Trick|[of] p2a: Grimmsnarl\n|-item|p2a: Grimmsnarl|Choice Specs|[from] move: Trick\n|-item|p1a: Volcarona|Light Clay|[from] move: Trick\n|\n|upkeep\n|turn|2\n|\n|t:|1697592655\n|move|p2a: Grimmsnarl|Parting Shot|p1a: Volcarona\n|-unboost|p1a: Volcarona|atk|1\n|-unboost|p1a: Volcarona|spa|1\n|\n|t:|1697592680\n|switch|p2a: Landorus|Landorus-Therian, M|100\/100|[from] Parting Shot\n|-ability|p2a: Landorus|Intimidate|boost\n|-unboost|p1a: Volcarona|atk|1\n|move|p1a: Volcarona|Substitute|p1a: Volcarona\n|-start|p1a: Volcarona|Substitute\n|-damage|p1a: Volcarona|76\/100\n|\n|upkeep\n|turn|3\n|\n|t:|1697592697\n|move|p2a: Landorus|Earthquake|p1a: Volcarona\n|-end|p1a: Volcarona|Substitute\n|move|p1a: Volcarona|Trick|p2a: Landorus\n|-activate|p1a: Volcarona|move: Trick|[of] p2a: Landorus\n|-item|p2a: Landorus|Light Clay|[from] move: Trick\n|-item|p1a: Volcarona|Choice Scarf|[from] move: Trick\n|\n|upkeep\n|turn|4\n|c| Du-Gi-Oh|alot of cheese\n|\n|t:|1697592715\n|switch|p1a: Donphan|Donphan, F|100\/100\n|move|p2a: Landorus|Earthquake|p1a: Donphan\n|-damage|p1a: Donphan|65\/100\n|\n|-heal|p1a: Donphan|72\/100|[from] item: Leftovers\n|upkeep\n|turn|5\n|c| Du-Gi-Oh|curderburger\n|c| Du-Gi-Oh|no BOGO coupons\n|\n|t:|1697592780\n|switch|p2a: Grimmsnarl|Grimmsnarl, M|100\/100\n|move|p1a: Donphan|Stealth Rock|p2a: Grimmsnarl\n|-sidestart|p2: kiemoe|move: Stealth Rock\n|\n|-heal|p1a: Donphan|78\/100|[from] item: Leftovers\n|upkeep\n|turn|6\n|\n|t:|1697592794\n|move|p2a: Grimmsnarl|Reflect|p2a: Grimmsnarl\n|-sidestart|p2: kiemoe|Reflect\n|move|p1a: Donphan|Earthquake|p2a: Grimmsnarl\n|-damage|p2a: Grimmsnarl|77\/100\n|\n|-heal|p1a: Donphan|84\/100|[from] item: Leftovers\n|upkeep\n|turn|7\n|\n|t:|1697592830\n|switch|p2a: Landorus|Landorus-Therian, M|100\/100\n|-damage|p2a: Landorus|88\/100|[from] Stealth Rock\n|-ability|p2a: Landorus|Intimidate|boost\n|-unboost|p1a: Donphan|atk|1\n|move|p1a: Donphan|Roar|p2a: Landorus\n|drag|p2a: Gholdengo|Gholdengo|100\/100\n|-damage|p2a: Gholdengo|94\/100|[from] Stealth Rock\n|\n|-heal|p1a: Donphan|90\/100|[from] item: Leftovers\n|upkeep\n|turn|8\n|c| Du-Gi-Oh|cool points awarded to Kiemoe\n|c| Du-Gi-Oh|Also cool points to Gerry\n|c| Du-Gi-Oh|illegal screen\n|\n|t:|1697592903\n|-terastallize|p2a: Gholdengo|Dark\n|move|p2a: Gholdengo|Make It Rain|p1a: Donphan\n|-damage|p1a: Donphan|11\/100\n|-unboost|p2a: Gholdengo|spa|1\n|-enditem|p2a: Gholdengo|White Herb\n|-clearnegativeboost|p2a: Gholdengo|[silent]\n|move|p1a: Donphan|Earthquake|p2a: Gholdengo\n|-damage|p2a: Gholdengo|79\/100\n|\n|-heal|p1a: Donphan|17\/100|[from] item: Leftovers\n|-sideend|p2: kiemoe|move: Light Screen\n|upkeep\n|turn|9\n|c| Du-Gi-Oh|UNBELIEVABLE\n|\n|t:|1697592926\n|switch|p1a: Umbreon|Umbreon, F|100\/100\n|move|p2a: Gholdengo|Make It Rain|p1a: Umbreon\n|-damage|p1a: Umbreon|58\/100\n|-unboost|p2a: Gholdengo|spa|1\n|\n|upkeep\n|turn|10\n|\n|t:|1697592973\n|switch|p2a: Grimmsnarl|Grimmsnarl, M|77\/100\n|-damage|p2a: Grimmsnarl|65\/100|[from] Stealth Rock\n|move|p1a: Umbreon|Wish|p1a: Umbreon\n|\n|-sideend|p2: kiemoe|Reflect\n|upkeep\n|turn|11\n|\n|t:|1697592992\n|move|p2a: Grimmsnarl|Light Screen|p2a: Grimmsnarl\n|-sidestart|p2: kiemoe|move: Light Screen\n|move|p1a: Umbreon|Toxic|p2a: Grimmsnarl\n|-status|p2a: Grimmsnarl|tox\n|\n|-heal|p1a: Umbreon|100\/100|[from] move: Wish|[wisher] Umbreon\n|-damage|p2a: Grimmsnarl|59\/100 tox|[from] psn\n|upkeep\n|turn|12\n|\n|t:|1697593012\n|switch|p1a: Volcarona|Volcarona, M|76\/100\n|switch|p2a: Landorus|Landorus-Therian, M|88\/100\n|-damage|p2a: Landorus|76\/100|[from] Stealth Rock\n|-ability|p2a: Landorus|Intimidate|boost\n|-unboost|p1a: Volcarona|atk|1\n|\n|upkeep\n|turn|13\n|\n|t:|1697593033\n|-terastallize|p1a: Volcarona|Ice\n|move|p1a: Volcarona|Tera Blast|p2a: Landorus|[anim] Tera Blast Ice\n|-supereffective|p2a: Landorus\n|-damage|p2a: Landorus|0 fnt\n|faint|p2a: Landorus\n|\n|upkeep\n|c| Haymaker_92|cool points to sean\n|c| Du-Gi-Oh|ABSOLUTE SHOCK\n|c| Du-Gi-Oh|Kiemoe must recover..\n|\n|t:|1697593081\n|switch|p2a: Gholdengo|Gholdengo, tera:Dark|79\/100\n|-damage|p2a: Gholdengo|66\/100|[from] Stealth Rock\n|turn|14\n|\n|t:|1697593091\n|switch|p1a: Umbreon|Umbreon, F|100\/100\n|move|p2a: Gholdengo|Make It Rain|p1a: Umbreon\n|-damage|p1a: Umbreon|58\/100\n|-unboost|p2a: Gholdengo|spa|1\n|\n|upkeep\n|turn|15\n|c| Du-Gi-Oh|non-alcoholic beverage\n|c| Du-Gi-Oh|possible DQ\n|\n|t:|1697593103\n|move|p2a: Gholdengo|Nasty Plot|p2a: Gholdengo\n|-boost|p2a: Gholdengo|spa|2\n|move|p1a: Umbreon|Wish|p1a: Umbreon\n|\n|-sideend|p2: kiemoe|move: Light Screen\n|upkeep\n|turn|16\n|\n|t:|1697593113\n|switch|p1a: Donphan|Donphan, F|17\/100\n|move|p2a: Gholdengo|Recover|p2a: Gholdengo\n|-heal|p2a: Gholdengo|100\/100\n|\n|-heal|p1a: Donphan|69\/100|[from] move: Wish|[wisher] Umbreon\n|-heal|p1a: Donphan|75\/100|[from] item: Leftovers\n|upkeep\n|turn|17\n|\n|t:|1697593163\n|move|p2a: Gholdengo|Shadow Ball|p1a: Donphan\n|-damage|p1a: Donphan|0 fnt\n|faint|p1a: Donphan\n|\n|upkeep\n|\n|t:|1697593182\n|switch|p1a: Dragonite|Dragonite, M|100\/100\n|turn|18\n|\n|t:|1697593191\n|move|p2a: Gholdengo|Make It Rain|p1a: Dragonite\n|-damage|p1a: Dragonite|57\/100\n|-unboost|p2a: Gholdengo|spa|1\n|move|p1a: Dragonite|Dragon Dance|p1a: Dragonite\n|-boost|p1a: Dragonite|atk|1\n|-boost|p1a: Dragonite|spe|1\n|\n|upkeep\n|turn|19\n|\n|t:|1697593247\n|move|p1a: Dragonite|Roost|p1a: Dragonite\n|-heal|p1a: Dragonite|100\/100\n|-singleturn|p1a: Dragonite|move: Roost\n|move|p2a: Gholdengo|Make It Rain|p1a: Dragonite\n|-damage|p1a: Dragonite|71\/100\n|-unboost|p2a: Gholdengo|spa|1\n|\n|upkeep\n|turn|20\n|c|\u2606seanbonjoviii|!dt prankster\n|raw|<ul class=\"utilichart\"><li class=\"result\"><span class=\"col namecol\"><a href=\"https:\/\/dex.pokemonshowdown.com\/abilities\/prankster\">Prankster<\/a><\/span> <span class=\"col abilitydesccol\">This Pokemon's Status moves have priority raised by 1, but Dark types are immune.<\/span> <\/li><li style=\"clear:both\"><\/li><\/ul>\n|raw|<font size=\"1\"><font color=\"#686868\">Gen:<\/font> 5<\/font>\n\n|\n|t:|1697593305\n|switch|p2a: Grimmsnarl|Grimmsnarl, M|59\/100 tox\n|-damage|p2a: Grimmsnarl|46\/100 tox|[from] Stealth Rock\n|move|p1a: Dragonite|Dragon Dance|p1a: Dragonite\n|-boost|p1a: Dragonite|atk|1\n|-boost|p1a: Dragonite|spe|1\n|\n|-damage|p2a: Grimmsnarl|40\/100 tox|[from] psn\n|upkeep\n|turn|21\n|\n|t:|1697593317\n|move|p1a: Dragonite|Aqua Jet|p2a: Grimmsnarl\n|-damage|p2a: Grimmsnarl|4\/100 tox\n|move|p2a: Grimmsnarl|Reflect|p2a: Grimmsnarl\n|-sidestart|p2: kiemoe|Reflect\n|\n|-damage|p2a: Grimmsnarl|0 fnt|[from] psn\n|faint|p2a: Grimmsnarl\n|upkeep\n|\n|t:|1697593372\n|switch|p2a: Garchomp|Garchomp, F|100\/100\n|-damage|p2a: Garchomp|94\/100|[from] Stealth Rock\n|turn|22\n|\n|t:|1697593380\n|move|p1a: Dragonite|Ice Spinner|p2a: Garchomp\n|-supereffective|p2a: Garchomp\n|-damage|p2a: Garchomp|0 fnt\n|-damage|p1a: Dragonite|59\/100|[from] ability: Rough Skin|[of] p2a: Garchomp\n|faint|p2a: Garchomp\n|\n|upkeep\n|\n|t:|1697593387\n|switch|p2a: Hippowdon|Hippowdon, M|100\/100\n|-damage|p2a: Hippowdon|94\/100|[from] Stealth Rock\n|-weather|Sandstorm|[from] ability: Sand Stream|[of] p2a: Hippowdon\n|turn|23\n|\n|t:|1697593394\n|move|p1a: Dragonite|Roost|p1a: Dragonite\n|-heal|p1a: Dragonite|100\/100\n|-singleturn|p1a: Dragonite|move: Roost\n|move|p2a: Hippowdon|Whirlwind|p1a: Dragonite\n|drag|p1a: Umbreon|Umbreon, F|58\/100\n|\n|-weather|Sandstorm|[upkeep]\n|-damage|p1a: Umbreon|52\/100|[from] Sandstorm\n|upkeep\n|turn|24\n|\n|t:|1697593423\n|move|p1a: Umbreon|Toxic|p2a: Hippowdon\n|-status|p2a: Hippowdon|tox\n|move|p2a: Hippowdon|Stealth Rock|p1a: Umbreon\n|-sidestart|p1: seanbonjoviii|move: Stealth Rock\n|\n|-weather|Sandstorm|[upkeep]\n|-damage|p1a: Umbreon|46\/100|[from] Sandstorm\n|-damage|p2a: Hippowdon|88\/100 tox|[from] psn\n|upkeep\n|turn|25\n|\n|t:|1697593445\n|switch|p2a: Gholdengo|Gholdengo, tera:Dark|100\/100\n|-damage|p2a: Gholdengo|88\/100|[from] Stealth Rock\n|move|p1a: Umbreon|Wish|p1a: Umbreon\n|\n|-weather|Sandstorm|[upkeep]\n|-damage|p2a: Gholdengo|82\/100|[from] Sandstorm\n|-damage|p1a: Umbreon|40\/100|[from] Sandstorm\n|-sideend|p2: kiemoe|Reflect\n|upkeep\n|turn|26\n|c|\u2606seanbonjoviii|!dt good as gold\n|raw|<ul class=\"utilichart\"><li class=\"result\"><span class=\"col namecol\"><a href=\"https:\/\/dex.pokemonshowdown.com\/abilities\/goodasgold\">Good as Gold<\/a><\/span> <span class=\"col abilitydesccol\">This Pokemon is immune to Status moves.<\/span> <\/li><li style=\"clear:both\"><\/li><\/ul>\n|raw|<font size=\"1\"><font color=\"#686868\">Gen:<\/font> 9&nbsp;|&ThickSpace;&#10003; Ignored by Mold Breaker<\/font>\n\n|\n|t:|1697593488\n|move|p1a: Umbreon|Protect|p1a: Umbreon\n|-singleturn|p1a: Umbreon|Protect\n|move|p2a: Gholdengo|Nasty Plot|p2a: Gholdengo\n|-boost|p2a: Gholdengo|spa|2\n|\n|-weather|Sandstorm|[upkeep]\n|-damage|p2a: Gholdengo|76\/100|[from] Sandstorm\n|-damage|p1a: Umbreon|33\/100|[from] Sandstorm\n|-heal|p1a: Umbreon|83\/100|[from] move: Wish|[wisher] Umbreon\n|upkeep\n|turn|27\n|\n|t:|1697593500\n|switch|p1a: Volcarona|Volcarona, M|100\/100\n|-damage|p1a: Volcarona|51\/100|[from] Stealth Rock\n|move|p2a: Gholdengo|Nasty Plot|p2a: Gholdengo\n|-boost|p2a: Gholdengo|spa|2\n|\n|-weather|Sandstorm|[upkeep]\n|-damage|p1a: Volcarona|44\/100|[from] Sandstorm\n|-damage|p2a: Gholdengo|69\/100|[from] Sandstorm\n|upkeep\n|turn|28\n|\n|t:|1697593511\n|move|p1a: Volcarona|Flamethrower|p2a: Gholdengo\n|-damage|p2a: Gholdengo|23\/100\n|move|p2a: Gholdengo|Recover|p2a: Gholdengo\n|-heal|p2a: Gholdengo|73\/100\n|\n|-weather|Sandstorm|[upkeep]\n|-damage|p1a: Volcarona|38\/100|[from] Sandstorm\n|-damage|p2a: Gholdengo|67\/100|[from] Sandstorm\n|upkeep\n|turn|29\n|\n|t:|1697593520\n|move|p1a: Volcarona|Flamethrower|p2a: Gholdengo\n|-damage|p2a: Gholdengo|20\/100\n|move|p2a: Gholdengo|Recover|p2a: Gholdengo\n|-heal|p2a: Gholdengo|70\/100\n|\n|-weather|Sandstorm|[upkeep]\n|-damage|p1a: Volcarona|32\/100|[from] Sandstorm\n|-damage|p2a: Gholdengo|64\/100|[from] Sandstorm\n|upkeep\n|turn|30\n|\n|t:|1697593530\n|move|p1a: Volcarona|Quiver Dance|p1a: Volcarona\n|-boost|p1a: Volcarona|spa|1\n|-boost|p1a: Volcarona|spd|1\n|-boost|p1a: Volcarona|spe|1\n|move|p2a: Gholdengo|Recover|p2a: Gholdengo\n|-heal|p2a: Gholdengo|100\/100\n|\n|-weather|none\n|upkeep\n|turn|31\n|\n|t:|1697593544\n|move|p1a: Volcarona|Flamethrower|p2a: Gholdengo\n|-damage|p2a: Gholdengo|27\/100\n|move|p2a: Gholdengo|Shadow Ball|p1a: Volcarona\n|-damage|p1a: Volcarona|0 fnt\n|faint|p1a: Volcarona\n|\n|upkeep\n|\n|t:|1697593546\n|switch|p1a: Scream Tail|Scream Tail|100\/100\n|-damage|p1a: Scream Tail|88\/100|[from] Stealth Rock\n|-enditem|p1a: Scream Tail|Booster Energy\n|-activate|p1a: Scream Tail|ability: Protosynthesis|[fromitem]\n|-start|p1a: Scream Tail|protosynthesisspe\n|turn|32\n|\n|t:|1697593593\n|switch|p2a: Hippowdon|Hippowdon, M|88\/100 tox\n|-damage|p2a: Hippowdon|82\/100 tox|[from] Stealth Rock\n|-weather|Sandstorm|[from] ability: Sand Stream|[of] p2a: Hippowdon\n|move|p1a: Scream Tail|Dazzling Gleam|p2a: Hippowdon\n|-damage|p2a: Hippowdon|53\/100 tox\n|\n|-weather|Sandstorm|[upkeep]\n|-damage|p1a: Scream Tail|82\/100|[from] Sandstorm\n|-damage|p2a: Hippowdon|47\/100 tox|[from] psn\n|upkeep\n|turn|33\n|\n|t:|1697593627\n|move|p1a: Scream Tail|Calm Mind|p1a: Scream Tail\n|-boost|p1a: Scream Tail|spa|1\n|-boost|p1a: Scream Tail|spd|1\n|move|p2a: Hippowdon|Whirlwind|p1a: Scream Tail\n|-end|p1a: Scream Tail|Protosynthesis|[silent]\n|drag|p1a: Umbreon|Umbreon, F|83\/100\n|-damage|p1a: Umbreon|71\/100|[from] Stealth Rock\n|\n|-weather|Sandstorm|[upkeep]\n|-damage|p1a: Umbreon|65\/100|[from] Sandstorm\n|-damage|p2a: Hippowdon|35\/100 tox|[from] psn\n|upkeep\n|turn|34\n|\n|t:|1697593641\n|switch|p1a: Dragonite|Dragonite, M|100\/100\n|move|p2a: Hippowdon|Slack Off|p2a: Hippowdon\n|-heal|p2a: Hippowdon|85\/100 tox\n|\n|-weather|Sandstorm|[upkeep]\n|-damage|p1a: Dragonite|94\/100|[from] Sandstorm\n|-damage|p2a: Hippowdon|66\/100 tox|[from] psn\n|upkeep\n|turn|35\n|\n|t:|1697593659\n|switch|p2a: Houndstone|Houndstone, M|100\/100\n|-damage|p2a: Houndstone|88\/100|[from] Stealth Rock\n|move|p1a: Dragonite|Ice Spinner|p2a: Houndstone\n|-damage|p2a: Houndstone|57\/100\n|\n|-weather|Sandstorm|[upkeep]\n|-damage|p1a: Dragonite|88\/100|[from] Sandstorm\n|upkeep\n|turn|36\n|\n|t:|1697593703\n|switch|p1a: Umbreon|Umbreon, F|65\/100\n|-damage|p1a: Umbreon|53\/100|[from] Stealth Rock\n|move|p2a: Houndstone|Last Respects|p1a: Umbreon\n|-resisted|p1a: Umbreon\n|-damage|p1a: Umbreon|9\/100\n|\n|-weather|Sandstorm|[upkeep]\n|-damage|p1a: Umbreon|3\/100|[from] Sandstorm\n|upkeep\n|turn|37\n|\n|t:|1697593713\n|move|p2a: Houndstone|Last Respects|p1a: Umbreon\n|-resisted|p1a: Umbreon\n|-damage|p1a: Umbreon|0 fnt\n|faint|p1a: Umbreon\n|\n|-weather|Sandstorm|[upkeep]\n|upkeep\n|\n|t:|1697593750\n|switch|p1a: Scream Tail|Scream Tail|82\/100\n|-damage|p1a: Scream Tail|70\/100|[from] Stealth Rock\n|turn|38\n|\n|t:|1697593774\n|-end|p1a: Scream Tail|Protosynthesis|[silent]\n|switch|p1a: Dragonite|Dragonite, M, tera:Ice|76\/100\n|-damage|p1a: Dragonite|51\/100|[from] Stealth Rock\n|move|p2a: Houndstone|Last Respects|p1a: Dragonite\n|-damage|p1a: Dragonite|0 fnt\n|replace|p1a: Zoroark|Zoroark-Hisui, F\n|-end|p1a: Zoroark|Illusion\n|faint|p1a: Zoroark\n|\n|-weather|Sandstorm|[upkeep]\n|upkeep\n|\n|t:|1697593793\n|switch|p1a: Scream Tail|Scream Tail|70\/100\n|-damage|p1a: Scream Tail|57\/100|[from] Stealth Rock\n|turn|39\n|\n|t:|1697593803\n|move|p2a: Houndstone|Last Respects|p1a: Scream Tail\n|-supereffective|p1a: Scream Tail\n|-damage|p1a: Scream Tail|0 fnt\n|faint|p1a: Scream Tail\n|-end|p1a: Scream Tail|Protosynthesis|[silent]\n|\n|-weather|none\n|upkeep\n|\n|t:|1697593805\n|switch|p1a: Dragonite|Dragonite, M|88\/100\n|turn|40\n|\n|t:|1697593819\n|switch|p2a: Hippowdon|Hippowdon, M|66\/100 tox\n|-damage|p2a: Hippowdon|60\/100 tox|[from] Stealth Rock\n|-weather|Sandstorm|[from] ability: Sand Stream|[of] p2a: Hippowdon\n|move|p1a: Dragonite|Roost|p1a: Dragonite\n|-heal|p1a: Dragonite|100\/100\n|-singleturn|p1a: Dragonite|move: Roost\n|\n|-weather|Sandstorm|[upkeep]\n|-damage|p1a: Dragonite|94\/100|[from] Sandstorm\n|-damage|p2a: Hippowdon|54\/100 tox|[from] psn\n|upkeep\n|turn|41\n|\n|t:|1697593836\n|move|p1a: Dragonite|Dragon Dance|p1a: Dragonite\n|-boost|p1a: Dragonite|atk|1\n|-boost|p1a: Dragonite|spe|1\n|move|p2a: Hippowdon|Whirlwind||[still]\n|-fail|p2a: Hippowdon\n|\n|-weather|Sandstorm|[upkeep]\n|-damage|p1a: Dragonite|88\/100|[from] Sandstorm\n|-damage|p2a: Hippowdon|41\/100 tox|[from] psn\n|upkeep\n|turn|42\n|c|\u2606kiemoe|oh, glitched on my side said you had another mon\n|c|\u2606seanbonjoviii|thats not a glitch ;)\n|c|\u2606seanbonjoviii|zoroark mechanics are weird af\n|\n|t:|1697593921\n|move|p1a: Dragonite|Dragon Dance|p1a: Dragonite\n|-boost|p1a: Dragonite|atk|1\n|-boost|p1a: Dragonite|spe|1\n|move|p2a: Hippowdon|Slack Off|p2a: Hippowdon\n|-heal|p2a: Hippowdon|91\/100 tox\n|\n|-weather|Sandstorm|[upkeep]\n|-damage|p1a: Dragonite|82\/100|[from] Sandstorm\n|-damage|p2a: Hippowdon|73\/100 tox|[from] psn\n|upkeep\n|turn|43\n|\n|t:|1697593932\n|switch|p2a: Gholdengo|Gholdengo, tera:Dark|27\/100\n|-damage|p2a: Gholdengo|14\/100|[from] Stealth Rock\n|move|p1a: Dragonite|Dragon Dance|p1a: Dragonite\n|-boost|p1a: Dragonite|atk|1\n|-boost|p1a: Dragonite|spe|1\n|\n|-weather|Sandstorm|[upkeep]\n|-damage|p1a: Dragonite|76\/100|[from] Sandstorm\n|-damage|p2a: Gholdengo|8\/100|[from] Sandstorm\n|upkeep\n|turn|44\n|\n|t:|1697593946\n|move|p1a: Dragonite|Roost|p1a: Dragonite\n|-heal|p1a: Dragonite|100\/100\n|-singleturn|p1a: Dragonite|move: Roost\n|move|p2a: Gholdengo|Make It Rain|p1a: Dragonite\n|-damage|p1a: Dragonite|70\/100\n|-unboost|p2a: Gholdengo|spa|1\n|\n|-weather|Sandstorm|[upkeep]\n|-damage|p1a: Dragonite|64\/100|[from] Sandstorm\n|-damage|p2a: Gholdengo|2\/100|[from] Sandstorm\n|upkeep\n|turn|45\n|\n|t:|1697593965\n|move|p1a: Dragonite|Dragon Dance|p1a: Dragonite\n|-boost|p1a: Dragonite|atk|1\n|-boost|p1a: Dragonite|spe|1\n|move|p2a: Gholdengo|Make It Rain|p1a: Dragonite\n|-damage|p1a: Dragonite|27\/100\n|-unboost|p2a: Gholdengo|spa|1\n|\n|-weather|Sandstorm|[upkeep]\n|-damage|p1a: Dragonite|21\/100|[from] Sandstorm\n|-damage|p2a: Gholdengo|0 fnt|[from] Sandstorm\n|faint|p2a: Gholdengo\n|upkeep\n|\n|t:|1697593976\n|switch|p2a: Houndstone|Houndstone, M|57\/100\n|-damage|p2a: Houndstone|44\/100|[from] Stealth Rock\n|turn|46\n|\n|t:|1697593984\n|move|p1a: Dragonite|Aqua Jet|p2a: Houndstone\n|-damage|p2a: Houndstone|0 fnt\n|faint|p2a: Houndstone\n|\n|-weather|Sandstorm|[upkeep]\n|-damage|p1a: Dragonite|14\/100|[from] Sandstorm\n|upkeep\n|\n|t:|1697593990\n|switch|p2a: Hippowdon|Hippowdon, M|73\/100 tox\n|-damage|p2a: Hippowdon|66\/100 tox|[from] Stealth Rock\n|turn|47\n|\n|t:|1697593994\n|move|p1a: Dragonite|Aqua Jet|p2a: Hippowdon\n|-supereffective|p2a: Hippowdon\n|-damage|p2a: Hippowdon|19\/100 tox\n|move|p2a: Hippowdon|Earthquake|p1a: Dragonite\n|-immune|p1a: Dragonite\n|\n|-weather|none\n|-damage|p2a: Hippowdon|13\/100 tox|[from] psn\n|upkeep\n|turn|48\n|c|\u2606kiemoe|ggs\n|\n|t:|1697594004\n|move|p1a: Dragonite|Ice Spinner|p2a: Hippowdon\n|-supereffective|p2a: Hippowdon\n|-damage|p2a: Hippowdon|0 fnt\n|faint|p2a: Hippowdon\n|\n|win|seanbonjoviii\n|c|\u2606seanbonjoviii|gg\n|c| Haymaker_92|ggs\n|l|\u2606kiemoe\n","uploadtime":1697594008,"views":13,"p1id":"seanbonjoviii","p2id":"kiemoe","formatid":"gen9ubers","rating":0,"private":0,"password":""}