{"id":"gen9ubers-1991344428","p1":"RubenPaCe","p2":"Leo Justice","format":"[Gen 9] Ubers","log":"|j|\u2606RubenPaCe\n|j|\u2606Leo Justice\n|t:|1700069343\n|gametype|singles\n|player|p1|RubenPaCe|102|\n|player|p2|Leo Justice|carmine|\n|teamsize|p1|6\n|teamsize|p2|6\n|gen|9\n|tier|[Gen 9] Ubers\n|rule|Sleep Clause Mod: Limit one foe put to sleep\n|rule|Species Clause: Limit one of each Pok\u00e9mon\n|rule|OHKO Clause: OHKO moves are banned\n|rule|Evasion Items Clause: Evasion items are banned\n|rule|Evasion Moves Clause: Evasion moves are banned\n|rule|Endless Battle Clause: Forcing endless battles is banned\n|rule|HP Percentage Mod: HP is shown in percentages\n|clearpoke\n|poke|p1|Ursaluna-Bloodmoon, M|\n|poke|p1|Amoonguss, F|\n|poke|p1|Magearna|\n|poke|p1|Zacian-*|\n|poke|p1|Palkia-Origin|\n|poke|p1|Arceus-Dragon|\n|poke|p2|Palafin, M|\n|poke|p2|Magearna|\n|poke|p2|Arceus-Poison|\n|poke|p2|Dialga|\n|poke|p2|Rillaboom, M|\n|poke|p2|Dragapult, M|\n|teampreview\n|c|\u2606RubenPaCe|I lost all my fucking teams again\n|c|\u2606Leo Justice|Lol\n|c|\u2606RubenPaCe|well I deleted them again\n|c|\u2606RubenPaCe|this is the only one I have and it's the cause of me losing all my teams stupid shit team\n|c|\u2606RubenPaCe|it better win or I'll anihilate it\n|c|\u2606RubenPaCe|hf!\n|\n|t:|1700069402\n|start\n|switch|p1a: Arceus|Arceus-Dragon|100\/100\n|switch|p2a: Palafin|Palafin, M|100\/100\n|turn|1\n|\n|t:|1700069415\n|detailschange|p2a: Palafin|Palafin-Hero, M\n|switch|p2a: Magearna|Magearna|100\/100\n|move|p1a: Arceus|Will-O-Wisp|p2a: Magearna\n|-status|p2a: Magearna|brn\n|\n|-damage|p2a: Magearna|94\/100 brn|[from] brn\n|upkeep\n|turn|2\n|\n|t:|1700069433\n|move|p1a: Arceus|Earth Power|p2a: Magearna\n|-supereffective|p2a: Magearna\n|-damage|p2a: Magearna|63\/100 brn\n|move|p2a: Magearna|Spikes|p1a: Arceus\n|-sidestart|p1: RubenPaCe|Spikes\n|\n|-heal|p2a: Magearna|69\/100 brn|[from] item: Leftovers\n|-damage|p2a: Magearna|63\/100 brn|[from] brn\n|upkeep\n|turn|3\n|\n|t:|1700069439\n|switch|p1a: Amoonguss|Amoonguss, F|100\/100\n|move|p2a: Magearna|Fleur Cannon|p1a: Amoonguss\n|-resisted|p1a: Amoonguss\n|-damage|p1a: Amoonguss|72\/100\n|-unboost|p2a: Magearna|spa|2\n|\n|-heal|p2a: Magearna|69\/100 brn|[from] item: Leftovers\n|-damage|p2a: Magearna|63\/100 brn|[from] brn\n|upkeep\n|turn|4\n|\n|t:|1700069450\n|switch|p1a: Ursaluna|Ursaluna-Bloodmoon, M|100\/100\n|move|p2a: Magearna|Volt Switch|p1a: Ursaluna\n|-immune|p1a: Ursaluna\n|\n|-heal|p2a: Magearna|69\/100 brn|[from] item: Leftovers\n|-damage|p2a: Magearna|63\/100 brn|[from] brn\n|upkeep\n|turn|5\n|\n|t:|1700069456\n|move|p1a: Ursaluna|Calm Mind|p1a: Ursaluna\n|-boost|p1a: Ursaluna|spa|1\n|-boost|p1a: Ursaluna|spd|1\n|move|p2a: Magearna|Encore|p1a: Ursaluna\n|-start|p1a: Ursaluna|Encore\n|\n|-heal|p2a: Magearna|69\/100 brn|[from] item: Leftovers\n|-damage|p2a: Magearna|63\/100 brn|[from] brn\n|upkeep\n|turn|6\n|\n|t:|1700069459\n|switch|p2a: Rillaboom|Rillaboom, M|100\/100\n|-fieldstart|move: Grassy Terrain|[from] ability: Grassy Surge|[of] p2a: Rillaboom\n|move|p1a: Ursaluna|Calm Mind|p1a: Ursaluna\n|-boost|p1a: Ursaluna|spa|1\n|-boost|p1a: Ursaluna|spd|1\n|\n|upkeep\n|turn|7\n|\n|t:|1700069479\n|switch|p1a: Arceus|Arceus-Dragon|100\/100\n|-damage|p1a: Arceus|88\/100|[from] Spikes\n|move|p2a: Rillaboom|U-turn|p1a: Arceus\n|-damage|p1a: Arceus|64\/100\n|\n|t:|1700069529\n|switch|p2a: Dialga|Dialga|100\/100|[from] U-turn\n|-ability|p2a: Dialga|Pressure\n|\n|-heal|p1a: Arceus|70\/100|[from] Grassy Terrain\n|upkeep\n|turn|8\n|\n|t:|1700069598\n|switch|p1a: Amoonguss|Amoonguss, F|100\/100\n|move|p2a: Dialga|Flash Cannon|p1a: Amoonguss\n|-damage|p1a: Amoonguss|28\/100\n|\n|-heal|p1a: Amoonguss|34\/100|[from] Grassy Terrain\n|upkeep\n|turn|9\n|\n|t:|1700069605\n|switch|p1a: Magearna|Magearna|100\/100\n|move|p2a: Dialga|Flash Cannon|p1a: Magearna\n|-damage|p1a: Magearna|53\/100\n|\n|-heal|p1a: Magearna|59\/100|[from] Grassy Terrain\n|upkeep\n|turn|10\n|c|\u2606RubenPaCe|specs dialga is something I forgot\n|\n|t:|1700069629\n|switch|p2a: Arceus|Arceus-Poison|100\/100\n|move|p1a: Magearna|Pain Split|p2a: Arceus\n|-sethp|p2a: Arceus|75\/100|[from] move: Pain Split|[silent]\n|-sethp|p1a: Magearna|91\/100|[from] move: Pain Split\n|\n|-heal|p2a: Arceus|81\/100|[from] Grassy Terrain\n|-heal|p1a: Magearna|97\/100|[from] Grassy Terrain\n|-fieldend|move: Grassy Terrain\n|upkeep\n|turn|11\n|c|\u2606RubenPaCe|but god damn\n|c|\u2606RubenPaCe|does it hit hard\n|\n|t:|1700069639\n|move|p2a: Arceus|Stealth Rock|p1a: Magearna\n|-sidestart|p1: RubenPaCe|move: Stealth Rock\n|move|p1a: Magearna|Volt Switch|p2a: Arceus\n|-damage|p2a: Arceus|67\/100\n|\n|t:|1700069642\n|switch|p1a: Amoonguss|Amoonguss, F|67\/100|[from] Volt Switch\n|\n|upkeep\n|turn|12\n|\n|t:|1700069653\n|switch|p1a: Magearna|Magearna|97\/100\n|move|p2a: Arceus|Recover|p2a: Arceus\n|-heal|p2a: Arceus|100\/100\n|\n|upkeep\n|turn|13\n|\n|t:|1700069664\n|switch|p2a: Magearna|Magearna|63\/100 brn\n|move|p1a: Magearna|Spikes|p2a: Magearna\n|-sidestart|p2: Leo Justice|Spikes\n|\n|-heal|p2a: Magearna|69\/100 brn|[from] item: Leftovers\n|-damage|p2a: Magearna|63\/100 brn|[from] brn\n|upkeep\n|turn|14\n|\n|t:|1700069671\n|move|p1a: Magearna|Spikes|p2a: Magearna\n|-sidestart|p2: Leo Justice|Spikes\n|move|p2a: Magearna|Volt Switch|p1a: Magearna\n|-damage|p1a: Magearna|83\/100\n|\n|t:|1700069673\n|switch|p2a: Palafin|Palafin-Hero, M|100\/100|[from] Volt Switch\n|-activate|p2a: Palafin|ability: Zero to Hero\n|\n|upkeep\n|turn|15\n|\n|t:|1700069680\n|move|p2a: Palafin|Bulk Up|p2a: Palafin\n|-boost|p2a: Palafin|atk|1\n|-boost|p2a: Palafin|def|1\n|move|p1a: Magearna|Volt Switch|p2a: Palafin\n|-supereffective|p2a: Palafin\n|-damage|p2a: Palafin|60\/100\n|\n|t:|1700069683\n|switch|p1a: Amoonguss|Amoonguss, F|100\/100|[from] Volt Switch\n|\n|upkeep\n|turn|16\n|\n|t:|1700069694\n|switch|p2a: Rillaboom|Rillaboom, M|100\/100\n|-damage|p2a: Rillaboom|84\/100|[from] Spikes\n|-fieldstart|move: Grassy Terrain|[from] ability: Grassy Surge|[of] p2a: Rillaboom\n|move|p1a: Amoonguss|Giga Drain|p2a: Rillaboom\n|-resisted|p2a: Rillaboom\n|-damage|p2a: Rillaboom|68\/100\n|\n|-heal|p2a: Rillaboom|74\/100|[from] Grassy Terrain\n|upkeep\n|turn|17\n|\n|t:|1700069702\n|switch|p1a: Arceus|Arceus-Dragon|70\/100\n|-damage|p1a: Arceus|57\/100|[from] Spikes\n|-damage|p1a: Arceus|45\/100|[from] Stealth Rock\n|move|p2a: Rillaboom|Knock Off|p1a: Arceus\n|-damage|p1a: Arceus|23\/100\n|\n|-heal|p1a: Arceus|29\/100|[from] Grassy Terrain\n|-heal|p2a: Rillaboom|80\/100|[from] Grassy Terrain\n|upkeep\n|turn|18\n|\n|t:|1700069717\n|switch|p2a: Dialga|Dialga|100\/100\n|-damage|p2a: Dialga|84\/100|[from] Spikes\n|-ability|p2a: Dialga|Pressure\n|move|p1a: Arceus|Recover|p1a: Arceus\n|-heal|p1a: Arceus|79\/100\n|\n|-heal|p1a: Arceus|85\/100|[from] Grassy Terrain\n|-heal|p2a: Dialga|90\/100|[from] Grassy Terrain\n|upkeep\n|turn|19\n|\n|t:|1700069732\n|switch|p1a: Magearna|Magearna|83\/100\n|move|p2a: Dialga|Flash Cannon|p1a: Magearna\n|-damage|p1a: Magearna|39\/100\n|\n|-heal|p2a: Dialga|96\/100|[from] Grassy Terrain\n|-heal|p1a: Magearna|45\/100|[from] Grassy Terrain\n|upkeep\n|turn|20\n|\n|t:|1700069740\n|move|p2a: Dialga|Flash Cannon|p1a: Magearna\n|-damage|p1a: Magearna|0 fnt\n|faint|p1a: Magearna\n|\n|-heal|p2a: Dialga|100\/100|[from] Grassy Terrain\n|-fieldend|move: Grassy Terrain\n|upkeep\n|\n|t:|1700069749\n|switch|p1a: Palkia|Palkia-Origin|100\/100\n|-damage|p1a: Palkia|88\/100|[from] Spikes\n|-damage|p1a: Palkia|76\/100|[from] Stealth Rock\n|-ability|p1a: Palkia|Pressure\n|turn|21\n|\n|t:|1700069760\n|switch|p2a: Magearna|Magearna|63\/100 brn\n|-damage|p2a: Magearna|47\/100 brn|[from] Spikes\n|move|p1a: Palkia|Substitute|p1a: Palkia\n|-start|p1a: Palkia|Substitute\n|-damage|p1a: Palkia|51\/100\n|\n|-heal|p2a: Magearna|53\/100 brn|[from] item: Leftovers\n|-damage|p2a: Magearna|47\/100 brn|[from] brn\n|upkeep\n|turn|22\n|\n|t:|1700069768\n|move|p1a: Palkia|Fire Blast|p2a: Magearna|[miss]\n|-miss|p1a: Palkia|p2a: Magearna\n|move|p2a: Magearna|Volt Switch|p1a: Palkia\n|-activate|p1a: Palkia|move: Substitute|[damage]\n|\n|t:|1700069775\n|switch|p2a: Dragapult|Dragapult, M|100\/100|[from] Volt Switch\n|-damage|p2a: Dragapult|84\/100|[from] Spikes\n|\n|upkeep\n|turn|23\n|\n|t:|1700069784\n|move|p2a: Dragapult|Dragon Darts|p1a: Palkia\n|-supereffective|p1a: Palkia\n|-damage|p1a: Palkia|0 fnt\n|faint|p1a: Palkia\n|\n|upkeep\n|\n|t:|1700069790\n|switch|p1a: Ursaluna|Ursaluna-Bloodmoon, M|100\/100\n|turn|24\n|\n|t:|1700069794\n|move|p2a: Dragapult|Dragon Darts|p1a: Ursaluna\n|-damage|p1a: Ursaluna|75\/100\n|-anim|p2a: Dragapult|Dragon Darts|p1a: Ursaluna\n|-damage|p1a: Ursaluna|49\/100\n|move|p1a: Ursaluna|Calm Mind|p1a: Ursaluna\n|-boost|p1a: Ursaluna|spa|1\n|-boost|p1a: Ursaluna|spd|1\n|\n|upkeep\n|turn|25\n|\n|t:|1700069802\n|switch|p1a: Zacian|Zacian|100\/100\n|-ability|p1a: Zacian|Intrepid Sword|boost\n|-boost|p1a: Zacian|atk|1\n|move|p2a: Dragapult|Dragon Darts|p1a: Zacian\n|-immune|p1a: Zacian\n|\n|upkeep\n|turn|26\n|\n|t:|1700069809\n|switch|p2a: Arceus|Arceus-Poison|100\/100\n|-damage|p2a: Arceus|84\/100|[from] Spikes\n|move|p1a: Zacian|Swords Dance|p1a: Zacian\n|-boost|p1a: Zacian|atk|2\n|\n|upkeep\n|turn|27\n|\n|t:|1700069825\n|move|p1a: Zacian|Play Rough|p2a: Arceus|[miss]\n|-miss|p1a: Zacian|p2a: Arceus\n|move|p2a: Arceus|Roar|p1a: Zacian\n|drag|p1a: Ursaluna|Ursaluna-Bloodmoon, M|49\/100\n|\n|upkeep\n|turn|28\n|\n|t:|1700069839\n|switch|p2a: Rillaboom|Rillaboom, M|80\/100\n|-damage|p2a: Rillaboom|64\/100|[from] Spikes\n|-fieldstart|move: Grassy Terrain|[from] ability: Grassy Surge|[of] p2a: Rillaboom\n|move|p1a: Ursaluna|Moonlight|p1a: Ursaluna\n|-heal|p1a: Ursaluna|99\/100\n|\n|-heal|p2a: Rillaboom|70\/100|[from] Grassy Terrain\n|-heal|p1a: Ursaluna|100\/100|[from] Grassy Terrain\n|upkeep\n|turn|29\n|\n|t:|1700069848\n|-terastallize|p1a: Ursaluna|Poison\n|move|p2a: Rillaboom|U-turn|p1a: Ursaluna\n|-resisted|p1a: Ursaluna\n|-crit|p1a: Ursaluna\n|-damage|p1a: Ursaluna|80\/100\n|\n|t:|1700069856\n|switch|p2a: Magearna|Magearna|47\/100 brn|[from] U-turn\n|-damage|p2a: Magearna|30\/100 brn|[from] Spikes\n|move|p1a: Ursaluna|Calm Mind|p1a: Ursaluna\n|-boost|p1a: Ursaluna|spa|1\n|-boost|p1a: Ursaluna|spd|1\n|\n|-heal|p1a: Ursaluna|86\/100|[from] Grassy Terrain\n|-heal|p2a: Magearna|36\/100 brn|[from] Grassy Terrain\n|-heal|p2a: Magearna|42\/100 brn|[from] item: Leftovers\n|-damage|p2a: Magearna|36\/100 brn|[from] brn\n|upkeep\n|turn|30\n|\n|t:|1700069862\n|move|p1a: Ursaluna|Earth Power|p2a: Magearna\n|-supereffective|p2a: Magearna\n|-damage|p2a: Magearna|0 fnt\n|faint|p2a: Magearna\n|\n|-heal|p1a: Ursaluna|92\/100|[from] Grassy Terrain\n|upkeep\n|\n|t:|1700069896\n|switch|p2a: Dialga|Dialga|100\/100\n|-damage|p2a: Dialga|84\/100|[from] Spikes\n|-ability|p2a: Dialga|Pressure\n|turn|31\n|\n|t:|1700069941\n|move|p2a: Dialga|Earth Power|p1a: Ursaluna\n|-supereffective|p1a: Ursaluna\n|-damage|p1a: Ursaluna|3\/100\n|move|p1a: Ursaluna|Moonlight|p1a: Ursaluna\n|-heal|p1a: Ursaluna|53\/100\n|\n|-heal|p2a: Dialga|90\/100|[from] Grassy Terrain\n|-heal|p1a: Ursaluna|59\/100|[from] Grassy Terrain\n|upkeep\n|turn|32\n|\n|t:|1700069949\n|switch|p1a: Zacian|Zacian|100\/100\n|move|p2a: Dialga|Earth Power|p1a: Zacian\n|-damage|p1a: Zacian|44\/100\n|\n|-heal|p1a: Zacian|50\/100|[from] Grassy Terrain\n|-heal|p2a: Dialga|96\/100|[from] Grassy Terrain\n|-fieldend|move: Grassy Terrain\n|upkeep\n|turn|33\n|c|\u2606Leo Justice|How much speed does blood moon even have?\n|c|\u2606RubenPaCe|this one is evd to be exactly 167\n|\n|t:|1700069971\n|switch|p1a: Ursaluna|Ursaluna-Bloodmoon, M, tera:Poison|59\/100\n|switch|p2a: Arceus|Arceus-Poison|84\/100\n|-damage|p2a: Arceus|67\/100|[from] Spikes\n|\n|upkeep\n|turn|34\n|\n|t:|1700069977\n|move|p1a: Ursaluna|Calm Mind|p1a: Ursaluna\n|-boost|p1a: Ursaluna|spa|1\n|-boost|p1a: Ursaluna|spd|1\n|move|p2a: Arceus|Roar|p1a: Ursaluna\n|drag|p1a: Zacian|Zacian|50\/100\n|\n|upkeep\n|turn|35\n|\n|t:|1700069988\n|move|p1a: Zacian|Play Rough|p2a: Arceus\n|-resisted|p2a: Arceus\n|-damage|p2a: Arceus|56\/100\n|move|p2a: Arceus|Recover|p2a: Arceus\n|-heal|p2a: Arceus|100\/100\n|\n|upkeep\n|turn|36\n|\n|t:|1700069992\n|switch|p1a: Ursaluna|Ursaluna-Bloodmoon, M, tera:Poison|59\/100\n|move|p2a: Arceus|Judgment|p1a: Ursaluna\n|-resisted|p1a: Ursaluna\n|-damage|p1a: Ursaluna|32\/100\n|\n|upkeep\n|turn|37\n|\n|t:|1700070001\n|switch|p2a: Dialga|Dialga|96\/100\n|-damage|p2a: Dialga|80\/100|[from] Spikes\n|-ability|p2a: Dialga|Pressure\n|move|p1a: Ursaluna|Moonlight|p1a: Ursaluna\n|-heal|p1a: Ursaluna|82\/100\n|\n|upkeep\n|turn|38\n|\n|t:|1700070007\n|switch|p1a: Arceus|Arceus-Dragon|85\/100\n|-damage|p1a: Arceus|73\/100|[from] Spikes\n|-damage|p1a: Arceus|60\/100|[from] Stealth Rock\n|move|p2a: Dialga|Earth Power|p1a: Arceus\n|-crit|p1a: Arceus\n|-damage|p1a: Arceus|3\/100\n|\n|upkeep\n|turn|39\n|\n|t:|1700070015\n|move|p1a: Arceus|Recover|p1a: Arceus\n|-heal|p1a: Arceus|53\/100\n|move|p2a: Dialga|Earth Power|p1a: Arceus\n|-damage|p1a: Arceus|16\/100\n|-unboost|p1a: Arceus|spd|1\n|\n|upkeep\n|turn|40\n|\n|t:|1700070022\n|move|p1a: Arceus|Earth Power|p2a: Dialga\n|-supereffective|p2a: Dialga\n|-damage|p2a: Dialga|39\/100\n|move|p2a: Dialga|Earth Power|p1a: Arceus\n|-damage|p1a: Arceus|0 fnt\n|faint|p1a: Arceus\n|\n|upkeep\n|\n|t:|1700070026\n|switch|p1a: Zacian|Zacian|50\/100\n|turn|41\n|\n|t:|1700070037\n|move|p1a: Zacian|Play Rough|p2a: Dialga\n|-damage|p2a: Dialga|7\/100\n|move|p2a: Dialga|Earth Power|p1a: Zacian\n|-damage|p1a: Zacian|0 fnt\n|faint|p1a: Zacian\n|\n|upkeep\n|c|\u2606RubenPaCe|actually fucking useless\n|\n|t:|1700070048\n|switch|p1a: Amoonguss|Amoonguss, F|100\/100\n|turn|42\n|\n|t:|1700070051\n|move|p2a: Dialga|Earth Power|p1a: Amoonguss\n|-damage|p1a: Amoonguss|50\/100\n|move|p1a: Amoonguss|Spore|p2a: Dialga\n|-status|p2a: Dialga|slp|[from] move: Spore\n|\n|upkeep\n|turn|43\n|\n|t:|1700070058\n|switch|p2a: Palafin|Palafin-Hero, M|60\/100\n|switch|p1a: Ursaluna|Ursaluna-Bloodmoon, M, tera:Poison|82\/100\n|\n|upkeep\n|turn|44\n|\n|t:|1700070063\n|move|p2a: Palafin|Taunt|p1a: Ursaluna\n|-start|p1a: Ursaluna|move: Taunt\n|move|p1a: Ursaluna|Blood Moon|p2a: Palafin\n|-damage|p2a: Palafin|0 fnt\n|faint|p2a: Palafin\n|\n|upkeep\n|\n|t:|1700070093\n|switch|p2a: Rillaboom|Rillaboom, M|70\/100\n|-damage|p2a: Rillaboom|53\/100|[from] Spikes\n|-fieldstart|move: Grassy Terrain|[from] ability: Grassy Surge|[of] p2a: Rillaboom\n|turn|45\n|\n|t:|1700070105\n|switch|p1a: Amoonguss|Amoonguss, F|83\/100\n|move|p2a: Rillaboom|Knock Off|p1a: Amoonguss\n|-damage|p1a: Amoonguss|45\/100\n|-enditem|p1a: Amoonguss|Heavy-Duty Boots|[from] move: Knock Off|[of] p2a: Rillaboom\n|\n|-heal|p2a: Rillaboom|60\/100|[from] Grassy Terrain\n|-heal|p1a: Amoonguss|51\/100|[from] Grassy Terrain\n|upkeep\n|turn|46\n|\n|t:|1700070114\n|switch|p2a: Dialga|Dialga|7\/100 slp\n|-damage|p2a: Dialga|0 fnt|[from] Spikes\n|faint|p2a: Dialga\n|move|p1a: Amoonguss|Toxic|p2: Dialga|[notarget]\n|-fail|p1a: Amoonguss\n|\n|-heal|p1a: Amoonguss|57\/100|[from] Grassy Terrain\n|upkeep\n|\n|t:|1700070123\n|switch|p2a: Dragapult|Dragapult, M|84\/100\n|-damage|p2a: Dragapult|68\/100|[from] Spikes\n|turn|47\n|\n|t:|1700070132\n|-terastallize|p2a: Dragapult|Ghost\n|move|p2a: Dragapult|Tera Blast|p1a: Amoonguss|[anim] Tera Blast Ghost\n|-damage|p1a: Amoonguss|0 fnt\n|faint|p1a: Amoonguss\n|\n|-heal|p2a: Dragapult|74\/100|[from] Grassy Terrain\n|upkeep\n|\n|t:|1700070136\n|switch|p1a: Ursaluna|Ursaluna-Bloodmoon, M, tera:Poison|82\/100\n|turn|48\n|\n|t:|1700070139\n|move|p2a: Dragapult|Tera Blast|p1a: Ursaluna|[anim] Tera Blast Ghost\n|-damage|p1a: Ursaluna|22\/100\n|move|p1a: Ursaluna|Blood Moon|p2a: Dragapult\n|-damage|p2a: Dragapult|0 fnt\n|faint|p2a: Dragapult\n|\n|-heal|p1a: Ursaluna|28\/100|[from] Grassy Terrain\n|upkeep\n|\n|t:|1700070147\n|switch|p2a: Rillaboom|Rillaboom, M|60\/100\n|-damage|p2a: Rillaboom|43\/100|[from] Spikes\n|turn|49\n|c|\u2606RubenPaCe|come ursa\n|c|\u2606RubenPaCe|come on\n|c|\u2606RubenPaCe|I trust in you\n|c|\u2606Leo Justice|oh my god\n|c|\u2606Leo Justice|I dont know\n|c|\u2606RubenPaCe|you can live this\n|c|\u2606Leo Justice|how much damage it does\n|c|\u2606RubenPaCe|just do it\n|c|\u2606RubenPaCe|it's not like I have another play\n|c|\u2606Leo Justice|I dont know which move deals more damage\n|\n|t:|1700070182\n|move|p2a: Rillaboom|Wood Hammer|p1a: Ursaluna\n|-resisted|p1a: Ursaluna\n|-damage|p1a: Ursaluna|0 fnt\n|faint|p1a: Ursaluna\n|-damage|p2a: Rillaboom|34\/100|[from] Recoil\n|\n|win|Leo Justice\n|c|\u2606Leo Justice|gg\n|c|\u2606RubenPaCe|okay that's probably the one\n|c|\u2606RubenPaCe|gg\n|c|\u2606Leo Justice|nice game tho\n|c|\u2606RubenPaCe|stupid specs dialga\n|c|\u2606RubenPaCe|I wasn't ready for that\n|c|\u2606RubenPaCe|also I cucked too much\n|c|\u2606Leo Justice|you played around it pretty well\n|c|\u2606RubenPaCe|next time I'll do the plays that I want to do\n|c|\u2606Leo Justice|Tho I woukd've swapped into Palkia before\n|c|\u2606RubenPaCe|I'll finnish the rankings\n|c|\u2606RubenPaCe|you mind uploading this to vods?\n|l|\u2606RubenPaCe\n","uploadtime":1700070242,"views":13,"p1id":"rubenpace","p2id":"leojustice","formatid":"gen9ubers","rating":0,"private":0,"password":""}