{"id":"gen9ubers-1978833134","p1":"DumbassGaming","p2":"Rasche","format":"[Gen 9] Ubers","log":"|j|\u2606DumbassGaming\n|j|\u2606Rasche\n|t:|1698600613\n|gametype|singles\n|player|p1|DumbassGaming|clown|\n|player|p2|Rasche|misty-gen2|\n|teamsize|p1|6\n|teamsize|p2|6\n|gen|9\n|tier|[Gen 9] Ubers\n|rule|Sleep Clause Mod: Limit one foe put to sleep\n|rule|Species Clause: Limit one of each Pok\u00e9mon\n|rule|OHKO Clause: OHKO moves are banned\n|rule|Evasion Items Clause: Evasion items are banned\n|rule|Evasion Moves Clause: Evasion moves are banned\n|rule|Endless Battle Clause: Forcing endless battles is banned\n|rule|HP Percentage Mod: HP is shown in percentages\n|clearpoke\n|poke|p1|Zacian-*|\n|poke|p1|Palkia-Origin|\n|poke|p1|Arceus-Fire|\n|poke|p1|Zamazenta-*|\n|poke|p1|Shaymin-Sky|\n|poke|p1|Cyclizar, F|\n|poke|p2|Sneasler, M|\n|poke|p2|Magearna|\n|poke|p2|Palafin, M|\n|poke|p2|Zacian-*|\n|poke|p2|Palkia-Origin|\n|poke|p2|Giratina|\n|teampreview\n|inactive|Battle timer is ON: inactive players will automatically lose when time's up. (requested by DumbassGaming)\n|inactive|Rasche also wants the timer to be on.\n|\n|t:|1698600628\n|start\n|switch|p1a: Zamazenta|Zamazenta|100\/100\n|switch|p2a: Sneasler|Sneasler, M|100\/100\n|-ability|p1a: Zamazenta|Dauntless Shield|boost\n|-boost|p1a: Zamazenta|def|1\n|turn|1\n|\n|t:|1698600635\n|move|p2a: Sneasler|U-turn|p1a: Zamazenta\n|-resisted|p1a: Zamazenta\n|-damage|p1a: Zamazenta|92\/100\n|\n|t:|1698600648\n|switch|p2a: Giratina|Giratina|100\/100|[from] U-turn\n|-ability|p2a: Giratina|Pressure\n|move|p1a: Zamazenta|Psychic Fangs|p2a: Giratina\n|-damage|p2a: Giratina|76\/100\n|\n|upkeep\n|turn|2\n|\n|t:|1698600675\n|switch|p1a: Zacian|Zacian|100\/100\n|-ability|p1a: Zacian|Intrepid Sword|boost\n|-boost|p1a: Zacian|atk|1\n|switch|p2a: Magearna|Magearna|100\/100\n|\n|upkeep\n|turn|3\n|\n|t:|1698600688\n|switch|p1a: Arceus|Arceus-Fire|100\/100\n|move|p2a: Magearna|Thunder Wave|p1a: Arceus\n|-status|p1a: Arceus|par\n|\n|upkeep\n|turn|4\n|\n|t:|1698600700\n|switch|p2a: Palafin|Palafin, M|100\/100\n|move|p1a: Arceus|Dragon Dance|p1a: Arceus\n|-boost|p1a: Arceus|atk|1\n|-boost|p1a: Arceus|spe|1\n|\n|upkeep\n|turn|5\n|inactive|Rasche has 270 seconds left.\n|\n|t:|1698600725\n|cant|p1a: Arceus|par\n|move|p2a: Palafin|Flip Turn|p1a: Arceus\n|-supereffective|p1a: Arceus\n|-damage|p1a: Arceus|43\/100 par\n|inactive|Rasche has 270 seconds left.\n|\n|t:|1698600754\n|detailschange|p2a: Palafin|Palafin-Hero, M\n|switch|p2a: Palkia|Palkia-Origin|100\/100|[from] Flip Turn\n|-ability|p2a: Palkia|Pressure\n|\n|upkeep\n|turn|6\n|\n|t:|1698600763\n|switch|p1a: Shaymin|Shaymin-Sky|100\/100\n|move|p2a: Palkia|Substitute|p2a: Palkia\n|-start|p2a: Palkia|Substitute\n|-damage|p2a: Palkia|76\/100\n|\n|upkeep\n|turn|7\n|\n|t:|1698600767\n|move|p1a: Shaymin|Air Slash|p2a: Palkia\n|-end|p2a: Palkia|Substitute\n|move|p2a: Palkia|Spacial Rend|p1a: Shaymin\n|-damage|p1a: Shaymin|18\/100\n|\n|upkeep\n|turn|8\n|\n|t:|1698600771\n|switch|p2a: Magearna|Magearna|100\/100\n|move|p1a: Shaymin|Air Slash|p2a: Magearna\n|-resisted|p2a: Magearna\n|-damage|p2a: Magearna|78\/100\n|\n|-heal|p2a: Magearna|84\/100|[from] item: Leftovers\n|upkeep\n|turn|9\n|\n|t:|1698600780\n|switch|p1a: Arceus|Arceus-Fire|43\/100 par\n|move|p2a: Magearna|Volt Switch|p1a: Arceus\n|-damage|p1a: Arceus|29\/100 par\n|\n|t:|1698600785\n|switch|p2a: Palafin|Palafin-Hero, M|100\/100|[from] Volt Switch\n|-activate|p2a: Palafin|ability: Zero to Hero\n|\n|upkeep\n|turn|10\n|\n|t:|1698600789\n|switch|p1a: Palkia|Palkia-Origin|100\/100\n|-ability|p1a: Palkia|Pressure\n|move|p2a: Palafin|Flip Turn|p1a: Palkia\n|-resisted|p1a: Palkia\n|-damage|p1a: Palkia|85\/100\n|inactive|Rasche has 270 seconds left.\n|\n|t:|1698600843\n|switch|p2a: Magearna|Magearna|84\/100|[from] Flip Turn\n|\n|-heal|p2a: Magearna|90\/100|[from] item: Leftovers\n|upkeep\n|turn|11\n|\n|t:|1698600860\n|switch|p1a: Arceus|Arceus-Fire|29\/100 par\n|move|p2a: Magearna|Fleur Cannon|p1a: Arceus|[miss]\n|-miss|p2a: Magearna|p1a: Arceus\n|\n|-heal|p2a: Magearna|96\/100|[from] item: Leftovers\n|upkeep\n|turn|12\n|\n|t:|1698600867\n|switch|p2a: Palafin|Palafin-Hero, M|100\/100\n|move|p1a: Arceus|Recover|p1a: Arceus\n|-heal|p1a: Arceus|79\/100 par\n|\n|upkeep\n|turn|13\n|\n|t:|1698600877\n|switch|p1a: Zamazenta|Zamazenta|92\/100\n|move|p2a: Palafin|Flip Turn|p1a: Zamazenta\n|-damage|p1a: Zamazenta|31\/100\n|inactive|Rasche has 240 seconds left.\n|inactive|Rasche has 210 seconds left.\n|inactive|Rasche has 180 seconds left.\n|\n|t:|1698600965\n|switch|p2a: Sneasler|Sneasler, M|100\/100|[from] Flip Turn\n|\n|upkeep\n|turn|14\n|inactive|Rasche has 180 seconds left.\n|\n|t:|1698600981\n|move|p2a: Sneasler|Dire Claw|p1a: Zamazenta\n|-damage|p1a: Zamazenta|0 fnt\n|faint|p1a: Zamazenta\n|\n|upkeep\n|\n|t:|1698600984\n|switch|p1a: Palkia|Palkia-Origin|85\/100\n|-ability|p1a: Palkia|Pressure\n|turn|15\n|inactive|Rasche has 180 seconds left.\n|inactive|Rasche has 150 seconds left.\n|\n|t:|1698601033\n|switch|p2a: Giratina|Giratina|76\/100\n|-ability|p2a: Giratina|Pressure\n|move|p1a: Palkia|Earth Power|p2a: Giratina\n|-damage|p2a: Giratina|61\/100\n|\n|upkeep\n|turn|16\n|inactive|Rasche has 150 seconds left.\n|inactive|Rasche has 120 seconds left.\n|inactive|Rasche has 90 seconds left.\n|inactive|Rasche has 60 seconds left.\n|\n|t:|1698601135\n|move|p1a: Palkia|Spacial Rend|p2a: Giratina\n|-supereffective|p2a: Giratina\n|-damage|p2a: Giratina|0 fnt\n|faint|p2a: Giratina\n|\n|upkeep\n|inactive|Rasche has 60 seconds left.\n|\n|t:|1698601154\n|switch|p2a: Zacian|Zacian|100\/100\n|-ability|p2a: Zacian|Intrepid Sword|boost\n|-boost|p2a: Zacian|atk|1\n|turn|17\n|\n|t:|1698601159\n|-terastallize|p1a: Palkia|Fairy\n|move|p2a: Zacian|Play Rough|p1a: Palkia\n|-damage|p1a: Palkia|15\/100\n|move|p1a: Palkia|Hydro Pump|p2a: Zacian\n|-damage|p2a: Zacian|25\/100\n|\n|upkeep\n|turn|18\n|inactive|Rasche has 60 seconds left.\n|\n|t:|1698601171\n|move|p2a: Zacian|Close Combat|p1a: Palkia\n|-resisted|p1a: Palkia\n|-damage|p1a: Palkia|0 fnt\n|-unboost|p2a: Zacian|def|1\n|-unboost|p2a: Zacian|spd|1\n|faint|p1a: Palkia\n|\n|upkeep\n|\n|t:|1698601173\n|switch|p1a: Zacian|Zacian|100\/100\n|turn|19\n|inactive|Rasche has 60 seconds left.\n|\n|t:|1698601193\n|switch|p2a: Magearna|Magearna|96\/100\n|move|p1a: Zacian|Play Rough|p2a: Magearna\n|-resisted|p2a: Magearna\n|-damage|p2a: Magearna|79\/100\n|-damage|p1a: Zacian|91\/100|[from] item: Life Orb\n|\n|-heal|p2a: Magearna|85\/100|[from] item: Leftovers\n|upkeep\n|turn|20\n|inactive|Rasche has 60 seconds left.\n|\n|t:|1698601204\n|switch|p1a: Shaymin|Shaymin-Sky|18\/100\n|move|p2a: Magearna|Volt Switch|p1a: Shaymin\n|-damage|p1a: Shaymin|0 fnt\n|faint|p1a: Shaymin\n|-ability|p2a: Magearna|Soul-Heart|boost\n|-boost|p2a: Magearna|spa|1\n|\n|t:|1698601220\n|switch|p2a: Palafin|Palafin-Hero, M|100\/100|[from] Volt Switch\n|\n|upkeep\n|\n|t:|1698601225\n|switch|p1a: Cyclizar|Cyclizar, F|100\/100\n|turn|21\n|inactive|Rasche has 30 seconds left.\n|inactive|Rasche has 20 seconds left.\n|\n|t:|1698601266\n|-terastallize|p2a: Palafin|Water\n|move|p2a: Palafin|Jet Punch|p1a: Cyclizar\n|-resisted|p1a: Cyclizar\n|-damage|p1a: Cyclizar|40\/100\n|move|p1a: Cyclizar|Shed Tail|p1a: Cyclizar\n|-fail|p1a: Cyclizar|move: Shed Tail|[weak]\n|\n|upkeep\n|turn|22\n|inactive|Rasche has 30 seconds left this turn.\n|\n|t:|1698601274\n|move|p2a: Palafin|Jet Punch|p1a: Cyclizar\n|-resisted|p1a: Cyclizar\n|-damage|p1a: Cyclizar|0 fnt\n|faint|p1a: Cyclizar\n|\n|upkeep\n|inactive|Rasche has 30 seconds left this turn.\n|\n|t:|1698601276\n|switch|p1a: Zacian|Zacian|91\/100\n|turn|23\n|\n|t:|1698601280\n|switch|p2a: Magearna|Magearna|85\/100\n|move|p1a: Zacian|Play Rough|p2a: Magearna\n|-resisted|p2a: Magearna\n|-damage|p2a: Magearna|67\/100\n|-damage|p1a: Zacian|81\/100|[from] item: Life Orb\n|\n|-heal|p2a: Magearna|73\/100|[from] item: Leftovers\n|upkeep\n|turn|24\n|\n|t:|1698601285\n|move|p1a: Zacian|Swords Dance|p1a: Zacian\n|-boost|p1a: Zacian|atk|2\n|move|p2a: Magearna|Volt Switch|p1a: Zacian\n|-damage|p1a: Zacian|62\/100\n|\n|t:|1698601293\n|switch|p2a: Sneasler|Sneasler, M|100\/100|[from] Volt Switch\n|\n|upkeep\n|turn|25\n|\n|t:|1698601299\n|move|p2a: Sneasler|Dire Claw|p1a: Zacian\n|-supereffective|p1a: Zacian\n|-damage|p1a: Zacian|0 fnt\n|faint|p1a: Zacian\n|\n|upkeep\n|\n|t:|1698601301\n|switch|p1a: Arceus|Arceus-Fire|79\/100 par\n|turn|26\n|\n|t:|1698601310\n|switch|p2a: Palkia|Palkia-Origin|76\/100\n|-ability|p2a: Palkia|Pressure\n|move|p1a: Arceus|Earthquake|p2a: Palkia\n|-damage|p2a: Palkia|38\/100\n|\n|upkeep\n|turn|27\n|\n|t:|1698601314\n|move|p2a: Palkia|Earth Power|p1a: Arceus\n|-supereffective|p1a: Arceus\n|-damage|p1a: Arceus|26\/100 par\n|move|p1a: Arceus|Earthquake|p2a: Palkia\n|-damage|p2a: Palkia|3\/100\n|\n|upkeep\n|turn|28\n|\n|t:|1698601317\n|move|p2a: Palkia|Earth Power|p1a: Arceus\n|-supereffective|p1a: Arceus\n|-damage|p1a: Arceus|0 fnt\n|faint|p1a: Arceus\n|\n|win|Rasche\n|c|\u2606Rasche|ggs\n|c|\u2606DumbassGaming|gg\n|c|\u2606DumbassGaming|can you put the replays in discord?\n|c|\u2606Rasche|sure\n|l|\u2606DumbassGaming\n","uploadtime":1698601323,"views":29,"p1id":"dumbassgaming","p2id":"rasche","formatid":"gen9ubers","rating":0,"private":0,"password":""}