{"id":"gen9ubers-1983184269","p1":"IoSonoNeon","p2":"koopa003","format":"[Gen 9] Ubers","log":"|j|\u2606IoSonoNeon\n|j|\u2606koopa003\n|t:|1699102016\n|gametype|singles\n|player|p1|IoSonoNeon|#dpppliii|\n|player|p2|koopa003|camper|\n|teamsize|p1|6\n|teamsize|p2|6\n|gen|9\n|tier|[Gen 9] Ubers\n|rated|Tournament battle\n|rule|Sleep Clause Mod: Limit one foe put to sleep\n|rule|Species Clause: Limit one of each Pok\u00e9mon\n|rule|OHKO Clause: OHKO moves are banned\n|rule|Evasion Items Clause: Evasion items are banned\n|rule|Evasion Moves Clause: Evasion moves are banned\n|rule|Endless Battle Clause: Forcing endless battles is banned\n|rule|HP Percentage Mod: HP is shown in percentages\n|clearpoke\n|poke|p1|Glimmora, M|\n|poke|p1|Koraidon|\n|poke|p1|Ogerpon-Hearthflame, F|\n|poke|p1|Arceus-Ground|\n|poke|p1|Flutter Mane|\n|poke|p1|Kingambit, M|\n|poke|p2|Flutter Mane|\n|poke|p2|Chien-Pao|\n|poke|p2|Goodra-Hisui, F|\n|poke|p2|Arceus|\n|poke|p2|Zacian-*|\n|poke|p2|Regieleki|\n|teampreview\n|\n|t:|1699102023\n|start\n|switch|p1a: Glimmora|Glimmora, M|100\/100\n|switch|p2a: Goodra|Goodra-Hisui, F|100\/100\n|turn|1\n|\n|t:|1699102028\n|move|p1a: Glimmora|Stealth Rock|p2a: Goodra\n|-sidestart|p2: koopa003|move: Stealth Rock\n|move|p2a: Goodra|Thunderbolt|p1a: Glimmora\n|-damage|p1a: Glimmora|59\/100\n|\n|upkeep\n|turn|2\n|\n|t:|1699102045\n|move|p1a: Glimmora|Spikes|p2a: Goodra\n|-sidestart|p2: koopa003|Spikes\n|move|p2a: Goodra|Thunderbolt|p1a: Glimmora\n|-damage|p1a: Glimmora|20\/100\n|\n|upkeep\n|turn|3\n|\n|t:|1699102053\n|move|p1a: Glimmora|Spikes|p2a: Goodra\n|-sidestart|p2: koopa003|Spikes\n|move|p2a: Goodra|Thunderbolt|p1a: Glimmora\n|-damage|p1a: Glimmora|0 fnt\n|faint|p1a: Glimmora\n|\n|upkeep\n|\n|t:|1699102056\n|switch|p1a: Arceus|Arceus-Ground|100\/100\n|turn|4\n|c|\u2606koopa003|2nd layer??\n|c|\u2606koopa003|ok...\n|\n|t:|1699102065\n|move|p1a: Arceus|Calm Mind|p1a: Arceus\n|-boost|p1a: Arceus|spa|1\n|-boost|p1a: Arceus|spd|1\n|move|p2a: Goodra|Flamethrower|p1a: Arceus\n|-damage|p1a: Arceus|88\/100\n|\n|upkeep\n|turn|5\n|\n|t:|1699102086\n|move|p1a: Arceus|Judgment|p2a: Goodra\n|-supereffective|p2a: Goodra\n|-damage|p2a: Goodra|0 fnt\n|faint|p2a: Goodra\n|\n|upkeep\n|\n|t:|1699102099\n|switch|p2a: Chien-Pao|Chien-Pao|100\/100\n|-damage|p2a: Chien-Pao|76\/100|[from] Stealth Rock\n|-damage|p2a: Chien-Pao|59\/100|[from] Spikes\n|-ability|p2a: Chien-Pao|Sword of Ruin\n|turn|6\n|inactive|Battle timer is ON: inactive players will automatically lose when time's up. (requested by koopa003)\n|\n|t:|1699102117\n|move|p2a: Chien-Pao|Ice Spinner|p1a: Arceus\n|-supereffective|p1a: Arceus\n|-damage|p1a: Arceus|3\/100\n|-damage|p2a: Chien-Pao|49\/100|[from] item: Life Orb\n|move|p1a: Arceus|Judgment|p2a: Chien-Pao\n|-damage|p2a: Chien-Pao|0 fnt\n|faint|p2a: Chien-Pao\n|\n|upkeep\n|c|\u2606koopa003|ok\n|c|\u2606koopa003|its not max speed\n|\n|t:|1699102126\n|switch|p2a: Regieleki|Regieleki|100\/100\n|-damage|p2a: Regieleki|88\/100|[from] Stealth Rock\n|-damage|p2a: Regieleki|72\/100|[from] Spikes\n|turn|7\n|\n|t:|1699102130\n|switch|p1a: Flutter Mane|Flutter Mane|100\/100\n|move|p2a: Regieleki|Rapid Spin|p1a: Flutter Mane\n|-immune|p1a: Flutter Mane\n|\n|upkeep\n|turn|8\n|c|\u2606koopa003|yeah\u00e7\n|\n|t:|1699102140\n|move|p1a: Flutter Mane|Moonblast|p2a: Regieleki\n|-damage|p2a: Regieleki|0 fnt\n|faint|p2a: Regieleki\n|\n|upkeep\n|\n|t:|1699102144\n|switch|p2a: Zacian|Zacian-Crowned|100\/100\n|-damage|p2a: Zacian|94\/100|[from] Stealth Rock\n|-damage|p2a: Zacian|78\/100|[from] Spikes\n|-ability|p2a: Zacian|Intrepid Sword|boost\n|-boost|p2a: Zacian|atk|1\n|turn|9\n|\n|t:|1699102146\n|-end|p1a: Flutter Mane|Protosynthesis|[silent]\n|switch|p1a: Arceus|Arceus-Ground|3\/100\n|move|p2a: Zacian|Behemoth Blade|p1a: Arceus\n|-damage|p1a: Arceus|0 fnt\n|faint|p1a: Arceus\n|\n|upkeep\n|\n|t:|1699102148\n|switch|p1a: Ogerpon|Ogerpon-Hearthflame, F|100\/100\n|-ability|p1a: Ogerpon|Mold Breaker\n|turn|10\n|\n|t:|1699102154\n|-terastallize|p2a: Zacian|Fairy\n|move|p2a: Zacian|Close Combat|p1a: Ogerpon\n|-crit|p1a: Ogerpon\n|-damage|p1a: Ogerpon|0 fnt\n|-unboost|p2a: Zacian|def|1\n|-unboost|p2a: Zacian|spd|1\n|faint|p1a: Ogerpon\n|\n|upkeep\n|\n|t:|1699102163\n|switch|p1a: Flutter Mane|Flutter Mane|100\/100\n|turn|11\n|\n|t:|1699102168\n|-terastallize|p1a: Flutter Mane|Fairy\n|move|p1a: Flutter Mane|Moonblast|p2a: Zacian\n|-damage|p2a: Zacian|0 fnt\n|faint|p2a: Zacian\n|\n|upkeep\n|\n|t:|1699102173\n|switch|p2a: Flutter Mane|Flutter Mane|100\/100\n|-damage|p2a: Flutter Mane|88\/100|[from] Stealth Rock\n|-damage|p2a: Flutter Mane|72\/100|[from] Spikes\n|turn|12\n|c|\u2606koopa003|oh shit\n|\n|t:|1699102182\n|move|p1a: Flutter Mane|Moonblast|p2a: Flutter Mane\n|-damage|p2a: Flutter Mane|9\/100\n|move|p2a: Flutter Mane|Shadow Ball|p1a: Flutter Mane\n|-damage|p1a: Flutter Mane|43\/100\n|-damage|p2a: Flutter Mane|0 fnt|[from] item: Life Orb\n|faint|p2a: Flutter Mane\n|-end|p2a: Flutter Mane|Protosynthesis|[silent]\n|\n|upkeep\n|\n|t:|1699102183\n|switch|p2a: Arceus|Arceus|100\/100\n|-damage|p2a: Arceus|88\/100|[from] Stealth Rock\n|-damage|p2a: Arceus|72\/100|[from] Spikes\n|turn|13\n|\n|t:|1699102187\n|move|p1a: Flutter Mane|Moonblast|p2a: Arceus\n|-damage|p2a: Arceus|23\/100\n|-unboost|p2a: Arceus|spa|1\n|move|p2a: Arceus|Recover|p2a: Arceus\n|-heal|p2a: Arceus|73\/100\n|\n|-heal|p2a: Arceus|80\/100|[from] item: Leftovers\n|upkeep\n|turn|14\n|c|\u2606koopa003|ok\n|\n|t:|1699102194\n|-end|p1a: Flutter Mane|Protosynthesis|[silent]\n|switch|p1a: Koraidon|Koraidon|100\/100\n|-weather|SunnyDay|[from] ability: Orichalcum Pulse|[of] p1a: Koraidon\n|-activate|p1a: Koraidon|Orichalcum Pulse|[source]\n|move|p2a: Arceus|Swords Dance|p2a: Arceus\n|-boost|p2a: Arceus|atk|2\n|\n|-weather|SunnyDay|[upkeep]\n|-heal|p2a: Arceus|86\/100|[from] item: Leftovers\n|upkeep\n|turn|15\n|c|\u2606IoSonoNeon|ok\n|\n|t:|1699102199\n|move|p2a: Arceus|Extreme Speed|p1a: Koraidon\n|-damage|p1a: Koraidon|25\/100\n|move|p1a: Koraidon|Low Kick|p2a: Arceus\n|-supereffective|p2a: Arceus\n|-damage|p2a: Arceus|0 fnt\n|faint|p2a: Arceus\n|\n|win|IoSonoNeon\n|n|\u2606IoSonoNeon|iosononeon\n|n|\u2606koopa003|koopa003\n","uploadtime":1699102200,"views":11,"p1id":"iosononeon","p2id":"koopa003","formatid":"gen9ubers","rating":0,"private":0,"password":""}