{"id":"gen9ubers-1995845133","p1":"Jixel","p2":"Elix1","format":"[Gen 9] Ubers","log":"|j|\u2606Jixel\n|j|\u2606Elix1\n|t:|1700608957\n|gametype|singles\n|player|p1|Jixel|giovanni|\n|player|p2|Elix1|volkner|\n|teamsize|p1|6\n|teamsize|p2|6\n|gen|9\n|tier|[Gen 9] Ubers\n|rule|Sleep Clause Mod: Limit one foe put to sleep\n|rule|Species Clause: Limit one of each Pok\u00e9mon\n|rule|OHKO Clause: OHKO moves are banned\n|rule|Evasion Items Clause: Evasion items are banned\n|rule|Evasion Moves Clause: Evasion moves are banned\n|rule|Endless Battle Clause: Forcing endless battles is banned\n|rule|HP Percentage Mod: HP is shown in percentages\n|clearpoke\n|poke|p1|Annihilape, F|\n|poke|p1|Iron Bundle|\n|poke|p1|Regieleki|\n|poke|p1|Iron Valiant|\n|poke|p1|Magearna|\n|poke|p1|Landorus, M|\n|poke|p2|Miraidon|\n|poke|p2|Flutter Mane|\n|poke|p2|Koraidon|\n|poke|p2|Shiftry, F|\n|poke|p2|Great Tusk|\n|poke|p2|Groudon|\n|teampreview\n|inactive|Battle timer is ON: inactive players will automatically lose when time's up. (requested by Elix1)\n|inactive|Jixel has 270 seconds left.\n|inactive|Elix1 has 270 seconds left.\n|inactive|Jixel has 240 seconds left.\n|\n|t:|1700609031\n|start\n|switch|p1a: Landorus|Landorus, M|100\/100\n|switch|p2a: Groudon|Groudon|100\/100\n|-weather|SunnyDay|[from] ability: Drought|[of] p2a: Groudon\n|turn|1\n|\n|t:|1700609040\n|move|p1a: Landorus|Gravity|p1a: Landorus\n|-fieldstart|move: Gravity\n|move|p2a: Groudon|Stealth Rock|p1a: Landorus\n|-sidestart|p1: Jixel|move: Stealth Rock\n|\n|-weather|SunnyDay|[upkeep]\n|upkeep\n|turn|2\n|\n|t:|1700609055\n|move|p1a: Landorus|Sandsear Storm|p2a: Groudon\n|-damage|p2a: Groudon|51\/100\n|move|p2a: Groudon|Precipice Blades|p1a: Landorus\n|-damage|p1a: Landorus|33\/100\n|\n|-weather|SunnyDay|[upkeep]\n|upkeep\n|turn|3\n|\n|t:|1700609069\n|move|p1a: Landorus|Focus Blast|p2a: Groudon\n|-damage|p2a: Groudon|9\/100\n|move|p2a: Groudon|Precipice Blades|p1a: Landorus\n|-damage|p1a: Landorus|0 fnt\n|faint|p1a: Landorus\n|\n|-weather|SunnyDay|[upkeep]\n|upkeep\n|inactive|Jixel has 270 seconds left.\n|inactiveoff|Battle timer is now OFF.\n|\n|t:|1700609129\n|switch|p1a: Regieleki|Regieleki|100\/100\n|turn|4\n|\n|t:|1700609151\n|move|p1a: Regieleki|Rapid Spin|p2a: Groudon\n|-damage|p2a: Groudon|3\/100\n|-boost|p1a: Regieleki|spe|1\n|-sideend|p1: Jixel|Stealth Rock|[from] move: Rapid Spin|[of] p1a: Regieleki\n|move|p2a: Groudon|Precipice Blades|p1a: Regieleki\n|-supereffective|p1a: Regieleki\n|-damage|p1a: Regieleki|0 fnt\n|faint|p1a: Regieleki\n|\n|-weather|SunnyDay|[upkeep]\n|upkeep\n|\n|t:|1700609163\n|switch|p1a: Magearna|Magearna|100\/100\n|turn|5\n|\n|t:|1700609177\n|switch|p2a: Flutter Mane|Flutter Mane|100\/100\n|-activate|p2a: Flutter Mane|ability: Protosynthesis\n|-start|p2a: Flutter Mane|protosynthesisspe\n|-terastallize|p1a: Magearna|Psychic\n|move|p1a: Magearna|Iron Defense|p1a: Magearna\n|-boost|p1a: Magearna|def|2\n|\n|-weather|SunnyDay|[upkeep]\n|-fieldend|move: Gravity\n|upkeep\n|turn|6\n|\n|t:|1700609190\n|move|p2a: Flutter Mane|Shadow Ball|p1a: Magearna\n|-supereffective|p1a: Magearna\n|-damage|p1a: Magearna|0 fnt\n|faint|p1a: Magearna\n|\n|-weather|SunnyDay|[upkeep]\n|upkeep\n|\n|t:|1700609201\n|switch|p1a: Iron Bundle|Iron Bundle|100\/100\n|-enditem|p1a: Iron Bundle|Booster Energy\n|-activate|p1a: Iron Bundle|ability: Quark Drive|[fromitem]\n|-start|p1a: Iron Bundle|quarkdrivespe\n|turn|7\n|\n|t:|1700609211\n|-terastallize|p2a: Flutter Mane|Ghost\n|move|p1a: Iron Bundle|Ice Beam|p2a: Flutter Mane\n|-damage|p2a: Flutter Mane|55\/100\n|move|p2a: Flutter Mane|Shadow Ball|p1a: Iron Bundle\n|-damage|p1a: Iron Bundle|0 fnt\n|faint|p1a: Iron Bundle\n|-end|p1a: Iron Bundle|Quark Drive|[silent]\n|\n|-weather|SunnyDay|[upkeep]\n|upkeep\n|\n|t:|1700609219\n|switch|p1a: Iron Valiant|Iron Valiant|100\/100\n|-enditem|p1a: Iron Valiant|Booster Energy\n|-activate|p1a: Iron Valiant|ability: Quark Drive|[fromitem]\n|-start|p1a: Iron Valiant|quarkdrivespe\n|turn|8\n|\n|t:|1700609223\n|move|p2a: Flutter Mane|Shadow Ball|p1a: Iron Valiant\n|-damage|p1a: Iron Valiant|0 fnt\n|faint|p1a: Iron Valiant\n|-end|p1a: Iron Valiant|Quark Drive|[silent]\n|\n|-weather|none\n|-end|p2a: Flutter Mane|Protosynthesis\n|upkeep\n|\n|t:|1700609226\n|switch|p1a: Annihilape|Annihilape, F|100\/100\n|turn|9\n|\n|t:|1700609228\n|move|p2a: Flutter Mane|Shadow Ball|p1a: Annihilape\n|-supereffective|p1a: Annihilape\n|-damage|p1a: Annihilape|0 fnt\n|faint|p1a: Annihilape\n|\n|win|Elix1\n","uploadtime":1700609232,"views":10,"p1id":"jixel","p2id":"elix1","formatid":"gen9ubers","rating":0,"private":0,"password":""}