{"id":"gen9ubers-1991170350","p1":"ZachMcD","p2":"LOLWhale","format":"[Gen 9] Ubers","log":"|j|\u2606ZachMcD\n|j|\u2606LOLWhale\n|t:|1700053049\n|gametype|singles\n|player|p1|ZachMcD|giovanni|\n|player|p2|LOLWhale|2|\n|teamsize|p1|6\n|teamsize|p2|6\n|gen|9\n|tier|[Gen 9] Ubers\n|rule|Sleep Clause Mod: Limit one foe put to sleep\n|rule|Species Clause: Limit one of each Pok\u00e9mon\n|rule|OHKO Clause: OHKO moves are banned\n|rule|Evasion Items Clause: Evasion items are banned\n|rule|Evasion Moves Clause: Evasion moves are banned\n|rule|Endless Battle Clause: Forcing endless battles is banned\n|rule|HP Percentage Mod: HP is shown in percentages\n|clearpoke\n|poke|p1|Ogerpon-Hearthflame, F|\n|poke|p1|Gholdengo|\n|poke|p1|Krookodile, M|\n|poke|p1|Kilowattrel, M|\n|poke|p1|Hariyama, M|\n|poke|p1|Furret, M|\n|poke|p2|Heatran, M|\n|poke|p2|Muk-Alola, F|\n|poke|p2|Torterra, M|\n|poke|p2|Azumarill, F|\n|poke|p2|Froslass, F|\n|poke|p2|Tornadus-Therian, M|\n|teampreview\n|c|\u2606LOLWhale|ITS HIM\n|c|\u2606LOLWhale|THE HIMBENING\n|c|\u2606ZachMcD|LOL\n|c|\u2606LOLWhale|I AM NOT OK WITH THAT\n|c|\u2606ZachMcD|glgl bud\n|c|\u2606LOLWhale|you yoo friendo <3\n|c|\u2606LOLWhale|too*\n|\n|t:|1700053191\n|start\n|switch|p1a: Kero|Krookodile, M|100\/100\n|switch|p2a: Froslass|Froslass, F|100\/100\n|-ability|p1a: Kero|Intimidate|boost\n|-unboost|p2a: Froslass|atk|1\n|turn|1\n|\n|t:|1700053227\n|move|p2a: Froslass|Ice Beam|p1a: Kero\n|-supereffective|p1a: Kero\n|-enditem|p1a: Kero|Focus Sash\n|-damage|p1a: Kero|1\/100\n|move|p1a: Kero|Knock Off|p2a: Froslass\n|-supereffective|p2a: Froslass\n|-damage|p2a: Froslass|0 fnt\n|-enditem|p2a: Froslass|Choice Specs|[from] move: Knock Off|[of] p1a: Kero\n|faint|p2a: Froslass\n|\n|upkeep\n|c|\u2606LOLWhale|HE IS SASHHHHHHH\n|\n|t:|1700053240\n|switch|p2a: Tornadus|Tornadus-Therian, M|100\/100\n|turn|2\n|\n|t:|1700053301\n|move|p2a: Tornadus|Knock Off|p1a: Kero\n|-resisted|p1a: Kero\n|-damage|p1a: Kero|0 fnt\n|faint|p1a: Kero\n|\n|upkeep\n|\n|t:|1700053348\n|switch|p1a: Surfin' USA|Gholdengo|100\/100\n|turn|3\n|\n|t:|1700053375\n|move|p2a: Tornadus|Knock Off|p1a: Surfin' USA\n|-supereffective|p1a: Surfin' USA\n|-damage|p1a: Surfin' USA|61\/100\n|-enditem|p1a: Surfin' USA|Covert Cloak|[from] move: Knock Off|[of] p2a: Tornadus\n|move|p1a: Surfin' USA|Nasty Plot|p1a: Surfin' USA\n|-boost|p1a: Surfin' USA|spa|2\n|\n|upkeep\n|turn|4\n|\n|t:|1700053443\n|move|p2a: Tornadus|Heat Wave|p1a: Surfin' USA|[miss]\n|-miss|p2a: Tornadus|p1a: Surfin' USA\n|move|p1a: Surfin' USA|Shadow Ball|p2a: Tornadus\n|-damage|p2a: Tornadus|44\/100\n|\n|upkeep\n|turn|5\n|c|\u2606LOLWhale|hm\n|c|\u2606LOLWhale|well thats mighty unfortunate aint it\n|c|\u2606ZachMcD|indeed\n|\n|t:|1700053498\n|move|p2a: Tornadus|U-turn|p1a: Surfin' USA\n|-resisted|p1a: Surfin' USA\n|-damage|p1a: Surfin' USA|58\/100\n|\n|t:|1700053505\n|switch|p2a: Muk|Muk-Alola, F|100\/100|[from] U-turn\n|move|p1a: Surfin' USA|Shadow Ball|p2a: Muk\n|-resisted|p2a: Muk\n|-damage|p2a: Muk|77\/100\n|\n|upkeep\n|turn|6\n|\n|t:|1700053575\n|move|p1a: Surfin' USA|Make It Rain|p2a: Muk\n|-damage|p2a: Muk|2\/100\n|-unboost|p1a: Surfin' USA|spa|1\n|move|p2a: Muk|Knock Off|p1a: Surfin' USA\n|-supereffective|p1a: Surfin' USA\n|-damage|p1a: Surfin' USA|0 fnt\n|faint|p1a: Surfin' USA\n|\n|upkeep\n|\n|t:|1700053611\n|switch|p1a: CA-MI-NAR|Furret, M|100\/100\n|-item|p2a: Muk|Assault Vest|[from] ability: Frisk|[of] p1a: CA-MI-NAR|[identify]\n|turn|7\n|\n|t:|1700053663\n|move|p1a: CA-MI-NAR|Quick Attack|p2a: Muk\n|-damage|p2a: Muk|0 fnt\n|faint|p2a: Muk\n|\n|upkeep\n|\n|t:|1700053695\n|switch|p2a: Torterra|Torterra, M|100\/100\n|turn|8\n|\n|t:|1700053774\n|-terastallize|p1a: CA-MI-NAR|Normal\n|move|p1a: CA-MI-NAR|Body Slam|p2a: Torterra\n|-damage|p2a: Torterra|66\/100\n|-status|p2a: Torterra|par\n|move|p2a: Torterra|Shell Smash|p2a: Torterra\n|-unboost|p2a: Torterra|def|1\n|-unboost|p2a: Torterra|spd|1\n|-boost|p2a: Torterra|atk|2\n|-boost|p2a: Torterra|spa|2\n|-boost|p2a: Torterra|spe|2\n|\n|upkeep\n|turn|9\n|c|\u2606LOLWhale|no way\n|c|\u2606ZachMcD|The goobing\n|\n|t:|1700053794\n|move|p1a: CA-MI-NAR|Body Slam|p2a: Torterra\n|-damage|p2a: Torterra|9\/100 par\n|move|p2a: Torterra|Earthquake|p1a: CA-MI-NAR\n|-damage|p1a: CA-MI-NAR|0 fnt\n|faint|p1a: CA-MI-NAR\n|\n|upkeep\n|c|\u2606LOLWhale|no\n|c|\u2606LOLWhale|bad furret\n|c|\u2606LOLWhale|>:(\n|\n|t:|1700053814\n|switch|p1a: Angy|Ogerpon-Hearthflame, F|100\/100\n|-ability|p1a: Angy|Mold Breaker\n|turn|10\n|\n|t:|1700053835\n|move|p1a: Angy|Stomping Tantrum|p2a: Torterra\n|-resisted|p2a: Torterra\n|-damage|p2a: Torterra|0 fnt\n|faint|p2a: Torterra\n|\n|upkeep\n|\n|t:|1700053838\n|switch|p2a: Tornadus|Tornadus-Therian, M|77\/100\n|turn|11\n|\n|t:|1700053860\n|move|p1a: Angy|Ivy Cudgel|p2a: Tornadus|[anim] Ivy Cudgel Fire\n|-damage|p2a: Tornadus|3\/100\n|move|p2a: Tornadus|U-turn|p1a: Angy\n|-damage|p1a: Angy|80\/100\n|\n|t:|1700053863\n|switch|p2a: Azumarill|Azumarill, F|100\/100|[from] U-turn\n|\n|upkeep\n|turn|12\n|j| curtisthecacnea\n|c|\u2606LOLWhale|that para wins it for you i think\n|\n|t:|1700053922\n|move|p2a: Azumarill|Aqua Jet|p1a: Angy\n|-damage|p1a: Angy|47\/100\n|move|p1a: Angy|Horn Leech|p2a: Azumarill\n|-supereffective|p2a: Azumarill\n|-damage|p2a: Azumarill|17\/100\n|-heal|p1a: Angy|100\/100|[from] drain|[of] p2a: Azumarill\n|-enditem|p2a: Azumarill|Sitrus Berry|[eat]\n|-heal|p2a: Azumarill|42\/100|[from] item: Sitrus Berry\n|\n|upkeep\n|turn|13\n|\n|t:|1700053935\n|move|p1a: Angy|Horn Leech|p2a: Azumarill\n|-supereffective|p2a: Azumarill\n|-damage|p2a: Azumarill|0 fnt\n|faint|p2a: Azumarill\n|\n|upkeep\n|\n|t:|1700053938\n|switch|p2a: Tornadus|Tornadus-Therian, M|36\/100\n|turn|14\n|c|\u2606ZachMcD|I'll tell you why not maybe in a sec\n|\n|t:|1700053942\n|move|p1a: Angy|Ivy Cudgel|p2a: Tornadus|[anim] Ivy Cudgel Fire\n|-damage|p2a: Tornadus|0 fnt\n|faint|p2a: Tornadus\n|\n|upkeep\n|\n|t:|1700053944\n|switch|p2a: Heatran|Heatran, M|100\/100\n|turn|15\n|c|\u2606ZachMcD|Kilo is scarfed\n|c|\u2606LOLWhale|ill tell ya why\n|\n|t:|1700053952\n|move|p1a: Angy|Stomping Tantrum|p2a: Heatran\n|-supereffective|p2a: Heatran\n|-damage|p2a: Heatran|6\/100\n|move|p2a: Heatran|Lava Plume|p1a: Angy\n|-damage|p1a: Angy|56\/100\n|\n|-heal|p2a: Heatran|12\/100|[from] item: Leftovers\n|upkeep\n|turn|16\n|c|\u2606LOLWhale|oh\n|c|\u2606LOLWhale|you scarfed kilo\n|c|\u2606LOLWhale|well\n|c|\u2606ZachMcD|yee\n|c|\u2606ZachMcD|for Espeon and Smash\n|\n|t:|1700053983\n|move|p1a: Angy|Stomping Tantrum|p2a: Heatran\n|-supereffective|p2a: Heatran\n|-damage|p2a: Heatran|0 fnt\n|faint|p2a: Heatran\n|\n|win|ZachMcD\n|c|\u2606LOLWhale|fair enough then\n|c|\u2606LOLWhale|it would have been better for me to force Kilo out there though\n|c|\u2606LOLWhale|for sure\n|l| curtisthecacnea\n|c|\u2606ZachMcD|yeah\n|c|\u2606LOLWhale|i could have played around Kilo\n|c|\u2606LOLWhale|but i have no counter for this thing\n|c|\u2606LOLWhale|i should have done sap sipper\n|c|\u2606LOLWhale|but it would just make Azu that much worse\n|c|\u2606ZachMcD|I had Gold+Krook+Furret to always play around Espeon's Tera\n|c|\u2606ZachMcD|Cuz I was terrified\n|c|\u2606LOLWhale|well ggs\n|c|\u2606LOLWhale|you got replay\n|c|\u2606ZachMcD|ggs bud\n|c|\u2606ZachMcD|ye\n|l|\u2606LOLWhale\n","uploadtime":1700054074,"views":53,"p1id":"zachmcd","p2id":"lolwhale","formatid":"gen9ubers","rating":0,"private":0,"password":""}