{"id":"gen9ubers-1997689525","p1":"Aaron MA","p2":"ImhoPitit","format":"[Gen 9] Ubers","log":"|j|\u2606Aaron MA\n|j|\u2606ImhoPitit\n|t:|1700842082\n|gametype|singles\n|player|p1|Aaron MA|170|\n|player|p2|ImhoPitit|lucas|\n|teamsize|p1|6\n|teamsize|p2|6\n|gen|9\n|tier|[Gen 9] Ubers\n|rule|Sleep Clause Mod: Limit one foe put to sleep\n|rule|Species Clause: Limit one of each Pok\u00e9mon\n|rule|OHKO Clause: OHKO moves are banned\n|rule|Evasion Items Clause: Evasion items are banned\n|rule|Evasion Moves Clause: Evasion moves are banned\n|rule|Endless Battle Clause: Forcing endless battles is banned\n|rule|HP Percentage Mod: HP is shown in percentages\n|clearpoke\n|poke|p1|Grimmsnarl, M|\n|poke|p1|Hatterene, F|\n|poke|p1|Rillaboom, F|\n|poke|p1|Sneasler, M|\n|poke|p1|Cresselia, F|\n|poke|p1|Moltres-Galar|\n|poke|p2|Enamorus, F|\n|poke|p2|Dragonite, M|\n|poke|p2|Skeledirge, M|\n|poke|p2|Gliscor, M|\n|poke|p2|Iron Valiant|\n|poke|p2|Dragapult, M|\n|teampreview\n|inactive|Battle timer is ON: inactive players will automatically lose when time's up. (requested by ImhoPitit)\n|\n|t:|1700842096\n|start\n|switch|p1a: Grimmsnarl|Grimmsnarl, M|100\/100\n|switch|p2a: Vion ?|Dragapult, M|100\/100\n|turn|1\n|l|\u2606Aaron MA\n|inactive|Aaron MA disconnected and has 300 seconds to reconnect!\n|player|p1|\n|inactive|Aaron MA has 270 seconds to reconnect!\n|j|\u2606Aaron MA\n|inactive|Aaron MA reconnected and has 295 seconds left.\n|player|p1|Aaron MA|170\n|\n|t:|1700842148\n|move|p1a: Grimmsnarl|Light Screen|p1a: Grimmsnarl\n|-sidestart|p1: Aaron MA|move: Light Screen\n|move|p2a: Vion ?|U-turn|p1a: Grimmsnarl\n|-damage|p1a: Grimmsnarl|74\/100\n|\n|t:|1700842152\n|switch|p2a: Alucard|Gliscor, M|100\/100|[from] U-turn\n|\n|-status|p2a: Alucard|tox|[from] item: Toxic Orb\n|upkeep\n|turn|2\n|\n|t:|1700842160\n|move|p1a: Grimmsnarl|Taunt|p2a: Alucard\n|-start|p2a: Alucard|move: Taunt\n|cant|p2a: Alucard|move: Taunt|Toxic\n|\n|upkeep\n|turn|3\n|\n|t:|1700842165\n|move|p1a: Grimmsnarl|Reflect|p1a: Grimmsnarl\n|-sidestart|p1: Aaron MA|Reflect\n|move|p2a: Alucard|Earthquake|p1a: Grimmsnarl\n|-damage|p1a: Grimmsnarl|61\/100\n|\n|upkeep\n|turn|4\n|\n|t:|1700842175\n|switch|p2a: Hisashiburi dana|Skeledirge, M|100\/100\n|move|p1a: Grimmsnarl|Parting Shot|p2a: Hisashiburi dana\n|-unboost|p2a: Hisashiburi dana|atk|1\n|-unboost|p2a: Hisashiburi dana|spa|1\n|\n|t:|1700842184\n|switch|p1a: Sneasler|Sneasler, M|100\/100|[from] Parting Shot\n|\n|upkeep\n|turn|5\n|\n|t:|1700842190\n|switch|p2a: Alucard|Gliscor, M|100\/100 tox\n|move|p1a: Sneasler|Swords Dance|p1a: Sneasler\n|-boost|p1a: Sneasler|atk|2\n|\n|upkeep\n|turn|6\n|\n|t:|1700842203\n|switch|p1a: Rillaboom|Rillaboom, F|100\/100\n|-fieldstart|move: Grassy Terrain|[from] ability: Grassy Surge|[of] p1a: Rillaboom\n|move|p2a: Alucard|Earthquake|p1a: Rillaboom\n|-resisted|p1a: Rillaboom\n|-crit|p1a: Rillaboom\n|-damage|p1a: Rillaboom|88\/100\n|\n|-heal|p1a: Rillaboom|95\/100|[from] Grassy Terrain\n|upkeep\n|turn|7\n|\n|t:|1700842215\n|switch|p1a: Hatterene|Hatterene, F|100\/100\n|-enditem|p1a: Hatterene|Grassy Seed\n|-boost|p1a: Hatterene|def|1|[from] item: Grassy Seed\n|move|p2a: Alucard|Toxic|p1a: Hatterene\n|move|p1a: Hatterene|Toxic|p2a: Alucard|[from]ability: Magic Bounce\n|-fail|p2a: Alucard|tox\n|\n|upkeep\n|turn|8\n|\n|t:|1700842225\n|switch|p2a: Hisashiburi dana|Skeledirge, M|100\/100\n|move|p1a: Hatterene|Calm Mind|p1a: Hatterene\n|-boost|p1a: Hatterene|spa|1\n|-boost|p1a: Hatterene|spd|1\n|\n|-sideend|p1: Aaron MA|move: Light Screen\n|upkeep\n|turn|9\n|\n|t:|1700842236\n|move|p2a: Hisashiburi dana|Torch Song|p1a: Hatterene\n|-damage|p1a: Hatterene|69\/100\n|-boost|p2a: Hisashiburi dana|spa|1\n|-enditem|p2a: Hisashiburi dana|Throat Spray\n|-boost|p2a: Hisashiburi dana|spa|1|[from] item: Throat Spray\n|move|p1a: Hatterene|Calm Mind|p1a: Hatterene\n|-boost|p1a: Hatterene|spa|1\n|-boost|p1a: Hatterene|spd|1\n|\n|-heal|p1a: Hatterene|75\/100|[from] Grassy Terrain\n|upkeep\n|turn|10\n|j| quentinteug\n|\n|t:|1700842249\n|move|p2a: Hisashiburi dana|Shadow Ball|p1a: Hatterene\n|-supereffective|p1a: Hatterene\n|-damage|p1a: Hatterene|0 fnt\n|faint|p1a: Hatterene\n|\n|-sideend|p1: Aaron MA|Reflect\n|-fieldend|move: Grassy Terrain\n|upkeep\n|\n|t:|1700842258\n|switch|p1a: Rillaboom|Rillaboom, F|95\/100\n|-fieldstart|move: Grassy Terrain|[from] ability: Grassy Surge|[of] p1a: Rillaboom\n|turn|11\n|\n|t:|1700842268\n|-terastallize|p2a: Hisashiburi dana|Water\n|move|p1a: Rillaboom|Knock Off|p2a: Hisashiburi dana\n|-damage|p2a: Hisashiburi dana|69\/100\n|move|p2a: Hisashiburi dana|Torch Song|p1a: Rillaboom\n|-supereffective|p1a: Rillaboom\n|-damage|p1a: Rillaboom|0 fnt\n|-boost|p2a: Hisashiburi dana|spa|1\n|faint|p1a: Rillaboom\n|\n|-heal|p2a: Hisashiburi dana|75\/100|[from] Grassy Terrain\n|upkeep\n|\n|t:|1700842297\n|switch|p1a: Sneasler|Sneasler, M|100\/100\n|turn|12\n|\n|t:|1700842303\n|move|p1a: Sneasler|Swords Dance|p1a: Sneasler\n|-boost|p1a: Sneasler|atk|2\n|move|p2a: Hisashiburi dana|Will-O-Wisp|p1a: Sneasler|[miss]\n|-miss|p2a: Hisashiburi dana|p1a: Sneasler\n|\n|-heal|p2a: Hisashiburi dana|81\/100|[from] Grassy Terrain\n|upkeep\n|turn|13\n|\n|t:|1700842323\n|move|p1a: Sneasler|Gunk Shot|p2a: Hisashiburi dana\n|-damage|p2a: Hisashiburi dana|34\/100\n|-status|p2a: Hisashiburi dana|psn\n|move|p2a: Hisashiburi dana|Will-O-Wisp|p1a: Sneasler\n|-status|p1a: Sneasler|brn\n|\n|-heal|p2a: Hisashiburi dana|40\/100 psn|[from] Grassy Terrain\n|-damage|p2a: Hisashiburi dana|27\/100 psn|[from] psn\n|-damage|p1a: Sneasler|95\/100 brn|[from] brn\n|upkeep\n|turn|14\n|\n|t:|1700842336\n|move|p1a: Sneasler|Gunk Shot|p2a: Hisashiburi dana|[miss]\n|-miss|p1a: Sneasler|p2a: Hisashiburi dana\n|move|p2a: Hisashiburi dana|Slack Off|p2a: Hisashiburi dana\n|-heal|p2a: Hisashiburi dana|77\/100 psn\n|\n|-heal|p1a: Sneasler|100\/100 brn|[from] Grassy Terrain\n|-heal|p2a: Hisashiburi dana|83\/100 psn|[from] Grassy Terrain\n|-damage|p2a: Hisashiburi dana|71\/100 psn|[from] psn\n|-damage|p1a: Sneasler|95\/100 brn|[from] brn\n|upkeep\n|turn|15\n|\n|t:|1700842349\n|move|p1a: Sneasler|Close Combat|p2a: Hisashiburi dana\n|-damage|p2a: Hisashiburi dana|46\/100 psn\n|-unboost|p1a: Sneasler|def|1\n|-unboost|p1a: Sneasler|spd|1\n|move|p2a: Hisashiburi dana|Torch Song|p1a: Sneasler\n|-damage|p1a: Sneasler|0 fnt\n|-boost|p2a: Hisashiburi dana|spa|1\n|faint|p1a: Sneasler\n|\n|-heal|p2a: Hisashiburi dana|52\/100 psn|[from] Grassy Terrain\n|-damage|p2a: Hisashiburi dana|40\/100 psn|[from] psn\n|-fieldend|move: Grassy Terrain\n|upkeep\n|inactive|Aaron MA has 270 seconds left.\n|\n|t:|1700842363\n|switch|p1a: Grimmsnarl|Grimmsnarl, M|61\/100\n|turn|16\n|\n|t:|1700842367\n|move|p1a: Grimmsnarl|Taunt|p2a: Hisashiburi dana\n|-start|p2a: Hisashiburi dana|move: Taunt\n|cant|p2a: Hisashiburi dana|move: Taunt|Slack Off\n|\n|-damage|p2a: Hisashiburi dana|28\/100 psn|[from] psn\n|upkeep\n|turn|17\n|\n|t:|1700842375\n|move|p1a: Grimmsnarl|Light Screen|p1a: Grimmsnarl\n|-sidestart|p1: Aaron MA|move: Light Screen\n|move|p2a: Hisashiburi dana|Torch Song|p1a: Grimmsnarl\n|-damage|p1a: Grimmsnarl|15\/100\n|-boost|p2a: Hisashiburi dana|spa|1\n|\n|-damage|p2a: Hisashiburi dana|15\/100 psn|[from] psn\n|upkeep\n|turn|18\n|\n|t:|1700842388\n|move|p1a: Grimmsnarl|Reflect|p1a: Grimmsnarl\n|-sidestart|p1: Aaron MA|Reflect\n|move|p2a: Hisashiburi dana|Torch Song|p1a: Grimmsnarl\n|-damage|p1a: Grimmsnarl|0 fnt\n|-boost|p2a: Hisashiburi dana|spa|1\n|faint|p1a: Grimmsnarl\n|\n|-damage|p2a: Hisashiburi dana|3\/100 psn|[from] psn\n|-end|p2a: Hisashiburi dana|move: Taunt\n|upkeep\n|\n|t:|1700842400\n|switch|p1a: Moltres|Moltres-Galar|100\/100\n|turn|19\n|\n|t:|1700842408\n|move|p1a: Moltres|Fiery Wrath|p2a: Hisashiburi dana\n|-crit|p2a: Hisashiburi dana\n|-damage|p2a: Hisashiburi dana|0 fnt\n|faint|p2a: Hisashiburi dana\n|\n|upkeep\n|\n|t:|1700842415\n|switch|p2a: Alucard|Gliscor, M|100\/100 tox\n|turn|20\n|\n|t:|1700842427\n|move|p1a: Moltres|Agility|p1a: Moltres\n|-boost|p1a: Moltres|spe|2\n|move|p2a: Alucard|Toxic|p1a: Moltres\n|-status|p1a: Moltres|tox\n|\n|-damage|p1a: Moltres|94\/100 tox|[from] psn\n|upkeep\n|turn|21\n|\n|t:|1700842445\n|switch|p2a: Trop mang\u00e9|Dragonite, M|100\/100\n|move|p1a: Moltres|Fiery Wrath|p2a: Trop mang\u00e9\n|-damage|p2a: Trop mang\u00e9|77\/100\n|\n|-damage|p1a: Moltres|82\/100 tox|[from] psn\n|upkeep\n|turn|22\n|\n|t:|1700842455\n|move|p1a: Moltres|Fiery Wrath|p2a: Trop mang\u00e9\n|-damage|p2a: Trop mang\u00e9|35\/100\n|move|p2a: Trop mang\u00e9|Dragon Dance|p2a: Trop mang\u00e9\n|-boost|p2a: Trop mang\u00e9|atk|1\n|-boost|p2a: Trop mang\u00e9|spe|1\n|\n|-damage|p1a: Moltres|63\/100 tox|[from] psn\n|upkeep\n|turn|23\n|\n|t:|1700842464\n|move|p2a: Trop mang\u00e9|Extreme Speed|p1a: Moltres\n|-damage|p1a: Moltres|35\/100 tox\n|-ability|p1a: Moltres|Berserk|boost\n|-boost|p1a: Moltres|spa|1\n|move|p1a: Moltres|Fiery Wrath|p2a: Trop mang\u00e9\n|-damage|p2a: Trop mang\u00e9|0 fnt\n|faint|p2a: Trop mang\u00e9\n|\n|-damage|p1a: Moltres|10\/100 tox|[from] psn\n|upkeep\n|\n|t:|1700842476\n|switch|p2a: Alucard|Gliscor, M|100\/100 tox\n|turn|24\n|\n|t:|1700842484\n|move|p2a: Alucard|Protect|p2a: Alucard\n|-singleturn|p2a: Alucard|Protect\n|move|p1a: Moltres|Fiery Wrath|p2a: Alucard\n|-activate|p2a: Alucard|move: Protect\n|\n|-damage|p1a: Moltres|0 fnt|[from] psn\n|faint|p1a: Moltres\n|-sideend|p1: Aaron MA|move: Light Screen\n|upkeep\n|\n|t:|1700842495\n|switch|p1a: Cresselia|Cresselia, F|100\/100\n|turn|25\n|\n|t:|1700842506\n|switch|p2a: Emo futuriste|Iron Valiant|100\/100\n|-enditem|p2a: Emo futuriste|Booster Energy\n|-activate|p2a: Emo futuriste|ability: Quark Drive|[fromitem]\n|-start|p2a: Emo futuriste|quarkdrivespe\n|-terastallize|p1a: Cresselia|Poison\n|move|p1a: Cresselia|Calm Mind|p1a: Cresselia\n|-boost|p1a: Cresselia|spa|1\n|-boost|p1a: Cresselia|spd|1\n|\n|-sideend|p1: Aaron MA|Reflect\n|upkeep\n|turn|26\n|\n|t:|1700842518\n|move|p2a: Emo futuriste|Encore|p1a: Cresselia\n|-start|p1a: Cresselia|Encore\n|move|p1a: Cresselia|Calm Mind|p1a: Cresselia\n|-boost|p1a: Cresselia|spa|1\n|-boost|p1a: Cresselia|spd|1\n|\n|upkeep\n|turn|27\n|\n|t:|1700842525\n|move|p2a: Emo futuriste|Calm Mind|p2a: Emo futuriste\n|-boost|p2a: Emo futuriste|spa|1\n|-boost|p2a: Emo futuriste|spd|1\n|move|p1a: Cresselia|Calm Mind|p1a: Cresselia\n|-boost|p1a: Cresselia|spa|1\n|-boost|p1a: Cresselia|spd|1\n|\n|upkeep\n|turn|28\n|\n|t:|1700842532\n|move|p2a: Emo futuriste|Calm Mind|p2a: Emo futuriste\n|-boost|p2a: Emo futuriste|spa|1\n|-boost|p2a: Emo futuriste|spd|1\n|move|p1a: Cresselia|Calm Mind|p1a: Cresselia\n|-boost|p1a: Cresselia|spa|1\n|-boost|p1a: Cresselia|spd|1\n|\n|-end|p1a: Cresselia|Encore\n|upkeep\n|turn|29\n|\n|t:|1700842541\n|move|p2a: Emo futuriste|Encore|p1a: Cresselia\n|-start|p1a: Cresselia|Encore\n|move|p1a: Cresselia|Calm Mind|p1a: Cresselia\n|-boost|p1a: Cresselia|spa|1\n|-boost|p1a: Cresselia|spd|1\n|\n|upkeep\n|turn|30\n|\n|t:|1700842548\n|move|p2a: Emo futuriste|Calm Mind|p2a: Emo futuriste\n|-boost|p2a: Emo futuriste|spa|1\n|-boost|p2a: Emo futuriste|spd|1\n|move|p1a: Cresselia|Calm Mind|p1a: Cresselia\n|-boost|p1a: Cresselia|spa|1\n|-boost|p1a: Cresselia|spd|1\n|\n|upkeep\n|turn|31\n|\n|t:|1700842555\n|move|p2a: Emo futuriste|Calm Mind|p2a: Emo futuriste\n|-boost|p2a: Emo futuriste|spa|1\n|-boost|p2a: Emo futuriste|spd|1\n|move|p1a: Cresselia|Calm Mind|p1a: Cresselia\n|-boost|p1a: Cresselia|spa|0\n|-boost|p1a: Cresselia|spd|0\n|\n|-end|p1a: Cresselia|Encore\n|upkeep\n|turn|32\n|\n|t:|1700842564\n|move|p2a: Emo futuriste|Encore|p1a: Cresselia\n|-start|p1a: Cresselia|Encore\n|move|p1a: Cresselia|Calm Mind|p1a: Cresselia\n|-boost|p1a: Cresselia|spa|0\n|-boost|p1a: Cresselia|spd|0\n|\n|upkeep\n|turn|33\n|\n|t:|1700842571\n|move|p2a: Emo futuriste|Psyshock|p1a: Cresselia\n|-supereffective|p1a: Cresselia\n|-damage|p1a: Cresselia|15\/100\n|-enditem|p1a: Cresselia|Sitrus Berry|[eat]\n|-heal|p1a: Cresselia|40\/100|[from] item: Sitrus Berry\n|move|p1a: Cresselia|Calm Mind|p1a: Cresselia\n|-boost|p1a: Cresselia|spa|0\n|-boost|p1a: Cresselia|spd|0\n|\n|upkeep\n|turn|34\n|\n|t:|1700842580\n|move|p2a: Emo futuriste|Psyshock|p1a: Cresselia\n|-supereffective|p1a: Cresselia\n|-damage|p1a: Cresselia|0 fnt\n|faint|p1a: Cresselia\n|\n|win|ImhoPitit\n","uploadtime":1700842587,"views":5,"p1id":"aaronma","p2id":"imhopitit","formatid":"gen9ubers","rating":0,"private":0,"password":""}