{"id":"gen9ubers-1994426978","p1":"on 40 benadryl","p2":"Anne Frankkkk","format":"[Gen 9] Ubers","log":"|j|\u2606on 40 benadryl\n|j|\u2606Anne Frankkkk\n|t:|1700442689\n|gametype|singles\n|player|p1|on 40 benadryl|worker|1223\n|player|p2|Anne Frankkkk|hilbert|1212\n|teamsize|p1|6\n|teamsize|p2|6\n|gen|9\n|tier|[Gen 9] Ubers\n|rated|\n|rule|Sleep Clause Mod: Limit one foe put to sleep\n|rule|Species Clause: Limit one of each Pok\u00e9mon\n|rule|OHKO Clause: OHKO moves are banned\n|rule|Evasion Items Clause: Evasion items are banned\n|rule|Evasion Moves Clause: Evasion moves are banned\n|rule|Endless Battle Clause: Forcing endless battles is banned\n|rule|HP Percentage Mod: HP is shown in percentages\n|clearpoke\n|poke|p1|Miraidon|\n|poke|p1|Iron Valiant|\n|poke|p1|Iron Bundle|\n|poke|p1|Zacian-*|\n|poke|p1|Arceus-Ground|\n|poke|p1|Toxapex, M|\n|poke|p2|Regieleki|\n|poke|p2|Kyogre|\n|poke|p2|Chien-Pao|\n|poke|p2|Ribombee, M|\n|poke|p2|Miraidon|\n|poke|p2|Flutter Mane|\n|teampreview\n|\n|t:|1700442696\n|start\n|switch|p1a: Miraidon|Miraidon|100\/100\n|switch|p2a: Moonblast|Ribombee, M, shiny|100\/100\n|-fieldstart|move: Electric Terrain|[from] ability: Hadron Engine|[of] p1a: Miraidon\n|turn|1\n|inactive|Battle timer is ON: inactive players will automatically lose when time's up. (requested by Anne Frankkkk)\n|\n|t:|1700442714\n|move|p1a: Miraidon|Volt Switch|p2a: Moonblast\n|-enditem|p2a: Moonblast|Focus Sash\n|-damage|p2a: Moonblast|1\/100\n|\n|t:|1700442720\n|switch|p1a: Iron Bundle|Iron Bundle|100\/100|[from] Volt Switch\n|-activate|p1a: Iron Bundle|ability: Quark Drive\n|-start|p1a: Iron Bundle|quarkdrivespe\n|move|p2a: Moonblast|Sticky Web|p1a: Iron Bundle\n|-sidestart|p1: on 40 benadryl|move: Sticky Web\n|\n|upkeep\n|turn|2\n|\n|t:|1700442725\n|move|p1a: Iron Bundle|Freeze-Dry|p2a: Moonblast\n|-damage|p2a: Moonblast|0 fnt\n|faint|p2a: Moonblast\n|\n|upkeep\n|\n|t:|1700442733\n|switch|p2a: Misdreavius|Flutter Mane, shiny|100\/100\n|-enditem|p2a: Misdreavius|Booster Energy\n|-activate|p2a: Misdreavius|ability: Protosynthesis|[fromitem]\n|-start|p2a: Misdreavius|protosynthesisspe\n|turn|3\n|\n|t:|1700442751\n|move|p1a: Iron Bundle|Hydro Pump|p2a: Misdreavius|[miss]\n|-miss|p1a: Iron Bundle|p2a: Misdreavius\n|move|p2a: Misdreavius|Moonblast|p1a: Iron Bundle\n|-damage|p1a: Iron Bundle|2\/100\n|-unboost|p1a: Iron Bundle|spa|1\n|\n|upkeep\n|turn|4\n|\n|t:|1700442758\n|move|p1a: Iron Bundle|Hydro Pump|p2a: Misdreavius\n|-damage|p2a: Misdreavius|60\/100\n|move|p2a: Misdreavius|Calm Mind|p2a: Misdreavius\n|-boost|p2a: Misdreavius|spa|1\n|-boost|p2a: Misdreavius|spd|1\n|\n|upkeep\n|turn|5\n|\n|t:|1700442764\n|move|p1a: Iron Bundle|Flip Turn|p2a: Misdreavius\n|-damage|p2a: Misdreavius|24\/100\n|\n|t:|1700442767\n|-end|p1a: Iron Bundle|Quark Drive|[silent]\n|switch|p1a: Toxapex|Toxapex, M|100\/100|[from] Flip Turn\n|-activate|p1a: Toxapex|move: Sticky Web\n|-unboost|p1a: Toxapex|spe|1\n|move|p2a: Misdreavius|Moonblast|p1a: Toxapex\n|-resisted|p1a: Toxapex\n|-damage|p1a: Toxapex|81\/100\n|-unboost|p1a: Toxapex|spa|1\n|\n|-fieldend|move: Electric Terrain\n|upkeep\n|turn|6\n|\n|t:|1700442776\n|move|p2a: Misdreavius|Shadow Ball|p1a: Toxapex\n|-damage|p1a: Toxapex|50\/100\n|move|p1a: Toxapex|Sludge Bomb|p2a: Misdreavius\n|-damage|p2a: Misdreavius|12\/100\n|\n|upkeep\n|turn|7\n|\n|t:|1700442785\n|move|p2a: Misdreavius|Shadow Ball|p1a: Toxapex\n|-damage|p1a: Toxapex|20\/100\n|-unboost|p1a: Toxapex|spd|1\n|move|p1a: Toxapex|Sludge Bomb|p2a: Misdreavius\n|-damage|p2a: Misdreavius|1\/100\n|\n|upkeep\n|turn|8\n|\n|t:|1700442792\n|switch|p1a: Iron Bundle|Iron Bundle|2\/100\n|move|p2a: Misdreavius|Shadow Ball|p1a: Iron Bundle\n|-damage|p1a: Iron Bundle|0 fnt\n|faint|p1a: Iron Bundle\n|-end|p1a: Iron Bundle|Quark Drive|[silent]\n|\n|upkeep\n|-message|on 40 benadryl forfeited.\n|\n|win|Anne Frankkkk\n|raw|on 40 benadryl's rating: 1223 &rarr; <strong>1197<\/strong><br \/>(-26 for losing)\n|raw|Anne Frankkkk's rating: 1212 &rarr; <strong>1238<\/strong><br \/>(+26 for winning)\n|l|\u2606on 40 benadryl\n","uploadtime":1700442797,"views":3,"p1id":"on40benadryl","p2id":"annefrankkkk","formatid":"gen9ubers","rating":1197,"private":0,"password":""}