{"id":"gen9ubers-1982035253","p1":"Dinonbk","p2":"TubeKnight","format":"[Gen 9] Ubers","log":"|j|\u2606Dinonbk\n|j|\u2606TubeKnight\n|t:|1698961563\n|gametype|singles\n|player|p1|Dinonbk|mira|\n|player|p2|TubeKnight|veteran|\n|teamsize|p1|6\n|teamsize|p2|6\n|gen|9\n|tier|[Gen 9] Ubers\n|rule|Sleep Clause Mod: Limit one foe put to sleep\n|rule|Species Clause: Limit one of each Pok\u00e9mon\n|rule|OHKO Clause: OHKO moves are banned\n|rule|Evasion Items Clause: Evasion items are banned\n|rule|Evasion Moves Clause: Evasion moves are banned\n|rule|Endless Battle Clause: Forcing endless battles is banned\n|rule|HP Percentage Mod: HP is shown in percentages\n|clearpoke\n|poke|p1|Ninetales-Alola, F|\n|poke|p1|Baxcalibur, F|\n|poke|p1|Arceus-Ice|\n|poke|p1|Magearna|\n|poke|p1|Zacian-*|\n|poke|p1|Dialga|\n|poke|p2|Palafin, F|\n|poke|p2|Palkia-Origin|\n|poke|p2|Zacian-*|\n|poke|p2|Chi-Yu|\n|poke|p2|Arceus-Grass|\n|poke|p2|Urshifu-*, F|\n|teampreview\n|inactive|Battle timer is ON: inactive players will automatically lose when time's up. (requested by Dinonbk)\n|c|\u2606TubeKnight|glhf\n|\n|t:|1698961571\n|start\n|switch|p1a: Ninetales|Ninetales-Alola, F|100\/100\n|switch|p2a: Palafin|Palafin, F, shiny|100\/100\n|-weather|Snow|[from] ability: Snow Warning|[of] p1a: Ninetales\n|turn|1\n|\n|t:|1698961580\n|move|p2a: Palafin|Flip Turn|p1a: Ninetales\n|-damage|p1a: Ninetales|76\/100\n|c|\u2606Dinonbk|glhf\n|\n|t:|1698961607\n|detailschange|p2a: Palafin|Palafin-Hero, F, shiny\n|switch|p2a: Chi-Yu|Chi-Yu|100\/100|[from] Flip Turn\n|-ability|p2a: Chi-Yu|Beads of Ruin\n|move|p1a: Ninetales|Aurora Veil|p1a: Ninetales\n|-sidestart|p1: Dinonbk|move: Aurora Veil\n|\n|-weather|Snow|[upkeep]\n|upkeep\n|turn|2\n|\n|t:|1698961637\n|move|p2a: Chi-Yu|Overheat|p1a: Ninetales|[miss]\n|-miss|p2a: Chi-Yu|p1a: Ninetales\n|move|p1a: Ninetales|Moonblast|p2a: Chi-Yu\n|-damage|p2a: Chi-Yu|68\/100\n|\n|-weather|Snow|[upkeep]\n|upkeep\n|turn|3\n|\n|t:|1698961645\n|switch|p1a: Baxcalibur|Baxcalibur, F|100\/100\n|move|p2a: Chi-Yu|Overheat|p1a: Baxcalibur\n|-damage|p1a: Baxcalibur|52\/100\n|-unboost|p2a: Chi-Yu|spa|2\n|-ability|p1a: Baxcalibur|Thermal Exchange|boost\n|-boost|p1a: Baxcalibur|atk|1\n|\n|-weather|Snow|[upkeep]\n|upkeep\n|turn|4\n|\n|t:|1698961658\n|switch|p2a: Zacian|Zacian, shiny|100\/100\n|-ability|p2a: Zacian|Intrepid Sword|boost\n|-boost|p2a: Zacian|atk|1\n|move|p1a: Baxcalibur|Scale Shot|p2a: Zacian\n|-immune|p2a: Zacian\n|\n|-weather|Snow|[upkeep]\n|upkeep\n|turn|5\n|\n|t:|1698961667\n|move|p2a: Zacian|Play Rough|p1a: Baxcalibur\n|-supereffective|p1a: Baxcalibur\n|-damage|p1a: Baxcalibur|0 fnt\n|faint|p1a: Baxcalibur\n|\n|-weather|none\n|upkeep\n|c|\u2606Dinonbk|ur faster...\n|\n|t:|1698961677\n|switch|p1a: Ninetales|Ninetales-Alola, F|76\/100\n|-weather|Snow|[from] ability: Snow Warning|[of] p1a: Ninetales\n|turn|6\n|\n|t:|1698961709\n|switch|p2a: Palafin|Palafin-Hero, F, shiny|100\/100\n|-activate|p2a: Palafin|ability: Zero to Hero\n|switch|p1a: Magearna|Magearna|100\/100\n|\n|-weather|Snow|[upkeep]\n|upkeep\n|turn|7\n|\n|t:|1698961712\n|move|p2a: Palafin|Wave Crash|p1a: Magearna\n|-damage|p1a: Magearna|52\/100\n|-damage|p2a: Palafin|83\/100|[from] Recoil\n|move|p1a: Magearna|Volt Switch|p2a: Palafin\n|-supereffective|p2a: Palafin\n|-damage|p2a: Palafin|0 fnt\n|faint|p2a: Palafin\n|-ability|p1a: Magearna|Soul-Heart|boost\n|-boost|p1a: Magearna|spa|1\n|\n|t:|1698961716\n|switch|p1a: Arceus|Arceus-Ice|100\/100|[from] Volt Switch\n|\n|-weather|Snow|[upkeep]\n|upkeep\n|\n|t:|1698961729\n|switch|p2a: Urshifu|Urshifu, F|100\/100\n|turn|8\n|\n|t:|1698961747\n|move|p1a: Arceus|Calm Mind|p1a: Arceus\n|-boost|p1a: Arceus|spa|1\n|-boost|p1a: Arceus|spd|1\n|move|p2a: Urshifu|Close Combat|p1a: Arceus\n|-supereffective|p1a: Arceus\n|-damage|p1a: Arceus|57\/100\n|-unboost|p2a: Urshifu|def|1\n|-unboost|p2a: Urshifu|spd|1\n|\n|-weather|Snow|[upkeep]\n|-sideend|p1: Dinonbk|move: Aurora Veil\n|upkeep\n|turn|9\n|\n|t:|1698961757\n|switch|p2a: Chi-Yu|Chi-Yu|68\/100\n|-ability|p2a: Chi-Yu|Beads of Ruin\n|move|p1a: Arceus|Blizzard|p2a: Chi-Yu\n|-resisted|p2a: Chi-Yu\n|-damage|p2a: Chi-Yu|18\/100\n|\n|-weather|Snow|[upkeep]\n|upkeep\n|turn|10\n|inactive|Dinonbk has 270 seconds left.\n|\n|t:|1698961799\n|switch|p1a: Dialga|Dialga|100\/100\n|-ability|p1a: Dialga|Pressure\n|move|p2a: Chi-Yu|Overheat|p1a: Dialga\n|-damage|p1a: Dialga|13\/100\n|-unboost|p2a: Chi-Yu|spa|2\n|\n|-weather|none\n|upkeep\n|turn|11\n|\n|t:|1698961804\n|move|p2a: Chi-Yu|Overheat|p1a: Dialga\n|-damage|p1a: Dialga|0 fnt\n|-unboost|p2a: Chi-Yu|spa|2\n|faint|p1a: Dialga\n|\n|upkeep\n|\n|t:|1698961806\n|switch|p1a: Ninetales|Ninetales-Alola, F|76\/100\n|-weather|Snow|[from] ability: Snow Warning|[of] p1a: Ninetales\n|turn|12\n|\n|t:|1698961810\n|switch|p2a: Urshifu|Urshifu, F|100\/100\n|move|p1a: Ninetales|Aurora Veil|p1a: Ninetales\n|-sidestart|p1: Dinonbk|move: Aurora Veil\n|\n|-weather|Snow|[upkeep]\n|upkeep\n|turn|13\n|\n|t:|1698961812\n|-terastallize|p2a: Urshifu|Steel\n|move|p2a: Urshifu|Iron Head|p1a: Ninetales\n|-supereffective|p1a: Ninetales\n|-damage|p1a: Ninetales|0 fnt\n|faint|p1a: Ninetales\n|\n|-weather|Snow|[upkeep]\n|upkeep\n|\n|t:|1698961817\n|switch|p1a: Zacian|Zacian|100\/100\n|-ability|p1a: Zacian|Intrepid Sword|boost\n|-boost|p1a: Zacian|atk|1\n|turn|14\n|\n|t:|1698961829\n|switch|p2a: Zacian|Zacian, shiny|100\/100\n|move|p1a: Zacian|Close Combat|p2a: Zacian\n|-resisted|p2a: Zacian\n|-damage|p2a: Zacian|55\/100\n|-unboost|p1a: Zacian|def|1\n|-unboost|p1a: Zacian|spd|1\n|\n|-weather|Snow|[upkeep]\n|upkeep\n|turn|15\n|\n|t:|1698961835\n|switch|p1a: Magearna|Magearna|52\/100\n|move|p2a: Zacian|Play Rough|p1a: Magearna\n|-resisted|p1a: Magearna\n|-damage|p1a: Magearna|38\/100\n|\n|-weather|Snow|[upkeep]\n|upkeep\n|turn|16\n|\n|t:|1698961844\n|switch|p2a: Urshifu|Urshifu, F, tera:Steel|100\/100\n|move|p1a: Magearna|Volt Switch|p2a: Urshifu\n|-damage|p2a: Urshifu|40\/100\n|\n|t:|1698961851\n|switch|p1a: Zacian|Zacian|100\/100|[from] Volt Switch\n|\n|-weather|none\n|upkeep\n|turn|17\n|inactive|TubeKnight has 270 seconds left.\n|\n|t:|1698961883\n|move|p1a: Zacian|Play Rough|p2a: Urshifu\n|-resisted|p2a: Urshifu\n|-damage|p2a: Urshifu|8\/100\n|move|p2a: Urshifu|Iron Head|p1a: Zacian\n|-supereffective|p1a: Zacian\n|-damage|p1a: Zacian|45\/100\n|\n|upkeep\n|turn|18\n|inactive|TubeKnight has 270 seconds left.\n|c|\u2606TubeKnight|holy crap\n|c|\u2606Dinonbk|I tried to predict a switch\n|c|\u2606TubeKnight|zacian is way too tanky lol\n|\n|t:|1698961909\n|move|p1a: Zacian|Play Rough|p2a: Urshifu\n|-resisted|p2a: Urshifu\n|-damage|p2a: Urshifu|0 fnt\n|faint|p2a: Urshifu\n|\n|upkeep\n|c|\u2606Dinonbk|I mean it also has a aurora veil\n|c|\u2606TubeKnight|yeah but like still\n|inactive|TubeKnight has 240 seconds left.\n|c|\u2606TubeKnight|banded tera steel urshifu ironhead\n|inactive|TubeKnight has 210 seconds left.\n|\n|t:|1698961961\n|switch|p2a: Arceus|Arceus-Grass, shiny|100\/100\n|turn|19\n|c|\u2606Dinonbk|zacian prob wipes the tier bc no dozo\n|c|\u2606TubeKnight|true\n|\n|t:|1698961984\n|move|p1a: Zacian|Play Rough|p2a: Arceus\n|-damage|p2a: Arceus|48\/100\n|move|p2a: Arceus|Judgment|p1a: Zacian\n|-damage|p1a: Zacian|18\/100\n|\n|-sideend|p1: Dinonbk|move: Aurora Veil\n|upkeep\n|turn|20\n|\n|t:|1698961995\n|move|p1a: Zacian|Play Rough|p2a: Arceus\n|-damage|p2a: Arceus|0 fnt\n|faint|p2a: Arceus\n|\n|upkeep\n|\n|t:|1698962001\n|switch|p2a: Chi-Yu|Chi-Yu|18\/100\n|-ability|p2a: Chi-Yu|Beads of Ruin\n|turn|21\n|c|\u2606Dinonbk|I hate that my calcs arent working\n|\n|t:|1698962016\n|move|p2a: Chi-Yu|Flamethrower|p1a: Zacian\n|-damage|p1a: Zacian|0 fnt\n|faint|p1a: Zacian\n|\n|upkeep\n|\n|t:|1698962030\n|switch|p1a: Arceus|Arceus-Ice|57\/100\n|turn|22\n|inactive|TubeKnight has 240 seconds left.\n|\n|t:|1698962043\n|switch|p2a: Palkia|Palkia-Origin|100\/100\n|-ability|p2a: Palkia|Pressure\n|-terastallize|p1a: Arceus|Electric\n|move|p1a: Arceus|Recover|p1a: Arceus\n|-heal|p1a: Arceus|100\/100\n|\n|upkeep\n|turn|23\n|\n|t:|1698962050\n|move|p2a: Palkia|Spacial Rend|p1a: Arceus\n|-damage|p1a: Arceus|54\/100\n|move|p1a: Arceus|Calm Mind|p1a: Arceus\n|-boost|p1a: Arceus|spa|1\n|-boost|p1a: Arceus|spd|1\n|\n|upkeep\n|turn|24\n|\n|t:|1698962061\n|move|p2a: Palkia|Spacial Rend|p1a: Arceus\n|-damage|p1a: Arceus|23\/100\n|move|p1a: Arceus|Recover|p1a: Arceus\n|-heal|p1a: Arceus|73\/100\n|\n|upkeep\n|turn|25\n|\n|t:|1698962066\n|move|p2a: Palkia|Spacial Rend|p1a: Arceus\n|-crit|p1a: Arceus\n|-damage|p1a: Arceus|1\/100\n|move|p1a: Arceus|Calm Mind|p1a: Arceus\n|-boost|p1a: Arceus|spa|1\n|-boost|p1a: Arceus|spd|1\n|\n|upkeep\n|turn|26\n|c|\u2606Dinonbk|UNFORTUNATE\n|\n|t:|1698962076\n|switch|p1a: Magearna|Magearna|38\/100\n|move|p2a: Palkia|Spacial Rend|p1a: Magearna\n|-immune|p1a: Magearna\n|\n|upkeep\n|turn|27\n|\n|t:|1698962083\n|move|p2a: Palkia|Fire Blast|p1a: Magearna\n|-supereffective|p1a: Magearna\n|-damage|p1a: Magearna|0 fnt\n|faint|p1a: Magearna\n|\n|upkeep\n|\n|t:|1698962089\n|switch|p1a: Arceus|Arceus-Ice, tera:Electric|1\/100\n|turn|28\n|c|\u2606TubeKnight|i mean its boosted crit chance\n|c|\u2606Dinonbk|true\n|c|\u2606TubeKnight|and im spammibng it\n|c|\u2606Dinonbk|So 1\/8 chance\n|c|\u2606TubeKnight|a little lucky but woulda happenned anyways\n|inactive|Dinonbk has 270 seconds left.\n|c|\u2606Dinonbk|but just had to use the meme\n|\n|t:|1698962125\n|move|p1a: Arceus|Recover|p1a: Arceus\n|-heal|p1a: Arceus|52\/100\n|move|p2a: Palkia|Spacial Rend|p1a: Arceus\n|-damage|p1a: Arceus|7\/100\n|\n|upkeep\n|turn|29\n|inactive|Dinonbk has 270 seconds left.\n|c|\u2606Dinonbk|also u beating my speed ties tho\n|\n|t:|1698962143\n|move|p2a: Palkia|Spacial Rend|p1a: Arceus\n|-damage|p1a: Arceus|0 fnt\n|faint|p1a: Arceus\n|\n|win|TubeKnight\n|c|\u2606TubeKnight|gg\n|c|\u2606Dinonbk|gg\n|c|\u2606Dinonbk|Need to adjust my team\n|c|\u2606TubeKnight|havent won in three games with this\n|c|\u2606TubeKnight|only runs attacking moves\n|c|\u2606Dinonbk|Oh\n|c|\u2606TubeKnight|literally nothing else\n|c|\u2606Dinonbk|I mean it works if your opponent is dumb and needs calcs\n","uploadtime":1698962210,"views":14,"p1id":"dinonbk","p2id":"tubeknight","formatid":"gen9ubers","rating":0,"private":0,"password":""}