{"id":"gen9ubers-1973828475","p1":"No Magearna","p2":"HiHowAria?","format":"[Gen 9] Ubers","log":"|j|\u2606No Magearna\n|j|\u2606HiHowAria?\n|t:|1698017972\n|gametype|singles\n|player|p1|No Magearna|flint|\n|player|p2|HiHowAria?|teammates|\n|teamsize|p1|6\n|teamsize|p2|6\n|gen|9\n|tier|[Gen 9] Ubers\n|rule|Sleep Clause Mod: Limit one foe put to sleep\n|rule|Species Clause: Limit one of each Pok\u00e9mon\n|rule|OHKO Clause: OHKO moves are banned\n|rule|Evasion Items Clause: Evasion items are banned\n|rule|Evasion Moves Clause: Evasion moves are banned\n|rule|Endless Battle Clause: Forcing endless battles is banned\n|rule|HP Percentage Mod: HP is shown in percentages\n|clearpoke\n|poke|p1|Azumarill, M|\n|poke|p1|Chi-Yu|\n|poke|p1|Sandy Shocks|\n|poke|p1|Trevenant, M|\n|poke|p1|Tornadus-Therian, M|\n|poke|p1|Zoroark, F|\n|poke|p2|Heatran, F|\n|poke|p2|Salamence, M|\n|poke|p2|Quagsire, M|\n|poke|p2|Grimmsnarl, M|\n|poke|p2|Iron Valiant|\n|poke|p2|Forretress, F|\n|teampreview\n|j| CTC Pokemon\n|j| Jullo27\n|j| SilveryMP\n|j| spritecheat14\n|l| SilveryMP\n|j| SilveryMP\n|\n|t:|1698018070\n|start\n|switch|p1a: Trevenant|Trevenant, M|100\/100\n|switch|p2a: Jay Eazy|Grimmsnarl, M|100\/100\n|turn|1\n|c| CTC Pokemon|he was never book smart\n|l| SilveryMP\n|\n|t:|1698018144\n|move|p2a: Jay Eazy|Parting Shot|p1a: Trevenant\n|-unboost|p1a: Trevenant|atk|1\n|-unboost|p1a: Trevenant|spa|1\n|\n|t:|1698018184\n|switch|p2a: Poindexter|Forretress, F|100\/100|[from] Parting Shot\n|move|p1a: Trevenant|Toxic|p2a: Poindexter\n|-immune|p2a: Poindexter\n|\n|upkeep\n|turn|2\n|j| SilveryMP\n|\n|t:|1698018238\n|switch|p1a: Sandy Shocks|Sandy Shocks|100\/100\n|move|p2a: Poindexter|Stealth Rock|p1a: Sandy Shocks\n|-sidestart|p1: No Magearna|move: Stealth Rock\n|\n|upkeep\n|turn|3\n|c|\u2606HiHowAria?|i was never book smart im money smart\n|\n|t:|1698018268\n|switch|p2a: :3|Quagsire, M|100\/100\n|move|p1a: Sandy Shocks|Toxic|p2a: :3\n|-status|p2a: :3|tox\n|\n|-damage|p2a: :3|94\/100 tox|[from] psn\n|upkeep\n|turn|4\n|j| Mathl3te\n|\n|t:|1698018318\n|-terastallize|p2a: :3|Poison\n|move|p1a: Sandy Shocks|U-turn|p2a: :3\n|-resisted|p2a: :3\n|-damage|p2a: :3|87\/100 tox\n|\n|t:|1698018334\n|switch|p1a: Trevenant|Trevenant, M|100\/100|[from] U-turn\n|-damage|p1a: Trevenant|88\/100|[from] Stealth Rock\n|move|p2a: :3|Toxic|p1a: Trevenant\n|-status|p1a: Trevenant|tox\n|\n|-heal|p2a: :3|93\/100 tox|[from] item: Leftovers\n|-damage|p1a: Trevenant|82\/100 tox|[from] psn\n|-damage|p2a: :3|81\/100 tox|[from] psn\n|upkeep\n|turn|5\n|\n|t:|1698018358\n|switch|p2a: Poindexter|Forretress, F|100\/100\n|move|p1a: Trevenant|Trick|p2a: Poindexter\n|-activate|p1a: Trevenant|move: Trick|[of] p2a: Poindexter\n|-item|p2a: Poindexter|Choice Band|[from] move: Trick\n|-item|p1a: Trevenant|Leftovers|[from] move: Trick\n|\n|-heal|p1a: Trevenant|88\/100 tox|[from] item: Leftovers\n|-damage|p1a: Trevenant|76\/100 tox|[from] psn\n|upkeep\n|turn|6\n|l| SilveryMP\n|j| SilveryMP\n|l| Mathl3te\n|j| Mathl3te\n|l| SilveryMP\n|l| Mathl3te\n|j| SilveryMP\n|\n|t:|1698018480\n|move|p1a: Trevenant|Poltergeist|p2a: Poindexter\n|-activate|p2a: Poindexter|move: Poltergeist|Choice Band\n|-damage|p2a: Poindexter|67\/100\n|move|p2a: Poindexter|Gyro Ball|p1a: Trevenant\n|-damage|p1a: Trevenant|51\/100 tox\n|\n|-heal|p1a: Trevenant|57\/100 tox|[from] item: Leftovers\n|-damage|p1a: Trevenant|38\/100 tox|[from] psn\n|upkeep\n|turn|7\n|j| Mathl3te\n|c| SilveryMP|Forretress was attacked by its what\n|l| Mathl3te\n|c| CTC Pokemon|it got tricked\n|c| SilveryMP|whatever dude\n|j| Mathl3te\n|c| SilveryMP|I got tricked\n|l| Mathl3te\n|j| Mathl3te\n|l| SilveryMP\n|l| Mathl3te\n|j| Mathl3te\n|\n|t:|1698018631\n|-curestatus|p1a: Trevenant|tox|[from] ability: Natural Cure\n|switch|p1a: Sandy Shocks|Sandy Shocks|100\/100\n|move|p2a: Poindexter|Gyro Ball|p1a: Sandy Shocks\n|-resisted|p1a: Sandy Shocks\n|-damage|p1a: Sandy Shocks|79\/100\n|\n|upkeep\n|turn|8\n|l| Mathl3te\n|\n|t:|1698018678\n|switch|p2a: Jay Eazy|Grimmsnarl, M|100\/100\n|move|p1a: Sandy Shocks|Stealth Rock|p2a: Jay Eazy\n|-sidestart|p2: HiHowAria?|move: Stealth Rock\n|\n|upkeep\n|turn|9\n|j| Mathl3te\n|l| spritecheat14\n|\n|t:|1698018799\n|move|p1a: Sandy Shocks|Volt Switch|p2a: Jay Eazy\n|-damage|p2a: Jay Eazy|74\/100\n|\n|t:|1698018848\n|-end|p1a: Sandy Shocks|Protosynthesis|[silent]\n|switch|p1a: Trevenant|Trevenant, M|38\/100|[from] Volt Switch\n|-damage|p1a: Trevenant|26\/100|[from] Stealth Rock\n|move|p2a: Jay Eazy|Spirit Break|p1a: Trevenant\n|-damage|p1a: Trevenant|0 fnt\n|faint|p1a: Trevenant\n|\n|upkeep\n|j| SilveryMP\n|l| Mathl3te\n|j| Mathl3te\n|\n|t:|1698018964\n|switch|p1a: Chi-Yu|Chi-Yu|100\/100\n|-ability|p1a: Chi-Yu|Beads of Ruin\n|turn|10\n|\n|t:|1698019009\n|switch|p2a: HeatrAnt|Heatran, F|100\/100\n|-damage|p2a: HeatrAnt|88\/100|[from] Stealth Rock\n|move|p1a: Chi-Yu|Nasty Plot|p1a: Chi-Yu\n|-boost|p1a: Chi-Yu|spa|2\n|\n|upkeep\n|turn|11\n|\n|t:|1698019042\n|move|p1a: Chi-Yu|Dark Pulse|p2a: HeatrAnt\n|-damage|p2a: HeatrAnt|44\/100\n|move|p2a: HeatrAnt|Power Gem|p1a: Chi-Yu\n|-supereffective|p1a: Chi-Yu\n|-damage|p1a: Chi-Yu|46\/100\n|\n|upkeep\n|turn|12\n|\n|t:|1698019073\n|move|p1a: Chi-Yu|Dark Pulse|p2a: HeatrAnt\n|-damage|p2a: HeatrAnt|0 fnt\n|faint|p2a: HeatrAnt\n|\n|upkeep\n|\n|t:|1698019080\n|switch|p2a: Iron Slay|Iron Valiant|100\/100\n|-damage|p2a: Iron Slay|94\/100|[from] Stealth Rock\n|-enditem|p2a: Iron Slay|Booster Energy\n|-activate|p2a: Iron Slay|ability: Quark Drive|[fromitem]\n|-start|p2a: Iron Slay|quarkdrivespe\n|turn|13\n|c| SilveryMP|Chisus Christ\n|\n|t:|1698019126\n|move|p2a: Iron Slay|Moonblast|p1a: Chi-Yu\n|-damage|p1a: Chi-Yu|0 fnt\n|faint|p1a: Chi-Yu\n|\n|upkeep\n|l| Mathl3te\n|j| Mathl3te\n|\n|t:|1698019180\n|switch|p1a: Azumarill|Azumarill, M|100\/100\n|-damage|p1a: Azumarill|88\/100|[from] Stealth Rock\n|turn|14\n|l| Mathl3te\n|\n|t:|1698019260\n|-end|p2a: Iron Slay|Quark Drive|[silent]\n|switch|p2a: Poindexter|Forretress, F|67\/100\n|-damage|p2a: Poindexter|55\/100|[from] Stealth Rock\n|move|p1a: Azumarill|Liquidation|p2a: Poindexter\n|-damage|p2a: Poindexter|24\/100\n|\n|upkeep\n|turn|15\n|j| Mathl3te\n|\n|t:|1698019305\n|move|p1a: Azumarill|Liquidation|p2a: Poindexter\n|-damage|p2a: Poindexter|0 fnt\n|faint|p2a: Poindexter\n|\n|upkeep\n|\n|t:|1698019320\n|switch|p2a: :3|Quagsire, M, tera:Poison|81\/100 tox\n|-damage|p2a: :3|68\/100 tox|[from] Stealth Rock\n|turn|16\n|\n|t:|1698019422\n|switch|p1a: Sandy Shocks|Sandy Shocks|100\/100\n|move|p2a: :3|Toxic|p1a: Sandy Shocks\n|-status|p1a: Sandy Shocks|tox\n|\n|-heal|p2a: :3|74\/100 tox|[from] item: Leftovers\n|-damage|p1a: Sandy Shocks|94\/100 tox|[from] psn\n|-damage|p2a: :3|68\/100 tox|[from] psn\n|upkeep\n|turn|17\n|\n|t:|1698019446\n|move|p1a: Sandy Shocks|Knock Off|p2a: :3\n|-damage|p2a: :3|38\/100 tox\n|-enditem|p2a: :3|Leftovers|[from] move: Knock Off|[of] p1a: Sandy Shocks\n|move|p2a: :3|Recover|p2a: :3\n|-heal|p2a: :3|88\/100 tox\n|\n|-damage|p1a: Sandy Shocks|82\/100 tox|[from] psn\n|-damage|p2a: :3|76\/100 tox|[from] psn\n|upkeep\n|turn|18\n|l| Mathl3te\n|\n|t:|1698019561\n|move|p1a: Sandy Shocks|U-turn|p2a: :3\n|-resisted|p2a: :3\n|-damage|p2a: :3|69\/100 tox\n|\n|t:|1698019568\n|switch|p1a: Tornadus|Tornadus-Therian, M|100\/100|[from] U-turn\n|move|p2a: :3|Surf|p1a: Tornadus\n|-damage|p1a: Tornadus|74\/100\n|\n|-damage|p2a: :3|51\/100 tox|[from] psn\n|upkeep\n|turn|19\n|\n|t:|1698019582\n|move|p1a: Tornadus|U-turn|p2a: :3\n|-resisted|p2a: :3\n|-damage|p2a: :3|46\/100 tox\n|\n|t:|1698019585\n|switch|p1a: Sandy Shocks|Sandy Shocks|82\/100 tox|[from] U-turn\n|move|p2a: :3|Toxic|p1a: Sandy Shocks\n|-fail|p1a: Sandy Shocks|tox\n|\n|-damage|p1a: Sandy Shocks|76\/100 tox|[from] psn\n|-damage|p2a: :3|21\/100 tox|[from] psn\n|upkeep\n|turn|20\n|\n|t:|1698019604\n|switch|p2a: Jay Eazy|Grimmsnarl, M|74\/100\n|-damage|p2a: Jay Eazy|61\/100|[from] Stealth Rock\n|move|p1a: Sandy Shocks|Knock Off|p2a: Jay Eazy\n|-resisted|p2a: Jay Eazy\n|-damage|p2a: Jay Eazy|47\/100\n|-enditem|p2a: Jay Eazy|Light Clay|[from] move: Knock Off|[of] p1a: Sandy Shocks\n|\n|-damage|p1a: Sandy Shocks|64\/100 tox|[from] psn\n|upkeep\n|turn|21\n|\n|t:|1698019619\n|-terastallize|p1a: Sandy Shocks|Poison\n|move|p2a: Jay Eazy|Light Screen|p2a: Jay Eazy\n|-sidestart|p2: HiHowAria?|move: Light Screen\n|move|p1a: Sandy Shocks|Toxic|p2a: Jay Eazy\n|-status|p2a: Jay Eazy|tox\n|\n|-damage|p1a: Sandy Shocks|45\/100 tox|[from] psn\n|-damage|p2a: Jay Eazy|41\/100 tox|[from] psn\n|upkeep\n|turn|22\n|\n|t:|1698019641\n|move|p2a: Jay Eazy|Parting Shot|p1a: Sandy Shocks\n|-unboost|p1a: Sandy Shocks|atk|1\n|-unboost|p1a: Sandy Shocks|spa|1\n|\n|t:|1698019645\n|switch|p2a: :3|Quagsire, M, tera:Poison|21\/100 tox|[from] Parting Shot\n|-damage|p2a: :3|9\/100 tox|[from] Stealth Rock\n|move|p1a: Sandy Shocks|Brick Break|p2a: :3\n|-sideend|p2: HiHowAria?|move: Light Screen\n|-resisted|p2a: :3\n|-damage|p2a: :3|1\/100 tox\n|\n|-damage|p1a: Sandy Shocks|21\/100 tox|[from] psn\n|-damage|p2a: :3|0 fnt|[from] psn\n|faint|p2a: :3\n|upkeep\n|\n|t:|1698019722\n|switch|p2a: Roaring Mid|Salamence, M|100\/100\n|turn|23\n|\n|t:|1698019766\n|move|p1a: Sandy Shocks|Toxic|p2a: Roaring Mid\n|-status|p2a: Roaring Mid|tox\n|move|p2a: Roaring Mid|Dragon Dance|p2a: Roaring Mid\n|-boost|p2a: Roaring Mid|atk|1\n|-boost|p2a: Roaring Mid|spe|1\n|\n|-damage|p2a: Roaring Mid|94\/100 tox|[from] psn\n|-damage|p1a: Sandy Shocks|0 fnt|[from] psn\n|faint|p1a: Sandy Shocks\n|upkeep\n|\n|t:|1698019772\n|switch|p1a: Azumarill|Azumarill, M|88\/100\n|-damage|p1a: Azumarill|76\/100|[from] Stealth Rock\n|turn|24\n|\n|t:|1698019799\n|move|p2a: Roaring Mid|Dual Wingbeat|p1a: Azumarill|[miss]\n|-miss|p2a: Roaring Mid|p1a: Azumarill\n|move|p1a: Azumarill|Ice Spinner|p2a: Roaring Mid\n|-supereffective|p2a: Roaring Mid\n|-crit|p2a: Roaring Mid\n|-damage|p2a: Roaring Mid|0 fnt\n|faint|p2a: Roaring Mid\n|\n|upkeep\n|c|\u2606HiHowAria?|LOL\n|c|\u2606HiHowAria?|i knew i was going to miss\n|\n|t:|1698019814\n|switch|p2a: Jay Eazy|Grimmsnarl, M|41\/100 tox\n|-damage|p2a: Jay Eazy|29\/100 tox|[from] Stealth Rock\n|turn|25\n|c| SilveryMP|Isn't this a forfeit\n|c| SilveryMP|I don't recall Sandy Shocks being a tera cap\n|c|\u2606No Magearna|lol\n|\n|t:|1698019836\n|switch|p1a: Sandy Shocks|Sandy Shocks|79\/100\n|move|p2a: Jay Eazy|Reflect|p2a: Jay Eazy\n|-sidestart|p2: HiHowAria?|Reflect\n|\n|-damage|p2a: Jay Eazy|23\/100 tox|[from] psn\n|upkeep\n|turn|26\n|c| SilveryMP|What the hell\n|c| SilveryMP|Species clause much\n|\n|t:|1698019860\n|move|p2a: Jay Eazy|Light Screen|p2a: Jay Eazy\n|-sidestart|p2: HiHowAria?|move: Light Screen\n|move|p1a: Sandy Shocks|Earth Power|p2a: Jay Eazy\n|-damage|p2a: Jay Eazy|6\/100 tox\n|\n|-damage|p2a: Jay Eazy|0 fnt|[from] psn\n|faint|p2a: Jay Eazy\n|upkeep\n|\n|t:|1698019871\n|switch|p2a: Iron Slay|Iron Valiant|94\/100\n|-damage|p2a: Iron Slay|88\/100|[from] Stealth Rock\n|turn|27\n|\n|t:|1698019878\n|move|p2a: Iron Slay|Calm Mind|p2a: Iron Slay\n|-boost|p2a: Iron Slay|spa|1\n|-boost|p2a: Iron Slay|spd|1\n|move|p1a: Sandy Shocks|Thunder Wave|p2a: Iron Slay\n|-status|p2a: Iron Slay|par\n|\n|upkeep\n|turn|28\n|\n|t:|1698019942\n|-end|p1a: Sandy Shocks|Protosynthesis|[silent]\n|switch|p1a: Tornadus|Tornadus-Therian, M|100\/100\n|move|p2a: Iron Slay|Moonblast|p1a: Tornadus\n|-damage|p1a: Tornadus|13\/100\n|\n|upkeep\n|turn|29\n|\n|t:|1698019974\n|move|p1a: Tornadus|Bleakwind Storm|p2a: Iron Slay\n|-supereffective|p2a: Iron Slay\n|-damage|p2a: Iron Slay|30\/100 par\n|cant|p2a: Iron Slay|par\n|\n|-sideend|p2: HiHowAria?|Reflect\n|upkeep\n|turn|30\n|\n|t:|1698019989\n|move|p1a: Tornadus|Bleakwind Storm|p2a: Iron Slay\n|-supereffective|p2a: Iron Slay\n|-damage|p2a: Iron Slay|0 fnt\n|faint|p2a: Iron Slay\n|-end|p2a: Iron Slay|Quark Drive|[silent]\n|\n|win|No Magearna\n|c|\u2606HiHowAria?|gg'\n|l|\u2606HiHowAria?\n|c|\u2606No Magearna|good game\n","uploadtime":1698020016,"views":19,"p1id":"nomagearna","p2id":"hihowaria","formatid":"gen9ubers","rating":0,"private":0,"password":""}