{"id":"gen9ubers-1975094098","p1":"poweeeer","p2":"K4RMA12345","format":"[Gen 9] Ubers","log":"|j|\u2606poweeeer\n|j|\u2606K4RMA12345\n|t:|1698161431\n|gametype|singles\n|player|p1|poweeeer|shadowtriad|1085\n|player|p2|K4RMA12345|266|1000\n|teamsize|p1|6\n|teamsize|p2|1\n|gen|9\n|tier|[Gen 9] Ubers\n|rated|\n|rule|Sleep Clause Mod: Limit one foe put to sleep\n|rule|Species Clause: Limit one of each Pok\u00e9mon\n|rule|OHKO Clause: OHKO moves are banned\n|rule|Evasion Items Clause: Evasion items are banned\n|rule|Evasion Moves Clause: Evasion moves are banned\n|rule|Endless Battle Clause: Forcing endless battles is banned\n|rule|HP Percentage Mod: HP is shown in percentages\n|clearpoke\n|poke|p1|Ogerpon-Hearthflame, F|\n|poke|p1|Toxapex, F|\n|poke|p1|Miraidon|\n|poke|p1|Arceus-Dark|\n|poke|p1|Maushold-Four|\n|poke|p1|Zacian-*|\n|poke|p2|Garchomp, M|\n|teampreview\n|inactive|Battle timer is ON: inactive players will automatically lose when time's up. (requested by poweeeer)\n|\n|t:|1698161438\n|start\n|switch|p1a: Maushold|Maushold-Four|100\/100\n|switch|p2a: Garchomp|Garchomp, M|100\/100\n|turn|1\n|c|\u2606poweeeer|sfe\n|\n|t:|1698161444\n|move|p1a: Maushold|Tidy Up|p1a: Maushold\n|-boost|p1a: Maushold|atk|1\n|-boost|p1a: Maushold|spe|1\n|move|p2a: Garchomp|Swords Dance|p2a: Garchomp\n|-boost|p2a: Garchomp|atk|2\n|\n|upkeep\n|turn|2\n|\n|t:|1698161459\n|move|p1a: Maushold|Tidy Up|p1a: Maushold\n|-boost|p1a: Maushold|atk|1\n|-boost|p1a: Maushold|spe|1\n|move|p2a: Garchomp|Scale Shot|p1a: Maushold\n|-damage|p1a: Maushold|60\/100\n|-damage|p1a: Maushold|18\/100\n|-damage|p1a: Maushold|0 fnt\n|faint|p1a: Maushold\n|-hitcount|p1: Maushold|3\n|-unboost|p2a: Garchomp|def|1\n|-boost|p2a: Garchomp|spe|1\n|\n|upkeep\n|\n|t:|1698161473\n|switch|p1a: Miraidon|Miraidon|100\/100\n|-fieldstart|move: Electric Terrain|[from] ability: Hadron Engine|[of] p1a: Miraidon\n|turn|3\n|\n|t:|1698161478\n|move|p2a: Garchomp|Scale Shot|p1a: Miraidon\n|-supereffective|p1a: Miraidon\n|-damage|p1a: Miraidon|52\/100\n|-supereffective|p1a: Miraidon\n|-damage|p1a: Miraidon|3\/100\n|-supereffective|p1a: Miraidon\n|-damage|p1a: Miraidon|0 fnt\n|faint|p1a: Miraidon\n|-hitcount|p1: Miraidon|3\n|-unboost|p2a: Garchomp|def|1\n|-boost|p2a: Garchomp|spe|1\n|\n|upkeep\n|c|\u2606poweeeer|your  finished\n|\n|t:|1698161493\n|switch|p1a: Zacian|Zacian-Crowned|100\/100\n|-ability|p1a: Zacian|Intrepid Sword|boost\n|-boost|p1a: Zacian|atk|1\n|turn|4\n|\n|t:|1698161500\n|move|p2a: Garchomp|Poison Jab|p1a: Zacian\n|-immune|p1a: Zacian\n|move|p1a: Zacian|Moonblast|p2a: Garchomp\n|-supereffective|p2a: Garchomp\n|-damage|p2a: Garchomp|43\/100\n|\n|upkeep\n|turn|5\n|\n|t:|1698161507\n|move|p2a: Garchomp|Earthquake|p1a: Zacian\n|-supereffective|p1a: Zacian\n|-damage|p1a: Zacian|0 fnt\n|faint|p1a: Zacian\n|\n|upkeep\n|\n|t:|1698161513\n|switch|p1a: Ogerpon|Ogerpon-Hearthflame, F|100\/100\n|-ability|p1a: Ogerpon|Mold Breaker\n|turn|6\n|\n|t:|1698161521\n|move|p2a: Garchomp|Scale Shot|p1a: Ogerpon\n|-damage|p1a: Ogerpon|64\/100\n|-damage|p1a: Ogerpon|22\/100\n|-damage|p1a: Ogerpon|0 fnt\n|faint|p1a: Ogerpon\n|-hitcount|p1: Ogerpon|3\n|-unboost|p2a: Garchomp|def|1\n|-boost|p2a: Garchomp|spe|1\n|\n|upkeep\n|\n|t:|1698161530\n|switch|p1a: Toxapex|Toxapex, F, shiny|100\/100\n|turn|7\n|\n|t:|1698161542\n|move|p2a: Garchomp|Scale Shot|p1a: Toxapex\n|-damage|p1a: Toxapex|86\/100\n|-damage|p1a: Toxapex|70\/100\n|-damage|p1a: Toxapex|54\/100\n|-damage|p1a: Toxapex|39\/100\n|-damage|p1a: Toxapex|22\/100\n|-hitcount|p1a: Toxapex|5\n|-unboost|p2a: Garchomp|def|1\n|-boost|p2a: Garchomp|spe|1\n|move|p1a: Toxapex|Toxic|p2a: Garchomp\n|-status|p2a: Garchomp|tox\n|\n|-heal|p1a: Toxapex|28\/100|[from] item: Black Sludge\n|-damage|p2a: Garchomp|37\/100 tox|[from] psn\n|-fieldend|move: Electric Terrain\n|upkeep\n|turn|8\n|\n|t:|1698161558\n|move|p1a: Toxapex|Baneful Bunker|p1a: Toxapex\n|-singleturn|p1a: Toxapex|move: Protect\n|move|p2a: Garchomp|Earthquake|p1a: Toxapex\n|-activate|p1a: Toxapex|move: Protect\n|\n|-heal|p1a: Toxapex|34\/100|[from] item: Black Sludge\n|-damage|p2a: Garchomp|24\/100 tox|[from] psn\n|upkeep\n|turn|9\n|\n|t:|1698161566\n|move|p1a: Toxapex|Baneful Bunker||[still]\n|-fail|p1a: Toxapex\n|move|p2a: Garchomp|Earthquake|p1a: Toxapex\n|-supereffective|p1a: Toxapex\n|-damage|p1a: Toxapex|0 fnt\n|faint|p1a: Toxapex\n|\n|-damage|p2a: Garchomp|6\/100 tox|[from] psn\n|upkeep\n|c|\u2606poweeeer|sfe yh\n|c|\u2606poweeeer|why tf di u only have one pokemon\n|c|\u2606poweeeer|silly guy\n|c|\u2606poweeeer|uve lost\n|inactive|poweeeer has 120 seconds left.\n|\n|t:|1698161597\n|switch|p1a: Arceus|Arceus-Dark|100\/100\n|turn|10\n|inactive|poweeeer has 120 seconds left.\n|c|\u2606poweeeer|give me a challenge\n|inactive|K4RMA12345 has 120 seconds left.\n|c|\u2606poweeeer|bye byee\n|\n|t:|1698161634\n|-terastallize|p2a: Garchomp|Dragon\n|move|p1a: Arceus|Extreme Speed|p2a: Garchomp\n|-damage|p2a: Garchomp|0 fnt\n|-damage|p1a: Arceus|88\/100|[from] ability: Rough Skin|[of] p2a: Garchomp\n|faint|p2a: Garchomp\n|\n|win|poweeeer\n|raw|poweeeer's rating: 1085 &rarr; <strong>1106<\/strong><br \/>(+21 for winning)\n|raw|K4RMA12345's rating: 1000 &rarr; <strong>1000<\/strong><br \/>(+0 for losing)\n|c|\u2606K4RMA12345|gg\n|c|\u2606poweeeer|gg\n|c|\u2606poweeeer|gg\n|l|\u2606poweeeer\n","uploadtime":1698161746,"views":9,"p1id":"poweeeer","p2id":"k4rma12345","formatid":"gen9ubers","rating":1000,"private":0,"password":""}