{"id":"gen9ubers-1995454936","p1":"MayZzay","p2":"Anne Frankkkk","format":"[Gen 9] Ubers","log":"|j|\u2606MayZzay\n|j|\u2606Anne Frankkkk\n|t:|1700572738\n|gametype|singles\n|player|p1|MayZzay|hugh|1288\n|player|p2|Anne Frankkkk|hilbert|1252\n|teamsize|p1|6\n|teamsize|p2|6\n|gen|9\n|tier|[Gen 9] Ubers\n|rated|\n|rule|Sleep Clause Mod: Limit one foe put to sleep\n|rule|Species Clause: Limit one of each Pok\u00e9mon\n|rule|OHKO Clause: OHKO moves are banned\n|rule|Evasion Items Clause: Evasion items are banned\n|rule|Evasion Moves Clause: Evasion moves are banned\n|rule|Endless Battle Clause: Forcing endless battles is banned\n|rule|HP Percentage Mod: HP is shown in percentages\n|clearpoke\n|poke|p1|Arceus-Ground|\n|poke|p1|Annihilape, F|\n|poke|p1|Zacian-*|\n|poke|p1|Miraidon|\n|poke|p1|Koraidon|\n|poke|p1|Rayquaza|\n|poke|p2|Regieleki|\n|poke|p2|Kyogre|\n|poke|p2|Chien-Pao|\n|poke|p2|Ribombee, M|\n|poke|p2|Miraidon|\n|poke|p2|Flutter Mane|\n|teampreview\n|\n|t:|1700572743\n|start\n|switch|p1a: Annihilape|Annihilape, F, shiny|100\/100\n|switch|p2a: Moonblast|Ribombee, M, shiny|100\/100\n|turn|1\n|inactive|Battle timer is ON: inactive players will automatically lose when time's up. (requested by Anne Frankkkk)\n|\n|t:|1700572749\n|move|p2a: Moonblast|Sticky Web|p1a: Annihilape\n|-sidestart|p1: MayZzay|move: Sticky Web\n|move|p1a: Annihilape|Stealth Rock|p2a: Moonblast\n|-sidestart|p2: Anne Frankkkk|move: Stealth Rock\n|\n|upkeep\n|turn|2\n|\n|t:|1700572755\n|move|p2a: Moonblast|Moonblast|p1a: Annihilape\n|-supereffective|p1a: Annihilape\n|-damage|p1a: Annihilape|28\/100\n|-unboost|p1a: Annihilape|spa|1\n|-ability|p1a: Annihilape|Defiant|boost\n|-boost|p1a: Annihilape|atk|2\n|move|p1a: Annihilape|Taunt|p2a: Moonblast\n|-start|p2a: Moonblast|move: Taunt\n|\n|upkeep\n|turn|3\n|\n|t:|1700572773\n|move|p2a: Moonblast|Moonblast|p1a: Annihilape\n|-supereffective|p1a: Annihilape\n|-damage|p1a: Annihilape|0 fnt\n|faint|p1a: Annihilape\n|\n|upkeep\n|\n|t:|1700572779\n|switch|p1a: Rayquaza|Rayquaza, shiny|100\/100\n|-ability|p1a: Rayquaza|Air Lock\n|turn|4\n|\n|t:|1700572788\n|-terastallize|p1a: Rayquaza|Normal\n|move|p2a: Moonblast|Moonblast|p1a: Rayquaza\n|-crit|p1a: Rayquaza\n|-damage|p1a: Rayquaza|37\/100\n|-unboost|p1a: Rayquaza|spa|1\n|move|p1a: Rayquaza|Dragon Dance|p1a: Rayquaza\n|-boost|p1a: Rayquaza|atk|1\n|-boost|p1a: Rayquaza|spe|1\n|\n|upkeep\n|turn|5\n|\n|t:|1700572797\n|move|p1a: Rayquaza|Extreme Speed|p2a: Moonblast\n|-enditem|p2a: Moonblast|Focus Sash\n|-damage|p2a: Moonblast|1\/100\n|move|p2a: Moonblast|Moonblast|p1a: Rayquaza\n|-damage|p1a: Rayquaza|0 fnt\n|faint|p1a: Rayquaza\n|\n|-end|p2a: Moonblast|move: Taunt\n|upkeep\n|\n|t:|1700572808\n|switch|p1a: Arceus|Arceus-Ground, shiny|100\/100\n|-activate|p1a: Arceus|move: Sticky Web\n|-unboost|p1a: Arceus|spe|1\n|turn|6\n|\n|t:|1700572812\n|move|p2a: Moonblast|Stun Spore|p1a: Arceus\n|-status|p1a: Arceus|par\n|cant|p1a: Arceus|par\n|\n|upkeep\n|turn|7\n|\n|t:|1700572820\n|move|p2a: Moonblast|Moonblast|p1a: Arceus\n|-damage|p1a: Arceus|71\/100 par\n|move|p1a: Arceus|Substitute|p1a: Arceus\n|-start|p1a: Arceus|Substitute\n|-damage|p1a: Arceus|46\/100 par\n|\n|upkeep\n|turn|8\n|\n|t:|1700572826\n|move|p2a: Moonblast|Moonblast|p1a: Arceus\n|-end|p1a: Arceus|Substitute\n|move|p1a: Arceus|Dragon Dance|p1a: Arceus\n|-boost|p1a: Arceus|atk|1\n|-boost|p1a: Arceus|spe|1\n|\n|upkeep\n|turn|9\n|\n|t:|1700572838\n|move|p2a: Moonblast|Moonblast|p1a: Arceus\n|-damage|p1a: Arceus|15\/100 par\n|move|p1a: Arceus|Earthquake|p2a: Moonblast\n|-resisted|p2a: Moonblast\n|-damage|p2a: Moonblast|0 fnt\n|faint|p2a: Moonblast\n|\n|upkeep\n|\n|t:|1700572841\n|switch|p2a: Bzzzzt|Regieleki, shiny|100\/100\n|-damage|p2a: Bzzzzt|88\/100|[from] Stealth Rock\n|turn|10\n|\n|t:|1700572859\n|move|p2a: Bzzzzt|Rapid Spin|p1a: Arceus\n|-damage|p1a: Arceus|7\/100 par\n|-boost|p2a: Bzzzzt|spe|1\n|-sideend|p2: Anne Frankkkk|Stealth Rock|[from] move: Rapid Spin|[of] p2a: Bzzzzt\n|cant|p1a: Arceus|par\n|\n|upkeep\n|turn|11\n|\n|t:|1700572865\n|move|p2a: Bzzzzt|Tera Blast|p1a: Arceus\n|-damage|p1a: Arceus|0 fnt\n|faint|p1a: Arceus\n|\n|upkeep\n|c|\u2606MayZzay|ntm\n|c|\u2606MayZzay|que de la chjatte\n|\n|t:|1700572872\n|switch|p1a: Zacian|Zacian-Crowned|100\/100\n|-activate|p1a: Zacian|move: Sticky Web\n|-unboost|p1a: Zacian|spe|1\n|-ability|p1a: Zacian|Intrepid Sword|boost\n|-boost|p1a: Zacian|atk|1\n|turn|12\n|\n|t:|1700572877\n|move|p2a: Bzzzzt|Thunderbolt|p1a: Zacian\n|-damage|p1a: Zacian|40\/100\n|move|p1a: Zacian|Trailblaze|p2a: Bzzzzt\n|-damage|p2a: Bzzzzt|30\/100\n|-boost|p1a: Zacian|spe|1\n|\n|upkeep\n|turn|13\n|\n|t:|1700572885\n|move|p2a: Bzzzzt|Thunderbolt|p1a: Zacian\n|-damage|p1a: Zacian|0 fnt\n|faint|p1a: Zacian\n|\n|upkeep\n|\n|t:|1700572891\n|switch|p1a: Miraidon|Miraidon|100\/100\n|-activate|p1a: Miraidon|move: Sticky Web\n|-unboost|p1a: Miraidon|spe|1\n|-fieldstart|move: Electric Terrain|[from] ability: Hadron Engine|[of] p1a: Miraidon\n|turn|14\n|\n|t:|1700572897\n|move|p2a: Bzzzzt|Volt Switch|p1a: Miraidon\n|-resisted|p1a: Miraidon\n|-damage|p1a: Miraidon|86\/100\n|\n|t:|1700572900\n|switch|p2a: Misdreavius|Flutter Mane, shiny|100\/100|[from] Volt Switch\n|-enditem|p2a: Misdreavius|Booster Energy\n|-activate|p2a: Misdreavius|ability: Protosynthesis|[fromitem]\n|-start|p2a: Misdreavius|protosynthesisspe\n|move|p1a: Miraidon|Dazzling Gleam|p2a: Misdreavius\n|-damage|p2a: Misdreavius|59\/100\n|\n|upkeep\n|turn|15\n|\n|t:|1700572912\n|move|p2a: Misdreavius|Moonblast|p1a: Miraidon\n|-supereffective|p1a: Miraidon\n|-damage|p1a: Miraidon|0 fnt\n|faint|p1a: Miraidon\n|\n|upkeep\n|-message|MayZzay forfeited.\n|\n|win|Anne Frankkkk\n|raw|MayZzay's rating: 1288 &rarr; <strong>1260<\/strong><br \/>(-28 for losing)\n|raw|Anne Frankkkk's rating: 1252 &rarr; <strong>1280<\/strong><br \/>(+28 for winning)\n|l|\u2606MayZzay\n","uploadtime":1700572919,"views":1,"p1id":"mayzzay","p2id":"annefrankkkk","formatid":"gen9ubers","rating":1260,"private":0,"password":""}