{"id":"gen9ubers-1982132348","p1":"50Niko05","p2":"Zeddby","format":"[Gen 9] Ubers","log":"|j|\u260650Niko05\n|j|\u2606Zeddby\n|t:|1698971181\n|gametype|singles\n|player|p1|50Niko05|n|\n|player|p2|Zeddby|winona|\n|teamsize|p1|6\n|teamsize|p2|6\n|gen|9\n|tier|[Gen 9] Ubers\n|rule|Sleep Clause Mod: Limit one foe put to sleep\n|rule|Species Clause: Limit one of each Pok\u00e9mon\n|rule|OHKO Clause: OHKO moves are banned\n|rule|Evasion Items Clause: Evasion items are banned\n|rule|Evasion Moves Clause: Evasion moves are banned\n|rule|Endless Battle Clause: Forcing endless battles is banned\n|rule|HP Percentage Mod: HP is shown in percentages\n|clearpoke\n|poke|p1|Veluza, M|\n|poke|p1|Zamazenta-*|\n|poke|p1|Weavile, F|\n|poke|p1|Mew|\n|poke|p1|Tatsugiri-Stretchy, F|\n|poke|p1|Uxie|\n|poke|p2|Roaring Moon|\n|poke|p2|Meowscarada, M|\n|poke|p2|Regidrago|\n|poke|p2|Slowking, M|\n|poke|p2|Hippowdon, M|\n|poke|p2|Orthworm, F|\n|teampreview\n|j| TheRatedRSuperTars\n|j| acetrainerluck\n|j| Keggfm\n|j| mindyourmoney\n|j| CTE World\n|j| DomNeedsHelp\n|\n|t:|1698971210\n|start\n|switch|p1a: Zazazenta|Zamazenta|100\/100\n|switch|p2a: Orthworm|Orthworm, F|100\/100\n|-ability|p1a: Zazazenta|Dauntless Shield|boost\n|-boost|p1a: Zazazenta|def|1\n|turn|1\n|\n|t:|1698971222\n|switch|p2a: Hippowdon|Hippowdon, M|100\/100\n|move|p1a: Zazazenta|Substitute|p1a: Zazazenta\n|-start|p1a: Zazazenta|Substitute\n|-damage|p1a: Zazazenta|75\/100\n|\n|-heal|p1a: Zazazenta|82\/100|[from] item: Leftovers\n|upkeep\n|turn|2\n|\n|t:|1698971231\n|move|p1a: Zazazenta|Iron Defense|p1a: Zazazenta\n|-boost|p1a: Zazazenta|def|2\n|move|p2a: Hippowdon|Earthquake|p1a: Zazazenta\n|-activate|p1a: Zazazenta|move: Substitute|[damage]\n|\n|-heal|p1a: Zazazenta|88\/100|[from] item: Leftovers\n|upkeep\n|turn|3\n|\n|t:|1698971237\n|move|p1a: Zazazenta|Iron Defense|p1a: Zazazenta\n|-boost|p1a: Zazazenta|def|2\n|move|p2a: Hippowdon|Earthquake|p1a: Zazazenta\n|-activate|p1a: Zazazenta|move: Substitute|[damage]\n|\n|-heal|p1a: Zazazenta|94\/100|[from] item: Leftovers\n|upkeep\n|turn|4\n|\n|t:|1698971244\n|move|p1a: Zazazenta|Iron Defense|p1a: Zazazenta\n|-boost|p1a: Zazazenta|def|1\n|move|p2a: Hippowdon|Earthquake|p1a: Zazazenta\n|-end|p1a: Zazazenta|Substitute\n|\n|-heal|p1a: Zazazenta|99\/100|[from] item: Leftovers\n|upkeep\n|turn|5\n|\n|t:|1698971253\n|move|p1a: Zazazenta|Substitute|p1a: Zazazenta\n|-start|p1a: Zazazenta|Substitute\n|-damage|p1a: Zazazenta|75\/100\n|move|p2a: Hippowdon|Stealth Rock|p1a: Zazazenta\n|-sidestart|p1: 50Niko05|move: Stealth Rock\n|\n|-heal|p1a: Zazazenta|81\/100|[from] item: Leftovers\n|upkeep\n|turn|6\n|\n|t:|1698971280\n|move|p1a: Zazazenta|Body Press|p2a: Hippowdon\n|-damage|p2a: Hippowdon|27\/100\n|-damage|p1a: Zazazenta|65\/100|[from] item: Rocky Helmet|[of] p2a: Hippowdon\n|move|p2a: Hippowdon|Earthquake|p1a: Zazazenta\n|-activate|p1a: Zazazenta|move: Substitute|[damage]\n|\n|-heal|p1a: Zazazenta|71\/100|[from] item: Leftovers\n|upkeep\n|turn|7\n|\n|t:|1698971317\n|move|p1a: Zazazenta|Body Press|p2a: Hippowdon\n|-damage|p2a: Hippowdon|0 fnt\n|-damage|p1a: Zazazenta|55\/100|[from] item: Rocky Helmet|[of] p2a: Hippowdon\n|faint|p2a: Hippowdon\n|\n|-heal|p1a: Zazazenta|61\/100|[from] item: Leftovers\n|upkeep\n|\n|t:|1698971356\n|switch|p2a: Meowscarada|Meowscarada, M|100\/100\n|turn|8\n|\n|t:|1698971363\n|move|p1a: Zazazenta|Body Press|p2a: Meowscarada\n|-supereffective|p2a: Meowscarada\n|-damage|p2a: Meowscarada|0 fnt\n|faint|p2a: Meowscarada\n|\n|-heal|p1a: Zazazenta|67\/100|[from] item: Leftovers\n|upkeep\n|\n|t:|1698971369\n|switch|p2a: Slowking|Slowking, M|100\/100\n|turn|9\n|\n|t:|1698971373\n|move|p1a: Zazazenta|Body Press|p2a: Slowking\n|-resisted|p2a: Slowking\n|-damage|p2a: Slowking|33\/100\n|-enditem|p2a: Slowking|Eject Button\n|\n|t:|1698971388\n|switch|p2a: Roaring Moon|Roaring Moon|100\/100\n|-enditem|p2a: Roaring Moon|Booster Energy\n|-activate|p2a: Roaring Moon|ability: Protosynthesis|[fromitem]\n|-start|p2a: Roaring Moon|protosynthesisatk\n|\n|-heal|p1a: Zazazenta|73\/100|[from] item: Leftovers\n|upkeep\n|turn|10\n|c|\u260650Niko05|my heart dropped thinking that was red card\n|\n|t:|1698971406\n|move|p1a: Zazazenta|Body Press|p2a: Roaring Moon\n|-supereffective|p2a: Roaring Moon\n|-damage|p2a: Roaring Moon|0 fnt\n|faint|p2a: Roaring Moon\n|-end|p2a: Roaring Moon|Protosynthesis|[silent]\n|\n|-heal|p1a: Zazazenta|79\/100|[from] item: Leftovers\n|upkeep\n|\n|t:|1698971413\n|switch|p2a: Slowking|Slowking, M|67\/100\n|turn|11\n|\n|t:|1698971419\n|move|p1a: Zazazenta|Body Press|p2a: Slowking\n|-resisted|p2a: Slowking\n|-damage|p2a: Slowking|0 fnt\n|faint|p2a: Slowking\n|\n|-heal|p1a: Zazazenta|86\/100|[from] item: Leftovers\n|upkeep\n|-message|Zeddby forfeited.\n|\n|win|50Niko05\n|l|\u2606Zeddby\n","uploadtime":1698971436,"views":12,"p1id":"50niko05","p2id":"zeddby","formatid":"gen9ubers","rating":0,"private":0,"password":""}