{"id":"gen9ubers-1982048849","p1":"GratedsShtickface","p2":"TubeKnight","format":"[Gen 9] Ubers","log":"|j|\u2606GratedsShtickface\n|j|\u2606TubeKnight\n|t:|1698962805\n|gametype|singles\n|player|p1|GratedsShtickface|hiker-gen4|\n|player|p2|TubeKnight|veteran|\n|teamsize|p1|6\n|teamsize|p2|6\n|gen|9\n|tier|[Gen 9] Ubers\n|rule|Sleep Clause Mod: Limit one foe put to sleep\n|rule|Species Clause: Limit one of each Pok\u00e9mon\n|rule|OHKO Clause: OHKO moves are banned\n|rule|Evasion Items Clause: Evasion items are banned\n|rule|Evasion Moves Clause: Evasion moves are banned\n|rule|Endless Battle Clause: Forcing endless battles is banned\n|rule|HP Percentage Mod: HP is shown in percentages\n|clearpoke\n|poke|p1|Klefki, M|\n|poke|p1|Shaymin-Sky|\n|poke|p1|Dialga|\n|poke|p1|Zacian-*|\n|poke|p1|Arceus-Ghost|\n|poke|p1|Masquerain, M|\n|poke|p2|Palafin, M|\n|poke|p2|Palkia-Origin|\n|poke|p2|Zacian-*|\n|poke|p2|Chi-Yu|\n|poke|p2|Arceus-Grass|\n|poke|p2|Urshifu-*, F|\n|teampreview\n|inactive|Battle timer is ON: inactive players will automatically lose when time's up. (requested by TubeKnight)\n|c|\u2606TubeKnight|glhf\n|c|\u2606GratedsShtickface|glhf\n|\n|t:|1698962814\n|start\n|switch|p1a: Web Designer|Masquerain, M, shiny|100\/100\n|switch|p2a: Palafin|Palafin, M, shiny|100\/100\n|-ability|p1a: Web Designer|Intimidate|boost\n|-unboost|p2a: Palafin|atk|1\n|turn|1\n|\n|t:|1698962824\n|move|p2a: Palafin|Flip Turn|p1a: Web Designer\n|-damage|p1a: Web Designer|70\/100\n|\n|t:|1698962836\n|detailschange|p2a: Palafin|Palafin-Hero, M, shiny\n|switch|p2a: Palkia|Palkia-Origin|100\/100|[from] Flip Turn\n|-ability|p2a: Palkia|Pressure\n|move|p1a: Web Designer|Sticky Web|p2a: Palkia\n|-sidestart|p2: TubeKnight|move: Sticky Web\n|\n|upkeep\n|turn|2\n|\n|t:|1698962845\n|move|p2a: Palkia|Fire Blast|p1a: Web Designer\n|-supereffective|p1a: Web Designer\n|-crit|p1a: Web Designer\n|-damage|p1a: Web Designer|0 fnt\n|faint|p1a: Web Designer\n|\n|upkeep\n|\n|t:|1698962860\n|switch|p1a: Sif|Zacian|100\/100\n|-ability|p1a: Sif|Intrepid Sword|boost\n|-boost|p1a: Sif|atk|1\n|turn|3\n|\n|t:|1698962885\n|switch|p2a: Chi-Yu|Chi-Yu|100\/100\n|-activate|p2a: Chi-Yu|move: Sticky Web\n|-unboost|p2a: Chi-Yu|spe|1\n|-ability|p2a: Chi-Yu|Beads of Ruin\n|move|p1a: Sif|Play Rough|p2a: Chi-Yu\n|-damage|p2a: Chi-Yu|0 fnt\n|faint|p2a: Chi-Yu\n|\n|upkeep\n|\n|t:|1698962888\n|switch|p2a: Palafin|Palafin-Hero, M, shiny|100\/100\n|-activate|p2a: Palafin|move: Sticky Web\n|-unboost|p2a: Palafin|spe|1\n|-activate|p2a: Palafin|ability: Zero to Hero\n|turn|4\n|\n|t:|1698962907\n|-terastallize|p2a: Palafin|Water\n|move|p2a: Palafin|Jet Punch|p1a: Sif\n|-damage|p1a: Sif|36\/100\n|move|p1a: Sif|Play Rough|p2a: Palafin|[miss]\n|-miss|p1a: Sif|p2a: Palafin\n|\n|upkeep\n|turn|5\n|\n|t:|1698962914\n|move|p2a: Palafin|Jet Punch|p1a: Sif\n|-damage|p1a: Sif|0 fnt\n|faint|p1a: Sif\n|\n|upkeep\n|\n|t:|1698962917\n|switch|p1a: Haxmin|Shaymin-Sky|100\/100\n|turn|6\n|\n|t:|1698962928\n|switch|p2a: Arceus|Arceus-Grass, shiny|100\/100\n|-activate|p2a: Arceus|move: Sticky Web\n|-unboost|p2a: Arceus|spe|1\n|move|p1a: Haxmin|Seed Flare|p2a: Arceus\n|-resisted|p2a: Arceus\n|-damage|p2a: Arceus|77\/100\n|-unboost|p2a: Arceus|spd|2\n|\n|upkeep\n|turn|7\n|\n|t:|1698962934\n|move|p1a: Haxmin|Air Slash|p2a: Arceus\n|-supereffective|p2a: Arceus\n|-damage|p2a: Arceus|0 fnt\n|faint|p2a: Arceus\n|\n|upkeep\n|\n|t:|1698962951\n|switch|p2a: Palkia|Palkia-Origin|100\/100\n|-activate|p2a: Palkia|move: Sticky Web\n|-unboost|p2a: Palkia|spe|1\n|-ability|p2a: Palkia|Pressure\n|turn|8\n|\n|t:|1698962961\n|switch|p1a: Ar\u0441eus-Poison|Arceus-Ghost, shiny|100\/100\n|move|p2a: Palkia|Fire Blast|p1a: Ar\u0441eus-Poison\n|-damage|p1a: Ar\u0441eus-Poison|74\/100\n|\n|upkeep\n|turn|9\n|c|\u2606TubeKnight|lmao\n|\n|t:|1698962973\n|move|p1a: Ar\u0441eus-Poison|Swords Dance|p1a: Ar\u0441eus-Poison\n|-boost|p1a: Ar\u0441eus-Poison|atk|2\n|move|p2a: Palkia|Spacial Rend|p1a: Ar\u0441eus-Poison\n|-damage|p1a: Ar\u0441eus-Poison|29\/100\n|\n|upkeep\n|turn|10\n|\n|t:|1698962981\n|move|p1a: Ar\u0441eus-Poison|Recover|p1a: Ar\u0441eus-Poison\n|-heal|p1a: Ar\u0441eus-Poison|79\/100\n|move|p2a: Palkia|Spacial Rend|p1a: Ar\u0441eus-Poison\n|-damage|p1a: Ar\u0441eus-Poison|37\/100\n|\n|upkeep\n|turn|11\n|\n|t:|1698962991\n|move|p1a: Ar\u0441eus-Poison|Shadow Claw|p2a: Palkia\n|-damage|p2a: Palkia|0 fnt\n|faint|p2a: Palkia\n|\n|upkeep\n|\n|t:|1698962994\n|switch|p2a: Palafin|Palafin-Hero, M, shiny, tera:Water|100\/100\n|-activate|p2a: Palafin|move: Sticky Web\n|-unboost|p2a: Palafin|spe|1\n|turn|12\n|\n|t:|1698962999\n|move|p1a: Ar\u0441eus-Poison|Extreme Speed|p2a: Palafin\n|-damage|p2a: Palafin|37\/100\n|move|p2a: Palafin|Jet Punch|p1a: Ar\u0441eus-Poison\n|-damage|p1a: Ar\u0441eus-Poison|0 fnt\n|faint|p1a: Ar\u0441eus-Poison\n|\n|upkeep\n|\n|t:|1698963006\n|switch|p1a: Keys to the City|Klefki, M, shiny|100\/100\n|turn|13\n|\n|t:|1698963015\n|switch|p2a: Zacian|Zacian, shiny|100\/100\n|-activate|p2a: Zacian|move: Sticky Web\n|-unboost|p2a: Zacian|spe|1\n|-ability|p2a: Zacian|Intrepid Sword|boost\n|-boost|p2a: Zacian|atk|1\n|move|p1a: Keys to the City|Switcheroo|p2a: Zacian\n|-activate|p1a: Keys to the City|move: Trick|[of] p2a: Zacian\n|-item|p2a: Zacian|Lagging Tail|[from] move: Switcheroo\n|-item|p1a: Keys to the City|Choice Band|[from] move: Switcheroo\n|\n|upkeep\n|turn|14\n|\n|t:|1698963027\n|move|p1a: Keys to the City|Spikes|p2a: Zacian\n|-sidestart|p2: TubeKnight|Spikes\n|move|p2a: Zacian|Close Combat|p1a: Keys to the City\n|-damage|p1a: Keys to the City|50\/100\n|-unboost|p2a: Zacian|def|1\n|-unboost|p2a: Zacian|spd|1\n|\n|upkeep\n|turn|15\n|\n|t:|1698963033\n|move|p1a: Keys to the City|Spikes|p2a: Zacian\n|-sidestart|p2: TubeKnight|Spikes\n|move|p2a: Zacian|Close Combat|p1a: Keys to the City\n|-damage|p1a: Keys to the City|5\/100\n|-unboost|p2a: Zacian|def|1\n|-unboost|p2a: Zacian|spd|1\n|\n|upkeep\n|turn|16\n|\n|t:|1698963037\n|move|p1a: Keys to the City|Spikes|p2a: Zacian\n|-sidestart|p2: TubeKnight|Spikes\n|move|p2a: Zacian|Close Combat|p1a: Keys to the City\n|-damage|p1a: Keys to the City|0 fnt\n|-unboost|p2a: Zacian|def|1\n|-unboost|p2a: Zacian|spd|1\n|faint|p1a: Keys to the City\n|\n|upkeep\n|\n|t:|1698963055\n|switch|p1a: Time Lawd|Dialga, shiny|100\/100\n|-ability|p1a: Time Lawd|Pressure\n|turn|17\n|\n|t:|1698963065\n|move|p1a: Time Lawd|Stealth Rock|p2a: Zacian\n|-sidestart|p2: TubeKnight|move: Stealth Rock\n|move|p2a: Zacian|Close Combat|p1a: Time Lawd\n|-supereffective|p1a: Time Lawd\n|-damage|p1a: Time Lawd|32\/100\n|-unboost|p2a: Zacian|def|1\n|-unboost|p2a: Zacian|spd|1\n|\n|-heal|p1a: Time Lawd|38\/100|[from] item: Leftovers\n|upkeep\n|turn|18\n|c|\u2606TubeKnight|why is bro setting up hazards\n|\n|t:|1698963075\n|move|p1a: Time Lawd|Flash Cannon|p2a: Zacian\n|-supereffective|p2a: Zacian\n|-damage|p2a: Zacian|0 fnt\n|faint|p2a: Zacian\n|\n|-heal|p1a: Time Lawd|45\/100|[from] item: Leftovers\n|upkeep\n|\n|t:|1698963078\n|switch|p2a: Urshifu|Urshifu, F|100\/100\n|-activate|p2a: Urshifu|move: Sticky Web\n|-unboost|p2a: Urshifu|spe|1\n|-damage|p2a: Urshifu|76\/100|[from] Spikes\n|-damage|p2a: Urshifu|69\/100|[from] Stealth Rock\n|turn|19\n|\n|t:|1698963085\n|move|p1a: Time Lawd|Thunder Wave|p2a: Urshifu\n|-status|p2a: Urshifu|par\n|move|p2a: Urshifu|Wicked Blow|p1a: Time Lawd\n|-crit|p1a: Time Lawd\n|-damage|p1a: Time Lawd|0 fnt\n|faint|p1a: Time Lawd\n|\n|upkeep\n|\n|t:|1698963093\n|switch|p1a: Haxmin|Shaymin-Sky|100\/100\n|turn|20\n|\n|t:|1698963096\n|move|p1a: Haxmin|Air Slash|p2a: Urshifu\n|-supereffective|p2a: Urshifu\n|-damage|p2a: Urshifu|0 fnt\n|faint|p2a: Urshifu\n|\n|upkeep\n|\n|t:|1698963098\n|switch|p2a: Palafin|Palafin-Hero, M, shiny, tera:Water|37\/100\n|-activate|p2a: Palafin|move: Sticky Web\n|-unboost|p2a: Palafin|spe|1\n|-damage|p2a: Palafin|12\/100|[from] Spikes\n|-damage|p2a: Palafin|0 fnt|[from] Stealth Rock\n|faint|p2a: Palafin\n|\n|win|GratedsShtickface\n|c|\u2606GratedsShtickface|gg\n|c|\u2606TubeKnight|ggs\n|c|\u2606TubeKnight|75 percent winrate\n|c|\u2606GratedsShtickface|just sent the vod over\n","uploadtime":1698963108,"views":42,"p1id":"gratedsshtickface","p2id":"tubeknight","formatid":"gen9ubers","rating":0,"private":0,"password":""}