{"id":"gen9ubers-1996481157","p1":"abrahamrage","p2":"naterz4","format":"[Gen 9] Ubers","log":"|j|\u2606abrahamrage\n|j|\u2606naterz4\n|t:|1700686192\n|gametype|singles\n|player|p1|abrahamrage|2|\n|player|p2|naterz4|169|\n|teamsize|p1|6\n|teamsize|p2|6\n|gen|9\n|tier|[Gen 9] Ubers\n|rule|Sleep Clause Mod: Limit one foe put to sleep\n|rule|Species Clause: Limit one of each Pok\u00e9mon\n|rule|OHKO Clause: OHKO moves are banned\n|rule|Evasion Items Clause: Evasion items are banned\n|rule|Evasion Moves Clause: Evasion moves are banned\n|rule|Endless Battle Clause: Forcing endless battles is banned\n|rule|HP Percentage Mod: HP is shown in percentages\n|clearpoke\n|poke|p1|Scizor, F|\n|poke|p1|Vaporeon, M|\n|poke|p1|Iron Moth|\n|poke|p1|Ting-Lu|\n|poke|p1|Iron Valiant|\n|poke|p1|Mew|\n|poke|p2|Samurott-Hisui, M|\n|poke|p2|Kleavor, M|\n|poke|p2|Dugtrio, M|\n|poke|p2|Ursaluna, M|\n|poke|p2|Mienshao, M|\n|poke|p2|Jolteon, M|\n|teampreview\n|c|\u2606naterz4|glhf\n|c|\u2606abrahamrage|u2\n|\n|t:|1700686233\n|start\n|switch|p1a: Scizor|Scizor, F|100\/100\n|switch|p2a: Samurott|Samurott-Hisui, M|100\/100\n|turn|1\n|\n|t:|1700686259\n|move|p2a: Samurott|Flip Turn|p1a: Scizor\n|-damage|p1a: Scizor|73\/100\n|\n|t:|1700686262\n|switch|p2a: Ursaluna|Ursaluna, M|100\/100|[from] Flip Turn\n|move|p1a: Scizor|U-turn|p2a: Ursaluna\n|-damage|p2a: Ursaluna|54\/100\n|\n|t:|1700686306\n|switch|p1a: Iron Valiant|Iron Valiant|100\/100|[from] U-turn\n|\n|-status|p2a: Ursaluna|brn|[from] item: Flame Orb\n|upkeep\n|turn|2\n|\n|t:|1700686341\n|move|p1a: Iron Valiant|Aura Sphere|p2a: Ursaluna\n|-supereffective|p2a: Ursaluna\n|-damage|p2a: Ursaluna|0 fnt\n|faint|p2a: Ursaluna\n|\n|upkeep\n|\n|t:|1700686345\n|switch|p2a: Jolteon|Jolteon, M|100\/100\n|turn|3\n|\n|t:|1700686398\n|move|p2a: Jolteon|Calm Mind|p2a: Jolteon\n|-boost|p2a: Jolteon|spa|1\n|-boost|p2a: Jolteon|spd|1\n|move|p1a: Iron Valiant|Moonblast|p2a: Jolteon\n|-damage|p2a: Jolteon|71\/100\n|-unboost|p2a: Jolteon|spa|1\n|\n|-status|p2a: Jolteon|brn|[from] item: Flame Orb\n|upkeep\n|turn|4\n|\n|t:|1700686420\n|-end|p1a: Iron Valiant|Quark Drive|[silent]\n|switch|p1a: Ting-Lu|Ting-Lu|100\/100\n|-ability|p1a: Ting-Lu|Vessel of Ruin\n|-terastallize|p2a: Jolteon|Psychic\n|move|p2a: Jolteon|Stored Power|p1a: Ting-Lu\n|-immune|p1a: Ting-Lu\n|\n|-damage|p2a: Jolteon|65\/100 brn|[from] brn\n|upkeep\n|turn|5\n|\n|t:|1700686455\n|switch|p2a: Dugtrio|Dugtrio, M|100\/100\n|move|p1a: Ting-Lu|Body Press|p2a: Dugtrio\n|-damage|p2a: Dugtrio|23\/100\n|\n|upkeep\n|turn|6\n|\n|t:|1700686492\n|move|p2a: Dugtrio|Reversal|p1a: Ting-Lu\n|-supereffective|p1a: Ting-Lu\n|-damage|p1a: Ting-Lu|82\/100\n|move|p1a: Ting-Lu|Body Press|p2a: Dugtrio\n|-damage|p2a: Dugtrio|0 fnt\n|faint|p2a: Dugtrio\n|\n|-heal|p1a: Ting-Lu|88\/100|[from] item: Leftovers\n|upkeep\n|\n|t:|1700686495\n|switch|p2a: Samurott|Samurott-Hisui, M|100\/100\n|turn|7\n|c|\u2606naterz4|idk why i thought id do a ton there\n|\n|t:|1700686523\n|move|p2a: Samurott|Ceaseless Edge|p1a: Ting-Lu|[miss]\n|-miss|p2a: Samurott|p1a: Ting-Lu\n|move|p1a: Ting-Lu|Body Press|p2a: Samurott\n|-supereffective|p2a: Samurott\n|-damage|p2a: Samurott|39\/100\n|\n|-heal|p1a: Ting-Lu|95\/100|[from] item: Leftovers\n|upkeep\n|turn|8\n|c|\u2606abrahamrage|i dont know what reversal does tbh\n|c|\u2606naterz4|lower hp = higher damage\n|c|\u2606abrahamrage|ah\n|\n|t:|1700686549\n|move|p2a: Samurott|Flip Turn|p1a: Ting-Lu\n|-supereffective|p1a: Ting-Lu\n|-damage|p1a: Ting-Lu|67\/100\n|\n|t:|1700686552\n|switch|p2a: Mienshao|Mienshao, M|100\/100|[from] Flip Turn\n|move|p1a: Ting-Lu|Body Press|p2a: Mienshao\n|-damage|p2a: Mienshao|52\/100\n|\n|-heal|p1a: Ting-Lu|74\/100|[from] item: Leftovers\n|upkeep\n|turn|9\n|j| ProudNewb\n|c| ProudNewb|i hope you both lose\n|\n|t:|1700686614\n|move|p2a: Mienshao|U-turn|p1a: Ting-Lu\n|-supereffective|p1a: Ting-Lu\n|-damage|p1a: Ting-Lu|58\/100\n|\n|t:|1700686617\n|switch|p2a: Kleavor|Kleavor, M|100\/100|[from] U-turn\n|move|p1a: Ting-Lu|Body Press|p2a: Kleavor\n|-damage|p2a: Kleavor|71\/100\n|\n|-heal|p1a: Ting-Lu|64\/100|[from] item: Leftovers\n|upkeep\n|turn|10\n|\n|t:|1700686624\n|move|p2a: Kleavor|Stone Axe|p1a: Ting-Lu\n|-resisted|p1a: Ting-Lu\n|-damage|p1a: Ting-Lu|53\/100\n|-sidestart|p1: abrahamrage|move: Stealth Rock\n|move|p1a: Ting-Lu|Rock Tomb|p2a: Kleavor\n|-supereffective|p2a: Kleavor\n|-damage|p2a: Kleavor|38\/100\n|-unboost|p2a: Kleavor|spe|1\n|\n|-heal|p1a: Ting-Lu|60\/100|[from] item: Leftovers\n|upkeep\n|turn|11\n|\n|t:|1700686635\n|move|p2a: Kleavor|U-turn|p1a: Ting-Lu\n|-supereffective|p1a: Ting-Lu\n|-damage|p1a: Ting-Lu|23\/100\n|\n|t:|1700686637\n|switch|p2a: Mienshao|Mienshao, M|85\/100|[from] U-turn\n|move|p1a: Ting-Lu|Spikes|p2a: Mienshao\n|-sidestart|p2: naterz4|Spikes\n|\n|-heal|p1a: Ting-Lu|30\/100|[from] item: Leftovers\n|upkeep\n|turn|12\n|\n|t:|1700686650\n|move|p2a: Mienshao|High Jump Kick|p1a: Ting-Lu|[miss]\n|-miss|p2a: Mienshao|p1a: Ting-Lu\n|-damage|p2a: Mienshao|35\/100|[from] highjumpkick\n|move|p1a: Ting-Lu|Rock Tomb|p2a: Mienshao\n|-resisted|p2a: Mienshao\n|-damage|p2a: Mienshao|23\/100\n|-unboost|p2a: Mienshao|spe|1\n|\n|-heal|p1a: Ting-Lu|36\/100|[from] item: Leftovers\n|upkeep\n|turn|13\n|c|\u2606abrahamrage|damn man\n|c|\u2606naterz4|well gg\n|\n|t:|1700686664\n|move|p2a: Mienshao|High Jump Kick|p1a: Ting-Lu\n|-supereffective|p1a: Ting-Lu\n|-damage|p1a: Ting-Lu|0 fnt\n|faint|p1a: Ting-Lu\n|\n|upkeep\n|c| ProudNewb|unfort\n|\n|t:|1700686711\n|switch|p1a: Iron Valiant|Iron Valiant|100\/100\n|-damage|p1a: Iron Valiant|94\/100|[from] Stealth Rock\n|turn|14\n|\n|t:|1700686720\n|switch|p2a: Kleavor|Kleavor, M|38\/100\n|move|p1a: Iron Valiant|Moonblast|p2a: Kleavor\n|-crit|p2a: Kleavor\n|-damage|p2a: Kleavor|0 fnt\n|faint|p2a: Kleavor\n|\n|upkeep\n|\n|t:|1700686722\n|switch|p2a: Jolteon|Jolteon, M, tera:Psychic|65\/100 brn\n|-damage|p2a: Jolteon|52\/100 brn|[from] Spikes\n|turn|15\n|c| ProudNewb|mattered\n|\n|t:|1700686736\n|-end|p1a: Iron Valiant|Quark Drive|[silent]\n|switch|p1a: Scizor|Scizor, F|73\/100\n|-damage|p1a: Scizor|60\/100|[from] Stealth Rock\n|move|p2a: Jolteon|Calm Mind|p2a: Jolteon\n|-boost|p2a: Jolteon|spa|1\n|-boost|p2a: Jolteon|spd|1\n|\n|-damage|p2a: Jolteon|46\/100 brn|[from] brn\n|upkeep\n|turn|16\n|\n|t:|1700686744\n|move|p2a: Jolteon|Rest|p2a: Jolteon\n|-status|p2a: Jolteon|slp|[from] move: Rest\n|-heal|p2a: Jolteon|100\/100 slp|[silent]\n|move|p1a: Scizor|U-turn|p2a: Jolteon\n|-supereffective|p2a: Jolteon\n|-damage|p2a: Jolteon|0 fnt\n|faint|p2a: Jolteon\n|c|\u2606naterz4|o that kills\n|\n|t:|1700686758\n|switch|p1a: Iron Valiant|Iron Valiant|94\/100|[from] U-turn\n|-damage|p1a: Iron Valiant|88\/100|[from] Stealth Rock\n|\n|upkeep\n|\n|t:|1700686761\n|switch|p2a: Mienshao|Mienshao, M|56\/100\n|-damage|p2a: Mienshao|44\/100|[from] Spikes\n|turn|17\n|\n|t:|1700686766\n|move|p2a: Mienshao|Fake Out|p1a: Iron Valiant\n|-damage|p1a: Iron Valiant|75\/100\n|cant|p1a: Iron Valiant|flinch\n|\n|upkeep\n|turn|18\n|\n|t:|1700686773\n|move|p1a: Iron Valiant|Moonblast|p2a: Mienshao\n|-supereffective|p2a: Mienshao\n|-damage|p2a: Mienshao|0 fnt\n|faint|p2a: Mienshao\n|\n|upkeep\n|\n|t:|1700686776\n|switch|p2a: Samurott|Samurott-Hisui, M|39\/100\n|-damage|p2a: Samurott|26\/100|[from] Spikes\n|turn|19\n|\n|t:|1700686789\n|move|p1a: Iron Valiant|Moonblast|p2a: Samurott\n|-supereffective|p2a: Samurott\n|-damage|p2a: Samurott|0 fnt\n|faint|p2a: Samurott\n|\n|win|abrahamrage\n|c|\u2606naterz4|gg\n|c|\u2606abrahamrage|gg\n|l| ProudNewb\n|c|\u2606abrahamrage|sry brother\n|c|\u2606abrahamrage|bout the misses\n|l|\u2606naterz4\n","uploadtime":1700686822,"views":16,"p1id":"abrahamrage","p2id":"naterz4","formatid":"gen9ubers","rating":0,"private":0,"password":""}