{"id":"gen9ubers-1972957969","p1":"Matabuelas300T","p2":"Osssie","format":"[Gen 9] Ubers","log":"|j|\u2606Matabuelas300T\n|j|\u2606Osssie\n|t:|1697912787\n|gametype|singles\n|player|p1|Matabuelas300T|102|1051\n|player|p2|Osssie|2|1122\n|teamsize|p1|6\n|teamsize|p2|6\n|gen|9\n|tier|[Gen 9] Ubers\n|rated|\n|rule|Sleep Clause Mod: Limit one foe put to sleep\n|rule|Species Clause: Limit one of each Pok\u00e9mon\n|rule|OHKO Clause: OHKO moves are banned\n|rule|Evasion Items Clause: Evasion items are banned\n|rule|Evasion Moves Clause: Evasion moves are banned\n|rule|Endless Battle Clause: Forcing endless battles is banned\n|rule|HP Percentage Mod: HP is shown in percentages\n|clearpoke\n|poke|p1|Landorus-Therian, M|\n|poke|p1|Flutter Mane|\n|poke|p1|Amoonguss, F|\n|poke|p1|Urshifu-*, M|\n|poke|p1|Chien-Pao|\n|poke|p1|Iron Hands|\n|poke|p2|Okidogi, M|\n|poke|p2|Ninetales-Alola, F|\n|poke|p2|Baxcalibur, M|\n|poke|p2|Manaphy|\n|poke|p2|Kingambit, M|\n|poke|p2|Ditto|\n|teampreview\n|\n|t:|1697912790\n|start\n|switch|p1a: Landorus|Landorus-Therian, M|100\/100\n|switch|p2a: Ninetales|Ninetales-Alola, F|100\/100\n|-weather|Snow|[from] ability: Snow Warning|[of] p2a: Ninetales\n|-ability|p1a: Landorus|Intimidate|boost\n|-unboost|p2a: Ninetales|atk|1\n|turn|1\n|\n|t:|1697912798\n|-terastallize|p1a: Landorus|Flying\n|move|p2a: Ninetales|Aurora Veil|p2a: Ninetales\n|-sidestart|p2: Osssie|move: Aurora Veil\n|move|p1a: Landorus|Tera Blast|p2a: Ninetales|[anim] Tera Blast Flying\n|-damage|p2a: Ninetales|71\/100\n|\n|-weather|Snow|[upkeep]\n|upkeep\n|turn|2\n|\n|t:|1697912806\n|move|p2a: Ninetales|Freeze-Dry|p1a: Landorus\n|-supereffective|p1a: Landorus\n|-damage|p1a: Landorus|42\/100\n|move|p1a: Landorus|U-turn|p2a: Ninetales\n|-resisted|p2a: Ninetales\n|-damage|p2a: Ninetales|66\/100\n|\n|t:|1697912816\n|switch|p1a: Flutter Mane|Flutter Mane|100\/100|[from] U-turn\n|\n|-weather|Snow|[upkeep]\n|upkeep\n|turn|3\n|\n|t:|1697912822\n|move|p1a: Flutter Mane|Moonblast|p2a: Ninetales\n|-damage|p2a: Ninetales|28\/100\n|move|p2a: Ninetales|Hypnosis|p1a: Flutter Mane\n|-status|p1a: Flutter Mane|slp|[from] move: Hypnosis\n|\n|-weather|Snow|[upkeep]\n|upkeep\n|turn|4\n|\n|t:|1697912833\n|-end|p1a: Flutter Mane|Protosynthesis|[silent]\n|switch|p1a: Chien-Pao|Chien-Pao|100\/100\n|-ability|p1a: Chien-Pao|Sword of Ruin\n|move|p2a: Ninetales|Freeze-Dry|p1a: Chien-Pao\n|-resisted|p1a: Chien-Pao\n|-damage|p1a: Chien-Pao|85\/100\n|\n|-weather|Snow|[upkeep]\n|upkeep\n|turn|5\n|\n|t:|1697912842\n|move|p1a: Chien-Pao|Sucker Punch||[still]\n|-fail|p1a: Chien-Pao\n|move|p2a: Ninetales|Hypnosis|p1a: Chien-Pao|[miss]\n|-miss|p2a: Ninetales|p1a: Chien-Pao\n|\n|-weather|none\n|upkeep\n|turn|6\n|\n|t:|1697912850\n|move|p1a: Chien-Pao|Icicle Crash|p2a: Ninetales\n|-resisted|p2a: Ninetales\n|-damage|p2a: Ninetales|13\/100\n|move|p2a: Ninetales|Encore|p1a: Chien-Pao\n|-start|p1a: Chien-Pao|Encore\n|\n|upkeep\n|turn|7\n|\n|t:|1697912860\n|switch|p2a: Manaphy|Manaphy|100\/100\n|move|p1a: Chien-Pao|Icicle Crash|p2a: Manaphy\n|-resisted|p2a: Manaphy\n|-damage|p2a: Manaphy|86\/100\n|\n|upkeep\n|turn|8\n|\n|t:|1697912873\n|switch|p1a: Amoonguss|Amoonguss, F|100\/100\n|move|p2a: Manaphy|Acid Armor|p2a: Manaphy\n|-boost|p2a: Manaphy|def|2\n|\n|-sideend|p2: Osssie|move: Aurora Veil\n|upkeep\n|turn|9\n|\n|t:|1697912880\n|move|p2a: Manaphy|Acid Armor|p2a: Manaphy\n|-boost|p2a: Manaphy|def|2\n|move|p1a: Amoonguss|Spore|p2a: Manaphy\n|-status|p2a: Manaphy|slp|[from] move: Spore\n|\n|upkeep\n|turn|10\n|\n|t:|1697912893\n|cant|p2a: Manaphy|slp\n|move|p1a: Amoonguss|Pollen Puff|p2a: Manaphy\n|-damage|p2a: Manaphy|66\/100 slp\n|\n|upkeep\n|turn|11\n|\n|t:|1697912901\n|-curestatus|p2a: Manaphy|slp|[msg]\n|move|p2a: Manaphy|Stored Power|p1a: Amoonguss\n|-supereffective|p1a: Amoonguss\n|-damage|p1a: Amoonguss|64\/100\n|move|p1a: Amoonguss|Pollen Puff|p2a: Manaphy\n|-damage|p2a: Manaphy|48\/100\n|\n|upkeep\n|turn|12\n|\n|t:|1697912911\n|move|p2a: Manaphy|Stored Power|p1a: Amoonguss\n|-supereffective|p1a: Amoonguss\n|-damage|p1a: Amoonguss|26\/100\n|-enditem|p1a: Amoonguss|Sitrus Berry|[eat]\n|-heal|p1a: Amoonguss|51\/100|[from] item: Sitrus Berry\n|move|p1a: Amoonguss|Spore|p2a: Manaphy\n|-status|p2a: Manaphy|slp|[from] move: Spore\n|\n|upkeep\n|turn|13\n|\n|t:|1697912936\n|cant|p2a: Manaphy|slp\n|move|p1a: Amoonguss|Pollen Puff|p2a: Manaphy\n|-crit|p2a: Manaphy\n|-damage|p2a: Manaphy|20\/100 slp\n|\n|upkeep\n|turn|14\n|\n|t:|1697912943\n|cant|p2a: Manaphy|slp\n|move|p1a: Amoonguss|Spore|p2a: Manaphy\n|-fail|p2a: Manaphy|slp\n|\n|upkeep\n|turn|15\n|\n|t:|1697912953\n|-curestatus|p2a: Manaphy|slp|[msg]\n|move|p2a: Manaphy|Take Heart|p2a: Manaphy\n|-boost|p2a: Manaphy|spa|1\n|-boost|p2a: Manaphy|spd|1\n|move|p1a: Amoonguss|Pollen Puff|p2a: Manaphy\n|-damage|p2a: Manaphy|7\/100\n|\n|upkeep\n|turn|16\n|\n|t:|1697912966\n|switch|p1a: Chien-Pao|Chien-Pao|85\/100\n|-ability|p1a: Chien-Pao|Sword of Ruin\n|move|p2a: Manaphy|Rest|p2a: Manaphy\n|-status|p2a: Manaphy|slp|[from] move: Rest\n|-heal|p2a: Manaphy|100\/100 slp|[silent]\n|\n|upkeep\n|turn|17\n|\n|t:|1697912979\n|move|p1a: Chien-Pao|Icicle Crash|p2a: Manaphy\n|-resisted|p2a: Manaphy\n|-damage|p2a: Manaphy|90\/100 slp\n|cant|p2a: Manaphy|slp\n|\n|upkeep\n|turn|18\n|\n|t:|1697912985\n|move|p1a: Chien-Pao|Sacred Sword|p2a: Manaphy\n|-damage|p2a: Manaphy|49\/100 slp\n|cant|p2a: Manaphy|slp\n|\n|upkeep\n|turn|19\n|\n|t:|1697912991\n|move|p1a: Chien-Pao|Sacred Sword|p2a: Manaphy\n|-damage|p2a: Manaphy|7\/100 slp\n|-curestatus|p2a: Manaphy|slp|[msg]\n|move|p2a: Manaphy|Stored Power|p1a: Chien-Pao\n|-immune|p1a: Chien-Pao\n|\n|upkeep\n|turn|20\n|\n|t:|1697913029\n|switch|p2a: Okidogi|Okidogi, M|100\/100\n|move|p1a: Chien-Pao|Sacred Sword|p2a: Okidogi\n|-resisted|p2a: Okidogi\n|-damage|p2a: Okidogi|84\/100\n|\n|-heal|p2a: Okidogi|90\/100|[from] item: Leftovers\n|upkeep\n|turn|21\n|\n|t:|1697913047\n|move|p1a: Chien-Pao|Sucker Punch||[still]\n|-fail|p1a: Chien-Pao\n|move|p2a: Okidogi|Bulk Up|p2a: Okidogi\n|-boost|p2a: Okidogi|atk|1\n|-boost|p2a: Okidogi|def|1\n|\n|-heal|p2a: Okidogi|96\/100|[from] item: Leftovers\n|upkeep\n|turn|22\n|\n|t:|1697913055\n|move|p1a: Chien-Pao|Sucker Punch|p2a: Okidogi\n|-resisted|p2a: Okidogi\n|-damage|p2a: Okidogi|84\/100\n|move|p2a: Okidogi|Drain Punch|p1a: Chien-Pao\n|-supereffective|p1a: Chien-Pao\n|-damage|p1a: Chien-Pao|0 fnt\n|-heal|p2a: Okidogi|100\/100|[from] drain|[of] p1a: Chien-Pao\n|faint|p1a: Chien-Pao\n|\n|upkeep\n|\n|t:|1697913068\n|switch|p1a: Landorus|Landorus-Therian, M, tera:Flying|42\/100\n|-ability|p1a: Landorus|Intimidate|boost\n|-ability|p2a: Okidogi|Guard Dog|boost\n|-boost|p2a: Okidogi|atk|1\n|turn|23\n|\n|t:|1697913082\n|move|p1a: Landorus|Tera Blast|p2a: Okidogi|[anim] Tera Blast Flying\n|-supereffective|p2a: Okidogi\n|-damage|p2a: Okidogi|20\/100\n|move|p2a: Okidogi|Poison Jab|p1a: Landorus\n|-damage|p1a: Landorus|0 fnt\n|faint|p1a: Landorus\n|\n|-heal|p2a: Okidogi|26\/100|[from] item: Leftovers\n|upkeep\n|\n|t:|1697913093\n|switch|p1a: Flutter Mane|Flutter Mane|100\/100 slp\n|turn|24\n|\n|t:|1697913105\n|cant|p1a: Flutter Mane|slp\n|move|p2a: Okidogi|Poison Jab|p1a: Flutter Mane\n|-damage|p1a: Flutter Mane|0 fnt\n|faint|p1a: Flutter Mane\n|-end|p1a: Flutter Mane|Protosynthesis|[silent]\n|\n|-heal|p2a: Okidogi|33\/100|[from] item: Leftovers\n|upkeep\n|\n|t:|1697913114\n|switch|p1a: Iron Hands|Iron Hands|100\/100\n|turn|25\n|\n|t:|1697913130\n|move|p1a: Iron Hands|Fake Out|p2a: Okidogi\n|-damage|p2a: Okidogi|23\/100\n|cant|p2a: Okidogi|flinch\n|\n|-heal|p2a: Okidogi|30\/100|[from] item: Leftovers\n|upkeep\n|turn|26\n|\n|t:|1697913138\n|move|p2a: Okidogi|Drain Punch|p1a: Iron Hands\n|-damage|p1a: Iron Hands|48\/100\n|-heal|p2a: Okidogi|68\/100|[from] drain|[of] p1a: Iron Hands\n|move|p1a: Iron Hands|Volt Switch|p2a: Okidogi\n|-damage|p2a: Okidogi|55\/100\n|\n|t:|1697913145\n|-end|p1a: Iron Hands|Quark Drive|[silent]\n|switch|p1a: Urshifu|Urshifu-Rapid-Strike, M|100\/100|[from] Volt Switch\n|\n|-heal|p2a: Okidogi|61\/100|[from] item: Leftovers\n|upkeep\n|turn|27\n|\n|t:|1697913154\n|move|p1a: Urshifu|Surging Strikes|p2a: Okidogi\n|-crit|p2a: Okidogi\n|-damage|p2a: Okidogi|37\/100\n|-crit|p2a: Okidogi\n|-damage|p2a: Okidogi|13\/100\n|-crit|p2a: Okidogi\n|-damage|p2a: Okidogi|0 fnt\n|faint|p2a: Okidogi\n|-hitcount|p2: Okidogi|3\n|\n|upkeep\n|\n|t:|1697913187\n|switch|p2a: Manaphy|Manaphy|7\/100\n|turn|28\n|\n|t:|1697913192\n|move|p1a: Urshifu|Aqua Jet|p2a: Manaphy\n|-resisted|p2a: Manaphy\n|-damage|p2a: Manaphy|0 fnt\n|faint|p2a: Manaphy\n|\n|upkeep\n|\n|t:|1697913205\n|switch|p2a: Kingambit|Kingambit, M|100\/100\n|-activate|p2a: Kingambit|ability: Supreme Overlord\n|-start|p2a: Kingambit|fallen2|[silent]\n|-item|p2a: Kingambit|Air Balloon\n|turn|29\n|\n|t:|1697913242\n|move|p1a: Urshifu|Surging Strikes|p2a: Kingambit\n|-crit|p2a: Kingambit\n|-damage|p2a: Kingambit|78\/100\n|-enditem|p2a: Kingambit|Air Balloon\n|-crit|p2a: Kingambit\n|-damage|p2a: Kingambit|57\/100\n|-crit|p2a: Kingambit\n|-damage|p2a: Kingambit|34\/100\n|-hitcount|p2a: Kingambit|3\n|move|p2a: Kingambit|Swords Dance|p2a: Kingambit\n|-boost|p2a: Kingambit|atk|2\n|\n|upkeep\n|turn|30\n|\n|t:|1697913253\n|move|p1a: Urshifu|Aqua Jet|p2a: Kingambit\n|-damage|p2a: Kingambit|12\/100\n|move|p2a: Kingambit|Sucker Punch||[still]\n|-fail|p2a: Kingambit\n|\n|upkeep\n|turn|31\n|\n|t:|1697913259\n|move|p1a: Urshifu|Aqua Jet|p2a: Kingambit\n|-damage|p2a: Kingambit|0 fnt\n|faint|p2a: Kingambit\n|-end|p2a: Kingambit|fallen2|[silent]\n|\n|upkeep\n|\n|t:|1697913264\n|switch|p2a: Ditto|Ditto, shiny|100\/100\n|-transform|p2a: Ditto|p1a: Urshifu|[from] ability: Imposter\n|turn|32\n|\n|t:|1697913279\n|move|p2a: Ditto|Aqua Jet|p1a: Urshifu\n|-resisted|p1a: Urshifu\n|-damage|p1a: Urshifu|89\/100\n|move|p1a: Urshifu|Surging Strikes|p2a: Ditto\n|-resisted|p2a: Ditto\n|-crit|p2a: Ditto\n|-damage|p2a: Ditto|85\/100\n|-resisted|p2a: Ditto\n|-crit|p2a: Ditto\n|-damage|p2a: Ditto|71\/100\n|-resisted|p2a: Ditto\n|-crit|p2a: Ditto\n|-damage|p2a: Ditto|56\/100\n|-hitcount|p2a: Ditto|3\n|\n|upkeep\n|turn|33\n|\n|t:|1697913295\n|switch|p2a: Baxcalibur|Baxcalibur, M|100\/100\n|switch|p1a: Amoonguss|Amoonguss, F|85\/100\n|\n|upkeep\n|turn|34\n|\n|t:|1697913305\n|move|p2a: Baxcalibur|Dragon Dance|p2a: Baxcalibur\n|-boost|p2a: Baxcalibur|atk|1\n|-boost|p2a: Baxcalibur|spe|1\n|move|p1a: Amoonguss|Spore|p2a: Baxcalibur\n|-status|p2a: Baxcalibur|slp|[from] move: Spore\n|\n|upkeep\n|turn|35\n|\n|t:|1697913318\n|switch|p1a: Urshifu|Urshifu-Rapid-Strike, M|89\/100\n|cant|p2a: Baxcalibur|slp\n|\n|upkeep\n|turn|36\n|\n|t:|1697913324\n|cant|p2a: Baxcalibur|slp\n|move|p1a: Urshifu|Surging Strikes|p2a: Baxcalibur\n|-resisted|p2a: Baxcalibur\n|-crit|p2a: Baxcalibur\n|-damage|p2a: Baxcalibur|88\/100 slp\n|-resisted|p2a: Baxcalibur\n|-crit|p2a: Baxcalibur\n|-damage|p2a: Baxcalibur|74\/100 slp\n|-resisted|p2a: Baxcalibur\n|-crit|p2a: Baxcalibur\n|-damage|p2a: Baxcalibur|60\/100 slp\n|-hitcount|p2a: Baxcalibur|3\n|\n|upkeep\n|turn|37\n|\n|t:|1697913346\n|cant|p2a: Baxcalibur|slp\n|move|p1a: Urshifu|Surging Strikes|p2a: Baxcalibur\n|-resisted|p2a: Baxcalibur\n|-crit|p2a: Baxcalibur\n|-damage|p2a: Baxcalibur|46\/100 slp\n|-resisted|p2a: Baxcalibur\n|-crit|p2a: Baxcalibur\n|-damage|p2a: Baxcalibur|32\/100 slp\n|-resisted|p2a: Baxcalibur\n|-crit|p2a: Baxcalibur\n|-damage|p2a: Baxcalibur|19\/100 slp\n|-hitcount|p2a: Baxcalibur|3\n|\n|upkeep\n|turn|38\n|\n|t:|1697913359\n|move|p1a: Urshifu|Aqua Jet|p2a: Baxcalibur\n|-resisted|p2a: Baxcalibur\n|-damage|p2a: Baxcalibur|6\/100 slp\n|-curestatus|p2a: Baxcalibur|slp|[msg]\n|move|p2a: Baxcalibur|Scale Shot|p1a: Urshifu\n|-damage|p1a: Urshifu|69\/100\n|-damage|p1a: Urshifu|47\/100\n|-damage|p1a: Urshifu|25\/100\n|-damage|p1a: Urshifu|4\/100\n|-hitcount|p1a: Urshifu|4\n|-unboost|p2a: Baxcalibur|def|1\n|-boost|p2a: Baxcalibur|spe|1\n|\n|upkeep\n|turn|39\n|\n|t:|1697913379\n|move|p1a: Urshifu|Aqua Jet|p2a: Baxcalibur\n|-resisted|p2a: Baxcalibur\n|-crit|p2a: Baxcalibur\n|-damage|p2a: Baxcalibur|0 fnt\n|faint|p2a: Baxcalibur\n|\n|upkeep\n|\n|t:|1697913384\n|switch|p2a: Ninetales|Ninetales-Alola, F|13\/100\n|-weather|Snow|[from] ability: Snow Warning|[of] p2a: Ninetales\n|turn|40\n|\n|t:|1697913390\n|move|p1a: Urshifu|Aqua Jet|p2a: Ninetales\n|-damage|p2a: Ninetales|0 fnt\n|faint|p2a: Ninetales\n|\n|-weather|Snow|[upkeep]\n|upkeep\n|\n|t:|1697913394\n|switch|p2a: Ditto|Ditto, shiny|56\/100\n|-transform|p2a: Ditto|p1a: Urshifu|[from] ability: Imposter\n|turn|41\n|\n|t:|1697913401\n|move|p1a: Urshifu|Protect|p1a: Urshifu\n|-singleturn|p1a: Urshifu|Protect\n|move|p2a: Ditto|Aqua Jet|p1a: Urshifu\n|-resisted|p1a: Urshifu\n|-crit|p1a: Urshifu\n|-damage|p1a: Urshifu|0 fnt\n|faint|p1a: Urshifu\n|\n|-weather|Snow|[upkeep]\n|upkeep\n|\n|t:|1697913410\n|switch|p1a: Amoonguss|Amoonguss, F|100\/100\n|turn|42\n|\n|t:|1697913416\n|move|p2a: Ditto|Aqua Jet|p1a: Amoonguss\n|-resisted|p1a: Amoonguss\n|-damage|p1a: Amoonguss|89\/100\n|move|p1a: Amoonguss|Spore|p2a: Ditto\n|-status|p2a: Ditto|slp|[from] move: Spore\n|\n|-weather|Snow|[upkeep]\n|upkeep\n|turn|43\n|-message|Osssie forfeited.\n|\n|win|Matabuelas300T\n|raw|Matabuelas300T's rating: 1051 &rarr; <strong>1090<\/strong><br \/>(+39 for winning)\n|raw|Osssie's rating: 1122 &rarr; <strong>1092<\/strong><br \/>(-30 for losing)\n|l|\u2606Osssie\n","uploadtime":1697913429,"views":17,"p1id":"matabuelas300t","p2id":"osssie","formatid":"gen9ubers","rating":1090,"private":0,"password":""}