{"id":"gen9ubers-1990182832","p1":"ChiefBlueScreen","p2":"kevinm626813","format":"[Gen 9] Ubers","log":"|j|\u2606ChiefBlueScreen\n|j|\u2606kevinm626813\n|t:|1699934031\n|gametype|singles\n|player|p1|ChiefBlueScreen|scientist-gen4dp|\n|player|p2|kevinm626813|101|\n|teamsize|p1|6\n|teamsize|p2|6\n|gen|9\n|tier|[Gen 9] Ubers\n|rule|Sleep Clause Mod: Limit one foe put to sleep\n|rule|Species Clause: Limit one of each Pok\u00e9mon\n|rule|OHKO Clause: OHKO moves are banned\n|rule|Evasion Items Clause: Evasion items are banned\n|rule|Evasion Moves Clause: Evasion moves are banned\n|rule|Endless Battle Clause: Forcing endless battles is banned\n|rule|HP Percentage Mod: HP is shown in percentages\n|clearpoke\n|poke|p1|Drednaw, M|\n|poke|p1|Azumarill, F|\n|poke|p1|Torkoal, F|\n|poke|p1|Tropius, F|\n|poke|p1|Shiftry, M|\n|poke|p1|Heatran, F|\n|poke|p2|Garchomp, F|\n|poke|p2|Kommo-o, F|\n|poke|p2|Thundurus, M|\n|poke|p2|Corviknight, F|\n|poke|p2|Gengar, F|\n|poke|p2|Tauros-Paldea-Aqua, M|\n|teampreview\n|\n|t:|1699934097\n|start\n|switch|p1a: Torkoal|Torkoal, F|100\/100\n|switch|p2a: Gengar|Gengar, F|100\/100\n|-weather|SunnyDay|[from] ability: Drought|[of] p1a: Torkoal\n|turn|1\n|\n|t:|1699934113\n|switch|p1a: Heatran|Heatran, F|100\/100\n|-item|p1a: Heatran|Air Balloon\n|move|p2a: Gengar|Clear Smog|p1a: Heatran\n|-immune|p1a: Heatran\n|\n|-weather|SunnyDay|[upkeep]\n|upkeep\n|turn|2\n|\n|t:|1699934138\n|switch|p2a: Tauros|Tauros-Paldea-Aqua, M|100\/100\n|-ability|p2a: Tauros|Intimidate|boost\n|-unboost|p1a: Heatran|atk|1\n|move|p1a: Heatran|Earth Power|p2a: Tauros\n|-damage|p2a: Tauros|38\/100\n|\n|-weather|SunnyDay|[upkeep]\n|upkeep\n|turn|3\n|\n|t:|1699934154\n|move|p2a: Tauros|Aqua Jet|p1a: Heatran\n|-supereffective|p1a: Heatran\n|-damage|p1a: Heatran|85\/100\n|-status|p2a: Tauros|brn|[from] ability: Flame Body|[of] p1a: Heatran\n|-enditem|p1a: Heatran|Air Balloon\n|move|p1a: Heatran|Magma Storm|p2a: Tauros\n|-resisted|p2a: Tauros\n|-damage|p2a: Tauros|0 fnt\n|faint|p2a: Tauros\n|\n|-weather|SunnyDay|[upkeep]\n|upkeep\n|\n|t:|1699934187\n|switch|p2a: Thundurus|Thundurus, M|100\/100\n|turn|4\n|\n|t:|1699934220\n|move|p2a: Thundurus|Acrobatics|p1a: Heatran\n|-resisted|p1a: Heatran\n|-damage|p1a: Heatran|67\/100\n|move|p1a: Heatran|Power Gem|p2a: Thundurus\n|-supereffective|p2a: Thundurus\n|-damage|p2a: Thundurus|13\/100\n|\n|-weather|SunnyDay|[upkeep]\n|upkeep\n|turn|5\n|\n|t:|1699934247\n|switch|p2a: Garchomp|Garchomp, F|100\/100\n|move|p1a: Heatran|Power Gem|p2a: Garchomp\n|-resisted|p2a: Garchomp\n|-damage|p2a: Garchomp|84\/100\n|\n|-weather|SunnyDay|[upkeep]\n|upkeep\n|turn|6\n|\n|t:|1699934254\n|move|p2a: Garchomp|Dig||[still]\n|-prepare|p2a: Garchomp|Dig\n|move|p1a: Heatran|Dragon Pulse|p2a: Garchomp|[miss]\n|-miss|p1a: Heatran|p2a: Garchomp\n|\n|-weather|SunnyDay|[upkeep]\n|upkeep\n|turn|7\n|\n|t:|1699934263\n|switch|p1a: Tropius|Tropius, F|100\/100\n|move|p2a: Garchomp|Dig|p1a: Tropius|[from]lockedmove\n|-immune|p1a: Tropius\n|\n|-weather|SunnyDay|[upkeep]\n|upkeep\n|turn|8\n|\n|t:|1699934272\n|switch|p2a: Kommo-o|Kommo-o, F|100\/100\n|move|p1a: Tropius|Leech Seed|p2a: Kommo-o\n|-start|p2a: Kommo-o|move: Leech Seed\n|\n|-weather|none\n|-damage|p2a: Kommo-o|88\/100|[from] Leech Seed|[of] p1a: Tropius\n|upkeep\n|turn|9\n|\n|t:|1699934301\n|-terastallize|p2a: Kommo-o|Dragon\n|move|p2a: Kommo-o|Body Slam|p1a: Tropius\n|-damage|p1a: Tropius|74\/100\n|-status|p1a: Tropius|par\n|cant|p1a: Tropius|par\n|\n|-heal|p1a: Tropius|80\/100 par|[from] item: Leftovers\n|-damage|p2a: Kommo-o|76\/100|[from] Leech Seed|[of] p1a: Tropius\n|-heal|p1a: Tropius|89\/100 par|[silent]\n|upkeep\n|turn|10\n|\n|t:|1699934325\n|move|p2a: Kommo-o|Boomburst|p1a: Tropius\n|-damage|p1a: Tropius|60\/100 par\n|move|p1a: Tropius|Air Slash|p2a: Kommo-o\n|-damage|p2a: Kommo-o|48\/100\n|\n|-heal|p1a: Tropius|67\/100 par|[from] item: Leftovers\n|-damage|p2a: Kommo-o|36\/100|[from] Leech Seed|[of] p1a: Tropius\n|-heal|p1a: Tropius|76\/100 par|[silent]\n|upkeep\n|turn|11\n|\n|t:|1699934336\n|move|p2a: Kommo-o|Body Press|p1a: Tropius\n|-resisted|p1a: Tropius\n|-damage|p1a: Tropius|59\/100 par\n|move|p1a: Tropius|Substitute|p1a: Tropius\n|-start|p1a: Tropius|Substitute\n|-damage|p1a: Tropius|35\/100 par\n|\n|-heal|p1a: Tropius|41\/100 par|[from] item: Leftovers\n|-damage|p2a: Kommo-o|23\/100|[from] Leech Seed|[of] p1a: Tropius\n|-heal|p1a: Tropius|50\/100 par|[silent]\n|upkeep\n|turn|12\n|\n|t:|1699934350\n|switch|p2a: Corviknight|Corviknight, F|100\/100\n|-ability|p2a: Corviknight|Pressure\n|move|p1a: Tropius|Air Slash|p2a: Corviknight\n|-resisted|p2a: Corviknight\n|-damage|p2a: Corviknight|89\/100\n|\n|-heal|p1a: Tropius|56\/100 par|[from] item: Leftovers\n|upkeep\n|turn|13\n|\n|t:|1699934359\n|switch|p1a: Torkoal|Torkoal, F|100\/100\n|-weather|SunnyDay|[from] ability: Drought|[of] p1a: Torkoal\n|move|p2a: Corviknight|Drill Peck|p1a: Torkoal\n|-damage|p1a: Torkoal|74\/100\n|\n|-weather|SunnyDay|[upkeep]\n|upkeep\n|turn|14\n|\n|t:|1699934384\n|switch|p1a: Tropius|Tropius, F|56\/100 par\n|move|p2a: Corviknight|Drill Peck|p1a: Tropius\n|-supereffective|p1a: Tropius\n|-crit|p1a: Tropius\n|-damage|p1a: Tropius|0 fnt\n|faint|p1a: Tropius\n|\n|-weather|SunnyDay|[upkeep]\n|upkeep\n|\n|t:|1699934392\n|switch|p1a: Heatran|Heatran, F|67\/100\n|turn|15\n|\n|t:|1699934395\n|move|p1a: Heatran|Magma Storm|p2a: Corviknight|[miss]\n|-miss|p1a: Heatran|p2a: Corviknight\n|move|p2a: Corviknight|Drill Peck|p1a: Heatran\n|-resisted|p1a: Heatran\n|-damage|p1a: Heatran|53\/100\n|-status|p2a: Corviknight|brn|[from] ability: Flame Body|[of] p1a: Heatran\n|\n|-weather|SunnyDay|[upkeep]\n|-damage|p2a: Corviknight|83\/100 brn|[from] brn\n|upkeep\n|turn|16\n|\n|t:|1699934406\n|switch|p2a: Garchomp|Garchomp, F|84\/100\n|move|p1a: Heatran|Magma Storm|p2a: Garchomp\n|-resisted|p2a: Garchomp\n|-damage|p2a: Garchomp|40\/100\n|-activate|p2a: Garchomp|move: Magma Storm|[of] p1a: Heatran\n|\n|-weather|SunnyDay|[upkeep]\n|-damage|p2a: Garchomp|28\/100|[from] move: Magma Storm|[partiallytrapped]\n|upkeep\n|turn|17\n|\n|t:|1699934420\n|move|p2a: Garchomp|Dig||[still]\n|-prepare|p2a: Garchomp|Dig\n|move|p1a: Heatran|Earth Power|p2a: Garchomp|[miss]\n|-miss|p1a: Heatran|p2a: Garchomp\n|\n|-weather|SunnyDay|[upkeep]\n|-damage|p2a: Garchomp|16\/100|[from] move: Magma Storm|[partiallytrapped]\n|upkeep\n|turn|18\n|\n|t:|1699934432\n|switch|p1a: Shiftry|Shiftry, M|100\/100\n|move|p2a: Garchomp|Dig|p1a: Shiftry|[from]lockedmove\n|-resisted|p1a: Shiftry\n|-damage|p1a: Shiftry|48\/100\n|\n|-weather|SunnyDay|[upkeep]\n|-end|p2a: Garchomp|Magma Storm|[partiallytrapped]|[silent]\n|upkeep\n|turn|19\n|\n|t:|1699934442\n|move|p1a: Shiftry|Dark Pulse|p2a: Garchomp\n|-damage|p2a: Garchomp|0 fnt\n|faint|p2a: Garchomp\n|\n|-weather|SunnyDay|[upkeep]\n|upkeep\n|\n|t:|1699934452\n|switch|p2a: Thundurus|Thundurus, M|13\/100\n|turn|20\n|\n|t:|1699934461\n|move|p2a: Thundurus|Agility|p2a: Thundurus\n|-boost|p2a: Thundurus|spe|2\n|move|p1a: Shiftry|Dark Pulse|p2a: Thundurus\n|-damage|p2a: Thundurus|0 fnt\n|faint|p2a: Thundurus\n|\n|-weather|none\n|upkeep\n|\n|t:|1699934471\n|switch|p2a: Gengar|Gengar, F|100\/100\n|turn|21\n|\n|t:|1699934483\n|move|p2a: Gengar|Dazzling Gleam|p1a: Shiftry\n|-supereffective|p1a: Shiftry\n|-crit|p1a: Shiftry\n|-damage|p1a: Shiftry|0 fnt\n|faint|p1a: Shiftry\n|\n|upkeep\n|\n|t:|1699934490\n|switch|p1a: Heatran|Heatran, F|53\/100\n|turn|22\n|\n|t:|1699934494\n|move|p2a: Gengar|Dazzling Gleam|p1a: Heatran\n|-resisted|p1a: Heatran\n|-damage|p1a: Heatran|43\/100\n|move|p1a: Heatran|Earth Power|p2a: Gengar\n|-supereffective|p2a: Gengar\n|-damage|p2a: Gengar|0 fnt\n|-start|p1a: Heatran|Disable|Earth Power|[from] ability: Cursed Body|[of] p2a: Gengar\n|faint|p2a: Gengar\n|\n|upkeep\n|\n|t:|1699934503\n|switch|p2a: Corviknight|Corviknight, F|83\/100 brn\n|-ability|p2a: Corviknight|Pressure\n|turn|23\n|\n|t:|1699934508\n|move|p1a: Heatran|Magma Storm|p2a: Corviknight\n|-supereffective|p2a: Corviknight\n|-damage|p2a: Corviknight|0 fnt\n|faint|p2a: Corviknight\n|\n|upkeep\n|\n|t:|1699934512\n|switch|p2a: Kommo-o|Kommo-o, F, tera:Dragon|23\/100\n|turn|24\n|\n|t:|1699934515\n|move|p2a: Kommo-o|Body Press|p1a: Heatran\n|-supereffective|p1a: Heatran\n|-damage|p1a: Heatran|0 fnt\n|-status|p2a: Kommo-o|brn|[from] ability: Flame Body|[of] p1a: Heatran\n|faint|p1a: Heatran\n|\n|-damage|p2a: Kommo-o|17\/100 brn|[from] brn\n|upkeep\n|\n|t:|1699934524\n|switch|p1a: Azumarill|Azumarill, F|100\/100\n|turn|25\n|\n|t:|1699934531\n|move|p1a: Azumarill|Aqua Jet|p2a: Kommo-o\n|-resisted|p2a: Kommo-o\n|-damage|p2a: Kommo-o|6\/100 brn\n|move|p2a: Kommo-o|Body Press|p1a: Azumarill\n|-resisted|p1a: Azumarill\n|-damage|p1a: Azumarill|92\/100\n|\n|-heal|p1a: Azumarill|98\/100|[from] item: Leftovers\n|-damage|p2a: Kommo-o|0 fnt|[from] brn\n|faint|p2a: Kommo-o\n|\n|win|ChiefBlueScreen\n|upkeep\n","uploadtime":1699934543,"views":18,"p1id":"chiefbluescreen","p2id":"kevinm626813","formatid":"gen9ubers","rating":0,"private":0,"password":""}