{"id":"gen9ubers-1999324271","p1":"DaModSquad","p2":"So Threatening","format":"[Gen 9] Ubers","log":"|j|\u2606DaModSquad\n|j|\u2606So Threatening\n|t:|1701060445\n|gametype|singles\n|player|p1|DaModSquad|backers|\n|player|p2|So Threatening|caitlin|\n|teamsize|p1|6\n|teamsize|p2|6\n|gen|9\n|tier|[Gen 9] Ubers\n|rule|Sleep Clause Mod: Limit one foe put to sleep\n|rule|Species Clause: Limit one of each Pok\u00e9mon\n|rule|OHKO Clause: OHKO moves are banned\n|rule|Evasion Items Clause: Evasion items are banned\n|rule|Evasion Moves Clause: Evasion moves are banned\n|rule|Endless Battle Clause: Forcing endless battles is banned\n|rule|HP Percentage Mod: HP is shown in percentages\n|clearpoke\n|poke|p1|Hariyama, M|\n|poke|p1|Articuno-Galar|\n|poke|p1|Ogerpon-Wellspring, F|\n|poke|p1|Sneasler, M|\n|poke|p1|Sandaconda, F|\n|poke|p1|Morpeko, F|\n|poke|p2|Zamazenta-*|\n|poke|p2|Sandy Shocks|\n|poke|p2|Avalugg, M|\n|poke|p2|Talonflame, F|\n|poke|p2|Alomomola, M|\n|poke|p2|Wo-Chien|\n|teampreview\n|c|\u2606DaModSquad|zenta is ass\n|c|\u2606So Threatening|rude\n|\n|t:|1701060568\n|start\n|switch|p1a: Sneasler|Sneasler, M|100\/100\n|switch|p2a: SANDY CROCS|Sandy Shocks|100\/100\n|turn|1\n|\n|t:|1701060584\n|move|p1a: Sneasler|Fake Out|p2a: SANDY CROCS\n|-damage|p2a: SANDY CROCS|84\/100\n|cant|p2a: SANDY CROCS|flinch\n|\n|-heal|p2a: SANDY CROCS|90\/100|[from] item: Leftovers\n|upkeep\n|turn|2\n|\n|t:|1701060612\n|move|p1a: Sneasler|U-turn|p2a: SANDY CROCS\n|-damage|p2a: SANDY CROCS|63\/100\n|\n|t:|1701060615\n|switch|p1a: Sandaconda|Sandaconda, F|100\/100|[from] U-turn\n|move|p2a: SANDY CROCS|Earth Power|p1a: Sandaconda\n|-damage|p1a: Sandaconda|39\/100\n|\n|-heal|p2a: SANDY CROCS|69\/100|[from] item: Leftovers\n|upkeep\n|turn|3\n|\n|t:|1701060654\n|-end|p2a: SANDY CROCS|Protosynthesis|[silent]\n|switch|p2a: Alo Vera|Alomomola, M|100\/100\n|move|p1a: Sandaconda|Stealth Rock|p2a: Alo Vera\n|-sidestart|p2: So Threatening|move: Stealth Rock\n|\n|upkeep\n|turn|4\n|\n|t:|1701060665\n|switch|p2a: Luggma|Avalugg, M|100\/100\n|move|p1a: Sandaconda|Rest|p1a: Sandaconda\n|-status|p1a: Sandaconda|slp|[from] move: Rest\n|-heal|p1a: Sandaconda|100\/100 slp|[silent]\n|\n|upkeep\n|turn|5\n|\n|t:|1701060706\n|cant|p1a: Sandaconda|slp\n|move|p2a: Luggma|Rapid Spin|p1a: Sandaconda\n|-damage|p1a: Sandaconda|92\/100 slp\n|-boost|p2a: Luggma|spe|1\n|-damage|p2a: Luggma|84\/100|[from] item: Rocky Helmet|[of] p1a: Sandaconda\n|-sideend|p2: So Threatening|Stealth Rock|[from] move: Rapid Spin|[of] p2a: Luggma\n|\n|upkeep\n|turn|6\n|\n|t:|1701060727\n|cant|p1a: Sandaconda|slp\n|move|p2a: Luggma|Avalanche|p1a: Sandaconda\n|-supereffective|p1a: Sandaconda\n|-damage|p1a: Sandaconda|63\/100 slp\n|-damage|p2a: Luggma|68\/100|[from] item: Rocky Helmet|[of] p1a: Sandaconda\n|\n|-activate|p1a: Sandaconda|ability: Shed Skin\n|-curestatus|p1a: Sandaconda|slp|[msg]\n|upkeep\n|turn|7\n|\n|t:|1701060737\n|move|p1a: Sandaconda|Stealth Rock|p2a: Luggma\n|-sidestart|p2: So Threatening|move: Stealth Rock\n|move|p2a: Luggma|Recover|p2a: Luggma\n|-heal|p2a: Luggma|100\/100\n|\n|upkeep\n|turn|8\n|\n|t:|1701060756\n|move|p1a: Sandaconda|Iron Defense|p1a: Sandaconda\n|-boost|p1a: Sandaconda|def|2\n|move|p2a: Luggma|Rapid Spin|p1a: Sandaconda\n|-damage|p1a: Sandaconda|59\/100\n|-boost|p2a: Luggma|spe|1\n|-damage|p2a: Luggma|84\/100|[from] item: Rocky Helmet|[of] p1a: Sandaconda\n|-sideend|p2: So Threatening|Stealth Rock|[from] move: Rapid Spin|[of] p2a: Luggma\n|\n|upkeep\n|turn|9\n|\n|t:|1701060764\n|switch|p2a: Alo Vera|Alomomola, M|100\/100\n|move|p1a: Sandaconda|Stealth Rock|p2a: Alo Vera\n|-sidestart|p2: So Threatening|move: Stealth Rock\n|\n|upkeep\n|turn|10\n|\n|t:|1701060783\n|switch|p1a: Ogerpon|Ogerpon-Wellspring, F|100\/100\n|move|p2a: Alo Vera|Wish|p2a: Alo Vera\n|\n|upkeep\n|turn|11\n|\n|t:|1701060799\n|switch|p2a: Luggma|Avalugg, M|84\/100\n|move|p1a: Ogerpon|Substitute|p1a: Ogerpon\n|-start|p1a: Ogerpon|Substitute\n|-damage|p1a: Ogerpon|76\/100\n|\n|-heal|p2a: Luggma|100\/100|[from] move: Wish|[wisher] Alo Vera\n|upkeep\n|turn|12\n|\n|t:|1701060831\n|move|p1a: Ogerpon|Swords Dance|p1a: Ogerpon\n|-boost|p1a: Ogerpon|atk|2\n|move|p2a: Luggma|Body Press|p1a: Ogerpon\n|-end|p1a: Ogerpon|Substitute\n|\n|upkeep\n|turn|13\n|\n|t:|1701060870\n|move|p1a: Ogerpon|Ivy Cudgel|p2a: Luggma|[anim] Ivy Cudgel Water\n|-damage|p2a: Luggma|50\/100\n|move|p2a: Luggma|Body Press|p1a: Ogerpon\n|-damage|p1a: Ogerpon|25\/100\n|\n|upkeep\n|turn|14\n|\n|t:|1701060885\n|switch|p2a: Alo Vera|Alomomola, M|100\/100\n|-damage|p2a: Alo Vera|88\/100|[from] Stealth Rock\n|move|p1a: Ogerpon|Ivy Cudgel|p2a: Alo Vera|[anim] Ivy Cudgel Water\n|-resisted|p2a: Alo Vera\n|-damage|p2a: Alo Vera|58\/100\n|\n|upkeep\n|turn|15\n|\n|t:|1701060909\n|switch|p2a: snel|Wo-Chien|100\/100\n|-damage|p2a: snel|88\/100|[from] Stealth Rock\n|-ability|p2a: snel|Tablets of Ruin\n|move|p1a: Ogerpon|Ivy Cudgel|p2a: snel|[anim] Ivy Cudgel Water\n|-resisted|p2a: snel\n|-crit|p2a: snel\n|-damage|p2a: snel|34\/100\n|\n|-heal|p2a: snel|41\/100|[from] item: Leftovers\n|upkeep\n|turn|16\n|\n|t:|1701060990\n|switch|p1a: Sneasler|Sneasler, M|100\/100\n|move|p2a: snel|Power Whip|p1a: Sneasler\n|-resisted|p1a: Sneasler\n|-damage|p1a: Sneasler|71\/100\n|\n|-heal|p2a: snel|47\/100|[from] item: Leftovers\n|upkeep\n|turn|17\n|\n|t:|1701061056\n|switch|p2a: Alo Vera|Alomomola, M|92\/100\n|-damage|p2a: Alo Vera|79\/100|[from] Stealth Rock\n|move|p1a: Sneasler|Dire Claw|p2a: Alo Vera\n|-damage|p2a: Alo Vera|56\/100\n|-status|p2a: Alo Vera|psn\n|\n|-damage|p2a: Alo Vera|44\/100 psn|[from] psn\n|upkeep\n|turn|18\n|\n|t:|1701061088\n|move|p1a: Sneasler|U-turn|p2a: Alo Vera\n|-damage|p2a: Alo Vera|30\/100 psn\n|\n|t:|1701061090\n|switch|p1a: Ogerpon|Ogerpon-Wellspring, F|25\/100|[from] U-turn\n|move|p2a: Alo Vera|Flip Turn|p1a: Ogerpon\n|-heal|p1a: Ogerpon|49\/100|[from] ability: Water Absorb|[of] p2a: Alo Vera\n|\n|-damage|p2a: Alo Vera|17\/100 psn|[from] psn\n|upkeep\n|turn|19\n|\n|t:|1701061149\n|move|p1a: Ogerpon|Ivy Cudgel|p2a: Alo Vera|[anim] Ivy Cudgel Water\n|-resisted|p2a: Alo Vera\n|-damage|p2a: Alo Vera|3\/100 psn\n|move|p2a: Alo Vera|Wish|p2a: Alo Vera\n|\n|-damage|p2a: Alo Vera|0 fnt|[from] psn\n|faint|p2a: Alo Vera\n|upkeep\n|\n|t:|1701061166\n|switch|p2a: No Ghosts?|Zamazenta-Crowned|100\/100\n|-damage|p2a: No Ghosts?|98\/100|[from] Stealth Rock\n|-ability|p2a: No Ghosts?|Dauntless Shield|boost\n|-boost|p2a: No Ghosts?|def|1\n|turn|20\n|\n|t:|1701061241\n|switch|p1a: Articuno|Articuno-Galar|100\/100\n|move|p2a: No Ghosts?|Iron Defense|p2a: No Ghosts?\n|-boost|p2a: No Ghosts?|def|2\n|\n|-heal|p2a: No Ghosts?|100\/100|[from] move: Wish|[wisher] Alo Vera\n|upkeep\n|turn|21\n|c|\u2606So Threatening|lol\n|c|\u2606So Threatening|wow\n|c|\u2606So Threatening|i fucked up\n|\n|t:|1701061265\n|move|p2a: No Ghosts?|Heavy Slam|p1a: Articuno\n|-damage|p1a: Articuno|57\/100\n|move|p1a: Articuno|Calm Mind|p1a: Articuno\n|-boost|p1a: Articuno|spa|1\n|-boost|p1a: Articuno|spd|1\n|\n|upkeep\n|turn|22\n|\n|t:|1701061274\n|move|p2a: No Ghosts?|Body Slam|p1a: Articuno\n|-damage|p1a: Articuno|37\/100\n|-status|p1a: Articuno|par\n|move|p1a: Articuno|Recover|p1a: Articuno\n|-heal|p1a: Articuno|87\/100 par\n|\n|upkeep\n|turn|23\n|c|\u2606So Threatening|dont build ur team in 15 minutes\n|\n|t:|1701061303\n|-terastallize|p1a: Articuno|Fighting\n|move|p2a: No Ghosts?|Heavy Slam|p1a: Articuno\n|-damage|p1a: Articuno|43\/100 par\n|move|p1a: Articuno|Tera Blast|p2a: No Ghosts?|[anim] Tera Blast Fighting\n|-supereffective|p2a: No Ghosts?\n|-damage|p2a: No Ghosts?|30\/100\n|\n|upkeep\n|turn|24\n|\n|t:|1701061350\n|move|p2a: No Ghosts?|Heavy Slam|p1a: Articuno\n|-damage|p1a: Articuno|0 fnt\n|faint|p1a: Articuno\n|\n|upkeep\n|\n|t:|1701061358\n|switch|p1a: Sandaconda|Sandaconda, F|59\/100\n|turn|25\n|\n|t:|1701061396\n|switch|p2a: Luggma|Avalugg, M|50\/100\n|move|p1a: Sandaconda|Iron Defense|p1a: Sandaconda\n|-boost|p1a: Sandaconda|def|2\n|\n|upkeep\n|turn|26\n|\n|t:|1701061407\n|move|p1a: Sandaconda|Body Press|p2a: Luggma\n|-supereffective|p2a: Luggma\n|-damage|p2a: Luggma|2\/100\n|move|p2a: Luggma|Rapid Spin|p1a: Sandaconda\n|-damage|p1a: Sandaconda|54\/100\n|-boost|p2a: Luggma|spe|1\n|-damage|p2a: Luggma|0 fnt|[from] item: Rocky Helmet|[of] p1a: Sandaconda\n|faint|p2a: Luggma\n|\n|upkeep\n|\n|t:|1701061410\n|switch|p2a: snel|Wo-Chien|47\/100\n|-damage|p2a: snel|34\/100|[from] Stealth Rock\n|-ability|p2a: snel|Tablets of Ruin\n|turn|27\n|\n|t:|1701061460\n|-terastallize|p2a: snel|Flying\n|move|p2a: snel|Leech Seed|p1a: Sandaconda\n|-start|p1a: Sandaconda|move: Leech Seed\n|move|p1a: Sandaconda|Body Press|p2a: snel\n|-resisted|p2a: snel\n|-damage|p2a: snel|15\/100\n|\n|-heal|p2a: snel|21\/100|[from] item: Leftovers\n|-damage|p1a: Sandaconda|42\/100|[from] Leech Seed|[of] p2a: snel\n|-heal|p2a: snel|33\/100|[silent]\n|upkeep\n|turn|28\n|\n|t:|1701061490\n|move|p1a: Sandaconda|Rest|p1a: Sandaconda\n|-status|p1a: Sandaconda|slp|[from] move: Rest\n|-heal|p1a: Sandaconda|100\/100 slp|[silent]\n|move|p2a: snel|Substitute|p2a: snel\n|-start|p2a: snel|Substitute\n|-damage|p2a: snel|8\/100\n|\n|-heal|p2a: snel|14\/100|[from] item: Leftovers\n|-damage|p1a: Sandaconda|88\/100 slp|[from] Leech Seed|[of] p2a: snel\n|-heal|p2a: snel|25\/100|[silent]\n|upkeep\n|turn|29\n|\n|t:|1701061512\n|switch|p1a: Morpeko|Morpeko, F|100\/100\n|move|p2a: snel|Knock Off|p1a: Morpeko\n|-resisted|p1a: Morpeko\n|-damage|p1a: Morpeko|76\/100\n|-enditem|p1a: Morpeko|Heavy-Duty Boots|[from] move: Knock Off|[of] p2a: snel\n|\n|-heal|p2a: snel|32\/100|[from] item: Leftovers\n|-formechange|p1a: Morpeko|Morpeko-Hangry||[from] ability: Hunger Switch\n|upkeep\n|turn|30\n|\n|t:|1701061527\n|move|p1a: Morpeko|Knock Off|p2a: snel\n|-activate|p2a: snel|move: Substitute|[damage]\n|move|p2a: snel|Leech Seed|p1a: Morpeko\n|-start|p1a: Morpeko|move: Leech Seed\n|\n|-heal|p2a: snel|38\/100|[from] item: Leftovers\n|-damage|p1a: Morpeko|64\/100|[from] Leech Seed|[of] p2a: snel\n|-heal|p2a: snel|48\/100|[silent]\n|-formechange|p1a: Morpeko|Morpeko||[from] ability: Hunger Switch\n|upkeep\n|turn|31\n|\n|t:|1701061537\n|move|p1a: Morpeko|Rapid Spin|p2a: snel\n|-end|p2a: snel|Substitute\n|-end|p1a: Morpeko|Leech Seed|[from] move: Rapid Spin|[of] p1a: Morpeko\n|-boost|p1a: Morpeko|spe|1\n|move|p2a: snel|Substitute|p2a: snel\n|-start|p2a: snel|Substitute\n|-damage|p2a: snel|23\/100\n|\n|-heal|p2a: snel|30\/100|[from] item: Leftovers\n|-formechange|p1a: Morpeko|Morpeko-Hangry||[from] ability: Hunger Switch\n|upkeep\n|turn|32\n|\n|t:|1701061550\n|switch|p1a: Ogerpon|Ogerpon-Wellspring, F|49\/100\n|move|p2a: snel|Leech Seed|p1a: Ogerpon\n|-immune|p1a: Ogerpon\n|\n|-heal|p2a: snel|36\/100|[from] item: Leftovers\n|upkeep\n|turn|33\n|\n|t:|1701061560\n|move|p1a: Ogerpon|Ivy Cudgel|p2a: snel|[anim] Ivy Cudgel Water\n|-end|p2a: snel|Substitute\n|move|p2a: snel|Power Whip|p1a: Ogerpon\n|-damage|p1a: Ogerpon|6\/100\n|\n|-heal|p2a: snel|42\/100|[from] item: Leftovers\n|upkeep\n|turn|34\n|\n|t:|1701061568\n|move|p1a: Ogerpon|Ivy Cudgel|p2a: snel|[anim] Ivy Cudgel Water\n|-damage|p2a: snel|4\/100\n|move|p2a: snel|Knock Off|p1a: Ogerpon\n|-damage|p1a: Ogerpon|0 fnt\n|faint|p1a: Ogerpon\n|\n|-heal|p2a: snel|10\/100|[from] item: Leftovers\n|upkeep\n|\n|t:|1701061592\n|switch|p1a: Sneasler|Sneasler, M|71\/100\n|turn|35\n|\n|t:|1701061597\n|move|p1a: Sneasler|Fake Out|p2a: snel\n|-damage|p2a: snel|1\/100\n|-status|p2a: snel|psn|[from] ability: Poison Touch|[of] p1a: Sneasler\n|cant|p2a: snel|flinch\n|\n|-heal|p2a: snel|7\/100 psn|[from] item: Leftovers\n|-damage|p2a: snel|0 fnt|[from] psn\n|faint|p2a: snel\n|upkeep\n|\n|t:|1701061600\n|switch|p2a: I am Speed|Talonflame, F|100\/100\n|turn|36\n|\n|t:|1701061617\n|switch|p1a: Sandaconda|Sandaconda, F|88\/100 slp\n|move|p2a: I am Speed|U-turn|p1a: Sandaconda\n|-damage|p1a: Sandaconda|77\/100 slp\n|-damage|p2a: I am Speed|84\/100|[from] item: Rocky Helmet|[of] p1a: Sandaconda\n|\n|t:|1701061620\n|switch|p2a: SANDY CROCS|Sandy Shocks|69\/100|[from] U-turn\n|-damage|p2a: SANDY CROCS|63\/100|[from] Stealth Rock\n|\n|-heal|p2a: SANDY CROCS|69\/100|[from] item: Leftovers\n|upkeep\n|turn|37\n|\n|t:|1701061633\n|switch|p1a: Morpeko|Morpeko, F|64\/100\n|move|p2a: SANDY CROCS|Earth Power|p1a: Morpeko\n|-supereffective|p1a: Morpeko\n|-damage|p1a: Morpeko|0 fnt\n|faint|p1a: Morpeko\n|\n|-heal|p2a: SANDY CROCS|75\/100|[from] item: Leftovers\n|upkeep\n|\n|t:|1701061650\n|switch|p1a: Hariyama|Hariyama, M|100\/100\n|turn|38\n|\n|t:|1701061658\n|move|p2a: SANDY CROCS|Volt Switch|p1a: Hariyama\n|-damage|p1a: Hariyama|69\/100\n|\n|t:|1701061662\n|-end|p2a: SANDY CROCS|Protosynthesis|[silent]\n|switch|p2a: I am Speed|Talonflame, F|84\/100|[from] Volt Switch\n|move|p1a: Hariyama|Bulk Up|p1a: Hariyama\n|-boost|p1a: Hariyama|atk|1\n|-boost|p1a: Hariyama|def|1\n|\n|-heal|p1a: Hariyama|75\/100|[from] item: Leftovers\n|upkeep\n|turn|39\n|\n|t:|1701061671\n|move|p2a: I am Speed|Brave Bird|p1a: Hariyama\n|-supereffective|p1a: Hariyama\n|-damage|p1a: Hariyama|22\/100\n|-damage|p2a: I am Speed|60\/100|[from] Recoil\n|move|p1a: Hariyama|Rock Slide|p2a: I am Speed\n|-supereffective|p2a: I am Speed\n|-damage|p2a: I am Speed|0 fnt\n|faint|p2a: I am Speed\n|\n|-heal|p1a: Hariyama|28\/100|[from] item: Leftovers\n|upkeep\n|\n|t:|1701061675\n|switch|p2a: SANDY CROCS|Sandy Shocks|75\/100\n|-damage|p2a: SANDY CROCS|69\/100|[from] Stealth Rock\n|turn|40\n|\n|t:|1701061695\n|move|p2a: SANDY CROCS|Earth Power|p1a: Hariyama\n|-damage|p1a: Hariyama|0 fnt\n|faint|p1a: Hariyama\n|\n|-heal|p2a: SANDY CROCS|75\/100|[from] item: Leftovers\n|upkeep\n|\n|t:|1701061705\n|switch|p1a: Sneasler|Sneasler, M|71\/100\n|turn|41\n|\n|t:|1701061751\n|move|p1a: Sneasler|Fake Out|p2a: SANDY CROCS\n|-damage|p2a: SANDY CROCS|58\/100\n|cant|p2a: SANDY CROCS|flinch\n|\n|-heal|p2a: SANDY CROCS|64\/100|[from] item: Leftovers\n|upkeep\n|turn|42\n|\n|t:|1701061817\n|move|p1a: Sneasler|Close Combat|p2a: SANDY CROCS\n|-damage|p2a: SANDY CROCS|0 fnt\n|-unboost|p1a: Sneasler|def|1\n|-unboost|p1a: Sneasler|spd|1\n|faint|p2a: SANDY CROCS\n|-end|p2a: SANDY CROCS|Protosynthesis|[silent]\n|\n|upkeep\n|\n|t:|1701061821\n|switch|p2a: No Ghosts?|Zamazenta-Crowned|30\/100\n|-damage|p2a: No Ghosts?|27\/100|[from] Stealth Rock\n|turn|43\n|c|\u2606So Threatening|gg\n|\n|t:|1701061860\n|switch|p1a: Sandaconda|Sandaconda, F|77\/100 slp\n|move|p2a: No Ghosts?|Heavy Slam|p1a: Sandaconda\n|-damage|p1a: Sandaconda|42\/100 slp\n|-damage|p2a: No Ghosts?|10\/100|[from] item: Rocky Helmet|[of] p1a: Sandaconda\n|\n|upkeep\n|turn|44\n|\n|t:|1701061867\n|move|p2a: No Ghosts?|Heavy Slam|p1a: Sandaconda\n|-damage|p1a: Sandaconda|5\/100 slp\n|-damage|p2a: No Ghosts?|0 fnt|[from] item: Rocky Helmet|[of] p1a: Sandaconda\n|faint|p2a: No Ghosts?\n|\n|win|DaModSquad\n|c|\u2606DaModSquad|ggs\n","uploadtime":1701061874,"views":40,"p1id":"damodsquad","p2id":"sothreatening","formatid":"gen9ubers","rating":0,"private":0,"password":""}