{"id":"gen9ubers-1973209452","p1":"Electricratman","p2":"kzxnepai","format":"[Gen 9] Ubers","log":"|j|\u2606Electricratman\n|j|\u2606kzxnepai\n|t:|1697939726\n|gametype|singles\n|player|p1|Electricratman|266|1127\n|player|p2|kzxnepai|1|1026\n|teamsize|p1|6\n|teamsize|p2|6\n|gen|9\n|tier|[Gen 9] Ubers\n|rated|\n|rule|Sleep Clause Mod: Limit one foe put to sleep\n|rule|Species Clause: Limit one of each Pok\u00e9mon\n|rule|OHKO Clause: OHKO moves are banned\n|rule|Evasion Items Clause: Evasion items are banned\n|rule|Evasion Moves Clause: Evasion moves are banned\n|rule|Endless Battle Clause: Forcing endless battles is banned\n|rule|HP Percentage Mod: HP is shown in percentages\n|clearpoke\n|poke|p1|Weezing-Galar, F|\n|poke|p1|Leavanny, F|\n|poke|p1|Charizard, F|\n|poke|p1|Magearna|\n|poke|p1|Rillaboom, M|\n|poke|p1|Hawlucha, M|\n|poke|p2|Krookodile, M|\n|poke|p2|Tyranitar, F|\n|poke|p2|Gliscor, M|\n|poke|p2|Rillaboom, F|\n|poke|p2|Zapdos|\n|poke|p2|Spectrier|\n|teampreview\n|\n|t:|1697939748\n|start\n|switch|p1a: Leavanny|Leavanny, F|100\/100\n|switch|p2a: Gliscor|Gliscor, M, shiny|100\/100\n|turn|1\n|\n|t:|1697939758\n|move|p2a: Gliscor|Stealth Rock|p1a: Leavanny\n|-sidestart|p1: Electricratman|move: Stealth Rock\n|move|p1a: Leavanny|Sunny Day|p1a: Leavanny\n|-weather|SunnyDay\n|\n|-weather|SunnyDay|[upkeep]\n|-status|p2a: Gliscor|tox|[from] item: Toxic Orb\n|upkeep\n|turn|2\n|\n|t:|1697939776\n|switch|p1a: Weezing|Weezing-Galar, F|100\/100\n|-ability|p1a: Weezing|Neutralizing Gas\n|move|p2a: Gliscor|Earthquake|p1a: Weezing\n|-supereffective|p1a: Weezing\n|-damage|p1a: Weezing|34\/100\n|\n|-weather|SunnyDay|[upkeep]\n|-damage|p2a: Gliscor|94\/100 tox|[from] psn\n|upkeep\n|turn|3\n|\n|t:|1697939789\n|move|p2a: Gliscor|Earthquake|p1a: Weezing\n|-supereffective|p1a: Weezing\n|-damage|p1a: Weezing|0 fnt\n|faint|p1a: Weezing\n|-end|p1a: Weezing|ability: Neutralizing Gas\n|\n|-weather|SunnyDay|[upkeep]\n|-heal|p2a: Gliscor|100\/100 tox|[from] ability: Poison Heal\n|upkeep\n|\n|t:|1697939814\n|switch|p1a: Charizard|Charizard, F|100\/100\n|-damage|p1a: Charizard|51\/100|[from] Stealth Rock\n|turn|4\n|\n|t:|1697939824\n|move|p1a: Charizard|Flamethrower|p2a: Gliscor\n|-damage|p2a: Gliscor|0 fnt\n|faint|p2a: Gliscor\n|\n|-weather|SunnyDay|[upkeep]\n|-damage|p1a: Charizard|38\/100|[from] ability: Solar Power|[of] p1a: Charizard\n|upkeep\n|\n|t:|1697939840\n|switch|p2a: Tyranitar|Tyranitar, F, shiny|100\/100\n|-weather|Sandstorm|[from] ability: Sand Stream|[of] p2a: Tyranitar\n|turn|5\n|\n|t:|1697939857\n|move|p1a: Charizard|Flamethrower|p2a: Tyranitar\n|-resisted|p2a: Tyranitar\n|-damage|p2a: Tyranitar|90\/100\n|move|p2a: Tyranitar|Dragon Dance|p2a: Tyranitar\n|-boost|p2a: Tyranitar|atk|1\n|-boost|p2a: Tyranitar|spe|1\n|\n|-weather|Sandstorm|[upkeep]\n|-damage|p1a: Charizard|32\/100|[from] Sandstorm\n|upkeep\n|turn|6\n|\n|t:|1697939866\n|move|p1a: Charizard|Flamethrower|p2a: Tyranitar\n|-resisted|p2a: Tyranitar\n|-damage|p2a: Tyranitar|80\/100\n|move|p2a: Tyranitar|Dragon Dance|p2a: Tyranitar\n|-boost|p2a: Tyranitar|atk|1\n|-boost|p2a: Tyranitar|spe|1\n|\n|-weather|Sandstorm|[upkeep]\n|-damage|p1a: Charizard|26\/100|[from] Sandstorm\n|upkeep\n|turn|7\n|\n|t:|1697939875\n|move|p1a: Charizard|Flamethrower|p2a: Tyranitar\n|-resisted|p2a: Tyranitar\n|-damage|p2a: Tyranitar|70\/100\n|-status|p2a: Tyranitar|brn\n|move|p2a: Tyranitar|Dragon Dance|p2a: Tyranitar\n|-boost|p2a: Tyranitar|atk|1\n|-boost|p2a: Tyranitar|spe|1\n|\n|-weather|Sandstorm|[upkeep]\n|-damage|p1a: Charizard|20\/100|[from] Sandstorm\n|-damage|p2a: Tyranitar|64\/100 brn|[from] brn\n|upkeep\n|turn|8\n|\n|t:|1697939887\n|move|p1a: Charizard|Flamethrower|p2a: Tyranitar\n|-resisted|p2a: Tyranitar\n|-damage|p2a: Tyranitar|54\/100 brn\n|move|p2a: Tyranitar|Dragon Dance|p2a: Tyranitar\n|-boost|p2a: Tyranitar|atk|1\n|-boost|p2a: Tyranitar|spe|1\n|\n|-weather|Sandstorm|[upkeep]\n|-damage|p1a: Charizard|14\/100|[from] Sandstorm\n|-damage|p2a: Tyranitar|48\/100 brn|[from] brn\n|upkeep\n|turn|9\n|\n|t:|1697939903\n|move|p1a: Charizard|Flamethrower|p2a: Tyranitar\n|-resisted|p2a: Tyranitar\n|-damage|p2a: Tyranitar|38\/100 brn\n|move|p2a: Tyranitar|Dragon Dance|p2a: Tyranitar\n|-boost|p2a: Tyranitar|atk|1\n|-boost|p2a: Tyranitar|spe|1\n|\n|-weather|none\n|-damage|p2a: Tyranitar|32\/100 brn|[from] brn\n|upkeep\n|turn|10\n|\n|t:|1697939914\n|move|p2a: Tyranitar|Dragon Dance|p2a: Tyranitar\n|-boost|p2a: Tyranitar|atk|1\n|-boost|p2a: Tyranitar|spe|1\n|move|p1a: Charizard|Flamethrower|p2a: Tyranitar\n|-resisted|p2a: Tyranitar\n|-crit|p2a: Tyranitar\n|-damage|p2a: Tyranitar|8\/100 brn\n|\n|-damage|p2a: Tyranitar|2\/100 brn|[from] brn\n|upkeep\n|turn|11\n|\n|t:|1697939924\n|move|p1a: Charizard|Flamethrower|p2a: Tyranitar\n|-resisted|p2a: Tyranitar\n|-damage|p2a: Tyranitar|0 fnt\n|faint|p2a: Tyranitar\n|\n|upkeep\n|\n|t:|1697939938\n|switch|p2a: Spectrier|Spectrier|100\/100\n|turn|12\n|\n|t:|1697939943\n|move|p1a: Charizard|Flamethrower|p2a: Spectrier\n|-damage|p2a: Spectrier|51\/100\n|move|p2a: Spectrier|Shadow Ball|p1a: Charizard\n|-damage|p1a: Charizard|0 fnt\n|faint|p1a: Charizard\n|-ability|p2a: Spectrier|Grim Neigh|boost\n|-boost|p2a: Spectrier|spa|1\n|\n|-heal|p2a: Spectrier|58\/100|[from] item: Leftovers\n|upkeep\n|\n|t:|1697939988\n|switch|p1a: Rillaboom|Rillaboom, M|100\/100\n|-damage|p1a: Rillaboom|88\/100|[from] Stealth Rock\n|-fieldstart|move: Grassy Terrain|[from] ability: Grassy Surge|[of] p1a: Rillaboom\n|turn|13\n|\n|t:|1697940011\n|move|p2a: Spectrier|Psychic|p1a: Rillaboom\n|-crit|p1a: Rillaboom\n|-damage|p1a: Rillaboom|0 fnt\n|faint|p1a: Rillaboom\n|-ability|p2a: Spectrier|Grim Neigh|boost\n|-boost|p2a: Spectrier|spa|1\n|\n|-heal|p2a: Spectrier|64\/100|[from] Grassy Terrain\n|-heal|p2a: Spectrier|70\/100|[from] item: Leftovers\n|upkeep\n|\n|t:|1697940028\n|switch|p1a: Hawlucha|Hawlucha, M, shiny|100\/100\n|-damage|p1a: Hawlucha|88\/100|[from] Stealth Rock\n|-enditem|p1a: Hawlucha|Grassy Seed\n|-boost|p1a: Hawlucha|def|1|[from] item: Grassy Seed\n|turn|14\n|\n|t:|1697940048\n|move|p1a: Hawlucha|Acrobatics|p2a: Spectrier\n|-damage|p2a: Spectrier|0 fnt\n|faint|p2a: Spectrier\n|\n|upkeep\n|\n|t:|1697940058\n|switch|p2a: Zapdos|Zapdos, shiny|100\/100\n|turn|15\n|\n|t:|1697940069\n|-terastallize|p1a: Hawlucha|Fighting\n|move|p1a: Hawlucha|Close Combat|p2a: Zapdos\n|-resisted|p2a: Zapdos\n|-damage|p2a: Zapdos|74\/100\n|-unboost|p1a: Hawlucha|def|1\n|-unboost|p1a: Hawlucha|spd|1\n|move|p2a: Zapdos|Discharge|p1a: Hawlucha\n|-damage|p1a: Hawlucha|19\/100\n|\n|-heal|p1a: Hawlucha|25\/100|[from] Grassy Terrain\n|-heal|p2a: Zapdos|80\/100|[from] item: Leftovers\n|upkeep\n|turn|16\n|\n|t:|1697940086\n|move|p1a: Hawlucha|Close Combat|p2a: Zapdos\n|-resisted|p2a: Zapdos\n|-crit|p2a: Zapdos\n|-damage|p2a: Zapdos|39\/100\n|-unboost|p1a: Hawlucha|def|1\n|-unboost|p1a: Hawlucha|spd|1\n|move|p2a: Zapdos|U-turn|p1a: Hawlucha\n|-resisted|p1a: Hawlucha\n|-damage|p1a: Hawlucha|14\/100\n|\n|t:|1697940107\n|switch|p2a: Krookodile|Krookodile, M, shiny|100\/100|[from] U-turn\n|\n|-heal|p1a: Hawlucha|20\/100|[from] Grassy Terrain\n|upkeep\n|turn|17\n|\n|t:|1697940120\n|move|p1a: Hawlucha|Close Combat|p2a: Krookodile\n|-supereffective|p2a: Krookodile\n|-damage|p2a: Krookodile|0 fnt\n|-unboost|p1a: Hawlucha|def|1\n|-unboost|p1a: Hawlucha|spd|1\n|faint|p2a: Krookodile\n|\n|-heal|p1a: Hawlucha|26\/100|[from] Grassy Terrain\n|-fieldend|move: Grassy Terrain\n|upkeep\n|\n|t:|1697940130\n|switch|p2a: Zapdos|Zapdos, shiny|39\/100\n|turn|18\n|\n|t:|1697940146\n|move|p2a: Zapdos|Protect|p2a: Zapdos\n|-singleturn|p2a: Zapdos|Protect\n|move|p1a: Hawlucha|Acrobatics|p2a: Zapdos\n|-activate|p2a: Zapdos|move: Protect\n|\n|-heal|p2a: Zapdos|46\/100|[from] item: Leftovers\n|upkeep\n|turn|19\n|\n|t:|1697940154\n|move|p1a: Hawlucha|Acrobatics|p2a: Zapdos\n|-resisted|p2a: Zapdos\n|-damage|p2a: Zapdos|28\/100\n|move|p2a: Zapdos|Discharge|p1a: Hawlucha\n|-damage|p1a: Hawlucha|0 fnt\n|faint|p1a: Hawlucha\n|\n|-heal|p2a: Zapdos|34\/100|[from] item: Leftovers\n|upkeep\n|\n|t:|1697940173\n|switch|p1a: Magearna|Magearna|100\/100\n|-damage|p1a: Magearna|94\/100|[from] Stealth Rock\n|turn|20\n|\n|t:|1697940181\n|move|p2a: Zapdos|Roost|p2a: Zapdos\n|-heal|p2a: Zapdos|84\/100\n|-singleturn|p2a: Zapdos|move: Roost\n|move|p1a: Magearna|Shift Gear|p1a: Magearna\n|-boost|p1a: Magearna|spe|2\n|-boost|p1a: Magearna|atk|1\n|\n|-heal|p1a: Magearna|100\/100|[from] item: Leftovers\n|-heal|p2a: Zapdos|90\/100|[from] item: Leftovers\n|upkeep\n|turn|21\n|\n|t:|1697940196\n|move|p1a: Magearna|Calm Mind|p1a: Magearna\n|-boost|p1a: Magearna|spa|1\n|-boost|p1a: Magearna|spd|1\n|move|p2a: Zapdos|Discharge|p1a: Magearna\n|-damage|p1a: Magearna|83\/100\n|-status|p1a: Magearna|par\n|\n|-heal|p2a: Zapdos|97\/100|[from] item: Leftovers\n|-heal|p1a: Magearna|89\/100 par|[from] item: Leftovers\n|upkeep\n|turn|22\n|\n|t:|1697940207\n|move|p2a: Zapdos|Discharge|p1a: Magearna\n|-damage|p1a: Magearna|71\/100 par\n|move|p1a: Magearna|Calm Mind|p1a: Magearna\n|-boost|p1a: Magearna|spa|1\n|-boost|p1a: Magearna|spd|1\n|\n|-heal|p2a: Zapdos|100\/100|[from] item: Leftovers\n|-heal|p1a: Magearna|77\/100 par|[from] item: Leftovers\n|upkeep\n|turn|23\n|\n|t:|1697940217\n|move|p2a: Zapdos|Discharge|p1a: Magearna\n|-damage|p1a: Magearna|62\/100 par\n|move|p1a: Magearna|Shift Gear|p1a: Magearna\n|-boost|p1a: Magearna|spe|2\n|-boost|p1a: Magearna|atk|1\n|\n|-heal|p1a: Magearna|68\/100 par|[from] item: Leftovers\n|upkeep\n|turn|24\n|\n|t:|1697940239\n|cant|p1a: Magearna|par\n|move|p2a: Zapdos|Discharge|p1a: Magearna\n|-damage|p1a: Magearna|53\/100 par\n|\n|-heal|p1a: Magearna|59\/100 par|[from] item: Leftovers\n|upkeep\n|turn|25\n|\n|t:|1697940253\n|cant|p1a: Magearna|par\n|move|p2a: Zapdos|U-turn|p1a: Magearna\n|-resisted|p1a: Magearna\n|-damage|p1a: Magearna|56\/100 par\n|\n|t:|1697940259\n|switch|p2a: Rillaboom|Rillaboom, F, shiny|100\/100|[from] U-turn\n|-fieldstart|move: Grassy Terrain|[from] ability: Grassy Surge|[of] p2a: Rillaboom\n|\n|-heal|p1a: Magearna|62\/100 par|[from] Grassy Terrain\n|-heal|p1a: Magearna|68\/100 par|[from] item: Leftovers\n|upkeep\n|turn|26\n|\n|t:|1697940290\n|cant|p1a: Magearna|par\n|move|p2a: Rillaboom|Leech Seed|p1a: Magearna\n|-start|p1a: Magearna|move: Leech Seed\n|\n|-heal|p1a: Magearna|74\/100 par|[from] Grassy Terrain\n|-heal|p1a: Magearna|80\/100 par|[from] item: Leftovers\n|-damage|p1a: Magearna|68\/100 par|[from] Leech Seed|[of] p2a: Rillaboom\n|upkeep\n|turn|27\n|\n|t:|1697940302\n|move|p1a: Magearna|Stored Power|p2a: Rillaboom\n|-damage|p2a: Rillaboom|0 fnt\n|faint|p2a: Rillaboom\n|-ability|p1a: Magearna|Soul-Heart|boost\n|-boost|p1a: Magearna|spa|1\n|\n|-heal|p1a: Magearna|74\/100 par|[from] Grassy Terrain\n|-heal|p1a: Magearna|80\/100 par|[from] item: Leftovers\n|upkeep\n|\n|t:|1697940313\n|switch|p2a: Zapdos|Zapdos, shiny|100\/100\n|turn|28\n|\n|t:|1697940336\n|move|p1a: Magearna|Stored Power|p2a: Zapdos\n|-crit|p2a: Zapdos\n|-damage|p2a: Zapdos|0 fnt\n|faint|p2a: Zapdos\n|\n|win|Electricratman\n|raw|Electricratman's rating: 1127 &rarr; <strong>1145<\/strong><br \/>(+18 for winning)\n|raw|kzxnepai's rating: 1026 &rarr; <strong>1016<\/strong><br \/>(-10 for losing)\n|l|\u2606kzxnepai\n|c|\u2606Electricratman|Gg\n","uploadtime":1697940356,"views":13,"p1id":"electricratman","p2id":"kzxnepai","formatid":"gen9ubers","rating":1016,"private":0,"password":""}