{"id":"gen9ubers-1978492178","p1":"slugmaaa","p2":"KickinAsh","format":"[Gen 9] Ubers","log":"|j|\u2606slugmaaa\n|j|\u2606KickinAsh\n|t:|1698546006\n|gametype|singles\n|player|p1|slugmaaa|harlequin|\n|player|p2|KickinAsh|battlegirl-gen4|\n|teamsize|p1|6\n|teamsize|p2|6\n|gen|9\n|tier|[Gen 9] Ubers\n|rule|Sleep Clause Mod: Limit one foe put to sleep\n|rule|Species Clause: Limit one of each Pok\u00e9mon\n|rule|OHKO Clause: OHKO moves are banned\n|rule|Evasion Items Clause: Evasion items are banned\n|rule|Evasion Moves Clause: Evasion moves are banned\n|rule|Endless Battle Clause: Forcing endless battles is banned\n|rule|HP Percentage Mod: HP is shown in percentages\n|clearpoke\n|poke|p1|Iron Bundle|\n|poke|p1|Farigiraf, F|\n|poke|p1|Gholdengo|\n|poke|p1|Hippowdon, M|\n|poke|p1|Enamorus, F|\n|poke|p1|Dragonite, F|\n|poke|p2|Annihilape, M|\n|poke|p2|Kilowattrel, M|\n|poke|p2|Froslass, F|\n|poke|p2|Kleavor, F|\n|poke|p2|Florges, F|\n|poke|p2|Iron Treads|\n|teampreview\n|c|\u2606slugmaaa|i was gon give them time to trickle in but\n|c|\u2606slugmaaa|you down to start now?\n|c|\u2606KickinAsh|yeah i'm good\n|c|\u2606slugmaaa|ok\n|c|\u2606slugmaaa|glhf :)))\n|c|\u2606KickinAsh|you too :))\n|\n|t:|1698546192\n|start\n|switch|p1a: Dragonite|Dragonite, F|100\/100\n|switch|p2a: FrosMORE|Froslass, F|100\/100\n|turn|1\n|\n|t:|1698546238\n|move|p2a: FrosMORE|Ice Beam|p1a: Dragonite\n|-supereffective|p1a: Dragonite\n|-damage|p1a: Dragonite|0 fnt\n|faint|p1a: Dragonite\n|\n|upkeep\n|\n|t:|1698546248\n|switch|p1a: gold digger|Gholdengo|100\/100\n|turn|2\n|\n|t:|1698546287\n|move|p2a: FrosMORE|Taunt|p1a: gold digger\n|-immune|p1a: gold digger|[from] ability: Good as Gold\n|move|p1a: gold digger|Make It Rain|p2a: FrosMORE\n|-supereffective|p2a: FrosMORE\n|-damage|p2a: FrosMORE|0 fnt\n|-unboost|p1a: gold digger|spa|1\n|faint|p2a: FrosMORE\n|\n|upkeep\n|\n|t:|1698546363\n|switch|p2a: Monke|Annihilape, M|100\/100\n|turn|3\n|\n|t:|1698546392\n|switch|p1a: remember me?|Farigiraf, F|100\/100\n|move|p2a: Monke|Rage Fist|p1a: remember me?\n|-immune|p1a: remember me?\n|\n|upkeep\n|turn|4\n|\n|t:|1698546436\n|move|p2a: Monke|Taunt|p1a: remember me?\n|-start|p1a: remember me?|move: Taunt\n|move|p1a: remember me?|Dazzling Gleam|p2a: Monke\n|-supereffective|p2a: Monke\n|-damage|p2a: Monke|65\/100\n|\n|upkeep\n|turn|5\n|\n|t:|1698546459\n|switch|p2a: AxeHands|Kleavor, F|100\/100\n|move|p1a: remember me?|Dazzling Gleam|p2a: AxeHands\n|-damage|p2a: AxeHands|69\/100\n|\n|upkeep\n|turn|6\n|\n|t:|1698546486\n|switch|p1a: gold digger|Gholdengo|100\/100\n|move|p2a: AxeHands|U-turn|p1a: gold digger\n|-resisted|p1a: gold digger\n|-damage|p1a: gold digger|89\/100\n|\n|t:|1698546622\n|switch|p2a: GoodYear|Iron Treads|100\/100|[from] U-turn\n|-enditem|p2a: GoodYear|Booster Energy\n|-activate|p2a: GoodYear|ability: Quark Drive|[fromitem]\n|-start|p2a: GoodYear|quarkdrivespe\n|\n|upkeep\n|turn|7\n|\n|t:|1698546747\n|switch|p1a: Hippowdon|Hippowdon, M|100\/100\n|-weather|Sandstorm|[from] ability: Sand Stream|[of] p1a: Hippowdon\n|move|p2a: GoodYear|Earthquake|p1a: Hippowdon\n|-damage|p1a: Hippowdon|77\/100\n|\n|-weather|Sandstorm|[upkeep]\n|upkeep\n|turn|8\n|\n|t:|1698546780\n|move|p2a: GoodYear|Ice Spinner|p1a: Hippowdon\n|-supereffective|p1a: Hippowdon\n|-crit|p1a: Hippowdon\n|-damage|p1a: Hippowdon|37\/100\n|-enditem|p1a: Hippowdon|Sitrus Berry|[eat]\n|-heal|p1a: Hippowdon|62\/100|[from] item: Sitrus Berry\n|move|p1a: Hippowdon|Stealth Rock|p2a: GoodYear\n|-sidestart|p2: KickinAsh|move: Stealth Rock\n|\n|-weather|Sandstorm|[upkeep]\n|upkeep\n|turn|9\n|\n|t:|1698546803\n|move|p2a: GoodYear|Ice Spinner|p1a: Hippowdon\n|-supereffective|p1a: Hippowdon\n|-damage|p1a: Hippowdon|38\/100\n|move|p1a: Hippowdon|Slack Off|p1a: Hippowdon\n|-heal|p1a: Hippowdon|88\/100\n|\n|-weather|Sandstorm|[upkeep]\n|upkeep\n|turn|10\n|\n|t:|1698546820\n|move|p2a: GoodYear|Earthquake|p1a: Hippowdon\n|-damage|p1a: Hippowdon|62\/100\n|move|p1a: Hippowdon|Earthquake|p2a: GoodYear\n|-supereffective|p2a: GoodYear\n|-damage|p2a: GoodYear|27\/100\n|\n|-weather|Sandstorm|[upkeep]\n|upkeep\n|turn|11\n|\n|t:|1698546915\n|-end|p2a: GoodYear|Quark Drive|[silent]\n|switch|p2a: Monke|Annihilape, M|65\/100\n|-damage|p2a: Monke|58\/100|[from] Stealth Rock\n|move|p1a: Hippowdon|Earthquake|p2a: Monke\n|-damage|p2a: Monke|19\/100\n|\n|-weather|none\n|upkeep\n|turn|12\n|\n|t:|1698546938\n|switch|p1a: remember me?|Farigiraf, F|100\/100\n|move|p2a: Monke|Rage Fist|p1a: remember me?\n|-immune|p1a: remember me?\n|\n|upkeep\n|turn|13\n|\n|t:|1698547011\n|move|p2a: Monke|Drain Punch|p1a: remember me?\n|-damage|p1a: remember me?|75\/100\n|-heal|p2a: Monke|33\/100|[from] drain|[of] p1a: remember me?\n|-damage|p2a: Monke|17\/100|[from] item: Rocky Helmet|[of] p1a: remember me?\n|move|p1a: remember me?|Dazzling Gleam|p2a: Monke\n|-supereffective|p2a: Monke\n|-crit|p2a: Monke\n|-damage|p2a: Monke|0 fnt\n|faint|p2a: Monke\n|\n|upkeep\n|\n|t:|1698547053\n|switch|p2a: Shock|Kilowattrel, M|100\/100\n|-damage|p2a: Shock|76\/100|[from] Stealth Rock\n|turn|14\n|\n|t:|1698547059\n|switch|p1a: Hippowdon|Hippowdon, M|62\/100\n|-weather|Sandstorm|[from] ability: Sand Stream|[of] p1a: Hippowdon\n|move|p2a: Shock|Volt Switch|p1a: Hippowdon\n|-immune|p1a: Hippowdon\n|\n|-weather|Sandstorm|[upkeep]\n|-damage|p2a: Shock|70\/100|[from] Sandstorm\n|upkeep\n|turn|15\n|\n|t:|1698547082\n|switch|p2a: GoodYear|Iron Treads|27\/100\n|-damage|p2a: GoodYear|24\/100|[from] Stealth Rock\n|move|p1a: Hippowdon|Whirlwind|p2a: GoodYear\n|-end|p2a: GoodYear|Quark Drive|[silent]\n|drag|p2a: Shock|Kilowattrel, M|70\/100\n|-damage|p2a: Shock|45\/100|[from] Stealth Rock\n|\n|-weather|Sandstorm|[upkeep]\n|-damage|p2a: Shock|39\/100|[from] Sandstorm\n|upkeep\n|turn|16\n|\n|t:|1698547140\n|switch|p2a: AxeHands|Kleavor, F|69\/100\n|-damage|p2a: AxeHands|44\/100|[from] Stealth Rock\n|move|p1a: Hippowdon|Earthquake|p2a: AxeHands\n|-crit|p2a: AxeHands\n|-damage|p2a: AxeHands|0 fnt\n|faint|p2a: AxeHands\n|\n|-weather|Sandstorm|[upkeep]\n|upkeep\n|\n|t:|1698547148\n|switch|p2a: GoodYear|Iron Treads|24\/100\n|-damage|p2a: GoodYear|21\/100|[from] Stealth Rock\n|turn|17\n|\n|t:|1698547162\n|move|p2a: GoodYear|Earthquake|p1a: Hippowdon\n|-damage|p1a: Hippowdon|38\/100\n|move|p1a: Hippowdon|Earthquake|p2a: GoodYear\n|-supereffective|p2a: GoodYear\n|-damage|p2a: GoodYear|0 fnt\n|faint|p2a: GoodYear\n|-end|p2a: GoodYear|Quark Drive|[silent]\n|\n|-weather|Sandstorm|[upkeep]\n|upkeep\n|\n|t:|1698547170\n|switch|p2a: Shock|Kilowattrel, M|39\/100\n|-damage|p2a: Shock|14\/100|[from] Stealth Rock\n|turn|18\n|\n|t:|1698547195\n|move|p2a: Shock|Roost|p2a: Shock\n|-heal|p2a: Shock|64\/100\n|-singleturn|p2a: Shock|move: Roost\n|move|p1a: Hippowdon|Slack Off|p1a: Hippowdon\n|-heal|p1a: Hippowdon|88\/100\n|\n|-weather|none\n|upkeep\n|turn|19\n|\n|t:|1698547234\n|-terastallize|p2a: Shock|Electric\n|move|p2a: Shock|Volt Switch|p1a: Hippowdon\n|-immune|p1a: Hippowdon\n|move|p1a: Hippowdon|Whirlwind|p2a: Shock\n|drag|p2a: Red Lady|Florges, F|100\/100\n|-damage|p2a: Red Lady|88\/100|[from] Stealth Rock\n|\n|-heal|p2a: Red Lady|94\/100|[from] item: Leftovers\n|upkeep\n|turn|20\n|\n|t:|1698547282\n|move|p2a: Red Lady|Moonblast|p1a: Hippowdon\n|-damage|p1a: Hippowdon|36\/100\n|move|p1a: Hippowdon|Earthquake|p2a: Red Lady\n|-damage|p2a: Red Lady|48\/100\n|\n|-heal|p2a: Red Lady|55\/100|[from] item: Leftovers\n|upkeep\n|turn|21\n|\n|t:|1698547290\n|move|p2a: Red Lady|Synthesis|p2a: Red Lady\n|-heal|p2a: Red Lady|100\/100\n|move|p1a: Hippowdon|Earthquake|p2a: Red Lady\n|-damage|p2a: Red Lady|52\/100\n|\n|-heal|p2a: Red Lady|58\/100|[from] item: Leftovers\n|upkeep\n|turn|22\n|\n|t:|1698547298\n|move|p2a: Red Lady|Moonblast|p1a: Hippowdon\n|-damage|p1a: Hippowdon|0 fnt\n|faint|p1a: Hippowdon\n|\n|-heal|p2a: Red Lady|64\/100|[from] item: Leftovers\n|upkeep\n|\n|t:|1698547301\n|switch|p1a: gold digger|Gholdengo|89\/100\n|turn|23\n|j| Squirshawott\n|\n|t:|1698547381\n|switch|p2a: Shock|Kilowattrel, M, tera:Electric|64\/100\n|-damage|p2a: Shock|51\/100|[from] Stealth Rock\n|move|p1a: gold digger|Make It Rain|p2a: Shock\n|-resisted|p2a: Shock\n|-damage|p2a: Shock|0 fnt\n|-unboost|p1a: gold digger|spa|1\n|faint|p2a: Shock\n|\n|upkeep\n|\n|t:|1698547400\n|switch|p2a: Red Lady|Florges, F|64\/100\n|-damage|p2a: Red Lady|52\/100|[from] Stealth Rock\n|turn|24\n|\n|t:|1698547407\n|move|p1a: gold digger|Make It Rain|p2a: Red Lady\n|-supereffective|p2a: Red Lady\n|-damage|p2a: Red Lady|0 fnt\n|-unboost|p1a: gold digger|spa|1\n|faint|p2a: Red Lady\n|\n|win|slugmaaa\n","uploadtime":1698547419,"views":12,"p1id":"slugmaaa","p2id":"kickinash","formatid":"gen9ubers","rating":0,"private":0,"password":""}