{"id":"gen9ubers-1991461219","p1":"Pdswww","p2":"Wetcroutons","format":"[Gen 9] Ubers","log":"|j|\u2606Pdswww\n|j|\u2606Wetcroutons\n|t:|1700079107\n|gametype|singles\n|player|p1|Pdswww|265|\n|player|p2|Wetcroutons|101|\n|teamsize|p1|6\n|teamsize|p2|6\n|gen|9\n|tier|[Gen 9] Ubers\n|rule|Sleep Clause Mod: Limit one foe put to sleep\n|rule|Species Clause: Limit one of each Pok\u00e9mon\n|rule|OHKO Clause: OHKO moves are banned\n|rule|Evasion Items Clause: Evasion items are banned\n|rule|Evasion Moves Clause: Evasion moves are banned\n|rule|Endless Battle Clause: Forcing endless battles is banned\n|rule|HP Percentage Mod: HP is shown in percentages\n|clearpoke\n|poke|p1|Zacian-*|\n|poke|p1|Urshifu-*, M|\n|poke|p1|Ogerpon-Wellspring, F|\n|poke|p1|Landorus, M|\n|poke|p1|Weezing-Galar, M|\n|poke|p1|Arceus-Bug|\n|poke|p2|Spidops, F|\n|poke|p2|Quagsire, F|\n|poke|p2|Sneasler, F|\n|poke|p2|Ursaluna-Bloodmoon, M|\n|poke|p2|Cinderace, M|\n|poke|p2|Starly, L1, F|\n|teampreview\n|inactive|Battle timer is ON: inactive players will automatically lose when time's up. (requested by Wetcroutons)\n|\n|t:|1700079116\n|start\n|switch|p1a: Arceus|Arceus-Bug|100\/100\n|switch|p2a: Ursaluna|Ursaluna-Bloodmoon, M|100\/100\n|turn|1\n|\n|t:|1700079124\n|move|p1a: Arceus|Calm Mind|p1a: Arceus\n|-boost|p1a: Arceus|spa|1\n|-boost|p1a: Arceus|spd|1\n|move|p2a: Ursaluna|Blood Moon|p1a: Arceus\n|-damage|p1a: Arceus|65\/100\n|\n|upkeep\n|turn|2\n|\n|t:|1700079129\n|switch|p2a: Cinderace|Cinderace, M|100\/100\n|move|p1a: Arceus|Calm Mind|p1a: Arceus\n|-boost|p1a: Arceus|spa|1\n|-boost|p1a: Arceus|spd|1\n|\n|upkeep\n|turn|3\n|\n|t:|1700079134\n|-terastallize|p1a: Arceus|Dragon\n|move|p1a: Arceus|Recover|p1a: Arceus\n|-heal|p1a: Arceus|100\/100\n|move|p2a: Cinderace|Pyro Ball|p1a: Arceus\n|-resisted|p1a: Arceus\n|-damage|p1a: Arceus|83\/100\n|\n|upkeep\n|turn|4\n|\n|t:|1700079145\n|switch|p2a: Quagsire|Quagsire, F|100\/100\n|move|p1a: Arceus|Thunderbolt|p2a: Quagsire\n|-immune|p2a: Quagsire\n|\n|upkeep\n|turn|5\n|\n|t:|1700079148\n|move|p1a: Arceus|Calm Mind|p1a: Arceus\n|-boost|p1a: Arceus|spa|1\n|-boost|p1a: Arceus|spd|1\n|move|p2a: Quagsire|Ice Punch|p1a: Arceus\n|-supereffective|p1a: Arceus\n|-damage|p1a: Arceus|63\/100\n|\n|upkeep\n|turn|6\n|\n|t:|1700079153\n|move|p1a: Arceus|Recover|p1a: Arceus\n|-heal|p1a: Arceus|100\/100\n|move|p2a: Quagsire|Curse|p2a: Quagsire\n|-unboost|p2a: Quagsire|spe|1\n|-boost|p2a: Quagsire|atk|1\n|-boost|p2a: Quagsire|def|1\n|\n|upkeep\n|turn|7\n|\n|t:|1700079158\n|move|p1a: Arceus|Judgment|p2a: Quagsire\n|-damage|p2a: Quagsire|42\/100\n|move|p2a: Quagsire|Ice Punch|p1a: Arceus\n|-supereffective|p1a: Arceus\n|-damage|p1a: Arceus|73\/100\n|\n|-heal|p2a: Quagsire|48\/100|[from] item: Leftovers\n|upkeep\n|turn|8\n|\n|t:|1700079164\n|move|p1a: Arceus|Judgment|p2a: Quagsire\n|-damage|p2a: Quagsire|0 fnt\n|faint|p2a: Quagsire\n|\n|upkeep\n|\n|t:|1700079167\n|switch|p2a: Spidops|Spidops, F|100\/100\n|turn|9\n|\n|t:|1700079171\n|move|p1a: Arceus|Judgment|p2a: Spidops\n|-enditem|p2a: Spidops|Focus Sash\n|-damage|p2a: Spidops|1\/100\n|move|p2a: Spidops|Memento|p1a: Arceus\n|-unboost|p1a: Arceus|atk|2\n|-unboost|p1a: Arceus|spa|2\n|faint|p2a: Spidops\n|\n|upkeep\n|\n|t:|1700079181\n|switch|p2a: Starly|Starly, L1, F|100\/100\n|turn|10\n|\n|t:|1700079191\n|move|p1a: Arceus|Judgment|p2a: Starly\n|-resisted|p2a: Starly\n|-enditem|p2a: Starly|Focus Sash\n|-damage|p2a: Starly|9\/100\n|move|p2a: Starly|Endeavor|p1a: Arceus\n|-damage|p1a: Arceus|1\/100\n|\n|upkeep\n|turn|11\n|\n|t:|1700079210\n|switch|p1a: Weezing|Weezing-Galar, M|100\/100\n|-ability|p1a: Weezing|Neutralizing Gas\n|move|p2a: Starly|Endeavor|p1a: Weezing\n|-damage|p1a: Weezing|1\/100\n|\n|-heal|p1a: Weezing|7\/100|[from] item: Black Sludge\n|upkeep\n|turn|12\n|\n|t:|1700079223\n|switch|p2a: Ursaluna|Ursaluna-Bloodmoon, M|100\/100\n|move|p1a: Weezing|Toxic|p2a: Ursaluna\n|-status|p2a: Ursaluna|tox\n|\n|-heal|p1a: Weezing|13\/100|[from] item: Black Sludge\n|-damage|p2a: Ursaluna|94\/100 tox|[from] psn\n|upkeep\n|turn|13\n|\n|t:|1700079240\n|move|p1a: Weezing|Destiny Bond|p1a: Weezing\n|-singlemove|p1a: Weezing|Destiny Bond\n|move|p2a: Ursaluna|Earth Power|p1a: Weezing\n|-supereffective|p1a: Weezing\n|-damage|p1a: Weezing|0 fnt\n|faint|p1a: Weezing\n|-activate|p1a: Weezing|move: Destiny Bond\n|-end|p1a: Weezing|ability: Neutralizing Gas\n|faint|p2a: Ursaluna\n|\n|upkeep\n|\n|t:|1700079260\n|switch|p1a: Landorus|Landorus, M|100\/100\n|switch|p2a: Sneasler|Sneasler, F|100\/100\n|turn|14\n|\n|t:|1700079265\n|move|p2a: Sneasler|Swords Dance|p2a: Sneasler\n|-boost|p2a: Sneasler|atk|2\n|move|p1a: Landorus|Earth Power|p2a: Sneasler\n|-supereffective|p2a: Sneasler\n|-enditem|p2a: Sneasler|Focus Sash\n|-damage|p2a: Sneasler|1\/100\n|\n|upkeep\n|turn|15\n|\n|t:|1700079271\n|move|p2a: Sneasler|Acrobatics|p1a: Landorus\n|-damage|p1a: Landorus|6\/100\n|move|p1a: Landorus|Earth Power|p2a: Sneasler\n|-supereffective|p2a: Sneasler\n|-damage|p2a: Sneasler|0 fnt\n|faint|p2a: Sneasler\n|\n|upkeep\n|\n|t:|1700079275\n|switch|p2a: Cinderace|Cinderace, M|100\/100\n|turn|16\n|\n|t:|1700079278\n|move|p2a: Cinderace|Pyro Ball|p1a: Landorus\n|-damage|p1a: Landorus|0 fnt\n|faint|p1a: Landorus\n|\n|upkeep\n|\n|t:|1700079282\n|switch|p1a: Ogerpon|Ogerpon-Wellspring, F|100\/100\n|turn|17\n|\n|t:|1700079284\n|move|p2a: Cinderace|U-turn|p1a: Ogerpon\n|-start|p2a: Cinderace|typechange|Bug|[from] ability: Libero\n|-supereffective|p1a: Ogerpon\n|-crit|p1a: Ogerpon\n|-damage|p1a: Ogerpon|0 fnt\n|faint|p1a: Ogerpon\n|\n|t:|1700079287\n|switch|p2a: Starly|Starly, L1, F|9\/100|[from] U-turn\n|\n|upkeep\n|\n|t:|1700079294\n|switch|p1a: Urshifu|Urshifu-Rapid-Strike, M|100\/100\n|turn|18\n|\n|t:|1700079298\n|move|p2a: Starly|Quick Attack|p1a: Urshifu\n|-damage|p1a: Urshifu|99\/100\n|move|p1a: Urshifu|Surging Strikes|p2a: Starly\n|-crit|p2a: Starly\n|-damage|p2a: Starly|0 fnt\n|faint|p2a: Starly\n|-hitcount|p2: Starly|1\n|\n|upkeep\n|\n|t:|1700079302\n|switch|p2a: Cinderace|Cinderace, M|100\/100\n|turn|19\n|\n|t:|1700079305\n|move|p1a: Urshifu|Surging Strikes|p2a: Cinderace\n|-supereffective|p2a: Cinderace\n|-crit|p2a: Cinderace\n|-damage|p2a: Cinderace|45\/100\n|-supereffective|p2a: Cinderace\n|-crit|p2a: Cinderace\n|-damage|p2a: Cinderace|0 fnt\n|faint|p2a: Cinderace\n|-hitcount|p2: Cinderace|2\n|\n|win|Pdswww\n|l|\u2606Wetcroutons\n","uploadtime":1700079325,"views":6,"p1id":"pdswww","p2id":"wetcroutons","formatid":"gen9ubers","rating":0,"private":0,"password":""}