{"id":"gen9ubers-1968372416","p1":"Shujuku","p2":"SuperJ-Meister","format":"[Gen 9] Ubers","log":"|j|\u2606Shujuku\n|j|\u2606SuperJ-Meister\n|t:|1697411350\n|gametype|singles\n|player|p1|Shujuku|may-contest|1178\n|player|p2|SuperJ-Meister|lucas|1000\n|teamsize|p1|6\n|teamsize|p2|6\n|gen|9\n|tier|[Gen 9] Ubers\n|rated|\n|rule|Sleep Clause Mod: Limit one foe put to sleep\n|rule|Species Clause: Limit one of each Pok\u00e9mon\n|rule|OHKO Clause: OHKO moves are banned\n|rule|Evasion Items Clause: Evasion items are banned\n|rule|Evasion Moves Clause: Evasion moves are banned\n|rule|Endless Battle Clause: Forcing endless battles is banned\n|rule|HP Percentage Mod: HP is shown in percentages\n|clearpoke\n|poke|p1|Annihilape, F|\n|poke|p1|Espathra, F|\n|poke|p1|Iron Bundle|\n|poke|p1|Enamorus, F|\n|poke|p1|Chi-Yu|\n|poke|p1|Cyclizar, M|\n|poke|p2|Annihilape, M|\n|poke|p2|Chien-Pao|\n|poke|p2|Espathra, F|\n|poke|p2|Zacian-*|\n|poke|p2|Flutter Mane|\n|poke|p2|Dragonite, M|\n|teampreview\n|inactive|Battle timer is ON: inactive players will automatically lose when time's up. (requested by Shujuku)\n|\n|t:|1697411361\n|start\n|switch|p1a: Enamorus|Enamorus, F|100\/100\n|switch|p2a: Dragonite|Dragonite, M|100\/100\n|turn|1\n|\n|t:|1697411369\n|move|p1a: Enamorus|Moonblast|p2a: Dragonite\n|-supereffective|p2a: Dragonite\n|-damage|p2a: Dragonite|0 fnt\n|faint|p2a: Dragonite\n|\n|upkeep\n|\n|t:|1697411375\n|switch|p2a: Zacian|Zacian-Crowned|100\/100\n|-ability|p2a: Zacian|Intrepid Sword|boost\n|-boost|p2a: Zacian|atk|1\n|turn|2\n|\n|t:|1697411382\n|switch|p1a: Annihilape|Annihilape, F|100\/100\n|move|p2a: Zacian|Swords Dance|p2a: Zacian\n|-boost|p2a: Zacian|atk|2\n|\n|upkeep\n|turn|3\n|\n|t:|1697411393\n|move|p2a: Zacian|Play Rough|p1a: Annihilape\n|-supereffective|p1a: Annihilape\n|-damage|p1a: Annihilape|0 fnt\n|faint|p1a: Annihilape\n|\n|upkeep\n|\n|t:|1697411410\n|switch|p1a: Espathra|Espathra, F|100\/100\n|turn|4\n|\n|t:|1697411415\n|move|p2a: Zacian|Behemoth Blade|p1a: Espathra\n|-damage|p1a: Espathra|0 fnt\n|faint|p1a: Espathra\n|\n|upkeep\n|\n|t:|1697411428\n|switch|p1a: Enamorus|Enamorus, F|100\/100\n|turn|5\n|\n|t:|1697411430\n|move|p1a: Enamorus|Mystical Fire|p2a: Zacian\n|-supereffective|p2a: Zacian\n|-damage|p2a: Zacian|34\/100\n|-unboost|p2a: Zacian|spa|1\n|move|p2a: Zacian|Behemoth Blade|p1a: Enamorus\n|-supereffective|p1a: Enamorus\n|-damage|p1a: Enamorus|0 fnt\n|faint|p1a: Enamorus\n|\n|upkeep\n|\n|t:|1697411439\n|switch|p1a: Cyclizar|Cyclizar, M|100\/100\n|turn|6\n|\n|t:|1697411449\n|-terastallize|p2a: Zacian|Fairy\n|move|p1a: Cyclizar|Knock Off|p2a: Zacian\n|-resisted|p2a: Zacian\n|-damage|p2a: Zacian|29\/100\n|move|p2a: Zacian|Play Rough|p1a: Cyclizar\n|-supereffective|p1a: Cyclizar\n|-crit|p1a: Cyclizar\n|-damage|p1a: Cyclizar|0 fnt\n|faint|p1a: Cyclizar\n|\n|upkeep\n|\n|t:|1697411458\n|switch|p1a: Iron Bundle|Iron Bundle|100\/100\n|turn|7\n|\n|t:|1697411460\n|move|p1a: Iron Bundle|Hydro Pump|p2a: Zacian\n|-damage|p2a: Zacian|0 fnt\n|faint|p2a: Zacian\n|\n|upkeep\n|\n|t:|1697411468\n|switch|p2a: Chien-Pao|Chien-Pao|100\/100\n|-ability|p2a: Chien-Pao|Sword of Ruin\n|turn|8\n|\n|t:|1697411489\n|move|p1a: Iron Bundle|Hydro Pump|p2a: Chien-Pao\n|-damage|p2a: Chien-Pao|20\/100\n|move|p2a: Chien-Pao|Swords Dance|p2a: Chien-Pao\n|-boost|p2a: Chien-Pao|atk|2\n|\n|upkeep\n|turn|9\n|\n|t:|1697411498\n|move|p1a: Iron Bundle|Ice Beam|p2a: Chien-Pao\n|-resisted|p2a: Chien-Pao\n|-damage|p2a: Chien-Pao|0 fnt\n|faint|p2a: Chien-Pao\n|\n|upkeep\n|\n|t:|1697411504\n|switch|p2a: Annihilape|Annihilape, M|100\/100\n|turn|10\n|\n|t:|1697411509\n|move|p1a: Iron Bundle|Hydro Pump|p2a: Annihilape\n|-damage|p2a: Annihilape|41\/100\n|move|p2a: Annihilape|Bulk Up|p2a: Annihilape\n|-boost|p2a: Annihilape|atk|1\n|-boost|p2a: Annihilape|def|1\n|\n|upkeep\n|turn|11\n|\n|t:|1697411515\n|move|p1a: Iron Bundle|Hydro Pump|p2a: Annihilape\n|-crit|p2a: Annihilape\n|-damage|p2a: Annihilape|0 fnt\n|faint|p2a: Annihilape\n|\n|upkeep\n|\n|t:|1697411524\n|switch|p2a: Flutter Mane|Flutter Mane|100\/100\n|turn|12\n|\n|t:|1697411530\n|move|p1a: Iron Bundle|Hydro Pump|p2a: Flutter Mane|[miss]\n|-miss|p1a: Iron Bundle|p2a: Flutter Mane\n|move|p2a: Flutter Mane|Calm Mind|p2a: Flutter Mane\n|-boost|p2a: Flutter Mane|spa|1\n|-boost|p2a: Flutter Mane|spd|1\n|\n|upkeep\n|turn|13\n|\n|t:|1697411539\n|move|p1a: Iron Bundle|Taunt|p2a: Flutter Mane\n|-start|p2a: Flutter Mane|move: Taunt\n|cant|p2a: Flutter Mane|move: Taunt|Calm Mind\n|\n|upkeep\n|turn|14\n|\n|t:|1697411547\n|move|p1a: Iron Bundle|Hydro Pump|p2a: Flutter Mane\n|-damage|p2a: Flutter Mane|63\/100\n|move|p2a: Flutter Mane|Moonblast|p1a: Iron Bundle\n|-damage|p1a: Iron Bundle|0 fnt\n|faint|p1a: Iron Bundle\n|-end|p1a: Iron Bundle|Quark Drive|[silent]\n|\n|upkeep\n|\n|t:|1697411550\n|switch|p1a: Chi-Yu|Chi-Yu|100\/100\n|-ability|p1a: Chi-Yu|Beads of Ruin\n|turn|15\n|\n|t:|1697411560\n|-terastallize|p1a: Chi-Yu|Fire\n|move|p2a: Flutter Mane|Moonblast|p1a: Chi-Yu\n|-resisted|p1a: Chi-Yu\n|-damage|p1a: Chi-Yu|61\/100\n|move|p1a: Chi-Yu|Dark Pulse|p2a: Flutter Mane\n|-damage|p2a: Flutter Mane|0 fnt\n|faint|p2a: Flutter Mane\n|-end|p2a: Flutter Mane|Protosynthesis|[silent]\n|\n|upkeep\n|\n|t:|1697411568\n|switch|p2a: Espathra|Espathra, F|100\/100\n|turn|16\n|\n|t:|1697411576\n|move|p1a: Chi-Yu|Dark Pulse|p2a: Espathra\n|-supereffective|p2a: Espathra\n|-damage|p2a: Espathra|0 fnt\n|faint|p2a: Espathra\n|\n|win|Shujuku\n|raw|Shujuku's rating: 1178 &rarr; <strong>1191<\/strong><br \/>(+13 for winning)\n|raw|SuperJ-Meister's rating: 1000 &rarr; <strong>1000<\/strong><br \/>(+0 for losing)\n|l|\u2606SuperJ-Meister\n|c|\u2606Shujuku|Ggs\n","uploadtime":1697411586,"views":12,"p1id":"shujuku","p2id":"superjmeister","formatid":"gen9ubers","rating":1000,"private":0,"password":""}