{"id":"gen9ubers-1982383286","p1":"stampydog","p2":"amosamoswong","format":"[Gen 9] Ubers","log":"|j|\u2606stampydog\n|j|\u2606amosamoswong\n|t:|1699007564\n|gametype|singles\n|player|p1|stampydog|ethan|\n|player|p2|amosamoswong|teamrocket|\n|teamsize|p1|6\n|teamsize|p2|6\n|gen|9\n|tier|[Gen 9] Ubers\n|rule|Sleep Clause Mod: Limit one foe put to sleep\n|rule|Species Clause: Limit one of each Pok\u00e9mon\n|rule|OHKO Clause: OHKO moves are banned\n|rule|Evasion Items Clause: Evasion items are banned\n|rule|Evasion Moves Clause: Evasion moves are banned\n|rule|Endless Battle Clause: Forcing endless battles is banned\n|rule|HP Percentage Mod: HP is shown in percentages\n|clearpoke\n|poke|p1|Magearna|\n|poke|p1|Shaymin-Sky|\n|poke|p1|Arceus-Fire|\n|poke|p1|Zacian-*|\n|poke|p1|Palkia-Origin|\n|poke|p1|Giratina|\n|poke|p2|Palafin, M|\n|poke|p2|Pelipper, M|\n|poke|p2|Giratina|\n|poke|p2|Palkia-Origin|\n|poke|p2|Arceus-Grass|\n|poke|p2|Basculegion-F, F|\n|teampreview\n|\n|t:|1699007591\n|start\n|switch|p1a: Magearna|Magearna|100\/100\n|switch|p2a: Giratina|Giratina|100\/100\n|-ability|p2a: Giratina|Pressure\n|turn|1\n|\n|t:|1699007614\n|move|p2a: Giratina|Earthquake|p1a: Magearna\n|-supereffective|p1a: Magearna\n|-damage|p1a: Magearna|61\/100\n|move|p1a: Magearna|Volt Switch|p2a: Giratina\n|-resisted|p2a: Giratina\n|-damage|p2a: Giratina|96\/100\n|\n|t:|1699007627\n|switch|p1a: Palkia|Palkia-Origin|100\/100|[from] Volt Switch\n|-ability|p1a: Palkia|Pressure\n|\n|upkeep\n|turn|2\n|\n|t:|1699007654\n|switch|p2a: Arceus|Arceus-Grass|100\/100\n|move|p1a: Palkia|Spacial Rend|p2a: Arceus\n|-damage|p2a: Arceus|53\/100\n|\n|upkeep\n|turn|3\n|\n|t:|1699007699\n|move|p2a: Arceus|Judgment|p1a: Palkia\n|-damage|p1a: Palkia|58\/100\n|move|p1a: Palkia|Fire Blast|p2a: Arceus\n|-supereffective|p2a: Arceus\n|-damage|p2a: Arceus|1\/100\n|\n|upkeep\n|turn|4\n|\n|t:|1699007743\n|move|p2a: Arceus|Judgment|p1a: Palkia\n|-damage|p1a: Palkia|13\/100\n|move|p1a: Palkia|Spacial Rend|p2a: Arceus\n|-damage|p2a: Arceus|0 fnt\n|faint|p2a: Arceus\n|\n|upkeep\n|\n|t:|1699007803\n|switch|p2a: Basculegion|Basculegion-F, F|100\/100\n|turn|5\n|\n|t:|1699007806\n|move|p2a: Basculegion|Last Respects|p1a: Palkia\n|-crit|p1a: Palkia\n|-damage|p1a: Palkia|0 fnt\n|faint|p1a: Palkia\n|\n|upkeep\n|\n|t:|1699007822\n|switch|p1a: Shaymin|Shaymin-Sky|100\/100\n|turn|6\n|\n|t:|1699007831\n|switch|p2a: Giratina|Giratina|96\/100\n|-ability|p2a: Giratina|Pressure\n|move|p1a: Shaymin|Substitute|p1a: Shaymin\n|-start|p1a: Shaymin|Substitute\n|-damage|p1a: Shaymin|76\/100\n|\n|upkeep\n|turn|7\n|\n|t:|1699007858\n|move|p1a: Shaymin|Seed Flare|p2a: Giratina\n|-resisted|p2a: Giratina\n|-damage|p2a: Giratina|85\/100\n|-unboost|p2a: Giratina|spd|2\n|move|p2a: Giratina|Poltergeist|p1a: Shaymin\n|-activate|p1a: Shaymin|move: Poltergeist|Heavy-Duty Boots\n|-end|p1a: Shaymin|Substitute\n|\n|upkeep\n|turn|8\n|\n|t:|1699007868\n|move|p1a: Shaymin|Air Slash|p2a: Giratina|[miss]\n|-miss|p1a: Shaymin|p2a: Giratina\n|move|p2a: Giratina|Poltergeist|p1a: Shaymin\n|-activate|p1a: Shaymin|move: Poltergeist|Heavy-Duty Boots\n|-damage|p1a: Shaymin|7\/100\n|\n|upkeep\n|turn|9\n|\n|t:|1699007876\n|move|p1a: Shaymin|Air Slash|p2a: Giratina\n|-damage|p2a: Giratina|58\/100\n|cant|p2a: Giratina|flinch\n|\n|upkeep\n|turn|10\n|\n|t:|1699007883\n|move|p1a: Shaymin|Air Slash|p2a: Giratina\n|-damage|p2a: Giratina|30\/100\n|move|p2a: Giratina|Poltergeist|p1a: Shaymin\n|-activate|p1a: Shaymin|move: Poltergeist|Heavy-Duty Boots\n|-damage|p1a: Shaymin|0 fnt\n|faint|p1a: Shaymin\n|\n|upkeep\n|\n|t:|1699007914\n|switch|p1a: Zacian|Zacian|100\/100\n|-ability|p1a: Zacian|Intrepid Sword|boost\n|-boost|p1a: Zacian|atk|1\n|turn|11\n|\n|t:|1699007926\n|move|p1a: Zacian|Play Rough|p2a: Giratina\n|-supereffective|p2a: Giratina\n|-damage|p2a: Giratina|0 fnt\n|faint|p2a: Giratina\n|\n|upkeep\n|\n|t:|1699007943\n|switch|p2a: Palafin|Palafin, M|100\/100\n|turn|12\n|\n|t:|1699007952\n|detailschange|p2a: Palafin|Palafin-Hero, M\n|switch|p2a: Pelipper|Pelipper, M|100\/100\n|-weather|RainDance|[from] ability: Drizzle|[of] p2a: Pelipper\n|move|p1a: Zacian|Play Rough|p2a: Pelipper|[miss]\n|-miss|p1a: Zacian|p2a: Pelipper\n|\n|-weather|RainDance|[upkeep]\n|upkeep\n|turn|13\n|\n|t:|1699007966\n|move|p1a: Zacian|Play Rough|p2a: Pelipper\n|-damage|p2a: Pelipper|20\/100\n|move|p2a: Pelipper|U-turn|p1a: Zacian\n|-resisted|p1a: Zacian\n|-damage|p1a: Zacian|96\/100\n|\n|t:|1699007984\n|switch|p2a: Palafin|Palafin-Hero, M|100\/100|[from] U-turn\n|-activate|p2a: Palafin|ability: Zero to Hero\n|\n|-weather|RainDance|[upkeep]\n|upkeep\n|turn|14\n|\n|t:|1699008026\n|move|p2a: Palafin|Jet Punch|p1a: Zacian\n|-crit|p1a: Zacian\n|-damage|p1a: Zacian|0 fnt\n|faint|p1a: Zacian\n|\n|-weather|RainDance|[upkeep]\n|upkeep\n|\n|t:|1699008033\n|switch|p1a: Magearna|Magearna|61\/100\n|turn|15\n|\n|t:|1699008038\n|move|p2a: Palafin|Jet Punch|p1a: Magearna\n|-damage|p1a: Magearna|9\/100\n|move|p1a: Magearna|Draining Kiss|p2a: Palafin\n|-damage|p2a: Palafin|75\/100\n|-heal|p1a: Magearna|27\/100|[from] drain|[of] p2a: Palafin\n|\n|-weather|RainDance|[upkeep]\n|-heal|p1a: Magearna|33\/100|[from] item: Leftovers\n|upkeep\n|turn|16\n|\n|t:|1699008046\n|move|p2a: Palafin|Jet Punch|p1a: Magearna\n|-damage|p1a: Magearna|0 fnt\n|faint|p1a: Magearna\n|\n|-weather|RainDance|[upkeep]\n|upkeep\n|\n|t:|1699008052\n|switch|p1a: Giratina|Giratina|100\/100\n|-ability|p1a: Giratina|Pressure\n|turn|17\n|\n|t:|1699008069\n|switch|p2a: Pelipper|Pelipper, M|20\/100\n|move|p1a: Giratina|Poltergeist|p2a: Pelipper\n|-activate|p2a: Pelipper|move: Poltergeist|Damp Rock\n|-damage|p2a: Pelipper|0 fnt\n|faint|p2a: Pelipper\n|\n|-weather|RainDance|[upkeep]\n|upkeep\n|\n|t:|1699008079\n|switch|p2a: Palkia|Palkia-Origin|100\/100\n|-ability|p2a: Palkia|Pressure\n|turn|18\n|\n|t:|1699008091\n|-terastallize|p1a: Giratina|Fairy\n|move|p2a: Palkia|Spacial Rend|p1a: Giratina\n|-immune|p1a: Giratina\n|move|p1a: Giratina|Poltergeist|p2a: Palkia\n|-activate|p2a: Palkia|move: Poltergeist|Lustrous Globe\n|-damage|p2a: Palkia|58\/100\n|\n|-weather|RainDance|[upkeep]\n|upkeep\n|turn|19\n|\n|t:|1699008113\n|move|p2a: Palkia|Hydro Pump|p1a: Giratina\n|-damage|p1a: Giratina|53\/100\n|move|p1a: Giratina|Poltergeist|p2a: Palkia\n|-activate|p2a: Palkia|move: Poltergeist|Lustrous Globe\n|-damage|p2a: Palkia|17\/100\n|\n|-weather|none\n|-heal|p1a: Giratina|59\/100|[from] item: Leftovers\n|upkeep\n|turn|20\n|\n|t:|1699008128\n|move|p2a: Palkia|Hydro Pump|p1a: Giratina\n|-damage|p1a: Giratina|28\/100\n|move|p1a: Giratina|Rest|p1a: Giratina\n|-status|p1a: Giratina|slp|[from] move: Rest\n|-heal|p1a: Giratina|100\/100 slp|[silent]\n|\n|upkeep\n|turn|21\n|\n|t:|1699008159\n|switch|p2a: Palafin|Palafin-Hero, M|75\/100\n|cant|p1a: Giratina|slp\n|\n|upkeep\n|turn|22\n|\n|t:|1699008194\n|move|p2a: Palafin|Iron Head|p1a: Giratina\n|-supereffective|p1a: Giratina\n|-damage|p1a: Giratina|48\/100 slp\n|cant|p1a: Giratina|slp\n|\n|-heal|p1a: Giratina|54\/100 slp|[from] item: Leftovers\n|upkeep\n|turn|23\n|\n|t:|1699008202\n|switch|p1a: Arceus|Arceus-Fire|100\/100\n|move|p2a: Palafin|Iron Head|p1a: Arceus\n|-resisted|p1a: Arceus\n|-damage|p1a: Arceus|83\/100\n|\n|upkeep\n|turn|24\n|\n|t:|1699008209\n|switch|p2a: Palkia|Palkia-Origin|17\/100\n|-ability|p2a: Palkia|Pressure\n|move|p1a: Arceus|Dragon Dance|p1a: Arceus\n|-boost|p1a: Arceus|atk|1\n|-boost|p1a: Arceus|spe|1\n|\n|upkeep\n|turn|25\n|\n|t:|1699008223\n|move|p1a: Arceus|Earthquake|p2a: Palkia\n|-damage|p2a: Palkia|0 fnt\n|faint|p2a: Palkia\n|\n|upkeep\n|\n|t:|1699008229\n|switch|p2a: Palafin|Palafin-Hero, M|75\/100\n|turn|26\n|\n|t:|1699008241\n|switch|p1a: Giratina|Giratina, tera:Fairy|54\/100 slp\n|-ability|p1a: Giratina|Pressure\n|-terastallize|p2a: Palafin|Water\n|move|p2a: Palafin|Jet Punch|p1a: Giratina\n|-damage|p1a: Giratina|8\/100 slp\n|\n|-heal|p1a: Giratina|14\/100 slp|[from] item: Leftovers\n|upkeep\n|turn|27\n|c|\u2606stampydog|gg\n|\n|t:|1699008253\n|move|p2a: Palafin|Jet Punch|p1a: Giratina\n|-damage|p1a: Giratina|0 fnt\n|faint|p1a: Giratina\n|\n|upkeep\n|c|\u2606amosamoswong|ggs\n|\n|t:|1699008258\n|switch|p1a: Arceus|Arceus-Fire|83\/100\n|turn|28\n|\n|t:|1699008263\n|move|p2a: Palafin|Jet Punch|p1a: Arceus\n|-supereffective|p1a: Arceus\n|-damage|p1a: Arceus|0 fnt\n|faint|p1a: Arceus\n|\n|win|amosamoswong\n","uploadtime":1699008270,"views":22,"p1id":"stampydog","p2id":"amosamoswong","formatid":"gen9ubers","rating":0,"private":0,"password":""}