{"id":"gen9ubers-1998612207","p1":"Npathy13","p2":"viadagem games","format":"[Gen 9] Ubers","log":"|j|\u2606Npathy13\n|j|\u2606viadagem games\n|t:|1700962871\n|gametype|singles\n|player|p1|Npathy13|lady|1293\n|player|p2|viadagem games|lady|1563\n|teamsize|p1|6\n|teamsize|p2|6\n|gen|9\n|tier|[Gen 9] Ubers\n|rated|\n|rule|Sleep Clause Mod: Limit one foe put to sleep\n|rule|Species Clause: Limit one of each Pok\u00e9mon\n|rule|OHKO Clause: OHKO moves are banned\n|rule|Evasion Items Clause: Evasion items are banned\n|rule|Evasion Moves Clause: Evasion moves are banned\n|rule|Endless Battle Clause: Forcing endless battles is banned\n|rule|HP Percentage Mod: HP is shown in percentages\n|clearpoke\n|poke|p1|Grimmsnarl, M|\n|poke|p1|Arceus-Ground|\n|poke|p1|Miraidon|\n|poke|p1|Sneasler, M|\n|poke|p1|Calyrex-Ice|\n|poke|p1|Zacian-*|\n|poke|p2|Grimmsnarl, M|\n|poke|p2|Zacian-*|\n|poke|p2|Koraidon|\n|poke|p2|Miraidon|\n|poke|p2|Arceus|\n|poke|p2|Calyrex-Ice|\n|teampreview\n|inactive|Battle timer is ON: inactive players will automatically lose when time's up. (requested by viadagem games)\n|\n|t:|1700962881\n|start\n|switch|p1a: Miraidon|Miraidon|100\/100\n|switch|p2a: Grimmsnarl|Grimmsnarl, M|100\/100\n|-fieldstart|move: Electric Terrain|[from] ability: Hadron Engine|[of] p1a: Miraidon\n|-enditem|p1a: Miraidon|Electric Seed\n|-boost|p1a: Miraidon|def|1|[from] item: Electric Seed\n|turn|1\n|j| Neutralist\n|\n|t:|1700962893\n|switch|p1a: Sneasler|Sneasler, M, shiny|100\/100\n|-enditem|p1a: Sneasler|Electric Seed\n|-boost|p1a: Sneasler|def|1|[from] item: Electric Seed\n|move|p2a: Grimmsnarl|Light Screen|p2a: Grimmsnarl\n|-sidestart|p2: viadagem games|move: Light Screen\n|\n|upkeep\n|turn|2\n|\n|t:|1700962898\n|move|p2a: Grimmsnarl|Taunt|p1a: Sneasler\n|-start|p1a: Sneasler|move: Taunt\n|cant|p1a: Sneasler|move: Taunt|Swords Dance\n|\n|upkeep\n|turn|3\n|\n|t:|1700962906\n|move|p2a: Grimmsnarl|Reflect|p2a: Grimmsnarl\n|-sidestart|p2: viadagem games|Reflect\n|move|p1a: Sneasler|Gunk Shot|p2a: Grimmsnarl\n|-supereffective|p2a: Grimmsnarl\n|-damage|p2a: Grimmsnarl|20\/100\n|\n|upkeep\n|turn|4\n|\n|t:|1700962911\n|move|p1a: Sneasler|Gunk Shot|p2a: Grimmsnarl\n|-supereffective|p2a: Grimmsnarl\n|-damage|p2a: Grimmsnarl|0 fnt\n|faint|p2a: Grimmsnarl\n|\n|-end|p1a: Sneasler|move: Taunt\n|upkeep\n|\n|t:|1700962914\n|switch|p2a: Zacian|Zacian-Crowned|100\/100\n|-ability|p2a: Zacian|Intrepid Sword|boost\n|-boost|p2a: Zacian|atk|1\n|turn|5\n|\n|t:|1700962920\n|move|p1a: Sneasler|Close Combat|p2a: Zacian\n|-damage|p2a: Zacian|70\/100\n|-unboost|p1a: Sneasler|def|1\n|-unboost|p1a: Sneasler|spd|1\n|move|p2a: Zacian|Behemoth Blade|p1a: Sneasler\n|-damage|p1a: Sneasler|0 fnt\n|faint|p1a: Sneasler\n|\n|-fieldend|move: Electric Terrain\n|upkeep\n|l| Neutralist\n|inactive|Npathy13 has 120 seconds left.\n|\n|t:|1700962954\n|switch|p1a: Arceus|Arceus-Ground|100\/100\n|turn|6\n|\n|t:|1700962975\n|move|p2a: Zacian|Behemoth Blade|p1a: Arceus\n|-damage|p1a: Arceus|34\/100\n|move|p1a: Arceus|Earthquake|p2a: Zacian\n|-supereffective|p2a: Zacian\n|-damage|p2a: Zacian|13\/100\n|\n|upkeep\n|turn|7\n|\n|t:|1700962983\n|move|p2a: Zacian|Behemoth Blade|p1a: Arceus\n|-damage|p1a: Arceus|0 fnt\n|faint|p1a: Arceus\n|\n|upkeep\n|\n|t:|1700962996\n|switch|p1a: Grimmsnarl|Grimmsnarl, M, shiny|100\/100\n|turn|8\n|\n|t:|1700963016\n|move|p2a: Zacian|Behemoth Blade|p1a: Grimmsnarl\n|-supereffective|p1a: Grimmsnarl\n|-damage|p1a: Grimmsnarl|0 fnt\n|faint|p1a: Grimmsnarl\n|\n|-sideend|p2: viadagem games|move: Light Screen\n|upkeep\n|\n|t:|1700963027\n|switch|p1a: Zacian|Zacian-Crowned|100\/100\n|-ability|p1a: Zacian|Intrepid Sword|boost\n|-boost|p1a: Zacian|atk|1\n|turn|9\n|\n|t:|1700963036\n|move|p2a: Zacian|Behemoth Blade|p1a: Zacian\n|-damage|p1a: Zacian|19\/100\n|move|p1a: Zacian|Tera Blast|p2a: Zacian\n|-resisted|p2a: Zacian\n|-damage|p2a: Zacian|7\/100\n|\n|upkeep\n|turn|10\n|\n|t:|1700963046\n|switch|p1a: Miraidon|Miraidon|100\/100\n|-fieldstart|move: Electric Terrain|[from] ability: Hadron Engine|[of] p1a: Miraidon\n|move|p2a: Zacian|Behemoth Blade|p1a: Miraidon\n|-resisted|p1a: Miraidon\n|-damage|p1a: Miraidon|62\/100\n|\n|-sideend|p2: viadagem games|Reflect\n|upkeep\n|turn|11\n|\n|t:|1700963055\n|move|p2a: Zacian|Play Rough|p1a: Miraidon|[miss]\n|-miss|p2a: Zacian|p1a: Miraidon\n|move|p1a: Miraidon|Parabolic Charge|p2a: Zacian\n|-damage|p2a: Zacian|0 fnt\n|-heal|p1a: Miraidon|65\/100|[from] drain|[of] p2a: Zacian\n|faint|p2a: Zacian\n|\n|upkeep\n|\n|t:|1700963064\n|switch|p2a: Calyrex|Calyrex-Ice|100\/100\n|-ability|p2a: Calyrex|As One\n|-ability|p2a: Calyrex|Unnerve\n|turn|12\n|\n|t:|1700963073\n|move|p1a: Miraidon|Parabolic Charge|p2a: Calyrex\n|-damage|p2a: Calyrex|56\/100\n|-heal|p1a: Miraidon|87\/100|[from] drain|[of] p2a: Calyrex\n|move|p2a: Calyrex|Glacial Lance|p1a: Miraidon\n|-supereffective|p1a: Miraidon\n|-damage|p1a: Miraidon|0 fnt\n|faint|p1a: Miraidon\n|-ability|p2a: Calyrex|Chilling Neigh|boost\n|-boost|p2a: Calyrex|atk|1\n|\n|upkeep\n|\n|t:|1700963082\n|switch|p1a: Zacian|Zacian-Crowned|19\/100\n|turn|13\n|c|\u2606Npathy13|!weak calyrex-ice-rider\n|c| Npathy13|\/raw <div class=\"infobox\">calyrex-ice-rider isn't a recognized type or Pokemon.<\/div>\n|c|\u2606Npathy13|!weak calyrex-ice\n|c| Npathy13|\/raw <div class=\"infobox\">Calyrex-Ice (ignoring abilities):<br \/><span class=\"message-effect-weak\">Weaknesses<\/span>: Bug, Dark, Fire, Ghost, Rock, Steel<br \/><span class=\"message-effect-resist\">Resistances<\/span>: Ice, Psychic<br \/><span class=\"message-effect-immune\">Immunities<\/span>: Frozen, Hail damage<\/div>\n|c|\u2606viadagem games|!weak chimchar\n|c| viadagem games|\/raw <div class=\"infobox\">Chimchar (ignoring abilities):<br \/><span class=\"message-effect-weak\">Weaknesses<\/span>: Ground, Rock, Water<br \/><span class=\"message-effect-resist\">Resistances<\/span>: Bug, Fairy, Fire, Grass, Ice, Steel<br \/><span class=\"message-effect-immune\">Immunities<\/span>: Burn<\/div>\n|\n|t:|1700963112\n|-terastallize|p2a: Calyrex|Fire\n|move|p1a: Zacian|Behemoth Blade|p2a: Calyrex\n|-resisted|p2a: Calyrex\n|-damage|p2a: Calyrex|37\/100\n|move|p2a: Calyrex|Trick Room|p2a: Calyrex\n|-fieldstart|move: Trick Room|[of] p2a: Calyrex\n|\n|upkeep\n|turn|14\n|\n|t:|1700963123\n|-terastallize|p1a: Zacian|Ground\n|move|p2a: Calyrex|Glacial Lance|p1a: Zacian\n|-supereffective|p1a: Zacian\n|-damage|p1a: Zacian|0 fnt\n|faint|p1a: Zacian\n|-ability|p2a: Calyrex|Chilling Neigh|boost\n|-boost|p2a: Calyrex|atk|1\n|\n|-fieldend|move: Electric Terrain\n|upkeep\n|\n|t:|1700963130\n|switch|p1a: Calyrex|Calyrex-Ice|100\/100\n|-ability|p1a: Calyrex|As One\n|-ability|p1a: Calyrex|Unnerve\n|turn|15\n|\n|t:|1700963135\n|move|p1a: Calyrex|High Horsepower|p2a: Calyrex|[miss]\n|-miss|p1a: Calyrex|p2a: Calyrex\n|move|p2a: Calyrex|Glacial Lance|p1a: Calyrex\n|-resisted|p1a: Calyrex\n|-damage|p1a: Calyrex|55\/100\n|\n|upkeep\n|turn|16\n|\n|t:|1700963141\n|move|p1a: Calyrex|High Horsepower|p2a: Calyrex\n|-supereffective|p2a: Calyrex\n|-crit|p2a: Calyrex\n|-damage|p2a: Calyrex|0 fnt\n|faint|p2a: Calyrex\n|-ability|p1a: Calyrex|Chilling Neigh|boost\n|-boost|p1a: Calyrex|atk|1\n|\n|upkeep\n|\n|t:|1700963149\n|switch|p2a: Miraidon|Miraidon|100\/100\n|-fieldstart|move: Electric Terrain|[from] ability: Hadron Engine|[of] p2a: Miraidon\n|turn|17\n|\n|t:|1700963154\n|move|p1a: Calyrex|Glacial Lance|p2a: Miraidon\n|-supereffective|p2a: Miraidon\n|-damage|p2a: Miraidon|0 fnt\n|faint|p2a: Miraidon\n|-ability|p1a: Calyrex|Chilling Neigh|boost\n|-boost|p1a: Calyrex|atk|1\n|\n|-fieldend|move: Trick Room\n|upkeep\n|\n|t:|1700963158\n|switch|p2a: Arceus|Arceus|100\/100\n|turn|18\n|\n|t:|1700963165\n|move|p2a: Arceus|Taunt|p1a: Calyrex\n|-start|p1a: Calyrex|move: Taunt\n|cant|p1a: Calyrex|move: Taunt|Trick Room\n|\n|upkeep\n|turn|19\n|\n|t:|1700963169\n|move|p2a: Arceus|Extreme Speed|p1a: Calyrex\n|-damage|p1a: Calyrex|26\/100\n|move|p1a: Calyrex|Glacial Lance|p2a: Arceus\n|-damage|p2a: Arceus|0 fnt\n|faint|p2a: Arceus\n|-ability|p1a: Calyrex|Chilling Neigh|boost\n|-boost|p1a: Calyrex|atk|1\n|\n|upkeep\n|\n|t:|1700963171\n|switch|p2a: Koraidon|Koraidon|100\/100\n|-weather|SunnyDay|[from] ability: Orichalcum Pulse|[of] p2a: Koraidon\n|-activate|p2a: Koraidon|Orichalcum Pulse|[source]\n|turn|20\n|\n|t:|1700963181\n|move|p2a: Koraidon|Flare Blitz|p1a: Calyrex\n|-supereffective|p1a: Calyrex\n|-damage|p1a: Calyrex|0 fnt\n|faint|p1a: Calyrex\n|-damage|p2a: Koraidon|90\/100|[from] Recoil\n|\n|win|viadagem games\n|raw|Npathy13's rating: 1293 &rarr; <strong>1285<\/strong><br \/>(-8 for losing)\n|raw|viadagem games's rating: 1575 &rarr; <strong>1582<\/strong><br \/>(+7 for winning)\n|c|\u2606Npathy13|gg\n|c|\u2606viadagem games|gg\n|l|\u2606viadagem games\n","uploadtime":1700963314,"views":4,"p1id":"npathy13","p2id":"viadagemgames","formatid":"gen9ubers","rating":1285,"private":0,"password":""}