{"id":"gen9ubers-1971204806","p1":"Ceslva34","p2":"alexfc98","format":"[Gen 9] Ubers","log":"|j|\u2606Ceslva34\n|j|\u2606alexfc98\n|t:|1697719529\n|gametype|singles\n|player|p1|Ceslva34|steven|1000\n|player|p2|alexfc98|1|1069\n|teamsize|p1|6\n|teamsize|p2|6\n|gen|9\n|tier|[Gen 9] Ubers\n|rated|\n|rule|Sleep Clause Mod: Limit one foe put to sleep\n|rule|Species Clause: Limit one of each Pok\u00e9mon\n|rule|OHKO Clause: OHKO moves are banned\n|rule|Evasion Items Clause: Evasion items are banned\n|rule|Evasion Moves Clause: Evasion moves are banned\n|rule|Endless Battle Clause: Forcing endless battles is banned\n|rule|HP Percentage Mod: HP is shown in percentages\n|clearpoke\n|poke|p1|Dragapult, M|\n|poke|p1|Cinderace, F|\n|poke|p1|Ribombee, F|\n|poke|p1|Iron Moth|\n|poke|p1|Regieleki|\n|poke|p1|Greninja-*, M|\n|poke|p2|Zacian-*|\n|poke|p2|Miraidon|\n|poke|p2|Ogerpon-Hearthflame, F|\n|poke|p2|Palkia-Origin|\n|poke|p2|Eternatus|\n|poke|p2|Darkrai|\n|teampreview\n|\n|t:|1697719540\n|start\n|switch|p1a: Ribombee|Ribombee, F|100\/100\n|switch|p2a: Darkrai|Darkrai|100\/100\n|turn|1\n|\n|t:|1697719547\n|move|p2a: Darkrai|Dark Void|p1a: Ribombee|[miss]\n|-miss|p2a: Darkrai|p1a: Ribombee\n|move|p1a: Ribombee|Quiver Dance|p1a: Ribombee\n|-boost|p1a: Ribombee|spa|1\n|-boost|p1a: Ribombee|spd|1\n|-boost|p1a: Ribombee|spe|1\n|\n|upkeep\n|turn|2\n|\n|t:|1697719560\n|move|p1a: Ribombee|Moonblast|p2a: Darkrai\n|-supereffective|p2a: Darkrai\n|-enditem|p2a: Darkrai|Focus Sash\n|-damage|p2a: Darkrai|1\/100\n|move|p2a: Darkrai|Dark Void|p1a: Ribombee\n|-status|p1a: Ribombee|slp|[from] move: Dark Void\n|\n|-damage|p1a: Ribombee|88\/100 slp|[from] ability: Bad Dreams|[of] p2a: Darkrai\n|upkeep\n|turn|3\n|\n|t:|1697719577\n|cant|p1a: Ribombee|slp\n|move|p2a: Darkrai|Nasty Plot|p2a: Darkrai\n|-boost|p2a: Darkrai|spa|2\n|\n|-damage|p1a: Ribombee|76\/100 slp|[from] ability: Bad Dreams|[of] p2a: Darkrai\n|upkeep\n|turn|4\n|\n|t:|1697719585\n|-curestatus|p1a: Ribombee|slp|[msg]\n|move|p1a: Ribombee|Moonblast|p2a: Darkrai\n|-supereffective|p2a: Darkrai\n|-damage|p2a: Darkrai|0 fnt\n|faint|p2a: Darkrai\n|\n|upkeep\n|\n|t:|1697719603\n|switch|p2a: Zacian|Zacian-Crowned, shiny|100\/100\n|-ability|p2a: Zacian|Intrepid Sword|boost\n|-boost|p2a: Zacian|atk|1\n|turn|5\n|\n|t:|1697719617\n|move|p1a: Ribombee|Stored Power|p2a: Zacian\n|-resisted|p2a: Zacian\n|-damage|p2a: Zacian|84\/100\n|move|p2a: Zacian|Agility|p2a: Zacian\n|-boost|p2a: Zacian|spe|2\n|\n|upkeep\n|turn|6\n|\n|t:|1697719628\n|move|p2a: Zacian|Behemoth Blade|p1a: Ribombee\n|-supereffective|p1a: Ribombee\n|-damage|p1a: Ribombee|0 fnt\n|faint|p1a: Ribombee\n|\n|upkeep\n|\n|t:|1697719637\n|switch|p1a: Cinderace|Cinderace, F|100\/100\n|turn|7\n|\n|t:|1697719656\n|move|p2a: Zacian|Play Rough|p1a: Cinderace\n|-resisted|p1a: Cinderace\n|-damage|p1a: Cinderace|38\/100\n|move|p1a: Cinderace|Pyro Ball|p2a: Zacian\n|-supereffective|p2a: Zacian\n|-crit|p2a: Zacian\n|-damage|p2a: Zacian|0 fnt\n|faint|p2a: Zacian\n|-damage|p1a: Cinderace|28\/100|[from] item: Life Orb\n|\n|upkeep\n|\n|t:|1697719666\n|switch|p2a: Palkia|Palkia-Origin, shiny|100\/100\n|-ability|p2a: Palkia|Pressure\n|turn|8\n|\n|t:|1697719678\n|move|p1a: Cinderace|Gunk Shot|p2a: Palkia\n|-start|p1a: Cinderace|typechange|Poison|[from] ability: Libero\n|-damage|p2a: Palkia|25\/100\n|-status|p2a: Palkia|psn\n|-damage|p1a: Cinderace|18\/100|[from] item: Life Orb\n|move|p2a: Palkia|Earth Power|p1a: Cinderace\n|-supereffective|p1a: Cinderace\n|-damage|p1a: Cinderace|0 fnt\n|faint|p1a: Cinderace\n|\n|-damage|p2a: Palkia|13\/100 psn|[from] psn\n|upkeep\n|\n|t:|1697719694\n|switch|p1a: Greninja|Greninja, M|100\/100\n|turn|9\n|\n|t:|1697719702\n|move|p1a: Greninja|Dark Pulse|p2a: Palkia\n|-damage|p2a: Palkia|0 fnt\n|faint|p2a: Palkia\n|-ability|p1a: Greninja|Battle Bond|boost\n|-boost|p1a: Greninja|atk|1\n|-boost|p1a: Greninja|spa|1\n|-boost|p1a: Greninja|spe|1\n|-activate|p1a: Greninja|ability: Battle Bond\n|\n|upkeep\n|\n|t:|1697719711\n|switch|p2a: Ogerpon|Ogerpon-Hearthflame, F|100\/100\n|-ability|p2a: Ogerpon|Mold Breaker\n|turn|10\n|\n|t:|1697719717\n|move|p1a: Greninja|Dark Pulse|p2a: Ogerpon\n|-damage|p2a: Ogerpon|9\/100\n|move|p2a: Ogerpon|Leech Seed|p1a: Greninja\n|-start|p1a: Greninja|move: Leech Seed\n|\n|-damage|p1a: Greninja|88\/100|[from] Leech Seed|[of] p2a: Ogerpon\n|-heal|p2a: Ogerpon|21\/100|[silent]\n|upkeep\n|turn|11\n|\n|t:|1697719726\n|move|p2a: Ogerpon|Protect|p2a: Ogerpon\n|-singleturn|p2a: Ogerpon|Protect\n|move|p1a: Greninja|Dark Pulse|p2a: Ogerpon\n|-activate|p2a: Ogerpon|move: Protect\n|\n|-damage|p1a: Greninja|76\/100|[from] Leech Seed|[of] p2a: Ogerpon\n|-heal|p2a: Ogerpon|32\/100|[silent]\n|upkeep\n|turn|12\n|\n|t:|1697719736\n|move|p2a: Ogerpon|Protect||[still]\n|-fail|p2a: Ogerpon\n|move|p1a: Greninja|Dark Pulse|p2a: Ogerpon\n|-damage|p2a: Ogerpon|0 fnt\n|faint|p2a: Ogerpon\n|\n|upkeep\n|\n|t:|1697719744\n|switch|p2a: Eternatus|Eternatus|100\/100\n|-ability|p2a: Eternatus|Pressure\n|turn|13\n|\n|t:|1697719749\n|move|p1a: Greninja|Dark Pulse|p2a: Eternatus\n|-damage|p2a: Eternatus|32\/100\n|move|p2a: Eternatus|Toxic|p1a: Greninja\n|-status|p1a: Greninja|tox\n|\n|-heal|p2a: Eternatus|38\/100|[from] item: Leftovers\n|-damage|p1a: Greninja|64\/100 tox|[from] Leech Seed|[of] p2a: Eternatus\n|-heal|p2a: Eternatus|46\/100|[silent]\n|-damage|p1a: Greninja|58\/100 tox|[from] psn\n|upkeep\n|turn|14\n|\n|t:|1697719763\n|move|p1a: Greninja|Dark Pulse|p2a: Eternatus\n|-damage|p2a: Eternatus|0 fnt\n|faint|p2a: Eternatus\n|\n|-damage|p1a: Greninja|46\/100 tox|[from] psn\n|upkeep\n|\n|t:|1697719770\n|switch|p2a: Miraidon|Miraidon|100\/100\n|-fieldstart|move: Electric Terrain|[from] ability: Hadron Engine|[of] p2a: Miraidon\n|-enditem|p2a: Miraidon|Electric Seed\n|-boost|p2a: Miraidon|def|1|[from] item: Electric Seed\n|turn|15\n|\n|t:|1697719777\n|-terastallize|p2a: Miraidon|Steel\n|move|p1a: Greninja|Dark Pulse|p2a: Miraidon\n|-damage|p2a: Miraidon|36\/100\n|move|p2a: Miraidon|Calm Mind|p2a: Miraidon\n|-boost|p2a: Miraidon|spa|1\n|-boost|p2a: Miraidon|spd|1\n|\n|-damage|p1a: Greninja|33\/100 tox|[from] Leech Seed|[of] p2a: Miraidon\n|-heal|p2a: Miraidon|46\/100|[silent]\n|-damage|p1a: Greninja|16\/100 tox|[from] psn\n|upkeep\n|turn|16\n|\n|t:|1697719789\n|move|p1a: Greninja|Dark Pulse|p2a: Miraidon\n|-damage|p2a: Miraidon|0 fnt\n|faint|p2a: Miraidon\n|\n|win|Ceslva34\n|raw|Ceslva34's rating: 1000 &rarr; <strong>1048<\/strong><br \/>(+48 for winning)\n|raw|alexfc98's rating: 1069 &rarr; <strong>1045<\/strong><br \/>(-24 for losing)\n|l|\u2606alexfc98\n","uploadtime":1697719812,"views":16,"p1id":"ceslva34","p2id":"alexfc98","formatid":"gen9ubers","rating":1045,"private":0,"password":""}