{"id":"gen9ubers-1978501537","p1":"FrostyRandom02","p2":"sword over shield","format":"[Gen 9] Ubers","log":"|j|\u2606FrostyRandom02\n|j|\u2606sword over shield\n|t:|1698547268\n|gametype|singles\n|player|p1|FrostyRandom02|riley|\n|player|p2|sword over shield|2|\n|teamsize|p1|6\n|teamsize|p2|6\n|gen|9\n|tier|[Gen 9] Ubers\n|rule|Sleep Clause Mod: Limit one foe put to sleep\n|rule|Species Clause: Limit one of each Pok\u00e9mon\n|rule|OHKO Clause: OHKO moves are banned\n|rule|Evasion Items Clause: Evasion items are banned\n|rule|Evasion Moves Clause: Evasion moves are banned\n|rule|Endless Battle Clause: Forcing endless battles is banned\n|rule|HP Percentage Mod: HP is shown in percentages\n|clearpoke\n|poke|p1|Okidogi, M|\n|poke|p1|Cyclizar, F|\n|poke|p1|Chi-Yu|\n|poke|p1|Espathra, F|\n|poke|p1|Rillaboom, F|\n|poke|p1|Zacian-*|\n|poke|p2|Zacian-*|\n|poke|p2|Roaring Moon|\n|poke|p2|Masquerain, M|\n|poke|p2|Arceus-Ice|\n|poke|p2|Shaymin-Sky|\n|poke|p2|Spectrier|\n|teampreview\n|\n|t:|1698547299\n|start\n|switch|p1a: Cyclizar|Cyclizar, F|100\/100\n|switch|p2a: Spectrier|Spectrier|100\/100\n|turn|1\n|\n|t:|1698547310\n|move|p2a: Spectrier|Draining Kiss|p1a: Cyclizar\n|-supereffective|p1a: Cyclizar\n|-damage|p1a: Cyclizar|43\/100\n|move|p1a: Cyclizar|Knock Off|p2a: Spectrier\n|-supereffective|p2a: Spectrier\n|-damage|p2a: Spectrier|35\/100\n|-enditem|p2a: Spectrier|Heavy-Duty Boots|[from] move: Knock Off|[of] p1a: Cyclizar\n|\n|upkeep\n|turn|2\n|\n|t:|1698547328\n|switch|p1a: Okidogi|Okidogi, M|100\/100\n|move|p2a: Spectrier|Draining Kiss|p1a: Okidogi\n|-damage|p1a: Okidogi|88\/100\n|-heal|p2a: Spectrier|46\/100|[from] drain|[of] p1a: Okidogi\n|\n|-heal|p1a: Okidogi|94\/100|[from] item: Leftovers\n|upkeep\n|turn|3\n|\n|t:|1698547340\n|switch|p2a: Masquerain|Masquerain, M|100\/100\n|-ability|p2a: Masquerain|Intimidate|boost\n|-ability|p1a: Okidogi|Guard Dog|boost\n|-boost|p1a: Okidogi|atk|1\n|move|p1a: Okidogi|Bulk Up|p1a: Okidogi\n|-boost|p1a: Okidogi|atk|1\n|-boost|p1a: Okidogi|def|1\n|\n|-heal|p1a: Okidogi|99\/100|[from] item: Leftovers\n|upkeep\n|turn|4\n|c|\u2606sword over shield|!dt guard dog\n|raw|<ul class=\"utilichart\"><li class=\"result\"><span class=\"col namecol\"><a href=\"https:\/\/dex.pokemonshowdown.com\/abilities\/guarddog\">Guard Dog<\/a><\/span> <span class=\"col abilitydesccol\">Immune to Intimidate. Intimidated: +1 Attack. Cannot be forced to switch out.<\/span> <\/li><li style=\"clear:both\"><\/li><\/ul>\n|raw|<font size=\"1\"><font color=\"#686868\">Gen:<\/font> 9&nbsp;|&ThickSpace;&#10003; Ignored by Mold Breaker<\/font>\n\n|c|\u2606sword over shield|huh\n|\n|t:|1698547368\n|move|p2a: Masquerain|Hurricane|p1a: Okidogi|[miss]\n|-miss|p2a: Masquerain|p1a: Okidogi\n|move|p1a: Okidogi|Poison Jab|p2a: Masquerain\n|-enditem|p2a: Masquerain|Focus Sash\n|-damage|p2a: Masquerain|1\/100\n|\n|-heal|p1a: Okidogi|100\/100|[from] item: Leftovers\n|upkeep\n|turn|5\n|\n|t:|1698547379\n|move|p2a: Masquerain|Hurricane|p1a: Okidogi\n|-supereffective|p1a: Okidogi\n|-crit|p1a: Okidogi\n|-damage|p1a: Okidogi|16\/100\n|-start|p1a: Okidogi|confusion\n|-activate|p1a: Okidogi|confusion\n|move|p1a: Okidogi|Knock Off|p2a: Masquerain\n|-damage|p2a: Masquerain|0 fnt\n|faint|p2a: Masquerain\n|\n|-heal|p1a: Okidogi|22\/100|[from] item: Leftovers\n|upkeep\n|\n|t:|1698547385\n|switch|p2a: Spectrier|Spectrier|46\/100\n|turn|6\n|c|\u2606FrostyRandom02|Course\n|\n|t:|1698547394\n|move|p2a: Spectrier|Substitute|p2a: Spectrier\n|-start|p2a: Spectrier|Substitute\n|-damage|p2a: Spectrier|21\/100\n|-end|p1a: Okidogi|confusion\n|move|p1a: Okidogi|Knock Off|p2a: Spectrier\n|-supereffective|p2a: Spectrier\n|-end|p2a: Spectrier|Substitute\n|\n|-heal|p1a: Okidogi|28\/100|[from] item: Leftovers\n|upkeep\n|turn|7\n|\n|t:|1698547403\n|move|p2a: Spectrier|Shadow Ball|p1a: Okidogi\n|-damage|p1a: Okidogi|0 fnt\n|faint|p1a: Okidogi\n|-ability|p2a: Spectrier|Grim Neigh|boost\n|-boost|p2a: Spectrier|spa|1\n|\n|upkeep\n|\n|t:|1698547406\n|switch|p1a: Rillaboom|Rillaboom, F|100\/100\n|-fieldstart|move: Grassy Terrain|[from] ability: Grassy Surge|[of] p1a: Rillaboom\n|turn|8\n|\n|t:|1698547421\n|switch|p2a: Shaymin|Shaymin-Sky|100\/100\n|move|p1a: Rillaboom|Grassy Glide|p2a: Shaymin\n|-resisted|p2a: Shaymin\n|-crit|p2a: Shaymin\n|-damage|p2a: Shaymin|70\/100\n|\n|upkeep\n|turn|9\n|\n|t:|1698547431\n|switch|p1a: Espathra|Espathra, F|100\/100\n|-enditem|p1a: Espathra|Grassy Seed\n|-boost|p1a: Espathra|def|1|[from] item: Grassy Seed\n|move|p2a: Shaymin|Air Slash|p1a: Espathra\n|-damage|p1a: Espathra|52\/100\n|\n|-heal|p1a: Espathra|58\/100|[from] Grassy Terrain\n|upkeep\n|turn|10\n|\n|t:|1698547442\n|move|p1a: Espathra|Protect|p1a: Espathra\n|-singleturn|p1a: Espathra|Protect\n|move|p2a: Shaymin|Seed Flare|p1a: Espathra\n|-activate|p1a: Espathra|move: Protect\n|\n|-heal|p1a: Espathra|64\/100|[from] Grassy Terrain\n|-ability|p1a: Espathra|Speed Boost|boost\n|-boost|p1a: Espathra|spe|1\n|upkeep\n|turn|11\n|\n|t:|1698547447\n|move|p1a: Espathra|Calm Mind|p1a: Espathra\n|-boost|p1a: Espathra|spa|1\n|-boost|p1a: Espathra|spd|1\n|move|p2a: Shaymin|Seed Flare|p1a: Espathra\n|-damage|p1a: Espathra|12\/100\n|-unboost|p1a: Espathra|spd|2\n|\n|-heal|p1a: Espathra|18\/100|[from] Grassy Terrain\n|-ability|p1a: Espathra|Speed Boost|boost\n|-boost|p1a: Espathra|spe|1\n|upkeep\n|turn|12\n|\n|t:|1698547461\n|move|p1a: Espathra|Protect|p1a: Espathra\n|-singleturn|p1a: Espathra|Protect\n|move|p2a: Shaymin|Air Slash|p1a: Espathra\n|-activate|p1a: Espathra|move: Protect\n|\n|-heal|p1a: Espathra|24\/100|[from] Grassy Terrain\n|-fieldend|move: Grassy Terrain\n|-ability|p1a: Espathra|Speed Boost|boost\n|-boost|p1a: Espathra|spe|1\n|upkeep\n|turn|13\n|\n|t:|1698547471\n|move|p1a: Espathra|Stored Power|p2a: Shaymin\n|-damage|p2a: Shaymin|0 fnt\n|faint|p2a: Shaymin\n|\n|-ability|p1a: Espathra|Speed Boost|boost\n|-boost|p1a: Espathra|spe|1\n|upkeep\n|\n|t:|1698547485\n|switch|p2a: Roaring Moon|Roaring Moon|100\/100\n|-enditem|p2a: Roaring Moon|Booster Energy\n|-activate|p2a: Roaring Moon|ability: Protosynthesis|[fromitem]\n|-start|p2a: Roaring Moon|protosynthesisatk\n|turn|14\n|\n|t:|1698547497\n|move|p1a: Espathra|Protect|p1a: Espathra\n|-singleturn|p1a: Espathra|Protect\n|move|p2a: Roaring Moon|Dragon Dance|p2a: Roaring Moon\n|-boost|p2a: Roaring Moon|atk|1\n|-boost|p2a: Roaring Moon|spe|1\n|\n|-ability|p1a: Espathra|Speed Boost|boost\n|-boost|p1a: Espathra|spe|1\n|upkeep\n|turn|15\n|\n|t:|1698547507\n|-terastallize|p2a: Roaring Moon|Flying\n|move|p1a: Espathra|Dazzling Gleam|p2a: Roaring Moon\n|-damage|p2a: Roaring Moon|73\/100\n|move|p2a: Roaring Moon|Acrobatics|p1a: Espathra\n|-damage|p1a: Espathra|0 fnt\n|faint|p1a: Espathra\n|\n|upkeep\n|\n|t:|1698547518\n|switch|p1a: Cyclizar|Cyclizar, F|76\/100\n|turn|16\n|\n|t:|1698547525\n|move|p2a: Roaring Moon|Acrobatics|p1a: Cyclizar\n|-damage|p1a: Cyclizar|0 fnt\n|faint|p1a: Cyclizar\n|\n|upkeep\n|\n|t:|1698547529\n|switch|p1a: Rillaboom|Rillaboom, F|100\/100\n|-fieldstart|move: Grassy Terrain|[from] ability: Grassy Surge|[of] p1a: Rillaboom\n|turn|17\n|\n|t:|1698547535\n|move|p1a: Rillaboom|Grassy Glide|p2a: Roaring Moon\n|-resisted|p2a: Roaring Moon\n|-damage|p2a: Roaring Moon|38\/100\n|move|p2a: Roaring Moon|Acrobatics|p1a: Rillaboom\n|-supereffective|p1a: Rillaboom\n|-damage|p1a: Rillaboom|0 fnt\n|faint|p1a: Rillaboom\n|\n|upkeep\n|\n|t:|1698547540\n|switch|p1a: Zacian|Zacian|100\/100\n|-ability|p1a: Zacian|Intrepid Sword|boost\n|-boost|p1a: Zacian|atk|1\n|turn|18\n|\n|t:|1698547545\n|move|p2a: Roaring Moon|Acrobatics|p1a: Zacian\n|-damage|p1a: Zacian|0 fnt\n|faint|p1a: Zacian\n|\n|upkeep\n|\n|t:|1698547547\n|switch|p1a: Chi-Yu|Chi-Yu|100\/100\n|-ability|p1a: Chi-Yu|Beads of Ruin\n|turn|19\n|\n|t:|1698547552\n|move|p2a: Roaring Moon|Acrobatics|p1a: Chi-Yu\n|-damage|p1a: Chi-Yu|0 fnt\n|faint|p1a: Chi-Yu\n|\n|win|sword over shield\n|l|\u2606FrostyRandom02\n","uploadtime":1698547581,"views":11,"p1id":"frostyrandom02","p2id":"swordovershield","formatid":"gen9ubers","rating":0,"private":0,"password":""}