{"id":"gen9ubers-1987248602","p1":"Anne Frankkkk","p2":"a sad rat","format":"[Gen 9] Ubers","log":"|j|\u2606Anne Frankkkk\n|j|\u2606a sad rat\n|t:|1699569286\n|gametype|singles\n|player|p1|Anne Frankkkk|hilbert|1116\n|player|p2|a sad rat|2|1353\n|teamsize|p1|6\n|teamsize|p2|6\n|gen|9\n|tier|[Gen 9] Ubers\n|rated|\n|rule|Sleep Clause Mod: Limit one foe put to sleep\n|rule|Species Clause: Limit one of each Pok\u00e9mon\n|rule|OHKO Clause: OHKO moves are banned\n|rule|Evasion Items Clause: Evasion items are banned\n|rule|Evasion Moves Clause: Evasion moves are banned\n|rule|Endless Battle Clause: Forcing endless battles is banned\n|rule|HP Percentage Mod: HP is shown in percentages\n|clearpoke\n|poke|p1|Iron Hands|\n|poke|p1|Kyogre|\n|poke|p1|Chien-Pao|\n|poke|p1|Ribombee, F|\n|poke|p1|Miraidon|\n|poke|p1|Flutter Mane|\n|poke|p2|Chi-Yu|\n|poke|p2|Koraidon|\n|poke|p2|Groudon|\n|poke|p2|Regieleki|\n|poke|p2|Zacian-*|\n|poke|p2|Flutter Mane|\n|teampreview\n|inactive|Battle timer is ON: inactive players will automatically lose when time's up. (requested by Anne Frankkkk)\n|\n|t:|1699569298\n|start\n|switch|p1a: Moonblast|Ribombee, F, shiny|100\/100\n|switch|p2a: Koraidon|Koraidon|100\/100\n|-weather|SunnyDay|[from] ability: Orichalcum Pulse|[of] p2a: Koraidon\n|-activate|p2a: Koraidon|Orichalcum Pulse|[source]\n|turn|1\n|\n|t:|1699569309\n|move|p2a: Koraidon|Flare Blitz|p1a: Moonblast\n|-supereffective|p1a: Moonblast\n|-enditem|p1a: Moonblast|Focus Sash\n|-damage|p1a: Moonblast|1\/100\n|-damage|p2a: Koraidon|75\/100|[from] Recoil\n|move|p1a: Moonblast|Stun Spore|p2a: Koraidon\n|-status|p2a: Koraidon|par\n|\n|-weather|SunnyDay|[upkeep]\n|upkeep\n|turn|2\n|\n|t:|1699569316\n|move|p1a: Moonblast|Sticky Web|p2a: Koraidon\n|-sidestart|p2: a sad rat|move: Sticky Web\n|move|p2a: Koraidon|Flare Blitz|p1a: Moonblast\n|-supereffective|p1a: Moonblast\n|-damage|p1a: Moonblast|0 fnt\n|faint|p1a: Moonblast\n|-damage|p2a: Koraidon|75\/100 par|[from] Recoil\n|\n|-weather|SunnyDay|[upkeep]\n|upkeep\n|\n|t:|1699569329\n|switch|p1a: Ice Cat|Chien-Pao|100\/100\n|-ability|p1a: Ice Cat|Sword of Ruin\n|turn|3\n|\n|t:|1699569334\n|move|p1a: Ice Cat|Swords Dance|p1a: Ice Cat\n|-boost|p1a: Ice Cat|atk|2\n|move|p2a: Koraidon|Flare Blitz|p1a: Ice Cat\n|-supereffective|p1a: Ice Cat\n|-crit|p1a: Ice Cat\n|-enditem|p1a: Ice Cat|Focus Sash\n|-damage|p1a: Ice Cat|1\/100\n|-damage|p2a: Koraidon|46\/100 par|[from] Recoil\n|\n|-weather|SunnyDay|[upkeep]\n|upkeep\n|turn|4\n|\n|t:|1699569343\n|move|p1a: Ice Cat|Ice Spinner|p2a: Koraidon\n|-supereffective|p2a: Koraidon\n|-damage|p2a: Koraidon|0 fnt\n|faint|p2a: Koraidon\n|\n|-weather|SunnyDay|[upkeep]\n|upkeep\n|\n|t:|1699569349\n|switch|p2a: Regieleki|Regieleki|100\/100\n|turn|5\n|\n|t:|1699569351\n|move|p1a: Ice Cat|Sucker Punch|p2a: Regieleki\n|-damage|p2a: Regieleki|0 fnt\n|faint|p2a: Regieleki\n|\n|-weather|none\n|upkeep\n|-message|a sad rat forfeited.\n|\n|win|Anne Frankkkk\n|raw|Anne Frankkkk's rating: 1116 &rarr; <strong>1156<\/strong><br \/>(+40 for winning)\n|raw|a sad rat's rating: 1353 &rarr; <strong>1321<\/strong><br \/>(-32 for losing)\n|l|\u2606a sad rat\n","uploadtime":1699569368,"views":4,"p1id":"annefrankkkk","p2id":"asadrat","formatid":"gen9ubers","rating":1156,"private":0,"password":""}