{"id":"gen9ubers-1983160793","p1":"AubreyOmori1","p2":"Gettinglaidtoday","format":"[Gen 9] Ubers","log":"|j|\u2606AubreyOmori1\n|j|\u2606Gettinglaidtoday\n|t:|1699098259\n|gametype|singles\n|player|p1|AubreyOmori1|roxie|1378\n|player|p2|Gettinglaidtoday|scientist|1316\n|teamsize|p1|6\n|teamsize|p2|6\n|gen|9\n|tier|[Gen 9] Ubers\n|rated|\n|rule|Sleep Clause Mod: Limit one foe put to sleep\n|rule|Species Clause: Limit one of each Pok\u00e9mon\n|rule|OHKO Clause: OHKO moves are banned\n|rule|Evasion Items Clause: Evasion items are banned\n|rule|Evasion Moves Clause: Evasion moves are banned\n|rule|Endless Battle Clause: Forcing endless battles is banned\n|rule|HP Percentage Mod: HP is shown in percentages\n|clearpoke\n|poke|p1|Ribombee, F|\n|poke|p1|Arceus|\n|poke|p1|Miraidon|\n|poke|p1|Zacian-*|\n|poke|p1|Koraidon|\n|poke|p1|Flutter Mane|\n|poke|p2|Zacian-*|\n|poke|p2|Arceus-Fairy|\n|poke|p2|Ting-Lu|\n|poke|p2|Miraidon|\n|poke|p2|Skeledirge, F|\n|poke|p2|Regieleki|\n|teampreview\n|inactive|Battle timer is ON: inactive players will automatically lose when time's up. (requested by Gettinglaidtoday)\n|\n|t:|1699098275\n|start\n|switch|p1a: Needle|Ribombee, F, shiny|100\/100\n|switch|p2a: Regieleki|Regieleki|100\/100\n|turn|1\n|\n|t:|1699098279\n|move|p2a: Regieleki|Light Screen|p2a: Regieleki\n|-sidestart|p2: Gettinglaidtoday|move: Light Screen\n|move|p1a: Needle|Sticky Web|p2a: Regieleki\n|-sidestart|p2: Gettinglaidtoday|move: Sticky Web\n|\n|upkeep\n|turn|2\n|\n|t:|1699098284\n|move|p2a: Regieleki|Rapid Spin|p1a: Needle\n|-damage|p1a: Needle|78\/100\n|-boost|p2a: Regieleki|spe|1\n|-sideend|p2: Gettinglaidtoday|Sticky Web|[from] move: Rapid Spin|[of] p2a: Regieleki\n|move|p1a: Needle|Tailwind|p1a: Needle\n|-sidestart|p1: AubreyOmori1|move: Tailwind\n|\n|upkeep\n|turn|3\n|\n|t:|1699098291\n|move|p2a: Regieleki|Volt Switch|p1a: Needle\n|-damage|p1a: Needle|29\/100\n|\n|t:|1699098296\n|switch|p2a: Miraidon|Miraidon|100\/100|[from] Volt Switch\n|-fieldstart|move: Electric Terrain|[from] ability: Hadron Engine|[of] p2a: Miraidon\n|move|p1a: Needle|Moonblast|p2a: Miraidon\n|-supereffective|p2a: Miraidon\n|-damage|p2a: Miraidon|63\/100\n|\n|upkeep\n|turn|4\n|\n|t:|1699098304\n|move|p1a: Needle|Sticky Web|p2a: Miraidon\n|-sidestart|p2: Gettinglaidtoday|move: Sticky Web\n|move|p2a: Miraidon|Electro Drift|p1a: Needle\n|-damage|p1a: Needle|0 fnt\n|faint|p1a: Needle\n|\n|upkeep\n|\n|t:|1699098317\n|switch|p1a: Yoshi|Koraidon|100\/100\n|-weather|SunnyDay|[from] ability: Orichalcum Pulse|[of] p1a: Yoshi\n|-activate|p1a: Yoshi|Orichalcum Pulse|[source]\n|turn|5\n|\n|t:|1699098329\n|switch|p2a: Skeledirge|Skeledirge, F|100\/100\n|-activate|p2a: Skeledirge|move: Sticky Web\n|-unboost|p2a: Skeledirge|spe|1\n|move|p1a: Yoshi|Scale Shot|p2a: Skeledirge\n|-damage|p2a: Skeledirge|87\/100\n|-damage|p2a: Skeledirge|71\/100\n|-damage|p2a: Skeledirge|57\/100\n|-damage|p2a: Skeledirge|41\/100\n|-hitcount|p2a: Skeledirge|4\n|-unboost|p1a: Yoshi|def|1\n|-boost|p1a: Yoshi|spe|1\n|\n|-weather|SunnyDay|[upkeep]\n|-heal|p2a: Skeledirge|47\/100|[from] item: Leftovers\n|-sideend|p2: Gettinglaidtoday|move: Light Screen\n|-sideend|p1: AubreyOmori1|move: Tailwind\n|upkeep\n|turn|6\n|\n|t:|1699098344\n|-terastallize|p2a: Skeledirge|Fairy\n|move|p1a: Yoshi|Scale Shot|p2a: Skeledirge\n|-immune|p2a: Skeledirge\n|move|p2a: Skeledirge|Will-O-Wisp|p1a: Yoshi\n|-status|p1a: Yoshi|brn\n|\n|-weather|SunnyDay|[upkeep]\n|-heal|p2a: Skeledirge|53\/100|[from] item: Leftovers\n|-damage|p1a: Yoshi|94\/100 brn|[from] brn\n|upkeep\n|turn|7\n|\n|t:|1699098351\n|move|p1a: Yoshi|Flare Blitz|p2a: Skeledirge\n|-damage|p2a: Skeledirge|15\/100\n|-damage|p1a: Yoshi|79\/100 brn|[from] Recoil\n|move|p2a: Skeledirge|Slack Off|p2a: Skeledirge\n|-heal|p2a: Skeledirge|65\/100\n|\n|-weather|SunnyDay|[upkeep]\n|-heal|p2a: Skeledirge|71\/100|[from] item: Leftovers\n|-damage|p1a: Yoshi|73\/100 brn|[from] brn\n|-fieldend|move: Electric Terrain\n|upkeep\n|turn|8\n|\n|t:|1699098356\n|move|p1a: Yoshi|Swords Dance|p1a: Yoshi\n|-boost|p1a: Yoshi|atk|2\n|move|p2a: Skeledirge|Slack Off|p2a: Skeledirge\n|-heal|p2a: Skeledirge|100\/100\n|\n|-weather|SunnyDay|[upkeep]\n|-damage|p1a: Yoshi|67\/100 brn|[from] brn\n|upkeep\n|turn|9\n|\n|t:|1699098359\n|move|p1a: Yoshi|Flare Blitz|p2a: Skeledirge\n|-damage|p2a: Skeledirge|64\/100\n|-damage|p1a: Yoshi|52\/100 brn|[from] Recoil\n|move|p2a: Skeledirge|Hex|p1a: Yoshi\n|-damage|p1a: Yoshi|4\/100 brn\n|\n|-weather|none\n|-heal|p2a: Skeledirge|70\/100|[from] item: Leftovers\n|-damage|p1a: Yoshi|0 fnt|[from] brn\n|faint|p1a: Yoshi\n|upkeep\n|\n|t:|1699098362\n|switch|p1a: Hero|Zacian-Crowned, shiny|100\/100\n|-ability|p1a: Hero|Intrepid Sword|boost\n|-boost|p1a: Hero|atk|1\n|turn|10\n|\n|t:|1699098371\n|switch|p2a: Ting-Lu|Ting-Lu|100\/100\n|-activate|p2a: Ting-Lu|move: Sticky Web\n|-unboost|p2a: Ting-Lu|spe|1\n|-ability|p2a: Ting-Lu|Vessel of Ruin\n|move|p1a: Hero|Behemoth Blade|p2a: Ting-Lu\n|-damage|p2a: Ting-Lu|62\/100\n|\n|-heal|p2a: Ting-Lu|68\/100|[from] item: Leftovers\n|upkeep\n|turn|11\n|\n|t:|1699098378\n|-terastallize|p1a: Hero|Flying\n|move|p1a: Hero|Swords Dance|p1a: Hero\n|-boost|p1a: Hero|atk|2\n|move|p2a: Ting-Lu|Whirlwind|p1a: Hero\n|drag|p1a: Shaggy|Arceus, shiny|100\/100\n|\n|-heal|p2a: Ting-Lu|74\/100|[from] item: Leftovers\n|upkeep\n|turn|12\n|\n|t:|1699098390\n|move|p1a: Shaggy|Swords Dance|p1a: Shaggy\n|-boost|p1a: Shaggy|atk|2\n|move|p2a: Ting-Lu|Stealth Rock|p1a: Shaggy\n|-sidestart|p1: AubreyOmori1|move: Stealth Rock\n|\n|-heal|p2a: Ting-Lu|80\/100|[from] item: Leftovers\n|upkeep\n|turn|13\n|\n|t:|1699098395\n|move|p1a: Shaggy|Extreme Speed|p2a: Ting-Lu\n|-damage|p2a: Ting-Lu|46\/100\n|move|p2a: Ting-Lu|Whirlwind|p1a: Shaggy\n|drag|p1a: Amelia|Flutter Mane|100\/100\n|-damage|p1a: Amelia|88\/100|[from] Stealth Rock\n|\n|-heal|p2a: Ting-Lu|53\/100|[from] item: Leftovers\n|upkeep\n|turn|14\n|\n|t:|1699098402\n|switch|p2a: Regieleki|Regieleki|100\/100\n|move|p1a: Amelia|Moonblast|p2a: Regieleki\n|-crit|p2a: Regieleki\n|-damage|p2a: Regieleki|0 fnt\n|faint|p2a: Regieleki\n|-damage|p1a: Amelia|78\/100|[from] item: Life Orb\n|\n|upkeep\n|j| ZowwyCafe\u2764\n|\n|t:|1699098427\n|switch|p2a: Skeledirge|Skeledirge, F, tera:Fairy|70\/100\n|-activate|p2a: Skeledirge|move: Sticky Web\n|-unboost|p2a: Skeledirge|spe|1\n|turn|15\n|\n|t:|1699098436\n|move|p1a: Amelia|Mystical Fire|p2a: Skeledirge\n|-damage|p2a: Skeledirge|44\/100\n|-unboost|p2a: Skeledirge|spa|1\n|-damage|p1a: Amelia|68\/100|[from] item: Life Orb\n|move|p2a: Skeledirge|Slack Off|p2a: Skeledirge\n|-heal|p2a: Skeledirge|94\/100\n|\n|-heal|p2a: Skeledirge|100\/100|[from] item: Leftovers\n|upkeep\n|turn|16\n|\n|t:|1699098443\n|move|p1a: Amelia|Moonblast|p2a: Skeledirge\n|-damage|p2a: Skeledirge|53\/100\n|-damage|p1a: Amelia|58\/100|[from] item: Life Orb\n|move|p2a: Skeledirge|Hex|p1a: Amelia\n|-supereffective|p1a: Amelia\n|-damage|p1a: Amelia|24\/100\n|\n|-heal|p2a: Skeledirge|59\/100|[from] item: Leftovers\n|upkeep\n|turn|17\n|\n|t:|1699098455\n|move|p1a: Amelia|Moonblast|p2a: Skeledirge\n|-crit|p2a: Skeledirge\n|-damage|p2a: Skeledirge|0 fnt\n|faint|p2a: Skeledirge\n|-damage|p1a: Amelia|14\/100|[from] item: Life Orb\n|\n|upkeep\n|\n|t:|1699098470\n|switch|p2a: Arceus|Arceus-Fairy|100\/100\n|-activate|p2a: Arceus|move: Sticky Web\n|-unboost|p2a: Arceus|spe|1\n|turn|18\n|\n|t:|1699098475\n|move|p1a: Amelia|Mystical Fire|p2a: Arceus\n|-damage|p2a: Arceus|77\/100\n|-unboost|p2a: Arceus|spa|1\n|-damage|p1a: Amelia|4\/100|[from] item: Life Orb\n|move|p2a: Arceus|Calm Mind|p2a: Arceus\n|-boost|p2a: Arceus|spa|1\n|-boost|p2a: Arceus|spd|1\n|\n|upkeep\n|turn|19\n|\n|t:|1699098484\n|move|p1a: Amelia|Calm Mind|p1a: Amelia\n|-boost|p1a: Amelia|spa|1\n|-boost|p1a: Amelia|spd|1\n|move|p2a: Arceus|Calm Mind|p2a: Arceus\n|-boost|p2a: Arceus|spa|1\n|-boost|p2a: Arceus|spd|1\n|\n|upkeep\n|turn|20\n|\n|t:|1699098488\n|move|p1a: Amelia|Mystical Fire|p2a: Arceus\n|-damage|p2a: Arceus|59\/100\n|-unboost|p2a: Arceus|spa|1\n|-damage|p1a: Amelia|0 fnt|[from] item: Life Orb\n|faint|p1a: Amelia\n|-end|p1a: Amelia|Protosynthesis|[silent]\n|move|p2a: Arceus|Calm Mind|p2a: Arceus\n|-boost|p2a: Arceus|spa|1\n|-boost|p2a: Arceus|spd|1\n|\n|upkeep\n|\n|t:|1699098494\n|switch|p1a: Hero|Zacian-Crowned, shiny, tera:Flying|100\/100\n|-damage|p1a: Hero|76\/100|[from] Stealth Rock\n|turn|21\n|inactive|Gettinglaidtoday has 120 seconds left.\n|\n|t:|1699098544\n|move|p1a: Hero|Behemoth Blade|p2a: Arceus\n|-supereffective|p2a: Arceus\n|-damage|p2a: Arceus|0 fnt\n|faint|p2a: Arceus\n|\n|upkeep\n|\n|t:|1699098552\n|switch|p2a: Zacian|Zacian-Crowned|100\/100\n|-activate|p2a: Zacian|move: Sticky Web\n|-unboost|p2a: Zacian|spe|1\n|-ability|p2a: Zacian|Intrepid Sword|boost\n|-boost|p2a: Zacian|atk|1\n|turn|22\n|\n|t:|1699098559\n|move|p1a: Hero|Behemoth Blade|p2a: Zacian\n|-damage|p2a: Zacian|43\/100\n|move|p2a: Zacian|Behemoth Blade|p1a: Hero\n|-damage|p1a: Hero|0 fnt\n|faint|p1a: Hero\n|\n|upkeep\n|\n|t:|1699098567\n|switch|p1a: Robot Flower|Miraidon|100\/100\n|-damage|p1a: Robot Flower|88\/100|[from] Stealth Rock\n|-fieldstart|move: Electric Terrain|[from] ability: Hadron Engine|[of] p1a: Robot Flower\n|turn|23\n|\n|t:|1699098573\n|switch|p2a: Ting-Lu|Ting-Lu|53\/100\n|-activate|p2a: Ting-Lu|move: Sticky Web\n|-unboost|p2a: Ting-Lu|spe|1\n|-ability|p2a: Ting-Lu|Vessel of Ruin\n|move|p1a: Robot Flower|Substitute|p1a: Robot Flower\n|-start|p1a: Robot Flower|Substitute\n|-damage|p1a: Robot Flower|63\/100\n|\n|-heal|p2a: Ting-Lu|59\/100|[from] item: Leftovers\n|upkeep\n|turn|24\n|\n|t:|1699098584\n|move|p1a: Robot Flower|Calm Mind|p1a: Robot Flower\n|-boost|p1a: Robot Flower|spa|1\n|-boost|p1a: Robot Flower|spd|1\n|move|p2a: Ting-Lu|Whirlwind|p1a: Robot Flower\n|drag|p1a: Shaggy|Arceus, shiny|100\/100\n|-damage|p1a: Shaggy|88\/100|[from] Stealth Rock\n|\n|-heal|p1a: Shaggy|94\/100|[from] item: Leftovers\n|-heal|p2a: Ting-Lu|65\/100|[from] item: Leftovers\n|upkeep\n|turn|25\n|\n|t:|1699098594\n|move|p1a: Shaggy|Extreme Speed|p2a: Ting-Lu\n|-damage|p2a: Ting-Lu|49\/100\n|move|p2a: Ting-Lu|Ruination|p1a: Shaggy\n|-damage|p1a: Shaggy|47\/100\n|\n|-heal|p1a: Shaggy|53\/100|[from] item: Leftovers\n|-heal|p2a: Ting-Lu|55\/100|[from] item: Leftovers\n|upkeep\n|turn|26\n|\n|t:|1699098603\n|move|p1a: Shaggy|Recover|p1a: Shaggy\n|-heal|p1a: Shaggy|100\/100\n|move|p2a: Ting-Lu|Spikes|p1a: Shaggy\n|-sidestart|p1: AubreyOmori1|Spikes\n|\n|-heal|p2a: Ting-Lu|61\/100|[from] item: Leftovers\n|upkeep\n|turn|27\n|\n|t:|1699098608\n|move|p1a: Shaggy|Swords Dance|p1a: Shaggy\n|-boost|p1a: Shaggy|atk|2\n|move|p2a: Ting-Lu|Spikes|p1a: Shaggy\n|-sidestart|p1: AubreyOmori1|Spikes\n|\n|-heal|p2a: Ting-Lu|67\/100|[from] item: Leftovers\n|-fieldend|move: Electric Terrain\n|upkeep\n|turn|28\n|\n|t:|1699098612\n|move|p1a: Shaggy|Extreme Speed|p2a: Ting-Lu\n|-damage|p2a: Ting-Lu|29\/100\n|move|p2a: Ting-Lu|Whirlwind|p1a: Shaggy\n|drag|p1a: Robot Flower|Miraidon|63\/100\n|-damage|p1a: Robot Flower|51\/100|[from] Stealth Rock\n|-damage|p1a: Robot Flower|35\/100|[from] Spikes\n|-fieldstart|move: Electric Terrain|[from] ability: Hadron Engine|[of] p1a: Robot Flower\n|\n|-heal|p2a: Ting-Lu|36\/100|[from] item: Leftovers\n|upkeep\n|turn|29\n|\n|t:|1699098620\n|move|p1a: Robot Flower|Draco Meteor|p2a: Ting-Lu\n|-damage|p2a: Ting-Lu|0 fnt\n|-unboost|p1a: Robot Flower|spa|2\n|faint|p2a: Ting-Lu\n|-damage|p1a: Robot Flower|25\/100|[from] item: Life Orb\n|\n|upkeep\n|\n|t:|1699098629\n|switch|p2a: Miraidon|Miraidon|63\/100\n|-activate|p2a: Miraidon|move: Sticky Web\n|-unboost|p2a: Miraidon|spe|1\n|-activate|p2a: Miraidon|ability: Hadron Engine\n|turn|30\n|\n|t:|1699098635\n|move|p1a: Robot Flower|Draco Meteor|p2a: Miraidon\n|-supereffective|p2a: Miraidon\n|-damage|p2a: Miraidon|0 fnt\n|-unboost|p1a: Robot Flower|spa|2\n|faint|p2a: Miraidon\n|-damage|p1a: Robot Flower|15\/100|[from] item: Life Orb\n|\n|upkeep\n|\n|t:|1699098639\n|switch|p2a: Zacian|Zacian-Crowned|43\/100\n|-activate|p2a: Zacian|move: Sticky Web\n|-unboost|p2a: Zacian|spe|1\n|turn|31\n|\n|t:|1699098646\n|move|p1a: Robot Flower|Electro Drift|p2a: Zacian\n|-damage|p2a: Zacian|8\/100\n|-damage|p1a: Robot Flower|5\/100|[from] item: Life Orb\n|move|p2a: Zacian|Substitute|p2a: Zacian\n|-fail|p2a: Zacian|move: Substitute|[weak]\n|\n|upkeep\n|turn|32\n|\n|t:|1699098652\n|move|p1a: Robot Flower|Electro Drift|p2a: Zacian\n|-damage|p2a: Zacian|0 fnt\n|faint|p2a: Zacian\n|-damage|p1a: Robot Flower|0 fnt|[from] item: Life Orb\n|faint|p1a: Robot Flower\n|\n|win|AubreyOmori1\n|raw|AubreyOmori1's rating: 1378 &rarr; <strong>1394<\/strong><br \/>(+16 for winning)\n|raw|Gettinglaidtoday's rating: 1316 &rarr; <strong>1300<\/strong><br \/>(-16 for losing)\n|l|\u2606Gettinglaidtoday\n","uploadtime":1699098658,"views":6,"p1id":"aubreyomori1","p2id":"gettinglaidtoday","formatid":"gen9ubers","rating":1300,"private":0,"password":""}