{"id":"gen9ubers-1970180755","p1":"trialteam98","p2":"Konsuru","format":"[Gen 9] Ubers","log":"|j|\u2606trialteam98\n|j|\u2606Konsuru\n|t:|1697606057\n|gametype|singles\n|player|p1|trialteam98|lady-gen4|1089\n|player|p2|Konsuru|ghetsis-gen5bw|1000\n|teamsize|p1|6\n|teamsize|p2|6\n|gen|9\n|tier|[Gen 9] Ubers\n|rated|\n|rule|Sleep Clause Mod: Limit one foe put to sleep\n|rule|Species Clause: Limit one of each Pok\u00e9mon\n|rule|OHKO Clause: OHKO moves are banned\n|rule|Evasion Items Clause: Evasion items are banned\n|rule|Evasion Moves Clause: Evasion moves are banned\n|rule|Endless Battle Clause: Forcing endless battles is banned\n|rule|HP Percentage Mod: HP is shown in percentages\n|clearpoke\n|poke|p1|Flutter Mane|\n|poke|p1|Misdreavus, F|\n|poke|p1|Mismagius, F|\n|poke|p1|Gardevoir, F|\n|poke|p1|Gallade, M|\n|poke|p1|Iron Valiant|\n|poke|p2|Zapdos|\n|poke|p2|Mimikyu, M|\n|poke|p2|Volcarona, M|\n|poke|p2|Walking Wake|\n|poke|p2|Kingambit, F|\n|poke|p2|Great Tusk|\n|teampreview\n|\n|t:|1697606067\n|start\n|switch|p1a: Mismagius|Mismagius, F|100\/100\n|switch|p2a: Mimikyu|Mimikyu, M|100\/100\n|turn|1\n|\n|t:|1697606077\n|move|p1a: Mismagius|Will-O-Wisp|p2a: Mimikyu\n|-status|p2a: Mimikyu|brn\n|move|p2a: Mimikyu|Play Rough|p1a: Mismagius\n|-damage|p1a: Mismagius|64\/100\n|\n|-damage|p2a: Mimikyu|94\/100 brn|[from] brn\n|upkeep\n|turn|2\n|j| ksilaugh.mp4\n|l| ksilaugh.mp4\n|\n|t:|1697606090\n|move|p2a: Mimikyu|Shadow Sneak|p1a: Mismagius\n|-supereffective|p1a: Mismagius\n|-damage|p1a: Mismagius|30\/100\n|move|p1a: Mismagius|Hex|p2a: Mimikyu\n|-activate|p2a: Mimikyu|ability: Disguise\n|-damage|p2a: Mimikyu|94\/100 brn\n|detailschange|p2a: Mimikyu|Mimikyu-Busted, M\n|-damage|p2a: Mimikyu|82\/100 brn|[from] pokemon: Mimikyu-Busted\n|-enditem|p2a: Mimikyu|Red Card|[of] p1a: Mismagius\n|drag|p1a: Misdreavus|Misdreavus, F|100\/100\n|\n|-damage|p2a: Mimikyu|76\/100 brn|[from] brn\n|upkeep\n|turn|3\n|\n|t:|1697606108\n|move|p1a: Misdreavus|Protect|p1a: Misdreavus\n|-singleturn|p1a: Misdreavus|Protect\n|move|p2a: Mimikyu|Shadow Sneak|p1a: Misdreavus\n|-activate|p1a: Misdreavus|move: Protect\n|\n|-damage|p2a: Mimikyu|70\/100 brn|[from] brn\n|upkeep\n|turn|4\n|\n|t:|1697606117\n|switch|p1a: Mismagius|Mismagius, F|30\/100\n|move|p2a: Mimikyu|Destiny Bond|p2a: Mimikyu\n|-singlemove|p2a: Mimikyu|Destiny Bond\n|\n|-damage|p2a: Mimikyu|64\/100 brn|[from] brn\n|upkeep\n|turn|5\n|\n|t:|1697606127\n|move|p2a: Mimikyu|Shadow Sneak|p1a: Mismagius\n|-supereffective|p1a: Mismagius\n|-damage|p1a: Mismagius|0 fnt\n|faint|p1a: Mismagius\n|\n|-damage|p2a: Mimikyu|58\/100 brn|[from] brn\n|upkeep\n|\n|t:|1697606137\n|switch|p1a: Flutter Mane|Flutter Mane|100\/100\n|-enditem|p1a: Flutter Mane|Booster Energy\n|-activate|p1a: Flutter Mane|ability: Protosynthesis|[fromitem]\n|-start|p1a: Flutter Mane|protosynthesisspe\n|turn|6\n|\n|t:|1697606145\n|move|p1a: Flutter Mane|Shadow Ball|p2a: Mimikyu\n|-supereffective|p2a: Mimikyu\n|-crit|p2a: Mimikyu\n|-damage|p2a: Mimikyu|0 fnt\n|faint|p2a: Mimikyu\n|\n|upkeep\n|\n|t:|1697606153\n|switch|p2a: Zapdos|Zapdos|100\/100\n|-ability|p2a: Zapdos|Pressure\n|turn|7\n|\n|t:|1697606159\n|move|p1a: Flutter Mane|Dark Pulse|p2a: Zapdos\n|-damage|p2a: Zapdos|66\/100\n|move|p2a: Zapdos|Volt Switch|p1a: Flutter Mane\n|-damage|p1a: Flutter Mane|55\/100\n|-damage|p2a: Zapdos|56\/100|[from] item: Life Orb\n|\n|t:|1697606168\n|switch|p2a: Kingambit|Kingambit, F|100\/100|[from] Volt Switch\n|-activate|p2a: Kingambit|ability: Supreme Overlord\n|-start|p2a: Kingambit|fallen1|[silent]\n|-item|p2a: Kingambit|Air Balloon\n|\n|upkeep\n|turn|8\n|\n|t:|1697606176\n|move|p1a: Flutter Mane|Mystical Fire|p2a: Kingambit\n|-supereffective|p2a: Kingambit\n|-damage|p2a: Kingambit|34\/100\n|-unboost|p2a: Kingambit|spa|1\n|-enditem|p2a: Kingambit|Air Balloon\n|move|p2a: Kingambit|Swords Dance|p2a: Kingambit\n|-boost|p2a: Kingambit|atk|2\n|\n|upkeep\n|turn|9\n|j| ksilaugh.mp4\n|l| ksilaugh.mp4\n|\n|t:|1697606197\n|-end|p2a: Kingambit|fallen1|[silent]\n|switch|p2a: Walking Wake|Walking Wake|100\/100\n|move|p1a: Flutter Mane|Mystical Fire|p2a: Walking Wake\n|-resisted|p2a: Walking Wake\n|-damage|p2a: Walking Wake|93\/100\n|-unboost|p2a: Walking Wake|spa|1\n|\n|upkeep\n|turn|10\n|\n|t:|1697606212\n|move|p1a: Flutter Mane|Moonblast|p2a: Walking Wake\n|-supereffective|p2a: Walking Wake\n|-damage|p2a: Walking Wake|0 fnt\n|faint|p2a: Walking Wake\n|-end|p2a: Walking Wake|Protosynthesis|[silent]\n|\n|upkeep\n|\n|t:|1697606225\n|switch|p2a: Volcarona|Volcarona, M|100\/100\n|turn|11\n|\n|t:|1697606235\n|move|p1a: Flutter Mane|Shadow Ball|p2a: Volcarona\n|-damage|p2a: Volcarona|59\/100\n|move|p2a: Volcarona|Bug Buzz|p1a: Flutter Mane\n|-resisted|p1a: Flutter Mane\n|-damage|p1a: Flutter Mane|43\/100\n|\n|upkeep\n|turn|12\n|\n|t:|1697606249\n|move|p1a: Flutter Mane|Shadow Ball|p2a: Volcarona\n|-damage|p2a: Volcarona|10\/100\n|-enditem|p2a: Volcarona|Iapapa Berry|[eat]\n|-heal|p2a: Volcarona|43\/100|[from] item: Iapapa Berry\n|move|p2a: Volcarona|Fire Blast|p1a: Flutter Mane\n|-damage|p1a: Flutter Mane|0 fnt\n|faint|p1a: Flutter Mane\n|-end|p1a: Flutter Mane|Protosynthesis|[silent]\n|\n|upkeep\n|\n|t:|1697606269\n|switch|p1a: Gallade|Gallade, M|100\/100\n|turn|13\n|\n|t:|1697606276\n|move|p2a: Volcarona|Bug Buzz|p1a: Gallade\n|-damage|p1a: Gallade|51\/100\n|move|p1a: Gallade|Agility|p1a: Gallade\n|-boost|p1a: Gallade|spe|2\n|\n|upkeep\n|turn|14\n|\n|t:|1697606300\n|move|p1a: Gallade|Aqua Cutter|p2a: Volcarona\n|-supereffective|p2a: Volcarona\n|-damage|p2a: Volcarona|0 fnt\n|faint|p2a: Volcarona\n|-damage|p1a: Gallade|41\/100|[from] item: Life Orb\n|\n|upkeep\n|\n|t:|1697606314\n|switch|p2a: Great Tusk|Great Tusk|100\/100\n|-enditem|p2a: Great Tusk|Booster Energy\n|-activate|p2a: Great Tusk|ability: Protosynthesis|[fromitem]\n|-start|p2a: Great Tusk|protosynthesisspe\n|turn|15\n|\n|t:|1697606319\n|move|p1a: Gallade|Aqua Cutter|p2a: Great Tusk\n|-supereffective|p2a: Great Tusk\n|-damage|p2a: Great Tusk|37\/100\n|-damage|p1a: Gallade|31\/100|[from] item: Life Orb\n|move|p2a: Great Tusk|Headlong Rush|p1a: Gallade\n|-damage|p1a: Gallade|0 fnt\n|-unboost|p2a: Great Tusk|def|1\n|-unboost|p2a: Great Tusk|spd|1\n|faint|p1a: Gallade\n|\n|upkeep\n|\n|t:|1697606333\n|switch|p1a: Misdreavus|Misdreavus, F|100\/100\n|turn|16\n|\n|t:|1697606341\n|move|p1a: Misdreavus|Endure|p1a: Misdreavus\n|-singleturn|p1a: Misdreavus|move: Endure\n|move|p2a: Great Tusk|Close Combat|p1a: Misdreavus\n|-immune|p1a: Misdreavus\n|\n|upkeep\n|turn|17\n|\n|t:|1697606351\n|-end|p2a: Great Tusk|Protosynthesis|[silent]\n|switch|p2a: Zapdos|Zapdos|56\/100\n|-ability|p2a: Zapdos|Pressure\n|move|p1a: Misdreavus|Protect||[still]\n|-fail|p1a: Misdreavus\n|\n|upkeep\n|turn|18\n|\n|t:|1697606359\n|move|p1a: Misdreavus|Protect|p1a: Misdreavus\n|-singleturn|p1a: Misdreavus|Protect\n|move|p2a: Zapdos|Roost|p2a: Zapdos\n|-heal|p2a: Zapdos|100\/100\n|-singleturn|p2a: Zapdos|move: Roost\n|\n|upkeep\n|turn|19\n|\n|t:|1697606368\n|move|p1a: Misdreavus|Endure||[still]\n|-fail|p1a: Misdreavus\n|move|p2a: Zapdos|Volt Switch|p1a: Misdreavus\n|-damage|p1a: Misdreavus|42\/100\n|-damage|p2a: Zapdos|91\/100|[from] item: Life Orb\n|\n|t:|1697606379\n|switch|p2a: Kingambit|Kingambit, F|34\/100|[from] Volt Switch\n|-activate|p2a: Kingambit|ability: Supreme Overlord\n|-start|p2a: Kingambit|fallen3|[silent]\n|\n|upkeep\n|turn|20\n|\n|t:|1697606389\n|move|p2a: Kingambit|Sucker Punch||[still]\n|-fail|p2a: Kingambit\n|move|p1a: Misdreavus|Destiny Bond|p1a: Misdreavus\n|-singlemove|p1a: Misdreavus|Destiny Bond\n|\n|upkeep\n|turn|21\n|\n|t:|1697606403\n|move|p1a: Misdreavus|Memento|p2a: Kingambit\n|-unboost|p2a: Kingambit|atk|2\n|-unboost|p2a: Kingambit|spa|2\n|faint|p1a: Misdreavus\n|move|p2a: Kingambit|Iron Head|p1: Misdreavus|[notarget]\n|-fail|p2a: Kingambit\n|\n|upkeep\n|\n|t:|1697606408\n|switch|p1a: Iron Valiant|Iron Valiant|100\/100\n|-enditem|p1a: Iron Valiant|Booster Energy\n|-activate|p1a: Iron Valiant|ability: Quark Drive|[fromitem]\n|-start|p1a: Iron Valiant|quarkdrivespe\n|turn|22\n|\n|t:|1697606415\n|-terastallize|p1a: Iron Valiant|Steel\n|move|p1a: Iron Valiant|Swords Dance|p1a: Iron Valiant\n|-boost|p1a: Iron Valiant|atk|2\n|move|p2a: Kingambit|Swords Dance|p2a: Kingambit\n|-boost|p2a: Kingambit|atk|2\n|\n|upkeep\n|turn|23\n|\n|t:|1697606433\n|move|p1a: Iron Valiant|Drain Punch|p2a: Kingambit\n|-supereffective|p2a: Kingambit\n|-damage|p2a: Kingambit|0 fnt\n|faint|p2a: Kingambit\n|-end|p2a: Kingambit|fallen3|[silent]\n|\n|upkeep\n|\n|t:|1697606440\n|switch|p2a: Great Tusk|Great Tusk|37\/100\n|turn|24\n|\n|t:|1697606458\n|move|p1a: Iron Valiant|Ice Punch|p2a: Great Tusk\n|-supereffective|p2a: Great Tusk\n|-damage|p2a: Great Tusk|0 fnt\n|faint|p2a: Great Tusk\n|-end|p2a: Great Tusk|Protosynthesis|[silent]\n|\n|upkeep\n|\n|t:|1697606462\n|switch|p2a: Zapdos|Zapdos|91\/100\n|-ability|p2a: Zapdos|Pressure\n|turn|25\n|\n|t:|1697606470\n|move|p1a: Iron Valiant|Ice Punch|p2a: Zapdos\n|-supereffective|p2a: Zapdos\n|-damage|p2a: Zapdos|0 fnt\n|faint|p2a: Zapdos\n|\n|win|trialteam98\n|raw|trialteam98's rating: 1089 &rarr; <strong>1109<\/strong><br \/>(+20 for winning)\n|raw|Konsuru's rating: 1000 &rarr; <strong>1000<\/strong><br \/>(+0 for losing)\n|l|\u2606Konsuru\n","uploadtime":1697606477,"views":8,"p1id":"trialteam98","p2id":"konsuru","formatid":"gen9ubers","rating":1000,"private":0,"password":""}