{"id":"gen9ubers-1973816456","p1":"Awinbell","p2":"Anne Frankkkk","format":"[Gen 9] Ubers","log":"|j|\u2606Awinbell\n|j|\u2606Anne Frankkkk\n|t:|1698016622\n|gametype|singles\n|player|p1|Awinbell|1|1110\n|player|p2|Anne Frankkkk|hilbert|1148\n|teamsize|p1|6\n|teamsize|p2|6\n|gen|9\n|tier|[Gen 9] Ubers\n|rated|\n|rule|Sleep Clause Mod: Limit one foe put to sleep\n|rule|Species Clause: Limit one of each Pok\u00e9mon\n|rule|OHKO Clause: OHKO moves are banned\n|rule|Evasion Items Clause: Evasion items are banned\n|rule|Evasion Moves Clause: Evasion moves are banned\n|rule|Endless Battle Clause: Forcing endless battles is banned\n|rule|HP Percentage Mod: HP is shown in percentages\n|clearpoke\n|poke|p1|Ursaluna-Bloodmoon, M|\n|poke|p1|Gardevoir, F|\n|poke|p1|Inteleon, F|\n|poke|p1|Iron Valiant|\n|poke|p1|Kommo-o, M|\n|poke|p1|Breloom, M|\n|poke|p2|Iron Hands|\n|poke|p2|Kyogre|\n|poke|p2|Chien-Pao|\n|poke|p2|Ribombee, M|\n|poke|p2|Miraidon|\n|poke|p2|Flutter Mane|\n|teampreview\n|\n|t:|1698016627\n|start\n|switch|p1a: Ursaluna|Ursaluna-Bloodmoon, M|100\/100\n|switch|p2a: Ribombee|Ribombee, M, shiny|100\/100\n|turn|1\n|\n|t:|1698016630\n|move|p2a: Ribombee|Sticky Web|p1a: Ursaluna\n|-sidestart|p1: Awinbell|move: Sticky Web\n|move|p1a: Ursaluna|Blood Moon|p2a: Ribombee\n|-enditem|p2a: Ribombee|Focus Sash\n|-damage|p2a: Ribombee|1\/100\n|-damage|p1a: Ursaluna|90\/100|[from] item: Life Orb\n|\n|upkeep\n|turn|2\n|\n|t:|1698016633\n|move|p1a: Ursaluna|Vacuum Wave|p2a: Ribombee\n|-resisted|p2a: Ribombee\n|-damage|p2a: Ribombee|0 fnt\n|faint|p2a: Ribombee\n|-damage|p1a: Ursaluna|80\/100|[from] item: Life Orb\n|\n|upkeep\n|\n|t:|1698016641\n|switch|p2a: Iron Hands|Iron Hands, shiny|100\/100\n|turn|3\n|\n|t:|1698016643\n|move|p2a: Iron Hands|Fake Out|p1a: Ursaluna\n|-damage|p1a: Ursaluna|69\/100\n|cant|p1a: Ursaluna|flinch\n|\n|upkeep\n|turn|4\n|\n|t:|1698016647\n|move|p1a: Ursaluna|Moonblast|p2a: Iron Hands\n|-supereffective|p2a: Iron Hands\n|-damage|p2a: Iron Hands|46\/100\n|-damage|p1a: Ursaluna|59\/100|[from] item: Life Orb\n|move|p2a: Iron Hands|Drain Punch|p1a: Ursaluna\n|-supereffective|p1a: Ursaluna\n|-damage|p1a: Ursaluna|2\/100\n|-heal|p2a: Iron Hands|70\/100|[from] drain|[of] p1a: Ursaluna\n|\n|upkeep\n|turn|5\n|\n|t:|1698016655\n|move|p1a: Ursaluna|Earth Power|p2a: Iron Hands\n|-supereffective|p2a: Iron Hands\n|-damage|p2a: Iron Hands|0 fnt\n|faint|p2a: Iron Hands\n|-end|p2a: Iron Hands|Quark Drive|[silent]\n|-damage|p1a: Ursaluna|0 fnt|[from] item: Life Orb\n|faint|p1a: Ursaluna\n|\n|upkeep\n|\n|t:|1698016677\n|switch|p1a: Gardevoir|Gardevoir, F|100\/100\n|switch|p2a: Kyogre|Kyogre|100\/100\n|-weather|RainDance|[from] ability: Drizzle|[of] p2a: Kyogre\n|-activate|p1a: Gardevoir|move: Sticky Web\n|-unboost|p1a: Gardevoir|spe|1\n|-ability|p1a: Gardevoir|Drizzle|[from] ability: Trace|[of] p2a: Kyogre\n|turn|6\n|\n|t:|1698016682\n|move|p1a: Gardevoir|Vacuum Wave|p2a: Kyogre\n|-damage|p2a: Kyogre|91\/100\n|move|p2a: Kyogre|Water Spout|p1a: Gardevoir\n|-damage|p1a: Gardevoir|0 fnt\n|faint|p1a: Gardevoir\n|\n|-weather|RainDance|[upkeep]\n|upkeep\n|\n|t:|1698016688\n|switch|p1a: Inteleon|Inteleon, F|100\/100\n|-activate|p1a: Inteleon|move: Sticky Web\n|-unboost|p1a: Inteleon|spe|1\n|turn|7\n|\n|t:|1698016695\n|-terastallize|p2a: Kyogre|Water\n|move|p1a: Inteleon|Vacuum Wave|p2a: Kyogre\n|-damage|p2a: Kyogre|78\/100\n|-damage|p1a: Inteleon|91\/100|[from] item: Life Orb\n|move|p2a: Kyogre|Water Spout|p1a: Inteleon\n|-resisted|p1a: Inteleon\n|-damage|p1a: Inteleon|0 fnt\n|faint|p1a: Inteleon\n|\n|-weather|RainDance|[upkeep]\n|upkeep\n|inactive|Battle timer is ON: inactive players will automatically lose when time's up. (requested by Anne Frankkkk)\n|\n|t:|1698016701\n|switch|p1a: Breloom|Breloom, M|100\/100\n|-activate|p1a: Breloom|move: Sticky Web\n|-unboost|p1a: Breloom|spe|1\n|turn|8\n|\n|t:|1698016706\n|move|p1a: Breloom|Mach Punch|p2a: Kyogre\n|-damage|p2a: Kyogre|43\/100\n|move|p2a: Kyogre|Water Spout|p1a: Breloom\n|-resisted|p1a: Breloom\n|-damage|p1a: Breloom|0 fnt\n|faint|p1a: Breloom\n|\n|-weather|RainDance|[upkeep]\n|upkeep\n|\n|t:|1698016710\n|switch|p1a: Kommo-o|Kommo-o, M|100\/100\n|-activate|p1a: Kommo-o|move: Sticky Web\n|-unboost|p1a: Kommo-o|spe|1\n|turn|9\n|\n|t:|1698016721\n|switch|p2a: Miraidon|Miraidon|100\/100\n|-fieldstart|move: Electric Terrain|[from] ability: Hadron Engine|[of] p2a: Miraidon\n|-item|p2a: Miraidon|Air Balloon\n|move|p1a: Kommo-o|Clangorous Soul|p1a: Kommo-o\n|-boost|p1a: Kommo-o|atk|1\n|-boost|p1a: Kommo-o|def|1\n|-boost|p1a: Kommo-o|spa|1\n|-boost|p1a: Kommo-o|spd|1\n|-boost|p1a: Kommo-o|spe|1\n|-damage|p1a: Kommo-o|68\/100\n|-enditem|p1a: Kommo-o|Throat Spray\n|-boost|p1a: Kommo-o|spa|1|[from] item: Throat Spray\n|\n|-weather|RainDance|[upkeep]\n|upkeep\n|turn|10\n|\n|t:|1698016727\n|move|p2a: Miraidon|Dragon Pulse|p1a: Kommo-o\n|-supereffective|p1a: Kommo-o\n|-damage|p1a: Kommo-o|0 fnt\n|faint|p1a: Kommo-o\n|\n|-weather|none\n|upkeep\n|\n|t:|1698016730\n|switch|p1a: Iron Valiant|Iron Valiant|100\/100\n|-activate|p1a: Iron Valiant|move: Sticky Web\n|-unboost|p1a: Iron Valiant|spe|1\n|-activate|p1a: Iron Valiant|ability: Quark Drive\n|-start|p1a: Iron Valiant|quarkdrivespa\n|turn|11\n|\n|t:|1698016733\n|move|p2a: Miraidon|Electro Drift|p1a: Iron Valiant\n|-damage|p1a: Iron Valiant|0 fnt\n|faint|p1a: Iron Valiant\n|-end|p1a: Iron Valiant|Quark Drive|[silent]\n|\n|win|Anne Frankkkk\n|raw|Awinbell's rating: 1110 &rarr; <strong>1088<\/strong><br \/>(-22 for losing)\n|raw|Anne Frankkkk's rating: 1148 &rarr; <strong>1170<\/strong><br \/>(+22 for winning)\n","uploadtime":1698016739,"views":11,"p1id":"awinbell","p2id":"annefrankkkk","formatid":"gen9ubers","rating":1088,"private":0,"password":""}