{"id":"gen9ubers-1971388770","p1":"i \u2764\ufe0f gangu","p2":"aWeirdMike","format":"[Gen 9] Ubers","log":"|j|\u2606i \u2764\ufe0f gangu\n|j|\u2606aWeirdMike\n|t:|1697734622\n|gametype|singles\n|player|p1|i \u2764\ufe0f gangu|169|\n|player|p2|aWeirdMike|will|\n|teamsize|p1|6\n|teamsize|p2|6\n|gen|9\n|tier|[Gen 9] Ubers\n|rated|Tournament battle\n|rule|Sleep Clause Mod: Limit one foe put to sleep\n|rule|Species Clause: Limit one of each Pok\u00e9mon\n|rule|OHKO Clause: OHKO moves are banned\n|rule|Evasion Items Clause: Evasion items are banned\n|rule|Evasion Moves Clause: Evasion moves are banned\n|rule|Endless Battle Clause: Forcing endless battles is banned\n|rule|HP Percentage Mod: HP is shown in percentages\n|clearpoke\n|poke|p1|Hatterene, F|\n|poke|p1|Kyogre|\n|poke|p1|Koraidon|\n|poke|p1|Miraidon|\n|poke|p1|Ditto|\n|poke|p1|Landorus-Therian, M|\n|poke|p2|Miraidon|\n|poke|p2|Iron Bundle|\n|poke|p2|Masquerain, F|\n|poke|p2|Great Tusk|\n|poke|p2|Rotom-Frost|\n|poke|p2|Scizor, M|\n|teampreview\n|\n|t:|1697734633\n|start\n|switch|p1a: Koraidon|Koraidon|100\/100\n|switch|p2a: Masquerain|Masquerain, F|100\/100\n|-weather|SunnyDay|[from] ability: Orichalcum Pulse|[of] p1a: Koraidon\n|-activate|p1a: Koraidon|Orichalcum Pulse|[source]\n|-ability|p2a: Masquerain|Intimidate|boost\n|-unboost|p1a: Koraidon|atk|1\n|turn|1\n|inactive|Battle timer is ON: inactive players will automatically lose when time's up. (requested by i \u2764\ufe0f gangu)\n|\n|t:|1697734644\n|switch|p1a: Hatterene|Hatterene, F|100\/100\n|move|p2a: Masquerain|Stun Spore|p1a: Hatterene\n|move|p1a: Hatterene|Stun Spore|p2a: Masquerain|[from]ability: Magic Bounce|[miss]\n|-miss|p1a: Hatterene|p2a: Masquerain\n|\n|-weather|SunnyDay|[upkeep]\n|upkeep\n|turn|2\n|\n|t:|1697734655\n|switch|p1a: Landorus|Landorus-Therian, M|100\/100\n|-ability|p1a: Landorus|Intimidate|boost\n|-unboost|p2a: Masquerain|atk|1\n|move|p2a: Masquerain|Air Slash|p1a: Landorus|[miss]\n|-miss|p2a: Masquerain|p1a: Landorus\n|\n|-weather|SunnyDay|[upkeep]\n|upkeep\n|turn|3\n|\n|t:|1697734661\n|switch|p1a: Hatterene|Hatterene, F|100\/100\n|move|p2a: Masquerain|Air Slash|p1a: Hatterene\n|-damage|p1a: Hatterene|74\/100\n|-enditem|p1a: Hatterene|Eject Button\n|\n|t:|1697734663\n|switch|p1a: Koraidon|Koraidon|100\/100\n|-activate|p1a: Koraidon|ability: Orichalcum Pulse\n|\n|-weather|SunnyDay|[upkeep]\n|upkeep\n|turn|4\n|\n|t:|1697734667\n|move|p1a: Koraidon|U-turn|p2a: Masquerain\n|-resisted|p2a: Masquerain\n|-damage|p2a: Masquerain|61\/100\n|\n|t:|1697734669\n|switch|p1a: Hatterene|Hatterene, F|74\/100|[from] U-turn\n|move|p2a: Masquerain|Stun Spore|p1a: Hatterene\n|move|p1a: Hatterene|Stun Spore|p2a: Masquerain|[from]ability: Magic Bounce\n|-status|p2a: Masquerain|par\n|\n|-weather|SunnyDay|[upkeep]\n|upkeep\n|turn|5\n|\n|t:|1697734672\n|move|p2a: Masquerain|Air Slash|p1a: Hatterene\n|-damage|p1a: Hatterene|45\/100\n|cant|p1a: Hatterene|flinch\n|\n|-weather|none\n|upkeep\n|turn|6\n|\n|t:|1697734676\n|switch|p1a: Miraidon|Miraidon|100\/100\n|-fieldstart|move: Electric Terrain|[from] ability: Hadron Engine|[of] p1a: Miraidon\n|move|p2a: Masquerain|Air Slash|p1a: Miraidon\n|-resisted|p1a: Miraidon\n|-damage|p1a: Miraidon|90\/100\n|\n|upkeep\n|turn|7\n|\n|t:|1697734681\n|move|p1a: Miraidon|Electro Drift|p2a: Masquerain\n|-supereffective|p2a: Masquerain\n|-damage|p2a: Masquerain|0 fnt\n|faint|p2a: Masquerain\n|\n|upkeep\n|\n|t:|1697734683\n|switch|p2a: Great Tusk|Great Tusk|100\/100\n|-enditem|p2a: Great Tusk|Booster Energy\n|-activate|p2a: Great Tusk|ability: Protosynthesis|[fromitem]\n|-start|p2a: Great Tusk|protosynthesisatk\n|turn|8\n|\n|t:|1697734701\n|move|p1a: Miraidon|Draco Meteor|p2a: Great Tusk\n|-damage|p2a: Great Tusk|0 fnt\n|-unboost|p1a: Miraidon|spa|2\n|-enditem|p1a: Miraidon|Eject Pack\n|faint|p2a: Great Tusk\n|-end|p2a: Great Tusk|Protosynthesis|[silent]\n|j| The Cherished One\n|\n|t:|1697734704\n|switch|p1a: Koraidon|Koraidon|100\/100\n|-weather|SunnyDay|[from] ability: Orichalcum Pulse|[of] p1a: Koraidon\n|-activate|p1a: Koraidon|Orichalcum Pulse|[source]\n|\n|-weather|SunnyDay|[upkeep]\n|upkeep\n|\n|t:|1697734707\n|switch|p2a: Rotom|Rotom-Frost|100\/100\n|turn|9\n|\n|t:|1697734716\n|move|p2a: Rotom|Blizzard|p1a: Koraidon|[miss]\n|-miss|p2a: Rotom|p1a: Koraidon\n|move|p1a: Koraidon|Low Kick|p2a: Rotom\n|-supereffective|p2a: Rotom\n|-damage|p2a: Rotom|40\/100\n|\n|-weather|SunnyDay|[upkeep]\n|upkeep\n|turn|10\n|\n|t:|1697734720\n|move|p2a: Rotom|Blizzard|p1a: Koraidon|[miss]\n|-miss|p2a: Rotom|p1a: Koraidon\n|move|p1a: Koraidon|Low Kick|p2a: Rotom\n|-supereffective|p2a: Rotom\n|-damage|p2a: Rotom|0 fnt\n|faint|p2a: Rotom\n|\n|-weather|SunnyDay|[upkeep]\n|-fieldend|move: Electric Terrain\n|upkeep\n|\n|t:|1697734724\n|switch|p2a: Iron Bundle|Iron Bundle|100\/100\n|turn|11\n|\n|t:|1697734731\n|-terastallize|p1a: Koraidon|Fire\n|move|p2a: Iron Bundle|Ice Beam|p1a: Koraidon\n|-resisted|p1a: Koraidon\n|-damage|p1a: Koraidon|79\/100\n|move|p1a: Koraidon|Low Kick|p2a: Iron Bundle\n|-supereffective|p2a: Iron Bundle\n|-damage|p2a: Iron Bundle|0 fnt\n|faint|p2a: Iron Bundle\n|-end|p2a: Iron Bundle|Quark Drive|[silent]\n|\n|-weather|SunnyDay|[upkeep]\n|upkeep\n|inactive|aWeirdMike has 120 seconds left.\n|\n|t:|1697734762\n|switch|p2a: Miraidon|Miraidon|100\/100\n|-fieldstart|move: Electric Terrain|[from] ability: Hadron Engine|[of] p2a: Miraidon\n|turn|12\n|\n|t:|1697734767\n|switch|p1a: Landorus|Landorus-Therian, M|100\/100\n|-ability|p1a: Landorus|Intimidate|boost\n|-unboost|p2a: Miraidon|atk|1\n|move|p2a: Miraidon|Electro Drift|p1a: Landorus\n|-immune|p1a: Landorus\n|\n|-weather|none\n|upkeep\n|turn|13\n|inactive|aWeirdMike has 120 seconds left.\n|\n|t:|1697734800\n|move|p2a: Miraidon|Electro Drift|p1a: Landorus\n|-immune|p1a: Landorus\n|move|p1a: Landorus|U-turn|p2a: Miraidon\n|-damage|p2a: Miraidon|79\/100\n|\n|t:|1697734815\n|switch|p1a: Ditto|Ditto|100\/100|[from] U-turn\n|-transform|p1a: Ditto|p2a: Miraidon|[from] ability: Imposter\n|-activate|p1a: Ditto|ability: Hadron Engine\n|\n|upkeep\n|turn|14\n|inactive|aWeirdMike has 120 seconds left.\n|inactive|aWeirdMike has 90 seconds left.\n|c|\u2606i \u2764\ufe0f gangu|t\n|\n|t:|1697734871\n|move|p1a: Ditto|Volt Switch|p2a: Miraidon\n|-resisted|p2a: Miraidon\n|-damage|p2a: Miraidon|65\/100\n|\n|t:|1697734878\n|switch|p1a: Landorus|Landorus-Therian, M|100\/100|[from] Volt Switch\n|-ability|p1a: Landorus|Intimidate|boost\n|-unboost|p2a: Miraidon|atk|1\n|move|p2a: Miraidon|Electro Drift|p1a: Landorus\n|-immune|p1a: Landorus\n|\n|upkeep\n|turn|15\n|\n|t:|1697734886\n|move|p2a: Miraidon|Electro Drift|p1a: Landorus\n|-immune|p1a: Landorus\n|move|p1a: Landorus|U-turn|p2a: Miraidon\n|-damage|p2a: Miraidon|43\/100\n|\n|t:|1697734904\n|switch|p1a: Ditto|Ditto|100\/100|[from] U-turn\n|-transform|p1a: Ditto|p2a: Miraidon|[from] ability: Imposter\n|-activate|p1a: Ditto|ability: Hadron Engine\n|\n|upkeep\n|turn|16\n|inactive|aWeirdMike has 90 seconds left.\n|\n|t:|1697734928\n|move|p1a: Ditto|Volt Switch|p2a: Miraidon\n|-resisted|p2a: Miraidon\n|-damage|p2a: Miraidon|30\/100\n|\n|t:|1697734932\n|switch|p1a: Landorus|Landorus-Therian, M|100\/100|[from] Volt Switch\n|-ability|p1a: Landorus|Intimidate|boost\n|-unboost|p2a: Miraidon|atk|1\n|move|p2a: Miraidon|Electro Drift|p1a: Landorus\n|-immune|p1a: Landorus\n|\n|-fieldend|move: Electric Terrain\n|upkeep\n|turn|17\n|\n|t:|1697734934\n|move|p2a: Miraidon|Electro Drift|p1a: Landorus\n|-immune|p1a: Landorus\n|move|p1a: Landorus|U-turn|p2a: Miraidon\n|-damage|p2a: Miraidon|7\/100\n|\n|t:|1697734937\n|switch|p1a: Ditto|Ditto|100\/100|[from] U-turn\n|-transform|p1a: Ditto|p2a: Miraidon|[from] ability: Imposter\n|-fieldstart|move: Electric Terrain|[from] ability: Hadron Engine|[of] p1a: Ditto\n|\n|upkeep\n|turn|18\n|\n|t:|1697734941\n|move|p1a: Ditto|Electro Drift|p2a: Miraidon\n|-resisted|p2a: Miraidon\n|-damage|p2a: Miraidon|0 fnt\n|faint|p2a: Miraidon\n|\n|upkeep\n|inactive|aWeirdMike has 90 seconds left.\n|\n|t:|1697734963\n|switch|p2a: Scizor|Scizor, M|100\/100\n|turn|19\n|\n|t:|1697734965\n|move|p1a: Ditto|Electro Drift|p2a: Scizor\n|-damage|p2a: Scizor|0 fnt\n|faint|p2a: Scizor\n|\n|win|i \u2764\ufe0f gangu\n|n|\u2606i \u2764\ufe0f gangu|igangu\n|n|\u2606aWeirdMike|aweirdmike\n|n| The Cherished One|thecherishedone\n","uploadtime":1697734966,"views":11,"p1id":"igangu","p2id":"aweirdmike","formatid":"gen9ubers","rating":0,"private":0,"password":""}