{"id":"gen9ubers-1990914767","p1":"ChungleWungle","p2":"Charbotron","format":"[Gen 9] Ubers","log":"|j|\u2606ChungleWungle\n|j|\u2606Charbotron\n|t:|1700014618\n|gametype|singles\n|player|p1|ChungleWungle|unknown|\n|player|p2|Charbotron|1|\n|teamsize|p1|6\n|teamsize|p2|6\n|gen|9\n|tier|[Gen 9] Ubers\n|rule|Sleep Clause Mod: Limit one foe put to sleep\n|rule|Species Clause: Limit one of each Pok\u00e9mon\n|rule|OHKO Clause: OHKO moves are banned\n|rule|Evasion Items Clause: Evasion items are banned\n|rule|Evasion Moves Clause: Evasion moves are banned\n|rule|Endless Battle Clause: Forcing endless battles is banned\n|rule|HP Percentage Mod: HP is shown in percentages\n|clearpoke\n|poke|p1|Ursaluna, M|\n|poke|p1|Iron Valiant|\n|poke|p1|Weavile, F|\n|poke|p1|Dragonite, M|\n|poke|p1|Snorlax, M|\n|poke|p1|Slowking, M|\n|poke|p2|Raichu-Alola, M|\n|poke|p2|Iron Moth|\n|poke|p2|Torkoal, F|\n|poke|p2|Corviknight, M|\n|poke|p2|Walking Wake|\n|poke|p2|Great Tusk|\n|teampreview\n|\n|t:|1700014657\n|start\n|switch|p1a: Blue (From Clues)|Snorlax, M, shiny|100\/100\n|switch|p2a: Torkoal|Torkoal, F|100\/100\n|-weather|SunnyDay|[from] ability: Drought|[of] p2a: Torkoal\n|turn|1\n|\n|t:|1700014695\n|switch|p2a: Great Tusk|Great Tusk|100\/100\n|-activate|p2a: Great Tusk|ability: Protosynthesis\n|-start|p2a: Great Tusk|protosynthesisatk\n|move|p1a: Blue (From Clues)|Earthquake|p2a: Great Tusk\n|-damage|p2a: Great Tusk|82\/100\n|\n|-weather|SunnyDay|[upkeep]\n|upkeep\n|turn|2\n|\n|t:|1700014706\n|move|p2a: Great Tusk|Close Combat|p1a: Blue (From Clues)\n|-supereffective|p1a: Blue (From Clues)\n|-damage|p1a: Blue (From Clues)|0 fnt\n|-unboost|p2a: Great Tusk|def|1\n|-unboost|p2a: Great Tusk|spd|1\n|faint|p1a: Blue (From Clues)\n|\n|-weather|SunnyDay|[upkeep]\n|upkeep\n|\n|t:|1700014721\n|switch|p1a: Frying Pan|Iron Valiant, shiny|100\/100\n|-enditem|p1a: Frying Pan|Booster Energy\n|-activate|p1a: Frying Pan|ability: Quark Drive|[fromitem]\n|-start|p1a: Frying Pan|quarkdrivespe\n|turn|3\n|j| Nuttyr\n|\n|t:|1700014788\n|-end|p2a: Great Tusk|Protosynthesis|[silent]\n|switch|p2a: Corviknight|Corviknight, M|100\/100\n|move|p1a: Frying Pan|Moonblast|p2a: Corviknight\n|-resisted|p2a: Corviknight\n|-damage|p2a: Corviknight|88\/100\n|\n|-weather|SunnyDay|[upkeep]\n|-heal|p2a: Corviknight|94\/100|[from] item: Leftovers\n|upkeep\n|turn|4\n|\n|t:|1700014813\n|-end|p1a: Frying Pan|Quark Drive|[silent]\n|switch|p1a: Ignis Dragon|Dragonite, M|100\/100\n|move|p2a: Corviknight|Iron Defense|p2a: Corviknight\n|-boost|p2a: Corviknight|def|2\n|\n|-weather|SunnyDay|[upkeep]\n|-heal|p2a: Corviknight|99\/100|[from] item: Leftovers\n|upkeep\n|turn|5\n|\n|t:|1700014832\n|move|p1a: Ignis Dragon|Snowscape|p1a: Ignis Dragon\n|-weather|Snow\n|move|p2a: Corviknight|Iron Defense|p2a: Corviknight\n|-boost|p2a: Corviknight|def|2\n|\n|-weather|Snow|[upkeep]\n|-heal|p2a: Corviknight|100\/100|[from] item: Leftovers\n|upkeep\n|turn|6\n|\n|t:|1700014844\n|move|p1a: Ignis Dragon|Dragon Rush|p2a: Corviknight|[miss]\n|-miss|p1a: Ignis Dragon|p2a: Corviknight\n|move|p2a: Corviknight|Iron Defense|p2a: Corviknight\n|-boost|p2a: Corviknight|def|2\n|\n|-weather|Snow|[upkeep]\n|upkeep\n|turn|7\n|\n|t:|1700014855\n|move|p1a: Ignis Dragon|Dragon Rush|p2a: Corviknight\n|-resisted|p2a: Corviknight\n|-damage|p2a: Corviknight|94\/100\n|move|p2a: Corviknight|Body Press|p1a: Ignis Dragon\n|-resisted|p1a: Ignis Dragon\n|-damage|p1a: Ignis Dragon|83\/100\n|\n|-weather|Snow|[upkeep]\n|-heal|p2a: Corviknight|99\/100|[from] item: Leftovers\n|upkeep\n|turn|8\n|\n|t:|1700014900\n|switch|p2a: Great Tusk|Great Tusk|82\/100\n|move|p1a: Ignis Dragon|Metronome|p1a: Ignis Dragon\n|move|p1a: Ignis Dragon|Bite|p2a: Great Tusk|[from]move: Metronome\n|-resisted|p2a: Great Tusk\n|-damage|p2a: Great Tusk|73\/100\n|\n|-weather|Snow|[upkeep]\n|upkeep\n|turn|9\n|j| RektCactus\n|\n|t:|1700014967\n|switch|p1a: Frying Pan|Iron Valiant, shiny|100\/100\n|move|p2a: Great Tusk|Ice Spinner|p1a: Frying Pan\n|-damage|p1a: Frying Pan|60\/100\n|\n|-weather|none\n|upkeep\n|turn|10\n|\n|t:|1700015016\n|-end|p2a: Great Tusk|Protosynthesis|[silent]\n|switch|p2a: Raichu|Raichu-Alola, M|100\/100\n|move|p1a: Frying Pan|Moonblast|p2a: Raichu\n|-damage|p2a: Raichu|47\/100\n|\n|upkeep\n|turn|11\n|\n|t:|1700015036\n|move|p1a: Frying Pan|Moonblast|p2a: Raichu\n|-damage|p2a: Raichu|0 fnt\n|faint|p2a: Raichu\n|\n|upkeep\n|\n|t:|1700015059\n|switch|p2a: Iron Moth|Iron Moth|100\/100\n|turn|12\n|\n|t:|1700015076\n|move|p2a: Iron Moth|Fiery Dance|p1a: Frying Pan\n|-damage|p1a: Frying Pan|0 fnt\n|-boost|p2a: Iron Moth|spa|1\n|faint|p1a: Frying Pan\n|-end|p1a: Frying Pan|Quark Drive|[silent]\n|\n|upkeep\n|\n|t:|1700015089\n|switch|p1a: Teddy (7 pounds)|Ursaluna, M, shiny|100\/100\n|turn|13\n|\n|t:|1700015139\n|-end|p2a: Iron Moth|Quark Drive|[silent]\n|switch|p2a: Walking Wake|Walking Wake|100\/100\n|move|p1a: Teddy (7 pounds)|Earthquake|p2a: Walking Wake\n|-damage|p2a: Walking Wake|38\/100\n|\n|upkeep\n|turn|14\n|\n|t:|1700015181\n|move|p2a: Walking Wake|Flip Turn|p1a: Teddy (7 pounds)\n|-supereffective|p1a: Teddy (7 pounds)\n|-damage|p1a: Teddy (7 pounds)|65\/100\n|-damage|p2a: Walking Wake|21\/100|[from] item: Rocky Helmet|[of] p1a: Teddy (7 pounds)\n|-damage|p2a: Walking Wake|11\/100|[from] item: Life Orb\n|\n|t:|1700015188\n|-end|p2a: Walking Wake|Protosynthesis|[silent]\n|switch|p2a: Torkoal|Torkoal, F|100\/100|[from] Flip Turn\n|-weather|SunnyDay|[from] ability: Drought|[of] p2a: Torkoal\n|move|p1a: Teddy (7 pounds)|Earthquake|p2a: Torkoal\n|-supereffective|p2a: Torkoal\n|-damage|p2a: Torkoal|19\/100\n|\n|-weather|SunnyDay|[upkeep]\n|upkeep\n|turn|15\n|\n|t:|1700015206\n|switch|p1a: DA WEAVAH|Weavile, F, shiny|100\/100\n|switch|p2a: Great Tusk|Great Tusk|73\/100\n|-activate|p2a: Great Tusk|ability: Protosynthesis\n|-start|p2a: Great Tusk|protosynthesisatk\n|\n|-weather|SunnyDay|[upkeep]\n|upkeep\n|turn|16\n|\n|t:|1700015254\n|-end|p2a: Great Tusk|Protosynthesis|[silent]\n|switch|p2a: Corviknight|Corviknight, M|99\/100\n|move|p1a: DA WEAVAH|Ice Spinner|p2a: Corviknight\n|-damage|p2a: Corviknight|67\/100\n|\n|-weather|SunnyDay|[upkeep]\n|-heal|p2a: Corviknight|73\/100|[from] item: Leftovers\n|upkeep\n|turn|17\n|\n|t:|1700015290\n|move|p1a: DA WEAVAH|Knock Off|p2a: Corviknight\n|-damage|p2a: Corviknight|37\/100\n|-enditem|p2a: Corviknight|Leftovers|[from] move: Knock Off|[of] p1a: DA WEAVAH\n|move|p2a: Corviknight|Body Press|p1a: DA WEAVAH\n|-supereffective|p1a: DA WEAVAH\n|-damage|p1a: DA WEAVAH|0 fnt\n|faint|p1a: DA WEAVAH\n|\n|-weather|SunnyDay|[upkeep]\n|upkeep\n|\n|t:|1700015319\n|switch|p1a: Ping King|Slowking, M, shiny|100\/100\n|turn|18\n|\n|t:|1700015370\n|move|p2a: Corviknight|Roost|p2a: Corviknight\n|-heal|p2a: Corviknight|87\/100\n|-singleturn|p2a: Corviknight|move: Roost\n|move|p1a: Ping King|Weather Ball|p2a: Corviknight\n|-supereffective|p2a: Corviknight\n|-damage|p2a: Corviknight|11\/100\n|\n|-weather|SunnyDay|[upkeep]\n|upkeep\n|turn|19\n|\n|t:|1700015441\n|move|p2a: Corviknight|Body Press|p1a: Ping King\n|-resisted|p1a: Ping King\n|-damage|p1a: Ping King|91\/100\n|move|p1a: Ping King|Hydro Pump|p2a: Corviknight\n|-damage|p2a: Corviknight|0 fnt\n|faint|p2a: Corviknight\n|\n|-weather|SunnyDay|[upkeep]\n|upkeep\n|\n|t:|1700015472\n|switch|p2a: Iron Moth|Iron Moth|100\/100\n|turn|20\n|\n|t:|1700015485\n|move|p2a: Iron Moth|Energy Ball|p1a: Ping King\n|-supereffective|p1a: Ping King\n|-damage|p1a: Ping King|30\/100\n|move|p1a: Ping King|Light Screen|p1a: Ping King\n|-sidestart|p1: ChungleWungle|move: Light Screen\n|\n|-weather|SunnyDay|[upkeep]\n|upkeep\n|turn|21\n|\n|t:|1700015503\n|switch|p1a: Teddy (7 pounds)|Ursaluna, M, shiny|65\/100\n|move|p2a: Iron Moth|Energy Ball|p1a: Teddy (7 pounds)\n|-supereffective|p1a: Teddy (7 pounds)\n|-damage|p1a: Teddy (7 pounds)|24\/100\n|\n|-weather|none\n|upkeep\n|turn|22\n|\n|t:|1700015546\n|-terastallize|p2a: Iron Moth|Fire\n|move|p2a: Iron Moth|Energy Ball|p1a: Teddy (7 pounds)\n|-supereffective|p1a: Teddy (7 pounds)\n|-damage|p1a: Teddy (7 pounds)|0 fnt\n|faint|p1a: Teddy (7 pounds)\n|\n|upkeep\n|\n|t:|1700015556\n|switch|p1a: Ping King|Slowking, M, shiny|63\/100\n|turn|23\n|\n|t:|1700015567\n|move|p2a: Iron Moth|Energy Ball|p1a: Ping King\n|-supereffective|p1a: Ping King\n|-damage|p1a: Ping King|33\/100\n|-unboost|p1a: Ping King|spd|1\n|move|p1a: Ping King|Hydro Pump|p2a: Iron Moth|[miss]\n|-miss|p1a: Ping King|p2a: Iron Moth\n|\n|upkeep\n|turn|24\n|j| Wha1efish\n|\n|t:|1700015577\n|move|p2a: Iron Moth|Energy Ball|p1a: Ping King\n|-supereffective|p1a: Ping King\n|-damage|p1a: Ping King|0 fnt\n|faint|p1a: Ping King\n|\n|-sideend|p1: ChungleWungle|move: Light Screen\n|upkeep\n|\n|t:|1700015582\n|switch|p1a: Ignis Dragon|Dragonite, M|83\/100\n|turn|25\n|\n|t:|1700015611\n|-end|p2a: Iron Moth|Quark Drive|[silent]\n|switch|p2a: Great Tusk|Great Tusk|73\/100\n|move|p1a: Ignis Dragon|Dragon Rush|p2a: Great Tusk|[miss]\n|-miss|p1a: Ignis Dragon|p2a: Great Tusk\n|\n|upkeep\n|turn|26\n|\n|t:|1700015642\n|move|p2a: Great Tusk|Ice Spinner|p1a: Ignis Dragon\n|-supereffective|p1a: Ignis Dragon\n|-damage|p1a: Ignis Dragon|0 fnt\n|faint|p1a: Ignis Dragon\n|\n|win|Charbotron\n|l|\u2606ChungleWungle\n|l|\u2606Charbotron\n","uploadtime":1700015649,"views":14,"p1id":"chunglewungle","p2id":"charbotron","formatid":"gen9ubers","rating":0,"private":0,"password":""}