{"id":"gen9ubers-1981097541","p1":"vespyyy","p2":"XpokVEVO","format":"[Gen 9] Ubers","log":"|j|\u2606vespyyy\n|j|\u2606XpokVEVO\n|t:|1698863337\n|gametype|singles\n|player|p1|vespyyy|juggler|\n|player|p2|XpokVEVO|rika|\n|teamsize|p1|6\n|teamsize|p2|6\n|gen|9\n|tier|[Gen 9] Ubers\n|rule|Sleep Clause Mod: Limit one foe put to sleep\n|rule|Species Clause: Limit one of each Pok\u00e9mon\n|rule|OHKO Clause: OHKO moves are banned\n|rule|Evasion Items Clause: Evasion items are banned\n|rule|Evasion Moves Clause: Evasion moves are banned\n|rule|Endless Battle Clause: Forcing endless battles is banned\n|rule|HP Percentage Mod: HP is shown in percentages\n|clearpoke\n|poke|p1|Blissey, F|\n|poke|p1|Moltres|\n|poke|p1|Arceus-Dark|\n|poke|p1|Garganacl, M|\n|poke|p1|Magearna|\n|poke|p1|Mandibuzz, F|\n|poke|p2|Cyclizar, F|\n|poke|p2|Espathra, F|\n|poke|p2|Magearna|\n|poke|p2|Zacian-*|\n|poke|p2|Roaring Moon|\n|poke|p2|Arceus-Fire|\n|teampreview\n|inactive|Battle timer is ON: inactive players will automatically lose when time's up. (requested by XpokVEVO)\n|\n|t:|1698863357\n|start\n|switch|p1a: Magearna|Magearna|100\/100\n|switch|p2a: Akira|Cyclizar, F|100\/100\n|turn|1\n|\n|t:|1698863379\n|move|p2a: Akira|Shed Tail|p2a: Akira\n|-start|p2a: Akira|Substitute|[from] move: Shed Tail\n|-damage|p2a: Akira|50\/100\n|\n|t:|1698863400\n|switch|p2a: Ar\u0441eus-Fighting|Arceus-Fire, shiny|100\/100|[from] Shed Tail\n|move|p1a: Magearna|Spikes|p2a: Ar\u0441eus-Fighting\n|-sidestart|p2: XpokVEVO|Spikes\n|\n|upkeep\n|turn|2\n|inactive|vespyyy has 270 seconds left.\n|\n|t:|1698863431\n|switch|p1a: Moltres|Moltres|100\/100\n|move|p2a: Ar\u0441eus-Fighting|Dragon Dance|p2a: Ar\u0441eus-Fighting\n|-boost|p2a: Ar\u0441eus-Fighting|atk|1\n|-boost|p2a: Ar\u0441eus-Fighting|spe|1\n|\n|upkeep\n|turn|3\n|\n|t:|1698863435\n|move|p2a: Ar\u0441eus-Fighting|Roar|p1a: Moltres\n|drag|p1a: Magearna|Magearna|100\/100\n|\n|upkeep\n|turn|4\n|c|\u2606XpokVEVO|yeah i just now realized\n|c|\u2606XpokVEVO|faster roar\n|c|\u2606XpokVEVO|outspeeds roar\n|inactive|vespyyy has 270 seconds left.\n|\n|t:|1698863456\n|switch|p1a: Garganacl|Garganacl, M|100\/100\n|move|p2a: Ar\u0441eus-Fighting|Flare Blitz|p1a: Garganacl\n|-resisted|p1a: Garganacl\n|-damage|p1a: Garganacl|71\/100\n|-damage|p2a: Ar\u0441eus-Fighting|91\/100|[from] Recoil\n|\n|-heal|p1a: Garganacl|77\/100|[from] item: Leftovers\n|upkeep\n|turn|5\n|\n|t:|1698863459\n|-terastallize|p2a: Ar\u0441eus-Fighting|Fairy\n|move|p2a: Ar\u0441eus-Fighting|Tera Blast|p1a: Garganacl|[anim] Tera Blast Fairy\n|-damage|p1a: Garganacl|46\/100\n|move|p1a: Garganacl|Salt Cure|p2a: Ar\u0441eus-Fighting\n|-activate|p2a: Ar\u0441eus-Fighting|move: Substitute|[damage]\n|\n|-heal|p1a: Garganacl|52\/100|[from] item: Leftovers\n|upkeep\n|turn|6\n|\n|t:|1698863463\n|move|p2a: Ar\u0441eus-Fighting|Dragon Dance|p2a: Ar\u0441eus-Fighting\n|-boost|p2a: Ar\u0441eus-Fighting|atk|1\n|-boost|p2a: Ar\u0441eus-Fighting|spe|1\n|move|p1a: Garganacl|Recover|p1a: Garganacl\n|-heal|p1a: Garganacl|100\/100\n|\n|upkeep\n|turn|7\n|\n|t:|1698863479\n|move|p2a: Ar\u0441eus-Fighting|Dragon Dance|p2a: Ar\u0441eus-Fighting\n|-boost|p2a: Ar\u0441eus-Fighting|atk|1\n|-boost|p2a: Ar\u0441eus-Fighting|spe|1\n|move|p1a: Garganacl|Iron Defense|p1a: Garganacl\n|-boost|p1a: Garganacl|def|2\n|\n|upkeep\n|turn|8\n|\n|t:|1698863493\n|move|p1a: Garganacl|Salt Cure|p2a: Ar\u0441eus-Fighting\n|-activate|p2a: Ar\u0441eus-Fighting|move: Substitute|[damage]\n|move|p2a: Ar\u0441eus-Fighting|Roar|p1a: Garganacl\n|drag|p1a: Blissey|Blissey, F|100\/100\n|\n|upkeep\n|turn|9\n|\n|t:|1698863498\n|switch|p1a: Moltres|Moltres|100\/100\n|move|p2a: Ar\u0441eus-Fighting|Tera Blast|p1a: Moltres|[anim] Tera Blast Fairy\n|-resisted|p1a: Moltres\n|-damage|p1a: Moltres|61\/100\n|\n|upkeep\n|turn|10\n|\n|t:|1698863511\n|move|p1a: Moltres|Roost|p1a: Moltres\n|-heal|p1a: Moltres|100\/100\n|-singleturn|p1a: Moltres|move: Roost\n|move|p2a: Ar\u0441eus-Fighting|Roar|p1a: Moltres\n|drag|p1a: Magearna|Magearna|100\/100\n|\n|upkeep\n|turn|11\n|inactive|vespyyy has 270 seconds left.\n|\n|t:|1698863542\n|switch|p1a: Moltres|Moltres|100\/100\n|move|p2a: Ar\u0441eus-Fighting|Dragon Dance|p2a: Ar\u0441eus-Fighting\n|-boost|p2a: Ar\u0441eus-Fighting|atk|1\n|-boost|p2a: Ar\u0441eus-Fighting|spe|1\n|\n|upkeep\n|turn|12\n|\n|t:|1698863547\n|move|p1a: Moltres|Will-O-Wisp||[still]\n|-fail|p1a: Moltres\n|move|p2a: Ar\u0441eus-Fighting|Roar|p1a: Moltres\n|drag|p1a: Mandibuzz|Mandibuzz, F|100\/100\n|\n|upkeep\n|turn|13\n|c|\u2606vespyyy|That set is fr bs\n|\n|t:|1698863558\n|move|p2a: Ar\u0441eus-Fighting|Dragon Dance|p2a: Ar\u0441eus-Fighting\n|-boost|p2a: Ar\u0441eus-Fighting|atk|1\n|-boost|p2a: Ar\u0441eus-Fighting|spe|1\n|move|p1a: Mandibuzz|Foul Play|p2a: Ar\u0441eus-Fighting\n|-resisted|p2a: Ar\u0441eus-Fighting\n|-end|p2a: Ar\u0441eus-Fighting|Substitute\n|\n|upkeep\n|turn|14\n|\n|t:|1698863562\n|move|p2a: Ar\u0441eus-Fighting|Tera Blast|p1a: Mandibuzz|[anim] Tera Blast Fairy\n|-supereffective|p1a: Mandibuzz\n|-damage|p1a: Mandibuzz|0 fnt\n|faint|p1a: Mandibuzz\n|\n|upkeep\n|c|\u2606XpokVEVO|ggs?\n|\n|t:|1698863565\n|switch|p1a: Garganacl|Garganacl, M|100\/100\n|turn|15\n|\n|t:|1698863568\n|move|p2a: Ar\u0441eus-Fighting|Tera Blast|p1a: Garganacl|[anim] Tera Blast Fairy\n|-damage|p1a: Garganacl|29\/100\n|move|p1a: Garganacl|Salt Cure|p2a: Ar\u0441eus-Fighting\n|-damage|p2a: Ar\u0441eus-Fighting|81\/100\n|-start|p2a: Ar\u0441eus-Fighting|Salt Cure\n|\n|-heal|p1a: Garganacl|35\/100|[from] item: Leftovers\n|-damage|p2a: Ar\u0441eus-Fighting|69\/100|[from] Salt Cure\n|upkeep\n|turn|16\n|\n|t:|1698863573\n|switch|p1a: Magearna|Magearna|100\/100\n|move|p2a: Ar\u0441eus-Fighting|Tera Blast|p1a: Magearna|[anim] Tera Blast Fairy\n|-resisted|p1a: Magearna\n|-damage|p1a: Magearna|39\/100\n|\n|-heal|p1a: Magearna|45\/100|[from] item: Leftovers\n|-damage|p2a: Ar\u0441eus-Fighting|56\/100|[from] Salt Cure\n|upkeep\n|turn|17\n|\n|t:|1698863575\n|switch|p1a: Garganacl|Garganacl, M|35\/100\n|move|p2a: Ar\u0441eus-Fighting|Tera Blast|p1a: Garganacl|[anim] Tera Blast Fairy\n|-damage|p1a: Garganacl|0 fnt\n|faint|p1a: Garganacl\n|\n|-damage|p2a: Ar\u0441eus-Fighting|44\/100|[from] Salt Cure\n|upkeep\n|\n|t:|1698863577\n|switch|p1a: Moltres|Moltres|100\/100\n|turn|18\n|inactive|XpokVEVO has 270 seconds left.\n|\n|t:|1698863613\n|move|p1a: Moltres|Will-O-Wisp|p2a: Ar\u0441eus-Fighting\n|-status|p2a: Ar\u0441eus-Fighting|brn\n|move|p2a: Ar\u0441eus-Fighting|Roar|p1a: Moltres\n|drag|p1a: Blissey|Blissey, F|100\/100\n|\n|-damage|p2a: Ar\u0441eus-Fighting|38\/100 brn|[from] brn\n|-damage|p2a: Ar\u0441eus-Fighting|26\/100 brn|[from] Salt Cure\n|upkeep\n|turn|19\n|\n|t:|1698863628\n|switch|p1a: Moltres|Moltres|100\/100\n|move|p2a: Ar\u0441eus-Fighting|Tera Blast|p1a: Moltres|[anim] Tera Blast Fairy\n|-resisted|p1a: Moltres\n|-damage|p1a: Moltres|76\/100\n|\n|-damage|p2a: Ar\u0441eus-Fighting|19\/100 brn|[from] brn\n|-damage|p2a: Ar\u0441eus-Fighting|7\/100 brn|[from] Salt Cure\n|upkeep\n|turn|20\n|\n|t:|1698863630\n|move|p2a: Ar\u0441eus-Fighting|Flare Blitz|p1a: Moltres\n|-resisted|p1a: Moltres\n|-damage|p1a: Moltres|27\/100\n|-damage|p2a: Ar\u0441eus-Fighting|0 fnt|[from] Recoil\n|faint|p2a: Ar\u0441eus-Fighting\n|move|p1a: Moltres|Roost|p1a: Moltres\n|-heal|p1a: Moltres|77\/100\n|-singleturn|p1a: Moltres|move: Roost\n|\n|upkeep\n|\n|t:|1698863640\n|switch|p2a: Akira|Cyclizar, F|84\/100\n|-damage|p2a: Akira|71\/100|[from] Spikes\n|turn|21\n|\n|t:|1698863656\n|move|p2a: Akira|Rapid Spin|p1a: Moltres\n|-damage|p1a: Moltres|65\/100\n|-boost|p2a: Akira|spe|1\n|-sideend|p2: XpokVEVO|Spikes|[from] move: Rapid Spin|[of] p2a: Akira\n|move|p1a: Moltres|Hurricane|p2a: Akira\n|-damage|p2a: Akira|7\/100\n|-start|p2a: Akira|confusion\n|\n|upkeep\n|turn|22\n|\n|t:|1698863666\n|switch|p2a: Aunt Fanny|Magearna|100\/100\n|move|p1a: Moltres|Roar|p2a: Aunt Fanny\n|drag|p2a: Emu War|Espathra, F|100\/100\n|\n|upkeep\n|turn|23\n|\n|t:|1698863690\n|switch|p1a: Arceus|Arceus-Dark|100\/100\n|move|p2a: Emu War|Protect||[still]\n|-fail|p2a: Emu War\n|\n|-ability|p2a: Emu War|Speed Boost|boost\n|-boost|p2a: Emu War|spe|1\n|upkeep\n|turn|24\n|\n|t:|1698863696\n|move|p2a: Emu War|Calm Mind|p2a: Emu War\n|-boost|p2a: Emu War|spa|1\n|-boost|p2a: Emu War|spd|1\n|move|p1a: Arceus|Calm Mind|p1a: Arceus\n|-boost|p1a: Arceus|spa|1\n|-boost|p1a: Arceus|spd|1\n|\n|-ability|p2a: Emu War|Speed Boost|boost\n|-boost|p2a: Emu War|spe|1\n|upkeep\n|turn|25\n|inactive|XpokVEVO has 270 seconds left.\n|\n|t:|1698863751\n|move|p2a: Emu War|Calm Mind|p2a: Emu War\n|-boost|p2a: Emu War|spa|1\n|-boost|p2a: Emu War|spd|1\n|move|p1a: Arceus|Calm Mind|p1a: Arceus\n|-boost|p1a: Arceus|spa|1\n|-boost|p1a: Arceus|spd|1\n|\n|-ability|p2a: Emu War|Speed Boost|boost\n|-boost|p2a: Emu War|spe|1\n|upkeep\n|turn|26\n|\n|t:|1698863764\n|switch|p2a: Akira|Cyclizar, F|40\/100\n|move|p1a: Arceus|Roar|p2a: Akira\n|drag|p2a: Princess|Zacian, shiny|100\/100\n|-ability|p2a: Princess|Intrepid Sword|boost\n|-boost|p2a: Princess|atk|1\n|\n|upkeep\n|turn|27\n|c|\u2606XpokVEVO|you just cant catch a break\n|c|\u2606XpokVEVO|can you\n|\n|t:|1698863792\n|-terastallize|p1a: Arceus|Fairy\n|move|p2a: Princess|Play Rough|p1a: Arceus\n|-damage|p1a: Arceus|61\/100\n|-damage|p2a: Princess|91\/100|[from] item: Life Orb\n|move|p1a: Arceus|Judgment|p2a: Princess\n|-resisted|p2a: Princess\n|-crit|p2a: Princess\n|-damage|p2a: Princess|35\/100\n|\n|upkeep\n|turn|28\n|inactive|XpokVEVO has 270 seconds left.\n|\n|t:|1698863821\n|move|p2a: Princess|Play Rough|p1a: Arceus\n|-damage|p1a: Arceus|21\/100\n|-damage|p2a: Princess|26\/100|[from] item: Life Orb\n|move|p1a: Arceus|Judgment|p2a: Princess\n|-resisted|p2a: Princess\n|-damage|p2a: Princess|0 fnt\n|faint|p2a: Princess\n|\n|upkeep\n|\n|t:|1698863828\n|switch|p2a: Roaring Peak|Roaring Moon|100\/100\n|-enditem|p2a: Roaring Peak|Booster Energy\n|-activate|p2a: Roaring Peak|ability: Protosynthesis|[fromitem]\n|-start|p2a: Roaring Peak|protosynthesisspe\n|turn|29\n|\n|t:|1698863841\n|switch|p1a: Moltres|Moltres|65\/100\n|move|p2a: Roaring Peak|Acrobatics|p1a: Moltres\n|-damage|p1a: Moltres|39\/100\n|\n|upkeep\n|turn|30\n|\n|t:|1698863844\n|move|p2a: Roaring Peak|Knock Off|p1a: Moltres\n|-damage|p1a: Moltres|1\/100\n|-status|p2a: Roaring Peak|brn|[from] ability: Flame Body|[of] p1a: Moltres\n|-enditem|p1a: Moltres|Heavy-Duty Boots|[from] move: Knock Off|[of] p2a: Roaring Peak\n|move|p1a: Moltres|Roost|p1a: Moltres\n|-heal|p1a: Moltres|51\/100\n|-singleturn|p1a: Moltres|move: Roost\n|\n|-damage|p2a: Roaring Peak|95\/100 brn|[from] brn\n|upkeep\n|turn|31\n|\n|t:|1698863848\n|-end|p2a: Roaring Peak|Protosynthesis|[silent]\n|switch|p2a: Akira|Cyclizar, F|73\/100\n|move|p1a: Moltres|Roost|p1a: Moltres\n|-heal|p1a: Moltres|100\/100\n|-singleturn|p1a: Moltres|move: Roost\n|\n|upkeep\n|turn|32\n|\n|t:|1698863853\n|move|p2a: Akira|Taunt|p1a: Moltres\n|-start|p1a: Moltres|move: Taunt\n|move|p1a: Moltres|Hurricane|p2a: Akira\n|-damage|p2a: Akira|7\/100\n|\n|upkeep\n|turn|33\n|\n|t:|1698863855\n|switch|p2a: Aunt Fanny|Magearna|100\/100\n|move|p1a: Moltres|Hurricane|p2a: Aunt Fanny\n|-resisted|p2a: Aunt Fanny\n|-damage|p2a: Aunt Fanny|79\/100\n|\n|upkeep\n|turn|34\n|\n|t:|1698863861\n|switch|p1a: Blissey|Blissey, F|100\/100\n|move|p2a: Aunt Fanny|Thunder Wave|p1a: Blissey\n|-status|p1a: Blissey|par\n|\n|upkeep\n|turn|35\n|c|\u2606XpokVEVO|who wanna get paraed\n|\n|t:|1698863865\n|switch|p2a: Emu War|Espathra, F|100\/100\n|move|p1a: Blissey|Heal Bell|p1a: Blissey\n|-activate|p1a: Blissey|move: Heal Bell\n|-curestatus|p1a: Blissey|par|[msg]\n|\n|upkeep\n|turn|36\n|\n|t:|1698863870\n|switch|p1a: Moltres|Moltres|100\/100\n|move|p2a: Emu War|Calm Mind|p2a: Emu War\n|-boost|p2a: Emu War|spa|1\n|-boost|p2a: Emu War|spd|1\n|\n|-ability|p2a: Emu War|Speed Boost|boost\n|-boost|p2a: Emu War|spe|1\n|upkeep\n|turn|37\n|\n|t:|1698863872\n|move|p2a: Emu War|Protect|p2a: Emu War\n|-singleturn|p2a: Emu War|Protect\n|move|p1a: Moltres|Roar|p2a: Emu War\n|drag|p2a: Roaring Peak|Roaring Moon|95\/100 brn\n|\n|-damage|p2a: Roaring Peak|89\/100 brn|[from] brn\n|upkeep\n|turn|38\n|\n|t:|1698863877\n|-end|p2a: Roaring Peak|Protosynthesis|[silent]\n|switch|p2a: Akira|Cyclizar, F|40\/100\n|move|p1a: Moltres|Hurricane|p2a: Akira\n|-damage|p2a: Akira|0 fnt\n|faint|p2a: Akira\n|\n|upkeep\n|\n|t:|1698863879\n|switch|p2a: Aunt Fanny|Magearna|79\/100\n|turn|39\n|\n|t:|1698863884\n|move|p1a: Moltres|Will-O-Wisp|p2a: Aunt Fanny\n|-status|p2a: Aunt Fanny|brn\n|move|p2a: Aunt Fanny|Thunder Wave|p1a: Moltres|[miss]\n|-miss|p2a: Aunt Fanny|p1a: Moltres\n|\n|-damage|p2a: Aunt Fanny|73\/100 brn|[from] brn\n|upkeep\n|turn|40\n|c|\u2606XpokVEVO|WHAT\n|\n|t:|1698863891\n|switch|p1a: Arceus|Arceus-Dark, tera:Fairy|21\/100\n|move|p2a: Aunt Fanny|Thunder Wave|p1a: Arceus\n|-status|p1a: Arceus|par\n|\n|-damage|p2a: Aunt Fanny|67\/100 brn|[from] brn\n|upkeep\n|turn|41\n|\n|t:|1698863893\n|move|p2a: Aunt Fanny|Flash Cannon|p1a: Arceus\n|-supereffective|p1a: Arceus\n|-damage|p1a: Arceus|0 fnt\n|faint|p1a: Arceus\n|-ability|p2a: Aunt Fanny|Soul-Heart|boost\n|-boost|p2a: Aunt Fanny|spa|1\n|\n|-damage|p2a: Aunt Fanny|61\/100 brn|[from] brn\n|upkeep\n|\n|t:|1698863896\n|switch|p1a: Blissey|Blissey, F|100\/100\n|turn|42\n|\n|t:|1698863897\n|move|p2a: Aunt Fanny|Thunder Wave|p1a: Blissey\n|-status|p1a: Blissey|par\n|move|p1a: Blissey|Seismic Toss|p2a: Aunt Fanny\n|-damage|p2a: Aunt Fanny|27\/100 brn\n|\n|-damage|p2a: Aunt Fanny|21\/100 brn|[from] brn\n|upkeep\n|turn|43\n|\n|t:|1698863901\n|switch|p2a: Emu War|Espathra, F|100\/100\n|move|p1a: Blissey|Seismic Toss|p2a: Emu War\n|-damage|p2a: Emu War|70\/100\n|\n|upkeep\n|turn|44\n|\n|t:|1698863917\n|move|p2a: Emu War|Calm Mind|p2a: Emu War\n|-boost|p2a: Emu War|spa|1\n|-boost|p2a: Emu War|spd|1\n|move|p1a: Blissey|Heal Bell|p1a: Blissey\n|-activate|p1a: Blissey|move: Heal Bell\n|-curestatus|p1a: Blissey|par|[msg]\n|\n|-ability|p2a: Emu War|Speed Boost|boost\n|-boost|p2a: Emu War|spe|1\n|upkeep\n|turn|45\n|\n|t:|1698863925\n|switch|p1a: Moltres|Moltres|100\/100\n|move|p2a: Emu War|Stored Power|p1a: Moltres\n|-damage|p1a: Moltres|38\/100\n|\n|-ability|p2a: Emu War|Speed Boost|boost\n|-boost|p2a: Emu War|spe|1\n|upkeep\n|turn|46\n|c|\u2606XpokVEVO|ggg\n|\n|t:|1698863933\n|move|p2a: Emu War|Stored Power|p1a: Moltres\n|-damage|p1a: Moltres|0 fnt\n|faint|p1a: Moltres\n|\n|-ability|p2a: Emu War|Speed Boost|boost\n|-boost|p2a: Emu War|spe|1\n|upkeep\n|\n|t:|1698863957\n|switch|p1a: Magearna|Magearna|45\/100\n|turn|47\n|\n|t:|1698863962\n|move|p2a: Emu War|Protect|p2a: Emu War\n|-singleturn|p2a: Emu War|Protect\n|move|p1a: Magearna|Draining Kiss|p2a: Emu War\n|-activate|p2a: Emu War|move: Protect\n|\n|-heal|p1a: Magearna|51\/100|[from] item: Leftovers\n|-ability|p2a: Emu War|Speed Boost|boost\n|-boost|p2a: Emu War|spe|1\n|upkeep\n|turn|48\n|c|\u2606vespyyy|I think ive got it figured out\n|c|\u2606vespyyy|1 more\n|-message|vespyyy forfeited.\n|\n|win|XpokVEVO\n|l|\u2606vespyyy\n","uploadtime":1698863975,"views":16,"p1id":"vespyyy","p2id":"xpokvevo","formatid":"gen9ubers","rating":0,"private":0,"password":""}