{"id":"gen9ubers-1982592445","p1":"i \u2764\ufe0f gangu","p2":"Taka","format":"[Gen 9] Ubers","log":"|j|\u2606i \u2764\ufe0f gangu\n|j|\u2606Taka\n|t:|1699028172\n|gametype|singles\n|player|p1|i \u2764\ufe0f gangu|101|\n|player|p2|Taka|#bssplviiidavesdragonairs|\n|teamsize|p1|6\n|teamsize|p2|6\n|gen|9\n|tier|[Gen 9] Ubers\n|rated|Tournament battle\n|rule|Sleep Clause Mod: Limit one foe put to sleep\n|rule|Species Clause: Limit one of each Pok\u00e9mon\n|rule|OHKO Clause: OHKO moves are banned\n|rule|Evasion Items Clause: Evasion items are banned\n|rule|Evasion Moves Clause: Evasion moves are banned\n|rule|Endless Battle Clause: Forcing endless battles is banned\n|rule|HP Percentage Mod: HP is shown in percentages\n|clearpoke\n|poke|p1|Corviknight, F|\n|poke|p1|Blissey, F|\n|poke|p1|Eternatus|\n|poke|p1|Giratina|\n|poke|p1|Dondozo, M|\n|poke|p1|Arceus-Fairy|\n|poke|p2|Glimmora, M|\n|poke|p2|Rayquaza|\n|poke|p2|Zacian-*|\n|poke|p2|Arceus|\n|poke|p2|Koraidon|\n|poke|p2|Kyogre|\n|teampreview\n|inactive|Battle timer is ON: inactive players will automatically lose when time's up. (requested by Taka)\n|c|\u2606i \u2764\ufe0f gangu|hf\n|j| makers manhattan\n|inactive|Taka has 120 seconds left.\n|c|\u2606i \u2764\ufe0f gangu|its cold\n|\n|t:|1699028219\n|start\n|switch|p1a: Corviknight|Corviknight, F|100\/100\n|switch|p2a: Rayquaza|Rayquaza|100\/100\n|-ability|p2a: Rayquaza|Air Lock\n|-ability|p1a: Corviknight|Pressure\n|turn|1\n|\n|t:|1699028227\n|switch|p1a: Arceus|Arceus-Fairy|100\/100\n|move|p2a: Rayquaza|Dragon Dance|p2a: Rayquaza\n|-boost|p2a: Rayquaza|atk|1\n|-boost|p2a: Rayquaza|spe|1\n|\n|upkeep\n|turn|2\n|\n|t:|1699028245\n|-terastallize|p2a: Rayquaza|Flying\n|-terastallize|p1a: Arceus|Steel\n|move|p2a: Rayquaza|Dragon Ascent|p1a: Arceus\n|-resisted|p1a: Arceus\n|-damage|p1a: Arceus|63\/100\n|-unboost|p2a: Rayquaza|def|1\n|-unboost|p2a: Rayquaza|spd|1\n|move|p1a: Arceus|Will-O-Wisp|p2a: Rayquaza|[miss]\n|-miss|p1a: Arceus|p2a: Rayquaza\n|\n|upkeep\n|turn|3\n|\n|t:|1699028251\n|switch|p1a: Corviknight|Corviknight, F|100\/100\n|-ability|p1a: Corviknight|Pressure\n|move|p2a: Rayquaza|Earthquake|p1a: Corviknight\n|-immune|p1a: Corviknight\n|\n|upkeep\n|turn|4\n|\n|t:|1699028255\n|move|p2a: Rayquaza|Dragon Dance|p2a: Rayquaza\n|-boost|p2a: Rayquaza|atk|1\n|-boost|p2a: Rayquaza|spe|1\n|move|p1a: Corviknight|Iron Head|p2a: Rayquaza\n|-damage|p2a: Rayquaza|60\/100\n|\n|-heal|p2a: Rayquaza|66\/100|[from] item: Leftovers\n|upkeep\n|turn|5\n|\n|t:|1699028264\n|move|p2a: Rayquaza|Dragon Ascent|p1a: Corviknight\n|-resisted|p1a: Corviknight\n|-damage|p1a: Corviknight|43\/100\n|-unboost|p2a: Rayquaza|def|1\n|-unboost|p2a: Rayquaza|spd|1\n|move|p1a: Corviknight|Iron Head|p2a: Rayquaza\n|-crit|p2a: Rayquaza\n|-damage|p2a: Rayquaza|0 fnt\n|faint|p2a: Rayquaza\n|\n|-heal|p1a: Corviknight|49\/100|[from] item: Leftovers\n|upkeep\n|\n|t:|1699028275\n|switch|p2a: Zacian|Zacian-Crowned|100\/100\n|-ability|p2a: Zacian|Intrepid Sword|boost\n|-boost|p2a: Zacian|atk|1\n|turn|6\n|\n|t:|1699028282\n|switch|p1a: Dondozo|Dondozo, M|100\/100\n|move|p2a: Zacian|Wild Charge|p1a: Dondozo\n|-supereffective|p1a: Dondozo\n|-damage|p1a: Dondozo|72\/100\n|-damage|p2a: Zacian|89\/100|[from] Recoil\n|\n|-heal|p1a: Dondozo|78\/100|[from] item: Leftovers\n|upkeep\n|turn|7\n|\n|t:|1699028286\n|switch|p2a: Kyogre|Kyogre|100\/100\n|-weather|RainDance|[from] ability: Drizzle|[of] p2a: Kyogre\n|move|p1a: Dondozo|Protect||[still]\n|-fail|p1a: Dondozo\n|\n|-weather|RainDance|[upkeep]\n|-heal|p1a: Dondozo|84\/100|[from] item: Leftovers\n|upkeep\n|turn|8\n|\n|t:|1699028292\n|switch|p2a: Koraidon|Koraidon|100\/100\n|-weather|SunnyDay|[from] ability: Orichalcum Pulse|[of] p2a: Koraidon\n|-activate|p2a: Koraidon|Orichalcum Pulse|[source]\n|move|p1a: Dondozo|Protect||[still]\n|-fail|p1a: Dondozo\n|\n|-weather|SunnyDay|[upkeep]\n|-heal|p1a: Dondozo|90\/100|[from] item: Leftovers\n|upkeep\n|turn|9\n|\n|t:|1699028298\n|move|p1a: Dondozo|Protect|p1a: Dondozo\n|-singleturn|p1a: Dondozo|Protect\n|move|p2a: Koraidon|Close Combat|p1a: Dondozo\n|-activate|p1a: Dondozo|move: Protect\n|\n|-weather|SunnyDay|[upkeep]\n|-heal|p1a: Dondozo|96\/100|[from] item: Leftovers\n|upkeep\n|turn|10\n|\n|t:|1699028302\n|switch|p1a: Giratina|Giratina|100\/100\n|-ability|p1a: Giratina|Pressure\n|move|p2a: Koraidon|Close Combat|p1a: Giratina\n|-immune|p1a: Giratina\n|\n|-weather|SunnyDay|[upkeep]\n|upkeep\n|turn|11\n|\n|t:|1699028308\n|switch|p2a: Glimmora|Glimmora, M|100\/100\n|move|p1a: Giratina|Will-O-Wisp|p2a: Glimmora\n|-status|p2a: Glimmora|brn\n|\n|-weather|SunnyDay|[upkeep]\n|-damage|p2a: Glimmora|94\/100 brn|[from] brn\n|upkeep\n|turn|12\n|\n|t:|1699028311\n|switch|p1a: Corviknight|Corviknight, F|49\/100\n|-ability|p1a: Corviknight|Pressure\n|move|p2a: Glimmora|Stealth Rock|p1a: Corviknight\n|-sidestart|p1: i \u2764\ufe0f gangu|move: Stealth Rock\n|\n|-weather|none\n|-heal|p1a: Corviknight|56\/100|[from] item: Leftovers\n|-damage|p2a: Glimmora|88\/100 brn|[from] brn\n|upkeep\n|turn|13\n|\n|t:|1699028314\n|switch|p2a: Koraidon|Koraidon|100\/100\n|-weather|SunnyDay|[from] ability: Orichalcum Pulse|[of] p2a: Koraidon\n|-activate|p2a: Koraidon|Orichalcum Pulse|[source]\n|move|p1a: Corviknight|Defog|p2a: Koraidon\n|-unboost|p2a: Koraidon|evasion|1\n|-sideend|p1: i \u2764\ufe0f gangu|Stealth Rock|[from] move: Defog|[of] p1a: Corviknight\n|\n|-weather|SunnyDay|[upkeep]\n|-heal|p1a: Corviknight|62\/100|[from] item: Leftovers\n|upkeep\n|turn|14\n|\n|t:|1699028330\n|move|p2a: Koraidon|Close Combat|p1a: Corviknight\n|-damage|p1a: Corviknight|11\/100\n|-unboost|p2a: Koraidon|def|1\n|-unboost|p2a: Koraidon|spd|1\n|move|p1a: Corviknight|Roost|p1a: Corviknight\n|-heal|p1a: Corviknight|61\/100\n|-singleturn|p1a: Corviknight|move: Roost\n|\n|-weather|SunnyDay|[upkeep]\n|-heal|p1a: Corviknight|67\/100|[from] item: Leftovers\n|upkeep\n|turn|15\n|\n|t:|1699028335\n|switch|p1a: Giratina|Giratina|100\/100\n|-ability|p1a: Giratina|Pressure\n|move|p2a: Koraidon|Close Combat|p1a: Giratina\n|-immune|p1a: Giratina\n|\n|-weather|SunnyDay|[upkeep]\n|upkeep\n|turn|16\n|\n|t:|1699028341\n|switch|p2a: Glimmora|Glimmora, M|88\/100 brn\n|switch|p1a: Eternatus|Eternatus|100\/100\n|-ability|p1a: Eternatus|Pressure\n|\n|-weather|SunnyDay|[upkeep]\n|-damage|p2a: Glimmora|82\/100 brn|[from] brn\n|upkeep\n|turn|17\n|\n|t:|1699028345\n|switch|p1a: Corviknight|Corviknight, F|67\/100\n|-ability|p1a: Corviknight|Pressure\n|move|p2a: Glimmora|Stealth Rock|p1a: Corviknight\n|-sidestart|p1: i \u2764\ufe0f gangu|move: Stealth Rock\n|\n|-weather|none\n|-heal|p1a: Corviknight|73\/100|[from] item: Leftovers\n|-damage|p2a: Glimmora|76\/100 brn|[from] brn\n|upkeep\n|turn|18\n|\n|t:|1699028349\n|switch|p2a: Kyogre|Kyogre|100\/100\n|-weather|RainDance|[from] ability: Drizzle|[of] p2a: Kyogre\n|move|p1a: Corviknight|Defog|p2a: Kyogre\n|-unboost|p2a: Kyogre|evasion|1\n|-sideend|p1: i \u2764\ufe0f gangu|Stealth Rock|[from] move: Defog|[of] p1a: Corviknight\n|\n|-weather|RainDance|[upkeep]\n|-heal|p1a: Corviknight|79\/100|[from] item: Leftovers\n|upkeep\n|turn|19\n|\n|t:|1699028354\n|switch|p1a: Eternatus|Eternatus|100\/100\n|-ability|p1a: Eternatus|Pressure\n|move|p2a: Kyogre|Calm Mind|p2a: Kyogre\n|-boost|p2a: Kyogre|spa|1\n|-boost|p2a: Kyogre|spd|1\n|\n|-weather|RainDance|[upkeep]\n|upkeep\n|turn|20\n|\n|t:|1699028358\n|move|p1a: Eternatus|Toxic|p2a: Kyogre\n|-status|p2a: Kyogre|tox\n|move|p2a: Kyogre|Ice Beam|p1a: Eternatus\n|-supereffective|p1a: Eternatus\n|-damage|p1a: Eternatus|29\/100\n|\n|-weather|RainDance|[upkeep]\n|-heal|p1a: Eternatus|35\/100|[from] item: Leftovers\n|-damage|p2a: Kyogre|94\/100 tox|[from] psn\n|upkeep\n|turn|21\n|\n|t:|1699028362\n|move|p1a: Eternatus|Substitute|p1a: Eternatus\n|-start|p1a: Eternatus|Substitute\n|-damage|p1a: Eternatus|10\/100\n|move|p2a: Kyogre|Origin Pulse|p1a: Eternatus\n|-resisted|p1a: Eternatus\n|-end|p1a: Eternatus|Substitute\n|\n|-weather|RainDance|[upkeep]\n|-heal|p1a: Eternatus|16\/100|[from] item: Leftovers\n|-heal|p2a: Kyogre|100\/100 tox|[from] item: Leftovers\n|-damage|p2a: Kyogre|88\/100 tox|[from] psn\n|upkeep\n|turn|22\n|\n|t:|1699028366\n|switch|p1a: Dondozo|Dondozo, M|96\/100\n|move|p2a: Kyogre|Ice Beam|p1a: Dondozo\n|-resisted|p1a: Dondozo\n|-damage|p1a: Dondozo|79\/100\n|\n|-weather|none\n|-heal|p2a: Kyogre|94\/100 tox|[from] item: Leftovers\n|-heal|p1a: Dondozo|85\/100|[from] item: Leftovers\n|-damage|p2a: Kyogre|76\/100 tox|[from] psn\n|upkeep\n|turn|23\n|\n|t:|1699028373\n|move|p1a: Dondozo|Protect|p1a: Dondozo\n|-singleturn|p1a: Dondozo|Protect\n|move|p2a: Kyogre|Origin Pulse|p1a: Dondozo\n|-activate|p1a: Dondozo|move: Protect\n|\n|-heal|p2a: Kyogre|82\/100 tox|[from] item: Leftovers\n|-heal|p1a: Dondozo|91\/100|[from] item: Leftovers\n|-damage|p2a: Kyogre|57\/100 tox|[from] psn\n|upkeep\n|turn|24\n|\n|t:|1699028378\n|switch|p1a: Blissey|Blissey, F|100\/100\n|move|p2a: Kyogre|Thunder|p1a: Blissey\n|-damage|p1a: Blissey|80\/100\n|\n|-heal|p2a: Kyogre|63\/100 tox|[from] item: Leftovers\n|-damage|p2a: Kyogre|32\/100 tox|[from] psn\n|upkeep\n|turn|25\n|\n|t:|1699028387\n|switch|p2a: Koraidon|Koraidon|100\/100\n|-weather|SunnyDay|[from] ability: Orichalcum Pulse|[of] p2a: Koraidon\n|-activate|p2a: Koraidon|Orichalcum Pulse|[source]\n|move|p1a: Blissey|Stealth Rock|p2a: Koraidon\n|-sidestart|p2: Taka|move: Stealth Rock\n|\n|-weather|SunnyDay|[upkeep]\n|upkeep\n|turn|26\n|\n|t:|1699028391\n|switch|p1a: Eternatus|Eternatus|16\/100\n|-ability|p1a: Eternatus|Pressure\n|move|p2a: Koraidon|Scale Shot|p1a: Eternatus\n|-supereffective|p1a: Eternatus\n|-damage|p1a: Eternatus|0 fnt\n|faint|p1a: Eternatus\n|-hitcount|p1: Eternatus|1\n|-unboost|p2a: Koraidon|def|1\n|-boost|p2a: Koraidon|spe|1\n|\n|-weather|SunnyDay|[upkeep]\n|upkeep\n|\n|t:|1699028404\n|switch|p1a: Giratina|Giratina|100\/100\n|-ability|p1a: Giratina|Pressure\n|turn|27\n|\n|t:|1699028412\n|switch|p2a: Glimmora|Glimmora, M|76\/100 brn\n|-damage|p2a: Glimmora|63\/100 brn|[from] Stealth Rock\n|move|p1a: Giratina|Will-O-Wisp|p2a: Glimmora\n|-fail|p2a: Glimmora|brn\n|\n|-weather|SunnyDay|[upkeep]\n|-damage|p2a: Glimmora|57\/100 brn|[from] brn\n|upkeep\n|turn|28\n|\n|t:|1699028420\n|switch|p2a: Kyogre|Kyogre|32\/100 tox\n|-damage|p2a: Kyogre|20\/100 tox|[from] Stealth Rock\n|-weather|RainDance|[from] ability: Drizzle|[of] p2a: Kyogre\n|switch|p1a: Corviknight|Corviknight, F|79\/100\n|-ability|p1a: Corviknight|Pressure\n|\n|-weather|RainDance|[upkeep]\n|-heal|p2a: Kyogre|26\/100 tox|[from] item: Leftovers\n|-heal|p1a: Corviknight|86\/100|[from] item: Leftovers\n|-damage|p2a: Kyogre|20\/100 tox|[from] psn\n|upkeep\n|turn|29\n|\n|t:|1699028427\n|switch|p1a: Blissey|Blissey, F|80\/100\n|move|p2a: Kyogre|Origin Pulse|p1a: Blissey\n|-damage|p1a: Blissey|51\/100\n|\n|-weather|RainDance|[upkeep]\n|-heal|p2a: Kyogre|26\/100 tox|[from] item: Leftovers\n|-damage|p2a: Kyogre|14\/100 tox|[from] psn\n|upkeep\n|turn|30\n|\n|t:|1699028430\n|switch|p2a: Koraidon|Koraidon|100\/100\n|-damage|p2a: Koraidon|94\/100|[from] Stealth Rock\n|-weather|SunnyDay|[from] ability: Orichalcum Pulse|[of] p2a: Koraidon\n|-activate|p2a: Koraidon|Orichalcum Pulse|[source]\n|move|p1a: Blissey|Soft-Boiled|p1a: Blissey\n|-heal|p1a: Blissey|100\/100\n|\n|-weather|SunnyDay|[upkeep]\n|upkeep\n|turn|31\n|j| Future king of ou\n|\n|t:|1699028436\n|move|p2a: Koraidon|Scale Shot|p1a: Blissey\n|-damage|p1a: Blissey|81\/100\n|-damage|p1a: Blissey|61\/100\n|-damage|p1a: Blissey|42\/100\n|-damage|p1a: Blissey|23\/100\n|-damage|p1a: Blissey|4\/100\n|-hitcount|p1a: Blissey|5\n|-unboost|p2a: Koraidon|def|1\n|-boost|p2a: Koraidon|spe|1\n|move|p1a: Blissey|Seismic Toss|p2a: Koraidon\n|-damage|p2a: Koraidon|65\/100\n|\n|-weather|SunnyDay|[upkeep]\n|upkeep\n|turn|32\n|\n|t:|1699028443\n|move|p2a: Koraidon|Scale Shot|p1a: Blissey\n|-damage|p1a: Blissey|0 fnt\n|faint|p1a: Blissey\n|-hitcount|p1: Blissey|1\n|-unboost|p2a: Koraidon|def|1\n|-boost|p2a: Koraidon|spe|1\n|\n|-weather|SunnyDay|[upkeep]\n|upkeep\n|\n|t:|1699028446\n|switch|p1a: Giratina|Giratina|100\/100\n|-ability|p1a: Giratina|Pressure\n|turn|33\n|\n|t:|1699028450\n|switch|p2a: Glimmora|Glimmora, M|57\/100 brn\n|-damage|p2a: Glimmora|45\/100 brn|[from] Stealth Rock\n|move|p1a: Giratina|Protect||[still]\n|-fail|p1a: Giratina\n|\n|-weather|SunnyDay|[upkeep]\n|-damage|p2a: Glimmora|39\/100 brn|[from] brn\n|upkeep\n|turn|34\n|\n|t:|1699028455\n|switch|p1a: Corviknight|Corviknight, F|86\/100\n|-ability|p1a: Corviknight|Pressure\n|move|p2a: Glimmora|Stealth Rock|p1a: Corviknight\n|-sidestart|p1: i \u2764\ufe0f gangu|move: Stealth Rock\n|\n|-weather|none\n|-heal|p1a: Corviknight|92\/100|[from] item: Leftovers\n|-damage|p2a: Glimmora|32\/100 brn|[from] brn\n|upkeep\n|turn|35\n|\n|t:|1699028457\n|move|p2a: Glimmora|Spikes|p1a: Corviknight\n|-sidestart|p1: i \u2764\ufe0f gangu|Spikes\n|move|p1a: Corviknight|Substitute|p1a: Corviknight\n|-start|p1a: Corviknight|Substitute\n|-damage|p1a: Corviknight|67\/100\n|\n|-heal|p1a: Corviknight|73\/100|[from] item: Leftovers\n|-damage|p2a: Glimmora|26\/100 brn|[from] brn\n|upkeep\n|turn|36\n|\n|t:|1699028460\n|move|p2a: Glimmora|Spikes|p1a: Corviknight\n|-sidestart|p1: i \u2764\ufe0f gangu|Spikes\n|move|p1a: Corviknight|Defog|p2a: Glimmora\n|-unboost|p2a: Glimmora|evasion|1\n|-sideend|p2: Taka|Stealth Rock|[from] move: Defog|[of] p1a: Corviknight\n|-sideend|p1: i \u2764\ufe0f gangu|Spikes|[from] move: Defog|[of] p1a: Corviknight\n|-sideend|p1: i \u2764\ufe0f gangu|Stealth Rock|[from] move: Defog|[of] p1a: Corviknight\n|\n|-heal|p1a: Corviknight|79\/100|[from] item: Leftovers\n|-damage|p2a: Glimmora|20\/100 brn|[from] brn\n|upkeep\n|turn|37\n|\n|t:|1699028463\n|move|p2a: Glimmora|Spikes|p1a: Corviknight\n|-sidestart|p1: i \u2764\ufe0f gangu|Spikes\n|move|p1a: Corviknight|Defog|p2a: Glimmora\n|-unboost|p2a: Glimmora|evasion|1\n|-sideend|p1: i \u2764\ufe0f gangu|Spikes|[from] move: Defog|[of] p1a: Corviknight\n|\n|-heal|p1a: Corviknight|86\/100|[from] item: Leftovers\n|-damage|p2a: Glimmora|14\/100 brn|[from] brn\n|upkeep\n|turn|38\n|\n|t:|1699028465\n|move|p2a: Glimmora|Spikes|p1a: Corviknight\n|-sidestart|p1: i \u2764\ufe0f gangu|Spikes\n|move|p1a: Corviknight|Defog|p2a: Glimmora\n|-unboost|p2a: Glimmora|evasion|1\n|-sideend|p1: i \u2764\ufe0f gangu|Spikes|[from] move: Defog|[of] p1a: Corviknight\n|\n|-heal|p1a: Corviknight|92\/100|[from] item: Leftovers\n|-damage|p2a: Glimmora|8\/100 brn|[from] brn\n|upkeep\n|turn|39\n|\n|t:|1699028473\n|switch|p2a: Zacian|Zacian-Crowned|89\/100\n|move|p1a: Corviknight|Defog|p2a: Zacian\n|-unboost|p2a: Zacian|evasion|1\n|\n|-heal|p1a: Corviknight|98\/100|[from] item: Leftovers\n|upkeep\n|turn|40\n|\n|t:|1699028477\n|move|p2a: Zacian|Wild Charge|p1a: Corviknight\n|-supereffective|p1a: Corviknight\n|-end|p1a: Corviknight|Substitute\n|-damage|p2a: Zacian|81\/100|[from] Recoil|[of] p1a: Corviknight\n|move|p1a: Corviknight|Iron Head|p2a: Zacian\n|-crit|p2a: Zacian\n|-damage|p2a: Zacian|48\/100\n|\n|-heal|p1a: Corviknight|100\/100|[from] item: Leftovers\n|upkeep\n|turn|41\n|j| INDsaksham\n|\n|t:|1699028484\n|switch|p1a: Dondozo|Dondozo, M|91\/100\n|move|p2a: Zacian|Swords Dance|p2a: Zacian\n|-boost|p2a: Zacian|atk|2\n|\n|-heal|p1a: Dondozo|98\/100|[from] item: Leftovers\n|upkeep\n|turn|42\n|l| INDsaksham\n|\n|t:|1699028490\n|switch|p2a: Glimmora|Glimmora, M|8\/100 brn\n|move|p1a: Dondozo|Curse|p1a: Dondozo\n|-unboost|p1a: Dondozo|spe|1\n|-boost|p1a: Dondozo|atk|1\n|-boost|p1a: Dondozo|def|1\n|\n|-heal|p1a: Dondozo|100\/100|[from] item: Leftovers\n|-damage|p2a: Glimmora|1\/100 brn|[from] brn\n|upkeep\n|turn|43\n|\n|t:|1699028494\n|move|p2a: Glimmora|Stealth Rock|p1a: Dondozo\n|-sidestart|p1: i \u2764\ufe0f gangu|move: Stealth Rock\n|move|p1a: Dondozo|Curse|p1a: Dondozo\n|-unboost|p1a: Dondozo|spe|1\n|-boost|p1a: Dondozo|atk|1\n|-boost|p1a: Dondozo|def|1\n|\n|-damage|p2a: Glimmora|0 fnt|[from] brn\n|faint|p2a: Glimmora\n|upkeep\n|\n|t:|1699028496\n|switch|p2a: Kyogre|Kyogre|14\/100 tox\n|-weather|RainDance|[from] ability: Drizzle|[of] p2a: Kyogre\n|turn|44\n|j| Hats\n|\n|t:|1699028502\n|move|p1a: Dondozo|Protect|p1a: Dondozo\n|-singleturn|p1a: Dondozo|Protect\n|move|p2a: Kyogre|Thunder|p1a: Dondozo\n|-activate|p1a: Dondozo|move: Protect\n|\n|-weather|RainDance|[upkeep]\n|-heal|p2a: Kyogre|20\/100 tox|[from] item: Leftovers\n|-damage|p2a: Kyogre|14\/100 tox|[from] psn\n|upkeep\n|turn|45\n|l| Hats\n|\n|t:|1699028511\n|switch|p1a: Giratina|Giratina|100\/100\n|-damage|p1a: Giratina|88\/100|[from] Stealth Rock\n|-ability|p1a: Giratina|Pressure\n|move|p2a: Kyogre|Ice Beam|p1a: Giratina\n|-supereffective|p1a: Giratina\n|-damage|p1a: Giratina|40\/100\n|\n|-weather|RainDance|[upkeep]\n|-heal|p2a: Kyogre|20\/100 tox|[from] item: Leftovers\n|-heal|p1a: Giratina|46\/100|[from] item: Leftovers\n|-damage|p2a: Kyogre|8\/100 tox|[from] psn\n|upkeep\n|turn|46\n|\n|t:|1699028518\n|switch|p2a: Koraidon|Koraidon|65\/100\n|-weather|SunnyDay|[from] ability: Orichalcum Pulse|[of] p2a: Koraidon\n|-activate|p2a: Koraidon|Orichalcum Pulse|[source]\n|move|p1a: Giratina|Protect||[still]\n|-fail|p1a: Giratina\n|\n|-weather|SunnyDay|[upkeep]\n|-heal|p1a: Giratina|52\/100|[from] item: Leftovers\n|upkeep\n|turn|47\n|\n|t:|1699028536\n|switch|p1a: Dondozo|Dondozo, M|100\/100\n|-damage|p1a: Dondozo|88\/100|[from] Stealth Rock\n|move|p2a: Koraidon|Scale Shot|p1a: Dondozo\n|-damage|p1a: Dondozo|79\/100\n|-damage|p1a: Dondozo|72\/100\n|-damage|p1a: Dondozo|63\/100\n|-damage|p1a: Dondozo|55\/100\n|-hitcount|p1a: Dondozo|4\n|-unboost|p2a: Koraidon|def|1\n|-boost|p2a: Koraidon|spe|1\n|\n|-weather|SunnyDay|[upkeep]\n|-heal|p1a: Dondozo|62\/100|[from] item: Leftovers\n|upkeep\n|turn|48\n|l| Future king of ou\n|\n|t:|1699028540\n|move|p1a: Dondozo|Protect|p1a: Dondozo\n|-singleturn|p1a: Dondozo|Protect\n|move|p2a: Koraidon|Scale Shot|p1a: Dondozo\n|-activate|p1a: Dondozo|move: Protect\n|\n|-weather|SunnyDay|[upkeep]\n|-heal|p1a: Dondozo|68\/100|[from] item: Leftovers\n|upkeep\n|turn|49\n|\n|t:|1699028544\n|move|p2a: Koraidon|Scale Shot|p1a: Dondozo\n|-damage|p1a: Dondozo|60\/100\n|-damage|p1a: Dondozo|52\/100\n|-damage|p1a: Dondozo|45\/100\n|-damage|p1a: Dondozo|36\/100\n|-damage|p1a: Dondozo|28\/100\n|-hitcount|p1a: Dondozo|5\n|-unboost|p2a: Koraidon|def|1\n|-boost|p2a: Koraidon|spe|1\n|move|p1a: Dondozo|Curse|p1a: Dondozo\n|-unboost|p1a: Dondozo|spe|1\n|-boost|p1a: Dondozo|atk|1\n|-boost|p1a: Dondozo|def|1\n|\n|-weather|SunnyDay|[upkeep]\n|-heal|p1a: Dondozo|34\/100|[from] item: Leftovers\n|upkeep\n|turn|50\n|j|+OreoSpeedruns\n|\n|t:|1699028554\n|move|p2a: Koraidon|Scale Shot|p1a: Dondozo\n|-damage|p1a: Dondozo|29\/100\n|-damage|p1a: Dondozo|24\/100\n|-damage|p1a: Dondozo|18\/100\n|-damage|p1a: Dondozo|13\/100\n|-damage|p1a: Dondozo|7\/100\n|-hitcount|p1a: Dondozo|5\n|-unboost|p2a: Koraidon|def|1\n|-boost|p2a: Koraidon|spe|1\n|move|p1a: Dondozo|Rest|p1a: Dondozo\n|-status|p1a: Dondozo|slp|[from] move: Rest\n|-heal|p1a: Dondozo|100\/100 slp|[silent]\n|\n|-weather|none\n|upkeep\n|turn|51\n|\n|t:|1699028564\n|switch|p2a: Kyogre|Kyogre|8\/100 tox\n|-weather|RainDance|[from] ability: Drizzle|[of] p2a: Kyogre\n|cant|p1a: Dondozo|slp\n|\n|-weather|RainDance|[upkeep]\n|-heal|p2a: Kyogre|14\/100 tox|[from] item: Leftovers\n|-damage|p2a: Kyogre|8\/100 tox|[from] psn\n|upkeep\n|turn|52\n|\n|t:|1699028572\n|switch|p1a: Giratina|Giratina|52\/100\n|-damage|p1a: Giratina|40\/100|[from] Stealth Rock\n|-ability|p1a: Giratina|Pressure\n|move|p2a: Kyogre|Thunder|p1a: Giratina\n|-resisted|p1a: Giratina\n|-damage|p1a: Giratina|26\/100\n|\n|-weather|RainDance|[upkeep]\n|-heal|p2a: Kyogre|14\/100 tox|[from] item: Leftovers\n|-heal|p1a: Giratina|33\/100|[from] item: Leftovers\n|-damage|p2a: Kyogre|2\/100 tox|[from] psn\n|upkeep\n|turn|53\n|\n|t:|1699028575\n|move|p2a: Kyogre|Ice Beam|p1a: Giratina\n|-supereffective|p1a: Giratina\n|-damage|p1a: Giratina|0 fnt\n|faint|p1a: Giratina\n|\n|-weather|RainDance|[upkeep]\n|-heal|p2a: Kyogre|8\/100 tox|[from] item: Leftovers\n|-damage|p2a: Kyogre|0 fnt|[from] psn\n|faint|p2a: Kyogre\n|upkeep\n|\n|t:|1699028578\n|switch|p2a: Koraidon|Koraidon|65\/100\n|switch|p1a: Dondozo|Dondozo, M|100\/100 slp\n|-weather|SunnyDay|[from] ability: Orichalcum Pulse|[of] p2a: Koraidon\n|-activate|p2a: Koraidon|Orichalcum Pulse|[source]\n|-damage|p1a: Dondozo|88\/100 slp|[from] Stealth Rock\n|turn|54\n|\n|t:|1699028583\n|cant|p1a: Dondozo|slp\n|move|p2a: Koraidon|Close Combat|p1a: Dondozo\n|-damage|p1a: Dondozo|47\/100 slp\n|-unboost|p2a: Koraidon|def|1\n|-unboost|p2a: Koraidon|spd|1\n|\n|-weather|SunnyDay|[upkeep]\n|-heal|p1a: Dondozo|53\/100 slp|[from] item: Leftovers\n|upkeep\n|turn|55\n|\n|t:|1699028586\n|-curestatus|p1a: Dondozo|slp|[msg]\n|move|p1a: Dondozo|Protect|p1a: Dondozo\n|-singleturn|p1a: Dondozo|Protect\n|move|p2a: Koraidon|Scale Shot|p1a: Dondozo\n|-activate|p1a: Dondozo|move: Protect\n|\n|-weather|SunnyDay|[upkeep]\n|-heal|p1a: Dondozo|60\/100|[from] item: Leftovers\n|upkeep\n|turn|56\n|\n|t:|1699028592\n|move|p2a: Koraidon|Scale Shot|p1a: Dondozo|[miss]\n|-miss|p2a: Koraidon|p1a: Dondozo\n|move|p1a: Dondozo|Curse|p1a: Dondozo\n|-unboost|p1a: Dondozo|spe|1\n|-boost|p1a: Dondozo|atk|1\n|-boost|p1a: Dondozo|def|1\n|\n|-weather|SunnyDay|[upkeep]\n|-heal|p1a: Dondozo|66\/100|[from] item: Leftovers\n|upkeep\n|turn|57\n|c|\u2606i \u2764\ufe0f gangu|gg\n|\n|t:|1699028598\n|switch|p2a: Arceus|Arceus|100\/100\n|move|p1a: Dondozo|Protect||[still]\n|-fail|p1a: Dondozo\n|\n|-weather|SunnyDay|[upkeep]\n|-heal|p1a: Dondozo|72\/100|[from] item: Leftovers\n|upkeep\n|turn|58\n|\n|t:|1699028600\n|move|p2a: Arceus|Taunt|p1a: Dondozo\n|-start|p1a: Dondozo|move: Taunt\n|cant|p1a: Dondozo|move: Taunt|Curse\n|\n|-weather|none\n|-heal|p1a: Dondozo|78\/100|[from] item: Leftovers\n|upkeep\n|turn|59\n|\n|t:|1699028604\n|move|p2a: Arceus|Swords Dance|p2a: Arceus\n|-boost|p2a: Arceus|atk|2\n|move|p1a: Dondozo|Liquidation|p2a: Arceus\n|-damage|p2a: Arceus|72\/100\n|\n|-heal|p2a: Arceus|78\/100|[from] item: Leftovers\n|-heal|p1a: Dondozo|84\/100|[from] item: Leftovers\n|upkeep\n|turn|60\n|\n|t:|1699028606\n|move|p2a: Arceus|Shadow Claw|p1a: Dondozo\n|-damage|p1a: Dondozo|76\/100\n|move|p1a: Dondozo|Liquidation|p2a: Arceus\n|-damage|p2a: Arceus|47\/100\n|\n|-heal|p2a: Arceus|53\/100|[from] item: Leftovers\n|-heal|p1a: Dondozo|82\/100|[from] item: Leftovers\n|-end|p1a: Dondozo|move: Taunt\n|upkeep\n|turn|61\n|\n|t:|1699028609\n|move|p1a: Dondozo|Protect|p1a: Dondozo\n|-singleturn|p1a: Dondozo|Protect\n|move|p2a: Arceus|Taunt|p1a: Dondozo\n|-activate|p1a: Dondozo|move: Protect\n|\n|-heal|p2a: Arceus|59\/100|[from] item: Leftovers\n|-heal|p1a: Dondozo|88\/100|[from] item: Leftovers\n|upkeep\n|turn|62\n|\n|t:|1699028611\n|move|p2a: Arceus|Taunt|p1a: Dondozo\n|-start|p1a: Dondozo|move: Taunt\n|move|p1a: Dondozo|Liquidation|p2a: Arceus\n|-damage|p2a: Arceus|30\/100\n|\n|-heal|p2a: Arceus|36\/100|[from] item: Leftovers\n|-heal|p1a: Dondozo|95\/100|[from] item: Leftovers\n|upkeep\n|turn|63\n|\n|t:|1699028613\n|move|p2a: Arceus|Extreme Speed|p1a: Dondozo\n|-damage|p1a: Dondozo|81\/100\n|move|p1a: Dondozo|Liquidation|p2a: Arceus\n|-damage|p2a: Arceus|6\/100\n|\n|-heal|p2a: Arceus|12\/100|[from] item: Leftovers\n|-heal|p1a: Dondozo|87\/100|[from] item: Leftovers\n|upkeep\n|turn|64\n|\n|t:|1699028615\n|move|p2a: Arceus|Extreme Speed|p1a: Dondozo\n|-damage|p1a: Dondozo|73\/100\n|move|p1a: Dondozo|Liquidation|p2a: Arceus\n|-damage|p2a: Arceus|0 fnt\n|faint|p2a: Arceus\n|\n|-heal|p1a: Dondozo|79\/100|[from] item: Leftovers\n|-end|p1a: Dondozo|move: Taunt\n|upkeep\n|c|\u2606Taka|ye\n|c|\u2606Taka|gg\n|-message|Taka forfeited.\n|\n|win|i \u2764\ufe0f gangu\n|n|\u2606i \u2764\ufe0f gangu|igangu\n|n|\u2606Taka|taka\n|n| makers manhattan|makersmanhattan\n|n| OreoSpeedruns|oreospeedruns\n","uploadtime":1699028620,"views":15,"p1id":"igangu","p2id":"taka","formatid":"gen9ubers","rating":0,"private":0,"password":""}