{"id":"gen9ubers-1982096618","p1":"squirmey","p2":"wispkey","format":"[Gen 9] Ubers","log":"|j|\u2606squirmey\n|j|\u2606wispkey\n|t:|1698967483\n|gametype|singles\n|player|p1|squirmey|169|\n|player|p2|wispkey|n|\n|teamsize|p1|6\n|teamsize|p2|6\n|gen|9\n|tier|[Gen 9] Ubers\n|rule|Sleep Clause Mod: Limit one foe put to sleep\n|rule|Species Clause: Limit one of each Pok\u00e9mon\n|rule|OHKO Clause: OHKO moves are banned\n|rule|Evasion Items Clause: Evasion items are banned\n|rule|Evasion Moves Clause: Evasion moves are banned\n|rule|Endless Battle Clause: Forcing endless battles is banned\n|rule|HP Percentage Mod: HP is shown in percentages\n|clearpoke\n|poke|p1|Kingambit, M|\n|poke|p1|Maushold|\n|poke|p1|Tornadus-Therian, M|\n|poke|p1|Pelipper, M|\n|poke|p1|Hoopa-Unbound|\n|poke|p1|Alomomola, M|\n|poke|p2|Electrode-Hisui|\n|poke|p2|Zapdos|\n|poke|p2|Scream Tail|\n|poke|p2|Goodra-Hisui, M|\n|poke|p2|Mismagius, M|\n|poke|p2|Samurott-Hisui, M|\n|teampreview\n|\n|t:|1698967503\n|start\n|switch|p1a: Pelipper|Pelipper, M|100\/100\n|switch|p2a: Zapdos|Zapdos|100\/100\n|-ability|p2a: Zapdos|Pressure\n|-weather|RainDance|[from] ability: Drizzle|[of] p1a: Pelipper\n|turn|1\n|\n|t:|1698967523\n|move|p2a: Zapdos|Discharge|p1a: Pelipper\n|-supereffective|p1a: Pelipper\n|-damage|p1a: Pelipper|0 fnt\n|faint|p1a: Pelipper\n|\n|-weather|RainDance|[upkeep]\n|upkeep\n|\n|t:|1698967527\n|switch|p1a: Hoopa|Hoopa-Unbound|100\/100\n|turn|2\n|\n|t:|1698967532\n|move|p2a: Zapdos|U-turn|p1a: Hoopa\n|-supereffective|p1a: Hoopa\n|-damage|p1a: Hoopa|15\/100\n|\n|t:|1698967548\n|switch|p2a: Scream Tail|Scream Tail|100\/100|[from] U-turn\n|move|p1a: Hoopa|Hyperspace Fury|p2a: Scream Tail\n|-damage|p2a: Scream Tail|26\/100\n|-unboost|p1a: Hoopa|def|1\n|\n|-weather|RainDance|[upkeep]\n|-heal|p2a: Scream Tail|32\/100|[from] item: Leftovers\n|upkeep\n|turn|3\n|\n|t:|1698967571\n|switch|p1a: Alomomola|Alomomola, M|100\/100\n|move|p2a: Scream Tail|Play Rough|p1a: Alomomola\n|-damage|p1a: Alomomola|89\/100\n|-damage|p2a: Scream Tail|16\/100|[from] item: Rocky Helmet|[of] p1a: Alomomola\n|\n|-weather|RainDance|[upkeep]\n|-heal|p2a: Scream Tail|22\/100|[from] item: Leftovers\n|upkeep\n|turn|4\n|\n|t:|1698967587\n|move|p2a: Scream Tail|Protect|p2a: Scream Tail\n|-singleturn|p2a: Scream Tail|Protect\n|move|p1a: Alomomola|Flip Turn|p2a: Scream Tail\n|-activate|p2a: Scream Tail|move: Protect\n|\n|-weather|RainDance|[upkeep]\n|-heal|p2a: Scream Tail|28\/100|[from] item: Leftovers\n|upkeep\n|turn|5\n|\n|t:|1698967599\n|move|p2a: Scream Tail|Wish|p2a: Scream Tail\n|move|p1a: Alomomola|Scald|p2a: Scream Tail\n|-damage|p2a: Scream Tail|14\/100\n|-status|p2a: Scream Tail|brn\n|\n|-weather|RainDance|[upkeep]\n|-heal|p2a: Scream Tail|20\/100 brn|[from] item: Leftovers\n|-damage|p2a: Scream Tail|14\/100 brn|[from] brn\n|upkeep\n|turn|6\n|\n|t:|1698967616\n|move|p2a: Scream Tail|Protect|p2a: Scream Tail\n|-singleturn|p2a: Scream Tail|Protect\n|move|p1a: Alomomola|Wish|p1a: Alomomola\n|\n|-weather|RainDance|[upkeep]\n|-heal|p2a: Scream Tail|64\/100 brn|[from] move: Wish|[wisher] Scream Tail\n|-heal|p2a: Scream Tail|70\/100 brn|[from] item: Leftovers\n|-damage|p2a: Scream Tail|64\/100 brn|[from] brn\n|upkeep\n|turn|7\n|\n|t:|1698967625\n|move|p2a: Scream Tail|Wish|p2a: Scream Tail\n|move|p1a: Alomomola|Flip Turn|p2a: Scream Tail\n|-damage|p2a: Scream Tail|44\/100 brn\n|\n|t:|1698967645\n|switch|p1a: Hoopa|Hoopa-Unbound|15\/100|[from] Flip Turn\n|\n|-weather|RainDance|[upkeep]\n|-heal|p1a: Hoopa|100\/100|[from] move: Wish|[wisher] Alomomola\n|-heal|p2a: Scream Tail|50\/100 brn|[from] item: Leftovers\n|-damage|p2a: Scream Tail|44\/100 brn|[from] brn\n|upkeep\n|turn|8\n|\n|t:|1698967661\n|move|p2a: Scream Tail|Play Rough|p1a: Hoopa\n|-supereffective|p1a: Hoopa\n|-damage|p1a: Hoopa|62\/100\n|move|p1a: Hoopa|Hyperspace Fury|p2a: Scream Tail\n|-damage|p2a: Scream Tail|0 fnt\n|-unboost|p1a: Hoopa|def|1\n|faint|p2a: Scream Tail\n|-end|p2a: Scream Tail|Protosynthesis|[silent]\n|\n|-weather|none\n|upkeep\n|\n|t:|1698967670\n|switch|p2a: Zapdos|Zapdos|100\/100\n|-ability|p2a: Zapdos|Pressure\n|turn|9\n|\n|t:|1698967715\n|switch|p1a: Alomomola|Alomomola, M|100\/100\n|move|p2a: Zapdos|U-turn|p1a: Alomomola\n|-damage|p1a: Alomomola|93\/100\n|-damage|p2a: Zapdos|84\/100|[from] item: Rocky Helmet|[of] p1a: Alomomola\n|\n|t:|1698967720\n|switch|p2a: Electrode|Electrode-Hisui, shiny|100\/100|[from] U-turn\n|\n|upkeep\n|turn|10\n|\n|t:|1698967731\n|move|p1a: Alomomola|Protect|p1a: Alomomola\n|-singleturn|p1a: Alomomola|Protect\n|move|p2a: Electrode|Leaf Storm|p1a: Alomomola\n|-activate|p1a: Alomomola|move: Protect\n|\n|upkeep\n|turn|11\n|\n|t:|1698967748\n|switch|p1a: Kingambit|Kingambit, M|100\/100\n|-activate|p1a: Kingambit|ability: Supreme Overlord\n|-start|p1a: Kingambit|fallen1|[silent]\n|move|p2a: Electrode|Leaf Storm|p1a: Kingambit\n|-resisted|p1a: Kingambit\n|-damage|p1a: Kingambit|76\/100\n|-unboost|p2a: Electrode|spa|2\n|\n|upkeep\n|turn|12\n|\n|t:|1698967762\n|move|p2a: Electrode|Taunt|p1a: Kingambit\n|-start|p1a: Kingambit|move: Taunt\n|move|p1a: Kingambit|Kowtow Cleave|p2a: Electrode\n|-damage|p2a: Electrode|10\/100\n|\n|upkeep\n|turn|13\n|\n|t:|1698967779\n|switch|p2a: Samurott|Samurott-Hisui, M, shiny|100\/100\n|move|p1a: Kingambit|Kowtow Cleave|p2a: Samurott\n|-resisted|p2a: Samurott\n|-damage|p2a: Samurott|62\/100\n|\n|-heal|p2a: Samurott|68\/100|[from] item: Leftovers\n|upkeep\n|turn|14\n|\n|t:|1698967798\n|-end|p1a: Kingambit|fallen1|[silent]\n|switch|p1a: Alomomola|Alomomola, M|100\/100\n|move|p2a: Samurott|Sacred Sword|p1a: Alomomola\n|-damage|p1a: Alomomola|80\/100\n|-damage|p2a: Samurott|52\/100|[from] item: Rocky Helmet|[of] p1a: Alomomola\n|\n|-heal|p2a: Samurott|58\/100|[from] item: Leftovers\n|upkeep\n|turn|15\n|\n|t:|1698967824\n|switch|p2a: Zapdos|Zapdos|84\/100\n|-ability|p2a: Zapdos|Pressure\n|move|p1a: Alomomola|Flip Turn|p2a: Zapdos\n|-damage|p2a: Zapdos|71\/100\n|-damage|p1a: Alomomola|64\/100|[from] item: Rocky Helmet|[of] p2a: Zapdos\n|\n|t:|1698967845\n|switch|p1a: Kingambit|Kingambit, M|76\/100|[from] Flip Turn\n|-activate|p1a: Kingambit|ability: Supreme Overlord\n|-start|p1a: Kingambit|fallen1|[silent]\n|\n|upkeep\n|turn|16\n|\n|t:|1698967888\n|move|p2a: Zapdos|U-turn|p1a: Kingambit\n|-damage|p1a: Kingambit|66\/100\n|\n|t:|1698967890\n|switch|p2a: Samurott|Samurott-Hisui, M, shiny|58\/100|[from] U-turn\n|move|p1a: Kingambit|Kowtow Cleave|p2a: Samurott\n|-resisted|p2a: Samurott\n|-damage|p2a: Samurott|18\/100\n|\n|-heal|p2a: Samurott|24\/100|[from] item: Leftovers\n|upkeep\n|turn|17\n|\n|t:|1698967906\n|move|p1a: Kingambit|Sucker Punch|p2a: Samurott\n|-resisted|p2a: Samurott\n|-damage|p2a: Samurott|0 fnt\n|faint|p2a: Samurott\n|\n|upkeep\n|\n|t:|1698967913\n|switch|p2a: Goodra|Goodra-Hisui, M|100\/100\n|turn|18\n|\n|t:|1698967920\n|-end|p1a: Kingambit|fallen1|[silent]\n|switch|p1a: Alomomola|Alomomola, M|97\/100\n|move|p2a: Goodra|Body Press|p1a: Alomomola\n|-damage|p1a: Alomomola|83\/100\n|-damage|p2a: Goodra|84\/100|[from] item: Rocky Helmet|[of] p1a: Alomomola\n|\n|upkeep\n|turn|19\n|\n|t:|1698967982\n|switch|p2a: Mismagius|Mismagius, M|100\/100\n|move|p1a: Alomomola|Flip Turn|p2a: Mismagius\n|-damage|p2a: Mismagius|71\/100\n|\n|t:|1698968002\n|switch|p1a: Maushold|Maushold|100\/100|[from] Flip Turn\n|\n|upkeep\n|turn|20\n|\n|t:|1698968020\n|move|p2a: Mismagius|Will-O-Wisp|p1a: Maushold\n|-status|p1a: Maushold|brn\n|move|p1a: Maushold|Tidy Up|p1a: Maushold\n|-boost|p1a: Maushold|atk|1\n|-boost|p1a: Maushold|spe|1\n|\n|-damage|p1a: Maushold|94\/100 brn|[from] brn\n|upkeep\n|turn|21\n|\n|t:|1698968033\n|switch|p2a: Zapdos|Zapdos|71\/100\n|-ability|p2a: Zapdos|Pressure\n|move|p1a: Maushold|Encore||[still]\n|-fail|p1a: Maushold\n|\n|-damage|p1a: Maushold|88\/100 brn|[from] brn\n|upkeep\n|turn|22\n|\n|t:|1698968045\n|move|p1a: Maushold|Population Bomb|p2a: Zapdos\n|-damage|p2a: Zapdos|64\/100\n|-damage|p1a: Maushold|71\/100 brn|[from] item: Rocky Helmet|[of] p2a: Zapdos\n|-damage|p2a: Zapdos|58\/100\n|-damage|p1a: Maushold|55\/100 brn|[from] item: Rocky Helmet|[of] p2a: Zapdos\n|-damage|p2a: Zapdos|51\/100\n|-damage|p1a: Maushold|38\/100 brn|[from] item: Rocky Helmet|[of] p2a: Zapdos\n|-damage|p2a: Zapdos|43\/100\n|-damage|p1a: Maushold|22\/100 brn|[from] item: Rocky Helmet|[of] p2a: Zapdos\n|-damage|p2a: Zapdos|36\/100\n|-damage|p1a: Maushold|5\/100 brn|[from] item: Rocky Helmet|[of] p2a: Zapdos\n|-damage|p2a: Zapdos|28\/100\n|-damage|p1a: Maushold|0 fnt|[from] item: Rocky Helmet|[of] p2a: Zapdos\n|faint|p1a: Maushold\n|-hitcount|p2a: Zapdos|6\n|move|p2a: Zapdos|Roost|p2a: Zapdos\n|-heal|p2a: Zapdos|78\/100\n|-singleturn|p2a: Zapdos|move: Roost\n|\n|upkeep\n|\n|t:|1698968055\n|switch|p1a: Kingambit|Kingambit, M|66\/100\n|-activate|p1a: Kingambit|ability: Supreme Overlord\n|-start|p1a: Kingambit|fallen2|[silent]\n|turn|23\n|\n|t:|1698968126\n|move|p2a: Zapdos|Discharge|p1a: Kingambit\n|-damage|p1a: Kingambit|35\/100\n|move|p1a: Kingambit|Kowtow Cleave|p2a: Zapdos\n|-damage|p2a: Zapdos|12\/100\n|-damage|p1a: Kingambit|18\/100|[from] item: Rocky Helmet|[of] p2a: Zapdos\n|\n|upkeep\n|turn|24\n|\n|t:|1698968155\n|move|p2a: Zapdos|Roost|p2a: Zapdos\n|-heal|p2a: Zapdos|62\/100\n|-singleturn|p2a: Zapdos|move: Roost\n|move|p1a: Kingambit|Kowtow Cleave|p2a: Zapdos\n|-damage|p2a: Zapdos|0 fnt\n|-damage|p1a: Kingambit|1\/100|[from] item: Rocky Helmet|[of] p2a: Zapdos\n|faint|p2a: Zapdos\n|\n|upkeep\n|\n|t:|1698968175\n|switch|p2a: Goodra|Goodra-Hisui, M|84\/100\n|turn|25\n|\n|t:|1698968181\n|-end|p1a: Kingambit|fallen2|[silent]\n|switch|p1a: Alomomola|Alomomola, M|100\/100\n|move|p2a: Goodra|Knock Off|p1a: Alomomola\n|-damage|p1a: Alomomola|88\/100\n|-damage|p2a: Goodra|67\/100|[from] item: Rocky Helmet|[of] p1a: Alomomola\n|-enditem|p1a: Alomomola|Rocky Helmet|[from] move: Knock Off|[of] p2a: Goodra\n|\n|upkeep\n|turn|26\n|\n|t:|1698968195\n|switch|p2a: Mismagius|Mismagius, M|71\/100\n|move|p1a: Alomomola|Wish|p1a: Alomomola\n|\n|upkeep\n|turn|27\n|\n|t:|1698968259\n|move|p2a: Mismagius|Trick|p1a: Alomomola\n|-activate|p2a: Mismagius|move: Trick|[of] p1a: Alomomola\n|-item|p1a: Alomomola|Choice Scarf|[from] move: Trick\n|-enditem|p2a: Mismagius|Choice Scarf|[silent]|[from] move: Trick\n|move|p1a: Alomomola|Flip Turn|p2a: Mismagius\n|-damage|p2a: Mismagius|41\/100\n|\n|t:|1698968266\n|switch|p1a: Kingambit|Kingambit, M|1\/100|[from] Flip Turn\n|-activate|p1a: Kingambit|ability: Supreme Overlord\n|-start|p1a: Kingambit|fallen2|[silent]\n|\n|-heal|p1a: Kingambit|71\/100|[from] move: Wish|[wisher] Alomomola\n|upkeep\n|turn|28\n|\n|t:|1698968277\n|move|p2a: Mismagius|Will-O-Wisp|p1a: Kingambit\n|-status|p1a: Kingambit|brn\n|move|p1a: Kingambit|Kowtow Cleave|p2a: Mismagius\n|-supereffective|p2a: Mismagius\n|-damage|p2a: Mismagius|0 fnt\n|faint|p2a: Mismagius\n|\n|-damage|p1a: Kingambit|64\/100 brn|[from] brn\n|upkeep\n|\n|t:|1698968288\n|switch|p2a: Goodra|Goodra-Hisui, M|67\/100\n|turn|29\n|\n|t:|1698968297\n|move|p1a: Kingambit|Sucker Punch|p2a: Goodra\n|-damage|p2a: Goodra|47\/100\n|-ability|p2a: Goodra|Gooey\n|-unboost|p1a: Kingambit|spe|1\n|move|p2a: Goodra|Body Press|p1a: Kingambit\n|-supereffective|p1a: Kingambit\n|-damage|p1a: Kingambit|0 fnt\n|faint|p1a: Kingambit\n|-end|p1a: Kingambit|fallen2|[silent]\n|\n|upkeep\n|\n|t:|1698968309\n|switch|p1a: Hoopa|Hoopa-Unbound|62\/100\n|turn|30\n|\n|t:|1698968349\n|move|p1a: Hoopa|Drain Punch|p2a: Goodra\n|-supereffective|p2a: Goodra\n|-damage|p2a: Goodra|0 fnt\n|-heal|p1a: Hoopa|90\/100|[from] drain|[of] p2a: Goodra\n|-ability|p2a: Goodra|Gooey\n|-unboost|p1a: Hoopa|spe|1\n|faint|p2a: Goodra\n|\n|upkeep\n|\n|t:|1698968357\n|switch|p2a: Electrode|Electrode-Hisui, shiny|10\/100\n|turn|31\n|\n|t:|1698968363\n|move|p2a: Electrode|Thunderbolt|p1a: Hoopa\n|-damage|p1a: Hoopa|60\/100\n|move|p1a: Hoopa|Drain Punch|p2a: Electrode\n|-damage|p2a: Electrode|0 fnt\n|-heal|p1a: Hoopa|65\/100|[from] drain|[of] p2a: Electrode\n|-damage|p1a: Hoopa|40\/100|[from] ability: Aftermath|[of] p2a: Electrode\n|faint|p2a: Electrode\n|\n|win|squirmey\n","uploadtime":1698968378,"views":35,"p1id":"squirmey","p2id":"wispkey","formatid":"gen9ubers","rating":0,"private":0,"password":""}