{"id":"gen9ubers-1972716329","p1":"marega0n0dera","p2":"Spectra Sovereign","format":"[Gen 9] Ubers","log":"|j|\u2606marega0n0dera\n|j|\u2606Spectra Sovereign\n|t:|1697883528\n|gametype|singles\n|player|p1|marega0n0dera|lyra|1035\n|player|p2|Spectra Sovereign|shadowtriad|1071\n|teamsize|p1|6\n|teamsize|p2|6\n|gen|9\n|tier|[Gen 9] Ubers\n|rated|\n|rule|Sleep Clause Mod: Limit one foe put to sleep\n|rule|Species Clause: Limit one of each Pok\u00e9mon\n|rule|OHKO Clause: OHKO moves are banned\n|rule|Evasion Items Clause: Evasion items are banned\n|rule|Evasion Moves Clause: Evasion moves are banned\n|rule|Endless Battle Clause: Forcing endless battles is banned\n|rule|HP Percentage Mod: HP is shown in percentages\n|clearpoke\n|poke|p1|Flutter Mane|\n|poke|p1|Iron Bundle|\n|poke|p1|Chi-Yu|\n|poke|p1|Koraidon|\n|poke|p1|Houndstone, M|\n|poke|p1|Tyranitar, M|\n|poke|p2|Mimikyu, F|\n|poke|p2|Corviknight, M|\n|poke|p2|Dondozo, M|\n|poke|p2|Dragapult, F|\n|poke|p2|Koraidon|\n|poke|p2|Gholdengo|\n|teampreview\n|\n|t:|1697883540\n|start\n|switch|p1a: Iron Bundle|Iron Bundle|100\/100\n|switch|p2a: Mimikyu|Mimikyu, F, shiny|100\/100\n|turn|1\n|\n|t:|1697883561\n|move|p1a: Iron Bundle|Taunt|p2a: Mimikyu\n|-start|p2a: Mimikyu|move: Taunt\n|cant|p2a: Mimikyu|move: Taunt|Swords Dance\n|\n|upkeep\n|turn|2\n|\n|t:|1697883579\n|move|p1a: Iron Bundle|Blizzard|p2a: Mimikyu|[miss]\n|-miss|p1a: Iron Bundle|p2a: Mimikyu\n|move|p2a: Mimikyu|Drain Punch|p1a: Iron Bundle\n|-supereffective|p1a: Iron Bundle\n|-damage|p1a: Iron Bundle|54\/100\n|\n|upkeep\n|turn|3\n|\n|t:|1697883589\n|move|p1a: Iron Bundle|Flip Turn|p2a: Mimikyu\n|-activate|p2a: Mimikyu|ability: Disguise\n|-damage|p2a: Mimikyu|100\/100\n|detailschange|p2a: Mimikyu|Mimikyu-Busted, F, shiny\n|-damage|p2a: Mimikyu|88\/100|[from] pokemon: Mimikyu-Busted\n|\n|t:|1697883605\n|-end|p1a: Iron Bundle|Quark Drive|[silent]\n|switch|p1a: Flutter Mane|Flutter Mane|100\/100|[from] Flip Turn\n|move|p2a: Mimikyu|Drain Punch|p1a: Flutter Mane\n|-immune|p1a: Flutter Mane\n|\n|-end|p2a: Mimikyu|move: Taunt\n|upkeep\n|turn|4\n|\n|t:|1697883621\n|-terastallize|p1a: Flutter Mane|Steel\n|-terastallize|p2a: Mimikyu|Ghost\n|move|p2a: Mimikyu|Shadow Sneak|p1a: Flutter Mane\n|-crit|p1a: Flutter Mane\n|-damage|p1a: Flutter Mane|26\/100\n|-heal|p2a: Mimikyu|97\/100|[from] item: Shell Bell|[of] p1a: Flutter Mane\n|move|p1a: Flutter Mane|Tera Blast|p2a: Mimikyu|[anim] Tera Blast Steel\n|-damage|p2a: Mimikyu|39\/100\n|\n|upkeep\n|turn|5\n|\n|t:|1697883634\n|move|p2a: Mimikyu|Shadow Sneak|p1a: Flutter Mane\n|-damage|p1a: Flutter Mane|0 fnt\n|faint|p1a: Flutter Mane\n|-end|p1a: Flutter Mane|Protosynthesis|[silent]\n|-heal|p2a: Mimikyu|42\/100|[from] item: Shell Bell|[of] p1: Flutter Mane\n|\n|upkeep\n|\n|t:|1697883640\n|switch|p1a: Chi-Yu|Chi-Yu|100\/100\n|-ability|p1a: Chi-Yu|Beads of Ruin\n|turn|6\n|\n|t:|1697883659\n|move|p2a: Mimikyu|Drain Punch|p1a: Chi-Yu\n|-supereffective|p1a: Chi-Yu\n|-damage|p1a: Chi-Yu|24\/100\n|-heal|p2a: Mimikyu|80\/100|[from] drain|[of] p1a: Chi-Yu\n|-heal|p2a: Mimikyu|89\/100|[from] item: Shell Bell|[of] p1a: Chi-Yu\n|move|p1a: Chi-Yu|Fire Blast|p2a: Mimikyu\n|-damage|p2a: Mimikyu|0 fnt\n|faint|p2a: Mimikyu\n|-damage|p1a: Chi-Yu|14\/100|[from] item: Life Orb\n|\n|upkeep\n|\n|t:|1697883680\n|switch|p2a: Dragapult|Dragapult, F, shiny|100\/100\n|turn|7\n|\n|t:|1697883693\n|move|p2a: Dragapult|Dragon Darts|p1a: Chi-Yu\n|-damage|p1a: Chi-Yu|0 fnt\n|faint|p1a: Chi-Yu\n|\n|upkeep\n|\n|t:|1697883698\n|switch|p1a: Iron Bundle|Iron Bundle|54\/100\n|turn|8\n|\n|t:|1697883706\n|move|p2a: Dragapult|Dragon Darts|p1a: Iron Bundle\n|-damage|p1a: Iron Bundle|20\/100\n|-anim|p2a: Dragapult|Dragon Darts|p1a: Iron Bundle\n|-damage|p1a: Iron Bundle|0 fnt\n|faint|p1a: Iron Bundle\n|-end|p1a: Iron Bundle|Quark Drive|[silent]\n|\n|upkeep\n|\n|t:|1697883714\n|switch|p1a: Koraidon|Koraidon|100\/100\n|-weather|SunnyDay|[from] ability: Orichalcum Pulse|[of] p1a: Koraidon\n|-activate|p1a: Koraidon|Orichalcum Pulse|[source]\n|turn|9\n|\n|t:|1697883722\n|move|p2a: Dragapult|Dragon Darts|p1a: Koraidon\n|-supereffective|p1a: Koraidon\n|-damage|p1a: Koraidon|49\/100\n|-anim|p2a: Dragapult|Dragon Darts|p1a: Koraidon\n|-supereffective|p1a: Koraidon\n|-damage|p1a: Koraidon|3\/100\n|move|p1a: Koraidon|Draco Meteor|p2a: Dragapult\n|-supereffective|p2a: Dragapult\n|-damage|p2a: Dragapult|2\/100\n|-unboost|p1a: Koraidon|spa|2\n|\n|-weather|SunnyDay|[upkeep]\n|upkeep\n|turn|10\n|\n|t:|1697883739\n|switch|p1a: Houndstone|Houndstone, M|100\/100\n|move|p2a: Dragapult|Dragon Darts|p1a: Houndstone\n|-damage|p1a: Houndstone|66\/100\n|-anim|p2a: Dragapult|Dragon Darts|p1a: Houndstone\n|-damage|p1a: Houndstone|27\/100\n|\n|-weather|SunnyDay|[upkeep]\n|upkeep\n|turn|11\n|\n|t:|1697883750\n|move|p2a: Dragapult|Dragon Darts|p1a: Houndstone\n|-damage|p1a: Houndstone|0 fnt\n|faint|p1a: Houndstone\n|\n|-weather|SunnyDay|[upkeep]\n|upkeep\n|\n|t:|1697883757\n|switch|p1a: Tyranitar|Tyranitar, M, shiny|100\/100\n|-weather|Sandstorm|[from] ability: Sand Stream|[of] p1a: Tyranitar\n|turn|12\n|\n|t:|1697883768\n|switch|p2a: Koraidon|Koraidon|100\/100\n|-weather|SunnyDay|[from] ability: Orichalcum Pulse|[of] p2a: Koraidon\n|-activate|p2a: Koraidon|Orichalcum Pulse|[source]\n|move|p1a: Tyranitar|Shadow Claw|p2a: Koraidon\n|-damage|p2a: Koraidon|81\/100\n|\n|-weather|SunnyDay|[upkeep]\n|upkeep\n|turn|13\n|\n|t:|1697883781\n|move|p1a: Tyranitar|Protect|p1a: Tyranitar\n|-singleturn|p1a: Tyranitar|Protect\n|move|p2a: Koraidon|Drain Punch|p1a: Tyranitar\n|-activate|p1a: Tyranitar|move: Protect\n|\n|-weather|SunnyDay|[upkeep]\n|upkeep\n|turn|14\n|\n|t:|1697883791\n|move|p2a: Koraidon|Drain Punch|p1a: Tyranitar\n|-supereffective|p1a: Tyranitar\n|-enditem|p1a: Tyranitar|Focus Sash\n|-damage|p1a: Tyranitar|1\/100\n|-heal|p2a: Koraidon|100\/100|[from] drain|[of] p1a: Tyranitar\n|move|p1a: Tyranitar|Stealth Rock|p2a: Koraidon\n|-sidestart|p2: Spectra Sovereign|move: Stealth Rock\n|\n|-weather|SunnyDay|[upkeep]\n|upkeep\n|turn|15\n|\n|t:|1697883802\n|move|p1a: Tyranitar|Protect|p1a: Tyranitar\n|-singleturn|p1a: Tyranitar|Protect\n|move|p2a: Koraidon|Drain Punch|p1a: Tyranitar\n|-activate|p1a: Tyranitar|move: Protect\n|\n|-weather|SunnyDay|[upkeep]\n|upkeep\n|turn|16\n|\n|t:|1697883813\n|move|p2a: Koraidon|Drain Punch|p1a: Tyranitar\n|-supereffective|p1a: Tyranitar\n|-damage|p1a: Tyranitar|0 fnt\n|faint|p1a: Tyranitar\n|\n|-weather|none\n|upkeep\n|\n|t:|1697883819\n|switch|p1a: Koraidon|Koraidon|3\/100\n|-weather|SunnyDay|[from] ability: Orichalcum Pulse|[of] p1a: Koraidon\n|-activate|p1a: Koraidon|Orichalcum Pulse|[source]\n|turn|17\n|\n|t:|1697883826\n|move|p2a: Koraidon|Drain Punch|p1a: Koraidon\n|-damage|p1a: Koraidon|0 fnt\n|faint|p1a: Koraidon\n|\n|win|Spectra Sovereign\n|raw|marega0n0dera's rating: 1035 &rarr; <strong>1021<\/strong><br \/>(-14 for losing)\n|raw|Spectra Sovereign's rating: 1071 &rarr; <strong>1097<\/strong><br \/>(+26 for winning)\n|l|\u2606marega0n0dera\n","uploadtime":1697883839,"views":10,"p1id":"marega0n0dera","p2id":"spectrasovereign","formatid":"gen9ubers","rating":1021,"private":0,"password":""}