{"id":"gen9ubers-1974046336","p1":"FAKE_Angle","p2":"SEUIf","format":"[Gen 9] Ubers","log":"|j|\u2606FAKE_Angle\n|j|\u2606SEUIf\n|t:|1698047502\n|gametype|singles\n|player|p1|FAKE_Angle|266|1192\n|player|p2|SEUIf|ingo-hisui|1226\n|teamsize|p1|6\n|teamsize|p2|6\n|gen|9\n|tier|[Gen 9] Ubers\n|rated|\n|rule|Sleep Clause Mod: Limit one foe put to sleep\n|rule|Species Clause: Limit one of each Pok\u00e9mon\n|rule|OHKO Clause: OHKO moves are banned\n|rule|Evasion Items Clause: Evasion items are banned\n|rule|Evasion Moves Clause: Evasion moves are banned\n|rule|Endless Battle Clause: Forcing endless battles is banned\n|rule|HP Percentage Mod: HP is shown in percentages\n|clearpoke\n|poke|p1|Arceus-Water|\n|poke|p1|Calyrex-Ice|\n|poke|p1|Dialga-Origin|\n|poke|p1|Cresselia, F|\n|poke|p1|Hatterene, F|\n|poke|p1|Ursaluna-Bloodmoon, M|\n|poke|p2|Kingambit, F|\n|poke|p2|Miraidon|\n|poke|p2|Iron Bundle|\n|poke|p2|Ting-Lu|\n|poke|p2|Skeledirge, M|\n|poke|p2|Corviknight, F|\n|teampreview\n|\n|t:|1698047523\n|start\n|switch|p1a: Cresselia|Cresselia, F|100\/100\n|switch|p2a: Kingambit|Kingambit, F|100\/100\n|turn|1\n|\n|t:|1698047532\n|move|p2a: Kingambit|Kowtow Cleave|p1a: Cresselia\n|-supereffective|p1a: Cresselia\n|-damage|p1a: Cresselia|42\/100\n|move|p1a: Cresselia|Trick Room|p1a: Cresselia\n|-fieldstart|move: Trick Room|[of] p1a: Cresselia\n|\n|upkeep\n|turn|2\n|inactive|Battle timer is ON: inactive players will automatically lose when time's up. (requested by FAKE_Angle)\n|\n|t:|1698047562\n|switch|p1a: Calyrex|Calyrex-Ice|100\/100\n|-ability|p1a: Calyrex|As One\n|-ability|p1a: Calyrex|Unnerve\n|move|p2a: Kingambit|Sucker Punch||[still]\n|-fail|p2a: Kingambit\n|\n|upkeep\n|turn|3\n|\n|t:|1698047583\n|-end|p2a: Kingambit|fallenundefined|[silent]\n|switch|p2a: Corviknight|Corviknight, F|100\/100\n|-ability|p2a: Corviknight|Pressure\n|-terastallize|p1a: Calyrex|Ice\n|move|p1a: Calyrex|High Horsepower|p2a: Corviknight\n|-immune|p2a: Corviknight\n|\n|upkeep\n|turn|4\n|\n|t:|1698047591\n|move|p1a: Calyrex|Glacial Lance|p2a: Corviknight\n|-damage|p2a: Corviknight|2\/100\n|-damage|p1a: Calyrex|91\/100|[from] item: Life Orb\n|move|p2a: Corviknight|Body Press|p1a: Calyrex\n|-supereffective|p1a: Calyrex\n|-damage|p1a: Calyrex|64\/100\n|\n|-heal|p2a: Corviknight|8\/100|[from] item: Leftovers\n|upkeep\n|turn|5\n|\n|t:|1698047600\n|switch|p2a: Iron Bundle|Iron Bundle|100\/100\n|move|p1a: Calyrex|Glacial Lance|p2a: Iron Bundle\n|-resisted|p2a: Iron Bundle\n|-crit|p2a: Iron Bundle\n|-damage|p2a: Iron Bundle|36\/100\n|-damage|p1a: Calyrex|54\/100|[from] item: Life Orb\n|\n|-fieldend|move: Trick Room\n|upkeep\n|turn|6\n|\n|t:|1698047607\n|switch|p1a: Arceus|Arceus-Water|100\/100\n|move|p2a: Iron Bundle|Hydro Pump|p1a: Arceus|[miss]\n|-miss|p2a: Iron Bundle|p1a: Arceus\n|\n|upkeep\n|turn|7\n|\n|t:|1698047615\n|move|p2a: Iron Bundle|Freeze-Dry|p1a: Arceus\n|-supereffective|p1a: Arceus\n|-damage|p1a: Arceus|60\/100\n|move|p1a: Arceus|Trick Room|p1a: Arceus\n|-fieldstart|move: Trick Room|[of] p1a: Arceus\n|\n|upkeep\n|turn|8\n|\n|t:|1698047620\n|move|p1a: Arceus|Healing Wish|p1a: Arceus\n|faint|p1a: Arceus\n|move|p2a: Iron Bundle|Encore|p1: Arceus|[notarget]\n|-fail|p2a: Iron Bundle\n|\n|upkeep\n|\n|t:|1698047623\n|switch|p1a: Calyrex|Calyrex-Ice, tera:Ice|54\/100\n|-ability|p1a: Calyrex|As One\n|-ability|p1a: Calyrex|Unnerve\n|-heal|p1a: Calyrex|100\/100|[from] move: Healing Wish\n|turn|9\n|\n|t:|1698047633\n|move|p1a: Calyrex|Glacial Lance|p2a: Iron Bundle\n|-resisted|p2a: Iron Bundle\n|-damage|p2a: Iron Bundle|0 fnt\n|faint|p2a: Iron Bundle\n|-end|p2a: Iron Bundle|Quark Drive|[silent]\n|-ability|p1a: Calyrex|Chilling Neigh|boost\n|-boost|p1a: Calyrex|atk|1\n|-damage|p1a: Calyrex|91\/100|[from] item: Life Orb\n|\n|upkeep\n|\n|t:|1698047637\n|switch|p2a: Skeledirge|Skeledirge, M|100\/100\n|turn|10\n|\n|t:|1698047641\n|-terastallize|p2a: Skeledirge|Fairy\n|move|p1a: Calyrex|High Horsepower|p2a: Skeledirge\n|-damage|p2a: Skeledirge|69\/100\n|-damage|p1a: Calyrex|81\/100|[from] item: Life Orb\n|move|p2a: Skeledirge|Will-O-Wisp|p1a: Calyrex\n|-status|p1a: Calyrex|brn\n|\n|-damage|p1a: Calyrex|75\/100 brn|[from] brn\n|upkeep\n|turn|11\n|\n|t:|1698047648\n|move|p1a: Calyrex|Glacial Lance|p2a: Skeledirge\n|-damage|p2a: Skeledirge|24\/100\n|-damage|p1a: Calyrex|65\/100 brn|[from] item: Life Orb\n|move|p2a: Skeledirge|Slack Off|p2a: Skeledirge\n|-heal|p2a: Skeledirge|74\/100\n|\n|-damage|p1a: Calyrex|58\/100 brn|[from] brn\n|-fieldend|move: Trick Room\n|upkeep\n|turn|12\n|\n|t:|1698047667\n|switch|p1a: Dialga|Dialga-Origin|100\/100\n|-ability|p1a: Dialga|Pressure\n|move|p2a: Skeledirge|Torch Song|p1a: Dialga\n|-damage|p1a: Dialga|75\/100\n|-boost|p2a: Skeledirge|spa|1\n|\n|upkeep\n|turn|13\n|\n|t:|1698047676\n|switch|p2a: Ting-Lu|Ting-Lu|100\/100\n|-ability|p2a: Ting-Lu|Vessel of Ruin\n|move|p1a: Dialga|Flash Cannon|p2a: Ting-Lu\n|-damage|p2a: Ting-Lu|77\/100\n|\n|-heal|p2a: Ting-Lu|83\/100|[from] item: Leftovers\n|upkeep\n|turn|14\n|\n|t:|1698047683\n|move|p2a: Ting-Lu|Stealth Rock|p1a: Dialga\n|-sidestart|p1: FAKE_Angle|move: Stealth Rock\n|move|p1a: Dialga|Trick Room|p1a: Dialga\n|-fieldstart|move: Trick Room|[of] p1a: Dialga\n|\n|-heal|p2a: Ting-Lu|90\/100|[from] item: Leftovers\n|upkeep\n|turn|15\n|\n|t:|1698047689\n|move|p1a: Dialga|Draco Meteor|p2a: Ting-Lu|[miss]\n|-miss|p1a: Dialga|p2a: Ting-Lu\n|move|p2a: Ting-Lu|Whirlwind|p1a: Dialga\n|drag|p1a: Ursaluna|Ursaluna-Bloodmoon, M|100\/100\n|-damage|p1a: Ursaluna|94\/100|[from] Stealth Rock\n|\n|-heal|p2a: Ting-Lu|96\/100|[from] item: Leftovers\n|upkeep\n|turn|16\n|\n|t:|1698047695\n|move|p1a: Ursaluna|Blood Moon|p2a: Ting-Lu\n|-damage|p2a: Ting-Lu|54\/100\n|-damage|p1a: Ursaluna|84\/100|[from] item: Life Orb\n|move|p2a: Ting-Lu|Whirlwind|p1a: Ursaluna\n|drag|p1a: Calyrex|Calyrex-Ice, tera:Ice|58\/100 brn\n|-ability|p1a: Calyrex|As One\n|-ability|p1a: Calyrex|Unnerve\n|-damage|p1a: Calyrex|33\/100 brn|[from] Stealth Rock\n|\n|-heal|p2a: Ting-Lu|60\/100|[from] item: Leftovers\n|-damage|p1a: Calyrex|27\/100 brn|[from] brn\n|upkeep\n|turn|17\n|\n|t:|1698047707\n|switch|p2a: Corviknight|Corviknight, F|8\/100\n|-ability|p2a: Corviknight|Pressure\n|move|p1a: Calyrex|Glacial Lance|p2a: Corviknight\n|-damage|p2a: Corviknight|0 fnt\n|faint|p2a: Corviknight\n|-ability|p1a: Calyrex|Chilling Neigh|boost\n|-boost|p1a: Calyrex|atk|1\n|-damage|p1a: Calyrex|17\/100 brn|[from] item: Life Orb\n|\n|-damage|p1a: Calyrex|11\/100 brn|[from] brn\n|upkeep\n|\n|t:|1698047715\n|switch|p2a: Kingambit|Kingambit, F|100\/100\n|-activate|p2a: Kingambit|ability: Supreme Overlord\n|-start|p2a: Kingambit|fallen2|[silent]\n|turn|18\n|\n|t:|1698047719\n|switch|p1a: Cresselia|Cresselia, F|42\/100\n|-damage|p1a: Cresselia|30\/100|[from] Stealth Rock\n|move|p2a: Kingambit|Sucker Punch||[still]\n|-fail|p2a: Kingambit\n|\n|-fieldend|move: Trick Room\n|upkeep\n|turn|19\n|\n|t:|1698047723\n|move|p2a: Kingambit|Kowtow Cleave|p1a: Cresselia\n|-supereffective|p1a: Cresselia\n|-damage|p1a: Cresselia|0 fnt\n|faint|p1a: Cresselia\n|\n|upkeep\n|\n|t:|1698047725\n|switch|p1a: Hatterene|Hatterene, F|100\/100\n|-damage|p1a: Hatterene|88\/100|[from] Stealth Rock\n|turn|20\n|\n|t:|1698047728\n|move|p2a: Kingambit|Iron Head|p1a: Hatterene\n|-supereffective|p1a: Hatterene\n|-damage|p1a: Hatterene|0 fnt\n|faint|p1a: Hatterene\n|\n|upkeep\n|\n|t:|1698047730\n|switch|p1a: Dialga|Dialga-Origin|75\/100\n|-damage|p1a: Dialga|69\/100|[from] Stealth Rock\n|-ability|p1a: Dialga|Pressure\n|turn|21\n|\n|t:|1698047737\n|move|p2a: Kingambit|Kowtow Cleave|p1a: Dialga\n|-crit|p1a: Dialga\n|-damage|p1a: Dialga|0 fnt\n|faint|p1a: Dialga\n|\n|upkeep\n|\n|t:|1698047740\n|switch|p1a: Ursaluna|Ursaluna-Bloodmoon, M|84\/100\n|-damage|p1a: Ursaluna|78\/100|[from] Stealth Rock\n|turn|22\n|-message|FAKE_Angle forfeited.\n|\n|win|SEUIf\n|raw|FAKE_Angle's rating: 1192 &rarr; <strong>1169<\/strong><br \/>(-23 for losing)\n|raw|SEUIf's rating: 1226 &rarr; <strong>1249<\/strong><br \/>(+23 for winning)\n|l|\u2606FAKE_Angle\n","uploadtime":1698047756,"views":17,"p1id":"fakeangle","p2id":"seuif","formatid":"gen9ubers","rating":1169,"private":0,"password":""}