{"id":"gen9ubers-1978439936","p1":"ISoup","p2":"MessiMeli","format":"[Gen 9] Ubers","log":"|j|\u2606ISoup\n|j|\u2606MessiMeli\n|t:|1698539188\n|gametype|singles\n|player|p1|ISoup|1|\n|player|p2|MessiMeli|rocketgrunt|\n|teamsize|p1|6\n|teamsize|p2|6\n|gen|9\n|tier|[Gen 9] Ubers\n|rule|Sleep Clause Mod: Limit one foe put to sleep\n|rule|Species Clause: Limit one of each Pok\u00e9mon\n|rule|OHKO Clause: OHKO moves are banned\n|rule|Evasion Items Clause: Evasion items are banned\n|rule|Evasion Moves Clause: Evasion moves are banned\n|rule|Endless Battle Clause: Forcing endless battles is banned\n|rule|HP Percentage Mod: HP is shown in percentages\n|clearpoke\n|poke|p1|Sneasler, F|\n|poke|p1|Samurott-Hisui, F|\n|poke|p1|Mew|\n|poke|p1|Rillaboom, F|\n|poke|p1|Bronzong|\n|poke|p1|Ditto|\n|poke|p2|Jolteon, M|\n|poke|p2|Goodra-Hisui, F|\n|poke|p2|Ogerpon-Wellspring, F|\n|poke|p2|Ribombee, F|\n|poke|p2|Lucario, F|\n|poke|p2|Cresselia, F|\n|teampreview\n|c|\u2606ISoup|There we go D:\n|j| DivogoJota\n|j| ThatGuyAltro\n|\n|t:|1698539228\n|start\n|switch|p1a: Rillaboom|Rillaboom, F|100\/100\n|switch|p2a: Ribombee|Ribombee, F|100\/100\n|-fieldstart|move: Grassy Terrain|[from] ability: Grassy Surge|[of] p1a: Rillaboom\n|turn|1\n|\n|t:|1698539258\n|switch|p1a: Ditto|Ditto|100\/100\n|move|p2a: Ribombee|Sticky Web|p1a: Ditto\n|-sidestart|p1: ISoup|move: Sticky Web\n|\n|upkeep\n|turn|2\n|c|\u2606ISoup|ahhh\n|c|\u2606MessiMeli|omg lol\n|c|\u2606ISoup|I can't kill me pls ;-;\n|c| DivogoJota|lmfao\n|c|\u2606ISoup|*cough* umm\n|c|\u2606ISoup|wanna like um\n|c|\u2606ISoup|idk >.<\n|c|\u2606MessiMeli|i feel like last one was a chance to look over :(\n|c|\u2606ISoup|Ah okeoke\n|\n|t:|1698539393\n|switch|p2a: Ogerpon|Ogerpon-Wellspring, F|100\/100\n|move|p1a: Ditto|Transform|p2a: Ogerpon\n|-transform|p1a: Ditto|p2a: Ogerpon\n|\n|upkeep\n|turn|3\n|l| DivogoJota\n|\n|t:|1698539409\n|switch|p2a: Goodra|Goodra-Hisui, F|100\/100\n|move|p1a: Ditto|U-turn|p2a: Goodra\n|-resisted|p2a: Goodra\n|-damage|p2a: Goodra|89\/100\n|\n|t:|1698539412\n|switch|p1a: Samurott|Samurott-Hisui, F|100\/100|[from] U-turn\n|-activate|p1a: Samurott|move: Sticky Web\n|-unboost|p1a: Samurott|spe|1\n|\n|-heal|p2a: Goodra|95\/100|[from] Grassy Terrain\n|upkeep\n|turn|4\n|\n|t:|1698539429\n|move|p1a: Samurott|Ceaseless Edge|p2a: Goodra|[miss]\n|-miss|p1a: Samurott|p2a: Goodra\n|move|p2a: Goodra|Draco Meteor|p1a: Samurott\n|-damage|p1a: Samurott|2\/100\n|-unboost|p2a: Goodra|spa|2\n|\n|-heal|p1a: Samurott|8\/100|[from] Grassy Terrain\n|-heal|p2a: Goodra|100\/100|[from] Grassy Terrain\n|upkeep\n|turn|5\n|\n|t:|1698539444\n|switch|p2a: Lucario|Lucario, F|100\/100\n|move|p1a: Samurott|Ceaseless Edge|p2a: Lucario\n|-resisted|p2a: Lucario\n|-damage|p2a: Lucario|59\/100\n|-ability|p2a: Lucario|Justified|boost\n|-boost|p2a: Lucario|atk|1\n|-sidestart|p2: MessiMeli|Spikes\n|\n|-heal|p2a: Lucario|65\/100|[from] Grassy Terrain\n|-heal|p1a: Samurott|15\/100|[from] Grassy Terrain\n|-fieldend|move: Grassy Terrain\n|upkeep\n|turn|6\n|j| DivogoJota\n|\n|t:|1698539475\n|move|p2a: Lucario|Close Combat|p1a: Samurott\n|-supereffective|p1a: Samurott\n|-damage|p1a: Samurott|0 fnt\n|-unboost|p2a: Lucario|def|1\n|-unboost|p2a: Lucario|spd|1\n|faint|p1a: Samurott\n|\n|upkeep\n|j| xegrizzy\n|\n|t:|1698539487\n|switch|p1a: Rillaboom|Rillaboom, F|100\/100\n|-activate|p1a: Rillaboom|move: Sticky Web\n|-unboost|p1a: Rillaboom|spe|1\n|-fieldstart|move: Grassy Terrain|[from] ability: Grassy Surge|[of] p1a: Rillaboom\n|turn|7\n|l| xegrizzy\n|\n|t:|1698539556\n|move|p2a: Lucario|Close Combat|p1a: Rillaboom\n|-damage|p1a: Rillaboom|0 fnt\n|-unboost|p2a: Lucario|def|1\n|-unboost|p2a: Lucario|spd|1\n|faint|p1a: Rillaboom\n|\n|-heal|p2a: Lucario|71\/100|[from] Grassy Terrain\n|upkeep\n|\n|t:|1698539564\n|switch|p1a: Bronzong|Bronzong|100\/100\n|turn|8\n|\n|t:|1698539575\n|-terastallize|p1a: Bronzong|Electric\n|move|p2a: Lucario|Close Combat|p1a: Bronzong\n|-damage|p1a: Bronzong|12\/100\n|-unboost|p2a: Lucario|def|1\n|-unboost|p2a: Lucario|spd|1\n|move|p1a: Bronzong|Iron Defense|p1a: Bronzong\n|-boost|p1a: Bronzong|def|2\n|\n|-heal|p2a: Lucario|77\/100|[from] Grassy Terrain\n|-heal|p1a: Bronzong|19\/100|[from] item: Leftovers\n|upkeep\n|turn|9\n|\n|t:|1698539588\n|move|p2a: Lucario|Close Combat|p1a: Bronzong\n|-damage|p1a: Bronzong|0 fnt\n|-unboost|p2a: Lucario|def|1\n|-unboost|p2a: Lucario|spd|1\n|faint|p1a: Bronzong\n|\n|-heal|p2a: Lucario|83\/100|[from] Grassy Terrain\n|upkeep\n|\n|t:|1698539593\n|switch|p1a: Sneasler|Sneasler, F|100\/100\n|-activate|p1a: Sneasler|move: Sticky Web\n|-unboost|p1a: Sneasler|spe|1\n|-enditem|p1a: Sneasler|Grassy Seed\n|-boost|p1a: Sneasler|def|1|[from] item: Grassy Seed\n|turn|10\n|\n|t:|1698539604\n|move|p1a: Sneasler|Acrobatics|p2a: Lucario\n|-damage|p2a: Lucario|0 fnt\n|faint|p2a: Lucario\n|\n|upkeep\n|\n|t:|1698539649\n|switch|p2a: Cresselia|Cresselia, F|100\/100\n|turn|11\n|\n|t:|1698539657\n|move|p1a: Sneasler|U-turn|p2a: Cresselia\n|-supereffective|p2a: Cresselia\n|-damage|p2a: Cresselia|69\/100\n|\n|t:|1698539660\n|switch|p1a: Mew|Mew|100\/100|[from] U-turn\n|-activate|p1a: Mew|move: Sticky Web\n|-unboost|p1a: Mew|spe|1\n|move|p2a: Cresselia|Calm Mind|p2a: Cresselia\n|-boost|p2a: Cresselia|spa|1\n|-boost|p2a: Cresselia|spd|1\n|\n|-fieldend|move: Grassy Terrain\n|upkeep\n|turn|12\n|\n|t:|1698539685\n|move|p1a: Mew|Bug Buzz|p2a: Cresselia\n|-supereffective|p2a: Cresselia\n|-damage|p2a: Cresselia|46\/100\n|move|p2a: Cresselia|Calm Mind|p2a: Cresselia\n|-boost|p2a: Cresselia|spa|1\n|-boost|p2a: Cresselia|spd|1\n|\n|upkeep\n|turn|13\n|\n|t:|1698539690\n|move|p1a: Mew|Bug Buzz|p2a: Cresselia\n|-supereffective|p2a: Cresselia\n|-damage|p2a: Cresselia|30\/100\n|move|p2a: Cresselia|Moonlight|p2a: Cresselia\n|-heal|p2a: Cresselia|80\/100\n|\n|upkeep\n|turn|14\n|\n|t:|1698539694\n|move|p1a: Mew|Bug Buzz|p2a: Cresselia\n|-supereffective|p2a: Cresselia\n|-damage|p2a: Cresselia|63\/100\n|move|p2a: Cresselia|Calm Mind|p2a: Cresselia\n|-boost|p2a: Cresselia|spa|1\n|-boost|p2a: Cresselia|spd|1\n|\n|upkeep\n|turn|15\n|\n|t:|1698539703\n|move|p1a: Mew|Bug Buzz|p2a: Cresselia\n|-supereffective|p2a: Cresselia\n|-damage|p2a: Cresselia|48\/100\n|move|p2a: Cresselia|Calm Mind|p2a: Cresselia\n|-boost|p2a: Cresselia|spa|1\n|-boost|p2a: Cresselia|spd|1\n|\n|upkeep\n|turn|16\n|\n|t:|1698539707\n|switch|p1a: Ditto|Ditto|100\/100\n|-activate|p1a: Ditto|move: Sticky Web\n|-unboost|p1a: Ditto|spe|1\n|move|p2a: Cresselia|Moonlight|p2a: Cresselia\n|-heal|p2a: Cresselia|98\/100\n|\n|upkeep\n|turn|17\n|\n|t:|1698539721\n|move|p2a: Cresselia|Stored Power|p1a: Ditto\n|-damage|p1a: Ditto|0 fnt\n|faint|p1a: Ditto\n|\n|upkeep\n|\n|t:|1698539725\n|switch|p1a: Sneasler|Sneasler, F|100\/100\n|-activate|p1a: Sneasler|move: Sticky Web\n|-unboost|p1a: Sneasler|spe|1\n|turn|18\n|\n|t:|1698539728\n|move|p1a: Sneasler|Dire Claw|p2a: Cresselia\n|-damage|p2a: Cresselia|73\/100\n|-status|p2a: Cresselia|slp\n|cant|p2a: Cresselia|slp\n|\n|upkeep\n|turn|19\n|\n|t:|1698539736\n|move|p1a: Sneasler|Acrobatics|p2a: Cresselia\n|-damage|p2a: Cresselia|52\/100 slp\n|cant|p2a: Cresselia|slp\n|\n|upkeep\n|turn|20\n|\n|t:|1698539743\n|move|p1a: Sneasler|Dire Claw|p2a: Cresselia\n|-damage|p2a: Cresselia|26\/100 slp\n|-curestatus|p2a: Cresselia|slp|[msg]\n|move|p2a: Cresselia|Stored Power|p1a: Sneasler\n|-supereffective|p1a: Sneasler\n|-damage|p1a: Sneasler|0 fnt\n|faint|p1a: Sneasler\n|\n|upkeep\n|\n|t:|1698539747\n|switch|p1a: Mew|Mew|100\/100\n|-activate|p1a: Mew|move: Sticky Web\n|-unboost|p1a: Mew|spe|1\n|turn|21\n|\n|t:|1698539751\n|move|p1a: Mew|Bug Buzz|p2a: Cresselia\n|-supereffective|p2a: Cresselia\n|-damage|p2a: Cresselia|16\/100\n|move|p2a: Cresselia|Moonlight|p2a: Cresselia\n|-heal|p2a: Cresselia|66\/100\n|\n|upkeep\n|turn|22\n|\n|t:|1698539759\n|move|p1a: Mew|Bug Buzz|p2a: Cresselia\n|-supereffective|p2a: Cresselia\n|-damage|p2a: Cresselia|53\/100\n|move|p2a: Cresselia|Stored Power|p1a: Mew\n|-resisted|p1a: Mew\n|-damage|p1a: Mew|31\/100\n|\n|upkeep\n|turn|23\n|\n|t:|1698539762\n|move|p1a: Mew|Bug Buzz|p2a: Cresselia\n|-supereffective|p2a: Cresselia\n|-damage|p2a: Cresselia|41\/100\n|move|p2a: Cresselia|Stored Power|p1a: Mew\n|-resisted|p1a: Mew\n|-damage|p1a: Mew|0 fnt\n|faint|p1a: Mew\n|\n|win|MessiMeli\n|c|\u2606MessiMeli|gg\n|c|\u2606ISoup|ggs\n|c|\u2606MessiMeli|im sorry\n|c|\u2606ISoup|all g\n|c| DivogoJota|gg\n","uploadtime":1698539776,"views":27,"p1id":"isoup","p2id":"messimeli","formatid":"gen9ubers","rating":0,"private":0,"password":""}