{"id":"gen9ubers-1981589579","p1":"Buizel%100","p2":"Pickles0exe","format":"[Gen 9] Ubers","log":"|j|\u2606Buizel%100\n|j|\u2606Pickles0exe\n|t:|1698922937\n|gametype|singles\n|player|p1|Buizel%100|170|\n|player|p2|Pickles0exe|policeman-gen4|\n|teamsize|p1|6\n|teamsize|p2|6\n|gen|9\n|tier|[Gen 9] Ubers\n|rule|Sleep Clause Mod: Limit one foe put to sleep\n|rule|Species Clause: Limit one of each Pok\u00e9mon\n|rule|OHKO Clause: OHKO moves are banned\n|rule|Evasion Items Clause: Evasion items are banned\n|rule|Evasion Moves Clause: Evasion moves are banned\n|rule|Endless Battle Clause: Forcing endless battles is banned\n|rule|HP Percentage Mod: HP is shown in percentages\n|clearpoke\n|poke|p1|Mew|\n|poke|p1|Milotic, M|\n|poke|p1|Inteleon, F|\n|poke|p1|Ribombee, M|\n|poke|p1|Leafeon, M|\n|poke|p1|Mismagius, M|\n|poke|p2|Arbok, M|\n|poke|p2|Ludicolo, M|\n|poke|p2|Arcanine, M|\n|poke|p2|Electrode|\n|poke|p2|Flamigo, F|\n|poke|p2|Tinkaton, F|\n|teampreview\n|c|\u2606Buizel%100|Glhf\n|c|\u2606Pickles0exe|glhf\n|\n|t:|1698922989\n|start\n|switch|p1a: Ribombee|Ribombee, M|100\/100\n|switch|p2a: Boop|Arbok, M|100\/100\n|turn|1\n|\n|t:|1698923000\n|move|p1a: Ribombee|Sticky Web|p2a: Boop\n|-sidestart|p2: Pickles0exe|move: Sticky Web\n|move|p2a: Boop|Toxic Spikes|p1a: Ribombee\n|-sidestart|p1: Buizel%100|move: Toxic Spikes\n|\n|upkeep\n|turn|2\n|\n|t:|1698923039\n|switch|p1a: Mismagius|Mismagius, M|100\/100\n|move|p2a: Boop|Toxic Spikes|p1a: Mismagius\n|-sidestart|p1: Buizel%100|move: Toxic Spikes\n|\n|upkeep\n|turn|3\n|\n|t:|1698923091\n|switch|p2a: Pupper|Arcanine, M|100\/100\n|-activate|p2a: Pupper|move: Sticky Web\n|-unboost|p2a: Pupper|spe|1\n|-ability|p2a: Pupper|Intimidate|boost\n|-unboost|p1a: Mismagius|atk|1\n|move|p1a: Mismagius|Calm Mind|p1a: Mismagius\n|-boost|p1a: Mismagius|spa|1\n|-boost|p1a: Mismagius|spd|1\n|\n|upkeep\n|turn|4\n|\n|t:|1698923139\n|move|p1a: Mismagius|Shadow Ball|p2a: Pupper\n|-damage|p2a: Pupper|18\/100\n|-damage|p1a: Mismagius|91\/100|[from] item: Life Orb\n|move|p2a: Pupper|Crunch|p1a: Mismagius\n|-supereffective|p1a: Mismagius\n|-damage|p1a: Mismagius|0 fnt\n|faint|p1a: Mismagius\n|\n|upkeep\n|\n|t:|1698923159\n|switch|p1a: Ribombee|Ribombee, M|100\/100\n|-status|p1a: Ribombee|tox\n|turn|5\n|\n|t:|1698923183\n|move|p1a: Ribombee|Moonblast|p2a: Pupper\n|-resisted|p2a: Pupper\n|-damage|p2a: Pupper|0 fnt\n|faint|p2a: Pupper\n|\n|-damage|p1a: Ribombee|94\/100 tox|[from] psn\n|upkeep\n|j| koubaros\n|l| koubaros\n|\n|t:|1698923258\n|switch|p2a: Desu~|Tinkaton, F|100\/100\n|-activate|p2a: Desu~|move: Sticky Web\n|-unboost|p2a: Desu~|spe|1\n|-ability|p2a: Desu~|Mold Breaker\n|turn|6\n|j| thatguy_313\n|\n|t:|1698923290\n|switch|p1a: Milotic|Milotic, M|100\/100\n|-status|p1a: Milotic|tox\n|move|p2a: Desu~|Gigaton Hammer|p1a: Milotic\n|-resisted|p1a: Milotic\n|-damage|p1a: Milotic|62\/100 tox\n|\n|-damage|p1a: Milotic|56\/100 tox|[from] psn\n|upkeep\n|turn|7\n|\n|t:|1698923323\n|move|p2a: Desu~|Knock Off|p1a: Milotic\n|-damage|p1a: Milotic|30\/100 tox\n|-enditem|p1a: Milotic|Flame Orb|[from] move: Knock Off|[of] p2a: Desu~\n|move|p1a: Milotic|Coil|p1a: Milotic\n|-boost|p1a: Milotic|atk|1\n|-boost|p1a: Milotic|def|1\n|-boost|p1a: Milotic|accuracy|1\n|\n|-damage|p1a: Milotic|18\/100 tox|[from] psn\n|upkeep\n|turn|8\n|c|\u2606Buizel%100|Fuck I misplayed\n|\n|t:|1698923342\n|move|p2a: Desu~|Play Rough|p1a: Milotic\n|-damage|p1a: Milotic|0 fnt\n|faint|p1a: Milotic\n|\n|upkeep\n|\n|t:|1698923362\n|switch|p1a: Inteleon|Inteleon, F|100\/100\n|-status|p1a: Inteleon|tox\n|turn|9\n|\n|t:|1698923375\n|move|p1a: Inteleon|Snipe Shot|p2a: Desu~\n|-crit|p2a: Desu~\n|-damage|p2a: Desu~|0 fnt\n|faint|p2a: Desu~\n|\n|-damage|p1a: Inteleon|94\/100 tox|[from] psn\n|upkeep\n|\n|t:|1698923383\n|switch|p2a: Megumin~|Electrode|100\/100\n|-activate|p2a: Megumin~|move: Sticky Web\n|-unboost|p2a: Megumin~|spe|1\n|turn|10\n|\n|t:|1698923406\n|move|p1a: Inteleon|Snipe Shot|p2a: Megumin~\n|-crit|p2a: Megumin~\n|-damage|p2a: Megumin~|0 fnt\n|faint|p2a: Megumin~\n|\n|-damage|p1a: Inteleon|82\/100 tox|[from] psn\n|upkeep\n|c|\u2606Pickles0exe|well alright then\n|\n|t:|1698923420\n|switch|p2a: AAAAAHHHHHHH|Ludicolo, M|100\/100\n|-activate|p2a: AAAAAHHHHHHH|move: Sticky Web\n|-unboost|p2a: AAAAAHHHHHHH|spe|1\n|turn|11\n|\n|t:|1698923428\n|move|p1a: Inteleon|Air Cutter|p2a: AAAAAHHHHHHH\n|-supereffective|p2a: AAAAAHHHHHHH\n|-crit|p2a: AAAAAHHHHHHH\n|-damage|p2a: AAAAAHHHHHHH|44\/100\n|move|p2a: AAAAAHHHHHHH|Leech Seed|p1a: Inteleon\n|-start|p1a: Inteleon|move: Leech Seed\n|\n|-heal|p2a: AAAAAHHHHHHH|50\/100|[from] item: Leftovers\n|-damage|p1a: Inteleon|70\/100 tox|[from] Leech Seed|[of] p2a: AAAAAHHHHHHH\n|-heal|p2a: AAAAAHHHHHHH|59\/100|[silent]\n|-damage|p1a: Inteleon|52\/100 tox|[from] psn\n|upkeep\n|turn|12\n|\n|t:|1698923438\n|move|p2a: AAAAAHHHHHHH|Protect|p2a: AAAAAHHHHHHH\n|-singleturn|p2a: AAAAAHHHHHHH|Protect\n|move|p1a: Inteleon|Air Cutter|p2a: AAAAAHHHHHHH\n|-activate|p2a: AAAAAHHHHHHH|move: Protect\n|\n|-heal|p2a: AAAAAHHHHHHH|65\/100|[from] item: Leftovers\n|-damage|p1a: Inteleon|40\/100 tox|[from] Leech Seed|[of] p2a: AAAAAHHHHHHH\n|-heal|p2a: AAAAAHHHHHHH|75\/100|[silent]\n|-damage|p1a: Inteleon|15\/100 tox|[from] psn\n|upkeep\n|turn|13\n|\n|t:|1698923452\n|move|p1a: Inteleon|Air Cutter|p2a: AAAAAHHHHHHH\n|-supereffective|p2a: AAAAAHHHHHHH\n|-crit|p2a: AAAAAHHHHHHH\n|-damage|p2a: AAAAAHHHHHHH|15\/100\n|move|p2a: AAAAAHHHHHHH|Giga Drain|p1a: Inteleon\n|-supereffective|p1a: Inteleon\n|-damage|p1a: Inteleon|0 fnt\n|-heal|p2a: AAAAAHHHHHHH|21\/100|[from] drain|[of] p1a: Inteleon\n|faint|p1a: Inteleon\n|\n|-heal|p2a: AAAAAHHHHHHH|27\/100|[from] item: Leftovers\n|upkeep\n|\n|t:|1698923467\n|switch|p1a: Mew|Mew|100\/100\n|-status|p1a: Mew|tox\n|turn|14\n|\n|t:|1698923474\n|move|p2a: AAAAAHHHHHHH|Protect|p2a: AAAAAHHHHHHH\n|-singleturn|p2a: AAAAAHHHHHHH|Protect\n|move|p1a: Mew|Calm Mind|p1a: Mew\n|-boost|p1a: Mew|spa|1\n|-boost|p1a: Mew|spd|1\n|\n|-heal|p2a: AAAAAHHHHHHH|33\/100|[from] item: Leftovers\n|-damage|p1a: Mew|94\/100 tox|[from] psn\n|upkeep\n|turn|15\n|\n|t:|1698923512\n|move|p1a: Mew|Calm Mind|p1a: Mew\n|-boost|p1a: Mew|spa|1\n|-boost|p1a: Mew|spd|1\n|move|p2a: AAAAAHHHHHHH|Leech Seed|p1a: Mew\n|-start|p1a: Mew|move: Leech Seed\n|\n|-heal|p1a: Mew|100\/100 tox|[from] item: Leftovers\n|-heal|p2a: AAAAAHHHHHHH|39\/100|[from] item: Leftovers\n|-damage|p1a: Mew|88\/100 tox|[from] Leech Seed|[of] p2a: AAAAAHHHHHHH\n|-heal|p2a: AAAAAHHHHHHH|52\/100|[silent]\n|-damage|p1a: Mew|76\/100 tox|[from] psn\n|upkeep\n|turn|16\n|\n|t:|1698923538\n|move|p2a: AAAAAHHHHHHH|Protect|p2a: AAAAAHHHHHHH\n|-singleturn|p2a: AAAAAHHHHHHH|Protect\n|move|p1a: Mew|Stored Power|p2a: AAAAAHHHHHHH\n|-activate|p2a: AAAAAHHHHHHH|move: Protect\n|\n|-heal|p1a: Mew|82\/100 tox|[from] item: Leftovers\n|-heal|p2a: AAAAAHHHHHHH|58\/100|[from] item: Leftovers\n|-damage|p1a: Mew|70\/100 tox|[from] Leech Seed|[of] p2a: AAAAAHHHHHHH\n|-heal|p2a: AAAAAHHHHHHH|72\/100|[silent]\n|-damage|p1a: Mew|51\/100 tox|[from] psn\n|upkeep\n|turn|17\n|\n|t:|1698923550\n|move|p1a: Mew|Stored Power|p2a: AAAAAHHHHHHH\n|-crit|p2a: AAAAAHHHHHHH\n|-damage|p2a: AAAAAHHHHHHH|0 fnt\n|faint|p2a: AAAAAHHHHHHH\n|\n|-heal|p1a: Mew|57\/100 tox|[from] item: Leftovers\n|-damage|p1a: Mew|32\/100 tox|[from] psn\n|upkeep\n|c|\u2606Buizel%100|Crit central\n|\n|t:|1698923562\n|switch|p2a: Boop|Arbok, M|100\/100\n|-activate|p2a: Boop|move: Sticky Web\n|-unboost|p2a: Boop|spe|1\n|turn|18\n|c|\u2606Buizel%100|That was the first non +2 crit tho\n|\n|t:|1698923568\n|move|p1a: Mew|Stored Power|p2a: Boop\n|-supereffective|p2a: Boop\n|-damage|p2a: Boop|0 fnt\n|faint|p2a: Boop\n|\n|-heal|p1a: Mew|39\/100 tox|[from] item: Leftovers\n|-damage|p1a: Mew|8\/100 tox|[from] psn\n|upkeep\n|\n|t:|1698923575\n|switch|p2a: normal bird|Flamigo, F, shiny|100\/100\n|turn|19\n|\n|t:|1698923584\n|move|p2a: normal bird|Liquidation|p1a: Mew\n|-damage|p1a: Mew|0 fnt\n|faint|p1a: Mew\n|\n|upkeep\n|\n|t:|1698923600\n|switch|p1a: Ribombee|Ribombee, M|94\/100 tox\n|turn|20\n|j| nicneg\n|\n|t:|1698923661\n|-terastallize|p2a: normal bird|Bug\n|move|p1a: Ribombee|Moonblast|p2a: normal bird\n|-damage|p2a: normal bird|60\/100\n|move|p2a: normal bird|Liquidation|p1a: Ribombee\n|-damage|p1a: Ribombee|40\/100 tox\n|\n|-damage|p1a: Ribombee|34\/100 tox|[from] psn\n|upkeep\n|turn|21\n|\n|t:|1698923673\n|move|p1a: Ribombee|Moonblast|p2a: normal bird\n|-damage|p2a: normal bird|15\/100\n|move|p2a: normal bird|Liquidation|p1a: Ribombee\n|-damage|p1a: Ribombee|0 fnt\n|faint|p1a: Ribombee\n|\n|upkeep\n|\n|t:|1698923680\n|switch|p1a: Leafeon|Leafeon, M|100\/100\n|-status|p1a: Leafeon|tox\n|turn|22\n|\n|t:|1698923691\n|move|p2a: normal bird|Dual Wingbeat|p1a: Leafeon\n|-supereffective|p1a: Leafeon\n|-damage|p1a: Leafeon|61\/100 tox\n|-supereffective|p1a: Leafeon\n|-damage|p1a: Leafeon|19\/100 tox\n|-hitcount|p1a: Leafeon|2\n|move|p1a: Leafeon|Trailblaze|p2a: normal bird\n|-resisted|p2a: normal bird\n|-damage|p2a: normal bird|0 fnt\n|-boost|p1a: Leafeon|spe|1\n|faint|p2a: normal bird\n|\n|win|Buizel%100\n|c|\u2606Pickles0exe|gg\n|c|\u2606Buizel%100|Gg\n|l| nicneg\n|c|\u2606Pickles0exe|those crits were annoying\n","uploadtime":1698923719,"views":17,"p1id":"buizel100","p2id":"pickles0exe","formatid":"gen9ubers","rating":0,"private":0,"password":""}