{"id":"gen9ubers-1986427325","p1":"GratedsShtickface","p2":"LadyMaria-Blue","format":"[Gen 9] Ubers","log":"|j|\u2606GratedsShtickface\n|j|\u2606LadyMaria-Blue\n|t:|1699478195\n|gametype|singles\n|player|p1|GratedsShtickface|hiker-gen4|\n|player|p2|LadyMaria-Blue|cynthia|\n|teamsize|p1|6\n|teamsize|p2|6\n|gen|9\n|tier|[Gen 9] Ubers\n|rule|Sleep Clause Mod: Limit one foe put to sleep\n|rule|Species Clause: Limit one of each Pok\u00e9mon\n|rule|OHKO Clause: OHKO moves are banned\n|rule|Evasion Items Clause: Evasion items are banned\n|rule|Evasion Moves Clause: Evasion moves are banned\n|rule|Endless Battle Clause: Forcing endless battles is banned\n|rule|HP Percentage Mod: HP is shown in percentages\n|clearpoke\n|poke|p1|Klefki, M|\n|poke|p1|Shaymin-Sky|\n|poke|p1|Dialga|\n|poke|p1|Zacian-*|\n|poke|p1|Arceus-Ghost|\n|poke|p1|Masquerain, M|\n|poke|p2|Baxcalibur, F|\n|poke|p2|Milotic, F|\n|poke|p2|Zacian-*|\n|poke|p2|Mandibuzz, F|\n|poke|p2|Arceus-Poison|\n|poke|p2|Magearna|\n|teampreview\n|inactive|Battle timer is ON: inactive players will automatically lose when time's up. (requested by GratedsShtickface)\n|c|\u2606GratedsShtickface|glhf\n|c|\u2606LadyMaria-Blue|u2\n|\n|t:|1699478209\n|start\n|switch|p1a: Web Designer|Masquerain, M, shiny|100\/100\n|switch|p2a: Magearna|Magearna|100\/100\n|-ability|p1a: Web Designer|Intimidate|boost\n|-unboost|p2a: Magearna|atk|1\n|turn|1\n|\n|t:|1699478216\n|move|p1a: Web Designer|Sticky Web|p2a: Magearna\n|-sidestart|p2: LadyMaria-Blue|move: Sticky Web\n|move|p2a: Magearna|Fleur Cannon|p1a: Web Designer\n|-damage|p1a: Web Designer|40\/100\n|-unboost|p2a: Magearna|spa|2\n|\n|upkeep\n|turn|2\n|\n|t:|1699478222\n|move|p1a: Web Designer|Stun Spore|p2a: Magearna\n|-status|p2a: Magearna|par\n|move|p2a: Magearna|Volt Switch|p1a: Web Designer\n|-supereffective|p1a: Web Designer\n|-damage|p1a: Web Designer|17\/100\n|\n|t:|1699478226\n|switch|p2a: Mandibuzz|Mandibuzz, F, shiny|100\/100|[from] Volt Switch\n|\n|upkeep\n|turn|3\n|\n|t:|1699478238\n|switch|p2a: Magearna|Magearna|100\/100 par\n|-activate|p2a: Magearna|move: Sticky Web\n|-unboost|p2a: Magearna|spe|1\n|move|p1a: Web Designer|Whirlwind|p2a: Magearna\n|drag|p2a: Baxcalibur|Baxcalibur, F|100\/100\n|\n|upkeep\n|turn|4\n|\n|t:|1699478248\n|move|p2a: Baxcalibur|Icicle Crash|p1a: Web Designer\n|-supereffective|p1a: Web Designer\n|-damage|p1a: Web Designer|0 fnt\n|faint|p1a: Web Designer\n|\n|upkeep\n|\n|t:|1699478255\n|switch|p1a: Keys to the City|Klefki, M, shiny|100\/100\n|turn|5\n|\n|t:|1699478263\n|switch|p2a: Mandibuzz|Mandibuzz, F, shiny|100\/100\n|move|p1a: Keys to the City|Magnet Rise|p1a: Keys to the City\n|-start|p1a: Keys to the City|Magnet Rise\n|\n|upkeep\n|turn|6\n|\n|t:|1699478267\n|move|p1a: Keys to the City|Switcheroo|p2a: Mandibuzz\n|-hint|Since gen 7, Dark is immune to Prankster moves.\n|-immune|p2a: Mandibuzz\n|move|p2a: Mandibuzz|Defog|p1a: Keys to the City\n|-unboost|p1a: Keys to the City|evasion|1\n|-sideend|p2: LadyMaria-Blue|Sticky Web|[from] move: Defog|[of] p2a: Mandibuzz\n|\n|upkeep\n|turn|7\n|\n|t:|1699478274\n|move|p1a: Keys to the City|Spikes|p2a: Mandibuzz\n|-sidestart|p2: LadyMaria-Blue|Spikes\n|move|p2a: Mandibuzz|U-turn|p1a: Keys to the City\n|-resisted|p1a: Keys to the City\n|-damage|p1a: Keys to the City|98\/100\n|\n|t:|1699478285\n|switch|p2a: Arceus|Arceus-Poison|100\/100|[from] U-turn\n|-damage|p2a: Arceus|88\/100|[from] Spikes\n|\n|upkeep\n|turn|8\n|\n|t:|1699478295\n|switch|p1a: Time Lawd|Dialga, shiny|100\/100\n|-ability|p1a: Time Lawd|Pressure\n|move|p2a: Arceus|Calm Mind|p2a: Arceus\n|-boost|p2a: Arceus|spa|1\n|-boost|p2a: Arceus|spd|1\n|\n|upkeep\n|turn|9\n|\n|t:|1699478301\n|move|p2a: Arceus|Earth Power|p1a: Time Lawd\n|-supereffective|p1a: Time Lawd\n|-damage|p1a: Time Lawd|37\/100\n|move|p1a: Time Lawd|Roar|p2a: Arceus\n|drag|p2a: Magearna|Magearna|100\/100 par\n|-damage|p2a: Magearna|88\/100 par|[from] Spikes\n|\n|-heal|p1a: Time Lawd|43\/100|[from] item: Leftovers\n|-heal|p2a: Magearna|94\/100 par|[from] item: Leftovers\n|upkeep\n|turn|10\n|\n|t:|1699478316\n|move|p1a: Time Lawd|Stealth Rock|p2a: Magearna\n|-sidestart|p2: LadyMaria-Blue|move: Stealth Rock\n|move|p2a: Magearna|Thunder Wave|p1a: Time Lawd\n|-status|p1a: Time Lawd|par\n|\n|-heal|p1a: Time Lawd|50\/100 par|[from] item: Leftovers\n|-heal|p2a: Magearna|99\/100 par|[from] item: Leftovers\n|upkeep\n|turn|11\n|\n|t:|1699478325\n|move|p2a: Magearna|Fleur Cannon|p1a: Time Lawd\n|-damage|p1a: Time Lawd|0 fnt\n|-unboost|p2a: Magearna|spa|2\n|faint|p1a: Time Lawd\n|-ability|p2a: Magearna|Soul-Heart|boost\n|-boost|p2a: Magearna|spa|1\n|\n|-heal|p2a: Magearna|100\/100 par|[from] item: Leftovers\n|upkeep\n|\n|t:|1699478344\n|switch|p1a: Haxmin|Shaymin-Sky|100\/100\n|turn|12\n|\n|t:|1699478347\n|move|p1a: Haxmin|Air Slash|p2a: Magearna\n|-resisted|p2a: Magearna\n|-damage|p2a: Magearna|90\/100 par\n|cant|p2a: Magearna|par\n|\n|-heal|p2a: Magearna|96\/100 par|[from] item: Leftovers\n|upkeep\n|turn|13\n|c|\u2606LadyMaria-Blue|it begins lol\n|\n|t:|1699478356\n|move|p1a: Haxmin|Seed Flare|p2a: Magearna\n|-resisted|p2a: Magearna\n|-damage|p2a: Magearna|79\/100 par\n|-unboost|p2a: Magearna|spd|2\n|move|p2a: Magearna|Thunder Wave|p1a: Haxmin\n|-status|p1a: Haxmin|par\n|\n|-heal|p2a: Magearna|85\/100 par|[from] item: Leftovers\n|upkeep\n|turn|14\n|\n|t:|1699478366\n|move|p1a: Haxmin|Earth Power|p2a: Magearna\n|-supereffective|p2a: Magearna\n|-damage|p2a: Magearna|8\/100 par\n|move|p2a: Magearna|Volt Switch|p1a: Haxmin\n|-damage|p1a: Haxmin|84\/100 par\n|\n|t:|1699478374\n|switch|p2a: Mandibuzz|Mandibuzz, F, shiny|100\/100|[from] Volt Switch\n|\n|upkeep\n|turn|15\n|\n|t:|1699478382\n|move|p2a: Mandibuzz|Defog|p1a: Haxmin\n|-unboost|p1a: Haxmin|evasion|1\n|-sideend|p2: LadyMaria-Blue|Spikes|[from] move: Defog|[of] p2a: Mandibuzz\n|-sideend|p2: LadyMaria-Blue|Stealth Rock|[from] move: Defog|[of] p2a: Mandibuzz\n|cant|p1a: Haxmin|par\n|\n|upkeep\n|turn|16\n|\n|t:|1699478392\n|switch|p2a: Magearna|Magearna|8\/100 par\n|move|p1a: Haxmin|Seed Flare|p2a: Magearna\n|-resisted|p2a: Magearna\n|-damage|p2a: Magearna|0 fnt\n|faint|p2a: Magearna\n|\n|upkeep\n|\n|t:|1699478398\n|switch|p2a: Arceus|Arceus-Poison|88\/100\n|turn|17\n|\n|t:|1699478405\n|move|p2a: Arceus|Calm Mind|p2a: Arceus\n|-boost|p2a: Arceus|spa|1\n|-boost|p2a: Arceus|spd|1\n|move|p1a: Haxmin|Seed Flare|p2a: Arceus\n|-resisted|p2a: Arceus\n|-damage|p2a: Arceus|75\/100\n|-unboost|p2a: Arceus|spd|2\n|\n|upkeep\n|turn|18\n|\n|t:|1699478412\n|move|p2a: Arceus|Judgment|p1a: Haxmin\n|-supereffective|p1a: Haxmin\n|-damage|p1a: Haxmin|0 fnt\n|faint|p1a: Haxmin\n|\n|upkeep\n|\n|t:|1699478422\n|switch|p1a: Ar\u0441eus-Poison|Arceus-Ghost, shiny|100\/100\n|turn|19\n|\n|t:|1699478429\n|move|p2a: Arceus|Earth Power|p1a: Ar\u0441eus-Poison\n|-damage|p1a: Ar\u0441eus-Poison|77\/100\n|move|p1a: Ar\u0441eus-Poison|Swords Dance|p1a: Ar\u0441eus-Poison\n|-boost|p1a: Ar\u0441eus-Poison|atk|2\n|\n|upkeep\n|turn|20\n|\n|t:|1699478441\n|move|p2a: Arceus|Earth Power|p1a: Ar\u0441eus-Poison\n|-damage|p1a: Ar\u0441eus-Poison|52\/100\n|move|p1a: Ar\u0441eus-Poison|Swords Dance|p1a: Ar\u0441eus-Poison\n|-boost|p1a: Ar\u0441eus-Poison|atk|2\n|\n|upkeep\n|turn|21\n|\n|t:|1699478447\n|switch|p2a: Mandibuzz|Mandibuzz, F, shiny|100\/100\n|move|p1a: Ar\u0441eus-Poison|Recover|p1a: Ar\u0441eus-Poison\n|-heal|p1a: Ar\u0441eus-Poison|100\/100\n|\n|upkeep\n|turn|22\n|\n|t:|1699478458\n|move|p1a: Ar\u0441eus-Poison|Extreme Speed|p2a: Mandibuzz\n|-damage|p2a: Mandibuzz|41\/100\n|move|p2a: Mandibuzz|Foul Play|p1a: Ar\u0441eus-Poison\n|-supereffective|p1a: Ar\u0441eus-Poison\n|-damage|p1a: Ar\u0441eus-Poison|0 fnt\n|faint|p1a: Ar\u0441eus-Poison\n|\n|upkeep\n|\n|t:|1699478477\n|switch|p1a: Sif|Zacian|100\/100\n|-ability|p1a: Sif|Intrepid Sword|boost\n|-boost|p1a: Sif|atk|1\n|turn|23\n|\n|t:|1699478486\n|move|p1a: Sif|Play Rough|p2a: Mandibuzz\n|-supereffective|p2a: Mandibuzz\n|-damage|p2a: Mandibuzz|0 fnt\n|faint|p2a: Mandibuzz\n|\n|upkeep\n|\n|t:|1699478488\n|switch|p2a: Arceus|Arceus-Poison|75\/100\n|turn|24\n|\n|t:|1699478503\n|move|p1a: Sif|Swords Dance|p1a: Sif\n|-boost|p1a: Sif|atk|2\n|move|p2a: Arceus|Recover|p2a: Arceus\n|-heal|p2a: Arceus|100\/100\n|\n|upkeep\n|turn|25\n|\n|t:|1699478516\n|-terastallize|p1a: Sif|Fire\n|move|p1a: Sif|Tera Blast|p2a: Arceus|[anim] Tera Blast Fire\n|-damage|p2a: Arceus|40\/100\n|move|p2a: Arceus|Judgment|p1a: Sif\n|-crit|p1a: Sif\n|-damage|p1a: Sif|31\/100\n|\n|upkeep\n|turn|26\n|\n|t:|1699478525\n|move|p1a: Sif|Tera Blast|p2a: Arceus|[anim] Tera Blast Fire\n|-damage|p2a: Arceus|0 fnt\n|faint|p2a: Arceus\n|\n|upkeep\n|\n|t:|1699478530\n|switch|p2a: Milotic|Milotic, F, shiny|100\/100\n|turn|27\n|\n|t:|1699478537\n|move|p1a: Sif|Play Rough|p2a: Milotic\n|-damage|p2a: Milotic|0 fnt\n|faint|p2a: Milotic\n|\n|upkeep\n|\n|t:|1699478541\n|switch|p2a: Zacian|Zacian|100\/100\n|-ability|p2a: Zacian|Intrepid Sword|boost\n|-boost|p2a: Zacian|atk|1\n|turn|28\n|\n|t:|1699478547\n|move|p1a: Sif|Play Rough|p2a: Zacian\n|-damage|p2a: Zacian|4\/100\n|move|p2a: Zacian|Play Rough|p1a: Sif\n|-resisted|p1a: Sif\n|-damage|p1a: Sif|0 fnt\n|faint|p1a: Sif\n|\n|upkeep\n|\n|t:|1699478553\n|switch|p1a: Keys to the City|Klefki, M, shiny|98\/100\n|turn|29\n|\n|t:|1699478555\n|move|p2a: Zacian|Play Rough|p1a: Keys to the City\n|-resisted|p1a: Keys to the City\n|-damage|p1a: Keys to the City|54\/100\n|move|p1a: Keys to the City|Dazzling Gleam|p2a: Zacian\n|-damage|p2a: Zacian|0 fnt\n|faint|p2a: Zacian\n|\n|upkeep\n|\n|t:|1699478558\n|switch|p2a: Baxcalibur|Baxcalibur, F|100\/100\n|turn|30\n|\n|t:|1699478565\n|move|p1a: Keys to the City|Magnet Rise|p1a: Keys to the City\n|-start|p1a: Keys to the City|Magnet Rise\n|move|p2a: Baxcalibur|Dragon Dance|p2a: Baxcalibur\n|-boost|p2a: Baxcalibur|atk|1\n|-boost|p2a: Baxcalibur|spe|1\n|\n|upkeep\n|turn|31\n|\n|t:|1699478573\n|-terastallize|p2a: Baxcalibur|Ice\n|move|p1a: Keys to the City|Switcheroo|p2a: Baxcalibur\n|-activate|p1a: Keys to the City|move: Trick|[of] p2a: Baxcalibur\n|-item|p2a: Baxcalibur|Lagging Tail|[from] move: Switcheroo\n|-item|p1a: Keys to the City|Heavy-Duty Boots|[from] move: Switcheroo\n|move|p2a: Baxcalibur|Icicle Crash|p1a: Keys to the City\n|-resisted|p1a: Keys to the City\n|-crit|p1a: Keys to the City\n|-damage|p1a: Keys to the City|0 fnt\n|faint|p1a: Keys to the City\n|\n|win|LadyMaria-Blue\n|c|\u2606GratedsShtickface|gg\n|c|\u2606LadyMaria-Blue|ggs\n|l|\u2606GratedsShtickface\n|j|\u2606GratedsShtickface\n|player|p1|GratedsShtickface|hiker-gen4\n","uploadtime":1699478584,"views":11,"p1id":"gratedsshtickface","p2id":"ladymariablue","formatid":"gen9ubers","rating":0,"private":0,"password":""}