{"id":"gen9ubers-1992966525","p1":"CLECrustles","p2":"BananaXD","format":"[Gen 9] Ubers","log":"|j|\u2606CLECrustles\n|j|\u2606BananaXD\n|t:|1700251047\n|gametype|singles\n|player|p1|CLECrustles|169|\n|player|p2|BananaXD|skyla|\n|teamsize|p1|6\n|teamsize|p2|6\n|gen|9\n|tier|[Gen 9] Ubers\n|rule|Sleep Clause Mod: Limit one foe put to sleep\n|rule|Species Clause: Limit one of each Pok\u00e9mon\n|rule|OHKO Clause: OHKO moves are banned\n|rule|Evasion Items Clause: Evasion items are banned\n|rule|Evasion Moves Clause: Evasion moves are banned\n|rule|Endless Battle Clause: Forcing endless battles is banned\n|rule|HP Percentage Mod: HP is shown in percentages\n|clearpoke\n|poke|p1|Probopass, F|\n|poke|p1|Mamoswine, M|\n|poke|p1|Rotom-Wash|\n|poke|p1|Kommo-o, M|\n|poke|p1|Ogerpon-Cornerstone, F|\n|poke|p1|Fezandipiti, M|\n|poke|p2|Tyranitar, F|\n|poke|p2|Houndstone, F|\n|poke|p2|Scizor, F|\n|poke|p2|Vaporeon, M|\n|poke|p2|Clefable, F|\n|poke|p2|Kilowattrel, M|\n|teampreview\n|c|\u2606CLECrustles|this is not the team i was expecting\n|c|\u2606BananaXD|kinda same\n|j| kzootops\n|\n|t:|1700251130\n|start\n|switch|p1a: Fezandipiti|Fezandipiti, M|100\/100\n|switch|p2a: Shirahoshi|Vaporeon, M|100\/100\n|turn|1\n|\n|t:|1700251153\n|switch|p2a: Kidd|Scizor, F|100\/100\n|move|p1a: Fezandipiti|U-turn|p2a: Kidd\n|-resisted|p2a: Kidd\n|-damage|p2a: Kidd|94\/100\n|\n|t:|1700251160\n|switch|p1a: Probopass|Probopass, F|100\/100|[from] U-turn\n|\n|upkeep\n|turn|2\n|\n|t:|1700251186\n|-terastallize|p1a: Probopass|Flying\n|move|p2a: Kidd|U-turn|p1a: Probopass\n|-resisted|p1a: Probopass\n|-crit|p1a: Probopass\n|-damage|p1a: Probopass|85\/100\n|\n|t:|1700251193\n|switch|p2a: X Drake|Tyranitar, F|100\/100|[from] U-turn\n|-weather|Sandstorm|[from] ability: Sand Stream|[of] p2a: X Drake\n|move|p1a: Probopass|Iron Defense|p1a: Probopass\n|-boost|p1a: Probopass|def|2\n|\n|-weather|Sandstorm|[upkeep]\n|-heal|p1a: Probopass|91\/100|[from] item: Leftovers\n|upkeep\n|turn|3\n|\n|t:|1700251239\n|switch|p2a: Shirahoshi|Vaporeon, M|100\/100\n|move|p1a: Probopass|Body Press|p2a: Shirahoshi\n|-damage|p2a: Shirahoshi|56\/100\n|\n|-weather|Sandstorm|[upkeep]\n|-damage|p2a: Shirahoshi|50\/100|[from] Sandstorm\n|-heal|p2a: Shirahoshi|56\/100|[from] item: Leftovers\n|-heal|p1a: Probopass|97\/100|[from] item: Leftovers\n|upkeep\n|turn|4\n|\n|t:|1700251258\n|move|p1a: Probopass|Body Press|p2a: Shirahoshi\n|-crit|p2a: Shirahoshi\n|-damage|p2a: Shirahoshi|0 fnt\n|faint|p2a: Shirahoshi\n|\n|-weather|Sandstorm|[upkeep]\n|-heal|p1a: Probopass|100\/100|[from] item: Leftovers\n|upkeep\n|c|\u2606CLECrustles|sorry for crit\n|c|\u2606BananaXD|clicked roar too rip\n|\n|t:|1700251283\n|switch|p2a: Enel|Kilowattrel, M|100\/100\n|turn|5\n|\n|t:|1700251314\n|switch|p1a: Kommo-o|Kommo-o, M|100\/100\n|move|p2a: Enel|Thunderbolt|p1a: Kommo-o\n|-resisted|p1a: Kommo-o\n|-damage|p1a: Kommo-o|88\/100\n|\n|-weather|Sandstorm|[upkeep]\n|-damage|p1a: Kommo-o|82\/100|[from] Sandstorm\n|-damage|p2a: Enel|94\/100|[from] Sandstorm\n|upkeep\n|turn|6\n|\n|t:|1700251333\n|move|p1a: Kommo-o|Ice Punch|p2a: Enel\n|-supereffective|p2a: Enel\n|-damage|p2a: Enel|22\/100\n|move|p2a: Enel|Hurricane|p1a: Kommo-o\n|-supereffective|p1a: Kommo-o\n|-damage|p1a: Kommo-o|26\/100\n|\n|-weather|Sandstorm|[upkeep]\n|-damage|p2a: Enel|16\/100|[from] Sandstorm\n|-damage|p1a: Kommo-o|19\/100|[from] Sandstorm\n|upkeep\n|turn|7\n|\n|t:|1700251356\n|switch|p2a: Big Mom|Clefable, F|100\/100\n|move|p1a: Kommo-o|Drain Punch|p2a: Big Mom\n|-resisted|p2a: Big Mom\n|-damage|p2a: Big Mom|86\/100\n|-heal|p1a: Kommo-o|29\/100|[from] drain|[of] p2a: Big Mom\n|\n|-weather|Sandstorm|[upkeep]\n|-damage|p1a: Kommo-o|23\/100|[from] Sandstorm\n|upkeep\n|turn|8\n|c|\u2606CLECrustles|what is the speed tier on that? super weird\n|\n|t:|1700251372\n|switch|p1a: Probopass|Probopass, F, tera:Flying|100\/100\n|move|p2a: Big Mom|Wish|p2a: Big Mom\n|\n|-weather|Sandstorm|[upkeep]\n|upkeep\n|turn|9\n|\n|t:|1700251416\n|move|p2a: Big Mom|Calm Mind|p2a: Big Mom\n|-boost|p2a: Big Mom|spa|1\n|-boost|p2a: Big Mom|spd|1\n|move|p1a: Probopass|Heavy Slam|p2a: Big Mom\n|-supereffective|p2a: Big Mom\n|-damage|p2a: Big Mom|28\/100\n|\n|-weather|none\n|-heal|p2a: Big Mom|78\/100|[from] move: Wish|[wisher] Big Mom\n|upkeep\n|turn|10\n|\n|t:|1700251432\n|move|p2a: Big Mom|Moonblast|p1a: Probopass\n|-damage|p1a: Probopass|65\/100\n|move|p1a: Probopass|Heavy Slam|p2a: Big Mom\n|-supereffective|p2a: Big Mom\n|-damage|p2a: Big Mom|35\/100\n|\n|-heal|p1a: Probopass|71\/100|[from] item: Leftovers\n|upkeep\n|turn|11\n|\n|t:|1700251445\n|move|p2a: Big Mom|Moonblast|p1a: Probopass\n|-damage|p1a: Probopass|38\/100\n|move|p1a: Probopass|Heavy Slam|p2a: Big Mom\n|-supereffective|p2a: Big Mom\n|-damage|p2a: Big Mom|0 fnt\n|faint|p2a: Big Mom\n|\n|-heal|p1a: Probopass|44\/100|[from] item: Leftovers\n|upkeep\n|\n|t:|1700251453\n|switch|p2a: Enel|Kilowattrel, M|16\/100\n|turn|12\n|\n|t:|1700251492\n|move|p2a: Enel|Roost|p2a: Enel\n|-heal|p2a: Enel|66\/100\n|-singleturn|p2a: Enel|move: Roost\n|move|p1a: Probopass|Body Press|p2a: Enel\n|-damage|p2a: Enel|19\/100\n|\n|-heal|p1a: Probopass|50\/100|[from] item: Leftovers\n|upkeep\n|turn|13\n|\n|t:|1700251522\n|move|p2a: Enel|Volt Switch|p1a: Probopass\n|-supereffective|p1a: Probopass\n|-damage|p1a: Probopass|15\/100\n|\n|t:|1700251527\n|switch|p2a: Absalom|Houndstone, F|100\/100|[from] Volt Switch\n|move|p1a: Probopass|Body Press|p2a: Absalom\n|-immune|p2a: Absalom\n|\n|-heal|p1a: Probopass|21\/100|[from] item: Leftovers\n|upkeep\n|turn|14\n|\n|t:|1700251571\n|-terastallize|p2a: Absalom|Ghost\n|move|p2a: Absalom|Poltergeist|p1a: Probopass\n|-activate|p1a: Probopass|move: Poltergeist|Leftovers\n|-damage|p1a: Probopass|0 fnt\n|faint|p1a: Probopass\n|-damage|p2a: Absalom|91\/100|[from] item: Life Orb\n|\n|upkeep\n|\n|t:|1700251605\n|switch|p1a: Kommo-o|Kommo-o, M|23\/100\n|turn|15\n|\n|t:|1700251657\n|move|p2a: Absalom|Shadow Sneak|p1a: Kommo-o\n|-crit|p1a: Kommo-o\n|-damage|p1a: Kommo-o|0 fnt\n|faint|p1a: Kommo-o\n|-damage|p2a: Absalom|81\/100|[from] item: Life Orb\n|\n|upkeep\n|\n|t:|1700251705\n|switch|p1a: Mamoswine|Mamoswine, M|100\/100\n|turn|16\n|j| Bogaes\n|\n|t:|1700251818\n|switch|p2a: Enel|Kilowattrel, M|19\/100\n|move|p1a: Mamoswine|Earthquake|p2a: Enel\n|-immune|p2a: Enel\n|\n|upkeep\n|turn|17\n|\n|t:|1700251828\n|switch|p1a: Rotom|Rotom-Wash|100\/100\n|move|p2a: Enel|Roost|p2a: Enel\n|-heal|p2a: Enel|69\/100\n|-singleturn|p2a: Enel|move: Roost\n|\n|upkeep\n|turn|18\n|\n|t:|1700251858\n|move|p1a: Rotom|Hydro Pump|p2a: Enel\n|-damage|p2a: Enel|18\/100\n|-enditem|p2a: Enel|Absorb Bulb\n|-boost|p2a: Enel|spa|1|[from] item: Absorb Bulb\n|move|p2a: Enel|Thunderbolt|p1a: Rotom\n|-damage|p1a: Rotom|40\/100\n|\n|upkeep\n|turn|19\n|c|\u2606CLECrustles|oof what a play\n|c|\u2606CLECrustles|!data absorb bulb\n|raw|<ul class=\"utilichart\"><li class=\"result\"><span class=\"col itemiconcol\"><psicon item=\"absorbbulb\"><\/span> <span class=\"col namecol\"><a href=\"https:\/\/dex.pokemonshowdown.com\/items\/absorbbulb\">Absorb Bulb<\/a><\/span> <span class=\"col itemdesccol\">Raises holder's Sp. Atk by 1 stage if hit by a Water-type attack. Single use.<\/span> <\/li><li style=\"clear:both\"><\/li><\/ul>\n\n|c|\u2606CLECrustles|the prediction\n|c|\u2606BananaXD|now you see why its low speed XD\n|\n|t:|1700251901\n|move|p1a: Rotom|Hydro Pump|p2a: Enel\n|-damage|p2a: Enel|0 fnt\n|faint|p2a: Enel\n|\n|upkeep\n|c|\u2606CLECrustles|Thank Kevin i didn't miss\n|\n|t:|1700251967\n|switch|p2a: X Drake|Tyranitar, F|100\/100\n|-weather|Sandstorm|[from] ability: Sand Stream|[of] p2a: X Drake\n|turn|20\n|\n|t:|1700251972\n|move|p1a: Rotom|Hydro Pump|p2a: X Drake|[miss]\n|-miss|p1a: Rotom|p2a: X Drake\n|move|p2a: X Drake|Stealth Rock|p1a: Rotom\n|-sidestart|p1: CLECrustles|move: Stealth Rock\n|\n|-weather|Sandstorm|[upkeep]\n|-damage|p1a: Rotom|34\/100|[from] Sandstorm\n|upkeep\n|turn|21\n|c|\u2606CLECrustles|i deserved that\n|\n|t:|1700251981\n|move|p1a: Rotom|Hydro Pump|p2a: X Drake|[miss]\n|-miss|p1a: Rotom|p2a: X Drake\n|move|p2a: X Drake|Rock Slide|p1a: Rotom\n|-damage|p1a: Rotom|0 fnt\n|faint|p1a: Rotom\n|\n|-weather|Sandstorm|[upkeep]\n|upkeep\n|c|\u2606CLECrustles|maybe not that\n|c|\u2606BananaXD|yeah maybe not that one XD\n|\n|t:|1700251997\n|switch|p1a: Mamoswine|Mamoswine, M|100\/100\n|-damage|p1a: Mamoswine|88\/100|[from] Stealth Rock\n|turn|22\n|\n|t:|1700252003\n|move|p1a: Mamoswine|Earthquake|p2a: X Drake\n|-supereffective|p2a: X Drake\n|-damage|p2a: X Drake|0 fnt\n|faint|p2a: X Drake\n|\n|-weather|Sandstorm|[upkeep]\n|upkeep\n|\n|t:|1700252006\n|switch|p2a: Absalom|Houndstone, F, tera:Ghost|81\/100\n|turn|23\n|\n|t:|1700252009\n|move|p2a: Absalom|Poltergeist|p1a: Mamoswine\n|-activate|p1a: Mamoswine|move: Poltergeist|Choice Band\n|-damage|p1a: Mamoswine|0 fnt\n|faint|p1a: Mamoswine\n|-damage|p2a: Absalom|71\/100|[from] item: Life Orb\n|\n|-weather|Sandstorm|[upkeep]\n|upkeep\n|\n|t:|1700252060\n|switch|p1a: Ogerpon|Ogerpon-Cornerstone, F|100\/100\n|-damage|p1a: Ogerpon|88\/100|[from] Stealth Rock\n|turn|24\n|\n|t:|1700252078\n|move|p2a: Absalom|Poltergeist|p1a: Ogerpon|[miss]\n|-miss|p2a: Absalom|p1a: Ogerpon\n|move|p1a: Ogerpon|Ivy Cudgel|p2a: Absalom|[anim] Ivy Cudgel Rock\n|-damage|p2a: Absalom|7\/100\n|\n|-weather|Sandstorm|[upkeep]\n|upkeep\n|turn|25\n|\n|t:|1700252086\n|move|p2a: Absalom|Poltergeist|p1a: Ogerpon|[miss]\n|-miss|p2a: Absalom|p1a: Ogerpon\n|move|p1a: Ogerpon|Knock Off|p2a: Absalom\n|-supereffective|p2a: Absalom\n|-damage|p2a: Absalom|0 fnt\n|-enditem|p2a: Absalom|Life Orb|[from] move: Knock Off|[of] p1a: Ogerpon\n|faint|p2a: Absalom\n|\n|-weather|Sandstorm|[upkeep]\n|upkeep\n|c|\u2606BananaXD|wow\n|c|\u2606CLECrustles|OH MY GOD I AM SO SORRY!\n|\n|t:|1700252096\n|switch|p2a: Kidd|Scizor, F|94\/100\n|turn|26\n|\n|t:|1700252120\n|move|p1a: Ogerpon|Ivy Cudgel|p2a: Kidd|[anim] Ivy Cudgel Rock\n|-damage|p2a: Kidd|33\/100\n|move|p2a: Kidd|Swords Dance|p2a: Kidd\n|-boost|p2a: Kidd|atk|2\n|\n|-weather|Sandstorm|[upkeep]\n|upkeep\n|turn|27\n|\n|t:|1700252123\n|move|p2a: Kidd|Bullet Punch|p1a: Ogerpon\n|-supereffective|p1a: Ogerpon\n|-damage|p1a: Ogerpon|0 fnt\n|faint|p1a: Ogerpon\n|\n|-weather|none\n|upkeep\n|\n|t:|1700252125\n|switch|p1a: Fezandipiti|Fezandipiti, M|100\/100\n|-damage|p1a: Fezandipiti|88\/100|[from] Stealth Rock\n|turn|28\n|\n|t:|1700252128\n|move|p2a: Kidd|Bullet Punch|p1a: Fezandipiti\n|-supereffective|p1a: Fezandipiti\n|-enditem|p1a: Fezandipiti|Babiri Berry|[eat]\n|-enditem|p1a: Fezandipiti|Babiri Berry|[weaken]\n|-damage|p1a: Fezandipiti|6\/100\n|move|p1a: Fezandipiti|Heat Wave|p2a: Kidd\n|-supereffective|p2a: Kidd\n|-damage|p2a: Kidd|0 fnt\n|faint|p2a: Kidd\n|\n|win|CLECrustles\n|c|\u2606CLECrustles|OH NO!\n|c|\u2606BananaXD|fucking hell gg\n|c|\u2606CLECrustles|gg\n|c|\u2606CLECrustles|those last turns took years off my life\n|c|\u2606BananaXD|deserved for the berry\n","uploadtime":1700252160,"views":48,"p1id":"clecrustles","p2id":"bananaxd","formatid":"gen9ubers","rating":0,"private":0,"password":""}