{"id":"gen9ubers-2000608537","p1":"Rex497","p2":"DittoM","format":"[Gen 9] Ubers","log":"|j|\u2606Rex497\n|j|\u2606DittoM\n|t:|1701210085\n|gametype|singles\n|player|p1|Rex497|ghetsis|1185\n|player|p2|DittoM|265|1160\n|teamsize|p1|6\n|teamsize|p2|6\n|gen|9\n|tier|[Gen 9] Ubers\n|rated|\n|rule|Sleep Clause Mod: Limit one foe put to sleep\n|rule|Species Clause: Limit one of each Pok\u00e9mon\n|rule|OHKO Clause: OHKO moves are banned\n|rule|Evasion Items Clause: Evasion items are banned\n|rule|Evasion Moves Clause: Evasion moves are banned\n|rule|Endless Battle Clause: Forcing endless battles is banned\n|rule|HP Percentage Mod: HP is shown in percentages\n|clearpoke\n|poke|p1|Miraidon|\n|poke|p1|Iron Leaves|\n|poke|p1|Iron Moth|\n|poke|p1|Regieleki|\n|poke|p1|Roaring Moon|\n|poke|p1|Masquerain, F|\n|poke|p2|Iron Bundle|\n|poke|p2|Miraidon|\n|poke|p2|Sneasler, M|\n|poke|p2|Zacian-*|\n|poke|p2|Arceus-Ground|\n|poke|p2|Skeledirge, F|\n|teampreview\n|\n|t:|1701210089\n|start\n|switch|p1a: Scary bug|Masquerain, F|100\/100\n|switch|p2a: Iron Bundle|Iron Bundle|100\/100\n|-ability|p1a: Scary bug|Intimidate|boost\n|-unboost|p2a: Iron Bundle|atk|1\n|turn|1\n|\n|t:|1701210093\n|move|p2a: Iron Bundle|Taunt|p1a: Scary bug\n|-start|p1a: Scary bug|move: Taunt\n|cant|p1a: Scary bug|move: Taunt|Tailwind\n|\n|upkeep\n|turn|2\n|\n|t:|1701210098\n|move|p2a: Iron Bundle|Freeze-Dry|p1a: Scary bug\n|-supereffective|p1a: Scary bug\n|-enditem|p1a: Scary bug|Focus Sash\n|-damage|p1a: Scary bug|1\/100\n|move|p1a: Scary bug|U-turn|p2a: Iron Bundle\n|-damage|p2a: Iron Bundle|83\/100\n|\n|t:|1701210102\n|switch|p1a: Plasma|Miraidon|100\/100|[from] U-turn\n|-fieldstart|move: Electric Terrain|[from] ability: Hadron Engine|[of] p1a: Plasma\n|-activate|p2a: Iron Bundle|ability: Quark Drive\n|-start|p2a: Iron Bundle|quarkdrivespe\n|\n|upkeep\n|turn|3\n|\n|t:|1701210119\n|switch|p1a: Scary bug|Masquerain, F|1\/100\n|-ability|p1a: Scary bug|Intimidate|boost\n|-unboost|p2a: Iron Bundle|atk|1\n|-terastallize|p2a: Iron Bundle|Ice\n|move|p2a: Iron Bundle|Ice Beam|p1a: Scary bug\n|-supereffective|p1a: Scary bug\n|-damage|p1a: Scary bug|0 fnt\n|faint|p1a: Scary bug\n|\n|upkeep\n|\n|t:|1701210132\n|switch|p1a: Slice|Iron Leaves|100\/100\n|-activate|p1a: Slice|ability: Quark Drive\n|-start|p1a: Slice|quarkdriveatk\n|turn|4\n|\n|t:|1701210144\n|-terastallize|p1a: Slice|Fighting\n|move|p2a: Iron Bundle|Ice Beam|p1a: Slice\n|-damage|p1a: Slice|61\/100\n|-status|p1a: Slice|frz\n|cant|p1a: Slice|frz\n|\n|upkeep\n|turn|5\n|\n|t:|1701210152\n|move|p2a: Iron Bundle|Hydro Pump|p1a: Slice\n|-damage|p1a: Slice|23\/100 frz\n|cant|p1a: Slice|frz\n|\n|upkeep\n|turn|6\n|\n|t:|1701210156\n|move|p2a: Iron Bundle|Ice Beam|p1a: Slice\n|-damage|p1a: Slice|0 fnt\n|faint|p1a: Slice\n|-end|p1a: Slice|Quark Drive|[silent]\n|\n|upkeep\n|\n|t:|1701210169\n|switch|p1a: R.A.D.S|Iron Moth|100\/100\n|-activate|p1a: R.A.D.S|ability: Quark Drive\n|-start|p1a: R.A.D.S|quarkdrivespa\n|turn|7\n|\n|t:|1701210172\n|move|p2a: Iron Bundle|Hydro Pump|p1a: R.A.D.S\n|-supereffective|p1a: R.A.D.S\n|-damage|p1a: R.A.D.S|0 fnt\n|faint|p1a: R.A.D.S\n|-end|p1a: R.A.D.S|Quark Drive|[silent]\n|\n|upkeep\n|\n|t:|1701210176\n|switch|p1a: Ark|Roaring Moon|100\/100\n|-enditem|p1a: Ark|Booster Energy\n|-activate|p1a: Ark|ability: Protosynthesis|[fromitem]\n|-start|p1a: Ark|protosynthesisatk\n|turn|8\n|\n|t:|1701210180\n|move|p2a: Iron Bundle|Ice Beam|p1a: Ark\n|-supereffective|p1a: Ark\n|-damage|p1a: Ark|0 fnt\n|faint|p1a: Ark\n|-end|p1a: Ark|Protosynthesis|[silent]\n|\n|upkeep\n|\n|t:|1701210182\n|switch|p1a: Plasma|Miraidon|100\/100\n|-activate|p1a: Plasma|ability: Hadron Engine\n|turn|9\n|\n|t:|1701210186\n|move|p2a: Iron Bundle|Ice Beam|p1a: Plasma\n|-supereffective|p1a: Plasma\n|-damage|p1a: Plasma|0 fnt\n|faint|p1a: Plasma\n|\n|-fieldend|move: Electric Terrain\n|-end|p2a: Iron Bundle|Quark Drive\n|upkeep\n|\n|t:|1701210189\n|switch|p1a: Thawne|Regieleki, shiny|100\/100\n|turn|10\n|\n|t:|1701210194\n|move|p1a: Thawne|Thunder Cage|p2a: Iron Bundle\n|-damage|p2a: Iron Bundle|0 fnt\n|faint|p2a: Iron Bundle\n|-end|p2a: Iron Bundle|Quark Drive|[silent]\n|\n|upkeep\n|\n|t:|1701210197\n|switch|p2a: Arceus|Arceus-Ground|100\/100\n|turn|11\n|\n|t:|1701210203\n|move|p1a: Thawne|Tera Blast|p2a: Arceus\n|-damage|p2a: Arceus|83\/100\n|move|p2a: Arceus|Calm Mind|p2a: Arceus\n|-boost|p2a: Arceus|spa|1\n|-boost|p2a: Arceus|spd|1\n|\n|upkeep\n|turn|12\n|-message|Rex497 forfeited.\n|\n|win|DittoM\n|raw|Rex497's rating: 1185 &rarr; <strong>1158<\/strong><br \/>(-27 for losing)\n|raw|DittoM's rating: 1160 &rarr; <strong>1187<\/strong><br \/>(+27 for winning)\n|l|\u2606Rex497\n","uploadtime":1701210217,"views":1,"p1id":"rex497","p2id":"dittom","formatid":"gen9ubers","rating":1158,"private":0,"password":""}