{"id":"gen9ubers-1977020016","p1":"Sag21Eros","p2":"MeteorAsh15","format":"[Gen 9] Ubers","log":"|j|\u2606Sag21Eros\n|j|\u2606MeteorAsh15\n|t:|1698362539\n|gametype|singles\n|player|p1|Sag21Eros|gentleman-gen4|1098\n|player|p2|MeteorAsh15|nate|1246\n|teamsize|p1|6\n|teamsize|p2|6\n|gen|9\n|tier|[Gen 9] Ubers\n|rated|\n|rule|Sleep Clause Mod: Limit one foe put to sleep\n|rule|Species Clause: Limit one of each Pok\u00e9mon\n|rule|OHKO Clause: OHKO moves are banned\n|rule|Evasion Items Clause: Evasion items are banned\n|rule|Evasion Moves Clause: Evasion moves are banned\n|rule|Endless Battle Clause: Forcing endless battles is banned\n|rule|HP Percentage Mod: HP is shown in percentages\n|clearpoke\n|poke|p1|Dragonite, F|\n|poke|p1|Charizard, F|\n|poke|p1|Regieleki|\n|poke|p1|Snorlax, F|\n|poke|p1|Groudon|\n|poke|p1|Kyogre|\n|poke|p2|Baxcalibur, F|\n|poke|p2|Ninetales-Alola, F|\n|poke|p2|Koraidon|\n|poke|p2|Zacian-*|\n|poke|p2|Tornadus, M|\n|poke|p2|Ribombee, F|\n|teampreview\n|inactive|Battle timer is ON: inactive players will automatically lose when time's up. (requested by MeteorAsh15)\n|\n|t:|1698362545\n|start\n|switch|p1a: Kyogre|Kyogre|100\/100\n|switch|p2a: Ribombee|Ribombee, F, shiny|100\/100\n|-weather|RainDance|[from] ability: Drizzle|[of] p1a: Kyogre\n|turn|1\n|\n|t:|1698362557\n|move|p2a: Ribombee|Sticky Web|p1a: Kyogre\n|-sidestart|p1: Sag21Eros|move: Sticky Web\n|move|p1a: Kyogre|Blizzard|p2a: Ribombee|[miss]\n|-miss|p1a: Kyogre|p2a: Ribombee\n|\n|-weather|RainDance|[upkeep]\n|upkeep\n|turn|2\n|\n|t:|1698362564\n|move|p2a: Ribombee|Stun Spore|p1a: Kyogre\n|-status|p1a: Kyogre|par\n|move|p1a: Kyogre|Blizzard|p2a: Ribombee\n|-damage|p2a: Ribombee|17\/100\n|\n|-weather|RainDance|[upkeep]\n|upkeep\n|turn|3\n|\n|t:|1698362576\n|move|p2a: Ribombee|Tailwind|p2a: Ribombee\n|-sidestart|p2: MeteorAsh15|move: Tailwind\n|move|p1a: Kyogre|Thunder|p2a: Ribombee\n|-damage|p2a: Ribombee|0 fnt\n|faint|p2a: Ribombee\n|\n|-weather|RainDance|[upkeep]\n|upkeep\n|\n|t:|1698362586\n|switch|p2a: Koraidon|Koraidon|100\/100\n|-weather|SunnyDay|[from] ability: Orichalcum Pulse|[of] p2a: Koraidon\n|-activate|p2a: Koraidon|Orichalcum Pulse|[source]\n|turn|4\n|\n|t:|1698362592\n|move|p2a: Koraidon|Collision Course|p1a: Kyogre\n|-damage|p1a: Kyogre|25\/100 par\n|move|p1a: Kyogre|Blizzard|p2a: Koraidon\n|-supereffective|p2a: Koraidon\n|-damage|p2a: Koraidon|7\/100\n|\n|-weather|SunnyDay|[upkeep]\n|-heal|p1a: Kyogre|31\/100 par|[from] item: Leftovers\n|upkeep\n|turn|5\n|\n|t:|1698362603\n|move|p2a: Koraidon|Collision Course|p1a: Kyogre\n|-damage|p1a: Kyogre|0 fnt\n|faint|p1a: Kyogre\n|\n|-weather|SunnyDay|[upkeep]\n|upkeep\n|\n|t:|1698362613\n|switch|p1a: Charizard|Charizard, F|100\/100\n|turn|6\n|\n|t:|1698362619\n|move|p2a: Koraidon|Dragon Claw|p1a: Charizard\n|-damage|p1a: Charizard|20\/100\n|move|p1a: Charizard|Hurricane|p2a: Koraidon|[miss]\n|-miss|p1a: Charizard|p2a: Koraidon\n|\n|-weather|SunnyDay|[upkeep]\n|-heal|p1a: Charizard|26\/100|[from] item: Leftovers\n|-sideend|p2: MeteorAsh15|move: Tailwind\n|upkeep\n|turn|7\n|\n|t:|1698362632\n|move|p2a: Koraidon|Dragon Claw|p1a: Charizard\n|-damage|p1a: Charizard|0 fnt\n|faint|p1a: Charizard\n|\n|-weather|SunnyDay|[upkeep]\n|upkeep\n|\n|t:|1698362645\n|switch|p1a: Groudon|Groudon|100\/100\n|-activate|p1a: Groudon|move: Sticky Web\n|-unboost|p1a: Groudon|spe|1\n|turn|8\n|\n|t:|1698362652\n|move|p2a: Koraidon|Collision Course|p1a: Groudon\n|-damage|p1a: Groudon|48\/100\n|move|p1a: Groudon|Earthquake|p2a: Koraidon\n|-damage|p2a: Koraidon|0 fnt\n|faint|p2a: Koraidon\n|\n|-weather|none\n|-heal|p1a: Groudon|54\/100|[from] item: Leftovers\n|upkeep\n|\n|t:|1698362662\n|switch|p2a: Ninetales|Ninetales-Alola, F|100\/100\n|-weather|Snow|[from] ability: Snow Warning|[of] p2a: Ninetales\n|turn|9\n|\n|t:|1698362674\n|move|p2a: Ninetales|Aurora Veil|p2a: Ninetales\n|-sidestart|p2: MeteorAsh15|move: Aurora Veil\n|move|p1a: Groudon|Iron Head|p2a: Ninetales\n|-supereffective|p2a: Ninetales\n|-damage|p2a: Ninetales|28\/100\n|\n|-weather|Snow|[upkeep]\n|-heal|p1a: Groudon|60\/100|[from] item: Leftovers\n|upkeep\n|turn|10\n|\n|t:|1698362682\n|move|p2a: Ninetales|Freeze-Dry|p1a: Groudon\n|-supereffective|p1a: Groudon\n|-damage|p1a: Groudon|0 fnt\n|faint|p1a: Groudon\n|\n|-weather|Snow|[upkeep]\n|upkeep\n|\n|t:|1698362698\n|switch|p1a: Regieleki|Regieleki|100\/100\n|-activate|p1a: Regieleki|move: Sticky Web\n|-unboost|p1a: Regieleki|spe|1\n|turn|11\n|\n|t:|1698362707\n|move|p1a: Regieleki|Extreme Speed|p2a: Ninetales\n|-damage|p2a: Ninetales|18\/100\n|move|p2a: Ninetales|Freeze-Dry|p1a: Regieleki\n|-damage|p1a: Regieleki|44\/100\n|\n|-weather|Snow|[upkeep]\n|-heal|p1a: Regieleki|50\/100|[from] item: Leftovers\n|upkeep\n|turn|12\n|\n|t:|1698362720\n|move|p2a: Ninetales|Freeze-Dry|p1a: Regieleki\n|-damage|p1a: Regieleki|0 fnt\n|faint|p1a: Regieleki\n|\n|-weather|Snow|[upkeep]\n|upkeep\n|\n|t:|1698362726\n|switch|p1a: Snorlax|Snorlax, F|100\/100\n|-activate|p1a: Snorlax|move: Sticky Web\n|-unboost|p1a: Snorlax|spe|1\n|turn|13\n|\n|t:|1698362734\n|move|p2a: Ninetales|Hypnosis|p1a: Snorlax\n|-status|p1a: Snorlax|slp|[from] move: Hypnosis\n|cant|p1a: Snorlax|slp\n|\n|-weather|none\n|upkeep\n|turn|14\n|\n|t:|1698362742\n|switch|p2a: Baxcalibur|Baxcalibur, F|100\/100\n|-curestatus|p1a: Snorlax|slp|[msg]\n|move|p1a: Snorlax|Crunch|p2a: Baxcalibur\n|-damage|p2a: Baxcalibur|88\/100\n|\n|upkeep\n|turn|15\n|\n|t:|1698362758\n|move|p2a: Baxcalibur|Swords Dance|p2a: Baxcalibur\n|-boost|p2a: Baxcalibur|atk|2\n|move|p1a: Snorlax|Giga Impact|p2a: Baxcalibur\n|-damage|p2a: Baxcalibur|52\/100\n|-mustrecharge|p1a: Snorlax\n|\n|upkeep\n|turn|16\n|\n|t:|1698362765\n|move|p2a: Baxcalibur|Scale Shot|p1a: Snorlax\n|-damage|p1a: Snorlax|72\/100\n|-damage|p1a: Snorlax|47\/100\n|-damage|p1a: Snorlax|22\/100\n|-damage|p1a: Snorlax|0 fnt\n|faint|p1a: Snorlax\n|-hitcount|p1: Snorlax|4\n|-unboost|p2a: Baxcalibur|def|1\n|-boost|p2a: Baxcalibur|spe|1\n|\n|-sideend|p2: MeteorAsh15|move: Aurora Veil\n|upkeep\n|-message|Sag21Eros forfeited.\n|\n|win|MeteorAsh15\n|raw|Sag21Eros's rating: 1098 &rarr; <strong>1083<\/strong><br \/>(-15 for losing)\n|raw|MeteorAsh15's rating: 1246 &rarr; <strong>1261<\/strong><br \/>(+15 for winning)\n|l|\u2606Sag21Eros\n","uploadtime":1698362786,"views":9,"p1id":"sag21eros","p2id":"meteorash15","formatid":"gen9ubers","rating":1083,"private":0,"password":""}