{"id":"gen9ubers-1995022873","p1":"balutalol","p2":"Paulikiky20","format":"[Gen 9] Ubers","log":"|j|\u2606balutalol\n|j|\u2606Paulikiky20\n|t:|1700514358\n|gametype|singles\n|player|p1|balutalol|roxie|\n|player|p2|Paulikiky20|hilda|\n|teamsize|p1|6\n|teamsize|p2|6\n|gen|9\n|tier|[Gen 9] Ubers\n|rule|Sleep Clause Mod: Limit one foe put to sleep\n|rule|Species Clause: Limit one of each Pok\u00e9mon\n|rule|OHKO Clause: OHKO moves are banned\n|rule|Evasion Items Clause: Evasion items are banned\n|rule|Evasion Moves Clause: Evasion moves are banned\n|rule|Endless Battle Clause: Forcing endless battles is banned\n|rule|HP Percentage Mod: HP is shown in percentages\n|clearpoke\n|poke|p1|Iron Valiant|\n|poke|p1|Cinderace, F|\n|poke|p1|Zapdos|\n|poke|p1|Sandslash-Alola, F|\n|poke|p1|Weezing-Galar, M|\n|poke|p1|Slowking, M|\n|poke|p2|Azumarill, F|\n|poke|p2|Luxray, F|\n|poke|p2|Meowscarada, M|\n|poke|p2|Blissey, F|\n|poke|p2|Glimmora, M|\n|poke|p2|Hatterene, F|\n|teampreview\n|c|\u2606balutalol|ola\n|\n|t:|1700514389\n|start\n|switch|p1a: King of Bros|Slowking, M|100\/100\n|switch|p2a: Meowscarada|Meowscarada, M|100\/100\n|turn|1\n|j| Chamuscos\n|j| gosensia\n|c| Chamuscos|Ola\n|\n|t:|1700514402\n|switch|p1a: Gonzalo|Weezing-Galar, M|100\/100\n|-ability|p1a: Gonzalo|Neutralizing Gas\n|move|p2a: Meowscarada|Spikes|p1a: Gonzalo\n|-sidestart|p1: balutalol|Spikes\n|\n|upkeep\n|turn|2\n|c|\u2606balutalol|whaaaat\n|c|\u2606balutalol|cochina\n|\n|t:|1700514416\n|move|p2a: Meowscarada|U-turn|p1a: Gonzalo\n|-resisted|p1a: Gonzalo\n|-damage|p1a: Gonzalo|97\/100\n|-damage|p2a: Meowscarada|84\/100|[from] item: Rocky Helmet|[of] p1a: Gonzalo\n|j| Rubenator_64\n|c| Rubenator_64|ola\n|\n|t:|1700514423\n|switch|p2a: Glimmora|Glimmora, M|100\/100|[from] U-turn\n|move|p1a: Gonzalo|Will-O-Wisp|p2a: Glimmora\n|-status|p2a: Glimmora|brn\n|\n|-damage|p2a: Glimmora|94\/100 brn|[from] brn\n|upkeep\n|turn|3\n|c|\u2606balutalol|ola\n|c|\u2606Paulikiky20|hola\n|c| gosensia|ola\n|c|\u2606balutalol|mierda se bugeuo\n|c|\u2606balutalol|hice otro move\n|\n|t:|1700514441\n|-end|p1a: Gonzalo|ability: Neutralizing Gas\n|switch|p1a: King of Bros|Slowking, M|100\/100\n|move|p2a: Glimmora|Stealth Rock|p1a: King of Bros\n|-sidestart|p1: balutalol|move: Stealth Rock\n|\n|-damage|p2a: Glimmora|88\/100 brn|[from] brn\n|upkeep\n|turn|4\n|c|\u2606balutalol|ya empezamos mal\n|\n|t:|1700514463\n|switch|p2a: Meowscarada|Meowscarada, M|84\/100\n|move|p1a: King of Bros|Scald|p2a: Meowscarada\n|-resisted|p2a: Meowscarada\n|-damage|p2a: Meowscarada|64\/100\n|\n|upkeep\n|turn|5\n|c| gosensia|vamovamo\n|\n|t:|1700514475\n|move|p2a: Meowscarada|Knock Off|p1a: King of Bros\n|-supereffective|p1a: King of Bros\n|-damage|p1a: King of Bros|13\/100\n|-enditem|p1a: King of Bros|Heavy-Duty Boots|[from] move: Knock Off|[of] p2a: Meowscarada\n|move|p1a: King of Bros|Chilly Reception|p1a: King of Bros\n|-weather|Snow\n|\n|t:|1700514485\n|switch|p1a: Gonzalo|Weezing-Galar, M|97\/100|[from] Chilly Reception\n|-ability|p1a: Gonzalo|Neutralizing Gas\n|-damage|p1a: Gonzalo|85\/100|[from] Spikes\n|-damage|p1a: Gonzalo|72\/100|[from] Stealth Rock\n|\n|-weather|Snow|[upkeep]\n|upkeep\n|turn|6\n|c|\u2606balutalol|paula aggggg\n|c| Rubenator_64|que marrana paulicaca con las puas y las rocas\n|\n|t:|1700514510\n|switch|p2a: Hatterene|Hatterene, F|100\/100\n|move|p1a: Gonzalo|Defog|p2a: Hatterene\n|-unboost|p2a: Hatterene|evasion|1\n|-sideend|p1: balutalol|Spikes|[from] move: Defog|[of] p1a: Gonzalo\n|-sideend|p1: balutalol|Stealth Rock|[from] move: Defog|[of] p1a: Gonzalo\n|\n|-weather|Snow|[upkeep]\n|upkeep\n|turn|7\n|\n|t:|1700514529\n|-end|p1a: Gonzalo|ability: Neutralizing Gas\n|switch|p1a: King of Bros|Slowking, M|46\/100\n|move|p2a: Hatterene|Calm Mind|p2a: Hatterene\n|-boost|p2a: Hatterene|spa|1\n|-boost|p2a: Hatterene|spd|1\n|\n|-weather|Snow|[upkeep]\n|upkeep\n|turn|8\n|c| Chamuscos|Baluta descuido\n|\n|t:|1700514539\n|move|p2a: Hatterene|Draining Kiss|p1a: King of Bros\n|-damage|p1a: King of Bros|26\/100\n|move|p1a: King of Bros|Shadow Ball|p2a: Hatterene\n|-supereffective|p2a: Hatterene\n|-damage|p2a: Hatterene|75\/100\n|\n|-weather|Snow|[upkeep]\n|-heal|p2a: Hatterene|81\/100|[from] item: Leftovers\n|upkeep\n|turn|9\n|c|\u2606balutalol|pues si que me he descuidado si\n|c|\u2606balutalol|gg\n|c|\u2606balutalol|xd\n|c| Rubenator_64|pepito descuido\n|c| Rubenator_64|juli descuido\n|c|\u2606Paulikiky20|descuido\n|\n|t:|1700514574\n|switch|p1a: caca|Zapdos|100\/100\n|move|p2a: Hatterene|Calm Mind|p2a: Hatterene\n|-boost|p2a: Hatterene|spa|1\n|-boost|p2a: Hatterene|spd|1\n|\n|-weather|none\n|-heal|p2a: Hatterene|87\/100|[from] item: Leftovers\n|upkeep\n|turn|10\n|\n|t:|1700514586\n|move|p1a: caca|Hurricane|p2a: Hatterene\n|-damage|p2a: Hatterene|61\/100\n|move|p2a: Hatterene|Draining Kiss|p1a: caca\n|-damage|p1a: caca|62\/100\n|-heal|p2a: Hatterene|95\/100|[from] drain|[of] p1a: caca\n|\n|-heal|p1a: caca|68\/100|[from] item: Leftovers\n|-heal|p2a: Hatterene|100\/100|[from] item: Leftovers\n|upkeep\n|turn|11\n|\n|t:|1700514595\n|move|p1a: caca|Hurricane|p2a: Hatterene\n|-damage|p2a: Hatterene|74\/100\n|-start|p2a: Hatterene|confusion\n|-activate|p2a: Hatterene|confusion\n|move|p2a: Hatterene|Psyshock|p1a: caca\n|-damage|p1a: caca|14\/100\n|\n|-heal|p1a: caca|20\/100|[from] item: Leftovers\n|-heal|p2a: Hatterene|80\/100|[from] item: Leftovers\n|upkeep\n|turn|12\n|c|\u2606balutalol|:(\n|\n|t:|1700514608\n|move|p1a: caca|Roost|p1a: caca\n|-heal|p1a: caca|71\/100\n|-singleturn|p1a: caca|move: Roost\n|-activate|p2a: Hatterene|confusion\n|-damage|p2a: Hatterene|74\/100|[from] confusion\n|\n|-heal|p1a: caca|77\/100|[from] item: Leftovers\n|-heal|p2a: Hatterene|80\/100|[from] item: Leftovers\n|upkeep\n|turn|13\n|\n|t:|1700514616\n|switch|p1a: King of Bros|Slowking, M|60\/100\n|-activate|p2a: Hatterene|confusion\n|move|p2a: Hatterene|Mystical Fire|p1a: King of Bros\n|-resisted|p1a: King of Bros\n|-damage|p1a: King of Bros|47\/100\n|-unboost|p1a: King of Bros|spa|1\n|\n|-heal|p2a: Hatterene|86\/100|[from] item: Leftovers\n|upkeep\n|turn|14\n|\n|t:|1700514625\n|-activate|p2a: Hatterene|confusion\n|move|p2a: Hatterene|Draining Kiss|p1a: King of Bros\n|-damage|p1a: King of Bros|21\/100\n|-heal|p2a: Hatterene|100\/100|[from] drain|[of] p1a: King of Bros\n|move|p1a: King of Bros|Chilly Reception|p1a: King of Bros\n|-weather|Snow\n|\n|t:|1700514627\n|switch|p1a: xokas|Sandslash-Alola, F|100\/100|[from] Chilly Reception\n|\n|-weather|Snow|[upkeep]\n|upkeep\n|turn|15\n|c|\u2606balutalol|xokas\n|c|\u2606balutalol|hazlo\n|\n|t:|1700514646\n|-terastallize|p1a: xokas|Fairy\n|move|p1a: xokas|Swords Dance|p1a: xokas\n|-boost|p1a: xokas|atk|2\n|-end|p2a: Hatterene|confusion\n|move|p2a: Hatterene|Mystical Fire|p1a: xokas\n|-damage|p1a: xokas|37\/100\n|-unboost|p1a: xokas|spa|1\n|\n|-weather|Snow|[upkeep]\n|upkeep\n|turn|16\n|c|\u2606Paulikiky20|el que\u00e7\n|c| Chamuscos|El chochas\n|c| Rubenator_64|ojo\n|c|\u2606balutalol|hazlo\n|\n|t:|1700514661\n|move|p1a: xokas|Iron Head|p2a: Hatterene\n|-supereffective|p2a: Hatterene\n|-damage|p2a: Hatterene|0 fnt\n|faint|p2a: Hatterene\n|-damage|p1a: xokas|27\/100|[from] item: Life Orb\n|\n|-weather|Snow|[upkeep]\n|upkeep\n|c|\u2606balutalol|xokas\n|c|\u2606balutalol|hazlo\n|c|\u2606balutalol|siuuu\n|c|\u2606balutalol|asdjdashjdkas\n|c|\u2606Paulikiky20|ay baluta\n|c|\u2606balutalol|buff menos mal\n|c| Rubenator_64|os jode que mi manera de matar hatterennes sea jodidamente inalcanzable\n|c|\u2606Paulikiky20|las kills las cuentas tu?\n|c|\u2606balutalol|si tranqui\n|c|\u2606Paulikiky20|vale\n|c|\u2606balutalol|lode las kills yo me emto en la replay despues y ya no te preocupes por contarlas\n|\n|t:|1700514708\n|switch|p2a: caneleira|Azumarill, F|100\/100\n|turn|17\n|j| Great_eon\n|\n|t:|1700514721\n|switch|p1a: Gonzalo|Weezing-Galar, M|72\/100\n|-ability|p1a: Gonzalo|Neutralizing Gas\n|move|p2a: caneleira|Aqua Jet|p1a: Gonzalo\n|-damage|p1a: Gonzalo|64\/100\n|-damage|p2a: caneleira|84\/100|[from] item: Rocky Helmet|[of] p1a: Gonzalo\n|\n|-weather|Snow|[upkeep]\n|upkeep\n|turn|18\n|c| Great_eon|XD\n|\n|t:|1700514741\n|switch|p2a: Blissey|Blissey, F|100\/100\n|move|p1a: Gonzalo|Will-O-Wisp|p2a: Blissey\n|-status|p2a: Blissey|brn\n|\n|-weather|none\n|-damage|p2a: Blissey|94\/100 brn|[from] brn\n|upkeep\n|turn|19\n|\n|t:|1700514758\n|move|p1a: Gonzalo|Strange Steam|p2a: Blissey\n|-damage|p2a: Blissey|86\/100 brn\n|move|p2a: Blissey|Stealth Rock|p1a: Gonzalo\n|-sidestart|p1: balutalol|move: Stealth Rock\n|\n|-damage|p2a: Blissey|80\/100 brn|[from] brn\n|upkeep\n|turn|20\n|\n|t:|1700514766\n|move|p1a: Gonzalo|Defog|p2a: Blissey\n|-unboost|p2a: Blissey|evasion|1\n|-sideend|p1: balutalol|Stealth Rock|[from] move: Defog|[of] p1a: Gonzalo\n|move|p2a: Blissey|Seismic Toss|p1a: Gonzalo\n|-damage|p1a: Gonzalo|34\/100\n|-damage|p2a: Blissey|63\/100 brn|[from] item: Rocky Helmet|[of] p1a: Gonzalo\n|\n|-damage|p2a: Blissey|57\/100 brn|[from] brn\n|upkeep\n|turn|21\n|\n|t:|1700514776\n|-end|p1a: Gonzalo|ability: Neutralizing Gas\n|switch|p1a: D(Absol)|Iron Valiant, shiny|100\/100\n|-enditem|p1a: D(Absol)|Booster Energy\n|-activate|p1a: D(Absol)|ability: Quark Drive|[fromitem]\n|-start|p1a: D(Absol)|quarkdrivespe\n|move|p2a: Blissey|Seismic Toss|p1a: D(Absol)\n|-damage|p1a: D(Absol)|66\/100\n|\n|-damage|p2a: Blissey|51\/100 brn|[from] brn\n|upkeep\n|turn|22\n|\n|t:|1700514789\n|move|p1a: D(Absol)|Spirit Break|p2a: Blissey\n|-damage|p2a: Blissey|8\/100 brn\n|-unboost|p2a: Blissey|spa|1\n|move|p2a: Blissey|Soft-Boiled|p2a: Blissey\n|-heal|p2a: Blissey|58\/100 brn\n|\n|-damage|p2a: Blissey|52\/100 brn|[from] brn\n|upkeep\n|turn|23\n|\n|t:|1700514798\n|move|p1a: D(Absol)|Close Combat|p2a: Blissey\n|-supereffective|p2a: Blissey\n|-damage|p2a: Blissey|0 fnt\n|-unboost|p1a: D(Absol)|def|1\n|-unboost|p1a: D(Absol)|spd|1\n|faint|p2a: Blissey\n|\n|upkeep\n|\n|t:|1700514807\n|switch|p2a: caneleira|Azumarill, F|84\/100\n|turn|24\n|\n|t:|1700514821\n|-end|p1a: D(Absol)|Quark Drive|[silent]\n|switch|p1a: caca|Zapdos|77\/100\n|move|p2a: caneleira|Aqua Jet|p1a: caca\n|-damage|p1a: caca|58\/100\n|\n|-heal|p1a: caca|64\/100|[from] item: Leftovers\n|upkeep\n|turn|25\n|c| Great_eon|Baluta se debe de haber quedado a gusto\n|c| Rubenator_64|quien es baluta\n|c| Rubenator_64|es absol wasap\n|\n|t:|1700514837\n|switch|p2a: Glimmora|Glimmora, M|88\/100 brn\n|move|p1a: caca|Hurricane|p2a: Glimmora\n|-resisted|p2a: Glimmora\n|-damage|p2a: Glimmora|57\/100 brn\n|\n|-heal|p1a: caca|70\/100|[from] item: Leftovers\n|-damage|p2a: Glimmora|51\/100 brn|[from] brn\n|upkeep\n|turn|26\n|l| Great_eon\n|\n|t:|1700514853\n|move|p2a: Glimmora|Power Gem|p1a: caca\n|-supereffective|p1a: caca\n|-damage|p1a: caca|0 fnt\n|faint|p1a: caca\n|\n|-damage|p2a: Glimmora|44\/100 brn|[from] brn\n|upkeep\n|c|\u2606balutalol|a mierda me la he jugado\n|j| Great_eon\n|c| Rubenator_64|f\n|c|\u2606Paulikiky20|no me veo muy bien\n|l| Chamuscos\n|c| Rubenator_64|esta re\u00f1ido\n|c|\u2606Paulikiky20|no se no se\n|j| Chamuscos\n|c| Rubenator_64|tiene muchos tocados el baluta\n|\n|t:|1700514919\n|switch|p1a: Morata|Cinderace, F|100\/100\n|turn|27\n|c|\u2606balutalol|morata ta ta ta\n|c|\u2606balutalol|ta tata tatatatata\n|c| Chamuscos|Ojo Morata\n|\n|t:|1700514933\n|move|p1a: Morata|Swords Dance|p1a: Morata\n|-start|p1a: Morata|typechange|Normal|[from] ability: Libero\n|-boost|p1a: Morata|atk|2\n|move|p2a: Glimmora|Earth Power|p1a: Morata\n|-damage|p1a: Morata|57\/100\n|\n|-damage|p2a: Glimmora|38\/100 brn|[from] brn\n|upkeep\n|turn|28\n|c| Rubenator_64|ta ta ta\n|\n|t:|1700514944\n|move|p1a: Morata|High Jump Kick|p2a: Glimmora\n|-damage|p2a: Glimmora|0 fnt\n|-activate|p2a: Glimmora|ability: Toxic Debris\n|-sidestart|p1: balutalol|move: Toxic Spikes\n|faint|p2a: Glimmora\n|\n|upkeep\n|c| Rubenator_64|fuera de juego\n|c|\u2606balutalol|ta ta ta\n|\n|t:|1700514961\n|switch|p2a: Meowscarada|Meowscarada, M|64\/100\n|turn|29\n|c| Chamuscos|ta ta ta\n|\n|t:|1700514994\n|move|p1a: Morata|Quick Attack|p2a: Meowscarada\n|-damage|p2a: Meowscarada|0 fnt\n|faint|p2a: Meowscarada\n|\n|upkeep\n|c|\u2606balutalol|D\n|c|\u2606balutalol|X\n|c| Chamuscos|Adi\u00f3s\n|c| Chamuscos|Quick atack\n|c| Rubenator_64|ataque rapido gg\n|\n|t:|1700515011\n|switch|p2a: caneleira|Azumarill, F|84\/100\n|turn|30\n|\n|t:|1700515019\n|move|p1a: Morata|Double-Edge|p2a: caneleira\n|-damage|p2a: caneleira|0 fnt\n|faint|p2a: caneleira\n|-damage|p1a: Morata|25\/100|[from] Recoil\n|\n|upkeep\n|c| Rubenator_64|dios\n|c| Chamuscos|Pero bueno\n|\n|t:|1700515026\n|switch|p2a: Luxray|Luxray, F|100\/100\n|turn|31\n|c| Rubenator_64|morata en su prime\n|\n|t:|1700515032\n|move|p2a: Luxray|Protect|p2a: Luxray\n|-singleturn|p2a: Luxray|Protect\n|move|p1a: Morata|Double-Edge|p2a: Luxray\n|-activate|p2a: Luxray|move: Protect\n|\n|-status|p2a: Luxray|brn|[from] item: Flame Orb\n|upkeep\n|turn|32\n|\n|t:|1700515047\n|-terastallize|p2a: Luxray|Normal\n|move|p1a: Morata|Double-Edge|p2a: Luxray\n|-damage|p2a: Luxray|0 fnt\n|faint|p2a: Luxray\n|-damage|p1a: Morata|0 fnt|[from] Recoil\n|faint|p1a: Morata\n|\n|win|balutalol\n|c|\u2606balutalol|gg\n|c| Rubenator_64|gg\n|c| Chamuscos|gg\n|c|\u2606balutalol|noiooo\n|c|\u2606balutalol|noooo\n|c|\u2606balutalol|noooo\n|c|\u2606balutalol|morataaaa\n|c| Rubenator_64|4-0 jiji\n|c| Chamuscos|NOOOOOOO\n|c|\u2606Paulikiky20|no podia hace otrs cosa\n|c| gosensia|gg\n|c| Great_eon|Gg\n|c| gosensia|morata loco\n|c|\u2606balutalol|ala paula\n|c|\u2606Paulikiky20|gg\n|c|\u2606balutalol|gg\n|c|\u2606Paulikiky20|esa baja me la quedo?\n|c|\u2606balutalol|claro\n|c|\u2606balutalol|para caneleira es\n|c| Chamuscos|Morata fuera de juego\n|l| Great_eon\n","uploadtime":1700515080,"views":14,"p1id":"balutalol","p2id":"paulikiky20","formatid":"gen9ubers","rating":0,"private":0,"password":""}