{"id":"gen9ubers-1999127941","p1":"Anne Frankkkk","p2":"chamander123","format":"[Gen 9] Ubers","log":"|j|\u2606Anne Frankkkk\n|j|\u2606chamander123\n|t:|1701036146\n|gametype|singles\n|player|p1|Anne Frankkkk|hilbert|1199\n|player|p2|chamander123|102|1128\n|teamsize|p1|6\n|teamsize|p2|6\n|gen|9\n|tier|[Gen 9] Ubers\n|rated|\n|rule|Sleep Clause Mod: Limit one foe put to sleep\n|rule|Species Clause: Limit one of each Pok\u00e9mon\n|rule|OHKO Clause: OHKO moves are banned\n|rule|Evasion Items Clause: Evasion items are banned\n|rule|Evasion Moves Clause: Evasion moves are banned\n|rule|Endless Battle Clause: Forcing endless battles is banned\n|rule|HP Percentage Mod: HP is shown in percentages\n|clearpoke\n|poke|p1|Regieleki|\n|poke|p1|Kyogre|\n|poke|p1|Chien-Pao|\n|poke|p1|Ribombee, F|\n|poke|p1|Miraidon|\n|poke|p1|Flutter Mane|\n|poke|p2|Walking Wake|\n|poke|p2|Regieleki|\n|poke|p2|Great Tusk|\n|poke|p2|Ceruledge, F|\n|poke|p2|Groudon|\n|poke|p2|Darkrai|\n|teampreview\n|inactive|Battle timer is ON: inactive players will automatically lose when time's up. (requested by Anne Frankkkk)\n|\n|t:|1701036156\n|start\n|switch|p1a: Moonblast|Ribombee, F, shiny|100\/100\n|switch|p2a: Darkrai|Darkrai, shiny|100\/100\n|turn|1\n|\n|t:|1701036165\n|move|p2a: Darkrai|Hypnosis|p1a: Moonblast\n|-status|p1a: Moonblast|slp|[from] move: Hypnosis\n|cant|p1a: Moonblast|slp\n|\n|-damage|p1a: Moonblast|88\/100 slp|[from] ability: Bad Dreams|[of] p2a: Darkrai\n|upkeep\n|turn|2\n|\n|t:|1701036173\n|switch|p1a: Cyber Lizard|Miraidon|100\/100\n|-fieldstart|move: Electric Terrain|[from] ability: Hadron Engine|[of] p1a: Cyber Lizard\n|-item|p1a: Cyber Lizard|Air Balloon\n|move|p2a: Darkrai|Nasty Plot|p2a: Darkrai\n|-boost|p2a: Darkrai|spa|2\n|\n|upkeep\n|turn|3\n|\n|t:|1701036187\n|-terastallize|p2a: Darkrai|Fairy\n|move|p2a: Darkrai|Dark Pulse|p1a: Cyber Lizard\n|-damage|p1a: Cyber Lizard|19\/100\n|-enditem|p1a: Cyber Lizard|Air Balloon\n|move|p1a: Cyber Lizard|Electro Drift|p2a: Darkrai\n|-damage|p2a: Darkrai|0 fnt\n|faint|p2a: Darkrai\n|\n|upkeep\n|\n|t:|1701036200\n|switch|p2a: Regieleki|Regieleki, shiny|100\/100\n|turn|4\n|\n|t:|1701036204\n|move|p2a: Regieleki|Thunder Cage|p1a: Cyber Lizard\n|-resisted|p1a: Cyber Lizard\n|-damage|p1a: Cyber Lizard|7\/100\n|-activate|p1a: Cyber Lizard|move: Thunder Cage|[of] p2a: Regieleki\n|move|p1a: Cyber Lizard|Dragon Pulse|p2a: Regieleki\n|-damage|p2a: Regieleki|0 fnt\n|faint|p2a: Regieleki\n|\n|-end|p1a: Cyber Lizard|Thunder Cage|[partiallytrapped]|[silent]\n|upkeep\n|\n|t:|1701036217\n|switch|p2a: Ceruledge|Ceruledge, F|100\/100\n|turn|5\n|\n|t:|1701036222\n|move|p2a: Ceruledge|Shadow Sneak|p1a: Cyber Lizard\n|-damage|p1a: Cyber Lizard|0 fnt\n|faint|p1a: Cyber Lizard\n|\n|upkeep\n|\n|t:|1701036224\n|switch|p1a: Moonblast|Ribombee, F, shiny|88\/100 slp\n|turn|6\n|\n|t:|1701036230\n|cant|p1a: Moonblast|slp\n|move|p2a: Ceruledge|Bulk Up|p2a: Ceruledge\n|-boost|p2a: Ceruledge|atk|1\n|-boost|p2a: Ceruledge|def|1\n|\n|-fieldend|move: Electric Terrain\n|upkeep\n|turn|7\n|\n|t:|1701036238\n|-curestatus|p1a: Moonblast|slp|[msg]\n|move|p1a: Moonblast|Sticky Web|p2a: Ceruledge\n|-sidestart|p2: chamander123|move: Sticky Web\n|move|p2a: Ceruledge|Bitter Blade|p1a: Moonblast\n|-supereffective|p1a: Moonblast\n|-damage|p1a: Moonblast|0 fnt\n|faint|p1a: Moonblast\n|\n|upkeep\n|\n|t:|1701036247\n|switch|p1a: Bzzzzt|Regieleki, shiny|100\/100\n|turn|8\n|\n|t:|1701036253\n|move|p1a: Bzzzzt|Thunder Cage|p2a: Ceruledge\n|-damage|p2a: Ceruledge|34\/100\n|-activate|p2a: Ceruledge|move: Thunder Cage|[of] p1a: Bzzzzt\n|move|p2a: Ceruledge|Bitter Blade|p1a: Bzzzzt\n|-damage|p1a: Bzzzzt|0 fnt\n|-heal|p2a: Ceruledge|86\/100|[from] drain|[of] p1a: Bzzzzt\n|faint|p1a: Bzzzzt\n|\n|-heal|p2a: Ceruledge|92\/100|[from] item: Leftovers\n|-end|p2a: Ceruledge|Thunder Cage|[partiallytrapped]|[silent]\n|upkeep\n|\n|t:|1701036264\n|switch|p1a: OHKO|Kyogre|100\/100\n|-weather|RainDance|[from] ability: Drizzle|[of] p1a: OHKO\n|turn|9\n|\n|t:|1701036270\n|move|p2a: Ceruledge|Shadow Sneak|p1a: OHKO\n|-damage|p1a: OHKO|65\/100\n|move|p1a: OHKO|Water Spout|p2a: Ceruledge\n|-supereffective|p2a: Ceruledge\n|-damage|p2a: Ceruledge|0 fnt\n|faint|p2a: Ceruledge\n|\n|-weather|RainDance|[upkeep]\n|upkeep\n|\n|t:|1701036286\n|switch|p2a: Groudon|Groudon|100\/100\n|-activate|p2a: Groudon|move: Sticky Web\n|-unboost|p2a: Groudon|spe|1\n|-weather|SunnyDay|[from] ability: Drought|[of] p2a: Groudon\n|turn|10\n|\n|t:|1701036295\n|move|p1a: OHKO|Water Spout|p2a: Groudon\n|-supereffective|p2a: Groudon\n|-damage|p2a: Groudon|27\/100\n|move|p2a: Groudon|Precipice Blades|p1a: OHKO|[miss]\n|-miss|p2a: Groudon|p1a: OHKO\n|\n|-weather|SunnyDay|[upkeep]\n|-heal|p2a: Groudon|33\/100|[from] item: Leftovers\n|upkeep\n|turn|11\n|\n|t:|1701036309\n|move|p1a: OHKO|Water Spout|p2a: Groudon\n|-supereffective|p2a: Groudon\n|-damage|p2a: Groudon|0 fnt\n|faint|p2a: Groudon\n|\n|-weather|SunnyDay|[upkeep]\n|upkeep\n|\n|t:|1701036317\n|switch|p2a: Walking Wake|Walking Wake|100\/100\n|-activate|p2a: Walking Wake|move: Sticky Web\n|-unboost|p2a: Walking Wake|spe|1\n|-activate|p2a: Walking Wake|ability: Protosynthesis\n|-start|p2a: Walking Wake|protosynthesisspa\n|turn|12\n|\n|t:|1701036326\n|move|p1a: OHKO|Water Spout|p2a: Walking Wake\n|-resisted|p2a: Walking Wake\n|-damage|p2a: Walking Wake|88\/100\n|move|p2a: Walking Wake|Substitute|p2a: Walking Wake\n|-start|p2a: Walking Wake|Substitute\n|-damage|p2a: Walking Wake|63\/100\n|\n|-weather|SunnyDay|[upkeep]\n|upkeep\n|turn|13\n|\n|t:|1701036343\n|move|p1a: OHKO|Water Spout|p2a: Walking Wake\n|-resisted|p2a: Walking Wake\n|-activate|p2a: Walking Wake|move: Substitute|[damage]\n|move|p2a: Walking Wake|Flamethrower|p1a: OHKO\n|-resisted|p1a: OHKO\n|-damage|p1a: OHKO|43\/100\n|\n|-weather|SunnyDay|[upkeep]\n|upkeep\n|turn|14\n|\n|t:|1701036353\n|move|p1a: OHKO|Water Spout|p2a: Walking Wake\n|-resisted|p2a: Walking Wake\n|-activate|p2a: Walking Wake|move: Substitute|[damage]\n|move|p2a: Walking Wake|Flamethrower|p1a: OHKO\n|-resisted|p1a: OHKO\n|-damage|p1a: OHKO|22\/100\n|-status|p1a: OHKO|brn\n|\n|-weather|none\n|-end|p2a: Walking Wake|Protosynthesis\n|-damage|p1a: OHKO|16\/100 brn|[from] brn\n|upkeep\n|turn|15\n|\n|t:|1701036366\n|move|p1a: OHKO|Water Spout|p2a: Walking Wake\n|-resisted|p2a: Walking Wake\n|-end|p2a: Walking Wake|Substitute\n|move|p2a: Walking Wake|Flamethrower|p1a: OHKO\n|-resisted|p1a: OHKO\n|-damage|p1a: OHKO|4\/100 brn\n|\n|-damage|p1a: OHKO|0 fnt|[from] brn\n|faint|p1a: OHKO\n|upkeep\n|\n|t:|1701036369\n|switch|p1a: Misdreavius|Flutter Mane, shiny|100\/100\n|-enditem|p1a: Misdreavius|Booster Energy\n|-activate|p1a: Misdreavius|ability: Protosynthesis|[fromitem]\n|-start|p1a: Misdreavius|protosynthesisspe\n|turn|16\n|\n|t:|1701036383\n|move|p1a: Misdreavius|Moonblast|p2a: Walking Wake\n|-supereffective|p2a: Walking Wake\n|-damage|p2a: Walking Wake|0 fnt\n|faint|p2a: Walking Wake\n|-end|p2a: Walking Wake|Protosynthesis|[silent]\n|\n|upkeep\n|\n|t:|1701036390\n|switch|p2a: Great Tusk|Great Tusk|100\/100\n|-activate|p2a: Great Tusk|move: Sticky Web\n|-unboost|p2a: Great Tusk|spe|1\n|turn|17\n|\n|t:|1701036397\n|move|p1a: Misdreavius|Moonblast|p2a: Great Tusk\n|-supereffective|p2a: Great Tusk\n|-damage|p2a: Great Tusk|0 fnt\n|faint|p2a: Great Tusk\n|-end|p2a: Great Tusk|Protosynthesis|[silent]\n|\n|win|Anne Frankkkk\n|raw|Anne Frankkkk's rating: 1199 &rarr; <strong>1219<\/strong><br \/>(+20 for winning)\n|raw|chamander123's rating: 1128 &rarr; <strong>1108<\/strong><br \/>(-20 for losing)\n","uploadtime":1701036404,"views":2,"p1id":"annefrankkkk","p2id":"chamander123","formatid":"gen9ubers","rating":1108,"private":0,"password":""}