{"id":"gen9ubers-1975453324","p1":"aDestructive","p2":"Amungusaurio","format":"[Gen 9] Ubers","log":"|j|\u2606aDestructive\n|j|\u2606Amungusaurio\n|t:|1698192969\n|gametype|singles\n|player|p1|aDestructive|170|1120\n|player|p2|Amungusaurio|roxie|1072\n|teamsize|p1|6\n|teamsize|p2|6\n|gen|9\n|tier|[Gen 9] Ubers\n|rated|\n|rule|Sleep Clause Mod: Limit one foe put to sleep\n|rule|Species Clause: Limit one of each Pok\u00e9mon\n|rule|OHKO Clause: OHKO moves are banned\n|rule|Evasion Items Clause: Evasion items are banned\n|rule|Evasion Moves Clause: Evasion moves are banned\n|rule|Endless Battle Clause: Forcing endless battles is banned\n|rule|HP Percentage Mod: HP is shown in percentages\n|clearpoke\n|poke|p1|Ribombee, M|\n|poke|p1|Koraidon|\n|poke|p1|Iron Moth|\n|poke|p1|Annihilape, F|\n|poke|p1|Landorus, M|\n|poke|p1|Brute Bonnet|\n|poke|p2|Ursaluna-Bloodmoon, M|\n|poke|p2|Dragapult, M|\n|poke|p2|Ambipom, F|\n|poke|p2|Meowscarada, F|\n|poke|p2|Sandslash-Alola, F|\n|poke|p2|Toxicroak, M|\n|teampreview\n|\n|t:|1698192980\n|start\n|switch|p1a: Koraidon|Koraidon|100\/100\n|switch|p2a: Ambipom|Ambipom, F, shiny|100\/100\n|-weather|SunnyDay|[from] ability: Orichalcum Pulse|[of] p1a: Koraidon\n|-activate|p1a: Koraidon|Orichalcum Pulse|[source]\n|turn|1\n|\n|t:|1698192986\n|move|p2a: Ambipom|Fake Out|p1a: Koraidon\n|-damage|p1a: Koraidon|77\/100\n|cant|p1a: Koraidon|flinch\n|\n|-weather|SunnyDay|[upkeep]\n|upkeep\n|turn|2\n|\n|t:|1698192994\n|-terastallize|p2a: Ambipom|Flying\n|move|p1a: Koraidon|Collision Course|p2a: Ambipom\n|-resisted|p2a: Ambipom\n|-damage|p2a: Ambipom|52\/100\n|move|p2a: Ambipom|Acrobatics|p1a: Koraidon\n|-supereffective|p1a: Koraidon\n|-damage|p1a: Koraidon|14\/100\n|-enditem|p1a: Koraidon|Weakness Policy\n|-boost|p1a: Koraidon|atk|2|[from] item: Weakness Policy\n|-boost|p1a: Koraidon|spa|2|[from] item: Weakness Policy\n|\n|-weather|SunnyDay|[upkeep]\n|upkeep\n|turn|3\n|\n|t:|1698193008\n|move|p1a: Koraidon|Draco Meteor|p2a: Ambipom|[miss]\n|-miss|p1a: Koraidon|p2a: Ambipom\n|move|p2a: Ambipom|Double Hit|p1a: Koraidon\n|-damage|p1a: Koraidon|0 fnt\n|faint|p1a: Koraidon\n|-hitcount|p1: Koraidon|1\n|\n|-weather|SunnyDay|[upkeep]\n|upkeep\n|\n|t:|1698193032\n|switch|p1a: Ribombee|Ribombee, M|100\/100\n|turn|4\n|\n|t:|1698193040\n|move|p1a: Ribombee|Sticky Web|p2a: Ambipom\n|-sidestart|p2: Amungusaurio|move: Sticky Web\n|move|p2a: Ambipom|Acrobatics|p1a: Ribombee\n|-supereffective|p1a: Ribombee\n|-enditem|p1a: Ribombee|Focus Sash\n|-damage|p1a: Ribombee|1\/100\n|\n|-weather|SunnyDay|[upkeep]\n|upkeep\n|turn|5\n|\n|t:|1698193052\n|move|p1a: Ribombee|Moonblast|p2a: Ambipom\n|-damage|p2a: Ambipom|0 fnt\n|faint|p2a: Ambipom\n|\n|-weather|none\n|upkeep\n|\n|t:|1698193061\n|switch|p2a: Sandslash|Sandslash-Alola, F, shiny|100\/100\n|-activate|p2a: Sandslash|move: Sticky Web\n|-unboost|p2a: Sandslash|spe|1\n|turn|6\n|\n|t:|1698193092\n|switch|p1a: Iron Moth|Iron Moth|100\/100\n|-item|p1a: Iron Moth|Air Balloon\n|move|p2a: Sandslash|Ice Shard|p1a: Iron Moth\n|-resisted|p1a: Iron Moth\n|-damage|p1a: Iron Moth|85\/100\n|-enditem|p1a: Iron Moth|Air Balloon\n|\n|upkeep\n|turn|7\n|inactive|Battle timer is ON: inactive players will automatically lose when time's up. (requested by aDestructive)\n|inactive|Amungusaurio has 120 seconds left.\n|\n|t:|1698193214\n|move|p1a: Iron Moth|Substitute|p1a: Iron Moth\n|-start|p1a: Iron Moth|Substitute\n|-damage|p1a: Iron Moth|60\/100\n|move|p2a: Sandslash|Earthquake|p1a: Iron Moth\n|-supereffective|p1a: Iron Moth\n|-end|p1a: Iron Moth|Substitute\n|\n|upkeep\n|turn|8\n|\n|t:|1698193231\n|move|p1a: Iron Moth|Fiery Dance|p2a: Sandslash\n|-supereffective|p2a: Sandslash\n|-damage|p2a: Sandslash|0 fnt\n|-boost|p1a: Iron Moth|spa|1\n|faint|p2a: Sandslash\n|\n|upkeep\n|\n|t:|1698193244\n|switch|p2a: Ursaluna|Ursaluna-Bloodmoon, M|100\/100\n|-activate|p2a: Ursaluna|move: Sticky Web\n|-unboost|p2a: Ursaluna|spe|1\n|turn|9\n|\n|t:|1698193258\n|move|p1a: Iron Moth|Fiery Dance|p2a: Ursaluna\n|-damage|p2a: Ursaluna|27\/100\n|-boost|p1a: Iron Moth|spa|1\n|move|p2a: Ursaluna|Earth Power|p1a: Iron Moth\n|-supereffective|p1a: Iron Moth\n|-damage|p1a: Iron Moth|0 fnt\n|faint|p1a: Iron Moth\n|-end|p1a: Iron Moth|Quark Drive|[silent]\n|\n|-heal|p2a: Ursaluna|33\/100|[from] item: Leftovers\n|upkeep\n|\n|t:|1698193265\n|switch|p1a: Brute Bonnet|Brute Bonnet|100\/100\n|turn|10\n|\n|t:|1698193272\n|move|p1a: Brute Bonnet|Energy Ball|p2a: Ursaluna\n|-supereffective|p2a: Ursaluna\n|-damage|p2a: Ursaluna|0 fnt\n|faint|p2a: Ursaluna\n|\n|upkeep\n|\n|t:|1698193281\n|switch|p2a: Toxicroak|Toxicroak, M|100\/100\n|-activate|p2a: Toxicroak|move: Sticky Web\n|-unboost|p2a: Toxicroak|spe|1\n|turn|11\n|\n|t:|1698193287\n|-end|p1a: Brute Bonnet|Protosynthesis|[silent]\n|switch|p1a: Ribombee|Ribombee, M|1\/100\n|move|p2a: Toxicroak|Close Combat|p1a: Ribombee\n|-resisted|p1a: Ribombee\n|-damage|p1a: Ribombee|0 fnt\n|-unboost|p2a: Toxicroak|def|1\n|-unboost|p2a: Toxicroak|spd|1\n|faint|p1a: Ribombee\n|\n|upkeep\n|\n|t:|1698193293\n|switch|p1a: Landorus|Landorus, M|100\/100\n|turn|12\n|\n|t:|1698193300\n|switch|p2a: Meowscarada|Meowscarada, F, shiny|100\/100\n|-activate|p2a: Meowscarada|move: Sticky Web\n|-unboost|p2a: Meowscarada|spe|1\n|move|p1a: Landorus|Earth Power|p2a: Meowscarada\n|-resisted|p2a: Meowscarada\n|-damage|p2a: Meowscarada|59\/100\n|\n|upkeep\n|turn|13\n|\n|t:|1698193309\n|move|p1a: Landorus|Earth Power|p2a: Meowscarada\n|-resisted|p2a: Meowscarada\n|-damage|p2a: Meowscarada|17\/100\n|move|p2a: Meowscarada|Flower Trick|p1a: Landorus\n|-start|p2a: Meowscarada|typechange|Grass|[from] ability: Protean\n|-crit|p1a: Landorus\n|-damage|p1a: Landorus|42\/100\n|\n|upkeep\n|turn|14\n|\n|t:|1698193321\n|move|p1a: Landorus|Earth Power|p2a: Meowscarada\n|-resisted|p2a: Meowscarada\n|-crit|p2a: Meowscarada\n|-damage|p2a: Meowscarada|0 fnt\n|faint|p2a: Meowscarada\n|\n|upkeep\n|\n|t:|1698193327\n|switch|p2a: Dragapult|Dragapult, M, shiny|100\/100\n|-activate|p2a: Dragapult|move: Sticky Web\n|-unboost|p2a: Dragapult|spe|1\n|turn|15\n|\n|t:|1698193332\n|move|p1a: Landorus|Earth Power|p2a: Dragapult\n|-damage|p2a: Dragapult|29\/100\n|move|p2a: Dragapult|Shadow Ball|p1a: Landorus\n|-crit|p1a: Landorus\n|-damage|p1a: Landorus|0 fnt\n|faint|p1a: Landorus\n|\n|upkeep\n|\n|t:|1698193335\n|switch|p1a: Annihilape|Annihilape, F, shiny|100\/100\n|turn|16\n|\n|t:|1698193345\n|move|p1a: Annihilape|Rage Fist|p2a: Dragapult\n|-supereffective|p2a: Dragapult\n|-damage|p2a: Dragapult|0 fnt\n|faint|p2a: Dragapult\n|\n|upkeep\n|\n|t:|1698193348\n|switch|p2a: Toxicroak|Toxicroak, M|100\/100\n|-activate|p2a: Toxicroak|move: Sticky Web\n|-unboost|p2a: Toxicroak|spe|1\n|turn|17\n|\n|t:|1698193354\n|move|p1a: Annihilape|Rage Fist|p2a: Toxicroak\n|-crit|p2a: Toxicroak\n|-damage|p2a: Toxicroak|40\/100\n|move|p2a: Toxicroak|Gunk Shot|p1a: Annihilape\n|-resisted|p1a: Annihilape\n|-damage|p1a: Annihilape|53\/100\n|\n|upkeep\n|turn|18\n|\n|t:|1698193360\n|move|p1a: Annihilape|Rage Fist|p2a: Toxicroak\n|-damage|p2a: Toxicroak|0 fnt\n|faint|p2a: Toxicroak\n|\n|win|aDestructive\n|raw|aDestructive's rating: 1120 &rarr; <strong>1142<\/strong><br \/>(+22 for winning)\n|raw|Amungusaurio's rating: 1072 &rarr; <strong>1054<\/strong><br \/>(-18 for losing)\n|l|\u2606Amungusaurio\n|c|\u2606aDestructive|ggs\n","uploadtime":1698193369,"views":11,"p1id":"adestructive","p2id":"amungusaurio","formatid":"gen9ubers","rating":1054,"private":0,"password":""}