{"id":"gen9ubers-1988713358","p1":"KAka341130P","p2":"Chicgijc","format":"[Gen 9] Ubers","log":"|j|\u2606KAka341130P\n|j|\u2606Chicgijc\n|t:|1699753832\n|gametype|singles\n|player|p1|KAka341130P|102|1085\n|player|p2|Chicgijc|101|1000\n|teamsize|p1|6\n|teamsize|p2|6\n|gen|9\n|tier|[Gen 9] Ubers\n|rated|\n|rule|Sleep Clause Mod: Limit one foe put to sleep\n|rule|Species Clause: Limit one of each Pok\u00e9mon\n|rule|OHKO Clause: OHKO moves are banned\n|rule|Evasion Items Clause: Evasion items are banned\n|rule|Evasion Moves Clause: Evasion moves are banned\n|rule|Endless Battle Clause: Forcing endless battles is banned\n|rule|HP Percentage Mod: HP is shown in percentages\n|clearpoke\n|poke|p1|Gholdengo|\n|poke|p1|Urshifu-*, F|\n|poke|p1|Grimmsnarl, M|\n|poke|p1|Annihilape, M|\n|poke|p1|Kingambit, M|\n|poke|p1|Corviknight, M|\n|poke|p2|Magcargo, F|\n|poke|p2|Mienshao, M|\n|poke|p2|Golem-Alola, M|\n|poke|p2|Flapple, F|\n|poke|p2|Furret, M|\n|poke|p2|Crabominable, M|\n|teampreview\n|\n|t:|1699753838\n|start\n|switch|p1a: Annihilape|Annihilape, M|100\/100\n|switch|p2a: Mienshao|Mienshao, M|100\/100\n|turn|1\n|\n|t:|1699753845\n|move|p2a: Mienshao|Swords Dance|p2a: Mienshao\n|-boost|p2a: Mienshao|atk|2\n|move|p1a: Annihilape|Stealth Rock|p2a: Mienshao\n|-sidestart|p2: Chicgijc|move: Stealth Rock\n|\n|upkeep\n|turn|2\n|inactive|Battle timer is ON: inactive players will automatically lose when time's up. (requested by KAka341130P)\n|\n|t:|1699753850\n|move|p2a: Mienshao|Knock Off|p1a: Annihilape\n|-damage|p1a: Annihilape|38\/100\n|-enditem|p1a: Annihilape|Focus Sash|[from] move: Knock Off|[of] p2a: Mienshao\n|move|p1a: Annihilape|Final Gambit|p2a: Mienshao\n|-damage|p2a: Mienshao|42\/100\n|faint|p1a: Annihilape\n|\n|upkeep\n|\n|t:|1699753859\n|switch|p1a: Urshifu|Urshifu, F|100\/100\n|turn|3\n|\n|t:|1699753866\n|move|p2a: Mienshao|High Jump Kick|p1a: Urshifu\n|-supereffective|p1a: Urshifu\n|-damage|p1a: Urshifu|0 fnt\n|faint|p1a: Urshifu\n|\n|upkeep\n|\n|t:|1699753869\n|switch|p1a: Gholdengo|Gholdengo|100\/100\n|turn|4\n|\n|t:|1699753874\n|move|p2a: Mienshao|Knock Off|p1a: Gholdengo\n|-supereffective|p1a: Gholdengo\n|-damage|p1a: Gholdengo|0 fnt\n|-enditem|p1a: Gholdengo|Choice Specs|[from] move: Knock Off|[of] p2a: Mienshao\n|faint|p1a: Gholdengo\n|\n|upkeep\n|\n|t:|1699753878\n|switch|p1a: Corviknight|Corviknight, M|100\/100\n|turn|5\n|\n|t:|1699753883\n|move|p2a: Mienshao|High Jump Kick|p1a: Corviknight\n|-damage|p1a: Corviknight|11\/100\n|-damage|p2a: Mienshao|25\/100|[from] item: Rocky Helmet|[of] p1a: Corviknight\n|move|p1a: Corviknight|Steel Wing|p2a: Mienshao\n|-damage|p2a: Mienshao|0 fnt\n|faint|p2a: Mienshao\n|\n|upkeep\n|\n|t:|1699753894\n|switch|p2a: Furret|Furret, M|100\/100\n|-damage|p2a: Furret|88\/100|[from] Stealth Rock\n|-item|p1a: Corviknight|Rocky Helmet|[from] ability: Frisk|[of] p2a: Furret|[identify]\n|turn|6\n|\n|t:|1699753900\n|move|p2a: Furret|Tidy Up|p2a: Furret\n|-sideend|p2: Chicgijc|Stealth Rock\n|-activate|p2a: Furret|move: Tidy Up\n|-boost|p2a: Furret|atk|1\n|-boost|p2a: Furret|spe|1\n|move|p1a: Corviknight|Body Press|p2a: Furret\n|-supereffective|p2a: Furret\n|-damage|p2a: Furret|12\/100\n|\n|-status|p2a: Furret|tox|[from] item: Toxic Orb\n|upkeep\n|turn|7\n|\n|t:|1699753913\n|move|p2a: Furret|Knock Off|p1a: Corviknight\n|-crit|p1a: Corviknight\n|-damage|p1a: Corviknight|0 fnt\n|-damage|p2a: Furret|0 fnt|[from] item: Rocky Helmet|[of] p1a: Corviknight\n|faint|p1a: Corviknight\n|faint|p2a: Furret\n|\n|upkeep\n|\n|t:|1699753925\n|switch|p2a: Magcargo|Magcargo, F|100\/100\n|switch|p1a: Grimmsnarl|Grimmsnarl, M, shiny|100\/100\n|turn|8\n|\n|t:|1699753933\n|move|p1a: Grimmsnarl|Reflect|p1a: Grimmsnarl\n|-sidestart|p1: KAka341130P|Reflect\n|move|p2a: Magcargo|Shell Smash|p2a: Magcargo\n|-unboost|p2a: Magcargo|def|1\n|-unboost|p2a: Magcargo|spd|1\n|-boost|p2a: Magcargo|atk|2\n|-boost|p2a: Magcargo|spa|2\n|-boost|p2a: Magcargo|spe|2\n|-enditem|p2a: Magcargo|White Herb\n|-clearnegativeboost|p2a: Magcargo|[silent]\n|\n|upkeep\n|turn|9\n|\n|t:|1699753949\n|move|p1a: Grimmsnarl|Thunder Wave|p2a: Magcargo\n|-status|p2a: Magcargo|par\n|move|p2a: Magcargo|Fire Blast|p1a: Grimmsnarl\n|-damage|p1a: Grimmsnarl|8\/100\n|-status|p1a: Grimmsnarl|brn\n|\n|-damage|p1a: Grimmsnarl|2\/100 brn|[from] brn\n|upkeep\n|turn|10\n|\n|t:|1699753963\n|move|p1a: Grimmsnarl|Light Screen|p1a: Grimmsnarl\n|-sidestart|p1: KAka341130P|move: Light Screen\n|move|p2a: Magcargo|Shell Smash|p2a: Magcargo\n|-unboost|p2a: Magcargo|def|1\n|-unboost|p2a: Magcargo|spd|1\n|-boost|p2a: Magcargo|atk|2\n|-boost|p2a: Magcargo|spa|2\n|-boost|p2a: Magcargo|spe|2\n|\n|-damage|p1a: Grimmsnarl|0 fnt|[from] brn\n|faint|p1a: Grimmsnarl\n|upkeep\n|\n|t:|1699753966\n|switch|p1a: Kingambit|Kingambit, M|100\/100\n|-activate|p1a: Kingambit|ability: Supreme Overlord\n|-start|p1a: Kingambit|fallen5|[silent]\n|turn|11\n|\n|t:|1699753979\n|-terastallize|p1a: Kingambit|Flying\n|move|p2a: Magcargo|Fire Blast|p1a: Kingambit\n|-damage|p1a: Kingambit|39\/100\n|move|p1a: Kingambit|Swords Dance|p1a: Kingambit\n|-boost|p1a: Kingambit|atk|2\n|\n|upkeep\n|turn|12\n|\n|t:|1699753989\n|move|p1a: Kingambit|Sucker Punch|p2a: Magcargo\n|-damage|p2a: Magcargo|0 fnt\n|faint|p2a: Magcargo\n|\n|upkeep\n|\n|t:|1699754008\n|switch|p2a: Golem|Golem-Alola, M|100\/100\n|turn|13\n|\n|t:|1699754017\n|-terastallize|p2a: Golem|Fighting\n|move|p1a: Kingambit|Sucker Punch||[still]\n|-fail|p1a: Kingambit\n|move|p2a: Golem|Iron Defense|p2a: Golem\n|-boost|p2a: Golem|def|2\n|\n|upkeep\n|turn|14\n|\n|t:|1699754025\n|move|p1a: Kingambit|Swords Dance|p1a: Kingambit\n|-boost|p1a: Kingambit|atk|2\n|move|p2a: Golem|Thunder Wave|p1a: Kingambit|[miss]\n|-miss|p2a: Golem|p1a: Kingambit\n|\n|upkeep\n|turn|15\n|\n|t:|1699754039\n|move|p1a: Kingambit|Kowtow Cleave|p2a: Golem\n|-resisted|p2a: Golem\n|-damage|p2a: Golem|54\/100\n|move|p2a: Golem|Thunder Wave|p1a: Kingambit|[miss]\n|-miss|p2a: Golem|p1a: Kingambit\n|\n|-heal|p2a: Golem|60\/100|[from] item: Leftovers\n|-sideend|p1: KAka341130P|Reflect\n|upkeep\n|turn|16\n|\n|t:|1699754048\n|move|p1a: Kingambit|Kowtow Cleave|p2a: Golem\n|-resisted|p2a: Golem\n|-damage|p2a: Golem|12\/100\n|move|p2a: Golem|Substitute|p2a: Golem\n|-fail|p2a: Golem|move: Substitute|[weak]\n|\n|-heal|p2a: Golem|18\/100|[from] item: Leftovers\n|upkeep\n|turn|17\n|\n|t:|1699754058\n|move|p1a: Kingambit|Kowtow Cleave|p2a: Golem\n|-resisted|p2a: Golem\n|-damage|p2a: Golem|0 fnt\n|faint|p2a: Golem\n|\n|-sideend|p1: KAka341130P|move: Light Screen\n|upkeep\n|\n|t:|1699754064\n|switch|p2a: Flapple|Flapple, F|100\/100\n|turn|18\n|\n|t:|1699754081\n|move|p1a: Kingambit|Sucker Punch||[still]\n|-fail|p1a: Kingambit\n|move|p2a: Flapple|Dragon Dance|p2a: Flapple\n|-boost|p2a: Flapple|atk|1\n|-boost|p2a: Flapple|spe|1\n|\n|upkeep\n|turn|19\n|\n|t:|1699754089\n|move|p1a: Kingambit|Sucker Punch|p2a: Flapple\n|-enditem|p2a: Flapple|Focus Sash\n|-damage|p2a: Flapple|1\/100\n|move|p2a: Flapple|Grav Apple|p1a: Kingambit\n|-resisted|p1a: Kingambit\n|-damage|p1a: Kingambit|11\/100\n|-unboost|p1a: Kingambit|def|1\n|\n|upkeep\n|turn|20\n|\n|t:|1699754100\n|move|p1a: Kingambit|Sucker Punch||[still]\n|-fail|p1a: Kingambit\n|move|p2a: Flapple|Dragon Dance|p2a: Flapple\n|-boost|p2a: Flapple|atk|1\n|-boost|p2a: Flapple|spe|1\n|\n|upkeep\n|turn|21\n|\n|t:|1699754106\n|move|p1a: Kingambit|Sucker Punch||[still]\n|-fail|p1a: Kingambit\n|move|p2a: Flapple|Dragon Dance|p2a: Flapple\n|-boost|p2a: Flapple|atk|1\n|-boost|p2a: Flapple|spe|1\n|\n|upkeep\n|turn|22\n|\n|t:|1699754113\n|move|p2a: Flapple|Trailblaze|p1a: Kingambit\n|-resisted|p1a: Kingambit\n|-damage|p1a: Kingambit|0 fnt\n|-boost|p2a: Flapple|spe|1\n|faint|p1a: Kingambit\n|-end|p1a: Kingambit|fallen5|[silent]\n|\n|win|Chicgijc\n|raw|KAka341130P's rating: 1043 &rarr; <strong>1025<\/strong><br \/>(-18 for losing)\n|raw|Chicgijc's rating: 1000 &rarr; <strong>1045<\/strong><br \/>(+45 for winning)\n","uploadtime":1699754128,"views":16,"p1id":"kaka341130p","p2id":"chicgijc","formatid":"gen9ubers","rating":1025,"private":0,"password":""}