{"id":"gen9ubers-1977906650","p1":"Kabunger","p2":"CrackLordGBLN","format":"[Gen 9] Ubers","log":"|j|\u2606Kabunger\n|j|\u2606CrackLordGBLN\n|t:|1698464604\n|gametype|singles\n|player|p1|Kabunger|hilda-wonderlauncher|\n|player|p2|CrackLordGBLN|ghetsis|\n|teamsize|p1|6\n|teamsize|p2|6\n|gen|9\n|tier|[Gen 9] Ubers\n|rule|Sleep Clause Mod: Limit one foe put to sleep\n|rule|Species Clause: Limit one of each Pok\u00e9mon\n|rule|OHKO Clause: OHKO moves are banned\n|rule|Evasion Items Clause: Evasion items are banned\n|rule|Evasion Moves Clause: Evasion moves are banned\n|rule|Endless Battle Clause: Forcing endless battles is banned\n|rule|HP Percentage Mod: HP is shown in percentages\n|clearpoke\n|poke|p1|Sneasler, F|\n|poke|p1|Zacian-*|\n|poke|p1|Magearna|\n|poke|p1|Gliscor, M|\n|poke|p1|Ogerpon-Wellspring, F|\n|poke|p1|Giratina|\n|poke|p2|Zacian-*|\n|poke|p2|Torkoal, F|\n|poke|p2|Walking Wake|\n|poke|p2|Chi-Yu|\n|poke|p2|Roaring Moon|\n|poke|p2|Arceus-Grass|\n|teampreview\n|\n|t:|1698464618\n|start\n|switch|p1a: Ogerpon|Ogerpon-Wellspring, F|100\/100\n|switch|p2a: Manhattan Project|Torkoal, F|100\/100\n|-weather|SunnyDay|[from] ability: Drought|[of] p2a: Manhattan Project\n|turn|1\n|inactive|Battle timer is ON: inactive players will automatically lose when time's up. (requested by Kabunger)\n|\n|t:|1698464638\n|move|p1a: Ogerpon|Taunt|p2a: Manhattan Project\n|-start|p2a: Manhattan Project|move: Taunt\n|cant|p2a: Manhattan Project|move: Taunt|Yawn\n|\n|-weather|SunnyDay|[upkeep]\n|upkeep\n|turn|2\n|\n|t:|1698464659\n|switch|p2a: Roaring mid|Roaring Moon|100\/100\n|-activate|p2a: Roaring mid|ability: Protosynthesis\n|-start|p2a: Roaring mid|protosynthesisatk\n|move|p1a: Ogerpon|Spikes|p2a: Roaring mid\n|-sidestart|p2: CrackLordGBLN|Spikes\n|\n|-weather|SunnyDay|[upkeep]\n|upkeep\n|turn|3\n|\n|t:|1698464668\n|switch|p1a: Tax Evasion|Sneasler, F|100\/100\n|move|p2a: Roaring mid|Dragon Dance|p2a: Roaring mid\n|-boost|p2a: Roaring mid|atk|1\n|-boost|p2a: Roaring mid|spe|1\n|\n|-weather|SunnyDay|[upkeep]\n|upkeep\n|turn|4\n|\n|t:|1698464685\n|move|p1a: Tax Evasion|Endure|p1a: Tax Evasion\n|-singleturn|p1a: Tax Evasion|move: Endure\n|move|p2a: Roaring mid|Iron Head|p1a: Tax Evasion\n|-damage|p1a: Tax Evasion|7\/100\n|-enditem|p1a: Tax Evasion|Liechi Berry|[eat]\n|-boost|p1a: Tax Evasion|atk|1|[from] item: Liechi Berry\n|\n|-weather|SunnyDay|[upkeep]\n|upkeep\n|turn|5\n|inactive|CrackLordGBLN has 270 seconds left.\n|\n|t:|1698464716\n|-end|p2a: Roaring mid|Protosynthesis|[silent]\n|switch|p2a: Manhattan Project|Torkoal, F|100\/100\n|-damage|p2a: Manhattan Project|88\/100|[from] Spikes\n|-terastallize|p1a: Tax Evasion|Fighting\n|move|p1a: Tax Evasion|Reversal|p2a: Manhattan Project\n|-damage|p2a: Manhattan Project|0 fnt\n|faint|p2a: Manhattan Project\n|\n|-weather|SunnyDay|[upkeep]\n|upkeep\n|\n|t:|1698464737\n|switch|p2a: Funny mustache man|Zacian|100\/100\n|-damage|p2a: Funny mustache man|88\/100|[from] Spikes\n|-ability|p2a: Funny mustache man|Intrepid Sword|boost\n|-boost|p2a: Funny mustache man|atk|1\n|turn|6\n|\n|t:|1698464747\n|move|p1a: Tax Evasion|Endure|p1a: Tax Evasion\n|-singleturn|p1a: Tax Evasion|move: Endure\n|move|p2a: Funny mustache man|Close Combat|p1a: Tax Evasion\n|-activate|p1a: Tax Evasion|move: Endure\n|-damage|p1a: Tax Evasion|1\/100\n|-unboost|p2a: Funny mustache man|def|1\n|-unboost|p2a: Funny mustache man|spd|1\n|\n|-weather|SunnyDay|[upkeep]\n|upkeep\n|turn|7\n|\n|t:|1698464759\n|move|p1a: Tax Evasion|Reversal|p2a: Funny mustache man\n|-resisted|p2a: Funny mustache man\n|-damage|p2a: Funny mustache man|0 fnt\n|faint|p2a: Funny mustache man\n|\n|-weather|SunnyDay|[upkeep]\n|upkeep\n|\n|t:|1698464771\n|switch|p2a: Nagasaki|Chi-Yu|100\/100\n|-damage|p2a: Nagasaki|88\/100|[from] Spikes\n|-ability|p2a: Nagasaki|Beads of Ruin\n|turn|8\n|\n|t:|1698464779\n|-terastallize|p2a: Nagasaki|Fire\n|move|p1a: Tax Evasion|Reversal|p2a: Nagasaki\n|-damage|p2a: Nagasaki|0 fnt\n|faint|p2a: Nagasaki\n|\n|-weather|none\n|upkeep\n|\n|t:|1698464787\n|switch|p2a: Arceus|Arceus-Grass|100\/100\n|-damage|p2a: Arceus|88\/100|[from] Spikes\n|turn|9\n|\n|t:|1698464792\n|move|p1a: Tax Evasion|Reversal|p2a: Arceus\n|-damage|p2a: Arceus|0 fnt\n|faint|p2a: Arceus\n|\n|upkeep\n|\n|t:|1698464797\n|switch|p2a: Hiroshima|Walking Wake|100\/100\n|-damage|p2a: Hiroshima|88\/100|[from] Spikes\n|turn|10\n|\n|t:|1698464802\n|move|p1a: Tax Evasion|Reversal|p2a: Hiroshima\n|-damage|p2a: Hiroshima|0 fnt\n|faint|p2a: Hiroshima\n|-end|p2a: Hiroshima|Protosynthesis|[silent]\n|\n|upkeep\n|\n|t:|1698464807\n|switch|p2a: Roaring mid|Roaring Moon|100\/100\n|-damage|p2a: Roaring mid|88\/100|[from] Spikes\n|-enditem|p2a: Roaring mid|Booster Energy\n|-activate|p2a: Roaring mid|ability: Protosynthesis|[fromitem]\n|-start|p2a: Roaring mid|protosynthesisatk\n|turn|11\n|\n|t:|1698464813\n|move|p1a: Tax Evasion|Reversal|p2a: Roaring mid\n|-supereffective|p2a: Roaring mid\n|-damage|p2a: Roaring mid|0 fnt\n|faint|p2a: Roaring mid\n|-end|p2a: Roaring mid|Protosynthesis|[silent]\n|\n|win|Kabunger\n|l|\u2606CrackLordGBLN\n","uploadtime":1698464816,"views":35,"p1id":"kabunger","p2id":"cracklordgbln","formatid":"gen9ubers","rating":0,"private":0,"password":""}