{"id":"gen9ubers-1991577573","p1":"SKorpi0n","p2":"squanga","format":"[Gen 9] Ubers","log":"|j|\u2606SKorpi0n\n|j|\u2606squanga\n|t:|1700090279\n|gametype|singles\n|player|p1|SKorpi0n|1|\n|player|p2|squanga|265|\n|teamsize|p1|6\n|teamsize|p2|6\n|gen|9\n|tier|[Gen 9] Ubers\n|rule|Sleep Clause Mod: Limit one foe put to sleep\n|rule|Species Clause: Limit one of each Pok\u00e9mon\n|rule|OHKO Clause: OHKO moves are banned\n|rule|Evasion Items Clause: Evasion items are banned\n|rule|Evasion Moves Clause: Evasion moves are banned\n|rule|Endless Battle Clause: Forcing endless battles is banned\n|rule|HP Percentage Mod: HP is shown in percentages\n|clearpoke\n|poke|p1|Vaporeon, M|\n|poke|p1|Pelipper, F|\n|poke|p1|Gyarados, F|\n|poke|p1|Raichu, F|\n|poke|p1|Meowscarada, M|\n|poke|p1|Annihilape, M|\n|poke|p2|Garchomp, F|\n|poke|p2|Toxapex, F|\n|poke|p2|Zacian-*|\n|poke|p2|Regieleki|\n|poke|p2|Giratina-Origin|\n|poke|p2|Urshifu-*, M|\n|teampreview\n|inactive|Battle timer is ON: inactive players will automatically lose when time's up. (requested by SKorpi0n)\n|\n|t:|1700090293\n|start\n|switch|p1a: Vaporeon|Vaporeon, M|100\/100\n|switch|p2a: Garchomp|Garchomp, F|100\/100\n|turn|1\n|\n|t:|1700090303\n|switch|p2a: Regieleki|Regieleki|100\/100\n|-terastallize|p1a: Vaporeon|Grass\n|move|p1a: Vaporeon|Icy Wind|p2a: Regieleki\n|-damage|p2a: Regieleki|66\/100\n|-unboost|p2a: Regieleki|spe|1\n|\n|upkeep\n|turn|2\n|\n|t:|1700090326\n|switch|p1a: Gyarados|Gyarados, F|100\/100\n|-ability|p1a: Gyarados|Intimidate|boost\n|-unboost|p2a: Regieleki|atk|1\n|move|p2a: Regieleki|Thunder Cage|p1a: Gyarados\n|-supereffective|p1a: Gyarados\n|-damage|p1a: Gyarados|0 fnt\n|faint|p1a: Gyarados\n|-heal|p2a: Regieleki|79\/100|[from] item: Shell Bell|[of] p1: Gyarados\n|\n|upkeep\n|inactive|SKorpi0n has 270 seconds left.\n|\n|t:|1700090346\n|switch|p1a: Raichu|Raichu, F|100\/100\n|turn|3\n|inactive|squanga has 270 seconds left.\n|\n|t:|1700090395\n|switch|p2a: Garchomp|Garchomp, F|100\/100\n|move|p1a: Raichu|Fake Out|p2a: Garchomp\n|-damage|p2a: Garchomp|93\/100\n|\n|upkeep\n|turn|4\n|\n|t:|1700090410\n|switch|p1a: Vaporeon|Vaporeon, M, tera:Grass|100\/100\n|move|p2a: Garchomp|Earth Power|p1a: Vaporeon\n|-resisted|p1a: Vaporeon\n|-damage|p1a: Vaporeon|92\/100\n|\n|upkeep\n|turn|5\n|\n|t:|1700090435\n|switch|p2a: Regieleki|Regieleki|79\/100\n|move|p1a: Vaporeon|Acid Armor|p1a: Vaporeon\n|-boost|p1a: Vaporeon|def|2\n|\n|upkeep\n|turn|6\n|inactive|SKorpi0n has 270 seconds left.\n|\n|t:|1700090460\n|move|p2a: Regieleki|Acrobatics|p1a: Vaporeon\n|-supereffective|p1a: Vaporeon\n|-damage|p1a: Vaporeon|78\/100\n|-heal|p2a: Regieleki|82\/100|[from] item: Shell Bell|[of] p1a: Vaporeon\n|move|p1a: Vaporeon|Rest|p1a: Vaporeon\n|-status|p1a: Vaporeon|slp|[from] move: Rest\n|-heal|p1a: Vaporeon|100\/100 slp|[silent]\n|\n|upkeep\n|turn|7\n|inactive|squanga has 240 seconds left.\n|inactive|SKorpi0n has 240 seconds left.\n|\n|t:|1700090504\n|move|p2a: Regieleki|Acrobatics|p1a: Vaporeon\n|-supereffective|p1a: Vaporeon\n|-damage|p1a: Vaporeon|87\/100 slp\n|-heal|p2a: Regieleki|84\/100|[from] item: Shell Bell|[of] p1a: Vaporeon\n|cant|p1a: Vaporeon|slp\n|\n|upkeep\n|turn|8\n|inactive|squanga has 240 seconds left.\n|\n|t:|1700090528\n|switch|p2a: Toxapex|Toxapex, F|100\/100\n|switch|p1a: Pelipper|Pelipper, F|100\/100\n|-weather|RainDance|[from] ability: Drizzle|[of] p1a: Pelipper\n|\n|-weather|RainDance|[upkeep]\n|upkeep\n|turn|9\n|inactive|SKorpi0n has 240 seconds left.\n|\n|t:|1700090543\n|switch|p1a: Raichu|Raichu, F|100\/100\n|move|p2a: Toxapex|Ice Spinner|p1a: Raichu\n|-damage|p1a: Raichu|62\/100\n|\n|-weather|RainDance|[upkeep]\n|upkeep\n|turn|10\n|\n|t:|1700090557\n|switch|p2a: Garchomp|Garchomp, F|93\/100\n|move|p1a: Raichu|Thunder|p2a: Garchomp\n|-immune|p2a: Garchomp\n|\n|-weather|RainDance|[upkeep]\n|upkeep\n|turn|11\n|inactive|SKorpi0n has 240 seconds left.\n|\n|t:|1700090567\n|switch|p1a: Vaporeon|Vaporeon, M, tera:Grass|87\/100 slp\n|move|p2a: Garchomp|Fire Blast|p1a: Vaporeon\n|-supereffective|p1a: Vaporeon\n|-damage|p1a: Vaporeon|73\/100 slp\n|\n|-weather|RainDance|[upkeep]\n|-activate|p1a: Vaporeon|ability: Hydration\n|-curestatus|p1a: Vaporeon|slp|[msg]\n|upkeep\n|turn|12\n|inactive|squanga has 240 seconds left.\n|inactive|squanga has 210 seconds left.\n|\n|t:|1700090607\n|switch|p2a: Toxapex|Toxapex, F|100\/100\n|move|p1a: Vaporeon|Icy Wind|p2a: Toxapex\n|-resisted|p2a: Toxapex\n|-damage|p2a: Toxapex|94\/100\n|-unboost|p2a: Toxapex|spe|1\n|\n|-weather|RainDance|[upkeep]\n|-heal|p2a: Toxapex|99\/100|[from] item: Leftovers\n|upkeep\n|turn|13\n|inactive|squanga has 210 seconds left.\n|inactive|SKorpi0n has 240 seconds left.\n|\n|t:|1700090624\n|switch|p1a: Raichu|Raichu, F|62\/100\n|move|p2a: Toxapex|Ice Spinner|p1a: Raichu\n|-damage|p1a: Raichu|22\/100\n|\n|-weather|RainDance|[upkeep]\n|-heal|p2a: Toxapex|100\/100|[from] item: Leftovers\n|upkeep\n|turn|14\n|inactive|squanga has 210 seconds left.\n|\n|t:|1700090635\n|move|p1a: Raichu|Thunder|p2a: Toxapex\n|-supereffective|p2a: Toxapex\n|-crit|p2a: Toxapex\n|-damage|p2a: Toxapex|0 fnt\n|faint|p2a: Toxapex\n|\n|-weather|RainDance|[upkeep]\n|upkeep\n|inactive|squanga has 210 seconds left.\n|\n|t:|1700090644\n|switch|p2a: Garchomp|Garchomp, F|93\/100\n|turn|15\n|\n|t:|1700090653\n|move|p1a: Raichu|Volt Switch|p2a: Garchomp\n|-immune|p2a: Garchomp\n|move|p2a: Garchomp|Fire Blast|p1a: Raichu\n|-damage|p1a: Raichu|5\/100\n|\n|-weather|none\n|upkeep\n|turn|16\n|\n|t:|1700090661\n|move|p1a: Raichu|Protect|p1a: Raichu\n|-singleturn|p1a: Raichu|Protect\n|move|p2a: Garchomp|Dragon Claw|p1a: Raichu\n|-activate|p1a: Raichu|move: Protect\n|\n|upkeep\n|turn|17\n|inactive|SKorpi0n has 270 seconds left.\n|\n|t:|1700090678\n|switch|p1a: Vaporeon|Vaporeon, M, tera:Grass|73\/100\n|switch|p2a: Urshifu|Urshifu, M|100\/100\n|\n|upkeep\n|turn|18\n|\n|t:|1700090690\n|switch|p1a: Annihilape|Annihilape, M|100\/100\n|move|p2a: Urshifu|Focus Blast|p1a: Annihilape\n|-immune|p1a: Annihilape\n|\n|upkeep\n|turn|19\n|inactive|squanga has 210 seconds left.\n|inactive|squanga has 180 seconds left.\n|\n|t:|1700090744\n|move|p1a: Annihilape|Close Combat|p2a: Urshifu\n|-supereffective|p2a: Urshifu\n|-damage|p2a: Urshifu|1\/100\n|-unboost|p1a: Annihilape|def|1\n|-unboost|p1a: Annihilape|spd|1\n|move|p2a: Urshifu|Wicked Blow|p1a: Annihilape\n|-crit|p1a: Annihilape\n|-damage|p1a: Annihilape|18\/100\n|\n|upkeep\n|turn|20\n|inactive|SKorpi0n has 270 seconds left.\n|inactive|squanga has 180 seconds left.\n|\n|t:|1700090762\n|switch|p2a: Garchomp|Garchomp, F|93\/100\n|move|p1a: Annihilape|Close Combat|p2a: Garchomp\n|-damage|p2a: Garchomp|44\/100\n|-unboost|p1a: Annihilape|def|1\n|-unboost|p1a: Annihilape|spd|1\n|\n|upkeep\n|turn|21\n|inactive|squanga has 180 seconds left.\n|\n|t:|1700090773\n|move|p1a: Annihilape|Close Combat|p2a: Garchomp\n|-damage|p2a: Garchomp|0 fnt\n|-unboost|p1a: Annihilape|def|1\n|-unboost|p1a: Annihilape|spd|1\n|faint|p2a: Garchomp\n|\n|upkeep\n|\n|t:|1700090784\n|switch|p2a: Giratina|Giratina-Origin|100\/100\n|turn|22\n|\n|t:|1700090796\n|switch|p1a: Meowscarada|Meowscarada, M|100\/100\n|move|p2a: Giratina|Shadow Claw|p1a: Meowscarada\n|-resisted|p1a: Meowscarada\n|-damage|p1a: Meowscarada|67\/100\n|\n|upkeep\n|turn|23\n|\n|t:|1700090826\n|move|p1a: Meowscarada|Knock Off|p2a: Giratina\n|-start|p1a: Meowscarada|typechange|Dark|[from] ability: Protean\n|-supereffective|p2a: Giratina\n|-damage|p2a: Giratina|36\/100\n|move|p2a: Giratina|Draco Meteor|p1a: Meowscarada\n|-damage|p1a: Meowscarada|0 fnt\n|-unboost|p2a: Giratina|spa|2\n|faint|p1a: Meowscarada\n|\n|upkeep\n|\n|t:|1700090838\n|switch|p1a: Raichu|Raichu, F|5\/100\n|turn|24\n|\n|t:|1700090846\n|move|p1a: Raichu|Thunder|p2a: Giratina\n|-resisted|p2a: Giratina\n|-damage|p2a: Giratina|22\/100\n|move|p2a: Giratina|Dragon Claw|p1a: Raichu\n|-damage|p1a: Raichu|0 fnt\n|faint|p1a: Raichu\n|\n|upkeep\n|\n|t:|1700090855\n|switch|p1a: Pelipper|Pelipper, F|100\/100\n|-weather|RainDance|[from] ability: Drizzle|[of] p1a: Pelipper\n|turn|25\n|\n|t:|1700090861\n|move|p1a: Pelipper|Hurricane|p2a: Giratina\n|-damage|p2a: Giratina|0 fnt\n|faint|p2a: Giratina\n|\n|-weather|RainDance|[upkeep]\n|upkeep\n|inactive|squanga has 180 seconds left.\n|\n|t:|1700090866\n|switch|p2a: Regieleki|Regieleki|84\/100\n|turn|26\n|inactive|squanga has 180 seconds left.\n|\n|t:|1700090884\n|move|p2a: Regieleki|Thunder|p1a: Pelipper\n|-supereffective|p1a: Pelipper\n|-damage|p1a: Pelipper|0 fnt\n|faint|p1a: Pelipper\n|-heal|p2a: Regieleki|95\/100|[from] item: Shell Bell|[of] p1: Pelipper\n|\n|-weather|RainDance|[upkeep]\n|upkeep\n|\n|t:|1700090892\n|switch|p1a: Annihilape|Annihilape, M|18\/100\n|turn|27\n|\n|t:|1700090895\n|move|p2a: Regieleki|Thunder|p1a: Annihilape\n|-damage|p1a: Annihilape|0 fnt\n|faint|p1a: Annihilape\n|-heal|p2a: Regieleki|98\/100|[from] item: Shell Bell|[of] p1: Annihilape\n|\n|-weather|RainDance|[upkeep]\n|upkeep\n|\n|t:|1700090901\n|switch|p1a: Vaporeon|Vaporeon, M, tera:Grass|73\/100\n|turn|28\n|\n|t:|1700090909\n|move|p2a: Regieleki|Acrobatics|p1a: Vaporeon\n|-supereffective|p1a: Vaporeon\n|-damage|p1a: Vaporeon|46\/100\n|-heal|p2a: Regieleki|100\/100|[from] item: Shell Bell|[of] p1a: Vaporeon\n|move|p1a: Vaporeon|Rest|p1a: Vaporeon\n|-status|p1a: Vaporeon|slp|[from] move: Rest\n|-heal|p1a: Vaporeon|100\/100 slp|[silent]\n|\n|-weather|RainDance|[upkeep]\n|-activate|p1a: Vaporeon|ability: Hydration\n|-curestatus|p1a: Vaporeon|slp|[msg]\n|upkeep\n|turn|29\n|inactive|squanga has 210 seconds left.\n|\n|t:|1700090939\n|switch|p2a: Zacian|Zacian-Crowned|100\/100\n|-ability|p2a: Zacian|Intrepid Sword|boost\n|-boost|p2a: Zacian|atk|1\n|move|p1a: Vaporeon|Acid Armor|p1a: Vaporeon\n|-boost|p1a: Vaporeon|def|2\n|\n|-weather|RainDance|[upkeep]\n|upkeep\n|turn|30\n|\n|t:|1700090958\n|move|p2a: Zacian|Focus Blast|p1a: Vaporeon\n|-damage|p1a: Vaporeon|85\/100\n|move|p1a: Vaporeon|Chilling Water|p2a: Zacian\n|-damage|p2a: Zacian|66\/100\n|-unboost|p2a: Zacian|atk|1\n|\n|-weather|RainDance|[upkeep]\n|upkeep\n|turn|31\n|inactive|SKorpi0n has 270 seconds left.\n|\n|t:|1700091008\n|move|p2a: Zacian|Behemoth Blade|p1a: Vaporeon\n|-damage|p1a: Vaporeon|52\/100\n|move|p1a: Vaporeon|Icy Wind|p2a: Zacian\n|-resisted|p2a: Zacian\n|-damage|p2a: Zacian|58\/100\n|-unboost|p2a: Zacian|spe|1\n|\n|-weather|RainDance|[upkeep]\n|upkeep\n|turn|32\n|inactive|squanga has 180 seconds left.\n|\n|t:|1700091029\n|move|p2a: Zacian|Moonblast|p1a: Vaporeon\n|-damage|p1a: Vaporeon|31\/100\n|move|p1a: Vaporeon|Rest|p1a: Vaporeon\n|-status|p1a: Vaporeon|slp|[from] move: Rest\n|-heal|p1a: Vaporeon|100\/100 slp|[silent]\n|\n|-weather|none\n|upkeep\n|turn|33\n|inactive|squanga has 180 seconds left.\n|\n|t:|1700091041\n|switch|p2a: Urshifu|Urshifu, M|1\/100\n|cant|p1a: Vaporeon|slp\n|\n|upkeep\n|turn|34\n|inactive|squanga has 180 seconds left.\n|\n|t:|1700091048\n|move|p2a: Urshifu|Drain Punch|p1a: Vaporeon\n|-damage|p1a: Vaporeon|75\/100 slp\n|-heal|p2a: Urshifu|19\/100|[from] drain|[of] p1a: Vaporeon\n|cant|p1a: Vaporeon|slp\n|\n|upkeep\n|turn|35\n|inactive|SKorpi0n has 270 seconds left.\n|\n|t:|1700091056\n|move|p2a: Urshifu|Drain Punch|p1a: Vaporeon\n|-damage|p1a: Vaporeon|51\/100 slp\n|-heal|p2a: Urshifu|35\/100|[from] drain|[of] p1a: Vaporeon\n|-curestatus|p1a: Vaporeon|slp|[msg]\n|move|p1a: Vaporeon|Chilling Water|p2a: Urshifu\n|-damage|p2a: Urshifu|0 fnt\n|faint|p2a: Urshifu\n|\n|upkeep\n|inactive|squanga has 180 seconds left.\n|\n|t:|1700091068\n|switch|p2a: Regieleki|Regieleki|100\/100\n|turn|36\n|\n|t:|1700091076\n|move|p2a: Regieleki|Thunder Wave|p1a: Vaporeon\n|-status|p1a: Vaporeon|par\n|move|p1a: Vaporeon|Rest|p1a: Vaporeon\n|-status|p1a: Vaporeon|slp|[from] move: Rest\n|-heal|p1a: Vaporeon|100\/100 slp|[silent]\n|\n|upkeep\n|turn|37\n|\n|t:|1700091085\n|move|p2a: Regieleki|Acrobatics|p1a: Vaporeon\n|-supereffective|p1a: Vaporeon\n|-damage|p1a: Vaporeon|87\/100 slp\n|cant|p1a: Vaporeon|slp\n|\n|upkeep\n|turn|38\n|inactive|squanga has 180 seconds left.\n|c|\u2606SKorpi0n|bro the time\n|\n|t:|1700091133\n|-terastallize|p2a: Regieleki|Electric\n|move|p2a: Regieleki|Thunder|p1a: Vaporeon|[miss]\n|-miss|p2a: Regieleki|p1a: Vaporeon\n|cant|p1a: Vaporeon|slp\n|\n|upkeep\n|turn|39\n|\n|t:|1700091140\n|move|p2a: Regieleki|Thunder|p1a: Vaporeon|[miss]\n|-miss|p2a: Regieleki|p1a: Vaporeon\n|-curestatus|p1a: Vaporeon|slp|[msg]\n|move|p1a: Vaporeon|Icy Wind|p2a: Regieleki\n|-damage|p2a: Regieleki|67\/100\n|-unboost|p2a: Regieleki|spe|1\n|\n|upkeep\n|turn|40\n|\n|t:|1700091151\n|move|p2a: Regieleki|Thunder|p1a: Vaporeon\n|-resisted|p1a: Vaporeon\n|-damage|p1a: Vaporeon|56\/100\n|-heal|p2a: Regieleki|73\/100|[from] item: Shell Bell|[of] p1a: Vaporeon\n|move|p1a: Vaporeon|Icy Wind|p2a: Regieleki\n|-crit|p2a: Regieleki\n|-damage|p2a: Regieleki|27\/100\n|-unboost|p2a: Regieleki|spe|1\n|\n|upkeep\n|turn|41\n|\n|t:|1700091162\n|move|p2a: Regieleki|Thunder Cage|p1a: Vaporeon\n|-resisted|p1a: Vaporeon\n|-damage|p1a: Vaporeon|32\/100\n|-activate|p1a: Vaporeon|move: Thunder Cage|[of] p2a: Regieleki\n|-heal|p2a: Regieleki|31\/100|[from] item: Shell Bell|[of] p1a: Vaporeon\n|move|p1a: Vaporeon|Rest|p1a: Vaporeon\n|-status|p1a: Vaporeon|slp|[from] move: Rest\n|-heal|p1a: Vaporeon|100\/100 slp|[silent]\n|\n|-damage|p1a: Vaporeon|88\/100 slp|[from] move: Thunder Cage|[partiallytrapped]\n|upkeep\n|turn|42\n|\n|t:|1700091175\n|move|p2a: Regieleki|Thunder Wave||[still]\n|-fail|p2a: Regieleki\n|cant|p1a: Vaporeon|slp\n|\n|-damage|p1a: Vaporeon|76\/100 slp|[from] move: Thunder Cage|[partiallytrapped]\n|upkeep\n|turn|43\n|\n|t:|1700091182\n|move|p2a: Regieleki|Acrobatics|p1a: Vaporeon\n|-supereffective|p1a: Vaporeon\n|-damage|p1a: Vaporeon|61\/100 slp\n|-heal|p2a: Regieleki|34\/100|[from] item: Shell Bell|[of] p1a: Vaporeon\n|cant|p1a: Vaporeon|slp\n|\n|-damage|p1a: Vaporeon|49\/100 slp|[from] move: Thunder Cage|[partiallytrapped]\n|upkeep\n|turn|44\n|\n|t:|1700091190\n|move|p2a: Regieleki|Thunder|p1a: Vaporeon|[miss]\n|-miss|p2a: Regieleki|p1a: Vaporeon\n|-curestatus|p1a: Vaporeon|slp|[msg]\n|move|p1a: Vaporeon|Icy Wind|p2a: Regieleki\n|-damage|p2a: Regieleki|0 fnt\n|faint|p2a: Regieleki\n|\n|-end|p1a: Vaporeon|Thunder Cage|[partiallytrapped]|[silent]\n|upkeep\n|\n|t:|1700091199\n|switch|p2a: Zacian|Zacian-Crowned|58\/100\n|turn|45\n|\n|t:|1700091212\n|move|p2a: Zacian|Focus Blast|p1a: Vaporeon\n|-damage|p1a: Vaporeon|33\/100\n|move|p1a: Vaporeon|Rest|p1a: Vaporeon\n|-status|p1a: Vaporeon|slp|[from] move: Rest\n|-heal|p1a: Vaporeon|100\/100 slp|[silent]\n|\n|upkeep\n|turn|46\n|c|\u2606SKorpi0n|GOAT VAPOREON\n|\n|t:|1700091228\n|move|p2a: Zacian|Moonblast|p1a: Vaporeon\n|-damage|p1a: Vaporeon|83\/100 slp\n|cant|p1a: Vaporeon|slp\n|\n|upkeep\n|turn|47\n|\n|t:|1700091247\n|move|p2a: Zacian|Behemoth Blade|p1a: Vaporeon\n|-damage|p1a: Vaporeon|53\/100 slp\n|cant|p1a: Vaporeon|slp\n|\n|upkeep\n|turn|48\n|\n|t:|1700091267\n|move|p2a: Zacian|Wild Charge|p1a: Vaporeon\n|-resisted|p1a: Vaporeon\n|-damage|p1a: Vaporeon|43\/100 slp\n|-damage|p2a: Zacian|55\/100|[from] Recoil\n|-curestatus|p1a: Vaporeon|slp|[msg]\n|move|p1a: Vaporeon|Chilling Water|p2a: Zacian\n|-damage|p2a: Zacian|31\/100\n|-unboost|p2a: Zacian|atk|1\n|\n|upkeep\n|turn|49\n|\n|t:|1700091276\n|move|p2a: Zacian|Behemoth Blade|p1a: Vaporeon\n|-damage|p1a: Vaporeon|22\/100\n|move|p1a: Vaporeon|Rest|p1a: Vaporeon\n|-status|p1a: Vaporeon|slp|[from] move: Rest\n|-heal|p1a: Vaporeon|100\/100 slp|[silent]\n|\n|upkeep\n|turn|50\n|\n|t:|1700091285\n|move|p2a: Zacian|Behemoth Blade|p1a: Vaporeon\n|-damage|p1a: Vaporeon|79\/100 slp\n|cant|p1a: Vaporeon|slp\n|\n|upkeep\n|turn|51\n|\n|t:|1700091290\n|move|p2a: Zacian|Behemoth Blade|p1a: Vaporeon\n|-damage|p1a: Vaporeon|58\/100 slp\n|cant|p1a: Vaporeon|slp\n|\n|upkeep\n|turn|52\n|\n|t:|1700091295\n|move|p2a: Zacian|Behemoth Blade|p1a: Vaporeon\n|-damage|p1a: Vaporeon|38\/100 slp\n|-curestatus|p1a: Vaporeon|slp|[msg]\n|move|p1a: Vaporeon|Chilling Water|p2a: Zacian\n|-damage|p2a: Zacian|11\/100\n|-unboost|p2a: Zacian|atk|1\n|\n|upkeep\n|turn|53\n|\n|t:|1700091310\n|move|p2a: Zacian|Behemoth Blade|p1a: Vaporeon\n|-damage|p1a: Vaporeon|22\/100\n|move|p1a: Vaporeon|Rest|p1a: Vaporeon\n|-status|p1a: Vaporeon|slp|[from] move: Rest\n|-heal|p1a: Vaporeon|100\/100 slp|[silent]\n|\n|upkeep\n|turn|54\n|inactive|squanga has 180 seconds left.\n|\n|t:|1700091332\n|move|p2a: Zacian|Focus Blast|p1a: Vaporeon|[miss]\n|-miss|p2a: Zacian|p1a: Vaporeon\n|cant|p1a: Vaporeon|slp\n|\n|upkeep\n|turn|55\n|inactive|squanga has 180 seconds left.\n|\n|t:|1700091341\n|move|p2a: Zacian|Focus Blast|p1a: Vaporeon\n|-crit|p1a: Vaporeon\n|-damage|p1a: Vaporeon|74\/100 slp\n|cant|p1a: Vaporeon|slp\n|\n|upkeep\n|turn|56\n|\n|t:|1700091346\n|move|p2a: Zacian|Focus Blast|p1a: Vaporeon|[miss]\n|-miss|p2a: Zacian|p1a: Vaporeon\n|-curestatus|p1a: Vaporeon|slp|[msg]\n|move|p1a: Vaporeon|Chilling Water|p2a: Zacian\n|-damage|p2a: Zacian|0 fnt\n|faint|p2a: Zacian\n|\n|win|SKorpi0n\n|l|\u2606squanga\n","uploadtime":1700091406,"views":9,"p1id":"skorpi0n","p2id":"squanga","formatid":"gen9ubers","rating":0,"private":0,"password":""}