{"id":"gen9ubers-1975231082","p1":"Nitro524","p2":"RubenPaCe","format":"[Gen 9] Ubers","log":"|j|\u2606Nitro524\n|j|\u2606RubenPaCe\n|t:|1698172100\n|gametype|singles\n|player|p1|Nitro524|hilbert-wonderlauncher|\n|player|p2|RubenPaCe|266|\n|teamsize|p1|6\n|teamsize|p2|6\n|gen|9\n|tier|[Gen 9] Ubers\n|rule|Sleep Clause Mod: Limit one foe put to sleep\n|rule|Species Clause: Limit one of each Pok\u00e9mon\n|rule|OHKO Clause: OHKO moves are banned\n|rule|Evasion Items Clause: Evasion items are banned\n|rule|Evasion Moves Clause: Evasion moves are banned\n|rule|Endless Battle Clause: Forcing endless battles is banned\n|rule|HP Percentage Mod: HP is shown in percentages\n|clearpoke\n|poke|p1|Torkoal, F|\n|poke|p1|Chi-Yu|\n|poke|p1|Cyclizar, F|\n|poke|p1|Volcarona, F|\n|poke|p1|Shiftry, M|\n|poke|p1|Walking Wake|\n|poke|p2|Meowscarada, M|\n|poke|p2|Tyranitar, M|\n|poke|p2|Chi-Yu|\n|poke|p2|Zacian-*|\n|poke|p2|Palkia-Origin|\n|poke|p2|Houndstone, M|\n|teampreview\n|\n|t:|1698172106\n|start\n|switch|p1a: Torkoal|Torkoal, F|100\/100\n|switch|p2a: Meowscarada|Meowscarada, M|100\/100\n|-weather|SunnyDay|[from] ability: Drought|[of] p1a: Torkoal\n|turn|1\n|\n|t:|1698172126\n|move|p2a: Meowscarada|Toxic Spikes|p1a: Torkoal\n|-start|p2a: Meowscarada|typechange|Poison|[from] ability: Protean\n|-sidestart|p1: Nitro524|move: Toxic Spikes\n|move|p1a: Torkoal|Stealth Rock|p2a: Meowscarada\n|-sidestart|p2: RubenPaCe|move: Stealth Rock\n|\n|-weather|SunnyDay|[upkeep]\n|upkeep\n|turn|2\n|\n|t:|1698172133\n|move|p2a: Meowscarada|Knock Off|p1a: Torkoal\n|-damage|p1a: Torkoal|84\/100\n|-enditem|p1a: Torkoal|Heat Rock|[from] move: Knock Off|[of] p2a: Meowscarada\n|move|p1a: Torkoal|Rapid Spin|p2a: Meowscarada\n|-damage|p2a: Meowscarada|85\/100\n|-boost|p1a: Torkoal|spe|1\n|-sideend|p1: Nitro524|Toxic Spikes|[from] move: Rapid Spin|[of] p1a: Torkoal\n|\n|-weather|SunnyDay|[upkeep]\n|upkeep\n|turn|3\n|\n|t:|1698172138\n|move|p2a: Meowscarada|Toxic Spikes|p1a: Torkoal\n|-sidestart|p1: Nitro524|move: Toxic Spikes\n|move|p1a: Torkoal|Earth Power|p2a: Meowscarada\n|-supereffective|p2a: Meowscarada\n|-damage|p2a: Meowscarada|29\/100\n|\n|-weather|SunnyDay|[upkeep]\n|upkeep\n|turn|4\n|\n|t:|1698172147\n|move|p2a: Meowscarada|Toxic Spikes|p1a: Torkoal\n|-sidestart|p1: Nitro524|move: Toxic Spikes\n|move|p1a: Torkoal|Rapid Spin|p2a: Meowscarada\n|-damage|p2a: Meowscarada|13\/100\n|-boost|p1a: Torkoal|spe|1\n|-sideend|p1: Nitro524|Toxic Spikes|[from] move: Rapid Spin|[of] p1a: Torkoal\n|\n|-weather|SunnyDay|[upkeep]\n|upkeep\n|turn|5\n|\n|t:|1698172157\n|switch|p2a: Palkia|Palkia-Origin|100\/100\n|-damage|p2a: Palkia|88\/100|[from] Stealth Rock\n|-ability|p2a: Palkia|Pressure\n|move|p1a: Torkoal|Rapid Spin|p2a: Palkia\n|-damage|p2a: Palkia|77\/100\n|-boost|p1a: Torkoal|spe|1\n|\n|-weather|SunnyDay|[upkeep]\n|upkeep\n|turn|6\n|\n|t:|1698172173\n|switch|p1a: Walking Wake|Walking Wake|100\/100\n|-activate|p1a: Walking Wake|ability: Protosynthesis\n|-start|p1a: Walking Wake|protosynthesisspe\n|move|p2a: Palkia|Spacial Rend|p1a: Walking Wake\n|-supereffective|p1a: Walking Wake\n|-crit|p1a: Walking Wake\n|-damage|p1a: Walking Wake|0 fnt\n|faint|p1a: Walking Wake\n|-end|p1a: Walking Wake|Protosynthesis|[silent]\n|\n|-weather|SunnyDay|[upkeep]\n|upkeep\n|\n|t:|1698172179\n|switch|p1a: Cyclizar|Cyclizar, F|100\/100\n|turn|7\n|\n|t:|1698172185\n|move|p1a: Cyclizar|Shed Tail|p1a: Cyclizar\n|-start|p1a: Cyclizar|Substitute|[from] move: Shed Tail\n|-damage|p1a: Cyclizar|50\/100\n|\n|t:|1698172189\n|switch|p1a: Shiftry|Shiftry, M|100\/100|[from] Shed Tail\n|move|p2a: Palkia|Spacial Rend|p1a: Shiftry\n|-end|p1a: Shiftry|Substitute\n|\n|-weather|SunnyDay|[upkeep]\n|upkeep\n|turn|8\n|\n|t:|1698172197\n|switch|p2a: Meowscarada|Meowscarada, M|13\/100\n|-damage|p2a: Meowscarada|1\/100|[from] Stealth Rock\n|move|p1a: Shiftry|Solar Blade||[still]\n|-prepare|p1a: Shiftry|Solar Blade\n|-anim|p1a: Shiftry|Solar Blade|p2a: Meowscarada\n|-resisted|p2a: Meowscarada\n|-damage|p2a: Meowscarada|0 fnt\n|faint|p2a: Meowscarada\n|\n|-weather|none\n|upkeep\n|\n|t:|1698172207\n|switch|p2a: Palkia|Palkia-Origin|77\/100\n|-damage|p2a: Palkia|65\/100|[from] Stealth Rock\n|-ability|p2a: Palkia|Pressure\n|turn|9\n|\n|t:|1698172216\n|switch|p1a: Torkoal|Torkoal, F|84\/100\n|-weather|SunnyDay|[from] ability: Drought|[of] p1a: Torkoal\n|move|p2a: Palkia|Spacial Rend|p1a: Torkoal\n|-damage|p1a: Torkoal|0 fnt\n|faint|p1a: Torkoal\n|\n|-weather|SunnyDay|[upkeep]\n|upkeep\n|\n|t:|1698172221\n|switch|p1a: Cyclizar|Cyclizar, F|84\/100\n|turn|10\n|\n|t:|1698172227\n|-terastallize|p1a: Cyclizar|Fairy\n|move|p1a: Cyclizar|Draco Meteor|p2a: Palkia\n|-supereffective|p2a: Palkia\n|-damage|p2a: Palkia|0 fnt\n|-unboost|p1a: Cyclizar|spa|2\n|faint|p2a: Palkia\n|\n|-weather|SunnyDay|[upkeep]\n|upkeep\n|\n|t:|1698172230\n|switch|p2a: Tyranitar|Tyranitar, M|100\/100\n|-damage|p2a: Tyranitar|88\/100|[from] Stealth Rock\n|-weather|Sandstorm|[from] ability: Sand Stream|[of] p2a: Tyranitar\n|turn|11\n|\n|t:|1698172247\n|move|p1a: Cyclizar|Shed Tail|p1a: Cyclizar\n|-start|p1a: Cyclizar|Substitute|[from] move: Shed Tail\n|-damage|p1a: Cyclizar|34\/100\n|\n|t:|1698172249\n|switch|p1a: Volcarona|Volcarona, F|100\/100|[from] Shed Tail\n|move|p2a: Tyranitar|Rock Blast|p1a: Volcarona\n|-supereffective|p1a: Volcarona\n|-end|p1a: Volcarona|Substitute\n|-supereffective|p1a: Volcarona\n|-crit|p1a: Volcarona\n|-damage|p1a: Volcarona|0 fnt\n|faint|p1a: Volcarona\n|-hitcount|p1: Volcarona|2\n|\n|-weather|Sandstorm|[upkeep]\n|upkeep\n|\n|t:|1698172256\n|switch|p1a: Shiftry|Shiftry, M|100\/100\n|turn|12\n|\n|t:|1698172260\n|move|p1a: Shiftry|Explosion|p2a: Tyranitar\n|-resisted|p2a: Tyranitar\n|-crit|p2a: Tyranitar\n|-damage|p2a: Tyranitar|8\/100\n|faint|p1a: Shiftry\n|move|p2a: Tyranitar|Thunder Wave|p1: Shiftry|[notarget]\n|-fail|p2a: Tyranitar\n|\n|-weather|Sandstorm|[upkeep]\n|upkeep\n|\n|t:|1698172275\n|switch|p1a: The Cooler Volc|Chi-Yu|100\/100\n|-ability|p1a: The Cooler Volc|Beads of Ruin\n|turn|13\n|\n|t:|1698172284\n|move|p1a: The Cooler Volc|Flamethrower|p2a: Tyranitar\n|-resisted|p2a: Tyranitar\n|-crit|p2a: Tyranitar\n|-damage|p2a: Tyranitar|0 fnt\n|faint|p2a: Tyranitar\n|\n|-weather|Sandstorm|[upkeep]\n|-damage|p1a: The Cooler Volc|95\/100|[from] Sandstorm\n|upkeep\n|\n|t:|1698172288\n|switch|p2a: Houndstone|Houndstone, M|100\/100\n|-damage|p2a: Houndstone|88\/100|[from] Stealth Rock\n|turn|14\n|\n|t:|1698172293\n|-terastallize|p2a: Houndstone|Fighting\n|move|p2a: Houndstone|Tera Blast|p1a: The Cooler Volc|[anim] Tera Blast Fighting\n|-supereffective|p1a: The Cooler Volc\n|-damage|p1a: The Cooler Volc|0 fnt\n|faint|p1a: The Cooler Volc\n|\n|-weather|Sandstorm|[upkeep]\n|upkeep\n|\n|t:|1698172297\n|switch|p1a: Cyclizar|Cyclizar, F, tera:Fairy|67\/100\n|turn|15\n|c|\u2606Nitro524|ggs\n|c|\u2606RubenPaCe|gg\n|\n|t:|1698172306\n|move|p2a: Houndstone|Last Respects|p1a: Cyclizar\n|-damage|p1a: Cyclizar|0 fnt\n|faint|p1a: Cyclizar\n|\n|win|RubenPaCe\n|l|\u2606Nitro524\n","uploadtime":1698172311,"views":22,"p1id":"nitro524","p2id":"rubenpace","formatid":"gen9ubers","rating":0,"private":0,"password":""}