{"id":"gen9ubers-1982882592","p1":"Buy my book azul","p2":"1P1o1s1h1e1","format":"[Gen 9] Ubers","log":"|j|\u2606Buy my book azul\n|j|\u26061P1o1s1h1e1\n|t:|1699054550\n|gametype|singles\n|player|p1|Buy my book azul|diantha-masters|\n|player|p2|1P1o1s1h1e1|1|\n|teamsize|p1|6\n|teamsize|p2|6\n|gen|9\n|tier|[Gen 9] Ubers\n|rule|Sleep Clause Mod: Limit one foe put to sleep\n|rule|Species Clause: Limit one of each Pok\u00e9mon\n|rule|OHKO Clause: OHKO moves are banned\n|rule|Evasion Items Clause: Evasion items are banned\n|rule|Evasion Moves Clause: Evasion moves are banned\n|rule|Endless Battle Clause: Forcing endless battles is banned\n|rule|HP Percentage Mod: HP is shown in percentages\n|clearpoke\n|poke|p1|Cyclizar, M|\n|poke|p1|Magearna|\n|poke|p1|Dragapult, F|\n|poke|p1|Landorus, M|\n|poke|p1|Volcarona, M|\n|poke|p1|Garchomp, F|\n|poke|p2|Dialga-Origin|\n|poke|p2|Rillaboom, M|\n|poke|p2|Arceus-Fire|\n|poke|p2|Espathra, M|\n|poke|p2|Donphan, L6, F|\n|poke|p2|Sneasler, F|\n|teampreview\n|c|\u2606Buy my book azul|lol why do you have a level 6 don?\n|j| incredibleking\n|c|\u26061P1o1s1h1e1|glhf\n|c|\u2606Buy my book azul|I feel like im gonna lose cause of it\n|c|\u2606Buy my book azul|glhf\n|\n|t:|1699054647\n|start\n|switch|p1a: Garchomp|Garchomp, F|100\/100\n|switch|p2a: Dialga|Dialga-Origin|100\/100\n|-ability|p2a: Dialga|Pressure\n|turn|1\n|\n|t:|1699054667\n|move|p1a: Garchomp|Earthquake|p2a: Dialga\n|-supereffective|p2a: Dialga\n|-damage|p2a: Dialga|37\/100\n|move|p2a: Dialga|Draco Meteor|p1a: Garchomp\n|-supereffective|p1a: Garchomp\n|-damage|p1a: Garchomp|0 fnt\n|-unboost|p2a: Dialga|spa|2\n|faint|p1a: Garchomp\n|\n|upkeep\n|\n|t:|1699054683\n|switch|p1a: Landorus|Landorus, M|100\/100\n|turn|2\n|\n|t:|1699054687\n|move|p1a: Landorus|Nasty Plot|p1a: Landorus\n|-boost|p1a: Landorus|spa|2\n|move|p2a: Dialga|Steel Beam|p1a: Landorus\n|-damage|p1a: Landorus|32\/100\n|-damage|p2a: Dialga|0 fnt|[from] steelbeam\n|faint|p2a: Dialga\n|\n|upkeep\n|\n|t:|1699054695\n|switch|p2a: Rillaboom|Rillaboom, M|100\/100\n|-fieldstart|move: Grassy Terrain|[from] ability: Grassy Surge|[of] p2a: Rillaboom\n|turn|3\n|\n|t:|1699054733\n|switch|p2a: Arceus|Arceus-Fire|100\/100\n|move|p1a: Landorus|Psychic|p2a: Arceus\n|-damage|p2a: Arceus|32\/100\n|\n|-heal|p2a: Arceus|38\/100|[from] Grassy Terrain\n|upkeep\n|turn|4\n|\n|t:|1699054746\n|move|p2a: Arceus|Extreme Speed|p1a: Landorus\n|-damage|p1a: Landorus|0 fnt\n|faint|p1a: Landorus\n|\n|-heal|p2a: Arceus|44\/100|[from] Grassy Terrain\n|upkeep\n|\n|t:|1699054754\n|switch|p1a: Cyclizar|Cyclizar, M|100\/100\n|turn|5\n|\n|t:|1699054761\n|-terastallize|p2a: Arceus|Normal\n|move|p2a: Arceus|Extreme Speed|p1a: Cyclizar\n|-damage|p1a: Cyclizar|35\/100\n|move|p1a: Cyclizar|Shed Tail|p1a: Cyclizar\n|-fail|p1a: Cyclizar|move: Shed Tail|[weak]\n|\n|-heal|p1a: Cyclizar|41\/100|[from] Grassy Terrain\n|-heal|p2a: Arceus|50\/100|[from] Grassy Terrain\n|upkeep\n|turn|6\n|\n|t:|1699054767\n|switch|p1a: Volcarona|Volcarona, M|100\/100\n|move|p2a: Arceus|Dragon Dance|p2a: Arceus\n|-boost|p2a: Arceus|atk|1\n|-boost|p2a: Arceus|spe|1\n|\n|-heal|p2a: Arceus|57\/100|[from] Grassy Terrain\n|upkeep\n|turn|7\n|\n|t:|1699054775\n|move|p2a: Arceus|Flare Blitz|p1a: Volcarona\n|-damage|p1a: Volcarona|0 fnt\n|-status|p2a: Arceus|brn|[from] ability: Flame Body|[of] p1a: Volcarona\n|faint|p1a: Volcarona\n|-damage|p2a: Arceus|28\/100 brn|[from] Recoil\n|\n|-heal|p2a: Arceus|34\/100 brn|[from] Grassy Terrain\n|-damage|p2a: Arceus|28\/100 brn|[from] brn\n|-fieldend|move: Grassy Terrain\n|upkeep\n|\n|t:|1699054780\n|switch|p1a: Cyclizar|Cyclizar, M|74\/100\n|turn|8\n|\n|t:|1699054796\n|move|p2a: Arceus|Flare Blitz|p1a: Cyclizar\n|-resisted|p1a: Cyclizar\n|-damage|p1a: Cyclizar|30\/100\n|-damage|p2a: Arceus|15\/100 brn|[from] Recoil\n|move|p1a: Cyclizar|Shed Tail|p1a: Cyclizar\n|-fail|p1a: Cyclizar|move: Shed Tail|[weak]\n|\n|-damage|p2a: Arceus|9\/100 brn|[from] brn\n|upkeep\n|turn|9\n|\n|t:|1699054803\n|switch|p1a: Dragapult|Dragapult, F|100\/100\n|move|p2a: Arceus|Flare Blitz|p1a: Dragapult\n|-resisted|p1a: Dragapult\n|-damage|p1a: Dragapult|58\/100\n|-damage|p2a: Arceus|0 fnt|[from] Recoil\n|faint|p2a: Arceus\n|\n|upkeep\n|\n|t:|1699054807\n|switch|p2a: Rillaboom|Rillaboom, M|100\/100\n|-fieldstart|move: Grassy Terrain|[from] ability: Grassy Surge|[of] p2a: Rillaboom\n|turn|10\n|\n|t:|1699054818\n|move|p2a: Rillaboom|Grassy Glide|p1a: Dragapult\n|-resisted|p1a: Dragapult\n|-damage|p1a: Dragapult|14\/100\n|move|p1a: Dragapult|Dragon Dance|p1a: Dragapult\n|-boost|p1a: Dragapult|atk|1\n|-boost|p1a: Dragapult|spe|1\n|\n|-heal|p1a: Dragapult|20\/100|[from] Grassy Terrain\n|upkeep\n|turn|11\n|\n|t:|1699054822\n|move|p2a: Rillaboom|Grassy Glide|p1a: Dragapult\n|-resisted|p1a: Dragapult\n|-damage|p1a: Dragapult|0 fnt\n|faint|p1a: Dragapult\n|\n|upkeep\n|\n|t:|1699054824\n|switch|p1a: Magearna|Magearna|100\/100\n|turn|12\n|\n|t:|1699054829\n|switch|p2a: Rock 5ever|Donphan, L6, F|100\/100\n|move|p1a: Magearna|Shift Gear|p1a: Magearna\n|-boost|p1a: Magearna|spe|2\n|-boost|p1a: Magearna|atk|1\n|\n|upkeep\n|turn|13\n|\n|t:|1699054838\n|move|p1a: Magearna|Flash Cannon|p2a: Rock 5ever\n|-ability|p2a: Rock 5ever|Sturdy\n|-damage|p2a: Rock 5ever|4\/100\n|move|p2a: Rock 5ever|Endeavor|p1a: Magearna\n|-damage|p1a: Magearna|1\/100\n|\n|-heal|p1a: Magearna|7\/100|[from] Grassy Terrain\n|-heal|p2a: Rock 5ever|8\/100|[from] Grassy Terrain\n|upkeep\n|turn|14\n|-enditem|p2a: Rock 5ever|Custap Berry|[eat]\n|-activate|p2a: Rock 5ever|item: Custap Berry|[consumed]\n|\n|t:|1699054849\n|move|p2a: Rock 5ever|Knock Off|p1a: Magearna\n|-resisted|p1a: Magearna\n|-damage|p1a: Magearna|7\/100\n|-enditem|p1a: Magearna|Weakness Policy|[from] move: Knock Off|[of] p2a: Rock 5ever\n|move|p1a: Magearna|Flash Cannon|p2a: Rock 5ever\n|-damage|p2a: Rock 5ever|0 fnt\n|faint|p2a: Rock 5ever\n|-ability|p1a: Magearna|Soul-Heart|boost\n|-boost|p1a: Magearna|spa|1\n|\n|-heal|p1a: Magearna|13\/100|[from] Grassy Terrain\n|-fieldend|move: Grassy Terrain\n|upkeep\n|\n|t:|1699054859\n|switch|p2a: Rillaboom|Rillaboom, M|100\/100\n|-fieldstart|move: Grassy Terrain|[from] ability: Grassy Surge|[of] p2a: Rillaboom\n|turn|15\n|\n|t:|1699054868\n|switch|p1a: Cyclizar|Cyclizar, M|64\/100\n|move|p2a: Rillaboom|Grassy Glide|p1a: Cyclizar\n|-resisted|p1a: Cyclizar\n|-damage|p1a: Cyclizar|25\/100\n|\n|-heal|p1a: Cyclizar|31\/100|[from] Grassy Terrain\n|upkeep\n|turn|16\n|\n|t:|1699054875\n|move|p2a: Rillaboom|Grassy Glide|p1a: Cyclizar\n|-resisted|p1a: Cyclizar\n|-damage|p1a: Cyclizar|0 fnt\n|faint|p1a: Cyclizar\n|\n|upkeep\n|c|\u2606Buy my book azul|gg\n|\n|t:|1699054879\n|switch|p1a: Magearna|Magearna|13\/100\n|turn|17\n|c|\u26061P1o1s1h1e1|gg\n|\n|t:|1699054882\n|move|p2a: Rillaboom|Grassy Glide|p1a: Magearna\n|-resisted|p1a: Magearna\n|-crit|p1a: Magearna\n|-damage|p1a: Magearna|0 fnt\n|faint|p1a: Magearna\n|\n|win|1P1o1s1h1e1\n|c| incredibleking|Let\u2019s goooo Pooshi\n|j| VloneVictini\n|c| VloneVictini|SHAMONE\n|l| VloneVictini\n|j| VloneVictini\n|l| VloneVictini\n|l|\u2606Buy my book azul\n|j| CrackLordGBLN\n|l| CrackLordGBLN\n","uploadtime":1699054890,"views":43,"p1id":"buymybookazul","p2id":"1p1o1s1h1e1","formatid":"gen9ubers","rating":0,"private":0,"password":""}