{"id":"gen9ubers-1976374351","p1":"Nitro524","p2":"FrostyRandom02","format":"[Gen 9] Ubers","log":"|j|\u2606Nitro524\n|j|\u2606FrostyRandom02\n|t:|1698292986\n|gametype|singles\n|player|p1|Nitro524|170|\n|player|p2|FrostyRandom02|riley|\n|teamsize|p1|6\n|teamsize|p2|6\n|gen|9\n|tier|[Gen 9] Ubers\n|rule|Sleep Clause Mod: Limit one foe put to sleep\n|rule|Species Clause: Limit one of each Pok\u00e9mon\n|rule|OHKO Clause: OHKO moves are banned\n|rule|Evasion Items Clause: Evasion items are banned\n|rule|Evasion Moves Clause: Evasion moves are banned\n|rule|Endless Battle Clause: Forcing endless battles is banned\n|rule|HP Percentage Mod: HP is shown in percentages\n|clearpoke\n|poke|p1|Zacian-*|\n|poke|p1|Palkia-Origin|\n|poke|p1|Shaymin-Sky|\n|poke|p1|Chi-Yu|\n|poke|p1|Cyclizar, M|\n|poke|p1|Magearna|\n|poke|p2|Wo-Chien|\n|poke|p2|Magearna|\n|poke|p2|Ursaluna-Bloodmoon, M|\n|poke|p2|Iron Hands|\n|poke|p2|Glastrier|\n|poke|p2|Dialga|\n|teampreview\n|c|\u2606Nitro524|glhf\n|c|\u2606FrostyRandom02|glhf\n|\n|t:|1698293008\n|start\n|switch|p1a: Chi-Yu|Chi-Yu|100\/100\n|switch|p2a: Dialga|Dialga|100\/100\n|-ability|p1a: Chi-Yu|Beads of Ruin\n|-ability|p2a: Dialga|Pressure\n|turn|1\n|\n|t:|1698293022\n|switch|p2a: Iron Hands|Iron Hands|100\/100\n|move|p1a: Chi-Yu|Overheat|p2a: Iron Hands\n|-damage|p2a: Iron Hands|35\/100\n|-unboost|p1a: Chi-Yu|spa|2\n|-enditem|p2a: Iron Hands|Sitrus Berry|[eat]\n|-heal|p2a: Iron Hands|60\/100|[from] item: Sitrus Berry\n|\n|upkeep\n|turn|2\n|\n|t:|1698293035\n|switch|p1a: Palkia|Palkia-Origin|100\/100\n|-ability|p1a: Palkia|Pressure\n|move|p2a: Iron Hands|Drain Punch|p1a: Palkia\n|-damage|p1a: Palkia|67\/100\n|-heal|p2a: Iron Hands|71\/100|[from] drain|[of] p1a: Palkia\n|\n|upkeep\n|turn|3\n|\n|t:|1698293043\n|move|p1a: Palkia|Spacial Rend|p2a: Iron Hands|[miss]\n|-miss|p1a: Palkia|p2a: Iron Hands\n|move|p2a: Iron Hands|Drain Punch|p1a: Palkia\n|-damage|p1a: Palkia|33\/100\n|-heal|p2a: Iron Hands|81\/100|[from] drain|[of] p1a: Palkia\n|\n|upkeep\n|turn|4\n|\n|t:|1698293056\n|switch|p1a: Zacian|Zacian|100\/100\n|-ability|p1a: Zacian|Intrepid Sword|boost\n|-boost|p1a: Zacian|atk|1\n|move|p2a: Iron Hands|Drain Punch|p1a: Zacian\n|-resisted|p1a: Zacian\n|-damage|p1a: Zacian|85\/100\n|-heal|p2a: Iron Hands|86\/100|[from] drain|[of] p1a: Zacian\n|\n|upkeep\n|turn|5\n|\n|t:|1698293061\n|-end|p2a: Iron Hands|Quark Drive|[silent]\n|switch|p2a: Magearna|Magearna|100\/100\n|-item|p2a: Magearna|Air Balloon\n|move|p1a: Zacian|Play Rough|p2a: Magearna\n|-resisted|p2a: Magearna\n|-damage|p2a: Magearna|76\/100\n|-enditem|p2a: Magearna|Air Balloon\n|\n|upkeep\n|turn|6\n|\n|t:|1698293066\n|move|p1a: Zacian|Swords Dance|p1a: Zacian\n|-boost|p1a: Zacian|atk|2\n|move|p2a: Magearna|Trick Room|p2a: Magearna\n|-fieldstart|move: Trick Room|[of] p2a: Magearna\n|\n|upkeep\n|turn|7\n|\n|t:|1698293086\n|-terastallize|p1a: Zacian|Ground\n|move|p2a: Magearna|Volt Switch|p1a: Zacian\n|-immune|p1a: Zacian\n|move|p1a: Zacian|Tera Blast|p2a: Magearna|[anim] Tera Blast Ground\n|-supereffective|p2a: Magearna\n|-damage|p2a: Magearna|0 fnt\n|faint|p2a: Magearna\n|\n|upkeep\n|\n|t:|1698293091\n|switch|p2a: Glastrier|Glastrier|100\/100\n|turn|8\n|\n|t:|1698293099\n|switch|p1a: Chi-Yu|Chi-Yu|100\/100\n|-ability|p1a: Chi-Yu|Beads of Ruin\n|move|p2a: Glastrier|Icicle Crash|p1a: Chi-Yu|[miss]\n|-miss|p2a: Glastrier|p1a: Chi-Yu\n|\n|upkeep\n|turn|9\n|\n|t:|1698293104\n|switch|p1a: Magearna|Magearna|100\/100\n|move|p2a: Glastrier|High Horsepower|p1a: Magearna\n|-supereffective|p1a: Magearna\n|-damage|p1a: Magearna|59\/100\n|\n|-heal|p1a: Magearna|65\/100|[from] item: Leftovers\n|upkeep\n|turn|10\n|\n|t:|1698293109\n|switch|p1a: Shaymin|Shaymin-Sky|100\/100\n|move|p2a: Glastrier|High Horsepower|p1a: Shaymin\n|-immune|p1a: Shaymin\n|\n|-fieldend|move: Trick Room\n|upkeep\n|turn|11\n|\n|t:|1698293115\n|move|p1a: Shaymin|Air Slash|p2a: Glastrier\n|-damage|p2a: Glastrier|81\/100\n|cant|p2a: Glastrier|flinch\n|\n|upkeep\n|turn|12\n|\n|t:|1698293120\n|move|p1a: Shaymin|Air Slash|p2a: Glastrier\n|-damage|p2a: Glastrier|63\/100\n|cant|p2a: Glastrier|flinch\n|\n|upkeep\n|turn|13\n|\n|t:|1698293122\n|move|p1a: Shaymin|Air Slash|p2a: Glastrier\n|-damage|p2a: Glastrier|45\/100\n|cant|p2a: Glastrier|flinch\n|\n|upkeep\n|turn|14\n|\n|t:|1698293127\n|move|p1a: Shaymin|Air Slash|p2a: Glastrier\n|-damage|p2a: Glastrier|26\/100\n|cant|p2a: Glastrier|flinch\n|\n|upkeep\n|turn|15\n|\n|t:|1698293132\n|move|p1a: Shaymin|Air Slash|p2a: Glastrier\n|-damage|p2a: Glastrier|9\/100\n|cant|p2a: Glastrier|flinch\n|\n|upkeep\n|turn|16\n|\n|t:|1698293135\n|move|p1a: Shaymin|Air Slash|p2a: Glastrier\n|-damage|p2a: Glastrier|0 fnt\n|faint|p2a: Glastrier\n|\n|upkeep\n|\n|t:|1698293142\n|switch|p2a: Dialga|Dialga|100\/100\n|-ability|p2a: Dialga|Pressure\n|turn|17\n|\n|t:|1698293160\n|move|p1a: Shaymin|Earth Power|p2a: Dialga\n|-supereffective|p2a: Dialga\n|-damage|p2a: Dialga|51\/100\n|-unboost|p2a: Dialga|spd|1\n|move|p2a: Dialga|Trick Room|p2a: Dialga\n|-fieldstart|move: Trick Room|[of] p2a: Dialga\n|\n|-heal|p2a: Dialga|58\/100|[from] item: Leftovers\n|upkeep\n|turn|18\n|\n|t:|1698293172\n|switch|p2a: Wo-Chien|Wo-Chien|100\/100\n|-ability|p2a: Wo-Chien|Tablets of Ruin\n|move|p1a: Shaymin|Earth Power|p2a: Wo-Chien\n|-resisted|p2a: Wo-Chien\n|-damage|p2a: Wo-Chien|93\/100\n|\n|upkeep\n|turn|19\n|\n|t:|1698293179\n|move|p2a: Wo-Chien|Knock Off|p1a: Shaymin\n|-damage|p1a: Shaymin|64\/100\n|-enditem|p1a: Shaymin|Heavy-Duty Boots|[from] move: Knock Off|[of] p2a: Wo-Chien\n|move|p1a: Shaymin|Air Slash|p2a: Wo-Chien\n|-supereffective|p2a: Wo-Chien\n|-damage|p2a: Wo-Chien|57\/100\n|\n|upkeep\n|turn|20\n|\n|t:|1698293200\n|switch|p2a: Iron Hands|Iron Hands|86\/100\n|move|p1a: Shaymin|Seed Flare|p2a: Iron Hands|[miss]\n|-miss|p1a: Shaymin|p2a: Iron Hands\n|\n|upkeep\n|turn|21\n|\n|t:|1698293208\n|switch|p1a: Zacian|Zacian, tera:Ground|85\/100\n|move|p2a: Iron Hands|Ice Punch|p1a: Zacian\n|-supereffective|p1a: Zacian\n|-damage|p1a: Zacian|44\/100\n|\n|-fieldend|move: Trick Room\n|upkeep\n|turn|22\n|\n|t:|1698293223\n|-terastallize|p2a: Iron Hands|Flying\n|move|p1a: Zacian|Play Rough|p2a: Iron Hands\n|-damage|p2a: Iron Hands|58\/100\n|move|p2a: Iron Hands|Ice Punch|p1a: Zacian\n|-supereffective|p1a: Zacian\n|-damage|p1a: Zacian|0 fnt\n|faint|p1a: Zacian\n|\n|upkeep\n|\n|t:|1698293243\n|switch|p1a: Chi-Yu|Chi-Yu|100\/100\n|-ability|p1a: Chi-Yu|Beads of Ruin\n|turn|23\n|\n|t:|1698293258\n|move|p1a: Chi-Yu|Flamethrower|p2a: Iron Hands\n|-damage|p2a: Iron Hands|15\/100\n|move|p2a: Iron Hands|Drain Punch|p1a: Chi-Yu\n|-supereffective|p1a: Chi-Yu\n|-damage|p1a: Chi-Yu|0 fnt\n|-heal|p2a: Iron Hands|40\/100|[from] drain|[of] p1a: Chi-Yu\n|faint|p1a: Chi-Yu\n|\n|upkeep\n|\n|t:|1698293273\n|switch|p1a: Palkia|Palkia-Origin|33\/100\n|-ability|p1a: Palkia|Pressure\n|turn|24\n|\n|t:|1698293280\n|move|p1a: Palkia|Spacial Rend|p2a: Iron Hands\n|-damage|p2a: Iron Hands|0 fnt\n|faint|p2a: Iron Hands\n|-end|p2a: Iron Hands|Quark Drive|[silent]\n|\n|upkeep\n|\n|t:|1698293288\n|switch|p2a: Wo-Chien|Wo-Chien|57\/100\n|-ability|p2a: Wo-Chien|Tablets of Ruin\n|turn|25\n|\n|t:|1698293292\n|move|p1a: Palkia|Substitute|p1a: Palkia\n|-start|p1a: Palkia|Substitute\n|-damage|p1a: Palkia|8\/100\n|move|p2a: Wo-Chien|Leech Seed||[still]\n|-fail|p2a: Wo-Chien\n|\n|upkeep\n|turn|26\n|\n|t:|1698293300\n|move|p1a: Palkia|Spacial Rend|p2a: Wo-Chien\n|-damage|p2a: Wo-Chien|22\/100\n|move|p2a: Wo-Chien|Knock Off|p1a: Palkia\n|-activate|p1a: Palkia|move: Substitute|[damage]\n|\n|upkeep\n|turn|27\n|\n|t:|1698293312\n|switch|p2a: Dialga|Dialga|58\/100\n|-ability|p2a: Dialga|Pressure\n|move|p1a: Palkia|Spacial Rend|p2a: Dialga\n|-damage|p2a: Dialga|1\/100\n|\n|-heal|p2a: Dialga|7\/100|[from] item: Leftovers\n|upkeep\n|turn|28\n|\n|t:|1698293316\n|move|p1a: Palkia|Scale Shot|p2a: Dialga\n|-damage|p2a: Dialga|2\/100\n|-damage|p2a: Dialga|0 fnt\n|faint|p2a: Dialga\n|-hitcount|p2: Dialga|2\n|-unboost|p1a: Palkia|def|1\n|-boost|p1a: Palkia|spe|1\n|\n|upkeep\n|\n|t:|1698293319\n|switch|p2a: Ursaluna|Ursaluna-Bloodmoon, M|100\/100\n|turn|29\n|\n|t:|1698293323\n|move|p1a: Palkia|Hydro Pump|p2a: Ursaluna\n|-supereffective|p2a: Ursaluna\n|-damage|p2a: Ursaluna|0 fnt\n|faint|p2a: Ursaluna\n|\n|upkeep\n|\n|t:|1698293326\n|switch|p2a: Wo-Chien|Wo-Chien|22\/100\n|-ability|p2a: Wo-Chien|Tablets of Ruin\n|turn|30\n|\n|t:|1698293335\n|move|p1a: Palkia|Spacial Rend|p2a: Wo-Chien\n|-damage|p2a: Wo-Chien|0 fnt\n|faint|p2a: Wo-Chien\n|\n|win|Nitro524\n","uploadtime":1698293339,"views":25,"p1id":"nitro524","p2id":"frostyrandom02","formatid":"gen9ubers","rating":0,"private":0,"password":""}