{"id":"gen9ubers-1984116880","p1":"Aurorecristal","p2":"Asta_RPPLF","format":"[Gen 9] Ubers","log":"|j|\u2606Aurorecristal\n|j|\u2606Asta_RPPLF\n|t:|1699220415\n|gametype|singles\n|player|p1|Aurorecristal|lady|\n|player|p2|Asta_RPPLF|#wcop2023belgium|\n|teamsize|p1|6\n|teamsize|p2|6\n|gen|9\n|tier|[Gen 9] Ubers\n|rule|Sleep Clause Mod: Limit one foe put to sleep\n|rule|Species Clause: Limit one of each Pok\u00e9mon\n|rule|OHKO Clause: OHKO moves are banned\n|rule|Evasion Items Clause: Evasion items are banned\n|rule|Evasion Moves Clause: Evasion moves are banned\n|rule|Endless Battle Clause: Forcing endless battles is banned\n|rule|HP Percentage Mod: HP is shown in percentages\n|clearpoke\n|poke|p1|Ogerpon-Hearthflame, F|\n|poke|p1|Leavanny, F|\n|poke|p1|Iron Leaves|\n|poke|p1|Rotom-Mow|\n|poke|p1|Torkoal, F|\n|poke|p1|Delphox, M|\n|poke|p2|Grimmsnarl, M|\n|poke|p2|Fezandipiti, M|\n|poke|p2|Gholdengo|\n|poke|p2|Azumarill, M|\n|poke|p2|Dachsbun, M|\n|poke|p2|Jirachi|\n|teampreview\n|c|\u2606Asta_RPPLF|Hf !\n|c|\u2606Aurorecristal|U2\n|\n|t:|1699220461\n|start\n|switch|p1a: On...|Ogerpon-Hearthflame, F|100\/100\n|switch|p2a: Grimmsnarl|Grimmsnarl, M|100\/100\n|-ability|p1a: On...|Mold Breaker\n|turn|1\n|\n|t:|1699220478\n|move|p2a: Grimmsnarl|Taunt|p1a: On...\n|-start|p1a: On...|move: Taunt\n|cant|p1a: On...|move: Taunt|Swords Dance\n|\n|upkeep\n|turn|2\n|j| Slowlibra\n|\n|t:|1699220486\n|move|p2a: Grimmsnarl|Reflect|p2a: Grimmsnarl\n|-sidestart|p2: Asta_RPPLF|Reflect\n|move|p1a: On...|Ivy Cudgel|p2a: Grimmsnarl\n|-damage|p2a: Grimmsnarl|62\/100\n|\n|upkeep\n|turn|3\n|\n|t:|1699220492\n|move|p2a: Grimmsnarl|Parting Shot|p1a: On...\n|-unboost|p1a: On...|atk|1\n|-unboost|p1a: On...|spa|1\n|\n|t:|1699220518\n|switch|p2a: Dachsbun|Dachsbun, M|100\/100|[from] Parting Shot\n|move|p1a: On...|Ivy Cudgel|p2a: Dachsbun\n|-damage|p2a: Dachsbun|86\/100\n|\n|-end|p1a: On...|move: Taunt\n|upkeep\n|turn|4\n|\n|t:|1699220531\n|move|p1a: On...|U-turn|p2a: Dachsbun\n|-resisted|p2a: Dachsbun\n|-damage|p2a: Dachsbun|83\/100\n|-damage|p1a: On...|84\/100|[from] item: Rocky Helmet|[of] p2a: Dachsbun\n|\n|t:|1699220533\n|switch|p1a: Vroom vroom|Rotom-Mow|100\/100|[from] U-turn\n|move|p2a: Dachsbun|Body Press|p1a: Vroom vroom\n|-damage|p1a: Vroom vroom|67\/100\n|\n|-heal|p1a: Vroom vroom|73\/100|[from] item: Leftovers\n|upkeep\n|turn|5\n|\n|t:|1699220550\n|switch|p2a: Fezandipiti|Fezandipiti, M|100\/100\n|move|p1a: Vroom vroom|Nasty Plot|p1a: Vroom vroom\n|-boost|p1a: Vroom vroom|spa|2\n|\n|-heal|p1a: Vroom vroom|79\/100|[from] item: Leftovers\n|upkeep\n|turn|6\n|\n|t:|1699220566\n|move|p1a: Vroom vroom|Volt Switch|p2a: Fezandipiti\n|-crit|p2a: Fezandipiti\n|-damage|p2a: Fezandipiti|52\/100\n|\n|t:|1699220582\n|switch|p1a: Mommy|Leavanny, F|100\/100|[from] Volt Switch\n|move|p2a: Fezandipiti|U-turn|p1a: Mommy\n|-supereffective|p1a: Mommy\n|-damage|p1a: Mommy|60\/100\n|\n|t:|1699220608\n|switch|p2a: Grimmsnarl|Grimmsnarl, M|62\/100|[from] U-turn\n|\n|upkeep\n|turn|7\n|\n|t:|1699220614\n|move|p2a: Grimmsnarl|Taunt|p1a: Mommy\n|-start|p1a: Mommy|move: Taunt\n|move|p1a: Mommy|Poison Jab|p2a: Grimmsnarl\n|-supereffective|p2a: Grimmsnarl\n|-damage|p2a: Grimmsnarl|29\/100\n|-status|p2a: Grimmsnarl|psn\n|\n|-damage|p2a: Grimmsnarl|16\/100 psn|[from] psn\n|upkeep\n|turn|8\n|\n|t:|1699220627\n|move|p2a: Grimmsnarl|Parting Shot|p1a: Mommy\n|-unboost|p1a: Mommy|atk|1\n|-unboost|p1a: Mommy|spa|1\n|\n|t:|1699220637\n|switch|p2a: Jirachi|Jirachi|100\/100|[from] Parting Shot\n|move|p1a: Mommy|Leaf Blade|p2a: Jirachi\n|-resisted|p2a: Jirachi\n|-damage|p2a: Jirachi|95\/100\n|\n|-heal|p2a: Jirachi|100\/100|[from] item: Leftovers\n|upkeep\n|turn|9\n|\n|t:|1699220655\n|switch|p1a: Vroom vroom|Rotom-Mow|79\/100\n|move|p2a: Jirachi|Calm Mind|p2a: Jirachi\n|-boost|p2a: Jirachi|spa|1\n|-boost|p2a: Jirachi|spd|1\n|\n|-heal|p1a: Vroom vroom|85\/100|[from] item: Leftovers\n|-sideend|p2: Asta_RPPLF|Reflect\n|upkeep\n|turn|10\n|\n|t:|1699220666\n|move|p2a: Jirachi|Calm Mind|p2a: Jirachi\n|-boost|p2a: Jirachi|spa|1\n|-boost|p2a: Jirachi|spd|1\n|move|p1a: Vroom vroom|Will-O-Wisp|p2a: Jirachi\n|-status|p2a: Jirachi|brn\n|\n|-heal|p1a: Vroom vroom|91\/100|[from] item: Leftovers\n|-damage|p2a: Jirachi|94\/100 brn|[from] brn\n|upkeep\n|turn|11\n|\n|t:|1699220678\n|move|p2a: Jirachi|Calm Mind|p2a: Jirachi\n|-boost|p2a: Jirachi|spa|1\n|-boost|p2a: Jirachi|spd|1\n|move|p1a: Vroom vroom|Volt Switch|p2a: Jirachi\n|-damage|p2a: Jirachi|84\/100 brn\n|\n|t:|1699220683\n|switch|p1a: Formation...|Torkoal, F|100\/100|[from] Volt Switch\n|-weather|SunnyDay|[from] ability: Drought|[of] p1a: Formation...\n|\n|-weather|SunnyDay|[upkeep]\n|-heal|p2a: Jirachi|91\/100 brn|[from] item: Leftovers\n|-damage|p2a: Jirachi|84\/100 brn|[from] brn\n|upkeep\n|turn|12\n|c|\u2606Aurorecristal|Gg\n|\n|t:|1699220700\n|move|p2a: Jirachi|Stored Power|p1a: Formation...\n|-damage|p1a: Formation...|0 fnt\n|faint|p1a: Formation...\n|\n|-weather|SunnyDay|[upkeep]\n|-heal|p2a: Jirachi|91\/100 brn|[from] item: Leftovers\n|-damage|p2a: Jirachi|84\/100 brn|[from] brn\n|upkeep\n|\n|t:|1699220718\n|switch|p1a: On...|Ogerpon-Hearthflame, F|84\/100\n|-ability|p1a: On...|Mold Breaker\n|turn|13\n|\n|t:|1699220733\n|-terastallize|p2a: Jirachi|Water\n|move|p1a: On...|U-turn|p2a: Jirachi\n|-damage|p2a: Jirachi|60\/100 brn\n|\n|t:|1699220737\n|switch|p1a: Mommy|Leavanny, F|60\/100|[from] U-turn\n|move|p2a: Jirachi|Stored Power|p1a: Mommy\n|-damage|p1a: Mommy|0 fnt\n|faint|p1a: Mommy\n|\n|-weather|SunnyDay|[upkeep]\n|-heal|p2a: Jirachi|66\/100 brn|[from] item: Leftovers\n|-damage|p2a: Jirachi|60\/100 brn|[from] brn\n|upkeep\n|\n|t:|1699220739\n|switch|p1a: Future...|Iron Leaves|100\/100\n|-enditem|p1a: Future...|Booster Energy\n|-activate|p1a: Future...|ability: Quark Drive|[fromitem]\n|-start|p1a: Future...|quarkdriveatk\n|turn|14\n|\n|t:|1699220768\n|move|p1a: Future...|Swords Dance|p1a: Future...\n|-boost|p1a: Future...|atk|2\n|move|p2a: Jirachi|Stored Power|p1a: Future...\n|-resisted|p1a: Future...\n|-damage|p1a: Future...|40\/100\n|\n|-weather|SunnyDay|[upkeep]\n|-heal|p2a: Jirachi|66\/100 brn|[from] item: Leftovers\n|-damage|p2a: Jirachi|60\/100 brn|[from] brn\n|upkeep\n|turn|15\n|\n|t:|1699220815\n|move|p1a: Future...|Leaf Blade|p2a: Jirachi\n|-supereffective|p2a: Jirachi\n|-damage|p2a: Jirachi|0 fnt\n|faint|p2a: Jirachi\n|\n|-weather|none\n|upkeep\n|\n|t:|1699220822\n|switch|p2a: Grimmsnarl|Grimmsnarl, M|16\/100 psn\n|turn|16\n|\n|t:|1699220829\n|move|p2a: Grimmsnarl|Reflect|p2a: Grimmsnarl\n|-sidestart|p2: Asta_RPPLF|Reflect\n|move|p1a: Future...|Swords Dance|p1a: Future...\n|-boost|p1a: Future...|atk|2\n|\n|-damage|p2a: Grimmsnarl|4\/100 psn|[from] psn\n|upkeep\n|turn|17\n|\n|t:|1699220843\n|move|p2a: Grimmsnarl|Taunt|p1a: Future...\n|-start|p1a: Future...|move: Taunt\n|cant|p1a: Future...|move: Taunt|Swords Dance\n|\n|-damage|p2a: Grimmsnarl|0 fnt|[from] psn\n|faint|p2a: Grimmsnarl\n|upkeep\n|\n|t:|1699220851\n|switch|p2a: Dachsbun|Dachsbun, M|83\/100\n|turn|18\n|\n|t:|1699220869\n|move|p1a: Future...|Leaf Blade|p2a: Dachsbun\n|-damage|p2a: Dachsbun|22\/100\n|-damage|p1a: Future...|24\/100|[from] item: Rocky Helmet|[of] p2a: Dachsbun\n|move|p2a: Dachsbun|Play Rough|p1a: Future...\n|-damage|p1a: Future...|0 fnt\n|faint|p1a: Future...\n|-end|p1a: Future...|Quark Drive|[silent]\n|\n|upkeep\n|\n|t:|1699220885\n|switch|p1a: Vroom vroom|Rotom-Mow|91\/100\n|turn|19\n|\n|t:|1699220903\n|move|p1a: Vroom vroom|Nasty Plot|p1a: Vroom vroom\n|-boost|p1a: Vroom vroom|spa|2\n|move|p2a: Dachsbun|Body Press|p1a: Vroom vroom\n|-damage|p1a: Vroom vroom|58\/100\n|\n|-heal|p1a: Vroom vroom|64\/100|[from] item: Leftovers\n|upkeep\n|turn|20\n|\n|t:|1699220928\n|move|p1a: Vroom vroom|Leaf Storm|p2a: Dachsbun\n|-damage|p2a: Dachsbun|0 fnt\n|-unboost|p1a: Vroom vroom|spa|2\n|faint|p2a: Dachsbun\n|\n|-heal|p1a: Vroom vroom|70\/100|[from] item: Leftovers\n|upkeep\n|\n|t:|1699220937\n|switch|p2a: Fezandipiti|Fezandipiti, M|52\/100\n|turn|21\n|\n|t:|1699220949\n|move|p1a: Vroom vroom|Will-O-Wisp|p2a: Fezandipiti\n|-status|p2a: Fezandipiti|brn\n|move|p2a: Fezandipiti|Roost|p2a: Fezandipiti\n|-heal|p2a: Fezandipiti|100\/100 brn\n|-singleturn|p2a: Fezandipiti|move: Roost\n|\n|-heal|p1a: Vroom vroom|76\/100|[from] item: Leftovers\n|-damage|p2a: Fezandipiti|94\/100 brn|[from] brn\n|upkeep\n|turn|22\n|\n|t:|1699220964\n|move|p1a: Vroom vroom|Nasty Plot|p1a: Vroom vroom\n|-boost|p1a: Vroom vroom|spa|2\n|move|p2a: Fezandipiti|U-turn|p1a: Vroom vroom\n|-supereffective|p1a: Vroom vroom\n|-damage|p1a: Vroom vroom|60\/100\n|-status|p1a: Vroom vroom|tox|[from] ability: Toxic Chain|[of] p2a: Fezandipiti\n|\n|t:|1699220974\n|switch|p2a: Gholdengo|Gholdengo|100\/100|[from] U-turn\n|-item|p2a: Gholdengo|Air Balloon\n|\n|-heal|p1a: Vroom vroom|66\/100 tox|[from] item: Leftovers\n|-damage|p1a: Vroom vroom|60\/100 tox|[from] psn\n|upkeep\n|turn|23\n|\n|t:|1699220989\n|move|p1a: Vroom vroom|Volt Switch|p2a: Gholdengo\n|-damage|p2a: Gholdengo|31\/100\n|-enditem|p2a: Gholdengo|Air Balloon\n|\n|t:|1699220992\n|switch|p1a: Five nights at..|Delphox, M|100\/100|[from] Volt Switch\n|move|p2a: Gholdengo|Shadow Ball|p1a: Five nights at..\n|-supereffective|p1a: Five nights at..\n|-damage|p1a: Five nights at..|0 fnt\n|faint|p1a: Five nights at..\n|\n|-sideend|p2: Asta_RPPLF|Reflect\n|upkeep\n|\n|t:|1699220998\n|switch|p1a: Vroom vroom|Rotom-Mow|60\/100 tox\n|turn|24\n|\n|t:|1699221011\n|switch|p2a: Fezandipiti|Fezandipiti, M|94\/100 brn\n|move|p1a: Vroom vroom|Volt Switch|p2a: Fezandipiti\n|-damage|p2a: Fezandipiti|77\/100 brn\n|\n|t:|1699221014\n|switch|p1a: On...|Ogerpon-Hearthflame, F|84\/100|[from] Volt Switch\n|-ability|p1a: On...|Mold Breaker\n|\n|-heal|p2a: Fezandipiti|83\/100 brn|[from] item: Black Sludge\n|-damage|p2a: Fezandipiti|77\/100 brn|[from] brn\n|upkeep\n|turn|25\n|\n|t:|1699221026\n|move|p1a: On...|Ivy Cudgel|p2a: Fezandipiti\n|-damage|p2a: Fezandipiti|15\/100 brn\n|move|p2a: Fezandipiti|U-turn|p1a: On...\n|-damage|p1a: On...|74\/100\n|\n|t:|1699221036\n|switch|p2a: Azumarill|Azumarill, M|100\/100|[from] U-turn\n|\n|upkeep\n|turn|26\n|\n|t:|1699221058\n|move|p2a: Azumarill|Aqua Jet|p1a: On...\n|-damage|p1a: On...|42\/100\n|move|p1a: On...|U-turn|p2a: Azumarill\n|-resisted|p2a: Azumarill\n|-damage|p2a: Azumarill|86\/100\n|\n|t:|1699221061\n|switch|p1a: Vroom vroom|Rotom-Mow|60\/100 tox|[from] U-turn\n|\n|-heal|p1a: Vroom vroom|66\/100 tox|[from] item: Leftovers\n|-damage|p1a: Vroom vroom|60\/100 tox|[from] psn\n|upkeep\n|turn|27\n|\n|t:|1699221096\n|switch|p2a: Gholdengo|Gholdengo|31\/100\n|-terastallize|p1a: Vroom vroom|Electric\n|move|p1a: Vroom vroom|Volt Switch|p2a: Gholdengo\n|-damage|p2a: Gholdengo|0 fnt\n|faint|p2a: Gholdengo\n|\n|t:|1699221099\n|switch|p1a: On...|Ogerpon-Hearthflame, F|42\/100|[from] Volt Switch\n|-ability|p1a: On...|Mold Breaker\n|\n|upkeep\n|\n|t:|1699221114\n|switch|p2a: Azumarill|Azumarill, M|86\/100\n|turn|28\n|\n|t:|1699221126\n|move|p1a: On...|Ivy Cudgel|p2a: Azumarill\n|-resisted|p2a: Azumarill\n|-damage|p2a: Azumarill|55\/100\n|move|p2a: Azumarill|Belly Drum|p2a: Azumarill\n|-damage|p2a: Azumarill|5\/100\n|-setboost|p2a: Azumarill|atk|6|[from] move: Belly Drum\n|-enditem|p2a: Azumarill|Sitrus Berry|[eat]\n|-heal|p2a: Azumarill|30\/100|[from] item: Sitrus Berry\n|\n|upkeep\n|turn|29\n|c|\u2606Aurorecristal|Gg\n|\n|t:|1699221139\n|move|p2a: Azumarill|Aqua Jet|p1a: On...\n|-damage|p1a: On...|0 fnt\n|faint|p1a: On...\n|\n|upkeep\n|\n|t:|1699221140\n|switch|p1a: Vroom vroom|Rotom-Mow, tera:Electric|60\/100 tox\n|turn|30\n|c|\u2606Asta_RPPLF|Gg\n|\n|t:|1699221146\n|move|p2a: Azumarill|Aqua Jet|p1a: Vroom vroom\n|-damage|p1a: Vroom vroom|0 fnt\n|faint|p1a: Vroom vroom\n|\n|win|Asta_RPPLF\n","uploadtime":1699221153,"views":12,"p1id":"aurorecristal","p2id":"astarpplf","formatid":"gen9ubers","rating":0,"private":0,"password":""}