{"id":"gen9ubers-1996102762","p1":"Aaron MA","p2":"ImhoPitit","format":"[Gen 9] Ubers","log":"|j|\u2606Aaron MA\n|j|\u2606ImhoPitit\n|t:|1700644491\n|gametype|singles\n|player|p1|Aaron MA|1|\n|player|p2|ImhoPitit|lucas|\n|teamsize|p1|6\n|teamsize|p2|6\n|gen|9\n|tier|[Gen 9] Ubers\n|rule|Sleep Clause Mod: Limit one foe put to sleep\n|rule|Species Clause: Limit one of each Pok\u00e9mon\n|rule|OHKO Clause: OHKO moves are banned\n|rule|Evasion Items Clause: Evasion items are banned\n|rule|Evasion Moves Clause: Evasion moves are banned\n|rule|Endless Battle Clause: Forcing endless battles is banned\n|rule|HP Percentage Mod: HP is shown in percentages\n|clearpoke\n|poke|p1|Scizor, M|\n|poke|p1|Gliscor, M|\n|poke|p1|Slowking-Galar, F|\n|poke|p1|Urshifu-*, M|\n|poke|p1|Volcarona, M|\n|poke|p1|Iron Valiant|\n|poke|p2|Ceruledge, F|\n|poke|p2|Walking Wake|\n|poke|p2|Hatterene, F|\n|poke|p2|Enamorus, F|\n|poke|p2|Slowking-Galar, F|\n|poke|p2|Bellibolt, F|\n|teampreview\n|inactive|Battle timer is ON: inactive players will automatically lose when time's up. (requested by ImhoPitit)\n|\n|t:|1700644503\n|start\n|switch|p1a: Gliscor|Gliscor, M|100\/100\n|switch|p2a: Choipeau|Slowking-Galar, F|100\/100\n|turn|1\n|\n|t:|1700644514\n|move|p1a: Gliscor|Protect|p1a: Gliscor\n|-singleturn|p1a: Gliscor|Protect\n|move|p2a: Choipeau|Ice Beam|p1a: Gliscor\n|-activate|p1a: Gliscor|move: Protect\n|\n|-status|p1a: Gliscor|tox|[from] item: Toxic Orb\n|upkeep\n|turn|2\n|\n|t:|1700644526\n|switch|p1a: Slowking|Slowking-Galar, F|100\/100\n|move|p2a: Choipeau|Ice Beam|p1a: Slowking\n|-damage|p1a: Slowking|82\/100\n|\n|upkeep\n|turn|3\n|\n|t:|1700644538\n|move|p2a: Choipeau|Shadow Ball|p1a: Slowking\n|-supereffective|p1a: Slowking\n|-damage|p1a: Slowking|50\/100\n|-enditem|p1a: Slowking|Sitrus Berry|[eat]\n|-heal|p1a: Slowking|75\/100|[from] item: Sitrus Berry\n|move|p1a: Slowking|Future Sight|p2a: Choipeau\n|-start|p1a: Slowking|move: Future Sight\n|\n|upkeep\n|turn|4\n|\n|t:|1700644550\n|move|p2a: Choipeau|Shadow Ball|p1a: Slowking\n|-supereffective|p1a: Slowking\n|-damage|p1a: Slowking|44\/100\n|move|p1a: Slowking|Chilly Reception|p1a: Slowking\n|-weather|Snow\n|\n|t:|1700644564\n|switch|p1a: Scizor|Scizor, M|100\/100|[from] Chilly Reception\n|\n|-weather|Snow|[upkeep]\n|upkeep\n|turn|5\n|\n|t:|1700644576\n|switch|p1a: Slowking|Slowking-Galar, F|77\/100\n|move|p2a: Choipeau|Flamethrower|p1a: Slowking\n|-damage|p1a: Slowking|58\/100\n|\n|-weather|Snow|[upkeep]\n|-end|p2a: Choipeau|move: Future Sight\n|-damage|p2a: Choipeau|75\/100\n|upkeep\n|turn|6\n|\n|t:|1700644587\n|move|p2a: Choipeau|Shadow Ball|p1a: Slowking\n|-supereffective|p1a: Slowking\n|-damage|p1a: Slowking|27\/100\n|move|p1a: Slowking|Chilly Reception|p1a: Slowking\n|\n|t:|1700644595\n|switch|p1a: Urshifu|Urshifu-Rapid-Strike, M|100\/100|[from] Chilly Reception\n|\n|-weather|Snow|[upkeep]\n|upkeep\n|turn|7\n|\n|t:|1700644607\n|switch|p2a: Walking Wake|Walking Wake|100\/100\n|-enditem|p2a: Walking Wake|Booster Energy\n|-activate|p2a: Walking Wake|ability: Protosynthesis|[fromitem]\n|-start|p2a: Walking Wake|protosynthesisspa\n|-terastallize|p1a: Urshifu|Water\n|move|p1a: Urshifu|Surging Strikes|p2a: Walking Wake\n|-resisted|p2a: Walking Wake\n|-crit|p2a: Walking Wake\n|-damage|p2a: Walking Wake|93\/100\n|-resisted|p2a: Walking Wake\n|-crit|p2a: Walking Wake\n|-damage|p2a: Walking Wake|85\/100\n|-resisted|p2a: Walking Wake\n|-crit|p2a: Walking Wake\n|-damage|p2a: Walking Wake|78\/100\n|-hitcount|p2a: Walking Wake|3\n|\n|-weather|Snow|[upkeep]\n|upkeep\n|turn|8\n|inactive|Aaron MA has 270 seconds left.\n|\n|t:|1700644637\n|switch|p1a: Scizor|Scizor, M|100\/100\n|move|p2a: Walking Wake|Dragon Pulse|p1a: Scizor\n|-resisted|p1a: Scizor\n|-damage|p1a: Scizor|62\/100\n|\n|-weather|none\n|upkeep\n|turn|9\n|\n|t:|1700644648\n|-end|p2a: Walking Wake|Protosynthesis|[silent]\n|switch|p2a: Bellibolt|Bellibolt, F|100\/100\n|move|p1a: Scizor|Bullet Punch|p2a: Bellibolt\n|-resisted|p2a: Bellibolt\n|-damage|p2a: Bellibolt|84\/100\n|-start|p2a: Bellibolt|Charge|Bullet Punch|[from] ability: Electromorphosis\n|\n|upkeep\n|turn|10\n|\n|t:|1700644661\n|switch|p1a: Gliscor|Gliscor, M|100\/100 tox\n|move|p2a: Bellibolt|Parabolic Charge|p1a: Gliscor\n|-immune|p1a: Gliscor\n|-end|p2a: Bellibolt|Charge|[silent]\n|\n|upkeep\n|turn|11\n|inactive|Aaron MA has 270 seconds left.\n|inactive|ImhoPitit has 270 seconds left.\n|\n|t:|1700644701\n|switch|p2a: Hatterene|Hatterene, F|100\/100\n|move|p1a: Gliscor|Earthquake|p2a: Hatterene\n|-damage|p2a: Hatterene|76\/100\n|\n|-heal|p2a: Hatterene|82\/100|[from] item: Leftovers\n|upkeep\n|turn|12\n|inactive|ImhoPitit has 270 seconds left.\n|j| Asta28240\n|\n|t:|1700644715\n|switch|p1a: Slowking|Slowking-Galar, F|61\/100\n|move|p2a: Hatterene|Calm Mind|p2a: Hatterene\n|-boost|p2a: Hatterene|spa|1\n|-boost|p2a: Hatterene|spd|1\n|\n|-heal|p2a: Hatterene|88\/100|[from] item: Leftovers\n|upkeep\n|turn|13\n|inactive|ImhoPitit has 270 seconds left.\n|\n|t:|1700644732\n|-terastallize|p2a: Hatterene|Water\n|move|p1a: Slowking|Sludge Bomb|p2a: Hatterene\n|-crit|p2a: Hatterene\n|-damage|p2a: Hatterene|30\/100\n|-status|p2a: Hatterene|psn\n|move|p2a: Hatterene|Calm Mind|p2a: Hatterene\n|-boost|p2a: Hatterene|spa|1\n|-boost|p2a: Hatterene|spd|1\n|\n|-heal|p2a: Hatterene|36\/100 psn|[from] item: Leftovers\n|-damage|p2a: Hatterene|24\/100 psn|[from] psn\n|upkeep\n|turn|14\n|inactive|ImhoPitit has 270 seconds left.\n|\n|t:|1700644747\n|move|p1a: Slowking|Chilly Reception|p1a: Slowking\n|-weather|Snow\n|\n|t:|1700644756\n|switch|p1a: Scizor|Scizor, M|62\/100|[from] Chilly Reception\n|move|p2a: Hatterene|Psyshock|p1a: Scizor\n|-resisted|p1a: Scizor\n|-damage|p1a: Scizor|25\/100\n|\n|-weather|Snow|[upkeep]\n|-heal|p2a: Hatterene|30\/100 psn|[from] item: Leftovers\n|-damage|p2a: Hatterene|17\/100 psn|[from] psn\n|upkeep\n|turn|15\n|inactive|ImhoPitit has 270 seconds left.\n|\n|t:|1700644773\n|move|p1a: Scizor|Bullet Punch|p2a: Hatterene\n|-resisted|p2a: Hatterene\n|-damage|p2a: Hatterene|0 fnt\n|faint|p2a: Hatterene\n|\n|-weather|Snow|[upkeep]\n|upkeep\n|inactive|ImhoPitit has 270 seconds left.\n|\n|t:|1700644785\n|switch|p2a: Bellibolt|Bellibolt, F|84\/100\n|turn|16\n|\n|t:|1700644792\n|switch|p1a: Gliscor|Gliscor, M|100\/100 tox\n|switch|p2a: Choipeau|Slowking-Galar, F|100\/100\n|\n|-weather|Snow|[upkeep]\n|upkeep\n|turn|17\n|inactive|Aaron MA has 270 seconds left.\n|\n|t:|1700644800\n|move|p1a: Gliscor|Protect|p1a: Gliscor\n|-singleturn|p1a: Gliscor|Protect\n|move|p2a: Choipeau|Ice Beam|p1a: Gliscor\n|-activate|p1a: Gliscor|move: Protect\n|\n|-weather|Snow|[upkeep]\n|upkeep\n|turn|18\n|inactive|Aaron MA has 270 seconds left.\n|\n|t:|1700644811\n|switch|p1a: Slowking|Slowking-Galar, F|94\/100\n|move|p2a: Choipeau|Shadow Ball|p1a: Slowking\n|-supereffective|p1a: Slowking\n|-damage|p1a: Slowking|61\/100\n|\n|-weather|none\n|upkeep\n|turn|19\n|inactive|Aaron MA has 270 seconds left.\n|\n|t:|1700644826\n|move|p2a: Choipeau|Shadow Ball|p1a: Slowking\n|-supereffective|p1a: Slowking\n|-damage|p1a: Slowking|27\/100\n|move|p1a: Slowking|Chilly Reception|p1a: Slowking\n|-weather|Snow\n|\n|t:|1700644834\n|switch|p1a: Urshifu|Urshifu-Rapid-Strike, M, tera:Water|100\/100|[from] Chilly Reception\n|\n|-weather|Snow|[upkeep]\n|upkeep\n|turn|20\n|inactive|Aaron MA has 270 seconds left.\n|\n|t:|1700644847\n|switch|p2a: Walking Wake|Walking Wake|78\/100\n|move|p1a: Urshifu|Close Combat|p2a: Walking Wake\n|-damage|p2a: Walking Wake|9\/100\n|-unboost|p1a: Urshifu|def|1\n|-unboost|p1a: Urshifu|spd|1\n|\n|-weather|Snow|[upkeep]\n|upkeep\n|turn|21\n|inactive|Aaron MA has 270 seconds left.\n|\n|t:|1700644863\n|move|p1a: Urshifu|Close Combat|p2a: Walking Wake\n|-damage|p2a: Walking Wake|0 fnt\n|-unboost|p1a: Urshifu|def|1\n|-unboost|p1a: Urshifu|spd|1\n|faint|p2a: Walking Wake\n|-end|p2a: Walking Wake|Protosynthesis|[silent]\n|\n|-weather|Snow|[upkeep]\n|upkeep\n|\n|t:|1700644871\n|switch|p2a: Ceruledge|Ceruledge, F|100\/100\n|turn|22\n|\n|t:|1700644877\n|switch|p1a: Gliscor|Gliscor, M|100\/100 tox\n|move|p2a: Ceruledge|Swords Dance|p2a: Ceruledge\n|-boost|p2a: Ceruledge|atk|2\n|\n|-weather|Snow|[upkeep]\n|upkeep\n|turn|23\n|\n|t:|1700644886\n|move|p2a: Ceruledge|Poltergeist|p1a: Gliscor\n|-activate|p1a: Gliscor|move: Poltergeist|Toxic Orb\n|-damage|p1a: Gliscor|38\/100 tox\n|move|p1a: Gliscor|Toxic|p2a: Ceruledge\n|-status|p2a: Ceruledge|tox\n|\n|-weather|none\n|-damage|p2a: Ceruledge|94\/100 tox|[from] psn\n|-heal|p1a: Gliscor|50\/100 tox|[from] ability: Poison Heal\n|upkeep\n|turn|24\n|\n|t:|1700644898\n|move|p1a: Gliscor|Protect|p1a: Gliscor\n|-singleturn|p1a: Gliscor|Protect\n|move|p2a: Ceruledge|Bitter Blade|p1a: Gliscor\n|-activate|p1a: Gliscor|move: Protect\n|\n|-damage|p2a: Ceruledge|82\/100 tox|[from] psn\n|-heal|p1a: Gliscor|62\/100 tox|[from] ability: Poison Heal\n|upkeep\n|turn|25\n|\n|t:|1700644909\n|move|p2a: Ceruledge|Poltergeist|p1a: Gliscor\n|-activate|p1a: Gliscor|move: Poltergeist|Toxic Orb\n|-damage|p1a: Gliscor|0 fnt\n|faint|p1a: Gliscor\n|\n|-damage|p2a: Ceruledge|63\/100 tox|[from] psn\n|upkeep\n|inactive|Aaron MA has 270 seconds left.\n|\n|t:|1700644938\n|switch|p1a: Urshifu|Urshifu-Rapid-Strike, M, tera:Water|100\/100\n|turn|26\n|\n|t:|1700644952\n|move|p2a: Ceruledge|Shadow Sneak|p1a: Urshifu\n|-damage|p1a: Urshifu|56\/100\n|move|p1a: Urshifu|Surging Strikes|p2a: Ceruledge\n|-supereffective|p2a: Ceruledge\n|-crit|p2a: Ceruledge\n|-damage|p2a: Ceruledge|0 fnt\n|faint|p2a: Ceruledge\n|-hitcount|p2: Ceruledge|1\n|\n|upkeep\n|\n|t:|1700644960\n|switch|p2a: Bellibolt|Bellibolt, F|84\/100\n|turn|27\n|inactive|Aaron MA has 270 seconds left.\n|\n|t:|1700644968\n|switch|p1a: Slowking|Slowking-Galar, F|61\/100\n|move|p2a: Bellibolt|Parabolic Charge|p1a: Slowking\n|-damage|p1a: Slowking|48\/100\n|-heal|p2a: Bellibolt|90\/100|[from] drain|[of] p1a: Slowking\n|\n|upkeep\n|turn|28\n|inactive|Aaron MA has 270 seconds left.\n|\n|t:|1700644978\n|move|p2a: Bellibolt|Volt Switch|p1a: Slowking\n|-damage|p1a: Slowking|34\/100\n|\n|t:|1700644981\n|switch|p2a: Choipeau|Slowking-Galar, F|100\/100|[from] Volt Switch\n|move|p1a: Slowking|Future Sight|p2a: Choipeau\n|-start|p1a: Slowking|move: Future Sight\n|\n|upkeep\n|turn|29\n|\n|t:|1700644989\n|switch|p1a: Volcarona|Volcarona, M|100\/100\n|move|p2a: Choipeau|Shadow Ball|p1a: Volcarona\n|-damage|p1a: Volcarona|75\/100\n|\n|upkeep\n|turn|30\n|\n|t:|1700645002\n|move|p1a: Volcarona|Will-O-Wisp|p2a: Choipeau\n|-status|p2a: Choipeau|brn\n|move|p2a: Choipeau|Sludge Bomb|p1a: Volcarona\n|-damage|p1a: Volcarona|33\/100\n|\n|-end|p2a: Choipeau|move: Future Sight\n|-damage|p2a: Choipeau|76\/100 brn\n|-damage|p2a: Choipeau|70\/100 brn|[from] brn\n|upkeep\n|turn|31\n|\n|t:|1700645015\n|switch|p1a: Scizor|Scizor, M|25\/100\n|move|p2a: Choipeau|Sludge Bomb|p1a: Scizor\n|-immune|p1a: Scizor\n|\n|-damage|p2a: Choipeau|64\/100 brn|[from] brn\n|upkeep\n|turn|32\n|inactive|Aaron MA has 270 seconds left.\n|\n|t:|1700645039\n|switch|p2a: Bellibolt|Bellibolt, F|90\/100\n|move|p1a: Scizor|Bullet Punch|p2a: Bellibolt\n|-resisted|p2a: Bellibolt\n|-damage|p2a: Bellibolt|74\/100\n|-start|p2a: Bellibolt|Charge|Bullet Punch|[from] ability: Electromorphosis\n|\n|upkeep\n|turn|33\n|inactive|Aaron MA has 270 seconds left.\n|\n|t:|1700645053\n|switch|p1a: Slowking|Slowking-Galar, F|68\/100\n|move|p2a: Bellibolt|Parabolic Charge|p1a: Slowking\n|-damage|p1a: Slowking|38\/100\n|-heal|p2a: Bellibolt|88\/100|[from] drain|[of] p1a: Slowking\n|-end|p2a: Bellibolt|Charge|[silent]\n|\n|upkeep\n|turn|34\n|inactive|Aaron MA has 270 seconds left.\n|\n|t:|1700645063\n|move|p2a: Bellibolt|Parabolic Charge|p1a: Slowking\n|-damage|p1a: Slowking|22\/100\n|-heal|p2a: Bellibolt|96\/100|[from] drain|[of] p1a: Slowking\n|move|p1a: Slowking|Future Sight|p2a: Bellibolt\n|-start|p1a: Slowking|move: Future Sight\n|\n|upkeep\n|turn|35\n|inactive|Aaron MA has 270 seconds left.\n|\n|t:|1700645077\n|move|p2a: Bellibolt|Parabolic Charge|p1a: Slowking\n|-damage|p1a: Slowking|2\/100\n|-heal|p2a: Bellibolt|100\/100|[from] drain|[of] p1a: Slowking\n|move|p1a: Slowking|Chilly Reception|p1a: Slowking\n|-weather|Snow\n|inactive|Aaron MA has 270 seconds left.\n|\n|t:|1700645085\n|switch|p1a: Volcarona|Volcarona, M|33\/100|[from] Chilly Reception\n|\n|-weather|Snow|[upkeep]\n|upkeep\n|turn|36\n|\n|t:|1700645094\n|move|p1a: Volcarona|Quiver Dance|p1a: Volcarona\n|-boost|p1a: Volcarona|spa|1\n|-boost|p1a: Volcarona|spd|1\n|-boost|p1a: Volcarona|spe|1\n|move|p2a: Bellibolt|Toxic|p1a: Volcarona\n|-status|p1a: Volcarona|tox\n|\n|-weather|Snow|[upkeep]\n|-end|p2a: Bellibolt|move: Future Sight\n|-damage|p2a: Bellibolt|59\/100\n|-start|p2a: Bellibolt|Charge|Future Sight|[from] ability: Electromorphosis\n|-damage|p1a: Volcarona|27\/100 tox|[from] psn\n|upkeep\n|turn|37\n|\n|t:|1700645107\n|move|p1a: Volcarona|Flamethrower|p2a: Bellibolt\n|-damage|p2a: Bellibolt|2\/100\n|-start|p2a: Bellibolt|Charge|Flamethrower|[from] ability: Electromorphosis\n|move|p2a: Bellibolt|Slack Off|p2a: Bellibolt\n|-heal|p2a: Bellibolt|52\/100\n|\n|-weather|Snow|[upkeep]\n|-damage|p1a: Volcarona|15\/100 tox|[from] psn\n|upkeep\n|turn|38\n|\n|t:|1700645125\n|switch|p2a: Choipeau|Slowking-Galar, F|97\/100 brn\n|move|p1a: Volcarona|Flamethrower|p2a: Choipeau\n|-damage|p2a: Choipeau|63\/100 brn\n|\n|-weather|Snow|[upkeep]\n|-damage|p1a: Volcarona|0 fnt|[from] psn\n|faint|p1a: Volcarona\n|-damage|p2a: Choipeau|57\/100 brn|[from] brn\n|upkeep\n|inactive|Aaron MA has 270 seconds left.\n|\n|t:|1700645142\n|switch|p1a: Urshifu|Urshifu-Rapid-Strike, M, tera:Water|56\/100\n|turn|39\n|inactive|Aaron MA has 270 seconds left.\n|\n|t:|1700645166\n|switch|p2a: Enamorus|Enamorus, F|100\/100\n|move|p1a: Urshifu|Iron Head|p2a: Enamorus\n|-supereffective|p2a: Enamorus\n|-damage|p2a: Enamorus|14\/100\n|\n|-weather|none\n|upkeep\n|turn|40\n|l| Asta28240\n|\n|t:|1700645185\n|move|p2a: Enamorus|Healing Wish|p2a: Enamorus\n|faint|p2a: Enamorus\n|move|p1a: Urshifu|Iron Head|p2: Enamorus|[notarget]\n|-fail|p1a: Urshifu\n|\n|upkeep\n|j| Vincent RPPLF\n|\n|t:|1700645190\n|switch|p2a: Bellibolt|Bellibolt, F|52\/100\n|-heal|p2a: Bellibolt|100\/100|[from] move: Healing Wish\n|turn|41\n|inactive|Aaron MA has 270 seconds left.\n|j| Asta28240\n|\n|t:|1700645214\n|switch|p1a: Slowking|Slowking-Galar, F|35\/100\n|move|p2a: Bellibolt|Parabolic Charge|p1a: Slowking\n|-crit|p1a: Slowking\n|-damage|p1a: Slowking|15\/100\n|\n|upkeep\n|turn|42\n|\n|t:|1700645223\n|move|p2a: Bellibolt|Parabolic Charge|p1a: Slowking\n|-damage|p1a: Slowking|0 fnt\n|faint|p1a: Slowking\n|\n|upkeep\n|\n|t:|1700645245\n|switch|p1a: Scizor|Scizor, M|25\/100\n|turn|43\n|\n|t:|1700645251\n|move|p1a: Scizor|Close Combat|p2a: Bellibolt\n|-damage|p2a: Bellibolt|61\/100\n|-unboost|p1a: Scizor|def|1\n|-unboost|p1a: Scizor|spd|1\n|-start|p2a: Bellibolt|Charge|Close Combat|[from] ability: Electromorphosis\n|move|p2a: Bellibolt|Parabolic Charge|p1a: Scizor\n|-damage|p1a: Scizor|0 fnt\n|-heal|p2a: Bellibolt|71\/100|[from] drain|[of] p1a: Scizor\n|faint|p1a: Scizor\n|-end|p2a: Bellibolt|Charge|[silent]\n|\n|upkeep\n|\n|t:|1700645262\n|switch|p1a: Iron Valiant|Iron Valiant|100\/100\n|-enditem|p1a: Iron Valiant|Booster Energy\n|-activate|p1a: Iron Valiant|ability: Quark Drive|[fromitem]\n|-start|p1a: Iron Valiant|quarkdrivespe\n|turn|44\n|\n|t:|1700645271\n|switch|p2a: Choipeau|Slowking-Galar, F|90\/100 brn\n|move|p1a: Iron Valiant|Moonblast|p2a: Choipeau\n|-resisted|p2a: Choipeau\n|-damage|p2a: Choipeau|77\/100 brn\n|\n|-damage|p2a: Choipeau|71\/100 brn|[from] brn\n|upkeep\n|turn|45\n|\n|t:|1700645287\n|move|p1a: Iron Valiant|Destiny Bond|p1a: Iron Valiant\n|-singlemove|p1a: Iron Valiant|Destiny Bond\n|move|p2a: Choipeau|Sludge Bomb|p1a: Iron Valiant\n|-supereffective|p1a: Iron Valiant\n|-damage|p1a: Iron Valiant|0 fnt\n|faint|p1a: Iron Valiant\n|-activate|p1a: Iron Valiant|move: Destiny Bond\n|-end|p1a: Iron Valiant|Quark Drive|[silent]\n|faint|p2a: Choipeau\n|\n|upkeep\n|\n|t:|1700645297\n|switch|p1a: Urshifu|Urshifu-Rapid-Strike, M, tera:Water|56\/100\n|switch|p2a: Bellibolt|Bellibolt, F|71\/100\n|turn|46\n|\n|t:|1700645309\n|move|p1a: Urshifu|Iron Head|p2a: Bellibolt\n|-resisted|p2a: Bellibolt\n|-damage|p2a: Bellibolt|61\/100\n|-start|p2a: Bellibolt|Charge|Iron Head|[from] ability: Electromorphosis\n|move|p2a: Bellibolt|Parabolic Charge|p1a: Urshifu\n|-supereffective|p1a: Urshifu\n|-damage|p1a: Urshifu|0 fnt\n|-heal|p2a: Bellibolt|84\/100|[from] drain|[of] p1a: Urshifu\n|faint|p1a: Urshifu\n|-end|p2a: Bellibolt|Charge|[silent]\n|\n|win|ImhoPitit\n","uploadtime":1700645321,"views":7,"p1id":"aaronma","p2id":"imhopitit","formatid":"gen9ubers","rating":0,"private":0,"password":""}