{"id":"gen9ubers-1992710866","p1":"Anne Frankkkk","p2":"marcs18","format":"[Gen 9] Ubers","log":"|j|\u2606Anne Frankkkk\n|j|\u2606marcs18\n|t:|1700227948\n|gametype|singles\n|player|p1|Anne Frankkkk|hilbert|1260\n|player|p2|marcs18|hilbert|1287\n|teamsize|p1|6\n|teamsize|p2|6\n|gen|9\n|tier|[Gen 9] Ubers\n|rated|\n|rule|Sleep Clause Mod: Limit one foe put to sleep\n|rule|Species Clause: Limit one of each Pok\u00e9mon\n|rule|OHKO Clause: OHKO moves are banned\n|rule|Evasion Items Clause: Evasion items are banned\n|rule|Evasion Moves Clause: Evasion moves are banned\n|rule|Endless Battle Clause: Forcing endless battles is banned\n|rule|HP Percentage Mod: HP is shown in percentages\n|clearpoke\n|poke|p1|Regieleki|\n|poke|p1|Kyogre|\n|poke|p1|Chien-Pao|\n|poke|p1|Ribombee, M|\n|poke|p1|Miraidon|\n|poke|p1|Flutter Mane|\n|poke|p2|Spectrier|\n|poke|p2|Urshifu-*, F|\n|poke|p2|Magearna|\n|poke|p2|Cyclizar, F|\n|poke|p2|Zacian-*|\n|poke|p2|Espathra, M|\n|teampreview\n|inactive|Battle timer is ON: inactive players will automatically lose when time's up. (requested by Anne Frankkkk)\n|\n|t:|1700227956\n|start\n|switch|p1a: Misdreavius|Flutter Mane, shiny|100\/100\n|switch|p2a: Cyclizar|Cyclizar, F|100\/100\n|-enditem|p1a: Misdreavius|Booster Energy\n|-activate|p1a: Misdreavius|ability: Protosynthesis|[fromitem]\n|-start|p1a: Misdreavius|protosynthesisspe\n|turn|1\n|\n|t:|1700227963\n|move|p1a: Misdreavius|Moonblast|p2a: Cyclizar\n|-supereffective|p2a: Cyclizar\n|-damage|p2a: Cyclizar|0 fnt\n|faint|p2a: Cyclizar\n|\n|upkeep\n|\n|t:|1700227969\n|switch|p2a: Spectrier|Spectrier|100\/100\n|turn|2\n|\n|t:|1700227972\n|move|p1a: Misdreavius|Shadow Ball|p2a: Spectrier\n|-supereffective|p2a: Spectrier\n|-damage|p2a: Spectrier|2\/100\n|move|p2a: Spectrier|Shadow Ball|p1a: Misdreavius\n|-supereffective|p1a: Misdreavius\n|-damage|p1a: Misdreavius|5\/100\n|\n|upkeep\n|turn|3\n|\n|t:|1700227981\n|move|p1a: Misdreavius|Moonblast|p2a: Spectrier\n|-damage|p2a: Spectrier|0 fnt\n|faint|p2a: Spectrier\n|\n|upkeep\n|\n|t:|1700227985\n|switch|p2a: Urshifu|Urshifu, F|100\/100\n|turn|4\n|\n|t:|1700227991\n|-end|p1a: Misdreavius|Protosynthesis|[silent]\n|switch|p1a: Moonblast|Ribombee, M, shiny|100\/100\n|move|p2a: Urshifu|Sucker Punch||[still]\n|-fail|p2a: Urshifu\n|\n|upkeep\n|turn|5\n|\n|t:|1700227998\n|switch|p2a: Magearna|Magearna|100\/100\n|move|p1a: Moonblast|Sticky Web|p2a: Magearna\n|-sidestart|p2: marcs18|move: Sticky Web\n|\n|upkeep\n|turn|6\n|\n|t:|1700228002\n|move|p1a: Moonblast|Stun Spore|p2a: Magearna\n|-status|p2a: Magearna|par\n|move|p2a: Magearna|Shift Gear|p2a: Magearna\n|-boost|p2a: Magearna|spe|2\n|-boost|p2a: Magearna|atk|1\n|\n|upkeep\n|turn|7\n|\n|t:|1700228010\n|move|p1a: Moonblast|Moonblast|p2a: Magearna\n|-resisted|p2a: Magearna\n|-damage|p2a: Magearna|85\/100 par\n|move|p2a: Magearna|Calm Mind|p2a: Magearna\n|-boost|p2a: Magearna|spa|1\n|-boost|p2a: Magearna|spd|1\n|\n|-heal|p2a: Magearna|91\/100 par|[from] item: Leftovers\n|upkeep\n|turn|8\n|\n|t:|1700228017\n|move|p1a: Moonblast|Moonblast|p2a: Magearna\n|-resisted|p2a: Magearna\n|-damage|p2a: Magearna|80\/100 par\n|-unboost|p2a: Magearna|spa|1\n|move|p2a: Magearna|Calm Mind|p2a: Magearna\n|-boost|p2a: Magearna|spa|1\n|-boost|p2a: Magearna|spd|1\n|\n|-heal|p2a: Magearna|86\/100 par|[from] item: Leftovers\n|upkeep\n|turn|9\n|\n|t:|1700228031\n|switch|p1a: Misdreavius|Flutter Mane, shiny|5\/100\n|cant|p2a: Magearna|par\n|\n|-heal|p2a: Magearna|92\/100 par|[from] item: Leftovers\n|upkeep\n|turn|10\n|\n|t:|1700228040\n|move|p1a: Misdreavius|Moonblast|p2a: Magearna\n|-resisted|p2a: Magearna\n|-damage|p2a: Magearna|82\/100 par\n|move|p2a: Magearna|Draining Kiss|p1a: Misdreavius\n|-damage|p1a: Misdreavius|0 fnt\n|-heal|p2a: Magearna|85\/100 par|[from] drain|[of] p1a: Misdreavius\n|faint|p1a: Misdreavius\n|-ability|p2a: Magearna|Soul-Heart|boost\n|-boost|p2a: Magearna|spa|1\n|-end|p1a: Misdreavius|Protosynthesis|[silent]\n|\n|-heal|p2a: Magearna|91\/100 par|[from] item: Leftovers\n|upkeep\n|\n|t:|1700228042\n|switch|p1a: Ice Cat|Chien-Pao|100\/100\n|-ability|p1a: Ice Cat|Sword of Ruin\n|turn|11\n|\n|t:|1700228054\n|move|p1a: Ice Cat|Swords Dance|p1a: Ice Cat\n|-boost|p1a: Ice Cat|atk|2\n|move|p2a: Magearna|Shift Gear|p2a: Magearna\n|-boost|p2a: Magearna|spe|2\n|-boost|p2a: Magearna|atk|1\n|\n|-heal|p2a: Magearna|97\/100 par|[from] item: Leftovers\n|upkeep\n|turn|12\n|\n|t:|1700228062\n|move|p1a: Ice Cat|Sacred Sword|p2a: Magearna\n|-damage|p2a: Magearna|32\/100 par\n|move|p2a: Magearna|Draining Kiss|p1a: Ice Cat\n|-supereffective|p1a: Ice Cat\n|-enditem|p1a: Ice Cat|Focus Sash\n|-damage|p1a: Ice Cat|1\/100\n|-heal|p2a: Magearna|98\/100 par|[from] drain|[of] p1a: Ice Cat\n|\n|-heal|p2a: Magearna|100\/100 par|[from] item: Leftovers\n|upkeep\n|turn|13\n|\n|t:|1700228072\n|move|p1a: Ice Cat|Sacred Sword|p2a: Magearna\n|-damage|p2a: Magearna|39\/100 par\n|move|p2a: Magearna|Draining Kiss|p1a: Ice Cat\n|-supereffective|p1a: Ice Cat\n|-damage|p1a: Ice Cat|0 fnt\n|-heal|p2a: Magearna|39\/100 par|[from] drain|[of] p1a: Ice Cat\n|faint|p1a: Ice Cat\n|-ability|p2a: Magearna|Soul-Heart|boost\n|-boost|p2a: Magearna|spa|1\n|\n|-heal|p2a: Magearna|45\/100 par|[from] item: Leftovers\n|upkeep\n|inactive|Anne Frankkkk has 120 seconds left.\n|inactive|Anne Frankkkk has 90 seconds left.\n|\n|t:|1700228158\n|switch|p1a: OHKO|Kyogre|100\/100\n|-weather|RainDance|[from] ability: Drizzle|[of] p1a: OHKO\n|turn|14\n|\n|t:|1700228166\n|-terastallize|p1a: OHKO|Water\n|move|p1a: OHKO|Water Spout|p2a: Magearna\n|-damage|p2a: Magearna|0 fnt\n|faint|p2a: Magearna\n|\n|-weather|RainDance|[upkeep]\n|upkeep\n|-message|marcs18 forfeited.\n|\n|win|Anne Frankkkk\n|raw|Anne Frankkkk's rating: 1260 &rarr; <strong>1287<\/strong><br \/>(+27 for winning)\n|raw|marcs18's rating: 1287 &rarr; <strong>1260<\/strong><br \/>(-27 for losing)\n|l|\u2606marcs18\n","uploadtime":1700228175,"views":5,"p1id":"annefrankkkk","p2id":"marcs18","formatid":"gen9ubers","rating":1260,"private":0,"password":""}