{"id":"gen9ubers-1972027544","p1":"Lamegazelle","p2":"DiffusedTurtle","format":"[Gen 9] Ubers","log":"|j|\u2606Lamegazelle\n|j|\u2606DiffusedTurtle\n|t:|1697806306\n|gametype|singles\n|player|p1|Lamegazelle|2|1324\n|player|p2|DiffusedTurtle|sordward-shielbert|1217\n|teamsize|p1|6\n|teamsize|p2|6\n|gen|9\n|tier|[Gen 9] Ubers\n|rated|\n|rule|Sleep Clause Mod: Limit one foe put to sleep\n|rule|Species Clause: Limit one of each Pok\u00e9mon\n|rule|OHKO Clause: OHKO moves are banned\n|rule|Evasion Items Clause: Evasion items are banned\n|rule|Evasion Moves Clause: Evasion moves are banned\n|rule|Endless Battle Clause: Forcing endless battles is banned\n|rule|HP Percentage Mod: HP is shown in percentages\n|clearpoke\n|poke|p1|Shaymin-Sky|\n|poke|p1|Kyogre|\n|poke|p1|Giratina|\n|poke|p1|Miraidon|\n|poke|p1|Zacian-*|\n|poke|p1|Ribombee, F|\n|poke|p2|Flutter Mane|\n|poke|p2|Koraidon|\n|poke|p2|Ogerpon-Hearthflame, F|\n|poke|p2|Glimmora, F|\n|poke|p2|Iron Bundle|\n|poke|p2|Regieleki|\n|teampreview\n|inactive|Battle timer is ON: inactive players will automatically lose when time's up. (requested by DiffusedTurtle)\n|\n|t:|1697806315\n|start\n|switch|p1a: Giratina|Giratina|100\/100\n|switch|p2a: squidward on crack|Glimmora, F|100\/100\n|-ability|p1a: Giratina|Pressure\n|turn|1\n|\n|t:|1697806324\n|move|p2a: squidward on crack|Stealth Rock|p1a: Giratina\n|-sidestart|p1: Lamegazelle|move: Stealth Rock\n|move|p1a: Giratina|Thunder Wave|p2a: squidward on crack\n|-status|p2a: squidward on crack|par\n|\n|upkeep\n|turn|2\n|\n|t:|1697806331\n|move|p2a: squidward on crack|Spikes|p1a: Giratina\n|-sidestart|p1: Lamegazelle|Spikes\n|move|p1a: Giratina|Dragon Tail|p2a: squidward on crack\n|-damage|p2a: squidward on crack|76\/100 par\n|-activate|p2a: squidward on crack|ability: Toxic Debris\n|-sidestart|p1: Lamegazelle|move: Toxic Spikes\n|drag|p2a: gucci mane|Flutter Mane|100\/100\n|\n|upkeep\n|turn|3\n|\n|t:|1697806339\n|move|p2a: gucci mane|Substitute|p2a: gucci mane\n|-start|p2a: gucci mane|Substitute\n|-damage|p2a: gucci mane|75\/100\n|move|p1a: Giratina|Thunder Wave||[still]\n|-fail|p1a: Giratina\n|\n|-heal|p2a: gucci mane|81\/100|[from] item: Leftovers\n|upkeep\n|turn|4\n|\n|t:|1697806348\n|move|p2a: gucci mane|Shadow Ball|p1a: Giratina\n|-supereffective|p1a: Giratina\n|-damage|p1a: Giratina|58\/100\n|move|p1a: Giratina|Defog|p2a: gucci mane\n|-sideend|p1: Lamegazelle|Spikes|[from] move: Defog|[of] p1a: Giratina\n|-sideend|p1: Lamegazelle|Toxic Spikes|[from] move: Defog|[of] p1a: Giratina\n|-sideend|p1: Lamegazelle|Stealth Rock|[from] move: Defog|[of] p1a: Giratina\n|\n|-heal|p2a: gucci mane|87\/100|[from] item: Leftovers\n|-heal|p1a: Giratina|64\/100|[from] item: Leftovers\n|upkeep\n|turn|5\n|inactive|Lamegazelle has 120 seconds left.\n|inactive|Lamegazelle has 90 seconds left.\n|inactive|Lamegazelle has 60 seconds left.\n|inactive|Lamegazelle has 30 seconds left.\n|\n|t:|1697806476\n|switch|p1a: Zacian|Zacian-Crowned|100\/100\n|-ability|p1a: Zacian|Intrepid Sword|boost\n|-boost|p1a: Zacian|atk|1\n|move|p2a: gucci mane|Calm Mind|p2a: gucci mane\n|-boost|p2a: gucci mane|spa|1\n|-boost|p2a: gucci mane|spd|1\n|\n|-heal|p2a: gucci mane|93\/100|[from] item: Leftovers\n|upkeep\n|turn|6\n|inactive|Lamegazelle has 30 seconds left.\n|\n|t:|1697806487\n|move|p1a: Zacian|Trailblaze|p2a: gucci mane\n|-end|p2a: gucci mane|Substitute\n|-boost|p1a: Zacian|spe|1\n|move|p2a: gucci mane|Shadow Ball|p1a: Zacian\n|-damage|p1a: Zacian|43\/100\n|-unboost|p1a: Zacian|spd|1\n|\n|-heal|p2a: gucci mane|99\/100|[from] item: Leftovers\n|upkeep\n|turn|7\n|inactive|Lamegazelle has 30 seconds left.\n|\n|t:|1697806498\n|-end|p2a: gucci mane|Protosynthesis|[silent]\n|switch|p2a: aztek priest|Koraidon|100\/100\n|-weather|SunnyDay|[from] ability: Orichalcum Pulse|[of] p2a: aztek priest\n|-activate|p2a: aztek priest|Orichalcum Pulse|[source]\n|move|p1a: Zacian|Behemoth Blade|p2a: aztek priest\n|-damage|p2a: aztek priest|20\/100\n|\n|-weather|SunnyDay|[upkeep]\n|upkeep\n|turn|8\n|inactive|Lamegazelle has 30 seconds left.\n|\n|t:|1697806508\n|move|p1a: Zacian|Behemoth Blade|p2a: aztek priest\n|-damage|p2a: aztek priest|0 fnt\n|faint|p2a: aztek priest\n|\n|-weather|SunnyDay|[upkeep]\n|upkeep\n|\n|t:|1697806516\n|switch|p2a: ooga fire ooga|Ogerpon-Hearthflame, F|100\/100\n|-ability|p2a: ooga fire ooga|Mold Breaker\n|turn|9\n|\n|t:|1697806525\n|move|p1a: Zacian|Behemoth Blade|p2a: ooga fire ooga\n|-resisted|p2a: ooga fire ooga\n|-damage|p2a: ooga fire ooga|39\/100\n|move|p2a: ooga fire ooga|Ivy Cudgel|p1a: Zacian\n|-supereffective|p1a: Zacian\n|-damage|p1a: Zacian|0 fnt\n|faint|p1a: Zacian\n|\n|-weather|SunnyDay|[upkeep]\n|upkeep\n|inactive|Lamegazelle has 30 seconds left.\n|\n|t:|1697806543\n|switch|p1a: Giratina|Giratina|64\/100\n|-ability|p1a: Giratina|Pressure\n|turn|10\n|\n|t:|1697806551\n|switch|p2a: squidward on crack|Glimmora, F|76\/100 par\n|move|p1a: Giratina|Dragon Tail|p2a: squidward on crack\n|-damage|p2a: squidward on crack|51\/100 par\n|-activate|p2a: squidward on crack|ability: Toxic Debris\n|-sidestart|p1: Lamegazelle|move: Toxic Spikes\n|drag|p2a: gucci mane|Flutter Mane|99\/100\n|-activate|p2a: gucci mane|ability: Protosynthesis\n|-start|p2a: gucci mane|protosynthesisspe\n|\n|-weather|SunnyDay|[upkeep]\n|-heal|p2a: gucci mane|100\/100|[from] item: Leftovers\n|-heal|p1a: Giratina|70\/100|[from] item: Leftovers\n|upkeep\n|turn|11\n|inactive|Lamegazelle has 30 seconds left.\n|\n|t:|1697806577\n|switch|p1a: Shaymin|Shaymin-Sky|100\/100\n|move|p2a: gucci mane|Substitute|p2a: gucci mane\n|-start|p2a: gucci mane|Substitute\n|-damage|p2a: gucci mane|75\/100\n|\n|-weather|none\n|-end|p2a: gucci mane|Protosynthesis\n|-heal|p2a: gucci mane|81\/100|[from] item: Leftovers\n|upkeep\n|turn|12\n|inactive|Lamegazelle has 30 seconds left.\n|\n|t:|1697806586\n|move|p2a: gucci mane|Moonblast|p1a: Shaymin\n|-damage|p1a: Shaymin|40\/100\n|-unboost|p1a: Shaymin|spa|1\n|move|p1a: Shaymin|Air Slash|p2a: gucci mane\n|-end|p2a: gucci mane|Substitute\n|\n|-heal|p2a: gucci mane|87\/100|[from] item: Leftovers\n|upkeep\n|turn|13\n|\n|t:|1697806596\n|move|p2a: gucci mane|Moonblast|p1a: Shaymin\n|-damage|p1a: Shaymin|0 fnt\n|faint|p1a: Shaymin\n|\n|-heal|p2a: gucci mane|93\/100|[from] item: Leftovers\n|upkeep\n|inactive|Lamegazelle has 30 seconds left.\n|\n|t:|1697806607\n|switch|p1a: Kyogre|Kyogre|100\/100\n|-status|p1a: Kyogre|psn\n|-weather|RainDance|[from] ability: Drizzle|[of] p1a: Kyogre\n|turn|14\n|inactive|DiffusedTurtle has 120 seconds left.\n|\n|t:|1697806639\n|-end|p2a: gucci mane|Protosynthesis|[silent]\n|switch|p2a: squidward on crack|Glimmora, F|51\/100 par\n|move|p1a: Kyogre|Water Spout|p2a: squidward on crack\n|-supereffective|p2a: squidward on crack\n|-damage|p2a: squidward on crack|0 fnt\n|faint|p2a: squidward on crack\n|\n|-weather|RainDance|[upkeep]\n|-damage|p1a: Kyogre|88\/100 psn|[from] psn\n|upkeep\n|\n|t:|1697806641\n|switch|p2a: kirchoff|Regieleki|100\/100\n|turn|15\n|\n|t:|1697806651\n|move|p2a: kirchoff|Volt Switch|p1a: Kyogre\n|-supereffective|p1a: Kyogre\n|-damage|p1a: Kyogre|26\/100 psn\n|\n|t:|1697806656\n|switch|p2a: santa tx5000|Iron Bundle|100\/100|[from] Volt Switch\n|move|p1a: Kyogre|Water Spout|p2a: santa tx5000\n|-resisted|p2a: santa tx5000\n|-damage|p2a: santa tx5000|43\/100\n|\n|-weather|RainDance|[upkeep]\n|-damage|p1a: Kyogre|14\/100 psn|[from] psn\n|upkeep\n|turn|16\n|\n|t:|1697806668\n|move|p2a: santa tx5000|Freeze-Dry|p1a: Kyogre\n|-supereffective|p1a: Kyogre\n|-crit|p1a: Kyogre\n|-damage|p1a: Kyogre|0 fnt\n|faint|p1a: Kyogre\n|\n|-weather|RainDance|[upkeep]\n|upkeep\n|\n|t:|1697806675\n|switch|p1a: Ribombee|Ribombee, F|100\/100\n|-status|p1a: Ribombee|psn\n|turn|17\n|\n|t:|1697806681\n|move|p2a: santa tx5000|Taunt|p1a: Ribombee\n|-start|p1a: Ribombee|move: Taunt\n|cant|p1a: Ribombee|move: Taunt|Sticky Web\n|\n|-weather|RainDance|[upkeep]\n|-damage|p1a: Ribombee|88\/100 psn|[from] psn\n|upkeep\n|turn|18\n|inactive|Lamegazelle has 60 seconds left.\n|\n|t:|1697806693\n|move|p2a: santa tx5000|Hydro Pump|p1a: Ribombee\n|-damage|p1a: Ribombee|0 fnt\n|faint|p1a: Ribombee\n|\n|-weather|none\n|upkeep\n|inactive|Lamegazelle has 60 seconds left.\n|\n|t:|1697806700\n|switch|p1a: Miraidon|Miraidon|100\/100\n|-status|p1a: Miraidon|psn\n|-fieldstart|move: Electric Terrain|[from] ability: Hadron Engine|[of] p1a: Miraidon\n|-activate|p2a: santa tx5000|ability: Quark Drive\n|-start|p2a: santa tx5000|quarkdrivespe\n|turn|19\n|\n|t:|1697806715\n|move|p2a: santa tx5000|Freeze-Dry|p1a: Miraidon\n|-supereffective|p1a: Miraidon\n|-damage|p1a: Miraidon|45\/100 psn\n|-enditem|p1a: Miraidon|Weakness Policy\n|-boost|p1a: Miraidon|atk|2|[from] item: Weakness Policy\n|-boost|p1a: Miraidon|spa|2|[from] item: Weakness Policy\n|move|p1a: Miraidon|Agility|p1a: Miraidon\n|-boost|p1a: Miraidon|spe|2\n|\n|-damage|p1a: Miraidon|32\/100 psn|[from] psn\n|upkeep\n|turn|20\n|inactive|DiffusedTurtle has 120 seconds left.\n|\n|t:|1697806751\n|move|p1a: Miraidon|Electro Drift|p2a: santa tx5000\n|-supereffective|p2a: santa tx5000\n|-damage|p2a: santa tx5000|0 fnt\n|faint|p2a: santa tx5000\n|-end|p2a: santa tx5000|Quark Drive|[silent]\n|\n|-damage|p1a: Miraidon|20\/100 psn|[from] psn\n|upkeep\n|\n|t:|1697806762\n|switch|p2a: ooga fire ooga|Ogerpon-Hearthflame, F|39\/100\n|-ability|p2a: ooga fire ooga|Mold Breaker\n|turn|21\n|\n|t:|1697806768\n|move|p1a: Miraidon|Electro Drift|p2a: ooga fire ooga\n|-resisted|p2a: ooga fire ooga\n|-damage|p2a: ooga fire ooga|0 fnt\n|faint|p2a: ooga fire ooga\n|\n|-damage|p1a: Miraidon|8\/100 psn|[from] psn\n|upkeep\n|\n|t:|1697806776\n|switch|p2a: kirchoff|Regieleki|100\/100\n|turn|22\n|\n|t:|1697806783\n|move|p1a: Miraidon|Draco Meteor|p2a: kirchoff\n|-damage|p2a: kirchoff|0 fnt\n|-unboost|p1a: Miraidon|spa|2\n|faint|p2a: kirchoff\n|\n|-damage|p1a: Miraidon|0 fnt|[from] psn\n|faint|p1a: Miraidon\n|upkeep\n|inactive|Lamegazelle has 90 seconds left.\n|\n|t:|1697806791\n|switch|p2a: gucci mane|Flutter Mane|93\/100\n|switch|p1a: Giratina|Giratina|70\/100\n|-status|p1a: Giratina|psn\n|-ability|p1a: Giratina|Pressure\n|turn|23\n|inactive|Lamegazelle has 90 seconds left.\n|\n|t:|1697806802\n|move|p2a: gucci mane|Substitute|p2a: gucci mane\n|-start|p2a: gucci mane|Substitute\n|-damage|p2a: gucci mane|68\/100\n|move|p1a: Giratina|Thunder Wave||[still]\n|-fail|p1a: Giratina\n|\n|-heal|p2a: gucci mane|74\/100|[from] item: Leftovers\n|-heal|p1a: Giratina|76\/100 psn|[from] item: Leftovers\n|-damage|p1a: Giratina|64\/100 psn|[from] psn\n|-fieldend|move: Electric Terrain\n|upkeep\n|turn|24\n|l|\u2606Lamegazelle\n|inactive|Lamegazelle disconnected and has a minute to reconnect!\n|player|p1|\n|c|\u2606DiffusedTurtle|ggs\n|inactive|Lamegazelle has 30 seconds to reconnect!\n|inactive|Lamegazelle has 20 seconds to reconnect!\n|inactive|Lamegazelle has 15 seconds to reconnect!\n|inactive|Lamegazelle has 10 seconds to reconnect!\n|inactive|Lamegazelle has 5 seconds to reconnect!\n|-message|Lamegazelle lost due to inactivity.\n|\n|win|DiffusedTurtle\n|raw|Lamegazelle's rating: 1324 &rarr; <strong>1298<\/strong><br \/>(-26 for losing)\n|raw|DiffusedTurtle's rating: 1217 &rarr; <strong>1249<\/strong><br \/>(+32 for winning)\n","uploadtime":1697806870,"views":10,"p1id":"lamegazelle","p2id":"diffusedturtle","formatid":"gen9ubers","rating":1249,"private":0,"password":""}