{"id":"gen9ubers-1980347768","p1":"GratedsShtickface","p2":"Albaz Brand","format":"[Gen 9] Ubers","log":"|j|\u2606GratedsShtickface\n|j|\u2606Albaz Brand\n|t:|1698777250\n|gametype|singles\n|player|p1|GratedsShtickface|hiker-gen4|\n|player|p2|Albaz Brand|bellelba|\n|teamsize|p1|6\n|teamsize|p2|6\n|gen|9\n|tier|[Gen 9] Ubers\n|rule|Sleep Clause Mod: Limit one foe put to sleep\n|rule|Species Clause: Limit one of each Pok\u00e9mon\n|rule|OHKO Clause: OHKO moves are banned\n|rule|Evasion Items Clause: Evasion items are banned\n|rule|Evasion Moves Clause: Evasion moves are banned\n|rule|Endless Battle Clause: Forcing endless battles is banned\n|rule|HP Percentage Mod: HP is shown in percentages\n|clearpoke\n|poke|p1|Dialga-Origin|\n|poke|p1|Rillaboom, M|\n|poke|p1|Arceus-Fire|\n|poke|p1|Espathra, M|\n|poke|p1|Donphan, M|\n|poke|p1|Sneasler, M|\n|poke|p2|Torkoal, M|\n|poke|p2|Arceus-Grass|\n|poke|p2|Roaring Moon|\n|poke|p2|Walking Wake|\n|poke|p2|Iron Moth|\n|poke|p2|Magearna-Original|\n|teampreview\n|inactive|Battle timer is ON: inactive players will automatically lose when time's up. (requested by GratedsShtickface)\n|c|\u2606Albaz Brand|GLHF\n|c|\u2606GratedsShtickface|u2\n|\n|t:|1698777269\n|start\n|switch|p1a: Average Tusk|Donphan, M, shiny|100\/100\n|switch|p2a: Torkoal|Torkoal, M|100\/100\n|-weather|SunnyDay|[from] ability: Drought|[of] p2a: Torkoal\n|turn|1\n|\n|t:|1698777280\n|move|p1a: Average Tusk|Knock Off|p2a: Torkoal\n|-damage|p2a: Torkoal|84\/100\n|-enditem|p2a: Torkoal|Heat Rock|[from] move: Knock Off|[of] p1a: Average Tusk\n|move|p2a: Torkoal|Yawn|p1a: Average Tusk\n|-start|p1a: Average Tusk|move: Yawn|[of] p2a: Torkoal\n|\n|-weather|SunnyDay|[upkeep]\n|upkeep\n|turn|2\n|\n|t:|1698777297\n|switch|p1a: Ar\u0441eus-Fighting|Arceus-Fire, shiny|100\/100\n|move|p2a: Torkoal|Lava Plume|p1a: Ar\u0441eus-Fighting\n|-resisted|p1a: Ar\u0441eus-Fighting\n|-damage|p1a: Ar\u0441eus-Fighting|86\/100\n|\n|-weather|SunnyDay|[upkeep]\n|upkeep\n|turn|3\n|\n|t:|1698777309\n|move|p1a: Ar\u0441eus-Fighting|Taunt|p2a: Torkoal\n|-start|p2a: Torkoal|move: Taunt\n|cant|p2a: Torkoal|move: Taunt|Will-O-Wisp\n|\n|-weather|SunnyDay|[upkeep]\n|upkeep\n|turn|4\n|\n|t:|1698777325\n|switch|p1a: Average Tusk|Donphan, M, shiny|100\/100\n|move|p2a: Torkoal|Lava Plume|p1a: Average Tusk\n|-damage|p1a: Average Tusk|39\/100\n|\n|-weather|SunnyDay|[upkeep]\n|upkeep\n|turn|5\n|\n|t:|1698777345\n|move|p1a: Average Tusk|Stealth Rock|p2a: Torkoal\n|-sidestart|p2: Albaz Brand|move: Stealth Rock\n|move|p2a: Torkoal|Rapid Spin|p1a: Average Tusk\n|-damage|p1a: Average Tusk|31\/100\n|-boost|p2a: Torkoal|spe|1\n|-sideend|p2: Albaz Brand|Stealth Rock|[from] move: Rapid Spin|[of] p2a: Torkoal\n|\n|-weather|SunnyDay|[upkeep]\n|-end|p2a: Torkoal|move: Taunt\n|upkeep\n|turn|6\n|\n|t:|1698777356\n|move|p1a: Average Tusk|Endeavor|p2a: Torkoal\n|-damage|p2a: Torkoal|29\/100\n|move|p2a: Torkoal|Yawn|p1a: Average Tusk\n|-start|p1a: Average Tusk|move: Yawn|[of] p2a: Torkoal\n|\n|-weather|SunnyDay|[upkeep]\n|upkeep\n|turn|7\n|\n|t:|1698777385\n|switch|p1a: Ar\u0441eus-Fighting|Arceus-Fire, shiny|86\/100\n|move|p2a: Torkoal|Will-O-Wisp|p1a: Ar\u0441eus-Fighting\n|-immune|p1a: Ar\u0441eus-Fighting\n|\n|-weather|SunnyDay|[upkeep]\n|upkeep\n|turn|8\n|\n|t:|1698777398\n|switch|p2a: Arceus|Arceus-Grass|100\/100\n|move|p1a: Ar\u0441eus-Fighting|Taunt|p2a: Arceus\n|-start|p2a: Arceus|move: Taunt\n|\n|-weather|none\n|upkeep\n|turn|9\n|\n|t:|1698777411\n|switch|p2a: Torkoal|Torkoal, M|29\/100\n|-weather|SunnyDay|[from] ability: Drought|[of] p2a: Torkoal\n|move|p1a: Ar\u0441eus-Fighting|Dragon Dance|p1a: Ar\u0441eus-Fighting\n|-boost|p1a: Ar\u0441eus-Fighting|atk|1\n|-boost|p1a: Ar\u0441eus-Fighting|spe|1\n|\n|-weather|SunnyDay|[upkeep]\n|upkeep\n|turn|10\n|\n|t:|1698777418\n|move|p1a: Ar\u0441eus-Fighting|Taunt|p2a: Torkoal\n|-start|p2a: Torkoal|move: Taunt\n|cant|p2a: Torkoal|move: Taunt|Yawn\n|\n|-weather|SunnyDay|[upkeep]\n|upkeep\n|turn|11\n|\n|t:|1698777424\n|move|p1a: Ar\u0441eus-Fighting|Flare Blitz|p2a: Torkoal\n|-resisted|p2a: Torkoal\n|-damage|p2a: Torkoal|0 fnt\n|faint|p2a: Torkoal\n|-damage|p1a: Ar\u0441eus-Fighting|78\/100|[from] Recoil\n|\n|-weather|SunnyDay|[upkeep]\n|upkeep\n|\n|t:|1698777427\n|switch|p2a: Walking Wake|Walking Wake|100\/100\n|-activate|p2a: Walking Wake|ability: Protosynthesis\n|-start|p2a: Walking Wake|protosynthesisspe\n|turn|12\n|\n|t:|1698777440\n|move|p2a: Walking Wake|Hydro Steam|p1a: Ar\u0441eus-Fighting\n|-supereffective|p1a: Ar\u0441eus-Fighting\n|-damage|p1a: Ar\u0441eus-Fighting|0 fnt\n|faint|p1a: Ar\u0441eus-Fighting\n|\n|-weather|SunnyDay|[upkeep]\n|upkeep\n|\n|t:|1698777449\n|switch|p1a: Time Lord|Dialga-Origin, shiny|100\/100\n|-ability|p1a: Time Lord|Pressure\n|turn|13\n|\n|t:|1698777455\n|-end|p2a: Walking Wake|Protosynthesis|[silent]\n|switch|p2a: Magearna|Magearna-Original|100\/100\n|move|p1a: Time Lord|Thunder Wave|p2a: Magearna\n|-status|p2a: Magearna|par\n|\n|-weather|none\n|upkeep\n|turn|14\n|\n|t:|1698777467\n|switch|p1a: Average Tusk|Donphan, M, shiny|31\/100\n|cant|p2a: Magearna|par\n|\n|upkeep\n|turn|15\n|\n|t:|1698777472\n|move|p1a: Average Tusk|Stealth Rock|p2a: Magearna\n|-sidestart|p2: Albaz Brand|move: Stealth Rock\n|move|p2a: Magearna|Draining Kiss|p1a: Average Tusk\n|-damage|p1a: Average Tusk|0 fnt\n|faint|p1a: Average Tusk\n|-ability|p2a: Magearna|Soul-Heart|boost\n|-boost|p2a: Magearna|spa|1\n|\n|upkeep\n|\n|t:|1698777483\n|switch|p1a: Harambe|Rillaboom, M|100\/100\n|-fieldstart|move: Grassy Terrain|[from] ability: Grassy Surge|[of] p1a: Harambe\n|turn|16\n|\n|t:|1698777491\n|move|p1a: Harambe|U-turn|p2a: Magearna\n|-resisted|p2a: Magearna\n|-damage|p2a: Magearna|94\/100 par\n|\n|t:|1698777494\n|switch|p1a: Time Lord|Dialga-Origin, shiny|100\/100|[from] U-turn\n|-ability|p1a: Time Lord|Pressure\n|move|p2a: Magearna|Calm Mind|p2a: Magearna\n|-boost|p2a: Magearna|spa|1\n|-boost|p2a: Magearna|spd|1\n|\n|-heal|p2a: Magearna|99\/100 par|[from] Grassy Terrain\n|-heal|p2a: Magearna|100\/100 par|[from] item: Leftovers\n|upkeep\n|turn|17\n|\n|t:|1698777511\n|move|p1a: Time Lord|Steel Beam|p2a: Magearna\n|-damage|p2a: Magearna|25\/100 par\n|-damage|p1a: Time Lord|50\/100|[from] steelbeam\n|move|p2a: Magearna|Draining Kiss|p1a: Time Lord\n|-damage|p1a: Time Lord|7\/100\n|-heal|p2a: Magearna|68\/100 par|[from] drain|[of] p1a: Time Lord\n|\n|-heal|p1a: Time Lord|13\/100|[from] Grassy Terrain\n|-heal|p2a: Magearna|74\/100 par|[from] Grassy Terrain\n|-heal|p2a: Magearna|80\/100 par|[from] item: Leftovers\n|upkeep\n|turn|18\n|\n|t:|1698777522\n|switch|p1a: The Ostrich|Espathra, M|100\/100\n|-enditem|p1a: The Ostrich|Grassy Seed\n|-boost|p1a: The Ostrich|def|1|[from] item: Grassy Seed\n|move|p2a: Magearna|Draining Kiss|p1a: The Ostrich\n|-damage|p1a: The Ostrich|21\/100\n|-heal|p2a: Magearna|100\/100 par|[from] drain|[of] p1a: The Ostrich\n|\n|-heal|p1a: The Ostrich|27\/100|[from] Grassy Terrain\n|upkeep\n|turn|19\n|\n|t:|1698777532\n|move|p1a: The Ostrich|Protect|p1a: The Ostrich\n|-singleturn|p1a: The Ostrich|Protect\n|move|p2a: Magearna|Calm Mind|p2a: Magearna\n|-boost|p2a: Magearna|spa|1\n|-boost|p2a: Magearna|spd|1\n|\n|-heal|p1a: The Ostrich|33\/100|[from] Grassy Terrain\n|-ability|p1a: The Ostrich|Speed Boost|boost\n|-boost|p1a: The Ostrich|spe|1\n|upkeep\n|turn|20\n|\n|t:|1698777540\n|move|p1a: The Ostrich|Calm Mind|p1a: The Ostrich\n|-boost|p1a: The Ostrich|spa|1\n|-boost|p1a: The Ostrich|spd|1\n|move|p2a: Magearna|Draining Kiss|p1a: The Ostrich\n|-damage|p1a: The Ostrich|0 fnt\n|faint|p1a: The Ostrich\n|-ability|p2a: Magearna|Soul-Heart|boost\n|-boost|p2a: Magearna|spa|1\n|\n|-fieldend|move: Grassy Terrain\n|upkeep\n|\n|t:|1698777550\n|switch|p1a: Harambe|Rillaboom, M|100\/100\n|-fieldstart|move: Grassy Terrain|[from] ability: Grassy Surge|[of] p1a: Harambe\n|turn|21\n|\n|t:|1698777555\n|move|p1a: Harambe|High Horsepower|p2a: Magearna\n|-supereffective|p2a: Magearna\n|-damage|p2a: Magearna|29\/100 par\n|cant|p2a: Magearna|par\n|\n|-heal|p2a: Magearna|35\/100 par|[from] Grassy Terrain\n|-heal|p2a: Magearna|41\/100 par|[from] item: Leftovers\n|upkeep\n|turn|22\n|\n|t:|1698777561\n|move|p1a: Harambe|High Horsepower|p2a: Magearna\n|-supereffective|p2a: Magearna\n|-crit|p2a: Magearna\n|-damage|p2a: Magearna|0 fnt\n|faint|p2a: Magearna\n|\n|upkeep\n|\n|t:|1698777566\n|switch|p2a: Arceus|Arceus-Grass|100\/100\n|-damage|p2a: Arceus|88\/100|[from] Stealth Rock\n|turn|23\n|\n|t:|1698777575\n|switch|p1a: Time Lord|Dialga-Origin, shiny|13\/100\n|-ability|p1a: Time Lord|Pressure\n|move|p2a: Arceus|Judgment|p1a: Time Lord\n|-resisted|p1a: Time Lord\n|-damage|p1a: Time Lord|0 fnt\n|faint|p1a: Time Lord\n|\n|-heal|p2a: Arceus|94\/100|[from] Grassy Terrain\n|upkeep\n|\n|t:|1698777578\n|switch|p1a: Haha Long Boi|Sneasler, M, shiny|100\/100\n|-enditem|p1a: Haha Long Boi|Grassy Seed\n|-boost|p1a: Haha Long Boi|def|1|[from] item: Grassy Seed\n|turn|24\n|\n|t:|1698777589\n|move|p1a: Haha Long Boi|Swords Dance|p1a: Haha Long Boi\n|-boost|p1a: Haha Long Boi|atk|2\n|move|p2a: Arceus|Judgment|p1a: Haha Long Boi\n|-resisted|p1a: Haha Long Boi\n|-damage|p1a: Haha Long Boi|40\/100\n|\n|-heal|p1a: Haha Long Boi|46\/100|[from] Grassy Terrain\n|-heal|p2a: Arceus|99\/100|[from] Grassy Terrain\n|upkeep\n|turn|25\n|\n|t:|1698777596\n|move|p1a: Haha Long Boi|Dire Claw|p2a: Arceus\n|-supereffective|p2a: Arceus\n|-damage|p2a: Arceus|0 fnt\n|faint|p2a: Arceus\n|\n|-heal|p1a: Haha Long Boi|52\/100|[from] Grassy Terrain\n|-fieldend|move: Grassy Terrain\n|upkeep\n|\n|t:|1698777600\n|switch|p2a: Roaring Moon|Roaring Moon|100\/100\n|-damage|p2a: Roaring Moon|88\/100|[from] Stealth Rock\n|-enditem|p2a: Roaring Moon|Booster Energy\n|-activate|p2a: Roaring Moon|ability: Protosynthesis|[fromitem]\n|-start|p2a: Roaring Moon|protosynthesisatk\n|turn|26\n|\n|t:|1698777607\n|-terastallize|p2a: Roaring Moon|Steel\n|move|p1a: Haha Long Boi|Dire Claw|p2a: Roaring Moon\n|-immune|p2a: Roaring Moon\n|move|p2a: Roaring Moon|Dragon Claw|p1a: Haha Long Boi\n|-damage|p1a: Haha Long Boi|0 fnt\n|faint|p1a: Haha Long Boi\n|\n|upkeep\n|\n|t:|1698777610\n|switch|p1a: Harambe|Rillaboom, M|100\/100\n|-fieldstart|move: Grassy Terrain|[from] ability: Grassy Surge|[of] p1a: Harambe\n|turn|27\n|\n|t:|1698777617\n|move|p2a: Roaring Moon|Knock Off|p1a: Harambe\n|-damage|p1a: Harambe|23\/100\n|-enditem|p1a: Harambe|Choice Band|[from] move: Knock Off|[of] p2a: Roaring Moon\n|move|p1a: Harambe|High Horsepower|p2a: Roaring Moon\n|-supereffective|p2a: Roaring Moon\n|-damage|p2a: Roaring Moon|0 fnt\n|faint|p2a: Roaring Moon\n|-end|p2a: Roaring Moon|Protosynthesis|[silent]\n|\n|-heal|p1a: Harambe|29\/100|[from] Grassy Terrain\n|upkeep\n|\n|t:|1698777624\n|switch|p2a: Iron Moth|Iron Moth, shiny|100\/100\n|-damage|p2a: Iron Moth|76\/100|[from] Stealth Rock\n|-enditem|p2a: Iron Moth|Booster Energy\n|-activate|p2a: Iron Moth|ability: Quark Drive|[fromitem]\n|-start|p2a: Iron Moth|quarkdrivespe\n|turn|28\n|c|\u2606GratedsShtickface|gg\n|c|\u2606Albaz Brand|ggs\n|\n|t:|1698777630\n|move|p2a: Iron Moth|Fiery Dance|p1a: Harambe\n|-supereffective|p1a: Harambe\n|-damage|p1a: Harambe|0 fnt\n|faint|p1a: Harambe\n|\n|win|Albaz Brand\n","uploadtime":1698777636,"views":9,"p1id":"gratedsshtickface","p2id":"albazbrand","formatid":"gen9ubers","rating":0,"private":0,"password":""}