{"id":"gen9ubers-1974704414","p1":"Hand0fD00m","p2":"Yangsta","format":"[Gen 9] Ubers","log":"|j|\u2606Hand0fD00m\n|j|\u2606Yangsta\n|t:|1698112318\n|gametype|singles\n|player|p1|Hand0fD00m|pokefan-gen4|\n|player|p2|Yangsta|waiter|\n|teamsize|p1|6\n|teamsize|p2|6\n|gen|9\n|tier|[Gen 9] Ubers\n|rule|Sleep Clause Mod: Limit one foe put to sleep\n|rule|Species Clause: Limit one of each Pok\u00e9mon\n|rule|OHKO Clause: OHKO moves are banned\n|rule|Evasion Items Clause: Evasion items are banned\n|rule|Evasion Moves Clause: Evasion moves are banned\n|rule|Endless Battle Clause: Forcing endless battles is banned\n|rule|HP Percentage Mod: HP is shown in percentages\n|clearpoke\n|poke|p1|Arceus|\n|poke|p1|Koraidon|\n|poke|p1|Zacian-*|\n|poke|p1|Miraidon|\n|poke|p1|Landorus-Therian, M|\n|poke|p1|Walking Wake|\n|poke|p2|Arceus|\n|poke|p2|Zacian-*|\n|poke|p2|Regieleki|\n|poke|p2|Koraidon|\n|poke|p2|Volcarona, F|\n|poke|p2|Flutter Mane|\n|teampreview\n|c|\u2606Yangsta|gl hf\n|c|\u2606Hand0fD00m|you too man, this is hype\n|j| Rival Andrew\n|j| Sonad~\n|c| Rival Andrew|the true final battle\n|\n|t:|1698112377\n|start\n|switch|p1a: Bon Scott|Miraidon|100\/100\n|switch|p2a: Zacian|Zacian-Crowned|100\/100\n|-fieldstart|move: Electric Terrain|[from] ability: Hadron Engine|[of] p1a: Bon Scott\n|-ability|p2a: Zacian|Intrepid Sword|boost\n|-boost|p2a: Zacian|atk|1\n|turn|1\n|c|\u2606Yangsta|I got the PCL shakes\n|\n|t:|1698112391\n|move|p1a: Bon Scott|Overheat|p2a: Zacian\n|-supereffective|p2a: Zacian\n|-damage|p2a: Zacian|0 fnt\n|-unboost|p1a: Bon Scott|spa|2\n|faint|p2a: Zacian\n|\n|upkeep\n|\n|t:|1698112399\n|switch|p2a: Arceus|Arceus|100\/100\n|turn|2\n|\n|t:|1698112409\n|switch|p1a: Godjesus|Arceus|100\/100\n|move|p2a: Arceus|Calm Mind|p2a: Arceus\n|-boost|p2a: Arceus|spa|1\n|-boost|p2a: Arceus|spd|1\n|\n|upkeep\n|turn|3\n|\n|t:|1698112419\n|-terastallize|p2a: Arceus|Steel\n|move|p2a: Arceus|Calm Mind|p2a: Arceus\n|-boost|p2a: Arceus|spa|1\n|-boost|p2a: Arceus|spd|1\n|move|p1a: Godjesus|Taunt|p2a: Arceus\n|-start|p2a: Arceus|move: Taunt\n|\n|upkeep\n|turn|4\n|\n|t:|1698112433\n|move|p2a: Arceus|Judgment|p1a: Godjesus\n|-damage|p1a: Godjesus|42\/100\n|move|p1a: Godjesus|Swords Dance|p1a: Godjesus\n|-boost|p1a: Godjesus|atk|2\n|\n|-heal|p1a: Godjesus|48\/100|[from] item: Leftovers\n|upkeep\n|turn|5\n|\n|t:|1698112443\n|move|p2a: Arceus|Judgment|p1a: Godjesus\n|-crit|p1a: Godjesus\n|-damage|p1a: Godjesus|0 fnt\n|faint|p1a: Godjesus\n|\n|-fieldend|move: Electric Terrain\n|upkeep\n|\n|t:|1698112451\n|switch|p1a: Calrissian|Landorus-Therian, M|100\/100\n|-ability|p1a: Calrissian|Intimidate|boost\n|-unboost|p2a: Arceus|atk|1\n|turn|6\n|\n|t:|1698112457\n|move|p2a: Arceus|Ice Beam|p1a: Calrissian\n|-supereffective|p1a: Calrissian\n|-damage|p1a: Calrissian|0 fnt\n|faint|p1a: Calrissian\n|\n|-end|p2a: Arceus|move: Taunt\n|upkeep\n|c|\u2606Hand0fD00m|damn ok\n|c|\u2606Yangsta|;)\n|c|\u2606Yangsta|that thing hard counters arceus\n|\n|t:|1698112477\n|switch|p1a: Chief|Koraidon|100\/100\n|-weather|SunnyDay|[from] ability: Orichalcum Pulse|[of] p1a: Chief\n|-activate|p1a: Chief|Orichalcum Pulse|[source]\n|turn|7\n|c|\u2606Yangsta|I was sick of it\n|\n|t:|1698112484\n|move|p1a: Chief|U-turn|p2a: Arceus\n|-resisted|p2a: Arceus\n|-crit|p2a: Arceus\n|-damage|p2a: Arceus|82\/100\n|\n|t:|1698112492\n|switch|p1a: Strolling Storm|Walking Wake|100\/100|[from] U-turn\n|-activate|p1a: Strolling Storm|ability: Protosynthesis\n|-start|p1a: Strolling Storm|protosynthesisspe\n|move|p2a: Arceus|Judgment|p1a: Strolling Storm\n|-damage|p1a: Strolling Storm|1\/100\n|\n|-weather|SunnyDay|[upkeep]\n|-heal|p2a: Arceus|88\/100|[from] item: Leftovers\n|upkeep\n|turn|8\n|c|\u2606Yangsta|oh come onnnn\n|c|\u2606Yangsta|why\n|c|\u2606Hand0fD00m|lol\n|\n|t:|1698112507\n|move|p1a: Strolling Storm|Flamethrower|p2a: Arceus\n|-supereffective|p2a: Arceus\n|-crit|p2a: Arceus\n|-damage|p2a: Arceus|0 fnt\n|faint|p2a: Arceus\n|\n|-weather|SunnyDay|[upkeep]\n|upkeep\n|c| Rival Andrew|no way\n|c| Rival Andrew|not the crit\n|c|\u2606Yangsta|I was robbed\n|c|\u2606Hand0fD00m|omg that probably mattered\n|c|\u2606Yangsta|lets be real here\n|\n|t:|1698112518\n|switch|p2a: Regieleki|Regieleki|100\/100\n|turn|9\n|\n|t:|1698112526\n|move|p2a: Regieleki|Extreme Speed|p1a: Strolling Storm\n|-damage|p1a: Strolling Storm|0 fnt\n|faint|p1a: Strolling Storm\n|-end|p1a: Strolling Storm|Protosynthesis|[silent]\n|\n|-weather|SunnyDay|[upkeep]\n|upkeep\n|c| Rival Andrew|tots mattered\n|c|\u2606Yangsta|lol yeah\n|c|\u2606Yangsta|it is what it is\n|\n|t:|1698112547\n|switch|p1a: Bon Scott|Miraidon|100\/100\n|-fieldstart|move: Electric Terrain|[from] ability: Hadron Engine|[of] p1a: Bon Scott\n|turn|10\n|\n|t:|1698112551\n|move|p1a: Bon Scott|Overheat|p2a: Regieleki\n|-enditem|p2a: Regieleki|Focus Sash\n|-damage|p2a: Regieleki|1\/100\n|-unboost|p1a: Bon Scott|spa|2\n|move|p2a: Regieleki|Thunder Wave|p1a: Bon Scott\n|-immune|p1a: Bon Scott\n|\n|-weather|SunnyDay|[upkeep]\n|upkeep\n|turn|11\n|c|\u2606Yangsta|omg im dumb\n|\n|t:|1698112567\n|move|p2a: Regieleki|Extreme Speed|p1a: Bon Scott\n|-damage|p1a: Bon Scott|81\/100\n|move|p1a: Bon Scott|Overheat|p2a: Regieleki\n|-damage|p2a: Regieleki|0 fnt\n|-unboost|p1a: Bon Scott|spa|2\n|faint|p2a: Regieleki\n|\n|-weather|none\n|upkeep\n|\n|t:|1698112576\n|switch|p2a: Flutter Mane|Flutter Mane|100\/100\n|turn|12\n|\n|t:|1698112582\n|move|p1a: Bon Scott|Overheat|p2a: Flutter Mane\n|-damage|p2a: Flutter Mane|87\/100\n|-unboost|p1a: Bon Scott|spa|2\n|move|p2a: Flutter Mane|Moonblast|p1a: Bon Scott\n|-supereffective|p1a: Bon Scott\n|-damage|p1a: Bon Scott|0 fnt\n|faint|p1a: Bon Scott\n|\n|upkeep\n|\n|t:|1698112591\n|switch|p1a: Zorro|Zacian-Crowned, shiny|100\/100\n|-ability|p1a: Zorro|Intrepid Sword|boost\n|-boost|p1a: Zorro|atk|1\n|turn|13\n|\n|t:|1698112613\n|-end|p2a: Flutter Mane|Protosynthesis|[silent]\n|switch|p2a: Volcarona|Volcarona, F|100\/100\n|-terastallize|p1a: Zorro|Fire\n|move|p1a: Zorro|Behemoth Blade|p2a: Volcarona\n|-resisted|p2a: Volcarona\n|-damage|p2a: Volcarona|30\/100\n|\n|upkeep\n|turn|14\n|c|\u2606Yangsta|that did more than I thought fuck\n|\n|t:|1698112629\n|move|p1a: Zorro|Behemoth Blade|p2a: Volcarona\n|-resisted|p2a: Volcarona\n|-damage|p2a: Volcarona|0 fnt\n|faint|p2a: Volcarona\n|\n|-fieldend|move: Electric Terrain\n|upkeep\n|c|\u2606Hand0fD00m|wow zacians busted\n|\n|t:|1698112639\n|switch|p2a: Koraidon|Koraidon|100\/100\n|-weather|SunnyDay|[from] ability: Orichalcum Pulse|[of] p2a: Koraidon\n|-activate|p2a: Koraidon|Orichalcum Pulse|[source]\n|turn|15\n|\n|t:|1698112646\n|move|p1a: Zorro|Play Rough|p2a: Koraidon\n|-supereffective|p2a: Koraidon\n|-damage|p2a: Koraidon|0 fnt\n|faint|p2a: Koraidon\n|\n|-weather|SunnyDay|[upkeep]\n|upkeep\n|\n|t:|1698112651\n|switch|p2a: Flutter Mane|Flutter Mane|87\/100\n|-activate|p2a: Flutter Mane|ability: Protosynthesis\n|-start|p2a: Flutter Mane|protosynthesisspe\n|turn|16\n|\n|t:|1698112658\n|move|p2a: Flutter Mane|Shadow Ball|p1a: Zorro\n|-damage|p1a: Zorro|57\/100\n|-unboost|p1a: Zorro|spd|1\n|move|p1a: Zorro|Behemoth Blade|p2a: Flutter Mane\n|-supereffective|p2a: Flutter Mane\n|-damage|p2a: Flutter Mane|0 fnt\n|faint|p2a: Flutter Mane\n|-end|p2a: Flutter Mane|Protosynthesis|[silent]\n|\n|win|Hand0fD00m\n|c|\u2606Yangsta|gg\n|c| Rival Andrew|once again\n|c| Rival Andrew|Zach wins his own tourney lmao\n|c|\u2606Hand0fD00m|good games man, gave me a scare for the finals\n|c|\u2606Yangsta|lmfaooo\n|l| Sonad~\n|c|\u2606Yangsta|Zach said I dont wanna give away any money\n|l|\u2606Yangsta\n|c|\u2606Hand0fD00m|you still got the 25\n","uploadtime":1698112668,"views":12,"p1id":"hand0fd00m","p2id":"yangsta","formatid":"gen9ubers","rating":0,"private":0,"password":""}