{"id":"gen9ubers-1988865527","p1":"pkfire fx","p2":"ateup","format":"[Gen 9] Ubers","log":"|j|\u2606pkfire fx\n|j|\u2606ateup\n|t:|1699776759\n|gametype|singles\n|player|p1|pkfire fx|2|\n|player|p2|ateup|265|\n|teamsize|p1|6\n|teamsize|p2|6\n|gen|9\n|tier|[Gen 9] Ubers\n|rule|Sleep Clause Mod: Limit one foe put to sleep\n|rule|Species Clause: Limit one of each Pok\u00e9mon\n|rule|OHKO Clause: OHKO moves are banned\n|rule|Evasion Items Clause: Evasion items are banned\n|rule|Evasion Moves Clause: Evasion moves are banned\n|rule|Endless Battle Clause: Forcing endless battles is banned\n|rule|HP Percentage Mod: HP is shown in percentages\n|clearpoke\n|poke|p1|Ninetales-Alola, F|\n|poke|p1|Arceus-Ghost|\n|poke|p1|Ursaluna-Bloodmoon, M|\n|poke|p1|Baxcalibur, F|\n|poke|p1|Coalossal, M|\n|poke|p1|Zacian-*|\n|poke|p2|Meowscarada, F|\n|poke|p2|Gholdengo|\n|poke|p2|Dialga|\n|poke|p2|Zacian-*|\n|poke|p2|Magearna|\n|poke|p2|Cyclizar, F|\n|teampreview\n|c|\u2606pkfire fx|dont mind the coalossal\n|c|\u2606pkfire fx|it is fine\n|c|\u2606ateup|Coalossal?11?1??1\n|\n|t:|1699776790\n|start\n|switch|p1a: Arceus|Arceus-Ghost|100\/100\n|switch|p2a: Meowscarada|Meowscarada, F|100\/100\n|turn|1\n|inactive|Battle timer is ON: inactive players will automatically lose when time's up. (requested by ateup)\n|inactive|pkfire fx has 270 seconds left.\n|\n|t:|1699776844\n|-terastallize|p1a: Arceus|Normal\n|move|p2a: Meowscarada|Taunt|p1a: Arceus\n|-start|p1a: Arceus|move: Taunt\n|cant|p1a: Arceus|move: Taunt|Swords Dance\n|\n|upkeep\n|turn|2\n|\n|t:|1699776851\n|move|p1a: Arceus|Extreme Speed|p2a: Meowscarada\n|-damage|p2a: Meowscarada|31\/100\n|move|p2a: Meowscarada|Toxic Spikes|p1a: Arceus\n|-sidestart|p1: pkfire fx|move: Toxic Spikes\n|\n|upkeep\n|turn|3\n|\n|t:|1699776856\n|move|p1a: Arceus|Extreme Speed|p2a: Meowscarada\n|-damage|p2a: Meowscarada|0 fnt\n|faint|p2a: Meowscarada\n|\n|-end|p1a: Arceus|move: Taunt\n|upkeep\n|\n|t:|1699776868\n|switch|p2a: Zacian|Zacian|100\/100\n|-ability|p2a: Zacian|Intrepid Sword|boost\n|-boost|p2a: Zacian|atk|1\n|turn|4\n|\n|t:|1699776871\n|switch|p1a: Coalossal|Coalossal, M|100\/100\n|-status|p1a: Coalossal|psn\n|move|p2a: Zacian|Close Combat|p1a: Coalossal\n|-supereffective|p1a: Coalossal\n|-damage|p1a: Coalossal|40\/100 psn\n|-unboost|p2a: Zacian|def|1\n|-unboost|p2a: Zacian|spd|1\n|-enditem|p1a: Coalossal|Sitrus Berry|[eat]\n|-heal|p1a: Coalossal|65\/100 psn|[from] item: Sitrus Berry\n|\n|-damage|p1a: Coalossal|52\/100 psn|[from] psn\n|upkeep\n|turn|5\n|\n|t:|1699776878\n|-terastallize|p2a: Zacian|Ground\n|move|p2a: Zacian|Tera Blast|p1a: Coalossal|[anim] Tera Blast Ground\n|-supereffective|p1a: Coalossal\n|-damage|p1a: Coalossal|0 fnt\n|faint|p1a: Coalossal\n|\n|upkeep\n|c|\u2606pkfire fx|mm\n|c|\u2606pkfire fx|could be better\n|\n|t:|1699776902\n|switch|p1a: Zacian|Zacian|100\/100\n|-ability|p1a: Zacian|Intrepid Sword|boost\n|-boost|p1a: Zacian|atk|1\n|turn|6\n|c|\u2606ateup|Is coalossal just to fish for a burn\n|c|\u2606pkfire fx|yeah it is for ekiller\n|inactive|pkfire fx has 270 seconds left.\n|\n|t:|1699776925\n|switch|p2a: Magearna|Magearna|100\/100\n|move|p1a: Zacian|Play Rough|p2a: Magearna\n|-resisted|p2a: Magearna\n|-damage|p2a: Magearna|79\/100\n|\n|-heal|p2a: Magearna|85\/100|[from] item: Leftovers\n|upkeep\n|turn|7\n|inactive|pkfire fx has 270 seconds left.\n|\n|t:|1699776939\n|switch|p1a: Ursaluna|Ursaluna-Bloodmoon, M|100\/100\n|-status|p1a: Ursaluna|psn\n|move|p2a: Magearna|Spikes|p1a: Ursaluna\n|-sidestart|p1: pkfire fx|Spikes\n|\n|-heal|p2a: Magearna|91\/100|[from] item: Leftovers\n|-damage|p1a: Ursaluna|88\/100 psn|[from] psn\n|upkeep\n|turn|8\n|\n|t:|1699776949\n|move|p2a: Magearna|Ice Beam|p1a: Ursaluna\n|-supereffective|p1a: Ursaluna\n|-damage|p1a: Ursaluna|34\/100 psn\n|-enditem|p1a: Ursaluna|Sitrus Berry|[eat]\n|-heal|p1a: Ursaluna|59\/100 psn|[from] item: Sitrus Berry\n|move|p1a: Ursaluna|Earth Power|p2a: Magearna\n|-supereffective|p2a: Magearna\n|-damage|p2a: Magearna|9\/100\n|\n|-heal|p2a: Magearna|15\/100|[from] item: Leftovers\n|-damage|p1a: Ursaluna|47\/100 psn|[from] psn\n|upkeep\n|turn|9\n|\n|t:|1699776957\n|move|p2a: Magearna|Ice Beam|p1a: Ursaluna\n|-supereffective|p1a: Ursaluna\n|-damage|p1a: Ursaluna|0 fnt\n|faint|p1a: Ursaluna\n|-ability|p2a: Magearna|Soul-Heart|boost\n|-boost|p2a: Magearna|spa|1\n|\n|-heal|p2a: Magearna|21\/100|[from] item: Leftovers\n|upkeep\n|\n|t:|1699776960\n|switch|p1a: Ninetales|Ninetales-Alola, F|100\/100\n|-status|p1a: Ninetales|psn\n|-damage|p1a: Ninetales|88\/100 psn|[from] Spikes\n|-weather|Snow|[from] ability: Snow Warning|[of] p1a: Ninetales\n|turn|10\n|\n|t:|1699776965\n|move|p1a: Ninetales|Aurora Veil|p1a: Ninetales\n|-sidestart|p1: pkfire fx|move: Aurora Veil\n|move|p2a: Magearna|Spikes|p1a: Ninetales\n|-sidestart|p1: pkfire fx|Spikes\n|\n|-weather|Snow|[upkeep]\n|-heal|p2a: Magearna|27\/100|[from] item: Leftovers\n|-damage|p1a: Ninetales|76\/100 psn|[from] psn\n|upkeep\n|turn|11\n|\n|t:|1699776978\n|move|p1a: Ninetales|Encore|p2a: Magearna\n|-start|p2a: Magearna|Encore\n|move|p2a: Magearna|Spikes|p1a: Ninetales\n|-sidestart|p1: pkfire fx|Spikes\n|\n|-weather|Snow|[upkeep]\n|-heal|p2a: Magearna|33\/100|[from] item: Leftovers\n|-damage|p1a: Ninetales|64\/100 psn|[from] psn\n|upkeep\n|turn|12\n|\n|t:|1699776985\n|switch|p1a: Zacian|Zacian|100\/100\n|move|p2a: Magearna|Spikes||[still]\n|-fail|p2a: Magearna\n|\n|-weather|Snow|[upkeep]\n|-heal|p2a: Magearna|39\/100|[from] item: Leftovers\n|upkeep\n|turn|13\n|\n|t:|1699776994\n|move|p1a: Zacian|Swords Dance|p1a: Zacian\n|-boost|p1a: Zacian|atk|2\n|move|p2a: Magearna|Spikes||[still]\n|-fail|p2a: Magearna\n|\n|-weather|Snow|[upkeep]\n|-heal|p2a: Magearna|45\/100|[from] item: Leftovers\n|-end|p2a: Magearna|Encore\n|upkeep\n|turn|14\n|\n|t:|1699777005\n|switch|p2a: Dialga|Dialga|100\/100\n|-ability|p2a: Dialga|Pressure\n|move|p1a: Zacian|Close Combat|p2a: Dialga\n|-supereffective|p2a: Dialga\n|-damage|p2a: Dialga|0 fnt\n|-unboost|p1a: Zacian|def|1\n|-unboost|p1a: Zacian|spd|1\n|faint|p2a: Dialga\n|\n|-weather|none\n|upkeep\n|\n|t:|1699777010\n|switch|p2a: Gholdengo|Gholdengo|100\/100\n|-item|p2a: Gholdengo|Air Balloon\n|turn|15\n|\n|t:|1699777016\n|move|p1a: Zacian|Crunch|p2a: Gholdengo\n|-supereffective|p2a: Gholdengo\n|-damage|p2a: Gholdengo|3\/100\n|-enditem|p2a: Gholdengo|Air Balloon\n|move|p2a: Gholdengo|Make It Rain|p1a: Zacian\n|-supereffective|p1a: Zacian\n|-damage|p1a: Zacian|26\/100\n|-unboost|p2a: Gholdengo|spa|1\n|\n|upkeep\n|turn|16\n|c|\u2606pkfire fx|what the fuck\n|c|\u2606ateup|How did thar not ko\n|inactive|ateup has 270 seconds left.\n|c|\u2606ateup|WHY A= YOU USING SPECIALLY DEFENSIVE ZACIAN\n|\n|t:|1699777050\n|move|p1a: Zacian|Crunch|p2a: Gholdengo\n|-supereffective|p2a: Gholdengo\n|-damage|p2a: Gholdengo|0 fnt\n|faint|p2a: Gholdengo\n|\n|upkeep\n|\n|t:|1699777053\n|switch|p2a: Zacian|Zacian, tera:Ground|100\/100\n|turn|17\n|c|\u2606ateup|Oh eait nvm aurora veil\n|c|\u2606ateup|Im drunk\n|\n|t:|1699777068\n|move|p1a: Zacian|Play Rough|p2a: Zacian\n|-damage|p2a: Zacian|16\/100\n|-unboost|p2a: Zacian|atk|1\n|move|p2a: Zacian|Tera Blast|p1a: Zacian|[anim] Tera Blast Ground\n|-damage|p1a: Zacian|8\/100\n|\n|-sideend|p1: pkfire fx|move: Aurora Veil\n|upkeep\n|turn|18\n|\n|t:|1699777076\n|move|p1a: Zacian|Close Combat|p2a: Zacian\n|-damage|p2a: Zacian|0 fnt\n|-unboost|p1a: Zacian|def|1\n|-unboost|p1a: Zacian|spd|1\n|faint|p2a: Zacian\n|\n|upkeep\n|c|\u2606ateup|Luck\n|\n|t:|1699777083\n|switch|p2a: Magearna|Magearna|45\/100\n|turn|19\n|c|\u2606pkfire fx|*skill\n|\n|t:|1699777089\n|move|p1a: Zacian|Close Combat|p2a: Magearna\n|-damage|p2a: Magearna|0 fnt\n|-unboost|p1a: Zacian|def|1\n|-unboost|p1a: Zacian|spd|1\n|faint|p2a: Magearna\n|\n|upkeep\n|\n|t:|1699777091\n|switch|p2a: Cyclizar|Cyclizar, F|100\/100\n|turn|20\n|\n|t:|1699777096\n|move|p1a: Zacian|Close Combat|p2a: Cyclizar\n|-supereffective|p2a: Cyclizar\n|-damage|p2a: Cyclizar|0 fnt\n|-unboost|p1a: Zacian|def|1\n|-unboost|p1a: Zacian|spd|1\n|faint|p2a: Cyclizar\n|\n|win|pkfire fx\n|c|\u2606pkfire fx|gg\n|c|\u2606ateup|Gg\n","uploadtime":1699777104,"views":37,"p1id":"pkfirefx","p2id":"ateup","formatid":"gen9ubers","rating":0,"private":0,"password":""}