{"id":"gen9ubers-1980780132","p1":"Bka Onon","p2":"NewHoovybeast05","format":"[Gen 9] Ubers","log":"|j|\u2606Bka Onon\n|j|\u2606NewHoovybeast05\n|t:|1698831745\n|gametype|singles\n|player|p1|Bka Onon|amelia-shuffle|\n|player|p2|NewHoovybeast05|palmer|\n|teamsize|p1|6\n|teamsize|p2|6\n|gen|9\n|tier|[Gen 9] Ubers\n|rule|Sleep Clause Mod: Limit one foe put to sleep\n|rule|Species Clause: Limit one of each Pok\u00e9mon\n|rule|OHKO Clause: OHKO moves are banned\n|rule|Evasion Items Clause: Evasion items are banned\n|rule|Evasion Moves Clause: Evasion moves are banned\n|rule|Endless Battle Clause: Forcing endless battles is banned\n|rule|HP Percentage Mod: HP is shown in percentages\n|clearpoke\n|poke|p1|Arceus-Dark|\n|poke|p1|Magearna|\n|poke|p1|Palafin, F|\n|poke|p1|Gliscor, M|\n|poke|p1|Chi-Yu|\n|poke|p1|Giratina|\n|poke|p2|Masquerain, M|\n|poke|p2|Pelipper, F|\n|poke|p2|Landorus, M|\n|poke|p2|Palafin, M|\n|poke|p2|Weavile, F|\n|poke|p2|Palkia-Origin|\n|teampreview\n|c|\u2606Bka Onon|hf\n|\n|t:|1698831771\n|start\n|switch|p1a: Palafin|Palafin, F|100\/100\n|switch|p2a: Masquerain|Masquerain, M|100\/100\n|-ability|p2a: Masquerain|Intimidate|boost\n|-unboost|p1a: Palafin|atk|1\n|turn|1\n|c|\u2606NewHoovybeast05|glhf2\n|\n|t:|1698831778\n|move|p2a: Masquerain|Sticky Web|p1a: Palafin\n|-sidestart|p1: Bka Onon|move: Sticky Web\n|move|p1a: Palafin|Flip Turn|p2a: Masquerain\n|-damage|p2a: Masquerain|57\/100\n|\n|t:|1698831786\n|detailschange|p1a: Palafin|Palafin-Hero, F\n|switch|p1a: Chi-Yu|Chi-Yu|100\/100|[from] Flip Turn\n|-activate|p1a: Chi-Yu|move: Sticky Web\n|-unboost|p1a: Chi-Yu|spe|1\n|-ability|p1a: Chi-Yu|Beads of Ruin\n|\n|upkeep\n|turn|2\n|\n|t:|1698831792\n|move|p1a: Chi-Yu|Dark Pulse|p2a: Masquerain\n|-damage|p2a: Masquerain|0 fnt\n|faint|p2a: Masquerain\n|\n|upkeep\n|\n|t:|1698831796\n|switch|p2a: Pelipper|Pelipper, F|100\/100\n|-weather|RainDance|[from] ability: Drizzle|[of] p2a: Pelipper\n|turn|3\n|\n|t:|1698831809\n|switch|p1a: Giratina|Giratina|100\/100\n|-activate|p1a: Giratina|move: Sticky Web\n|-unboost|p1a: Giratina|spe|1\n|-ability|p1a: Giratina|Pressure\n|move|p2a: Pelipper|Surf|p1a: Giratina\n|-resisted|p1a: Giratina\n|-crit|p1a: Giratina\n|-damage|p1a: Giratina|87\/100\n|\n|-weather|RainDance|[upkeep]\n|-heal|p1a: Giratina|93\/100|[from] item: Leftovers\n|upkeep\n|turn|4\n|\n|t:|1698831813\n|switch|p2a: Weavile|Weavile, F|100\/100\n|-ability|p2a: Weavile|Pressure\n|move|p1a: Giratina|Defog|p2a: Weavile\n|-unboost|p2a: Weavile|evasion|1\n|-sideend|p1: Bka Onon|Sticky Web|[from] move: Defog|[of] p1a: Giratina\n|\n|-weather|RainDance|[upkeep]\n|-heal|p1a: Giratina|99\/100|[from] item: Leftovers\n|upkeep\n|turn|5\n|\n|t:|1698831818\n|switch|p1a: Magearna|Magearna|100\/100\n|move|p2a: Weavile|Knock Off|p1a: Magearna\n|-resisted|p1a: Magearna\n|-damage|p1a: Magearna|85\/100\n|-enditem|p1a: Magearna|Leftovers|[from] move: Knock Off|[of] p2a: Weavile\n|\n|-weather|RainDance|[upkeep]\n|upkeep\n|turn|6\n|\n|t:|1698831825\n|move|p2a: Weavile|Taunt|p1a: Magearna\n|-start|p1a: Magearna|move: Taunt\n|move|p1a: Magearna|Fleur Cannon|p2a: Weavile\n|-supereffective|p2a: Weavile\n|-damage|p2a: Weavile|0 fnt\n|-unboost|p1a: Magearna|spa|2\n|faint|p2a: Weavile\n|-ability|p1a: Magearna|Soul-Heart|boost\n|-boost|p1a: Magearna|spa|1\n|\n|-weather|RainDance|[upkeep]\n|upkeep\n|\n|t:|1698831829\n|switch|p2a: Palkia|Palkia-Origin|100\/100\n|-ability|p2a: Palkia|Pressure\n|turn|7\n|c|\u2606NewHoovybeast05|i missclicked\n|c|\u2606NewHoovybeast05|well there goes my game\n|\n|t:|1698831858\n|-terastallize|p2a: Palkia|Fairy\n|-terastallize|p1a: Magearna|Water\n|move|p2a: Palkia|Surf|p1a: Magearna\n|-resisted|p1a: Magearna\n|-damage|p1a: Magearna|45\/100\n|move|p1a: Magearna|Fleur Cannon|p2a: Palkia\n|-damage|p2a: Palkia|66\/100\n|-unboost|p1a: Magearna|spa|2\n|\n|-weather|RainDance|[upkeep]\n|upkeep\n|turn|8\n|\n|t:|1698831876\n|switch|p1a: Arceus|Arceus-Dark|100\/100\n|move|p2a: Palkia|Thunder|p1a: Arceus\n|-damage|p1a: Arceus|70\/100\n|\n|-weather|RainDance|[upkeep]\n|upkeep\n|turn|9\n|\n|t:|1698831881\n|move|p1a: Arceus|Thunder Wave|p2a: Palkia\n|-status|p2a: Palkia|par\n|move|p2a: Palkia|Surf|p1a: Arceus\n|-damage|p1a: Arceus|11\/100\n|\n|-weather|RainDance|[upkeep]\n|upkeep\n|turn|10\n|\n|t:|1698831885\n|move|p1a: Arceus|Recover|p1a: Arceus\n|-heal|p1a: Arceus|61\/100\n|cant|p2a: Palkia|par\n|\n|-weather|none\n|upkeep\n|turn|11\n|\n|t:|1698831890\n|switch|p2a: Pelipper|Pelipper, F|100\/100\n|-weather|RainDance|[from] ability: Drizzle|[of] p2a: Pelipper\n|move|p1a: Arceus|Calm Mind|p1a: Arceus\n|-boost|p1a: Arceus|spa|1\n|-boost|p1a: Arceus|spd|1\n|\n|-weather|RainDance|[upkeep]\n|upkeep\n|turn|12\n|\n|t:|1698831894\n|move|p1a: Arceus|Calm Mind|p1a: Arceus\n|-boost|p1a: Arceus|spa|1\n|-boost|p1a: Arceus|spd|1\n|move|p2a: Pelipper|U-turn|p1a: Arceus\n|-supereffective|p1a: Arceus\n|-damage|p1a: Arceus|49\/100\n|\n|t:|1698831898\n|switch|p2a: Landorus|Landorus, M|100\/100|[from] U-turn\n|\n|-weather|RainDance|[upkeep]\n|upkeep\n|turn|13\n|\n|t:|1698831902\n|move|p1a: Arceus|Recover|p1a: Arceus\n|-heal|p1a: Arceus|99\/100\n|move|p2a: Landorus|Sandsear Storm|p1a: Arceus\n|-damage|p1a: Arceus|71\/100\n|\n|-weather|RainDance|[upkeep]\n|upkeep\n|turn|14\n|\n|t:|1698831905\n|move|p1a: Arceus|Judgment|p2a: Landorus\n|-damage|p2a: Landorus|0 fnt\n|faint|p2a: Landorus\n|\n|-weather|RainDance|[upkeep]\n|upkeep\n|\n|t:|1698831909\n|switch|p2a: Palafin|Palafin, M|100\/100\n|turn|15\n|\n|t:|1698831914\n|detailschange|p2a: Palafin|Palafin-Hero, M\n|switch|p2a: Pelipper|Pelipper, F|100\/100\n|move|p1a: Arceus|Judgment|p2a: Pelipper\n|-damage|p2a: Pelipper|0 fnt\n|faint|p2a: Pelipper\n|\n|-weather|RainDance|[upkeep]\n|upkeep\n|\n|t:|1698831916\n|switch|p2a: Palafin|Palafin-Hero, M|100\/100\n|-activate|p2a: Palafin|ability: Zero to Hero\n|turn|16\n|\n|t:|1698831921\n|move|p2a: Palafin|Jet Punch|p1a: Arceus\n|-damage|p1a: Arceus|15\/100\n|move|p1a: Arceus|Judgment|p2a: Palafin\n|-damage|p2a: Palafin|0 fnt\n|faint|p2a: Palafin\n|\n|-weather|RainDance|[upkeep]\n|upkeep\n|c|\u2606Bka Onon|gg\n|c|\u2606NewHoovybeast05|nah\n|-message|NewHoovybeast05 forfeited.\n|\n|win|Bka Onon\n","uploadtime":1698831942,"views":45,"p1id":"bkaonon","p2id":"newhoovybeast05","formatid":"gen9ubers","rating":0,"private":0,"password":""}