{"id":"gen9ubers-1984280787","p1":"XpokVEVO","p2":"Leo Justice","format":"[Gen 9] Ubers","log":"|j|\u2606XpokVEVO\n|j|\u2606Leo Justice\n|t:|1699238459\n|gametype|singles\n|player|p1|XpokVEVO|mustard|\n|player|p2|Leo Justice|carmine|\n|teamsize|p1|6\n|teamsize|p2|6\n|gen|9\n|tier|[Gen 9] Ubers\n|rule|Sleep Clause Mod: Limit one foe put to sleep\n|rule|Species Clause: Limit one of each Pok\u00e9mon\n|rule|OHKO Clause: OHKO moves are banned\n|rule|Evasion Items Clause: Evasion items are banned\n|rule|Evasion Moves Clause: Evasion moves are banned\n|rule|Endless Battle Clause: Forcing endless battles is banned\n|rule|HP Percentage Mod: HP is shown in percentages\n|clearpoke\n|poke|p1|Cyclizar, M|\n|poke|p1|Espathra, F|\n|poke|p1|Magearna|\n|poke|p1|Zacian-*|\n|poke|p1|Arceus-Fire|\n|poke|p1|Spectrier|\n|poke|p2|Quagsire, M|\n|poke|p2|Alomomola, F|\n|poke|p2|Blissey, F|\n|poke|p2|Garganacl, F|\n|poke|p2|Dialga|\n|poke|p2|Toedscruel, F|\n|teampreview\n|inactive|Battle timer is ON: inactive players will automatically lose when time's up. (requested by XpokVEVO)\n|c|\u2606Leo Justice|Yes ready\n|c|\u2606Leo Justice|now good luck\n|\n|t:|1699238482\n|start\n|switch|p1a: Akira|Cyclizar, M|100\/100\n|switch|p2a: Dialga|Dialga|100\/100\n|-ability|p2a: Dialga|Pressure\n|turn|1\n|\n|t:|1699238488\n|move|p1a: Akira|Shed Tail|p1a: Akira\n|-start|p1a: Akira|Substitute|[from] move: Shed Tail\n|-damage|p1a: Akira|50\/100\n|\n|t:|1699238495\n|switch|p1a: Aunt Fanny|Magearna|100\/100|[from] Shed Tail\n|move|p2a: Dialga|Roar|p1a: Aunt Fanny\n|drag|p1a: Spectrier|Spectrier|100\/100\n|\n|upkeep\n|turn|2\n|c|\u2606XpokVEVO|the goat is in\n|\n|t:|1699238501\n|move|p1a: Spectrier|Nasty Plot|p1a: Spectrier\n|-boost|p1a: Spectrier|spa|2\n|move|p2a: Dialga|Thunder Wave|p1a: Spectrier\n|-status|p1a: Spectrier|par\n|\n|upkeep\n|turn|3\n|c|\u2606XpokVEVO|bruh\n|\n|t:|1699238507\n|move|p1a: Spectrier|Shadow Ball|p2a: Dialga\n|-damage|p2a: Dialga|34\/100\n|-damage|p1a: Spectrier|91\/100 par|[from] item: Life Orb\n|move|p2a: Dialga|Roar|p1a: Spectrier\n|drag|p1a: Princess|Zacian, shiny|100\/100\n|-ability|p1a: Princess|Intrepid Sword|boost\n|-boost|p1a: Princess|atk|1\n|\n|-heal|p2a: Dialga|40\/100|[from] item: Leftovers\n|upkeep\n|turn|4\n|c|\u2606XpokVEVO|why?\n|c|\u2606XpokVEVO|oh to spread para\n|\n|t:|1699238520\n|switch|p2a: Quagsire|Quagsire, M|100\/100\n|move|p1a: Princess|Play Rough|p2a: Quagsire\n|-damage|p2a: Quagsire|59\/100\n|-damage|p1a: Princess|91\/100|[from] item: Life Orb\n|\n|upkeep\n|turn|5\n|c|\u2606XpokVEVO|that is not max defense\n|c|\u2606Leo Justice|that is max defense\n|\n|t:|1699238537\n|move|p1a: Princess|Play Rough|p2a: Quagsire|[miss]\n|-miss|p1a: Princess|p2a: Quagsire\n|move|p2a: Quagsire|Spikes|p1a: Princess\n|-sidestart|p1: XpokVEVO|Spikes\n|\n|upkeep\n|turn|6\n|c|\u2606XpokVEVO|then what wa\n|c|\u2606XpokVEVO|YOU CHEATER\n|\n|t:|1699238542\n|move|p1a: Princess|Play Rough|p2a: Quagsire|[miss]\n|-miss|p1a: Princess|p2a: Quagsire\n|move|p2a: Quagsire|Recover|p2a: Quagsire\n|-heal|p2a: Quagsire|100\/100\n|\n|upkeep\n|turn|7\n|\n|t:|1699238550\n|move|p1a: Princess|Play Rough|p2a: Quagsire\n|-crit|p2a: Quagsire\n|-damage|p2a: Quagsire|40\/100\n|-damage|p1a: Princess|81\/100|[from] item: Life Orb\n|move|p2a: Quagsire|Toxic|p1a: Princess\n|-status|p1a: Princess|tox\n|\n|-damage|p1a: Princess|74\/100 tox|[from] psn\n|upkeep\n|turn|8\n|c|\u2606Leo Justice|Your Zacian needs glasses\n|c|\u2606XpokVEVO|your quag gotta DIE dawg\n|\n|t:|1699238563\n|move|p1a: Princess|Play Rough|p2a: Quagsire\n|-damage|p2a: Quagsire|2\/100\n|-damage|p1a: Princess|64\/100 tox|[from] item: Life Orb\n|move|p2a: Quagsire|Recover|p2a: Quagsire\n|-heal|p2a: Quagsire|52\/100\n|\n|-damage|p1a: Princess|52\/100 tox|[from] psn\n|upkeep\n|turn|9\n|c|\u2606XpokVEVO|BRO\n|\n|t:|1699238570\n|move|p1a: Princess|Play Rough|p2a: Quagsire\n|-damage|p2a: Quagsire|15\/100\n|-damage|p1a: Princess|42\/100 tox|[from] item: Life Orb\n|move|p2a: Quagsire|Recover|p2a: Quagsire\n|-heal|p2a: Quagsire|65\/100\n|\n|-damage|p1a: Princess|24\/100 tox|[from] psn\n|upkeep\n|turn|10\n|\n|t:|1699238573\n|move|p1a: Princess|Play Rough|p2a: Quagsire\n|-crit|p2a: Quagsire\n|-damage|p2a: Quagsire|4\/100\n|-damage|p1a: Princess|14\/100 tox|[from] item: Life Orb\n|move|p2a: Quagsire|Recover|p2a: Quagsire\n|-heal|p2a: Quagsire|54\/100\n|\n|-damage|p1a: Princess|0 fnt|[from] psn\n|faint|p1a: Princess\n|upkeep\n|c|\u2606XpokVEVO|YOU MUTT\n|c|\u2606XpokVEVO|YOU USELESS\n|\n|t:|1699238582\n|switch|p1a: Spectrier|Spectrier|91\/100 par\n|-damage|p1a: Spectrier|78\/100 par|[from] Spikes\n|turn|11\n|\n|t:|1699238592\n|switch|p2a: Garganacl|Garganacl, F|100\/100\n|move|p1a: Spectrier|Nasty Plot|p1a: Spectrier\n|-boost|p1a: Spectrier|spa|2\n|\n|upkeep\n|turn|12\n|\n|t:|1699238600\n|-terastallize|p1a: Spectrier|Fairy\n|cant|p1a: Spectrier|par\n|move|p2a: Garganacl|Salt Cure|p1a: Spectrier\n|-damage|p1a: Spectrier|57\/100 par\n|-start|p1a: Spectrier|Salt Cure\n|\n|-damage|p1a: Spectrier|45\/100 par|[from] Salt Cure\n|upkeep\n|turn|13\n|\n|t:|1699238607\n|move|p1a: Spectrier|Draining Kiss|p2a: Garganacl\n|-damage|p2a: Garganacl|44\/100\n|-heal|p1a: Spectrier|95\/100 par|[from] drain|[of] p2a: Garganacl\n|-damage|p1a: Spectrier|85\/100 par|[from] item: Life Orb\n|move|p2a: Garganacl|Recover|p2a: Garganacl\n|-heal|p2a: Garganacl|94\/100\n|\n|-heal|p2a: Garganacl|99\/100|[from] item: Leftovers\n|-damage|p1a: Spectrier|73\/100 par|[from] Salt Cure\n|upkeep\n|turn|14\n|c|\u2606XpokVEVO|imma kms\n|\n|t:|1699238626\n|move|p1a: Spectrier|Nasty Plot|p1a: Spectrier\n|-boost|p1a: Spectrier|spa|2\n|move|p2a: Garganacl|Recover|p2a: Garganacl\n|-heal|p2a: Garganacl|100\/100\n|\n|-damage|p1a: Spectrier|61\/100 par|[from] Salt Cure\n|upkeep\n|turn|15\n|\n|t:|1699238633\n|switch|p2a: Quagsire|Quagsire, M|54\/100\n|move|p1a: Spectrier|Draining Kiss|p2a: Quagsire\n|-damage|p2a: Quagsire|0 fnt\n|-heal|p1a: Spectrier|100\/100 par|[from] drain|[of] p2a: Quagsire\n|faint|p2a: Quagsire\n|-ability|p1a: Spectrier|Grim Neigh|boost\n|-boost|p1a: Spectrier|spa|1\n|-damage|p1a: Spectrier|91\/100 par|[from] item: Life Orb\n|\n|-damage|p1a: Spectrier|78\/100 par|[from] Salt Cure\n|upkeep\n|c|\u2606XpokVEVO|im onto?\n|c|\u2606XpokVEVO|sum?\n|\n|t:|1699238650\n|switch|p2a: Blissey|Blissey, F|100\/100\n|turn|16\n|\n|t:|1699238653\n|cant|p1a: Spectrier|par\n|move|p2a: Blissey|Seismic Toss|p1a: Spectrier\n|-damage|p1a: Spectrier|49\/100 par\n|\n|-damage|p1a: Spectrier|37\/100 par|[from] Salt Cure\n|upkeep\n|turn|17\n|c|\u2606XpokVEVO|WAKE UP\n|c|\u2606XpokVEVO|WAKE UP\n|c|\u2606XpokVEVO|WAKE UP\n|\n|t:|1699238660\n|move|p1a: Spectrier|Draining Kiss|p2a: Blissey\n|-damage|p2a: Blissey|59\/100\n|-heal|p1a: Spectrier|100\/100 par|[from] drain|[of] p2a: Blissey\n|-damage|p1a: Spectrier|91\/100 par|[from] item: Life Orb\n|move|p2a: Blissey|Seismic Toss|p1a: Spectrier\n|-damage|p1a: Spectrier|61\/100 par\n|\n|-damage|p1a: Spectrier|49\/100 par|[from] Salt Cure\n|upkeep\n|turn|18\n|c|\u2606XpokVEVO|RRAHHH\n|\n|t:|1699238670\n|move|p1a: Spectrier|Draining Kiss|p2a: Blissey\n|-damage|p2a: Blissey|16\/100\n|-heal|p1a: Spectrier|100\/100 par|[from] drain|[of] p2a: Blissey\n|-damage|p1a: Spectrier|91\/100 par|[from] item: Life Orb\n|move|p2a: Blissey|Soft-Boiled|p2a: Blissey\n|-heal|p2a: Blissey|66\/100\n|\n|-damage|p1a: Spectrier|78\/100 par|[from] Salt Cure\n|upkeep\n|turn|19\n|\n|t:|1699238679\n|cant|p1a: Spectrier|par\n|move|p2a: Blissey|Soft-Boiled|p2a: Blissey\n|-heal|p2a: Blissey|100\/100\n|\n|-damage|p1a: Spectrier|66\/100 par|[from] Salt Cure\n|upkeep\n|turn|20\n|\n|t:|1699238681\n|move|p1a: Spectrier|Draining Kiss|p2a: Blissey\n|-damage|p2a: Blissey|57\/100\n|-heal|p1a: Spectrier|100\/100 par|[from] drain|[of] p2a: Blissey\n|-damage|p1a: Spectrier|91\/100 par|[from] item: Life Orb\n|move|p2a: Blissey|Seismic Toss|p1a: Spectrier\n|-damage|p1a: Spectrier|61\/100 par\n|\n|-damage|p1a: Spectrier|49\/100 par|[from] Salt Cure\n|upkeep\n|turn|21\n|\n|t:|1699238690\n|move|p1a: Spectrier|Draining Kiss|p2a: Blissey\n|-damage|p2a: Blissey|16\/100\n|-heal|p1a: Spectrier|100\/100 par|[from] drain|[of] p2a: Blissey\n|-damage|p1a: Spectrier|91\/100 par|[from] item: Life Orb\n|move|p2a: Blissey|Soft-Boiled|p2a: Blissey\n|-heal|p2a: Blissey|66\/100\n|\n|-damage|p1a: Spectrier|78\/100 par|[from] Salt Cure\n|upkeep\n|turn|22\n|\n|t:|1699238692\n|cant|p1a: Spectrier|par\n|move|p2a: Blissey|Soft-Boiled|p2a: Blissey\n|-heal|p2a: Blissey|100\/100\n|\n|-damage|p1a: Spectrier|66\/100 par|[from] Salt Cure\n|upkeep\n|turn|23\n|\n|t:|1699238695\n|cant|p1a: Spectrier|par\n|move|p2a: Blissey|Seismic Toss|p1a: Spectrier\n|-damage|p1a: Spectrier|37\/100 par\n|\n|-damage|p1a: Spectrier|24\/100 par|[from] Salt Cure\n|upkeep\n|turn|24\n|\n|t:|1699238700\n|move|p1a: Spectrier|Draining Kiss|p2a: Blissey\n|-damage|p2a: Blissey|57\/100\n|-heal|p1a: Spectrier|92\/100 par|[from] drain|[of] p2a: Blissey\n|-damage|p1a: Spectrier|82\/100 par|[from] item: Life Orb\n|move|p2a: Blissey|Seismic Toss|p1a: Spectrier\n|-damage|p1a: Spectrier|53\/100 par\n|\n|-damage|p1a: Spectrier|41\/100 par|[from] Salt Cure\n|upkeep\n|turn|25\n|c|\u2606XpokVEVO|horse\n|c|\u2606XpokVEVO|dont fail me\n|\n|t:|1699238712\n|cant|p1a: Spectrier|par\n|move|p2a: Blissey|Seismic Toss|p1a: Spectrier\n|-damage|p1a: Spectrier|12\/100 par\n|\n|-damage|p1a: Spectrier|0 fnt|[from] Salt Cure\n|faint|p1a: Spectrier\n|upkeep\n|c|\u2606Leo Justice|lol\n|j| the tr4sh man\n|\n|t:|1699238735\n|switch|p1a: Aunt Fanny|Magearna|100\/100\n|-damage|p1a: Aunt Fanny|88\/100|[from] Spikes\n|turn|26\n|\n|t:|1699238740\n|move|p1a: Aunt Fanny|Thunder Wave|p2a: Blissey\n|-status|p2a: Blissey|par\n|cant|p2a: Blissey|par\n|\n|upkeep\n|turn|27\n|\n|t:|1699238744\n|switch|p1a: Emu War|Espathra, F|100\/100\n|-damage|p1a: Emu War|88\/100|[from] Spikes\n|cant|p2a: Blissey|par\n|\n|upkeep\n|turn|28\n|\n|t:|1699238748\n|-curestatus|p2a: Blissey|par|[from] ability: Natural Cure\n|switch|p2a: Dialga|Dialga|40\/100\n|-ability|p2a: Dialga|Pressure\n|move|p1a: Emu War|Calm Mind|p1a: Emu War\n|-boost|p1a: Emu War|spa|1\n|-boost|p1a: Emu War|spd|1\n|\n|-heal|p2a: Dialga|46\/100|[from] item: Leftovers\n|-ability|p1a: Emu War|Speed Boost|boost\n|-boost|p1a: Emu War|spe|1\n|upkeep\n|turn|29\n|c|\u2606XpokVEVO|you a GIGA grinch\n|\n|t:|1699238758\n|move|p1a: Emu War|Dazzling Gleam|p2a: Dialga\n|-damage|p2a: Dialga|23\/100\n|move|p2a: Dialga|Roar|p1a: Emu War\n|drag|p1a: Ar\u0441eus-Fighting|Arceus-Fire, shiny|100\/100\n|-damage|p1a: Ar\u0441eus-Fighting|88\/100|[from] Spikes\n|\n|-heal|p2a: Dialga|29\/100|[from] item: Leftovers\n|upkeep\n|turn|30\n|\n|t:|1699238765\n|switch|p2a: Alomomola|Alomomola, F|100\/100\n|move|p1a: Ar\u0441eus-Fighting|Dragon Dance|p1a: Ar\u0441eus-Fighting\n|-boost|p1a: Ar\u0441eus-Fighting|atk|1\n|-boost|p1a: Ar\u0441eus-Fighting|spe|1\n|\n|upkeep\n|turn|31\n|\n|t:|1699238769\n|move|p2a: Alomomola|Scald|p1a: Ar\u0441eus-Fighting\n|-supereffective|p1a: Ar\u0441eus-Fighting\n|-damage|p1a: Ar\u0441eus-Fighting|69\/100\n|move|p1a: Ar\u0441eus-Fighting|Roar|p2a: Alomomola\n|drag|p2a: Garganacl|Garganacl, F|100\/100\n|\n|upkeep\n|turn|32\n|\n|t:|1699238776\n|switch|p1a: Akira|Cyclizar, M|84\/100\n|move|p2a: Garganacl|Iron Defense|p2a: Garganacl\n|-boost|p2a: Garganacl|def|2\n|\n|upkeep\n|turn|33\n|\n|t:|1699238780\n|move|p1a: Akira|Shed Tail|p1a: Akira\n|-start|p1a: Akira|Substitute|[from] move: Shed Tail\n|-damage|p1a: Akira|33\/100\n|\n|t:|1699238782\n|switch|p1a: Aunt Fanny|Magearna|88\/100|[from] Shed Tail\n|-damage|p1a: Aunt Fanny|76\/100|[from] Spikes\n|move|p2a: Garganacl|Body Press|p1a: Aunt Fanny\n|-end|p1a: Aunt Fanny|Substitute\n|\n|upkeep\n|turn|34\n|\n|t:|1699238787\n|switch|p2a: Toedscruel|Toedscruel, F|100\/100\n|move|p1a: Aunt Fanny|Flash Cannon|p2a: Toedscruel\n|-damage|p2a: Toedscruel|71\/100\n|\n|upkeep\n|turn|35\n|\n|t:|1699238798\n|move|p1a: Aunt Fanny|Fleur Cannon|p2a: Toedscruel\n|-damage|p2a: Toedscruel|24\/100\n|-unboost|p1a: Aunt Fanny|spa|2\n|move|p2a: Toedscruel|Spore|p1a: Aunt Fanny\n|-status|p1a: Aunt Fanny|slp|[from] move: Spore\n|\n|upkeep\n|turn|36\n|\n|t:|1699238804\n|switch|p1a: Akira|Cyclizar, M|67\/100\n|move|p2a: Toedscruel|Toxic Spikes|p1a: Akira\n|-sidestart|p1: XpokVEVO|move: Toxic Spikes\n|\n|upkeep\n|turn|37\n|\n|t:|1699238811\n|move|p1a: Akira|Rapid Spin|p2a: Toedscruel\n|-damage|p2a: Toedscruel|3\/100\n|-boost|p1a: Akira|spe|1\n|-sideend|p1: XpokVEVO|Spikes|[from] move: Rapid Spin|[of] p1a: Akira\n|-sideend|p1: XpokVEVO|Toxic Spikes|[from] move: Rapid Spin|[of] p1a: Akira\n|move|p2a: Toedscruel|Earth Power|p1a: Akira\n|-damage|p1a: Akira|30\/100\n|\n|upkeep\n|turn|38\n|\n|t:|1699238820\n|move|p1a: Akira|Rapid Spin|p2a: Toedscruel\n|-damage|p2a: Toedscruel|0 fnt\n|-boost|p1a: Akira|spe|1\n|faint|p2a: Toedscruel\n|\n|upkeep\n|\n|t:|1699238823\n|switch|p2a: Garganacl|Garganacl, F|100\/100\n|turn|39\n|\n|t:|1699238826\n|switch|p1a: Aunt Fanny|Magearna|76\/100 slp\n|move|p2a: Garganacl|Iron Defense|p2a: Garganacl\n|-boost|p2a: Garganacl|def|2\n|\n|upkeep\n|turn|40\n|\n|t:|1699238828\n|cant|p1a: Aunt Fanny|slp\n|move|p2a: Garganacl|Salt Cure|p1a: Aunt Fanny\n|-resisted|p1a: Aunt Fanny\n|-damage|p1a: Aunt Fanny|69\/100 slp\n|-start|p1a: Aunt Fanny|Salt Cure\n|\n|-damage|p1a: Aunt Fanny|44\/100 slp|[from] Salt Cure\n|upkeep\n|turn|41\n|\n|t:|1699238833\n|cant|p1a: Aunt Fanny|slp\n|move|p2a: Garganacl|Body Press|p1a: Aunt Fanny\n|-damage|p1a: Aunt Fanny|2\/100 slp\n|\n|-damage|p1a: Aunt Fanny|0 fnt|[from] Salt Cure\n|faint|p1a: Aunt Fanny\n|upkeep\n|\n|t:|1699238835\n|switch|p1a: Emu War|Espathra, F|88\/100\n|turn|42\n|\n|t:|1699238838\n|move|p1a: Emu War|Protect|p1a: Emu War\n|-singleturn|p1a: Emu War|Protect\n|move|p2a: Garganacl|Salt Cure|p1a: Emu War\n|-activate|p1a: Emu War|move: Protect\n|\n|-ability|p1a: Emu War|Speed Boost|boost\n|-boost|p1a: Emu War|spe|1\n|upkeep\n|turn|43\n|\n|t:|1699238840\n|move|p1a: Emu War|Calm Mind|p1a: Emu War\n|-boost|p1a: Emu War|spa|1\n|-boost|p1a: Emu War|spd|1\n|move|p2a: Garganacl|Salt Cure|p1a: Emu War\n|-damage|p1a: Emu War|71\/100\n|-start|p1a: Emu War|Salt Cure\n|\n|-damage|p1a: Emu War|59\/100|[from] Salt Cure\n|-ability|p1a: Emu War|Speed Boost|boost\n|-boost|p1a: Emu War|spe|1\n|upkeep\n|turn|44\n|\n|t:|1699238846\n|move|p1a: Emu War|Protect|p1a: Emu War\n|-singleturn|p1a: Emu War|Protect\n|move|p2a: Garganacl|Body Press|p1a: Emu War\n|-activate|p1a: Emu War|move: Protect\n|\n|-damage|p1a: Emu War|46\/100|[from] Salt Cure\n|-ability|p1a: Emu War|Speed Boost|boost\n|-boost|p1a: Emu War|spe|1\n|upkeep\n|turn|45\n|\n|t:|1699238850\n|move|p1a: Emu War|Stored Power|p2a: Garganacl\n|-damage|p2a: Garganacl|45\/100\n|move|p2a: Garganacl|Body Press|p1a: Emu War\n|-resisted|p1a: Emu War\n|-damage|p1a: Emu War|14\/100\n|\n|-heal|p2a: Garganacl|51\/100|[from] item: Leftovers\n|-damage|p1a: Emu War|2\/100|[from] Salt Cure\n|-ability|p1a: Emu War|Speed Boost|boost\n|-boost|p1a: Emu War|spe|1\n|upkeep\n|turn|46\n|c|\u2606XpokVEVO|blissey\n|c|\u2606XpokVEVO|go blissey\n|\n|t:|1699238865\n|switch|p2a: Blissey|Blissey, F|57\/100\n|move|p1a: Emu War|Stored Power|p2a: Blissey\n|-damage|p2a: Blissey|31\/100\n|\n|-damage|p1a: Emu War|0 fnt|[from] Salt Cure\n|faint|p1a: Emu War\n|upkeep\n|\n|t:|1699238875\n|switch|p1a: Akira|Cyclizar, M|63\/100\n|turn|47\n|\n|t:|1699238886\n|move|p1a: Akira|Knock Off|p2a: Blissey\n|-damage|p2a: Blissey|0 fnt\n|-enditem|p2a: Blissey|Heavy-Duty Boots|[from] move: Knock Off|[of] p1a: Akira\n|faint|p2a: Blissey\n|\n|upkeep\n|\n|t:|1699238891\n|switch|p2a: Alomomola|Alomomola, F|100\/100\n|turn|48\n|\n|t:|1699238897\n|move|p1a: Akira|Knock Off|p2a: Alomomola\n|-damage|p2a: Alomomola|88\/100\n|-enditem|p2a: Alomomola|Heavy-Duty Boots|[from] move: Knock Off|[of] p1a: Akira\n|move|p2a: Alomomola|Wish|p2a: Alomomola\n|\n|upkeep\n|turn|49\n|\n|t:|1699238902\n|move|p1a: Akira|Shed Tail|p1a: Akira\n|-start|p1a: Akira|Substitute|[from] move: Shed Tail\n|-damage|p1a: Akira|13\/100\n|\n|t:|1699238905\n|switch|p1a: Ar\u0441eus-Fighting|Arceus-Fire, shiny|69\/100|[from] Shed Tail\n|move|p2a: Alomomola|Flip Turn|p1a: Ar\u0441eus-Fighting\n|-supereffective|p1a: Ar\u0441eus-Fighting\n|-end|p1a: Ar\u0441eus-Fighting|Substitute\n|c|\u2606XpokVEVO|recover\n|c|\u2606XpokVEVO|garganacl\n|\n|t:|1699238912\n|switch|p2a: Garganacl|Garganacl, F|51\/100|[from] Flip Turn\n|\n|-heal|p2a: Garganacl|100\/100|[from] move: Wish|[wisher] Alomomola\n|upkeep\n|turn|50\n|\n|t:|1699238916\n|move|p1a: Ar\u0441eus-Fighting|Dragon Dance|p1a: Ar\u0441eus-Fighting\n|-boost|p1a: Ar\u0441eus-Fighting|atk|1\n|-boost|p1a: Ar\u0441eus-Fighting|spe|1\n|move|p2a: Garganacl|Iron Defense|p2a: Garganacl\n|-boost|p2a: Garganacl|def|2\n|\n|upkeep\n|turn|51\n|\n|t:|1699238919\n|move|p1a: Ar\u0441eus-Fighting|Dragon Dance|p1a: Ar\u0441eus-Fighting\n|-boost|p1a: Ar\u0441eus-Fighting|atk|1\n|-boost|p1a: Ar\u0441eus-Fighting|spe|1\n|move|p2a: Garganacl|Iron Defense|p2a: Garganacl\n|-boost|p2a: Garganacl|def|2\n|\n|upkeep\n|turn|52\n|\n|t:|1699238923\n|move|p1a: Ar\u0441eus-Fighting|Dragon Dance|p1a: Ar\u0441eus-Fighting\n|-boost|p1a: Ar\u0441eus-Fighting|atk|1\n|-boost|p1a: Ar\u0441eus-Fighting|spe|1\n|move|p2a: Garganacl|Body Press|p1a: Ar\u0441eus-Fighting\n|-crit|p1a: Ar\u0441eus-Fighting\n|-damage|p1a: Ar\u0441eus-Fighting|5\/100\n|\n|upkeep\n|turn|53\n|c|\u2606XpokVEVO|remach\n|\n|t:|1699238925\n|move|p1a: Ar\u0441eus-Fighting|Flare Blitz|p2a: Garganacl\n|-resisted|p2a: Garganacl\n|-crit|p2a: Garganacl\n|-damage|p2a: Garganacl|6\/100\n|-damage|p1a: Ar\u0441eus-Fighting|0 fnt|[from] Recoil\n|faint|p1a: Ar\u0441eus-Fighting\n|move|p2a: Garganacl|Salt Cure|p1: Ar\u0441eus-Fighting|[notarget]\n|-fail|p2a: Garganacl\n|\n|-heal|p2a: Garganacl|12\/100|[from] item: Leftovers\n|upkeep\n|\n|t:|1699238929\n|switch|p1a: Akira|Cyclizar, M|46\/100\n|turn|54\n|\n|t:|1699238933\n|move|p1a: Akira|Knock Off|p2a: Garganacl\n|-damage|p2a: Garganacl|7\/100\n|-enditem|p2a: Garganacl|Leftovers|[from] move: Knock Off|[of] p1a: Akira\n|move|p2a: Garganacl|Body Press|p1a: Akira\n|-supereffective|p1a: Akira\n|-damage|p1a: Akira|0 fnt\n|faint|p1a: Akira\n|\n|win|Leo Justice\n|l|\u2606XpokVEVO\n|l|\u2606Leo Justice\n|j|\u2606Leo Justice\n|player|p2|Leo Justice|carmine\n","uploadtime":1699239174,"views":13,"p1id":"xpokvevo","p2id":"leojustice","formatid":"gen9ubers","rating":0,"private":0,"password":""}