{"id":"gen9ubers-1990040795","p1":"Dregone","p2":"SDK04","format":"[Gen 9] Ubers","log":"|j|\u2606Dregone\n|j|\u2606SDK04\n|t:|1699918184\n|gametype|singles\n|player|p1|Dregone|cynthia-masters|\n|player|p2|SDK04|unknown|\n|teamsize|p1|6\n|teamsize|p2|6\n|gen|9\n|tier|[Gen 9] Ubers\n|rated|Tournament battle\n|rule|Sleep Clause Mod: Limit one foe put to sleep\n|rule|Species Clause: Limit one of each Pok\u00e9mon\n|rule|OHKO Clause: OHKO moves are banned\n|rule|Evasion Items Clause: Evasion items are banned\n|rule|Evasion Moves Clause: Evasion moves are banned\n|rule|Endless Battle Clause: Forcing endless battles is banned\n|rule|HP Percentage Mod: HP is shown in percentages\n|clearpoke\n|poke|p1|Ribombee, F|\n|poke|p1|Rayquaza|\n|poke|p1|Koraidon|\n|poke|p1|Arceus-Ground|\n|poke|p1|Miraidon|\n|poke|p1|Basculegion, M|\n|poke|p2|Grimmsnarl, M|\n|poke|p2|Miraidon|\n|poke|p2|Koraidon|\n|poke|p2|Zacian-*|\n|poke|p2|Iron Treads|\n|poke|p2|Gliscor, F|\n|teampreview\n|inactive|Battle timer is ON: inactive players will automatically lose when time's up. (requested by Dregone)\n|c|\u2606Dregone|glhf\n|j| SandySubway\n|\n|t:|1699918193\n|start\n|switch|p1a: Ribombee|Ribombee, F|100\/100\n|switch|p2a: Scary Monsters|Grimmsnarl, M|100\/100\n|turn|1\n|\n|t:|1699918219\n|move|p2a: Scary Monsters|Light Screen|p2a: Scary Monsters\n|-sidestart|p2: SDK04|move: Light Screen\n|move|p1a: Ribombee|Moonblast|p2a: Scary Monsters\n|-supereffective|p2a: Scary Monsters\n|-crit|p2a: Scary Monsters\n|-damage|p2a: Scary Monsters|0 fnt\n|faint|p2a: Scary Monsters\n|\n|upkeep\n|c|\u2606SDK04|crit mattered\n|c|\u2606Dregone|my bad\n|\n|t:|1699918229\n|switch|p2a: Himiko|Gliscor, F|100\/100\n|turn|2\n|\n|t:|1699918237\n|move|p1a: Ribombee|Sticky Web|p2a: Himiko\n|-sidestart|p2: SDK04|move: Sticky Web\n|move|p2a: Himiko|Agility|p2a: Himiko\n|-boost|p2a: Himiko|spe|2\n|\n|-status|p2a: Himiko|tox|[from] item: Toxic Orb\n|upkeep\n|turn|3\n|\n|t:|1699918240\n|move|p2a: Himiko|Swords Dance|p2a: Himiko\n|-boost|p2a: Himiko|atk|2\n|move|p1a: Ribombee|Tailwind|p1a: Ribombee\n|-sidestart|p1: Dregone|move: Tailwind\n|\n|upkeep\n|turn|4\n|j| Chaabi\n|\n|t:|1699918250\n|move|p1a: Ribombee|Moonblast|p2a: Himiko\n|-damage|p2a: Himiko|73\/100 tox\n|move|p2a: Himiko|Agility|p2a: Himiko\n|-boost|p2a: Himiko|spe|2\n|\n|-heal|p2a: Himiko|85\/100 tox|[from] ability: Poison Heal\n|upkeep\n|turn|5\n|\n|t:|1699918253\n|move|p2a: Himiko|Agility|p2a: Himiko\n|-boost|p2a: Himiko|spe|2\n|move|p1a: Ribombee|Moonblast|p2a: Himiko\n|-damage|p2a: Himiko|59\/100 tox\n|\n|-heal|p2a: Himiko|72\/100 tox|[from] ability: Poison Heal\n|upkeep\n|turn|6\n|\n|t:|1699918256\n|move|p2a: Himiko|Swords Dance|p2a: Himiko\n|-boost|p2a: Himiko|atk|2\n|move|p1a: Ribombee|U-turn|p2a: Himiko\n|-resisted|p2a: Himiko\n|-damage|p2a: Himiko|65\/100 tox\n|\n|t:|1699918265\n|switch|p1a: Rayquaza|Rayquaza|100\/100|[from] U-turn\n|-ability|p1a: Rayquaza|Air Lock\n|\n|-heal|p2a: Himiko|77\/100 tox|[from] ability: Poison Heal\n|-sideend|p1: Dregone|move: Tailwind\n|upkeep\n|turn|7\n|j| spiderkitty410\n|\n|t:|1699918270\n|-terastallize|p2a: Himiko|Flying\n|move|p2a: Himiko|Dual Wingbeat|p1a: Rayquaza\n|-damage|p1a: Rayquaza|28\/100\n|-crit|p1a: Rayquaza\n|-damage|p1a: Rayquaza|0 fnt\n|faint|p1a: Rayquaza\n|-hitcount|p1: Rayquaza|2\n|\n|-heal|p2a: Himiko|90\/100 tox|[from] ability: Poison Heal\n|upkeep\n|\n|t:|1699918291\n|switch|p1a: Miraidon|Miraidon|100\/100\n|-fieldstart|move: Electric Terrain|[from] ability: Hadron Engine|[of] p1a: Miraidon\n|turn|8\n|c|\u2606SDK04|I\u2019m guessing you\u2019re familiar with what happens now, right?\n|c|\u2606Dregone|i dodge\n|l| spiderkitty410\n|inactive|Dregone has 120 seconds left.\n|\n|t:|1699918325\n|move|p2a: Himiko|Earthquake|p1a: Miraidon\n|-supereffective|p1a: Miraidon\n|-damage|p1a: Miraidon|0 fnt\n|faint|p1a: Miraidon\n|\n|-heal|p2a: Himiko|100\/100 tox|[from] ability: Poison Heal\n|-sideend|p2: SDK04|move: Light Screen\n|upkeep\n|\n|t:|1699918329\n|switch|p1a: Arceus|Arceus-Ground|100\/100\n|turn|9\n|\n|t:|1699918333\n|move|p2a: Himiko|Dual Wingbeat|p1a: Arceus\n|-damage|p1a: Arceus|57\/100\n|-damage|p1a: Arceus|12\/100\n|-hitcount|p1a: Arceus|2\n|move|p1a: Arceus|Ice Beam|p2a: Himiko\n|-supereffective|p2a: Himiko\n|-damage|p2a: Himiko|27\/100 tox\n|\n|-heal|p2a: Himiko|40\/100 tox|[from] ability: Poison Heal\n|upkeep\n|turn|10\n|\n|t:|1699918340\n|move|p2a: Himiko|Earthquake|p1a: Arceus\n|-damage|p1a: Arceus|0 fnt\n|faint|p1a: Arceus\n|\n|-heal|p2a: Himiko|52\/100 tox|[from] ability: Poison Heal\n|upkeep\n|\n|t:|1699918343\n|switch|p1a: Ribombee|Ribombee, F|100\/100\n|turn|11\n|\n|t:|1699918352\n|-terastallize|p1a: Ribombee|Steel\n|move|p2a: Himiko|Dual Wingbeat|p1a: Ribombee\n|-resisted|p1a: Ribombee\n|-damage|p1a: Ribombee|31\/100\n|-resisted|p1a: Ribombee\n|-crit|p1a: Ribombee\n|-damage|p1a: Ribombee|0 fnt\n|faint|p1a: Ribombee\n|-hitcount|p1: Ribombee|2\n|\n|-heal|p2a: Himiko|65\/100 tox|[from] ability: Poison Heal\n|upkeep\n|c|\u2606Dregone|gg\n|c|\u2606SDK04|gg\n|c|\u2606SDK04|wp\n|\n|t:|1699918361\n|switch|p1a: Koraidon|Koraidon|100\/100\n|-weather|SunnyDay|[from] ability: Orichalcum Pulse|[of] p1a: Koraidon\n|-activate|p1a: Koraidon|Orichalcum Pulse|[source]\n|turn|12\n|\n|t:|1699918373\n|move|p2a: Himiko|Earthquake|p1a: Koraidon\n|-damage|p1a: Koraidon|4\/100\n|move|p1a: Koraidon|Scale Shot|p2a: Himiko\n|-damage|p2a: Himiko|45\/100 tox\n|-damage|p2a: Himiko|27\/100 tox\n|-damage|p2a: Himiko|9\/100 tox\n|-damage|p2a: Himiko|0 fnt\n|faint|p2a: Himiko\n|-hitcount|p2: Himiko|4\n|-unboost|p1a: Koraidon|def|1\n|-boost|p1a: Koraidon|spe|1\n|\n|-weather|SunnyDay|[upkeep]\n|-fieldend|move: Electric Terrain\n|upkeep\n|\n|t:|1699918377\n|switch|p2a: Miraidon Check|Iron Treads|100\/100\n|-activate|p2a: Miraidon Check|move: Sticky Web\n|-unboost|p2a: Miraidon Check|spe|1\n|turn|13\n|\n|t:|1699918385\n|move|p1a: Koraidon|Low Kick|p2a: Miraidon Check\n|-supereffective|p2a: Miraidon Check\n|-damage|p2a: Miraidon Check|0 fnt\n|faint|p2a: Miraidon Check\n|-end|p2a: Miraidon Check|Quark Drive|[silent]\n|\n|-weather|SunnyDay|[upkeep]\n|upkeep\n|\n|t:|1699918393\n|switch|p2a: Gen 8 MVP|Zacian-Crowned|100\/100\n|-activate|p2a: Gen 8 MVP|move: Sticky Web\n|-unboost|p2a: Gen 8 MVP|spe|1\n|-ability|p2a: Gen 8 MVP|Intrepid Sword|boost\n|-boost|p2a: Gen 8 MVP|atk|1\n|turn|14\n|j| decoy-tonsil\n|c|\u2606Dregone|lmao\n|\n|t:|1699918412\n|move|p1a: Koraidon|Low Kick|p2a: Gen 8 MVP\n|-damage|p2a: Gen 8 MVP|9\/100\n|move|p2a: Gen 8 MVP|Behemoth Blade|p1a: Koraidon\n|-damage|p1a: Koraidon|0 fnt\n|faint|p1a: Koraidon\n|\n|-weather|SunnyDay|[upkeep]\n|upkeep\n|\n|t:|1699918415\n|switch|p1a: Basculegion|Basculegion, M|100\/100\n|turn|15\n|\n|t:|1699918418\n|move|p1a: Basculegion|Last Respects|p2a: Gen 8 MVP\n|-damage|p2a: Gen 8 MVP|0 fnt\n|faint|p2a: Gen 8 MVP\n|\n|-weather|SunnyDay|[upkeep]\n|upkeep\n|\n|t:|1699918422\n|switch|p2a: \u201cI win\u201d button|Koraidon|100\/100\n|-activate|p2a: \u201cI win\u201d button|move: Sticky Web\n|-unboost|p2a: \u201cI win\u201d button|spe|1\n|-activate|p2a: \u201cI win\u201d button|ability: Orichalcum Pulse\n|turn|16\n|\n|t:|1699918424\n|move|p1a: Basculegion|Last Respects|p2a: \u201cI win\u201d button\n|-damage|p2a: \u201cI win\u201d button|0 fnt\n|faint|p2a: \u201cI win\u201d button\n|\n|-weather|none\n|upkeep\n|\n|t:|1699918426\n|switch|p2a: Nice Sprites|Miraidon|100\/100\n|-activate|p2a: Nice Sprites|move: Sticky Web\n|-unboost|p2a: Nice Sprites|spe|1\n|-fieldstart|move: Electric Terrain|[from] ability: Hadron Engine|[of] p2a: Nice Sprites\n|turn|17\n|c|\u2606Dregone|i knew this was gonna happen ;)\n|\n|t:|1699918439\n|move|p1a: Basculegion|Last Respects|p2a: Nice Sprites\n|-damage|p2a: Nice Sprites|0 fnt\n|faint|p2a: Nice Sprites\n|\n|win|Dregone\n|n|\u2606Dregone|dregone\n|n|\u2606SDK04|sdk04\n|n| SandySubway|sandysubway\n|n| Chaabi|chaabi\n|n| decoy-tonsil|decoytonsil\n|c|\u2606SDK04|gg\n|c|\u2606SDK04|wp\n|c|\u2606Dregone|gg\n|l| SandySubway\n|l|\u2606Dregone\n|c|\u2606SDK04|Rhought EQ would KO\n|c|\u2606SDK04|But I would have won if I used DWB again\n","uploadtime":1699918445,"views":10,"p1id":"dregone","p2id":"sdk04","formatid":"gen9ubers","rating":0,"private":0,"password":""}