{"id":"gen9ubers-1991370983","p1":"JohnLongGone","p2":"Creeperman129Poke","format":"[Gen 9] Ubers","log":"|j|\u2606JohnLongGone\n|j|\u2606Creeperman129Poke\n|t:|1700071532\n|gametype|singles\n|player|p1|JohnLongGone|iris-gen5bw2|\n|player|p2|Creeperman129Poke|nemona-v|\n|teamsize|p1|6\n|teamsize|p2|6\n|gen|9\n|tier|[Gen 9] Ubers\n|rule|Sleep Clause Mod: Limit one foe put to sleep\n|rule|Species Clause: Limit one of each Pok\u00e9mon\n|rule|OHKO Clause: OHKO moves are banned\n|rule|Evasion Items Clause: Evasion items are banned\n|rule|Evasion Moves Clause: Evasion moves are banned\n|rule|Endless Battle Clause: Forcing endless battles is banned\n|rule|HP Percentage Mod: HP is shown in percentages\n|clearpoke\n|poke|p1|Garchomp, F|\n|poke|p1|Houndstone, F|\n|poke|p1|Hippowdon, M|\n|poke|p1|Arceus-Poison|\n|poke|p1|Landorus, M|\n|poke|p1|Empoleon, M|\n|poke|p2|Basculin-White-Striped, F|\n|poke|p2|Palkia-Origin|\n|poke|p2|Magearna|\n|poke|p2|Cyclizar, F|\n|poke|p2|Zacian-*|\n|poke|p2|Zamazenta-*|\n|teampreview\n|\n|t:|1700071568\n|start\n|switch|p1a: Empoleon|Empoleon, M|100\/100\n|switch|p2a: Palkia|Palkia-Origin|100\/100\n|-ability|p2a: Palkia|Pressure\n|turn|1\n|\n|t:|1700071585\n|move|p2a: Palkia|Thunder Wave|p1a: Empoleon\n|-status|p1a: Empoleon|par\n|cant|p1a: Empoleon|par\n|\n|upkeep\n|turn|2\n|\n|t:|1700071593\n|switch|p2a: Cyclizar|Cyclizar, F|100\/100\n|move|p1a: Empoleon|Flip Turn|p2a: Cyclizar\n|-resisted|p2a: Cyclizar\n|-damage|p2a: Cyclizar|86\/100\n|\n|t:|1700071601\n|switch|p1a: Hippowdon|Hippowdon, M|100\/100|[from] Flip Turn\n|-weather|Sandstorm|[from] ability: Sand Stream|[of] p1a: Hippowdon\n|\n|-weather|Sandstorm|[upkeep]\n|-damage|p2a: Cyclizar|80\/100|[from] Sandstorm\n|upkeep\n|turn|3\n|\n|t:|1700071619\n|move|p2a: Cyclizar|Knock Off|p1a: Hippowdon\n|-damage|p1a: Hippowdon|89\/100\n|-enditem|p1a: Hippowdon|Smooth Rock|[from] move: Knock Off|[of] p2a: Cyclizar\n|move|p1a: Hippowdon|Earthquake|p2a: Cyclizar\n|-damage|p2a: Cyclizar|21\/100\n|\n|-weather|Sandstorm|[upkeep]\n|-damage|p2a: Cyclizar|15\/100|[from] Sandstorm\n|upkeep\n|turn|4\n|\n|t:|1700071634\n|switch|p2a: Palkia|Palkia-Origin|100\/100\n|-ability|p2a: Palkia|Pressure\n|move|p1a: Hippowdon|Whirlwind|p2a: Palkia\n|drag|p2a: Basculegion Beta|Basculin-White-Striped, F|100\/100\n|\n|-weather|Sandstorm|[upkeep]\n|-damage|p2a: Basculegion Beta|94\/100|[from] Sandstorm\n|upkeep\n|turn|5\n|\n|t:|1700071670\n|switch|p2a: Cyclizar|Cyclizar, F|48\/100\n|switch|p1a: Arceus|Arceus-Poison|100\/100\n|\n|-weather|Sandstorm|[upkeep]\n|-damage|p2a: Cyclizar|42\/100|[from] Sandstorm\n|-damage|p1a: Arceus|94\/100|[from] Sandstorm\n|upkeep\n|turn|6\n|\n|t:|1700071683\n|switch|p2a: Zamazenta|Zamazenta-Crowned|100\/100\n|-ability|p2a: Zamazenta|Dauntless Shield|boost\n|-boost|p2a: Zamazenta|def|1\n|move|p1a: Arceus|Judgment|p2a: Zamazenta\n|-immune|p2a: Zamazenta\n|\n|-weather|Sandstorm|[upkeep]\n|-damage|p1a: Arceus|88\/100|[from] Sandstorm\n|upkeep\n|turn|7\n|\n|t:|1700071692\n|move|p2a: Zamazenta|Iron Defense|p2a: Zamazenta\n|-boost|p2a: Zamazenta|def|2\n|move|p1a: Arceus|Taunt|p2a: Zamazenta\n|-start|p2a: Zamazenta|move: Taunt\n|\n|-weather|Sandstorm|[upkeep]\n|-damage|p1a: Arceus|82\/100|[from] Sandstorm\n|upkeep\n|turn|8\n|\n|t:|1700071698\n|move|p2a: Zamazenta|Body Press|p1a: Arceus\n|-resisted|p1a: Arceus\n|-damage|p1a: Arceus|53\/100\n|move|p1a: Arceus|Will-O-Wisp|p2a: Zamazenta|[miss]\n|-miss|p1a: Arceus|p2a: Zamazenta\n|\n|-weather|Sandstorm|[upkeep]\n|-damage|p1a: Arceus|47\/100|[from] Sandstorm\n|upkeep\n|turn|9\n|\n|t:|1700071705\n|move|p2a: Zamazenta|Body Press|p1a: Arceus\n|-resisted|p1a: Arceus\n|-damage|p1a: Arceus|19\/100\n|move|p1a: Arceus|Recover|p1a: Arceus\n|-heal|p1a: Arceus|69\/100\n|\n|-weather|none\n|upkeep\n|turn|10\n|\n|t:|1700071739\n|switch|p2a: Cyclizar|Cyclizar, F|75\/100\n|move|p1a: Arceus|Will-O-Wisp|p2a: Cyclizar\n|-status|p2a: Cyclizar|brn\n|\n|-damage|p2a: Cyclizar|69\/100 brn|[from] brn\n|upkeep\n|turn|11\n|\n|t:|1700071765\n|move|p2a: Cyclizar|Shed Tail|p2a: Cyclizar\n|-start|p2a: Cyclizar|Substitute|[from] move: Shed Tail\n|-damage|p2a: Cyclizar|19\/100 brn\n|\n|t:|1700071772\n|switch|p2a: Magearna|Magearna|100\/100|[from] Shed Tail\n|move|p1a: Arceus|Taunt|p2a: Magearna\n|-start|p2a: Magearna|move: Taunt\n|\n|upkeep\n|turn|12\n|\n|t:|1700071780\n|switch|p1a: Empoleon|Empoleon, M|100\/100 par\n|move|p2a: Magearna|Flash Cannon|p1a: Empoleon\n|-resisted|p1a: Empoleon\n|-damage|p1a: Empoleon|93\/100 par\n|\n|-heal|p1a: Empoleon|99\/100 par|[from] item: Leftovers\n|upkeep\n|turn|13\n|\n|t:|1700071788\n|move|p2a: Magearna|Flash Cannon|p1a: Empoleon\n|-resisted|p1a: Empoleon\n|-damage|p1a: Empoleon|92\/100 par\n|move|p1a: Empoleon|Roar|p2a: Magearna\n|drag|p2a: Cyclizar|Cyclizar, F|52\/100 brn\n|\n|-heal|p1a: Empoleon|98\/100 par|[from] item: Leftovers\n|-damage|p2a: Cyclizar|46\/100 brn|[from] brn\n|upkeep\n|turn|14\n|\n|t:|1700071796\n|move|p2a: Cyclizar|Knock Off|p1a: Empoleon\n|-damage|p1a: Empoleon|87\/100 par\n|-enditem|p1a: Empoleon|Leftovers|[from] move: Knock Off|[of] p2a: Cyclizar\n|move|p1a: Empoleon|Ice Beam|p2a: Cyclizar\n|-supereffective|p2a: Cyclizar\n|-damage|p2a: Cyclizar|0 fnt\n|faint|p2a: Cyclizar\n|\n|upkeep\n|\n|t:|1700071803\n|switch|p2a: Zacian|Zacian|100\/100\n|-ability|p2a: Zacian|Intrepid Sword|boost\n|-boost|p2a: Zacian|atk|1\n|turn|15\n|\n|t:|1700071823\n|switch|p1a: Arceus|Arceus-Poison|69\/100\n|move|p2a: Zacian|Swords Dance|p2a: Zacian\n|-boost|p2a: Zacian|atk|2\n|\n|upkeep\n|turn|16\n|\n|t:|1700071838\n|switch|p2a: Palkia|Palkia-Origin|100\/100\n|-ability|p2a: Palkia|Pressure\n|move|p1a: Arceus|Will-O-Wisp|p2a: Palkia\n|-status|p2a: Palkia|brn\n|\n|-damage|p2a: Palkia|94\/100 brn|[from] brn\n|upkeep\n|turn|17\n|\n|t:|1700071842\n|switch|p1a: Empoleon|Empoleon, M|87\/100 par\n|move|p2a: Palkia|Hydro Pump|p1a: Empoleon\n|-resisted|p1a: Empoleon\n|-damage|p1a: Empoleon|64\/100 par\n|\n|-damage|p2a: Palkia|88\/100 brn|[from] brn\n|upkeep\n|turn|18\n|\n|t:|1700071851\n|switch|p2a: Basculegion Beta|Basculin-White-Striped, F|94\/100\n|move|p1a: Empoleon|Roost|p1a: Empoleon\n|-heal|p1a: Empoleon|100\/100 par\n|-singleturn|p1a: Empoleon|move: Roost\n|\n|upkeep\n|turn|19\n|\n|t:|1700071857\n|move|p2a: Basculegion Beta|Last Respects|p1a: Empoleon\n|-damage|p1a: Empoleon|72\/100 par\n|move|p1a: Empoleon|Flip Turn|p2a: Basculegion Beta\n|-resisted|p2a: Basculegion Beta\n|-damage|p2a: Basculegion Beta|81\/100\n|\n|t:|1700071869\n|switch|p1a: Garchomp|Garchomp, F|100\/100|[from] Flip Turn\n|\n|upkeep\n|turn|20\n|\n|t:|1700071887\n|switch|p2a: Magearna|Magearna|100\/100\n|move|p1a: Garchomp|Scale Shot|p2a: Magearna\n|-immune|p2a: Magearna\n|\n|upkeep\n|turn|21\n|\n|t:|1700071907\n|switch|p1a: Empoleon|Empoleon, M|72\/100 par\n|move|p2a: Magearna|Calm Mind|p2a: Magearna\n|-boost|p2a: Magearna|spa|1\n|-boost|p2a: Magearna|spd|1\n|\n|upkeep\n|turn|22\n|\n|t:|1700071916\n|move|p2a: Magearna|Fleur Cannon|p1a: Empoleon\n|-resisted|p1a: Empoleon\n|-damage|p1a: Empoleon|36\/100 par\n|-unboost|p2a: Magearna|spa|2\n|move|p1a: Empoleon|Roar|p2a: Magearna\n|drag|p2a: Basculegion Beta|Basculin-White-Striped, F|81\/100\n|\n|upkeep\n|turn|23\n|\n|t:|1700071942\n|-terastallize|p2a: Basculegion Beta|Ghost\n|move|p2a: Basculegion Beta|Last Respects|p1a: Empoleon\n|-damage|p1a: Empoleon|0 fnt\n|faint|p1a: Empoleon\n|\n|upkeep\n|\n|t:|1700071948\n|switch|p1a: Garchomp|Garchomp, F|100\/100\n|turn|24\n|\n|t:|1700071954\n|move|p2a: Basculegion Beta|Last Respects|p1a: Garchomp\n|-damage|p1a: Garchomp|42\/100\n|move|p1a: Garchomp|Swords Dance|p1a: Garchomp\n|-boost|p1a: Garchomp|atk|2\n|\n|upkeep\n|turn|25\n|\n|t:|1700071976\n|move|p2a: Basculegion Beta|Last Respects|p1a: Garchomp\n|-damage|p1a: Garchomp|0 fnt\n|faint|p1a: Garchomp\n|\n|upkeep\n|\n|t:|1700071978\n|switch|p1a: Hippowdon|Hippowdon, M|89\/100\n|-weather|Sandstorm|[from] ability: Sand Stream|[of] p1a: Hippowdon\n|turn|26\n|\n|t:|1700071984\n|switch|p2a: Palkia|Palkia-Origin|88\/100 brn\n|-ability|p2a: Palkia|Pressure\n|move|p1a: Hippowdon|Whirlwind|p2a: Palkia\n|drag|p2a: Magearna|Magearna|100\/100\n|\n|-weather|Sandstorm|[upkeep]\n|upkeep\n|turn|27\n|\n|t:|1700072009\n|move|p2a: Magearna|Fleur Cannon|p1a: Hippowdon\n|-damage|p1a: Hippowdon|5\/100\n|-unboost|p2a: Magearna|spa|2\n|move|p1a: Hippowdon|Earthquake|p2a: Magearna\n|-supereffective|p2a: Magearna\n|-damage|p2a: Magearna|35\/100\n|\n|-weather|Sandstorm|[upkeep]\n|-heal|p2a: Magearna|41\/100|[from] item: Leftovers\n|upkeep\n|turn|28\n|\n|t:|1700072021\n|switch|p2a: Zacian|Zacian|100\/100\n|switch|p1a: Landorus|Landorus, M|100\/100\n|\n|-weather|Sandstorm|[upkeep]\n|-damage|p2a: Zacian|94\/100|[from] Sandstorm\n|upkeep\n|turn|29\n|\n|t:|1700072035\n|move|p1a: Landorus|Earthquake|p2a: Zacian\n|-crit|p2a: Zacian\n|-damage|p2a: Zacian|4\/100\n|move|p2a: Zacian|Play Rough|p1a: Landorus|[miss]\n|-miss|p2a: Zacian|p1a: Landorus\n|\n|-weather|Sandstorm|[upkeep]\n|-damage|p2a: Zacian|0 fnt|[from] Sandstorm\n|faint|p2a: Zacian\n|upkeep\n|c|\u2606Creeperman129Poke|rip\n|\n|t:|1700072047\n|switch|p2a: Palkia|Palkia-Origin|88\/100 brn\n|-ability|p2a: Palkia|Pressure\n|turn|30\n|\n|t:|1700072070\n|switch|p1a: Arceus|Arceus-Poison|69\/100\n|move|p2a: Palkia|Ice Beam|p1a: Arceus\n|-damage|p1a: Arceus|46\/100\n|\n|-weather|none\n|-damage|p2a: Palkia|82\/100 brn|[from] brn\n|upkeep\n|turn|31\n|\n|t:|1700072089\n|move|p2a: Palkia|Draco Meteor|p1a: Arceus\n|-damage|p1a: Arceus|0 fnt\n|-unboost|p2a: Palkia|spa|2\n|faint|p1a: Arceus\n|\n|-damage|p2a: Palkia|76\/100 brn|[from] brn\n|upkeep\n|\n|t:|1700072092\n|switch|p1a: Hippowdon|Hippowdon, M|5\/100\n|-weather|Sandstorm|[from] ability: Sand Stream|[of] p1a: Hippowdon\n|turn|32\n|\n|t:|1700072116\n|switch|p2a: Zamazenta|Zamazenta-Crowned|100\/100\n|switch|p1a: Landorus|Landorus, M|100\/100\n|\n|-weather|Sandstorm|[upkeep]\n|upkeep\n|turn|33\n|\n|t:|1700072125\n|move|p1a: Landorus|Earthquake|p2a: Zamazenta\n|-supereffective|p2a: Zamazenta\n|-damage|p2a: Zamazenta|11\/100\n|move|p2a: Zamazenta|Iron Defense|p2a: Zamazenta\n|-boost|p2a: Zamazenta|def|2\n|\n|-weather|Sandstorm|[upkeep]\n|upkeep\n|turn|34\n|\n|t:|1700072139\n|move|p1a: Landorus|Earthquake|p2a: Zamazenta\n|-supereffective|p2a: Zamazenta\n|-damage|p2a: Zamazenta|0 fnt\n|faint|p2a: Zamazenta\n|\n|-weather|Sandstorm|[upkeep]\n|upkeep\n|\n|t:|1700072143\n|switch|p2a: Palkia|Palkia-Origin|76\/100 brn\n|-ability|p2a: Palkia|Pressure\n|turn|35\n|\n|t:|1700072146\n|move|p1a: Landorus|Earthquake|p2a: Palkia\n|-damage|p2a: Palkia|11\/100 brn\n|move|p2a: Palkia|Ice Beam|p1a: Landorus\n|-supereffective|p1a: Landorus\n|-damage|p1a: Landorus|0 fnt\n|faint|p1a: Landorus\n|\n|-weather|Sandstorm|[upkeep]\n|-damage|p2a: Palkia|5\/100 brn|[from] Sandstorm\n|-damage|p2a: Palkia|0 fnt|[from] brn\n|faint|p2a: Palkia\n|upkeep\n|\n|t:|1700072161\n|switch|p2a: Magearna|Magearna|41\/100\n|switch|p1a: Houndstone|Houndstone, F|100\/100\n|turn|36\n|\n|t:|1700072167\n|-terastallize|p1a: Houndstone|Ghost\n|move|p1a: Houndstone|Last Respects|p2a: Magearna\n|-damage|p2a: Magearna|0 fnt\n|faint|p2a: Magearna\n|\n|-weather|none\n|upkeep\n|\n|t:|1700072170\n|switch|p2a: Basculegion Beta|Basculin-White-Striped, F, tera:Ghost|81\/100\n|turn|37\n|c|\u2606Creeperman129Poke|gg\n|\n|t:|1700072181\n|switch|p1a: Hippowdon|Hippowdon, M|5\/100\n|-weather|Sandstorm|[from] ability: Sand Stream|[of] p1a: Hippowdon\n|move|p2a: Basculegion Beta|Last Respects|p1a: Hippowdon\n|-damage|p1a: Hippowdon|0 fnt\n|faint|p1a: Hippowdon\n|\n|-weather|Sandstorm|[upkeep]\n|-damage|p2a: Basculegion Beta|75\/100|[from] Sandstorm\n|upkeep\n|\n|t:|1700072186\n|switch|p1a: Houndstone|Houndstone, F, tera:Ghost|100\/100\n|turn|38\n|\n|t:|1700072188\n|move|p1a: Houndstone|Last Respects|p2a: Basculegion Beta\n|-supereffective|p2a: Basculegion Beta\n|-damage|p2a: Basculegion Beta|0 fnt\n|faint|p2a: Basculegion Beta\n|\n|win|JohnLongGone\n|c|\u2606JohnLongGone|gg\n","uploadtime":1700072197,"views":48,"p1id":"johnlonggone","p2id":"creeperman129poke","formatid":"gen9ubers","rating":0,"private":0,"password":""}