{"id":"gen9ubers-1976494293","p1":"spicyntegral","p2":"LenquAn","format":"[Gen 9] Ubers","log":"|j|\u2606spicyntegral\n|j|\u2606LenquAn\n|t:|1698312618\n|gametype|singles\n|player|p1|spicyntegral|n|1504\n|player|p2|LenquAn|101|1321\n|teamsize|p1|6\n|teamsize|p2|6\n|gen|9\n|tier|[Gen 9] Ubers\n|rated|\n|rule|Sleep Clause Mod: Limit one foe put to sleep\n|rule|Species Clause: Limit one of each Pok\u00e9mon\n|rule|OHKO Clause: OHKO moves are banned\n|rule|Evasion Items Clause: Evasion items are banned\n|rule|Evasion Moves Clause: Evasion moves are banned\n|rule|Endless Battle Clause: Forcing endless battles is banned\n|rule|HP Percentage Mod: HP is shown in percentages\n|clearpoke\n|poke|p1|Miraidon|\n|poke|p1|Skeledirge, F|\n|poke|p1|Arceus|\n|poke|p1|Zacian-*|\n|poke|p1|Landorus-Therian, M|\n|poke|p1|Clodsire, M|\n|poke|p2|Calyrex-Ice|\n|poke|p2|Koraidon|\n|poke|p2|Miraidon|\n|poke|p2|Hatterene, F|\n|poke|p2|Arceus-Poison|\n|poke|p2|Corviknight, M|\n|teampreview\n|inactive|Battle timer is ON: inactive players will automatically lose when time's up. (requested by LenquAn)\n|\n|t:|1698312632\n|start\n|switch|p1a: Arceus|Arceus|100\/100\n|switch|p2a: Koraidon|Koraidon|100\/100\n|-weather|SunnyDay|[from] ability: Orichalcum Pulse|[of] p2a: Koraidon\n|-activate|p2a: Koraidon|Orichalcum Pulse|[source]\n|turn|1\n|\n|t:|1698312639\n|switch|p1a: Skeledirge|Skeledirge, F|100\/100\n|move|p2a: Koraidon|U-turn|p1a: Skeledirge\n|-resisted|p1a: Skeledirge\n|-damage|p1a: Skeledirge|95\/100\n|\n|t:|1698312648\n|switch|p2a: Miraidon|Miraidon|100\/100|[from] U-turn\n|-fieldstart|move: Electric Terrain|[from] ability: Hadron Engine|[of] p2a: Miraidon\n|\n|-weather|SunnyDay|[upkeep]\n|upkeep\n|turn|2\n|\n|t:|1698312653\n|switch|p1a: Clodsire|Clodsire, M|100\/100\n|move|p2a: Miraidon|Calm Mind|p2a: Miraidon\n|-boost|p2a: Miraidon|spa|1\n|-boost|p2a: Miraidon|spd|1\n|\n|-weather|SunnyDay|[upkeep]\n|upkeep\n|turn|3\n|\n|t:|1698312659\n|switch|p2a: Hatterene|Hatterene, F|100\/100\n|move|p1a: Clodsire|Toxic|p2a: Hatterene\n|move|p2a: Hatterene|Toxic|p1a: Clodsire|[from]ability: Magic Bounce\n|-immune|p1a: Clodsire\n|\n|-weather|SunnyDay|[upkeep]\n|upkeep\n|turn|4\n|\n|t:|1698312667\n|move|p2a: Hatterene|Psychic|p1a: Clodsire\n|-supereffective|p1a: Clodsire\n|-damage|p1a: Clodsire|56\/100\n|move|p1a: Clodsire|Earthquake|p2a: Hatterene\n|-damage|p2a: Hatterene|78\/100\n|-enditem|p2a: Hatterene|Eject Button\n|\n|t:|1698312673\n|switch|p2a: Calyrex|Calyrex-Ice|100\/100\n|-ability|p2a: Calyrex|As One\n|-ability|p2a: Calyrex|Unnerve\n|\n|-weather|SunnyDay|[upkeep]\n|-heal|p1a: Clodsire|62\/100|[from] item: Leftovers\n|upkeep\n|turn|5\n|\n|t:|1698312681\n|move|p2a: Calyrex|High Horsepower|p1a: Clodsire\n|-supereffective|p1a: Clodsire\n|-damage|p1a: Clodsire|0 fnt\n|faint|p1a: Clodsire\n|-ability|p2a: Calyrex|Chilling Neigh|boost\n|-boost|p2a: Calyrex|atk|1\n|\n|-weather|none\n|-fieldend|move: Electric Terrain\n|upkeep\n|\n|t:|1698312689\n|switch|p1a: Skeledirge|Skeledirge, F|95\/100\n|turn|6\n|\n|t:|1698312695\n|switch|p2a: Arceus|Arceus-Poison|100\/100\n|move|p1a: Skeledirge|Torch Song|p2a: Arceus\n|-crit|p2a: Arceus\n|-damage|p2a: Arceus|66\/100\n|-boost|p1a: Skeledirge|spa|1\n|\n|upkeep\n|turn|7\n|\n|t:|1698312703\n|move|p2a: Arceus|Earth Power|p1a: Skeledirge\n|-supereffective|p1a: Skeledirge\n|-damage|p1a: Skeledirge|46\/100\n|move|p1a: Skeledirge|Hex|p2a: Arceus\n|-damage|p2a: Arceus|40\/100\n|\n|upkeep\n|turn|8\n|\n|t:|1698312710\n|switch|p1a: Landorus|Landorus-Therian, M|100\/100\n|-ability|p1a: Landorus|Intimidate|boost\n|-unboost|p2a: Arceus|atk|1\n|move|p2a: Arceus|Stealth Rock|p1a: Landorus\n|-sidestart|p1: spicyntegral|move: Stealth Rock\n|\n|upkeep\n|turn|9\n|\n|t:|1698312717\n|switch|p2a: Hatterene|Hatterene, F|78\/100\n|move|p1a: Landorus|Earthquake|p2a: Hatterene\n|-damage|p2a: Hatterene|43\/100\n|\n|upkeep\n|turn|10\n|\n|t:|1698312723\n|move|p1a: Landorus|Earthquake|p2a: Hatterene\n|-damage|p2a: Hatterene|1\/100\n|move|p2a: Hatterene|Healing Wish|p2a: Hatterene\n|faint|p2a: Hatterene\n|\n|upkeep\n|\n|t:|1698312730\n|switch|p2a: Calyrex|Calyrex-Ice|100\/100\n|-ability|p2a: Calyrex|As One\n|-ability|p2a: Calyrex|Unnerve\n|turn|11\n|\n|t:|1698312735\n|move|p1a: Landorus|Taunt|p2a: Calyrex\n|-start|p2a: Calyrex|move: Taunt\n|move|p2a: Calyrex|Glacial Lance|p1a: Landorus\n|-supereffective|p1a: Landorus\n|-damage|p1a: Landorus|0 fnt\n|faint|p1a: Landorus\n|-ability|p2a: Calyrex|Chilling Neigh|boost\n|-boost|p2a: Calyrex|atk|1\n|\n|upkeep\n|\n|t:|1698312749\n|switch|p1a: Skeledirge|Skeledirge, F|46\/100\n|turn|12\n|\n|t:|1698312752\n|-terastallize|p2a: Calyrex|Ground\n|-terastallize|p1a: Skeledirge|Fairy\n|move|p2a: Calyrex|High Horsepower|p1a: Skeledirge\n|-damage|p1a: Skeledirge|9\/100\n|move|p1a: Skeledirge|Slack Off|p1a: Skeledirge\n|-heal|p1a: Skeledirge|59\/100\n|\n|upkeep\n|turn|13\n|\n|t:|1698312767\n|switch|p2a: Arceus|Arceus-Poison|40\/100\n|-heal|p2a: Arceus|100\/100|[from] move: Healing Wish\n|move|p1a: Skeledirge|Will-O-Wisp|p2a: Arceus|[miss]\n|-miss|p1a: Skeledirge|p2a: Arceus\n|\n|upkeep\n|turn|14\n|\n|t:|1698312778\n|switch|p1a: Zacian|Zacian-Crowned|100\/100\n|-damage|p1a: Zacian|94\/100|[from] Stealth Rock\n|-ability|p1a: Zacian|Intrepid Sword|boost\n|-boost|p1a: Zacian|atk|1\n|move|p2a: Arceus|Judgment|p1a: Zacian\n|-immune|p1a: Zacian\n|\n|upkeep\n|turn|15\n|\n|t:|1698312786\n|move|p1a: Zacian|Behemoth Blade|p2a: Arceus\n|-damage|p2a: Arceus|46\/100\n|move|p2a: Arceus|Earth Power|p1a: Zacian\n|-supereffective|p1a: Zacian\n|-damage|p1a: Zacian|51\/100\n|-unboost|p1a: Zacian|spd|1\n|\n|upkeep\n|turn|16\n|\n|t:|1698312793\n|switch|p2a: Corviknight|Corviknight, M|100\/100\n|-ability|p2a: Corviknight|Pressure\n|move|p1a: Zacian|Behemoth Blade|p2a: Corviknight\n|-resisted|p2a: Corviknight\n|-damage|p2a: Corviknight|65\/100\n|\n|-heal|p2a: Corviknight|71\/100|[from] item: Leftovers\n|upkeep\n|turn|17\n|\n|t:|1698312802\n|move|p1a: Zacian|Swords Dance|p1a: Zacian\n|-boost|p1a: Zacian|atk|2\n|move|p2a: Corviknight|U-turn|p1a: Zacian\n|-resisted|p1a: Zacian\n|-damage|p1a: Zacian|48\/100\n|\n|t:|1698312805\n|switch|p2a: Koraidon|Koraidon|100\/100|[from] U-turn\n|-weather|SunnyDay|[from] ability: Orichalcum Pulse|[of] p2a: Koraidon\n|-activate|p2a: Koraidon|Orichalcum Pulse|[source]\n|\n|-weather|SunnyDay|[upkeep]\n|upkeep\n|turn|18\n|\n|t:|1698312812\n|switch|p1a: Skeledirge|Skeledirge, F, tera:Fairy|59\/100\n|move|p2a: Koraidon|Flare Blitz|p1a: Skeledirge\n|-damage|p1a: Skeledirge|4\/100\n|-damage|p2a: Koraidon|79\/100|[from] Recoil\n|\n|-weather|SunnyDay|[upkeep]\n|upkeep\n|turn|19\n|\n|t:|1698312819\n|move|p2a: Koraidon|Flare Blitz|p1a: Skeledirge\n|-damage|p1a: Skeledirge|0 fnt\n|faint|p1a: Skeledirge\n|-damage|p2a: Koraidon|77\/100|[from] Recoil\n|\n|-weather|SunnyDay|[upkeep]\n|upkeep\n|\n|t:|1698312825\n|switch|p1a: Miraidon|Miraidon|100\/100\n|-fieldstart|move: Electric Terrain|[from] ability: Hadron Engine|[of] p1a: Miraidon\n|turn|20\n|\n|t:|1698312835\n|switch|p2a: Arceus|Arceus-Poison|46\/100\n|move|p1a: Miraidon|Draco Meteor|p2a: Arceus|[miss]\n|-miss|p1a: Miraidon|p2a: Arceus\n|\n|-weather|SunnyDay|[upkeep]\n|upkeep\n|turn|21\n|\n|t:|1698312841\n|move|p1a: Miraidon|Electro Drift|p2a: Arceus\n|-damage|p2a: Arceus|0 fnt\n|faint|p2a: Arceus\n|\n|-weather|none\n|upkeep\n|\n|t:|1698312850\n|switch|p2a: Calyrex|Calyrex-Ice, tera:Ground|100\/100\n|-ability|p2a: Calyrex|As One\n|-ability|p2a: Calyrex|Unnerve\n|turn|22\n|\n|t:|1698312855\n|move|p1a: Miraidon|Draco Meteor|p2a: Calyrex\n|-damage|p2a: Calyrex|29\/100\n|-unboost|p1a: Miraidon|spa|2\n|move|p2a: Calyrex|High Horsepower|p1a: Miraidon\n|-supereffective|p1a: Miraidon\n|-damage|p1a: Miraidon|0 fnt\n|faint|p1a: Miraidon\n|-ability|p2a: Calyrex|Chilling Neigh|boost\n|-boost|p2a: Calyrex|atk|1\n|\n|-heal|p2a: Calyrex|35\/100|[from] item: Leftovers\n|upkeep\n|\n|t:|1698312867\n|switch|p1a: Zacian|Zacian-Crowned|48\/100\n|-damage|p1a: Zacian|41\/100|[from] Stealth Rock\n|turn|23\n|\n|t:|1698312873\n|move|p1a: Zacian|Behemoth Blade|p2a: Calyrex\n|-damage|p2a: Calyrex|0 fnt\n|faint|p2a: Calyrex\n|\n|upkeep\n|\n|t:|1698312876\n|switch|p2a: Koraidon|Koraidon|77\/100\n|-weather|SunnyDay|[from] ability: Orichalcum Pulse|[of] p2a: Koraidon\n|-activate|p2a: Koraidon|Orichalcum Pulse|[source]\n|turn|24\n|\n|t:|1698312881\n|move|p2a: Koraidon|Collision Course|p1a: Zacian\n|-damage|p1a: Zacian|0 fnt\n|faint|p1a: Zacian\n|\n|-weather|SunnyDay|[upkeep]\n|-fieldend|move: Electric Terrain\n|upkeep\n|\n|t:|1698312886\n|switch|p1a: Arceus|Arceus|100\/100\n|-damage|p1a: Arceus|88\/100|[from] Stealth Rock\n|turn|25\n|\n|t:|1698312890\n|move|p1a: Arceus|Extreme Speed|p2a: Koraidon\n|-damage|p2a: Koraidon|32\/100\n|move|p2a: Koraidon|Collision Course|p1a: Arceus\n|-supereffective|p1a: Arceus\n|-damage|p1a: Arceus|0 fnt\n|faint|p1a: Arceus\n|\n|win|LenquAn\n|raw|spicyntegral's rating: 1504 &rarr; <strong>1474<\/strong><br \/>(-30 for losing)\n|raw|LenquAn's rating: 1321 &rarr; <strong>1351<\/strong><br \/>(+30 for winning)\n|l|\u2606spicyntegral\n","uploadtime":1698312901,"views":13,"p1id":"spicyntegral","p2id":"lenquan","formatid":"gen9ubers","rating":1351,"private":0,"password":""}