{"id":"gen9ubers-1992436973","p1":"SevLev","p2":"KosmicBAD","format":"[Gen 9] Ubers","log":"|j|\u2606SevLev\n|j|\u2606KosmicBAD\n|t:|1700187451\n|gametype|singles\n|player|p1|SevLev|roxie|\n|player|p2|KosmicBAD|169|\n|teamsize|p1|6\n|teamsize|p2|6\n|gen|9\n|tier|[Gen 9] Ubers\n|rule|Sleep Clause Mod: Limit one foe put to sleep\n|rule|Species Clause: Limit one of each Pok\u00e9mon\n|rule|OHKO Clause: OHKO moves are banned\n|rule|Evasion Items Clause: Evasion items are banned\n|rule|Evasion Moves Clause: Evasion moves are banned\n|rule|Endless Battle Clause: Forcing endless battles is banned\n|rule|HP Percentage Mod: HP is shown in percentages\n|clearpoke\n|poke|p1|Iron Valiant|\n|poke|p1|Toxapex, M|\n|poke|p1|Hydreigon, M|\n|poke|p1|Thundurus-Therian, M|\n|poke|p1|Ceruledge, F|\n|poke|p1|Clodsire, M|\n|poke|p2|Zapdos-Galar|\n|poke|p2|Infernape, F|\n|poke|p2|Roaring Moon|\n|poke|p2|Quagsire, M|\n|poke|p2|Enamorus, F|\n|poke|p2|Umbreon, F|\n|teampreview\n|c|\u2606KosmicBAD|glhf\n|c|\u2606SevLev|glhf\n|\n|t:|1700187473\n|start\n|switch|p1a: :3 :3|Toxapex, M, shiny|100\/100\n|switch|p2a: Glenn|Quagsire, M|100\/100\n|turn|1\n|\n|t:|1700187480\n|move|p1a: :3 :3|Toxic|p2a: Glenn\n|-status|p2a: Glenn|tox\n|move|p2a: Glenn|Stealth Rock|p1a: :3 :3\n|-sidestart|p1: SevLev|move: Stealth Rock\n|\n|-damage|p2a: Glenn|94\/100 tox|[from] psn\n|upkeep\n|turn|2\n|j| Hedgehog415\n|\n|t:|1700187524\n|move|p1a: :3 :3|Baneful Bunker|p1a: :3 :3\n|-singleturn|p1a: :3 :3|move: Protect\n|move|p2a: Glenn|Toxic|p1a: :3 :3\n|-activate|p1a: :3 :3|move: Protect\n|\n|-heal|p2a: Glenn|100\/100 tox|[from] item: Leftovers\n|-damage|p2a: Glenn|88\/100 tox|[from] psn\n|upkeep\n|turn|3\n|c| Hedgehog415|Bus\n|\n|t:|1700187534\n|switch|p1a: Tera Fire|Hydreigon, M|100\/100\n|-damage|p1a: Tera Fire|88\/100|[from] Stealth Rock\n|move|p2a: Glenn|Toxic|p1a: Tera Fire\n|-status|p1a: Tera Fire|tox\n|\n|-heal|p2a: Glenn|94\/100 tox|[from] item: Leftovers\n|-damage|p1a: Tera Fire|82\/100 tox|[from] psn\n|-damage|p2a: Glenn|76\/100 tox|[from] psn\n|upkeep\n|turn|4\n|\n|t:|1700187565\n|switch|p2a: Eclipse|Umbreon, F, shiny|100\/100\n|move|p1a: Tera Fire|Draco Meteor|p2a: Eclipse\n|-damage|p2a: Eclipse|42\/100\n|-unboost|p1a: Tera Fire|spa|2\n|\n|-heal|p2a: Eclipse|48\/100|[from] item: Leftovers\n|-damage|p1a: Tera Fire|70\/100 tox|[from] psn\n|upkeep\n|turn|5\n|\n|t:|1700187579\n|switch|p1a: :3 :3|Toxapex, M, shiny|100\/100\n|-damage|p1a: :3 :3|88\/100|[from] Stealth Rock\n|move|p2a: Eclipse|Moonlight|p2a: Eclipse\n|-heal|p2a: Eclipse|98\/100\n|\n|-heal|p2a: Eclipse|100\/100|[from] item: Leftovers\n|-heal|p1a: :3 :3|94\/100|[from] item: Leftovers\n|upkeep\n|turn|6\n|\n|t:|1700187594\n|move|p2a: Eclipse|Protect|p2a: Eclipse\n|-singleturn|p2a: Eclipse|Protect\n|move|p1a: :3 :3|Toxic|p2a: Eclipse\n|-activate|p2a: Eclipse|move: Protect\n|\n|-heal|p1a: :3 :3|99\/100|[from] item: Leftovers\n|upkeep\n|turn|7\n|\n|t:|1700187608\n|switch|p2a: Sozin|Roaring Moon|100\/100\n|-enditem|p2a: Sozin|Booster Energy\n|-activate|p2a: Sozin|ability: Protosynthesis|[fromitem]\n|-start|p2a: Sozin|protosynthesisatk\n|move|p1a: :3 :3|Toxic|p2a: Sozin\n|-status|p2a: Sozin|tox\n|\n|-heal|p1a: :3 :3|100\/100|[from] item: Leftovers\n|-damage|p2a: Sozin|95\/100 tox|[from] psn\n|upkeep\n|turn|8\n|\n|t:|1700187621\n|move|p2a: Sozin|Dragon Dance|p2a: Sozin\n|-boost|p2a: Sozin|atk|1\n|-boost|p2a: Sozin|spe|1\n|move|p1a: :3 :3|Iron Defense|p1a: :3 :3\n|-boost|p1a: :3 :3|def|2\n|\n|-damage|p2a: Sozin|83\/100 tox|[from] psn\n|upkeep\n|turn|9\n|\n|t:|1700187632\n|move|p2a: Sozin|Earthquake|p1a: :3 :3\n|-supereffective|p1a: :3 :3\n|-damage|p1a: :3 :3|44\/100\n|move|p1a: :3 :3|Iron Defense|p1a: :3 :3\n|-boost|p1a: :3 :3|def|2\n|\n|-heal|p1a: :3 :3|50\/100|[from] item: Leftovers\n|-damage|p2a: Sozin|65\/100 tox|[from] psn\n|upkeep\n|turn|10\n|\n|t:|1700187641\n|move|p1a: :3 :3|Baneful Bunker|p1a: :3 :3\n|-singleturn|p1a: :3 :3|move: Protect\n|move|p2a: Sozin|Dragon Dance|p2a: Sozin\n|-boost|p2a: Sozin|atk|1\n|-boost|p2a: Sozin|spe|1\n|\n|-heal|p1a: :3 :3|56\/100|[from] item: Leftovers\n|-damage|p2a: Sozin|41\/100 tox|[from] psn\n|upkeep\n|turn|11\n|\n|t:|1700187653\n|-terastallize|p1a: :3 :3|Steel\n|move|p2a: Sozin|Earthquake|p1a: :3 :3\n|-supereffective|p1a: :3 :3\n|-damage|p1a: :3 :3|1\/100\n|move|p1a: :3 :3|Recover|p1a: :3 :3\n|-heal|p1a: :3 :3|51\/100\n|\n|-heal|p1a: :3 :3|57\/100|[from] item: Leftovers\n|-damage|p2a: Sozin|11\/100 tox|[from] psn\n|upkeep\n|turn|12\n|c|\u2606KosmicBAD|wp\n|c|\u2606SevLev|:3\n|\n|t:|1700187674\n|move|p2a: Sozin|Earthquake|p1a: :3 :3\n|-supereffective|p1a: :3 :3\n|-damage|p1a: :3 :3|0 fnt\n|faint|p1a: :3 :3\n|\n|-damage|p2a: Sozin|0 fnt|[from] psn\n|faint|p2a: Sozin\n|-end|p2a: Sozin|Protosynthesis|[silent]\n|upkeep\n|c| Hedgehog415|Steel tera...\n|c|\u2606SevLev|i know I'm a bozo\n|c|\u2606SevLev|I'm sorry\n|\n|t:|1700187704\n|switch|p2a: Rafiki|Infernape, F, shiny|100\/100\n|switch|p1a: Clodsire|Clodsire, M|100\/100\n|-damage|p1a: Clodsire|94\/100|[from] Stealth Rock\n|turn|13\n|\n|t:|1700187724\n|move|p2a: Rafiki|Earthquake|p1a: Clodsire\n|-supereffective|p1a: Clodsire\n|-damage|p1a: Clodsire|16\/100\n|move|p1a: Clodsire|Toxic|p2a: Rafiki\n|-status|p2a: Rafiki|tox\n|\n|-heal|p1a: Clodsire|23\/100|[from] item: Black Sludge\n|-damage|p2a: Rafiki|94\/100 tox|[from] psn\n|upkeep\n|turn|14\n|\n|t:|1700187740\n|switch|p2a: Wanda|Enamorus, F, shiny|100\/100\n|switch|p1a: Daddy Thunder|Thundurus-Therian, M|100\/100\n|-damage|p1a: Daddy Thunder|76\/100|[from] Stealth Rock\n|\n|upkeep\n|turn|15\n|\n|t:|1700187756\n|-terastallize|p2a: Wanda|Ground\n|move|p2a: Wanda|Superpower|p1a: Daddy Thunder\n|-resisted|p1a: Daddy Thunder\n|-damage|p1a: Daddy Thunder|44\/100\n|-boost|p2a: Wanda|atk|1\n|-boost|p2a: Wanda|def|1\n|move|p1a: Daddy Thunder|Electric Terrain|p1a: Daddy Thunder\n|-fieldstart|move: Electric Terrain\n|\n|upkeep\n|turn|16\n|\n|t:|1700187778\n|move|p2a: Wanda|Superpower|p1a: Daddy Thunder\n|-resisted|p1a: Daddy Thunder\n|-damage|p1a: Daddy Thunder|3\/100\n|-boost|p2a: Wanda|atk|1\n|-boost|p2a: Wanda|def|1\n|move|p1a: Daddy Thunder|Psychic|p2a: Wanda\n|-damage|p2a: Wanda|70\/100\n|\n|upkeep\n|turn|17\n|\n|t:|1700187786\n|move|p2a: Wanda|Superpower|p1a: Daddy Thunder\n|-resisted|p1a: Daddy Thunder\n|-damage|p1a: Daddy Thunder|0 fnt\n|-boost|p2a: Wanda|atk|1\n|-boost|p2a: Wanda|def|1\n|faint|p1a: Daddy Thunder\n|\n|upkeep\n|\n|t:|1700187793\n|switch|p1a: Robo|Iron Valiant|100\/100\n|-damage|p1a: Robo|94\/100|[from] Stealth Rock\n|-activate|p1a: Robo|ability: Quark Drive\n|-start|p1a: Robo|quarkdrivespe\n|turn|18\n|\n|t:|1700187814\n|move|p1a: Robo|Close Combat|p2a: Wanda\n|-damage|p2a: Wanda|15\/100\n|-unboost|p1a: Robo|def|1\n|-unboost|p1a: Robo|spd|1\n|-damage|p1a: Robo|84\/100|[from] item: Life Orb\n|move|p2a: Wanda|Play Rough|p1a: Robo\n|-supereffective|p1a: Robo\n|-damage|p1a: Robo|0 fnt\n|faint|p1a: Robo\n|-end|p1a: Robo|Quark Drive|[silent]\n|\n|upkeep\n|c|\u2606KosmicBAD|choice band?\n|\n|t:|1700187838\n|switch|p1a: Tera Fire|Hydreigon, M|70\/100 tox\n|-damage|p1a: Tera Fire|57\/100 tox|[from] Stealth Rock\n|turn|19\n|\n|t:|1700187847\n|move|p2a: Wanda|Play Rough|p1a: Tera Fire\n|-supereffective|p1a: Tera Fire\n|-damage|p1a: Tera Fire|0 fnt\n|faint|p1a: Tera Fire\n|\n|-fieldend|move: Electric Terrain\n|upkeep\n|\n|t:|1700187853\n|switch|p1a: James|Ceruledge, F|100\/100\n|-damage|p1a: James|76\/100|[from] Stealth Rock\n|turn|20\n|\n|t:|1700187863\n|move|p2a: Wanda|Tera Blast|p1a: James|[anim] Tera Blast Ground\n|-supereffective|p1a: James\n|-damage|p1a: James|0 fnt\n|faint|p1a: James\n|\n|upkeep\n|\n|t:|1700187868\n|switch|p1a: Clodsire|Clodsire, M|23\/100\n|-damage|p1a: Clodsire|16\/100|[from] Stealth Rock\n|turn|21\n|\n|t:|1700187872\n|move|p2a: Wanda|Tera Blast|p1a: Clodsire|[anim] Tera Blast Ground\n|-supereffective|p1a: Clodsire\n|-damage|p1a: Clodsire|0 fnt\n|faint|p1a: Clodsire\n|\n|win|KosmicBAD\n|c|\u2606KosmicBAD|gg\n|c|\u2606SevLev|gg\n|l|\u2606SevLev\n","uploadtime":1700187882,"views":17,"p1id":"sevlev","p2id":"kosmicbad","formatid":"gen9ubers","rating":0,"private":0,"password":""}