{"id":"gen9ubers-1978406126","p1":"Kizaco","p2":"Kinesquared","format":"[Gen 9] Ubers","log":"|j|\u2606Kizaco\n|j|\u2606Kinesquared\n|t:|1698534836\n|gametype|singles\n|player|p1|Kizaco|101|\n|player|p2|Kinesquared|scientist-gen4dp|\n|teamsize|p1|6\n|teamsize|p2|6\n|gen|9\n|tier|[Gen 9] Ubers\n|rule|Sleep Clause Mod: Limit one foe put to sleep\n|rule|Species Clause: Limit one of each Pok\u00e9mon\n|rule|OHKO Clause: OHKO moves are banned\n|rule|Evasion Items Clause: Evasion items are banned\n|rule|Evasion Moves Clause: Evasion moves are banned\n|rule|Endless Battle Clause: Forcing endless battles is banned\n|rule|HP Percentage Mod: HP is shown in percentages\n|clearpoke\n|poke|p1|Masquerain, F|\n|poke|p1|Chi-Yu|\n|poke|p1|Gholdengo|\n|poke|p1|Zacian-*|\n|poke|p1|Arceus-Grass|\n|poke|p1|Dialga-Origin|\n|poke|p2|Magearna|\n|poke|p2|Ursaluna, F|\n|poke|p2|Dialga|\n|poke|p2|Hoopa-Unbound|\n|poke|p2|Cinderace, M|\n|poke|p2|Arceus-Grass|\n|teampreview\n|c|\u2606Kinesquared|bringing webs to the trick house\n|c|\u2606Kizaco|this is my 2nd game with this version of the team\n|c|\u2606Kinesquared|good luck\n|c|\u2606Kizaco|u2\n|c|\u2606Kinesquared|looks promising\n|c|\u2606Kinesquared|dialga-o is cool\n|\n|t:|1698534881\n|start\n|switch|p1a: Chi-Yu|Chi-Yu|100\/100\n|switch|p2a: Magearna|Magearna|100\/100\n|-ability|p1a: Chi-Yu|Beads of Ruin\n|turn|1\n|\n|t:|1698534909\n|-terastallize|p2a: Magearna|Water\n|move|p1a: Chi-Yu|Flamethrower|p2a: Magearna\n|-resisted|p2a: Magearna\n|-damage|p2a: Magearna|80\/100\n|move|p2a: Magearna|Trick Room|p2a: Magearna\n|-fieldstart|move: Trick Room|[of] p2a: Magearna\n|\n|-heal|p2a: Magearna|86\/100|[from] item: Leftovers\n|upkeep\n|turn|2\n|\n|t:|1698534917\n|switch|p1a: Gholdengo|Gholdengo|100\/100\n|move|p2a: Magearna|Fleur Cannon|p1a: Gholdengo\n|-resisted|p1a: Gholdengo\n|-damage|p1a: Gholdengo|68\/100\n|-unboost|p2a: Magearna|spa|2\n|\n|-heal|p2a: Magearna|92\/100|[from] item: Leftovers\n|upkeep\n|turn|3\n|\n|t:|1698534931\n|move|p2a: Magearna|Volt Switch|p1a: Gholdengo\n|-damage|p1a: Gholdengo|57\/100\n|\n|t:|1698534935\n|switch|p2a: Hoopa|Hoopa-Unbound|100\/100|[from] Volt Switch\n|move|p1a: Gholdengo|Trick|p2a: Hoopa\n|-activate|p1a: Gholdengo|move: Trick|[of] p2a: Hoopa\n|-item|p2a: Hoopa|Choice Scarf|[from] move: Trick\n|-item|p1a: Gholdengo|Assault Vest|[from] move: Trick\n|\n|upkeep\n|turn|4\n|\n|t:|1698534952\n|switch|p1a: Masquerain|Masquerain, F|100\/100\n|-ability|p1a: Masquerain|Intimidate|boost\n|-unboost|p2a: Hoopa|atk|1\n|move|p2a: Hoopa|Knock Off|p1a: Masquerain\n|-damage|p1a: Masquerain|25\/100\n|-enditem|p1a: Masquerain|Focus Sash|[from] move: Knock Off|[of] p2a: Hoopa\n|\n|upkeep\n|turn|5\n|\n|t:|1698534959\n|move|p2a: Hoopa|Knock Off|p1a: Masquerain\n|-damage|p1a: Masquerain|0 fnt\n|faint|p1a: Masquerain\n|\n|-fieldend|move: Trick Room\n|upkeep\n|\n|t:|1698534993\n|switch|p1a: Zacian|Zacian|100\/100\n|-ability|p1a: Zacian|Intrepid Sword|boost\n|-boost|p1a: Zacian|atk|1\n|turn|6\n|\n|t:|1698534998\n|switch|p2a: Magearna|Magearna, tera:Water|92\/100\n|move|p1a: Zacian|Play Rough|p2a: Magearna\n|-damage|p2a: Magearna|41\/100\n|\n|-heal|p2a: Magearna|47\/100|[from] item: Leftovers\n|upkeep\n|turn|7\n|\n|t:|1698535010\n|switch|p2a: Hoopa|Hoopa-Unbound|100\/100\n|move|p1a: Zacian|Play Rough|p2a: Hoopa\n|-supereffective|p2a: Hoopa\n|-damage|p2a: Hoopa|0 fnt\n|faint|p2a: Hoopa\n|\n|upkeep\n|\n|t:|1698535017\n|switch|p2a: Dialga|Dialga|100\/100\n|-ability|p2a: Dialga|Pressure\n|turn|8\n|\n|t:|1698535029\n|move|p1a: Zacian|Close Combat|p2a: Dialga\n|-supereffective|p2a: Dialga\n|-damage|p2a: Dialga|22\/100\n|-unboost|p1a: Zacian|def|1\n|-unboost|p1a: Zacian|spd|1\n|move|p2a: Dialga|Trick Room|p2a: Dialga\n|-fieldstart|move: Trick Room|[of] p2a: Dialga\n|\n|upkeep\n|turn|9\n|\n|t:|1698535035\n|switch|p1a: Gholdengo|Gholdengo|57\/100\n|move|p2a: Dialga|Flash Cannon|p1a: Gholdengo\n|-resisted|p1a: Gholdengo\n|-damage|p1a: Gholdengo|36\/100\n|-unboost|p1a: Gholdengo|spd|1\n|\n|upkeep\n|turn|10\n|\n|t:|1698535042\n|move|p2a: Dialga|Earth Power|p1a: Gholdengo\n|-supereffective|p1a: Gholdengo\n|-damage|p1a: Gholdengo|0 fnt\n|faint|p1a: Gholdengo\n|\n|upkeep\n|\n|t:|1698535054\n|switch|p1a: Chi-Yu|Chi-Yu|100\/100\n|-ability|p1a: Chi-Yu|Beads of Ruin\n|turn|11\n|\n|t:|1698535061\n|move|p2a: Dialga|Draco Meteor|p1a: Chi-Yu\n|-damage|p1a: Chi-Yu|4\/100\n|-unboost|p2a: Dialga|spa|2\n|-enditem|p2a: Dialga|Eject Pack\n|\n|t:|1698535068\n|switch|p2a: Cinderace|Cinderace, M|100\/100\n|move|p1a: Chi-Yu|Flamethrower|p2a: Cinderace\n|-resisted|p2a: Cinderace\n|-damage|p2a: Cinderace|54\/100\n|\n|upkeep\n|turn|12\n|\n|t:|1698535079\n|move|p1a: Chi-Yu|Overheat|p2a: Cinderace\n|-resisted|p2a: Cinderace\n|-damage|p2a: Cinderace|0 fnt\n|-unboost|p1a: Chi-Yu|spa|2\n|faint|p2a: Cinderace\n|\n|-fieldend|move: Trick Room\n|upkeep\n|\n|t:|1698535085\n|switch|p2a: Magearna|Magearna, tera:Water|47\/100\n|turn|13\n|c|\u2606Kinesquared|cinderace gave me the slow u-turn there\n|\n|t:|1698535101\n|switch|p1a: Zacian|Zacian|100\/100\n|move|p2a: Magearna|Trick Room|p2a: Magearna\n|-fieldstart|move: Trick Room|[of] p2a: Magearna\n|\n|-heal|p2a: Magearna|53\/100|[from] item: Leftovers\n|upkeep\n|turn|14\n|c|\u2606Kinesquared|and since u overheat i still get to set up\n|\n|t:|1698535117\n|move|p2a: Magearna|Fleur Cannon|p1a: Zacian\n|-damage|p1a: Zacian|51\/100\n|-unboost|p2a: Magearna|spa|2\n|move|p1a: Zacian|Play Rough|p2a: Magearna|[miss]\n|-miss|p1a: Zacian|p2a: Magearna\n|\n|-heal|p2a: Magearna|59\/100|[from] item: Leftovers\n|upkeep\n|turn|15\n|\n|t:|1698535125\n|move|p2a: Magearna|Volt Switch|p1a: Zacian\n|-damage|p1a: Zacian|42\/100\n|\n|t:|1698535128\n|switch|p2a: Ursaluna|Ursaluna, F|100\/100|[from] Volt Switch\n|move|p1a: Zacian|Play Rough|p2a: Ursaluna\n|-damage|p2a: Ursaluna|67\/100\n|\n|-status|p2a: Ursaluna|brn|[from] item: Flame Orb\n|upkeep\n|turn|16\n|\n|t:|1698535140\n|move|p2a: Ursaluna|Headlong Rush|p1a: Zacian\n|-damage|p1a: Zacian|0 fnt\n|-unboost|p2a: Ursaluna|def|1\n|-unboost|p2a: Ursaluna|spd|1\n|faint|p1a: Zacian\n|\n|-damage|p2a: Ursaluna|61\/100 brn|[from] brn\n|upkeep\n|\n|t:|1698535143\n|switch|p1a: Chi-Yu|Chi-Yu|4\/100\n|-ability|p1a: Chi-Yu|Beads of Ruin\n|turn|17\n|\n|t:|1698535150\n|move|p2a: Ursaluna|Facade|p1a: Chi-Yu\n|-damage|p1a: Chi-Yu|0 fnt\n|faint|p1a: Chi-Yu\n|\n|-damage|p2a: Ursaluna|55\/100 brn|[from] brn\n|-fieldend|move: Trick Room\n|upkeep\n|\n|t:|1698535157\n|switch|p1a: Arceus|Arceus-Grass|100\/100\n|turn|18\n|\n|t:|1698535171\n|switch|p2a: Arceus|Arceus-Grass|100\/100\n|move|p1a: Arceus|Swords Dance|p1a: Arceus\n|-boost|p1a: Arceus|atk|2\n|\n|upkeep\n|turn|19\n|\n|t:|1698535189\n|move|p1a: Arceus|Swords Dance|p1a: Arceus\n|-boost|p1a: Arceus|atk|2\n|move|p2a: Arceus|Swords Dance|p2a: Arceus\n|-boost|p2a: Arceus|atk|2\n|\n|upkeep\n|turn|20\n|\n|t:|1698535194\n|move|p1a: Arceus|Extreme Speed|p2a: Arceus\n|-damage|p2a: Arceus|46\/100\n|move|p2a: Arceus|Flare Blitz|p1a: Arceus\n|-supereffective|p1a: Arceus\n|-damage|p1a: Arceus|0 fnt\n|faint|p1a: Arceus\n|-damage|p2a: Arceus|13\/100|[from] Recoil\n|\n|upkeep\n|\n|t:|1698535199\n|switch|p1a: Dialga|Dialga-Origin|100\/100\n|-ability|p1a: Dialga|Pressure\n|turn|21\n|\n|t:|1698535222\n|move|p2a: Arceus|Extreme Speed|p1a: Dialga\n|-resisted|p1a: Dialga\n|-damage|p1a: Dialga|76\/100\n|move|p1a: Dialga|Flash Cannon|p2a: Arceus\n|-damage|p2a: Arceus|0 fnt\n|faint|p2a: Arceus\n|\n|upkeep\n|\n|t:|1698535229\n|switch|p2a: Magearna|Magearna, tera:Water|59\/100\n|turn|22\n|\n|t:|1698535236\n|move|p1a: Dialga|Draco Meteor|p2a: Magearna\n|-damage|p2a: Magearna|1\/100\n|-unboost|p1a: Dialga|spa|2\n|move|p2a: Magearna|Trick Room|p2a: Magearna\n|-fieldstart|move: Trick Room|[of] p2a: Magearna\n|\n|-heal|p2a: Magearna|7\/100|[from] item: Leftovers\n|upkeep\n|turn|23\n|\n|t:|1698535259\n|move|p2a: Magearna|Fleur Cannon|p1a: Dialga\n|-damage|p1a: Dialga|25\/100\n|-unboost|p2a: Magearna|spa|2\n|move|p1a: Dialga|Earth Power|p2a: Magearna\n|-damage|p2a: Magearna|0 fnt\n|faint|p2a: Magearna\n|\n|upkeep\n|\n|t:|1698535267\n|switch|p2a: Ursaluna|Ursaluna, F|55\/100 brn\n|turn|24\n|\n|t:|1698535278\n|move|p2a: Ursaluna|Headlong Rush|p1a: Dialga\n|-supereffective|p1a: Dialga\n|-damage|p1a: Dialga|0 fnt\n|-unboost|p2a: Ursaluna|def|1\n|-unboost|p2a: Ursaluna|spd|1\n|faint|p1a: Dialga\n|\n|win|Kinesquared\n|c|\u2606Kinesquared|gg\n|c|\u2606Kizaco|gg wp\n|l|\u2606Kinesquared\n|l|\u2606Kizaco\n|j|\u2606Kinesquared\n|player|p2|Kinesquared|scientist-gen4dp\n","uploadtime":1698535603,"views":19,"p1id":"kizaco","p2id":"kinesquared","formatid":"gen9ubers","rating":0,"private":0,"password":""}