{"id":"gen9ubers-1986999894","p1":"Karubee","p2":"Godzillaking999","format":"[Gen 9] Ubers","log":"|j|\u2606Karubee\n|j|\u2606Godzillaking999\n|t:|1699547911\n|gametype|singles\n|player|p1|Karubee|waitress|1126\n|player|p2|Godzillaking999|101|1033\n|teamsize|p1|6\n|teamsize|p2|6\n|gen|9\n|tier|[Gen 9] Ubers\n|rated|\n|rule|Sleep Clause Mod: Limit one foe put to sleep\n|rule|Species Clause: Limit one of each Pok\u00e9mon\n|rule|OHKO Clause: OHKO moves are banned\n|rule|Evasion Items Clause: Evasion items are banned\n|rule|Evasion Moves Clause: Evasion moves are banned\n|rule|Endless Battle Clause: Forcing endless battles is banned\n|rule|HP Percentage Mod: HP is shown in percentages\n|clearpoke\n|poke|p1|Miraidon|\n|poke|p1|Koraidon|\n|poke|p1|Skeledirge, F|\n|poke|p1|Arceus|\n|poke|p1|Ribombee, M|\n|poke|p1|Ogerpon, F|\n|poke|p2|Annihilape, M|\n|poke|p2|Baxcalibur, M|\n|poke|p2|Ogerpon-Hearthflame, F|\n|poke|p2|Darkrai|\n|poke|p2|Regieleki|\n|poke|p2|Mewtwo|\n|teampreview\n|inactive|Battle timer is ON: inactive players will automatically lose when time's up. (requested by Godzillaking999)\n|\n|t:|1699547924\n|start\n|switch|p1a: Ribombee|Ribombee, M|100\/100\n|switch|p2a: Baxcalibur|Baxcalibur, M|100\/100\n|turn|1\n|\n|t:|1699547927\n|move|p1a: Ribombee|Stun Spore|p2a: Baxcalibur\n|-status|p2a: Baxcalibur|par\n|move|p2a: Baxcalibur|Icicle Spear|p1a: Ribombee\n|-damage|p1a: Ribombee|75\/100\n|-damage|p1a: Ribombee|49\/100\n|-damage|p1a: Ribombee|25\/100\n|-damage|p1a: Ribombee|0 fnt\n|faint|p1a: Ribombee\n|-hitcount|p1: Ribombee|4\n|\n|upkeep\n|\n|t:|1699547937\n|switch|p1a: Ogerpon|Ogerpon, F|100\/100\n|turn|2\n|\n|t:|1699547941\n|move|p1a: Ogerpon|Swords Dance|p1a: Ogerpon\n|-boost|p1a: Ogerpon|atk|2\n|move|p2a: Baxcalibur|Dragon Dance|p2a: Baxcalibur\n|-boost|p2a: Baxcalibur|atk|1\n|-boost|p2a: Baxcalibur|spe|1\n|\n|upkeep\n|turn|3\n|\n|t:|1699547947\n|move|p1a: Ogerpon|Brick Break|p2a: Baxcalibur\n|-supereffective|p2a: Baxcalibur\n|-damage|p2a: Baxcalibur|1\/100 par\n|move|p2a: Baxcalibur|Dragon Dance|p2a: Baxcalibur\n|-boost|p2a: Baxcalibur|atk|1\n|-boost|p2a: Baxcalibur|spe|1\n|\n|upkeep\n|turn|4\n|\n|t:|1699547955\n|move|p2a: Baxcalibur|Protect|p2a: Baxcalibur\n|-singleturn|p2a: Baxcalibur|Protect\n|move|p1a: Ogerpon|Brick Break|p2a: Baxcalibur\n|-activate|p2a: Baxcalibur|move: Protect\n|\n|upkeep\n|turn|5\n|\n|t:|1699547961\n|move|p1a: Ogerpon|Brick Break|p2a: Baxcalibur\n|-supereffective|p2a: Baxcalibur\n|-damage|p2a: Baxcalibur|0 fnt\n|faint|p2a: Baxcalibur\n|\n|upkeep\n|\n|t:|1699547970\n|switch|p2a: Mewtwo|Mewtwo|100\/100\n|-ability|p2a: Mewtwo|Pressure\n|turn|6\n|\n|t:|1699547974\n|-terastallize|p1a: Ogerpon|Grass\n|detailschange|p1a: Ogerpon|Ogerpon-Teal-Tera, F, tera:Grass\n|-ability|p1a: Ogerpon|Embody Aspect (Teal)|boost\n|-boost|p1a: Ogerpon|spe|1\n|move|p1a: Ogerpon|Ivy Cudgel|p2a: Mewtwo\n|-crit|p2a: Mewtwo\n|-damage|p2a: Mewtwo|0 fnt\n|faint|p2a: Mewtwo\n|\n|upkeep\n|\n|t:|1699547984\n|switch|p2a: Darkrai|Darkrai|100\/100\n|turn|7\n|\n|t:|1699547987\n|move|p1a: Ogerpon|Ivy Cudgel|p2a: Darkrai\n|-crit|p2a: Darkrai\n|-damage|p2a: Darkrai|0 fnt\n|faint|p2a: Darkrai\n|\n|upkeep\n|\n|t:|1699547994\n|switch|p2a: Regieleki|Regieleki|100\/100\n|turn|8\n|\n|t:|1699547998\n|move|p2a: Regieleki|Rapid Spin|p1a: Ogerpon\n|-damage|p1a: Ogerpon|87\/100\n|-boost|p2a: Regieleki|spe|1\n|move|p1a: Ogerpon|Ivy Cudgel|p2a: Regieleki\n|-damage|p2a: Regieleki|0 fnt\n|faint|p2a: Regieleki\n|\n|upkeep\n|\n|t:|1699548000\n|switch|p2a: Annihilape|Annihilape, M|100\/100\n|turn|9\n|\n|t:|1699548008\n|move|p1a: Ogerpon|Ivy Cudgel|p2a: Annihilape\n|-crit|p2a: Annihilape\n|-damage|p2a: Annihilape|0 fnt\n|faint|p2a: Annihilape\n|\n|upkeep\n|\n|t:|1699548012\n|switch|p2a: Ogerpon|Ogerpon-Hearthflame, F|100\/100\n|-ability|p2a: Ogerpon|Mold Breaker\n|turn|10\n|\n|t:|1699548015\n|-terastallize|p2a: Ogerpon|Fire\n|detailschange|p2a: Ogerpon|Ogerpon-Hearthflame-Tera, F, tera:Fire\n|-ability|p2a: Ogerpon|Embody Aspect (Hearthflame)|boost\n|-boost|p2a: Ogerpon|atk|1\n|move|p1a: Ogerpon|Ivy Cudgel|p2a: Ogerpon\n|-resisted|p2a: Ogerpon\n|-crit|p2a: Ogerpon\n|-damage|p2a: Ogerpon|0 fnt\n|faint|p2a: Ogerpon\n|\n|win|Karubee\n|raw|Karubee's rating: 1126 &rarr; <strong>1144<\/strong><br \/>(+18 for winning)\n|raw|Godzillaking999's rating: 1033 &rarr; <strong>1022<\/strong><br \/>(-11 for losing)\n|l|\u2606Godzillaking999\n","uploadtime":1699548042,"views":12,"p1id":"karubee","p2id":"godzillaking999","formatid":"gen9ubers","rating":1022,"private":0,"password":""}