{"id":"gen9ubers-2000409046","p1":"aoicanary","p2":"noseraider","format":"[Gen 9] Ubers","log":"|j|\u2606aoicanary\n|j|\u2606noseraider\n|t:|1701192365\n|gametype|singles\n|player|p1|aoicanary|dawn|1039\n|player|p2|noseraider|pokemaniac|1000\n|teamsize|p1|6\n|teamsize|p2|6\n|gen|9\n|tier|[Gen 9] Ubers\n|rated|\n|rule|Sleep Clause Mod: Limit one foe put to sleep\n|rule|Species Clause: Limit one of each Pok\u00e9mon\n|rule|OHKO Clause: OHKO moves are banned\n|rule|Evasion Items Clause: Evasion items are banned\n|rule|Evasion Moves Clause: Evasion moves are banned\n|rule|Endless Battle Clause: Forcing endless battles is banned\n|rule|HP Percentage Mod: HP is shown in percentages\n|clearpoke\n|poke|p1|Grimmsnarl, M|\n|poke|p1|Koraidon|\n|poke|p1|Arceus|\n|poke|p1|Flutter Mane|\n|poke|p1|Zacian-*|\n|poke|p1|Calyrex-Ice|\n|poke|p2|Skeledirge, F|\n|poke|p2|Palafin, F|\n|poke|p2|Glimmora, F|\n|poke|p2|Dragonite, M|\n|poke|p2|Meowscarada, M|\n|poke|p2|Ting-Lu|\n|teampreview\n|inactive|Battle timer is ON: inactive players will automatically lose when time's up. (requested by aoicanary)\n|\n|t:|1701192382\n|start\n|switch|p1a: Grimmsnarl|Grimmsnarl, M|100\/100\n|switch|p2a: Skeledirge|Skeledirge, F|100\/100\n|turn|1\n|\n|t:|1701192391\n|move|p1a: Grimmsnarl|Light Screen|p1a: Grimmsnarl\n|-sidestart|p1: aoicanary|move: Light Screen\n|move|p2a: Skeledirge|Will-O-Wisp|p1a: Grimmsnarl\n|-status|p1a: Grimmsnarl|brn\n|\n|-damage|p1a: Grimmsnarl|94\/100 brn|[from] brn\n|upkeep\n|turn|2\n|\n|t:|1701192398\n|move|p1a: Grimmsnarl|Reflect|p1a: Grimmsnarl\n|-sidestart|p1: aoicanary|Reflect\n|move|p2a: Skeledirge|Hex|p1a: Grimmsnarl\n|-resisted|p1a: Grimmsnarl\n|-damage|p1a: Grimmsnarl|84\/100 brn\n|\n|-damage|p1a: Grimmsnarl|78\/100 brn|[from] brn\n|upkeep\n|turn|3\n|\n|t:|1701192408\n|move|p2a: Skeledirge|Torch Song|p1a: Grimmsnarl\n|-damage|p1a: Grimmsnarl|65\/100 brn\n|-boost|p2a: Skeledirge|spa|1\n|move|p1a: Grimmsnarl|Spirit Break|p2a: Skeledirge\n|-resisted|p2a: Skeledirge\n|-damage|p2a: Skeledirge|95\/100\n|-unboost|p2a: Skeledirge|spa|1\n|\n|-damage|p1a: Grimmsnarl|59\/100 brn|[from] brn\n|upkeep\n|turn|4\n|\n|t:|1701192437\n|switch|p1a: Flutter Mane|Flutter Mane|100\/100\n|move|p2a: Skeledirge|Torch Song|p1a: Flutter Mane\n|-damage|p1a: Flutter Mane|83\/100\n|-boost|p2a: Skeledirge|spa|1\n|\n|upkeep\n|turn|5\n|\n|t:|1701192444\n|move|p1a: Flutter Mane|Shadow Ball|p2a: Skeledirge\n|-supereffective|p2a: Skeledirge\n|-damage|p2a: Skeledirge|7\/100\n|-damage|p1a: Flutter Mane|73\/100|[from] item: Life Orb\n|move|p2a: Skeledirge|Will-O-Wisp|p1a: Flutter Mane\n|-status|p1a: Flutter Mane|brn\n|\n|-damage|p1a: Flutter Mane|67\/100 brn|[from] brn\n|upkeep\n|turn|6\n|\n|t:|1701192463\n|move|p1a: Flutter Mane|Moonblast|p2a: Skeledirge\n|-resisted|p2a: Skeledirge\n|-damage|p2a: Skeledirge|0 fnt\n|faint|p2a: Skeledirge\n|-damage|p1a: Flutter Mane|57\/100 brn|[from] item: Life Orb\n|\n|-damage|p1a: Flutter Mane|51\/100 brn|[from] brn\n|upkeep\n|\n|t:|1701192473\n|switch|p2a: Meowscarada|Meowscarada, M|100\/100\n|turn|7\n|\n|t:|1701192489\n|-end|p1a: Flutter Mane|Protosynthesis|[silent]\n|switch|p1a: Koraidon|Koraidon|100\/100\n|-weather|SunnyDay|[from] ability: Orichalcum Pulse|[of] p1a: Koraidon\n|-activate|p1a: Koraidon|Orichalcum Pulse|[source]\n|move|p2a: Meowscarada|Knock Off|p1a: Koraidon\n|-resisted|p1a: Koraidon\n|-damage|p1a: Koraidon|91\/100\n|-enditem|p1a: Koraidon|Loaded Dice|[from] move: Knock Off|[of] p2a: Meowscarada\n|\n|-weather|SunnyDay|[upkeep]\n|upkeep\n|turn|8\n|\n|t:|1701192502\n|move|p2a: Meowscarada|Protect|p2a: Meowscarada\n|-singleturn|p2a: Meowscarada|Protect\n|move|p1a: Koraidon|Swords Dance|p1a: Koraidon\n|-boost|p1a: Koraidon|atk|2\n|\n|-weather|SunnyDay|[upkeep]\n|-sideend|p1: aoicanary|move: Light Screen\n|upkeep\n|turn|9\n|\n|t:|1701192510\n|move|p1a: Koraidon|Scale Shot|p2a: Meowscarada\n|-damage|p2a: Meowscarada|49\/100\n|-damage|p2a: Meowscarada|0 fnt\n|faint|p2a: Meowscarada\n|-hitcount|p2: Meowscarada|2\n|-unboost|p1a: Koraidon|def|1\n|-boost|p1a: Koraidon|spe|1\n|\n|-weather|SunnyDay|[upkeep]\n|-sideend|p1: aoicanary|Reflect\n|upkeep\n|\n|t:|1701192515\n|switch|p2a: Palafin|Palafin, F|100\/100\n|turn|10\n|\n|t:|1701192539\n|move|p1a: Koraidon|Scale Shot|p2a: Palafin\n|-damage|p2a: Palafin|61\/100\n|-damage|p2a: Palafin|20\/100\n|-hitcount|p2a: Palafin|2\n|-unboost|p1a: Koraidon|def|1\n|-boost|p1a: Koraidon|spe|1\n|move|p2a: Palafin|Flip Turn|p1a: Koraidon\n|-resisted|p1a: Koraidon\n|-damage|p1a: Koraidon|83\/100\n|inactive|noseraider has 120 seconds left.\n|\n|t:|1701192558\n|detailschange|p2a: Palafin|Palafin-Hero, F\n|switch|p2a: Dragonite|Dragonite, M|100\/100|[from] Flip Turn\n|\n|-weather|SunnyDay|[upkeep]\n|upkeep\n|turn|11\n|inactive|noseraider has 120 seconds left.\n|\n|t:|1701192574\n|-terastallize|p2a: Dragonite|Normal\n|move|p1a: Koraidon|Scale Shot|p2a: Dragonite\n|-damage|p2a: Dragonite|67\/100\n|-damage|p2a: Dragonite|36\/100\n|-damage|p2a: Dragonite|0 fnt\n|faint|p2a: Dragonite\n|-hitcount|p2: Dragonite|3\n|-unboost|p1a: Koraidon|def|1\n|-boost|p1a: Koraidon|spe|1\n|\n|-weather|none\n|upkeep\n|\n|t:|1701192581\n|switch|p2a: Glimmora|Glimmora, F|100\/100\n|turn|12\n|inactive|noseraider has 120 seconds left.\n|\n|t:|1701192590\n|move|p1a: Koraidon|Scale Shot|p2a: Glimmora|[miss]\n|-miss|p1a: Koraidon|p2a: Glimmora\n|move|p2a: Glimmora|Stealth Rock|p1a: Koraidon\n|-sidestart|p1: aoicanary|move: Stealth Rock\n|\n|upkeep\n|turn|13\n|\n|t:|1701192596\n|move|p1a: Koraidon|Scale Shot|p2a: Glimmora\n|-damage|p2a: Glimmora|75\/100\n|-activate|p2a: Glimmora|ability: Toxic Debris\n|-sidestart|p1: aoicanary|move: Toxic Spikes\n|-damage|p2a: Glimmora|47\/100\n|-activate|p2a: Glimmora|ability: Toxic Debris\n|-sidestart|p1: aoicanary|move: Toxic Spikes\n|-damage|p2a: Glimmora|19\/100\n|-damage|p2a: Glimmora|0 fnt\n|faint|p2a: Glimmora\n|-hitcount|p2: Glimmora|4\n|-unboost|p1a: Koraidon|def|1\n|-boost|p1a: Koraidon|spe|1\n|\n|upkeep\n|inactive|noseraider has 120 seconds left.\n|\n|t:|1701192607\n|switch|p2a: Palafin|Palafin-Hero, F|20\/100\n|-activate|p2a: Palafin|ability: Zero to Hero\n|turn|14\n|\n|t:|1701192614\n|move|p2a: Palafin|Jet Punch|p1a: Koraidon\n|-resisted|p1a: Koraidon\n|-damage|p1a: Koraidon|34\/100\n|move|p1a: Koraidon|Scale Shot|p2a: Palafin\n|-damage|p2a: Palafin|0 fnt\n|faint|p2a: Palafin\n|-hitcount|p2: Palafin|1\n|-unboost|p1a: Koraidon|def|1\n|-boost|p1a: Koraidon|spe|1\n|\n|upkeep\n|\n|t:|1701192620\n|switch|p2a: Ting-Lu|Ting-Lu|100\/100\n|-ability|p2a: Ting-Lu|Vessel of Ruin\n|turn|15\n|\n|t:|1701192626\n|move|p1a: Koraidon|Scale Shot|p2a: Ting-Lu\n|-damage|p2a: Ting-Lu|87\/100\n|-damage|p2a: Ting-Lu|72\/100\n|-crit|p2a: Ting-Lu\n|-damage|p2a: Ting-Lu|51\/100\n|-hitcount|p2a: Ting-Lu|3\n|-unboost|p1a: Koraidon|def|1\n|-boost|p1a: Koraidon|spe|1\n|move|p2a: Ting-Lu|Whirlwind|p1a: Koraidon\n|drag|p1a: Grimmsnarl|Grimmsnarl, M|59\/100 brn\n|-damage|p1a: Grimmsnarl|47\/100 brn|[from] Stealth Rock\n|\n|-damage|p1a: Grimmsnarl|41\/100 brn|[from] brn\n|upkeep\n|turn|16\n|\n|t:|1701192641\n|move|p1a: Grimmsnarl|Taunt|p2a: Ting-Lu\n|-hint|Since gen 7, Dark is immune to Prankster moves.\n|-immune|p2a: Ting-Lu\n|move|p2a: Ting-Lu|Whirlwind|p1a: Grimmsnarl\n|drag|p1a: Flutter Mane|Flutter Mane|51\/100 brn\n|-damage|p1a: Flutter Mane|38\/100 brn|[from] Stealth Rock\n|\n|-damage|p1a: Flutter Mane|32\/100 brn|[from] brn\n|upkeep\n|turn|17\n|\n|t:|1701192649\n|move|p1a: Flutter Mane|Moonblast|p2a: Ting-Lu\n|-supereffective|p2a: Ting-Lu\n|-damage|p2a: Ting-Lu|0 fnt\n|faint|p2a: Ting-Lu\n|-damage|p1a: Flutter Mane|22\/100 brn|[from] item: Life Orb\n|\n|win|aoicanary\n|raw|aoicanary's rating: 1039 &rarr; <strong>1073<\/strong><br \/>(+34 for winning)\n|raw|noseraider's rating: 1041 &rarr; <strong>1025<\/strong><br \/>(-16 for losing)\n|l|\u2606noseraider\n","uploadtime":1701192660,"views":0,"p1id":"aoicanary","p2id":"noseraider","formatid":"gen9ubers","rating":1025,"private":0,"password":""}