{"id":"gen9ubers-1984196347","p1":"So Threatening","p2":"Ampharoside","format":"[Gen 9] Ubers","log":"|j|\u2606So Threatening\n|j|\u2606Ampharoside\n|t:|1699228989\n|gametype|singles\n|player|p1|So Threatening|iris-gen5bw2|\n|player|p2|Ampharoside|101|\n|teamsize|p1|6\n|teamsize|p2|6\n|gen|9\n|tier|[Gen 9] Ubers\n|rule|Sleep Clause Mod: Limit one foe put to sleep\n|rule|Species Clause: Limit one of each Pok\u00e9mon\n|rule|OHKO Clause: OHKO moves are banned\n|rule|Evasion Items Clause: Evasion items are banned\n|rule|Evasion Moves Clause: Evasion moves are banned\n|rule|Endless Battle Clause: Forcing endless battles is banned\n|rule|HP Percentage Mod: HP is shown in percentages\n|clearpoke\n|poke|p1|Zamazenta-*|\n|poke|p1|Snorlax, F|\n|poke|p1|Alomomola, F|\n|poke|p1|Sandy Shocks|\n|poke|p1|Avalugg, M|\n|poke|p1|Rotom|\n|poke|p2|Camerupt, F|\n|poke|p2|Baxcalibur, M|\n|poke|p2|Slowking-Galar, M|\n|poke|p2|Enamorus-Therian, F|\n|poke|p2|Quaquaval, F|\n|poke|p2|Rotom-Fan|\n|teampreview\n|c|\u2606Ampharoside|gl hf\n|c|\u2606So Threatening|glhf\n|\n|t:|1699229004\n|start\n|switch|p1a: me irl|Snorlax, F|100\/100\n|switch|p2a: Camerupt|Camerupt, F|100\/100\n|turn|1\n|\n|t:|1699229017\n|move|p2a: Camerupt|Stealth Rock|p1a: me irl\n|-sidestart|p1: So Threatening|move: Stealth Rock\n|move|p1a: me irl|Block|p2a: Camerupt\n|-activate|p2a: Camerupt|trapped\n|\n|upkeep\n|turn|2\n|\n|t:|1699229023\n|move|p2a: Camerupt|Fire Blast|p1a: me irl\n|-damage|p1a: me irl|85\/100\n|move|p1a: me irl|Curse|p1a: me irl\n|-unboost|p1a: me irl|spe|1\n|-boost|p1a: me irl|atk|1\n|-boost|p1a: me irl|def|1\n|\n|-heal|p1a: me irl|91\/100|[from] item: Leftovers\n|upkeep\n|turn|3\n|\n|t:|1699229026\n|move|p2a: Camerupt|Fire Blast|p1a: me irl\n|-damage|p1a: me irl|76\/100\n|move|p1a: me irl|Curse|p1a: me irl\n|-unboost|p1a: me irl|spe|1\n|-boost|p1a: me irl|atk|1\n|-boost|p1a: me irl|def|1\n|\n|-heal|p1a: me irl|82\/100|[from] item: Leftovers\n|upkeep\n|turn|4\n|\n|t:|1699229029\n|move|p2a: Camerupt|Earth Power|p1a: me irl\n|-damage|p1a: me irl|59\/100\n|move|p1a: me irl|Curse|p1a: me irl\n|-unboost|p1a: me irl|spe|1\n|-boost|p1a: me irl|atk|1\n|-boost|p1a: me irl|def|1\n|\n|-heal|p1a: me irl|65\/100|[from] item: Leftovers\n|upkeep\n|turn|5\n|\n|t:|1699229032\n|move|p2a: Camerupt|Earth Power|p1a: me irl\n|-damage|p1a: me irl|42\/100\n|move|p1a: me irl|Curse|p1a: me irl\n|-unboost|p1a: me irl|spe|1\n|-boost|p1a: me irl|atk|1\n|-boost|p1a: me irl|def|1\n|\n|-heal|p1a: me irl|48\/100|[from] item: Leftovers\n|upkeep\n|turn|6\n|\n|t:|1699229034\n|move|p2a: Camerupt|Earth Power|p1a: me irl\n|-damage|p1a: me irl|25\/100\n|move|p1a: me irl|Rest|p1a: me irl\n|-status|p1a: me irl|slp|[from] move: Rest\n|-heal|p1a: me irl|100\/100 slp|[silent]\n|\n|upkeep\n|turn|7\n|\n|t:|1699229036\n|move|p2a: Camerupt|Earth Power|p1a: me irl\n|-damage|p1a: me irl|75\/100 slp\n|cant|p1a: me irl|slp\n|\n|-heal|p1a: me irl|81\/100 slp|[from] item: Leftovers\n|upkeep\n|turn|8\n|\n|t:|1699229038\n|move|p2a: Camerupt|Earth Power|p1a: me irl\n|-crit|p1a: me irl\n|-damage|p1a: me irl|44\/100 slp\n|-unboost|p1a: me irl|spd|1\n|cant|p1a: me irl|slp\n|\n|-heal|p1a: me irl|50\/100 slp|[from] item: Leftovers\n|upkeep\n|turn|9\n|\n|t:|1699229043\n|move|p2a: Camerupt|Earth Power|p1a: me irl\n|-damage|p1a: me irl|11\/100 slp\n|-curestatus|p1a: me irl|slp|[msg]\n|move|p1a: me irl|Body Slam|p2a: Camerupt\n|-crit|p2a: Camerupt\n|-enditem|p2a: Camerupt|Focus Sash\n|-damage|p2a: Camerupt|1\/100\n|\n|-heal|p1a: me irl|17\/100|[from] item: Leftovers\n|upkeep\n|turn|10\n|\n|t:|1699229056\n|switch|p1a: Aloe Vera|Alomomola, F|100\/100\n|-damage|p1a: Aloe Vera|88\/100|[from] Stealth Rock\n|move|p2a: Camerupt|Fire Blast|p1a: Aloe Vera\n|-resisted|p1a: Aloe Vera\n|-damage|p1a: Aloe Vera|57\/100\n|-status|p1a: Aloe Vera|brn\n|\n|-damage|p1a: Aloe Vera|51\/100 brn|[from] brn\n|upkeep\n|turn|11\n|\n|t:|1699229071\n|-terastallize|p2a: Camerupt|Grass\n|move|p2a: Camerupt|Tera Blast|p1a: Aloe Vera|[anim] Tera Blast Grass\n|-supereffective|p1a: Aloe Vera\n|-damage|p1a: Aloe Vera|0 fnt\n|faint|p1a: Aloe Vera\n|\n|upkeep\n|\n|t:|1699229085\n|switch|p1a: Scrotom-Base|Rotom|100\/100\n|-damage|p1a: Scrotom-Base|88\/100|[from] Stealth Rock\n|turn|12\n|\n|t:|1699229090\n|move|p1a: Scrotom-Base|Hex|p2a: Camerupt\n|-damage|p2a: Camerupt|0 fnt\n|faint|p2a: Camerupt\n|\n|upkeep\n|\n|t:|1699229097\n|switch|p2a: Rotom|Rotom-Fan|100\/100\n|turn|13\n|\n|t:|1699229102\n|move|p2a: Rotom|Nasty Plot|p2a: Rotom\n|-boost|p2a: Rotom|spa|2\n|move|p1a: Scrotom-Base|Volt Switch|p2a: Rotom\n|-crit|p2a: Rotom\n|-damage|p2a: Rotom|52\/100\n|\n|t:|1699229106\n|switch|p1a: SANDY CROCS|Sandy Shocks|100\/100|[from] Volt Switch\n|-damage|p1a: SANDY CROCS|94\/100|[from] Stealth Rock\n|\n|upkeep\n|turn|14\n|\n|t:|1699229109\n|move|p1a: SANDY CROCS|Power Gem|p2a: Rotom\n|-supereffective|p2a: Rotom\n|-damage|p2a: Rotom|0 fnt\n|faint|p2a: Rotom\n|\n|upkeep\n|\n|t:|1699229123\n|switch|p2a: Slowking|Slowking-Galar, M|100\/100\n|turn|15\n|\n|t:|1699229127\n|move|p1a: SANDY CROCS|Stealth Rock|p2a: Slowking\n|-sidestart|p2: Ampharoside|move: Stealth Rock\n|move|p2a: Slowking|Iron Defense|p2a: Slowking\n|-boost|p2a: Slowking|def|2\n|\n|upkeep\n|turn|16\n|\n|t:|1699229133\n|move|p1a: SANDY CROCS|Earth Power|p2a: Slowking\n|-supereffective|p2a: Slowking\n|-damage|p2a: Slowking|22\/100\n|move|p2a: Slowking|Iron Defense|p2a: Slowking\n|-boost|p2a: Slowking|def|2\n|\n|-heal|p2a: Slowking|28\/100|[from] item: Black Sludge\n|upkeep\n|turn|17\n|\n|t:|1699229139\n|move|p1a: SANDY CROCS|Earth Power|p2a: Slowking\n|-supereffective|p2a: Slowking\n|-damage|p2a: Slowking|0 fnt\n|faint|p2a: Slowking\n|\n|upkeep\n|\n|t:|1699229142\n|switch|p2a: Quaquaval|Quaquaval, F|100\/100\n|-damage|p2a: Quaquaval|95\/100|[from] Stealth Rock\n|turn|18\n|\n|t:|1699229146\n|move|p1a: SANDY CROCS|Volt Switch|p2a: Quaquaval\n|-supereffective|p2a: Quaquaval\n|-damage|p2a: Quaquaval|0 fnt\n|faint|p2a: Quaquaval\n|\n|t:|1699229155\n|-end|p1a: SANDY CROCS|Protosynthesis|[silent]\n|switch|p1a: Scrotom-Base|Rotom|88\/100|[from] Volt Switch\n|-damage|p1a: Scrotom-Base|75\/100|[from] Stealth Rock\n|\n|upkeep\n|\n|t:|1699229160\n|switch|p2a: Baxcalibur|Baxcalibur, M|100\/100\n|-damage|p2a: Baxcalibur|76\/100|[from] Stealth Rock\n|turn|19\n|\n|t:|1699229163\n|move|p2a: Baxcalibur|Dragon Dance|p2a: Baxcalibur\n|-boost|p2a: Baxcalibur|atk|1\n|-boost|p2a: Baxcalibur|spe|1\n|move|p1a: Scrotom-Base|Thunder Wave|p2a: Baxcalibur\n|-status|p2a: Baxcalibur|par\n|\n|upkeep\n|turn|20\n|\n|t:|1699229168\n|move|p1a: Scrotom-Base|Hex|p2a: Baxcalibur\n|-damage|p2a: Baxcalibur|36\/100 par\n|move|p2a: Baxcalibur|Scale Shot|p1a: Scrotom-Base\n|-damage|p1a: Scrotom-Base|44\/100\n|-damage|p1a: Scrotom-Base|12\/100\n|-damage|p1a: Scrotom-Base|0 fnt\n|faint|p1a: Scrotom-Base\n|-hitcount|p1: Scrotom-Base|3\n|-unboost|p2a: Baxcalibur|def|1\n|-boost|p2a: Baxcalibur|spe|1\n|\n|upkeep\n|\n|t:|1699229172\n|switch|p1a: Luggma|Avalugg, M|100\/100\n|turn|21\n|\n|t:|1699229180\n|move|p2a: Baxcalibur|Earthquake|p1a: Luggma\n|-damage|p1a: Luggma|77\/100\n|move|p1a: Luggma|Body Press|p2a: Baxcalibur\n|-supereffective|p2a: Baxcalibur\n|-damage|p2a: Baxcalibur|0 fnt\n|faint|p2a: Baxcalibur\n|\n|upkeep\n|\n|t:|1699229183\n|switch|p2a: Enamorus|Enamorus-Therian, F|100\/100\n|turn|22\n|\n|t:|1699229185\n|move|p2a: Enamorus|Moonblast|p1a: Luggma\n|-damage|p1a: Luggma|0 fnt\n|faint|p1a: Luggma\n|\n|upkeep\n|\n|t:|1699229189\n|switch|p1a: SANDY CROCS|Sandy Shocks|94\/100\n|-damage|p1a: SANDY CROCS|88\/100|[from] Stealth Rock\n|turn|23\n|\n|t:|1699229191\n|move|p1a: SANDY CROCS|Volt Switch|p2a: Enamorus\n|-supereffective|p2a: Enamorus\n|-damage|p2a: Enamorus|1\/100\n|\n|t:|1699229194\n|-end|p1a: SANDY CROCS|Protosynthesis|[silent]\n|switch|p1a: me irl|Snorlax, F|17\/100|[from] Volt Switch\n|-damage|p1a: me irl|5\/100|[from] Stealth Rock\n|move|p2a: Enamorus|Agility|p2a: Enamorus\n|-boost|p2a: Enamorus|spe|2\n|\n|-heal|p1a: me irl|11\/100|[from] item: Leftovers\n|upkeep\n|turn|24\n|\n|t:|1699229197\n|move|p2a: Enamorus|Moonblast|p1a: me irl\n|-damage|p1a: me irl|0 fnt\n|faint|p1a: me irl\n|\n|upkeep\n|\n|t:|1699229199\n|switch|p1a: No Ghosts?|Zamazenta-Crowned|100\/100\n|-damage|p1a: No Ghosts?|98\/100|[from] Stealth Rock\n|-ability|p1a: No Ghosts?|Dauntless Shield|boost\n|-boost|p1a: No Ghosts?|def|1\n|turn|25\n|\n|t:|1699229201\n|move|p2a: Enamorus|Moonblast|p1a: No Ghosts?\n|-damage|p1a: No Ghosts?|59\/100\n|move|p1a: No Ghosts?|Heavy Slam|p2a: Enamorus\n|-supereffective|p2a: Enamorus\n|-damage|p2a: Enamorus|0 fnt\n|faint|p2a: Enamorus\n|\n|win|So Threatening\n|c|\u2606Ampharoside|gg\n|c|\u2606So Threatening|gg\n","uploadtime":1699229210,"views":26,"p1id":"sothreatening","p2id":"ampharoside","formatid":"gen9ubers","rating":0,"private":0,"password":""}