{"id":"gen9ubers-1999793113","p1":"Junky Dummy","p2":"The Kru","format":"[Gen 9] Ubers","log":"|j|\u2606Junky Dummy\n|j|\u2606The Kru\n|t:|1701117197\n|gametype|singles\n|player|p1|Junky Dummy|266|1252\n|player|p2|The Kru|170|1262\n|teamsize|p1|6\n|teamsize|p2|6\n|gen|9\n|tier|[Gen 9] Ubers\n|rated|\n|rule|Sleep Clause Mod: Limit one foe put to sleep\n|rule|Species Clause: Limit one of each Pok\u00e9mon\n|rule|OHKO Clause: OHKO moves are banned\n|rule|Evasion Items Clause: Evasion items are banned\n|rule|Evasion Moves Clause: Evasion moves are banned\n|rule|Endless Battle Clause: Forcing endless battles is banned\n|rule|HP Percentage Mod: HP is shown in percentages\n|clearpoke\n|poke|p1|Gliscor, M|\n|poke|p1|Skeledirge, F|\n|poke|p1|Giratina-Origin|\n|poke|p1|Kyogre|\n|poke|p1|Zacian-*|\n|poke|p1|Miraidon|\n|poke|p2|Arceus|\n|poke|p2|Giratina-Origin|\n|poke|p2|Ursaluna-Bloodmoon, M|\n|poke|p2|Koraidon|\n|poke|p2|Groudon|\n|poke|p2|Zacian-*|\n|teampreview\n|inactive|Battle timer is ON: inactive players will automatically lose when time's up. (requested by The Kru)\n|\n|t:|1701117204\n|start\n|switch|p1a: Gliscor|Gliscor, M, shiny|100\/100\n|switch|p2a: Arceus|Arceus|100\/100\n|turn|1\n|\n|t:|1701117211\n|move|p2a: Arceus|Swords Dance|p2a: Arceus\n|-boost|p2a: Arceus|atk|2\n|move|p1a: Gliscor|Taunt|p2a: Arceus\n|-start|p2a: Arceus|move: Taunt\n|\n|-status|p1a: Gliscor|tox|[from] item: Toxic Orb\n|upkeep\n|turn|2\n|\n|t:|1701117225\n|switch|p1a: Skeledirge|Skeledirge, F, shiny|100\/100\n|move|p2a: Arceus|Shadow Claw|p1a: Skeledirge\n|-supereffective|p1a: Skeledirge\n|-damage|p1a: Skeledirge|70\/100\n|\n|upkeep\n|turn|3\n|\n|t:|1701117234\n|move|p2a: Arceus|Shadow Claw|p1a: Skeledirge\n|-supereffective|p1a: Skeledirge\n|-damage|p1a: Skeledirge|37\/100\n|move|p1a: Skeledirge|Will-O-Wisp|p2a: Arceus|[miss]\n|-miss|p1a: Skeledirge|p2a: Arceus\n|\n|upkeep\n|turn|4\n|\n|t:|1701117241\n|move|p2a: Arceus|Shadow Claw|p1a: Skeledirge\n|-supereffective|p1a: Skeledirge\n|-damage|p1a: Skeledirge|8\/100\n|move|p1a: Skeledirge|Slack Off|p1a: Skeledirge\n|-heal|p1a: Skeledirge|58\/100\n|\n|-end|p2a: Arceus|move: Taunt\n|upkeep\n|turn|5\n|\n|t:|1701117255\n|move|p2a: Arceus|Swords Dance|p2a: Arceus\n|-boost|p2a: Arceus|atk|2\n|move|p1a: Skeledirge|Will-O-Wisp|p2a: Arceus\n|-status|p2a: Arceus|brn\n|\n|-damage|p2a: Arceus|94\/100 brn|[from] brn\n|upkeep\n|turn|6\n|\n|t:|1701117264\n|move|p2a: Arceus|Swords Dance|p2a: Arceus\n|-boost|p2a: Arceus|atk|2\n|move|p1a: Skeledirge|Torch Song|p2a: Arceus\n|-damage|p2a: Arceus|74\/100 brn\n|-boost|p1a: Skeledirge|spa|1\n|\n|-damage|p2a: Arceus|68\/100 brn|[from] brn\n|upkeep\n|turn|7\n|\n|t:|1701117273\n|move|p2a: Arceus|Shadow Claw|p1a: Skeledirge\n|-supereffective|p1a: Skeledirge\n|-damage|p1a: Skeledirge|42\/100\n|move|p1a: Skeledirge|Torch Song|p2a: Arceus\n|-damage|p2a: Arceus|36\/100 brn\n|-boost|p1a: Skeledirge|spa|1\n|\n|-damage|p2a: Arceus|30\/100 brn|[from] brn\n|upkeep\n|turn|8\n|inactive|The Kru has 120 seconds left.\n|\n|t:|1701117304\n|move|p2a: Arceus|Shadow Claw|p1a: Skeledirge\n|-supereffective|p1a: Skeledirge\n|-damage|p1a: Skeledirge|28\/100\n|move|p1a: Skeledirge|Slack Off|p1a: Skeledirge\n|-heal|p1a: Skeledirge|78\/100\n|\n|-damage|p2a: Arceus|24\/100 brn|[from] brn\n|upkeep\n|turn|9\n|inactive|The Kru has 120 seconds left.\n|\n|t:|1701117316\n|switch|p2a: Giratina|Giratina-Origin|100\/100\n|move|p1a: Skeledirge|Torch Song|p2a: Giratina\n|-resisted|p2a: Giratina\n|-damage|p2a: Giratina|80\/100\n|-boost|p1a: Skeledirge|spa|1\n|\n|upkeep\n|turn|10\n|inactive|The Kru has 120 seconds left.\n|\n|t:|1701117327\n|move|p2a: Giratina|Poltergeist|p1a: Skeledirge\n|-activate|p1a: Skeledirge|move: Poltergeist|Heavy-Duty Boots\n|-supereffective|p1a: Skeledirge\n|-damage|p1a: Skeledirge|7\/100\n|move|p1a: Skeledirge|Hex|p2a: Giratina\n|-supereffective|p2a: Giratina\n|-damage|p2a: Giratina|5\/100\n|\n|upkeep\n|turn|11\n|\n|t:|1701117342\n|move|p2a: Giratina|Poltergeist|p1a: Skeledirge\n|-activate|p1a: Skeledirge|move: Poltergeist|Heavy-Duty Boots\n|-supereffective|p1a: Skeledirge\n|-damage|p1a: Skeledirge|0 fnt\n|faint|p1a: Skeledirge\n|\n|upkeep\n|\n|t:|1701117349\n|switch|p1a: Miraidon|Miraidon|100\/100\n|-fieldstart|move: Electric Terrain|[from] ability: Hadron Engine|[of] p1a: Miraidon\n|turn|12\n|\n|t:|1701117354\n|switch|p2a: Ursaluna|Ursaluna-Bloodmoon, M|100\/100\n|move|p1a: Miraidon|U-turn|p2a: Ursaluna\n|-damage|p2a: Ursaluna|91\/100\n|\n|t:|1701117358\n|switch|p1a: Kyogre|Kyogre, shiny|100\/100|[from] U-turn\n|-weather|RainDance|[from] ability: Drizzle|[of] p1a: Kyogre\n|\n|-weather|RainDance|[upkeep]\n|-heal|p2a: Ursaluna|97\/100|[from] item: Leftovers\n|upkeep\n|turn|13\n|\n|t:|1701117369\n|switch|p2a: Groudon|Groudon|100\/100\n|-weather|SunnyDay|[from] ability: Drought|[of] p2a: Groudon\n|move|p1a: Kyogre|Ice Beam|p2a: Groudon\n|-supereffective|p2a: Groudon\n|-damage|p2a: Groudon|27\/100\n|\n|-weather|SunnyDay|[upkeep]\n|-heal|p2a: Groudon|33\/100|[from] item: Leftovers\n|upkeep\n|turn|14\n|inactive|The Kru has 120 seconds left.\n|\n|t:|1701117407\n|move|p2a: Groudon|Protect|p2a: Groudon\n|-singleturn|p2a: Groudon|Protect\n|move|p1a: Kyogre|Ice Beam|p2a: Groudon\n|-activate|p2a: Groudon|move: Protect\n|\n|-weather|SunnyDay|[upkeep]\n|-heal|p2a: Groudon|40\/100|[from] item: Leftovers\n|upkeep\n|turn|15\n|inactive|The Kru has 120 seconds left.\n|\n|t:|1701117424\n|switch|p2a: Arceus|Arceus|24\/100 brn\n|move|p1a: Kyogre|Ice Beam|p2a: Arceus\n|-damage|p2a: Arceus|0 fnt\n|faint|p2a: Arceus\n|\n|-weather|SunnyDay|[upkeep]\n|upkeep\n|\n|t:|1701117437\n|switch|p2a: Koraidon|Koraidon|100\/100\n|-activate|p2a: Koraidon|ability: Orichalcum Pulse\n|turn|16\n|\n|t:|1701117443\n|-terastallize|p2a: Koraidon|Fire\n|move|p2a: Koraidon|Low Kick|p1a: Kyogre\n|-damage|p1a: Kyogre|20\/100\n|move|p1a: Kyogre|Ice Beam|p2a: Koraidon\n|-resisted|p2a: Koraidon\n|-damage|p2a: Koraidon|81\/100\n|\n|-weather|SunnyDay|[upkeep]\n|-heal|p1a: Kyogre|26\/100|[from] item: Leftovers\n|-fieldend|move: Electric Terrain\n|upkeep\n|turn|17\n|\n|t:|1701117459\n|switch|p1a: Gliscor|Gliscor, M, shiny|100\/100 tox\n|move|p2a: Koraidon|Low Kick|p1a: Gliscor\n|-resisted|p1a: Gliscor\n|-damage|p1a: Gliscor|84\/100 tox\n|\n|-weather|none\n|-heal|p1a: Gliscor|96\/100 tox|[from] ability: Poison Heal\n|upkeep\n|turn|18\n|\n|t:|1701117470\n|switch|p2a: Groudon|Groudon|40\/100\n|-weather|SunnyDay|[from] ability: Drought|[of] p2a: Groudon\n|move|p1a: Gliscor|Earthquake|p2a: Groudon\n|-damage|p2a: Groudon|23\/100\n|\n|-weather|SunnyDay|[upkeep]\n|-heal|p2a: Groudon|29\/100|[from] item: Leftovers\n|-heal|p1a: Gliscor|100\/100 tox|[from] ability: Poison Heal\n|upkeep\n|turn|19\n|\n|t:|1701117475\n|move|p2a: Groudon|Protect|p2a: Groudon\n|-singleturn|p2a: Groudon|Protect\n|move|p1a: Gliscor|Taunt|p2a: Groudon\n|-activate|p2a: Groudon|move: Protect\n|\n|-weather|SunnyDay|[upkeep]\n|-heal|p2a: Groudon|35\/100|[from] item: Leftovers\n|upkeep\n|turn|20\n|inactive|The Kru has 120 seconds left.\n|\n|t:|1701117492\n|move|p1a: Gliscor|Taunt|p2a: Groudon\n|-start|p2a: Groudon|move: Taunt\n|cant|p2a: Groudon|move: Taunt|Spikes\n|\n|-weather|SunnyDay|[upkeep]\n|-heal|p2a: Groudon|42\/100|[from] item: Leftovers\n|upkeep\n|turn|21\n|\n|t:|1701117498\n|switch|p2a: Giratina|Giratina-Origin|5\/100\n|move|p1a: Gliscor|Toxic|p2a: Giratina\n|-status|p2a: Giratina|tox\n|\n|-weather|SunnyDay|[upkeep]\n|-damage|p2a: Giratina|0 fnt|[from] psn\n|faint|p2a: Giratina\n|upkeep\n|inactive|The Kru has 120 seconds left.\n|\n|t:|1701117509\n|switch|p2a: Ursaluna|Ursaluna-Bloodmoon, M|97\/100\n|turn|22\n|inactive|The Kru has 120 seconds left.\n|\n|t:|1701117527\n|move|p1a: Gliscor|Toxic|p2a: Ursaluna\n|-status|p2a: Ursaluna|tox\n|move|p2a: Ursaluna|Blood Moon|p1a: Gliscor\n|-damage|p1a: Gliscor|19\/100 tox\n|\n|-weather|none\n|-heal|p2a: Ursaluna|100\/100 tox|[from] item: Leftovers\n|-heal|p1a: Gliscor|31\/100 tox|[from] ability: Poison Heal\n|-damage|p2a: Ursaluna|95\/100 tox|[from] psn\n|upkeep\n|turn|23\n|\n|t:|1701117545\n|move|p1a: Gliscor|Earthquake|p2a: Ursaluna\n|-damage|p2a: Ursaluna|68\/100 tox\n|move|p2a: Ursaluna|Calm Mind|p2a: Ursaluna\n|-boost|p2a: Ursaluna|spa|1\n|-boost|p2a: Ursaluna|spd|1\n|\n|-heal|p2a: Ursaluna|74\/100 tox|[from] item: Leftovers\n|-heal|p1a: Gliscor|44\/100 tox|[from] ability: Poison Heal\n|-damage|p2a: Ursaluna|62\/100 tox|[from] psn\n|upkeep\n|turn|24\n|\n|t:|1701117556\n|move|p1a: Gliscor|Protect|p1a: Gliscor\n|-singleturn|p1a: Gliscor|Protect\n|move|p2a: Ursaluna|Blood Moon|p1a: Gliscor\n|-activate|p1a: Gliscor|move: Protect\n|\n|-heal|p2a: Ursaluna|68\/100 tox|[from] item: Leftovers\n|-heal|p1a: Gliscor|56\/100 tox|[from] ability: Poison Heal\n|-damage|p2a: Ursaluna|50\/100 tox|[from] psn\n|upkeep\n|turn|25\n|\n|t:|1701117563\n|switch|p2a: Groudon|Groudon|42\/100\n|-weather|SunnyDay|[from] ability: Drought|[of] p2a: Groudon\n|move|p1a: Gliscor|Taunt|p2a: Groudon\n|-start|p2a: Groudon|move: Taunt\n|\n|-weather|SunnyDay|[upkeep]\n|-heal|p2a: Groudon|48\/100|[from] item: Leftovers\n|-heal|p1a: Gliscor|69\/100 tox|[from] ability: Poison Heal\n|upkeep\n|turn|26\n|inactive|The Kru has 120 seconds left.\n|\n|t:|1701117573\n|switch|p2a: Ursaluna|Ursaluna-Bloodmoon, M|50\/100 tox\n|move|p1a: Gliscor|Toxic|p2a: Ursaluna\n|-fail|p2a: Ursaluna|tox\n|\n|-weather|SunnyDay|[upkeep]\n|-heal|p2a: Ursaluna|56\/100 tox|[from] item: Leftovers\n|-heal|p1a: Gliscor|81\/100 tox|[from] ability: Poison Heal\n|-damage|p2a: Ursaluna|50\/100 tox|[from] psn\n|upkeep\n|turn|27\n|\n|t:|1701117585\n|move|p1a: Gliscor|Taunt|p2a: Ursaluna\n|-start|p2a: Ursaluna|move: Taunt\n|cant|p2a: Ursaluna|move: Taunt|Moonlight\n|\n|-weather|SunnyDay|[upkeep]\n|-heal|p2a: Ursaluna|56\/100 tox|[from] item: Leftovers\n|-heal|p1a: Gliscor|94\/100 tox|[from] ability: Poison Heal\n|-damage|p2a: Ursaluna|44\/100 tox|[from] psn\n|upkeep\n|turn|28\n|\n|t:|1701117598\n|move|p1a: Gliscor|Protect|p1a: Gliscor\n|-singleturn|p1a: Gliscor|Protect\n|move|p2a: Ursaluna|Blood Moon|p1a: Gliscor\n|-activate|p1a: Gliscor|move: Protect\n|\n|-weather|SunnyDay|[upkeep]\n|-heal|p2a: Ursaluna|50\/100 tox|[from] item: Leftovers\n|-heal|p1a: Gliscor|100\/100 tox|[from] ability: Poison Heal\n|-damage|p2a: Ursaluna|32\/100 tox|[from] psn\n|upkeep\n|turn|29\n|inactive|The Kru has 120 seconds left.\n|\n|t:|1701117618\n|switch|p2a: Zacian|Zacian-Crowned|100\/100\n|-ability|p2a: Zacian|Intrepid Sword|boost\n|-boost|p2a: Zacian|atk|1\n|move|p1a: Gliscor|Earthquake|p2a: Zacian\n|-supereffective|p2a: Zacian\n|-damage|p2a: Zacian|39\/100\n|\n|-weather|none\n|upkeep\n|turn|30\n|inactive|The Kru has 120 seconds left.\n|\n|t:|1701117632\n|move|p2a: Zacian|Behemoth Blade|p1a: Gliscor\n|-damage|p1a: Gliscor|34\/100 tox\n|move|p1a: Gliscor|Earthquake|p2a: Zacian\n|-supereffective|p2a: Zacian\n|-damage|p2a: Zacian|0 fnt\n|faint|p2a: Zacian\n|\n|-heal|p1a: Gliscor|46\/100 tox|[from] ability: Poison Heal\n|upkeep\n|inactive|The Kru has 120 seconds left.\n|\n|t:|1701117642\n|switch|p2a: Koraidon|Koraidon, tera:Fire|81\/100\n|-weather|SunnyDay|[from] ability: Orichalcum Pulse|[of] p2a: Koraidon\n|-activate|p2a: Koraidon|Orichalcum Pulse|[source]\n|turn|31\n|inactive|The Kru has 120 seconds left.\n|\n|t:|1701117653\n|move|p1a: Gliscor|Protect|p1a: Gliscor\n|-singleturn|p1a: Gliscor|Protect\n|move|p2a: Koraidon|Dragon Claw|p1a: Gliscor\n|-activate|p1a: Gliscor|move: Protect\n|\n|-weather|SunnyDay|[upkeep]\n|-heal|p1a: Gliscor|59\/100 tox|[from] ability: Poison Heal\n|upkeep\n|turn|32\n|\n|t:|1701117666\n|move|p2a: Koraidon|Dragon Claw|p1a: Gliscor\n|-damage|p1a: Gliscor|18\/100 tox\n|move|p1a: Gliscor|Earthquake|p2a: Koraidon\n|-supereffective|p2a: Koraidon\n|-damage|p2a: Koraidon|27\/100\n|\n|-weather|SunnyDay|[upkeep]\n|-heal|p1a: Gliscor|30\/100 tox|[from] ability: Poison Heal\n|upkeep\n|turn|33\n|-message|The Kru forfeited.\n|\n|win|Junky Dummy\n|raw|Junky Dummy's rating: 1252 &rarr; <strong>1278<\/strong><br \/>(+26 for winning)\n|raw|The Kru's rating: 1262 &rarr; <strong>1236<\/strong><br \/>(-26 for losing)\n|l|\u2606The Kru\n","uploadtime":1701117687,"views":10,"p1id":"junkydummy","p2id":"thekru","formatid":"gen9ubers","rating":1236,"private":0,"password":""}