{"id":"gen9ubers-1980819153","p1":"eduuukkkkk","p2":"Victor hg 999","format":"[Gen 9] Ubers","log":"|j|\u2606eduuukkkkk\n|j|\u2606Victor hg 999\n|t:|1698838246\n|gametype|singles\n|player|p1|eduuukkkkk|acerola-masters|\n|player|p2|Victor hg 999|lucas|\n|teamsize|p1|6\n|teamsize|p2|6\n|gen|9\n|tier|[Gen 9] Ubers\n|rule|Sleep Clause Mod: Limit one foe put to sleep\n|rule|Species Clause: Limit one of each Pok\u00e9mon\n|rule|OHKO Clause: OHKO moves are banned\n|rule|Evasion Items Clause: Evasion items are banned\n|rule|Evasion Moves Clause: Evasion moves are banned\n|rule|Endless Battle Clause: Forcing endless battles is banned\n|rule|HP Percentage Mod: HP is shown in percentages\n|clearpoke\n|poke|p1|Zoroark-Hisui, M|\n|poke|p1|Garchomp, M|\n|poke|p1|Glimmora, M|\n|poke|p1|Iron Bundle|\n|poke|p1|Miraidon|\n|poke|p1|Basculegion, M|\n|poke|p2|Miraidon|\n|poke|p2|Iron Valiant|\n|poke|p2|Iron Bundle|\n|poke|p2|Kyogre|\n|poke|p2|Zapdos|\n|poke|p2|Basculegion, M|\n|teampreview\n|inactive|Battle timer is ON: inactive players will automatically lose when time's up. (requested by Victor hg 999)\n|\n|t:|1698838270\n|start\n|switch|p1a: Garchomp|Garchomp, M|100\/100\n|switch|p2a: Kyogre|Kyogre|100\/100\n|-weather|RainDance|[from] ability: Drizzle|[of] p2a: Kyogre\n|turn|1\n|\n|t:|1698838286\n|move|p1a: Garchomp|Swords Dance|p1a: Garchomp\n|-boost|p1a: Garchomp|atk|2\n|move|p2a: Kyogre|Origin Pulse|p1a: Garchomp\n|-damage|p1a: Garchomp|0 fnt\n|faint|p1a: Garchomp\n|\n|-weather|RainDance|[upkeep]\n|upkeep\n|\n|t:|1698838294\n|switch|p1a: Miraidon|Miraidon|100\/100\n|-fieldstart|move: Electric Terrain|[from] ability: Hadron Engine|[of] p1a: Miraidon\n|turn|2\n|\n|t:|1698838304\n|move|p1a: Miraidon|Electro Drift|p2a: Kyogre\n|-supereffective|p2a: Kyogre\n|-damage|p2a: Kyogre|0 fnt\n|faint|p2a: Kyogre\n|\n|-weather|RainDance|[upkeep]\n|upkeep\n|\n|t:|1698838316\n|switch|p2a: Iron Bundle|Iron Bundle|100\/100\n|-activate|p2a: Iron Bundle|ability: Quark Drive\n|-start|p2a: Iron Bundle|quarkdrivespe\n|turn|3\n|\n|t:|1698838326\n|move|p2a: Iron Bundle|Ice Beam|p1a: Miraidon\n|-supereffective|p1a: Miraidon\n|-damage|p1a: Miraidon|26\/100\n|move|p1a: Miraidon|Electro Drift|p2a: Iron Bundle\n|-supereffective|p2a: Iron Bundle\n|-damage|p2a: Iron Bundle|0 fnt\n|faint|p2a: Iron Bundle\n|-end|p2a: Iron Bundle|Quark Drive|[silent]\n|\n|-weather|RainDance|[upkeep]\n|upkeep\n|\n|t:|1698838347\n|switch|p2a: Miraidon|Miraidon|100\/100\n|-activate|p2a: Miraidon|ability: Hadron Engine\n|turn|4\n|\n|t:|1698838353\n|-terastallize|p2a: Miraidon|Electric\n|move|p1a: Miraidon|Electro Drift|p2a: Miraidon\n|-resisted|p2a: Miraidon\n|-damage|p2a: Miraidon|62\/100\n|move|p2a: Miraidon|Electro Drift|p1a: Miraidon\n|-resisted|p1a: Miraidon\n|-damage|p1a: Miraidon|0 fnt\n|faint|p1a: Miraidon\n|\n|-weather|RainDance|[upkeep]\n|upkeep\n|\n|t:|1698838369\n|switch|p1a: Glimmora|Glimmora, M|100\/100\n|-item|p1a: Glimmora|Air Balloon\n|turn|5\n|\n|t:|1698838380\n|-terastallize|p1a: Glimmora|Grass\n|move|p2a: Miraidon|Electro Drift|p1a: Glimmora\n|-resisted|p1a: Glimmora\n|-damage|p1a: Glimmora|4\/100\n|-enditem|p1a: Glimmora|Air Balloon\n|move|p1a: Glimmora|Earth Power|p2a: Miraidon\n|-supereffective|p2a: Miraidon\n|-damage|p2a: Miraidon|13\/100\n|\n|-weather|none\n|upkeep\n|turn|6\n|\n|t:|1698838393\n|move|p1a: Glimmora|Spiky Shield|p1a: Glimmora\n|-singleturn|p1a: Glimmora|move: Protect\n|move|p2a: Miraidon|Electro Drift|p1a: Glimmora\n|-activate|p1a: Glimmora|move: Protect\n|-damage|p2a: Miraidon|0 fnt|[from] Spiky Shield|[of] p1a: Glimmora\n|faint|p2a: Miraidon\n|\n|-fieldend|move: Electric Terrain\n|upkeep\n|\n|t:|1698838404\n|switch|p2a: Iron Valiant|Iron Valiant|100\/100\n|turn|7\n|\n|t:|1698838411\n|move|p2a: Iron Valiant|Knock Off|p1a: Glimmora\n|-damage|p1a: Glimmora|0 fnt\n|-activate|p1a: Glimmora|ability: Toxic Debris\n|-sidestart|p2: Victor hg 999|move: Toxic Spikes\n|faint|p1a: Glimmora\n|\n|upkeep\n|\n|t:|1698838422\n|switch|p1a: Iron Bundle|Iron Bundle|100\/100\n|turn|8\n|\n|t:|1698838441\n|move|p1a: Iron Bundle|Freeze-Dry|p2a: Iron Valiant\n|-damage|p2a: Iron Valiant|68\/100\n|-status|p2a: Iron Valiant|frz\n|cant|p2a: Iron Valiant|frz\n|\n|upkeep\n|turn|9\n|\n|t:|1698838449\n|move|p1a: Iron Bundle|Freeze-Dry|p2a: Iron Valiant\n|-damage|p2a: Iron Valiant|34\/100 frz\n|cant|p2a: Iron Valiant|frz\n|\n|upkeep\n|turn|10\n|\n|t:|1698838457\n|move|p1a: Iron Bundle|Ice Beam|p2a: Iron Valiant\n|-damage|p2a: Iron Valiant|0 fnt\n|faint|p2a: Iron Valiant\n|-end|p2a: Iron Valiant|Quark Drive|[silent]\n|\n|upkeep\n|\n|t:|1698838464\n|switch|p2a: Zapdos|Zapdos|100\/100\n|-ability|p2a: Zapdos|Pressure\n|turn|11\n|\n|t:|1698838471\n|move|p1a: Iron Bundle|Freeze-Dry|p2a: Zapdos\n|-supereffective|p2a: Zapdos\n|-damage|p2a: Zapdos|33\/100\n|move|p2a: Zapdos|Light Screen|p2a: Zapdos\n|-sidestart|p2: Victor hg 999|move: Light Screen\n|\n|upkeep\n|turn|12\n|\n|t:|1698838477\n|move|p1a: Iron Bundle|Freeze-Dry|p2a: Zapdos\n|-supereffective|p2a: Zapdos\n|-damage|p2a: Zapdos|0 fnt\n|faint|p2a: Zapdos\n|\n|upkeep\n|\n|t:|1698838483\n|switch|p2a: Basculegion|Basculegion, M|100\/100\n|-status|p2a: Basculegion|psn\n|turn|13\n|\n|t:|1698838492\n|move|p1a: Iron Bundle|Freeze-Dry|p2a: Basculegion\n|-supereffective|p2a: Basculegion\n|-damage|p2a: Basculegion|70\/100 psn\n|move|p2a: Basculegion|Substitute|p2a: Basculegion\n|-start|p2a: Basculegion|Substitute\n|-damage|p2a: Basculegion|45\/100 psn\n|\n|-heal|p2a: Basculegion|51\/100 psn|[from] item: Leftovers\n|-damage|p2a: Basculegion|39\/100 psn|[from] psn\n|upkeep\n|turn|14\n|\n|t:|1698838503\n|move|p1a: Iron Bundle|Freeze-Dry|p2a: Basculegion\n|-supereffective|p2a: Basculegion\n|-end|p2a: Basculegion|Substitute\n|move|p2a: Basculegion|Last Respects|p1a: Iron Bundle\n|-damage|p1a: Iron Bundle|0 fnt\n|faint|p1a: Iron Bundle\n|-end|p1a: Iron Bundle|Quark Drive|[silent]\n|\n|-heal|p2a: Basculegion|45\/100 psn|[from] item: Leftovers\n|-damage|p2a: Basculegion|33\/100 psn|[from] psn\n|upkeep\n|\n|t:|1698838509\n|switch|p1a: Basculegion|Basculegion, M|100\/100\n|turn|15\n|\n|t:|1698838518\n|move|p1a: Basculegion|Bitter Malice|p2a: Basculegion\n|-supereffective|p2a: Basculegion\n|-damage|p2a: Basculegion|0 fnt\n|faint|p2a: Basculegion\n|\n|win|eduuukkkkk\n|l|\u2606Victor hg 999\n","uploadtime":1698838527,"views":13,"p1id":"eduuukkkkk","p2id":"victorhg999","formatid":"gen9ubers","rating":0,"private":0,"password":""}