{"id":"gen9ubers-1978135230","p1":"angl3r","p2":"technoblade 1","format":"[Gen 9] Ubers","log":"|j|\u2606angl3r\n|j|\u2606technoblade 1\n|t:|1698503711\n|gametype|singles\n|player|p1|angl3r|265|\n|player|p2|technoblade 1|265|\n|teamsize|p1|6\n|teamsize|p2|6\n|gen|9\n|tier|[Gen 9] Ubers\n|rule|Sleep Clause Mod: Limit one foe put to sleep\n|rule|Species Clause: Limit one of each Pok\u00e9mon\n|rule|OHKO Clause: OHKO moves are banned\n|rule|Evasion Items Clause: Evasion items are banned\n|rule|Evasion Moves Clause: Evasion moves are banned\n|rule|Endless Battle Clause: Forcing endless battles is banned\n|rule|HP Percentage Mod: HP is shown in percentages\n|clearpoke\n|poke|p1|Giratina-Origin|\n|poke|p1|Ninetales-Alola, M|\n|poke|p1|Arceus|\n|poke|p1|Iron Valiant|\n|poke|p1|Rayquaza|\n|poke|p1|Groudon|\n|poke|p2|Rayquaza|\n|poke|p2|Ninetales-Alola, M|\n|poke|p2|Iron Valiant|\n|poke|p2|Arceus-Psychic|\n|poke|p2|Azelf|\n|poke|p2|Greninja-*, M|\n|teampreview\n|inactive|Battle timer is ON: inactive players will automatically lose when time's up. (requested by technoblade 1)\n|c|\u2606angl3r|hhf\n|c|\u2606technoblade 1|Hf\n|\n|t:|1698503736\n|start\n|switch|p1a: Ninetales|Ninetales-Alola, M|100\/100\n|switch|p2a: Arceus|Arceus-Psychic|100\/100\n|-weather|Snow|[from] ability: Snow Warning|[of] p1a: Ninetales\n|turn|1\n|\n|t:|1698503747\n|switch|p2a: Azelf|Azelf|100\/100\n|move|p1a: Ninetales|Aurora Veil|p1a: Ninetales\n|-sidestart|p1: angl3r|move: Aurora Veil\n|\n|-weather|Snow|[upkeep]\n|upkeep\n|turn|2\n|\n|t:|1698503754\n|move|p2a: Azelf|Stealth Rock|p1a: Ninetales\n|-sidestart|p1: angl3r|move: Stealth Rock\n|move|p1a: Ninetales|Foul Play|p2a: Azelf\n|-supereffective|p2a: Azelf\n|-enditem|p2a: Azelf|Focus Sash\n|-damage|p2a: Azelf|1\/100\n|\n|-weather|Snow|[upkeep]\n|upkeep\n|turn|3\n|\n|t:|1698503762\n|switch|p1a: Giratina|Giratina-Origin|100\/100\n|-damage|p1a: Giratina|88\/100|[from] Stealth Rock\n|move|p2a: Azelf|Encore||[still]\n|-fail|p2a: Azelf\n|\n|-weather|Snow|[upkeep]\n|upkeep\n|turn|4\n|\n|t:|1698503774\n|move|p1a: Giratina|Shadow Sneak|p2a: Azelf\n|-supereffective|p2a: Azelf\n|-damage|p2a: Azelf|0 fnt\n|faint|p2a: Azelf\n|\n|-weather|Snow|[upkeep]\n|upkeep\n|\n|t:|1698503780\n|switch|p2a: Greninja|Greninja, M|100\/100\n|turn|5\n|\n|t:|1698503787\n|switch|p1a: Groudon|Groudon|100\/100\n|-damage|p1a: Groudon|94\/100|[from] Stealth Rock\n|-weather|SunnyDay|[from] ability: Drought|[of] p1a: Groudon\n|move|p2a: Greninja|Night Slash|p1a: Groudon\n|-crit|p1a: Groudon\n|-damage|p1a: Groudon|66\/100\n|\n|-weather|SunnyDay|[upkeep]\n|-heal|p1a: Groudon|72\/100|[from] item: Leftovers\n|upkeep\n|turn|6\n|\n|t:|1698503797\n|move|p2a: Greninja|U-turn|p1a: Groudon\n|-damage|p1a: Groudon|66\/100\n|\n|t:|1698503803\n|switch|p2a: Ninetales|Ninetales-Alola, M|100\/100|[from] U-turn\n|-weather|Snow|[from] ability: Snow Warning|[of] p2a: Ninetales\n|move|p1a: Groudon|Will-O-Wisp|p2a: Ninetales\n|-status|p2a: Ninetales|brn\n|\n|-weather|Snow|[upkeep]\n|-heal|p1a: Groudon|72\/100|[from] item: Leftovers\n|-damage|p2a: Ninetales|94\/100 brn|[from] brn\n|upkeep\n|turn|7\n|\n|t:|1698503812\n|switch|p1a: Arceus|Arceus|100\/100\n|-damage|p1a: Arceus|88\/100|[from] Stealth Rock\n|move|p2a: Ninetales|Encore||[still]\n|-fail|p2a: Ninetales\n|\n|-weather|Snow|[upkeep]\n|-heal|p1a: Arceus|94\/100|[from] item: Leftovers\n|-damage|p2a: Ninetales|88\/100 brn|[from] brn\n|upkeep\n|turn|8\n|\n|t:|1698503820\n|move|p1a: Arceus|Extreme Speed|p2a: Ninetales\n|-damage|p2a: Ninetales|61\/100 brn\n|move|p2a: Ninetales|Aurora Veil|p2a: Ninetales\n|-sidestart|p2: technoblade 1|move: Aurora Veil\n|\n|-weather|Snow|[upkeep]\n|-heal|p1a: Arceus|99\/100|[from] item: Leftovers\n|-damage|p2a: Ninetales|55\/100 brn|[from] brn\n|-sideend|p1: angl3r|move: Aurora Veil\n|upkeep\n|turn|9\n|\n|t:|1698503828\n|move|p1a: Arceus|Swords Dance|p1a: Arceus\n|-boost|p1a: Arceus|atk|2\n|move|p2a: Ninetales|Foul Play|p1a: Arceus\n|-damage|p1a: Arceus|82\/100\n|\n|-weather|Snow|[upkeep]\n|-heal|p1a: Arceus|89\/100|[from] item: Leftovers\n|-damage|p2a: Ninetales|49\/100 brn|[from] brn\n|upkeep\n|turn|10\n|c|\u2606technoblade 1|What\n|\n|t:|1698503844\n|move|p1a: Arceus|Extreme Speed|p2a: Ninetales\n|-damage|p2a: Ninetales|21\/100 brn\n|move|p2a: Ninetales|Encore|p1a: Arceus\n|-start|p1a: Arceus|Encore\n|\n|-weather|none\n|-heal|p1a: Arceus|95\/100|[from] item: Leftovers\n|-damage|p2a: Ninetales|15\/100 brn|[from] brn\n|upkeep\n|turn|11\n|\n|t:|1698503850\n|move|p1a: Arceus|Extreme Speed|p2a: Ninetales\n|-damage|p2a: Ninetales|0 fnt\n|faint|p2a: Ninetales\n|\n|-heal|p1a: Arceus|100\/100|[from] item: Leftovers\n|upkeep\n|\n|t:|1698503856\n|switch|p2a: Arceus|Arceus-Psychic|100\/100\n|turn|12\n|\n|t:|1698503863\n|switch|p1a: Ninetales|Ninetales-Alola, M|100\/100\n|-damage|p1a: Ninetales|76\/100|[from] Stealth Rock\n|-weather|Snow|[from] ability: Snow Warning|[of] p1a: Ninetales\n|-terastallize|p2a: Arceus|Steel\n|move|p2a: Arceus|Iron Defense|p2a: Arceus\n|-boost|p2a: Arceus|def|2\n|\n|-weather|Snow|[upkeep]\n|upkeep\n|turn|13\n|\n|t:|1698503871\n|move|p1a: Ninetales|Encore|p2a: Arceus\n|-start|p2a: Arceus|Encore\n|move|p2a: Arceus|Iron Defense|p2a: Arceus\n|-boost|p2a: Arceus|def|2\n|\n|-weather|Snow|[upkeep]\n|upkeep\n|turn|14\n|\n|t:|1698503877\n|move|p1a: Ninetales|Aurora Veil|p1a: Ninetales\n|-sidestart|p1: angl3r|move: Aurora Veil\n|move|p2a: Arceus|Iron Defense|p2a: Arceus\n|-boost|p2a: Arceus|def|2\n|\n|-weather|Snow|[upkeep]\n|upkeep\n|turn|15\n|\n|t:|1698503882\n|switch|p2a: Iron Valiant|Iron Valiant|100\/100\n|-enditem|p2a: Iron Valiant|Booster Energy\n|-activate|p2a: Iron Valiant|ability: Quark Drive|[fromitem]\n|-start|p2a: Iron Valiant|quarkdrivespe\n|move|p1a: Ninetales|Foul Play|p2a: Iron Valiant\n|-resisted|p2a: Iron Valiant\n|-damage|p2a: Iron Valiant|97\/100\n|\n|-weather|Snow|[upkeep]\n|-sideend|p2: technoblade 1|move: Aurora Veil\n|upkeep\n|turn|16\n|\n|t:|1698503890\n|move|p2a: Iron Valiant|Moonblast|p1a: Ninetales\n|-damage|p1a: Ninetales|52\/100\n|move|p1a: Ninetales|Encore|p2a: Iron Valiant\n|-start|p2a: Iron Valiant|Encore\n|\n|-weather|none\n|upkeep\n|turn|17\n|\n|t:|1698503902\n|switch|p1a: Groudon|Groudon|72\/100\n|-damage|p1a: Groudon|66\/100|[from] Stealth Rock\n|-weather|SunnyDay|[from] ability: Drought|[of] p1a: Groudon\n|move|p2a: Iron Valiant|Moonblast|p1a: Groudon\n|-damage|p1a: Groudon|50\/100\n|\n|-weather|SunnyDay|[upkeep]\n|-heal|p1a: Groudon|56\/100|[from] item: Leftovers\n|upkeep\n|turn|18\n|\n|t:|1698503911\n|move|p2a: Iron Valiant|Moonblast|p1a: Groudon\n|-damage|p1a: Groudon|42\/100\n|move|p1a: Groudon|Thunder Wave|p2a: Iron Valiant\n|-status|p2a: Iron Valiant|par\n|\n|-weather|SunnyDay|[upkeep]\n|-heal|p1a: Groudon|49\/100|[from] item: Leftovers\n|upkeep\n|turn|19\n|\n|t:|1698503919\n|-end|p2a: Iron Valiant|Quark Drive|[silent]\n|switch|p2a: Rayquaza|Rayquaza, shiny|100\/100\n|-ability|p2a: Rayquaza|Air Lock\n|move|p1a: Groudon|Stealth Rock|p2a: Rayquaza\n|-sidestart|p2: technoblade 1|move: Stealth Rock\n|\n|-weather|SunnyDay|[upkeep]\n|-heal|p1a: Groudon|55\/100|[from] item: Leftovers\n|upkeep\n|turn|20\n|\n|t:|1698503930\n|switch|p2a: Iron Valiant|Iron Valiant|97\/100 par\n|-damage|p2a: Iron Valiant|91\/100 par|[from] Stealth Rock\n|move|p1a: Groudon|Will-O-Wisp||[still]\n|-fail|p1a: Groudon\n|\n|-weather|SunnyDay|[upkeep]\n|-heal|p1a: Groudon|61\/100|[from] item: Leftovers\n|upkeep\n|turn|21\n|\n|t:|1698503938\n|switch|p1a: Ninetales|Ninetales-Alola, M|52\/100\n|-damage|p1a: Ninetales|27\/100|[from] Stealth Rock\n|-weather|Snow|[from] ability: Snow Warning|[of] p1a: Ninetales\n|move|p2a: Iron Valiant|Calm Mind|p2a: Iron Valiant\n|-boost|p2a: Iron Valiant|spa|1\n|-boost|p2a: Iron Valiant|spd|1\n|\n|-weather|Snow|[upkeep]\n|-sideend|p1: angl3r|move: Aurora Veil\n|upkeep\n|turn|22\n|\n|t:|1698503948\n|-end|p2a: Iron Valiant|Quark Drive|[silent]\n|switch|p2a: Greninja|Greninja, M|100\/100\n|-damage|p2a: Greninja|88\/100|[from] Stealth Rock\n|move|p1a: Ninetales|Aurora Veil|p1a: Ninetales\n|-sidestart|p1: angl3r|move: Aurora Veil\n|\n|-weather|Snow|[upkeep]\n|-heal|p2a: Greninja|94\/100|[from] item: Leftovers\n|upkeep\n|turn|23\n|\n|t:|1698503956\n|switch|p1a: Giratina|Giratina-Origin|88\/100\n|-damage|p1a: Giratina|76\/100|[from] Stealth Rock\n|move|p2a: Greninja|Liquidation|p1a: Giratina\n|-resisted|p1a: Giratina\n|-damage|p1a: Giratina|71\/100\n|\n|-weather|Snow|[upkeep]\n|-heal|p2a: Greninja|99\/100|[from] item: Leftovers\n|upkeep\n|turn|24\n|\n|t:|1698503961\n|move|p2a: Greninja|Swords Dance|p2a: Greninja\n|-boost|p2a: Greninja|atk|2\n|move|p1a: Giratina|Will-O-Wisp|p2a: Greninja|[miss]\n|-miss|p1a: Giratina|p2a: Greninja\n|\n|-weather|Snow|[upkeep]\n|-heal|p2a: Greninja|100\/100|[from] item: Leftovers\n|upkeep\n|turn|25\n|\n|t:|1698503969\n|move|p2a: Greninja|Night Slash|p1a: Giratina\n|-supereffective|p1a: Giratina\n|-crit|p1a: Giratina\n|-damage|p1a: Giratina|0 fnt\n|faint|p1a: Giratina\n|-ability|p2a: Greninja|Battle Bond|boost\n|-boost|p2a: Greninja|atk|1\n|-boost|p2a: Greninja|spa|1\n|-boost|p2a: Greninja|spe|1\n|-activate|p2a: Greninja|ability: Battle Bond\n|\n|-weather|none\n|upkeep\n|\n|t:|1698503974\n|switch|p1a: Iron Valiant|Iron Valiant|100\/100\n|-damage|p1a: Iron Valiant|94\/100|[from] Stealth Rock\n|-enditem|p1a: Iron Valiant|Booster Energy\n|-activate|p1a: Iron Valiant|ability: Quark Drive|[fromitem]\n|-start|p1a: Iron Valiant|quarkdrivespe\n|turn|26\n|c|\u2606technoblade 1|Lol\n|\n|t:|1698503992\n|move|p2a: Greninja|U-turn|p1a: Iron Valiant\n|-resisted|p1a: Iron Valiant\n|-damage|p1a: Iron Valiant|87\/100\n|\n|t:|1698503997\n|switch|p2a: Iron Valiant|Iron Valiant|91\/100 par|[from] U-turn\n|-damage|p2a: Iron Valiant|85\/100 par|[from] Stealth Rock\n|move|p1a: Iron Valiant|Moonblast|p2a: Iron Valiant\n|-supereffective|p2a: Iron Valiant\n|-damage|p2a: Iron Valiant|0 fnt\n|faint|p2a: Iron Valiant\n|-end|p2a: Iron Valiant|Quark Drive|[silent]\n|\n|upkeep\n|\n|t:|1698504002\n|switch|p2a: Arceus|Arceus-Psychic, tera:Steel|100\/100\n|-damage|p2a: Arceus|94\/100|[from] Stealth Rock\n|turn|27\n|\n|t:|1698504006\n|move|p1a: Iron Valiant|Focus Blast|p2a: Arceus\n|-supereffective|p2a: Arceus\n|-damage|p2a: Arceus|33\/100\n|move|p2a: Arceus|Dazzling Gleam|p1a: Iron Valiant\n|-supereffective|p1a: Iron Valiant\n|-damage|p1a: Iron Valiant|48\/100\n|\n|upkeep\n|turn|28\n|\n|t:|1698504012\n|move|p1a: Iron Valiant|Focus Blast|p2a: Arceus|[miss]\n|-miss|p1a: Iron Valiant|p2a: Arceus\n|move|p2a: Arceus|Dazzling Gleam|p1a: Iron Valiant\n|-supereffective|p1a: Iron Valiant\n|-damage|p1a: Iron Valiant|7\/100\n|\n|upkeep\n|turn|29\n|\n|t:|1698504017\n|move|p1a: Iron Valiant|Focus Blast|p2a: Arceus\n|-supereffective|p2a: Arceus\n|-damage|p2a: Arceus|0 fnt\n|faint|p2a: Arceus\n|\n|-sideend|p1: angl3r|move: Aurora Veil\n|upkeep\n|\n|t:|1698504023\n|switch|p2a: Rayquaza|Rayquaza, shiny|100\/100\n|-damage|p2a: Rayquaza|76\/100|[from] Stealth Rock\n|-ability|p2a: Rayquaza|Air Lock\n|turn|30\n|\n|t:|1698504028\n|-terastallize|p1a: Iron Valiant|Ghost\n|move|p2a: Rayquaza|Extreme Speed|p1a: Iron Valiant\n|-immune|p1a: Iron Valiant\n|move|p1a: Iron Valiant|Moonblast|p2a: Rayquaza\n|-supereffective|p2a: Rayquaza\n|-damage|p2a: Rayquaza|0 fnt\n|faint|p2a: Rayquaza\n|\n|upkeep\n|\n|t:|1698504033\n|switch|p2a: Greninja|Greninja, M|100\/100\n|-damage|p2a: Greninja|88\/100|[from] Stealth Rock\n|turn|31\n|\n|t:|1698504038\n|move|p1a: Iron Valiant|Moonblast|p2a: Greninja\n|-supereffective|p2a: Greninja\n|-damage|p2a: Greninja|0 fnt\n|faint|p2a: Greninja\n|\n|win|angl3r\n|c|\u2606angl3r|ggs\n|l|\u2606technoblade 1\n","uploadtime":1698504043,"views":15,"p1id":"angl3r","p2id":"technoblade1","formatid":"gen9ubers","rating":0,"private":0,"password":""}