{"id":"gen9ubers-1982980206","p1":"HomIsCool","p2":"SirFishWasTaken","format":"[Gen 9] Ubers","log":"|j|\u2606HomIsCool\n|j|\u2606SirFishWasTaken\n|t:|1699065780\n|gametype|singles\n|player|p1|HomIsCool|wattson|1100\n|player|p2|SirFishWasTaken|170|1102\n|teamsize|p1|6\n|teamsize|p2|6\n|gen|9\n|tier|[Gen 9] Ubers\n|rated|\n|rule|Sleep Clause Mod: Limit one foe put to sleep\n|rule|Species Clause: Limit one of each Pok\u00e9mon\n|rule|OHKO Clause: OHKO moves are banned\n|rule|Evasion Items Clause: Evasion items are banned\n|rule|Evasion Moves Clause: Evasion moves are banned\n|rule|Endless Battle Clause: Forcing endless battles is banned\n|rule|HP Percentage Mod: HP is shown in percentages\n|clearpoke\n|poke|p1|Kingambit, M|\n|poke|p1|Regieleki|\n|poke|p1|Mimikyu, M|\n|poke|p1|Espathra, M|\n|poke|p1|Cyclizar, F|\n|poke|p1|Dudunsparce-*, M|\n|poke|p2|Roaring Moon|\n|poke|p2|Zoroark-Hisui, F|\n|poke|p2|Moltres|\n|poke|p2|Abomasnow, F|\n|poke|p2|Bisharp, F|\n|poke|p2|Azumarill, M|\n|teampreview\n|\n|t:|1699065787\n|start\n|switch|p1a: DUN-DUN-DUNNNNN|Dudunsparce, M|100\/100\n|switch|p2a: Cold Tree|Abomasnow, F, shiny|100\/100\n|-weather|Snow|[from] ability: Snow Warning|[of] p2a: Cold Tree\n|turn|1\n|\n|t:|1699065799\n|move|p2a: Cold Tree|Aurora Veil|p2a: Cold Tree\n|-sidestart|p2: SirFishWasTaken|move: Aurora Veil\n|move|p1a: DUN-DUN-DUNNNNN|Stealth Rock|p2a: Cold Tree\n|-sidestart|p2: SirFishWasTaken|move: Stealth Rock\n|\n|-weather|Snow|[upkeep]\n|upkeep\n|turn|2\n|\n|t:|1699065816\n|move|p2a: Cold Tree|Energy Ball|p1a: DUN-DUN-DUNNNNN\n|-damage|p1a: DUN-DUN-DUNNNNN|62\/100\n|move|p1a: DUN-DUN-DUNNNNN|Toxic|p2a: Cold Tree\n|-status|p2a: Cold Tree|tox\n|\n|-weather|Snow|[upkeep]\n|-heal|p1a: DUN-DUN-DUNNNNN|69\/100|[from] item: Leftovers\n|-damage|p2a: Cold Tree|94\/100 tox|[from] psn\n|upkeep\n|turn|3\n|\n|t:|1699065825\n|move|p2a: Cold Tree|Energy Ball|p1a: DUN-DUN-DUNNNNN\n|-damage|p1a: DUN-DUN-DUNNNNN|26\/100\n|-unboost|p1a: DUN-DUN-DUNNNNN|spd|1\n|move|p1a: DUN-DUN-DUNNNNN|Air Slash|p2a: Cold Tree\n|-supereffective|p2a: Cold Tree\n|-damage|p2a: Cold Tree|77\/100 tox\n|\n|-weather|Snow|[upkeep]\n|-heal|p1a: DUN-DUN-DUNNNNN|32\/100|[from] item: Leftovers\n|-damage|p2a: Cold Tree|65\/100 tox|[from] psn\n|upkeep\n|turn|4\n|\n|t:|1699065835\n|move|p2a: Cold Tree|Energy Ball|p1a: DUN-DUN-DUNNNNN\n|-damage|p1a: DUN-DUN-DUNNNNN|0 fnt\n|faint|p1a: DUN-DUN-DUNNNNN\n|\n|-weather|Snow|[upkeep]\n|-damage|p2a: Cold Tree|47\/100 tox|[from] psn\n|upkeep\n|\n|t:|1699065846\n|switch|p1a: Death Fotter|Cyclizar, F|100\/100\n|turn|5\n|\n|t:|1699065851\n|move|p1a: Death Fotter|Shed Tail|p1a: Death Fotter\n|-start|p1a: Death Fotter|Substitute|[from] move: Shed Tail\n|-damage|p1a: Death Fotter|50\/100\n|\n|t:|1699065854\n|switch|p1a: Scary boi|Espathra, M|100\/100|[from] Shed Tail\n|move|p2a: Cold Tree|Blizzard|p1a: Scary boi\n|-end|p1a: Scary boi|Substitute\n|\n|-weather|none\n|-damage|p2a: Cold Tree|23\/100 tox|[from] psn\n|upkeep\n|turn|6\n|\n|t:|1699065863\n|move|p1a: Scary boi|Calm Mind|p1a: Scary boi\n|-boost|p1a: Scary boi|spa|1\n|-boost|p1a: Scary boi|spd|1\n|move|p2a: Cold Tree|Blizzard|p1a: Scary boi\n|-damage|p1a: Scary boi|52\/100\n|\n|-heal|p1a: Scary boi|58\/100|[from] item: Leftovers\n|-damage|p2a: Cold Tree|0 fnt|[from] psn\n|faint|p2a: Cold Tree\n|-ability|p1a: Scary boi|Speed Boost|boost\n|-boost|p1a: Scary boi|spe|1\n|upkeep\n|\n|t:|1699065876\n|switch|p2a: Scary Dragon|Roaring Moon|100\/100\n|-damage|p2a: Scary Dragon|88\/100|[from] Stealth Rock\n|-enditem|p2a: Scary Dragon|Booster Energy\n|-activate|p2a: Scary Dragon|ability: Protosynthesis|[fromitem]\n|-start|p2a: Scary Dragon|protosynthesisatk\n|turn|7\n|c|\u2606HomIsCool|YOOOO\n|c|\u2606SirFishWasTaken|??\n|c|\u2606HomIsCool|SCARY BROS\n|c|\u2606SirFishWasTaken|OH SHIT\n|c|\u2606SirFishWasTaken|HAHAH\n|c|\u2606HomIsCool|LMAO\n|\n|t:|1699065900\n|move|p1a: Scary boi|Protect|p1a: Scary boi\n|-singleturn|p1a: Scary boi|Protect\n|move|p2a: Scary Dragon|Knock Off|p1a: Scary boi\n|-activate|p1a: Scary boi|move: Protect\n|\n|-heal|p1a: Scary boi|64\/100|[from] item: Leftovers\n|-ability|p1a: Scary boi|Speed Boost|boost\n|-boost|p1a: Scary boi|spe|1\n|upkeep\n|turn|8\n|c|\u2606SirFishWasTaken|NOT THE PROTECT\n|c|\u2606SirFishWasTaken|PLS\n|\n|t:|1699065909\n|move|p1a: Scary boi|Calm Mind|p1a: Scary boi\n|-boost|p1a: Scary boi|spa|1\n|-boost|p1a: Scary boi|spd|1\n|move|p2a: Scary Dragon|Knock Off|p1a: Scary boi\n|-supereffective|p1a: Scary boi\n|-damage|p1a: Scary boi|0 fnt\n|-enditem|p1a: Scary boi|Leftovers|[from] move: Knock Off|[of] p2a: Scary Dragon\n|faint|p1a: Scary boi\n|\n|-sideend|p2: SirFishWasTaken|move: Aurora Veil\n|upkeep\n|c|\u2606HomIsCool|lmao\n|c|\u2606HomIsCool|Shit\n|c|\u2606SirFishWasTaken|That thing is scary AF\n|c|\u2606SirFishWasTaken|So is scary dragon but\n|c|\u2606HomIsCool|ikr\n|\n|t:|1699065928\n|switch|p1a: Peebo|Mimikyu, M, shiny|100\/100\n|turn|9\n|c|\u2606SirFishWasTaken|Espathra would full on sweep\n|c|\u2606SirFishWasTaken|NOT A FAIRY\n|c|\u2606HomIsCool|if I can get 2 calm minds set up ye\n|c|\u2606SirFishWasTaken|IM SCARED OF THOSE\n|\n|t:|1699065954\n|-end|p2a: Scary Dragon|Protosynthesis|[silent]\n|switch|p2a: Many Razor Blades|Bisharp, F, shiny|100\/100\n|-damage|p2a: Many Razor Blades|95\/100|[from] Stealth Rock\n|move|p1a: Peebo|Play Rough|p2a: Many Razor Blades\n|-crit|p2a: Many Razor Blades\n|-damage|p2a: Many Razor Blades|46\/100\n|-damage|p1a: Peebo|91\/100|[from] item: Life Orb\n|\n|upkeep\n|turn|10\n|c|\u2606HomIsCool|I forgot mimikyu was fairy lmao\n|\n|t:|1699065969\n|move|p2a: Many Razor Blades|Sucker Punch|p1a: Peebo\n|-activate|p1a: Peebo|ability: Disguise\n|-damage|p1a: Peebo|91\/100\n|detailschange|p1a: Peebo|Mimikyu-Busted, M, shiny\n|-damage|p1a: Peebo|78\/100|[from] pokemon: Mimikyu-Busted\n|move|p1a: Peebo|Play Rough|p2a: Many Razor Blades\n|-damage|p2a: Many Razor Blades|18\/100\n|-unboost|p2a: Many Razor Blades|atk|1\n|-ability|p2a: Many Razor Blades|Defiant|boost\n|-boost|p2a: Many Razor Blades|atk|2\n|-damage|p1a: Peebo|68\/100|[from] item: Life Orb\n|\n|upkeep\n|turn|11\n|c|\u2606SirFishWasTaken|Oh thank god defiant\n|\n|t:|1699065985\n|move|p1a: Peebo|Shadow Sneak|p2a: Many Razor Blades\n|-resisted|p2a: Many Razor Blades\n|-damage|p2a: Many Razor Blades|11\/100\n|-damage|p1a: Peebo|59\/100|[from] item: Life Orb\n|move|p2a: Many Razor Blades|Sucker Punch||[still]\n|-fail|p2a: Many Razor Blades\n|\n|upkeep\n|turn|12\n|c|\u2606SirFishWasTaken|well shit\n|\n|t:|1699066001\n|move|p1a: Peebo|Shadow Sneak|p2a: Many Razor Blades\n|-resisted|p2a: Many Razor Blades\n|-crit|p2a: Many Razor Blades\n|-damage|p2a: Many Razor Blades|1\/100\n|-damage|p1a: Peebo|49\/100|[from] item: Life Orb\n|move|p2a: Many Razor Blades|Poison Jab|p1a: Peebo\n|-damage|p1a: Peebo|0 fnt\n|faint|p1a: Peebo\n|\n|upkeep\n|c|\u2606SirFishWasTaken|HUH\n|c|\u2606HomIsCool|IT DIDNT DIE\n|\n|t:|1699066013\n|switch|p1a: Regieleki|Regieleki, shiny|100\/100\n|turn|13\n|c|\u2606SirFishWasTaken|3 HP\n|\n|t:|1699066016\n|move|p2a: Many Razor Blades|Sucker Punch|p1a: Regieleki\n|-enditem|p1a: Regieleki|Focus Sash\n|-damage|p1a: Regieleki|1\/100\n|move|p1a: Regieleki|Thunderbolt|p2a: Many Razor Blades\n|-damage|p2a: Many Razor Blades|0 fnt\n|faint|p2a: Many Razor Blades\n|\n|upkeep\n|\n|t:|1699066024\n|switch|p2a: Azumarill|Azumarill, M|100\/100\n|-damage|p2a: Azumarill|88\/100|[from] Stealth Rock\n|turn|14\n|\n|t:|1699066032\n|move|p2a: Azumarill|Aqua Jet|p1a: Regieleki\n|-damage|p1a: Regieleki|0 fnt\n|faint|p1a: Regieleki\n|\n|upkeep\n|\n|t:|1699066037\n|switch|p1a: Death Fotter|Cyclizar, F|84\/100\n|turn|15\n|c|\u2606SirFishWasTaken|Wait half of these arent named :C\n|c|\u2606SirFishWasTaken|This is supposed to be wet rabbit\n|\n|t:|1699066051\n|move|p1a: Death Fotter|Knock Off|p2a: Azumarill\n|-resisted|p2a: Azumarill\n|-damage|p2a: Azumarill|75\/100\n|-enditem|p2a: Azumarill|Sitrus Berry|[from] move: Knock Off|[of] p1a: Death Fotter\n|move|p2a: Azumarill|Belly Drum|p2a: Azumarill\n|-damage|p2a: Azumarill|25\/100\n|-setboost|p2a: Azumarill|atk|6|[from] move: Belly Drum\n|\n|upkeep\n|turn|16\n|c|\u2606HomIsCool|HALF OF MINE ARENT NAMED EITHER T-T\n|c|\u2606SirFishWasTaken|HOW DID THIS HAPPEn\n|\n|t:|1699066066\n|move|p2a: Azumarill|Aqua Jet|p1a: Death Fotter\n|-resisted|p1a: Death Fotter\n|-damage|p1a: Death Fotter|10\/100\n|-enditem|p1a: Death Fotter|Aguav Berry|[eat]\n|-heal|p1a: Death Fotter|43\/100|[from] item: Aguav Berry\n|move|p1a: Death Fotter|Knock Off|p2a: Azumarill\n|-resisted|p2a: Azumarill\n|-damage|p2a: Azumarill|16\/100\n|\n|upkeep\n|turn|17\n|\n|t:|1699066078\n|move|p2a: Azumarill|Aqua Jet|p1a: Death Fotter\n|-resisted|p1a: Death Fotter\n|-damage|p1a: Death Fotter|0 fnt\n|faint|p1a: Death Fotter\n|\n|upkeep\n|c|\u2606SirFishWasTaken|*FOOL*\n|c|\u2606SirFishWasTaken|DONT YOU KNOW\n|\n|t:|1699066085\n|switch|p1a: Big Boi! >:D|Kingambit, M|100\/100\n|-activate|p1a: Big Boi! >:D|ability: Supreme Overlord\n|-start|p1a: Big Boi! >:D|fallen5|[silent]\n|turn|18\n|c|\u2606SirFishWasTaken|WATER RABBIT IS A FAIRY TYPER\n|c|\u2606SirFishWasTaken|FUCK NOT THAT\n|c|\u2606SirFishWasTaken|FUCKFUCKFUCK\n|\n|t:|1699066111\n|move|p1a: Big Boi! >:D|Sucker Punch|p2a: Azumarill\n|-resisted|p2a: Azumarill\n|-damage|p2a: Azumarill|0 fnt\n|faint|p2a: Azumarill\n|\n|upkeep\n|c|\u2606HomIsCool|Well I think I lose\n|\n|t:|1699066117\n|switch|p2a: Scary Dragon|Roaring Moon|88\/100\n|-damage|p2a: Scary Dragon|76\/100|[from] Stealth Rock\n|turn|19\n|\n|t:|1699066129\n|-terastallize|p1a: Big Boi! >:D|Dark\n|move|p1a: Big Boi! >:D|Sucker Punch|p2a: Scary Dragon\n|-resisted|p2a: Scary Dragon\n|-damage|p2a: Scary Dragon|26\/100\n|move|p2a: Scary Dragon|Earthquake|p1a: Big Boi! >:D\n|-damage|p1a: Big Boi! >:D|73\/100\n|\n|upkeep\n|turn|20\n|\n|t:|1699066140\n|move|p1a: Big Boi! >:D|Sucker Punch|p2a: Scary Dragon\n|-resisted|p2a: Scary Dragon\n|-damage|p2a: Scary Dragon|0 fnt\n|faint|p2a: Scary Dragon\n|-end|p2a: Scary Dragon|Protosynthesis|[silent]\n|\n|upkeep\n|c|\u2606SirFishWasTaken|I think thats it for me\n|c|\u2606SirFishWasTaken|The sweep has begun\n|\n|t:|1699066151\n|switch|p2a: Fire Bird|Moltres|100\/100\n|turn|21\n|c|\u2606HomIsCool|shit\n|c|\u2606HomIsCool|gg lmao\n|\n|t:|1699066163\n|move|p1a: Big Boi! >:D|Sucker Punch||[still]\n|-fail|p1a: Big Boi! >:D\n|move|p2a: Fire Bird|Tailwind|p2a: Fire Bird\n|-sidestart|p2: SirFishWasTaken|move: Tailwind\n|\n|upkeep\n|turn|22\n|c|\u2606HomIsCool|wait-\n|c|\u2606HomIsCool|both ur pokemon is faster no matter what-\n|c|\u2606SirFishWasTaken|I know but you are sucker punching\n|c|\u2606HomIsCool|fair\n|c|\u2606HomIsCool|Ill do it again\n|c|\u2606SirFishWasTaken|And its got low PP >:)\n|\n|t:|1699066200\n|move|p2a: Fire Bird|Roost||[still]\n|-fail|p2a: Fire Bird|heal\n|move|p1a: Big Boi! >:D|Brick Break|p2a: Fire Bird\n|-resisted|p2a: Fire Bird\n|-damage|p2a: Fire Bird|80\/100\n|\n|upkeep\n|turn|23\n|\n|t:|1699066208\n|move|p1a: Big Boi! >:D|Sucker Punch||[still]\n|-fail|p1a: Big Boi! >:D\n|move|p2a: Fire Bird|Roost|p2a: Fire Bird\n|-heal|p2a: Fire Bird|100\/100\n|-singleturn|p2a: Fire Bird|move: Roost\n|\n|upkeep\n|turn|24\n|\n|t:|1699066226\n|-terastallize|p2a: Fire Bird|Fire\n|move|p2a: Fire Bird|Flamethrower|p1a: Big Boi! >:D\n|-damage|p1a: Big Boi! >:D|1\/100\n|move|p1a: Big Boi! >:D|Dig||[still]\n|-prepare|p1a: Big Boi! >:D|Dig\n|\n|-sideend|p2: SirFishWasTaken|move: Tailwind\n|upkeep\n|turn|25\n|c|\u2606HomIsCool|YEHHH\n|\n|t:|1699066238\n|switch|p2a: Fire Bird|Moltres|100\/100\n|-damage|p2a: Fire Bird|88\/100|[from] Stealth Rock\n|move|p1a: Big Boi! >:D|Dig|p2a: Fire Bird|[from]lockedmove\n|-damage|p2a: Fire Bird|0 fnt\n|replace|p2a: Spooky Wolf|Zoroark-Hisui, F\n|-end|p2a: Spooky Wolf|Illusion\n|faint|p2a: Spooky Wolf\n|\n|upkeep\n|\n|t:|1699066245\n|switch|p2a: Fire Bird|Moltres, tera:Fire|100\/100\n|turn|26\n|\n|t:|1699066263\n|move|p1a: Big Boi! >:D|Sucker Punch||[still]\n|-fail|p1a: Big Boi! >:D\n|move|p2a: Fire Bird|Roost||[still]\n|-fail|p2a: Fire Bird|heal\n|\n|upkeep\n|turn|27\n|\n|t:|1699066270\n|move|p1a: Big Boi! >:D|Sucker Punch||[still]\n|-fail|p1a: Big Boi! >:D\n|move|p2a: Fire Bird|Tailwind|p2a: Fire Bird\n|-sidestart|p2: SirFishWasTaken|move: Tailwind\n|\n|upkeep\n|turn|28\n|c|\u2606SirFishWasTaken|oh no\n|c|\u2606SirFishWasTaken|its a 50\/50\n|\n|t:|1699066280\n|move|p2a: Fire Bird|Roost||[still]\n|-fail|p2a: Fire Bird|heal\n|move|p1a: Big Boi! >:D|Dig||[still]\n|-prepare|p1a: Big Boi! >:D|Dig\n|\n|upkeep\n|turn|29\n|c|\u2606SirFishWasTaken|SHIT\n|c|\u2606SirFishWasTaken|SHIT SHIT\n|c|\u2606HomIsCool|YAYYY\n|\n|t:|1699066287\n|move|p2a: Fire Bird|Flamethrower|p1a: Big Boi! >:D|[miss]\n|-miss|p2a: Fire Bird|p1a: Big Boi! >:D\n|move|p1a: Big Boi! >:D|Dig|p2a: Fire Bird|[from]lockedmove\n|-supereffective|p2a: Fire Bird\n|-damage|p2a: Fire Bird|23\/100\n|\n|upkeep\n|turn|30\n|c|\u2606HomIsCool|NOOOOO\n|\n|t:|1699066308\n|move|p2a: Fire Bird|Roost|p2a: Fire Bird\n|-heal|p2a: Fire Bird|73\/100\n|move|p1a: Big Boi! >:D|Dig||[still]\n|-prepare|p1a: Big Boi! >:D|Dig\n|\n|-sideend|p2: SirFishWasTaken|move: Tailwind\n|upkeep\n|turn|31\n|\n|t:|1699066313\n|move|p2a: Fire Bird|Roost|p2a: Fire Bird\n|-heal|p2a: Fire Bird|100\/100\n|move|p1a: Big Boi! >:D|Dig|p2a: Fire Bird|[from]lockedmove\n|-supereffective|p2a: Fire Bird\n|-damage|p2a: Fire Bird|13\/100\n|\n|upkeep\n|turn|32\n|c|\u2606HomIsCool|BROOOO\n|c|\u2606SirFishWasTaken|HEHEE\n|\n|t:|1699066326\n|move|p2a: Fire Bird|Roost|p2a: Fire Bird\n|-heal|p2a: Fire Bird|63\/100\n|move|p1a: Big Boi! >:D|Dig||[still]\n|-prepare|p1a: Big Boi! >:D|Dig\n|\n|upkeep\n|turn|33\n|\n|t:|1699066331\n|move|p2a: Fire Bird|Roost|p2a: Fire Bird\n|-heal|p2a: Fire Bird|100\/100\n|move|p1a: Big Boi! >:D|Dig|p2a: Fire Bird|[from]lockedmove\n|-supereffective|p2a: Fire Bird\n|-damage|p2a: Fire Bird|17\/100\n|\n|upkeep\n|turn|34\n|c|\u2606SirFishWasTaken|FLAME BODY PELASE\n|c|\u2606SirFishWasTaken|AKSJDAKSJD\n|\n|t:|1699066349\n|move|p2a: Fire Bird|Flamethrower|p1a: Big Boi! >:D\n|-damage|p1a: Big Boi! >:D|0 fnt\n|faint|p1a: Big Boi! >:D\n|-end|p1a: Big Boi! >:D|fallen5|[silent]\n|\n|win|SirFishWasTaken\n|raw|HomIsCool's rating: 1100 &rarr; <strong>1075<\/strong><br \/>(-25 for losing)\n|raw|SirFishWasTaken's rating: 1102 &rarr; <strong>1127<\/strong><br \/>(+25 for winning)\n","uploadtime":1699066106,"views":6,"p1id":"homiscool","p2id":"sirfishwastaken","formatid":"gen9ubers","rating":1075,"private":0,"password":""}