{"id":"gen9ubers-1982609682","p1":"a bit moody","p2":"uubers account","format":"[Gen 9] Ubers","log":"|j|\u2606a bit moody\n|j|\u2606uubers account\n|t:|1699029547\n|gametype|singles\n|player|p1|a bit moody|1|\n|player|p2|uubers account|170|\n|teamsize|p1|6\n|teamsize|p2|6\n|gen|9\n|tier|[Gen 9] Ubers\n|rule|Sleep Clause Mod: Limit one foe put to sleep\n|rule|Species Clause: Limit one of each Pok\u00e9mon\n|rule|OHKO Clause: OHKO moves are banned\n|rule|Evasion Items Clause: Evasion items are banned\n|rule|Evasion Moves Clause: Evasion moves are banned\n|rule|Endless Battle Clause: Forcing endless battles is banned\n|rule|HP Percentage Mod: HP is shown in percentages\n|clearpoke\n|poke|p1|Clefable, M|\n|poke|p1|Alomomola, F|\n|poke|p1|Moltres|\n|poke|p1|Blissey, F|\n|poke|p1|Overqwil, F|\n|poke|p1|Spectrier|\n|poke|p2|Ninetales-Alola, F|\n|poke|p2|Baxcalibur, F|\n|poke|p2|Espathra, F|\n|poke|p2|Cyclizar, M|\n|poke|p2|Zacian-*|\n|poke|p2|Arceus-Ice|\n|teampreview\n|c|\u2606uubers account|glhf\n|\n|t:|1699029566\n|start\n|switch|p1a: Overqwil|Overqwil, F|100\/100\n|switch|p2a: Ninetales|Ninetales-Alola, F|100\/100\n|-weather|Snow|[from] ability: Snow Warning|[of] p2a: Ninetales\n|-ability|p1a: Overqwil|Intimidate|boost\n|-unboost|p2a: Ninetales|atk|1\n|turn|1\n|\n|t:|1699029575\n|move|p2a: Ninetales|Aurora Veil|p2a: Ninetales\n|-sidestart|p2: uubers account|move: Aurora Veil\n|move|p1a: Overqwil|Toxic Spikes|p2a: Ninetales\n|-sidestart|p2: uubers account|move: Toxic Spikes\n|\n|-weather|Snow|[upkeep]\n|upkeep\n|turn|2\n|\n|t:|1699029584\n|move|p2a: Ninetales|Encore|p1a: Overqwil\n|-start|p1a: Overqwil|Encore\n|move|p1a: Overqwil|Toxic Spikes|p2a: Ninetales\n|-sidestart|p2: uubers account|move: Toxic Spikes\n|\n|-weather|Snow|[upkeep]\n|upkeep\n|turn|3\n|\n|t:|1699029597\n|switch|p2a: Cyclizar|Cyclizar, M|100\/100\n|switch|p1a: Moltres|Moltres|100\/100\n|\n|-weather|Snow|[upkeep]\n|upkeep\n|turn|4\n|\n|t:|1699029616\n|move|p2a: Cyclizar|Knock Off|p1a: Moltres\n|-damage|p1a: Moltres|85\/100\n|-enditem|p1a: Moltres|Heavy-Duty Boots|[from] move: Knock Off|[of] p2a: Cyclizar\n|move|p1a: Moltres|Roar|p2a: Cyclizar\n|drag|p2a: Baxcalibur|Baxcalibur, F|100\/100\n|-status|p2a: Baxcalibur|tox\n|\n|-weather|Snow|[upkeep]\n|-damage|p2a: Baxcalibur|94\/100 tox|[from] psn\n|upkeep\n|turn|5\n|\n|t:|1699029625\n|switch|p2a: Cyclizar|Cyclizar, M|100\/100\n|move|p1a: Moltres|Roar|p2a: Cyclizar\n|drag|p2a: Ninetales|Ninetales-Alola, F|100\/100\n|-status|p2a: Ninetales|tox\n|\n|-weather|none\n|-damage|p2a: Ninetales|94\/100 tox|[from] psn\n|upkeep\n|turn|6\n|\n|t:|1699029636\n|move|p2a: Ninetales|Hypnosis|p1a: Moltres\n|-status|p1a: Moltres|slp|[from] move: Hypnosis\n|cant|p1a: Moltres|slp\n|\n|-damage|p2a: Ninetales|82\/100 tox|[from] psn\n|upkeep\n|turn|7\n|\n|t:|1699029641\n|switch|p2a: Cyclizar|Cyclizar, M|100\/100\n|cant|p1a: Moltres|slp\n|\n|upkeep\n|turn|8\n|\n|t:|1699029648\n|move|p2a: Cyclizar|Rapid Spin|p1a: Moltres\n|-damage|p1a: Moltres|72\/100 slp\n|-boost|p2a: Cyclizar|spe|1\n|-sideend|p2: uubers account|Toxic Spikes|[from] move: Rapid Spin|[of] p2a: Cyclizar\n|-curestatus|p1a: Moltres|slp|[msg]\n|move|p1a: Moltres|Roar|p2a: Cyclizar\n|drag|p2a: Espathra|Espathra, F|100\/100\n|\n|-sideend|p2: uubers account|move: Aurora Veil\n|upkeep\n|turn|9\n|c|\u2606uubers account|omg i have the wrong ability\n|\n|t:|1699029678\n|switch|p2a: Ninetales|Ninetales-Alola, F|82\/100 tox\n|-weather|Snow|[from] ability: Snow Warning|[of] p2a: Ninetales\n|switch|p1a: Clefable|Clefable, M|100\/100\n|\n|-weather|Snow|[upkeep]\n|-damage|p2a: Ninetales|76\/100 tox|[from] psn\n|upkeep\n|turn|10\n|\n|t:|1699029683\n|move|p2a: Ninetales|Aurora Veil|p2a: Ninetales\n|-sidestart|p2: uubers account|move: Aurora Veil\n|move|p1a: Clefable|Stealth Rock|p2a: Ninetales\n|-sidestart|p2: uubers account|move: Stealth Rock\n|\n|-weather|Snow|[upkeep]\n|-damage|p2a: Ninetales|64\/100 tox|[from] psn\n|upkeep\n|turn|11\n|\n|t:|1699029688\n|switch|p1a: Moltres|Moltres|72\/100\n|move|p2a: Ninetales|Hypnosis|p1a: Moltres|[miss]\n|-miss|p2a: Ninetales|p1a: Moltres\n|\n|-weather|Snow|[upkeep]\n|-damage|p2a: Ninetales|46\/100 tox|[from] psn\n|upkeep\n|turn|12\n|\n|t:|1699029697\n|move|p2a: Ninetales|Hypnosis|p1a: Moltres\n|-status|p1a: Moltres|slp|[from] move: Hypnosis\n|cant|p1a: Moltres|slp\n|\n|-weather|Snow|[upkeep]\n|-damage|p2a: Ninetales|22\/100 tox|[from] psn\n|upkeep\n|turn|13\n|\n|t:|1699029709\n|switch|p2a: Baxcalibur|Baxcalibur, F|94\/100 tox\n|-damage|p2a: Baxcalibur|70\/100 tox|[from] Stealth Rock\n|cant|p1a: Moltres|slp\n|\n|-weather|none\n|-damage|p2a: Baxcalibur|63\/100 tox|[from] psn\n|upkeep\n|turn|14\n|\n|t:|1699029714\n|move|p2a: Baxcalibur|Swords Dance|p2a: Baxcalibur\n|-boost|p2a: Baxcalibur|atk|2\n|-curestatus|p1a: Moltres|slp|[msg]\n|move|p1a: Moltres|Roar|p2a: Baxcalibur\n|drag|p2a: Cyclizar|Cyclizar, M|100\/100\n|\n|upkeep\n|turn|15\n|\n|t:|1699029724\n|move|p2a: Cyclizar|Taunt|p1a: Moltres\n|-start|p1a: Moltres|move: Taunt\n|cant|p1a: Moltres|move: Taunt|Roost\n|\n|upkeep\n|turn|16\n|\n|t:|1699029735\n|switch|p1a: Overqwil|Overqwil, F|100\/100\n|-ability|p1a: Overqwil|Intimidate|boost\n|-unboost|p2a: Cyclizar|atk|1\n|move|p2a: Cyclizar|Shed Tail|p2a: Cyclizar\n|-start|p2a: Cyclizar|Substitute|[from] move: Shed Tail\n|-damage|p2a: Cyclizar|50\/100\n|\n|t:|1699029739\n|switch|p2a: Zacian|Zacian|100\/100|[from] Shed Tail\n|-ability|p2a: Zacian|Intrepid Sword|boost\n|-boost|p2a: Zacian|atk|1\n|\n|upkeep\n|turn|17\n|\n|t:|1699029747\n|move|p2a: Zacian|Swords Dance|p2a: Zacian\n|-boost|p2a: Zacian|atk|2\n|move|p1a: Overqwil|Gunk Shot|p2a: Zacian|[miss]\n|-miss|p1a: Overqwil|p2a: Zacian\n|\n|-sideend|p2: uubers account|move: Aurora Veil\n|upkeep\n|turn|18\n|\n|t:|1699029754\n|move|p2a: Zacian|Play Rough|p1a: Overqwil|[miss]\n|-miss|p2a: Zacian|p1a: Overqwil\n|move|p1a: Overqwil|Gunk Shot|p2a: Zacian\n|-supereffective|p2a: Zacian\n|-end|p2a: Zacian|Substitute\n|\n|upkeep\n|turn|19\n|\n|t:|1699029760\n|move|p2a: Zacian|Play Rough|p1a: Overqwil\n|-damage|p1a: Overqwil|32\/100\n|move|p1a: Overqwil|Gunk Shot|p2a: Zacian|[miss]\n|-miss|p1a: Overqwil|p2a: Zacian\n|\n|upkeep\n|turn|20\n|\n|t:|1699029764\n|move|p2a: Zacian|Play Rough|p1a: Overqwil\n|-damage|p1a: Overqwil|0 fnt\n|faint|p1a: Overqwil\n|\n|upkeep\n|\n|t:|1699029770\n|switch|p1a: Moltres|Moltres|72\/100\n|turn|21\n|\n|t:|1699029776\n|move|p2a: Zacian|Wild Charge|p1a: Moltres\n|-supereffective|p1a: Moltres\n|-damage|p1a: Moltres|0 fnt\n|faint|p1a: Moltres\n|-damage|p2a: Zacian|79\/100|[from] Recoil\n|\n|upkeep\n|\n|t:|1699029781\n|switch|p1a: Clefable|Clefable, M|100\/100\n|turn|22\n|\n|t:|1699029786\n|switch|p2a: Ninetales|Ninetales-Alola, F|22\/100 tox\n|-damage|p2a: Ninetales|0 fnt|[from] Stealth Rock\n|faint|p2a: Ninetales\n|move|p1a: Clefable|Calm Mind|p1a: Clefable\n|-boost|p1a: Clefable|spa|1\n|-boost|p1a: Clefable|spd|1\n|\n|upkeep\n|\n|t:|1699029798\n|switch|p2a: Cyclizar|Cyclizar, M|84\/100\n|turn|23\n|\n|t:|1699029802\n|move|p2a: Cyclizar|Taunt|p1a: Clefable\n|-start|p1a: Clefable|move: Taunt\n|move|p1a: Clefable|Moonblast|p2a: Cyclizar\n|-supereffective|p2a: Cyclizar\n|-damage|p2a: Cyclizar|0 fnt\n|faint|p2a: Cyclizar\n|\n|upkeep\n|\n|t:|1699029823\n|switch|p2a: Arceus|Arceus-Ice|100\/100\n|-damage|p2a: Arceus|75\/100|[from] Stealth Rock\n|turn|24\n|\n|t:|1699029826\n|move|p2a: Arceus|Judgment|p1a: Clefable\n|-damage|p1a: Clefable|71\/100\n|move|p1a: Clefable|Moonblast|p2a: Arceus\n|-damage|p2a: Arceus|46\/100\n|\n|upkeep\n|turn|25\n|\n|t:|1699029831\n|move|p2a: Arceus|Recover|p2a: Arceus\n|-heal|p2a: Arceus|96\/100\n|move|p1a: Clefable|Moonblast|p2a: Arceus\n|-damage|p2a: Arceus|65\/100\n|-unboost|p2a: Arceus|spa|1\n|\n|-end|p1a: Clefable|move: Taunt\n|upkeep\n|turn|26\n|\n|t:|1699029835\n|move|p2a: Arceus|Judgment|p1a: Clefable\n|-damage|p1a: Clefable|40\/100\n|move|p1a: Clefable|Calm Mind|p1a: Clefable\n|-boost|p1a: Clefable|spa|1\n|-boost|p1a: Clefable|spd|1\n|\n|upkeep\n|turn|27\n|\n|t:|1699029847\n|move|p2a: Arceus|Judgment|p1a: Clefable\n|-damage|p1a: Clefable|16\/100\n|move|p1a: Clefable|Moonlight|p1a: Clefable\n|-heal|p1a: Clefable|66\/100\n|\n|upkeep\n|turn|28\n|\n|t:|1699029853\n|switch|p2a: Espathra|Espathra, F|100\/100\n|-damage|p2a: Espathra|88\/100|[from] Stealth Rock\n|move|p1a: Clefable|Moonlight|p1a: Clefable\n|-heal|p1a: Clefable|100\/100\n|\n|-heal|p2a: Espathra|94\/100|[from] item: Leftovers\n|upkeep\n|turn|29\n|\n|t:|1699029857\n|move|p2a: Espathra|Calm Mind|p2a: Espathra\n|-boost|p2a: Espathra|spa|1\n|-boost|p2a: Espathra|spd|1\n|move|p1a: Clefable|Calm Mind|p1a: Clefable\n|-boost|p1a: Clefable|spa|1\n|-boost|p1a: Clefable|spd|1\n|-ability|p2a: Espathra|Opportunist|boost\n|-boost|p2a: Espathra|spa|1\n|-boost|p2a: Espathra|spd|1\n|\n|-heal|p2a: Espathra|99\/100|[from] item: Leftovers\n|upkeep\n|turn|30\n|\n|t:|1699029875\n|move|p2a: Espathra|Calm Mind|p2a: Espathra\n|-boost|p2a: Espathra|spa|1\n|-boost|p2a: Espathra|spd|1\n|move|p1a: Clefable|Moonblast|p2a: Espathra\n|-damage|p2a: Espathra|0 fnt\n|faint|p2a: Espathra\n|\n|upkeep\n|-message|uubers account forfeited.\n|\n|win|a bit moody\n|l|\u2606uubers account\n|l|\u2606a bit moody\n|j|\u2606a bit moody\n|player|p1|a bit moody|1\n","uploadtime":1699029975,"views":13,"p1id":"abitmoody","p2id":"uubersaccount","formatid":"gen9ubers","rating":0,"private":0,"password":""}