{"id":"gen9ubers-1993917529","p1":"Rival Gary Oak","p2":"mysticalcheese","format":"[Gen 9] Ubers","log":"|j|\u2606Rival Gary Oak\n|j|\u2606mysticalcheese\n|t:|1700375127\n|gametype|singles\n|player|p1|Rival Gary Oak|blue|\n|player|p2|mysticalcheese|1|\n|teamsize|p1|6\n|teamsize|p2|6\n|gen|9\n|tier|[Gen 9] Ubers\n|rule|Sleep Clause Mod: Limit one foe put to sleep\n|rule|Species Clause: Limit one of each Pok\u00e9mon\n|rule|OHKO Clause: OHKO moves are banned\n|rule|Evasion Items Clause: Evasion items are banned\n|rule|Evasion Moves Clause: Evasion moves are banned\n|rule|Endless Battle Clause: Forcing endless battles is banned\n|rule|HP Percentage Mod: HP is shown in percentages\n|clearpoke\n|poke|p1|Dragapult, M|\n|poke|p1|Regieleki|\n|poke|p1|Ursaluna-Bloodmoon, M|\n|poke|p1|Ogerpon, F|\n|poke|p1|Articuno-Galar|\n|poke|p1|Goodra-Hisui, F|\n|poke|p2|Torterra, F|\n|poke|p2|Dusclops, F|\n|poke|p2|Chansey, F|\n|poke|p2|Amoonguss, F|\n|poke|p2|Iron Valiant|\n|poke|p2|Dedenne, M|\n|teampreview\n|\n|t:|1700375156\n|start\n|switch|p1a: Ursaluna|Ursaluna-Bloodmoon, M|100\/100\n|switch|p2a: Torterra|Torterra, F|100\/100\n|turn|1\n|\n|t:|1700375165\n|switch|p2a: Chansey|Chansey, F|100\/100\n|move|p1a: Ursaluna|Blood Moon|p2a: Chansey\n|-damage|p2a: Chansey|73\/100\n|\n|upkeep\n|turn|2\n|\n|t:|1700375177\n|switch|p1a: Regieleki|Regieleki|100\/100\n|move|p2a: Chansey|Stealth Rock|p1a: Regieleki\n|-sidestart|p1: Rival Gary Oak|move: Stealth Rock\n|\n|upkeep\n|turn|3\n|\n|t:|1700375184\n|switch|p2a: Dusclops|Dusclops, F|100\/100\n|-item|p1a: Regieleki|Magnet|[from] ability: Frisk|[of] p2a: Dusclops|[identify]\n|move|p1a: Regieleki|Thunderbolt|p2a: Dusclops\n|-damage|p2a: Dusclops|70\/100\n|\n|upkeep\n|turn|4\n|\n|t:|1700375194\n|move|p1a: Regieleki|Thunderbolt|p2a: Dusclops\n|-damage|p2a: Dusclops|40\/100\n|move|p2a: Dusclops|Rest|p2a: Dusclops\n|-status|p2a: Dusclops|slp|[from] move: Rest\n|-heal|p2a: Dusclops|100\/100 slp|[silent]\n|\n|upkeep\n|turn|5\n|\n|t:|1700375200\n|move|p1a: Regieleki|Thunderbolt|p2a: Dusclops\n|-damage|p2a: Dusclops|73\/100 slp\n|cant|p2a: Dusclops|slp\n|move|p2a: Dusclops|Sleep Talk|p2a: Dusclops\n|move|p2a: Dusclops|Will-O-Wisp|p1a: Regieleki|[from]move: Sleep Talk|[miss]\n|-miss|p2a: Dusclops|p1a: Regieleki\n|\n|upkeep\n|turn|6\n|\n|t:|1700375209\n|move|p1a: Regieleki|Thunderbolt|p2a: Dusclops\n|-crit|p2a: Dusclops\n|-damage|p2a: Dusclops|25\/100 slp\n|cant|p2a: Dusclops|slp\n|move|p2a: Dusclops|Sleep Talk|p2a: Dusclops\n|move|p2a: Dusclops|Will-O-Wisp|p1a: Regieleki|[from]move: Sleep Talk\n|-status|p1a: Regieleki|brn\n|\n|-damage|p1a: Regieleki|95\/100 brn|[from] brn\n|upkeep\n|turn|7\n|\n|t:|1700375222\n|switch|p2a: Torterra|Torterra, F|100\/100\n|move|p1a: Regieleki|Thunderbolt|p2a: Torterra\n|-immune|p2a: Torterra\n|\n|-damage|p1a: Regieleki|89\/100 brn|[from] brn\n|upkeep\n|turn|8\n|\n|t:|1700375265\n|switch|p1a: Ogerpon|Ogerpon, F|100\/100\n|-damage|p1a: Ogerpon|88\/100|[from] Stealth Rock\n|move|p2a: Torterra|Headlong Rush|p1a: Ogerpon\n|-resisted|p1a: Ogerpon\n|-damage|p1a: Ogerpon|54\/100\n|-unboost|p2a: Torterra|def|1\n|-unboost|p2a: Torterra|spd|1\n|\n|upkeep\n|turn|9\n|\n|t:|1700375279\n|switch|p2a: Amoonguss|Amoonguss, F|100\/100\n|move|p1a: Ogerpon|Knock Off|p2a: Amoonguss\n|-damage|p2a: Amoonguss|83\/100\n|-enditem|p2a: Amoonguss|Assault Vest|[from] move: Knock Off|[of] p1a: Ogerpon\n|\n|upkeep\n|turn|10\n|\n|t:|1700375296\n|move|p1a: Ogerpon|U-turn|p2a: Amoonguss\n|-damage|p2a: Amoonguss|68\/100\n|\n|t:|1700375303\n|switch|p1a: Regieleki|Regieleki|89\/100 brn|[from] U-turn\n|-damage|p1a: Regieleki|76\/100 brn|[from] Stealth Rock\n|move|p2a: Amoonguss|Sludge Bomb|p1a: Regieleki\n|-damage|p1a: Regieleki|19\/100 brn\n|\n|-damage|p1a: Regieleki|13\/100 brn|[from] brn\n|upkeep\n|turn|11\n|\n|t:|1700375322\n|move|p1a: Regieleki|Rapid Spin|p2a: Amoonguss\n|-damage|p2a: Amoonguss|65\/100\n|-boost|p1a: Regieleki|spe|1\n|-sideend|p1: Rival Gary Oak|Stealth Rock|[from] move: Rapid Spin|[of] p1a: Regieleki\n|move|p2a: Amoonguss|Stomping Tantrum|p1a: Regieleki\n|-supereffective|p1a: Regieleki\n|-damage|p1a: Regieleki|0 fnt\n|faint|p1a: Regieleki\n|\n|upkeep\n|\n|t:|1700375332\n|switch|p1a: Ursaluna|Ursaluna-Bloodmoon, M|100\/100\n|turn|12\n|\n|t:|1700375341\n|switch|p2a: Chansey|Chansey, F|73\/100\n|move|p1a: Ursaluna|Blood Moon|p2a: Chansey\n|-damage|p2a: Chansey|48\/100\n|\n|upkeep\n|turn|13\n|\n|t:|1700375391\n|switch|p1a: Articuno|Articuno-Galar, shiny|100\/100\n|move|p2a: Chansey|Soft-Boiled|p2a: Chansey\n|-heal|p2a: Chansey|98\/100\n|\n|upkeep\n|turn|14\n|\n|t:|1700375407\n|switch|p2a: Torterra|Torterra, F|100\/100\n|move|p1a: Articuno|Psyshock|p2a: Torterra\n|-damage|p2a: Torterra|68\/100\n|\n|upkeep\n|turn|15\n|\n|t:|1700375419\n|switch|p1a: Ogerpon|Ogerpon, F|54\/100\n|-terastallize|p2a: Torterra|Water\n|move|p2a: Torterra|Crunch|p1a: Ogerpon\n|-damage|p1a: Ogerpon|23\/100\n|\n|upkeep\n|turn|16\n|\n|t:|1700375439\n|switch|p2a: Amoonguss|Amoonguss, F|98\/100\n|move|p1a: Ogerpon|Ivy Cudgel|p2a: Amoonguss\n|-resisted|p2a: Amoonguss\n|-damage|p2a: Amoonguss|90\/100\n|\n|upkeep\n|turn|17\n|\n|t:|1700375452\n|switch|p1a: Goodra|Goodra-Hisui, F, shiny|100\/100\n|move|p2a: Amoonguss|Foul Play|p1a: Goodra\n|-damage|p1a: Goodra|80\/100\n|\n|upkeep\n|turn|18\n|\n|t:|1700375488\n|switch|p1a: Ursaluna|Ursaluna-Bloodmoon, M|100\/100\n|move|p2a: Amoonguss|Stomping Tantrum|p1a: Ursaluna\n|-damage|p1a: Ursaluna|90\/100\n|\n|upkeep\n|turn|19\n|\n|t:|1700375499\n|switch|p2a: Chansey|Chansey, F|98\/100\n|move|p1a: Ursaluna|Blood Moon|p2a: Chansey\n|-crit|p2a: Chansey\n|-damage|p2a: Chansey|60\/100\n|\n|upkeep\n|turn|20\n|\n|t:|1700375530\n|switch|p1a: Articuno|Articuno-Galar, shiny|100\/100\n|move|p2a: Chansey|Soft-Boiled|p2a: Chansey\n|-heal|p2a: Chansey|100\/100\n|\n|upkeep\n|turn|21\n|\n|t:|1700375539\n|move|p1a: Articuno|Calm Mind|p1a: Articuno\n|-boost|p1a: Articuno|spa|1\n|-boost|p1a: Articuno|spd|1\n|move|p2a: Chansey|Seismic Toss|p1a: Articuno\n|-damage|p1a: Articuno|69\/100\n|\n|-heal|p1a: Articuno|76\/100|[from] item: Leftovers\n|upkeep\n|turn|22\n|\n|t:|1700375548\n|move|p1a: Articuno|Calm Mind|p1a: Articuno\n|-boost|p1a: Articuno|spa|1\n|-boost|p1a: Articuno|spd|1\n|move|p2a: Chansey|Light Screen|p2a: Chansey\n|-sidestart|p2: mysticalcheese|move: Light Screen\n|\n|-heal|p1a: Articuno|82\/100|[from] item: Leftovers\n|upkeep\n|turn|23\n|\n|t:|1700375554\n|move|p1a: Articuno|Calm Mind|p1a: Articuno\n|-boost|p1a: Articuno|spa|1\n|-boost|p1a: Articuno|spd|1\n|move|p2a: Chansey|Seismic Toss|p1a: Articuno\n|-damage|p1a: Articuno|51\/100\n|\n|-heal|p1a: Articuno|57\/100|[from] item: Leftovers\n|upkeep\n|turn|24\n|\n|t:|1700375564\n|move|p1a: Articuno|Psyshock|p2a: Chansey\n|-damage|p2a: Chansey|68\/100\n|move|p2a: Chansey|Seismic Toss|p1a: Articuno\n|-damage|p1a: Articuno|26\/100\n|\n|-heal|p1a: Articuno|32\/100|[from] item: Leftovers\n|upkeep\n|turn|25\n|\n|t:|1700375658\n|switch|p2a: Dusclops|Dusclops, F|25\/100 slp\n|-item|p1a: Articuno|Leftovers|[from] ability: Frisk|[of] p2a: Dusclops|[identify]\n|move|p1a: Articuno|Psyshock|p2a: Dusclops\n|-damage|p2a: Dusclops|0 fnt\n|faint|p2a: Dusclops\n|\n|-heal|p1a: Articuno|38\/100|[from] item: Leftovers\n|upkeep\n|\n|t:|1700375676\n|switch|p2a: Torterra|Torterra, F, tera:Water|68\/100\n|turn|26\n|\n|t:|1700375684\n|move|p1a: Articuno|Substitute|p1a: Articuno\n|-start|p1a: Articuno|Substitute\n|-damage|p1a: Articuno|13\/100\n|move|p2a: Torterra|Crunch|p1a: Articuno\n|-supereffective|p1a: Articuno\n|-end|p1a: Articuno|Substitute\n|\n|-heal|p1a: Articuno|20\/100|[from] item: Leftovers\n|-sideend|p2: mysticalcheese|move: Light Screen\n|upkeep\n|turn|27\n|\n|t:|1700375713\n|move|p1a: Articuno|Psyshock|p2a: Torterra\n|-damage|p2a: Torterra|0 fnt\n|faint|p2a: Torterra\n|\n|-heal|p1a: Articuno|26\/100|[from] item: Leftovers\n|upkeep\n|\n|t:|1700375730\n|switch|p2a: Chansey|Chansey, F|68\/100\n|turn|28\n|\n|t:|1700375736\n|move|p1a: Articuno|Psyshock|p2a: Chansey\n|-damage|p2a: Chansey|6\/100\n|move|p2a: Chansey|Seismic Toss|p1a: Articuno\n|-damage|p1a: Articuno|0 fnt\n|faint|p1a: Articuno\n|\n|upkeep\n|\n|t:|1700375806\n|switch|p1a: Dragapult|Dragapult, M, shiny|100\/100\n|turn|29\n|\n|t:|1700375825\n|move|p1a: Dragapult|U-turn|p2a: Chansey\n|-damage|p2a: Chansey|0 fnt\n|faint|p2a: Chansey\n|\n|t:|1700375832\n|switch|p1a: Ursaluna|Ursaluna-Bloodmoon, M|90\/100|[from] U-turn\n|\n|upkeep\n|\n|t:|1700375839\n|switch|p2a: Dedenne|Dedenne, M|100\/100\n|turn|30\n|\n|t:|1700375855\n|move|p2a: Dedenne|Super Fang|p1a: Ursaluna\n|-damage|p1a: Ursaluna|45\/100\n|move|p1a: Ursaluna|Earth Power|p2a: Dedenne\n|-supereffective|p2a: Dedenne\n|-enditem|p2a: Dedenne|Focus Sash\n|-damage|p2a: Dedenne|1\/100\n|\n|upkeep\n|turn|31\n|\n|t:|1700375865\n|move|p1a: Ursaluna|Vacuum Wave|p2a: Dedenne\n|-resisted|p2a: Dedenne\n|-damage|p2a: Dedenne|0 fnt\n|faint|p2a: Dedenne\n|\n|upkeep\n|\n|t:|1700375873\n|switch|p2a: Iron Valiant|Iron Valiant|100\/100\n|turn|32\n|\n|t:|1700375895\n|move|p2a: Iron Valiant|Aura Sphere|p1a: Ursaluna\n|-supereffective|p1a: Ursaluna\n|-damage|p1a: Ursaluna|0 fnt\n|faint|p1a: Ursaluna\n|\n|upkeep\n|\n|t:|1700375903\n|switch|p1a: Goodra|Goodra-Hisui, F, shiny|80\/100\n|turn|33\n|\n|t:|1700375940\n|move|p2a: Iron Valiant|Calm Mind|p2a: Iron Valiant\n|-boost|p2a: Iron Valiant|spa|1\n|-boost|p2a: Iron Valiant|spd|1\n|move|p1a: Goodra|Flash Cannon|p2a: Iron Valiant\n|-supereffective|p2a: Iron Valiant\n|-damage|p2a: Iron Valiant|17\/100\n|\n|upkeep\n|turn|34\n|\n|t:|1700375951\n|move|p2a: Iron Valiant|Aura Sphere|p1a: Goodra\n|-supereffective|p1a: Goodra\n|-enditem|p1a: Goodra|Chople Berry|[eat]\n|-enditem|p1a: Goodra|Chople Berry|[weaken]\n|-damage|p1a: Goodra|34\/100\n|move|p1a: Goodra|Flash Cannon|p2a: Iron Valiant\n|-supereffective|p2a: Iron Valiant\n|-damage|p2a: Iron Valiant|0 fnt\n|faint|p2a: Iron Valiant\n|-end|p2a: Iron Valiant|Quark Drive|[silent]\n|\n|upkeep\n|\n|t:|1700375958\n|switch|p2a: Amoonguss|Amoonguss, F|100\/100\n|turn|35\n|\n|t:|1700375974\n|move|p1a: Goodra|Ice Beam|p2a: Amoonguss\n|-supereffective|p2a: Amoonguss\n|-damage|p2a: Amoonguss|46\/100\n|move|p2a: Amoonguss|Stomping Tantrum|p1a: Goodra\n|-supereffective|p1a: Goodra\n|-damage|p1a: Goodra|0 fnt\n|faint|p1a: Goodra\n|\n|upkeep\n|\n|t:|1700375984\n|switch|p1a: Dragapult|Dragapult, M, shiny|100\/100\n|turn|36\n|\n|t:|1700375989\n|move|p1a: Dragapult|Psychic Fangs|p2a: Amoonguss\n|-supereffective|p2a: Amoonguss\n|-damage|p2a: Amoonguss|4\/100\n|move|p2a: Amoonguss|Foul Play|p1a: Dragapult\n|-supereffective|p1a: Dragapult\n|-damage|p1a: Dragapult|10\/100\n|\n|upkeep\n|turn|37\n|\n|t:|1700375996\n|move|p1a: Dragapult|Psychic Fangs|p2a: Amoonguss\n|-supereffective|p2a: Amoonguss\n|-damage|p2a: Amoonguss|0 fnt\n|faint|p2a: Amoonguss\n|\n|win|Rival Gary Oak\n|l|\u2606mysticalcheese\n","uploadtime":1700376203,"views":10,"p1id":"rivalgaryoak","p2id":"mysticalcheese","formatid":"gen9ubers","rating":0,"private":0,"password":""}