{"id":"gen9ubers-1997714539","p1":"SmilingTamamonomae","p2":"dapply","format":"[Gen 9] Ubers","log":"|j|\u2606SmilingTamamonomae\n|j|\u2606dapply\n|inactive|Battle timer is ON: inactive players will automatically lose when time's up.\n|t:|1700844834\n|gametype|singles\n|player|p1|SmilingTamamonomae|170|\n|player|p2|dapply|dawn-masters3|\n|teamsize|p1|6\n|teamsize|p2|6\n|gen|9\n|tier|[Gen 9] Ubers\n|rated|Tournament battle\n|rule|Sleep Clause Mod: Limit one foe put to sleep\n|rule|Species Clause: Limit one of each Pok\u00e9mon\n|rule|OHKO Clause: OHKO moves are banned\n|rule|Evasion Items Clause: Evasion items are banned\n|rule|Evasion Moves Clause: Evasion moves are banned\n|rule|Endless Battle Clause: Forcing endless battles is banned\n|rule|HP Percentage Mod: HP is shown in percentages\n|clearpoke\n|poke|p1|Ting-Lu|\n|poke|p1|Dondozo, M|\n|poke|p1|Miraidon|\n|poke|p1|Groudon|\n|poke|p1|Eternatus|\n|poke|p1|Kyogre|\n|poke|p2|Arceus|\n|poke|p2|Gliscor, M|\n|poke|p2|Kyogre|\n|poke|p2|Iron Treads|\n|poke|p2|Zacian-*|\n|poke|p2|Skeledirge, F|\n|teampreview\n|j|*Lady Monita \u2746\n|inactive|dapply also wants the timer to be on.\n|inactive|SmilingTamamonomae has 120 seconds left.\n|inactive|dapply has 120 seconds left.\n|\n|t:|1700844878\n|start\n|switch|p1a: Groudon|Groudon|100\/100\n|switch|p2a: Zacian|Zacian-Crowned|100\/100\n|-ability|p2a: Zacian|Intrepid Sword|boost\n|-boost|p2a: Zacian|atk|1\n|-weather|SunnyDay|[from] ability: Drought|[of] p1a: Groudon\n|turn|1\n|\n|t:|1700844888\n|switch|p2a: Gliscor|Gliscor, M|100\/100\n|move|p1a: Groudon|Will-O-Wisp|p2a: Gliscor\n|-status|p2a: Gliscor|brn\n|\n|-weather|SunnyDay|[upkeep]\n|-damage|p2a: Gliscor|94\/100 brn|[from] brn\n|upkeep\n|turn|2\n|\n|t:|1700844899\n|move|p2a: Gliscor|Spikes|p1a: Groudon\n|-sidestart|p1: SmilingTamamonomae|Spikes\n|move|p1a: Groudon|Stealth Rock|p2a: Gliscor\n|-sidestart|p2: dapply|move: Stealth Rock\n|\n|-weather|SunnyDay|[upkeep]\n|-damage|p2a: Gliscor|88\/100 brn|[from] brn\n|upkeep\n|turn|3\n|\n|t:|1700844908\n|move|p2a: Gliscor|Toxic|p1a: Groudon\n|-status|p1a: Groudon|tox\n|move|p1a: Groudon|Solar Beam||[still]\n|-prepare|p1a: Groudon|Solar Beam\n|-anim|p1a: Groudon|Solar Beam|p2a: Gliscor\n|-damage|p2a: Gliscor|64\/100 brn\n|\n|-weather|SunnyDay|[upkeep]\n|-damage|p1a: Groudon|94\/100 tox|[from] psn\n|-damage|p2a: Gliscor|58\/100 brn|[from] brn\n|upkeep\n|turn|4\n|\n|t:|1700844927\n|switch|p1a: Eternatus|Eternatus|100\/100\n|-ability|p1a: Eternatus|Pressure\n|move|p2a: Gliscor|Spikes|p1a: Eternatus\n|-sidestart|p1: SmilingTamamonomae|Spikes\n|\n|-weather|SunnyDay|[upkeep]\n|-damage|p2a: Gliscor|51\/100 brn|[from] brn\n|upkeep\n|turn|5\n|\n|t:|1700844931\n|move|p1a: Eternatus|Dynamax Cannon|p2a: Gliscor\n|-damage|p2a: Gliscor|12\/100 brn\n|move|p2a: Gliscor|Spikes|p1a: Eternatus\n|-sidestart|p1: SmilingTamamonomae|Spikes\n|\n|-weather|none\n|-damage|p2a: Gliscor|6\/100 brn|[from] brn\n|upkeep\n|turn|6\n|\n|t:|1700844939\n|move|p2a: Gliscor|Protect|p2a: Gliscor\n|-singleturn|p2a: Gliscor|Protect\n|move|p1a: Eternatus|Dynamax Cannon|p2a: Gliscor\n|-activate|p2a: Gliscor|move: Protect\n|\n|-damage|p2a: Gliscor|0 fnt|[from] brn\n|faint|p2a: Gliscor\n|upkeep\n|\n|t:|1700844944\n|switch|p2a: Iron Treads|Iron Treads|100\/100\n|-damage|p2a: Iron Treads|97\/100|[from] Stealth Rock\n|turn|7\n|j| Kyekep\n|\n|t:|1700844958\n|switch|p1a: Dondozo|Dondozo, M|100\/100\n|-damage|p1a: Dondozo|76\/100|[from] Spikes\n|move|p2a: Iron Treads|Rapid Spin|p1a: Dondozo\n|-damage|p1a: Dondozo|68\/100\n|-boost|p2a: Iron Treads|spe|1\n|-damage|p2a: Iron Treads|81\/100|[from] item: Rocky Helmet|[of] p1a: Dondozo\n|-sideend|p2: dapply|Stealth Rock|[from] move: Rapid Spin|[of] p2a: Iron Treads\n|\n|-heal|p2a: Iron Treads|87\/100|[from] item: Leftovers\n|upkeep\n|turn|8\n|\n|t:|1700844970\n|move|p2a: Iron Treads|Stealth Rock|p1a: Dondozo\n|-sidestart|p1: SmilingTamamonomae|move: Stealth Rock\n|move|p1a: Dondozo|Body Press|p2a: Iron Treads\n|-supereffective|p2a: Iron Treads\n|-damage|p2a: Iron Treads|38\/100\n|\n|-heal|p2a: Iron Treads|44\/100|[from] item: Leftovers\n|upkeep\n|turn|9\n|\n|t:|1700844978\n|-end|p2a: Iron Treads|Quark Drive|[silent]\n|switch|p2a: Kyogre|Kyogre|100\/100\n|-weather|RainDance|[from] ability: Drizzle|[of] p2a: Kyogre\n|move|p1a: Dondozo|Body Press|p2a: Kyogre\n|-damage|p2a: Kyogre|72\/100\n|\n|-weather|RainDance|[upkeep]\n|upkeep\n|turn|10\n|\n|t:|1700844988\n|switch|p1a: Groudon|Groudon|94\/100 tox\n|-damage|p1a: Groudon|69\/100 tox|[from] Spikes\n|-damage|p1a: Groudon|63\/100 tox|[from] Stealth Rock\n|-weather|SunnyDay|[from] ability: Drought|[of] p1a: Groudon\n|move|p2a: Kyogre|Water Spout|p1a: Groudon\n|-supereffective|p1a: Groudon\n|-damage|p1a: Groudon|23\/100 tox\n|\n|-weather|SunnyDay|[upkeep]\n|-heal|p1a: Groudon|29\/100 tox|[from] item: Leftovers\n|-damage|p1a: Groudon|23\/100 tox|[from] psn\n|upkeep\n|turn|11\n|\n|t:|1700844999\n|move|p2a: Kyogre|Water Spout|p1a: Groudon\n|-supereffective|p1a: Groudon\n|-damage|p1a: Groudon|0 fnt\n|faint|p1a: Groudon\n|\n|-weather|SunnyDay|[upkeep]\n|upkeep\n|\n|t:|1700845020\n|switch|p1a: Miraidon|Miraidon|100\/100\n|-damage|p1a: Miraidon|76\/100|[from] Spikes\n|-damage|p1a: Miraidon|63\/100|[from] Stealth Rock\n|-fieldstart|move: Electric Terrain|[from] ability: Hadron Engine|[of] p1a: Miraidon\n|turn|12\n|\n|t:|1700845032\n|switch|p2a: Iron Treads|Iron Treads|44\/100\n|-activate|p2a: Iron Treads|ability: Quark Drive\n|-start|p2a: Iron Treads|quarkdrivespe\n|move|p1a: Miraidon|Draco Meteor|p2a: Iron Treads\n|-resisted|p2a: Iron Treads\n|-damage|p2a: Iron Treads|0 fnt\n|-unboost|p1a: Miraidon|spa|2\n|faint|p2a: Iron Treads\n|-end|p2a: Iron Treads|Quark Drive|[silent]\n|\n|-weather|SunnyDay|[upkeep]\n|upkeep\n|\n|t:|1700845034\n|switch|p2a: Zacian|Zacian-Crowned|100\/100\n|turn|13\n|\n|t:|1700845042\n|switch|p1a: Dondozo|Dondozo, M|68\/100\n|-damage|p1a: Dondozo|43\/100|[from] Spikes\n|-damage|p1a: Dondozo|31\/100|[from] Stealth Rock\n|move|p2a: Zacian|Swords Dance|p2a: Zacian\n|-boost|p2a: Zacian|atk|2\n|\n|-weather|SunnyDay|[upkeep]\n|upkeep\n|turn|14\n|\n|t:|1700845046\n|move|p2a: Zacian|Wild Charge|p1a: Dondozo\n|-supereffective|p1a: Dondozo\n|-damage|p1a: Dondozo|0 fnt\n|-damage|p2a: Zacian|84\/100|[from] item: Rocky Helmet|[of] p1a: Dondozo\n|faint|p1a: Dondozo\n|-damage|p2a: Zacian|72\/100|[from] Recoil\n|\n|-weather|none\n|upkeep\n|\n|t:|1700845065\n|switch|p1a: Kyogre|Kyogre|100\/100\n|-damage|p1a: Kyogre|75\/100|[from] Spikes\n|-damage|p1a: Kyogre|63\/100|[from] Stealth Rock\n|-weather|RainDance|[from] ability: Drizzle|[of] p1a: Kyogre\n|turn|15\n|\n|t:|1700845073\n|move|p2a: Zacian|Wild Charge|p1a: Kyogre\n|-supereffective|p1a: Kyogre\n|-damage|p1a: Kyogre|0 fnt\n|faint|p1a: Kyogre\n|-damage|p2a: Zacian|52\/100|[from] Recoil\n|\n|-weather|RainDance|[upkeep]\n|upkeep\n|l| Kyekep\n|\n|t:|1700845088\n|switch|p1a: Miraidon|Miraidon|63\/100\n|-damage|p1a: Miraidon|38\/100|[from] Spikes\n|-damage|p1a: Miraidon|26\/100|[from] Stealth Rock\n|-activate|p1a: Miraidon|ability: Hadron Engine\n|turn|16\n|\n|t:|1700845092\n|move|p1a: Miraidon|Electro Drift|p2a: Zacian\n|-damage|p2a: Zacian|0 fnt\n|faint|p2a: Zacian\n|\n|-weather|RainDance|[upkeep]\n|-fieldend|move: Electric Terrain\n|upkeep\n|\n|t:|1700845095\n|switch|p2a: Arceus|Arceus|100\/100\n|turn|17\n|\n|t:|1700845101\n|move|p1a: Miraidon|Electro Drift|p2a: Arceus\n|-damage|p2a: Arceus|63\/100\n|move|p2a: Arceus|Swords Dance|p2a: Arceus\n|-boost|p2a: Arceus|atk|2\n|\n|-weather|RainDance|[upkeep]\n|upkeep\n|turn|18\n|\n|t:|1700845107\n|move|p2a: Arceus|Extreme Speed|p1a: Miraidon\n|-damage|p1a: Miraidon|0 fnt\n|faint|p1a: Miraidon\n|\n|-weather|RainDance|[upkeep]\n|upkeep\n|\n|t:|1700845112\n|switch|p1a: Ting-Lu|Ting-Lu|100\/100\n|-damage|p1a: Ting-Lu|76\/100|[from] Spikes\n|-damage|p1a: Ting-Lu|69\/100|[from] Stealth Rock\n|-ability|p1a: Ting-Lu|Vessel of Ruin\n|turn|19\n|\n|t:|1700845129\n|-terastallize|p1a: Ting-Lu|Steel\n|move|p2a: Arceus|Extreme Speed|p1a: Ting-Lu\n|-resisted|p1a: Ting-Lu\n|-damage|p1a: Ting-Lu|42\/100\n|move|p1a: Ting-Lu|Ruination|p2a: Arceus\n|-damage|p2a: Arceus|32\/100\n|\n|-weather|none\n|-heal|p1a: Ting-Lu|48\/100|[from] item: Leftovers\n|upkeep\n|turn|20\n|\n|t:|1700845140\n|move|p2a: Arceus|Recover|p2a: Arceus\n|-heal|p2a: Arceus|82\/100\n|move|p1a: Ting-Lu|Earthquake|p2a: Arceus\n|-damage|p2a: Arceus|56\/100\n|\n|-heal|p1a: Ting-Lu|55\/100|[from] item: Leftovers\n|upkeep\n|turn|21\n|\n|t:|1700845151\n|move|p2a: Arceus|Shadow Claw|p1a: Ting-Lu\n|-damage|p1a: Ting-Lu|27\/100\n|move|p1a: Ting-Lu|Ruination|p2a: Arceus\n|-damage|p2a: Arceus|28\/100\n|\n|-heal|p1a: Ting-Lu|33\/100|[from] item: Leftovers\n|upkeep\n|turn|22\n|\n|t:|1700845160\n|move|p2a: Arceus|Recover|p2a: Arceus\n|-heal|p2a: Arceus|78\/100\n|move|p1a: Ting-Lu|Ruination|p2a: Arceus\n|-damage|p2a: Arceus|39\/100\n|\n|-heal|p1a: Ting-Lu|40\/100|[from] item: Leftovers\n|upkeep\n|turn|23\n|\n|t:|1700845170\n|move|p2a: Arceus|Swords Dance|p2a: Arceus\n|-boost|p2a: Arceus|atk|2\n|move|p1a: Ting-Lu|Ruination|p2a: Arceus\n|-damage|p2a: Arceus|20\/100\n|\n|-heal|p1a: Ting-Lu|46\/100|[from] item: Leftovers\n|upkeep\n|turn|24\n|\n|t:|1700845178\n|move|p2a: Arceus|Recover|p2a: Arceus\n|-heal|p2a: Arceus|70\/100\n|move|p1a: Ting-Lu|Ruination|p2a: Arceus\n|-damage|p2a: Arceus|35\/100\n|\n|-heal|p1a: Ting-Lu|52\/100|[from] item: Leftovers\n|upkeep\n|turn|25\n|\n|t:|1700845186\n|move|p2a: Arceus|Shadow Claw|p1a: Ting-Lu\n|-damage|p1a: Ting-Lu|9\/100\n|move|p1a: Ting-Lu|Ruination|p2a: Arceus\n|-damage|p2a: Arceus|18\/100\n|\n|-heal|p1a: Ting-Lu|15\/100|[from] item: Leftovers\n|upkeep\n|turn|26\n|\n|t:|1700845195\n|move|p1a: Ting-Lu|Protect|p1a: Ting-Lu\n|-singleturn|p1a: Ting-Lu|Protect\n|move|p2a: Arceus|Shadow Claw|p1a: Ting-Lu\n|-activate|p1a: Ting-Lu|move: Protect\n|\n|-heal|p1a: Ting-Lu|22\/100|[from] item: Leftovers\n|upkeep\n|turn|27\n|\n|t:|1700845204\n|move|p2a: Arceus|Shadow Claw|p1a: Ting-Lu\n|-damage|p1a: Ting-Lu|0 fnt\n|faint|p1a: Ting-Lu\n|\n|upkeep\n|\n|t:|1700845208\n|switch|p1a: Eternatus|Eternatus|100\/100\n|-ability|p1a: Eternatus|Pressure\n|turn|28\n|\n|t:|1700845214\n|-terastallize|p2a: Arceus|Normal\n|move|p2a: Arceus|Extreme Speed|p1a: Eternatus\n|-damage|p1a: Eternatus|0 fnt\n|faint|p1a: Eternatus\n|\n|win|dapply\n|n|\u2606SmilingTamamonomae|smilingtamamonomae\n|n|\u2606dapply|dapply\n|n|*Lady Monita \u2746|ladymonita\n|l|*Lady Monita \u2746\n|l|\u2606SmilingTamamonomae\n","uploadtime":1700845226,"views":8,"p1id":"smilingtamamonomae","p2id":"dapply","formatid":"gen9ubers","rating":0,"private":0,"password":""}