{"id":"gen9ubers-1985001382","p1":"Rubyboi711","p2":"SagittariusMoon","format":"[Gen 9] Ubers","log":"|j|\u2606Rubyboi711\n|j|\u2606SagittariusMoon\n|t:|1699319402\n|gametype|singles\n|player|p1|Rubyboi711|volkner|1200\n|player|p2|SagittariusMoon|101|1094\n|teamsize|p1|6\n|teamsize|p2|6\n|gen|9\n|tier|[Gen 9] Ubers\n|rated|\n|rule|Sleep Clause Mod: Limit one foe put to sleep\n|rule|Species Clause: Limit one of each Pok\u00e9mon\n|rule|OHKO Clause: OHKO moves are banned\n|rule|Evasion Items Clause: Evasion items are banned\n|rule|Evasion Moves Clause: Evasion moves are banned\n|rule|Endless Battle Clause: Forcing endless battles is banned\n|rule|HP Percentage Mod: HP is shown in percentages\n|clearpoke\n|poke|p1|Mewtwo|\n|poke|p1|Avalugg-Hisui, F|\n|poke|p1|Gliscor, M|\n|poke|p1|Koraidon|\n|poke|p1|Miraidon|\n|poke|p1|Arceus-Water|\n|poke|p2|Sneasler, F|\n|poke|p2|Kingambit, M|\n|poke|p2|Ursaluna-Bloodmoon, M|\n|poke|p2|Annihilape, M|\n|poke|p2|Zoroark-Hisui, M|\n|poke|p2|Gholdengo|\n|teampreview\n|\n|t:|1699319408\n|start\n|switch|p1a: Arceus|Arceus-Water|100\/100\n|switch|p2a: Sneasler|Sneasler, F|100\/100\n|turn|1\n|\n|t:|1699319424\n|move|p2a: Sneasler|Fake Out|p1a: Arceus\n|-enditem|p2a: Sneasler|Normal Gem|[from] gem\n|-damage|p1a: Arceus|85\/100\n|cant|p1a: Arceus|flinch\n|\n|upkeep\n|turn|2\n|\n|t:|1699319431\n|move|p2a: Sneasler|Close Combat|p1a: Arceus\n|-damage|p1a: Arceus|31\/100\n|-unboost|p2a: Sneasler|def|1\n|-unboost|p2a: Sneasler|spd|1\n|move|p1a: Arceus|Dragon Dance|p1a: Arceus\n|-boost|p1a: Arceus|atk|1\n|-boost|p1a: Arceus|spe|1\n|\n|upkeep\n|turn|3\n|\n|t:|1699319441\n|move|p2a: Sneasler|Close Combat|p1a: Arceus\n|-damage|p1a: Arceus|0 fnt\n|-unboost|p2a: Sneasler|def|1\n|-unboost|p2a: Sneasler|spd|1\n|faint|p1a: Arceus\n|\n|upkeep\n|\n|t:|1699319453\n|switch|p1a: Gliscor|Gliscor, M|100\/100\n|turn|4\n|inactive|Battle timer is ON: inactive players will automatically lose when time's up. (requested by SagittariusMoon)\n|\n|t:|1699319459\n|move|p2a: Sneasler|Dire Claw|p1a: Gliscor\n|-resisted|p1a: Gliscor\n|-damage|p1a: Gliscor|79\/100\n|move|p1a: Gliscor|Earthquake|p2a: Sneasler\n|-supereffective|p2a: Sneasler\n|-damage|p2a: Sneasler|0 fnt\n|faint|p2a: Sneasler\n|\n|-status|p1a: Gliscor|tox|[from] item: Toxic Orb\n|upkeep\n|\n|t:|1699319484\n|switch|p2a: Ursaluna|Ursaluna-Bloodmoon, M|100\/100\n|turn|5\n|\n|t:|1699319493\n|move|p1a: Gliscor|Swords Dance|p1a: Gliscor\n|-boost|p1a: Gliscor|atk|2\n|move|p2a: Ursaluna|Blood Moon|p1a: Gliscor\n|-damage|p1a: Gliscor|0 fnt\n|faint|p1a: Gliscor\n|\n|upkeep\n|\n|t:|1699319499\n|switch|p1a: Koraidon|Koraidon|100\/100\n|-weather|SunnyDay|[from] ability: Orichalcum Pulse|[of] p1a: Koraidon\n|-activate|p1a: Koraidon|Orichalcum Pulse|[source]\n|turn|6\n|\n|t:|1699319505\n|move|p1a: Koraidon|Flame Charge|p2a: Ursaluna\n|-damage|p2a: Ursaluna|77\/100\n|-boost|p1a: Koraidon|spe|1\n|move|p2a: Ursaluna|Moonblast|p1a: Koraidon\n|-supereffective|p1a: Koraidon\n|-damage|p1a: Koraidon|0 fnt\n|faint|p1a: Koraidon\n|\n|-weather|SunnyDay|[upkeep]\n|-heal|p2a: Ursaluna|83\/100|[from] item: Leftovers\n|upkeep\n|\n|t:|1699319517\n|switch|p1a: Mewtwo|Mewtwo|100\/100\n|-ability|p1a: Mewtwo|Pressure\n|turn|7\n|\n|t:|1699319533\n|switch|p2a: Gholdengo|Gholdengo|100\/100\n|move|p1a: Mewtwo|Grass Knot|p2a: Gholdengo\n|-damage|p2a: Gholdengo|10\/100\n|replace|p2a: Zoroark|Zoroark-Hisui, M\n|-end|p2a: Zoroark|Illusion\n|\n|-weather|SunnyDay|[upkeep]\n|upkeep\n|turn|8\n|\n|t:|1699319544\n|move|p1a: Mewtwo|Grass Knot|p2a: Zoroark\n|-damage|p2a: Zoroark|0 fnt\n|faint|p2a: Zoroark\n|\n|-weather|SunnyDay|[upkeep]\n|upkeep\n|\n|t:|1699319557\n|switch|p2a: Gholdengo|Gholdengo|100\/100\n|turn|9\n|\n|t:|1699319562\n|switch|p1a: Avalugg|Avalugg-Hisui, F|100\/100\n|move|p2a: Gholdengo|Shadow Ball|p1a: Avalugg\n|-damage|p1a: Avalugg|7\/100\n|\n|-weather|SunnyDay|[upkeep]\n|upkeep\n|turn|10\n|-enditem|p1a: Avalugg|Custap Berry|[eat]\n|-activate|p1a: Avalugg|item: Custap Berry|[consumed]\n|\n|t:|1699319572\n|move|p1a: Avalugg|Earthquake|p2a: Gholdengo\n|-supereffective|p2a: Gholdengo\n|-damage|p2a: Gholdengo|17\/100\n|move|p2a: Gholdengo|Shadow Ball|p1a: Avalugg\n|-damage|p1a: Avalugg|0 fnt\n|faint|p1a: Avalugg\n|\n|-weather|none\n|upkeep\n|\n|t:|1699319582\n|switch|p1a: Miraidon|Miraidon|100\/100\n|-fieldstart|move: Electric Terrain|[from] ability: Hadron Engine|[of] p1a: Miraidon\n|turn|11\n|\n|t:|1699319588\n|move|p1a: Miraidon|Electro Drift|p2a: Gholdengo\n|-damage|p2a: Gholdengo|0 fnt\n|faint|p2a: Gholdengo\n|\n|upkeep\n|\n|t:|1699319594\n|switch|p2a: Ursaluna|Ursaluna-Bloodmoon, M|83\/100\n|turn|12\n|\n|t:|1699319600\n|move|p1a: Miraidon|Draco Meteor|p2a: Ursaluna\n|-damage|p2a: Ursaluna|0 fnt\n|-unboost|p1a: Miraidon|spa|2\n|faint|p2a: Ursaluna\n|\n|upkeep\n|\n|t:|1699319609\n|switch|p2a: Annihilape|Annihilape, M|100\/100\n|turn|13\n|\n|t:|1699319615\n|switch|p1a: Mewtwo|Mewtwo|100\/100\n|-ability|p1a: Mewtwo|Pressure\n|move|p2a: Annihilape|Rage Fist|p1a: Mewtwo\n|-supereffective|p1a: Mewtwo\n|-damage|p1a: Mewtwo|39\/100\n|\n|upkeep\n|turn|14\n|\n|t:|1699319623\n|move|p1a: Mewtwo|Psystrike|p2a: Annihilape\n|-supereffective|p2a: Annihilape\n|-damage|p2a: Annihilape|0 fnt\n|faint|p2a: Annihilape\n|\n|upkeep\n|\n|t:|1699319629\n|switch|p2a: Kingambit|Kingambit, M|100\/100\n|-activate|p2a: Kingambit|ability: Supreme Overlord\n|-start|p2a: Kingambit|fallen5|[silent]\n|turn|15\n|\n|t:|1699319638\n|switch|p1a: Miraidon|Miraidon|100\/100\n|-activate|p1a: Miraidon|ability: Hadron Engine\n|move|p2a: Kingambit|Sucker Punch||[still]\n|-fail|p2a: Kingambit\n|\n|-fieldend|move: Electric Terrain\n|upkeep\n|turn|16\n|\n|t:|1699319648\n|-terastallize|p2a: Kingambit|Fairy\n|move|p1a: Miraidon|Overheat|p2a: Kingambit\n|-damage|p2a: Kingambit|54\/100\n|-unboost|p1a: Miraidon|spa|2\n|move|p2a: Kingambit|Tera Blast|p1a: Miraidon|[anim] Tera Blast Fairy\n|-supereffective|p1a: Miraidon\n|-damage|p1a: Miraidon|0 fnt\n|faint|p1a: Miraidon\n|\n|-heal|p2a: Kingambit|60\/100|[from] item: Leftovers\n|upkeep\n|\n|t:|1699319653\n|switch|p1a: Mewtwo|Mewtwo|39\/100\n|-ability|p1a: Mewtwo|Pressure\n|turn|17\n|\n|t:|1699319669\n|-terastallize|p1a: Mewtwo|Fire\n|move|p2a: Kingambit|Sucker Punch|p1a: Mewtwo\n|-damage|p1a: Mewtwo|0 fnt\n|faint|p1a: Mewtwo\n|\n|win|SagittariusMoon\n|raw|Rubyboi711's rating: 1200 &rarr; <strong>1168<\/strong><br \/>(-32 for losing)\n|raw|SagittariusMoon's rating: 1094 &rarr; <strong>1128<\/strong><br \/>(+34 for winning)\n","uploadtime":1699319672,"views":5,"p1id":"rubyboi711","p2id":"sagittariusmoon","formatid":"gen9ubers","rating":1128,"private":0,"password":""}