{"id":"gen9ubers-1998957560","p1":"Pee9ines","p2":"Anne Frankkkk","format":"[Gen 9] Ubers","log":"|j|\u2606Pee9ines\n|j|\u2606Anne Frankkkk\n|t:|1701017687\n|gametype|singles\n|player|p1|Pee9ines|101|1259\n|player|p2|Anne Frankkkk|hilbert|1192\n|teamsize|p1|6\n|teamsize|p2|6\n|gen|9\n|tier|[Gen 9] Ubers\n|rated|\n|rule|Sleep Clause Mod: Limit one foe put to sleep\n|rule|Species Clause: Limit one of each Pok\u00e9mon\n|rule|OHKO Clause: OHKO moves are banned\n|rule|Evasion Items Clause: Evasion items are banned\n|rule|Evasion Moves Clause: Evasion moves are banned\n|rule|Endless Battle Clause: Forcing endless battles is banned\n|rule|HP Percentage Mod: HP is shown in percentages\n|clearpoke\n|poke|p1|Miraidon|\n|poke|p1|Regieleki|\n|poke|p1|Cinderace, F|\n|poke|p1|Gholdengo|\n|poke|p1|Gliscor, M|\n|poke|p1|Kingambit, F|\n|poke|p2|Regieleki|\n|poke|p2|Kyogre|\n|poke|p2|Chien-Pao|\n|poke|p2|Ribombee, M|\n|poke|p2|Miraidon|\n|poke|p2|Flutter Mane|\n|teampreview\n|j| AkRAA22555\n|inactive|Battle timer is ON: inactive players will automatically lose when time's up. (requested by Anne Frankkkk)\n|inactive|Pee9ines has 120 seconds left.\n|\n|t:|1701017736\n|start\n|switch|p1a: Gholdengo|Gholdengo|100\/100\n|switch|p2a: Cyber Lizard|Miraidon|100\/100\n|-fieldstart|move: Electric Terrain|[from] ability: Hadron Engine|[of] p2a: Cyber Lizard\n|-item|p2a: Cyber Lizard|Air Balloon\n|turn|1\n|\n|t:|1701017744\n|switch|p1a: Gliscor|Gliscor, M|100\/100\n|move|p2a: Cyber Lizard|Calm Mind|p2a: Cyber Lizard\n|-boost|p2a: Cyber Lizard|spa|1\n|-boost|p2a: Cyber Lizard|spd|1\n|\n|-status|p1a: Gliscor|tox|[from] item: Toxic Orb\n|upkeep\n|turn|2\n|\n|t:|1701017750\n|move|p2a: Cyber Lizard|Protect|p2a: Cyber Lizard\n|-singleturn|p2a: Cyber Lizard|Protect\n|move|p1a: Gliscor|Toxic|p2a: Cyber Lizard\n|-activate|p2a: Cyber Lizard|move: Protect\n|\n|upkeep\n|turn|3\n|\n|t:|1701017756\n|move|p2a: Cyber Lizard|Dragon Pulse|p1a: Gliscor\n|-damage|p1a: Gliscor|0 fnt\n|faint|p1a: Gliscor\n|\n|upkeep\n|\n|t:|1701017768\n|switch|p1a: Kingambit|Kingambit, F|100\/100\n|-activate|p1a: Kingambit|ability: Supreme Overlord\n|-start|p1a: Kingambit|fallen1|[silent]\n|turn|4\n|\n|t:|1701017778\n|move|p2a: Cyber Lizard|Electro Drift|p1a: Kingambit\n|-damage|p1a: Kingambit|0 fnt\n|faint|p1a: Kingambit\n|-end|p1a: Kingambit|fallen1|[silent]\n|\n|upkeep\n|\n|t:|1701017782\n|switch|p1a: Miraidon|Miraidon|100\/100\n|-activate|p1a: Miraidon|ability: Hadron Engine\n|turn|5\n|inactive|Anne Frankkkk has 120 seconds left.\n|\n|t:|1701017836\n|-terastallize|p1a: Miraidon|Electric\n|move|p1a: Miraidon|Electro Drift|p2a: Cyber Lizard\n|-resisted|p2a: Cyber Lizard\n|-damage|p2a: Cyber Lizard|79\/100\n|-enditem|p2a: Cyber Lizard|Air Balloon\n|move|p2a: Cyber Lizard|Dragon Pulse|p1a: Miraidon\n|-damage|p1a: Miraidon|12\/100\n|\n|-fieldend|move: Electric Terrain\n|upkeep\n|turn|6\n|\n|t:|1701017851\n|switch|p1a: Regieleki|Regieleki|100\/100\n|-item|p1a: Regieleki|Air Balloon\n|move|p2a: Cyber Lizard|Dragon Pulse|p1a: Regieleki\n|-damage|p1a: Regieleki|0 fnt\n|-enditem|p1a: Regieleki|Air Balloon\n|faint|p1a: Regieleki\n|\n|upkeep\n|\n|t:|1701017859\n|switch|p1a: Miraidon|Miraidon, tera:Electric|12\/100\n|-fieldstart|move: Electric Terrain|[from] ability: Hadron Engine|[of] p1a: Miraidon\n|turn|7\n|\n|t:|1701017862\n|move|p1a: Miraidon|Draco Meteor|p2a: Cyber Lizard\n|-supereffective|p2a: Cyber Lizard\n|-damage|p2a: Cyber Lizard|0 fnt\n|-unboost|p1a: Miraidon|spa|2\n|faint|p2a: Cyber Lizard\n|\n|upkeep\n|inactive|Anne Frankkkk has 120 seconds left.\n|\n|t:|1701017869\n|switch|p2a: Bzzzzt|Regieleki, shiny|100\/100\n|turn|8\n|\n|t:|1701017881\n|switch|p1a: Gholdengo|Gholdengo|100\/100\n|move|p2a: Bzzzzt|Thunder Cage|p1a: Gholdengo|[miss]\n|-miss|p2a: Bzzzzt|p1a: Gholdengo\n|\n|upkeep\n|turn|9\n|\n|t:|1701017892\n|move|p2a: Bzzzzt|Thunder Cage|p1a: Gholdengo\n|-damage|p1a: Gholdengo|18\/100\n|-activate|p1a: Gholdengo|move: Thunder Cage|[of] p2a: Bzzzzt\n|move|p1a: Gholdengo|Make It Rain|p2a: Bzzzzt\n|-resisted|p2a: Bzzzzt\n|-damage|p2a: Bzzzzt|37\/100\n|-unboost|p1a: Gholdengo|spa|1\n|\n|-damage|p1a: Gholdengo|6\/100|[from] move: Thunder Cage|[partiallytrapped]\n|upkeep\n|turn|10\n|\n|t:|1701017903\n|move|p2a: Bzzzzt|Thunder Cage|p1a: Gholdengo\n|-damage|p1a: Gholdengo|0 fnt\n|faint|p1a: Gholdengo\n|\n|upkeep\n|\n|t:|1701017914\n|switch|p1a: Cinderace|Cinderace, F, shiny|100\/100\n|turn|11\n|\n|t:|1701017924\n|move|p1a: Cinderace|Gunk Shot|p2a: Bzzzzt\n|-start|p1a: Cinderace|typechange|Poison|[from] ability: Libero\n|-damage|p2a: Bzzzzt|0 fnt\n|faint|p2a: Bzzzzt\n|\n|-fieldend|move: Electric Terrain\n|upkeep\n|\n|t:|1701017937\n|switch|p2a: Misdreavius|Flutter Mane, shiny|100\/100\n|-enditem|p2a: Misdreavius|Booster Energy\n|-activate|p2a: Misdreavius|ability: Protosynthesis|[fromitem]\n|-start|p2a: Misdreavius|protosynthesisspe\n|turn|12\n|\n|t:|1701017943\n|move|p2a: Misdreavius|Shadow Ball|p1a: Cinderace\n|-damage|p1a: Cinderace|38\/100\n|move|p1a: Cinderace|Gunk Shot|p2a: Misdreavius\n|-damage|p2a: Misdreavius|0 fnt\n|faint|p2a: Misdreavius\n|-end|p2a: Misdreavius|Protosynthesis|[silent]\n|\n|upkeep\n|j| Dooopsdiiips\n|\n|t:|1701017947\n|switch|p2a: Ice Cat|Chien-Pao|100\/100\n|-ability|p2a: Ice Cat|Sword of Ruin\n|turn|13\n|\n|t:|1701017955\n|move|p2a: Ice Cat|Sucker Punch|p1a: Cinderace\n|-damage|p1a: Cinderace|0 fnt\n|faint|p1a: Cinderace\n|\n|upkeep\n|\n|t:|1701017957\n|switch|p1a: Miraidon|Miraidon, tera:Electric|12\/100\n|-fieldstart|move: Electric Terrain|[from] ability: Hadron Engine|[of] p1a: Miraidon\n|turn|14\n|\n|t:|1701017962\n|move|p2a: Ice Cat|Sucker Punch|p1a: Miraidon\n|-damage|p1a: Miraidon|0 fnt\n|faint|p1a: Miraidon\n|\n|win|Anne Frankkkk\n|raw|Pee9ines's rating: 1259 &rarr; <strong>1229<\/strong><br \/>(-30 for losing)\n|raw|Anne Frankkkk's rating: 1192 &rarr; <strong>1222<\/strong><br \/>(+30 for winning)\n","uploadtime":1701017967,"views":2,"p1id":"pee9ines","p2id":"annefrankkkk","formatid":"gen9ubers","rating":1222,"private":0,"password":""}