{"id":"gen9ubers-1995848099","p1":"Elix1","p2":"Jixel","format":"[Gen 9] Ubers","log":"|j|\u2606Elix1\n|j|\u2606Jixel\n|t:|1700609282\n|gametype|singles\n|player|p1|Elix1|volkner|\n|player|p2|Jixel|giovanni|\n|teamsize|p1|6\n|teamsize|p2|6\n|gen|9\n|tier|[Gen 9] Ubers\n|rule|Sleep Clause Mod: Limit one foe put to sleep\n|rule|Species Clause: Limit one of each Pok\u00e9mon\n|rule|OHKO Clause: OHKO moves are banned\n|rule|Evasion Items Clause: Evasion items are banned\n|rule|Evasion Moves Clause: Evasion moves are banned\n|rule|Endless Battle Clause: Forcing endless battles is banned\n|rule|HP Percentage Mod: HP is shown in percentages\n|clearpoke\n|poke|p1|Miraidon|\n|poke|p1|Flutter Mane|\n|poke|p1|Koraidon|\n|poke|p1|Shiftry, F|\n|poke|p1|Great Tusk|\n|poke|p1|Groudon|\n|poke|p2|Annihilape, F|\n|poke|p2|Iron Bundle|\n|poke|p2|Regieleki|\n|poke|p2|Iron Valiant|\n|poke|p2|Magearna|\n|poke|p2|Landorus, M|\n|teampreview\n|inactive|Battle timer is ON: inactive players will automatically lose when time's up. (requested by Elix1)\n|\n|t:|1700609298\n|start\n|switch|p1a: Koraidon|Koraidon|100\/100\n|switch|p2a: Iron Bundle|Iron Bundle|100\/100\n|-weather|SunnyDay|[from] ability: Orichalcum Pulse|[of] p1a: Koraidon\n|-activate|p1a: Koraidon|Orichalcum Pulse|[source]\n|-enditem|p2a: Iron Bundle|Booster Energy\n|-activate|p2a: Iron Bundle|ability: Quark Drive|[fromitem]\n|-start|p2a: Iron Bundle|quarkdrivespe\n|turn|1\n|\n|t:|1700609327\n|switch|p1a: Shiftry|Shiftry, F|100\/100\n|move|p2a: Iron Bundle|Ice Beam|p1a: Shiftry\n|-supereffective|p1a: Shiftry\n|-enditem|p1a: Shiftry|Focus Sash\n|-damage|p1a: Shiftry|1\/100\n|\n|-weather|SunnyDay|[upkeep]\n|upkeep\n|turn|2\n|\n|t:|1700609337\n|move|p1a: Shiftry|Sucker Punch|p2a: Iron Bundle\n|-damage|p2a: Iron Bundle|60\/100\n|move|p2a: Iron Bundle|Ice Beam|p1a: Shiftry\n|-supereffective|p1a: Shiftry\n|-damage|p1a: Shiftry|0 fnt\n|faint|p1a: Shiftry\n|\n|-weather|SunnyDay|[upkeep]\n|upkeep\n|\n|t:|1700609339\n|switch|p1a: Miraidon|Miraidon|100\/100\n|-fieldstart|move: Electric Terrain|[from] ability: Hadron Engine|[of] p1a: Miraidon\n|turn|3\n|\n|t:|1700609350\n|move|p2a: Iron Bundle|Ice Beam|p1a: Miraidon\n|-supereffective|p1a: Miraidon\n|-damage|p1a: Miraidon|25\/100\n|-enditem|p1a: Miraidon|Weakness Policy\n|-boost|p1a: Miraidon|atk|2|[from] item: Weakness Policy\n|-boost|p1a: Miraidon|spa|2|[from] item: Weakness Policy\n|move|p1a: Miraidon|Agility|p1a: Miraidon\n|-boost|p1a: Miraidon|spe|2\n|\n|-weather|SunnyDay|[upkeep]\n|upkeep\n|turn|4\n|\n|t:|1700609363\n|move|p1a: Miraidon|Parabolic Charge|p2a: Iron Bundle\n|-supereffective|p2a: Iron Bundle\n|-damage|p2a: Iron Bundle|0 fnt\n|-heal|p1a: Miraidon|47\/100|[from] drain|[of] p2a: Iron Bundle\n|faint|p2a: Iron Bundle\n|-end|p2a: Iron Bundle|Quark Drive|[silent]\n|\n|-weather|SunnyDay|[upkeep]\n|upkeep\n|inactive|Jixel has 270 seconds left.\n|\n|t:|1700609389\n|switch|p2a: Magearna|Magearna|100\/100\n|turn|5\n|\n|t:|1700609398\n|switch|p2a: Landorus|Landorus, M|100\/100\n|-terastallize|p1a: Miraidon|Fairy\n|move|p1a: Miraidon|Parabolic Charge|p2a: Landorus\n|-immune|p2a: Landorus\n|\n|-weather|none\n|upkeep\n|turn|6\n|\n|t:|1700609414\n|move|p1a: Miraidon|Dazzling Gleam|p2a: Landorus\n|-damage|p2a: Landorus|0 fnt\n|faint|p2a: Landorus\n|\n|upkeep\n|inactive|Jixel has 270 seconds left.\n|\n|t:|1700609426\n|switch|p2a: Regieleki|Regieleki|100\/100\n|turn|7\n|\n|t:|1700609435\n|move|p1a: Miraidon|Parabolic Charge|p2a: Regieleki\n|-resisted|p2a: Regieleki\n|-damage|p2a: Regieleki|0 fnt\n|-heal|p1a: Miraidon|91\/100|[from] drain|[of] p2a: Regieleki\n|faint|p2a: Regieleki\n|\n|-fieldend|move: Electric Terrain\n|upkeep\n|\n|t:|1700609446\n|switch|p2a: Magearna|Magearna|100\/100\n|turn|8\n|inactive|Jixel has 270 seconds left.\n|\n|t:|1700609486\n|move|p1a: Miraidon|Parabolic Charge|p2a: Magearna\n|-damage|p2a: Magearna|37\/100\n|-heal|p1a: Miraidon|100\/100|[from] drain|[of] p2a: Magearna\n|move|p2a: Magearna|Calm Mind|p2a: Magearna\n|-boost|p2a: Magearna|spa|1\n|-boost|p2a: Magearna|spd|1\n|\n|upkeep\n|turn|9\n|\n|t:|1700609491\n|move|p1a: Miraidon|Parabolic Charge|p2a: Magearna\n|-damage|p2a: Magearna|0 fnt\n|faint|p2a: Magearna\n|\n|upkeep\n|\n|t:|1700609499\n|switch|p2a: Iron Valiant|Iron Valiant|100\/100\n|-enditem|p2a: Iron Valiant|Booster Energy\n|-activate|p2a: Iron Valiant|ability: Quark Drive|[fromitem]\n|-start|p2a: Iron Valiant|quarkdrivespe\n|turn|10\n|\n|t:|1700609505\n|-terastallize|p2a: Iron Valiant|Fairy\n|move|p1a: Miraidon|Dazzling Gleam|p2a: Iron Valiant\n|-damage|p2a: Iron Valiant|0 fnt\n|faint|p2a: Iron Valiant\n|-end|p2a: Iron Valiant|Quark Drive|[silent]\n|\n|upkeep\n|\n|t:|1700609510\n|switch|p2a: Annihilape|Annihilape, F|100\/100\n|turn|11\n|\n|t:|1700609513\n|move|p1a: Miraidon|Dazzling Gleam|p2a: Annihilape\n|-supereffective|p2a: Annihilape\n|-damage|p2a: Annihilape|0 fnt\n|faint|p2a: Annihilape\n|\n|win|Elix1\n","uploadtime":1700609517,"views":11,"p1id":"elix1","p2id":"jixel","formatid":"gen9ubers","rating":0,"private":0,"password":""}