{"id":"gen9ubers-1974755311","p1":"sdfwere","p2":"Kinesquared","format":"[Gen 9] Ubers","log":"|j|\u2606sdfwere\n|j|\u2606Kinesquared\n|t:|1698118146\n|gametype|singles\n|player|p1|sdfwere|101|\n|player|p2|Kinesquared|scientist-gen4dp|\n|teamsize|p1|6\n|teamsize|p2|6\n|gen|9\n|tier|[Gen 9] Ubers\n|rule|Sleep Clause Mod: Limit one foe put to sleep\n|rule|Species Clause: Limit one of each Pok\u00e9mon\n|rule|OHKO Clause: OHKO moves are banned\n|rule|Evasion Items Clause: Evasion items are banned\n|rule|Evasion Moves Clause: Evasion moves are banned\n|rule|Endless Battle Clause: Forcing endless battles is banned\n|rule|HP Percentage Mod: HP is shown in percentages\n|clearpoke\n|poke|p1|Rillaboom, F|\n|poke|p1|Shaymin-Sky|\n|poke|p1|Volcarona, M|\n|poke|p1|Goodra-Hisui, M|\n|poke|p1|Arceus-Grass|\n|poke|p1|Cyclizar, F|\n|poke|p2|Magearna|\n|poke|p2|Ursaluna, M|\n|poke|p2|Dialga|\n|poke|p2|Hoopa-Unbound|\n|poke|p2|Cinderace, M|\n|poke|p2|Arceus-Poison|\n|teampreview\n|c|\u2606Kinesquared|yo\n|c|\u2606Kinesquared|we meet again\n|\n|t:|1698118175\n|start\n|switch|p1a: Cyclizar|Cyclizar, F|100\/100\n|switch|p2a: Magearna|Magearna|100\/100\n|turn|1\n|\n|t:|1698118182\n|move|p1a: Cyclizar|Shed Tail|p1a: Cyclizar\n|-start|p1a: Cyclizar|Substitute|[from] move: Shed Tail\n|-damage|p1a: Cyclizar|50\/100\n|\n|t:|1698118186\n|switch|p1a: Volcarona|Volcarona, M|100\/100|[from] Shed Tail\n|move|p2a: Magearna|Fleur Cannon|p1a: Volcarona\n|-resisted|p1a: Volcarona\n|-activate|p1a: Volcarona|move: Substitute|[damage]\n|-unboost|p2a: Magearna|spa|2\n|\n|upkeep\n|turn|2\n|\n|t:|1698118197\n|move|p1a: Volcarona|Quiver Dance|p1a: Volcarona\n|-boost|p1a: Volcarona|spa|1\n|-boost|p1a: Volcarona|spd|1\n|-boost|p1a: Volcarona|spe|1\n|move|p2a: Magearna|Encore|p1a: Volcarona\n|-start|p1a: Volcarona|Encore\n|\n|upkeep\n|turn|3\n|\n|t:|1698118213\n|move|p1a: Volcarona|Quiver Dance|p1a: Volcarona\n|-boost|p1a: Volcarona|spa|1\n|-boost|p1a: Volcarona|spd|1\n|-boost|p1a: Volcarona|spe|1\n|move|p2a: Magearna|Trick Room|p2a: Magearna\n|-fieldstart|move: Trick Room|[of] p2a: Magearna\n|\n|upkeep\n|turn|4\n|\n|t:|1698118223\n|move|p2a: Magearna|Volt Switch|p1a: Volcarona\n|-end|p1a: Volcarona|Substitute\n|j| PinkScourge\n|\n|t:|1698118230\n|switch|p2a: Ursaluna|Ursaluna, M|100\/100|[from] Volt Switch\n|move|p1a: Volcarona|Quiver Dance|p1a: Volcarona\n|-boost|p1a: Volcarona|spa|1\n|-boost|p1a: Volcarona|spd|1\n|-boost|p1a: Volcarona|spe|1\n|\n|-status|p2a: Ursaluna|brn|[from] item: Flame Orb\n|upkeep\n|turn|5\n|\n|t:|1698118239\n|switch|p1a: Goodra|Goodra-Hisui, M|100\/100\n|move|p2a: Ursaluna|Facade|p1a: Goodra\n|-resisted|p1a: Goodra\n|-damage|p1a: Goodra|39\/100\n|\n|-heal|p1a: Goodra|45\/100|[from] item: Leftovers\n|-damage|p2a: Ursaluna|94\/100 brn|[from] brn\n|upkeep\n|turn|6\n|\n|t:|1698118251\n|move|p2a: Ursaluna|Facade|p1a: Goodra\n|-resisted|p1a: Goodra\n|-damage|p1a: Goodra|0 fnt\n|faint|p1a: Goodra\n|\n|-damage|p2a: Ursaluna|88\/100 brn|[from] brn\n|upkeep\n|\n|t:|1698118253\n|switch|p1a: Arceus|Arceus-Grass|100\/100\n|turn|7\n|j| Chorosso\n|\n|t:|1698118267\n|-terastallize|p2a: Ursaluna|Normal\n|move|p2a: Ursaluna|Facade|p1a: Arceus\n|-damage|p1a: Arceus|0 fnt\n|faint|p1a: Arceus\n|\n|-damage|p2a: Ursaluna|82\/100 brn|[from] brn\n|-fieldend|move: Trick Room\n|upkeep\n|\n|t:|1698118273\n|switch|p1a: Shaymin|Shaymin-Sky|100\/100\n|turn|8\n|\n|t:|1698118281\n|move|p1a: Shaymin|Air Slash|p2a: Ursaluna\n|-damage|p2a: Ursaluna|52\/100 brn\n|move|p2a: Ursaluna|Facade|p1a: Shaymin\n|-damage|p1a: Shaymin|0 fnt\n|faint|p1a: Shaymin\n|\n|-damage|p2a: Ursaluna|46\/100 brn|[from] brn\n|upkeep\n|\n|t:|1698118294\n|switch|p1a: Cyclizar|Cyclizar, F|84\/100\n|turn|9\n|\n|t:|1698118298\n|move|p1a: Cyclizar|Shed Tail|p1a: Cyclizar\n|-start|p1a: Cyclizar|Substitute|[from] move: Shed Tail\n|-damage|p1a: Cyclizar|34\/100\n|\n|t:|1698118299\n|switch|p1a: Volcarona|Volcarona, M|100\/100|[from] Shed Tail\n|move|p2a: Ursaluna|Facade|p1a: Volcarona\n|-crit|p1a: Volcarona\n|-end|p1a: Volcarona|Substitute\n|\n|-damage|p2a: Ursaluna|40\/100 brn|[from] brn\n|upkeep\n|turn|10\n|\n|t:|1698118322\n|switch|p2a: Magearna|Magearna|100\/100\n|move|p1a: Volcarona|Substitute|p1a: Volcarona\n|-start|p1a: Volcarona|Substitute\n|-damage|p1a: Volcarona|76\/100\n|\n|-heal|p1a: Volcarona|82\/100|[from] item: Leftovers\n|upkeep\n|turn|11\n|\n|t:|1698118329\n|move|p1a: Volcarona|Fiery Dance|p2a: Magearna\n|-supereffective|p2a: Magearna\n|-damage|p2a: Magearna|38\/100\n|move|p2a: Magearna|Trick Room|p2a: Magearna\n|-fieldstart|move: Trick Room|[of] p2a: Magearna\n|\n|-heal|p2a: Magearna|44\/100|[from] item: Leftovers\n|-heal|p1a: Volcarona|88\/100|[from] item: Leftovers\n|upkeep\n|turn|12\n|l| Chorosso\n|\n|t:|1698118338\n|move|p2a: Magearna|Fleur Cannon|p1a: Volcarona|[miss]\n|-miss|p2a: Magearna|p1a: Volcarona\n|move|p1a: Volcarona|Fiery Dance|p2a: Magearna\n|-supereffective|p2a: Magearna\n|-damage|p2a: Magearna|0 fnt\n|-boost|p1a: Volcarona|spa|1\n|faint|p2a: Magearna\n|\n|-heal|p1a: Volcarona|94\/100|[from] item: Leftovers\n|upkeep\n|\n|t:|1698118352\n|switch|p2a: Cinderace|Cinderace, M|100\/100\n|turn|13\n|\n|t:|1698118355\n|move|p1a: Volcarona|Substitute|p1a: Volcarona\n|-fail|p1a: Volcarona|move: Substitute\n|move|p2a: Cinderace|Pyro Ball|p1a: Volcarona\n|-end|p1a: Volcarona|Substitute\n|\n|-heal|p1a: Volcarona|99\/100|[from] item: Leftovers\n|upkeep\n|turn|14\n|\n|t:|1698118363\n|move|p1a: Volcarona|Substitute|p1a: Volcarona\n|-start|p1a: Volcarona|Substitute\n|-damage|p1a: Volcarona|75\/100\n|move|p2a: Cinderace|Pyro Ball|p1a: Volcarona\n|-crit|p1a: Volcarona\n|-end|p1a: Volcarona|Substitute\n|\n|-heal|p1a: Volcarona|82\/100|[from] item: Leftovers\n|upkeep\n|turn|15\n|\n|t:|1698118375\n|move|p1a: Volcarona|Quiver Dance|p1a: Volcarona\n|-boost|p1a: Volcarona|spa|1\n|-boost|p1a: Volcarona|spd|1\n|-boost|p1a: Volcarona|spe|1\n|move|p2a: Cinderace|Pyro Ball|p1a: Volcarona\n|-damage|p1a: Volcarona|0 fnt\n|faint|p1a: Volcarona\n|\n|-fieldend|move: Trick Room\n|upkeep\n|\n|t:|1698118379\n|switch|p1a: Cyclizar|Cyclizar, F|67\/100\n|turn|16\n|\n|t:|1698118385\n|move|p1a: Cyclizar|Knock Off|p2a: Cinderace\n|-damage|p2a: Cinderace|70\/100\n|-enditem|p2a: Cinderace|Heavy-Duty Boots|[from] move: Knock Off|[of] p1a: Cyclizar\n|move|p2a: Cinderace|U-turn|p1a: Cyclizar\n|-start|p2a: Cinderace|typechange|Bug|[from] ability: Libero\n|-damage|p1a: Cyclizar|15\/100\n|\n|t:|1698118399\n|switch|p2a: Dialga|Dialga|100\/100|[from] U-turn\n|-ability|p2a: Dialga|Pressure\n|\n|upkeep\n|turn|17\n|\n|t:|1698118404\n|move|p1a: Cyclizar|Taunt|p2a: Dialga\n|-start|p2a: Dialga|move: Taunt\n|cant|p2a: Dialga|move: Taunt|Trick Room\n|\n|upkeep\n|turn|18\n|\n|t:|1698118408\n|move|p1a: Cyclizar|Knock Off|p2a: Dialga\n|-damage|p2a: Dialga|85\/100\n|-enditem|p2a: Dialga|Life Orb|[from] move: Knock Off|[of] p1a: Cyclizar\n|move|p2a: Dialga|Flash Cannon|p1a: Cyclizar\n|-damage|p1a: Cyclizar|0 fnt\n|faint|p1a: Cyclizar\n|\n|upkeep\n|l| PinkScourge\n|\n|t:|1698118410\n|switch|p1a: Rillaboom|Rillaboom, F|100\/100\n|-fieldstart|move: Grassy Terrain|[from] ability: Grassy Surge|[of] p1a: Rillaboom\n|turn|19\n|\n|t:|1698118421\n|move|p2a: Dialga|Flash Cannon|p1a: Rillaboom\n|-damage|p1a: Rillaboom|40\/100\n|move|p1a: Rillaboom|Swords Dance|p1a: Rillaboom\n|-boost|p1a: Rillaboom|atk|2\n|\n|-heal|p2a: Dialga|91\/100|[from] Grassy Terrain\n|-heal|p1a: Rillaboom|46\/100|[from] Grassy Terrain\n|-end|p2a: Dialga|move: Taunt\n|upkeep\n|turn|20\n|\n|t:|1698118429\n|move|p2a: Dialga|Flash Cannon|p1a: Rillaboom\n|-damage|p1a: Rillaboom|0 fnt\n|faint|p1a: Rillaboom\n|\n|win|Kinesquared\n|c|\u2606Kinesquared|gg\n|l|\u2606sdfwere\n","uploadtime":1698118435,"views":22,"p1id":"sdfwere","p2id":"kinesquared","formatid":"gen9ubers","rating":0,"private":0,"password":""}