{"id":"gen9ubers-1995227223","p1":"professional asian","p2":"Aerofiend","format":"[Gen 9] Ubers","log":"|j|\u2606professional asian\n|j|\u2606Aerofiend\n|t:|1700537065\n|gametype|singles\n|player|p1|professional asian|brock|1116\n|player|p2|Aerofiend|n|1184\n|teamsize|p1|6\n|teamsize|p2|6\n|gen|9\n|tier|[Gen 9] Ubers\n|rated|\n|rule|Sleep Clause Mod: Limit one foe put to sleep\n|rule|Species Clause: Limit one of each Pok\u00e9mon\n|rule|OHKO Clause: OHKO moves are banned\n|rule|Evasion Items Clause: Evasion items are banned\n|rule|Evasion Moves Clause: Evasion moves are banned\n|rule|Endless Battle Clause: Forcing endless battles is banned\n|rule|HP Percentage Mod: HP is shown in percentages\n|clearpoke\n|poke|p1|Toxapex, M|\n|poke|p1|Arboliva, M|\n|poke|p1|Darkrai|\n|poke|p1|Basculegion, M|\n|poke|p1|Kyogre|\n|poke|p1|Zacian-*|\n|poke|p2|Sneasler, F|\n|poke|p2|Annihilape, M|\n|poke|p2|Landorus, M|\n|poke|p2|Iron Bundle|\n|poke|p2|Zamazenta-*|\n|poke|p2|Chien-Pao|\n|teampreview\n|inactive|Battle timer is ON: inactive players will automatically lose when time's up. (requested by professional asian)\n|c|\u2606professional asian|idk what I'm doing with this team btw\n|c|\u2606professional asian|just for fun\n|inactive|professional asian has 120 seconds left.\n|c|\u2606professional asian|and annoying people\n|\n|t:|1700537105\n|start\n|switch|p1a: Arboliva|Arboliva, M|100\/100\n|switch|p2a: Renji|Landorus, M|100\/100\n|turn|1\n|c|\u2606Aerofiend|I made a bleach team lol\n|c|\u2606Aerofiend|I'm just kinda goofin' around\n|inactive|professional asian has 120 seconds left.\n|\n|t:|1700537138\n|move|p2a: Renji|Stealth Rock|p1a: Arboliva\n|-sidestart|p1: professional asian|move: Stealth Rock\n|move|p1a: Arboliva|Leech Seed|p2a: Renji\n|-start|p2a: Renji|move: Leech Seed\n|\n|-damage|p2a: Renji|88\/100|[from] Leech Seed|[of] p1a: Arboliva\n|upkeep\n|turn|2\n|c|\u2606professional asian|same\n|\n|t:|1700537150\n|switch|p2a: Rukia|Chien-Pao|100\/100\n|-ability|p2a: Rukia|Sword of Ruin\n|move|p1a: Arboliva|Protect||[still]\n|-fail|p1a: Arboliva\n|\n|upkeep\n|turn|3\n|\n|t:|1700537161\n|move|p1a: Arboliva|Protect|p1a: Arboliva\n|-singleturn|p1a: Arboliva|Protect\n|move|p2a: Rukia|Icicle Crash|p1a: Arboliva\n|-activate|p1a: Arboliva|move: Protect\n|\n|upkeep\n|turn|4\n|inactive|professional asian has 120 seconds left.\n|\n|t:|1700537177\n|switch|p1a: Toxapex|Toxapex, M|100\/100\n|-damage|p1a: Toxapex|88\/100|[from] Stealth Rock\n|move|p2a: Rukia|Sacred Sword|p1a: Toxapex\n|-resisted|p1a: Toxapex\n|-damage|p1a: Toxapex|71\/100\n|\n|-heal|p1a: Toxapex|77\/100|[from] item: Leftovers\n|upkeep\n|turn|5\n|inactive|professional asian has 120 seconds left.\n|\n|t:|1700537197\n|switch|p2a: Renji|Landorus, M|88\/100\n|move|p1a: Toxapex|Infestation|p2a: Renji\n|-resisted|p2a: Renji\n|-damage|p2a: Renji|87\/100\n|-activate|p2a: Renji|move: Infestation|[of] p1a: Toxapex\n|\n|-heal|p1a: Toxapex|84\/100|[from] item: Leftovers\n|-damage|p2a: Renji|74\/100|[from] move: Infestation|[partiallytrapped]\n|upkeep\n|turn|6\n|inactive|professional asian has 120 seconds left.\n|\n|t:|1700537217\n|move|p1a: Toxapex|Baneful Bunker|p1a: Toxapex\n|-singleturn|p1a: Toxapex|move: Protect\n|move|p2a: Renji|Psychic|p1a: Toxapex\n|-activate|p1a: Toxapex|move: Protect\n|\n|-heal|p1a: Toxapex|90\/100|[from] item: Leftovers\n|-damage|p2a: Renji|62\/100|[from] move: Infestation|[partiallytrapped]\n|upkeep\n|turn|7\n|inactive|professional asian has 120 seconds left.\n|\n|t:|1700537225\n|switch|p1a: Arboliva|Arboliva, M|100\/100\n|-damage|p1a: Arboliva|88\/100|[from] Stealth Rock\n|move|p2a: Renji|Psychic|p1a: Arboliva\n|-damage|p1a: Arboliva|50\/100\n|\n|-end|p2a: Renji|Infestation|[partiallytrapped]|[silent]\n|upkeep\n|turn|8\n|\n|t:|1700537236\n|move|p2a: Renji|Psychic|p1a: Arboliva\n|-damage|p1a: Arboliva|10\/100\n|-enditem|p1a: Arboliva|Aguav Berry|[eat]\n|-heal|p1a: Arboliva|43\/100|[from] item: Aguav Berry\n|move|p1a: Arboliva|Leech Seed|p2a: Renji\n|-start|p2a: Renji|move: Leech Seed\n|\n|-damage|p2a: Renji|50\/100|[from] Leech Seed|[of] p1a: Arboliva\n|-heal|p1a: Arboliva|57\/100|[silent]\n|-item|p1a: Arboliva|Aguav Berry|[from] ability: Harvest\n|upkeep\n|turn|9\n|\n|t:|1700537247\n|switch|p2a: Rukia|Chien-Pao|100\/100\n|-ability|p2a: Rukia|Sword of Ruin\n|move|p1a: Arboliva|Substitute|p1a: Arboliva\n|-start|p1a: Arboliva|Substitute\n|-damage|p1a: Arboliva|32\/100\n|\n|upkeep\n|turn|10\n|inactive|professional asian has 120 seconds left.\n|\n|t:|1700537267\n|move|p1a: Arboliva|Protect|p1a: Arboliva\n|-singleturn|p1a: Arboliva|Protect\n|move|p2a: Rukia|Sacred Sword|p1a: Arboliva\n|-activate|p1a: Arboliva|move: Protect\n|\n|upkeep\n|turn|11\n|\n|t:|1700537281\n|move|p2a: Rukia|Sacred Sword|p1a: Arboliva\n|-supereffective|p1a: Arboliva\n|-end|p1a: Arboliva|Substitute\n|move|p1a: Arboliva|Leech Seed|p2a: Rukia\n|-start|p2a: Rukia|move: Leech Seed\n|\n|-damage|p2a: Rukia|88\/100|[from] Leech Seed|[of] p1a: Arboliva\n|-heal|p1a: Arboliva|44\/100|[silent]\n|upkeep\n|turn|12\n|\n|t:|1700537294\n|move|p1a: Arboliva|Protect|p1a: Arboliva\n|-singleturn|p1a: Arboliva|Protect\n|move|p2a: Rukia|Sacred Sword|p1a: Arboliva\n|-activate|p1a: Arboliva|move: Protect\n|\n|-damage|p2a: Rukia|76\/100|[from] Leech Seed|[of] p1a: Arboliva\n|-heal|p1a: Arboliva|57\/100|[silent]\n|upkeep\n|turn|13\n|\n|t:|1700537305\n|switch|p1a: Toxapex|Toxapex, M|100\/100\n|-damage|p1a: Toxapex|88\/100|[from] Stealth Rock\n|move|p2a: Rukia|Icicle Crash|p1a: Toxapex\n|-resisted|p1a: Toxapex\n|-damage|p1a: Toxapex|65\/100\n|\n|-heal|p1a: Toxapex|72\/100|[from] item: Leftovers\n|-damage|p2a: Rukia|64\/100|[from] Leech Seed|[of] p1a: Toxapex\n|-heal|p1a: Toxapex|87\/100|[silent]\n|upkeep\n|turn|14\n|\n|t:|1700537317\n|switch|p2a: Renji|Landorus, M|50\/100\n|move|p1a: Toxapex|Toxic|p2a: Renji\n|-status|p2a: Renji|tox\n|\n|-heal|p1a: Toxapex|93\/100|[from] item: Leftovers\n|-damage|p2a: Renji|44\/100 tox|[from] psn\n|upkeep\n|turn|15\n|c|\u2606Aerofiend|yeah that arboliva is reallly annoying lol\n|\n|t:|1700537328\n|move|p1a: Toxapex|Baneful Bunker|p1a: Toxapex\n|-singleturn|p1a: Toxapex|move: Protect\n|move|p2a: Renji|Psychic|p1a: Toxapex\n|-activate|p1a: Toxapex|move: Protect\n|\n|-heal|p1a: Toxapex|99\/100|[from] item: Leftovers\n|-damage|p2a: Renji|32\/100 tox|[from] psn\n|upkeep\n|turn|16\n|c|\u2606professional asian|ikr\n|\n|t:|1700537339\n|switch|p1a: Darkrai|Darkrai|100\/100\n|-damage|p1a: Darkrai|88\/100|[from] Stealth Rock\n|move|p2a: Renji|Psychic|p1a: Darkrai\n|-immune|p1a: Darkrai\n|\n|-damage|p2a: Renji|14\/100 tox|[from] psn\n|upkeep\n|turn|17\n|\n|t:|1700537348\n|move|p1a: Darkrai|Substitute|p1a: Darkrai\n|-start|p1a: Darkrai|Substitute\n|-damage|p1a: Darkrai|63\/100\n|move|p2a: Renji|Earth Power|p1a: Darkrai\n|-end|p1a: Darkrai|Substitute\n|\n|-damage|p2a: Renji|0 fnt|[from] psn\n|faint|p2a: Renji\n|upkeep\n|c|\u2606Aerofiend|just how many stall mons do you have\n|c|\u2606professional asian|a lot\n|c|\u2606professional asian|only 3 tho\n|c|\u2606Aerofiend|ok\n|\n|t:|1700537374\n|switch|p2a: Soi Fon|Sneasler, F, shiny|100\/100\n|turn|18\n|c|\u2606professional asian|oh no\n|c|\u2606professional asian|not this beast\n|\n|t:|1700537384\n|move|p2a: Soi Fon|Fake Out|p1a: Darkrai\n|-enditem|p2a: Soi Fon|Normal Gem|[from] gem\n|-damage|p1a: Darkrai|37\/100\n|cant|p1a: Darkrai|flinch\n|\n|upkeep\n|turn|19\n|c|\u2606Aerofiend|lol\n|c|\u2606Aerofiend|yes\n|c|\u2606professional asian|and now\n|c|\u2606professional asian|double speed\n|c|\u2606Aerofiend|yes\n|inactive|Aerofiend has 120 seconds left.\n|\n|t:|1700537406\n|move|p2a: Soi Fon|Close Combat|p1a: Darkrai\n|-supereffective|p1a: Darkrai\n|-damage|p1a: Darkrai|0 fnt\n|-unboost|p2a: Soi Fon|def|1\n|-unboost|p2a: Soi Fon|spd|1\n|faint|p1a: Darkrai\n|\n|upkeep\n|c|\u2606professional asian|imma use that\n|c|\u2606professional asian|that's kinda broken\n|c|\u2606Aerofiend|fake out normal gem\n|\n|t:|1700537421\n|switch|p1a: Toxapex|Toxapex, M|100\/100\n|-damage|p1a: Toxapex|88\/100|[from] Stealth Rock\n|turn|20\n|c|\u2606professional asian|ik\n|c|\u2606professional asian|so boost the fake out\n|c|\u2606professional asian|and double speed\n|c|\u2606Aerofiend|yup\n|inactive|Aerofiend has 120 seconds left.\n|inactive|professional asian has 120 seconds left.\n|c|\u2606professional asian|but I use indeedee psychic surge with sneasler\n|c|\u2606professional asian|so no priority too\n|c|\u2606professional asian|using psychic seed\n|c|\u2606Aerofiend|could go white herb close combat\n|inactive|professional asian has 90 seconds left.\n|c|\u2606professional asian|ya true but I want the boost and no priority with psychic seed\n|c|\u2606Aerofiend|that's fair\n|\n|t:|1700537488\n|move|p2a: Soi Fon|Shadow Claw|p1a: Toxapex\n|-damage|p1a: Toxapex|65\/100\n|move|p1a: Toxapex|Infestation|p2a: Soi Fon\n|-resisted|p2a: Soi Fon\n|-damage|p2a: Soi Fon|99\/100\n|-activate|p2a: Soi Fon|move: Infestation|[of] p1a: Toxapex\n|\n|-heal|p1a: Toxapex|71\/100|[from] item: Leftovers\n|-damage|p2a: Soi Fon|87\/100|[from] move: Infestation|[partiallytrapped]\n|upkeep\n|turn|21\n|c|\u2606Aerofiend|I've seen it with electric seed a lot\n|inactive|Aerofiend has 120 seconds left.\n|c|\u2606professional asian|miraidon?\n|\n|t:|1700537507\n|move|p2a: Soi Fon|Shadow Claw|p1a: Toxapex\n|-crit|p1a: Toxapex\n|-damage|p1a: Toxapex|38\/100\n|move|p1a: Toxapex|Recover|p1a: Toxapex\n|-heal|p1a: Toxapex|88\/100\n|\n|-heal|p1a: Toxapex|94\/100|[from] item: Leftovers\n|-damage|p2a: Soi Fon|75\/100|[from] move: Infestation|[partiallytrapped]\n|upkeep\n|turn|22\n|c|\u2606Aerofiend|yeah\n|inactive|Aerofiend has 120 seconds left.\n|c|\u2606professional asian|could be really good\n|c|\u2606Aerofiend|been seeing a lot of miraidon and koraidon in ubers\n|c|\u2606Aerofiend|like on the same team\n|inactive|professional asian has 60 seconds left.\n|c|\u2606professional asian|but the priority block and double speed is insane\n|c|\u2606Aerofiend|oh for sure\n|c|\u2606Aerofiend|I hadn't thought about that honestly\n|\n|t:|1700537549\n|move|p2a: Soi Fon|Shadow Claw|p1a: Toxapex\n|-damage|p1a: Toxapex|71\/100\n|move|p1a: Toxapex|Recover|p1a: Toxapex\n|-heal|p1a: Toxapex|100\/100\n|\n|-damage|p2a: Soi Fon|62\/100|[from] move: Infestation|[partiallytrapped]\n|upkeep\n|turn|23\n|c|\u2606Aerofiend|I just was like huh if bleach characters were in pokemon who would they be\n|inactive|Aerofiend has 90 seconds left.\n|\n|t:|1700537565\n|switch|p1a: Arboliva|Arboliva, M|57\/100\n|-damage|p1a: Arboliva|44\/100|[from] Stealth Rock\n|move|p2a: Soi Fon|Shadow Claw|p1a: Arboliva\n|-immune|p1a: Arboliva\n|\n|-end|p2a: Soi Fon|Infestation|[partiallytrapped]|[silent]\n|upkeep\n|turn|24\n|\n|t:|1700537577\n|switch|p2a: Ichigo|Annihilape, M|100\/100\n|move|p1a: Arboliva|Protect||[still]\n|-fail|p1a: Arboliva\n|\n|upkeep\n|turn|25\n|\n|t:|1700537586\n|move|p2a: Ichigo|Taunt|p1a: Arboliva\n|-start|p1a: Arboliva|move: Taunt\n|cant|p1a: Arboliva|move: Taunt|Substitute\n|\n|upkeep\n|turn|26\n|c|\u2606professional asian|nooooooooo\n|c|\u2606professional asian|:(\n|\n|t:|1700537596\n|switch|p1a: Toxapex|Toxapex, M|100\/100\n|-damage|p1a: Toxapex|88\/100|[from] Stealth Rock\n|move|p2a: Ichigo|Bulk Up|p2a: Ichigo\n|-boost|p2a: Ichigo|atk|1\n|-boost|p2a: Ichigo|def|1\n|\n|-heal|p1a: Toxapex|94\/100|[from] item: Leftovers\n|upkeep\n|turn|27\n|c|\u2606Aerofiend|I will kill the arboliva\n|\n|t:|1700537614\n|move|p2a: Ichigo|Taunt|p1a: Toxapex\n|-start|p1a: Toxapex|move: Taunt\n|cant|p1a: Toxapex|move: Taunt|Toxic\n|\n|-heal|p1a: Toxapex|100\/100|[from] item: Leftovers\n|upkeep\n|turn|28\n|c|\u2606professional asian|u shant\n|\n|t:|1700537623\n|move|p2a: Ichigo|Rage Fist|p1a: Toxapex\n|-damage|p1a: Toxapex|69\/100\n|move|p1a: Toxapex|Infestation|p2a: Ichigo\n|-resisted|p2a: Ichigo\n|-damage|p2a: Ichigo|99\/100\n|-activate|p2a: Ichigo|move: Infestation|[of] p1a: Toxapex\n|\n|-heal|p1a: Toxapex|75\/100|[from] item: Leftovers\n|-damage|p2a: Ichigo|88\/100|[from] move: Infestation|[partiallytrapped]\n|upkeep\n|turn|29\n|\n|t:|1700537633\n|switch|p1a: Arboliva|Arboliva, M|44\/100\n|-damage|p1a: Arboliva|32\/100|[from] Stealth Rock\n|move|p2a: Ichigo|Rage Fist|p1a: Arboliva\n|-immune|p1a: Arboliva\n|\n|-end|p2a: Ichigo|Infestation|[partiallytrapped]|[silent]\n|upkeep\n|turn|30\n|\n|t:|1700537640\n|move|p2a: Ichigo|Taunt|p1a: Arboliva\n|-start|p1a: Arboliva|move: Taunt\n|move|p1a: Arboliva|Giga Drain|p2a: Ichigo\n|-damage|p2a: Ichigo|61\/100\n|-heal|p1a: Arboliva|50\/100|[from] drain|[of] p2a: Ichigo\n|\n|upkeep\n|turn|31\n|c|\u2606Aerofiend|you mother fucker\n|c|\u2606Aerofiend|stop swapping\n|inactive|professional asian has 60 seconds left.\n|c|\u2606professional asian|lol\n|c|\u2606Aerofiend|lol\n|\n|t:|1700537661\n|move|p2a: Ichigo|Drain Punch|p1a: Arboliva\n|-supereffective|p1a: Arboliva\n|-damage|p1a: Arboliva|0 fnt\n|-heal|p2a: Ichigo|79\/100|[from] drain|[of] p1a: Arboliva\n|faint|p1a: Arboliva\n|\n|upkeep\n|c|\u2606professional asian|NO\n|c|\u2606professional asian|I took the risk :(\n|c|\u2606Aerofiend|YES\n|c|\u2606professional asian|but still\n|\n|t:|1700537674\n|switch|p1a: Zacian|Zacian-Crowned|100\/100\n|-damage|p1a: Zacian|94\/100|[from] Stealth Rock\n|-ability|p1a: Zacian|Intrepid Sword|boost\n|-boost|p1a: Zacian|atk|1\n|turn|32\n|c|\u2606Aerofiend|this is a fun fight\n|c|\u2606professional asian|yeah true\n|\n|t:|1700537686\n|-terastallize|p2a: Ichigo|Fire\n|move|p1a: Zacian|Play Rough|p2a: Ichigo\n|-resisted|p2a: Ichigo\n|-damage|p2a: Ichigo|56\/100\n|-unboost|p2a: Ichigo|atk|1\n|move|p2a: Ichigo|Rage Fist|p1a: Zacian\n|-damage|p1a: Zacian|0 fnt\n|faint|p1a: Zacian\n|\n|upkeep\n|\n|t:|1700537696\n|switch|p1a: Kyogre|Kyogre|100\/100\n|-damage|p1a: Kyogre|88\/100|[from] Stealth Rock\n|-weather|RainDance|[from] ability: Drizzle|[of] p1a: Kyogre\n|turn|33\n|\n|t:|1700537709\n|switch|p2a: Rukia|Chien-Pao|64\/100\n|-ability|p2a: Rukia|Sword of Ruin\n|move|p1a: Kyogre|Water Spout|p2a: Rukia\n|-damage|p2a: Rukia|0 fnt\n|faint|p2a: Rukia\n|\n|-weather|RainDance|[upkeep]\n|upkeep\n|\n|t:|1700537722\n|switch|p2a: Hitsugaya|Iron Bundle, shiny|100\/100\n|turn|34\n|inactive|professional asian has 60 seconds left.\n|\n|t:|1700537733\n|switch|p1a: Toxapex|Toxapex, M|100\/100\n|-damage|p1a: Toxapex|88\/100|[from] Stealth Rock\n|move|p2a: Hitsugaya|Freeze-Dry|p1a: Toxapex\n|-supereffective|p1a: Toxapex\n|-damage|p1a: Toxapex|4\/100\n|\n|-weather|RainDance|[upkeep]\n|-heal|p1a: Toxapex|10\/100|[from] item: Leftovers\n|upkeep\n|turn|35\n|inactive|professional asian has 60 seconds left.\n|\n|t:|1700537742\n|move|p1a: Toxapex|Baneful Bunker|p1a: Toxapex\n|-singleturn|p1a: Toxapex|move: Protect\n|move|p2a: Hitsugaya|Freeze-Dry|p1a: Toxapex\n|-activate|p1a: Toxapex|move: Protect\n|\n|-weather|RainDance|[upkeep]\n|-heal|p1a: Toxapex|16\/100|[from] item: Leftovers\n|upkeep\n|turn|36\n|inactive|professional asian has 60 seconds left.\n|\n|t:|1700537764\n|move|p2a: Hitsugaya|Freeze-Dry|p1a: Toxapex\n|-supereffective|p1a: Toxapex\n|-damage|p1a: Toxapex|0 fnt\n|faint|p1a: Toxapex\n|\n|-weather|RainDance|[upkeep]\n|upkeep\n|\n|t:|1700537769\n|switch|p1a: Kyogre|Kyogre|88\/100\n|-damage|p1a: Kyogre|76\/100|[from] Stealth Rock\n|turn|37\n|\n|t:|1700537785\n|move|p1a: Kyogre|Thunder|p2a: Hitsugaya\n|-supereffective|p2a: Hitsugaya\n|-damage|p2a: Hitsugaya|0 fnt\n|faint|p2a: Hitsugaya\n|-end|p2a: Hitsugaya|Quark Drive|[silent]\n|\n|-weather|none\n|upkeep\n|c|\u2606Aerofiend|I'm just hoping I can beat the basculegion you have in the back\n|\n|t:|1700537804\n|switch|p2a: Soi Fon|Sneasler, F, shiny|62\/100\n|turn|38\n|c|\u2606professional asian|yea\n|c|\u2606Aerofiend|like you got rid of my counter to it\n|\n|t:|1700537822\n|move|p2a: Soi Fon|Fake Out|p1a: Kyogre\n|-damage|p1a: Kyogre|60\/100\n|cant|p1a: Kyogre|flinch\n|\n|upkeep\n|turn|39\n|c|\u2606professional asian|oh shoot\n|\n|t:|1700537841\n|switch|p1a: Basculegion|Basculegion, M|100\/100\n|-damage|p1a: Basculegion|88\/100|[from] Stealth Rock\n|move|p2a: Soi Fon|Dire Claw|p1a: Basculegion\n|-resisted|p1a: Basculegion\n|-damage|p1a: Basculegion|61\/100\n|-status|p1a: Basculegion|psn\n|\n|-damage|p1a: Basculegion|49\/100 psn|[from] psn\n|upkeep\n|turn|40\n|c|\u2606professional asian|yo\n|c|\u2606Aerofiend|damn I wanted the para\n|c|\u2606professional asian|lol\n|\n|t:|1700537859\n|switch|p1a: Kyogre|Kyogre|60\/100\n|-damage|p1a: Kyogre|48\/100|[from] Stealth Rock\n|-weather|RainDance|[from] ability: Drizzle|[of] p1a: Kyogre\n|move|p2a: Soi Fon|Shadow Claw|p1a: Kyogre\n|-damage|p1a: Kyogre|19\/100\n|\n|-weather|RainDance|[upkeep]\n|upkeep\n|turn|41\n|\n|t:|1700537885\n|move|p1a: Kyogre|Water Spout|p2a: Soi Fon\n|-damage|p2a: Soi Fon|30\/100\n|move|p2a: Soi Fon|Shadow Claw|p1a: Kyogre\n|-damage|p1a: Kyogre|0 fnt\n|faint|p1a: Kyogre\n|\n|-weather|RainDance|[upkeep]\n|upkeep\n|\n|t:|1700537893\n|switch|p1a: Basculegion|Basculegion, M|49\/100 psn\n|-damage|p1a: Basculegion|37\/100 psn|[from] Stealth Rock\n|turn|42\n|\n|t:|1700537903\n|move|p1a: Basculegion|Last Respects|p2a: Soi Fon\n|-damage|p2a: Soi Fon|0 fnt\n|faint|p2a: Soi Fon\n|\n|-weather|RainDance|[upkeep]\n|-damage|p1a: Basculegion|24\/100 psn|[from] psn\n|upkeep\n|\n|t:|1700537912\n|switch|p2a: Ichigo|Annihilape, M, tera:Fire|56\/100\n|turn|43\n|c|\u2606professional asian|ggs I think\n|\n|t:|1700537925\n|move|p1a: Basculegion|Last Respects|p2a: Ichigo\n|-damage|p2a: Ichigo|0 fnt\n|faint|p2a: Ichigo\n|\n|-weather|RainDance|[upkeep]\n|-damage|p1a: Basculegion|12\/100 psn|[from] psn\n|upkeep\n|c|\u2606professional asian|unless u tank with zama\n|\n|t:|1700537932\n|switch|p2a: Sado|Zamazenta-Crowned|100\/100\n|-ability|p2a: Sado|Dauntless Shield|boost\n|-boost|p2a: Sado|def|1\n|turn|44\n|c|\u2606Aerofiend|idk\n|c|\u2606Aerofiend|I think it comes down to a roll\n|c|\u2606professional asian|the boost tho\n|\n|t:|1700537947\n|move|p1a: Basculegion|Last Respects|p2a: Sado\n|-damage|p2a: Sado|40\/100\n|move|p2a: Sado|Rest|p2a: Sado\n|-status|p2a: Sado|slp|[from] move: Rest\n|-heal|p2a: Sado|100\/100 slp|[silent]\n|\n|-weather|none\n|-damage|p1a: Basculegion|0 fnt|[from] psn\n|faint|p1a: Basculegion\n|\n|win|Aerofiend\n|upkeep\n|raw|professional asian's rating: 1116 &rarr; <strong>1096<\/strong><br \/>(-20 for losing)\n|raw|Aerofiend's rating: 1184 &rarr; <strong>1204<\/strong><br \/>(+20 for winning)\n","uploadtime":1700537643,"views":1,"p1id":"professionalasian","p2id":"aerofiend","formatid":"gen9ubers","rating":1096,"private":0,"password":""}