{"id":"gen9ubers-1981978840","p1":"a bit moody","p2":"clorboycoctopus","format":"[Gen 9] Ubers","log":"|j|\u2606a bit moody\n|j|\u2606clorboycoctopus\n|t:|1698956635\n|gametype|singles\n|player|p1|a bit moody|266|\n|player|p2|clorboycoctopus|blackbelt-gen4dp|\n|teamsize|p1|6\n|teamsize|p2|6\n|gen|9\n|tier|[Gen 9] Ubers\n|rule|Sleep Clause Mod: Limit one foe put to sleep\n|rule|Species Clause: Limit one of each Pok\u00e9mon\n|rule|OHKO Clause: OHKO moves are banned\n|rule|Evasion Items Clause: Evasion items are banned\n|rule|Evasion Moves Clause: Evasion moves are banned\n|rule|Endless Battle Clause: Forcing endless battles is banned\n|rule|HP Percentage Mod: HP is shown in percentages\n|clearpoke\n|poke|p1|Zacian-*|\n|poke|p1|Blissey, F|\n|poke|p1|Alomomola, M|\n|poke|p1|Overqwil, F|\n|poke|p1|Talonflame, M|\n|poke|p1|Dialga|\n|poke|p2|Basculegion-F, F|\n|poke|p2|Pelipper, M|\n|poke|p2|Palkia-Origin|\n|poke|p2|Cyclizar, M|\n|poke|p2|Arceus-Grass|\n|poke|p2|Palafin, M|\n|teampreview\n|c|\u2606clorboycoctopus|havent played rain in a while warming up\n|\n|t:|1698956648\n|start\n|switch|p1a: Talonflame|Talonflame, M|100\/100\n|switch|p2a: Palafin|Palafin, M|100\/100\n|turn|1\n|\n|t:|1698956651\n|move|p1a: Talonflame|Will-O-Wisp|p2a: Palafin\n|-status|p2a: Palafin|brn\n|move|p2a: Palafin|Flip Turn|p1a: Talonflame\n|-supereffective|p1a: Talonflame\n|-damage|p1a: Talonflame|59\/100\n|\n|t:|1698956658\n|detailschange|p2a: Palafin|Palafin-Hero, M\n|switch|p2a: Palkia|Palkia-Origin|100\/100|[from] Flip Turn\n|-ability|p2a: Palkia|Pressure\n|\n|upkeep\n|turn|2\n|\n|t:|1698956666\n|switch|p1a: Blissey|Blissey, F|100\/100\n|move|p2a: Palkia|Surf|p1a: Blissey\n|-damage|p1a: Blissey|79\/100\n|\n|upkeep\n|turn|3\n|\n|t:|1698956672\n|switch|p2a: Palafin|Palafin-Hero, M|100\/100 brn\n|-activate|p2a: Palafin|ability: Zero to Hero\n|move|p1a: Blissey|Thunder Wave||[still]\n|-fail|p1a: Blissey\n|\n|-damage|p2a: Palafin|94\/100 brn|[from] brn\n|upkeep\n|turn|4\n|\n|t:|1698956676\n|switch|p1a: Alomomola|Alomomola, M|100\/100\n|move|p2a: Palafin|Flip Turn|p1a: Alomomola\n|-resisted|p1a: Alomomola\n|-damage|p1a: Alomomola|93\/100\n|\n|t:|1698956681\n|switch|p2a: Arceus|Arceus-Grass|100\/100|[from] Flip Turn\n|\n|upkeep\n|turn|5\n|\n|t:|1698956684\n|switch|p1a: Blissey|Blissey, F|79\/100\n|move|p2a: Arceus|Calm Mind|p2a: Arceus\n|-boost|p2a: Arceus|spa|1\n|-boost|p2a: Arceus|spd|1\n|\n|upkeep\n|turn|6\n|\n|t:|1698956689\n|switch|p2a: Palafin|Palafin-Hero, M|94\/100 brn\n|move|p1a: Blissey|Thunder Wave||[still]\n|-fail|p1a: Blissey\n|\n|-damage|p2a: Palafin|88\/100 brn|[from] brn\n|upkeep\n|turn|7\n|\n|t:|1698956693\n|switch|p1a: Alomomola|Alomomola, M|100\/100\n|move|p2a: Palafin|Flip Turn|p1a: Alomomola\n|-resisted|p1a: Alomomola\n|-damage|p1a: Alomomola|93\/100\n|\n|t:|1698956698\n|switch|p2a: Cyclizar|Cyclizar, M|100\/100|[from] Flip Turn\n|\n|upkeep\n|turn|8\n|\n|t:|1698956708\n|move|p2a: Cyclizar|Shed Tail|p2a: Cyclizar\n|-start|p2a: Cyclizar|Substitute|[from] move: Shed Tail\n|-damage|p2a: Cyclizar|50\/100\n|\n|t:|1698956713\n|switch|p2a: Palkia|Palkia-Origin|100\/100|[from] Shed Tail\n|-ability|p2a: Palkia|Pressure\n|move|p1a: Alomomola|Flip Turn|p2a: Palkia\n|-resisted|p2a: Palkia\n|-activate|p2a: Palkia|move: Substitute|[damage]\n|\n|t:|1698956722\n|switch|p1a: Dialga|Dialga|100\/100|[from] Flip Turn\n|-ability|p1a: Dialga|Pressure\n|\n|upkeep\n|turn|9\n|\n|t:|1698956726\n|move|p2a: Palkia|Spacial Rend|p1a: Dialga\n|-damage|p1a: Dialga|37\/100\n|move|p1a: Dialga|Roar|p2a: Palkia\n|drag|p2a: Cyclizar|Cyclizar, M|83\/100\n|\n|-heal|p1a: Dialga|43\/100|[from] item: Leftovers\n|upkeep\n|turn|10\n|\n|t:|1698956738\n|move|p2a: Cyclizar|U-turn|p1a: Dialga\n|-resisted|p1a: Dialga\n|-damage|p1a: Dialga|38\/100\n|\n|t:|1698956740\n|switch|p2a: Palafin|Palafin-Hero, M|88\/100 brn|[from] U-turn\n|move|p1a: Dialga|Roar|p2a: Palafin\n|drag|p2a: Arceus|Arceus-Grass|100\/100\n|\n|-heal|p1a: Dialga|44\/100|[from] item: Leftovers\n|upkeep\n|turn|11\n|\n|t:|1698956747\n|move|p2a: Arceus|Earth Power|p1a: Dialga\n|-supereffective|p1a: Dialga\n|-damage|p1a: Dialga|4\/100\n|move|p1a: Dialga|Thunder Wave|p2a: Arceus|[miss]\n|-miss|p1a: Dialga|p2a: Arceus\n|\n|-heal|p1a: Dialga|10\/100|[from] item: Leftovers\n|upkeep\n|turn|12\n|\n|t:|1698956756\n|move|p2a: Arceus|Judgment|p1a: Dialga\n|-resisted|p1a: Dialga\n|-damage|p1a: Dialga|0 fnt\n|faint|p1a: Dialga\n|\n|upkeep\n|\n|t:|1698956765\n|switch|p1a: Overqwil|Overqwil, F|100\/100\n|-ability|p1a: Overqwil|Intimidate|boost\n|-unboost|p2a: Arceus|atk|1\n|turn|13\n|\n|t:|1698956775\n|move|p2a: Arceus|Earth Power|p1a: Overqwil\n|-supereffective|p1a: Overqwil\n|-damage|p1a: Overqwil|36\/100\n|move|p1a: Overqwil|Gunk Shot|p2a: Arceus\n|-supereffective|p2a: Arceus\n|-damage|p2a: Arceus|37\/100\n|\n|-heal|p1a: Overqwil|42\/100|[from] item: Leftovers\n|upkeep\n|turn|14\n|\n|t:|1698956784\n|switch|p1a: Blissey|Blissey, F|79\/100\n|move|p2a: Arceus|Earth Power|p1a: Blissey\n|-damage|p1a: Blissey|70\/100\n|\n|upkeep\n|turn|15\n|\n|t:|1698956788\n|move|p2a: Arceus|Recover|p2a: Arceus\n|-heal|p2a: Arceus|87\/100\n|move|p1a: Blissey|Seismic Toss|p2a: Arceus\n|-damage|p2a: Arceus|64\/100\n|\n|upkeep\n|turn|16\n|\n|t:|1698956791\n|switch|p2a: Palafin|Palafin-Hero, M|88\/100 brn\n|move|p1a: Blissey|Thunder Wave||[still]\n|-fail|p1a: Blissey\n|\n|-damage|p2a: Palafin|82\/100 brn|[from] brn\n|upkeep\n|turn|17\n|\n|t:|1698956795\n|switch|p1a: Alomomola|Alomomola, M|100\/100\n|move|p2a: Palafin|Flip Turn|p1a: Alomomola\n|-resisted|p1a: Alomomola\n|-damage|p1a: Alomomola|93\/100\n|\n|t:|1698956797\n|switch|p2a: Pelipper|Pelipper, M|100\/100|[from] Flip Turn\n|-weather|RainDance|[from] ability: Drizzle|[of] p2a: Pelipper\n|\n|-weather|RainDance|[upkeep]\n|upkeep\n|turn|18\n|\n|t:|1698956800\n|move|p1a: Alomomola|Wish|p1a: Alomomola\n|move|p2a: Pelipper|U-turn|p1a: Alomomola\n|-damage|p1a: Alomomola|88\/100\n|\n|t:|1698956807\n|switch|p2a: Cyclizar|Cyclizar, M|100\/100|[from] U-turn\n|\n|-weather|RainDance|[upkeep]\n|upkeep\n|turn|19\n|\n|t:|1698956812\n|move|p2a: Cyclizar|Shed Tail|p2a: Cyclizar\n|-start|p2a: Cyclizar|Substitute|[from] move: Shed Tail\n|-damage|p2a: Cyclizar|50\/100\n|\n|t:|1698956814\n|switch|p2a: Palkia|Palkia-Origin|100\/100|[from] Shed Tail\n|-ability|p2a: Palkia|Pressure\n|move|p1a: Alomomola|Flip Turn|p2a: Palkia\n|-resisted|p2a: Palkia\n|-activate|p2a: Palkia|move: Substitute|[damage]\n|\n|t:|1698956821\n|switch|p1a: Blissey|Blissey, F|70\/100|[from] Flip Turn\n|\n|-weather|RainDance|[upkeep]\n|-heal|p1a: Blissey|100\/100|[from] move: Wish|[wisher] Alomomola\n|upkeep\n|turn|20\n|\n|t:|1698956827\n|move|p2a: Palkia|Spacial Rend|p1a: Blissey\n|-damage|p1a: Blissey|77\/100\n|move|p1a: Blissey|Seismic Toss|p2a: Palkia\n|-end|p2a: Palkia|Substitute\n|\n|-weather|RainDance|[upkeep]\n|upkeep\n|turn|21\n|\n|t:|1698956836\n|switch|p2a: Palafin|Palafin-Hero, M|82\/100 brn\n|move|p1a: Blissey|Seismic Toss|p2a: Palafin\n|-damage|p2a: Palafin|53\/100 brn\n|\n|-weather|RainDance|[upkeep]\n|-damage|p2a: Palafin|47\/100 brn|[from] brn\n|upkeep\n|turn|22\n|\n|t:|1698956843\n|move|p2a: Palafin|Close Combat|p1a: Blissey\n|-supereffective|p1a: Blissey\n|-damage|p1a: Blissey|1\/100\n|-unboost|p2a: Palafin|def|1\n|-unboost|p2a: Palafin|spd|1\n|move|p1a: Blissey|Thunder Wave||[still]\n|-fail|p1a: Blissey\n|\n|-weather|RainDance|[upkeep]\n|-damage|p2a: Palafin|40\/100 brn|[from] brn\n|upkeep\n|turn|23\n|\n|t:|1698956853\n|switch|p1a: Alomomola|Alomomola, M|100\/100\n|move|p2a: Palafin|Close Combat|p1a: Alomomola\n|-damage|p1a: Alomomola|79\/100\n|-unboost|p2a: Palafin|def|1\n|-unboost|p2a: Palafin|spd|1\n|\n|-weather|RainDance|[upkeep]\n|-damage|p2a: Palafin|34\/100 brn|[from] brn\n|upkeep\n|turn|24\n|\n|t:|1698956858\n|move|p2a: Palafin|Close Combat|p1a: Alomomola\n|-damage|p1a: Alomomola|57\/100\n|-unboost|p2a: Palafin|def|1\n|-unboost|p2a: Palafin|spd|1\n|move|p1a: Alomomola|Wish|p1a: Alomomola\n|\n|-weather|none\n|-damage|p2a: Palafin|28\/100 brn|[from] brn\n|upkeep\n|turn|25\n|\n|t:|1698956864\n|move|p2a: Palafin|Close Combat|p1a: Alomomola\n|-damage|p1a: Alomomola|36\/100\n|-unboost|p2a: Palafin|def|1\n|-unboost|p2a: Palafin|spd|1\n|move|p1a: Alomomola|Flip Turn|p2a: Palafin\n|-resisted|p2a: Palafin\n|-damage|p2a: Palafin|7\/100 brn\n|\n|t:|1698956872\n|switch|p1a: Blissey|Blissey, F|1\/100|[from] Flip Turn\n|\n|-heal|p1a: Blissey|42\/100|[from] move: Wish|[wisher] Alomomola\n|-damage|p2a: Palafin|1\/100 brn|[from] brn\n|upkeep\n|turn|26\n|\n|t:|1698956881\n|switch|p1a: Talonflame|Talonflame, M|59\/100\n|move|p2a: Palafin|Close Combat|p1a: Talonflame\n|-resisted|p1a: Talonflame\n|-damage|p1a: Talonflame|35\/100\n|-unboost|p2a: Palafin|def|1\n|-unboost|p2a: Palafin|spd|1\n|\n|-damage|p2a: Palafin|0 fnt|[from] brn\n|faint|p2a: Palafin\n|upkeep\n|\n|t:|1698956889\n|switch|p2a: Pelipper|Pelipper, M|100\/100\n|-weather|RainDance|[from] ability: Drizzle|[of] p2a: Pelipper\n|turn|27\n|\n|t:|1698956899\n|switch|p1a: Alomomola|Alomomola, M|69\/100\n|move|p2a: Pelipper|U-turn|p1a: Alomomola\n|-damage|p1a: Alomomola|64\/100\n|\n|t:|1698956905\n|switch|p2a: Cyclizar|Cyclizar, M|83\/100|[from] U-turn\n|\n|-weather|RainDance|[upkeep]\n|upkeep\n|turn|28\n|\n|t:|1698956915\n|move|p2a: Cyclizar|Knock Off|p1a: Alomomola\n|-damage|p1a: Alomomola|53\/100\n|-enditem|p1a: Alomomola|Heavy-Duty Boots|[from] move: Knock Off|[of] p2a: Cyclizar\n|move|p1a: Alomomola|Wish|p1a: Alomomola\n|\n|-weather|RainDance|[upkeep]\n|upkeep\n|turn|29\n|\n|t:|1698956920\n|move|p2a: Cyclizar|Shed Tail|p2a: Cyclizar\n|-start|p2a: Cyclizar|Substitute|[from] move: Shed Tail\n|-damage|p2a: Cyclizar|33\/100\n|\n|t:|1698956923\n|switch|p2a: Basculegion|Basculegion-F, F|100\/100|[from] Shed Tail\n|move|p1a: Alomomola|Scald|p2a: Basculegion\n|-resisted|p2a: Basculegion\n|-activate|p2a: Basculegion|move: Substitute|[damage]\n|\n|-weather|RainDance|[upkeep]\n|-heal|p1a: Alomomola|100\/100|[from] move: Wish|[wisher] Alomomola\n|upkeep\n|turn|30\n|\n|t:|1698956933\n|move|p1a: Alomomola|Protect|p1a: Alomomola\n|-singleturn|p1a: Alomomola|Protect\n|move|p2a: Basculegion|Flip Turn|p1a: Alomomola\n|-activate|p1a: Alomomola|move: Protect\n|\n|-weather|RainDance|[upkeep]\n|upkeep\n|turn|31\n|\n|t:|1698956938\n|move|p2a: Basculegion|Flip Turn|p1a: Alomomola\n|-resisted|p1a: Alomomola\n|-damage|p1a: Alomomola|87\/100\n|\n|t:|1698956941\n|switch|p2a: Pelipper|Pelipper, M|100\/100|[from] Flip Turn\n|move|p1a: Alomomola|Flip Turn|p2a: Pelipper\n|-resisted|p2a: Pelipper\n|-damage|p2a: Pelipper|88\/100\n|\n|t:|1698956953\n|switch|p1a: Blissey|Blissey, F|42\/100|[from] Flip Turn\n|\n|-weather|RainDance|[upkeep]\n|upkeep\n|turn|32\n|\n|t:|1698956959\n|move|p2a: Pelipper|U-turn|p1a: Blissey\n|-damage|p1a: Blissey|33\/100\n|\n|t:|1698956966\n|switch|p2a: Cyclizar|Cyclizar, M|66\/100|[from] U-turn\n|move|p1a: Blissey|Soft-Boiled|p1a: Blissey\n|-heal|p1a: Blissey|83\/100\n|\n|-weather|RainDance|[upkeep]\n|upkeep\n|turn|33\n|\n|t:|1698956973\n|move|p2a: Cyclizar|Shed Tail|p2a: Cyclizar\n|-start|p2a: Cyclizar|Substitute|[from] move: Shed Tail\n|-damage|p2a: Cyclizar|16\/100\n|\n|t:|1698956979\n|switch|p2a: Basculegion|Basculegion-F, F|100\/100|[from] Shed Tail\n|move|p1a: Blissey|Thunder Wave||[still]\n|-fail|p1a: Blissey\n|\n|-weather|RainDance|[upkeep]\n|upkeep\n|turn|34\n|\n|t:|1698956987\n|switch|p1a: Alomomola|Alomomola, M|100\/100\n|move|p2a: Basculegion|Last Respects|p1a: Alomomola\n|-damage|p1a: Alomomola|67\/100\n|\n|-weather|none\n|upkeep\n|turn|35\n|\n|t:|1698956995\n|switch|p2a: Cyclizar|Cyclizar, M|49\/100\n|move|p1a: Alomomola|Wish|p1a: Alomomola\n|\n|upkeep\n|turn|36\n|\n|t:|1698957000\n|switch|p1a: Overqwil|Overqwil, F|42\/100\n|-ability|p1a: Overqwil|Intimidate|boost\n|-unboost|p2a: Cyclizar|atk|1\n|move|p2a: Cyclizar|U-turn|p1a: Overqwil\n|-damage|p1a: Overqwil|36\/100\n|\n|t:|1698957006\n|switch|p2a: Arceus|Arceus-Grass|64\/100|[from] U-turn\n|\n|-heal|p1a: Overqwil|100\/100|[from] move: Wish|[wisher] Alomomola\n|upkeep\n|turn|37\n|\n|t:|1698957021\n|switch|p1a: Talonflame|Talonflame, M|35\/100\n|-terastallize|p2a: Arceus|Ground\n|move|p2a: Arceus|Earth Power|p1a: Talonflame\n|-immune|p1a: Talonflame\n|\n|upkeep\n|turn|38\n|\n|t:|1698957029\n|move|p1a: Talonflame|Overheat|p2a: Arceus\n|-damage|p2a: Arceus|43\/100\n|-unboost|p1a: Talonflame|spa|2\n|move|p2a: Arceus|Calm Mind|p2a: Arceus\n|-boost|p2a: Arceus|spa|1\n|-boost|p2a: Arceus|spd|1\n|\n|upkeep\n|turn|39\n|\n|t:|1698957034\n|move|p1a: Talonflame|Taunt|p2a: Arceus\n|-start|p2a: Arceus|move: Taunt\n|cant|p2a: Arceus|move: Taunt|Recover\n|\n|upkeep\n|turn|40\n|\n|t:|1698957041\n|move|p1a: Talonflame|Will-O-Wisp|p2a: Arceus\n|-status|p2a: Arceus|brn\n|move|p2a: Arceus|Judgment|p1a: Talonflame\n|-resisted|p1a: Talonflame\n|-crit|p1a: Talonflame\n|-damage|p1a: Talonflame|0 fnt\n|faint|p1a: Talonflame\n|\n|-damage|p2a: Arceus|37\/100 brn|[from] brn\n|upkeep\n|\n|t:|1698957053\n|switch|p1a: Blissey|Blissey, F|83\/100\n|turn|41\n|\n|t:|1698957059\n|switch|p2a: Cyclizar|Cyclizar, M|82\/100\n|move|p1a: Blissey|Thunder Wave|p2a: Cyclizar\n|-status|p2a: Cyclizar|par\n|\n|upkeep\n|turn|42\n|\n|t:|1698957069\n|switch|p1a: Alomomola|Alomomola, M|100\/100\n|move|p2a: Cyclizar|U-turn|p1a: Alomomola\n|-damage|p1a: Alomomola|93\/100\n|\n|t:|1698957073\n|switch|p2a: Arceus|Arceus-Grass, tera:Ground|37\/100 brn|[from] U-turn\n|\n|-damage|p2a: Arceus|31\/100 brn|[from] brn\n|upkeep\n|turn|43\n|\n|t:|1698957081\n|move|p1a: Alomomola|Protect|p1a: Alomomola\n|-singleturn|p1a: Alomomola|Protect\n|move|p2a: Arceus|Recover|p2a: Arceus\n|-heal|p2a: Arceus|81\/100 brn\n|\n|-damage|p2a: Arceus|75\/100 brn|[from] brn\n|upkeep\n|turn|44\n|\n|t:|1698957088\n|move|p2a: Arceus|Judgment|p1a: Alomomola\n|-supereffective|p1a: Alomomola\n|-damage|p1a: Alomomola|0 fnt\n|faint|p1a: Alomomola\n|\n|-damage|p2a: Arceus|69\/100 brn|[from] brn\n|upkeep\n|\n|t:|1698957096\n|switch|p1a: Zacian|Zacian|100\/100\n|-ability|p1a: Zacian|Intrepid Sword|boost\n|-boost|p1a: Zacian|atk|1\n|turn|45\n|\n|t:|1698957100\n|switch|p2a: Cyclizar|Cyclizar, M|100\/100 par\n|move|p1a: Zacian|Play Rough|p2a: Cyclizar\n|-supereffective|p2a: Cyclizar\n|-damage|p2a: Cyclizar|0 fnt\n|faint|p2a: Cyclizar\n|\n|upkeep\n|\n|t:|1698957120\n|switch|p2a: Pelipper|Pelipper, M|88\/100\n|-weather|RainDance|[from] ability: Drizzle|[of] p2a: Pelipper\n|turn|46\n|\n|t:|1698957123\n|switch|p2a: Palkia|Palkia-Origin|100\/100\n|-ability|p2a: Palkia|Pressure\n|move|p1a: Zacian|Play Rough|p2a: Palkia\n|-supereffective|p2a: Palkia\n|-damage|p2a: Palkia|0 fnt\n|faint|p2a: Palkia\n|\n|-weather|RainDance|[upkeep]\n|upkeep\n|\n|t:|1698957127\n|switch|p2a: Basculegion|Basculegion-F, F|100\/100\n|turn|47\n|\n|t:|1698957131\n|switch|p1a: Overqwil|Overqwil, F|100\/100\n|-ability|p1a: Overqwil|Intimidate|boost\n|-unboost|p2a: Basculegion|atk|1\n|move|p2a: Basculegion|Last Respects|p1a: Overqwil\n|-resisted|p1a: Overqwil\n|-damage|p1a: Overqwil|72\/100\n|\n|-weather|RainDance|[upkeep]\n|-heal|p1a: Overqwil|78\/100|[from] item: Leftovers\n|upkeep\n|turn|48\n|\n|t:|1698957141\n|switch|p2a: Arceus|Arceus-Grass, tera:Ground|69\/100 brn\n|move|p1a: Overqwil|Crunch|p2a: Arceus\n|-damage|p2a: Arceus|50\/100 brn\n|\n|-weather|RainDance|[upkeep]\n|-heal|p1a: Overqwil|84\/100|[from] item: Leftovers\n|-damage|p2a: Arceus|44\/100 brn|[from] brn\n|upkeep\n|turn|49\n|\n|t:|1698957149\n|switch|p1a: Blissey|Blissey, F|83\/100\n|move|p2a: Arceus|Earth Power|p1a: Blissey\n|-damage|p1a: Blissey|71\/100\n|\n|-weather|RainDance|[upkeep]\n|-damage|p2a: Arceus|37\/100 brn|[from] brn\n|upkeep\n|turn|50\n|\n|t:|1698957155\n|move|p2a: Arceus|Recover|p2a: Arceus\n|-heal|p2a: Arceus|87\/100 brn\n|move|p1a: Blissey|Seismic Toss|p2a: Arceus\n|-damage|p2a: Arceus|65\/100 brn\n|\n|-weather|RainDance|[upkeep]\n|-damage|p2a: Arceus|59\/100 brn|[from] brn\n|upkeep\n|turn|51\n|\n|t:|1698957163\n|move|p2a: Arceus|Calm Mind|p2a: Arceus\n|-boost|p2a: Arceus|spa|1\n|-boost|p2a: Arceus|spd|1\n|move|p1a: Blissey|Seismic Toss|p2a: Arceus\n|-damage|p2a: Arceus|36\/100 brn\n|\n|-weather|RainDance|[upkeep]\n|-damage|p2a: Arceus|30\/100 brn|[from] brn\n|upkeep\n|turn|52\n|\n|t:|1698957176\n|switch|p1a: Zacian|Zacian|100\/100\n|move|p2a: Arceus|Recover|p2a: Arceus\n|-heal|p2a: Arceus|80\/100 brn\n|\n|-weather|RainDance|[upkeep]\n|-damage|p2a: Arceus|74\/100 brn|[from] brn\n|upkeep\n|turn|53\n|\n|t:|1698957185\n|switch|p1a: Blissey|Blissey, F|71\/100\n|move|p2a: Arceus|Earth Power|p1a: Blissey\n|-damage|p1a: Blissey|54\/100\n|\n|-weather|none\n|-damage|p2a: Arceus|68\/100 brn|[from] brn\n|upkeep\n|turn|54\n|\n|t:|1698957190\n|move|p2a: Arceus|Calm Mind|p2a: Arceus\n|-boost|p2a: Arceus|spa|1\n|-boost|p2a: Arceus|spd|1\n|move|p1a: Blissey|Soft-Boiled|p1a: Blissey\n|-heal|p1a: Blissey|100\/100\n|\n|-damage|p2a: Arceus|62\/100 brn|[from] brn\n|upkeep\n|turn|55\n|\n|t:|1698957205\n|move|p2a: Arceus|Recover|p2a: Arceus\n|-heal|p2a: Arceus|100\/100 brn\n|move|p1a: Blissey|Seismic Toss|p2a: Arceus\n|-damage|p2a: Arceus|78\/100 brn\n|\n|-damage|p2a: Arceus|72\/100 brn|[from] brn\n|upkeep\n|turn|56\n|\n|t:|1698957213\n|move|p2a: Arceus|Calm Mind|p2a: Arceus\n|-boost|p2a: Arceus|spa|1\n|-boost|p2a: Arceus|spd|1\n|move|p1a: Blissey|Seismic Toss|p2a: Arceus\n|-damage|p2a: Arceus|49\/100 brn\n|\n|-damage|p2a: Arceus|43\/100 brn|[from] brn\n|upkeep\n|turn|57\n|\n|t:|1698957220\n|switch|p1a: Zacian|Zacian|100\/100\n|move|p2a: Arceus|Recover|p2a: Arceus\n|-heal|p2a: Arceus|93\/100 brn\n|\n|-damage|p2a: Arceus|87\/100 brn|[from] brn\n|upkeep\n|turn|58\n|\n|t:|1698957226\n|switch|p1a: Blissey|Blissey, F|100\/100\n|move|p2a: Arceus|Judgment|p1a: Blissey\n|-damage|p1a: Blissey|63\/100\n|\n|-damage|p2a: Arceus|81\/100 brn|[from] brn\n|upkeep\n|turn|59\n|\n|t:|1698957235\n|move|p2a: Arceus|Calm Mind|p2a: Arceus\n|-boost|p2a: Arceus|spa|1\n|-boost|p2a: Arceus|spd|1\n|move|p1a: Blissey|Soft-Boiled|p1a: Blissey\n|-heal|p1a: Blissey|100\/100\n|\n|-damage|p2a: Arceus|75\/100 brn|[from] brn\n|upkeep\n|turn|60\n|\n|t:|1698957242\n|move|p2a: Arceus|Calm Mind|p2a: Arceus\n|-boost|p2a: Arceus|spa|1\n|-boost|p2a: Arceus|spd|1\n|move|p1a: Blissey|Seismic Toss|p2a: Arceus\n|-damage|p2a: Arceus|53\/100 brn\n|\n|-damage|p2a: Arceus|46\/100 brn|[from] brn\n|upkeep\n|turn|61\n|\n|t:|1698957252\n|move|p2a: Arceus|Recover|p2a: Arceus\n|-heal|p2a: Arceus|96\/100 brn\n|move|p1a: Blissey|Seismic Toss|p2a: Arceus\n|-damage|p2a: Arceus|74\/100 brn\n|\n|-damage|p2a: Arceus|68\/100 brn|[from] brn\n|upkeep\n|turn|62\n|\n|t:|1698957255\n|move|p2a: Arceus|Judgment|p1a: Blissey\n|-damage|p1a: Blissey|41\/100\n|move|p1a: Blissey|Seismic Toss|p2a: Arceus\n|-damage|p2a: Arceus|45\/100 brn\n|\n|-damage|p2a: Arceus|39\/100 brn|[from] brn\n|upkeep\n|turn|63\n|\n|t:|1698957265\n|move|p2a: Arceus|Judgment|p1a: Blissey\n|-damage|p1a: Blissey|0 fnt\n|faint|p1a: Blissey\n|\n|-damage|p2a: Arceus|33\/100 brn|[from] brn\n|upkeep\n|\n|t:|1698957270\n|switch|p1a: Zacian|Zacian|100\/100\n|turn|64\n|\n|t:|1698957274\n|move|p1a: Zacian|Play Rough|p2a: Arceus\n|-damage|p2a: Arceus|0 fnt\n|faint|p2a: Arceus\n|\n|upkeep\n|\n|t:|1698957277\n|switch|p2a: Pelipper|Pelipper, M|88\/100\n|-weather|RainDance|[from] ability: Drizzle|[of] p2a: Pelipper\n|turn|65\n|\n|t:|1698957281\n|move|p1a: Zacian|Play Rough|p2a: Pelipper|[miss]\n|-miss|p1a: Zacian|p2a: Pelipper\n|move|p2a: Pelipper|Knock Off|p1a: Zacian\n|-resisted|p1a: Zacian\n|-crit|p1a: Zacian\n|-damage|p1a: Zacian|90\/100\n|-enditem|p1a: Zacian|Choice Band|[from] move: Knock Off|[of] p2a: Pelipper\n|\n|-weather|RainDance|[upkeep]\n|upkeep\n|turn|66\n|\n|t:|1698957285\n|move|p1a: Zacian|Play Rough|p2a: Pelipper\n|-damage|p2a: Pelipper|43\/100\n|move|p2a: Pelipper|Hurricane|p1a: Zacian\n|-damage|p1a: Zacian|56\/100\n|\n|-weather|RainDance|[upkeep]\n|upkeep\n|turn|67\n|\n|t:|1698957290\n|move|p1a: Zacian|Play Rough|p2a: Pelipper\n|-damage|p2a: Pelipper|0 fnt\n|faint|p2a: Pelipper\n|\n|-weather|RainDance|[upkeep]\n|upkeep\n|\n|t:|1698957292\n|switch|p2a: Basculegion|Basculegion-F, F|100\/100\n|turn|68\n|c|\u2606clorboycoctopus|!calculator\n|c| clorboycoctopus|\/raw <div class=\"infobox\">Pok&eacute;mon Showdown! damage calculator. (Courtesy of Honko, Austin, &amp; Kris)<br \/>- <a href=\"https:\/\/calc.pokemonshowdown.com\/index.html\">Damage Calculator<\/a><\/div>\n|inactive|Battle timer is ON: inactive players will automatically lose when time's up. (requested by a bit moody)\n|inactive|clorboycoctopus has 270 seconds left.\n|inactive|clorboycoctopus has 240 seconds left.\n|\n|t:|1698957454\n|move|p2a: Basculegion|Wave Crash|p1a: Zacian\n|-damage|p1a: Zacian|0 fnt\n|faint|p1a: Zacian\n|-damage|p2a: Basculegion|85\/100|[from] Recoil\n|\n|-weather|RainDance|[upkeep]\n|upkeep\n|\n|t:|1698957457\n|switch|p1a: Overqwil|Overqwil, F|84\/100\n|-ability|p1a: Overqwil|Intimidate|boost\n|-unboost|p2a: Basculegion|atk|1\n|turn|69\n|\n|t:|1698957460\n|-terastallize|p1a: Overqwil|Water\n|move|p2a: Basculegion|Wave Crash|p1a: Overqwil\n|-resisted|p1a: Overqwil\n|-damage|p1a: Overqwil|58\/100\n|-damage|p2a: Basculegion|76\/100|[from] Recoil\n|move|p1a: Overqwil|Crunch|p2a: Basculegion\n|-supereffective|p2a: Basculegion\n|-damage|p2a: Basculegion|0 fnt\n|faint|p2a: Basculegion\n|\n|win|a bit moody\n|c|\u2606clorboycoctopus|gg\n","uploadtime":1698957474,"views":17,"p1id":"abitmoody","p2id":"clorboycoctopus","formatid":"gen9ubers","rating":0,"private":0,"password":""}