{"id":"gen9ubers-2000051650","p1":"Sol CPU","p2":"Astyr.Pygos","format":"[Gen 9] Ubers","log":"|j|\u2606Sol CPU\n|j|\u2606Astyr.Pygos\n|t:|1701146403\n|gametype|singles\n|player|p1|Sol CPU|ethan|\n|player|p2|Astyr.Pygos|rosa|\n|teamsize|p1|6\n|teamsize|p2|6\n|gen|9\n|tier|[Gen 9] Ubers\n|rule|Sleep Clause Mod: Limit one foe put to sleep\n|rule|Species Clause: Limit one of each Pok\u00e9mon\n|rule|OHKO Clause: OHKO moves are banned\n|rule|Evasion Items Clause: Evasion items are banned\n|rule|Evasion Moves Clause: Evasion moves are banned\n|rule|Endless Battle Clause: Forcing endless battles is banned\n|rule|HP Percentage Mod: HP is shown in percentages\n|clearpoke\n|poke|p1|Thundurus, M|\n|poke|p1|Dragalge, M|\n|poke|p1|Great Tusk|\n|poke|p1|Volcarona, F|\n|poke|p1|Meloetta|\n|poke|p1|Articuno|\n|poke|p2|Clodsire, F|\n|poke|p2|Iron Valiant|\n|poke|p2|Rotom-Wash|\n|poke|p2|Ceruledge, F|\n|poke|p2|Tatsugiri, F|\n|poke|p2|Grimmsnarl, M|\n|teampreview\n|j| Squirshawott\n|j| BLACK METAL 3\n|j| slugmaaa\n|\n|t:|1701146427\n|start\n|switch|p1a: M O T H|Volcarona, F|100\/100\n|switch|p2a: Grimmsnarl|Grimmsnarl, M|100\/100\n|turn|1\n|\n|t:|1701146440\n|move|p2a: Grimmsnarl|Light Screen|p2a: Grimmsnarl\n|-sidestart|p2: Astyr.Pygos|move: Light Screen\n|move|p1a: M O T H|Quiver Dance|p1a: M O T H\n|-boost|p1a: M O T H|spa|1\n|-boost|p1a: M O T H|spd|1\n|-boost|p1a: M O T H|spe|1\n|\n|upkeep\n|turn|2\n|\n|t:|1701146449\n|move|p2a: Grimmsnarl|Parting Shot|p1a: M O T H\n|-unboost|p1a: M O T H|atk|1\n|-unboost|p1a: M O T H|spa|1\n|j| pkpowers310\n|\n|t:|1701146453\n|switch|p2a: Clodsire|Clodsire, F|100\/100|[from] Parting Shot\n|move|p1a: M O T H|Bug Buzz|p2a: Clodsire\n|-resisted|p2a: Clodsire\n|-damage|p2a: Clodsire|93\/100\n|-unboost|p2a: Clodsire|spd|1\n|\n|upkeep\n|turn|3\n|\n|t:|1701146477\n|switch|p1a: Sing Queen|Meloetta|100\/100\n|move|p2a: Clodsire|Stealth Rock|p1a: Sing Queen\n|-sidestart|p1: Sol CPU|move: Stealth Rock\n|\n|upkeep\n|turn|4\n|\n|t:|1701146528\n|move|p1a: Sing Queen|Energy Ball|p2a: Clodsire\n|-crit|p2a: Clodsire\n|-damage|p2a: Clodsire|53\/100\n|move|p2a: Clodsire|Earthquake|p1a: Sing Queen\n|-damage|p1a: Sing Queen|74\/100\n|\n|upkeep\n|turn|5\n|\n|t:|1701146544\n|move|p1a: Sing Queen|Hyper Voice|p2a: Clodsire\n|-damage|p2a: Clodsire|34\/100\n|move|p2a: Clodsire|Recover|p2a: Clodsire\n|-heal|p2a: Clodsire|84\/100\n|\n|upkeep\n|turn|6\n|\n|t:|1701146555\n|move|p1a: Sing Queen|Psychic|p2a: Clodsire\n|-supereffective|p2a: Clodsire\n|-damage|p2a: Clodsire|45\/100\n|move|p2a: Clodsire|Stone Edge|p1a: Sing Queen|[miss]\n|-miss|p2a: Clodsire|p1a: Sing Queen\n|\n|upkeep\n|turn|7\n|\n|t:|1701146562\n|move|p1a: Sing Queen|Psychic|p2a: Clodsire\n|-supereffective|p2a: Clodsire\n|-damage|p2a: Clodsire|4\/100\n|-enditem|p2a: Clodsire|Aguav Berry|[eat]\n|-heal|p2a: Clodsire|37\/100|[from] item: Aguav Berry\n|move|p2a: Clodsire|Recover|p2a: Clodsire\n|-heal|p2a: Clodsire|87\/100\n|\n|upkeep\n|turn|8\n|\n|t:|1701146577\n|switch|p2a: Grimmsnarl|Grimmsnarl, M|100\/100\n|move|p1a: Sing Queen|Psychic|p2a: Grimmsnarl\n|-immune|p2a: Grimmsnarl\n|\n|-sideend|p2: Astyr.Pygos|move: Light Screen\n|upkeep\n|turn|9\n|\n|t:|1701146590\n|move|p2a: Grimmsnarl|Light Screen|p2a: Grimmsnarl\n|-sidestart|p2: Astyr.Pygos|move: Light Screen\n|move|p1a: Sing Queen|Hyper Voice|p2a: Grimmsnarl\n|-damage|p2a: Grimmsnarl|81\/100\n|\n|upkeep\n|turn|10\n|\n|t:|1701146601\n|move|p2a: Grimmsnarl|Sucker Punch|p1a: Sing Queen\n|-supereffective|p1a: Sing Queen\n|-damage|p1a: Sing Queen|17\/100\n|move|p1a: Sing Queen|Hyper Voice|p2a: Grimmsnarl\n|-damage|p2a: Grimmsnarl|62\/100\n|\n|upkeep\n|turn|11\n|\n|t:|1701146612\n|-terastallize|p1a: Sing Queen|Steel\n|move|p2a: Grimmsnarl|Parting Shot|p1a: Sing Queen\n|-unboost|p1a: Sing Queen|atk|1\n|-unboost|p1a: Sing Queen|spa|1\n|\n|t:|1701146658\n|switch|p2a: Rotom|Rotom-Wash|100\/100|[from] Parting Shot\n|move|p1a: Sing Queen|Hyper Voice|p2a: Rotom\n|-damage|p2a: Rotom|82\/100\n|\n|upkeep\n|turn|12\n|\n|t:|1701146670\n|move|p1a: Sing Queen|Energy Ball|p2a: Rotom\n|-supereffective|p2a: Rotom\n|-damage|p2a: Rotom|58\/100\n|move|p2a: Rotom|Volt Switch|p1a: Sing Queen\n|-damage|p1a: Sing Queen|5\/100\n|\n|t:|1701146707\n|switch|p2a: Grimmsnarl|Grimmsnarl, M|62\/100|[from] Volt Switch\n|\n|upkeep\n|turn|13\n|\n|t:|1701146713\n|move|p2a: Grimmsnarl|Sucker Punch|p1a: Sing Queen\n|-damage|p1a: Sing Queen|0 fnt\n|faint|p1a: Sing Queen\n|\n|upkeep\n|\n|t:|1701146731\n|switch|p1a: Mr. Genie Man|Thundurus, M, shiny|100\/100\n|turn|14\n|\n|t:|1701146780\n|move|p2a: Grimmsnarl|Parting Shot|p1a: Mr. Genie Man\n|-unboost|p1a: Mr. Genie Man|atk|1\n|-ability|p1a: Mr. Genie Man|Defiant|boost\n|-boost|p1a: Mr. Genie Man|atk|2\n|-unboost|p1a: Mr. Genie Man|spa|1\n|-ability|p1a: Mr. Genie Man|Defiant|boost\n|-boost|p1a: Mr. Genie Man|atk|2\n|\n|t:|1701146795\n|switch|p2a: Tatsugiri|Tatsugiri, F|100\/100|[from] Parting Shot\n|move|p1a: Mr. Genie Man|Taunt|p2a: Tatsugiri\n|-start|p2a: Tatsugiri|move: Taunt\n|\n|upkeep\n|turn|15\n|\n|t:|1701146862\n|move|p1a: Mr. Genie Man|Thunderbolt|p2a: Tatsugiri\n|-damage|p2a: Tatsugiri|85\/100\n|move|p2a: Tatsugiri|Surf|p1a: Mr. Genie Man\n|-crit|p1a: Mr. Genie Man\n|-damage|p1a: Mr. Genie Man|32\/100\n|\n|-heal|p2a: Tatsugiri|91\/100|[from] item: Leftovers\n|upkeep\n|turn|16\n|\n|t:|1701146879\n|move|p1a: Mr. Genie Man|Thunderbolt|p2a: Tatsugiri\n|-damage|p2a: Tatsugiri|74\/100\n|move|p2a: Tatsugiri|Dragon Pulse|p1a: Mr. Genie Man\n|-damage|p1a: Mr. Genie Man|0 fnt\n|faint|p1a: Mr. Genie Man\n|\n|-heal|p2a: Tatsugiri|80\/100|[from] item: Leftovers\n|-end|p2a: Tatsugiri|move: Taunt\n|-sideend|p2: Astyr.Pygos|move: Light Screen\n|upkeep\n|\n|t:|1701146888\n|switch|p1a: Cave Loiterer|Articuno|100\/100\n|-damage|p1a: Cave Loiterer|51\/100|[from] Stealth Rock\n|-ability|p1a: Cave Loiterer|Pressure\n|turn|17\n|\n|t:|1701146904\n|move|p2a: Tatsugiri|Protect|p2a: Tatsugiri\n|-singleturn|p2a: Tatsugiri|Protect\n|move|p1a: Cave Loiterer|Roost|p1a: Cave Loiterer\n|-heal|p1a: Cave Loiterer|100\/100\n|-singleturn|p1a: Cave Loiterer|move: Roost\n|\n|-heal|p2a: Tatsugiri|87\/100|[from] item: Leftovers\n|upkeep\n|turn|18\n|\n|t:|1701146944\n|switch|p2a: Grimmsnarl|Grimmsnarl, M|62\/100\n|move|p1a: Cave Loiterer|Freeze-Dry|p2a: Grimmsnarl\n|-damage|p2a: Grimmsnarl|44\/100\n|\n|upkeep\n|turn|19\n|\n|t:|1701146954\n|move|p2a: Grimmsnarl|Light Screen|p2a: Grimmsnarl\n|-sidestart|p2: Astyr.Pygos|move: Light Screen\n|move|p1a: Cave Loiterer|Ancient Power|p2a: Grimmsnarl\n|-damage|p2a: Grimmsnarl|39\/100\n|\n|upkeep\n|turn|20\n|\n|t:|1701146965\n|move|p2a: Grimmsnarl|Parting Shot|p1a: Cave Loiterer\n|-unboost|p1a: Cave Loiterer|atk|1\n|-unboost|p1a: Cave Loiterer|spa|1\n|\n|t:|1701146971\n|switch|p2a: Ceruledge|Ceruledge, F|100\/100|[from] Parting Shot\n|move|p1a: Cave Loiterer|Ancient Power|p2a: Ceruledge\n|-supereffective|p2a: Ceruledge\n|-damage|p2a: Ceruledge|91\/100\n|\n|upkeep\n|turn|21\n|\n|t:|1701146981\n|move|p2a: Ceruledge|Swords Dance|p2a: Ceruledge\n|-boost|p2a: Ceruledge|atk|2\n|move|p1a: Cave Loiterer|Ancient Power|p2a: Ceruledge\n|-supereffective|p2a: Ceruledge\n|-damage|p2a: Ceruledge|79\/100\n|\n|upkeep\n|turn|22\n|\n|t:|1701147000\n|switch|p1a: GET 'EM BOYS|Great Tusk|100\/100\n|-damage|p1a: GET 'EM BOYS|98\/100|[from] Stealth Rock\n|-enditem|p1a: GET 'EM BOYS|Booster Energy\n|-activate|p1a: GET 'EM BOYS|ability: Protosynthesis|[fromitem]\n|-start|p1a: GET 'EM BOYS|protosynthesisatk\n|move|p2a: Ceruledge|Swords Dance|p2a: Ceruledge\n|-boost|p2a: Ceruledge|atk|2\n|\n|upkeep\n|turn|23\n|\n|t:|1701147026\n|move|p2a: Ceruledge|Shadow Sneak|p1a: GET 'EM BOYS\n|-damage|p1a: GET 'EM BOYS|52\/100\n|move|p1a: GET 'EM BOYS|Knock Off|p2a: Ceruledge\n|-supereffective|p2a: Ceruledge\n|-damage|p2a: Ceruledge|0 fnt\n|-enditem|p2a: Ceruledge|Focus Sash|[from] move: Knock Off|[of] p1a: GET 'EM BOYS\n|faint|p2a: Ceruledge\n|\n|upkeep\n|\n|t:|1701147044\n|switch|p2a: Iron Valiant|Iron Valiant|100\/100\n|turn|24\n|\n|t:|1701147061\n|move|p2a: Iron Valiant|Moonblast|p1a: GET 'EM BOYS\n|-supereffective|p1a: GET 'EM BOYS\n|-damage|p1a: GET 'EM BOYS|0 fnt\n|faint|p1a: GET 'EM BOYS\n|-end|p1a: GET 'EM BOYS|Protosynthesis|[silent]\n|-damage|p2a: Iron Valiant|91\/100|[from] item: Life Orb\n|\n|upkeep\n|\n|t:|1701147068\n|switch|p1a: Cave Loiterer|Articuno|100\/100\n|-damage|p1a: Cave Loiterer|51\/100|[from] Stealth Rock\n|-ability|p1a: Cave Loiterer|Pressure\n|turn|25\n|\n|t:|1701147080\n|move|p2a: Iron Valiant|Thunderbolt|p1a: Cave Loiterer\n|-supereffective|p1a: Cave Loiterer\n|-damage|p1a: Cave Loiterer|0 fnt\n|faint|p1a: Cave Loiterer\n|-damage|p2a: Iron Valiant|81\/100|[from] item: Life Orb\n|\n|upkeep\n|\n|t:|1701147100\n|switch|p1a: Not Kingdra|Dragalge, M|100\/100\n|-damage|p1a: Not Kingdra|88\/100|[from] Stealth Rock\n|turn|26\n|\n|t:|1701147120\n|move|p2a: Iron Valiant|Psyshock|p1a: Not Kingdra\n|-supereffective|p1a: Not Kingdra\n|-damage|p1a: Not Kingdra|26\/100\n|-damage|p2a: Iron Valiant|71\/100|[from] item: Life Orb\n|move|p1a: Not Kingdra|Sludge Bomb|p2a: Iron Valiant\n|-supereffective|p2a: Iron Valiant\n|-damage|p2a: Iron Valiant|2\/100\n|\n|-heal|p1a: Not Kingdra|32\/100|[from] item: Black Sludge\n|-sideend|p2: Astyr.Pygos|move: Light Screen\n|upkeep\n|turn|27\n|\n|t:|1701147133\n|move|p1a: Not Kingdra|Protect|p1a: Not Kingdra\n|-singleturn|p1a: Not Kingdra|Protect\n|move|p2a: Iron Valiant|Psyshock|p1a: Not Kingdra\n|-activate|p1a: Not Kingdra|move: Protect\n|\n|-heal|p1a: Not Kingdra|38\/100|[from] item: Black Sludge\n|upkeep\n|turn|28\n|\n|t:|1701147153\n|move|p1a: Not Kingdra|Protect||[still]\n|-fail|p1a: Not Kingdra\n|move|p2a: Iron Valiant|Psyshock|p1a: Not Kingdra\n|-supereffective|p1a: Not Kingdra\n|-damage|p1a: Not Kingdra|0 fnt\n|faint|p1a: Not Kingdra\n|-damage|p2a: Iron Valiant|0 fnt|[from] item: Life Orb\n|faint|p2a: Iron Valiant\n|-end|p2a: Iron Valiant|Quark Drive|[silent]\n|\n|upkeep\n|\n|t:|1701147169\n|switch|p2a: Grimmsnarl|Grimmsnarl, M|39\/100\n|switch|p1a: M O T H|Volcarona, F|100\/100\n|-damage|p1a: M O T H|51\/100|[from] Stealth Rock\n|turn|29\n|\n|t:|1701147176\n|move|p2a: Grimmsnarl|Light Screen|p2a: Grimmsnarl\n|-sidestart|p2: Astyr.Pygos|move: Light Screen\n|move|p1a: M O T H|Quiver Dance|p1a: M O T H\n|-boost|p1a: M O T H|spa|1\n|-boost|p1a: M O T H|spd|1\n|-boost|p1a: M O T H|spe|1\n|\n|-heal|p1a: M O T H|57\/100|[from] item: Leftovers\n|upkeep\n|turn|30\n|\n|t:|1701147182\n|move|p2a: Grimmsnarl|Parting Shot|p1a: M O T H\n|-unboost|p1a: M O T H|atk|1\n|-unboost|p1a: M O T H|spa|1\n|\n|t:|1701147185\n|switch|p2a: Clodsire|Clodsire, F|87\/100|[from] Parting Shot\n|move|p1a: M O T H|Quiver Dance|p1a: M O T H\n|-boost|p1a: M O T H|spa|1\n|-boost|p1a: M O T H|spd|1\n|-boost|p1a: M O T H|spe|1\n|\n|-heal|p1a: M O T H|63\/100|[from] item: Leftovers\n|upkeep\n|turn|31\n|\n|t:|1701147196\n|move|p1a: M O T H|Bug Buzz|p2a: Clodsire\n|-resisted|p2a: Clodsire\n|-damage|p2a: Clodsire|80\/100\n|move|p2a: Clodsire|Stone Edge|p1a: M O T H|[miss]\n|-miss|p2a: Clodsire|p1a: M O T H\n|\n|-heal|p1a: M O T H|69\/100|[from] item: Leftovers\n|upkeep\n|turn|32\n|\n|t:|1701147204\n|move|p1a: M O T H|Bug Buzz|p2a: Clodsire\n|-resisted|p2a: Clodsire\n|-damage|p2a: Clodsire|74\/100\n|-unboost|p2a: Clodsire|spd|1\n|move|p2a: Clodsire|Stone Edge|p1a: M O T H\n|-supereffective|p1a: M O T H\n|-damage|p1a: M O T H|0 fnt\n|faint|p1a: M O T H\n|\n|win|Astyr.Pygos\n|l|\u2606Sol CPU\n|c|\u2606Astyr.Pygos|ggs\n","uploadtime":1701147253,"views":24,"p1id":"solcpu","p2id":"astyrpygos","formatid":"gen9ubers","rating":0,"private":0,"password":""}