{"id":"gen9ubers-1986708213","p1":"fat serbian guy","p2":"smite nite","format":"[Gen 9] Ubers","log":"|j|\u2606fat serbian guy\n|j|\u2606smite nite\n|t:|1699511562\n|gametype|singles\n|player|p1|fat serbian guy|fisherman-gen4|1154\n|player|p2|smite nite|pokefan-gen4|1399\n|teamsize|p1|6\n|teamsize|p2|6\n|gen|9\n|tier|[Gen 9] Ubers\n|rated|\n|rule|Sleep Clause Mod: Limit one foe put to sleep\n|rule|Species Clause: Limit one of each Pok\u00e9mon\n|rule|OHKO Clause: OHKO moves are banned\n|rule|Evasion Items Clause: Evasion items are banned\n|rule|Evasion Moves Clause: Evasion moves are banned\n|rule|Endless Battle Clause: Forcing endless battles is banned\n|rule|HP Percentage Mod: HP is shown in percentages\n|clearpoke\n|poke|p1|Miraidon|\n|poke|p1|Koraidon|\n|poke|p1|Arceus-Water|\n|poke|p1|Gliscor, M|\n|poke|p1|Calyrex-Ice|\n|poke|p1|Clodsire, F|\n|poke|p2|Koraidon|\n|poke|p2|Kyogre|\n|poke|p2|Arceus|\n|poke|p2|Great Tusk|\n|poke|p2|Miraidon|\n|poke|p2|Skeledirge, F|\n|teampreview\n|inactive|Battle timer is ON: inactive players will automatically lose when time's up. (requested by smite nite)\n|j| Taka\n|\n|t:|1699511573\n|start\n|switch|p1a: Miraidon|Miraidon|100\/100\n|switch|p2a: Kyogre|Kyogre|100\/100\n|-weather|RainDance|[from] ability: Drizzle|[of] p2a: Kyogre\n|-fieldstart|move: Electric Terrain|[from] ability: Hadron Engine|[of] p1a: Miraidon\n|turn|1\n|\n|t:|1699511587\n|switch|p2a: Great Tusk|Great Tusk|100\/100\n|move|p1a: Miraidon|Parabolic Charge|p2a: Great Tusk\n|-immune|p2a: Great Tusk\n|\n|-weather|RainDance|[upkeep]\n|upkeep\n|turn|2\n|\n|t:|1699511592\n|move|p2a: Great Tusk|Headlong Rush|p1a: Miraidon\n|-supereffective|p1a: Miraidon\n|-damage|p1a: Miraidon|0 fnt\n|-unboost|p2a: Great Tusk|def|1\n|-unboost|p2a: Great Tusk|spd|1\n|faint|p1a: Miraidon\n|\n|-weather|RainDance|[upkeep]\n|upkeep\n|c| Taka|btw\n|c| Taka|draco ohkos ogre from full if its not defensive\n|inactive|fat serbian guy has 120 seconds left.\n|c|\u2606fat serbian guy|it says 98\n|c|\u2606fat serbian guy|max\n|c| Taka|im blind\n|c| Taka|and tied\n|c| Taka|nvm\n|c| Taka|anyways good luck\n|c| Taka|i gotta sleep\n|c|\u2606fat serbian guy|thanks taka\n|c| Taka|np\n|c| Taka|gl\n|l| Taka\n|\n|t:|1699511651\n|switch|p1a: Arceus|Arceus-Water|100\/100\n|turn|3\n|l|\u2606smite nite\n|inactive|smite nite disconnected and has a minute to reconnect!\n|player|p2|\n|j|\u2606smite nite\n|inactive|smite nite reconnected and has 135 seconds left.\n|player|p2|smite nite|pokefan-gen4\n|\n|t:|1699511668\n|-end|p2a: Great Tusk|Protosynthesis|[silent]\n|switch|p2a: Miraidon|Miraidon|100\/100\n|-activate|p2a: Miraidon|ability: Hadron Engine\n|move|p1a: Arceus|Judgment|p2a: Miraidon\n|-resisted|p2a: Miraidon\n|-damage|p2a: Miraidon|66\/100\n|\n|-weather|RainDance|[upkeep]\n|upkeep\n|turn|4\n|\n|t:|1699511672\n|switch|p1a: Clodsire|Clodsire, F|100\/100\n|move|p2a: Miraidon|Draco Meteor|p1a: Clodsire\n|-damage|p1a: Clodsire|53\/100\n|-unboost|p2a: Miraidon|spa|2\n|\n|-weather|RainDance|[upkeep]\n|upkeep\n|turn|5\n|inactive|fat serbian guy has 120 seconds left.\n|\n|t:|1699511682\n|switch|p2a: Great Tusk|Great Tusk|100\/100\n|move|p1a: Clodsire|Recover|p1a: Clodsire\n|-heal|p1a: Clodsire|100\/100\n|\n|-weather|none\n|-fieldend|move: Electric Terrain\n|upkeep\n|turn|6\n|\n|t:|1699511685\n|-end|p2a: Great Tusk|Protosynthesis|[silent]\n|switch|p2a: Kyogre|Kyogre|100\/100\n|-weather|RainDance|[from] ability: Drizzle|[of] p2a: Kyogre\n|switch|p1a: Gliscor|Gliscor, M|100\/100\n|\n|-weather|RainDance|[upkeep]\n|-status|p1a: Gliscor|tox|[from] item: Toxic Orb\n|upkeep\n|turn|7\n|\n|t:|1699511688\n|switch|p1a: Clodsire|Clodsire, F|100\/100\n|move|p2a: Kyogre|Ice Beam|p1a: Clodsire\n|-supereffective|p1a: Clodsire\n|-damage|p1a: Clodsire|60\/100\n|\n|-weather|RainDance|[upkeep]\n|upkeep\n|turn|8\n|\n|t:|1699511694\n|move|p2a: Kyogre|Ice Beam|p1a: Clodsire\n|-supereffective|p1a: Clodsire\n|-damage|p1a: Clodsire|26\/100\n|move|p1a: Clodsire|Recover|p1a: Clodsire\n|-heal|p1a: Clodsire|76\/100\n|\n|-weather|RainDance|[upkeep]\n|upkeep\n|turn|9\n|\n|t:|1699511698\n|switch|p1a: Arceus|Arceus-Water|100\/100\n|move|p2a: Kyogre|Ice Beam|p1a: Arceus\n|-resisted|p1a: Arceus\n|-damage|p1a: Arceus|89\/100\n|\n|-weather|RainDance|[upkeep]\n|upkeep\n|turn|10\n|\n|t:|1699511708\n|switch|p2a: Miraidon|Miraidon|66\/100\n|-fieldstart|move: Electric Terrain|[from] ability: Hadron Engine|[of] p2a: Miraidon\n|move|p1a: Arceus|Will-O-Wisp|p2a: Miraidon\n|-status|p2a: Miraidon|brn\n|\n|-weather|none\n|-damage|p2a: Miraidon|60\/100 brn|[from] brn\n|upkeep\n|turn|11\n|\n|t:|1699511714\n|switch|p1a: Clodsire|Clodsire, F|76\/100\n|move|p2a: Miraidon|Draco Meteor|p1a: Clodsire\n|-damage|p1a: Clodsire|25\/100\n|-unboost|p2a: Miraidon|spa|2\n|\n|-damage|p2a: Miraidon|54\/100 brn|[from] brn\n|upkeep\n|turn|12\n|\n|t:|1699511723\n|move|p2a: Miraidon|Draco Meteor|p1a: Clodsire\n|-damage|p1a: Clodsire|0 fnt\n|-unboost|p2a: Miraidon|spa|2\n|faint|p1a: Clodsire\n|\n|-damage|p2a: Miraidon|48\/100 brn|[from] brn\n|upkeep\n|\n|t:|1699511728\n|switch|p1a: Calyrex|Calyrex-Ice|100\/100\n|-ability|p1a: Calyrex|As One\n|-ability|p1a: Calyrex|Unnerve\n|turn|13\n|\n|t:|1699511731\n|switch|p2a: Skeledirge|Skeledirge, F|100\/100\n|move|p1a: Calyrex|Trick Room|p1a: Calyrex\n|-fieldstart|move: Trick Room|[of] p1a: Calyrex\n|\n|upkeep\n|turn|14\n|\n|t:|1699511734\n|-terastallize|p1a: Calyrex|Fire\n|move|p1a: Calyrex|High Horsepower|p2a: Skeledirge\n|-supereffective|p2a: Skeledirge\n|-damage|p2a: Skeledirge|52\/100\n|move|p2a: Skeledirge|Will-O-Wisp|p1a: Calyrex\n|-immune|p1a: Calyrex\n|\n|-fieldend|move: Electric Terrain\n|upkeep\n|turn|15\n|\n|t:|1699511746\n|move|p1a: Calyrex|High Horsepower|p2a: Skeledirge\n|-supereffective|p2a: Skeledirge\n|-damage|p2a: Skeledirge|2\/100\n|move|p2a: Skeledirge|Hex|p1a: Calyrex\n|-damage|p1a: Calyrex|86\/100\n|\n|upkeep\n|turn|16\n|\n|t:|1699511753\n|move|p1a: Calyrex|Glacial Lance|p2a: Skeledirge\n|-resisted|p2a: Skeledirge\n|-damage|p2a: Skeledirge|0 fnt\n|faint|p2a: Skeledirge\n|-ability|p1a: Calyrex|Chilling Neigh|boost\n|-boost|p1a: Calyrex|atk|1\n|\n|upkeep\n|\n|t:|1699511759\n|switch|p2a: Arceus|Arceus, shiny|100\/100\n|turn|17\n|\n|t:|1699511769\n|switch|p2a: Miraidon|Miraidon|48\/100 brn\n|-fieldstart|move: Electric Terrain|[from] ability: Hadron Engine|[of] p2a: Miraidon\n|move|p1a: Calyrex|Glacial Lance|p2a: Miraidon\n|-supereffective|p2a: Miraidon\n|-damage|p2a: Miraidon|0 fnt\n|faint|p2a: Miraidon\n|-ability|p1a: Calyrex|Chilling Neigh|boost\n|-boost|p1a: Calyrex|atk|1\n|\n|-fieldend|move: Trick Room\n|upkeep\n|\n|t:|1699511775\n|switch|p2a: Kyogre|Kyogre|100\/100\n|-weather|RainDance|[from] ability: Drizzle|[of] p2a: Kyogre\n|turn|18\n|\n|t:|1699511780\n|switch|p1a: Arceus|Arceus-Water|89\/100\n|move|p2a: Kyogre|Water Spout|p1a: Arceus\n|-resisted|p1a: Arceus\n|-damage|p1a: Arceus|43\/100\n|\n|-weather|RainDance|[upkeep]\n|upkeep\n|turn|19\n|\n|t:|1699511786\n|switch|p1a: Koraidon|Koraidon|100\/100\n|-weather|SunnyDay|[from] ability: Orichalcum Pulse|[of] p1a: Koraidon\n|-activate|p1a: Koraidon|Orichalcum Pulse|[source]\n|-terastallize|p2a: Kyogre|Water\n|move|p2a: Kyogre|Water Spout|p1a: Koraidon\n|-resisted|p1a: Koraidon\n|-damage|p1a: Koraidon|71\/100\n|\n|-weather|SunnyDay|[upkeep]\n|upkeep\n|turn|20\n|\n|t:|1699511795\n|switch|p2a: Great Tusk|Great Tusk|100\/100\n|-activate|p2a: Great Tusk|ability: Protosynthesis\n|-start|p2a: Great Tusk|protosynthesisatk\n|move|p1a: Koraidon|Low Kick|p2a: Great Tusk\n|-damage|p2a: Great Tusk|37\/100\n|\n|-weather|SunnyDay|[upkeep]\n|upkeep\n|turn|21\n|\n|t:|1699511798\n|move|p1a: Koraidon|Low Kick|p2a: Great Tusk\n|-damage|p2a: Great Tusk|0 fnt\n|faint|p2a: Great Tusk\n|-end|p2a: Great Tusk|Protosynthesis|[silent]\n|\n|-weather|SunnyDay|[upkeep]\n|-fieldend|move: Electric Terrain\n|upkeep\n|\n|t:|1699511803\n|switch|p2a: Arceus|Arceus, shiny|100\/100\n|turn|22\n|\n|t:|1699511811\n|move|p2a: Arceus|Extreme Speed|p1a: Koraidon\n|-damage|p1a: Koraidon|21\/100\n|-damage|p2a: Arceus|91\/100|[from] item: Life Orb\n|move|p1a: Koraidon|Low Kick|p2a: Arceus\n|-supereffective|p2a: Arceus\n|-damage|p2a: Arceus|0 fnt\n|faint|p2a: Arceus\n|\n|-weather|SunnyDay|[upkeep]\n|upkeep\n|\n|t:|1699511816\n|switch|p2a: Koraidon|Koraidon|100\/100\n|-activate|p2a: Koraidon|ability: Orichalcum Pulse\n|turn|23\n|\n|t:|1699511828\n|move|p1a: Koraidon|Low Kick|p2a: Koraidon\n|-damage|p2a: Koraidon|28\/100\n|move|p2a: Koraidon|Scale Shot|p1a: Koraidon\n|-supereffective|p1a: Koraidon\n|-damage|p1a: Koraidon|0 fnt\n|faint|p1a: Koraidon\n|-hitcount|p1: Koraidon|1\n|-unboost|p2a: Koraidon|def|1\n|-boost|p2a: Koraidon|spe|1\n|\n|-weather|none\n|upkeep\n|\n|t:|1699511832\n|switch|p1a: Gliscor|Gliscor, M|100\/100 tox\n|turn|24\n|\n|t:|1699511835\n|switch|p2a: Kyogre|Kyogre, tera:Water|100\/100\n|-weather|RainDance|[from] ability: Drizzle|[of] p2a: Kyogre\n|move|p1a: Gliscor|Earthquake|p2a: Kyogre\n|-damage|p2a: Kyogre|66\/100\n|\n|-weather|RainDance|[upkeep]\n|upkeep\n|turn|25\n|\n|t:|1699511838\n|move|p1a: Gliscor|Protect|p1a: Gliscor\n|-singleturn|p1a: Gliscor|Protect\n|move|p2a: Kyogre|Thunder|p1a: Gliscor\n|-activate|p1a: Gliscor|move: Protect\n|\n|-weather|RainDance|[upkeep]\n|upkeep\n|turn|26\n|\n|t:|1699511844\n|switch|p2a: Koraidon|Koraidon|28\/100\n|-weather|SunnyDay|[from] ability: Orichalcum Pulse|[of] p2a: Koraidon\n|-activate|p2a: Koraidon|Orichalcum Pulse|[source]\n|move|p1a: Gliscor|Toxic|p2a: Koraidon\n|-status|p2a: Koraidon|tox\n|\n|-weather|SunnyDay|[upkeep]\n|-damage|p2a: Koraidon|22\/100 tox|[from] psn\n|upkeep\n|turn|27\n|\n|t:|1699511851\n|move|p1a: Gliscor|Protect|p1a: Gliscor\n|-singleturn|p1a: Gliscor|Protect\n|move|p2a: Koraidon|Collision Course|p1a: Gliscor\n|-activate|p1a: Gliscor|move: Protect\n|\n|-weather|SunnyDay|[upkeep]\n|-damage|p2a: Koraidon|10\/100 tox|[from] psn\n|upkeep\n|turn|28\n|\n|t:|1699511860\n|move|p2a: Koraidon|Scale Shot|p1a: Gliscor\n|-damage|p1a: Gliscor|87\/100 tox\n|-damage|p1a: Gliscor|74\/100 tox\n|-damage|p1a: Gliscor|60\/100 tox\n|-damage|p1a: Gliscor|47\/100 tox\n|-damage|p1a: Gliscor|33\/100 tox\n|-hitcount|p1a: Gliscor|5\n|-unboost|p2a: Koraidon|def|1\n|-boost|p2a: Koraidon|spe|1\n|move|p1a: Gliscor|Earthquake|p2a: Koraidon\n|-damage|p2a: Koraidon|0 fnt\n|faint|p2a: Koraidon\n|\n|-weather|SunnyDay|[upkeep]\n|-heal|p1a: Gliscor|46\/100 tox|[from] ability: Poison Heal\n|upkeep\n|\n|t:|1699511861\n|switch|p2a: Kyogre|Kyogre, tera:Water|66\/100\n|-weather|RainDance|[from] ability: Drizzle|[of] p2a: Kyogre\n|turn|29\n|\n|t:|1699511863\n|move|p1a: Gliscor|Protect|p1a: Gliscor\n|-singleturn|p1a: Gliscor|Protect\n|move|p2a: Kyogre|Surf|p1a: Gliscor\n|-activate|p1a: Gliscor|move: Protect\n|\n|-weather|RainDance|[upkeep]\n|-heal|p1a: Gliscor|58\/100 tox|[from] ability: Poison Heal\n|upkeep\n|turn|30\n|\n|t:|1699511868\n|move|p2a: Kyogre|Surf|p1a: Gliscor\n|-supereffective|p1a: Gliscor\n|-damage|p1a: Gliscor|0 fnt\n|faint|p1a: Gliscor\n|\n|-weather|RainDance|[upkeep]\n|upkeep\n|\n|t:|1699511870\n|switch|p1a: Arceus|Arceus-Water|43\/100\n|turn|31\n|\n|t:|1699511872\n|move|p2a: Kyogre|Surf|p1a: Arceus\n|-resisted|p1a: Arceus\n|-damage|p1a: Arceus|6\/100\n|move|p1a: Arceus|Recover|p1a: Arceus\n|-heal|p1a: Arceus|56\/100\n|\n|-weather|RainDance|[upkeep]\n|upkeep\n|turn|32\n|\n|t:|1699511874\n|move|p2a: Kyogre|Surf|p1a: Arceus\n|-resisted|p1a: Arceus\n|-damage|p1a: Arceus|21\/100\n|move|p1a: Arceus|Recover|p1a: Arceus\n|-heal|p1a: Arceus|71\/100\n|\n|-weather|RainDance|[upkeep]\n|upkeep\n|turn|33\n|\n|t:|1699511876\n|move|p2a: Kyogre|Surf|p1a: Arceus\n|-resisted|p1a: Arceus\n|-damage|p1a: Arceus|37\/100\n|move|p1a: Arceus|Recover|p1a: Arceus\n|-heal|p1a: Arceus|87\/100\n|\n|-weather|none\n|upkeep\n|turn|34\n|\n|t:|1699511879\n|move|p2a: Kyogre|Surf|p1a: Arceus\n|-resisted|p1a: Arceus\n|-damage|p1a: Arceus|65\/100\n|move|p1a: Arceus|Will-O-Wisp|p2a: Kyogre\n|-status|p2a: Kyogre|brn\n|\n|-damage|p2a: Kyogre|60\/100 brn|[from] brn\n|upkeep\n|turn|35\n|\n|t:|1699511881\n|move|p2a: Kyogre|Surf|p1a: Arceus\n|-resisted|p1a: Arceus\n|-damage|p1a: Arceus|40\/100\n|move|p1a: Arceus|Recover|p1a: Arceus\n|-heal|p1a: Arceus|90\/100\n|\n|-damage|p2a: Kyogre|54\/100 brn|[from] brn\n|upkeep\n|turn|36\n|\n|t:|1699511885\n|move|p2a: Kyogre|Surf|p1a: Arceus\n|-resisted|p1a: Arceus\n|-damage|p1a: Arceus|69\/100\n|move|p1a: Arceus|Judgment|p2a: Kyogre\n|-resisted|p2a: Kyogre\n|-damage|p2a: Kyogre|37\/100 brn\n|\n|-damage|p2a: Kyogre|31\/100 brn|[from] brn\n|upkeep\n|turn|37\n|\n|t:|1699511894\n|move|p2a: Kyogre|Surf|p1a: Arceus\n|-resisted|p1a: Arceus\n|-damage|p1a: Arceus|48\/100\n|move|p1a: Arceus|Judgment|p2a: Kyogre\n|-resisted|p2a: Kyogre\n|-damage|p2a: Kyogre|12\/100 brn\n|\n|-damage|p2a: Kyogre|5\/100 brn|[from] brn\n|upkeep\n|turn|38\n|\n|t:|1699511897\n|move|p2a: Kyogre|Surf|p1a: Arceus\n|-resisted|p1a: Arceus\n|-damage|p1a: Arceus|26\/100\n|move|p1a: Arceus|Recover|p1a: Arceus\n|-heal|p1a: Arceus|76\/100\n|\n|-damage|p2a: Kyogre|0 fnt|[from] brn\n|faint|p2a: Kyogre\n|\n|win|fat serbian guy\n|upkeep\n|raw|fat serbian guy's rating: 1154 &rarr; <strong>1194<\/strong><br \/>(+40 for winning)\n|raw|smite nite's rating: 1399 &rarr; <strong>1367<\/strong><br \/>(-32 for losing)\n","uploadtime":1699511902,"views":6,"p1id":"fatserbianguy","p2id":"smitenite","formatid":"gen9ubers","rating":1194,"private":0,"password":""}