{"id":"gen9ubers-1977871008","p1":"Destroy Smoochie","p2":"Lag_247","format":"[Gen 9] Ubers","log":"|j|\u2606Destroy Smoochie\n|j|\u2606Lag_247\n|t:|1698459891\n|gametype|singles\n|player|p1|Destroy Smoochie|psychic-gen3rs|\n|player|p2|Lag_247|101|\n|teamsize|p1|6\n|teamsize|p2|6\n|gen|9\n|tier|[Gen 9] Ubers\n|rule|Sleep Clause Mod: Limit one foe put to sleep\n|rule|Species Clause: Limit one of each Pok\u00e9mon\n|rule|OHKO Clause: OHKO moves are banned\n|rule|Evasion Items Clause: Evasion items are banned\n|rule|Evasion Moves Clause: Evasion moves are banned\n|rule|Endless Battle Clause: Forcing endless battles is banned\n|rule|HP Percentage Mod: HP is shown in percentages\n|clearpoke\n|poke|p1|Sneasler, M|\n|poke|p1|Clodsire, M|\n|poke|p1|Ogerpon-Hearthflame, F|\n|poke|p1|Polteageist|\n|poke|p1|Indeedee, M|\n|poke|p1|Mew|\n|poke|p2|Iron Leaves|\n|poke|p2|Fezandipiti, M|\n|poke|p2|Urshifu-*, M|\n|poke|p2|Iron Moth|\n|poke|p2|Baxcalibur, M|\n|poke|p2|Florges, F|\n|teampreview\n|inactive|Battle timer is ON: inactive players will automatically lose when time's up. (requested by Destroy Smoochie)\n|j| Willish6634\n|inactiveoff|Battle timer is now OFF.\n|j| ampharosaunt11\n|j| Judgieiscool\n|inactive|Battle timer is ON: inactive players will automatically lose when time's up. (requested by Destroy Smoochie)\n|\n|t:|1698459951\n|start\n|switch|p1a: Clodsire|Clodsire, M, shiny|100\/100\n|switch|p2a: Iron Leaves|Iron Leaves|100\/100\n|-enditem|p2a: Iron Leaves|Booster Energy\n|-activate|p2a: Iron Leaves|ability: Quark Drive|[fromitem]\n|-start|p2a: Iron Leaves|quarkdriveatk\n|turn|1\n|\n|t:|1698459971\n|switch|p1a: Mew|Mew|100\/100\n|-terastallize|p2a: Iron Leaves|Grass\n|move|p2a: Iron Leaves|Leaf Blade|p1a: Mew\n|-damage|p1a: Mew|32\/100\n|\n|-heal|p1a: Mew|38\/100|[from] item: Leftovers\n|upkeep\n|turn|2\n|c| Willish6634|Off rip\n|c| Willish6634|dayum\n|inactive|Destroy Smoochie has 270 seconds left.\n|\n|t:|1698459996\n|move|p2a: Iron Leaves|Night Slash|p1a: Mew\n|-supereffective|p1a: Mew\n|-damage|p1a: Mew|0 fnt\n|faint|p1a: Mew\n|\n|upkeep\n|inactive|Destroy Smoochie has 270 seconds left.\n|\n|t:|1698460001\n|switch|p1a: Ogerpon|Ogerpon-Hearthflame, F|100\/100\n|-ability|p1a: Ogerpon|Mold Breaker\n|turn|3\n|\n|t:|1698460012\n|move|p1a: Ogerpon|Ivy Cudgel|p2a: Iron Leaves\n|-supereffective|p2a: Iron Leaves\n|-damage|p2a: Iron Leaves|0 fnt\n|faint|p2a: Iron Leaves\n|-end|p2a: Iron Leaves|Quark Drive|[silent]\n|\n|upkeep\n|c| Judgieiscool|BANG!\n|\n|t:|1698460027\n|switch|p2a: Baxcalibur|Baxcalibur, M|100\/100\n|turn|4\n|\n|t:|1698460033\n|move|p1a: Ogerpon|Trailblaze|p2a: Baxcalibur\n|-resisted|p2a: Baxcalibur\n|-damage|p2a: Baxcalibur|86\/100\n|-boost|p1a: Ogerpon|spe|1\n|move|p2a: Baxcalibur|Earthquake|p1a: Ogerpon\n|-damage|p1a: Ogerpon|48\/100\n|\n|upkeep\n|turn|5\n|c| Willish6634|tera\n|c| Willish6634|no balls\n|inactive|Lag_247 has 270 seconds left.\n|c|\u2606Destroy Smoochie|naw i wanna use some other mons\n|\n|t:|1698460076\n|switch|p2a: Florges|Florges, F|100\/100\n|move|p1a: Ogerpon|Ivy Cudgel|p2a: Florges\n|-damage|p2a: Florges|27\/100\n|\n|upkeep\n|turn|6\n|c| Willish6634|:(\n|c| Judgieiscool|style points\n|\n|t:|1698460086\n|move|p1a: Ogerpon|Horn Leech|p2a: Florges\n|-damage|p2a: Florges|0 fnt\n|-heal|p1a: Ogerpon|61\/100|[from] drain|[of] p2a: Florges\n|faint|p2a: Florges\n|\n|upkeep\n|\n|t:|1698460110\n|switch|p2a: Baxcalibur|Baxcalibur, M|86\/100\n|turn|7\n|\n|t:|1698460116\n|move|p1a: Ogerpon|Ivy Cudgel|p2a: Baxcalibur\n|-damage|p2a: Baxcalibur|28\/100\n|-ability|p2a: Baxcalibur|Thermal Exchange|boost\n|-boost|p2a: Baxcalibur|atk|1\n|move|p2a: Baxcalibur|Glaive Rush|p1a: Ogerpon\n|-damage|p1a: Ogerpon|0 fnt\n|-singlemove|p2a: Baxcalibur|Glaive Rush|[silent]\n|faint|p1a: Ogerpon\n|\n|upkeep\n|\n|t:|1698460124\n|switch|p1a: Indeedee|Indeedee, M|100\/100\n|-fieldstart|move: Psychic Terrain|[from] ability: Psychic Surge|[of] p1a: Indeedee\n|turn|8\n|\n|t:|1698460134\n|move|p1a: Indeedee|Psychic|p2a: Baxcalibur\n|-damage|p2a: Baxcalibur|0 fnt\n|faint|p2a: Baxcalibur\n|\n|upkeep\n|\n|t:|1698460144\n|switch|p2a: Fezandipiti|Fezandipiti, M|100\/100\n|turn|9\n|inactive|Lag_247 has 270 seconds left.\n|\n|t:|1698460153\n|switch|p1a: Clodsire|Clodsire, M, shiny|100\/100\n|move|p2a: Fezandipiti|Dual Wingbeat|p1a: Clodsire\n|-damage|p1a: Clodsire|87\/100\n|-damage|p1a: Clodsire|74\/100\n|-hitcount|p1a: Clodsire|2\n|\n|-heal|p1a: Clodsire|80\/100|[from] item: Leftovers\n|upkeep\n|turn|10\n|inactive|Lag_247 has 270 seconds left.\n|j| Lillyrosethedemon\n|\n|t:|1698460184\n|move|p2a: Fezandipiti|Play Rough|p1a: Clodsire\n|-resisted|p1a: Clodsire\n|-damage|p1a: Clodsire|65\/100\n|move|p1a: Clodsire|Stealth Rock|p2a: Fezandipiti\n|-sidestart|p2: Lag_247|move: Stealth Rock\n|\n|-heal|p1a: Clodsire|72\/100|[from] item: Leftovers\n|upkeep\n|turn|11\n|\n|t:|1698460195\n|move|p2a: Fezandipiti|Lash Out|p1a: Clodsire\n|-damage|p1a: Clodsire|54\/100\n|move|p1a: Clodsire|Earthquake|p2a: Fezandipiti\n|-supereffective|p2a: Fezandipiti\n|-damage|p2a: Fezandipiti|29\/100\n|\n|-heal|p2a: Fezandipiti|35\/100|[from] item: Black Sludge\n|-heal|p1a: Clodsire|61\/100|[from] item: Leftovers\n|upkeep\n|turn|12\n|c| Willish6634|on bro\n|\n|t:|1698460209\n|move|p2a: Fezandipiti|Lash Out|p1a: Clodsire\n|-damage|p1a: Clodsire|43\/100\n|move|p1a: Clodsire|Earthquake|p2a: Fezandipiti\n|-supereffective|p2a: Fezandipiti\n|-damage|p2a: Fezandipiti|0 fnt\n|faint|p2a: Fezandipiti\n|\n|-heal|p1a: Clodsire|49\/100|[from] item: Leftovers\n|upkeep\n|inactive|Lag_247 has 240 seconds left.\n|\n|t:|1698460225\n|switch|p2a: Iron Moth|Iron Moth|100\/100\n|-damage|p2a: Iron Moth|76\/100|[from] Stealth Rock\n|-enditem|p2a: Iron Moth|Booster Energy\n|-activate|p2a: Iron Moth|ability: Quark Drive|[fromitem]\n|-start|p2a: Iron Moth|quarkdrivespa\n|turn|13\n|inactive|Lag_247 has 240 seconds left.\n|\n|t:|1698460237\n|move|p2a: Iron Moth|Energy Ball|p1a: Clodsire\n|-damage|p1a: Clodsire|17\/100\n|move|p1a: Clodsire|Earthquake|p2a: Iron Moth\n|-supereffective|p2a: Iron Moth\n|-damage|p2a: Iron Moth|0 fnt\n|faint|p2a: Iron Moth\n|-end|p2a: Iron Moth|Quark Drive|[silent]\n|\n|-heal|p1a: Clodsire|24\/100|[from] item: Leftovers\n|upkeep\n|inactive|Lag_247 has 240 seconds left.\n|c| Judgieiscool|womp womp\n|\n|t:|1698460247\n|switch|p2a: Urshifu|Urshifu, M|100\/100\n|-damage|p2a: Urshifu|94\/100|[from] Stealth Rock\n|turn|14\n|j| mklgd\n|\n|t:|1698460260\n|switch|p1a: Punk Monk|Sneasler, M|100\/100\n|-enditem|p1a: Punk Monk|Psychic Seed\n|-boost|p1a: Punk Monk|spd|1|[from] item: Psychic Seed\n|move|p2a: Urshifu|Wicked Blow|p1a: Punk Monk\n|-resisted|p1a: Punk Monk\n|-crit|p1a: Punk Monk\n|-damage|p1a: Punk Monk|47\/100\n|\n|upkeep\n|turn|15\n|c| Willish6634|I had hope\n|inactive|Lag_247 has 240 seconds left.\n|\n|t:|1698460299\n|move|p1a: Punk Monk|Close Combat|p2a: Urshifu\n|-supereffective|p2a: Urshifu\n|-damage|p2a: Urshifu|0 fnt\n|-unboost|p1a: Punk Monk|def|1\n|-unboost|p1a: Punk Monk|spd|1\n|faint|p2a: Urshifu\n|\n|win|Destroy Smoochie\n|c|\u2606Destroy Smoochie|gg\n","uploadtime":1698460308,"views":23,"p1id":"destroysmoochie","p2id":"lag247","formatid":"gen9ubers","rating":0,"private":0,"password":""}