{"id":"gen9ubers-1980928549","p1":"AlicieLizzie","p2":"DumbassGaming","format":"[Gen 9] Ubers","log":"|j|\u2606AlicieLizzie\n|j|\u2606DumbassGaming\n|t:|1698849770\n|gametype|singles\n|player|p1|AlicieLizzie|marnie-masters3|\n|player|p2|DumbassGaming|clown|\n|teamsize|p1|6\n|teamsize|p2|6\n|gen|9\n|tier|[Gen 9] Ubers\n|rule|Sleep Clause Mod: Limit one foe put to sleep\n|rule|Species Clause: Limit one of each Pok\u00e9mon\n|rule|OHKO Clause: OHKO moves are banned\n|rule|Evasion Items Clause: Evasion items are banned\n|rule|Evasion Moves Clause: Evasion moves are banned\n|rule|Endless Battle Clause: Forcing endless battles is banned\n|rule|HP Percentage Mod: HP is shown in percentages\n|clearpoke\n|poke|p1|Baxcalibur, F|\n|poke|p1|Ninetales-Alola, F|\n|poke|p1|Arceus-Ghost|\n|poke|p1|Espathra, M|\n|poke|p1|Kommo-o, M|\n|poke|p1|Cyclizar, M|\n|poke|p2|Zacian-*|\n|poke|p2|Zamazenta-*|\n|poke|p2|Cyclizar, M|\n|poke|p2|Baxcalibur, M|\n|poke|p2|Arceus-Ghost|\n|poke|p2|Palkia-Origin|\n|teampreview\n|inactive|Battle timer is ON: inactive players will automatically lose when time's up. (requested by AlicieLizzie)\n|inactive|DumbassGaming also wants the timer to be on.\n|\n|t:|1698849788\n|start\n|switch|p1a: Nine Inch Tails|Ninetales-Alola, F|100\/100\n|switch|p2a: Cow Tails|Cyclizar, M|100\/100\n|-weather|Snow|[from] ability: Snow Warning|[of] p1a: Nine Inch Tails\n|turn|1\n|\n|t:|1698849801\n|move|p2a: Cow Tails|Taunt|p1a: Nine Inch Tails\n|-start|p1a: Nine Inch Tails|move: Taunt\n|cant|p1a: Nine Inch Tails|move: Taunt|Aurora Veil\n|\n|-weather|Snow|[upkeep]\n|upkeep\n|turn|2\n|\n|t:|1698849804\n|move|p2a: Cow Tails|Shed Tail|p2a: Cow Tails\n|-start|p2a: Cow Tails|Substitute|[from] move: Shed Tail\n|-damage|p2a: Cow Tails|50\/100\n|\n|t:|1698849806\n|switch|p2a: 5-Gum|Baxcalibur, M|100\/100|[from] Shed Tail\n|move|p1a: Nine Inch Tails|Blizzard|p2a: 5-Gum\n|-crit|p2a: 5-Gum\n|-end|p2a: 5-Gum|Substitute\n|\n|-weather|Snow|[upkeep]\n|upkeep\n|turn|3\n|\n|t:|1698849809\n|-terastallize|p2a: 5-Gum|Poison\n|move|p1a: Nine Inch Tails|Moonblast|p2a: 5-Gum\n|-resisted|p2a: 5-Gum\n|-damage|p2a: 5-Gum|83\/100\n|move|p2a: 5-Gum|Swords Dance|p2a: 5-Gum\n|-boost|p2a: 5-Gum|atk|2\n|\n|-weather|Snow|[upkeep]\n|-end|p1a: Nine Inch Tails|move: Taunt\n|upkeep\n|turn|4\n|\n|t:|1698849822\n|move|p1a: Nine Inch Tails|Aurora Veil|p1a: Nine Inch Tails\n|-sidestart|p1: AlicieLizzie|move: Aurora Veil\n|move|p2a: 5-Gum|Icicle Spear|p1a: Nine Inch Tails\n|-resisted|p1a: Nine Inch Tails\n|-damage|p1a: Nine Inch Tails|94\/100\n|-resisted|p1a: Nine Inch Tails\n|-damage|p1a: Nine Inch Tails|87\/100\n|-resisted|p1a: Nine Inch Tails\n|-damage|p1a: Nine Inch Tails|79\/100\n|-resisted|p1a: Nine Inch Tails\n|-damage|p1a: Nine Inch Tails|72\/100\n|-hitcount|p1a: Nine Inch Tails|4\n|\n|-weather|Snow|[upkeep]\n|upkeep\n|turn|5\n|\n|t:|1698849833\n|move|p1a: Nine Inch Tails|Blizzard|p2a: 5-Gum\n|-damage|p2a: 5-Gum|37\/100\n|move|p2a: 5-Gum|Icicle Spear|p1a: Nine Inch Tails\n|-resisted|p1a: Nine Inch Tails\n|-damage|p1a: Nine Inch Tails|66\/100\n|-resisted|p1a: Nine Inch Tails\n|-damage|p1a: Nine Inch Tails|58\/100\n|-resisted|p1a: Nine Inch Tails\n|-damage|p1a: Nine Inch Tails|51\/100\n|-resisted|p1a: Nine Inch Tails\n|-damage|p1a: Nine Inch Tails|44\/100\n|-hitcount|p1a: Nine Inch Tails|4\n|\n|-weather|none\n|upkeep\n|turn|6\n|\n|t:|1698849848\n|move|p1a: Nine Inch Tails|Blizzard|p2a: 5-Gum\n|-damage|p2a: 5-Gum|0 fnt\n|faint|p2a: 5-Gum\n|\n|upkeep\n|\n|t:|1698849852\n|switch|p2a: Twizzler|Zamazenta|100\/100\n|-ability|p2a: Twizzler|Dauntless Shield|boost\n|-boost|p2a: Twizzler|def|1\n|turn|7\n|\n|t:|1698849855\n|move|p2a: Twizzler|Iron Head|p1a: Nine Inch Tails\n|-supereffective|p1a: Nine Inch Tails\n|-crit|p1a: Nine Inch Tails\n|-damage|p1a: Nine Inch Tails|0 fnt\n|faint|p1a: Nine Inch Tails\n|\n|upkeep\n|\n|t:|1698849859\n|switch|p1a: Pathwood Mac|Espathra, M|100\/100\n|turn|8\n|\n|t:|1698849877\n|move|p2a: Twizzler|Iron Head|p1a: Pathwood Mac\n|-damage|p1a: Pathwood Mac|70\/100\n|cant|p1a: Pathwood Mac|flinch\n|\n|-heal|p1a: Pathwood Mac|76\/100|[from] item: Leftovers\n|-ability|p1a: Pathwood Mac|Speed Boost|boost\n|-boost|p1a: Pathwood Mac|spe|1\n|upkeep\n|turn|9\n|\n|t:|1698849884\n|move|p1a: Pathwood Mac|Calm Mind|p1a: Pathwood Mac\n|-boost|p1a: Pathwood Mac|spa|1\n|-boost|p1a: Pathwood Mac|spd|1\n|move|p2a: Twizzler|Iron Head|p1a: Pathwood Mac\n|-damage|p1a: Pathwood Mac|47\/100\n|\n|-heal|p1a: Pathwood Mac|53\/100|[from] item: Leftovers\n|-ability|p1a: Pathwood Mac|Speed Boost|boost\n|-boost|p1a: Pathwood Mac|spe|1\n|upkeep\n|turn|10\n|inactive|DumbassGaming has 270 seconds left.\n|\n|t:|1698849915\n|move|p1a: Pathwood Mac|Calm Mind|p1a: Pathwood Mac\n|-boost|p1a: Pathwood Mac|spa|1\n|-boost|p1a: Pathwood Mac|spd|1\n|move|p2a: Twizzler|Iron Head|p1a: Pathwood Mac\n|-damage|p1a: Pathwood Mac|23\/100\n|\n|-heal|p1a: Pathwood Mac|29\/100|[from] item: Leftovers\n|-ability|p1a: Pathwood Mac|Speed Boost|boost\n|-boost|p1a: Pathwood Mac|spe|1\n|upkeep\n|turn|11\n|\n|t:|1698849940\n|move|p1a: Pathwood Mac|Stored Power|p2a: Twizzler\n|-supereffective|p2a: Twizzler\n|-damage|p2a: Twizzler|0 fnt\n|faint|p2a: Twizzler\n|\n|-heal|p1a: Pathwood Mac|35\/100|[from] item: Leftovers\n|-sideend|p1: AlicieLizzie|move: Aurora Veil\n|-ability|p1a: Pathwood Mac|Speed Boost|boost\n|-boost|p1a: Pathwood Mac|spe|1\n|upkeep\n|inactive|DumbassGaming has 270 seconds left.\n|\n|t:|1698849965\n|switch|p2a: Reeses|Arceus-Ghost|100\/100\n|turn|12\n|\n|t:|1698849973\n|move|p1a: Pathwood Mac|Stored Power|p2a: Reeses\n|-damage|p2a: Reeses|0 fnt\n|faint|p2a: Reeses\n|\n|-heal|p1a: Pathwood Mac|41\/100|[from] item: Leftovers\n|-ability|p1a: Pathwood Mac|Speed Boost|boost\n|-boost|p1a: Pathwood Mac|spe|1\n|upkeep\n|-message|DumbassGaming forfeited.\n|\n|win|AlicieLizzie\n|l|\u2606DumbassGaming\n","uploadtime":1698849983,"views":14,"p1id":"alicielizzie","p2id":"dumbassgaming","formatid":"gen9ubers","rating":0,"private":0,"password":""}