{"id":"gen9ubers-1994838804","p1":"OreoSpeedruns","p2":"Primordiallite","format":"[Gen 9] Ubers","log":"|j|\u2606OreoSpeedruns\n|j|\u2606Primordiallite\n|t:|1700497490\n|gametype|singles\n|player|p1|OreoSpeedruns|hilbert-masters|\n|player|p2|Primordiallite|boarder|\n|teamsize|p1|6\n|teamsize|p2|6\n|gen|9\n|tier|[Gen 9] Ubers\n|rated|Tournament battle\n|rule|Sleep Clause Mod: Limit one foe put to sleep\n|rule|Species Clause: Limit one of each Pok\u00e9mon\n|rule|OHKO Clause: OHKO moves are banned\n|rule|Evasion Items Clause: Evasion items are banned\n|rule|Evasion Moves Clause: Evasion moves are banned\n|rule|Endless Battle Clause: Forcing endless battles is banned\n|rule|HP Percentage Mod: HP is shown in percentages\n|clearpoke\n|poke|p1|Ribombee, F|\n|poke|p1|Mewtwo|\n|poke|p1|Miraidon|\n|poke|p1|Eternatus|\n|poke|p1|Zacian-*|\n|poke|p1|Arceus|\n|poke|p2|Koraidon|\n|poke|p2|Zacian-*|\n|poke|p2|Miraidon|\n|poke|p2|Ribombee, F|\n|poke|p2|Glimmora, M|\n|poke|p2|Arceus|\n|teampreview\n|j| ZowwyCafe\u2764\n|inactive|Battle timer is ON: inactive players will automatically lose when time's up. (requested by Primordiallite)\n|c|\u2606Primordiallite|hf\n|c|\u2606OreoSpeedruns|glhf\n|\n|t:|1700497520\n|start\n|switch|p1a: Miraidon|Miraidon|100\/100\n|switch|p2a: Ribombee|Ribombee, F|100\/100\n|-fieldstart|move: Electric Terrain|[from] ability: Hadron Engine|[of] p1a: Miraidon\n|turn|1\n|\n|t:|1700497532\n|move|p1a: Miraidon|Parabolic Charge|p2a: Ribombee\n|-enditem|p2a: Ribombee|Focus Sash\n|-damage|p2a: Ribombee|1\/100\n|-damage|p1a: Miraidon|91\/100|[from] item: Life Orb\n|move|p2a: Ribombee|Moonblast|p1a: Miraidon\n|-supereffective|p1a: Miraidon\n|-damage|p1a: Miraidon|21\/100\n|\n|upkeep\n|turn|2\n|\n|t:|1700497543\n|switch|p2a: Koraidon|Koraidon|100\/100\n|-weather|SunnyDay|[from] ability: Orichalcum Pulse|[of] p2a: Koraidon\n|-activate|p2a: Koraidon|Orichalcum Pulse|[source]\n|move|p1a: Miraidon|Parabolic Charge|p2a: Koraidon\n|-resisted|p2a: Koraidon\n|-damage|p2a: Koraidon|59\/100\n|-heal|p1a: Miraidon|42\/100|[from] drain|[of] p2a: Koraidon\n|-damage|p1a: Miraidon|32\/100|[from] item: Life Orb\n|\n|-weather|SunnyDay|[upkeep]\n|upkeep\n|turn|3\n|c|\u2606OreoSpeedruns|something\u2019s not right\n|c|\u2606OreoSpeedruns|my plan actually worked\n|\n|t:|1700497559\n|move|p2a: Koraidon|Dragon Claw|p1a: Miraidon\n|-supereffective|p1a: Miraidon\n|-damage|p1a: Miraidon|0 fnt\n|faint|p1a: Miraidon\n|-damage|p2a: Koraidon|49\/100|[from] item: Life Orb\n|\n|-weather|SunnyDay|[upkeep]\n|upkeep\n|\n|t:|1700497561\n|switch|p1a: Ribombee|Ribombee, F, shiny|100\/100\n|turn|4\n|\n|t:|1700497566\n|move|p2a: Koraidon|Flame Charge|p1a: Ribombee\n|-supereffective|p1a: Ribombee\n|-crit|p1a: Ribombee\n|-enditem|p1a: Ribombee|Focus Sash\n|-damage|p1a: Ribombee|1\/100\n|-boost|p2a: Koraidon|spe|1\n|-damage|p2a: Koraidon|39\/100|[from] item: Life Orb\n|move|p1a: Ribombee|Sticky Web|p2a: Koraidon\n|-sidestart|p2: Primordiallite|move: Sticky Web\n|\n|-weather|SunnyDay|[upkeep]\n|upkeep\n|turn|5\n|\n|t:|1700497572\n|move|p2a: Koraidon|Flame Charge|p1a: Ribombee\n|-supereffective|p1a: Ribombee\n|-damage|p1a: Ribombee|0 fnt\n|-boost|p2a: Koraidon|spe|1\n|faint|p1a: Ribombee\n|-damage|p2a: Koraidon|29\/100|[from] item: Life Orb\n|\n|-weather|SunnyDay|[upkeep]\n|-fieldend|move: Electric Terrain\n|upkeep\n|\n|t:|1700497574\n|switch|p1a: Arceus|Arceus|100\/100\n|turn|6\n|inactive|Primordiallite has 120 seconds left.\n|\n|t:|1700497604\n|move|p1a: Arceus|Extreme Speed|p2a: Koraidon\n|-damage|p2a: Koraidon|0 fnt\n|faint|p2a: Koraidon\n|\n|-weather|none\n|upkeep\n|inactive|Primordiallite has 120 seconds left.\n|\n|t:|1700497611\n|switch|p2a: Glimmora|Glimmora, M|100\/100\n|-activate|p2a: Glimmora|move: Sticky Web\n|-unboost|p2a: Glimmora|spe|1\n|turn|7\n|\n|t:|1700497621\n|switch|p1a: Zacian|Zacian-Crowned, shiny|100\/100\n|-ability|p1a: Zacian|Intrepid Sword|boost\n|-boost|p1a: Zacian|atk|1\n|move|p2a: Glimmora|Mud Shot|p1a: Zacian\n|-supereffective|p1a: Zacian\n|-damage|p1a: Zacian|64\/100\n|-unboost|p1a: Zacian|spe|1\n|\n|upkeep\n|turn|8\n|inactive|Primordiallite has 120 seconds left.\n|\n|t:|1700497653\n|move|p1a: Zacian|Behemoth Blade|p2a: Glimmora\n|-supereffective|p2a: Glimmora\n|-crit|p2a: Glimmora\n|-enditem|p2a: Glimmora|Focus Sash\n|-damage|p2a: Glimmora|1\/100\n|-activate|p2a: Glimmora|ability: Toxic Debris\n|-sidestart|p1: OreoSpeedruns|move: Toxic Spikes\n|move|p2a: Glimmora|Mud Shot|p1a: Zacian\n|-supereffective|p1a: Zacian\n|-damage|p1a: Zacian|31\/100\n|-unboost|p1a: Zacian|spe|1\n|\n|upkeep\n|turn|9\n|j| Dread Hades 0\n|l| Dread Hades 0\n|\n|t:|1700497677\n|move|p1a: Zacian|Behemoth Blade|p2a: Glimmora\n|-supereffective|p2a: Glimmora\n|-damage|p2a: Glimmora|0 fnt\n|-activate|p2a: Glimmora|ability: Toxic Debris\n|-sidestart|p1: OreoSpeedruns|move: Toxic Spikes\n|faint|p2a: Glimmora\n|\n|upkeep\n|inactive|Primordiallite has 120 seconds left.\n|\n|t:|1700497702\n|switch|p2a: Zacian|Zacian-Crowned|100\/100\n|-activate|p2a: Zacian|move: Sticky Web\n|-unboost|p2a: Zacian|spe|1\n|-ability|p2a: Zacian|Intrepid Sword|boost\n|-boost|p2a: Zacian|atk|1\n|turn|10\n|\n|t:|1700497716\n|move|p2a: Zacian|Behemoth Blade|p1a: Zacian\n|-damage|p1a: Zacian|0 fnt\n|faint|p1a: Zacian\n|\n|upkeep\n|\n|t:|1700497719\n|switch|p1a: Eternatus|Eternatus|100\/100\n|-sideend|p1: OreoSpeedruns|move: Toxic Spikes|[of] p1a: Eternatus\n|-ability|p1a: Eternatus|Pressure\n|turn|11\n|inactive|Primordiallite has 120 seconds left.\n|inactive|Primordiallite has 90 seconds left.\n|\n|t:|1700497780\n|-terastallize|p2a: Zacian|Flying\n|move|p1a: Eternatus|Fire Blast|p2a: Zacian\n|-damage|p2a: Zacian|62\/100\n|move|p2a: Zacian|Behemoth Blade|p1a: Eternatus\n|-damage|p1a: Eternatus|30\/100\n|\n|-heal|p1a: Eternatus|37\/100|[from] item: Leftovers\n|upkeep\n|turn|12\n|\n|t:|1700497790\n|move|p1a: Eternatus|Dynamax Cannon|p2a: Zacian\n|-damage|p2a: Zacian|6\/100\n|move|p2a: Zacian|Behemoth Blade|p1a: Eternatus\n|-damage|p1a: Eternatus|0 fnt\n|faint|p1a: Eternatus\n|\n|upkeep\n|\n|t:|1700497809\n|switch|p1a: Arceus|Arceus|100\/100\n|turn|13\n|c|\u2606Primordiallite|Playing multiple games at the same time is painful\n|\n|t:|1700497816\n|move|p1a: Arceus|Swords Dance|p1a: Arceus\n|-boost|p1a: Arceus|atk|2\n|move|p2a: Zacian|Behemoth Blade|p1a: Arceus\n|-damage|p1a: Arceus|38\/100\n|\n|upkeep\n|turn|14\n|\n|t:|1700497829\n|switch|p2a: Ribombee|Ribombee, F|1\/100\n|-activate|p2a: Ribombee|move: Sticky Web\n|-unboost|p2a: Ribombee|spe|1\n|move|p1a: Arceus|Extreme Speed|p2a: Ribombee\n|-crit|p2a: Ribombee\n|-damage|p2a: Ribombee|0 fnt\n|faint|p2a: Ribombee\n|\n|upkeep\n|c|\u2606OreoSpeedruns|fr\n|inactive|Primordiallite has 90 seconds left.\n|\n|t:|1700497843\n|switch|p2a: Miraidon|Miraidon|100\/100\n|-activate|p2a: Miraidon|move: Sticky Web\n|-unboost|p2a: Miraidon|spe|1\n|-fieldstart|move: Electric Terrain|[from] ability: Hadron Engine|[of] p2a: Miraidon\n|turn|15\n|\n|t:|1700497853\n|move|p1a: Arceus|Extreme Speed|p2a: Miraidon\n|-damage|p2a: Miraidon|19\/100\n|move|p2a: Miraidon|Electro Drift|p1a: Arceus\n|-damage|p1a: Arceus|0 fnt\n|faint|p1a: Arceus\n|\n|-heal|p2a: Miraidon|25\/100|[from] item: Leftovers\n|upkeep\n|\n|t:|1700497857\n|switch|p1a: Mewtwo|Mewtwo, shiny|100\/100\n|-ability|p1a: Mewtwo|Pressure\n|turn|16\n|\n|t:|1700497860\n|move|p1a: Mewtwo|Psystrike|p2a: Miraidon\n|-damage|p2a: Miraidon|0 fnt\n|faint|p2a: Miraidon\n|-damage|p1a: Mewtwo|91\/100|[from] item: Life Orb\n|\n|upkeep\n|\n|t:|1700497865\n|switch|p2a: Zacian|Zacian-Crowned, tera:Flying|6\/100\n|turn|17\n|\n|t:|1700497871\n|-terastallize|p1a: Mewtwo|Steel\n|move|p2a: Zacian|Behemoth Blade|p1a: Mewtwo\n|-resisted|p1a: Mewtwo\n|-damage|p1a: Mewtwo|57\/100\n|move|p1a: Mewtwo|Psystrike|p2a: Zacian\n|-damage|p2a: Zacian|0 fnt\n|faint|p2a: Zacian\n|-damage|p1a: Mewtwo|48\/100|[from] item: Life Orb\n|\n|upkeep\n|\n|t:|1700497876\n|switch|p2a: Arceus|Arceus|100\/100\n|-activate|p2a: Arceus|move: Sticky Web\n|-unboost|p2a: Arceus|spe|1\n|turn|18\n|\n|t:|1700497878\n|move|p1a: Mewtwo|Psystrike|p2a: Arceus\n|-damage|p2a: Arceus|52\/100\n|-damage|p1a: Mewtwo|38\/100|[from] item: Life Orb\n|move|p2a: Arceus|Earthquake|p1a: Mewtwo\n|-supereffective|p1a: Mewtwo\n|-damage|p1a: Mewtwo|0 fnt\n|faint|p1a: Mewtwo\n|\n|win|Primordiallite\n|n|\u2606OreoSpeedruns|oreospeedruns\n|n|\u2606Primordiallite|primordiallite\n|n| ZowwyCafe\u2764|zowwycafe\n|c|\u2606OreoSpeedruns|ggs\n|l|\u2606OreoSpeedruns\n|c|\u2606Primordiallite|gg\n|l| ZowwyCafe\u2764\n","uploadtime":1700497963,"views":1,"p1id":"oreospeedruns","p2id":"primordiallite","formatid":"gen9ubers","rating":0,"private":0,"password":""}