{"id":"gen9ubers-1990597269","p1":"luijoroma","p2":"huhumaster","format":"[Gen 9] Ubers","log":"|j|\u2606luijoroma\n|j|\u2606huhumaster\n|t:|1699984470\n|gametype|singles\n|player|p1|luijoroma|lucas-gen4pt|1113\n|player|p2|huhumaster|dancer|1023\n|teamsize|p1|6\n|teamsize|p2|6\n|gen|9\n|tier|[Gen 9] Ubers\n|rated|\n|rule|Sleep Clause Mod: Limit one foe put to sleep\n|rule|Species Clause: Limit one of each Pok\u00e9mon\n|rule|OHKO Clause: OHKO moves are banned\n|rule|Evasion Items Clause: Evasion items are banned\n|rule|Evasion Moves Clause: Evasion moves are banned\n|rule|Endless Battle Clause: Forcing endless battles is banned\n|rule|HP Percentage Mod: HP is shown in percentages\n|clearpoke\n|poke|p1|Skeledirge, M|\n|poke|p1|Flutter Mane|\n|poke|p1|Tinkaton, F|\n|poke|p1|Baxcalibur, M|\n|poke|p1|Iron Valiant|\n|poke|p1|Glimmora, F|\n|poke|p2|Regieleki|\n|poke|p2|Ogerpon-Hearthflame, F|\n|poke|p2|Annihilape, F|\n|poke|p2|Dragapult, M|\n|poke|p2|Grimmsnarl, M|\n|poke|p2|Arceus-Steel|\n|teampreview\n|\n|t:|1699984484\n|start\n|switch|p1a: Glimmora|Glimmora, F|100\/100\n|switch|p2a: Arceus|Arceus-Steel|100\/100\n|turn|1\n|\n|t:|1699984490\n|move|p2a: Arceus|Cosmic Power|p2a: Arceus\n|-boost|p2a: Arceus|def|1\n|-boost|p2a: Arceus|spd|1\n|move|p1a: Glimmora|Spikes|p2a: Arceus\n|-sidestart|p2: huhumaster|Spikes\n|\n|upkeep\n|turn|2\n|\n|t:|1699984498\n|move|p2a: Arceus|Cosmic Power|p2a: Arceus\n|-boost|p2a: Arceus|def|1\n|-boost|p2a: Arceus|spd|1\n|move|p1a: Glimmora|Spikes|p2a: Arceus\n|-sidestart|p2: huhumaster|Spikes\n|\n|upkeep\n|turn|3\n|\n|t:|1699984505\n|move|p2a: Arceus|Judgment|p1a: Glimmora\n|-supereffective|p1a: Glimmora\n|-damage|p1a: Glimmora|0 fnt\n|faint|p1a: Glimmora\n|\n|upkeep\n|\n|t:|1699984519\n|switch|p1a: Skeledirge|Skeledirge, M|100\/100\n|turn|4\n|\n|t:|1699984525\n|move|p2a: Arceus|Judgment|p1a: Skeledirge\n|-resisted|p1a: Skeledirge\n|-damage|p1a: Skeledirge|76\/100\n|move|p1a: Skeledirge|Will-O-Wisp|p2a: Arceus|[miss]\n|-miss|p1a: Skeledirge|p2a: Arceus\n|\n|-heal|p1a: Skeledirge|82\/100|[from] item: Leftovers\n|upkeep\n|turn|5\n|\n|t:|1699984534\n|move|p2a: Arceus|Judgment|p1a: Skeledirge\n|-resisted|p1a: Skeledirge\n|-damage|p1a: Skeledirge|55\/100\n|move|p1a: Skeledirge|Torch Song|p2a: Arceus\n|-supereffective|p2a: Arceus\n|-damage|p2a: Arceus|60\/100\n|-boost|p1a: Skeledirge|spa|1\n|\n|-heal|p1a: Skeledirge|61\/100|[from] item: Leftovers\n|upkeep\n|turn|6\n|\n|t:|1699984552\n|switch|p2a: Regieleki|Regieleki|100\/100\n|-damage|p2a: Regieleki|84\/100|[from] Spikes\n|move|p1a: Skeledirge|Earth Power|p2a: Regieleki\n|-supereffective|p2a: Regieleki\n|-damage|p2a: Regieleki|0 fnt\n|faint|p2a: Regieleki\n|\n|-heal|p1a: Skeledirge|67\/100|[from] item: Leftovers\n|upkeep\n|\n|t:|1699984558\n|switch|p2a: Dragapult|Dragapult, M|100\/100\n|-damage|p2a: Dragapult|84\/100|[from] Spikes\n|turn|7\n|\n|t:|1699984572\n|-terastallize|p1a: Skeledirge|Water\n|move|p2a: Dragapult|Surf|p1a: Skeledirge\n|-resisted|p1a: Skeledirge\n|-damage|p1a: Skeledirge|46\/100\n|move|p1a: Skeledirge|Torch Song|p2a: Dragapult\n|-resisted|p2a: Dragapult\n|-damage|p2a: Dragapult|49\/100\n|-boost|p1a: Skeledirge|spa|1\n|\n|-heal|p1a: Skeledirge|52\/100|[from] item: Leftovers\n|upkeep\n|turn|8\n|\n|t:|1699984585\n|switch|p1a: Tinkaton|Tinkaton, F|100\/100\n|-ability|p1a: Tinkaton|Mold Breaker\n|move|p2a: Dragapult|Surf|p1a: Tinkaton\n|-damage|p1a: Tinkaton|62\/100\n|\n|upkeep\n|turn|9\n|\n|t:|1699984593\n|move|p2a: Dragapult|Surf|p1a: Tinkaton\n|-damage|p1a: Tinkaton|19\/100\n|move|p1a: Tinkaton|Gigaton Hammer|p2a: Dragapult\n|-crit|p2a: Dragapult\n|-damage|p2a: Dragapult|0 fnt\n|faint|p2a: Dragapult\n|\n|upkeep\n|\n|t:|1699984601\n|switch|p2a: Arceus|Arceus-Steel|60\/100\n|-damage|p2a: Arceus|43\/100|[from] Spikes\n|turn|10\n|\n|t:|1699984607\n|move|p2a: Arceus|Judgment|p1a: Tinkaton\n|-damage|p1a: Tinkaton|0 fnt\n|faint|p1a: Tinkaton\n|\n|upkeep\n|\n|t:|1699984616\n|switch|p1a: Skeledirge|Skeledirge, M, tera:Water|52\/100\n|turn|11\n|\n|t:|1699984620\n|move|p2a: Arceus|Recover|p2a: Arceus\n|-heal|p2a: Arceus|93\/100\n|move|p1a: Skeledirge|Torch Song|p2a: Arceus\n|-supereffective|p2a: Arceus\n|-damage|p2a: Arceus|50\/100\n|-boost|p1a: Skeledirge|spa|1\n|\n|-heal|p1a: Skeledirge|58\/100|[from] item: Leftovers\n|upkeep\n|turn|12\n|\n|t:|1699984631\n|move|p2a: Arceus|Judgment|p1a: Skeledirge\n|-resisted|p1a: Skeledirge\n|-damage|p1a: Skeledirge|34\/100\n|move|p1a: Skeledirge|Slack Off|p1a: Skeledirge\n|-heal|p1a: Skeledirge|84\/100\n|\n|-heal|p1a: Skeledirge|90\/100|[from] item: Leftovers\n|upkeep\n|turn|13\n|-message|huhumaster forfeited.\n|\n|win|luijoroma\n|raw|luijoroma's rating: 1113 &rarr; <strong>1132<\/strong><br \/>(+19 for winning)\n|raw|huhumaster's rating: 1023 &rarr; <strong>1013<\/strong><br \/>(-10 for losing)\n|l|\u2606huhumaster\n","uploadtime":1699984647,"views":6,"p1id":"luijoroma","p2id":"huhumaster","formatid":"gen9ubers","rating":1013,"private":0,"password":""}