{"id":"gen9ubers-1968288031","p1":"UUbers account","p2":"IspamObjection","format":"[Gen 9] Ubers","log":"|j|\u2606UUbers account\n|j|\u2606IspamObjection\n|t:|1697402636\n|gametype|singles\n|player|p1|UUbers account|shadowtriad|\n|player|p2|IspamObjection|skyla|\n|teamsize|p1|6\n|teamsize|p2|6\n|gen|9\n|tier|[Gen 9] Ubers\n|rule|Sleep Clause Mod: Limit one foe put to sleep\n|rule|Species Clause: Limit one of each Pok\u00e9mon\n|rule|OHKO Clause: OHKO moves are banned\n|rule|Evasion Items Clause: Evasion items are banned\n|rule|Evasion Moves Clause: Evasion moves are banned\n|rule|Endless Battle Clause: Forcing endless battles is banned\n|rule|HP Percentage Mod: HP is shown in percentages\n|clearpoke\n|poke|p1|Basculegion-F, F|\n|poke|p1|Arceus-Dark|\n|poke|p1|Magearna|\n|poke|p1|Hatterene, F|\n|poke|p1|Chi-Yu|\n|poke|p1|Giratina|\n|poke|p2|Giratina|\n|poke|p2|Garchomp, F|\n|poke|p2|Espathra, M|\n|poke|p2|Cyclizar, F|\n|poke|p2|Arceus-Fire|\n|poke|p2|Chi-Yu|\n|teampreview\n|c|\u2606IspamObjection|Hoping I got this all right, gl\n|c|\u2606UUbers account|glhf\n|c|\u2606UUbers account|that team scares me\n|\n|t:|1697402681\n|start\n|switch|p1a: Magearna|Magearna|100\/100\n|switch|p2a: Cyclizar|Cyclizar, F|100\/100\n|turn|1\n|\n|t:|1697402690\n|move|p2a: Cyclizar|Shed Tail|p2a: Cyclizar\n|-start|p2a: Cyclizar|Substitute|[from] move: Shed Tail\n|-damage|p2a: Cyclizar|50\/100\n|\n|t:|1697402696\n|switch|p2a: Arceus|Arceus-Fire, shiny|100\/100|[from] Shed Tail\n|move|p1a: Magearna|Fleur Cannon|p2a: Arceus|[miss]\n|-miss|p1a: Magearna|p2a: Arceus\n|\n|upkeep\n|turn|2\n|\n|t:|1697402717\n|move|p2a: Arceus|Dragon Dance|p2a: Arceus\n|-boost|p2a: Arceus|atk|1\n|-boost|p2a: Arceus|spe|1\n|move|p1a: Magearna|Volt Switch|p2a: Arceus\n|-activate|p2a: Arceus|move: Substitute|[damage]\n|\n|t:|1697402730\n|switch|p1a: Arceus|Arceus-Dark|100\/100|[from] Volt Switch\n|\n|upkeep\n|turn|3\n|\n|t:|1697402740\n|move|p2a: Arceus|Flare Blitz|p1a: Arceus\n|-damage|p1a: Arceus|27\/100\n|-status|p1a: Arceus|brn\n|-damage|p2a: Arceus|72\/100|[from] Recoil\n|move|p1a: Arceus|Judgment|p2a: Arceus\n|-end|p2a: Arceus|Substitute\n|\n|-damage|p1a: Arceus|21\/100 brn|[from] brn\n|upkeep\n|turn|4\n|\n|t:|1697402753\n|switch|p1a: Hatterene|Hatterene, F|100\/100\n|move|p2a: Arceus|Extreme Speed|p1a: Hatterene\n|-damage|p1a: Hatterene|53\/100\n|-enditem|p1a: Hatterene|Eject Button\n|\n|t:|1697402764\n|switch|p1a: Giratina|Giratina|100\/100\n|-ability|p1a: Giratina|Pressure\n|\n|upkeep\n|turn|5\n|\n|t:|1697402809\n|switch|p2a: Chi-Yu|Chi-Yu|100\/100\n|-ability|p2a: Chi-Yu|Beads of Ruin\n|move|p1a: Giratina|Dragon Tail|p2a: Chi-Yu|[miss]\n|-miss|p1a: Giratina|p2a: Chi-Yu\n|\n|upkeep\n|turn|6\n|\n|t:|1697402868\n|switch|p1a: Hatterene|Hatterene, F|53\/100\n|move|p2a: Chi-Yu|Dark Pulse|p1a: Hatterene\n|-damage|p1a: Hatterene|6\/100\n|\n|upkeep\n|turn|7\n|\n|t:|1697402880\n|move|p2a: Chi-Yu|Dark Pulse|p1a: Hatterene\n|-damage|p1a: Hatterene|0 fnt\n|faint|p1a: Hatterene\n|\n|upkeep\n|\n|t:|1697402890\n|switch|p1a: Magearna|Magearna|100\/100\n|turn|8\n|\n|t:|1697402901\n|switch|p2a: Cyclizar|Cyclizar, F|84\/100\n|move|p1a: Magearna|Thunder Wave|p2a: Cyclizar\n|-status|p2a: Cyclizar|par\n|\n|upkeep\n|turn|9\n|\n|t:|1697402919\n|move|p2a: Cyclizar|Shed Tail|p2a: Cyclizar\n|-start|p2a: Cyclizar|Substitute|[from] move: Shed Tail\n|-damage|p2a: Cyclizar|34\/100 par\n|\n|t:|1697402943\n|switch|p2a: Garchomp|Garchomp, F|100\/100|[from] Shed Tail\n|move|p1a: Magearna|Fleur Cannon|p2a: Garchomp\n|-supereffective|p2a: Garchomp\n|-crit|p2a: Garchomp\n|-end|p2a: Garchomp|Substitute\n|-unboost|p1a: Magearna|spa|2\n|\n|upkeep\n|turn|10\n|\n|t:|1697402963\n|switch|p1a: Giratina|Giratina|100\/100\n|-ability|p1a: Giratina|Pressure\n|move|p2a: Garchomp|Stealth Rock|p1a: Giratina\n|-sidestart|p1: UUbers account|move: Stealth Rock\n|\n|upkeep\n|turn|11\n|\n|t:|1697402972\n|move|p2a: Garchomp|Spikes|p1a: Giratina\n|-sidestart|p1: UUbers account|Spikes\n|move|p1a: Giratina|Will-O-Wisp|p2a: Garchomp\n|-status|p2a: Garchomp|brn\n|\n|-damage|p2a: Garchomp|94\/100 brn|[from] brn\n|upkeep\n|turn|12\n|\n|t:|1697402979\n|move|p2a: Garchomp|Spikes|p1a: Giratina\n|-sidestart|p1: UUbers account|Spikes\n|move|p1a: Giratina|Dragon Tail|p2a: Garchomp\n|-supereffective|p2a: Garchomp\n|-damage|p2a: Garchomp|52\/100 brn\n|-damage|p1a: Giratina|88\/100|[from] ability: Rough Skin|[of] p2a: Garchomp\n|drag|p2a: Arceus|Arceus-Fire, shiny|72\/100\n|\n|upkeep\n|turn|13\n|\n|t:|1697402989\n|move|p2a: Arceus|Flare Blitz|p1a: Giratina\n|-resisted|p1a: Giratina\n|-damage|p1a: Giratina|67\/100\n|-damage|p2a: Arceus|63\/100|[from] Recoil\n|move|p1a: Giratina|Dragon Tail|p2a: Arceus|[miss]\n|-miss|p1a: Giratina|p2a: Arceus\n|\n|upkeep\n|turn|14\n|\n|t:|1697402996\n|move|p2a: Arceus|Flare Blitz|p1a: Giratina\n|-resisted|p1a: Giratina\n|-damage|p1a: Giratina|45\/100\n|-damage|p2a: Arceus|54\/100|[from] Recoil\n|move|p1a: Giratina|Dragon Tail|p2a: Arceus\n|-damage|p2a: Arceus|36\/100\n|drag|p2a: Chi-Yu|Chi-Yu|100\/100\n|-ability|p2a: Chi-Yu|Beads of Ruin\n|\n|upkeep\n|turn|15\n|c|\u2606UUbers account|what the hell\n|c|\u2606IspamObjection|not the day for 90% acc moves it seems\n|j| GratedsShtickface\n|c|\u2606UUbers account|no it brought in chi-yu\n|\n|t:|1697403045\n|-terastallize|p1a: Giratina|Fairy\n|move|p2a: Chi-Yu|Dark Pulse|p1a: Giratina\n|-resisted|p1a: Giratina\n|-damage|p1a: Giratina|31\/100\n|move|p1a: Giratina|Rest|p1a: Giratina\n|-status|p1a: Giratina|slp|[from] move: Rest\n|-heal|p1a: Giratina|100\/100 slp|[silent]\n|\n|upkeep\n|turn|16\n|c|\u2606IspamObjection|oh yeah that is also bad\n|\n|t:|1697403074\n|switch|p2a: Giratina|Giratina|100\/100\n|-ability|p2a: Giratina|Pressure\n|cant|p1a: Giratina|slp\n|\n|upkeep\n|turn|17\n|\n|t:|1697403084\n|move|p2a: Giratina|Roar|p1a: Giratina\n|drag|p1a: Magearna|Magearna|100\/100\n|-damage|p1a: Magearna|94\/100|[from] Stealth Rock\n|-damage|p1a: Magearna|78\/100|[from] Spikes\n|\n|-heal|p1a: Magearna|84\/100|[from] item: Leftovers\n|upkeep\n|turn|18\n|\n|t:|1697403103\n|-terastallize|p2a: Giratina|Normal\n|move|p1a: Magearna|Thunder Wave|p2a: Giratina|[miss]\n|-miss|p1a: Magearna|p2a: Giratina\n|move|p2a: Giratina|Roar|p1a: Magearna\n|drag|p1a: Arceus|Arceus-Dark|21\/100 brn\n|-damage|p1a: Arceus|9\/100 brn|[from] Stealth Rock\n|-damage|p1a: Arceus|0 fnt|[from] Spikes\n|faint|p1a: Arceus\n|\n|upkeep\n|c| GratedsShtickface|I always thought 2 layers of spikes did like 18%\n|c|\u2606UUbers account|90%=20%\n|c|\u2606UUbers account|stealth rock too\n|\n|t:|1697403136\n|switch|p1a: Magearna|Magearna|84\/100\n|-damage|p1a: Magearna|78\/100|[from] Stealth Rock\n|-damage|p1a: Magearna|61\/100|[from] Spikes\n|turn|19\n|\n|t:|1697403142\n|move|p1a: Magearna|Thunder Wave|p2a: Giratina\n|-status|p2a: Giratina|par\n|cant|p2a: Giratina|par\n|\n|-heal|p1a: Magearna|68\/100|[from] item: Leftovers\n|upkeep\n|turn|20\n|\n|t:|1697403148\n|move|p1a: Magearna|Spikes|p2a: Giratina\n|-sidestart|p2: IspamObjection|Spikes\n|cant|p2a: Giratina|par\n|\n|-heal|p1a: Magearna|74\/100|[from] item: Leftovers\n|upkeep\n|turn|21\n|\n|t:|1697403152\n|move|p1a: Magearna|Spikes|p2a: Giratina\n|-sidestart|p2: IspamObjection|Spikes\n|move|p2a: Giratina|Roar|p1a: Magearna\n|drag|p1a: Basculegion|Basculegion-F, F, shiny|100\/100\n|-damage|p1a: Basculegion|88\/100|[from] Stealth Rock\n|-damage|p1a: Basculegion|72\/100|[from] Spikes\n|\n|upkeep\n|turn|22\n|\n|t:|1697403164\n|move|p1a: Basculegion|Flip Turn|p2a: Giratina\n|-damage|p2a: Giratina|85\/100 par\n|\n|t:|1697403168\n|switch|p1a: Giratina|Giratina, tera:Fairy|100\/100 slp|[from] Flip Turn\n|-ability|p1a: Giratina|Pressure\n|cant|p2a: Giratina|par\n|\n|-heal|p2a: Giratina|92\/100 par|[from] item: Leftovers\n|upkeep\n|turn|23\n|\n|t:|1697403179\n|move|p2a: Giratina|Rest|p2a: Giratina\n|-status|p2a: Giratina|slp|[from] move: Rest\n|-heal|p2a: Giratina|100\/100 slp|[silent]\n|cant|p1a: Giratina|slp\n|\n|upkeep\n|turn|24\n|\n|t:|1697403185\n|cant|p2a: Giratina|slp\n|move|p2a: Giratina|Sleep Talk|p2a: Giratina\n|move|p2a: Giratina|Will-O-Wisp||[from]move: Sleep Talk|[still]\n|-fail|p2a: Giratina\n|-curestatus|p1a: Giratina|slp|[msg]\n|move|p1a: Giratina|Dragon Tail|p2a: Giratina\n|-damage|p2a: Giratina|92\/100 slp\n|drag|p2a: Arceus|Arceus-Fire, shiny|36\/100\n|-damage|p2a: Arceus|20\/100|[from] Spikes\n|\n|upkeep\n|turn|25\n|\n|t:|1697403197\n|move|p2a: Arceus|Recover|p2a: Arceus\n|-heal|p2a: Arceus|70\/100\n|move|p1a: Giratina|Dragon Tail|p2a: Arceus\n|-damage|p2a: Arceus|54\/100\n|drag|p2a: Giratina|Giratina, tera:Normal|92\/100 slp\n|-damage|p2a: Giratina|75\/100 slp|[from] Spikes\n|-ability|p2a: Giratina|Pressure\n|\n|-heal|p2a: Giratina|82\/100 slp|[from] item: Leftovers\n|upkeep\n|turn|26\n|\n|t:|1697403202\n|cant|p2a: Giratina|slp\n|move|p2a: Giratina|Sleep Talk|p2a: Giratina\n|move|p2a: Giratina|Rest||[from]move: Sleep Talk|[still]\n|-fail|p2a: Giratina\n|move|p1a: Giratina|Dragon Tail|p2a: Giratina\n|-damage|p2a: Giratina|73\/100 slp\n|drag|p2a: Espathra|Espathra, M|100\/100\n|-damage|p2a: Espathra|84\/100|[from] Spikes\n|\n|-heal|p2a: Espathra|90\/100|[from] item: Leftovers\n|upkeep\n|turn|27\n|\n|t:|1697403214\n|move|p2a: Espathra|Dazzling Gleam|p1a: Giratina\n|-damage|p1a: Giratina|91\/100\n|move|p1a: Giratina|Hex|p2a: Espathra\n|-supereffective|p2a: Espathra\n|-damage|p2a: Espathra|32\/100\n|\n|-heal|p2a: Espathra|38\/100|[from] item: Leftovers\n|-ability|p2a: Espathra|Speed Boost|boost\n|-boost|p2a: Espathra|spe|1\n|upkeep\n|turn|28\n|c|\u2606UUbers account|tera normal tina is a problem for my team\n|c| GratedsShtickface|is tera normal tina any good?\n|c|\u2606UUbers account|its okay but my team specifically has a problem with it\n|\n|t:|1697403280\n|switch|p2a: Giratina|Giratina, tera:Normal|73\/100 slp\n|-damage|p2a: Giratina|56\/100 slp|[from] Spikes\n|-ability|p2a: Giratina|Pressure\n|move|p1a: Giratina|Hex|p2a: Giratina\n|-immune|p2a: Giratina\n|\n|-heal|p2a: Giratina|62\/100 slp|[from] item: Leftovers\n|upkeep\n|turn|29\n|\n|t:|1697403303\n|-curestatus|p2a: Giratina|slp|[msg]\n|move|p2a: Giratina|Rest|p2a: Giratina\n|-status|p2a: Giratina|slp|[from] move: Rest\n|-heal|p2a: Giratina|100\/100 slp|[silent]\n|move|p1a: Giratina|Dragon Tail|p2a: Giratina\n|-damage|p2a: Giratina|92\/100 slp\n|drag|p2a: Garchomp|Garchomp, F|52\/100 brn\n|-damage|p2a: Garchomp|36\/100 brn|[from] Spikes\n|\n|-damage|p2a: Garchomp|30\/100 brn|[from] brn\n|upkeep\n|turn|30\n|\n|t:|1697403315\n|move|p2a: Garchomp|Spikes|p1a: Giratina\n|-sidestart|p1: UUbers account|Spikes\n|move|p1a: Giratina|Dragon Tail|p2a: Garchomp|[miss]\n|-miss|p1a: Giratina|p2a: Garchomp\n|\n|-damage|p2a: Garchomp|23\/100 brn|[from] brn\n|upkeep\n|turn|31\n|c|\u2606UUbers account|bro\n|\n|t:|1697403323\n|move|p2a: Garchomp|Earthquake|p1a: Giratina\n|-damage|p1a: Giratina|78\/100\n|move|p1a: Giratina|Dragon Tail|p2a: Garchomp\n|-supereffective|p2a: Garchomp\n|-damage|p2a: Garchomp|0 fnt\n|-damage|p1a: Giratina|66\/100|[from] ability: Rough Skin|[of] p2a: Garchomp\n|faint|p2a: Garchomp\n|\n|upkeep\n|c|\u2606IspamObjection|roar>dragon tail\n|\n|t:|1697403344\n|switch|p2a: Cyclizar|Cyclizar, F|67\/100 par\n|-damage|p2a: Cyclizar|50\/100 par|[from] Spikes\n|turn|32\n|\n|t:|1697403368\n|move|p2a: Cyclizar|Knock Off|p1a: Giratina\n|-resisted|p1a: Giratina\n|-damage|p1a: Giratina|61\/100\n|-enditem|p1a: Giratina|Heavy-Duty Boots|[from] move: Knock Off|[of] p2a: Cyclizar\n|move|p1a: Giratina|Dragon Tail|p2a: Cyclizar\n|-supereffective|p2a: Cyclizar\n|-damage|p2a: Cyclizar|0 fnt\n|faint|p2a: Cyclizar\n|\n|upkeep\n|\n|t:|1697403384\n|switch|p2a: Giratina|Giratina, tera:Normal|92\/100 slp\n|-damage|p2a: Giratina|75\/100 slp|[from] Spikes\n|-ability|p2a: Giratina|Pressure\n|turn|33\n|\n|t:|1697403393\n|cant|p2a: Giratina|slp\n|move|p2a: Giratina|Sleep Talk|p2a: Giratina\n|move|p2a: Giratina|Roar|p1a: Giratina|[from]move: Sleep Talk\n|drag|p1a: Magearna|Magearna|74\/100\n|-damage|p1a: Magearna|68\/100|[from] Stealth Rock\n|-damage|p1a: Magearna|43\/100|[from] Spikes\n|\n|-heal|p2a: Giratina|81\/100 slp|[from] item: Leftovers\n|-heal|p1a: Magearna|49\/100|[from] item: Leftovers\n|upkeep\n|turn|34\n|\n|t:|1697403403\n|cant|p2a: Giratina|slp\n|move|p2a: Giratina|Sleep Talk|p2a: Giratina\n|move|p2a: Giratina|Roar|p1a: Magearna|[from]move: Sleep Talk\n|drag|p1a: Chi-Yu|Chi-Yu|100\/100\n|-damage|p1a: Chi-Yu|76\/100|[from] Stealth Rock\n|-damage|p1a: Chi-Yu|51\/100|[from] Spikes\n|-ability|p1a: Chi-Yu|Beads of Ruin\n|\n|-heal|p2a: Giratina|88\/100 slp|[from] item: Leftovers\n|upkeep\n|turn|35\n|\n|t:|1697403437\n|switch|p2a: Espathra|Espathra, M|38\/100\n|-damage|p2a: Espathra|21\/100|[from] Spikes\n|move|p1a: Chi-Yu|Fire Blast|p2a: Espathra|[miss]\n|-miss|p1a: Chi-Yu|p2a: Espathra\n|\n|-heal|p2a: Espathra|28\/100|[from] item: Leftovers\n|upkeep\n|turn|36\n|\n|t:|1697403454\n|move|p1a: Chi-Yu|Fire Blast|p2a: Espathra\n|-damage|p2a: Espathra|0 fnt\n|faint|p2a: Espathra\n|\n|upkeep\n|c|\u2606UUbers account|my mons be coppying helen keller XD\n|\n|t:|1697403469\n|switch|p2a: Giratina|Giratina, tera:Normal|88\/100 slp\n|-damage|p2a: Giratina|71\/100 slp|[from] Spikes\n|-ability|p2a: Giratina|Pressure\n|turn|37\n|\n|t:|1697403480\n|move|p1a: Chi-Yu|Fire Blast|p2a: Giratina|[miss]\n|-miss|p1a: Chi-Yu|p2a: Giratina\n|-curestatus|p2a: Giratina|slp|[msg]\n|move|p2a: Giratina|Roar|p1a: Chi-Yu\n|drag|p1a: Magearna|Magearna|49\/100\n|-damage|p1a: Magearna|43\/100|[from] Stealth Rock\n|-damage|p1a: Magearna|18\/100|[from] Spikes\n|\n|-heal|p2a: Giratina|77\/100|[from] item: Leftovers\n|-heal|p1a: Magearna|24\/100|[from] item: Leftovers\n|upkeep\n|turn|38\n|c| GratedsShtickface|?\n|\n|t:|1697403494\n|move|p1a: Magearna|Spikes|p2a: Giratina\n|-sidestart|p2: IspamObjection|Spikes\n|move|p2a: Giratina|Roar|p1a: Magearna\n|drag|p1a: Giratina|Giratina, tera:Fairy|61\/100\n|-damage|p1a: Giratina|48\/100|[from] Stealth Rock\n|-damage|p1a: Giratina|23\/100|[from] Spikes\n|-ability|p1a: Giratina|Pressure\n|\n|-heal|p2a: Giratina|83\/100|[from] item: Leftovers\n|upkeep\n|turn|39\n|c|\u2606UUbers account|blind\n|c| GratedsShtickface|ah\n|\n|t:|1697403511\n|move|p1a: Giratina|Rest|p1a: Giratina\n|-status|p1a: Giratina|slp|[from] move: Rest\n|-heal|p1a: Giratina|100\/100 slp|[silent]\n|move|p2a: Giratina|Roar|p1a: Giratina\n|drag|p1a: Chi-Yu|Chi-Yu|51\/100\n|-damage|p1a: Chi-Yu|26\/100|[from] Stealth Rock\n|-damage|p1a: Chi-Yu|2\/100|[from] Spikes\n|-ability|p1a: Chi-Yu|Beads of Ruin\n|\n|-heal|p2a: Giratina|89\/100|[from] item: Leftovers\n|upkeep\n|turn|40\n|\n|t:|1697403532\n|move|p1a: Chi-Yu|Dark Pulse|p2a: Giratina\n|-damage|p2a: Giratina|55\/100\n|cant|p2a: Giratina|flinch\n|\n|-heal|p2a: Giratina|61\/100|[from] item: Leftovers\n|upkeep\n|turn|41\n|c| GratedsShtickface|whoag\n|\n|t:|1697403558\n|move|p1a: Chi-Yu|Dark Pulse|p2a: Giratina\n|-damage|p2a: Giratina|25\/100\n|cant|p2a: Giratina|flinch\n|\n|-heal|p2a: Giratina|31\/100|[from] item: Leftovers\n|upkeep\n|turn|42\n|c|\u2606UUbers account|thank god\n|c|\u2606IspamObjection|damn\n|\n|t:|1697403573\n|move|p1a: Chi-Yu|Dark Pulse|p2a: Giratina\n|-damage|p2a: Giratina|0 fnt\n|faint|p2a: Giratina\n|\n|upkeep\n|\n|t:|1697403582\n|switch|p2a: Chi-Yu|Chi-Yu|100\/100\n|-damage|p2a: Chi-Yu|76\/100|[from] Spikes\n|-ability|p2a: Chi-Yu|Beads of Ruin\n|turn|43\n|\n|t:|1697403588\n|move|p1a: Chi-Yu|Dark Pulse|p2a: Chi-Yu\n|-resisted|p2a: Chi-Yu\n|-damage|p2a: Chi-Yu|51\/100\n|move|p2a: Chi-Yu|Dark Pulse|p1a: Chi-Yu\n|-resisted|p1a: Chi-Yu\n|-damage|p1a: Chi-Yu|0 fnt\n|faint|p1a: Chi-Yu\n|\n|upkeep\n|\n|t:|1697403618\n|switch|p1a: Basculegion|Basculegion-F, F, shiny|72\/100\n|-damage|p1a: Basculegion|59\/100|[from] Stealth Rock\n|-damage|p1a: Basculegion|34\/100|[from] Spikes\n|turn|44\n|\n|t:|1697403637\n|move|p1a: Basculegion|Aqua Jet|p2a: Chi-Yu\n|-supereffective|p2a: Chi-Yu\n|-damage|p2a: Chi-Yu|0 fnt\n|faint|p2a: Chi-Yu\n|\n|upkeep\n|c|\u2606UUbers account|gg\n|\n|t:|1697403649\n|switch|p2a: Arceus|Arceus-Fire, shiny|54\/100\n|-damage|p2a: Arceus|29\/100|[from] Spikes\n|turn|45\n|\n|t:|1697403653\n|move|p1a: Basculegion|Aqua Jet|p2a: Arceus\n|-supereffective|p2a: Arceus\n|-damage|p2a: Arceus|0 fnt\n|faint|p2a: Arceus\n|\n|win|UUbers account\n|c|\u2606IspamObjection|gg\n|l| GratedsShtickface\n|l|\u2606UUbers account\n","uploadtime":1697403660,"views":10,"p1id":"uubersaccount","p2id":"ispamobjection","formatid":"gen9ubers","rating":0,"private":0,"password":""}