{"id":"gen9ubers-1990729244","p1":"aesung","p2":"cftyvubhijnkmln","format":"[Gen 9] Ubers","log":"|j|\u2606aesung\n|j|\u2606cftyvubhijnkmln\n|t:|1699995425\n|gametype|singles\n|player|p1|aesung|cynthia-gen4|1000\n|player|p2|cftyvubhijnkmln|101|1000\n|teamsize|p1|6\n|teamsize|p2|6\n|gen|9\n|tier|[Gen 9] Ubers\n|rated|\n|rule|Sleep Clause Mod: Limit one foe put to sleep\n|rule|Species Clause: Limit one of each Pok\u00e9mon\n|rule|OHKO Clause: OHKO moves are banned\n|rule|Evasion Items Clause: Evasion items are banned\n|rule|Evasion Moves Clause: Evasion moves are banned\n|rule|Endless Battle Clause: Forcing endless battles is banned\n|rule|HP Percentage Mod: HP is shown in percentages\n|clearpoke\n|poke|p1|Garganacl, M|\n|poke|p1|Baxcalibur, F|\n|poke|p1|Mimikyu, F|\n|poke|p1|Tauros-Paldea-Aqua, M|\n|poke|p1|Gholdengo|\n|poke|p1|Meowscarada, M|\n|poke|p2|Sneasler, M|\n|poke|p2|Toxapex, F|\n|poke|p2|Miraidon|\n|poke|p2|Shaymin-Sky|\n|poke|p2|Chi-Yu|\n|poke|p2|Corviknight, F|\n|teampreview\n|l|\u2606cftyvubhijnkmln\n|player|p2|\n|\n|t:|1699995455\n|start\n|switch|p1a: Baxcalibur|Baxcalibur, F|100\/100\n|switch|p2a: Toxapex|Toxapex, F|100\/100\n|turn|1\n|j|\u2606cftyvubhijnkmln\n|player|p2|cftyvubhijnkmln|101\n|\n|t:|1699995703\n|move|p1a: Baxcalibur|Glaive Rush|p2a: Toxapex\n|-damage|p2a: Toxapex|55\/100\n|-singlemove|p1a: Baxcalibur|Glaive Rush|[silent]\n|move|p2a: Toxapex|Toxic Spikes|p1a: Baxcalibur\n|-sidestart|p1: aesung|move: Toxic Spikes\n|\n|-heal|p2a: Toxapex|61\/100|[from] item: Black Sludge\n|upkeep\n|turn|2\n|\n|t:|1699995711\n|move|p1a: Baxcalibur|Icicle Spear|p2a: Toxapex\n|-resisted|p2a: Toxapex\n|-damage|p2a: Toxapex|56\/100\n|-resisted|p2a: Toxapex\n|-damage|p2a: Toxapex|51\/100\n|-resisted|p2a: Toxapex\n|-damage|p2a: Toxapex|45\/100\n|-resisted|p2a: Toxapex\n|-damage|p2a: Toxapex|40\/100\n|-resisted|p2a: Toxapex\n|-damage|p2a: Toxapex|35\/100\n|-hitcount|p2a: Toxapex|5\n|move|p2a: Toxapex|Toxic Spikes|p1a: Baxcalibur\n|-sidestart|p1: aesung|move: Toxic Spikes\n|\n|-heal|p2a: Toxapex|42\/100|[from] item: Black Sludge\n|upkeep\n|turn|3\n|\n|t:|1699995735\n|move|p2a: Toxapex|Baneful Bunker|p2a: Toxapex\n|-singleturn|p2a: Toxapex|move: Protect\n|move|p1a: Baxcalibur|Glaive Rush|p2a: Toxapex\n|-activate|p2a: Toxapex|move: Protect\n|-status|p1a: Baxcalibur|psn\n|\n|-heal|p2a: Toxapex|48\/100|[from] item: Black Sludge\n|-damage|p1a: Baxcalibur|88\/100 psn|[from] psn\n|upkeep\n|turn|4\n|\n|t:|1699995753\n|switch|p2a: Corviknight|Corviknight, F|100\/100\n|move|p1a: Baxcalibur|Glaive Rush|p2a: Corviknight\n|-resisted|p2a: Corviknight\n|-damage|p2a: Corviknight|75\/100\n|-singlemove|p1a: Baxcalibur|Glaive Rush|[silent]\n|\n|-heal|p2a: Corviknight|81\/100|[from] item: Leftovers\n|-damage|p1a: Baxcalibur|76\/100 psn|[from] psn\n|upkeep\n|turn|5\n|\n|t:|1699995785\n|move|p1a: Baxcalibur|Icicle Spear|p2a: Corviknight\n|-damage|p2a: Corviknight|70\/100\n|-damage|p2a: Corviknight|60\/100\n|-crit|p2a: Corviknight\n|-damage|p2a: Corviknight|43\/100\n|-damage|p2a: Corviknight|32\/100\n|-damage|p2a: Corviknight|22\/100\n|-hitcount|p2a: Corviknight|5\n|move|p2a: Corviknight|Iron Head|p1a: Baxcalibur\n|-supereffective|p1a: Baxcalibur\n|-damage|p1a: Baxcalibur|20\/100 psn\n|\n|-heal|p2a: Corviknight|28\/100|[from] item: Leftovers\n|-damage|p1a: Baxcalibur|7\/100 psn|[from] psn\n|upkeep\n|turn|6\n|\n|t:|1699995804\n|move|p1a: Baxcalibur|Ice Shard|p2a: Corviknight\n|-damage|p2a: Corviknight|11\/100\n|move|p2a: Corviknight|U-turn|p1a: Baxcalibur\n|-damage|p1a: Baxcalibur|0 fnt\n|faint|p1a: Baxcalibur\n|\n|t:|1699995814\n|switch|p2a: Sneasler|Sneasler, M|100\/100|[from] U-turn\n|\n|upkeep\n|inactive|Battle timer is ON: inactive players will automatically lose when time's up. (requested by cftyvubhijnkmln)\n|\n|t:|1699995831\n|switch|p1a: Mimikyu|Mimikyu, F|100\/100\n|-status|p1a: Mimikyu|tox\n|turn|7\n|\n|t:|1699995837\n|move|p2a: Sneasler|U-turn|p1a: Mimikyu\n|-activate|p1a: Mimikyu|ability: Disguise\n|-damage|p1a: Mimikyu|100\/100 tox\n|detailschange|p1a: Mimikyu|Mimikyu-Busted, F\n|-damage|p1a: Mimikyu|88\/100 tox|[from] pokemon: Mimikyu-Busted\n|-damage|p2a: Sneasler|91\/100|[from] item: Life Orb\n|\n|t:|1699995845\n|switch|p2a: Corviknight|Corviknight, F|11\/100|[from] U-turn\n|move|p1a: Mimikyu|Play Rough|p2a: Corviknight\n|-resisted|p2a: Corviknight\n|-damage|p2a: Corviknight|0 fnt\n|faint|p2a: Corviknight\n|-damage|p1a: Mimikyu|78\/100 tox|[from] item: Life Orb\n|\n|-damage|p1a: Mimikyu|72\/100 tox|[from] psn\n|upkeep\n|\n|t:|1699995855\n|switch|p2a: Sneasler|Sneasler, M|91\/100\n|turn|8\n|\n|t:|1699995860\n|move|p2a: Sneasler|Gunk Shot|p1a: Mimikyu\n|-damage|p1a: Mimikyu|0 fnt\n|faint|p1a: Mimikyu\n|-damage|p2a: Sneasler|81\/100|[from] item: Life Orb\n|\n|upkeep\n|\n|t:|1699995871\n|switch|p1a: Tauros|Tauros-Paldea-Aqua, M|100\/100\n|-status|p1a: Tauros|tox\n|-ability|p1a: Tauros|Intimidate|boost\n|-unboost|p2a: Sneasler|atk|1\n|turn|9\n|\n|t:|1699995877\n|move|p2a: Sneasler|U-turn|p1a: Tauros\n|-resisted|p1a: Tauros\n|-damage|p1a: Tauros|89\/100 tox\n|-damage|p2a: Sneasler|71\/100|[from] item: Life Orb\n|\n|t:|1699995885\n|switch|p2a: Toxapex|Toxapex, F|81\/100|[from] U-turn\n|move|p1a: Tauros|Wave Crash|p2a: Toxapex\n|-resisted|p2a: Toxapex\n|-damage|p2a: Toxapex|60\/100\n|-damage|p1a: Tauros|82\/100 tox|[from] Recoil\n|\n|-heal|p2a: Toxapex|67\/100|[from] item: Black Sludge\n|-damage|p1a: Tauros|76\/100 tox|[from] psn\n|upkeep\n|turn|10\n|\n|t:|1699995903\n|switch|p1a: Meowscarada|Meowscarada, M|100\/100\n|-status|p1a: Meowscarada|tox\n|move|p2a: Toxapex|Ice Beam|p1a: Meowscarada\n|-supereffective|p1a: Meowscarada\n|-damage|p1a: Meowscarada|62\/100 tox\n|\n|-heal|p2a: Toxapex|73\/100|[from] item: Black Sludge\n|-damage|p1a: Meowscarada|56\/100 tox|[from] psn\n|upkeep\n|turn|11\n|\n|t:|1699995912\n|move|p2a: Toxapex|Baneful Bunker|p2a: Toxapex\n|-singleturn|p2a: Toxapex|move: Protect\n|move|p1a: Meowscarada|Flower Trick|p2a: Toxapex\n|-activate|p2a: Toxapex|move: Protect\n|\n|-heal|p2a: Toxapex|79\/100|[from] item: Black Sludge\n|-damage|p1a: Meowscarada|44\/100 tox|[from] psn\n|upkeep\n|turn|12\n|\n|t:|1699995921\n|move|p1a: Meowscarada|Flower Trick|p2a: Toxapex\n|-crit|p2a: Toxapex\n|-damage|p2a: Toxapex|41\/100\n|move|p2a: Toxapex|Chilling Water|p1a: Meowscarada\n|-resisted|p1a: Meowscarada\n|-damage|p1a: Meowscarada|35\/100 tox\n|-unboost|p1a: Meowscarada|atk|1\n|\n|-heal|p2a: Toxapex|48\/100|[from] item: Black Sludge\n|-damage|p1a: Meowscarada|17\/100 tox|[from] psn\n|upkeep\n|turn|13\n|inactive|aesung has 120 seconds left.\n|c|\u2606aesung|Mml mamaguebo maldito co\u00f1uetu maldita madre hijo de perra\n|-message|aesung forfeited.\n|\n|win|cftyvubhijnkmln\n|raw|aesung's rating: 1027 &rarr; <strong>1012<\/strong><br \/>(-15 for losing)\n|raw|cftyvubhijnkmln's rating: 1000 &rarr; <strong>1043<\/strong><br \/>(+43 for winning)\n","uploadtime":1699995970,"views":16,"p1id":"aesung","p2id":"cftyvubhijnkmln","formatid":"gen9ubers","rating":1012,"private":0,"password":""}