{"id":"gen9ubers-1985137386","p1":"Coutinh0","p2":"RyRy01","format":"[Gen 9] Ubers","log":"|j|\u2606Coutinh0\n|j|\u2606RyRy01\n|t:|1699336486\n|gametype|singles\n|player|p1|Coutinh0|red|1000\n|player|p2|RyRy01|cyrus|1094\n|teamsize|p1|6\n|teamsize|p2|6\n|gen|9\n|tier|[Gen 9] Ubers\n|rated|\n|rule|Sleep Clause Mod: Limit one foe put to sleep\n|rule|Species Clause: Limit one of each Pok\u00e9mon\n|rule|OHKO Clause: OHKO moves are banned\n|rule|Evasion Items Clause: Evasion items are banned\n|rule|Evasion Moves Clause: Evasion moves are banned\n|rule|Endless Battle Clause: Forcing endless battles is banned\n|rule|HP Percentage Mod: HP is shown in percentages\n|clearpoke\n|poke|p1|Garchomp, M|\n|poke|p1|Jolteon, F|\n|poke|p1|Toxapex, F|\n|poke|p1|Charizard, F|\n|poke|p1|Gardevoir, F|\n|poke|p1|Spiritomb, F|\n|poke|p2|Kyogre|\n|poke|p2|Miraidon|\n|poke|p2|Regieleki|\n|poke|p2|Palafin, M|\n|poke|p2|Iron Bundle|\n|poke|p2|Flutter Mane|\n|teampreview\n|\n|t:|1699336513\n|start\n|switch|p1a: Jolteon|Jolteon, F|100\/100\n|switch|p2a: Palafin|Palafin, M, shiny|100\/100\n|turn|1\n|\n|t:|1699336524\n|move|p1a: Jolteon|Electro Ball|p2a: Palafin\n|-supereffective|p2a: Palafin\n|-damage|p2a: Palafin|19\/100\n|move|p2a: Palafin|Flip Turn|p1a: Jolteon\n|-damage|p1a: Jolteon|37\/100\n|\n|t:|1699336530\n|detailschange|p2a: Palafin|Palafin-Hero, M, shiny\n|switch|p2a: Miraidon|Miraidon|100\/100|[from] Flip Turn\n|-fieldstart|move: Electric Terrain|[from] ability: Hadron Engine|[of] p2a: Miraidon\n|\n|upkeep\n|turn|2\n|\n|t:|1699336557\n|switch|p1a: Gardevoir|Gardevoir, F|100\/100\n|move|p2a: Miraidon|Volt Switch|p1a: Gardevoir\n|-damage|p1a: Gardevoir|8\/100\n|inactive|Battle timer is ON: inactive players will automatically lose when time's up. (requested by Coutinh0)\n|inactiveoff|Battle timer is now OFF.\n|\n|t:|1699336596\n|switch|p2a: Regieleki|Regieleki|100\/100|[from] Volt Switch\n|\n|upkeep\n|turn|3\n|\n|t:|1699336605\n|switch|p1a: Toxapex|Toxapex, F|100\/100\n|move|p2a: Regieleki|Volt Switch|p1a: Toxapex\n|-supereffective|p1a: Toxapex\n|-damage|p1a: Toxapex|4\/100\n|\n|t:|1699336608\n|switch|p2a: Miraidon|Miraidon|100\/100|[from] Volt Switch\n|-activate|p2a: Miraidon|ability: Hadron Engine\n|\n|-heal|p1a: Toxapex|10\/100|[from] item: Leftovers\n|upkeep\n|turn|4\n|\n|t:|1699336616\n|move|p2a: Miraidon|Volt Switch|p1a: Toxapex\n|-supereffective|p1a: Toxapex\n|-damage|p1a: Toxapex|0 fnt\n|faint|p1a: Toxapex\n|\n|t:|1699336619\n|switch|p2a: Regieleki|Regieleki|100\/100|[from] Volt Switch\n|\n|upkeep\n|\n|t:|1699336632\n|switch|p1a: Charizard|Charizard, F|100\/100\n|turn|5\n|\n|t:|1699336637\n|move|p2a: Regieleki|Volt Switch|p1a: Charizard\n|-supereffective|p1a: Charizard\n|-damage|p1a: Charizard|0 fnt\n|faint|p1a: Charizard\n|\n|t:|1699336640\n|switch|p2a: Miraidon|Miraidon|100\/100|[from] Volt Switch\n|-activate|p2a: Miraidon|ability: Hadron Engine\n|\n|-fieldend|move: Electric Terrain\n|upkeep\n|\n|t:|1699336647\n|switch|p1a: Garchomp|Garchomp, M|100\/100\n|turn|6\n|\n|t:|1699336654\n|move|p2a: Miraidon|Draco Meteor|p1a: Garchomp\n|-supereffective|p1a: Garchomp\n|-damage|p1a: Garchomp|0 fnt\n|-unboost|p2a: Miraidon|spa|2\n|faint|p1a: Garchomp\n|\n|upkeep\n|\n|t:|1699336662\n|switch|p1a: Jolteon|Jolteon, F|37\/100\n|turn|7\n|\n|t:|1699336667\n|move|p1a: Jolteon|Shadow Ball|p2a: Miraidon\n|-damage|p2a: Miraidon|79\/100\n|-unboost|p2a: Miraidon|spd|1\n|move|p2a: Miraidon|Draco Meteor|p1a: Jolteon\n|-damage|p1a: Jolteon|0 fnt\n|-unboost|p2a: Miraidon|spa|2\n|faint|p1a: Jolteon\n|\n|upkeep\n|\n|t:|1699336676\n|switch|p1a: Gardevoir|Gardevoir, F|8\/100\n|turn|8\n|\n|t:|1699336680\n|move|p2a: Miraidon|Draco Meteor|p1a: Gardevoir\n|-immune|p1a: Gardevoir\n|move|p1a: Gardevoir|Moonblast|p2a: Miraidon\n|-supereffective|p2a: Miraidon\n|-damage|p2a: Miraidon|0 fnt\n|faint|p2a: Miraidon\n|\n|upkeep\n|\n|t:|1699336689\n|switch|p2a: Kyogre|Kyogre|100\/100\n|-weather|RainDance|[from] ability: Drizzle|[of] p2a: Kyogre\n|turn|9\n|\n|t:|1699336695\n|move|p2a: Kyogre|Thunder|p1a: Gardevoir\n|-damage|p1a: Gardevoir|0 fnt\n|faint|p1a: Gardevoir\n|\n|-weather|RainDance|[upkeep]\n|upkeep\n|\n|t:|1699336702\n|switch|p1a: Spiritomb|Spiritomb, F|100\/100\n|turn|10\n|c|\u2606RyRy01|this is your ubers team rofl\n|\n|t:|1699336709\n|move|p2a: Kyogre|Thunder|p1a: Spiritomb\n|-damage|p1a: Spiritomb|57\/100\n|move|p1a: Spiritomb|Hypnosis|p2a: Kyogre|[miss]\n|-miss|p1a: Spiritomb|p2a: Kyogre\n|\n|-weather|RainDance|[upkeep]\n|-heal|p1a: Spiritomb|64\/100|[from] item: Leftovers\n|upkeep\n|turn|11\n|\n|t:|1699336718\n|move|p2a: Kyogre|Thunder|p1a: Spiritomb\n|-damage|p1a: Spiritomb|19\/100\n|-status|p1a: Spiritomb|par\n|move|p1a: Spiritomb|Hypnosis|p2a: Kyogre\n|-status|p2a: Kyogre|slp|[from] move: Hypnosis\n|\n|-weather|RainDance|[upkeep]\n|-heal|p1a: Spiritomb|25\/100 par|[from] item: Leftovers\n|upkeep\n|turn|12\n|\n|t:|1699336727\n|switch|p2a: Palafin|Palafin-Hero, M, shiny|19\/100\n|-activate|p2a: Palafin|ability: Zero to Hero\n|move|p1a: Spiritomb|Dream Eater|p2a: Palafin\n|-immune|p2a: Palafin\n|\n|-weather|RainDance|[upkeep]\n|-heal|p1a: Spiritomb|31\/100 par|[from] item: Leftovers\n|upkeep\n|turn|13\n|\n|t:|1699336736\n|move|p2a: Palafin|Jet Punch|p1a: Spiritomb\n|-damage|p1a: Spiritomb|0 fnt\n|faint|p1a: Spiritomb\n|\n|win|RyRy01\n|raw|Coutinh0's rating: 1000 &rarr; <strong>1000<\/strong><br \/>(+0 for losing)\n|raw|RyRy01's rating: 1094 &rarr; <strong>1113<\/strong><br \/>(+19 for winning)\n","uploadtime":1699336744,"views":9,"p1id":"coutinh0","p2id":"ryry01","formatid":"gen9ubers","rating":1000,"private":0,"password":""}