{"id":"gen9ubers-1990226086","p1":"WetCroutons","p2":"pdswww","format":"[Gen 9] Ubers","log":"|j|\u2606WetCroutons\n|j|\u2606pdswww\n|t:|1699940350\n|gametype|singles\n|player|p1|WetCroutons|lyra|\n|player|p2|pdswww|unknown|\n|teamsize|p1|6\n|teamsize|p2|6\n|gen|9\n|tier|[Gen 9] Ubers\n|rule|Sleep Clause Mod: Limit one foe put to sleep\n|rule|Species Clause: Limit one of each Pok\u00e9mon\n|rule|OHKO Clause: OHKO moves are banned\n|rule|Evasion Items Clause: Evasion items are banned\n|rule|Evasion Moves Clause: Evasion moves are banned\n|rule|Endless Battle Clause: Forcing endless battles is banned\n|rule|HP Percentage Mod: HP is shown in percentages\n|clearpoke\n|poke|p1|Palafin, M|\n|poke|p1|Chi-Yu|\n|poke|p1|Landorus, M|\n|poke|p1|Dragonite, M|\n|poke|p1|Masquerain, M|\n|poke|p1|Gholdengo|\n|poke|p2|Zacian-*|\n|poke|p2|Chi-Yu|\n|poke|p2|Urshifu-*, M|\n|poke|p2|Arceus-Dragon|\n|poke|p2|Espathra, F|\n|poke|p2|Magearna|\n|teampreview\n|inactive|Battle timer is ON: inactive players will automatically lose when time's up. (requested by WetCroutons)\n|c|\u2606WetCroutons|i swear to god\n|\n|t:|1699940358\n|start\n|switch|p1a: Masquerain|Masquerain, M|100\/100\n|switch|p2a: Urshifu|Urshifu-Rapid-Strike, M|100\/100\n|-ability|p1a: Masquerain|Intimidate|boost\n|-unboost|p2a: Urshifu|atk|1\n|turn|1\n|c|\u2606pdswww|:)\n|c|\u2606WetCroutons|sac\n|\n|t:|1699940376\n|move|p2a: Urshifu|Surging Strikes|p1a: Masquerain\n|-crit|p1a: Masquerain\n|-damage|p1a: Masquerain|62\/100\n|-crit|p1a: Masquerain\n|-damage|p1a: Masquerain|26\/100\n|-crit|p1a: Masquerain\n|-damage|p1a: Masquerain|0 fnt\n|faint|p1a: Masquerain\n|-hitcount|p1: Masquerain|3\n|\n|upkeep\n|\n|t:|1699940382\n|switch|p1a: Landorus|Landorus, M|100\/100\n|turn|2\n|\n|t:|1699940387\n|move|p2a: Urshifu|Surging Strikes|p1a: Landorus\n|-supereffective|p1a: Landorus\n|-crit|p1a: Landorus\n|-damage|p1a: Landorus|51\/100\n|-supereffective|p1a: Landorus\n|-crit|p1a: Landorus\n|-damage|p1a: Landorus|3\/100\n|-supereffective|p1a: Landorus\n|-crit|p1a: Landorus\n|-damage|p1a: Landorus|0 fnt\n|faint|p1a: Landorus\n|-hitcount|p1: Landorus|3\n|\n|upkeep\n|c|\u2606WetCroutons|scarf :skull:\n|\n|t:|1699940396\n|switch|p1a: Palafin|Palafin, M|100\/100\n|turn|3\n|c|\u2606pdswww|just noticed?\n|\n|t:|1699940404\n|move|p2a: Urshifu|Surging Strikes|p1a: Palafin\n|-resisted|p1a: Palafin\n|-crit|p1a: Palafin\n|-damage|p1a: Palafin|88\/100\n|-resisted|p1a: Palafin\n|-crit|p1a: Palafin\n|-damage|p1a: Palafin|76\/100\n|-resisted|p1a: Palafin\n|-crit|p1a: Palafin\n|-damage|p1a: Palafin|63\/100\n|-hitcount|p1a: Palafin|3\n|move|p1a: Palafin|Bulk Up|p1a: Palafin\n|-boost|p1a: Palafin|atk|1\n|-boost|p1a: Palafin|def|1\n|\n|-heal|p1a: Palafin|69\/100|[from] item: Leftovers\n|upkeep\n|turn|4\n|c|\u2606WetCroutons|whyd u swap earlier lol\n|c|\u2606pdswww|idk\n|c|\u2606WetCroutons|wait not hero form yet\n|c|\u2606pdswww|atk drop didnt even matter bc crit\n|c|\u2606WetCroutons|:skull:\n|\n|t:|1699940426\n|move|p2a: Urshifu|Surging Strikes|p1a: Palafin\n|-resisted|p1a: Palafin\n|-crit|p1a: Palafin\n|-damage|p1a: Palafin|55\/100\n|-resisted|p1a: Palafin\n|-crit|p1a: Palafin\n|-damage|p1a: Palafin|41\/100\n|-resisted|p1a: Palafin\n|-crit|p1a: Palafin\n|-damage|p1a: Palafin|27\/100\n|-hitcount|p1a: Palafin|3\n|move|p1a: Palafin|Bulk Up|p1a: Palafin\n|-boost|p1a: Palafin|atk|1\n|-boost|p1a: Palafin|def|1\n|\n|-heal|p1a: Palafin|33\/100|[from] item: Leftovers\n|upkeep\n|turn|5\n|\n|t:|1699940434\n|move|p1a: Palafin|Jet Punch|p2a: Urshifu\n|-resisted|p2a: Urshifu\n|-damage|p2a: Urshifu|80\/100\n|move|p2a: Urshifu|Surging Strikes|p1a: Palafin\n|-resisted|p1a: Palafin\n|-crit|p1a: Palafin\n|-damage|p1a: Palafin|21\/100\n|-resisted|p1a: Palafin\n|-crit|p1a: Palafin\n|-damage|p1a: Palafin|9\/100\n|-resisted|p1a: Palafin\n|-crit|p1a: Palafin\n|-damage|p1a: Palafin|0 fnt\n|faint|p1a: Palafin\n|-hitcount|p1: Palafin|3\n|\n|upkeep\n|c|\u2606WetCroutons|crap\n|c|\u2606pdswww|what\n|\n|t:|1699940439\n|switch|p1a: Gholdengo|Gholdengo|100\/100\n|-item|p1a: Gholdengo|Air Balloon\n|turn|6\n|\n|t:|1699940445\n|move|p2a: Urshifu|Surging Strikes|p1a: Gholdengo\n|-crit|p1a: Gholdengo\n|-damage|p1a: Gholdengo|78\/100\n|-enditem|p1a: Gholdengo|Air Balloon\n|-crit|p1a: Gholdengo\n|-damage|p1a: Gholdengo|57\/100\n|-crit|p1a: Gholdengo\n|-damage|p1a: Gholdengo|34\/100\n|-hitcount|p1a: Gholdengo|3\n|move|p1a: Gholdengo|Shadow Ball|p2a: Urshifu\n|-damage|p2a: Urshifu|21\/100\n|\n|upkeep\n|turn|7\n|c|\u2606pdswww|skull\n|c|\u2606pdswww|no ohko?\n|\n|t:|1699940463\n|move|p2a: Urshifu|Surging Strikes|p1a: Gholdengo\n|-crit|p1a: Gholdengo\n|-damage|p1a: Gholdengo|12\/100\n|-crit|p1a: Gholdengo\n|-damage|p1a: Gholdengo|0 fnt\n|faint|p1a: Gholdengo\n|-hitcount|p1: Gholdengo|2\n|\n|upkeep\n|\n|t:|1699940466\n|switch|p1a: Dragonite|Dragonite, M|100\/100\n|turn|8\n|c|\u2606WetCroutons|if this zacian gets one more crit i swear\n|\n|t:|1699940479\n|switch|p2a: Zacian|Zacian|100\/100\n|-ability|p2a: Zacian|Intrepid Sword|boost\n|-boost|p2a: Zacian|atk|1\n|move|p1a: Dragonite|Extreme Speed|p2a: Zacian\n|-crit|p2a: Zacian\n|-damage|p2a: Zacian|57\/100\n|\n|upkeep\n|turn|9\n|\n|t:|1699940493\n|-terastallize|p1a: Dragonite|Normal\n|move|p1a: Dragonite|Extreme Speed|p2a: Zacian\n|-damage|p2a: Zacian|10\/100\n|move|p2a: Zacian|Play Rough|p1a: Dragonite\n|-damage|p1a: Dragonite|44\/100\n|\n|upkeep\n|turn|10\n|c|\u2606pdswww|no weakness policy anymore\n|\n|t:|1699940512\n|move|p1a: Dragonite|Extreme Speed|p2a: Zacian\n|-damage|p2a: Zacian|0 fnt\n|faint|p2a: Zacian\n|\n|upkeep\n|\n|t:|1699940521\n|switch|p2a: Arceus|Arceus-Dragon|100\/100\n|turn|11\n|\n|t:|1699940527\n|-terastallize|p2a: Arceus|Normal\n|move|p2a: Arceus|Extreme Speed|p1a: Dragonite\n|-damage|p1a: Dragonite|0 fnt\n|faint|p1a: Dragonite\n|\n|upkeep\n|c|\u2606WetCroutons|this was rigged\n|\n|t:|1699940533\n|switch|p1a: Chi-Yu|Chi-Yu|100\/100\n|-ability|p1a: Chi-Yu|Beads of Ruin\n|turn|12\n|c|\u2606pdswww|no u\n|\n|t:|1699940539\n|move|p1a: Chi-Yu|Flamethrower|p2a: Arceus\n|-crit|p2a: Arceus\n|-damage|p2a: Arceus|11\/100\n|-damage|p1a: Chi-Yu|91\/100|[from] item: Life Orb\n|move|p2a: Arceus|Outrage|p1a: Chi-Yu\n|-damage|p1a: Chi-Yu|0 fnt\n|faint|p1a: Chi-Yu\n|\n|win|pdswww\n|c|\u2606pdswww|crit but still no ohko\n|c|\u2606WetCroutons|gonna replace lando\n|l|\u2606WetCroutons\n|c|\u2606pdswww|btw we have to share replays to discord\n|c|\u2606pdswww|oh welp\n","uploadtime":1699940619,"views":12,"p1id":"wetcroutons","p2id":"pdswww","formatid":"gen9ubers","rating":0,"private":0,"password":""}