{"id":"gen9ubers-1982204343","p1":"FoxasBat","p2":"PyroGaleZX","format":"[Gen 9] Ubers","log":"|j|\u2606FoxasBat\n|j|\u2606PyroGaleZX\n|t:|1698978910\n|gametype|singles\n|player|p1|FoxasBat|170|\n|player|p2|PyroGaleZX|grusha|\n|teamsize|p1|6\n|teamsize|p2|6\n|gen|9\n|tier|[Gen 9] Ubers\n|rule|Sleep Clause Mod: Limit one foe put to sleep\n|rule|Species Clause: Limit one of each Pok\u00e9mon\n|rule|OHKO Clause: OHKO moves are banned\n|rule|Evasion Items Clause: Evasion items are banned\n|rule|Evasion Moves Clause: Evasion moves are banned\n|rule|Endless Battle Clause: Forcing endless battles is banned\n|rule|HP Percentage Mod: HP is shown in percentages\n|clearpoke\n|poke|p1|Clodsire, M|\n|poke|p1|Roaring Moon|\n|poke|p1|Armarouge, M|\n|poke|p1|Decidueye, M|\n|poke|p1|Sliggoo-Hisui, M|\n|poke|p1|Dunsparce, F|\n|poke|p2|Samurott-Hisui, F|\n|poke|p2|Enamorus-Therian, F|\n|poke|p2|Arcanine, F|\n|poke|p2|Umbreon, M|\n|poke|p2|Rabsca, F|\n|poke|p2|Pawmo, M|\n|teampreview\n|\n|t:|1698978929\n|start\n|switch|p1a: Armarouge|Armarouge, M|100\/100\n|switch|p2a: Samurott|Samurott-Hisui, F|100\/100\n|turn|1\n|\n|t:|1698978936\n|move|p2a: Samurott|Ceaseless Edge|p1a: Armarouge\n|-supereffective|p1a: Armarouge\n|-damage|p1a: Armarouge|0 fnt\n|-sidestart|p1: FoxasBat|Spikes\n|faint|p1a: Armarouge\n|\n|upkeep\n|j| HeirEhm\n|\n|t:|1698978956\n|switch|p1a: Sliggoo|Sliggoo-Hisui, M|100\/100\n|-damage|p1a: Sliggoo|88\/100|[from] Spikes\n|turn|2\n|j| BriefStar\n|\n|t:|1698978965\n|move|p2a: Samurott|Ceaseless Edge|p1a: Sliggoo\n|-damage|p1a: Sliggoo|35\/100\n|-sidestart|p1: FoxasBat|Spikes\n|move|p1a: Sliggoo|Dragon Pulse|p2a: Samurott\n|-damage|p2a: Samurott|48\/100\n|\n|upkeep\n|turn|3\n|j| Jam20Jam\n|\n|t:|1698978972\n|move|p2a: Samurott|Ceaseless Edge|p1a: Sliggoo|[miss]\n|-miss|p2a: Samurott|p1a: Sliggoo\n|move|p1a: Sliggoo|Ice Beam|p2a: Samurott\n|-resisted|p2a: Samurott\n|-damage|p2a: Samurott|32\/100\n|\n|upkeep\n|turn|4\n|j| Dono_XD\n|\n|t:|1698978986\n|move|p2a: Samurott|Ceaseless Edge|p1a: Sliggoo\n|-damage|p1a: Sliggoo|0 fnt\n|-sidestart|p1: FoxasBat|Spikes\n|faint|p1a: Sliggoo\n|\n|upkeep\n|\n|t:|1698978993\n|switch|p1a: Roaring Moon|Roaring Moon|100\/100\n|-damage|p1a: Roaring Moon|76\/100|[from] Spikes\n|-enditem|p1a: Roaring Moon|Booster Energy\n|-activate|p1a: Roaring Moon|ability: Protosynthesis|[fromitem]\n|-start|p1a: Roaring Moon|protosynthesisatk\n|turn|5\n|\n|t:|1698979012\n|move|p1a: Roaring Moon|Acrobatics|p2a: Samurott\n|-damage|p2a: Samurott|0 fnt\n|faint|p2a: Samurott\n|\n|upkeep\n|\n|t:|1698979015\n|switch|p2a: Enamorus|Enamorus-Therian, F|100\/100\n|turn|6\n|\n|t:|1698979025\n|-terastallize|p1a: Roaring Moon|Flying\n|move|p1a: Roaring Moon|Acrobatics|p2a: Enamorus\n|-damage|p2a: Enamorus|43\/100\n|move|p2a: Enamorus|Draining Kiss|p1a: Roaring Moon\n|-damage|p1a: Roaring Moon|54\/100\n|-heal|p2a: Enamorus|59\/100|[from] drain|[of] p1a: Roaring Moon\n|\n|upkeep\n|turn|7\n|\n|t:|1698979059\n|move|p1a: Roaring Moon|Acrobatics|p2a: Enamorus\n|-damage|p2a: Enamorus|4\/100\n|move|p2a: Enamorus|Draining Kiss|p1a: Roaring Moon\n|-damage|p1a: Roaring Moon|32\/100\n|-heal|p2a: Enamorus|20\/100|[from] drain|[of] p1a: Roaring Moon\n|\n|upkeep\n|turn|8\n|\n|t:|1698979081\n|switch|p2a: Pawmo|Pawmo, M|100\/100\n|move|p1a: Roaring Moon|Acrobatics|p2a: Pawmo\n|-damage|p2a: Pawmo|0 fnt\n|faint|p2a: Pawmo\n|\n|upkeep\n|\n|t:|1698979086\n|switch|p2a: Arcanine|Arcanine, F|100\/100\n|-ability|p2a: Arcanine|Intimidate|boost\n|-unboost|p1a: Roaring Moon|atk|1\n|turn|9\n|\n|t:|1698979105\n|move|p1a: Roaring Moon|Acrobatics|p2a: Arcanine\n|-damage|p2a: Arcanine|33\/100\n|move|p2a: Arcanine|Flare Blitz|p1a: Roaring Moon\n|-damage|p1a: Roaring Moon|0 fnt\n|faint|p1a: Roaring Moon\n|-end|p1a: Roaring Moon|Protosynthesis|[silent]\n|-damage|p2a: Arcanine|21\/100|[from] Recoil\n|\n|upkeep\n|\n|t:|1698979117\n|switch|p1a: Dunsparce|Dunsparce, F|100\/100\n|-damage|p1a: Dunsparce|75\/100|[from] Spikes\n|turn|10\n|\n|t:|1698979158\n|move|p2a: Arcanine|Morning Sun|p2a: Arcanine\n|-heal|p2a: Arcanine|71\/100\n|move|p1a: Dunsparce|Body Slam|p2a: Arcanine\n|-damage|p2a: Arcanine|41\/100\n|-status|p2a: Arcanine|par\n|\n|-heal|p1a: Dunsparce|82\/100|[from] item: Leftovers\n|upkeep\n|turn|11\n|\n|t:|1698979168\n|move|p2a: Arcanine|Flare Blitz|p1a: Dunsparce\n|-damage|p1a: Dunsparce|18\/100\n|-damage|p2a: Arcanine|15\/100 par|[from] Recoil\n|move|p1a: Dunsparce|Earth Power|p2a: Arcanine\n|-supereffective|p2a: Arcanine\n|-damage|p2a: Arcanine|0 fnt\n|faint|p2a: Arcanine\n|\n|-heal|p1a: Dunsparce|24\/100|[from] item: Leftovers\n|upkeep\n|\n|t:|1698979172\n|switch|p2a: Rabsca|Rabsca, F|100\/100\n|turn|12\n|\n|t:|1698979179\n|move|p1a: Dunsparce|Body Slam|p2a: Rabsca\n|-damage|p2a: Rabsca|74\/100\n|-status|p2a: Rabsca|par\n|-activate|p2a: Rabsca|ability: Synchronize\n|-status|p1a: Dunsparce|par\n|move|p2a: Rabsca|Revival Blessing|p2a: Rabsca\n|\n|t:|1698979189\n|-heal|p2: Samurott|50\/100|[from] move: Revival Blessing\n|\n|-heal|p1a: Dunsparce|30\/100 par|[from] item: Leftovers\n|upkeep\n|turn|13\n|\n|t:|1698979202\n|cant|p1a: Dunsparce|par\n|move|p2a: Rabsca|Psyshock|p1a: Dunsparce\n|-damage|p1a: Dunsparce|0 fnt\n|faint|p1a: Dunsparce\n|-damage|p2a: Rabsca|64\/100 par|[from] item: Life Orb\n|\n|upkeep\n|\n|t:|1698979209\n|switch|p1a: Decidueye|Decidueye, M|100\/100\n|turn|14\n|\n|t:|1698979226\n|move|p1a: Decidueye|Spirit Shackle|p2a: Rabsca\n|-supereffective|p2a: Rabsca\n|-damage|p2a: Rabsca|0 fnt\n|faint|p2a: Rabsca\n|\n|upkeep\n|\n|t:|1698979230\n|switch|p2a: Umbreon|Umbreon, M|100\/100\n|turn|15\n|\n|t:|1698979235\n|move|p2a: Umbreon|Foul Play|p1a: Decidueye\n|-supereffective|p1a: Decidueye\n|-damage|p1a: Decidueye|45\/100\n|move|p1a: Decidueye|Defog|p2a: Umbreon\n|-unboost|p2a: Umbreon|evasion|1\n|-sideend|p1: FoxasBat|Spikes|[from] move: Defog|[of] p1a: Decidueye\n|\n|upkeep\n|turn|16\n|\n|t:|1698979241\n|switch|p1a: Clodsire|Clodsire, M|100\/100\n|move|p2a: Umbreon|Foul Play|p1a: Clodsire\n|-damage|p1a: Clodsire|72\/100\n|\n|-heal|p1a: Clodsire|79\/100|[from] item: Leftovers\n|upkeep\n|turn|17\n|\n|t:|1698979251\n|move|p2a: Umbreon|Wish|p2a: Umbreon\n|move|p1a: Clodsire|Toxic|p2a: Umbreon\n|-status|p2a: Umbreon|tox\n|-activate|p2a: Umbreon|ability: Synchronize\n|-immune|p1a: Clodsire\n|\n|-heal|p1a: Clodsire|85\/100|[from] item: Leftovers\n|-damage|p2a: Umbreon|94\/100 tox|[from] psn\n|upkeep\n|turn|18\n|\n|t:|1698979262\n|switch|p2a: Samurott|Samurott-Hisui, F|50\/100\n|move|p1a: Clodsire|Stealth Rock|p2a: Samurott\n|-sidestart|p2: PyroGaleZX|move: Stealth Rock\n|\n|-heal|p2a: Samurott|100\/100|[from] move: Wish|[wisher] Umbreon\n|-heal|p1a: Clodsire|91\/100|[from] item: Leftovers\n|upkeep\n|turn|19\n|\n|t:|1698979272\n|move|p2a: Samurott|Razor Shell|p1a: Clodsire\n|-supereffective|p1a: Clodsire\n|-damage|p1a: Clodsire|0 fnt\n|faint|p1a: Clodsire\n|\n|upkeep\n|\n|t:|1698979276\n|switch|p1a: Decidueye|Decidueye, M|45\/100\n|turn|20\n|\n|t:|1698979282\n|move|p2a: Samurott|Razor Shell|p1a: Decidueye\n|-resisted|p1a: Decidueye\n|-damage|p1a: Decidueye|13\/100\n|move|p1a: Decidueye|Spirit Shackle|p2a: Samurott\n|-resisted|p2a: Samurott\n|-damage|p2a: Samurott|82\/100\n|-activate|p2a: Samurott|trapped\n|\n|upkeep\n|turn|21\n|\n|t:|1698979289\n|move|p2a: Samurott|Razor Shell|p1a: Decidueye\n|-resisted|p1a: Decidueye\n|-damage|p1a: Decidueye|0 fnt\n|faint|p1a: Decidueye\n|\n|win|PyroGaleZX\n","uploadtime":1698979296,"views":8,"p1id":"foxasbat","p2id":"pyrogalezx","formatid":"gen9ubers","rating":0,"private":0,"password":""}