{"id":"gen9ubers-1977229132","p1":"vespyyy","p2":"Nitro524","format":"[Gen 9] Ubers","log":"|j|\u2606vespyyy\n|j|\u2606Nitro524\n|t:|1698390403\n|gametype|singles\n|player|p1|vespyyy|juggler|\n|player|p2|Nitro524|hilbert|\n|teamsize|p1|6\n|teamsize|p2|6\n|gen|9\n|tier|[Gen 9] Ubers\n|rule|Sleep Clause Mod: Limit one foe put to sleep\n|rule|Species Clause: Limit one of each Pok\u00e9mon\n|rule|OHKO Clause: OHKO moves are banned\n|rule|Evasion Items Clause: Evasion items are banned\n|rule|Evasion Moves Clause: Evasion moves are banned\n|rule|Endless Battle Clause: Forcing endless battles is banned\n|rule|HP Percentage Mod: HP is shown in percentages\n|clearpoke\n|poke|p1|Giratina|\n|poke|p1|Dondozo, M|\n|poke|p1|Blissey, F|\n|poke|p1|Arceus-Psychic|\n|poke|p1|Magearna|\n|poke|p1|Zacian-*|\n|poke|p2|Torkoal, M|\n|poke|p2|Chi-Yu|\n|poke|p2|Cyclizar, M|\n|poke|p2|Magearna|\n|poke|p2|Roaring Moon|\n|poke|p2|Walking Wake|\n|teampreview\n|c|\u2606Nitro524|glhf\n|\n|t:|1698390424\n|start\n|switch|p1a: Arceus|Arceus-Psychic|100\/100\n|switch|p2a: Cyclizar|Cyclizar, M|100\/100\n|turn|1\n|\n|t:|1698390431\n|move|p2a: Cyclizar|Rapid Spin|p1a: Arceus\n|-damage|p1a: Arceus|91\/100\n|-boost|p2a: Cyclizar|spe|1\n|move|p1a: Arceus|Dazzling Gleam|p2a: Cyclizar\n|-supereffective|p2a: Cyclizar\n|-damage|p2a: Cyclizar|44\/100\n|\n|upkeep\n|turn|2\n|c|\u2606Nitro524|worst misclick ever\n|inactive|Battle timer is ON: inactive players will automatically lose when time's up. (requested by vespyyy)\n|\n|t:|1698390475\n|switch|p2a: Torkoal|Torkoal, M|100\/100\n|-weather|SunnyDay|[from] ability: Drought|[of] p2a: Torkoal\n|move|p1a: Arceus|Dazzling Gleam|p2a: Torkoal\n|-resisted|p2a: Torkoal\n|-damage|p2a: Torkoal|86\/100\n|\n|-weather|SunnyDay|[upkeep]\n|upkeep\n|turn|3\n|\n|t:|1698390483\n|move|p1a: Arceus|Calm Mind|p1a: Arceus\n|-boost|p1a: Arceus|spa|1\n|-boost|p1a: Arceus|spd|1\n|move|p2a: Torkoal|Stealth Rock|p1a: Arceus\n|-sidestart|p1: vespyyy|move: Stealth Rock\n|\n|-weather|SunnyDay|[upkeep]\n|upkeep\n|turn|4\n|\n|t:|1698390486\n|move|p1a: Arceus|Calm Mind|p1a: Arceus\n|-boost|p1a: Arceus|spa|1\n|-boost|p1a: Arceus|spd|1\n|move|p2a: Torkoal|Yawn|p1a: Arceus\n|-start|p1a: Arceus|move: Yawn|[of] p2a: Torkoal\n|\n|-weather|SunnyDay|[upkeep]\n|upkeep\n|turn|5\n|\n|t:|1698390490\n|switch|p1a: Giratina|Giratina|100\/100\n|-ability|p1a: Giratina|Pressure\n|move|p2a: Torkoal|Lava Plume|p1a: Giratina\n|-resisted|p1a: Giratina\n|-damage|p1a: Giratina|93\/100\n|-status|p1a: Giratina|brn\n|\n|-weather|SunnyDay|[upkeep]\n|-damage|p1a: Giratina|87\/100 brn|[from] brn\n|upkeep\n|turn|6\n|\n|t:|1698390512\n|move|p1a: Giratina|Defog|p2a: Torkoal\n|-unboost|p2a: Torkoal|evasion|1\n|-sideend|p1: vespyyy|Stealth Rock|[from] move: Defog|[of] p1a: Giratina\n|move|p2a: Torkoal|Yawn||[still]\n|-fail|p2a: Torkoal\n|\n|-weather|SunnyDay|[upkeep]\n|-damage|p1a: Giratina|80\/100 brn|[from] brn\n|upkeep\n|turn|7\n|c|\u2606Nitro524|i am so good at clicking buttons\n|inactive|Nitro524 has 270 seconds left.\n|\n|t:|1698390541\n|switch|p2a: Magearna|Magearna|100\/100\n|move|p1a: Giratina|Rest|p1a: Giratina\n|-status|p1a: Giratina|slp|[from] move: Rest\n|-heal|p1a: Giratina|100\/100 slp|[silent]\n|\n|-weather|SunnyDay|[upkeep]\n|upkeep\n|turn|8\n|inactive|Nitro524 has 270 seconds left.\n|\n|t:|1698390547\n|switch|p1a: Arceus|Arceus-Psychic|91\/100\n|move|p2a: Magearna|Calm Mind|p2a: Magearna\n|-boost|p2a: Magearna|spa|1\n|-boost|p2a: Magearna|spd|1\n|\n|-weather|SunnyDay|[upkeep]\n|upkeep\n|turn|9\n|\n|t:|1698390552\n|move|p1a: Arceus|Calm Mind|p1a: Arceus\n|-boost|p1a: Arceus|spa|1\n|-boost|p1a: Arceus|spd|1\n|move|p2a: Magearna|Stored Power|p1a: Arceus\n|-resisted|p1a: Arceus\n|-damage|p1a: Arceus|86\/100\n|\n|-weather|none\n|upkeep\n|turn|10\n|\n|t:|1698390555\n|move|p1a: Arceus|Calm Mind|p1a: Arceus\n|-boost|p1a: Arceus|spa|1\n|-boost|p1a: Arceus|spd|1\n|move|p2a: Magearna|Draining Kiss|p1a: Arceus\n|-damage|p1a: Arceus|76\/100\n|\n|upkeep\n|turn|11\n|\n|t:|1698390558\n|move|p1a: Arceus|Calm Mind|p1a: Arceus\n|-boost|p1a: Arceus|spa|1\n|-boost|p1a: Arceus|spd|1\n|move|p2a: Magearna|Calm Mind|p2a: Magearna\n|-boost|p2a: Magearna|spa|1\n|-boost|p2a: Magearna|spd|1\n|\n|upkeep\n|turn|12\n|\n|t:|1698390561\n|move|p1a: Arceus|Calm Mind|p1a: Arceus\n|-boost|p1a: Arceus|spa|1\n|-boost|p1a: Arceus|spd|1\n|move|p2a: Magearna|Calm Mind|p2a: Magearna\n|-boost|p2a: Magearna|spa|1\n|-boost|p2a: Magearna|spd|1\n|\n|upkeep\n|turn|13\n|\n|t:|1698390565\n|move|p1a: Arceus|Calm Mind|p1a: Arceus\n|-boost|p1a: Arceus|spa|1\n|-boost|p1a: Arceus|spd|1\n|move|p2a: Magearna|Calm Mind|p2a: Magearna\n|-boost|p2a: Magearna|spa|1\n|-boost|p2a: Magearna|spd|1\n|\n|upkeep\n|turn|14\n|\n|t:|1698390568\n|move|p1a: Arceus|Recover|p1a: Arceus\n|-heal|p1a: Arceus|100\/100\n|move|p2a: Magearna|Calm Mind|p2a: Magearna\n|-boost|p2a: Magearna|spa|1\n|-boost|p2a: Magearna|spd|1\n|\n|upkeep\n|turn|15\n|\n|t:|1698390576\n|move|p1a: Arceus|Calm Mind|p1a: Arceus\n|-boost|p1a: Arceus|spa|1\n|-boost|p1a: Arceus|spd|1\n|move|p2a: Magearna|Calm Mind|p2a: Magearna\n|-boost|p2a: Magearna|spa|1\n|-boost|p2a: Magearna|spd|1\n|\n|upkeep\n|turn|16\n|\n|t:|1698390584\n|move|p1a: Arceus|Stored Power|p2a: Magearna\n|-resisted|p2a: Magearna\n|-damage|p2a: Magearna|48\/100\n|move|p2a: Magearna|Stored Power|p1a: Arceus\n|-resisted|p1a: Arceus\n|-damage|p1a: Arceus|77\/100\n|\n|-heal|p2a: Magearna|54\/100|[from] item: Leftovers\n|upkeep\n|turn|17\n|\n|t:|1698390590\n|move|p1a: Arceus|Stored Power|p2a: Magearna\n|-resisted|p2a: Magearna\n|-damage|p2a: Magearna|6\/100\n|move|p2a: Magearna|Draining Kiss|p1a: Arceus\n|-damage|p1a: Arceus|64\/100\n|-heal|p2a: Magearna|17\/100|[from] drain|[of] p1a: Arceus\n|\n|-heal|p2a: Magearna|23\/100|[from] item: Leftovers\n|upkeep\n|turn|18\n|\n|t:|1698390597\n|switch|p2a: Roaring Moon|Roaring Moon|100\/100\n|-enditem|p2a: Roaring Moon|Booster Energy\n|-activate|p2a: Roaring Moon|ability: Protosynthesis|[fromitem]\n|-start|p2a: Roaring Moon|protosynthesisatk\n|move|p1a: Arceus|Recover|p1a: Arceus\n|-heal|p1a: Arceus|100\/100\n|\n|upkeep\n|turn|19\n|\n|t:|1698390615\n|-terastallize|p1a: Arceus|Poison\n|move|p2a: Roaring Moon|Knock Off|p1a: Arceus\n|-damage|p1a: Arceus|73\/100\n|move|p1a: Arceus|Dazzling Gleam|p2a: Roaring Moon\n|-supereffective|p2a: Roaring Moon\n|-damage|p2a: Roaring Moon|0 fnt\n|faint|p2a: Roaring Moon\n|-end|p2a: Roaring Moon|Protosynthesis|[silent]\n|\n|upkeep\n|\n|t:|1698390620\n|switch|p2a: Torkoal|Torkoal, M|86\/100\n|-weather|SunnyDay|[from] ability: Drought|[of] p2a: Torkoal\n|turn|20\n|\n|t:|1698390636\n|move|p1a: Arceus|Stored Power|p2a: Torkoal\n|-damage|p2a: Torkoal|0 fnt\n|faint|p2a: Torkoal\n|\n|-weather|SunnyDay|[upkeep]\n|upkeep\n|inactive|Nitro524 has 270 seconds left.\n|\n|t:|1698390665\n|switch|p2a: Cyclizar|Cyclizar, M|77\/100\n|turn|21\n|\n|t:|1698390667\n|move|p2a: Cyclizar|Shed Tail|p2a: Cyclizar\n|-start|p2a: Cyclizar|Substitute|[from] move: Shed Tail\n|-damage|p2a: Cyclizar|27\/100\n|\n|t:|1698390670\n|switch|p2a: Chi-Yu|Chi-Yu|100\/100|[from] Shed Tail\n|-ability|p2a: Chi-Yu|Beads of Ruin\n|move|p1a: Arceus|Stored Power|p2a: Chi-Yu\n|-immune|p2a: Chi-Yu\n|\n|-weather|SunnyDay|[upkeep]\n|upkeep\n|turn|22\n|\n|t:|1698390681\n|move|p2a: Chi-Yu|Psychic|p1a: Arceus\n|-supereffective|p1a: Arceus\n|-damage|p1a: Arceus|59\/100\n|move|p1a: Arceus|Dazzling Gleam|p2a: Chi-Yu\n|-end|p2a: Chi-Yu|Substitute\n|\n|-weather|SunnyDay|[upkeep]\n|upkeep\n|turn|23\n|\n|t:|1698390693\n|move|p2a: Chi-Yu|Psychic|p1a: Arceus\n|-supereffective|p1a: Arceus\n|-damage|p1a: Arceus|45\/100\n|-unboost|p1a: Arceus|spd|1\n|move|p1a: Arceus|Dazzling Gleam|p2a: Chi-Yu\n|-damage|p2a: Chi-Yu|2\/100\n|\n|-weather|SunnyDay|[upkeep]\n|upkeep\n|turn|24\n|\n|t:|1698390699\n|move|p2a: Chi-Yu|Psychic|p1a: Arceus\n|-supereffective|p1a: Arceus\n|-damage|p1a: Arceus|29\/100\n|move|p1a: Arceus|Recover|p1a: Arceus\n|-heal|p1a: Arceus|79\/100\n|\n|-weather|SunnyDay|[upkeep]\n|upkeep\n|turn|25\n|\n|t:|1698390702\n|move|p2a: Chi-Yu|Psychic|p1a: Arceus\n|-supereffective|p1a: Arceus\n|-crit|p1a: Arceus\n|-damage|p1a: Arceus|0 fnt\n|faint|p1a: Arceus\n|\n|-weather|SunnyDay|[upkeep]\n|upkeep\n|c|\u2606Nitro524|damn\n|\n|t:|1698390707\n|switch|p1a: Blissey|Blissey, F|100\/100\n|turn|26\n|\n|t:|1698390719\n|switch|p2a: Cyclizar|Cyclizar, M|60\/100\n|move|p1a: Blissey|Seismic Toss|p2a: Cyclizar\n|-damage|p2a: Cyclizar|31\/100\n|\n|-weather|SunnyDay|[upkeep]\n|upkeep\n|turn|27\n|\n|t:|1698390727\n|move|p1a: Blissey|Seismic Toss|p2a: Cyclizar\n|-damage|p2a: Cyclizar|2\/100\n|move|p2a: Cyclizar|Dragon Tail|p1a: Blissey\n|-damage|p1a: Blissey|58\/100\n|drag|p1a: Dondozo|Dondozo, M|100\/100\n|\n|-weather|none\n|upkeep\n|turn|28\n|\n|t:|1698390733\n|switch|p2a: Walking Wake|Walking Wake|100\/100\n|move|p1a: Dondozo|Body Press|p2a: Walking Wake\n|-damage|p2a: Walking Wake|71\/100\n|\n|upkeep\n|turn|29\n|\n|t:|1698390739\n|switch|p1a: Blissey|Blissey, F|58\/100\n|move|p2a: Walking Wake|Draco Meteor|p1a: Blissey|[miss]\n|-miss|p2a: Walking Wake|p1a: Blissey\n|\n|upkeep\n|turn|30\n|\n|t:|1698390745\n|move|p2a: Walking Wake|Draco Meteor|p1a: Blissey|[miss]\n|-miss|p2a: Walking Wake|p1a: Blissey\n|move|p1a: Blissey|Soft-Boiled|p1a: Blissey\n|-heal|p1a: Blissey|100\/100\n|\n|upkeep\n|turn|31\n|\n|t:|1698390757\n|-end|p2a: Walking Wake|Protosynthesis|[silent]\n|switch|p2a: Cyclizar|Cyclizar, M|35\/100\n|move|p1a: Blissey|Stealth Rock|p2a: Cyclizar\n|-sidestart|p2: Nitro524|move: Stealth Rock\n|\n|upkeep\n|turn|32\n|\n|t:|1698390762\n|move|p1a: Blissey|Seismic Toss|p2a: Cyclizar\n|-damage|p2a: Cyclizar|6\/100\n|move|p2a: Cyclizar|Dragon Tail|p1a: Blissey\n|-damage|p1a: Blissey|63\/100\n|drag|p1a: Zacian|Zacian|100\/100\n|-ability|p1a: Zacian|Intrepid Sword|boost\n|-boost|p1a: Zacian|atk|1\n|\n|upkeep\n|turn|33\n|\n|t:|1698390777\n|switch|p2a: Walking Wake|Walking Wake|71\/100\n|-damage|p2a: Walking Wake|58\/100|[from] Stealth Rock\n|move|p1a: Zacian|Play Rough|p2a: Walking Wake\n|-supereffective|p2a: Walking Wake\n|-damage|p2a: Walking Wake|0 fnt\n|faint|p2a: Walking Wake\n|-end|p2a: Walking Wake|Protosynthesis|[silent]\n|\n|upkeep\n|\n|t:|1698390779\n|switch|p2a: Chi-Yu|Chi-Yu|2\/100\n|-damage|p2a: Chi-Yu|0 fnt|[from] Stealth Rock\n|faint|p2a: Chi-Yu\n|\n|t:|1698390780\n|switch|p2a: Magearna|Magearna|23\/100\n|-damage|p2a: Magearna|17\/100|[from] Stealth Rock\n|turn|34\n|\n|t:|1698390789\n|move|p1a: Zacian|Close Combat|p2a: Magearna\n|-damage|p2a: Magearna|0 fnt\n|-unboost|p1a: Zacian|def|1\n|-unboost|p1a: Zacian|spd|1\n|faint|p2a: Magearna\n|\n|upkeep\n|\n|t:|1698390791\n|switch|p2a: Cyclizar|Cyclizar, M|39\/100\n|turn|35\n|c|\u2606Nitro524|gg\n|\n|t:|1698390795\n|move|p1a: Zacian|Close Combat|p2a: Cyclizar\n|-supereffective|p2a: Cyclizar\n|-damage|p2a: Cyclizar|0 fnt\n|-unboost|p1a: Zacian|def|1\n|-unboost|p1a: Zacian|spd|1\n|faint|p2a: Cyclizar\n|\n|win|vespyyy\n","uploadtime":1698390798,"views":20,"p1id":"vespyyy","p2id":"nitro524","formatid":"gen9ubers","rating":0,"private":0,"password":""}