{"id":"gen9ubers-1998238783","p1":"huge mountain","p2":"Laser Glace","format":"[Gen 9] Ubers","log":"|j|\u2606huge mountain\n|j|\u2606Laser Glace\n|t:|1700918055\n|gametype|singles\n|player|p1|huge mountain|ltsurge|1118\n|player|p2|Laser Glace|glacia-gen3|1127\n|teamsize|p1|6\n|teamsize|p2|6\n|gen|9\n|tier|[Gen 9] Ubers\n|rated|\n|rule|Sleep Clause Mod: Limit one foe put to sleep\n|rule|Species Clause: Limit one of each Pok\u00e9mon\n|rule|OHKO Clause: OHKO moves are banned\n|rule|Evasion Items Clause: Evasion items are banned\n|rule|Evasion Moves Clause: Evasion moves are banned\n|rule|Endless Battle Clause: Forcing endless battles is banned\n|rule|HP Percentage Mod: HP is shown in percentages\n|clearpoke\n|poke|p1|Corviknight, M|\n|poke|p1|Ting-Lu|\n|poke|p1|Skeledirge, F|\n|poke|p1|Blissey, F|\n|poke|p1|Miraidon|\n|poke|p1|Gothitelle, M|\n|poke|p2|Koraidon|\n|poke|p2|Ribombee, M|\n|poke|p2|Miraidon|\n|poke|p2|Kyogre|\n|poke|p2|Cyclizar, M|\n|poke|p2|Arceus|\n|teampreview\n|inactive|Battle timer is ON: inactive players will automatically lose when time's up. (requested by Laser Glace)\n|inactive|huge mountain has 120 seconds left.\n|\n|t:|1700918107\n|start\n|switch|p1a: Ting-Lu|Ting-Lu|100\/100\n|switch|p2a: Ribombee|Ribombee, M|100\/100\n|-ability|p1a: Ting-Lu|Vessel of Ruin\n|turn|1\n|\n|t:|1700918118\n|move|p2a: Ribombee|Sticky Web|p1a: Ting-Lu\n|-sidestart|p1: huge mountain|move: Sticky Web\n|move|p1a: Ting-Lu|Ruination|p2a: Ribombee\n|-damage|p2a: Ribombee|51\/100\n|\n|upkeep\n|turn|2\n|\n|t:|1700918123\n|move|p2a: Ribombee|Stun Spore|p1a: Ting-Lu\n|-status|p1a: Ting-Lu|par\n|cant|p1a: Ting-Lu|par\n|\n|upkeep\n|turn|3\n|\n|t:|1700918128\n|move|p2a: Ribombee|Moonblast|p1a: Ting-Lu\n|-supereffective|p1a: Ting-Lu\n|-damage|p1a: Ting-Lu|74\/100 par\n|move|p1a: Ting-Lu|Spikes|p2a: Ribombee\n|-sidestart|p2: Laser Glace|Spikes\n|\n|-heal|p1a: Ting-Lu|80\/100 par|[from] item: Leftovers\n|upkeep\n|turn|4\n|\n|t:|1700918134\n|move|p2a: Ribombee|Moonblast|p1a: Ting-Lu\n|-supereffective|p1a: Ting-Lu\n|-damage|p1a: Ting-Lu|51\/100 par\n|cant|p1a: Ting-Lu|par\n|\n|-heal|p1a: Ting-Lu|57\/100 par|[from] item: Leftovers\n|upkeep\n|turn|5\n|\n|t:|1700918151\n|move|p2a: Ribombee|Moonblast|p1a: Ting-Lu\n|-supereffective|p1a: Ting-Lu\n|-damage|p1a: Ting-Lu|32\/100 par\n|cant|p1a: Ting-Lu|par\n|\n|-heal|p1a: Ting-Lu|38\/100 par|[from] item: Leftovers\n|upkeep\n|turn|6\n|\n|t:|1700918158\n|move|p2a: Ribombee|Moonblast|p1a: Ting-Lu\n|-supereffective|p1a: Ting-Lu\n|-damage|p1a: Ting-Lu|10\/100 par\n|-unboost|p1a: Ting-Lu|spa|1\n|move|p1a: Ting-Lu|Earthquake|p2a: Ribombee\n|-resisted|p2a: Ribombee\n|-damage|p2a: Ribombee|21\/100\n|\n|-heal|p1a: Ting-Lu|16\/100 par|[from] item: Leftovers\n|upkeep\n|turn|7\n|\n|t:|1700918165\n|move|p2a: Ribombee|Moonblast|p1a: Ting-Lu\n|-supereffective|p1a: Ting-Lu\n|-damage|p1a: Ting-Lu|0 fnt\n|faint|p1a: Ting-Lu\n|\n|upkeep\n|\n|t:|1700918167\n|switch|p1a: Corviknight|Corviknight, M|100\/100\n|-ability|p1a: Corviknight|Pressure\n|turn|8\n|\n|t:|1700918175\n|move|p2a: Ribombee|Stun Spore|p1a: Corviknight\n|-status|p1a: Corviknight|par\n|move|p1a: Corviknight|Defog|p2a: Ribombee\n|-unboost|p2a: Ribombee|evasion|1\n|-sideend|p2: Laser Glace|Spikes|[from] move: Defog|[of] p1a: Corviknight\n|-sideend|p1: huge mountain|Sticky Web|[from] move: Defog|[of] p1a: Corviknight\n|\n|upkeep\n|turn|9\n|\n|t:|1700918188\n|move|p2a: Ribombee|Sticky Web|p1a: Corviknight\n|-sidestart|p1: huge mountain|move: Sticky Web\n|cant|p1a: Corviknight|par\n|\n|upkeep\n|turn|10\n|\n|t:|1700918200\n|move|p2a: Ribombee|U-turn|p1a: Corviknight\n|-resisted|p1a: Corviknight\n|-damage|p1a: Corviknight|99\/100 par\n|-damage|p2a: Ribombee|4\/100|[from] item: Rocky Helmet|[of] p1a: Corviknight\n|\n|t:|1700918207\n|switch|p2a: Miraidon|Miraidon|100\/100|[from] U-turn\n|-fieldstart|move: Electric Terrain|[from] ability: Hadron Engine|[of] p2a: Miraidon\n|cant|p1a: Corviknight|par\n|\n|upkeep\n|turn|11\n|j|+Lasen\n|\n|t:|1700918227\n|move|p2a: Miraidon|Electro Drift|p1a: Corviknight\n|-supereffective|p1a: Corviknight\n|-damage|p1a: Corviknight|0 fnt\n|-damage|p2a: Miraidon|84\/100|[from] item: Rocky Helmet|[of] p1a: Corviknight\n|faint|p1a: Corviknight\n|\n|-heal|p2a: Miraidon|90\/100|[from] item: Leftovers\n|upkeep\n|\n|t:|1700918235\n|switch|p1a: Miraidon|Miraidon|100\/100\n|-activate|p1a: Miraidon|move: Sticky Web\n|-unboost|p1a: Miraidon|spe|1\n|-activate|p1a: Miraidon|ability: Hadron Engine\n|turn|12\n|\n|t:|1700918242\n|switch|p2a: Ribombee|Ribombee, M|4\/100\n|move|p1a: Miraidon|Draco Meteor|p2a: Ribombee\n|-immune|p2a: Ribombee\n|\n|upkeep\n|turn|13\n|\n|t:|1700918247\n|switch|p1a: Skeledirge|Skeledirge, F|100\/100\n|move|p2a: Ribombee|Moonblast|p1a: Skeledirge\n|-resisted|p1a: Skeledirge\n|-damage|p1a: Skeledirge|83\/100\n|\n|upkeep\n|turn|14\n|\n|t:|1700918255\n|move|p2a: Ribombee|Stun Spore|p1a: Skeledirge\n|-status|p1a: Skeledirge|par\n|cant|p1a: Skeledirge|par\n|\n|-fieldend|move: Electric Terrain\n|upkeep\n|turn|15\n|c|\u2606huge mountain|omg\n|c|\u2606huge mountain|how lucky can u be\n|c|\u2606huge mountain|u have no friends irl tho\n|c|\u2606huge mountain|and ur overweight\n|c|\u2606huge mountain|get a life\n|c|\u2606huge mountain|walla\n|-message|huge mountain forfeited.\n|\n|win|Laser Glace\n|raw|huge mountain's rating: 1118 &rarr; <strong>1094<\/strong><br \/>(-24 for losing)\n|raw|Laser Glace's rating: 1127 &rarr; <strong>1151<\/strong><br \/>(+24 for winning)\n|l|\u2606huge mountain\n|j| zinnia_ray\n|l| zinnia_ray\n","uploadtime":1700918283,"views":2,"p1id":"hugemountain","p2id":"laserglace","formatid":"gen9ubers","rating":1094,"private":0,"password":""}