{"id":"gen9ubers-1968321565","p1":"AMAG","p2":"EgirlPee","format":"[Gen 9] Ubers","log":"|j|\u2606AMAG\n|j|\u2606EgirlPee\n|t:|1697405931\n|gametype|singles\n|player|p1|AMAG|266|\n|player|p2|EgirlPee|102|\n|teamsize|p1|6\n|teamsize|p2|6\n|gen|9\n|tier|[Gen 9] Ubers\n|rule|Sleep Clause Mod: Limit one foe put to sleep\n|rule|Species Clause: Limit one of each Pok\u00e9mon\n|rule|OHKO Clause: OHKO moves are banned\n|rule|Evasion Items Clause: Evasion items are banned\n|rule|Evasion Moves Clause: Evasion moves are banned\n|rule|Endless Battle Clause: Forcing endless battles is banned\n|rule|HP Percentage Mod: HP is shown in percentages\n|clearpoke\n|poke|p1|Torkoal, M|\n|poke|p1|Gliscor, F|\n|poke|p1|Walking Wake|\n|poke|p1|Clefable, F|\n|poke|p1|Heatran, F|\n|poke|p1|Slither Wing|\n|poke|p2|Chi-Yu|\n|poke|p2|Enamorus, F|\n|poke|p2|Tauros-Paldea-Aqua, M|\n|poke|p2|Tornadus-Therian, M|\n|poke|p2|Golem-Alola, M|\n|poke|p2|Great Tusk|\n|teampreview\n|j| ChronusVibus\n|j| Kachowow\n|c|\u2606EgirlPee|lmk when u wanna start\n|c|\u2606EgirlPee|ok\n|c|\u2606EgirlPee|lets start ig?\n|c|\u2606AMAG|go for it\n|\n|t:|1697406048\n|start\n|switch|p1a: Ivankov|Clefable, F|100\/100\n|switch|p2a: usk|Great Tusk|100\/100\n|-enditem|p2a: usk|Booster Energy\n|-activate|p2a: usk|ability: Protosynthesis|[fromitem]\n|-start|p2a: usk|protosynthesisatk\n|turn|1\n|\n|t:|1697406096\n|-end|p2a: usk|Protosynthesis|[silent]\n|switch|p2a: amorus|Enamorus, F|100\/100\n|move|p1a: Ivankov|Moonblast|p2a: amorus\n|-damage|p2a: amorus|54\/100\n|-unboost|p2a: amorus|spa|1\n|\n|upkeep\n|turn|2\n|\n|t:|1697406103\n|move|p2a: amorus|Sludge Bomb|p1a: Ivankov\n|-supereffective|p1a: Ivankov\n|-damage|p1a: Ivankov|60\/100\n|-status|p1a: Ivankov|psn\n|move|p1a: Ivankov|Thunder Wave|p2a: amorus\n|-status|p2a: amorus|par\n|\n|-heal|p1a: Ivankov|66\/100 psn|[from] item: Leftovers\n|upkeep\n|turn|3\n|\n|t:|1697406113\n|switch|p2a: olem|Golem-Alola, M|100\/100\n|-item|p2a: olem|Air Balloon\n|move|p1a: Ivankov|Moonlight|p1a: Ivankov\n|-heal|p1a: Ivankov|100\/100 psn\n|\n|upkeep\n|turn|4\n|j| MissSandman\n|j| Gonna be good\n|l| Gonna be good\n|j| Gonna be good\n|\n|t:|1697406187\n|switch|p1a: Reiju|Gliscor, F|100\/100\n|-terastallize|p2a: olem|Ground\n|move|p2a: olem|Earthquake|p1a: Reiju\n|-immune|p1a: Reiju\n|\n|-status|p1a: Reiju|tox|[from] item: Toxic Orb\n|upkeep\n|turn|5\n|\n|t:|1697406195\n|switch|p2a: auros|Tauros-Paldea-Aqua, M|100\/100\n|-ability|p2a: auros|Intimidate|boost\n|-unboost|p1a: Reiju|atk|1\n|move|p1a: Reiju|Toxic Spikes|p2a: auros\n|-sidestart|p2: EgirlPee|move: Toxic Spikes\n|\n|upkeep\n|turn|6\n|l| Gonna be good\n|\n|t:|1697406223\n|switch|p1a: Pekoms|Torkoal, M|100\/100\n|-weather|SunnyDay|[from] ability: Drought|[of] p1a: Pekoms\n|move|p2a: auros|Wave Crash|p1a: Pekoms\n|-supereffective|p1a: Pekoms\n|-damage|p1a: Pekoms|75\/100\n|-damage|p2a: auros|93\/100|[from] Recoil\n|\n|-weather|SunnyDay|[upkeep]\n|-heal|p2a: auros|99\/100|[from] item: Leftovers\n|upkeep\n|turn|7\n|j| Gonna be good\n|\n|t:|1697406269\n|switch|p2a: usk|Great Tusk|100\/100\n|-status|p2a: usk|psn\n|-activate|p2a: usk|ability: Protosynthesis\n|-start|p2a: usk|protosynthesisatk\n|move|p1a: Pekoms|Yawn||[still]\n|-fail|p1a: Pekoms\n|\n|-weather|SunnyDay|[upkeep]\n|-damage|p2a: usk|88\/100 psn|[from] psn\n|upkeep\n|turn|8\n|\n|t:|1697406284\n|switch|p1a: Reiju|Gliscor, F|100\/100 tox\n|move|p2a: usk|Rapid Spin|p1a: Reiju\n|-damage|p1a: Reiju|87\/100 tox\n|-boost|p2a: usk|spe|1\n|-sideend|p2: EgirlPee|Toxic Spikes|[from] move: Rapid Spin|[of] p2a: usk\n|\n|-weather|SunnyDay|[upkeep]\n|-damage|p2a: usk|76\/100 psn|[from] psn\n|-heal|p1a: Reiju|99\/100 tox|[from] ability: Poison Heal\n|upkeep\n|turn|9\n|\n|t:|1697406312\n|move|p2a: usk|Ice Spinner|p1a: Reiju\n|-supereffective|p1a: Reiju\n|-damage|p1a: Reiju|11\/100 tox\n|move|p1a: Reiju|Toxic Spikes|p2a: usk\n|-sidestart|p2: EgirlPee|move: Toxic Spikes\n|\n|-weather|SunnyDay|[upkeep]\n|-damage|p2a: usk|63\/100 psn|[from] psn\n|-heal|p1a: Reiju|23\/100 tox|[from] ability: Poison Heal\n|upkeep\n|turn|10\n|\n|t:|1697406321\n|move|p1a: Reiju|Protect|p1a: Reiju\n|-singleturn|p1a: Reiju|Protect\n|move|p2a: usk|Ice Spinner|p1a: Reiju\n|-activate|p1a: Reiju|move: Protect\n|\n|-weather|SunnyDay|[upkeep]\n|-damage|p2a: usk|51\/100 psn|[from] psn\n|-heal|p1a: Reiju|36\/100 tox|[from] ability: Poison Heal\n|upkeep\n|turn|11\n|\n|t:|1697406332\n|switch|p1a: Ivankov|Clefable, F|100\/100 psn\n|move|p2a: usk|Earthquake|p1a: Ivankov\n|-damage|p1a: Ivankov|49\/100 psn\n|\n|-weather|SunnyDay|[upkeep]\n|-heal|p1a: Ivankov|55\/100 psn|[from] item: Leftovers\n|-damage|p2a: usk|39\/100 psn|[from] psn\n|upkeep\n|turn|12\n|\n|t:|1697406357\n|switch|p1a: Shanks|Slither Wing|100\/100\n|-activate|p1a: Shanks|ability: Protosynthesis\n|-start|p1a: Shanks|protosynthesisatk\n|move|p2a: usk|Ice Spinner|p1a: Shanks\n|-damage|p1a: Shanks|51\/100\n|\n|-weather|SunnyDay|[upkeep]\n|-damage|p2a: usk|26\/100 psn|[from] psn\n|upkeep\n|turn|13\n|\n|t:|1697406363\n|move|p1a: Shanks|First Impression|p2a: usk\n|-resisted|p2a: usk\n|-damage|p2a: usk|0 fnt\n|faint|p2a: usk\n|-end|p2a: usk|Protosynthesis|[silent]\n|\n|-weather|none\n|-end|p1a: Shanks|Protosynthesis\n|upkeep\n|\n|t:|1697406372\n|switch|p2a: ornadus|Tornadus-Therian, M|100\/100\n|turn|14\n|\n|t:|1697406379\n|-end|p1a: Shanks|Protosynthesis|[silent]\n|switch|p1a: Akainu|Heatran, F|100\/100\n|move|p2a: ornadus|U-turn|p1a: Akainu\n|-resisted|p1a: Akainu\n|-damage|p1a: Akainu|96\/100\n|\n|t:|1697406384\n|switch|p2a: olem|Golem-Alola, M, tera:Ground|100\/100|[from] U-turn\n|-item|p2a: olem|Air Balloon\n|\n|-heal|p1a: Akainu|100\/100|[from] item: Leftovers\n|upkeep\n|turn|15\n|l| Gonna be good\n|\n|t:|1697406414\n|move|p1a: Akainu|Protect|p1a: Akainu\n|-singleturn|p1a: Akainu|Protect\n|move|p2a: olem|Earthquake|p1a: Akainu\n|-activate|p1a: Akainu|move: Protect\n|\n|upkeep\n|turn|16\n|\n|t:|1697406421\n|move|p1a: Akainu|Stealth Rock|p2a: olem\n|-sidestart|p2: EgirlPee|move: Stealth Rock\n|move|p2a: olem|Earthquake|p1a: Akainu\n|-supereffective|p1a: Akainu\n|-crit|p1a: Akainu\n|-damage|p1a: Akainu|0 fnt\n|faint|p1a: Akainu\n|\n|upkeep\n|c| Kachowow|crit mattered?\n|\n|t:|1697406465\n|switch|p1a: Page One|Walking Wake|100\/100\n|turn|17\n|c|\u2606EgirlPee|maybe but i think i had a chance of ohko depending on the invest\n|\n|t:|1697406476\n|move|p1a: Page One|Flip Turn|p2a: olem\n|-supereffective|p2a: olem\n|-damage|p2a: olem|71\/100\n|-enditem|p2a: olem|Air Balloon\n|\n|t:|1697406479\n|-end|p1a: Page One|Protosynthesis|[silent]\n|switch|p1a: Pekoms|Torkoal, M|75\/100|[from] Flip Turn\n|-weather|SunnyDay|[from] ability: Drought|[of] p1a: Pekoms\n|move|p2a: olem|Explosion|p1a: Pekoms\n|-damage|p1a: Pekoms|32\/100\n|faint|p2a: olem\n|\n|-weather|SunnyDay|[upkeep]\n|upkeep\n|j| Gonna be good\n|\n|t:|1697406523\n|switch|p2a: amorus|Enamorus, F|54\/100 par\n|-damage|p2a: amorus|29\/100 par|[from] Stealth Rock\n|turn|18\n|c| Kachowow|im trolling\n|\n|t:|1697406539\n|move|p2a: amorus|Moonblast|p1a: Pekoms\n|-resisted|p1a: Pekoms\n|-damage|p1a: Pekoms|0 fnt\n|faint|p1a: Pekoms\n|\n|-weather|SunnyDay|[upkeep]\n|upkeep\n|l| Gonna be good\n|j| Gonna be good\n|\n|t:|1697406578\n|switch|p1a: Ivankov|Clefable, F|55\/100 psn\n|turn|19\n|\n|t:|1697406583\n|cant|p2a: amorus|par\n|move|p1a: Ivankov|Moonblast|p2a: amorus\n|-damage|p2a: amorus|0 fnt\n|faint|p2a: amorus\n|\n|-weather|SunnyDay|[upkeep]\n|-heal|p1a: Ivankov|61\/100 psn|[from] item: Leftovers\n|upkeep\n|\n|t:|1697406621\n|switch|p2a: i-yu|Chi-Yu|100\/100\n|-status|p2a: i-yu|psn\n|-damage|p2a: i-yu|76\/100 psn|[from] Stealth Rock\n|-ability|p2a: i-yu|Beads of Ruin\n|turn|20\n|\n|t:|1697406637\n|move|p2a: i-yu|Fire Blast|p1a: Ivankov\n|-damage|p1a: Ivankov|0 fnt\n|faint|p1a: Ivankov\n|\n|-weather|SunnyDay|[upkeep]\n|-damage|p2a: i-yu|63\/100 psn|[from] psn\n|upkeep\n|\n|t:|1697406642\n|switch|p1a: Page One|Walking Wake|100\/100\n|-activate|p1a: Page One|ability: Protosynthesis\n|-start|p1a: Page One|protosynthesisspe\n|turn|21\n|c| Gonna be good|Beads of ruin title of glass\u2019s sex tape\n|\n|t:|1697406664\n|switch|p2a: auros|Tauros-Paldea-Aqua, M|99\/100\n|-status|p2a: auros|psn\n|-damage|p2a: auros|93\/100 psn|[from] Stealth Rock\n|-ability|p2a: auros|Intimidate|boost\n|-unboost|p1a: Page One|atk|1\n|move|p1a: Page One|Hydro Steam|p2a: auros\n|-resisted|p2a: auros\n|-damage|p2a: auros|30\/100 psn\n|\n|-weather|SunnyDay|[upkeep]\n|-heal|p2a: auros|36\/100 psn|[from] item: Leftovers\n|-damage|p2a: auros|24\/100 psn|[from] psn\n|upkeep\n|turn|22\n|\n|t:|1697406676\n|move|p2a: auros|Aqua Jet|p1a: Page One\n|-resisted|p1a: Page One\n|-damage|p1a: Page One|99\/100\n|move|p1a: Page One|Hydro Steam|p2a: auros\n|-resisted|p2a: auros\n|-damage|p2a: auros|0 fnt\n|faint|p2a: auros\n|\n|-weather|SunnyDay|[upkeep]\n|upkeep\n|c|\u2606EgirlPee|thats chip\n|l| Gonna be good\n|\n|t:|1697406689\n|switch|p2a: ornadus|Tornadus-Therian, M|100\/100\n|turn|23\n|\n|t:|1697406720\n|-end|p1a: Page One|Protosynthesis|[silent]\n|switch|p1a: Reiju|Gliscor, F|36\/100 tox\n|move|p2a: ornadus|Knock Off|p1a: Reiju\n|-damage|p1a: Reiju|22\/100 tox\n|-enditem|p1a: Reiju|Toxic Orb|[from] move: Knock Off|[of] p2a: ornadus\n|\n|-weather|SunnyDay|[upkeep]\n|-heal|p1a: Reiju|35\/100 tox|[from] ability: Poison Heal\n|upkeep\n|turn|24\n|\n|t:|1697406735\n|move|p2a: ornadus|Air Slash|p1a: Reiju\n|-damage|p1a: Reiju|0 fnt\n|faint|p1a: Reiju\n|\n|-weather|none\n|upkeep\n|\n|t:|1697406739\n|switch|p1a: Page One|Walking Wake|99\/100\n|turn|25\n|j| Gonna be good\n|\n|t:|1697406760\n|move|p1a: Page One|Hydro Steam|p2a: ornadus\n|-damage|p2a: ornadus|54\/100\n|move|p2a: ornadus|Knock Off|p1a: Page One\n|-damage|p1a: Page One|76\/100\n|-enditem|p1a: Page One|Choice Specs|[from] move: Knock Off|[of] p2a: ornadus\n|\n|upkeep\n|turn|26\n|l| Gonna be good\n|\n|t:|1697406786\n|move|p1a: Page One|Hydro Steam|p2a: ornadus\n|-damage|p2a: ornadus|23\/100\n|move|p2a: ornadus|U-turn|p1a: Page One\n|-damage|p1a: Page One|59\/100\n|\n|t:|1697406791\n|switch|p2a: i-yu|Chi-Yu|63\/100 psn|[from] U-turn\n|-damage|p2a: i-yu|39\/100 psn|[from] Stealth Rock\n|-ability|p2a: i-yu|Beads of Ruin\n|\n|-damage|p2a: i-yu|26\/100 psn|[from] psn\n|upkeep\n|turn|27\n|\n|t:|1697406797\n|move|p1a: Page One|Hydro Steam|p2a: i-yu\n|-supereffective|p2a: i-yu\n|-damage|p2a: i-yu|0 fnt\n|faint|p2a: i-yu\n|\n|upkeep\n|\n|t:|1697406799\n|switch|p2a: ornadus|Tornadus-Therian, M|56\/100\n|turn|28\n|\n|t:|1697406802\n|move|p1a: Page One|Draco Meteor|p2a: ornadus\n|-damage|p2a: ornadus|8\/100\n|-unboost|p1a: Page One|spa|2\n|move|p2a: ornadus|Air Slash|p1a: Page One\n|-damage|p1a: Page One|26\/100\n|\n|upkeep\n|turn|29\n|\n|t:|1697406807\n|move|p1a: Page One|Hydro Steam|p2a: ornadus\n|-damage|p2a: ornadus|0 fnt\n|faint|p2a: ornadus\n|\n|win|AMAG\n|c|\u2606EgirlPee|gg\n|c|\u2606AMAG|gg\n","uploadtime":1697406828,"views":25,"p1id":"amag","p2id":"egirlpee","formatid":"gen9ubers","rating":0,"private":0,"password":""}