{"id":"gen9ubers-1975683759","p1":"applepielover911","p2":"djkslaf","format":"[Gen 9] Ubers","log":"|j|\u2606applepielover911\n|j|\u2606djkslaf\n|t:|1698224609\n|gametype|singles\n|player|p1|applepielover911|265|1000\n|player|p2|djkslaf|sabrina|1043\n|teamsize|p1|6\n|teamsize|p2|6\n|gen|9\n|tier|[Gen 9] Ubers\n|rated|\n|rule|Sleep Clause Mod: Limit one foe put to sleep\n|rule|Species Clause: Limit one of each Pok\u00e9mon\n|rule|OHKO Clause: OHKO moves are banned\n|rule|Evasion Items Clause: Evasion items are banned\n|rule|Evasion Moves Clause: Evasion moves are banned\n|rule|Endless Battle Clause: Forcing endless battles is banned\n|rule|HP Percentage Mod: HP is shown in percentages\n|clearpoke\n|poke|p1|Basculegion-F, F|\n|poke|p1|Pelipper, F|\n|poke|p1|Iron Bundle|\n|poke|p1|Flutter Mane|\n|poke|p1|Sinistcha-Masterpiece|\n|poke|p1|Klefki, M|\n|poke|p2|Cyclizar, M|\n|poke|p2|Clodsire, F|\n|poke|p2|Flutter Mane|\n|poke|p2|Zamazenta-*|\n|poke|p2|Palafin, M|\n|poke|p2|Great Tusk|\n|teampreview\n|\n|t:|1698224612\n|start\n|switch|p1a: Pelipper|Pelipper, F|100\/100\n|switch|p2a: Cyclizar|Cyclizar, M|100\/100\n|-weather|RainDance|[from] ability: Drizzle|[of] p1a: Pelipper\n|turn|1\n|\n|t:|1698224621\n|move|p2a: Cyclizar|Shed Tail|p2a: Cyclizar\n|-start|p2a: Cyclizar|Substitute|[from] move: Shed Tail\n|-damage|p2a: Cyclizar|50\/100\n|\n|t:|1698224624\n|switch|p2a: Palafin|Palafin, M|100\/100|[from] Shed Tail\n|move|p1a: Pelipper|Tailwind|p1a: Pelipper\n|-sidestart|p1: applepielover911|move: Tailwind\n|\n|-weather|RainDance|[upkeep]\n|upkeep\n|turn|2\n|\n|t:|1698224632\n|move|p1a: Pelipper|U-turn|p2a: Palafin\n|-activate|p2a: Palafin|move: Substitute|[damage]\n|\n|t:|1698224635\n|switch|p1a: Iron Bundle|Iron Bundle|100\/100|[from] U-turn\n|move|p2a: Palafin|Flip Turn|p1a: Iron Bundle\n|-resisted|p1a: Iron Bundle\n|-damage|p1a: Iron Bundle|72\/100\n|inactive|Battle timer is ON: inactive players will automatically lose when time's up. (requested by applepielover911)\n|\n|t:|1698224655\n|detailschange|p2a: Palafin|Palafin-Hero, M\n|switch|p2a: Flutter Mane|Flutter Mane|100\/100|[from] Flip Turn\n|-enditem|p2a: Flutter Mane|Booster Energy\n|-activate|p2a: Flutter Mane|ability: Protosynthesis|[fromitem]\n|-start|p2a: Flutter Mane|protosynthesisspe\n|\n|-weather|RainDance|[upkeep]\n|upkeep\n|turn|3\n|\n|t:|1698224667\n|move|p1a: Iron Bundle|Ice Spinner|p2a: Flutter Mane\n|-damage|p2a: Flutter Mane|50\/100\n|move|p2a: Flutter Mane|Moonblast|p1a: Iron Bundle\n|-damage|p1a: Iron Bundle|0 fnt\n|faint|p1a: Iron Bundle\n|-end|p1a: Iron Bundle|Quark Drive|[silent]\n|\n|-weather|RainDance|[upkeep]\n|upkeep\n|\n|t:|1698224674\n|switch|p1a: Flutter Mane|Flutter Mane|100\/100\n|turn|4\n|\n|t:|1698224681\n|move|p1a: Flutter Mane|Shadow Ball|p2a: Flutter Mane\n|-supereffective|p2a: Flutter Mane\n|-damage|p2a: Flutter Mane|0 fnt\n|faint|p2a: Flutter Mane\n|-end|p2a: Flutter Mane|Protosynthesis|[silent]\n|\n|-weather|RainDance|[upkeep]\n|-sideend|p1: applepielover911|move: Tailwind\n|upkeep\n|\n|t:|1698224693\n|switch|p2a: Palafin|Palafin-Hero, M|100\/100\n|-activate|p2a: Palafin|ability: Zero to Hero\n|turn|5\n|\n|t:|1698224701\n|move|p2a: Palafin|Jet Punch|p1a: Flutter Mane\n|-damage|p1a: Flutter Mane|0 fnt\n|faint|p1a: Flutter Mane\n|-end|p1a: Flutter Mane|Protosynthesis|[silent]\n|\n|-weather|none\n|upkeep\n|\n|t:|1698224706\n|switch|p1a: Sinistcha|Sinistcha-Masterpiece|100\/100\n|turn|6\n|\n|t:|1698224717\n|switch|p2a: Clodsire|Clodsire, F|100\/100\n|move|p1a: Sinistcha|Matcha Gotcha|p2a: Clodsire|[miss]\n|-miss|p1a: Sinistcha|p2a: Clodsire\n|\n|upkeep\n|turn|7\n|\n|t:|1698224727\n|move|p1a: Sinistcha|Nasty Plot|p1a: Sinistcha\n|-boost|p1a: Sinistcha|spa|2\n|move|p2a: Clodsire|Toxic|p1a: Sinistcha\n|-status|p1a: Sinistcha|tox\n|\n|-damage|p1a: Sinistcha|94\/100 tox|[from] psn\n|upkeep\n|turn|8\n|\n|t:|1698224736\n|move|p1a: Sinistcha|Nasty Plot|p1a: Sinistcha\n|-boost|p1a: Sinistcha|spa|2\n|move|p2a: Clodsire|Stealth Rock|p1a: Sinistcha\n|-sidestart|p1: applepielover911|move: Stealth Rock\n|\n|-heal|p1a: Sinistcha|100\/100 tox|[from] item: Leftovers\n|-damage|p1a: Sinistcha|88\/100 tox|[from] psn\n|upkeep\n|turn|9\n|\n|t:|1698224746\n|move|p1a: Sinistcha|Shadow Ball|p2a: Clodsire\n|-damage|p2a: Clodsire|76\/100\n|move|p2a: Clodsire|Earthquake|p1a: Sinistcha\n|-resisted|p1a: Sinistcha\n|-damage|p1a: Sinistcha|77\/100 tox\n|\n|-heal|p1a: Sinistcha|83\/100 tox|[from] item: Leftovers\n|-heal|p2a: Clodsire|83\/100|[from] item: Leftovers\n|-damage|p1a: Sinistcha|64\/100 tox|[from] psn\n|upkeep\n|turn|10\n|\n|t:|1698224758\n|switch|p2a: Cyclizar|Cyclizar, M|84\/100\n|move|p1a: Sinistcha|Matcha Gotcha|p2a: Cyclizar|[miss]\n|-miss|p1a: Sinistcha|p2a: Cyclizar\n|\n|-heal|p1a: Sinistcha|70\/100 tox|[from] item: Leftovers\n|-damage|p1a: Sinistcha|46\/100 tox|[from] psn\n|upkeep\n|turn|11\n|\n|t:|1698224778\n|move|p2a: Cyclizar|Shed Tail|p2a: Cyclizar\n|-start|p2a: Cyclizar|Substitute|[from] move: Shed Tail\n|-damage|p2a: Cyclizar|34\/100\n|\n|t:|1698224781\n|switch|p2a: Zamazenta|Zamazenta-Crowned|100\/100|[from] Shed Tail\n|-ability|p2a: Zamazenta|Dauntless Shield|boost\n|-boost|p2a: Zamazenta|def|1\n|move|p1a: Sinistcha|Matcha Gotcha|p2a: Zamazenta|[miss]\n|-miss|p1a: Sinistcha|p2a: Zamazenta\n|\n|-heal|p1a: Sinistcha|52\/100 tox|[from] item: Leftovers\n|-damage|p1a: Sinistcha|22\/100 tox|[from] psn\n|upkeep\n|turn|12\n|\n|t:|1698224792\n|switch|p1a: Klefki|Klefki, M|100\/100\n|-damage|p1a: Klefki|95\/100|[from] Stealth Rock\n|move|p2a: Zamazenta|Iron Defense|p2a: Zamazenta\n|-boost|p2a: Zamazenta|def|2\n|\n|upkeep\n|turn|13\n|\n|t:|1698224802\n|move|p1a: Klefki|Switcheroo||[still]\n|-fail|p1a: Klefki\n|move|p2a: Zamazenta|Iron Defense|p2a: Zamazenta\n|-boost|p2a: Zamazenta|def|2\n|\n|upkeep\n|turn|14\n|\n|t:|1698224824\n|move|p1a: Klefki|Switcheroo||[still]\n|-fail|p1a: Klefki\n|move|p2a: Zamazenta|Body Press|p1a: Klefki\n|-damage|p1a: Klefki|0 fnt\n|faint|p1a: Klefki\n|\n|upkeep\n|\n|t:|1698224828\n|switch|p1a: Sinistcha|Sinistcha-Masterpiece|22\/100 tox\n|-damage|p1a: Sinistcha|9\/100 tox|[from] Stealth Rock\n|turn|15\n|\n|t:|1698224837\n|move|p2a: Zamazenta|Behemoth Bash|p1a: Sinistcha\n|-damage|p1a: Sinistcha|0 fnt\n|faint|p1a: Sinistcha\n|\n|upkeep\n|\n|t:|1698224842\n|switch|p1a: Pelipper|Pelipper, F|100\/100\n|-damage|p1a: Pelipper|75\/100|[from] Stealth Rock\n|-weather|RainDance|[from] ability: Drizzle|[of] p1a: Pelipper\n|turn|16\n|\n|t:|1698224853\n|switch|p1a: Basculegion|Basculegion-F, F|100\/100\n|-damage|p1a: Basculegion|88\/100|[from] Stealth Rock\n|move|p2a: Zamazenta|Body Press|p1a: Basculegion\n|-immune|p1a: Basculegion\n|\n|-weather|RainDance|[upkeep]\n|upkeep\n|turn|17\n|\n|t:|1698224863\n|move|p1a: Basculegion|Last Respects|p2a: Zamazenta\n|-activate|p2a: Zamazenta|move: Substitute|[damage]\n|move|p2a: Zamazenta|Behemoth Bash|p1a: Basculegion\n|-resisted|p1a: Basculegion\n|-damage|p1a: Basculegion|62\/100\n|\n|-weather|RainDance|[upkeep]\n|upkeep\n|turn|18\n|\n|t:|1698224872\n|move|p1a: Basculegion|Last Respects|p2a: Zamazenta\n|-end|p2a: Zamazenta|Substitute\n|move|p2a: Zamazenta|Behemoth Bash|p1a: Basculegion\n|-resisted|p1a: Basculegion\n|-damage|p1a: Basculegion|36\/100\n|\n|-weather|RainDance|[upkeep]\n|upkeep\n|turn|19\n|\n|t:|1698224880\n|move|p1a: Basculegion|Last Respects|p2a: Zamazenta\n|-damage|p2a: Zamazenta|80\/100\n|move|p2a: Zamazenta|Behemoth Bash|p1a: Basculegion\n|-resisted|p1a: Basculegion\n|-damage|p1a: Basculegion|9\/100\n|\n|-weather|RainDance|[upkeep]\n|upkeep\n|turn|20\n|\n|t:|1698224890\n|switch|p1a: Pelipper|Pelipper, F|75\/100\n|-damage|p1a: Pelipper|50\/100|[from] Stealth Rock\n|move|p2a: Zamazenta|Behemoth Bash|p1a: Pelipper\n|-resisted|p1a: Pelipper\n|-damage|p1a: Pelipper|34\/100\n|\n|-weather|none\n|-heal|p1a: Pelipper|40\/100|[from] item: Leftovers\n|upkeep\n|turn|21\n|\n|t:|1698224902\n|move|p2a: Zamazenta|Body Press|p1a: Pelipper\n|-resisted|p1a: Pelipper\n|-damage|p1a: Pelipper|0 fnt\n|faint|p1a: Pelipper\n|\n|upkeep\n|\n|t:|1698224907\n|switch|p1a: Basculegion|Basculegion-F, F|9\/100\n|-damage|p1a: Basculegion|0 fnt|[from] Stealth Rock\n|faint|p1a: Basculegion\n|\n|win|djkslaf\n|raw|applepielover911's rating: 1000 &rarr; <strong>1000<\/strong><br \/>(+0 for losing)\n|raw|djkslaf's rating: 1043 &rarr; <strong>1072<\/strong><br \/>(+29 for winning)\n|l|\u2606applepielover911\n","uploadtime":1698224913,"views":14,"p1id":"applepielover911","p2id":"djkslaf","formatid":"gen9ubers","rating":1000,"private":0,"password":""}