{"id":"gen9ubers-1988031120","p1":"The ShaqtusLOL","p2":"warlordxxxxzzzz","format":"[Gen 9] Ubers","log":"|j|\u2606The ShaqtusLOL\n|j|\u2606warlordxxxxzzzz\n|t:|1699661219\n|gametype|singles\n|player|p1|The ShaqtusLOL|266|\n|player|p2|warlordxxxxzzzz|265|\n|teamsize|p1|6\n|teamsize|p2|6\n|gen|9\n|tier|[Gen 9] Ubers\n|rule|Sleep Clause Mod: Limit one foe put to sleep\n|rule|Species Clause: Limit one of each Pok\u00e9mon\n|rule|OHKO Clause: OHKO moves are banned\n|rule|Evasion Items Clause: Evasion items are banned\n|rule|Evasion Moves Clause: Evasion moves are banned\n|rule|Endless Battle Clause: Forcing endless battles is banned\n|rule|HP Percentage Mod: HP is shown in percentages\n|clearpoke\n|poke|p1|Iron Bundle|\n|poke|p1|Scizor, F|\n|poke|p1|Gliscor, M|\n|poke|p1|Heatran, M|\n|poke|p1|Tatsugiri, F|\n|poke|p1|Pelipper, M|\n|poke|p2|Dragonite, M|\n|poke|p2|Meowscarada, F|\n|poke|p2|Quaquaval, M|\n|poke|p2|Thundurus, M|\n|poke|p2|Lucario, M|\n|poke|p2|Azelf|\n|teampreview\n|\n|t:|1699661262\n|start\n|switch|p1a: Jesus Christo|Gliscor, M|100\/100\n|switch|p2a: Azelf|Azelf|100\/100\n|turn|1\n|\n|t:|1699661273\n|move|p2a: Azelf|Taunt|p1a: Jesus Christo\n|-start|p1a: Jesus Christo|move: Taunt\n|move|p1a: Jesus Christo|Knock Off|p2a: Azelf\n|-supereffective|p2a: Azelf\n|-damage|p2a: Azelf|8\/100\n|-enditem|p2a: Azelf|Normal Gem|[from] move: Knock Off|[of] p1a: Jesus Christo\n|\n|-status|p1a: Jesus Christo|tox|[from] item: Toxic Orb\n|upkeep\n|turn|2\n|j| DivogoJota\n|j| Ghantist\n|\n|t:|1699661288\n|move|p2a: Azelf|Stealth Rock|p1a: Jesus Christo\n|-sidestart|p1: The ShaqtusLOL|move: Stealth Rock\n|move|p1a: Jesus Christo|Knock Off|p2a: Azelf\n|-supereffective|p2a: Azelf\n|-damage|p2a: Azelf|0 fnt\n|faint|p2a: Azelf\n|\n|upkeep\n|j| xegrizzy\n|\n|t:|1699661304\n|switch|p2a: Dragonite|Dragonite, M|100\/100\n|turn|3\n|\n|t:|1699661309\n|move|p1a: Jesus Christo|Knock Off|p2a: Dragonite\n|-damage|p2a: Dragonite|88\/100\n|-enditem|p2a: Dragonite|Leftovers|[from] move: Knock Off|[of] p1a: Jesus Christo\n|move|p2a: Dragonite|Dragon Dance|p2a: Dragonite\n|-boost|p2a: Dragonite|atk|1\n|-boost|p2a: Dragonite|spe|1\n|\n|-end|p1a: Jesus Christo|move: Taunt\n|upkeep\n|turn|4\n|j| SunShinyReys\n|\n|t:|1699661330\n|switch|p1a: Stooge|Tatsugiri, F, shiny|100\/100\n|-damage|p1a: Stooge|88\/100|[from] Stealth Rock\n|move|p2a: Dragonite|Dragon Dance|p2a: Dragonite\n|-boost|p2a: Dragonite|atk|1\n|-boost|p2a: Dragonite|spe|1\n|\n|upkeep\n|turn|5\n|\n|t:|1699661340\n|move|p2a: Dragonite|Extreme Speed|p1a: Stooge\n|-damage|p1a: Stooge|0 fnt\n|faint|p1a: Stooge\n|\n|upkeep\n|l| xegrizzy\n|\n|t:|1699661380\n|switch|p1a: Nippy|Scizor, F|100\/100\n|-damage|p1a: Nippy|88\/100|[from] Stealth Rock\n|turn|6\n|j| xegrizzy\n|\n|t:|1699661406\n|move|p2a: Dragonite|Dragon Dance|p2a: Dragonite\n|-boost|p2a: Dragonite|atk|1\n|-boost|p2a: Dragonite|spe|1\n|move|p1a: Nippy|Pounce|p2a: Dragonite\n|-resisted|p2a: Dragonite\n|-damage|p2a: Dragonite|71\/100\n|-unboost|p2a: Dragonite|spe|1\n|\n|-heal|p1a: Nippy|94\/100|[from] item: Leftovers\n|upkeep\n|turn|7\n|\n|t:|1699661421\n|move|p1a: Nippy|Bullet Punch|p2a: Dragonite\n|-damage|p2a: Dragonite|46\/100\n|move|p2a: Dragonite|Dragon Dance|p2a: Dragonite\n|-boost|p2a: Dragonite|atk|1\n|-boost|p2a: Dragonite|spe|1\n|\n|-heal|p1a: Nippy|99\/100|[from] item: Leftovers\n|upkeep\n|turn|8\n|c| xegrizzy|The debut of pounce!\n|c|\u2606The ShaqtusLOL|i might be a dumbass\n|\n|t:|1699661464\n|move|p1a: Nippy|Bullet Punch|p2a: Dragonite\n|-damage|p2a: Dragonite|18\/100\n|move|p2a: Dragonite|Waterfall|p1a: Nippy\n|-damage|p1a: Nippy|6\/100\n|\n|-heal|p1a: Nippy|12\/100|[from] item: Leftovers\n|upkeep\n|turn|9\n|\n|t:|1699661473\n|move|p2a: Dragonite|Extreme Speed|p1a: Nippy\n|-resisted|p1a: Nippy\n|-damage|p1a: Nippy|0 fnt\n|faint|p1a: Nippy\n|\n|upkeep\n|\n|t:|1699661482\n|switch|p1a: Jesus Christo|Gliscor, M|100\/100 tox\n|-damage|p1a: Jesus Christo|88\/100 tox|[from] Stealth Rock\n|turn|10\n|\n|t:|1699661498\n|move|p1a: Jesus Christo|Protect|p1a: Jesus Christo\n|-singleturn|p1a: Jesus Christo|Protect\n|move|p2a: Dragonite|Waterfall|p1a: Jesus Christo\n|-activate|p1a: Jesus Christo|move: Protect\n|\n|-heal|p1a: Jesus Christo|100\/100 tox|[from] ability: Poison Heal\n|upkeep\n|turn|11\n|\n|t:|1699661528\n|move|p2a: Dragonite|Waterfall|p1a: Jesus Christo\n|-supereffective|p1a: Jesus Christo\n|-crit|p1a: Jesus Christo\n|-damage|p1a: Jesus Christo|0 fnt\n|faint|p1a: Jesus Christo\n|\n|upkeep\n|\n|t:|1699661533\n|switch|p1a: DON PIANTA|Pelipper, M|100\/100\n|-damage|p1a: DON PIANTA|76\/100|[from] Stealth Rock\n|-weather|RainDance|[from] ability: Drizzle|[of] p1a: DON PIANTA\n|turn|12\n|\n|t:|1699661545\n|move|p2a: Dragonite|Dragon Claw|p1a: DON PIANTA\n|-damage|p1a: DON PIANTA|0 fnt\n|faint|p1a: DON PIANTA\n|\n|-weather|RainDance|[upkeep]\n|upkeep\n|\n|t:|1699661552\n|switch|p1a: Kris Kringle|Iron Bundle|100\/100\n|turn|13\n|\n|t:|1699661557\n|move|p2a: Dragonite|Extreme Speed|p1a: Kris Kringle\n|-damage|p1a: Kris Kringle|0 fnt\n|faint|p1a: Kris Kringle\n|-end|p1a: Kris Kringle|Quark Drive|[silent]\n|\n|-weather|RainDance|[upkeep]\n|upkeep\n|c|\u2606warlordxxxxzzzz|gg wp\n|c| DivogoJota|Pocket\n|\n|t:|1699661568\n|switch|p1a: Beefran|Heatran, M|100\/100\n|-damage|p1a: Beefran|88\/100|[from] Stealth Rock\n|turn|14\n|c|\u2606warlordxxxxzzzz|?\n|\n|t:|1699661575\n|move|p2a: Dragonite|Waterfall|p1a: Beefran\n|-supereffective|p1a: Beefran\n|-damage|p1a: Beefran|0 fnt\n|faint|p1a: Beefran\n|\n|win|warlordxxxxzzzz\n|c| DivogoJota|you are\n|l| Ghantist\n|c|\u2606The ShaqtusLOL|i got greedy\n|c|\u2606The ShaqtusLOL|oopsie\n|c|\u2606The ShaqtusLOL|ggs\n|c| DivogoJota|a valuable asset\n|l|\u2606The ShaqtusLOL\n|l| SunShinyReys\n|c| DivogoJota|ggs\n|l| xegrizzy\n|l| DivogoJota\n","uploadtime":1699661614,"views":48,"p1id":"theshaqtuslol","p2id":"warlordxxxxzzzz","formatid":"gen9ubers","rating":0,"private":0,"password":""}