{"id":"gen9ubers-1990511326","p1":"paul917","p2":"iCounterMeta","format":"[Gen 9] Ubers","log":"|j|\u2606paul917\n|j|\u2606iCounterMeta\n|t:|1699977472\n|gametype|singles\n|player|p1|paul917|2|1101\n|player|p2|iCounterMeta|102|1039\n|teamsize|p1|6\n|teamsize|p2|5\n|gen|9\n|tier|[Gen 9] Ubers\n|rated|\n|rule|Sleep Clause Mod: Limit one foe put to sleep\n|rule|Species Clause: Limit one of each Pok\u00e9mon\n|rule|OHKO Clause: OHKO moves are banned\n|rule|Evasion Items Clause: Evasion items are banned\n|rule|Evasion Moves Clause: Evasion moves are banned\n|rule|Endless Battle Clause: Forcing endless battles is banned\n|rule|HP Percentage Mod: HP is shown in percentages\n|clearpoke\n|poke|p1|Mew|\n|poke|p1|Scizor, M|\n|poke|p1|Weavile, F|\n|poke|p1|Salamence, M|\n|poke|p1|Gliscor, F|\n|poke|p1|Arcanine, M|\n|poke|p2|Calyrex-Ice|\n|poke|p2|Palkia|\n|poke|p2|Hatterene, F|\n|poke|p2|Indeedee, M|\n|poke|p2|Weezing-Galar, M|\n|teampreview\n|c|\u2606paul917|why only 5\n|inactive|Battle timer is ON: inactive players will automatically lose when time's up. (requested by paul917)\n|\n|t:|1699977509\n|start\n|switch|p1a: Mew|Mew|100\/100\n|switch|p2a: Palkia|Palkia, shiny|100\/100\n|-ability|p2a: Palkia|Pressure\n|turn|1\n|\n|t:|1699977516\n|move|p1a: Mew|Toxic|p2a: Palkia\n|-status|p2a: Palkia|tox\n|move|p2a: Palkia|Trick Room|p2a: Palkia\n|-fieldstart|move: Trick Room|[of] p2a: Palkia\n|\n|-damage|p2a: Palkia|94\/100 tox|[from] psn\n|upkeep\n|turn|2\n|\n|t:|1699977525\n|switch|p2a: Weezing|Weezing-Galar, M, shiny|100\/100\n|-terastallize|p1a: Mew|Steel\n|move|p1a: Mew|Protect||[still]\n|-fail|p1a: Mew\n|\n|upkeep\n|turn|3\n|\n|t:|1699977535\n|move|p1a: Mew|Protect|p1a: Mew\n|-singleturn|p1a: Mew|Protect\n|move|p2a: Weezing|Will-O-Wisp|p1a: Mew\n|-activate|p1a: Mew|move: Protect\n|\n|upkeep\n|turn|4\n|\n|t:|1699977543\n|switch|p2a: Palkia|Palkia, shiny|94\/100 tox\n|-ability|p2a: Palkia|Pressure\n|move|p1a: Mew|Protect||[still]\n|-fail|p1a: Mew\n|\n|-heal|p2a: Palkia|100\/100 tox|[from] item: Leftovers\n|-damage|p2a: Palkia|94\/100 tox|[from] psn\n|upkeep\n|turn|5\n|\n|t:|1699977556\n|switch|p2a: Indeedee|Indeedee, M, shiny|100\/100\n|-fieldstart|move: Psychic Terrain|[from] ability: Psychic Surge|[of] p2a: Indeedee\n|move|p1a: Mew|Toxic Spikes|p2a: Indeedee\n|-sidestart|p2: iCounterMeta|move: Toxic Spikes\n|\n|-fieldend|move: Trick Room\n|upkeep\n|turn|6\n|\n|t:|1699977563\n|move|p2a: Indeedee|Healing Wish|p2a: Indeedee\n|faint|p2a: Indeedee\n|move|p1a: Mew|Toxic|p2: Indeedee|[notarget]\n|-fail|p1a: Mew\n|\n|upkeep\n|\n|t:|1699977565\n|switch|p2a: Weezing|Weezing-Galar, M, shiny|100\/100\n|turn|7\n|\n|t:|1699977572\n|move|p1a: Mew|Toxic Spikes|p2a: Weezing\n|-sidestart|p2: iCounterMeta|move: Toxic Spikes\n|move|p2a: Weezing|Defog|p1a: Mew\n|-unboost|p1a: Mew|evasion|1\n|-sideend|p2: iCounterMeta|Toxic Spikes|[from] move: Defog|[of] p2a: Weezing\n|-fieldend|move: Psychic Terrain\n|\n|upkeep\n|turn|8\n|\n|t:|1699977581\n|move|p1a: Mew|Toxic|p2a: Weezing\n|-immune|p2a: Weezing\n|move|p2a: Weezing|Will-O-Wisp|p1a: Mew\n|-status|p1a: Mew|brn\n|-activate|p1a: Mew|ability: Synchronize\n|-status|p2a: Weezing|brn\n|\n|-damage|p1a: Mew|94\/100 brn|[from] brn\n|-damage|p2a: Weezing|94\/100 brn|[from] brn\n|upkeep\n|turn|9\n|\n|t:|1699977591\n|move|p1a: Mew|Protect|p1a: Mew\n|-singleturn|p1a: Mew|Protect\n|move|p2a: Weezing|Dazzling Gleam|p1a: Mew\n|-activate|p1a: Mew|move: Protect\n|\n|-heal|p1a: Mew|100\/100 brn|[from] item: Leftovers\n|-heal|p2a: Weezing|100\/100 brn|[from] item: Black Sludge\n|-damage|p1a: Mew|94\/100 brn|[from] brn\n|-damage|p2a: Weezing|94\/100 brn|[from] brn\n|upkeep\n|turn|10\n|c|\u2606iCounterMeta|Ur not walling\n|n|!iCounterMeta|icountermeta\n|inactive|paul917 has 120 seconds left.\n|inactive|paul917 has 90 seconds left.\n|\n|t:|1699977658\n|move|p1a: Mew|Toxic||[still]\n|-fail|p1a: Mew\n|move|p2a: Weezing|Dazzling Gleam|p1a: Mew\n|-resisted|p1a: Mew\n|-damage|p1a: Mew|85\/100 brn\n|\n|-heal|p1a: Mew|91\/100 brn|[from] item: Leftovers\n|-heal|p2a: Weezing|100\/100 brn|[from] item: Black Sludge\n|-damage|p1a: Mew|85\/100 brn|[from] brn\n|-damage|p2a: Weezing|94\/100 brn|[from] brn\n|upkeep\n|turn|11\n|inactive|paul917 has 90 seconds left.\n|inactive|iCounterMeta has 120 seconds left.\n|inactive|iCounterMeta has 90 seconds left.\n|inactive|iCounterMeta has 60 seconds left.\n|inactive|iCounterMeta has 30 seconds left.\n|c|\u2606paul917|dont tell me what to do lol\n|inactive|iCounterMeta has 20 seconds left.\n|c|\u2606paul917|i can wall if i want\n|inactive|iCounterMeta has 15 seconds left.\n|inactive|iCounterMeta has 10 seconds left.\n|c|\u2606paul917|free win thx\n|inactive|iCounterMeta has 5 seconds left.\n|c|\u2606paul917|lol\n|-message|iCounterMeta lost due to inactivity.\n|\n|win|paul917\n|raw|paul917's rating: 1101 &rarr; <strong>1122<\/strong><br \/>(+21 for winning)\n|raw|iCounterMeta's rating: 1039 &rarr; <strong>1026<\/strong><br \/>(-13 for losing)\n","uploadtime":1699977614,"views":6,"p1id":"paul917","p2id":"icountermeta","formatid":"gen9ubers","rating":1026,"private":0,"password":""}