{"id":"gen9ubers-1977787259","p1":"MonkeyManStan","p2":"dwagonhunter","format":"[Gen 9] Ubers","log":"|j|\u2606MonkeyManStan\n|j|\u2606dwagonhunter\n|t:|1698449557\n|gametype|singles\n|player|p1|MonkeyManStan|chili|\n|player|p2|dwagonhunter|lance|\n|teamsize|p1|6\n|teamsize|p2|6\n|gen|9\n|tier|[Gen 9] Ubers\n|rule|Sleep Clause Mod: Limit one foe put to sleep\n|rule|Species Clause: Limit one of each Pok\u00e9mon\n|rule|OHKO Clause: OHKO moves are banned\n|rule|Evasion Items Clause: Evasion items are banned\n|rule|Evasion Moves Clause: Evasion moves are banned\n|rule|Endless Battle Clause: Forcing endless battles is banned\n|rule|HP Percentage Mod: HP is shown in percentages\n|clearpoke\n|poke|p1|Politoed, M|\n|poke|p1|Kilowattrel, F|\n|poke|p1|Manaphy|\n|poke|p1|Tornadus-Therian, M|\n|poke|p1|Quaquaval, M|\n|poke|p1|Toxicroak, F|\n|poke|p2|Avalugg-Hisui, M|\n|poke|p2|Ursaluna-Bloodmoon, M|\n|poke|p2|Torterra, M|\n|poke|p2|Alomomola, F|\n|poke|p2|Arcanine-Hisui, M|\n|poke|p2|Bronzong|\n|teampreview\n|j| BPLD\n|c|\u2606MonkeyManStan|glhf\n|c|\u2606dwagonhunter|u too!!!!\n|j| TheJuicyJake\n|j| PorygonTheBot\n|c| PorygonTheBot|y'all suck\n|c| TheJuicyJake|HAHAHA\n|\n|t:|1698449629\n|start\n|switch|p1a: Tornadus|Tornadus-Therian, M, shiny|100\/100\n|switch|p2a: Bronzong|Bronzong|100\/100\n|turn|1\n|c|\u2606MonkeyManStan|aye fuck you PorygonTheBot\n|c|\u2606MonkeyManStan|imma beat yo ass\n|c| TheJuicyJake|why'd you put in the 4 exclamation marks\n|c| TheJuicyJake|fruity ass\n|\n|t:|1698449691\n|switch|p2a: Arcanine|Arcanine-Hisui, M|100\/100\n|move|p1a: Tornadus|Knock Off|p2a: Arcanine\n|-damage|p2a: Arcanine|77\/100\n|-enditem|p2a: Arcanine|Choice Scarf|[from] move: Knock Off|[of] p1a: Tornadus\n|\n|upkeep\n|turn|2\n|\n|t:|1698449744\n|move|p1a: Tornadus|Focus Blast|p2a: Arcanine\n|-supereffective|p2a: Arcanine\n|-damage|p2a: Arcanine|0 fnt\n|faint|p2a: Arcanine\n|\n|upkeep\n|\n|t:|1698449809\n|switch|p2a: Torterra|Torterra, M|100\/100\n|turn|3\n|inactive|Battle timer is ON: inactive players will automatically lose when time's up. (requested by dwagonhunter)\n|\n|t:|1698450048\n|move|p1a: Tornadus|U-turn|p2a: Torterra\n|-supereffective|p2a: Torterra\n|-damage|p2a: Torterra|70\/100\n|\n|t:|1698450058\n|switch|p1a: Toxicroak|Toxicroak, F, shiny|100\/100|[from] U-turn\n|move|p2a: Torterra|Shell Smash|p2a: Torterra\n|-unboost|p2a: Torterra|def|1\n|-unboost|p2a: Torterra|spd|1\n|-boost|p2a: Torterra|atk|2\n|-boost|p2a: Torterra|spa|2\n|-boost|p2a: Torterra|spe|2\n|\n|upkeep\n|turn|4\n|c| TheJuicyJake|lol did he just lose\n|c|\u2606MonkeyManStan|probs\n|inactive|dwagonhunter has 270 seconds left.\n|\n|t:|1698450111\n|move|p1a: Toxicroak|Fake Out|p2a: Torterra\n|-damage|p2a: Torterra|51\/100\n|cant|p2a: Torterra|flinch\n|\n|upkeep\n|turn|5\n|\n|t:|1698450135\n|move|p1a: Toxicroak|Sucker Punch|p2a: Torterra\n|-damage|p2a: Torterra|19\/100\n|move|p2a: Torterra|Earthquake|p1a: Toxicroak\n|-supereffective|p1a: Toxicroak\n|-damage|p1a: Toxicroak|0 fnt\n|faint|p1a: Toxicroak\n|\n|upkeep\n|inactive|MonkeyManStan has 270 seconds left.\n|c| TheJuicyJake|lol the double prio is crazy\n|inactive|MonkeyManStan has 240 seconds left.\n|\n|t:|1698450192\n|switch|p1a: Politoed|Politoed, M, shiny|100\/100\n|-weather|RainDance|[from] ability: Drizzle|[of] p1a: Politoed\n|turn|6\n|inactive|dwagonhunter has 270 seconds left.\n|\n|t:|1698450199\n|-terastallize|p1a: Politoed|Steel\n|move|p2a: Torterra|Bullet Seed|p1a: Politoed\n|-resisted|p1a: Politoed\n|-damage|p1a: Politoed|91\/100\n|-resisted|p1a: Politoed\n|-damage|p1a: Politoed|81\/100\n|-resisted|p1a: Politoed\n|-damage|p1a: Politoed|69\/100\n|-resisted|p1a: Politoed\n|-damage|p1a: Politoed|59\/100\n|-hitcount|p1a: Politoed|4\n|move|p1a: Politoed|Haze|p1a: Politoed\n|-clearallboost\n|\n|-weather|RainDance|[upkeep]\n|upkeep\n|turn|7\n|\n|t:|1698450214\n|move|p2a: Torterra|Shell Smash|p2a: Torterra\n|-unboost|p2a: Torterra|def|1\n|-unboost|p2a: Torterra|spd|1\n|-boost|p2a: Torterra|atk|2\n|-boost|p2a: Torterra|spa|2\n|-boost|p2a: Torterra|spe|2\n|move|p1a: Politoed|Encore|p2a: Torterra\n|-start|p2a: Torterra|Encore\n|\n|-weather|RainDance|[upkeep]\n|upkeep\n|turn|8\n|inactive|dwagonhunter has 270 seconds left.\n|inactive|MonkeyManStan has 210 seconds left.\n|\n|t:|1698450239\n|switch|p2a: Alomomola|Alomomola, F|100\/100\n|switch|p1a: Quaquaval|Quaquaval, M|100\/100\n|\n|-weather|RainDance|[upkeep]\n|upkeep\n|turn|9\n|inactive|dwagonhunter has 270 seconds left.\n|\n|t:|1698450257\n|move|p1a: Quaquaval|Knock Off|p2a: Alomomola\n|-damage|p2a: Alomomola|82\/100\n|-damage|p1a: Quaquaval|84\/100|[from] item: Rocky Helmet|[of] p2a: Alomomola\n|-enditem|p2a: Alomomola|Rocky Helmet|[from] move: Knock Off|[of] p1a: Quaquaval\n|move|p2a: Alomomola|Wish|p2a: Alomomola\n|\n|-weather|RainDance|[upkeep]\n|upkeep\n|turn|10\n|inactive|dwagonhunter has 270 seconds left.\n|\n|t:|1698450289\n|switch|p2a: Ursaluna|Ursaluna-Bloodmoon, M|100\/100\n|move|p1a: Quaquaval|Aqua Step|p2a: Ursaluna\n|-supereffective|p2a: Ursaluna\n|-damage|p2a: Ursaluna|18\/100\n|-boost|p1a: Quaquaval|spe|1\n|\n|-weather|RainDance|[upkeep]\n|-heal|p2a: Ursaluna|75\/100|[from] move: Wish|[wisher] Alomomola\n|-heal|p2a: Ursaluna|81\/100|[from] item: Leftovers\n|upkeep\n|turn|11\n|inactive|MonkeyManStan has 210 seconds left.\n|inactive|MonkeyManStan has 180 seconds left.\n|inactive|MonkeyManStan has 150 seconds left.\n|inactive|dwagonhunter has 240 seconds left.\n|\n|t:|1698450406\n|move|p1a: Quaquaval|Close Combat|p2a: Ursaluna\n|-supereffective|p2a: Ursaluna\n|-damage|p2a: Ursaluna|1\/100\n|-unboost|p1a: Quaquaval|def|1\n|-unboost|p1a: Quaquaval|spd|1\n|move|p2a: Ursaluna|Blood Moon|p1a: Quaquaval\n|-damage|p1a: Quaquaval|0 fnt\n|faint|p1a: Quaquaval\n|\n|-weather|RainDance|[upkeep]\n|-heal|p2a: Ursaluna|7\/100|[from] item: Leftovers\n|upkeep\n|c| TheJuicyJake|thats funny af\n|c|\u2606MonkeyManStan|it happens\n|inactive|MonkeyManStan has 120 seconds left.\n|c|\u2606dwagonhunter|yo we eattttttt itttt uppppppp\n|c|\u2606dwagonhunter|yumyumyum\n|c|\u2606dwagonhunter|dinnaaaaaa\n|\n|t:|1698450443\n|switch|p1a: Tornadus|Tornadus-Therian, M, shiny|100\/100\n|turn|12\n|\n|t:|1698450460\n|switch|p2a: Alomomola|Alomomola, F|100\/100\n|move|p1a: Tornadus|Knock Off|p2a: Alomomola\n|-damage|p2a: Alomomola|92\/100\n|\n|-weather|RainDance|[upkeep]\n|upkeep\n|turn|13\n|inactive|MonkeyManStan has 90 seconds left.\n|\n|t:|1698450509\n|move|p1a: Tornadus|Focus Blast|p2a: Alomomola\n|-damage|p2a: Alomomola|64\/100\n|move|p2a: Alomomola|Wish|p2a: Alomomola\n|\n|-weather|none\n|upkeep\n|turn|14\n|\n|t:|1698450526\n|switch|p2a: Torterra|Torterra, M|19\/100\n|move|p1a: Tornadus|Grass Knot|p2a: Torterra\n|-damage|p2a: Torterra|0 fnt\n|faint|p2a: Torterra\n|\n|upkeep\n|\n|t:|1698450538\n|switch|p2a: Avalugg|Avalugg-Hisui, M, shiny|100\/100\n|turn|15\n|\n|t:|1698450557\n|move|p1a: Tornadus|U-turn|p2a: Avalugg\n|-damage|p2a: Avalugg|94\/100\n|\n|t:|1698450568\n|switch|p1a: Manaphy|Manaphy|100\/100|[from] U-turn\n|move|p2a: Avalugg|Mountain Gale|p1a: Manaphy\n|-resisted|p1a: Manaphy\n|-damage|p1a: Manaphy|86\/100\n|\n|-heal|p1a: Manaphy|92\/100|[from] item: Leftovers\n|upkeep\n|turn|16\n|inactive|dwagonhunter has 240 seconds left.\n|\n|t:|1698450601\n|switch|p2a: Ursaluna|Ursaluna-Bloodmoon, M|7\/100\n|move|p1a: Manaphy|Take Heart|p1a: Manaphy\n|-boost|p1a: Manaphy|spa|1\n|-boost|p1a: Manaphy|spd|1\n|\n|-heal|p1a: Manaphy|98\/100|[from] item: Leftovers\n|-heal|p2a: Ursaluna|13\/100|[from] item: Leftovers\n|upkeep\n|turn|17\n|\n|t:|1698450612\n|move|p1a: Manaphy|Scald|p2a: Ursaluna\n|-supereffective|p2a: Ursaluna\n|-damage|p2a: Ursaluna|0 fnt\n|faint|p2a: Ursaluna\n|\n|-heal|p1a: Manaphy|100\/100|[from] item: Leftovers\n|upkeep\n|\n|t:|1698450622\n|switch|p2a: Bronzong|Bronzong|100\/100\n|turn|18\n|inactive|MonkeyManStan has 90 seconds left.\n|\n|t:|1698450629\n|move|p1a: Manaphy|Take Heart|p1a: Manaphy\n|-boost|p1a: Manaphy|spa|1\n|-boost|p1a: Manaphy|spd|1\n|move|p2a: Bronzong|Light Screen|p2a: Bronzong\n|-sidestart|p2: dwagonhunter|move: Light Screen\n|\n|upkeep\n|turn|19\n|inactive|MonkeyManStan has 90 seconds left.\n|\n|t:|1698450644\n|move|p1a: Manaphy|Take Heart|p1a: Manaphy\n|-boost|p1a: Manaphy|spa|1\n|-boost|p1a: Manaphy|spd|1\n|move|p2a: Bronzong|Psyshock|p1a: Manaphy\n|-damage|p1a: Manaphy|85\/100\n|\n|-heal|p1a: Manaphy|91\/100|[from] item: Leftovers\n|upkeep\n|turn|20\n|inactive|MonkeyManStan has 90 seconds left.\n|inactive|dwagonhunter has 210 seconds left.\n|c|\u2606dwagonhunter|bro ive never seen that move lol\n|c|\u2606MonkeyManStan|lmao it's a wild ass move\n|\n|t:|1698450694\n|move|p1a: Manaphy|Take Heart|p1a: Manaphy\n|-boost|p1a: Manaphy|spa|1\n|-boost|p1a: Manaphy|spd|1\n|move|p2a: Bronzong|Body Press|p1a: Manaphy\n|-damage|p1a: Manaphy|77\/100\n|\n|-heal|p1a: Manaphy|83\/100|[from] item: Leftovers\n|upkeep\n|turn|21\n|inactive|MonkeyManStan has 90 seconds left.\n|\n|t:|1698450703\n|move|p1a: Manaphy|Scald|p2a: Bronzong\n|-damage|p2a: Bronzong|74\/100\n|move|p2a: Bronzong|Psyshock|p1a: Manaphy\n|-damage|p1a: Manaphy|67\/100\n|\n|-heal|p1a: Manaphy|73\/100|[from] item: Leftovers\n|upkeep\n|turn|22\n|\n|t:|1698450714\n|move|p1a: Manaphy|Take Heart|p1a: Manaphy\n|-boost|p1a: Manaphy|spa|1\n|-boost|p1a: Manaphy|spd|1\n|move|p2a: Bronzong|Psyshock|p1a: Manaphy\n|-damage|p1a: Manaphy|57\/100\n|\n|-heal|p1a: Manaphy|63\/100|[from] item: Leftovers\n|upkeep\n|turn|23\n|\n|t:|1698450720\n|move|p1a: Manaphy|Take Heart|p1a: Manaphy\n|-boost|p1a: Manaphy|spa|1\n|-boost|p1a: Manaphy|spd|1\n|move|p2a: Bronzong|Psyshock|p1a: Manaphy\n|-damage|p1a: Manaphy|47\/100\n|\n|-heal|p1a: Manaphy|53\/100|[from] item: Leftovers\n|upkeep\n|turn|24\n|c| TheJuicyJake|if they use it one more time they die of heart failure :(\n|c|\u2606MonkeyManStan|real\n|inactive|MonkeyManStan has 90 seconds left.\n|\n|t:|1698450740\n|move|p1a: Manaphy|Scald|p2a: Bronzong\n|-damage|p2a: Bronzong|40\/100\n|-status|p2a: Bronzong|brn\n|move|p2a: Bronzong|Psyshock|p1a: Manaphy\n|-damage|p1a: Manaphy|38\/100\n|\n|-heal|p1a: Manaphy|44\/100|[from] item: Leftovers\n|-damage|p2a: Bronzong|34\/100 brn|[from] brn\n|upkeep\n|turn|25\n|\n|t:|1698450747\n|move|p1a: Manaphy|Scald|p2a: Bronzong\n|-damage|p2a: Bronzong|0 fnt\n|faint|p2a: Bronzong\n|\n|-heal|p1a: Manaphy|50\/100|[from] item: Leftovers\n|-sideend|p2: dwagonhunter|move: Light Screen\n|upkeep\n|\n|t:|1698450758\n|switch|p2a: Avalugg|Avalugg-Hisui, M, shiny|94\/100\n|turn|26\n|\n|t:|1698450765\n|move|p1a: Manaphy|Scald|p2a: Avalugg\n|-supereffective|p2a: Avalugg\n|-damage|p2a: Avalugg|0 fnt\n|faint|p2a: Avalugg\n|\n|-heal|p1a: Manaphy|56\/100|[from] item: Leftovers\n|upkeep\n|\n|t:|1698450767\n|switch|p2a: Alomomola|Alomomola, F|97\/100\n|turn|27\n|inactive|MonkeyManStan has 120 seconds left.\n|\n|t:|1698450775\n|move|p1a: Manaphy|Scald|p2a: Alomomola\n|-resisted|p2a: Alomomola\n|-damage|p2a: Alomomola|48\/100\n|move|p2a: Alomomola|Scald|p1a: Manaphy\n|-resisted|p1a: Manaphy\n|-damage|p1a: Manaphy|54\/100\n|\n|-heal|p1a: Manaphy|60\/100|[from] item: Leftovers\n|upkeep\n|turn|28\n|inactive|dwagonhunter has 240 seconds left.\n|\n|t:|1698450786\n|move|p1a: Manaphy|Scald|p2a: Alomomola\n|-resisted|p2a: Alomomola\n|-damage|p2a: Alomomola|0 fnt\n|faint|p2a: Alomomola\n|\n|win|MonkeyManStan\n|c|\u2606MonkeyManStan|ggs\n|l| PorygonTheBot\n","uploadtime":1698450787,"views":24,"p1id":"monkeymanstan","p2id":"dwagonhunter","formatid":"gen9ubers","rating":0,"private":0,"password":""}