{"id":"gen9ubers-1974619266","p1":"Rival Andrew","p2":"mvpasap","format":"[Gen 9] Ubers","log":"|j|\u2606Rival Andrew\n|j|\u2606mvpasap\n|t:|1698103285\n|gametype|singles\n|player|p1|Rival Andrew|silver|\n|player|p2|mvpasap|palmer|\n|teamsize|p1|6\n|teamsize|p2|6\n|gen|9\n|tier|[Gen 9] Ubers\n|rule|Sleep Clause Mod: Limit one foe put to sleep\n|rule|Species Clause: Limit one of each Pok\u00e9mon\n|rule|OHKO Clause: OHKO moves are banned\n|rule|Evasion Items Clause: Evasion items are banned\n|rule|Evasion Moves Clause: Evasion moves are banned\n|rule|Endless Battle Clause: Forcing endless battles is banned\n|rule|HP Percentage Mod: HP is shown in percentages\n|clearpoke\n|poke|p1|Groudon|\n|poke|p1|Koraidon|\n|poke|p1|Ogerpon-Hearthflame, F|\n|poke|p1|Walking Wake|\n|poke|p1|Regieleki|\n|poke|p1|Ursaluna-Bloodmoon, M|\n|poke|p2|Corviknight, M|\n|poke|p2|Groudon|\n|poke|p2|Dialga-Origin|\n|poke|p2|Glimmora, F|\n|poke|p2|Chien-Pao|\n|poke|p2|Grimmsnarl, M|\n|teampreview\n|j| Hand0fD00m\n|j| Sonad~\n|c| Hand0fD00m|gl gents!\n|\n|t:|1698103445\n|start\n|switch|p1a: Hades|Groudon|100\/100\n|switch|p2a: Groudon|Groudon|100\/100\n|-weather|SunnyDay|[from] ability: Drought|[of] p2a: Groudon\n|turn|1\n|\n|t:|1698103469\n|switch|p2a: Corviknight|Corviknight, M|100\/100\n|move|p1a: Hades|Will-O-Wisp|p2a: Corviknight\n|-status|p2a: Corviknight|brn\n|\n|-weather|SunnyDay|[upkeep]\n|-damage|p2a: Corviknight|94\/100 brn|[from] brn\n|upkeep\n|turn|2\n|\n|t:|1698103481\n|move|p1a: Hades|Stealth Rock|p2a: Corviknight\n|-sidestart|p2: mvpasap|move: Stealth Rock\n|move|p2a: Corviknight|Taunt|p1a: Hades\n|-start|p1a: Hades|move: Taunt\n|\n|-weather|SunnyDay|[upkeep]\n|-damage|p2a: Corviknight|88\/100 brn|[from] brn\n|upkeep\n|turn|3\n|\n|t:|1698103495\n|switch|p1a: Hurried Hurricane|Walking Wake|100\/100\n|-activate|p1a: Hurried Hurricane|ability: Protosynthesis\n|-start|p1a: Hurried Hurricane|protosynthesisspa\n|move|p2a: Corviknight|Defog|p1a: Hurried Hurricane\n|-unboost|p1a: Hurried Hurricane|evasion|1\n|-sideend|p2: mvpasap|Stealth Rock|[from] move: Defog|[of] p2a: Corviknight\n|\n|-weather|SunnyDay|[upkeep]\n|-damage|p2a: Corviknight|82\/100 brn|[from] brn\n|upkeep\n|turn|4\n|\n|t:|1698103506\n|move|p1a: Hurried Hurricane|Flamethrower|p2a: Corviknight\n|-supereffective|p2a: Corviknight\n|-damage|p2a: Corviknight|0 fnt\n|faint|p2a: Corviknight\n|\n|-weather|SunnyDay|[upkeep]\n|upkeep\n|\n|t:|1698103514\n|switch|p2a: Grimmsnarl|Grimmsnarl, M|100\/100\n|turn|5\n|\n|t:|1698103523\n|move|p2a: Grimmsnarl|Taunt|p1a: Hurried Hurricane\n|-start|p1a: Hurried Hurricane|move: Taunt\n|move|p1a: Hurried Hurricane|Flamethrower|p2a: Grimmsnarl\n|-damage|p2a: Grimmsnarl|38\/100\n|\n|-weather|none\n|-end|p1a: Hurried Hurricane|Protosynthesis\n|-heal|p2a: Grimmsnarl|44\/100|[from] item: Leftovers\n|upkeep\n|turn|6\n|\n|t:|1698103532\n|move|p2a: Grimmsnarl|Light Screen|p2a: Grimmsnarl\n|-sidestart|p2: mvpasap|move: Light Screen\n|move|p1a: Hurried Hurricane|Flamethrower|p2a: Grimmsnarl\n|-damage|p2a: Grimmsnarl|28\/100\n|\n|-heal|p2a: Grimmsnarl|34\/100|[from] item: Leftovers\n|upkeep\n|turn|7\n|\n|t:|1698103541\n|-end|p1a: Hurried Hurricane|Protosynthesis|[silent]\n|switch|p1a: Hades|Groudon|100\/100\n|-weather|SunnyDay|[from] ability: Drought|[of] p1a: Hades\n|move|p2a: Grimmsnarl|Draining Kiss|p1a: Hades\n|-damage|p1a: Hades|89\/100\n|-heal|p2a: Grimmsnarl|43\/100|[from] drain|[of] p1a: Hades\n|\n|-weather|SunnyDay|[upkeep]\n|-heal|p1a: Hades|95\/100|[from] item: Leftovers\n|-heal|p2a: Grimmsnarl|49\/100|[from] item: Leftovers\n|upkeep\n|turn|8\n|\n|t:|1698103555\n|move|p2a: Grimmsnarl|Taunt|p1a: Hades\n|-start|p1a: Hades|move: Taunt\n|move|p1a: Hades|Earthquake|p2a: Grimmsnarl\n|-damage|p2a: Grimmsnarl|0 fnt\n|faint|p2a: Grimmsnarl\n|\n|-weather|SunnyDay|[upkeep]\n|-heal|p1a: Hades|100\/100|[from] item: Leftovers\n|upkeep\n|c| Hand0fD00m|tried to read the willo eh?\n|\n|t:|1698103577\n|switch|p2a: Chien-Pao|Chien-Pao|100\/100\n|-ability|p2a: Chien-Pao|Sword of Ruin\n|turn|9\n|j| darkmoju\n|\n|t:|1698103604\n|-terastallize|p1a: Hades|Fairy\n|move|p2a: Chien-Pao|Swords Dance|p2a: Chien-Pao\n|-boost|p2a: Chien-Pao|atk|2\n|move|p1a: Hades|Earthquake|p2a: Chien-Pao\n|-damage|p2a: Chien-Pao|36\/100\n|\n|-weather|SunnyDay|[upkeep]\n|upkeep\n|turn|10\n|\n|t:|1698103621\n|move|p2a: Chien-Pao|Ice Spinner|p1a: Hades\n|-damage|p1a: Hades|8\/100\n|-damage|p2a: Chien-Pao|26\/100|[from] item: Life Orb\n|move|p1a: Hades|Earthquake|p2a: Chien-Pao\n|-damage|p2a: Chien-Pao|0 fnt\n|faint|p2a: Chien-Pao\n|\n|-weather|SunnyDay|[upkeep]\n|-heal|p1a: Hades|14\/100|[from] item: Leftovers\n|-end|p1a: Hades|move: Taunt\n|-sideend|p2: mvpasap|move: Light Screen\n|upkeep\n|\n|t:|1698103635\n|switch|p2a: Groudon|Groudon|100\/100\n|turn|11\n|\n|t:|1698103649\n|move|p2a: Groudon|Precipice Blades|p1a: Hades\n|-damage|p1a: Hades|0 fnt\n|faint|p1a: Hades\n|\n|-weather|none\n|upkeep\n|\n|t:|1698103660\n|switch|p1a: Zagreus|Koraidon|100\/100\n|-weather|SunnyDay|[from] ability: Orichalcum Pulse|[of] p1a: Zagreus\n|-activate|p1a: Zagreus|Orichalcum Pulse|[source]\n|turn|12\n|\n|t:|1698103676\n|-terastallize|p2a: Groudon|Ground\n|move|p1a: Zagreus|Collision Course|p2a: Groudon\n|-damage|p2a: Groudon|46\/100\n|move|p2a: Groudon|Precipice Blades|p1a: Zagreus|[miss]\n|-miss|p2a: Groudon|p1a: Zagreus\n|\n|-weather|SunnyDay|[upkeep]\n|upkeep\n|turn|13\n|\n|t:|1698103686\n|move|p1a: Zagreus|Collision Course|p2a: Groudon\n|-damage|p2a: Groudon|0 fnt\n|faint|p2a: Groudon\n|\n|-weather|SunnyDay|[upkeep]\n|upkeep\n|c|\u2606Rival Andrew|jinkies\n|c|\u2606Rival Andrew|that woulda hurt\n|\n|t:|1698103694\n|switch|p2a: Glimmora|Glimmora, F|100\/100\n|turn|14\n|\n|t:|1698103700\n|move|p1a: Zagreus|Iron Head|p2a: Glimmora\n|-supereffective|p2a: Glimmora\n|-damage|p2a: Glimmora|18\/100\n|-damage|p1a: Zagreus|84\/100|[from] item: Rocky Helmet|[of] p2a: Glimmora\n|-activate|p2a: Glimmora|ability: Toxic Debris\n|-sidestart|p1: Rival Andrew|move: Toxic Spikes\n|cant|p2a: Glimmora|flinch\n|\n|-weather|SunnyDay|[upkeep]\n|upkeep\n|turn|15\n|c| Hand0fD00m|theres been so many crucial misses this tourney\n|\n|t:|1698103710\n|move|p1a: Zagreus|Collision Course|p2a: Glimmora\n|-damage|p2a: Glimmora|0 fnt\n|-damage|p1a: Zagreus|68\/100|[from] item: Rocky Helmet|[of] p2a: Glimmora\n|-activate|p2a: Glimmora|ability: Toxic Debris\n|-sidestart|p1: Rival Andrew|move: Toxic Spikes\n|faint|p2a: Glimmora\n|\n|-weather|SunnyDay|[upkeep]\n|upkeep\n|\n|t:|1698103719\n|switch|p2a: Dialga|Dialga-Origin|100\/100\n|-ability|p2a: Dialga|Pressure\n|turn|16\n|\n|t:|1698103727\n|move|p1a: Zagreus|Collision Course|p2a: Dialga\n|-supereffective|p2a: Dialga\n|-damage|p2a: Dialga|0 fnt\n|faint|p2a: Dialga\n|\n|win|Rival Andrew\n|l|\u2606mvpasap\n|c|\u2606Rival Andrew|gg lets run it back\n|c| Hand0fD00m|gg!\n|l|\u2606Rival Andrew\n","uploadtime":1698103903,"views":13,"p1id":"rivalandrew","p2id":"mvpasap","formatid":"gen9ubers","rating":0,"private":0,"password":""}