{"id":"gen9ubers-1993685603","p1":"Reposti","p2":"AlicieLizzie","format":"[Gen 9] Ubers","log":"|j|\u2606Reposti\n|j|\u2606AlicieLizzie\n|t:|1700345423\n|gametype|singles\n|player|p1|Reposti|gentleman-gen4dp|\n|player|p2|AlicieLizzie|marnie-masters3|\n|teamsize|p1|6\n|teamsize|p2|6\n|gen|9\n|tier|[Gen 9] Ubers\n|rule|Sleep Clause Mod: Limit one foe put to sleep\n|rule|Species Clause: Limit one of each Pok\u00e9mon\n|rule|OHKO Clause: OHKO moves are banned\n|rule|Evasion Items Clause: Evasion items are banned\n|rule|Evasion Moves Clause: Evasion moves are banned\n|rule|Endless Battle Clause: Forcing endless battles is banned\n|rule|HP Percentage Mod: HP is shown in percentages\n|clearpoke\n|poke|p1|Kommo-o, F|\n|poke|p1|Cyclizar, M|\n|poke|p1|Espathra, M|\n|poke|p1|Arceus-Poison|\n|poke|p1|Zacian-*|\n|poke|p1|Palkia-Origin|\n|poke|p2|Rillaboom, M|\n|poke|p2|Sneasler, M|\n|poke|p2|Baxcalibur, M|\n|poke|p2|Ninetales-Alola, M|\n|poke|p2|Cyclizar, M|\n|poke|p2|Dragonite, M|\n|teampreview\n|inactive|Battle timer is ON: inactive players will automatically lose when time's up. (requested by AlicieLizzie)\n|c|\u2606Reposti|Glhf\n|c|\u2606AlicieLizzie|u2\n|\n|t:|1700345450\n|start\n|switch|p1a: Big G?|Arceus-Poison|100\/100\n|switch|p2a: Keith Richards|Ninetales-Alola, M|100\/100\n|-weather|Snow|[from] ability: Snow Warning|[of] p2a: Keith Richards\n|turn|1\n|\n|t:|1700345458\n|move|p2a: Keith Richards|Aurora Veil|p2a: Keith Richards\n|-sidestart|p2: AlicieLizzie|move: Aurora Veil\n|move|p1a: Big G?|Cosmic Power|p1a: Big G?\n|-boost|p1a: Big G?|def|1\n|-boost|p1a: Big G?|spd|1\n|\n|-weather|Snow|[upkeep]\n|upkeep\n|turn|2\n|\n|t:|1700345470\n|move|p2a: Keith Richards|Encore|p1a: Big G?\n|-start|p1a: Big G?|Encore\n|move|p1a: Big G?|Cosmic Power|p1a: Big G?\n|-boost|p1a: Big G?|def|1\n|-boost|p1a: Big G?|spd|1\n|\n|-weather|Snow|[upkeep]\n|upkeep\n|turn|3\n|j| Finchely\n|\n|t:|1700345478\n|switch|p2a: Mick Jagger|Baxcalibur, M|100\/100\n|move|p1a: Big G?|Cosmic Power|p1a: Big G?\n|-boost|p1a: Big G?|def|1\n|-boost|p1a: Big G?|spd|1\n|\n|-weather|Snow|[upkeep]\n|upkeep\n|turn|4\n|c| Finchely|DARLING\n|\n|t:|1700345485\n|move|p2a: Mick Jagger|Swords Dance|p2a: Mick Jagger\n|-boost|p2a: Mick Jagger|atk|2\n|move|p1a: Big G?|Cosmic Power|p1a: Big G?\n|-boost|p1a: Big G?|def|1\n|-boost|p1a: Big G?|spd|1\n|\n|-weather|Snow|[upkeep]\n|-end|p1a: Big G?|Encore\n|upkeep\n|turn|5\n|c| Finchely|:3\n|\n|t:|1700345503\n|-terastallize|p2a: Mick Jagger|Ground\n|-terastallize|p1a: Big G?|Fighting\n|move|p2a: Mick Jagger|Swords Dance|p2a: Mick Jagger\n|-boost|p2a: Mick Jagger|atk|2\n|move|p1a: Big G?|Body Press|p2a: Mick Jagger\n|-damage|p2a: Mick Jagger|46\/100\n|\n|-weather|none\n|upkeep\n|turn|6\n|c|\u2606AlicieLizzie|well\n|\n|t:|1700345513\n|move|p2a: Mick Jagger|High Horsepower|p1a: Big G?\n|-damage|p1a: Big G?|74\/100\n|move|p1a: Big G?|Body Press|p2a: Mick Jagger\n|-damage|p2a: Mick Jagger|0 fnt\n|faint|p2a: Mick Jagger\n|\n|upkeep\n|c|\u2606AlicieLizzie|that's gg\n|c|\u2606Reposti|Gg\n|\n|t:|1700345534\n|switch|p2a: Ronnie Wood|Dragonite, M|100\/100\n|turn|7\n|\n|t:|1700345539\n|move|p1a: Big G?|Cosmic Power|p1a: Big G?\n|-boost|p1a: Big G?|def|1\n|-boost|p1a: Big G?|spd|1\n|move|p2a: Ronnie Wood|Dragon Dance|p2a: Ronnie Wood\n|-boost|p2a: Ronnie Wood|atk|1\n|-boost|p2a: Ronnie Wood|spe|1\n|\n|upkeep\n|turn|8\n|c| Finchely|\ud83d\ude2d\n|\n|t:|1700345547\n|move|p2a: Ronnie Wood|Dragon Dance|p2a: Ronnie Wood\n|-boost|p2a: Ronnie Wood|atk|1\n|-boost|p2a: Ronnie Wood|spe|1\n|move|p1a: Big G?|Cosmic Power|p1a: Big G?\n|-boost|p1a: Big G?|def|1\n|-boost|p1a: Big G?|spd|1\n|\n|-sideend|p2: AlicieLizzie|move: Aurora Veil\n|upkeep\n|turn|9\n|\n|t:|1700345555\n|move|p2a: Ronnie Wood|Dragon Dance|p2a: Ronnie Wood\n|-boost|p2a: Ronnie Wood|atk|1\n|-boost|p2a: Ronnie Wood|spe|1\n|move|p1a: Big G?|Stored Power|p2a: Ronnie Wood\n|-damage|p2a: Ronnie Wood|67\/100\n|\n|upkeep\n|turn|10\n|\n|t:|1700345565\n|move|p2a: Ronnie Wood|Roost|p2a: Ronnie Wood\n|-heal|p2a: Ronnie Wood|100\/100\n|-singleturn|p2a: Ronnie Wood|move: Roost\n|move|p1a: Big G?|Stored Power|p2a: Ronnie Wood\n|-damage|p2a: Ronnie Wood|65\/100\n|\n|upkeep\n|turn|11\n|\n|t:|1700345577\n|move|p2a: Ronnie Wood|Roost|p2a: Ronnie Wood\n|-heal|p2a: Ronnie Wood|100\/100\n|-singleturn|p2a: Ronnie Wood|move: Roost\n|move|p1a: Big G?|Recover|p1a: Big G?\n|-heal|p1a: Big G?|100\/100\n|\n|upkeep\n|turn|12\n|\n|t:|1700345585\n|move|p2a: Ronnie Wood|Dragon Dance|p2a: Ronnie Wood\n|-boost|p2a: Ronnie Wood|atk|1\n|-boost|p2a: Ronnie Wood|spe|1\n|move|p1a: Big G?|Body Press|p2a: Ronnie Wood\n|-resisted|p2a: Ronnie Wood\n|-damage|p2a: Ronnie Wood|57\/100\n|\n|upkeep\n|turn|13\n|\n|t:|1700345592\n|move|p2a: Ronnie Wood|Roost|p2a: Ronnie Wood\n|-heal|p2a: Ronnie Wood|100\/100\n|-singleturn|p2a: Ronnie Wood|move: Roost\n|move|p1a: Big G?|Body Press|p2a: Ronnie Wood\n|-damage|p2a: Ronnie Wood|14\/100\n|\n|upkeep\n|turn|14\n|\n|t:|1700345606\n|move|p2a: Ronnie Wood|Outrage|p1a: Big G?\n|-damage|p1a: Big G?|73\/100\n|move|p1a: Big G?|Body Press|p2a: Ronnie Wood\n|-resisted|p2a: Ronnie Wood\n|-damage|p2a: Ronnie Wood|0 fnt\n|faint|p2a: Ronnie Wood\n|\n|upkeep\n|\n|t:|1700345620\n|switch|p2a: Keith Richards|Ninetales-Alola, M|100\/100\n|-weather|Snow|[from] ability: Snow Warning|[of] p2a: Keith Richards\n|turn|15\n|\n|t:|1700345625\n|move|p2a: Keith Richards|Moonblast|p1a: Big G?\n|-supereffective|p1a: Big G?\n|-damage|p1a: Big G?|62\/100\n|-unboost|p1a: Big G?|spa|1\n|move|p1a: Big G?|Body Press|p2a: Keith Richards\n|-damage|p2a: Keith Richards|0 fnt\n|faint|p2a: Keith Richards\n|\n|-weather|Snow|[upkeep]\n|upkeep\n|\n|t:|1700345632\n|switch|p2a: Charlie Watts|Rillaboom, M|100\/100\n|-fieldstart|move: Grassy Terrain|[from] ability: Grassy Surge|[of] p2a: Charlie Watts\n|turn|16\n|\n|t:|1700345639\n|move|p2a: Charlie Watts|Grassy Glide|p1a: Big G?\n|-damage|p1a: Big G?|54\/100\n|move|p1a: Big G?|Recover|p1a: Big G?\n|-heal|p1a: Big G?|100\/100\n|\n|-weather|Snow|[upkeep]\n|upkeep\n|turn|17\n|\n|t:|1700345647\n|move|p2a: Charlie Watts|Grassy Glide|p1a: Big G?\n|-damage|p1a: Big G?|92\/100\n|move|p1a: Big G?|Body Press|p2a: Charlie Watts\n|-damage|p2a: Charlie Watts|0 fnt\n|faint|p2a: Charlie Watts\n|\n|-weather|Snow|[upkeep]\n|-heal|p1a: Big G?|98\/100|[from] Grassy Terrain\n|upkeep\n|\n|t:|1700345654\n|switch|p2a: Ian Stewart|Sneasler, M|100\/100\n|-enditem|p2a: Ian Stewart|Grassy Seed\n|-boost|p2a: Ian Stewart|def|1|[from] item: Grassy Seed\n|turn|18\n|\n|t:|1700345661\n|move|p2a: Ian Stewart|Acrobatics|p1a: Big G?\n|-supereffective|p1a: Big G?\n|-damage|p1a: Big G?|87\/100\n|move|p1a: Big G?|Stored Power|p2a: Ian Stewart\n|-supereffective|p2a: Ian Stewart\n|-damage|p2a: Ian Stewart|0 fnt\n|faint|p2a: Ian Stewart\n|\n|-weather|Snow|[upkeep]\n|-heal|p1a: Big G?|93\/100|[from] Grassy Terrain\n|upkeep\n|-message|AlicieLizzie forfeited.\n|\n|win|Reposti\n|l|\u2606AlicieLizzie\n|l| Finchely\n","uploadtime":1700345674,"views":43,"p1id":"reposti","p2id":"alicielizzie","formatid":"gen9ubers","rating":0,"private":0,"password":""}