{"id":"gen9ubers-1990535894","p1":"uwijdjxkdks","p2":"trialteam98","format":"[Gen 9] Ubers","log":"|j|\u2606uwijdjxkdks\n|j|\u2606trialteam98\n|t:|1699979499\n|gametype|singles\n|player|p1|uwijdjxkdks|ethan|1050\n|player|p2|trialteam98|lady-gen4|1048\n|teamsize|p1|6\n|teamsize|p2|6\n|gen|9\n|tier|[Gen 9] Ubers\n|rated|\n|rule|Sleep Clause Mod: Limit one foe put to sleep\n|rule|Species Clause: Limit one of each Pok\u00e9mon\n|rule|OHKO Clause: OHKO moves are banned\n|rule|Evasion Items Clause: Evasion items are banned\n|rule|Evasion Moves Clause: Evasion moves are banned\n|rule|Endless Battle Clause: Forcing endless battles is banned\n|rule|HP Percentage Mod: HP is shown in percentages\n|clearpoke\n|poke|p1|Skeledirge, M|\n|poke|p1|Palafin, M|\n|poke|p1|Farigiraf, F|\n|poke|p1|Kilowattrel, M|\n|poke|p1|Baxcalibur, M|\n|poke|p1|Great Tusk|\n|poke|p2|Alomomola, M|\n|poke|p2|Blissey, F|\n|poke|p2|Chansey, F|\n|poke|p2|Clefable, M|\n|poke|p2|Wigglytuff, M|\n|poke|p2|Hatterene, F|\n|teampreview\n|\n|t:|1699979506\n|start\n|switch|p1a: Great Tusk|Great Tusk|100\/100\n|switch|p2a: Blissey|Blissey, F|100\/100\n|turn|1\n|\n|t:|1699979513\n|switch|p2a: Hatterene|Hatterene, F|100\/100\n|move|p1a: Great Tusk|Stealth Rock|p2a: Hatterene\n|move|p2a: Hatterene|Stealth Rock|p1a: Great Tusk|[from]ability: Magic Bounce\n|-sidestart|p1: uwijdjxkdks|move: Stealth Rock\n|\n|upkeep\n|turn|2\n|\n|t:|1699979522\n|move|p1a: Great Tusk|Rapid Spin|p2a: Hatterene\n|-damage|p2a: Hatterene|81\/100\n|-boost|p1a: Great Tusk|spe|1\n|-sideend|p1: uwijdjxkdks|Stealth Rock|[from] move: Rapid Spin|[of] p1a: Great Tusk\n|move|p2a: Hatterene|Giga Drain|p1a: Great Tusk\n|-supereffective|p1a: Great Tusk\n|-damage|p1a: Great Tusk|7\/100\n|-heal|p2a: Hatterene|100\/100|[from] drain|[of] p1a: Great Tusk\n|\n|upkeep\n|turn|3\n|\n|t:|1699979535\n|-end|p1a: Great Tusk|Protosynthesis|[silent]\n|switch|p1a: Skeledirge|Skeledirge, M|100\/100\n|move|p2a: Hatterene|Mystical Fire|p1a: Skeledirge\n|-resisted|p1a: Skeledirge\n|-damage|p1a: Skeledirge|86\/100\n|-unboost|p1a: Skeledirge|spa|1\n|\n|-heal|p1a: Skeledirge|92\/100|[from] item: Leftovers\n|upkeep\n|turn|4\n|\n|t:|1699979549\n|switch|p2a: Chansey|Chansey, F|100\/100\n|move|p1a: Skeledirge|Torch Song|p2a: Chansey\n|-damage|p2a: Chansey|94\/100\n|-boost|p1a: Skeledirge|spa|1\n|\n|-heal|p1a: Skeledirge|98\/100|[from] item: Leftovers\n|upkeep\n|turn|5\n|\n|t:|1699979559\n|move|p1a: Skeledirge|Will-O-Wisp|p2a: Chansey\n|-status|p2a: Chansey|brn\n|move|p2a: Chansey|Shadow Ball|p1a: Skeledirge\n|-supereffective|p1a: Skeledirge\n|-damage|p1a: Skeledirge|81\/100\n|\n|-heal|p1a: Skeledirge|87\/100|[from] item: Leftovers\n|-damage|p2a: Chansey|88\/100 brn|[from] brn\n|upkeep\n|turn|6\n|\n|t:|1699979570\n|switch|p1a: Farigiraf|Farigiraf, F|100\/100\n|move|p2a: Chansey|Shadow Ball|p1a: Farigiraf\n|-immune|p1a: Farigiraf\n|\n|-damage|p2a: Chansey|82\/100 brn|[from] brn\n|upkeep\n|turn|7\n|\n|t:|1699979579\n|move|p1a: Farigiraf|Psyshock|p2a: Chansey\n|-damage|p2a: Chansey|58\/100 brn\n|move|p2a: Chansey|Thunder Wave|p1a: Farigiraf\n|-status|p1a: Farigiraf|par\n|\n|-damage|p2a: Chansey|52\/100 brn|[from] brn\n|upkeep\n|turn|8\n|\n|t:|1699979588\n|move|p2a: Chansey|Soft-Boiled|p2a: Chansey\n|-heal|p2a: Chansey|100\/100 brn\n|move|p1a: Farigiraf|Psyshock|p2a: Chansey\n|-damage|p2a: Chansey|74\/100 brn\n|\n|-damage|p2a: Chansey|68\/100 brn|[from] brn\n|upkeep\n|turn|9\n|\n|t:|1699979607\n|switch|p2a: Wigglytuff|Wigglytuff, M|100\/100\n|move|p1a: Farigiraf|Psyshock|p2a: Wigglytuff\n|-damage|p2a: Wigglytuff|43\/100\n|\n|upkeep\n|turn|10\n|\n|t:|1699979615\n|move|p2a: Wigglytuff|Stealth Rock|p1a: Farigiraf\n|-sidestart|p1: uwijdjxkdks|move: Stealth Rock\n|move|p1a: Farigiraf|Psyshock|p2a: Wigglytuff\n|-damage|p2a: Wigglytuff|0 fnt\n|faint|p2a: Wigglytuff\n|\n|upkeep\n|\n|t:|1699979625\n|switch|p2a: Clefable|Clefable, M|100\/100\n|turn|11\n|\n|t:|1699979631\n|move|p2a: Clefable|Cosmic Power|p2a: Clefable\n|-boost|p2a: Clefable|def|1\n|-boost|p2a: Clefable|spd|1\n|move|p1a: Farigiraf|Psyshock|p2a: Clefable\n|-damage|p2a: Clefable|72\/100\n|\n|-heal|p2a: Clefable|78\/100|[from] item: Leftovers\n|upkeep\n|turn|12\n|\n|t:|1699979640\n|move|p2a: Clefable|Cosmic Power|p2a: Clefable\n|-boost|p2a: Clefable|def|1\n|-boost|p2a: Clefable|spd|1\n|move|p1a: Farigiraf|Psyshock|p2a: Clefable\n|-damage|p2a: Clefable|56\/100\n|\n|-heal|p2a: Clefable|62\/100|[from] item: Leftovers\n|upkeep\n|turn|13\n|\n|t:|1699979650\n|switch|p1a: Great Tusk|Great Tusk|7\/100\n|-damage|p1a: Great Tusk|4\/100|[from] Stealth Rock\n|move|p2a: Clefable|Cosmic Power|p2a: Clefable\n|-boost|p2a: Clefable|def|1\n|-boost|p2a: Clefable|spd|1\n|\n|-heal|p2a: Clefable|68\/100|[from] item: Leftovers\n|upkeep\n|turn|14\n|\n|t:|1699979660\n|move|p1a: Great Tusk|Rapid Spin|p2a: Clefable\n|-crit|p2a: Clefable\n|-damage|p2a: Clefable|40\/100\n|-boost|p1a: Great Tusk|spe|1\n|-sideend|p1: uwijdjxkdks|Stealth Rock|[from] move: Rapid Spin|[of] p1a: Great Tusk\n|move|p2a: Clefable|Moonblast|p1a: Great Tusk\n|-supereffective|p1a: Great Tusk\n|-damage|p1a: Great Tusk|0 fnt\n|faint|p1a: Great Tusk\n|-end|p1a: Great Tusk|Protosynthesis|[silent]\n|\n|-heal|p2a: Clefable|46\/100|[from] item: Leftovers\n|upkeep\n|\n|t:|1699979672\n|switch|p1a: Skeledirge|Skeledirge, M|87\/100\n|turn|15\n|\n|t:|1699979677\n|move|p1a: Skeledirge|Torch Song|p2a: Clefable\n|-damage|p2a: Clefable|16\/100\n|-boost|p1a: Skeledirge|spa|1\n|move|p2a: Clefable|Moonlight|p2a: Clefable\n|-heal|p2a: Clefable|66\/100\n|\n|-heal|p1a: Skeledirge|93\/100|[from] item: Leftovers\n|-heal|p2a: Clefable|72\/100|[from] item: Leftovers\n|upkeep\n|turn|16\n|\n|t:|1699979690\n|move|p1a: Skeledirge|Torch Song|p2a: Clefable\n|-damage|p2a: Clefable|41\/100\n|-boost|p1a: Skeledirge|spa|1\n|move|p2a: Clefable|Stored Power|p1a: Skeledirge\n|-damage|p1a: Skeledirge|44\/100\n|\n|-heal|p1a: Skeledirge|50\/100|[from] item: Leftovers\n|-heal|p2a: Clefable|47\/100|[from] item: Leftovers\n|upkeep\n|turn|17\n|\n|t:|1699979702\n|move|p1a: Skeledirge|Torch Song|p2a: Clefable\n|-damage|p2a: Clefable|20\/100\n|-boost|p1a: Skeledirge|spa|1\n|move|p2a: Clefable|Moonlight|p2a: Clefable\n|-heal|p2a: Clefable|70\/100\n|\n|-heal|p1a: Skeledirge|56\/100|[from] item: Leftovers\n|-heal|p2a: Clefable|76\/100|[from] item: Leftovers\n|upkeep\n|turn|18\n|\n|t:|1699979713\n|move|p1a: Skeledirge|Slack Off|p1a: Skeledirge\n|-heal|p1a: Skeledirge|100\/100\n|move|p2a: Clefable|Stored Power|p1a: Skeledirge\n|-damage|p1a: Skeledirge|57\/100\n|\n|-heal|p1a: Skeledirge|63\/100|[from] item: Leftovers\n|-heal|p2a: Clefable|82\/100|[from] item: Leftovers\n|upkeep\n|turn|19\n|\n|t:|1699979723\n|move|p1a: Skeledirge|Torch Song|p2a: Clefable\n|-damage|p2a: Clefable|55\/100\n|-boost|p1a: Skeledirge|spa|1\n|move|p2a: Clefable|Cosmic Power|p2a: Clefable\n|-boost|p2a: Clefable|def|1\n|-boost|p2a: Clefable|spd|1\n|\n|-heal|p1a: Skeledirge|69\/100|[from] item: Leftovers\n|-heal|p2a: Clefable|61\/100|[from] item: Leftovers\n|upkeep\n|turn|20\n|-message|uwijdjxkdks forfeited.\n|\n|win|trialteam98\n|raw|uwijdjxkdks's rating: 1050 &rarr; <strong>1032<\/strong><br \/>(-18 for losing)\n|raw|trialteam98's rating: 1048 &rarr; <strong>1081<\/strong><br \/>(+33 for winning)\n|l|\u2606uwijdjxkdks\n","uploadtime":1699979735,"views":5,"p1id":"uwijdjxkdks","p2id":"trialteam98","formatid":"gen9ubers","rating":1032,"private":0,"password":""}