{"id":"gen9ubers-1981493943","p1":"Flgkkckddx","p2":"Hjjtjrktjtjr","format":"[Gen 9] Ubers","log":"|j|\u2606Flgkkckddx\n|j|\u2606Hjjtjrktjtjr\n|t:|1698906216\n|gametype|singles\n|player|p1|Flgkkckddx|266|1022\n|player|p2|Hjjtjrktjtjr|lass-gen4dp|1040\n|teamsize|p1|6\n|teamsize|p2|6\n|gen|9\n|tier|[Gen 9] Ubers\n|rated|\n|rule|Sleep Clause Mod: Limit one foe put to sleep\n|rule|Species Clause: Limit one of each Pok\u00e9mon\n|rule|OHKO Clause: OHKO moves are banned\n|rule|Evasion Items Clause: Evasion items are banned\n|rule|Evasion Moves Clause: Evasion moves are banned\n|rule|Endless Battle Clause: Forcing endless battles is banned\n|rule|HP Percentage Mod: HP is shown in percentages\n|clearpoke\n|poke|p1|Eternatus|\n|poke|p1|Arceus|\n|poke|p1|Kyogre|\n|poke|p1|Zacian-*|\n|poke|p1|Koraidon|\n|poke|p1|Great Tusk|\n|poke|p2|Arceus-Fairy|\n|poke|p2|Koraidon|\n|poke|p2|Flutter Mane|\n|poke|p2|Ting-Lu|\n|poke|p2|Toxapex, M|\n|poke|p2|Giratina-Origin|\n|teampreview\n|inactive|Battle timer is ON: inactive players will automatically lose when time's up. (requested by Flgkkckddx)\n|\n|t:|1698906224\n|start\n|switch|p1a: Great Tusk|Great Tusk|100\/100\n|switch|p2a: Ting-Lu|Ting-Lu|100\/100\n|-ability|p2a: Ting-Lu|Vessel of Ruin\n|turn|1\n|\n|t:|1698906239\n|move|p1a: Great Tusk|Taunt|p2a: Ting-Lu\n|-start|p2a: Ting-Lu|move: Taunt\n|move|p2a: Ting-Lu|Ruination|p1a: Great Tusk\n|-damage|p1a: Great Tusk|50\/100\n|\n|upkeep\n|turn|2\n|\n|t:|1698906245\n|move|p1a: Great Tusk|Stealth Rock|p2a: Ting-Lu\n|-sidestart|p2: Hjjtjrktjtjr|move: Stealth Rock\n|move|p2a: Ting-Lu|Ruination|p1a: Great Tusk|[miss]\n|-miss|p2a: Ting-Lu|p1a: Great Tusk\n|\n|upkeep\n|turn|3\n|\n|t:|1698906251\n|move|p1a: Great Tusk|Body Press|p2a: Ting-Lu\n|-supereffective|p2a: Ting-Lu\n|-damage|p2a: Ting-Lu|51\/100\n|move|p2a: Ting-Lu|Ruination|p1a: Great Tusk\n|-damage|p1a: Great Tusk|26\/100\n|\n|-heal|p2a: Ting-Lu|57\/100|[from] item: Leftovers\n|-end|p2a: Ting-Lu|move: Taunt\n|upkeep\n|turn|4\n|\n|t:|1698906262\n|move|p1a: Great Tusk|Taunt|p2a: Ting-Lu\n|-start|p2a: Ting-Lu|move: Taunt\n|move|p2a: Ting-Lu|Earthquake|p1a: Great Tusk\n|-damage|p1a: Great Tusk|8\/100\n|\n|-heal|p2a: Ting-Lu|64\/100|[from] item: Leftovers\n|upkeep\n|turn|5\n|\n|t:|1698906265\n|move|p1a: Great Tusk|Body Press|p2a: Ting-Lu\n|-supereffective|p2a: Ting-Lu\n|-damage|p2a: Ting-Lu|16\/100\n|move|p2a: Ting-Lu|Earthquake|p1a: Great Tusk\n|-damage|p1a: Great Tusk|0 fnt\n|faint|p1a: Great Tusk\n|-end|p1a: Great Tusk|Protosynthesis|[silent]\n|\n|-heal|p2a: Ting-Lu|22\/100|[from] item: Leftovers\n|upkeep\n|\n|t:|1698906278\n|switch|p1a: Kyogre|Kyogre|100\/100\n|-weather|RainDance|[from] ability: Drizzle|[of] p1a: Kyogre\n|turn|6\n|\n|t:|1698906283\n|move|p1a: Kyogre|Water Spout|p2a: Ting-Lu\n|-supereffective|p2a: Ting-Lu\n|-damage|p2a: Ting-Lu|0 fnt\n|faint|p2a: Ting-Lu\n|\n|-weather|RainDance|[upkeep]\n|upkeep\n|\n|t:|1698906286\n|switch|p2a: Koraidon|Koraidon|100\/100\n|-damage|p2a: Koraidon|94\/100|[from] Stealth Rock\n|-weather|SunnyDay|[from] ability: Orichalcum Pulse|[of] p2a: Koraidon\n|-activate|p2a: Koraidon|Orichalcum Pulse|[source]\n|turn|7\n|\n|t:|1698906296\n|switch|p1a: Eternatus|Eternatus|100\/100\n|-ability|p1a: Eternatus|Pressure\n|move|p2a: Koraidon|Dragon Claw|p1a: Eternatus\n|-supereffective|p1a: Eternatus\n|-damage|p1a: Eternatus|6\/100\n|\n|-weather|SunnyDay|[upkeep]\n|-heal|p1a: Eternatus|12\/100|[from] item: Black Sludge\n|upkeep\n|turn|8\n|\n|t:|1698906305\n|switch|p2a: Flutter Mane|Flutter Mane|100\/100\n|-damage|p2a: Flutter Mane|88\/100|[from] Stealth Rock\n|-activate|p2a: Flutter Mane|ability: Protosynthesis\n|-start|p2a: Flutter Mane|protosynthesisspe\n|move|p1a: Eternatus|Dynamax Cannon|p2a: Flutter Mane\n|-immune|p2a: Flutter Mane\n|\n|-weather|SunnyDay|[upkeep]\n|-heal|p1a: Eternatus|18\/100|[from] item: Black Sludge\n|upkeep\n|turn|9\n|\n|t:|1698906313\n|move|p2a: Flutter Mane|Shadow Ball|p1a: Eternatus\n|-damage|p1a: Eternatus|0 fnt\n|faint|p1a: Eternatus\n|\n|-weather|SunnyDay|[upkeep]\n|upkeep\n|\n|t:|1698906316\n|switch|p1a: Kyogre|Kyogre|100\/100\n|-weather|RainDance|[from] ability: Drizzle|[of] p1a: Kyogre\n|-end|p2a: Flutter Mane|Protosynthesis\n|turn|10\n|\n|t:|1698906320\n|-end|p2a: Flutter Mane|Protosynthesis|[silent]\n|switch|p2a: Koraidon|Koraidon|94\/100\n|-damage|p2a: Koraidon|88\/100|[from] Stealth Rock\n|-weather|SunnyDay|[from] ability: Orichalcum Pulse|[of] p2a: Koraidon\n|-activate|p2a: Koraidon|Orichalcum Pulse|[source]\n|move|p1a: Kyogre|Water Spout|p2a: Koraidon\n|-resisted|p2a: Koraidon\n|-damage|p2a: Koraidon|66\/100\n|\n|-weather|SunnyDay|[upkeep]\n|upkeep\n|turn|11\n|\n|t:|1698906332\n|switch|p1a: Zacian|Zacian-Crowned|100\/100\n|-ability|p1a: Zacian|Intrepid Sword|boost\n|-boost|p1a: Zacian|atk|1\n|move|p2a: Koraidon|Collision Course|p1a: Zacian\n|-crit|p1a: Zacian\n|-damage|p1a: Zacian|0 fnt\n|faint|p1a: Zacian\n|\n|-weather|SunnyDay|[upkeep]\n|upkeep\n|\n|t:|1698906335\n|switch|p1a: Arceus|Arceus|100\/100\n|turn|12\n|\n|t:|1698906345\n|move|p2a: Koraidon|Collision Course|p1a: Arceus\n|-supereffective|p1a: Arceus\n|-damage|p1a: Arceus|0 fnt\n|faint|p1a: Arceus\n|\n|-weather|SunnyDay|[upkeep]\n|upkeep\n|-message|Flgkkckddx forfeited.\n|\n|win|Hjjtjrktjtjr\n|raw|Flgkkckddx's rating: 1022 &rarr; <strong>1009<\/strong><br \/>(-13 for losing)\n|raw|Hjjtjrktjtjr's rating: 1040 &rarr; <strong>1072<\/strong><br \/>(+32 for winning)\n|l|\u2606Flgkkckddx\n","uploadtime":1698906353,"views":7,"p1id":"flgkkckddx","p2id":"hjjtjrktjtjr","formatid":"gen9ubers","rating":1009,"private":0,"password":""}