{"id":"gen9ubers-1993890605","p1":"raveplays","p2":"OreoMan789","format":"[Gen 9] Ubers","log":"|j|\u2606raveplays\n|j|\u2606OreoMan789\n|t:|1700370806\n|gametype|singles\n|player|p1|raveplays|169|\n|player|p2|OreoMan789|gentleman-gen4|\n|teamsize|p1|6\n|teamsize|p2|6\n|gen|9\n|tier|[Gen 9] Ubers\n|rule|Sleep Clause Mod: Limit one foe put to sleep\n|rule|Species Clause: Limit one of each Pok\u00e9mon\n|rule|OHKO Clause: OHKO moves are banned\n|rule|Evasion Items Clause: Evasion items are banned\n|rule|Evasion Moves Clause: Evasion moves are banned\n|rule|Endless Battle Clause: Forcing endless battles is banned\n|rule|HP Percentage Mod: HP is shown in percentages\n|clearpoke\n|poke|p1|Masquerain, F|\n|poke|p1|Arceus-Ice|\n|poke|p1|Gholdengo|\n|poke|p1|Palafin, F|\n|poke|p1|Chi-Yu|\n|poke|p1|Zamazenta-*|\n|poke|p2|Dragapult, M|\n|poke|p2|Ogerpon-Wellspring, F|\n|poke|p2|Baxcalibur, F|\n|poke|p2|Espathra, F|\n|poke|p2|Zapdos|\n|poke|p2|Dialga-Origin|\n|teampreview\n|\n|t:|1700370820\n|start\n|switch|p1a: THE CHEESESTRING|Gholdengo|100\/100\n|switch|p2a: Espathra|Espathra, F, shiny|100\/100\n|turn|1\n|\n|t:|1700370833\n|switch|p2a: Zapdos|Zapdos|100\/100\n|move|p1a: THE CHEESESTRING|Shadow Ball|p2a: Zapdos\n|-damage|p2a: Zapdos|47\/100\n|\n|upkeep\n|turn|2\n|\n|t:|1700370846\n|move|p2a: Zapdos|Heat Wave|p1a: THE CHEESESTRING\n|-supereffective|p1a: THE CHEESESTRING\n|-damage|p1a: THE CHEESESTRING|31\/100\n|move|p1a: THE CHEESESTRING|Shadow Ball|p2a: Zapdos\n|-damage|p2a: Zapdos|0 fnt\n|faint|p2a: Zapdos\n|\n|upkeep\n|inactive|Battle timer is ON: inactive players will automatically lose when time's up. (requested by raveplays)\n|\n|t:|1700370870\n|switch|p2a: Ogerpon|Ogerpon-Wellspring, F|100\/100\n|turn|3\n|\n|t:|1700370876\n|-terastallize|p2a: Ogerpon|Water\n|detailschange|p2a: Ogerpon|Ogerpon-Wellspring-Tera, F, tera:Water\n|-ability|p2a: Ogerpon|Embody Aspect (Wellspring)|boost\n|-boost|p2a: Ogerpon|spd|1\n|move|p1a: THE CHEESESTRING|Shadow Ball|p2a: Ogerpon\n|-damage|p2a: Ogerpon|70\/100\n|move|p2a: Ogerpon|Trailblaze|p1a: THE CHEESESTRING\n|-resisted|p1a: THE CHEESESTRING\n|-damage|p1a: THE CHEESESTRING|14\/100\n|-boost|p2a: Ogerpon|spe|1\n|\n|upkeep\n|turn|4\n|\n|t:|1700370887\n|move|p2a: Ogerpon|Swords Dance|p2a: Ogerpon\n|-boost|p2a: Ogerpon|atk|2\n|move|p1a: THE CHEESESTRING|Shadow Ball|p2a: Ogerpon\n|-damage|p2a: Ogerpon|34\/100\n|\n|upkeep\n|turn|5\n|\n|t:|1700370911\n|switch|p1a: THE DAWG|Zamazenta-Crowned|100\/100\n|-ability|p1a: THE DAWG|Dauntless Shield|boost\n|-boost|p1a: THE DAWG|def|1\n|move|p2a: Ogerpon|Horn Leech|p1a: THE DAWG\n|-resisted|p1a: THE DAWG\n|-damage|p1a: THE DAWG|86\/100\n|-heal|p2a: Ogerpon|44\/100|[from] drain|[of] p1a: THE DAWG\n|\n|upkeep\n|turn|6\n|\n|t:|1700370940\n|-terastallize|p1a: THE DAWG|Fighting\n|move|p2a: Ogerpon|Ivy Cudgel|p1a: THE DAWG|[anim] Ivy Cudgel Water\n|-damage|p1a: THE DAWG|31\/100\n|move|p1a: THE DAWG|Body Press|p2a: Ogerpon\n|-damage|p2a: Ogerpon|0 fnt\n|faint|p2a: Ogerpon\n|\n|upkeep\n|\n|t:|1700370946\n|switch|p2a: Espathra|Espathra, F, shiny|100\/100\n|turn|7\n|\n|t:|1700370957\n|move|p2a: Espathra|Protect|p2a: Espathra\n|-singleturn|p2a: Espathra|Protect\n|move|p1a: THE DAWG|Crunch|p2a: Espathra\n|-activate|p2a: Espathra|move: Protect\n|\n|-ability|p2a: Espathra|Speed Boost|boost\n|-boost|p2a: Espathra|spe|1\n|upkeep\n|turn|8\n|\n|t:|1700370965\n|move|p2a: Espathra|Dazzling Gleam|p1a: THE DAWG\n|-supereffective|p1a: THE DAWG\n|-damage|p1a: THE DAWG|0 fnt\n|faint|p1a: THE DAWG\n|\n|-ability|p2a: Espathra|Speed Boost|boost\n|-boost|p2a: Espathra|spe|1\n|upkeep\n|\n|t:|1700370978\n|switch|p1a: THE FISH|Chi-Yu|100\/100\n|-ability|p1a: THE FISH|Beads of Ruin\n|turn|9\n|\n|t:|1700370985\n|move|p2a: Espathra|Protect|p2a: Espathra\n|-singleturn|p2a: Espathra|Protect\n|move|p1a: THE FISH|Flamethrower|p2a: Espathra\n|-activate|p2a: Espathra|move: Protect\n|\n|-ability|p2a: Espathra|Speed Boost|boost\n|-boost|p2a: Espathra|spe|1\n|upkeep\n|turn|10\n|\n|t:|1700370989\n|move|p2a: Espathra|Calm Mind|p2a: Espathra\n|-boost|p2a: Espathra|spa|1\n|-boost|p2a: Espathra|spd|1\n|move|p1a: THE FISH|Flamethrower|p2a: Espathra\n|-damage|p2a: Espathra|0 fnt\n|faint|p2a: Espathra\n|\n|upkeep\n|\n|t:|1700370995\n|switch|p2a: Baxcalibur|Baxcalibur, F|100\/100\n|turn|11\n|\n|t:|1700370999\n|move|p1a: THE FISH|Flamethrower|p2a: Baxcalibur\n|-damage|p2a: Baxcalibur|0 fnt\n|faint|p2a: Baxcalibur\n|\n|upkeep\n|\n|t:|1700371006\n|switch|p2a: Dialga|Dialga-Origin|100\/100\n|-ability|p2a: Dialga|Pressure\n|turn|12\n|\n|t:|1700371011\n|move|p1a: THE FISH|Flamethrower|p2a: Dialga\n|-damage|p2a: Dialga|30\/100\n|move|p2a: Dialga|Earth Power|p1a: THE FISH\n|-supereffective|p1a: THE FISH\n|-damage|p1a: THE FISH|25\/100\n|\n|upkeep\n|turn|13\n|\n|t:|1700371041\n|switch|p1a: Arceus|Arceus-Ice|100\/100\n|move|p2a: Dialga|Earth Power|p1a: Arceus\n|-damage|p1a: Arceus|76\/100\n|\n|upkeep\n|turn|14\n|\n|t:|1700371048\n|move|p1a: Arceus|Judgment|p2a: Dialga\n|-damage|p2a: Dialga|0 fnt\n|faint|p2a: Dialga\n|\n|upkeep\n|\n|t:|1700371052\n|switch|p2a: Dragapult|Dragapult, M|100\/100\n|turn|15\n|\n|t:|1700371058\n|move|p2a: Dragapult|Flamethrower|p1a: Arceus\n|-supereffective|p1a: Arceus\n|-damage|p1a: Arceus|25\/100\n|-damage|p2a: Dragapult|91\/100|[from] item: Life Orb\n|move|p1a: Arceus|Judgment|p2a: Dragapult\n|-supereffective|p2a: Dragapult\n|-damage|p2a: Dragapult|0 fnt\n|faint|p2a: Dragapult\n|\n|win|raveplays\n","uploadtime":1700371098,"views":25,"p1id":"raveplays","p2id":"oreoman789","formatid":"gen9ubers","rating":0,"private":0,"password":""}