{"id":"gen9ubers-1967800563","p1":"shakespare","p2":"Arplux","format":"[Gen 9] Ubers","log":"|j|\u2606shakespare\n|j|\u2606Arplux\n|t:|1697340038\n|gametype|singles\n|player|p1|shakespare|102|1070\n|player|p2|Arplux|proton|1104\n|teamsize|p1|6\n|teamsize|p2|6\n|gen|9\n|tier|[Gen 9] Ubers\n|rated|\n|rule|Sleep Clause Mod: Limit one foe put to sleep\n|rule|Species Clause: Limit one of each Pok\u00e9mon\n|rule|OHKO Clause: OHKO moves are banned\n|rule|Evasion Items Clause: Evasion items are banned\n|rule|Evasion Moves Clause: Evasion moves are banned\n|rule|Endless Battle Clause: Forcing endless battles is banned\n|rule|HP Percentage Mod: HP is shown in percentages\n|clearpoke\n|poke|p1|Koraidon|\n|poke|p1|Flutter Mane|\n|poke|p1|Chien-Pao|\n|poke|p1|Miraidon|\n|poke|p1|Ditto|\n|poke|p1|Grimmsnarl, M|\n|poke|p2|Zacian-*|\n|poke|p2|Iron Bundle|\n|poke|p2|Miraidon|\n|poke|p2|Arceus-Ground|\n|poke|p2|Annihilape, M|\n|poke|p2|Torkoal, M|\n|teampreview\n|\n|t:|1697340052\n|start\n|switch|p1a: Miraidon|Miraidon|100\/100\n|switch|p2a: Zacian|Zacian-Crowned|100\/100\n|-ability|p2a: Zacian|Intrepid Sword|boost\n|-boost|p2a: Zacian|atk|1\n|-fieldstart|move: Electric Terrain|[from] ability: Hadron Engine|[of] p1a: Miraidon\n|turn|1\n|inactive|Battle timer is ON: inactive players will automatically lose when time's up. (requested by shakespare)\n|\n|t:|1697340071\n|move|p2a: Zacian|Play Rough|p1a: Miraidon\n|-supereffective|p1a: Miraidon\n|-damage|p1a: Miraidon|0 fnt\n|faint|p1a: Miraidon\n|\n|upkeep\n|\n|t:|1697340084\n|switch|p1a: Ditto|Ditto|100\/100\n|-transform|p1a: Ditto|p2a: Zacian|[from] ability: Imposter\n|-ability|p1a: Ditto|Intrepid Sword|boost\n|-boost|p1a: Ditto|atk|1\n|turn|2\n|\n|t:|1697340104\n|switch|p2a: Annihilape|Annihilape, M|100\/100\n|move|p1a: Ditto|Sacred Sword|p2a: Annihilape\n|-immune|p2a: Annihilape\n|\n|upkeep\n|turn|3\n|\n|t:|1697340117\n|switch|p1a: Grimmsnarl|Grimmsnarl, M|100\/100\n|move|p2a: Annihilape|Bulk Up|p2a: Annihilape\n|-boost|p2a: Annihilape|atk|1\n|-boost|p2a: Annihilape|def|1\n|\n|upkeep\n|turn|4\n|\n|t:|1697340128\n|move|p2a: Annihilape|Drain Punch|p1a: Grimmsnarl\n|-damage|p1a: Grimmsnarl|32\/100\n|move|p1a: Grimmsnarl|Spirit Break|p2a: Annihilape\n|-supereffective|p2a: Annihilape\n|-damage|p2a: Annihilape|60\/100\n|-unboost|p2a: Annihilape|spa|1\n|-ability|p2a: Annihilape|Defiant|boost\n|-boost|p2a: Annihilape|atk|2\n|-damage|p1a: Grimmsnarl|15\/100|[from] item: Rocky Helmet|[of] p2a: Annihilape\n|\n|upkeep\n|turn|5\n|\n|t:|1697340140\n|move|p2a: Annihilape|Drain Punch|p1a: Grimmsnarl\n|-damage|p1a: Grimmsnarl|0 fnt\n|-heal|p2a: Annihilape|67\/100|[from] drain|[of] p1a: Grimmsnarl\n|faint|p1a: Grimmsnarl\n|\n|-fieldend|move: Electric Terrain\n|upkeep\n|\n|t:|1697340150\n|switch|p1a: Ditto|Ditto|100\/100\n|-transform|p1a: Ditto|p2a: Annihilape|[from] ability: Imposter\n|turn|6\n|\n|t:|1697340159\n|-terastallize|p2a: Annihilape|Normal\n|move|p1a: Ditto|Rage Fist|p2a: Annihilape\n|-immune|p2a: Annihilape\n|move|p2a: Annihilape|Rage Fist|p1a: Ditto\n|-supereffective|p1a: Ditto\n|-damage|p1a: Ditto|0 fnt\n|faint|p1a: Ditto\n|\n|upkeep\n|\n|t:|1697340169\n|switch|p1a: Chien-Pao|Chien-Pao|100\/100\n|-ability|p1a: Chien-Pao|Sword of Ruin\n|turn|7\n|\n|t:|1697340178\n|move|p1a: Chien-Pao|Ice Shard|p2a: Annihilape\n|-damage|p2a: Annihilape|50\/100\n|move|p2a: Annihilape|Bulk Up|p2a: Annihilape\n|-boost|p2a: Annihilape|atk|1\n|-boost|p2a: Annihilape|def|1\n|\n|upkeep\n|turn|8\n|\n|t:|1697340189\n|move|p1a: Chien-Pao|Icicle Crash|p2a: Annihilape\n|-crit|p2a: Annihilape\n|-damage|p2a: Annihilape|0 fnt\n|faint|p2a: Annihilape\n|\n|upkeep\n|\n|t:|1697340195\n|switch|p2a: Torkoal|Torkoal, M|100\/100\n|turn|9\n|\n|t:|1697340201\n|switch|p1a: Koraidon|Koraidon|100\/100\n|-weather|SunnyDay|[from] ability: Orichalcum Pulse|[of] p1a: Koraidon\n|-activate|p1a: Koraidon|Orichalcum Pulse|[source]\n|move|p2a: Torkoal|Lava Plume|p1a: Koraidon\n|-resisted|p1a: Koraidon\n|-damage|p1a: Koraidon|83\/100\n|\n|-weather|SunnyDay|[upkeep]\n|-heal|p1a: Koraidon|89\/100|[from] item: Leftovers\n|upkeep\n|turn|10\n|\n|t:|1697340213\n|move|p1a: Koraidon|Swords Dance|p1a: Koraidon\n|-boost|p1a: Koraidon|atk|2\n|move|p2a: Torkoal|Will-O-Wisp|p1a: Koraidon\n|-status|p1a: Koraidon|brn\n|\n|-weather|SunnyDay|[upkeep]\n|-heal|p1a: Koraidon|95\/100 brn|[from] item: Leftovers\n|-damage|p1a: Koraidon|89\/100 brn|[from] brn\n|upkeep\n|turn|11\n|\n|t:|1697340224\n|move|p1a: Koraidon|Swords Dance|p1a: Koraidon\n|-boost|p1a: Koraidon|atk|2\n|move|p2a: Torkoal|Clear Smog|p1a: Koraidon\n|-damage|p1a: Koraidon|79\/100 brn\n|-clearboost|p1a: Koraidon\n|\n|-weather|SunnyDay|[upkeep]\n|-heal|p1a: Koraidon|85\/100 brn|[from] item: Leftovers\n|-damage|p1a: Koraidon|79\/100 brn|[from] brn\n|upkeep\n|turn|12\n|\n|t:|1697340237\n|move|p1a: Koraidon|Collision Course|p2a: Torkoal\n|-damage|p2a: Torkoal|69\/100\n|move|p2a: Torkoal|Clear Smog|p1a: Koraidon\n|-damage|p1a: Koraidon|68\/100 brn\n|-clearboost|p1a: Koraidon\n|\n|-weather|SunnyDay|[upkeep]\n|-heal|p1a: Koraidon|74\/100 brn|[from] item: Leftovers\n|-heal|p2a: Torkoal|75\/100|[from] item: Leftovers\n|-damage|p1a: Koraidon|68\/100 brn|[from] brn\n|upkeep\n|turn|13\n|\n|t:|1697340253\n|switch|p1a: Flutter Mane|Flutter Mane|100\/100\n|-activate|p1a: Flutter Mane|ability: Protosynthesis\n|-start|p1a: Flutter Mane|protosynthesisspe\n|move|p2a: Torkoal|Clear Smog|p1a: Flutter Mane\n|-damage|p1a: Flutter Mane|90\/100\n|-clearboost|p1a: Flutter Mane\n|\n|-weather|none\n|-end|p1a: Flutter Mane|Protosynthesis\n|-heal|p2a: Torkoal|82\/100|[from] item: Leftovers\n|upkeep\n|turn|14\n|\n|t:|1697340273\n|move|p1a: Flutter Mane|Moonblast|p2a: Torkoal\n|-resisted|p2a: Torkoal\n|-damage|p2a: Torkoal|53\/100\n|-damage|p1a: Flutter Mane|80\/100|[from] item: Life Orb\n|move|p2a: Torkoal|Will-O-Wisp|p1a: Flutter Mane|[miss]\n|-miss|p2a: Torkoal|p1a: Flutter Mane\n|\n|-heal|p2a: Torkoal|59\/100|[from] item: Leftovers\n|upkeep\n|turn|15\n|\n|t:|1697340284\n|move|p1a: Flutter Mane|Shadow Ball|p2a: Torkoal\n|-damage|p2a: Torkoal|11\/100\n|-damage|p1a: Flutter Mane|70\/100|[from] item: Life Orb\n|move|p2a: Torkoal|Clear Smog|p1a: Flutter Mane\n|-damage|p1a: Flutter Mane|59\/100\n|-clearboost|p1a: Flutter Mane\n|\n|-heal|p2a: Torkoal|17\/100|[from] item: Leftovers\n|upkeep\n|turn|16\n|\n|t:|1697340296\n|move|p1a: Flutter Mane|Shadow Ball|p2a: Torkoal\n|-damage|p2a: Torkoal|0 fnt\n|faint|p2a: Torkoal\n|-damage|p1a: Flutter Mane|50\/100|[from] item: Life Orb\n|\n|upkeep\n|\n|t:|1697340306\n|switch|p2a: Zacian|Zacian-Crowned|100\/100\n|turn|17\n|\n|t:|1697340316\n|-terastallize|p1a: Flutter Mane|Ghost\n|move|p2a: Zacian|Play Rough|p1a: Flutter Mane\n|-damage|p1a: Flutter Mane|0 fnt\n|faint|p1a: Flutter Mane\n|-end|p1a: Flutter Mane|Protosynthesis|[silent]\n|\n|upkeep\n|\n|t:|1697340330\n|switch|p1a: Koraidon|Koraidon|68\/100 brn\n|-weather|SunnyDay|[from] ability: Orichalcum Pulse|[of] p1a: Koraidon\n|-activate|p1a: Koraidon|Orichalcum Pulse|[source]\n|turn|18\n|\n|t:|1697340336\n|move|p2a: Zacian|Play Rough|p1a: Koraidon\n|-supereffective|p1a: Koraidon\n|-damage|p1a: Koraidon|0 fnt\n|faint|p1a: Koraidon\n|\n|-weather|SunnyDay|[upkeep]\n|upkeep\n|\n|t:|1697340343\n|switch|p1a: Chien-Pao|Chien-Pao|100\/100\n|-ability|p1a: Chien-Pao|Sword of Ruin\n|turn|19\n|\n|t:|1697340352\n|move|p2a: Zacian|Sacred Sword|p1a: Chien-Pao\n|-supereffective|p1a: Chien-Pao\n|-damage|p1a: Chien-Pao|0 fnt\n|faint|p1a: Chien-Pao\n|\n|win|Arplux\n|raw|shakespare's rating: 1070 &rarr; <strong>1051<\/strong><br \/>(-19 for losing)\n|raw|Arplux's rating: 1104 &rarr; <strong>1127<\/strong><br \/>(+23 for winning)\n","uploadtime":1697340355,"views":20,"p1id":"shakespare","p2id":"arplux","formatid":"gen9ubers","rating":1051,"private":0,"password":""}