{"id":"gen9ubers-1970889672","p1":"SenkTheMoth","p2":"leonissenbaum","format":"[Gen 9] Ubers","log":"|j|\u2606SenkTheMoth\n|j|\u2606leonissenbaum\n|t:|1697677677\n|gametype|singles\n|player|p1|SenkTheMoth|dawn-gen4pt|\n|player|p2|leonissenbaum|leon|\n|teamsize|p1|6\n|teamsize|p2|6\n|gen|9\n|tier|[Gen 9] Ubers\n|rule|Sleep Clause Mod: Limit one foe put to sleep\n|rule|Species Clause: Limit one of each Pok\u00e9mon\n|rule|OHKO Clause: OHKO moves are banned\n|rule|Evasion Items Clause: Evasion items are banned\n|rule|Evasion Moves Clause: Evasion moves are banned\n|rule|Endless Battle Clause: Forcing endless battles is banned\n|rule|HP Percentage Mod: HP is shown in percentages\n|clearpoke\n|poke|p1|Zacian-*|\n|poke|p1|Palkia-Origin|\n|poke|p1|Arceus-Poison|\n|poke|p1|Magearna|\n|poke|p1|Zamazenta-*|\n|poke|p1|Shaymin-Sky|\n|poke|p2|Giratina|\n|poke|p2|Gliscor, F|\n|poke|p2|Blissey, F|\n|poke|p2|Dondozo, F|\n|poke|p2|Clefable, M|\n|poke|p2|Cyclizar, F|\n|teampreview\n|c|\u2606leonissenbaum|gl!\n|\n|t:|1697677690\n|start\n|switch|p1a: Palkia|Palkia-Origin|100\/100\n|switch|p2a: Gliscor|Gliscor, F|100\/100\n|-ability|p1a: Palkia|Pressure\n|turn|1\n|\n|t:|1697677694\n|move|p2a: Gliscor|Protect|p2a: Gliscor\n|-singleturn|p2a: Gliscor|Protect\n|move|p1a: Palkia|Surf|p2a: Gliscor\n|-activate|p2a: Gliscor|move: Protect\n|\n|-status|p2a: Gliscor|tox|[from] item: Toxic Orb\n|upkeep\n|turn|2\n|\n|t:|1697677699\n|switch|p2a: Blissey|Blissey, F|100\/100\n|move|p1a: Palkia|Surf|p2a: Blissey\n|-damage|p2a: Blissey|80\/100\n|\n|-heal|p2a: Blissey|86\/100|[from] item: Leftovers\n|upkeep\n|turn|3\n|\n|t:|1697677706\n|switch|p1a: Magearna|Magearna|100\/100\n|move|p2a: Blissey|Stealth Rock|p1a: Magearna\n|-sidestart|p1: SenkTheMoth|move: Stealth Rock\n|\n|-heal|p2a: Blissey|92\/100|[from] item: Leftovers\n|upkeep\n|turn|4\n|\n|t:|1697677720\n|switch|p2a: Gliscor|Gliscor, F|100\/100 tox\n|move|p1a: Magearna|Spikes|p2a: Gliscor\n|-sidestart|p2: leonissenbaum|Spikes\n|\n|upkeep\n|turn|5\n|\n|t:|1697677726\n|move|p2a: Gliscor|Spikes|p1a: Magearna\n|-sidestart|p1: SenkTheMoth|Spikes\n|move|p1a: Magearna|Ice Beam|p2a: Gliscor\n|-supereffective|p2a: Gliscor\n|-damage|p2a: Gliscor|18\/100 tox\n|\n|-heal|p2a: Gliscor|30\/100 tox|[from] ability: Poison Heal\n|upkeep\n|turn|6\n|c|\u2606leonissenbaum|this is the second ice mean mag i found today, why is this common ahh\n|c|\u2606SenkTheMoth|are you the same person i just fought\n|c|\u2606leonissenbaum|that might explain it\n|j| drakrai7\n|\n|t:|1697677762\n|move|p2a: Gliscor|Protect|p2a: Gliscor\n|-singleturn|p2a: Gliscor|Protect\n|move|p1a: Magearna|Thunder Wave|p2a: Gliscor\n|-activate|p2a: Gliscor|move: Protect\n|\n|-heal|p2a: Gliscor|43\/100 tox|[from] ability: Poison Heal\n|upkeep\n|turn|7\n|\n|t:|1697677789\n|switch|p2a: Blissey|Blissey, F|92\/100\n|-damage|p2a: Blissey|80\/100|[from] Spikes\n|move|p1a: Magearna|Spikes|p2a: Blissey\n|-sidestart|p2: leonissenbaum|Spikes\n|\n|-heal|p2a: Blissey|86\/100|[from] item: Leftovers\n|upkeep\n|turn|8\n|\n|t:|1697677797\n|move|p1a: Magearna|Thunder Wave|p2a: Blissey\n|-status|p2a: Blissey|par\n|move|p2a: Blissey|Seismic Toss|p1a: Magearna\n|-damage|p1a: Magearna|73\/100\n|\n|-heal|p1a: Magearna|79\/100|[from] item: Leftovers\n|-heal|p2a: Blissey|92\/100 par|[from] item: Leftovers\n|upkeep\n|turn|9\n|\n|t:|1697677801\n|move|p1a: Magearna|Spikes|p2a: Blissey\n|-sidestart|p2: leonissenbaum|Spikes\n|move|p2a: Blissey|Seismic Toss|p1a: Magearna\n|-damage|p1a: Magearna|52\/100\n|\n|-heal|p1a: Magearna|58\/100|[from] item: Leftovers\n|-heal|p2a: Blissey|98\/100 par|[from] item: Leftovers\n|upkeep\n|turn|10\n|\n|t:|1697677805\n|switch|p1a: Arceus|Arceus-Poison|100\/100\n|-damage|p1a: Arceus|88\/100|[from] Stealth Rock\n|-damage|p1a: Arceus|76\/100|[from] Spikes\n|move|p2a: Blissey|Seismic Toss|p1a: Arceus\n|-damage|p1a: Arceus|50\/100\n|\n|-heal|p2a: Blissey|100\/100 par|[from] item: Leftovers\n|upkeep\n|turn|11\n|\n|t:|1697677821\n|-curestatus|p2a: Blissey|par|[from] ability: Natural Cure\n|switch|p2a: Gliscor|Gliscor, F|43\/100 tox\n|move|p1a: Arceus|Dragon Dance|p1a: Arceus\n|-boost|p1a: Arceus|atk|1\n|-boost|p1a: Arceus|spe|1\n|\n|-heal|p2a: Gliscor|55\/100 tox|[from] ability: Poison Heal\n|upkeep\n|turn|12\n|\n|t:|1697677826\n|move|p2a: Gliscor|Protect|p2a: Gliscor\n|-singleturn|p2a: Gliscor|Protect\n|move|p1a: Arceus|Taunt|p2a: Gliscor\n|-activate|p2a: Gliscor|move: Protect\n|\n|-heal|p2a: Gliscor|68\/100 tox|[from] ability: Poison Heal\n|upkeep\n|turn|13\n|c|\u2606SenkTheMoth|actually nevermind i can't beat this team\n|-message|SenkTheMoth forfeited.\n|\n|win|leonissenbaum\n|c|\u2606leonissenbaum|gg\n","uploadtime":1697677846,"views":23,"p1id":"senkthemoth","p2id":"leonissenbaum","formatid":"gen9ubers","rating":0,"private":0,"password":""}