{"id":"gen9ubers-1983287296","p1":"Timirk","p2":"Jaekling","format":"[Gen 9] Ubers","log":"|j|\u2606Timirk\n|j|\u2606Jaekling\n|t:|1699114393\n|gametype|singles\n|player|p1|Timirk|ninjaboy|\n|player|p2|Jaekling|swimmerf|\n|teamsize|p1|6\n|teamsize|p2|6\n|gen|9\n|tier|[Gen 9] Ubers\n|rule|Sleep Clause Mod: Limit one foe put to sleep\n|rule|Species Clause: Limit one of each Pok\u00e9mon\n|rule|OHKO Clause: OHKO moves are banned\n|rule|Evasion Items Clause: Evasion items are banned\n|rule|Evasion Moves Clause: Evasion moves are banned\n|rule|Endless Battle Clause: Forcing endless battles is banned\n|rule|HP Percentage Mod: HP is shown in percentages\n|clearpoke\n|poke|p1|Baxcalibur, F|\n|poke|p1|Ninetales-Alola, F|\n|poke|p1|Gliscor, F|\n|poke|p1|Rotom-Wash|\n|poke|p1|Zoroark-Hisui, M|\n|poke|p1|Naclstack, M|\n|poke|p2|Great Tusk|\n|poke|p2|Ogerpon-Wellspring, F|\n|poke|p2|Cinderace, M|\n|poke|p2|Sylveon, M|\n|poke|p2|Iron Hands|\n|poke|p2|Garganacl, M|\n|teampreview\n|c|\u2606Timirk|glhf\n|c|\u2606Jaekling|u2u2\n|\n|t:|1699114501\n|start\n|switch|p1a: Gliscor|Gliscor, F|100\/100\n|switch|p2a: This Muh|Cinderace, M|100\/100\n|turn|1\n|\n|t:|1699114527\n|switch|p2a: This Guy|Ogerpon-Wellspring, F|100\/100\n|move|p1a: Gliscor|Toxic|p2a: This Guy\n|-status|p2a: This Guy|tox\n|\n|-damage|p2a: This Guy|95\/100 tox|[from] psn\n|-status|p1a: Gliscor|tox|[from] item: Toxic Orb\n|upkeep\n|turn|2\n|\n|t:|1699114597\n|move|p2a: This Guy|Ivy Cudgel|p1a: Gliscor\n|-supereffective|p1a: Gliscor\n|-crit|p1a: Gliscor\n|-damage|p1a: Gliscor|0 fnt\n|faint|p1a: Gliscor\n|\n|-damage|p2a: This Guy|83\/100 tox|[from] psn\n|upkeep\n|j| curtisthecacnea\n|\n|t:|1699114687\n|switch|p1a: Naclstack|Naclstack, M|100\/100\n|turn|3\n|\n|t:|1699114721\n|-terastallize|p1a: Naclstack|Fairy\n|move|p2a: This Guy|Ivy Cudgel|p1a: Naclstack\n|-damage|p1a: Naclstack|57\/100\n|move|p1a: Naclstack|Iron Defense|p1a: Naclstack\n|-boost|p1a: Naclstack|def|2\n|\n|-damage|p2a: This Guy|65\/100 tox|[from] psn\n|upkeep\n|turn|4\n|\n|t:|1699114751\n|move|p2a: This Guy|U-turn|p1a: Naclstack\n|-resisted|p1a: Naclstack\n|-damage|p1a: Naclstack|52\/100\n|\n|t:|1699114759\n|switch|p2a: this dawg|Sylveon, M|100\/100|[from] U-turn\n|move|p1a: Naclstack|Recover|p1a: Naclstack\n|-heal|p1a: Naclstack|100\/100\n|\n|upkeep\n|turn|5\n|\n|t:|1699114784\n|move|p2a: this dawg|Reflect|p2a: this dawg\n|-sidestart|p2: Jaekling|Reflect\n|move|p1a: Naclstack|Salt Cure|p2a: this dawg\n|-damage|p2a: this dawg|97\/100\n|-start|p2a: this dawg|Salt Cure\n|\n|-heal|p2a: this dawg|100\/100|[from] item: Leftovers\n|-damage|p2a: this dawg|88\/100|[from] Salt Cure\n|upkeep\n|turn|6\n|\n|t:|1699114794\n|move|p2a: this dawg|Hyper Voice|p1a: Naclstack\n|-damage|p1a: Naclstack|72\/100\n|move|p1a: Naclstack|Iron Defense|p1a: Naclstack\n|-boost|p1a: Naclstack|def|2\n|\n|-heal|p2a: this dawg|94\/100|[from] item: Leftovers\n|-damage|p2a: this dawg|82\/100|[from] Salt Cure\n|upkeep\n|turn|7\n|\n|t:|1699114811\n|move|p2a: this dawg|Hyper Voice|p1a: Naclstack\n|-damage|p1a: Naclstack|47\/100\n|move|p1a: Naclstack|Recover|p1a: Naclstack\n|-heal|p1a: Naclstack|97\/100\n|\n|-heal|p2a: this dawg|88\/100|[from] item: Leftovers\n|-damage|p2a: this dawg|75\/100|[from] Salt Cure\n|upkeep\n|turn|8\n|\n|t:|1699114838\n|move|p2a: this dawg|Wish|p2a: this dawg\n|move|p1a: Naclstack|Body Press|p2a: this dawg\n|-resisted|p2a: this dawg\n|-damage|p2a: this dawg|63\/100\n|\n|-heal|p2a: this dawg|70\/100|[from] item: Leftovers\n|-damage|p2a: this dawg|57\/100|[from] Salt Cure\n|upkeep\n|turn|9\n|\n|t:|1699114849\n|move|p2a: this dawg|Hyper Voice|p1a: Naclstack\n|-damage|p1a: Naclstack|72\/100\n|move|p1a: Naclstack|Iron Defense|p1a: Naclstack\n|-boost|p1a: Naclstack|def|2\n|\n|-heal|p2a: this dawg|100\/100|[from] move: Wish|[wisher] this dawg\n|-damage|p2a: this dawg|88\/100|[from] Salt Cure\n|-sideend|p2: Jaekling|Reflect\n|upkeep\n|turn|10\n|\n|t:|1699114916\n|switch|p1a: Rotom|Rotom-Wash|100\/100\n|move|p2a: this dawg|Reflect|p2a: this dawg\n|-sidestart|p2: Jaekling|Reflect\n|\n|-heal|p2a: this dawg|94\/100|[from] item: Leftovers\n|-damage|p2a: this dawg|82\/100|[from] Salt Cure\n|upkeep\n|turn|11\n|\n|t:|1699114932\n|switch|p2a: This Guy|Ogerpon-Wellspring, F|65\/100 tox\n|move|p1a: Rotom|Thunder Wave||[still]\n|-fail|p1a: Rotom\n|\n|-damage|p2a: This Guy|59\/100 tox|[from] psn\n|upkeep\n|turn|12\n|\n|t:|1699114940\n|move|p1a: Rotom|Protect|p1a: Rotom\n|-singleturn|p1a: Rotom|Protect\n|move|p2a: This Guy|Horn Leech|p1a: Rotom\n|-activate|p1a: Rotom|move: Protect\n|\n|-damage|p2a: This Guy|47\/100 tox|[from] psn\n|upkeep\n|turn|13\n|\n|t:|1699114949\n|switch|p1a: Naclstack|Naclstack, M, tera:Fairy|72\/100\n|move|p2a: This Guy|Horn Leech|p1a: Naclstack\n|-damage|p1a: Naclstack|44\/100\n|-heal|p2a: This Guy|62\/100 tox|[from] drain|[of] p1a: Naclstack\n|\n|-damage|p2a: This Guy|44\/100 tox|[from] psn\n|upkeep\n|turn|14\n|\n|t:|1699115017\n|move|p2a: This Guy|Ivy Cudgel|p1a: Naclstack\n|-damage|p1a: Naclstack|0 fnt\n|faint|p1a: Naclstack\n|\n|-damage|p2a: This Guy|20\/100 tox|[from] psn\n|-sideend|p2: Jaekling|Reflect\n|upkeep\n|j| hatev2\n|\n|t:|1699115113\n|switch|p1a: Baxcalibur|Baxcalibur, F|100\/100\n|turn|15\n|\n|t:|1699115132\n|switch|p2a: IRON E|Garganacl, M|100\/100\n|move|p1a: Baxcalibur|Nasty Plot|p1a: Baxcalibur\n|-boost|p1a: Baxcalibur|spa|2\n|\n|upkeep\n|turn|16\n|\n|t:|1699115223\n|move|p1a: Baxcalibur|Shadow Ball|p2a: IRON E\n|-damage|p2a: IRON E|66\/100\n|move|p2a: IRON E|Body Press|p1a: Baxcalibur\n|-immune|p1a: Baxcalibur\n|\n|-heal|p2a: IRON E|72\/100|[from] item: Leftovers\n|upkeep\n|turn|17\n|\n|t:|1699115253\n|move|p1a: Baxcalibur|Shadow Ball|p2a: IRON E\n|-damage|p2a: IRON E|36\/100\n|move|p2a: IRON E|Salt Cure|p1a: Baxcalibur\n|-damage|p1a: Baxcalibur|74\/100\n|-start|p1a: Baxcalibur|Salt Cure\n|replace|p1a: Zoroark|Zoroark-Hisui, M\n|-end|p1a: Zoroark|Illusion\n|\n|-heal|p2a: IRON E|43\/100|[from] item: Leftovers\n|-damage|p1a: Zoroark|62\/100|[from] Salt Cure\n|upkeep\n|turn|18\n|\n|t:|1699115263\n|move|p1a: Zoroark|Hyper Voice|p2a: IRON E\n|-resisted|p2a: IRON E\n|-damage|p2a: IRON E|3\/100\n|move|p2a: IRON E|Recover|p2a: IRON E\n|-heal|p2a: IRON E|53\/100\n|\n|-heal|p2a: IRON E|59\/100|[from] item: Leftovers\n|-damage|p1a: Zoroark|50\/100|[from] Salt Cure\n|upkeep\n|turn|19\n|\n|t:|1699115271\n|move|p1a: Zoroark|Shadow Ball|p2a: IRON E\n|-damage|p2a: IRON E|23\/100\n|-unboost|p2a: IRON E|spd|1\n|move|p2a: IRON E|Recover|p2a: IRON E\n|-heal|p2a: IRON E|73\/100\n|\n|-heal|p2a: IRON E|79\/100|[from] item: Leftovers\n|-damage|p1a: Zoroark|37\/100|[from] Salt Cure\n|upkeep\n|turn|20\n|\n|t:|1699115319\n|move|p1a: Zoroark|Shadow Ball|p2a: IRON E\n|-damage|p2a: IRON E|25\/100\n|move|p2a: IRON E|Recover|p2a: IRON E\n|-heal|p2a: IRON E|75\/100\n|\n|-heal|p2a: IRON E|81\/100|[from] item: Leftovers\n|-damage|p1a: Zoroark|25\/100|[from] Salt Cure\n|upkeep\n|turn|21\n|\n|t:|1699115356\n|move|p1a: Zoroark|Hyper Voice|p2a: IRON E\n|-resisted|p2a: IRON E\n|-damage|p2a: IRON E|22\/100\n|move|p2a: IRON E|Salt Cure|p1a: Zoroark\n|-damage|p1a: Zoroark|0 fnt\n|faint|p1a: Zoroark\n|\n|-heal|p2a: IRON E|28\/100|[from] item: Leftovers\n|upkeep\n|\n|t:|1699115396\n|switch|p1a: Baxcalibur|Baxcalibur, F|100\/100\n|turn|22\n|\n|t:|1699115426\n|move|p1a: Baxcalibur|Earthquake|p2a: IRON E\n|-supereffective|p2a: IRON E\n|-damage|p2a: IRON E|0 fnt\n|faint|p2a: IRON E\n|\n|upkeep\n|\n|t:|1699115437\n|switch|p2a: This Dude|Great Tusk|100\/100\n|-enditem|p2a: This Dude|Booster Energy\n|-activate|p2a: This Dude|ability: Protosynthesis|[fromitem]\n|-start|p2a: This Dude|protosynthesisspe\n|turn|23\n|\n|t:|1699115448\n|switch|p1a: Rotom|Rotom-Wash|100\/100\n|move|p2a: This Dude|Close Combat|p1a: Rotom\n|-damage|p1a: Rotom|56\/100\n|-unboost|p2a: This Dude|def|1\n|-unboost|p2a: This Dude|spd|1\n|\n|-heal|p1a: Rotom|62\/100|[from] item: Leftovers\n|upkeep\n|turn|24\n|\n|t:|1699115496\n|move|p2a: This Dude|Rapid Spin|p1a: Rotom\n|-damage|p1a: Rotom|50\/100\n|-boost|p2a: This Dude|spe|1\n|move|p1a: Rotom|Hydro Pump|p2a: This Dude\n|-supereffective|p2a: This Dude\n|-damage|p2a: This Dude|0 fnt\n|faint|p2a: This Dude\n|-end|p2a: This Dude|Protosynthesis|[silent]\n|\n|-heal|p1a: Rotom|56\/100|[from] item: Leftovers\n|upkeep\n|\n|t:|1699115523\n|switch|p2a: This Jit|Iron Hands|100\/100\n|turn|25\n|\n|t:|1699115551\n|move|p1a: Rotom|Volt Switch|p2a: This Jit\n|-resisted|p2a: This Jit\n|-damage|p2a: This Jit|88\/100\n|\n|t:|1699115556\n|switch|p1a: Ninetales|Ninetales-Alola, F|100\/100|[from] Volt Switch\n|-weather|Snow|[from] ability: Snow Warning|[of] p1a: Ninetales\n|move|p2a: This Jit|Drain Punch|p1a: Ninetales\n|-damage|p1a: Ninetales|60\/100\n|-heal|p2a: This Jit|100\/100|[from] drain|[of] p1a: Ninetales\n|\n|-weather|Snow|[upkeep]\n|upkeep\n|turn|26\n|\n|t:|1699115625\n|move|p1a: Ninetales|Moonblast|p2a: This Jit\n|-supereffective|p2a: This Jit\n|-damage|p2a: This Jit|25\/100\n|move|p2a: This Jit|Iron Head|p1a: Ninetales\n|-supereffective|p1a: Ninetales\n|-damage|p1a: Ninetales|0 fnt\n|faint|p1a: Ninetales\n|\n|-weather|Snow|[upkeep]\n|upkeep\n|\n|t:|1699115638\n|switch|p1a: Baxcalibur|Baxcalibur, F|100\/100\n|turn|27\n|\n|t:|1699115655\n|move|p1a: Baxcalibur|Scale Shot|p2a: This Jit\n|-damage|p2a: This Jit|14\/100\n|-crit|p2a: This Jit\n|-damage|p2a: This Jit|0 fnt\n|faint|p2a: This Jit\n|-end|p2a: This Jit|Quark Drive|[silent]\n|-hitcount|p2: This Jit|2\n|-unboost|p1a: Baxcalibur|def|1\n|-boost|p1a: Baxcalibur|spe|1\n|\n|-weather|Snow|[upkeep]\n|upkeep\n|\n|t:|1699115679\n|switch|p2a: this dawg|Sylveon, M|82\/100\n|turn|28\n|\n|t:|1699115714\n|move|p1a: Baxcalibur|Swords Dance|p1a: Baxcalibur\n|-boost|p1a: Baxcalibur|atk|2\n|move|p2a: this dawg|Reflect|p2a: this dawg\n|-sidestart|p2: Jaekling|Reflect\n|\n|-weather|Snow|[upkeep]\n|-heal|p2a: this dawg|88\/100|[from] item: Leftovers\n|upkeep\n|turn|29\n|\n|t:|1699115736\n|move|p1a: Baxcalibur|Icicle Spear|p2a: this dawg\n|-crit|p2a: this dawg\n|-damage|p2a: this dawg|47\/100\n|-damage|p2a: this dawg|32\/100\n|-damage|p2a: this dawg|18\/100\n|-damage|p2a: this dawg|3\/100\n|-hitcount|p2a: this dawg|4\n|move|p2a: this dawg|Hyper Voice|p1a: Baxcalibur\n|-supereffective|p1a: Baxcalibur\n|-damage|p1a: Baxcalibur|26\/100\n|\n|-weather|none\n|-heal|p2a: this dawg|9\/100|[from] item: Leftovers\n|upkeep\n|turn|30\n|\n|t:|1699115764\n|move|p1a: Baxcalibur|Icicle Spear|p2a: this dawg\n|-damage|p2a: this dawg|0 fnt\n|faint|p2a: this dawg\n|-hitcount|p2: this dawg|1\n|\n|upkeep\n|\n|t:|1699115785\n|switch|p2a: This Guy|Ogerpon-Wellspring, F|20\/100 tox\n|turn|31\n|\n|t:|1699115828\n|move|p1a: Baxcalibur|Icicle Spear|p2a: This Guy\n|-damage|p2a: This Guy|0 fnt\n|faint|p2a: This Guy\n|-hitcount|p2: This Guy|1\n|\n|upkeep\n|\n|t:|1699115833\n|switch|p2a: This Muh|Cinderace, M|100\/100\n|turn|32\n|\n|t:|1699115854\n|move|p1a: Baxcalibur|Earthquake|p2a: This Muh\n|-supereffective|p2a: This Muh\n|-damage|p2a: This Muh|0 fnt\n|faint|p2a: This Muh\n|\n|win|Timirk\n|c|\u2606Timirk|gg\n","uploadtime":1699115881,"views":24,"p1id":"timirk","p2id":"jaekling","formatid":"gen9ubers","rating":0,"private":0,"password":""}