{"id":"gen9ubers-1994349467","p1":"falcon05678","p2":"Anne Frankkkk","format":"[Gen 9] Ubers","log":"|j|\u2606falcon05678\n|j|\u2606Anne Frankkkk\n|t:|1700433879\n|gametype|singles\n|player|p1|falcon05678|101|1167\n|player|p2|Anne Frankkkk|hilbert|1232\n|teamsize|p1|6\n|teamsize|p2|6\n|gen|9\n|tier|[Gen 9] Ubers\n|rated|\n|rule|Sleep Clause Mod: Limit one foe put to sleep\n|rule|Species Clause: Limit one of each Pok\u00e9mon\n|rule|OHKO Clause: OHKO moves are banned\n|rule|Evasion Items Clause: Evasion items are banned\n|rule|Evasion Moves Clause: Evasion moves are banned\n|rule|Endless Battle Clause: Forcing endless battles is banned\n|rule|HP Percentage Mod: HP is shown in percentages\n|clearpoke\n|poke|p1|Espathra, M|\n|poke|p1|Shaymin-Sky|\n|poke|p1|Urshifu-*, F|\n|poke|p1|Ribombee, M|\n|poke|p1|Kyogre|\n|poke|p1|Ogerpon, F|\n|poke|p2|Regieleki|\n|poke|p2|Kyogre|\n|poke|p2|Chien-Pao|\n|poke|p2|Ribombee, F|\n|poke|p2|Miraidon|\n|poke|p2|Flutter Mane|\n|teampreview\n|inactive|Battle timer is ON: inactive players will automatically lose when time's up. (requested by Anne Frankkkk)\n|\n|t:|1700433892\n|start\n|switch|p1a: Ribombee|Ribombee, M, shiny|100\/100\n|switch|p2a: Moonblast|Ribombee, F, shiny|100\/100\n|turn|1\n|c|\u2606falcon05678|why the name\n|\n|t:|1700433912\n|move|p1a: Ribombee|Stun Spore|p2a: Moonblast\n|-status|p2a: Moonblast|par\n|move|p2a: Moonblast|Sticky Web|p1a: Ribombee\n|-sidestart|p1: falcon05678|move: Sticky Web\n|\n|upkeep\n|turn|2\n|\n|t:|1700433917\n|switch|p2a: Bzzzzt|Regieleki, shiny|100\/100\n|move|p1a: Ribombee|Sticky Web|p2a: Bzzzzt\n|-sidestart|p2: Anne Frankkkk|move: Sticky Web\n|\n|upkeep\n|turn|3\n|\n|t:|1700433930\n|move|p2a: Bzzzzt|Rapid Spin|p1a: Ribombee\n|-damage|p1a: Ribombee|81\/100\n|-boost|p2a: Bzzzzt|spe|1\n|-sideend|p2: Anne Frankkkk|Sticky Web|[from] move: Rapid Spin|[of] p2a: Bzzzzt\n|move|p1a: Ribombee|Moonblast|p2a: Bzzzzt\n|-damage|p2a: Bzzzzt|24\/100\n|\n|upkeep\n|turn|4\n|\n|t:|1700433940\n|move|p2a: Bzzzzt|Thunderbolt|p1a: Ribombee\n|-damage|p1a: Ribombee|0 fnt\n|faint|p1a: Ribombee\n|\n|upkeep\n|\n|t:|1700433949\n|switch|p1a: Urshifu|Urshifu-Rapid-Strike, F|100\/100\n|-activate|p1a: Urshifu|move: Sticky Web\n|-unboost|p1a: Urshifu|spe|1\n|turn|5\n|\n|t:|1700433955\n|move|p1a: Urshifu|Aqua Jet|p2a: Bzzzzt\n|-damage|p2a: Bzzzzt|0 fnt\n|faint|p2a: Bzzzzt\n|\n|upkeep\n|\n|t:|1700433962\n|switch|p2a: Cyber Lizard|Miraidon|100\/100\n|-fieldstart|move: Electric Terrain|[from] ability: Hadron Engine|[of] p2a: Cyber Lizard\n|-item|p2a: Cyber Lizard|Air Balloon\n|turn|6\n|\n|t:|1700433979\n|move|p1a: Urshifu|Aqua Jet|p2a: Cyber Lizard\n|-resisted|p2a: Cyber Lizard\n|-damage|p2a: Cyber Lizard|84\/100\n|-enditem|p2a: Cyber Lizard|Air Balloon\n|move|p2a: Cyber Lizard|Calm Mind|p2a: Cyber Lizard\n|-boost|p2a: Cyber Lizard|spa|1\n|-boost|p2a: Cyber Lizard|spd|1\n|\n|upkeep\n|turn|7\n|\n|t:|1700434001\n|switch|p1a: Ogerpon|Ogerpon, F|100\/100\n|-activate|p1a: Ogerpon|move: Sticky Web\n|-unboost|p1a: Ogerpon|spe|1\n|-ability|p1a: Ogerpon|Defiant|boost\n|-boost|p1a: Ogerpon|atk|2\n|-enditem|p1a: Ogerpon|White Herb\n|-clearnegativeboost|p1a: Ogerpon|[silent]\n|move|p2a: Cyber Lizard|Electro Drift|p1a: Ogerpon\n|-resisted|p1a: Ogerpon\n|-damage|p1a: Ogerpon|9\/100\n|\n|upkeep\n|turn|8\n|\n|t:|1700434014\n|move|p2a: Cyber Lizard|Electro Drift|p1a: Ogerpon\n|-resisted|p1a: Ogerpon\n|-damage|p1a: Ogerpon|0 fnt\n|faint|p1a: Ogerpon\n|\n|upkeep\n|inactive|falcon05678 has 120 seconds left.\n|\n|t:|1700434028\n|switch|p1a: Espathra|Espathra, M, shiny|100\/100\n|-activate|p1a: Espathra|move: Sticky Web\n|-unboost|p1a: Espathra|spe|1\n|turn|9\n|\n|t:|1700434035\n|move|p1a: Espathra|Protect|p1a: Espathra\n|-singleturn|p1a: Espathra|Protect\n|move|p2a: Cyber Lizard|Calm Mind|p2a: Cyber Lizard\n|-boost|p2a: Cyber Lizard|spa|1\n|-boost|p2a: Cyber Lizard|spd|1\n|\n|-ability|p1a: Espathra|Speed Boost|boost\n|-boost|p1a: Espathra|spe|1\n|upkeep\n|turn|10\n|inactive|falcon05678 has 120 seconds left.\n|\n|t:|1700434051\n|move|p2a: Cyber Lizard|Electro Drift|p1a: Espathra\n|-damage|p1a: Espathra|0 fnt\n|faint|p1a: Espathra\n|\n|-fieldend|move: Electric Terrain\n|upkeep\n|\n|t:|1700434054\n|switch|p1a: Shaymin|Shaymin-Sky, shiny|100\/100\n|turn|11\n|\n|t:|1700434069\n|move|p1a: Shaymin|Earth Power|p2a: Cyber Lizard\n|-supereffective|p2a: Cyber Lizard\n|-damage|p2a: Cyber Lizard|58\/100\n|move|p2a: Cyber Lizard|Electro Drift|p1a: Shaymin\n|-damage|p1a: Shaymin|0 fnt\n|faint|p1a: Shaymin\n|\n|upkeep\n|-message|falcon05678 forfeited.\n|\n|win|Anne Frankkkk\n|raw|falcon05678's rating: 1167 &rarr; <strong>1147<\/strong><br \/>(-20 for losing)\n|raw|Anne Frankkkk's rating: 1232 &rarr; <strong>1252<\/strong><br \/>(+20 for winning)\n|l|\u2606falcon05678\n","uploadtime":1700434086,"views":3,"p1id":"falcon05678","p2id":"annefrankkkk","formatid":"gen9ubers","rating":1147,"private":0,"password":""}