{"id":"gen9ubers-1995862383","p1":"rustygoomba","p2":"Nuttyr","format":"[Gen 9] Ubers","log":"|j|\u2606rustygoomba\n|j|\u2606Nuttyr\n|t:|1700610868\n|gametype|singles\n|player|p1|rustygoomba|burglar-lgpe|\n|player|p2|Nuttyr|265|\n|teamsize|p1|6\n|teamsize|p2|6\n|gen|9\n|tier|[Gen 9] Ubers\n|rule|Sleep Clause Mod: Limit one foe put to sleep\n|rule|Species Clause: Limit one of each Pok\u00e9mon\n|rule|OHKO Clause: OHKO moves are banned\n|rule|Evasion Items Clause: Evasion items are banned\n|rule|Evasion Moves Clause: Evasion moves are banned\n|rule|Endless Battle Clause: Forcing endless battles is banned\n|rule|HP Percentage Mod: HP is shown in percentages\n|clearpoke\n|poke|p1|Chandelure, M|\n|poke|p1|Roaring Moon|\n|poke|p1|Clodsire, F|\n|poke|p1|Tauros-Paldea-Blaze, M|\n|poke|p1|Tatsugiri-Droopy, F|\n|poke|p1|Frosmoth, F|\n|poke|p2|Quaquaval, M|\n|poke|p2|Ninetales-Alola, M|\n|poke|p2|Garganacl, F|\n|poke|p2|Samurott-Hisui, F|\n|poke|p2|Gholdengo|\n|poke|p2|Masquerain, M|\n|teampreview\n|inactive|Battle timer is ON: inactive players will automatically lose when time's up. (requested by Nuttyr)\n|\n|t:|1700610885\n|start\n|switch|p1a: barptiste|Chandelure, M|100\/100\n|switch|p2a: Ninetales|Ninetales-Alola, M|100\/100\n|-weather|Snow|[from] ability: Snow Warning|[of] p2a: Ninetales\n|turn|1\n|\n|t:|1700610898\n|switch|p2a: Quaquaval|Quaquaval, M|100\/100\n|move|p1a: barptiste|Flamethrower|p2a: Quaquaval\n|-resisted|p2a: Quaquaval\n|-crit|p2a: Quaquaval\n|-damage|p2a: Quaquaval|66\/100\n|\n|-weather|Snow|[upkeep]\n|upkeep\n|turn|2\n|\n|t:|1700610909\n|switch|p1a: g2rald|Clodsire, F|100\/100\n|move|p2a: Quaquaval|Aqua Step|p1a: g2rald\n|-immune|p1a: g2rald|[from] ability: Water Absorb\n|\n|-weather|Snow|[upkeep]\n|upkeep\n|turn|3\n|\n|t:|1700610923\n|switch|p2a: Garganacl|Garganacl, F|100\/100\n|move|p1a: g2rald|Toxic|p2a: Garganacl\n|-immune|p2a: Garganacl|[from] ability: Purifying Salt\n|\n|-weather|Snow|[upkeep]\n|upkeep\n|turn|4\n|\n|t:|1700610937\n|switch|p1a: randy moss|Roaring Moon|100\/100\n|-enditem|p1a: randy moss|Booster Energy\n|-activate|p1a: randy moss|ability: Protosynthesis|[fromitem]\n|-start|p1a: randy moss|protosynthesisspe\n|move|p2a: Garganacl|Salt Cure|p1a: randy moss\n|-damage|p1a: randy moss|84\/100\n|-start|p1a: randy moss|Salt Cure\n|\n|-weather|Snow|[upkeep]\n|-damage|p1a: randy moss|72\/100|[from] Salt Cure\n|upkeep\n|turn|5\n|\n|t:|1700610956\n|-terastallize|p2a: Garganacl|Water\n|move|p1a: randy moss|Knock Off|p2a: Garganacl\n|-damage|p2a: Garganacl|67\/100\n|-enditem|p2a: Garganacl|Leftovers|[from] move: Knock Off|[of] p1a: randy moss\n|move|p2a: Garganacl|Iron Defense|p2a: Garganacl\n|-boost|p2a: Garganacl|def|2\n|\n|-weather|none\n|-damage|p1a: randy moss|59\/100|[from] Salt Cure\n|upkeep\n|turn|6\n|\n|t:|1700610978\n|move|p1a: randy moss|Acrobatics|p2a: Garganacl\n|-damage|p2a: Garganacl|53\/100\n|move|p2a: Garganacl|Stealth Rock|p1a: randy moss\n|-sidestart|p1: rustygoomba|move: Stealth Rock\n|\n|-damage|p1a: randy moss|47\/100|[from] Salt Cure\n|upkeep\n|turn|7\n|\n|t:|1700610988\n|move|p1a: randy moss|Knock Off|p2a: Garganacl\n|-damage|p2a: Garganacl|42\/100\n|move|p2a: Garganacl|Recover|p2a: Garganacl\n|-heal|p2a: Garganacl|92\/100\n|\n|-damage|p1a: randy moss|35\/100|[from] Salt Cure\n|upkeep\n|turn|8\n|\n|t:|1700610999\n|move|p1a: randy moss|Earthquake|p2a: Garganacl\n|-damage|p2a: Garganacl|80\/100\n|move|p2a: Garganacl|Salt Cure|p1a: randy moss\n|-damage|p1a: randy moss|18\/100\n|\n|-damage|p1a: randy moss|5\/100|[from] Salt Cure\n|upkeep\n|turn|9\n|\n|t:|1700611004\n|move|p1a: randy moss|Earthquake|p2a: Garganacl\n|-damage|p2a: Garganacl|68\/100\n|move|p2a: Garganacl|Recover|p2a: Garganacl\n|-heal|p2a: Garganacl|100\/100\n|\n|-damage|p1a: randy moss|0 fnt|[from] Salt Cure\n|faint|p1a: randy moss\n|-end|p1a: randy moss|Protosynthesis|[silent]\n|upkeep\n|\n|t:|1700611004\n|switch|p1a: bullpucky|Tauros-Paldea-Blaze, M|100\/100\n|-damage|p1a: bullpucky|88\/100|[from] Stealth Rock\n|-ability|p1a: bullpucky|Intimidate|boost\n|-unboost|p2a: Garganacl|atk|1\n|turn|10\n|\n|t:|1700611033\n|switch|p1a: big shrimpin|Tatsugiri-Droopy, F|100\/100\n|-damage|p1a: big shrimpin|88\/100|[from] Stealth Rock\n|move|p2a: Garganacl|Recover||[still]\n|-fail|p2a: Garganacl|heal\n|\n|upkeep\n|turn|11\n|\n|t:|1700611045\n|move|p1a: big shrimpin|Nasty Plot|p1a: big shrimpin\n|-boost|p1a: big shrimpin|spa|2\n|move|p2a: Garganacl|Salt Cure|p1a: big shrimpin\n|-damage|p1a: big shrimpin|69\/100\n|-start|p1a: big shrimpin|Salt Cure\n|\n|-damage|p1a: big shrimpin|45\/100|[from] Salt Cure\n|upkeep\n|turn|12\n|\n|t:|1700611056\n|switch|p2a: Quaquaval|Quaquaval, M|66\/100\n|move|p1a: big shrimpin|Nasty Plot|p1a: big shrimpin\n|-boost|p1a: big shrimpin|spa|2\n|\n|-damage|p1a: big shrimpin|20\/100|[from] Salt Cure\n|upkeep\n|turn|13\n|\n|t:|1700611068\n|move|p2a: Quaquaval|Close Combat|p1a: big shrimpin\n|-crit|p1a: big shrimpin\n|-damage|p1a: big shrimpin|0 fnt\n|-unboost|p2a: Quaquaval|def|1\n|-unboost|p2a: Quaquaval|spd|1\n|faint|p1a: big shrimpin\n|-ability|p2a: Quaquaval|Moxie|boost\n|-boost|p2a: Quaquaval|atk|1\n|\n|upkeep\n|\n|t:|1700611073\n|switch|p1a: g2rald|Clodsire, F|100\/100\n|-damage|p1a: g2rald|94\/100|[from] Stealth Rock\n|turn|14\n|\n|t:|1700611090\n|switch|p2a: Garganacl|Garganacl, F, tera:Water|100\/100\n|move|p1a: g2rald|Toxic|p2a: Garganacl\n|-immune|p2a: Garganacl|[from] ability: Purifying Salt\n|\n|upkeep\n|turn|15\n|j| Wha1efish\n|\n|t:|1700611104\n|switch|p1a: barptiste|Chandelure, M|100\/100\n|-damage|p1a: barptiste|76\/100|[from] Stealth Rock\n|move|p2a: Garganacl|Salt Cure|p1a: barptiste\n|-supereffective|p1a: barptiste\n|-damage|p1a: barptiste|34\/100\n|-start|p1a: barptiste|Salt Cure\n|\n|-damage|p1a: barptiste|22\/100|[from] Salt Cure\n|upkeep\n|turn|16\n|\n|t:|1700611119\n|switch|p2a: Quaquaval|Quaquaval, M|66\/100\n|move|p1a: barptiste|Flamethrower|p2a: Quaquaval\n|-resisted|p2a: Quaquaval\n|-damage|p2a: Quaquaval|42\/100\n|\n|-damage|p1a: barptiste|10\/100|[from] Salt Cure\n|upkeep\n|turn|17\n|j| ChungleWungle\n|\n|t:|1700611138\n|move|p2a: Quaquaval|Aqua Jet|p1a: barptiste\n|-supereffective|p1a: barptiste\n|-damage|p1a: barptiste|0 fnt\n|faint|p1a: barptiste\n|-ability|p2a: Quaquaval|Moxie|boost\n|-boost|p2a: Quaquaval|atk|1\n|\n|upkeep\n|\n|t:|1700611146\n|switch|p1a: g2rald|Clodsire, F|94\/100\n|-damage|p1a: g2rald|88\/100|[from] Stealth Rock\n|turn|18\n|\n|t:|1700611154\n|move|p2a: Quaquaval|Close Combat|p1a: g2rald\n|-resisted|p1a: g2rald\n|-damage|p1a: g2rald|56\/100\n|-unboost|p2a: Quaquaval|def|1\n|-unboost|p2a: Quaquaval|spd|1\n|-damage|p2a: Quaquaval|25\/100|[from] item: Rocky Helmet|[of] p1a: g2rald\n|move|p1a: g2rald|Stealth Rock|p2a: Quaquaval\n|-sidestart|p2: Nuttyr|move: Stealth Rock\n|\n|upkeep\n|turn|19\n|j| ChungleWungle\n|\n|t:|1700611170\n|move|p2a: Quaquaval|Rapid Spin|p1a: g2rald\n|-damage|p1a: g2rald|38\/100\n|-boost|p2a: Quaquaval|spe|1\n|-damage|p2a: Quaquaval|9\/100|[from] item: Rocky Helmet|[of] p1a: g2rald\n|-sideend|p2: Nuttyr|Stealth Rock|[from] move: Rapid Spin|[of] p2a: Quaquaval\n|move|p1a: g2rald|Recover|p1a: g2rald\n|-heal|p1a: g2rald|88\/100\n|\n|upkeep\n|turn|20\n|j| RektCactus\n|\n|t:|1700611178\n|switch|p2a: Gholdengo|Gholdengo|100\/100\n|move|p1a: g2rald|Recover|p1a: g2rald\n|-heal|p1a: g2rald|100\/100\n|\n|upkeep\n|turn|21\n|c| Wha1efish|this is a clear 1v9 angle from g2rald\n|\n|t:|1700611206\n|switch|p1a: justin jefferson|Frosmoth, F|100\/100\n|move|p2a: Gholdengo|Trick|p1a: justin jefferson\n|-activate|p2a: Gholdengo|move: Trick|[of] p1a: justin jefferson\n|-item|p1a: justin jefferson|Choice Scarf|[from] move: Trick\n|-item|p2a: Gholdengo|Heavy-Duty Boots|[from] move: Trick\n|\n|upkeep\n|turn|22\n|\n|t:|1700611218\n|-terastallize|p1a: justin jefferson|Ground\n|move|p1a: justin jefferson|Ice Beam|p2a: Gholdengo\n|-resisted|p2a: Gholdengo\n|-damage|p2a: Gholdengo|73\/100\n|move|p2a: Gholdengo|Make It Rain|p1a: justin jefferson\n|-damage|p1a: justin jefferson|61\/100\n|-unboost|p2a: Gholdengo|spa|1\n|\n|upkeep\n|turn|23\n|\n|t:|1700611227\n|switch|p2a: Samurott|Samurott-Hisui, F|100\/100\n|move|p1a: justin jefferson|Ice Beam|p2a: Samurott\n|-resisted|p2a: Samurott\n|-damage|p2a: Samurott|69\/100\n|-status|p2a: Samurott|frz\n|\n|upkeep\n|turn|24\n|\n|t:|1700611234\n|switch|p2a: Ninetales|Ninetales-Alola, M|100\/100\n|-weather|Snow|[from] ability: Snow Warning|[of] p2a: Ninetales\n|move|p1a: justin jefferson|Ice Beam|p2a: Ninetales\n|-resisted|p2a: Ninetales\n|-damage|p2a: Ninetales|80\/100\n|\n|-weather|Snow|[upkeep]\n|upkeep\n|turn|25\n|\n|t:|1700611242\n|switch|p1a: bullpucky|Tauros-Paldea-Blaze, M|88\/100\n|-damage|p1a: bullpucky|76\/100|[from] Stealth Rock\n|-ability|p1a: bullpucky|Intimidate|boost\n|-unboost|p2a: Ninetales|atk|1\n|move|p2a: Ninetales|Aurora Veil|p2a: Ninetales\n|-sidestart|p2: Nuttyr|move: Aurora Veil\n|\n|-weather|Snow|[upkeep]\n|upkeep\n|turn|26\n|\n|t:|1700611248\n|move|p2a: Ninetales|Extrasensory|p1a: bullpucky\n|-supereffective|p1a: bullpucky\n|-damage|p1a: bullpucky|46\/100\n|move|p1a: bullpucky|Raging Bull|p2a: Ninetales\n|-sideend|p2: Nuttyr|move: Aurora Veil\n|-supereffective|p2a: Ninetales\n|-damage|p2a: Ninetales|5\/100\n|\n|-weather|Snow|[upkeep]\n|upkeep\n|turn|27\n|\n|t:|1700611259\n|move|p2a: Ninetales|Extrasensory|p1a: bullpucky\n|-supereffective|p1a: bullpucky\n|-damage|p1a: bullpucky|11\/100\n|move|p1a: bullpucky|Raging Bull|p2a: Ninetales\n|-supereffective|p2a: Ninetales\n|-damage|p2a: Ninetales|0 fnt\n|faint|p2a: Ninetales\n|\n|-weather|Snow|[upkeep]\n|upkeep\n|\n|t:|1700611282\n|switch|p2a: Quaquaval|Quaquaval, M|9\/100\n|turn|28\n|\n|t:|1700611285\n|switch|p1a: g2rald|Clodsire, F|100\/100\n|-damage|p1a: g2rald|94\/100|[from] Stealth Rock\n|move|p2a: Quaquaval|Aqua Step|p1a: g2rald\n|-heal|p1a: g2rald|100\/100|[from] ability: Water Absorb|[of] p2a: Quaquaval\n|\n|-weather|none\n|upkeep\n|turn|29\n|\n|t:|1700611292\n|switch|p2a: Gholdengo|Gholdengo|73\/100\n|move|p1a: g2rald|Stealth Rock|p2a: Gholdengo\n|-sidestart|p2: Nuttyr|move: Stealth Rock\n|\n|upkeep\n|turn|30\n|\n|t:|1700611297\n|move|p2a: Gholdengo|Shadow Ball|p1a: g2rald\n|-damage|p1a: g2rald|68\/100\n|move|p1a: g2rald|Earthquake|p2a: Gholdengo\n|-supereffective|p2a: Gholdengo\n|-damage|p2a: Gholdengo|7\/100\n|\n|upkeep\n|turn|31\n|l| Wha1efish\n|\n|t:|1700611311\n|move|p2a: Gholdengo|Trick|p1a: g2rald\n|-activate|p2a: Gholdengo|move: Trick|[of] p1a: g2rald\n|-item|p1a: g2rald|Heavy-Duty Boots|[from] move: Trick\n|-item|p2a: Gholdengo|Rocky Helmet|[from] move: Trick\n|move|p1a: g2rald|Recover|p1a: g2rald\n|-heal|p1a: g2rald|100\/100\n|\n|upkeep\n|turn|32\n|\n|t:|1700611321\n|move|p2a: Gholdengo|Shadow Ball|p1a: g2rald\n|-crit|p1a: g2rald\n|-damage|p1a: g2rald|51\/100\n|-unboost|p1a: g2rald|spd|1\n|move|p1a: g2rald|Earthquake|p2a: Gholdengo\n|-supereffective|p2a: Gholdengo\n|-damage|p2a: Gholdengo|0 fnt\n|faint|p2a: Gholdengo\n|\n|upkeep\n|\n|t:|1700611337\n|switch|p2a: Garganacl|Garganacl, F, tera:Water|100\/100\n|-damage|p2a: Garganacl|88\/100|[from] Stealth Rock\n|turn|33\n|\n|t:|1700611356\n|switch|p1a: bullpucky|Tauros-Paldea-Blaze, M|11\/100\n|-damage|p1a: bullpucky|0 fnt|[from] Stealth Rock\n|faint|p1a: bullpucky\n|move|p2a: Garganacl|Iron Defense|p2a: Garganacl\n|-boost|p2a: Garganacl|def|2\n|\n|upkeep\n|\n|t:|1700611361\n|switch|p1a: justin jefferson|Frosmoth, F, tera:Ground|61\/100\n|-damage|p1a: justin jefferson|55\/100|[from] Stealth Rock\n|turn|34\n|\n|t:|1700611366\n|move|p1a: justin jefferson|Giga Drain|p2a: Garganacl\n|-supereffective|p2a: Garganacl\n|-crit|p2a: Garganacl\n|-damage|p2a: Garganacl|40\/100\n|-heal|p1a: justin jefferson|90\/100|[from] drain|[of] p2a: Garganacl\n|move|p2a: Garganacl|Salt Cure|p1a: justin jefferson\n|-resisted|p1a: justin jefferson\n|-damage|p1a: justin jefferson|77\/100\n|-start|p1a: justin jefferson|Salt Cure\n|\n|-damage|p1a: justin jefferson|65\/100|[from] Salt Cure\n|upkeep\n|turn|35\n|\n|t:|1700611377\n|move|p1a: justin jefferson|Giga Drain|p2a: Garganacl\n|-supereffective|p2a: Garganacl\n|-damage|p2a: Garganacl|6\/100\n|-heal|p1a: justin jefferson|89\/100|[from] drain|[of] p2a: Garganacl\n|move|p2a: Garganacl|Recover|p2a: Garganacl\n|-heal|p2a: Garganacl|56\/100\n|\n|-damage|p1a: justin jefferson|77\/100|[from] Salt Cure\n|upkeep\n|turn|36\n|\n|t:|1700611385\n|move|p1a: justin jefferson|Giga Drain|p2a: Garganacl\n|-supereffective|p2a: Garganacl\n|-damage|p2a: Garganacl|20\/100\n|-heal|p1a: justin jefferson|100\/100|[from] drain|[of] p2a: Garganacl\n|move|p2a: Garganacl|Recover|p2a: Garganacl\n|-heal|p2a: Garganacl|70\/100\n|\n|-damage|p1a: justin jefferson|88\/100|[from] Salt Cure\n|upkeep\n|turn|37\n|\n|t:|1700611403\n|switch|p1a: g2rald|Clodsire, F|51\/100\n|switch|p2a: Quaquaval|Quaquaval, M|9\/100\n|-damage|p2a: Quaquaval|2\/100|[from] Stealth Rock\n|\n|upkeep\n|turn|38\n|\n|t:|1700611411\n|move|p2a: Quaquaval|Close Combat|p1a: g2rald\n|-resisted|p1a: g2rald\n|-damage|p1a: g2rald|29\/100\n|-unboost|p2a: Quaquaval|def|1\n|-unboost|p2a: Quaquaval|spd|1\n|move|p1a: g2rald|Recover|p1a: g2rald\n|-heal|p1a: g2rald|79\/100\n|\n|upkeep\n|turn|39\n|\n|t:|1700611424\n|move|p2a: Quaquaval|Rapid Spin|p1a: g2rald\n|-damage|p1a: g2rald|68\/100\n|-boost|p2a: Quaquaval|spe|1\n|-sideend|p2: Nuttyr|Stealth Rock|[from] move: Rapid Spin|[of] p2a: Quaquaval\n|move|p1a: g2rald|Toxic|p2a: Quaquaval\n|-status|p2a: Quaquaval|tox\n|\n|-damage|p2a: Quaquaval|0 fnt|[from] psn\n|faint|p2a: Quaquaval\n|upkeep\n|\n|t:|1700611434\n|switch|p2a: Samurott|Samurott-Hisui, F|69\/100 frz\n|turn|40\n|\n|t:|1700611443\n|cant|p2a: Samurott|frz\n|move|p1a: g2rald|Stealth Rock|p2a: Samurott\n|-sidestart|p2: Nuttyr|move: Stealth Rock\n|\n|upkeep\n|turn|41\n|\n|t:|1700611448\n|cant|p2a: Samurott|frz\n|move|p1a: g2rald|Earthquake|p2a: Samurott\n|-damage|p2a: Samurott|37\/100 frz\n|\n|upkeep\n|turn|42\n|\n|t:|1700611453\n|cant|p2a: Samurott|frz\n|move|p1a: g2rald|Earthquake|p2a: Samurott\n|-damage|p2a: Samurott|4\/100 frz\n|\n|upkeep\n|turn|43\n|\n|t:|1700611455\n|cant|p2a: Samurott|frz\n|move|p1a: g2rald|Earthquake|p2a: Samurott\n|-damage|p2a: Samurott|0 fnt\n|faint|p2a: Samurott\n|\n|upkeep\n|\n|t:|1700611459\n|switch|p2a: Garganacl|Garganacl, F, tera:Water|70\/100\n|-damage|p2a: Garganacl|58\/100|[from] Stealth Rock\n|turn|44\n|\n|t:|1700611464\n|switch|p1a: justin jefferson|Frosmoth, F, tera:Ground|88\/100\n|-damage|p1a: justin jefferson|82\/100|[from] Stealth Rock\n|move|p2a: Garganacl|Salt Cure|p1a: justin jefferson\n|-resisted|p1a: justin jefferson\n|-damage|p1a: justin jefferson|69\/100\n|-start|p1a: justin jefferson|Salt Cure\n|\n|-damage|p1a: justin jefferson|57\/100|[from] Salt Cure\n|upkeep\n|turn|45\n|\n|t:|1700611471\n|switch|p2a: Masquerain|Masquerain, M|100\/100\n|-damage|p2a: Masquerain|50\/100|[from] Stealth Rock\n|-ability|p2a: Masquerain|Intimidate|boost\n|-unboost|p1a: justin jefferson|atk|1\n|move|p1a: justin jefferson|Giga Drain|p2a: Masquerain\n|-resisted|p2a: Masquerain\n|-damage|p2a: Masquerain|41\/100\n|-heal|p1a: justin jefferson|61\/100|[from] drain|[of] p2a: Masquerain\n|\n|-damage|p1a: justin jefferson|49\/100|[from] Salt Cure\n|upkeep\n|turn|46\n|\n|t:|1700611478\n|switch|p1a: g2rald|Clodsire, F|68\/100\n|move|p2a: Masquerain|Quiver Dance|p2a: Masquerain\n|-boost|p2a: Masquerain|spa|1\n|-boost|p2a: Masquerain|spd|1\n|-boost|p2a: Masquerain|spe|1\n|\n|upkeep\n|turn|47\n|\n|t:|1700611493\n|move|p2a: Masquerain|Air Slash|p1a: g2rald\n|-damage|p1a: g2rald|30\/100\n|cant|p1a: g2rald|flinch\n|\n|upkeep\n|turn|48\n|\n|t:|1700611500\n|move|p2a: Masquerain|Air Slash|p1a: g2rald\n|-damage|p1a: g2rald|0 fnt\n|faint|p1a: g2rald\n|\n|upkeep\n|\n|t:|1700611502\n|switch|p1a: justin jefferson|Frosmoth, F, tera:Ground|49\/100\n|-damage|p1a: justin jefferson|43\/100|[from] Stealth Rock\n|turn|49\n|\n|t:|1700611512\n|move|p2a: Masquerain|Air Slash|p1a: justin jefferson\n|-damage|p1a: justin jefferson|8\/100\n|cant|p1a: justin jefferson|flinch\n|\n|upkeep\n|turn|50\n|\n|t:|1700611520\n|move|p2a: Masquerain|Air Slash|p1a: justin jefferson\n|-damage|p1a: justin jefferson|0 fnt\n|faint|p1a: justin jefferson\n|\n|win|Nuttyr\n","uploadtime":1700611526,"views":5,"p1id":"rustygoomba","p2id":"nuttyr","formatid":"gen9ubers","rating":0,"private":0,"password":""}