{"id":"gen9ubers-1998005508","p1":"estebansino","p2":"jjthenbk9","format":"[Gen 9] Ubers","log":"|j|\u2606estebansino\n|j|\u2606jjthenbk9\n|t:|1700877991\n|gametype|singles\n|player|p1|estebansino|266|1047\n|player|p2|jjthenbk9|101|1000\n|teamsize|p1|6\n|teamsize|p2|6\n|gen|9\n|tier|[Gen 9] Ubers\n|rated|\n|rule|Sleep Clause Mod: Limit one foe put to sleep\n|rule|Species Clause: Limit one of each Pok\u00e9mon\n|rule|OHKO Clause: OHKO moves are banned\n|rule|Evasion Items Clause: Evasion items are banned\n|rule|Evasion Moves Clause: Evasion moves are banned\n|rule|Endless Battle Clause: Forcing endless battles is banned\n|rule|HP Percentage Mod: HP is shown in percentages\n|clearpoke\n|poke|p1|Iron Moth|\n|poke|p1|Kommo-o, F|\n|poke|p1|Kingambit, F|\n|poke|p1|Toxapex, M|\n|poke|p1|Ting-Lu|\n|poke|p1|Regieleki|\n|poke|p2|Arceus-Water|\n|poke|p2|Greninja-*, M|\n|poke|p2|Diglett, F|\n|poke|p2|Regieleki|\n|poke|p2|Zamazenta-*|\n|poke|p2|Zacian-*|\n|teampreview\n|inactive|Battle timer is ON: inactive players will automatically lose when time's up. (requested by jjthenbk9)\n|\n|t:|1700878006\n|start\n|switch|p1a: Regieleki|Regieleki|100\/100\n|switch|p2a: Greninja|Greninja, M|100\/100\n|-item|p1a: Regieleki|Air Balloon\n|turn|1\n|\n|t:|1700878019\n|move|p1a: Regieleki|Thunder Wave|p2a: Greninja\n|-status|p2a: Greninja|par\n|move|p2a: Greninja|Gunk Shot|p1a: Regieleki\n|-damage|p1a: Regieleki|44\/100\n|-enditem|p1a: Regieleki|Air Balloon\n|\n|upkeep\n|turn|2\n|\n|t:|1700878035\n|move|p1a: Regieleki|Volt Switch|p2a: Greninja\n|-supereffective|p2a: Greninja\n|-damage|p2a: Greninja|0 fnt\n|faint|p2a: Greninja\n|\n|t:|1700878044\n|switch|p1a: Kingambit|Kingambit, F|100\/100|[from] Volt Switch\n|\n|upkeep\n|\n|t:|1700878051\n|switch|p2a: Zamazenta|Zamazenta-Crowned|100\/100\n|-ability|p2a: Zamazenta|Dauntless Shield|boost\n|-boost|p2a: Zamazenta|def|1\n|turn|3\n|\n|t:|1700878059\n|move|p2a: Zamazenta|Close Combat|p1a: Kingambit\n|-supereffective|p1a: Kingambit\n|-enditem|p1a: Kingambit|Focus Sash\n|-damage|p1a: Kingambit|1\/100\n|-unboost|p2a: Zamazenta|def|1\n|-unboost|p2a: Zamazenta|spd|1\n|move|p1a: Kingambit|Zen Headbutt|p2a: Zamazenta\n|-damage|p2a: Zamazenta|81\/100\n|\n|upkeep\n|turn|4\n|\n|t:|1700878072\n|move|p2a: Zamazenta|Crunch|p1a: Kingambit\n|-resisted|p1a: Kingambit\n|-damage|p1a: Kingambit|0 fnt\n|faint|p1a: Kingambit\n|\n|upkeep\n|\n|t:|1700878080\n|switch|p1a: Regieleki|Regieleki|44\/100\n|turn|5\n|\n|t:|1700878090\n|move|p1a: Regieleki|Thunder Wave|p2a: Zamazenta\n|-status|p2a: Zamazenta|par\n|move|p2a: Zamazenta|Close Combat|p1a: Regieleki\n|-damage|p1a: Regieleki|0 fnt\n|-unboost|p2a: Zamazenta|def|1\n|-unboost|p2a: Zamazenta|spd|1\n|faint|p1a: Regieleki\n|\n|upkeep\n|\n|t:|1700878099\n|switch|p1a: Toxapex|Toxapex, M|100\/100\n|turn|6\n|\n|t:|1700878117\n|move|p2a: Zamazenta|Close Combat|p1a: Toxapex\n|-resisted|p1a: Toxapex\n|-damage|p1a: Toxapex|78\/100\n|-unboost|p2a: Zamazenta|def|1\n|-unboost|p2a: Zamazenta|spd|1\n|move|p1a: Toxapex|Lunge|p2a: Zamazenta\n|-resisted|p2a: Zamazenta\n|-damage|p2a: Zamazenta|77\/100 par\n|-unboost|p2a: Zamazenta|atk|1\n|\n|-heal|p1a: Toxapex|84\/100|[from] item: Leftovers\n|upkeep\n|turn|7\n|\n|t:|1700878130\n|move|p2a: Zamazenta|Behemoth Bash|p1a: Toxapex\n|-resisted|p1a: Toxapex\n|-damage|p1a: Toxapex|72\/100\n|move|p1a: Toxapex|Hydro Pump|p2a: Zamazenta\n|-damage|p2a: Zamazenta|31\/100 par\n|\n|-heal|p1a: Toxapex|78\/100|[from] item: Leftovers\n|upkeep\n|turn|8\n|\n|t:|1700878143\n|move|p2a: Zamazenta|Hyper Voice|p1a: Toxapex\n|-damage|p1a: Toxapex|59\/100\n|move|p1a: Toxapex|Hydro Pump|p2a: Zamazenta\n|-damage|p2a: Zamazenta|0 fnt\n|faint|p2a: Zamazenta\n|\n|-heal|p1a: Toxapex|65\/100|[from] item: Leftovers\n|upkeep\n|\n|t:|1700878151\n|switch|p2a: Regieleki|Regieleki|100\/100\n|-item|p2a: Regieleki|Air Balloon\n|turn|9\n|\n|t:|1700878162\n|move|p1a: Toxapex|Baneful Bunker|p1a: Toxapex\n|-singleturn|p1a: Toxapex|move: Protect\n|move|p2a: Regieleki|Thunder|p1a: Toxapex\n|-activate|p1a: Toxapex|move: Protect\n|\n|-heal|p1a: Toxapex|71\/100|[from] item: Leftovers\n|upkeep\n|turn|10\n|\n|t:|1700878170\n|move|p1a: Toxapex|Baneful Bunker||[still]\n|-fail|p1a: Toxapex\n|move|p2a: Regieleki|Thunder|p1a: Toxapex\n|-supereffective|p1a: Toxapex\n|-damage|p1a: Toxapex|0 fnt\n|faint|p1a: Toxapex\n|\n|upkeep\n|\n|t:|1700878177\n|switch|p1a: Ting-Lu|Ting-Lu|100\/100\n|-ability|p1a: Ting-Lu|Vessel of Ruin\n|turn|11\n|\n|t:|1700878185\n|move|p2a: Regieleki|Acrobatics|p1a: Ting-Lu\n|-damage|p1a: Ting-Lu|93\/100\n|move|p1a: Ting-Lu|Dark Pulse|p2a: Regieleki\n|-damage|p2a: Regieleki|71\/100\n|-enditem|p2a: Regieleki|Air Balloon\n|\n|upkeep\n|turn|12\n|\n|t:|1700878198\n|move|p2a: Regieleki|Acrobatics|p1a: Ting-Lu\n|-damage|p1a: Ting-Lu|80\/100\n|move|p1a: Ting-Lu|Earthquake|p2a: Regieleki\n|-supereffective|p2a: Regieleki\n|-damage|p2a: Regieleki|0 fnt\n|faint|p2a: Regieleki\n|\n|upkeep\n|\n|t:|1700878205\n|switch|p2a: Arceus|Arceus-Water|100\/100\n|turn|13\n|\n|t:|1700878218\n|-terastallize|p1a: Ting-Lu|Dark\n|move|p2a: Arceus|Draco Meteor|p1a: Ting-Lu\n|-damage|p1a: Ting-Lu|56\/100\n|-unboost|p2a: Arceus|spa|2\n|move|p1a: Ting-Lu|Dark Pulse|p2a: Arceus\n|-damage|p2a: Arceus|79\/100\n|\n|upkeep\n|turn|14\n|\n|t:|1700878232\n|move|p2a: Arceus|Extreme Speed|p1a: Ting-Lu\n|-damage|p1a: Ting-Lu|42\/100\n|move|p1a: Ting-Lu|Hex|p2a: Arceus\n|-damage|p2a: Arceus|71\/100\n|\n|upkeep\n|turn|15\n|\n|t:|1700878240\n|move|p2a: Arceus|Draco Meteor|p1a: Ting-Lu\n|-damage|p1a: Ting-Lu|31\/100\n|-unboost|p2a: Arceus|spa|2\n|move|p1a: Ting-Lu|Dark Pulse|p2a: Arceus\n|-crit|p2a: Arceus\n|-damage|p2a: Arceus|40\/100\n|\n|upkeep\n|turn|16\n|\n|t:|1700878248\n|move|p2a: Arceus|Draco Meteor|p1a: Ting-Lu\n|-damage|p1a: Ting-Lu|23\/100\n|-unboost|p2a: Arceus|spa|2\n|move|p1a: Ting-Lu|Dark Pulse|p2a: Arceus\n|-damage|p2a: Arceus|22\/100\n|\n|upkeep\n|turn|17\n|\n|t:|1700878257\n|move|p2a: Arceus|Facade|p1a: Ting-Lu\n|-damage|p1a: Ting-Lu|12\/100\n|move|p1a: Ting-Lu|Dark Pulse|p2a: Arceus\n|-damage|p2a: Arceus|2\/100\n|\n|upkeep\n|turn|18\n|\n|t:|1700878264\n|move|p2a: Arceus|Facade|p1a: Ting-Lu\n|-damage|p1a: Ting-Lu|0 fnt\n|faint|p1a: Ting-Lu\n|\n|upkeep\n|\n|t:|1700878275\n|switch|p1a: Kommo-o|Kommo-o, F|100\/100\n|turn|19\n|\n|t:|1700878282\n|move|p2a: Arceus|Draco Meteor|p1a: Kommo-o\n|-supereffective|p1a: Kommo-o\n|-damage|p1a: Kommo-o|83\/100\n|move|p1a: Kommo-o|Shadow Claw|p2a: Arceus\n|-damage|p2a: Arceus|0 fnt\n|faint|p2a: Arceus\n|\n|upkeep\n|\n|t:|1700878294\n|switch|p2a: Diglett|Diglett, F|100\/100\n|turn|20\n|\n|t:|1700878302\n|move|p2a: Diglett|Earthquake|p1a: Kommo-o\n|-damage|p1a: Kommo-o|63\/100\n|-enditem|p1a: Kommo-o|Kee Berry|[eat]\n|-boost|p1a: Kommo-o|def|1|[from] item: Kee Berry\n|move|p1a: Kommo-o|Dragon Dance|p1a: Kommo-o\n|-boost|p1a: Kommo-o|atk|1\n|-boost|p1a: Kommo-o|spe|1\n|\n|upkeep\n|turn|21\n|\n|t:|1700878322\n|move|p1a: Kommo-o|Close Combat|p2a: Diglett\n|-enditem|p2a: Diglett|Focus Sash\n|-damage|p2a: Diglett|1\/100\n|-unboost|p1a: Kommo-o|def|1\n|-unboost|p1a: Kommo-o|spd|1\n|move|p2a: Diglett|Earthquake|p1a: Kommo-o\n|-damage|p1a: Kommo-o|44\/100\n|\n|upkeep\n|turn|22\n|\n|t:|1700878340\n|move|p1a: Kommo-o|Shadow Claw|p2a: Diglett\n|-damage|p2a: Diglett|0 fnt\n|faint|p2a: Diglett\n|\n|upkeep\n|\n|t:|1700878345\n|switch|p2a: Zacian|Zacian-Crowned|100\/100\n|-ability|p2a: Zacian|Intrepid Sword|boost\n|-boost|p2a: Zacian|atk|1\n|turn|23\n|\n|t:|1700878360\n|move|p1a: Kommo-o|Shadow Claw|p2a: Zacian\n|-damage|p2a: Zacian|77\/100\n|move|p2a: Zacian|Dazzling Gleam|p1a: Kommo-o\n|-supereffective|p1a: Kommo-o\n|-damage|p1a: Kommo-o|0 fnt\n|faint|p1a: Kommo-o\n|\n|upkeep\n|\n|t:|1700878367\n|switch|p1a: Iron Moth|Iron Moth|100\/100\n|turn|24\n|\n|t:|1700878382\n|move|p2a: Zacian|Psychic Fangs|p1a: Iron Moth\n|-supereffective|p1a: Iron Moth\n|-damage|p1a: Iron Moth|0 fnt\n|faint|p1a: Iron Moth\n|-end|p1a: Iron Moth|Quark Drive|[silent]\n|\n|win|jjthenbk9\n|raw|estebansino's rating: 1047 &rarr; <strong>1028<\/strong><br \/>(-19 for losing)\n|raw|jjthenbk9's rating: 1000 &rarr; <strong>1045<\/strong><br \/>(+45 for winning)\n|c|\u2606estebansino|gg\n|c|\u2606estebansino|so close\n|l|\u2606jjthenbk9\n","uploadtime":1700878426,"views":1,"p1id":"estebansino","p2id":"jjthenbk9","formatid":"gen9ubers","rating":1028,"private":0,"password":""}