{"id":"gen9ubers-1980929697","p1":"RedZerahBr","p2":"Playermaybe?","format":"[Gen 9] Ubers","log":"|j|\u2606RedZerahBr\n|j|\u2606Playermaybe?\n|t:|1698849869\n|gametype|singles\n|player|p1|RedZerahBr|1|1144\n|player|p2|Playermaybe?|170|1165\n|teamsize|p1|6\n|teamsize|p2|6\n|gen|9\n|tier|[Gen 9] Ubers\n|rated|\n|rule|Sleep Clause Mod: Limit one foe put to sleep\n|rule|Species Clause: Limit one of each Pok\u00e9mon\n|rule|OHKO Clause: OHKO moves are banned\n|rule|Evasion Items Clause: Evasion items are banned\n|rule|Evasion Moves Clause: Evasion moves are banned\n|rule|Endless Battle Clause: Forcing endless battles is banned\n|rule|HP Percentage Mod: HP is shown in percentages\n|clearpoke\n|poke|p1|Baxcalibur, M|\n|poke|p1|Annihilape, F|\n|poke|p1|Miraidon|\n|poke|p1|Zacian-*|\n|poke|p1|Iron Bundle|\n|poke|p1|Mewtwo|\n|poke|p2|Arceus|\n|poke|p2|Regieleki|\n|poke|p2|Giratina-Origin|\n|poke|p2|Iron Bundle|\n|poke|p2|Miraidon|\n|poke|p2|Baxcalibur, F|\n|teampreview\n|\n|t:|1698849878\n|start\n|switch|p1a: Baxcalibur|Baxcalibur, M|100\/100\n|switch|p2a: Arceus|Arceus|100\/100\n|turn|1\n|\n|t:|1698849887\n|-terastallize|p1a: Baxcalibur|Fairy\n|move|p2a: Arceus|Substitute|p2a: Arceus\n|-start|p2a: Arceus|Substitute\n|-damage|p2a: Arceus|76\/100\n|move|p1a: Baxcalibur|Swords Dance|p1a: Baxcalibur\n|-boost|p1a: Baxcalibur|atk|2\n|\n|upkeep\n|turn|2\n|\n|t:|1698849901\n|move|p2a: Arceus|Swords Dance|p2a: Arceus\n|-boost|p2a: Arceus|atk|2\n|move|p1a: Baxcalibur|Scale Shot|p2a: Arceus\n|-activate|p2a: Arceus|move: Substitute|[damage]\n|-end|p2a: Arceus|Substitute\n|-damage|p2a: Arceus|53\/100\n|-damage|p2a: Arceus|31\/100\n|-damage|p2a: Arceus|7\/100\n|-hitcount|p2a: Arceus|5\n|-unboost|p1a: Baxcalibur|def|1\n|-boost|p1a: Baxcalibur|spe|1\n|\n|upkeep\n|turn|3\n|\n|t:|1698849918\n|move|p2a: Arceus|Extreme Speed|p1a: Baxcalibur\n|-damage|p1a: Baxcalibur|0 fnt\n|faint|p1a: Baxcalibur\n|-damage|p2a: Arceus|0 fnt|[from] item: Life Orb\n|faint|p2a: Arceus\n|\n|upkeep\n|\n|t:|1698849943\n|switch|p2a: Miraidon|Miraidon|100\/100\n|switch|p1a: Annihilape|Annihilape, F|100\/100\n|-fieldstart|move: Electric Terrain|[from] ability: Hadron Engine|[of] p2a: Miraidon\n|turn|4\n|inactive|Battle timer is ON: inactive players will automatically lose when time's up. (requested by Playermaybe?)\n|\n|t:|1698849957\n|move|p2a: Miraidon|Electro Drift|p1a: Annihilape\n|-damage|p1a: Annihilape|15\/100\n|move|p1a: Annihilape|Rage Fist|p2a: Miraidon\n|-crit|p2a: Miraidon\n|-damage|p2a: Miraidon|43\/100\n|\n|upkeep\n|turn|5\n|\n|t:|1698849966\n|move|p2a: Miraidon|Electro Drift|p1a: Annihilape\n|-damage|p1a: Annihilape|0 fnt\n|faint|p1a: Annihilape\n|\n|upkeep\n|\n|t:|1698849974\n|switch|p1a: Miraidon|Miraidon|100\/100\n|-activate|p1a: Miraidon|ability: Hadron Engine\n|turn|6\n|\n|t:|1698849980\n|switch|p2a: Giratina|Giratina-Origin|100\/100\n|move|p1a: Miraidon|Dazzling Gleam|p2a: Giratina\n|-supereffective|p2a: Giratina\n|-crit|p2a: Giratina\n|-damage|p2a: Giratina|0 fnt\n|faint|p2a: Giratina\n|\n|upkeep\n|\n|t:|1698849987\n|switch|p2a: Baxcalibur|Baxcalibur, F|100\/100\n|turn|7\n|\n|t:|1698849996\n|-terastallize|p2a: Baxcalibur|Steel\n|move|p1a: Miraidon|Dazzling Gleam|p2a: Baxcalibur\n|-resisted|p2a: Baxcalibur\n|-damage|p2a: Baxcalibur|70\/100\n|move|p2a: Baxcalibur|Dragon Dance|p2a: Baxcalibur\n|-boost|p2a: Baxcalibur|atk|1\n|-boost|p2a: Baxcalibur|spe|1\n|\n|upkeep\n|turn|8\n|\n|t:|1698850017\n|switch|p1a: Mewtwo|Mewtwo|100\/100\n|-ability|p1a: Mewtwo|Unnerve\n|move|p2a: Baxcalibur|Dragon Dance|p2a: Baxcalibur\n|-boost|p2a: Baxcalibur|atk|1\n|-boost|p2a: Baxcalibur|spe|1\n|\n|-fieldend|move: Electric Terrain\n|upkeep\n|turn|9\n|\n|t:|1698850026\n|move|p2a: Baxcalibur|Icicle Spear|p1a: Mewtwo\n|-damage|p1a: Mewtwo|70\/100\n|-damage|p1a: Mewtwo|37\/100\n|-damage|p1a: Mewtwo|7\/100\n|-damage|p1a: Mewtwo|0 fnt\n|faint|p1a: Mewtwo\n|-hitcount|p1: Mewtwo|4\n|\n|upkeep\n|\n|t:|1698850042\n|switch|p1a: Zacian|Zacian-Crowned|100\/100\n|-ability|p1a: Zacian|Intrepid Sword|boost\n|-boost|p1a: Zacian|atk|1\n|turn|10\n|\n|t:|1698850051\n|move|p2a: Baxcalibur|Icicle Spear|p1a: Zacian\n|-resisted|p1a: Zacian\n|-damage|p1a: Zacian|86\/100\n|-resisted|p1a: Zacian\n|-damage|p1a: Zacian|72\/100\n|-resisted|p1a: Zacian\n|-damage|p1a: Zacian|57\/100\n|-resisted|p1a: Zacian\n|-damage|p1a: Zacian|44\/100\n|-hitcount|p1a: Zacian|4\n|move|p1a: Zacian|Sacred Sword|p2a: Baxcalibur\n|-supereffective|p2a: Baxcalibur\n|-damage|p2a: Baxcalibur|0 fnt\n|faint|p2a: Baxcalibur\n|\n|upkeep\n|\n|t:|1698850063\n|switch|p2a: Miraidon|Miraidon|43\/100\n|-fieldstart|move: Electric Terrain|[from] ability: Hadron Engine|[of] p2a: Miraidon\n|turn|11\n|inactive|RedZerahBr has 120 seconds left.\n|\n|t:|1698850091\n|switch|p1a: Miraidon|Miraidon|100\/100\n|-activate|p1a: Miraidon|ability: Hadron Engine\n|move|p2a: Miraidon|Parabolic Charge|p1a: Miraidon\n|-resisted|p1a: Miraidon\n|-damage|p1a: Miraidon|86\/100\n|-heal|p2a: Miraidon|50\/100|[from] drain|[of] p1a: Miraidon\n|\n|upkeep\n|turn|12\n|inactive|RedZerahBr has 120 seconds left.\n|\n|t:|1698850105\n|switch|p2a: Regieleki|Regieleki|100\/100\n|move|p1a: Miraidon|Dazzling Gleam|p2a: Regieleki\n|-damage|p2a: Regieleki|0 fnt\n|faint|p2a: Regieleki\n|\n|upkeep\n|\n|t:|1698850111\n|switch|p2a: Iron Bundle|Iron Bundle|100\/100\n|-activate|p2a: Iron Bundle|ability: Quark Drive\n|-start|p2a: Iron Bundle|quarkdrivespe\n|turn|13\n|\n|t:|1698850119\n|move|p2a: Iron Bundle|Freeze-Dry|p1a: Miraidon\n|-supereffective|p1a: Miraidon\n|-damage|p1a: Miraidon|25\/100\n|move|p1a: Miraidon|Dazzling Gleam|p2a: Iron Bundle\n|-damage|p2a: Iron Bundle|0 fnt\n|faint|p2a: Iron Bundle\n|-end|p2a: Iron Bundle|Quark Drive|[silent]\n|\n|upkeep\n|\n|t:|1698850125\n|switch|p2a: Miraidon|Miraidon|50\/100\n|-activate|p2a: Miraidon|ability: Hadron Engine\n|turn|14\n|\n|t:|1698850130\n|move|p2a: Miraidon|Electro Drift|p1a: Miraidon\n|-resisted|p1a: Miraidon\n|-damage|p1a: Miraidon|4\/100\n|move|p1a: Miraidon|Dazzling Gleam|p2a: Miraidon\n|-supereffective|p2a: Miraidon\n|-damage|p2a: Miraidon|0 fnt\n|faint|p2a: Miraidon\n|\n|win|RedZerahBr\n|raw|RedZerahBr's rating: 1144 &rarr; <strong>1171<\/strong><br \/>(+27 for winning)\n|raw|Playermaybe?'s rating: 1165 &rarr; <strong>1138<\/strong><br \/>(-27 for losing)\n|l|\u2606Playermaybe?\n","uploadtime":1698850142,"views":12,"p1id":"redzerahbr","p2id":"playermaybe","formatid":"gen9ubers","rating":1138,"private":0,"password":""}