{"id":"gen9ubers-1969225600","p1":"ItsmeBlankKnight","p2":"TubeKnight","format":"[Gen 9] Ubers","log":"|j|\u2606ItsmeBlankKnight\n|j|\u2606TubeKnight\n|t:|1697502314\n|gametype|singles\n|player|p1|ItsmeBlankKnight|larry|\n|player|p2|TubeKnight|veteran|\n|teamsize|p1|6\n|teamsize|p2|6\n|gen|9\n|tier|[Gen 9] Ubers\n|rule|Sleep Clause Mod: Limit one foe put to sleep\n|rule|Species Clause: Limit one of each Pok\u00e9mon\n|rule|OHKO Clause: OHKO moves are banned\n|rule|Evasion Items Clause: Evasion items are banned\n|rule|Evasion Moves Clause: Evasion moves are banned\n|rule|Endless Battle Clause: Forcing endless battles is banned\n|rule|HP Percentage Mod: HP is shown in percentages\n|clearpoke\n|poke|p1|Zacian-*|\n|poke|p1|Torkoal, M|\n|poke|p1|Chi-Yu|\n|poke|p1|Volcarona, F|\n|poke|p1|Cyclizar, M|\n|poke|p1|Arceus-Fire|\n|poke|p2|Torterra, F|\n|poke|p2|Cyclizar, F|\n|poke|p2|Shaymin-Sky|\n|poke|p2|Dondozo, F|\n|poke|p2|Arceus-Poison|\n|poke|p2|Gholdengo|\n|teampreview\n|inactive|Battle timer is ON: inactive players will automatically lose when time's up. (requested by ItsmeBlankKnight)\n|inactive|TubeKnight has 270 seconds left.\n|\n|t:|1697502369\n|start\n|switch|p1a: Cyclizar|Cyclizar, M|100\/100\n|switch|p2a: Gholdengo|Gholdengo|100\/100\n|turn|1\n|\n|t:|1697502382\n|move|p1a: Cyclizar|Shed Tail|p1a: Cyclizar\n|-start|p1a: Cyclizar|Substitute|[from] move: Shed Tail\n|-damage|p1a: Cyclizar|50\/100\n|\n|t:|1697502385\n|switch|p1a: Chi-Yu|Chi-Yu|100\/100|[from] Shed Tail\n|-ability|p1a: Chi-Yu|Beads of Ruin\n|move|p2a: Gholdengo|Power Gem|p1a: Chi-Yu\n|-supereffective|p1a: Chi-Yu\n|-end|p1a: Chi-Yu|Substitute\n|\n|upkeep\n|turn|2\n|\n|t:|1697502397\n|switch|p2a: Dondozo|Dondozo, F, shiny|100\/100\n|move|p1a: Chi-Yu|Flamethrower|p2a: Dondozo\n|-resisted|p2a: Dondozo\n|-damage|p2a: Dondozo|66\/100\n|\n|-heal|p2a: Dondozo|72\/100|[from] item: Leftovers\n|upkeep\n|turn|3\n|\n|t:|1697502404\n|switch|p1a: Torkoal|Torkoal, M|100\/100\n|-weather|SunnyDay|[from] ability: Drought|[of] p1a: Torkoal\n|move|p2a: Dondozo|Yawn|p1a: Torkoal\n|-start|p1a: Torkoal|move: Yawn|[of] p2a: Dondozo\n|\n|-weather|SunnyDay|[upkeep]\n|-heal|p2a: Dondozo|78\/100|[from] item: Leftovers\n|upkeep\n|turn|4\n|\n|t:|1697502408\n|switch|p1a: Cyclizar|Cyclizar, M|84\/100\n|move|p2a: Dondozo|Protect||[still]\n|-fail|p2a: Dondozo\n|\n|-weather|SunnyDay|[upkeep]\n|-heal|p2a: Dondozo|84\/100|[from] item: Leftovers\n|upkeep\n|turn|5\n|\n|t:|1697502418\n|move|p1a: Cyclizar|Knock Off|p2a: Dondozo\n|-damage|p2a: Dondozo|76\/100\n|-enditem|p2a: Dondozo|Leftovers|[from] move: Knock Off|[of] p1a: Cyclizar\n|move|p2a: Dondozo|Wave Crash|p1a: Cyclizar\n|-resisted|p1a: Cyclizar\n|-damage|p1a: Cyclizar|70\/100\n|-damage|p2a: Dondozo|73\/100|[from] Recoil\n|\n|-weather|SunnyDay|[upkeep]\n|upkeep\n|turn|6\n|\n|t:|1697502430\n|switch|p1a: Torkoal|Torkoal, M|100\/100\n|move|p2a: Dondozo|Wave Crash|p1a: Torkoal\n|-supereffective|p1a: Torkoal\n|-damage|p1a: Torkoal|72\/100\n|-damage|p2a: Dondozo|67\/100|[from] Recoil\n|\n|-weather|SunnyDay|[upkeep]\n|upkeep\n|turn|7\n|\n|t:|1697502435\n|move|p2a: Dondozo|Protect|p2a: Dondozo\n|-singleturn|p2a: Dondozo|Protect\n|move|p1a: Torkoal|Will-O-Wisp|p2a: Dondozo\n|-activate|p2a: Dondozo|move: Protect\n|\n|-weather|SunnyDay|[upkeep]\n|upkeep\n|turn|8\n|\n|t:|1697502448\n|switch|p2a: Gholdengo|Gholdengo|100\/100\n|move|p1a: Torkoal|Will-O-Wisp|p2a: Gholdengo\n|-immune|p2a: Gholdengo|[from] ability: Good as Gold\n|\n|-weather|SunnyDay|[upkeep]\n|upkeep\n|turn|9\n|\n|t:|1697502455\n|switch|p2a: Dondozo|Dondozo, F, shiny|67\/100\n|move|p1a: Torkoal|Lava Plume|p2a: Dondozo\n|-resisted|p2a: Dondozo\n|-damage|p2a: Dondozo|50\/100\n|\n|-weather|SunnyDay|[upkeep]\n|upkeep\n|turn|10\n|\n|t:|1697502458\n|move|p2a: Dondozo|Protect|p2a: Dondozo\n|-singleturn|p2a: Dondozo|Protect\n|move|p1a: Torkoal|Stealth Rock|p2a: Dondozo\n|-sidestart|p2: TubeKnight|move: Stealth Rock\n|\n|-weather|none\n|upkeep\n|turn|11\n|\n|t:|1697502462\n|switch|p2a: Cyclizar|Cyclizar, F, shiny|100\/100\n|move|p1a: Torkoal|Lava Plume|p2a: Cyclizar\n|-resisted|p2a: Cyclizar\n|-damage|p2a: Cyclizar|82\/100\n|-status|p2a: Cyclizar|brn\n|\n|-damage|p2a: Cyclizar|76\/100 brn|[from] brn\n|upkeep\n|turn|12\n|\n|t:|1697502468\n|switch|p1a: Cyclizar|Cyclizar, M|100\/100\n|move|p2a: Cyclizar|Rapid Spin|p1a: Cyclizar\n|-damage|p1a: Cyclizar|88\/100\n|-boost|p2a: Cyclizar|spe|1\n|-sideend|p2: TubeKnight|Stealth Rock|[from] move: Rapid Spin|[of] p2a: Cyclizar\n|\n|-damage|p2a: Cyclizar|70\/100 brn|[from] brn\n|upkeep\n|turn|13\n|\n|t:|1697502471\n|move|p1a: Cyclizar|Shed Tail|p1a: Cyclizar\n|-start|p1a: Cyclizar|Substitute|[from] move: Shed Tail\n|-damage|p1a: Cyclizar|38\/100\n|\n|t:|1697502474\n|switch|p1a: Chi-Yu|Chi-Yu|100\/100|[from] Shed Tail\n|-ability|p1a: Chi-Yu|Beads of Ruin\n|move|p2a: Cyclizar|Shed Tail|p2a: Cyclizar\n|-start|p2a: Cyclizar|Substitute|[from] move: Shed Tail\n|-damage|p2a: Cyclizar|20\/100 brn\n|c|\u2606TubeKnight|u scarf???\n|c|\u2606ItsmeBlankKnight|ye\n|c|\u2606TubeKnight|damn\n|inactive|TubeKnight has 270 seconds left.\n|\n|t:|1697502504\n|switch|p2a: Arceus|Arceus-Poison, shiny|100\/100|[from] Shed Tail\n|\n|upkeep\n|turn|14\n|inactive|ItsmeBlankKnight has 270 seconds left.\n|inactive|ItsmeBlankKnight has 240 seconds left.\n|\n|t:|1697502566\n|move|p1a: Chi-Yu|Flamethrower|p2a: Arceus\n|-end|p2a: Arceus|Substitute\n|move|p2a: Arceus|Calm Mind|p2a: Arceus\n|-boost|p2a: Arceus|spa|1\n|-boost|p2a: Arceus|spd|1\n|\n|upkeep\n|turn|15\n|\n|t:|1697502570\n|-terastallize|p1a: Chi-Yu|Fire\n|move|p1a: Chi-Yu|Flamethrower|p2a: Arceus\n|-damage|p2a: Arceus|57\/100\n|move|p2a: Arceus|Aura Sphere|p1a: Chi-Yu\n|-end|p1a: Chi-Yu|Substitute\n|\n|upkeep\n|turn|16\n|\n|t:|1697502578\n|switch|p1a: Zacian|Zacian|100\/100\n|-ability|p1a: Zacian|Intrepid Sword|boost\n|-boost|p1a: Zacian|atk|1\n|move|p2a: Arceus|Recover|p2a: Arceus\n|-heal|p2a: Arceus|100\/100\n|\n|upkeep\n|turn|17\n|\n|t:|1697502586\n|move|p1a: Zacian|Crunch|p2a: Arceus\n|-damage|p2a: Arceus|63\/100\n|move|p2a: Arceus|Judgment|p1a: Zacian\n|-supereffective|p1a: Zacian\n|-damage|p1a: Zacian|0 fnt\n|faint|p1a: Zacian\n|\n|upkeep\n|\n|t:|1697502590\n|switch|p1a: Chi-Yu|Chi-Yu, tera:Fire|100\/100\n|-ability|p1a: Chi-Yu|Beads of Ruin\n|turn|18\n|\n|t:|1697502600\n|move|p1a: Chi-Yu|Overheat|p2a: Arceus\n|-damage|p2a: Arceus|1\/100\n|-unboost|p1a: Chi-Yu|spa|2\n|move|p2a: Arceus|Recover|p2a: Arceus\n|-heal|p2a: Arceus|51\/100\n|\n|upkeep\n|turn|19\n|c|\u2606TubeKnight|lol\n|\n|t:|1697502607\n|switch|p1a: Volcarona|Volcarona, F|100\/100\n|move|p2a: Arceus|Recover|p2a: Arceus\n|-heal|p2a: Arceus|100\/100\n|\n|upkeep\n|turn|20\n|\n|t:|1697502612\n|move|p1a: Volcarona|Quiver Dance|p1a: Volcarona\n|-boost|p1a: Volcarona|spa|1\n|-boost|p1a: Volcarona|spd|1\n|-boost|p1a: Volcarona|spe|1\n|move|p2a: Arceus|Calm Mind|p2a: Arceus\n|-boost|p2a: Arceus|spa|1\n|-boost|p2a: Arceus|spd|1\n|\n|upkeep\n|turn|21\n|\n|t:|1697502614\n|move|p1a: Volcarona|Quiver Dance|p1a: Volcarona\n|-boost|p1a: Volcarona|spa|1\n|-boost|p1a: Volcarona|spd|1\n|-boost|p1a: Volcarona|spe|1\n|move|p2a: Arceus|Judgment|p1a: Volcarona\n|-damage|p1a: Volcarona|31\/100\n|\n|upkeep\n|turn|22\n|\n|t:|1697502619\n|move|p1a: Volcarona|Morning Sun|p1a: Volcarona\n|-heal|p1a: Volcarona|81\/100\n|move|p2a: Arceus|Judgment|p1a: Volcarona\n|-damage|p1a: Volcarona|18\/100\n|\n|upkeep\n|turn|23\n|\n|t:|1697502622\n|move|p1a: Volcarona|Fiery Dance|p2a: Arceus\n|-damage|p2a: Arceus|77\/100\n|-boost|p1a: Volcarona|spa|1\n|move|p2a: Arceus|Judgment|p1a: Volcarona\n|-damage|p1a: Volcarona|0 fnt\n|faint|p1a: Volcarona\n|\n|upkeep\n|\n|t:|1697502626\n|switch|p1a: Arceus|Arceus-Fire|100\/100\n|turn|24\n|\n|t:|1697502633\n|switch|p1a: Torkoal|Torkoal, M|72\/100\n|-weather|SunnyDay|[from] ability: Drought|[of] p1a: Torkoal\n|move|p2a: Arceus|Calm Mind|p2a: Arceus\n|-boost|p2a: Arceus|spa|1\n|-boost|p2a: Arceus|spd|1\n|\n|-weather|SunnyDay|[upkeep]\n|upkeep\n|turn|25\n|\n|t:|1697502637\n|move|p2a: Arceus|Judgment|p1a: Torkoal\n|-crit|p1a: Torkoal\n|-damage|p1a: Torkoal|0 fnt\n|faint|p1a: Torkoal\n|\n|-weather|SunnyDay|[upkeep]\n|upkeep\n|\n|t:|1697502642\n|switch|p1a: Chi-Yu|Chi-Yu, tera:Fire|100\/100\n|-ability|p1a: Chi-Yu|Beads of Ruin\n|turn|26\n|c|\u2606TubeKnight|well torterra is supposed to sweep not arceus lol\n|\n|t:|1697502659\n|move|p1a: Chi-Yu|Overheat|p2a: Arceus\n|-damage|p2a: Arceus|21\/100\n|-unboost|p1a: Chi-Yu|spa|2\n|move|p2a: Arceus|Calm Mind|p2a: Arceus\n|-boost|p2a: Arceus|spa|1\n|-boost|p2a: Arceus|spd|1\n|\n|-weather|SunnyDay|[upkeep]\n|upkeep\n|turn|27\n|\n|t:|1697502664\n|move|p1a: Chi-Yu|Overheat|p2a: Arceus\n|-damage|p2a: Arceus|1\/100\n|-unboost|p1a: Chi-Yu|spa|2\n|move|p2a: Arceus|Recover|p2a: Arceus\n|-heal|p2a: Arceus|51\/100\n|\n|-weather|SunnyDay|[upkeep]\n|upkeep\n|turn|28\n|c|\u2606TubeKnight|LMAO\n|c|\u2606TubeKnight|no way\n|inactive|ItsmeBlankKnight has 270 seconds left.\n|c|\u2606ItsmeBlankKnight|test\n|\n|t:|1697502707\n|switch|p1a: Cyclizar|Cyclizar, M|71\/100\n|move|p2a: Arceus|Recover|p2a: Arceus\n|-heal|p2a: Arceus|100\/100\n|\n|-weather|SunnyDay|[upkeep]\n|upkeep\n|turn|29\n|\n|t:|1697502711\n|move|p1a: Cyclizar|Shed Tail|p1a: Cyclizar\n|-start|p1a: Cyclizar|Substitute|[from] move: Shed Tail\n|-damage|p1a: Cyclizar|21\/100\n|inactive|ItsmeBlankKnight has 270 seconds left.\n|\n|t:|1697502717\n|switch|p1a: Arceus|Arceus-Fire|100\/100|[from] Shed Tail\n|move|p2a: Arceus|Judgment|p1a: Arceus\n|-end|p1a: Arceus|Substitute\n|\n|-weather|SunnyDay|[upkeep]\n|upkeep\n|turn|30\n|\n|t:|1697502721\n|move|p2a: Arceus|Judgment|p1a: Arceus\n|-damage|p1a: Arceus|0 fnt\n|faint|p1a: Arceus\n|\n|-weather|SunnyDay|[upkeep]\n|upkeep\n|\n|t:|1697502726\n|switch|p1a: Chi-Yu|Chi-Yu, tera:Fire|100\/100\n|-ability|p1a: Chi-Yu|Beads of Ruin\n|turn|31\n|\n|t:|1697502729\n|move|p1a: Chi-Yu|Fire Blast|p2a: Arceus\n|-damage|p2a: Arceus|63\/100\n|move|p2a: Arceus|Judgment|p1a: Chi-Yu\n|-damage|p1a: Chi-Yu|0 fnt\n|faint|p1a: Chi-Yu\n|\n|-weather|none\n|upkeep\n|c|\u2606TubeKnight|3 fire moves?\n|-message|ItsmeBlankKnight forfeited.\n|\n|win|TubeKnight\n|c|\u2606TubeKnight|ggs\n","uploadtime":1697502744,"views":7,"p1id":"itsmeblankknight","p2id":"tubeknight","formatid":"gen9ubers","rating":0,"private":0,"password":""}