{"id":"gen9ubers-1998688871","p1":"JayHaro","p2":"howthef","format":"[Gen 9] Ubers","log":"|j|\u2606JayHaro\n|j|\u2606howthef\n|t:|1700972818\n|gametype|singles\n|player|p1|JayHaro|170|1143\n|player|p2|howthef|169|1146\n|teamsize|p1|6\n|teamsize|p2|6\n|gen|9\n|tier|[Gen 9] Ubers\n|rated|\n|rule|Sleep Clause Mod: Limit one foe put to sleep\n|rule|Species Clause: Limit one of each Pok\u00e9mon\n|rule|OHKO Clause: OHKO moves are banned\n|rule|Evasion Items Clause: Evasion items are banned\n|rule|Evasion Moves Clause: Evasion moves are banned\n|rule|Endless Battle Clause: Forcing endless battles is banned\n|rule|HP Percentage Mod: HP is shown in percentages\n|clearpoke\n|poke|p1|Zacian-*|\n|poke|p1|Arceus|\n|poke|p1|Flutter Mane|\n|poke|p1|Kyogre|\n|poke|p1|Glimmora, F|\n|poke|p1|Ting-Lu|\n|poke|p2|Lurantis, M|\n|poke|p2|Great Tusk|\n|poke|p2|Snorlax, F|\n|poke|p2|Koraidon|\n|poke|p2|Spectrier|\n|poke|p2|Cyclizar, F|\n|teampreview\n|\n|t:|1700972842\n|start\n|switch|p1a: Glimmora|Glimmora, F|100\/100\n|switch|p2a: Cyclizar|Cyclizar, F|100\/100\n|turn|1\n|\n|t:|1700972853\n|move|p2a: Cyclizar|Taunt|p1a: Glimmora\n|-start|p1a: Glimmora|move: Taunt\n|move|p1a: Glimmora|Earth Power|p2a: Cyclizar\n|-damage|p2a: Cyclizar|54\/100\n|\n|upkeep\n|turn|2\n|\n|t:|1700972864\n|move|p2a: Cyclizar|Shed Tail|p2a: Cyclizar\n|-start|p2a: Cyclizar|Substitute|[from] move: Shed Tail\n|-damage|p2a: Cyclizar|4\/100\n|\n|t:|1700972868\n|switch|p2a: Snorlax|Snorlax, F|100\/100|[from] Shed Tail\n|move|p1a: Glimmora|Mortal Spin|p2a: Snorlax\n|-activate|p2a: Snorlax|move: Substitute|[damage]\n|\n|upkeep\n|turn|3\n|\n|t:|1700972876\n|move|p1a: Glimmora|Earth Power|p2a: Snorlax\n|-end|p2a: Snorlax|Substitute\n|move|p2a: Snorlax|Belly Drum|p2a: Snorlax\n|-damage|p2a: Snorlax|50\/100\n|-setboost|p2a: Snorlax|atk|6|[from] move: Belly Drum\n|-enditem|p2a: Snorlax|Sitrus Berry|[eat]\n|-heal|p2a: Snorlax|75\/100|[from] item: Sitrus Berry\n|\n|-end|p1a: Glimmora|move: Taunt\n|upkeep\n|turn|4\n|\n|t:|1700972887\n|move|p1a: Glimmora|Mortal Spin|p2a: Snorlax\n|-damage|p2a: Snorlax|70\/100\n|-status|p2a: Snorlax|psn\n|move|p2a: Snorlax|Trailblaze|p1a: Glimmora\n|-damage|p1a: Glimmora|20\/100\n|-boost|p2a: Snorlax|spe|1\n|-activate|p1a: Glimmora|ability: Toxic Debris\n|-sidestart|p2: howthef|move: Toxic Spikes\n|\n|-damage|p2a: Snorlax|57\/100 psn|[from] psn\n|upkeep\n|turn|5\n|\n|t:|1700972902\n|move|p1a: Glimmora|Stealth Rock|p2a: Snorlax\n|-sidestart|p2: howthef|move: Stealth Rock\n|move|p2a: Snorlax|Trailblaze|p1a: Glimmora\n|-damage|p1a: Glimmora|0 fnt\n|-boost|p2a: Snorlax|spe|1\n|-activate|p1a: Glimmora|ability: Toxic Debris\n|-sidestart|p2: howthef|move: Toxic Spikes\n|faint|p1a: Glimmora\n|\n|-damage|p2a: Snorlax|45\/100 psn|[from] psn\n|upkeep\n|\n|t:|1700972927\n|switch|p1a: Arceus|Arceus|100\/100\n|turn|6\n|\n|t:|1700972935\n|-terastallize|p1a: Arceus|Normal\n|move|p1a: Arceus|Extreme Speed|p2a: Snorlax\n|-damage|p2a: Snorlax|0 fnt\n|faint|p2a: Snorlax\n|\n|upkeep\n|\n|t:|1700972940\n|switch|p2a: Cyclizar|Cyclizar, F|37\/100\n|-status|p2a: Cyclizar|tox\n|-damage|p2a: Cyclizar|25\/100 tox|[from] Stealth Rock\n|turn|7\n|\n|t:|1700972949\n|move|p1a: Arceus|Extreme Speed|p2a: Cyclizar\n|-damage|p2a: Cyclizar|0 fnt\n|faint|p2a: Cyclizar\n|\n|upkeep\n|\n|t:|1700972952\n|switch|p2a: Great Tusk|Great Tusk|100\/100\n|-status|p2a: Great Tusk|tox\n|-damage|p2a: Great Tusk|98\/100 tox|[from] Stealth Rock\n|turn|8\n|\n|t:|1700972974\n|switch|p1a: Ting-Lu|Ting-Lu|100\/100\n|-ability|p1a: Ting-Lu|Vessel of Ruin\n|move|p2a: Great Tusk|Rapid Spin|p1a: Ting-Lu\n|-damage|p1a: Ting-Lu|90\/100\n|-boost|p2a: Great Tusk|spe|1\n|-sideend|p2: howthef|Toxic Spikes|[from] move: Rapid Spin|[of] p2a: Great Tusk\n|-sideend|p2: howthef|Stealth Rock|[from] move: Rapid Spin|[of] p2a: Great Tusk\n|\n|-heal|p2a: Great Tusk|100\/100 tox|[from] item: Leftovers\n|-heal|p1a: Ting-Lu|96\/100|[from] item: Leftovers\n|-damage|p2a: Great Tusk|94\/100 tox|[from] psn\n|upkeep\n|turn|9\n|\n|t:|1700973000\n|move|p2a: Great Tusk|Close Combat|p1a: Ting-Lu\n|-supereffective|p1a: Ting-Lu\n|-damage|p1a: Ting-Lu|31\/100\n|-unboost|p2a: Great Tusk|def|1\n|-unboost|p2a: Great Tusk|spd|1\n|move|p1a: Ting-Lu|Ruination|p2a: Great Tusk\n|-damage|p2a: Great Tusk|47\/100 tox\n|\n|-heal|p2a: Great Tusk|54\/100 tox|[from] item: Leftovers\n|-heal|p1a: Ting-Lu|37\/100|[from] item: Leftovers\n|-damage|p2a: Great Tusk|41\/100 tox|[from] psn\n|upkeep\n|turn|10\n|\n|t:|1700973013\n|move|p2a: Great Tusk|Close Combat|p1a: Ting-Lu\n|-supereffective|p1a: Ting-Lu\n|-damage|p1a: Ting-Lu|0 fnt\n|-unboost|p2a: Great Tusk|def|1\n|-unboost|p2a: Great Tusk|spd|1\n|faint|p1a: Ting-Lu\n|\n|-heal|p2a: Great Tusk|47\/100 tox|[from] item: Leftovers\n|-damage|p2a: Great Tusk|29\/100 tox|[from] psn\n|upkeep\n|\n|t:|1700973023\n|switch|p1a: Flutter Mane|Flutter Mane|100\/100\n|-enditem|p1a: Flutter Mane|Booster Energy\n|-activate|p1a: Flutter Mane|ability: Protosynthesis|[fromitem]\n|-start|p1a: Flutter Mane|protosynthesisspe\n|turn|11\n|\n|t:|1700973032\n|move|p1a: Flutter Mane|Shadow Ball|p2a: Great Tusk\n|-damage|p2a: Great Tusk|0 fnt\n|faint|p2a: Great Tusk\n|-end|p2a: Great Tusk|Protosynthesis|[silent]\n|\n|upkeep\n|\n|t:|1700973037\n|switch|p2a: Lurantis|Lurantis, M|100\/100\n|turn|12\n|\n|t:|1700973046\n|move|p1a: Flutter Mane|Shadow Ball|p2a: Lurantis\n|-damage|p2a: Lurantis|66\/100\n|move|p2a: Lurantis|Knock Off|p1a: Flutter Mane\n|-damage|p1a: Flutter Mane|51\/100\n|\n|upkeep\n|turn|13\n|\n|t:|1700973053\n|move|p1a: Flutter Mane|Moonblast|p2a: Lurantis\n|-crit|p2a: Lurantis\n|-damage|p2a: Lurantis|15\/100\n|move|p2a: Lurantis|Knock Off|p1a: Flutter Mane\n|-damage|p1a: Flutter Mane|3\/100\n|\n|upkeep\n|turn|14\n|\n|t:|1700973060\n|move|p1a: Flutter Mane|Moonblast|p2a: Lurantis\n|-damage|p2a: Lurantis|0 fnt\n|faint|p2a: Lurantis\n|\n|upkeep\n|\n|t:|1700973062\n|switch|p2a: Koraidon|Koraidon|100\/100\n|-weather|SunnyDay|[from] ability: Orichalcum Pulse|[of] p2a: Koraidon\n|-activate|p2a: Koraidon|Orichalcum Pulse|[source]\n|turn|15\n|\n|t:|1700973072\n|-terastallize|p2a: Koraidon|Fighting\n|move|p1a: Flutter Mane|Moonblast|p2a: Koraidon\n|-supereffective|p2a: Koraidon\n|-damage|p2a: Koraidon|7\/100\n|-unboost|p2a: Koraidon|spa|1\n|move|p2a: Koraidon|Iron Head|p1a: Flutter Mane\n|-supereffective|p1a: Flutter Mane\n|-damage|p1a: Flutter Mane|0 fnt\n|faint|p1a: Flutter Mane\n|-end|p1a: Flutter Mane|Protosynthesis|[silent]\n|\n|-weather|SunnyDay|[upkeep]\n|upkeep\n|\n|t:|1700973085\n|switch|p1a: Arceus|Arceus, tera:Normal|100\/100\n|turn|16\n|\n|t:|1700973089\n|switch|p2a: Spectrier|Spectrier|100\/100\n|move|p1a: Arceus|Extreme Speed|p2a: Spectrier\n|-immune|p2a: Spectrier\n|\n|-weather|SunnyDay|[upkeep]\n|upkeep\n|turn|17\n|\n|t:|1700973097\n|move|p2a: Spectrier|Draining Kiss|p1a: Arceus\n|-damage|p1a: Arceus|88\/100\n|move|p1a: Arceus|Swords Dance|p1a: Arceus\n|-boost|p1a: Arceus|atk|2\n|\n|-weather|SunnyDay|[upkeep]\n|upkeep\n|turn|18\n|\n|t:|1700973104\n|move|p2a: Spectrier|Nasty Plot|p2a: Spectrier\n|-boost|p2a: Spectrier|spa|2\n|move|p1a: Arceus|Swords Dance|p1a: Arceus\n|-boost|p1a: Arceus|atk|2\n|\n|-weather|SunnyDay|[upkeep]\n|upkeep\n|turn|19\n|\n|t:|1700973112\n|move|p2a: Spectrier|Substitute|p2a: Spectrier\n|-start|p2a: Spectrier|Substitute\n|-damage|p2a: Spectrier|76\/100\n|move|p1a: Arceus|Earthquake|p2a: Spectrier\n|-end|p2a: Spectrier|Substitute\n|\n|-weather|none\n|-heal|p2a: Spectrier|82\/100|[from] item: Leftovers\n|upkeep\n|turn|20\n|\n|t:|1700973121\n|move|p2a: Spectrier|Draining Kiss|p1a: Arceus\n|-damage|p1a: Arceus|59\/100\n|-heal|p2a: Spectrier|100\/100|[from] drain|[of] p1a: Arceus\n|move|p1a: Arceus|Earthquake|p2a: Spectrier\n|-damage|p2a: Spectrier|0 fnt\n|faint|p2a: Spectrier\n|\n|upkeep\n|\n|t:|1700973124\n|switch|p2a: Koraidon|Koraidon, tera:Fighting|7\/100\n|-weather|SunnyDay|[from] ability: Orichalcum Pulse|[of] p2a: Koraidon\n|-activate|p2a: Koraidon|Orichalcum Pulse|[source]\n|turn|21\n|\n|t:|1700973134\n|move|p1a: Arceus|Extreme Speed|p2a: Koraidon\n|-damage|p2a: Koraidon|0 fnt\n|faint|p2a: Koraidon\n|\n|win|JayHaro\n|raw|JayHaro's rating: 1143 &rarr; <strong>1168<\/strong><br \/>(+25 for winning)\n|raw|howthef's rating: 1146 &rarr; <strong>1121<\/strong><br \/>(-25 for losing)\n|l|\u2606howthef\n","uploadtime":1700973145,"views":15,"p1id":"jayharo","p2id":"howthef","formatid":"gen9ubers","rating":1121,"private":0,"password":""}