{"id":"gen9ubers-1968331344","p1":"UUbers account","p2":"XpokVEVO","format":"[Gen 9] Ubers","log":"|j|\u2606UUbers account\n|j|\u2606XpokVEVO\n|t:|1697406932\n|gametype|singles\n|player|p1|UUbers account|shadowtriad|\n|player|p2|XpokVEVO|marshal|\n|teamsize|p1|6\n|teamsize|p2|6\n|gen|9\n|tier|[Gen 9] Ubers\n|rule|Sleep Clause Mod: Limit one foe put to sleep\n|rule|Species Clause: Limit one of each Pok\u00e9mon\n|rule|OHKO Clause: OHKO moves are banned\n|rule|Evasion Items Clause: Evasion items are banned\n|rule|Evasion Moves Clause: Evasion moves are banned\n|rule|Endless Battle Clause: Forcing endless battles is banned\n|rule|HP Percentage Mod: HP is shown in percentages\n|clearpoke\n|poke|p1|Basculegion-F, F|\n|poke|p1|Arceus-Dark|\n|poke|p1|Magearna|\n|poke|p1|Hatterene, F|\n|poke|p1|Chi-Yu|\n|poke|p1|Giratina|\n|poke|p2|Arceus-Fire|\n|poke|p2|Shaymin-Sky|\n|poke|p2|Cyclizar, F|\n|poke|p2|Espathra, F|\n|poke|p2|Magearna|\n|poke|p2|Urshifu-*, M|\n|teampreview\n|\n|t:|1697406961\n|start\n|switch|p1a: Chi-Yu|Chi-Yu|100\/100\n|switch|p2a: Cyclizar|Cyclizar, F|100\/100\n|-ability|p1a: Chi-Yu|Beads of Ruin\n|turn|1\n|\n|t:|1697406978\n|move|p1a: Chi-Yu|Dark Pulse|p2a: Cyclizar\n|-damage|p2a: Cyclizar|5\/100\n|-enditem|p2a: Cyclizar|Aguav Berry|[eat]\n|-heal|p2a: Cyclizar|38\/100|[from] item: Aguav Berry\n|cant|p2a: Cyclizar|flinch\n|\n|upkeep\n|turn|2\n|c|\u2606XpokVEVO|NO I CLI KED RSPIN\n|c|\u2606XpokVEVO|fuuuck\n|\n|t:|1697406988\n|move|p1a: Chi-Yu|Dark Pulse|p2a: Cyclizar\n|-damage|p2a: Cyclizar|0 fnt\n|faint|p2a: Cyclizar\n|\n|upkeep\n|c|\u2606UUbers account|you got flinched anyway\n|\n|t:|1697407000\n|switch|p2a: Magearna|Magearna|100\/100\n|turn|3\n|\n|t:|1697407005\n|switch|p1a: Hatterene|Hatterene, F|100\/100\n|move|p2a: Magearna|Shift Gear|p2a: Magearna\n|-boost|p2a: Magearna|spe|2\n|-boost|p2a: Magearna|atk|1\n|\n|upkeep\n|turn|4\n|\n|t:|1697407011\n|move|p2a: Magearna|Flash Cannon|p1a: Hatterene\n|-supereffective|p1a: Hatterene\n|-damage|p1a: Hatterene|15\/100\n|-enditem|p1a: Hatterene|Eject Button\n|-damage|p2a: Magearna|91\/100|[from] item: Life Orb\n|c|\u2606XpokVEVO|What\n|\n|t:|1697407031\n|switch|p1a: Chi-Yu|Chi-Yu|100\/100\n|-ability|p1a: Chi-Yu|Beads of Ruin\n|\n|upkeep\n|turn|5\n|\n|t:|1697407051\n|-terastallize|p2a: Magearna|Water\n|move|p1a: Chi-Yu|Flamethrower|p2a: Magearna\n|-resisted|p2a: Magearna\n|-damage|p2a: Magearna|56\/100\n|move|p2a: Magearna|Draining Kiss|p1a: Chi-Yu\n|-damage|p1a: Chi-Yu|53\/100\n|-heal|p2a: Magearna|86\/100|[from] drain|[of] p1a: Chi-Yu\n|-damage|p2a: Magearna|76\/100|[from] item: Life Orb\n|\n|upkeep\n|turn|6\n|\n|t:|1697407070\n|move|p1a: Chi-Yu|Flamethrower|p2a: Magearna\n|-resisted|p2a: Magearna\n|-damage|p2a: Magearna|41\/100\n|move|p2a: Magearna|Flash Cannon|p1a: Chi-Yu\n|-resisted|p1a: Chi-Yu\n|-damage|p1a: Chi-Yu|21\/100\n|-damage|p2a: Magearna|31\/100|[from] item: Life Orb\n|\n|upkeep\n|turn|7\n|\n|t:|1697407079\n|move|p1a: Chi-Yu|Flamethrower|p2a: Magearna\n|-resisted|p2a: Magearna\n|-damage|p2a: Magearna|0 fnt\n|faint|p2a: Magearna\n|\n|upkeep\n|c|\u2606XpokVEVO|Oh i cant read\n|\n|t:|1697407095\n|switch|p2a: Arceus-Fight\u0131ng|Arceus-Fire, shiny|100\/100\n|turn|8\n|c|\u2606UUbers account|settup mag is a huge noobtrap btw\n|\n|t:|1697407109\n|switch|p1a: Giratina|Giratina|100\/100\n|-ability|p1a: Giratina|Pressure\n|move|p2a: Arceus-Fight\u0131ng|Dragon Dance|p2a: Arceus-Fight\u0131ng\n|-boost|p2a: Arceus-Fight\u0131ng|atk|1\n|-boost|p2a: Arceus-Fight\u0131ng|spe|1\n|\n|upkeep\n|turn|9\n|c|\u2606XpokVEVO|What does that mean\n|\n|t:|1697407119\n|move|p2a: Arceus-Fight\u0131ng|Flare Blitz|p1a: Giratina\n|-resisted|p1a: Giratina\n|-damage|p1a: Giratina|70\/100\n|-damage|p2a: Arceus-Fight\u0131ng|87\/100|[from] Recoil\n|move|p1a: Giratina|Roar|p2a: Arceus-Fight\u0131ng\n|drag|p2a: Urshifu|Urshifu, M|100\/100\n|\n|upkeep\n|turn|10\n|\n|t:|1697407132\n|move|p2a: Urshifu|Trailblaze|p1a: Giratina\n|-resisted|p1a: Giratina\n|-damage|p1a: Giratina|64\/100\n|-boost|p2a: Urshifu|spe|1\n|-damage|p2a: Urshifu|91\/100|[from] item: Life Orb\n|move|p1a: Giratina|Will-O-Wisp|p2a: Urshifu\n|-status|p2a: Urshifu|brn\n|\n|-damage|p2a: Urshifu|84\/100 brn|[from] brn\n|upkeep\n|turn|11\n|c|\u2606UUbers account|It means that people with less expoerience playing againt good playes will think its really good due to sweeping poor players. That plus its busted in theory.\n|\n|t:|1697407163\n|switch|p1a: Hatterene|Hatterene, F|15\/100\n|move|p2a: Urshifu|Wicked Blow|p1a: Hatterene\n|-crit|p1a: Hatterene\n|-damage|p1a: Hatterene|0 fnt\n|faint|p1a: Hatterene\n|-damage|p2a: Urshifu|74\/100 brn|[from] item: Life Orb\n|\n|-damage|p2a: Urshifu|68\/100 brn|[from] brn\n|upkeep\n|\n|t:|1697407170\n|switch|p1a: Magearna|Magearna|100\/100\n|turn|12\n|j| Leo Justice\n|\n|t:|1697407177\n|move|p2a: Urshifu|Iron Head|p1a: Magearna\n|-damage|p1a: Magearna|88\/100\n|-damage|p2a: Urshifu|58\/100 brn|[from] item: Life Orb\n|cant|p1a: Magearna|flinch\n|\n|-heal|p1a: Magearna|94\/100|[from] item: Leftovers\n|-damage|p2a: Urshifu|52\/100 brn|[from] brn\n|upkeep\n|turn|13\n|\n|t:|1697407183\n|switch|p2a: Arceus-Fight\u0131ng|Arceus-Fire, shiny|87\/100\n|move|p1a: Magearna|Fleur Cannon|p2a: Arceus-Fight\u0131ng\n|-resisted|p2a: Arceus-Fight\u0131ng\n|-damage|p2a: Arceus-Fight\u0131ng|66\/100\n|-unboost|p1a: Magearna|spa|2\n|\n|-heal|p1a: Magearna|99\/100|[from] item: Leftovers\n|upkeep\n|turn|14\n|\n|t:|1697407192\n|move|p2a: Arceus-Fight\u0131ng|Dragon Dance|p2a: Arceus-Fight\u0131ng\n|-boost|p2a: Arceus-Fight\u0131ng|atk|1\n|-boost|p2a: Arceus-Fight\u0131ng|spe|1\n|move|p1a: Magearna|Thunder Wave|p2a: Arceus-Fight\u0131ng\n|-status|p2a: Arceus-Fight\u0131ng|par\n|\n|-heal|p1a: Magearna|100\/100|[from] item: Leftovers\n|upkeep\n|turn|15\n|\n|t:|1697407196\n|move|p2a: Arceus-Fight\u0131ng|Dragon Dance|p2a: Arceus-Fight\u0131ng\n|-boost|p2a: Arceus-Fight\u0131ng|atk|1\n|-boost|p2a: Arceus-Fight\u0131ng|spe|1\n|move|p1a: Magearna|Volt Switch|p2a: Arceus-Fight\u0131ng\n|-damage|p2a: Arceus-Fight\u0131ng|58\/100 par\n|\n|t:|1697407200\n|switch|p1a: Giratina|Giratina|64\/100|[from] Volt Switch\n|-ability|p1a: Giratina|Pressure\n|\n|upkeep\n|turn|16\n|\n|t:|1697407207\n|move|p2a: Arceus-Fight\u0131ng|Flare Blitz|p1a: Giratina\n|-resisted|p1a: Giratina\n|-damage|p1a: Giratina|26\/100\n|-damage|p2a: Arceus-Fight\u0131ng|41\/100 par|[from] Recoil\n|move|p1a: Giratina|Roar|p2a: Arceus-Fight\u0131ng\n|drag|p2a: Urshifu|Urshifu, M|52\/100 brn\n|\n|-damage|p2a: Urshifu|46\/100 brn|[from] brn\n|upkeep\n|turn|17\n|\n|t:|1697407216\n|move|p2a: Urshifu|Wicked Blow|p1a: Giratina\n|-supereffective|p1a: Giratina\n|-crit|p1a: Giratina\n|-damage|p1a: Giratina|0 fnt\n|faint|p1a: Giratina\n|-damage|p2a: Urshifu|36\/100 brn|[from] item: Life Orb\n|\n|-damage|p2a: Urshifu|30\/100 brn|[from] brn\n|upkeep\n|c|\u2606XpokVEVO|Re after i play leo\n|c|\u2606XpokVEVO|Cuz i aped a bit here\n|\n|t:|1697407227\n|switch|p1a: Magearna|Magearna|100\/100\n|turn|18\n|\n|t:|1697407240\n|switch|p2a: Arceus-Fight\u0131ng|Arceus-Fire, shiny|41\/100 par\n|move|p1a: Magearna|Spikes|p2a: Arceus-Fight\u0131ng\n|-sidestart|p2: XpokVEVO|Spikes\n|\n|upkeep\n|turn|19\n|\n|t:|1697407249\n|move|p2a: Arceus-Fight\u0131ng|Flare Blitz|p1a: Magearna\n|-supereffective|p1a: Magearna\n|-damage|p1a: Magearna|9\/100\n|-damage|p2a: Arceus-Fight\u0131ng|13\/100 par|[from] Recoil\n|move|p1a: Magearna|Volt Switch|p2a: Arceus-Fight\u0131ng\n|-damage|p2a: Arceus-Fight\u0131ng|0 fnt\n|faint|p2a: Arceus-Fight\u0131ng\n|-ability|p1a: Magearna|Soul-Heart|boost\n|-boost|p1a: Magearna|spa|1\n|\n|t:|1697407259\n|switch|p1a: Arceus|Arceus-Dark|100\/100|[from] Volt Switch\n|\n|upkeep\n|\n|t:|1697407265\n|switch|p2a: Shaymin|Shaymin-Sky, shiny|100\/100\n|turn|20\n|c|\u2606UUbers account|nooooooooo\n|\n|t:|1697407275\n|move|p2a: Shaymin|Healing Wish|p2a: Shaymin\n|faint|p2a: Shaymin\n|move|p1a: Arceus|Taunt|p2: Shaymin|[notarget]\n|-fail|p1a: Arceus\n|\n|upkeep\n|\n|t:|1697407277\n|switch|p2a: Urshifu|Urshifu, M|30\/100 brn\n|-heal|p2a: Urshifu|100\/100|[from] move: Healing Wish\n|-damage|p2a: Urshifu|88\/100|[from] Spikes\n|turn|21\n|c|\u2606UUbers account|good play\n|\n|t:|1697407293\n|switch|p1a: Magearna|Magearna|9\/100\n|move|p2a: Urshifu|Trailblaze|p1a: Magearna\n|-resisted|p1a: Magearna\n|-damage|p1a: Magearna|2\/100\n|-boost|p2a: Urshifu|spe|1\n|-damage|p2a: Urshifu|78\/100|[from] item: Life Orb\n|\n|-heal|p1a: Magearna|8\/100|[from] item: Leftovers\n|upkeep\n|turn|22\n|\n|t:|1697407307\n|move|p2a: Urshifu|Trailblaze|p1a: Magearna\n|-resisted|p1a: Magearna\n|-damage|p1a: Magearna|0 fnt\n|-boost|p2a: Urshifu|spe|1\n|faint|p1a: Magearna\n|-damage|p2a: Urshifu|68\/100|[from] item: Life Orb\n|\n|upkeep\n|\n|t:|1697407311\n|switch|p1a: Arceus|Arceus-Dark|100\/100\n|turn|23\n|c|\u2606XpokVEVO|Tera ghost i lose\n|c|\u2606XpokVEVO|Ancient aztec set made with the purpose of countering me\n|\n|t:|1697407370\n|move|p2a: Urshifu|Iron Head|p1a: Arceus\n|-damage|p1a: Arceus|72\/100\n|-damage|p2a: Urshifu|58\/100|[from] item: Life Orb\n|move|p1a: Arceus|Judgment|p2a: Urshifu\n|-resisted|p2a: Urshifu\n|-damage|p2a: Urshifu|40\/100\n|\n|upkeep\n|turn|24\n|c|\u2606UUbers account|lol\n|\n|t:|1697407382\n|move|p2a: Urshifu|Close Combat|p1a: Arceus\n|-supereffective|p1a: Arceus\n|-damage|p1a: Arceus|0 fnt\n|-unboost|p2a: Urshifu|def|1\n|-unboost|p2a: Urshifu|spd|1\n|faint|p1a: Arceus\n|-damage|p2a: Urshifu|30\/100|[from] item: Life Orb\n|\n|upkeep\n|\n|t:|1697407391\n|switch|p1a: Basculegion|Basculegion-F, F, shiny|100\/100\n|turn|25\n|c|\u2606XpokVEVO|This is tera\n|c|\u2606XpokVEVO|What tera? Idfk\n|\n|t:|1697407405\n|move|p1a: Basculegion|Aqua Jet|p2a: Urshifu\n|-crit|p2a: Urshifu\n|-damage|p2a: Urshifu|0 fnt\n|faint|p2a: Urshifu\n|\n|upkeep\n|c|\u2606XpokVEVO|Oh it has that yeah\n|\n|t:|1697407412\n|switch|p2a: Espathra|Espathra, F|100\/100\n|-damage|p2a: Espathra|88\/100|[from] Spikes\n|turn|26\n|\n|t:|1697407419\n|switch|p1a: Chi-Yu|Chi-Yu|21\/100\n|-ability|p1a: Chi-Yu|Beads of Ruin\n|move|p2a: Espathra|Protect||[still]\n|-fail|p2a: Espathra\n|\n|-ability|p2a: Espathra|Speed Boost|boost\n|-boost|p2a: Espathra|spe|1\n|upkeep\n|turn|27\n|\n|t:|1697407427\n|move|p2a: Espathra|Protect|p2a: Espathra\n|-singleturn|p2a: Espathra|Protect\n|move|p1a: Chi-Yu|Flamethrower|p2a: Espathra\n|-activate|p2a: Espathra|move: Protect\n|\n|-ability|p2a: Espathra|Speed Boost|boost\n|-boost|p2a: Espathra|spe|1\n|upkeep\n|turn|28\n|\n|t:|1697407430\n|move|p2a: Espathra|Tera Blast|p1a: Chi-Yu\n|-damage|p1a: Chi-Yu|0 fnt\n|faint|p1a: Chi-Yu\n|\n|-ability|p2a: Espathra|Speed Boost|boost\n|-boost|p2a: Espathra|spe|1\n|upkeep\n|\n|t:|1697407434\n|switch|p1a: Basculegion|Basculegion-F, F, shiny|100\/100\n|turn|29\n|\n|t:|1697407447\n|move|p2a: Espathra|Protect|p2a: Espathra\n|-singleturn|p2a: Espathra|Protect\n|move|p1a: Basculegion|Last Respects|p2a: Espathra\n|-activate|p2a: Espathra|move: Protect\n|\n|-ability|p2a: Espathra|Speed Boost|boost\n|-boost|p2a: Espathra|spe|1\n|upkeep\n|turn|30\n|\n|t:|1697407450\n|move|p2a: Espathra|Stored Power|p1a: Basculegion\n|-damage|p1a: Basculegion|45\/100\n|move|p1a: Basculegion|Last Respects|p2a: Espathra\n|-supereffective|p2a: Espathra\n|-damage|p2a: Espathra|0 fnt\n|faint|p2a: Espathra\n|\n|win|UUbers account\n|c|\u2606UUbers account|gg\n|l|\u2606XpokVEVO\n","uploadtime":1697407456,"views":24,"p1id":"uubersaccount","p2id":"xpokvevo","formatid":"gen9ubers","rating":0,"private":0,"password":""}