{"id":"gen9ubers-1969838661","p1":"SenkTheMoth","p2":"grasshopper021","format":"[Gen 9] Ubers","log":"|j|\u2606SenkTheMoth\n|j|\u2606grasshopper021\n|t:|1697569291\n|gametype|singles\n|player|p1|SenkTheMoth|dawn-gen4pt|\n|player|p2|grasshopper021|zinnia|\n|teamsize|p1|6\n|teamsize|p2|6\n|gen|9\n|tier|[Gen 9] Ubers\n|rule|Sleep Clause Mod: Limit one foe put to sleep\n|rule|Species Clause: Limit one of each Pok\u00e9mon\n|rule|OHKO Clause: OHKO moves are banned\n|rule|Evasion Items Clause: Evasion items are banned\n|rule|Evasion Moves Clause: Evasion moves are banned\n|rule|Endless Battle Clause: Forcing endless battles is banned\n|rule|HP Percentage Mod: HP is shown in percentages\n|clearpoke\n|poke|p1|Zacian-*|\n|poke|p1|Palkia-Origin|\n|poke|p1|Arceus-Poison|\n|poke|p1|Magearna|\n|poke|p1|Zamazenta-*|\n|poke|p1|Chi-Yu|\n|poke|p2|Torkoal, M|\n|poke|p2|Chi-Yu|\n|poke|p2|Walking Wake|\n|poke|p2|Hatterene, F|\n|poke|p2|Arceus-Fire|\n|poke|p2|Roaring Moon|\n|teampreview\n|c|\u2606grasshopper021|gl c:\n|c|\u2606SenkTheMoth|same to you\n|\n|t:|1697569306\n|start\n|switch|p1a: Chi-Yu|Chi-Yu|100\/100\n|switch|p2a: Torkoal|Torkoal, M|100\/100\n|-ability|p1a: Chi-Yu|Beads of Ruin\n|-weather|SunnyDay|[from] ability: Drought|[of] p2a: Torkoal\n|turn|1\n|\n|t:|1697569329\n|move|p1a: Chi-Yu|Dark Pulse|p2a: Torkoal\n|-damage|p2a: Torkoal|0 fnt\n|faint|p2a: Torkoal\n|\n|-weather|SunnyDay|[upkeep]\n|upkeep\n|\n|t:|1697569336\n|switch|p2a: Chi-Yu|Chi-Yu|100\/100\n|-ability|p2a: Chi-Yu|Beads of Ruin\n|turn|2\n|\n|t:|1697569347\n|switch|p1a: Palkia|Palkia-Origin|100\/100\n|-ability|p1a: Palkia|Pressure\n|move|p2a: Chi-Yu|Dark Pulse|p1a: Palkia\n|-damage|p1a: Palkia|41\/100\n|\n|-weather|SunnyDay|[upkeep]\n|upkeep\n|turn|3\n|\n|t:|1697569354\n|move|p2a: Chi-Yu|Dark Pulse|p1a: Palkia\n|-crit|p1a: Palkia\n|-damage|p1a: Palkia|0 fnt\n|faint|p1a: Palkia\n|\n|-weather|SunnyDay|[upkeep]\n|upkeep\n|c|\u2606SenkTheMoth|dang i didn't expect scarf\n|c|\u2606grasshopper021|were you thinking plot?\n|c|\u2606SenkTheMoth|i thought you'd be specs\n|c|\u2606SenkTheMoth|since sun + specs means killing almost anything\n|c|\u2606grasshopper021|i think its a little slow to be specs from the speed tiers i was looking at\n|\n|t:|1697569424\n|switch|p1a: Zamazenta|Zamazenta-Crowned|100\/100\n|-ability|p1a: Zamazenta|Dauntless Shield|boost\n|-boost|p1a: Zamazenta|def|1\n|turn|4\n|\n|t:|1697569433\n|switch|p2a: Hatterene|Hatterene, F, shiny|100\/100\n|move|p1a: Zamazenta|Behemoth Bash|p2a: Hatterene\n|-supereffective|p2a: Hatterene\n|-damage|p2a: Hatterene|32\/100\n|-enditem|p2a: Hatterene|Eject Button\n|\n|t:|1697569442\n|switch|p2a: Chi-Yu|Chi-Yu|100\/100\n|-ability|p2a: Chi-Yu|Beads of Ruin\n|\n|-weather|SunnyDay|[upkeep]\n|upkeep\n|turn|5\n|\n|t:|1697569460\n|switch|p1a: Chi-Yu|Chi-Yu|100\/100\n|-ability|p1a: Chi-Yu|Beads of Ruin\n|-terastallize|p2a: Chi-Yu|Fire\n|move|p2a: Chi-Yu|Fire Blast|p1a: Chi-Yu\n|-resisted|p1a: Chi-Yu\n|-damage|p1a: Chi-Yu|29\/100\n|\n|-weather|SunnyDay|[upkeep]\n|upkeep\n|turn|6\n|\n|t:|1697569469\n|move|p2a: Chi-Yu|Fire Blast|p1a: Chi-Yu\n|-resisted|p1a: Chi-Yu\n|-damage|p1a: Chi-Yu|0 fnt\n|faint|p1a: Chi-Yu\n|\n|-weather|SunnyDay|[upkeep]\n|upkeep\n|c|\u2606SenkTheMoth|gg\n|\n|t:|1697569477\n|switch|p1a: Arceus|Arceus-Poison|100\/100\n|turn|7\n|\n|t:|1697569480\n|move|p2a: Chi-Yu|Fire Blast|p1a: Arceus|[miss]\n|-miss|p2a: Chi-Yu|p1a: Arceus\n|move|p1a: Arceus|Earthquake|p2a: Chi-Yu\n|-supereffective|p2a: Chi-Yu\n|-damage|p2a: Chi-Yu|0 fnt\n|faint|p2a: Chi-Yu\n|\n|-weather|SunnyDay|[upkeep]\n|upkeep\n|c|\u2606SenkTheMoth|woah\n|c|\u2606SenkTheMoth|nevermind, arceus has plot armor\n|c|\u2606grasshopper021|eh its far from over when im scarf locked into an 85 move\n|\n|t:|1697569504\n|switch|p2a: Walking Wake|Walking Wake|100\/100\n|-activate|p2a: Walking Wake|ability: Protosynthesis\n|-start|p2a: Walking Wake|protosynthesisspa\n|turn|8\n|\n|t:|1697569519\n|move|p1a: Arceus|Poison Jab|p2a: Walking Wake\n|-damage|p2a: Walking Wake|46\/100\n|move|p2a: Walking Wake|Hydro Steam|p1a: Arceus\n|-damage|p1a: Arceus|0 fnt\n|faint|p1a: Arceus\n|\n|-weather|none\n|-end|p2a: Walking Wake|Protosynthesis\n|upkeep\n|\n|t:|1697569542\n|switch|p1a: Zamazenta|Zamazenta-Crowned|100\/100\n|turn|9\n|\n|t:|1697569553\n|-end|p2a: Walking Wake|Protosynthesis|[silent]\n|switch|p2a: Hatterene|Hatterene, F, shiny|32\/100\n|move|p1a: Zamazenta|Iron Defense|p1a: Zamazenta\n|-boost|p1a: Zamazenta|def|2\n|\n|upkeep\n|turn|10\n|\n|t:|1697569573\n|move|p1a: Zamazenta|Behemoth Bash|p2a: Hatterene\n|-supereffective|p2a: Hatterene\n|-damage|p2a: Hatterene|0 fnt\n|faint|p2a: Hatterene\n|\n|upkeep\n|\n|t:|1697569579\n|switch|p2a: Arceus-Wrong Type|Arceus-Fire|100\/100\n|turn|11\n|\n|t:|1697569584\n|-terastallize|p1a: Zamazenta|Flying\n|move|p1a: Zamazenta|Body Press|p2a: Arceus-Wrong Type\n|-damage|p2a: Arceus-Wrong Type|50\/100\n|move|p2a: Arceus-Wrong Type|Judgment|p1a: Zamazenta\n|-damage|p1a: Zamazenta|58\/100\n|\n|upkeep\n|turn|12\n|\n|t:|1697569603\n|move|p1a: Zamazenta|Body Press|p2a: Arceus-Wrong Type\n|-damage|p2a: Arceus-Wrong Type|3\/100\n|move|p2a: Arceus-Wrong Type|Thunderbolt|p1a: Zamazenta\n|-supereffective|p1a: Zamazenta\n|-crit|p1a: Zamazenta\n|-damage|p1a: Zamazenta|0 fnt\n|faint|p1a: Zamazenta\n|\n|upkeep\n|\n|t:|1697569612\n|switch|p1a: Zacian|Zacian|100\/100\n|-ability|p1a: Zacian|Intrepid Sword|boost\n|-boost|p1a: Zacian|atk|1\n|turn|13\n|c|\u2606grasshopper021|sweat beads\n|\n|t:|1697569619\n|move|p1a: Zacian|Psychic Fangs|p2a: Arceus-Wrong Type\n|-damage|p2a: Arceus-Wrong Type|0 fnt\n|faint|p2a: Arceus-Wrong Type\n|\n|upkeep\n|\n|t:|1697569630\n|switch|p2a: Roaring Moon|Roaring Moon|100\/100\n|-enditem|p2a: Roaring Moon|Booster Energy\n|-activate|p2a: Roaring Moon|ability: Protosynthesis|[fromitem]\n|-start|p2a: Roaring Moon|protosynthesisatk\n|turn|14\n|c|\u2606SenkTheMoth|here's where the play rough misses\n|c|\u2606grasshopper021|is there a reason these arent band?\n|c|\u2606SenkTheMoth|what isn't band?\n|c|\u2606grasshopper021|zacian\n|c|\u2606grasshopper021|it seems insane as a cleaner\n|\n|t:|1697569691\n|move|p1a: Zacian|Play Rough|p2a: Roaring Moon\n|-supereffective|p2a: Roaring Moon\n|-damage|p2a: Roaring Moon|0 fnt\n|faint|p2a: Roaring Moon\n|-end|p2a: Roaring Moon|Protosynthesis|[silent]\n|\n|upkeep\n|c|\u2606SenkTheMoth|i have it banded on a different team but on this team i find the coverage more important\n|\n|t:|1697569695\n|switch|p2a: Walking Wake|Walking Wake|46\/100\n|turn|15\n|c|\u2606SenkTheMoth|it's swords dance too\n|c|\u2606grasshopper021|that makes sense, so is it like leftovers?\n|c|\u2606SenkTheMoth|heavy duty boots\n|c|\u2606SenkTheMoth|to be immun to sticky web\n|c|\u2606grasshopper021|is there a webber in the tier thats actually good? i saw ribombee is banned, but i guess you have no hazard control\n|c|\u2606SenkTheMoth|masquerain\n|\n|t:|1697569764\n|move|p1a: Zacian|Close Combat|p2a: Walking Wake\n|-damage|p2a: Walking Wake|0 fnt\n|-unboost|p1a: Zacian|def|1\n|-unboost|p1a: Zacian|spd|1\n|faint|p2a: Walking Wake\n|-end|p2a: Walking Wake|Protosynthesis|[silent]\n|\n|win|SenkTheMoth\n|c|\u2606grasshopper021|makes sense, gg\n|c|\u2606SenkTheMoth|gg wp\n|c|\u2606grasshopper021|i'll upload\n|c|\u2606SenkTheMoth|alright\n","uploadtime":1697569788,"views":22,"p1id":"senkthemoth","p2id":"grasshopper021","formatid":"gen9ubers","rating":0,"private":0,"password":""}