{"id":"gen9ubers-1970053111","p1":"BlackAceX19","p2":"trillbo","format":"[Gen 9] Ubers","log":"|j|\u2606BlackAceX19\n|j|\u2606trillbo\n|t:|1697589309\n|gametype|singles\n|player|p1|BlackAceX19|wally-masters|\n|player|p2|trillbo|acetrainer-gen4dp|\n|teamsize|p1|6\n|teamsize|p2|6\n|gen|9\n|tier|[Gen 9] Ubers\n|rule|Sleep Clause Mod: Limit one foe put to sleep\n|rule|Species Clause: Limit one of each Pok\u00e9mon\n|rule|OHKO Clause: OHKO moves are banned\n|rule|Evasion Items Clause: Evasion items are banned\n|rule|Evasion Moves Clause: Evasion moves are banned\n|rule|Endless Battle Clause: Forcing endless battles is banned\n|rule|HP Percentage Mod: HP is shown in percentages\n|clearpoke\n|poke|p1|Amoonguss, F|\n|poke|p1|Iron Bundle|\n|poke|p1|Iron Treads|\n|poke|p1|Ninetales-Alola, M|\n|poke|p1|Infernape, F|\n|poke|p1|Sableye, F|\n|poke|p2|Flutter Mane|\n|poke|p2|Torkoal, M|\n|poke|p2|Clefable, F|\n|poke|p2|Alomomola, F|\n|poke|p2|Landorus, M|\n|poke|p2|Walking Wake|\n|teampreview\n|j| mklgd\n|j| Willish6634\n|j| Smoocheh\n|j| Lillyrosethedemon\n|j| LentLicker\n|j| ampharosaunt11\n|\n|t:|1697589381\n|start\n|switch|p1a: Khione|Ninetales-Alola, M|100\/100\n|switch|p2a: Tommy Tutu|Torkoal, M|100\/100\n|-weather|Snow|[from] ability: Snow Warning|[of] p1a: Khione\n|-weather|SunnyDay|[from] ability: Drought|[of] p2a: Tommy Tutu\n|turn|1\n|\n|t:|1697589390\n|switch|p1a: Iron Treads|Iron Treads|100\/100\n|move|p2a: Tommy Tutu|Stealth Rock|p1a: Iron Treads\n|-sidestart|p1: BlackAceX19|move: Stealth Rock\n|\n|-weather|SunnyDay|[upkeep]\n|upkeep\n|turn|2\n|\n|t:|1697589399\n|switch|p2a: Gucci Mane|Flutter Mane|100\/100\n|-activate|p2a: Gucci Mane|ability: Protosynthesis\n|-start|p2a: Gucci Mane|protosynthesisspe\n|move|p1a: Iron Treads|Rapid Spin|p2a: Gucci Mane\n|-immune|p2a: Gucci Mane\n|\n|-weather|SunnyDay|[upkeep]\n|upkeep\n|turn|3\n|j| Chadwin93\n|j| Judgieiscool\n|c| Judgieiscool|lets go trilly and krow\n|\n|t:|1697589469\n|-terastallize|p1a: Iron Treads|Water\n|move|p2a: Gucci Mane|Mystical Fire|p1a: Iron Treads\n|-resisted|p1a: Iron Treads\n|-damage|p1a: Iron Treads|76\/100\n|-unboost|p1a: Iron Treads|spa|1\n|move|p1a: Iron Treads|Iron Head|p2a: Gucci Mane\n|-supereffective|p2a: Gucci Mane\n|-damage|p2a: Gucci Mane|0 fnt\n|faint|p2a: Gucci Mane\n|-end|p2a: Gucci Mane|Protosynthesis|[silent]\n|\n|-weather|SunnyDay|[upkeep]\n|upkeep\n|c|\u2606BlackAceX19|we dont do that here\n|c| Judgieiscool|woww\n|c| Willish6634|Ive had enough time to have a family and go through college while waiting for that turn\n|\n|t:|1697589486\n|switch|p2a: MissLean|Walking Wake|100\/100\n|-activate|p2a: MissLean|ability: Protosynthesis\n|-start|p2a: MissLean|protosynthesisspe\n|turn|4\n|\n|t:|1697589494\n|move|p2a: MissLean|Draco Meteor|p1a: Iron Treads\n|-damage|p1a: Iron Treads|0 fnt\n|-unboost|p2a: MissLean|spa|2\n|faint|p1a: Iron Treads\n|-end|p1a: Iron Treads|Quark Drive|[silent]\n|\n|-weather|SunnyDay|[upkeep]\n|upkeep\n|\n|t:|1697589500\n|switch|p1a: Khione|Ninetales-Alola, M|100\/100\n|-damage|p1a: Khione|76\/100|[from] Stealth Rock\n|-weather|Snow|[from] ability: Snow Warning|[of] p1a: Khione\n|-end|p2a: MissLean|Protosynthesis\n|turn|5\n|\n|t:|1697589511\n|-end|p2a: MissLean|Protosynthesis|[silent]\n|switch|p2a: Tommy Tutu|Torkoal, M|100\/100\n|-weather|SunnyDay|[from] ability: Drought|[of] p2a: Tommy Tutu\n|switch|p1a: Amoonguss|Amoonguss, F, shiny|100\/100\n|-damage|p1a: Amoonguss|88\/100|[from] Stealth Rock\n|\n|-weather|SunnyDay|[upkeep]\n|upkeep\n|turn|6\n|\n|t:|1697589538\n|switch|p1a: Khione|Ninetales-Alola, M|76\/100\n|-damage|p1a: Khione|51\/100|[from] Stealth Rock\n|-weather|Snow|[from] ability: Snow Warning|[of] p1a: Khione\n|move|p2a: Tommy Tutu|Lava Plume|p1a: Khione\n|-supereffective|p1a: Khione\n|-damage|p1a: Khione|4\/100\n|-status|p1a: Khione|brn\n|\n|-weather|Snow|[upkeep]\n|-damage|p1a: Khione|0 fnt|[from] brn\n|faint|p1a: Khione\n|upkeep\n|c| Judgieiscool|not the burn\n|\n|t:|1697589556\n|switch|p1a: T3000|Iron Bundle, shiny|100\/100\n|-damage|p1a: T3000|76\/100|[from] Stealth Rock\n|turn|7\n|c| Smoocheh|??\n|c| Willish6634|\ud83e\udd2f\n|c|\u2606BlackAceX19|foul play by torkoal\n|\n|t:|1697589583\n|-terastallize|p2a: Tommy Tutu|Water\n|move|p1a: T3000|Freeze-Dry|p2a: Tommy Tutu\n|-supereffective|p2a: Tommy Tutu\n|-damage|p2a: Tommy Tutu|0 fnt\n|faint|p2a: Tommy Tutu\n|-damage|p1a: T3000|66\/100|[from] item: Life Orb\n|\n|-weather|Snow|[upkeep]\n|upkeep\n|c| ampharosaunt11|lol\n|c|\u2606trillbo|nice play\n|c| Willish6634|DAYUM\n|c| Judgieiscool|SWEET CHIN KROW\n|c| Smoocheh|Wow\n|c| mklgd|lmfao\n|\n|t:|1697589604\n|switch|p2a: TheeStallion|Clefable, F, shiny|100\/100\n|turn|8\n|\n|t:|1697589613\n|move|p1a: T3000|Flip Turn|p2a: TheeStallion\n|-damage|p2a: TheeStallion|79\/100\n|-damage|p1a: T3000|56\/100|[from] item: Life Orb\n|\n|t:|1697589618\n|-end|p1a: T3000|Quark Drive|[silent]\n|switch|p1a: Infernape|Infernape, F|100\/100|[from] Flip Turn\n|move|p2a: TheeStallion|Cosmic Power|p2a: TheeStallion\n|-boost|p2a: TheeStallion|def|1\n|-boost|p2a: TheeStallion|spd|1\n|\n|-weather|Snow|[upkeep]\n|-heal|p2a: TheeStallion|85\/100|[from] item: Leftovers\n|upkeep\n|turn|9\n|\n|t:|1697589637\n|move|p1a: Infernape|Taunt|p2a: TheeStallion\n|-start|p2a: TheeStallion|move: Taunt\n|cant|p2a: TheeStallion|move: Taunt|Cosmic Power\n|\n|-weather|Snow|[upkeep]\n|-heal|p2a: TheeStallion|91\/100|[from] item: Leftovers\n|upkeep\n|turn|10\n|\n|t:|1697589648\n|move|p1a: Infernape|Gunk Shot|p2a: TheeStallion\n|-supereffective|p2a: TheeStallion\n|-damage|p2a: TheeStallion|42\/100\n|move|p2a: TheeStallion|Draining Kiss|p1a: Infernape\n|-damage|p1a: Infernape|75\/100\n|-heal|p2a: TheeStallion|56\/100|[from] drain|[of] p1a: Infernape\n|\n|-weather|none\n|-heal|p2a: TheeStallion|62\/100|[from] item: Leftovers\n|upkeep\n|turn|11\n|\n|t:|1697589682\n|switch|p1a: Sableye|Sableye, F|100\/100\n|-damage|p1a: Sableye|88\/100|[from] Stealth Rock\n|switch|p2a: Pizza|Alomomola, F, shiny|100\/100\n|\n|-heal|p1a: Sableye|94\/100|[from] item: Leftovers\n|upkeep\n|turn|12\n|c| Judgieiscool|i got a draining kiss for trilly after this game\n|\n|t:|1697589692\n|move|p2a: Pizza|Protect|p2a: Pizza\n|-singleturn|p2a: Pizza|Protect\n|move|p1a: Sableye|Taunt|p2a: Pizza\n|-activate|p2a: Pizza|move: Protect\n|\n|-heal|p1a: Sableye|100\/100|[from] item: Leftovers\n|upkeep\n|turn|13\n|c| Willish6634|I got next\n|\n|t:|1697589708\n|move|p1a: Sableye|Taunt|p2a: Pizza\n|-start|p2a: Pizza|move: Taunt\n|cant|p2a: Pizza|move: Taunt|Wish\n|\n|upkeep\n|turn|14\n|\n|t:|1697589715\n|move|p2a: Pizza|Scald|p1a: Sableye\n|-damage|p1a: Sableye|88\/100\n|move|p1a: Sableye|Knock Off|p2a: Pizza\n|-damage|p2a: Pizza|86\/100\n|-enditem|p2a: Pizza|Heavy-Duty Boots|[from] move: Knock Off|[of] p1a: Sableye\n|\n|-heal|p1a: Sableye|94\/100|[from] item: Leftovers\n|upkeep\n|turn|15\n|\n|t:|1697589723\n|move|p1a: Sableye|Will-O-Wisp|p2a: Pizza\n|-status|p2a: Pizza|brn\n|move|p2a: Pizza|Scald|p1a: Sableye\n|-damage|p1a: Sableye|81\/100\n|-status|p1a: Sableye|brn\n|\n|-heal|p1a: Sableye|87\/100 brn|[from] item: Leftovers\n|-damage|p2a: Pizza|80\/100 brn|[from] brn\n|-damage|p1a: Sableye|81\/100 brn|[from] brn\n|-end|p2a: Pizza|move: Taunt\n|upkeep\n|turn|16\n|\n|t:|1697589734\n|move|p2a: Pizza|Protect|p2a: Pizza\n|-singleturn|p2a: Pizza|Protect\n|move|p1a: Sableye|Taunt|p2a: Pizza\n|-activate|p2a: Pizza|move: Protect\n|\n|-heal|p1a: Sableye|87\/100 brn|[from] item: Leftovers\n|-damage|p2a: Pizza|74\/100 brn|[from] brn\n|-damage|p1a: Sableye|81\/100 brn|[from] brn\n|upkeep\n|turn|17\n|\n|t:|1697589746\n|switch|p1a: Amoonguss|Amoonguss, F, shiny|100\/100\n|-damage|p1a: Amoonguss|88\/100|[from] Stealth Rock\n|move|p2a: Pizza|Flip Turn|p1a: Amoonguss\n|-resisted|p1a: Amoonguss\n|-damage|p1a: Amoonguss|84\/100\n|-enditem|p1a: Amoonguss|Red Card|[of] p2a: Pizza\n|drag|p2a: TheeStallion|Clefable, F, shiny|62\/100\n|\n|-heal|p2a: TheeStallion|68\/100|[from] item: Leftovers\n|upkeep\n|turn|18\n|l| Judgieiscool\n|j| Judgieiscool\n|\n|t:|1697589769\n|switch|p2a: Tony|Landorus, M|100\/100\n|move|p1a: Amoonguss|Stun Spore|p2a: Tony|[miss]\n|-miss|p1a: Amoonguss|p2a: Tony\n|\n|upkeep\n|turn|19\n|\n|t:|1697589810\n|switch|p1a: Sableye|Sableye, F|81\/100 brn\n|-damage|p1a: Sableye|68\/100 brn|[from] Stealth Rock\n|move|p2a: Tony|Psychic|p1a: Sableye\n|-immune|p1a: Sableye\n|\n|-heal|p1a: Sableye|75\/100 brn|[from] item: Leftovers\n|-damage|p1a: Sableye|68\/100 brn|[from] brn\n|upkeep\n|turn|20\n|\n|t:|1697589819\n|switch|p2a: Pizza|Alomomola, F, shiny|100\/100 brn\n|move|p1a: Sableye|Will-O-Wisp|p2a: Pizza\n|-fail|p2a: Pizza|brn\n|\n|-heal|p1a: Sableye|75\/100 brn|[from] item: Leftovers\n|-damage|p2a: Pizza|94\/100 brn|[from] brn\n|-damage|p1a: Sableye|68\/100 brn|[from] brn\n|upkeep\n|turn|21\n|\n|t:|1697589828\n|switch|p1a: Amoonguss|Amoonguss, F, shiny|100\/100\n|-damage|p1a: Amoonguss|88\/100|[from] Stealth Rock\n|move|p2a: Pizza|Wish|p2a: Pizza\n|\n|-damage|p2a: Pizza|88\/100 brn|[from] brn\n|upkeep\n|turn|22\n|\n|t:|1697589850\n|switch|p2a: TheeStallion|Clefable, F, shiny|68\/100\n|move|p1a: Amoonguss|Spore|p2a: TheeStallion\n|-status|p2a: TheeStallion|slp|[from] move: Spore\n|\n|-heal|p2a: TheeStallion|100\/100 slp|[from] move: Wish|[wisher] Pizza\n|upkeep\n|turn|23\n|\n|t:|1697589868\n|switch|p2a: Tony|Landorus, M|100\/100\n|move|p1a: Amoonguss|Sludge Bomb|p2a: Tony\n|-resisted|p2a: Tony\n|-damage|p2a: Tony|84\/100\n|\n|upkeep\n|turn|24\n|\n|t:|1697589891\n|switch|p1a: Sableye|Sableye, F|68\/100 brn\n|-damage|p1a: Sableye|56\/100 brn|[from] Stealth Rock\n|move|p2a: Tony|Psychic|p1a: Sableye\n|-immune|p1a: Sableye\n|\n|-heal|p1a: Sableye|62\/100 brn|[from] item: Leftovers\n|-damage|p1a: Sableye|56\/100 brn|[from] brn\n|upkeep\n|turn|25\n|\n|t:|1697589901\n|switch|p2a: Pizza|Alomomola, F, shiny|100\/100 brn\n|move|p1a: Sableye|Taunt|p2a: Pizza\n|-start|p2a: Pizza|move: Taunt\n|\n|-heal|p1a: Sableye|62\/100 brn|[from] item: Leftovers\n|-damage|p2a: Pizza|94\/100 brn|[from] brn\n|-damage|p1a: Sableye|56\/100 brn|[from] brn\n|upkeep\n|turn|26\n|\n|t:|1697589912\n|switch|p1a: T3000|Iron Bundle, shiny|56\/100\n|-damage|p1a: T3000|31\/100|[from] Stealth Rock\n|move|p2a: Pizza|Flip Turn|p1a: T3000\n|-resisted|p1a: T3000\n|-damage|p1a: T3000|26\/100\n|\n|t:|1697589965\n|switch|p2a: MissLean|Walking Wake|100\/100|[from] Flip Turn\n|\n|upkeep\n|turn|27\n|\n|t:|1697589972\n|move|p1a: T3000|Freeze-Dry|p2a: MissLean\n|-supereffective|p2a: MissLean\n|-damage|p2a: MissLean|0 fnt\n|faint|p2a: MissLean\n|-end|p2a: MissLean|Protosynthesis|[silent]\n|-damage|p1a: T3000|16\/100|[from] item: Life Orb\n|\n|upkeep\n|\n|t:|1697589981\n|switch|p2a: TheeStallion|Clefable, F, shiny|100\/100 slp\n|turn|28\n|\n|t:|1697589987\n|move|p1a: T3000|Hydro Pump|p2a: TheeStallion\n|-damage|p2a: TheeStallion|50\/100 slp\n|-damage|p1a: T3000|6\/100|[from] item: Life Orb\n|cant|p2a: TheeStallion|slp\n|\n|-heal|p2a: TheeStallion|56\/100 slp|[from] item: Leftovers\n|upkeep\n|turn|29\n|\n|t:|1697590019\n|switch|p2a: Tony|Landorus, M|84\/100\n|move|p1a: T3000|Blizzard|p2a: Tony\n|-supereffective|p2a: Tony\n|-damage|p2a: Tony|0 fnt\n|faint|p2a: Tony\n|-damage|p1a: T3000|0 fnt|[from] item: Life Orb\n|faint|p1a: T3000\n|-end|p1a: T3000|Quark Drive|[silent]\n|\n|upkeep\n|\n|t:|1697590032\n|switch|p1a: Amoonguss|Amoonguss, F, shiny|100\/100\n|switch|p2a: Pizza|Alomomola, F, shiny|100\/100 brn\n|-damage|p1a: Amoonguss|88\/100|[from] Stealth Rock\n|turn|30\n|\n|t:|1697590037\n|move|p2a: Pizza|Protect|p2a: Pizza\n|-singleturn|p2a: Pizza|Protect\n|move|p1a: Amoonguss|Sludge Bomb|p2a: Pizza\n|-activate|p2a: Pizza|move: Protect\n|\n|-damage|p2a: Pizza|94\/100 brn|[from] brn\n|upkeep\n|turn|31\n|\n|t:|1697590045\n|switch|p1a: Sableye|Sableye, F|56\/100 brn\n|-damage|p1a: Sableye|43\/100 brn|[from] Stealth Rock\n|move|p2a: Pizza|Wish|p2a: Pizza\n|\n|-heal|p1a: Sableye|50\/100 brn|[from] item: Leftovers\n|-damage|p2a: Pizza|88\/100 brn|[from] brn\n|-damage|p1a: Sableye|43\/100 brn|[from] brn\n|upkeep\n|turn|32\n|\n|t:|1697590058\n|move|p1a: Sableye|Recover|p1a: Sableye\n|-heal|p1a: Sableye|93\/100 brn\n|move|p2a: Pizza|Flip Turn|p1a: Sableye\n|-damage|p1a: Sableye|81\/100 brn\n|\n|t:|1697590063\n|switch|p2a: TheeStallion|Clefable, F, shiny|56\/100 slp|[from] Flip Turn\n|\n|-heal|p2a: TheeStallion|100\/100 slp|[from] move: Wish|[wisher] Pizza\n|-heal|p1a: Sableye|87\/100 brn|[from] item: Leftovers\n|-damage|p1a: Sableye|81\/100 brn|[from] brn\n|upkeep\n|turn|33\n|\n|t:|1697590070\n|move|p1a: Sableye|Taunt|p2a: TheeStallion\n|-start|p2a: TheeStallion|move: Taunt\n|-curestatus|p2a: TheeStallion|slp|[msg]\n|cant|p2a: TheeStallion|move: Taunt|Cosmic Power\n|\n|-heal|p1a: Sableye|87\/100 brn|[from] item: Leftovers\n|-damage|p1a: Sableye|81\/100 brn|[from] brn\n|upkeep\n|turn|34\n|\n|t:|1697590078\n|switch|p2a: Pizza|Alomomola, F, shiny|100\/100 brn\n|move|p1a: Sableye|Knock Off|p2a: Pizza\n|-damage|p2a: Pizza|96\/100 brn\n|\n|-heal|p1a: Sableye|87\/100 brn|[from] item: Leftovers\n|-damage|p2a: Pizza|90\/100 brn|[from] brn\n|-damage|p1a: Sableye|81\/100 brn|[from] brn\n|upkeep\n|turn|35\n|\n|t:|1697590092\n|move|p1a: Sableye|Taunt|p2a: Pizza\n|-start|p2a: Pizza|move: Taunt\n|move|p2a: Pizza|Scald|p1a: Sableye\n|-damage|p1a: Sableye|69\/100 brn\n|\n|-heal|p1a: Sableye|75\/100 brn|[from] item: Leftovers\n|-damage|p2a: Pizza|84\/100 brn|[from] brn\n|-damage|p1a: Sableye|69\/100 brn|[from] brn\n|upkeep\n|turn|36\n|\n|t:|1697590101\n|move|p2a: Pizza|Flip Turn|p1a: Sableye\n|-damage|p1a: Sableye|58\/100 brn\n|\n|t:|1697590103\n|switch|p2a: TheeStallion|Clefable, F, shiny|100\/100|[from] Flip Turn\n|move|p1a: Sableye|Knock Off|p2a: TheeStallion\n|-resisted|p2a: TheeStallion\n|-damage|p2a: TheeStallion|93\/100\n|-enditem|p2a: TheeStallion|Leftovers|[from] move: Knock Off|[of] p1a: Sableye\n|\n|-heal|p1a: Sableye|64\/100 brn|[from] item: Leftovers\n|-damage|p1a: Sableye|58\/100 brn|[from] brn\n|upkeep\n|turn|37\n|\n|t:|1697590115\n|switch|p2a: Pizza|Alomomola, F, shiny|100\/100 brn\n|move|p1a: Sableye|Taunt|p2a: Pizza\n|-start|p2a: Pizza|move: Taunt\n|\n|-heal|p1a: Sableye|64\/100 brn|[from] item: Leftovers\n|-damage|p2a: Pizza|94\/100 brn|[from] brn\n|-damage|p1a: Sableye|58\/100 brn|[from] brn\n|upkeep\n|turn|38\n|\n|t:|1697590124\n|move|p1a: Sableye|Recover|p1a: Sableye\n|-heal|p1a: Sableye|100\/100 brn\n|move|p2a: Pizza|Scald|p1a: Sableye\n|-damage|p1a: Sableye|88\/100 brn\n|\n|-heal|p1a: Sableye|94\/100 brn|[from] item: Leftovers\n|-damage|p2a: Pizza|88\/100 brn|[from] brn\n|-damage|p1a: Sableye|88\/100 brn|[from] brn\n|upkeep\n|turn|39\n|c|\u2606trillbo|LOOK AT YOUR KING KROW\n|c|\u2606trillbo|LOOK\n|c|\u2606BlackAceX19|The purple gremlin?\n|c|\u2606trillbo|CANT PLAY WIFI ONLY STALL\n|\n|t:|1697590155\n|move|p2a: Pizza|Scald|p1a: Sableye\n|-damage|p1a: Sableye|75\/100 brn\n|move|p1a: Sableye|Knock Off|p2a: Pizza\n|-damage|p2a: Pizza|84\/100 brn\n|\n|-heal|p1a: Sableye|81\/100 brn|[from] item: Leftovers\n|-damage|p2a: Pizza|77\/100 brn|[from] brn\n|-damage|p1a: Sableye|75\/100 brn|[from] brn\n|-end|p2a: Pizza|move: Taunt\n|upkeep\n|turn|40\n|c|\u2606BlackAceX19|i never said you wifi stall me ._.\n|\n|t:|1697590169\n|move|p1a: Sableye|Taunt|p2a: Pizza\n|-start|p2a: Pizza|move: Taunt\n|move|p2a: Pizza|Flip Turn|p1a: Sableye\n|-damage|p1a: Sableye|64\/100 brn\n|\n|t:|1697590175\n|switch|p2a: TheeStallion|Clefable, F, shiny|93\/100|[from] Flip Turn\n|\n|-heal|p1a: Sableye|70\/100 brn|[from] item: Leftovers\n|-damage|p1a: Sableye|64\/100 brn|[from] brn\n|upkeep\n|turn|41\n|\n|t:|1697590186\n|switch|p2a: Pizza|Alomomola, F, shiny|100\/100 brn\n|move|p1a: Sableye|Taunt|p2a: Pizza\n|-start|p2a: Pizza|move: Taunt\n|\n|-heal|p1a: Sableye|70\/100 brn|[from] item: Leftovers\n|-damage|p2a: Pizza|94\/100 brn|[from] brn\n|-damage|p1a: Sableye|64\/100 brn|[from] brn\n|upkeep\n|turn|42\n|c|\u2606BlackAceX19|only one who did that to me was judgie\n|\n|t:|1697590201\n|move|p2a: Pizza|Scald|p1a: Sableye\n|-damage|p1a: Sableye|50\/100 brn\n|move|p1a: Sableye|Knock Off|p2a: Pizza\n|-damage|p2a: Pizza|90\/100 brn\n|\n|-heal|p1a: Sableye|56\/100 brn|[from] item: Leftovers\n|-damage|p2a: Pizza|83\/100 brn|[from] brn\n|-damage|p1a: Sableye|50\/100 brn|[from] brn\n|upkeep\n|turn|43\n|c|\u2606BlackAceX19|and we spoke about it\n|c| Judgieiscool|honk mimimimi\n|\n|t:|1697590209\n|move|p1a: Sableye|Recover|p1a: Sableye\n|-heal|p1a: Sableye|99\/100 brn\n|move|p2a: Pizza|Flip Turn|p1a: Sableye\n|-damage|p1a: Sableye|88\/100 brn\n|c| Judgieiscool|honk shoo\n|\n|t:|1697590214\n|switch|p2a: TheeStallion|Clefable, F, shiny|93\/100|[from] Flip Turn\n|\n|-heal|p1a: Sableye|95\/100 brn|[from] item: Leftovers\n|-damage|p1a: Sableye|88\/100 brn|[from] brn\n|upkeep\n|turn|44\n|\n|t:|1697590223\n|switch|p2a: Pizza|Alomomola, F, shiny|100\/100 brn\n|move|p1a: Sableye|Taunt|p2a: Pizza\n|-start|p2a: Pizza|move: Taunt\n|\n|-heal|p1a: Sableye|95\/100 brn|[from] item: Leftovers\n|-damage|p2a: Pizza|94\/100 brn|[from] brn\n|-damage|p1a: Sableye|88\/100 brn|[from] brn\n|upkeep\n|turn|45\n|\n|t:|1697590235\n|switch|p1a: Amoonguss|Amoonguss, F, shiny|100\/100\n|-damage|p1a: Amoonguss|88\/100|[from] Stealth Rock\n|move|p2a: Pizza|Flip Turn|p1a: Amoonguss\n|-resisted|p1a: Amoonguss\n|-damage|p1a: Amoonguss|84\/100\n|\n|t:|1697590242\n|switch|p2a: TheeStallion|Clefable, F, shiny|93\/100|[from] Flip Turn\n|\n|upkeep\n|turn|46\n|\n|t:|1697590247\n|switch|p2a: Pizza|Alomomola, F, shiny|100\/100 brn\n|move|p1a: Amoonguss|Stun Spore||[still]\n|-fail|p1a: Amoonguss\n|\n|-damage|p2a: Pizza|94\/100 brn|[from] brn\n|upkeep\n|turn|47\n|\n|t:|1697590253\n|move|p2a: Pizza|Wish|p2a: Pizza\n|move|p1a: Amoonguss|Sludge Bomb|p2a: Pizza\n|-damage|p2a: Pizza|61\/100 brn\n|\n|-damage|p2a: Pizza|54\/100 brn|[from] brn\n|upkeep\n|turn|48\n|\n|t:|1697590272\n|move|p2a: Pizza|Protect|p2a: Pizza\n|-singleturn|p2a: Pizza|Protect\n|move|p1a: Amoonguss|Sludge Bomb|p2a: Pizza\n|-activate|p2a: Pizza|move: Protect\n|\n|-heal|p2a: Pizza|100\/100 brn|[from] move: Wish|[wisher] Pizza\n|-damage|p2a: Pizza|94\/100 brn|[from] brn\n|upkeep\n|turn|49\n|\n|t:|1697590280\n|move|p2a: Pizza|Wish|p2a: Pizza\n|move|p1a: Amoonguss|Sludge Bomb|p2a: Pizza\n|-damage|p2a: Pizza|62\/100 brn\n|\n|-damage|p2a: Pizza|56\/100 brn|[from] brn\n|upkeep\n|turn|50\n|\n|t:|1697590293\n|move|p2a: Pizza|Protect|p2a: Pizza\n|-singleturn|p2a: Pizza|Protect\n|move|p1a: Amoonguss|Sludge Bomb|p2a: Pizza\n|-activate|p2a: Pizza|move: Protect\n|\n|-heal|p2a: Pizza|100\/100 brn|[from] move: Wish|[wisher] Pizza\n|-damage|p2a: Pizza|94\/100 brn|[from] brn\n|upkeep\n|turn|51\n|\n|t:|1697590303\n|move|p2a: Pizza|Wish|p2a: Pizza\n|move|p1a: Amoonguss|Sludge Bomb|p2a: Pizza\n|-damage|p2a: Pizza|65\/100 brn\n|\n|-damage|p2a: Pizza|58\/100 brn|[from] brn\n|upkeep\n|turn|52\n|\n|t:|1697590309\n|move|p2a: Pizza|Protect|p2a: Pizza\n|-singleturn|p2a: Pizza|Protect\n|move|p1a: Amoonguss|Sludge Bomb|p2a: Pizza\n|-activate|p2a: Pizza|move: Protect\n|\n|-heal|p2a: Pizza|100\/100 brn|[from] move: Wish|[wisher] Pizza\n|-damage|p2a: Pizza|94\/100 brn|[from] brn\n|upkeep\n|turn|53\n|\n|t:|1697590317\n|move|p2a: Pizza|Wish|p2a: Pizza\n|move|p1a: Amoonguss|Sludge Bomb|p2a: Pizza\n|-damage|p2a: Pizza|64\/100 brn\n|\n|-damage|p2a: Pizza|58\/100 brn|[from] brn\n|upkeep\n|turn|54\n|\n|t:|1697590323\n|move|p2a: Pizza|Protect|p2a: Pizza\n|-singleturn|p2a: Pizza|Protect\n|move|p1a: Amoonguss|Sludge Bomb|p2a: Pizza\n|-activate|p2a: Pizza|move: Protect\n|\n|-heal|p2a: Pizza|100\/100 brn|[from] move: Wish|[wisher] Pizza\n|-damage|p2a: Pizza|94\/100 brn|[from] brn\n|upkeep\n|turn|55\n|\n|t:|1697590331\n|move|p2a: Pizza|Wish|p2a: Pizza\n|move|p1a: Amoonguss|Sludge Bomb|p2a: Pizza\n|-damage|p2a: Pizza|62\/100 brn\n|\n|-damage|p2a: Pizza|56\/100 brn|[from] brn\n|upkeep\n|turn|56\n|\n|t:|1697590358\n|move|p2a: Pizza|Protect|p2a: Pizza\n|-singleturn|p2a: Pizza|Protect\n|move|p1a: Amoonguss|Sludge Bomb|p2a: Pizza\n|-activate|p2a: Pizza|move: Protect\n|\n|-heal|p2a: Pizza|100\/100 brn|[from] move: Wish|[wisher] Pizza\n|-damage|p2a: Pizza|94\/100 brn|[from] brn\n|upkeep\n|turn|57\n|\n|t:|1697590366\n|move|p2a: Pizza|Wish|p2a: Pizza\n|move|p1a: Amoonguss|Spore||[still]\n|-fail|p1a: Amoonguss\n|\n|-damage|p2a: Pizza|88\/100 brn|[from] brn\n|upkeep\n|turn|58\n|\n|t:|1697590371\n|move|p2a: Pizza|Scald|p1a: Amoonguss\n|-resisted|p1a: Amoonguss\n|-damage|p1a: Amoonguss|80\/100\n|move|p1a: Amoonguss|Spore||[still]\n|-fail|p1a: Amoonguss\n|\n|-heal|p2a: Pizza|100\/100 brn|[from] move: Wish|[wisher] Pizza\n|-damage|p2a: Pizza|94\/100 brn|[from] brn\n|upkeep\n|turn|59\n|\n|t:|1697590383\n|move|p2a: Pizza|Wish|p2a: Pizza\n|move|p1a: Amoonguss|Spore||[still]\n|-fail|p1a: Amoonguss\n|\n|-damage|p2a: Pizza|88\/100 brn|[from] brn\n|upkeep\n|turn|60\n|\n|t:|1697590388\n|move|p2a: Pizza|Scald|p1a: Amoonguss\n|-resisted|p1a: Amoonguss\n|-damage|p1a: Amoonguss|76\/100\n|move|p1a: Amoonguss|Stun Spore||[still]\n|-fail|p1a: Amoonguss\n|\n|-heal|p2a: Pizza|100\/100 brn|[from] move: Wish|[wisher] Pizza\n|-damage|p2a: Pizza|94\/100 brn|[from] brn\n|upkeep\n|turn|61\n|\n|t:|1697590396\n|move|p2a: Pizza|Scald|p1a: Amoonguss\n|-resisted|p1a: Amoonguss\n|-damage|p1a: Amoonguss|72\/100\n|move|p1a: Amoonguss|Spore||[still]\n|-fail|p1a: Amoonguss\n|\n|-damage|p2a: Pizza|88\/100 brn|[from] brn\n|upkeep\n|turn|62\n|\n|t:|1697590413\n|move|p2a: Pizza|Scald|p1a: Amoonguss\n|-resisted|p1a: Amoonguss\n|-damage|p1a: Amoonguss|68\/100\n|-status|p1a: Amoonguss|brn\n|move|p1a: Amoonguss|Spore||[still]\n|-fail|p1a: Amoonguss\n|\n|-damage|p2a: Pizza|82\/100 brn|[from] brn\n|-damage|p1a: Amoonguss|62\/100 brn|[from] brn\n|upkeep\n|turn|63\n|c| Willish6634|Smogon moment\n|\n|t:|1697590425\n|move|p2a: Pizza|Protect|p2a: Pizza\n|-singleturn|p2a: Pizza|Protect\n|move|p1a: Amoonguss|Stun Spore|p2a: Pizza\n|-activate|p2a: Pizza|move: Protect\n|\n|-damage|p2a: Pizza|76\/100 brn|[from] brn\n|-damage|p1a: Amoonguss|56\/100 brn|[from] brn\n|upkeep\n|turn|64\n|\n|t:|1697590432\n|move|p2a: Pizza|Wish|p2a: Pizza\n|move|p1a: Amoonguss|Spore||[still]\n|-fail|p1a: Amoonguss\n|\n|-damage|p2a: Pizza|70\/100 brn|[from] brn\n|-damage|p1a: Amoonguss|50\/100 brn|[from] brn\n|upkeep\n|turn|65\n|\n|t:|1697590444\n|switch|p1a: Sableye|Sableye, F|88\/100 brn\n|-damage|p1a: Sableye|76\/100 brn|[from] Stealth Rock\n|move|p2a: Pizza|Scald|p1a: Sableye\n|-damage|p1a: Sableye|62\/100 brn\n|\n|-heal|p2a: Pizza|100\/100 brn|[from] move: Wish|[wisher] Pizza\n|-heal|p1a: Sableye|68\/100 brn|[from] item: Leftovers\n|-damage|p2a: Pizza|94\/100 brn|[from] brn\n|-damage|p1a: Sableye|62\/100 brn|[from] brn\n|upkeep\n|turn|66\n|\n|t:|1697590459\n|move|p1a: Sableye|Taunt|p2a: Pizza\n|-start|p2a: Pizza|move: Taunt\n|move|p2a: Pizza|Flip Turn|p1a: Sableye\n|-damage|p1a: Sableye|50\/100 brn\n|\n|t:|1697590464\n|switch|p2a: TheeStallion|Clefable, F, shiny|93\/100|[from] Flip Turn\n|\n|-heal|p1a: Sableye|56\/100 brn|[from] item: Leftovers\n|-damage|p1a: Sableye|50\/100 brn|[from] brn\n|upkeep\n|turn|67\n|\n|t:|1697590471\n|move|p1a: Sableye|Taunt|p2a: TheeStallion\n|-start|p2a: TheeStallion|move: Taunt\n|move|p2a: TheeStallion|Draining Kiss|p1a: Sableye\n|-supereffective|p1a: Sableye\n|-damage|p1a: Sableye|16\/100 brn\n|-heal|p2a: TheeStallion|100\/100|[from] drain|[of] p1a: Sableye\n|\n|-heal|p1a: Sableye|23\/100 brn|[from] item: Leftovers\n|-damage|p1a: Sableye|16\/100 brn|[from] brn\n|upkeep\n|turn|68\n|l| Willish6634\n|\n|t:|1697590480\n|move|p1a: Sableye|Recover|p1a: Sableye\n|-heal|p1a: Sableye|66\/100 brn\n|move|p2a: TheeStallion|Draining Kiss|p1a: Sableye\n|-supereffective|p1a: Sableye\n|-damage|p1a: Sableye|29\/100 brn\n|\n|-heal|p1a: Sableye|35\/100 brn|[from] item: Leftovers\n|-damage|p1a: Sableye|29\/100 brn|[from] brn\n|upkeep\n|turn|69\n|\n|t:|1697590492\n|move|p1a: Sableye|Recover|p1a: Sableye\n|-heal|p1a: Sableye|79\/100 brn\n|move|p2a: TheeStallion|Draining Kiss|p1a: Sableye\n|-supereffective|p1a: Sableye\n|-damage|p1a: Sableye|43\/100 brn\n|\n|-heal|p1a: Sableye|49\/100 brn|[from] item: Leftovers\n|-damage|p1a: Sableye|43\/100 brn|[from] brn\n|-end|p2a: TheeStallion|move: Taunt\n|upkeep\n|turn|70\n|c| Judgieiscool|ruh roh\n|\n|t:|1697590505\n|move|p1a: Sableye|Taunt|p2a: TheeStallion\n|-start|p2a: TheeStallion|move: Taunt\n|move|p2a: TheeStallion|Draining Kiss|p1a: Sableye\n|-supereffective|p1a: Sableye\n|-damage|p1a: Sableye|6\/100 brn\n|\n|-heal|p1a: Sableye|13\/100 brn|[from] item: Leftovers\n|-damage|p1a: Sableye|6\/100 brn|[from] brn\n|upkeep\n|turn|71\n|\n|t:|1697590513\n|move|p1a: Sableye|Recover|p1a: Sableye\n|-heal|p1a: Sableye|56\/100 brn\n|move|p2a: TheeStallion|Draining Kiss|p1a: Sableye\n|-supereffective|p1a: Sableye\n|-damage|p1a: Sableye|18\/100 brn\n|\n|-heal|p1a: Sableye|25\/100 brn|[from] item: Leftovers\n|-damage|p1a: Sableye|18\/100 brn|[from] brn\n|upkeep\n|turn|72\n|\n|t:|1697590522\n|move|p1a: Sableye|Recover|p1a: Sableye\n|-heal|p1a: Sableye|68\/100 brn\n|move|p2a: TheeStallion|Draining Kiss|p1a: Sableye\n|-supereffective|p1a: Sableye\n|-damage|p1a: Sableye|31\/100 brn\n|\n|-heal|p1a: Sableye|37\/100 brn|[from] item: Leftovers\n|-damage|p1a: Sableye|31\/100 brn|[from] brn\n|-end|p2a: TheeStallion|move: Taunt\n|upkeep\n|turn|73\n|\n|t:|1697590535\n|move|p1a: Sableye|Taunt|p2a: TheeStallion\n|-start|p2a: TheeStallion|move: Taunt\n|move|p2a: TheeStallion|Draining Kiss|p1a: Sableye\n|-supereffective|p1a: Sableye\n|-damage|p1a: Sableye|0 fnt\n|faint|p1a: Sableye\n|\n|upkeep\n|\n|t:|1697590540\n|switch|p1a: Infernape|Infernape, F|75\/100\n|turn|74\n|\n|t:|1697590543\n|switch|p2a: Pizza|Alomomola, F, shiny|100\/100 brn\n|move|p1a: Infernape|Gunk Shot|p2a: Pizza\n|-damage|p2a: Pizza|82\/100 brn\n|\n|-damage|p2a: Pizza|76\/100 brn|[from] brn\n|upkeep\n|turn|75\n|\n|t:|1697590550\n|switch|p1a: Amoonguss|Amoonguss, F, shiny|83\/100 brn\n|-damage|p1a: Amoonguss|71\/100 brn|[from] Stealth Rock\n|move|p2a: Pizza|Wish|p2a: Pizza\n|\n|-damage|p2a: Pizza|69\/100 brn|[from] brn\n|-damage|p1a: Amoonguss|65\/100 brn|[from] brn\n|upkeep\n|turn|76\n|\n|t:|1697590560\n|move|p2a: Pizza|Protect|p2a: Pizza\n|-singleturn|p2a: Pizza|Protect\n|move|p1a: Amoonguss|Stun Spore|p2a: Pizza\n|-activate|p2a: Pizza|move: Protect\n|\n|-heal|p2a: Pizza|100\/100 brn|[from] move: Wish|[wisher] Pizza\n|-damage|p2a: Pizza|94\/100 brn|[from] brn\n|-damage|p1a: Amoonguss|59\/100 brn|[from] brn\n|upkeep\n|turn|77\n|\n|t:|1697590573\n|move|p2a: Pizza|Scald|p1a: Amoonguss\n|-resisted|p1a: Amoonguss\n|-damage|p1a: Amoonguss|55\/100 brn\n|move|p1a: Amoonguss|Stun Spore||[still]\n|-fail|p1a: Amoonguss\n|\n|-damage|p2a: Pizza|88\/100 brn|[from] brn\n|-damage|p1a: Amoonguss|49\/100 brn|[from] brn\n|upkeep\n|turn|78\n|\n|t:|1697590585\n|move|p2a: Pizza|Scald|p1a: Amoonguss\n|-resisted|p1a: Amoonguss\n|-damage|p1a: Amoonguss|45\/100 brn\n|move|p1a: Amoonguss|Sludge Bomb|p2a: Pizza\n|-damage|p2a: Pizza|53\/100 brn\n|\n|-damage|p2a: Pizza|47\/100 brn|[from] brn\n|-damage|p1a: Amoonguss|39\/100 brn|[from] brn\n|upkeep\n|turn|79\n|\n|t:|1697590593\n|switch|p1a: Infernape|Infernape, F|75\/100\n|move|p2a: Pizza|Wish|p2a: Pizza\n|\n|-damage|p2a: Pizza|41\/100 brn|[from] brn\n|upkeep\n|turn|80\n|\n|t:|1697590604\n|switch|p1a: Amoonguss|Amoonguss, F, shiny|72\/100 brn\n|-damage|p1a: Amoonguss|59\/100 brn|[from] Stealth Rock\n|move|p2a: Pizza|Protect||[still]\n|-fail|p2a: Pizza\n|\n|-heal|p2a: Pizza|91\/100 brn|[from] move: Wish|[wisher] Pizza\n|-damage|p2a: Pizza|85\/100 brn|[from] brn\n|-damage|p1a: Amoonguss|53\/100 brn|[from] brn\n|upkeep\n|turn|81\n|\n|t:|1697590618\n|move|p2a: Pizza|Scald|p1a: Amoonguss\n|-resisted|p1a: Amoonguss\n|-damage|p1a: Amoonguss|49\/100 brn\n|move|p1a: Amoonguss|Sludge Bomb|p2a: Pizza\n|-damage|p2a: Pizza|55\/100 brn\n|\n|-damage|p2a: Pizza|48\/100 brn|[from] brn\n|-damage|p1a: Amoonguss|43\/100 brn|[from] brn\n|upkeep\n|turn|82\n|\n|t:|1697590626\n|move|p2a: Pizza|Wish|p2a: Pizza\n|move|p1a: Amoonguss|Stun Spore||[still]\n|-fail|p1a: Amoonguss\n|\n|-damage|p2a: Pizza|42\/100 brn|[from] brn\n|-damage|p1a: Amoonguss|37\/100 brn|[from] brn\n|upkeep\n|turn|83\n|\n|t:|1697590632\n|move|p2a: Pizza|Protect|p2a: Pizza\n|-singleturn|p2a: Pizza|Protect\n|move|p1a: Amoonguss|Stun Spore|p2a: Pizza\n|-activate|p2a: Pizza|move: Protect\n|\n|-heal|p2a: Pizza|92\/100 brn|[from] move: Wish|[wisher] Pizza\n|-damage|p2a: Pizza|86\/100 brn|[from] brn\n|-damage|p1a: Amoonguss|31\/100 brn|[from] brn\n|upkeep\n|turn|84\n|\n|t:|1697590648\n|move|p2a: Pizza|Wish|p2a: Pizza\n|move|p1a: Amoonguss|Sludge Bomb|p2a: Pizza\n|-damage|p2a: Pizza|53\/100 brn\n|\n|-damage|p2a: Pizza|47\/100 brn|[from] brn\n|-damage|p1a: Amoonguss|25\/100 brn|[from] brn\n|upkeep\n|turn|85\n|\n|t:|1697590654\n|move|p2a: Pizza|Scald|p1a: Amoonguss\n|-resisted|p1a: Amoonguss\n|-damage|p1a: Amoonguss|21\/100 brn\n|move|p1a: Amoonguss|Sludge Bomb|p2a: Pizza\n|-damage|p2a: Pizza|15\/100 brn\n|\n|-heal|p2a: Pizza|65\/100 brn|[from] move: Wish|[wisher] Pizza\n|-damage|p2a: Pizza|59\/100 brn|[from] brn\n|-damage|p1a: Amoonguss|15\/100 brn|[from] brn\n|upkeep\n|turn|86\n|\n|t:|1697590666\n|move|p2a: Pizza|Wish|p2a: Pizza\n|move|p1a: Amoonguss|Stun Spore||[still]\n|-fail|p1a: Amoonguss\n|\n|-damage|p2a: Pizza|53\/100 brn|[from] brn\n|-damage|p1a: Amoonguss|9\/100 brn|[from] brn\n|upkeep\n|turn|87\n|\n|t:|1697590676\n|move|p2a: Pizza|Protect|p2a: Pizza\n|-singleturn|p2a: Pizza|Protect\n|move|p1a: Amoonguss|Stun Spore|p2a: Pizza\n|-activate|p2a: Pizza|move: Protect\n|\n|-heal|p2a: Pizza|100\/100 brn|[from] move: Wish|[wisher] Pizza\n|-damage|p2a: Pizza|94\/100 brn|[from] brn\n|-damage|p1a: Amoonguss|3\/100 brn|[from] brn\n|upkeep\n|turn|88\n|\n|t:|1697590700\n|move|p2a: Pizza|Scald|p1a: Amoonguss\n|-resisted|p1a: Amoonguss\n|-damage|p1a: Amoonguss|0 fnt\n|faint|p1a: Amoonguss\n|\n|-damage|p2a: Pizza|88\/100 brn|[from] brn\n|upkeep\n|\n|t:|1697590701\n|switch|p1a: Infernape|Infernape, F|75\/100\n|turn|89\n|\n|t:|1697590712\n|move|p1a: Infernape|Gunk Shot|p2a: Pizza\n|-damage|p2a: Pizza|70\/100 brn\n|move|p2a: Pizza|Flip Turn|p1a: Infernape\n|-supereffective|p1a: Infernape\n|-damage|p1a: Infernape|50\/100\n|\n|t:|1697590717\n|switch|p2a: TheeStallion|Clefable, F, shiny|100\/100|[from] Flip Turn\n|\n|upkeep\n|turn|90\n|l| Smoocheh\n|\n|t:|1697590745\n|switch|p2a: Pizza|Alomomola, F, shiny|100\/100 brn\n|move|p1a: Infernape|Taunt|p2a: Pizza\n|-start|p2a: Pizza|move: Taunt\n|\n|-damage|p2a: Pizza|94\/100 brn|[from] brn\n|upkeep\n|turn|91\n|j| Willish6634\n|\n|t:|1697590752\n|move|p1a: Infernape|Gunk Shot|p2a: Pizza\n|-damage|p2a: Pizza|77\/100 brn\n|move|p2a: Pizza|Flip Turn|p1a: Infernape\n|-supereffective|p1a: Infernape\n|-damage|p1a: Infernape|24\/100\n|\n|t:|1697590757\n|switch|p2a: TheeStallion|Clefable, F, shiny|100\/100|[from] Flip Turn\n|\n|upkeep\n|turn|92\n|\n|t:|1697590761\n|move|p1a: Infernape|Gunk Shot|p2a: TheeStallion|[miss]\n|-miss|p1a: Infernape|p2a: TheeStallion\n|move|p2a: TheeStallion|Draining Kiss|p1a: Infernape\n|-damage|p1a: Infernape|0 fnt\n|faint|p1a: Infernape\n|\n|win|trillbo\n|c| Willish6634|Whats the final move on amongus\n|c|\u2606trillbo|NYCG\n|c|\u2606trillbo|NYCG\n|c|\u2606trillbo|NYCG\n|l| ampharosaunt11\n|c|\u2606BlackAceX19|a magician never reveals his secrets\n|l| Willish6634\n|l|\u2606BlackAceX19\n|l|\u2606trillbo\n|l| Chadwin93\n|l| LentLicker\n|j|\u2606BlackAceX19\n|player|p1|BlackAceX19|wally-masters\n|l|\u2606BlackAceX19\n|player|p1|\n|j|\u2606BlackAceX19\n|player|p1|BlackAceX19|wally-masters\n","uploadtime":1697590769,"views":42,"p1id":"blackacex19","p2id":"trillbo","formatid":"gen9ubers","rating":0,"private":0,"password":""}