{"id":"gen9ubers-1984499489","p1":"OceanicGamer3","p2":"adpg.alt","format":"[Gen 9] Ubers","log":"|j|\u2606OceanicGamer3\n|j|\u2606adpg.alt\n|t:|1699273008\n|gametype|singles\n|player|p1|OceanicGamer3|bugcatcher-gen4dp|\n|player|p2|adpg.alt|hilbert-wonderlauncher|\n|teamsize|p1|6\n|teamsize|p2|6\n|gen|9\n|tier|[Gen 9] Ubers\n|rule|Sleep Clause Mod: Limit one foe put to sleep\n|rule|Species Clause: Limit one of each Pok\u00e9mon\n|rule|OHKO Clause: OHKO moves are banned\n|rule|Evasion Items Clause: Evasion items are banned\n|rule|Evasion Moves Clause: Evasion moves are banned\n|rule|Endless Battle Clause: Forcing endless battles is banned\n|rule|HP Percentage Mod: HP is shown in percentages\n|clearpoke\n|poke|p1|Kommo-o, M|\n|poke|p1|Mimikyu, F|\n|poke|p1|Spectrier|\n|poke|p1|Arceus-Poison|\n|poke|p1|Volcarona, F|\n|poke|p1|Urshifu-*, M|\n|poke|p2|Torkoal, F|\n|poke|p2|Roaring Moon|\n|poke|p2|Walking Wake|\n|poke|p2|Lilligant-Hisui, F|\n|poke|p2|Sandy Shocks|\n|poke|p2|Zacian-*|\n|teampreview\n|\n|t:|1699273013\n|start\n|switch|p1a: Mimikyu|Mimikyu, F, shiny|100\/100\n|switch|p2a: Torkoal|Torkoal, F|100\/100\n|-weather|SunnyDay|[from] ability: Drought|[of] p2a: Torkoal\n|turn|1\n|\n|t:|1699273021\n|move|p1a: Mimikyu|Thunder Wave|p2a: Torkoal\n|-status|p2a: Torkoal|par\n|move|p2a: Torkoal|Yawn|p1a: Mimikyu\n|-start|p1a: Mimikyu|move: Yawn|[of] p2a: Torkoal\n|\n|-weather|SunnyDay|[upkeep]\n|upkeep\n|turn|2\n|c|\u2606OceanicGamer3|Glhf\n|\n|t:|1699273030\n|switch|p1a: Arceus|Arceus-Poison, shiny|100\/100\n|cant|p2a: Torkoal|par\n|\n|-weather|SunnyDay|[upkeep]\n|upkeep\n|turn|3\n|\n|t:|1699273036\n|move|p1a: Arceus|Sludge Bomb|p2a: Torkoal\n|-damage|p2a: Torkoal|47\/100 par\n|move|p2a: Torkoal|Yawn|p1a: Arceus\n|-start|p1a: Arceus|move: Yawn|[of] p2a: Torkoal\n|\n|-weather|SunnyDay|[upkeep]\n|upkeep\n|turn|4\n|\n|t:|1699273045\n|switch|p1a: Spectrier|Spectrier|100\/100\n|switch|p2a: Roaring Moon|Roaring Moon|100\/100\n|-activate|p2a: Roaring Moon|ability: Protosynthesis\n|-start|p2a: Roaring Moon|protosynthesisspe\n|\n|-weather|SunnyDay|[upkeep]\n|upkeep\n|turn|5\n|\n|t:|1699273062\n|switch|p1a: Urshifu|Urshifu, M|100\/100\n|-terastallize|p2a: Roaring Moon|Dark\n|move|p2a: Roaring Moon|Knock Off|p1a: Urshifu\n|-resisted|p1a: Urshifu\n|-damage|p1a: Urshifu|75\/100\n|-enditem|p1a: Urshifu|Salac Berry|[from] move: Knock Off|[of] p2a: Roaring Moon\n|\n|-weather|SunnyDay|[upkeep]\n|upkeep\n|turn|6\n|\n|t:|1699273072\n|-end|p2a: Roaring Moon|Protosynthesis|[silent]\n|switch|p2a: Lilligant|Lilligant-Hisui, F|100\/100\n|move|p1a: Urshifu|Close Combat|p2a: Lilligant\n|-damage|p2a: Lilligant|9\/100\n|-unboost|p1a: Urshifu|def|1\n|-unboost|p1a: Urshifu|spd|1\n|\n|-weather|SunnyDay|[upkeep]\n|upkeep\n|turn|7\n|\n|t:|1699273081\n|move|p2a: Lilligant|Solar Blade||[still]\n|-prepare|p2a: Lilligant|Solar Blade\n|-anim|p2a: Lilligant|Solar Blade|p1a: Urshifu\n|-damage|p1a: Urshifu|0 fnt\n|faint|p1a: Urshifu\n|-damage|p2a: Lilligant|0 fnt|[from] item: Life Orb\n|faint|p2a: Lilligant\n|\n|-weather|SunnyDay|[upkeep]\n|upkeep\n|\n|t:|1699273094\n|switch|p1a: Mimikyu|Mimikyu, F, shiny|100\/100\n|switch|p2a: Walking Wake|Walking Wake|100\/100\n|-activate|p2a: Walking Wake|ability: Protosynthesis\n|-start|p2a: Walking Wake|protosynthesisspe\n|turn|8\n|c|\u2606OceanicGamer3|I was gonna eat thta\n|\n|t:|1699273101\n|-end|p2a: Walking Wake|Protosynthesis|[silent]\n|switch|p2a: Torkoal|Torkoal, F|47\/100 par\n|move|p1a: Mimikyu|Thunder Wave|p2a: Torkoal\n|-fail|p2a: Torkoal|par\n|\n|-weather|none\n|upkeep\n|turn|9\n|\n|t:|1699273110\n|move|p1a: Mimikyu|Shadow Sneak|p2a: Torkoal\n|-damage|p2a: Torkoal|38\/100 par\n|move|p2a: Torkoal|Lava Plume|p1a: Mimikyu\n|-activate|p1a: Mimikyu|ability: Disguise\n|-damage|p1a: Mimikyu|100\/100\n|detailschange|p1a: Mimikyu|Mimikyu-Busted, F, shiny\n|-damage|p1a: Mimikyu|88\/100|[from] pokemon: Mimikyu-Busted\n|\n|upkeep\n|turn|10\n|\n|t:|1699273119\n|switch|p1a: Volcarona|Volcarona, F, shiny|100\/100\n|move|p2a: Torkoal|Yawn|p1a: Volcarona\n|-start|p1a: Volcarona|move: Yawn|[of] p2a: Torkoal\n|\n|upkeep\n|turn|11\n|\n|t:|1699273127\n|switch|p1a: Spectrier|Spectrier|100\/100\n|switch|p2a: Walking Wake|Walking Wake|100\/100\n|\n|upkeep\n|turn|12\n|\n|t:|1699273134\n|move|p1a: Spectrier|Substitute|p1a: Spectrier\n|-start|p1a: Spectrier|Substitute\n|-damage|p1a: Spectrier|76\/100\n|move|p2a: Walking Wake|Draco Meteor|p1a: Spectrier\n|-end|p1a: Spectrier|Substitute\n|-unboost|p2a: Walking Wake|spa|2\n|\n|-heal|p1a: Spectrier|82\/100|[from] item: Leftovers\n|upkeep\n|turn|13\n|\n|t:|1699273141\n|-end|p2a: Walking Wake|Protosynthesis|[silent]\n|switch|p2a: Torkoal|Torkoal, F|38\/100 par\n|-weather|SunnyDay|[from] ability: Drought|[of] p2a: Torkoal\n|move|p1a: Spectrier|Nasty Plot|p1a: Spectrier\n|-boost|p1a: Spectrier|spa|2\n|\n|-weather|SunnyDay|[upkeep]\n|-heal|p1a: Spectrier|88\/100|[from] item: Leftovers\n|upkeep\n|turn|14\n|\n|t:|1699273146\n|move|p1a: Spectrier|Substitute|p1a: Spectrier\n|-start|p1a: Spectrier|Substitute\n|-damage|p1a: Spectrier|63\/100\n|move|p2a: Torkoal|Yawn||[still]\n|-fail|p2a: Torkoal\n|\n|-weather|SunnyDay|[upkeep]\n|-heal|p1a: Spectrier|69\/100|[from] item: Leftovers\n|upkeep\n|turn|15\n|\n|t:|1699273151\n|move|p1a: Spectrier|Shadow Ball|p2a: Torkoal\n|-damage|p2a: Torkoal|0 fnt\n|faint|p2a: Torkoal\n|-ability|p1a: Spectrier|Grim Neigh|boost\n|-boost|p1a: Spectrier|spa|1\n|\n|-weather|SunnyDay|[upkeep]\n|-heal|p1a: Spectrier|75\/100|[from] item: Leftovers\n|upkeep\n|\n|t:|1699273155\n|switch|p2a: Sandy Shocks|Sandy Shocks|100\/100\n|-activate|p2a: Sandy Shocks|ability: Protosynthesis\n|-start|p2a: Sandy Shocks|protosynthesisspe\n|turn|16\n|\n|t:|1699273160\n|move|p2a: Sandy Shocks|Thunderbolt|p1a: Spectrier\n|-end|p1a: Spectrier|Substitute\n|move|p1a: Spectrier|Shadow Ball|p2a: Sandy Shocks\n|-damage|p2a: Sandy Shocks|0 fnt\n|faint|p2a: Sandy Shocks\n|-end|p2a: Sandy Shocks|Protosynthesis|[silent]\n|-ability|p1a: Spectrier|Grim Neigh|boost\n|-boost|p1a: Spectrier|spa|1\n|\n|-weather|SunnyDay|[upkeep]\n|-heal|p1a: Spectrier|81\/100|[from] item: Leftovers\n|upkeep\n|\n|t:|1699273167\n|switch|p2a: Roaring Moon|Roaring Moon, tera:Dark|100\/100\n|-activate|p2a: Roaring Moon|ability: Protosynthesis\n|-start|p2a: Roaring Moon|protosynthesisspe\n|turn|17\n|c|\u2606OceanicGamer3|Is everything speed?\n|\n|t:|1699273179\n|-terastallize|p1a: Spectrier|Dark\n|move|p2a: Roaring Moon|Knock Off|p1a: Spectrier\n|-resisted|p1a: Spectrier\n|-damage|p1a: Spectrier|6\/100\n|-enditem|p1a: Spectrier|Leftovers|[from] move: Knock Off|[of] p2a: Roaring Moon\n|move|p1a: Spectrier|Draining Kiss|p2a: Roaring Moon\n|-supereffective|p2a: Roaring Moon\n|-damage|p2a: Roaring Moon|0 fnt\n|-heal|p1a: Spectrier|85\/100|[from] drain|[of] p2a: Roaring Moon\n|faint|p2a: Roaring Moon\n|-end|p2a: Roaring Moon|Protosynthesis|[silent]\n|-ability|p1a: Spectrier|Grim Neigh|boost\n|-boost|p1a: Spectrier|spa|1\n|\n|-weather|SunnyDay|[upkeep]\n|upkeep\n|\n|t:|1699273189\n|switch|p2a: Walking Wake|Walking Wake|100\/100\n|-activate|p2a: Walking Wake|ability: Protosynthesis\n|-start|p2a: Walking Wake|protosynthesisspe\n|turn|18\n|\n|t:|1699273193\n|move|p2a: Walking Wake|Hydro Steam|p1a: Spectrier\n|-damage|p1a: Spectrier|0 fnt\n|faint|p1a: Spectrier\n|\n|-weather|SunnyDay|[upkeep]\n|upkeep\n|\n|t:|1699273197\n|switch|p1a: Mimikyu|Mimikyu-Busted, F, shiny|88\/100\n|turn|19\n|\n|t:|1699273200\n|move|p2a: Walking Wake|Hydro Steam|p1a: Mimikyu\n|-damage|p1a: Mimikyu|0 fnt\n|faint|p1a: Mimikyu\n|\n|-weather|SunnyDay|[upkeep]\n|upkeep\n|\n|t:|1699273208\n|switch|p1a: Arceus|Arceus-Poison, shiny|100\/100\n|turn|20\n|\n|t:|1699273211\n|move|p2a: Walking Wake|Hydro Steam|p1a: Arceus\n|-damage|p1a: Arceus|38\/100\n|move|p1a: Arceus|Sludge Bomb|p2a: Walking Wake\n|-damage|p2a: Walking Wake|47\/100\n|\n|-weather|none\n|-end|p2a: Walking Wake|Protosynthesis\n|upkeep\n|turn|21\n|\n|t:|1699273220\n|move|p1a: Arceus|Recover|p1a: Arceus\n|-heal|p1a: Arceus|88\/100\n|move|p2a: Walking Wake|Hydro Steam|p1a: Arceus\n|-damage|p1a: Arceus|49\/100\n|\n|upkeep\n|turn|22\n|\n|t:|1699273226\n|move|p1a: Arceus|Sludge Bomb|p2a: Walking Wake\n|-damage|p2a: Walking Wake|0 fnt\n|faint|p2a: Walking Wake\n|-end|p2a: Walking Wake|Protosynthesis|[silent]\n|\n|upkeep\n|\n|t:|1699273230\n|switch|p2a: Zacian|Zacian|100\/100\n|-ability|p2a: Zacian|Intrepid Sword|boost\n|-boost|p2a: Zacian|atk|1\n|turn|23\n|c|\u2606adpg.alt|I didn't play well enough this time, GG\n|c|\u2606OceanicGamer3|Gg\n|\n|t:|1699273251\n|move|p2a: Zacian|Crunch|p1a: Arceus\n|-damage|p1a: Arceus|21\/100\n|move|p1a: Arceus|Sludge Bomb|p2a: Zacian\n|-supereffective|p2a: Zacian\n|-damage|p2a: Zacian|15\/100\n|\n|upkeep\n|turn|24\n|\n|t:|1699273258\n|move|p2a: Zacian|Crunch|p1a: Arceus\n|-damage|p1a: Arceus|0 fnt\n|faint|p1a: Arceus\n|\n|upkeep\n|\n|t:|1699273260\n|switch|p1a: Volcarona|Volcarona, F, shiny|100\/100\n|turn|25\n|\n|t:|1699273265\n|move|p2a: Zacian|Crunch|p1a: Volcarona\n|-damage|p1a: Volcarona|37\/100\n|move|p1a: Volcarona|Morning Sun|p1a: Volcarona\n|-heal|p1a: Volcarona|87\/100\n|\n|upkeep\n|turn|26\n|\n|t:|1699273271\n|move|p2a: Zacian|Crunch|p1a: Volcarona\n|-damage|p1a: Volcarona|29\/100\n|-unboost|p1a: Volcarona|def|1\n|move|p1a: Volcarona|Fire Blast|p2a: Zacian\n|-damage|p2a: Zacian|0 fnt\n|faint|p2a: Zacian\n|\n|win|OceanicGamer3\n|c|\u2606OceanicGamer3|Gg\n|c|\u2606OceanicGamer3|Have to go now\n|c|\u2606adpg.alt|Ok\n|c|\u2606OceanicGamer3|Upload the replays\n|c|\u2606OceanicGamer3|\ud83d\udc4d\n|c|\u2606adpg.alt|Sure\n","uploadtime":1699273311,"views":9,"p1id":"oceanicgamer3","p2id":"adpgalt","formatid":"gen9ubers","rating":0,"private":0,"password":""}