{"id":"gen9ubers-1985664053","p1":"Artemishhhh","p2":"Carina17","format":"[Gen 9] Ubers","log":"|j|\u2606Artemishhhh\n|j|\u2606Carina17\n|t:|1699393603\n|gametype|singles\n|player|p1|Artemishhhh|lance|1095\n|player|p2|Carina17|cynthia|1105\n|teamsize|p1|6\n|teamsize|p2|6\n|gen|9\n|tier|[Gen 9] Ubers\n|rated|\n|rule|Sleep Clause Mod: Limit one foe put to sleep\n|rule|Species Clause: Limit one of each Pok\u00e9mon\n|rule|OHKO Clause: OHKO moves are banned\n|rule|Evasion Items Clause: Evasion items are banned\n|rule|Evasion Moves Clause: Evasion moves are banned\n|rule|Endless Battle Clause: Forcing endless battles is banned\n|rule|HP Percentage Mod: HP is shown in percentages\n|clearpoke\n|poke|p1|Darkrai|\n|poke|p1|Maushold-Four|\n|poke|p1|Miraidon|\n|poke|p1|Calyrex-Ice|\n|poke|p1|Volcarona, F|\n|poke|p1|Magearna|\n|poke|p2|Azumarill, F|\n|poke|p2|Iron Treads|\n|poke|p2|Chien-Pao|\n|poke|p2|Annihilape, F|\n|poke|p2|Weezing-Galar, M|\n|poke|p2|Rillaboom, M|\n|teampreview\n|inactive|Battle timer is ON: inactive players will automatically lose when time's up. (requested by Carina17)\n|\n|t:|1699393617\n|start\n|switch|p1a: Volcarona|Volcarona, F|100\/100\n|switch|p2a: Annihilape|Annihilape, F|100\/100\n|turn|1\n|\n|t:|1699393630\n|move|p1a: Volcarona|Quiver Dance|p1a: Volcarona\n|-boost|p1a: Volcarona|spa|1\n|-boost|p1a: Volcarona|spd|1\n|-boost|p1a: Volcarona|spe|1\n|move|p2a: Annihilape|Bulk Up|p2a: Annihilape\n|-boost|p2a: Annihilape|atk|1\n|-boost|p2a: Annihilape|def|1\n|\n|upkeep\n|turn|2\n|\n|t:|1699393640\n|move|p1a: Volcarona|Air Slash|p2a: Annihilape\n|-supereffective|p2a: Annihilape\n|-damage|p2a: Annihilape|28\/100\n|move|p2a: Annihilape|Substitute|p2a: Annihilape\n|-start|p2a: Annihilape|Substitute\n|-damage|p2a: Annihilape|4\/100\n|\n|upkeep\n|turn|3\n|\n|t:|1699393656\n|move|p1a: Volcarona|Fiery Dance|p2a: Annihilape\n|-end|p2a: Annihilape|Substitute\n|move|p2a: Annihilape|Rage Fist|p1a: Volcarona\n|-damage|p1a: Volcarona|0 fnt\n|faint|p1a: Volcarona\n|\n|upkeep\n|\n|t:|1699393668\n|switch|p1a: Maushold|Maushold-Four|100\/100\n|turn|4\n|\n|t:|1699393672\n|move|p1a: Maushold|U-turn|p2a: Annihilape\n|-resisted|p2a: Annihilape\n|-damage|p2a: Annihilape|1\/100\n|\n|t:|1699393681\n|switch|p1a: Magearna|Magearna|100\/100|[from] U-turn\n|move|p2a: Annihilape|Drain Punch|p1a: Magearna\n|-damage|p1a: Magearna|54\/100\n|-heal|p2a: Annihilape|20\/100|[from] drain|[of] p1a: Magearna\n|\n|-heal|p1a: Magearna|60\/100|[from] item: Leftovers\n|upkeep\n|turn|5\n|\n|t:|1699393707\n|move|p2a: Annihilape|Rage Fist|p1a: Magearna\n|-damage|p1a: Magearna|0 fnt\n|faint|p1a: Magearna\n|\n|upkeep\n|\n|t:|1699393714\n|switch|p1a: Darkrai|Darkrai|100\/100\n|turn|6\n|\n|t:|1699393720\n|move|p1a: Darkrai|Dark Pulse|p2a: Annihilape\n|-damage|p2a: Annihilape|0 fnt\n|faint|p2a: Annihilape\n|\n|upkeep\n|\n|t:|1699393730\n|switch|p2a: Chien-Paolo|Chien-Pao|100\/100\n|-ability|p2a: Chien-Paolo|Sword of Ruin\n|turn|7\n|\n|t:|1699393738\n|-terastallize|p1a: Darkrai|Fairy\n|move|p2a: Chien-Paolo|Sacred Sword|p1a: Darkrai\n|-resisted|p1a: Darkrai\n|-damage|p1a: Darkrai|76\/100\n|move|p1a: Darkrai|Tera Blast|p2a: Chien-Paolo|[anim] Tera Blast Fairy\n|-supereffective|p2a: Chien-Paolo\n|-enditem|p2a: Chien-Paolo|Focus Sash\n|-damage|p2a: Chien-Paolo|1\/100\n|\n|upkeep\n|turn|8\n|\n|t:|1699393750\n|move|p2a: Chien-Paolo|Ice Shard|p1a: Darkrai\n|-damage|p1a: Darkrai|42\/100\n|move|p1a: Darkrai|Sludge Bomb|p2a: Chien-Paolo\n|-damage|p2a: Chien-Paolo|0 fnt\n|faint|p2a: Chien-Paolo\n|\n|upkeep\n|\n|t:|1699393761\n|switch|p2a: Rillaboom|Rillaboom, M, shiny|100\/100\n|-fieldstart|move: Grassy Terrain|[from] ability: Grassy Surge|[of] p2a: Rillaboom\n|-enditem|p2a: Rillaboom|Grassy Seed\n|-boost|p2a: Rillaboom|def|1|[from] item: Grassy Seed\n|turn|9\n|\n|t:|1699393768\n|move|p1a: Darkrai|Dark Void|p2a: Rillaboom\n|-status|p2a: Rillaboom|slp|[from] move: Dark Void\n|cant|p2a: Rillaboom|slp\n|\n|-heal|p1a: Darkrai|48\/100|[from] Grassy Terrain\n|-damage|p2a: Rillaboom|88\/100 slp|[from] ability: Bad Dreams|[of] p1a: Darkrai\n|upkeep\n|turn|10\n|\n|t:|1699393778\n|switch|p2a: Weezing|Weezing-Galar, M|100\/100\n|-fieldstart|move: Misty Terrain|[from] ability: Misty Surge|[of] p2a: Weezing\n|move|p1a: Darkrai|Sludge Bomb|p2a: Weezing\n|-damage|p2a: Weezing|46\/100\n|\n|upkeep\n|turn|11\n|\n|t:|1699393790\n|move|p1a: Darkrai|Sludge Bomb|p2a: Weezing\n|-damage|p2a: Weezing|0 fnt\n|faint|p2a: Weezing\n|\n|upkeep\n|\n|t:|1699393795\n|switch|p2a: Iron Treads|Iron Treads|100\/100\n|turn|12\n|\n|t:|1699393800\n|move|p1a: Darkrai|Dark Pulse|p2a: Iron Treads\n|-damage|p2a: Iron Treads|44\/100\n|move|p2a: Iron Treads|Steel Roller|p1a: Darkrai\n|-supereffective|p1a: Darkrai\n|-damage|p1a: Darkrai|0 fnt\n|-fieldend|Misty Terrain\n|faint|p1a: Darkrai\n|\n|upkeep\n|\n|t:|1699393810\n|switch|p1a: Miraidon|Miraidon|100\/100\n|-fieldstart|move: Electric Terrain|[from] ability: Hadron Engine|[of] p1a: Miraidon\n|-activate|p2a: Iron Treads|ability: Quark Drive\n|-start|p2a: Iron Treads|quarkdriveatk\n|turn|13\n|\n|t:|1699393818\n|move|p1a: Miraidon|Dragon Pulse|p2a: Iron Treads\n|-resisted|p2a: Iron Treads\n|-damage|p2a: Iron Treads|9\/100\n|move|p2a: Iron Treads|Steel Roller|p1a: Miraidon\n|-resisted|p1a: Miraidon\n|-damage|p1a: Miraidon|59\/100\n|-fieldend|move: Electric Terrain\n|-end|p2a: Iron Treads|Quark Drive\n|\n|upkeep\n|turn|14\n|\n|t:|1699393827\n|move|p1a: Miraidon|Dragon Pulse|p2a: Iron Treads\n|-resisted|p2a: Iron Treads\n|-damage|p2a: Iron Treads|0 fnt\n|faint|p2a: Iron Treads\n|-end|p2a: Iron Treads|Quark Drive|[silent]\n|\n|upkeep\n|\n|t:|1699393834\n|switch|p2a: Rillaboom|Rillaboom, M, shiny|88\/100 slp\n|-fieldstart|move: Grassy Terrain|[from] ability: Grassy Surge|[of] p2a: Rillaboom\n|turn|15\n|\n|t:|1699393846\n|move|p1a: Miraidon|Calm Mind|p1a: Miraidon\n|-boost|p1a: Miraidon|spa|1\n|-boost|p1a: Miraidon|spd|1\n|-curestatus|p2a: Rillaboom|slp|[msg]\n|move|p2a: Rillaboom|High Horsepower|p1a: Miraidon\n|-supereffective|p1a: Miraidon\n|-damage|p1a: Miraidon|0 fnt\n|faint|p1a: Miraidon\n|\n|-heal|p2a: Rillaboom|94\/100|[from] Grassy Terrain\n|upkeep\n|\n|t:|1699393857\n|switch|p1a: Calyrex|Calyrex-Ice|100\/100\n|-ability|p1a: Calyrex|As One\n|-ability|p1a: Calyrex|Unnerve\n|turn|16\n|\n|t:|1699393880\n|move|p2a: Rillaboom|Acrobatics|p1a: Calyrex\n|-crit|p1a: Calyrex\n|-damage|p1a: Calyrex|64\/100\n|move|p1a: Calyrex|Glacial Lance|p2a: Rillaboom\n|-supereffective|p2a: Rillaboom\n|-damage|p2a: Rillaboom|0 fnt\n|faint|p2a: Rillaboom\n|-ability|p1a: Calyrex|Chilling Neigh|boost\n|-boost|p1a: Calyrex|atk|1\n|\n|-heal|p1a: Calyrex|70\/100|[from] Grassy Terrain\n|-heal|p1a: Calyrex|76\/100|[from] item: Leftovers\n|upkeep\n|\n|t:|1699393893\n|switch|p2a: Azumarill|Azumarill, F|100\/100\n|turn|17\n|\n|t:|1699393899\n|move|p2a: Azumarill|Belly Drum|p2a: Azumarill\n|-damage|p2a: Azumarill|50\/100\n|-setboost|p2a: Azumarill|atk|6|[from] move: Belly Drum\n|move|p1a: Calyrex|Leech Seed|p2a: Azumarill\n|-start|p2a: Azumarill|move: Leech Seed\n|\n|-heal|p2a: Azumarill|57\/100|[from] Grassy Terrain\n|-heal|p1a: Calyrex|82\/100|[from] Grassy Terrain\n|-heal|p1a: Calyrex|88\/100|[from] item: Leftovers\n|-damage|p2a: Azumarill|44\/100|[from] Leech Seed|[of] p1a: Calyrex\n|-heal|p1a: Calyrex|100\/100|[silent]\n|upkeep\n|turn|18\n|inactive|Carina17 has 120 seconds left.\n|\n|t:|1699393919\n|move|p2a: Azumarill|Play Rough|p1a: Calyrex\n|-damage|p1a: Calyrex|0 fnt\n|-enditem|p2a: Azumarill|Sitrus Berry|[eat]\n|-heal|p2a: Azumarill|69\/100|[from] item: Sitrus Berry\n|faint|p1a: Calyrex\n|\n|-heal|p2a: Azumarill|75\/100|[from] Grassy Terrain\n|upkeep\n|\n|t:|1699393928\n|switch|p1a: Maushold|Maushold-Four|100\/100\n|turn|19\n|inactive|Carina17 has 120 seconds left.\n|\n|t:|1699393949\n|move|p2a: Azumarill|Aqua Jet|p1a: Maushold\n|-damage|p1a: Maushold|0 fnt\n|faint|p1a: Maushold\n|\n|win|Carina17\n|raw|Artemishhhh's rating: 1095 &rarr; <strong>1071<\/strong><br \/>(-24 for losing)\n|raw|Carina17's rating: 1105 &rarr; <strong>1129<\/strong><br \/>(+24 for winning)\n|l|\u2606Artemishhhh\n","uploadtime":1699393960,"views":5,"p1id":"artemishhhh","p2id":"carina17","formatid":"gen9ubers","rating":1071,"private":0,"password":""}