{"id":"gen9ubers-1969202254","p1":"Reposti","p2":"TubeKnight","format":"[Gen 9] Ubers","log":"|j|\u2606Reposti\n|j|\u2606TubeKnight\n|t:|1697499899\n|gametype|singles\n|player|p1|Reposti|gentleman-gen4|\n|player|p2|TubeKnight|veteran|\n|teamsize|p1|6\n|teamsize|p2|6\n|gen|9\n|tier|[Gen 9] Ubers\n|rule|Sleep Clause Mod: Limit one foe put to sleep\n|rule|Species Clause: Limit one of each Pok\u00e9mon\n|rule|OHKO Clause: OHKO moves are banned\n|rule|Evasion Items Clause: Evasion items are banned\n|rule|Evasion Moves Clause: Evasion moves are banned\n|rule|Endless Battle Clause: Forcing endless battles is banned\n|rule|HP Percentage Mod: HP is shown in percentages\n|clearpoke\n|poke|p1|Regidrago|\n|poke|p1|Zacian-*|\n|poke|p1|Masquerain, F|\n|poke|p1|Urshifu-*, M|\n|poke|p1|Arceus-Fire|\n|poke|p1|Gholdengo|\n|poke|p2|Torterra, M|\n|poke|p2|Cyclizar, F|\n|poke|p2|Shaymin-Sky|\n|poke|p2|Dondozo, F|\n|poke|p2|Arceus-Poison|\n|poke|p2|Gholdengo|\n|teampreview\n|c|\u2606Reposti|Glhf\n|c|\u2606TubeKnight|glhf\n|c|\u2606TubeKnight|holy crap how do i turn down the music\n|c|\u2606Reposti|It\u2019s in the settings\n|inactive|Battle timer is ON: inactive players will automatically lose when time's up. (requested by TubeKnight)\n|\n|t:|1697499967\n|start\n|switch|p1a: Regidrago|Regidrago|100\/100\n|switch|p2a: Gholdengo|Gholdengo|100\/100\n|turn|1\n|\n|t:|1697499987\n|switch|p1a: Masquerain|Masquerain, F|100\/100\n|-ability|p1a: Masquerain|Intimidate|boost\n|-unboost|p2a: Gholdengo|atk|1\n|move|p2a: Gholdengo|Make It Rain|p1a: Masquerain\n|-damage|p1a: Masquerain|7\/100\n|-unboost|p2a: Gholdengo|spa|1\n|\n|upkeep\n|turn|2\n|\n|t:|1697499997\n|move|p2a: Gholdengo|Make It Rain|p1a: Masquerain\n|-damage|p1a: Masquerain|0 fnt\n|-unboost|p2a: Gholdengo|spa|1\n|faint|p1a: Masquerain\n|\n|upkeep\n|c|\u2606Reposti|Rips\n|inactive|Reposti has 270 seconds left.\n|\n|t:|1697500019\n|switch|p1a: Arceus|Arceus-Fire|100\/100\n|turn|3\n|\n|t:|1697500028\n|switch|p2a: Dondozo|Dondozo, F, shiny|100\/100\n|switch|p1a: Regidrago|Regidrago|100\/100\n|\n|upkeep\n|turn|4\n|\n|t:|1697500042\n|move|p2a: Dondozo|Protect|p2a: Dondozo\n|-singleturn|p2a: Dondozo|Protect\n|move|p1a: Regidrago|Dragon Energy|p2a: Dondozo\n|-activate|p2a: Dondozo|move: Protect\n|\n|upkeep\n|turn|5\n|\n|t:|1697500049\n|switch|p2a: Gholdengo|Gholdengo|100\/100\n|move|p1a: Regidrago|Dragon Energy|p2a: Gholdengo\n|-resisted|p2a: Gholdengo\n|-damage|p2a: Gholdengo|48\/100\n|\n|upkeep\n|turn|6\n|\n|t:|1697500058\n|move|p2a: Gholdengo|Shadow Ball|p1a: Regidrago\n|-damage|p1a: Regidrago|52\/100\n|move|p1a: Regidrago|Dragon Energy|p2a: Gholdengo\n|-resisted|p2a: Gholdengo\n|-damage|p2a: Gholdengo|17\/100\n|\n|upkeep\n|turn|7\n|\n|t:|1697500082\n|switch|p2a: Arceus|Arceus-Poison, shiny|100\/100\n|switch|p1a: Urshifu|Urshifu-Rapid-Strike, M|100\/100\n|\n|upkeep\n|turn|8\n|inactive|TubeKnight has 270 seconds left.\n|\n|t:|1697500117\n|move|p1a: Urshifu|Surging Strikes|p2a: Arceus\n|-crit|p2a: Arceus\n|-damage|p2a: Arceus|80\/100\n|-crit|p2a: Arceus\n|-damage|p2a: Arceus|62\/100\n|-crit|p2a: Arceus\n|-damage|p2a: Arceus|43\/100\n|-hitcount|p2a: Arceus|3\n|move|p2a: Arceus|Judgment|p1a: Urshifu\n|-damage|p1a: Urshifu|4\/100\n|\n|upkeep\n|turn|9\n|inactive|TubeKnight has 270 seconds left.\n|\n|t:|1697500127\n|switch|p2a: Dondozo|Dondozo, F, shiny|100\/100\n|move|p1a: Urshifu|Surging Strikes|p2a: Dondozo\n|-resisted|p2a: Dondozo\n|-crit|p2a: Dondozo\n|-damage|p2a: Dondozo|93\/100\n|-resisted|p2a: Dondozo\n|-crit|p2a: Dondozo\n|-damage|p2a: Dondozo|86\/100\n|-resisted|p2a: Dondozo\n|-crit|p2a: Dondozo\n|-damage|p2a: Dondozo|80\/100\n|-hitcount|p2a: Dondozo|3\n|\n|-heal|p2a: Dondozo|86\/100|[from] item: Leftovers\n|upkeep\n|turn|10\n|inactive|TubeKnight has 270 seconds left.\n|\n|t:|1697500144\n|switch|p1a: Gholdengo|Gholdengo|100\/100\n|-item|p1a: Gholdengo|Air Balloon\n|move|p2a: Dondozo|Yawn|p1a: Gholdengo\n|-immune|p1a: Gholdengo|[from] ability: Good as Gold\n|\n|-heal|p2a: Dondozo|92\/100|[from] item: Leftovers\n|upkeep\n|turn|11\n|\n|t:|1697500154\n|move|p1a: Gholdengo|Shadow Ball|p2a: Dondozo\n|-damage|p2a: Dondozo|59\/100\n|move|p2a: Dondozo|Wave Crash|p1a: Gholdengo\n|-damage|p1a: Gholdengo|63\/100\n|-enditem|p1a: Gholdengo|Air Balloon\n|-damage|p2a: Dondozo|50\/100|[from] Recoil\n|\n|-heal|p2a: Dondozo|56\/100|[from] item: Leftovers\n|upkeep\n|turn|12\n|\n|t:|1697500167\n|switch|p2a: Cyclizar|Cyclizar, F, shiny|100\/100\n|move|p1a: Gholdengo|Recover|p1a: Gholdengo\n|-heal|p1a: Gholdengo|100\/100\n|\n|upkeep\n|turn|13\n|\n|t:|1697500174\n|move|p2a: Cyclizar|Shed Tail|p2a: Cyclizar\n|-start|p2a: Cyclizar|Substitute|[from] move: Shed Tail\n|-damage|p2a: Cyclizar|50\/100\n|\n|t:|1697500176\n|switch|p2a: Torterra|Torterra, M, shiny|100\/100|[from] Shed Tail\n|move|p1a: Gholdengo|Make It Rain|p2a: Torterra\n|-end|p2a: Torterra|Substitute\n|-unboost|p1a: Gholdengo|spa|1\n|\n|upkeep\n|turn|14\n|\n|t:|1697500190\n|move|p2a: Torterra|Shell Smash|p2a: Torterra\n|-unboost|p2a: Torterra|def|1\n|-unboost|p2a: Torterra|spd|1\n|-boost|p2a: Torterra|atk|2\n|-boost|p2a: Torterra|spa|2\n|-boost|p2a: Torterra|spe|2\n|-enditem|p2a: Torterra|White Herb\n|-clearnegativeboost|p2a: Torterra|[silent]\n|move|p1a: Gholdengo|Shadow Ball|p2a: Torterra\n|-damage|p2a: Torterra|72\/100\n|\n|upkeep\n|turn|15\n|\n|t:|1697500202\n|switch|p1a: Urshifu|Urshifu-Rapid-Strike, M|4\/100\n|move|p2a: Torterra|Headlong Rush|p1a: Urshifu\n|-damage|p1a: Urshifu|0 fnt\n|-unboost|p2a: Torterra|def|1\n|-unboost|p2a: Torterra|spd|1\n|faint|p1a: Urshifu\n|\n|upkeep\n|\n|t:|1697500212\n|switch|p1a: Zacian|Zacian|100\/100\n|-ability|p1a: Zacian|Intrepid Sword|boost\n|-boost|p1a: Zacian|atk|1\n|turn|16\n|\n|t:|1697500217\n|move|p2a: Torterra|Headlong Rush|p1a: Zacian\n|-damage|p1a: Zacian|0 fnt\n|-unboost|p2a: Torterra|def|1\n|-unboost|p2a: Torterra|spd|1\n|faint|p1a: Zacian\n|\n|upkeep\n|\n|t:|1697500226\n|switch|p1a: Regidrago|Regidrago|52\/100\n|turn|17\n|c|\u2606TubeKnight|i did the calcs is a rly strong counter meta\n|\n|t:|1697500232\n|move|p2a: Torterra|Headlong Rush|p1a: Regidrago\n|-damage|p1a: Regidrago|0 fnt\n|-unboost|p2a: Torterra|def|1\n|-unboost|p2a: Torterra|spd|1\n|faint|p1a: Regidrago\n|\n|upkeep\n|c|\u2606Reposti|I\u2019m not really playing meta anyways\n|c|\u2606TubeKnight|outspeeds a lot of scarfs and can ko lots of mons\n|c|\u2606Reposti|gg, I miss played at the start\n|c|\u2606TubeKnight|ima prob try it in the tourney\n|inactive|Reposti has 270 seconds left.\n|\n|t:|1697500264\n|switch|p1a: Gholdengo|Gholdengo|100\/100\n|turn|18\n|\n|t:|1697500271\n|-terastallize|p1a: Gholdengo|Fairy\n|move|p2a: Torterra|Headlong Rush|p1a: Gholdengo\n|-damage|p1a: Gholdengo|0 fnt\n|-unboost|p2a: Torterra|def|1\n|-unboost|p2a: Torterra|spd|1\n|faint|p1a: Gholdengo\n|\n|upkeep\n|c|\u2606TubeKnight|yeah sticky web is rly bad for this\n|\n|t:|1697500279\n|switch|p1a: Arceus|Arceus-Fire|100\/100\n|turn|19\n|\n|t:|1697500282\n|move|p1a: Arceus|Extreme Speed|p2a: Torterra\n|-damage|p2a: Torterra|0 fnt\n|faint|p2a: Torterra\n|\n|upkeep\n|c|\u2606TubeKnight|oh yeah and that too lol\n|\n|t:|1697500293\n|switch|p2a: Dondozo|Dondozo, F, shiny|56\/100\n|turn|20\n|\n|t:|1697500297\n|move|p1a: Arceus|Earthquake|p2a: Dondozo\n|-damage|p2a: Dondozo|41\/100\n|move|p2a: Dondozo|Wave Crash|p1a: Arceus\n|-supereffective|p1a: Arceus\n|-damage|p1a: Arceus|38\/100\n|-damage|p2a: Dondozo|25\/100|[from] Recoil\n|\n|-heal|p2a: Dondozo|31\/100|[from] item: Leftovers\n|upkeep\n|turn|21\n|\n|t:|1697500307\n|move|p1a: Arceus|Earthquake|p2a: Dondozo\n|-damage|p2a: Dondozo|14\/100\n|move|p2a: Dondozo|Wave Crash|p1a: Arceus\n|-supereffective|p1a: Arceus\n|-damage|p1a: Arceus|0 fnt\n|faint|p1a: Arceus\n|-damage|p2a: Dondozo|5\/100|[from] Recoil\n|\n|win|TubeKnight\n|c|\u2606TubeKnight|well ggs\n|c|\u2606Reposti|Gg\n|c|\u2606TubeKnight|who uploads the replay?\n|c|\u2606Reposti|It doesn\u2019t matter who\n|c|\u2606TubeKnight|aight well i can do it\n","uploadtime":1697500334,"views":14,"p1id":"reposti","p2id":"tubeknight","formatid":"gen9ubers","rating":0,"private":0,"password":""}