{"id":"gen9ubers-1982935309","p1":"kosmicBAD","p2":"TheMasterAJ","format":"[Gen 9] Ubers","log":"|j|\u2606kosmicBAD\n|j|\u2606TheMasterAJ\n|t:|1699060502\n|gametype|singles\n|player|p1|kosmicBAD|linebacker|\n|player|p2|TheMasterAJ|lucas|\n|teamsize|p1|6\n|teamsize|p2|6\n|gen|9\n|tier|[Gen 9] Ubers\n|rule|Sleep Clause Mod: Limit one foe put to sleep\n|rule|Species Clause: Limit one of each Pok\u00e9mon\n|rule|OHKO Clause: OHKO moves are banned\n|rule|Evasion Items Clause: Evasion items are banned\n|rule|Evasion Moves Clause: Evasion moves are banned\n|rule|Endless Battle Clause: Forcing endless battles is banned\n|rule|HP Percentage Mod: HP is shown in percentages\n|clearpoke\n|poke|p1|Scizor, M|\n|poke|p1|Roaring Moon|\n|poke|p1|Shaymin|\n|poke|p1|Umbreon, F|\n|poke|p1|Infernape, F|\n|poke|p1|Enamorus, F|\n|poke|p2|Garchomp, F|\n|poke|p2|Amoonguss, M|\n|poke|p2|Gholdengo|\n|poke|p2|Scream Tail|\n|poke|p2|Weavile, M|\n|poke|p2|Skeledirge, M|\n|teampreview\n|j| Hedgehog415\n|\n|t:|1699060572\n|start\n|switch|p1a: Wanda|Enamorus, F|100\/100\n|switch|p2a: Weavile|Weavile, M|100\/100\n|-ability|p2a: Weavile|Pressure\n|turn|1\n|\n|t:|1699060585\n|move|p1a: Wanda|Moonblast|p2a: Weavile\n|-supereffective|p2a: Weavile\n|-enditem|p2a: Weavile|Focus Sash\n|-damage|p2a: Weavile|1\/100\n|move|p2a: Weavile|Knock Off|p1a: Wanda\n|-resisted|p1a: Wanda\n|-damage|p1a: Wanda|60\/100\n|-enditem|p1a: Wanda|Choice Scarf|[from] move: Knock Off|[of] p2a: Weavile\n|\n|upkeep\n|turn|2\n|\n|t:|1699060605\n|move|p2a: Weavile|Icicle Crash|p1a: Wanda\n|-supereffective|p1a: Wanda\n|-damage|p1a: Wanda|0 fnt\n|faint|p1a: Wanda\n|\n|upkeep\n|\n|t:|1699060616\n|switch|p1a: Unit-02|Scizor, M|100\/100\n|turn|3\n|\n|t:|1699060632\n|move|p1a: Unit-02|Bullet Punch|p2a: Weavile\n|-supereffective|p2a: Weavile\n|-damage|p2a: Weavile|0 fnt\n|faint|p2a: Weavile\n|\n|upkeep\n|\n|t:|1699060655\n|switch|p2a: Skeledirge|Skeledirge, M, shiny|100\/100\n|turn|4\n|\n|t:|1699060661\n|switch|p1a: Eclipse|Umbreon, F, shiny|100\/100\n|move|p2a: Skeledirge|Will-O-Wisp|p1a: Eclipse\n|-status|p1a: Eclipse|brn\n|-activate|p1a: Eclipse|ability: Synchronize\n|-immune|p2a: Skeledirge\n|\n|-damage|p1a: Eclipse|94\/100 brn|[from] brn\n|upkeep\n|turn|5\n|\n|t:|1699060678\n|move|p2a: Skeledirge|Torch Song|p1a: Eclipse\n|-damage|p1a: Eclipse|74\/100 brn\n|-boost|p2a: Skeledirge|spa|1\n|move|p1a: Eclipse|Toxic|p2a: Skeledirge\n|-status|p2a: Skeledirge|tox\n|\n|-heal|p1a: Eclipse|80\/100 brn|[from] item: Leftovers\n|-damage|p2a: Skeledirge|94\/100 tox|[from] psn\n|-damage|p1a: Eclipse|74\/100 brn|[from] brn\n|upkeep\n|turn|6\n|\n|t:|1699060689\n|move|p2a: Skeledirge|Torch Song|p1a: Eclipse\n|-crit|p1a: Eclipse\n|-damage|p1a: Eclipse|27\/100 brn\n|-boost|p2a: Skeledirge|spa|1\n|move|p1a: Eclipse|Foul Play|p2a: Skeledirge\n|-supereffective|p2a: Skeledirge\n|-damage|p2a: Skeledirge|82\/100 tox\n|\n|-heal|p2a: Skeledirge|88\/100 tox|[from] item: Leftovers\n|-heal|p1a: Eclipse|33\/100 brn|[from] item: Leftovers\n|-damage|p2a: Skeledirge|76\/100 tox|[from] psn\n|-damage|p1a: Eclipse|27\/100 brn|[from] brn\n|upkeep\n|turn|7\n|\n|t:|1699060703\n|move|p1a: Eclipse|Protect|p1a: Eclipse\n|-singleturn|p1a: Eclipse|Protect\n|move|p2a: Skeledirge|Torch Song|p1a: Eclipse\n|-activate|p1a: Eclipse|move: Protect\n|\n|-heal|p2a: Skeledirge|82\/100 tox|[from] item: Leftovers\n|-heal|p1a: Eclipse|33\/100 brn|[from] item: Leftovers\n|-damage|p2a: Skeledirge|64\/100 tox|[from] psn\n|-damage|p1a: Eclipse|27\/100 brn|[from] brn\n|upkeep\n|turn|8\n|\n|t:|1699060748\n|move|p2a: Skeledirge|Torch Song|p1a: Eclipse\n|-damage|p1a: Eclipse|0 fnt\n|-boost|p2a: Skeledirge|spa|1\n|faint|p1a: Eclipse\n|\n|-heal|p2a: Skeledirge|70\/100 tox|[from] item: Leftovers\n|-damage|p2a: Skeledirge|46\/100 tox|[from] psn\n|upkeep\n|\n|t:|1699060768\n|switch|p1a: Rafiki|Infernape, F, shiny|100\/100\n|turn|9\n|c|\u2606kosmicBAD|!weakness skeledirge\n|c| kosmicBAD|\/raw <div class=\"infobox\">Skeledirge (ignoring abilities):<br \/><span class=\"message-effect-weak\">Weaknesses<\/span>: Dark, Ghost, Ground, Rock, Water<br \/><span class=\"message-effect-resist\">Resistances<\/span>: <b>Bug<\/b>, Fairy, Fire, Grass, Ice, Poison, Steel<br \/><span class=\"message-effect-immune\">Immunities<\/span>: Fighting, Normal, Burn, Trapping<\/div>\n|\n|t:|1699060805\n|move|p1a: Rafiki|Fire Punch|p2a: Skeledirge\n|-resisted|p2a: Skeledirge\n|-damage|p2a: Skeledirge|30\/100 tox\n|-damage|p1a: Rafiki|91\/100|[from] item: Life Orb\n|move|p2a: Skeledirge|Hex|p1a: Rafiki\n|-damage|p1a: Rafiki|1\/100\n|\n|-heal|p2a: Skeledirge|36\/100 tox|[from] item: Leftovers\n|-damage|p2a: Skeledirge|6\/100 tox|[from] psn\n|upkeep\n|turn|10\n|\n|t:|1699060818\n|move|p1a: Rafiki|Fire Punch|p2a: Skeledirge\n|-resisted|p2a: Skeledirge\n|-damage|p2a: Skeledirge|0 fnt\n|faint|p2a: Skeledirge\n|-damage|p1a: Rafiki|0 fnt|[from] item: Life Orb\n|faint|p1a: Rafiki\n|\n|upkeep\n|\n|t:|1699060836\n|switch|p1a: Unit-02|Scizor, M|100\/100\n|switch|p2a: Scream Tail|Scream Tail|100\/100\n|-enditem|p2a: Scream Tail|Booster Energy\n|-activate|p2a: Scream Tail|ability: Protosynthesis|[fromitem]\n|-start|p2a: Scream Tail|protosynthesisdef\n|turn|11\n|\n|t:|1699060857\n|move|p1a: Unit-02|Bullet Punch|p2a: Scream Tail\n|-supereffective|p2a: Scream Tail\n|-damage|p2a: Scream Tail|53\/100\n|move|p2a: Scream Tail|Wish|p2a: Scream Tail\n|\n|upkeep\n|turn|12\n|\n|t:|1699060870\n|move|p1a: Unit-02|Bullet Punch|p2a: Scream Tail\n|-supereffective|p2a: Scream Tail\n|-damage|p2a: Scream Tail|10\/100\n|move|p2a: Scream Tail|Calm Mind|p2a: Scream Tail\n|-boost|p2a: Scream Tail|spa|1\n|-boost|p2a: Scream Tail|spd|1\n|\n|-heal|p2a: Scream Tail|60\/100|[from] move: Wish|[wisher] Scream Tail\n|upkeep\n|turn|13\n|\n|t:|1699060894\n|move|p1a: Unit-02|Bullet Punch|p2a: Scream Tail\n|-supereffective|p2a: Scream Tail\n|-damage|p2a: Scream Tail|15\/100\n|move|p2a: Scream Tail|Psychic|p1a: Unit-02\n|-resisted|p1a: Unit-02\n|-damage|p1a: Unit-02|80\/100\n|\n|upkeep\n|turn|14\n|\n|t:|1699060901\n|move|p1a: Unit-02|Bullet Punch|p2a: Scream Tail\n|-supereffective|p2a: Scream Tail\n|-damage|p2a: Scream Tail|0 fnt\n|faint|p2a: Scream Tail\n|-end|p2a: Scream Tail|Protosynthesis|[silent]\n|\n|upkeep\n|\n|t:|1699060908\n|switch|p2a: Amoonguss|Amoonguss, M|100\/100\n|turn|15\n|\n|t:|1699060915\n|switch|p1a: Chia|Shaymin, shiny|100\/100\n|move|p2a: Amoonguss|Clear Smog|p1a: Chia\n|-supereffective|p1a: Chia\n|-damage|p1a: Chia|84\/100\n|-clearboost|p1a: Chia\n|\n|upkeep\n|turn|16\n|\n|t:|1699060932\n|move|p1a: Chia|Psychic|p2a: Amoonguss\n|-supereffective|p2a: Amoonguss\n|-damage|p2a: Amoonguss|50\/100\n|-unboost|p2a: Amoonguss|spd|1\n|move|p2a: Amoonguss|Clear Smog|p1a: Chia\n|-supereffective|p1a: Chia\n|-damage|p1a: Chia|66\/100\n|-clearboost|p1a: Chia\n|\n|-heal|p2a: Amoonguss|56\/100|[from] item: Black Sludge\n|upkeep\n|turn|17\n|\n|t:|1699060969\n|move|p1a: Chia|Psychic|p2a: Amoonguss\n|-supereffective|p2a: Amoonguss\n|-damage|p2a: Amoonguss|0 fnt\n|faint|p2a: Amoonguss\n|\n|upkeep\n|\n|t:|1699060973\n|switch|p2a: Gholdengo|Gholdengo, shiny|100\/100\n|turn|18\n|\n|t:|1699060984\n|switch|p1a: Sozin|Roaring Moon, shiny|100\/100\n|-enditem|p1a: Sozin|Booster Energy\n|-activate|p1a: Sozin|ability: Protosynthesis|[fromitem]\n|-start|p1a: Sozin|protosynthesisatk\n|-terastallize|p2a: Gholdengo|Rock\n|move|p2a: Gholdengo|Power Gem|p1a: Sozin\n|-damage|p1a: Sozin|48\/100\n|\n|upkeep\n|turn|19\n|\n|t:|1699061014\n|move|p1a: Sozin|Iron Head|p2a: Gholdengo\n|-supereffective|p2a: Gholdengo\n|-damage|p2a: Gholdengo|1\/100\n|move|p2a: Gholdengo|Power Gem|p1a: Sozin\n|-damage|p1a: Sozin|0 fnt\n|faint|p1a: Sozin\n|-end|p1a: Sozin|Protosynthesis|[silent]\n|\n|upkeep\n|\n|t:|1699061023\n|switch|p1a: Unit-02|Scizor, M|80\/100\n|turn|20\n|\n|t:|1699061038\n|move|p1a: Unit-02|Bullet Punch|p2a: Gholdengo\n|-supereffective|p2a: Gholdengo\n|-damage|p2a: Gholdengo|0 fnt\n|faint|p2a: Gholdengo\n|\n|upkeep\n|\n|t:|1699061043\n|switch|p2a: Garchomp|Garchomp, F|100\/100\n|turn|21\n|\n|t:|1699061071\n|switch|p1a: Chia|Shaymin, shiny|66\/100\n|move|p2a: Garchomp|Earthquake|p1a: Chia\n|-resisted|p1a: Chia\n|-damage|p1a: Chia|43\/100\n|\n|upkeep\n|turn|22\n|\n|t:|1699061078\n|move|p2a: Garchomp|Iron Head|p1a: Chia\n|-damage|p1a: Chia|18\/100\n|move|p1a: Chia|Dazzling Gleam|p2a: Garchomp\n|-supereffective|p2a: Garchomp\n|-damage|p2a: Garchomp|50\/100\n|\n|upkeep\n|turn|23\n|\n|t:|1699061086\n|move|p2a: Garchomp|Iron Head|p1a: Chia\n|-damage|p1a: Chia|0 fnt\n|faint|p1a: Chia\n|\n|upkeep\n|\n|t:|1699061090\n|switch|p1a: Unit-02|Scizor, M|80\/100\n|turn|24\n|\n|t:|1699061167\n|-terastallize|p1a: Unit-02|Bug\n|move|p2a: Garchomp|Earthquake|p1a: Unit-02\n|-resisted|p1a: Unit-02\n|-damage|p1a: Unit-02|55\/100\n|move|p1a: Unit-02|Dual Wingbeat|p2a: Garchomp\n|-damage|p2a: Garchomp|18\/100\n|-damage|p1a: Unit-02|43\/100|[from] ability: Rough Skin|[of] p2a: Garchomp\n|-damage|p2a: Garchomp|0 fnt\n|-damage|p1a: Unit-02|31\/100|[from] ability: Rough Skin|[of] p2a: Garchomp\n|faint|p2a: Garchomp\n|-hitcount|p2: Garchomp|2\n|\n|win|kosmicBAD\n|l|\u2606TheMasterAJ\n","uploadtime":1699061220,"views":17,"p1id":"kosmicbad","p2id":"themasteraj","formatid":"gen9ubers","rating":0,"private":0,"password":""}