{"id":"gen9ubers-1974628316","p1":"Rival Andrew","p2":"darkmoju","format":"[Gen 9] Ubers","log":"|j|\u2606Rival Andrew\n|j|\u2606darkmoju\n|t:|1698104236\n|gametype|singles\n|player|p1|Rival Andrew|silver|\n|player|p2|darkmoju|ghetsis-gen5bw|\n|teamsize|p1|6\n|teamsize|p2|6\n|gen|9\n|tier|[Gen 9] Ubers\n|rule|Sleep Clause Mod: Limit one foe put to sleep\n|rule|Species Clause: Limit one of each Pok\u00e9mon\n|rule|OHKO Clause: OHKO moves are banned\n|rule|Evasion Items Clause: Evasion items are banned\n|rule|Evasion Moves Clause: Evasion moves are banned\n|rule|Endless Battle Clause: Forcing endless battles is banned\n|rule|HP Percentage Mod: HP is shown in percentages\n|clearpoke\n|poke|p1|Groudon|\n|poke|p1|Koraidon|\n|poke|p1|Ogerpon-Hearthflame, F|\n|poke|p1|Walking Wake|\n|poke|p1|Regieleki|\n|poke|p1|Ursaluna-Bloodmoon, M|\n|poke|p2|Dialga-Origin|\n|poke|p2|Palkia-Origin|\n|poke|p2|Giratina-Origin|\n|poke|p2|Arceus|\n|poke|p2|Groudon|\n|poke|p2|Eternatus|\n|teampreview\n|j| Hand0fD00m\n|\n|t:|1698104254\n|start\n|switch|p1a: Zagreus|Koraidon|100\/100\n|switch|p2a: Groudon|Groudon|100\/100\n|-weather|SunnyDay|[from] ability: Orichalcum Pulse|[of] p1a: Zagreus\n|-activate|p1a: Zagreus|Orichalcum Pulse|[source]\n|turn|1\n|\n|t:|1698104270\n|switch|p1a: Majora|Ogerpon-Hearthflame, F|100\/100\n|-ability|p1a: Majora|Mold Breaker\n|move|p2a: Groudon|Protect||[still]\n|-fail|p2a: Groudon\n|\n|-weather|SunnyDay|[upkeep]\n|upkeep\n|turn|2\n|\n|t:|1698104285\n|-terastallize|p1a: Majora|Fire\n|detailschange|p1a: Majora|Ogerpon-Hearthflame-Tera, F, tera:Fire\n|-ability|p1a: Majora|Embody Aspect (Hearthflame)|boost\n|-boost|p1a: Majora|atk|1\n|move|p1a: Majora|Ivy Cudgel|p2a: Groudon\n|-damage|p2a: Groudon|0 fnt\n|faint|p2a: Groudon\n|\n|-weather|SunnyDay|[upkeep]\n|upkeep\n|\n|t:|1698104299\n|switch|p2a: Eternatus|Eternatus|100\/100\n|-ability|p2a: Eternatus|Pressure\n|turn|3\n|\n|t:|1698104307\n|move|p2a: Eternatus|Dynamax Cannon|p1a: Majora\n|-damage|p1a: Majora|23\/100\n|move|p1a: Majora|Ivy Cudgel|p2a: Eternatus\n|-resisted|p2a: Eternatus\n|-damage|p2a: Eternatus|24\/100\n|\n|-weather|SunnyDay|[upkeep]\n|upkeep\n|turn|4\n|\n|t:|1698104327\n|move|p2a: Eternatus|Dynamax Cannon|p1a: Majora\n|-damage|p1a: Majora|0 fnt\n|faint|p1a: Majora\n|\n|-weather|SunnyDay|[upkeep]\n|upkeep\n|j| Sonad~\n|\n|t:|1698104336\n|switch|p1a: Zagreus|Koraidon|100\/100\n|-activate|p1a: Zagreus|ability: Orichalcum Pulse\n|turn|5\n|\n|t:|1698104342\n|move|p2a: Eternatus|Dynamax Cannon|p1a: Zagreus\n|-supereffective|p1a: Zagreus\n|-damage|p1a: Zagreus|0 fnt\n|faint|p1a: Zagreus\n|\n|-weather|none\n|upkeep\n|\n|t:|1698104345\n|switch|p1a: Hades|Groudon|100\/100\n|-weather|SunnyDay|[from] ability: Drought|[of] p1a: Hades\n|turn|6\n|c| Hand0fD00m|the scarf aaahhh\n|\n|t:|1698104354\n|switch|p2a: Giratina|Giratina-Origin, shiny|100\/100\n|move|p1a: Hades|Earthquake|p2a: Giratina\n|-immune|p2a: Giratina|[from] ability: Levitate\n|\n|-weather|SunnyDay|[upkeep]\n|upkeep\n|turn|7\n|\n|t:|1698104364\n|switch|p1a: Eclipse|Ursaluna-Bloodmoon, M|100\/100\n|move|p2a: Giratina|Draco Meteor|p1a: Eclipse\n|-damage|p1a: Eclipse|26\/100\n|-unboost|p2a: Giratina|spa|2\n|\n|-weather|SunnyDay|[upkeep]\n|upkeep\n|turn|8\n|\n|t:|1698104369\n|move|p2a: Giratina|Draco Meteor|p1a: Eclipse\n|-damage|p1a: Eclipse|0 fnt\n|-unboost|p2a: Giratina|spa|2\n|faint|p1a: Eclipse\n|\n|-weather|SunnyDay|[upkeep]\n|upkeep\n|c|\u2606Rival Andrew|gg\n|\n|t:|1698104375\n|switch|p1a: Hurried Hurricane|Walking Wake|100\/100\n|-activate|p1a: Hurried Hurricane|ability: Protosynthesis\n|-start|p1a: Hurried Hurricane|protosynthesisspa\n|turn|9\n|\n|t:|1698104385\n|switch|p2a: Dialga|Dialga-Origin|100\/100\n|-ability|p2a: Dialga|Pressure\n|move|p1a: Hurried Hurricane|Draco Meteor|p2a: Dialga\n|-damage|p2a: Dialga|0 fnt\n|-unboost|p1a: Hurried Hurricane|spa|2\n|faint|p2a: Dialga\n|\n|-weather|SunnyDay|[upkeep]\n|upkeep\n|\n|t:|1698104398\n|switch|p2a: Palkia|Palkia-Origin|100\/100\n|-ability|p2a: Palkia|Pressure\n|turn|10\n|c|\u2606Rival Andrew|i lose to arceus either way\n|\n|t:|1698104402\n|move|p2a: Palkia|Spacial Rend|p1a: Hurried Hurricane\n|-supereffective|p1a: Hurried Hurricane\n|-damage|p1a: Hurried Hurricane|0 fnt\n|faint|p1a: Hurried Hurricane\n|-end|p1a: Hurried Hurricane|Protosynthesis|[silent]\n|\n|-weather|none\n|upkeep\n|\n|t:|1698104405\n|switch|p1a: Hades|Groudon|100\/100\n|-weather|SunnyDay|[from] ability: Drought|[of] p1a: Hades\n|turn|11\n|c|\u2606Rival Andrew|was fun\n|\n|t:|1698104411\n|move|p2a: Palkia|Hydro Pump|p1a: Hades|[miss]\n|-miss|p2a: Palkia|p1a: Hades\n|move|p1a: Hades|Earthquake|p2a: Palkia\n|-damage|p2a: Palkia|45\/100\n|\n|-weather|SunnyDay|[upkeep]\n|upkeep\n|turn|12\n|\n|t:|1698104413\n|move|p2a: Palkia|Spacial Rend|p1a: Hades\n|-damage|p1a: Hades|52\/100\n|move|p1a: Hades|Earthquake|p2a: Palkia\n|-damage|p2a: Palkia|0 fnt\n|faint|p2a: Palkia\n|\n|-weather|SunnyDay|[upkeep]\n|-heal|p1a: Hades|58\/100|[from] item: Leftovers\n|upkeep\n|\n|t:|1698104428\n|switch|p2a: Giratina|Giratina-Origin, shiny|100\/100\n|turn|13\n|c| Hand0fD00m|dont count your chickens before they hatch\n|c|\u2606Rival Andrew|this chicken is cooked\n|\n|t:|1698104436\n|move|p2a: Giratina|Shadow Ball|p1a: Hades\n|-damage|p1a: Hades|28\/100\n|move|p1a: Hades|Will-O-Wisp|p2a: Giratina\n|-status|p2a: Giratina|brn\n|\n|-weather|SunnyDay|[upkeep]\n|-heal|p1a: Hades|34\/100|[from] item: Leftovers\n|-damage|p2a: Giratina|94\/100 brn|[from] brn\n|upkeep\n|turn|14\n|c|\u2606Rival Andrew|i cant win\n|c|\u2606Rival Andrew|gg\n|-message|Rival Andrew forfeited.\n|\n|win|darkmoju\n|l|\u2606Rival Andrew\n|c|\u2606darkmoju|gg\n|c| Hand0fD00m|ah ggs\n","uploadtime":1698104462,"views":9,"p1id":"rivalandrew","p2id":"darkmoju","formatid":"gen9ubers","rating":0,"private":0,"password":""}