{"id":"gen9ubers-1999524972","p1":"brazy diamond","p2":"Hadecat","format":"[Gen 9] Ubers","log":"|j|\u2606brazy diamond\n|j|\u2606Hadecat\n|t:|1701092461\n|gametype|singles\n|player|p1|brazy diamond|wicke|\n|player|p2|Hadecat|veteran|\n|teamsize|p1|6\n|teamsize|p2|6\n|gen|9\n|tier|[Gen 9] Ubers\n|rule|Sleep Clause Mod: Limit one foe put to sleep\n|rule|Species Clause: Limit one of each Pok\u00e9mon\n|rule|OHKO Clause: OHKO moves are banned\n|rule|Evasion Items Clause: Evasion items are banned\n|rule|Evasion Moves Clause: Evasion moves are banned\n|rule|Endless Battle Clause: Forcing endless battles is banned\n|rule|HP Percentage Mod: HP is shown in percentages\n|clearpoke\n|poke|p1|Arceus|\n|poke|p1|Gliscor, F|\n|poke|p1|Kyogre|\n|poke|p1|Zacian-*|\n|poke|p1|Skeledirge, M|\n|poke|p1|Indeedee, M|\n|poke|p2|Miraidon|\n|poke|p2|Gholdengo|\n|poke|p2|Iron Bundle|\n|poke|p2|Great Tusk|\n|poke|p2|Amoonguss, F|\n|poke|p2|Urshifu-*, F|\n|teampreview\n|c|\u2606brazy diamond|glhf\n|\n|t:|1701092474\n|start\n|switch|p1a: Remedy|Indeedee, M|100\/100\n|switch|p2a: Iron Bundle|Iron Bundle|100\/100\n|-fieldstart|move: Psychic Terrain|[from] ability: Psychic Surge|[of] p1a: Remedy\n|turn|1\n|\n|t:|1701092496\n|move|p1a: Remedy|Psychic|p2a: Iron Bundle\n|-damage|p2a: Iron Bundle|0 fnt\n|faint|p2a: Iron Bundle\n|-end|p2a: Iron Bundle|Quark Drive|[silent]\n|\n|upkeep\n|\n|t:|1701092510\n|switch|p2a: Urshifu|Urshifu, F|100\/100\n|turn|2\n|\n|t:|1701092515\n|switch|p1a: that dawg in me|Zacian-Crowned|100\/100\n|-ability|p1a: that dawg in me|Intrepid Sword|boost\n|-boost|p1a: that dawg in me|atk|1\n|move|p2a: Urshifu|Swords Dance|p2a: Urshifu\n|-boost|p2a: Urshifu|atk|2\n|\n|upkeep\n|turn|3\n|\n|t:|1701092536\n|switch|p2a: Miraidon|Miraidon|100\/100\n|-fieldstart|move: Electric Terrain|[from] ability: Hadron Engine|[of] p2a: Miraidon\n|move|p1a: that dawg in me|Play Rough|p2a: Miraidon\n|-supereffective|p2a: Miraidon\n|-damage|p2a: Miraidon|0 fnt\n|faint|p2a: Miraidon\n|\n|upkeep\n|c|\u2606Hadecat|\u041b\u044f\n|c|\u2606Hadecat|\u041c\u0438\u0441\u043a\u043b\u0438\u043a\u043d\u0443\u043b(\n|\n|t:|1701092559\n|switch|p2a: Great Tusk|Great Tusk|100\/100\n|turn|4\n|\n|t:|1701092570\n|-terastallize|p2a: Great Tusk|Ground\n|move|p1a: that dawg in me|Play Rough|p2a: Great Tusk\n|-damage|p2a: Great Tusk|48\/100\n|-damage|p1a: that dawg in me|84\/100|[from] item: Rocky Helmet|[of] p2a: Great Tusk\n|move|p2a: Great Tusk|Headlong Rush|p1a: that dawg in me\n|-supereffective|p1a: that dawg in me\n|-damage|p1a: that dawg in me|0 fnt\n|-unboost|p2a: Great Tusk|def|1\n|-unboost|p2a: Great Tusk|spd|1\n|faint|p1a: that dawg in me\n|\n|upkeep\n|\n|t:|1701092582\n|switch|p1a: Dissociation|Kyogre|100\/100\n|-weather|RainDance|[from] ability: Drizzle|[of] p1a: Dissociation\n|turn|5\n|\n|t:|1701092590\n|-end|p2a: Great Tusk|Protosynthesis|[silent]\n|switch|p2a: Amoonguss|Amoonguss, F|100\/100\n|move|p1a: Dissociation|Water Spout|p2a: Amoonguss\n|-resisted|p2a: Amoonguss\n|-damage|p2a: Amoonguss|45\/100\n|\n|-weather|RainDance|[upkeep]\n|upkeep\n|turn|6\n|\n|t:|1701092602\n|move|p1a: Dissociation|Water Spout|p2a: Amoonguss\n|-resisted|p2a: Amoonguss\n|-damage|p2a: Amoonguss|0 fnt\n|faint|p2a: Amoonguss\n|\n|-weather|RainDance|[upkeep]\n|upkeep\n|\n|t:|1701092609\n|switch|p2a: Gholdengo|Gholdengo|100\/100\n|-item|p2a: Gholdengo|Air Balloon\n|turn|7\n|\n|t:|1701092621\n|switch|p1a: rat bastard|Gliscor, F|100\/100\n|move|p2a: Gholdengo|Shadow Ball|p1a: rat bastard\n|-damage|p1a: rat bastard|63\/100\n|\n|-weather|RainDance|[upkeep]\n|-fieldend|move: Electric Terrain\n|-status|p1a: rat bastard|tox|[from] item: Toxic Orb\n|upkeep\n|turn|8\n|\n|t:|1701092630\n|move|p2a: Gholdengo|Nasty Plot|p2a: Gholdengo\n|-boost|p2a: Gholdengo|spa|2\n|move|p1a: rat bastard|Spikes|p2a: Gholdengo\n|-sidestart|p2: Hadecat|Spikes\n|\n|-weather|RainDance|[upkeep]\n|-heal|p1a: rat bastard|76\/100 tox|[from] ability: Poison Heal\n|upkeep\n|turn|9\n|\n|t:|1701092648\n|switch|p1a: Remedy|Indeedee, M|100\/100\n|-fieldstart|move: Psychic Terrain|[from] ability: Psychic Surge|[of] p1a: Remedy\n|move|p2a: Gholdengo|Make It Rain|p1a: Remedy\n|-damage|p1a: Remedy|0 fnt\n|-unboost|p2a: Gholdengo|spa|1\n|faint|p1a: Remedy\n|\n|-weather|none\n|upkeep\n|\n|t:|1701092656\n|switch|p1a: boy's a glider|Arceus|100\/100\n|turn|10\n|\n|t:|1701092664\n|move|p2a: Gholdengo|Make It Rain|p1a: boy's a glider\n|-damage|p1a: boy's a glider|32\/100\n|-unboost|p2a: Gholdengo|spa|1\n|move|p1a: boy's a glider|Shadow Claw|p2a: Gholdengo\n|-supereffective|p2a: Gholdengo\n|-damage|p2a: Gholdengo|43\/100\n|-enditem|p2a: Gholdengo|Air Balloon\n|\n|upkeep\n|turn|11\n|\n|t:|1701092677\n|move|p2a: Gholdengo|Make It Rain|p1a: boy's a glider\n|-crit|p1a: boy's a glider\n|-damage|p1a: boy's a glider|0 fnt\n|-unboost|p2a: Gholdengo|spa|1\n|faint|p1a: boy's a glider\n|\n|upkeep\n|\n|t:|1701092682\n|switch|p1a: Dissociation|Kyogre|100\/100\n|-weather|RainDance|[from] ability: Drizzle|[of] p1a: Dissociation\n|turn|12\n|\n|t:|1701092698\n|move|p1a: Dissociation|Water Spout|p2a: Gholdengo\n|-damage|p2a: Gholdengo|0 fnt\n|faint|p2a: Gholdengo\n|\n|-weather|RainDance|[upkeep]\n|upkeep\n|\n|t:|1701092703\n|switch|p2a: Urshifu|Urshifu, F|100\/100\n|-damage|p2a: Urshifu|88\/100|[from] Spikes\n|turn|13\n|\n|t:|1701092713\n|move|p1a: Dissociation|Water Spout|p2a: Urshifu\n|-damage|p2a: Urshifu|0 fnt\n|faint|p2a: Urshifu\n|\n|-weather|RainDance|[upkeep]\n|-fieldend|move: Psychic Terrain\n|upkeep\n|\n|t:|1701092717\n|switch|p2a: Great Tusk|Great Tusk, tera:Ground|48\/100\n|-damage|p2a: Great Tusk|36\/100|[from] Spikes\n|turn|14\n|\n|t:|1701092723\n|move|p1a: Dissociation|Water Spout|p2a: Great Tusk\n|-supereffective|p2a: Great Tusk\n|-damage|p2a: Great Tusk|0 fnt\n|faint|p2a: Great Tusk\n|-end|p2a: Great Tusk|Protosynthesis|[silent]\n|\n|win|brazy diamond\n|c|\u2606brazy diamond|gg\n","uploadtime":1701092727,"views":11,"p1id":"brazydiamond","p2id":"hadecat","formatid":"gen9ubers","rating":0,"private":0,"password":""}