{"id":"gen9ubers-1975255170","p1":"aDestructive","p2":"Drag000nite","format":"[Gen 9] Ubers","log":"|j|\u2606aDestructive\n|j|\u2606Drag000nite\n|t:|1698174023\n|gametype|singles\n|player|p1|aDestructive|unknownf|1073\n|player|p2|Drag000nite|riley|1048\n|teamsize|p1|6\n|teamsize|p2|6\n|gen|9\n|tier|[Gen 9] Ubers\n|rated|\n|rule|Sleep Clause Mod: Limit one foe put to sleep\n|rule|Species Clause: Limit one of each Pok\u00e9mon\n|rule|OHKO Clause: OHKO moves are banned\n|rule|Evasion Items Clause: Evasion items are banned\n|rule|Evasion Moves Clause: Evasion moves are banned\n|rule|Endless Battle Clause: Forcing endless battles is banned\n|rule|HP Percentage Mod: HP is shown in percentages\n|clearpoke\n|poke|p1|Ribombee, F|\n|poke|p1|Koraidon|\n|poke|p1|Iron Moth|\n|poke|p1|Annihilape, M|\n|poke|p1|Landorus, M|\n|poke|p1|Brute Bonnet|\n|poke|p2|Koraidon|\n|poke|p2|Regieleki|\n|poke|p2|Giratina|\n|poke|p2|Shaymin-Sky|\n|poke|p2|Chien-Pao|\n|poke|p2|Miraidon|\n|teampreview\n|inactive|Battle timer is ON: inactive players will automatically lose when time's up. (requested by Drag000nite)\n|\n|t:|1698174057\n|start\n|switch|p1a: Landorus|Landorus, M|100\/100\n|switch|p2a: Miraidon|Miraidon|100\/100\n|-fieldstart|move: Electric Terrain|[from] ability: Hadron Engine|[of] p2a: Miraidon\n|turn|1\n|\n|t:|1698174065\n|move|p1a: Landorus|Earth Power|p2a: Miraidon\n|-supereffective|p2a: Miraidon\n|-damage|p2a: Miraidon|13\/100\n|move|p2a: Miraidon|Calm Mind|p2a: Miraidon\n|-boost|p2a: Miraidon|spa|1\n|-boost|p2a: Miraidon|spd|1\n|\n|upkeep\n|turn|2\n|\n|t:|1698174072\n|move|p1a: Landorus|Earth Power|p2a: Miraidon\n|-supereffective|p2a: Miraidon\n|-damage|p2a: Miraidon|0 fnt\n|faint|p2a: Miraidon\n|\n|upkeep\n|\n|t:|1698174083\n|switch|p2a: Chien-Pao|Chien-Pao|100\/100\n|-ability|p2a: Chien-Pao|Sword of Ruin\n|turn|3\n|\n|t:|1698174100\n|switch|p1a: Iron Moth|Iron Moth|100\/100\n|-activate|p1a: Iron Moth|ability: Quark Drive\n|-start|p1a: Iron Moth|quarkdrivespa\n|-item|p1a: Iron Moth|Air Balloon\n|move|p2a: Chien-Pao|Ice Spinner|p1a: Iron Moth\n|-resisted|p1a: Iron Moth\n|-damage|p1a: Iron Moth|55\/100\n|-enditem|p1a: Iron Moth|Air Balloon\n|-fieldend|move: Electric Terrain\n|-end|p1a: Iron Moth|Quark Drive\n|\n|upkeep\n|turn|4\n|\n|t:|1698174112\n|move|p2a: Chien-Pao|Psychic Fangs|p1a: Iron Moth\n|-supereffective|p1a: Iron Moth\n|-damage|p1a: Iron Moth|0 fnt\n|faint|p1a: Iron Moth\n|-end|p1a: Iron Moth|Quark Drive|[silent]\n|\n|upkeep\n|\n|t:|1698174122\n|switch|p1a: Ribombee|Ribombee, F|100\/100\n|turn|5\n|\n|t:|1698174132\n|move|p1a: Ribombee|Stun Spore|p2a: Chien-Pao\n|-status|p2a: Chien-Pao|par\n|move|p2a: Chien-Pao|Ice Spinner|p1a: Ribombee\n|-enditem|p1a: Ribombee|Focus Sash\n|-damage|p1a: Ribombee|1\/100\n|\n|upkeep\n|turn|6\n|\n|t:|1698174144\n|move|p1a: Ribombee|Sticky Web|p2a: Chien-Pao\n|-sidestart|p2: Drag000nite|move: Sticky Web\n|move|p2a: Chien-Pao|Ice Spinner|p1a: Ribombee\n|-damage|p1a: Ribombee|0 fnt\n|faint|p1a: Ribombee\n|\n|upkeep\n|\n|t:|1698174152\n|switch|p1a: Koraidon|Koraidon|100\/100\n|-weather|SunnyDay|[from] ability: Orichalcum Pulse|[of] p1a: Koraidon\n|-activate|p1a: Koraidon|Orichalcum Pulse|[source]\n|turn|7\n|\n|t:|1698174158\n|move|p2a: Chien-Pao|Sucker Punch|p1a: Koraidon\n|-resisted|p1a: Koraidon\n|-damage|p1a: Koraidon|79\/100\n|move|p1a: Koraidon|Collision Course|p2a: Chien-Pao\n|-supereffective|p2a: Chien-Pao\n|-enditem|p2a: Chien-Pao|Focus Sash\n|-damage|p2a: Chien-Pao|1\/100 par\n|\n|-weather|SunnyDay|[upkeep]\n|upkeep\n|turn|8\n|\n|t:|1698174171\n|move|p1a: Koraidon|Collision Course|p2a: Chien-Pao\n|-supereffective|p2a: Chien-Pao\n|-damage|p2a: Chien-Pao|0 fnt\n|faint|p2a: Chien-Pao\n|\n|-weather|SunnyDay|[upkeep]\n|upkeep\n|\n|t:|1698174182\n|switch|p2a: Giratina|Giratina|100\/100\n|-activate|p2a: Giratina|move: Sticky Web\n|-unboost|p2a: Giratina|spe|1\n|-ability|p2a: Giratina|Pressure\n|turn|9\n|\n|t:|1698174196\n|switch|p1a: Brute Bonnet|Brute Bonnet|100\/100\n|-activate|p1a: Brute Bonnet|ability: Protosynthesis\n|-start|p1a: Brute Bonnet|protosynthesisspd\n|move|p2a: Giratina|Dragon Claw|p1a: Brute Bonnet\n|-damage|p1a: Brute Bonnet|72\/100\n|\n|-weather|SunnyDay|[upkeep]\n|upkeep\n|turn|10\n|\n|t:|1698174210\n|move|p1a: Brute Bonnet|Spore|p2a: Giratina\n|-status|p2a: Giratina|slp|[from] move: Spore\n|cant|p2a: Giratina|slp\n|\n|-weather|SunnyDay|[upkeep]\n|upkeep\n|turn|11\n|\n|t:|1698174215\n|move|p1a: Brute Bonnet|Hex|p2a: Giratina\n|-supereffective|p2a: Giratina\n|-damage|p2a: Giratina|73\/100 slp\n|cant|p2a: Giratina|slp\n|\n|-weather|none\n|-end|p1a: Brute Bonnet|Protosynthesis\n|upkeep\n|turn|12\n|\n|t:|1698174231\n|move|p1a: Brute Bonnet|Hex|p2a: Giratina\n|-supereffective|p2a: Giratina\n|-damage|p2a: Giratina|40\/100 slp\n|cant|p2a: Giratina|slp\n|\n|upkeep\n|turn|13\n|\n|t:|1698174243\n|-end|p1a: Brute Bonnet|Protosynthesis|[silent]\n|switch|p1a: Koraidon|Koraidon|79\/100\n|-weather|SunnyDay|[from] ability: Orichalcum Pulse|[of] p1a: Koraidon\n|-activate|p1a: Koraidon|Orichalcum Pulse|[source]\n|-curestatus|p2a: Giratina|slp|[msg]\n|move|p2a: Giratina|Dragon Claw|p1a: Koraidon\n|-supereffective|p1a: Koraidon\n|-damage|p1a: Koraidon|26\/100\n|-enditem|p1a: Koraidon|Weakness Policy\n|-boost|p1a: Koraidon|atk|2|[from] item: Weakness Policy\n|-boost|p1a: Koraidon|spa|2|[from] item: Weakness Policy\n|\n|-weather|SunnyDay|[upkeep]\n|upkeep\n|turn|14\n|\n|t:|1698174256\n|move|p1a: Koraidon|Iron Head|p2a: Giratina\n|-crit|p2a: Giratina\n|-damage|p2a: Giratina|0 fnt\n|-damage|p1a: Koraidon|10\/100|[from] item: Rocky Helmet|[of] p2a: Giratina\n|faint|p2a: Giratina\n|\n|-weather|SunnyDay|[upkeep]\n|upkeep\n|\n|t:|1698174263\n|switch|p2a: Regieleki|Regieleki, shiny|100\/100\n|-activate|p2a: Regieleki|move: Sticky Web\n|-unboost|p2a: Regieleki|spe|1\n|turn|15\n|\n|t:|1698174272\n|move|p1a: Koraidon|Collision Course|p2a: Regieleki\n|-damage|p2a: Regieleki|0 fnt\n|faint|p2a: Regieleki\n|\n|-weather|SunnyDay|[upkeep]\n|upkeep\n|\n|t:|1698174276\n|switch|p2a: Shaymin|Shaymin-Sky|100\/100\n|turn|16\n|\n|t:|1698174280\n|move|p1a: Koraidon|Dual Wingbeat|p2a: Shaymin\n|-supereffective|p2a: Shaymin\n|-damage|p2a: Shaymin|34\/100\n|-supereffective|p2a: Shaymin\n|-damage|p2a: Shaymin|0 fnt\n|faint|p2a: Shaymin\n|-hitcount|p2: Shaymin|2\n|\n|-weather|SunnyDay|[upkeep]\n|upkeep\n|-message|Drag000nite forfeited.\n|\n|win|aDestructive\n|raw|aDestructive's rating: 1073 &rarr; <strong>1100<\/strong><br \/>(+27 for winning)\n|raw|Drag000nite's rating: 1048 &rarr; <strong>1032<\/strong><br \/>(-16 for losing)\n|l|\u2606Drag000nite\n","uploadtime":1698174297,"views":13,"p1id":"adestructive","p2id":"drag000nite","formatid":"gen9ubers","rating":1032,"private":0,"password":""}