{"id":"gen9ubers-1979128336","p1":"DangerLeaderLizana","p2":"PinkScourge","format":"[Gen 9] Ubers","log":"|j|\u2606DangerLeaderLizana\n|j|\u2606PinkScourge\n|t:|1698636048\n|gametype|singles\n|player|p1|DangerLeaderLizana|2|\n|player|p2|PinkScourge|bede-leader|\n|teamsize|p1|6\n|teamsize|p2|6\n|gen|9\n|tier|[Gen 9] Ubers\n|rule|Sleep Clause Mod: Limit one foe put to sleep\n|rule|Species Clause: Limit one of each Pok\u00e9mon\n|rule|OHKO Clause: OHKO moves are banned\n|rule|Evasion Items Clause: Evasion items are banned\n|rule|Evasion Moves Clause: Evasion moves are banned\n|rule|Endless Battle Clause: Forcing endless battles is banned\n|rule|HP Percentage Mod: HP is shown in percentages\n|clearpoke\n|poke|p1|Ursaluna, F|\n|poke|p1|Cyclizar, F|\n|poke|p1|Zacian-*|\n|poke|p1|Palafin, M|\n|poke|p1|Roaring Moon|\n|poke|p1|Arceus-Fire|\n|poke|p2|Indeedee-F, F|\n|poke|p2|Arceus-Psychic|\n|poke|p2|Palkia|\n|poke|p2|Alomomola, F|\n|poke|p2|Mandibuzz, F|\n|poke|p2|Slowking-Galar, F|\n|teampreview\n|inactive|Battle timer is ON: inactive players will automatically lose when time's up. (requested by DangerLeaderLizana)\n|inactive|PinkScourge also wants the timer to be on.\n|c|\u2606DangerLeaderLizana|GLHDF\n|\n|t:|1698636061\n|start\n|switch|p1a: Ursaluna|Ursaluna, F|100\/100\n|switch|p2a: Slowking|Slowking-Galar, F|100\/100\n|turn|1\n|j| Reposti\n|j| fishyroads\n|c| fishyroads|Ok\n|\n|t:|1698636084\n|switch|p2a: Palkia|Palkia|100\/100\n|-ability|p2a: Palkia|Pressure\n|move|p1a: Ursaluna|Swords Dance|p1a: Ursaluna\n|-boost|p1a: Ursaluna|atk|2\n|\n|-status|p1a: Ursaluna|brn|[from] item: Flame Orb\n|upkeep\n|turn|2\n|j| Laprasrules12\n|c| fishyroads|Glhf\n|c| Reposti|Oh\n|\n|t:|1698636093\n|-terastallize|p2a: Palkia|Water\n|move|p2a: Palkia|Surf|p1a: Ursaluna\n|-supereffective|p1a: Ursaluna\n|-damage|p1a: Ursaluna|0 fnt\n|faint|p1a: Ursaluna\n|\n|upkeep\n|c| Laprasrules12|Cocaine bear\n|c| Laprasrules12|Is dead\n|c| Reposti|The switch up!\n|c| fishyroads|Nice\n|c|\u2606DangerLeaderLizana|Very nice\n|c| Reposti|they added speed!\n|c| fishyroads|He evd mid match\n|c|\u2606PinkScourge|Exactly 1+ Speed\n|inactive|DangerLeaderLizana has 270 seconds left.\n|\n|t:|1698636123\n|switch|p1a: Palafin|Palafin, M|100\/100\n|turn|3\n|\n|t:|1698636129\n|move|p1a: Palafin|Close Combat|p2a: Palkia\n|-damage|p2a: Palkia|62\/100\n|-unboost|p1a: Palafin|def|1\n|-unboost|p1a: Palafin|spd|1\n|move|p2a: Palkia|Trick Room|p2a: Palkia\n|-fieldstart|move: Trick Room|[of] p2a: Palkia\n|\n|upkeep\n|turn|4\n|\n|t:|1698636140\n|move|p2a: Palkia|Surf|p1a: Palafin\n|-resisted|p1a: Palafin\n|-damage|p1a: Palafin|1\/100\n|move|p1a: Palafin|Close Combat|p2a: Palkia\n|-damage|p2a: Palkia|26\/100\n|-unboost|p1a: Palafin|def|1\n|-unboost|p1a: Palafin|spd|1\n|\n|upkeep\n|turn|5\n|j| Leo Justice\n|c| fishyroads|Nah\n|\n|t:|1698636148\n|switch|p2a: Alomomola|Alomomola, F|100\/100\n|move|p1a: Palafin|Close Combat|p2a: Alomomola\n|-damage|p2a: Alomomola|75\/100\n|-unboost|p1a: Palafin|def|1\n|-unboost|p1a: Palafin|spd|1\n|-damage|p1a: Palafin|0 fnt|[from] item: Rocky Helmet|[of] p2a: Alomomola\n|faint|p1a: Palafin\n|\n|upkeep\n|\n|t:|1698636154\n|switch|p1a: Cyclizar|Cyclizar, F|100\/100\n|turn|6\n|c| fishyroads|Not the palive\n|\n|t:|1698636165\n|move|p2a: Alomomola|Flip Turn|p1a: Cyclizar\n|-resisted|p1a: Cyclizar\n|-damage|p1a: Cyclizar|89\/100\n|\n|t:|1698636169\n|switch|p2a: Arceus|Arceus-Psychic|100\/100|[from] Flip Turn\n|move|p1a: Cyclizar|Taunt|p2a: Arceus\n|-start|p2a: Arceus|move: Taunt\n|\n|upkeep\n|turn|7\n|j| 1P1o1s1h1e1\n|\n|t:|1698636177\n|move|p2a: Arceus|Dazzling Gleam|p1a: Cyclizar\n|-supereffective|p1a: Cyclizar\n|-crit|p1a: Cyclizar\n|-damage|p1a: Cyclizar|0 fnt\n|faint|p1a: Cyclizar\n|\n|-fieldend|move: Trick Room\n|upkeep\n|\n|t:|1698636182\n|switch|p1a: Roaring Moon|Roaring Moon|100\/100\n|-enditem|p1a: Roaring Moon|Booster Energy\n|-activate|p1a: Roaring Moon|ability: Protosynthesis|[fromitem]\n|-start|p1a: Roaring Moon|protosynthesisatk\n|turn|8\n|\n|t:|1698636188\n|-terastallize|p1a: Roaring Moon|Flying\n|move|p1a: Roaring Moon|Dragon Dance|p1a: Roaring Moon\n|-boost|p1a: Roaring Moon|atk|1\n|-boost|p1a: Roaring Moon|spe|1\n|move|p2a: Arceus|Dazzling Gleam|p1a: Roaring Moon\n|-damage|p1a: Roaring Moon|75\/100\n|\n|-end|p2a: Arceus|move: Taunt\n|upkeep\n|turn|9\n|\n|t:|1698636199\n|move|p1a: Roaring Moon|Knock Off|p2a: Arceus\n|-supereffective|p2a: Arceus\n|-damage|p2a: Arceus|0 fnt\n|faint|p2a: Arceus\n|\n|upkeep\n|\n|t:|1698636205\n|switch|p2a: Mandibuzz|Mandibuzz, F|100\/100\n|turn|10\n|\n|t:|1698636208\n|move|p1a: Roaring Moon|Acrobatics|p2a: Mandibuzz\n|-damage|p2a: Mandibuzz|0 fnt\n|faint|p2a: Mandibuzz\n|\n|upkeep\n|c| fishyroads|Wow\n|c| fishyroads|...\n|\n|t:|1698636219\n|switch|p2a: Alomomola|Alomomola, F|100\/100\n|turn|11\n|c| fishyroads|Da buzz\n|\n|t:|1698636227\n|move|p1a: Roaring Moon|Knock Off|p2a: Alomomola\n|-damage|p2a: Alomomola|27\/100\n|-damage|p1a: Roaring Moon|58\/100|[from] item: Rocky Helmet|[of] p2a: Alomomola\n|-enditem|p2a: Alomomola|Rocky Helmet|[from] move: Knock Off|[of] p1a: Roaring Moon\n|move|p2a: Alomomola|Wish|p2a: Alomomola\n|\n|upkeep\n|turn|12\n|\n|t:|1698636237\n|move|p2a: Alomomola|Protect|p2a: Alomomola\n|-singleturn|p2a: Alomomola|Protect\n|move|p1a: Roaring Moon|Dragon Dance|p1a: Roaring Moon\n|-boost|p1a: Roaring Moon|atk|1\n|-boost|p1a: Roaring Moon|spe|1\n|\n|-heal|p2a: Alomomola|77\/100|[from] move: Wish|[wisher] Alomomola\n|upkeep\n|turn|13\n|c| fishyroads|Is mandibover\n|l| Leo Justice\n|c|\u2606PinkScourge|Nooooo\n|c|\u2606PinkScourge|Bad prediction\n|\n|t:|1698636259\n|move|p1a: Roaring Moon|Acrobatics|p2a: Alomomola\n|-damage|p2a: Alomomola|0 fnt\n|faint|p2a: Alomomola\n|\n|upkeep\n|c| fishyroads|NOOOO\n|c| 1P1o1s1h1e1|This looks joever...\n|\n|t:|1698636264\n|switch|p2a: Slowking|Slowking-Galar, F|100\/100\n|turn|14\n|\n|t:|1698636267\n|move|p1a: Roaring Moon|Knock Off|p2a: Slowking\n|-supereffective|p2a: Slowking\n|-damage|p2a: Slowking|0 fnt\n|-enditem|p2a: Slowking|Heavy-Duty Boots|[from] move: Knock Off|[of] p1a: Roaring Moon\n|faint|p2a: Slowking\n|\n|upkeep\n|\n|t:|1698636271\n|switch|p2a: Indeedee|Indeedee-F, F|100\/100\n|-fieldstart|move: Psychic Terrain|[from] ability: Psychic Surge|[of] p2a: Indeedee\n|turn|15\n|\n|t:|1698636275\n|move|p1a: Roaring Moon|Knock Off|p2a: Indeedee\n|-supereffective|p2a: Indeedee\n|-damage|p2a: Indeedee|0 fnt\n|-enditem|p2a: Indeedee|Terrain Extender|[from] move: Knock Off|[of] p1a: Roaring Moon\n|faint|p2a: Indeedee\n|\n|upkeep\n|c|\u2606DangerLeaderLizana|YES\n|\n|t:|1698636280\n|switch|p2a: Palkia|Palkia, tera:Water|26\/100\n|-ability|p2a: Palkia|Pressure\n|turn|16\n|c|\u2606DangerLeaderLizana|Gg\n|c| fishyroads|THIS...\n|\n|t:|1698636286\n|move|p1a: Roaring Moon|Acrobatics|p2a: Palkia\n|-damage|p2a: Palkia|0 fnt\n|faint|p2a: Palkia\n|\n|win|DangerLeaderLizana\n|c| Reposti|Ggs\n|c|\u2606DangerLeaderLizana|do you mind posting the replay on showdown pink?\n|c| fishyroads|this is a crime\n|c|\u2606PinkScourge|Yep!\n|l| 1P1o1s1h1e1\n|l| Reposti\n|l| fishyroads\n|l|\u2606DangerLeaderLizana\n|l| Laprasrules12\n","uploadtime":1698636302,"views":28,"p1id":"dangerleaderlizana","p2id":"pinkscourge","formatid":"gen9ubers","rating":0,"private":0,"password":""}