{"id":"gen9ubers-1987179676","p1":"fredbead1987","p2":"Turtwigdabest","format":"[Gen 9] Ubers","log":"|j|\u2606fredbead1987\n|j|\u2606Turtwigdabest\n|t:|1699562802\n|gametype|singles\n|player|p1|fredbead1987|volkner|1060\n|player|p2|Turtwigdabest|red|1123\n|teamsize|p1|6\n|teamsize|p2|6\n|gen|9\n|tier|[Gen 9] Ubers\n|rated|\n|rule|Sleep Clause Mod: Limit one foe put to sleep\n|rule|Species Clause: Limit one of each Pok\u00e9mon\n|rule|OHKO Clause: OHKO moves are banned\n|rule|Evasion Items Clause: Evasion items are banned\n|rule|Evasion Moves Clause: Evasion moves are banned\n|rule|Endless Battle Clause: Forcing endless battles is banned\n|rule|HP Percentage Mod: HP is shown in percentages\n|clearpoke\n|poke|p1|Iron Bundle|\n|poke|p1|Iron Jugulis|\n|poke|p1|Cloyster, F|\n|poke|p1|Flutter Mane|\n|poke|p1|Miraidon|\n|poke|p1|Urshifu-*, F|\n|poke|p2|Flutter Mane|\n|poke|p2|Torterra, F|\n|poke|p2|Skeledirge, F|\n|poke|p2|Kingambit, F|\n|poke|p2|Ursaluna-Bloodmoon, M|\n|poke|p2|Dragonite, M|\n|teampreview\n|\n|t:|1699562810\n|start\n|switch|p1a: Cloyster|Cloyster, F, shiny|100\/100\n|switch|p2a: Flutter Mane|Flutter Mane|100\/100\n|turn|1\n|\n|t:|1699562817\n|move|p2a: Flutter Mane|Taunt|p1a: Cloyster\n|-start|p1a: Cloyster|move: Taunt\n|cant|p1a: Cloyster|move: Taunt|Shell Smash\n|\n|upkeep\n|turn|2\n|\n|t:|1699562824\n|move|p2a: Flutter Mane|Thunder Wave|p1a: Cloyster\n|-status|p1a: Cloyster|par\n|move|p1a: Cloyster|Icicle Spear|p2a: Flutter Mane\n|-damage|p2a: Flutter Mane|82\/100\n|-damage|p2a: Flutter Mane|65\/100\n|-damage|p2a: Flutter Mane|46\/100\n|-damage|p2a: Flutter Mane|27\/100\n|-damage|p2a: Flutter Mane|9\/100\n|-hitcount|p2a: Flutter Mane|5\n|\n|upkeep\n|turn|3\n|\n|t:|1699562835\n|move|p2a: Flutter Mane|Memento|p1a: Cloyster\n|-unboost|p1a: Cloyster|atk|2\n|-unboost|p1a: Cloyster|spa|2\n|faint|p2a: Flutter Mane\n|-end|p2a: Flutter Mane|Protosynthesis|[silent]\n|move|p1a: Cloyster|Icicle Spear|p2: Flutter Mane|[notarget]\n|-fail|p1a: Cloyster\n|\n|-end|p1a: Cloyster|move: Taunt\n|upkeep\n|\n|t:|1699562844\n|switch|p2a: Skeledirge|Skeledirge, F|100\/100\n|turn|4\n|\n|t:|1699562851\n|switch|p1a: Urshifu|Urshifu-Rapid-Strike, F|100\/100\n|move|p2a: Skeledirge|Torch Song|p1a: Urshifu\n|-resisted|p1a: Urshifu\n|-damage|p1a: Urshifu|70\/100\n|-boost|p2a: Skeledirge|spa|1\n|-enditem|p2a: Skeledirge|Throat Spray\n|-boost|p2a: Skeledirge|spa|1|[from] item: Throat Spray\n|\n|upkeep\n|turn|5\n|\n|t:|1699562862\n|-terastallize|p2a: Skeledirge|Fairy\n|move|p1a: Urshifu|Surging Strikes|p2a: Skeledirge\n|-crit|p2a: Skeledirge\n|-damage|p2a: Skeledirge|75\/100\n|-crit|p2a: Skeledirge\n|-damage|p2a: Skeledirge|52\/100\n|-crit|p2a: Skeledirge\n|-damage|p2a: Skeledirge|28\/100\n|-hitcount|p2a: Skeledirge|3\n|move|p2a: Skeledirge|Tera Blast|p1a: Urshifu|[anim] Tera Blast Fairy\n|-supereffective|p1a: Urshifu\n|-damage|p1a: Urshifu|0 fnt\n|faint|p1a: Urshifu\n|\n|upkeep\n|\n|t:|1699562875\n|switch|p1a: This it's revenge|Iron Bundle, shiny|100\/100\n|-enditem|p1a: This it's revenge|Booster Energy\n|-activate|p1a: This it's revenge|ability: Quark Drive|[fromitem]\n|-start|p1a: This it's revenge|quarkdrivespe\n|turn|6\n|\n|t:|1699562887\n|switch|p2a: Torterra|Torterra, F|100\/100\n|move|p1a: This it's revenge|Ice Beam|p2a: Torterra\n|-supereffective|p2a: Torterra\n|-damage|p2a: Torterra|0 fnt\n|faint|p2a: Torterra\n|\n|upkeep\n|\n|t:|1699562900\n|switch|p2a: Skeledirge|Skeledirge, F, tera:Fairy|28\/100\n|turn|7\n|\n|t:|1699562903\n|move|p1a: This it's revenge|Ice Beam|p2a: Skeledirge\n|-damage|p2a: Skeledirge|0 fnt\n|faint|p2a: Skeledirge\n|\n|upkeep\n|\n|t:|1699562906\n|switch|p2a: Kingambit|Kingambit, F|100\/100\n|-activate|p2a: Kingambit|ability: Supreme Overlord\n|-start|p2a: Kingambit|fallen3|[silent]\n|turn|8\n|\n|t:|1699562913\n|move|p1a: This it's revenge|Protect|p1a: This it's revenge\n|-singleturn|p1a: This it's revenge|Protect\n|move|p2a: Kingambit|Swords Dance|p2a: Kingambit\n|-boost|p2a: Kingambit|atk|2\n|\n|upkeep\n|turn|9\n|\n|t:|1699562919\n|move|p1a: This it's revenge|Hydro Pump|p2a: Kingambit|[miss]\n|-miss|p1a: This it's revenge|p2a: Kingambit\n|move|p2a: Kingambit|Swords Dance|p2a: Kingambit\n|-boost|p2a: Kingambit|atk|2\n|\n|upkeep\n|turn|10\n|\n|t:|1699562928\n|move|p2a: Kingambit|Sucker Punch|p1a: This it's revenge\n|-damage|p1a: This it's revenge|0 fnt\n|faint|p1a: This it's revenge\n|-end|p1a: This it's revenge|Quark Drive|[silent]\n|-damage|p2a: Kingambit|91\/100|[from] item: Life Orb\n|\n|upkeep\n|\n|t:|1699562936\n|switch|p1a: Future hydreigon|Iron Jugulis, shiny|100\/100\n|-enditem|p1a: Future hydreigon|Booster Energy\n|-activate|p1a: Future hydreigon|ability: Quark Drive|[fromitem]\n|-start|p1a: Future hydreigon|quarkdrivespe\n|turn|11\n|\n|t:|1699562948\n|move|p2a: Kingambit|Sucker Punch|p1a: Future hydreigon\n|-resisted|p1a: Future hydreigon\n|-damage|p1a: Future hydreigon|0 fnt\n|faint|p1a: Future hydreigon\n|-end|p1a: Future hydreigon|Quark Drive|[silent]\n|-damage|p2a: Kingambit|81\/100|[from] item: Life Orb\n|\n|upkeep\n|\n|t:|1699562954\n|switch|p1a: Cloyster|Cloyster, F, shiny|100\/100 par\n|turn|12\n|\n|t:|1699562961\n|move|p2a: Kingambit|Iron Head|p1a: Cloyster\n|-damage|p1a: Cloyster|0 fnt\n|faint|p1a: Cloyster\n|-damage|p2a: Kingambit|71\/100|[from] item: Life Orb\n|\n|upkeep\n|\n|t:|1699562966\n|switch|p1a: Miraidon|Miraidon|100\/100\n|-fieldstart|move: Electric Terrain|[from] ability: Hadron Engine|[of] p1a: Miraidon\n|turn|13\n|\n|t:|1699562972\n|move|p2a: Kingambit|Sucker Punch|p1a: Miraidon\n|-damage|p1a: Miraidon|0 fnt\n|faint|p1a: Miraidon\n|-damage|p2a: Kingambit|61\/100|[from] item: Life Orb\n|\n|upkeep\n|\n|t:|1699562978\n|switch|p1a: Pain|Flutter Mane|100\/100\n|-enditem|p1a: Pain|Booster Energy\n|-activate|p1a: Pain|ability: Protosynthesis|[fromitem]\n|-start|p1a: Pain|protosynthesisspe\n|turn|14\n|\n|t:|1699562987\n|-terastallize|p1a: Pain|Ghost\n|move|p1a: Pain|Mystical Fire|p2a: Kingambit\n|-supereffective|p2a: Kingambit\n|-damage|p2a: Kingambit|10\/100\n|-unboost|p2a: Kingambit|spa|1\n|move|p2a: Kingambit|Iron Head|p1a: Pain\n|-damage|p1a: Pain|0 fnt\n|faint|p1a: Pain\n|-end|p1a: Pain|Protosynthesis|[silent]\n|-damage|p2a: Kingambit|0 fnt|[from] item: Life Orb\n|faint|p2a: Kingambit\n|-end|p2a: Kingambit|fallen3|[silent]\n|\n|win|Turtwigdabest\n|raw|fredbead1987's rating: 1060 &rarr; <strong>1044<\/strong><br \/>(-16 for losing)\n|raw|Turtwigdabest's rating: 1123 &rarr; <strong>1144<\/strong><br \/>(+21 for winning)\n|l|\u2606fredbead1987\n","uploadtime":1699563028,"views":18,"p1id":"fredbead1987","p2id":"turtwigdabest","formatid":"gen9ubers","rating":1044,"private":0,"password":""}