{"id":"gen9ubers-1997242782","p1":"Wssi","p2":"Skyiewxz","format":"[Gen 9] Ubers","log":"|j|\u2606Wssi\n|j|\u2606Skyiewxz\n|t:|1700779554\n|gametype|singles\n|player|p1|Wssi|backpacker|1671\n|player|p2|Skyiewxz|dawn|1589\n|teamsize|p1|6\n|teamsize|p2|6\n|gen|9\n|tier|[Gen 9] Ubers\n|rated|\n|rule|Sleep Clause Mod: Limit one foe put to sleep\n|rule|Species Clause: Limit one of each Pok\u00e9mon\n|rule|OHKO Clause: OHKO moves are banned\n|rule|Evasion Items Clause: Evasion items are banned\n|rule|Evasion Moves Clause: Evasion moves are banned\n|rule|Endless Battle Clause: Forcing endless battles is banned\n|rule|HP Percentage Mod: HP is shown in percentages\n|clearpoke\n|poke|p1|Zacian-*|\n|poke|p1|Koraidon|\n|poke|p1|Glimmora, F|\n|poke|p1|Arceus|\n|poke|p1|Groudon|\n|poke|p1|Miraidon|\n|poke|p2|Grimmsnarl, M|\n|poke|p2|Koraidon|\n|poke|p2|Arceus|\n|poke|p2|Miraidon|\n|poke|p2|Zacian-*|\n|poke|p2|Calyrex-Ice|\n|teampreview\n|inactive|Battle timer is ON: inactive players will automatically lose when time's up. (requested by Wssi)\n|c|\u2606Wssi|El cl\u00e1ssico de paldea\n|inactive|Skyiewxz has 120 seconds left.\n|c|\u2606Skyiewxz|eu quero me mata\n|c|\u2606Skyiewxz|como eu mato esse time\n|c|\u2606Wssi|Kkkkkkkkkkkkkk\n|c|\u2606Wssi|Rapaz\n|\n|t:|1700779613\n|start\n|switch|p1a: Glimmora|Glimmora, F|100\/100\n|switch|p2a: Zacian|Zacian-Crowned|100\/100\n|-ability|p2a: Zacian|Intrepid Sword|boost\n|-boost|p2a: Zacian|atk|1\n|turn|1\n|c|\u2606Wssi|N\u00e3o \u00e9 muito dif\u00edcil de levar n\u00e3o, te contar\n|\n|t:|1700779629\n|switch|p1a: Groudon|Groudon|100\/100\n|-weather|SunnyDay|[from] ability: Drought|[of] p1a: Groudon\n|move|p2a: Zacian|Behemoth Blade|p1a: Groudon\n|-damage|p1a: Groudon|59\/100\n|\n|-weather|SunnyDay|[upkeep]\n|-heal|p1a: Groudon|66\/100|[from] item: Leftovers\n|upkeep\n|turn|2\n|\n|t:|1700779642\n|move|p2a: Zacian|Substitute|p2a: Zacian\n|-start|p2a: Zacian|Substitute\n|-damage|p2a: Zacian|76\/100\n|move|p1a: Groudon|Earthquake|p2a: Zacian\n|-supereffective|p2a: Zacian\n|-end|p2a: Zacian|Substitute\n|\n|-weather|SunnyDay|[upkeep]\n|-heal|p1a: Groudon|72\/100|[from] item: Leftovers\n|upkeep\n|turn|3\n|c|\u2606Wssi|Pode usar tera fly agora\n|inactive|Skyiewxz has 120 seconds left.\n|c|\u2606Skyiewxz|vc tem roar\/\n|c|\u2606Skyiewxz|responde ai\n|c|\u2606Wssi|Tenho\n|c|\u2606Skyiewxz|porra\n|c|\u2606Skyiewxz|como eu uso tera fly e subs emtaop\n|c|\u2606Wssi|KKKKKKKKKKKKKKKKKKKKK\n|c|\u2606Wssi|SEGREDO\n|inactive|Skyiewxz has 90 seconds left.\n|\n|t:|1700779703\n|switch|p2a: Grimmsnarl|Grimmsnarl, M|100\/100\n|move|p1a: Groudon|Earthquake|p2a: Grimmsnarl\n|-damage|p2a: Grimmsnarl|36\/100\n|\n|-weather|SunnyDay|[upkeep]\n|-heal|p1a: Groudon|78\/100|[from] item: Leftovers\n|upkeep\n|turn|4\n|\n|t:|1700779715\n|move|p2a: Grimmsnarl|Reflect|p2a: Grimmsnarl\n|-sidestart|p2: Skyiewxz|Reflect\n|move|p1a: Groudon|Earthquake|p2a: Grimmsnarl\n|-damage|p2a: Grimmsnarl|8\/100\n|\n|-weather|SunnyDay|[upkeep]\n|-heal|p1a: Groudon|84\/100|[from] item: Leftovers\n|upkeep\n|turn|5\n|\n|t:|1700779729\n|move|p2a: Grimmsnarl|Taunt|p1a: Groudon\n|-start|p1a: Groudon|move: Taunt\n|cant|p1a: Groudon|move: Taunt|Spikes\n|\n|-weather|none\n|-heal|p1a: Groudon|90\/100|[from] item: Leftovers\n|upkeep\n|turn|6\n|\n|t:|1700779732\n|move|p2a: Grimmsnarl|Light Screen|p2a: Grimmsnarl\n|-sidestart|p2: Skyiewxz|move: Light Screen\n|move|p1a: Groudon|Earthquake|p2a: Grimmsnarl\n|-damage|p2a: Grimmsnarl|0 fnt\n|faint|p2a: Grimmsnarl\n|\n|-heal|p1a: Groudon|97\/100|[from] item: Leftovers\n|upkeep\n|c|\u2606Wssi|Fi de rapariga\n|\n|t:|1700779739\n|switch|p2a: Calyrex|Calyrex-Ice|100\/100\n|-ability|p2a: Calyrex|As One\n|-ability|p2a: Calyrex|Unnerve\n|turn|7\n|\n|t:|1700779746\n|switch|p1a: Glimmora|Glimmora, F|100\/100\n|move|p2a: Calyrex|Trick Room|p2a: Calyrex\n|-fieldstart|move: Trick Room|[of] p2a: Calyrex\n|\n|upkeep\n|turn|8\n|c|\u2606Skyiewxz|ui\n|c|\u2606Wssi|Perdi j\u00e1\n|inactive|Skyiewxz has 120 seconds left.\n|c|\u2606Skyiewxz|perdeu nao\n|c|\u2606Skyiewxz|acredita em si mesmo\n|\n|t:|1700779766\n|move|p2a: Calyrex|Glacial Lance|p1a: Glimmora\n|-enditem|p1a: Glimmora|Focus Sash\n|-damage|p1a: Glimmora|1\/100\n|-activate|p1a: Glimmora|ability: Toxic Debris\n|-sidestart|p2: Skyiewxz|move: Toxic Spikes\n|move|p1a: Glimmora|Mortal Spin|p2a: Calyrex\n|-damage|p2a: Calyrex|99\/100\n|-status|p2a: Calyrex|psn\n|\n|-damage|p2a: Calyrex|86\/100 psn|[from] psn\n|upkeep\n|turn|9\n|inactive|Skyiewxz has 120 seconds left.\n|\n|t:|1700779775\n|move|p2a: Calyrex|Glacial Lance|p1a: Glimmora\n|-damage|p1a: Glimmora|0 fnt\n|-activate|p1a: Glimmora|ability: Toxic Debris\n|-sidestart|p2: Skyiewxz|move: Toxic Spikes\n|faint|p1a: Glimmora\n|-ability|p2a: Calyrex|Chilling Neigh|boost\n|-boost|p2a: Calyrex|atk|1\n|\n|-damage|p2a: Calyrex|74\/100 psn|[from] psn\n|upkeep\n|c|\u2606Wssi|Acredito nada\n|\n|t:|1700779795\n|switch|p1a: Arceus|Arceus|100\/100\n|turn|10\n|c|\u2606Skyiewxz|como eu ganho se tem cancer no meu campo\n|\n|t:|1700779801\n|move|p2a: Calyrex|Glacial Lance|p1a: Arceus\n|-damage|p1a: Arceus|21\/100\n|move|p1a: Arceus|Shadow Claw|p2a: Calyrex\n|-supereffective|p2a: Calyrex\n|-damage|p2a: Calyrex|59\/100 psn\n|\n|-damage|p2a: Calyrex|47\/100 psn|[from] psn\n|upkeep\n|turn|11\n|\n|t:|1700779813\n|move|p1a: Arceus|Extreme Speed|p2a: Calyrex\n|-damage|p2a: Calyrex|35\/100 psn\n|move|p2a: Calyrex|Glacial Lance|p1a: Arceus\n|-damage|p1a: Arceus|0 fnt\n|faint|p1a: Arceus\n|-ability|p2a: Calyrex|Chilling Neigh|boost\n|-boost|p2a: Calyrex|atk|1\n|\n|-damage|p2a: Calyrex|22\/100 psn|[from] psn\n|-sideend|p2: Skyiewxz|Reflect\n|-fieldend|move: Trick Room\n|upkeep\n|c|\u2606Wssi|Esse c\u00e2ncer t\u00e1 muito fraquinho\n|c|\u2606Wssi|Era melhor se fosse 1 n\u00edvel s\u00f3\n|inactive|Wssi has 120 seconds left.\n|c|\u2606Skyiewxz|seu miraidon e double dance?\n|c|\u2606Skyiewxz|se for eu perdio\n|inactive|Wssi has 90 seconds left.\n|inactive|Wssi has 60 seconds left.\n|j| A-Pec 110\n|\n|t:|1700779914\n|switch|p1a: Miraidon|Miraidon|100\/100\n|-fieldstart|move: Electric Terrain|[from] ability: Hadron Engine|[of] p1a: Miraidon\n|turn|12\n|c|\u2606Wssi|Perdeu nada\n|c|\u2606Skyiewxz|perdi\n|c|\u2606Skyiewxz|um setup disso eu perco\n|inactive|Skyiewxz has 120 seconds left.\n|\n|t:|1700779950\n|move|p1a: Miraidon|Volt Switch|p2a: Calyrex\n|-damage|p2a: Calyrex|0 fnt\n|faint|p2a: Calyrex\n|\n|t:|1700779967\n|switch|p1a: Koraidon|Koraidon|100\/100|[from] Volt Switch\n|-weather|SunnyDay|[from] ability: Orichalcum Pulse|[of] p1a: Koraidon\n|-activate|p1a: Koraidon|Orichalcum Pulse|[source]\n|\n|-weather|SunnyDay|[upkeep]\n|upkeep\n|inactive|Skyiewxz has 120 seconds left.\n|c|\u2606Wssi|Erriesse\n|c|\u2606Wssi|Imagina eu clico scale\n|\n|t:|1700779995\n|switch|p2a: Miraidon|Miraidon|100\/100\n|-status|p2a: Miraidon|tox\n|-activate|p2a: Miraidon|ability: Hadron Engine\n|turn|13\n|c|\u2606Wssi|Se eu ganhar speed tie\n|c|\u2606Wssi|Tu j\u00e1 era\n|inactive|Wssi has 30 seconds left.\n|c|\u2606Wssi|Tera fairy\n|inactive|Wssi has 20 seconds left.\n|\n|t:|1700780035\n|switch|p1a: Zacian|Zacian-Crowned|100\/100\n|-ability|p1a: Zacian|Intrepid Sword|boost\n|-boost|p1a: Zacian|atk|1\n|switch|p2a: Zacian|Zacian-Crowned|76\/100\n|\n|-weather|SunnyDay|[upkeep]\n|-sideend|p2: Skyiewxz|move: Light Screen\n|upkeep\n|turn|14\n|inactive|Wssi has 30 seconds left this turn.\n|inactive|Wssi has 20 seconds left.\n|\n|t:|1700780054\n|switch|p1a: Groudon|Groudon|97\/100\n|move|p2a: Zacian|Behemoth Blade|p1a: Groudon\n|-damage|p1a: Groudon|67\/100\n|\n|-weather|SunnyDay|[upkeep]\n|-heal|p1a: Groudon|73\/100|[from] item: Leftovers\n|upkeep\n|turn|15\n|inactive|Wssi has 30 seconds left this turn.\n|c|\u2606Skyiewxz|a mano\n|c|\u2606Wssi|Tera fly agora\n|c|\u2606Skyiewxz|fodase\n|c|\u2606Wssi|Era top\n|inactive|Skyiewxz has 90 seconds left.\n|c|\u2606Skyiewxz|ja pode dar tera fly?\n|c|\u2606Wssi|Pode\n|j| xiselo157\n|c| xiselo157|omaigoid\n|inactive|Skyiewxz has 60 seconds left.\n|\n|t:|1700780110\n|move|p2a: Zacian|Behemoth Blade|p1a: Groudon\n|-damage|p1a: Groudon|47\/100\n|move|p1a: Groudon|Earthquake|p2a: Zacian\n|-supereffective|p2a: Zacian\n|-damage|p2a: Zacian|0 fnt\n|faint|p2a: Zacian\n|\n|-weather|SunnyDay|[upkeep]\n|-heal|p1a: Groudon|53\/100|[from] item: Leftovers\n|upkeep\n|c| xiselo157|n wssi, perdi pro dre usando stall\n|c| xiselo157|chorei\n|inactive|Skyiewxz has 60 seconds left.\n|\n|t:|1700780128\n|switch|p2a: Koraidon|Koraidon|100\/100\n|-status|p2a: Koraidon|tox\n|-activate|p2a: Koraidon|ability: Orichalcum Pulse\n|turn|16\n|\n|t:|1700780143\n|move|p2a: Koraidon|Swords Dance|p2a: Koraidon\n|-boost|p2a: Koraidon|atk|2\n|move|p1a: Groudon|Earthquake|p2a: Koraidon\n|-damage|p2a: Koraidon|57\/100 tox\n|\n|-weather|none\n|-heal|p1a: Groudon|59\/100|[from] item: Leftovers\n|-damage|p2a: Koraidon|51\/100 tox|[from] psn\n|-fieldend|move: Electric Terrain\n|upkeep\n|turn|17\n|\n|t:|1700780149\n|move|p2a: Koraidon|Scale Shot|p1a: Groudon\n|-damage|p1a: Groudon|47\/100\n|-damage|p1a: Groudon|33\/100\n|-damage|p1a: Groudon|20\/100\n|-damage|p1a: Groudon|6\/100\n|-hitcount|p1a: Groudon|4\n|-unboost|p2a: Koraidon|def|1\n|-boost|p2a: Koraidon|spe|1\n|move|p1a: Groudon|Earthquake|p2a: Koraidon\n|-damage|p2a: Koraidon|0 fnt\n|faint|p2a: Koraidon\n|\n|-heal|p1a: Groudon|12\/100|[from] item: Leftovers\n|upkeep\n|c|\u2606Skyiewxz|ai chapou\n|inactive|Skyiewxz has 60 seconds left.\n|c|\u2606Skyiewxz|era s\u00f3 1 hit a mais e eu ganhava\n|c|\u2606Wssi|Que isso, xiselo\n|c|\u2606Wssi|Rs\n|c| xiselo157|ele usou stall e eu usei time do kai\n|c| xiselo157|\ud83d\ude14\n|inactive|Skyiewxz has 30 seconds left.\n|c|\u2606Wssi|Tu ainda ganha\n|c|\u2606Wssi|F\u00e1cil f\u00e1cil\n|inactive|Skyiewxz has 20 seconds left.\n|inactive|Skyiewxz has 15 seconds left.\n|inactive|Skyiewxz has 10 seconds left.\n|\n|t:|1700780211\n|switch|p2a: Miraidon|Miraidon|100\/100 tox\n|-fieldstart|move: Electric Terrain|[from] ability: Hadron Engine|[of] p2a: Miraidon\n|turn|18\n|inactive|Skyiewxz has 20 seconds left this turn.\n|c| xiselo157|ta tendo xt\n|inactive|Skyiewxz has 15 seconds left.\n|\n|t:|1700780224\n|move|p2a: Miraidon|Dragon Pulse|p1a: Groudon\n|-damage|p1a: Groudon|0 fnt\n|faint|p1a: Groudon\n|\n|-damage|p2a: Miraidon|94\/100 tox|[from] psn\n|upkeep\n|inactive|Skyiewxz has 20 seconds left this turn.\n|c| xiselo157|\ud83e\udef2\ud83d\ude0e\ud83e\udef1\n|c| xiselo157|provavelmente o biri vai perder agr\n|\n|t:|1700780240\n|switch|p1a: Zacian|Zacian-Crowned|100\/100\n|turn|19\n|inactive|Skyiewxz has 30 seconds left this turn.\n|\n|t:|1700780246\n|-terastallize|p2a: Miraidon|Electric\n|move|p1a: Zacian|Play Rough|p2a: Miraidon\n|-crit|p2a: Miraidon\n|-damage|p2a: Miraidon|31\/100 tox\n|move|p2a: Miraidon|Agility|p2a: Miraidon\n|-boost|p2a: Miraidon|spe|2\n|\n|-damage|p2a: Miraidon|19\/100 tox|[from] psn\n|upkeep\n|turn|20\n|inactive|Skyiewxz has 30 seconds left.\n|c|\u2606Skyiewxz|porra\n|\n|t:|1700780265\n|move|p2a: Miraidon|Parabolic Charge|p1a: Zacian\n|-damage|p1a: Zacian|12\/100\n|-heal|p2a: Miraidon|55\/100 tox|[from] drain|[of] p1a: Zacian\n|move|p1a: Zacian|Play Rough|p2a: Miraidon\n|-damage|p2a: Miraidon|11\/100 tox\n|\n|-damage|p2a: Miraidon|0 fnt|[from] psn\n|faint|p2a: Miraidon\n|upkeep\n|inactive|Skyiewxz has 30 seconds left.\n|\n|t:|1700780272\n|switch|p2a: Arceus|Arceus|100\/100\n|-status|p2a: Arceus|tox\n|turn|21\n|inactive|Skyiewxz has 30 seconds left.\n|\n|t:|1700780283\n|move|p1a: Zacian|Play Rough|p2a: Arceus\n|-damage|p2a: Arceus|66\/100 tox\n|move|p2a: Arceus|Swords Dance|p2a: Arceus\n|-boost|p2a: Arceus|atk|2\n|\n|-damage|p2a: Arceus|60\/100 tox|[from] psn\n|upkeep\n|turn|22\n|inactive|Skyiewxz has 30 seconds left.\n|\n|t:|1700780301\n|move|p1a: Zacian|Play Rough|p2a: Arceus\n|-damage|p2a: Arceus|24\/100 tox\n|move|p2a: Arceus|Swords Dance|p2a: Arceus\n|-boost|p2a: Arceus|atk|2\n|\n|-damage|p2a: Arceus|12\/100 tox|[from] psn\n|-fieldend|move: Electric Terrain\n|upkeep\n|turn|23\n|\n|t:|1700780305\n|move|p2a: Arceus|Extreme Speed|p1a: Zacian\n|-resisted|p1a: Zacian\n|-damage|p1a: Zacian|0 fnt\n|faint|p1a: Zacian\n|\n|-damage|p2a: Arceus|0 fnt|[from] psn\n|faint|p2a: Arceus\n|\n|win|Wssi\n|upkeep\n|raw|Wssi's rating: 1671 &rarr; <strong>1686<\/strong><br \/>(+15 for winning)\n|raw|Skyiewxz's rating: 1589 &rarr; <strong>1574<\/strong><br \/>(-15 for losing)\n|c|\u2606Skyiewxz|gg\n|c|\u2606Wssi|Gg\n|l|\u2606Skyiewxz\n","uploadtime":1700780319,"views":5,"p1id":"wssi","p2id":"skyiewxz","formatid":"gen9ubers","rating":1574,"private":0,"password":""}