{"id":"gen9ubers-1976289973","p1":"bsball8806","p2":"Seior","format":"[Gen 9] Ubers","log":"|j|\u2606bsball8806\n|j|\u2606Seior\n|t:|1698282810\n|gametype|singles\n|player|p1|bsball8806|marlon|\n|player|p2|Seior|carmine|\n|teamsize|p1|6\n|teamsize|p2|6\n|gen|9\n|tier|[Gen 9] Ubers\n|rule|Sleep Clause Mod: Limit one foe put to sleep\n|rule|Species Clause: Limit one of each Pok\u00e9mon\n|rule|OHKO Clause: OHKO moves are banned\n|rule|Evasion Items Clause: Evasion items are banned\n|rule|Evasion Moves Clause: Evasion moves are banned\n|rule|Endless Battle Clause: Forcing endless battles is banned\n|rule|HP Percentage Mod: HP is shown in percentages\n|clearpoke\n|poke|p1|Dragapult, M|\n|poke|p1|Cinderace, M|\n|poke|p1|Zarude|\n|poke|p1|Fezandipiti, M|\n|poke|p1|Corviknight, M|\n|poke|p1|Quagsire, F|\n|poke|p2|Ninetales-Alola, F|\n|poke|p2|Annihilape, M|\n|poke|p2|Braviary-Hisui, M|\n|poke|p2|Gastrodon, M|\n|poke|p2|Weezing, M|\n|poke|p2|Sandslash-Alola, M|\n|teampreview\n|j| PorygonTheBot\n|c| PorygonTheBot|Porygon has digitized into the match... booting up... successfully calibrating stats!\n|c|\u2606bsball8806|gl hf!\n|c|\u2606Seior|u2\n|j| NEdgyman\n|j| Mr. Cip\n|c| NEdgyman|we love ape\n|\n|t:|1698282897\n|start\n|switch|p1a: Cinderace|Cinderace, M|100\/100\n|switch|p2a: Garchomp-M|Annihilape, M|100\/100\n|turn|1\n|\n|t:|1698282920\n|move|p2a: Garchomp-M|Final Gambit|p1a: Cinderace\n|-damage|p1a: Cinderace|0 fnt\n|faint|p2a: Garchomp-M\n|faint|p1a: Cinderace\n|\n|upkeep\n|c| NEdgyman|was cinderace really that important\n|c|\u2606bsball8806|it was pretty important\n|c|\u2606Seior|i mean it also catches corv on switch so you tell me\n|c|\u2606Seior|thinkin btw\n|c| NEdgyman|its a good play but morally i cant throw away my ape\n|\n|t:|1698283114\n|switch|p1a: Fezandipiti|Fezandipiti, M|100\/100\n|switch|p2a: Weezing|Weezing, M, shiny|100\/100\n|turn|2\n|j| zLayton\n|\n|t:|1698283161\n|move|p2a: Weezing|Protect|p2a: Weezing\n|-singleturn|p2a: Weezing|Protect\n|move|p1a: Fezandipiti|Taunt|p2a: Weezing\n|-activate|p2a: Weezing|move: Protect\n|\n|upkeep\n|turn|3\n|c| zLayton|F in chat for my brother chomp\n|\n|t:|1698283208\n|move|p1a: Fezandipiti|Taunt|p2a: Weezing\n|-start|p2a: Weezing|move: Taunt\n|cant|p2a: Weezing|move: Taunt|Will-O-Wisp\n|\n|upkeep\n|turn|4\n|c| NEdgyman|chomp is the town slut\n|c| NEdgyman|just getting passed around\n|\n|t:|1698283230\n|move|p1a: Fezandipiti|Moonblast|p2a: Weezing\n|-resisted|p2a: Weezing\n|-damage|p2a: Weezing|84\/100\n|move|p2a: Weezing|Flamethrower|p1a: Fezandipiti\n|-damage|p1a: Fezandipiti|88\/100\n|\n|-heal|p2a: Weezing|90\/100|[from] item: Black Sludge\n|upkeep\n|turn|5\n|\n|t:|1698283260\n|switch|p1a: Zarude|Zarude|100\/100\n|move|p2a: Weezing|Clear Smog|p1a: Zarude\n|-supereffective|p1a: Zarude\n|-damage|p1a: Zarude|74\/100\n|-clearboost|p1a: Zarude\n|\n|-heal|p2a: Weezing|96\/100|[from] item: Black Sludge\n|-end|p2a: Weezing|move: Taunt\n|upkeep\n|turn|6\n|\n|t:|1698283283\n|-terastallize|p1a: Zarude|Poison\n|move|p1a: Zarude|Knock Off|p2a: Weezing\n|-damage|p2a: Weezing|73\/100\n|-enditem|p2a: Weezing|Black Sludge|[from] move: Knock Off|[of] p1a: Zarude\n|move|p2a: Weezing|Will-O-Wisp|p1a: Zarude\n|-status|p1a: Zarude|brn\n|\n|-damage|p1a: Zarude|68\/100 brn|[from] brn\n|upkeep\n|turn|7\n|c| zLayton|I like ur team Jeremy\n|c| Mr. Cip|^\n|c|\u2606Seior|ok ppl i beat\n|c|\u2606bsball8806|i do too\n|c|\u2606bsball8806|not here though :)\n|\n|t:|1698283341\n|switch|p2a: Ninetales|Ninetales-Alola, F, shiny|100\/100\n|-weather|Snow|[from] ability: Snow Warning|[of] p2a: Ninetales\n|move|p1a: Zarude|Jungle Healing|p1a: Zarude\n|-heal|p1a: Zarude|93\/100 brn\n|-curestatus|p1a: Zarude|brn|[msg]\n|\n|-weather|Snow|[upkeep]\n|upkeep\n|turn|8\n|c| NEdgyman|thats cool actually\n|c| NEdgyman|didnt know that move existed\n|c| Mr. Cip|ive genuinely never seen that move\n|\n|t:|1698283376\n|move|p2a: Ninetales|Aurora Veil|p2a: Ninetales\n|-sidestart|p2: Seior|move: Aurora Veil\n|move|p1a: Zarude|Encore|p2a: Ninetales\n|-start|p2a: Ninetales|Encore\n|\n|-weather|Snow|[upkeep]\n|upkeep\n|turn|9\n|\n|t:|1698283382\n|switch|p2a: Weezing|Weezing, M, shiny|73\/100\n|move|p1a: Zarude|Knock Off|p2a: Weezing\n|-damage|p2a: Weezing|65\/100\n|\n|-weather|Snow|[upkeep]\n|upkeep\n|turn|10\n|\n|t:|1698283407\n|move|p1a: Zarude|Power Whip|p2a: Weezing\n|-resisted|p2a: Weezing\n|-damage|p2a: Weezing|57\/100\n|move|p2a: Weezing|Will-O-Wisp|p1a: Zarude\n|-status|p1a: Zarude|brn\n|\n|-weather|Snow|[upkeep]\n|-damage|p1a: Zarude|87\/100 brn|[from] brn\n|upkeep\n|turn|11\n|\n|t:|1698283420\n|switch|p2a: Sandslash|Sandslash-Alola, M, shiny|100\/100\n|move|p1a: Zarude|Knock Off|p2a: Sandslash\n|-damage|p2a: Sandslash|94\/100\n|-enditem|p2a: Sandslash|Leftovers|[from] move: Knock Off|[of] p1a: Zarude\n|\n|-weather|Snow|[upkeep]\n|-damage|p1a: Zarude|81\/100 brn|[from] brn\n|upkeep\n|turn|12\n|\n|t:|1698283488\n|switch|p1a: Corviknight|Corviknight, M|100\/100\n|-ability|p1a: Corviknight|Pressure\n|move|p2a: Sandslash|Icicle Crash|p1a: Corviknight\n|-damage|p1a: Corviknight|78\/100\n|\n|-weather|Snow|[upkeep]\n|-heal|p1a: Corviknight|84\/100|[from] item: Leftovers\n|-sideend|p2: Seior|move: Aurora Veil\n|upkeep\n|turn|13\n|\n|t:|1698283520\n|move|p2a: Sandslash|Substitute|p2a: Sandslash\n|-start|p2a: Sandslash|Substitute\n|-damage|p2a: Sandslash|69\/100\n|move|p1a: Corviknight|Bulk Up|p1a: Corviknight\n|-boost|p1a: Corviknight|atk|1\n|-boost|p1a: Corviknight|def|1\n|\n|-weather|Snow|[upkeep]\n|-heal|p1a: Corviknight|90\/100|[from] item: Leftovers\n|upkeep\n|turn|14\n|\n|t:|1698283542\n|move|p2a: Sandslash|Knock Off|p1a: Corviknight\n|-damage|p1a: Corviknight|78\/100\n|-enditem|p1a: Corviknight|Leftovers|[from] move: Knock Off|[of] p2a: Sandslash\n|move|p1a: Corviknight|Bulk Up|p1a: Corviknight\n|-boost|p1a: Corviknight|atk|1\n|-boost|p1a: Corviknight|def|1\n|\n|-weather|none\n|upkeep\n|turn|15\n|\n|t:|1698283581\n|move|p2a: Sandslash|Icicle Crash|p1a: Corviknight|[miss]\n|-miss|p2a: Sandslash|p1a: Corviknight\n|move|p1a: Corviknight|Brave Bird|p2a: Sandslash\n|-resisted|p2a: Sandslash\n|-end|p2a: Sandslash|Substitute\n|-damage|p1a: Corviknight|72\/100|[from] Recoil|[of] p2a: Sandslash\n|\n|upkeep\n|turn|16\n|\n|t:|1698283591\n|move|p2a: Sandslash|Icicle Crash|p1a: Corviknight\n|-damage|p1a: Corviknight|60\/100\n|move|p1a: Corviknight|Roost|p1a: Corviknight\n|-heal|p1a: Corviknight|100\/100\n|-singleturn|p1a: Corviknight|move: Roost\n|\n|upkeep\n|turn|17\n|\n|t:|1698283595\n|move|p2a: Sandslash|Icicle Crash|p1a: Corviknight|[miss]\n|-miss|p2a: Sandslash|p1a: Corviknight\n|move|p1a: Corviknight|Bulk Up|p1a: Corviknight\n|-boost|p1a: Corviknight|atk|1\n|-boost|p1a: Corviknight|def|1\n|\n|upkeep\n|turn|18\n|\n|t:|1698283614\n|move|p2a: Sandslash|Icicle Crash|p1a: Corviknight\n|-damage|p1a: Corviknight|90\/100\n|move|p1a: Corviknight|Bulk Up|p1a: Corviknight\n|-boost|p1a: Corviknight|atk|1\n|-boost|p1a: Corviknight|def|1\n|\n|upkeep\n|turn|19\n|\n|t:|1698283636\n|move|p2a: Sandslash|Icicle Crash|p1a: Corviknight\n|-damage|p1a: Corviknight|83\/100\n|cant|p1a: Corviknight|flinch\n|\n|upkeep\n|turn|20\n|\n|t:|1698283640\n|move|p2a: Sandslash|Icicle Crash|p1a: Corviknight\n|-damage|p1a: Corviknight|75\/100\n|move|p1a: Corviknight|Roost|p1a: Corviknight\n|-heal|p1a: Corviknight|100\/100\n|-singleturn|p1a: Corviknight|move: Roost\n|\n|upkeep\n|turn|21\n|\n|t:|1698283645\n|move|p2a: Sandslash|Icicle Crash|p1a: Corviknight\n|-damage|p1a: Corviknight|92\/100\n|move|p1a: Corviknight|Bulk Up|p1a: Corviknight\n|-boost|p1a: Corviknight|atk|1\n|-boost|p1a: Corviknight|def|1\n|\n|upkeep\n|turn|22\n|-message|Seior forfeited.\n|\n|win|bsball8806\n|l|\u2606Seior\n|l| PorygonTheBot\n","uploadtime":1698283653,"views":32,"p1id":"bsball8806","p2id":"seior","formatid":"gen9ubers","rating":0,"private":0,"password":""}