{"id":"gen9ubers-1986866062","p1":"jeffiza","p2":"Toasterina","format":"[Gen 9] Ubers","log":"|j|\u2606jeffiza\n|j|\u2606Toasterina\n|t:|1699535753\n|gametype|singles\n|player|p1|jeffiza|palmer|1155\n|player|p2|Toasterina|102|1207\n|teamsize|p1|6\n|teamsize|p2|6\n|gen|9\n|tier|[Gen 9] Ubers\n|rated|\n|rule|Sleep Clause Mod: Limit one foe put to sleep\n|rule|Species Clause: Limit one of each Pok\u00e9mon\n|rule|OHKO Clause: OHKO moves are banned\n|rule|Evasion Items Clause: Evasion items are banned\n|rule|Evasion Moves Clause: Evasion moves are banned\n|rule|Endless Battle Clause: Forcing endless battles is banned\n|rule|HP Percentage Mod: HP is shown in percentages\n|clearpoke\n|poke|p1|Ambipom, M|\n|poke|p1|Zacian-*|\n|poke|p1|Hatterene, F|\n|poke|p1|Volcarona, F|\n|poke|p1|Manaphy|\n|poke|p1|Rillaboom, F|\n|poke|p2|Zacian-*|\n|poke|p2|Koraidon|\n|poke|p2|Flutter Mane|\n|poke|p2|Ogerpon-Hearthflame, F|\n|poke|p2|Chi-Yu|\n|poke|p2|Kingambit, F|\n|teampreview\n|inactive|Battle timer is ON: inactive players will automatically lose when time's up. (requested by jeffiza)\n|\n|t:|1699535770\n|start\n|switch|p1a: Ambipom|Ambipom, M|100\/100\n|switch|p2a: Koraidon|Koraidon|100\/100\n|-weather|SunnyDay|[from] ability: Orichalcum Pulse|[of] p2a: Koraidon\n|-activate|p2a: Koraidon|Orichalcum Pulse|[source]\n|turn|1\n|\n|t:|1699535782\n|switch|p2a: Flutter Mane|Flutter Mane|100\/100\n|-activate|p2a: Flutter Mane|ability: Protosynthesis\n|-start|p2a: Flutter Mane|protosynthesisspe\n|move|p1a: Ambipom|Fake Out|p2a: Flutter Mane\n|-immune|p2a: Flutter Mane\n|\n|-weather|SunnyDay|[upkeep]\n|upkeep\n|turn|2\n|\n|t:|1699535790\n|move|p2a: Flutter Mane|Dazzling Gleam|p1a: Ambipom\n|-damage|p1a: Ambipom|16\/100\n|-damage|p2a: Flutter Mane|91\/100|[from] item: Life Orb\n|move|p1a: Ambipom|Iron Tail|p2a: Flutter Mane\n|-supereffective|p2a: Flutter Mane\n|-damage|p2a: Flutter Mane|0 fnt\n|faint|p2a: Flutter Mane\n|-end|p2a: Flutter Mane|Protosynthesis|[silent]\n|\n|-weather|SunnyDay|[upkeep]\n|upkeep\n|\n|t:|1699535802\n|switch|p2a: Koraidon|Koraidon|100\/100\n|-activate|p2a: Koraidon|ability: Orichalcum Pulse\n|turn|3\n|\n|t:|1699535809\n|move|p2a: Koraidon|U-turn|p1a: Ambipom\n|-damage|p1a: Ambipom|0 fnt\n|faint|p1a: Ambipom\n|\n|t:|1699535814\n|switch|p2a: Ogerpon|Ogerpon-Hearthflame, F|100\/100|[from] U-turn\n|-ability|p2a: Ogerpon|Mold Breaker\n|\n|-weather|SunnyDay|[upkeep]\n|upkeep\n|\n|t:|1699535820\n|switch|p1a: Volcarona|Volcarona, F|100\/100\n|turn|4\n|\n|t:|1699535828\n|move|p2a: Ogerpon|Ivy Cudgel|p1a: Volcarona\n|-damage|p1a: Volcarona|0 fnt\n|faint|p1a: Volcarona\n|\n|-weather|SunnyDay|[upkeep]\n|upkeep\n|\n|t:|1699535843\n|switch|p1a: Hatterene|Hatterene, F|100\/100\n|turn|5\n|\n|t:|1699535865\n|move|p2a: Ogerpon|Ivy Cudgel|p1a: Hatterene\n|-crit|p1a: Hatterene\n|-damage|p1a: Hatterene|0 fnt\n|faint|p1a: Hatterene\n|\n|-weather|none\n|upkeep\n|\n|t:|1699535873\n|switch|p1a: Manaphy|Manaphy|100\/100\n|turn|6\n|inactive|Toasterina has 120 seconds left.\n|\n|t:|1699535908\n|move|p2a: Ogerpon|Power Whip|p1a: Manaphy\n|-supereffective|p1a: Manaphy\n|-damage|p1a: Manaphy|0 fnt\n|faint|p1a: Manaphy\n|\n|upkeep\n|\n|t:|1699535929\n|switch|p1a: Zacian|Zacian-Crowned|100\/100\n|-ability|p1a: Zacian|Intrepid Sword|boost\n|-boost|p1a: Zacian|atk|1\n|turn|7\n|inactive|Toasterina has 120 seconds left.\n|\n|t:|1699535948\n|-terastallize|p1a: Zacian|Fire\n|move|p1a: Zacian|Play Rough|p2a: Ogerpon\n|-resisted|p2a: Ogerpon\n|-damage|p2a: Ogerpon|46\/100\n|move|p2a: Ogerpon|Ivy Cudgel|p1a: Zacian\n|-resisted|p1a: Zacian\n|-damage|p1a: Zacian|74\/100\n|\n|upkeep\n|turn|8\n|\n|t:|1699535957\n|move|p1a: Zacian|Play Rough|p2a: Ogerpon|[miss]\n|-miss|p1a: Zacian|p2a: Ogerpon\n|move|p2a: Ogerpon|Ivy Cudgel|p1a: Zacian\n|-resisted|p1a: Zacian\n|-damage|p1a: Zacian|48\/100\n|\n|upkeep\n|turn|9\n|inactive|Toasterina has 120 seconds left.\n|\n|t:|1699535966\n|move|p1a: Zacian|Play Rough|p2a: Ogerpon\n|-resisted|p2a: Ogerpon\n|-damage|p2a: Ogerpon|0 fnt\n|faint|p2a: Ogerpon\n|\n|upkeep\n|\n|t:|1699535970\n|switch|p2a: Koraidon|Koraidon|100\/100\n|-weather|SunnyDay|[from] ability: Orichalcum Pulse|[of] p2a: Koraidon\n|-activate|p2a: Koraidon|Orichalcum Pulse|[source]\n|turn|10\n|\n|t:|1699535978\n|move|p2a: Koraidon|Collision Course|p1a: Zacian\n|-damage|p1a: Zacian|0 fnt\n|faint|p1a: Zacian\n|\n|-weather|SunnyDay|[upkeep]\n|upkeep\n|\n|t:|1699535982\n|switch|p1a: Rillaboom|Rillaboom, F|100\/100\n|-fieldstart|move: Grassy Terrain|[from] ability: Grassy Surge|[of] p1a: Rillaboom\n|-enditem|p1a: Rillaboom|Grassy Seed\n|-boost|p1a: Rillaboom|def|1|[from] item: Grassy Seed\n|turn|11\n|\n|t:|1699535985\n|-terastallize|p2a: Koraidon|Fighting\n|move|p2a: Koraidon|Collision Course|p1a: Rillaboom\n|-damage|p1a: Rillaboom|43\/100\n|move|p1a: Rillaboom|Acrobatics|p2a: Koraidon\n|-supereffective|p2a: Koraidon\n|-damage|p2a: Koraidon|33\/100\n|\n|-weather|SunnyDay|[upkeep]\n|-heal|p2a: Koraidon|39\/100|[from] Grassy Terrain\n|-heal|p1a: Rillaboom|49\/100|[from] Grassy Terrain\n|upkeep\n|turn|12\n|\n|t:|1699535990\n|move|p2a: Koraidon|Collision Course|p1a: Rillaboom\n|-damage|p1a: Rillaboom|0 fnt\n|faint|p1a: Rillaboom\n|\n|win|Toasterina\n|raw|jeffiza's rating: 1155 &rarr; <strong>1134<\/strong><br \/>(-21 for losing)\n|raw|Toasterina's rating: 1207 &rarr; <strong>1228<\/strong><br \/>(+21 for winning)\n|l|\u2606jeffiza\n|c|\u2606Toasterina|gg\n","uploadtime":1699535997,"views":12,"p1id":"jeffiza","p2id":"toasterina","formatid":"gen9ubers","rating":1134,"private":0,"password":""}