{"id":"gen9ubers-1979881365","p1":"BLACK METAL 3","p2":"Astyr.Pygos","format":"[Gen 9] Ubers","log":"|j|\u2606BLACK METAL 3\n|j|\u2606Astyr.Pygos\n|t:|1698723700\n|gametype|singles\n|player|p1|BLACK METAL 3|clerk|\n|player|p2|Astyr.Pygos|hilda|\n|teamsize|p1|6\n|teamsize|p2|6\n|gen|9\n|tier|[Gen 9] Ubers\n|rule|Sleep Clause Mod: Limit one foe put to sleep\n|rule|Species Clause: Limit one of each Pok\u00e9mon\n|rule|OHKO Clause: OHKO moves are banned\n|rule|Evasion Items Clause: Evasion items are banned\n|rule|Evasion Moves Clause: Evasion moves are banned\n|rule|Endless Battle Clause: Forcing endless battles is banned\n|rule|HP Percentage Mod: HP is shown in percentages\n|clearpoke\n|poke|p1|Espathra, M|\n|poke|p1|Garganacl, M|\n|poke|p1|Salazzle, F|\n|poke|p1|Rillaboom, M|\n|poke|p1|Rotom-Heat|\n|poke|p1|Dragapult, F|\n|poke|p2|Clodsire, M|\n|poke|p2|Grimmsnarl, M|\n|poke|p2|Toxapex, M|\n|poke|p2|Iron Valiant|\n|poke|p2|Ceruledge, F|\n|poke|p2|Tatsugiri, M|\n|teampreview\n|j| Squirshawott\n|j| pkpowers310\n|j| slugmaaa\n|\n|t:|1698723745\n|start\n|switch|p1a: Queencard|Salazzle, F|100\/100\n|switch|p2a: Grimmsnarl|Grimmsnarl, M|100\/100\n|turn|1\n|\n|t:|1698723757\n|move|p2a: Grimmsnarl|Light Screen|p2a: Grimmsnarl\n|-sidestart|p2: Astyr.Pygos|move: Light Screen\n|move|p1a: Queencard|Toxic|p2a: Grimmsnarl\n|-status|p2a: Grimmsnarl|tox\n|\n|-damage|p2a: Grimmsnarl|94\/100 tox|[from] psn\n|upkeep\n|turn|2\n|c| slugmaaa|gidle...\n|\n|t:|1698723787\n|switch|p1a: Junebug|Rillaboom, M|100\/100\n|-fieldstart|move: Grassy Terrain|[from] ability: Grassy Surge|[of] p1a: Junebug\n|switch|p2a: Toxapex|Toxapex, M|100\/100\n|\n|upkeep\n|turn|3\n|\n|t:|1698723808\n|move|p1a: Junebug|Knock Off|p2a: Toxapex\n|-damage|p2a: Toxapex|78\/100\n|-damage|p1a: Junebug|84\/100|[from] item: Rocky Helmet|[of] p2a: Toxapex\n|-enditem|p2a: Toxapex|Rocky Helmet|[from] move: Knock Off|[of] p1a: Junebug\n|move|p2a: Toxapex|Toxic|p1a: Junebug\n|-status|p1a: Junebug|tox\n|\n|-heal|p1a: Junebug|90\/100 tox|[from] Grassy Terrain\n|-heal|p2a: Toxapex|84\/100|[from] Grassy Terrain\n|-damage|p1a: Junebug|84\/100 tox|[from] psn\n|upkeep\n|turn|4\n|\n|t:|1698723877\n|move|p1a: Junebug|High Horsepower|p2a: Toxapex\n|-supereffective|p2a: Toxapex\n|-damage|p2a: Toxapex|42\/100\n|move|p2a: Toxapex|Recover|p2a: Toxapex\n|-heal|p2a: Toxapex|92\/100\n|\n|-heal|p1a: Junebug|90\/100 tox|[from] Grassy Terrain\n|-heal|p2a: Toxapex|98\/100|[from] Grassy Terrain\n|-damage|p1a: Junebug|78\/100 tox|[from] psn\n|upkeep\n|turn|5\n|\n|t:|1698723895\n|move|p1a: Junebug|U-turn|p2a: Toxapex\n|-resisted|p2a: Toxapex\n|-damage|p2a: Toxapex|90\/100\n|\n|t:|1698723900\n|switch|p1a: Easy Bake!|Rotom-Heat|100\/100|[from] U-turn\n|move|p2a: Toxapex|Surf|p1a: Easy Bake!\n|-supereffective|p1a: Easy Bake!\n|-damage|p1a: Easy Bake!|58\/100\n|\n|-heal|p2a: Toxapex|96\/100|[from] Grassy Terrain\n|-sideend|p2: Astyr.Pygos|move: Light Screen\n|upkeep\n|turn|6\n|\n|t:|1698723910\n|move|p1a: Easy Bake!|Light Screen|p1a: Easy Bake!\n|-sidestart|p1: BLACK METAL 3|move: Light Screen\n|move|p2a: Toxapex|Surf|p1a: Easy Bake!\n|-supereffective|p1a: Easy Bake!\n|-damage|p1a: Easy Bake!|37\/100\n|\n|-heal|p2a: Toxapex|100\/100|[from] Grassy Terrain\n|-fieldend|move: Grassy Terrain\n|upkeep\n|turn|7\n|\n|t:|1698723925\n|move|p1a: Easy Bake!|Reflect|p1a: Easy Bake!\n|-sidestart|p1: BLACK METAL 3|Reflect\n|move|p2a: Toxapex|Surf|p1a: Easy Bake!\n|-supereffective|p1a: Easy Bake!\n|-damage|p1a: Easy Bake!|15\/100\n|\n|upkeep\n|turn|8\n|\n|t:|1698723935\n|move|p1a: Easy Bake!|Volt Switch|p2a: Toxapex\n|-supereffective|p2a: Toxapex\n|-damage|p2a: Toxapex|56\/100\n|\n|t:|1698723943\n|switch|p1a: Whomp|Garganacl, M|100\/100|[from] Volt Switch\n|move|p2a: Toxapex|Surf|p1a: Whomp\n|-supereffective|p1a: Whomp\n|-damage|p1a: Whomp|89\/100\n|\n|-heal|p1a: Whomp|95\/100|[from] item: Leftovers\n|upkeep\n|turn|9\n|\n|t:|1698723968\n|switch|p2a: Grimmsnarl|Grimmsnarl, M|94\/100 tox\n|move|p1a: Whomp|Salt Cure|p2a: Grimmsnarl\n|-damage|p2a: Grimmsnarl|76\/100 tox\n|-start|p2a: Grimmsnarl|Salt Cure\n|\n|-heal|p2a: Grimmsnarl|82\/100 tox|[from] item: Leftovers\n|-heal|p1a: Whomp|100\/100|[from] item: Leftovers\n|-damage|p2a: Grimmsnarl|76\/100 tox|[from] psn\n|-damage|p2a: Grimmsnarl|64\/100 tox|[from] Salt Cure\n|upkeep\n|turn|10\n|\n|t:|1698724010\n|move|p2a: Grimmsnarl|Reflect|p2a: Grimmsnarl\n|-sidestart|p2: Astyr.Pygos|Reflect\n|move|p1a: Whomp|Curse|p1a: Whomp\n|-unboost|p1a: Whomp|spe|1\n|-boost|p1a: Whomp|atk|1\n|-boost|p1a: Whomp|def|1\n|\n|-heal|p2a: Grimmsnarl|70\/100 tox|[from] item: Leftovers\n|-damage|p2a: Grimmsnarl|58\/100 tox|[from] psn\n|-damage|p2a: Grimmsnarl|45\/100 tox|[from] Salt Cure\n|upkeep\n|turn|11\n|\n|t:|1698724031\n|move|p2a: Grimmsnarl|Taunt|p1a: Whomp\n|-start|p1a: Whomp|move: Taunt\n|move|p1a: Whomp|Salt Cure|p2a: Grimmsnarl\n|-damage|p2a: Grimmsnarl|32\/100 tox\n|\n|-heal|p2a: Grimmsnarl|39\/100 tox|[from] item: Leftovers\n|-damage|p2a: Grimmsnarl|20\/100 tox|[from] psn\n|-damage|p2a: Grimmsnarl|8\/100 tox|[from] Salt Cure\n|upkeep\n|turn|12\n|\n|t:|1698724044\n|switch|p2a: Clodsire|Clodsire, M|100\/100\n|move|p1a: Whomp|Salt Cure|p2a: Clodsire\n|-resisted|p2a: Clodsire\n|-damage|p2a: Clodsire|97\/100\n|-start|p2a: Clodsire|Salt Cure\n|\n|-heal|p2a: Clodsire|100\/100|[from] item: Black Sludge\n|-damage|p2a: Clodsire|88\/100|[from] Salt Cure\n|upkeep\n|turn|13\n|\n|t:|1698724065\n|switch|p1a: Junebug|Rillaboom, M|78\/100 tox\n|-fieldstart|move: Grassy Terrain|[from] ability: Grassy Surge|[of] p1a: Junebug\n|move|p2a: Clodsire|Poison Jab|p1a: Junebug\n|-supereffective|p1a: Junebug\n|-damage|p1a: Junebug|58\/100 tox\n|\n|-heal|p1a: Junebug|64\/100 tox|[from] Grassy Terrain\n|-heal|p2a: Clodsire|94\/100|[from] Grassy Terrain\n|-heal|p2a: Clodsire|100\/100|[from] item: Black Sludge\n|-damage|p1a: Junebug|58\/100 tox|[from] psn\n|-damage|p2a: Clodsire|88\/100|[from] Salt Cure\n|-sideend|p1: BLACK METAL 3|move: Light Screen\n|upkeep\n|turn|14\n|\n|t:|1698724127\n|switch|p2a: Toxapex|Toxapex, M|90\/100\n|move|p1a: Junebug|Knock Off|p2a: Toxapex\n|-damage|p2a: Toxapex|82\/100\n|\n|-heal|p1a: Junebug|64\/100 tox|[from] Grassy Terrain\n|-heal|p2a: Toxapex|88\/100|[from] Grassy Terrain\n|-damage|p1a: Junebug|52\/100 tox|[from] psn\n|-sideend|p1: BLACK METAL 3|Reflect\n|-sideend|p2: Astyr.Pygos|Reflect\n|upkeep\n|turn|15\n|j| Sol CPU\n|\n|t:|1698724160\n|switch|p1a: Whomp|Garganacl, M|100\/100\n|move|p2a: Toxapex|Surf|p1a: Whomp\n|-supereffective|p1a: Whomp\n|-damage|p1a: Whomp|75\/100\n|\n|-heal|p1a: Whomp|81\/100|[from] Grassy Terrain\n|-heal|p1a: Whomp|88\/100|[from] item: Leftovers\n|-heal|p2a: Toxapex|94\/100|[from] Grassy Terrain\n|upkeep\n|turn|16\n|\n|t:|1698724271\n|move|p1a: Whomp|Salt Cure|p2a: Toxapex\n|-damage|p2a: Toxapex|85\/100\n|-start|p2a: Toxapex|Salt Cure\n|move|p2a: Toxapex|Surf|p1a: Whomp\n|-supereffective|p1a: Whomp\n|-damage|p1a: Whomp|64\/100\n|\n|-heal|p1a: Whomp|70\/100|[from] Grassy Terrain\n|-heal|p1a: Whomp|76\/100|[from] item: Leftovers\n|-heal|p2a: Toxapex|91\/100|[from] Grassy Terrain\n|-damage|p2a: Toxapex|67\/100|[from] Salt Cure\n|upkeep\n|turn|17\n|\n|t:|1698724285\n|switch|p2a: Grimmsnarl|Grimmsnarl, M|8\/100 tox\n|move|p1a: Whomp|Stone Edge|p2a: Grimmsnarl\n|-damage|p2a: Grimmsnarl|0 fnt\n|faint|p2a: Grimmsnarl\n|\n|-heal|p1a: Whomp|82\/100|[from] Grassy Terrain\n|-heal|p1a: Whomp|89\/100|[from] item: Leftovers\n|-fieldend|move: Grassy Terrain\n|upkeep\n|\n|t:|1698724300\n|switch|p2a: Iron Valiant|Iron Valiant|100\/100\n|-enditem|p2a: Iron Valiant|Booster Energy\n|-activate|p2a: Iron Valiant|ability: Quark Drive|[fromitem]\n|-start|p2a: Iron Valiant|quarkdrivespe\n|turn|18\n|\n|t:|1698724311\n|switch|p1a: Easy Bake!|Rotom-Heat|15\/100\n|move|p2a: Iron Valiant|Aura Sphere|p1a: Easy Bake!\n|-damage|p1a: Easy Bake!|0 fnt\n|faint|p1a: Easy Bake!\n|\n|upkeep\n|\n|t:|1698724318\n|switch|p1a: Queencard|Salazzle, F|100\/100\n|turn|19\n|\n|t:|1698724325\n|move|p1a: Queencard|Sludge Bomb|p2a: Iron Valiant\n|-supereffective|p2a: Iron Valiant\n|-damage|p2a: Iron Valiant|0 fnt\n|faint|p2a: Iron Valiant\n|-end|p2a: Iron Valiant|Quark Drive|[silent]\n|\n|upkeep\n|\n|t:|1698724373\n|switch|p2a: Clodsire|Clodsire, M|88\/100\n|turn|20\n|\n|t:|1698724411\n|switch|p1a: Junebug|Rillaboom, M|52\/100 tox\n|-fieldstart|move: Grassy Terrain|[from] ability: Grassy Surge|[of] p1a: Junebug\n|move|p2a: Clodsire|Yawn||[still]\n|-fail|p2a: Clodsire\n|\n|-heal|p1a: Junebug|58\/100 tox|[from] Grassy Terrain\n|-heal|p2a: Clodsire|94\/100|[from] Grassy Terrain\n|-heal|p2a: Clodsire|100\/100|[from] item: Black Sludge\n|-damage|p1a: Junebug|52\/100 tox|[from] psn\n|upkeep\n|turn|21\n|\n|t:|1698724434\n|switch|p1a: Whomp|Garganacl, M|89\/100\n|move|p2a: Clodsire|Poison Jab|p1a: Whomp\n|-resisted|p1a: Whomp\n|-damage|p1a: Whomp|81\/100\n|\n|-heal|p1a: Whomp|87\/100|[from] Grassy Terrain\n|-heal|p1a: Whomp|94\/100|[from] item: Leftovers\n|upkeep\n|turn|22\n|\n|t:|1698724444\n|move|p1a: Whomp|Salt Cure|p2a: Clodsire\n|-resisted|p2a: Clodsire\n|-crit|p2a: Clodsire\n|-damage|p2a: Clodsire|89\/100\n|-start|p2a: Clodsire|Salt Cure\n|move|p2a: Clodsire|Earthquake|p1a: Whomp\n|-supereffective|p1a: Whomp\n|-damage|p1a: Whomp|74\/100\n|\n|-heal|p1a: Whomp|80\/100|[from] Grassy Terrain\n|-heal|p1a: Whomp|86\/100|[from] item: Leftovers\n|-heal|p2a: Clodsire|96\/100|[from] Grassy Terrain\n|-heal|p2a: Clodsire|100\/100|[from] item: Black Sludge\n|-damage|p2a: Clodsire|88\/100|[from] Salt Cure\n|upkeep\n|turn|23\n|\n|t:|1698724471\n|switch|p1a: Lord Shen|Espathra, M|100\/100\n|-enditem|p1a: Lord Shen|Grassy Seed\n|-boost|p1a: Lord Shen|def|1|[from] item: Grassy Seed\n|move|p2a: Clodsire|Poison Jab|p1a: Lord Shen\n|-damage|p1a: Lord Shen|81\/100\n|\n|-heal|p1a: Lord Shen|87\/100|[from] Grassy Terrain\n|-heal|p2a: Clodsire|94\/100|[from] Grassy Terrain\n|-heal|p2a: Clodsire|100\/100|[from] item: Black Sludge\n|-damage|p2a: Clodsire|88\/100|[from] Salt Cure\n|upkeep\n|turn|24\n|\n|t:|1698724488\n|move|p1a: Lord Shen|Calm Mind|p1a: Lord Shen\n|-boost|p1a: Lord Shen|spa|1\n|-boost|p1a: Lord Shen|spd|1\n|move|p2a: Clodsire|Yawn|p1a: Lord Shen\n|-start|p1a: Lord Shen|move: Yawn|[of] p2a: Clodsire\n|\n|-heal|p1a: Lord Shen|93\/100|[from] Grassy Terrain\n|-heal|p2a: Clodsire|94\/100|[from] Grassy Terrain\n|-heal|p2a: Clodsire|100\/100|[from] item: Black Sludge\n|-damage|p2a: Clodsire|88\/100|[from] Salt Cure\n|-fieldend|move: Grassy Terrain\n|-ability|p1a: Lord Shen|Speed Boost|boost\n|-boost|p1a: Lord Shen|spe|1\n|upkeep\n|turn|25\n|\n|t:|1698724504\n|move|p1a: Lord Shen|Stored Power|p2a: Clodsire\n|-supereffective|p2a: Clodsire\n|-damage|p2a: Clodsire|53\/100\n|move|p2a: Clodsire|Earthquake|p1a: Lord Shen\n|-damage|p1a: Lord Shen|70\/100\n|\n|-heal|p2a: Clodsire|59\/100|[from] item: Black Sludge\n|-damage|p2a: Clodsire|47\/100|[from] Salt Cure\n|-end|p1a: Lord Shen|move: Yawn|[silent]\n|-status|p1a: Lord Shen|slp\n|-ability|p1a: Lord Shen|Speed Boost|boost\n|-boost|p1a: Lord Shen|spe|1\n|upkeep\n|turn|26\n|\n|t:|1698724564\n|switch|p1a: Junebug|Rillaboom, M|52\/100 tox\n|-fieldstart|move: Grassy Terrain|[from] ability: Grassy Surge|[of] p1a: Junebug\n|move|p2a: Clodsire|Recover|p2a: Clodsire\n|-heal|p2a: Clodsire|97\/100\n|\n|-heal|p1a: Junebug|58\/100 tox|[from] Grassy Terrain\n|-heal|p2a: Clodsire|100\/100|[from] Grassy Terrain\n|-damage|p1a: Junebug|52\/100 tox|[from] psn\n|-damage|p2a: Clodsire|88\/100|[from] Salt Cure\n|upkeep\n|turn|27\n|\n|t:|1698724610\n|switch|p2a: Toxapex|Toxapex, M|99\/100\n|move|p1a: Junebug|High Horsepower|p2a: Toxapex\n|-supereffective|p2a: Toxapex\n|-damage|p2a: Toxapex|58\/100\n|\n|-heal|p1a: Junebug|58\/100 tox|[from] Grassy Terrain\n|-heal|p2a: Toxapex|64\/100|[from] Grassy Terrain\n|-damage|p1a: Junebug|46\/100 tox|[from] psn\n|upkeep\n|turn|28\n|\n|t:|1698724625\n|move|p1a: Junebug|High Horsepower|p2a: Toxapex\n|-supereffective|p2a: Toxapex\n|-crit|p2a: Toxapex\n|-damage|p2a: Toxapex|2\/100\n|move|p2a: Toxapex|Recover|p2a: Toxapex\n|-heal|p2a: Toxapex|52\/100\n|\n|-heal|p1a: Junebug|52\/100 tox|[from] Grassy Terrain\n|-heal|p2a: Toxapex|58\/100|[from] Grassy Terrain\n|-damage|p1a: Junebug|33\/100 tox|[from] psn\n|upkeep\n|turn|29\n|\n|t:|1698724675\n|switch|p1a: Gex|Dragapult, F|100\/100\n|switch|p2a: Tatsugiri|Tatsugiri, M|100\/100\n|\n|upkeep\n|turn|30\n|\n|t:|1698724696\n|move|p2a: Tatsugiri|Dragon Pulse|p1a: Gex\n|-supereffective|p1a: Gex\n|-enditem|p1a: Gex|Focus Sash\n|-damage|p1a: Gex|1\/100\n|move|p1a: Gex|U-turn|p2a: Tatsugiri\n|-damage|p2a: Tatsugiri|52\/100\n|\n|t:|1698724721\n|switch|p1a: Queencard|Salazzle, F|100\/100|[from] U-turn\n|\n|-heal|p2a: Tatsugiri|59\/100|[from] Grassy Terrain\n|-fieldend|move: Grassy Terrain\n|upkeep\n|turn|31\n|\n|t:|1698724740\n|switch|p2a: Clodsire|Clodsire, M|88\/100\n|move|p1a: Queencard|Sludge Bomb|p2a: Clodsire\n|-resisted|p2a: Clodsire\n|-damage|p2a: Clodsire|82\/100\n|\n|-heal|p2a: Clodsire|88\/100|[from] item: Black Sludge\n|upkeep\n|turn|32\n|\n|t:|1698724758\n|switch|p1a: Whomp|Garganacl, M|86\/100\n|move|p2a: Clodsire|Poison Jab|p1a: Whomp\n|-resisted|p1a: Whomp\n|-damage|p1a: Whomp|79\/100\n|\n|-heal|p1a: Whomp|85\/100|[from] item: Leftovers\n|-heal|p2a: Clodsire|95\/100|[from] item: Black Sludge\n|upkeep\n|turn|33\n|\n|t:|1698724768\n|move|p1a: Whomp|Salt Cure|p2a: Clodsire\n|-resisted|p2a: Clodsire\n|-damage|p2a: Clodsire|87\/100\n|-start|p2a: Clodsire|Salt Cure\n|move|p2a: Clodsire|Earthquake|p1a: Whomp\n|-supereffective|p1a: Whomp\n|-damage|p1a: Whomp|48\/100\n|\n|-heal|p1a: Whomp|54\/100|[from] item: Leftovers\n|-heal|p2a: Clodsire|93\/100|[from] item: Black Sludge\n|-damage|p2a: Clodsire|81\/100|[from] Salt Cure\n|upkeep\n|turn|34\n|\n|t:|1698724782\n|switch|p1a: Junebug|Rillaboom, M|33\/100 tox\n|-fieldstart|move: Grassy Terrain|[from] ability: Grassy Surge|[of] p1a: Junebug\n|move|p2a: Clodsire|Poison Jab|p1a: Junebug\n|-supereffective|p1a: Junebug\n|-crit|p1a: Junebug\n|-damage|p1a: Junebug|0 fnt\n|faint|p1a: Junebug\n|\n|-heal|p2a: Clodsire|87\/100|[from] Grassy Terrain\n|-heal|p2a: Clodsire|93\/100|[from] item: Black Sludge\n|-damage|p2a: Clodsire|81\/100|[from] Salt Cure\n|upkeep\n|\n|t:|1698724793\n|switch|p1a: Queencard|Salazzle, F|100\/100\n|turn|35\n|\n|t:|1698724813\n|move|p1a: Queencard|Toxic|p2a: Clodsire\n|-status|p2a: Clodsire|tox\n|move|p2a: Clodsire|Recover|p2a: Clodsire\n|-heal|p2a: Clodsire|100\/100 tox\n|\n|-damage|p2a: Clodsire|94\/100 tox|[from] psn\n|-damage|p2a: Clodsire|82\/100 tox|[from] Salt Cure\n|upkeep\n|turn|36\n|\n|t:|1698724843\n|switch|p1a: Whomp|Garganacl, M|54\/100\n|move|p2a: Clodsire|Earthquake|p1a: Whomp\n|-supereffective|p1a: Whomp\n|-damage|p1a: Whomp|34\/100\n|\n|-heal|p1a: Whomp|41\/100|[from] Grassy Terrain\n|-heal|p1a: Whomp|47\/100|[from] item: Leftovers\n|-heal|p2a: Clodsire|88\/100 tox|[from] Grassy Terrain\n|-heal|p2a: Clodsire|94\/100 tox|[from] item: Black Sludge\n|-damage|p2a: Clodsire|82\/100 tox|[from] psn\n|-damage|p2a: Clodsire|69\/100 tox|[from] Salt Cure\n|upkeep\n|turn|37\n|\n|t:|1698724858\n|switch|p2a: Toxapex|Toxapex, M|92\/100\n|move|p1a: Whomp|Recover|p1a: Whomp\n|-heal|p1a: Whomp|97\/100\n|\n|-heal|p1a: Whomp|100\/100|[from] Grassy Terrain\n|-heal|p2a: Toxapex|98\/100|[from] Grassy Terrain\n|upkeep\n|turn|38\n|\n|t:|1698724869\n|move|p1a: Whomp|Salt Cure|p2a: Toxapex\n|-damage|p2a: Toxapex|90\/100\n|-start|p2a: Toxapex|Salt Cure\n|move|p2a: Toxapex|Surf|p1a: Whomp\n|-supereffective|p1a: Whomp\n|-damage|p1a: Whomp|76\/100\n|\n|-heal|p1a: Whomp|82\/100|[from] Grassy Terrain\n|-heal|p1a: Whomp|89\/100|[from] item: Leftovers\n|-heal|p2a: Toxapex|96\/100|[from] Grassy Terrain\n|-damage|p2a: Toxapex|71\/100|[from] Salt Cure\n|-fieldend|move: Grassy Terrain\n|upkeep\n|turn|39\n|\n|t:|1698724886\n|move|p1a: Whomp|Stone Edge|p2a: Toxapex\n|-damage|p2a: Toxapex|51\/100\n|move|p2a: Toxapex|Surf|p1a: Whomp\n|-supereffective|p1a: Whomp\n|-damage|p1a: Whomp|65\/100\n|\n|-heal|p1a: Whomp|71\/100|[from] item: Leftovers\n|-damage|p2a: Toxapex|26\/100|[from] Salt Cure\n|upkeep\n|turn|40\n|\n|t:|1698724898\n|move|p1a: Whomp|Salt Cure|p2a: Toxapex\n|-damage|p2a: Toxapex|18\/100\n|move|p2a: Toxapex|Recover|p2a: Toxapex\n|-heal|p2a: Toxapex|68\/100\n|\n|-heal|p1a: Whomp|77\/100|[from] item: Leftovers\n|-damage|p2a: Toxapex|43\/100|[from] Salt Cure\n|upkeep\n|turn|41\n|\n|t:|1698724909\n|move|p1a: Whomp|Curse|p1a: Whomp\n|-unboost|p1a: Whomp|spe|1\n|-boost|p1a: Whomp|atk|1\n|-boost|p1a: Whomp|def|1\n|move|p2a: Toxapex|Recover|p2a: Toxapex\n|-heal|p2a: Toxapex|93\/100\n|\n|-heal|p1a: Whomp|83\/100|[from] item: Leftovers\n|-damage|p2a: Toxapex|68\/100|[from] Salt Cure\n|upkeep\n|turn|42\n|\n|t:|1698724919\n|move|p2a: Toxapex|Haze|p2a: Toxapex\n|-clearallboost\n|move|p1a: Whomp|Curse|p1a: Whomp\n|-unboost|p1a: Whomp|spe|1\n|-boost|p1a: Whomp|atk|1\n|-boost|p1a: Whomp|def|1\n|\n|-heal|p1a: Whomp|90\/100|[from] item: Leftovers\n|-damage|p2a: Toxapex|44\/100|[from] Salt Cure\n|upkeep\n|turn|43\n|\n|t:|1698724931\n|move|p2a: Toxapex|Recover|p2a: Toxapex\n|-heal|p2a: Toxapex|94\/100\n|move|p1a: Whomp|Curse|p1a: Whomp\n|-unboost|p1a: Whomp|spe|1\n|-boost|p1a: Whomp|atk|1\n|-boost|p1a: Whomp|def|1\n|\n|-heal|p1a: Whomp|96\/100|[from] item: Leftovers\n|-damage|p2a: Toxapex|69\/100|[from] Salt Cure\n|upkeep\n|turn|44\n|\n|t:|1698724942\n|move|p2a: Toxapex|Haze|p2a: Toxapex\n|-clearallboost\n|move|p1a: Whomp|Curse|p1a: Whomp\n|-unboost|p1a: Whomp|spe|1\n|-boost|p1a: Whomp|atk|1\n|-boost|p1a: Whomp|def|1\n|\n|-heal|p1a: Whomp|100\/100|[from] item: Leftovers\n|-damage|p2a: Toxapex|44\/100|[from] Salt Cure\n|upkeep\n|turn|45\n|\n|t:|1698724952\n|move|p2a: Toxapex|Recover|p2a: Toxapex\n|-heal|p2a: Toxapex|95\/100\n|move|p1a: Whomp|Curse|p1a: Whomp\n|-unboost|p1a: Whomp|spe|1\n|-boost|p1a: Whomp|atk|1\n|-boost|p1a: Whomp|def|1\n|\n|-damage|p2a: Toxapex|70\/100|[from] Salt Cure\n|upkeep\n|turn|46\n|\n|t:|1698724963\n|move|p2a: Toxapex|Haze|p2a: Toxapex\n|-clearallboost\n|move|p1a: Whomp|Curse|p1a: Whomp\n|-unboost|p1a: Whomp|spe|1\n|-boost|p1a: Whomp|atk|1\n|-boost|p1a: Whomp|def|1\n|\n|-damage|p2a: Toxapex|45\/100|[from] Salt Cure\n|upkeep\n|turn|47\n|\n|t:|1698724981\n|switch|p2a: Clodsire|Clodsire, M|69\/100 tox\n|move|p1a: Whomp|Stone Edge|p2a: Clodsire\n|-resisted|p2a: Clodsire\n|-damage|p2a: Clodsire|49\/100 tox\n|\n|-heal|p2a: Clodsire|55\/100 tox|[from] item: Black Sludge\n|-damage|p2a: Clodsire|49\/100 tox|[from] psn\n|upkeep\n|turn|48\n|\n|t:|1698724991\n|move|p2a: Clodsire|Earthquake|p1a: Whomp\n|-supereffective|p1a: Whomp\n|-damage|p1a: Whomp|60\/100\n|move|p1a: Whomp|Salt Cure|p2a: Clodsire\n|-resisted|p2a: Clodsire\n|-damage|p2a: Clodsire|41\/100 tox\n|-start|p2a: Clodsire|Salt Cure\n|\n|-heal|p2a: Clodsire|47\/100 tox|[from] item: Black Sludge\n|-heal|p1a: Whomp|66\/100|[from] item: Leftovers\n|-damage|p2a: Clodsire|35\/100 tox|[from] psn\n|-damage|p2a: Clodsire|22\/100 tox|[from] Salt Cure\n|upkeep\n|turn|49\n|\n|t:|1698725003\n|move|p2a: Clodsire|Recover|p2a: Clodsire\n|-heal|p2a: Clodsire|72\/100 tox\n|move|p1a: Whomp|Recover|p1a: Whomp\n|-heal|p1a: Whomp|100\/100\n|\n|-heal|p2a: Clodsire|79\/100 tox|[from] item: Black Sludge\n|-damage|p2a: Clodsire|60\/100 tox|[from] psn\n|-damage|p2a: Clodsire|47\/100 tox|[from] Salt Cure\n|upkeep\n|turn|50\n|\n|t:|1698725022\n|move|p2a: Clodsire|Recover|p2a: Clodsire\n|-heal|p2a: Clodsire|97\/100 tox\n|move|p1a: Whomp|Stone Edge|p2a: Clodsire\n|-resisted|p2a: Clodsire\n|-damage|p2a: Clodsire|79\/100 tox\n|\n|-heal|p2a: Clodsire|85\/100 tox|[from] item: Black Sludge\n|-damage|p2a: Clodsire|60\/100 tox|[from] psn\n|-damage|p2a: Clodsire|47\/100 tox|[from] Salt Cure\n|upkeep\n|turn|51\n|\n|t:|1698725039\n|switch|p2a: Toxapex|Toxapex, M|78\/100\n|move|p1a: Whomp|Curse|p1a: Whomp\n|-unboost|p1a: Whomp|spe|1\n|-boost|p1a: Whomp|atk|1\n|-boost|p1a: Whomp|def|1\n|\n|upkeep\n|turn|52\n|\n|t:|1698725058\n|switch|p1a: Gex|Dragapult, F|1\/100\n|move|p2a: Toxapex|Surf|p1a: Gex\n|-resisted|p1a: Gex\n|-damage|p1a: Gex|0 fnt\n|faint|p1a: Gex\n|\n|upkeep\n|\n|t:|1698725065\n|switch|p1a: Queencard|Salazzle, F|100\/100\n|turn|53\n|\n|t:|1698725071\n|move|p1a: Queencard|Toxic|p2a: Toxapex\n|-status|p2a: Toxapex|tox\n|move|p2a: Toxapex|Surf|p1a: Queencard\n|-supereffective|p1a: Queencard\n|-damage|p1a: Queencard|27\/100\n|\n|-damage|p2a: Toxapex|72\/100 tox|[from] psn\n|upkeep\n|turn|54\n|\n|t:|1698725091\n|switch|p1a: Lord Shen|Espathra, M|70\/100 slp\n|switch|p2a: Tatsugiri|Tatsugiri, M|59\/100\n|\n|upkeep\n|turn|55\n|\n|t:|1698725132\n|move|p2a: Tatsugiri|Hydro Pump|p1a: Lord Shen\n|-crit|p1a: Lord Shen\n|-damage|p1a: Lord Shen|0 fnt\n|faint|p1a: Lord Shen\n|\n|upkeep\n|\n|t:|1698725137\n|switch|p1a: Whomp|Garganacl, M|100\/100\n|turn|56\n|\n|t:|1698725140\n|move|p2a: Tatsugiri|Hydro Pump|p1a: Whomp\n|-supereffective|p1a: Whomp\n|-damage|p1a: Whomp|31\/100\n|move|p1a: Whomp|Salt Cure|p2a: Tatsugiri\n|-damage|p2a: Tatsugiri|34\/100\n|-start|p2a: Tatsugiri|Salt Cure\n|\n|-heal|p1a: Whomp|37\/100|[from] item: Leftovers\n|-damage|p2a: Tatsugiri|9\/100|[from] Salt Cure\n|upkeep\n|turn|57\n|\n|t:|1698725151\n|switch|p1a: Queencard|Salazzle, F|27\/100\n|move|p2a: Tatsugiri|Hydro Pump|p1a: Queencard\n|-supereffective|p1a: Queencard\n|-damage|p1a: Queencard|0 fnt\n|faint|p1a: Queencard\n|\n|-damage|p2a: Tatsugiri|0 fnt|[from] Salt Cure\n|faint|p2a: Tatsugiri\n|upkeep\n|\n|t:|1698725178\n|switch|p1a: Whomp|Garganacl, M|37\/100\n|switch|p2a: Toxapex|Toxapex, M|100\/100 tox\n|turn|58\n|\n|t:|1698725188\n|move|p1a: Whomp|Recover|p1a: Whomp\n|-heal|p1a: Whomp|87\/100\n|move|p2a: Toxapex|Surf|p1a: Whomp\n|-supereffective|p1a: Whomp\n|-damage|p1a: Whomp|62\/100\n|\n|-heal|p1a: Whomp|68\/100|[from] item: Leftovers\n|-damage|p2a: Toxapex|95\/100 tox|[from] psn\n|upkeep\n|turn|59\n|\n|t:|1698725197\n|move|p1a: Whomp|Recover|p1a: Whomp\n|-heal|p1a: Whomp|100\/100\n|move|p2a: Toxapex|Surf|p1a: Whomp\n|-supereffective|p1a: Whomp\n|-damage|p1a: Whomp|76\/100\n|\n|-heal|p1a: Whomp|82\/100|[from] item: Leftovers\n|-damage|p2a: Toxapex|83\/100 tox|[from] psn\n|upkeep\n|turn|60\n|\n|t:|1698725206\n|move|p1a: Whomp|Salt Cure|p2a: Toxapex\n|-damage|p2a: Toxapex|75\/100 tox\n|-start|p2a: Toxapex|Salt Cure\n|move|p2a: Toxapex|Surf|p1a: Whomp\n|-supereffective|p1a: Whomp\n|-damage|p1a: Whomp|55\/100\n|\n|-heal|p1a: Whomp|61\/100|[from] item: Leftovers\n|-damage|p2a: Toxapex|57\/100 tox|[from] psn\n|-damage|p2a: Toxapex|32\/100 tox|[from] Salt Cure\n|upkeep\n|turn|61\n|\n|t:|1698725217\n|switch|p2a: Clodsire|Clodsire, M|47\/100 tox\n|move|p1a: Whomp|Stone Edge|p2a: Clodsire\n|-resisted|p2a: Clodsire\n|-damage|p2a: Clodsire|27\/100 tox\n|\n|-heal|p1a: Whomp|68\/100|[from] item: Leftovers\n|-heal|p2a: Clodsire|33\/100 tox|[from] item: Black Sludge\n|-damage|p2a: Clodsire|27\/100 tox|[from] psn\n|upkeep\n|turn|62\n|\n|t:|1698725255\n|switch|p2a: Toxapex|Toxapex, M|66\/100 tox\n|move|p1a: Whomp|Curse|p1a: Whomp\n|-unboost|p1a: Whomp|spe|1\n|-boost|p1a: Whomp|atk|1\n|-boost|p1a: Whomp|def|1\n|\n|-heal|p1a: Whomp|74\/100|[from] item: Leftovers\n|-damage|p2a: Toxapex|60\/100 tox|[from] psn\n|upkeep\n|turn|63\n|\n|t:|1698725269\n|move|p2a: Toxapex|Surf|p1a: Whomp\n|-supereffective|p1a: Whomp\n|-damage|p1a: Whomp|50\/100\n|move|p1a: Whomp|Recover|p1a: Whomp\n|-heal|p1a: Whomp|99\/100\n|\n|-heal|p1a: Whomp|100\/100|[from] item: Leftovers\n|-damage|p2a: Toxapex|48\/100 tox|[from] psn\n|upkeep\n|turn|64\n|\n|t:|1698725278\n|move|p2a: Toxapex|Recover|p2a: Toxapex\n|-heal|p2a: Toxapex|98\/100 tox\n|move|p1a: Whomp|Salt Cure|p2a: Toxapex\n|-damage|p2a: Toxapex|87\/100 tox\n|-start|p2a: Toxapex|Salt Cure\n|\n|-damage|p2a: Toxapex|69\/100 tox|[from] psn\n|-damage|p2a: Toxapex|44\/100 tox|[from] Salt Cure\n|upkeep\n|turn|65\n|\n|t:|1698725287\n|move|p2a: Toxapex|Recover|p2a: Toxapex\n|-heal|p2a: Toxapex|94\/100 tox\n|move|p1a: Whomp|Curse|p1a: Whomp\n|-unboost|p1a: Whomp|spe|1\n|-boost|p1a: Whomp|atk|1\n|-boost|p1a: Whomp|def|1\n|\n|-damage|p2a: Toxapex|70\/100 tox|[from] psn\n|-damage|p2a: Toxapex|46\/100 tox|[from] Salt Cure\n|upkeep\n|turn|66\n|\n|t:|1698725301\n|switch|p2a: Clodsire|Clodsire, M|27\/100 tox\n|move|p1a: Whomp|Salt Cure|p2a: Clodsire\n|-resisted|p2a: Clodsire\n|-damage|p2a: Clodsire|19\/100 tox\n|-start|p2a: Clodsire|Salt Cure\n|\n|-heal|p2a: Clodsire|25\/100 tox|[from] item: Black Sludge\n|-damage|p2a: Clodsire|19\/100 tox|[from] psn\n|-damage|p2a: Clodsire|7\/100 tox|[from] Salt Cure\n|upkeep\n|turn|67\n|\n|t:|1698725312\n|move|p2a: Clodsire|Recover|p2a: Clodsire\n|-heal|p2a: Clodsire|57\/100 tox\n|move|p1a: Whomp|Salt Cure|p2a: Clodsire\n|-resisted|p2a: Clodsire\n|-damage|p2a: Clodsire|49\/100 tox\n|\n|-heal|p2a: Clodsire|55\/100 tox|[from] item: Black Sludge\n|-damage|p2a: Clodsire|43\/100 tox|[from] psn\n|-damage|p2a: Clodsire|30\/100 tox|[from] Salt Cure\n|upkeep\n|turn|68\n|\n|t:|1698725321\n|move|p2a: Clodsire|Recover|p2a: Clodsire\n|-heal|p2a: Clodsire|80\/100 tox\n|move|p1a: Whomp|Curse|p1a: Whomp\n|-unboost|p1a: Whomp|spe|1\n|-boost|p1a: Whomp|atk|1\n|-boost|p1a: Whomp|def|1\n|\n|-heal|p2a: Clodsire|87\/100 tox|[from] item: Black Sludge\n|-damage|p2a: Clodsire|68\/100 tox|[from] psn\n|-damage|p2a: Clodsire|55\/100 tox|[from] Salt Cure\n|upkeep\n|turn|69\n|\n|t:|1698725333\n|move|p2a: Clodsire|Earthquake|p1a: Whomp\n|-supereffective|p1a: Whomp\n|-damage|p1a: Whomp|66\/100\n|move|p1a: Whomp|Salt Cure|p2a: Clodsire\n|-resisted|p2a: Clodsire\n|-damage|p2a: Clodsire|47\/100 tox\n|\n|-heal|p2a: Clodsire|54\/100 tox|[from] item: Black Sludge\n|-heal|p1a: Whomp|73\/100|[from] item: Leftovers\n|-damage|p2a: Clodsire|29\/100 tox|[from] psn\n|-damage|p2a: Clodsire|16\/100 tox|[from] Salt Cure\n|upkeep\n|turn|70\n|\n|t:|1698725426\n|move|p2a: Clodsire|Earthquake|p1a: Whomp\n|-supereffective|p1a: Whomp\n|-damage|p1a: Whomp|35\/100\n|move|p1a: Whomp|Salt Cure|p2a: Clodsire\n|-resisted|p2a: Clodsire\n|-damage|p2a: Clodsire|9\/100 tox\n|\n|-heal|p2a: Clodsire|15\/100 tox|[from] item: Black Sludge\n|-heal|p1a: Whomp|42\/100|[from] item: Leftovers\n|-damage|p2a: Clodsire|0 fnt|[from] psn\n|faint|p2a: Clodsire\n|upkeep\n|\n|t:|1698725438\n|switch|p2a: Toxapex|Toxapex, M|79\/100 tox\n|turn|71\n|\n|t:|1698725442\n|move|p2a: Toxapex|Surf|p1a: Whomp\n|-supereffective|p1a: Whomp\n|-damage|p1a: Whomp|18\/100\n|move|p1a: Whomp|Recover|p1a: Whomp\n|-heal|p1a: Whomp|68\/100\n|\n|-heal|p1a: Whomp|74\/100|[from] item: Leftovers\n|-damage|p2a: Toxapex|73\/100 tox|[from] psn\n|upkeep\n|turn|72\n|\n|t:|1698725450\n|move|p2a: Toxapex|Surf|p1a: Whomp\n|-supereffective|p1a: Whomp\n|-damage|p1a: Whomp|47\/100\n|move|p1a: Whomp|Recover|p1a: Whomp\n|-heal|p1a: Whomp|97\/100\n|\n|-heal|p1a: Whomp|100\/100|[from] item: Leftovers\n|-damage|p2a: Toxapex|61\/100 tox|[from] psn\n|upkeep\n|turn|73\n|\n|t:|1698725463\n|move|p2a: Toxapex|Surf|p1a: Whomp\n|-supereffective|p1a: Whomp\n|-damage|p1a: Whomp|75\/100\n|move|p1a: Whomp|Stone Edge|p2a: Toxapex\n|-damage|p2a: Toxapex|13\/100 tox\n|\n|-heal|p1a: Whomp|81\/100|[from] item: Leftovers\n|-damage|p2a: Toxapex|0 fnt|[from] psn\n|faint|p2a: Toxapex\n|upkeep\n|\n|t:|1698725472\n|switch|p2a: Ceruledge|Ceruledge, F|100\/100\n|turn|74\n|\n|t:|1698725479\n|move|p2a: Ceruledge|Shadow Claw|p1a: Whomp\n|-damage|p1a: Whomp|74\/100\n|-damage|p2a: Ceruledge|91\/100|[from] item: Life Orb\n|move|p1a: Whomp|Stone Edge|p2a: Ceruledge\n|-supereffective|p2a: Ceruledge\n|-damage|p2a: Ceruledge|0 fnt\n|faint|p2a: Ceruledge\n|\n|win|BLACK METAL 3\n|l| slugmaaa\n|l| Sol CPU\n|c|\u2606BLACK METAL 3|ggs\n","uploadtime":1698725642,"views":21,"p1id":"blackmetal3","p2id":"astyrpygos","formatid":"gen9ubers","rating":0,"private":0,"password":""}