{"id":"gen9ubers-1992953018","p1":"AceWrightXD","p2":"game18","format":"[Gen 9] Ubers","log":"|j|\u2606AceWrightXD\n|j|\u2606game18\n|t:|1700249824\n|gametype|singles\n|player|p1|AceWrightXD|ghetsis|\n|player|p2|game18|ghetsis|\n|teamsize|p1|6\n|teamsize|p2|6\n|gen|9\n|tier|[Gen 9] Ubers\n|rated|Tournament battle\n|rule|Sleep Clause Mod: Limit one foe put to sleep\n|rule|Species Clause: Limit one of each Pok\u00e9mon\n|rule|OHKO Clause: OHKO moves are banned\n|rule|Evasion Items Clause: Evasion items are banned\n|rule|Evasion Moves Clause: Evasion moves are banned\n|rule|Endless Battle Clause: Forcing endless battles is banned\n|rule|HP Percentage Mod: HP is shown in percentages\n|clearpoke\n|poke|p1|Zacian-*|\n|poke|p1|Basculegion-F, F|\n|poke|p1|Kingambit, F|\n|poke|p1|Cyclizar, F|\n|poke|p1|Kommo-o, M|\n|poke|p1|Gliscor, F|\n|poke|p2|Kyogre|\n|poke|p2|Toxapex, F|\n|poke|p2|Miraidon|\n|poke|p2|Koraidon|\n|poke|p2|Ting-Lu|\n|poke|p2|Arceus-Fairy|\n|teampreview\n|inactive|Battle timer is ON: inactive players will automatically lose when time's up. (requested by AceWrightXD)\n|j| Pressure is Cool\n|\n|t:|1700249833\n|start\n|switch|p1a: Gliscor|Gliscor, F|100\/100\n|switch|p2a: Kyogre|Kyogre|100\/100\n|-weather|RainDance|[from] ability: Drizzle|[of] p2a: Kyogre\n|turn|1\n|j| Kate\n|j|+corvere\u2665\n|inactive|AceWrightXD has 120 seconds left.\n|\n|t:|1700249887\n|move|p2a: Kyogre|Ice Beam|p1a: Gliscor\n|-supereffective|p1a: Gliscor\n|-damage|p1a: Gliscor|0 fnt\n|faint|p1a: Gliscor\n|\n|-weather|RainDance|[upkeep]\n|upkeep\n|\n|t:|1700249891\n|switch|p1a: Zacian|Zacian-Crowned|100\/100\n|-ability|p1a: Zacian|Intrepid Sword|boost\n|-boost|p1a: Zacian|atk|1\n|turn|2\n|\n|t:|1700249898\n|switch|p2a: Toxapex|Toxapex, F|100\/100\n|move|p1a: Zacian|Swords Dance|p1a: Zacian\n|-boost|p1a: Zacian|atk|2\n|\n|-weather|RainDance|[upkeep]\n|upkeep\n|turn|3\n|inactive|AceWrightXD has 120 seconds left.\n|\n|t:|1700249913\n|move|p1a: Zacian|Behemoth Blade|p2a: Toxapex\n|-resisted|p2a: Toxapex\n|-damage|p2a: Toxapex|60\/100\n|-damage|p1a: Zacian|84\/100|[from] item: Rocky Helmet|[of] p2a: Toxapex\n|move|p2a: Toxapex|Chilling Water|p1a: Zacian\n|-damage|p1a: Zacian|68\/100\n|-unboost|p1a: Zacian|atk|1\n|\n|-weather|RainDance|[upkeep]\n|upkeep\n|turn|4\n|inactive|AceWrightXD has 120 seconds left.\n|j| leoperi99\n|inactive|AceWrightXD has 90 seconds left.\n|\n|t:|1700249951\n|move|p1a: Zacian|Behemoth Blade|p2a: Toxapex\n|-resisted|p2a: Toxapex\n|-damage|p2a: Toxapex|28\/100\n|-damage|p1a: Zacian|51\/100|[from] item: Rocky Helmet|[of] p2a: Toxapex\n|move|p2a: Toxapex|Chilling Water|p1a: Zacian\n|-damage|p1a: Zacian|37\/100\n|-unboost|p1a: Zacian|atk|1\n|\n|-weather|RainDance|[upkeep]\n|upkeep\n|turn|5\n|inactive|AceWrightXD has 90 seconds left.\n|l| Pressure is Cool\n|\n|t:|1700249969\n|move|p1a: Zacian|Swords Dance|p1a: Zacian\n|-boost|p1a: Zacian|atk|2\n|move|p2a: Toxapex|Recover|p2a: Toxapex\n|-heal|p2a: Toxapex|78\/100\n|\n|-weather|none\n|upkeep\n|turn|6\n|\n|t:|1700249989\n|switch|p2a: Ting-Lu|Ting-Lu|100\/100\n|-ability|p2a: Ting-Lu|Vessel of Ruin\n|move|p1a: Zacian|Behemoth Blade|p2a: Ting-Lu\n|-damage|p2a: Ting-Lu|24\/100\n|\n|-heal|p2a: Ting-Lu|31\/100|[from] item: Leftovers\n|upkeep\n|turn|7\n|\n|t:|1700249999\n|move|p1a: Zacian|Behemoth Blade|p2a: Ting-Lu\n|-damage|p2a: Ting-Lu|0 fnt\n|faint|p2a: Ting-Lu\n|\n|upkeep\n|\n|t:|1700250003\n|switch|p2a: Kyogre|Kyogre|100\/100\n|-weather|RainDance|[from] ability: Drizzle|[of] p2a: Kyogre\n|turn|8\n|\n|t:|1700250014\n|move|p2a: Kyogre|Water Spout|p1a: Zacian\n|-damage|p1a: Zacian|0 fnt\n|faint|p1a: Zacian\n|\n|-weather|RainDance|[upkeep]\n|upkeep\n|\n|t:|1700250021\n|switch|p1a: Kingambit|Kingambit, F|100\/100\n|-activate|p1a: Kingambit|ability: Supreme Overlord\n|-start|p1a: Kingambit|fallen2|[silent]\n|turn|9\n|\n|t:|1700250032\n|switch|p2a: Koraidon|Koraidon|100\/100\n|-weather|SunnyDay|[from] ability: Orichalcum Pulse|[of] p2a: Koraidon\n|-activate|p2a: Koraidon|Orichalcum Pulse|[source]\n|move|p1a: Kingambit|Sucker Punch||[still]\n|-fail|p1a: Kingambit\n|\n|-weather|SunnyDay|[upkeep]\n|upkeep\n|turn|10\n|inactive|AceWrightXD has 120 seconds left.\n|\n|t:|1700250052\n|-end|p1a: Kingambit|fallen2|[silent]\n|switch|p1a: Cyclizar|Cyclizar, F|100\/100\n|move|p2a: Koraidon|Flare Blitz|p1a: Cyclizar\n|-resisted|p1a: Cyclizar\n|-damage|p1a: Cyclizar|40\/100\n|-damage|p2a: Koraidon|80\/100|[from] Recoil\n|\n|-weather|SunnyDay|[upkeep]\n|upkeep\n|turn|11\n|\n|t:|1700250069\n|switch|p2a: Arceus|Arceus-Fairy|100\/100\n|move|p1a: Cyclizar|Outrage|p2a: Arceus\n|-immune|p2a: Arceus\n|\n|-weather|SunnyDay|[upkeep]\n|upkeep\n|turn|12\n|inactive|AceWrightXD has 90 seconds left.\n|\n|t:|1700250100\n|move|p2a: Arceus|Judgment|p1a: Cyclizar\n|-supereffective|p1a: Cyclizar\n|-damage|p1a: Cyclizar|0 fnt\n|faint|p1a: Cyclizar\n|\n|-weather|SunnyDay|[upkeep]\n|upkeep\n|\n|t:|1700250104\n|switch|p1a: Kommo-o|Kommo-o, M|100\/100\n|turn|13\n|\n|t:|1700250114\n|-terastallize|p1a: Kommo-o|Normal\n|move|p2a: Arceus|Taunt|p1a: Kommo-o\n|-start|p1a: Kommo-o|move: Taunt\n|move|p1a: Kommo-o|Boomburst|p2a: Arceus\n|-damage|p2a: Arceus|69\/100\n|-enditem|p1a: Kommo-o|Throat Spray\n|-boost|p1a: Kommo-o|spa|1|[from] item: Throat Spray\n|\n|-weather|none\n|upkeep\n|turn|14\n|\n|t:|1700250131\n|move|p2a: Arceus|Judgment|p1a: Kommo-o\n|-damage|p1a: Kommo-o|44\/100\n|move|p1a: Kommo-o|Boomburst|p2a: Arceus\n|-damage|p2a: Arceus|20\/100\n|\n|upkeep\n|turn|15\n|\n|t:|1700250137\n|move|p2a: Arceus|Judgment|p1a: Kommo-o\n|-damage|p1a: Kommo-o|0 fnt\n|faint|p1a: Kommo-o\n|\n|upkeep\n|\n|t:|1700250140\n|switch|p1a: Kingambit|Kingambit, F|100\/100\n|-activate|p1a: Kingambit|ability: Supreme Overlord\n|-start|p1a: Kingambit|fallen4|[silent]\n|turn|16\n|\n|t:|1700250146\n|move|p2a: Arceus|Judgment|p1a: Kingambit\n|-damage|p1a: Kingambit|56\/100\n|move|p1a: Kingambit|Swords Dance|p1a: Kingambit\n|-boost|p1a: Kingambit|atk|2\n|\n|-heal|p1a: Kingambit|63\/100|[from] item: Leftovers\n|upkeep\n|turn|17\n|\n|t:|1700250155\n|move|p1a: Kingambit|Sucker Punch||[still]\n|-fail|p1a: Kingambit\n|move|p2a: Arceus|Will-O-Wisp|p1a: Kingambit|[miss]\n|-miss|p2a: Arceus|p1a: Kingambit\n|\n|-heal|p1a: Kingambit|69\/100|[from] item: Leftovers\n|upkeep\n|turn|18\n|\n|t:|1700250168\n|move|p2a: Arceus|Taunt|p1a: Kingambit\n|-start|p1a: Kingambit|move: Taunt\n|move|p1a: Kingambit|Low Kick|p2a: Arceus\n|-resisted|p2a: Arceus\n|-damage|p2a: Arceus|0 fnt\n|faint|p2a: Arceus\n|\n|-heal|p1a: Kingambit|75\/100|[from] item: Leftovers\n|upkeep\n|\n|t:|1700250175\n|switch|p2a: Koraidon|Koraidon|80\/100\n|-weather|SunnyDay|[from] ability: Orichalcum Pulse|[of] p2a: Koraidon\n|-activate|p2a: Koraidon|Orichalcum Pulse|[source]\n|turn|19\n|\n|t:|1700250182\n|move|p1a: Kingambit|Sucker Punch|p2a: Koraidon\n|-resisted|p2a: Koraidon\n|-damage|p2a: Koraidon|28\/100\n|move|p2a: Koraidon|Flare Blitz|p1a: Kingambit\n|-supereffective|p1a: Kingambit\n|-crit|p1a: Kingambit\n|-damage|p1a: Kingambit|0 fnt\n|faint|p1a: Kingambit\n|-end|p1a: Kingambit|fallen4|[silent]\n|-damage|p2a: Koraidon|0 fnt|[from] Recoil\n|faint|p2a: Koraidon\n|\n|-weather|SunnyDay|[upkeep]\n|upkeep\n|\n|t:|1700250197\n|switch|p2a: Kyogre|Kyogre|100\/100\n|switch|p1a: Basculegion|Basculegion-F, F|100\/100\n|-weather|RainDance|[from] ability: Drizzle|[of] p2a: Kyogre\n|turn|20\n|\n|t:|1700250204\n|move|p2a: Kyogre|Thunder|p1a: Basculegion\n|-supereffective|p1a: Basculegion\n|-damage|p1a: Basculegion|4\/100\n|move|p1a: Basculegion|Last Respects|p2a: Kyogre\n|-damage|p2a: Kyogre|0 fnt\n|faint|p2a: Kyogre\n|\n|-weather|RainDance|[upkeep]\n|upkeep\n|\n|t:|1700250217\n|switch|p2a: Miraidon|Miraidon|100\/100\n|-fieldstart|move: Electric Terrain|[from] ability: Hadron Engine|[of] p2a: Miraidon\n|turn|21\n|\n|t:|1700250236\n|move|p1a: Basculegion|Last Respects|p2a: Miraidon\n|-damage|p2a: Miraidon|0 fnt\n|faint|p2a: Miraidon\n|\n|-weather|RainDance|[upkeep]\n|upkeep\n|\n|t:|1700250240\n|switch|p2a: Toxapex|Toxapex, F|100\/100\n|turn|22\n|\n|t:|1700250246\n|move|p1a: Basculegion|Last Respects|p2a: Toxapex\n|-damage|p2a: Toxapex|0 fnt\n|faint|p2a: Toxapex\n|\n|win|AceWrightXD\n|n|\u2606AceWrightXD|acewrightxd\n|n|\u2606game18|game18\n|n| Kate|kate\n|n| corvere\u2665|corvere\n|n| leoperi99|leoperi99\n|c| leoperi99|this is fire\n|l|\u2606game18\n|c|\u2606AceWrightXD|YESSSSSSSSSSS\n|j| Hhjjkool\n|c|\u2606AceWrightXD|LES GOOOOOOOOOO\n","uploadtime":1700250247,"views":5,"p1id":"acewrightxd","p2id":"game18","formatid":"gen9ubers","rating":0,"private":0,"password":""}