{"id":"gen9ubers-1984303973","p1":"something482","p2":"Lag_247","format":"[Gen 9] Ubers","log":"|j|\u2606something482\n|j|\u2606Lag_247\n|t:|1699241238\n|gametype|singles\n|player|p1|something482|victor|\n|player|p2|Lag_247|169|\n|teamsize|p1|6\n|teamsize|p2|6\n|gen|9\n|tier|[Gen 9] Ubers\n|rule|Sleep Clause Mod: Limit one foe put to sleep\n|rule|Species Clause: Limit one of each Pok\u00e9mon\n|rule|OHKO Clause: OHKO moves are banned\n|rule|Evasion Items Clause: Evasion items are banned\n|rule|Evasion Moves Clause: Evasion moves are banned\n|rule|Endless Battle Clause: Forcing endless battles is banned\n|rule|HP Percentage Mod: HP is shown in percentages\n|clearpoke\n|poke|p1|Chien-Pao|\n|poke|p1|Scream Tail|\n|poke|p1|Glimmora, F|\n|poke|p1|Gholdengo|\n|poke|p1|Pawmot, F|\n|poke|p1|Cinderace, M|\n|poke|p2|Houndstone, M|\n|poke|p2|Florges, F|\n|poke|p2|Urshifu-*, F|\n|poke|p2|Iron Leaves|\n|poke|p2|Iron Moth|\n|poke|p2|Baxcalibur, M|\n|teampreview\n|j| ampharosaunt11\n|j| LentLicker\n|j| Willish6634\n|\n|t:|1699241288\n|start\n|switch|p1a: Lion-O|Chien-Pao|100\/100\n|switch|p2a: Baxcalibur|Baxcalibur, M|100\/100\n|-ability|p1a: Lion-O|Sword of Ruin\n|turn|1\n|j| Graviton Forfeit\n|c| Willish6634|bring out iron mothulus\n|\n|t:|1699241319\n|-terastallize|p1a: Lion-O|Fairy\n|-terastallize|p2a: Baxcalibur|Poison\n|move|p1a: Lion-O|Tera Blast|p2a: Baxcalibur|[anim] Tera Blast Fairy\n|-resisted|p2a: Baxcalibur\n|-damage|p2a: Baxcalibur|71\/100\n|-damage|p1a: Lion-O|91\/100|[from] item: Life Orb\n|move|p2a: Baxcalibur|Dragon Dance|p2a: Baxcalibur\n|-boost|p2a: Baxcalibur|atk|1\n|-boost|p2a: Baxcalibur|spe|1\n|\n|upkeep\n|turn|2\n|c| Graviton Forfeit|BANG\n|c| Graviton Forfeit|SWEET\n|c| Graviton Forfeit|CHIN\n|c| Graviton Forfeit|LAG??\n|c| Willish6634|bro questioned it\n|\n|t:|1699241341\n|switch|p1a: Scream Tail|Scream Tail|100\/100\n|move|p2a: Baxcalibur|Icicle Spear|p1a: Scream Tail\n|-damage|p1a: Scream Tail|85\/100\n|-damage|p1a: Scream Tail|71\/100\n|-damage|p1a: Scream Tail|55\/100\n|-damage|p1a: Scream Tail|40\/100\n|-damage|p1a: Scream Tail|26\/100\n|-hitcount|p1a: Scream Tail|5\n|\n|-heal|p1a: Scream Tail|32\/100|[from] item: Leftovers\n|upkeep\n|turn|3\n|c| Graviton Forfeit|gotta see wat he does\n|\n|t:|1699241354\n|move|p2a: Baxcalibur|Icicle Spear|p1a: Scream Tail\n|-damage|p1a: Scream Tail|18\/100\n|-damage|p1a: Scream Tail|2\/100\n|-damage|p1a: Scream Tail|0 fnt\n|faint|p1a: Scream Tail\n|-end|p1a: Scream Tail|Protosynthesis|[silent]\n|-hitcount|p1: Scream Tail|3\n|\n|upkeep\n|\n|t:|1699241379\n|switch|p1a: Mercury|Cinderace, M, shiny|100\/100\n|turn|4\n|\n|t:|1699241385\n|move|p1a: Mercury|Zen Headbutt|p2a: Baxcalibur\n|-supereffective|p2a: Baxcalibur\n|-damage|p2a: Baxcalibur|19\/100\n|-damage|p1a: Mercury|91\/100|[from] item: Life Orb\n|move|p2a: Baxcalibur|Icicle Spear|p1a: Mercury\n|-resisted|p1a: Mercury\n|-damage|p1a: Mercury|75\/100\n|-resisted|p1a: Mercury\n|-damage|p1a: Mercury|58\/100\n|-resisted|p1a: Mercury\n|-damage|p1a: Mercury|42\/100\n|-resisted|p1a: Mercury\n|-damage|p1a: Mercury|26\/100\n|-hitcount|p1a: Mercury|4\n|\n|upkeep\n|turn|5\n|c| Graviton Forfeit|?\n|\n|t:|1699241407\n|move|p2a: Baxcalibur|Ice Shard|p1a: Mercury\n|-resisted|p1a: Mercury\n|-damage|p1a: Mercury|1\/100\n|move|p1a: Mercury|Zen Headbutt|p2a: Baxcalibur\n|-supereffective|p2a: Baxcalibur\n|-damage|p2a: Baxcalibur|0 fnt\n|faint|p2a: Baxcalibur\n|-damage|p1a: Mercury|0 fnt|[from] item: Life Orb\n|faint|p1a: Mercury\n|\n|upkeep\n|c| Willish6634|worth\n|\n|t:|1699241419\n|switch|p1a: Lion-O|Chien-Pao, tera:Fairy|91\/100\n|switch|p2a: Iron Leaves|Iron Leaves|100\/100\n|-ability|p1a: Lion-O|Sword of Ruin\n|-enditem|p2a: Iron Leaves|Booster Energy\n|-activate|p2a: Iron Leaves|ability: Quark Drive|[fromitem]\n|-start|p2a: Iron Leaves|quarkdriveatk\n|turn|6\n|c|\u2606something482|honestly, insane tera play\n|\n|t:|1699241433\n|move|p1a: Lion-O|Crunch|p2a: Iron Leaves\n|-supereffective|p2a: Iron Leaves\n|-crit|p2a: Iron Leaves\n|-damage|p2a: Iron Leaves|0 fnt\n|faint|p2a: Iron Leaves\n|-end|p2a: Iron Leaves|Quark Drive|[silent]\n|-damage|p1a: Lion-O|81\/100|[from] item: Life Orb\n|\n|upkeep\n|\n|t:|1699241441\n|switch|p2a: Iron Moth|Iron Moth|100\/100\n|-enditem|p2a: Iron Moth|Booster Energy\n|-activate|p2a: Iron Moth|ability: Quark Drive|[fromitem]\n|-start|p2a: Iron Moth|quarkdrivespa\n|turn|7\n|c| Graviton Forfeit|why wasnt there a glaive rush lol\n|\n|t:|1699241470\n|move|p1a: Lion-O|Crunch|p2a: Iron Moth\n|-crit|p2a: Iron Moth\n|-damage|p2a: Iron Moth|0 fnt\n|faint|p2a: Iron Moth\n|-end|p2a: Iron Moth|Quark Drive|[silent]\n|-damage|p1a: Lion-O|71\/100|[from] item: Life Orb\n|\n|upkeep\n|\n|t:|1699241484\n|switch|p2a: Urshifu|Urshifu, F|100\/100\n|turn|8\n|c| Graviton Forfeit|or eq\n|c| Willish6634|Willish6634\n|\n|t:|1699241497\n|move|p1a: Lion-O|Tera Blast|p2a: Urshifu|[anim] Tera Blast Fairy\n|-supereffective|p2a: Urshifu\n|-damage|p2a: Urshifu|0 fnt\n|faint|p2a: Urshifu\n|-damage|p1a: Lion-O|61\/100|[from] item: Life Orb\n|\n|upkeep\n|c|\u2606something482|loaded dice set probably\n|\n|t:|1699241505\n|switch|p2a: Houndstone|Houndstone, M|100\/100\n|turn|9\n|c| ampharosaunt11|loaded booth set\n|c| Graviton Forfeit|dd spear glaive eq\n|\n|t:|1699241509\n|move|p1a: Lion-O|Crunch|p2a: Houndstone\n|-supereffective|p2a: Houndstone\n|-damage|p2a: Houndstone|36\/100\n|-unboost|p2a: Houndstone|def|1\n|-damage|p1a: Lion-O|51\/100|[from] item: Life Orb\n|move|p2a: Houndstone|Last Respects|p1a: Lion-O\n|-damage|p1a: Lion-O|0 fnt\n|faint|p1a: Lion-O\n|\n|upkeep\n|c| Willish6634|@Willish6634\n|c| Willish6634|perchance\n|c| LentLicker|Lag do your self a favor and trade me that moth\n|c| LentLicker|#willyea\n|c| Willish6634|BANNED\n|c|\u2606something482|woah, thats an illegal move\n|\n|t:|1699241534\n|switch|p1a: goku|Pawmot, F|100\/100\n|turn|10\n|c| Graviton Forfeit|not in the TPL\n|c|\u2606something482|oh is it not, what was i thinking of that was banned\n|c| Graviton Forfeit|in OU\n|c| Graviton Forfeit|draft leagues usually dont ban it\n|c| Willish6634|then why is it in league rules\n|c|\u2606something482|it is in leauge rules that it's banned\n|\n|t:|1699241581\n|move|p1a: goku|Double Shock|p2a: Houndstone\n|-damage|p2a: Houndstone|0 fnt\n|-start|p1a: goku|typechange|???\/Fighting|[from] move: Double Shock\n|faint|p2a: Houndstone\n|\n|upkeep\n|c| Willish6634|#makeitmakesense\n|\n|t:|1699241590\n|switch|p2a: Florges|Florges, F|100\/100\n|turn|11\n|c| Graviton Forfeit|i thought mikey unbanned it\n|c|\u2606something482|he didnt unban it in the rules\n|c| Willish6634|he said he tried to get it unbanned\n|c| Graviton Forfeit|oh\n|\n|t:|1699241610\n|move|p1a: goku|Mach Punch|p2a: Florges\n|-resisted|p2a: Florges\n|-damage|p2a: Florges|88\/100\n|move|p2a: Florges|Dazzling Gleam|p1a: goku\n|-supereffective|p1a: goku\n|-enditem|p1a: goku|Focus Sash\n|-damage|p1a: goku|1\/100\n|\n|upkeep\n|turn|12\n|c| Willish6634|GOKU\n|\n|t:|1699241619\n|move|p1a: goku|Revival Blessing|p1a: goku\n|\n|t:|1699241625\n|-heal|p1: Mercury|50\/100|[from] move: Revival Blessing\n|move|p2a: Florges|Giga Drain|p1a: goku\n|-damage|p1a: goku|0 fnt\n|-heal|p2a: Florges|88\/100|[from] drain|[of] p1a: goku\n|faint|p1a: goku\n|\n|upkeep\n|\n|t:|1699241633\n|switch|p1a: DaveNBusters|Gholdengo|100\/100\n|turn|13\n|\n|t:|1699241648\n|move|p1a: DaveNBusters|Make It Rain|p2a: Florges\n|-supereffective|p2a: Florges\n|-damage|p2a: Florges|0 fnt\n|-unboost|p1a: DaveNBusters|spa|1\n|faint|p2a: Florges\n|\n|win|something482\n","uploadtime":1699241656,"views":3,"p1id":"something482","p2id":"lag247","formatid":"gen9ubers","rating":0,"private":0,"password":""}