{"id":"gen9ubers-1994967627","p1":"Inkaying","p2":"Nick268","format":"[Gen 9] Ubers","log":"|j|\u2606Inkaying\n|j|\u2606Nick268\n|t:|1700508909\n|gametype|singles\n|player|p1|Inkaying|102|\n|player|p2|Nick268|volkner|\n|teamsize|p1|6\n|teamsize|p2|6\n|gen|9\n|tier|[Gen 9] Ubers\n|rule|Sleep Clause Mod: Limit one foe put to sleep\n|rule|Species Clause: Limit one of each Pok\u00e9mon\n|rule|OHKO Clause: OHKO moves are banned\n|rule|Evasion Items Clause: Evasion items are banned\n|rule|Evasion Moves Clause: Evasion moves are banned\n|rule|Endless Battle Clause: Forcing endless battles is banned\n|rule|HP Percentage Mod: HP is shown in percentages\n|clearpoke\n|poke|p1|Ninetales-Alola, M|\n|poke|p1|Skeledirge, M|\n|poke|p1|Dragalge, M|\n|poke|p1|Kleavor, M|\n|poke|p1|Great Tusk|\n|poke|p1|Farigiraf, F|\n|poke|p2|Iron Valiant|\n|poke|p2|Greninja-*, F|\n|poke|p2|Rotom-Heat|\n|poke|p2|Espeon, M|\n|poke|p2|Clodsire, F|\n|poke|p2|Corviknight, F|\n|teampreview\n|\n|t:|1700508920\n|start\n|switch|p1a: Ninetales|Ninetales-Alola, M|100\/100\n|switch|p2a: Greninja|Greninja, F, shiny|100\/100\n|-weather|Snow|[from] ability: Snow Warning|[of] p1a: Ninetales\n|turn|1\n|j| bydy2\n|inactive|Battle timer is ON: inactive players will automatically lose when time's up. (requested by Inkaying)\n|\n|t:|1700508930\n|move|p2a: Greninja|U-turn|p1a: Ninetales\n|-start|p2a: Greninja|typechange|Bug|[from] ability: Protean\n|-resisted|p1a: Ninetales\n|-damage|p1a: Ninetales|90\/100\n|\n|t:|1700508938\n|switch|p2a: Rotom|Rotom-Heat, shiny|100\/100|[from] U-turn\n|move|p1a: Ninetales|Aurora Veil|p1a: Ninetales\n|-sidestart|p1: Inkaying|move: Aurora Veil\n|\n|-weather|Snow|[upkeep]\n|upkeep\n|turn|2\n|c| bydy2|glhf lads\n|\n|t:|1700508952\n|switch|p1a: Skeledirge|Skeledirge, M|100\/100\n|move|p2a: Rotom|Will-O-Wisp|p1a: Skeledirge\n|-immune|p1a: Skeledirge\n|\n|-weather|Snow|[upkeep]\n|upkeep\n|turn|3\n|\n|t:|1700508961\n|move|p2a: Rotom|Hex|p1a: Skeledirge\n|-supereffective|p1a: Skeledirge\n|-damage|p1a: Skeledirge|81\/100\n|move|p1a: Skeledirge|Yawn|p2a: Rotom\n|-start|p2a: Rotom|move: Yawn|[of] p1a: Skeledirge\n|\n|-weather|Snow|[upkeep]\n|upkeep\n|turn|4\n|\n|t:|1700508969\n|move|p2a: Rotom|Volt Switch|p1a: Skeledirge\n|-damage|p1a: Skeledirge|64\/100\n|\n|t:|1700508978\n|switch|p2a: Clodsire|Clodsire, F|100\/100|[from] Volt Switch\n|move|p1a: Skeledirge|Hex|p2a: Clodsire\n|-damage|p2a: Clodsire|87\/100\n|\n|-weather|Snow|[upkeep]\n|-heal|p2a: Clodsire|93\/100|[from] item: Leftovers\n|upkeep\n|turn|5\n|\n|t:|1700508999\n|switch|p1a: Kleavor|Kleavor, M|100\/100\n|move|p2a: Clodsire|Toxic Spikes|p1a: Kleavor\n|-sidestart|p1: Inkaying|move: Toxic Spikes\n|\n|-weather|none\n|-heal|p2a: Clodsire|99\/100|[from] item: Leftovers\n|upkeep\n|turn|6\n|\n|t:|1700509009\n|move|p1a: Kleavor|Stone Axe|p2a: Clodsire\n|-resisted|p2a: Clodsire\n|-damage|p2a: Clodsire|70\/100\n|-sidestart|p2: Nick268|move: Stealth Rock\n|move|p2a: Clodsire|Toxic Spikes|p1a: Kleavor\n|-sidestart|p1: Inkaying|move: Toxic Spikes\n|\n|-heal|p2a: Clodsire|76\/100|[from] item: Leftovers\n|upkeep\n|turn|7\n|\n|t:|1700509022\n|move|p1a: Kleavor|Trailblaze|p2a: Clodsire\n|-damage|p2a: Clodsire|55\/100\n|-boost|p1a: Kleavor|spe|1\n|move|p2a: Clodsire|Earthquake|p1a: Kleavor\n|-damage|p1a: Kleavor|86\/100\n|\n|-heal|p2a: Clodsire|62\/100|[from] item: Leftovers\n|upkeep\n|turn|8\n|\n|t:|1700509045\n|move|p1a: Kleavor|Dual Wingbeat|p2a: Clodsire\n|-damage|p2a: Clodsire|45\/100\n|-damage|p2a: Clodsire|28\/100\n|-hitcount|p2a: Clodsire|2\n|move|p2a: Clodsire|Recover|p2a: Clodsire\n|-heal|p2a: Clodsire|78\/100\n|\n|-heal|p2a: Clodsire|84\/100|[from] item: Leftovers\n|-sideend|p1: Inkaying|move: Aurora Veil\n|upkeep\n|turn|9\n|\n|t:|1700509060\n|switch|p1a: Great Tusk|Great Tusk|100\/100\n|-status|p1a: Great Tusk|tox\n|-enditem|p1a: Great Tusk|Booster Energy\n|-activate|p1a: Great Tusk|ability: Protosynthesis|[fromitem]\n|-start|p1a: Great Tusk|protosynthesisatk\n|switch|p2a: Corviknight|Corviknight, F, shiny|100\/100\n|-damage|p2a: Corviknight|88\/100|[from] Stealth Rock\n|\n|-heal|p2a: Corviknight|94\/100|[from] item: Leftovers\n|-damage|p1a: Great Tusk|94\/100 tox|[from] psn\n|upkeep\n|turn|10\n|inactive|Inkaying has 270 seconds left.\n|\n|t:|1700509095\n|-end|p1a: Great Tusk|Protosynthesis|[silent]\n|switch|p1a: Kleavor|Kleavor, M|86\/100\n|move|p2a: Corviknight|Iron Defense|p2a: Corviknight\n|-boost|p2a: Corviknight|def|2\n|\n|-heal|p2a: Corviknight|100\/100|[from] item: Leftovers\n|upkeep\n|turn|11\n|\n|t:|1700509106\n|switch|p1a: Skeledirge|Skeledirge, M|64\/100\n|-status|p1a: Skeledirge|tox\n|move|p2a: Corviknight|Iron Defense|p2a: Corviknight\n|-boost|p2a: Corviknight|def|2\n|\n|-damage|p1a: Skeledirge|58\/100 tox|[from] psn\n|upkeep\n|turn|12\n|\n|t:|1700509119\n|switch|p2a: Greninja|Greninja, F, shiny|100\/100\n|-damage|p2a: Greninja|88\/100|[from] Stealth Rock\n|move|p1a: Skeledirge|Slack Off|p1a: Skeledirge\n|-heal|p1a: Skeledirge|100\/100 tox\n|\n|-damage|p1a: Skeledirge|88\/100 tox|[from] psn\n|upkeep\n|turn|13\n|\n|t:|1700509131\n|move|p2a: Greninja|Surf|p1a: Skeledirge\n|-start|p2a: Greninja|typechange|Water|[from] ability: Protean\n|-supereffective|p1a: Skeledirge\n|-damage|p1a: Skeledirge|10\/100 tox\n|move|p1a: Skeledirge|Yawn|p2a: Greninja\n|-start|p2a: Greninja|move: Yawn|[of] p1a: Skeledirge\n|\n|-damage|p1a: Skeledirge|0 fnt|[from] psn\n|faint|p1a: Skeledirge\n|upkeep\n|\n|t:|1700509141\n|switch|p1a: Ninetales|Ninetales-Alola, M|90\/100\n|-status|p1a: Ninetales|tox\n|-weather|Snow|[from] ability: Snow Warning|[of] p1a: Ninetales\n|turn|14\n|c|\u2606Inkaying|Well shit\n|inactive|Inkaying has 270 seconds left.\n|\n|t:|1700509161\n|move|p2a: Greninja|U-turn|p1a: Ninetales\n|-resisted|p1a: Ninetales\n|-damage|p1a: Ninetales|83\/100 tox\n|\n|t:|1700509165\n|switch|p2a: Rotom|Rotom-Heat, shiny|100\/100|[from] U-turn\n|move|p1a: Ninetales|Freeze-Dry|p2a: Rotom\n|-resisted|p2a: Rotom\n|-damage|p2a: Rotom|84\/100\n|\n|-weather|Snow|[upkeep]\n|-damage|p1a: Ninetales|77\/100 tox|[from] psn\n|upkeep\n|turn|15\n|inactive|Inkaying has 270 seconds left.\n|\n|t:|1700509177\n|switch|p1a: Dragalge|Dragalge, M|100\/100\n|-sideend|p1: Inkaying|move: Toxic Spikes|[of] p1a: Dragalge\n|move|p2a: Rotom|Will-O-Wisp|p1a: Dragalge\n|-status|p1a: Dragalge|brn\n|\n|-weather|Snow|[upkeep]\n|-damage|p1a: Dragalge|95\/100 brn|[from] brn\n|upkeep\n|turn|16\n|\n|t:|1700509187\n|move|p2a: Rotom|Hex|p1a: Dragalge\n|-damage|p1a: Dragalge|58\/100 brn\n|move|p1a: Dragalge|Acid Armor|p1a: Dragalge\n|-boost|p1a: Dragalge|def|2\n|\n|-weather|Snow|[upkeep]\n|-heal|p1a: Dragalge|64\/100 brn|[from] item: Leftovers\n|-damage|p1a: Dragalge|58\/100 brn|[from] brn\n|upkeep\n|turn|17\n|\n|t:|1700509197\n|move|p2a: Rotom|Hex|p1a: Dragalge\n|-damage|p1a: Dragalge|26\/100 brn\n|move|p1a: Dragalge|Sludge Bomb|p2a: Rotom\n|-damage|p2a: Rotom|9\/100\n|\n|-weather|Snow|[upkeep]\n|-heal|p1a: Dragalge|32\/100 brn|[from] item: Leftovers\n|-damage|p1a: Dragalge|26\/100 brn|[from] brn\n|upkeep\n|turn|18\n|\n|t:|1700509214\n|switch|p1a: Farigiraf|Farigiraf, F|100\/100\n|move|p2a: Rotom|Hex|p1a: Farigiraf\n|-immune|p1a: Farigiraf\n|\n|-weather|none\n|upkeep\n|turn|19\n|\n|t:|1700509228\n|switch|p2a: Corviknight|Corviknight, F, shiny|100\/100\n|-damage|p2a: Corviknight|88\/100|[from] Stealth Rock\n|move|p1a: Farigiraf|Calm Mind|p1a: Farigiraf\n|-boost|p1a: Farigiraf|spa|1\n|-boost|p1a: Farigiraf|spd|1\n|\n|-heal|p2a: Corviknight|94\/100|[from] item: Leftovers\n|upkeep\n|turn|20\n|\n|t:|1700509243\n|move|p2a: Corviknight|Brave Bird|p1a: Farigiraf\n|-damage|p1a: Farigiraf|64\/100\n|-damage|p2a: Corviknight|81\/100|[from] Recoil\n|move|p1a: Farigiraf|Trick Room|p1a: Farigiraf\n|-fieldstart|move: Trick Room|[of] p1a: Farigiraf\n|\n|-heal|p2a: Corviknight|87\/100|[from] item: Leftovers\n|upkeep\n|turn|21\n|\n|t:|1700509262\n|move|p1a: Farigiraf|Reflect|p1a: Farigiraf\n|-sidestart|p1: Inkaying|Reflect\n|move|p2a: Corviknight|Brave Bird|p1a: Farigiraf\n|-damage|p1a: Farigiraf|46\/100\n|-enditem|p1a: Farigiraf|Sitrus Berry|[eat]\n|-heal|p1a: Farigiraf|71\/100|[from] item: Sitrus Berry\n|-damage|p2a: Corviknight|80\/100|[from] Recoil\n|\n|-heal|p2a: Corviknight|87\/100|[from] item: Leftovers\n|upkeep\n|turn|22\n|\n|t:|1700509273\n|move|p1a: Farigiraf|Calm Mind|p1a: Farigiraf\n|-boost|p1a: Farigiraf|spa|1\n|-boost|p1a: Farigiraf|spd|1\n|move|p2a: Corviknight|Iron Defense|p2a: Corviknight\n|-boost|p2a: Corviknight|def|2\n|\n|-heal|p2a: Corviknight|93\/100|[from] item: Leftovers\n|-activate|p1a: Farigiraf|ability: Cud Chew\n|-enditem|p1a: Farigiraf|Sitrus Berry|[eat]\n|-heal|p1a: Farigiraf|96\/100|[from] item: Sitrus Berry\n|upkeep\n|turn|23\n|\n|t:|1700509287\n|move|p1a: Farigiraf|Calm Mind|p1a: Farigiraf\n|-boost|p1a: Farigiraf|spa|1\n|-boost|p1a: Farigiraf|spd|1\n|move|p2a: Corviknight|Brave Bird|p1a: Farigiraf\n|-damage|p1a: Farigiraf|77\/100\n|-damage|p2a: Corviknight|86\/100|[from] Recoil\n|\n|-heal|p2a: Corviknight|92\/100|[from] item: Leftovers\n|upkeep\n|turn|24\n|\n|t:|1700509299\n|move|p1a: Farigiraf|Stored Power|p2a: Corviknight\n|-resisted|p2a: Corviknight\n|-damage|p2a: Corviknight|4\/100\n|move|p2a: Corviknight|Iron Defense|p2a: Corviknight\n|-boost|p2a: Corviknight|def|2\n|\n|-heal|p2a: Corviknight|10\/100|[from] item: Leftovers\n|-fieldend|move: Trick Room\n|upkeep\n|turn|25\n|inactive|Nick268 has 270 seconds left.\n|\n|t:|1700509320\n|move|p2a: Corviknight|Brave Bird|p1a: Farigiraf\n|-damage|p1a: Farigiraf|56\/100\n|-damage|p2a: Corviknight|3\/100|[from] Recoil\n|move|p1a: Farigiraf|Trick Room|p1a: Farigiraf\n|-fieldstart|move: Trick Room|[of] p1a: Farigiraf\n|\n|-heal|p2a: Corviknight|9\/100|[from] item: Leftovers\n|-sideend|p1: Inkaying|Reflect\n|upkeep\n|turn|26\n|inactive|Nick268 has 270 seconds left.\n|\n|t:|1700509370\n|move|p1a: Farigiraf|Stored Power|p2a: Corviknight\n|-resisted|p2a: Corviknight\n|-damage|p2a: Corviknight|0 fnt\n|faint|p2a: Corviknight\n|\n|upkeep\n|inactive|Nick268 has 240 seconds left.\n|\n|t:|1700509385\n|switch|p2a: Espeon|Espeon, M|100\/100\n|turn|27\n|inactive|Nick268 has 240 seconds left.\n|\n|t:|1700509394\n|-terastallize|p2a: Espeon|Fairy\n|move|p1a: Farigiraf|Stored Power|p2a: Espeon\n|-damage|p2a: Espeon|0 fnt\n|faint|p2a: Espeon\n|\n|upkeep\n|inactive|Nick268 has 240 seconds left.\n|\n|t:|1700509403\n|switch|p2a: Greninja|Greninja, F, shiny|88\/100\n|-damage|p2a: Greninja|76\/100|[from] Stealth Rock\n|turn|28\n|\n|t:|1700509412\n|move|p1a: Farigiraf|Reflect|p1a: Farigiraf\n|-sidestart|p1: Inkaying|Reflect\n|move|p2a: Greninja|U-turn|p1a: Farigiraf\n|-start|p2a: Greninja|typechange|Bug|[from] ability: Protean\n|-supereffective|p1a: Farigiraf\n|-damage|p1a: Farigiraf|34\/100\n|inactive|Nick268 has 240 seconds left.\n|\n|t:|1700509423\n|switch|p2a: Clodsire|Clodsire, F|84\/100|[from] U-turn\n|-damage|p2a: Clodsire|78\/100|[from] Stealth Rock\n|\n|-heal|p2a: Clodsire|84\/100|[from] item: Leftovers\n|upkeep\n|turn|29\n|inactive|Nick268 has 240 seconds left.\n|\n|t:|1700509440\n|move|p2a: Clodsire|Gunk Shot|p1a: Farigiraf|[miss]\n|-miss|p2a: Clodsire|p1a: Farigiraf\n|move|p1a: Farigiraf|Stored Power|p2a: Clodsire\n|-supereffective|p2a: Clodsire\n|-damage|p2a: Clodsire|2\/100\n|\n|-heal|p2a: Clodsire|9\/100|[from] item: Leftovers\n|-fieldend|move: Trick Room\n|upkeep\n|turn|30\n|inactive|Nick268 has 240 seconds left.\n|\n|t:|1700509452\n|move|p1a: Farigiraf|Stored Power|p2a: Clodsire\n|-supereffective|p2a: Clodsire\n|-damage|p2a: Clodsire|0 fnt\n|faint|p2a: Clodsire\n|\n|upkeep\n|inactive|Nick268 has 240 seconds left.\n|\n|t:|1700509463\n|switch|p2a: Greninja|Greninja, F, shiny|76\/100\n|-damage|p2a: Greninja|64\/100|[from] Stealth Rock\n|turn|31\n|inactive|Nick268 has 240 seconds left.\n|\n|t:|1700509470\n|move|p2a: Greninja|U-turn|p1a: Farigiraf\n|-start|p2a: Greninja|typechange|Bug|[from] ability: Protean\n|-supereffective|p1a: Farigiraf\n|-damage|p1a: Farigiraf|11\/100\n|inactive|Nick268 has 240 seconds left.\n|\n|t:|1700509478\n|switch|p2a: Rotom|Rotom-Heat, shiny|9\/100|[from] U-turn\n|move|p1a: Farigiraf|Trick Room|p1a: Farigiraf\n|-fieldstart|move: Trick Room|[of] p1a: Farigiraf\n|\n|upkeep\n|turn|32\n|j| swoloyeg\n|\n|t:|1700509485\n|move|p1a: Farigiraf|Stored Power|p2a: Rotom\n|-damage|p2a: Rotom|0 fnt\n|faint|p2a: Rotom\n|\n|-sideend|p1: Inkaying|Reflect\n|upkeep\n|\n|t:|1700509492\n|switch|p2a: Greninja|Greninja, F, shiny|64\/100\n|-damage|p2a: Greninja|51\/100|[from] Stealth Rock\n|turn|33\n|\n|t:|1700509500\n|move|p1a: Farigiraf|Stored Power|p2a: Greninja\n|-immune|p2a: Greninja\n|move|p2a: Greninja|Dark Pulse|p1a: Farigiraf\n|-start|p2a: Greninja|typechange|Dark|[from] ability: Protean\n|-supereffective|p1a: Farigiraf\n|-damage|p1a: Farigiraf|0 fnt\n|faint|p1a: Farigiraf\n|\n|upkeep\n|inactive|Inkaying has 270 seconds left.\n|\n|t:|1700509533\n|switch|p1a: Kleavor|Kleavor, M|86\/100\n|turn|34\n|inactive|Inkaying has 270 seconds left.\n|\n|t:|1700509544\n|move|p1a: Kleavor|X-Scissor|p2a: Greninja\n|-supereffective|p2a: Greninja\n|-damage|p2a: Greninja|0 fnt\n|faint|p2a: Greninja\n|\n|upkeep\n|\n|t:|1700509551\n|switch|p2a: Iron Valiant|Iron Valiant|100\/100\n|-damage|p2a: Iron Valiant|94\/100|[from] Stealth Rock\n|-enditem|p2a: Iron Valiant|Booster Energy\n|-activate|p2a: Iron Valiant|ability: Quark Drive|[fromitem]\n|-start|p2a: Iron Valiant|quarkdrivespe\n|turn|35\n|\n|t:|1700509564\n|move|p1a: Kleavor|Trailblaze|p2a: Iron Valiant\n|-damage|p2a: Iron Valiant|69\/100\n|-boost|p1a: Kleavor|spe|1\n|move|p2a: Iron Valiant|Swords Dance|p2a: Iron Valiant\n|-boost|p2a: Iron Valiant|atk|2\n|\n|-fieldend|move: Trick Room\n|upkeep\n|turn|36\n|inactive|Nick268 has 270 seconds left.\n|\n|t:|1700509583\n|move|p2a: Iron Valiant|Swords Dance|p2a: Iron Valiant\n|-boost|p2a: Iron Valiant|atk|2\n|move|p1a: Kleavor|Dual Wingbeat|p2a: Iron Valiant\n|-supereffective|p2a: Iron Valiant\n|-damage|p2a: Iron Valiant|32\/100\n|-supereffective|p2a: Iron Valiant\n|-damage|p2a: Iron Valiant|0 fnt\n|faint|p2a: Iron Valiant\n|-end|p2a: Iron Valiant|Quark Drive|[silent]\n|-hitcount|p2: Iron Valiant|2\n|\n|win|Inkaying\n|l| swoloyeg\n|c|\u2606Inkaying|Gg\n|l|\u2606Nick268\n|l|\u2606Inkaying\n|c| bydy2|um\n","uploadtime":1700509639,"views":13,"p1id":"inkaying","p2id":"nick268","formatid":"gen9ubers","rating":0,"private":0,"password":""}