{"id":"gen9ubers-1969514216","p1":"fungoos469","p2":"dumpy lump","format":"[Gen 9] Ubers","log":"|j|\u2606fungoos469\n|j|\u2606dumpy lump\n|t:|1697542160\n|gametype|singles\n|player|p1|fungoos469|101|\n|player|p2|dumpy lump|volo|\n|teamsize|p1|6\n|teamsize|p2|6\n|gen|9\n|tier|[Gen 9] Ubers\n|rule|Sleep Clause Mod: Limit one foe put to sleep\n|rule|Species Clause: Limit one of each Pok\u00e9mon\n|rule|OHKO Clause: OHKO moves are banned\n|rule|Evasion Items Clause: Evasion items are banned\n|rule|Evasion Moves Clause: Evasion moves are banned\n|rule|Endless Battle Clause: Forcing endless battles is banned\n|rule|HP Percentage Mod: HP is shown in percentages\n|clearpoke\n|poke|p1|Arceus-Fire|\n|poke|p1|Magearna|\n|poke|p1|Dialga|\n|poke|p1|Zacian-*|\n|poke|p1|Palkia-Origin|\n|poke|p1|Shaymin-Sky|\n|poke|p2|Azumarill, F|\n|poke|p2|Garchomp, M|\n|poke|p2|Chi-Yu|\n|poke|p2|Palkia-Origin|\n|poke|p2|Magearna|\n|poke|p2|Cyclizar, M|\n|teampreview\n|c|\u2606dumpy lump|we are barack\n|\n|t:|1697542167\n|start\n|switch|p1a: Shaymin|Shaymin-Sky|100\/100\n|switch|p2a: Cyclizar|Cyclizar, M|100\/100\n|turn|1\n|c|\u2606fungoos469|yeah\n|c|\u2606fungoos469|this will probably be my last battle\n|c|\u2606dumpy lump|cool\n|\n|t:|1697542183\n|move|p1a: Shaymin|Dazzling Gleam|p2a: Cyclizar\n|-supereffective|p2a: Cyclizar\n|-damage|p2a: Cyclizar|24\/100\n|move|p2a: Cyclizar|Shed Tail|p2a: Cyclizar\n|-fail|p2a: Cyclizar|move: Shed Tail|[weak]\n|\n|-heal|p2a: Cyclizar|30\/100|[from] item: Leftovers\n|upkeep\n|turn|2\n|c|\u2606dumpy lump|once again good start lol\n|\n|t:|1697542240\n|switch|p1a: Dialga|Dialga|100\/100\n|-ability|p1a: Dialga|Pressure\n|switch|p2a: Magearna|Magearna|100\/100\n|\n|upkeep\n|turn|3\n|\n|t:|1697542249\n|move|p2a: Magearna|Trick|p1a: Dialga\n|-activate|p2a: Magearna|move: Trick|[of] p1a: Dialga\n|-item|p1a: Dialga|Choice Scarf|[from] move: Trick\n|-item|p2a: Magearna|Leftovers|[from] move: Trick\n|move|p1a: Dialga|Stealth Rock|p2a: Magearna\n|-sidestart|p2: dumpy lump|move: Stealth Rock\n|\n|upkeep\n|turn|4\n|\n|t:|1697542270\n|switch|p1a: Arceus|Arceus-Fire|100\/100\n|move|p2a: Magearna|Spikes|p1a: Arceus\n|-sidestart|p1: fungoos469|Spikes\n|\n|upkeep\n|turn|5\n|\n|t:|1697542304\n|move|p1a: Arceus|Swords Dance|p1a: Arceus\n|-boost|p1a: Arceus|atk|2\n|move|p2a: Magearna|Volt Switch|p1a: Arceus\n|-damage|p1a: Arceus|86\/100\n|\n|t:|1697542307\n|switch|p2a: Cyclizar|Cyclizar, M|64\/100|[from] Volt Switch\n|-damage|p2a: Cyclizar|51\/100|[from] Stealth Rock\n|\n|-heal|p2a: Cyclizar|57\/100|[from] item: Leftovers\n|upkeep\n|turn|6\n|\n|t:|1697542317\n|switch|p2a: Garchomp|Garchomp, M|100\/100\n|-damage|p2a: Garchomp|94\/100|[from] Stealth Rock\n|move|p1a: Arceus|Extreme Speed|p2a: Garchomp\n|-damage|p2a: Garchomp|34\/100\n|-damage|p1a: Arceus|74\/100|[from] ability: Rough Skin|[of] p2a: Garchomp\n|\n|upkeep\n|turn|7\n|\n|t:|1697542362\n|move|p1a: Arceus|Extreme Speed|p2a: Garchomp\n|-damage|p2a: Garchomp|0 fnt\n|-damage|p1a: Arceus|61\/100|[from] ability: Rough Skin|[of] p2a: Garchomp\n|faint|p2a: Garchomp\n|\n|upkeep\n|\n|t:|1697542368\n|switch|p2a: Azumarill|Azumarill, F, shiny|100\/100\n|-damage|p2a: Azumarill|88\/100|[from] Stealth Rock\n|turn|8\n|\n|t:|1697542378\n|move|p1a: Arceus|Extreme Speed|p2a: Azumarill\n|-damage|p2a: Azumarill|26\/100\n|move|p2a: Azumarill|Liquidation|p1a: Arceus\n|-supereffective|p1a: Arceus\n|-damage|p1a: Arceus|0 fnt\n|faint|p1a: Arceus\n|\n|upkeep\n|\n|t:|1697542386\n|switch|p1a: Shaymin|Shaymin-Sky|100\/100\n|turn|9\n|\n|t:|1697542397\n|move|p2a: Azumarill|Aqua Jet|p1a: Shaymin\n|-resisted|p1a: Shaymin\n|-damage|p1a: Shaymin|88\/100\n|move|p1a: Shaymin|Air Slash|p2a: Azumarill\n|-damage|p2a: Azumarill|0 fnt\n|faint|p2a: Azumarill\n|\n|upkeep\n|\n|t:|1697542405\n|switch|p2a: Magearna|Magearna|100\/100\n|-damage|p2a: Magearna|94\/100|[from] Stealth Rock\n|turn|10\n|\n|t:|1697542418\n|switch|p1a: Dialga|Dialga|100\/100\n|-damage|p1a: Dialga|88\/100|[from] Spikes\n|-ability|p1a: Dialga|Pressure\n|move|p2a: Magearna|Fleur Cannon|p1a: Dialga|[miss]\n|-miss|p2a: Magearna|p1a: Dialga\n|\n|-heal|p2a: Magearna|100\/100|[from] item: Leftovers\n|upkeep\n|turn|11\n|\n|t:|1697542435\n|move|p1a: Dialga|Thunder Wave|p2a: Magearna\n|-status|p2a: Magearna|par\n|move|p2a: Magearna|Volt Switch|p1a: Dialga\n|-resisted|p1a: Dialga\n|-damage|p1a: Dialga|80\/100\n|\n|t:|1697542440\n|switch|p2a: Cyclizar|Cyclizar, M|90\/100|[from] Volt Switch\n|-damage|p2a: Cyclizar|78\/100|[from] Stealth Rock\n|\n|-heal|p2a: Cyclizar|84\/100|[from] item: Leftovers\n|upkeep\n|turn|12\n|\n|t:|1697542467\n|switch|p1a: Zacian|Zacian|100\/100\n|-damage|p1a: Zacian|88\/100|[from] Spikes\n|-ability|p1a: Zacian|Intrepid Sword|boost\n|-boost|p1a: Zacian|atk|1\n|move|p2a: Cyclizar|Shed Tail|p2a: Cyclizar\n|-start|p2a: Cyclizar|Substitute|[from] move: Shed Tail\n|-damage|p2a: Cyclizar|34\/100\n|\n|t:|1697542481\n|switch|p2a: Chi-Yu|Chi-Yu|100\/100|[from] Shed Tail\n|-damage|p2a: Chi-Yu|76\/100|[from] Stealth Rock\n|-ability|p2a: Chi-Yu|Beads of Ruin\n|\n|upkeep\n|turn|13\n|\n|t:|1697542490\n|move|p1a: Zacian|Play Rough|p2a: Chi-Yu\n|-end|p2a: Chi-Yu|Substitute\n|move|p2a: Chi-Yu|Overheat|p1a: Zacian\n|-damage|p1a: Zacian|0 fnt\n|-unboost|p2a: Chi-Yu|spa|2\n|faint|p1a: Zacian\n|\n|upkeep\n|\n|t:|1697542499\n|switch|p1a: Shaymin|Shaymin-Sky|88\/100\n|turn|14\n|\n|t:|1697542509\n|-terastallize|p2a: Chi-Yu|Fire\n|move|p1a: Shaymin|Dazzling Gleam|p2a: Chi-Yu\n|-resisted|p2a: Chi-Yu\n|-damage|p2a: Chi-Yu|59\/100\n|move|p2a: Chi-Yu|Overheat|p1a: Shaymin\n|-supereffective|p1a: Shaymin\n|-crit|p1a: Shaymin\n|-damage|p1a: Shaymin|0 fnt\n|-unboost|p2a: Chi-Yu|spa|2\n|faint|p1a: Shaymin\n|\n|upkeep\n|\n|t:|1697542519\n|switch|p1a: Palkia|Palkia-Origin|100\/100\n|-damage|p1a: Palkia|88\/100|[from] Spikes\n|-ability|p1a: Palkia|Pressure\n|turn|15\n|\n|t:|1697542529\n|switch|p2a: Magearna|Magearna|100\/100 par\n|-damage|p2a: Magearna|94\/100 par|[from] Stealth Rock\n|-terastallize|p1a: Palkia|Water\n|move|p1a: Palkia|Surf|p2a: Magearna\n|-damage|p2a: Magearna|43\/100 par\n|\n|-heal|p2a: Magearna|49\/100 par|[from] item: Leftovers\n|upkeep\n|turn|16\n|\n|t:|1697542541\n|move|p1a: Palkia|Draco Meteor|p2a: Magearna\n|-immune|p2a: Magearna\n|move|p2a: Magearna|Fleur Cannon|p1a: Palkia\n|-crit|p1a: Palkia\n|-damage|p1a: Palkia|16\/100\n|-unboost|p2a: Magearna|spa|2\n|\n|-heal|p2a: Magearna|55\/100 par|[from] item: Leftovers\n|upkeep\n|turn|17\n|c|\u2606fungoos469|:(\n|c|\u2606dumpy lump|i\n|c|\u2606dumpy lump|idk\n|\n|t:|1697542580\n|move|p1a: Palkia|Surf|p2a: Magearna\n|-damage|p2a: Magearna|4\/100 par\n|move|p2a: Magearna|Volt Switch|p1a: Palkia\n|-supereffective|p1a: Palkia\n|-damage|p1a: Palkia|0 fnt\n|faint|p1a: Palkia\n|-ability|p2a: Magearna|Soul-Heart|boost\n|-boost|p2a: Magearna|spa|1\n|\n|t:|1697542584\n|switch|p2a: Cyclizar|Cyclizar, M|67\/100|[from] Volt Switch\n|-damage|p2a: Cyclizar|55\/100|[from] Stealth Rock\n|\n|-heal|p2a: Cyclizar|61\/100|[from] item: Leftovers\n|upkeep\n|c|\u2606fungoos469|i thought you would swithc\n|\n|t:|1697542594\n|switch|p1a: Dialga|Dialga|80\/100\n|-damage|p1a: Dialga|67\/100|[from] Spikes\n|-ability|p1a: Dialga|Pressure\n|turn|18\n|\n|t:|1697542609\n|move|p2a: Cyclizar|Shed Tail|p2a: Cyclizar\n|-start|p2a: Cyclizar|Substitute|[from] move: Shed Tail\n|-damage|p2a: Cyclizar|11\/100\n|\n|t:|1697542626\n|switch|p2a: Chi-Yu|Chi-Yu, tera:Fire|59\/100|[from] Shed Tail\n|-damage|p2a: Chi-Yu|34\/100|[from] Stealth Rock\n|-ability|p2a: Chi-Yu|Beads of Ruin\n|move|p1a: Dialga|Dragon Tail|p2a: Chi-Yu\n|-end|p2a: Chi-Yu|Substitute\n|\n|upkeep\n|turn|19\n|\n|t:|1697542636\n|move|p2a: Chi-Yu|Overheat|p1a: Dialga\n|-damage|p1a: Dialga|0 fnt\n|-unboost|p2a: Chi-Yu|spa|2\n|faint|p1a: Dialga\n|\n|upkeep\n|\n|t:|1697542643\n|switch|p1a: Magearna|Magearna|100\/100\n|-damage|p1a: Magearna|88\/100|[from] Spikes\n|turn|20\n|\n|t:|1697542649\n|move|p2a: Chi-Yu|Overheat|p1a: Magearna\n|-supereffective|p1a: Magearna\n|-damage|p1a: Magearna|0 fnt\n|-unboost|p2a: Chi-Yu|spa|2\n|faint|p1a: Magearna\n|\n|win|dumpy lump\n|c|\u2606dumpy lump|ggs\n|c|\u2606fungoos469|gg\n|l|\u2606fungoos469\n","uploadtime":1697542660,"views":31,"p1id":"fungoos469","p2id":"dumpylump","formatid":"gen9ubers","rating":0,"private":0,"password":""}