{"id":"gen9ubers-1979148490","p1":"Ginesect","p2":"Dreepy Airlines","format":"[Gen 9] Ubers","log":"|j|\u2606Ginesect\n|j|\u2606Dreepy Airlines\n|t:|1698639133\n|gametype|singles\n|player|p1|Ginesect|artist-gen4|\n|player|p2|Dreepy Airlines|elesa-masters2|\n|teamsize|p1|6\n|teamsize|p2|6\n|gen|9\n|tier|[Gen 9] Ubers\n|rule|Sleep Clause Mod: Limit one foe put to sleep\n|rule|Species Clause: Limit one of each Pok\u00e9mon\n|rule|OHKO Clause: OHKO moves are banned\n|rule|Evasion Items Clause: Evasion items are banned\n|rule|Evasion Moves Clause: Evasion moves are banned\n|rule|Endless Battle Clause: Forcing endless battles is banned\n|rule|HP Percentage Mod: HP is shown in percentages\n|clearpoke\n|poke|p1|Roaring Moon|\n|poke|p1|Ribombee, F|\n|poke|p1|Iron Moth|\n|poke|p1|Ogerpon-Wellspring, F|\n|poke|p1|Gholdengo|\n|poke|p1|Great Tusk|\n|poke|p2|Samurott-Hisui, M|\n|poke|p2|Ogerpon, F|\n|poke|p2|Great Tusk|\n|poke|p2|Zapdos|\n|poke|p2|Dragapult, F|\n|poke|p2|Heatran, M|\n|teampreview\n|c|\u2606Dreepy Airlines|oh you just wanted to use roaring moon\n|c|\u2606Dreepy Airlines|it doesnt make sense though cus pult is ou\n|c|\u2606Dreepy Airlines|but is an approved uber\n|c|\u2606Dreepy Airlines|its two different formats\n|c|\u2606Dreepy Airlines|we cant  apply same approved ubers\n|\n|t:|1698639178\n|start\n|switch|p1a: Ribombee|Ribombee, F|100\/100\n|switch|p2a: Zapdos|Zapdos|100\/100\n|turn|1\n|c|\u2606Ginesect|Oh\n|c|\u2606Dreepy Airlines|you make no sense dude\n|\n|t:|1698639204\n|switch|p1a: Gholdengo|Gholdengo|100\/100\n|-item|p1a: Gholdengo|Air Balloon\n|move|p2a: Zapdos|Hurricane|p1a: Gholdengo\n|-resisted|p1a: Gholdengo\n|-damage|p1a: Gholdengo|73\/100\n|-start|p1a: Gholdengo|confusion\n|-enditem|p1a: Gholdengo|Air Balloon\n|\n|upkeep\n|turn|2\n|\n|t:|1698639210\n|move|p2a: Zapdos|Volt Switch|p1a: Gholdengo\n|-damage|p1a: Gholdengo|36\/100\n|\n|t:|1698639215\n|switch|p2a: Samurott|Samurott-Hisui, M|100\/100|[from] Volt Switch\n|-activate|p1a: Gholdengo|confusion\n|move|p1a: Gholdengo|Nasty Plot|p1a: Gholdengo\n|-boost|p1a: Gholdengo|spa|2\n|\n|upkeep\n|turn|3\n|\n|t:|1698639226\n|-terastallize|p1a: Gholdengo|Fairy\n|move|p2a: Samurott|Ceaseless Edge|p1a: Gholdengo\n|-resisted|p1a: Gholdengo\n|-damage|p1a: Gholdengo|12\/100\n|-sidestart|p1: Ginesect|Spikes\n|-activate|p1a: Gholdengo|confusion\n|move|p1a: Gholdengo|Make It Rain|p2a: Samurott\n|-resisted|p2a: Samurott\n|-enditem|p2a: Samurott|Focus Sash\n|-damage|p2a: Samurott|1\/100\n|-unboost|p1a: Gholdengo|spa|1\n|\n|upkeep\n|turn|4\n|j| Just B3A$T\n|\n|t:|1698639244\n|switch|p1a: Ribombee|Ribombee, F|100\/100\n|-damage|p1a: Ribombee|88\/100|[from] Spikes\n|move|p2a: Samurott|Ceaseless Edge|p1a: Ribombee|[miss]\n|-miss|p2a: Samurott|p1a: Ribombee\n|\n|upkeep\n|turn|5\n|\n|t:|1698639251\n|move|p1a: Ribombee|Moonblast|p2a: Samurott\n|-supereffective|p2a: Samurott\n|-damage|p2a: Samurott|0 fnt\n|faint|p2a: Samurott\n|\n|upkeep\n|\n|t:|1698639275\n|switch|p2a: Dragapult|Dragapult, F|100\/100\n|turn|6\n|c| Just B3A$T|How Pult is considered OU by mostly everyone but Gin is beyond me\n|\n|t:|1698639297\n|switch|p1a: Iron Moth|Iron Moth|100\/100\n|move|p2a: Dragapult|Flamethrower|p1a: Iron Moth\n|-resisted|p1a: Iron Moth\n|-damage|p1a: Iron Moth|81\/100\n|\n|upkeep\n|turn|7\n|c|\u2606Dreepy Airlines|just confirming this is for e4?\n|c|\u2606Dreepy Airlines|gin\n|\n|t:|1698639313\n|switch|p2a: Heatran|Heatran, M|100\/100\n|-item|p2a: Heatran|Air Balloon\n|move|p1a: Iron Moth|Dazzling Gleam|p2a: Heatran\n|-resisted|p2a: Heatran\n|-damage|p2a: Heatran|93\/100\n|-enditem|p2a: Heatran|Air Balloon\n|\n|upkeep\n|turn|8\n|c|\u2606Ginesect|Yes\n|j| XX_1nfinity_XX\n|\n|t:|1698639343\n|-end|p1a: Iron Moth|Quark Drive|[silent]\n|switch|p1a: Ribombee|Ribombee, F|88\/100\n|-damage|p1a: Ribombee|76\/100|[from] Spikes\n|move|p2a: Heatran|Will-O-Wisp|p1a: Ribombee|[miss]\n|-miss|p2a: Heatran|p1a: Ribombee\n|\n|upkeep\n|turn|9\n|\n|t:|1698639353\n|move|p1a: Ribombee|Sticky Web|p2a: Heatran\n|-sidestart|p2: Dreepy Airlines|move: Sticky Web\n|move|p2a: Heatran|Magma Storm|p1a: Ribombee\n|-supereffective|p1a: Ribombee\n|-damage|p1a: Ribombee|0 fnt\n|faint|p1a: Ribombee\n|\n|upkeep\n|\n|t:|1698639403\n|switch|p1a: Roaring Moon|Roaring Moon|100\/100\n|-damage|p1a: Roaring Moon|88\/100|[from] Spikes\n|-enditem|p1a: Roaring Moon|Booster Energy\n|-activate|p1a: Roaring Moon|ability: Protosynthesis|[fromitem]\n|-start|p1a: Roaring Moon|protosynthesisatk\n|turn|10\n|\n|t:|1698639412\n|switch|p2a: Great Tusk|Great Tusk|100\/100\n|-activate|p2a: Great Tusk|move: Sticky Web\n|-unboost|p2a: Great Tusk|spe|1\n|move|p1a: Roaring Moon|Earthquake|p2a: Great Tusk\n|-damage|p2a: Great Tusk|72\/100\n|\n|-heal|p2a: Great Tusk|79\/100|[from] item: Leftovers\n|upkeep\n|turn|11\n|\n|t:|1698639419\n|move|p1a: Roaring Moon|Acrobatics|p2a: Great Tusk\n|-supereffective|p2a: Great Tusk\n|-damage|p2a: Great Tusk|18\/100\n|move|p2a: Great Tusk|Rapid Spin|p1a: Roaring Moon\n|-crit|p1a: Roaring Moon\n|-damage|p1a: Roaring Moon|63\/100\n|-boost|p2a: Great Tusk|spe|1\n|-sideend|p2: Dreepy Airlines|Sticky Web|[from] move: Rapid Spin|[of] p2a: Great Tusk\n|\n|-heal|p2a: Great Tusk|24\/100|[from] item: Leftovers\n|upkeep\n|turn|12\n|\n|t:|1698639424\n|-end|p2a: Great Tusk|Protosynthesis|[silent]\n|switch|p2a: Zapdos|Zapdos|100\/100\n|move|p1a: Roaring Moon|Dragon Dance|p1a: Roaring Moon\n|-boost|p1a: Roaring Moon|atk|1\n|-boost|p1a: Roaring Moon|spe|1\n|\n|upkeep\n|turn|13\n|\n|t:|1698639428\n|move|p1a: Roaring Moon|Knock Off|p2a: Zapdos\n|-damage|p2a: Zapdos|0 fnt\n|-status|p1a: Roaring Moon|par|[from] ability: Static|[of] p2a: Zapdos\n|-enditem|p2a: Zapdos|Heavy-Duty Boots|[from] move: Knock Off|[of] p1a: Roaring Moon\n|faint|p2a: Zapdos\n|\n|upkeep\n|c|\u2606Ginesect|Fuckkk\n|l| Just B3A$T\n|c| XX_1nfinity_XX|damn\n|c|\u2606Dreepy Airlines|glad that mons ubers\n|c|\u2606Dreepy Airlines|crazy annoying\n|c| XX_1nfinity_XX|that was almost a win\n|c|\u2606Ginesect|Yeah\n|c|\u2606Ginesect|Fucking para\n|\n|t:|1698639475\n|switch|p2a: Dragapult|Dragapult, F|100\/100\n|turn|14\n|\n|t:|1698639481\n|move|p2a: Dragapult|Draco Meteor|p1a: Roaring Moon\n|-supereffective|p1a: Roaring Moon\n|-damage|p1a: Roaring Moon|0 fnt\n|-unboost|p2a: Dragapult|spa|2\n|faint|p1a: Roaring Moon\n|-end|p1a: Roaring Moon|Protosynthesis|[silent]\n|\n|upkeep\n|c|\u2606Dreepy Airlines|that how the game be sometimes\n|\n|t:|1698639500\n|switch|p1a: Ogerpon|Ogerpon-Wellspring, F|100\/100\n|-damage|p1a: Ogerpon|88\/100|[from] Spikes\n|turn|15\n|\n|t:|1698639510\n|switch|p2a: Ogerpon|Ogerpon, F|100\/100\n|move|p1a: Ogerpon|Swords Dance|p1a: Ogerpon\n|-boost|p1a: Ogerpon|atk|2\n|\n|upkeep\n|turn|16\n|\n|t:|1698639523\n|-terastallize|p2a: Ogerpon|Grass\n|detailschange|p2a: Ogerpon|Ogerpon-Teal-Tera, F, tera:Grass\n|-ability|p2a: Ogerpon|Embody Aspect (Teal)|boost\n|-boost|p2a: Ogerpon|spe|1\n|move|p2a: Ogerpon|Swords Dance|p2a: Ogerpon\n|-boost|p2a: Ogerpon|atk|2\n|move|p1a: Ogerpon|Play Rough|p2a: Ogerpon\n|-damage|p2a: Ogerpon|1\/100\n|\n|upkeep\n|turn|17\n|c|\u2606Ginesect|Nooooooo\n|c|\u2606Dreepy Airlines|roll wasnt in your favor\n|c|\u2606Ginesect|Wtffff\n|c| XX_1nfinity_XX|damn\n|c|\u2606Ginesect|Fuck nahhhhh mam\n|c|\u2606Ginesect|gg\n|\n|t:|1698639549\n|switch|p1a: Gholdengo|Gholdengo, tera:Fairy|12\/100\n|-damage|p1a: Gholdengo|0 fnt|[from] Spikes\n|faint|p1a: Gholdengo\n|move|p2a: Ogerpon|Ivy Cudgel|p1: Gholdengo|[notarget]\n|-fail|p2a: Ogerpon\n|\n|upkeep\n|\n|t:|1698639551\n|switch|p1a: Iron Moth|Iron Moth|81\/100\n|turn|18\n|c|\u2606Dreepy Airlines|well unless you were adamant lmao\n|c|\u2606Dreepy Airlines|in which case i would need a !showset\n|\n|t:|1698639561\n|move|p2a: Ogerpon|Knock Off|p1a: Iron Moth\n|-damage|p1a: Iron Moth|0 fnt\n|-enditem|p1a: Iron Moth|Heavy-Duty Boots|[from] move: Knock Off|[of] p2a: Ogerpon\n|faint|p1a: Iron Moth\n|-end|p1a: Iron Moth|Quark Drive|[silent]\n|\n|upkeep\n|c|\u2606Dreepy Airlines|gg\n|c|\u2606Dreepy Airlines|1 e4 down\n|c|\u2606Dreepy Airlines|2*\n|c|\u2606Dreepy Airlines|beat sob first try in a bo3 lmao\n|c|\u2606Ginesect|Don't even have rockey helm tusk shit\n|\n|t:|1698639578\n|switch|p1a: Great Tusk|Great Tusk|100\/100\n|turn|19\n|\n|t:|1698639583\n|move|p2a: Ogerpon|Ivy Cudgel|p1a: Great Tusk\n|-supereffective|p1a: Great Tusk\n|-crit|p1a: Great Tusk\n|-damage|p1a: Great Tusk|0 fnt\n|faint|p1a: Great Tusk\n|-end|p1a: Great Tusk|Protosynthesis|[silent]\n|\n|upkeep\n|c|\u2606Ginesect|G\n|c|\u2606Ginesect|G\n|c|\u2606Dreepy Airlines|maybe i should main vgc\n|c|\u2606Dreepy Airlines|gg\n|\n|t:|1698639592\n|switch|p1a: Ogerpon|Ogerpon-Wellspring, F|88\/100\n|-damage|p1a: Ogerpon|75\/100|[from] Spikes\n|turn|20\n|\n|t:|1698639596\n|move|p2a: Ogerpon|Ivy Cudgel|p1a: Ogerpon\n|-damage|p1a: Ogerpon|0 fnt\n|faint|p1a: Ogerpon\n|\n|win|Dreepy Airlines\n|l|\u2606Dreepy Airlines\n","uploadtime":1698639600,"views":24,"p1id":"ginesect","p2id":"dreepyairlines","formatid":"gen9ubers","rating":0,"private":0,"password":""}