{"id":"gen9ubers-1982975362","p1":"BLACK METAL 3","p2":"pkpowers310","format":"[Gen 9] Ubers","log":"|j|\u2606BLACK METAL 3\n|j|\u2606pkpowers310\n|t:|1699065214\n|gametype|singles\n|player|p1|BLACK METAL 3|1|\n|player|p2|pkpowers310|crasherwake|\n|teamsize|p1|6\n|teamsize|p2|6\n|gen|9\n|tier|[Gen 9] Ubers\n|rule|Sleep Clause Mod: Limit one foe put to sleep\n|rule|Species Clause: Limit one of each Pok\u00e9mon\n|rule|OHKO Clause: OHKO moves are banned\n|rule|Evasion Items Clause: Evasion items are banned\n|rule|Evasion Moves Clause: Evasion moves are banned\n|rule|Endless Battle Clause: Forcing endless battles is banned\n|rule|HP Percentage Mod: HP is shown in percentages\n|clearpoke\n|poke|p1|Maushold|\n|poke|p1|Azumarill, F|\n|poke|p1|Espathra, M|\n|poke|p1|Garganacl, F|\n|poke|p1|Salazzle, F|\n|poke|p1|Kingambit, F|\n|poke|p2|Ting-Lu|\n|poke|p2|Ursaluna, F|\n|poke|p2|Chi-Yu|\n|poke|p2|Glimmora, F|\n|poke|p2|Amoonguss, F|\n|poke|p2|Alomomola, M|\n|teampreview\n|j| Squirshawott\n|j| RoamingDia\n|j| KickinAsh\n|\n|t:|1699065258\n|start\n|switch|p1a: Reaper|Salazzle, F|100\/100\n|switch|p2a: Mr. Blubby|Chi-Yu|100\/100\n|-ability|p2a: Mr. Blubby|Beads of Ruin\n|turn|1\n|\n|t:|1699065358\n|move|p1a: Reaper|Knock Off|p2a: Mr. Blubby\n|-resisted|p2a: Mr. Blubby\n|-damage|p2a: Mr. Blubby|89\/100\n|-enditem|p2a: Mr. Blubby|Choice Specs|[from] move: Knock Off|[of] p1a: Reaper\n|move|p2a: Mr. Blubby|Dark Pulse|p1a: Reaper\n|-damage|p1a: Reaper|3\/100\n|\n|-heal|p1a: Reaper|9\/100|[from] item: Black Sludge\n|upkeep\n|turn|2\n|\n|t:|1699065406\n|switch|p1a: Eggdog|Azumarill, F|100\/100\n|switch|p2a: Mrs. Blubby|Alomomola, M|100\/100\n|\n|upkeep\n|turn|3\n|\n|t:|1699065429\n|switch|p1a: Stonehenge|Garganacl, F|100\/100\n|move|p2a: Mrs. Blubby|Scald|p1a: Stonehenge\n|-supereffective|p1a: Stonehenge\n|-damage|p1a: Stonehenge|81\/100\n|\n|upkeep\n|turn|4\n|\n|t:|1699065436\n|move|p2a: Mrs. Blubby|Flip Turn|p1a: Stonehenge\n|-supereffective|p1a: Stonehenge\n|-damage|p1a: Stonehenge|59\/100\n|\n|t:|1699065482\n|switch|p2a: Freddy|Ursaluna, F|100\/100|[from] Flip Turn\n|move|p1a: Stonehenge|Salt Cure|p2a: Freddy\n|-resisted|p2a: Freddy\n|-damage|p2a: Freddy|96\/100\n|-start|p2a: Freddy|Salt Cure\n|\n|-damage|p2a: Freddy|83\/100|[from] Salt Cure\n|-status|p2a: Freddy|brn|[from] item: Flame Orb\n|upkeep\n|turn|5\n|\n|t:|1699065494\n|move|p1a: Stonehenge|Protect|p1a: Stonehenge\n|-singleturn|p1a: Stonehenge|Protect\n|move|p2a: Freddy|Headlong Rush|p1a: Stonehenge\n|-activate|p1a: Stonehenge|move: Protect\n|\n|-damage|p2a: Freddy|77\/100 brn|[from] brn\n|-damage|p2a: Freddy|65\/100 brn|[from] Salt Cure\n|upkeep\n|turn|6\n|\n|t:|1699065518\n|switch|p1a: Reaper|Salazzle, F|9\/100\n|move|p2a: Freddy|Headlong Rush|p1a: Reaper\n|-supereffective|p1a: Reaper\n|-damage|p1a: Reaper|0 fnt\n|-unboost|p2a: Freddy|def|1\n|-unboost|p2a: Freddy|spd|1\n|faint|p1a: Reaper\n|\n|-damage|p2a: Freddy|58\/100 brn|[from] brn\n|-damage|p2a: Freddy|46\/100 brn|[from] Salt Cure\n|upkeep\n|\n|t:|1699065543\n|switch|p1a: Eggdog|Azumarill, F|100\/100\n|turn|7\n|\n|t:|1699065552\n|switch|p2a: Amoonguss|Amoonguss, F|100\/100\n|move|p1a: Eggdog|Aqua Jet|p2a: Amoonguss\n|-resisted|p2a: Amoonguss\n|-damage|p2a: Amoonguss|91\/100\n|\n|upkeep\n|turn|8\n|\n|t:|1699065577\n|switch|p1a: Stonehenge|Garganacl, F|59\/100\n|move|p2a: Amoonguss|Spore|p1a: Stonehenge\n|-immune|p1a: Stonehenge|[from] ability: Purifying Salt\n|\n|upkeep\n|turn|9\n|\n|t:|1699065583\n|move|p1a: Stonehenge|Recover|p1a: Stonehenge\n|-heal|p1a: Stonehenge|100\/100\n|move|p2a: Amoonguss|Giga Drain|p1a: Stonehenge\n|-supereffective|p1a: Stonehenge\n|-crit|p1a: Stonehenge\n|-damage|p1a: Stonehenge|53\/100\n|-heal|p2a: Amoonguss|100\/100|[from] drain|[of] p1a: Stonehenge\n|\n|upkeep\n|turn|10\n|\n|t:|1699065593\n|move|p1a: Stonehenge|Recover|p1a: Stonehenge\n|-heal|p1a: Stonehenge|100\/100\n|move|p2a: Amoonguss|Giga Drain|p1a: Stonehenge\n|-supereffective|p1a: Stonehenge\n|-damage|p1a: Stonehenge|72\/100\n|\n|upkeep\n|turn|11\n|\n|t:|1699065598\n|move|p1a: Stonehenge|Salt Cure|p2a: Amoonguss\n|-damage|p2a: Amoonguss|90\/100\n|-start|p2a: Amoonguss|Salt Cure\n|move|p2a: Amoonguss|Giga Drain|p1a: Stonehenge\n|-supereffective|p1a: Stonehenge\n|-damage|p1a: Stonehenge|39\/100\n|-heal|p2a: Amoonguss|100\/100|[from] drain|[of] p1a: Stonehenge\n|\n|-damage|p2a: Amoonguss|88\/100|[from] Salt Cure\n|upkeep\n|turn|12\n|\n|t:|1699065608\n|move|p1a: Stonehenge|Recover|p1a: Stonehenge\n|-heal|p1a: Stonehenge|89\/100\n|move|p2a: Amoonguss|Giga Drain|p1a: Stonehenge\n|-supereffective|p1a: Stonehenge\n|-damage|p1a: Stonehenge|58\/100\n|-heal|p2a: Amoonguss|100\/100|[from] drain|[of] p1a: Stonehenge\n|\n|-damage|p2a: Amoonguss|88\/100|[from] Salt Cure\n|upkeep\n|turn|13\n|\n|t:|1699065617\n|move|p1a: Stonehenge|Protect|p1a: Stonehenge\n|-singleturn|p1a: Stonehenge|Protect\n|move|p2a: Amoonguss|Giga Drain|p1a: Stonehenge\n|-activate|p1a: Stonehenge|move: Protect\n|\n|-damage|p2a: Amoonguss|75\/100|[from] Salt Cure\n|upkeep\n|turn|14\n|\n|t:|1699065630\n|switch|p1a: HAOHMARU|Kingambit, F|100\/100\n|-activate|p1a: HAOHMARU|ability: Supreme Overlord\n|-start|p1a: HAOHMARU|fallen1|[silent]\n|move|p2a: Amoonguss|Giga Drain|p1a: HAOHMARU\n|-resisted|p1a: HAOHMARU\n|-damage|p1a: HAOHMARU|89\/100\n|-heal|p2a: Amoonguss|80\/100|[from] drain|[of] p1a: HAOHMARU\n|\n|-damage|p2a: Amoonguss|68\/100|[from] Salt Cure\n|upkeep\n|turn|15\n|\n|t:|1699065651\n|move|p1a: HAOHMARU|Kowtow Cleave|p2a: Amoonguss\n|-damage|p2a: Amoonguss|13\/100\n|-damage|p1a: HAOHMARU|79\/100|[from] item: Life Orb\n|move|p2a: Amoonguss|Spore|p1a: HAOHMARU\n|-status|p1a: HAOHMARU|slp|[from] move: Spore\n|\n|-damage|p2a: Amoonguss|1\/100|[from] Salt Cure\n|upkeep\n|turn|16\n|\n|t:|1699065660\n|switch|p2a: Freddy|Ursaluna, F|46\/100 brn\n|cant|p1a: HAOHMARU|slp\n|\n|-damage|p2a: Freddy|40\/100 brn|[from] brn\n|upkeep\n|turn|17\n|\n|t:|1699065694\n|-end|p1a: HAOHMARU|fallen1|[silent]\n|switch|p1a: Eggdog|Azumarill, F|100\/100\n|move|p2a: Freddy|Headlong Rush|p1a: Eggdog\n|-damage|p1a: Eggdog|0 fnt\n|-unboost|p2a: Freddy|def|1\n|-unboost|p2a: Freddy|spd|1\n|faint|p1a: Eggdog\n|\n|-damage|p2a: Freddy|33\/100 brn|[from] brn\n|upkeep\n|\n|t:|1699065705\n|switch|p1a: The Gang|Maushold|100\/100\n|turn|18\n|\n|t:|1699065719\n|switch|p2a: Glimmora|Glimmora, F|100\/100\n|move|p1a: The Gang|Tidy Up|p1a: The Gang\n|-boost|p1a: The Gang|atk|1\n|-boost|p1a: The Gang|spe|1\n|\n|upkeep\n|turn|19\n|\n|t:|1699065733\n|move|p1a: The Gang|Super Fang|p2a: Glimmora\n|-damage|p2a: Glimmora|51\/100\n|-damage|p1a: The Gang|84\/100|[from] item: Rocky Helmet|[of] p2a: Glimmora\n|-activate|p2a: Glimmora|ability: Toxic Debris\n|-sidestart|p1: BLACK METAL 3|move: Toxic Spikes\n|move|p2a: Glimmora|Stealth Rock|p1a: The Gang\n|-sidestart|p1: BLACK METAL 3|move: Stealth Rock\n|\n|upkeep\n|turn|20\n|\n|t:|1699065748\n|move|p1a: The Gang|Encore|p2a: Glimmora\n|-start|p2a: Glimmora|Encore\n|move|p2a: Glimmora|Stealth Rock||[still]\n|-fail|p2a: Glimmora\n|\n|upkeep\n|turn|21\n|\n|t:|1699065753\n|move|p1a: The Gang|Tidy Up|p1a: The Gang\n|-sideend|p1: BLACK METAL 3|Toxic Spikes\n|-sideend|p1: BLACK METAL 3|Stealth Rock\n|-activate|p1a: The Gang|move: Tidy Up\n|-boost|p1a: The Gang|atk|1\n|-boost|p1a: The Gang|spe|1\n|move|p2a: Glimmora|Stealth Rock|p1a: The Gang\n|-sidestart|p1: BLACK METAL 3|move: Stealth Rock\n|\n|upkeep\n|turn|22\n|\n|t:|1699065764\n|move|p1a: The Gang|Super Fang|p2a: Glimmora\n|-damage|p2a: Glimmora|26\/100\n|-damage|p1a: The Gang|67\/100|[from] item: Rocky Helmet|[of] p2a: Glimmora\n|-activate|p2a: Glimmora|ability: Toxic Debris\n|-sidestart|p1: BLACK METAL 3|move: Toxic Spikes\n|move|p2a: Glimmora|Stealth Rock||[still]\n|-fail|p2a: Glimmora\n|\n|-end|p2a: Glimmora|Encore\n|upkeep\n|turn|23\n|j| Sol CPU\n|\n|t:|1699065801\n|-terastallize|p1a: The Gang|Normal\n|move|p1a: The Gang|Population Bomb|p2a: Glimmora\n|-resisted|p2a: Glimmora\n|-damage|p2a: Glimmora|15\/100\n|-damage|p1a: The Gang|51\/100|[from] item: Rocky Helmet|[of] p2a: Glimmora\n|-activate|p2a: Glimmora|ability: Toxic Debris\n|-sidestart|p1: BLACK METAL 3|move: Toxic Spikes\n|-resisted|p2a: Glimmora\n|-damage|p2a: Glimmora|4\/100\n|-damage|p1a: The Gang|34\/100|[from] item: Rocky Helmet|[of] p2a: Glimmora\n|-resisted|p2a: Glimmora\n|-damage|p2a: Glimmora|0 fnt\n|-damage|p1a: The Gang|18\/100|[from] item: Rocky Helmet|[of] p2a: Glimmora\n|faint|p2a: Glimmora\n|-hitcount|p2: Glimmora|3\n|\n|upkeep\n|l| Sol CPU\n|\n|t:|1699065847\n|switch|p2a: Mrs. Blubby|Alomomola, M|100\/100\n|turn|24\n|\n|t:|1699065854\n|move|p1a: The Gang|Population Bomb|p2a: Mrs. Blubby\n|-damage|p2a: Mrs. Blubby|89\/100\n|-damage|p2a: Mrs. Blubby|77\/100\n|-damage|p2a: Mrs. Blubby|65\/100\n|-crit|p2a: Mrs. Blubby\n|-damage|p2a: Mrs. Blubby|46\/100\n|-damage|p2a: Mrs. Blubby|33\/100\n|-damage|p2a: Mrs. Blubby|21\/100\n|-damage|p2a: Mrs. Blubby|8\/100\n|-damage|p2a: Mrs. Blubby|0 fnt\n|faint|p2a: Mrs. Blubby\n|-hitcount|p2: Mrs. Blubby|8\n|\n|upkeep\n|c|\u2606pkpowers310|So Im ngl\n|c|\u2606pkpowers310|I didnt put tera steel on my alo by misatake\n|c|\u2606pkpowers310|Gg\n|c|\u2606BLACK METAL 3|ohhhhhhh\n|\n|t:|1699065943\n|switch|p2a: Amoonguss|Amoonguss, F|34\/100\n|turn|25\n|\n|t:|1699065949\n|switch|p2a: LearnChineseBuddy|Ting-Lu|100\/100\n|-ability|p2a: LearnChineseBuddy|Vessel of Ruin\n|move|p1a: The Gang|Population Bomb|p2a: LearnChineseBuddy\n|-damage|p2a: LearnChineseBuddy|88\/100\n|-damage|p2a: LearnChineseBuddy|75\/100\n|-damage|p2a: LearnChineseBuddy|62\/100\n|-damage|p2a: LearnChineseBuddy|50\/100\n|-damage|p2a: LearnChineseBuddy|37\/100\n|-damage|p2a: LearnChineseBuddy|25\/100\n|-crit|p2a: LearnChineseBuddy\n|-damage|p2a: LearnChineseBuddy|7\/100\n|-damage|p2a: LearnChineseBuddy|0 fnt\n|faint|p2a: LearnChineseBuddy\n|-hitcount|p2: LearnChineseBuddy|8\n|\n|upkeep\n|\n|t:|1699065966\n|switch|p2a: Amoonguss|Amoonguss, F|68\/100\n|turn|26\n|\n|t:|1699065970\n|move|p1a: The Gang|Population Bomb|p2a: Amoonguss\n|-damage|p2a: Amoonguss|52\/100\n|-damage|p2a: Amoonguss|37\/100\n|-damage|p2a: Amoonguss|22\/100\n|-damage|p2a: Amoonguss|5\/100\n|-crit|p2a: Amoonguss\n|-damage|p2a: Amoonguss|0 fnt\n|faint|p2a: Amoonguss\n|-hitcount|p2: Amoonguss|5\n|\n|upkeep\n|\n|t:|1699065989\n|switch|p2a: Freddy|Ursaluna, F|33\/100 brn\n|turn|27\n|\n|t:|1699065992\n|move|p1a: The Gang|Population Bomb|p2a: Freddy\n|-damage|p2a: Freddy|17\/100 brn\n|-damage|p2a: Freddy|2\/100 brn\n|-damage|p2a: Freddy|0 fnt\n|faint|p2a: Freddy\n|-hitcount|p2: Freddy|3\n|\n|upkeep\n|\n|t:|1699065997\n|switch|p2a: Mr. Blubby|Chi-Yu|89\/100\n|-ability|p2a: Mr. Blubby|Beads of Ruin\n|turn|28\n|\n|t:|1699066003\n|move|p1a: The Gang|Population Bomb|p2a: Mr. Blubby\n|-damage|p2a: Mr. Blubby|52\/100\n|-damage|p2a: Mr. Blubby|18\/100\n|-damage|p2a: Mr. Blubby|0 fnt\n|faint|p2a: Mr. Blubby\n|-hitcount|p2: Mr. Blubby|3\n|\n|win|BLACK METAL 3\n","uploadtime":1699066015,"views":14,"p1id":"blackmetal3","p2id":"pkpowers310","formatid":"gen9ubers","rating":0,"private":0,"password":""}