{"id":"gen9ubers-1996512784","p1":"LordChampaGaming","p2":"Vegaming27","format":"[Gen 9] Ubers","log":"|j|\u2606LordChampaGaming\n|j|\u2606Vegaming27\n|t:|1700689331\n|gametype|singles\n|player|p1|LordChampaGaming|265|\n|player|p2|Vegaming27|1|\n|teamsize|p1|6\n|teamsize|p2|6\n|gen|9\n|tier|[Gen 9] Ubers\n|rule|Sleep Clause Mod: Limit one foe put to sleep\n|rule|Species Clause: Limit one of each Pok\u00e9mon\n|rule|OHKO Clause: OHKO moves are banned\n|rule|Evasion Items Clause: Evasion items are banned\n|rule|Evasion Moves Clause: Evasion moves are banned\n|rule|Endless Battle Clause: Forcing endless battles is banned\n|rule|HP Percentage Mod: HP is shown in percentages\n|clearpoke\n|poke|p1|Annihilape, F|\n|poke|p1|Lycanroc-Dusk, F|\n|poke|p1|Infernape, F|\n|poke|p1|Gastrodon, F|\n|poke|p1|Amoonguss, F|\n|poke|p1|Zarude|\n|poke|p2|Sylveon, M|\n|poke|p2|Samurott-Hisui, M|\n|poke|p2|Crabominable, F|\n|poke|p2|Volcarona, F|\n|poke|p2|Cyclizar, F|\n|poke|p2|Rotom-Wash|\n|teampreview\n|\n|t:|1700689550\n|start\n|switch|p1a: Infernape|Infernape, F, shiny|100\/100\n|switch|p2a: Cyclizar|Cyclizar, F|100\/100\n|turn|1\n|\n|t:|1700689567\n|move|p2a: Cyclizar|Shed Tail|p2a: Cyclizar\n|-start|p2a: Cyclizar|Substitute|[from] move: Shed Tail\n|-damage|p2a: Cyclizar|50\/100\n|\n|t:|1700689571\n|switch|p2a: Rotom|Rotom-Wash|100\/100|[from] Shed Tail\n|move|p1a: Infernape|Close Combat|p2a: Rotom\n|-end|p2a: Rotom|Substitute\n|-unboost|p1a: Infernape|def|1\n|-unboost|p1a: Infernape|spd|1\n|\n|upkeep\n|turn|2\n|\n|t:|1700689590\n|switch|p1a: Gastrodon|Gastrodon, F|100\/100\n|move|p2a: Rotom|Thunder Wave|p1a: Gastrodon\n|-immune|p1a: Gastrodon\n|\n|upkeep\n|turn|3\n|\n|t:|1700689605\n|switch|p2a: Crabominable|Crabominable, F|100\/100\n|move|p1a: Gastrodon|Sludge Bomb|p2a: Crabominable\n|-damage|p2a: Crabominable|85\/100\n|-status|p2a: Crabominable|psn\n|\n|-damage|p2a: Crabominable|73\/100 psn|[from] psn\n|upkeep\n|turn|4\n|\n|t:|1700689616\n|switch|p1a: Annihilape|Annihilape, F|100\/100\n|move|p2a: Crabominable|Ice Hammer|p1a: Annihilape\n|-damage|p1a: Annihilape|31\/100\n|-unboost|p2a: Crabominable|spe|1\n|\n|-damage|p2a: Crabominable|60\/100 psn|[from] psn\n|upkeep\n|turn|5\n|\n|t:|1700689627\n|switch|p2a: Sylveon|Sylveon, M, shiny|100\/100\n|move|p1a: Annihilape|Drain Punch|p2a: Sylveon\n|-resisted|p2a: Sylveon\n|-damage|p2a: Sylveon|78\/100\n|-heal|p1a: Annihilape|41\/100|[from] drain|[of] p2a: Sylveon\n|\n|upkeep\n|turn|6\n|\n|t:|1700689637\n|switch|p1a: Amoonguss|Amoonguss, F|100\/100\n|move|p2a: Sylveon|Wish|p2a: Sylveon\n|\n|upkeep\n|turn|7\n|\n|t:|1700689647\n|switch|p2a: Cyclizar|Cyclizar, F|84\/100\n|move|p1a: Amoonguss|Sludge Bomb|p2a: Cyclizar\n|-damage|p2a: Cyclizar|26\/100\n|-status|p2a: Cyclizar|psn\n|\n|-heal|p2a: Cyclizar|84\/100 psn|[from] move: Wish|[wisher] Sylveon\n|-damage|p2a: Cyclizar|72\/100 psn|[from] psn\n|upkeep\n|turn|8\n|\n|t:|1700689658\n|move|p2a: Cyclizar|Knock Off|p1a: Amoonguss\n|-damage|p1a: Amoonguss|76\/100\n|-damage|p2a: Cyclizar|55\/100 psn|[from] item: Rocky Helmet|[of] p1a: Amoonguss\n|-enditem|p1a: Amoonguss|Rocky Helmet|[from] move: Knock Off|[of] p2a: Cyclizar\n|move|p1a: Amoonguss|Sludge Bomb|p2a: Cyclizar\n|-damage|p2a: Cyclizar|0 fnt\n|faint|p2a: Cyclizar\n|\n|upkeep\n|\n|t:|1700689667\n|switch|p2a: Volcarona|Volcarona, F|100\/100\n|turn|9\n|\n|t:|1700689675\n|switch|p1a: Gastrodon|Gastrodon, F|100\/100\n|move|p2a: Volcarona|Fiery Dance|p1a: Gastrodon\n|-resisted|p1a: Gastrodon\n|-damage|p1a: Gastrodon|84\/100\n|\n|-heal|p1a: Gastrodon|90\/100|[from] item: Leftovers\n|upkeep\n|turn|10\n|\n|t:|1700689684\n|move|p2a: Volcarona|Giga Drain|p1a: Gastrodon\n|-supereffective|p1a: Gastrodon\n|-damage|p1a: Gastrodon|7\/100\n|move|p1a: Gastrodon|Sludge Bomb|p2a: Volcarona\n|-damage|p2a: Volcarona|79\/100\n|\n|-heal|p1a: Gastrodon|13\/100|[from] item: Leftovers\n|upkeep\n|turn|11\n|\n|t:|1700689695\n|switch|p1a: Infernape|Infernape, F, shiny|100\/100\n|move|p2a: Volcarona|Quiver Dance|p2a: Volcarona\n|-boost|p2a: Volcarona|spa|1\n|-boost|p2a: Volcarona|spd|1\n|-boost|p2a: Volcarona|spe|1\n|\n|upkeep\n|turn|12\n|\n|t:|1700689730\n|switch|p2a: Sylveon|Sylveon, M, shiny|78\/100\n|move|p1a: Infernape|Thunder Punch|p2a: Sylveon\n|-damage|p2a: Sylveon|27\/100\n|\n|upkeep\n|turn|13\n|\n|t:|1700689738\n|move|p2a: Sylveon|Protect|p2a: Sylveon\n|-singleturn|p2a: Sylveon|Protect\n|move|p1a: Infernape|Thunder Punch|p2a: Sylveon\n|-activate|p2a: Sylveon|move: Protect\n|\n|upkeep\n|turn|14\n|\n|t:|1700689746\n|switch|p2a: Rotom|Rotom-Wash|100\/100\n|move|p1a: Infernape|Thunder Punch|p2a: Rotom\n|-damage|p2a: Rotom|47\/100\n|\n|upkeep\n|turn|15\n|\n|t:|1700689771\n|move|p1a: Infernape|Thunder Punch|p2a: Rotom\n|-damage|p2a: Rotom|0 fnt\n|faint|p2a: Rotom\n|\n|upkeep\n|\n|t:|1700689774\n|switch|p2a: Samurott|Samurott-Hisui, M|100\/100\n|turn|16\n|\n|t:|1700689801\n|move|p2a: Samurott|Flip Turn|p1a: Infernape\n|-supereffective|p1a: Infernape\n|-damage|p1a: Infernape|8\/100\n|\n|t:|1700689805\n|switch|p2a: Volcarona|Volcarona, F|79\/100|[from] Flip Turn\n|move|p1a: Infernape|Thunder Punch|p2a: Volcarona\n|-damage|p2a: Volcarona|20\/100\n|\n|upkeep\n|turn|17\n|\n|t:|1700689816\n|switch|p2a: Samurott|Samurott-Hisui, M|100\/100\n|move|p1a: Infernape|Thunder Punch|p2a: Samurott\n|-supereffective|p2a: Samurott\n|-crit|p2a: Samurott\n|-damage|p2a: Samurott|0 fnt\n|faint|p2a: Samurott\n|\n|upkeep\n|\n|t:|1700689823\n|switch|p2a: Crabominable|Crabominable, F|60\/100 psn\n|turn|18\n|\n|t:|1700689829\n|-terastallize|p2a: Crabominable|Water\n|move|p1a: Infernape|Thunder Punch|p2a: Crabominable\n|-supereffective|p2a: Crabominable\n|-damage|p2a: Crabominable|0 fnt\n|faint|p2a: Crabominable\n|\n|upkeep\n|\n|t:|1700689835\n|switch|p2a: Sylveon|Sylveon, M, shiny|27\/100\n|turn|19\n|\n|t:|1700689842\n|move|p1a: Infernape|Thunder Punch|p2a: Sylveon\n|-damage|p2a: Sylveon|0 fnt\n|faint|p2a: Sylveon\n|\n|upkeep\n|\n|t:|1700689845\n|switch|p2a: Volcarona|Volcarona, F|20\/100\n|turn|20\n|\n|t:|1700689852\n|move|p1a: Infernape|Thunder Punch|p2a: Volcarona\n|-damage|p2a: Volcarona|0 fnt\n|faint|p2a: Volcarona\n|\n|win|LordChampaGaming\n","uploadtime":1700689858,"views":24,"p1id":"lordchampagaming","p2id":"vegaming27","formatid":"gen9ubers","rating":0,"private":0,"password":""}