{"id":"gen9ubers-1979982179","p1":"lolgz","p2":"a bit moody","format":"[Gen 9] Ubers","log":"|j|\u2606lolgz\n|j|\u2606a bit moody\n|t:|1698741431\n|gametype|singles\n|player|p1|lolgz|265|\n|player|p2|a bit moody|265|\n|teamsize|p1|6\n|teamsize|p2|6\n|gen|9\n|tier|[Gen 9] Ubers\n|rule|Sleep Clause Mod: Limit one foe put to sleep\n|rule|Species Clause: Limit one of each Pok\u00e9mon\n|rule|OHKO Clause: OHKO moves are banned\n|rule|Evasion Items Clause: Evasion items are banned\n|rule|Evasion Moves Clause: Evasion moves are banned\n|rule|Endless Battle Clause: Forcing endless battles is banned\n|rule|HP Percentage Mod: HP is shown in percentages\n|clearpoke\n|poke|p1|Magearna|\n|poke|p1|Zacian-*|\n|poke|p1|Cyclizar, M|\n|poke|p1|Garchomp, M|\n|poke|p1|Volcarona, M|\n|poke|p1|Walking Wake|\n|poke|p2|Overqwil, M|\n|poke|p2|Gholdengo|\n|poke|p2|Dugtrio, M|\n|poke|p2|Zacian-*|\n|poke|p2|Arceus-Grass|\n|poke|p2|Cyclizar, F|\n|teampreview\n|inactive|Battle timer is ON: inactive players will automatically lose when time's up. (requested by lolgz)\n|\n|t:|1698741457\n|start\n|switch|p1a: Cyclizar|Cyclizar, M|100\/100\n|switch|p2a: Overqwil|Overqwil, M|100\/100\n|-ability|p2a: Overqwil|Intimidate|boost\n|-unboost|p1a: Cyclizar|atk|1\n|turn|1\n|\n|t:|1698741466\n|move|p1a: Cyclizar|Shed Tail|p1a: Cyclizar\n|-start|p1a: Cyclizar|Substitute|[from] move: Shed Tail\n|-damage|p1a: Cyclizar|50\/100\n|\n|t:|1698741480\n|switch|p1a: Garchomp|Garchomp, M|100\/100|[from] Shed Tail\n|move|p2a: Overqwil|Toxic Spikes|p1a: Garchomp\n|-sidestart|p1: lolgz|move: Toxic Spikes\n|\n|upkeep\n|turn|2\n|\n|t:|1698741488\n|switch|p2a: Zacian|Zacian|100\/100\n|-ability|p2a: Zacian|Intrepid Sword|boost\n|-boost|p2a: Zacian|atk|1\n|move|p1a: Garchomp|Swords Dance|p1a: Garchomp\n|-boost|p1a: Garchomp|atk|2\n|\n|upkeep\n|turn|3\n|\n|t:|1698741493\n|move|p2a: Zacian|Play Rough|p1a: Garchomp|[miss]\n|-miss|p2a: Zacian|p1a: Garchomp\n|move|p1a: Garchomp|Earthquake|p2a: Zacian\n|-damage|p2a: Zacian|3\/100\n|\n|upkeep\n|turn|4\n|\n|t:|1698741511\n|move|p2a: Zacian|Play Rough|p1a: Garchomp\n|-supereffective|p1a: Garchomp\n|-end|p1a: Garchomp|Substitute\n|move|p1a: Garchomp|Earthquake|p2a: Zacian\n|-damage|p2a: Zacian|0 fnt\n|faint|p2a: Zacian\n|\n|upkeep\n|\n|t:|1698741518\n|switch|p2a: Cyclizar|Cyclizar, F|100\/100\n|turn|5\n|\n|t:|1698741524\n|move|p2a: Cyclizar|Draco Meteor|p1a: Garchomp|[miss]\n|-miss|p2a: Cyclizar|p1a: Garchomp\n|move|p1a: Garchomp|Scale Shot|p2a: Cyclizar\n|-supereffective|p2a: Cyclizar\n|-damage|p2a: Cyclizar|18\/100\n|-supereffective|p2a: Cyclizar\n|-damage|p2a: Cyclizar|0 fnt\n|faint|p2a: Cyclizar\n|-hitcount|p2: Cyclizar|2\n|-unboost|p1a: Garchomp|def|1\n|-boost|p1a: Garchomp|spe|1\n|\n|upkeep\n|\n|t:|1698741529\n|switch|p2a: Gholdengo|Gholdengo|100\/100\n|turn|6\n|\n|t:|1698741532\n|move|p1a: Garchomp|Fire Fang|p2a: Gholdengo\n|-supereffective|p2a: Gholdengo\n|-damage|p2a: Gholdengo|12\/100\n|move|p2a: Gholdengo|Make It Rain|p1a: Garchomp\n|-damage|p1a: Garchomp|20\/100\n|-unboost|p2a: Gholdengo|spa|1\n|\n|-heal|p2a: Gholdengo|18\/100|[from] item: Leftovers\n|upkeep\n|turn|7\n|\n|t:|1698741538\n|move|p1a: Garchomp|Scale Shot|p2a: Gholdengo|[miss]\n|-miss|p1a: Garchomp|p2a: Gholdengo\n|move|p2a: Gholdengo|Shadow Ball|p1a: Garchomp\n|-damage|p1a: Garchomp|0 fnt\n|faint|p1a: Garchomp\n|\n|-heal|p2a: Gholdengo|24\/100|[from] item: Leftovers\n|upkeep\n|\n|t:|1698741546\n|switch|p1a: Cyclizar|Cyclizar, M|84\/100\n|-status|p1a: Cyclizar|psn\n|turn|8\n|\n|t:|1698741552\n|move|p1a: Cyclizar|Shed Tail|p1a: Cyclizar\n|-start|p1a: Cyclizar|Substitute|[from] move: Shed Tail\n|-damage|p1a: Cyclizar|34\/100 psn\n|\n|t:|1698741561\n|switch|p1a: Volcarona|Volcarona, M|100\/100|[from] Shed Tail\n|move|p2a: Gholdengo|Recover|p2a: Gholdengo\n|-heal|p2a: Gholdengo|74\/100\n|\n|-heal|p2a: Gholdengo|80\/100|[from] item: Leftovers\n|upkeep\n|turn|9\n|\n|t:|1698741567\n|switch|p2a: Overqwil|Overqwil, M|100\/100\n|-ability|p2a: Overqwil|Intimidate|boost\n|-immune|p1a: Volcarona\n|move|p1a: Volcarona|Quiver Dance|p1a: Volcarona\n|-boost|p1a: Volcarona|spa|1\n|-boost|p1a: Volcarona|spd|1\n|-boost|p1a: Volcarona|spe|1\n|\n|upkeep\n|turn|10\n|\n|t:|1698741571\n|move|p1a: Volcarona|Quiver Dance|p1a: Volcarona\n|-boost|p1a: Volcarona|spa|1\n|-boost|p1a: Volcarona|spd|1\n|-boost|p1a: Volcarona|spe|1\n|move|p2a: Overqwil|Crunch|p1a: Volcarona\n|-end|p1a: Volcarona|Substitute\n|\n|upkeep\n|turn|11\n|\n|t:|1698741581\n|-terastallize|p2a: Overqwil|Water\n|move|p1a: Volcarona|Fiery Dance|p2a: Overqwil\n|-resisted|p2a: Overqwil\n|-damage|p2a: Overqwil|44\/100\n|move|p2a: Overqwil|Gunk Shot|p1a: Volcarona\n|-damage|p1a: Volcarona|22\/100\n|\n|-heal|p2a: Overqwil|50\/100|[from] item: Leftovers\n|upkeep\n|turn|12\n|\n|t:|1698741590\n|-terastallize|p1a: Volcarona|Grass\n|move|p1a: Volcarona|Giga Drain|p2a: Overqwil\n|-supereffective|p2a: Overqwil\n|-damage|p2a: Overqwil|0 fnt\n|-heal|p1a: Volcarona|52\/100|[from] drain|[of] p2a: Overqwil\n|faint|p2a: Overqwil\n|\n|upkeep\n|\n|t:|1698741594\n|switch|p2a: Dugtrio|Dugtrio, M|100\/100\n|turn|13\n|\n|t:|1698741605\n|move|p2a: Dugtrio|Sucker Punch|p1a: Volcarona\n|-damage|p1a: Volcarona|2\/100\n|move|p1a: Volcarona|Giga Drain|p2a: Dugtrio\n|-supereffective|p2a: Dugtrio\n|-damage|p2a: Dugtrio|0 fnt\n|-heal|p1a: Volcarona|36\/100|[from] drain|[of] p2a: Dugtrio\n|faint|p2a: Dugtrio\n|\n|upkeep\n|\n|t:|1698741609\n|switch|p2a: Arceus|Arceus-Grass|100\/100\n|turn|14\n|\n|t:|1698741611\n|move|p1a: Volcarona|Fiery Dance|p2a: Arceus\n|-supereffective|p2a: Arceus\n|-damage|p2a: Arceus|0 fnt\n|faint|p2a: Arceus\n|\n|upkeep\n|\n|t:|1698741614\n|switch|p2a: Gholdengo|Gholdengo|80\/100\n|turn|15\n|\n|t:|1698741617\n|move|p1a: Volcarona|Fiery Dance|p2a: Gholdengo\n|-supereffective|p2a: Gholdengo\n|-damage|p2a: Gholdengo|0 fnt\n|faint|p2a: Gholdengo\n|\n|win|lolgz\n|l|\u2606a bit moody\n","uploadtime":1698741707,"views":14,"p1id":"lolgz","p2id":"abitmoody","formatid":"gen9ubers","rating":0,"private":0,"password":""}