{"id":"gen9ubers-1970724847","p1":"Heavenshe","p2":"Skeletonitheboni","format":"[Gen 9] Ubers","log":"|j|\u2606Heavenshe\n|j|\u2606Skeletonitheboni\n|t:|1697661417\n|gametype|singles\n|player|p1|Heavenshe|170|1027\n|player|p2|Skeletonitheboni|1|1102\n|teamsize|p1|6\n|teamsize|p2|6\n|gen|9\n|tier|[Gen 9] Ubers\n|rated|\n|rule|Sleep Clause Mod: Limit one foe put to sleep\n|rule|Species Clause: Limit one of each Pok\u00e9mon\n|rule|OHKO Clause: OHKO moves are banned\n|rule|Evasion Items Clause: Evasion items are banned\n|rule|Evasion Moves Clause: Evasion moves are banned\n|rule|Endless Battle Clause: Forcing endless battles is banned\n|rule|HP Percentage Mod: HP is shown in percentages\n|clearpoke\n|poke|p1|Espathra, F|\n|poke|p1|Cyclizar, M|\n|poke|p1|Miraidon|\n|poke|p1|Skeledirge, M|\n|poke|p1|Arceus-Fairy|\n|poke|p1|Annihilape, F|\n|poke|p2|Baxcalibur, M|\n|poke|p2|Kleavor, F|\n|poke|p2|Hoopa-Unbound|\n|poke|p2|Clefable, M|\n|poke|p2|Gliscor, F|\n|poke|p2|Iron Hands|\n|teampreview\n|\n|t:|1697661428\n|start\n|switch|p1a: Cyclizar|Cyclizar, M|100\/100\n|switch|p2a: Iron Hands|Iron Hands|100\/100\n|turn|1\n|\n|t:|1697661439\n|move|p2a: Iron Hands|Fake Out|p1a: Cyclizar\n|-damage|p1a: Cyclizar|82\/100\n|cant|p1a: Cyclizar|flinch\n|\n|upkeep\n|turn|2\n|\n|t:|1697661445\n|-end|p2a: Iron Hands|Quark Drive|[silent]\n|switch|p2a: Gliscor|Gliscor, F|100\/100\n|move|p1a: Cyclizar|Shed Tail|p1a: Cyclizar\n|-start|p1a: Cyclizar|Substitute|[from] move: Shed Tail\n|-damage|p1a: Cyclizar|31\/100\n|\n|t:|1697661451\n|switch|p1a: Espathra|Espathra, F|100\/100|[from] Shed Tail\n|\n|-status|p2a: Gliscor|tox|[from] item: Toxic Orb\n|upkeep\n|turn|3\n|\n|t:|1697661460\n|move|p2a: Gliscor|Toxic Spikes|p1a: Espathra\n|-sidestart|p1: Heavenshe|move: Toxic Spikes\n|move|p1a: Espathra|Calm Mind|p1a: Espathra\n|-boost|p1a: Espathra|spa|1\n|-boost|p1a: Espathra|spd|1\n|\n|-ability|p1a: Espathra|Speed Boost|boost\n|-boost|p1a: Espathra|spe|1\n|upkeep\n|turn|4\n|\n|t:|1697661469\n|move|p1a: Espathra|Calm Mind|p1a: Espathra\n|-boost|p1a: Espathra|spa|1\n|-boost|p1a: Espathra|spd|1\n|move|p2a: Gliscor|Earthquake|p1a: Espathra\n|-end|p1a: Espathra|Substitute\n|\n|-ability|p1a: Espathra|Speed Boost|boost\n|-boost|p1a: Espathra|spe|1\n|upkeep\n|turn|5\n|\n|t:|1697661480\n|-terastallize|p1a: Espathra|Psychic\n|move|p1a: Espathra|Stored Power|p2a: Gliscor\n|-damage|p2a: Gliscor|0 fnt\n|faint|p2a: Gliscor\n|\n|-ability|p1a: Espathra|Speed Boost|boost\n|-boost|p1a: Espathra|spe|1\n|upkeep\n|\n|t:|1697661487\n|switch|p2a: Iron Hands|Iron Hands|100\/100\n|turn|6\n|\n|t:|1697661492\n|move|p2a: Iron Hands|Fake Out|p1a: Espathra\n|-damage|p1a: Espathra|77\/100\n|cant|p1a: Espathra|flinch\n|\n|-heal|p1a: Espathra|83\/100|[from] item: Leftovers\n|-ability|p1a: Espathra|Speed Boost|boost\n|-boost|p1a: Espathra|spe|1\n|upkeep\n|turn|7\n|\n|t:|1697661502\n|-end|p2a: Iron Hands|Quark Drive|[silent]\n|switch|p2a: Clefable|Clefable, M|100\/100\n|move|p1a: Espathra|Protect||[still]\n|-fail|p1a: Espathra\n|\n|-heal|p1a: Espathra|89\/100|[from] item: Leftovers\n|-ability|p1a: Espathra|Speed Boost|boost\n|-boost|p1a: Espathra|spe|1\n|upkeep\n|turn|8\n|\n|t:|1697661511\n|move|p1a: Espathra|Calm Mind|p1a: Espathra\n|-boost|p1a: Espathra|spa|1\n|-boost|p1a: Espathra|spd|1\n|move|p2a: Clefable|Wish|p2a: Clefable\n|\n|-heal|p1a: Espathra|95\/100|[from] item: Leftovers\n|-ability|p1a: Espathra|Speed Boost|boost\n|-boost|p1a: Espathra|spe|1\n|upkeep\n|turn|9\n|\n|t:|1697661521\n|move|p1a: Espathra|Stored Power|p2a: Clefable\n|-damage|p2a: Clefable|0 fnt\n|faint|p2a: Clefable\n|\n|-heal|p1a: Espathra|100\/100|[from] item: Leftovers\n|upkeep\n|\n|t:|1697661525\n|switch|p2a: Hoopa|Hoopa-Unbound|100\/100\n|turn|10\n|\n|t:|1697661531\n|move|p1a: Espathra|Stored Power|p2a: Hoopa\n|-immune|p2a: Hoopa\n|move|p2a: Hoopa|Dark Pulse|p1a: Espathra\n|-supereffective|p1a: Espathra\n|-damage|p1a: Espathra|10\/100\n|-damage|p2a: Hoopa|91\/100|[from] item: Life Orb\n|\n|-heal|p1a: Espathra|16\/100|[from] item: Leftovers\n|upkeep\n|turn|11\n|\n|t:|1697661542\n|move|p1a: Espathra|Dazzling Gleam|p2a: Hoopa\n|-supereffective|p2a: Hoopa\n|-damage|p2a: Hoopa|0 fnt\n|faint|p2a: Hoopa\n|\n|-heal|p1a: Espathra|22\/100|[from] item: Leftovers\n|upkeep\n|\n|t:|1697661549\n|switch|p2a: Iron Hands|Iron Hands|100\/100\n|turn|12\n|\n|t:|1697661554\n|move|p1a: Espathra|Protect|p1a: Espathra\n|-singleturn|p1a: Espathra|Protect\n|move|p2a: Iron Hands|Fake Out|p1a: Espathra\n|-activate|p1a: Espathra|move: Protect\n|\n|-heal|p1a: Espathra|28\/100|[from] item: Leftovers\n|upkeep\n|turn|13\n|\n|t:|1697661562\n|-end|p2a: Iron Hands|Quark Drive|[silent]\n|switch|p2a: Kleavor|Kleavor, F|100\/100\n|move|p1a: Espathra|Stored Power|p2a: Kleavor\n|-damage|p2a: Kleavor|0 fnt\n|faint|p2a: Kleavor\n|\n|-heal|p1a: Espathra|34\/100|[from] item: Leftovers\n|upkeep\n|-message|Skeletonitheboni forfeited.\n|\n|win|Heavenshe\n|raw|Heavenshe's rating: 1027 &rarr; <strong>1073<\/strong><br \/>(+46 for winning)\n|raw|Skeletonitheboni's rating: 1124 &rarr; <strong>1092<\/strong><br \/>(-32 for losing)\n|l|\u2606Skeletonitheboni\n","uploadtime":1697661585,"views":15,"p1id":"heavenshe","p2id":"skeletonitheboni","formatid":"gen9ubers","rating":1073,"private":0,"password":""}