{"id":"gen9ubers-1976337772","p1":"Anne Frankkkk","p2":"youvikethat_8","format":"[Gen 9] Ubers","log":"|j|\u2606Anne Frankkkk\n|j|\u2606youvikethat_8\n|t:|1698288327\n|gametype|singles\n|player|p1|Anne Frankkkk|hilbert|1108\n|player|p2|youvikethat_8|linebacker|1190\n|teamsize|p1|6\n|teamsize|p2|6\n|gen|9\n|tier|[Gen 9] Ubers\n|rated|\n|rule|Sleep Clause Mod: Limit one foe put to sleep\n|rule|Species Clause: Limit one of each Pok\u00e9mon\n|rule|OHKO Clause: OHKO moves are banned\n|rule|Evasion Items Clause: Evasion items are banned\n|rule|Evasion Moves Clause: Evasion moves are banned\n|rule|Endless Battle Clause: Forcing endless battles is banned\n|rule|HP Percentage Mod: HP is shown in percentages\n|clearpoke\n|poke|p1|Iron Hands|\n|poke|p1|Kyogre|\n|poke|p1|Chien-Pao|\n|poke|p1|Ribombee, F|\n|poke|p1|Miraidon|\n|poke|p1|Flutter Mane|\n|poke|p2|Rayquaza|\n|poke|p2|Groudon|\n|poke|p2|Kyogre|\n|poke|p2|Arceus-Ground|\n|poke|p2|Zacian-*|\n|poke|p2|Baxcalibur, M|\n|teampreview\n|\n|t:|1698288337\n|start\n|switch|p1a: Moonblast|Ribombee, F, shiny|100\/100\n|switch|p2a: Baxcalibur|Baxcalibur, M|100\/100\n|turn|1\n|inactive|Battle timer is ON: inactive players will automatically lose when time's up. (requested by Anne Frankkkk)\n|\n|t:|1698288351\n|-terastallize|p2a: Baxcalibur|Fairy\n|move|p1a: Moonblast|Sticky Web|p2a: Baxcalibur\n|-sidestart|p2: youvikethat_8|move: Sticky Web\n|move|p2a: Baxcalibur|Dragon Dance|p2a: Baxcalibur\n|-boost|p2a: Baxcalibur|atk|1\n|-boost|p2a: Baxcalibur|spe|1\n|\n|upkeep\n|turn|2\n|\n|t:|1698288362\n|move|p2a: Baxcalibur|Dragon Dance|p2a: Baxcalibur\n|-boost|p2a: Baxcalibur|atk|1\n|-boost|p2a: Baxcalibur|spe|1\n|move|p1a: Moonblast|Stun Spore|p2a: Baxcalibur\n|-status|p2a: Baxcalibur|par\n|\n|upkeep\n|turn|3\n|\n|t:|1698288369\n|move|p1a: Moonblast|Moonblast|p2a: Baxcalibur\n|-damage|p2a: Baxcalibur|57\/100 par\n|-unboost|p2a: Baxcalibur|spa|1\n|move|p2a: Baxcalibur|Dragon Dance|p2a: Baxcalibur\n|-boost|p2a: Baxcalibur|atk|1\n|-boost|p2a: Baxcalibur|spe|1\n|\n|upkeep\n|turn|4\n|\n|t:|1698288377\n|move|p1a: Moonblast|Moonblast|p2a: Baxcalibur\n|-damage|p2a: Baxcalibur|13\/100 par\n|move|p2a: Baxcalibur|Icicle Spear|p1a: Moonblast\n|-damage|p1a: Moonblast|30\/100\n|-damage|p1a: Moonblast|0 fnt\n|faint|p1a: Moonblast\n|-hitcount|p1: Moonblast|2\n|\n|upkeep\n|\n|t:|1698288385\n|switch|p1a: Big Boy|Iron Hands, shiny|100\/100\n|turn|5\n|\n|t:|1698288389\n|move|p1a: Big Boy|Fake Out|p2a: Baxcalibur\n|-damage|p2a: Baxcalibur|0 fnt\n|faint|p2a: Baxcalibur\n|\n|upkeep\n|\n|t:|1698288394\n|switch|p2a: Arceus|Arceus-Ground|100\/100\n|-activate|p2a: Arceus|move: Sticky Web\n|-unboost|p2a: Arceus|spe|1\n|turn|6\n|\n|t:|1698288404\n|-end|p1a: Big Boy|Quark Drive|[silent]\n|switch|p1a: Cyber Lizard|Miraidon|100\/100\n|-fieldstart|move: Electric Terrain|[from] ability: Hadron Engine|[of] p1a: Cyber Lizard\n|-item|p1a: Cyber Lizard|Air Balloon\n|move|p2a: Arceus|Dragon Dance|p2a: Arceus\n|-boost|p2a: Arceus|atk|1\n|-boost|p2a: Arceus|spe|1\n|\n|upkeep\n|turn|7\n|\n|t:|1698288414\n|move|p1a: Cyber Lizard|Calm Mind|p1a: Cyber Lizard\n|-boost|p1a: Cyber Lizard|spa|1\n|-boost|p1a: Cyber Lizard|spd|1\n|move|p2a: Arceus|Dragon Dance|p2a: Arceus\n|-boost|p2a: Arceus|atk|1\n|-boost|p2a: Arceus|spe|1\n|\n|upkeep\n|turn|8\n|\n|t:|1698288421\n|move|p2a: Arceus|Shadow Claw|p1a: Cyber Lizard\n|-damage|p1a: Cyber Lizard|53\/100\n|-enditem|p1a: Cyber Lizard|Air Balloon\n|move|p1a: Cyber Lizard|Dragon Pulse|p2a: Arceus\n|-damage|p2a: Arceus|28\/100\n|\n|upkeep\n|turn|9\n|\n|t:|1698288428\n|move|p2a: Arceus|Earthquake|p1a: Cyber Lizard\n|-supereffective|p1a: Cyber Lizard\n|-damage|p1a: Cyber Lizard|0 fnt\n|faint|p1a: Cyber Lizard\n|\n|upkeep\n|\n|t:|1698288435\n|switch|p1a: Ice Cat|Chien-Pao|100\/100\n|-ability|p1a: Ice Cat|Sword of Ruin\n|turn|10\n|\n|t:|1698288449\n|-terastallize|p1a: Ice Cat|Flying\n|move|p2a: Arceus|Earthquake|p1a: Ice Cat\n|-immune|p1a: Ice Cat\n|move|p1a: Ice Cat|Swords Dance|p1a: Ice Cat\n|-boost|p1a: Ice Cat|atk|2\n|\n|-fieldend|move: Electric Terrain\n|upkeep\n|turn|11\n|\n|t:|1698288458\n|move|p1a: Ice Cat|Sucker Punch|p2a: Arceus\n|-damage|p2a: Arceus|0 fnt\n|faint|p2a: Arceus\n|-damage|p1a: Ice Cat|91\/100|[from] item: Life Orb\n|\n|upkeep\n|\n|t:|1698288470\n|switch|p2a: Rayquaza|Rayquaza|100\/100\n|-ability|p2a: Rayquaza|Air Lock\n|turn|12\n|\n|t:|1698288477\n|move|p2a: Rayquaza|Extreme Speed|p1a: Ice Cat\n|-damage|p1a: Ice Cat|15\/100\n|move|p1a: Ice Cat|Ice Spinner|p2a: Rayquaza\n|-supereffective|p2a: Rayquaza\n|-damage|p2a: Rayquaza|0 fnt\n|faint|p2a: Rayquaza\n|-damage|p1a: Ice Cat|5\/100|[from] item: Life Orb\n|\n|upkeep\n|\n|t:|1698288487\n|switch|p2a: Kyogre|Kyogre|100\/100\n|-activate|p2a: Kyogre|move: Sticky Web\n|-unboost|p2a: Kyogre|spe|1\n|-weather|RainDance|[from] ability: Drizzle|[of] p2a: Kyogre\n|turn|13\n|\n|t:|1698288492\n|move|p1a: Ice Cat|Sacred Sword|p2a: Kyogre\n|-damage|p2a: Kyogre|0 fnt\n|faint|p2a: Kyogre\n|-damage|p1a: Ice Cat|0 fnt|[from] item: Life Orb\n|faint|p1a: Ice Cat\n|\n|-weather|RainDance|[upkeep]\n|upkeep\n|\n|t:|1698288504\n|switch|p1a: The Flood|Kyogre|100\/100\n|switch|p2a: Groudon|Groudon|100\/100\n|-activate|p2a: Groudon|move: Sticky Web\n|-unboost|p2a: Groudon|spe|1\n|-weather|SunnyDay|[from] ability: Drought|[of] p2a: Groudon\n|turn|14\n|\n|t:|1698288513\n|move|p1a: The Flood|Water Spout|p2a: Groudon\n|-supereffective|p2a: Groudon\n|-damage|p2a: Groudon|0 fnt\n|faint|p2a: Groudon\n|\n|-weather|SunnyDay|[upkeep]\n|upkeep\n|\n|t:|1698288516\n|switch|p2a: Zacian|Zacian-Crowned|100\/100\n|-activate|p2a: Zacian|move: Sticky Web\n|-unboost|p2a: Zacian|spe|1\n|-ability|p2a: Zacian|Intrepid Sword|boost\n|-boost|p2a: Zacian|atk|1\n|turn|15\n|\n|t:|1698288523\n|move|p1a: The Flood|Water Spout|p2a: Zacian\n|-damage|p2a: Zacian|39\/100\n|move|p2a: Zacian|Behemoth Blade|p1a: The Flood\n|-resisted|p1a: The Flood\n|-damage|p1a: The Flood|51\/100\n|\n|-weather|SunnyDay|[upkeep]\n|upkeep\n|turn|16\n|\n|t:|1698288527\n|move|p1a: The Flood|Water Spout|p2a: Zacian\n|-damage|p2a: Zacian|8\/100\n|move|p2a: Zacian|Play Rough|p1a: The Flood\n|-damage|p1a: The Flood|0 fnt\n|faint|p1a: The Flood\n|\n|-weather|SunnyDay|[upkeep]\n|upkeep\n|\n|t:|1698288531\n|switch|p1a: Big Boy|Iron Hands, shiny|100\/100\n|turn|17\n|\n|t:|1698288538\n|move|p1a: Big Boy|Fake Out|p2a: Zacian\n|-resisted|p2a: Zacian\n|-damage|p2a: Zacian|0 fnt\n|faint|p2a: Zacian\n|\n|win|Anne Frankkkk\n|raw|Anne Frankkkk's rating: 1108 &rarr; <strong>1139<\/strong><br \/>(+31 for winning)\n|raw|youvikethat_8's rating: 1190 &rarr; <strong>1159<\/strong><br \/>(-31 for losing)\n|l|\u2606youvikethat_8\n","uploadtime":1698288544,"views":14,"p1id":"annefrankkkk","p2id":"youvikethat8","formatid":"gen9ubers","rating":1139,"private":0,"password":""}