{"id":"gen9ubers-1997716262","p1":"default0","p2":"Lexsleyker","format":"[Gen 9] Ubers","log":"|j|\u2606default0\n|j|\u2606Lexsleyker\n|inactive|Battle timer is ON: inactive players will automatically lose when time's up.\n|t:|1700845029\n|gametype|singles\n|player|p1|default0|skierf-gen4dp|\n|player|p2|Lexsleyker|2|\n|teamsize|p1|6\n|teamsize|p2|6\n|gen|9\n|tier|[Gen 9] Ubers\n|rated|Tournament battle\n|rule|Sleep Clause Mod: Limit one foe put to sleep\n|rule|Species Clause: Limit one of each Pok\u00e9mon\n|rule|OHKO Clause: OHKO moves are banned\n|rule|Evasion Items Clause: Evasion items are banned\n|rule|Evasion Moves Clause: Evasion moves are banned\n|rule|Endless Battle Clause: Forcing endless battles is banned\n|rule|HP Percentage Mod: HP is shown in percentages\n|clearpoke\n|poke|p1|Kyogre|\n|poke|p1|Ting-Lu|\n|poke|p1|Arceus-Water|\n|poke|p1|Corviknight, F|\n|poke|p1|Koraidon|\n|poke|p1|Spectrier|\n|poke|p2|Miraidon|\n|poke|p2|Regieleki|\n|poke|p2|Pincurchin, F|\n|poke|p2|Iron Hands|\n|poke|p2|Pawmot, F|\n|poke|p2|Electrode-Hisui|\n|teampreview\n|j|*Lady Monita \u2746\n|\n|t:|1700845043\n|start\n|switch|p1a: Koraidon|Koraidon|100\/100\n|switch|p2a: Pincurchin|Pincurchin, F|100\/100\n|-weather|SunnyDay|[from] ability: Orichalcum Pulse|[of] p1a: Koraidon\n|-activate|p1a: Koraidon|Orichalcum Pulse|[source]\n|-fieldstart|move: Electric Terrain|[from] ability: Electric Surge|[of] p2a: Pincurchin\n|turn|1\n|\n|t:|1700845051\n|move|p1a: Koraidon|Close Combat|p2a: Pincurchin\n|-damage|p2a: Pincurchin|0 fnt\n|-unboost|p1a: Koraidon|def|1\n|-unboost|p1a: Koraidon|spd|1\n|faint|p2a: Pincurchin\n|\n|-weather|SunnyDay|[upkeep]\n|upkeep\n|\n|t:|1700845063\n|switch|p2a: Regieleki|Regieleki|100\/100\n|turn|2\n|\n|t:|1700845069\n|switch|p1a: Ting-Lu|Ting-Lu|100\/100\n|-ability|p1a: Ting-Lu|Vessel of Ruin\n|-terastallize|p2a: Regieleki|Ice\n|move|p2a: Regieleki|Tera Blast|p1a: Ting-Lu|[anim] Tera Blast Ice\n|-supereffective|p1a: Ting-Lu\n|-damage|p1a: Ting-Lu|71\/100\n|\n|-weather|SunnyDay|[upkeep]\n|-heal|p1a: Ting-Lu|77\/100|[from] item: Leftovers\n|upkeep\n|turn|3\n|\n|t:|1700845074\n|switch|p2a: Electrode|Electrode-Hisui|100\/100\n|move|p1a: Ting-Lu|Earthquake|p2a: Electrode\n|-crit|p2a: Electrode\n|-damage|p2a: Electrode|7\/100\n|\n|-weather|SunnyDay|[upkeep]\n|-heal|p1a: Ting-Lu|83\/100|[from] item: Leftovers\n|upkeep\n|turn|4\n|\n|t:|1700845080\n|move|p2a: Electrode|Giga Drain|p1a: Ting-Lu\n|-supereffective|p1a: Ting-Lu\n|-damage|p1a: Ting-Lu|51\/100\n|-heal|p2a: Electrode|39\/100|[from] drain|[of] p1a: Ting-Lu\n|move|p1a: Ting-Lu|Earthquake|p2a: Electrode\n|-damage|p2a: Electrode|0 fnt\n|faint|p2a: Electrode\n|\n|-weather|SunnyDay|[upkeep]\n|-heal|p1a: Ting-Lu|57\/100|[from] item: Leftovers\n|upkeep\n|\n|t:|1700845084\n|switch|p2a: Pawmot|Pawmot, F|100\/100\n|turn|5\n|\n|t:|1700845104\n|switch|p1a: Corviknight|Corviknight, F|100\/100\n|-ability|p1a: Corviknight|Pressure\n|move|p2a: Pawmot|Revival Blessing|p2a: Pawmot\n|-enditem|p2a: Pawmot|Leppa Berry|[eat]\n|-activate|p2a: Pawmot|item: Leppa Berry|Revival Blessing|[consumed]\n|\n|t:|1700845115\n|-heal|p2: Pincurchin|50\/100|[from] move: Revival Blessing\n|\n|-weather|none\n|upkeep\n|turn|6\n|j| Farce Of The Death\n|\n|t:|1700845126\n|move|p2a: Pawmot|Double Shock|p1a: Corviknight\n|-supereffective|p1a: Corviknight\n|-damage|p1a: Corviknight|19\/100\n|-start|p2a: Pawmot|typechange|???\/Fighting|[from] move: Double Shock\n|move|p1a: Corviknight|Body Press|p2a: Pawmot\n|-damage|p2a: Pawmot|56\/100\n|\n|-heal|p1a: Corviknight|25\/100|[from] item: Leftovers\n|upkeep\n|turn|7\n|\n|t:|1700845132\n|move|p2a: Pawmot|Revival Blessing|p2a: Pawmot\n|\n|t:|1700845135\n|-heal|p2: Electrode|50\/100|[from] move: Revival Blessing\n|move|p1a: Corviknight|Roost|p1a: Corviknight\n|-heal|p1a: Corviknight|75\/100\n|-singleturn|p1a: Corviknight|move: Roost\n|\n|-heal|p1a: Corviknight|81\/100|[from] item: Leftovers\n|upkeep\n|turn|8\n|\n|t:|1700845140\n|switch|p2a: Regieleki|Regieleki, tera:Ice|100\/100\n|move|p1a: Corviknight|Body Press|p2a: Regieleki\n|-supereffective|p2a: Regieleki\n|-damage|p2a: Regieleki|2\/100\n|\n|-heal|p1a: Corviknight|88\/100|[from] item: Leftovers\n|-fieldend|move: Electric Terrain\n|upkeep\n|turn|9\n|\n|t:|1700845145\n|switch|p1a: Ting-Lu|Ting-Lu|57\/100\n|-ability|p1a: Ting-Lu|Vessel of Ruin\n|move|p2a: Regieleki|Volt Switch|p1a: Ting-Lu\n|-immune|p1a: Ting-Lu\n|\n|-heal|p1a: Ting-Lu|63\/100|[from] item: Leftovers\n|upkeep\n|turn|10\n|\n|t:|1700845150\n|move|p2a: Regieleki|Tera Blast|p1a: Ting-Lu|[anim] Tera Blast Ice\n|-supereffective|p1a: Ting-Lu\n|-damage|p1a: Ting-Lu|35\/100\n|move|p1a: Ting-Lu|Earthquake|p2a: Regieleki\n|-damage|p2a: Regieleki|0 fnt\n|faint|p2a: Regieleki\n|\n|-heal|p1a: Ting-Lu|41\/100|[from] item: Leftovers\n|upkeep\n|\n|t:|1700845158\n|switch|p2a: Electrode|Electrode-Hisui|50\/100\n|turn|11\n|\n|t:|1700845178\n|switch|p1a: Koraidon|Koraidon|100\/100\n|-weather|SunnyDay|[from] ability: Orichalcum Pulse|[of] p1a: Koraidon\n|-activate|p1a: Koraidon|Orichalcum Pulse|[source]\n|move|p2a: Electrode|Giga Drain|p1a: Koraidon\n|-resisted|p1a: Koraidon\n|-damage|p1a: Koraidon|78\/100\n|-heal|p2a: Electrode|65\/100|[from] drain|[of] p1a: Koraidon\n|\n|-weather|SunnyDay|[upkeep]\n|upkeep\n|turn|12\n|\n|t:|1700845184\n|switch|p2a: Pincurchin|Pincurchin, F|50\/100\n|-fieldstart|move: Electric Terrain|[from] ability: Electric Surge|[of] p2a: Pincurchin\n|move|p1a: Koraidon|Close Combat|p2a: Pincurchin\n|-damage|p2a: Pincurchin|0 fnt\n|-unboost|p1a: Koraidon|def|1\n|-unboost|p1a: Koraidon|spd|1\n|faint|p2a: Pincurchin\n|\n|-weather|SunnyDay|[upkeep]\n|upkeep\n|\n|t:|1700845188\n|switch|p2a: Electrode|Electrode-Hisui|65\/100\n|turn|13\n|\n|t:|1700845197\n|move|p2a: Electrode|Volt Switch|p1a: Koraidon\n|-resisted|p1a: Koraidon\n|-damage|p1a: Koraidon|37\/100\n|\n|t:|1700845201\n|switch|p2a: Pawmot|Pawmot, F|56\/100|[from] Volt Switch\n|move|p1a: Koraidon|Close Combat|p2a: Pawmot\n|-damage|p2a: Pawmot|0 fnt\n|-unboost|p1a: Koraidon|def|1\n|-unboost|p1a: Koraidon|spd|1\n|faint|p2a: Pawmot\n|\n|-weather|SunnyDay|[upkeep]\n|upkeep\n|\n|t:|1700845204\n|switch|p2a: Electrode|Electrode-Hisui|65\/100\n|turn|14\n|\n|t:|1700845210\n|switch|p1a: Ting-Lu|Ting-Lu|41\/100\n|-ability|p1a: Ting-Lu|Vessel of Ruin\n|move|p2a: Electrode|Chloroblast|p1a: Ting-Lu\n|-supereffective|p1a: Ting-Lu\n|-damage|p1a: Ting-Lu|0 fnt\n|faint|p1a: Ting-Lu\n|-damage|p2a: Electrode|15\/100|[from] Recoil\n|\n|-weather|SunnyDay|[upkeep]\n|upkeep\n|\n|t:|1700845215\n|switch|p1a: Spectrier|Spectrier|100\/100\n|turn|15\n|\n|t:|1700845221\n|move|p1a: Spectrier|Shadow Ball|p2a: Electrode\n|-damage|p2a: Electrode|0 fnt\n|faint|p2a: Electrode\n|-ability|p1a: Spectrier|Grim Neigh|boost\n|-boost|p1a: Spectrier|spa|1\n|\n|-weather|none\n|upkeep\n|\n|t:|1700845225\n|switch|p2a: Iron Hands|Iron Hands|100\/100\n|-activate|p2a: Iron Hands|ability: Quark Drive\n|-start|p2a: Iron Hands|quarkdriveatk\n|turn|16\n|inactive|Lexsleyker has 120 seconds left.\n|\n|t:|1700845260\n|move|p1a: Spectrier|Shadow Ball|p2a: Iron Hands\n|-damage|p2a: Iron Hands|55\/100\n|move|p2a: Iron Hands|Ice Punch|p1a: Spectrier\n|-damage|p1a: Spectrier|38\/100\n|\n|upkeep\n|turn|17\n|\n|t:|1700845279\n|switch|p1a: Arceus|Arceus-Water|100\/100\n|move|p2a: Iron Hands|Ice Punch|p1a: Arceus\n|-resisted|p1a: Arceus\n|-damage|p1a: Arceus|91\/100\n|\n|upkeep\n|turn|18\n|\n|t:|1700845292\n|move|p1a: Arceus|Will-O-Wisp|p2a: Iron Hands\n|-status|p2a: Iron Hands|brn\n|move|p2a: Iron Hands|Drain Punch|p1a: Arceus\n|-damage|p1a: Arceus|77\/100\n|-heal|p2a: Iron Hands|60\/100 brn|[from] drain|[of] p1a: Arceus\n|\n|-damage|p2a: Iron Hands|54\/100 brn|[from] brn\n|upkeep\n|turn|19\n|\n|t:|1700845298\n|move|p1a: Arceus|Liquidation|p2a: Iron Hands\n|-damage|p2a: Iron Hands|27\/100 brn\n|move|p2a: Iron Hands|Drain Punch|p1a: Arceus\n|-damage|p1a: Arceus|62\/100\n|-heal|p2a: Iron Hands|34\/100 brn|[from] drain|[of] p1a: Arceus\n|\n|-damage|p2a: Iron Hands|28\/100 brn|[from] brn\n|-fieldend|move: Electric Terrain\n|-end|p2a: Iron Hands|Quark Drive\n|upkeep\n|turn|20\n|\n|t:|1700845303\n|move|p1a: Arceus|Recover|p1a: Arceus\n|-heal|p1a: Arceus|100\/100\n|move|p2a: Iron Hands|Drain Punch|p1a: Arceus\n|-damage|p1a: Arceus|89\/100\n|-heal|p2a: Iron Hands|33\/100 brn|[from] drain|[of] p1a: Arceus\n|\n|-damage|p2a: Iron Hands|27\/100 brn|[from] brn\n|upkeep\n|turn|21\n|\n|t:|1700845306\n|switch|p1a: Koraidon|Koraidon|37\/100\n|-weather|SunnyDay|[from] ability: Orichalcum Pulse|[of] p1a: Koraidon\n|-activate|p1a: Koraidon|Orichalcum Pulse|[source]\n|move|p2a: Iron Hands|Drain Punch|p1a: Koraidon\n|-damage|p1a: Koraidon|18\/100\n|-heal|p2a: Iron Hands|34\/100 brn|[from] drain|[of] p1a: Koraidon\n|\n|-weather|SunnyDay|[upkeep]\n|-damage|p2a: Iron Hands|28\/100 brn|[from] brn\n|upkeep\n|turn|22\n|\n|t:|1700845315\n|move|p1a: Koraidon|Close Combat|p2a: Iron Hands\n|-damage|p2a: Iron Hands|0 fnt\n|-unboost|p1a: Koraidon|def|1\n|-unboost|p1a: Koraidon|spd|1\n|faint|p2a: Iron Hands\n|-end|p2a: Iron Hands|Quark Drive|[silent]\n|\n|-weather|SunnyDay|[upkeep]\n|upkeep\n|\n|t:|1700845319\n|switch|p2a: Miraidon|Miraidon|100\/100\n|-fieldstart|move: Electric Terrain|[from] ability: Hadron Engine|[of] p2a: Miraidon\n|turn|23\n|\n|t:|1700845331\n|move|p2a: Miraidon|Dazzling Gleam|p1a: Koraidon\n|-supereffective|p1a: Koraidon\n|-damage|p1a: Koraidon|0 fnt\n|faint|p1a: Koraidon\n|-damage|p2a: Miraidon|91\/100|[from] item: Life Orb\n|\n|-weather|SunnyDay|[upkeep]\n|upkeep\n|\n|t:|1700845354\n|switch|p1a: Kyogre|Kyogre|100\/100\n|-weather|RainDance|[from] ability: Drizzle|[of] p1a: Kyogre\n|turn|24\n|\n|t:|1700845359\n|-terastallize|p1a: Kyogre|Ghost\n|move|p2a: Miraidon|Electro Drift|p1a: Kyogre\n|-damage|p1a: Kyogre|21\/100\n|-damage|p2a: Miraidon|81\/100|[from] item: Life Orb\n|move|p1a: Kyogre|Ice Beam|p2a: Miraidon\n|-supereffective|p2a: Miraidon\n|-damage|p2a: Miraidon|22\/100\n|\n|-weather|RainDance|[upkeep]\n|-heal|p1a: Kyogre|28\/100|[from] item: Leftovers\n|upkeep\n|turn|25\n|\n|t:|1700845368\n|move|p2a: Miraidon|Electro Drift|p1a: Kyogre\n|-damage|p1a: Kyogre|0 fnt\n|faint|p1a: Kyogre\n|-damage|p2a: Miraidon|12\/100|[from] item: Life Orb\n|\n|-weather|RainDance|[upkeep]\n|upkeep\n|\n|t:|1700845372\n|switch|p1a: Spectrier|Spectrier|38\/100\n|turn|26\n|\n|t:|1700845375\n|move|p1a: Spectrier|Shadow Ball|p2a: Miraidon\n|-damage|p2a: Miraidon|0 fnt\n|faint|p2a: Miraidon\n|\n|win|default0\n|n|\u2606default0|default0\n|n|\u2606Lexsleyker|lexsleyker\n|n|*Lady Monita \u2746|ladymonita\n|n| Farce Of The Death|farceofthedeath\n|l|*Lady Monita \u2746\n|l|\u2606default0\n|l|\u2606Lexsleyker\n","uploadtime":1700845403,"views":4,"p1id":"default0","p2id":"lexsleyker","formatid":"gen9ubers","rating":0,"private":0,"password":""}