{"id":"gen9ubers-1982208641","p1":"electricratman","p2":"MichaeltheMink","format":"[Gen 9] Ubers","log":"|j|\u2606electricratman\n|j|\u2606MichaeltheMink\n|t:|1698979401\n|gametype|singles\n|player|p1|electricratman|169|\n|player|p2|MichaeltheMink|170|\n|teamsize|p1|6\n|teamsize|p2|6\n|gen|9\n|tier|[Gen 9] Ubers\n|rule|Sleep Clause Mod: Limit one foe put to sleep\n|rule|Species Clause: Limit one of each Pok\u00e9mon\n|rule|OHKO Clause: OHKO moves are banned\n|rule|Evasion Items Clause: Evasion items are banned\n|rule|Evasion Moves Clause: Evasion moves are banned\n|rule|Endless Battle Clause: Forcing endless battles is banned\n|rule|HP Percentage Mod: HP is shown in percentages\n|clearpoke\n|poke|p1|Thundurus-Therian, M|\n|poke|p1|Hawlucha, F|\n|poke|p1|Magearna|\n|poke|p1|Rillaboom, M|\n|poke|p1|Weezing-Galar, F|\n|poke|p1|Greninja-*, M|\n|poke|p2|Orthworm, F|\n|poke|p2|Slither Wing|\n|poke|p2|Azumarill, M|\n|poke|p2|Donphan, F|\n|poke|p2|Garchomp, M|\n|poke|p2|Gyarados, M|\n|teampreview\n|j| Zephraim\n|j| Willish6634\n|\n|t:|1698979456\n|start\n|switch|p1a: Greninja|Greninja, M|100\/100\n|switch|p2a: Donphan|Donphan, F|100\/100\n|turn|1\n|\n|t:|1698979466\n|switch|p2a: Gyarados|Gyarados, M|100\/100\n|-ability|p2a: Gyarados|Intimidate|boost\n|-unboost|p1a: Greninja|atk|1\n|move|p1a: Greninja|Ice Beam|p2a: Gyarados\n|-start|p1a: Greninja|typechange|Ice|[from] ability: Protean\n|-damage|p2a: Gyarados|67\/100\n|\n|upkeep\n|turn|2\n|\n|t:|1698979490\n|switch|p1a: Magearna|Magearna|100\/100\n|move|p2a: Gyarados|Thunder Wave|p1a: Magearna\n|-status|p1a: Magearna|par\n|\n|upkeep\n|turn|3\n|\n|t:|1698979522\n|move|p2a: Gyarados|Stone Edge|p1a: Magearna\n|-resisted|p1a: Magearna\n|-damage|p1a: Magearna|89\/100 par\n|move|p1a: Magearna|Volt Switch|p2a: Gyarados\n|-supereffective|p2a: Gyarados\n|-damage|p2a: Gyarados|0 fnt\n|faint|p2a: Gyarados\n|-ability|p1a: Magearna|Soul-Heart|boost\n|-boost|p1a: Magearna|spa|1\n|\n|t:|1698979546\n|switch|p1a: Weezing|Weezing-Galar, F|100\/100|[from] Volt Switch\n|\n|upkeep\n|l| Willish6634\n|j| Willish6634\n|\n|t:|1698979593\n|switch|p2a: Donphan|Donphan, F|100\/100\n|turn|4\n|\n|t:|1698979616\n|switch|p1a: Thundurus|Thundurus-Therian, M|100\/100\n|move|p2a: Donphan|Earthquake|p1a: Thundurus\n|-immune|p1a: Thundurus\n|\n|upkeep\n|turn|5\n|\n|t:|1698979623\n|move|p1a: Thundurus|Grass Knot|p2a: Donphan\n|-supereffective|p2a: Donphan\n|-crit|p2a: Donphan\n|-damage|p2a: Donphan|7\/100\n|move|p2a: Donphan|Ice Spinner|p1a: Thundurus\n|-supereffective|p1a: Thundurus\n|-crit|p1a: Thundurus\n|-damage|p1a: Thundurus|0 fnt\n|faint|p1a: Thundurus\n|\n|upkeep\n|\n|t:|1698979634\n|switch|p1a: Weezing|Weezing-Galar, F|100\/100\n|turn|6\n|\n|t:|1698979639\n|move|p1a: Weezing|Strange Steam|p2a: Donphan\n|-damage|p2a: Donphan|0 fnt\n|faint|p2a: Donphan\n|\n|upkeep\n|\n|t:|1698979688\n|switch|p2a: Azumarill|Azumarill, M|100\/100\n|turn|7\n|\n|t:|1698979702\n|-terastallize|p1a: Weezing|Poison\n|move|p1a: Weezing|Sludge Bomb|p2a: Azumarill\n|-supereffective|p2a: Azumarill\n|-damage|p2a: Azumarill|2\/100\n|-enditem|p2a: Azumarill|Sitrus Berry|[eat]\n|-heal|p2a: Azumarill|27\/100|[from] item: Sitrus Berry\n|move|p2a: Azumarill|Liquidation|p1a: Weezing\n|-damage|p1a: Weezing|53\/100\n|\n|upkeep\n|turn|8\n|\n|t:|1698979724\n|switch|p2a: Orthworm|Orthworm, F|100\/100\n|move|p1a: Weezing|Sludge Bomb|p2a: Orthworm\n|-immune|p2a: Orthworm\n|\n|upkeep\n|turn|9\n|\n|t:|1698979733\n|switch|p2a: Garchomp|Garchomp, M|100\/100\n|move|p1a: Weezing|Flamethrower|p2a: Garchomp\n|-resisted|p2a: Garchomp\n|-damage|p2a: Garchomp|86\/100\n|\n|upkeep\n|turn|10\n|\n|t:|1698979777\n|move|p2a: Garchomp|Rock Slide|p1a: Weezing\n|-damage|p1a: Weezing|20\/100\n|-damage|p2a: Garchomp|76\/100|[from] item: Life Orb\n|move|p1a: Weezing|Strange Steam|p2a: Garchomp\n|-supereffective|p2a: Garchomp\n|-crit|p2a: Garchomp\n|-damage|p2a: Garchomp|0 fnt\n|faint|p2a: Garchomp\n|\n|upkeep\n|\n|t:|1698979813\n|switch|p2a: Slither Wing|Slither Wing|100\/100\n|turn|11\n|\n|t:|1698979847\n|switch|p1a: Magearna|Magearna|89\/100 par\n|move|p2a: Slither Wing|First Impression|p1a: Magearna\n|-resisted|p1a: Magearna\n|-damage|p1a: Magearna|72\/100 par\n|\n|upkeep\n|turn|12\n|\n|t:|1698979858\n|-end|p2a: Slither Wing|Protosynthesis|[silent]\n|switch|p2a: Orthworm|Orthworm, F|100\/100\n|move|p1a: Magearna|Fleur Cannon|p2a: Orthworm\n|-resisted|p2a: Orthworm\n|-damage|p2a: Orthworm|18\/100\n|-unboost|p1a: Magearna|spa|2\n|\n|-heal|p2a: Orthworm|24\/100|[from] item: Leftovers\n|upkeep\n|turn|13\n|\n|t:|1698979895\n|switch|p1a: Rillaboom|Rillaboom, M|100\/100\n|-fieldstart|move: Grassy Terrain|[from] ability: Grassy Surge|[of] p1a: Rillaboom\n|move|p2a: Orthworm|Body Press|p1a: Rillaboom\n|-damage|p1a: Rillaboom|62\/100\n|\n|-heal|p1a: Rillaboom|68\/100|[from] Grassy Terrain\n|-heal|p2a: Orthworm|31\/100|[from] Grassy Terrain\n|-heal|p2a: Orthworm|37\/100|[from] item: Leftovers\n|upkeep\n|turn|14\n|\n|t:|1698979908\n|move|p1a: Rillaboom|Drain Punch|p2a: Orthworm\n|-supereffective|p2a: Orthworm\n|-damage|p2a: Orthworm|4\/100\n|-heal|p1a: Rillaboom|85\/100|[from] drain|[of] p2a: Orthworm\n|move|p2a: Orthworm|Stealth Rock|p1a: Rillaboom\n|-sidestart|p1: electricratman|move: Stealth Rock\n|\n|-heal|p1a: Rillaboom|91\/100|[from] Grassy Terrain\n|-heal|p2a: Orthworm|10\/100|[from] Grassy Terrain\n|-heal|p2a: Orthworm|16\/100|[from] item: Leftovers\n|upkeep\n|turn|15\n|\n|t:|1698979920\n|move|p1a: Rillaboom|Drain Punch|p2a: Orthworm\n|-supereffective|p2a: Orthworm\n|-crit|p2a: Orthworm\n|-damage|p2a: Orthworm|0 fnt\n|-heal|p1a: Rillaboom|99\/100|[from] drain|[of] p2a: Orthworm\n|faint|p2a: Orthworm\n|\n|-heal|p1a: Rillaboom|100\/100|[from] Grassy Terrain\n|upkeep\n|\n|t:|1698979935\n|switch|p2a: Slither Wing|Slither Wing|100\/100\n|turn|16\n|\n|t:|1698979959\n|switch|p1a: Magearna|Magearna|72\/100 par\n|-damage|p1a: Magearna|66\/100 par|[from] Stealth Rock\n|move|p2a: Slither Wing|U-turn|p1a: Magearna\n|-resisted|p1a: Magearna\n|-crit|p1a: Magearna\n|-damage|p1a: Magearna|45\/100 par\n|\n|t:|1698979966\n|-end|p2a: Slither Wing|Protosynthesis|[silent]\n|switch|p2a: Azumarill|Azumarill, M|27\/100|[from] U-turn\n|\n|-heal|p2a: Azumarill|33\/100|[from] Grassy Terrain\n|-heal|p1a: Magearna|51\/100 par|[from] Grassy Terrain\n|upkeep\n|turn|17\n|\n|t:|1698979977\n|move|p2a: Azumarill|Liquidation|p1a: Magearna\n|-damage|p1a: Magearna|5\/100 par\n|move|p1a: Magearna|Volt Switch|p2a: Azumarill\n|-supereffective|p2a: Azumarill\n|-damage|p2a: Azumarill|0 fnt\n|faint|p2a: Azumarill\n|-ability|p1a: Magearna|Soul-Heart|boost\n|-boost|p1a: Magearna|spa|1\n|l| Zephraim\n|\n|t:|1698980014\n|switch|p1a: Weezing|Weezing-Galar, F, tera:Poison|20\/100|[from] Volt Switch\n|\n|-fieldend|move: Grassy Terrain\n|upkeep\n|\n|t:|1698980018\n|switch|p2a: Slither Wing|Slither Wing|100\/100\n|turn|18\n|\n|t:|1698980028\n|move|p2a: Slither Wing|Close Combat|p1a: Weezing\n|-resisted|p1a: Weezing\n|-damage|p1a: Weezing|0 fnt\n|-unboost|p2a: Slither Wing|def|1\n|-unboost|p2a: Slither Wing|spd|1\n|faint|p1a: Weezing\n|\n|upkeep\n|\n|t:|1698980044\n|switch|p1a: Magearna|Magearna|5\/100 par\n|-damage|p1a: Magearna|0 fnt|[from] Stealth Rock\n|faint|p1a: Magearna\n|\n|t:|1698980048\n|switch|p1a: Greninja|Greninja, M|100\/100\n|-damage|p1a: Greninja|88\/100|[from] Stealth Rock\n|turn|19\n|\n|t:|1698980068\n|move|p1a: Greninja|Ice Beam|p2a: Slither Wing\n|-start|p1a: Greninja|typechange|Ice|[from] ability: Protean\n|-damage|p2a: Slither Wing|38\/100\n|move|p2a: Slither Wing|Close Combat|p1a: Greninja\n|-supereffective|p1a: Greninja\n|-damage|p1a: Greninja|0 fnt\n|-unboost|p2a: Slither Wing|def|1\n|-unboost|p2a: Slither Wing|spd|1\n|faint|p1a: Greninja\n|\n|upkeep\n|\n|t:|1698980078\n|switch|p1a: Rillaboom|Rillaboom, M|100\/100\n|-damage|p1a: Rillaboom|88\/100|[from] Stealth Rock\n|-fieldstart|move: Grassy Terrain|[from] ability: Grassy Surge|[of] p1a: Rillaboom\n|turn|20\n|\n|t:|1698980090\n|-terastallize|p2a: Slither Wing|Bug\n|move|p1a: Rillaboom|Grassy Glide|p2a: Slither Wing\n|-resisted|p2a: Slither Wing\n|-damage|p2a: Slither Wing|0 fnt\n|faint|p2a: Slither Wing\n|-end|p2a: Slither Wing|Protosynthesis|[silent]\n|\n|win|electricratman\n|l| Willish6634\n","uploadtime":1698980152,"views":9,"p1id":"electricratman","p2id":"michaelthemink","formatid":"gen9ubers","rating":0,"private":0,"password":""}