{"id":"gen9ubers-1980934291","p1":"manwhocouldntcook","p2":"Laprasrules12","format":"[Gen 9] Ubers","log":"|j|\u2606manwhocouldntcook\n|j|\u2606Laprasrules12\n|t:|1698850269\n|gametype|singles\n|player|p1|manwhocouldntcook|chili|\n|player|p2|Laprasrules12|lusamine-nihilego|\n|teamsize|p1|6\n|teamsize|p2|6\n|gen|9\n|tier|[Gen 9] Ubers\n|rule|Sleep Clause Mod: Limit one foe put to sleep\n|rule|Species Clause: Limit one of each Pok\u00e9mon\n|rule|OHKO Clause: OHKO moves are banned\n|rule|Evasion Items Clause: Evasion items are banned\n|rule|Evasion Moves Clause: Evasion moves are banned\n|rule|Endless Battle Clause: Forcing endless battles is banned\n|rule|HP Percentage Mod: HP is shown in percentages\n|clearpoke\n|poke|p1|Ninetales-Alola, F|\n|poke|p1|Palkia-Origin|\n|poke|p1|Baxcalibur, F|\n|poke|p1|Cyclizar, F|\n|poke|p1|Volcarona, F|\n|poke|p1|Arceus-Ghost|\n|poke|p2|Ninetales-Alola, F|\n|poke|p2|Baxcalibur, F|\n|poke|p2|Magearna-Original|\n|poke|p2|Espathra, M|\n|poke|p2|Arceus-Poison|\n|poke|p2|Chi-Yu|\n|teampreview\n|inactive|Battle timer is ON: inactive players will automatically lose when time's up. (requested by Laprasrules12)\n|\n|t:|1698850280\n|start\n|switch|p1a: Cyclizar|Cyclizar, F|100\/100\n|switch|p2a: Snowfall|Ninetales-Alola, F, shiny|100\/100\n|-weather|Snow|[from] ability: Snow Warning|[of] p2a: Snowfall\n|turn|1\n|\n|t:|1698850286\n|move|p1a: Cyclizar|Shed Tail|p1a: Cyclizar\n|-start|p1a: Cyclizar|Substitute|[from] move: Shed Tail\n|-damage|p1a: Cyclizar|50\/100\n|\n|t:|1698850292\n|switch|p1a: Arceus|Arceus-Ghost|100\/100|[from] Shed Tail\n|move|p2a: Snowfall|Moonblast|p1a: Arceus\n|-activate|p1a: Arceus|move: Substitute|[damage]\n|\n|-weather|Snow|[upkeep]\n|upkeep\n|turn|2\n|\n|t:|1698850304\n|switch|p2a: Goldfish|Chi-Yu|100\/100\n|-ability|p2a: Goldfish|Beads of Ruin\n|move|p1a: Arceus|Dragon Dance|p1a: Arceus\n|-boost|p1a: Arceus|atk|1\n|-boost|p1a: Arceus|spe|1\n|\n|-weather|Snow|[upkeep]\n|upkeep\n|turn|3\n|inactive|manwhocouldntcook has 270 seconds left.\n|\n|t:|1698850337\n|-terastallize|p1a: Arceus|Fighting\n|move|p1a: Arceus|Tera Blast|p2a: Goldfish|[anim] Tera Blast Fighting\n|-supereffective|p2a: Goldfish\n|-damage|p2a: Goldfish|0 fnt\n|faint|p2a: Goldfish\n|\n|-weather|Snow|[upkeep]\n|upkeep\n|\n|t:|1698850352\n|switch|p2a: Godzilla|Baxcalibur, F, shiny|100\/100\n|turn|4\n|\n|t:|1698850359\n|-terastallize|p2a: Godzilla|Ground\n|move|p1a: Arceus|Tera Blast|p2a: Godzilla|[anim] Tera Blast Fighting\n|-damage|p2a: Godzilla|44\/100\n|move|p2a: Godzilla|Scale Shot|p1a: Arceus\n|-end|p1a: Arceus|Substitute\n|-damage|p1a: Arceus|89\/100\n|-damage|p1a: Arceus|76\/100\n|-damage|p1a: Arceus|64\/100\n|-damage|p1a: Arceus|52\/100\n|-hitcount|p1a: Arceus|5\n|-unboost|p2a: Godzilla|def|1\n|-boost|p2a: Godzilla|spe|1\n|\n|-weather|Snow|[upkeep]\n|upkeep\n|turn|5\n|\n|t:|1698850381\n|move|p1a: Arceus|Tera Blast|p2a: Godzilla|[anim] Tera Blast Fighting\n|-damage|p2a: Godzilla|0 fnt\n|faint|p2a: Godzilla\n|\n|-weather|none\n|upkeep\n|c|\u2606Laprasrules12|Rip\n|\n|t:|1698850386\n|switch|p2a: Pok\u00e9ball|Magearna-Original|100\/100\n|turn|6\n|\n|t:|1698850392\n|move|p1a: Arceus|Shadow Claw|p2a: Pok\u00e9ball\n|-damage|p2a: Pok\u00e9ball|50\/100\n|move|p2a: Pok\u00e9ball|Thunder Wave|p1a: Arceus\n|-status|p1a: Arceus|par\n|\n|-heal|p2a: Pok\u00e9ball|56\/100|[from] item: Leftovers\n|upkeep\n|turn|7\n|inactive|Laprasrules12 has 270 seconds left.\n|\n|t:|1698850430\n|move|p1a: Arceus|Shadow Claw|p2a: Pok\u00e9ball\n|-damage|p2a: Pok\u00e9ball|5\/100\n|move|p2a: Pok\u00e9ball|Volt Switch|p1a: Arceus\n|-damage|p1a: Arceus|37\/100 par\n|\n|t:|1698850431\n|switch|p2a: Thanatos|Arceus-Poison, shiny|100\/100|[from] Volt Switch\n|\n|upkeep\n|turn|8\n|\n|t:|1698850436\n|move|p2a: Thanatos|Earth Power|p1a: Arceus\n|-damage|p1a: Arceus|20\/100 par\n|move|p1a: Arceus|Shadow Claw|p2a: Thanatos\n|-damage|p2a: Thanatos|57\/100\n|\n|upkeep\n|turn|9\n|\n|t:|1698850442\n|move|p2a: Thanatos|Recover|p2a: Thanatos\n|-heal|p2a: Thanatos|100\/100\n|move|p1a: Arceus|Recover|p1a: Arceus\n|-heal|p1a: Arceus|70\/100 par\n|\n|upkeep\n|turn|10\n|\n|t:|1698850444\n|move|p2a: Thanatos|Calm Mind|p2a: Thanatos\n|-boost|p2a: Thanatos|spa|1\n|-boost|p2a: Thanatos|spd|1\n|move|p1a: Arceus|Shadow Claw|p2a: Thanatos\n|-damage|p2a: Thanatos|63\/100\n|\n|upkeep\n|turn|11\n|\n|t:|1698850454\n|move|p2a: Thanatos|Earth Power|p1a: Arceus\n|-damage|p1a: Arceus|42\/100 par\n|move|p1a: Arceus|Dragon Dance|p1a: Arceus\n|-boost|p1a: Arceus|atk|1\n|-boost|p1a: Arceus|spe|1\n|\n|upkeep\n|turn|12\n|\n|t:|1698850472\n|move|p2a: Thanatos|Earth Power|p1a: Arceus\n|-damage|p1a: Arceus|15\/100 par\n|move|p1a: Arceus|Shadow Claw|p2a: Thanatos\n|-damage|p2a: Thanatos|5\/100\n|\n|upkeep\n|turn|13\n|\n|t:|1698850476\n|move|p2a: Thanatos|Earth Power|p1a: Arceus\n|-damage|p1a: Arceus|0 fnt\n|faint|p1a: Arceus\n|\n|upkeep\n|\n|t:|1698850480\n|switch|p1a: Palkia|Palkia-Origin|100\/100\n|-ability|p1a: Palkia|Pressure\n|turn|14\n|\n|t:|1698850485\n|move|p2a: Thanatos|Judgment|p1a: Palkia\n|-damage|p1a: Palkia|37\/100\n|move|p1a: Palkia|Spacial Rend|p2a: Thanatos\n|-damage|p2a: Thanatos|0 fnt\n|faint|p2a: Thanatos\n|\n|upkeep\n|\n|t:|1698850488\n|switch|p2a: Cleopatra|Espathra, M, shiny|100\/100\n|turn|15\n|\n|t:|1698850492\n|move|p2a: Cleopatra|Protect|p2a: Cleopatra\n|-singleturn|p2a: Cleopatra|Protect\n|move|p1a: Palkia|Spacial Rend|p2a: Cleopatra\n|-activate|p2a: Cleopatra|move: Protect\n|\n|-ability|p2a: Cleopatra|Speed Boost|boost\n|-boost|p2a: Cleopatra|spe|1\n|upkeep\n|turn|16\n|\n|t:|1698850519\n|move|p2a: Cleopatra|Calm Mind|p2a: Cleopatra\n|-boost|p2a: Cleopatra|spa|1\n|-boost|p2a: Cleopatra|spd|1\n|move|p1a: Palkia|Spacial Rend|p2a: Cleopatra\n|-damage|p2a: Cleopatra|35\/100\n|\n|-heal|p2a: Cleopatra|41\/100|[from] item: Leftovers\n|-ability|p2a: Cleopatra|Speed Boost|boost\n|-boost|p2a: Cleopatra|spe|1\n|upkeep\n|turn|17\n|\n|t:|1698850527\n|move|p2a: Cleopatra|Protect|p2a: Cleopatra\n|-singleturn|p2a: Cleopatra|Protect\n|move|p1a: Palkia|Spacial Rend|p2a: Cleopatra\n|-activate|p2a: Cleopatra|move: Protect\n|\n|-heal|p2a: Cleopatra|47\/100|[from] item: Leftovers\n|-ability|p2a: Cleopatra|Speed Boost|boost\n|-boost|p2a: Cleopatra|spe|1\n|upkeep\n|turn|18\n|\n|t:|1698850537\n|move|p2a: Cleopatra|Stored Power|p1a: Palkia\n|-damage|p1a: Palkia|0 fnt\n|faint|p1a: Palkia\n|\n|-heal|p2a: Cleopatra|53\/100|[from] item: Leftovers\n|-ability|p2a: Cleopatra|Speed Boost|boost\n|-boost|p2a: Cleopatra|spe|1\n|upkeep\n|\n|t:|1698850542\n|switch|p1a: Ninetales|Ninetales-Alola, F|100\/100\n|-weather|Snow|[from] ability: Snow Warning|[of] p1a: Ninetales\n|turn|19\n|\n|t:|1698850545\n|move|p2a: Cleopatra|Stored Power|p1a: Ninetales\n|-damage|p1a: Ninetales|0 fnt\n|faint|p1a: Ninetales\n|\n|-weather|Snow|[upkeep]\n|-heal|p2a: Cleopatra|59\/100|[from] item: Leftovers\n|-ability|p2a: Cleopatra|Speed Boost|boost\n|-boost|p2a: Cleopatra|spe|1\n|upkeep\n|\n|t:|1698850547\n|switch|p1a: Volcarona|Volcarona, F|100\/100\n|turn|20\n|c|\u2606manwhocouldntcook|:(\n|\n|t:|1698850573\n|move|p2a: Cleopatra|Stored Power|p1a: Volcarona\n|-damage|p1a: Volcarona|0 fnt\n|faint|p1a: Volcarona\n|\n|-weather|Snow|[upkeep]\n|-heal|p2a: Cleopatra|65\/100|[from] item: Leftovers\n|-ability|p2a: Cleopatra|Speed Boost|boost\n|-boost|p2a: Cleopatra|spe|1\n|upkeep\n|\n|t:|1698850577\n|switch|p1a: Baxcalibur|Baxcalibur, F|100\/100\n|turn|21\n|inactive|Laprasrules12 has 270 seconds left.\n|\n|t:|1698850600\n|move|p2a: Cleopatra|Protect|p2a: Cleopatra\n|-singleturn|p2a: Cleopatra|Protect\n|move|p1a: Baxcalibur|Glaive Rush|p2a: Cleopatra\n|-activate|p2a: Cleopatra|move: Protect\n|\n|-weather|Snow|[upkeep]\n|-heal|p2a: Cleopatra|71\/100|[from] item: Leftovers\n|upkeep\n|turn|22\n|\n|t:|1698850604\n|move|p2a: Cleopatra|Stored Power|p1a: Baxcalibur\n|-damage|p1a: Baxcalibur|0 fnt\n|faint|p1a: Baxcalibur\n|\n|-weather|Snow|[upkeep]\n|-heal|p2a: Cleopatra|77\/100|[from] item: Leftovers\n|upkeep\n|\n|t:|1698850607\n|switch|p1a: Cyclizar|Cyclizar, F|84\/100\n|turn|23\n|inactive|Laprasrules12 has 270 seconds left.\n|\n|t:|1698850635\n|move|p2a: Cleopatra|Stored Power|p1a: Cyclizar\n|-damage|p1a: Cyclizar|0 fnt\n|faint|p1a: Cyclizar\n|\n|win|Laprasrules12\n","uploadtime":1698850637,"views":14,"p1id":"manwhocouldntcook","p2id":"laprasrules12","formatid":"gen9ubers","rating":0,"private":0,"password":""}