{"id":"gen9ubers-1978731379","p1":"HinaKagiyama1","p2":"Vholtninja","format":"[Gen 9] Ubers","log":"|j|\u2606HinaKagiyama1\n|j|\u2606Vholtninja\n|t:|1698588231\n|gametype|singles\n|player|p1|HinaKagiyama1|169|\n|player|p2|Vholtninja|serena-masters2|\n|teamsize|p1|6\n|teamsize|p2|6\n|gen|9\n|tier|[Gen 9] Ubers\n|rule|Sleep Clause Mod: Limit one foe put to sleep\n|rule|Species Clause: Limit one of each Pok\u00e9mon\n|rule|OHKO Clause: OHKO moves are banned\n|rule|Evasion Items Clause: Evasion items are banned\n|rule|Evasion Moves Clause: Evasion moves are banned\n|rule|Endless Battle Clause: Forcing endless battles is banned\n|rule|HP Percentage Mod: HP is shown in percentages\n|clearpoke\n|poke|p1|Magearna|\n|poke|p1|Ursaluna-Bloodmoon, M|\n|poke|p1|Garchomp, M|\n|poke|p1|Palkia-Origin|\n|poke|p1|Zacian-*|\n|poke|p1|Chi-Yu|\n|poke|p2|Torkoal, M|\n|poke|p2|Hatterene, F|\n|poke|p2|Chi-Yu|\n|poke|p2|Walking Wake|\n|poke|p2|Zacian-*|\n|poke|p2|Arceus-Fire|\n|teampreview\n|c|\u2606Vholtninja|glhf\n|inactive|Battle timer is ON: inactive players will automatically lose when time's up. (requested by Vholtninja)\n|c|\u2606HinaKagiyama1|You too\n|inactive|Vholtninja has 270 seconds left.\n|\n|t:|1698588277\n|start\n|switch|p1a: Palkia|Palkia-Origin, shiny|100\/100\n|switch|p2a: Zacian|Zacian, shiny|100\/100\n|-ability|p2a: Zacian|Intrepid Sword|boost\n|-boost|p2a: Zacian|atk|1\n|-ability|p1a: Palkia|Pressure\n|turn|1\n|inactive|Vholtninja has 270 seconds left.\n|\n|t:|1698588316\n|switch|p1a: Magearna|Magearna|100\/100\n|move|p2a: Zacian|Play Rough|p1a: Magearna\n|-resisted|p1a: Magearna\n|-damage|p1a: Magearna|75\/100\n|\n|-heal|p1a: Magearna|81\/100|[from] item: Leftovers\n|upkeep\n|turn|2\n|inactive|Vholtninja has 270 seconds left.\n|\n|t:|1698588338\n|move|p2a: Zacian|Play Rough|p1a: Magearna\n|-resisted|p1a: Magearna\n|-damage|p1a: Magearna|55\/100\n|move|p1a: Magearna|Trick Room|p1a: Magearna\n|-fieldstart|move: Trick Room|[of] p1a: Magearna\n|\n|-heal|p1a: Magearna|61\/100|[from] item: Leftovers\n|upkeep\n|turn|3\n|\n|t:|1698588353\n|switch|p2a: Torkoal|Torkoal, M|100\/100\n|-weather|SunnyDay|[from] ability: Drought|[of] p2a: Torkoal\n|move|p1a: Magearna|Volt Switch|p2a: Torkoal\n|-damage|p2a: Torkoal|78\/100\n|\n|t:|1698588358\n|switch|p1a: Ursaluna|Ursaluna-Bloodmoon, M|100\/100|[from] Volt Switch\n|\n|-weather|SunnyDay|[upkeep]\n|upkeep\n|turn|4\n|\n|t:|1698588368\n|move|p2a: Torkoal|Yawn|p1a: Ursaluna\n|-start|p1a: Ursaluna|move: Yawn|[of] p2a: Torkoal\n|move|p1a: Ursaluna|Calm Mind|p1a: Ursaluna\n|-boost|p1a: Ursaluna|spa|1\n|-boost|p1a: Ursaluna|spd|1\n|\n|-weather|SunnyDay|[upkeep]\n|upkeep\n|turn|5\n|\n|t:|1698588378\n|switch|p1a: Magearna|Magearna|61\/100\n|move|p2a: Torkoal|Stealth Rock|p1a: Magearna\n|-sidestart|p1: HinaKagiyama1|move: Stealth Rock\n|\n|-weather|SunnyDay|[upkeep]\n|-heal|p1a: Magearna|67\/100|[from] item: Leftovers\n|upkeep\n|turn|6\n|inactive|Vholtninja has 270 seconds left.\n|\n|t:|1698588390\n|move|p2a: Torkoal|Will-O-Wisp|p1a: Magearna\n|-status|p1a: Magearna|brn\n|move|p1a: Magearna|Volt Switch|p2a: Torkoal\n|-damage|p2a: Torkoal|54\/100\n|\n|t:|1698588397\n|switch|p1a: Palkia|Palkia-Origin, shiny|100\/100|[from] Volt Switch\n|-damage|p1a: Palkia|88\/100|[from] Stealth Rock\n|-ability|p1a: Palkia|Pressure\n|\n|-weather|SunnyDay|[upkeep]\n|-fieldend|move: Trick Room\n|upkeep\n|turn|7\n|\n|t:|1698588406\n|switch|p2a: Hatterene|Hatterene, F|100\/100\n|move|p1a: Palkia|Substitute|p1a: Palkia\n|-start|p1a: Palkia|Substitute\n|-damage|p1a: Palkia|63\/100\n|\n|-weather|SunnyDay|[upkeep]\n|upkeep\n|turn|8\n|\n|t:|1698588429\n|move|p1a: Palkia|Thunderbolt|p2a: Hatterene\n|-damage|p2a: Hatterene|63\/100\n|-enditem|p2a: Hatterene|Eject Button\n|inactive|Vholtninja has 270 seconds left.\n|\n|t:|1698588440\n|switch|p2a: Zacian|Zacian, shiny|100\/100\n|\n|-weather|SunnyDay|[upkeep]\n|upkeep\n|turn|9\n|\n|t:|1698588448\n|move|p2a: Zacian|Psychic Fangs|p1a: Palkia\n|-end|p1a: Palkia|Substitute\n|move|p1a: Palkia|Surf|p2a: Zacian\n|-crit|p2a: Zacian\n|-damage|p2a: Zacian|53\/100\n|\n|-weather|SunnyDay|[upkeep]\n|-heal|p2a: Zacian|60\/100|[from] item: Leftovers\n|upkeep\n|turn|10\n|\n|t:|1698588461\n|switch|p1a: Magearna|Magearna|67\/100 brn\n|-damage|p1a: Magearna|61\/100 brn|[from] Stealth Rock\n|move|p2a: Zacian|Close Combat|p1a: Magearna\n|-damage|p1a: Magearna|29\/100 brn\n|-unboost|p2a: Zacian|def|1\n|-unboost|p2a: Zacian|spd|1\n|\n|-weather|none\n|-heal|p2a: Zacian|66\/100|[from] item: Leftovers\n|-heal|p1a: Magearna|35\/100 brn|[from] item: Leftovers\n|-damage|p1a: Magearna|29\/100 brn|[from] brn\n|upkeep\n|turn|11\n|inactive|Vholtninja has 270 seconds left.\n|\n|t:|1698588486\n|move|p2a: Zacian|Close Combat|p1a: Magearna\n|-damage|p1a: Magearna|0 fnt\n|-unboost|p2a: Zacian|def|1\n|-unboost|p2a: Zacian|spd|1\n|faint|p1a: Magearna\n|\n|-heal|p2a: Zacian|72\/100|[from] item: Leftovers\n|upkeep\n|\n|t:|1698588506\n|switch|p1a: Zacian|Zacian, shiny|100\/100\n|-damage|p1a: Zacian|88\/100|[from] Stealth Rock\n|-ability|p1a: Zacian|Intrepid Sword|boost\n|-boost|p1a: Zacian|atk|1\n|turn|12\n|inactive|Vholtninja has 270 seconds left.\n|\n|t:|1698588532\n|switch|p2a: Arceus|Arceus-Fire|100\/100\n|move|p1a: Zacian|Trailblaze|p2a: Arceus\n|-resisted|p2a: Arceus\n|-damage|p2a: Arceus|91\/100\n|-boost|p1a: Zacian|spe|1\n|\n|upkeep\n|turn|13\n|\n|t:|1698588542\n|move|p1a: Zacian|Sacred Sword|p2a: Arceus\n|-damage|p2a: Arceus|55\/100\n|move|p2a: Arceus|Dragon Dance|p2a: Arceus\n|-boost|p2a: Arceus|atk|1\n|-boost|p2a: Arceus|spe|1\n|\n|upkeep\n|turn|14\n|\n|t:|1698588555\n|move|p1a: Zacian|Sacred Sword|p2a: Arceus\n|-damage|p2a: Arceus|19\/100\n|move|p2a: Arceus|Flare Blitz|p1a: Zacian\n|-damage|p1a: Zacian|0 fnt\n|faint|p1a: Zacian\n|-damage|p2a: Arceus|0 fnt|[from] Recoil\n|faint|p2a: Arceus\n|\n|upkeep\n|\n|t:|1698588564\n|switch|p1a: Chi-Yu|Chi-Yu|100\/100\n|switch|p2a: Zacian|Zacian, shiny|72\/100\n|-damage|p1a: Chi-Yu|76\/100|[from] Stealth Rock\n|-ability|p1a: Chi-Yu|Beads of Ruin\n|turn|15\n|inactive|Vholtninja has 270 seconds left.\n|inactive|Vholtninja has 240 seconds left.\n|\n|t:|1698588605\n|move|p1a: Chi-Yu|Dark Pulse|p2a: Zacian\n|-resisted|p2a: Zacian\n|-damage|p2a: Zacian|43\/100\n|move|p2a: Zacian|Close Combat|p1a: Chi-Yu\n|-supereffective|p1a: Chi-Yu\n|-damage|p1a: Chi-Yu|0 fnt\n|-unboost|p2a: Zacian|def|1\n|-unboost|p2a: Zacian|spd|1\n|faint|p1a: Chi-Yu\n|\n|-heal|p2a: Zacian|49\/100|[from] item: Leftovers\n|upkeep\n|\n|t:|1698588613\n|switch|p1a: Garchomp|Garchomp, M|100\/100\n|-damage|p1a: Garchomp|94\/100|[from] Stealth Rock\n|turn|16\n|inactive|Vholtninja has 240 seconds left.\n|inactive|HinaKagiyama1 has 270 seconds left.\n|\n|t:|1698588630\n|-terastallize|p1a: Garchomp|Steel\n|move|p2a: Zacian|Play Rough|p1a: Garchomp\n|-resisted|p1a: Garchomp\n|-damage|p1a: Garchomp|70\/100\n|-damage|p2a: Zacian|37\/100|[from] ability: Rough Skin|[of] p1a: Garchomp\n|move|p1a: Garchomp|Iron Head|p2a: Zacian\n|-supereffective|p2a: Zacian\n|-damage|p2a: Zacian|0 fnt\n|faint|p2a: Zacian\n|\n|upkeep\n|inactive|Vholtninja has 240 seconds left.\n|\n|t:|1698588643\n|switch|p2a: Torkoal|Torkoal, M|54\/100\n|-weather|SunnyDay|[from] ability: Drought|[of] p2a: Torkoal\n|turn|17\n|\n|t:|1698588647\n|move|p1a: Garchomp|Scale Shot|p2a: Torkoal\n|-damage|p2a: Torkoal|45\/100\n|-damage|p2a: Torkoal|36\/100\n|-damage|p2a: Torkoal|27\/100\n|-damage|p2a: Torkoal|16\/100\n|-hitcount|p2a: Torkoal|4\n|-unboost|p1a: Garchomp|def|1\n|-boost|p1a: Garchomp|spe|1\n|move|p2a: Torkoal|Rapid Spin|p1a: Garchomp\n|-resisted|p1a: Garchomp\n|-damage|p1a: Garchomp|64\/100\n|-boost|p2a: Torkoal|spe|1\n|-damage|p2a: Torkoal|4\/100|[from] ability: Rough Skin|[of] p1a: Garchomp\n|\n|-weather|SunnyDay|[upkeep]\n|upkeep\n|turn|18\n|\n|t:|1698588659\n|move|p1a: Garchomp|Scale Shot|p2a: Torkoal\n|-damage|p2a: Torkoal|0 fnt\n|faint|p2a: Torkoal\n|-hitcount|p2: Torkoal|1\n|-unboost|p1a: Garchomp|def|1\n|-boost|p1a: Garchomp|spe|1\n|\n|-weather|SunnyDay|[upkeep]\n|upkeep\n|\n|t:|1698588663\n|switch|p2a: Walking Wake|Walking Wake|100\/100\n|-activate|p2a: Walking Wake|ability: Protosynthesis\n|-start|p2a: Walking Wake|protosynthesisspe\n|turn|19\n|\n|t:|1698588681\n|-terastallize|p2a: Walking Wake|Water\n|move|p1a: Garchomp|Scale Shot|p2a: Walking Wake\n|-damage|p2a: Walking Wake|87\/100\n|-damage|p2a: Walking Wake|73\/100\n|-damage|p2a: Walking Wake|58\/100\n|-damage|p2a: Walking Wake|44\/100\n|-damage|p2a: Walking Wake|30\/100\n|-hitcount|p2a: Walking Wake|5\n|-unboost|p1a: Garchomp|def|1\n|-boost|p1a: Garchomp|spe|1\n|move|p2a: Walking Wake|Hydro Steam|p1a: Garchomp\n|-crit|p1a: Garchomp\n|-damage|p1a: Garchomp|0 fnt\n|faint|p1a: Garchomp\n|\n|-weather|SunnyDay|[upkeep]\n|upkeep\n|\n|t:|1698588693\n|switch|p1a: Palkia|Palkia-Origin, shiny|63\/100\n|-damage|p1a: Palkia|51\/100|[from] Stealth Rock\n|-ability|p1a: Palkia|Pressure\n|turn|20\n|\n|t:|1698588702\n|-end|p2a: Walking Wake|Protosynthesis|[silent]\n|switch|p2a: Hatterene|Hatterene, F|63\/100\n|switch|p1a: Ursaluna|Ursaluna-Bloodmoon, M|100\/100\n|-damage|p1a: Ursaluna|94\/100|[from] Stealth Rock\n|\n|-weather|SunnyDay|[upkeep]\n|-heal|p1a: Ursaluna|100\/100|[from] item: Leftovers\n|upkeep\n|turn|21\n|\n|t:|1698588709\n|move|p1a: Ursaluna|Calm Mind|p1a: Ursaluna\n|-boost|p1a: Ursaluna|spa|1\n|-boost|p1a: Ursaluna|spd|1\n|move|p2a: Hatterene|Healing Wish|p2a: Hatterene\n|faint|p2a: Hatterene\n|\n|-weather|SunnyDay|[upkeep]\n|upkeep\n|inactive|Vholtninja has 240 seconds left.\n|\n|t:|1698588743\n|switch|p2a: Chi-Yu|Chi-Yu|100\/100\n|-ability|p2a: Chi-Yu|Beads of Ruin\n|turn|22\n|inactive|Vholtninja has 240 seconds left.\n|\n|t:|1698588752\n|move|p2a: Chi-Yu|Flamethrower|p1a: Ursaluna\n|-damage|p1a: Ursaluna|27\/100\n|move|p1a: Ursaluna|Blood Moon|p2a: Chi-Yu\n|-damage|p2a: Chi-Yu|0 fnt\n|faint|p2a: Chi-Yu\n|\n|-weather|SunnyDay|[upkeep]\n|-heal|p1a: Ursaluna|33\/100|[from] item: Leftovers\n|upkeep\n|inactive|Vholtninja has 240 seconds left.\n|\n|t:|1698588758\n|switch|p2a: Walking Wake|Walking Wake, tera:Water|30\/100\n|-heal|p2a: Walking Wake|100\/100|[from] move: Healing Wish\n|-activate|p2a: Walking Wake|ability: Protosynthesis\n|-start|p2a: Walking Wake|protosynthesisspe\n|turn|23\n|\n|t:|1698588768\n|move|p2a: Walking Wake|Dragon Pulse|p1a: Ursaluna\n|-damage|p1a: Ursaluna|0 fnt\n|faint|p1a: Ursaluna\n|\n|-weather|SunnyDay|[upkeep]\n|upkeep\n|\n|t:|1698588770\n|switch|p1a: Palkia|Palkia-Origin, shiny|51\/100\n|-damage|p1a: Palkia|38\/100|[from] Stealth Rock\n|-ability|p1a: Palkia|Pressure\n|turn|24\n|\n|t:|1698588774\n|move|p2a: Walking Wake|Dragon Pulse|p1a: Palkia\n|-supereffective|p1a: Palkia\n|-damage|p1a: Palkia|0 fnt\n|faint|p1a: Palkia\n|\n|win|Vholtninja\n|c|\u2606Vholtninja|gg\n|c|\u2606HinaKagiyama1|Gg\n|c|\u2606HinaKagiyama1|round 2\n|c|\u2606Vholtninja|gg\n|c|\u2606Vholtninja|ye\n|l|\u2606HinaKagiyama1\n","uploadtime":1698588785,"views":26,"p1id":"hinakagiyama1","p2id":"vholtninja","formatid":"gen9ubers","rating":0,"private":0,"password":""}