{"id":"gen9ubers-1983150586","p1":"TheGriffinKing2O","p2":"Xopas","format":"[Gen 9] Ubers","log":"|j|\u2606TheGriffinKing2O\n|j|\u2606Xopas\n|inactive|Battle timer is ON: inactive players will automatically lose when time's up.\n|t:|1699096495\n|gametype|singles\n|player|p1|TheGriffinKing2O|n-masters3|\n|player|p2|Xopas|unknown|\n|teamsize|p1|6\n|teamsize|p2|6\n|gen|9\n|tier|[Gen 9] Ubers\n|rated|Tournament battle\n|rule|Sleep Clause Mod: Limit one foe put to sleep\n|rule|Species Clause: Limit one of each Pok\u00e9mon\n|rule|OHKO Clause: OHKO moves are banned\n|rule|Evasion Items Clause: Evasion items are banned\n|rule|Evasion Moves Clause: Evasion moves are banned\n|rule|Endless Battle Clause: Forcing endless battles is banned\n|rule|HP Percentage Mod: HP is shown in percentages\n|clearpoke\n|poke|p1|Arceus-Water|\n|poke|p1|Miraidon|\n|poke|p1|Zacian-*|\n|poke|p1|Iron Bundle|\n|poke|p1|Dialga-Origin|\n|poke|p1|Chien-Pao|\n|poke|p2|Crocalor, M|\n|poke|p2|Darkrai|\n|poke|p2|Roaring Moon|\n|poke|p2|Garchomp, M|\n|poke|p2|Gholdengo|\n|poke|p2|Ceruledge, M|\n|teampreview\n|j|*Lady Monita \u263d\n|inactive|TheGriffinKing2O has 120 seconds left.\n|inactive|Xopas has 120 seconds left.\n|inactive|TheGriffinKing2O has 90 seconds left.\n|\n|t:|1699096583\n|start\n|switch|p1a: Dialga|Dialga-Origin|100\/100\n|switch|p2a: Darkrai|Darkrai|100\/100\n|-ability|p1a: Dialga|Pressure\n|turn|1\n|\n|t:|1699096592\n|move|p2a: Darkrai|Hypnosis|p1a: Dialga\n|-status|p1a: Dialga|slp|[from] move: Hypnosis\n|cant|p1a: Dialga|slp\n|\n|-damage|p1a: Dialga|88\/100 slp|[from] ability: Bad Dreams|[of] p2a: Darkrai\n|upkeep\n|turn|2\n|\n|t:|1699096613\n|move|p2a: Darkrai|Nasty Plot|p2a: Darkrai\n|-boost|p2a: Darkrai|spa|2\n|cant|p1a: Dialga|slp\n|\n|-damage|p1a: Dialga|76\/100 slp|[from] ability: Bad Dreams|[of] p2a: Darkrai\n|upkeep\n|turn|3\n|\n|t:|1699096624\n|switch|p1a: Zacian|Zacian-Crowned|100\/100\n|-ability|p1a: Zacian|Intrepid Sword|boost\n|-boost|p1a: Zacian|atk|1\n|move|p2a: Darkrai|Hypnosis|p1a: Zacian\n|-message|Sleep Clause Mod activated.\n|-hint|Sleep Clause Mod prevents players from putting more than one of their opponent's Pok\u00e9mon to sleep at a time\n|\n|upkeep\n|turn|4\n|\n|t:|1699096645\n|move|p1a: Zacian|Close Combat|p2a: Darkrai\n|-supereffective|p2a: Darkrai\n|-damage|p2a: Darkrai|0 fnt\n|-unboost|p1a: Zacian|def|1\n|-unboost|p1a: Zacian|spd|1\n|faint|p2a: Darkrai\n|\n|upkeep\n|\n|t:|1699096652\n|switch|p2a: Crocalor|Crocalor, M|100\/100\n|turn|5\n|\n|t:|1699096658\n|switch|p1a: Iron Bundle|Iron Bundle|100\/100\n|move|p2a: Crocalor|Will-O-Wisp|p1a: Iron Bundle\n|-status|p1a: Iron Bundle|brn\n|\n|-damage|p1a: Iron Bundle|95\/100 brn|[from] brn\n|upkeep\n|turn|6\n|\n|t:|1699096672\n|move|p1a: Iron Bundle|Hydro Pump|p2a: Crocalor|[miss]\n|-miss|p1a: Iron Bundle|p2a: Crocalor\n|move|p2a: Crocalor|Slack Off||[still]\n|-fail|p2a: Crocalor|heal\n|\n|-damage|p1a: Iron Bundle|89\/100 brn|[from] brn\n|upkeep\n|turn|7\n|\n|t:|1699096675\n|move|p1a: Iron Bundle|Hydro Pump|p2a: Crocalor\n|-supereffective|p2a: Crocalor\n|-damage|p2a: Crocalor|35\/100\n|move|p2a: Crocalor|Slack Off|p2a: Crocalor\n|-heal|p2a: Crocalor|85\/100\n|\n|-damage|p1a: Iron Bundle|83\/100 brn|[from] brn\n|upkeep\n|turn|8\n|\n|t:|1699096696\n|move|p1a: Iron Bundle|Substitute|p1a: Iron Bundle\n|-start|p1a: Iron Bundle|Substitute\n|-damage|p1a: Iron Bundle|58\/100 brn\n|move|p2a: Crocalor|Slack Off|p2a: Crocalor\n|-heal|p2a: Crocalor|100\/100\n|\n|-damage|p1a: Iron Bundle|52\/100 brn|[from] brn\n|upkeep\n|turn|9\n|\n|t:|1699096703\n|move|p1a: Iron Bundle|Taunt|p2a: Crocalor\n|-start|p2a: Crocalor|move: Taunt\n|move|p2a: Crocalor|Tera Blast|p1a: Iron Bundle\n|-end|p1a: Iron Bundle|Substitute\n|\n|-damage|p1a: Iron Bundle|46\/100 brn|[from] brn\n|upkeep\n|turn|10\n|\n|t:|1699096708\n|move|p1a: Iron Bundle|Hydro Pump|p2a: Crocalor|[miss]\n|-miss|p1a: Iron Bundle|p2a: Crocalor\n|move|p2a: Crocalor|Flamethrower|p1a: Iron Bundle\n|-damage|p1a: Iron Bundle|0 fnt\n|faint|p1a: Iron Bundle\n|-end|p1a: Iron Bundle|Quark Drive|[silent]\n|\n|upkeep\n|\n|t:|1699096713\n|switch|p1a: Arceus|Arceus-Water|100\/100\n|turn|11\n|\n|t:|1699096735\n|switch|p2a: Garchomp|Garchomp, M|100\/100\n|move|p1a: Arceus|Taunt|p2a: Garchomp\n|-start|p2a: Garchomp|move: Taunt\n|\n|upkeep\n|turn|12\n|\n|t:|1699096753\n|switch|p1a: Dialga|Dialga-Origin|76\/100 slp\n|-ability|p1a: Dialga|Pressure\n|move|p2a: Garchomp|Earthquake|p1a: Dialga\n|-supereffective|p1a: Dialga\n|-damage|p1a: Dialga|0 fnt\n|faint|p1a: Dialga\n|\n|upkeep\n|\n|t:|1699096757\n|switch|p1a: Chien-Pao|Chien-Pao|100\/100\n|-ability|p1a: Chien-Pao|Sword of Ruin\n|turn|13\n|\n|t:|1699096763\n|move|p1a: Chien-Pao|Ice Shard|p2a: Garchomp\n|-supereffective|p2a: Garchomp\n|-damage|p2a: Garchomp|0 fnt\n|faint|p2a: Garchomp\n|\n|upkeep\n|\n|t:|1699096770\n|switch|p2a: Ceruledge|Ceruledge, M|100\/100\n|turn|14\n|\n|t:|1699096775\n|switch|p1a: Miraidon|Miraidon|100\/100\n|-fieldstart|move: Electric Terrain|[from] ability: Hadron Engine|[of] p1a: Miraidon\n|move|p2a: Ceruledge|Bitter Blade|p1a: Miraidon\n|-resisted|p1a: Miraidon\n|-damage|p1a: Miraidon|79\/100\n|\n|upkeep\n|turn|15\n|\n|t:|1699096781\n|move|p1a: Miraidon|Agility|p1a: Miraidon\n|-boost|p1a: Miraidon|spe|2\n|move|p2a: Ceruledge|Poltergeist|p1a: Miraidon\n|-activate|p1a: Miraidon|move: Poltergeist|Life Orb\n|-damage|p1a: Miraidon|27\/100\n|\n|upkeep\n|turn|16\n|\n|t:|1699096788\n|move|p1a: Miraidon|Parabolic Charge|p2a: Ceruledge\n|-enditem|p2a: Ceruledge|Focus Sash\n|-damage|p2a: Ceruledge|1\/100\n|-heal|p1a: Miraidon|69\/100|[from] drain|[of] p2a: Ceruledge\n|-damage|p1a: Miraidon|59\/100|[from] item: Life Orb\n|move|p2a: Ceruledge|Poltergeist|p1a: Miraidon\n|-activate|p1a: Miraidon|move: Poltergeist|Life Orb\n|-damage|p1a: Miraidon|1\/100\n|\n|upkeep\n|turn|17\n|inactive|Xopas has 120 seconds left.\n|\n|t:|1699096819\n|switch|p1a: Chien-Pao|Chien-Pao|100\/100\n|-ability|p1a: Chien-Pao|Sword of Ruin\n|move|p2a: Ceruledge|Shadow Sneak|p1a: Chien-Pao\n|-resisted|p1a: Chien-Pao\n|-damage|p1a: Chien-Pao|88\/100\n|\n|upkeep\n|turn|18\n|\n|t:|1699096823\n|move|p1a: Chien-Pao|Ice Shard|p2a: Ceruledge\n|-resisted|p2a: Ceruledge\n|-damage|p2a: Ceruledge|0 fnt\n|faint|p2a: Ceruledge\n|\n|-fieldend|move: Electric Terrain\n|upkeep\n|\n|t:|1699096828\n|switch|p2a: Crocalor|Crocalor, M|100\/100\n|turn|19\n|\n|t:|1699096834\n|switch|p1a: Miraidon|Miraidon|1\/100\n|-fieldstart|move: Electric Terrain|[from] ability: Hadron Engine|[of] p1a: Miraidon\n|move|p2a: Crocalor|Flamethrower|p1a: Miraidon\n|-resisted|p1a: Miraidon\n|-damage|p1a: Miraidon|0 fnt\n|faint|p1a: Miraidon\n|\n|upkeep\n|\n|t:|1699096837\n|switch|p1a: Arceus|Arceus-Water|100\/100\n|turn|20\n|\n|t:|1699096842\n|move|p1a: Arceus|Taunt|p2a: Crocalor\n|-start|p2a: Crocalor|move: Taunt\n|cant|p2a: Crocalor|move: Taunt|Will-O-Wisp\n|\n|upkeep\n|turn|21\n|\n|t:|1699096846\n|switch|p2a: Roaring Moon|Roaring Moon|100\/100\n|-enditem|p2a: Roaring Moon|Booster Energy\n|-activate|p2a: Roaring Moon|ability: Protosynthesis|[fromitem]\n|-start|p2a: Roaring Moon|protosynthesisspe\n|move|p1a: Arceus|Calm Mind|p1a: Arceus\n|-boost|p1a: Arceus|spa|1\n|-boost|p1a: Arceus|spd|1\n|\n|upkeep\n|turn|22\n|\n|t:|1699096865\n|-terastallize|p1a: Arceus|Water\n|move|p2a: Roaring Moon|Dragon Dance|p2a: Roaring Moon\n|-boost|p2a: Roaring Moon|atk|1\n|-boost|p2a: Roaring Moon|spe|1\n|move|p1a: Arceus|Judgment|p2a: Roaring Moon\n|-resisted|p2a: Roaring Moon\n|-damage|p2a: Roaring Moon|59\/100\n|\n|upkeep\n|turn|23\n|\n|t:|1699096874\n|move|p2a: Roaring Moon|Acrobatics|p1a: Arceus\n|-damage|p1a: Arceus|70\/100\n|move|p1a: Arceus|Judgment|p2a: Roaring Moon\n|-resisted|p2a: Roaring Moon\n|-damage|p2a: Roaring Moon|15\/100\n|\n|-fieldend|move: Electric Terrain\n|upkeep\n|turn|24\n|\n|t:|1699096878\n|move|p2a: Roaring Moon|Acrobatics|p1a: Arceus\n|-damage|p1a: Arceus|43\/100\n|move|p1a: Arceus|Recover|p1a: Arceus\n|-heal|p1a: Arceus|93\/100\n|\n|upkeep\n|turn|25\n|\n|t:|1699096883\n|move|p2a: Roaring Moon|Acrobatics|p1a: Arceus\n|-damage|p1a: Arceus|63\/100\n|move|p1a: Arceus|Taunt|p2a: Roaring Moon\n|-start|p2a: Roaring Moon|move: Taunt\n|\n|upkeep\n|turn|26\n|\n|t:|1699096887\n|move|p2a: Roaring Moon|Acrobatics|p1a: Arceus\n|-damage|p1a: Arceus|32\/100\n|move|p1a: Arceus|Recover|p1a: Arceus\n|-heal|p1a: Arceus|82\/100\n|\n|upkeep\n|turn|27\n|\n|t:|1699096891\n|move|p2a: Roaring Moon|Acrobatics|p1a: Arceus\n|-damage|p1a: Arceus|53\/100\n|move|p1a: Arceus|Calm Mind|p1a: Arceus\n|-boost|p1a: Arceus|spa|1\n|-boost|p1a: Arceus|spd|1\n|\n|upkeep\n|turn|28\n|\n|t:|1699096900\n|move|p2a: Roaring Moon|Acrobatics|p1a: Arceus\n|-damage|p1a: Arceus|24\/100\n|move|p1a: Arceus|Recover|p1a: Arceus\n|-heal|p1a: Arceus|74\/100\n|\n|-end|p2a: Roaring Moon|move: Taunt\n|upkeep\n|turn|29\n|\n|t:|1699096909\n|-terastallize|p2a: Roaring Moon|Flying\n|move|p2a: Roaring Moon|Acrobatics|p1a: Arceus\n|-damage|p1a: Arceus|34\/100\n|move|p1a: Arceus|Calm Mind|p1a: Arceus\n|-boost|p1a: Arceus|spa|1\n|-boost|p1a: Arceus|spd|1\n|\n|upkeep\n|turn|30\n|\n|t:|1699096914\n|move|p2a: Roaring Moon|Acrobatics|p1a: Arceus\n|-damage|p1a: Arceus|0 fnt\n|faint|p1a: Arceus\n|\n|upkeep\n|c|\u2606TheGriffinKing2O|f\n|\n|t:|1699096918\n|switch|p1a: Chien-Pao|Chien-Pao|88\/100\n|-ability|p1a: Chien-Pao|Sword of Ruin\n|turn|31\n|c|\u2606Xopas|rip\n|\n|t:|1699096924\n|-end|p2a: Roaring Moon|Protosynthesis|[silent]\n|switch|p2a: Crocalor|Crocalor, M|100\/100\n|move|p1a: Chien-Pao|Sucker Punch||[still]\n|-fail|p1a: Chien-Pao\n|\n|upkeep\n|turn|32\n|\n|t:|1699096929\n|switch|p1a: Zacian|Zacian-Crowned|100\/100\n|move|p2a: Crocalor|Flamethrower|p1a: Zacian\n|-supereffective|p1a: Zacian\n|-damage|p1a: Zacian|44\/100\n|\n|upkeep\n|turn|33\n|\n|t:|1699096935\n|move|p1a: Zacian|Close Combat|p2a: Crocalor\n|-damage|p2a: Crocalor|64\/100\n|-unboost|p1a: Zacian|def|1\n|-unboost|p1a: Zacian|spd|1\n|move|p2a: Crocalor|Flamethrower|p1a: Zacian\n|-supereffective|p1a: Zacian\n|-damage|p1a: Zacian|0 fnt\n|faint|p1a: Zacian\n|\n|upkeep\n|\n|t:|1699096939\n|switch|p1a: Chien-Pao|Chien-Pao|88\/100\n|-ability|p1a: Chien-Pao|Sword of Ruin\n|turn|34\n|\n|t:|1699096943\n|move|p1a: Chien-Pao|Crunch|p2a: Crocalor\n|-damage|p2a: Crocalor|4\/100\n|-unboost|p2a: Crocalor|def|1\n|move|p2a: Crocalor|Flamethrower|p1a: Chien-Pao\n|-supereffective|p1a: Chien-Pao\n|-crit|p1a: Chien-Pao\n|-damage|p1a: Chien-Pao|0 fnt\n|faint|p1a: Chien-Pao\n|\n|win|Xopas\n|n|\u2606TheGriffinKing2O|thegriffinking2o\n|n|\u2606Xopas|xopas\n|n|*Lady Monita \u263d|ladymonita\n|l|*Lady Monita \u263d\n|c|\u2606TheGriffinKing2O|f\n|c|\u2606Xopas|crocalor goated\n|c|\u2606TheGriffinKing2O|rng sucks\n|c|\u2606TheGriffinKing2O|ggs wp\n|c|\u2606Xopas|wdym\n|c|\u2606TheGriffinKing2O|crit\n|c|\u2606TheGriffinKing2O|nvm\n|c|\u2606TheGriffinKing2O|gg\n|c|\u2606Xopas|it didnt matter\n|c|\u2606Xopas|I think\n|c|\u2606Xopas|Idt my dengo dies to sucker anyway (scarf)\n|c|\u2606TheGriffinKing2O|cant say\n|c|\u2606Xopas|calc it\n|c|\u2606TheGriffinKing2O|too lazy\n|c|\u2606Xopas|!showset crocalor\n|c| Xopas|\/raw <div class=\"infobox\">Crocalor (M) @ Eviolite  <br \/>Ability: Unaware  <br \/>Tera Type: Steel  <br \/>EVs: 252 HP &#x2f; 4 SpA &#x2f; 252 SpD  <br \/>Calm Nature  <br \/>IVs: 0 Atk  <br \/>- Will-O-Wisp  <br \/>- Slack Off  <br \/>- Tera Blast  <br \/>- Flamethrower  <br \/><br \/><\/div>\n|c|\u2606TheGriffinKing2O|hf with the tour\n|c|\u2606TheGriffinKing2O|gg\n|c|\u2606Xopas|gg\n|c|\u2606Xopas|hf too\n|l|\u2606TheGriffinKing2O\n","uploadtime":1699097036,"views":9,"p1id":"thegriffinking2o","p2id":"xopas","formatid":"gen9ubers","rating":0,"private":0,"password":""}