{"id":"gen9ubers-1983675357","p1":"leonissenbaum","p2":"Blanched","format":"[Gen 9] Ubers","log":"|j|\u2606leonissenbaum\n|j|\u203dBlanched\n|t:|1699157884\n|gametype|singles\n|player|p1|leonissenbaum|leon|\n|player|p2|Blanched|cynthia-masters|\n|teamsize|p1|6\n|teamsize|p2|6\n|gen|9\n|tier|[Gen 9] Ubers\n|rule|Sleep Clause Mod: Limit one foe put to sleep\n|rule|Species Clause: Limit one of each Pok\u00e9mon\n|rule|OHKO Clause: OHKO moves are banned\n|rule|Evasion Items Clause: Evasion items are banned\n|rule|Evasion Moves Clause: Evasion moves are banned\n|rule|Endless Battle Clause: Forcing endless battles is banned\n|rule|HP Percentage Mod: HP is shown in percentages\n|clearpoke\n|poke|p1|Giratina|\n|poke|p1|Gliscor, M|\n|poke|p1|Blissey, F|\n|poke|p1|Dondozo, M|\n|poke|p1|Clefable, F|\n|poke|p1|Espeon, M|\n|poke|p2|Ninetales-Alola, F|\n|poke|p2|Arceus-Fire|\n|poke|p2|Espathra, F|\n|poke|p2|Magearna|\n|poke|p2|Hatterene, F|\n|poke|p2|Ursaluna-Bloodmoon, M|\n|teampreview\n|\n|t:|1699157895\n|start\n|switch|p1a: Gliscor|Gliscor, M|100\/100\n|switch|p2a: Ninetales|Ninetales-Alola, F|100\/100\n|-weather|Snow|[from] ability: Snow Warning|[of] p2a: Ninetales\n|turn|1\n|\n|t:|1699157911\n|move|p1a: Gliscor|Protect|p1a: Gliscor\n|-singleturn|p1a: Gliscor|Protect\n|move|p2a: Ninetales|Freeze-Dry|p1a: Gliscor\n|-activate|p1a: Gliscor|move: Protect\n|\n|-weather|Snow|[upkeep]\n|-status|p1a: Gliscor|tox|[from] item: Toxic Orb\n|upkeep\n|turn|2\n|c|\u2606leonissenbaum|time to pray no crash\n|\n|t:|1699157916\n|switch|p1a: Blissey|Blissey, F|100\/100\n|move|p2a: Ninetales|Freeze-Dry|p1a: Blissey\n|-crit|p1a: Blissey\n|-damage|p1a: Blissey|92\/100\n|\n|-weather|Snow|[upkeep]\n|-heal|p1a: Blissey|98\/100|[from] item: Leftovers\n|upkeep\n|turn|3\n|\n|t:|1699157928\n|switch|p2a: Hatterene|Hatterene, F|100\/100\n|move|p1a: Blissey|Seismic Toss|p2a: Hatterene\n|-damage|p2a: Hatterene|69\/100\n|\n|-weather|Snow|[upkeep]\n|-heal|p1a: Blissey|100\/100|[from] item: Leftovers\n|-heal|p2a: Hatterene|75\/100|[from] item: Leftovers\n|upkeep\n|turn|4\n|\n|t:|1699157936\n|switch|p1a: Gliscor|Gliscor, M|100\/100 tox\n|move|p2a: Hatterene|Nuzzle|p1a: Gliscor\n|-immune|p1a: Gliscor\n|\n|-weather|Snow|[upkeep]\n|-heal|p2a: Hatterene|81\/100|[from] item: Leftovers\n|upkeep\n|turn|5\n|\n|t:|1699157964\n|move|p1a: Gliscor|Knock Off|p2a: Hatterene\n|-damage|p2a: Hatterene|64\/100\n|-enditem|p2a: Hatterene|Leftovers|[from] move: Knock Off|[of] p1a: Gliscor\n|move|p2a: Hatterene|Calm Mind|p2a: Hatterene\n|-boost|p2a: Hatterene|spa|1\n|-boost|p2a: Hatterene|spd|1\n|\n|-weather|none\n|upkeep\n|turn|6\n|inactive|Battle timer is ON: inactive players will automatically lose when time's up. (requested by Blanched)\n|\n|t:|1699158008\n|switch|p1a: Espeon|Espeon, M|100\/100\n|move|p2a: Hatterene|Calm Mind|p2a: Hatterene\n|-boost|p2a: Hatterene|spa|1\n|-boost|p2a: Hatterene|spd|1\n|\n|upkeep\n|turn|7\n|\n|t:|1699158022\n|move|p1a: Espeon|Trick|p2a: Hatterene\n|-activate|p1a: Espeon|move: Trick|[of] p2a: Hatterene\n|-item|p2a: Hatterene|Choice Scarf|[from] move: Trick\n|-enditem|p1a: Espeon|Choice Scarf|[silent]|[from] move: Trick\n|move|p2a: Hatterene|Draining Kiss|p1a: Espeon\n|-damage|p1a: Espeon|68\/100\n|-heal|p2a: Hatterene|89\/100|[from] drain|[of] p1a: Espeon\n|\n|upkeep\n|turn|8\n|\n|t:|1699158036\n|move|p1a: Espeon|Morning Sun|p1a: Espeon\n|-heal|p1a: Espeon|100\/100\n|move|p2a: Hatterene|Draining Kiss|p1a: Espeon\n|-damage|p1a: Espeon|68\/100\n|-heal|p2a: Hatterene|100\/100|[from] drain|[of] p1a: Espeon\n|\n|upkeep\n|turn|9\n|\n|t:|1699158054\n|switch|p1a: Blissey|Blissey, F|100\/100\n|move|p2a: Hatterene|Draining Kiss|p1a: Blissey\n|-damage|p1a: Blissey|86\/100\n|\n|-heal|p1a: Blissey|92\/100|[from] item: Leftovers\n|upkeep\n|turn|10\n|inactive|Blanched has 270 seconds left.\n|inactive|Blanched has 240 seconds left.\n|inactive|Blanched has 210 seconds left.\n|\n|t:|1699158145\n|move|p1a: Blissey|Seismic Toss|p2a: Hatterene\n|-damage|p2a: Hatterene|69\/100\n|move|p2a: Hatterene|Draining Kiss|p1a: Blissey\n|-damage|p1a: Blissey|79\/100\n|-heal|p2a: Hatterene|89\/100|[from] drain|[of] p1a: Blissey\n|\n|-heal|p1a: Blissey|85\/100|[from] item: Leftovers\n|upkeep\n|turn|11\n|\n|t:|1699158150\n|move|p1a: Blissey|Seismic Toss|p2a: Hatterene\n|-damage|p2a: Hatterene|58\/100\n|move|p2a: Hatterene|Draining Kiss|p1a: Blissey\n|-damage|p1a: Blissey|71\/100\n|-heal|p2a: Hatterene|79\/100|[from] drain|[of] p1a: Blissey\n|\n|-heal|p1a: Blissey|77\/100|[from] item: Leftovers\n|upkeep\n|turn|12\n|\n|t:|1699158153\n|move|p1a: Blissey|Seismic Toss|p2a: Hatterene\n|-damage|p2a: Hatterene|48\/100\n|move|p2a: Hatterene|Draining Kiss|p1a: Blissey\n|-damage|p1a: Blissey|64\/100\n|-heal|p2a: Hatterene|67\/100|[from] drain|[of] p1a: Blissey\n|\n|-heal|p1a: Blissey|71\/100|[from] item: Leftovers\n|upkeep\n|turn|13\n|\n|t:|1699158156\n|move|p1a: Blissey|Seismic Toss|p2a: Hatterene\n|-damage|p2a: Hatterene|36\/100\n|move|p2a: Hatterene|Draining Kiss|p1a: Blissey\n|-damage|p1a: Blissey|57\/100\n|-heal|p2a: Hatterene|56\/100|[from] drain|[of] p1a: Blissey\n|\n|-heal|p1a: Blissey|64\/100|[from] item: Leftovers\n|upkeep\n|turn|14\n|\n|t:|1699158159\n|move|p1a: Blissey|Seismic Toss|p2a: Hatterene\n|-damage|p2a: Hatterene|24\/100\n|move|p2a: Hatterene|Draining Kiss|p1a: Blissey\n|-crit|p1a: Blissey\n|-damage|p1a: Blissey|45\/100\n|-heal|p2a: Hatterene|53\/100|[from] drain|[of] p1a: Blissey\n|\n|-heal|p1a: Blissey|51\/100|[from] item: Leftovers\n|upkeep\n|turn|15\n|\n|t:|1699158166\n|move|p1a: Blissey|Soft-Boiled|p1a: Blissey\n|-heal|p1a: Blissey|100\/100\n|move|p2a: Hatterene|Draining Kiss|p1a: Blissey\n|-damage|p1a: Blissey|87\/100\n|-heal|p2a: Hatterene|75\/100|[from] drain|[of] p1a: Blissey\n|\n|-heal|p1a: Blissey|93\/100|[from] item: Leftovers\n|upkeep\n|turn|16\n|\n|t:|1699158168\n|move|p1a: Blissey|Seismic Toss|p2a: Hatterene\n|-damage|p2a: Hatterene|43\/100\n|move|p2a: Hatterene|Draining Kiss|p1a: Blissey\n|-damage|p1a: Blissey|78\/100\n|-heal|p2a: Hatterene|66\/100|[from] drain|[of] p1a: Blissey\n|\n|-heal|p1a: Blissey|84\/100|[from] item: Leftovers\n|upkeep\n|turn|17\n|\n|t:|1699158171\n|move|p1a: Blissey|Seismic Toss|p2a: Hatterene\n|-damage|p2a: Hatterene|35\/100\n|move|p2a: Hatterene|Draining Kiss|p1a: Blissey\n|-damage|p1a: Blissey|71\/100\n|-heal|p2a: Hatterene|54\/100|[from] drain|[of] p1a: Blissey\n|\n|-heal|p1a: Blissey|77\/100|[from] item: Leftovers\n|upkeep\n|turn|18\n|\n|t:|1699158172\n|move|p1a: Blissey|Seismic Toss|p2a: Hatterene\n|-damage|p2a: Hatterene|23\/100\n|move|p2a: Hatterene|Draining Kiss|p1a: Blissey\n|-damage|p1a: Blissey|65\/100\n|-heal|p2a: Hatterene|42\/100|[from] drain|[of] p1a: Blissey\n|\n|-heal|p1a: Blissey|71\/100|[from] item: Leftovers\n|upkeep\n|turn|19\n|\n|t:|1699158175\n|move|p1a: Blissey|Seismic Toss|p2a: Hatterene\n|-damage|p2a: Hatterene|11\/100\n|move|p2a: Hatterene|Draining Kiss|p1a: Blissey\n|-damage|p1a: Blissey|57\/100\n|-heal|p2a: Hatterene|32\/100|[from] drain|[of] p1a: Blissey\n|\n|-heal|p1a: Blissey|63\/100|[from] item: Leftovers\n|upkeep\n|turn|20\n|\n|t:|1699158178\n|move|p1a: Blissey|Seismic Toss|p2a: Hatterene\n|-damage|p2a: Hatterene|0 fnt\n|faint|p2a: Hatterene\n|\n|-heal|p1a: Blissey|69\/100|[from] item: Leftovers\n|upkeep\n|\n|t:|1699158182\n|switch|p2a: Arceus|Arceus-Fire|100\/100\n|turn|21\n|\n|t:|1699158195\n|switch|p1a: Gliscor|Gliscor, M|100\/100 tox\n|move|p2a: Arceus|Taunt|p1a: Gliscor\n|-start|p1a: Gliscor|move: Taunt\n|\n|upkeep\n|turn|22\n|inactive|Blanched has 270 seconds left.\n|\n|t:|1699158247\n|switch|p2a: Ninetales|Ninetales-Alola, F|100\/100\n|-weather|Snow|[from] ability: Snow Warning|[of] p2a: Ninetales\n|switch|p1a: Giratina|Giratina, shiny|100\/100\n|-ability|p1a: Giratina|Pressure\n|\n|-weather|Snow|[upkeep]\n|upkeep\n|turn|23\n|\n|t:|1699158265\n|switch|p2a: Arceus|Arceus-Fire|100\/100\n|move|p1a: Giratina|Thunder Wave|p2a: Arceus\n|-status|p2a: Arceus|par\n|\n|-weather|Snow|[upkeep]\n|upkeep\n|turn|24\n|\n|t:|1699158280\n|move|p1a: Giratina|Hex|p2a: Arceus\n|-damage|p2a: Arceus|71\/100 par\n|move|p2a: Arceus|Dragon Dance|p2a: Arceus\n|-boost|p2a: Arceus|atk|1\n|-boost|p2a: Arceus|spe|1\n|\n|-weather|Snow|[upkeep]\n|upkeep\n|turn|25\n|\n|t:|1699158286\n|switch|p2a: Ursaluna|Ursaluna-Bloodmoon, M|100\/100\n|move|p1a: Giratina|Roar|p2a: Ursaluna\n|drag|p2a: Magearna|Magearna|100\/100\n|\n|-weather|Snow|[upkeep]\n|upkeep\n|turn|26\n|\n|t:|1699158300\n|switch|p2a: Ursaluna|Ursaluna-Bloodmoon, M|100\/100\n|move|p1a: Giratina|Thunder Wave|p2a: Ursaluna\n|-immune|p2a: Ursaluna\n|\n|-weather|none\n|upkeep\n|turn|27\n|raw|<div class=\"broadcast-red\"><b>The server is restarting soon.<\/b><br \/>Please finish your battles quickly. No new battles can be started until the server resets in a few minutes.<\/div>\n|inactive|staff also wants the timer to be on.\n|raw|<div class=\"broadcast-red\"><b>Moderated chat was set to +!<\/b><br \/>Only users of rank + and higher can talk.<\/div>\n|c|\u2606leonissenbaum|rip\n|\n|t:|1699158314\n|switch|p1a: Clefable|Clefable, F|100\/100\n|move|p2a: Ursaluna|Calm Mind|p2a: Ursaluna\n|-boost|p2a: Ursaluna|spa|1\n|-boost|p2a: Ursaluna|spd|1\n|\n|upkeep\n|turn|28\n|\n|t:|1699158320\n|move|p2a: Ursaluna|Earth Power|p1a: Clefable\n|-damage|p1a: Clefable|66\/100\n|move|p1a: Clefable|Calm Mind|p1a: Clefable\n|-boost|p1a: Clefable|spa|1\n|-boost|p1a: Clefable|spd|1\n|\n|-heal|p1a: Clefable|72\/100|[from] item: Leftovers\n|upkeep\n|turn|29\n|inactive|Blanched has 270 seconds left.\n|\n|t:|1699158339\n|switch|p2a: Ninetales|Ninetales-Alola, F|100\/100\n|-weather|Snow|[from] ability: Snow Warning|[of] p2a: Ninetales\n|move|p1a: Clefable|Wish|p1a: Clefable\n|\n|-weather|Snow|[upkeep]\n|-heal|p1a: Clefable|78\/100|[from] item: Leftovers\n|upkeep\n|turn|30\n|c|\u2606leonissenbaum|> a few minutes\n|c|\u2606leonissenbaum|we aren't making it through this battle\n|\n|t:|1699158351\n|move|p2a: Ninetales|Encore|p1a: Clefable\n|-start|p1a: Clefable|Encore\n|move|p1a: Clefable|Wish||[still]\n|-fail|p1a: Clefable\n|\n|-weather|Snow|[upkeep]\n|-heal|p1a: Clefable|100\/100|[from] move: Wish|[wisher] Clefable\n|upkeep\n|turn|31\n|\n|t:|1699158362\n|move|p2a: Ninetales|Freeze-Dry|p1a: Clefable\n|-damage|p1a: Clefable|91\/100\n|move|p1a: Clefable|Wish|p1a: Clefable\n|\n|-weather|Snow|[upkeep]\n|-heal|p1a: Clefable|97\/100|[from] item: Leftovers\n|upkeep\n|turn|32\n|\n|t:|1699158371\n|switch|p1a: Espeon|Espeon, M|68\/100\n|move|p2a: Ninetales|Freeze-Dry|p1a: Espeon\n|-damage|p1a: Espeon|53\/100\n|\n|-weather|Snow|[upkeep]\n|-heal|p1a: Espeon|100\/100|[from] move: Wish|[wisher] Clefable\n|upkeep\n|turn|33\n|\n|t:|1699158381\n|move|p2a: Ninetales|Aurora Veil|p2a: Ninetales\n|-sidestart|p2: Blanched|move: Aurora Veil\n|move|p1a: Espeon|Trick|p2a: Ninetales\n|-activate|p1a: Espeon|move: Trick|[of] p2a: Ninetales\n|-enditem|p2a: Ninetales|Light Clay|[silent]|[from] move: Trick\n|-item|p1a: Espeon|Light Clay|[from] move: Trick\n|\n|-weather|none\n|upkeep\n|turn|34\n|\n|t:|1699158396\n|move|p2a: Ninetales|Freeze-Dry|p1a: Espeon\n|-damage|p1a: Espeon|83\/100\n|move|p1a: Espeon|Thunder Wave|p2a: Ninetales\n|-status|p2a: Ninetales|par\n|\n|upkeep\n|turn|35\n|\n|t:|1699158402\n|move|p1a: Espeon|Psyshock|p2a: Ninetales\n|-damage|p2a: Ninetales|81\/100 par\n|cant|p2a: Ninetales|par\n|\n|upkeep\n|turn|36\n|\n|t:|1699158408\n|switch|p1a: Blissey|Blissey, F|69\/100\n|cant|p2a: Ninetales|par\n|\n|-heal|p1a: Blissey|76\/100|[from] item: Leftovers\n|upkeep\n|turn|37\n|\n|t:|1699158411\n|switch|p2a: Ursaluna|Ursaluna-Bloodmoon, M|100\/100\n|move|p1a: Blissey|Stealth Rock|p2a: Ursaluna\n|-sidestart|p2: Blanched|move: Stealth Rock\n|\n|-heal|p1a: Blissey|82\/100|[from] item: Leftovers\n|upkeep\n|turn|38\n|\n|t:|1699158428\n|switch|p2a: Ninetales|Ninetales-Alola, F|81\/100 par\n|-damage|p2a: Ninetales|56\/100 par|[from] Stealth Rock\n|-weather|Snow|[from] ability: Snow Warning|[of] p2a: Ninetales\n|switch|p1a: Clefable|Clefable, F|97\/100\n|\n|-weather|Snow|[upkeep]\n|-heal|p1a: Clefable|100\/100|[from] item: Leftovers\n|upkeep\n|turn|39\n|\n|t:|1699158440\n|switch|p1a: Blissey|Blissey, F|82\/100\n|move|p2a: Ninetales|Moonblast|p1a: Blissey\n|-damage|p1a: Blissey|73\/100\n|-unboost|p1a: Blissey|spa|1\n|\n|-weather|Snow|[upkeep]\n|-heal|p1a: Blissey|79\/100|[from] item: Leftovers\n|upkeep\n|turn|40\n|\n|t:|1699158446\n|switch|p2a: Ursaluna|Ursaluna-Bloodmoon, M|100\/100\n|-damage|p2a: Ursaluna|95\/100|[from] Stealth Rock\n|move|p1a: Blissey|Seismic Toss|p2a: Ursaluna\n|-damage|p2a: Ursaluna|67\/100\n|\n|-weather|Snow|[upkeep]\n|-heal|p2a: Ursaluna|73\/100|[from] item: Leftovers\n|-heal|p1a: Blissey|86\/100|[from] item: Leftovers\n|-sideend|p2: Blanched|move: Aurora Veil\n|upkeep\n|turn|41\n|\n|t:|1699158453\n|switch|p1a: Clefable|Clefable, F|100\/100\n|move|p2a: Ursaluna|Calm Mind|p2a: Ursaluna\n|-boost|p2a: Ursaluna|spa|1\n|-boost|p2a: Ursaluna|spd|1\n|\n|-weather|Snow|[upkeep]\n|-heal|p2a: Ursaluna|79\/100|[from] item: Leftovers\n|upkeep\n|turn|42\n|\n|t:|1699158457\n|move|p2a: Ursaluna|Blood Moon|p1a: Clefable\n|-damage|p1a: Clefable|50\/100\n|move|p1a: Clefable|Calm Mind|p1a: Clefable\n|-boost|p1a: Clefable|spa|1\n|-boost|p1a: Clefable|spd|1\n|\n|-weather|none\n|-heal|p2a: Ursaluna|85\/100|[from] item: Leftovers\n|-heal|p1a: Clefable|56\/100|[from] item: Leftovers\n|upkeep\n|turn|43\n|\n|t:|1699158467\n|move|p2a: Ursaluna|Calm Mind|p2a: Ursaluna\n|-boost|p2a: Ursaluna|spa|1\n|-boost|p2a: Ursaluna|spd|1\n|move|p1a: Clefable|Wish|p1a: Clefable\n|\n|-heal|p2a: Ursaluna|91\/100|[from] item: Leftovers\n|-heal|p1a: Clefable|62\/100|[from] item: Leftovers\n|upkeep\n|turn|44\n|\n|t:|1699158474\n|move|p2a: Ursaluna|Earth Power|p1a: Clefable\n|-damage|p1a: Clefable|37\/100\n|move|p1a: Clefable|Calm Mind|p1a: Clefable\n|-boost|p1a: Clefable|spa|1\n|-boost|p1a: Clefable|spd|1\n|\n|-heal|p1a: Clefable|87\/100|[from] move: Wish|[wisher] Clefable\n|-heal|p2a: Ursaluna|97\/100|[from] item: Leftovers\n|-heal|p1a: Clefable|93\/100|[from] item: Leftovers\n|upkeep\n|turn|45\n|\n|t:|1699158483\n|switch|p2a: Ninetales|Ninetales-Alola, F|56\/100 par\n|-damage|p2a: Ninetales|31\/100 par|[from] Stealth Rock\n|-weather|Snow|[from] ability: Snow Warning|[of] p2a: Ninetales\n|move|p1a: Clefable|Moonblast|p2a: Ninetales\n|-damage|p2a: Ninetales|0 fnt\n|faint|p2a: Ninetales\n|\n|-weather|Snow|[upkeep]\n|-heal|p1a: Clefable|99\/100|[from] item: Leftovers\n|upkeep\n|\n|t:|1699158493\n|switch|p2a: Arceus|Arceus-Fire|71\/100 par\n|-damage|p2a: Arceus|47\/100 par|[from] Stealth Rock\n|turn|46\n|\n|t:|1699158509\n|switch|p1a: Gliscor|Gliscor, M|100\/100 tox\n|move|p2a: Arceus|Dragon Dance|p2a: Arceus\n|-boost|p2a: Arceus|atk|1\n|-boost|p2a: Arceus|spe|1\n|\n|-weather|Snow|[upkeep]\n|upkeep\n|turn|47\n|\n|t:|1699158518\n|move|p2a: Arceus|Flare Blitz|p1a: Gliscor\n|-damage|p1a: Gliscor|4\/100 tox\n|-damage|p2a: Arceus|19\/100 par|[from] Recoil\n|move|p1a: Gliscor|Spikes|p2a: Arceus\n|-sidestart|p2: Blanched|Spikes\n|\n|-weather|Snow|[upkeep]\n|-heal|p1a: Gliscor|16\/100 tox|[from] ability: Poison Heal\n|upkeep\n|turn|48\n|\n|t:|1699158525\n|move|p1a: Gliscor|Protect|p1a: Gliscor\n|-singleturn|p1a: Gliscor|Protect\n|cant|p2a: Arceus|par\n|\n|-weather|Snow|[upkeep]\n|-heal|p1a: Gliscor|28\/100 tox|[from] ability: Poison Heal\n|upkeep\n|turn|49\n|\n|t:|1699158530\n|switch|p1a: Dondozo|Dondozo, M|100\/100\n|move|p2a: Arceus|Flare Blitz|p1a: Dondozo\n|-resisted|p1a: Dondozo\n|-damage|p1a: Dondozo|84\/100\n|-damage|p2a: Arceus|3\/100 par|[from] item: Rocky Helmet|[of] p1a: Dondozo\n|-damage|p2a: Arceus|0 fnt|[from] Recoil\n|faint|p2a: Arceus\n|\n|-weather|none\n|upkeep\n|\n|t:|1699158535\n|switch|p2a: Magearna|Magearna|100\/100\n|-damage|p2a: Magearna|94\/100|[from] Stealth Rock\n|-damage|p2a: Magearna|82\/100|[from] Spikes\n|turn|50\n|\n|t:|1699158541\n|switch|p1a: Blissey|Blissey, F|86\/100\n|move|p2a: Magearna|Calm Mind|p2a: Magearna\n|-boost|p2a: Magearna|spa|1\n|-boost|p2a: Magearna|spd|1\n|\n|-heal|p2a: Magearna|88\/100|[from] item: Leftovers\n|-heal|p1a: Blissey|92\/100|[from] item: Leftovers\n|upkeep\n|turn|51\n|\n|t:|1699158548\n|switch|p1a: Clefable|Clefable, F|99\/100\n|move|p2a: Magearna|Calm Mind|p2a: Magearna\n|-boost|p2a: Magearna|spa|1\n|-boost|p2a: Magearna|spd|1\n|\n|-heal|p2a: Magearna|94\/100|[from] item: Leftovers\n|-heal|p1a: Clefable|100\/100|[from] item: Leftovers\n|upkeep\n|turn|52\n|\n|t:|1699158551\n|move|p2a: Magearna|Calm Mind|p2a: Magearna\n|-boost|p2a: Magearna|spa|1\n|-boost|p2a: Magearna|spd|1\n|move|p1a: Clefable|Calm Mind|p1a: Clefable\n|-boost|p1a: Clefable|spa|1\n|-boost|p1a: Clefable|spd|1\n|\n|-heal|p2a: Magearna|99\/100|[from] item: Leftovers\n|upkeep\n|turn|53\n|\n|t:|1699158555\n|move|p2a: Magearna|Calm Mind|p2a: Magearna\n|-boost|p2a: Magearna|spa|1\n|-boost|p2a: Magearna|spd|1\n|move|p1a: Clefable|Calm Mind|p1a: Clefable\n|-boost|p1a: Clefable|spa|1\n|-boost|p1a: Clefable|spd|1\n|\n|-heal|p2a: Magearna|100\/100|[from] item: Leftovers\n|upkeep\n|turn|54\n|\n|t:|1699158571\n|move|p2a: Magearna|Iron Defense|p2a: Magearna\n|-boost|p2a: Magearna|def|2\n|move|p1a: Clefable|Calm Mind|p1a: Clefable\n|-boost|p1a: Clefable|spa|1\n|-boost|p1a: Clefable|spd|1\n|\n|upkeep\n|turn|55\n|\n|t:|1699158584\n|-terastallize|p1a: Clefable|Dark\n|move|p2a: Magearna|Iron Defense|p2a: Magearna\n|-boost|p2a: Magearna|def|2\n|move|p1a: Clefable|Calm Mind|p1a: Clefable\n|-boost|p1a: Clefable|spa|1\n|-boost|p1a: Clefable|spd|1\n|\n|upkeep\n|turn|56\n|\n|t:|1699158590\n|move|p2a: Magearna|Calm Mind|p2a: Magearna\n|-boost|p2a: Magearna|spa|1\n|-boost|p2a: Magearna|spd|1\n|move|p1a: Clefable|Calm Mind|p1a: Clefable\n|-boost|p1a: Clefable|spa|1\n|-boost|p1a: Clefable|spd|1\n|\n|upkeep\n|turn|57\n|\n|t:|1699158597\n|move|p2a: Magearna|Draining Kiss|p1a: Clefable\n|-supereffective|p1a: Clefable\n|-damage|p1a: Clefable|92\/100\n|move|p1a: Clefable|Calm Mind|p1a: Clefable\n|-boost|p1a: Clefable|spa|1\n|-boost|p1a: Clefable|spd|1\n|\n|-heal|p1a: Clefable|98\/100|[from] item: Leftovers\n|upkeep\n|turn|58\n|c|\u2606leonissenbaum|test\n|inactive|Blanched has 270 seconds left.\n|inactive|Blanched has 240 seconds left.\n|\n|t:|1699158665\n|move|p2a: Magearna|Calm Mind|p2a: Magearna\n|-boost|p2a: Magearna|spa|1\n|-boost|p2a: Magearna|spd|1\n|move|p1a: Clefable|Moonblast|p2a: Magearna\n|-resisted|p2a: Magearna\n|-damage|p2a: Magearna|52\/100\n|\n|-heal|p2a: Magearna|58\/100|[from] item: Leftovers\n|-heal|p1a: Clefable|100\/100|[from] item: Leftovers\n|upkeep\n|turn|59\n|inactive|Blanched has 240 seconds left.\n|\n|t:|1699158670\n|move|p2a: Magearna|Draining Kiss|p1a: Clefable\n|-supereffective|p1a: Clefable\n|-damage|p1a: Clefable|93\/100\n|-heal|p2a: Magearna|64\/100|[from] drain|[of] p1a: Clefable\n|move|p1a: Clefable|Moonblast|p2a: Magearna\n|-resisted|p2a: Magearna\n|-crit|p2a: Magearna\n|-damage|p2a: Magearna|0 fnt\n|faint|p2a: Magearna\n|\n|-heal|p1a: Clefable|99\/100|[from] item: Leftovers\n|upkeep\n|inactive|Blanched has 240 seconds left.\n|\n|t:|1699158677\n|switch|p2a: Ursaluna|Ursaluna-Bloodmoon, M|97\/100\n|-damage|p2a: Ursaluna|91\/100|[from] Stealth Rock\n|-damage|p2a: Ursaluna|79\/100|[from] Spikes\n|turn|60\n|inactive|Blanched has 240 seconds left.\n|\n|t:|1699158688\n|move|p2a: Ursaluna|Blood Moon|p1a: Clefable\n|-damage|p1a: Clefable|84\/100\n|move|p1a: Clefable|Moonblast|p2a: Ursaluna\n|-damage|p2a: Ursaluna|0 fnt\n|faint|p2a: Ursaluna\n|\n|-heal|p1a: Clefable|90\/100|[from] item: Leftovers\n|upkeep\n|\n|t:|1699158690\n|switch|p2a: Espathra|Espathra, F|100\/100\n|-damage|p2a: Espathra|88\/100|[from] Stealth Rock\n|-damage|p2a: Espathra|76\/100|[from] Spikes\n|turn|61\n|\n|t:|1699158694\n|-terastallize|p2a: Espathra|Fairy\n|move|p2a: Espathra|Dazzling Gleam|p1a: Clefable\n|-supereffective|p1a: Clefable\n|-damage|p1a: Clefable|81\/100\n|move|p1a: Clefable|Moonblast|p2a: Espathra\n|-damage|p2a: Espathra|0 fnt\n|faint|p2a: Espathra\n|\n|win|leonissenbaum\n|c|\u2606leonissenbaum|gg\n|l|\u203dBlanched\n","uploadtime":1699158706,"views":29,"p1id":"leonissenbaum","p2id":"blanched","formatid":"gen9ubers","rating":0,"private":0,"password":""}