{"id":"gen9ubers-1998602375","p1":"Raiozin","p2":"Ga1axyDood1e","format":"[Gen 9] Ubers","log":"|j|\u2606Raiozin\n|j|\u2606Ga1axyDood1e\n|t:|1700961659\n|gametype|singles\n|player|p1|Raiozin|gambler|1175\n|player|p2|Ga1axyDood1e|cynthia|1000\n|teamsize|p1|6\n|teamsize|p2|6\n|gen|9\n|tier|[Gen 9] Ubers\n|rated|\n|rule|Sleep Clause Mod: Limit one foe put to sleep\n|rule|Species Clause: Limit one of each Pok\u00e9mon\n|rule|OHKO Clause: OHKO moves are banned\n|rule|Evasion Items Clause: Evasion items are banned\n|rule|Evasion Moves Clause: Evasion moves are banned\n|rule|Endless Battle Clause: Forcing endless battles is banned\n|rule|HP Percentage Mod: HP is shown in percentages\n|clearpoke\n|poke|p1|Kommo-o, M|\n|poke|p1|Chien-Pao|\n|poke|p1|Basculegion, M|\n|poke|p1|Espathra, M|\n|poke|p1|Ribombee, F|\n|poke|p1|Kyogre|\n|poke|p2|Iron Valiant|\n|poke|p2|Ceruledge, F|\n|poke|p2|Victreebel, F|\n|poke|p2|Greninja-*, F|\n|poke|p2|Calyrex-Ice|\n|poke|p2|Garchomp, F|\n|teampreview\n|\n|t:|1700961681\n|start\n|switch|p1a: Ribombee|Ribombee, F|100\/100\n|switch|p2a: Iron Valiant|Iron Valiant|100\/100\n|turn|1\n|\n|t:|1700961695\n|move|p1a: Ribombee|Sticky Web|p2a: Iron Valiant\n|-sidestart|p2: Ga1axyDood1e|move: Sticky Web\n|move|p2a: Iron Valiant|Future Sight|p1a: Ribombee\n|-start|p2a: Iron Valiant|move: Future Sight\n|\n|upkeep\n|turn|2\n|\n|t:|1700961707\n|move|p1a: Ribombee|Psychic|p2a: Iron Valiant\n|-supereffective|p2a: Iron Valiant\n|-damage|p2a: Iron Valiant|11\/100\n|move|p2a: Iron Valiant|Electric Terrain|p2a: Iron Valiant\n|-fieldstart|move: Electric Terrain\n|-activate|p2a: Iron Valiant|ability: Quark Drive\n|-start|p2a: Iron Valiant|quarkdrivespe\n|\n|-heal|p2a: Iron Valiant|17\/100|[from] item: Leftovers\n|upkeep\n|turn|3\n|\n|t:|1700961717\n|move|p2a: Iron Valiant|Aura Sphere|p1a: Ribombee\n|-resisted|p1a: Ribombee\n|-damage|p1a: Ribombee|84\/100\n|move|p1a: Ribombee|Psychic|p2a: Iron Valiant\n|-supereffective|p2a: Iron Valiant\n|-damage|p2a: Iron Valiant|0 fnt\n|faint|p2a: Iron Valiant\n|-end|p2a: Iron Valiant|Quark Drive|[silent]\n|\n|-end|p1a: Ribombee|move: Future Sight\n|-damage|p1a: Ribombee|17\/100\n|upkeep\n|\n|t:|1700961733\n|switch|p2a: Ceruledge|Ceruledge, F|100\/100\n|-activate|p2a: Ceruledge|move: Sticky Web\n|-unboost|p2a: Ceruledge|spe|1\n|turn|4\n|\n|t:|1700961762\n|move|p1a: Ribombee|Moonblast|p2a: Ceruledge\n|-resisted|p2a: Ceruledge\n|-damage|p2a: Ceruledge|76\/100\n|move|p2a: Ceruledge|Sunny Day|p2a: Ceruledge\n|-weather|SunnyDay\n|\n|-weather|SunnyDay|[upkeep]\n|upkeep\n|turn|5\n|\n|t:|1700961773\n|move|p1a: Ribombee|Stun Spore|p2a: Ceruledge|[miss]\n|-miss|p1a: Ribombee|p2a: Ceruledge\n|move|p2a: Ceruledge|Bitter Blade|p1a: Ribombee\n|-supereffective|p1a: Ribombee\n|-damage|p1a: Ribombee|0 fnt\n|-heal|p2a: Ceruledge|84\/100|[from] drain|[of] p1a: Ribombee\n|faint|p1a: Ribombee\n|\n|-weather|SunnyDay|[upkeep]\n|upkeep\n|\n|t:|1700961793\n|switch|p1a: Kyogre|Kyogre|100\/100\n|-weather|RainDance|[from] ability: Drizzle|[of] p1a: Kyogre\n|turn|6\n|\n|t:|1700961811\n|-terastallize|p2a: Ceruledge|Grass\n|move|p1a: Kyogre|Water Spout|p2a: Ceruledge\n|-resisted|p2a: Ceruledge\n|-damage|p2a: Ceruledge|2\/100\n|move|p2a: Ceruledge|Sunny Day|p2a: Ceruledge\n|-weather|SunnyDay\n|\n|-weather|SunnyDay|[upkeep]\n|-fieldend|move: Electric Terrain\n|upkeep\n|turn|7\n|\n|t:|1700961819\n|move|p1a: Kyogre|Water Spout|p2a: Ceruledge\n|-resisted|p2a: Ceruledge\n|-damage|p2a: Ceruledge|0 fnt\n|faint|p2a: Ceruledge\n|\n|-weather|SunnyDay|[upkeep]\n|upkeep\n|\n|t:|1700961825\n|switch|p2a: Victreebel|Victreebel, F|100\/100\n|-activate|p2a: Victreebel|move: Sticky Web\n|-unboost|p2a: Victreebel|spe|1\n|turn|8\n|\n|t:|1700961834\n|move|p1a: Kyogre|Water Spout|p2a: Victreebel\n|-resisted|p2a: Victreebel\n|-crit|p2a: Victreebel\n|-damage|p2a: Victreebel|45\/100\n|move|p2a: Victreebel|Energy Ball|p1a: Kyogre\n|-supereffective|p1a: Kyogre\n|-damage|p1a: Kyogre|47\/100\n|\n|-weather|SunnyDay|[upkeep]\n|upkeep\n|turn|9\n|\n|t:|1700961853\n|switch|p1a: Chien-Pao|Chien-Pao|100\/100\n|-ability|p1a: Chien-Pao|Sword of Ruin\n|move|p2a: Victreebel|Energy Ball|p1a: Chien-Pao\n|-damage|p1a: Chien-Pao|38\/100\n|\n|-weather|SunnyDay|[upkeep]\n|upkeep\n|turn|10\n|\n|t:|1700961867\n|move|p1a: Chien-Pao|Ice Shard|p2a: Victreebel\n|-supereffective|p2a: Victreebel\n|-damage|p2a: Victreebel|0 fnt\n|faint|p2a: Victreebel\n|-damage|p1a: Chien-Pao|28\/100|[from] item: Life Orb\n|\n|-weather|none\n|upkeep\n|\n|t:|1700961877\n|switch|p2a: Garchomp|Garchomp, F, shiny|100\/100\n|-activate|p2a: Garchomp|move: Sticky Web\n|-unboost|p2a: Garchomp|spe|1\n|turn|11\n|\n|t:|1700961883\n|move|p1a: Chien-Pao|Ice Spinner|p2a: Garchomp\n|-supereffective|p2a: Garchomp\n|-damage|p2a: Garchomp|0 fnt\n|faint|p2a: Garchomp\n|-damage|p1a: Chien-Pao|18\/100|[from] item: Life Orb\n|\n|upkeep\n|\n|t:|1700961891\n|switch|p2a: Greninja|Greninja, F|100\/100\n|-activate|p2a: Greninja|move: Sticky Web\n|-unboost|p2a: Greninja|spe|1\n|turn|12\n|\n|t:|1700961897\n|move|p1a: Chien-Pao|Sacred Sword|p2a: Greninja\n|-supereffective|p2a: Greninja\n|-damage|p2a: Greninja|0 fnt\n|faint|p2a: Greninja\n|-damage|p1a: Chien-Pao|8\/100|[from] item: Life Orb\n|\n|upkeep\n|\n|t:|1700961904\n|switch|p2a: Calyrex|Calyrex-Ice|100\/100\n|-ability|p2a: Calyrex|As One\n|-ability|p2a: Calyrex|Unnerve\n|-item|p2a: Calyrex|Air Balloon\n|turn|13\n|\n|t:|1700961917\n|move|p1a: Chien-Pao|Crunch|p2a: Calyrex\n|-supereffective|p2a: Calyrex\n|-damage|p2a: Calyrex|23\/100\n|-unboost|p2a: Calyrex|def|1\n|-enditem|p2a: Calyrex|Air Balloon\n|-damage|p1a: Chien-Pao|0 fnt|[from] item: Life Orb\n|faint|p1a: Chien-Pao\n|move|p2a: Calyrex|Glacial Lance|p1: Chien-Pao|[notarget]\n|-fail|p2a: Calyrex\n|\n|upkeep\n|\n|t:|1700961935\n|switch|p1a: Kommo-o|Kommo-o, M|100\/100\n|turn|14\n|\n|t:|1700961947\n|move|p1a: Kommo-o|Drain Punch|p2a: Calyrex\n|-damage|p2a: Calyrex|0 fnt\n|faint|p2a: Calyrex\n|\n|win|Raiozin\n|raw|Raiozin's rating: 1175 &rarr; <strong>1188<\/strong><br \/>(+13 for winning)\n|raw|Ga1axyDood1e's rating: 1000 &rarr; <strong>1000<\/strong><br \/>(+0 for losing)\n","uploadtime":1700961954,"views":9,"p1id":"raiozin","p2id":"ga1axydood1e","formatid":"gen9ubers","rating":1000,"private":0,"password":""}