{"id":"gen9ubers-1994359134","p1":"xegrizzy","p2":"RyzEr Chris","format":"[Gen 9] Ubers","log":"|j|\u2606xegrizzy\n|j|\u2606RyzEr Chris\n|t:|1700434927\n|gametype|singles\n|player|p1|xegrizzy|169|\n|player|p2|RyzEr Chris|170|\n|teamsize|p1|6\n|teamsize|p2|6\n|gen|9\n|tier|[Gen 9] Ubers\n|rule|Sleep Clause Mod: Limit one foe put to sleep\n|rule|Species Clause: Limit one of each Pok\u00e9mon\n|rule|OHKO Clause: OHKO moves are banned\n|rule|Evasion Items Clause: Evasion items are banned\n|rule|Evasion Moves Clause: Evasion moves are banned\n|rule|Endless Battle Clause: Forcing endless battles is banned\n|rule|HP Percentage Mod: HP is shown in percentages\n|clearpoke\n|poke|p1|Clefable, F|\n|poke|p1|Roaring Moon|\n|poke|p1|Iron Moth|\n|poke|p1|Rotom-Wash|\n|poke|p1|Torkoal, F|\n|poke|p1|Great Tusk|\n|poke|p2|Annihilape, M|\n|poke|p2|Chi-Yu|\n|poke|p2|Amoonguss, F|\n|poke|p2|Quagsire, F|\n|poke|p2|Baxcalibur, F|\n|poke|p2|Iron Jugulis|\n|teampreview\n|c|\u2606RyzEr Chris|glhf\n|j| justinrockin\n|c|\u2606xegrizzy|glhf\n|\n|t:|1700434993\n|start\n|switch|p1a: Iron Moth|Iron Moth|100\/100\n|switch|p2a: Chi-Yu|Chi-Yu|100\/100\n|-ability|p2a: Chi-Yu|Beads of Ruin\n|turn|1\n|j| iceberg149\n|\n|t:|1700435059\n|-end|p1a: Iron Moth|Quark Drive|[silent]\n|switch|p1a: Roaring Moon|Roaring Moon|100\/100\n|move|p2a: Chi-Yu|Psychic|p1a: Roaring Moon\n|-immune|p1a: Roaring Moon\n|\n|upkeep\n|turn|2\n|\n|t:|1700435085\n|switch|p2a: Quagsire|Quagsire, F|100\/100\n|move|p1a: Roaring Moon|Knock Off|p2a: Quagsire\n|-damage|p2a: Quagsire|62\/100\n|-enditem|p2a: Quagsire|Leftovers|[from] move: Knock Off|[of] p1a: Roaring Moon\n|\n|upkeep\n|turn|3\n|\n|t:|1700435128\n|-end|p1a: Roaring Moon|Protosynthesis|[silent]\n|switch|p1a: Torkoal|Torkoal, F|100\/100\n|-weather|SunnyDay|[from] ability: Drought|[of] p1a: Torkoal\n|move|p2a: Quagsire|Toxic|p1a: Torkoal\n|-status|p1a: Torkoal|tox\n|\n|-weather|SunnyDay|[upkeep]\n|-damage|p1a: Torkoal|94\/100 tox|[from] psn\n|upkeep\n|turn|4\n|\n|t:|1700435168\n|switch|p2a: Iron Jugulis|Iron Jugulis|100\/100\n|-enditem|p2a: Iron Jugulis|Booster Energy\n|-activate|p2a: Iron Jugulis|ability: Quark Drive|[fromitem]\n|-start|p2a: Iron Jugulis|quarkdrivespe\n|move|p1a: Torkoal|Stealth Rock|p2a: Iron Jugulis\n|-sidestart|p2: RyzEr Chris|move: Stealth Rock\n|\n|-weather|SunnyDay|[upkeep]\n|-damage|p1a: Torkoal|82\/100 tox|[from] psn\n|upkeep\n|turn|5\n|\n|t:|1700435192\n|switch|p1a: Rotom|Rotom-Wash|100\/100\n|move|p2a: Iron Jugulis|Taunt|p1a: Rotom\n|-start|p1a: Rotom|move: Taunt\n|\n|-weather|SunnyDay|[upkeep]\n|upkeep\n|turn|6\n|\n|t:|1700435204\n|-end|p2a: Iron Jugulis|Quark Drive|[silent]\n|switch|p2a: Amoonguss|Amoonguss, F|100\/100\n|-damage|p2a: Amoonguss|88\/100|[from] Stealth Rock\n|move|p1a: Rotom|Volt Switch|p2a: Amoonguss\n|-resisted|p2a: Amoonguss\n|-damage|p2a: Amoonguss|80\/100\n|\n|t:|1700435221\n|switch|p1a: Iron Moth|Iron Moth|100\/100|[from] Volt Switch\n|\n|-weather|SunnyDay|[upkeep]\n|upkeep\n|turn|7\n|\n|t:|1700435245\n|move|p1a: Iron Moth|Sludge Wave|p2a: Amoonguss\n|-damage|p2a: Amoonguss|24\/100\n|move|p2a: Amoonguss|Spore|p1a: Iron Moth\n|-status|p1a: Iron Moth|slp|[from] move: Spore\n|\n|-weather|SunnyDay|[upkeep]\n|upkeep\n|turn|8\n|\n|t:|1700435308\n|switch|p2a: Baxcalibur|Baxcalibur, F|100\/100\n|-damage|p2a: Baxcalibur|76\/100|[from] Stealth Rock\n|cant|p1a: Iron Moth|slp\n|\n|-weather|SunnyDay|[upkeep]\n|upkeep\n|turn|9\n|\n|t:|1700435320\n|-end|p1a: Iron Moth|Quark Drive|[silent]\n|switch|p1a: Clefable|Clefable, F|100\/100\n|move|p2a: Baxcalibur|Glaive Rush|p1a: Clefable\n|-immune|p1a: Clefable\n|\n|-weather|SunnyDay|[upkeep]\n|upkeep\n|turn|10\n|\n|t:|1700435332\n|switch|p2a: Amoonguss|Amoonguss, F|58\/100\n|-damage|p2a: Amoonguss|45\/100|[from] Stealth Rock\n|move|p1a: Clefable|Reflect|p1a: Clefable\n|-sidestart|p1: xegrizzy|Reflect\n|\n|-weather|none\n|upkeep\n|turn|11\n|\n|t:|1700435351\n|switch|p1a: Torkoal|Torkoal, F|82\/100 tox\n|-weather|SunnyDay|[from] ability: Drought|[of] p1a: Torkoal\n|move|p2a: Amoonguss|Toxic|p1a: Torkoal\n|-fail|p1a: Torkoal|tox\n|\n|-weather|SunnyDay|[upkeep]\n|-damage|p1a: Torkoal|76\/100 tox|[from] psn\n|upkeep\n|turn|12\n|\n|t:|1700435364\n|switch|p2a: Quagsire|Quagsire, F|62\/100\n|-damage|p2a: Quagsire|56\/100|[from] Stealth Rock\n|move|p1a: Torkoal|Will-O-Wisp|p2a: Quagsire|[miss]\n|-miss|p1a: Torkoal|p2a: Quagsire\n|\n|-weather|SunnyDay|[upkeep]\n|-damage|p1a: Torkoal|64\/100 tox|[from] psn\n|upkeep\n|turn|13\n|\n|t:|1700435431\n|switch|p1a: Iron Moth|Iron Moth|100\/100 slp\n|move|p2a: Quagsire|Spikes|p1a: Iron Moth\n|-sidestart|p1: xegrizzy|Spikes\n|\n|-weather|SunnyDay|[upkeep]\n|upkeep\n|turn|14\n|\n|t:|1700435444\n|-curestatus|p1a: Iron Moth|slp|[msg]\n|move|p1a: Iron Moth|Energy Ball|p2a: Quagsire\n|-supereffective|p2a: Quagsire\n|-damage|p2a: Quagsire|0 fnt\n|faint|p2a: Quagsire\n|\n|-weather|SunnyDay|[upkeep]\n|-sideend|p1: xegrizzy|Reflect\n|upkeep\n|\n|t:|1700435475\n|switch|p2a: Annihilape|Annihilape, M|100\/100\n|-damage|p2a: Annihilape|94\/100|[from] Stealth Rock\n|turn|15\n|\n|t:|1700435500\n|-end|p1a: Iron Moth|Quark Drive|[silent]\n|switch|p1a: Great Tusk|Great Tusk|100\/100\n|-damage|p1a: Great Tusk|88\/100|[from] Spikes\n|-activate|p1a: Great Tusk|ability: Protosynthesis\n|-start|p1a: Great Tusk|protosynthesisatk\n|move|p2a: Annihilape|Bulk Up|p2a: Annihilape\n|-boost|p2a: Annihilape|atk|1\n|-boost|p2a: Annihilape|def|1\n|\n|-weather|SunnyDay|[upkeep]\n|-heal|p2a: Annihilape|100\/100|[from] item: Leftovers\n|upkeep\n|turn|16\n|\n|t:|1700435528\n|move|p2a: Annihilape|Bulk Up|p2a: Annihilape\n|-boost|p2a: Annihilape|atk|1\n|-boost|p2a: Annihilape|def|1\n|move|p1a: Great Tusk|Play Rough|p2a: Annihilape\n|-supereffective|p2a: Annihilape\n|-damage|p2a: Annihilape|63\/100\n|\n|-weather|SunnyDay|[upkeep]\n|-heal|p2a: Annihilape|70\/100|[from] item: Leftovers\n|upkeep\n|turn|17\n|j| Yveltql\n|\n|t:|1700435577\n|move|p2a: Annihilape|Bulk Up|p2a: Annihilape\n|-boost|p2a: Annihilape|atk|1\n|-boost|p2a: Annihilape|def|1\n|move|p1a: Great Tusk|Play Rough|p2a: Annihilape\n|-supereffective|p2a: Annihilape\n|-damage|p2a: Annihilape|43\/100\n|\n|-weather|SunnyDay|[upkeep]\n|-heal|p2a: Annihilape|49\/100|[from] item: Leftovers\n|upkeep\n|turn|18\n|\n|t:|1700435593\n|-end|p1a: Great Tusk|Protosynthesis|[silent]\n|switch|p1a: Clefable|Clefable, F|100\/100\n|-damage|p1a: Clefable|88\/100|[from] Spikes\n|move|p2a: Annihilape|Rage Fist|p1a: Clefable\n|-damage|p1a: Clefable|47\/100\n|\n|-weather|none\n|-heal|p2a: Annihilape|55\/100|[from] item: Leftovers\n|-heal|p1a: Clefable|53\/100|[from] item: Leftovers\n|upkeep\n|turn|19\n|\n|t:|1700435604\n|move|p2a: Annihilape|Rage Fist|p1a: Clefable\n|-damage|p1a: Clefable|12\/100\n|move|p1a: Clefable|Reflect|p1a: Clefable\n|-sidestart|p1: xegrizzy|Reflect\n|\n|-heal|p2a: Annihilape|62\/100|[from] item: Leftovers\n|-heal|p1a: Clefable|18\/100|[from] item: Leftovers\n|upkeep\n|turn|20\n|\n|t:|1700435611\n|move|p2a: Annihilape|Rage Fist|p1a: Clefable\n|-damage|p1a: Clefable|0 fnt\n|faint|p1a: Clefable\n|\n|-heal|p2a: Annihilape|68\/100|[from] item: Leftovers\n|upkeep\n|\n|t:|1700435618\n|switch|p1a: Iron Moth|Iron Moth|100\/100\n|-damage|p1a: Iron Moth|88\/100|[from] Spikes\n|turn|21\n|\n|t:|1700435624\n|move|p1a: Iron Moth|Fiery Dance|p2a: Annihilape\n|-damage|p2a: Annihilape|23\/100\n|-boost|p1a: Iron Moth|spa|1\n|move|p2a: Annihilape|Rage Fist|p1a: Iron Moth\n|-damage|p1a: Iron Moth|0 fnt\n|faint|p1a: Iron Moth\n|-end|p1a: Iron Moth|Quark Drive|[silent]\n|\n|-heal|p2a: Annihilape|29\/100|[from] item: Leftovers\n|upkeep\n|l| Yveltql\n|\n|t:|1700435646\n|switch|p1a: Rotom|Rotom-Wash|100\/100\n|turn|22\n|j| hatev2\n|l| hatev2\n|\n|t:|1700435696\n|move|p2a: Annihilape|Taunt|p1a: Rotom\n|-start|p1a: Rotom|move: Taunt\n|move|p1a: Rotom|Hydro Pump|p2a: Annihilape\n|-damage|p2a: Annihilape|5\/100\n|\n|-heal|p2a: Annihilape|12\/100|[from] item: Leftovers\n|upkeep\n|turn|23\n|\n|t:|1700435730\n|move|p2a: Annihilape|Drain Punch|p1a: Rotom\n|-damage|p1a: Rotom|71\/100\n|-heal|p2a: Annihilape|22\/100|[from] drain|[of] p1a: Rotom\n|move|p1a: Rotom|Hydro Pump|p2a: Annihilape\n|-damage|p2a: Annihilape|0 fnt\n|faint|p2a: Annihilape\n|\n|-sideend|p1: xegrizzy|Reflect\n|upkeep\n|\n|t:|1700435745\n|switch|p2a: Baxcalibur|Baxcalibur, F|76\/100\n|-damage|p2a: Baxcalibur|51\/100|[from] Stealth Rock\n|turn|24\n|\n|t:|1700435763\n|move|p2a: Baxcalibur|Dragon Dance|p2a: Baxcalibur\n|-boost|p2a: Baxcalibur|atk|1\n|-boost|p2a: Baxcalibur|spe|1\n|move|p1a: Rotom|Volt Switch|p2a: Baxcalibur\n|-resisted|p2a: Baxcalibur\n|-damage|p2a: Baxcalibur|37\/100\n|\n|t:|1700435770\n|switch|p1a: Roaring Moon|Roaring Moon|100\/100|[from] Volt Switch\n|-damage|p1a: Roaring Moon|88\/100|[from] Spikes\n|\n|upkeep\n|turn|25\n|\n|t:|1700435778\n|move|p2a: Baxcalibur|Glaive Rush|p1a: Roaring Moon\n|-supereffective|p1a: Roaring Moon\n|-damage|p1a: Roaring Moon|0 fnt\n|-singlemove|p2a: Baxcalibur|Glaive Rush|[silent]\n|faint|p1a: Roaring Moon\n|-end|p1a: Roaring Moon|Protosynthesis|[silent]\n|\n|upkeep\n|\n|t:|1700435790\n|switch|p1a: Torkoal|Torkoal, F|64\/100 tox\n|-damage|p1a: Torkoal|51\/100 tox|[from] Spikes\n|-weather|SunnyDay|[from] ability: Drought|[of] p1a: Torkoal\n|turn|26\n|\n|t:|1700435800\n|move|p2a: Baxcalibur|Earthquake|p1a: Torkoal\n|-supereffective|p1a: Torkoal\n|-damage|p1a: Torkoal|0 fnt\n|faint|p1a: Torkoal\n|\n|-weather|SunnyDay|[upkeep]\n|upkeep\n|\n|t:|1700435806\n|switch|p1a: Great Tusk|Great Tusk|88\/100\n|-damage|p1a: Great Tusk|76\/100|[from] Spikes\n|-activate|p1a: Great Tusk|ability: Protosynthesis\n|-start|p1a: Great Tusk|protosynthesisatk\n|turn|27\n|\n|t:|1700435813\n|move|p2a: Baxcalibur|Icicle Spear|p1a: Great Tusk\n|-supereffective|p1a: Great Tusk\n|-damage|p1a: Great Tusk|44\/100\n|-supereffective|p1a: Great Tusk\n|-crit|p1a: Great Tusk\n|-damage|p1a: Great Tusk|0 fnt\n|faint|p1a: Great Tusk\n|-end|p1a: Great Tusk|Protosynthesis|[silent]\n|-hitcount|p1: Great Tusk|2\n|\n|-weather|SunnyDay|[upkeep]\n|upkeep\n|\n|t:|1700435820\n|switch|p1a: Rotom|Rotom-Wash|71\/100\n|turn|28\n|\n|t:|1700435824\n|move|p2a: Baxcalibur|Glaive Rush|p1a: Rotom\n|-damage|p1a: Rotom|0 fnt\n|-singlemove|p2a: Baxcalibur|Glaive Rush|[silent]\n|faint|p1a: Rotom\n|\n|win|RyzEr Chris\n|c|\u2606RyzEr Chris|gg\n|c|\u2606xegrizzy|gg\n|c|\u2606xegrizzy|i threw by not auto switching\n|c|\u2606RyzEr Chris|yeahhh\n|c|\u2606RyzEr Chris|i def misplayed\n|l| iceberg149\n|c|\u2606RyzEr Chris|way too much\n|c|\u2606RyzEr Chris|in the beginning\n|c|\u2606RyzEr Chris|i was predictingh what u were gonna do and then im like\n|c|\u2606RyzEr Chris|what if he doesnt\n|c|\u2606xegrizzy|i also thought u were psycho for letting amoongus take a possible fiery dance\n|c|\u2606RyzEr Chris|xd\n","uploadtime":1700435876,"views":25,"p1id":"xegrizzy","p2id":"ryzerchris","formatid":"gen9ubers","rating":0,"private":0,"password":""}