{"id":"gen9ubers-2000302374","p1":"MizuriKip","p2":"ASharpSharpie","format":"[Gen 9] Ubers","log":"|j|\u2606MizuriKip\n|j|\u2606ASharpSharpie\n|t:|1701182989\n|gametype|singles\n|player|p1|MizuriKip|zinnia|\n|player|p2|ASharpSharpie|pokekid|\n|teamsize|p1|6\n|teamsize|p2|6\n|gen|9\n|tier|[Gen 9] Ubers\n|rule|Sleep Clause Mod: Limit one foe put to sleep\n|rule|Species Clause: Limit one of each Pok\u00e9mon\n|rule|OHKO Clause: OHKO moves are banned\n|rule|Evasion Items Clause: Evasion items are banned\n|rule|Evasion Moves Clause: Evasion moves are banned\n|rule|Endless Battle Clause: Forcing endless battles is banned\n|rule|HP Percentage Mod: HP is shown in percentages\n|clearpoke\n|poke|p1|Pelipper, M|\n|poke|p1|Walking Wake|\n|poke|p1|Thundurus-Therian, M|\n|poke|p1|Ogerpon-Wellspring, F|\n|poke|p1|Greninja-*, M|\n|poke|p1|Crawdaunt, F|\n|poke|p2|Gallade, M|\n|poke|p2|Grafaiai, F|\n|poke|p2|Corviknight, F|\n|poke|p2|Dragapult, M|\n|poke|p2|Clefable, F|\n|poke|p2|Rotom-Wash|\n|teampreview\n|inactive|Battle timer is ON: inactive players will automatically lose when time's up. (requested by ASharpSharpie)\n|c|\u2606MizuriKip|halo\n|inactive|MizuriKip has 270 seconds left.\n|c|\u2606ASharpSharpie|halo\n|\n|t:|1701183073\n|start\n|switch|p1a: Pelipper|Pelipper, M|100\/100\n|switch|p2a: Clefable|Clefable, F|100\/100\n|-weather|RainDance|[from] ability: Drizzle|[of] p1a: Pelipper\n|turn|1\n|\n|t:|1701183095\n|move|p2a: Clefable|Stealth Rock|p1a: Pelipper\n|-sidestart|p1: MizuriKip|move: Stealth Rock\n|move|p1a: Pelipper|U-turn|p2a: Clefable\n|-resisted|p2a: Clefable\n|-damage|p2a: Clefable|95\/100\n|inactive|MizuriKip has 270 seconds left.\n|\n|t:|1701183115\n|switch|p1a: Ogerpon|Ogerpon-Wellspring, F|100\/100|[from] U-turn\n|-damage|p1a: Ogerpon|88\/100|[from] Stealth Rock\n|\n|-weather|RainDance|[upkeep]\n|-heal|p2a: Clefable|100\/100|[from] item: Leftovers\n|upkeep\n|turn|2\n|\n|t:|1701183125\n|move|p2a: Clefable|Protect|p2a: Clefable\n|-singleturn|p2a: Clefable|Protect\n|move|p1a: Ogerpon|Swords Dance|p1a: Ogerpon\n|-boost|p1a: Ogerpon|atk|2\n|\n|-weather|RainDance|[upkeep]\n|upkeep\n|turn|3\n|inactive|MizuriKip has 270 seconds left.\n|\n|t:|1701183149\n|move|p1a: Ogerpon|Ivy Cudgel|p2a: Clefable|[anim] Ivy Cudgel Water\n|-damage|p2a: Clefable|0 fnt\n|faint|p2a: Clefable\n|\n|-weather|RainDance|[upkeep]\n|upkeep\n|inactive|ASharpSharpie has 270 seconds left.\n|\n|t:|1701183178\n|switch|p2a: Rotom|Rotom-Wash|100\/100\n|turn|4\n|inactive|MizuriKip has 270 seconds left.\n|\n|t:|1701183191\n|move|p1a: Ogerpon|Wood Hammer|p2a: Rotom\n|-supereffective|p2a: Rotom\n|-damage|p2a: Rotom|0 fnt\n|faint|p2a: Rotom\n|-damage|p1a: Ogerpon|55\/100|[from] Recoil\n|\n|-weather|RainDance|[upkeep]\n|upkeep\n|c|\u2606ASharpSharpie|o\n|\n|t:|1701183200\n|switch|p2a: Dragapult|Dragapult, M|100\/100\n|turn|5\n|inactive|MizuriKip has 270 seconds left.\n|\n|t:|1701183225\n|move|p2a: Dragapult|Draco Meteor|p1a: Ogerpon\n|-damage|p1a: Ogerpon|0 fnt\n|-unboost|p2a: Dragapult|spa|2\n|faint|p1a: Ogerpon\n|\n|-weather|RainDance|[upkeep]\n|upkeep\n|\n|t:|1701183244\n|switch|p1a: Greninja|Greninja, M|100\/100\n|-damage|p1a: Greninja|88\/100|[from] Stealth Rock\n|turn|6\n|\n|t:|1701183251\n|switch|p2a: Corviknight|Corviknight, F|100\/100\n|-ability|p2a: Corviknight|Pressure\n|move|p1a: Greninja|Dark Pulse|p2a: Corviknight\n|-damage|p2a: Corviknight|57\/100\n|-damage|p1a: Greninja|78\/100|[from] item: Life Orb\n|\n|-weather|RainDance|[upkeep]\n|-heal|p2a: Corviknight|63\/100|[from] item: Leftovers\n|upkeep\n|turn|7\n|inactive|MizuriKip has 270 seconds left.\n|\n|t:|1701183265\n|move|p1a: Greninja|Hydro Pump|p2a: Corviknight\n|-damage|p2a: Corviknight|0 fnt\n|faint|p2a: Corviknight\n|-ability|p1a: Greninja|Battle Bond|boost\n|-boost|p1a: Greninja|atk|1\n|-boost|p1a: Greninja|spa|1\n|-boost|p1a: Greninja|spe|1\n|-activate|p1a: Greninja|ability: Battle Bond\n|-damage|p1a: Greninja|69\/100|[from] item: Life Orb\n|\n|-weather|RainDance|[upkeep]\n|upkeep\n|\n|t:|1701183276\n|switch|p2a: Gallade|Gallade, M|100\/100\n|turn|8\n|\n|t:|1701183286\n|move|p1a: Greninja|Hydro Pump|p2a: Gallade\n|-damage|p2a: Gallade|0 fnt\n|faint|p2a: Gallade\n|-damage|p1a: Greninja|59\/100|[from] item: Life Orb\n|\n|-weather|none\n|upkeep\n|c|\u2606ASharpSharpie|there's nothing we can do\n|\n|t:|1701183298\n|switch|p2a: Dragapult|Dragapult, M|100\/100\n|turn|9\n|c|\u2606MizuriKip|I made both teams btw\n|c|\u2606ASharpSharpie|ok wow\n|c|\u2606MizuriKip|ur clef should probably be unaware\n|inactive|MizuriKip has 270 seconds left.\n|c|\u2606MizuriKip|not that magic guard is bad\n|c|\u2606MizuriKip|but I think I forgor to change\n|c|\u2606MizuriKip|I usually go with unaware\n|\n|t:|1701183335\n|-terastallize|p2a: Dragapult|Ghost\n|move|p1a: Greninja|Dark Pulse|p2a: Dragapult\n|-supereffective|p2a: Dragapult\n|-damage|p2a: Dragapult|0 fnt\n|faint|p2a: Dragapult\n|-damage|p1a: Greninja|49\/100|[from] item: Life Orb\n|\n|upkeep\n|\n|t:|1701183343\n|switch|p2a: Grafaiai|Grafaiai, F|100\/100\n|turn|10\n|c|\u2606MizuriKip|gg\n|\n|t:|1701183347\n|move|p1a: Greninja|Dark Pulse|p2a: Grafaiai\n|-damage|p2a: Grafaiai|37\/100\n|-damage|p1a: Greninja|39\/100|[from] item: Life Orb\n|cant|p2a: Grafaiai|flinch\n|\n|-heal|p2a: Grafaiai|44\/100|[from] item: Leftovers\n|upkeep\n|turn|11\n|c|\u2606MizuriKip|dam\n|c|\u2606ASharpSharpie|damn\n|\n|t:|1701183356\n|move|p1a: Greninja|Dark Pulse|p2a: Grafaiai\n|-damage|p2a: Grafaiai|0 fnt\n|faint|p2a: Grafaiai\n|-damage|p1a: Greninja|29\/100|[from] item: Life Orb\n|\n|win|MizuriKip\n|c|\u2606ASharpSharpie|gg\n|c|\u2606MizuriKip|imma send the replay\n","uploadtime":1701183365,"views":9,"p1id":"mizurikip","p2id":"asharpsharpie","formatid":"gen9ubers","rating":0,"private":0,"password":""}