{"id":"gen9ubers-1971313876","p1":"KeshBa45","p2":"JamboreeJourney","format":"[Gen 9] Ubers","log":"|j|\u2606KeshBa45\n|j|\u2606JamboreeJourney\n|t:|1697728788\n|gametype|singles\n|player|p1|KeshBa45|red|\n|player|p2|JamboreeJourney|parasollady-gen4|\n|teamsize|p1|6\n|teamsize|p2|6\n|gen|9\n|tier|[Gen 9] Ubers\n|rated|Tournament battle\n|rule|Sleep Clause Mod: Limit one foe put to sleep\n|rule|Species Clause: Limit one of each Pok\u00e9mon\n|rule|OHKO Clause: OHKO moves are banned\n|rule|Evasion Items Clause: Evasion items are banned\n|rule|Evasion Moves Clause: Evasion moves are banned\n|rule|Endless Battle Clause: Forcing endless battles is banned\n|rule|HP Percentage Mod: HP is shown in percentages\n|clearpoke\n|poke|p1|Hatterene, F|\n|poke|p1|Kingambit, M|\n|poke|p1|Calyrex-Ice|\n|poke|p1|Ursaluna, F|\n|poke|p1|Houndstone, F|\n|poke|p1|Arceus-Water|\n|poke|p2|Calyrex-Ice|\n|poke|p2|Kyogre|\n|poke|p2|Arceus-Fairy|\n|poke|p2|Miraidon|\n|poke|p2|Skeledirge, M|\n|poke|p2|Gliscor, M|\n|teampreview\n|c|\u2606KeshBa45|glgl\n|c|\u2606JamboreeJourney|gl hf\n|\n|t:|1697728811\n|start\n|switch|p1a: Hatterene|Hatterene, F|100\/100\n|switch|p2a: Kyogre|Kyogre|100\/100\n|-weather|RainDance|[from] ability: Drizzle|[of] p2a: Kyogre\n|turn|1\n|\n|t:|1697728816\n|move|p2a: Kyogre|Thunder|p1a: Hatterene\n|-damage|p1a: Hatterene|55\/100\n|move|p1a: Hatterene|Trick Room|p1a: Hatterene\n|-fieldstart|move: Trick Room|[of] p1a: Hatterene\n|\n|-weather|RainDance|[upkeep]\n|upkeep\n|turn|2\n|\n|t:|1697728824\n|move|p1a: Hatterene|Healing Wish|p1a: Hatterene\n|faint|p1a: Hatterene\n|move|p2a: Kyogre|Surf|p1: Hatterene|[notarget]\n|-fail|p2a: Kyogre\n|\n|-weather|RainDance|[upkeep]\n|upkeep\n|\n|t:|1697728829\n|switch|p1a: Calyrex|Calyrex-Ice|100\/100\n|-ability|p1a: Calyrex|As One\n|-ability|p1a: Calyrex|Unnerve\n|turn|3\n|\n|t:|1697728835\n|move|p1a: Calyrex|Zen Headbutt|p2a: Kyogre\n|-damage|p2a: Kyogre|37\/100\n|-damage|p1a: Calyrex|91\/100|[from] item: Life Orb\n|move|p2a: Kyogre|Surf|p1a: Calyrex\n|-damage|p1a: Calyrex|32\/100\n|\n|-weather|RainDance|[upkeep]\n|upkeep\n|turn|4\n|\n|t:|1697728851\n|switch|p2a: Skeledirge|Skeledirge, M|100\/100\n|move|p1a: Calyrex|Zen Headbutt|p2a: Skeledirge\n|-damage|p2a: Skeledirge|57\/100\n|-damage|p1a: Calyrex|22\/100|[from] item: Life Orb\n|\n|-weather|RainDance|[upkeep]\n|upkeep\n|turn|5\n|\n|t:|1697728866\n|switch|p1a: Arceus|Arceus-Water|100\/100\n|switch|p2a: Arceus|Arceus-Fairy|100\/100\n|\n|-weather|none\n|-fieldend|move: Trick Room\n|upkeep\n|turn|6\n|\n|t:|1697728900\n|move|p2a: Arceus|Taunt|p1a: Arceus\n|-start|p1a: Arceus|move: Taunt\n|cant|p1a: Arceus|move: Taunt|Trick Room\n|\n|upkeep\n|turn|7\n|\n|t:|1697728912\n|switch|p1a: Ursaluna|Ursaluna, F|100\/100\n|move|p2a: Arceus|Judgment|p1a: Ursaluna\n|-damage|p1a: Ursaluna|54\/100\n|\n|-status|p1a: Ursaluna|brn|[from] item: Flame Orb\n|upkeep\n|turn|8\n|\n|t:|1697728923\n|move|p2a: Arceus|Judgment|p1a: Ursaluna\n|-damage|p1a: Ursaluna|13\/100 brn\n|move|p1a: Ursaluna|Facade|p2a: Arceus\n|-damage|p2a: Arceus|28\/100\n|\n|-damage|p1a: Ursaluna|7\/100 brn|[from] brn\n|upkeep\n|turn|9\n|\n|t:|1697728932\n|move|p2a: Arceus|Judgment|p1a: Ursaluna\n|-damage|p1a: Ursaluna|0 fnt\n|faint|p1a: Ursaluna\n|\n|upkeep\n|\n|t:|1697728934\n|switch|p1a: Calyrex|Calyrex-Ice|22\/100\n|-ability|p1a: Calyrex|As One\n|-ability|p1a: Calyrex|Unnerve\n|-heal|p1a: Calyrex|100\/100|[from] move: Healing Wish\n|turn|10\n|\n|t:|1697728939\n|move|p2a: Arceus|Taunt|p1a: Calyrex\n|-start|p1a: Calyrex|move: Taunt\n|move|p1a: Calyrex|Glacial Lance|p2a: Arceus\n|-damage|p2a: Arceus|0 fnt\n|faint|p2a: Arceus\n|-ability|p1a: Calyrex|Chilling Neigh|boost\n|-boost|p1a: Calyrex|atk|1\n|-damage|p1a: Calyrex|91\/100|[from] item: Life Orb\n|\n|upkeep\n|\n|t:|1697728941\n|switch|p2a: Skeledirge|Skeledirge, M|57\/100\n|turn|11\n|j| GeniusFromHoenn\n|\n|t:|1697728950\n|-terastallize|p1a: Calyrex|Fire\n|move|p2a: Skeledirge|Will-O-Wisp|p1a: Calyrex\n|-immune|p1a: Calyrex\n|move|p1a: Calyrex|Zen Headbutt|p2a: Skeledirge\n|-damage|p2a: Skeledirge|14\/100\n|-damage|p1a: Calyrex|81\/100|[from] item: Life Orb\n|\n|upkeep\n|turn|12\n|\n|t:|1697728957\n|move|p2a: Skeledirge|Slack Off|p2a: Skeledirge\n|-heal|p2a: Skeledirge|64\/100\n|move|p1a: Calyrex|Zen Headbutt|p2a: Skeledirge\n|-damage|p2a: Skeledirge|20\/100\n|-damage|p1a: Calyrex|71\/100|[from] item: Life Orb\n|\n|-end|p1a: Calyrex|move: Taunt\n|upkeep\n|turn|13\n|\n|t:|1697728961\n|move|p2a: Skeledirge|Slack Off|p2a: Skeledirge\n|-heal|p2a: Skeledirge|70\/100\n|move|p1a: Calyrex|Trick Room|p1a: Calyrex\n|-fieldstart|move: Trick Room|[of] p1a: Calyrex\n|\n|upkeep\n|turn|14\n|\n|t:|1697728964\n|move|p1a: Calyrex|Zen Headbutt|p2a: Skeledirge\n|-damage|p2a: Skeledirge|29\/100\n|-damage|p1a: Calyrex|61\/100|[from] item: Life Orb\n|move|p2a: Skeledirge|Slack Off|p2a: Skeledirge\n|-heal|p2a: Skeledirge|79\/100\n|\n|upkeep\n|turn|15\n|\n|t:|1697728977\n|move|p1a: Calyrex|Zen Headbutt|p2a: Skeledirge\n|-damage|p2a: Skeledirge|34\/100\n|-damage|p1a: Calyrex|51\/100|[from] item: Life Orb\n|move|p2a: Skeledirge|Slack Off|p2a: Skeledirge\n|-heal|p2a: Skeledirge|84\/100\n|\n|upkeep\n|turn|16\n|\n|t:|1697728982\n|move|p1a: Calyrex|Zen Headbutt|p2a: Skeledirge\n|-damage|p2a: Skeledirge|40\/100\n|-damage|p1a: Calyrex|41\/100|[from] item: Life Orb\n|move|p2a: Skeledirge|Slack Off|p2a: Skeledirge\n|-heal|p2a: Skeledirge|90\/100\n|\n|upkeep\n|turn|17\n|c|\u2606KeshBa45|no flunch :0\n|\n|t:|1697729002\n|switch|p1a: Arceus|Arceus-Water|100\/100\n|move|p2a: Skeledirge|Hex|p1a: Arceus\n|-damage|p1a: Arceus|86\/100\n|\n|-fieldend|move: Trick Room\n|upkeep\n|turn|18\n|\n|t:|1697729008\n|switch|p2a: Miraidon|Miraidon|100\/100\n|-fieldstart|move: Electric Terrain|[from] ability: Hadron Engine|[of] p2a: Miraidon\n|move|p1a: Arceus|Trick Room|p1a: Arceus\n|-fieldstart|move: Trick Room|[of] p1a: Arceus\n|\n|upkeep\n|turn|19\n|\n|t:|1697729030\n|move|p1a: Arceus|Healing Wish|p1a: Arceus\n|faint|p1a: Arceus\n|move|p2a: Miraidon|Electro Drift|p1: Arceus|[notarget]\n|-fail|p2a: Miraidon\n|\n|upkeep\n|j| FireWolf89\n|\n|t:|1697729036\n|switch|p1a: Houndstone|Houndstone, F|100\/100\n|turn|20\n|\n|t:|1697729051\n|switch|p2a: Skeledirge|Skeledirge, M|90\/100\n|move|p1a: Houndstone|Last Respects|p2a: Skeledirge\n|-supereffective|p2a: Skeledirge\n|-damage|p2a: Skeledirge|0 fnt\n|faint|p2a: Skeledirge\n|-damage|p1a: Houndstone|91\/100|[from] item: Life Orb\n|\n|upkeep\n|\n|t:|1697729056\n|switch|p2a: Gliscor|Gliscor, M|100\/100\n|turn|21\n|\n|t:|1697729066\n|move|p2a: Gliscor|Protect|p2a: Gliscor\n|-singleturn|p2a: Gliscor|Protect\n|move|p1a: Houndstone|Substitute|p1a: Houndstone\n|-start|p1a: Houndstone|Substitute\n|-damage|p1a: Houndstone|66\/100\n|\n|-status|p2a: Gliscor|tox|[from] item: Toxic Orb\n|upkeep\n|turn|22\n|\n|t:|1697729069\n|move|p1a: Houndstone|Last Respects|p2a: Gliscor\n|-damage|p2a: Gliscor|0 fnt\n|faint|p2a: Gliscor\n|-damage|p1a: Houndstone|56\/100|[from] item: Life Orb\n|\n|-fieldend|move: Trick Room\n|-fieldend|move: Electric Terrain\n|upkeep\n|\n|t:|1697729086\n|switch|p2a: Miraidon|Miraidon|100\/100\n|-fieldstart|move: Electric Terrain|[from] ability: Hadron Engine|[of] p2a: Miraidon\n|turn|23\n|\n|t:|1697729152\n|move|p2a: Miraidon|Electro Drift|p1a: Houndstone\n|-end|p1a: Houndstone|Substitute\n|move|p1a: Houndstone|Last Respects|p2a: Miraidon\n|-damage|p2a: Miraidon|0 fnt\n|faint|p2a: Miraidon\n|-damage|p1a: Houndstone|46\/100|[from] item: Life Orb\n|\n|upkeep\n|\n|t:|1697729165\n|switch|p2a: Kyogre|Kyogre|37\/100\n|-weather|RainDance|[from] ability: Drizzle|[of] p2a: Kyogre\n|turn|24\n|\n|t:|1697729200\n|move|p2a: Kyogre|Surf|p1a: Houndstone\n|-damage|p1a: Houndstone|0 fnt\n|faint|p1a: Houndstone\n|\n|-weather|RainDance|[upkeep]\n|upkeep\n|\n|t:|1697729205\n|switch|p1a: Kingambit|Kingambit, M|100\/100\n|-activate|p1a: Kingambit|ability: Supreme Overlord\n|-start|p1a: Kingambit|fallen4|[silent]\n|turn|25\n|\n|t:|1697729209\n|-terastallize|p2a: Kyogre|Fairy\n|move|p2a: Kyogre|Surf|p1a: Kingambit\n|-damage|p1a: Kingambit|20\/100\n|move|p1a: Kingambit|Kowtow Cleave|p2a: Kyogre\n|-resisted|p2a: Kyogre\n|-damage|p2a: Kyogre|1\/100\n|\n|-weather|RainDance|[upkeep]\n|upkeep\n|turn|26\n|j| zest of lies\n|\n|t:|1697729233\n|move|p1a: Kingambit|Sucker Punch||[still]\n|-fail|p1a: Kingambit\n|move|p2a: Kyogre|Thunder Wave|p1a: Kingambit\n|-status|p1a: Kingambit|par\n|\n|-weather|RainDance|[upkeep]\n|upkeep\n|turn|27\n|\n|t:|1697729243\n|move|p2a: Kyogre|Surf|p1a: Kingambit\n|-damage|p1a: Kingambit|0 fnt\n|faint|p1a: Kingambit\n|-end|p1a: Kingambit|fallen4|[silent]\n|\n|-weather|RainDance|[upkeep]\n|-fieldend|move: Electric Terrain\n|upkeep\n|\n|t:|1697729246\n|switch|p1a: Calyrex|Calyrex-Ice, tera:Fire|41\/100\n|-ability|p1a: Calyrex|As One\n|-ability|p1a: Calyrex|Unnerve\n|-heal|p1a: Calyrex|100\/100|[from] move: Healing Wish\n|turn|28\n|\n|t:|1697729248\n|move|p2a: Kyogre|Surf|p1a: Calyrex\n|-supereffective|p1a: Calyrex\n|-damage|p1a: Calyrex|0 fnt\n|faint|p1a: Calyrex\n|\n|win|JamboreeJourney\n|n|\u2606KeshBa45|keshba45\n|n|\u2606JamboreeJourney|jamboreejourney\n|n| GeniusFromHoenn|geniusfromhoenn\n|n| FireWolf89|firewolf89\n|n| zest of lies|zestoflies\n","uploadtime":1697729249,"views":14,"p1id":"keshba45","p2id":"jamboreejourney","formatid":"gen9ubers","rating":0,"private":0,"password":""}