{"id":"gen9ubers-1989253683","p1":"Superison","p2":"Scottowo","format":"[Gen 9] Ubers","log":"|j|\u2606Superison\n|j|\u2606Scottowo\n|t:|1699828389\n|gametype|singles\n|player|p1|Superison|102|\n|player|p2|Scottowo|elesa-gen5bw2|\n|teamsize|p1|6\n|teamsize|p2|6\n|gen|9\n|tier|[Gen 9] Ubers\n|rule|Sleep Clause Mod: Limit one foe put to sleep\n|rule|Species Clause: Limit one of each Pok\u00e9mon\n|rule|OHKO Clause: OHKO moves are banned\n|rule|Evasion Items Clause: Evasion items are banned\n|rule|Evasion Moves Clause: Evasion moves are banned\n|rule|Endless Battle Clause: Forcing endless battles is banned\n|rule|HP Percentage Mod: HP is shown in percentages\n|clearpoke\n|poke|p1|Ursaluna-Bloodmoon, M|\n|poke|p1|Sneasler, M|\n|poke|p1|Samurott-Hisui, M|\n|poke|p1|Rillaboom, F|\n|poke|p1|Bronzong|\n|poke|p1|Cloyster, F|\n|poke|p2|Dragapult, M|\n|poke|p2|Sylveon, F|\n|poke|p2|Mandibuzz, F|\n|poke|p2|Quaquaval, F|\n|poke|p2|Braviary-Hisui, M|\n|poke|p2|Appletun, F|\n|teampreview\n|j| SunShinyReys\n|j| DivogoJota\n|j| iceberg149\n|c| SunShinyReys|I wish death to both your teams.\n|c|\u2606Superison|D:\n|c|\u2606Scottowo|D:\n|c| SunShinyReys|You know what you did!\n|c| SunShinyReys|>:[\n|c| SunShinyReys|Love you both tho :3\n|c|\u2606Superison|<3\n|\n|t:|1699828516\n|start\n|switch|p1a: Samurott|Samurott-Hisui, M|100\/100\n|switch|p2a: Subaru|Dragapult, M|100\/100\n|turn|1\n|\n|t:|1699828532\n|switch|p2a: Ram|Quaquaval, F|100\/100\n|move|p1a: Samurott|Ceaseless Edge|p2a: Ram\n|-resisted|p2a: Ram\n|-damage|p2a: Ram|68\/100\n|-sidestart|p2: Scottowo|Spikes\n|\n|upkeep\n|turn|2\n|\n|t:|1699828546\n|switch|p1a: Rillaboom|Rillaboom, F|100\/100\n|-fieldstart|move: Grassy Terrain|[from] ability: Grassy Surge|[of] p1a: Rillaboom\n|move|p2a: Ram|Close Combat|p1a: Rillaboom\n|-damage|p1a: Rillaboom|53\/100\n|-unboost|p2a: Ram|def|1\n|-unboost|p2a: Ram|spd|1\n|\n|-heal|p2a: Ram|74\/100|[from] Grassy Terrain\n|-heal|p1a: Rillaboom|59\/100|[from] Grassy Terrain\n|upkeep\n|turn|3\n|\n|t:|1699828562\n|switch|p2a: Rem|Mandibuzz, F|100\/100\n|move|p1a: Rillaboom|Knock Off|p2a: Rem\n|-resisted|p2a: Rem\n|-damage|p2a: Rem|91\/100\n|-enditem|p2a: Rem|Heavy-Duty Boots|[from] move: Knock Off|[of] p1a: Rillaboom\n|\n|-heal|p1a: Rillaboom|65\/100|[from] Grassy Terrain\n|upkeep\n|turn|4\n|c| SunShinyReys|Oh wait, I didn't play against Super yet.\n|\n|t:|1699828571\n|move|p1a: Rillaboom|U-turn|p2a: Rem\n|-damage|p2a: Rem|75\/100\n|\n|t:|1699828577\n|switch|p1a: Samurott|Samurott-Hisui, M|100\/100|[from] U-turn\n|move|p2a: Rem|Knock Off|p1a: Samurott\n|-resisted|p1a: Samurott\n|-damage|p1a: Samurott|86\/100\n|-enditem|p1a: Samurott|Choice Scarf|[from] move: Knock Off|[of] p2a: Rem\n|\n|-heal|p1a: Samurott|92\/100|[from] Grassy Terrain\n|upkeep\n|turn|5\n|\n|t:|1699828581\n|move|p1a: Samurott|Ceaseless Edge|p2a: Rem\n|-resisted|p2a: Rem\n|-damage|p2a: Rem|60\/100\n|-sidestart|p2: Scottowo|Spikes\n|move|p2a: Rem|U-turn|p1a: Samurott\n|-supereffective|p1a: Samurott\n|-damage|p1a: Samurott|61\/100\n|j| IshaNn\n|c|\u2606Superison|Are you a re:zero fan?\n|c|\u2606Scottowo|ye\n|c|\u2606Superison|ah\n|c| SunShinyReys|I thought that was gonna go in another direction.\n|c|\u2606Scottowo|my name themes every week has been anime i like\n|c|\u2606Scottowo|:)\n|\n|t:|1699828675\n|switch|p2a: Ram|Quaquaval, F|74\/100|[from] U-turn\n|-damage|p2a: Ram|58\/100|[from] Spikes\n|\n|-heal|p2a: Ram|64\/100|[from] Grassy Terrain\n|-heal|p1a: Samurott|67\/100|[from] Grassy Terrain\n|upkeep\n|turn|6\n|j| Yveltql\n|j| silastf\n|\n|t:|1699828731\n|switch|p1a: Bronzong|Bronzong|100\/100\n|move|p2a: Ram|Close Combat|p1a: Bronzong\n|-damage|p1a: Bronzong|61\/100\n|-unboost|p2a: Ram|def|1\n|-unboost|p2a: Ram|spd|1\n|\n|-heal|p2a: Ram|70\/100|[from] Grassy Terrain\n|-heal|p1a: Bronzong|68\/100|[from] item: Leftovers\n|upkeep\n|turn|7\n|c|\u2606Superison|I wanna see all the names :p\n|c| silastf|go super!\n|j| justinrockin\n|\n|t:|1699828758\n|switch|p2a: Beatrice|Appletun, F|100\/100\n|-damage|p2a: Beatrice|84\/100|[from] Spikes\n|move|p1a: Bronzong|Body Press|p2a: Beatrice\n|-damage|p2a: Beatrice|64\/100\n|\n|-heal|p2a: Beatrice|70\/100|[from] Grassy Terrain\n|-heal|p1a: Bronzong|74\/100|[from] item: Leftovers\n|upkeep\n|turn|8\n|c| justinrockin|rezero goat anime\n|c|\u2606Superison|Honestly Sylveon would be a good Beatrice >.<\n|c|\u2606Superison|just cuz of the ribbons\n|\n|t:|1699828833\n|switch|p2a: Rem|Mandibuzz, F|60\/100\n|switch|p1a: Rillaboom|Rillaboom, F|65\/100\n|\n|-heal|p1a: Rillaboom|71\/100|[from] Grassy Terrain\n|upkeep\n|turn|9\n|\n|t:|1699828845\n|move|p1a: Rillaboom|U-turn|p2a: Rem\n|-damage|p2a: Rem|45\/100\n|\n|t:|1699828848\n|switch|p1a: Sneasler|Sneasler, M|100\/100|[from] U-turn\n|-enditem|p1a: Sneasler|Grassy Seed\n|-boost|p1a: Sneasler|def|1|[from] item: Grassy Seed\n|move|p2a: Rem|Roost|p2a: Rem\n|-heal|p2a: Rem|95\/100\n|-singleturn|p2a: Rem|move: Roost\n|\n|-heal|p2a: Rem|100\/100|[from] Grassy Terrain\n|-fieldend|move: Grassy Terrain\n|upkeep\n|turn|10\n|\n|t:|1699828887\n|move|p1a: Sneasler|Dire Claw|p2a: Rem\n|-damage|p2a: Rem|75\/100\n|move|p2a: Rem|U-turn|p1a: Sneasler\n|-resisted|p1a: Sneasler\n|-damage|p1a: Sneasler|98\/100\n|\n|t:|1699828895\n|switch|p2a: Roswaal|Braviary-Hisui, M|100\/100|[from] U-turn\n|\n|upkeep\n|turn|11\n|\n|t:|1699828901\n|move|p1a: Sneasler|Shadow Claw|p2a: Roswaal\n|-supereffective|p2a: Roswaal\n|-crit|p2a: Roswaal\n|-damage|p2a: Roswaal|3\/100\n|move|p2a: Roswaal|Esper Wing|p1a: Sneasler\n|-supereffective|p1a: Sneasler\n|-damage|p1a: Sneasler|0 fnt\n|-boost|p2a: Roswaal|spe|1\n|faint|p1a: Sneasler\n|\n|upkeep\n|\n|t:|1699828910\n|switch|p1a: Rillaboom|Rillaboom, F|71\/100\n|-fieldstart|move: Grassy Terrain|[from] ability: Grassy Surge|[of] p1a: Rillaboom\n|turn|12\n|\n|t:|1699828915\n|move|p1a: Rillaboom|Grassy Glide|p2a: Roswaal\n|-resisted|p2a: Roswaal\n|-damage|p2a: Roswaal|0 fnt\n|faint|p2a: Roswaal\n|\n|-heal|p1a: Rillaboom|77\/100|[from] Grassy Terrain\n|upkeep\n|\n|t:|1699828927\n|switch|p2a: Subaru|Dragapult, M|100\/100\n|-damage|p2a: Subaru|84\/100|[from] Spikes\n|turn|13\n|\n|t:|1699828929\n|move|p2a: Subaru|U-turn|p1a: Rillaboom\n|-supereffective|p1a: Rillaboom\n|-damage|p1a: Rillaboom|46\/100\n|\n|t:|1699828932\n|switch|p2a: Rem|Mandibuzz, F|75\/100|[from] U-turn\n|move|p1a: Rillaboom|Knock Off|p2a: Rem\n|-resisted|p2a: Rem\n|-damage|p2a: Rem|68\/100\n|\n|-heal|p1a: Rillaboom|52\/100|[from] Grassy Terrain\n|upkeep\n|turn|14\n|\n|t:|1699828938\n|move|p1a: Rillaboom|U-turn|p2a: Rem\n|-damage|p2a: Rem|55\/100\n|\n|t:|1699828944\n|switch|p1a: Samurott|Samurott-Hisui, M|67\/100|[from] U-turn\n|move|p2a: Rem|Roost|p2a: Rem\n|-heal|p2a: Rem|100\/100\n|-singleturn|p2a: Rem|move: Roost\n|\n|-heal|p1a: Samurott|74\/100|[from] Grassy Terrain\n|upkeep\n|turn|15\n|\n|t:|1699828955\n|move|p1a: Samurott|Ceaseless Edge|p2a: Rem\n|-resisted|p2a: Rem\n|-damage|p2a: Rem|87\/100\n|-sidestart|p2: Scottowo|Spikes\n|move|p2a: Rem|Defog|p1a: Samurott\n|-unboost|p1a: Samurott|evasion|1\n|-sideend|p2: Scottowo|Spikes|[from] move: Defog|[of] p2a: Rem\n|-fieldend|move: Grassy Terrain\n|\n|upkeep\n|turn|16\n|\n|t:|1699828983\n|switch|p1a: Ursaluna|Ursaluna-Bloodmoon, M|100\/100\n|move|p2a: Rem|U-turn|p1a: Ursaluna\n|-damage|p1a: Ursaluna|93\/100\n|\n|t:|1699829007\n|switch|p2a: Emilia|Sylveon, F|100\/100|[from] U-turn\n|\n|upkeep\n|turn|17\n|\n|t:|1699829023\n|switch|p1a: Bronzong|Bronzong|74\/100\n|move|p2a: Emilia|Yawn|p1a: Bronzong\n|-start|p1a: Bronzong|move: Yawn|[of] p2a: Emilia\n|\n|-heal|p1a: Bronzong|80\/100|[from] item: Leftovers\n|upkeep\n|turn|18\n|\n|t:|1699829031\n|move|p2a: Emilia|Protect|p2a: Emilia\n|-singleturn|p2a: Emilia|Protect\n|move|p1a: Bronzong|Gyro Ball|p2a: Emilia\n|-activate|p2a: Emilia|move: Protect\n|\n|-heal|p1a: Bronzong|86\/100|[from] item: Leftovers\n|-end|p1a: Bronzong|move: Yawn|[silent]\n|-status|p1a: Bronzong|slp\n|upkeep\n|turn|19\n|\n|t:|1699829050\n|switch|p2a: Subaru|Dragapult, M|84\/100\n|cant|p1a: Bronzong|slp\n|\n|-heal|p1a: Bronzong|93\/100 slp|[from] item: Leftovers\n|upkeep\n|turn|20\n|\n|t:|1699829079\n|switch|p1a: Ursaluna|Ursaluna-Bloodmoon, M|93\/100\n|move|p2a: Subaru|U-turn|p1a: Ursaluna\n|-damage|p1a: Ursaluna|80\/100\n|\n|t:|1699829082\n|switch|p2a: Emilia|Sylveon, F|100\/100|[from] U-turn\n|\n|upkeep\n|turn|21\n|\n|t:|1699829104\n|switch|p1a: Bronzong|Bronzong|93\/100 slp\n|move|p2a: Emilia|Wish|p2a: Emilia\n|\n|-heal|p1a: Bronzong|99\/100 slp|[from] item: Leftovers\n|upkeep\n|turn|22\n|\n|t:|1699829115\n|switch|p2a: Rem|Mandibuzz, F|87\/100\n|-curestatus|p1a: Bronzong|slp|[msg]\n|move|p1a: Bronzong|Iron Defense|p1a: Bronzong\n|-boost|p1a: Bronzong|def|2\n|\n|-heal|p2a: Rem|100\/100|[from] move: Wish|[wisher] Emilia\n|-heal|p1a: Bronzong|100\/100|[from] item: Leftovers\n|upkeep\n|turn|23\n|\n|t:|1699829124\n|move|p2a: Rem|Knock Off|p1a: Bronzong\n|-supereffective|p1a: Bronzong\n|-damage|p1a: Bronzong|86\/100\n|-enditem|p1a: Bronzong|Leftovers|[from] move: Knock Off|[of] p2a: Rem\n|move|p1a: Bronzong|Iron Defense|p1a: Bronzong\n|-boost|p1a: Bronzong|def|2\n|\n|upkeep\n|turn|24\n|\n|t:|1699829133\n|move|p2a: Rem|U-turn|p1a: Bronzong\n|-damage|p1a: Bronzong|83\/100\n|\n|t:|1699829144\n|switch|p2a: Beatrice|Appletun, F|70\/100|[from] U-turn\n|move|p1a: Bronzong|Iron Defense|p1a: Bronzong\n|-boost|p1a: Bronzong|def|2\n|\n|upkeep\n|turn|25\n|c| SunShinyReys|This mans said no physical damage allowed.\n|\n|t:|1699829153\n|move|p2a: Beatrice|Leech Seed|p1a: Bronzong\n|-start|p1a: Bronzong|move: Leech Seed\n|move|p1a: Bronzong|Body Press|p2a: Beatrice\n|-damage|p2a: Beatrice|0 fnt\n|faint|p2a: Beatrice\n|\n|upkeep\n|c|\u2606Superison|this for Red <3\n|\n|t:|1699829172\n|switch|p2a: Emilia|Sylveon, F|100\/100\n|turn|26\n|\n|t:|1699829174\n|move|p2a: Emilia|Wish|p2a: Emilia\n|move|p1a: Bronzong|Gyro Ball|p2a: Emilia\n|-supereffective|p2a: Emilia\n|-damage|p2a: Emilia|53\/100\n|\n|-heal|p2a: Emilia|59\/100|[from] item: Leftovers\n|-damage|p1a: Bronzong|71\/100|[from] Leech Seed|[of] p2a: Emilia\n|-heal|p2a: Emilia|70\/100|[silent]\n|upkeep\n|turn|27\n|\n|t:|1699829210\n|move|p2a: Emilia|Protect|p2a: Emilia\n|-singleturn|p2a: Emilia|Protect\n|move|p1a: Bronzong|Body Press|p2a: Emilia\n|-activate|p2a: Emilia|move: Protect\n|\n|-heal|p2a: Emilia|100\/100|[from] move: Wish|[wisher] Emilia\n|-damage|p1a: Bronzong|58\/100|[from] Leech Seed|[of] p2a: Emilia\n|upkeep\n|turn|28\n|\n|t:|1699829217\n|move|p2a: Emilia|Wish|p2a: Emilia\n|move|p1a: Bronzong|Body Press|p2a: Emilia\n|-resisted|p2a: Emilia\n|-damage|p2a: Emilia|28\/100\n|\n|-heal|p2a: Emilia|34\/100|[from] item: Leftovers\n|-damage|p1a: Bronzong|46\/100|[from] Leech Seed|[of] p2a: Emilia\n|-heal|p2a: Emilia|45\/100|[silent]\n|upkeep\n|turn|29\n|\n|t:|1699829264\n|move|p2a: Emilia|Protect|p2a: Emilia\n|-singleturn|p2a: Emilia|Protect\n|move|p1a: Bronzong|Body Press|p2a: Emilia\n|-activate|p2a: Emilia|move: Protect\n|\n|-heal|p2a: Emilia|95\/100|[from] move: Wish|[wisher] Emilia\n|-heal|p2a: Emilia|100\/100|[from] item: Leftovers\n|-damage|p1a: Bronzong|33\/100|[from] Leech Seed|[of] p2a: Emilia\n|upkeep\n|turn|30\n|\n|t:|1699829270\n|move|p2a: Emilia|Wish|p2a: Emilia\n|move|p1a: Bronzong|Rest|p1a: Bronzong\n|-status|p1a: Bronzong|slp|[from] move: Rest\n|-heal|p1a: Bronzong|100\/100 slp|[silent]\n|\n|-damage|p1a: Bronzong|88\/100 slp|[from] Leech Seed|[of] p2a: Emilia\n|upkeep\n|turn|31\n|\n|t:|1699829306\n|move|p2a: Emilia|Hyper Voice|p1a: Bronzong\n|-resisted|p1a: Bronzong\n|-damage|p1a: Bronzong|70\/100 slp\n|cant|p1a: Bronzong|slp\n|\n|-damage|p1a: Bronzong|58\/100 slp|[from] Leech Seed|[of] p2a: Emilia\n|upkeep\n|turn|32\n|\n|t:|1699829373\n|move|p2a: Emilia|Wish|p2a: Emilia\n|cant|p1a: Bronzong|slp\n|\n|-damage|p1a: Bronzong|45\/100 slp|[from] Leech Seed|[of] p2a: Emilia\n|upkeep\n|turn|33\n|\n|t:|1699829385\n|move|p2a: Emilia|Hyper Voice|p1a: Bronzong\n|-resisted|p1a: Bronzong\n|-damage|p1a: Bronzong|26\/100 slp\n|-curestatus|p1a: Bronzong|slp|[msg]\n|move|p1a: Bronzong|Body Press|p2a: Emilia\n|-resisted|p2a: Emilia\n|-damage|p2a: Emilia|27\/100\n|\n|-heal|p2a: Emilia|77\/100|[from] move: Wish|[wisher] Emilia\n|-heal|p2a: Emilia|83\/100|[from] item: Leftovers\n|-damage|p1a: Bronzong|14\/100|[from] Leech Seed|[of] p2a: Emilia\n|-heal|p2a: Emilia|94\/100|[silent]\n|upkeep\n|turn|34\n|\n|t:|1699829391\n|move|p2a: Emilia|Hyper Voice|p1a: Bronzong\n|-resisted|p1a: Bronzong\n|-damage|p1a: Bronzong|0 fnt\n|faint|p1a: Bronzong\n|\n|-heal|p2a: Emilia|99\/100|[from] item: Leftovers\n|upkeep\n|\n|t:|1699829395\n|switch|p1a: Cloyster|Cloyster, F|100\/100\n|turn|35\n|\n|t:|1699829401\n|move|p1a: Cloyster|Shell Smash|p1a: Cloyster\n|-unboost|p1a: Cloyster|def|1\n|-unboost|p1a: Cloyster|spd|1\n|-boost|p1a: Cloyster|atk|2\n|-boost|p1a: Cloyster|spa|2\n|-boost|p1a: Cloyster|spe|2\n|move|p2a: Emilia|Yawn|p1a: Cloyster\n|-start|p1a: Cloyster|move: Yawn|[of] p2a: Emilia\n|\n|-heal|p2a: Emilia|100\/100|[from] item: Leftovers\n|upkeep\n|turn|36\n|\n|t:|1699829412\n|switch|p1a: Rillaboom|Rillaboom, F|52\/100\n|-fieldstart|move: Grassy Terrain|[from] ability: Grassy Surge|[of] p1a: Rillaboom\n|move|p2a: Emilia|Protect||[still]\n|-fail|p2a: Emilia\n|\n|-heal|p1a: Rillaboom|58\/100|[from] Grassy Terrain\n|upkeep\n|turn|37\n|\n|t:|1699829417\n|move|p2a: Emilia|Protect|p2a: Emilia\n|-singleturn|p2a: Emilia|Protect\n|move|p1a: Rillaboom|Knock Off|p2a: Emilia\n|-activate|p2a: Emilia|move: Protect\n|\n|-heal|p1a: Rillaboom|64\/100|[from] Grassy Terrain\n|upkeep\n|turn|38\n|\n|t:|1699829421\n|switch|p2a: Rem|Mandibuzz, F|100\/100\n|move|p1a: Rillaboom|Knock Off|p2a: Rem\n|-resisted|p2a: Rem\n|-damage|p2a: Rem|94\/100\n|\n|-heal|p1a: Rillaboom|70\/100|[from] Grassy Terrain\n|upkeep\n|turn|39\n|\n|t:|1699829432\n|move|p1a: Rillaboom|U-turn|p2a: Rem\n|-damage|p2a: Rem|79\/100\n|\n|t:|1699829435\n|switch|p1a: Ursaluna|Ursaluna-Bloodmoon, M|80\/100|[from] U-turn\n|move|p2a: Rem|Knock Off|p1a: Ursaluna\n|-crit|p1a: Ursaluna\n|-damage|p1a: Ursaluna|58\/100\n|-enditem|p1a: Ursaluna|Silk Scarf|[from] move: Knock Off|[of] p2a: Rem\n|\n|-heal|p1a: Ursaluna|64\/100|[from] Grassy Terrain\n|upkeep\n|turn|40\n|\n|t:|1699829462\n|switch|p2a: Emilia|Sylveon, F|100\/100\n|move|p1a: Ursaluna|Blood Moon|p2a: Emilia\n|-damage|p2a: Emilia|55\/100\n|\n|-heal|p2a: Emilia|61\/100|[from] Grassy Terrain\n|-heal|p2a: Emilia|68\/100|[from] item: Leftovers\n|-heal|p1a: Ursaluna|70\/100|[from] Grassy Terrain\n|upkeep\n|turn|41\n|\n|t:|1699829476\n|move|p2a: Emilia|Hyper Voice|p1a: Ursaluna\n|-damage|p1a: Ursaluna|24\/100\n|move|p1a: Ursaluna|Moonlight|p1a: Ursaluna\n|-heal|p1a: Ursaluna|74\/100\n|\n|-heal|p2a: Emilia|74\/100|[from] Grassy Terrain\n|-heal|p2a: Emilia|80\/100|[from] item: Leftovers\n|-heal|p1a: Ursaluna|80\/100|[from] Grassy Terrain\n|upkeep\n|turn|42\n|\n|t:|1699829484\n|move|p2a: Emilia|Yawn|p1a: Ursaluna\n|-start|p1a: Ursaluna|move: Yawn|[of] p2a: Emilia\n|move|p1a: Ursaluna|Blood Moon|p2a: Emilia\n|-damage|p2a: Emilia|35\/100\n|\n|-heal|p2a: Emilia|41\/100|[from] Grassy Terrain\n|-heal|p2a: Emilia|47\/100|[from] item: Leftovers\n|-heal|p1a: Ursaluna|86\/100|[from] Grassy Terrain\n|upkeep\n|turn|43\n|\n|t:|1699829488\n|switch|p1a: Rillaboom|Rillaboom, F|70\/100\n|move|p2a: Emilia|Protect||[still]\n|-fail|p2a: Emilia\n|\n|-heal|p1a: Rillaboom|77\/100|[from] Grassy Terrain\n|-heal|p2a: Emilia|54\/100|[from] Grassy Terrain\n|-heal|p2a: Emilia|60\/100|[from] item: Leftovers\n|-fieldend|move: Grassy Terrain\n|upkeep\n|turn|44\n|\n|t:|1699829491\n|move|p2a: Emilia|Protect|p2a: Emilia\n|-singleturn|p2a: Emilia|Protect\n|move|p1a: Rillaboom|Knock Off|p2a: Emilia\n|-activate|p2a: Emilia|move: Protect\n|\n|-heal|p2a: Emilia|66\/100|[from] item: Leftovers\n|upkeep\n|turn|45\n|\n|t:|1699829493\n|switch|p2a: Rem|Mandibuzz, F|79\/100\n|move|p1a: Rillaboom|Knock Off|p2a: Rem\n|-resisted|p2a: Rem\n|-damage|p2a: Rem|72\/100\n|\n|upkeep\n|turn|46\n|\n|t:|1699829496\n|move|p1a: Rillaboom|U-turn|p2a: Rem\n|-damage|p2a: Rem|58\/100\n|\n|t:|1699829497\n|switch|p1a: Samurott|Samurott-Hisui, M|74\/100|[from] U-turn\n|move|p2a: Rem|Roost|p2a: Rem\n|-heal|p2a: Rem|100\/100\n|-singleturn|p2a: Rem|move: Roost\n|\n|upkeep\n|turn|47\n|\n|t:|1699829502\n|move|p1a: Samurott|Razor Shell|p2a: Rem\n|-damage|p2a: Rem|68\/100\n|move|p2a: Rem|U-turn|p1a: Samurott\n|-supereffective|p1a: Samurott\n|-damage|p1a: Samurott|44\/100\n|\n|t:|1699829512\n|switch|p2a: Ram|Quaquaval, F|70\/100|[from] U-turn\n|\n|upkeep\n|turn|48\n|\n|t:|1699829516\n|switch|p1a: Rillaboom|Rillaboom, F|77\/100\n|-fieldstart|move: Grassy Terrain|[from] ability: Grassy Surge|[of] p1a: Rillaboom\n|move|p2a: Ram|Close Combat|p1a: Rillaboom\n|-damage|p1a: Rillaboom|26\/100\n|-unboost|p2a: Ram|def|1\n|-unboost|p2a: Ram|spd|1\n|\n|-heal|p2a: Ram|76\/100|[from] Grassy Terrain\n|-heal|p1a: Rillaboom|32\/100|[from] Grassy Terrain\n|upkeep\n|turn|49\n|\n|t:|1699829520\n|switch|p2a: Rem|Mandibuzz, F|68\/100\n|move|p1a: Rillaboom|Grassy Glide|p2a: Rem\n|-resisted|p2a: Rem\n|-damage|p2a: Rem|57\/100\n|\n|-heal|p1a: Rillaboom|38\/100|[from] Grassy Terrain\n|upkeep\n|turn|50\n|\n|t:|1699829523\n|move|p1a: Rillaboom|U-turn|p2a: Rem\n|-damage|p2a: Rem|41\/100\n|\n|t:|1699829525\n|switch|p1a: Ursaluna|Ursaluna-Bloodmoon, M|86\/100|[from] U-turn\n|move|p2a: Rem|Roost|p2a: Rem\n|-heal|p2a: Rem|91\/100\n|-singleturn|p2a: Rem|move: Roost\n|\n|-heal|p2a: Rem|97\/100|[from] Grassy Terrain\n|-heal|p1a: Ursaluna|92\/100|[from] Grassy Terrain\n|upkeep\n|turn|51\n|j| ThatGuyAltro\n|c| ThatGuyAltro|oh my, 20 minutes and 50 turns later, still 8 mons alive\n|c|\u2606Superison|I could have been longer >.<\n|j| hatev2\n|c| hatev2|the battle of all time\n|\n|t:|1699829666\n|move|p2a: Rem|Defog|p1a: Ursaluna\n|-unboost|p1a: Ursaluna|evasion|1\n|-fieldend|move: Grassy Terrain\n|move|p1a: Ursaluna|Blood Moon|p2a: Rem\n|-damage|p2a: Rem|27\/100\n|\n|upkeep\n|turn|52\n|\n|t:|1699829672\n|move|p2a: Rem|U-turn|p1a: Ursaluna\n|-damage|p1a: Ursaluna|83\/100\n|\n|t:|1699829674\n|switch|p2a: Emilia|Sylveon, F|66\/100|[from] U-turn\n|move|p1a: Ursaluna|Hyper Voice|p2a: Emilia\n|-damage|p2a: Emilia|40\/100\n|\n|-heal|p2a: Emilia|46\/100|[from] item: Leftovers\n|upkeep\n|turn|53\n|\n|t:|1699829688\n|move|p2a: Emilia|Protect|p2a: Emilia\n|-singleturn|p2a: Emilia|Protect\n|move|p1a: Ursaluna|Blood Moon|p2a: Emilia\n|-activate|p2a: Emilia|move: Protect\n|\n|-heal|p2a: Emilia|53\/100|[from] item: Leftovers\n|upkeep\n|turn|54\n|\n|t:|1699829693\n|move|p2a: Emilia|Wish|p2a: Emilia\n|move|p1a: Ursaluna|Hyper Voice|p2a: Emilia\n|-damage|p2a: Emilia|23\/100\n|\n|-heal|p2a: Emilia|29\/100|[from] item: Leftovers\n|upkeep\n|turn|55\n|\n|t:|1699829698\n|move|p2a: Emilia|Protect|p2a: Emilia\n|-singleturn|p2a: Emilia|Protect\n|move|p1a: Ursaluna|Hyper Voice|p2a: Emilia\n|-activate|p2a: Emilia|move: Protect\n|\n|-heal|p2a: Emilia|79\/100|[from] move: Wish|[wisher] Emilia\n|-heal|p2a: Emilia|85\/100|[from] item: Leftovers\n|upkeep\n|turn|56\n|\n|t:|1699829720\n|move|p2a: Emilia|Wish|p2a: Emilia\n|move|p1a: Ursaluna|Blood Moon|p2a: Emilia\n|-damage|p2a: Emilia|44\/100\n|\n|-heal|p2a: Emilia|50\/100|[from] item: Leftovers\n|upkeep\n|turn|57\n|\n|t:|1699829727\n|switch|p1a: Cloyster|Cloyster, F|100\/100\n|move|p2a: Emilia|Yawn|p1a: Cloyster\n|-start|p1a: Cloyster|move: Yawn|[of] p2a: Emilia\n|\n|-heal|p2a: Emilia|99\/100|[from] move: Wish|[wisher] Emilia\n|-heal|p2a: Emilia|100\/100|[from] item: Leftovers\n|upkeep\n|turn|58\n|\n|t:|1699829731\n|switch|p1a: Rillaboom|Rillaboom, F|38\/100\n|-fieldstart|move: Grassy Terrain|[from] ability: Grassy Surge|[of] p1a: Rillaboom\n|move|p2a: Emilia|Protect||[still]\n|-fail|p2a: Emilia\n|\n|-heal|p1a: Rillaboom|44\/100|[from] Grassy Terrain\n|upkeep\n|turn|59\n|\n|t:|1699829771\n|move|p2a: Emilia|Protect|p2a: Emilia\n|-singleturn|p2a: Emilia|Protect\n|move|p1a: Rillaboom|U-turn|p2a: Emilia\n|-activate|p2a: Emilia|move: Protect\n|\n|-heal|p1a: Rillaboom|50\/100|[from] Grassy Terrain\n|upkeep\n|turn|60\n|\n|t:|1699829791\n|switch|p2a: Rem|Mandibuzz, F|27\/100\n|move|p1a: Rillaboom|Drum Beating|p2a: Rem\n|-resisted|p2a: Rem\n|-damage|p2a: Rem|12\/100\n|-unboost|p2a: Rem|spe|1\n|\n|-heal|p1a: Rillaboom|56\/100|[from] Grassy Terrain\n|upkeep\n|turn|61\n|\n|t:|1699829837\n|move|p1a: Rillaboom|Drum Beating|p2a: Rem\n|-resisted|p2a: Rem\n|-damage|p2a: Rem|0 fnt\n|faint|p2a: Rem\n|\n|-heal|p1a: Rillaboom|62\/100|[from] Grassy Terrain\n|upkeep\n|\n|t:|1699829840\n|switch|p2a: Subaru|Dragapult, M|84\/100\n|turn|62\n|\n|t:|1699829843\n|move|p2a: Subaru|Draco Meteor|p1a: Rillaboom\n|-damage|p1a: Rillaboom|0 fnt\n|-unboost|p2a: Subaru|spa|2\n|faint|p1a: Rillaboom\n|\n|-heal|p2a: Subaru|90\/100|[from] Grassy Terrain\n|upkeep\n|\n|t:|1699829846\n|switch|p1a: Cloyster|Cloyster, F|100\/100\n|turn|63\n|\n|t:|1699829861\n|move|p2a: Subaru|Draco Meteor|p1a: Cloyster|[miss]\n|-miss|p2a: Subaru|p1a: Cloyster\n|move|p1a: Cloyster|Shell Smash|p1a: Cloyster\n|-unboost|p1a: Cloyster|def|1\n|-unboost|p1a: Cloyster|spd|1\n|-boost|p1a: Cloyster|atk|2\n|-boost|p1a: Cloyster|spa|2\n|-boost|p1a: Cloyster|spe|2\n|\n|-heal|p2a: Subaru|96\/100|[from] Grassy Terrain\n|upkeep\n|turn|64\n|\n|t:|1699829870\n|move|p2a: Subaru|Draco Meteor|p1a: Cloyster\n|-enditem|p1a: Cloyster|Focus Sash\n|-damage|p1a: Cloyster|1\/100\n|-unboost|p2a: Subaru|spa|2\n|move|p1a: Cloyster|Icicle Spear|p2a: Subaru\n|-supereffective|p2a: Subaru\n|-damage|p2a: Subaru|35\/100\n|-supereffective|p2a: Subaru\n|-damage|p2a: Subaru|0 fnt\n|faint|p2a: Subaru\n|-hitcount|p2: Subaru|2\n|\n|-heal|p1a: Cloyster|7\/100|[from] Grassy Terrain\n|upkeep\n|\n|t:|1699829878\n|switch|p2a: Ram|Quaquaval, F|76\/100\n|turn|65\n|\n|t:|1699829886\n|move|p1a: Cloyster|Icicle Spear|p2a: Ram\n|-resisted|p2a: Ram\n|-damage|p2a: Ram|61\/100\n|-resisted|p2a: Ram\n|-damage|p2a: Ram|45\/100\n|-resisted|p2a: Ram\n|-damage|p2a: Ram|29\/100\n|-resisted|p2a: Ram\n|-crit|p2a: Ram\n|-damage|p2a: Ram|4\/100\n|-resisted|p2a: Ram\n|-damage|p2a: Ram|0 fnt\n|faint|p2a: Ram\n|-hitcount|p2: Ram|5\n|\n|-heal|p1a: Cloyster|13\/100|[from] Grassy Terrain\n|-fieldend|move: Grassy Terrain\n|upkeep\n|\n|t:|1699829888\n|switch|p2a: Emilia|Sylveon, F|100\/100\n|turn|66\n|\n|t:|1699829891\n|move|p1a: Cloyster|Icicle Spear|p2a: Emilia\n|-damage|p2a: Emilia|70\/100\n|-damage|p2a: Emilia|42\/100\n|-damage|p2a: Emilia|14\/100\n|-damage|p2a: Emilia|0 fnt\n|faint|p2a: Emilia\n|-hitcount|p2: Emilia|4\n|\n|win|Superison\n|c|\u2606Superison|ggs\n|c| justinrockin|what  a tragedy\n|c| SunShinyReys|yo gg\n|c|\u2606Superison|that miss >.<\n|l| Yveltql\n|l| justinrockin\n|l| SunShinyReys\n|c|\u2606Scottowo|i cant get lucky a single game\n|c|\u2606Scottowo|:(\n|l| iceberg149\n|c|\u2606Superison|I sorry D:\n|c|\u2606Scottowo|not your fault\n|c|\u2606Scottowo|all g\n","uploadtime":1699829966,"views":44,"p1id":"superison","p2id":"scottowo","formatid":"gen9ubers","rating":0,"private":0,"password":""}