{"id":"gen9ubers-1983509849","p1":"KingDuns","p2":"ajpjlm","format":"[Gen 9] Ubers","log":"|j|\u2606KingDuns\n|j|\u2606ajpjlm\n|t:|1699137892\n|gametype|singles\n|player|p1|KingDuns|hero2-conquest|\n|player|p2|ajpjlm|workerice|\n|teamsize|p1|6\n|teamsize|p2|6\n|gen|9\n|tier|[Gen 9] Ubers\n|rule|Sleep Clause Mod: Limit one foe put to sleep\n|rule|Species Clause: Limit one of each Pok\u00e9mon\n|rule|OHKO Clause: OHKO moves are banned\n|rule|Evasion Items Clause: Evasion items are banned\n|rule|Evasion Moves Clause: Evasion moves are banned\n|rule|Endless Battle Clause: Forcing endless battles is banned\n|rule|HP Percentage Mod: HP is shown in percentages\n|clearpoke\n|poke|p1|Roaring Moon|\n|poke|p1|Torkoal, F|\n|poke|p1|Walking Wake|\n|poke|p1|Klefki, M|\n|poke|p1|Thundurus-Therian, M|\n|poke|p1|Gengar, M|\n|poke|p2|Jirachi|\n|poke|p2|Dragonite, F|\n|poke|p2|Dudunsparce-*, M|\n|poke|p2|Lycanroc-Dusk, M|\n|poke|p2|Manaphy|\n|poke|p2|Decidueye-Hisui, M|\n|teampreview\n|j| tom chwando\n|j| DerekGrish\n|j| MaxiumMeda\n|j| Derpyderk\n|j| BossShuckle\n|c| DerekGrish|Start\n|inactive|Battle timer is ON: inactive players will automatically lose when time's up. (requested by KingDuns)\n|c| Derpyderk|So this weeks item of choice is packin a corndog in the front of your pants, weird or no?\n|c| Derpyderk|Mobile snack necessary\n|\n|t:|1699137974\n|start\n|switch|p1a: Torkoal|Torkoal, F|100\/100\n|switch|p2a: Lycanroc|Lycanroc-Dusk, M|100\/100\n|-weather|SunnyDay|[from] ability: Drought|[of] p1a: Torkoal\n|turn|1\n|\n|t:|1699137985\n|move|p2a: Lycanroc|Substitute|p2a: Lycanroc\n|-start|p2a: Lycanroc|Substitute\n|-damage|p2a: Lycanroc|76\/100\n|move|p1a: Torkoal|Earth Power|p2a: Lycanroc\n|-supereffective|p2a: Lycanroc\n|-end|p2a: Lycanroc|Substitute\n|\n|-weather|SunnyDay|[upkeep]\n|upkeep\n|turn|2\n|\n|t:|1699137996\n|move|p2a: Lycanroc|Stone Edge|p1a: Torkoal\n|-supereffective|p1a: Torkoal\n|-damage|p1a: Torkoal|10\/100\n|move|p1a: Torkoal|Yawn|p2a: Lycanroc\n|-start|p2a: Lycanroc|move: Yawn|[of] p1a: Torkoal\n|\n|-weather|SunnyDay|[upkeep]\n|upkeep\n|turn|3\n|inactive|KingDuns has 270 seconds left.\n|\n|t:|1699138042\n|switch|p2a: Decidueye|Decidueye-Hisui, M|100\/100\n|switch|p1a: Klefki|Klefki, M|100\/100\n|\n|-weather|SunnyDay|[upkeep]\n|upkeep\n|turn|4\n|\n|t:|1699138049\n|move|p1a: Klefki|Thunder Wave|p2a: Decidueye\n|-status|p2a: Decidueye|par\n|move|p2a: Decidueye|Knock Off|p1a: Klefki\n|-resisted|p1a: Klefki\n|-damage|p1a: Klefki|90\/100\n|-enditem|p1a: Klefki|Heat Rock|[from] move: Knock Off|[of] p2a: Decidueye\n|\n|-weather|SunnyDay|[upkeep]\n|upkeep\n|turn|5\n|\n|t:|1699138059\n|switch|p2a: Jirachi|Jirachi|100\/100\n|move|p1a: Klefki|Spikes|p2a: Jirachi\n|-sidestart|p2: ajpjlm|Spikes\n|\n|-weather|SunnyDay|[upkeep]\n|upkeep\n|turn|6\n|\n|t:|1699138064\n|move|p1a: Klefki|Thunder Wave|p2a: Jirachi\n|-status|p2a: Jirachi|par\n|move|p2a: Jirachi|Light Screen|p2a: Jirachi\n|-sidestart|p2: ajpjlm|move: Light Screen\n|\n|-weather|SunnyDay|[upkeep]\n|upkeep\n|turn|7\n|\n|t:|1699138082\n|switch|p1a: Roaring Moon|Roaring Moon|100\/100\n|-activate|p1a: Roaring Moon|ability: Protosynthesis\n|-start|p1a: Roaring Moon|protosynthesisatk\n|move|p2a: Jirachi|Reflect|p2a: Jirachi\n|-sidestart|p2: ajpjlm|Reflect\n|\n|-weather|SunnyDay|[upkeep]\n|upkeep\n|turn|8\n|\n|t:|1699138088\n|move|p1a: Roaring Moon|Knock Off|p2a: Jirachi\n|-supereffective|p2a: Jirachi\n|-damage|p2a: Jirachi|7\/100 par\n|-enditem|p2a: Jirachi|Light Clay|[from] move: Knock Off|[of] p1a: Roaring Moon\n|move|p2a: Jirachi|Thunder Wave|p1a: Roaring Moon\n|-status|p1a: Roaring Moon|par\n|\n|-weather|none\n|-end|p1a: Roaring Moon|Protosynthesis\n|upkeep\n|turn|9\n|\n|t:|1699138095\n|-end|p1a: Roaring Moon|Protosynthesis|[silent]\n|switch|p1a: Torkoal|Torkoal, F|10\/100\n|-weather|SunnyDay|[from] ability: Drought|[of] p1a: Torkoal\n|move|p2a: Jirachi|U-turn|p1a: Torkoal\n|-resisted|p1a: Torkoal\n|-damage|p1a: Torkoal|4\/100\n|\n|t:|1699138099\n|switch|p2a: Dragonite|Dragonite, F|100\/100|[from] U-turn\n|\n|-weather|SunnyDay|[upkeep]\n|upkeep\n|turn|10\n|\n|t:|1699138106\n|move|p2a: Dragonite|Substitute|p2a: Dragonite\n|-start|p2a: Dragonite|Substitute\n|-damage|p2a: Dragonite|76\/100\n|move|p1a: Torkoal|Yawn||[still]\n|-fail|p1a: Torkoal\n|\n|-weather|SunnyDay|[upkeep]\n|upkeep\n|turn|11\n|\n|t:|1699138109\n|move|p2a: Dragonite|Dragon Dance|p2a: Dragonite\n|-boost|p2a: Dragonite|atk|1\n|-boost|p2a: Dragonite|spe|1\n|move|p1a: Torkoal|Rapid Spin|p2a: Dragonite\n|-activate|p2a: Dragonite|move: Substitute|[damage]\n|-boost|p1a: Torkoal|spe|1\n|\n|-weather|SunnyDay|[upkeep]\n|upkeep\n|turn|12\n|\n|t:|1699138113\n|switch|p1a: Walking Wake|Walking Wake|100\/100\n|-activate|p1a: Walking Wake|ability: Protosynthesis\n|-start|p1a: Walking Wake|protosynthesisspe\n|move|p2a: Dragonite|Dragon Dance|p2a: Dragonite\n|-boost|p2a: Dragonite|atk|1\n|-boost|p2a: Dragonite|spe|1\n|\n|-weather|SunnyDay|[upkeep]\n|upkeep\n|turn|13\n|\n|t:|1699138115\n|move|p1a: Walking Wake|Dragon Pulse|p2a: Dragonite\n|-supereffective|p2a: Dragonite\n|-end|p2a: Dragonite|Substitute\n|move|p2a: Dragonite|Dragon Claw|p1a: Walking Wake\n|-supereffective|p1a: Walking Wake\n|-damage|p1a: Walking Wake|0 fnt\n|faint|p1a: Walking Wake\n|-end|p1a: Walking Wake|Protosynthesis|[silent]\n|\n|-weather|SunnyDay|[upkeep]\n|-sideend|p2: ajpjlm|move: Light Screen\n|upkeep\n|\n|t:|1699138122\n|switch|p1a: Klefki|Klefki, M|90\/100\n|turn|14\n|\n|t:|1699138132\n|move|p1a: Klefki|Thunder Wave|p2a: Dragonite\n|-status|p2a: Dragonite|par\n|cant|p2a: Dragonite|par\n|\n|-weather|SunnyDay|[upkeep]\n|-sideend|p2: ajpjlm|Reflect\n|upkeep\n|turn|15\n|\n|t:|1699138136\n|move|p2a: Dragonite|Substitute|p2a: Dragonite\n|-start|p2a: Dragonite|Substitute\n|-damage|p2a: Dragonite|51\/100 par\n|move|p1a: Klefki|Foul Play|p2a: Dragonite\n|-end|p2a: Dragonite|Substitute\n|\n|-weather|SunnyDay|[upkeep]\n|upkeep\n|turn|16\n|\n|t:|1699138138\n|move|p2a: Dragonite|Fire Punch|p1a: Klefki\n|-supereffective|p1a: Klefki\n|-damage|p1a: Klefki|0 fnt\n|faint|p1a: Klefki\n|\n|-weather|none\n|upkeep\n|\n|t:|1699138144\n|switch|p1a: Thundurus|Thundurus-Therian, M|100\/100\n|turn|17\n|\n|t:|1699138148\n|move|p1a: Thundurus|Volt Switch|p2a: Dragonite\n|-damage|p2a: Dragonite|0 fnt\n|faint|p2a: Dragonite\n|\n|t:|1699138150\n|switch|p1a: Torkoal|Torkoal, F|4\/100|[from] Volt Switch\n|-weather|SunnyDay|[from] ability: Drought|[of] p1a: Torkoal\n|\n|-weather|SunnyDay|[upkeep]\n|upkeep\n|\n|t:|1699138167\n|switch|p2a: Dudunsparce|Dudunsparce, M|100\/100\n|-damage|p2a: Dudunsparce|88\/100|[from] Spikes\n|turn|18\n|\n|t:|1699138175\n|move|p2a: Dudunsparce|Calm Mind|p2a: Dudunsparce\n|-boost|p2a: Dudunsparce|spa|1\n|-boost|p2a: Dudunsparce|spd|1\n|move|p1a: Torkoal|Yawn|p2a: Dudunsparce\n|-start|p2a: Dudunsparce|move: Yawn|[of] p1a: Torkoal\n|\n|-weather|SunnyDay|[upkeep]\n|-heal|p2a: Dudunsparce|94\/100|[from] item: Leftovers\n|upkeep\n|turn|19\n|c| BossShuckle|its him!!\n|\n|t:|1699138182\n|switch|p2a: Decidueye|Decidueye-Hisui, M|100\/100 par\n|-damage|p2a: Decidueye|88\/100 par|[from] Spikes\n|switch|p1a: Gengar|Gengar, M, shiny|100\/100\n|\n|-weather|SunnyDay|[upkeep]\n|-heal|p2a: Decidueye|94\/100 par|[from] item: Leftovers\n|upkeep\n|turn|20\n|\n|t:|1699138187\n|move|p1a: Gengar|Shadow Ball|p2a: Decidueye\n|-damage|p2a: Decidueye|66\/100 par\n|move|p2a: Decidueye|Knock Off|p1a: Gengar\n|-supereffective|p1a: Gengar\n|-damage|p1a: Gengar|9\/100\n|-start|p2a: Decidueye|Disable|Knock Off|[from] ability: Cursed Body|[of] p1a: Gengar\n|-enditem|p1a: Gengar|Choice Scarf|[from] move: Knock Off|[of] p2a: Decidueye\n|\n|-weather|SunnyDay|[upkeep]\n|-heal|p2a: Decidueye|72\/100 par|[from] item: Leftovers\n|upkeep\n|turn|21\n|\n|t:|1699138193\n|switch|p1a: Thundurus|Thundurus-Therian, M|100\/100\n|move|p2a: Decidueye|Triple Arrows|p1a: Thundurus\n|-resisted|p1a: Thundurus\n|-damage|p1a: Thundurus|74\/100\n|-unboost|p1a: Thundurus|def|1\n|\n|-weather|SunnyDay|[upkeep]\n|-heal|p2a: Decidueye|78\/100 par|[from] item: Leftovers\n|upkeep\n|turn|22\n|\n|t:|1699138204\n|switch|p2a: Jirachi|Jirachi|7\/100 par\n|-damage|p2a: Jirachi|0 fnt|[from] Spikes\n|faint|p2a: Jirachi\n|move|p1a: Thundurus|Psychic|p2: Jirachi|[notarget]\n|-fail|p1a: Thundurus\n|\n|-weather|SunnyDay|[upkeep]\n|upkeep\n|\n|t:|1699138217\n|switch|p2a: Lycanroc|Lycanroc-Dusk, M|76\/100\n|-damage|p2a: Lycanroc|63\/100|[from] Spikes\n|turn|23\n|\n|t:|1699138232\n|switch|p1a: Torkoal|Torkoal, F|4\/100\n|move|p2a: Lycanroc|Stone Edge|p1a: Torkoal\n|-supereffective|p1a: Torkoal\n|-damage|p1a: Torkoal|0 fnt\n|faint|p1a: Torkoal\n|\n|-weather|SunnyDay|[upkeep]\n|upkeep\n|\n|t:|1699138236\n|switch|p1a: Gengar|Gengar, M, shiny|9\/100\n|turn|24\n|\n|t:|1699138251\n|switch|p2a: Decidueye|Decidueye-Hisui, M|78\/100 par\n|-damage|p2a: Decidueye|65\/100 par|[from] Spikes\n|move|p1a: Gengar|Destiny Bond|p1a: Gengar\n|-singlemove|p1a: Gengar|Destiny Bond\n|\n|-weather|none\n|-heal|p2a: Decidueye|72\/100 par|[from] item: Leftovers\n|upkeep\n|turn|25\n|\n|t:|1699138260\n|move|p1a: Gengar|Clear Smog|p2a: Decidueye\n|-supereffective|p2a: Decidueye\n|-damage|p2a: Decidueye|38\/100 par\n|-clearboost|p2a: Decidueye\n|cant|p2a: Decidueye|par\n|\n|-heal|p2a: Decidueye|44\/100 par|[from] item: Leftovers\n|upkeep\n|turn|26\n|\n|t:|1699138265\n|move|p1a: Gengar|Clear Smog|p2a: Decidueye\n|-supereffective|p2a: Decidueye\n|-damage|p2a: Decidueye|6\/100 par\n|-clearboost|p2a: Decidueye\n|move|p2a: Decidueye|Knock Off|p1a: Gengar\n|-supereffective|p1a: Gengar\n|-crit|p1a: Gengar\n|-damage|p1a: Gengar|0 fnt\n|faint|p1a: Gengar\n|\n|-heal|p2a: Decidueye|12\/100 par|[from] item: Leftovers\n|upkeep\n|\n|t:|1699138270\n|switch|p1a: Thundurus|Thundurus-Therian, M|74\/100\n|turn|27\n|\n|t:|1699138274\n|move|p1a: Thundurus|Volt Switch|p2a: Decidueye\n|-resisted|p2a: Decidueye\n|-damage|p2a: Decidueye|0 fnt\n|faint|p2a: Decidueye\n|\n|t:|1699138276\n|switch|p1a: Roaring Moon|Roaring Moon|100\/100 par|[from] Volt Switch\n|\n|upkeep\n|\n|t:|1699138281\n|switch|p2a: Dudunsparce|Dudunsparce, M|94\/100\n|-damage|p2a: Dudunsparce|82\/100|[from] Spikes\n|turn|28\n|\n|t:|1699138289\n|move|p1a: Roaring Moon|Iron Head|p2a: Dudunsparce\n|-damage|p2a: Dudunsparce|53\/100\n|move|p2a: Dudunsparce|Calm Mind|p2a: Dudunsparce\n|-boost|p2a: Dudunsparce|spa|1\n|-boost|p2a: Dudunsparce|spd|1\n|\n|-heal|p2a: Dudunsparce|59\/100|[from] item: Leftovers\n|upkeep\n|turn|29\n|\n|t:|1699138292\n|cant|p1a: Roaring Moon|par\n|move|p2a: Dudunsparce|Roost|p2a: Dudunsparce\n|-heal|p2a: Dudunsparce|100\/100\n|-singleturn|p2a: Dudunsparce|move: Roost\n|\n|upkeep\n|turn|30\n|\n|t:|1699138295\n|-end|p1a: Roaring Moon|Protosynthesis|[silent]\n|switch|p1a: Thundurus|Thundurus-Therian, M|74\/100\n|move|p2a: Dudunsparce|Boomburst|p1a: Thundurus\n|-damage|p1a: Thundurus|0 fnt\n|faint|p1a: Thundurus\n|\n|upkeep\n|c| BossShuckle|its him again!!\n|\n|t:|1699138297\n|switch|p1a: Roaring Moon|Roaring Moon|100\/100 par\n|turn|31\n|\n|t:|1699138301\n|cant|p1a: Roaring Moon|par\n|move|p2a: Dudunsparce|Boomburst|p1a: Roaring Moon\n|-damage|p1a: Roaring Moon|51\/100 par\n|\n|upkeep\n|turn|32\n|\n|t:|1699138303\n|cant|p1a: Roaring Moon|par\n|move|p2a: Dudunsparce|Boomburst|p1a: Roaring Moon\n|-damage|p1a: Roaring Moon|2\/100 par\n|\n|upkeep\n|turn|33\n|\n|t:|1699138305\n|move|p1a: Roaring Moon|Outrage|p2a: Dudunsparce\n|-damage|p2a: Dudunsparce|38\/100\n|move|p2a: Dudunsparce|Boomburst|p1a: Roaring Moon\n|-damage|p1a: Roaring Moon|0 fnt\n|faint|p1a: Roaring Moon\n|-end|p1a: Roaring Moon|Protosynthesis|[silent]\n|\n|win|ajpjlm\n","uploadtime":1699138321,"views":17,"p1id":"kingduns","p2id":"ajpjlm","formatid":"gen9ubers","rating":0,"private":0,"password":""}