{"id":"gen9ubers-1999410271","p1":"quentinteug","p2":"Asta28240","format":"[Gen 9] Ubers","log":"|j|\u2606quentinteug\n|j|\u2606Asta28240\n|t:|1701075825\n|gametype|singles\n|player|p1|quentinteug|ghetsis|\n|player|p2|Asta28240|boarder|\n|teamsize|p1|6\n|teamsize|p2|6\n|gen|9\n|tier|[Gen 9] Ubers\n|rule|Sleep Clause Mod: Limit one foe put to sleep\n|rule|Species Clause: Limit one of each Pok\u00e9mon\n|rule|OHKO Clause: OHKO moves are banned\n|rule|Evasion Items Clause: Evasion items are banned\n|rule|Evasion Moves Clause: Evasion moves are banned\n|rule|Endless Battle Clause: Forcing endless battles is banned\n|rule|HP Percentage Mod: HP is shown in percentages\n|clearpoke\n|poke|p1|Salamence, M|\n|poke|p1|Corviknight, F|\n|poke|p1|Ninetales-Alola, M|\n|poke|p1|Clodsire, F|\n|poke|p1|Ogerpon-Hearthflame, F|\n|poke|p1|Hoopa-Unbound|\n|poke|p2|Ribombee, M|\n|poke|p2|Manaphy|\n|poke|p2|Gholdengo|\n|poke|p2|Kingambit, M|\n|poke|p2|Breloom, M|\n|poke|p2|Iron Moth|\n|teampreview\n|\n|t:|1701075864\n|start\n|switch|p1a: Ninetales|Ninetales-Alola, M|100\/100\n|switch|p2a: Iron Moth|Iron Moth|100\/100\n|-weather|Snow|[from] ability: Snow Warning|[of] p1a: Ninetales\n|-enditem|p2a: Iron Moth|Booster Energy\n|-activate|p2a: Iron Moth|ability: Quark Drive|[fromitem]\n|-start|p2a: Iron Moth|quarkdrivespe\n|turn|1\n|j| ImhoPitit\n|j| AyanYuli\n|\n|t:|1701075874\n|move|p2a: Iron Moth|Fiery Dance|p1a: Ninetales\n|-supereffective|p1a: Ninetales\n|-damage|p1a: Ninetales|22\/100\n|move|p1a: Ninetales|Aurora Veil|p1a: Ninetales\n|-sidestart|p1: quentinteug|move: Aurora Veil\n|\n|-weather|Snow|[upkeep]\n|upkeep\n|turn|2\n|\n|t:|1701075883\n|switch|p1a: Clodsire|Clodsire, F|100\/100\n|move|p2a: Iron Moth|Fiery Dance|p1a: Clodsire\n|-damage|p1a: Clodsire|90\/100\n|\n|-weather|Snow|[upkeep]\n|-heal|p1a: Clodsire|96\/100|[from] item: Leftovers\n|upkeep\n|turn|3\n|l| AyanYuli\n|l| ImhoPitit\n|j| AyanYuli\n|j| ImhoPitit\n|\n|t:|1701075958\n|-end|p2a: Iron Moth|Quark Drive|[silent]\n|switch|p2a: Breloom|Breloom, M|100\/100\n|move|p1a: Clodsire|Stealth Rock|p2a: Breloom\n|-sidestart|p2: Asta28240|move: Stealth Rock\n|\n|-weather|Snow|[upkeep]\n|-heal|p1a: Clodsire|100\/100|[from] item: Leftovers\n|upkeep\n|turn|4\n|\n|t:|1701075978\n|switch|p1a: Ogerpon|Ogerpon-Hearthflame, F|100\/100\n|-ability|p1a: Ogerpon|Mold Breaker\n|move|p2a: Breloom|Spore|p1a: Ogerpon\n|-immune|p1a: Ogerpon\n|\n|-weather|Snow|[upkeep]\n|upkeep\n|turn|5\n|\n|t:|1701076041\n|move|p1a: Ogerpon|Ivy Cudgel|p2a: Breloom|[anim] Ivy Cudgel Fire\n|-supereffective|p2a: Breloom\n|-damage|p2a: Breloom|0 fnt\n|faint|p2a: Breloom\n|\n|-weather|none\n|upkeep\n|\n|t:|1701076065\n|switch|p2a: Manaphy|Manaphy|100\/100\n|-damage|p2a: Manaphy|88\/100|[from] Stealth Rock\n|turn|6\n|\n|t:|1701076070\n|move|p1a: Ogerpon|Trailblaze|p2a: Manaphy\n|-supereffective|p2a: Manaphy\n|-damage|p2a: Manaphy|35\/100\n|-boost|p1a: Ogerpon|spe|1\n|move|p2a: Manaphy|Scald|p1a: Ogerpon\n|-damage|p1a: Ogerpon|80\/100\n|\n|-heal|p2a: Manaphy|41\/100|[from] item: Leftovers\n|upkeep\n|turn|7\n|\n|t:|1701076081\n|move|p1a: Ogerpon|Trailblaze|p2a: Manaphy\n|-supereffective|p2a: Manaphy\n|-damage|p2a: Manaphy|0 fnt\n|-boost|p1a: Ogerpon|spe|1\n|faint|p2a: Manaphy\n|\n|upkeep\n|\n|t:|1701076099\n|switch|p2a: Iron Moth|Iron Moth|100\/100\n|-damage|p2a: Iron Moth|76\/100|[from] Stealth Rock\n|turn|8\n|\n|t:|1701076109\n|-terastallize|p1a: Ogerpon|Fire\n|detailschange|p1a: Ogerpon|Ogerpon-Hearthflame-Tera, F, tera:Fire\n|-ability|p1a: Ogerpon|Embody Aspect (Hearthflame)|boost\n|-boost|p1a: Ogerpon|atk|1\n|move|p1a: Ogerpon|Ivy Cudgel|p2a: Iron Moth|[anim] Ivy Cudgel Fire\n|-resisted|p2a: Iron Moth\n|-damage|p2a: Iron Moth|0 fnt\n|faint|p2a: Iron Moth\n|-end|p2a: Iron Moth|Quark Drive|[silent]\n|\n|-sideend|p1: quentinteug|move: Aurora Veil\n|upkeep\n|\n|t:|1701076119\n|switch|p2a: Gholdengo|Gholdengo|100\/100\n|-damage|p2a: Gholdengo|94\/100|[from] Stealth Rock\n|turn|9\n|\n|t:|1701076130\n|-terastallize|p2a: Gholdengo|Water\n|move|p1a: Ogerpon|Ivy Cudgel|p2a: Gholdengo|[anim] Ivy Cudgel Fire\n|-resisted|p2a: Gholdengo\n|-damage|p2a: Gholdengo|33\/100\n|move|p2a: Gholdengo|Shadow Ball|p1a: Ogerpon\n|-damage|p1a: Ogerpon|6\/100\n|\n|upkeep\n|turn|10\n|\n|t:|1701076139\n|move|p1a: Ogerpon|Horn Leech|p2a: Gholdengo\n|-supereffective|p2a: Gholdengo\n|-damage|p2a: Gholdengo|0 fnt\n|-heal|p1a: Ogerpon|23\/100|[from] drain|[of] p2a: Gholdengo\n|faint|p2a: Gholdengo\n|\n|upkeep\n|\n|t:|1701076146\n|switch|p2a: Kingambit|Kingambit, M|100\/100\n|-damage|p2a: Kingambit|94\/100|[from] Stealth Rock\n|-activate|p2a: Kingambit|ability: Supreme Overlord\n|-start|p2a: Kingambit|fallen4|[silent]\n|-item|p2a: Kingambit|Air Balloon\n|turn|11\n|\n|t:|1701076155\n|move|p1a: Ogerpon|Ivy Cudgel|p2a: Kingambit|[anim] Ivy Cudgel Fire\n|-supereffective|p2a: Kingambit\n|-crit|p2a: Kingambit\n|-damage|p2a: Kingambit|0 fnt\n|-enditem|p2a: Kingambit|Air Balloon\n|faint|p2a: Kingambit\n|-end|p2a: Kingambit|fallen4|[silent]\n|\n|upkeep\n|\n|t:|1701076161\n|switch|p2a: Ribombee|Ribombee, M|100\/100\n|-damage|p2a: Ribombee|76\/100|[from] Stealth Rock\n|turn|12\n|\n|t:|1701076165\n|move|p1a: Ogerpon|Ivy Cudgel|p2a: Ribombee|[anim] Ivy Cudgel Fire\n|-supereffective|p2a: Ribombee\n|-damage|p2a: Ribombee|0 fnt\n|faint|p2a: Ribombee\n|\n|win|quentinteug\n|l|\u2606quentinteug\n|l| ImhoPitit\n","uploadtime":1701076214,"views":1,"p1id":"quentinteug","p2id":"asta28240","formatid":"gen9ubers","rating":0,"private":0,"password":""}