{"id":"gen9ubers-1995184897","p1":"Ch3sc0","p2":"Solar000001","format":"[Gen 9] Ubers","log":"|j|\u2606Ch3sc0\n|j|\u2606Solar000001\n|t:|1700532099\n|gametype|singles\n|player|p1|Ch3sc0|pokemaniac|\n|player|p2|Solar000001|102|\n|teamsize|p1|6\n|teamsize|p2|6\n|gen|9\n|tier|[Gen 9] Ubers\n|rule|Sleep Clause Mod: Limit one foe put to sleep\n|rule|Species Clause: Limit one of each Pok\u00e9mon\n|rule|OHKO Clause: OHKO moves are banned\n|rule|Evasion Items Clause: Evasion items are banned\n|rule|Evasion Moves Clause: Evasion moves are banned\n|rule|Endless Battle Clause: Forcing endless battles is banned\n|rule|HP Percentage Mod: HP is shown in percentages\n|clearpoke\n|poke|p1|Quagsire, F|\n|poke|p1|Quaquaval, F|\n|poke|p1|Dragonite, F|\n|poke|p1|Gengar, F|\n|poke|p1|Scream Tail|\n|poke|p1|Grafaiai, M|\n|poke|p2|Oricorio-Sensu, M|\n|poke|p2|Ceruledge, F|\n|poke|p2|Garchomp, F|\n|poke|p2|Iron Valiant|\n|poke|p2|Brute Bonnet|\n|poke|p2|Arcanine-Hisui, F|\n|teampreview\n|j| sgrg32\n|j| Buzzwardo\n|\n|t:|1700532156\n|start\n|switch|p1a: stinky fingers|Grafaiai, M|100\/100\n|switch|p2a: Iron Valiant|Iron Valiant|100\/100\n|-enditem|p2a: Iron Valiant|Booster Energy\n|-activate|p2a: Iron Valiant|ability: Quark Drive|[fromitem]\n|-start|p2a: Iron Valiant|quarkdrivespe\n|turn|1\n|\n|t:|1700532190\n|-end|p2a: Iron Valiant|Quark Drive|[silent]\n|switch|p2a: Garchomp|Garchomp, F|100\/100\n|move|p1a: stinky fingers|Toxic|p2a: Garchomp\n|-status|p2a: Garchomp|tox\n|\n|-damage|p2a: Garchomp|94\/100 tox|[from] psn\n|upkeep\n|turn|2\n|\n|t:|1700532207\n|move|p1a: stinky fingers|Parting Shot|p2a: Garchomp\n|-unboost|p2a: Garchomp|atk|1\n|-unboost|p2a: Garchomp|spa|1\n|j| ofmon777\n|\n|t:|1700532220\n|switch|p1a: big steppa|Dragonite, F|100\/100|[from] Parting Shot\n|move|p2a: Garchomp|Earthquake|p1a: big steppa\n|-immune|p1a: big steppa\n|\n|-damage|p2a: Garchomp|82\/100 tox|[from] psn\n|upkeep\n|turn|3\n|\n|t:|1700532234\n|move|p2a: Garchomp|Stone Edge|p1a: big steppa|[miss]\n|-miss|p2a: Garchomp|p1a: big steppa\n|move|p1a: big steppa|Agility|p1a: big steppa\n|-boost|p1a: big steppa|spe|2\n|\n|-damage|p2a: Garchomp|64\/100 tox|[from] psn\n|upkeep\n|turn|4\n|c| ofmon777|ooooh i missed\n|\n|t:|1700532245\n|move|p1a: big steppa|Ice Spinner|p2a: Garchomp\n|-supereffective|p2a: Garchomp\n|-damage|p2a: Garchomp|0 fnt\n|-damage|p1a: big steppa|88\/100|[from] ability: Rough Skin|[of] p2a: Garchomp\n|faint|p2a: Garchomp\n|\n|upkeep\n|c| sgrg32|what\n|c|\u2606Ch3sc0|ofmon focus on helping hunter\n|\n|t:|1700532280\n|switch|p2a: Arcanine|Arcanine-Hisui, F|100\/100\n|turn|5\n|c|\u2606Ch3sc0|dont let him blow up\n|c| ofmon777|its on\n|c| ofmon777|its working\n|c|\u2606Ch3sc0|huuuuuge\n|c|\u2606Ch3sc0|now tell him to come over\n|\n|t:|1700532297\n|move|p1a: big steppa|Earthquake|p2a: Arcanine\n|-supereffective|p2a: Arcanine\n|-damage|p2a: Arcanine|0 fnt\n|faint|p2a: Arcanine\n|\n|upkeep\n|\n|t:|1700532311\n|switch|p2a: Oricorio|Oricorio-Sensu, M|100\/100\n|turn|6\n|\n|t:|1700532456\n|move|p1a: big steppa|Aerial Ace|p2a: Oricorio\n|-damage|p2a: Oricorio|43\/100\n|move|p2a: Oricorio|Revelation Dance|p1a: big steppa\n|-damage|p1a: big steppa|42\/100\n|\n|upkeep\n|turn|7\n|\n|t:|1700532476\n|move|p1a: big steppa|Ice Spinner|p2a: Oricorio\n|-supereffective|p2a: Oricorio\n|-damage|p2a: Oricorio|0 fnt\n|faint|p2a: Oricorio\n|\n|upkeep\n|\n|t:|1700532487\n|switch|p2a: Ceruledge|Ceruledge, F|100\/100\n|turn|8\n|\n|t:|1700532492\n|move|p1a: big steppa|Earthquake|p2a: Ceruledge\n|-supereffective|p2a: Ceruledge\n|-crit|p2a: Ceruledge\n|-enditem|p2a: Ceruledge|Focus Sash\n|-damage|p2a: Ceruledge|1\/100\n|-ability|p2a: Ceruledge|Weak Armor|boost\n|-unboost|p2a: Ceruledge|def|1\n|-boost|p2a: Ceruledge|spe|2\n|move|p2a: Ceruledge|Swords Dance|p2a: Ceruledge\n|-boost|p2a: Ceruledge|atk|2\n|\n|upkeep\n|turn|9\n|\n|t:|1700532505\n|move|p2a: Ceruledge|Poltergeist|p1a: big steppa\n|-activate|p1a: big steppa|move: Poltergeist|Weakness Policy\n|-damage|p1a: big steppa|0 fnt\n|faint|p1a: big steppa\n|\n|upkeep\n|\n|t:|1700532526\n|switch|p1a: quaging on my sire|Quagsire, F|100\/100\n|turn|10\n|\n|t:|1700532533\n|move|p2a: Ceruledge|Poltergeist|p1a: quaging on my sire\n|-activate|p1a: quaging on my sire|move: Poltergeist|Rocky Helmet\n|-damage|p1a: quaging on my sire|62\/100\n|move|p1a: quaging on my sire|Earthquake|p2a: Ceruledge\n|-supereffective|p2a: Ceruledge\n|-damage|p2a: Ceruledge|0 fnt\n|faint|p2a: Ceruledge\n|\n|upkeep\n|\n|t:|1700532544\n|switch|p2a: Iron Valiant|Iron Valiant|100\/100\n|turn|11\n|\n|t:|1700532667\n|-terastallize|p1a: quaging on my sire|Poison\n|move|p2a: Iron Valiant|Moonblast|p1a: quaging on my sire\n|-resisted|p1a: quaging on my sire\n|-damage|p1a: quaging on my sire|35\/100\n|move|p1a: quaging on my sire|Toxic|p2a: Iron Valiant\n|-status|p2a: Iron Valiant|tox\n|\n|-damage|p2a: Iron Valiant|94\/100 tox|[from] psn\n|upkeep\n|turn|12\n|\n|t:|1700532687\n|move|p2a: Iron Valiant|Aura Sphere|p1a: quaging on my sire\n|-resisted|p1a: quaging on my sire\n|-crit|p1a: quaging on my sire\n|-damage|p1a: quaging on my sire|0 fnt\n|faint|p1a: quaging on my sire\n|\n|-damage|p2a: Iron Valiant|82\/100 tox|[from] psn\n|upkeep\n|\n|t:|1700532708\n|switch|p1a: im coming for you|Gengar, F|100\/100\n|turn|13\n|\n|t:|1700532752\n|move|p2a: Iron Valiant|Moonblast|p1a: im coming for you\n|-resisted|p1a: im coming for you\n|-damage|p1a: im coming for you|65\/100\n|move|p1a: im coming for you|Hex|p2a: Iron Valiant\n|-damage|p2a: Iron Valiant|0 fnt\n|faint|p2a: Iron Valiant\n|-end|p2a: Iron Valiant|Quark Drive|[silent]\n|\n|upkeep\n|\n|t:|1700532760\n|switch|p2a: Brute Bonnet|Brute Bonnet|100\/100\n|-enditem|p2a: Brute Bonnet|Booster Energy\n|-activate|p2a: Brute Bonnet|ability: Protosynthesis|[fromitem]\n|-start|p2a: Brute Bonnet|protosynthesisatk\n|turn|14\n|\n|t:|1700532773\n|move|p2a: Brute Bonnet|Sucker Punch|p1a: im coming for you\n|-supereffective|p1a: im coming for you\n|-damage|p1a: im coming for you|0 fnt\n|-start|p2a: Brute Bonnet|Disable|Sucker Punch|[from] ability: Cursed Body|[of] p1a: im coming for you\n|faint|p1a: im coming for you\n|\n|upkeep\n|\n|t:|1700532820\n|switch|p1a: gay donald duck|Quaquaval, F|100\/100\n|turn|15\n|\n|t:|1700532832\n|move|p1a: gay donald duck|Close Combat|p2a: Brute Bonnet\n|-supereffective|p2a: Brute Bonnet\n|-damage|p2a: Brute Bonnet|9\/100\n|-unboost|p1a: gay donald duck|def|1\n|-unboost|p1a: gay donald duck|spd|1\n|move|p2a: Brute Bonnet|Spore|p1a: gay donald duck\n|-status|p1a: gay donald duck|slp|[from] move: Spore\n|\n|upkeep\n|turn|16\n|\n|t:|1700532841\n|switch|p1a: hai :3 hai :3|Scream Tail|100\/100\n|move|p2a: Brute Bonnet|Bullet Seed|p1a: hai :3 hai :3\n|-damage|p1a: hai :3 hai :3|86\/100\n|-damage|p1a: hai :3 hai :3|72\/100\n|-hitcount|p1a: hai :3 hai :3|2\n|\n|-heal|p1a: hai :3 hai :3|78\/100|[from] item: Leftovers\n|upkeep\n|turn|17\n|\n|t:|1700532869\n|move|p1a: hai :3 hai :3|Dazzling Gleam|p2a: Brute Bonnet\n|-supereffective|p2a: Brute Bonnet\n|-damage|p2a: Brute Bonnet|0 fnt\n|faint|p2a: Brute Bonnet\n|-end|p2a: Brute Bonnet|Protosynthesis|[silent]\n|\n|win|Ch3sc0\n","uploadtime":1700532880,"views":28,"p1id":"ch3sc0","p2id":"solar000001","formatid":"gen9ubers","rating":0,"private":0,"password":""}