{"id":"gen9ubers-1978446413","p1":"Maldos","p2":"asome123","format":"[Gen 9] Ubers","log":"|j|\u2606Maldos\n|j|\u2606asome123\n|t:|1698540043\n|gametype|singles\n|player|p1|Maldos|1|1132\n|player|p2|asome123|guitarist|1028\n|teamsize|p1|6\n|teamsize|p2|6\n|gen|9\n|tier|[Gen 9] Ubers\n|rated|\n|rule|Sleep Clause Mod: Limit one foe put to sleep\n|rule|Species Clause: Limit one of each Pok\u00e9mon\n|rule|OHKO Clause: OHKO moves are banned\n|rule|Evasion Items Clause: Evasion items are banned\n|rule|Evasion Moves Clause: Evasion moves are banned\n|rule|Endless Battle Clause: Forcing endless battles is banned\n|rule|HP Percentage Mod: HP is shown in percentages\n|clearpoke\n|poke|p1|Pelipper, F|\n|poke|p1|Iron Bundle|\n|poke|p1|Kilowattrel, M|\n|poke|p1|Forretress, M|\n|poke|p1|Mudsdale, F|\n|poke|p1|Basculegion, M|\n|poke|p2|Regieleki|\n|poke|p2|Toxapex, F|\n|poke|p2|Dialga|\n|poke|p2|Magearna-Original|\n|poke|p2|Urshifu-*, M|\n|poke|p2|Dragapult, F|\n|teampreview\n|\n|t:|1698540051\n|start\n|switch|p1a: Pelipper|Pelipper, F|100\/100\n|switch|p2a: Toxapex|Toxapex, F|100\/100\n|-weather|RainDance|[from] ability: Drizzle|[of] p1a: Pelipper\n|turn|1\n|\n|t:|1698540071\n|switch|p1a: Forretress|Forretress, M|100\/100\n|move|p2a: Toxapex|Toxic Spikes|p1a: Forretress\n|-sidestart|p1: Maldos|move: Toxic Spikes\n|\n|-weather|RainDance|[upkeep]\n|upkeep\n|turn|2\n|\n|t:|1698540078\n|move|p2a: Toxapex|Baneful Bunker|p2a: Toxapex\n|-singleturn|p2a: Toxapex|move: Protect\n|move|p1a: Forretress|Rapid Spin|p2a: Toxapex\n|-activate|p2a: Toxapex|move: Protect\n|\n|-weather|RainDance|[upkeep]\n|upkeep\n|turn|3\n|\n|t:|1698540089\n|move|p2a: Toxapex|Toxic|p1a: Forretress\n|-immune|p1a: Forretress\n|move|p1a: Forretress|Rapid Spin|p2a: Toxapex\n|-damage|p2a: Toxapex|92\/100\n|-boost|p1a: Forretress|spe|1\n|-sideend|p1: Maldos|Toxic Spikes|[from] move: Rapid Spin|[of] p1a: Forretress\n|\n|-weather|RainDance|[upkeep]\n|upkeep\n|turn|4\n|inactive|Battle timer is ON: inactive players will automatically lose when time's up. (requested by asome123)\n|\n|t:|1698540119\n|switch|p2a: Dialga|Dialga|100\/100\n|-ability|p2a: Dialga|Pressure\n|move|p1a: Forretress|Gyro Ball|p2a: Dialga\n|-resisted|p2a: Dialga\n|-damage|p2a: Dialga|92\/100\n|\n|-weather|RainDance|[upkeep]\n|upkeep\n|turn|5\n|\n|t:|1698540129\n|move|p2a: Dialga|Flamethrower|p1a: Forretress\n|-supereffective|p1a: Forretress\n|-damage|p1a: Forretress|20\/100\n|move|p1a: Forretress|Volt Switch|p2a: Dialga\n|-resisted|p2a: Dialga\n|-damage|p2a: Dialga|88\/100\n|inactive|Maldos has 120 seconds left.\n|\n|t:|1698540164\n|switch|p1a: Iron Bundle|Iron Bundle|100\/100|[from] Volt Switch\n|\n|-weather|RainDance|[upkeep]\n|upkeep\n|turn|6\n|inactive|Maldos has 120 seconds left.\n|\n|t:|1698540174\n|-terastallize|p1a: Iron Bundle|Ice\n|-terastallize|p2a: Dialga|Steel\n|move|p1a: Iron Bundle|Ice Beam|p2a: Dialga\n|-resisted|p2a: Dialga\n|-damage|p2a: Dialga|49\/100\n|move|p2a: Dialga|Flamethrower|p1a: Iron Bundle\n|-supereffective|p1a: Iron Bundle\n|-damage|p1a: Iron Bundle|45\/100\n|\n|-weather|RainDance|[upkeep]\n|upkeep\n|turn|7\n|inactive|Maldos has 120 seconds left.\n|inactive|Maldos has 90 seconds left.\n|\n|t:|1698540223\n|-end|p1a: Iron Bundle|Quark Drive|[silent]\n|switch|p1a: Basculegion|Basculegion, M|100\/100\n|move|p2a: Dialga|Flamethrower|p1a: Basculegion\n|-resisted|p1a: Basculegion\n|-damage|p1a: Basculegion|92\/100\n|-status|p1a: Basculegion|brn\n|\n|-weather|RainDance|[upkeep]\n|-damage|p1a: Basculegion|86\/100 brn|[from] brn\n|upkeep\n|turn|8\n|inactive|Maldos has 90 seconds left.\n|\n|t:|1698540239\n|switch|p2a: Magearna|Magearna-Original|100\/100\n|move|p1a: Basculegion|Wave Crash|p2a: Magearna\n|-damage|p2a: Magearna|35\/100\n|-damage|p1a: Basculegion|68\/100 brn|[from] Recoil\n|\n|-weather|none\n|-heal|p2a: Magearna|41\/100|[from] item: Leftovers\n|-damage|p1a: Basculegion|62\/100 brn|[from] brn\n|upkeep\n|turn|9\n|\n|t:|1698540255\n|move|p1a: Basculegion|Wave Crash|p2a: Magearna\n|-damage|p2a: Magearna|1\/100\n|-damage|p1a: Basculegion|50\/100 brn|[from] Recoil\n|move|p2a: Magearna|Play Rough|p1a: Basculegion\n|-damage|p1a: Basculegion|1\/100 brn\n|\n|-heal|p2a: Magearna|7\/100|[from] item: Leftovers\n|-damage|p1a: Basculegion|0 fnt|[from] brn\n|faint|p1a: Basculegion\n|-ability|p2a: Magearna|Soul-Heart|boost\n|-boost|p2a: Magearna|spa|1\n|upkeep\n|\n|t:|1698540268\n|switch|p1a: Pelipper|Pelipper, F|100\/100\n|-weather|RainDance|[from] ability: Drizzle|[of] p1a: Pelipper\n|turn|10\n|\n|t:|1698540278\n|move|p2a: Magearna|Pain Split|p1a: Pelipper\n|-sethp|p1a: Pelipper|54\/100|[from] move: Pain Split|[silent]\n|-sethp|p2a: Magearna|53\/100|[from] move: Pain Split\n|move|p1a: Pelipper|U-turn|p2a: Magearna\n|-resisted|p2a: Magearna\n|-damage|p2a: Magearna|51\/100\n|\n|t:|1698540291\n|switch|p1a: Iron Bundle|Iron Bundle, tera:Ice|45\/100|[from] U-turn\n|\n|-weather|RainDance|[upkeep]\n|-heal|p2a: Magearna|57\/100|[from] item: Leftovers\n|upkeep\n|turn|11\n|inactive|Maldos has 60 seconds left.\n|\n|t:|1698540316\n|move|p1a: Iron Bundle|Hydro Pump|p2a: Magearna\n|-damage|p2a: Magearna|0 fnt\n|faint|p2a: Magearna\n|\n|-weather|RainDance|[upkeep]\n|upkeep\n|\n|t:|1698540326\n|switch|p2a: Dialga|Dialga, tera:Steel|49\/100\n|-ability|p2a: Dialga|Pressure\n|turn|12\n|\n|t:|1698540333\n|move|p1a: Iron Bundle|Hydro Pump|p2a: Dialga\n|-damage|p2a: Dialga|0 fnt\n|faint|p2a: Dialga\n|\n|-weather|RainDance|[upkeep]\n|upkeep\n|\n|t:|1698540343\n|switch|p2a: Urshifu|Urshifu, M|100\/100\n|turn|13\n|inactive|Maldos has 60 seconds left.\n|\n|t:|1698540381\n|-end|p1a: Iron Bundle|Quark Drive|[silent]\n|switch|p1a: Mudsdale|Mudsdale, F|100\/100\n|move|p2a: Urshifu|Fire Punch|p1a: Mudsdale\n|-damage|p1a: Mudsdale|90\/100\n|-ability|p1a: Mudsdale|Stamina|boost\n|-boost|p1a: Mudsdale|def|1\n|\n|-weather|RainDance|[upkeep]\n|-heal|p1a: Mudsdale|96\/100|[from] item: Leftovers\n|upkeep\n|turn|14\n|\n|t:|1698540392\n|switch|p2a: Toxapex|Toxapex, F|100\/100\n|move|p1a: Mudsdale|Body Press|p2a: Toxapex\n|-resisted|p2a: Toxapex\n|-damage|p2a: Toxapex|85\/100\n|\n|-weather|RainDance|[upkeep]\n|-heal|p1a: Mudsdale|100\/100|[from] item: Leftovers\n|upkeep\n|turn|15\n|\n|t:|1698540407\n|switch|p1a: Forretress|Forretress, M|20\/100\n|move|p2a: Toxapex|Toxic Spikes|p1a: Forretress\n|-sidestart|p1: Maldos|move: Toxic Spikes\n|\n|-weather|RainDance|[upkeep]\n|-heal|p1a: Forretress|26\/100|[from] item: Leftovers\n|upkeep\n|turn|16\n|\n|t:|1698540415\n|move|p2a: Toxapex|Liquidation|p1a: Forretress\n|-damage|p1a: Forretress|4\/100\n|move|p1a: Forretress|Rapid Spin|p2a: Toxapex\n|-crit|p2a: Toxapex\n|-damage|p2a: Toxapex|71\/100\n|-boost|p1a: Forretress|spe|1\n|-sideend|p1: Maldos|Toxic Spikes|[from] move: Rapid Spin|[of] p1a: Forretress\n|\n|-weather|RainDance|[upkeep]\n|-heal|p1a: Forretress|10\/100|[from] item: Leftovers\n|upkeep\n|turn|17\n|inactive|Maldos has 60 seconds left.\n|\n|t:|1698540438\n|move|p2a: Toxapex|Liquidation|p1a: Forretress\n|-damage|p1a: Forretress|0 fnt\n|faint|p1a: Forretress\n|\n|-weather|none\n|upkeep\n|\n|t:|1698540449\n|switch|p1a: Pelipper|Pelipper, F|54\/100\n|-weather|RainDance|[from] ability: Drizzle|[of] p1a: Pelipper\n|turn|18\n|\n|t:|1698540455\n|move|p2a: Toxapex|Baneful Bunker|p2a: Toxapex\n|-singleturn|p2a: Toxapex|move: Protect\n|move|p1a: Pelipper|U-turn|p2a: Toxapex\n|-activate|p2a: Toxapex|move: Protect\n|-status|p1a: Pelipper|psn\n|\n|-weather|RainDance|[upkeep]\n|-damage|p1a: Pelipper|41\/100 psn|[from] psn\n|upkeep\n|turn|19\n|\n|t:|1698540466\n|move|p1a: Pelipper|U-turn|p2a: Toxapex\n|-resisted|p2a: Toxapex\n|-damage|p2a: Toxapex|67\/100\n|\n|t:|1698540473\n|switch|p1a: Kilowattrel|Kilowattrel, M|100\/100|[from] U-turn\n|move|p2a: Toxapex|Toxic Spikes|p1a: Kilowattrel\n|-sidestart|p1: Maldos|move: Toxic Spikes\n|\n|-weather|RainDance|[upkeep]\n|upkeep\n|turn|20\n|\n|t:|1698540480\n|move|p2a: Toxapex|Baneful Bunker|p2a: Toxapex\n|-singleturn|p2a: Toxapex|move: Protect\n|move|p1a: Kilowattrel|Thunder|p2a: Toxapex\n|-activate|p2a: Toxapex|move: Protect\n|\n|-weather|RainDance|[upkeep]\n|upkeep\n|turn|21\n|inactive|Maldos has 60 seconds left.\n|\n|t:|1698540494\n|move|p1a: Kilowattrel|Hurricane|p2a: Toxapex\n|-damage|p2a: Toxapex|22\/100\n|move|p2a: Toxapex|Liquidation|p1a: Kilowattrel\n|-damage|p1a: Kilowattrel|27\/100\n|\n|-weather|RainDance|[upkeep]\n|upkeep\n|turn|22\n|inactive|Maldos has 60 seconds left.\n|\n|t:|1698540503\n|move|p2a: Toxapex|Baneful Bunker|p2a: Toxapex\n|-singleturn|p2a: Toxapex|move: Protect\n|move|p1a: Kilowattrel|Hurricane|p2a: Toxapex\n|-activate|p2a: Toxapex|move: Protect\n|\n|-weather|RainDance|[upkeep]\n|upkeep\n|turn|23\n|\n|t:|1698540512\n|move|p1a: Kilowattrel|Hurricane|p2a: Toxapex\n|-damage|p2a: Toxapex|0 fnt\n|faint|p2a: Toxapex\n|\n|-weather|RainDance|[upkeep]\n|upkeep\n|inactive|asome123 has 120 seconds left.\n|\n|t:|1698540547\n|switch|p2a: Regieleki|Regieleki|100\/100\n|turn|24\n|inactive|asome123 has 120 seconds left.\n|\n|t:|1698540559\n|switch|p1a: Mudsdale|Mudsdale, F|100\/100\n|-status|p1a: Mudsdale|psn\n|move|p2a: Regieleki|Thunder|p1a: Mudsdale\n|-immune|p1a: Mudsdale\n|\n|-weather|RainDance|[upkeep]\n|-damage|p1a: Mudsdale|88\/100 psn|[from] psn\n|upkeep\n|turn|25\n|inactive|asome123 has 120 seconds left.\n|\n|t:|1698540573\n|switch|p2a: Urshifu|Urshifu, M|100\/100\n|move|p1a: Mudsdale|Earthquake|p2a: Urshifu\n|-damage|p2a: Urshifu|61\/100\n|\n|-weather|none\n|-heal|p1a: Mudsdale|94\/100 psn|[from] item: Leftovers\n|-damage|p1a: Mudsdale|82\/100 psn|[from] psn\n|upkeep\n|turn|26\n|\n|t:|1698540582\n|move|p2a: Urshifu|Fire Punch|p1a: Mudsdale\n|-crit|p1a: Mudsdale\n|-damage|p1a: Mudsdale|46\/100 psn\n|-ability|p1a: Mudsdale|Stamina|boost\n|-boost|p1a: Mudsdale|def|1\n|move|p1a: Mudsdale|Body Press|p2a: Urshifu\n|-supereffective|p2a: Urshifu\n|-damage|p2a: Urshifu|0 fnt\n|faint|p2a: Urshifu\n|\n|-heal|p1a: Mudsdale|52\/100 psn|[from] item: Leftovers\n|-damage|p1a: Mudsdale|40\/100 psn|[from] psn\n|upkeep\n|inactive|asome123 has 120 seconds left.\n|\n|t:|1698540598\n|switch|p2a: Dragapult|Dragapult, F|100\/100\n|turn|27\n|inactive|asome123 has 120 seconds left.\n|inactive|Maldos has 60 seconds left.\n|\n|t:|1698540628\n|switch|p1a: Pelipper|Pelipper, F|41\/100 psn\n|-weather|RainDance|[from] ability: Drizzle|[of] p1a: Pelipper\n|move|p2a: Dragapult|Phantom Force||[still]\n|-prepare|p2a: Dragapult|Phantom Force\n|\n|-weather|RainDance|[upkeep]\n|-damage|p1a: Pelipper|29\/100 psn|[from] psn\n|upkeep\n|turn|28\n|inactive|Maldos has 60 seconds left.\n|\n|t:|1698540639\n|move|p2a: Dragapult|Phantom Force|p1a: Pelipper|[from]lockedmove\n|-damage|p1a: Pelipper|0 fnt\n|faint|p1a: Pelipper\n|\n|-weather|RainDance|[upkeep]\n|upkeep\n|inactive|Maldos has 60 seconds left.\n|\n|t:|1698540662\n|switch|p1a: Iron Bundle|Iron Bundle, tera:Ice|45\/100\n|-status|p1a: Iron Bundle|psn\n|turn|29\n|\n|t:|1698540667\n|move|p1a: Iron Bundle|Ice Beam|p2a: Dragapult\n|-supereffective|p2a: Dragapult\n|-crit|p2a: Dragapult\n|-damage|p2a: Dragapult|0 fnt\n|faint|p2a: Dragapult\n|\n|-weather|RainDance|[upkeep]\n|-damage|p1a: Iron Bundle|33\/100 psn|[from] psn\n|upkeep\n|\n|t:|1698540675\n|switch|p2a: Regieleki|Regieleki|100\/100\n|turn|30\n|inactive|Maldos has 60 seconds left.\n|\n|t:|1698540691\n|move|p2a: Regieleki|Extreme Speed|p1a: Iron Bundle\n|-damage|p1a: Iron Bundle|11\/100 psn\n|move|p1a: Iron Bundle|Ice Beam|p2a: Regieleki\n|-damage|p2a: Regieleki|0 fnt\n|faint|p2a: Regieleki\n|\n|win|Maldos\n|raw|Maldos's rating: 1132 &rarr; <strong>1150<\/strong><br \/>(+18 for winning)\n|raw|asome123's rating: 1028 &rarr; <strong>1018<\/strong><br \/>(-10 for losing)\n|c|\u2606asome123|GG\n|c|\u2606Maldos|gg\n","uploadtime":1698540711,"views":8,"p1id":"maldos","p2id":"asome123","formatid":"gen9ubers","rating":1018,"private":0,"password":""}