{"id":"gen9ubers-1991691859","p1":"BAXSD9 YeatRider","p2":"Cool Guy Boruto","format":"[Gen 9] Ubers","log":"|j|\u2606BAXSD9 YeatRider\n|j|\u2606Cool Guy Boruto\n|t:|1700103240\n|gametype|singles\n|player|p1|BAXSD9 YeatRider|ninjaboy|\n|player|p2|Cool Guy Boruto|2|\n|teamsize|p1|6\n|teamsize|p2|6\n|gen|9\n|tier|[Gen 9] Ubers\n|rated|Tournament battle\n|rule|Sleep Clause Mod: Limit one foe put to sleep\n|rule|Species Clause: Limit one of each Pok\u00e9mon\n|rule|OHKO Clause: OHKO moves are banned\n|rule|Evasion Items Clause: Evasion items are banned\n|rule|Evasion Moves Clause: Evasion moves are banned\n|rule|Endless Battle Clause: Forcing endless battles is banned\n|rule|HP Percentage Mod: HP is shown in percentages\n|\n|t:|1700103240\n|start\n|switch|p1a: Grimmsnarl|Grimmsnarl, M|100\/100\n|switch|p2a: Temptation|Gliscor, M|100\/100\n|turn|1\n|inactive|Battle timer is ON: inactive players will automatically lose when time's up. (requested by Cool Guy Boruto)\n|\n|t:|1700103249\n|move|p2a: Temptation|Protect|p2a: Temptation\n|-singleturn|p2a: Temptation|Protect\n|move|p1a: Grimmsnarl|Taunt|p2a: Temptation\n|-activate|p2a: Temptation|move: Protect\n|\n|-status|p2a: Temptation|tox|[from] item: Toxic Orb\n|upkeep\n|turn|2\n|\n|t:|1700103274\n|switch|p2a: Salvation|Skeledirge, F|100\/100\n|move|p1a: Grimmsnarl|Reflect|p1a: Grimmsnarl\n|-sidestart|p1: BAXSD9 YeatRider|Reflect\n|\n|upkeep\n|turn|3\n|j| klefkwi\n|j|%Taka\n|inactive|BAXSD9 YeatRider has 120 seconds left.\n|\n|t:|1700103310\n|move|p1a: Grimmsnarl|Taunt|p2a: Salvation\n|-start|p2a: Salvation|move: Taunt\n|move|p2a: Salvation|Torch Song|p1a: Grimmsnarl\n|-crit|p1a: Grimmsnarl\n|-damage|p1a: Grimmsnarl|56\/100\n|-boost|p2a: Salvation|spa|1\n|\n|upkeep\n|turn|4\n|\n|t:|1700103328\n|move|p1a: Grimmsnarl|Light Screen|p1a: Grimmsnarl\n|-sidestart|p1: BAXSD9 YeatRider|move: Light Screen\n|move|p2a: Salvation|Torch Song|p1a: Grimmsnarl\n|-damage|p1a: Grimmsnarl|33\/100\n|-boost|p2a: Salvation|spa|1\n|\n|upkeep\n|turn|5\n|\n|t:|1700103336\n|switch|p1a: Miraidon|Miraidon|100\/100\n|-fieldstart|move: Electric Terrain|[from] ability: Hadron Engine|[of] p1a: Miraidon\n|move|p2a: Salvation|Shadow Ball|p1a: Miraidon\n|-damage|p1a: Miraidon|73\/100\n|\n|-end|p2a: Salvation|move: Taunt\n|upkeep\n|turn|6\n|\n|t:|1700103345\n|switch|p2a: Fraudsire|Clodsire, F|100\/100\n|move|p1a: Miraidon|Calm Mind|p1a: Miraidon\n|-boost|p1a: Miraidon|spa|1\n|-boost|p1a: Miraidon|spd|1\n|\n|upkeep\n|turn|7\n|\n|t:|1700103351\n|move|p1a: Miraidon|Taunt|p2a: Fraudsire\n|-start|p2a: Fraudsire|move: Taunt\n|cant|p2a: Fraudsire|move: Taunt|Haze\n|\n|upkeep\n|turn|8\n|\n|t:|1700103364\n|switch|p2a: Blissful Regrets|Blissey, F|100\/100\n|move|p1a: Miraidon|Draco Meteor|p2a: Blissful Regrets\n|-damage|p2a: Blissful Regrets|47\/100\n|-unboost|p1a: Miraidon|spa|2\n|-damage|p1a: Miraidon|63\/100|[from] item: Life Orb\n|\n|upkeep\n|turn|9\n|\n|t:|1700103371\n|move|p1a: Miraidon|Taunt|p2a: Blissful Regrets\n|-start|p2a: Blissful Regrets|move: Taunt\n|move|p2a: Blissful Regrets|Seismic Toss|p1a: Miraidon\n|-damage|p1a: Miraidon|33\/100\n|\n|-sideend|p1: BAXSD9 YeatRider|Reflect\n|-fieldend|move: Electric Terrain\n|upkeep\n|turn|10\n|\n|t:|1700103376\n|move|p1a: Miraidon|Calm Mind|p1a: Miraidon\n|-boost|p1a: Miraidon|spa|1\n|-boost|p1a: Miraidon|spd|1\n|move|p2a: Blissful Regrets|Seismic Toss|p1a: Miraidon\n|-damage|p1a: Miraidon|4\/100\n|\n|upkeep\n|turn|11\n|\n|t:|1700103386\n|move|p1a: Miraidon|Draco Meteor|p2a: Blissful Regrets\n|-damage|p2a: Blissful Regrets|18\/100\n|-unboost|p1a: Miraidon|spa|2\n|-damage|p1a: Miraidon|0 fnt|[from] item: Life Orb\n|faint|p1a: Miraidon\n|move|p2a: Blissful Regrets|Seismic Toss|p1: Miraidon|[notarget]\n|-fail|p2a: Blissful Regrets\n|\n|-end|p2a: Blissful Regrets|move: Taunt\n|-sideend|p1: BAXSD9 YeatRider|move: Light Screen\n|upkeep\n|\n|t:|1700103394\n|switch|p1a: Koraidon|Koraidon|100\/100\n|-weather|SunnyDay|[from] ability: Orichalcum Pulse|[of] p1a: Koraidon\n|-activate|p1a: Koraidon|Orichalcum Pulse|[source]\n|turn|12\n|\n|t:|1700103411\n|switch|p1a: Groudon|Groudon|100\/100\n|move|p2a: Blissful Regrets|Seismic Toss|p1a: Groudon\n|-damage|p1a: Groudon|76\/100\n|\n|-weather|SunnyDay|[upkeep]\n|-heal|p1a: Groudon|82\/100|[from] item: Leftovers\n|upkeep\n|turn|13\n|l| klefkwi\n|\n|t:|1700103428\n|switch|p2a: Temptation|Gliscor, M|100\/100 tox\n|move|p1a: Groudon|Substitute|p1a: Groudon\n|-start|p1a: Groudon|Substitute\n|-damage|p1a: Groudon|57\/100\n|\n|-weather|SunnyDay|[upkeep]\n|-heal|p1a: Groudon|63\/100|[from] item: Leftovers\n|upkeep\n|turn|14\n|\n|t:|1700103434\n|move|p2a: Temptation|Earthquake|p1a: Groudon\n|-activate|p1a: Groudon|move: Substitute|[damage]\n|move|p1a: Groudon|Swords Dance|p1a: Groudon\n|-boost|p1a: Groudon|atk|2\n|\n|-weather|SunnyDay|[upkeep]\n|-heal|p1a: Groudon|69\/100|[from] item: Leftovers\n|upkeep\n|turn|15\n|\n|t:|1700103443\n|move|p2a: Temptation|Earthquake|p1a: Groudon\n|-end|p1a: Groudon|Substitute\n|move|p1a: Groudon|Swords Dance|p1a: Groudon\n|-boost|p1a: Groudon|atk|2\n|\n|-weather|SunnyDay|[upkeep]\n|-heal|p1a: Groudon|76\/100|[from] item: Leftovers\n|upkeep\n|turn|16\n|\n|t:|1700103447\n|move|p2a: Temptation|Toxic|p1a: Groudon\n|-status|p1a: Groudon|tox\n|move|p1a: Groudon|Substitute|p1a: Groudon\n|-start|p1a: Groudon|Substitute\n|-damage|p1a: Groudon|51\/100 tox\n|\n|-weather|none\n|-heal|p1a: Groudon|57\/100 tox|[from] item: Leftovers\n|-damage|p1a: Groudon|51\/100 tox|[from] psn\n|upkeep\n|turn|17\n|\n|t:|1700103455\n|switch|p2a: Fraudbozo|Dondozo, M|100\/100\n|move|p1a: Groudon|Crunch|p2a: Fraudbozo\n|-damage|p2a: Fraudbozo|86\/100\n|-unboost|p2a: Fraudbozo|def|1\n|\n|-heal|p1a: Groudon|57\/100 tox|[from] item: Leftovers\n|-damage|p1a: Groudon|44\/100 tox|[from] psn\n|upkeep\n|turn|18\n|\n|t:|1700103464\n|switch|p1a: Grimmsnarl|Grimmsnarl, M|33\/100\n|move|p2a: Fraudbozo|Avalanche|p1a: Grimmsnarl\n|-crit|p1a: Grimmsnarl\n|-damage|p1a: Grimmsnarl|16\/100\n|\n|upkeep\n|turn|19\n|\n|t:|1700103473\n|switch|p2a: Salvation|Skeledirge, F|100\/100\n|move|p1a: Grimmsnarl|Taunt|p2a: Salvation\n|-start|p2a: Salvation|move: Taunt\n|\n|upkeep\n|turn|20\n|\n|t:|1700103477\n|move|p1a: Grimmsnarl|Light Screen|p1a: Grimmsnarl\n|-sidestart|p1: BAXSD9 YeatRider|move: Light Screen\n|move|p2a: Salvation|Torch Song|p1a: Grimmsnarl\n|-damage|p1a: Grimmsnarl|0 fnt\n|-boost|p2a: Salvation|spa|1\n|faint|p1a: Grimmsnarl\n|\n|upkeep\n|\n|t:|1700103483\n|switch|p1a: Groudon|Groudon|44\/100 tox\n|-weather|SunnyDay|[from] ability: Drought|[of] p1a: Groudon\n|turn|21\n|\n|t:|1700103487\n|switch|p1a: Arceus|Arceus-Ghost|100\/100\n|switch|p2a: Fraudbozo|Dondozo, M|86\/100\n|\n|-weather|SunnyDay|[upkeep]\n|upkeep\n|turn|22\n|\n|t:|1700103497\n|switch|p1a: Koraidon|Koraidon|100\/100\n|-activate|p1a: Koraidon|ability: Orichalcum Pulse\n|switch|p2a: Eternally Lying|Eternatus|100\/100\n|-ability|p2a: Eternally Lying|Pressure\n|\n|-weather|SunnyDay|[upkeep]\n|upkeep\n|turn|23\n|\n|t:|1700103508\n|switch|p2a: Blissful Regrets|Blissey, F|18\/100\n|move|p1a: Koraidon|Dragon Claw|p2a: Blissful Regrets\n|-damage|p2a: Blissful Regrets|0 fnt\n|faint|p2a: Blissful Regrets\n|-damage|p1a: Koraidon|91\/100|[from] item: Life Orb\n|\n|-weather|SunnyDay|[upkeep]\n|upkeep\n|\n|t:|1700103521\n|switch|p2a: Salvation|Skeledirge, F|100\/100\n|turn|24\n|\n|t:|1700103527\n|switch|p1a: Groudon|Groudon|44\/100 tox\n|move|p2a: Salvation|Will-O-Wisp||[still]\n|-fail|p2a: Salvation\n|\n|-weather|SunnyDay|[upkeep]\n|-heal|p1a: Groudon|51\/100 tox|[from] item: Leftovers\n|-damage|p1a: Groudon|44\/100 tox|[from] psn\n|upkeep\n|turn|25\n|\n|t:|1700103531\n|switch|p2a: Temptation|Gliscor, M|100\/100 tox\n|move|p1a: Groudon|Precipice Blades|p2a: Temptation\n|-immune|p2a: Temptation\n|\n|-weather|none\n|-heal|p1a: Groudon|51\/100 tox|[from] item: Leftovers\n|-damage|p1a: Groudon|38\/100 tox|[from] psn\n|upkeep\n|turn|26\n|\n|t:|1700103535\n|move|p2a: Temptation|Spikes|p1a: Groudon\n|-sidestart|p1: BAXSD9 YeatRider|Spikes\n|move|p1a: Groudon|Crunch|p2a: Temptation\n|-damage|p2a: Temptation|75\/100 tox\n|\n|-heal|p1a: Groudon|44\/100 tox|[from] item: Leftovers\n|-heal|p2a: Temptation|87\/100 tox|[from] ability: Poison Heal\n|-damage|p1a: Groudon|26\/100 tox|[from] psn\n|upkeep\n|turn|27\n|\n|t:|1700103540\n|switch|p1a: Arceus|Arceus-Ghost|100\/100\n|-damage|p1a: Arceus|88\/100|[from] Spikes\n|move|p2a: Temptation|Spikes|p1a: Arceus\n|-sidestart|p1: BAXSD9 YeatRider|Spikes\n|\n|-heal|p2a: Temptation|99\/100 tox|[from] ability: Poison Heal\n|-sideend|p1: BAXSD9 YeatRider|move: Light Screen\n|upkeep\n|turn|28\n|\n|t:|1700103547\n|switch|p2a: Eternally Lying|Eternatus|100\/100\n|-ability|p2a: Eternally Lying|Pressure\n|move|p1a: Arceus|Taunt|p2a: Eternally Lying\n|-start|p2a: Eternally Lying|move: Taunt\n|\n|upkeep\n|turn|29\n|\n|t:|1700103560\n|move|p1a: Arceus|Calm Mind|p1a: Arceus\n|-boost|p1a: Arceus|spa|1\n|-boost|p1a: Arceus|spd|1\n|move|p2a: Eternally Lying|Dragon Tail|p1a: Arceus\n|-damage|p1a: Arceus|78\/100\n|drag|p1a: Koraidon|Koraidon|91\/100\n|-damage|p1a: Koraidon|74\/100|[from] Spikes\n|-weather|SunnyDay|[from] ability: Orichalcum Pulse|[of] p1a: Koraidon\n|-activate|p1a: Koraidon|Orichalcum Pulse|[source]\n|\n|-weather|SunnyDay|[upkeep]\n|upkeep\n|turn|30\n|\n|t:|1700103571\n|switch|p2a: Salvation|Skeledirge, F|100\/100\n|move|p1a: Koraidon|Dragon Claw|p2a: Salvation\n|-damage|p2a: Salvation|53\/100\n|-damage|p1a: Koraidon|64\/100|[from] item: Life Orb\n|\n|-weather|SunnyDay|[upkeep]\n|upkeep\n|turn|31\n|\n|t:|1700103579\n|move|p1a: Koraidon|Dragon Claw|p2a: Salvation\n|-damage|p2a: Salvation|7\/100\n|-damage|p1a: Koraidon|54\/100|[from] item: Life Orb\n|move|p2a: Salvation|Slack Off|p2a: Salvation\n|-heal|p2a: Salvation|57\/100\n|\n|-weather|SunnyDay|[upkeep]\n|upkeep\n|turn|32\n|\n|t:|1700103584\n|move|p1a: Koraidon|Dragon Claw|p2a: Salvation\n|-damage|p2a: Salvation|15\/100\n|-damage|p1a: Koraidon|44\/100|[from] item: Life Orb\n|move|p2a: Salvation|Slack Off|p2a: Salvation\n|-heal|p2a: Salvation|65\/100\n|\n|-weather|SunnyDay|[upkeep]\n|upkeep\n|turn|33\n|\n|t:|1700103588\n|move|p1a: Koraidon|Dragon Claw|p2a: Salvation\n|-damage|p2a: Salvation|23\/100\n|-damage|p1a: Koraidon|34\/100|[from] item: Life Orb\n|move|p2a: Salvation|Slack Off|p2a: Salvation\n|-heal|p2a: Salvation|73\/100\n|\n|-weather|none\n|upkeep\n|turn|34\n|\n|t:|1700103593\n|switch|p1a: Groudon|Groudon|26\/100 tox\n|-damage|p1a: Groudon|9\/100 tox|[from] Spikes\n|-weather|SunnyDay|[from] ability: Drought|[of] p1a: Groudon\n|move|p2a: Salvation|Shadow Ball|p1a: Groudon\n|-damage|p1a: Groudon|0 fnt\n|faint|p1a: Groudon\n|\n|-weather|SunnyDay|[upkeep]\n|upkeep\n|\n|t:|1700103600\n|switch|p1a: Arceus|Arceus-Ghost|78\/100\n|-damage|p1a: Arceus|61\/100|[from] Spikes\n|turn|35\n|\n|t:|1700103606\n|switch|p2a: Eternally Lying|Eternatus|100\/100\n|-ability|p2a: Eternally Lying|Pressure\n|move|p1a: Arceus|Judgment|p2a: Eternally Lying\n|-crit|p2a: Eternally Lying\n|-damage|p2a: Eternally Lying|51\/100\n|\n|-weather|SunnyDay|[upkeep]\n|upkeep\n|turn|36\n|\n|t:|1700103613\n|move|p2a: Eternally Lying|Recover|p2a: Eternally Lying\n|-heal|p2a: Eternally Lying|100\/100\n|move|p1a: Arceus|Recover|p1a: Arceus\n|-heal|p1a: Arceus|100\/100\n|\n|-weather|SunnyDay|[upkeep]\n|upkeep\n|turn|37\n|\n|t:|1700103618\n|move|p2a: Eternally Lying|Toxic|p1a: Arceus\n|-status|p1a: Arceus|tox\n|move|p1a: Arceus|Judgment|p2a: Eternally Lying\n|-damage|p2a: Eternally Lying|64\/100\n|\n|-weather|SunnyDay|[upkeep]\n|-damage|p1a: Arceus|94\/100 tox|[from] psn\n|upkeep\n|turn|38\n|c|\u2606BAXSD9 YeatRider|damn\n|c|\u2606BAXSD9 YeatRider|misplayed\n|j|+corvere\u2665\n|c|\u2606Cool Guy Boruto|cm mirai is scary\n|\n|t:|1700103640\n|move|p2a: Eternally Lying|Recover|p2a: Eternally Lying\n|-heal|p2a: Eternally Lying|100\/100\n|move|p1a: Arceus|Taunt|p2a: Eternally Lying\n|-start|p2a: Eternally Lying|move: Taunt\n|\n|-weather|none\n|-damage|p1a: Arceus|82\/100 tox|[from] psn\n|upkeep\n|turn|39\n|c|\u2606Cool Guy Boruto|autowins vs this team\n|\n|t:|1700103647\n|move|p1a: Arceus|Judgment|p2a: Eternally Lying\n|-damage|p2a: Eternally Lying|64\/100\n|move|p2a: Eternally Lying|Dragon Tail|p1a: Arceus\n|-damage|p1a: Arceus|72\/100 tox\n|drag|p1a: Koraidon|Koraidon|34\/100\n|-damage|p1a: Koraidon|18\/100|[from] Spikes\n|-weather|SunnyDay|[from] ability: Orichalcum Pulse|[of] p1a: Koraidon\n|-activate|p1a: Koraidon|Orichalcum Pulse|[source]\n|\n|-weather|SunnyDay|[upkeep]\n|upkeep\n|turn|40\n|j| blimblop\n|\n|t:|1700103656\n|switch|p2a: Salvation|Skeledirge, F|73\/100\n|move|p1a: Koraidon|Dragon Claw|p2a: Salvation\n|-damage|p2a: Salvation|27\/100\n|-damage|p1a: Koraidon|8\/100|[from] item: Life Orb\n|\n|-weather|SunnyDay|[upkeep]\n|upkeep\n|turn|41\n|\n|t:|1700103664\n|move|p1a: Koraidon|Dragon Claw|p2a: Salvation\n|-damage|p2a: Salvation|0 fnt\n|faint|p2a: Salvation\n|-damage|p1a: Koraidon|0 fnt|[from] item: Life Orb\n|faint|p1a: Koraidon\n|\n|-weather|SunnyDay|[upkeep]\n|upkeep\n|j| klefkwi\n|\n|t:|1700103675\n|switch|p1a: Zacian|Zacian-Crowned|100\/100\n|switch|p2a: Fraudbozo|Dondozo, M|86\/100\n|-damage|p1a: Zacian|84\/100|[from] Spikes\n|-ability|p1a: Zacian|Intrepid Sword|boost\n|-boost|p1a: Zacian|atk|1\n|turn|42\n|\n|t:|1700103679\n|move|p1a: Zacian|Wild Charge|p2a: Fraudbozo\n|-supereffective|p2a: Fraudbozo\n|-damage|p2a: Fraudbozo|56\/100\n|-damage|p1a: Zacian|72\/100|[from] Recoil\n|move|p2a: Fraudbozo|Curse|p2a: Fraudbozo\n|-unboost|p2a: Fraudbozo|spe|1\n|-boost|p2a: Fraudbozo|atk|1\n|-boost|p2a: Fraudbozo|def|1\n|\n|-weather|SunnyDay|[upkeep]\n|upkeep\n|turn|43\n|\n|t:|1700103688\n|switch|p1a: Arceus|Arceus-Ghost|72\/100 tox\n|-damage|p1a: Arceus|55\/100 tox|[from] Spikes\n|move|p2a: Fraudbozo|Rest|p2a: Fraudbozo\n|-status|p2a: Fraudbozo|slp|[from] move: Rest\n|-heal|p2a: Fraudbozo|100\/100 slp|[silent]\n|\n|-weather|none\n|-damage|p1a: Arceus|49\/100 tox|[from] psn\n|upkeep\n|turn|44\n|\n|t:|1700103695\n|switch|p2a: Temptation|Gliscor, M|99\/100 tox\n|move|p1a: Arceus|Taunt|p2a: Temptation\n|-start|p2a: Temptation|move: Taunt\n|\n|-damage|p1a: Arceus|37\/100 tox|[from] psn\n|-heal|p2a: Temptation|100\/100 tox|[from] ability: Poison Heal\n|upkeep\n|turn|45\n|\n|t:|1700103699\n|move|p1a: Arceus|Recover|p1a: Arceus\n|-heal|p1a: Arceus|87\/100 tox\n|move|p2a: Temptation|Earthquake|p1a: Arceus\n|-damage|p1a: Arceus|65\/100 tox\n|\n|-damage|p1a: Arceus|46\/100 tox|[from] psn\n|upkeep\n|turn|46\n|l|+corvere\u2665\n|\n|t:|1700103703\n|move|p1a: Arceus|Judgment|p2a: Temptation\n|-damage|p2a: Temptation|37\/100 tox\n|move|p2a: Temptation|Earthquake|p1a: Arceus\n|-damage|p1a: Arceus|26\/100 tox\n|\n|-damage|p1a: Arceus|2\/100 tox|[from] psn\n|-heal|p2a: Temptation|49\/100 tox|[from] ability: Poison Heal\n|-end|p2a: Temptation|move: Taunt\n|upkeep\n|turn|47\n|\n|t:|1700103715\n|move|p2a: Temptation|Protect|p2a: Temptation\n|-singleturn|p2a: Temptation|Protect\n|move|p1a: Arceus|Judgment|p2a: Temptation\n|-activate|p2a: Temptation|move: Protect\n|\n|-damage|p1a: Arceus|0 fnt|[from] psn\n|faint|p1a: Arceus\n|-heal|p2a: Temptation|62\/100 tox|[from] ability: Poison Heal\n|upkeep\n|\n|t:|1700103717\n|switch|p1a: Zacian|Zacian-Crowned|72\/100\n|-damage|p1a: Zacian|55\/100|[from] Spikes\n|turn|48\n|\n|t:|1700103719\n|move|p1a: Zacian|Play Rough|p2a: Temptation\n|-damage|p2a: Temptation|18\/100 tox\n|move|p2a: Temptation|Earthquake|p1a: Zacian\n|-supereffective|p1a: Zacian\n|-damage|p1a: Zacian|0 fnt\n|faint|p1a: Zacian\n|\n|win|Cool Guy Boruto\n|n|\u2606BAXSD9 YeatRider|baxsd9yeatrider\n|n|\u2606Cool Guy Boruto|coolguyboruto\n|n| Taka|taka\n|n| blimblop|blimblop\n|n| klefkwi|klefkwi\n","uploadtime":1700103720,"views":5,"p1id":"baxsd9yeatrider","p2id":"coolguyboruto","formatid":"gen9ubers","rating":0,"private":0,"password":""}