{"id":"gen9ubers-1982813296","p1":"Holiss77","p2":"NEdgyman","format":"[Gen 9] Ubers","log":"|j|\u2606Holiss77\n|j|\u2606NEdgyman\n|t:|1699047393\n|gametype|singles\n|player|p1|Holiss77|102|\n|player|p2|NEdgyman|hanbei-conquest|\n|teamsize|p1|6\n|teamsize|p2|6\n|gen|9\n|tier|[Gen 9] Ubers\n|rule|Sleep Clause Mod: Limit one foe put to sleep\n|rule|Species Clause: Limit one of each Pok\u00e9mon\n|rule|OHKO Clause: OHKO moves are banned\n|rule|Evasion Items Clause: Evasion items are banned\n|rule|Evasion Moves Clause: Evasion moves are banned\n|rule|Endless Battle Clause: Forcing endless battles is banned\n|rule|HP Percentage Mod: HP is shown in percentages\n|clearpoke\n|poke|p1|Donphan, M|\n|poke|p1|Roaring Moon|\n|poke|p1|Ogerpon-Hearthflame, F|\n|poke|p1|Qwilfish-Hisui, M|\n|poke|p1|Electrode-Hisui|\n|poke|p1|Ninetales, F|\n|poke|p2|Annihilape, M|\n|poke|p2|Crawdaunt, M|\n|poke|p2|Glimmora, M|\n|poke|p2|Ribombee, F|\n|poke|p2|Jolteon, F|\n|poke|p2|Cresselia, F|\n|teampreview\n|j| So Threatening\n|j| Quackborg\n|l| Quackborg\n|c|\u2606NEdgyman|glhf\n|j| Quackborg\n|l| So Threatening\n|c|\u2606Holiss77|glhf\n|\n|t:|1699047497\n|start\n|switch|p1a: Right on Cue|Electrode-Hisui, shiny|100\/100\n|switch|p2a: Boiled Dinner|Crawdaunt, M|100\/100\n|turn|1\n|\n|t:|1699047512\n|switch|p2a: Jr. Crocker|Jolteon, F|100\/100\n|move|p1a: Right on Cue|Giga Drain|p2a: Jr. Crocker\n|-damage|p2a: Jr. Crocker|74\/100\n|\n|upkeep\n|turn|2\n|j| Swagadile\n|\n|t:|1699047522\n|-terastallize|p2a: Jr. Crocker|Flying\n|move|p1a: Right on Cue|Stun Spore|p2a: Jr. Crocker\n|-status|p2a: Jr. Crocker|par\n|move|p2a: Jr. Crocker|Tera Blast|p1a: Right on Cue|[anim] Tera Blast Flying\n|-damage|p1a: Right on Cue|48\/100\n|\n|upkeep\n|turn|3\n|j| So Threatening\n|c| Swagadile|Lmaooo\n|c|\u2606NEdgyman|sad!\n|l| Swagadile\n|j| Swagadile\n|c|\u2606NEdgyman|im off to a bad start\n|c| Quackborg|Oof that read\n|\n|t:|1699047553\n|switch|p1a: Okami|Ninetales, F, shiny|100\/100\n|-weather|SunnyDay|[from] ability: Drought|[of] p1a: Okami\n|move|p2a: Jr. Crocker|Tera Blast|p1a: Okami|[anim] Tera Blast Flying\n|-damage|p1a: Okami|51\/100\n|\n|-weather|SunnyDay|[upkeep]\n|upkeep\n|turn|4\n|c| So Threatening|bro got predicted holyyyy\n|\n|t:|1699047591\n|move|p1a: Okami|Flamethrower|p2a: Jr. Crocker\n|-damage|p2a: Jr. Crocker|7\/100 par\n|move|p2a: Jr. Crocker|Tera Blast|p1a: Okami|[anim] Tera Blast Flying\n|-damage|p1a: Okami|0 fnt\n|faint|p1a: Okami\n|\n|-weather|SunnyDay|[upkeep]\n|upkeep\n|\n|t:|1699047616\n|switch|p1a: Mr. Puff|Qwilfish-Hisui, M, shiny|100\/100\n|-ability|p1a: Mr. Puff|Intimidate|boost\n|-unboost|p2a: Jr. Crocker|atk|1\n|turn|5\n|j| BPLD\n|\n|t:|1699047649\n|switch|p2a: Howler Monkey|Annihilape, M, shiny|100\/100\n|move|p1a: Mr. Puff|Swords Dance|p1a: Mr. Puff\n|-boost|p1a: Mr. Puff|atk|2\n|-enditem|p2a: Howler Monkey|Mirror Herb\n|-boost|p2a: Howler Monkey|atk|2|[from] item: Mirror Herb\n|\n|-weather|SunnyDay|[upkeep]\n|upkeep\n|turn|6\n|c| So Threatening|bruhhhhhhh\n|c| Swagadile|Wrap it up\n|\n|t:|1699047670\n|-terastallize|p1a: Mr. Puff|Dragon\n|move|p2a: Howler Monkey|Drain Punch|p1a: Mr. Puff\n|-damage|p1a: Mr. Puff|36\/100\n|move|p1a: Mr. Puff|Scale Shot|p2a: Howler Monkey\n|-damage|p2a: Howler Monkey|81\/100\n|-damage|p2a: Howler Monkey|59\/100\n|-damage|p2a: Howler Monkey|38\/100\n|-hitcount|p2a: Howler Monkey|3\n|-unboost|p1a: Mr. Puff|def|1\n|-boost|p1a: Mr. Puff|spe|1\n|\n|-weather|SunnyDay|[upkeep]\n|upkeep\n|turn|7\n|c|\u2606NEdgyman|oh wow\n|c| So Threatening|BRUHHHH\n|c| Swagadile|Shiesty\n|c|\u2606NEdgyman|this shit is insane\n|c| BPLD|Yoooooo\n|c| Quackborg|It learns that?\n|\n|t:|1699047702\n|switch|p2a: Jr. Crocker|Jolteon, F, tera:Flying|7\/100 par\n|move|p1a: Mr. Puff|Scale Shot|p2a: Jr. Crocker\n|-damage|p2a: Jr. Crocker|0 fnt\n|faint|p2a: Jr. Crocker\n|-hitcount|p2: Jr. Crocker|1\n|-unboost|p1a: Mr. Puff|def|1\n|-boost|p1a: Mr. Puff|spe|1\n|\n|-weather|none\n|upkeep\n|\n|t:|1699047713\n|switch|p2a: Boiled Dinner|Crawdaunt, M|100\/100\n|turn|8\n|\n|t:|1699047717\n|move|p2a: Boiled Dinner|Aqua Jet|p1a: Mr. Puff\n|-resisted|p1a: Mr. Puff\n|-crit|p1a: Mr. Puff\n|-damage|p1a: Mr. Puff|0 fnt\n|faint|p1a: Mr. Puff\n|\n|upkeep\n|c| Swagadile|So many mons got scale shot for some reason\n|\n|t:|1699047732\n|switch|p1a: Right on Cue|Electrode-Hisui, shiny|48\/100\n|turn|9\n|c| So Threatening|yall thought the tera dragon was random af, my boy holiss out here playing 5d chess lmao\n|l| Quackborg\n|j| Quackborg\n|c|\u2606NEdgyman|i have to apologize for calling Quilfish a random ass pick\n|c|\u2606NEdgyman|you cooked hard af with it\n|\n|t:|1699047785\n|switch|p2a: Nearly Witches|Cresselia, F|100\/100\n|move|p1a: Right on Cue|Giga Drain|p2a: Nearly Witches\n|-damage|p2a: Nearly Witches|87\/100\n|-heal|p1a: Right on Cue|63\/100|[from] drain|[of] p2a: Nearly Witches\n|\n|upkeep\n|turn|10\n|\n|t:|1699047806\n|switch|p1a: Madface|Ogerpon-Hearthflame, F|100\/100\n|-ability|p1a: Madface|Mold Breaker\n|move|p2a: Nearly Witches|Reflect|p2a: Nearly Witches\n|-sidestart|p2: NEdgyman|Reflect\n|\n|upkeep\n|turn|11\n|c| Swagadile|Was gonna use this same set on sandaconda tbh\n|c| So Threatening|this cress about to set screens up and die\n|c| So Threatening|i feel it\n|\n|t:|1699047851\n|switch|p2a: Falcom Fanbase|Glimmora, M|100\/100\n|move|p1a: Madface|Ivy Cudgel|p2a: Falcom Fanbase\n|-resisted|p2a: Falcom Fanbase\n|-damage|p2a: Falcom Fanbase|86\/100\n|-activate|p2a: Falcom Fanbase|ability: Toxic Debris\n|-sidestart|p1: Holiss77|move: Toxic Spikes\n|\n|upkeep\n|turn|12\n|\n|t:|1699047859\n|switch|p1a: Average tusks|Donphan, M|100\/100\n|move|p2a: Falcom Fanbase|Mortal Spin|p1a: Average tusks\n|-resisted|p1a: Average tusks\n|-damage|p1a: Average tusks|98\/100\n|-status|p1a: Average tusks|psn\n|\n|-damage|p1a: Average tusks|86\/100 psn|[from] psn\n|upkeep\n|turn|13\n|\n|t:|1699047877\n|move|p2a: Falcom Fanbase|Power Gem|p1a: Average tusks\n|-resisted|p1a: Average tusks\n|-damage|p1a: Average tusks|70\/100 psn\n|move|p1a: Average tusks|Stealth Rock|p2a: Falcom Fanbase\n|-sidestart|p2: NEdgyman|move: Stealth Rock\n|\n|-damage|p1a: Average tusks|58\/100 psn|[from] psn\n|upkeep\n|turn|14\n|\n|t:|1699047884\n|move|p2a: Falcom Fanbase|Mortal Spin|p1a: Average tusks\n|-resisted|p1a: Average tusks\n|-damage|p1a: Average tusks|56\/100 psn\n|-sideend|p2: NEdgyman|Stealth Rock|[from] move: Mortal Spin|[of] p2a: Falcom Fanbase\n|move|p1a: Average tusks|Earthquake|p2a: Falcom Fanbase\n|-supereffective|p2a: Falcom Fanbase\n|-enditem|p2a: Falcom Fanbase|Shuca Berry|[eat]\n|-enditem|p2a: Falcom Fanbase|Shuca Berry|[weaken]\n|-damage|p2a: Falcom Fanbase|47\/100\n|-activate|p2a: Falcom Fanbase|ability: Toxic Debris\n|-sidestart|p1: Holiss77|move: Toxic Spikes\n|\n|-damage|p1a: Average tusks|43\/100 psn|[from] psn\n|upkeep\n|turn|15\n|c| Quackborg|I feel like sandaconda can\u2019t even outspend\n|\n|t:|1699047900\n|switch|p2a: Howler Monkey|Annihilape, M, shiny|38\/100\n|move|p1a: Average tusks|Rapid Spin|p2a: Howler Monkey\n|-immune|p2a: Howler Monkey\n|\n|-damage|p1a: Average tusks|31\/100 psn|[from] psn\n|upkeep\n|turn|16\n|\n|t:|1699047918\n|move|p2a: Howler Monkey|Drain Punch|p1a: Average tusks\n|-damage|p1a: Average tusks|1\/100 psn\n|-heal|p2a: Howler Monkey|54\/100|[from] drain|[of] p1a: Average tusks\n|move|p1a: Average tusks|Stealth Rock|p2a: Howler Monkey\n|-sidestart|p2: NEdgyman|move: Stealth Rock\n|\n|-damage|p1a: Average tusks|0 fnt|[from] psn\n|faint|p1a: Average tusks\n|upkeep\n|c|\u2606NEdgyman|oh hell nah\n|\n|t:|1699047933\n|switch|p1a: Right on Cue|Electrode-Hisui, shiny|63\/100\n|-status|p1a: Right on Cue|tox\n|turn|17\n|\n|t:|1699047952\n|move|p1a: Right on Cue|Giga Drain|p2a: Howler Monkey\n|-damage|p2a: Howler Monkey|30\/100\n|-heal|p1a: Right on Cue|85\/100 tox|[from] drain|[of] p2a: Howler Monkey\n|move|p2a: Howler Monkey|Drain Punch|p1a: Right on Cue\n|-damage|p1a: Right on Cue|21\/100 tox\n|-heal|p2a: Howler Monkey|53\/100|[from] drain|[of] p1a: Right on Cue\n|\n|-damage|p1a: Right on Cue|15\/100 tox|[from] psn\n|-sideend|p2: NEdgyman|Reflect\n|upkeep\n|turn|18\n|\n|t:|1699047967\n|move|p1a: Right on Cue|Stun Spore|p2a: Howler Monkey\n|-status|p2a: Howler Monkey|par\n|move|p2a: Howler Monkey|Drain Punch|p1a: Right on Cue\n|-damage|p1a: Right on Cue|0 fnt\n|-heal|p2a: Howler Monkey|58\/100 par|[from] drain|[of] p1a: Right on Cue\n|-damage|p2a: Howler Monkey|33\/100 par|[from] ability: Aftermath|[of] p1a: Right on Cue\n|faint|p1a: Right on Cue\n|\n|upkeep\n|\n|t:|1699047988\n|switch|p1a: Bluemoon|Roaring Moon|100\/100\n|-status|p1a: Bluemoon|tox\n|turn|19\n|\n|t:|1699047997\n|move|p1a: Bluemoon|Knock Off|p2a: Howler Monkey\n|-damage|p2a: Howler Monkey|0 fnt\n|faint|p2a: Howler Monkey\n|\n|-damage|p1a: Bluemoon|95\/100 tox|[from] psn\n|upkeep\n|\n|t:|1699048005\n|switch|p2a: Take Wing|Ribombee, F|100\/100\n|-damage|p2a: Take Wing|76\/100|[from] Stealth Rock\n|turn|20\n|\n|t:|1699048011\n|-end|p1a: Bluemoon|Protosynthesis|[silent]\n|switch|p1a: Madface|Ogerpon-Hearthflame, F|100\/100\n|-status|p1a: Madface|tox\n|-ability|p1a: Madface|Mold Breaker\n|move|p2a: Take Wing|Moonblast|p1a: Madface\n|-resisted|p1a: Madface\n|-damage|p1a: Madface|79\/100 tox\n|\n|-damage|p1a: Madface|73\/100 tox|[from] psn\n|upkeep\n|turn|21\n|\n|t:|1699048022\n|move|p2a: Take Wing|U-turn|p1a: Madface\n|-damage|p1a: Madface|54\/100 tox\n|\n|t:|1699048030\n|switch|p2a: Nearly Witches|Cresselia, F|87\/100|[from] U-turn\n|-damage|p2a: Nearly Witches|75\/100|[from] Stealth Rock\n|move|p1a: Madface|Trailblaze|p2a: Nearly Witches\n|-damage|p2a: Nearly Witches|58\/100\n|-boost|p1a: Madface|spe|1\n|\n|-damage|p1a: Madface|42\/100 tox|[from] psn\n|upkeep\n|turn|22\n|\n|t:|1699048051\n|move|p1a: Madface|Ivy Cudgel|p2a: Nearly Witches\n|-damage|p2a: Nearly Witches|27\/100\n|move|p2a: Nearly Witches|Reflect|p2a: Nearly Witches\n|-sidestart|p2: NEdgyman|Reflect\n|\n|-damage|p1a: Madface|24\/100 tox|[from] psn\n|upkeep\n|turn|23\n|\n|t:|1699048055\n|move|p1a: Madface|Synthesis|p1a: Madface\n|-heal|p1a: Madface|74\/100 tox\n|move|p2a: Nearly Witches|Moonlight|p2a: Nearly Witches\n|-heal|p2a: Nearly Witches|77\/100\n|\n|-damage|p1a: Madface|50\/100 tox|[from] psn\n|upkeep\n|turn|24\n|\n|t:|1699048092\n|move|p1a: Madface|Synthesis|p1a: Madface\n|-heal|p1a: Madface|99\/100 tox\n|move|p2a: Nearly Witches|Moonlight|p2a: Nearly Witches\n|-heal|p2a: Nearly Witches|100\/100\n|\n|-damage|p1a: Madface|70\/100 tox|[from] psn\n|upkeep\n|turn|25\n|\n|t:|1699048106\n|move|p1a: Madface|Ivy Cudgel|p2a: Nearly Witches\n|-damage|p2a: Nearly Witches|85\/100\n|move|p2a: Nearly Witches|Moonblast|p1a: Madface\n|-resisted|p1a: Madface\n|-damage|p1a: Madface|60\/100 tox\n|\n|-damage|p1a: Madface|24\/100 tox|[from] psn\n|upkeep\n|turn|26\n|\n|t:|1699048118\n|move|p1a: Madface|Ivy Cudgel|p2a: Nearly Witches\n|-damage|p2a: Nearly Witches|68\/100\n|move|p2a: Nearly Witches|Moonlight|p2a: Nearly Witches\n|-heal|p2a: Nearly Witches|100\/100\n|\n|-damage|p1a: Madface|0 fnt|[from] psn\n|faint|p1a: Madface\n|upkeep\n|\n|t:|1699048124\n|switch|p1a: Bluemoon|Roaring Moon|95\/100 tox\n|turn|27\n|\n|t:|1699048134\n|move|p1a: Bluemoon|Knock Off|p2a: Nearly Witches\n|-supereffective|p2a: Nearly Witches\n|-damage|p2a: Nearly Witches|71\/100\n|-enditem|p2a: Nearly Witches|Light Clay|[from] move: Knock Off|[of] p1a: Bluemoon\n|move|p2a: Nearly Witches|Moonblast|p1a: Bluemoon\n|-supereffective|p1a: Bluemoon\n|-damage|p1a: Bluemoon|24\/100 tox\n|\n|-damage|p1a: Bluemoon|18\/100 tox|[from] psn\n|upkeep\n|turn|28\n|\n|t:|1699048145\n|move|p1a: Bluemoon|Knock Off|p2a: Nearly Witches\n|-supereffective|p2a: Nearly Witches\n|-damage|p2a: Nearly Witches|53\/100\n|move|p2a: Nearly Witches|Moonblast|p1a: Bluemoon\n|-supereffective|p1a: Bluemoon\n|-damage|p1a: Bluemoon|0 fnt\n|faint|p1a: Bluemoon\n|-end|p1a: Bluemoon|Protosynthesis|[silent]\n|\n|win|NEdgyman\n|c|\u2606Holiss77|gg\n|c|\u2606NEdgyman|gg\n|l| Quackborg\n|l| Swagadile\n","uploadtime":1699048187,"views":15,"p1id":"holiss77","p2id":"nedgyman","formatid":"gen9ubers","rating":0,"private":0,"password":""}