{"id":"gen9ubers-1979542047","p1":"kirimissing","p2":"Bestmaindragonite","format":"[Gen 9] Ubers","log":"|j|\u2606kirimissing\n|j|\u2606Bestmaindragonite\n|t:|1698690878\n|gametype|singles\n|player|p1|kirimissing|raifort|\n|player|p2|Bestmaindragonite|lillie|\n|teamsize|p1|6\n|teamsize|p2|6\n|gen|9\n|tier|[Gen 9] Ubers\n|rule|Sleep Clause Mod: Limit one foe put to sleep\n|rule|Species Clause: Limit one of each Pok\u00e9mon\n|rule|OHKO Clause: OHKO moves are banned\n|rule|Evasion Items Clause: Evasion items are banned\n|rule|Evasion Moves Clause: Evasion moves are banned\n|rule|Endless Battle Clause: Forcing endless battles is banned\n|rule|HP Percentage Mod: HP is shown in percentages\n|clearpoke\n|poke|p1|Scizor, M|\n|poke|p1|Haxorus, M|\n|poke|p1|Ninetales-Alola, M|\n|poke|p1|Espathra, F|\n|poke|p1|Volcarona, M|\n|poke|p1|Alomomola, M|\n|poke|p2|Donphan, M|\n|poke|p2|Rillaboom, M|\n|poke|p2|Arceus-Rock|\n|poke|p2|Goodra-Hisui, M|\n|poke|p2|Basculegion-F, F|\n|poke|p2|Sneasler, M|\n|teampreview\n|\n|t:|1698690887\n|start\n|switch|p1a: Volcarona|Volcarona, M|100\/100\n|switch|p2a: Little kong|Rillaboom, M|100\/100\n|-fieldstart|move: Grassy Terrain|[from] ability: Grassy Surge|[of] p2a: Little kong\n|turn|1\n|\n|t:|1698690894\n|switch|p2a: Little ogerpon|Arceus-Rock|100\/100\n|move|p1a: Volcarona|Fiery Dance|p2a: Little ogerpon\n|-resisted|p2a: Little ogerpon\n|-damage|p2a: Little ogerpon|86\/100\n|-boost|p1a: Volcarona|spa|1\n|\n|-heal|p2a: Little ogerpon|92\/100|[from] Grassy Terrain\n|upkeep\n|turn|2\n|\n|t:|1698690902\n|-terastallize|p1a: Volcarona|Water\n|move|p1a: Volcarona|Quiver Dance|p1a: Volcarona\n|-boost|p1a: Volcarona|spa|1\n|-boost|p1a: Volcarona|spd|1\n|-boost|p1a: Volcarona|spe|1\n|move|p2a: Little ogerpon|Calm Mind|p2a: Little ogerpon\n|-boost|p2a: Little ogerpon|spa|1\n|-boost|p2a: Little ogerpon|spd|1\n|\n|-heal|p2a: Little ogerpon|98\/100|[from] Grassy Terrain\n|upkeep\n|turn|3\n|\n|t:|1698690908\n|-terastallize|p2a: Little ogerpon|Grass\n|move|p1a: Volcarona|Tera Blast|p2a: Little ogerpon|[anim] Tera Blast Water\n|-resisted|p2a: Little ogerpon\n|-damage|p2a: Little ogerpon|79\/100\n|move|p2a: Little ogerpon|Giga Drain|p1a: Volcarona\n|-supereffective|p1a: Volcarona\n|-damage|p1a: Volcarona|0 fnt\n|-heal|p2a: Little ogerpon|100\/100|[from] drain|[of] p1a: Volcarona\n|faint|p1a: Volcarona\n|\n|upkeep\n|\n|t:|1698690917\n|switch|p1a: Ninetales|Ninetales-Alola, M|100\/100\n|-weather|Snow|[from] ability: Snow Warning|[of] p1a: Ninetales\n|turn|4\n|\n|t:|1698690922\n|move|p1a: Ninetales|Aurora Veil|p1a: Ninetales\n|-sidestart|p1: kirimissing|move: Aurora Veil\n|move|p2a: Little ogerpon|Judgment|p1a: Ninetales\n|-supereffective|p1a: Ninetales\n|-damage|p1a: Ninetales|12\/100\n|\n|-weather|Snow|[upkeep]\n|-heal|p1a: Ninetales|18\/100|[from] Grassy Terrain\n|upkeep\n|turn|5\n|\n|t:|1698690930\n|switch|p1a: Scizor|Scizor, M|100\/100\n|move|p2a: Little ogerpon|Calm Mind|p2a: Little ogerpon\n|-boost|p2a: Little ogerpon|spa|1\n|-boost|p2a: Little ogerpon|spd|1\n|\n|-weather|Snow|[upkeep]\n|-fieldend|move: Grassy Terrain\n|upkeep\n|turn|6\n|\n|t:|1698690933\n|move|p2a: Little ogerpon|Judgment|p1a: Scizor\n|-damage|p1a: Scizor|34\/100\n|move|p1a: Scizor|Swords Dance|p1a: Scizor\n|-boost|p1a: Scizor|atk|2\n|\n|-weather|Snow|[upkeep]\n|upkeep\n|turn|7\n|\n|t:|1698690938\n|move|p1a: Scizor|Bullet Punch|p2a: Little ogerpon\n|-damage|p2a: Little ogerpon|50\/100\n|-damage|p1a: Scizor|24\/100|[from] item: Life Orb\n|move|p2a: Little ogerpon|Judgment|p1a: Scizor\n|-damage|p1a: Scizor|0 fnt\n|faint|p1a: Scizor\n|\n|-weather|Snow|[upkeep]\n|upkeep\n|\n|t:|1698690941\n|switch|p1a: Haxorus|Haxorus, M, shiny|100\/100\n|-ability|p1a: Haxorus|Mold Breaker\n|turn|8\n|\n|t:|1698690945\n|move|p1a: Haxorus|Scale Shot|p2a: Little ogerpon\n|-damage|p2a: Little ogerpon|40\/100\n|-damage|p2a: Little ogerpon|32\/100\n|-damage|p2a: Little ogerpon|23\/100\n|-damage|p2a: Little ogerpon|14\/100\n|-hitcount|p2a: Little ogerpon|4\n|-unboost|p1a: Haxorus|def|1\n|-boost|p1a: Haxorus|spe|1\n|move|p2a: Little ogerpon|Judgment|p1a: Haxorus\n|-damage|p1a: Haxorus|10\/100\n|\n|-weather|none\n|upkeep\n|turn|9\n|\n|t:|1698690954\n|move|p1a: Haxorus|Scale Shot|p2a: Little ogerpon\n|-damage|p2a: Little ogerpon|5\/100\n|-damage|p2a: Little ogerpon|0 fnt\n|faint|p2a: Little ogerpon\n|-hitcount|p2: Little ogerpon|2\n|-unboost|p1a: Haxorus|def|1\n|-boost|p1a: Haxorus|spe|1\n|\n|upkeep\n|\n|t:|1698690964\n|switch|p2a: Little tusk|Donphan, M|100\/100\n|turn|10\n|\n|t:|1698690970\n|switch|p1a: Alomomola|Alomomola, M|100\/100\n|move|p2a: Little tusk|Ice Shard|p1a: Alomomola\n|-resisted|p1a: Alomomola\n|-damage|p1a: Alomomola|98\/100\n|\n|-heal|p1a: Alomomola|100\/100|[from] item: Leftovers\n|upkeep\n|turn|11\n|\n|t:|1698690978\n|switch|p2a: Big boi|Goodra-Hisui, M|100\/100\n|move|p1a: Alomomola|Wish|p1a: Alomomola\n|\n|-sideend|p1: kirimissing|move: Aurora Veil\n|upkeep\n|turn|12\n|\n|t:|1698690984\n|move|p2a: Big boi|Substitute|p2a: Big boi\n|-start|p2a: Big boi|Substitute\n|-damage|p2a: Big boi|76\/100\n|move|p1a: Alomomola|Flip Turn|p2a: Big boi\n|-resisted|p2a: Big boi\n|-activate|p2a: Big boi|move: Substitute|[damage]\n|\n|t:|1698690991\n|switch|p1a: Haxorus|Haxorus, M, shiny|10\/100|[from] Flip Turn\n|-ability|p1a: Haxorus|Mold Breaker\n|\n|-heal|p1a: Haxorus|98\/100|[from] move: Wish|[wisher] Alomomola\n|upkeep\n|turn|13\n|\n|t:|1698691000\n|switch|p1a: Ninetales|Ninetales-Alola, M|18\/100\n|-weather|Snow|[from] ability: Snow Warning|[of] p1a: Ninetales\n|move|p2a: Big boi|Dragon Tail|p1a: Ninetales\n|-immune|p1a: Ninetales\n|\n|-weather|Snow|[upkeep]\n|upkeep\n|turn|14\n|\n|t:|1698691006\n|switch|p1a: Alomomola|Alomomola, M|100\/100\n|move|p2a: Big boi|Body Press|p1a: Alomomola\n|-damage|p1a: Alomomola|87\/100\n|\n|-weather|Snow|[upkeep]\n|-heal|p1a: Alomomola|94\/100|[from] item: Leftovers\n|upkeep\n|turn|15\n|\n|t:|1698691009\n|move|p1a: Alomomola|Wish|p1a: Alomomola\n|move|p2a: Big boi|Dragon Tail|p1a: Alomomola\n|-damage|p1a: Alomomola|76\/100\n|drag|p1a: Haxorus|Haxorus, M, shiny|98\/100\n|-ability|p1a: Haxorus|Mold Breaker\n|\n|-weather|Snow|[upkeep]\n|upkeep\n|turn|16\n|\n|t:|1698691014\n|switch|p1a: Ninetales|Ninetales-Alola, M|18\/100\n|move|p2a: Big boi|Dragon Tail|p1a: Ninetales\n|-immune|p1a: Ninetales\n|\n|-weather|Snow|[upkeep]\n|-heal|p1a: Ninetales|94\/100|[from] move: Wish|[wisher] Alomomola\n|upkeep\n|turn|17\n|\n|t:|1698691019\n|move|p1a: Ninetales|Aurora Veil|p1a: Ninetales\n|-sidestart|p1: kirimissing|move: Aurora Veil\n|move|p2a: Big boi|Body Press|p1a: Ninetales\n|-damage|p1a: Ninetales|86\/100\n|\n|-weather|none\n|upkeep\n|turn|18\n|\n|t:|1698691030\n|move|p1a: Ninetales|Dazzling Gleam|p2a: Big boi\n|-activate|p2a: Big boi|move: Substitute|[damage]\n|move|p2a: Big boi|Substitute|p2a: Big boi\n|-fail|p2a: Big boi|move: Substitute\n|\n|upkeep\n|turn|19\n|\n|t:|1698691042\n|switch|p1a: Haxorus|Haxorus, M, shiny|98\/100\n|-ability|p1a: Haxorus|Mold Breaker\n|move|p2a: Big boi|Substitute|p2a: Big boi\n|-fail|p2a: Big boi|move: Substitute\n|\n|upkeep\n|turn|20\n|\n|t:|1698691048\n|move|p1a: Haxorus|Earthquake|p2a: Big boi\n|-supereffective|p2a: Big boi\n|-end|p2a: Big boi|Substitute\n|move|p2a: Big boi|Dragon Tail|p1a: Haxorus\n|-supereffective|p1a: Haxorus\n|-damage|p1a: Haxorus|73\/100\n|drag|p1a: Alomomola|Alomomola, M|100\/100\n|\n|upkeep\n|turn|21\n|\n|t:|1698691054\n|move|p2a: Big boi|Substitute|p2a: Big boi\n|-start|p2a: Big boi|Substitute\n|-damage|p2a: Big boi|51\/100\n|move|p1a: Alomomola|Wish|p1a: Alomomola\n|\n|upkeep\n|turn|22\n|\n|t:|1698691064\n|move|p1a: Alomomola|Flip Turn|p2a: Big boi\n|-resisted|p2a: Big boi\n|-activate|p2a: Big boi|move: Substitute|[damage]\n|\n|t:|1698691069\n|switch|p1a: Haxorus|Haxorus, M, shiny|73\/100|[from] Flip Turn\n|-ability|p1a: Haxorus|Mold Breaker\n|move|p2a: Big boi|Dragon Tail|p1a: Haxorus\n|-supereffective|p1a: Haxorus\n|-damage|p1a: Haxorus|47\/100\n|drag|p1a: Alomomola|Alomomola, M|100\/100\n|\n|upkeep\n|turn|23\n|\n|t:|1698691079\n|switch|p2a: Little kong|Rillaboom, M|100\/100\n|-fieldstart|move: Grassy Terrain|[from] ability: Grassy Surge|[of] p2a: Little kong\n|move|p1a: Alomomola|Wish|p1a: Alomomola\n|\n|upkeep\n|turn|24\n|\n|t:|1698691085\n|switch|p1a: Haxorus|Haxorus, M, shiny|47\/100\n|-ability|p1a: Haxorus|Mold Breaker\n|move|p2a: Little kong|U-turn|p1a: Haxorus\n|-damage|p1a: Haxorus|24\/100\n|\n|t:|1698691091\n|switch|p2a: Little big|Sneasler, M|100\/100|[from] U-turn\n|-enditem|p2a: Little big|Grassy Seed\n|-boost|p2a: Little big|def|1|[from] item: Grassy Seed\n|\n|-heal|p1a: Haxorus|100\/100|[from] move: Wish|[wisher] Alomomola\n|-sideend|p1: kirimissing|move: Aurora Veil\n|upkeep\n|turn|25\n|\n|t:|1698691104\n|move|p2a: Little big|Swords Dance|p2a: Little big\n|-boost|p2a: Little big|atk|2\n|move|p1a: Haxorus|Earthquake|p2a: Little big\n|-supereffective|p2a: Little big\n|-damage|p2a: Little big|63\/100\n|\n|-heal|p2a: Little big|69\/100|[from] Grassy Terrain\n|upkeep\n|turn|26\n|\n|t:|1698691112\n|switch|p1a: Ninetales|Ninetales-Alola, M|86\/100\n|-weather|Snow|[from] ability: Snow Warning|[of] p1a: Ninetales\n|move|p2a: Little big|Swords Dance|p2a: Little big\n|-boost|p2a: Little big|atk|2\n|\n|-weather|Snow|[upkeep]\n|-heal|p2a: Little big|75\/100|[from] Grassy Terrain\n|-heal|p1a: Ninetales|92\/100|[from] Grassy Terrain\n|upkeep\n|turn|27\n|\n|t:|1698691117\n|move|p2a: Little big|Dire Claw|p1a: Ninetales\n|-supereffective|p1a: Ninetales\n|-damage|p1a: Ninetales|0 fnt\n|faint|p1a: Ninetales\n|\n|-weather|Snow|[upkeep]\n|-heal|p2a: Little big|81\/100|[from] Grassy Terrain\n|-fieldend|move: Grassy Terrain\n|upkeep\n|\n|t:|1698691119\n|switch|p1a: Espathra|Espathra, F|100\/100\n|turn|28\n|\n|t:|1698691124\n|move|p1a: Espathra|Protect|p1a: Espathra\n|-singleturn|p1a: Espathra|Protect\n|move|p2a: Little big|Lash Out|p1a: Espathra\n|-activate|p1a: Espathra|move: Protect\n|\n|-weather|Snow|[upkeep]\n|-ability|p1a: Espathra|Speed Boost|boost\n|-boost|p1a: Espathra|spe|1\n|upkeep\n|turn|29\n|\n|t:|1698691130\n|move|p2a: Little big|Lash Out|p1a: Espathra\n|-supereffective|p1a: Espathra\n|-damage|p1a: Espathra|0 fnt\n|faint|p1a: Espathra\n|\n|-weather|Snow|[upkeep]\n|upkeep\n|\n|t:|1698691132\n|switch|p1a: Haxorus|Haxorus, M, shiny|100\/100\n|-ability|p1a: Haxorus|Mold Breaker\n|turn|30\n|\n|t:|1698691135\n|move|p2a: Little big|Close Combat|p1a: Haxorus\n|-damage|p1a: Haxorus|0 fnt\n|-unboost|p2a: Little big|def|1\n|-unboost|p2a: Little big|spd|1\n|faint|p1a: Haxorus\n|\n|-weather|none\n|upkeep\n|\n|t:|1698691136\n|switch|p1a: Alomomola|Alomomola, M|100\/100\n|turn|31\n|\n|t:|1698691138\n|move|p2a: Little big|Close Combat|p1a: Alomomola\n|-damage|p1a: Alomomola|0 fnt\n|-unboost|p2a: Little big|def|1\n|-unboost|p2a: Little big|spd|1\n|faint|p1a: Alomomola\n|\n|win|Bestmaindragonite\n|c|\u2606kirimissing|damn gg\n|c|\u2606Bestmaindragonite|gg\n|l|\u2606kirimissing\n","uploadtime":1698691161,"views":20,"p1id":"kirimissing","p2id":"bestmaindragonite","formatid":"gen9ubers","rating":0,"private":0,"password":""}