{"id":"gen9ubers-1991646021","p1":"Judgieiscool","p2":"TPL_AllStars","format":"[Gen 9] Ubers","log":"|j|\u2606Judgieiscool\n|j|\u2606TPL_AllStars\n|t:|1700097972\n|gametype|singles\n|player|p1|Judgieiscool|volkner|\n|player|p2|TPL_AllStars|1|\n|teamsize|p1|6\n|teamsize|p2|6\n|gen|9\n|tier|[Gen 9] Ubers\n|rule|Sleep Clause Mod: Limit one foe put to sleep\n|rule|Species Clause: Limit one of each Pok\u00e9mon\n|rule|OHKO Clause: OHKO moves are banned\n|rule|Evasion Items Clause: Evasion items are banned\n|rule|Evasion Moves Clause: Evasion moves are banned\n|rule|Endless Battle Clause: Forcing endless battles is banned\n|rule|HP Percentage Mod: HP is shown in percentages\n|clearpoke\n|poke|p1|Chi-Yu|\n|poke|p1|Roaring Moon|\n|poke|p1|Regieleki|\n|poke|p1|Ribombee, F|\n|poke|p1|Quagsire, F|\n|poke|p1|Ogerpon-Cornerstone, F|\n|poke|p2|Clefable, F|\n|poke|p2|Volcarona, F|\n|poke|p2|Annihilape, F|\n|poke|p2|Roaring Moon|\n|poke|p2|Sneasler, M|\n|poke|p2|Forretress, M|\n|teampreview\n|inactive|Battle timer is ON: inactive players will automatically lose when time's up. (requested by Judgieiscool)\n|\n|t:|1700097999\n|start\n|switch|p1a: Lillyrose|Ribombee, F|100\/100\n|switch|p2a: Annihilape|Annihilape, F|100\/100\n|turn|1\n|\n|t:|1700098017\n|move|p1a: Lillyrose|Sticky Web|p2a: Annihilape\n|-sidestart|p2: TPL_AllStars|move: Sticky Web\n|move|p2a: Annihilape|Taunt|p1a: Lillyrose\n|-start|p1a: Lillyrose|move: Taunt\n|\n|upkeep\n|turn|2\n|j| Graviton Forfeit\n|inactive|TPL_AllStars has 270 seconds left.\n|c|\u2606Judgieiscool|hehehe\n|\n|t:|1700098053\n|switch|p1a: Power|Chi-Yu|100\/100\n|-ability|p1a: Power|Beads of Ruin\n|move|p2a: Annihilape|Rage Fist|p1a: Power\n|-resisted|p1a: Power\n|-damage|p1a: Power|84\/100\n|\n|upkeep\n|turn|3\n|\n|t:|1700098068\n|-terastallize|p2a: Annihilape|Water\n|move|p1a: Power|Dark Pulse|p2a: Annihilape\n|-damage|p2a: Annihilape|53\/100\n|-damage|p1a: Power|74\/100|[from] item: Life Orb\n|move|p2a: Annihilape|Drain Punch|p1a: Power\n|-supereffective|p1a: Power\n|-damage|p1a: Power|0 fnt\n|-heal|p2a: Annihilape|75\/100|[from] drain|[of] p1a: Power\n|faint|p1a: Power\n|\n|-heal|p2a: Annihilape|81\/100|[from] item: Leftovers\n|upkeep\n|c|\u2606Judgieiscool|uh oh\n|\n|t:|1700098084\n|switch|p1a: Homecoming|Regieleki, shiny|100\/100\n|turn|4\n|\n|t:|1700098096\n|switch|p2a: Clefable|Clefable, F|100\/100\n|-activate|p2a: Clefable|move: Sticky Web\n|-unboost|p2a: Clefable|spe|1\n|move|p1a: Homecoming|Reflect|p1a: Homecoming\n|-sidestart|p1: Judgieiscool|Reflect\n|\n|upkeep\n|turn|5\n|\n|t:|1700098107\n|move|p1a: Homecoming|Volt Switch|p2a: Clefable\n|-damage|p2a: Clefable|69\/100\n|\n|t:|1700098113\n|switch|p1a: Kevin Garza|Quagsire, F|100\/100|[from] Volt Switch\n|move|p2a: Clefable|Stealth Rock|p1a: Kevin Garza\n|-sidestart|p1: Judgieiscool|move: Stealth Rock\n|\n|-heal|p2a: Clefable|75\/100|[from] item: Leftovers\n|upkeep\n|turn|6\n|inactive|TPL_AllStars has 270 seconds left.\n|j| Willish6634\n|c| Willish6634|I got next match\n|\n|t:|1700098143\n|switch|p2a: Annihilape|Annihilape, F, tera:Water|81\/100\n|-activate|p2a: Annihilape|move: Sticky Web\n|-unboost|p2a: Annihilape|spe|1\n|-ability|p2a: Annihilape|Defiant|boost\n|-boost|p2a: Annihilape|atk|2\n|move|p1a: Kevin Garza|Toxic|p2a: Annihilape\n|-status|p2a: Annihilape|tox\n|\n|-heal|p2a: Annihilape|87\/100 tox|[from] item: Leftovers\n|-damage|p2a: Annihilape|81\/100 tox|[from] psn\n|upkeep\n|turn|7\n|\n|t:|1700098160\n|move|p2a: Annihilape|Rage Fist|p1a: Kevin Garza\n|-damage|p1a: Kevin Garza|87\/100\n|move|p1a: Kevin Garza|Stealth Rock|p2a: Annihilape\n|-sidestart|p2: TPL_AllStars|move: Stealth Rock\n|\n|-heal|p2a: Annihilape|87\/100 tox|[from] item: Leftovers\n|-heal|p1a: Kevin Garza|93\/100|[from] item: Leftovers\n|-damage|p2a: Annihilape|75\/100 tox|[from] psn\n|upkeep\n|turn|8\n|\n|t:|1700098172\n|switch|p2a: Forretress|Forretress, M|100\/100\n|-activate|p2a: Forretress|move: Sticky Web\n|-unboost|p2a: Forretress|spe|1\n|-damage|p2a: Forretress|88\/100|[from] Stealth Rock\n|move|p1a: Kevin Garza|Earthquake|p2a: Forretress\n|-crit|p2a: Forretress\n|-damage|p2a: Forretress|63\/100\n|\n|-heal|p1a: Kevin Garza|99\/100|[from] item: Leftovers\n|-heal|p2a: Forretress|70\/100|[from] item: Leftovers\n|upkeep\n|turn|9\n|inactive|TPL_AllStars has 240 seconds left.\n|\n|t:|1700098198\n|move|p1a: Kevin Garza|Earthquake|p2a: Forretress\n|-damage|p2a: Forretress|53\/100\n|move|p2a: Forretress|Gyro Ball|p1a: Kevin Garza\n|-resisted|p1a: Kevin Garza\n|-damage|p1a: Kevin Garza|96\/100\n|\n|-heal|p1a: Kevin Garza|100\/100|[from] item: Leftovers\n|-heal|p2a: Forretress|59\/100|[from] item: Leftovers\n|upkeep\n|turn|10\n|\n|t:|1700098209\n|move|p1a: Kevin Garza|Earthquake|p2a: Forretress\n|-damage|p2a: Forretress|43\/100\n|move|p2a: Forretress|Rapid Spin|p1a: Kevin Garza\n|-damage|p1a: Kevin Garza|97\/100\n|-boost|p2a: Forretress|spe|1\n|-sideend|p2: TPL_AllStars|Stealth Rock|[from] move: Rapid Spin|[of] p2a: Forretress\n|-sideend|p2: TPL_AllStars|Sticky Web|[from] move: Rapid Spin|[of] p2a: Forretress\n|\n|-heal|p1a: Kevin Garza|100\/100|[from] item: Leftovers\n|-heal|p2a: Forretress|49\/100|[from] item: Leftovers\n|upkeep\n|turn|11\n|inactive|TPL_AllStars has 240 seconds left.\n|\n|t:|1700098228\n|move|p1a: Kevin Garza|Earthquake|p2a: Forretress\n|-damage|p2a: Forretress|31\/100\n|move|p2a: Forretress|Body Press|p1a: Kevin Garza\n|-damage|p1a: Kevin Garza|89\/100\n|\n|-heal|p1a: Kevin Garza|95\/100|[from] item: Leftovers\n|-heal|p2a: Forretress|37\/100|[from] item: Leftovers\n|-sideend|p1: Judgieiscool|Reflect\n|upkeep\n|turn|12\n|\n|t:|1700098239\n|switch|p2a: Annihilape|Annihilape, F, tera:Water|75\/100 tox\n|move|p1a: Kevin Garza|Earthquake|p2a: Annihilape\n|-damage|p2a: Annihilape|46\/100 tox\n|\n|-heal|p2a: Annihilape|52\/100 tox|[from] item: Leftovers\n|-heal|p1a: Kevin Garza|100\/100|[from] item: Leftovers\n|-damage|p2a: Annihilape|46\/100 tox|[from] psn\n|upkeep\n|turn|13\n|\n|t:|1700098254\n|move|p2a: Annihilape|Rage Fist|p1a: Kevin Garza\n|-damage|p1a: Kevin Garza|62\/100\n|move|p1a: Kevin Garza|Earthquake|p2a: Annihilape\n|-damage|p2a: Annihilape|17\/100 tox\n|\n|-heal|p2a: Annihilape|23\/100 tox|[from] item: Leftovers\n|-heal|p1a: Kevin Garza|68\/100|[from] item: Leftovers\n|-damage|p2a: Annihilape|11\/100 tox|[from] psn\n|upkeep\n|turn|14\n|\n|t:|1700098272\n|move|p2a: Annihilape|Rage Fist|p1a: Kevin Garza\n|-damage|p1a: Kevin Garza|14\/100\n|move|p1a: Kevin Garza|Recover|p1a: Kevin Garza\n|-heal|p1a: Kevin Garza|64\/100\n|\n|-heal|p2a: Annihilape|17\/100 tox|[from] item: Leftovers\n|-heal|p1a: Kevin Garza|70\/100|[from] item: Leftovers\n|-damage|p2a: Annihilape|0 fnt|[from] psn\n|faint|p2a: Annihilape\n|upkeep\n|\n|t:|1700098291\n|switch|p2a: Sneasler|Sneasler, M|100\/100\n|turn|15\n|\n|t:|1700098301\n|move|p2a: Sneasler|Dire Claw|p1a: Kevin Garza\n|-resisted|p1a: Kevin Garza\n|-damage|p1a: Kevin Garza|50\/100\n|move|p1a: Kevin Garza|Earthquake|p2a: Sneasler\n|-supereffective|p2a: Sneasler\n|-damage|p2a: Sneasler|0 fnt\n|faint|p2a: Sneasler\n|\n|-heal|p1a: Kevin Garza|56\/100|[from] item: Leftovers\n|upkeep\n|c|\u2606Judgieiscool|?\n|inactive|TPL_AllStars has 210 seconds left.\n|\n|t:|1700098312\n|switch|p2a: Roaring Moon|Roaring Moon|100\/100\n|-enditem|p2a: Roaring Moon|Booster Energy\n|-activate|p2a: Roaring Moon|ability: Protosynthesis|[fromitem]\n|-start|p2a: Roaring Moon|protosynthesisatk\n|turn|16\n|c| Graviton Forfeit|?\n|c|\u2606TPL_AllStars|This team sucks\n|inactive|TPL_AllStars has 210 seconds left.\n|\n|t:|1700098333\n|move|p2a: Roaring Moon|Acrobatics|p1a: Kevin Garza\n|-damage|p1a: Kevin Garza|19\/100\n|move|p1a: Kevin Garza|Toxic|p2a: Roaring Moon|[miss]\n|-miss|p1a: Kevin Garza|p2a: Roaring Moon\n|\n|-heal|p1a: Kevin Garza|25\/100|[from] item: Leftovers\n|upkeep\n|turn|17\n|\n|t:|1700098343\n|move|p2a: Roaring Moon|Dragon Dance|p2a: Roaring Moon\n|-boost|p2a: Roaring Moon|atk|1\n|-boost|p2a: Roaring Moon|spe|1\n|move|p1a: Kevin Garza|Toxic|p2a: Roaring Moon\n|-status|p2a: Roaring Moon|tox\n|\n|-heal|p1a: Kevin Garza|31\/100|[from] item: Leftovers\n|-damage|p2a: Roaring Moon|95\/100 tox|[from] psn\n|upkeep\n|turn|18\n|inactive|TPL_AllStars has 210 seconds left.\n|j| mklgd\n|c| mklgd|bro losing with the first team\n|\n|t:|1700098365\n|move|p2a: Roaring Moon|Acrobatics|p1a: Kevin Garza\n|-damage|p1a: Kevin Garza|0 fnt\n|faint|p1a: Kevin Garza\n|\n|-damage|p2a: Roaring Moon|83\/100 tox|[from] psn\n|upkeep\n|inactive|Judgieiscool has 270 seconds left.\n|c|\u2606TPL_AllStars|Sbut up bitch\n|\n|t:|1700098383\n|switch|p1a: Brian|Ogerpon-Cornerstone, F|100\/100\n|-damage|p1a: Brian|88\/100|[from] Stealth Rock\n|turn|19\n|\n|t:|1700098393\n|-terastallize|p1a: Brian|Rock\n|detailschange|p1a: Brian|Ogerpon-Cornerstone-Tera, F, tera:Rock\n|-ability|p1a: Brian|Embody Aspect (Cornerstone)|boost\n|-boost|p1a: Brian|def|1\n|move|p2a: Roaring Moon|Crunch|p1a: Brian\n|-damage|p1a: Brian|8\/100\n|-unboost|p1a: Brian|def|1\n|move|p1a: Brian|Ivy Cudgel|p2a: Roaring Moon|[anim] Ivy Cudgel Rock\n|-damage|p2a: Roaring Moon|0 fnt\n|faint|p2a: Roaring Moon\n|-end|p2a: Roaring Moon|Protosynthesis|[silent]\n|\n|upkeep\n|inactive|TPL_AllStars has 210 seconds left.\n|\n|t:|1700098408\n|switch|p2a: Forretress|Forretress, M|37\/100\n|turn|20\n|\n|t:|1700098413\n|move|p1a: Brian|Ivy Cudgel|p2a: Forretress|[anim] Ivy Cudgel Rock\n|-damage|p2a: Forretress|0 fnt\n|faint|p2a: Forretress\n|\n|upkeep\n|c| mklgd|crank season\n|c| Willish6634|crank this\n|inactive|TPL_AllStars has 210 seconds left.\n|\n|t:|1700098425\n|switch|p2a: Clefable|Clefable, F|75\/100\n|turn|21\n|c| Graviton Forfeit|ive got a lovely pair of balls fo ryou\n|\n|t:|1700098429\n|move|p1a: Brian|Horn Leech|p2a: Clefable\n|-damage|p2a: Clefable|42\/100\n|-heal|p1a: Brian|30\/100|[from] drain|[of] p2a: Clefable\n|move|p2a: Clefable|Moonblast|p1a: Brian\n|-damage|p1a: Brian|0 fnt\n|faint|p1a: Brian\n|\n|-heal|p2a: Clefable|48\/100|[from] item: Leftovers\n|upkeep\n|c| mklgd|jus cudgel noob\n|\n|t:|1700098447\n|switch|p1a: Lillyrose|Ribombee, F|100\/100\n|-damage|p1a: Lillyrose|76\/100|[from] Stealth Rock\n|turn|22\n|c| mklgd|beat this man down\n|\n|t:|1700098455\n|move|p1a: Lillyrose|Stun Spore|p2a: Clefable\n|-status|p2a: Clefable|par\n|cant|p2a: Clefable|par\n|\n|-heal|p2a: Clefable|54\/100 par|[from] item: Leftovers\n|upkeep\n|turn|23\n|\n|t:|1700098469\n|move|p1a: Lillyrose|Sticky Web|p2a: Clefable\n|-sidestart|p2: TPL_AllStars|move: Sticky Web\n|move|p2a: Clefable|Knock Off|p1a: Lillyrose\n|-resisted|p1a: Lillyrose\n|-damage|p1a: Lillyrose|60\/100\n|-enditem|p1a: Lillyrose|Focus Sash|[from] move: Knock Off|[of] p2a: Clefable\n|\n|-heal|p2a: Clefable|60\/100 par|[from] item: Leftovers\n|upkeep\n|turn|24\n|\n|t:|1700098479\n|move|p1a: Lillyrose|Bug Buzz|p2a: Clefable\n|-resisted|p2a: Clefable\n|-damage|p2a: Clefable|42\/100 par\n|move|p2a: Clefable|Moonlight|p2a: Clefable\n|-heal|p2a: Clefable|92\/100 par\n|\n|-heal|p2a: Clefable|98\/100 par|[from] item: Leftovers\n|upkeep\n|turn|25\n|inactive|TPL_AllStars has 240 seconds left.\n|\n|t:|1700098492\n|switch|p1a: Homecoming|Regieleki, shiny|100\/100\n|-damage|p1a: Homecoming|88\/100|[from] Stealth Rock\n|move|p2a: Clefable|Moonblast|p1a: Homecoming\n|-damage|p1a: Homecoming|40\/100\n|-unboost|p1a: Homecoming|spa|1\n|\n|-heal|p2a: Clefable|100\/100 par|[from] item: Leftovers\n|upkeep\n|turn|26\n|inactive|TPL_AllStars has 240 seconds left.\n|\n|t:|1700098503\n|move|p1a: Homecoming|Light Screen|p1a: Homecoming\n|-sidestart|p1: Judgieiscool|move: Light Screen\n|move|p2a: Clefable|Moonblast|p1a: Homecoming\n|-damage|p1a: Homecoming|17\/100\n|\n|upkeep\n|turn|27\n|inactive|TPL_AllStars has 240 seconds left.\n|c| Graviton Forfeit|blast this\n|\n|t:|1700098514\n|move|p1a: Homecoming|Rapid Spin|p2a: Clefable\n|-damage|p2a: Clefable|93\/100 par\n|-boost|p1a: Homecoming|spe|1\n|-sideend|p1: Judgieiscool|Stealth Rock|[from] move: Rapid Spin|[of] p1a: Homecoming\n|move|p2a: Clefable|Moonblast|p1a: Homecoming\n|-damage|p1a: Homecoming|0 fnt\n|faint|p1a: Homecoming\n|\n|-heal|p2a: Clefable|99\/100 par|[from] item: Leftovers\n|upkeep\n|c| mklgd|ladies and gentlemen\n|c| mklgd|we give u\n|c| mklgd|deli mode\n|\n|t:|1700098529\n|switch|p1a: Runaway|Roaring Moon, shiny|100\/100\n|-enditem|p1a: Runaway|Booster Energy\n|-activate|p1a: Runaway|ability: Protosynthesis|[fromitem]\n|-start|p1a: Runaway|protosynthesisatk\n|turn|28\n|\n|t:|1700098538\n|move|p1a: Runaway|Acrobatics|p2a: Clefable\n|-damage|p2a: Clefable|52\/100 par\n|move|p2a: Clefable|Moonblast|p1a: Runaway\n|-supereffective|p1a: Runaway\n|-damage|p1a: Runaway|45\/100\n|\n|-heal|p2a: Clefable|58\/100 par|[from] item: Leftovers\n|upkeep\n|turn|29\n|c| Willish6634|bonked\n|\n|t:|1700098548\n|move|p1a: Runaway|Acrobatics|p2a: Clefable\n|-damage|p2a: Clefable|16\/100 par\n|cant|p2a: Clefable|par\n|\n|-heal|p2a: Clefable|23\/100 par|[from] item: Leftovers\n|upkeep\n|turn|30\n|c| Willish6634|shellacked\n|\n|t:|1700098556\n|move|p1a: Runaway|Acrobatics|p2a: Clefable\n|-damage|p2a: Clefable|0 fnt\n|faint|p2a: Clefable\n|\n|upkeep\n|c| Willish6634|wacked\n|c| Graviton Forfeit|hax !\n|\n|t:|1700098563\n|switch|p2a: Volcarona|Volcarona, F|100\/100\n|turn|31\n|inactive|TPL_AllStars has 240 seconds left.\n|\n|t:|1700098587\n|move|p1a: Runaway|Acrobatics|p2a: Volcarona\n|-supereffective|p2a: Volcarona\n|-damage|p2a: Volcarona|0 fnt\n|faint|p2a: Volcarona\n|\n|win|Judgieiscool\n|c| Graviton Forfeit|roaring moon got the best luck in the league\n|l| Willish6634\n|c|\u2606TPL_AllStars|Damn gg\n|l| Graviton Forfeit\n","uploadtime":1700098611,"views":13,"p1id":"judgieiscool","p2id":"tplallstars","formatid":"gen9ubers","rating":0,"private":0,"password":""}