{"id":"gen9ubers-1968811976","p1":"luolin","p2":"tingalera","format":"[Gen 9] Ubers","log":"|j|\u2606luolin\n|j|\u2606tingalera\n|t:|1697466851\n|gametype|singles\n|player|p1|luolin|colress|1055\n|player|p2|tingalera|parasollady-gen4|1000\n|teamsize|p1|6\n|teamsize|p2|6\n|gen|9\n|tier|[Gen 9] Ubers\n|rated|\n|rule|Sleep Clause Mod: Limit one foe put to sleep\n|rule|Species Clause: Limit one of each Pok\u00e9mon\n|rule|OHKO Clause: OHKO moves are banned\n|rule|Evasion Items Clause: Evasion items are banned\n|rule|Evasion Moves Clause: Evasion moves are banned\n|rule|Endless Battle Clause: Forcing endless battles is banned\n|rule|HP Percentage Mod: HP is shown in percentages\n|clearpoke\n|poke|p1|Koraidon|\n|poke|p1|Ting-Lu|\n|poke|p1|Skeledirge, F|\n|poke|p1|Miraidon|\n|poke|p1|Arceus-Fairy|\n|poke|p1|Iron Bundle|\n|poke|p2|Giratina-Origin|\n|poke|p2|Miraidon|\n|poke|p2|Koraidon|\n|poke|p2|Ribombee, F|\n|poke|p2|Zacian-*|\n|poke|p2|Great Tusk|\n|teampreview\n|\n|t:|1697466865\n|start\n|switch|p1a: Ting-Lu|Ting-Lu|100\/100\n|switch|p2a: Ribombee|Ribombee, F|100\/100\n|-ability|p1a: Ting-Lu|Vessel of Ruin\n|turn|1\n|\n|t:|1697466876\n|move|p2a: Ribombee|Sticky Web|p1a: Ting-Lu\n|-sidestart|p1: luolin|move: Sticky Web\n|move|p1a: Ting-Lu|Taunt|p2a: Ribombee\n|-start|p2a: Ribombee|move: Taunt\n|\n|upkeep\n|turn|2\n|\n|t:|1697466888\n|move|p2a: Ribombee|Moonblast|p1a: Ting-Lu\n|-supereffective|p1a: Ting-Lu\n|-damage|p1a: Ting-Lu|73\/100\n|-unboost|p1a: Ting-Lu|spa|1\n|move|p1a: Ting-Lu|Spikes|p2a: Ribombee\n|-sidestart|p2: tingalera|Spikes\n|\n|-heal|p1a: Ting-Lu|80\/100|[from] item: Leftovers\n|upkeep\n|turn|3\n|\n|t:|1697466898\n|move|p2a: Ribombee|Moonblast|p1a: Ting-Lu\n|-supereffective|p1a: Ting-Lu\n|-damage|p1a: Ting-Lu|53\/100\n|move|p1a: Ting-Lu|Whirlwind|p2a: Ribombee\n|drag|p2a: Miraidon|Miraidon|100\/100\n|-damage|p2a: Miraidon|88\/100|[from] Spikes\n|-fieldstart|move: Electric Terrain|[from] ability: Hadron Engine|[of] p2a: Miraidon\n|\n|-heal|p1a: Ting-Lu|59\/100|[from] item: Leftovers\n|upkeep\n|turn|4\n|\n|t:|1697466917\n|switch|p2a: Great Tusk|Great Tusk|100\/100\n|move|p1a: Ting-Lu|Whirlwind|p2a: Great Tusk\n|-end|p2a: Great Tusk|Protosynthesis|[silent]\n|drag|p2a: Miraidon|Miraidon|88\/100\n|-damage|p2a: Miraidon|76\/100|[from] Spikes\n|-activate|p2a: Miraidon|ability: Hadron Engine\n|\n|-heal|p1a: Ting-Lu|65\/100|[from] item: Leftovers\n|upkeep\n|turn|5\n|\n|t:|1697466930\n|switch|p2a: Great Tusk|Great Tusk|100\/100\n|move|p1a: Ting-Lu|Ruination|p2a: Great Tusk\n|-damage|p2a: Great Tusk|51\/100\n|\n|-heal|p1a: Ting-Lu|71\/100|[from] item: Leftovers\n|upkeep\n|turn|6\n|\n|t:|1697466941\n|switch|p1a: Skeledirge|Skeledirge, F|100\/100\n|move|p2a: Great Tusk|Stealth Rock|p1a: Skeledirge\n|-sidestart|p1: luolin|move: Stealth Rock\n|\n|upkeep\n|turn|7\n|\n|t:|1697466951\n|-end|p2a: Great Tusk|Protosynthesis|[silent]\n|switch|p2a: Giratina|Giratina-Origin|100\/100\n|move|p1a: Skeledirge|Will-O-Wisp|p2a: Giratina\n|-status|p2a: Giratina|brn\n|\n|-damage|p2a: Giratina|94\/100 brn|[from] brn\n|-fieldend|move: Electric Terrain\n|upkeep\n|turn|8\n|\n|t:|1697466963\n|-terastallize|p1a: Skeledirge|Flying\n|move|p2a: Giratina|Shadow Ball|p1a: Skeledirge\n|-damage|p1a: Skeledirge|47\/100\n|move|p1a: Skeledirge|Earth Power|p2a: Giratina\n|-immune|p2a: Giratina|[from] ability: Levitate\n|\n|-damage|p2a: Giratina|88\/100 brn|[from] brn\n|upkeep\n|turn|9\n|\n|t:|1697466975\n|switch|p1a: Ting-Lu|Ting-Lu|71\/100\n|-activate|p1a: Ting-Lu|move: Sticky Web\n|-unboost|p1a: Ting-Lu|spe|1\n|-damage|p1a: Ting-Lu|65\/100|[from] Stealth Rock\n|-ability|p1a: Ting-Lu|Vessel of Ruin\n|move|p2a: Giratina|Draco Meteor|p1a: Ting-Lu\n|-damage|p1a: Ting-Lu|27\/100\n|-unboost|p2a: Giratina|spa|2\n|\n|-heal|p1a: Ting-Lu|33\/100|[from] item: Leftovers\n|-damage|p2a: Giratina|82\/100 brn|[from] brn\n|upkeep\n|turn|10\n|\n|t:|1697466993\n|switch|p2a: Great Tusk|Great Tusk|51\/100\n|move|p1a: Ting-Lu|Whirlwind|p2a: Great Tusk\n|-end|p2a: Great Tusk|Protosynthesis|[silent]\n|drag|p2a: Koraidon|Koraidon|100\/100\n|-damage|p2a: Koraidon|88\/100|[from] Spikes\n|-weather|SunnyDay|[from] ability: Orichalcum Pulse|[of] p2a: Koraidon\n|-activate|p2a: Koraidon|Orichalcum Pulse|[source]\n|\n|-weather|SunnyDay|[upkeep]\n|-heal|p1a: Ting-Lu|39\/100|[from] item: Leftovers\n|upkeep\n|turn|11\n|\n|t:|1697467007\n|switch|p1a: Arceus|Arceus-Fairy, shiny|100\/100\n|-activate|p1a: Arceus|move: Sticky Web\n|-unboost|p1a: Arceus|spe|1\n|-damage|p1a: Arceus|88\/100|[from] Stealth Rock\n|move|p2a: Koraidon|Flare Blitz|p1a: Arceus\n|-damage|p1a: Arceus|23\/100\n|-damage|p2a: Koraidon|60\/100|[from] Recoil\n|\n|-weather|SunnyDay|[upkeep]\n|upkeep\n|turn|12\n|\n|t:|1697467021\n|move|p2a: Koraidon|Flare Blitz|p1a: Arceus\n|-crit|p1a: Arceus\n|-damage|p1a: Arceus|0 fnt\n|faint|p1a: Arceus\n|-damage|p2a: Koraidon|51\/100|[from] Recoil\n|\n|-weather|SunnyDay|[upkeep]\n|upkeep\n|\n|t:|1697467031\n|switch|p1a: Miraidon|Miraidon|100\/100\n|-activate|p1a: Miraidon|move: Sticky Web\n|-unboost|p1a: Miraidon|spe|1\n|-damage|p1a: Miraidon|88\/100|[from] Stealth Rock\n|-fieldstart|move: Electric Terrain|[from] ability: Hadron Engine|[of] p1a: Miraidon\n|turn|13\n|\n|t:|1697467040\n|move|p1a: Miraidon|U-turn|p2a: Koraidon\n|-resisted|p2a: Koraidon\n|-damage|p2a: Koraidon|45\/100\n|\n|t:|1697467044\n|switch|p1a: Skeledirge|Skeledirge, F, tera:Flying|47\/100|[from] U-turn\n|move|p2a: Koraidon|Dragon Claw|p1a: Skeledirge\n|-damage|p1a: Skeledirge|11\/100\n|\n|-weather|SunnyDay|[upkeep]\n|upkeep\n|turn|14\n|\n|t:|1697467052\n|move|p2a: Koraidon|Dragon Claw|p1a: Skeledirge\n|-damage|p1a: Skeledirge|0 fnt\n|faint|p1a: Skeledirge\n|\n|-weather|none\n|upkeep\n|\n|t:|1697467061\n|switch|p1a: Iron Bundle|Iron Bundle|100\/100\n|-activate|p1a: Iron Bundle|move: Sticky Web\n|-unboost|p1a: Iron Bundle|spe|1\n|-damage|p1a: Iron Bundle|76\/100|[from] Stealth Rock\n|-activate|p1a: Iron Bundle|ability: Quark Drive\n|-start|p1a: Iron Bundle|quarkdrivespa\n|turn|15\n|\n|t:|1697467069\n|move|p2a: Koraidon|Close Combat|p1a: Iron Bundle\n|-supereffective|p1a: Iron Bundle\n|-damage|p1a: Iron Bundle|0 fnt\n|-unboost|p2a: Koraidon|def|1\n|-unboost|p2a: Koraidon|spd|1\n|faint|p1a: Iron Bundle\n|-end|p1a: Iron Bundle|Quark Drive|[silent]\n|\n|upkeep\n|\n|t:|1697467078\n|switch|p1a: Miraidon|Miraidon|88\/100\n|-activate|p1a: Miraidon|move: Sticky Web\n|-unboost|p1a: Miraidon|spe|1\n|-damage|p1a: Miraidon|76\/100|[from] Stealth Rock\n|-activate|p1a: Miraidon|ability: Hadron Engine\n|turn|16\n|\n|t:|1697467087\n|switch|p2a: Ribombee|Ribombee, F|100\/100\n|-damage|p2a: Ribombee|88\/100|[from] Spikes\n|move|p1a: Miraidon|Draco Meteor|p2a: Ribombee\n|-immune|p2a: Ribombee\n|\n|upkeep\n|turn|17\n|-message|luolin forfeited.\n|\n|win|tingalera\n|raw|luolin's rating: 1055 &rarr; <strong>1034<\/strong><br \/>(-21 for losing)\n|raw|tingalera's rating: 1000 &rarr; <strong>1046<\/strong><br \/>(+46 for winning)\n|l|\u2606luolin\n","uploadtime":1697467099,"views":11,"p1id":"luolin","p2id":"tingalera","formatid":"gen9ubers","rating":1034,"private":0,"password":""}