{"id":"gen9ubers-1984034748","p1":"the tr4sh man","p2":"NewHoovybeast05","format":"[Gen 9] Ubers","log":"|j|\u2606the tr4sh man\n|j|\u2606NewHoovybeast05\n|t:|1699211965\n|gametype|singles\n|player|p1|the tr4sh man|xerosic|\n|player|p2|NewHoovybeast05|palmer|\n|teamsize|p1|6\n|teamsize|p2|6\n|gen|9\n|tier|[Gen 9] Ubers\n|rule|Sleep Clause Mod: Limit one foe put to sleep\n|rule|Species Clause: Limit one of each Pok\u00e9mon\n|rule|OHKO Clause: OHKO moves are banned\n|rule|Evasion Items Clause: Evasion items are banned\n|rule|Evasion Moves Clause: Evasion moves are banned\n|rule|Endless Battle Clause: Forcing endless battles is banned\n|rule|HP Percentage Mod: HP is shown in percentages\n|clearpoke\n|poke|p1|Cloyster, F|\n|poke|p1|Flamigo, F|\n|poke|p1|Polteageist|\n|poke|p1|Torterra, F|\n|poke|p1|Torkoal, F|\n|poke|p1|Drednaw, M|\n|poke|p2|Baxcalibur, M|\n|poke|p2|Ninetales-Alola, M|\n|poke|p2|Cyclizar, M|\n|poke|p2|Volcarona, M|\n|poke|p2|Urshifu-*, M|\n|poke|p2|Espathra, M|\n|teampreview\n|\n|t:|1699211974\n|start\n|switch|p1a: Cloyster|Cloyster, F|100\/100\n|switch|p2a: Ninetales|Ninetales-Alola, M|100\/100\n|-weather|Snow|[from] ability: Snow Warning|[of] p2a: Ninetales\n|turn|1\n|\n|t:|1699211979\n|move|p2a: Ninetales|Aurora Veil|p2a: Ninetales\n|-sidestart|p2: NewHoovybeast05|move: Aurora Veil\n|move|p1a: Cloyster|Spikes|p2a: Ninetales\n|-sidestart|p2: NewHoovybeast05|Spikes\n|\n|-weather|Snow|[upkeep]\n|upkeep\n|turn|2\n|\n|t:|1699211985\n|move|p2a: Ninetales|Moonblast|p1a: Cloyster\n|-damage|p1a: Cloyster|26\/100\n|-unboost|p1a: Cloyster|spa|1\n|move|p1a: Cloyster|Spikes|p2a: Ninetales\n|-sidestart|p2: NewHoovybeast05|Spikes\n|\n|-weather|Snow|[upkeep]\n|upkeep\n|turn|3\n|\n|t:|1699211991\n|move|p2a: Ninetales|Moonblast|p1a: Cloyster\n|-damage|p1a: Cloyster|0 fnt\n|faint|p1a: Cloyster\n|\n|-weather|Snow|[upkeep]\n|upkeep\n|\n|t:|1699211993\n|switch|p1a: Torkoal|Torkoal, F|100\/100\n|-weather|SunnyDay|[from] ability: Drought|[of] p1a: Torkoal\n|turn|4\n|\n|t:|1699212005\n|switch|p2a: Urshifu|Urshifu, M|100\/100\n|move|p1a: Torkoal|Flamethrower|p2a: Urshifu\n|-crit|p2a: Urshifu\n|-damage|p2a: Urshifu|0 fnt\n|faint|p2a: Urshifu\n|\n|-weather|SunnyDay|[upkeep]\n|upkeep\n|\n|t:|1699212012\n|switch|p2a: Cyclizar|Cyclizar, M|100\/100\n|-damage|p2a: Cyclizar|84\/100|[from] Spikes\n|turn|5\n|\n|t:|1699212018\n|move|p2a: Cyclizar|Shed Tail|p2a: Cyclizar\n|-start|p2a: Cyclizar|Substitute|[from] move: Shed Tail\n|-damage|p2a: Cyclizar|34\/100\n|\n|t:|1699212021\n|switch|p2a: Baxcalibur|Baxcalibur, M|100\/100|[from] Shed Tail\n|-damage|p2a: Baxcalibur|84\/100|[from] Spikes\n|move|p1a: Torkoal|Flamethrower|p2a: Baxcalibur\n|-end|p2a: Baxcalibur|Substitute\n|\n|-weather|SunnyDay|[upkeep]\n|upkeep\n|turn|6\n|c|\u2606NewHoovybeast05|bruh\n|\n|t:|1699212035\n|move|p2a: Baxcalibur|Swords Dance|p2a: Baxcalibur\n|-boost|p2a: Baxcalibur|atk|2\n|move|p1a: Torkoal|Flamethrower|p2a: Baxcalibur\n|-damage|p2a: Baxcalibur|55\/100\n|-ability|p2a: Baxcalibur|Thermal Exchange|boost\n|-boost|p2a: Baxcalibur|atk|1\n|\n|-weather|SunnyDay|[upkeep]\n|upkeep\n|turn|7\n|\n|t:|1699212047\n|move|p2a: Baxcalibur|Scale Shot|p1a: Torkoal\n|-damage|p1a: Torkoal|70\/100\n|-damage|p1a: Torkoal|40\/100\n|-damage|p1a: Torkoal|7\/100\n|-damage|p1a: Torkoal|0 fnt\n|faint|p1a: Torkoal\n|-hitcount|p1: Torkoal|4\n|-unboost|p2a: Baxcalibur|def|1\n|-boost|p2a: Baxcalibur|spe|1\n|\n|-weather|SunnyDay|[upkeep]\n|upkeep\n|\n|t:|1699212051\n|switch|p1a: Drednaw|Drednaw, M|100\/100\n|turn|8\n|\n|t:|1699212055\n|move|p2a: Baxcalibur|Scale Shot|p1a: Drednaw\n|-damage|p1a: Drednaw|56\/100\n|-damage|p1a: Drednaw|17\/100\n|-damage|p1a: Drednaw|0 fnt\n|faint|p1a: Drednaw\n|-hitcount|p1: Drednaw|3\n|-unboost|p2a: Baxcalibur|def|1\n|-boost|p2a: Baxcalibur|spe|1\n|\n|-weather|none\n|-sideend|p2: NewHoovybeast05|move: Aurora Veil\n|upkeep\n|\n|t:|1699212060\n|switch|p1a: Torterra|Torterra, F|100\/100\n|turn|9\n|\n|t:|1699212063\n|move|p2a: Baxcalibur|Icicle Spear|p1a: Torterra\n|-supereffective|p1a: Torterra\n|-damage|p1a: Torterra|0 fnt\n|faint|p1a: Torterra\n|-hitcount|p1: Torterra|1\n|\n|upkeep\n|\n|t:|1699212067\n|switch|p1a: Flamigo|Flamigo, F|100\/100\n|turn|10\n|\n|t:|1699212071\n|move|p2a: Baxcalibur|Icicle Spear|p1a: Flamigo\n|-supereffective|p1a: Flamigo\n|-enditem|p1a: Flamigo|Focus Sash\n|-damage|p1a: Flamigo|1\/100\n|-supereffective|p1a: Flamigo\n|-damage|p1a: Flamigo|0 fnt\n|faint|p1a: Flamigo\n|-hitcount|p1: Flamigo|2\n|\n|upkeep\n|\n|t:|1699212073\n|switch|p1a: Polteageist|Polteageist|100\/100\n|turn|11\n|\n|t:|1699212076\n|move|p1a: Polteageist|Sucker Punch|p2a: Baxcalibur\n|-damage|p2a: Baxcalibur|33\/100\n|move|p2a: Baxcalibur|Icicle Spear|p1a: Polteageist\n|-damage|p1a: Polteageist|33\/100\n|-ability|p1a: Polteageist|Weak Armor|boost\n|-unboost|p1a: Polteageist|def|1\n|-boost|p1a: Polteageist|spe|2\n|-damage|p1a: Polteageist|0 fnt\n|faint|p1a: Polteageist\n|-hitcount|p1: Polteageist|2\n|\n|win|NewHoovybeast05\n|c|\u2606the tr4sh man|gg lol\n|c|\u2606NewHoovybeast05|gg\n","uploadtime":1699212088,"views":5,"p1id":"thetr4shman","p2id":"newhoovybeast05","formatid":"gen9ubers","rating":0,"private":0,"password":""}