{"id":"gen9ubers-1983565119","p1":"AlicieLizzie","p2":"Finchely","format":"[Gen 9] Ubers","log":"|j|\u2606AlicieLizzie\n|j|\u2606Finchely\n|t:|1699144001\n|gametype|singles\n|player|p1|AlicieLizzie|marnie-masters3|\n|player|p2|Finchely|acetrainerf|\n|teamsize|p1|6\n|teamsize|p2|6\n|gen|9\n|tier|[Gen 9] Ubers\n|rule|Sleep Clause Mod: Limit one foe put to sleep\n|rule|Species Clause: Limit one of each Pok\u00e9mon\n|rule|OHKO Clause: OHKO moves are banned\n|rule|Evasion Items Clause: Evasion items are banned\n|rule|Evasion Moves Clause: Evasion moves are banned\n|rule|Endless Battle Clause: Forcing endless battles is banned\n|rule|HP Percentage Mod: HP is shown in percentages\n|clearpoke\n|poke|p1|Cyclizar, F|\n|poke|p1|Kommo-o, F|\n|poke|p1|Shaymin-Sky|\n|poke|p1|Gholdengo|\n|poke|p1|Zacian-*|\n|poke|p1|Espathra, M|\n|poke|p2|Slowking-Galar, F|\n|poke|p2|Sneasler, M|\n|poke|p2|Clefable, F|\n|poke|p2|Azumarill, M|\n|poke|p2|Magearna-Original|\n|poke|p2|Cyclizar, F|\n|teampreview\n|inactive|Battle timer is ON: inactive players will automatically lose when time's up. (requested by AlicieLizzie)\n|l|\u2606Finchely\n|inactive|Finchely disconnected and has 300 seconds to reconnect!\n|player|p2|\n|inactive|AlicieLizzie has 270 seconds left.\n|j|\u2606Finchely\n|inactive|Finchely reconnected and has 290 seconds left.\n|player|p2|Finchely|acetrainerf\n|l|\u2606Finchely\n|inactive|Finchely disconnected and has 280 seconds to reconnect!\n|player|p2|\n|inactive|Finchely has 270 seconds to reconnect!\n|j| 1P1o1s1h1e1\n|j|\u2606Finchely\n|inactive|Finchely reconnected and has 280 seconds left.\n|player|p2|Finchely|acetrainerf\n|c|\u2606Finchely|Sorry crappy internet\n|inactive|Finchely has 270 seconds left.\n|c|\u2606Finchely|and monilr\n|c|\u2606AlicieLizzie|np\n|c|\u2606Finchely|mobile\n|\n|t:|1699144088\n|start\n|switch|p1a: Cycle Dryer|Cyclizar, F|100\/100\n|switch|p2a: Slowking|Slowking-Galar, F, shiny|100\/100\n|turn|1\n|inactiveoff|Battle timer is now OFF.\n|j| Uubers account\n|c| 1P1o1s1h1e1|No Ubers bst is crazyyyy\n|\n|t:|1699144100\n|move|p1a: Cycle Dryer|Shed Tail|p1a: Cycle Dryer\n|-start|p1a: Cycle Dryer|Substitute|[from] move: Shed Tail\n|-damage|p1a: Cycle Dryer|50\/100\n|c|\u2606AlicieLizzie|guh\n|\n|t:|1699144114\n|switch|p1a: Kommo-OH NO|Kommo-o, F|100\/100|[from] Shed Tail\n|move|p2a: Slowking|Chilly Reception|p2a: Slowking\n|-weather|Snow\n|l|\u2606Finchely\n|player|p2|\n|j|\u2606Finchely\n|player|p2|Finchely|acetrainerf\n|c| 1P1o1s1h1e1|And the connection issues begin lol\n|c|\u2606AlicieLizzie|yeah\n|l| Uubers account\n|c| 1P1o1s1h1e1|#MulchGang4lyfe\n|\n|t:|1699144173\n|switch|p2a: Clefable|Clefable, F|100\/100|[from] Chilly Reception\n|\n|-weather|Snow|[upkeep]\n|upkeep\n|turn|2\n|c| 1P1o1s1h1e1|U got this.\n|j| Uubers account\n|\n|t:|1699144191\n|move|p1a: Kommo-OH NO|Boomburst|p2a: Clefable\n|-damage|p2a: Clefable|61\/100\n|-enditem|p1a: Kommo-OH NO|Throat Spray\n|-boost|p1a: Kommo-OH NO|spa|1|[from] item: Throat Spray\n|move|p2a: Clefable|Calm Mind|p2a: Clefable\n|-boost|p2a: Clefable|spa|1\n|-boost|p2a: Clefable|spd|1\n|\n|-weather|Snow|[upkeep]\n|upkeep\n|turn|3\n|l|\u2606Finchely\n|player|p2|\n|j|\u2606Finchely\n|player|p2|Finchely|acetrainerf\n|c|\u2606Finchely|Okay that\u2019s it\n|c| Uubers account|Not saying that I was right about flash cannon buuuuuuuuut\n|c|\u2606Finchely|im moving to computer\n|c|\u2606AlicieLizzie|yeah flash cannon would be helpful here\n|c|\u2606AlicieLizzie|but flamethrower is better overall imo\n|c|\u2606AlicieLizzie|SE flash is 160, Neutral Boom is 140\n|c|\u2606AlicieLizzie|so a little weaker\n|\n|t:|1699144292\n|move|p1a: Kommo-OH NO|Boomburst|p2a: Clefable\n|-damage|p2a: Clefable|35\/100\n|move|p2a: Clefable|Wish|p2a: Clefable\n|\n|-weather|Snow|[upkeep]\n|upkeep\n|turn|4\n|l| Uubers account\n|\n|t:|1699144306\n|switch|p1a: Spiffy as Silver|Gholdengo|100\/100\n|move|p2a: Clefable|Protect||[still]\n|-fail|p2a: Clefable\n|\n|-weather|Snow|[upkeep]\n|-heal|p2a: Clefable|85\/100|[from] move: Wish|[wisher] Clefable\n|upkeep\n|turn|5\n|\n|t:|1699144315\n|move|p2a: Clefable|Protect|p2a: Clefable\n|-singleturn|p2a: Clefable|Protect\n|move|p1a: Spiffy as Silver|Make It Rain|p2a: Clefable\n|-activate|p2a: Clefable|move: Protect\n|\n|-weather|none\n|upkeep\n|turn|6\n|c| 1P1o1s1h1e1|The big mystery... What is the clef item\n|j| imperialorder241\n|c| imperialorder241|an item\n|c| 1P1o1s1h1e1|so true\n|j| Uubers account\n|c| imperialorder241|im going to get up because seeing that skymin hurts my soul alice\n|c|\u2606AlicieLizzie|THIS MF GOT THEM FAKE Magic Guard's\n|c| 1P1o1s1h1e1|lmao\n|c|\u2606AlicieLizzie|old team btw\n|c| imperialorder241|gl to the bost of you :3\n|c|\u2606AlicieLizzie|i dont use skymin much anymore\n|c|\u2606AlicieLizzie|my november team runs a snow core\n|\n|t:|1699144413\n|switch|p2a: Slowking|Slowking-Galar, F, shiny|100\/100\n|move|p1a: Spiffy as Silver|Make It Rain|p2a: Slowking\n|-damage|p2a: Slowking|62\/100\n|-unboost|p1a: Spiffy as Silver|spa|1\n|\n|upkeep\n|turn|7\n|j| VloneVictini\n|c| imperialorder241|at least one cute trans girl wins this battle\n|c| imperialorder241|so like\n|c|\u2606Finchely|fr\n|c| imperialorder241|:100:\n|\n|t:|1699144447\n|switch|p2a: Cyclizar|Cyclizar, F|100\/100\n|move|p1a: Spiffy as Silver|Make It Rain|p2a: Cyclizar\n|-damage|p2a: Cyclizar|43\/100\n|-unboost|p1a: Spiffy as Silver|spa|1\n|\n|upkeep\n|turn|8\n|l| Uubers account\n|c|\u2606AlicieLizzie|real\n|j| Uubers account\n|\n|t:|1699144457\n|switch|p1a: Cycle Dryer|Cyclizar, F|84\/100\n|switch|p2a: Slowking|Slowking-Galar, F, shiny|96\/100\n|\n|upkeep\n|turn|9\n|\n|t:|1699144462\n|move|p1a: Cycle Dryer|Knock Off|p2a: Slowking\n|-supereffective|p2a: Slowking\n|-damage|p2a: Slowking|51\/100\n|-enditem|p2a: Slowking|Heavy-Duty Boots|[from] move: Knock Off|[of] p1a: Cycle Dryer\n|move|p2a: Slowking|Future Sight|p1a: Cycle Dryer\n|-start|p2a: Slowking|move: Future Sight\n|\n|upkeep\n|turn|10\n|\n|t:|1699144470\n|move|p1a: Cycle Dryer|Shed Tail|p1a: Cycle Dryer\n|-start|p1a: Cycle Dryer|Substitute|[from] move: Shed Tail\n|-damage|p1a: Cycle Dryer|33\/100\n|\n|t:|1699144474\n|switch|p1a: path to womanhood|Espathra, M|100\/100|[from] Shed Tail\n|move|p2a: Slowking|Chilly Reception|p2a: Slowking\n|-weather|Snow\n|\n|t:|1699144478\n|switch|p2a: Azumarill|Azumarill, M, shiny|100\/100|[from] Chilly Reception\n|\n|-weather|Snow|[upkeep]\n|upkeep\n|turn|11\n|\n|t:|1699144482\n|move|p1a: path to womanhood|Calm Mind|p1a: path to womanhood\n|-boost|p1a: path to womanhood|spa|1\n|-boost|p1a: path to womanhood|spd|1\n|move|p2a: Azumarill|Liquidation|p1a: path to womanhood\n|-end|p1a: path to womanhood|Substitute\n|\n|-weather|Snow|[upkeep]\n|-end|p1a: path to womanhood|move: Future Sight\n|-resisted|p1a: path to womanhood\n|-damage|p1a: path to womanhood|79\/100\n|-heal|p1a: path to womanhood|85\/100|[from] item: Leftovers\n|-ability|p1a: path to womanhood|Speed Boost|boost\n|-boost|p1a: path to womanhood|spe|1\n|upkeep\n|turn|12\n|c| imperialorder241|LOL\n|c| imperialorder241|THE ESPATHRA\n|c| imperialorder241|THE NAME\n|c|\u2606AlicieLizzie|finchely is getting vietnam flashbacks\n|c| imperialorder241|intimidation tactics\n|c|\u2606Finchely|\ud83d\udc80\n|c|\u2606Finchely|actually going to turn back into a man after this\n|\n|t:|1699144529\n|move|p1a: path to womanhood|Protect|p1a: path to womanhood\n|-singleturn|p1a: path to womanhood|Protect\n|move|p2a: Azumarill|Knock Off|p1a: path to womanhood\n|-activate|p1a: path to womanhood|move: Protect\n|\n|-weather|Snow|[upkeep]\n|-heal|p1a: path to womanhood|91\/100|[from] item: Leftovers\n|-ability|p1a: path to womanhood|Speed Boost|boost\n|-boost|p1a: path to womanhood|spe|1\n|upkeep\n|turn|13\n|c| imperialorder241|hi qb\n|\n|t:|1699144538\n|move|p1a: path to womanhood|Stored Power|p2a: Azumarill\n|-damage|p2a: Azumarill|49\/100\n|move|p2a: Azumarill|Knock Off|p1a: path to womanhood\n|-supereffective|p1a: path to womanhood\n|-damage|p1a: path to womanhood|0 fnt\n|-enditem|p1a: path to womanhood|Leftovers|[from] move: Knock Off|[of] p2a: Azumarill\n|faint|p1a: path to womanhood\n|\n|-weather|Snow|[upkeep]\n|upkeep\n|c| imperialorder241|hows your day\n|c|\u2606Finchely|lmao\n|c|\u2606Finchely|i love azu\n|c|\u2606AlicieLizzie|wow that didnt do much\n|c| VloneVictini|Bunny power\n|c|\u2606Finchely|guess the item LMAO\n|c|\u2606AlicieLizzie|boots???\n|c| imperialorder241|this azu was a real problem for me alice\n|c|\u2606Finchely|worse\n|\n|t:|1699144566\n|switch|p1a: It's a Shayme|Shaymin-Sky|100\/100\n|turn|14\n|\n|t:|1699144577\n|switch|p2a: Magearna|Magearna-Original|100\/100\n|move|p1a: It's a Shayme|Seed Flare|p2a: Magearna\n|-resisted|p2a: Magearna\n|-damage|p2a: Magearna|82\/100\n|\n|-weather|none\n|upkeep\n|turn|15\n|\n|t:|1699144584\n|move|p1a: It's a Shayme|Leech Seed|p2a: Magearna\n|-start|p2a: Magearna|move: Leech Seed\n|move|p2a: Magearna|Ice Beam|p1a: It's a Shayme\n|-supereffective|p1a: It's a Shayme\n|-damage|p1a: It's a Shayme|0 fnt\n|faint|p1a: It's a Shayme\n|-ability|p2a: Magearna|Soul-Heart|boost\n|-boost|p2a: Magearna|spa|1\n|\n|upkeep\n|c|\u2606AlicieLizzie|OH\n|c| imperialorder241|ICE BEAM MAGEARNA\n|c| imperialorder241|FR\n|c| 1P1o1s1h1e1|YEOOOOW\n|c| imperialorder241|CHAD\n|c| VloneVictini|Heat\n|c| Uubers account|Pats gooooooooooooo\n|\n|t:|1699144599\n|switch|p1a: Spiffy as Silver|Gholdengo|100\/100\n|turn|16\n|c| Uubers account|die skymin!\n|c| imperialorder241|deserved\n|j| LadyMaria-Blue\n|\n|t:|1699144638\n|move|p1a: Spiffy as Silver|Make It Rain|p2a: Magearna\n|-damage|p2a: Magearna|32\/100\n|-unboost|p1a: Spiffy as Silver|spa|1\n|move|p2a: Magearna|Volt Switch|p1a: Spiffy as Silver\n|-damage|p1a: Spiffy as Silver|63\/100\n|\n|t:|1699144648\n|switch|p2a: Sneasler|Sneasler, M, shiny|100\/100|[from] Volt Switch\n|\n|upkeep\n|turn|17\n|c|\u2606Finchely|lmao\n|c|\u2606Finchely|this team is cooking\n|l| Uubers account\n|j| Uubers account\n|c|\u2606Finchely|normally it's completely ass\n|c|\u2606Finchely|but i made it specifically to beat options you had brought a lot in the past\n|\n|t:|1699144714\n|move|p2a: Sneasler|U-turn|p1a: Spiffy as Silver\n|-resisted|p1a: Spiffy as Silver\n|-damage|p1a: Spiffy as Silver|55\/100\n|\n|t:|1699144723\n|switch|p2a: Slowking|Slowking-Galar, F, shiny|84\/100|[from] U-turn\n|move|p1a: Spiffy as Silver|Make It Rain|p2a: Slowking\n|-damage|p2a: Slowking|60\/100\n|-unboost|p1a: Spiffy as Silver|spa|1\n|\n|upkeep\n|turn|18\n|\n|t:|1699144733\n|switch|p1a: Cycle Dryer|Cyclizar, F|67\/100\n|switch|p2a: Cyclizar|Cyclizar, F|76\/100\n|\n|upkeep\n|turn|19\n|\n|t:|1699144740\n|move|p2a: Cyclizar|Shed Tail|p2a: Cyclizar\n|-start|p2a: Cyclizar|Substitute|[from] move: Shed Tail\n|-damage|p2a: Cyclizar|26\/100\n|\n|t:|1699144745\n|switch|p2a: Clefable|Clefable, F|85\/100|[from] Shed Tail\n|move|p1a: Cycle Dryer|Taunt|p2a: Clefable\n|-start|p2a: Clefable|move: Taunt\n|\n|upkeep\n|turn|20\n|c|\u2606AlicieLizzie|lost the speed tie\n|c|\u2606AlicieLizzie|F\n|\n|t:|1699144754\n|move|p1a: Cycle Dryer|Shed Tail|p1a: Cycle Dryer\n|-start|p1a: Cycle Dryer|Substitute|[from] move: Shed Tail\n|-damage|p1a: Cycle Dryer|17\/100\n|c|\u2606Finchely|wait i forgot lmao\n|\n|t:|1699144763\n|switch|p1a: Kommo-OH NO|Kommo-o, F|100\/100|[from] Shed Tail\n|move|p2a: Clefable|Moonblast|p1a: Kommo-OH NO\n|-supereffective|p1a: Kommo-OH NO\n|-end|p1a: Kommo-OH NO|Substitute\n|\n|upkeep\n|turn|21\n|c|\u2606Finchely|to set this cyclizar to what was it\n|c|\u2606Finchely|248 speed evs\n|c|\u2606Finchely|so it loses the speed tie shed tail\n|\n|t:|1699144785\n|switch|p1a: Spiffy as Silver|Gholdengo|55\/100\n|move|p2a: Clefable|Moonblast|p1a: Spiffy as Silver\n|-resisted|p1a: Spiffy as Silver\n|-damage|p1a: Spiffy as Silver|37\/100\n|\n|-end|p2a: Clefable|move: Taunt\n|upkeep\n|turn|22\n|\n|t:|1699144797\n|move|p1a: Spiffy as Silver|Trick||[still]\n|-fail|p1a: Spiffy as Silver\n|move|p2a: Clefable|Moonblast|p1a: Spiffy as Silver\n|-resisted|p1a: Spiffy as Silver\n|-damage|p1a: Spiffy as Silver|19\/100\n|\n|upkeep\n|turn|23\n|c|\u2606AlicieLizzie|trick doesnt go through sub gonna kms\n|\n|t:|1699144811\n|switch|p1a: Zac King|Zacian|100\/100\n|-ability|p1a: Zac King|Intrepid Sword|boost\n|-boost|p1a: Zac King|atk|1\n|move|p2a: Clefable|Moonblast|p1a: Zac King\n|-damage|p1a: Zac King|70\/100\n|-unboost|p1a: Zac King|spa|1\n|\n|upkeep\n|turn|24\n|c| LadyMaria-Blue|cant wait for showdown moment 37 to happen here\n|c|\u2606AlicieLizzie|so true\n|\n|t:|1699144827\n|move|p1a: Zac King|Iron Head|p2a: Clefable\n|-supereffective|p2a: Clefable\n|-end|p2a: Clefable|Substitute\n|move|p2a: Clefable|Calm Mind|p2a: Clefable\n|-boost|p2a: Clefable|spa|1\n|-boost|p2a: Clefable|spd|1\n|\n|upkeep\n|turn|25\n|c| LadyMaria-Blue|zac king? like the vine and tiktok magic dude?\n|c|\u2606AlicieLizzie|yeah\n|\n|t:|1699144867\n|switch|p2a: Magearna|Magearna-Original|32\/100\n|move|p1a: Zac King|Iron Head|p2a: Magearna\n|-damage|p2a: Magearna|0 fnt\n|faint|p2a: Magearna\n|\n|upkeep\n|\n|t:|1699144869\n|switch|p2a: Sneasler|Sneasler, M, shiny|100\/100\n|turn|26\n|c| imperialorder241|tiktok...\n|c| imperialorder241|no comment\n|\n|t:|1699144876\n|switch|p1a: Spiffy as Silver|Gholdengo|19\/100\n|move|p2a: Sneasler|Dire Claw|p1a: Spiffy as Silver\n|-immune|p1a: Spiffy as Silver\n|\n|upkeep\n|turn|27\n|\n|t:|1699144889\n|switch|p2a: Cyclizar|Cyclizar, F|59\/100\n|move|p1a: Spiffy as Silver|Make It Rain|p2a: Cyclizar\n|-damage|p2a: Cyclizar|0 fnt\n|-unboost|p1a: Spiffy as Silver|spa|1\n|faint|p2a: Cyclizar\n|\n|upkeep\n|\n|t:|1699144892\n|switch|p2a: Sneasler|Sneasler, M, shiny|100\/100\n|turn|28\n|c| LadyMaria-Blue|shiny sneasler doesnt even begin to compete with shiny weavile\n|\n|t:|1699144901\n|move|p2a: Sneasler|Night Slash|p1a: Spiffy as Silver\n|-supereffective|p1a: Spiffy as Silver\n|-crit|p1a: Spiffy as Silver\n|-damage|p1a: Spiffy as Silver|0 fnt\n|faint|p1a: Spiffy as Silver\n|\n|upkeep\n|\n|t:|1699144911\n|switch|p1a: Zac King|Zacian|70\/100\n|turn|29\n|c| imperialorder241|shiny weavile looks goated\n|\n|t:|1699144919\n|switch|p2a: Slowking|Slowking-Galar, F, shiny|93\/100\n|-terastallize|p1a: Zac King|Ground\n|move|p1a: Zac King|Tera Blast|p2a: Slowking|[anim] Tera Blast Ground\n|-supereffective|p2a: Slowking\n|-damage|p2a: Slowking|0 fnt\n|faint|p2a: Slowking\n|\n|upkeep\n|c| 1P1o1s1h1e1|Men will see that and go \"hell yeah\"\n|l| VloneVictini\n|c| imperialorder241|im braindead\n|c| imperialorder241|who is 1P1o1s1h1e1\n|c| 1P1o1s1h1e1|real\n|c| imperialorder241|i dont recognise the sd ok\n|c| 1P1o1s1h1e1|Pooshi\n|c|\u2606Finchely|Pooshi\n|c| imperialorder241|i checked\n|c| imperialorder241|yeah its pooshi\n|\n|t:|1699145052\n|switch|p2a: Azumarill|Azumarill, M, shiny|49\/100\n|turn|30\n|\n|t:|1699145065\n|move|p2a: Azumarill|Aqua Jet|p1a: Zac King\n|-supereffective|p1a: Zac King\n|-damage|p1a: Zac King|20\/100\n|move|p1a: Zac King|Tera Blast|p2a: Azumarill|[anim] Tera Blast Ground\n|-damage|p2a: Azumarill|0 fnt\n|faint|p2a: Azumarill\n|\n|upkeep\n|\n|t:|1699145068\n|switch|p2a: Sneasler|Sneasler, M, shiny|100\/100\n|turn|31\n|l| Uubers account\n|\n|t:|1699145074\n|move|p2a: Sneasler|Close Combat|p1a: Zac King\n|-damage|p1a: Zac King|0 fnt\n|-unboost|p2a: Sneasler|def|1\n|-unboost|p2a: Sneasler|spd|1\n|faint|p1a: Zac King\n|\n|upkeep\n|j| Uubers account\n|c| 1P1o1s1h1e1|Niceee sequencing\n|\n|t:|1699145092\n|switch|p1a: Kommo-OH NO|Kommo-o, F|100\/100\n|turn|32\n|\n|t:|1699145118\n|-terastallize|p2a: Sneasler|Fighting\n|move|p2a: Sneasler|Close Combat|p1a: Kommo-OH NO\n|-damage|p1a: Kommo-OH NO|8\/100\n|-unboost|p2a: Sneasler|def|1\n|-unboost|p2a: Sneasler|spd|1\n|-status|p1a: Kommo-OH NO|psn|[from] ability: Poison Touch|[of] p2a: Sneasler\n|move|p1a: Kommo-OH NO|Boomburst|p2a: Sneasler\n|-damage|p2a: Sneasler|0 fnt\n|faint|p2a: Sneasler\n|\n|-damage|p1a: Kommo-OH NO|0 fnt|[from] psn\n|faint|p1a: Kommo-OH NO\n|upkeep\n|c|\u2606AlicieLizzie|that poison was clutch\n|c| LadyMaria-Blue|that was clutch\n|c|\u2606AlicieLizzie|that won you the game\n|\n|t:|1699145140\n|switch|p2a: Clefable|Clefable, F|85\/100\n|switch|p1a: Cycle Dryer|Cyclizar, F|50\/100\n|turn|33\n|c|\u2606AlicieLizzie|gg\n|c|\u2606Finchely|i think clef still 1v1s tho\n|c| 1P1o1s1h1e1|Shoutouts poison touch sneas\n|\n|t:|1699145153\n|move|p1a: Cycle Dryer|Knock Off|p2a: Clefable\n|-resisted|p2a: Clefable\n|-damage|p2a: Clefable|77\/100\n|-enditem|p2a: Clefable|Heavy-Duty Boots|[from] move: Knock Off|[of] p1a: Cycle Dryer\n|move|p2a: Clefable|Moonblast|p1a: Cycle Dryer\n|-supereffective|p1a: Cycle Dryer\n|-damage|p1a: Cycle Dryer|0 fnt\n|faint|p1a: Cycle Dryer\n|\n|win|Finchely\n|c| 1P1o1s1h1e1|Realest MF I know\n|c|\u2606Finchely|its unaware\n|c|\u2606AlicieLizzie|ik\n|l|\u2606AlicieLizzie\n|c|\u2606Finchely|just wondering how did the poison touch win?\n|l| Uubers account\n|l| imperialorder241\n|j| imperialorder241\n|c| imperialorder241|Finchely\n|c| imperialorder241|probs cus kommo ko'd\n|l|\u2606Finchely\n|j|\u2606Finchely\n|player|p2|Finchely|acetrainerf\n|j|\u2606AlicieLizzie\n|player|p1|AlicieLizzie|marnie-masters3\n","uploadtime":1699145931,"views":52,"p1id":"alicielizzie","p2id":"finchely","formatid":"gen9ubers","rating":0,"private":0,"password":""}