{"id":"gen9ubers-1978164641","p1":"poggersfortine","p2":"trialteam98","format":"[Gen 9] Ubers","log":"|j|\u2606poggersfortine\n|j|\u2606trialteam98\n|t:|1698507064\n|gametype|singles\n|player|p1|poggersfortine|265|1119\n|player|p2|trialteam98|lady-gen4|1069\n|teamsize|p1|6\n|teamsize|p2|6\n|gen|9\n|tier|[Gen 9] Ubers\n|rated|\n|rule|Sleep Clause Mod: Limit one foe put to sleep\n|rule|Species Clause: Limit one of each Pok\u00e9mon\n|rule|OHKO Clause: OHKO moves are banned\n|rule|Evasion Items Clause: Evasion items are banned\n|rule|Evasion Moves Clause: Evasion moves are banned\n|rule|Endless Battle Clause: Forcing endless battles is banned\n|rule|HP Percentage Mod: HP is shown in percentages\n|clearpoke\n|poke|p1|Ogerpon-Hearthflame, F|\n|poke|p1|Thundurus, M|\n|poke|p1|Flutter Mane|\n|poke|p1|Great Tusk|\n|poke|p1|Walking Wake|\n|poke|p1|Ursaluna-Bloodmoon, M|\n|poke|p2|Cinderace, M|\n|poke|p2|Rillaboom, F|\n|poke|p2|Dragapult, F|\n|poke|p2|Inteleon, M|\n|poke|p2|Weavile, M|\n|poke|p2|Charizard, F|\n|teampreview\n|inactive|Battle timer is ON: inactive players will automatically lose when time's up. (requested by poggersfortine)\n|\n|t:|1698507072\n|start\n|switch|p1a: Thundurus|Thundurus, M|100\/100\n|switch|p2a: Weavile|Weavile, M|100\/100\n|-ability|p2a: Weavile|Pressure\n|turn|1\n|\n|t:|1698507084\n|move|p2a: Weavile|Fake Out|p1a: Thundurus\n|-damage|p1a: Thundurus|77\/100\n|-damage|p2a: Weavile|91\/100|[from] item: Life Orb\n|cant|p1a: Thundurus|flinch\n|\n|upkeep\n|turn|2\n|\n|t:|1698507089\n|move|p2a: Weavile|Ice Shard|p1a: Thundurus\n|-supereffective|p1a: Thundurus\n|-damage|p1a: Thundurus|17\/100\n|-damage|p2a: Weavile|81\/100|[from] item: Life Orb\n|move|p1a: Thundurus|Thunder Wave|p2a: Weavile\n|-hint|Since gen 7, Dark is immune to Prankster moves.\n|-immune|p2a: Weavile\n|\n|upkeep\n|turn|3\n|\n|t:|1698507098\n|move|p1a: Thundurus|Sunny Day|p1a: Thundurus\n|-weather|SunnyDay\n|move|p2a: Weavile|Knock Off|p1a: Thundurus\n|-damage|p1a: Thundurus|0 fnt\n|-enditem|p1a: Thundurus|Mental Herb|[from] move: Knock Off|[of] p2a: Weavile\n|faint|p1a: Thundurus\n|-damage|p2a: Weavile|71\/100|[from] item: Life Orb\n|\n|-weather|SunnyDay|[upkeep]\n|upkeep\n|\n|t:|1698507119\n|switch|p1a: Walking Wake|Walking Wake|100\/100\n|-activate|p1a: Walking Wake|ability: Protosynthesis\n|-start|p1a: Walking Wake|protosynthesisspa\n|turn|4\n|\n|t:|1698507127\n|move|p2a: Weavile|Poison Jab|p1a: Walking Wake\n|-damage|p1a: Walking Wake|61\/100\n|-status|p1a: Walking Wake|psn\n|-damage|p2a: Weavile|61\/100|[from] item: Life Orb\n|move|p1a: Walking Wake|Flamethrower|p2a: Weavile\n|-supereffective|p2a: Weavile\n|-damage|p2a: Weavile|0 fnt\n|faint|p2a: Weavile\n|-damage|p1a: Walking Wake|52\/100 psn|[from] item: Life Orb\n|\n|-weather|SunnyDay|[upkeep]\n|-damage|p1a: Walking Wake|39\/100 psn|[from] psn\n|upkeep\n|\n|t:|1698507143\n|switch|p2a: Rillaboom|Rillaboom, F|100\/100\n|-fieldstart|move: Grassy Terrain|[from] ability: Grassy Surge|[of] p2a: Rillaboom\n|turn|5\n|\n|t:|1698507148\n|move|p2a: Rillaboom|Grassy Glide|p1a: Walking Wake\n|-damage|p1a: Walking Wake|0 fnt\n|faint|p1a: Walking Wake\n|-end|p1a: Walking Wake|Protosynthesis|[silent]\n|-damage|p2a: Rillaboom|91\/100|[from] item: Life Orb\n|\n|-weather|SunnyDay|[upkeep]\n|-heal|p2a: Rillaboom|97\/100|[from] Grassy Terrain\n|upkeep\n|\n|t:|1698507155\n|switch|p1a: Ogerpon|Ogerpon-Hearthflame, F|100\/100\n|-ability|p1a: Ogerpon|Mold Breaker\n|turn|6\n|\n|t:|1698507160\n|switch|p2a: Charizard|Charizard, F|100\/100\n|-terastallize|p1a: Ogerpon|Fire\n|detailschange|p1a: Ogerpon|Ogerpon-Hearthflame-Tera, F, tera:Fire\n|-ability|p1a: Ogerpon|Embody Aspect (Hearthflame)|boost\n|-boost|p1a: Ogerpon|atk|1\n|move|p1a: Ogerpon|Ivy Cudgel|p2a: Charizard\n|-resisted|p2a: Charizard\n|-damage|p2a: Charizard|0 fnt\n|faint|p2a: Charizard\n|\n|-weather|SunnyDay|[upkeep]\n|upkeep\n|\n|t:|1698507176\n|switch|p2a: Cinderace|Cinderace, M|100\/100\n|turn|7\n|\n|t:|1698507185\n|move|p2a: Cinderace|Pyro Ball|p1a: Ogerpon\n|-resisted|p1a: Ogerpon\n|-damage|p1a: Ogerpon|31\/100\n|-damage|p2a: Cinderace|91\/100|[from] item: Life Orb\n|move|p1a: Ogerpon|Ivy Cudgel|p2a: Cinderace\n|-resisted|p2a: Cinderace\n|-damage|p2a: Cinderace|0 fnt\n|faint|p2a: Cinderace\n|\n|-weather|none\n|-heal|p1a: Ogerpon|37\/100|[from] Grassy Terrain\n|upkeep\n|\n|t:|1698507194\n|switch|p2a: Inteleon|Inteleon, M|100\/100\n|turn|8\n|\n|t:|1698507204\n|move|p2a: Inteleon|Snipe Shot|p1a: Ogerpon\n|-supereffective|p1a: Ogerpon\n|-damage|p1a: Ogerpon|0 fnt\n|faint|p1a: Ogerpon\n|\n|upkeep\n|\n|t:|1698507214\n|switch|p1a: Great Tusk|Great Tusk|100\/100\n|turn|9\n|\n|t:|1698507221\n|-end|p1a: Great Tusk|Protosynthesis|[silent]\n|switch|p1a: Flutter Mane|Flutter Mane|100\/100\n|move|p2a: Inteleon|Ice Beam|p1a: Flutter Mane\n|-damage|p1a: Flutter Mane|70\/100\n|-status|p1a: Flutter Mane|frz\n|\n|-heal|p1a: Flutter Mane|76\/100 frz|[from] Grassy Terrain\n|-fieldend|move: Grassy Terrain\n|upkeep\n|turn|10\n|\n|t:|1698507228\n|cant|p1a: Flutter Mane|frz\n|move|p2a: Inteleon|Ice Beam|p1a: Flutter Mane\n|-damage|p1a: Flutter Mane|43\/100 frz\n|\n|upkeep\n|turn|11\n|\n|t:|1698507233\n|cant|p1a: Flutter Mane|frz\n|move|p2a: Inteleon|Ice Beam|p1a: Flutter Mane\n|-damage|p1a: Flutter Mane|12\/100 frz\n|\n|upkeep\n|turn|12\n|\n|t:|1698507238\n|cant|p1a: Flutter Mane|frz\n|move|p2a: Inteleon|Ice Beam|p1a: Flutter Mane\n|-damage|p1a: Flutter Mane|0 fnt\n|faint|p1a: Flutter Mane\n|-end|p1a: Flutter Mane|Protosynthesis|[silent]\n|\n|upkeep\n|\n|t:|1698507243\n|switch|p1a: Ursaluna|Ursaluna-Bloodmoon, M|100\/100\n|turn|13\n|\n|t:|1698507248\n|move|p2a: Inteleon|Snipe Shot|p1a: Ursaluna\n|-supereffective|p1a: Ursaluna\n|-damage|p1a: Ursaluna|7\/100\n|move|p1a: Ursaluna|Blood Moon|p2a: Inteleon\n|-enditem|p2a: Inteleon|Focus Sash\n|-damage|p2a: Inteleon|1\/100\n|\n|-heal|p1a: Ursaluna|13\/100|[from] item: Leftovers\n|upkeep\n|turn|14\n|\n|t:|1698507254\n|move|p2a: Inteleon|Ice Beam|p1a: Ursaluna\n|-supereffective|p1a: Ursaluna\n|-damage|p1a: Ursaluna|0 fnt\n|faint|p1a: Ursaluna\n|\n|upkeep\n|\n|t:|1698507257\n|switch|p1a: Great Tusk|Great Tusk|100\/100\n|turn|15\n|\n|t:|1698507260\n|move|p2a: Inteleon|Snipe Shot|p1a: Great Tusk\n|-supereffective|p1a: Great Tusk\n|-damage|p1a: Great Tusk|0 fnt\n|faint|p1a: Great Tusk\n|-end|p1a: Great Tusk|Protosynthesis|[silent]\n|\n|win|trialteam98\n|raw|poggersfortine's rating: 1119 &rarr; <strong>1090<\/strong><br \/>(-29 for losing)\n|raw|trialteam98's rating: 1069 &rarr; <strong>1103<\/strong><br \/>(+34 for winning)\n|l|\u2606poggersfortine\n","uploadtime":1698507264,"views":5,"p1id":"poggersfortine","p2id":"trialteam98","formatid":"gen9ubers","rating":1090,"private":0,"password":""}