{"id":"gen9ubers-1998568168","p1":"stonehandsmagee","p2":"jacob--boomer","format":"[Gen 9] Ubers","log":"|j|\u2606stonehandsmagee\n|j|\u2606jacob--boomer\n|t:|1700957384\n|gametype|singles\n|player|p1|stonehandsmagee|swimmer|\n|player|p2|jacob--boomer|sabrina|\n|teamsize|p1|6\n|teamsize|p2|6\n|gen|9\n|tier|[Gen 9] Ubers\n|rule|Sleep Clause Mod: Limit one foe put to sleep\n|rule|Species Clause: Limit one of each Pok\u00e9mon\n|rule|OHKO Clause: OHKO moves are banned\n|rule|Evasion Items Clause: Evasion items are banned\n|rule|Evasion Moves Clause: Evasion moves are banned\n|rule|Endless Battle Clause: Forcing endless battles is banned\n|rule|HP Percentage Mod: HP is shown in percentages\n|clearpoke\n|poke|p1|Ninetales-Alola, F|\n|poke|p1|Baxcalibur, F|\n|poke|p1|Gliscor, F|\n|poke|p1|Breloom, F|\n|poke|p1|Dusclops, M|\n|poke|p1|Grafaiai, M|\n|poke|p2|Milotic, M|\n|poke|p2|Eelektross, F|\n|poke|p2|Mamoswine, M|\n|poke|p2|Bronzong|\n|poke|p2|Clefable, F|\n|poke|p2|Chi-Yu|\n|teampreview\n|j| BrotherBob252\n|j| DrChillMD\n|c| DrChillMD|Im here\n|c|\u2606stonehandsmagee|crowd all good?\n|c| DrChillMD|I think so.\n|c| DrChillMD|Fight!\n|\n|t:|1700957477\n|start\n|switch|p1a: Kizaru|Grafaiai, M|100\/100\n|switch|p2a: Moon Sl00t|Clefable, F|100\/100\n|turn|1\n|\n|t:|1700957508\n|move|p1a: Kizaru|Switcheroo|p2a: Moon Sl00t\n|-activate|p1a: Kizaru|move: Trick|[of] p2a: Moon Sl00t\n|-item|p2a: Moon Sl00t|Black Sludge|[from] move: Switcheroo\n|-item|p1a: Kizaru|Leftovers|[from] move: Switcheroo\n|move|p2a: Moon Sl00t|Psychic|p1a: Kizaru\n|-supereffective|p1a: Kizaru\n|-crit|p1a: Kizaru\n|-damage|p1a: Kizaru|0 fnt\n|faint|p1a: Kizaru\n|\n|upkeep\n|\n|t:|1700957526\n|switch|p1a: Ryokugyu|Breloom, F|100\/100\n|turn|2\n|\n|t:|1700957546\n|move|p1a: Ryokugyu|Spore|p2a: Moon Sl00t\n|-status|p2a: Moon Sl00t|slp|[from] move: Spore\n|cant|p2a: Moon Sl00t|slp\n|\n|upkeep\n|turn|3\n|\n|t:|1700957560\n|move|p1a: Ryokugyu|Substitute|p1a: Ryokugyu\n|-start|p1a: Ryokugyu|Substitute\n|-damage|p1a: Ryokugyu|76\/100\n|-curestatus|p2a: Moon Sl00t|slp|[msg]\n|move|p2a: Moon Sl00t|Reflect|p2a: Moon Sl00t\n|-sidestart|p2: jacob--boomer|Reflect\n|\n|upkeep\n|turn|4\n|\n|t:|1700957573\n|move|p1a: Ryokugyu|Spore|p2a: Moon Sl00t\n|-status|p2a: Moon Sl00t|slp|[from] move: Spore\n|cant|p2a: Moon Sl00t|slp\n|\n|upkeep\n|turn|5\n|\n|t:|1700957612\n|move|p1a: Ryokugyu|Bullet Seed|p2a: Moon Sl00t\n|-damage|p2a: Moon Sl00t|93\/100 slp\n|-damage|p2a: Moon Sl00t|84\/100 slp\n|-damage|p2a: Moon Sl00t|76\/100 slp\n|-damage|p2a: Moon Sl00t|69\/100 slp\n|-damage|p2a: Moon Sl00t|60\/100 slp\n|-hitcount|p2a: Moon Sl00t|5\n|cant|p2a: Moon Sl00t|slp\n|\n|upkeep\n|turn|6\n|\n|t:|1700957649\n|move|p1a: Ryokugyu|Bullet Seed|p2a: Moon Sl00t\n|-damage|p2a: Moon Sl00t|53\/100 slp\n|-damage|p2a: Moon Sl00t|45\/100 slp\n|-damage|p2a: Moon Sl00t|36\/100 slp\n|-damage|p2a: Moon Sl00t|29\/100 slp\n|-hitcount|p2a: Moon Sl00t|4\n|cant|p2a: Moon Sl00t|slp\n|\n|upkeep\n|turn|7\n|\n|t:|1700957662\n|move|p1a: Ryokugyu|Bullet Seed|p2a: Moon Sl00t\n|-crit|p2a: Moon Sl00t\n|-damage|p2a: Moon Sl00t|4\/100 slp\n|-damage|p2a: Moon Sl00t|0 fnt\n|faint|p2a: Moon Sl00t\n|-hitcount|p2: Moon Sl00t|2\n|\n|-sideend|p2: jacob--boomer|Reflect\n|upkeep\n|\n|t:|1700957669\n|switch|p2a: Zuko|Chi-Yu|100\/100\n|-ability|p2a: Zuko|Beads of Ruin\n|turn|8\n|\n|t:|1700957694\n|move|p1a: Ryokugyu|Mach Punch|p2a: Zuko\n|-supereffective|p2a: Zuko\n|-damage|p2a: Zuko|0 fnt\n|faint|p2a: Zuko\n|\n|upkeep\n|\n|t:|1700957765\n|switch|p2a: Ms. Jackson|Eelektross, F|100\/100\n|turn|9\n|\n|t:|1700957779\n|move|p1a: Ryokugyu|Spore|p2a: Ms. Jackson\n|-status|p2a: Ms. Jackson|slp|[from] move: Spore\n|cant|p2a: Ms. Jackson|slp\n|\n|upkeep\n|turn|10\n|\n|t:|1700957791\n|move|p1a: Ryokugyu|Bullet Seed|p2a: Ms. Jackson\n|-damage|p2a: Ms. Jackson|83\/100 slp\n|-damage|p2a: Ms. Jackson|68\/100 slp\n|-damage|p2a: Ms. Jackson|51\/100 slp\n|-damage|p2a: Ms. Jackson|34\/100 slp\n|-hitcount|p2a: Ms. Jackson|4\n|-curestatus|p2a: Ms. Jackson|slp|[msg]\n|move|p2a: Ms. Jackson|Thunder Punch|p1a: Ryokugyu\n|-resisted|p1a: Ryokugyu\n|-end|p1a: Ryokugyu|Substitute\n|\n|upkeep\n|turn|11\n|\n|t:|1700957857\n|move|p1a: Ryokugyu|Spore|p2a: Ms. Jackson\n|-status|p2a: Ms. Jackson|slp|[from] move: Spore\n|cant|p2a: Ms. Jackson|slp\n|\n|upkeep\n|turn|12\n|\n|t:|1700957864\n|move|p1a: Ryokugyu|Substitute|p1a: Ryokugyu\n|-start|p1a: Ryokugyu|Substitute\n|-damage|p1a: Ryokugyu|51\/100\n|cant|p2a: Ms. Jackson|slp\n|\n|upkeep\n|turn|13\n|\n|t:|1700957871\n|move|p1a: Ryokugyu|Bullet Seed|p2a: Ms. Jackson\n|-damage|p2a: Ms. Jackson|16\/100 slp\n|-damage|p2a: Ms. Jackson|0 fnt\n|faint|p2a: Ms. Jackson\n|-hitcount|p2: Ms. Jackson|2\n|\n|upkeep\n|\n|t:|1700957934\n|switch|p2a: Taco Bell|Bronzong|100\/100\n|turn|14\n|\n|t:|1700957941\n|move|p1a: Ryokugyu|Spore|p2a: Taco Bell\n|-status|p2a: Taco Bell|slp|[from] move: Spore\n|cant|p2a: Taco Bell|slp\n|\n|upkeep\n|turn|15\n|\n|t:|1700957948\n|move|p1a: Ryokugyu|Bullet Seed|p2a: Taco Bell\n|-resisted|p2a: Taco Bell\n|-crit|p2a: Taco Bell\n|-damage|p2a: Taco Bell|88\/100 slp\n|-resisted|p2a: Taco Bell\n|-damage|p2a: Taco Bell|79\/100 slp\n|-resisted|p2a: Taco Bell\n|-damage|p2a: Taco Bell|71\/100 slp\n|-resisted|p2a: Taco Bell\n|-damage|p2a: Taco Bell|63\/100 slp\n|-hitcount|p2a: Taco Bell|4\n|cant|p2a: Taco Bell|slp\n|\n|upkeep\n|turn|16\n|\n|t:|1700957965\n|move|p1a: Ryokugyu|Bullet Seed|p2a: Taco Bell\n|-resisted|p2a: Taco Bell\n|-damage|p2a: Taco Bell|54\/100 slp\n|-resisted|p2a: Taco Bell\n|-damage|p2a: Taco Bell|45\/100 slp\n|-resisted|p2a: Taco Bell\n|-damage|p2a: Taco Bell|37\/100 slp\n|-resisted|p2a: Taco Bell\n|-damage|p2a: Taco Bell|28\/100 slp\n|-resisted|p2a: Taco Bell\n|-damage|p2a: Taco Bell|19\/100 slp\n|-hitcount|p2a: Taco Bell|5\n|-curestatus|p2a: Taco Bell|slp|[msg]\n|move|p2a: Taco Bell|Psychic|p1a: Ryokugyu\n|-supereffective|p1a: Ryokugyu\n|-end|p1a: Ryokugyu|Substitute\n|\n|upkeep\n|turn|17\n|\n|t:|1700957982\n|move|p1a: Ryokugyu|Spore|p2a: Taco Bell\n|-status|p2a: Taco Bell|slp|[from] move: Spore\n|cant|p2a: Taco Bell|slp\n|\n|upkeep\n|turn|18\n|\n|t:|1700957988\n|move|p1a: Ryokugyu|Substitute|p1a: Ryokugyu\n|-start|p1a: Ryokugyu|Substitute\n|-damage|p1a: Ryokugyu|26\/100\n|cant|p2a: Taco Bell|slp\n|\n|upkeep\n|turn|19\n|\n|t:|1700957994\n|move|p1a: Ryokugyu|Bullet Seed|p2a: Taco Bell\n|-resisted|p2a: Taco Bell\n|-damage|p2a: Taco Bell|10\/100 slp\n|-resisted|p2a: Taco Bell\n|-damage|p2a: Taco Bell|1\/100 slp\n|-resisted|p2a: Taco Bell\n|-damage|p2a: Taco Bell|0 fnt\n|faint|p2a: Taco Bell\n|-hitcount|p2: Taco Bell|3\n|\n|upkeep\n|\n|t:|1700958026\n|switch|p2a: Manny|Mamoswine, M|100\/100\n|turn|20\n|\n|t:|1700958035\n|move|p2a: Manny|Ice Shard|p1a: Ryokugyu\n|-supereffective|p1a: Ryokugyu\n|-end|p1a: Ryokugyu|Substitute\n|move|p1a: Ryokugyu|Bullet Seed|p2a: Manny\n|-supereffective|p2a: Manny\n|-damage|p2a: Manny|65\/100\n|-supereffective|p2a: Manny\n|-damage|p2a: Manny|30\/100\n|-supereffective|p2a: Manny\n|-damage|p2a: Manny|0 fnt\n|faint|p2a: Manny\n|-hitcount|p2: Manny|3\n|\n|upkeep\n|c|\u2606jacob--boomer|i hate it here\n|c|\u2606stonehandsmagee|mushroom\n|\n|t:|1700958055\n|switch|p2a: Camie|Milotic, M|100\/100\n|turn|21\n|\n|t:|1700958066\n|move|p1a: Ryokugyu|Bullet Seed|p2a: Camie\n|-supereffective|p2a: Camie\n|-damage|p2a: Camie|73\/100\n|-supereffective|p2a: Camie\n|-damage|p2a: Camie|40\/100\n|-supereffective|p2a: Camie\n|-damage|p2a: Camie|13\/100\n|-supereffective|p2a: Camie\n|-damage|p2a: Camie|0 fnt\n|faint|p2a: Camie\n|-hitcount|p2: Camie|4\n|\n|win|stonehandsmagee\n|c| DrChillMD|Not a 6-0 we love that\n|c|\u2606jacob--boomer|Feels bad\n|l| DrChillMD\n","uploadtime":1700958154,"views":17,"p1id":"stonehandsmagee","p2id":"jacobboomer","formatid":"gen9ubers","rating":0,"private":0,"password":""}