{"id":"gen9ubers-1985666381","p1":"MeteorAsh15","p2":"DreepySlaver","format":"[Gen 9] Ubers","log":"|j|\u2606MeteorAsh15\n|j|\u2606DreepySlaver\n|t:|1699393816\n|gametype|singles\n|player|p1|MeteorAsh15|266|1326\n|player|p2|DreepySlaver|pryce|1132\n|teamsize|p1|6\n|teamsize|p2|6\n|gen|9\n|tier|[Gen 9] Ubers\n|rated|\n|rule|Sleep Clause Mod: Limit one foe put to sleep\n|rule|Species Clause: Limit one of each Pok\u00e9mon\n|rule|OHKO Clause: OHKO moves are banned\n|rule|Evasion Items Clause: Evasion items are banned\n|rule|Evasion Moves Clause: Evasion moves are banned\n|rule|Endless Battle Clause: Forcing endless battles is banned\n|rule|HP Percentage Mod: HP is shown in percentages\n|clearpoke\n|poke|p1|Baxcalibur, F|\n|poke|p1|Ninetales-Alola, F|\n|poke|p1|Koraidon|\n|poke|p1|Zacian-*|\n|poke|p1|Tornadus, M|\n|poke|p1|Ribombee, F|\n|poke|p2|Kyogre|\n|poke|p2|Koraidon|\n|poke|p2|Zacian-*|\n|poke|p2|Miraidon|\n|poke|p2|Mewtwo|\n|poke|p2|Walking Wake|\n|teampreview\n|inactive|Battle timer is ON: inactive players will automatically lose when time's up. (requested by MeteorAsh15)\n|\n|t:|1699393822\n|start\n|switch|p1a: Ribombee|Ribombee, F, shiny|100\/100\n|switch|p2a: Koraidon|Koraidon|100\/100\n|-weather|SunnyDay|[from] ability: Orichalcum Pulse|[of] p2a: Koraidon\n|-activate|p2a: Koraidon|Orichalcum Pulse|[source]\n|turn|1\n|\n|t:|1699393830\n|move|p2a: Koraidon|Flare Blitz|p1a: Ribombee\n|-supereffective|p1a: Ribombee\n|-enditem|p1a: Ribombee|Focus Sash\n|-damage|p1a: Ribombee|1\/100\n|-damage|p2a: Koraidon|75\/100|[from] Recoil\n|move|p1a: Ribombee|Sticky Web|p2a: Koraidon\n|-sidestart|p2: DreepySlaver|move: Sticky Web\n|\n|-weather|SunnyDay|[upkeep]\n|upkeep\n|turn|2\n|\n|t:|1699393839\n|move|p2a: Koraidon|Flare Blitz|p1a: Ribombee\n|-supereffective|p1a: Ribombee\n|-damage|p1a: Ribombee|0 fnt\n|faint|p1a: Ribombee\n|-damage|p2a: Koraidon|75\/100|[from] Recoil\n|\n|-weather|SunnyDay|[upkeep]\n|upkeep\n|\n|t:|1699393850\n|switch|p1a: Zacian|Zacian-Crowned, shiny|100\/100\n|-ability|p1a: Zacian|Intrepid Sword|boost\n|-boost|p1a: Zacian|atk|1\n|turn|3\n|\n|t:|1699393854\n|-terastallize|p2a: Koraidon|Fire\n|move|p2a: Koraidon|Flare Blitz|p1a: Zacian\n|-supereffective|p1a: Zacian\n|-crit|p1a: Zacian\n|-damage|p1a: Zacian|0 fnt\n|faint|p1a: Zacian\n|-damage|p2a: Koraidon|43\/100|[from] Recoil\n|\n|-weather|SunnyDay|[upkeep]\n|upkeep\n|\n|t:|1699393865\n|switch|p1a: Tornadus|Tornadus, M, shiny|100\/100\n|turn|4\n|\n|t:|1699393869\n|move|p1a: Tornadus|Tailwind|p1a: Tornadus\n|-sidestart|p1: MeteorAsh15|move: Tailwind\n|move|p2a: Koraidon|Flare Blitz|p1a: Tornadus\n|-damage|p1a: Tornadus|0 fnt\n|faint|p1a: Tornadus\n|-damage|p2a: Koraidon|14\/100|[from] Recoil\n|\n|-weather|SunnyDay|[upkeep]\n|upkeep\n|\n|t:|1699393879\n|switch|p1a: Koraidon|Koraidon|100\/100\n|-activate|p1a: Koraidon|ability: Orichalcum Pulse\n|turn|5\n|\n|t:|1699393886\n|move|p1a: Koraidon|Collision Course|p2a: Koraidon\n|-damage|p2a: Koraidon|0 fnt\n|faint|p2a: Koraidon\n|\n|-weather|none\n|upkeep\n|\n|t:|1699393892\n|switch|p2a: Walking Wake|Walking Wake|100\/100\n|-activate|p2a: Walking Wake|move: Sticky Web\n|-unboost|p2a: Walking Wake|spe|1\n|turn|6\n|\n|t:|1699393897\n|move|p1a: Koraidon|Dragon Claw|p2a: Walking Wake\n|-supereffective|p2a: Walking Wake\n|-damage|p2a: Walking Wake|0 fnt\n|faint|p2a: Walking Wake\n|-end|p2a: Walking Wake|Protosynthesis|[silent]\n|\n|upkeep\n|\n|t:|1699393902\n|switch|p2a: Mewtwo|Mewtwo|100\/100\n|-activate|p2a: Mewtwo|move: Sticky Web\n|-unboost|p2a: Mewtwo|spe|1\n|-ability|p2a: Mewtwo|Pressure\n|turn|7\n|\n|t:|1699393911\n|move|p1a: Koraidon|Flare Blitz|p2a: Mewtwo\n|-damage|p2a: Mewtwo|61\/100\n|-damage|p1a: Koraidon|84\/100|[from] Recoil\n|move|p2a: Mewtwo|Will-O-Wisp|p1a: Koraidon\n|-status|p1a: Koraidon|brn\n|\n|-heal|p2a: Mewtwo|67\/100|[from] item: Leftovers\n|-damage|p1a: Koraidon|78\/100 brn|[from] brn\n|-sideend|p1: MeteorAsh15|move: Tailwind\n|upkeep\n|turn|8\n|\n|t:|1699393922\n|move|p1a: Koraidon|Dragon Claw|p2a: Mewtwo\n|-damage|p2a: Mewtwo|48\/100\n|move|p2a: Mewtwo|Recover|p2a: Mewtwo\n|-heal|p2a: Mewtwo|98\/100\n|\n|-heal|p2a: Mewtwo|100\/100|[from] item: Leftovers\n|-damage|p1a: Koraidon|72\/100 brn|[from] brn\n|upkeep\n|turn|9\n|\n|t:|1699393934\n|move|p1a: Koraidon|Dragon Claw|p2a: Mewtwo\n|-damage|p2a: Mewtwo|81\/100\n|move|p2a: Mewtwo|Psystrike|p1a: Koraidon\n|-supereffective|p1a: Koraidon\n|-damage|p1a: Koraidon|0 fnt\n|faint|p1a: Koraidon\n|\n|-heal|p2a: Mewtwo|87\/100|[from] item: Leftovers\n|upkeep\n|\n|t:|1699393945\n|switch|p1a: Ninetales|Ninetales-Alola, F|100\/100\n|-weather|Snow|[from] ability: Snow Warning|[of] p1a: Ninetales\n|turn|10\n|\n|t:|1699393949\n|move|p1a: Ninetales|Aurora Veil|p1a: Ninetales\n|-sidestart|p1: MeteorAsh15|move: Aurora Veil\n|move|p2a: Mewtwo|Taunt|p1a: Ninetales\n|-start|p1a: Ninetales|move: Taunt\n|\n|-weather|Snow|[upkeep]\n|-heal|p2a: Mewtwo|93\/100|[from] item: Leftovers\n|upkeep\n|turn|11\n|\n|t:|1699393958\n|switch|p1a: Baxcalibur|Baxcalibur, F|100\/100\n|move|p2a: Mewtwo|Will-O-Wisp|p1a: Baxcalibur\n|-immune|p1a: Baxcalibur|[from] ability: Thermal Exchange\n|\n|-weather|Snow|[upkeep]\n|-heal|p2a: Mewtwo|99\/100|[from] item: Leftovers\n|upkeep\n|turn|12\n|\n|t:|1699393967\n|move|p1a: Baxcalibur|Swords Dance|p1a: Baxcalibur\n|-boost|p1a: Baxcalibur|atk|2\n|move|p2a: Mewtwo|Taunt|p1a: Baxcalibur\n|-start|p1a: Baxcalibur|move: Taunt\n|\n|-weather|Snow|[upkeep]\n|-heal|p2a: Mewtwo|100\/100|[from] item: Leftovers\n|upkeep\n|turn|13\n|\n|t:|1699393976\n|move|p1a: Baxcalibur|Scale Shot|p2a: Mewtwo\n|-damage|p2a: Mewtwo|76\/100\n|-damage|p2a: Mewtwo|50\/100\n|-damage|p2a: Mewtwo|23\/100\n|-damage|p2a: Mewtwo|0 fnt\n|faint|p2a: Mewtwo\n|-hitcount|p2: Mewtwo|4\n|-unboost|p1a: Baxcalibur|def|1\n|-boost|p1a: Baxcalibur|spe|1\n|\n|-weather|Snow|[upkeep]\n|upkeep\n|\n|t:|1699393988\n|switch|p2a: Zacian|Zacian-Crowned|100\/100\n|-activate|p2a: Zacian|move: Sticky Web\n|-unboost|p2a: Zacian|spe|1\n|-ability|p2a: Zacian|Intrepid Sword|boost\n|-boost|p2a: Zacian|atk|1\n|turn|14\n|\n|t:|1699393994\n|move|p1a: Baxcalibur|Earthquake|p2a: Zacian\n|-supereffective|p2a: Zacian\n|-damage|p2a: Zacian|0 fnt\n|faint|p2a: Zacian\n|\n|-weather|none\n|upkeep\n|\n|t:|1699394001\n|switch|p2a: Kyogre|Kyogre|100\/100\n|-activate|p2a: Kyogre|move: Sticky Web\n|-unboost|p2a: Kyogre|spe|1\n|-weather|RainDance|[from] ability: Drizzle|[of] p2a: Kyogre\n|turn|15\n|\n|t:|1699394008\n|move|p1a: Baxcalibur|Scale Shot|p2a: Kyogre\n|-damage|p2a: Kyogre|72\/100\n|-damage|p2a: Kyogre|43\/100\n|-damage|p2a: Kyogre|11\/100\n|-damage|p2a: Kyogre|0 fnt\n|faint|p2a: Kyogre\n|-hitcount|p2: Kyogre|4\n|-unboost|p1a: Baxcalibur|def|1\n|-boost|p1a: Baxcalibur|spe|1\n|\n|-weather|RainDance|[upkeep]\n|-end|p1a: Baxcalibur|move: Taunt\n|upkeep\n|\n|t:|1699394019\n|switch|p2a: Miraidon|Miraidon|100\/100\n|-activate|p2a: Miraidon|move: Sticky Web\n|-unboost|p2a: Miraidon|spe|1\n|-fieldstart|move: Electric Terrain|[from] ability: Hadron Engine|[of] p2a: Miraidon\n|turn|16\n|\n|t:|1699394026\n|-terastallize|p1a: Baxcalibur|Ground\n|move|p1a: Baxcalibur|Icicle Spear|p2a: Miraidon\n|-supereffective|p2a: Miraidon\n|-damage|p2a: Miraidon|42\/100\n|-supereffective|p2a: Miraidon\n|-damage|p2a: Miraidon|0 fnt\n|faint|p2a: Miraidon\n|-hitcount|p2: Miraidon|2\n|\n|win|MeteorAsh15\n|raw|MeteorAsh15's rating: 1326 &rarr; <strong>1336<\/strong><br \/>(+10 for winning)\n|raw|DreepySlaver's rating: 1132 &rarr; <strong>1120<\/strong><br \/>(-12 for losing)\n|l|\u2606DreepySlaver\n","uploadtime":1699394052,"views":4,"p1id":"meteorash15","p2id":"dreepyslaver","formatid":"gen9ubers","rating":1120,"private":0,"password":""}