{"id":"gen9ubers-1982754315","p1":"Cudqo\u273f \u2661","p2":"DogBonesX","format":"[Gen 9] Ubers","log":"|j|\u2606Cudqo\u273f \u2661\n|j|\u2606DogBonesX\n|t:|1699041743\n|gametype|singles\n|player|p1|Cudqo\u273f \u2661|acetrainercouple|1028\n|player|p2|DogBonesX|cynthia|1059\n|teamsize|p1|6\n|teamsize|p2|6\n|gen|9\n|tier|[Gen 9] Ubers\n|rated|\n|rule|Sleep Clause Mod: Limit one foe put to sleep\n|rule|Species Clause: Limit one of each Pok\u00e9mon\n|rule|OHKO Clause: OHKO moves are banned\n|rule|Evasion Items Clause: Evasion items are banned\n|rule|Evasion Moves Clause: Evasion moves are banned\n|rule|Endless Battle Clause: Forcing endless battles is banned\n|rule|HP Percentage Mod: HP is shown in percentages\n|clearpoke\n|poke|p1|Spectrier|\n|poke|p1|Flapple, M|\n|poke|p1|Arcanine, F|\n|poke|p1|Dachsbun, F|\n|poke|p1|Kleavor, F|\n|poke|p1|Gliscor, F|\n|poke|p2|Dragonite, F|\n|poke|p2|Baxcalibur, M|\n|poke|p2|Dragapult, F|\n|poke|p2|Goodra-Hisui, M|\n|poke|p2|Dragalge, M|\n|poke|p2|Roaring Moon|\n|teampreview\n|inactive|Battle timer is ON: inactive players will automatically lose when time's up. (requested by Cudqo\u273f \u2661)\n|\n|t:|1699041751\n|start\n|switch|p1a: pissed off rock|Kleavor, F, shiny|100\/100\n|switch|p2a: Dragalge|Dragalge, M|100\/100\n|turn|1\n|\n|t:|1699041765\n|move|p1a: pissed off rock|Stone Axe|p2a: Dragalge\n|-damage|p2a: Dragalge|44\/100\n|-sidestart|p2: DogBonesX|move: Stealth Rock\n|move|p2a: Dragalge|Toxic Spikes|p1a: pissed off rock\n|-sidestart|p1: Cudqo\u273f \u2661|move: Toxic Spikes\n|\n|-heal|p2a: Dragalge|50\/100|[from] item: Black Sludge\n|upkeep\n|turn|2\n|\n|t:|1699041773\n|move|p1a: pissed off rock|Stone Axe|p2a: Dragalge\n|-damage|p2a: Dragalge|0 fnt\n|faint|p2a: Dragalge\n|\n|upkeep\n|\n|t:|1699041786\n|switch|p2a: Dragonite|Dragonite, F|100\/100\n|-damage|p2a: Dragonite|76\/100|[from] Stealth Rock\n|turn|3\n|\n|t:|1699041799\n|move|p1a: pissed off rock|Stone Axe|p2a: Dragonite\n|-supereffective|p2a: Dragonite\n|-damage|p2a: Dragonite|0 fnt\n|faint|p2a: Dragonite\n|\n|upkeep\n|\n|t:|1699041804\n|switch|p2a: Roaring Moon|Roaring Moon|100\/100\n|-damage|p2a: Roaring Moon|88\/100|[from] Stealth Rock\n|-enditem|p2a: Roaring Moon|Booster Energy\n|-activate|p2a: Roaring Moon|ability: Protosynthesis|[fromitem]\n|-start|p2a: Roaring Moon|protosynthesisatk\n|turn|4\n|\n|t:|1699041812\n|move|p1a: pissed off rock|Stone Axe|p2a: Roaring Moon\n|-damage|p2a: Roaring Moon|26\/100\n|move|p2a: Roaring Moon|Dragon Dance|p2a: Roaring Moon\n|-boost|p2a: Roaring Moon|atk|1\n|-boost|p2a: Roaring Moon|spe|1\n|\n|upkeep\n|turn|5\n|\n|t:|1699041823\n|move|p2a: Roaring Moon|Knock Off|p1a: pissed off rock\n|-damage|p1a: pissed off rock|0 fnt\n|-enditem|p1a: pissed off rock|Choice Scarf|[from] move: Knock Off|[of] p2a: Roaring Moon\n|faint|p1a: pissed off rock\n|\n|upkeep\n|\n|t:|1699041829\n|switch|p1a: batman|Gliscor, F, shiny|100\/100\n|turn|6\n|\n|t:|1699041837\n|move|p2a: Roaring Moon|Knock Off|p1a: batman\n|-damage|p1a: batman|41\/100\n|-enditem|p1a: batman|Toxic Orb|[from] move: Knock Off|[of] p2a: Roaring Moon\n|move|p1a: batman|Facade|p2a: Roaring Moon\n|-damage|p2a: Roaring Moon|6\/100\n|\n|upkeep\n|turn|7\n|\n|t:|1699041851\n|switch|p1a: horsey|Spectrier|100\/100\n|-status|p1a: horsey|psn\n|-terastallize|p2a: Roaring Moon|Flying\n|move|p2a: Roaring Moon|Acrobatics|p1a: horsey\n|-damage|p1a: horsey|0 fnt\n|faint|p1a: horsey\n|\n|upkeep\n|\n|t:|1699041856\n|switch|p1a: batman|Gliscor, F, shiny|41\/100\n|turn|8\n|\n|t:|1699041862\n|move|p1a: batman|Protect|p1a: batman\n|-singleturn|p1a: batman|Protect\n|move|p2a: Roaring Moon|Acrobatics|p1a: batman\n|-activate|p1a: batman|move: Protect\n|\n|upkeep\n|turn|9\n|\n|t:|1699041871\n|switch|p1a: fire dog|Arcanine, F, shiny|100\/100\n|-ability|p1a: fire dog|Intimidate|boost\n|-unboost|p2a: Roaring Moon|atk|1\n|move|p2a: Roaring Moon|Acrobatics|p1a: fire dog\n|-damage|p1a: fire dog|0 fnt\n|faint|p1a: fire dog\n|\n|upkeep\n|\n|t:|1699041879\n|switch|p1a: apple|Flapple, M, shiny|100\/100\n|-status|p1a: apple|psn\n|turn|10\n|\n|t:|1699041883\n|move|p1a: apple|Sucker Punch|p2a: Roaring Moon\n|-damage|p2a: Roaring Moon|0 fnt\n|faint|p2a: Roaring Moon\n|-end|p2a: Roaring Moon|Protosynthesis|[silent]\n|\n|-damage|p1a: apple|88\/100 psn|[from] psn\n|upkeep\n|\n|t:|1699041889\n|switch|p2a: Dragapult|Dragapult, F|100\/100\n|-damage|p2a: Dragapult|88\/100|[from] Stealth Rock\n|turn|11\n|\n|t:|1699041894\n|move|p1a: apple|Sucker Punch|p2a: Dragapult|[miss]\n|-miss|p1a: apple|p2a: Dragapult\n|move|p2a: Dragapult|Fire Blast|p1a: apple\n|-damage|p1a: apple|0 fnt\n|faint|p1a: apple\n|\n|upkeep\n|\n|t:|1699041899\n|switch|p1a: other fire dog|Dachsbun, F, shiny|100\/100\n|-status|p1a: other fire dog|psn\n|turn|12\n|\n|t:|1699041905\n|move|p2a: Dragapult|Fire Blast|p1a: other fire dog\n|-ability|p1a: other fire dog|Well-Baked Body|boost\n|-boost|p1a: other fire dog|def|2\n|move|p1a: other fire dog|Play Rough|p2a: Dragapult\n|-supereffective|p2a: Dragapult\n|-crit|p2a: Dragapult\n|-damage|p2a: Dragapult|0 fnt\n|faint|p2a: Dragapult\n|\n|-damage|p1a: other fire dog|88\/100 psn|[from] psn\n|upkeep\n|\n|t:|1699041914\n|switch|p2a: Goodra|Goodra-Hisui, M|100\/100\n|-damage|p2a: Goodra|94\/100|[from] Stealth Rock\n|turn|13\n|\n|t:|1699041921\n|move|p1a: other fire dog|Body Press|p2a: Goodra\n|-supereffective|p2a: Goodra\n|-damage|p2a: Goodra|0 fnt\n|faint|p2a: Goodra\n|\n|-damage|p1a: other fire dog|76\/100 psn|[from] psn\n|upkeep\n|-message|DogBonesX forfeited.\n|\n|win|Cudqo\u273f \u2661\n|raw|Cudqo\u273f \u2661's rating: 1028 &rarr; <strong>1067<\/strong><br \/>(+39 for winning)\n|raw|DogBonesX's rating: 1059 &rarr; <strong>1038<\/strong><br \/>(-21 for losing)\n|l|\u2606DogBonesX\n","uploadtime":1699041949,"views":4,"p1id":"cudqo","p2id":"dogbonesx","formatid":"gen9ubers","rating":1038,"private":0,"password":""}