{"id":"gen9ubers-1976323946","p1":"Nitro524","p2":"Classy Crook","format":"[Gen 9] Ubers","log":"|j|\u2606Nitro524\n|j|\u2606Classy Crook\n|t:|1698286674\n|gametype|singles\n|player|p1|Nitro524|170|\n|player|p2|Classy Crook|may-masters|\n|teamsize|p1|6\n|teamsize|p2|6\n|gen|9\n|tier|[Gen 9] Ubers\n|rule|Sleep Clause Mod: Limit one foe put to sleep\n|rule|Species Clause: Limit one of each Pok\u00e9mon\n|rule|OHKO Clause: OHKO moves are banned\n|rule|Evasion Items Clause: Evasion items are banned\n|rule|Evasion Moves Clause: Evasion moves are banned\n|rule|Endless Battle Clause: Forcing endless battles is banned\n|rule|HP Percentage Mod: HP is shown in percentages\n|clearpoke\n|poke|p1|Torkoal, F|\n|poke|p1|Chi-Yu|\n|poke|p1|Cyclizar, F|\n|poke|p1|Magearna|\n|poke|p1|Roaring Moon|\n|poke|p1|Walking Wake|\n|poke|p2|Landorus, M|\n|poke|p2|Palkia|\n|poke|p2|Espathra, F|\n|poke|p2|Arceus-Fighting|\n|poke|p2|Rillaboom, M|\n|poke|p2|Spectrier|\n|teampreview\n|c|\u2606Nitro524|glhf!\n|\n|t:|1698286746\n|start\n|switch|p1a: Torkoal|Torkoal, F|100\/100\n|switch|p2a: Rillaboom|Rillaboom, M|100\/100\n|-fieldstart|move: Grassy Terrain|[from] ability: Grassy Surge|[of] p2a: Rillaboom\n|-weather|SunnyDay|[from] ability: Drought|[of] p1a: Torkoal\n|turn|1\n|\n|t:|1698286768\n|move|p2a: Rillaboom|Fake Out|p1a: Torkoal\n|-damage|p1a: Torkoal|92\/100\n|cant|p1a: Torkoal|flinch\n|\n|-weather|SunnyDay|[upkeep]\n|-heal|p1a: Torkoal|98\/100|[from] Grassy Terrain\n|upkeep\n|turn|2\n|c|\u2606Classy Crook|you too!\n|\n|t:|1698286812\n|move|p2a: Rillaboom|U-turn|p1a: Torkoal\n|-resisted|p1a: Torkoal\n|-damage|p1a: Torkoal|90\/100\n|\n|t:|1698286816\n|switch|p2a: Palkia|Palkia|100\/100|[from] U-turn\n|-ability|p2a: Palkia|Pressure\n|move|p1a: Torkoal|Yawn|p2a: Palkia\n|-start|p2a: Palkia|move: Yawn|[of] p1a: Torkoal\n|\n|-weather|SunnyDay|[upkeep]\n|-heal|p1a: Torkoal|96\/100|[from] Grassy Terrain\n|upkeep\n|turn|3\n|\n|t:|1698286835\n|switch|p2a: Landorus|Landorus, M|100\/100\n|switch|p1a: Magearna|Magearna|100\/100\n|\n|-weather|SunnyDay|[upkeep]\n|upkeep\n|turn|4\n|\n|t:|1698286847\n|move|p2a: Landorus|Rain Dance|p2a: Landorus\n|-weather|RainDance\n|move|p1a: Magearna|Iron Defense|p1a: Magearna\n|-boost|p1a: Magearna|def|2\n|\n|-weather|RainDance|[upkeep]\n|upkeep\n|turn|5\n|\n|t:|1698286855\n|move|p2a: Landorus|Sandsear Storm|p1a: Magearna\n|-supereffective|p1a: Magearna\n|-damage|p1a: Magearna|0 fnt\n|faint|p1a: Magearna\n|\n|-weather|RainDance|[upkeep]\n|upkeep\n|\n|t:|1698286860\n|switch|p1a: Walking Wake|Walking Wake|100\/100\n|turn|6\n|\n|t:|1698286877\n|switch|p2a: Rillaboom|Rillaboom, M|100\/100\n|move|p1a: Walking Wake|Hydro Steam|p2a: Rillaboom\n|-resisted|p2a: Rillaboom\n|-damage|p2a: Rillaboom|57\/100\n|\n|-weather|RainDance|[upkeep]\n|-heal|p2a: Rillaboom|63\/100|[from] Grassy Terrain\n|upkeep\n|turn|7\n|\n|t:|1698286887\n|move|p1a: Walking Wake|Hydro Steam|p2a: Rillaboom\n|-resisted|p2a: Rillaboom\n|-damage|p2a: Rillaboom|20\/100\n|move|p2a: Rillaboom|Taunt|p1a: Walking Wake\n|-start|p1a: Walking Wake|move: Taunt\n|\n|-weather|RainDance|[upkeep]\n|-heal|p2a: Rillaboom|27\/100|[from] Grassy Terrain\n|upkeep\n|turn|8\n|\n|t:|1698286905\n|switch|p2a: Palkia|Palkia|100\/100\n|-ability|p2a: Palkia|Pressure\n|move|p1a: Walking Wake|Hydro Steam|p2a: Palkia\n|-resisted|p2a: Palkia\n|-damage|p2a: Palkia|79\/100\n|\n|-weather|none\n|-heal|p2a: Palkia|85\/100|[from] Grassy Terrain\n|-fieldend|move: Grassy Terrain\n|upkeep\n|turn|9\n|\n|t:|1698286918\n|-end|p1a: Walking Wake|Protosynthesis|[silent]\n|switch|p1a: Torkoal|Torkoal, F|96\/100\n|-weather|SunnyDay|[from] ability: Drought|[of] p1a: Torkoal\n|move|p2a: Palkia|Draco Meteor|p1a: Torkoal\n|-damage|p1a: Torkoal|0 fnt\n|-unboost|p2a: Palkia|spa|2\n|faint|p1a: Torkoal\n|\n|-weather|SunnyDay|[upkeep]\n|upkeep\n|\n|t:|1698286921\n|switch|p1a: Cyclizar|Cyclizar, F|100\/100\n|turn|10\n|\n|t:|1698286934\n|move|p2a: Palkia|Draco Meteor|p1a: Cyclizar\n|-supereffective|p1a: Cyclizar\n|-damage|p1a: Cyclizar|0 fnt\n|-unboost|p2a: Palkia|spa|2\n|faint|p1a: Cyclizar\n|\n|-weather|SunnyDay|[upkeep]\n|upkeep\n|\n|t:|1698286938\n|switch|p1a: Walking Wake|Walking Wake|100\/100\n|-activate|p1a: Walking Wake|ability: Protosynthesis\n|-start|p1a: Walking Wake|protosynthesisspe\n|turn|11\n|\n|t:|1698286946\n|switch|p2a: Rillaboom|Rillaboom, M|27\/100\n|-fieldstart|move: Grassy Terrain|[from] ability: Grassy Surge|[of] p2a: Rillaboom\n|-terastallize|p1a: Walking Wake|Fairy\n|move|p1a: Walking Wake|Tera Blast|p2a: Rillaboom|[anim] Tera Blast Fairy\n|-damage|p2a: Rillaboom|0 fnt\n|faint|p2a: Rillaboom\n|\n|-weather|SunnyDay|[upkeep]\n|upkeep\n|\n|t:|1698286962\n|switch|p2a: Sia|Espathra, F|100\/100\n|turn|12\n|c|\u2606Nitro524|ha nice name\n|\n|t:|1698286976\n|move|p1a: Walking Wake|Tera Blast|p2a: Sia|[anim] Tera Blast Fairy\n|-damage|p2a: Sia|11\/100\n|move|p2a: Sia|Roost|p2a: Sia\n|-heal|p2a: Sia|61\/100\n|-singleturn|p2a: Sia|move: Roost\n|\n|-weather|SunnyDay|[upkeep]\n|-heal|p2a: Sia|67\/100|[from] Grassy Terrain\n|-ability|p2a: Sia|Speed Boost|boost\n|-boost|p2a: Sia|spe|1\n|upkeep\n|turn|13\n|c|\u2606Classy Crook|thank you lol\n|\n|t:|1698286992\n|-terastallize|p2a: Sia|Steel\n|move|p1a: Walking Wake|Tera Blast|p2a: Sia|[anim] Tera Blast Fairy\n|-resisted|p2a: Sia\n|-damage|p2a: Sia|22\/100\n|move|p2a: Sia|Tera Blast|p1a: Walking Wake|[anim] Tera Blast Steel\n|-supereffective|p1a: Walking Wake\n|-damage|p1a: Walking Wake|9\/100\n|\n|-weather|SunnyDay|[upkeep]\n|-heal|p1a: Walking Wake|15\/100|[from] Grassy Terrain\n|-heal|p2a: Sia|28\/100|[from] Grassy Terrain\n|-ability|p2a: Sia|Speed Boost|boost\n|-boost|p2a: Sia|spe|1\n|upkeep\n|turn|14\n|\n|t:|1698287002\n|move|p2a: Sia|Tera Blast|p1a: Walking Wake|[anim] Tera Blast Steel\n|-supereffective|p1a: Walking Wake\n|-damage|p1a: Walking Wake|0 fnt\n|faint|p1a: Walking Wake\n|-end|p1a: Walking Wake|Protosynthesis|[silent]\n|\n|-weather|SunnyDay|[upkeep]\n|-heal|p2a: Sia|34\/100|[from] Grassy Terrain\n|-ability|p2a: Sia|Speed Boost|boost\n|-boost|p2a: Sia|spe|1\n|upkeep\n|\n|t:|1698287010\n|switch|p1a: Chi-Yu|Chi-Yu|100\/100\n|-ability|p1a: Chi-Yu|Beads of Ruin\n|turn|15\n|\n|t:|1698287027\n|move|p2a: Sia|Roost|p2a: Sia\n|-heal|p2a: Sia|84\/100\n|move|p1a: Chi-Yu|Flamethrower|p2a: Sia\n|-supereffective|p2a: Sia\n|-damage|p2a: Sia|0 fnt\n|faint|p2a: Sia\n|\n|-weather|SunnyDay|[upkeep]\n|upkeep\n|\n|t:|1698287039\n|switch|p2a: Arceus|Arceus-Fighting|100\/100\n|turn|16\n|\n|t:|1698287046\n|move|p1a: Chi-Yu|Flamethrower|p2a: Arceus\n|-damage|p2a: Arceus|25\/100\n|move|p2a: Arceus|Chilling Water|p1a: Chi-Yu\n|-supereffective|p1a: Chi-Yu\n|-damage|p1a: Chi-Yu|80\/100\n|-unboost|p1a: Chi-Yu|atk|1\n|\n|-weather|none\n|-heal|p1a: Chi-Yu|86\/100|[from] Grassy Terrain\n|-heal|p2a: Arceus|31\/100|[from] Grassy Terrain\n|upkeep\n|turn|17\n|\n|t:|1698287060\n|move|p1a: Chi-Yu|Flamethrower|p2a: Arceus\n|-damage|p2a: Arceus|0 fnt\n|faint|p2a: Arceus\n|\n|-heal|p1a: Chi-Yu|92\/100|[from] Grassy Terrain\n|upkeep\n|\n|t:|1698287071\n|switch|p2a: Landorus|Landorus, M|100\/100\n|turn|18\n|\n|t:|1698287083\n|move|p1a: Chi-Yu|Flamethrower|p2a: Landorus\n|-damage|p2a: Landorus|7\/100\n|move|p2a: Landorus|Sandsear Storm|p1a: Chi-Yu\n|-supereffective|p1a: Chi-Yu\n|-damage|p1a: Chi-Yu|0 fnt\n|faint|p1a: Chi-Yu\n|\n|-fieldend|move: Grassy Terrain\n|upkeep\n|\n|t:|1698287086\n|switch|p1a: Roaring Moon|Roaring Moon|100\/100\n|-enditem|p1a: Roaring Moon|Booster Energy\n|-activate|p1a: Roaring Moon|ability: Protosynthesis|[fromitem]\n|-start|p1a: Roaring Moon|protosynthesisspe\n|turn|19\n|\n|t:|1698287117\n|move|p1a: Roaring Moon|Knock Off|p2a: Landorus\n|-damage|p2a: Landorus|0 fnt\n|-enditem|p2a: Landorus|Life Orb|[from] move: Knock Off|[of] p1a: Roaring Moon\n|faint|p2a: Landorus\n|\n|upkeep\n|\n|t:|1698287144\n|switch|p2a: Palkia|Palkia|85\/100\n|-ability|p2a: Palkia|Pressure\n|turn|20\n|c|\u2606Classy Crook|I think I've lost lol\n|\n|t:|1698287176\n|move|p1a: Roaring Moon|Knock Off|p2a: Palkia\n|-damage|p2a: Palkia|31\/100\n|-enditem|p2a: Palkia|Choice Scarf|[from] move: Knock Off|[of] p1a: Roaring Moon\n|move|p2a: Palkia|Draco Meteor|p1a: Roaring Moon|[miss]\n|-miss|p2a: Palkia|p1a: Roaring Moon\n|\n|upkeep\n|turn|21\n|c|\u2606Nitro524|ggs\n|c|\u2606Nitro524|i like your team comp\n|c|\u2606Classy Crook|lmao now I've definetly lost\n|\n|t:|1698287195\n|move|p1a: Roaring Moon|Knock Off|p2a: Palkia\n|-damage|p2a: Palkia|0 fnt\n|faint|p2a: Palkia\n|\n|upkeep\n|\n|t:|1698287199\n|switch|p2a: Spectrier|Spectrier|100\/100\n|turn|22\n|c|\u2606Nitro524|definitely a little different from others i've seen lol\n|\n|t:|1698287205\n|move|p1a: Roaring Moon|Knock Off|p2a: Spectrier\n|-supereffective|p2a: Spectrier\n|-damage|p2a: Spectrier|0 fnt\n|-enditem|p2a: Spectrier|Choice Specs|[from] move: Knock Off|[of] p1a: Roaring Moon\n|faint|p2a: Spectrier\n|\n|win|Nitro524\n|c|\u2606Nitro524|ggs!\n|c|\u2606Nitro524|thanks for playing\n|c|\u2606Classy Crook|gg you too!\n|l|\u2606Classy Crook\n","uploadtime":1698287252,"views":20,"p1id":"nitro524","p2id":"classycrook","formatid":"gen9ubers","rating":0,"private":0,"password":""}