{"id":"gen9ubers-1994430589","p1":"yomaalt","p2":"pronerdgaming","format":"[Gen 9] Ubers","log":"|j|\u2606yomaalt\n|j|\u2606pronerdgaming\n|t:|1700443095\n|gametype|singles\n|player|p1|yomaalt|2|\n|player|p2|pronerdgaming|101|\n|teamsize|p1|6\n|teamsize|p2|6\n|gen|9\n|tier|[Gen 9] Ubers\n|rule|Sleep Clause Mod: Limit one foe put to sleep\n|rule|Species Clause: Limit one of each Pok\u00e9mon\n|rule|OHKO Clause: OHKO moves are banned\n|rule|Evasion Items Clause: Evasion items are banned\n|rule|Evasion Moves Clause: Evasion moves are banned\n|rule|Endless Battle Clause: Forcing endless battles is banned\n|rule|HP Percentage Mod: HP is shown in percentages\n|clearpoke\n|poke|p1|Dialga|\n|poke|p1|Zacian-*|\n|poke|p1|Chi-Yu|\n|poke|p1|Palkia-Origin|\n|poke|p1|Volcarona, F|\n|poke|p1|Rillaboom, M|\n|poke|p2|Arceus-Ice|\n|poke|p2|Magearna|\n|poke|p2|Zacian-*|\n|poke|p2|Espathra, F|\n|poke|p2|Cyclizar, M|\n|poke|p2|Sneasler, M|\n|teampreview\n|inactive|Battle timer is ON: inactive players will automatically lose when time's up. (requested by pronerdgaming)\n|c|\u2606yomaalt|ion wanna play anymore\n|\n|t:|1700443112\n|start\n|switch|p1a: Chi-Yu|Chi-Yu|100\/100\n|switch|p2a: Cyclizar|Cyclizar, M|100\/100\n|-ability|p1a: Chi-Yu|Beads of Ruin\n|turn|1\n|\n|t:|1700443119\n|move|p1a: Chi-Yu|Dark Pulse|p2a: Cyclizar\n|-damage|p2a: Cyclizar|19\/100\n|move|p2a: Cyclizar|Shed Tail|p2a: Cyclizar\n|-fail|p2a: Cyclizar|move: Shed Tail|[weak]\n|\n|upkeep\n|turn|2\n|\n|t:|1700443127\n|switch|p1a: Volcarona|Volcarona, F|100\/100\n|switch|p2a: Sneasler|Sneasler, M|100\/100\n|\n|upkeep\n|turn|3\n|\n|t:|1700443133\n|move|p2a: Sneasler|Dire Claw|p1a: Volcarona\n|-damage|p1a: Volcarona|25\/100\n|-status|p1a: Volcarona|psn\n|move|p1a: Volcarona|Quiver Dance|p1a: Volcarona\n|-boost|p1a: Volcarona|spa|1\n|-boost|p1a: Volcarona|spd|1\n|-boost|p1a: Volcarona|spe|1\n|\n|-damage|p1a: Volcarona|13\/100 psn|[from] psn\n|upkeep\n|turn|4\n|\n|t:|1700443138\n|move|p1a: Volcarona|Fiery Dance|p2a: Sneasler\n|-damage|p2a: Sneasler|17\/100\n|-boost|p1a: Volcarona|spa|1\n|move|p2a: Sneasler|Close Combat|p1a: Volcarona\n|-resisted|p1a: Volcarona\n|-damage|p1a: Volcarona|0 fnt\n|-unboost|p2a: Sneasler|def|1\n|-unboost|p2a: Sneasler|spd|1\n|-status|p2a: Sneasler|brn|[from] ability: Flame Body|[of] p1a: Volcarona\n|-enditem|p2a: Sneasler|White Herb\n|-clearnegativeboost|p2a: Sneasler|[silent]\n|faint|p1a: Volcarona\n|\n|-damage|p2a: Sneasler|11\/100 brn|[from] brn\n|upkeep\n|\n|t:|1700443142\n|switch|p1a: Rillaboom|Rillaboom, M|100\/100\n|-fieldstart|move: Grassy Terrain|[from] ability: Grassy Surge|[of] p1a: Rillaboom\n|turn|5\n|\n|t:|1700443149\n|switch|p2a: Magearna|Magearna|100\/100\n|move|p1a: Rillaboom|U-turn|p2a: Magearna\n|-resisted|p2a: Magearna\n|-damage|p2a: Magearna|93\/100\n|\n|t:|1700443152\n|switch|p1a: Chi-Yu|Chi-Yu|100\/100|[from] U-turn\n|-ability|p1a: Chi-Yu|Beads of Ruin\n|\n|-heal|p2a: Magearna|99\/100|[from] Grassy Terrain\n|-heal|p2a: Magearna|100\/100|[from] item: Leftovers\n|upkeep\n|turn|6\n|\n|t:|1700443165\n|switch|p2a: Sneasler|Sneasler, M|11\/100 brn\n|move|p1a: Chi-Yu|Flamethrower|p2a: Sneasler\n|-damage|p2a: Sneasler|0 fnt\n|faint|p2a: Sneasler\n|\n|upkeep\n|\n|t:|1700443175\n|switch|p2a: Zacian|Zacian|100\/100\n|-ability|p2a: Zacian|Intrepid Sword|boost\n|-boost|p2a: Zacian|atk|1\n|turn|7\n|\n|t:|1700443180\n|switch|p1a: Rillaboom|Rillaboom, M|100\/100\n|move|p2a: Zacian|Swords Dance|p2a: Zacian\n|-boost|p2a: Zacian|atk|2\n|\n|upkeep\n|turn|8\n|c|\u2606yomaalt|oh dear\n|c|\u2606pronerdgaming|Ye\n|\n|t:|1700443194\n|move|p1a: Rillaboom|Grassy Glide|p2a: Zacian\n|-damage|p2a: Zacian|45\/100\n|move|p2a: Zacian|Play Rough|p1a: Rillaboom\n|-damage|p1a: Rillaboom|0 fnt\n|faint|p1a: Rillaboom\n|-damage|p2a: Zacian|35\/100|[from] item: Life Orb\n|\n|-heal|p2a: Zacian|41\/100|[from] Grassy Terrain\n|upkeep\n|\n|t:|1700443197\n|switch|p1a: Chi-Yu|Chi-Yu|100\/100\n|-ability|p1a: Chi-Yu|Beads of Ruin\n|turn|9\n|c|\u2606yomaalt|nvm we good\n|\n|t:|1700443201\n|move|p1a: Chi-Yu|Flamethrower|p2a: Zacian\n|-damage|p2a: Zacian|0 fnt\n|faint|p2a: Zacian\n|\n|-fieldend|move: Grassy Terrain\n|upkeep\n|\n|t:|1700443211\n|switch|p2a: Espathra|Espathra, F|100\/100\n|turn|10\n|c|\u2606yomaalt|only problem is that fucker pathra\n|\n|t:|1700443216\n|move|p1a: Chi-Yu|Flamethrower|p2a: Espathra\n|-damage|p2a: Espathra|3\/100\n|move|p2a: Espathra|Calm Mind|p2a: Espathra\n|-boost|p2a: Espathra|spa|1\n|-boost|p2a: Espathra|spd|1\n|\n|-heal|p2a: Espathra|9\/100|[from] item: Leftovers\n|-ability|p2a: Espathra|Speed Boost|boost\n|-boost|p2a: Espathra|spe|1\n|upkeep\n|turn|11\n|\n|t:|1700443222\n|move|p2a: Espathra|Protect|p2a: Espathra\n|-singleturn|p2a: Espathra|Protect\n|move|p1a: Chi-Yu|Flamethrower|p2a: Espathra\n|-activate|p2a: Espathra|move: Protect\n|\n|-heal|p2a: Espathra|15\/100|[from] item: Leftovers\n|-ability|p2a: Espathra|Speed Boost|boost\n|-boost|p2a: Espathra|spe|1\n|upkeep\n|turn|12\n|c|\u2606yomaalt|yeah i need his ass DEAD\n|c|\u2606yomaalt|get OVER HERE\n|\n|t:|1700443236\n|move|p2a: Espathra|Dazzling Gleam|p1a: Chi-Yu\n|-damage|p1a: Chi-Yu|57\/100\n|move|p1a: Chi-Yu|Flamethrower|p2a: Espathra\n|-damage|p2a: Espathra|0 fnt\n|faint|p2a: Espathra\n|\n|upkeep\n|c|\u2606pronerdgaming|lol\n|\n|t:|1700443244\n|switch|p2a: Arceus|Arceus-Ice|100\/100\n|turn|13\n|c|\u2606yomaalt|crush it's skull NOW\n|\n|t:|1700443253\n|-terastallize|p2a: Arceus|Dragon\n|move|p1a: Chi-Yu|Flamethrower|p2a: Arceus\n|-resisted|p2a: Arceus\n|-crit|p2a: Arceus\n|-damage|p2a: Arceus|67\/100\n|move|p2a: Arceus|Calm Mind|p2a: Arceus\n|-boost|p2a: Arceus|spa|1\n|-boost|p2a: Arceus|spd|1\n|\n|upkeep\n|turn|14\n|c|\u2606yomaalt|damn\n|\n|t:|1700443260\n|switch|p1a: Palkia|Palkia-Origin|100\/100\n|-ability|p1a: Palkia|Pressure\n|move|p2a: Arceus|Calm Mind|p2a: Arceus\n|-boost|p2a: Arceus|spa|1\n|-boost|p2a: Arceus|spd|1\n|\n|upkeep\n|turn|15\n|c|\u2606yomaalt|sped tie time\n|c|\u2606yomaalt|speed*\n|\n|t:|1700443266\n|move|p1a: Palkia|Spacial Rend|p2a: Arceus\n|-supereffective|p2a: Arceus\n|-damage|p2a: Arceus|19\/100\n|move|p2a: Arceus|Recover|p2a: Arceus\n|-heal|p2a: Arceus|69\/100\n|\n|upkeep\n|turn|16\n|\n|t:|1700443274\n|move|p1a: Palkia|Spacial Rend|p2a: Arceus\n|-supereffective|p2a: Arceus\n|-damage|p2a: Arceus|24\/100\n|move|p2a: Arceus|Recover|p2a: Arceus\n|-heal|p2a: Arceus|74\/100\n|\n|upkeep\n|turn|17\n|c|\u2606yomaalt|horse i KNOW you can crit\n|\n|t:|1700443278\n|move|p2a: Arceus|Judgment|p1a: Palkia\n|-damage|p1a: Palkia|17\/100\n|move|p1a: Palkia|Spacial Rend|p2a: Arceus\n|-supereffective|p2a: Arceus\n|-damage|p2a: Arceus|26\/100\n|\n|upkeep\n|turn|18\n|\n|t:|1700443291\n|switch|p2a: Magearna|Magearna|100\/100\n|move|p1a: Palkia|Spacial Rend|p2a: Magearna\n|-immune|p2a: Magearna\n|\n|upkeep\n|turn|19\n|\n|t:|1700443296\n|switch|p1a: Dialga|Dialga|100\/100\n|-ability|p1a: Dialga|Pressure\n|move|p2a: Magearna|Thunder Wave|p1a: Dialga\n|-status|p1a: Dialga|par\n|\n|upkeep\n|turn|20\n|\n|t:|1700443305\n|move|p2a: Magearna|Spikes|p1a: Dialga\n|-sidestart|p1: yomaalt|Spikes\n|move|p1a: Dialga|Flash Cannon|p2a: Magearna\n|-damage|p2a: Magearna|74\/100\n|\n|-heal|p2a: Magearna|80\/100|[from] item: Leftovers\n|upkeep\n|turn|21\n|\n|t:|1700443309\n|move|p2a: Magearna|Spikes|p1a: Dialga\n|-sidestart|p1: yomaalt|Spikes\n|move|p1a: Dialga|Earth Power|p2a: Magearna\n|-supereffective|p2a: Magearna\n|-damage|p2a: Magearna|42\/100\n|-unboost|p2a: Magearna|spd|1\n|\n|-heal|p2a: Magearna|48\/100|[from] item: Leftovers\n|upkeep\n|turn|22\n|\n|t:|1700443322\n|move|p2a: Magearna|Spikes|p1a: Dialga\n|-sidestart|p1: yomaalt|Spikes\n|move|p1a: Dialga|Flash Cannon|p2a: Magearna\n|-damage|p2a: Magearna|15\/100\n|-unboost|p2a: Magearna|spd|1\n|\n|-heal|p2a: Magearna|21\/100|[from] item: Leftovers\n|upkeep\n|turn|23\n|\n|t:|1700443326\n|move|p2a: Magearna|Fleur Cannon|p1a: Dialga\n|-damage|p1a: Dialga|49\/100 par\n|-unboost|p2a: Magearna|spa|2\n|move|p1a: Dialga|Flash Cannon|p2a: Magearna\n|-damage|p2a: Magearna|0 fnt\n|faint|p2a: Magearna\n|\n|-heal|p1a: Dialga|55\/100 par|[from] item: Leftovers\n|upkeep\n|\n|t:|1700443330\n|switch|p2a: Cyclizar|Cyclizar, M|52\/100\n|turn|24\n|\n|t:|1700443338\n|move|p2a: Cyclizar|Shed Tail|p2a: Cyclizar\n|-start|p2a: Cyclizar|Substitute|[from] move: Shed Tail\n|-damage|p2a: Cyclizar|2\/100\n|c|\u2606yomaalt|not a fan of regenerator\n|\n|t:|1700443341\n|switch|p2a: Arceus|Arceus-Ice, tera:Dragon|26\/100|[from] Shed Tail\n|move|p1a: Dialga|Flash Cannon|p2a: Arceus\n|-crit|p2a: Arceus\n|-end|p2a: Arceus|Substitute\n|\n|-heal|p1a: Dialga|61\/100 par|[from] item: Leftovers\n|upkeep\n|turn|25\n|\n|t:|1700443349\n|move|p2a: Arceus|Recover|p2a: Arceus\n|-heal|p2a: Arceus|76\/100\n|move|p1a: Dialga|Draco Meteor|p2a: Arceus\n|-supereffective|p2a: Arceus\n|-damage|p2a: Arceus|0 fnt\n|-unboost|p1a: Dialga|spa|2\n|faint|p2a: Arceus\n|\n|-heal|p1a: Dialga|68\/100 par|[from] item: Leftovers\n|upkeep\n|\n|t:|1700443352\n|switch|p2a: Cyclizar|Cyclizar, M|35\/100\n|turn|26\n|c|\u2606yomaalt|gg\n|c|\u2606pronerdgaming|Damn\n|c|\u2606pronerdgaming|gg\n|\n|t:|1700443361\n|move|p2a: Cyclizar|Rapid Spin|p1a: Dialga\n|-resisted|p1a: Dialga\n|-damage|p1a: Dialga|64\/100 par\n|-boost|p2a: Cyclizar|spe|1\n|move|p1a: Dialga|Draco Meteor|p2a: Cyclizar\n|-supereffective|p2a: Cyclizar\n|-damage|p2a: Cyclizar|0 fnt\n|-unboost|p1a: Dialga|spa|2\n|faint|p2a: Cyclizar\n|\n|win|yomaalt\n|l|\u2606pronerdgaming\n","uploadtime":1700443397,"views":33,"p1id":"yomaalt","p2id":"pronerdgaming","formatid":"gen9ubers","rating":0,"private":0,"password":""}