{"id":"gen9ubers-1998708662","p1":"Inarinokamen","p2":"godiamsosorry","format":"[Gen 9] Ubers","log":"|j|\u2606Inarinokamen\n|j|\u2606godiamsosorry\n|t:|1700975754\n|gametype|singles\n|player|p1|Inarinokamen|red-masters2|\n|player|p2|godiamsosorry|caitlin|\n|teamsize|p1|6\n|teamsize|p2|6\n|gen|9\n|tier|[Gen 9] Ubers\n|rule|Sleep Clause Mod: Limit one foe put to sleep\n|rule|Species Clause: Limit one of each Pok\u00e9mon\n|rule|OHKO Clause: OHKO moves are banned\n|rule|Evasion Items Clause: Evasion items are banned\n|rule|Evasion Moves Clause: Evasion moves are banned\n|rule|Endless Battle Clause: Forcing endless battles is banned\n|rule|HP Percentage Mod: HP is shown in percentages\n|clearpoke\n|poke|p1|Greninja-*, F|\n|poke|p1|Slowking-Galar, F|\n|poke|p1|Lucario, M|\n|poke|p1|Iron Jugulis|\n|poke|p1|Annihilape, M|\n|poke|p1|Arcanine-Hisui, M|\n|poke|p2|Klefki, F|\n|poke|p2|Medicham, M|\n|poke|p2|Zoroark-Hisui, F|\n|poke|p2|Palafin, M|\n|poke|p2|Magearna|\n|poke|p2|Azelf|\n|teampreview\n|inactive|Battle timer is ON: inactive players will automatically lose when time's up. (requested by Inarinokamen)\n|\n|t:|1700975772\n|start\n|switch|p1a: Annihilape|Annihilape, M|100\/100\n|switch|p2a: Klefki|Klefki, F, shiny|100\/100\n|turn|1\n|\n|t:|1700975778\n|move|p2a: Klefki|Reflect|p2a: Klefki\n|-sidestart|p2: godiamsosorry|Reflect\n|move|p1a: Annihilape|Final Gambit|p2a: Klefki\n|-damage|p2a: Klefki|0 fnt\n|faint|p1a: Annihilape\n|faint|p2a: Klefki\n|\n|upkeep\n|\n|t:|1700975796\n|switch|p1a: Arcanine|Arcanine-Hisui, M|100\/100\n|switch|p2a: Medicham|Medicham, M|100\/100\n|-ability|p1a: Arcanine|Intimidate|boost\n|-unboost|p2a: Medicham|atk|1\n|turn|2\n|\n|t:|1700975807\n|switch|p1a: Slowking|Slowking-Galar, F|100\/100\n|move|p2a: Medicham|Close Combat|p1a: Slowking\n|-resisted|p1a: Slowking\n|-damage|p1a: Slowking|91\/100\n|-unboost|p2a: Medicham|def|1\n|-unboost|p2a: Medicham|spd|1\n|\n|upkeep\n|turn|3\n|\n|t:|1700975812\n|switch|p2a: Palafin|Palafin, M|100\/100\n|move|p1a: Slowking|Thunder Wave|p2a: Palafin\n|-status|p2a: Palafin|par\n|\n|upkeep\n|turn|4\n|\n|t:|1700975821\n|detailschange|p2a: Palafin|Palafin-Hero, M\n|switch|p2a: Magearna|Magearna|100\/100\n|move|p1a: Slowking|Foul Play|p2a: Magearna\n|-resisted|p2a: Magearna\n|-damage|p2a: Magearna|94\/100\n|\n|-heal|p2a: Magearna|99\/100|[from] item: Leftovers\n|upkeep\n|turn|5\n|\n|t:|1700975824\n|switch|p2a: Palafin|Palafin-Hero, M|100\/100 par\n|-activate|p2a: Palafin|ability: Zero to Hero\n|move|p1a: Slowking|Thunder Wave|p2a: Palafin\n|-fail|p2a: Palafin|par\n|\n|upkeep\n|turn|6\n|\n|t:|1700975828\n|-terastallize|p2a: Palafin|Normal\n|move|p2a: Palafin|Boomburst|p1a: Slowking\n|-damage|p1a: Slowking|13\/100\n|move|p1a: Slowking|Chilly Reception|p1a: Slowking\n|-weather|Snow\n|\n|t:|1700975843\n|switch|p1a: Greninja|Greninja, F|100\/100|[from] Chilly Reception\n|\n|-weather|Snow|[upkeep]\n|upkeep\n|turn|7\n|\n|t:|1700975845\n|move|p1a: Greninja|U-turn|p2a: Palafin\n|-start|p1a: Greninja|typechange|Bug|[from] ability: Protean\n|-damage|p2a: Palafin|76\/100 par\n|\n|t:|1700975848\n|switch|p1a: Slowking|Slowking-Galar, F|47\/100|[from] U-turn\n|move|p2a: Palafin|Boomburst|p1a: Slowking\n|-damage|p1a: Slowking|0 fnt\n|faint|p1a: Slowking\n|\n|-weather|Snow|[upkeep]\n|upkeep\n|\n|t:|1700975857\n|switch|p1a: Arcanine|Arcanine-Hisui, M|100\/100\n|-ability|p1a: Arcanine|Intimidate|boost\n|-unboost|p2a: Palafin|atk|1\n|turn|8\n|\n|t:|1700975864\n|move|p1a: Arcanine|Fire Blast|p2a: Palafin\n|-damage|p2a: Palafin|24\/100 par\n|move|p2a: Palafin|Boomburst|p1a: Arcanine\n|-resisted|p1a: Arcanine\n|-damage|p1a: Arcanine|59\/100\n|\n|-weather|Snow|[upkeep]\n|-sideend|p2: godiamsosorry|Reflect\n|upkeep\n|turn|9\n|\n|t:|1700975869\n|switch|p2a: Azelf|Azelf|100\/100\n|move|p1a: Arcanine|Fire Blast|p2a: Azelf\n|-damage|p2a: Azelf|12\/100\n|replace|p2a: Zoroark|Zoroark-Hisui, F\n|-end|p2a: Zoroark|Illusion\n|\n|-weather|Snow|[upkeep]\n|upkeep\n|turn|10\n|\n|t:|1700975879\n|move|p2a: Zoroark|Knock Off|p1a: Arcanine\n|-damage|p1a: Arcanine|22\/100\n|-enditem|p1a: Arcanine|Assault Vest|[from] move: Knock Off|[of] p2a: Zoroark\n|move|p1a: Arcanine|Snarl|p2a: Zoroark\n|-supereffective|p2a: Zoroark\n|-damage|p2a: Zoroark|0 fnt\n|faint|p2a: Zoroark\n|\n|-weather|none\n|upkeep\n|\n|t:|1700975886\n|switch|p2a: Azelf|Azelf|100\/100\n|turn|11\n|\n|t:|1700975891\n|move|p2a: Azelf|Substitute|p2a: Azelf\n|-start|p2a: Azelf|Substitute\n|-damage|p2a: Azelf|76\/100\n|move|p1a: Arcanine|Snarl|p2a: Azelf|[miss]\n|-miss|p1a: Arcanine|p2a: Azelf\n|\n|-heal|p2a: Azelf|82\/100|[from] item: Leftovers\n|upkeep\n|turn|12\n|\n|t:|1700975899\n|move|p2a: Azelf|Psyshock|p1a: Arcanine\n|-damage|p1a: Arcanine|0 fnt\n|faint|p1a: Arcanine\n|\n|-heal|p2a: Azelf|88\/100|[from] item: Leftovers\n|upkeep\n|\n|t:|1700975904\n|switch|p1a: Iron Jugulis|Iron Jugulis|100\/100\n|-enditem|p1a: Iron Jugulis|Booster Energy\n|-activate|p1a: Iron Jugulis|ability: Quark Drive|[fromitem]\n|-start|p1a: Iron Jugulis|quarkdrivespe\n|turn|13\n|\n|t:|1700975909\n|switch|p2a: Magearna|Magearna|99\/100\n|move|p1a: Iron Jugulis|Knock Off|p2a: Magearna\n|-resisted|p2a: Magearna\n|-damage|p2a: Magearna|81\/100\n|-enditem|p2a: Magearna|Leftovers|[from] move: Knock Off|[of] p1a: Iron Jugulis\n|\n|upkeep\n|turn|14\n|\n|t:|1700975917\n|move|p1a: Iron Jugulis|Iron Head|p2a: Magearna\n|-damage|p2a: Magearna|64\/100\n|cant|p2a: Magearna|flinch\n|\n|upkeep\n|turn|15\n|\n|t:|1700975921\n|move|p1a: Iron Jugulis|Iron Head|p2a: Magearna\n|-damage|p2a: Magearna|45\/100\n|cant|p2a: Magearna|flinch\n|\n|upkeep\n|turn|16\n|\n|t:|1700975925\n|move|p1a: Iron Jugulis|Iron Head|p2a: Magearna\n|-crit|p2a: Magearna\n|-damage|p2a: Magearna|17\/100\n|move|p2a: Magearna|Shift Gear|p2a: Magearna\n|-boost|p2a: Magearna|spe|2\n|-boost|p2a: Magearna|atk|1\n|\n|upkeep\n|turn|17\n|\n|t:|1700975930\n|-terastallize|p1a: Iron Jugulis|Flying\n|move|p1a: Iron Jugulis|Acrobatics|p2a: Magearna\n|-resisted|p2a: Magearna\n|-damage|p2a: Magearna|0 fnt\n|faint|p2a: Magearna\n|\n|upkeep\n|\n|t:|1700975936\n|switch|p2a: Medicham|Medicham, M|100\/100\n|turn|18\n|\n|t:|1700975942\n|move|p1a: Iron Jugulis|Acrobatics|p2a: Medicham\n|-supereffective|p2a: Medicham\n|-damage|p2a: Medicham|0 fnt\n|faint|p2a: Medicham\n|\n|upkeep\n|\n|t:|1700975944\n|switch|p2a: Palafin|Palafin-Hero, M, tera:Normal|24\/100 par\n|turn|19\n|\n|t:|1700975946\n|move|p1a: Iron Jugulis|Acrobatics|p2a: Palafin\n|-damage|p2a: Palafin|0 fnt\n|faint|p2a: Palafin\n|\n|upkeep\n|\n|t:|1700975960\n|switch|p2a: Azelf|Azelf|88\/100\n|turn|20\n|\n|t:|1700975963\n|move|p1a: Iron Jugulis|Knock Off|p2a: Azelf\n|-supereffective|p2a: Azelf\n|-damage|p2a: Azelf|0 fnt\n|-enditem|p2a: Azelf|Leftovers|[from] move: Knock Off|[of] p1a: Iron Jugulis\n|faint|p2a: Azelf\n|\n|win|Inarinokamen\n|l|\u2606godiamsosorry\n|c|\u2606Inarinokamen|Gg wp\n","uploadtime":1700975971,"views":48,"p1id":"inarinokamen","p2id":"godiamsosorry","formatid":"gen9ubers","rating":0,"private":0,"password":""}