{"id":"gen9ubers-1996413779","p1":"Tomynator jones.","p2":"ringlord","format":"[Gen 9] Ubers","log":"|j|\u2606Tomynator jones.\n|j|\u2606ringlord\n|t:|1700679676\n|gametype|singles\n|player|p1|Tomynator jones.|steven|\n|player|p2|ringlord|170|\n|teamsize|p1|6\n|teamsize|p2|6\n|gen|9\n|tier|[Gen 9] Ubers\n|rated|Tournament battle\n|rule|Sleep Clause Mod: Limit one foe put to sleep\n|rule|Species Clause: Limit one of each Pok\u00e9mon\n|rule|OHKO Clause: OHKO moves are banned\n|rule|Evasion Items Clause: Evasion items are banned\n|rule|Evasion Moves Clause: Evasion moves are banned\n|rule|Endless Battle Clause: Forcing endless battles is banned\n|rule|HP Percentage Mod: HP is shown in percentages\n|clearpoke\n|poke|p1|Arceus|\n|poke|p1|Koraidon|\n|poke|p1|Iron Treads|\n|poke|p1|Flutter Mane|\n|poke|p1|Palkia-Origin|\n|poke|p1|Volcarona, M|\n|poke|p2|Arceus-Ground|\n|poke|p2|Regieleki|\n|poke|p2|Ditto|\n|poke|p2|Eternatus|\n|poke|p2|Koraidon|\n|poke|p2|Miraidon|\n|teampreview\n|inactive|Battle timer is ON: inactive players will automatically lose when time's up. (requested by ringlord)\n|c|\u2606ringlord|gl hf\n|\n|t:|1700679705\n|start\n|switch|p1a: Koraidon|Koraidon|100\/100\n|switch|p2a: Koraidon|Koraidon|100\/100\n|-weather|SunnyDay|[from] ability: Orichalcum Pulse|[of] p2a: Koraidon\n|-activate|p2a: Koraidon|Orichalcum Pulse|[source]\n|-activate|p1a: Koraidon|ability: Orichalcum Pulse\n|turn|1\n|\n|t:|1700679716\n|move|p2a: Koraidon|Dragon Claw|p1a: Koraidon\n|-supereffective|p1a: Koraidon\n|-damage|p1a: Koraidon|2\/100\n|move|p1a: Koraidon|Dragon Claw|p2a: Koraidon\n|-supereffective|p2a: Koraidon\n|-damage|p2a: Koraidon|0 fnt\n|faint|p2a: Koraidon\n|\n|-weather|SunnyDay|[upkeep]\n|upkeep\n|c|\u2606ringlord|oh come on :(\n|\n|t:|1700679728\n|switch|p2a: Ditto|Ditto|100\/100\n|-transform|p2a: Ditto|p1a: Koraidon|[from] ability: Imposter\n|-activate|p2a: Ditto|ability: Orichalcum Pulse\n|turn|2\n|\n|t:|1700679735\n|move|p1a: Koraidon|Dragon Claw|p2a: Ditto\n|-supereffective|p2a: Ditto\n|-crit|p2a: Ditto\n|-damage|p2a: Ditto|0 fnt\n|faint|p2a: Ditto\n|\n|-weather|SunnyDay|[upkeep]\n|upkeep\n|c|\u2606ringlord|lamo\n|c|\u2606ringlord|RNG is horrid\n|j| ThatOneDedenne\n|\n|t:|1700679752\n|switch|p2a: Arceus|Arceus-Ground|100\/100\n|turn|3\n|c| ThatOneDedenne|why is sandwich lizard fighting god\n|inactive|Tomynator jones. has 120 seconds left.\n|c|\u2606Tomynator jones.|He's only running on 3 shots of Expresso\n|inactive|Tomynator jones. has 90 seconds left.\n|c|\u2606Tomynator jones.|It wants to become god\n|\n|t:|1700679815\n|-terastallize|p2a: Arceus|Fairy\n|move|p1a: Koraidon|Dragon Claw|p2a: Arceus\n|-immune|p2a: Arceus\n|move|p2a: Arceus|Calm Mind|p2a: Arceus\n|-boost|p2a: Arceus|spa|1\n|-boost|p2a: Arceus|spd|1\n|\n|-weather|SunnyDay|[upkeep]\n|upkeep\n|turn|4\n|\n|t:|1700679822\n|switch|p1a: Arceus|Arceus|100\/100\n|move|p2a: Arceus|Calm Mind|p2a: Arceus\n|-boost|p2a: Arceus|spa|1\n|-boost|p2a: Arceus|spd|1\n|\n|-weather|SunnyDay|[upkeep]\n|upkeep\n|turn|5\n|\n|t:|1700679825\n|move|p1a: Arceus|Swords Dance|p1a: Arceus\n|-boost|p1a: Arceus|atk|2\n|move|p2a: Arceus|Judgment|p1a: Arceus\n|-damage|p1a: Arceus|33\/100\n|\n|-weather|none\n|upkeep\n|turn|6\n|\n|t:|1700679832\n|-terastallize|p1a: Arceus|Normal\n|move|p1a: Arceus|Extreme Speed|p2a: Arceus\n|-damage|p2a: Arceus|26\/100\n|-damage|p1a: Arceus|23\/100|[from] item: Life Orb\n|move|p2a: Arceus|Judgment|p1a: Arceus\n|-damage|p1a: Arceus|0 fnt\n|faint|p1a: Arceus\n|\n|upkeep\n|\n|t:|1700679839\n|switch|p1a: Koraidon|Koraidon|2\/100\n|-weather|SunnyDay|[from] ability: Orichalcum Pulse|[of] p1a: Koraidon\n|-activate|p1a: Koraidon|Orichalcum Pulse|[source]\n|turn|7\n|\n|t:|1700679845\n|move|p1a: Koraidon|Flare Blitz|p2a: Arceus\n|-damage|p2a: Arceus|0 fnt\n|faint|p2a: Arceus\n|-damage|p1a: Koraidon|0 fnt|[from] Recoil\n|faint|p1a: Koraidon\n|\n|-weather|SunnyDay|[upkeep]\n|upkeep\n|\n|t:|1700679855\n|switch|p1a: Flutter Mane|Flutter Mane|100\/100\n|switch|p2a: Eternatus|Eternatus|100\/100\n|-activate|p1a: Flutter Mane|ability: Protosynthesis\n|-start|p1a: Flutter Mane|protosynthesisspe\n|-ability|p2a: Eternatus|Pressure\n|turn|8\n|\n|t:|1700679870\n|move|p1a: Flutter Mane|Psyshock|p2a: Eternatus\n|-supereffective|p2a: Eternatus\n|-damage|p2a: Eternatus|29\/100\n|move|p2a: Eternatus|Sludge Bomb|p1a: Flutter Mane\n|-damage|p1a: Flutter Mane|29\/100\n|-damage|p2a: Eternatus|19\/100|[from] item: Life Orb\n|\n|-weather|SunnyDay|[upkeep]\n|upkeep\n|turn|9\n|\n|t:|1700679880\n|move|p1a: Flutter Mane|Psyshock|p2a: Eternatus\n|-supereffective|p2a: Eternatus\n|-damage|p2a: Eternatus|0 fnt\n|faint|p2a: Eternatus\n|\n|-weather|SunnyDay|[upkeep]\n|upkeep\n|\n|t:|1700679884\n|switch|p2a: Regieleki|Regieleki|100\/100\n|turn|10\n|\n|t:|1700679892\n|move|p1a: Flutter Mane|Psyshock|p2a: Regieleki\n|-damage|p2a: Regieleki|30\/100\n|move|p2a: Regieleki|Thunderbolt|p1a: Flutter Mane\n|-damage|p1a: Flutter Mane|0 fnt\n|faint|p1a: Flutter Mane\n|-end|p1a: Flutter Mane|Protosynthesis|[silent]\n|\n|-weather|SunnyDay|[upkeep]\n|upkeep\n|\n|t:|1700679896\n|switch|p1a: Iron Treads|Iron Treads|100\/100\n|turn|11\n|inactive|ringlord has 120 seconds left.\n|\n|t:|1700679955\n|move|p2a: Regieleki|Rapid Spin|p1a: Iron Treads\n|-resisted|p1a: Iron Treads\n|-damage|p1a: Iron Treads|96\/100\n|-boost|p2a: Regieleki|spe|1\n|move|p1a: Iron Treads|Earthquake|p2a: Regieleki\n|-supereffective|p2a: Regieleki\n|-damage|p2a: Regieleki|0 fnt\n|faint|p2a: Regieleki\n|\n|-weather|none\n|-heal|p1a: Iron Treads|100\/100|[from] item: Leftovers\n|upkeep\n|l| ThatOneDedenne\n|\n|t:|1700679958\n|switch|p2a: Miraidon|Miraidon|100\/100\n|-fieldstart|move: Electric Terrain|[from] ability: Hadron Engine|[of] p2a: Miraidon\n|-activate|p1a: Iron Treads|ability: Quark Drive\n|-start|p1a: Iron Treads|quarkdrivespe\n|turn|12\n|-message|ringlord forfeited.\n|\n|win|Tomynator jones.\n|n|\u2606Tomynator jones.|tomynatorjones\n|n|\u2606ringlord|ringlord\n","uploadtime":1700679964,"views":9,"p1id":"tomynatorjones","p2id":"ringlord","formatid":"gen9ubers","rating":0,"private":0,"password":""}