{"id":"gen9ubers-1968182965","p1":"XpokVEVO","p2":"PTKmoekyuun","format":"[Gen 9] Ubers","log":"|j|\u2606XpokVEVO\n|j|\u2606PTKmoekyuun\n|t:|1697392509\n|gametype|singles\n|player|p1|XpokVEVO|marshal|\n|player|p2|PTKmoekyuun|1|\n|teamsize|p1|6\n|teamsize|p2|6\n|gen|9\n|tier|[Gen 9] Ubers\n|rule|Sleep Clause Mod: Limit one foe put to sleep\n|rule|Species Clause: Limit one of each Pok\u00e9mon\n|rule|OHKO Clause: OHKO moves are banned\n|rule|Evasion Items Clause: Evasion items are banned\n|rule|Evasion Moves Clause: Evasion moves are banned\n|rule|Endless Battle Clause: Forcing endless battles is banned\n|rule|HP Percentage Mod: HP is shown in percentages\n|clearpoke\n|poke|p1|Arceus-Fire|\n|poke|p1|Spectrier|\n|poke|p1|Magearna|\n|poke|p1|Shaymin-Sky|\n|poke|p1|Palkia-Origin|\n|poke|p1|Cyclizar, M|\n|poke|p2|Shaymin-Sky|\n|poke|p2|Slowking, F|\n|poke|p2|Volcarona, F|\n|poke|p2|Conkeldurr, M|\n|poke|p2|Gholdengo|\n|poke|p2|Quagsire, F|\n|teampreview\n|\n|t:|1697392522\n|start\n|switch|p1a: Cyclizar|Cyclizar, M|100\/100\n|switch|p2a: Quagsire|Quagsire, F|100\/100\n|turn|1\n|\n|t:|1697392527\n|move|p1a: Cyclizar|Taunt|p2a: Quagsire\n|-start|p2a: Quagsire|move: Taunt\n|cant|p2a: Quagsire|move: Taunt|Toxic Spikes\n|\n|upkeep\n|turn|2\n|\n|t:|1697392533\n|switch|p2a: Volcarona|Volcarona, F|100\/100\n|move|p1a: Cyclizar|Shed Tail|p1a: Cyclizar\n|-start|p1a: Cyclizar|Substitute|[from] move: Shed Tail\n|-damage|p1a: Cyclizar|50\/100\n|\n|t:|1697392559\n|switch|p1a: Arceus-Fight\u0131ng|Arceus-Fire, shiny|100\/100|[from] Shed Tail\n|\n|upkeep\n|turn|3\n|\n|t:|1697392563\n|move|p1a: Arceus-Fight\u0131ng|Dragon Dance|p1a: Arceus-Fight\u0131ng\n|-boost|p1a: Arceus-Fight\u0131ng|atk|1\n|-boost|p1a: Arceus-Fight\u0131ng|spe|1\n|move|p2a: Volcarona|Whirlwind|p1a: Arceus-Fight\u0131ng\n|drag|p1a: Spectrier|Spectrier|100\/100\n|\n|upkeep\n|turn|4\n|\n|t:|1697392569\n|move|p1a: Spectrier|Shadow Ball|p2a: Volcarona\n|-damage|p2a: Volcarona|60\/100\n|move|p2a: Volcarona|Quiver Dance|p2a: Volcarona\n|-boost|p2a: Volcarona|spa|1\n|-boost|p2a: Volcarona|spd|1\n|-boost|p2a: Volcarona|spe|1\n|\n|upkeep\n|turn|5\n|\n|t:|1697392574\n|-terastallize|p1a: Spectrier|Ghost\n|move|p1a: Spectrier|Shadow Ball|p2a: Volcarona\n|-damage|p2a: Volcarona|20\/100\n|move|p2a: Volcarona|Fire Blast|p1a: Spectrier\n|-damage|p1a: Spectrier|0 fnt\n|faint|p1a: Spectrier\n|\n|upkeep\n|\n|t:|1697392584\n|switch|p1a: Palkia|Palkia-Origin|100\/100\n|-ability|p1a: Palkia|Pressure\n|turn|6\n|\n|t:|1697392587\n|switch|p2a: Slowking|Slowking, F|100\/100\n|move|p1a: Palkia|Thunder Wave|p2a: Slowking\n|-status|p2a: Slowking|par\n|\n|upkeep\n|turn|7\n|\n|t:|1697392599\n|switch|p1a: Magearna|Magearna|100\/100\n|move|p2a: Slowking|Thunder Wave|p1a: Magearna\n|-status|p1a: Magearna|par\n|\n|upkeep\n|turn|8\n|\n|t:|1697392601\n|move|p1a: Magearna|Shift Gear|p1a: Magearna\n|-boost|p1a: Magearna|spe|2\n|-boost|p1a: Magearna|atk|1\n|move|p2a: Slowking|Chilly Reception|p2a: Slowking\n|-weather|Snow\n|\n|t:|1697392606\n|switch|p2a: Volcarona|Volcarona, F|20\/100|[from] Chilly Reception\n|\n|-weather|Snow|[upkeep]\n|upkeep\n|turn|9\n|\n|t:|1697392621\n|move|p2a: Volcarona|Tera Blast|p1a: Magearna\n|-resisted|p1a: Magearna\n|-damage|p1a: Magearna|83\/100 par\n|cant|p1a: Magearna|par\n|\n|-weather|Snow|[upkeep]\n|upkeep\n|turn|10\n|\n|t:|1697392624\n|move|p2a: Volcarona|Fire Blast|p1a: Magearna\n|-supereffective|p1a: Magearna\n|-damage|p1a: Magearna|0 fnt\n|faint|p1a: Magearna\n|\n|-weather|Snow|[upkeep]\n|upkeep\n|\n|t:|1697392637\n|switch|p1a: Palkia|Palkia-Origin|100\/100\n|-ability|p1a: Palkia|Pressure\n|turn|11\n|\n|t:|1697392643\n|move|p1a: Palkia|Thunder Wave|p2a: Volcarona\n|-status|p2a: Volcarona|par\n|move|p2a: Volcarona|Tera Blast|p1a: Palkia\n|-damage|p1a: Palkia|71\/100\n|\n|-weather|Snow|[upkeep]\n|upkeep\n|turn|12\n|\n|t:|1697392646\n|move|p1a: Palkia|Substitute|p1a: Palkia\n|-start|p1a: Palkia|Substitute\n|-damage|p1a: Palkia|46\/100\n|move|p2a: Volcarona|Tera Blast|p1a: Palkia\n|-end|p1a: Palkia|Substitute\n|\n|-weather|none\n|upkeep\n|turn|13\n|\n|t:|1697392652\n|switch|p1a: Arceus-Fight\u0131ng|Arceus-Fire, shiny|100\/100\n|move|p2a: Volcarona|Tera Blast|p1a: Arceus-Fight\u0131ng\n|-damage|p1a: Arceus-Fight\u0131ng|75\/100\n|\n|upkeep\n|turn|14\n|\n|t:|1697392655\n|move|p1a: Arceus-Fight\u0131ng|Dragon Dance|p1a: Arceus-Fight\u0131ng\n|-boost|p1a: Arceus-Fight\u0131ng|atk|1\n|-boost|p1a: Arceus-Fight\u0131ng|spe|1\n|move|p2a: Volcarona|Whirlwind|p1a: Arceus-Fight\u0131ng\n|drag|p1a: Cyclizar|Cyclizar, M|84\/100\n|\n|upkeep\n|turn|15\n|\n|t:|1697392657\n|move|p1a: Cyclizar|Shed Tail|p1a: Cyclizar\n|-start|p1a: Cyclizar|Substitute|[from] move: Shed Tail\n|-damage|p1a: Cyclizar|34\/100\n|\n|t:|1697392661\n|switch|p1a: Arceus-Fight\u0131ng|Arceus-Fire, shiny|75\/100|[from] Shed Tail\n|move|p2a: Volcarona|Whirlwind|p1a: Arceus-Fight\u0131ng\n|drag|p1a: Shaymin|Shaymin-Sky, shiny|100\/100\n|\n|upkeep\n|turn|16\n|\n|t:|1697392670\n|switch|p1a: Cyclizar|Cyclizar, M|67\/100\n|cant|p2a: Volcarona|par\n|\n|upkeep\n|turn|17\n|\n|t:|1697392672\n|move|p1a: Cyclizar|Shed Tail|p1a: Cyclizar\n|-start|p1a: Cyclizar|Substitute|[from] move: Shed Tail\n|-damage|p1a: Cyclizar|17\/100\n|-enditem|p1a: Cyclizar|Aguav Berry|[eat]\n|-heal|p1a: Cyclizar|50\/100|[from] item: Aguav Berry\n|\n|t:|1697392674\n|switch|p1a: Arceus-Fight\u0131ng|Arceus-Fire, shiny|75\/100|[from] Shed Tail\n|move|p2a: Volcarona|Whirlwind|p1a: Arceus-Fight\u0131ng\n|drag|p1a: Shaymin|Shaymin-Sky, shiny|100\/100\n|\n|upkeep\n|turn|18\n|\n|t:|1697392684\n|move|p1a: Shaymin|Air Slash|p2a: Volcarona\n|-supereffective|p2a: Volcarona\n|-damage|p2a: Volcarona|0 fnt\n|faint|p2a: Volcarona\n|-damage|p1a: Shaymin|91\/100|[from] item: Life Orb\n|\n|upkeep\n|\n|t:|1697392687\n|switch|p2a: Gholdengo|Gholdengo|100\/100\n|turn|19\n|\n|t:|1697392690\n|move|p1a: Shaymin|Earth Power|p2a: Gholdengo\n|-supereffective|p2a: Gholdengo\n|-damage|p2a: Gholdengo|28\/100\n|-damage|p1a: Shaymin|81\/100|[from] item: Life Orb\n|move|p2a: Gholdengo|Thunder Wave|p1a: Shaymin\n|-status|p1a: Shaymin|par\n|\n|upkeep\n|turn|20\n|\n|t:|1697392698\n|-terastallize|p2a: Gholdengo|Flying\n|move|p2a: Gholdengo|Recover|p2a: Gholdengo\n|-heal|p2a: Gholdengo|78\/100\n|move|p1a: Shaymin|Tailwind|p1a: Shaymin\n|-sidestart|p1: XpokVEVO|move: Tailwind\n|\n|upkeep\n|turn|21\n|\n|t:|1697392704\n|move|p1a: Shaymin|Seed Flare|p2a: Gholdengo|[miss]\n|-miss|p1a: Shaymin|p2a: Gholdengo\n|move|p2a: Gholdengo|Recover|p2a: Gholdengo\n|-heal|p2a: Gholdengo|100\/100\n|\n|upkeep\n|turn|22\n|\n|t:|1697392711\n|move|p1a: Shaymin|Air Slash|p2a: Gholdengo\n|-damage|p2a: Gholdengo|50\/100\n|-damage|p1a: Shaymin|71\/100 par|[from] item: Life Orb\n|move|p2a: Gholdengo|Recover|p2a: Gholdengo\n|-heal|p2a: Gholdengo|99\/100\n|\n|upkeep\n|turn|23\n|\n|t:|1697392714\n|cant|p1a: Shaymin|par\n|move|p2a: Gholdengo|Recover|p2a: Gholdengo\n|-heal|p2a: Gholdengo|100\/100\n|\n|-sideend|p1: XpokVEVO|move: Tailwind\n|upkeep\n|turn|24\n|\n|t:|1697392716\n|move|p2a: Gholdengo|Hex|p1a: Shaymin\n|-damage|p1a: Shaymin|0 fnt\n|faint|p1a: Shaymin\n|\n|upkeep\n|\n|t:|1697392719\n|switch|p1a: Arceus-Fight\u0131ng|Arceus-Fire, shiny|75\/100\n|turn|25\n|\n|t:|1697392727\n|switch|p1a: Cyclizar|Cyclizar, M|83\/100\n|move|p2a: Gholdengo|Thunder Wave|p1a: Cyclizar\n|-status|p1a: Cyclizar|par\n|\n|upkeep\n|turn|26\n|\n|t:|1697392743\n|switch|p2a: Quagsire|Quagsire, F|100\/100\n|move|p1a: Cyclizar|Shed Tail|p1a: Cyclizar\n|-start|p1a: Cyclizar|Substitute|[from] move: Shed Tail\n|-damage|p1a: Cyclizar|33\/100 par\n|\n|t:|1697392747\n|switch|p1a: Arceus-Fight\u0131ng|Arceus-Fire, shiny|75\/100|[from] Shed Tail\n|\n|upkeep\n|turn|27\n|\n|t:|1697392752\n|move|p1a: Arceus-Fight\u0131ng|Tera Blast|p2a: Quagsire\n|-damage|p2a: Quagsire|78\/100\n|move|p2a: Quagsire|Surf|p1a: Arceus-Fight\u0131ng\n|-supereffective|p1a: Arceus-Fight\u0131ng\n|-end|p1a: Arceus-Fight\u0131ng|Substitute\n|\n|-heal|p2a: Quagsire|84\/100|[from] item: Leftovers\n|upkeep\n|turn|28\n|-message|XpokVEVO forfeited.\n|\n|win|PTKmoekyuun\n|l|\u2606XpokVEVO\n","uploadtime":1697392764,"views":22,"p1id":"xpokvevo","p2id":"ptkmoekyuun","formatid":"gen9ubers","rating":0,"private":0,"password":""}