{"id":"gen9ubers-1992244160","p1":"Profesor Turo","p2":"Blitz2656","format":"[Gen 9] Ubers","log":"|j|\u2606Profesor Turo\n|j|\u2606Blitz2656\n|t:|1700167140\n|gametype|singles\n|player|p1|Profesor Turo|turo-ai|\n|player|p2|Blitz2656|mustard-master|\n|teamsize|p1|6\n|teamsize|p2|6\n|gen|9\n|tier|[Gen 9] Ubers\n|rule|Sleep Clause Mod: Limit one foe put to sleep\n|rule|Species Clause: Limit one of each Pok\u00e9mon\n|rule|OHKO Clause: OHKO moves are banned\n|rule|Evasion Items Clause: Evasion items are banned\n|rule|Evasion Moves Clause: Evasion moves are banned\n|rule|Endless Battle Clause: Forcing endless battles is banned\n|rule|HP Percentage Mod: HP is shown in percentages\n|clearpoke\n|poke|p1|Wo-Chien|\n|poke|p1|Fezandipiti, M|\n|poke|p1|Landorus-Therian, M|\n|poke|p1|Slowpoke, M|\n|poke|p1|Yanma, F|\n|poke|p1|Polteageist|\n|poke|p2|Clodsire, M|\n|poke|p2|Dipplin, M|\n|poke|p2|Garchomp, F|\n|poke|p2|Palafin, M|\n|poke|p2|Clefable, M|\n|poke|p2|Empoleon, M|\n|teampreview\n|inactive|Battle timer is ON: inactive players will automatically lose when time's up. (requested by Profesor Turo)\n|inactive|Blitz2656 also wants the timer to be on.\n|c|\u2606Blitz2656|NOT YANMA\n|c|\u2606Profesor Turo|count your days\n|\n|t:|1700167157\n|start\n|switch|p1a: Yanma|Yanma, F|100\/100\n|switch|p2a: Clodsire|Clodsire, M|100\/100\n|turn|1\n|\n|t:|1700167163\n|move|p1a: Yanma|Hypnosis|p2a: Clodsire\n|-status|p2a: Clodsire|slp|[from] move: Hypnosis\n|cant|p2a: Clodsire|slp\n|\n|-ability|p1a: Yanma|Speed Boost|boost\n|-boost|p1a: Yanma|spe|1\n|upkeep\n|turn|2\n|\n|t:|1700167175\n|switch|p1a: Landorus|Landorus-Therian, M|100\/100\n|-ability|p1a: Landorus|Intimidate|boost\n|-unboost|p2a: Clodsire|atk|1\n|cant|p2a: Clodsire|slp\n|\n|upkeep\n|turn|3\n|\n|t:|1700167185\n|move|p1a: Landorus|Earth Power|p2a: Clodsire\n|-supereffective|p2a: Clodsire\n|-damage|p2a: Clodsire|31\/100 slp\n|cant|p2a: Clodsire|slp\n|\n|upkeep\n|turn|4\n|\n|t:|1700167191\n|move|p1a: Landorus|Earth Power|p2a: Clodsire\n|-supereffective|p2a: Clodsire\n|-damage|p2a: Clodsire|0 fnt\n|faint|p2a: Clodsire\n|\n|upkeep\n|\n|t:|1700167197\n|switch|p2a: Palafin|Palafin, M|100\/100\n|turn|5\n|\n|t:|1700167203\n|switch|p1a: Wo-Chien|Wo-Chien|100\/100\n|-ability|p1a: Wo-Chien|Tablets of Ruin\n|move|p2a: Palafin|Ice Beam|p1a: Wo-Chien\n|-supereffective|p1a: Wo-Chien\n|-damage|p1a: Wo-Chien|54\/100\n|\n|-heal|p1a: Wo-Chien|60\/100|[from] item: Leftovers\n|upkeep\n|turn|6\n|\n|t:|1700167211\n|detailschange|p2a: Palafin|Palafin-Hero, M\n|switch|p2a: Dipplin|Dipplin, M|100\/100\n|move|p1a: Wo-Chien|Trailblaze|p2a: Dipplin\n|-resisted|p2a: Dipplin\n|-damage|p2a: Dipplin|98\/100\n|-boost|p1a: Wo-Chien|spe|1\n|\n|-heal|p1a: Wo-Chien|66\/100|[from] item: Leftovers\n|upkeep\n|turn|7\n|\n|t:|1700167218\n|move|p1a: Wo-Chien|Growth|p1a: Wo-Chien\n|-boost|p1a: Wo-Chien|atk|1\n|-boost|p1a: Wo-Chien|spa|1\n|move|p2a: Dipplin|Pounce|p1a: Wo-Chien\n|-supereffective|p1a: Wo-Chien\n|-damage|p1a: Wo-Chien|29\/100\n|-unboost|p1a: Wo-Chien|spe|1\n|\n|-heal|p1a: Wo-Chien|35\/100|[from] item: Leftovers\n|upkeep\n|turn|8\n|\n|t:|1700167223\n|move|p1a: Wo-Chien|Knock Off|p2a: Dipplin\n|-damage|p2a: Dipplin|70\/100\n|-activate|p2a: Dipplin|ability: Sticky Hold\n|move|p2a: Dipplin|Pounce|p1a: Wo-Chien\n|-supereffective|p1a: Wo-Chien\n|-damage|p1a: Wo-Chien|3\/100\n|-unboost|p1a: Wo-Chien|spe|1\n|\n|-heal|p1a: Wo-Chien|9\/100|[from] item: Leftovers\n|upkeep\n|turn|9\n|j| UNBAN KYOGRE\n|\n|t:|1700167229\n|move|p1a: Wo-Chien|Knock Off|p2a: Dipplin\n|-crit|p2a: Dipplin\n|-damage|p2a: Dipplin|26\/100\n|-activate|p2a: Dipplin|ability: Sticky Hold\n|move|p2a: Dipplin|Pounce|p1a: Wo-Chien\n|-supereffective|p1a: Wo-Chien\n|-damage|p1a: Wo-Chien|0 fnt\n|faint|p1a: Wo-Chien\n|\n|upkeep\n|\n|t:|1700167234\n|switch|p1a: Yanma|Yanma, F|100\/100\n|turn|10\n|\n|t:|1700167240\n|move|p1a: Yanma|Hypnosis|p2a: Dipplin|[miss]\n|-miss|p1a: Yanma|p2a: Dipplin\n|move|p2a: Dipplin|Recover|p2a: Dipplin\n|-heal|p2a: Dipplin|76\/100\n|\n|-ability|p1a: Yanma|Speed Boost|boost\n|-boost|p1a: Yanma|spe|1\n|upkeep\n|turn|11\n|\n|t:|1700167249\n|move|p1a: Yanma|Hypnosis|p2a: Dipplin\n|-status|p2a: Dipplin|slp|[from] move: Hypnosis\n|cant|p2a: Dipplin|slp\n|\n|-ability|p1a: Yanma|Speed Boost|boost\n|-boost|p1a: Yanma|spe|1\n|upkeep\n|turn|12\n|\n|t:|1700167256\n|switch|p2a: Clefable|Clefable, M|100\/100\n|move|p1a: Yanma|Swords Dance|p1a: Yanma\n|-boost|p1a: Yanma|atk|2\n|\n|-ability|p1a: Yanma|Speed Boost|boost\n|-boost|p1a: Yanma|spe|1\n|upkeep\n|turn|13\n|\n|t:|1700167262\n|move|p1a: Yanma|Swords Dance|p1a: Yanma\n|-boost|p1a: Yanma|atk|2\n|move|p2a: Clefable|Stealth Rock|p1a: Yanma\n|-sidestart|p1: Profesor Turo|move: Stealth Rock\n|\n|-ability|p1a: Yanma|Speed Boost|boost\n|-boost|p1a: Yanma|spe|1\n|upkeep\n|turn|14\n|\n|t:|1700167266\n|move|p1a: Yanma|Wing Attack|p2a: Clefable\n|-damage|p2a: Clefable|89\/100\n|move|p2a: Clefable|Knock Off|p1a: Yanma\n|-crit|p1a: Yanma\n|-damage|p1a: Yanma|63\/100\n|-enditem|p1a: Yanma|Eviolite|[from] move: Knock Off|[of] p2a: Clefable\n|\n|-heal|p2a: Clefable|95\/100|[from] item: Leftovers\n|-ability|p1a: Yanma|Speed Boost|boost\n|-boost|p1a: Yanma|spe|1\n|upkeep\n|turn|15\n|\n|t:|1700167273\n|move|p1a: Yanma|Wing Attack|p2a: Clefable\n|-damage|p2a: Clefable|81\/100\n|move|p2a: Clefable|Knock Off|p1a: Yanma\n|-damage|p1a: Yanma|37\/100\n|\n|-heal|p2a: Clefable|87\/100|[from] item: Leftovers\n|-ability|p1a: Yanma|Speed Boost|boost\n|-boost|p1a: Yanma|spe|1\n|upkeep\n|turn|16\n|\n|t:|1700167278\n|move|p1a: Yanma|Leech Life|p2a: Clefable\n|-resisted|p2a: Clefable\n|-damage|p2a: Clefable|80\/100\n|-heal|p1a: Yanma|42\/100|[from] drain|[of] p2a: Clefable\n|move|p2a: Clefable|Knock Off|p1a: Yanma\n|-damage|p1a: Yanma|18\/100\n|\n|-heal|p2a: Clefable|86\/100|[from] item: Leftovers\n|upkeep\n|turn|17\n|\n|t:|1700167281\n|move|p1a: Yanma|Wing Attack|p2a: Clefable\n|-damage|p2a: Clefable|72\/100\n|move|p2a: Clefable|Knock Off|p1a: Yanma\n|-crit|p1a: Yanma\n|-damage|p1a: Yanma|0 fnt\n|faint|p1a: Yanma\n|\n|-heal|p2a: Clefable|78\/100|[from] item: Leftovers\n|upkeep\n|l| UNBAN KYOGRE\n|\n|t:|1700167289\n|switch|p1a: Fezandipiti|Fezandipiti, M|100\/100\n|-damage|p1a: Fezandipiti|88\/100|[from] Stealth Rock\n|turn|18\n|\n|t:|1700167301\n|switch|p2a: Empoleon|Empoleon, M|100\/100\n|move|p1a: Fezandipiti|Moonblast|p2a: Empoleon\n|-resisted|p2a: Empoleon\n|-damage|p2a: Empoleon|85\/100\n|\n|-heal|p1a: Fezandipiti|94\/100|[from] item: Leftovers\n|upkeep\n|turn|19\n|\n|t:|1700167306\n|switch|p1a: Slowpoke|Slowpoke, M|100\/100\n|-damage|p1a: Slowpoke|88\/100|[from] Stealth Rock\n|move|p2a: Empoleon|Knock Off|p1a: Slowpoke\n|-supereffective|p1a: Slowpoke\n|-damage|p1a: Slowpoke|49\/100\n|-enditem|p1a: Slowpoke|Eviolite|[from] move: Knock Off|[of] p2a: Empoleon\n|\n|upkeep\n|turn|20\n|\n|t:|1700167313\n|switch|p1a: Landorus|Landorus-Therian, M|100\/100\n|-damage|p1a: Landorus|88\/100|[from] Stealth Rock\n|-ability|p1a: Landorus|Intimidate|boost\n|-unboost|p2a: Empoleon|atk|1\n|move|p2a: Empoleon|Knock Off|p1a: Landorus\n|-damage|p1a: Landorus|71\/100\n|-enditem|p1a: Landorus|Choice Specs|[from] move: Knock Off|[of] p2a: Empoleon\n|\n|upkeep\n|turn|21\n|\n|t:|1700167328\n|switch|p2a: Dipplin|Dipplin, M|76\/100 slp\n|move|p1a: Landorus|Earth Power|p2a: Dipplin\n|-resisted|p2a: Dipplin\n|-damage|p2a: Dipplin|61\/100 slp\n|\n|upkeep\n|turn|22\n|\n|t:|1700167332\n|switch|p1a: Polteageist|Polteageist|100\/100\n|-damage|p1a: Polteageist|88\/100|[from] Stealth Rock\n|cant|p2a: Dipplin|slp\n|\n|upkeep\n|turn|23\n|\n|t:|1700167336\n|move|p1a: Polteageist|Shell Smash|p1a: Polteageist\n|-unboost|p1a: Polteageist|def|1\n|-unboost|p1a: Polteageist|spd|1\n|-boost|p1a: Polteageist|atk|2\n|-boost|p1a: Polteageist|spa|2\n|-boost|p1a: Polteageist|spe|2\n|cant|p2a: Dipplin|slp\n|\n|upkeep\n|turn|24\n|\n|t:|1700167343\n|-curestatus|p2a: Dipplin|slp|[msg]\n|move|p2a: Dipplin|Sucker Punch|p1a: Polteageist\n|-supereffective|p1a: Polteageist\n|-damage|p1a: Polteageist|1\/100\n|-ability|p1a: Polteageist|Weak Armor|boost\n|-unboost|p1a: Polteageist|def|1\n|-boost|p1a: Polteageist|spe|2\n|move|p1a: Polteageist|Poltergeist|p2a: Dipplin\n|-activate|p2a: Dipplin|move: Poltergeist|Eviolite\n|-damage|p2a: Dipplin|24\/100\n|\n|upkeep\n|turn|25\n|\n|t:|1700167349\n|move|p2a: Dipplin|Sucker Punch||[still]\n|-fail|p2a: Dipplin\n|move|p1a: Polteageist|Strength Sap|p2a: Dipplin\n|-unboost|p2a: Dipplin|atk|1\n|-heal|p1a: Polteageist|82\/100\n|\n|upkeep\n|turn|26\n|\n|t:|1700167361\n|move|p1a: Polteageist|Sucker Punch|p2a: Dipplin\n|-damage|p2a: Dipplin|8\/100\n|move|p2a: Dipplin|Dragon Tail|p1a: Polteageist|[miss]\n|-miss|p2a: Dipplin|p1a: Polteageist\n|\n|upkeep\n|turn|27\n|c|\u2606Blitz2656|THAT CAN MISS??\n|c|\u2606Profesor Turo|!dt dragon tail\n|raw|<ul class=\"utilichart\"><li class=\"result\"><span class=\"col movenamecol\"><a href=\"https:\/\/dex.pokemonshowdown.com\/moves\/dragontail\">Dragon Tail<\/a><\/span> <span class=\"col typecol\"><img src=\"\/\/play.pokemonshowdown.com\/sprites\/types\/Dragon.png\" alt=\"Dragon\" width=\"32\" height=\"14\"><img src=\"\/\/play.pokemonshowdown.com\/sprites\/categories\/Physical.png\" alt=\"Physical\" width=\"32\" height=\"14\"><\/span> <span class=\"col labelcol\"><em>Power<\/em><br>60<\/span> <span class=\"col widelabelcol\"><em>Accuracy<\/em><br>90%<\/span> <span class=\"col pplabelcol\"><em>PP<\/em><br>16<\/span> <span class=\"col movedesccol\">Forces the target to switch to a random ally.<\/span> <\/li><li style=\"clear:both\"><\/li><\/ul>\n|raw|<font size=\"1\"><font color=\"#686868\">Priority:<\/font> -6&nbsp;|&ThickSpace;<font color=\"#686868\">Gen:<\/font> 5&nbsp;|&ThickSpace;&#10003; Contact&nbsp;|&ThickSpace;<font color=\"#686868\">Z-Power:<\/font> 120&nbsp;|&ThickSpace;<font color=\"#686868\">Dynamax Power:<\/font> 110&nbsp;|&ThickSpace;<font color=\"#686868\">Target:<\/font> One Adjacent Pok\u00e9mon<\/font>\n\n|\n|t:|1700167379\n|move|p2a: Dipplin|Sucker Punch|p1a: Polteageist\n|-supereffective|p1a: Polteageist\n|-damage|p1a: Polteageist|7\/100\n|-ability|p1a: Polteageist|Weak Armor|boost\n|-unboost|p1a: Polteageist|def|1\n|-boost|p1a: Polteageist|spe|2\n|move|p1a: Polteageist|Poltergeist|p2a: Dipplin\n|-activate|p2a: Dipplin|move: Poltergeist|Eviolite\n|-damage|p2a: Dipplin|0 fnt\n|faint|p2a: Dipplin\n|\n|upkeep\n|\n|t:|1700167387\n|switch|p2a: Clefable|Clefable, M|78\/100\n|turn|28\n|\n|t:|1700167393\n|move|p1a: Polteageist|Strength Sap|p2a: Clefable\n|-unboost|p2a: Clefable|atk|1\n|-heal|p1a: Polteageist|87\/100\n|move|p2a: Clefable|Wish|p2a: Clefable\n|\n|-heal|p2a: Clefable|84\/100|[from] item: Leftovers\n|upkeep\n|turn|29\n|\n|t:|1700167408\n|move|p1a: Polteageist|Poltergeist|p2a: Clefable\n|-activate|p2a: Clefable|move: Poltergeist|Leftovers\n|-damage|p2a: Clefable|48\/100\n|move|p2a: Clefable|Knock Off|p1a: Polteageist\n|-supereffective|p1a: Polteageist\n|-damage|p1a: Polteageist|36\/100\n|-ability|p1a: Polteageist|Weak Armor|boost\n|-unboost|p1a: Polteageist|def|1\n|-enditem|p1a: Polteageist|Focus Sash|[from] move: Knock Off|[of] p2a: Clefable\n|\n|-heal|p2a: Clefable|98\/100|[from] move: Wish|[wisher] Clefable\n|-heal|p2a: Clefable|100\/100|[from] item: Leftovers\n|upkeep\n|turn|30\n|\n|t:|1700167414\n|move|p1a: Polteageist|Strength Sap|p2a: Clefable\n|-unboost|p2a: Clefable|atk|1\n|-heal|p1a: Polteageist|89\/100\n|move|p2a: Clefable|Knock Off|p1a: Polteageist\n|-supereffective|p1a: Polteageist\n|-damage|p1a: Polteageist|65\/100\n|-ability|p1a: Polteageist|Weak Armor|boost\n|-unboost|p1a: Polteageist|def|1\n|\n|upkeep\n|turn|31\n|\n|t:|1700167419\n|move|p1a: Polteageist|Poltergeist|p2a: Clefable\n|-activate|p2a: Clefable|move: Poltergeist|Leftovers\n|-damage|p2a: Clefable|63\/100\n|move|p2a: Clefable|Knock Off|p1a: Polteageist\n|-supereffective|p1a: Polteageist\n|-damage|p1a: Polteageist|40\/100\n|-ability|p1a: Polteageist|Weak Armor|boost\n|-unboost|p1a: Polteageist|def|1\n|\n|-heal|p2a: Clefable|69\/100|[from] item: Leftovers\n|upkeep\n|turn|32\n|\n|t:|1700167423\n|move|p1a: Polteageist|Strength Sap|p2a: Clefable\n|-unboost|p2a: Clefable|atk|1\n|-heal|p1a: Polteageist|79\/100\n|move|p2a: Clefable|Knock Off|p1a: Polteageist\n|-supereffective|p1a: Polteageist\n|-damage|p1a: Polteageist|60\/100\n|\n|-heal|p2a: Clefable|75\/100|[from] item: Leftovers\n|upkeep\n|turn|33\n|\n|t:|1700167427\n|move|p1a: Polteageist|Poltergeist|p2a: Clefable\n|-activate|p2a: Clefable|move: Poltergeist|Leftovers\n|-damage|p2a: Clefable|41\/100\n|move|p2a: Clefable|Knock Off|p1a: Polteageist\n|-supereffective|p1a: Polteageist\n|-damage|p1a: Polteageist|42\/100\n|\n|-heal|p2a: Clefable|47\/100|[from] item: Leftovers\n|upkeep\n|turn|34\n|\n|t:|1700167435\n|switch|p2a: Empoleon|Empoleon, M|85\/100\n|-terastallize|p1a: Polteageist|Ghost\n|move|p1a: Polteageist|Poltergeist|p2a: Empoleon\n|-activate|p2a: Empoleon|move: Poltergeist|Rocky Helmet\n|-damage|p2a: Empoleon|0 fnt\n|faint|p2a: Empoleon\n|\n|upkeep\n|\n|t:|1700167440\n|switch|p2a: Clefable|Clefable, M|47\/100\n|turn|35\n|\n|t:|1700167442\n|move|p1a: Polteageist|Poltergeist|p2a: Clefable\n|-activate|p2a: Clefable|move: Poltergeist|Leftovers\n|-damage|p2a: Clefable|0 fnt\n|faint|p2a: Clefable\n|\n|upkeep\n|\n|t:|1700167445\n|switch|p2a: Garchomp|Garchomp, F|100\/100\n|turn|36\n|c|\u2606Blitz2656|Rip\n|\n|t:|1700167453\n|move|p1a: Polteageist|Poltergeist|p2a: Garchomp\n|-activate|p2a: Garchomp|move: Poltergeist|Rocky Helmet\n|-damage|p2a: Garchomp|26\/100\n|move|p2a: Garchomp|Surf|p1a: Polteageist\n|-damage|p1a: Polteageist|7\/100\n|\n|upkeep\n|turn|37\n|\n|t:|1700167459\n|move|p1a: Polteageist|Sucker Punch|p2a: Garchomp\n|-damage|p2a: Garchomp|0 fnt\n|-damage|p1a: Polteageist|0 fnt|[from] ability: Rough Skin|[of] p2a: Garchomp\n|faint|p2a: Garchomp\n|faint|p1a: Polteageist\n|\n|upkeep\n|\n|t:|1700167463\n|switch|p2a: Palafin|Palafin-Hero, M|100\/100\n|switch|p1a: Fezandipiti|Fezandipiti, M|94\/100\n|-activate|p2a: Palafin|ability: Zero to Hero\n|-damage|p1a: Fezandipiti|82\/100|[from] Stealth Rock\n|turn|38\n|\n|t:|1700167470\n|-terastallize|p2a: Palafin|Normal\n|move|p2a: Palafin|Boomburst|p1a: Fezandipiti\n|-damage|p1a: Fezandipiti|0 fnt\n|faint|p1a: Fezandipiti\n|\n|upkeep\n|c|\u2606Profesor Turo|Oh yeah no i instantly lose\n|c|\u2606Profesor Turo|Ggs\n|\n|t:|1700167480\n|switch|p1a: Landorus|Landorus-Therian, M|71\/100\n|-damage|p1a: Landorus|59\/100|[from] Stealth Rock\n|-ability|p1a: Landorus|Intimidate|boost\n|-unboost|p2a: Palafin|atk|1\n|turn|39\n|c|\u2606Blitz2656|LOL\n|c|\u2606Blitz2656|gg\n|\n|t:|1700167484\n|move|p2a: Palafin|Boomburst|p1a: Landorus\n|-damage|p1a: Landorus|0 fnt\n|faint|p1a: Landorus\n|\n|upkeep\n|\n|t:|1700167487\n|switch|p1a: Slowpoke|Slowpoke, M|83\/100\n|-damage|p1a: Slowpoke|70\/100|[from] Stealth Rock\n|turn|40\n|\n|t:|1700167489\n|move|p2a: Palafin|Boomburst|p1a: Slowpoke\n|-damage|p1a: Slowpoke|0 fnt\n|faint|p1a: Slowpoke\n|\n|win|Blitz2656\n","uploadtime":1700167494,"views":31,"p1id":"profesorturo","p2id":"blitz2656","formatid":"gen9ubers","rating":0,"private":0,"password":""}