{"id":"gen9ubers-1991587313","p1":"ElQuintoEmpotrador","p2":"bo552","format":"[Gen 9] Ubers","log":"|j|\u203dElQuintoEmpotrador\n|j|\u2606bo552\n|t:|1700091342\n|gametype|singles\n|player|p1|ElQuintoEmpotrador|roughneck|1295\n|player|p2|bo552|artist-gen4|1406\n|teamsize|p1|6\n|teamsize|p2|6\n|gen|9\n|tier|[Gen 9] Ubers\n|rated|\n|rule|Sleep Clause Mod: Limit one foe put to sleep\n|rule|Species Clause: Limit one of each Pok\u00e9mon\n|rule|OHKO Clause: OHKO moves are banned\n|rule|Evasion Items Clause: Evasion items are banned\n|rule|Evasion Moves Clause: Evasion moves are banned\n|rule|Endless Battle Clause: Forcing endless battles is banned\n|rule|HP Percentage Mod: HP is shown in percentages\n|clearpoke\n|poke|p1|Kyogre|\n|poke|p1|Groudon|\n|poke|p1|Koraidon|\n|poke|p1|Arceus|\n|poke|p1|Zacian-*|\n|poke|p1|Mewtwo|\n|poke|p2|Sneasler, M|\n|poke|p2|Miraidon|\n|poke|p2|Arceus|\n|poke|p2|Regieleki|\n|poke|p2|Ditto|\n|poke|p2|Groudon|\n|teampreview\n|\n|t:|1700091351\n|start\n|switch|p1a: Koraidon|Koraidon|100\/100\n|switch|p2a: Regieleki|Regieleki|100\/100\n|-weather|SunnyDay|[from] ability: Orichalcum Pulse|[of] p1a: Koraidon\n|-activate|p1a: Koraidon|Orichalcum Pulse|[source]\n|turn|1\n|\n|t:|1700091357\n|switch|p2a: Groudon|Groudon|100\/100\n|move|p1a: Koraidon|Taunt|p2a: Groudon\n|-start|p2a: Groudon|move: Taunt\n|\n|-weather|SunnyDay|[upkeep]\n|upkeep\n|turn|2\n|inactive|Battle timer is ON: inactive players will automatically lose when time's up. (requested by ElQuintoEmpotrador)\n|\n|t:|1700091364\n|switch|p1a: Kyogre|Kyogre|100\/100\n|-weather|RainDance|[from] ability: Drizzle|[of] p1a: Kyogre\n|move|p2a: Groudon|Precipice Blades|p1a: Kyogre\n|-damage|p1a: Kyogre|45\/100\n|\n|-weather|RainDance|[upkeep]\n|upkeep\n|turn|3\n|\n|t:|1700091374\n|switch|p2a: Ditto|Ditto|100\/100\n|-transform|p2a: Ditto|p1a: Kyogre|[from] ability: Imposter\n|move|p1a: Kyogre|Ice Beam|p2a: Ditto\n|-resisted|p2a: Ditto\n|-damage|p2a: Ditto|80\/100\n|-damage|p1a: Kyogre|35\/100|[from] item: Life Orb\n|\n|-weather|RainDance|[upkeep]\n|upkeep\n|turn|4\n|\n|t:|1700091383\n|switch|p1a: Groudon|Groudon|100\/100\n|-weather|SunnyDay|[from] ability: Drought|[of] p1a: Groudon\n|move|p2a: Ditto|Surf|p1a: Groudon\n|-supereffective|p1a: Groudon\n|-damage|p1a: Groudon|37\/100\n|\n|-weather|SunnyDay|[upkeep]\n|upkeep\n|turn|5\n|inactive|bo552 has 120 seconds left.\n|\n|t:|1700091417\n|move|p2a: Ditto|Surf|p1a: Groudon\n|-supereffective|p1a: Groudon\n|-damage|p1a: Groudon|0 fnt\n|faint|p1a: Groudon\n|\n|-weather|SunnyDay|[upkeep]\n|upkeep\n|\n|t:|1700091424\n|switch|p1a: Mewtwo|Mewtwo|100\/100\n|-ability|p1a: Mewtwo|Unnerve\n|turn|6\n|inactive|bo552 has 120 seconds left.\n|\n|t:|1700091441\n|switch|p2a: Regieleki|Regieleki|100\/100\n|move|p1a: Mewtwo|Psystrike|p2a: Regieleki\n|-damage|p2a: Regieleki|0 fnt\n|faint|p2a: Regieleki\n|\n|-weather|SunnyDay|[upkeep]\n|upkeep\n|inactive|bo552 has 120 seconds left.\n|\n|t:|1700091458\n|switch|p2a: Ditto|Ditto|80\/100\n|-transform|p2a: Ditto|p1a: Mewtwo|[from] ability: Imposter\n|-ability|p2a: Ditto|Unnerve\n|turn|7\n|\n|t:|1700091467\n|switch|p1a: Kyogre|Kyogre|35\/100\n|-weather|RainDance|[from] ability: Drizzle|[of] p1a: Kyogre\n|move|p2a: Ditto|Flamethrower|p1a: Kyogre\n|-resisted|p1a: Kyogre\n|-damage|p1a: Kyogre|28\/100\n|-status|p1a: Kyogre|brn\n|\n|-weather|RainDance|[upkeep]\n|-damage|p1a: Kyogre|22\/100 brn|[from] brn\n|upkeep\n|turn|8\n|inactive|bo552 has 120 seconds left.\n|\n|t:|1700091477\n|switch|p2a: Groudon|Groudon|100\/100\n|-weather|SunnyDay|[from] ability: Drought|[of] p2a: Groudon\n|move|p1a: Kyogre|Ice Beam|p2a: Groudon\n|-supereffective|p2a: Groudon\n|-damage|p2a: Groudon|8\/100\n|-damage|p1a: Kyogre|12\/100 brn|[from] item: Life Orb\n|\n|-weather|SunnyDay|[upkeep]\n|-heal|p2a: Groudon|15\/100|[from] item: Leftovers\n|-damage|p1a: Kyogre|6\/100 brn|[from] brn\n|upkeep\n|turn|9\n|inactive|bo552 has 120 seconds left.\n|\n|t:|1700091492\n|move|p2a: Groudon|Protect|p2a: Groudon\n|-singleturn|p2a: Groudon|Protect\n|move|p1a: Kyogre|Ice Beam|p2a: Groudon\n|-activate|p2a: Groudon|move: Protect\n|\n|-weather|SunnyDay|[upkeep]\n|-heal|p2a: Groudon|21\/100|[from] item: Leftovers\n|-damage|p1a: Kyogre|0 fnt|[from] brn\n|faint|p1a: Kyogre\n|upkeep\n|\n|t:|1700091503\n|switch|p1a: Mewtwo|Mewtwo|100\/100\n|-ability|p1a: Mewtwo|Unnerve\n|turn|10\n|\n|t:|1700091512\n|move|p1a: Mewtwo|Psystrike|p2a: Groudon\n|-damage|p2a: Groudon|0 fnt\n|faint|p2a: Groudon\n|\n|-weather|SunnyDay|[upkeep]\n|upkeep\n|\n|t:|1700091515\n|switch|p2a: Miraidon|Miraidon|100\/100\n|-fieldstart|move: Electric Terrain|[from] ability: Hadron Engine|[of] p2a: Miraidon\n|turn|11\n|\n|t:|1700091523\n|move|p2a: Miraidon|Electro Drift|p1a: Mewtwo\n|-damage|p1a: Mewtwo|9\/100\n|move|p1a: Mewtwo|Psystrike|p2a: Miraidon\n|-damage|p2a: Miraidon|37\/100\n|\n|-weather|SunnyDay|[upkeep]\n|upkeep\n|turn|12\n|\n|t:|1700091530\n|move|p2a: Miraidon|Electro Drift|p1a: Mewtwo\n|-damage|p1a: Mewtwo|0 fnt\n|faint|p1a: Mewtwo\n|\n|-weather|none\n|upkeep\n|\n|t:|1700091533\n|switch|p1a: Koraidon|Koraidon|100\/100\n|-weather|SunnyDay|[from] ability: Orichalcum Pulse|[of] p1a: Koraidon\n|-activate|p1a: Koraidon|Orichalcum Pulse|[source]\n|turn|13\n|\n|t:|1700091538\n|switch|p2a: Arceus|Arceus|100\/100\n|move|p1a: Koraidon|Flare Blitz|p2a: Arceus\n|-damage|p2a: Arceus|39\/100\n|-damage|p1a: Koraidon|75\/100|[from] Recoil\n|\n|-weather|SunnyDay|[upkeep]\n|-heal|p1a: Koraidon|81\/100|[from] item: Leftovers\n|upkeep\n|turn|14\n|\n|t:|1700091545\n|move|p2a: Arceus|Extreme Speed|p1a: Koraidon\n|-damage|p1a: Koraidon|36\/100\n|move|p1a: Koraidon|Flare Blitz|p2a: Arceus\n|-damage|p2a: Arceus|0 fnt\n|faint|p2a: Arceus\n|-damage|p1a: Koraidon|20\/100|[from] Recoil\n|\n|-weather|SunnyDay|[upkeep]\n|-heal|p1a: Koraidon|26\/100|[from] item: Leftovers\n|upkeep\n|\n|t:|1700091550\n|switch|p2a: Sneasler|Sneasler, M|100\/100\n|-enditem|p2a: Sneasler|Electric Seed\n|-boost|p2a: Sneasler|def|1|[from] item: Electric Seed\n|turn|15\n|\n|t:|1700091557\n|move|p2a: Sneasler|Acrobatics|p1a: Koraidon\n|-supereffective|p1a: Koraidon\n|-damage|p1a: Koraidon|0 fnt\n|faint|p1a: Koraidon\n|\n|-weather|SunnyDay|[upkeep]\n|-fieldend|move: Electric Terrain\n|upkeep\n|\n|t:|1700091564\n|switch|p1a: Arceus|Arceus|100\/100\n|turn|16\n|\n|t:|1700091578\n|move|p2a: Sneasler|Dire Claw|p1a: Arceus\n|-damage|p1a: Arceus|66\/100\n|move|p1a: Arceus|Swords Dance|p1a: Arceus\n|-boost|p1a: Arceus|atk|2\n|\n|-weather|SunnyDay|[upkeep]\n|-heal|p1a: Arceus|72\/100|[from] item: Leftovers\n|upkeep\n|turn|17\n|\n|t:|1700091583\n|move|p1a: Arceus|Extreme Speed|p2a: Sneasler\n|-damage|p2a: Sneasler|4\/100\n|move|p2a: Sneasler|Close Combat|p1a: Arceus\n|-supereffective|p1a: Arceus\n|-damage|p1a: Arceus|0 fnt\n|-unboost|p2a: Sneasler|def|1\n|-unboost|p2a: Sneasler|spd|1\n|faint|p1a: Arceus\n|\n|-weather|none\n|upkeep\n|\n|t:|1700091586\n|switch|p1a: Zacian|Zacian-Crowned|100\/100\n|-ability|p1a: Zacian|Intrepid Sword|boost\n|-boost|p1a: Zacian|atk|1\n|turn|18\n|\n|t:|1700091593\n|move|p2a: Sneasler|Close Combat|p1a: Zacian\n|-damage|p1a: Zacian|35\/100\n|-unboost|p2a: Sneasler|def|1\n|-unboost|p2a: Sneasler|spd|1\n|move|p1a: Zacian|Behemoth Blade|p2a: Sneasler\n|-damage|p2a: Sneasler|0 fnt\n|faint|p2a: Sneasler\n|\n|upkeep\n|\n|t:|1700091596\n|switch|p2a: Ditto|Ditto|80\/100\n|-transform|p2a: Ditto|p1a: Zacian|[from] ability: Imposter\n|-ability|p2a: Ditto|Intrepid Sword|boost\n|-boost|p2a: Ditto|atk|1\n|turn|19\n|\n|t:|1700091603\n|move|p2a: Ditto|Behemoth Blade|p1a: Zacian\n|-damage|p1a: Zacian|0 fnt\n|faint|p1a: Zacian\n|\n|win|bo552\n|raw|ElQuintoEmpotrador's rating: 1286 &rarr; <strong>1269<\/strong><br \/>(-17 for losing)\n|raw|bo552's rating: 1406 &rarr; <strong>1419<\/strong><br \/>(+13 for winning)\n|l|\u203dElQuintoEmpotrador\n","uploadtime":1700091609,"views":6,"p1id":"elquintoempotrador","p2id":"bo552","formatid":"gen9ubers","rating":1269,"private":0,"password":""}