{"id":"gen9ubers-1998113864","p1":"nincola01","p2":"Emilchelo","format":"[Gen 9] Ubers","log":"|j|\u2606nincola01\n|j|\u203dEmilchelo\n|t:|1700893737\n|gametype|singles\n|player|p1|nincola01|giovanni|1000\n|player|p2|Emilchelo|1|1095\n|teamsize|p1|6\n|teamsize|p2|6\n|gen|9\n|tier|[Gen 9] Ubers\n|rated|\n|rule|Sleep Clause Mod: Limit one foe put to sleep\n|rule|Species Clause: Limit one of each Pok\u00e9mon\n|rule|OHKO Clause: OHKO moves are banned\n|rule|Evasion Items Clause: Evasion items are banned\n|rule|Evasion Moves Clause: Evasion moves are banned\n|rule|Endless Battle Clause: Forcing endless battles is banned\n|rule|HP Percentage Mod: HP is shown in percentages\n|clearpoke\n|poke|p1|Volcarona, M|\n|poke|p1|Corviknight, F|\n|poke|p1|Toxapex, F|\n|poke|p1|Iron Valiant|\n|poke|p1|Gliscor, F|\n|poke|p1|Gastrodon, F|\n|poke|p2|Ting-Lu|\n|poke|p2|Regieleki|\n|poke|p2|Groudon|\n|poke|p2|Arceus-Water|\n|poke|p2|Chansey, F|\n|poke|p2|Kingambit, F|\n|teampreview\n|\n|t:|1700893753\n|start\n|switch|p1a: Gliscor|Gliscor, F, shiny|100\/100\n|switch|p2a: Regieleki|Regieleki|100\/100\n|turn|1\n|\n|t:|1700893771\n|switch|p2a: Ting-Lu|Ting-Lu|100\/100\n|-ability|p2a: Ting-Lu|Vessel of Ruin\n|move|p1a: Gliscor|Stealth Rock|p2a: Ting-Lu\n|-sidestart|p2: Emilchelo|move: Stealth Rock\n|\n|-status|p1a: Gliscor|tox|[from] item: Toxic Orb\n|upkeep\n|turn|2\n|\n|t:|1700893802\n|switch|p1a: Volcarona|Volcarona, M|100\/100\n|move|p2a: Ting-Lu|Stealth Rock|p1a: Volcarona\n|-sidestart|p1: nincola01|move: Stealth Rock\n|\n|upkeep\n|turn|3\n|\n|t:|1700893809\n|move|p1a: Volcarona|Quiver Dance|p1a: Volcarona\n|-boost|p1a: Volcarona|spa|1\n|-boost|p1a: Volcarona|spd|1\n|-boost|p1a: Volcarona|spe|1\n|move|p2a: Ting-Lu|Whirlwind|p1a: Volcarona\n|drag|p1a: Corviknight|Corviknight, F, shiny|100\/100\n|-damage|p1a: Corviknight|88\/100|[from] Stealth Rock\n|\n|-heal|p1a: Corviknight|94\/100|[from] item: Leftovers\n|upkeep\n|turn|4\n|\n|t:|1700893823\n|move|p1a: Corviknight|Defog|p2a: Ting-Lu\n|-unboost|p2a: Ting-Lu|evasion|1\n|-sideend|p2: Emilchelo|Stealth Rock|[from] move: Defog|[of] p1a: Corviknight\n|-sideend|p1: nincola01|Stealth Rock|[from] move: Defog|[of] p1a: Corviknight\n|move|p2a: Ting-Lu|Ruination|p1a: Corviknight\n|-damage|p1a: Corviknight|47\/100\n|\n|-heal|p1a: Corviknight|54\/100|[from] item: Leftovers\n|upkeep\n|turn|5\n|\n|t:|1700893842\n|move|p1a: Corviknight|Body Press|p2a: Ting-Lu\n|-supereffective|p2a: Ting-Lu\n|-damage|p2a: Ting-Lu|78\/100\n|move|p2a: Ting-Lu|Ruination|p1a: Corviknight\n|-damage|p1a: Corviknight|27\/100\n|\n|-heal|p1a: Corviknight|33\/100|[from] item: Leftovers\n|-heal|p2a: Ting-Lu|85\/100|[from] item: Leftovers\n|upkeep\n|turn|6\n|\n|t:|1700893857\n|switch|p1a: Gastrodon|Gastrodon, F, shiny|100\/100\n|move|p2a: Ting-Lu|Whirlwind|p1a: Gastrodon\n|drag|p1a: Iron Valiant|Iron Valiant|100\/100\n|\n|-heal|p2a: Ting-Lu|91\/100|[from] item: Leftovers\n|upkeep\n|turn|7\n|\n|t:|1700893884\n|switch|p2a: Chansey|Chansey, F|100\/100\n|move|p1a: Iron Valiant|Close Combat|p2a: Chansey\n|-supereffective|p2a: Chansey\n|-damage|p2a: Chansey|0 fnt\n|-unboost|p1a: Iron Valiant|def|1\n|-unboost|p1a: Iron Valiant|spd|1\n|faint|p2a: Chansey\n|\n|upkeep\n|\n|t:|1700893897\n|switch|p2a: Arceus|Arceus-Water|100\/100\n|turn|8\n|\n|t:|1700893903\n|-end|p1a: Iron Valiant|Quark Drive|[silent]\n|switch|p1a: Gastrodon|Gastrodon, F, shiny|100\/100\n|move|p2a: Arceus|Calm Mind|p2a: Arceus\n|-boost|p2a: Arceus|spa|1\n|-boost|p2a: Arceus|spd|1\n|\n|upkeep\n|turn|9\n|\n|t:|1700893917\n|move|p2a: Arceus|Ice Beam|p1a: Gastrodon\n|-damage|p1a: Gastrodon|61\/100\n|move|p1a: Gastrodon|Yawn|p2a: Arceus\n|-start|p2a: Arceus|move: Yawn|[of] p1a: Gastrodon\n|\n|upkeep\n|turn|10\n|\n|t:|1700893934\n|move|p2a: Arceus|Ice Beam|p1a: Gastrodon\n|-damage|p1a: Gastrodon|22\/100\n|-status|p1a: Gastrodon|frz\n|-enditem|p1a: Gastrodon|Aguav Berry|[eat]\n|-heal|p1a: Gastrodon|55\/100 frz|[from] item: Aguav Berry\n|cant|p1a: Gastrodon|frz\n|\n|-end|p2a: Arceus|move: Yawn|[silent]\n|-status|p2a: Arceus|slp\n|upkeep\n|turn|11\n|\n|t:|1700893949\n|switch|p1a: Volcarona|Volcarona, M|100\/100\n|cant|p2a: Arceus|slp\n|\n|upkeep\n|turn|12\n|\n|t:|1700893957\n|-curestatus|p2a: Arceus|slp|[msg]\n|move|p2a: Arceus|Judgment|p1a: Volcarona\n|-supereffective|p1a: Volcarona\n|-damage|p1a: Volcarona|0 fnt\n|faint|p1a: Volcarona\n|\n|upkeep\n|\n|t:|1700893969\n|switch|p1a: Toxapex|Toxapex, F, shiny|100\/100\n|turn|13\n|\n|t:|1700893983\n|switch|p2a: Kingambit|Kingambit, F|100\/100\n|-activate|p2a: Kingambit|ability: Supreme Overlord\n|-start|p2a: Kingambit|fallen1|[silent]\n|move|p1a: Toxapex|Toxic Spikes|p2a: Kingambit\n|-sidestart|p2: Emilchelo|move: Toxic Spikes\n|\n|upkeep\n|turn|14\n|\n|t:|1700894001\n|switch|p1a: Gastrodon|Gastrodon, F, shiny|55\/100 frz\n|move|p2a: Kingambit|Swords Dance|p2a: Kingambit\n|-boost|p2a: Kingambit|atk|2\n|\n|upkeep\n|turn|15\n|\n|t:|1700894009\n|move|p2a: Kingambit|Iron Head|p1a: Gastrodon\n|-resisted|p1a: Gastrodon\n|-damage|p1a: Gastrodon|16\/100 frz\n|-curestatus|p1a: Gastrodon|frz|[msg]\n|move|p1a: Gastrodon|Acid Armor|p1a: Gastrodon\n|-boost|p1a: Gastrodon|def|2\n|\n|upkeep\n|turn|16\n|\n|t:|1700894023\n|move|p2a: Kingambit|Iron Head|p1a: Gastrodon\n|-resisted|p1a: Gastrodon\n|-damage|p1a: Gastrodon|0 fnt\n|faint|p1a: Gastrodon\n|\n|upkeep\n|\n|t:|1700894030\n|switch|p1a: Iron Valiant|Iron Valiant|100\/100\n|turn|17\n|\n|t:|1700894036\n|-terastallize|p2a: Kingambit|Flying\n|move|p1a: Iron Valiant|Close Combat|p2a: Kingambit\n|-resisted|p2a: Kingambit\n|-damage|p2a: Kingambit|83\/100\n|-unboost|p1a: Iron Valiant|def|1\n|-unboost|p1a: Iron Valiant|spd|1\n|move|p2a: Kingambit|Iron Head|p1a: Iron Valiant\n|-supereffective|p1a: Iron Valiant\n|-damage|p1a: Iron Valiant|0 fnt\n|faint|p1a: Iron Valiant\n|-end|p1a: Iron Valiant|Quark Drive|[silent]\n|\n|-heal|p2a: Kingambit|90\/100|[from] item: Leftovers\n|upkeep\n|\n|t:|1700894049\n|switch|p1a: Gliscor|Gliscor, F, shiny|100\/100 tox\n|turn|18\n|\n|t:|1700894066\n|move|p1a: Gliscor|Stealth Rock|p2a: Kingambit\n|-sidestart|p2: Emilchelo|move: Stealth Rock\n|move|p2a: Kingambit|Iron Head|p1a: Gliscor\n|-damage|p1a: Gliscor|56\/100 tox\n|\n|-heal|p2a: Kingambit|96\/100|[from] item: Leftovers\n|-heal|p1a: Gliscor|68\/100 tox|[from] ability: Poison Heal\n|upkeep\n|turn|19\n|\n|t:|1700894079\n|move|p1a: Gliscor|Gunk Shot|p2a: Kingambit\n|-damage|p2a: Kingambit|80\/100\n|move|p2a: Kingambit|Iron Head|p1a: Gliscor\n|-damage|p1a: Gliscor|24\/100 tox\n|\n|-heal|p2a: Kingambit|86\/100|[from] item: Leftovers\n|-heal|p1a: Gliscor|37\/100 tox|[from] ability: Poison Heal\n|upkeep\n|turn|20\n|\n|t:|1700894091\n|move|p1a: Gliscor|Protect|p1a: Gliscor\n|-singleturn|p1a: Gliscor|Protect\n|move|p2a: Kingambit|Sucker Punch||[still]\n|-fail|p2a: Kingambit\n|\n|-heal|p2a: Kingambit|92\/100|[from] item: Leftovers\n|-heal|p1a: Gliscor|49\/100 tox|[from] ability: Poison Heal\n|upkeep\n|turn|21\n|\n|t:|1700894102\n|move|p1a: Gliscor|Gunk Shot|p2a: Kingambit\n|-damage|p2a: Kingambit|77\/100\n|move|p2a: Kingambit|Iron Head|p1a: Gliscor\n|-damage|p1a: Gliscor|0 fnt\n|faint|p1a: Gliscor\n|\n|-heal|p2a: Kingambit|83\/100|[from] item: Leftovers\n|upkeep\n|\n|t:|1700894114\n|switch|p1a: Toxapex|Toxapex, F, shiny|100\/100\n|turn|22\n|\n|t:|1700894121\n|move|p2a: Kingambit|Iron Head|p1a: Toxapex\n|-resisted|p1a: Toxapex\n|-damage|p1a: Toxapex|61\/100\n|move|p1a: Toxapex|Gunk Shot|p2a: Kingambit\n|-damage|p2a: Kingambit|61\/100\n|\n|-heal|p2a: Kingambit|68\/100|[from] item: Leftovers\n|upkeep\n|turn|23\n|\n|t:|1700894131\n|move|p2a: Kingambit|Iron Head|p1a: Toxapex\n|-resisted|p1a: Toxapex\n|-damage|p1a: Toxapex|23\/100\n|-enditem|p1a: Toxapex|Aguav Berry|[eat]\n|-heal|p1a: Toxapex|57\/100|[from] item: Aguav Berry\n|move|p1a: Toxapex|Gunk Shot|p2a: Kingambit\n|-damage|p2a: Kingambit|48\/100\n|\n|-heal|p2a: Kingambit|54\/100|[from] item: Leftovers\n|upkeep\n|turn|24\n|\n|t:|1700894144\n|move|p2a: Kingambit|Iron Head|p1a: Toxapex\n|-resisted|p1a: Toxapex\n|-damage|p1a: Toxapex|20\/100\n|move|p1a: Toxapex|Haze|p1a: Toxapex\n|-clearallboost\n|\n|-heal|p2a: Kingambit|60\/100|[from] item: Leftovers\n|upkeep\n|turn|25\n|\n|t:|1700894157\n|move|p2a: Kingambit|Iron Head|p1a: Toxapex\n|-resisted|p1a: Toxapex\n|-damage|p1a: Toxapex|1\/100\n|move|p1a: Toxapex|Gunk Shot|p2a: Kingambit\n|-damage|p2a: Kingambit|40\/100\n|-status|p2a: Kingambit|psn\n|\n|-heal|p2a: Kingambit|46\/100 psn|[from] item: Leftovers\n|-damage|p2a: Kingambit|33\/100 psn|[from] psn\n|upkeep\n|turn|26\n|\n|t:|1700894177\n|switch|p1a: Corviknight|Corviknight, F, shiny|33\/100\n|move|p2a: Kingambit|Iron Head|p1a: Corviknight\n|-resisted|p1a: Corviknight\n|-damage|p1a: Corviknight|23\/100\n|\n|-heal|p1a: Corviknight|29\/100|[from] item: Leftovers\n|-heal|p2a: Kingambit|40\/100 psn|[from] item: Leftovers\n|-damage|p2a: Kingambit|27\/100 psn|[from] psn\n|upkeep\n|turn|27\n|\n|t:|1700894203\n|move|p1a: Corviknight|Bulk Up|p1a: Corviknight\n|-boost|p1a: Corviknight|atk|1\n|-boost|p1a: Corviknight|def|1\n|move|p2a: Kingambit|Iron Head|p1a: Corviknight\n|-resisted|p1a: Corviknight\n|-damage|p1a: Corviknight|21\/100\n|\n|-heal|p1a: Corviknight|27\/100|[from] item: Leftovers\n|-heal|p2a: Kingambit|33\/100 psn|[from] item: Leftovers\n|-damage|p2a: Kingambit|21\/100 psn|[from] psn\n|upkeep\n|turn|28\n|\n|t:|1700894217\n|move|p1a: Corviknight|Bulk Up|p1a: Corviknight\n|-boost|p1a: Corviknight|atk|1\n|-boost|p1a: Corviknight|def|1\n|move|p2a: Kingambit|Low Kick|p1a: Corviknight\n|-damage|p1a: Corviknight|19\/100\n|\n|-heal|p1a: Corviknight|25\/100|[from] item: Leftovers\n|-heal|p2a: Kingambit|27\/100 psn|[from] item: Leftovers\n|-damage|p2a: Kingambit|15\/100 psn|[from] psn\n|upkeep\n|turn|29\n|\n|t:|1700894229\n|move|p1a: Corviknight|Bulk Up|p1a: Corviknight\n|-boost|p1a: Corviknight|atk|1\n|-boost|p1a: Corviknight|def|1\n|move|p2a: Kingambit|Low Kick|p1a: Corviknight\n|-damage|p1a: Corviknight|19\/100\n|\n|-heal|p1a: Corviknight|25\/100|[from] item: Leftovers\n|-heal|p2a: Kingambit|21\/100 psn|[from] item: Leftovers\n|-damage|p2a: Kingambit|9\/100 psn|[from] psn\n|upkeep\n|turn|30\n|\n|t:|1700894242\n|move|p1a: Corviknight|Bulk Up|p1a: Corviknight\n|-boost|p1a: Corviknight|atk|1\n|-boost|p1a: Corviknight|def|1\n|move|p2a: Kingambit|Iron Head|p1a: Corviknight\n|-resisted|p1a: Corviknight\n|-damage|p1a: Corviknight|21\/100\n|\n|-heal|p1a: Corviknight|27\/100|[from] item: Leftovers\n|-heal|p2a: Kingambit|15\/100 psn|[from] item: Leftovers\n|-damage|p2a: Kingambit|2\/100 psn|[from] psn\n|upkeep\n|turn|31\n|\n|t:|1700894257\n|move|p1a: Corviknight|Bulk Up|p1a: Corviknight\n|-boost|p1a: Corviknight|atk|1\n|-boost|p1a: Corviknight|def|1\n|move|p2a: Kingambit|Iron Head|p1a: Corviknight\n|-resisted|p1a: Corviknight\n|-damage|p1a: Corviknight|23\/100\n|\n|-heal|p1a: Corviknight|29\/100|[from] item: Leftovers\n|-heal|p2a: Kingambit|9\/100 psn|[from] item: Leftovers\n|-damage|p2a: Kingambit|0 fnt|[from] psn\n|faint|p2a: Kingambit\n|-end|p2a: Kingambit|fallen1|[silent]\n|upkeep\n|\n|t:|1700894271\n|switch|p2a: Groudon|Groudon|100\/100\n|-status|p2a: Groudon|psn\n|-damage|p2a: Groudon|94\/100 psn|[from] Stealth Rock\n|-weather|SunnyDay|[from] ability: Drought|[of] p2a: Groudon\n|turn|32\n|\n|t:|1700894285\n|move|p2a: Groudon|Heat Crash|p1a: Corviknight\n|-supereffective|p1a: Corviknight\n|-damage|p1a: Corviknight|4\/100\n|move|p1a: Corviknight|Brave Bird|p2a: Groudon\n|-damage|p2a: Groudon|0 fnt\n|faint|p2a: Groudon\n|-damage|p1a: Corviknight|0 fnt|[from] Recoil\n|faint|p1a: Corviknight\n|\n|-weather|SunnyDay|[upkeep]\n|upkeep\n|\n|t:|1700894308\n|switch|p2a: Ting-Lu|Ting-Lu|91\/100\n|switch|p1a: Toxapex|Toxapex, F, shiny|34\/100\n|-status|p2a: Ting-Lu|psn\n|-damage|p2a: Ting-Lu|85\/100 psn|[from] Stealth Rock\n|-ability|p2a: Ting-Lu|Vessel of Ruin\n|turn|33\n|\n|t:|1700894325\n|move|p2a: Ting-Lu|Earthquake|p1a: Toxapex\n|-supereffective|p1a: Toxapex\n|-damage|p1a: Toxapex|0 fnt\n|faint|p1a: Toxapex\n|\n|win|Emilchelo\n|raw|nincola01's rating: 1000 &rarr; <strong>1000<\/strong><br \/>(+0 for losing)\n|raw|Emilchelo's rating: 1095 &rarr; <strong>1114<\/strong><br \/>(+19 for winning)\n|l|\u2606nincola01\n","uploadtime":1700894342,"views":4,"p1id":"nincola01","p2id":"emilchelo","formatid":"gen9ubers","rating":1000,"private":0,"password":""}