{"id":"gen9ubers-1982661552","p1":"OceanicGamer3","p2":"babynogalXD","format":"[Gen 9] Ubers","log":"|j|\u2606OceanicGamer3\n|j|\u2606babynogalXD\n|t:|1699033714\n|gametype|singles\n|player|p1|OceanicGamer3|bugcatcher-gen4dp|\n|player|p2|babynogalXD|hilbert|\n|teamsize|p1|6\n|teamsize|p2|6\n|gen|9\n|tier|[Gen 9] Ubers\n|rule|Sleep Clause Mod: Limit one foe put to sleep\n|rule|Species Clause: Limit one of each Pok\u00e9mon\n|rule|OHKO Clause: OHKO moves are banned\n|rule|Evasion Items Clause: Evasion items are banned\n|rule|Evasion Moves Clause: Evasion moves are banned\n|rule|Endless Battle Clause: Forcing endless battles is banned\n|rule|HP Percentage Mod: HP is shown in percentages\n|clearpoke\n|poke|p1|Kommo-o, M|\n|poke|p1|Mimikyu, F|\n|poke|p1|Spectrier|\n|poke|p1|Arceus-Poison|\n|poke|p1|Volcarona, F|\n|poke|p1|Urshifu-*, F|\n|poke|p2|Cyclizar, F|\n|poke|p2|Roaring Moon|\n|poke|p2|Spectrier|\n|poke|p2|Zamazenta-*|\n|poke|p2|Dialga|\n|poke|p2|Arceus-Ghost|\n|teampreview\n|\n|t:|1699033721\n|start\n|switch|p1a: Mimikyu|Mimikyu, F, shiny|100\/100\n|switch|p2a: Cyclizar|Cyclizar, F|100\/100\n|turn|1\n|c|\u2606OceanicGamer3|Glhf\n|\n|t:|1699033730\n|move|p2a: Cyclizar|Shed Tail|p2a: Cyclizar\n|-start|p2a: Cyclizar|Substitute|[from] move: Shed Tail\n|-damage|p2a: Cyclizar|50\/100\n|\n|t:|1699033742\n|switch|p2a: Dialga|Dialga|100\/100|[from] Shed Tail\n|-ability|p2a: Dialga|Pressure\n|move|p1a: Mimikyu|Copycat|p1a: Mimikyu\n|move|p1a: Mimikyu|Shed Tail|p1a: Mimikyu|[from]move: Copycat\n|-start|p1a: Mimikyu|Substitute|[from] move: Shed Tail\n|-damage|p1a: Mimikyu|50\/100\n|\n|t:|1699033751\n|switch|p1a: Kommo-o|Kommo-o, M|100\/100|[from] Shed Tail\n|\n|upkeep\n|turn|2\n|\n|t:|1699033757\n|move|p1a: Kommo-o|Drain Punch|p2a: Dialga\n|-supereffective|p2a: Dialga\n|-end|p2a: Dialga|Substitute\n|move|p2a: Dialga|Stealth Rock|p1a: Kommo-o\n|-sidestart|p1: OceanicGamer3|move: Stealth Rock\n|\n|upkeep\n|turn|3\n|\n|t:|1699033768\n|move|p1a: Kommo-o|Drain Punch|p2a: Dialga\n|-supereffective|p2a: Dialga\n|-damage|p2a: Dialga|58\/100\n|move|p2a: Dialga|Roar|p1a: Kommo-o\n|-immune|p1a: Kommo-o|[from] ability: Soundproof\n|\n|upkeep\n|turn|4\n|\n|t:|1699033774\n|move|p1a: Kommo-o|Drain Punch|p2a: Dialga\n|-supereffective|p2a: Dialga\n|-damage|p2a: Dialga|15\/100\n|move|p2a: Dialga|Draco Meteor|p1a: Kommo-o\n|-supereffective|p1a: Kommo-o\n|-end|p1a: Kommo-o|Substitute\n|-unboost|p2a: Dialga|spa|2\n|\n|upkeep\n|turn|5\n|\n|t:|1699033780\n|move|p1a: Kommo-o|Substitute|p1a: Kommo-o\n|-start|p1a: Kommo-o|Substitute\n|-damage|p1a: Kommo-o|75\/100\n|move|p2a: Dialga|Draco Meteor|p1a: Kommo-o\n|-supereffective|p1a: Kommo-o\n|-end|p1a: Kommo-o|Substitute\n|-unboost|p2a: Dialga|spa|2\n|\n|upkeep\n|turn|6\n|\n|t:|1699033796\n|switch|p2a: Arceus|Arceus-Ghost|100\/100\n|-terastallize|p1a: Kommo-o|Steel\n|move|p1a: Kommo-o|Belly Drum|p1a: Kommo-o\n|-damage|p1a: Kommo-o|25\/100\n|-setboost|p1a: Kommo-o|atk|6|[from] move: Belly Drum\n|-enditem|p1a: Kommo-o|Salac Berry|[eat]\n|-boost|p1a: Kommo-o|spe|1|[from] item: Salac Berry\n|\n|upkeep\n|turn|7\n|\n|t:|1699033805\n|move|p1a: Kommo-o|Iron Head|p2a: Arceus\n|-damage|p2a: Arceus|0 fnt\n|faint|p2a: Arceus\n|\n|upkeep\n|inactive|Battle timer is ON: inactive players will automatically lose when time's up. (requested by OceanicGamer3)\n|\n|t:|1699033830\n|switch|p2a: Cyclizar|Cyclizar, F|84\/100\n|turn|8\n|\n|t:|1699033835\n|move|p2a: Cyclizar|Shed Tail|p2a: Cyclizar\n|-start|p2a: Cyclizar|Substitute|[from] move: Shed Tail\n|-damage|p2a: Cyclizar|34\/100\n|\n|t:|1699033837\n|switch|p2a: Zamazenta|Zamazenta-Crowned|100\/100|[from] Shed Tail\n|-ability|p2a: Zamazenta|Dauntless Shield|boost\n|-boost|p2a: Zamazenta|def|1\n|move|p1a: Kommo-o|Iron Head|p2a: Zamazenta\n|-resisted|p2a: Zamazenta\n|-end|p2a: Zamazenta|Substitute\n|\n|upkeep\n|turn|9\n|\n|t:|1699033845\n|-terastallize|p2a: Zamazenta|Water\n|move|p1a: Kommo-o|Drain Punch|p2a: Zamazenta\n|-crit|p2a: Zamazenta\n|-damage|p2a: Zamazenta|0 fnt\n|-heal|p1a: Kommo-o|92\/100|[from] drain|[of] p2a: Zamazenta\n|faint|p2a: Zamazenta\n|\n|upkeep\n|c|\u2606OceanicGamer3|Oh dam\n|c|\u2606OceanicGamer3|;(\n|inactive|babynogalXD has 270 seconds left.\n|c|\u2606babynogalXD|Dude\n|inactive|babynogalXD has 240 seconds left.\n|-message|babynogalXD forfeited.\n|\n|win|OceanicGamer3\n|l|\u2606babynogalXD\n","uploadtime":1699033922,"views":20,"p1id":"oceanicgamer3","p2id":"babynogalxd","formatid":"gen9ubers","rating":0,"private":0,"password":""}