{"id":"gen9ubers-1974333804","p1":"Tail long","p2":"Anne Frankkkk","format":"[Gen 9] Ubers","log":"|j|\u2606Tail long\n|j|\u2606Anne Frankkkk\n|t:|1698078698\n|gametype|singles\n|player|p1|Tail long|1|1139\n|player|p2|Anne Frankkkk|hilbert|1162\n|teamsize|p1|6\n|teamsize|p2|6\n|gen|9\n|tier|[Gen 9] Ubers\n|rated|\n|rule|Sleep Clause Mod: Limit one foe put to sleep\n|rule|Species Clause: Limit one of each Pok\u00e9mon\n|rule|OHKO Clause: OHKO moves are banned\n|rule|Evasion Items Clause: Evasion items are banned\n|rule|Evasion Moves Clause: Evasion moves are banned\n|rule|Endless Battle Clause: Forcing endless battles is banned\n|rule|HP Percentage Mod: HP is shown in percentages\n|clearpoke\n|poke|p1|Baxcalibur, M|\n|poke|p1|Landorus, M|\n|poke|p1|Arceus-Fairy|\n|poke|p1|Chi-Yu|\n|poke|p1|Kyogre|\n|poke|p1|Mewtwo|\n|poke|p2|Iron Hands|\n|poke|p2|Kyogre|\n|poke|p2|Chien-Pao|\n|poke|p2|Ribombee, M|\n|poke|p2|Miraidon|\n|poke|p2|Flutter Mane|\n|teampreview\n|inactive|Battle timer is ON: inactive players will automatically lose when time's up. (requested by Anne Frankkkk)\n|\n|t:|1698078710\n|start\n|switch|p1a: Baxcalibur|Baxcalibur, M|100\/100\n|switch|p2a: Ribombee|Ribombee, M, shiny|100\/100\n|turn|1\n|\n|t:|1698078714\n|move|p2a: Ribombee|Sticky Web|p1a: Baxcalibur\n|-sidestart|p1: Tail long|move: Sticky Web\n|move|p1a: Baxcalibur|Dragon Dance|p1a: Baxcalibur\n|-boost|p1a: Baxcalibur|atk|1\n|-boost|p1a: Baxcalibur|spe|1\n|\n|upkeep\n|turn|2\n|\n|t:|1698078718\n|move|p1a: Baxcalibur|Icicle Spear|p2a: Ribombee\n|-damage|p2a: Ribombee|51\/100\n|-damage|p2a: Ribombee|7\/100\n|-damage|p2a: Ribombee|0 fnt\n|faint|p2a: Ribombee\n|-hitcount|p2: Ribombee|3\n|\n|upkeep\n|\n|t:|1698078727\n|switch|p2a: Iron Hands|Iron Hands, shiny|100\/100\n|turn|3\n|\n|t:|1698078731\n|move|p2a: Iron Hands|Fake Out|p1a: Baxcalibur\n|-damage|p1a: Baxcalibur|83\/100\n|cant|p1a: Baxcalibur|flinch\n|\n|upkeep\n|turn|4\n|\n|t:|1698078738\n|move|p1a: Baxcalibur|Earthquake|p2a: Iron Hands\n|-supereffective|p2a: Iron Hands\n|-damage|p2a: Iron Hands|19\/100\n|move|p2a: Iron Hands|Drain Punch|p1a: Baxcalibur\n|-supereffective|p1a: Baxcalibur\n|-damage|p1a: Baxcalibur|0 fnt\n|-heal|p2a: Iron Hands|49\/100|[from] drain|[of] p1a: Baxcalibur\n|faint|p1a: Baxcalibur\n|\n|upkeep\n|\n|t:|1698078754\n|switch|p1a: Landorus|Landorus, M|100\/100\n|turn|5\n|\n|t:|1698078760\n|move|p1a: Landorus|Psychic|p2a: Iron Hands\n|-supereffective|p2a: Iron Hands\n|-damage|p2a: Iron Hands|0 fnt\n|faint|p2a: Iron Hands\n|-end|p2a: Iron Hands|Quark Drive|[silent]\n|\n|upkeep\n|\n|t:|1698078772\n|switch|p2a: Chien-Pao|Chien-Pao|100\/100\n|-ability|p2a: Chien-Pao|Sword of Ruin\n|turn|6\n|\n|t:|1698078783\n|move|p2a: Chien-Pao|Ice Spinner|p1a: Landorus\n|-supereffective|p1a: Landorus\n|-damage|p1a: Landorus|0 fnt\n|faint|p1a: Landorus\n|-damage|p2a: Chien-Pao|91\/100|[from] item: Life Orb\n|\n|upkeep\n|\n|t:|1698078789\n|switch|p1a: Chi-Yu|Chi-Yu|100\/100\n|-activate|p1a: Chi-Yu|move: Sticky Web\n|-unboost|p1a: Chi-Yu|spe|1\n|-ability|p1a: Chi-Yu|Beads of Ruin\n|turn|7\n|\n|t:|1698078798\n|switch|p1a: Arceus|Arceus-Fairy|100\/100\n|-activate|p1a: Arceus|move: Sticky Web\n|-unboost|p1a: Arceus|spe|1\n|move|p2a: Chien-Pao|Sacred Sword|p1a: Arceus\n|-resisted|p1a: Arceus\n|-damage|p1a: Arceus|84\/100\n|-damage|p2a: Chien-Pao|81\/100|[from] item: Life Orb\n|\n|upkeep\n|turn|8\n|\n|t:|1698078806\n|move|p2a: Chien-Pao|Ice Spinner|p1a: Arceus\n|-damage|p1a: Arceus|37\/100\n|-damage|p2a: Chien-Pao|71\/100|[from] item: Life Orb\n|move|p1a: Arceus|Calm Mind|p1a: Arceus\n|-boost|p1a: Arceus|spa|1\n|-boost|p1a: Arceus|spd|1\n|\n|upkeep\n|turn|9\n|\n|t:|1698078811\n|move|p2a: Chien-Pao|Ice Spinner|p1a: Arceus\n|-damage|p1a: Arceus|0 fnt\n|faint|p1a: Arceus\n|-damage|p2a: Chien-Pao|61\/100|[from] item: Life Orb\n|\n|upkeep\n|-message|Tail long forfeited.\n|\n|win|Anne Frankkkk\n|raw|Tail long's rating: 1139 &rarr; <strong>1116<\/strong><br \/>(-23 for losing)\n|raw|Anne Frankkkk's rating: 1162 &rarr; <strong>1185<\/strong><br \/>(+23 for winning)\n|l|\u2606Tail long\n","uploadtime":1698078824,"views":9,"p1id":"taillong","p2id":"annefrankkkk","formatid":"gen9ubers","rating":1116,"private":0,"password":""}