{"id":"gen9ubers-1969961885","p1":"marcelotrololol","p2":"EvilMsSmash","format":"[Gen 9] Ubers","log":"|j|\u2606marcelotrololol\n|j|\u2606EvilMsSmash\n|t:|1697579882\n|gametype|singles\n|player|p1|marcelotrololol|lance|1440\n|player|p2|EvilMsSmash|nobunaga-conquest|1396\n|teamsize|p1|6\n|teamsize|p2|6\n|gen|9\n|tier|[Gen 9] Ubers\n|rated|\n|rule|Sleep Clause Mod: Limit one foe put to sleep\n|rule|Species Clause: Limit one of each Pok\u00e9mon\n|rule|OHKO Clause: OHKO moves are banned\n|rule|Evasion Items Clause: Evasion items are banned\n|rule|Evasion Moves Clause: Evasion moves are banned\n|rule|Endless Battle Clause: Forcing endless battles is banned\n|rule|HP Percentage Mod: HP is shown in percentages\n|clearpoke\n|poke|p1|Giratina|\n|poke|p1|Zacian-*|\n|poke|p1|Samurott-Hisui, M|\n|poke|p1|Miraidon|\n|poke|p1|Ting-Lu|\n|poke|p1|Mewtwo|\n|poke|p2|Kyogre|\n|poke|p2|Koraidon|\n|poke|p2|Iron Treads|\n|poke|p2|Eternatus|\n|poke|p2|Arceus-Fairy|\n|poke|p2|Kingambit, F|\n|teampreview\n|inactive|Battle timer is ON: inactive players will automatically lose when time's up. (requested by EvilMsSmash)\n|\n|t:|1697579928\n|start\n|switch|p1a: Zacian|Zacian-Crowned|100\/100\n|switch|p2a: Kyogre|Kyogre|100\/100\n|-weather|RainDance|[from] ability: Drizzle|[of] p2a: Kyogre\n|-ability|p1a: Zacian|Intrepid Sword|boost\n|-boost|p1a: Zacian|atk|1\n|turn|1\n|\n|t:|1697579936\n|move|p2a: Kyogre|Water Spout|p1a: Zacian\n|-damage|p1a: Zacian|0 fnt\n|faint|p1a: Zacian\n|\n|-weather|RainDance|[upkeep]\n|upkeep\n|\n|t:|1697579946\n|switch|p1a: Miraidon|Miraidon|100\/100\n|-fieldstart|move: Electric Terrain|[from] ability: Hadron Engine|[of] p1a: Miraidon\n|turn|2\n|\n|t:|1697579953\n|switch|p2a: Iron Treads|Iron Treads|100\/100\n|-activate|p2a: Iron Treads|ability: Quark Drive\n|-start|p2a: Iron Treads|quarkdrivespd\n|move|p1a: Miraidon|U-turn|p2a: Iron Treads\n|-resisted|p2a: Iron Treads\n|-damage|p2a: Iron Treads|96\/100\n|\n|t:|1697579962\n|switch|p1a: Samurott|Samurott-Hisui, M|100\/100|[from] U-turn\n|\n|-weather|RainDance|[upkeep]\n|-heal|p2a: Iron Treads|100\/100|[from] item: Leftovers\n|upkeep\n|turn|3\n|\n|t:|1697579968\n|-end|p2a: Iron Treads|Quark Drive|[silent]\n|switch|p2a: Arceus|Arceus-Fairy|100\/100\n|move|p1a: Samurott|Ceaseless Edge|p2a: Arceus\n|-resisted|p2a: Arceus\n|-damage|p2a: Arceus|88\/100\n|-sidestart|p2: EvilMsSmash|Spikes\n|\n|-weather|RainDance|[upkeep]\n|upkeep\n|turn|4\n|j| SpencerJRock\n|\n|t:|1697579976\n|move|p2a: Arceus|Calm Mind|p2a: Arceus\n|-boost|p2a: Arceus|spa|1\n|-boost|p2a: Arceus|spd|1\n|move|p1a: Samurott|Aqua Cutter|p2a: Arceus\n|-damage|p2a: Arceus|47\/100\n|\n|-weather|RainDance|[upkeep]\n|upkeep\n|turn|5\n|\n|t:|1697579983\n|move|p2a: Arceus|Recover|p2a: Arceus\n|-heal|p2a: Arceus|97\/100\n|move|p1a: Samurott|Aqua Cutter|p2a: Arceus\n|-damage|p2a: Arceus|57\/100\n|\n|-weather|none\n|upkeep\n|turn|6\n|\n|t:|1697580000\n|move|p2a: Arceus|Recover|p2a: Arceus\n|-heal|p2a: Arceus|100\/100\n|move|p1a: Samurott|Ceaseless Edge|p2a: Arceus\n|-resisted|p2a: Arceus\n|-damage|p2a: Arceus|88\/100\n|-sidestart|p2: EvilMsSmash|Spikes\n|\n|-fieldend|move: Electric Terrain\n|upkeep\n|turn|7\n|\n|t:|1697580014\n|switch|p1a: Ting-Lu|Ting-Lu|100\/100\n|-ability|p1a: Ting-Lu|Vessel of Ruin\n|move|p2a: Arceus|Calm Mind|p2a: Arceus\n|-boost|p2a: Arceus|spa|1\n|-boost|p2a: Arceus|spd|1\n|\n|upkeep\n|turn|8\n|\n|t:|1697580023\n|-terastallize|p1a: Ting-Lu|Fairy\n|move|p2a: Arceus|Judgment|p1a: Ting-Lu\n|-damage|p1a: Ting-Lu|51\/100\n|move|p1a: Ting-Lu|Whirlwind|p2a: Arceus\n|drag|p2a: Kyogre|Kyogre|100\/100\n|-damage|p2a: Kyogre|84\/100|[from] Spikes\n|-weather|RainDance|[from] ability: Drizzle|[of] p2a: Kyogre\n|\n|-weather|RainDance|[upkeep]\n|-heal|p1a: Ting-Lu|57\/100|[from] item: Leftovers\n|upkeep\n|turn|9\n|\n|t:|1697580038\n|switch|p1a: Samurott|Samurott-Hisui, M|100\/100\n|-terastallize|p2a: Kyogre|Water\n|move|p2a: Kyogre|Water Spout|p1a: Samurott\n|-resisted|p1a: Samurott\n|-enditem|p1a: Samurott|Focus Sash\n|-damage|p1a: Samurott|1\/100\n|\n|-weather|RainDance|[upkeep]\n|upkeep\n|turn|10\n|\n|t:|1697580048\n|move|p1a: Samurott|Aqua Jet|p2a: Kyogre\n|-resisted|p2a: Kyogre\n|-damage|p2a: Kyogre|67\/100\n|move|p2a: Kyogre|Water Spout|p1a: Samurott\n|-resisted|p1a: Samurott\n|-damage|p1a: Samurott|0 fnt\n|faint|p1a: Samurott\n|\n|-weather|RainDance|[upkeep]\n|upkeep\n|\n|t:|1697580067\n|switch|p1a: Miraidon|Miraidon|100\/100\n|-fieldstart|move: Electric Terrain|[from] ability: Hadron Engine|[of] p1a: Miraidon\n|turn|11\n|l| SpencerJRock\n|\n|t:|1697580073\n|switch|p2a: Iron Treads|Iron Treads|100\/100\n|-damage|p2a: Iron Treads|84\/100|[from] Spikes\n|-activate|p2a: Iron Treads|ability: Quark Drive\n|-start|p2a: Iron Treads|quarkdrivespd\n|move|p1a: Miraidon|Electro Drift|p2a: Iron Treads\n|-immune|p2a: Iron Treads\n|\n|-weather|RainDance|[upkeep]\n|-heal|p2a: Iron Treads|90\/100|[from] item: Leftovers\n|upkeep\n|turn|12\n|\n|t:|1697580084\n|switch|p1a: Giratina|Giratina|100\/100\n|-ability|p1a: Giratina|Pressure\n|move|p2a: Iron Treads|Knock Off|p1a: Giratina\n|-supereffective|p1a: Giratina\n|-damage|p1a: Giratina|73\/100\n|-enditem|p1a: Giratina|Leftovers|[from] move: Knock Off|[of] p2a: Iron Treads\n|\n|-weather|none\n|-heal|p2a: Iron Treads|96\/100|[from] item: Leftovers\n|upkeep\n|turn|13\n|\n|t:|1697580094\n|move|p2a: Iron Treads|Stealth Rock|p1a: Giratina\n|-sidestart|p1: marcelotrololol|move: Stealth Rock\n|move|p1a: Giratina|Dragon Tail|p2a: Iron Treads\n|-resisted|p2a: Iron Treads\n|-damage|p2a: Iron Treads|86\/100\n|-end|p2a: Iron Treads|Quark Drive|[silent]\n|drag|p2a: Kingambit|Kingambit, F|100\/100\n|-damage|p2a: Kingambit|84\/100|[from] Spikes\n|\n|-heal|p2a: Kingambit|90\/100|[from] item: Leftovers\n|upkeep\n|turn|14\n|\n|t:|1697580104\n|-end|p2a: Kingambit|fallenundefined|[silent]\n|switch|p2a: Arceus|Arceus-Fairy|88\/100\n|-damage|p2a: Arceus|72\/100|[from] Spikes\n|move|p1a: Giratina|Will-O-Wisp|p2a: Arceus\n|-status|p2a: Arceus|brn\n|\n|-damage|p2a: Arceus|66\/100 brn|[from] brn\n|upkeep\n|turn|15\n|\n|t:|1697580114\n|switch|p1a: Ting-Lu|Ting-Lu, tera:Fairy|57\/100\n|-damage|p1a: Ting-Lu|44\/100|[from] Stealth Rock\n|-ability|p1a: Ting-Lu|Vessel of Ruin\n|move|p2a: Arceus|Judgment|p1a: Ting-Lu\n|-damage|p1a: Ting-Lu|17\/100\n|\n|-heal|p1a: Ting-Lu|23\/100|[from] item: Leftovers\n|-damage|p2a: Arceus|60\/100 brn|[from] brn\n|-fieldend|move: Electric Terrain\n|upkeep\n|turn|16\n|\n|t:|1697580126\n|move|p2a: Arceus|Judgment|p1a: Ting-Lu\n|-damage|p1a: Ting-Lu|0 fnt\n|faint|p1a: Ting-Lu\n|\n|-damage|p2a: Arceus|53\/100 brn|[from] brn\n|upkeep\n|\n|t:|1697580132\n|switch|p1a: Mewtwo|Mewtwo|100\/100\n|-damage|p1a: Mewtwo|88\/100|[from] Stealth Rock\n|-ability|p1a: Mewtwo|Pressure\n|turn|17\n|\n|t:|1697580137\n|move|p1a: Mewtwo|Psystrike|p2a: Arceus\n|-damage|p2a: Arceus|9\/100 brn\n|-damage|p1a: Mewtwo|78\/100|[from] item: Life Orb\n|move|p2a: Arceus|Earth Power|p1a: Mewtwo\n|-damage|p1a: Mewtwo|54\/100\n|\n|-damage|p2a: Arceus|2\/100 brn|[from] brn\n|upkeep\n|turn|18\n|\n|t:|1697580147\n|move|p1a: Mewtwo|Ice Beam|p2a: Arceus\n|-damage|p2a: Arceus|0 fnt\n|faint|p2a: Arceus\n|-damage|p1a: Mewtwo|44\/100|[from] item: Life Orb\n|\n|upkeep\n|\n|t:|1697580150\n|switch|p2a: Kyogre|Kyogre, tera:Water|67\/100\n|-damage|p2a: Kyogre|51\/100|[from] Spikes\n|-weather|RainDance|[from] ability: Drizzle|[of] p2a: Kyogre\n|turn|19\n|\n|t:|1697580158\n|switch|p1a: Giratina|Giratina|73\/100\n|-damage|p1a: Giratina|61\/100|[from] Stealth Rock\n|-ability|p1a: Giratina|Pressure\n|move|p2a: Kyogre|Surf|p1a: Giratina\n|-resisted|p1a: Giratina\n|-damage|p1a: Giratina|31\/100\n|\n|-weather|RainDance|[upkeep]\n|upkeep\n|turn|20\n|\n|t:|1697580179\n|switch|p2a: Kingambit|Kingambit, F|90\/100\n|-damage|p2a: Kingambit|74\/100|[from] Spikes\n|-activate|p2a: Kingambit|ability: Supreme Overlord\n|-start|p2a: Kingambit|fallen1|[silent]\n|move|p1a: Giratina|Dragon Tail|p2a: Kingambit\n|-resisted|p2a: Kingambit\n|-damage|p2a: Kingambit|65\/100\n|-end|p2a: Kingambit|fallen1|[silent]\n|drag|p2a: Kyogre|Kyogre, tera:Water|51\/100\n|-damage|p2a: Kyogre|34\/100|[from] Spikes\n|\n|-weather|RainDance|[upkeep]\n|upkeep\n|turn|21\n|\n|t:|1697580197\n|move|p1a: Giratina|Shadow Sneak|p2a: Kyogre\n|-damage|p2a: Kyogre|18\/100\n|move|p2a: Kyogre|Ice Beam|p1a: Giratina\n|-supereffective|p1a: Giratina\n|-crit|p1a: Giratina\n|-damage|p1a: Giratina|0 fnt\n|faint|p1a: Giratina\n|\n|-weather|RainDance|[upkeep]\n|upkeep\n|\n|t:|1697580204\n|switch|p1a: Miraidon|Miraidon|100\/100\n|-damage|p1a: Miraidon|88\/100|[from] Stealth Rock\n|-fieldstart|move: Electric Terrain|[from] ability: Hadron Engine|[of] p1a: Miraidon\n|turn|22\n|\n|t:|1697580210\n|move|p1a: Miraidon|U-turn|p2a: Kyogre\n|-damage|p2a: Kyogre|4\/100\n|\n|t:|1697580214\n|switch|p1a: Mewtwo|Mewtwo|44\/100|[from] U-turn\n|-damage|p1a: Mewtwo|31\/100|[from] Stealth Rock\n|-ability|p1a: Mewtwo|Pressure\n|move|p2a: Kyogre|Ice Beam|p1a: Mewtwo\n|-damage|p1a: Mewtwo|0 fnt\n|faint|p1a: Mewtwo\n|\n|-weather|RainDance|[upkeep]\n|upkeep\n|-message|marcelotrololol forfeited.\n|\n|win|EvilMsSmash\n|raw|marcelotrololol's rating: 1440 &rarr; <strong>1417<\/strong><br \/>(-23 for losing)\n|raw|EvilMsSmash's rating: 1396 &rarr; <strong>1419<\/strong><br \/>(+23 for winning)\n|l|\u2606marcelotrololol\n|l|\u2606EvilMsSmash\n|j|\u2606EvilMsSmash\n|player|p2|EvilMsSmash|nobunaga-conquest\n","uploadtime":1697580308,"views":13,"p1id":"marcelotrololol","p2id":"evilmssmash","formatid":"gen9ubers","rating":1417,"private":0,"password":""}