{"id":"gen9ubers-1974479047","p1":"Rei_darkness","p2":"TRaSHiNSeCT","format":"[Gen 9] Ubers","log":"|j|\u2606Rei_darkness\n|j|\u2606TRaSHiNSeCT\n|t:|1698090375\n|gametype|singles\n|player|p1|Rei_darkness|drayden|\n|player|p2|TRaSHiNSeCT|workerice|\n|teamsize|p1|6\n|teamsize|p2|6\n|gen|9\n|tier|[Gen 9] Ubers\n|rule|Sleep Clause Mod: Limit one foe put to sleep\n|rule|Species Clause: Limit one of each Pok\u00e9mon\n|rule|OHKO Clause: OHKO moves are banned\n|rule|Evasion Items Clause: Evasion items are banned\n|rule|Evasion Moves Clause: Evasion moves are banned\n|rule|Endless Battle Clause: Forcing endless battles is banned\n|rule|HP Percentage Mod: HP is shown in percentages\n|clearpoke\n|poke|p1|Slowbro-Galar, F|\n|poke|p1|Klefki, M|\n|poke|p1|Calyrex-Ice|\n|poke|p1|Victreebel, F|\n|poke|p1|Scovillain, F|\n|poke|p1|Koraidon|\n|poke|p2|Slowking-Galar, M|\n|poke|p2|Torkoal, M|\n|poke|p2|Amoonguss, F|\n|poke|p2|Toedscruel, M|\n|poke|p2|Greninja-*, M|\n|poke|p2|Mesprit|\n|teampreview\n|\n|t:|1698090383\n|start\n|switch|p1a: actualboxleg|Koraidon|100\/100\n|switch|p2a: Mesprit|Mesprit|100\/100\n|-weather|SunnyDay|[from] ability: Orichalcum Pulse|[of] p1a: actualboxleg\n|-activate|p1a: actualboxleg|Orichalcum Pulse|[source]\n|turn|1\n|\n|t:|1698090392\n|move|p1a: actualboxleg|Fire Spin|p2a: Mesprit\n|-damage|p2a: Mesprit|86\/100\n|-activate|p2a: Mesprit|move: Fire Spin|[of] p1a: actualboxleg\n|move|p2a: Mesprit|Mystical Power|p1a: actualboxleg\n|-supereffective|p1a: actualboxleg\n|-damage|p1a: actualboxleg|27\/100\n|-boost|p2a: Mesprit|spa|1\n|\n|-weather|SunnyDay|[upkeep]\n|-heal|p2a: Mesprit|93\/100|[from] item: Leftovers\n|-damage|p2a: Mesprit|80\/100|[from] move: Fire Spin|[partiallytrapped]\n|upkeep\n|turn|2\n|\n|t:|1698090411\n|switch|p1a: I die now|Klefki, M|100\/100\n|move|p2a: Mesprit|Mystical Power|p1a: I die now\n|-resisted|p1a: I die now\n|-damage|p1a: I die now|70\/100\n|-boost|p2a: Mesprit|spa|1\n|\n|-weather|SunnyDay|[upkeep]\n|-heal|p2a: Mesprit|86\/100|[from] item: Leftovers\n|-end|p2a: Mesprit|Fire Spin|[partiallytrapped]|[silent]\n|upkeep\n|turn|3\n|\n|t:|1698090422\n|move|p1a: I die now|Light Screen|p1a: I die now\n|-sidestart|p1: Rei_darkness|move: Light Screen\n|move|p2a: Mesprit|Thunderbolt|p1a: I die now\n|-damage|p1a: I die now|32\/100\n|\n|-weather|SunnyDay|[upkeep]\n|-heal|p2a: Mesprit|93\/100|[from] item: Leftovers\n|upkeep\n|turn|4\n|\n|t:|1698090428\n|move|p2a: Mesprit|Substitute|p2a: Mesprit\n|-start|p2a: Mesprit|Substitute\n|-damage|p2a: Mesprit|68\/100\n|move|p1a: I die now|Steel Beam|p2a: Mesprit\n|-end|p2a: Mesprit|Substitute\n|-damage|p1a: I die now|0 fnt|[from] steelbeam\n|faint|p1a: I die now\n|\n|-weather|SunnyDay|[upkeep]\n|-heal|p2a: Mesprit|74\/100|[from] item: Leftovers\n|upkeep\n|\n|t:|1698090484\n|switch|p1a: gen9shitmon|Scovillain, F|100\/100\n|turn|5\n|\n|t:|1698090488\n|move|p1a: gen9shitmon|Growth|p1a: gen9shitmon\n|-boost|p1a: gen9shitmon|atk|2\n|-boost|p1a: gen9shitmon|spa|2\n|move|p2a: Mesprit|Substitute|p2a: Mesprit\n|-start|p2a: Mesprit|Substitute\n|-damage|p2a: Mesprit|49\/100\n|\n|-weather|SunnyDay|[upkeep]\n|-heal|p2a: Mesprit|55\/100|[from] item: Leftovers\n|upkeep\n|turn|6\n|\n|t:|1698090497\n|move|p1a: gen9shitmon|Fire Fang|p2a: Mesprit\n|-end|p2a: Mesprit|Substitute\n|move|p2a: Mesprit|Mystical Power|p1a: gen9shitmon\n|-damage|p1a: gen9shitmon|34\/100\n|-boost|p2a: Mesprit|spa|1\n|\n|-weather|SunnyDay|[upkeep]\n|-heal|p2a: Mesprit|61\/100|[from] item: Leftovers\n|upkeep\n|turn|7\n|\n|t:|1698090511\n|move|p1a: gen9shitmon|Fire Fang|p2a: Mesprit\n|-damage|p2a: Mesprit|0 fnt\n|faint|p2a: Mesprit\n|\n|-weather|SunnyDay|[upkeep]\n|upkeep\n|\n|t:|1698090525\n|switch|p2a: Amoonguss|Amoonguss, F|100\/100\n|turn|8\n|\n|t:|1698090531\n|-terastallize|p1a: gen9shitmon|Fire\n|move|p1a: gen9shitmon|Fire Fang|p2a: Amoonguss\n|-supereffective|p2a: Amoonguss\n|-damage|p2a: Amoonguss|0 fnt\n|faint|p2a: Amoonguss\n|\n|-weather|none\n|upkeep\n|\n|t:|1698090543\n|switch|p2a: Greninja|Greninja, M|100\/100\n|turn|9\n|\n|t:|1698090549\n|switch|p2a: Slowking|Slowking-Galar, M|100\/100\n|switch|p1a: actualboxleg|Koraidon|27\/100\n|-weather|SunnyDay|[from] ability: Orichalcum Pulse|[of] p1a: actualboxleg\n|-activate|p1a: actualboxleg|Orichalcum Pulse|[source]\n|\n|-weather|SunnyDay|[upkeep]\n|upkeep\n|turn|10\n|\n|t:|1698090563\n|switch|p2a: Toedscruel|Toedscruel, M|100\/100\n|move|p1a: actualboxleg|Taunt|p2a: Toedscruel\n|-start|p2a: Toedscruel|move: Taunt\n|\n|-weather|SunnyDay|[upkeep]\n|-sideend|p1: Rei_darkness|move: Light Screen\n|upkeep\n|turn|11\n|\n|t:|1698090570\n|move|p1a: actualboxleg|Fire Spin|p2a: Toedscruel\n|-supereffective|p2a: Toedscruel\n|-damage|p2a: Toedscruel|83\/100\n|-activate|p2a: Toedscruel|move: Fire Spin|[of] p1a: actualboxleg\n|move|p2a: Toedscruel|Knock Off|p1a: actualboxleg\n|-resisted|p1a: actualboxleg\n|-damage|p1a: actualboxleg|19\/100\n|-enditem|p1a: actualboxleg|Heat Rock|[from] move: Knock Off|[of] p2a: Toedscruel\n|\n|-weather|SunnyDay|[upkeep]\n|-heal|p2a: Toedscruel|90\/100|[from] item: Leftovers\n|-damage|p2a: Toedscruel|77\/100|[from] move: Fire Spin|[partiallytrapped]\n|upkeep\n|turn|12\n|\n|t:|1698090580\n|move|p1a: actualboxleg|Draco Meteor|p2a: Toedscruel\n|-damage|p2a: Toedscruel|46\/100\n|-unboost|p1a: actualboxleg|spa|2\n|move|p2a: Toedscruel|Rapid Spin|p1a: actualboxleg\n|-damage|p1a: actualboxleg|12\/100\n|-boost|p2a: Toedscruel|spe|1\n|-end|p2a: Toedscruel|Fire Spin|[partiallytrapped]\n|\n|-weather|SunnyDay|[upkeep]\n|-heal|p2a: Toedscruel|52\/100|[from] item: Leftovers\n|-end|p2a: Toedscruel|move: Taunt\n|upkeep\n|turn|13\n|\n|t:|1698090590\n|move|p1a: actualboxleg|Fire Spin|p2a: Toedscruel\n|-supereffective|p2a: Toedscruel\n|-damage|p2a: Toedscruel|44\/100\n|-activate|p2a: Toedscruel|move: Fire Spin|[of] p1a: actualboxleg\n|move|p2a: Toedscruel|Rapid Spin|p1a: actualboxleg\n|-damage|p1a: actualboxleg|5\/100\n|-boost|p2a: Toedscruel|spe|1\n|-end|p2a: Toedscruel|Fire Spin|[partiallytrapped]\n|\n|-weather|SunnyDay|[upkeep]\n|-heal|p2a: Toedscruel|50\/100|[from] item: Leftovers\n|upkeep\n|turn|14\n|\n|t:|1698090603\n|switch|p1a: Cowgurl|Slowbro-Galar, F|100\/100\n|move|p2a: Toedscruel|Spikes|p1a: Cowgurl\n|-sidestart|p1: Rei_darkness|Spikes\n|\n|-weather|SunnyDay|[upkeep]\n|-heal|p2a: Toedscruel|56\/100|[from] item: Leftovers\n|upkeep\n|turn|15\n|-activate|p1a: Cowgurl|ability: Quick Draw\n|\n|t:|1698090609\n|move|p1a: Cowgurl|Fire Blast|p2a: Toedscruel\n|-supereffective|p2a: Toedscruel\n|-damage|p2a: Toedscruel|0 fnt\n|faint|p2a: Toedscruel\n|\n|-weather|SunnyDay|[upkeep]\n|upkeep\n|\n|t:|1698090617\n|switch|p2a: Slowking|Slowking-Galar, M|100\/100\n|turn|16\n|\n|t:|1698090625\n|switch|p1a: actualboxleg|Koraidon|5\/100\n|-damage|p1a: actualboxleg|0 fnt|[from] Spikes\n|faint|p1a: actualboxleg\n|move|p2a: Slowking|Trick Room|p2a: Slowking\n|-fieldstart|move: Trick Room|[of] p2a: Slowking\n|\n|-weather|none\n|upkeep\n|\n|t:|1698090638\n|switch|p1a: Thanks for snow|Calyrex-Ice|100\/100\n|-ability|p1a: Thanks for snow|As One\n|-ability|p1a: Thanks for snow|Unnerve\n|-damage|p1a: Thanks for snow|88\/100|[from] Spikes\n|turn|17\n|\n|t:|1698090647\n|move|p2a: Slowking|Chilly Reception|p2a: Slowking\n|-weather|Snow\n|\n|t:|1698090649\n|switch|p2a: Torkoal|Torkoal, M|100\/100|[from] Chilly Reception\n|-weather|SunnyDay|[from] ability: Drought|[of] p2a: Torkoal\n|move|p1a: Thanks for snow|Calm Mind|p1a: Thanks for snow\n|-boost|p1a: Thanks for snow|spa|1\n|-boost|p1a: Thanks for snow|spd|1\n|\n|-weather|SunnyDay|[upkeep]\n|upkeep\n|turn|18\n|\n|t:|1698090658\n|-terastallize|p2a: Torkoal|Fire\n|move|p2a: Torkoal|Eruption|p1a: Thanks for snow\n|-supereffective|p1a: Thanks for snow\n|-damage|p1a: Thanks for snow|0 fnt\n|faint|p1a: Thanks for snow\n|\n|-weather|SunnyDay|[upkeep]\n|upkeep\n|\n|t:|1698090667\n|switch|p1a: gen9shitmon|Scovillain, F, tera:Fire|34\/100\n|-damage|p1a: gen9shitmon|22\/100|[from] Spikes\n|turn|19\n|\n|t:|1698090671\n|move|p2a: Torkoal|Eruption|p1a: gen9shitmon\n|-resisted|p1a: gen9shitmon\n|-damage|p1a: gen9shitmon|0 fnt\n|faint|p1a: gen9shitmon\n|\n|-weather|SunnyDay|[upkeep]\n|upkeep\n|\n|t:|1698090673\n|switch|p1a: Cowgurl|Slowbro-Galar, F|100\/100\n|-damage|p1a: Cowgurl|88\/100|[from] Spikes\n|turn|20\n|\n|t:|1698090679\n|move|p2a: Torkoal|Eruption|p1a: Cowgurl\n|-damage|p1a: Cowgurl|0 fnt\n|faint|p1a: Cowgurl\n|\n|-weather|SunnyDay|[upkeep]\n|-fieldend|move: Trick Room\n|upkeep\n|\n|t:|1698090682\n|switch|p1a: gen1shitmon|Victreebel, F|100\/100\n|-damage|p1a: gen1shitmon|88\/100|[from] Spikes\n|turn|21\n|\n|t:|1698090689\n|move|p1a: gen1shitmon|Sludge Bomb|p2a: Torkoal\n|-damage|p2a: Torkoal|48\/100\n|move|p2a: Torkoal|Eruption|p1a: gen1shitmon\n|-supereffective|p1a: gen1shitmon\n|-damage|p1a: gen1shitmon|0 fnt\n|faint|p1a: gen1shitmon\n|\n|win|TRaSHiNSeCT\n|c|\u2606Rei_darkness|gg wep\n|c|\u2606TRaSHiNSeCT|gg wp\n","uploadtime":1698090694,"views":19,"p1id":"reidarkness","p2id":"trashinsect","formatid":"gen9ubers","rating":0,"private":0,"password":""}