{"id":"gen9ubers-1979469815","p1":"FrostyRandom02","p2":"CrackLordGBLN","format":"[Gen 9] Ubers","log":"|j|\u2606FrostyRandom02\n|j|\u2606CrackLordGBLN\n|t:|1698685182\n|gametype|singles\n|player|p1|FrostyRandom02|raifort|\n|player|p2|CrackLordGBLN|ghetsis|\n|teamsize|p1|6\n|teamsize|p2|6\n|gen|9\n|tier|[Gen 9] Ubers\n|rule|Sleep Clause Mod: Limit one foe put to sleep\n|rule|Species Clause: Limit one of each Pok\u00e9mon\n|rule|OHKO Clause: OHKO moves are banned\n|rule|Evasion Items Clause: Evasion items are banned\n|rule|Evasion Moves Clause: Evasion moves are banned\n|rule|Endless Battle Clause: Forcing endless battles is banned\n|rule|HP Percentage Mod: HP is shown in percentages\n|clearpoke\n|poke|p1|Torkoal, F|\n|poke|p1|Lilligant-Hisui, F|\n|poke|p1|Walking Wake|\n|poke|p1|Roaring Moon|\n|poke|p1|Zacian-*|\n|poke|p1|Chi-Yu|\n|poke|p2|Grimmsnarl, M|\n|poke|p2|Espathra, M|\n|poke|p2|Zacian-*|\n|poke|p2|Dragonite, F|\n|poke|p2|Maushold|\n|poke|p2|Magearna|\n|teampreview\n|c|\u2606FrostyRandom02|glhf\n|\n|t:|1698685199\n|start\n|switch|p1a: Torkoal|Torkoal, F|100\/100\n|switch|p2a: Mauscarriage|Maushold|100\/100\n|-weather|SunnyDay|[from] ability: Drought|[of] p1a: Torkoal\n|turn|1\n|\n|t:|1698685211\n|move|p2a: Mauscarriage|Tidy Up|p2a: Mauscarriage\n|-boost|p2a: Mauscarriage|atk|1\n|-boost|p2a: Mauscarriage|spe|1\n|move|p1a: Torkoal|Lava Plume|p2a: Mauscarriage\n|-damage|p2a: Mauscarriage|44\/100\n|-status|p2a: Mauscarriage|brn\n|\n|-weather|SunnyDay|[upkeep]\n|-damage|p2a: Mauscarriage|38\/100 brn|[from] brn\n|upkeep\n|turn|2\n|\n|t:|1698685228\n|move|p2a: Mauscarriage|Population Bomb|p1a: Torkoal\n|-damage|p1a: Torkoal|96\/100\n|-damage|p1a: Torkoal|91\/100\n|-damage|p1a: Torkoal|87\/100\n|-damage|p1a: Torkoal|82\/100\n|-damage|p1a: Torkoal|77\/100\n|-damage|p1a: Torkoal|72\/100\n|-damage|p1a: Torkoal|68\/100\n|-damage|p1a: Torkoal|63\/100\n|-damage|p1a: Torkoal|58\/100\n|-damage|p1a: Torkoal|54\/100\n|-hitcount|p1a: Torkoal|10\n|move|p1a: Torkoal|Lava Plume|p2a: Mauscarriage\n|-damage|p2a: Mauscarriage|0 fnt\n|faint|p2a: Mauscarriage\n|\n|-weather|SunnyDay|[upkeep]\n|upkeep\n|\n|t:|1698685250\n|switch|p2a: RAP DEVIL|Grimmsnarl, M|100\/100\n|turn|3\n|\n|t:|1698685262\n|move|p2a: RAP DEVIL|Light Screen|p2a: RAP DEVIL\n|-sidestart|p2: CrackLordGBLN|move: Light Screen\n|move|p1a: Torkoal|Lava Plume|p2a: RAP DEVIL\n|-damage|p2a: RAP DEVIL|86\/100\n|\n|-weather|SunnyDay|[upkeep]\n|upkeep\n|turn|4\n|\n|t:|1698685270\n|move|p2a: RAP DEVIL|Reflect|p2a: RAP DEVIL\n|-sidestart|p2: CrackLordGBLN|Reflect\n|move|p1a: Torkoal|Stealth Rock|p2a: RAP DEVIL\n|-sidestart|p2: CrackLordGBLN|move: Stealth Rock\n|\n|-weather|SunnyDay|[upkeep]\n|upkeep\n|turn|5\n|\n|t:|1698685277\n|move|p2a: RAP DEVIL|Parting Shot|p1a: Torkoal\n|-unboost|p1a: Torkoal|atk|1\n|-unboost|p1a: Torkoal|spa|1\n|\n|t:|1698685283\n|switch|p2a: Cartman Poker Face|Espathra, M|100\/100|[from] Parting Shot\n|-damage|p2a: Cartman Poker Face|88\/100|[from] Stealth Rock\n|move|p1a: Torkoal|Lava Plume|p2a: Cartman Poker Face\n|-damage|p2a: Cartman Poker Face|71\/100\n|-status|p2a: Cartman Poker Face|brn\n|\n|-weather|none\n|-heal|p2a: Cartman Poker Face|77\/100 brn|[from] item: Leftovers\n|-damage|p2a: Cartman Poker Face|71\/100 brn|[from] brn\n|upkeep\n|turn|6\n|\n|t:|1698685299\n|move|p2a: Cartman Poker Face|Calm Mind|p2a: Cartman Poker Face\n|-boost|p2a: Cartman Poker Face|spa|1\n|-boost|p2a: Cartman Poker Face|spd|1\n|move|p1a: Torkoal|Clear Smog|p2a: Cartman Poker Face\n|-damage|p2a: Cartman Poker Face|68\/100 brn\n|-clearboost|p2a: Cartman Poker Face\n|\n|-heal|p2a: Cartman Poker Face|74\/100 brn|[from] item: Leftovers\n|-damage|p2a: Cartman Poker Face|68\/100 brn|[from] brn\n|-ability|p2a: Cartman Poker Face|Speed Boost|boost\n|-boost|p2a: Cartman Poker Face|spe|1\n|upkeep\n|turn|7\n|\n|t:|1698685326\n|switch|p2a: :3 user|Dragonite, F|100\/100\n|switch|p1a: Chi-Yu|Chi-Yu|100\/100\n|-ability|p1a: Chi-Yu|Beads of Ruin\n|\n|upkeep\n|turn|8\n|\n|t:|1698685341\n|switch|p1a: Zacian|Zacian|100\/100\n|-ability|p1a: Zacian|Intrepid Sword|boost\n|-boost|p1a: Zacian|atk|1\n|move|p2a: :3 user|Dragon Dance|p2a: :3 user\n|-boost|p2a: :3 user|atk|1\n|-boost|p2a: :3 user|spe|1\n|\n|upkeep\n|turn|9\n|\n|t:|1698685358\n|-terastallize|p2a: :3 user|Normal\n|move|p2a: :3 user|Extreme Speed|p1a: Zacian\n|-damage|p1a: Zacian|32\/100\n|move|p1a: Zacian|Play Rough|p2a: :3 user\n|-damage|p2a: :3 user|83\/100\n|-unboost|p2a: :3 user|atk|1\n|\n|upkeep\n|turn|10\n|\n|t:|1698685369\n|switch|p1a: Torkoal|Torkoal, F|54\/100\n|-weather|SunnyDay|[from] ability: Drought|[of] p1a: Torkoal\n|move|p2a: :3 user|Dragon Dance|p2a: :3 user\n|-boost|p2a: :3 user|atk|1\n|-boost|p2a: :3 user|spe|1\n|\n|-weather|SunnyDay|[upkeep]\n|-sideend|p2: CrackLordGBLN|move: Light Screen\n|upkeep\n|turn|11\n|\n|t:|1698685378\n|move|p2a: :3 user|Earthquake|p1a: Torkoal\n|-supereffective|p1a: Torkoal\n|-damage|p1a: Torkoal|0 fnt\n|faint|p1a: Torkoal\n|\n|-weather|SunnyDay|[upkeep]\n|-sideend|p2: CrackLordGBLN|Reflect\n|upkeep\n|\n|t:|1698685384\n|switch|p1a: Roaring Moon|Roaring Moon|100\/100\n|-activate|p1a: Roaring Moon|ability: Protosynthesis\n|-start|p1a: Roaring Moon|protosynthesisspe\n|turn|12\n|\n|t:|1698685393\n|move|p2a: :3 user|Extreme Speed|p1a: Roaring Moon\n|-damage|p1a: Roaring Moon|25\/100\n|move|p1a: Roaring Moon|Knock Off|p2a: :3 user\n|-damage|p2a: :3 user|0 fnt\n|-enditem|p2a: :3 user|Heavy-Duty Boots|[from] move: Knock Off|[of] p1a: Roaring Moon\n|faint|p2a: :3 user\n|\n|-weather|SunnyDay|[upkeep]\n|upkeep\n|\n|t:|1698685406\n|switch|p2a: PandaExpressMeat|Zacian|100\/100\n|-ability|p2a: PandaExpressMeat|Intrepid Sword|boost\n|-boost|p2a: PandaExpressMeat|atk|1\n|turn|13\n|\n|t:|1698685413\n|move|p1a: Roaring Moon|Knock Off|p2a: PandaExpressMeat\n|-resisted|p2a: PandaExpressMeat\n|-damage|p2a: PandaExpressMeat|64\/100\n|-enditem|p2a: PandaExpressMeat|Heavy-Duty Boots|[from] move: Knock Off|[of] p1a: Roaring Moon\n|move|p2a: PandaExpressMeat|Swords Dance|p2a: PandaExpressMeat\n|-boost|p2a: PandaExpressMeat|atk|2\n|\n|-weather|SunnyDay|[upkeep]\n|upkeep\n|turn|14\n|\n|t:|1698685423\n|move|p1a: Roaring Moon|Knock Off|p2a: PandaExpressMeat\n|-resisted|p2a: PandaExpressMeat\n|-damage|p2a: PandaExpressMeat|38\/100\n|move|p2a: PandaExpressMeat|Play Rough|p1a: Roaring Moon\n|-supereffective|p1a: Roaring Moon\n|-damage|p1a: Roaring Moon|0 fnt\n|faint|p1a: Roaring Moon\n|-end|p1a: Roaring Moon|Protosynthesis|[silent]\n|\n|-weather|none\n|upkeep\n|\n|t:|1698685429\n|switch|p1a: Chi-Yu|Chi-Yu|100\/100\n|-ability|p1a: Chi-Yu|Beads of Ruin\n|turn|15\n|\n|t:|1698685437\n|move|p1a: Chi-Yu|Flamethrower|p2a: PandaExpressMeat\n|-damage|p2a: PandaExpressMeat|0 fnt\n|faint|p2a: PandaExpressMeat\n|\n|upkeep\n|\n|t:|1698685444\n|switch|p2a: RAP DEVIL|Grimmsnarl, M|86\/100\n|-damage|p2a: RAP DEVIL|74\/100|[from] Stealth Rock\n|turn|16\n|\n|t:|1698685453\n|switch|p1a: Zacian|Zacian|32\/100\n|move|p2a: RAP DEVIL|Light Screen|p2a: RAP DEVIL\n|-sidestart|p2: CrackLordGBLN|move: Light Screen\n|\n|upkeep\n|turn|17\n|\n|t:|1698685459\n|move|p2a: RAP DEVIL|Reflect|p2a: RAP DEVIL\n|-sidestart|p2: CrackLordGBLN|Reflect\n|move|p1a: Zacian|Play Rough|p2a: RAP DEVIL\n|-supereffective|p2a: RAP DEVIL\n|-damage|p2a: RAP DEVIL|16\/100\n|\n|upkeep\n|turn|18\n|\n|t:|1698685465\n|move|p2a: RAP DEVIL|Thunder Wave|p1a: Zacian\n|-status|p1a: Zacian|par\n|move|p1a: Zacian|Swords Dance|p1a: Zacian\n|-boost|p1a: Zacian|atk|2\n|\n|upkeep\n|turn|19\n|\n|t:|1698685472\n|move|p2a: RAP DEVIL|Parting Shot|p1a: Zacian\n|-unboost|p1a: Zacian|atk|1\n|-unboost|p1a: Zacian|spa|1\n|\n|t:|1698685476\n|switch|p2a: literal bot|Magearna|100\/100|[from] Parting Shot\n|-damage|p2a: literal bot|94\/100|[from] Stealth Rock\n|cant|p1a: Zacian|par\n|\n|upkeep\n|turn|20\n|\n|t:|1698685487\n|move|p1a: Zacian|Close Combat|p2a: literal bot\n|-damage|p2a: literal bot|70\/100\n|-unboost|p1a: Zacian|def|1\n|-unboost|p1a: Zacian|spd|1\n|move|p2a: literal bot|Fleur Cannon|p1a: Zacian|[miss]\n|-miss|p2a: literal bot|p1a: Zacian\n|\n|upkeep\n|turn|21\n|\n|t:|1698685496\n|move|p1a: Zacian|Close Combat|p2a: literal bot\n|-damage|p2a: literal bot|45\/100\n|-unboost|p1a: Zacian|def|1\n|-unboost|p1a: Zacian|spd|1\n|move|p2a: literal bot|Fleur Cannon|p1a: Zacian|[miss]\n|-miss|p2a: literal bot|p1a: Zacian\n|\n|upkeep\n|turn|22\n|c|\u2606CrackLordGBLN|Dude\n|c|\u2606CrackLordGBLN|what the fuck\n|c|\u2606FrostyRandom02|The downsides of fleur cannon\n|\n|t:|1698685534\n|cant|p1a: Zacian|par\n|move|p2a: literal bot|Fleur Cannon|p1a: Zacian\n|-damage|p1a: Zacian|0 fnt\n|-unboost|p2a: literal bot|spa|2\n|faint|p1a: Zacian\n|-ability|p2a: literal bot|Soul-Heart|boost\n|-boost|p2a: literal bot|spa|1\n|\n|upkeep\n|\n|t:|1698685542\n|switch|p1a: Chi-Yu|Chi-Yu|100\/100\n|-ability|p1a: Chi-Yu|Beads of Ruin\n|turn|23\n|\n|t:|1698685551\n|switch|p2a: RAP DEVIL|Grimmsnarl, M|16\/100\n|-damage|p2a: RAP DEVIL|4\/100|[from] Stealth Rock\n|move|p1a: Chi-Yu|Flamethrower|p2a: RAP DEVIL\n|-damage|p2a: RAP DEVIL|0 fnt\n|faint|p2a: RAP DEVIL\n|\n|-sideend|p2: CrackLordGBLN|move: Light Screen\n|upkeep\n|\n|t:|1698685562\n|switch|p2a: Cartman Poker Face|Espathra, M|68\/100 brn\n|-damage|p2a: Cartman Poker Face|56\/100 brn|[from] Stealth Rock\n|turn|24\n|\n|t:|1698685570\n|move|p2a: Cartman Poker Face|Protect|p2a: Cartman Poker Face\n|-singleturn|p2a: Cartman Poker Face|Protect\n|move|p1a: Chi-Yu|Flamethrower|p2a: Cartman Poker Face\n|-activate|p2a: Cartman Poker Face|move: Protect\n|\n|-heal|p2a: Cartman Poker Face|62\/100 brn|[from] item: Leftovers\n|-damage|p2a: Cartman Poker Face|56\/100 brn|[from] brn\n|-sideend|p2: CrackLordGBLN|Reflect\n|-ability|p2a: Cartman Poker Face|Speed Boost|boost\n|-boost|p2a: Cartman Poker Face|spe|1\n|upkeep\n|turn|25\n|c|\u2606FrostyRandom02|gg\n|\n|t:|1698685608\n|move|p1a: Chi-Yu|Flamethrower|p2a: Cartman Poker Face\n|-crit|p2a: Cartman Poker Face\n|-damage|p2a: Cartman Poker Face|0 fnt\n|faint|p2a: Cartman Poker Face\n|\n|upkeep\n|c|\u2606CrackLordGBLN|gg\n|\n|t:|1698685620\n|switch|p2a: literal bot|Magearna|45\/100\n|-damage|p2a: literal bot|39\/100|[from] Stealth Rock\n|turn|26\n|\n|t:|1698685625\n|move|p1a: Chi-Yu|Flamethrower|p2a: literal bot\n|-supereffective|p2a: literal bot\n|-damage|p2a: literal bot|0 fnt\n|faint|p2a: literal bot\n|\n|win|FrostyRandom02\n|l|\u2606CrackLordGBLN\n|c|\u2606FrostyRandom02|This team kinda nuts actually\n","uploadtime":1698685635,"views":23,"p1id":"frostyrandom02","p2id":"cracklordgbln","formatid":"gen9ubers","rating":0,"private":0,"password":""}