{"id":"gen9ubers-1969293691","p1":"Laprasrules12","p2":"LadyMaria-Blue","format":"[Gen 9] Ubers","log":"|j|\u2606Laprasrules12\n|j|\u2606LadyMaria-Blue\n|t:|1697510690\n|gametype|singles\n|player|p1|Laprasrules12|lusamine-nihilego|\n|player|p2|LadyMaria-Blue|cynthia|\n|teamsize|p1|6\n|teamsize|p2|6\n|gen|9\n|tier|[Gen 9] Ubers\n|rule|Sleep Clause Mod: Limit one foe put to sleep\n|rule|Species Clause: Limit one of each Pok\u00e9mon\n|rule|OHKO Clause: OHKO moves are banned\n|rule|Evasion Items Clause: Evasion items are banned\n|rule|Evasion Moves Clause: Evasion moves are banned\n|rule|Endless Battle Clause: Forcing endless battles is banned\n|rule|HP Percentage Mod: HP is shown in percentages\n|clearpoke\n|poke|p1|Arceus-Dark|\n|poke|p1|Espathra, M|\n|poke|p1|Zacian-*|\n|poke|p1|Cyclizar, M|\n|poke|p1|Magearna-Original|\n|poke|p1|Chi-Yu|\n|poke|p2|Torkoal, F|\n|poke|p2|Landorus, M|\n|poke|p2|Magearna|\n|poke|p2|Volcanion|\n|poke|p2|Chi-Yu|\n|poke|p2|Walking Wake|\n|teampreview\n|inactive|Battle timer is ON: inactive players will automatically lose when time's up. (requested by Laprasrules12)\n|inactive|Laprasrules12 has 270 seconds left.\n|c|\u2606Laprasrules12|Opp wrong team\n|\n|t:|1697510731\n|start\n|switch|p1a: Say Gex|Cyclizar, M, shiny|100\/100\n|switch|p2a: Magearna|Magearna|100\/100\n|turn|1\n|c|\u2606Laprasrules12|Anyways uh oh\n|\n|t:|1697510737\n|move|p1a: Say Gex|Shed Tail|p1a: Say Gex\n|-start|p1a: Say Gex|Substitute|[from] move: Shed Tail\n|-damage|p1a: Say Gex|50\/100\n|\n|t:|1697510739\n|switch|p1a: Cleopatra|Espathra, M, shiny|100\/100|[from] Shed Tail\n|move|p2a: Magearna|Ice Beam|p1a: Cleopatra\n|-end|p1a: Cleopatra|Substitute\n|-damage|p2a: Magearna|91\/100|[from] item: Life Orb\n|\n|upkeep\n|turn|2\n|\n|t:|1697510745\n|switch|p2a: Torkoal|Torkoal, F|100\/100\n|-weather|SunnyDay|[from] ability: Drought|[of] p2a: Torkoal\n|move|p1a: Cleopatra|Protect||[still]\n|-fail|p1a: Cleopatra\n|\n|-weather|SunnyDay|[upkeep]\n|-ability|p1a: Cleopatra|Speed Boost|boost\n|-boost|p1a: Cleopatra|spe|1\n|upkeep\n|turn|3\n|\n|t:|1697510749\n|move|p1a: Cleopatra|Protect|p1a: Cleopatra\n|-singleturn|p1a: Cleopatra|Protect\n|move|p2a: Torkoal|Yawn|p1a: Cleopatra\n|-activate|p1a: Cleopatra|move: Protect\n|\n|-weather|SunnyDay|[upkeep]\n|-ability|p1a: Cleopatra|Speed Boost|boost\n|-boost|p1a: Cleopatra|spe|1\n|upkeep\n|turn|4\n|\n|t:|1697510753\n|switch|p1a: Say Gex|Cyclizar, M, shiny|84\/100\n|move|p2a: Torkoal|Yawn|p1a: Say Gex\n|-start|p1a: Say Gex|move: Yawn|[of] p2a: Torkoal\n|\n|-weather|SunnyDay|[upkeep]\n|upkeep\n|turn|5\n|\n|t:|1697510757\n|switch|p2a: Walking Wake|Walking Wake|100\/100\n|-activate|p2a: Walking Wake|ability: Protosynthesis\n|-start|p2a: Walking Wake|protosynthesisspe\n|move|p1a: Say Gex|Shed Tail|p1a: Say Gex\n|-start|p1a: Say Gex|Substitute|[from] move: Shed Tail\n|-damage|p1a: Say Gex|34\/100\n|\n|t:|1697510764\n|switch|p1a: Sif|Zacian, shiny|100\/100|[from] Shed Tail\n|-ability|p1a: Sif|Intrepid Sword|boost\n|-boost|p1a: Sif|atk|1\n|\n|-weather|SunnyDay|[upkeep]\n|upkeep\n|turn|6\n|\n|t:|1697510770\n|-end|p2a: Walking Wake|Protosynthesis|[silent]\n|switch|p2a: Magearna|Magearna|91\/100\n|move|p1a: Sif|Play Rough|p2a: Magearna\n|-resisted|p2a: Magearna\n|-damage|p2a: Magearna|48\/100\n|-damage|p1a: Sif|91\/100|[from] item: Life Orb\n|\n|-weather|none\n|upkeep\n|turn|7\n|\n|t:|1697510779\n|switch|p2a: Torkoal|Torkoal, F|100\/100\n|-weather|SunnyDay|[from] ability: Drought|[of] p2a: Torkoal\n|move|p1a: Sif|Close Combat|p2a: Torkoal\n|-damage|p2a: Torkoal|47\/100\n|-unboost|p1a: Sif|def|1\n|-unboost|p1a: Sif|spd|1\n|-damage|p1a: Sif|81\/100|[from] item: Life Orb\n|\n|-weather|SunnyDay|[upkeep]\n|upkeep\n|turn|8\n|\n|t:|1697510782\n|move|p1a: Sif|Close Combat|p2a: Torkoal\n|-damage|p2a: Torkoal|0 fnt\n|-unboost|p1a: Sif|def|1\n|-unboost|p1a: Sif|spd|1\n|faint|p2a: Torkoal\n|-damage|p1a: Sif|71\/100|[from] item: Life Orb\n|\n|-weather|SunnyDay|[upkeep]\n|upkeep\n|\n|t:|1697510794\n|switch|p2a: Landorus|Landorus, M|100\/100\n|turn|9\n|\n|t:|1697510796\n|move|p1a: Sif|Play Rough|p2a: Landorus\n|-damage|p2a: Landorus|0 fnt\n|faint|p2a: Landorus\n|-damage|p1a: Sif|61\/100|[from] item: Life Orb\n|\n|-weather|SunnyDay|[upkeep]\n|upkeep\n|\n|t:|1697510803\n|switch|p2a: Volcanion|Volcanion|100\/100\n|turn|10\n|\n|t:|1697510805\n|move|p1a: Sif|Close Combat|p2a: Volcanion\n|-damage|p2a: Volcanion|29\/100\n|-unboost|p1a: Sif|def|1\n|-unboost|p1a: Sif|spd|1\n|-damage|p1a: Sif|51\/100|[from] item: Life Orb\n|move|p2a: Volcanion|Flamethrower|p1a: Sif\n|-end|p1a: Sif|Substitute\n|\n|-weather|SunnyDay|[upkeep]\n|upkeep\n|turn|11\n|\n|t:|1697510809\n|move|p1a: Sif|Wild Charge|p2a: Volcanion\n|-supereffective|p2a: Volcanion\n|-damage|p2a: Volcanion|0 fnt\n|faint|p2a: Volcanion\n|-damage|p1a: Sif|44\/100|[from] Recoil\n|-damage|p1a: Sif|34\/100|[from] item: Life Orb\n|\n|-weather|none\n|upkeep\n|\n|t:|1697510814\n|switch|p2a: Chi-Yu|Chi-Yu|100\/100\n|-ability|p2a: Chi-Yu|Beads of Ruin\n|turn|12\n|\n|t:|1697510818\n|move|p2a: Chi-Yu|Fire Blast|p1a: Sif\n|-damage|p1a: Sif|0 fnt\n|faint|p1a: Sif\n|\n|upkeep\n|c|\u2606Laprasrules12|Of corse it lands\n|\n|t:|1697510832\n|switch|p1a: Goldfish|Chi-Yu|100\/100\n|-ability|p1a: Goldfish|Beads of Ruin\n|turn|13\n|\n|t:|1697510853\n|move|p2a: Chi-Yu|Fire Blast|p1a: Goldfish\n|-resisted|p1a: Goldfish\n|-damage|p1a: Goldfish|72\/100\n|move|p1a: Goldfish|Flamethrower|p2a: Chi-Yu\n|-resisted|p2a: Chi-Yu\n|-damage|p2a: Chi-Yu|75\/100\n|\n|upkeep\n|turn|14\n|\n|t:|1697510859\n|move|p2a: Chi-Yu|Fire Blast|p1a: Goldfish\n|-resisted|p1a: Goldfish\n|-damage|p1a: Goldfish|44\/100\n|move|p1a: Goldfish|Flamethrower|p2a: Chi-Yu\n|-resisted|p2a: Chi-Yu\n|-damage|p2a: Chi-Yu|46\/100\n|\n|upkeep\n|turn|15\n|\n|t:|1697510862\n|move|p2a: Chi-Yu|Fire Blast|p1a: Goldfish|[miss]\n|-miss|p2a: Chi-Yu|p1a: Goldfish\n|move|p1a: Goldfish|Flamethrower|p2a: Chi-Yu\n|-resisted|p2a: Chi-Yu\n|-damage|p2a: Chi-Yu|20\/100\n|\n|upkeep\n|turn|16\n|\n|t:|1697510864\n|move|p2a: Chi-Yu|Fire Blast|p1a: Goldfish|[miss]\n|-miss|p2a: Chi-Yu|p1a: Goldfish\n|move|p1a: Goldfish|Flamethrower|p2a: Chi-Yu\n|-resisted|p2a: Chi-Yu\n|-damage|p2a: Chi-Yu|0 fnt\n|faint|p2a: Chi-Yu\n|\n|upkeep\n|\n|t:|1697510866\n|switch|p2a: Walking Wake|Walking Wake|100\/100\n|turn|17\n|\n|t:|1697510871\n|move|p1a: Goldfish|Flamethrower|p2a: Walking Wake\n|-resisted|p2a: Walking Wake\n|-damage|p2a: Walking Wake|82\/100\n|move|p2a: Walking Wake|Hydro Steam|p1a: Goldfish\n|-supereffective|p1a: Goldfish\n|-damage|p1a: Goldfish|0 fnt\n|faint|p1a: Goldfish\n|\n|upkeep\n|\n|t:|1697510876\n|switch|p1a: Pok\u00e9ball|Magearna-Original|100\/100\n|turn|18\n|\n|t:|1697510882\n|-end|p2a: Walking Wake|Protosynthesis|[silent]\n|switch|p2a: Magearna|Magearna|48\/100\n|move|p1a: Pok\u00e9ball|Thunder Wave|p2a: Magearna\n|-status|p2a: Magearna|par\n|\n|upkeep\n|turn|19\n|\n|t:|1697510886\n|move|p1a: Pok\u00e9ball|Volt Switch|p2a: Magearna\n|-damage|p2a: Magearna|28\/100 par\n|\n|t:|1697510888\n|switch|p1a: Thanatos|Arceus-Dark, shiny|100\/100|[from] Volt Switch\n|move|p2a: Magearna|Flash Cannon|p1a: Thanatos\n|-damage|p1a: Thanatos|67\/100\n|-damage|p2a: Magearna|18\/100 par|[from] item: Life Orb\n|\n|upkeep\n|turn|20\n|\n|t:|1697510890\n|move|p1a: Thanatos|Judgment|p2a: Magearna\n|-resisted|p2a: Magearna\n|-damage|p2a: Magearna|0 fnt\n|faint|p2a: Magearna\n|\n|upkeep\n|\n|t:|1697510892\n|switch|p2a: Walking Wake|Walking Wake|82\/100\n|turn|21\n|\n|t:|1697510898\n|-terastallize|p1a: Thanatos|Fairy\n|move|p1a: Thanatos|Calm Mind|p1a: Thanatos\n|-boost|p1a: Thanatos|spa|1\n|-boost|p1a: Thanatos|spd|1\n|move|p2a: Walking Wake|Hydro Steam|p1a: Thanatos\n|-damage|p1a: Thanatos|42\/100\n|\n|upkeep\n|turn|22\n|\n|t:|1697510902\n|move|p1a: Thanatos|Recover|p1a: Thanatos\n|-heal|p1a: Thanatos|92\/100\n|move|p2a: Walking Wake|Hydro Steam|p1a: Thanatos\n|-damage|p1a: Thanatos|68\/100\n|\n|upkeep\n|turn|23\n|\n|t:|1697510904\n|move|p1a: Thanatos|Calm Mind|p1a: Thanatos\n|-boost|p1a: Thanatos|spa|1\n|-boost|p1a: Thanatos|spd|1\n|move|p2a: Walking Wake|Hydro Steam|p1a: Thanatos\n|-damage|p1a: Thanatos|48\/100\n|\n|upkeep\n|turn|24\n|\n|t:|1697510906\n|move|p1a: Thanatos|Calm Mind|p1a: Thanatos\n|-boost|p1a: Thanatos|spa|1\n|-boost|p1a: Thanatos|spd|1\n|move|p2a: Walking Wake|Hydro Steam|p1a: Thanatos\n|-damage|p1a: Thanatos|30\/100\n|\n|upkeep\n|turn|25\n|\n|t:|1697510907\n|move|p1a: Thanatos|Taunt|p2a: Walking Wake\n|-start|p2a: Walking Wake|move: Taunt\n|move|p2a: Walking Wake|Hydro Steam|p1a: Thanatos\n|-damage|p1a: Thanatos|15\/100\n|\n|upkeep\n|turn|26\n|\n|t:|1697510909\n|move|p1a: Thanatos|Judgment|p2a: Walking Wake\n|-damage|p2a: Walking Wake|0 fnt\n|faint|p2a: Walking Wake\n|-end|p2a: Walking Wake|Protosynthesis|[silent]\n|\n|win|Laprasrules12\n|c|\u2606LadyMaria-Blue|ggs\n|c|\u2606Laprasrules12|GG\n","uploadtime":1697510917,"views":25,"p1id":"laprasrules12","p2id":"ladymariablue","formatid":"gen9ubers","rating":0,"private":0,"password":""}