{"id":"gen9ubers-1976848228","p1":"termofservice","p2":"RubenPaCe","format":"[Gen 9] Ubers","log":"|j|\u2606termofservice\n|j|\u2606RubenPaCe\n|t:|1698346238\n|gametype|singles\n|player|p1|termofservice|cynthia-masters|\n|player|p2|RubenPaCe|102|\n|teamsize|p1|6\n|teamsize|p2|6\n|gen|9\n|tier|[Gen 9] Ubers\n|rule|Sleep Clause Mod: Limit one foe put to sleep\n|rule|Species Clause: Limit one of each Pok\u00e9mon\n|rule|OHKO Clause: OHKO moves are banned\n|rule|Evasion Items Clause: Evasion items are banned\n|rule|Evasion Moves Clause: Evasion moves are banned\n|rule|Endless Battle Clause: Forcing endless battles is banned\n|rule|HP Percentage Mod: HP is shown in percentages\n|clearpoke\n|poke|p1|Magearna|\n|poke|p1|Zacian-*|\n|poke|p1|Cyclizar, M|\n|poke|p1|Palkia-Origin|\n|poke|p1|Chi-Yu|\n|poke|p1|Shaymin-Sky|\n|poke|p2|Pelipper, M|\n|poke|p2|Palafin, M|\n|poke|p2|Basculegion-F, F|\n|poke|p2|Magearna|\n|poke|p2|Arceus-Poison|\n|poke|p2|Clefable, F|\n|teampreview\n|\n|t:|1698346263\n|start\n|switch|p1a: Shaymin|Shaymin-Sky|100\/100\n|switch|p2a: Arceus|Arceus-Poison|100\/100\n|turn|1\n|\n|t:|1698346272\n|move|p2a: Arceus|Calm Mind|p2a: Arceus\n|-boost|p2a: Arceus|spa|1\n|-boost|p2a: Arceus|spd|1\n|move|p1a: Shaymin|Tailwind|p1a: Shaymin\n|-sidestart|p1: termofservice|move: Tailwind\n|\n|upkeep\n|turn|2\n|\n|t:|1698346275\n|move|p1a: Shaymin|Air Slash|p2a: Arceus\n|-damage|p2a: Arceus|80\/100\n|move|p2a: Arceus|Taunt|p1a: Shaymin\n|-start|p1a: Shaymin|move: Taunt\n|\n|upkeep\n|turn|3\n|\n|t:|1698346280\n|move|p1a: Shaymin|Air Slash|p2a: Arceus\n|-damage|p2a: Arceus|58\/100\n|move|p2a: Arceus|Judgment|p1a: Shaymin\n|-supereffective|p1a: Shaymin\n|-damage|p1a: Shaymin|0 fnt\n|faint|p1a: Shaymin\n|\n|upkeep\n|\n|t:|1698346291\n|switch|p1a: Zacian|Zacian|100\/100\n|-ability|p1a: Zacian|Intrepid Sword|boost\n|-boost|p1a: Zacian|atk|1\n|turn|4\n|\n|t:|1698346299\n|move|p1a: Zacian|Psychic Fangs|p2a: Arceus\n|-supereffective|p2a: Arceus\n|-damage|p2a: Arceus|0 fnt\n|faint|p2a: Arceus\n|\n|-sideend|p1: termofservice|move: Tailwind\n|upkeep\n|\n|t:|1698346301\n|switch|p2a: Pelipper|Pelipper, M|100\/100\n|-weather|RainDance|[from] ability: Drizzle|[of] p2a: Pelipper\n|turn|5\n|\n|t:|1698346306\n|move|p1a: Zacian|Psychic Fangs|p2a: Pelipper\n|-damage|p2a: Pelipper|56\/100\n|move|p2a: Pelipper|U-turn|p1a: Zacian\n|-resisted|p1a: Zacian\n|-damage|p1a: Zacian|96\/100\n|\n|t:|1698346308\n|switch|p2a: Basculegion|Basculegion-F, F|100\/100|[from] U-turn\n|\n|-weather|RainDance|[upkeep]\n|upkeep\n|turn|6\n|\n|t:|1698346318\n|switch|p1a: Palkia|Palkia-Origin|100\/100\n|-ability|p1a: Palkia|Pressure\n|move|p2a: Basculegion|Flip Turn|p1a: Palkia\n|-resisted|p1a: Palkia\n|-damage|p1a: Palkia|91\/100\n|\n|t:|1698346320\n|switch|p2a: Magearna|Magearna|100\/100|[from] Flip Turn\n|\n|-weather|RainDance|[upkeep]\n|upkeep\n|turn|7\n|\n|t:|1698346325\n|move|p1a: Palkia|Hydro Pump|p2a: Magearna|[miss]\n|-miss|p1a: Palkia|p2a: Magearna\n|move|p2a: Magearna|Thunder Wave|p1a: Palkia\n|-status|p1a: Palkia|par\n|\n|-weather|RainDance|[upkeep]\n|upkeep\n|turn|8\n|\n|t:|1698346328\n|move|p1a: Palkia|Hydro Pump|p2a: Magearna\n|-damage|p2a: Magearna|1\/100\n|move|p2a: Magearna|Spikes|p1a: Palkia\n|-sidestart|p1: termofservice|Spikes\n|\n|-weather|RainDance|[upkeep]\n|-heal|p2a: Magearna|7\/100|[from] item: Leftovers\n|upkeep\n|turn|9\n|\n|t:|1698346332\n|move|p1a: Palkia|Hydro Pump|p2a: Magearna\n|-damage|p2a: Magearna|0 fnt\n|faint|p2a: Magearna\n|\n|-weather|RainDance|[upkeep]\n|upkeep\n|\n|t:|1698346337\n|switch|p2a: Palafin|Palafin, M|100\/100\n|turn|10\n|\n|t:|1698346343\n|detailschange|p2a: Palafin|Palafin-Hero, M\n|switch|p2a: Clefable|Clefable, F|100\/100\n|move|p1a: Palkia|Thunderbolt|p2a: Clefable\n|-damage|p2a: Clefable|78\/100\n|\n|-weather|RainDance|[upkeep]\n|upkeep\n|turn|11\n|\n|t:|1698346347\n|cant|p1a: Palkia|par\n|move|p2a: Clefable|Stealth Rock|p1a: Palkia\n|-sidestart|p1: termofservice|move: Stealth Rock\n|\n|-weather|RainDance|[upkeep]\n|upkeep\n|turn|12\n|\n|t:|1698346349\n|move|p1a: Palkia|Hydro Pump|p2a: Clefable\n|-damage|p2a: Clefable|0 fnt\n|faint|p2a: Clefable\n|\n|-weather|none\n|upkeep\n|\n|t:|1698346355\n|switch|p2a: Basculegion|Basculegion-F, F|100\/100\n|turn|13\n|\n|t:|1698346366\n|move|p2a: Basculegion|Flip Turn|p1a: Palkia\n|-resisted|p1a: Palkia\n|-damage|p1a: Palkia|83\/100 par\n|\n|t:|1698346368\n|switch|p2a: Pelipper|Pelipper, M|56\/100|[from] Flip Turn\n|-weather|RainDance|[from] ability: Drizzle|[of] p2a: Pelipper\n|move|p1a: Palkia|Thunderbolt|p2a: Pelipper\n|-supereffective|p2a: Pelipper\n|-damage|p2a: Pelipper|0 fnt\n|faint|p2a: Pelipper\n|\n|-weather|RainDance|[upkeep]\n|upkeep\n|\n|t:|1698346369\n|switch|p2a: Basculegion|Basculegion-F, F|100\/100\n|turn|14\n|\n|t:|1698346377\n|move|p2a: Basculegion|Last Respects|p1a: Palkia\n|-damage|p1a: Palkia|0 fnt\n|faint|p1a: Palkia\n|\n|-weather|RainDance|[upkeep]\n|upkeep\n|\n|t:|1698346383\n|switch|p1a: Magearna|Magearna|100\/100\n|-damage|p1a: Magearna|88\/100|[from] Spikes\n|-damage|p1a: Magearna|82\/100|[from] Stealth Rock\n|turn|15\n|\n|t:|1698346388\n|move|p2a: Basculegion|Last Respects|p1a: Magearna\n|-damage|p1a: Magearna|0 fnt\n|faint|p1a: Magearna\n|\n|-weather|RainDance|[upkeep]\n|upkeep\n|\n|t:|1698346393\n|switch|p1a: Cyclizar|Cyclizar, M|100\/100\n|turn|16\n|\n|t:|1698346396\n|move|p2a: Basculegion|Wave Crash|p1a: Cyclizar\n|-resisted|p1a: Cyclizar\n|-damage|p1a: Cyclizar|41\/100\n|-damage|p2a: Basculegion|83\/100|[from] Recoil\n|move|p1a: Cyclizar|Knock Off|p2a: Basculegion\n|-supereffective|p2a: Basculegion\n|-damage|p2a: Basculegion|20\/100\n|-enditem|p2a: Basculegion|Spell Tag|[from] move: Knock Off|[of] p1a: Cyclizar\n|\n|-weather|RainDance|[upkeep]\n|upkeep\n|turn|17\n|\n|t:|1698346405\n|switch|p1a: Chi-Yu|Chi-Yu|100\/100\n|-ability|p1a: Chi-Yu|Beads of Ruin\n|move|p2a: Basculegion|Wave Crash|p1a: Chi-Yu\n|-supereffective|p1a: Chi-Yu\n|-damage|p1a: Chi-Yu|0 fnt\n|faint|p1a: Chi-Yu\n|-damage|p2a: Basculegion|0 fnt|[from] Recoil\n|faint|p2a: Basculegion\n|\n|-weather|RainDance|[upkeep]\n|upkeep\n|\n|t:|1698346421\n|switch|p1a: Cyclizar|Cyclizar, M|74\/100\n|switch|p2a: Palafin|Palafin-Hero, M|100\/100\n|-activate|p2a: Palafin|ability: Zero to Hero\n|turn|18\n|\n|t:|1698346426\n|-terastallize|p2a: Palafin|Water\n|move|p2a: Palafin|Jet Punch|p1a: Cyclizar\n|-resisted|p1a: Cyclizar\n|-damage|p1a: Cyclizar|0 fnt\n|faint|p1a: Cyclizar\n|\n|-weather|RainDance|[upkeep]\n|upkeep\n|\n|t:|1698346430\n|switch|p1a: Zacian|Zacian|96\/100\n|-damage|p1a: Zacian|84\/100|[from] Spikes\n|-damage|p1a: Zacian|71\/100|[from] Stealth Rock\n|turn|19\n|\n|t:|1698346434\n|-terastallize|p1a: Zacian|Fairy\n|move|p2a: Palafin|Jet Punch|p1a: Zacian\n|-damage|p1a: Zacian|0 fnt\n|faint|p1a: Zacian\n|\n|win|RubenPaCe\n|c|\u2606RubenPaCe|gg\n","uploadtime":1698346444,"views":16,"p1id":"termofservice","p2id":"rubenpace","formatid":"gen9ubers","rating":0,"private":0,"password":""}