{"id":"gen9ubers-1989168886","p1":"IDaHAN","p2":"babynogalXD","format":"[Gen 9] Ubers","log":"|j|\u2606IDaHAN\n|j|\u2606babynogalXD\n|t:|1699819501\n|gametype|singles\n|player|p1|IDaHAN|ethan|\n|player|p2|babynogalXD|ethan|\n|teamsize|p1|6\n|teamsize|p2|6\n|gen|9\n|tier|[Gen 9] Ubers\n|rule|Sleep Clause Mod: Limit one foe put to sleep\n|rule|Species Clause: Limit one of each Pok\u00e9mon\n|rule|OHKO Clause: OHKO moves are banned\n|rule|Evasion Items Clause: Evasion items are banned\n|rule|Evasion Moves Clause: Evasion moves are banned\n|rule|Endless Battle Clause: Forcing endless battles is banned\n|rule|HP Percentage Mod: HP is shown in percentages\n|clearpoke\n|poke|p1|Basculin-White-Striped, F|\n|poke|p1|Zacian-*|\n|poke|p1|Arceus-Poison|\n|poke|p1|Magearna|\n|poke|p1|Chi-Yu|\n|poke|p1|Palkia-Origin|\n|poke|p2|Blissey, F|\n|poke|p2|Alomomola, F|\n|poke|p2|Zamazenta-*|\n|poke|p2|Cyclizar, F|\n|poke|p2|Clefable, F|\n|poke|p2|Dialga|\n|teampreview\n|inactive|Battle timer is ON: inactive players will automatically lose when time's up. (requested by IDaHAN)\n|\n|t:|1699819516\n|start\n|switch|p1a: Magearna|Magearna|100\/100\n|switch|p2a: Cyclizar|Cyclizar, F|100\/100\n|turn|1\n|\n|t:|1699819525\n|move|p2a: Cyclizar|Shed Tail|p2a: Cyclizar\n|-start|p2a: Cyclizar|Substitute|[from] move: Shed Tail\n|-damage|p2a: Cyclizar|50\/100\n|\n|t:|1699819531\n|switch|p2a: Dialga|Dialga|100\/100|[from] Shed Tail\n|-ability|p2a: Dialga|Pressure\n|move|p1a: Magearna|Spikes|p2a: Dialga\n|-sidestart|p2: babynogalXD|Spikes\n|\n|upkeep\n|turn|2\n|\n|t:|1699819537\n|move|p2a: Dialga|Earth Power|p1a: Magearna\n|-supereffective|p1a: Magearna\n|-damage|p1a: Magearna|64\/100\n|-unboost|p1a: Magearna|spd|1\n|move|p1a: Magearna|Encore|p2a: Dialga\n|-start|p2a: Dialga|Encore\n|\n|-heal|p1a: Magearna|70\/100|[from] item: Leftovers\n|upkeep\n|turn|3\n|\n|t:|1699819553\n|switch|p1a: Palkia|Palkia-Origin|100\/100\n|-ability|p1a: Palkia|Pressure\n|move|p2a: Dialga|Earth Power|p1a: Palkia\n|-damage|p1a: Palkia|76\/100\n|\n|upkeep\n|turn|4\n|\n|t:|1699819557\n|move|p1a: Palkia|Fire Blast|p2a: Dialga\n|-end|p2a: Dialga|Substitute\n|move|p2a: Dialga|Earth Power|p1a: Palkia\n|-damage|p1a: Palkia|48\/100\n|\n|upkeep\n|turn|5\n|\n|t:|1699819565\n|switch|p2a: Blissey|Blissey, F|100\/100\n|move|p1a: Palkia|Draco Meteor|p2a: Blissey\n|-damage|p2a: Blissey|75\/100\n|-unboost|p1a: Palkia|spa|2\n|\n|upkeep\n|turn|6\n|\n|t:|1699819571\n|switch|p1a: Zacian|Zacian|100\/100\n|-ability|p1a: Zacian|Intrepid Sword|boost\n|-boost|p1a: Zacian|atk|1\n|move|p2a: Blissey|Seismic Toss|p1a: Zacian\n|-damage|p1a: Zacian|70\/100\n|\n|upkeep\n|turn|7\n|\n|t:|1699819584\n|switch|p2a: Alomomola|Alomomola, F|100\/100\n|move|p1a: Zacian|Play Rough|p2a: Alomomola\n|-crit|p2a: Alomomola\n|-damage|p2a: Alomomola|27\/100\n|\n|upkeep\n|turn|8\n|\n|t:|1699819591\n|move|p2a: Alomomola|Protect|p2a: Alomomola\n|-singleturn|p2a: Alomomola|Protect\n|move|p1a: Zacian|Play Rough|p2a: Alomomola\n|-activate|p2a: Alomomola|move: Protect\n|\n|upkeep\n|turn|9\n|\n|t:|1699819598\n|move|p1a: Zacian|Play Rough|p2a: Alomomola\n|-damage|p2a: Alomomola|0 fnt\n|faint|p2a: Alomomola\n|\n|upkeep\n|\n|t:|1699819606\n|switch|p2a: Dialga|Dialga|100\/100\n|-ability|p2a: Dialga|Pressure\n|turn|10\n|\n|t:|1699819608\n|move|p1a: Zacian|Play Rough|p2a: Dialga\n|-damage|p2a: Dialga|25\/100\n|move|p2a: Dialga|Heavy Slam|p1a: Zacian\n|-supereffective|p1a: Zacian\n|-damage|p1a: Zacian|0 fnt\n|faint|p1a: Zacian\n|\n|upkeep\n|\n|t:|1699819617\n|switch|p1a: Chi-Yu|Chi-Yu|100\/100\n|-ability|p1a: Chi-Yu|Beads of Ruin\n|turn|11\n|\n|t:|1699819622\n|move|p1a: Chi-Yu|Flamethrower|p2a: Dialga\n|-damage|p2a: Dialga|0 fnt\n|faint|p2a: Dialga\n|\n|upkeep\n|\n|t:|1699819626\n|switch|p2a: Cyclizar|Cyclizar, F|84\/100\n|turn|12\n|\n|t:|1699819633\n|move|p2a: Cyclizar|Rapid Spin|p1a: Chi-Yu\n|-damage|p1a: Chi-Yu|73\/100\n|-boost|p2a: Cyclizar|spe|1\n|-sideend|p2: babynogalXD|Spikes|[from] move: Rapid Spin|[of] p2a: Cyclizar\n|move|p1a: Chi-Yu|Flamethrower|p2a: Cyclizar\n|-resisted|p2a: Cyclizar\n|-damage|p2a: Cyclizar|19\/100\n|\n|upkeep\n|turn|13\n|\n|t:|1699819637\n|move|p2a: Cyclizar|Knock Off|p1a: Chi-Yu\n|-resisted|p1a: Chi-Yu\n|-damage|p1a: Chi-Yu|56\/100\n|-enditem|p1a: Chi-Yu|Choice Specs|[from] move: Knock Off|[of] p2a: Cyclizar\n|move|p1a: Chi-Yu|Flamethrower|p2a: Cyclizar\n|-resisted|p2a: Cyclizar\n|-damage|p2a: Cyclizar|0 fnt\n|faint|p2a: Cyclizar\n|\n|upkeep\n|\n|t:|1699819666\n|switch|p2a: Blissey|Blissey, F|75\/100\n|turn|14\n|\n|t:|1699819671\n|switch|p1a: Arceus|Arceus-Poison|100\/100\n|move|p2a: Blissey|Seismic Toss|p1a: Arceus\n|-damage|p1a: Arceus|78\/100\n|\n|upkeep\n|turn|15\n|\n|t:|1699819676\n|move|p1a: Arceus|Taunt|p2a: Blissey\n|-start|p2a: Blissey|move: Taunt\n|cant|p2a: Blissey|move: Taunt|Soft-Boiled\n|\n|upkeep\n|turn|16\n|\n|t:|1699819679\n|move|p1a: Arceus|Poison Jab|p2a: Blissey\n|-damage|p2a: Blissey|0 fnt\n|faint|p2a: Blissey\n|\n|upkeep\n|\n|t:|1699819683\n|switch|p2a: Zamazenta|Zamazenta-Crowned|100\/100\n|-ability|p2a: Zamazenta|Dauntless Shield|boost\n|-boost|p2a: Zamazenta|def|1\n|turn|17\n|\n|t:|1699819688\n|move|p2a: Zamazenta|Iron Defense|p2a: Zamazenta\n|-boost|p2a: Zamazenta|def|2\n|move|p1a: Arceus|Will-O-Wisp|p2a: Zamazenta\n|-status|p2a: Zamazenta|brn\n|\n|-damage|p2a: Zamazenta|94\/100 brn|[from] brn\n|upkeep\n|turn|18\n|\n|t:|1699819693\n|move|p2a: Zamazenta|Iron Defense|p2a: Zamazenta\n|-boost|p2a: Zamazenta|def|2\n|move|p1a: Arceus|Taunt|p2a: Zamazenta\n|-start|p2a: Zamazenta|move: Taunt\n|\n|-damage|p2a: Zamazenta|88\/100 brn|[from] brn\n|upkeep\n|turn|19\n|\n|t:|1699819700\n|switch|p1a: Magearna|Magearna|70\/100\n|move|p2a: Zamazenta|Body Press|p1a: Magearna\n|-damage|p1a: Magearna|4\/100\n|\n|-heal|p1a: Magearna|10\/100|[from] item: Leftovers\n|-damage|p2a: Zamazenta|82\/100 brn|[from] brn\n|upkeep\n|turn|20\n|\n|t:|1699819705\n|move|p2a: Zamazenta|Body Press|p1a: Magearna\n|-damage|p1a: Magearna|0 fnt\n|faint|p1a: Magearna\n|\n|-damage|p2a: Zamazenta|76\/100 brn|[from] brn\n|upkeep\n|\n|t:|1699819723\n|switch|p1a: Arceus|Arceus-Poison|78\/100\n|turn|21\n|\n|t:|1699819727\n|move|p2a: Zamazenta|Body Press|p1a: Arceus\n|-resisted|p1a: Arceus\n|-damage|p1a: Arceus|54\/100\n|move|p1a: Arceus|Recover|p1a: Arceus\n|-heal|p1a: Arceus|100\/100\n|\n|-damage|p2a: Zamazenta|70\/100 brn|[from] brn\n|-end|p2a: Zamazenta|move: Taunt\n|upkeep\n|turn|22\n|\n|t:|1699819733\n|move|p2a: Zamazenta|Iron Defense|p2a: Zamazenta\n|-boost|p2a: Zamazenta|def|1\n|move|p1a: Arceus|Taunt|p2a: Zamazenta\n|-start|p2a: Zamazenta|move: Taunt\n|\n|-damage|p2a: Zamazenta|64\/100 brn|[from] brn\n|upkeep\n|turn|23\n|\n|t:|1699819740\n|move|p2a: Zamazenta|Body Press|p1a: Arceus\n|-resisted|p1a: Arceus\n|-damage|p1a: Arceus|76\/100\n|move|p1a: Arceus|Poison Jab|p2a: Zamazenta\n|-immune|p2a: Zamazenta\n|\n|-damage|p2a: Zamazenta|58\/100 brn|[from] brn\n|upkeep\n|turn|24\n|\n|t:|1699819743\n|move|p2a: Zamazenta|Body Press|p1a: Arceus\n|-resisted|p1a: Arceus\n|-damage|p1a: Arceus|52\/100\n|move|p1a: Arceus|Poison Jab|p2a: Zamazenta\n|-immune|p2a: Zamazenta\n|\n|-damage|p2a: Zamazenta|52\/100 brn|[from] brn\n|upkeep\n|turn|25\n|\n|t:|1699819746\n|move|p2a: Zamazenta|Body Press|p1a: Arceus\n|-resisted|p1a: Arceus\n|-damage|p1a: Arceus|26\/100\n|move|p1a: Arceus|Recover|p1a: Arceus\n|-heal|p1a: Arceus|76\/100\n|\n|-damage|p2a: Zamazenta|46\/100 brn|[from] brn\n|-end|p2a: Zamazenta|move: Taunt\n|upkeep\n|turn|26\n|\n|t:|1699819749\n|move|p2a: Zamazenta|Rest|p2a: Zamazenta\n|-status|p2a: Zamazenta|slp|[from] move: Rest\n|-heal|p2a: Zamazenta|100\/100 slp|[silent]\n|move|p1a: Arceus|Taunt|p2a: Zamazenta\n|-start|p2a: Zamazenta|move: Taunt\n|\n|upkeep\n|turn|27\n|\n|t:|1699819752\n|switch|p1a: Chi-Yu|Chi-Yu|56\/100\n|-ability|p1a: Chi-Yu|Beads of Ruin\n|cant|p2a: Zamazenta|slp\n|\n|upkeep\n|turn|28\n|\n|t:|1699819757\n|-terastallize|p2a: Zamazenta|Water\n|cant|p2a: Zamazenta|slp\n|move|p1a: Chi-Yu|Flamethrower|p2a: Zamazenta\n|-resisted|p2a: Zamazenta\n|-damage|p2a: Zamazenta|75\/100 slp\n|\n|upkeep\n|turn|29\n|\n|t:|1699819762\n|switch|p1a: Arceus|Arceus-Poison|76\/100\n|-curestatus|p2a: Zamazenta|slp|[msg]\n|move|p2a: Zamazenta|Body Press|p1a: Arceus\n|-resisted|p1a: Arceus\n|-damage|p1a: Arceus|21\/100\n|\n|-end|p2a: Zamazenta|move: Taunt\n|upkeep\n|turn|30\n|\n|t:|1699819771\n|move|p2a: Zamazenta|Body Press|p1a: Arceus\n|-resisted|p1a: Arceus\n|-damage|p1a: Arceus|0 fnt\n|faint|p1a: Arceus\n|\n|upkeep\n|\n|t:|1699819776\n|switch|p1a: Palkia|Palkia-Origin|48\/100\n|-ability|p1a: Palkia|Pressure\n|turn|31\n|\n|t:|1699819784\n|move|p1a: Palkia|Thunderbolt|p2a: Zamazenta\n|-supereffective|p2a: Zamazenta\n|-damage|p2a: Zamazenta|26\/100\n|move|p2a: Zamazenta|Body Press|p1a: Palkia\n|-damage|p1a: Palkia|0 fnt\n|faint|p1a: Palkia\n|\n|upkeep\n|\n|t:|1699819791\n|switch|p1a: Basculin|Basculin-White-Striped, F|100\/100\n|turn|32\n|\n|t:|1699819792\n|-terastallize|p1a: Basculin|Ghost\n|move|p1a: Basculin|Last Respects|p2a: Zamazenta\n|-damage|p2a: Zamazenta|4\/100\n|move|p2a: Zamazenta|Body Press|p1a: Basculin\n|-immune|p1a: Basculin\n|\n|upkeep\n|turn|33\n|c|\u2606babynogalXD|fuck\n|c|\u2606IDaHAN|TERA GHOST BASC FTW\n|\n|t:|1699819816\n|move|p1a: Basculin|Last Respects|p2a: Zamazenta\n|-damage|p2a: Zamazenta|0 fnt\n|faint|p2a: Zamazenta\n|\n|upkeep\n|c|\u2606babynogalXD|i wasnt looking\n|c|\u2606babynogalXD|i just saw fish\n|\n|t:|1699819826\n|switch|p2a: Clefable|Clefable, F|100\/100\n|turn|34\n|\n|t:|1699819833\n|move|p1a: Basculin|Last Respects|p2a: Clefable\n|-damage|p2a: Clefable|0 fnt\n|faint|p2a: Clefable\n|\n|win|IDaHAN\n|c|\u2606babynogalXD|gg\n|c|\u2606IDaHAN|gg\n","uploadtime":1699819841,"views":6,"p1id":"idahan","p2id":"babynogalxd","formatid":"gen9ubers","rating":0,"private":0,"password":""}