{"id":"gen9ubers-1979769085","p1":"VictiniSweeper","p2":"Leo Justice","format":"[Gen 9] Ubers","log":"|j|\u2606VictiniSweeper\n|j|\u2606Leo Justice\n|t:|1698711330\n|gametype|singles\n|player|p1|VictiniSweeper|iris-gen5bw2|\n|player|p2|Leo Justice|carmine|\n|teamsize|p1|6\n|teamsize|p2|6\n|gen|9\n|tier|[Gen 9] Ubers\n|rule|Sleep Clause Mod: Limit one foe put to sleep\n|rule|Species Clause: Limit one of each Pok\u00e9mon\n|rule|OHKO Clause: OHKO moves are banned\n|rule|Evasion Items Clause: Evasion items are banned\n|rule|Evasion Moves Clause: Evasion moves are banned\n|rule|Endless Battle Clause: Forcing endless battles is banned\n|rule|HP Percentage Mod: HP is shown in percentages\n|clearpoke\n|poke|p1|Volcarona, F|\n|poke|p1|Cyclizar, M|\n|poke|p1|Roaring Moon|\n|poke|p1|Manaphy|\n|poke|p1|Dialga-Origin|\n|poke|p1|Ninetales-Alola, M|\n|poke|p2|Garganacl, M|\n|poke|p2|Blissey, F|\n|poke|p2|Hatterene, F|\n|poke|p2|Dondozo, F|\n|poke|p2|Slowking-Galar, M|\n|poke|p2|Giratina|\n|teampreview\n|inactive|Battle timer is ON: inactive players will automatically lose when time's up. (requested by VictiniSweeper)\n|j| fwuffypetsowo\n|inactive|Leo Justice has 270 seconds left.\n|\n|t:|1698711378\n|start\n|switch|p1a: Cyclizar|Cyclizar, M|100\/100\n|switch|p2a: Slowking|Slowking-Galar, M|100\/100\n|turn|1\n|\n|t:|1698711384\n|move|p1a: Cyclizar|Taunt|p2a: Slowking\n|-start|p2a: Slowking|move: Taunt\n|cant|p2a: Slowking|move: Taunt|Toxic Spikes\n|\n|upkeep\n|turn|2\n|\n|t:|1698711391\n|switch|p2a: Giratina|Giratina|100\/100\n|-ability|p2a: Giratina|Pressure\n|move|p1a: Cyclizar|Shed Tail|p1a: Cyclizar\n|-start|p1a: Cyclizar|Substitute|[from] move: Shed Tail\n|-damage|p1a: Cyclizar|50\/100\n|\n|t:|1698711400\n|switch|p1a: Roaring Moon|Roaring Moon|100\/100|[from] Shed Tail\n|-enditem|p1a: Roaring Moon|Booster Energy\n|-activate|p1a: Roaring Moon|ability: Protosynthesis|[fromitem]\n|-start|p1a: Roaring Moon|protosynthesisspe\n|\n|upkeep\n|turn|3\n|\n|t:|1698711407\n|switch|p2a: Dondozo|Dondozo, F|100\/100\n|move|p1a: Roaring Moon|Dragon Dance|p1a: Roaring Moon\n|-boost|p1a: Roaring Moon|atk|1\n|-boost|p1a: Roaring Moon|spe|1\n|\n|upkeep\n|turn|4\n|\n|t:|1698711414\n|move|p1a: Roaring Moon|Dragon Claw|p2a: Dondozo\n|-damage|p2a: Dondozo|80\/100\n|move|p2a: Dondozo|Curse|p2a: Dondozo\n|-unboost|p2a: Dondozo|spe|1\n|-boost|p2a: Dondozo|atk|1\n|-boost|p2a: Dondozo|def|1\n|\n|upkeep\n|turn|5\n|j| the tr4sh man\n|\n|t:|1698711432\n|-end|p1a: Roaring Moon|Protosynthesis|[silent]\n|switch|p1a: Cyclizar|Cyclizar, M|84\/100\n|move|p2a: Dondozo|Liquidation|p1a: Cyclizar\n|-resisted|p1a: Cyclizar\n|-damage|p1a: Cyclizar|48\/100\n|\n|upkeep\n|turn|6\n|c| the tr4sh man|big stall agent!\n|c| the tr4sh man|very cool\n|\n|t:|1698711451\n|switch|p1a: Dialga|Dialga-Origin|100\/100\n|-ability|p1a: Dialga|Pressure\n|switch|p2a: Slowking|Slowking-Galar, M|100\/100\n|\n|upkeep\n|turn|7\n|\n|t:|1698711462\n|move|p1a: Dialga|Stealth Rock|p2a: Slowking\n|-sidestart|p2: Leo Justice|move: Stealth Rock\n|move|p2a: Slowking|Toxic Spikes|p1a: Dialga\n|-sidestart|p1: VictiniSweeper|move: Toxic Spikes\n|\n|upkeep\n|turn|8\n|\n|t:|1698711466\n|move|p2a: Slowking|Toxic Spikes|p1a: Dialga\n|-sidestart|p1: VictiniSweeper|move: Toxic Spikes\n|move|p1a: Dialga|Roar|p2a: Slowking\n|drag|p2a: Garganacl|Garganacl, M|100\/100\n|-damage|p2a: Garganacl|88\/100|[from] Stealth Rock\n|\n|-heal|p2a: Garganacl|94\/100|[from] item: Leftovers\n|upkeep\n|turn|9\n|\n|t:|1698711476\n|-terastallize|p2a: Garganacl|Water\n|move|p1a: Dialga|Flash Cannon|p2a: Garganacl\n|-resisted|p2a: Garganacl\n|-crit|p2a: Garganacl\n|-damage|p2a: Garganacl|67\/100\n|move|p2a: Garganacl|Salt Cure|p1a: Dialga\n|-resisted|p1a: Dialga\n|-damage|p1a: Dialga|95\/100\n|-start|p1a: Dialga|Salt Cure\n|\n|-heal|p2a: Garganacl|73\/100|[from] item: Leftovers\n|-damage|p1a: Dialga|70\/100|[from] Salt Cure\n|upkeep\n|turn|10\n|\n|t:|1698711493\n|switch|p1a: Ninetales|Ninetales-Alola, M|100\/100\n|-status|p1a: Ninetales|tox\n|-weather|Snow|[from] ability: Snow Warning|[of] p1a: Ninetales\n|move|p2a: Garganacl|Recover|p2a: Garganacl\n|-heal|p2a: Garganacl|100\/100\n|\n|-weather|Snow|[upkeep]\n|-damage|p1a: Ninetales|95\/100 tox|[from] psn\n|upkeep\n|turn|11\n|\n|t:|1698711505\n|move|p1a: Ninetales|Encore|p2a: Garganacl\n|-start|p2a: Garganacl|Encore\n|move|p2a: Garganacl|Recover||[still]\n|-fail|p2a: Garganacl|heal\n|\n|-weather|Snow|[upkeep]\n|-damage|p1a: Ninetales|83\/100 tox|[from] psn\n|upkeep\n|turn|12\n|\n|t:|1698711517\n|switch|p2a: Blissey|Blissey, F|100\/100\n|move|p1a: Ninetales|Aurora Veil|p1a: Ninetales\n|-sidestart|p1: VictiniSweeper|move: Aurora Veil\n|\n|-weather|Snow|[upkeep]\n|-damage|p1a: Ninetales|65\/100 tox|[from] psn\n|upkeep\n|turn|13\n|\n|t:|1698711526\n|switch|p1a: Cyclizar|Cyclizar, M|81\/100\n|move|p2a: Blissey|Stealth Rock|p1a: Cyclizar\n|-sidestart|p1: VictiniSweeper|move: Stealth Rock\n|\n|-weather|Snow|[upkeep]\n|upkeep\n|turn|14\n|\n|t:|1698711532\n|switch|p2a: Giratina|Giratina|100\/100\n|-ability|p2a: Giratina|Pressure\n|move|p1a: Cyclizar|Rapid Spin|p2a: Giratina\n|-immune|p2a: Giratina\n|\n|-weather|none\n|upkeep\n|turn|15\n|\n|t:|1698711539\n|move|p1a: Cyclizar|Shed Tail|p1a: Cyclizar\n|-start|p1a: Cyclizar|Substitute|[from] move: Shed Tail\n|-damage|p1a: Cyclizar|31\/100\n|\n|t:|1698711548\n|switch|p1a: Volcarona|Volcarona, F|100\/100|[from] Shed Tail\n|move|p2a: Giratina|Draco Meteor|p1a: Volcarona\n|-activate|p1a: Volcarona|move: Substitute|[damage]\n|-unboost|p2a: Giratina|spa|2\n|\n|upkeep\n|turn|16\n|\n|t:|1698711557\n|move|p1a: Volcarona|Quiver Dance|p1a: Volcarona\n|-boost|p1a: Volcarona|spa|1\n|-boost|p1a: Volcarona|spd|1\n|-boost|p1a: Volcarona|spe|1\n|move|p2a: Giratina|Roar|p1a: Volcarona\n|drag|p1a: Manaphy|Manaphy|100\/100\n|-status|p1a: Manaphy|tox\n|-damage|p1a: Manaphy|88\/100 tox|[from] Stealth Rock\n|\n|-damage|p1a: Manaphy|82\/100 tox|[from] psn\n|upkeep\n|turn|17\n|\n|t:|1698711571\n|switch|p2a: Garganacl|Garganacl, M, tera:Water|100\/100\n|-damage|p2a: Garganacl|88\/100|[from] Stealth Rock\n|move|p1a: Manaphy|Ice Beam|p2a: Garganacl\n|-resisted|p2a: Garganacl\n|-damage|p2a: Garganacl|78\/100\n|-damage|p1a: Manaphy|72\/100 tox|[from] item: Life Orb\n|\n|-heal|p2a: Garganacl|84\/100|[from] item: Leftovers\n|-damage|p1a: Manaphy|60\/100 tox|[from] psn\n|upkeep\n|turn|18\n|\n|t:|1698711577\n|move|p1a: Manaphy|Dazzling Gleam|p2a: Garganacl\n|-damage|p2a: Garganacl|64\/100\n|-damage|p1a: Manaphy|50\/100 tox|[from] item: Life Orb\n|move|p2a: Garganacl|Salt Cure|p1a: Manaphy\n|-damage|p1a: Manaphy|44\/100 tox\n|-start|p1a: Manaphy|Salt Cure\n|\n|-heal|p2a: Garganacl|70\/100|[from] item: Leftovers\n|-damage|p1a: Manaphy|25\/100 tox|[from] psn\n|-damage|p1a: Manaphy|0 fnt|[from] Salt Cure\n|faint|p1a: Manaphy\n|upkeep\n|\n|t:|1698711594\n|switch|p1a: Dialga|Dialga-Origin|70\/100\n|-damage|p1a: Dialga|64\/100|[from] Stealth Rock\n|-ability|p1a: Dialga|Pressure\n|turn|19\n|\n|t:|1698711600\n|move|p1a: Dialga|Draco Meteor|p2a: Garganacl\n|-damage|p2a: Garganacl|9\/100\n|-unboost|p1a: Dialga|spa|2\n|move|p2a: Garganacl|Salt Cure|p1a: Dialga\n|-resisted|p1a: Dialga\n|-damage|p1a: Dialga|61\/100\n|-start|p1a: Dialga|Salt Cure\n|\n|-heal|p2a: Garganacl|15\/100|[from] item: Leftovers\n|-damage|p1a: Dialga|36\/100|[from] Salt Cure\n|-sideend|p1: VictiniSweeper|move: Aurora Veil\n|upkeep\n|turn|20\n|\n|t:|1698711618\n|switch|p1a: Cyclizar|Cyclizar, M|64\/100\n|switch|p2a: Hatterene|Hatterene, F|100\/100\n|-damage|p2a: Hatterene|88\/100|[from] Stealth Rock\n|\n|-heal|p2a: Hatterene|94\/100|[from] item: Leftovers\n|upkeep\n|turn|21\n|\n|t:|1698711625\n|switch|p2a: Giratina|Giratina|100\/100\n|-ability|p2a: Giratina|Pressure\n|move|p1a: Cyclizar|Rapid Spin|p2a: Giratina\n|-immune|p2a: Giratina\n|\n|upkeep\n|turn|22\n|\n|t:|1698711631\n|move|p1a: Cyclizar|Taunt|p2a: Giratina\n|-start|p2a: Giratina|move: Taunt\n|move|p2a: Giratina|Draco Meteor|p1a: Cyclizar\n|-supereffective|p1a: Cyclizar\n|-damage|p1a: Cyclizar|0 fnt\n|-unboost|p2a: Giratina|spa|2\n|faint|p1a: Cyclizar\n|\n|upkeep\n|\n|t:|1698711636\n|switch|p1a: Volcarona|Volcarona, F|100\/100\n|turn|23\n|\n|t:|1698711649\n|switch|p2a: Slowking|Slowking-Galar, M|100\/100\n|-damage|p2a: Slowking|88\/100|[from] Stealth Rock\n|move|p1a: Volcarona|Quiver Dance|p1a: Volcarona\n|-boost|p1a: Volcarona|spa|1\n|-boost|p1a: Volcarona|spd|1\n|-boost|p1a: Volcarona|spe|1\n|\n|upkeep\n|turn|24\n|\n|t:|1698711656\n|move|p1a: Volcarona|Quiver Dance|p1a: Volcarona\n|-boost|p1a: Volcarona|spa|1\n|-boost|p1a: Volcarona|spd|1\n|-boost|p1a: Volcarona|spe|1\n|move|p2a: Slowking|Chilly Reception|p2a: Slowking\n|-weather|Snow\n|\n|t:|1698711661\n|switch|p2a: Giratina|Giratina|100\/100|[from] Chilly Reception\n|-ability|p2a: Giratina|Pressure\n|\n|-weather|Snow|[upkeep]\n|upkeep\n|turn|25\n|\n|t:|1698711668\n|move|p1a: Volcarona|Fiery Dance|p2a: Giratina\n|-resisted|p2a: Giratina\n|-damage|p2a: Giratina|82\/100\n|move|p2a: Giratina|Roar|p1a: Volcarona\n|drag|p1a: Dialga|Dialga-Origin|36\/100\n|-damage|p1a: Dialga|30\/100|[from] Stealth Rock\n|-ability|p1a: Dialga|Pressure\n|\n|-weather|Snow|[upkeep]\n|upkeep\n|turn|26\n|\n|t:|1698711680\n|switch|p2a: Blissey|Blissey, F|100\/100\n|move|p1a: Dialga|Draco Meteor|p2a: Blissey\n|-damage|p2a: Blissey|71\/100\n|-unboost|p1a: Dialga|spa|2\n|\n|-weather|Snow|[upkeep]\n|upkeep\n|turn|27\n|\n|t:|1698711688\n|move|p2a: Blissey|Soft-Boiled|p2a: Blissey\n|-heal|p2a: Blissey|100\/100\n|move|p1a: Dialga|Roar|p2a: Blissey\n|drag|p2a: Garganacl|Garganacl, M, tera:Water|15\/100\n|-damage|p2a: Garganacl|3\/100|[from] Stealth Rock\n|\n|-weather|Snow|[upkeep]\n|-heal|p2a: Garganacl|9\/100|[from] item: Leftovers\n|upkeep\n|turn|28\n|\n|t:|1698711695\n|move|p2a: Garganacl|Recover|p2a: Garganacl\n|-heal|p2a: Garganacl|59\/100\n|move|p1a: Dialga|Roar|p2a: Garganacl\n|drag|p2a: Giratina|Giratina|82\/100\n|-ability|p2a: Giratina|Pressure\n|\n|-weather|none\n|upkeep\n|turn|29\n|\n|t:|1698711705\n|switch|p2a: Slowking|Slowking-Galar, M|100\/100\n|-damage|p2a: Slowking|88\/100|[from] Stealth Rock\n|move|p1a: Dialga|Roar|p2a: Slowking\n|drag|p2a: Giratina|Giratina|82\/100\n|-ability|p2a: Giratina|Pressure\n|\n|upkeep\n|turn|30\n|\n|t:|1698711718\n|switch|p2a: Hatterene|Hatterene, F|94\/100\n|-damage|p2a: Hatterene|82\/100|[from] Stealth Rock\n|move|p1a: Dialga|Roar|p2a: Hatterene\n|move|p2a: Hatterene|Roar|p1a: Dialga|[from]ability: Magic Bounce\n|drag|p1a: Ninetales|Ninetales-Alola, M|65\/100 tox\n|-damage|p1a: Ninetales|40\/100 tox|[from] Stealth Rock\n|-weather|Snow|[from] ability: Snow Warning|[of] p1a: Ninetales\n|\n|-weather|Snow|[upkeep]\n|-heal|p2a: Hatterene|88\/100|[from] item: Leftovers\n|-damage|p1a: Ninetales|34\/100 tox|[from] psn\n|upkeep\n|turn|31\n|\n|t:|1698711730\n|move|p1a: Ninetales|Aurora Veil|p1a: Ninetales\n|-sidestart|p1: VictiniSweeper|move: Aurora Veil\n|move|p2a: Hatterene|Calm Mind|p2a: Hatterene\n|-boost|p2a: Hatterene|spa|1\n|-boost|p2a: Hatterene|spd|1\n|\n|-weather|Snow|[upkeep]\n|-heal|p2a: Hatterene|94\/100|[from] item: Leftovers\n|-damage|p1a: Ninetales|22\/100 tox|[from] psn\n|upkeep\n|turn|32\n|\n|t:|1698711738\n|move|p1a: Ninetales|Encore|p2a: Hatterene\n|move|p2a: Hatterene|Encore||[from]ability: Magic Bounce|[still]\n|-fail|p2a: Hatterene\n|move|p2a: Hatterene|Calm Mind|p2a: Hatterene\n|-boost|p2a: Hatterene|spa|1\n|-boost|p2a: Hatterene|spd|1\n|\n|-weather|Snow|[upkeep]\n|-heal|p2a: Hatterene|99\/100|[from] item: Leftovers\n|-damage|p1a: Ninetales|5\/100 tox|[from] psn\n|upkeep\n|turn|33\n|\n|t:|1698711746\n|switch|p1a: Roaring Moon|Roaring Moon|100\/100\n|-status|p1a: Roaring Moon|tox\n|-damage|p1a: Roaring Moon|88\/100 tox|[from] Stealth Rock\n|move|p2a: Hatterene|Calm Mind|p2a: Hatterene\n|-boost|p2a: Hatterene|spa|1\n|-boost|p2a: Hatterene|spd|1\n|\n|-weather|Snow|[upkeep]\n|-heal|p2a: Hatterene|100\/100|[from] item: Leftovers\n|-damage|p1a: Roaring Moon|82\/100 tox|[from] psn\n|upkeep\n|turn|34\n|\n|t:|1698711755\n|-terastallize|p1a: Roaring Moon|Steel\n|move|p1a: Roaring Moon|Dragon Dance|p1a: Roaring Moon\n|-boost|p1a: Roaring Moon|atk|1\n|-boost|p1a: Roaring Moon|spe|1\n|move|p2a: Hatterene|Draining Kiss|p1a: Roaring Moon\n|-resisted|p1a: Roaring Moon\n|-damage|p1a: Roaring Moon|69\/100 tox\n|\n|-weather|none\n|-damage|p1a: Roaring Moon|56\/100 tox|[from] psn\n|upkeep\n|turn|35\n|\n|t:|1698711765\n|switch|p2a: Dondozo|Dondozo, F|80\/100\n|move|p1a: Roaring Moon|Throat Chop|p2a: Dondozo\n|-damage|p2a: Dondozo|60\/100\n|-start|p2a: Dondozo|Throat Chop|[silent]\n|\n|-damage|p1a: Roaring Moon|38\/100 tox|[from] psn\n|upkeep\n|turn|36\n|\n|t:|1698711770\n|move|p1a: Roaring Moon|Dragon Claw|p2a: Dondozo\n|-crit|p2a: Dondozo\n|-damage|p2a: Dondozo|29\/100\n|move|p2a: Dondozo|Curse|p2a: Dondozo\n|-unboost|p2a: Dondozo|spe|1\n|-boost|p2a: Dondozo|atk|1\n|-boost|p2a: Dondozo|def|1\n|\n|-damage|p1a: Roaring Moon|14\/100 tox|[from] psn\n|-end|p2a: Dondozo|Throat Chop|[silent]\n|upkeep\n|turn|37\n|\n|t:|1698711774\n|move|p1a: Roaring Moon|Dragon Claw|p2a: Dondozo\n|-damage|p2a: Dondozo|18\/100\n|move|p2a: Dondozo|Rest|p2a: Dondozo\n|-status|p2a: Dondozo|slp|[from] move: Rest\n|-heal|p2a: Dondozo|100\/100 slp|[silent]\n|\n|-damage|p1a: Roaring Moon|0 fnt|[from] psn\n|faint|p1a: Roaring Moon\n|-end|p1a: Roaring Moon|Protosynthesis|[silent]\n|upkeep\n|c|\u2606VictiniSweeper|Stall in gen 9\n|c|\u2606VictiniSweeper|How annoying\n|c| fwuffypetsowo|when you don't have Gholdengo\n|inactive|VictiniSweeper has 270 seconds left.\n|\n|t:|1698711807\n|switch|p1a: Volcarona|Volcarona, F|100\/100\n|turn|38\n|c|\u2606Leo Justice|Garg beats gholdengo\n|c| fwuffypetsowo|yea\n|\n|t:|1698711825\n|switch|p2a: Giratina|Giratina|82\/100\n|-ability|p2a: Giratina|Pressure\n|move|p1a: Volcarona|Giga Drain|p2a: Giratina\n|-resisted|p2a: Giratina\n|-damage|p2a: Giratina|75\/100\n|\n|-sideend|p1: VictiniSweeper|move: Aurora Veil\n|upkeep\n|turn|39\n|\n|t:|1698711836\n|switch|p1a: Dialga|Dialga-Origin|30\/100\n|-damage|p1a: Dialga|24\/100|[from] Stealth Rock\n|-ability|p1a: Dialga|Pressure\n|move|p2a: Giratina|Draco Meteor|p1a: Dialga\n|-damage|p1a: Dialga|0 fnt\n|-unboost|p2a: Giratina|spa|2\n|faint|p1a: Dialga\n|\n|upkeep\n|\n|t:|1698711838\n|switch|p1a: Ninetales|Ninetales-Alola, M|5\/100 tox\n|-damage|p1a: Ninetales|0 fnt|[from] Stealth Rock\n|faint|p1a: Ninetales\n|\n|t:|1698711840\n|switch|p1a: Volcarona|Volcarona, F|100\/100\n|turn|40\n|\n|t:|1698711847\n|move|p1a: Volcarona|Quiver Dance|p1a: Volcarona\n|-boost|p1a: Volcarona|spa|1\n|-boost|p1a: Volcarona|spd|1\n|-boost|p1a: Volcarona|spe|1\n|move|p2a: Giratina|Draco Meteor|p1a: Volcarona\n|-damage|p1a: Volcarona|84\/100\n|-unboost|p2a: Giratina|spa|2\n|\n|upkeep\n|turn|41\n|\n|t:|1698711853\n|move|p1a: Volcarona|Quiver Dance|p1a: Volcarona\n|-boost|p1a: Volcarona|spa|1\n|-boost|p1a: Volcarona|spd|1\n|-boost|p1a: Volcarona|spe|1\n|move|p2a: Giratina|Roar||[still]\n|-fail|p2a: Giratina\n|\n|upkeep\n|turn|42\n|c|\u2606VictiniSweeper|I'll fucking set up to the sky\n|\n|t:|1698711877\n|switch|p2a: Hatterene|Hatterene, F|100\/100\n|-damage|p2a: Hatterene|88\/100|[from] Stealth Rock\n|move|p1a: Volcarona|Quiver Dance|p1a: Volcarona\n|-boost|p1a: Volcarona|spa|1\n|-boost|p1a: Volcarona|spd|1\n|-boost|p1a: Volcarona|spe|1\n|\n|-heal|p2a: Hatterene|94\/100|[from] item: Leftovers\n|upkeep\n|turn|43\n|\n|t:|1698711887\n|move|p1a: Volcarona|Fiery Dance|p2a: Hatterene\n|-damage|p2a: Hatterene|0 fnt\n|faint|p2a: Hatterene\n|\n|upkeep\n|\n|t:|1698711893\n|switch|p2a: Slowking|Slowking-Galar, M|100\/100\n|-damage|p2a: Slowking|88\/100|[from] Stealth Rock\n|turn|44\n|c| fwuffypetsowo|no shot\n|\n|t:|1698711897\n|move|p1a: Volcarona|Fiery Dance|p2a: Slowking\n|-damage|p2a: Slowking|19\/100\n|move|p2a: Slowking|Sludge Bomb|p1a: Volcarona\n|-damage|p1a: Volcarona|71\/100\n|\n|upkeep\n|turn|45\n|\n|t:|1698711903\n|move|p1a: Volcarona|Fiery Dance|p2a: Slowking\n|-damage|p2a: Slowking|0 fnt\n|faint|p2a: Slowking\n|\n|upkeep\n|\n|t:|1698711905\n|switch|p2a: Garganacl|Garganacl, M, tera:Water|59\/100\n|-damage|p2a: Garganacl|47\/100|[from] Stealth Rock\n|turn|46\n|c|\u2606Leo Justice|Fuck\n|c| fwuffypetsowo|bro\n|\n|t:|1698711911\n|move|p1a: Volcarona|Giga Drain|p2a: Garganacl\n|-supereffective|p2a: Garganacl\n|-damage|p2a: Garganacl|0 fnt\n|-heal|p1a: Volcarona|99\/100|[from] drain|[of] p2a: Garganacl\n|faint|p2a: Garganacl\n|\n|upkeep\n|\n|t:|1698711915\n|switch|p2a: Blissey|Blissey, F|100\/100\n|turn|47\n|\n|t:|1698711917\n|move|p1a: Volcarona|Fiery Dance|p2a: Blissey\n|-damage|p2a: Blissey|71\/100\n|-boost|p1a: Volcarona|spa|1\n|move|p2a: Blissey|Seismic Toss|p1a: Volcarona\n|-damage|p1a: Volcarona|69\/100\n|\n|upkeep\n|turn|48\n|\n|t:|1698711925\n|move|p1a: Volcarona|Fiery Dance|p2a: Blissey\n|-damage|p2a: Blissey|32\/100\n|move|p2a: Blissey|Soft-Boiled|p2a: Blissey\n|-heal|p2a: Blissey|82\/100\n|\n|upkeep\n|turn|49\n|c| the tr4sh man|supreme overlord volc\n|\n|t:|1698711930\n|move|p1a: Volcarona|Fiery Dance|p2a: Blissey\n|-damage|p2a: Blissey|42\/100\n|-boost|p1a: Volcarona|spa|1\n|move|p2a: Blissey|Seismic Toss|p1a: Volcarona\n|-damage|p1a: Volcarona|39\/100\n|\n|upkeep\n|turn|50\n|\n|t:|1698711938\n|move|p1a: Volcarona|Giga Drain|p2a: Blissey\n|-damage|p2a: Blissey|12\/100\n|-heal|p1a: Volcarona|72\/100|[from] drain|[of] p2a: Blissey\n|move|p2a: Blissey|Soft-Boiled|p2a: Blissey\n|-heal|p2a: Blissey|62\/100\n|\n|upkeep\n|turn|51\n|\n|t:|1698711943\n|move|p1a: Volcarona|Giga Drain|p2a: Blissey\n|-damage|p2a: Blissey|35\/100\n|-heal|p1a: Volcarona|99\/100|[from] drain|[of] p2a: Blissey\n|move|p2a: Blissey|Soft-Boiled|p2a: Blissey\n|-heal|p2a: Blissey|85\/100\n|\n|upkeep\n|turn|52\n|\n|t:|1698711951\n|move|p1a: Volcarona|Giga Drain|p2a: Blissey\n|-damage|p2a: Blissey|55\/100\n|-heal|p1a: Volcarona|100\/100|[from] drain|[of] p2a: Blissey\n|move|p2a: Blissey|Seismic Toss|p1a: Volcarona\n|-damage|p1a: Volcarona|71\/100\n|\n|upkeep\n|turn|53\n|\n|t:|1698711958\n|move|p1a: Volcarona|Giga Drain|p2a: Blissey\n|-damage|p2a: Blissey|26\/100\n|-heal|p1a: Volcarona|100\/100|[from] drain|[of] p2a: Blissey\n|move|p2a: Blissey|Soft-Boiled|p2a: Blissey\n|-heal|p2a: Blissey|76\/100\n|\n|upkeep\n|turn|54\n|\n|t:|1698711968\n|switch|p2a: Giratina|Giratina|75\/100\n|-ability|p2a: Giratina|Pressure\n|move|p1a: Volcarona|Fiery Dance|p2a: Giratina\n|-resisted|p2a: Giratina\n|-damage|p2a: Giratina|40\/100\n|\n|upkeep\n|turn|55\n|\n|t:|1698711976\n|move|p1a: Volcarona|Quiver Dance|p1a: Volcarona\n|-boost|p1a: Volcarona|spa|1\n|-boost|p1a: Volcarona|spd|1\n|-boost|p1a: Volcarona|spe|1\n|move|p2a: Giratina|Rest|p2a: Giratina\n|-status|p2a: Giratina|slp|[from] move: Rest\n|-heal|p2a: Giratina|100\/100 slp|[silent]\n|\n|upkeep\n|turn|56\n|\n|t:|1698711983\n|move|p1a: Volcarona|Fiery Dance|p2a: Giratina\n|-resisted|p2a: Giratina\n|-damage|p2a: Giratina|57\/100 slp\n|cant|p2a: Giratina|slp\n|\n|upkeep\n|turn|57\n|\n|t:|1698711988\n|switch|p2a: Dondozo|Dondozo, F|100\/100 slp\n|move|p1a: Volcarona|Fiery Dance|p2a: Dondozo\n|-resisted|p2a: Dondozo\n|-damage|p2a: Dondozo|77\/100 slp\n|\n|upkeep\n|turn|58\n|\n|t:|1698711996\n|switch|p2a: Blissey|Blissey, F|76\/100\n|move|p1a: Volcarona|Giga Drain|p2a: Blissey\n|-damage|p2a: Blissey|41\/100\n|\n|upkeep\n|turn|59\n|\n|t:|1698712005\n|move|p1a: Volcarona|Fiery Dance|p2a: Blissey\n|-damage|p2a: Blissey|0 fnt\n|faint|p2a: Blissey\n|\n|upkeep\n|\n|t:|1698712011\n|switch|p2a: Giratina|Giratina|57\/100 slp\n|-ability|p2a: Giratina|Pressure\n|turn|60\n|c| fwuffypetsowo|NO SHOT\n|c|\u2606VictiniSweeper|NO WAY\n|c| the tr4sh man|that was a high roll\n|c| the tr4sh man|for sure\n|\n|t:|1698712021\n|move|p1a: Volcarona|Fiery Dance|p2a: Giratina\n|-resisted|p2a: Giratina\n|-damage|p2a: Giratina|14\/100 slp\n|cant|p2a: Giratina|slp\n|\n|upkeep\n|turn|61\n|c| fwuffypetsowo|it was 87% KO\n|\n|t:|1698712028\n|move|p1a: Volcarona|Giga Drain|p2a: Giratina\n|-resisted|p2a: Giratina\n|-damage|p2a: Giratina|0 fnt\n|faint|p2a: Giratina\n|\n|upkeep\n|\n|t:|1698712030\n|switch|p2a: Dondozo|Dondozo, F|77\/100 slp\n|turn|62\n|c|\u2606Leo Justice|gg\n|c| fwuffypetsowo|MATCHUP MOTH RETURNS\n|c|\u2606VictiniSweeper|Gg\n|\n|t:|1698712041\n|move|p1a: Volcarona|Giga Drain|p2a: Dondozo\n|-supereffective|p2a: Dondozo\n|-damage|p2a: Dondozo|23\/100 slp\n|cant|p2a: Dondozo|slp\n|move|p2a: Dondozo|Sleep Talk|p2a: Dondozo\n|move|p2a: Dondozo|Liquidation|p1a: Volcarona|[from]move: Sleep Talk\n|-supereffective|p1a: Volcarona\n|-damage|p1a: Volcarona|16\/100\n|\n|upkeep\n|turn|63\n|\n|t:|1698712050\n|move|p1a: Volcarona|Giga Drain|p2a: Dondozo\n|-supereffective|p2a: Dondozo\n|-damage|p2a: Dondozo|0 fnt\n|-heal|p1a: Volcarona|33\/100|[from] drain|[of] p2a: Dondozo\n|faint|p2a: Dondozo\n|\n|win|VictiniSweeper\n|c|\u2606Leo Justice|Ah I shouldn't have rested with dondozo\n|l|\u2606VictiniSweeper\n|c|\u2606Leo Justice|gg\n|c| fwuffypetsowo|this is the greatest game of this tournament\n|c| the tr4sh man|this was a tourney game??\n|c| fwuffypetsowo|yep\n|c| the tr4sh man|oh wow\n|c| the tr4sh man|this is definitely a game\n|l| the tr4sh man\n","uploadtime":1698712461,"views":26,"p1id":"victinisweeper","p2id":"leojustice","formatid":"gen9ubers","rating":0,"private":0,"password":""}