{"id":"gen9ubers-1994515096","p1":"Taka","p2":"KeshBa45","format":"[Gen 9] Ubers","log":"|j|\u2606Taka\n|j|\u2606KeshBa45\n|t:|1700453172\n|gametype|singles\n|player|p1|Taka|#scl3spartans|\n|player|p2|KeshBa45|hilbert|\n|teamsize|p1|6\n|teamsize|p2|6\n|gen|9\n|tier|[Gen 9] Ubers\n|rated|Tournament battle\n|rule|Sleep Clause Mod: Limit one foe put to sleep\n|rule|Species Clause: Limit one of each Pok\u00e9mon\n|rule|OHKO Clause: OHKO moves are banned\n|rule|Evasion Items Clause: Evasion items are banned\n|rule|Evasion Moves Clause: Evasion moves are banned\n|rule|Endless Battle Clause: Forcing endless battles is banned\n|rule|HP Percentage Mod: HP is shown in percentages\n|clearpoke\n|poke|p1|Zacian-*|\n|poke|p1|Miraidon|\n|poke|p1|Arceus|\n|poke|p1|Ribombee, M|\n|poke|p1|Koraidon|\n|poke|p1|Basculegion, M|\n|poke|p2|Calyrex-Ice|\n|poke|p2|Koraidon|\n|poke|p2|Toxapex, F|\n|poke|p2|Ting-Lu|\n|poke|p2|Arceus|\n|poke|p2|Miraidon|\n|teampreview\n|inactive|Battle timer is ON: inactive players will automatically lose when time's up. (requested by Taka)\n|c|\u2606KeshBa45|Glgl\n|c|\u2606Taka|u2\n|\n|t:|1700453201\n|start\n|switch|p1a: Ribombee|Ribombee, M|100\/100\n|switch|p2a: Miraidon|Miraidon|100\/100\n|-fieldstart|move: Electric Terrain|[from] ability: Hadron Engine|[of] p2a: Miraidon\n|turn|1\n|\n|t:|1700453206\n|move|p2a: Miraidon|Parabolic Charge|p1a: Ribombee\n|-enditem|p1a: Ribombee|Focus Sash\n|-damage|p1a: Ribombee|1\/100\n|-damage|p2a: Miraidon|91\/100|[from] item: Life Orb\n|move|p1a: Ribombee|Moonblast|p2a: Miraidon\n|-supereffective|p2a: Miraidon\n|-damage|p2a: Miraidon|25\/100\n|\n|upkeep\n|turn|2\n|\n|t:|1700453215\n|switch|p1a: Koraidon|Koraidon|100\/100\n|-weather|SunnyDay|[from] ability: Orichalcum Pulse|[of] p1a: Koraidon\n|-activate|p1a: Koraidon|Orichalcum Pulse|[source]\n|move|p2a: Miraidon|Parabolic Charge|p1a: Koraidon\n|-resisted|p1a: Koraidon\n|-damage|p1a: Koraidon|59\/100\n|-heal|p2a: Miraidon|47\/100|[from] drain|[of] p1a: Koraidon\n|-damage|p2a: Miraidon|37\/100|[from] item: Life Orb\n|\n|-weather|SunnyDay|[upkeep]\n|upkeep\n|turn|3\n|inactive|KeshBa45 has 120 seconds left.\n|\n|t:|1700453257\n|switch|p2a: Toxapex|Toxapex, F|100\/100\n|move|p1a: Koraidon|Scale Shot|p2a: Toxapex\n|-damage|p2a: Toxapex|90\/100\n|-damage|p2a: Toxapex|79\/100\n|-damage|p2a: Toxapex|69\/100\n|-damage|p2a: Toxapex|59\/100\n|-damage|p2a: Toxapex|49\/100\n|-hitcount|p2a: Toxapex|5\n|-unboost|p1a: Koraidon|def|1\n|-boost|p1a: Koraidon|spe|1\n|\n|-weather|SunnyDay|[upkeep]\n|upkeep\n|turn|4\n|\n|t:|1700453281\n|move|p1a: Koraidon|Scale Shot|p2a: Toxapex\n|-damage|p2a: Toxapex|37\/100\n|-damage|p2a: Toxapex|25\/100\n|-damage|p2a: Toxapex|13\/100\n|-damage|p2a: Toxapex|2\/100\n|-hitcount|p2a: Toxapex|4\n|-unboost|p1a: Koraidon|def|1\n|-boost|p1a: Koraidon|spe|1\n|move|p2a: Toxapex|Haze|p2a: Toxapex\n|-clearallboost\n|\n|-weather|SunnyDay|[upkeep]\n|upkeep\n|turn|5\n|inactive|KeshBa45 has 90 seconds left.\n|\n|t:|1700453301\n|switch|p1a: Ribombee|Ribombee, M|1\/100\n|switch|p2a: Arceus|Arceus|100\/100\n|\n|-weather|SunnyDay|[upkeep]\n|-fieldend|move: Electric Terrain\n|upkeep\n|turn|6\n|inactive|KeshBa45 has 90 seconds left.\n|\n|t:|1700453318\n|switch|p2a: Koraidon|Koraidon|100\/100\n|-activate|p2a: Koraidon|ability: Orichalcum Pulse\n|move|p1a: Ribombee|Sticky Web|p2a: Koraidon\n|-sidestart|p2: KeshBa45|move: Sticky Web\n|\n|-weather|none\n|upkeep\n|turn|7\n|inactive|KeshBa45 has 90 seconds left.\n|\n|t:|1700453329\n|move|p2a: Koraidon|U-turn|p1a: Ribombee\n|-resisted|p1a: Ribombee\n|-damage|p1a: Ribombee|0 fnt\n|faint|p1a: Ribombee\n|c|\u2606Taka|im insane holy\n|\n|t:|1700453341\n|switch|p2a: Calyrex|Calyrex-Ice|100\/100|[from] U-turn\n|-ability|p2a: Calyrex|As One\n|-ability|p2a: Calyrex|Unnerve\n|\n|upkeep\n|c|\u2606KeshBa45|Very\n|\n|t:|1700453364\n|switch|p1a: Miraidon|Miraidon|100\/100\n|-fieldstart|move: Electric Terrain|[from] ability: Hadron Engine|[of] p1a: Miraidon\n|turn|8\n|inactive|KeshBa45 has 90 seconds left.\n|j| rookierobbie\n|inactive|KeshBa45 has 60 seconds left.\n|\n|t:|1700453400\n|switch|p2a: Ting-Lu|Ting-Lu|100\/100\n|-activate|p2a: Ting-Lu|move: Sticky Web\n|-unboost|p2a: Ting-Lu|spe|1\n|-ability|p2a: Ting-Lu|Vessel of Ruin\n|-terastallize|p1a: Miraidon|Steel\n|move|p1a: Miraidon|Electro Drift|p2a: Ting-Lu\n|-immune|p2a: Ting-Lu\n|\n|upkeep\n|turn|9\n|inactive|KeshBa45 has 60 seconds left.\n|\n|t:|1700453412\n|move|p1a: Miraidon|Dragon Pulse|p2a: Ting-Lu\n|-damage|p2a: Ting-Lu|62\/100\n|-damage|p1a: Miraidon|91\/100|[from] item: Life Orb\n|move|p2a: Ting-Lu|Earthquake|p1a: Miraidon\n|-supereffective|p1a: Miraidon\n|-damage|p1a: Miraidon|16\/100\n|\n|-heal|p2a: Ting-Lu|68\/100|[from] item: Leftovers\n|upkeep\n|turn|10\n|\n|t:|1700453419\n|move|p1a: Miraidon|Dragon Pulse|p2a: Ting-Lu\n|-damage|p2a: Ting-Lu|34\/100\n|-damage|p1a: Miraidon|6\/100|[from] item: Life Orb\n|move|p2a: Ting-Lu|Earthquake|p1a: Miraidon\n|-supereffective|p1a: Miraidon\n|-damage|p1a: Miraidon|0 fnt\n|faint|p1a: Miraidon\n|\n|-heal|p2a: Ting-Lu|40\/100|[from] item: Leftovers\n|upkeep\n|\n|t:|1700453427\n|switch|p1a: Koraidon|Koraidon|59\/100\n|-weather|SunnyDay|[from] ability: Orichalcum Pulse|[of] p1a: Koraidon\n|-activate|p1a: Koraidon|Orichalcum Pulse|[source]\n|turn|11\n|\n|t:|1700453443\n|move|p1a: Koraidon|Swords Dance|p1a: Koraidon\n|-boost|p1a: Koraidon|atk|2\n|move|p2a: Ting-Lu|Whirlwind|p1a: Koraidon\n|drag|p1a: Arceus|Arceus|100\/100\n|\n|-weather|SunnyDay|[upkeep]\n|-heal|p2a: Ting-Lu|47\/100|[from] item: Leftovers\n|upkeep\n|turn|12\n|\n|t:|1700453448\n|switch|p2a: Koraidon|Koraidon|100\/100\n|-activate|p2a: Koraidon|move: Sticky Web\n|-unboost|p2a: Koraidon|spe|1\n|-activate|p2a: Koraidon|ability: Orichalcum Pulse\n|move|p1a: Arceus|Swords Dance|p1a: Arceus\n|-boost|p1a: Arceus|atk|2\n|\n|-weather|SunnyDay|[upkeep]\n|-fieldend|move: Electric Terrain\n|upkeep\n|turn|13\n|\n|t:|1700453456\n|switch|p1a: Basculegion|Basculegion, M|100\/100\n|move|p2a: Koraidon|Low Kick|p1a: Basculegion\n|-immune|p1a: Basculegion\n|\n|-weather|SunnyDay|[upkeep]\n|upkeep\n|turn|14\n|\n|t:|1700453462\n|switch|p2a: Arceus|Arceus|100\/100\n|-activate|p2a: Arceus|move: Sticky Web\n|-unboost|p2a: Arceus|spe|1\n|move|p1a: Basculegion|Wave Crash|p2a: Arceus\n|-damage|p2a: Arceus|70\/100\n|-damage|p1a: Basculegion|89\/100|[from] Recoil\n|\n|-weather|SunnyDay|[upkeep]\n|upkeep\n|turn|15\n|\n|t:|1700453475\n|switch|p1a: Zacian|Zacian-Crowned|100\/100\n|-ability|p1a: Zacian|Intrepid Sword|boost\n|-boost|p1a: Zacian|atk|1\n|move|p2a: Arceus|Shadow Claw|p1a: Zacian\n|-damage|p1a: Zacian|77\/100\n|\n|-weather|none\n|upkeep\n|turn|16\n|\n|t:|1700453493\n|switch|p2a: Toxapex|Toxapex, F|35\/100\n|-activate|p2a: Toxapex|move: Sticky Web\n|-unboost|p2a: Toxapex|spe|1\n|move|p1a: Zacian|Swords Dance|p1a: Zacian\n|-boost|p1a: Zacian|atk|2\n|\n|upkeep\n|turn|17\n|\n|t:|1700453497\n|move|p1a: Zacian|Behemoth Blade|p2a: Toxapex\n|-resisted|p2a: Toxapex\n|-damage|p2a: Toxapex|0 fnt\n|-damage|p1a: Zacian|60\/100|[from] item: Rocky Helmet|[of] p2a: Toxapex\n|faint|p2a: Toxapex\n|\n|upkeep\n|\n|t:|1700453503\n|switch|p2a: Calyrex|Calyrex-Ice|100\/100\n|-ability|p2a: Calyrex|As One\n|-ability|p2a: Calyrex|Unnerve\n|turn|18\n|\n|t:|1700453506\n|-terastallize|p2a: Calyrex|Fire\n|move|p1a: Zacian|Close Combat|p2a: Calyrex\n|-damage|p2a: Calyrex|29\/100\n|-unboost|p1a: Zacian|def|1\n|-unboost|p1a: Zacian|spd|1\n|move|p2a: Calyrex|Trick Room|p2a: Calyrex\n|-fieldstart|move: Trick Room|[of] p2a: Calyrex\n|\n|upkeep\n|turn|19\n|inactive|KeshBa45 has 90 seconds left.\n|inactive|Taka has 120 seconds left.\n|inactive|Taka has 90 seconds left.\n|\n|t:|1700453579\n|switch|p1a: Arceus|Arceus|100\/100\n|move|p2a: Calyrex|Glacial Lance|p1a: Arceus\n|-damage|p1a: Arceus|48\/100\n|\n|upkeep\n|turn|20\n|inactive|KeshBa45 has 90 seconds left.\n|\n|t:|1700453588\n|move|p1a: Arceus|Extreme Speed|p2a: Calyrex\n|-damage|p2a: Calyrex|1\/100\n|move|p2a: Calyrex|Glacial Lance|p1a: Arceus\n|-damage|p1a: Arceus|0 fnt\n|faint|p1a: Arceus\n|-ability|p2a: Calyrex|Chilling Neigh|boost\n|-boost|p2a: Calyrex|atk|1\n|\n|upkeep\n|inactive|Taka has 90 seconds left.\n|c|\u2606Taka|o rip\n|c|\u2606Taka|min roll\n|\n|t:|1700453597\n|switch|p1a: Zacian|Zacian-Crowned|60\/100\n|turn|21\n|inactive|Taka has 90 seconds left.\n|c|\u2606KeshBa45|No aqua jet?\n|inactive|KeshBa45 has 90 seconds left.\n|\n|t:|1700453614\n|switch|p1a: Koraidon|Koraidon|59\/100\n|-weather|SunnyDay|[from] ability: Orichalcum Pulse|[of] p1a: Koraidon\n|-activate|p1a: Koraidon|Orichalcum Pulse|[source]\n|move|p2a: Calyrex|Glacial Lance|p1a: Koraidon\n|-supereffective|p1a: Koraidon\n|-damage|p1a: Koraidon|0 fnt\n|faint|p1a: Koraidon\n|-ability|p2a: Calyrex|Chilling Neigh|boost\n|-boost|p2a: Calyrex|atk|1\n|\n|-weather|SunnyDay|[upkeep]\n|upkeep\n|inactive|Taka has 90 seconds left.\n|c|\u2606Taka|no lmao\n|\n|t:|1700453627\n|switch|p1a: Zacian|Zacian-Crowned|60\/100\n|turn|22\n|inactive|Taka has 90 seconds left.\n|\n|t:|1700453637\n|switch|p1a: Basculegion|Basculegion, M|89\/100\n|move|p2a: Calyrex|Glacial Lance|p1a: Basculegion\n|-resisted|p1a: Basculegion\n|-damage|p1a: Basculegion|0 fnt\n|faint|p1a: Basculegion\n|-ability|p2a: Calyrex|Chilling Neigh|boost\n|-boost|p2a: Calyrex|atk|1\n|\n|-weather|SunnyDay|[upkeep]\n|-fieldend|move: Trick Room\n|upkeep\n|\n|t:|1700453639\n|switch|p1a: Zacian|Zacian-Crowned|60\/100\n|turn|23\n|\n|t:|1700453646\n|move|p1a: Zacian|Behemoth Blade|p2a: Calyrex\n|-resisted|p2a: Calyrex\n|-damage|p2a: Calyrex|0 fnt\n|faint|p2a: Calyrex\n|\n|-weather|SunnyDay|[upkeep]\n|upkeep\n|inactive|KeshBa45 has 90 seconds left.\n|\n|t:|1700453675\n|switch|p2a: Koraidon|Koraidon|100\/100\n|-activate|p2a: Koraidon|move: Sticky Web\n|-unboost|p2a: Koraidon|spe|1\n|-activate|p2a: Koraidon|ability: Orichalcum Pulse\n|turn|24\n|\n|t:|1700453681\n|move|p1a: Zacian|Play Rough|p2a: Koraidon\n|-supereffective|p2a: Koraidon\n|-damage|p2a: Koraidon|0 fnt\n|faint|p2a: Koraidon\n|\n|-weather|SunnyDay|[upkeep]\n|upkeep\n|c|\u2606KeshBa45|Gg\n|-message|KeshBa45 forfeited.\n|\n|win|Taka\n|n|\u2606Taka|taka\n|n|\u2606KeshBa45|keshba45\n|n| rookierobbie|rookierobbie\n","uploadtime":1700453687,"views":10,"p1id":"taka","p2id":"keshba45","formatid":"gen9ubers","rating":0,"private":0,"password":""}