{"id":"gen9ubers-1990923600","p1":"Nyamonya","p2":"RiddleDog","format":"[Gen 9] Ubers","log":"|j|\u2606Nyamonya\n|j|\u2606RiddleDog\n|t:|1700015630\n|gametype|singles\n|player|p1|Nyamonya|leon-masters|\n|player|p2|RiddleDog|dawn-gen4pt|\n|teamsize|p1|6\n|teamsize|p2|6\n|gen|9\n|tier|[Gen 9] Ubers\n|rule|Sleep Clause Mod: Limit one foe put to sleep\n|rule|Species Clause: Limit one of each Pok\u00e9mon\n|rule|OHKO Clause: OHKO moves are banned\n|rule|Evasion Items Clause: Evasion items are banned\n|rule|Evasion Moves Clause: Evasion moves are banned\n|rule|Endless Battle Clause: Forcing endless battles is banned\n|rule|HP Percentage Mod: HP is shown in percentages\n|clearpoke\n|poke|p1|Infernape, M|\n|poke|p1|Clefable, M|\n|poke|p1|Palossand, M|\n|poke|p1|Jolteon, M|\n|poke|p1|Muk-Alola, F|\n|poke|p1|Tornadus-Therian, M|\n|poke|p2|Chi-Yu|\n|poke|p2|Meowscarada, F|\n|poke|p2|Iron Treads|\n|poke|p2|Zoroark-Hisui, M|\n|poke|p2|Kleavor, F|\n|poke|p2|Vaporeon, F|\n|teampreview\n|inactive|Battle timer is ON: inactive players will automatically lose when time's up. (requested by Nyamonya)\n|j| rustygoomba\n|\n|t:|1700015646\n|start\n|switch|p1a: Infernape|Infernape, M|100\/100\n|switch|p2a: DA CLEAVAH|Kleavor, F|100\/100\n|turn|1\n|c| rustygoomba|holy crap da kleavah has a sprite\n|\n|t:|1700015662\n|move|p1a: Infernape|U-turn|p2a: DA CLEAVAH\n|-damage|p2a: DA CLEAVAH|60\/100\n|\n|t:|1700015672\n|switch|p1a: Palossand|Palossand, M|100\/100|[from] U-turn\n|move|p2a: DA CLEAVAH|Stone Axe|p1a: Palossand|[miss]\n|-miss|p2a: DA CLEAVAH|p1a: Palossand\n|\n|upkeep\n|turn|2\n|c|\u2606Nyamonya|AGENCY DODGE\n|\n|t:|1700015695\n|move|p2a: DA CLEAVAH|Stone Axe|p1a: Palossand\n|-resisted|p1a: Palossand\n|-damage|p1a: Palossand|84\/100\n|-sidestart|p1: Nyamonya|move: Stealth Rock\n|move|p1a: Palossand|Stealth Rock|p2a: DA CLEAVAH\n|-sidestart|p2: RiddleDog|move: Stealth Rock\n|\n|-heal|p1a: Palossand|90\/100|[from] item: Leftovers\n|upkeep\n|turn|3\n|inactive|RiddleDog has 270 seconds left.\n|\n|t:|1700015720\n|switch|p2a: Morgana|Meowscarada, F, shiny|100\/100\n|-damage|p2a: Morgana|88\/100|[from] Stealth Rock\n|switch|p1a: Infernape|Infernape, M|100\/100\n|-damage|p1a: Infernape|88\/100|[from] Stealth Rock\n|\n|upkeep\n|turn|4\n|\n|t:|1700015726\n|switch|p2a: cat|Vaporeon, F|100\/100\n|-damage|p2a: cat|88\/100|[from] Stealth Rock\n|move|p1a: Infernape|Mach Punch|p2a: cat\n|-damage|p2a: cat|60\/100\n|\n|-heal|p2a: cat|66\/100|[from] item: Leftovers\n|upkeep\n|turn|5\n|\n|t:|1700015743\n|switch|p1a: Tornadus|Tornadus-Therian, M|100\/100\n|move|p2a: cat|Scald|p1a: Tornadus\n|-damage|p1a: Tornadus|66\/100\n|\n|-heal|p2a: cat|72\/100|[from] item: Leftovers\n|upkeep\n|turn|6\n|\n|t:|1700015752\n|move|p1a: Tornadus|U-turn|p2a: cat\n|-crit|p2a: cat\n|-damage|p2a: cat|55\/100\n|\n|t:|1700015770\n|switch|p1a: Muk|Muk-Alola, F|100\/100|[from] U-turn\n|-damage|p1a: Muk|88\/100|[from] Stealth Rock\n|move|p2a: cat|Blizzard|p1a: Muk\n|-damage|p1a: Muk|76\/100\n|\n|-heal|p2a: cat|62\/100|[from] item: Leftovers\n|upkeep\n|turn|7\n|\n|t:|1700015781\n|move|p2a: cat|Wish|p2a: cat\n|move|p1a: Muk|Knock Off|p2a: cat\n|-damage|p2a: cat|26\/100\n|-status|p2a: cat|psn|[from] ability: Poison Touch|[of] p1a: Muk\n|-enditem|p2a: cat|Leftovers|[from] move: Knock Off|[of] p1a: Muk\n|\n|-damage|p2a: cat|13\/100 psn|[from] psn\n|upkeep\n|turn|8\n|\n|t:|1700015796\n|move|p2a: cat|Protect|p2a: cat\n|-singleturn|p2a: cat|Protect\n|move|p1a: Muk|Drain Punch|p2a: cat\n|-activate|p2a: cat|move: Protect\n|\n|-heal|p2a: cat|63\/100 psn|[from] move: Wish|[wisher] cat\n|-damage|p2a: cat|51\/100 psn|[from] psn\n|upkeep\n|turn|9\n|\n|t:|1700015820\n|switch|p2a: Ralph|Iron Treads|100\/100\n|-damage|p2a: Ralph|97\/100|[from] Stealth Rock\n|-enditem|p2a: Ralph|Booster Energy\n|-activate|p2a: Ralph|ability: Quark Drive|[fromitem]\n|-start|p2a: Ralph|quarkdrivespe\n|switch|p1a: Clefable|Clefable, M|100\/100\n|\n|upkeep\n|turn|10\n|inactive|Nyamonya has 270 seconds left.\n|\n|t:|1700015850\n|move|p2a: Ralph|Earthquake|p1a: Clefable\n|-damage|p1a: Clefable|46\/100\n|move|p1a: Clefable|Flamethrower|p2a: Ralph\n|-supereffective|p2a: Ralph\n|-damage|p2a: Ralph|0 fnt\n|faint|p2a: Ralph\n|-end|p2a: Ralph|Quark Drive|[silent]\n|\n|upkeep\n|inactive|RiddleDog has 270 seconds left.\n|\n|t:|1700015873\n|switch|p2a: Matthew|Chi-Yu|100\/100\n|-damage|p2a: Matthew|76\/100|[from] Stealth Rock\n|-ability|p2a: Matthew|Beads of Ruin\n|turn|11\n|inactive|Nyamonya has 270 seconds left.\n|\n|t:|1700015889\n|move|p2a: Matthew|Overheat|p1a: Clefable\n|-damage|p1a: Clefable|0 fnt\n|-unboost|p2a: Matthew|spa|2\n|faint|p1a: Clefable\n|\n|upkeep\n|inactive|Nyamonya has 240 seconds left.\n|\n|t:|1700015923\n|switch|p1a: Muk|Muk-Alola, F|76\/100\n|-damage|p1a: Muk|64\/100|[from] Stealth Rock\n|turn|12\n|inactive|RiddleDog has 270 seconds left.\n|\n|t:|1700015947\n|switch|p2a: DA CLEAVAH|Kleavor, F|60\/100\n|move|p1a: Muk|Drain Punch|p2a: DA CLEAVAH\n|-damage|p2a: DA CLEAVAH|36\/100\n|-heal|p1a: Muk|72\/100|[from] drain|[of] p2a: DA CLEAVAH\n|\n|upkeep\n|turn|13\n|\n|t:|1700015962\n|switch|p1a: Palossand|Palossand, M|90\/100\n|-damage|p1a: Palossand|84\/100|[from] Stealth Rock\n|move|p2a: DA CLEAVAH|Stone Axe|p1a: Palossand\n|-resisted|p1a: Palossand\n|-damage|p1a: Palossand|69\/100\n|\n|-heal|p1a: Palossand|75\/100|[from] item: Leftovers\n|upkeep\n|turn|14\n|inactive|RiddleDog has 270 seconds left.\n|inactive|Nyamonya has 240 seconds left.\n|\n|t:|1700015984\n|switch|p2a: Morgana|Meowscarada, F, shiny|88\/100\n|-damage|p2a: Morgana|76\/100|[from] Stealth Rock\n|move|p1a: Palossand|Earth Power|p2a: Morgana\n|-resisted|p2a: Morgana\n|-damage|p2a: Morgana|53\/100\n|\n|-heal|p1a: Palossand|81\/100|[from] item: Leftovers\n|upkeep\n|turn|15\n|inactive|Nyamonya has 240 seconds left.\n|\n|t:|1700016008\n|switch|p1a: Tornadus|Tornadus-Therian, M|99\/100\n|move|p2a: Morgana|Flower Trick|p1a: Tornadus\n|-start|p2a: Morgana|typechange|Grass|[from] ability: Protean\n|-resisted|p1a: Tornadus\n|-crit|p1a: Tornadus\n|-damage|p1a: Tornadus|51\/100\n|\n|upkeep\n|turn|16\n|inactive|Nyamonya has 240 seconds left.\n|\n|t:|1700016021\n|move|p2a: Morgana|Flower Trick|p1a: Tornadus\n|-resisted|p1a: Tornadus\n|-crit|p1a: Tornadus\n|-damage|p1a: Tornadus|7\/100\n|move|p1a: Tornadus|U-turn|p2a: Morgana\n|-supereffective|p2a: Morgana\n|-damage|p2a: Morgana|7\/100\n|inactive|Nyamonya has 240 seconds left.\n|\n|t:|1700016037\n|switch|p1a: Jolteon|Jolteon, M|100\/100|[from] U-turn\n|-damage|p1a: Jolteon|88\/100|[from] Stealth Rock\n|\n|upkeep\n|turn|17\n|inactive|RiddleDog has 270 seconds left.\n|\n|t:|1700016043\n|move|p1a: Jolteon|Thunderbolt|p2a: Morgana\n|-resisted|p2a: Morgana\n|-damage|p2a: Morgana|0 fnt\n|faint|p2a: Morgana\n|\n|upkeep\n|inactive|RiddleDog has 270 seconds left.\n|\n|t:|1700016062\n|switch|p2a: Matthew|Chi-Yu|76\/100\n|-damage|p2a: Matthew|51\/100|[from] Stealth Rock\n|-ability|p2a: Matthew|Beads of Ruin\n|turn|18\n|\n|t:|1700016079\n|move|p2a: Matthew|Fire Blast|p1a: Jolteon\n|-damage|p1a: Jolteon|0 fnt\n|faint|p1a: Jolteon\n|\n|upkeep\n|\n|t:|1700016088\n|switch|p1a: Palossand|Palossand, M|81\/100\n|-damage|p1a: Palossand|75\/100|[from] Stealth Rock\n|turn|19\n|\n|t:|1700016101\n|move|p2a: Matthew|Fire Blast|p1a: Palossand\n|-damage|p1a: Palossand|0 fnt\n|faint|p1a: Palossand\n|\n|upkeep\n|inactive|Nyamonya has 240 seconds left.\n|\n|t:|1700016118\n|switch|p1a: Infernape|Infernape, M|88\/100\n|-damage|p1a: Infernape|76\/100|[from] Stealth Rock\n|turn|20\n|inactive|RiddleDog has 270 seconds left.\n|\n|t:|1700016135\n|switch|p2a: DA CLEAVAH|Kleavor, F|100\/100\n|-damage|p2a: DA CLEAVAH|88\/100|[from] Stealth Rock\n|move|p1a: Infernape|Mach Punch|p2a: DA CLEAVAH\n|-immune|p2a: DA CLEAVAH\n|\n|upkeep\n|turn|21\n|inactive|RiddleDog has 270 seconds left.\n|\n|t:|1700016153\n|switch|p1a: Tornadus|Tornadus-Therian, M|41\/100\n|move|p2a: DA CLEAVAH|Shadow Ball|p1a: Tornadus\n|-damage|p1a: Tornadus|0 fnt\n|faint|p1a: Tornadus\n|\n|upkeep\n|\n|t:|1700016155\n|switch|p1a: Muk|Muk-Alola, F|72\/100\n|-damage|p1a: Muk|60\/100|[from] Stealth Rock\n|turn|22\n|j| Wha1efish\n|inactive|RiddleDog has 270 seconds left.\n|inactive|RiddleDog has 240 seconds left.\n|\n|t:|1700016211\n|move|p2a: DA CLEAVAH|Will-O-Wisp|p1a: Muk\n|-status|p1a: Muk|brn\n|move|p1a: Muk|Knock Off|p2a: DA CLEAVAH\n|-supereffective|p2a: DA CLEAVAH\n|-damage|p2a: DA CLEAVAH|0 fnt\n|replace|p2a: Henri|Zoroark-Hisui, M\n|-end|p2a: Henri|Illusion\n|-enditem|p2a: Henri|Focus Sash|[from] move: Knock Off|[of] p1a: Muk\n|faint|p2a: Henri\n|\n|-damage|p1a: Muk|54\/100 brn|[from] brn\n|upkeep\n|\n|t:|1700016229\n|switch|p2a: DA CLEAVAH|Kleavor, F|36\/100\n|turn|23\n|inactive|Nyamonya has 270 seconds left.\n|\n|t:|1700016239\n|move|p2a: DA CLEAVAH|Stone Axe|p1a: Muk\n|-damage|p1a: Muk|0 fnt\n|faint|p1a: Muk\n|\n|upkeep\n|inactive|Nyamonya has 270 seconds left.\n|\n|t:|1700016247\n|switch|p1a: Infernape|Infernape, M|76\/100\n|-damage|p1a: Infernape|64\/100|[from] Stealth Rock\n|turn|24\n|inactive|Nyamonya has 270 seconds left.\n|\n|t:|1700016260\n|move|p1a: Infernape|Mach Punch|p2a: DA CLEAVAH\n|-damage|p2a: DA CLEAVAH|0 fnt\n|faint|p2a: DA CLEAVAH\n|\n|upkeep\n|\n|t:|1700016265\n|switch|p2a: cat|Vaporeon, F|51\/100 psn\n|-damage|p2a: cat|38\/100 psn|[from] Stealth Rock\n|turn|25\n|\n|t:|1700016269\n|move|p1a: Infernape|Mach Punch|p2a: cat\n|-damage|p2a: cat|9\/100 psn\n|move|p2a: cat|Scald|p1a: Infernape\n|-supereffective|p1a: Infernape\n|-damage|p1a: Infernape|0 fnt\n|faint|p1a: Infernape\n|\n|win|RiddleDog\n","uploadtime":1700016281,"views":21,"p1id":"nyamonya","p2id":"riddledog","formatid":"gen9ubers","rating":0,"private":0,"password":""}