{"id":"gen9ubers-1985924536","p1":"Nagaina040501","p2":"RiddleDog","format":"[Gen 9] Ubers","log":"|j|\u2606Nagaina040501\n|j|\u2606RiddleDog\n|t:|1699423606\n|gametype|singles\n|player|p1|Nagaina040501|sailor|\n|player|p2|RiddleDog|dawn-gen4pt|\n|teamsize|p1|6\n|teamsize|p2|6\n|gen|9\n|tier|[Gen 9] Ubers\n|rule|Sleep Clause Mod: Limit one foe put to sleep\n|rule|Species Clause: Limit one of each Pok\u00e9mon\n|rule|OHKO Clause: OHKO moves are banned\n|rule|Evasion Items Clause: Evasion items are banned\n|rule|Evasion Moves Clause: Evasion moves are banned\n|rule|Endless Battle Clause: Forcing endless battles is banned\n|rule|HP Percentage Mod: HP is shown in percentages\n|clearpoke\n|poke|p1|Palafin, M|\n|poke|p1|Greninja-*, M|\n|poke|p1|Pelipper, M|\n|poke|p1|Zapdos|\n|poke|p1|Basculegion, M|\n|poke|p1|Toxapex, F|\n|poke|p2|Chi-Yu|\n|poke|p2|Meowscarada, F|\n|poke|p2|Iron Treads|\n|poke|p2|Zoroark-Hisui, M|\n|poke|p2|Vaporeon, M|\n|poke|p2|Appletun, F|\n|teampreview\n|j| rustygoomba\n|\n|t:|1699423660\n|start\n|switch|p1a: Pepper|Pelipper, M|100\/100\n|switch|p2a: Ralph|Iron Treads|100\/100\n|-weather|RainDance|[from] ability: Drizzle|[of] p1a: Pepper\n|-enditem|p2a: Ralph|Booster Energy\n|-activate|p2a: Ralph|ability: Quark Drive|[fromitem]\n|-start|p2a: Ralph|quarkdrivespe\n|turn|1\n|\n|t:|1699423680\n|switch|p1a: Basculegion|Basculegion, M|100\/100\n|move|p2a: Ralph|Volt Switch|p1a: Basculegion\n|-supereffective|p1a: Basculegion\n|-damage|p1a: Basculegion|77\/100\n|\n|t:|1699423697\n|-end|p2a: Ralph|Quark Drive|[silent]\n|switch|p2a: Honeycrisp|Appletun, F|100\/100|[from] Volt Switch\n|\n|-weather|RainDance|[upkeep]\n|upkeep\n|turn|2\n|\n|t:|1699423714\n|move|p1a: Basculegion|Flip Turn|p2a: Honeycrisp\n|-resisted|p2a: Honeycrisp\n|-damage|p2a: Honeycrisp|90\/100\n|\n|t:|1699423720\n|switch|p1a: Real Gone|Zapdos|100\/100|[from] Flip Turn\n|move|p2a: Honeycrisp|Apple Acid|p1a: Real Gone\n|-resisted|p1a: Real Gone\n|-damage|p1a: Real Gone|86\/100\n|-unboost|p1a: Real Gone|spd|1\n|\n|-weather|RainDance|[upkeep]\n|-heal|p2a: Honeycrisp|96\/100|[from] item: Leftovers\n|upkeep\n|turn|3\n|\n|t:|1699423741\n|switch|p2a: cat|Vaporeon, M|100\/100\n|move|p1a: Real Gone|Hurricane|p2a: cat\n|-damage|p2a: cat|45\/100\n|\n|-weather|RainDance|[upkeep]\n|upkeep\n|turn|4\n|\n|t:|1699423752\n|move|p2a: cat|Protect|p2a: cat\n|-singleturn|p2a: cat|Protect\n|move|p1a: Real Gone|Hurricane|p2a: cat\n|-activate|p2a: cat|move: Protect\n|\n|-weather|RainDance|[upkeep]\n|upkeep\n|turn|5\n|\n|t:|1699423770\n|switch|p2a: Ralph|Iron Treads|100\/100\n|move|p1a: Real Gone|Hurricane|p2a: Ralph\n|-resisted|p2a: Ralph\n|-damage|p2a: Ralph|37\/100\n|\n|-weather|RainDance|[upkeep]\n|upkeep\n|turn|6\n|\n|t:|1699423803\n|move|p2a: Ralph|Volt Switch|p1a: Real Gone\n|-damage|p1a: Real Gone|65\/100\n|\n|t:|1699423819\n|-end|p2a: Ralph|Quark Drive|[silent]\n|switch|p2a: Matthew|Chi-Yu|100\/100|[from] Volt Switch\n|-ability|p2a: Matthew|Beads of Ruin\n|move|p1a: Real Gone|Hurricane|p2a: Matthew\n|-damage|p2a: Matthew|4\/100\n|-start|p2a: Matthew|confusion\n|\n|-weather|RainDance|[upkeep]\n|upkeep\n|turn|7\n|\n|t:|1699423838\n|-activate|p2a: Matthew|confusion\n|move|p2a: Matthew|Dark Pulse|p1a: Real Gone\n|-damage|p1a: Real Gone|0 fnt\n|faint|p1a: Real Gone\n|\n|-weather|RainDance|[upkeep]\n|upkeep\n|\n|t:|1699423858\n|switch|p1a: Feeeeeesh|Palafin, M|100\/100\n|turn|8\n|\n|t:|1699423869\n|switch|p2a: cat|Vaporeon, M|45\/100\n|move|p1a: Feeeeeesh|Flip Turn|p2a: cat\n|-heal|p2a: cat|70\/100|[from] ability: Water Absorb|[of] p1a: Feeeeeesh\n|\n|-weather|none\n|upkeep\n|turn|9\n|\n|t:|1699423903\n|detailschange|p1a: Feeeeeesh|Palafin-Hero, M\n|switch|p1a: Pepper|Pelipper, M|100\/100\n|-weather|RainDance|[from] ability: Drizzle|[of] p1a: Pepper\n|move|p2a: cat|Blizzard|p1a: Pepper\n|-damage|p1a: Pepper|63\/100\n|\n|-weather|RainDance|[upkeep]\n|upkeep\n|turn|10\n|\n|t:|1699423916\n|move|p1a: Pepper|Hurricane|p2a: cat\n|-damage|p2a: cat|45\/100\n|move|p2a: cat|Blizzard|p1a: Pepper|[miss]\n|-miss|p2a: cat|p1a: Pepper\n|\n|-weather|RainDance|[upkeep]\n|upkeep\n|turn|11\n|\n|t:|1699423923\n|move|p1a: Pepper|Hurricane|p2a: cat\n|-damage|p2a: cat|22\/100\n|move|p2a: cat|Wish|p2a: cat\n|\n|-weather|RainDance|[upkeep]\n|upkeep\n|turn|12\n|\n|t:|1699423929\n|move|p2a: cat|Protect|p2a: cat\n|-singleturn|p2a: cat|Protect\n|move|p1a: Pepper|Hurricane|p2a: cat\n|-activate|p2a: cat|move: Protect\n|\n|-weather|RainDance|[upkeep]\n|-heal|p2a: cat|72\/100|[from] move: Wish|[wisher] cat\n|upkeep\n|turn|13\n|\n|t:|1699423938\n|move|p1a: Pepper|Hurricane|p2a: cat\n|-damage|p2a: cat|50\/100\n|-start|p2a: cat|confusion\n|-activate|p2a: cat|confusion\n|move|p2a: cat|Blizzard|p1a: Pepper|[miss]\n|-miss|p2a: cat|p1a: Pepper\n|\n|-weather|RainDance|[upkeep]\n|upkeep\n|turn|14\n|\n|t:|1699423950\n|move|p1a: Pepper|Hurricane|p2a: cat\n|-damage|p2a: cat|25\/100\n|-activate|p2a: cat|confusion\n|move|p2a: cat|Wish|p2a: cat\n|\n|-weather|RainDance|[upkeep]\n|upkeep\n|turn|15\n|\n|t:|1699423956\n|-end|p2a: cat|confusion\n|move|p2a: cat|Protect|p2a: cat\n|-singleturn|p2a: cat|Protect\n|move|p1a: Pepper|Hurricane|p2a: cat\n|-activate|p2a: cat|move: Protect\n|\n|-weather|RainDance|[upkeep]\n|-heal|p2a: cat|75\/100|[from] move: Wish|[wisher] cat\n|upkeep\n|turn|16\n|\n|t:|1699423965\n|move|p1a: Pepper|Hurricane|p2a: cat\n|-damage|p2a: cat|52\/100\n|-start|p2a: cat|confusion\n|-activate|p2a: cat|confusion\n|-damage|p2a: cat|48\/100|[from] confusion\n|\n|-weather|none\n|upkeep\n|turn|17\n|\n|t:|1699423976\n|move|p1a: Pepper|Hurricane|p2a: cat\n|-damage|p2a: cat|23\/100\n|-activate|p2a: cat|confusion\n|move|p2a: cat|Wish|p2a: cat\n|\n|upkeep\n|turn|18\n|\n|t:|1699423981\n|-end|p2a: cat|confusion\n|move|p2a: cat|Protect|p2a: cat\n|-singleturn|p2a: cat|Protect\n|move|p1a: Pepper|Hurricane|p2a: cat\n|-activate|p2a: cat|move: Protect\n|\n|-heal|p2a: cat|73\/100|[from] move: Wish|[wisher] cat\n|upkeep\n|turn|19\n|\n|t:|1699423993\n|switch|p1a: Julie|Toxapex, F|100\/100\n|move|p2a: cat|Blizzard|p1a: Julie|[miss]\n|-miss|p2a: cat|p1a: Julie\n|\n|upkeep\n|turn|20\n|\n|t:|1699424040\n|switch|p2a: Honeycrisp|Appletun, F|96\/100\n|move|p1a: Julie|Toxic Spikes|p2a: Honeycrisp\n|-sidestart|p2: RiddleDog|move: Toxic Spikes\n|\n|-heal|p2a: Honeycrisp|100\/100|[from] item: Leftovers\n|upkeep\n|turn|21\n|\n|t:|1699424058\n|move|p1a: Julie|Toxic Spikes|p2a: Honeycrisp\n|-sidestart|p2: RiddleDog|move: Toxic Spikes\n|move|p2a: Honeycrisp|Apple Acid|p1a: Julie\n|-damage|p1a: Julie|78\/100\n|-unboost|p1a: Julie|spd|1\n|\n|-heal|p1a: Julie|84\/100|[from] item: Black Sludge\n|upkeep\n|turn|22\n|\n|t:|1699424078\n|move|p1a: Julie|Toxic|p2a: Honeycrisp\n|-status|p2a: Honeycrisp|tox\n|move|p2a: Honeycrisp|Apple Acid|p1a: Julie\n|-damage|p1a: Julie|51\/100\n|-unboost|p1a: Julie|spd|1\n|\n|-heal|p1a: Julie|58\/100|[from] item: Black Sludge\n|-damage|p2a: Honeycrisp|94\/100 tox|[from] psn\n|upkeep\n|turn|23\n|\n|t:|1699424088\n|move|p1a: Julie|Recover|p1a: Julie\n|-heal|p1a: Julie|100\/100\n|move|p2a: Honeycrisp|Draco Meteor|p1a: Julie\n|-damage|p1a: Julie|22\/100\n|-unboost|p2a: Honeycrisp|spa|2\n|\n|-heal|p1a: Julie|28\/100|[from] item: Black Sludge\n|-heal|p2a: Honeycrisp|100\/100 tox|[from] item: Leftovers\n|-damage|p2a: Honeycrisp|88\/100 tox|[from] psn\n|upkeep\n|turn|24\n|\n|t:|1699424127\n|move|p1a: Julie|Recover|p1a: Julie\n|-heal|p1a: Julie|78\/100\n|move|p2a: Honeycrisp|Apple Acid|p1a: Julie\n|-damage|p1a: Julie|54\/100\n|-unboost|p1a: Julie|spd|1\n|\n|-heal|p1a: Julie|61\/100|[from] item: Black Sludge\n|-heal|p2a: Honeycrisp|94\/100 tox|[from] item: Leftovers\n|-damage|p2a: Honeycrisp|76\/100 tox|[from] psn\n|upkeep\n|turn|25\n|\n|t:|1699424137\n|move|p1a: Julie|Recover|p1a: Julie\n|-heal|p1a: Julie|100\/100\n|move|p2a: Honeycrisp|Apple Acid|p1a: Julie\n|-damage|p1a: Julie|72\/100\n|-unboost|p1a: Julie|spd|1\n|\n|-heal|p1a: Julie|78\/100|[from] item: Black Sludge\n|-heal|p2a: Honeycrisp|82\/100 tox|[from] item: Leftovers\n|-damage|p2a: Honeycrisp|57\/100 tox|[from] psn\n|upkeep\n|turn|26\n|\n|t:|1699424151\n|move|p1a: Julie|Chilling Water|p2a: Honeycrisp\n|-resisted|p2a: Honeycrisp\n|-damage|p2a: Honeycrisp|55\/100 tox\n|-unboost|p2a: Honeycrisp|atk|1\n|move|p2a: Honeycrisp|Apple Acid|p1a: Julie\n|-damage|p1a: Julie|46\/100\n|-unboost|p1a: Julie|spd|1\n|\n|-heal|p1a: Julie|52\/100|[from] item: Black Sludge\n|-heal|p2a: Honeycrisp|61\/100 tox|[from] item: Leftovers\n|-damage|p2a: Honeycrisp|30\/100 tox|[from] psn\n|upkeep\n|turn|27\n|\n|t:|1699424163\n|move|p1a: Julie|Recover|p1a: Julie\n|-heal|p1a: Julie|100\/100\n|move|p2a: Honeycrisp|Recover|p2a: Honeycrisp\n|-heal|p2a: Honeycrisp|80\/100 tox\n|\n|-heal|p2a: Honeycrisp|86\/100 tox|[from] item: Leftovers\n|-damage|p2a: Honeycrisp|49\/100 tox|[from] psn\n|upkeep\n|turn|28\n|\n|t:|1699424180\n|switch|p2a: Ralph|Iron Treads|37\/100\n|move|p1a: Julie|Recover||[still]\n|-fail|p1a: Julie|heal\n|\n|upkeep\n|turn|29\n|\n|t:|1699424185\n|move|p2a: Ralph|Rapid Spin|p1a: Julie\n|-damage|p1a: Julie|91\/100\n|-boost|p2a: Ralph|spe|1\n|-sideend|p2: RiddleDog|Toxic Spikes|[from] move: Rapid Spin|[of] p2a: Ralph\n|move|p1a: Julie|Chilling Water|p2a: Ralph\n|-supereffective|p2a: Ralph\n|-damage|p2a: Ralph|5\/100\n|-unboost|p2a: Ralph|atk|1\n|\n|-heal|p1a: Julie|98\/100|[from] item: Black Sludge\n|upkeep\n|turn|30\n|\n|t:|1699424201\n|-end|p2a: Ralph|Quark Drive|[silent]\n|switch|p2a: Honeycrisp|Appletun, F|49\/100 tox\n|move|p1a: Julie|Chilling Water|p2a: Honeycrisp\n|-resisted|p2a: Honeycrisp\n|-damage|p2a: Honeycrisp|47\/100 tox\n|-unboost|p2a: Honeycrisp|atk|1\n|\n|-heal|p1a: Julie|100\/100|[from] item: Black Sludge\n|-heal|p2a: Honeycrisp|53\/100 tox|[from] item: Leftovers\n|-damage|p2a: Honeycrisp|47\/100 tox|[from] psn\n|upkeep\n|turn|31\n|\n|t:|1699424211\n|move|p1a: Julie|Toxic Spikes|p2a: Honeycrisp\n|-sidestart|p2: RiddleDog|move: Toxic Spikes\n|move|p2a: Honeycrisp|Draco Meteor|p1a: Julie\n|-damage|p1a: Julie|0 fnt\n|-unboost|p2a: Honeycrisp|spa|2\n|faint|p1a: Julie\n|\n|-heal|p2a: Honeycrisp|53\/100 tox|[from] item: Leftovers\n|-damage|p2a: Honeycrisp|41\/100 tox|[from] psn\n|upkeep\n|\n|t:|1699424222\n|switch|p1a: Pepper|Pelipper, M|63\/100\n|-weather|RainDance|[from] ability: Drizzle|[of] p1a: Pepper\n|turn|32\n|\n|t:|1699424240\n|switch|p2a: cat|Vaporeon, M|73\/100\n|move|p1a: Pepper|U-turn|p2a: cat\n|-damage|p2a: cat|66\/100\n|j| RektCactus\n|\n|t:|1699424268\n|switch|p1a: Greninja|Greninja, M|100\/100|[from] U-turn\n|\n|-weather|RainDance|[upkeep]\n|upkeep\n|turn|33\n|\n|t:|1699424301\n|move|p1a: Greninja|Dark Pulse|p2a: cat\n|-damage|p2a: cat|40\/100\n|move|p2a: cat|Wish|p2a: cat\n|\n|-weather|RainDance|[upkeep]\n|upkeep\n|turn|34\n|\n|t:|1699424307\n|move|p2a: cat|Protect|p2a: cat\n|-singleturn|p2a: cat|Protect\n|move|p1a: Greninja|Dark Pulse|p2a: cat\n|-activate|p2a: cat|move: Protect\n|\n|-weather|RainDance|[upkeep]\n|-heal|p2a: cat|90\/100|[from] move: Wish|[wisher] cat\n|upkeep\n|turn|35\n|\n|t:|1699424322\n|move|p1a: Greninja|Dark Pulse|p2a: cat\n|-damage|p2a: cat|64\/100\n|move|p2a: cat|Scald|p1a: Greninja\n|-resisted|p1a: Greninja\n|-damage|p1a: Greninja|66\/100\n|\n|-weather|RainDance|[upkeep]\n|upkeep\n|turn|36\n|\n|t:|1699424335\n|move|p1a: Greninja|Dark Pulse|p2a: cat\n|-damage|p2a: cat|40\/100\n|move|p2a: cat|Wish|p2a: cat\n|\n|-weather|RainDance|[upkeep]\n|upkeep\n|turn|37\n|\n|t:|1699424344\n|move|p1a: Greninja|Dark Pulse|p2a: cat\n|-damage|p2a: cat|18\/100\n|move|p2a: cat|Scald|p1a: Greninja\n|-resisted|p1a: Greninja\n|-damage|p1a: Greninja|34\/100\n|\n|-weather|RainDance|[upkeep]\n|-heal|p2a: cat|68\/100|[from] move: Wish|[wisher] cat\n|upkeep\n|turn|38\n|\n|t:|1699424361\n|move|p1a: Greninja|Dark Pulse|p2a: cat\n|-damage|p2a: cat|42\/100\n|move|p2a: cat|Scald|p1a: Greninja\n|-resisted|p1a: Greninja\n|-damage|p1a: Greninja|0 fnt\n|faint|p1a: Greninja\n|\n|-weather|RainDance|[upkeep]\n|upkeep\n|\n|t:|1699424371\n|switch|p1a: Basculegion|Basculegion, M|77\/100\n|turn|39\n|\n|t:|1699424390\n|switch|p1a: Feeeeeesh|Palafin-Hero, M|100\/100\n|-activate|p1a: Feeeeeesh|ability: Zero to Hero\n|move|p2a: cat|Wish|p2a: cat\n|\n|-weather|none\n|upkeep\n|turn|40\n|\n|t:|1699424421\n|switch|p2a: Morgana|Meowscarada, F, shiny|100\/100\n|-status|p2a: Morgana|psn\n|move|p1a: Feeeeeesh|Drain Punch|p2a: Morgana\n|-immune|p2a: Morgana\n|\n|-damage|p2a: Morgana|88\/100 psn|[from] psn\n|upkeep\n|turn|41\n|\n|t:|1699424441\n|switch|p1a: Pepper|Pelipper, M|63\/100\n|-weather|RainDance|[from] ability: Drizzle|[of] p1a: Pepper\n|move|p2a: Morgana|Grass Knot|p1a: Pepper\n|-damage|p1a: Pepper|33\/100\n|\n|-weather|RainDance|[upkeep]\n|-damage|p2a: Morgana|76\/100 psn|[from] psn\n|upkeep\n|turn|42\n|\n|t:|1699424478\n|switch|p1a: Feeeeeesh|Palafin-Hero, M|100\/100\n|move|p2a: Morgana|Shadow Ball|p1a: Feeeeeesh\n|-damage|p1a: Feeeeeesh|51\/100\n|\n|-weather|RainDance|[upkeep]\n|-damage|p2a: Morgana|63\/100 psn|[from] psn\n|upkeep\n|turn|43\n|\n|t:|1699424509\n|switch|p2a: cat|Vaporeon, M|42\/100\n|move|p1a: Feeeeeesh|Drain Punch|p2a: cat\n|-crit|p2a: cat\n|-damage|p2a: cat|0 fnt\n|-heal|p1a: Feeeeeesh|79\/100|[from] drain|[of] p2a: cat\n|faint|p2a: cat\n|\n|-weather|RainDance|[upkeep]\n|upkeep\n|\n|t:|1699424526\n|switch|p2a: Ralph|Iron Treads|5\/100\n|turn|44\n|\n|t:|1699424530\n|move|p2a: Ralph|Rapid Spin|p1a: Feeeeeesh\n|-damage|p1a: Feeeeeesh|62\/100\n|-boost|p2a: Ralph|spe|1\n|-sideend|p2: RiddleDog|Toxic Spikes|[from] move: Rapid Spin|[of] p2a: Ralph\n|move|p1a: Feeeeeesh|Drain Punch|p2a: Ralph\n|-supereffective|p2a: Ralph\n|-damage|p2a: Ralph|0 fnt\n|-heal|p1a: Feeeeeesh|64\/100|[from] drain|[of] p2a: Ralph\n|faint|p2a: Ralph\n|-end|p2a: Ralph|Quark Drive|[silent]\n|\n|-weather|RainDance|[upkeep]\n|upkeep\n|\n|t:|1699424568\n|switch|p2a: Honeycrisp|Appletun, F|41\/100 tox\n|turn|45\n|\n|t:|1699424577\n|move|p1a: Feeeeeesh|Drain Punch|p2a: Honeycrisp\n|-damage|p2a: Honeycrisp|8\/100 tox\n|-heal|p1a: Feeeeeesh|85\/100|[from] drain|[of] p2a: Honeycrisp\n|move|p2a: Honeycrisp|Recover|p2a: Honeycrisp\n|-heal|p2a: Honeycrisp|58\/100 tox\n|\n|-weather|RainDance|[upkeep]\n|-heal|p2a: Honeycrisp|64\/100 tox|[from] item: Leftovers\n|-damage|p2a: Honeycrisp|58\/100 tox|[from] psn\n|upkeep\n|turn|46\n|\n|t:|1699424591\n|move|p1a: Feeeeeesh|Drain Punch|p2a: Honeycrisp\n|-damage|p2a: Honeycrisp|28\/100 tox\n|-heal|p1a: Feeeeeesh|100\/100|[from] drain|[of] p2a: Honeycrisp\n|move|p2a: Honeycrisp|Apple Acid|p1a: Feeeeeesh\n|-supereffective|p1a: Feeeeeesh\n|-damage|p1a: Feeeeeesh|41\/100\n|-unboost|p1a: Feeeeeesh|spd|1\n|\n|-weather|RainDance|[upkeep]\n|-heal|p2a: Honeycrisp|34\/100 tox|[from] item: Leftovers\n|-damage|p2a: Honeycrisp|22\/100 tox|[from] psn\n|upkeep\n|turn|47\n|\n|t:|1699424606\n|switch|p2a: Morgana|Meowscarada, F, shiny|100\/100\n|move|p1a: Feeeeeesh|Drain Punch|p2a: Morgana\n|-supereffective|p2a: Morgana\n|-damage|p2a: Morgana|0 fnt\n|-heal|p1a: Feeeeeesh|84\/100|[from] drain|[of] p2a: Morgana\n|faint|p2a: Morgana\n|\n|-weather|RainDance|[upkeep]\n|upkeep\n|\n|t:|1699424625\n|switch|p2a: Honeycrisp|Appletun, F|63\/100 psn\n|turn|48\n|\n|t:|1699424630\n|move|p2a: Honeycrisp|Grass Knot|p1a: Feeeeeesh\n|-supereffective|p1a: Feeeeeesh\n|-damage|p1a: Feeeeeesh|0 fnt\n|faint|p1a: Feeeeeesh\n|\n|-weather|none\n|-damage|p2a: Honeycrisp|51\/100 psn|[from] psn\n|upkeep\n|\n|t:|1699424637\n|switch|p1a: Pepper|Pelipper, M|33\/100\n|-weather|RainDance|[from] ability: Drizzle|[of] p1a: Pepper\n|turn|49\n|\n|t:|1699424652\n|move|p2a: Honeycrisp|Shadow Ball|p1a: Pepper\n|-damage|p1a: Pepper|0 fnt\n|faint|p1a: Pepper\n|\n|-weather|RainDance|[upkeep]\n|-damage|p2a: Honeycrisp|39\/100 psn|[from] psn\n|upkeep\n|\n|t:|1699424657\n|switch|p1a: Basculegion|Basculegion, M|77\/100\n|turn|50\n|\n|t:|1699424680\n|move|p1a: Basculegion|Wave Crash|p2a: Honeycrisp\n|-damage|p2a: Honeycrisp|0 fnt\n|replace|p2a: Henri|Zoroark-Hisui, M\n|-end|p2a: Henri|Illusion\n|faint|p2a: Henri\n|-damage|p1a: Basculegion|68\/100|[from] Recoil\n|\n|-weather|RainDance|[upkeep]\n|upkeep\n|\n|t:|1699424683\n|switch|p2a: Matthew|Chi-Yu|4\/100\n|-ability|p2a: Matthew|Beads of Ruin\n|turn|51\n|\n|t:|1699424692\n|-terastallize|p2a: Matthew|Grass\n|move|p1a: Basculegion|Wave Crash|p2a: Matthew\n|-resisted|p2a: Matthew\n|-damage|p2a: Matthew|0 fnt\n|faint|p2a: Matthew\n|-damage|p1a: Basculegion|68\/100|[from] Recoil\n|\n|-weather|RainDance|[upkeep]\n|upkeep\n|\n|t:|1699424700\n|switch|p2a: Honeycrisp|Appletun, F|22\/100 tox\n|turn|52\n|\n|t:|1699424706\n|move|p1a: Basculegion|Ice Fang|p2a: Honeycrisp\n|-supereffective|p2a: Honeycrisp\n|-damage|p2a: Honeycrisp|0 fnt\n|faint|p2a: Honeycrisp\n|\n|win|Nagaina040501\n","uploadtime":1699424712,"views":20,"p1id":"nagaina040501","p2id":"riddledog","formatid":"gen9ubers","rating":0,"private":0,"password":""}