{"id":"gen9ubers-1976677994","p1":"Vilja RPPLF","p2":"Asta_RPPLF","format":"[Gen 9] Ubers","log":"|j|\u2606Vilja RPPLF\n|j|\u2606Asta_RPPLF\n|t:|1698332727\n|gametype|singles\n|player|p1|Vilja RPPLF|n-masters3|\n|player|p2|Asta_RPPLF|#wcop2023belgium|\n|teamsize|p1|6\n|teamsize|p2|6\n|gen|9\n|tier|[Gen 9] Ubers\n|rule|Sleep Clause Mod: Limit one foe put to sleep\n|rule|Species Clause: Limit one of each Pok\u00e9mon\n|rule|OHKO Clause: OHKO moves are banned\n|rule|Evasion Items Clause: Evasion items are banned\n|rule|Evasion Moves Clause: Evasion moves are banned\n|rule|Endless Battle Clause: Forcing endless battles is banned\n|rule|HP Percentage Mod: HP is shown in percentages\n|clearpoke\n|poke|p1|Shiftry, F|\n|poke|p1|Rillaboom, M|\n|poke|p1|Zapdos|\n|poke|p1|Rotom-Wash|\n|poke|p1|Iron Hands|\n|poke|p1|Ogerpon-Wellspring, F|\n|poke|p2|Clodsire, F|\n|poke|p2|Sinistcha|\n|poke|p2|Regidrago|\n|poke|p2|Munkidori, M|\n|poke|p2|Weavile, M|\n|poke|p2|Haxorus, M|\n|teampreview\n|inactive|Battle timer is ON: inactive players will automatically lose when time's up. (requested by Vilja RPPLF)\n|inactiveoff|Battle timer is now OFF.\n|\n|t:|1698332739\n|start\n|switch|p1a: Shiftry|Shiftry, F|100\/100\n|switch|p2a: Weavile|Weavile, M|100\/100\n|-ability|p2a: Weavile|Pressure\n|turn|1\n|c|\u2606Asta_RPPLF|hf\n|\n|t:|1698332754\n|move|p2a: Weavile|Fake Out|p1a: Shiftry\n|-damage|p1a: Shiftry|81\/100\n|cant|p1a: Shiftry|flinch\n|\n|upkeep\n|turn|2\n|\n|t:|1698332763\n|switch|p1a: Zapdos|Zapdos, shiny|100\/100\n|move|p2a: Weavile|Ice Spinner|p1a: Zapdos\n|-supereffective|p1a: Zapdos\n|-damage|p1a: Zapdos|11\/100\n|\n|upkeep\n|turn|3\n|\n|t:|1698332776\n|switch|p1a: Rotom|Rotom-Wash|100\/100\n|move|p2a: Weavile|Ice Spinner|p1a: Rotom\n|-resisted|p1a: Rotom\n|-damage|p1a: Rotom|81\/100\n|\n|-heal|p1a: Rotom|87\/100|[from] item: Leftovers\n|upkeep\n|turn|4\n|\n|t:|1698332786\n|switch|p2a: Clodsire|Clodsire, F|100\/100\n|move|p1a: Rotom|Will-O-Wisp|p2a: Clodsire\n|-status|p2a: Clodsire|brn\n|\n|-heal|p1a: Rotom|93\/100|[from] item: Leftovers\n|-damage|p2a: Clodsire|94\/100 brn|[from] brn\n|upkeep\n|turn|5\n|\n|t:|1698332804\n|switch|p1a: Ogerpon|Ogerpon-Wellspring, F|100\/100\n|move|p2a: Clodsire|Poison Jab|p1a: Ogerpon\n|-supereffective|p1a: Ogerpon\n|-damage|p1a: Ogerpon|73\/100\n|\n|-heal|p2a: Clodsire|100\/100 brn|[from] item: Leftovers\n|-damage|p2a: Clodsire|94\/100 brn|[from] brn\n|upkeep\n|turn|6\n|\n|t:|1698332815\n|move|p1a: Ogerpon|Substitute|p1a: Ogerpon\n|-start|p1a: Ogerpon|Substitute\n|-damage|p1a: Ogerpon|48\/100\n|move|p2a: Clodsire|Toxic||[still]\n|-fail|p2a: Clodsire\n|\n|-heal|p2a: Clodsire|100\/100 brn|[from] item: Leftovers\n|-damage|p2a: Clodsire|94\/100 brn|[from] brn\n|upkeep\n|turn|7\n|\n|t:|1698332825\n|move|p1a: Ogerpon|Swords Dance|p1a: Ogerpon\n|-boost|p1a: Ogerpon|atk|2\n|move|p2a: Clodsire|Poison Jab|p1a: Ogerpon\n|-supereffective|p1a: Ogerpon\n|-end|p1a: Ogerpon|Substitute\n|\n|-heal|p2a: Clodsire|100\/100 brn|[from] item: Leftovers\n|-damage|p2a: Clodsire|94\/100 brn|[from] brn\n|upkeep\n|turn|8\n|\n|t:|1698332840\n|move|p1a: Ogerpon|Horn Leech|p2a: Clodsire\n|-damage|p2a: Clodsire|0 fnt\n|-heal|p1a: Ogerpon|100\/100|[from] drain|[of] p2a: Clodsire\n|faint|p2a: Clodsire\n|\n|upkeep\n|\n|t:|1698332869\n|switch|p2a: Regidrago|Regidrago|100\/100\n|turn|9\n|\n|t:|1698332877\n|-terastallize|p2a: Regidrago|Dragon\n|move|p2a: Regidrago|Dragon Energy|p1a: Ogerpon\n|-damage|p1a: Ogerpon|0 fnt\n|faint|p1a: Ogerpon\n|\n|upkeep\n|c|\u2606Vilja RPPLF|ah\n|c|\u2606Vilja RPPLF|ben GG\n|\n|t:|1698332926\n|switch|p1a: Rillaboom|Rillaboom, M|100\/100\n|-fieldstart|move: Grassy Terrain|[from] ability: Grassy Surge|[of] p1a: Rillaboom\n|-enditem|p1a: Rillaboom|Grassy Seed\n|-boost|p1a: Rillaboom|def|1|[from] item: Grassy Seed\n|turn|10\n|\n|t:|1698332933\n|switch|p2a: Sinistcha|Sinistcha|100\/100\n|move|p1a: Rillaboom|Grassy Glide|p2a: Sinistcha\n|-resisted|p2a: Sinistcha\n|-damage|p2a: Sinistcha|86\/100\n|\n|-heal|p2a: Sinistcha|92\/100|[from] Grassy Terrain\n|upkeep\n|turn|11\n|\n|t:|1698332953\n|switch|p1a: Shiftry|Shiftry, F|81\/100\n|move|p2a: Sinistcha|Calm Mind|p2a: Sinistcha\n|-boost|p2a: Sinistcha|spa|1\n|-boost|p2a: Sinistcha|spd|1\n|\n|-heal|p1a: Shiftry|87\/100|[from] Grassy Terrain\n|-heal|p2a: Sinistcha|98\/100|[from] Grassy Terrain\n|upkeep\n|turn|12\n|\n|t:|1698332994\n|switch|p2a: Weavile|Weavile, M|100\/100\n|-ability|p2a: Weavile|Pressure\n|move|p1a: Shiftry|Knock Off|p2a: Weavile\n|-resisted|p2a: Weavile\n|-damage|p2a: Weavile|60\/100\n|-enditem|p2a: Weavile|Protective Pads|[from] move: Knock Off|[of] p1a: Shiftry\n|\n|-heal|p2a: Weavile|66\/100|[from] Grassy Terrain\n|-heal|p1a: Shiftry|93\/100|[from] Grassy Terrain\n|upkeep\n|turn|13\n|\n|t:|1698333026\n|switch|p1a: Rotom|Rotom-Wash|93\/100\n|move|p2a: Weavile|Swords Dance|p2a: Weavile\n|-boost|p2a: Weavile|atk|2\n|\n|-heal|p2a: Weavile|72\/100|[from] Grassy Terrain\n|-heal|p1a: Rotom|99\/100|[from] item: Leftovers\n|upkeep\n|turn|14\n|\n|t:|1698333040\n|move|p2a: Weavile|Poison Jab|p1a: Rotom\n|-damage|p1a: Rotom|44\/100\n|move|p1a: Rotom|Will-O-Wisp|p2a: Weavile\n|-status|p2a: Weavile|brn\n|\n|-heal|p2a: Weavile|78\/100 brn|[from] Grassy Terrain\n|-heal|p1a: Rotom|50\/100|[from] item: Leftovers\n|-damage|p2a: Weavile|72\/100 brn|[from] brn\n|-fieldend|move: Grassy Terrain\n|upkeep\n|turn|15\n|\n|t:|1698333054\n|move|p2a: Weavile|Poison Jab|p1a: Rotom\n|-crit|p1a: Rotom\n|-damage|p1a: Rotom|6\/100\n|move|p1a: Rotom|Volt Switch|p2a: Weavile\n|-damage|p2a: Weavile|40\/100 brn\n|\n|t:|1698333064\n|switch|p1a: Rillaboom|Rillaboom, M|100\/100|[from] Volt Switch\n|-fieldstart|move: Grassy Terrain|[from] ability: Grassy Surge|[of] p1a: Rillaboom\n|\n|-heal|p2a: Weavile|46\/100 brn|[from] Grassy Terrain\n|-damage|p2a: Weavile|40\/100 brn|[from] brn\n|upkeep\n|turn|16\n|\n|t:|1698333083\n|move|p2a: Weavile|Ice Spinner|p1a: Rillaboom\n|-supereffective|p1a: Rillaboom\n|-damage|p1a: Rillaboom|18\/100\n|-fieldend|move: Grassy Terrain\n|move|p1a: Rillaboom|Swords Dance|p1a: Rillaboom\n|-boost|p1a: Rillaboom|atk|2\n|\n|-damage|p2a: Weavile|34\/100 brn|[from] brn\n|upkeep\n|turn|17\n|\n|t:|1698333096\n|switch|p1a: Rotom|Rotom-Wash|6\/100\n|move|p2a: Weavile|Poison Jab|p1a: Rotom\n|-damage|p1a: Rotom|0 fnt\n|faint|p1a: Rotom\n|\n|-damage|p2a: Weavile|28\/100 brn|[from] brn\n|upkeep\n|\n|t:|1698333099\n|switch|p1a: Rillaboom|Rillaboom, M|18\/100\n|-fieldstart|move: Grassy Terrain|[from] ability: Grassy Surge|[of] p1a: Rillaboom\n|turn|18\n|\n|t:|1698333111\n|move|p1a: Rillaboom|Grassy Glide|p2a: Weavile\n|-damage|p2a: Weavile|0 fnt\n|faint|p2a: Weavile\n|\n|-heal|p1a: Rillaboom|24\/100|[from] Grassy Terrain\n|upkeep\n|\n|t:|1698333124\n|switch|p2a: Sinistcha|Sinistcha|98\/100\n|turn|19\n|\n|t:|1698333156\n|switch|p1a: Shiftry|Shiftry, F|93\/100\n|move|p2a: Sinistcha|Matcha Gotcha|p1a: Shiftry\n|-resisted|p1a: Shiftry\n|-damage|p1a: Shiftry|60\/100\n|-heal|p2a: Sinistcha|100\/100|[from] drain|[of] p1a: Shiftry\n|\n|-heal|p1a: Shiftry|67\/100|[from] Grassy Terrain\n|upkeep\n|turn|20\n|\n|t:|1698333183\n|move|p1a: Shiftry|Tailwind|p1a: Shiftry\n|-sidestart|p1: Vilja RPPLF|move: Tailwind\n|-ability|p1a: Shiftry|Wind Rider|boost\n|-boost|p1a: Shiftry|atk|1\n|move|p2a: Sinistcha|Calm Mind|p2a: Sinistcha\n|-boost|p2a: Sinistcha|spa|1\n|-boost|p2a: Sinistcha|spd|1\n|\n|-heal|p1a: Shiftry|73\/100|[from] Grassy Terrain\n|upkeep\n|turn|21\n|\n|t:|1698333218\n|move|p1a: Shiftry|Knock Off|p2a: Sinistcha\n|-supereffective|p2a: Sinistcha\n|-damage|p2a: Sinistcha|0 fnt\n|-enditem|p2a: Sinistcha|Eviolite|[from] move: Knock Off|[of] p1a: Shiftry\n|faint|p2a: Sinistcha\n|\n|-heal|p1a: Shiftry|79\/100|[from] Grassy Terrain\n|upkeep\n|\n|t:|1698333226\n|switch|p2a: Haxorus|Haxorus, M|100\/100\n|-ability|p2a: Haxorus|Mold Breaker\n|turn|22\n|\n|t:|1698333239\n|move|p1a: Shiftry|Explosion|p2a: Haxorus\n|-enditem|p2a: Haxorus|Focus Sash\n|-damage|p2a: Haxorus|1\/100\n|faint|p1a: Shiftry\n|move|p2a: Haxorus|Poison Jab|p1: Shiftry|[notarget]\n|-fail|p2a: Haxorus\n|\n|-heal|p2a: Haxorus|7\/100|[from] Grassy Terrain\n|-fieldend|move: Grassy Terrain\n|upkeep\n|\n|t:|1698333267\n|switch|p1a: Rillaboom|Rillaboom, M|24\/100\n|-fieldstart|move: Grassy Terrain|[from] ability: Grassy Surge|[of] p1a: Rillaboom\n|turn|23\n|\n|t:|1698333274\n|move|p1a: Rillaboom|Drain Punch|p2a: Haxorus\n|-damage|p2a: Haxorus|0 fnt\n|-heal|p1a: Rillaboom|27\/100|[from] drain|[of] p2a: Haxorus\n|faint|p2a: Haxorus\n|\n|-heal|p1a: Rillaboom|33\/100|[from] Grassy Terrain\n|-sideend|p1: Vilja RPPLF|move: Tailwind\n|upkeep\n|\n|t:|1698333283\n|switch|p2a: Munkidori|Munkidori, M|100\/100\n|turn|24\n|\n|t:|1698333291\n|switch|p1a: Zapdos|Zapdos, shiny|11\/100\n|move|p2a: Munkidori|Sludge Wave|p1a: Zapdos\n|-damage|p1a: Zapdos|0 fnt\n|faint|p1a: Zapdos\n|\n|upkeep\n|\n|t:|1698333295\n|switch|p1a: Iron Hands|Iron Hands|100\/100\n|turn|25\n|\n|t:|1698333311\n|move|p2a: Munkidori|Psychic|p1a: Iron Hands\n|-supereffective|p1a: Iron Hands\n|-damage|p1a: Iron Hands|0 fnt\n|faint|p1a: Iron Hands\n|-end|p1a: Iron Hands|Quark Drive|[silent]\n|\n|upkeep\n|\n|t:|1698333316\n|switch|p1a: Rillaboom|Rillaboom, M|33\/100\n|turn|26\n|c|\u2606Vilja RPPLF|gg\n|\n|t:|1698333328\n|move|p1a: Rillaboom|Grassy Glide|p2a: Munkidori\n|-resisted|p2a: Munkidori\n|-damage|p2a: Munkidori|75\/100\n|move|p2a: Munkidori|Psychic|p1a: Rillaboom\n|-damage|p1a: Rillaboom|0 fnt\n|faint|p1a: Rillaboom\n|\n|win|Asta_RPPLF\n|c|\u2606Asta_RPPLF|gg\n|l|\u2606Vilja RPPLF\n|player|p2|Asta_RPPLF|#wcop2023belgium\n","uploadtime":1698333340,"views":13,"p1id":"viljarpplf","p2id":"astarpplf","formatid":"gen9ubers","rating":0,"private":0,"password":""}