{"id":"gen9ubers-1990529729","p1":"AlicieLizzie","p2":"JohnLongGone","format":"[Gen 9] Ubers","log":"|j|\u2606AlicieLizzie\n|j|\u203dJohnLongGone\n|t:|1699978993\n|gametype|singles\n|player|p1|AlicieLizzie|marnie-masters3|\n|player|p2|JohnLongGone|iris-gen5bw2|\n|teamsize|p1|6\n|teamsize|p2|6\n|gen|9\n|tier|[Gen 9] Ubers\n|rule|Sleep Clause Mod: Limit one foe put to sleep\n|rule|Species Clause: Limit one of each Pok\u00e9mon\n|rule|OHKO Clause: OHKO moves are banned\n|rule|Evasion Items Clause: Evasion items are banned\n|rule|Evasion Moves Clause: Evasion moves are banned\n|rule|Endless Battle Clause: Forcing endless battles is banned\n|rule|HP Percentage Mod: HP is shown in percentages\n|clearpoke\n|poke|p1|Cyclizar, F|\n|poke|p1|Jirachi|\n|poke|p1|Zacian-*|\n|poke|p1|Rillaboom, F|\n|poke|p1|Chi-Yu|\n|poke|p1|Palafin, F|\n|poke|p2|Magearna|\n|poke|p2|Ursaluna, F|\n|poke|p2|Dialga|\n|poke|p2|Hoopa-Unbound|\n|poke|p2|Cinderace, M|\n|poke|p2|Cresselia, F|\n|teampreview\n|inactive|Battle timer is ON: inactive players will automatically lose when time's up. (requested by AlicieLizzie)\n|\n|t:|1699979004\n|start\n|switch|p1a: Palafinal Fantasy|Palafin, F|100\/100\n|switch|p2a: Magearna|Magearna|100\/100\n|turn|1\n|\n|t:|1699979007\n|move|p1a: Palafinal Fantasy|Flip Turn|p2a: Magearna\n|-damage|p2a: Magearna|83\/100\n|\n|t:|1699979014\n|detailschange|p1a: Palafinal Fantasy|Palafin-Hero, F\n|switch|p1a: Diablo|Chi-Yu|100\/100|[from] Flip Turn\n|-ability|p1a: Diablo|Beads of Ruin\n|move|p2a: Magearna|Trick Room|p2a: Magearna\n|-fieldstart|move: Trick Room|[of] p2a: Magearna\n|\n|-heal|p2a: Magearna|89\/100|[from] item: Leftovers\n|upkeep\n|turn|2\n|\n|t:|1699979028\n|move|p2a: Magearna|Volt Switch|p1a: Diablo\n|-damage|p1a: Diablo|79\/100\n|\n|t:|1699979039\n|switch|p2a: Hoopa|Hoopa-Unbound|100\/100|[from] Volt Switch\n|move|p1a: Diablo|Overheat|p2a: Hoopa\n|-damage|p2a: Hoopa|53\/100\n|-unboost|p1a: Diablo|spa|2\n|\n|upkeep\n|turn|3\n|\n|t:|1699979051\n|switch|p1a: Nintendogs|Zacian|100\/100\n|-ability|p1a: Nintendogs|Intrepid Sword|boost\n|-boost|p1a: Nintendogs|atk|1\n|move|p2a: Hoopa|Drain Punch|p1a: Nintendogs\n|-resisted|p1a: Nintendogs\n|-damage|p1a: Nintendogs|86\/100\n|-heal|p2a: Hoopa|61\/100|[from] drain|[of] p1a: Nintendogs\n|\n|upkeep\n|turn|4\n|\n|t:|1699979059\n|move|p2a: Hoopa|Gunk Shot|p1a: Nintendogs\n|-supereffective|p1a: Nintendogs\n|-damage|p1a: Nintendogs|0 fnt\n|faint|p1a: Nintendogs\n|\n|upkeep\n|\n|t:|1699979064\n|switch|p1a: Donkey Kong|Rillaboom, F|100\/100\n|-fieldstart|move: Grassy Terrain|[from] ability: Grassy Surge|[of] p1a: Donkey Kong\n|turn|5\n|\n|t:|1699979074\n|switch|p2a: Dialga|Dialga|100\/100\n|-ability|p2a: Dialga|Pressure\n|move|p1a: Donkey Kong|U-turn|p2a: Dialga\n|-resisted|p2a: Dialga\n|-damage|p2a: Dialga|93\/100\n|\n|t:|1699979078\n|switch|p1a: Palafinal Fantasy|Palafin-Hero, F|100\/100|[from] U-turn\n|-activate|p1a: Palafinal Fantasy|ability: Zero to Hero\n|\n|-heal|p2a: Dialga|99\/100|[from] Grassy Terrain\n|-fieldend|move: Trick Room\n|upkeep\n|turn|6\n|\n|t:|1699979090\n|switch|p2a: Cresselia|Cresselia, F|100\/100\n|move|p1a: Palafinal Fantasy|Close Combat|p2a: Cresselia\n|-resisted|p2a: Cresselia\n|-damage|p2a: Cresselia|83\/100\n|-unboost|p1a: Palafinal Fantasy|def|1\n|-unboost|p1a: Palafinal Fantasy|spd|1\n|\n|-heal|p2a: Cresselia|89\/100|[from] item: Leftovers\n|upkeep\n|turn|7\n|\n|t:|1699979096\n|switch|p1a: Donkey Kong|Rillaboom, F|100\/100\n|move|p2a: Cresselia|Trick Room|p2a: Cresselia\n|-fieldstart|move: Trick Room|[of] p2a: Cresselia\n|\n|-heal|p2a: Cresselia|95\/100|[from] item: Leftovers\n|upkeep\n|turn|8\n|\n|t:|1699979122\n|switch|p2a: Dialga|Dialga|99\/100\n|-ability|p2a: Dialga|Pressure\n|move|p1a: Donkey Kong|Knock Off|p2a: Dialga\n|-damage|p2a: Dialga|76\/100\n|-enditem|p2a: Dialga|Eject Pack|[from] move: Knock Off|[of] p1a: Donkey Kong\n|\n|-heal|p2a: Dialga|82\/100|[from] Grassy Terrain\n|upkeep\n|turn|9\n|inactive|JohnLongGone has 270 seconds left.\n|\n|t:|1699979142\n|move|p2a: Dialga|Draco Meteor|p1a: Donkey Kong|[miss]\n|-miss|p2a: Dialga|p1a: Donkey Kong\n|move|p1a: Donkey Kong|U-turn|p2a: Dialga\n|-resisted|p2a: Dialga\n|-damage|p2a: Dialga|74\/100\n|\n|t:|1699979146\n|switch|p1a: Metal Gear Solid|Jirachi|100\/100|[from] U-turn\n|\n|-heal|p2a: Dialga|80\/100|[from] Grassy Terrain\n|-fieldend|move: Grassy Terrain\n|upkeep\n|turn|10\n|\n|t:|1699979150\n|move|p2a: Dialga|Earth Power|p1a: Metal Gear Solid\n|-supereffective|p1a: Metal Gear Solid\n|-damage|p1a: Metal Gear Solid|30\/100\n|move|p1a: Metal Gear Solid|Iron Head|p2a: Dialga\n|-resisted|p2a: Dialga\n|-damage|p2a: Dialga|68\/100\n|\n|upkeep\n|turn|11\n|\n|t:|1699979157\n|switch|p1a: Donkey Kong|Rillaboom, F|100\/100\n|-fieldstart|move: Grassy Terrain|[from] ability: Grassy Surge|[of] p1a: Donkey Kong\n|move|p2a: Dialga|Earth Power|p1a: Donkey Kong\n|-resisted|p1a: Donkey Kong\n|-damage|p1a: Donkey Kong|83\/100\n|\n|-heal|p2a: Dialga|74\/100|[from] Grassy Terrain\n|-heal|p1a: Donkey Kong|89\/100|[from] Grassy Terrain\n|-fieldend|move: Trick Room\n|upkeep\n|turn|12\n|\n|t:|1699979170\n|move|p1a: Donkey Kong|Grassy Glide|p2a: Dialga\n|-resisted|p2a: Dialga\n|-damage|p2a: Dialga|68\/100\n|move|p2a: Dialga|Draco Meteor|p1a: Donkey Kong\n|-damage|p1a: Donkey Kong|11\/100\n|-unboost|p2a: Dialga|spa|2\n|\n|-heal|p1a: Donkey Kong|18\/100|[from] Grassy Terrain\n|-heal|p2a: Dialga|74\/100|[from] Grassy Terrain\n|upkeep\n|turn|13\n|\n|t:|1699979183\n|move|p1a: Donkey Kong|U-turn|p2a: Dialga\n|-resisted|p2a: Dialga\n|-crit|p2a: Dialga\n|-damage|p2a: Dialga|62\/100\n|\n|t:|1699979185\n|switch|p1a: Metal Gear Solid|Jirachi|30\/100|[from] U-turn\n|move|p2a: Dialga|Flash Cannon|p1a: Metal Gear Solid\n|-resisted|p1a: Metal Gear Solid\n|-damage|p1a: Metal Gear Solid|17\/100\n|\n|-heal|p1a: Metal Gear Solid|23\/100|[from] Grassy Terrain\n|-heal|p2a: Dialga|68\/100|[from] Grassy Terrain\n|upkeep\n|turn|14\n|\n|t:|1699979193\n|switch|p2a: Cinderace|Cinderace, M|100\/100\n|move|p1a: Metal Gear Solid|Drain Punch|p2a: Cinderace\n|-damage|p2a: Cinderace|67\/100\n|-heal|p1a: Metal Gear Solid|38\/100|[from] drain|[of] p2a: Cinderace\n|\n|-heal|p1a: Metal Gear Solid|44\/100|[from] Grassy Terrain\n|-heal|p2a: Cinderace|74\/100|[from] Grassy Terrain\n|upkeep\n|turn|15\n|\n|t:|1699979201\n|switch|p1a: Diablo|Chi-Yu|79\/100\n|-ability|p1a: Diablo|Beads of Ruin\n|move|p2a: Cinderace|U-turn|p1a: Diablo\n|-start|p2a: Cinderace|typechange|Bug|[from] ability: Libero\n|-damage|p1a: Diablo|21\/100\n|\n|t:|1699979218\n|switch|p2a: Hoopa|Hoopa-Unbound|61\/100|[from] U-turn\n|\n|-heal|p1a: Diablo|27\/100|[from] Grassy Terrain\n|-heal|p2a: Hoopa|67\/100|[from] Grassy Terrain\n|-fieldend|move: Grassy Terrain\n|upkeep\n|turn|16\n|\n|t:|1699979228\n|move|p1a: Diablo|Overheat|p2a: Hoopa\n|-damage|p2a: Hoopa|21\/100\n|-unboost|p1a: Diablo|spa|2\n|move|p2a: Hoopa|Drain Punch|p1a: Diablo\n|-supereffective|p1a: Diablo\n|-damage|p1a: Diablo|0 fnt\n|-heal|p2a: Hoopa|32\/100|[from] drain|[of] p1a: Diablo\n|faint|p1a: Diablo\n|\n|upkeep\n|\n|t:|1699979235\n|switch|p1a: Donkey Kong|Rillaboom, F|18\/100\n|-fieldstart|move: Grassy Terrain|[from] ability: Grassy Surge|[of] p1a: Donkey Kong\n|turn|17\n|\n|t:|1699979245\n|move|p1a: Donkey Kong|U-turn|p2a: Hoopa\n|-supereffective|p2a: Hoopa\n|-damage|p2a: Hoopa|0 fnt\n|faint|p2a: Hoopa\n|\n|t:|1699979248\n|switch|p1a: Palafinal Fantasy|Palafin-Hero, F|100\/100|[from] U-turn\n|\n|upkeep\n|\n|t:|1699979260\n|switch|p2a: Magearna|Magearna|89\/100\n|turn|18\n|\n|t:|1699979265\n|move|p1a: Palafinal Fantasy|Close Combat|p2a: Magearna\n|-damage|p2a: Magearna|42\/100\n|-unboost|p1a: Palafinal Fantasy|def|1\n|-unboost|p1a: Palafinal Fantasy|spd|1\n|move|p2a: Magearna|Trick Room|p2a: Magearna\n|-fieldstart|move: Trick Room|[of] p2a: Magearna\n|\n|-heal|p2a: Magearna|48\/100|[from] Grassy Terrain\n|-heal|p2a: Magearna|54\/100|[from] item: Leftovers\n|upkeep\n|turn|19\n|\n|t:|1699979272\n|switch|p1a: Katamari|Cyclizar, F|100\/100\n|move|p2a: Magearna|Volt Switch|p1a: Katamari\n|-resisted|p1a: Katamari\n|-damage|p1a: Katamari|85\/100\n|\n|t:|1699979277\n|switch|p2a: Ursaluna|Ursaluna, F|100\/100|[from] Volt Switch\n|\n|-heal|p1a: Katamari|91\/100|[from] Grassy Terrain\n|-status|p2a: Ursaluna|brn|[from] item: Flame Orb\n|upkeep\n|turn|20\n|\n|t:|1699979285\n|move|p2a: Ursaluna|Facade|p1a: Katamari\n|-damage|p1a: Katamari|0 fnt\n|faint|p1a: Katamari\n|\n|-damage|p2a: Ursaluna|94\/100 brn|[from] brn\n|upkeep\n|\n|t:|1699979290\n|switch|p1a: Donkey Kong|Rillaboom, F|18\/100\n|turn|21\n|\n|t:|1699979293\n|-terastallize|p2a: Ursaluna|Normal\n|move|p1a: Donkey Kong|Fake Out|p2a: Ursaluna\n|-damage|p2a: Ursaluna|85\/100 brn\n|cant|p2a: Ursaluna|flinch\n|\n|-heal|p2a: Ursaluna|91\/100 brn|[from] Grassy Terrain\n|-heal|p1a: Donkey Kong|24\/100|[from] Grassy Terrain\n|-damage|p2a: Ursaluna|85\/100 brn|[from] brn\n|-fieldend|move: Grassy Terrain\n|upkeep\n|turn|22\n|\n|t:|1699979298\n|move|p2a: Ursaluna|Facade|p1a: Donkey Kong\n|-damage|p1a: Donkey Kong|0 fnt\n|faint|p1a: Donkey Kong\n|\n|-damage|p2a: Ursaluna|79\/100 brn|[from] brn\n|-fieldend|move: Trick Room\n|upkeep\n|\n|t:|1699979304\n|switch|p1a: Metal Gear Solid|Jirachi|44\/100\n|turn|23\n|\n|t:|1699979309\n|switch|p2a: Dialga|Dialga|68\/100\n|-ability|p2a: Dialga|Pressure\n|move|p1a: Metal Gear Solid|Iron Head|p2a: Dialga\n|-resisted|p2a: Dialga\n|-damage|p2a: Dialga|56\/100\n|\n|upkeep\n|turn|24\n|\n|t:|1699979314\n|switch|p1a: Palafinal Fantasy|Palafin-Hero, F|100\/100\n|move|p2a: Dialga|Earth Power|p1a: Palafinal Fantasy\n|-damage|p1a: Palafinal Fantasy|60\/100\n|\n|upkeep\n|turn|25\n|\n|t:|1699979326\n|-terastallize|p1a: Palafinal Fantasy|Water\n|move|p1a: Palafinal Fantasy|Wave Crash|p2a: Dialga\n|-resisted|p2a: Dialga\n|-damage|p2a: Dialga|5\/100\n|-damage|p1a: Palafinal Fantasy|40\/100|[from] Recoil\n|move|p2a: Dialga|Trick Room|p2a: Dialga\n|-fieldstart|move: Trick Room|[of] p2a: Dialga\n|\n|upkeep\n|turn|26\n|\n|t:|1699979354\n|switch|p1a: Metal Gear Solid|Jirachi|44\/100\n|move|p2a: Dialga|Draco Meteor|p1a: Metal Gear Solid\n|-resisted|p1a: Metal Gear Solid\n|-damage|p1a: Metal Gear Solid|2\/100\n|-unboost|p2a: Dialga|spa|2\n|\n|upkeep\n|turn|27\n|\n|t:|1699979366\n|move|p2a: Dialga|Earth Power|p1a: Metal Gear Solid\n|-supereffective|p1a: Metal Gear Solid\n|-damage|p1a: Metal Gear Solid|0 fnt\n|faint|p1a: Metal Gear Solid\n|\n|upkeep\n|\n|t:|1699979367\n|switch|p1a: Palafinal Fantasy|Palafin-Hero, F, tera:Water|40\/100\n|turn|28\n|\n|t:|1699979370\n|move|p1a: Palafinal Fantasy|Jet Punch|p2a: Dialga\n|-resisted|p2a: Dialga\n|-damage|p2a: Dialga|0 fnt\n|faint|p2a: Dialga\n|\n|upkeep\n|\n|t:|1699979372\n|switch|p2a: Ursaluna|Ursaluna, F, tera:Normal|79\/100 brn\n|turn|29\n|\n|t:|1699979374\n|move|p1a: Palafinal Fantasy|Jet Punch|p2a: Ursaluna\n|-damage|p2a: Ursaluna|23\/100 brn\n|move|p2a: Ursaluna|Facade|p1a: Palafinal Fantasy\n|-damage|p1a: Palafinal Fantasy|0 fnt\n|faint|p1a: Palafinal Fantasy\n|\n|win|JohnLongGone\n","uploadtime":1699979380,"views":10,"p1id":"alicielizzie","p2id":"johnlonggone","formatid":"gen9ubers","rating":0,"private":0,"password":""}