{"id":"gen9ubers-1979747567","p1":"ttkilla","p2":"BeardyBennett","format":"[Gen 9] Ubers","log":"|j|\u2606ttkilla\n|j|\u2606BeardyBennett\n|t:|1698709106\n|gametype|singles\n|player|p1|ttkilla|cameraman|\n|player|p2|BeardyBennett|hiker-gen4|\n|teamsize|p1|6\n|teamsize|p2|6\n|gen|9\n|tier|[Gen 9] Ubers\n|rule|Sleep Clause Mod: Limit one foe put to sleep\n|rule|Species Clause: Limit one of each Pok\u00e9mon\n|rule|OHKO Clause: OHKO moves are banned\n|rule|Evasion Items Clause: Evasion items are banned\n|rule|Evasion Moves Clause: Evasion moves are banned\n|rule|Endless Battle Clause: Forcing endless battles is banned\n|rule|HP Percentage Mod: HP is shown in percentages\n|clearpoke\n|poke|p1|Quaquaval, F|\n|poke|p1|Chi-Yu|\n|poke|p1|Dialga|\n|poke|p1|Thundurus, M|\n|poke|p1|Arceus-Psychic|\n|poke|p1|Shaymin-Sky|\n|poke|p2|Meowscarada, M|\n|poke|p2|Gholdengo|\n|poke|p2|Dragapult, F|\n|poke|p2|Arceus-Poison|\n|poke|p2|Magearna|\n|poke|p2|Azumarill, F|\n|teampreview\n|c|\u2606BeardyBennett|Gl hf!\n|c|\u2606ttkilla|glhf\n|\n|t:|1698709127\n|start\n|switch|p1a: Chi-Yu|Chi-Yu|100\/100\n|switch|p2a: Meowscarada|Meowscarada, M|100\/100\n|-ability|p1a: Chi-Yu|Beads of Ruin\n|turn|1\n|\n|t:|1698709131\n|move|p2a: Meowscarada|Spikes|p1a: Chi-Yu\n|-start|p2a: Meowscarada|typechange|Ground|[from] ability: Protean\n|-sidestart|p1: ttkilla|Spikes\n|move|p1a: Chi-Yu|Flamethrower|p2a: Meowscarada\n|-damage|p2a: Meowscarada|0 fnt\n|faint|p2a: Meowscarada\n|\n|upkeep\n|\n|t:|1698709140\n|switch|p2a: Azumarill|Azumarill, F|100\/100\n|turn|2\n|\n|t:|1698709147\n|switch|p1a: Quaquaval|Quaquaval, F|100\/100\n|move|p2a: Azumarill|Knock Off|p1a: Quaquaval\n|-resisted|p1a: Quaquaval\n|-damage|p1a: Quaquaval|74\/100\n|-enditem|p1a: Quaquaval|Heavy-Duty Boots|[from] move: Knock Off|[of] p2a: Azumarill\n|\n|upkeep\n|turn|3\n|\n|t:|1698709158\n|move|p1a: Quaquaval|Flip Turn|p2a: Azumarill\n|-resisted|p2a: Azumarill\n|-damage|p2a: Azumarill|85\/100\n|\n|t:|1698709170\n|switch|p1a: Thundurus|Thundurus, M|100\/100|[from] Flip Turn\n|move|p2a: Azumarill|Play Rough|p1a: Thundurus\n|-damage|p1a: Thundurus|17\/100\n|\n|upkeep\n|turn|4\n|\n|t:|1698709184\n|switch|p2a: Magearna|Magearna|100\/100\n|move|p1a: Thundurus|Thunderbolt|p2a: Magearna\n|-damage|p2a: Magearna|72\/100\n|\n|upkeep\n|turn|5\n|\n|t:|1698709189\n|move|p1a: Thundurus|Thunder Wave|p2a: Magearna\n|-status|p2a: Magearna|par\n|cant|p2a: Magearna|par\n|\n|upkeep\n|turn|6\n|\n|t:|1698709197\n|switch|p1a: Quaquaval|Quaquaval, F|74\/100\n|-damage|p1a: Quaquaval|62\/100|[from] Spikes\n|move|p2a: Magearna|Volt Switch|p1a: Quaquaval\n|-supereffective|p1a: Quaquaval\n|-damage|p1a: Quaquaval|0 fnt\n|faint|p1a: Quaquaval\n|-ability|p2a: Magearna|Soul-Heart|boost\n|-boost|p2a: Magearna|spa|1\n|\n|t:|1698709210\n|switch|p2a: Dragapult|Dragapult, F|100\/100|[from] Volt Switch\n|\n|upkeep\n|\n|t:|1698709215\n|switch|p1a: Thundurus|Thundurus, M|17\/100\n|turn|7\n|\n|t:|1698709219\n|switch|p2a: Gholdengo|Gholdengo|100\/100\n|move|p1a: Thundurus|Thunder Wave|p2a: Gholdengo\n|-immune|p2a: Gholdengo|[from] ability: Good as Gold\n|\n|upkeep\n|turn|8\n|\n|t:|1698709229\n|switch|p1a: Chi-Yu|Chi-Yu|100\/100\n|-damage|p1a: Chi-Yu|88\/100|[from] Spikes\n|-ability|p1a: Chi-Yu|Beads of Ruin\n|move|p2a: Gholdengo|Focus Blast|p1a: Chi-Yu\n|-supereffective|p1a: Chi-Yu\n|-damage|p1a: Chi-Yu|0 fnt\n|faint|p1a: Chi-Yu\n|\n|upkeep\n|\n|t:|1698709235\n|switch|p1a: Dialga|Dialga|100\/100\n|-damage|p1a: Dialga|88\/100|[from] Spikes\n|-ability|p1a: Dialga|Pressure\n|turn|9\n|\n|t:|1698709244\n|move|p1a: Dialga|Earth Power|p2a: Gholdengo\n|-supereffective|p2a: Gholdengo\n|-damage|p2a: Gholdengo|24\/100\n|move|p2a: Gholdengo|Focus Blast|p1a: Dialga\n|-supereffective|p1a: Dialga\n|-damage|p1a: Dialga|8\/100\n|\n|upkeep\n|turn|10\n|\n|t:|1698709251\n|switch|p2a: Azumarill|Azumarill, F|85\/100\n|move|p1a: Dialga|Earth Power|p2a: Azumarill\n|-damage|p2a: Azumarill|63\/100\n|-unboost|p2a: Azumarill|spd|1\n|\n|upkeep\n|turn|11\n|\n|t:|1698709258\n|switch|p1a: Shaymin|Shaymin-Sky|100\/100\n|move|p2a: Azumarill|Aqua Jet|p1a: Shaymin\n|-resisted|p1a: Shaymin\n|-damage|p1a: Shaymin|85\/100\n|\n|upkeep\n|turn|12\n|\n|t:|1698709276\n|switch|p2a: Gholdengo|Gholdengo|24\/100\n|move|p1a: Shaymin|Seed Flare|p2a: Gholdengo\n|-resisted|p2a: Gholdengo\n|-damage|p2a: Gholdengo|0 fnt\n|faint|p2a: Gholdengo\n|\n|upkeep\n|\n|t:|1698709285\n|switch|p2a: Arceus|Arceus-Poison|100\/100\n|turn|13\n|\n|t:|1698709289\n|-terastallize|p1a: Shaymin|Water\n|move|p1a: Shaymin|Seed Flare|p2a: Arceus|[miss]\n|-miss|p1a: Shaymin|p2a: Arceus\n|move|p2a: Arceus|Swords Dance|p2a: Arceus\n|-boost|p2a: Arceus|atk|2\n|\n|upkeep\n|turn|14\n|\n|t:|1698709294\n|move|p1a: Shaymin|Earth Power|p2a: Arceus\n|-supereffective|p2a: Arceus\n|-damage|p2a: Arceus|58\/100\n|move|p2a: Arceus|Swords Dance|p2a: Arceus\n|-boost|p2a: Arceus|atk|2\n|\n|upkeep\n|turn|15\n|\n|t:|1698709301\n|-terastallize|p2a: Arceus|Normal\n|move|p2a: Arceus|Extreme Speed|p1a: Shaymin\n|-damage|p1a: Shaymin|0 fnt\n|faint|p1a: Shaymin\n|\n|upkeep\n|\n|t:|1698709308\n|switch|p1a: Thundurus|Thundurus, M|17\/100\n|turn|16\n|\n|t:|1698709311\n|move|p2a: Arceus|Extreme Speed|p1a: Thundurus\n|-damage|p1a: Thundurus|0 fnt\n|faint|p1a: Thundurus\n|\n|upkeep\n|\n|t:|1698709315\n|switch|p1a: Arceus|Arceus-Psychic|100\/100\n|-damage|p1a: Arceus|88\/100|[from] Spikes\n|turn|17\n|\n|t:|1698709321\n|move|p2a: Arceus|Extreme Speed|p1a: Arceus\n|-damage|p1a: Arceus|25\/100\n|move|p1a: Arceus|Zen Headbutt|p2a: Arceus\n|-damage|p2a: Arceus|27\/100\n|\n|upkeep\n|turn|18\n|\n|t:|1698709324\n|move|p2a: Arceus|Extreme Speed|p1a: Arceus\n|-damage|p1a: Arceus|0 fnt\n|faint|p1a: Arceus\n|\n|upkeep\n|\n|t:|1698709326\n|switch|p1a: Dialga|Dialga|8\/100\n|-damage|p1a: Dialga|0 fnt|[from] Spikes\n|faint|p1a: Dialga\n|\n|win|BeardyBennett\n|c|\u2606ttkilla|gg\n|l|\u2606ttkilla\n|c|\u2606BeardyBennett|Gg\n","uploadtime":1698709338,"views":15,"p1id":"ttkilla","p2id":"beardybennett","formatid":"gen9ubers","rating":0,"private":0,"password":""}