{"id":"gen9ubers-1989174550","p1":"jb291","p2":"Dread Hades 0","format":"[Gen 9] Ubers","log":"|j|\u2606jb291\n|j|\u2606Dread Hades 0\n|t:|1699820086\n|gametype|singles\n|player|p1|jb291|korrina-masters|\n|player|p2|Dread Hades 0|guzma|\n|teamsize|p1|6\n|teamsize|p2|6\n|gen|9\n|tier|[Gen 9] Ubers\n|rated|Tournament battle\n|rule|Sleep Clause Mod: Limit one foe put to sleep\n|rule|Species Clause: Limit one of each Pok\u00e9mon\n|rule|OHKO Clause: OHKO moves are banned\n|rule|Evasion Items Clause: Evasion items are banned\n|rule|Evasion Moves Clause: Evasion moves are banned\n|rule|Endless Battle Clause: Forcing endless battles is banned\n|rule|HP Percentage Mod: HP is shown in percentages\n|clearpoke\n|poke|p1|Ribombee, M|\n|poke|p1|Koraidon|\n|poke|p1|Rayquaza|\n|poke|p1|Zacian-*|\n|poke|p1|Arceus-Ground|\n|poke|p1|Eternatus|\n|poke|p2|Arceus|\n|poke|p2|Polteageist-Antique|\n|poke|p2|Zacian-*|\n|poke|p2|Eternatus|\n|poke|p2|Baxcalibur, M|\n|poke|p2|Koraidon|\n|teampreview\n|inactive|Battle timer is ON: inactive players will automatically lose when time's up. (requested by jb291)\n|inactive|Dread Hades 0 also wants the timer to be on.\n|j| KeshBa45\n|l| KeshBa45\n|\n|t:|1699820102\n|start\n|switch|p1a: Ribombee|Ribombee, M|100\/100\n|switch|p2a: Drole|Baxcalibur, M|100\/100\n|turn|1\n|\n|t:|1699820107\n|-terastallize|p2a: Drole|Ground\n|move|p1a: Ribombee|Sticky Web|p2a: Drole\n|-sidestart|p2: Dread Hades 0|move: Sticky Web\n|move|p2a: Drole|Dragon Dance|p2a: Drole\n|-boost|p2a: Drole|atk|1\n|-boost|p2a: Drole|spe|1\n|\n|upkeep\n|turn|2\n|\n|t:|1699820111\n|move|p2a: Drole|Icicle Spear|p1a: Ribombee\n|-damage|p1a: Ribombee|44\/100\n|-damage|p1a: Ribombee|0 fnt\n|faint|p1a: Ribombee\n|-hitcount|p1: Ribombee|2\n|\n|upkeep\n|\n|t:|1699820124\n|switch|p1a: Arceus|Arceus-Ground|100\/100\n|turn|3\n|\n|t:|1699820127\n|-terastallize|p1a: Arceus|Fairy\n|move|p2a: Drole|Icicle Spear|p1a: Arceus\n|-damage|p1a: Arceus|80\/100\n|-damage|p1a: Arceus|59\/100\n|-damage|p1a: Arceus|35\/100\n|-hitcount|p1a: Arceus|3\n|move|p1a: Arceus|Dragon Dance|p1a: Arceus\n|-boost|p1a: Arceus|atk|1\n|-boost|p1a: Arceus|spe|1\n|\n|upkeep\n|turn|4\n|\n|t:|1699820130\n|move|p1a: Arceus|Earthquake|p2a: Drole\n|-damage|p2a: Drole|9\/100\n|move|p2a: Drole|Icicle Spear|p1a: Arceus\n|-damage|p1a: Arceus|12\/100\n|-damage|p1a: Arceus|0 fnt\n|faint|p1a: Arceus\n|-hitcount|p1: Arceus|2\n|\n|upkeep\n|\n|t:|1699820138\n|switch|p1a: Zacian|Zacian-Crowned|100\/100\n|-ability|p1a: Zacian|Intrepid Sword|boost\n|-boost|p1a: Zacian|atk|1\n|turn|5\n|\n|t:|1699820141\n|move|p1a: Zacian|Behemoth Blade|p2a: Drole\n|-damage|p2a: Drole|0 fnt\n|faint|p2a: Drole\n|\n|upkeep\n|l|\u2606jb291\n|inactive|jb291 disconnected and has a minute to reconnect!\n|player|p1|\n|\n|t:|1699820151\n|switch|p2a: Grayroad|Polteageist-Antique|100\/100\n|-activate|p2a: Grayroad|move: Sticky Web\n|-unboost|p2a: Grayroad|spe|1\n|turn|6\n|inactive|jb291 has 30 seconds to reconnect!\n|j|\u2606jb291\n|inactive|jb291 reconnected and has 115 seconds left.\n|player|p1|jb291|korrina-masters\n|\n|t:|1699820196\n|move|p1a: Zacian|Behemoth Blade|p2a: Grayroad\n|-enditem|p2a: Grayroad|Focus Sash\n|-damage|p2a: Grayroad|1\/100\n|-ability|p2a: Grayroad|Weak Armor|boost\n|-unboost|p2a: Grayroad|def|1\n|-boost|p2a: Grayroad|spe|2\n|move|p2a: Grayroad|Shell Smash|p2a: Grayroad\n|-unboost|p2a: Grayroad|def|1\n|-unboost|p2a: Grayroad|spd|1\n|-boost|p2a: Grayroad|atk|2\n|-boost|p2a: Grayroad|spa|2\n|-boost|p2a: Grayroad|spe|2\n|\n|upkeep\n|turn|7\n|\n|t:|1699820200\n|move|p2a: Grayroad|Shadow Ball|p1a: Zacian\n|-crit|p1a: Zacian\n|-damage|p1a: Zacian|0 fnt\n|faint|p1a: Zacian\n|\n|upkeep\n|\n|t:|1699820206\n|switch|p1a: Rayquaza|Rayquaza|100\/100\n|-ability|p1a: Rayquaza|Air Lock\n|turn|8\n|\n|t:|1699820209\n|move|p2a: Grayroad|Shadow Ball|p1a: Rayquaza\n|-damage|p1a: Rayquaza|0 fnt\n|faint|p1a: Rayquaza\n|\n|upkeep\n|\n|t:|1699820213\n|switch|p1a: Eternatus|Eternatus|100\/100\n|-ability|p1a: Eternatus|Pressure\n|turn|9\n|\n|t:|1699820217\n|move|p2a: Grayroad|Psychic|p1a: Eternatus\n|-supereffective|p1a: Eternatus\n|-damage|p1a: Eternatus|0 fnt\n|faint|p1a: Eternatus\n|\n|upkeep\n|\n|t:|1699820219\n|switch|p1a: Koraidon|Koraidon|100\/100\n|-weather|SunnyDay|[from] ability: Orichalcum Pulse|[of] p1a: Koraidon\n|-activate|p1a: Koraidon|Orichalcum Pulse|[source]\n|turn|10\n|\n|t:|1699820222\n|move|p2a: Grayroad|Psychic|p1a: Koraidon\n|-supereffective|p1a: Koraidon\n|-damage|p1a: Koraidon|0 fnt\n|faint|p1a: Koraidon\n|\n|win|Dread Hades 0\n|n|\u2606Dread Hades 0|dreadhades0\n|n|\u2606jb291|jb291\n|l|\u2606Dread Hades 0\n","uploadtime":1699820305,"views":16,"p1id":"jb291","p2id":"dreadhades0","formatid":"gen9ubers","rating":0,"private":0,"password":""}