{"id":"gen9ubers-1968525246","p1":"grlgunk","p2":"sleestacks","format":"[Gen 9] Ubers","log":"|j|\u2606grlgunk\n|j|\u2606sleestacks\n|t:|1697428440\n|gametype|singles\n|player|p1|grlgunk|carmine|1033\n|player|p2|sleestacks|guzma|1082\n|teamsize|p1|6\n|teamsize|p2|6\n|gen|9\n|tier|[Gen 9] Ubers\n|rated|\n|rule|Sleep Clause Mod: Limit one foe put to sleep\n|rule|Species Clause: Limit one of each Pok\u00e9mon\n|rule|OHKO Clause: OHKO moves are banned\n|rule|Evasion Items Clause: Evasion items are banned\n|rule|Evasion Moves Clause: Evasion moves are banned\n|rule|Endless Battle Clause: Forcing endless battles is banned\n|rule|HP Percentage Mod: HP is shown in percentages\n|clearpoke\n|poke|p1|Shaymin-Sky|\n|poke|p1|Jirachi|\n|poke|p1|Dudunsparce-*, F|\n|poke|p1|Blissey, F|\n|poke|p1|Sawsbuck, M|\n|poke|p1|Ambipom, F|\n|poke|p2|Ribombee, M|\n|poke|p2|Arceus|\n|poke|p2|Zacian-*|\n|poke|p2|Eternatus|\n|poke|p2|Miraidon|\n|poke|p2|Koraidon|\n|teampreview\n|inactive|Battle timer is ON: inactive players will automatically lose when time's up. (requested by sleestacks)\n|inactive|grlgunk also wants the timer to be on.\n|c|\u2606sleestacks|glhf\n|\n|t:|1697428453\n|start\n|switch|p1a: Dudunsparce|Dudunsparce-Three-Segment, F, shiny|100\/100\n|switch|p2a: Ribombee|Ribombee, M|100\/100\n|turn|1\n|\n|t:|1697428458\n|move|p2a: Ribombee|Sticky Web|p1a: Dudunsparce\n|-sidestart|p1: grlgunk|move: Sticky Web\n|move|p1a: Dudunsparce|Ancient Power|p2a: Ribombee\n|-supereffective|p2a: Ribombee\n|-damage|p2a: Ribombee|67\/100\n|\n|upkeep\n|turn|2\n|\n|t:|1697428470\n|switch|p2a: Zacian|Zacian-Crowned|100\/100\n|-ability|p2a: Zacian|Intrepid Sword|boost\n|-boost|p2a: Zacian|atk|1\n|move|p1a: Dudunsparce|Ancient Power|p2a: Zacian\n|-resisted|p2a: Zacian\n|-damage|p2a: Zacian|95\/100\n|\n|upkeep\n|turn|3\n|\n|t:|1697428479\n|move|p2a: Zacian|Swords Dance|p2a: Zacian\n|-boost|p2a: Zacian|atk|2\n|move|p1a: Dudunsparce|Air Slash|p2a: Zacian\n|-resisted|p2a: Zacian\n|-damage|p2a: Zacian|88\/100\n|\n|upkeep\n|turn|4\n|\n|t:|1697428485\n|move|p2a: Zacian|Behemoth Blade|p1a: Dudunsparce\n|-crit|p1a: Dudunsparce\n|-damage|p1a: Dudunsparce|0 fnt\n|faint|p1a: Dudunsparce\n|\n|upkeep\n|\n|t:|1697428491\n|switch|p1a: Blissey|Blissey, F|100\/100\n|turn|5\n|\n|t:|1697428493\n|move|p2a: Zacian|Behemoth Blade|p1a: Blissey\n|-crit|p1a: Blissey\n|-damage|p1a: Blissey|0 fnt\n|faint|p1a: Blissey\n|\n|upkeep\n|\n|t:|1697428496\n|switch|p1a: Sawsbuck|Sawsbuck, M|100\/100\n|-activate|p1a: Sawsbuck|move: Sticky Web\n|-unboost|p1a: Sawsbuck|spe|1\n|turn|6\n|\n|t:|1697428498\n|move|p2a: Zacian|Behemoth Blade|p1a: Sawsbuck\n|-damage|p1a: Sawsbuck|0 fnt\n|faint|p1a: Sawsbuck\n|\n|upkeep\n|\n|t:|1697428501\n|switch|p1a: Ambipom|Ambipom, F, shiny|100\/100\n|-activate|p1a: Ambipom|move: Sticky Web\n|-unboost|p1a: Ambipom|spe|1\n|turn|7\n|\n|t:|1697428503\n|move|p1a: Ambipom|Fake Out|p2a: Zacian\n|-resisted|p2a: Zacian\n|-damage|p2a: Zacian|80\/100\n|cant|p2a: Zacian|flinch\n|\n|upkeep\n|turn|8\n|\n|t:|1697428508\n|move|p2a: Zacian|Behemoth Blade|p1a: Ambipom\n|-damage|p1a: Ambipom|0 fnt\n|faint|p1a: Ambipom\n|\n|upkeep\n|\n|t:|1697428511\n|switch|p1a: Shaymin|Shaymin-Sky|100\/100\n|turn|9\n|\n|t:|1697428513\n|move|p2a: Zacian|Behemoth Blade|p1a: Shaymin\n|-damage|p1a: Shaymin|0 fnt\n|faint|p1a: Shaymin\n|\n|upkeep\n|\n|t:|1697428516\n|switch|p1a: Jirachi|Jirachi, shiny|100\/100\n|turn|10\n|\n|t:|1697428518\n|move|p2a: Zacian|Behemoth Blade|p1a: Jirachi\n|-resisted|p1a: Jirachi\n|-damage|p1a: Jirachi|31\/100\n|move|p1a: Jirachi|Drain Punch|p2a: Zacian\n|-damage|p2a: Zacian|61\/100\n|-heal|p1a: Jirachi|39\/100|[from] drain|[of] p2a: Zacian\n|\n|upkeep\n|turn|11\n|\n|t:|1697428523\n|move|p2a: Zacian|Behemoth Blade|p1a: Jirachi\n|-resisted|p1a: Jirachi\n|-damage|p1a: Jirachi|0 fnt\n|faint|p1a: Jirachi\n|\n|win|sleestacks\n|raw|grlgunk's rating: 1033 &rarr; <strong>1020<\/strong><br \/>(-13 for losing)\n|raw|sleestacks's rating: 1082 &rarr; <strong>1106<\/strong><br \/>(+24 for winning)\n|l|\u2606grlgunk\n","uploadtime":1697428528,"views":6,"p1id":"grlgunk","p2id":"sleestacks","formatid":"gen9ubers","rating":1020,"private":0,"password":""}