{"id":"gen9ubers-1976979879","p1":"PinkScourge","p2":"Leo Justice","format":"[Gen 9] Ubers","log":"|j|\u2606PinkScourge\n|j|\u2606Leo Justice\n|t:|1698358295\n|gametype|singles\n|player|p1|PinkScourge|bede-leader|\n|player|p2|Leo Justice|carmine|\n|teamsize|p1|6\n|teamsize|p2|6\n|gen|9\n|tier|[Gen 9] Ubers\n|rule|Sleep Clause Mod: Limit one foe put to sleep\n|rule|Species Clause: Limit one of each Pok\u00e9mon\n|rule|OHKO Clause: OHKO moves are banned\n|rule|Evasion Items Clause: Evasion items are banned\n|rule|Evasion Moves Clause: Evasion moves are banned\n|rule|Endless Battle Clause: Forcing endless battles is banned\n|rule|HP Percentage Mod: HP is shown in percentages\n|clearpoke\n|poke|p1|Alomomola, F|\n|poke|p1|Rillaboom, M|\n|poke|p1|Shaymin-Sky|\n|poke|p1|Heatran, M|\n|poke|p1|Arceus-Grass|\n|poke|p1|Weezing-Galar, M|\n|poke|p2|Meowscarada, F|\n|poke|p2|Gholdengo|\n|poke|p2|Dialga|\n|poke|p2|Zacian-*|\n|poke|p2|Magearna|\n|poke|p2|Cyclizar, F|\n|teampreview\n|inactive|Battle timer is ON: inactive players will automatically lose when time's up. (requested by PinkScourge)\n|c|\u2606Leo Justice|Gl\n|c|\u2606PinkScourge|GL\n|\n|t:|1698358324\n|start\n|switch|p1a: Rillaboom|Rillaboom, M|100\/100\n|switch|p2a: Dialga|Dialga|100\/100\n|-ability|p2a: Dialga|Pressure\n|-fieldstart|move: Grassy Terrain|[from] ability: Grassy Surge|[of] p1a: Rillaboom\n|turn|1\n|\n|t:|1698358332\n|move|p2a: Dialga|Stealth Rock|p1a: Rillaboom\n|-sidestart|p1: PinkScourge|move: Stealth Rock\n|move|p1a: Rillaboom|U-turn|p2a: Dialga\n|-resisted|p2a: Dialga\n|-damage|p2a: Dialga|91\/100\n|\n|t:|1698358345\n|switch|p1a: Arceus|Arceus-Grass|100\/100|[from] U-turn\n|-damage|p1a: Arceus|88\/100|[from] Stealth Rock\n|\n|-heal|p1a: Arceus|94\/100|[from] Grassy Terrain\n|-heal|p2a: Dialga|97\/100|[from] Grassy Terrain\n|-heal|p2a: Dialga|100\/100|[from] item: Leftovers\n|upkeep\n|turn|2\n|\n|t:|1698358352\n|move|p1a: Arceus|Earth Power|p2a: Dialga\n|-supereffective|p2a: Dialga\n|-damage|p2a: Dialga|67\/100\n|move|p2a: Dialga|Flash Cannon|p1a: Arceus\n|-damage|p1a: Arceus|76\/100\n|\n|-heal|p1a: Arceus|82\/100|[from] Grassy Terrain\n|-heal|p2a: Dialga|74\/100|[from] Grassy Terrain\n|-heal|p2a: Dialga|80\/100|[from] item: Leftovers\n|upkeep\n|turn|3\n|\n|t:|1698358380\n|move|p1a: Arceus|Judgment|p2a: Dialga\n|-resisted|p2a: Dialga\n|-damage|p2a: Dialga|69\/100\n|move|p2a: Dialga|Flash Cannon|p1a: Arceus\n|-damage|p1a: Arceus|61\/100\n|\n|-heal|p1a: Arceus|67\/100|[from] Grassy Terrain\n|-heal|p2a: Dialga|75\/100|[from] Grassy Terrain\n|-heal|p2a: Dialga|82\/100|[from] item: Leftovers\n|upkeep\n|turn|4\n|\n|t:|1698358386\n|move|p1a: Arceus|Earth Power|p2a: Dialga\n|-supereffective|p2a: Dialga\n|-damage|p2a: Dialga|50\/100\n|move|p2a: Dialga|Flash Cannon|p1a: Arceus\n|-damage|p1a: Arceus|48\/100\n|\n|-heal|p1a: Arceus|54\/100|[from] Grassy Terrain\n|-heal|p2a: Dialga|56\/100|[from] Grassy Terrain\n|-heal|p2a: Dialga|62\/100|[from] item: Leftovers\n|upkeep\n|turn|5\n|\n|t:|1698358393\n|switch|p2a: Gholdengo|Gholdengo|100\/100\n|-item|p2a: Gholdengo|Air Balloon\n|move|p1a: Arceus|Recover|p1a: Arceus\n|-heal|p1a: Arceus|100\/100\n|\n|upkeep\n|turn|6\n|\n|t:|1698358404\n|switch|p2a: Cyclizar|Cyclizar, F|100\/100\n|move|p1a: Arceus|Judgment|p2a: Cyclizar\n|-resisted|p2a: Cyclizar\n|-damage|p2a: Cyclizar|59\/100\n|\n|-heal|p2a: Cyclizar|66\/100|[from] Grassy Terrain\n|upkeep\n|turn|7\n|\n|t:|1698358411\n|move|p2a: Cyclizar|Shed Tail|p2a: Cyclizar\n|-start|p2a: Cyclizar|Substitute|[from] move: Shed Tail\n|-damage|p2a: Cyclizar|15\/100\n|\n|t:|1698358413\n|switch|p2a: Dialga|Dialga|62\/100|[from] Shed Tail\n|-ability|p2a: Dialga|Pressure\n|move|p1a: Arceus|Roar|p2a: Dialga\n|drag|p2a: Cyclizar|Cyclizar, F|49\/100\n|\n|-heal|p2a: Cyclizar|55\/100|[from] Grassy Terrain\n|upkeep\n|turn|8\n|\n|t:|1698358426\n|switch|p2a: Gholdengo|Gholdengo|100\/100\n|-item|p2a: Gholdengo|Air Balloon\n|move|p1a: Arceus|Roar|p2a: Gholdengo\n|-immune|p2a: Gholdengo|[from] ability: Good as Gold\n|\n|-fieldend|move: Grassy Terrain\n|upkeep\n|turn|9\n|\n|t:|1698358440\n|move|p1a: Arceus|Judgment|p2a: Gholdengo\n|-resisted|p2a: Gholdengo\n|-damage|p2a: Gholdengo|84\/100\n|-enditem|p2a: Gholdengo|Air Balloon\n|move|p2a: Gholdengo|Nasty Plot|p2a: Gholdengo\n|-boost|p2a: Gholdengo|spa|2\n|\n|upkeep\n|turn|10\n|\n|t:|1698358448\n|move|p1a: Arceus|Earth Power|p2a: Gholdengo\n|-supereffective|p2a: Gholdengo\n|-damage|p2a: Gholdengo|47\/100\n|move|p2a: Gholdengo|Shadow Ball|p1a: Arceus\n|-damage|p1a: Arceus|62\/100\n|\n|upkeep\n|turn|11\n|\n|t:|1698358455\n|move|p1a: Arceus|Earth Power|p2a: Gholdengo\n|-supereffective|p2a: Gholdengo\n|-damage|p2a: Gholdengo|10\/100\n|move|p2a: Gholdengo|Recover|p2a: Gholdengo\n|-heal|p2a: Gholdengo|60\/100\n|\n|upkeep\n|turn|12\n|\n|t:|1698358463\n|move|p1a: Arceus|Earth Power|p2a: Gholdengo\n|-supereffective|p2a: Gholdengo\n|-damage|p2a: Gholdengo|27\/100\n|-unboost|p2a: Gholdengo|spd|1\n|move|p2a: Gholdengo|Recover|p2a: Gholdengo\n|-heal|p2a: Gholdengo|77\/100\n|\n|upkeep\n|turn|13\n|\n|t:|1698358474\n|move|p1a: Arceus|Recover|p1a: Arceus\n|-heal|p1a: Arceus|100\/100\n|move|p2a: Gholdengo|Make It Rain|p1a: Arceus\n|-damage|p1a: Arceus|44\/100\n|-unboost|p2a: Gholdengo|spa|1\n|\n|upkeep\n|turn|14\n|\n|t:|1698358484\n|switch|p2a: Cyclizar|Cyclizar, F|88\/100\n|move|p1a: Arceus|Recover|p1a: Arceus\n|-heal|p1a: Arceus|94\/100\n|\n|upkeep\n|turn|15\n|\n|t:|1698358490\n|move|p2a: Cyclizar|Shed Tail|p2a: Cyclizar\n|-start|p2a: Cyclizar|Substitute|[from] move: Shed Tail\n|-damage|p2a: Cyclizar|38\/100\n|\n|t:|1698358493\n|switch|p2a: Gholdengo|Gholdengo|77\/100|[from] Shed Tail\n|move|p1a: Arceus|Earth Power|p2a: Gholdengo\n|-supereffective|p2a: Gholdengo\n|-end|p2a: Gholdengo|Substitute\n|\n|upkeep\n|turn|16\n|\n|t:|1698358504\n|switch|p1a: Heatran|Heatran, M|100\/100\n|-damage|p1a: Heatran|88\/100|[from] Stealth Rock\n|move|p2a: Gholdengo|Nasty Plot|p2a: Gholdengo\n|-boost|p2a: Gholdengo|spa|2\n|\n|-heal|p1a: Heatran|94\/100|[from] item: Leftovers\n|upkeep\n|turn|17\n|\n|t:|1698358512\n|switch|p2a: Cyclizar|Cyclizar, F|71\/100\n|move|p1a: Heatran|Magma Storm|p2a: Cyclizar\n|-resisted|p2a: Cyclizar\n|-damage|p2a: Cyclizar|40\/100\n|-activate|p2a: Cyclizar|move: Magma Storm|[of] p1a: Heatran\n|\n|-heal|p1a: Heatran|100\/100|[from] item: Leftovers\n|-damage|p2a: Cyclizar|28\/100|[from] move: Magma Storm|[partiallytrapped]\n|upkeep\n|turn|18\n|\n|t:|1698358522\n|move|p2a: Cyclizar|Knock Off|p1a: Heatran\n|-damage|p1a: Heatran|81\/100\n|-enditem|p1a: Heatran|Leftovers|[from] move: Knock Off|[of] p2a: Cyclizar\n|move|p1a: Heatran|Earth Power|p2a: Cyclizar\n|-damage|p2a: Cyclizar|0 fnt\n|faint|p2a: Cyclizar\n|\n|upkeep\n|\n|t:|1698358537\n|switch|p2a: Zacian|Zacian|100\/100\n|-ability|p2a: Zacian|Intrepid Sword|boost\n|-boost|p2a: Zacian|atk|1\n|turn|19\n|\n|t:|1698358544\n|-terastallize|p1a: Heatran|Bug\n|move|p2a: Zacian|Close Combat|p1a: Heatran\n|-resisted|p1a: Heatran\n|-damage|p1a: Heatran|56\/100\n|-unboost|p2a: Zacian|def|1\n|-unboost|p2a: Zacian|spd|1\n|move|p1a: Heatran|Will-O-Wisp|p2a: Zacian\n|-status|p2a: Zacian|brn\n|\n|-damage|p2a: Zacian|94\/100 brn|[from] brn\n|upkeep\n|turn|20\n|\n|t:|1698358552\n|move|p2a: Zacian|Play Rough|p1a: Heatran\n|-damage|p1a: Heatran|26\/100\n|-unboost|p1a: Heatran|atk|1\n|move|p1a: Heatran|Magma Storm|p2a: Zacian|[miss]\n|-miss|p1a: Heatran|p2a: Zacian\n|\n|-damage|p2a: Zacian|88\/100 brn|[from] brn\n|upkeep\n|turn|21\n|\n|t:|1698358559\n|switch|p1a: Alomomola|Alomomola, F|100\/100\n|-damage|p1a: Alomomola|88\/100|[from] Stealth Rock\n|move|p2a: Zacian|Play Rough|p1a: Alomomola|[miss]\n|-miss|p2a: Zacian|p1a: Alomomola\n|\n|-damage|p2a: Zacian|82\/100 brn|[from] brn\n|upkeep\n|turn|22\n|\n|t:|1698358565\n|switch|p2a: Magearna|Magearna|100\/100\n|move|p1a: Alomomola|Wish|p1a: Alomomola\n|\n|upkeep\n|turn|23\n|\n|t:|1698358568\n|move|p2a: Magearna|Spikes|p1a: Alomomola\n|-sidestart|p1: PinkScourge|Spikes\n|move|p1a: Alomomola|Flip Turn|p2a: Magearna\n|-damage|p2a: Magearna|90\/100\n|\n|t:|1698358590\n|switch|p1a: Weezing|Weezing-Galar, M|100\/100|[from] Flip Turn\n|-ability|p1a: Weezing|Neutralizing Gas\n|\n|-heal|p2a: Magearna|96\/100|[from] item: Leftovers\n|upkeep\n|turn|24\n|\n|t:|1698358602\n|switch|p2a: Dialga|Dialga|62\/100\n|move|p1a: Weezing|Defog|p2a: Dialga\n|-unboost|p2a: Dialga|evasion|1\n|-sideend|p1: PinkScourge|Spikes|[from] move: Defog|[of] p1a: Weezing\n|-sideend|p1: PinkScourge|Stealth Rock|[from] move: Defog|[of] p1a: Weezing\n|\n|-heal|p2a: Dialga|68\/100|[from] item: Leftovers\n|upkeep\n|turn|25\n|\n|t:|1698358610\n|move|p2a: Dialga|Stealth Rock|p1a: Weezing\n|-sidestart|p1: PinkScourge|move: Stealth Rock\n|move|p1a: Weezing|Will-O-Wisp|p2a: Dialga\n|-status|p2a: Dialga|brn\n|\n|-heal|p2a: Dialga|74\/100 brn|[from] item: Leftovers\n|-damage|p2a: Dialga|68\/100 brn|[from] brn\n|upkeep\n|turn|26\n|\n|t:|1698358617\n|move|p2a: Dialga|Flash Cannon|p1a: Weezing\n|-supereffective|p1a: Weezing\n|-damage|p1a: Weezing|0 fnt\n|faint|p1a: Weezing\n|-end|p1a: Weezing|ability: Neutralizing Gas\n|-ability|p2a: Dialga|Pressure\n|\n|-heal|p2a: Dialga|74\/100 brn|[from] item: Leftovers\n|-damage|p2a: Dialga|68\/100 brn|[from] brn\n|upkeep\n|inactive|PinkScourge has 270 seconds left.\n|\n|t:|1698358648\n|switch|p1a: Rillaboom|Rillaboom, M|100\/100\n|-damage|p1a: Rillaboom|88\/100|[from] Stealth Rock\n|-fieldstart|move: Grassy Terrain|[from] ability: Grassy Surge|[of] p1a: Rillaboom\n|turn|27\n|\n|t:|1698358658\n|switch|p2a: Magearna|Magearna|96\/100\n|move|p1a: Rillaboom|U-turn|p2a: Magearna\n|-resisted|p2a: Magearna\n|-damage|p2a: Magearna|92\/100\n|\n|t:|1698358666\n|switch|p1a: Shaymin|Shaymin-Sky|100\/100|[from] U-turn\n|-damage|p1a: Shaymin|76\/100|[from] Stealth Rock\n|\n|-heal|p2a: Magearna|98\/100|[from] Grassy Terrain\n|-heal|p2a: Magearna|100\/100|[from] item: Leftovers\n|upkeep\n|turn|28\n|\n|t:|1698358672\n|move|p1a: Shaymin|Earth Power|p2a: Magearna\n|-supereffective|p2a: Magearna\n|-damage|p2a: Magearna|47\/100\n|move|p2a: Magearna|Encore|p1a: Shaymin\n|-start|p1a: Shaymin|Encore\n|\n|-heal|p2a: Magearna|53\/100|[from] Grassy Terrain\n|-heal|p2a: Magearna|59\/100|[from] item: Leftovers\n|upkeep\n|turn|29\n|\n|t:|1698358681\n|switch|p2a: Meowscarada|Meowscarada, F|100\/100\n|move|p1a: Shaymin|Earth Power|p2a: Meowscarada\n|-resisted|p2a: Meowscarada\n|-damage|p2a: Meowscarada|75\/100\n|\n|-heal|p2a: Meowscarada|81\/100|[from] Grassy Terrain\n|upkeep\n|turn|30\n|\n|t:|1698358688\n|switch|p1a: Arceus|Arceus-Grass|94\/100\n|-damage|p1a: Arceus|82\/100|[from] Stealth Rock\n|move|p2a: Meowscarada|Knock Off|p1a: Arceus\n|-start|p2a: Meowscarada|typechange|Dark|[from] ability: Protean\n|-damage|p1a: Arceus|62\/100\n|\n|-heal|p2a: Meowscarada|88\/100|[from] Grassy Terrain\n|-heal|p1a: Arceus|68\/100|[from] Grassy Terrain\n|upkeep\n|turn|31\n|\n|t:|1698358698\n|switch|p2a: Gholdengo|Gholdengo|77\/100\n|move|p1a: Arceus|Judgment|p2a: Gholdengo\n|-resisted|p2a: Gholdengo\n|-damage|p2a: Gholdengo|53\/100\n|\n|-heal|p1a: Arceus|74\/100|[from] Grassy Terrain\n|-heal|p2a: Gholdengo|59\/100|[from] Grassy Terrain\n|upkeep\n|turn|32\n|\n|t:|1698358717\n|move|p1a: Arceus|Earth Power|p2a: Gholdengo\n|-supereffective|p2a: Gholdengo\n|-damage|p2a: Gholdengo|26\/100\n|move|p2a: Gholdengo|Recover|p2a: Gholdengo\n|-heal|p2a: Gholdengo|76\/100\n|\n|-heal|p1a: Arceus|80\/100|[from] Grassy Terrain\n|-heal|p2a: Gholdengo|82\/100|[from] Grassy Terrain\n|upkeep\n|turn|33\n|\n|t:|1698358723\n|move|p1a: Arceus|Earth Power|p2a: Gholdengo\n|-supereffective|p2a: Gholdengo\n|-damage|p2a: Gholdengo|49\/100\n|move|p2a: Gholdengo|Nasty Plot|p2a: Gholdengo\n|-boost|p2a: Gholdengo|spa|2\n|\n|-heal|p1a: Arceus|87\/100|[from] Grassy Terrain\n|-heal|p2a: Gholdengo|55\/100|[from] Grassy Terrain\n|upkeep\n|turn|34\n|\n|t:|1698358730\n|move|p1a: Arceus|Earth Power|p2a: Gholdengo\n|-supereffective|p2a: Gholdengo\n|-damage|p2a: Gholdengo|22\/100\n|move|p2a: Gholdengo|Recover|p2a: Gholdengo\n|-heal|p2a: Gholdengo|72\/100\n|\n|-heal|p1a: Arceus|93\/100|[from] Grassy Terrain\n|-heal|p2a: Gholdengo|78\/100|[from] Grassy Terrain\n|-fieldend|move: Grassy Terrain\n|upkeep\n|turn|35\n|\n|t:|1698358734\n|move|p1a: Arceus|Earth Power|p2a: Gholdengo\n|-supereffective|p2a: Gholdengo\n|-damage|p2a: Gholdengo|41\/100\n|move|p2a: Gholdengo|Shadow Ball|p1a: Arceus\n|-damage|p1a: Arceus|55\/100\n|\n|upkeep\n|turn|36\n|\n|t:|1698358741\n|move|p1a: Arceus|Earth Power|p2a: Gholdengo\n|-supereffective|p2a: Gholdengo\n|-damage|p2a: Gholdengo|3\/100\n|move|p2a: Gholdengo|Make It Rain|p1a: Arceus\n|-damage|p1a: Arceus|0 fnt\n|-unboost|p2a: Gholdengo|spa|1\n|faint|p1a: Arceus\n|\n|upkeep\n|\n|t:|1698358754\n|switch|p1a: Rillaboom|Rillaboom, M|88\/100\n|-damage|p1a: Rillaboom|76\/100|[from] Stealth Rock\n|-fieldstart|move: Grassy Terrain|[from] ability: Grassy Surge|[of] p1a: Rillaboom\n|turn|37\n|\n|t:|1698358761\n|switch|p2a: Dialga|Dialga|68\/100 brn\n|-ability|p2a: Dialga|Pressure\n|move|p1a: Rillaboom|Grassy Glide|p2a: Dialga\n|-resisted|p2a: Dialga\n|-damage|p2a: Dialga|61\/100 brn\n|\n|-heal|p2a: Dialga|67\/100 brn|[from] Grassy Terrain\n|-heal|p2a: Dialga|73\/100 brn|[from] item: Leftovers\n|-heal|p1a: Rillaboom|82\/100|[from] Grassy Terrain\n|-damage|p2a: Dialga|67\/100 brn|[from] brn\n|upkeep\n|turn|38\n|\n|t:|1698358771\n|move|p1a: Rillaboom|U-turn|p2a: Dialga\n|-resisted|p2a: Dialga\n|-damage|p2a: Dialga|58\/100 brn\n|\n|t:|1698358773\n|switch|p1a: Alomomola|Alomomola, F|100\/100|[from] U-turn\n|-damage|p1a: Alomomola|88\/100|[from] Stealth Rock\n|move|p2a: Dialga|Roar|p1a: Alomomola\n|drag|p1a: Heatran|Heatran, M, tera:Bug|26\/100\n|-damage|p1a: Heatran|1\/100|[from] Stealth Rock\n|\n|-heal|p2a: Dialga|64\/100 brn|[from] Grassy Terrain\n|-heal|p2a: Dialga|70\/100 brn|[from] item: Leftovers\n|-heal|p1a: Heatran|7\/100|[from] Grassy Terrain\n|-damage|p2a: Dialga|64\/100 brn|[from] brn\n|upkeep\n|turn|39\n|\n|t:|1698358784\n|move|p2a: Dialga|Flash Cannon|p1a: Heatran\n|-crit|p1a: Heatran\n|-damage|p1a: Heatran|0 fnt\n|faint|p1a: Heatran\n|\n|-heal|p2a: Dialga|70\/100 brn|[from] Grassy Terrain\n|-heal|p2a: Dialga|76\/100 brn|[from] item: Leftovers\n|-damage|p2a: Dialga|70\/100 brn|[from] brn\n|upkeep\n|\n|t:|1698358787\n|switch|p1a: Alomomola|Alomomola, F|100\/100\n|-damage|p1a: Alomomola|88\/100|[from] Stealth Rock\n|turn|40\n|\n|t:|1698358797\n|move|p2a: Dialga|Flash Cannon|p1a: Alomomola\n|-resisted|p1a: Alomomola\n|-damage|p1a: Alomomola|69\/100\n|move|p1a: Alomomola|Wish|p1a: Alomomola\n|\n|-heal|p2a: Dialga|76\/100 brn|[from] Grassy Terrain\n|-heal|p2a: Dialga|83\/100 brn|[from] item: Leftovers\n|-heal|p1a: Alomomola|75\/100|[from] Grassy Terrain\n|-damage|p2a: Dialga|76\/100 brn|[from] brn\n|upkeep\n|turn|41\n|\n|t:|1698358806\n|move|p1a: Alomomola|Flip Turn|p2a: Dialga\n|-resisted|p2a: Dialga\n|-damage|p2a: Dialga|71\/100 brn\n|\n|t:|1698358811\n|switch|p1a: Shaymin|Shaymin-Sky|76\/100|[from] Flip Turn\n|-damage|p1a: Shaymin|51\/100|[from] Stealth Rock\n|move|p2a: Dialga|Roar|p1a: Shaymin\n|drag|p1a: Rillaboom|Rillaboom, M|82\/100\n|-damage|p1a: Rillaboom|70\/100|[from] Stealth Rock\n|\n|-heal|p1a: Rillaboom|100\/100|[from] move: Wish|[wisher] Alomomola\n|-heal|p2a: Dialga|77\/100 brn|[from] Grassy Terrain\n|-heal|p2a: Dialga|83\/100 brn|[from] item: Leftovers\n|-damage|p2a: Dialga|77\/100 brn|[from] brn\n|upkeep\n|turn|42\n|\n|t:|1698358824\n|move|p2a: Dialga|Flash Cannon|p1a: Rillaboom\n|-damage|p1a: Rillaboom|52\/100\n|move|p1a: Rillaboom|U-turn|p2a: Dialga\n|-resisted|p2a: Dialga\n|-damage|p2a: Dialga|68\/100 brn\n|\n|t:|1698358828\n|switch|p1a: Alomomola|Alomomola, F|100\/100|[from] U-turn\n|-damage|p1a: Alomomola|88\/100|[from] Stealth Rock\n|\n|-heal|p2a: Dialga|74\/100 brn|[from] Grassy Terrain\n|-heal|p2a: Dialga|80\/100 brn|[from] item: Leftovers\n|-heal|p1a: Alomomola|94\/100|[from] Grassy Terrain\n|-damage|p2a: Dialga|74\/100 brn|[from] brn\n|upkeep\n|turn|43\n|\n|t:|1698358838\n|switch|p2a: Gholdengo|Gholdengo|3\/100\n|move|p1a: Alomomola|Wish|p1a: Alomomola\n|\n|-heal|p2a: Gholdengo|9\/100|[from] Grassy Terrain\n|-heal|p1a: Alomomola|100\/100|[from] Grassy Terrain\n|upkeep\n|turn|44\n|\n|t:|1698358842\n|move|p2a: Gholdengo|Recover|p2a: Gholdengo\n|-heal|p2a: Gholdengo|59\/100\n|move|p1a: Alomomola|Flip Turn|p2a: Gholdengo\n|-damage|p2a: Gholdengo|42\/100\n|\n|t:|1698358846\n|switch|p1a: Shaymin|Shaymin-Sky|51\/100|[from] Flip Turn\n|-damage|p1a: Shaymin|26\/100|[from] Stealth Rock\n|\n|-heal|p1a: Shaymin|96\/100|[from] move: Wish|[wisher] Alomomola\n|-heal|p2a: Gholdengo|48\/100|[from] Grassy Terrain\n|-fieldend|move: Grassy Terrain\n|upkeep\n|turn|45\n|inactive|Leo Justice has 270 seconds left.\n|\n|t:|1698358885\n|switch|p2a: Zacian|Zacian|82\/100 brn\n|move|p1a: Shaymin|Air Slash|p2a: Zacian\n|-damage|p2a: Zacian|40\/100 brn\n|\n|-damage|p2a: Zacian|34\/100 brn|[from] brn\n|upkeep\n|turn|46\n|\n|t:|1698358890\n|move|p1a: Shaymin|Air Slash|p2a: Zacian\n|-damage|p2a: Zacian|0 fnt\n|faint|p2a: Zacian\n|\n|upkeep\n|\n|t:|1698358896\n|switch|p2a: Magearna|Magearna|59\/100\n|turn|47\n|\n|t:|1698358901\n|move|p1a: Shaymin|Air Slash|p2a: Magearna\n|-resisted|p2a: Magearna\n|-damage|p2a: Magearna|43\/100\n|move|p2a: Magearna|Draining Kiss|p1a: Shaymin\n|-damage|p1a: Shaymin|69\/100\n|-heal|p2a: Magearna|63\/100|[from] drain|[of] p1a: Shaymin\n|\n|-heal|p2a: Magearna|69\/100|[from] item: Leftovers\n|upkeep\n|turn|48\n|\n|t:|1698358907\n|move|p1a: Shaymin|Air Slash|p2a: Magearna\n|-resisted|p2a: Magearna\n|-damage|p2a: Magearna|52\/100\n|move|p2a: Magearna|Draining Kiss|p1a: Shaymin\n|-damage|p1a: Shaymin|40\/100\n|-heal|p2a: Magearna|72\/100|[from] drain|[of] p1a: Shaymin\n|\n|-heal|p2a: Magearna|78\/100|[from] item: Leftovers\n|upkeep\n|turn|49\n|\n|t:|1698358915\n|switch|p1a: Alomomola|Alomomola, F|100\/100\n|-damage|p1a: Alomomola|88\/100|[from] Stealth Rock\n|move|p2a: Magearna|Volt Switch|p1a: Alomomola\n|-supereffective|p1a: Alomomola\n|-damage|p1a: Alomomola|52\/100\n|\n|t:|1698358921\n|switch|p2a: Meowscarada|Meowscarada, F|88\/100|[from] Volt Switch\n|\n|upkeep\n|turn|50\n|\n|t:|1698358928\n|move|p1a: Alomomola|Protect|p1a: Alomomola\n|-singleturn|p1a: Alomomola|Protect\n|move|p2a: Meowscarada|Flower Trick|p1a: Alomomola\n|-start|p2a: Meowscarada|typechange|Grass|[from] ability: Protean\n|-activate|p1a: Alomomola|move: Protect\n|\n|upkeep\n|turn|51\n|\n|t:|1698358934\n|switch|p1a: Rillaboom|Rillaboom, M|52\/100\n|-damage|p1a: Rillaboom|40\/100|[from] Stealth Rock\n|-fieldstart|move: Grassy Terrain|[from] ability: Grassy Surge|[of] p1a: Rillaboom\n|move|p2a: Meowscarada|Flower Trick|p1a: Rillaboom\n|-resisted|p1a: Rillaboom\n|-crit|p1a: Rillaboom\n|-damage|p1a: Rillaboom|9\/100\n|\n|-heal|p2a: Meowscarada|94\/100|[from] Grassy Terrain\n|-heal|p1a: Rillaboom|15\/100|[from] Grassy Terrain\n|upkeep\n|turn|52\n|\n|t:|1698358944\n|move|p2a: Meowscarada|Flower Trick|p1a: Rillaboom\n|-resisted|p1a: Rillaboom\n|-crit|p1a: Rillaboom\n|-damage|p1a: Rillaboom|0 fnt\n|faint|p1a: Rillaboom\n|\n|-heal|p2a: Meowscarada|99\/100|[from] Grassy Terrain\n|upkeep\n|\n|t:|1698358947\n|switch|p1a: Shaymin|Shaymin-Sky|40\/100\n|-damage|p1a: Shaymin|15\/100|[from] Stealth Rock\n|turn|53\n|\n|t:|1698358956\n|switch|p2a: Magearna|Magearna|78\/100\n|move|p1a: Shaymin|Air Slash|p2a: Magearna\n|-resisted|p2a: Magearna\n|-damage|p2a: Magearna|62\/100\n|\n|-heal|p2a: Magearna|68\/100|[from] Grassy Terrain\n|-heal|p2a: Magearna|74\/100|[from] item: Leftovers\n|upkeep\n|turn|54\n|\n|t:|1698358961\n|move|p1a: Shaymin|Air Slash|p2a: Magearna\n|-resisted|p2a: Magearna\n|-damage|p2a: Magearna|58\/100\n|move|p2a: Magearna|Draining Kiss|p1a: Shaymin\n|-damage|p1a: Shaymin|0 fnt\n|-heal|p2a: Magearna|69\/100|[from] drain|[of] p1a: Shaymin\n|faint|p1a: Shaymin\n|-ability|p2a: Magearna|Soul-Heart|boost\n|-boost|p2a: Magearna|spa|1\n|\n|-heal|p2a: Magearna|75\/100|[from] Grassy Terrain\n|-heal|p2a: Magearna|81\/100|[from] item: Leftovers\n|upkeep\n|\n|t:|1698358964\n|switch|p1a: Alomomola|Alomomola, F|86\/100\n|-damage|p1a: Alomomola|73\/100|[from] Stealth Rock\n|turn|55\n|c|\u2606PinkScourge|GG\n|\n|t:|1698358968\n|move|p2a: Magearna|Draining Kiss|p1a: Alomomola\n|-damage|p1a: Alomomola|45\/100\n|-heal|p2a: Magearna|100\/100|[from] drain|[of] p1a: Alomomola\n|-damage|p2a: Magearna|84\/100|[from] item: Rocky Helmet|[of] p1a: Alomomola\n|move|p1a: Alomomola|Mirror Coat|p2a: Magearna\n|-damage|p2a: Magearna|11\/100\n|\n|-heal|p2a: Magearna|17\/100|[from] Grassy Terrain\n|-heal|p2a: Magearna|23\/100|[from] item: Leftovers\n|-heal|p1a: Alomomola|52\/100|[from] Grassy Terrain\n|upkeep\n|turn|56\n|c|\u2606Leo Justice|gg\n|c|\u2606Leo Justice|skymin sucks\n|c|\u2606Leo Justice|Skymid\n|\n|t:|1698358977\n|move|p2a: Magearna|Volt Switch|p1a: Alomomola\n|-supereffective|p1a: Alomomola\n|-damage|p1a: Alomomola|0 fnt\n|faint|p1a: Alomomola\n|\n|win|Leo Justice\n|c|\u2606PinkScourge|WP\n|l|\u2606PinkScourge\n","uploadtime":1698358986,"views":20,"p1id":"pinkscourge","p2id":"leojustice","formatid":"gen9ubers","rating":0,"private":0,"password":""}