{"id":"gen9ubers-1980739897","p1":"a bit moody","p2":"lolgz","format":"[Gen 9] Ubers","log":"|j|\u2606a bit moody\n|j|\u2606lolgz\n|t:|1698823307\n|gametype|singles\n|player|p1|a bit moody|170|\n|player|p2|lolgz|266|\n|teamsize|p1|6\n|teamsize|p2|6\n|gen|9\n|tier|[Gen 9] Ubers\n|rule|Sleep Clause Mod: Limit one foe put to sleep\n|rule|Species Clause: Limit one of each Pok\u00e9mon\n|rule|OHKO Clause: OHKO moves are banned\n|rule|Evasion Items Clause: Evasion items are banned\n|rule|Evasion Moves Clause: Evasion moves are banned\n|rule|Endless Battle Clause: Forcing endless battles is banned\n|rule|HP Percentage Mod: HP is shown in percentages\n|clearpoke\n|poke|p1|Arceus-Poison|\n|poke|p1|Blissey, F|\n|poke|p1|Dondozo, M|\n|poke|p1|Gliscor, M|\n|poke|p1|Giratina|\n|poke|p1|Dialga|\n|poke|p2|Magearna|\n|poke|p2|Zacian-*|\n|poke|p2|Cyclizar, M|\n|poke|p2|Palkia-Origin|\n|poke|p2|Arceus-Fire|\n|poke|p2|Garchomp, M|\n|teampreview\n|inactive|Battle timer is ON: inactive players will automatically lose when time's up. (requested by lolgz)\n|\n|t:|1698823337\n|start\n|switch|p1a: Arceus|Arceus-Poison|100\/100\n|switch|p2a: Magearna|Magearna|100\/100\n|turn|1\n|inactive|lolgz has 270 seconds left.\n|\n|t:|1698823379\n|move|p1a: Arceus|Cosmic Power|p1a: Arceus\n|-boost|p1a: Arceus|def|1\n|-boost|p1a: Arceus|spd|1\n|move|p2a: Magearna|Shift Gear|p2a: Magearna\n|-boost|p2a: Magearna|spe|2\n|-boost|p2a: Magearna|atk|1\n|\n|upkeep\n|turn|2\n|\n|t:|1698823392\n|switch|p2a: Garchomp|Garchomp, M|100\/100\n|move|p1a: Arceus|Cosmic Power|p1a: Arceus\n|-boost|p1a: Arceus|def|1\n|-boost|p1a: Arceus|spd|1\n|\n|upkeep\n|turn|3\n|\n|t:|1698823399\n|-terastallize|p1a: Arceus|Psychic\n|-terastallize|p2a: Garchomp|Steel\n|move|p1a: Arceus|Cosmic Power|p1a: Arceus\n|-boost|p1a: Arceus|def|1\n|-boost|p1a: Arceus|spd|1\n|move|p2a: Garchomp|Swords Dance|p2a: Garchomp\n|-boost|p2a: Garchomp|atk|2\n|\n|upkeep\n|turn|4\n|\n|t:|1698823405\n|move|p1a: Arceus|Body Press|p2a: Garchomp\n|-supereffective|p2a: Garchomp\n|-damage|p2a: Garchomp|0 fnt\n|-damage|p1a: Arceus|88\/100|[from] ability: Rough Skin|[of] p2a: Garchomp\n|faint|p2a: Garchomp\n|\n|upkeep\n|\n|t:|1698823408\n|switch|p2a: Zacian|Zacian|100\/100\n|-ability|p2a: Zacian|Intrepid Sword|boost\n|-boost|p2a: Zacian|atk|1\n|turn|5\n|\n|t:|1698823411\n|move|p2a: Zacian|Crunch|p1a: Arceus\n|-supereffective|p1a: Arceus\n|-damage|p1a: Arceus|58\/100\n|move|p1a: Arceus|Cosmic Power|p1a: Arceus\n|-boost|p1a: Arceus|def|1\n|-boost|p1a: Arceus|spd|1\n|\n|upkeep\n|turn|6\n|\n|t:|1698823416\n|move|p2a: Zacian|Crunch|p1a: Arceus\n|-supereffective|p1a: Arceus\n|-damage|p1a: Arceus|34\/100\n|move|p1a: Arceus|Recover|p1a: Arceus\n|-heal|p1a: Arceus|84\/100\n|\n|upkeep\n|turn|7\n|\n|t:|1698823421\n|move|p2a: Zacian|Crunch|p1a: Arceus\n|-supereffective|p1a: Arceus\n|-damage|p1a: Arceus|57\/100\n|move|p1a: Arceus|Cosmic Power|p1a: Arceus\n|-boost|p1a: Arceus|def|1\n|-boost|p1a: Arceus|spd|1\n|\n|upkeep\n|turn|8\n|\n|t:|1698823424\n|move|p2a: Zacian|Crunch|p1a: Arceus\n|-supereffective|p1a: Arceus\n|-damage|p1a: Arceus|34\/100\n|move|p1a: Arceus|Cosmic Power|p1a: Arceus\n|-boost|p1a: Arceus|def|1\n|-boost|p1a: Arceus|spd|1\n|\n|upkeep\n|turn|9\n|\n|t:|1698823427\n|move|p2a: Zacian|Crunch|p1a: Arceus\n|-supereffective|p1a: Arceus\n|-damage|p1a: Arceus|15\/100\n|move|p1a: Arceus|Recover|p1a: Arceus\n|-heal|p1a: Arceus|65\/100\n|\n|upkeep\n|turn|10\n|\n|t:|1698823429\n|move|p2a: Zacian|Crunch|p1a: Arceus\n|-supereffective|p1a: Arceus\n|-damage|p1a: Arceus|44\/100\n|move|p1a: Arceus|Recover|p1a: Arceus\n|-heal|p1a: Arceus|94\/100\n|\n|upkeep\n|turn|11\n|\n|t:|1698823432\n|move|p2a: Zacian|Crunch|p1a: Arceus\n|-supereffective|p1a: Arceus\n|-damage|p1a: Arceus|73\/100\n|-unboost|p1a: Arceus|def|1\n|move|p1a: Arceus|Stored Power|p2a: Zacian\n|-damage|p2a: Zacian|8\/100\n|\n|upkeep\n|turn|12\n|\n|t:|1698823444\n|move|p2a: Zacian|Crunch|p1a: Arceus\n|-supereffective|p1a: Arceus\n|-damage|p1a: Arceus|48\/100\n|move|p1a: Arceus|Recover|p1a: Arceus\n|-heal|p1a: Arceus|98\/100\n|\n|upkeep\n|turn|13\n|\n|t:|1698823450\n|move|p2a: Zacian|Crunch|p1a: Arceus\n|-supereffective|p1a: Arceus\n|-damage|p1a: Arceus|75\/100\n|-unboost|p1a: Arceus|def|1\n|move|p1a: Arceus|Stored Power|p2a: Zacian\n|-damage|p2a: Zacian|0 fnt\n|faint|p2a: Zacian\n|\n|upkeep\n|\n|t:|1698823463\n|switch|p2a: Magearna|Magearna|100\/100\n|turn|14\n|\n|t:|1698823467\n|move|p1a: Arceus|Body Press|p2a: Magearna\n|-damage|p2a: Magearna|63\/100\n|move|p2a: Magearna|Stored Power|p1a: Arceus\n|-resisted|p1a: Arceus\n|-damage|p1a: Arceus|75\/100\n|\n|-heal|p2a: Magearna|69\/100|[from] item: Leftovers\n|upkeep\n|turn|15\n|inactive|lolgz has 270 seconds left.\n|\n|t:|1698823498\n|move|p1a: Arceus|Cosmic Power|p1a: Arceus\n|-boost|p1a: Arceus|def|1\n|-boost|p1a: Arceus|spd|0\n|move|p2a: Magearna|Shift Gear|p2a: Magearna\n|-boost|p2a: Magearna|spe|2\n|-boost|p2a: Magearna|atk|1\n|\n|-heal|p2a: Magearna|75\/100|[from] item: Leftovers\n|upkeep\n|turn|16\n|\n|t:|1698823504\n|move|p1a: Arceus|Cosmic Power|p1a: Arceus\n|-boost|p1a: Arceus|def|1\n|-boost|p1a: Arceus|spd|0\n|move|p2a: Magearna|Shift Gear|p2a: Magearna\n|-boost|p2a: Magearna|spe|2\n|-boost|p2a: Magearna|atk|1\n|\n|-heal|p2a: Magearna|81\/100|[from] item: Leftovers\n|upkeep\n|turn|17\n|\n|t:|1698823511\n|move|p2a: Magearna|Calm Mind|p2a: Magearna\n|-boost|p2a: Magearna|spa|1\n|-boost|p2a: Magearna|spd|1\n|move|p1a: Arceus|Body Press|p2a: Magearna\n|-damage|p2a: Magearna|30\/100\n|\n|-heal|p2a: Magearna|36\/100|[from] item: Leftovers\n|upkeep\n|turn|18\n|\n|t:|1698823516\n|move|p2a: Magearna|Draining Kiss|p1a: Arceus\n|-damage|p1a: Arceus|70\/100\n|-heal|p2a: Magearna|40\/100|[from] drain|[of] p1a: Arceus\n|move|p1a: Arceus|Body Press|p2a: Magearna\n|-damage|p2a: Magearna|0 fnt\n|faint|p2a: Magearna\n|\n|upkeep\n|\n|t:|1698823522\n|switch|p2a: Arceus|Arceus-Fire|100\/100\n|turn|19\n|\n|t:|1698823525\n|move|p1a: Arceus|Stored Power|p2a: Arceus\n|-damage|p2a: Arceus|27\/100\n|move|p2a: Arceus|Wild Charge|p1a: Arceus\n|-damage|p1a: Arceus|64\/100\n|-damage|p2a: Arceus|25\/100|[from] Recoil\n|\n|upkeep\n|turn|20\n|\n|t:|1698823531\n|move|p1a: Arceus|Stored Power|p2a: Arceus\n|-damage|p2a: Arceus|0 fnt\n|faint|p2a: Arceus\n|\n|upkeep\n|\n|t:|1698823533\n|switch|p2a: Cyclizar|Cyclizar, M|100\/100\n|turn|21\n|\n|t:|1698823537\n|move|p2a: Cyclizar|Draco Meteor|p1a: Arceus\n|-damage|p1a: Arceus|58\/100\n|-unboost|p2a: Cyclizar|spa|2\n|move|p1a: Arceus|Body Press|p2a: Cyclizar\n|-supereffective|p2a: Cyclizar\n|-damage|p2a: Cyclizar|0 fnt\n|faint|p2a: Cyclizar\n|\n|upkeep\n|\n|t:|1698823541\n|switch|p2a: Palkia|Palkia-Origin|100\/100\n|-ability|p2a: Palkia|Pressure\n|turn|22\n|\n|t:|1698823543\n|move|p1a: Arceus|Stored Power|p2a: Palkia\n|-damage|p2a: Palkia|10\/100\n|move|p2a: Palkia|Hydro Pump|p1a: Arceus\n|-damage|p1a: Arceus|46\/100\n|\n|upkeep\n|turn|23\n|\n|t:|1698823546\n|move|p1a: Arceus|Body Press|p2a: Palkia\n|-damage|p2a: Palkia|0 fnt\n|faint|p2a: Palkia\n|\n|win|a bit moody\n","uploadtime":1698823550,"views":17,"p1id":"abitmoody","p2id":"lolgz","formatid":"gen9ubers","rating":0,"private":0,"password":""}