{"id":"gen9ubers-1969837687","p1":"1P1o1s1h1e1","p2":"ballstrecher69","format":"[Gen 9] Ubers","log":"|j|\u26061P1o1s1h1e1\n|j|\u2606ballstrecher69\n|t:|1697569211\n|gametype|singles\n|player|p1|1P1o1s1h1e1|1|\n|player|p2|ballstrecher69|ruinmaniac|\n|teamsize|p1|6\n|teamsize|p2|6\n|gen|9\n|tier|[Gen 9] Ubers\n|rule|Sleep Clause Mod: Limit one foe put to sleep\n|rule|Species Clause: Limit one of each Pok\u00e9mon\n|rule|OHKO Clause: OHKO moves are banned\n|rule|Evasion Items Clause: Evasion items are banned\n|rule|Evasion Moves Clause: Evasion moves are banned\n|rule|Endless Battle Clause: Forcing endless battles is banned\n|rule|HP Percentage Mod: HP is shown in percentages\n|clearpoke\n|poke|p1|Arceus-Rock|\n|poke|p1|Hippowdon, F|\n|poke|p1|Garchomp, F|\n|poke|p1|Magearna|\n|poke|p1|Houndstone, F|\n|poke|p1|Cyclizar, F|\n|poke|p2|Gliscor, M|\n|poke|p2|Empoleon, F|\n|poke|p2|Arceus-Fire|\n|poke|p2|Zacian-*|\n|poke|p2|Palkia|\n|poke|p2|Dialga|\n|teampreview\n|inactive|Battle timer is ON: inactive players will automatically lose when time's up. (requested by ballstrecher69)\n|\n|t:|1697569237\n|start\n|switch|p1a: Cyclizar|Cyclizar, F|100\/100\n|switch|p2a: Zacian|Zacian|100\/100\n|-ability|p2a: Zacian|Intrepid Sword|boost\n|-boost|p2a: Zacian|atk|1\n|turn|1\n|\n|t:|1697569245\n|switch|p1a: Hippowdon|Hippowdon, F|100\/100\n|-weather|Sandstorm|[from] ability: Sand Stream|[of] p1a: Hippowdon\n|move|p2a: Zacian|Sacred Sword|p1a: Hippowdon\n|-damage|p1a: Hippowdon|80\/100\n|\n|-weather|Sandstorm|[upkeep]\n|-damage|p2a: Zacian|94\/100|[from] Sandstorm\n|upkeep\n|turn|2\n|\n|t:|1697569255\n|switch|p2a: Gliscor|Gliscor, M|100\/100\n|move|p1a: Hippowdon|Stealth Rock|p2a: Gliscor\n|-sidestart|p2: ballstrecher69|move: Stealth Rock\n|\n|-weather|Sandstorm|[upkeep]\n|-status|p2a: Gliscor|tox|[from] item: Toxic Orb\n|upkeep\n|turn|3\n|\n|t:|1697569269\n|switch|p1a: Magearna|Magearna|100\/100\n|move|p2a: Gliscor|Stealth Rock|p1a: Magearna\n|-sidestart|p1: 1P1o1s1h1e1|move: Stealth Rock\n|\n|-weather|Sandstorm|[upkeep]\n|upkeep\n|turn|4\n|\n|t:|1697569287\n|switch|p1a: Cyclizar|Cyclizar, F|100\/100\n|move|p2a: Gliscor|Knock Off|p1a: Cyclizar\n|-damage|p1a: Cyclizar|62\/100\n|-enditem|p1a: Cyclizar|Heavy-Duty Boots|[from] move: Knock Off|[of] p2a: Gliscor\n|\n|-weather|Sandstorm|[upkeep]\n|-damage|p1a: Cyclizar|56\/100|[from] Sandstorm\n|upkeep\n|turn|5\n|\n|t:|1697569300\n|move|p1a: Cyclizar|Shed Tail|p1a: Cyclizar\n|-start|p1a: Cyclizar|Substitute|[from] move: Shed Tail\n|-damage|p1a: Cyclizar|6\/100\n|\n|t:|1697569304\n|switch|p1a: Garchomp|Garchomp, F|100\/100|[from] Shed Tail\n|-damage|p1a: Garchomp|94\/100|[from] Stealth Rock\n|move|p2a: Gliscor|Earthquake|p1a: Garchomp\n|-end|p1a: Garchomp|Substitute\n|\n|-weather|Sandstorm|[upkeep]\n|upkeep\n|turn|6\n|\n|t:|1697569321\n|move|p1a: Garchomp|Scale Shot|p2a: Gliscor\n|-damage|p2a: Gliscor|88\/100 tox\n|-damage|p2a: Gliscor|75\/100 tox\n|-damage|p2a: Gliscor|62\/100 tox\n|-damage|p2a: Gliscor|50\/100 tox\n|-damage|p2a: Gliscor|36\/100 tox\n|-hitcount|p2a: Gliscor|5\n|-unboost|p1a: Garchomp|def|1\n|-boost|p1a: Garchomp|spe|1\n|move|p2a: Gliscor|Knock Off|p1a: Garchomp\n|-damage|p1a: Garchomp|52\/100\n|-enditem|p1a: Garchomp|Loaded Dice|[from] move: Knock Off|[of] p2a: Gliscor\n|\n|-weather|Sandstorm|[upkeep]\n|-heal|p2a: Gliscor|49\/100 tox|[from] ability: Poison Heal\n|upkeep\n|turn|7\n|\n|t:|1697569345\n|move|p1a: Garchomp|Scale Shot|p2a: Gliscor\n|-damage|p2a: Gliscor|34\/100 tox\n|-damage|p2a: Gliscor|21\/100 tox\n|-damage|p2a: Gliscor|6\/100 tox\n|-damage|p2a: Gliscor|0 fnt\n|faint|p2a: Gliscor\n|-hitcount|p2: Gliscor|4\n|-unboost|p1a: Garchomp|def|1\n|-boost|p1a: Garchomp|spe|1\n|\n|-weather|Sandstorm|[upkeep]\n|upkeep\n|\n|t:|1697569357\n|switch|p2a: Zacian|Zacian|94\/100\n|-damage|p2a: Zacian|82\/100|[from] Stealth Rock\n|turn|8\n|\n|t:|1697569361\n|move|p1a: Garchomp|Iron Head|p2a: Zacian\n|-supereffective|p2a: Zacian\n|-damage|p2a: Zacian|34\/100\n|-enditem|p2a: Zacian|Sitrus Berry|[eat]\n|-heal|p2a: Zacian|59\/100|[from] item: Sitrus Berry\n|move|p2a: Zacian|Iron Head|p1a: Garchomp\n|-damage|p1a: Garchomp|7\/100\n|\n|-weather|none\n|upkeep\n|turn|9\n|c|\u26061P1o1s1h1e1|wow lmao\n|c|\u26061P1o1s1h1e1|how did it live that\n|\n|t:|1697569378\n|-terastallize|p1a: Garchomp|Steel\n|move|p2a: Zacian|Quick Attack|p1a: Garchomp\n|-resisted|p1a: Garchomp\n|-damage|p1a: Garchomp|0 fnt\n|faint|p1a: Garchomp\n|\n|upkeep\n|c|\u26061P1o1s1h1e1|aw\n|c|\u26061P1o1s1h1e1|lol\n|c|\u2606ballstrecher69|sorry lol\n|\n|t:|1697569391\n|switch|p1a: Hippowdon|Hippowdon, F|80\/100\n|-damage|p1a: Hippowdon|73\/100|[from] Stealth Rock\n|-weather|Sandstorm|[from] ability: Sand Stream|[of] p1a: Hippowdon\n|turn|10\n|\n|t:|1697569395\n|move|p2a: Zacian|Play Rough|p1a: Hippowdon\n|-damage|p1a: Hippowdon|51\/100\n|move|p1a: Hippowdon|Slack Off|p1a: Hippowdon\n|-heal|p1a: Hippowdon|100\/100\n|\n|-weather|Sandstorm|[upkeep]\n|-damage|p2a: Zacian|53\/100|[from] Sandstorm\n|upkeep\n|turn|11\n|c|\u26061P1o1s1h1e1|nah it's funny wasn't expecting quick attack lmao\n|\n|t:|1697569409\n|switch|p2a: Empoleon|Empoleon, F|100\/100\n|-damage|p2a: Empoleon|94\/100|[from] Stealth Rock\n|move|p1a: Hippowdon|Earthquake|p2a: Empoleon\n|-supereffective|p2a: Empoleon\n|-damage|p2a: Empoleon|39\/100\n|-enditem|p2a: Empoleon|Sitrus Berry|[eat]\n|-heal|p2a: Empoleon|64\/100|[from] item: Sitrus Berry\n|\n|-weather|Sandstorm|[upkeep]\n|upkeep\n|turn|12\n|c|\u26061P1o1s1h1e1|the thing im more concerned about is all the sitrus berries haha\n|c|\u2606ballstrecher69|I usually run leftovers\n|\n|t:|1697569434\n|switch|p1a: Magearna|Magearna|100\/100\n|-damage|p1a: Magearna|94\/100|[from] Stealth Rock\n|move|p2a: Empoleon|Surf|p1a: Magearna\n|-damage|p1a: Magearna|73\/100\n|\n|-weather|Sandstorm|[upkeep]\n|-heal|p1a: Magearna|79\/100|[from] item: Leftovers\n|upkeep\n|turn|13\n|c|\u2606ballstrecher69|but this tier is so offensive\n|\n|t:|1697569443\n|move|p1a: Magearna|Thunder Wave|p2a: Empoleon\n|-status|p2a: Empoleon|par\n|move|p2a: Empoleon|Roar|p1a: Magearna\n|drag|p1a: Cyclizar|Cyclizar, F|39\/100\n|-damage|p1a: Cyclizar|27\/100|[from] Stealth Rock\n|\n|-weather|Sandstorm|[upkeep]\n|-damage|p1a: Cyclizar|21\/100|[from] Sandstorm\n|upkeep\n|turn|14\n|j| ThePlumber7\n|\n|t:|1697569455\n|move|p1a: Cyclizar|Rapid Spin|p2a: Empoleon\n|-resisted|p2a: Empoleon\n|-damage|p2a: Empoleon|58\/100 par\n|-boost|p1a: Cyclizar|spe|1\n|-sideend|p1: 1P1o1s1h1e1|Stealth Rock|[from] move: Rapid Spin|[of] p1a: Cyclizar\n|move|p2a: Empoleon|Surf|p1a: Cyclizar\n|-resisted|p1a: Cyclizar\n|-damage|p1a: Cyclizar|0 fnt\n|faint|p1a: Cyclizar\n|\n|-weather|Sandstorm|[upkeep]\n|upkeep\n|l| ThePlumber7\n|c|\u2606ballstrecher69|I can't really use them\n|j| ThePlumber7\n|\n|t:|1697569468\n|switch|p1a: Hippowdon|Hippowdon, F|100\/100\n|turn|15\n|\n|t:|1697569474\n|-terastallize|p2a: Empoleon|Water\n|move|p1a: Hippowdon|Earthquake|p2a: Empoleon\n|-damage|p2a: Empoleon|28\/100 par\n|move|p2a: Empoleon|Roost|p2a: Empoleon\n|-heal|p2a: Empoleon|78\/100 par\n|\n|-weather|Sandstorm|[upkeep]\n|-damage|p2a: Empoleon|71\/100 par|[from] Sandstorm\n|upkeep\n|turn|16\n|l| ThePlumber7\n|\n|t:|1697569479\n|switch|p1a: Magearna|Magearna|79\/100\n|move|p2a: Empoleon|Grass Knot|p1a: Magearna\n|-resisted|p1a: Magearna\n|-damage|p1a: Magearna|73\/100\n|\n|-weather|Sandstorm|[upkeep]\n|-damage|p2a: Empoleon|65\/100 par|[from] Sandstorm\n|-heal|p1a: Magearna|79\/100|[from] item: Leftovers\n|upkeep\n|turn|17\n|\n|t:|1697569486\n|move|p1a: Magearna|Spikes|p2a: Empoleon\n|-sidestart|p2: ballstrecher69|Spikes\n|cant|p2a: Empoleon|par\n|\n|-weather|none\n|-heal|p1a: Magearna|85\/100|[from] item: Leftovers\n|upkeep\n|turn|18\n|\n|t:|1697569490\n|move|p1a: Magearna|Spikes|p2a: Empoleon\n|-sidestart|p2: ballstrecher69|Spikes\n|move|p2a: Empoleon|Surf|p1a: Magearna\n|-damage|p1a: Magearna|58\/100\n|\n|-heal|p1a: Magearna|64\/100|[from] item: Leftovers\n|upkeep\n|turn|19\n|c|\u2606ballstrecher69|so much twave in my testing\n|\n|t:|1697569503\n|move|p1a: Magearna|Spikes|p2a: Empoleon\n|-sidestart|p2: ballstrecher69|Spikes\n|move|p2a: Empoleon|Surf|p1a: Magearna\n|-damage|p1a: Magearna|34\/100\n|\n|-heal|p1a: Magearna|40\/100|[from] item: Leftovers\n|upkeep\n|turn|20\n|c|\u26061P1o1s1h1e1|twave is strong for sure\n|\n|t:|1697569524\n|move|p1a: Magearna|Draining Kiss|p2a: Empoleon\n|-damage|p2a: Empoleon|48\/100 par\n|-heal|p1a: Magearna|53\/100|[from] drain|[of] p2a: Empoleon\n|move|p2a: Empoleon|Surf|p1a: Magearna\n|-damage|p1a: Magearna|24\/100\n|\n|-heal|p1a: Magearna|30\/100|[from] item: Leftovers\n|upkeep\n|turn|21\n|\n|t:|1697569536\n|switch|p1a: Hippowdon|Hippowdon, F|100\/100\n|-weather|Sandstorm|[from] ability: Sand Stream|[of] p1a: Hippowdon\n|cant|p2a: Empoleon|par\n|\n|-weather|Sandstorm|[upkeep]\n|-damage|p2a: Empoleon|42\/100 par|[from] Sandstorm\n|upkeep\n|turn|22\n|c|\u2606ballstrecher69|you're going to hate my daiga set if I can use it\n|\n|t:|1697569543\n|move|p1a: Hippowdon|Earthquake|p2a: Empoleon\n|-damage|p2a: Empoleon|11\/100 par\n|move|p2a: Empoleon|Grass Knot|p1a: Hippowdon\n|-supereffective|p1a: Hippowdon\n|-damage|p1a: Hippowdon|35\/100\n|\n|-weather|Sandstorm|[upkeep]\n|-damage|p2a: Empoleon|5\/100 par|[from] Sandstorm\n|upkeep\n|turn|23\n|\n|t:|1697569548\n|move|p1a: Hippowdon|Earthquake|p2a: Empoleon\n|-damage|p2a: Empoleon|0 fnt\n|faint|p2a: Empoleon\n|\n|-weather|Sandstorm|[upkeep]\n|upkeep\n|\n|t:|1697569558\n|switch|p2a: Zacian|Zacian|53\/100\n|-damage|p2a: Zacian|40\/100|[from] Stealth Rock\n|-damage|p2a: Zacian|16\/100|[from] Spikes\n|turn|24\n|\n|t:|1697569565\n|move|p2a: Zacian|Play Rough|p1a: Hippowdon\n|-damage|p1a: Hippowdon|15\/100\n|move|p1a: Hippowdon|Slack Off|p1a: Hippowdon\n|-heal|p1a: Hippowdon|65\/100\n|\n|-weather|Sandstorm|[upkeep]\n|-damage|p2a: Zacian|9\/100|[from] Sandstorm\n|upkeep\n|turn|25\n|\n|t:|1697569572\n|move|p2a: Zacian|Iron Head|p1a: Hippowdon\n|-damage|p1a: Hippowdon|53\/100\n|move|p1a: Hippowdon|Slack Off|p1a: Hippowdon\n|-heal|p1a: Hippowdon|100\/100\n|\n|-weather|Sandstorm|[upkeep]\n|-damage|p2a: Zacian|3\/100|[from] Sandstorm\n|upkeep\n|turn|26\n|c|\u2606ballstrecher69|welp lol\n|\n|t:|1697569584\n|switch|p1a: Magearna|Magearna|30\/100\n|move|p2a: Zacian|Play Rough|p1a: Magearna\n|-resisted|p1a: Magearna\n|-damage|p1a: Magearna|14\/100\n|\n|-weather|Sandstorm|[upkeep]\n|-damage|p2a: Zacian|0 fnt|[from] Sandstorm\n|faint|p2a: Zacian\n|-ability|p1a: Magearna|Soul-Heart|boost\n|-boost|p1a: Magearna|spa|1\n|-heal|p1a: Magearna|20\/100|[from] item: Leftovers\n|upkeep\n|c|\u26061P1o1s1h1e1|wait what lmao\n|\n|t:|1697569594\n|switch|p2a: Palkia|Palkia|100\/100\n|-damage|p2a: Palkia|88\/100|[from] Stealth Rock\n|-damage|p2a: Palkia|63\/100|[from] Spikes\n|-ability|p2a: Palkia|Pressure\n|turn|27\n|c|\u26061P1o1s1h1e1|I thought soul heart didn't work like that\n|\n|t:|1697569604\n|move|p2a: Palkia|Earth Power|p1a: Magearna\n|-supereffective|p1a: Magearna\n|-damage|p1a: Magearna|0 fnt\n|faint|p1a: Magearna\n|\n|-weather|Sandstorm|[upkeep]\n|-damage|p2a: Palkia|57\/100|[from] Sandstorm\n|upkeep\n|\n|t:|1697569609\n|switch|p1a: Arceus|Arceus-Rock|100\/100\n|turn|28\n|\n|t:|1697569612\n|move|p2a: Palkia|Earth Power|p1a: Arceus\n|-supereffective|p1a: Arceus\n|-damage|p1a: Arceus|70\/100\n|move|p1a: Arceus|Calm Mind|p1a: Arceus\n|-boost|p1a: Arceus|spa|1\n|-boost|p1a: Arceus|spd|1\n|\n|-weather|none\n|upkeep\n|turn|29\n|\n|t:|1697569616\n|move|p2a: Palkia|Earth Power|p1a: Arceus\n|-supereffective|p1a: Arceus\n|-damage|p1a: Arceus|37\/100\n|move|p1a: Arceus|Judgment|p2a: Palkia\n|-damage|p2a: Palkia|0 fnt\n|faint|p2a: Palkia\n|\n|upkeep\n|\n|t:|1697569622\n|switch|p2a: Dialga|Dialga|100\/100\n|-damage|p2a: Dialga|94\/100|[from] Stealth Rock\n|-damage|p2a: Dialga|69\/100|[from] Spikes\n|-ability|p2a: Dialga|Pressure\n|turn|30\n|\n|t:|1697569628\n|switch|p1a: Hippowdon|Hippowdon, F|100\/100\n|-weather|Sandstorm|[from] ability: Sand Stream|[of] p1a: Hippowdon\n|move|p2a: Dialga|Scale Shot|p1a: Hippowdon\n|-crit|p1a: Hippowdon\n|-damage|p1a: Hippowdon|90\/100\n|-damage|p1a: Hippowdon|83\/100\n|-damage|p1a: Hippowdon|77\/100\n|-damage|p1a: Hippowdon|70\/100\n|-crit|p1a: Hippowdon\n|-damage|p1a: Hippowdon|59\/100\n|-hitcount|p1a: Hippowdon|5\n|-unboost|p2a: Dialga|def|1\n|-boost|p2a: Dialga|spe|1\n|\n|-weather|Sandstorm|[upkeep]\n|upkeep\n|turn|31\n|c|\u26061P1o1s1h1e1|I had a feeling lol\n|c|\u26061P1o1s1h1e1|I actually have a team with that set\n|c|\u26061P1o1s1h1e1|you bulk up too?\n|c|\u2606ballstrecher69|this set is string\n|\n|t:|1697569647\n|move|p2a: Dialga|Bulk Up|p2a: Dialga\n|-boost|p2a: Dialga|atk|1\n|-boost|p2a: Dialga|def|1\n|move|p1a: Hippowdon|Whirlwind|p2a: Dialga\n|drag|p2a: Arceus|Arceus-Fire|100\/100\n|-damage|p2a: Arceus|76\/100|[from] Stealth Rock\n|-damage|p2a: Arceus|51\/100|[from] Spikes\n|\n|-weather|Sandstorm|[upkeep]\n|-damage|p2a: Arceus|45\/100|[from] Sandstorm\n|upkeep\n|turn|32\n|c|\u2606ballstrecher69|yup\n|c|\u26061P1o1s1h1e1|unfort\n|\n|t:|1697569659\n|move|p2a: Arceus|Recover|p2a: Arceus\n|-heal|p2a: Arceus|95\/100\n|move|p1a: Hippowdon|Slack Off|p1a: Hippowdon\n|-heal|p1a: Hippowdon|100\/100\n|\n|-weather|Sandstorm|[upkeep]\n|-damage|p2a: Arceus|89\/100|[from] Sandstorm\n|upkeep\n|turn|33\n|\n|t:|1697569661\n|move|p2a: Arceus|Fire Blast|p1a: Hippowdon|[miss]\n|-miss|p2a: Arceus|p1a: Hippowdon\n|move|p1a: Hippowdon|Earthquake|p2a: Arceus\n|-supereffective|p2a: Arceus\n|-damage|p2a: Arceus|26\/100\n|\n|-weather|Sandstorm|[upkeep]\n|-damage|p2a: Arceus|20\/100|[from] Sandstorm\n|upkeep\n|turn|34\n|\n|t:|1697569665\n|move|p2a: Arceus|Recover|p2a: Arceus\n|-heal|p2a: Arceus|70\/100\n|move|p1a: Hippowdon|Earthquake|p2a: Arceus\n|-supereffective|p2a: Arceus\n|-damage|p2a: Arceus|13\/100\n|\n|-weather|Sandstorm|[upkeep]\n|-damage|p2a: Arceus|7\/100|[from] Sandstorm\n|upkeep\n|turn|35\n|\n|t:|1697569670\n|switch|p1a: Arceus|Arceus-Rock|37\/100\n|move|p2a: Arceus|Recover|p2a: Arceus\n|-heal|p2a: Arceus|57\/100\n|\n|-weather|Sandstorm|[upkeep]\n|-damage|p2a: Arceus|51\/100|[from] Sandstorm\n|upkeep\n|turn|36\n|\n|t:|1697569674\n|move|p1a: Arceus|Judgment|p2a: Arceus\n|-supereffective|p2a: Arceus\n|-damage|p2a: Arceus|0 fnt\n|faint|p2a: Arceus\n|\n|-weather|Sandstorm|[upkeep]\n|upkeep\n|\n|t:|1697569676\n|switch|p2a: Dialga|Dialga|69\/100\n|-damage|p2a: Dialga|63\/100|[from] Stealth Rock\n|-damage|p2a: Dialga|38\/100|[from] Spikes\n|-ability|p2a: Dialga|Pressure\n|turn|37\n|c|\u2606ballstrecher69|gg wp\n|c|\u26061P1o1s1h1e1|gg\n|\n|t:|1697569690\n|switch|p1a: Hippowdon|Hippowdon, F|100\/100\n|move|p2a: Dialga|Scale Shot|p1a: Hippowdon\n|-damage|p1a: Hippowdon|94\/100\n|-damage|p1a: Hippowdon|87\/100\n|-damage|p1a: Hippowdon|81\/100\n|-damage|p1a: Hippowdon|74\/100\n|-damage|p1a: Hippowdon|68\/100\n|-hitcount|p1a: Hippowdon|5\n|-unboost|p2a: Dialga|def|1\n|-boost|p2a: Dialga|spe|1\n|\n|-weather|none\n|upkeep\n|turn|38\n|c|\u2606ballstrecher69|yeah I need hazzard control+ a thunderwave absorber\n|\n|t:|1697569715\n|move|p2a: Dialga|Scale Shot|p1a: Hippowdon|[miss]\n|-miss|p2a: Dialga|p1a: Hippowdon\n|move|p1a: Hippowdon|Earthquake|p2a: Dialga\n|-supereffective|p2a: Dialga\n|-damage|p2a: Dialga|0 fnt\n|faint|p2a: Dialga\n|\n|win|1P1o1s1h1e1\n|c|\u26061P1o1s1h1e1|I think the team is fine with that\n|c|\u26061P1o1s1h1e1|the issue was letting gli die early I think\n|c|\u26061P1o1s1h1e1|for twave at least\n|c|\u26061P1o1s1h1e1|but hazard removal yeah\n|l|\u2606ballstrecher69\n","uploadtime":1697569753,"views":25,"p1id":"1p1o1s1h1e1","p2id":"ballstrecher69","formatid":"gen9ubers","rating":0,"private":0,"password":""}