{"id":"gen9ubers-1971648572","p1":"Underhours","p2":"IspamObjection","format":"[Gen 9] Ubers","log":"|j|\u2606Underhours\n|j|\u2606IspamObjection\n|t:|1697757037\n|gametype|singles\n|player|p1|Underhours|brock-gen2|\n|player|p2|IspamObjection|lance-gen2|\n|teamsize|p1|6\n|teamsize|p2|6\n|gen|9\n|tier|[Gen 9] Ubers\n|rule|Sleep Clause Mod: Limit one foe put to sleep\n|rule|Species Clause: Limit one of each Pok\u00e9mon\n|rule|OHKO Clause: OHKO moves are banned\n|rule|Evasion Items Clause: Evasion items are banned\n|rule|Evasion Moves Clause: Evasion moves are banned\n|rule|Endless Battle Clause: Forcing endless battles is banned\n|rule|HP Percentage Mod: HP is shown in percentages\n|clearpoke\n|poke|p1|Magnezone|\n|poke|p1|Arceus-Poison|\n|poke|p1|Palkia-Origin|\n|poke|p1|Hatterene, F|\n|poke|p1|Zacian-*|\n|poke|p1|Chi-Yu|\n|poke|p2|Masquerain, M|\n|poke|p2|Zacian-*|\n|poke|p2|Shaymin-Sky|\n|poke|p2|Blissey, F|\n|poke|p2|Giratina|\n|poke|p2|Palafin, F|\n|teampreview\n|\n|t:|1697757052\n|start\n|switch|p1a: Palkia|Palkia-Origin|100\/100\n|switch|p2a: Masquerain|Masquerain, M|100\/100\n|-ability|p1a: Palkia|Pressure\n|-ability|p2a: Masquerain|Intimidate|boost\n|-unboost|p1a: Palkia|atk|1\n|turn|1\n|inactive|Battle timer is ON: inactive players will automatically lose when time's up. (requested by Underhours)\n|\n|t:|1697757057\n|switch|p1a: Hatterene|Hatterene, F|100\/100\n|move|p2a: Masquerain|Quiver Dance|p2a: Masquerain\n|-boost|p2a: Masquerain|spa|1\n|-boost|p2a: Masquerain|spd|1\n|-boost|p2a: Masquerain|spe|1\n|\n|upkeep\n|turn|2\n|\n|t:|1697757062\n|move|p2a: Masquerain|Bug Buzz|p1a: Hatterene\n|-damage|p1a: Hatterene|51\/100\n|move|p1a: Hatterene|Draining Kiss|p2a: Masquerain\n|-damage|p2a: Masquerain|78\/100\n|-heal|p1a: Hatterene|66\/100|[from] drain|[of] p2a: Masquerain\n|\n|-heal|p1a: Hatterene|72\/100|[from] item: Leftovers\n|upkeep\n|turn|3\n|\n|t:|1697757067\n|move|p2a: Masquerain|Bug Buzz|p1a: Hatterene\n|-damage|p1a: Hatterene|21\/100\n|move|p1a: Hatterene|Psyshock|p2a: Masquerain\n|-damage|p2a: Masquerain|12\/100\n|\n|-heal|p1a: Hatterene|27\/100|[from] item: Leftovers\n|upkeep\n|turn|4\n|\n|t:|1697757072\n|move|p1a: Hatterene|Protect|p1a: Hatterene\n|-singleturn|p1a: Hatterene|Protect\n|move|p2a: Masquerain|Bug Buzz|p1a: Hatterene\n|-activate|p1a: Hatterene|move: Protect\n|\n|-heal|p1a: Hatterene|33\/100|[from] item: Leftovers\n|upkeep\n|turn|5\n|\n|t:|1697757078\n|switch|p1a: Magnezone|Magnezone|100\/100\n|move|p2a: Masquerain|Bug Buzz|p1a: Magnezone\n|-resisted|p1a: Magnezone\n|-damage|p1a: Magnezone|66\/100\n|\n|upkeep\n|turn|6\n|\n|t:|1697757089\n|move|p2a: Masquerain|Sticky Web|p1a: Magnezone\n|-sidestart|p1: Underhours|move: Sticky Web\n|move|p1a: Magnezone|Thunderbolt|p2a: Masquerain\n|-supereffective|p2a: Masquerain\n|-damage|p2a: Masquerain|0 fnt\n|faint|p2a: Masquerain\n|\n|upkeep\n|\n|t:|1697757103\n|switch|p2a: Blissey|Blissey, F|100\/100\n|turn|7\n|\n|t:|1697757107\n|move|p2a: Blissey|Stealth Rock|p1a: Magnezone\n|-sidestart|p1: Underhours|move: Stealth Rock\n|move|p1a: Magnezone|Volt Switch|p2a: Blissey\n|-damage|p2a: Blissey|88\/100\n|\n|t:|1697757117\n|switch|p1a: Arceus|Arceus-Poison|100\/100|[from] Volt Switch\n|-activate|p1a: Arceus|move: Sticky Web\n|-unboost|p1a: Arceus|spe|1\n|-damage|p1a: Arceus|88\/100|[from] Stealth Rock\n|\n|upkeep\n|turn|8\n|\n|t:|1697757130\n|move|p1a: Arceus|Dragon Dance|p1a: Arceus\n|-boost|p1a: Arceus|atk|1\n|-boost|p1a: Arceus|spe|1\n|move|p2a: Blissey|Thunder Wave|p1a: Arceus\n|-status|p1a: Arceus|par\n|\n|upkeep\n|turn|9\n|\n|t:|1697757138\n|switch|p2a: Giratina|Giratina, shiny|100\/100\n|-ability|p2a: Giratina|Pressure\n|move|p1a: Arceus|Gunk Shot|p2a: Giratina\n|-resisted|p2a: Giratina\n|-damage|p2a: Giratina|75\/100\n|\n|-heal|p2a: Giratina|81\/100|[from] item: Leftovers\n|upkeep\n|turn|10\n|\n|t:|1697757145\n|move|p1a: Arceus|Earthquake|p2a: Giratina\n|-damage|p2a: Giratina|58\/100\n|move|p2a: Giratina|Roar|p1a: Arceus\n|drag|p1a: Hatterene|Hatterene, F|33\/100\n|-activate|p1a: Hatterene|move: Sticky Web\n|-unboost|p1a: Hatterene|spe|1\n|-damage|p1a: Hatterene|21\/100|[from] Stealth Rock\n|\n|-heal|p2a: Giratina|64\/100|[from] item: Leftovers\n|-heal|p1a: Hatterene|27\/100|[from] item: Leftovers\n|upkeep\n|turn|11\n|\n|t:|1697757154\n|move|p1a: Hatterene|Protect|p1a: Hatterene\n|-singleturn|p1a: Hatterene|Protect\n|move|p2a: Giratina|Rest|p2a: Giratina\n|-status|p2a: Giratina|slp|[from] move: Rest\n|-heal|p2a: Giratina|100\/100 slp|[silent]\n|\n|-heal|p1a: Hatterene|33\/100|[from] item: Leftovers\n|upkeep\n|turn|12\n|\n|t:|1697757158\n|switch|p2a: Blissey|Blissey, F|88\/100\n|move|p1a: Hatterene|Calm Mind|p1a: Hatterene\n|-boost|p1a: Hatterene|spa|1\n|-boost|p1a: Hatterene|spd|1\n|\n|-heal|p1a: Hatterene|39\/100|[from] item: Leftovers\n|upkeep\n|turn|13\n|\n|t:|1697757161\n|move|p1a: Hatterene|Protect|p1a: Hatterene\n|-singleturn|p1a: Hatterene|Protect\n|move|p2a: Blissey|Seismic Toss|p1a: Hatterene\n|-activate|p1a: Hatterene|move: Protect\n|\n|-heal|p1a: Hatterene|45\/100|[from] item: Leftovers\n|upkeep\n|turn|14\n|\n|t:|1697757164\n|move|p2a: Blissey|Seismic Toss|p1a: Hatterene\n|-damage|p1a: Hatterene|13\/100\n|move|p1a: Hatterene|Psyshock|p2a: Blissey\n|-damage|p2a: Blissey|0 fnt\n|faint|p2a: Blissey\n|\n|-heal|p1a: Hatterene|19\/100|[from] item: Leftovers\n|upkeep\n|\n|t:|1697757185\n|switch|p2a: Shaymin|Shaymin-Sky, shiny|100\/100\n|turn|15\n|\n|t:|1697757194\n|move|p1a: Hatterene|Protect|p1a: Hatterene\n|-singleturn|p1a: Hatterene|Protect\n|move|p2a: Shaymin|Air Slash|p1a: Hatterene\n|-activate|p1a: Hatterene|move: Protect\n|\n|-heal|p1a: Hatterene|25\/100|[from] item: Leftovers\n|upkeep\n|turn|16\n|\n|t:|1697757203\n|move|p2a: Shaymin|Air Slash|p1a: Hatterene\n|-damage|p1a: Hatterene|4\/100\n|move|p1a: Hatterene|Draining Kiss|p2a: Shaymin\n|-damage|p2a: Shaymin|61\/100\n|-heal|p1a: Hatterene|36\/100|[from] drain|[of] p2a: Shaymin\n|\n|-heal|p1a: Hatterene|42\/100|[from] item: Leftovers\n|upkeep\n|turn|17\n|\n|t:|1697757210\n|move|p1a: Hatterene|Protect|p1a: Hatterene\n|-singleturn|p1a: Hatterene|Protect\n|move|p2a: Shaymin|Air Slash|p1a: Hatterene\n|-activate|p1a: Hatterene|move: Protect\n|\n|-heal|p1a: Hatterene|48\/100|[from] item: Leftovers\n|upkeep\n|turn|18\n|\n|t:|1697757213\n|move|p2a: Shaymin|Air Slash|p1a: Hatterene\n|-damage|p1a: Hatterene|27\/100\n|move|p1a: Hatterene|Psyshock|p2a: Shaymin\n|-damage|p2a: Shaymin|0 fnt\n|faint|p2a: Shaymin\n|\n|-heal|p1a: Hatterene|33\/100|[from] item: Leftovers\n|upkeep\n|\n|t:|1697757221\n|switch|p2a: Palafin|Palafin, F|100\/100\n|turn|19\n|\n|t:|1697757227\n|detailschange|p2a: Palafin|Palafin-Hero, F\n|switch|p2a: Giratina|Giratina, shiny|100\/100 slp\n|-ability|p2a: Giratina|Pressure\n|move|p1a: Hatterene|Draining Kiss|p2a: Giratina\n|-supereffective|p2a: Giratina\n|-damage|p2a: Giratina|66\/100 slp\n|-heal|p1a: Hatterene|74\/100|[from] drain|[of] p2a: Giratina\n|\n|-heal|p2a: Giratina|72\/100 slp|[from] item: Leftovers\n|-heal|p1a: Hatterene|80\/100|[from] item: Leftovers\n|upkeep\n|turn|20\n|\n|t:|1697757235\n|switch|p2a: Palafin|Palafin-Hero, F|100\/100\n|-activate|p2a: Palafin|ability: Zero to Hero\n|move|p1a: Hatterene|Calm Mind|p1a: Hatterene\n|-boost|p1a: Hatterene|spa|1\n|-boost|p1a: Hatterene|spd|1\n|\n|-heal|p1a: Hatterene|86\/100|[from] item: Leftovers\n|upkeep\n|turn|21\n|\n|t:|1697757248\n|move|p1a: Hatterene|Protect|p1a: Hatterene\n|-singleturn|p1a: Hatterene|Protect\n|move|p2a: Palafin|Bulk Up|p2a: Palafin\n|-boost|p2a: Palafin|atk|1\n|-boost|p2a: Palafin|def|1\n|\n|-heal|p1a: Hatterene|92\/100|[from] item: Leftovers\n|upkeep\n|turn|22\n|inactive|Underhours has 270 seconds left.\n|inactive|Underhours has 240 seconds left.\n|\n|t:|1697757309\n|-terastallize|p1a: Hatterene|Water\n|move|p2a: Palafin|Bulk Up|p2a: Palafin\n|-boost|p2a: Palafin|atk|1\n|-boost|p2a: Palafin|def|1\n|move|p1a: Hatterene|Draining Kiss|p2a: Palafin\n|-damage|p2a: Palafin|71\/100\n|-heal|p1a: Hatterene|100\/100|[from] drain|[of] p2a: Palafin\n|\n|-heal|p2a: Palafin|77\/100|[from] item: Leftovers\n|upkeep\n|turn|23\n|\n|t:|1697757318\n|switch|p1a: Arceus|Arceus-Poison|88\/100 par\n|-activate|p1a: Arceus|move: Sticky Web\n|-unboost|p1a: Arceus|spe|1\n|-damage|p1a: Arceus|76\/100 par|[from] Stealth Rock\n|move|p2a: Palafin|Drain Punch|p1a: Arceus\n|-resisted|p1a: Arceus\n|-damage|p1a: Arceus|59\/100 par\n|-heal|p2a: Palafin|86\/100|[from] drain|[of] p1a: Arceus\n|\n|-heal|p2a: Palafin|92\/100|[from] item: Leftovers\n|upkeep\n|turn|24\n|\n|t:|1697757329\n|move|p2a: Palafin|Jet Punch|p1a: Arceus\n|-damage|p1a: Arceus|17\/100 par\n|move|p1a: Arceus|Gunk Shot|p2a: Palafin\n|-damage|p2a: Palafin|58\/100\n|\n|-heal|p2a: Palafin|64\/100|[from] item: Leftovers\n|upkeep\n|turn|25\n|\n|t:|1697757333\n|move|p2a: Palafin|Jet Punch|p1a: Arceus\n|-damage|p1a: Arceus|0 fnt\n|faint|p1a: Arceus\n|\n|-heal|p2a: Palafin|70\/100|[from] item: Leftovers\n|upkeep\n|\n|t:|1697757337\n|switch|p1a: Palkia|Palkia-Origin|100\/100\n|-activate|p1a: Palkia|move: Sticky Web\n|-unboost|p1a: Palkia|spe|1\n|-damage|p1a: Palkia|88\/100|[from] Stealth Rock\n|-ability|p1a: Palkia|Pressure\n|turn|26\n|inactive|Underhours has 270 seconds left.\n|\n|t:|1697757361\n|move|p1a: Palkia|Spacial Rend|p2a: Palafin\n|-damage|p2a: Palafin|21\/100\n|move|p2a: Palafin|Drain Punch|p1a: Palkia\n|-damage|p1a: Palkia|37\/100\n|-heal|p2a: Palafin|41\/100|[from] drain|[of] p1a: Palkia\n|\n|-heal|p2a: Palafin|48\/100|[from] item: Leftovers\n|upkeep\n|turn|27\n|\n|t:|1697757383\n|-terastallize|p2a: Palafin|Fairy\n|move|p1a: Palkia|Spacial Rend|p2a: Palafin\n|-immune|p2a: Palafin\n|move|p2a: Palafin|Drain Punch|p1a: Palkia\n|-damage|p1a: Palkia|0 fnt\n|-heal|p2a: Palafin|62\/100|[from] drain|[of] p1a: Palkia\n|faint|p1a: Palkia\n|\n|-heal|p2a: Palafin|68\/100|[from] item: Leftovers\n|upkeep\n|\n|t:|1697757393\n|switch|p1a: Magnezone|Magnezone|66\/100\n|turn|28\n|\n|t:|1697757406\n|move|p2a: Palafin|Drain Punch|p1a: Magnezone\n|-supereffective|p1a: Magnezone\n|-damage|p1a: Magnezone|0 fnt\n|-heal|p2a: Palafin|96\/100|[from] drain|[of] p1a: Magnezone\n|faint|p1a: Magnezone\n|\n|-heal|p2a: Palafin|100\/100|[from] item: Leftovers\n|upkeep\n|\n|t:|1697757414\n|switch|p1a: Hatterene|Hatterene, F, tera:Water|100\/100\n|-activate|p1a: Hatterene|move: Sticky Web\n|-unboost|p1a: Hatterene|spe|1\n|-damage|p1a: Hatterene|88\/100|[from] Stealth Rock\n|turn|29\n|inactive|Underhours has 270 seconds left.\n|\n|t:|1697757420\n|move|p2a: Palafin|Drain Punch|p1a: Hatterene\n|-damage|p1a: Hatterene|35\/100\n|move|p1a: Hatterene|Calm Mind|p1a: Hatterene\n|-boost|p1a: Hatterene|spa|1\n|-boost|p1a: Hatterene|spd|1\n|\n|-heal|p1a: Hatterene|41\/100|[from] item: Leftovers\n|upkeep\n|turn|30\n|c|\u2606Underhours|gg\n|inactive|Underhours has 270 seconds left.\n|\n|t:|1697757432\n|move|p2a: Palafin|Drain Punch|p1a: Hatterene\n|-damage|p1a: Hatterene|0 fnt\n|faint|p1a: Hatterene\n|\n|upkeep\n|\n|t:|1697757434\n|switch|p1a: Zacian|Zacian|100\/100\n|-activate|p1a: Zacian|move: Sticky Web\n|-unboost|p1a: Zacian|spe|1\n|-damage|p1a: Zacian|88\/100|[from] Stealth Rock\n|-ability|p1a: Zacian|Intrepid Sword|boost\n|-boost|p1a: Zacian|atk|1\n|turn|31\n|\n|t:|1697757441\n|move|p2a: Palafin|Jet Punch|p1a: Zacian\n|-damage|p1a: Zacian|31\/100\n|move|p1a: Zacian|Play Rough|p2a: Palafin\n|-damage|p2a: Palafin|65\/100\n|-damage|p1a: Zacian|21\/100|[from] item: Life Orb\n|\n|-heal|p2a: Palafin|71\/100|[from] item: Leftovers\n|upkeep\n|turn|32\n|\n|t:|1697757446\n|move|p2a: Palafin|Jet Punch|p1a: Zacian\n|-damage|p1a: Zacian|0 fnt\n|faint|p1a: Zacian\n|\n|-heal|p2a: Palafin|78\/100|[from] item: Leftovers\n|upkeep\n|\n|t:|1697757448\n|switch|p1a: Chi-Yu|Chi-Yu|100\/100\n|-activate|p1a: Chi-Yu|move: Sticky Web\n|-unboost|p1a: Chi-Yu|spe|1\n|-damage|p1a: Chi-Yu|76\/100|[from] Stealth Rock\n|-ability|p1a: Chi-Yu|Beads of Ruin\n|turn|33\n|\n|t:|1697757453\n|move|p2a: Palafin|Jet Punch|p1a: Chi-Yu\n|-supereffective|p1a: Chi-Yu\n|-damage|p1a: Chi-Yu|0 fnt\n|faint|p1a: Chi-Yu\n|\n|win|IspamObjection\n|n|\u2606Underhours|underhours\n|player|p1|Underhours|brock-gen2\n","uploadtime":1697757458,"views":16,"p1id":"underhours","p2id":"ispamobjection","formatid":"gen9ubers","rating":0,"private":0,"password":""}