{"id":"gen9ubers-1990886328","p1":"LITLE0","p2":"johnp6149","format":"[Gen 9] Ubers","log":"|j|\u2606LITLE0\n|j|\u2606johnp6149\n|t:|1700011431\n|gametype|singles\n|player|p1|LITLE0|brock|1134\n|player|p2|johnp6149|2|1053\n|teamsize|p1|5\n|teamsize|p2|6\n|gen|9\n|tier|[Gen 9] Ubers\n|rated|\n|rule|Sleep Clause Mod: Limit one foe put to sleep\n|rule|Species Clause: Limit one of each Pok\u00e9mon\n|rule|OHKO Clause: OHKO moves are banned\n|rule|Evasion Items Clause: Evasion items are banned\n|rule|Evasion Moves Clause: Evasion moves are banned\n|rule|Endless Battle Clause: Forcing endless battles is banned\n|rule|HP Percentage Mod: HP is shown in percentages\n|clearpoke\n|poke|p1|Amoonguss, M|\n|poke|p1|Ceruledge, F|\n|poke|p1|Cyclizar, M|\n|poke|p1|Dondozo, M|\n|poke|p1|Zacian-*|\n|poke|p2|Sneasler, F|\n|poke|p2|Rillaboom, F|\n|poke|p2|Samurott, F|\n|poke|p2|Ceruledge, M|\n|poke|p2|Espeon, M|\n|poke|p2|Garchomp, F|\n|teampreview\n|\n|t:|1700011449\n|start\n|switch|p1a: Cyclizar|Cyclizar, M|100\/100\n|switch|p2a: Espeon|Espeon, M|100\/100\n|turn|1\n|\n|t:|1700011460\n|move|p1a: Cyclizar|Taunt|p2a: Espeon\n|move|p2a: Espeon|Taunt|p1a: Cyclizar|[from]ability: Magic Bounce\n|-start|p1a: Cyclizar|move: Taunt\n|move|p2a: Espeon|Draining Kiss|p1a: Cyclizar\n|-supereffective|p1a: Cyclizar\n|-damage|p1a: Cyclizar|49\/100\n|\n|upkeep\n|turn|2\n|\n|t:|1700011468\n|move|p1a: Cyclizar|U-turn|p2a: Espeon\n|-supereffective|p2a: Espeon\n|-damage|p2a: Espeon|41\/100\n|\n|t:|1700011473\n|switch|p1a: Amoonguss|Amoonguss, M|100\/100|[from] U-turn\n|move|p2a: Espeon|Draining Kiss|p1a: Amoonguss\n|-resisted|p1a: Amoonguss\n|-damage|p1a: Amoonguss|95\/100\n|-heal|p2a: Espeon|48\/100|[from] drain|[of] p1a: Amoonguss\n|\n|-heal|p1a: Amoonguss|100\/100|[from] item: Leftovers\n|upkeep\n|turn|3\n|\n|t:|1700011490\n|switch|p2a: Garchomp|Garchomp, F|100\/100\n|move|p1a: Amoonguss|Foul Play|p2a: Garchomp\n|-damage|p2a: Garchomp|83\/100\n|-damage|p1a: Amoonguss|88\/100|[from] ability: Rough Skin|[of] p2a: Garchomp\n|-damage|p1a: Amoonguss|71\/100|[from] item: Rocky Helmet|[of] p2a: Garchomp\n|\n|-heal|p1a: Amoonguss|78\/100|[from] item: Leftovers\n|upkeep\n|turn|4\n|\n|t:|1700011496\n|move|p2a: Garchomp|Stealth Rock|p1a: Amoonguss\n|-sidestart|p1: LITLE0|move: Stealth Rock\n|move|p1a: Amoonguss|Spore|p2a: Garchomp\n|-status|p2a: Garchomp|slp|[from] move: Spore\n|\n|-heal|p1a: Amoonguss|84\/100|[from] item: Leftovers\n|upkeep\n|turn|5\n|\n|t:|1700011505\n|switch|p1a: Cyclizar|Cyclizar, M|82\/100\n|cant|p2a: Garchomp|slp\n|\n|upkeep\n|turn|6\n|\n|t:|1700011525\n|switch|p2a: Espeon|Espeon, M|48\/100\n|move|p1a: Cyclizar|Shed Tail|p1a: Cyclizar\n|-start|p1a: Cyclizar|Substitute|[from] move: Shed Tail\n|-damage|p1a: Cyclizar|32\/100\n|\n|t:|1700011528\n|switch|p1a: Ceruledge|Ceruledge, F|100\/100|[from] Shed Tail\n|-damage|p1a: Ceruledge|76\/100|[from] Stealth Rock\n|\n|upkeep\n|turn|7\n|\n|t:|1700011533\n|move|p1a: Ceruledge|Shadow Sneak|p2a: Espeon\n|-supereffective|p2a: Espeon\n|-damage|p2a: Espeon|0 fnt\n|faint|p2a: Espeon\n|\n|upkeep\n|\n|t:|1700011541\n|switch|p2a: Samurott|Samurott, F|100\/100\n|turn|8\n|\n|t:|1700011546\n|move|p1a: Ceruledge|Poltergeist|p2a: Samurott\n|-activate|p2a: Samurott|move: Poltergeist|Life Orb\n|-damage|p2a: Samurott|34\/100\n|move|p2a: Samurott|Knock Off|p1a: Ceruledge\n|-supereffective|p1a: Ceruledge\n|-end|p1a: Ceruledge|Substitute\n|-damage|p2a: Samurott|24\/100|[from] item: Life Orb\n|\n|upkeep\n|turn|9\n|\n|t:|1700011554\n|move|p1a: Ceruledge|Shadow Sneak|p2a: Samurott\n|-damage|p2a: Samurott|0 fnt\n|faint|p2a: Samurott\n|\n|upkeep\n|\n|t:|1700011564\n|switch|p2a: Sneasler|Sneasler, F|100\/100\n|turn|10\n|\n|t:|1700011571\n|move|p1a: Ceruledge|Endure|p1a: Ceruledge\n|-singleturn|p1a: Ceruledge|move: Endure\n|move|p2a: Sneasler|Dire Claw|p1a: Ceruledge\n|-resisted|p1a: Ceruledge\n|-damage|p1a: Ceruledge|43\/100\n|-ability|p1a: Ceruledge|Weak Armor|boost\n|-unboost|p1a: Ceruledge|def|1\n|-boost|p1a: Ceruledge|spe|2\n|\n|upkeep\n|turn|11\n|\n|t:|1700011581\n|move|p1a: Ceruledge|Bitter Blade|p2a: Sneasler\n|-damage|p2a: Sneasler|18\/100\n|-heal|p1a: Ceruledge|86\/100|[from] drain|[of] p2a: Sneasler\n|move|p2a: Sneasler|Dire Claw|p1a: Ceruledge\n|-resisted|p1a: Ceruledge\n|-damage|p1a: Ceruledge|39\/100\n|-ability|p1a: Ceruledge|Weak Armor|boost\n|-unboost|p1a: Ceruledge|def|1\n|-boost|p1a: Ceruledge|spe|2\n|\n|upkeep\n|turn|12\n|\n|t:|1700011593\n|move|p1a: Ceruledge|Bitter Blade|p2a: Sneasler\n|-damage|p2a: Sneasler|0 fnt\n|-heal|p1a: Ceruledge|48\/100|[from] drain|[of] p2a: Sneasler\n|faint|p2a: Sneasler\n|\n|upkeep\n|\n|t:|1700011596\n|switch|p2a: Rillaboom|Rillaboom, F|100\/100\n|-fieldstart|move: Grassy Terrain|[from] ability: Grassy Surge|[of] p2a: Rillaboom\n|turn|13\n|\n|t:|1700011602\n|move|p1a: Ceruledge|Endure|p1a: Ceruledge\n|-singleturn|p1a: Ceruledge|move: Endure\n|move|p2a: Rillaboom|Grassy Glide|p1a: Ceruledge\n|-resisted|p1a: Ceruledge\n|-activate|p1a: Ceruledge|move: Endure\n|-damage|p1a: Ceruledge|1\/100\n|-ability|p1a: Ceruledge|Weak Armor|boost\n|-unboost|p1a: Ceruledge|def|1\n|-boost|p1a: Ceruledge|spe|2\n|\n|-heal|p1a: Ceruledge|7\/100|[from] Grassy Terrain\n|upkeep\n|turn|14\n|\n|t:|1700011612\n|move|p1a: Ceruledge|Shadow Sneak|p2a: Rillaboom\n|-damage|p2a: Rillaboom|75\/100\n|move|p2a: Rillaboom|Grassy Glide|p1a: Ceruledge\n|-resisted|p1a: Ceruledge\n|-crit|p1a: Ceruledge\n|-damage|p1a: Ceruledge|0 fnt\n|faint|p1a: Ceruledge\n|\n|-heal|p2a: Rillaboom|81\/100|[from] Grassy Terrain\n|upkeep\n|\n|t:|1700011621\n|switch|p1a: Cyclizar|Cyclizar, M|66\/100\n|turn|15\n|\n|t:|1700011628\n|move|p2a: Rillaboom|Grassy Glide|p1a: Cyclizar\n|-resisted|p1a: Cyclizar\n|-damage|p1a: Cyclizar|21\/100\n|move|p1a: Cyclizar|Shed Tail|p1a: Cyclizar\n|-fail|p1a: Cyclizar|move: Shed Tail|[weak]\n|\n|-heal|p1a: Cyclizar|27\/100|[from] Grassy Terrain\n|-heal|p2a: Rillaboom|87\/100|[from] Grassy Terrain\n|upkeep\n|turn|16\n|\n|t:|1700011633\n|switch|p1a: Amoonguss|Amoonguss, M|100\/100\n|-damage|p1a: Amoonguss|88\/100|[from] Stealth Rock\n|move|p2a: Rillaboom|Grassy Glide|p1a: Amoonguss\n|-resisted|p1a: Amoonguss\n|-damage|p1a: Amoonguss|71\/100\n|\n|-heal|p2a: Rillaboom|93\/100|[from] Grassy Terrain\n|-heal|p1a: Amoonguss|77\/100|[from] Grassy Terrain\n|-heal|p1a: Amoonguss|84\/100|[from] item: Leftovers\n|upkeep\n|turn|17\n|\n|t:|1700011650\n|switch|p2a: Garchomp|Garchomp, F|83\/100 slp\n|move|p1a: Amoonguss|Foul Play|p2a: Garchomp\n|-damage|p2a: Garchomp|65\/100 slp\n|-damage|p1a: Amoonguss|71\/100|[from] ability: Rough Skin|[of] p2a: Garchomp\n|-damage|p1a: Amoonguss|54\/100|[from] item: Rocky Helmet|[of] p2a: Garchomp\n|\n|-heal|p2a: Garchomp|71\/100 slp|[from] Grassy Terrain\n|-heal|p1a: Amoonguss|61\/100|[from] Grassy Terrain\n|-heal|p1a: Amoonguss|67\/100|[from] item: Leftovers\n|-fieldend|move: Grassy Terrain\n|upkeep\n|turn|18\n|\n|t:|1700011657\n|switch|p1a: Cyclizar|Cyclizar, M|60\/100\n|-curestatus|p2a: Garchomp|slp|[msg]\n|move|p2a: Garchomp|Dragon Tail|p1a: Cyclizar\n|-supereffective|p1a: Cyclizar\n|-damage|p1a: Cyclizar|0 fnt\n|faint|p1a: Cyclizar\n|\n|upkeep\n|\n|t:|1700011672\n|switch|p1a: Amoonguss|Amoonguss, M|99\/100\n|-damage|p1a: Amoonguss|88\/100|[from] Stealth Rock\n|turn|19\n|\n|t:|1700011678\n|switch|p2a: Rillaboom|Rillaboom, F|93\/100\n|-fieldstart|move: Grassy Terrain|[from] ability: Grassy Surge|[of] p2a: Rillaboom\n|move|p1a: Amoonguss|Spore|p2a: Rillaboom\n|-immune|p2a: Rillaboom\n|\n|-heal|p2a: Rillaboom|99\/100|[from] Grassy Terrain\n|-heal|p1a: Amoonguss|94\/100|[from] Grassy Terrain\n|-heal|p1a: Amoonguss|99\/100|[from] item: Leftovers\n|upkeep\n|turn|20\n|\n|t:|1700011685\n|move|p2a: Rillaboom|Knock Off|p1a: Amoonguss\n|-damage|p1a: Amoonguss|43\/100\n|-enditem|p1a: Amoonguss|Leftovers|[from] move: Knock Off|[of] p2a: Rillaboom\n|move|p1a: Amoonguss|Foul Play|p2a: Rillaboom\n|-damage|p2a: Rillaboom|59\/100\n|\n|-heal|p2a: Rillaboom|65\/100|[from] Grassy Terrain\n|-heal|p1a: Amoonguss|49\/100|[from] Grassy Terrain\n|upkeep\n|turn|21\n|\n|t:|1700011693\n|move|p1a: Amoonguss|Protect|p1a: Amoonguss\n|-singleturn|p1a: Amoonguss|Protect\n|move|p2a: Rillaboom|Knock Off|p1a: Amoonguss\n|-activate|p1a: Amoonguss|move: Protect\n|\n|-heal|p2a: Rillaboom|71\/100|[from] Grassy Terrain\n|-heal|p1a: Amoonguss|56\/100|[from] Grassy Terrain\n|upkeep\n|turn|22\n|\n|t:|1700011699\n|switch|p1a: Dondozo|Dondozo, M|100\/100\n|-damage|p1a: Dondozo|88\/100|[from] Stealth Rock\n|move|p2a: Rillaboom|Knock Off|p1a: Dondozo\n|-damage|p1a: Dondozo|65\/100\n|-enditem|p1a: Dondozo|Leftovers|[from] move: Knock Off|[of] p2a: Rillaboom\n|\n|-heal|p2a: Rillaboom|77\/100|[from] Grassy Terrain\n|-heal|p1a: Dondozo|71\/100|[from] Grassy Terrain\n|upkeep\n|turn|23\n|\n|t:|1700011707\n|switch|p2a: Garchomp|Garchomp, F|71\/100\n|move|p1a: Dondozo|Body Press|p2a: Garchomp\n|-damage|p2a: Garchomp|51\/100\n|-damage|p1a: Dondozo|58\/100|[from] ability: Rough Skin|[of] p2a: Garchomp\n|-damage|p1a: Dondozo|42\/100|[from] item: Rocky Helmet|[of] p2a: Garchomp\n|\n|-heal|p2a: Garchomp|57\/100|[from] Grassy Terrain\n|-heal|p1a: Dondozo|48\/100|[from] Grassy Terrain\n|-fieldend|move: Grassy Terrain\n|upkeep\n|turn|24\n|\n|t:|1700011712\n|move|p1a: Dondozo|Rest|p1a: Dondozo\n|-status|p1a: Dondozo|slp|[from] move: Rest\n|-heal|p1a: Dondozo|100\/100 slp|[silent]\n|move|p2a: Garchomp|Dragon Tail|p1a: Dondozo\n|-damage|p1a: Dondozo|89\/100 slp\n|drag|p1a: Zacian|Zacian-Crowned|100\/100\n|-damage|p1a: Zacian|94\/100|[from] Stealth Rock\n|-ability|p1a: Zacian|Intrepid Sword|boost\n|-boost|p1a: Zacian|atk|1\n|\n|upkeep\n|turn|25\n|\n|t:|1700011722\n|move|p1a: Zacian|Play Rough|p2a: Garchomp\n|-supereffective|p2a: Garchomp\n|-damage|p2a: Garchomp|0 fnt\n|-damage|p1a: Zacian|82\/100|[from] ability: Rough Skin|[of] p2a: Garchomp\n|-damage|p1a: Zacian|65\/100|[from] item: Rocky Helmet|[of] p2a: Garchomp\n|faint|p2a: Garchomp\n|\n|upkeep\n|\n|t:|1700011726\n|switch|p2a: Ceruledge|Ceruledge, M|100\/100\n|turn|26\n|\n|t:|1700011744\n|-terastallize|p1a: Zacian|Ground\n|-terastallize|p2a: Ceruledge|Bug\n|move|p1a: Zacian|Tera Blast|p2a: Ceruledge|[anim] Tera Blast Ground\n|-resisted|p2a: Ceruledge\n|-damage|p2a: Ceruledge|61\/100\n|move|p2a: Ceruledge|Bulk Up|p2a: Ceruledge\n|-boost|p2a: Ceruledge|atk|1\n|-boost|p2a: Ceruledge|def|1\n|\n|upkeep\n|turn|27\n|\n|t:|1700011757\n|move|p2a: Ceruledge|Shadow Sneak|p1a: Zacian\n|-damage|p1a: Zacian|42\/100\n|move|p1a: Zacian|Play Rough|p2a: Ceruledge\n|-damage|p2a: Ceruledge|0 fnt\n|faint|p2a: Ceruledge\n|\n|upkeep\n|\n|t:|1700011761\n|switch|p2a: Rillaboom|Rillaboom, F|77\/100\n|-fieldstart|move: Grassy Terrain|[from] ability: Grassy Surge|[of] p2a: Rillaboom\n|turn|28\n|\n|t:|1700011768\n|switch|p1a: Amoonguss|Amoonguss, M|89\/100\n|-damage|p1a: Amoonguss|76\/100|[from] Stealth Rock\n|move|p2a: Rillaboom|Grassy Glide|p1a: Amoonguss\n|-resisted|p1a: Amoonguss\n|-damage|p1a: Amoonguss|59\/100\n|\n|-heal|p2a: Rillaboom|83\/100|[from] Grassy Terrain\n|-heal|p1a: Amoonguss|66\/100|[from] Grassy Terrain\n|upkeep\n|turn|29\n|-message|johnp6149 forfeited.\n|\n|win|LITLE0\n|raw|LITLE0's rating: 1134 &rarr; <strong>1153<\/strong><br \/>(+19 for winning)\n|raw|johnp6149's rating: 1053 &rarr; <strong>1039<\/strong><br \/>(-14 for losing)\n|l|\u2606johnp6149\n","uploadtime":1700011775,"views":6,"p1id":"litle0","p2id":"johnp6149","formatid":"gen9ubers","rating":1039,"private":0,"password":""}