{"id":"gen9ubers-1992832793","p1":"IDaHAN","p2":"yuramas","format":"[Gen 9] Ubers","log":"|j|\u2606IDaHAN\n|j|\u2606yuramas\n|t:|1700239336\n|gametype|singles\n|player|p1|IDaHAN|ethan|\n|player|p2|yuramas|101|\n|teamsize|p1|6\n|teamsize|p2|6\n|gen|9\n|tier|[Gen 9] Ubers\n|rule|Sleep Clause Mod: Limit one foe put to sleep\n|rule|Species Clause: Limit one of each Pok\u00e9mon\n|rule|OHKO Clause: OHKO moves are banned\n|rule|Evasion Items Clause: Evasion items are banned\n|rule|Evasion Moves Clause: Evasion moves are banned\n|rule|Endless Battle Clause: Forcing endless battles is banned\n|rule|HP Percentage Mod: HP is shown in percentages\n|clearpoke\n|poke|p1|Houndstone, M|\n|poke|p1|Arceus-Poison|\n|poke|p1|Zacian-*|\n|poke|p1|Cyclizar, F|\n|poke|p1|Magearna|\n|poke|p1|Dialga|\n|poke|p2|Dialga|\n|poke|p2|Ursaluna, M|\n|poke|p2|Magearna|\n|poke|p2|Landorus, M|\n|poke|p2|Zacian-*|\n|poke|p2|Arceus-Fire|\n|teampreview\n|inactive|Battle timer is ON: inactive players will automatically lose when time's up. (requested by IDaHAN)\n|c|\u2606IDaHAN|sorry\n|c|\u2606yuramas|its good\n|inactive|yuramas has 270 seconds left.\n|inactive|IDaHAN has 270 seconds left.\n|inactive|yuramas has 240 seconds left.\n|inactive|IDaHAN has 240 seconds left.\n|\n|t:|1700239409\n|start\n|switch|p1a: Dialga|Dialga|100\/100\n|switch|p2a: Zacian|Zacian|100\/100\n|-ability|p2a: Zacian|Intrepid Sword|boost\n|-boost|p2a: Zacian|atk|1\n|-ability|p1a: Dialga|Pressure\n|turn|1\n|\n|t:|1700239431\n|switch|p1a: Houndstone|Houndstone, M|100\/100\n|move|p2a: Zacian|Play Rough|p1a: Houndstone\n|-damage|p1a: Houndstone|65\/100\n|-unboost|p1a: Houndstone|atk|1\n|\n|-heal|p1a: Houndstone|71\/100|[from] item: Leftovers\n|upkeep\n|turn|2\n|\n|t:|1700239436\n|switch|p2a: Arceus|Arceus-Fire|100\/100\n|move|p1a: Houndstone|Will-O-Wisp|p2a: Arceus\n|-immune|p2a: Arceus\n|\n|-heal|p1a: Houndstone|77\/100|[from] item: Leftovers\n|upkeep\n|turn|3\n|\n|t:|1700239450\n|switch|p1a: Arceus|Arceus-Poison|100\/100\n|move|p2a: Arceus|Dragon Dance|p2a: Arceus\n|-boost|p2a: Arceus|atk|1\n|-boost|p2a: Arceus|spe|1\n|\n|upkeep\n|turn|4\n|\n|t:|1700239458\n|move|p2a: Arceus|Earthquake|p1a: Arceus\n|-supereffective|p1a: Arceus\n|-damage|p1a: Arceus|35\/100\n|move|p1a: Arceus|Roar|p2a: Arceus\n|drag|p2a: Dialga|Dialga|100\/100\n|-ability|p2a: Dialga|Pressure\n|\n|upkeep\n|turn|5\n|\n|t:|1700239468\n|switch|p1a: Zacian|Zacian|100\/100\n|-ability|p1a: Zacian|Intrepid Sword|boost\n|-boost|p1a: Zacian|atk|1\n|move|p2a: Dialga|Draco Meteor|p1a: Zacian\n|-immune|p1a: Zacian\n|\n|upkeep\n|turn|6\n|\n|t:|1700239487\n|switch|p2a: Zacian|Zacian|100\/100\n|move|p1a: Zacian|Play Rough|p2a: Zacian\n|-damage|p2a: Zacian|4\/100\n|\n|upkeep\n|turn|7\n|\n|t:|1700239501\n|move|p1a: Zacian|Play Rough|p2a: Zacian\n|-damage|p2a: Zacian|0 fnt\n|faint|p2a: Zacian\n|\n|upkeep\n|\n|t:|1700239511\n|switch|p2a: Magearna|Magearna|100\/100\n|turn|8\n|\n|t:|1700239516\n|switch|p1a: Magearna|Magearna|100\/100\n|move|p2a: Magearna|Trick Room|p2a: Magearna\n|-fieldstart|move: Trick Room|[of] p2a: Magearna\n|\n|upkeep\n|turn|9\n|\n|t:|1700239519\n|move|p1a: Magearna|Calm Mind|p1a: Magearna\n|-boost|p1a: Magearna|spa|1\n|-boost|p1a: Magearna|spd|1\n|move|p2a: Magearna|Volt Switch|p1a: Magearna\n|-damage|p1a: Magearna|90\/100\n|\n|t:|1700239522\n|switch|p2a: Ursaluna|Ursaluna, M|100\/100|[from] Volt Switch\n|\n|-status|p2a: Ursaluna|brn|[from] item: Flame Orb\n|upkeep\n|turn|10\n|\n|t:|1700239538\n|-terastallize|p1a: Magearna|Grass\n|move|p1a: Magearna|Tera Blast|p2a: Ursaluna|[anim] Tera Blast Grass\n|-supereffective|p2a: Ursaluna\n|-damage|p2a: Ursaluna|0 fnt\n|faint|p2a: Ursaluna\n|-ability|p1a: Magearna|Soul-Heart|boost\n|-boost|p1a: Magearna|spa|1\n|\n|upkeep\n|\n|t:|1700239549\n|switch|p2a: Arceus|Arceus-Fire|100\/100\n|turn|11\n|c|\u2606yuramas|og i see\n|\n|t:|1700239566\n|move|p1a: Magearna|Dazzling Gleam|p2a: Arceus\n|-resisted|p2a: Arceus\n|-damage|p2a: Arceus|67\/100\n|move|p2a: Arceus|Flare Blitz|p1a: Magearna\n|-supereffective|p1a: Magearna\n|-damage|p1a: Magearna|0 fnt\n|faint|p1a: Magearna\n|-damage|p2a: Arceus|39\/100|[from] Recoil\n|\n|upkeep\n|\n|t:|1700239578\n|switch|p1a: Dialga|Dialga|100\/100\n|-ability|p1a: Dialga|Pressure\n|turn|12\n|\n|t:|1700239582\n|switch|p2a: Magearna|Magearna|100\/100\n|move|p1a: Dialga|Draco Meteor|p2a: Magearna\n|-immune|p2a: Magearna\n|\n|-fieldend|move: Trick Room\n|upkeep\n|turn|13\n|\n|t:|1700239588\n|move|p1a: Dialga|Stealth Rock|p2a: Magearna\n|-sidestart|p2: yuramas|move: Stealth Rock\n|move|p2a: Magearna|Trick Room|p2a: Magearna\n|-fieldstart|move: Trick Room|[of] p2a: Magearna\n|\n|upkeep\n|turn|14\n|\n|t:|1700239600\n|move|p2a: Magearna|Volt Switch|p1a: Dialga\n|-resisted|p1a: Dialga\n|-damage|p1a: Dialga|92\/100\n|\n|t:|1700239612\n|switch|p2a: Landorus|Landorus, M|100\/100|[from] Volt Switch\n|-damage|p2a: Landorus|88\/100|[from] Stealth Rock\n|move|p1a: Dialga|Roar|p2a: Landorus\n|drag|p2a: Arceus|Arceus-Fire|39\/100\n|-damage|p2a: Arceus|14\/100|[from] Stealth Rock\n|\n|-heal|p1a: Dialga|98\/100|[from] item: Leftovers\n|upkeep\n|turn|15\n|\n|t:|1700239624\n|move|p2a: Arceus|Flare Blitz|p1a: Dialga\n|-damage|p1a: Dialga|38\/100\n|-status|p1a: Dialga|brn\n|-damage|p2a: Arceus|0 fnt|[from] Recoil\n|faint|p2a: Arceus\n|move|p1a: Dialga|Roar|p2: Arceus|[notarget]\n|-fail|p1a: Dialga\n|\n|-heal|p1a: Dialga|44\/100 brn|[from] item: Leftovers\n|-damage|p1a: Dialga|38\/100 brn|[from] brn\n|upkeep\n|\n|t:|1700239629\n|switch|p2a: Landorus|Landorus, M|88\/100\n|-damage|p2a: Landorus|76\/100|[from] Stealth Rock\n|turn|16\n|\n|t:|1700239646\n|move|p1a: Dialga|Draco Meteor|p2a: Landorus\n|-damage|p2a: Landorus|0 fnt\n|-unboost|p1a: Dialga|spa|2\n|faint|p2a: Landorus\n|\n|-heal|p1a: Dialga|44\/100 brn|[from] item: Leftovers\n|-damage|p1a: Dialga|38\/100 brn|[from] brn\n|upkeep\n|\n|t:|1700239653\n|switch|p2a: Dialga|Dialga|100\/100\n|-damage|p2a: Dialga|94\/100|[from] Stealth Rock\n|-ability|p2a: Dialga|Pressure\n|turn|17\n|\n|t:|1700239662\n|move|p2a: Dialga|Fire Blast|p1a: Dialga\n|-damage|p1a: Dialga|8\/100 brn\n|move|p1a: Dialga|Thunder Wave|p2a: Dialga\n|-status|p2a: Dialga|par\n|\n|-heal|p1a: Dialga|14\/100 brn|[from] item: Leftovers\n|-damage|p1a: Dialga|8\/100 brn|[from] brn\n|-fieldend|move: Trick Room\n|upkeep\n|turn|18\n|\n|t:|1700239675\n|switch|p2a: Magearna|Magearna|100\/100\n|-damage|p2a: Magearna|94\/100|[from] Stealth Rock\n|move|p1a: Dialga|Roar|p2a: Magearna\n|drag|p2a: Dialga|Dialga|94\/100 par\n|-damage|p2a: Dialga|88\/100 par|[from] Stealth Rock\n|-ability|p2a: Dialga|Pressure\n|\n|-heal|p1a: Dialga|14\/100 brn|[from] item: Leftovers\n|-damage|p1a: Dialga|8\/100 brn|[from] brn\n|upkeep\n|turn|19\n|\n|t:|1700239682\n|move|p1a: Dialga|Roar|p2a: Dialga\n|drag|p2a: Magearna|Magearna|94\/100\n|-damage|p2a: Magearna|88\/100|[from] Stealth Rock\n|\n|-heal|p1a: Dialga|14\/100 brn|[from] item: Leftovers\n|-heal|p2a: Magearna|94\/100|[from] item: Leftovers\n|-damage|p1a: Dialga|8\/100 brn|[from] brn\n|upkeep\n|turn|20\n|\n|t:|1700239687\n|move|p1a: Dialga|Thunder Wave|p2a: Magearna\n|-status|p2a: Magearna|par\n|move|p2a: Magearna|Flash Cannon|p1a: Dialga\n|-resisted|p1a: Dialga\n|-damage|p1a: Dialga|0 fnt\n|faint|p1a: Dialga\n|-ability|p2a: Magearna|Soul-Heart|boost\n|-boost|p2a: Magearna|spa|1\n|\n|-heal|p2a: Magearna|100\/100 par|[from] item: Leftovers\n|upkeep\n|\n|t:|1700239698\n|switch|p1a: Arceus|Arceus-Poison|35\/100\n|turn|21\n|\n|t:|1700239707\n|move|p1a: Arceus|Recover|p1a: Arceus\n|-heal|p1a: Arceus|85\/100\n|move|p2a: Magearna|Flash Cannon|p1a: Arceus\n|-damage|p1a: Arceus|55\/100\n|\n|upkeep\n|turn|22\n|\n|t:|1700239711\n|move|p2a: Magearna|Flash Cannon|p1a: Arceus\n|-damage|p1a: Arceus|26\/100\n|move|p1a: Arceus|Roar|p2a: Magearna\n|drag|p2a: Dialga|Dialga|88\/100 par\n|-damage|p2a: Dialga|82\/100 par|[from] Stealth Rock\n|-ability|p2a: Dialga|Pressure\n|\n|upkeep\n|turn|23\n|\n|t:|1700239727\n|move|p1a: Arceus|Recover|p1a: Arceus\n|-heal|p1a: Arceus|76\/100\n|move|p2a: Dialga|Draco Meteor|p1a: Arceus\n|-damage|p1a: Arceus|37\/100\n|-unboost|p2a: Dialga|spa|2\n|-enditem|p2a: Dialga|Eject Pack\n|\n|t:|1700239729\n|switch|p2a: Magearna|Magearna|100\/100 par\n|-damage|p2a: Magearna|94\/100 par|[from] Stealth Rock\n|\n|-heal|p2a: Magearna|100\/100 par|[from] item: Leftovers\n|upkeep\n|turn|24\n|\n|t:|1700239739\n|move|p1a: Arceus|Taunt|p2a: Magearna\n|-start|p2a: Magearna|move: Taunt\n|move|p2a: Magearna|Flash Cannon|p1a: Arceus\n|-damage|p1a: Arceus|16\/100\n|-unboost|p1a: Arceus|spd|1\n|\n|upkeep\n|turn|25\n|\n|t:|1700239751\n|switch|p1a: Cyclizar|Cyclizar, F|100\/100\n|cant|p2a: Magearna|par\n|\n|upkeep\n|turn|26\n|\n|t:|1700239779\n|move|p1a: Cyclizar|Shed Tail|p1a: Cyclizar\n|-start|p1a: Cyclizar|Substitute|[from] move: Shed Tail\n|-damage|p1a: Cyclizar|50\/100\n|\n|t:|1700239807\n|switch|p1a: Houndstone|Houndstone, M|77\/100|[from] Shed Tail\n|move|p2a: Magearna|Flash Cannon|p1a: Houndstone\n|-end|p1a: Houndstone|Substitute\n|\n|-heal|p1a: Houndstone|83\/100|[from] item: Leftovers\n|-end|p2a: Magearna|move: Taunt\n|upkeep\n|turn|27\n|inactive|yuramas has 270 seconds left.\n|\n|t:|1700239836\n|move|p1a: Houndstone|Last Respects|p2a: Magearna\n|-damage|p2a: Magearna|68\/100 par\n|move|p2a: Magearna|Trick Room|p2a: Magearna\n|-fieldstart|move: Trick Room|[of] p2a: Magearna\n|\n|-heal|p2a: Magearna|74\/100 par|[from] item: Leftovers\n|-heal|p1a: Houndstone|89\/100|[from] item: Leftovers\n|upkeep\n|turn|28\n|\n|t:|1700239841\n|move|p2a: Magearna|Flash Cannon|p1a: Houndstone\n|-damage|p1a: Houndstone|56\/100\n|move|p1a: Houndstone|Last Respects|p2a: Magearna\n|-crit|p2a: Magearna\n|-damage|p2a: Magearna|20\/100 par\n|\n|-heal|p2a: Magearna|26\/100 par|[from] item: Leftovers\n|-heal|p1a: Houndstone|62\/100|[from] item: Leftovers\n|upkeep\n|turn|29\n|inactive|yuramas has 270 seconds left.\n|\n|t:|1700239873\n|switch|p2a: Dialga|Dialga|82\/100 par\n|-damage|p2a: Dialga|76\/100 par|[from] Stealth Rock\n|-ability|p2a: Dialga|Pressure\n|move|p1a: Houndstone|Last Respects|p2a: Dialga\n|-damage|p2a: Dialga|39\/100 par\n|\n|-heal|p1a: Houndstone|68\/100|[from] item: Leftovers\n|upkeep\n|turn|30\n|\n|t:|1700239882\n|switch|p1a: Arceus|Arceus-Poison|16\/100\n|move|p2a: Dialga|Fire Blast|p1a: Arceus\n|-damage|p1a: Arceus|0 fnt\n|faint|p1a: Arceus\n|\n|upkeep\n|\n|t:|1700239887\n|switch|p1a: Cyclizar|Cyclizar, F|84\/100\n|turn|31\n|\n|t:|1700239892\n|move|p2a: Dialga|Draco Meteor|p1a: Cyclizar\n|-supereffective|p1a: Cyclizar\n|-damage|p1a: Cyclizar|0 fnt\n|-unboost|p2a: Dialga|spa|2\n|faint|p1a: Cyclizar\n|\n|-fieldend|move: Trick Room\n|upkeep\n|\n|t:|1700239894\n|switch|p1a: Houndstone|Houndstone, M|68\/100\n|turn|32\n|\n|t:|1700239908\n|move|p1a: Houndstone|Last Respects|p2a: Dialga\n|-damage|p2a: Dialga|0 fnt\n|faint|p2a: Dialga\n|\n|-heal|p1a: Houndstone|74\/100|[from] item: Leftovers\n|upkeep\n|\n|t:|1700239909\n|switch|p2a: Magearna|Magearna|26\/100 par\n|-damage|p2a: Magearna|20\/100 par|[from] Stealth Rock\n|turn|33\n|\n|t:|1700239914\n|move|p1a: Houndstone|Last Respects|p2a: Magearna\n|-damage|p2a: Magearna|0 fnt\n|faint|p2a: Magearna\n|\n|win|IDaHAN\n|c|\u2606yuramas|gg\n|c|\u2606IDaHAN|gg\n|c|\u2606IDaHAN|well played\n|c|\u2606yuramas|you too\n|c|\u2606IDaHAN|I'm sorry about the sceduling thing\n|c|\u2606IDaHAN|and also youre stomach\n|c|\u2606IDaHAN|I really hope you get well soon!\n","uploadtime":1700239945,"views":20,"p1id":"idahan","p2id":"yuramas","formatid":"gen9ubers","rating":0,"private":0,"password":""}