{"id":"gen9ubers-1993227376","p1":"Jo4h","p2":"nickizard2","format":"[Gen 9] Ubers","log":"|j|\u2606Jo4h\n|j|\u2606nickizard2\n|t:|1700280826\n|gametype|singles\n|player|p1|Jo4h|allister|\n|player|p2|nickizard2|265|\n|teamsize|p1|6\n|teamsize|p2|6\n|gen|9\n|tier|[Gen 9] Ubers\n|rule|Sleep Clause Mod: Limit one foe put to sleep\n|rule|Species Clause: Limit one of each Pok\u00e9mon\n|rule|OHKO Clause: OHKO moves are banned\n|rule|Evasion Items Clause: Evasion items are banned\n|rule|Evasion Moves Clause: Evasion moves are banned\n|rule|Endless Battle Clause: Forcing endless battles is banned\n|rule|HP Percentage Mod: HP is shown in percentages\n|clearpoke\n|poke|p1|Gengar, F|\n|poke|p1|Gholdengo|\n|poke|p1|Manaphy|\n|poke|p1|Oricorio-Sensu, F|\n|poke|p1|Zoroark-Hisui, F|\n|poke|p1|Dragapult, M|\n|poke|p2|Dragapult, F|\n|poke|p2|Dondozo, M|\n|poke|p2|Ninetales-Alola, M|\n|poke|p2|Garganacl, M|\n|poke|p2|Krookodile, M|\n|poke|p2|Dragonite, M|\n|teampreview\n|inactive|Battle timer is ON: inactive players will automatically lose when time's up. (requested by Jo4h)\n|\n|t:|1700280842\n|start\n|switch|p1a: Manaphy|Manaphy|100\/100\n|switch|p2a: Ninetales|Ninetales-Alola, M, shiny|100\/100\n|-weather|Snow|[from] ability: Snow Warning|[of] p2a: Ninetales\n|turn|1\n|\n|t:|1700280851\n|move|p2a: Ninetales|Aurora Veil|p2a: Ninetales\n|-sidestart|p2: nickizard2|move: Aurora Veil\n|move|p1a: Manaphy|Tail Glow|p1a: Manaphy\n|-boost|p1a: Manaphy|spa|3\n|\n|-weather|Snow|[upkeep]\n|upkeep\n|turn|2\n|\n|t:|1700280862\n|switch|p2a: Dragapult|Dragapult, F, shiny|100\/100\n|move|p1a: Manaphy|Tail Glow|p1a: Manaphy\n|-boost|p1a: Manaphy|spa|3\n|\n|-weather|Snow|[upkeep]\n|upkeep\n|turn|3\n|\n|t:|1700280869\n|move|p2a: Dragapult|Thunderbolt|p1a: Manaphy\n|-supereffective|p1a: Manaphy\n|-damage|p1a: Manaphy|15\/100\n|move|p1a: Manaphy|Dazzling Gleam|p2a: Dragapult\n|-supereffective|p2a: Dragapult\n|-damage|p2a: Dragapult|0 fnt\n|faint|p2a: Dragapult\n|\n|-weather|Snow|[upkeep]\n|-heal|p1a: Manaphy|21\/100|[from] item: Leftovers\n|upkeep\n|\n|t:|1700280878\n|switch|p2a: Krookodile|Krookodile, M|100\/100\n|turn|4\n|\n|t:|1700280891\n|-terastallize|p1a: Manaphy|Ghost\n|move|p2a: Krookodile|Knock Off|p1a: Manaphy\n|-supereffective|p1a: Manaphy\n|-damage|p1a: Manaphy|0 fnt\n|-enditem|p1a: Manaphy|Leftovers|[from] move: Knock Off|[of] p2a: Krookodile\n|faint|p1a: Manaphy\n|-ability|p2a: Krookodile|Moxie|boost\n|-boost|p2a: Krookodile|atk|1\n|\n|-weather|Snow|[upkeep]\n|upkeep\n|\n|t:|1700280899\n|switch|p1a: Gholdengo|Gholdengo|100\/100\n|-item|p1a: Gholdengo|Air Balloon\n|turn|5\n|\n|t:|1700280904\n|move|p2a: Krookodile|Knock Off|p1a: Gholdengo\n|-supereffective|p1a: Gholdengo\n|-damage|p1a: Gholdengo|0 fnt\n|-enditem|p1a: Gholdengo|Air Balloon\n|faint|p1a: Gholdengo\n|-ability|p2a: Krookodile|Moxie|boost\n|-boost|p2a: Krookodile|atk|1\n|\n|-weather|none\n|upkeep\n|\n|t:|1700280912\n|switch|p1a: Dragapult|Dragapult, M|100\/100\n|turn|6\n|\n|t:|1700280917\n|move|p2a: Krookodile|Knock Off|p1a: Dragapult\n|-supereffective|p1a: Dragapult\n|-damage|p1a: Dragapult|0 fnt\n|replace|p1a: Zoroark|Zoroark-Hisui, F\n|-end|p1a: Zoroark|Illusion\n|-enditem|p1a: Zoroark|Choice Specs|[from] move: Knock Off|[of] p2a: Krookodile\n|faint|p1a: Zoroark\n|-ability|p2a: Krookodile|Moxie|boost\n|-boost|p2a: Krookodile|atk|1\n|\n|upkeep\n|\n|t:|1700280928\n|switch|p1a: Oricorio|Oricorio-Sensu, F|100\/100\n|turn|7\n|\n|t:|1700280936\n|move|p2a: Krookodile|Knock Off|p1a: Oricorio\n|-supereffective|p1a: Oricorio\n|-damage|p1a: Oricorio|0 fnt\n|-enditem|p1a: Oricorio|Heavy-Duty Boots|[from] move: Knock Off|[of] p2a: Krookodile\n|faint|p1a: Oricorio\n|-ability|p2a: Krookodile|Moxie|boost\n|-boost|p2a: Krookodile|atk|1\n|\n|upkeep\n|\n|t:|1700280938\n|switch|p1a: Gengar|Gengar, F|100\/100\n|turn|8\n|\n|t:|1700280944\n|move|p1a: Gengar|Hex|p2a: Krookodile\n|-resisted|p2a: Krookodile\n|-damage|p2a: Krookodile|88\/100\n|move|p2a: Krookodile|Knock Off|p1a: Gengar\n|-supereffective|p1a: Gengar\n|-damage|p1a: Gengar|0 fnt\n|-enditem|p1a: Gengar|Choice Scarf|[from] move: Knock Off|[of] p2a: Krookodile\n|faint|p1a: Gengar\n|-ability|p2a: Krookodile|Moxie|boost\n|-boost|p2a: Krookodile|atk|1\n|\n|-sideend|p2: nickizard2|move: Aurora Veil\n|upkeep\n|\n|t:|1700280949\n|switch|p1a: Dragapult|Dragapult, M|100\/100\n|turn|9\n|\n|t:|1700280955\n|move|p2a: Krookodile|Knock Off|p1a: Dragapult\n|-supereffective|p1a: Dragapult\n|-crit|p1a: Dragapult\n|-damage|p1a: Dragapult|0 fnt\n|-enditem|p1a: Dragapult|Choice Band|[from] move: Knock Off|[of] p2a: Krookodile\n|faint|p1a: Dragapult\n|\n|win|nickizard2\n|l|\u2606Jo4h\n","uploadtime":1700281416,"views":31,"p1id":"jo4h","p2id":"nickizard2","formatid":"gen9ubers","rating":0,"private":0,"password":""}