{"id":"gen9ubers-1983072560","p1":"block strings","p2":"LML0088","format":"[Gen 9] Ubers","log":"|j|\u2606block strings\n|j|\u2606LML0088\n|t:|1699079794\n|gametype|singles\n|player|p1|block strings|marley|1263\n|player|p2|LML0088|rosa|1214\n|teamsize|p1|6\n|teamsize|p2|6\n|gen|9\n|tier|[Gen 9] Ubers\n|rated|\n|rule|Sleep Clause Mod: Limit one foe put to sleep\n|rule|Species Clause: Limit one of each Pok\u00e9mon\n|rule|OHKO Clause: OHKO moves are banned\n|rule|Evasion Items Clause: Evasion items are banned\n|rule|Evasion Moves Clause: Evasion moves are banned\n|rule|Endless Battle Clause: Forcing endless battles is banned\n|rule|HP Percentage Mod: HP is shown in percentages\n|clearpoke\n|poke|p1|Chi-Yu|\n|poke|p1|Skeledirge, M|\n|poke|p1|Koraidon|\n|poke|p1|Ogerpon-Hearthflame, F|\n|poke|p1|Magearna-Original|\n|poke|p1|Ting-Lu|\n|poke|p2|Miraidon|\n|poke|p2|Chi-Yu|\n|poke|p2|Grimmsnarl, M|\n|poke|p2|Flutter Mane|\n|poke|p2|Urshifu-*, F|\n|poke|p2|Skeledirge, F|\n|teampreview\n|inactive|Battle timer is ON: inactive players will automatically lose when time's up. (requested by block strings)\n|\n|t:|1699079825\n|start\n|switch|p1a: Koraidon|Koraidon|100\/100\n|switch|p2a: Grimmsnarl|Grimmsnarl, M|100\/100\n|-weather|SunnyDay|[from] ability: Orichalcum Pulse|[of] p1a: Koraidon\n|-activate|p1a: Koraidon|Orichalcum Pulse|[source]\n|turn|1\n|j| nurse ally\n|\n|t:|1699079836\n|switch|p1a: Ting-Lu|Ting-Lu|100\/100\n|-ability|p1a: Ting-Lu|Vessel of Ruin\n|move|p2a: Grimmsnarl|Reflect|p2a: Grimmsnarl\n|-sidestart|p2: LML0088|Reflect\n|\n|-weather|SunnyDay|[upkeep]\n|upkeep\n|turn|2\n|c| nurse ally|fuck him up!!\n|\n|t:|1699079842\n|move|p2a: Grimmsnarl|Light Screen|p2a: Grimmsnarl\n|-sidestart|p2: LML0088|move: Light Screen\n|move|p1a: Ting-Lu|Spikes|p2a: Grimmsnarl\n|-sidestart|p2: LML0088|Spikes\n|\n|-weather|SunnyDay|[upkeep]\n|upkeep\n|turn|3\n|\n|t:|1699079855\n|switch|p2a: Chi-Yu|Chi-Yu|100\/100\n|-ability|p2a: Chi-Yu|Beads of Ruin\n|move|p1a: Ting-Lu|Spikes|p2a: Chi-Yu\n|-sidestart|p2: LML0088|Spikes\n|\n|-weather|SunnyDay|[upkeep]\n|upkeep\n|turn|4\n|\n|t:|1699079869\n|switch|p1a: Koraidon|Koraidon|100\/100\n|-activate|p1a: Koraidon|ability: Orichalcum Pulse\n|move|p2a: Chi-Yu|Nasty Plot|p2a: Chi-Yu\n|-boost|p2a: Chi-Yu|spa|2\n|\n|-weather|SunnyDay|[upkeep]\n|upkeep\n|turn|5\n|\n|t:|1699079881\n|-terastallize|p2a: Chi-Yu|Fire\n|move|p1a: Koraidon|Collision Course|p2a: Chi-Yu\n|-damage|p2a: Chi-Yu|39\/100\n|move|p2a: Chi-Yu|Psychic|p1a: Koraidon\n|-supereffective|p1a: Koraidon\n|-damage|p1a: Koraidon|0 fnt\n|faint|p1a: Koraidon\n|\n|-weather|none\n|upkeep\n|\n|t:|1699079894\n|switch|p1a: Ting-Lu|Ting-Lu|100\/100\n|-ability|p1a: Ting-Lu|Vessel of Ruin\n|turn|6\n|\n|t:|1699079899\n|move|p2a: Chi-Yu|Flamethrower|p1a: Ting-Lu\n|-damage|p1a: Ting-Lu|31\/100\n|move|p1a: Ting-Lu|Earthquake|p2a: Chi-Yu\n|-supereffective|p2a: Chi-Yu\n|-damage|p2a: Chi-Yu|0 fnt\n|faint|p2a: Chi-Yu\n|\n|-heal|p1a: Ting-Lu|37\/100|[from] item: Leftovers\n|upkeep\n|\n|t:|1699079908\n|switch|p2a: Flutter Mane|Flutter Mane|100\/100\n|-damage|p2a: Flutter Mane|84\/100|[from] Spikes\n|-enditem|p2a: Flutter Mane|Booster Energy\n|-activate|p2a: Flutter Mane|ability: Protosynthesis|[fromitem]\n|-start|p2a: Flutter Mane|protosynthesisspe\n|turn|7\n|\n|t:|1699079923\n|move|p2a: Flutter Mane|Moonblast|p1a: Ting-Lu\n|-supereffective|p1a: Ting-Lu\n|-damage|p1a: Ting-Lu|0 fnt\n|faint|p1a: Ting-Lu\n|\n|upkeep\n|\n|t:|1699079932\n|switch|p1a: Magearna|Magearna-Original|100\/100\n|turn|8\n|\n|t:|1699079942\n|move|p2a: Flutter Mane|Shadow Ball|p1a: Magearna\n|-damage|p1a: Magearna|61\/100\n|move|p1a: Magearna|Calm Mind|p1a: Magearna\n|-boost|p1a: Magearna|spa|1\n|-boost|p1a: Magearna|spd|1\n|\n|-heal|p1a: Magearna|68\/100|[from] item: Leftovers\n|-sideend|p2: LML0088|Reflect\n|upkeep\n|turn|9\n|\n|t:|1699079953\n|move|p2a: Flutter Mane|Shadow Ball|p1a: Magearna\n|-damage|p1a: Magearna|40\/100\n|move|p1a: Magearna|Iron Head|p2a: Flutter Mane\n|-supereffective|p2a: Flutter Mane\n|-damage|p2a: Flutter Mane|0 fnt\n|faint|p2a: Flutter Mane\n|-ability|p1a: Magearna|Soul-Heart|boost\n|-boost|p1a: Magearna|spa|1\n|-end|p2a: Flutter Mane|Protosynthesis|[silent]\n|\n|-heal|p1a: Magearna|47\/100|[from] item: Leftovers\n|-sideend|p2: LML0088|move: Light Screen\n|upkeep\n|\n|t:|1699079967\n|switch|p2a: Urshifu|Urshifu-Rapid-Strike, F|100\/100\n|-damage|p2a: Urshifu|84\/100|[from] Spikes\n|turn|10\n|\n|t:|1699079972\n|move|p2a: Urshifu|Surging Strikes|p1a: Magearna\n|-crit|p1a: Magearna\n|-damage|p1a: Magearna|34\/100\n|-crit|p1a: Magearna\n|-damage|p1a: Magearna|22\/100\n|-crit|p1a: Magearna\n|-damage|p1a: Magearna|10\/100\n|-hitcount|p1a: Magearna|3\n|move|p1a: Magearna|Draining Kiss|p2a: Urshifu\n|-supereffective|p2a: Urshifu\n|-damage|p2a: Urshifu|13\/100\n|-heal|p1a: Magearna|64\/100|[from] drain|[of] p2a: Urshifu\n|\n|-heal|p1a: Magearna|71\/100|[from] item: Leftovers\n|upkeep\n|turn|11\n|\n|t:|1699079986\n|move|p2a: Urshifu|U-turn|p1a: Magearna\n|-resisted|p1a: Magearna\n|-damage|p1a: Magearna|67\/100\n|\n|t:|1699079989\n|switch|p2a: Skeledirge|Skeledirge, F|100\/100|[from] U-turn\n|-damage|p2a: Skeledirge|84\/100|[from] Spikes\n|move|p1a: Magearna|Draining Kiss|p2a: Skeledirge\n|-resisted|p2a: Skeledirge\n|-damage|p2a: Skeledirge|74\/100\n|-heal|p1a: Magearna|75\/100|[from] drain|[of] p2a: Skeledirge\n|\n|-heal|p2a: Skeledirge|80\/100|[from] item: Leftovers\n|-heal|p1a: Magearna|82\/100|[from] item: Leftovers\n|upkeep\n|turn|12\n|inactive|block strings has 120 seconds left.\n|\n|t:|1699080038\n|switch|p1a: Ogerpon|Ogerpon-Hearthflame, F|100\/100\n|-ability|p1a: Ogerpon|Mold Breaker\n|move|p2a: Skeledirge|Will-O-Wisp|p1a: Ogerpon\n|-immune|p1a: Ogerpon\n|\n|-heal|p2a: Skeledirge|87\/100|[from] item: Leftovers\n|upkeep\n|turn|13\n|\n|t:|1699080047\n|switch|p2a: Grimmsnarl|Grimmsnarl, M|100\/100\n|-damage|p2a: Grimmsnarl|84\/100|[from] Spikes\n|move|p1a: Ogerpon|Knock Off|p2a: Grimmsnarl\n|-resisted|p2a: Grimmsnarl\n|-damage|p2a: Grimmsnarl|75\/100\n|-enditem|p2a: Grimmsnarl|Light Clay|[from] move: Knock Off|[of] p1a: Ogerpon\n|\n|upkeep\n|turn|14\n|\n|t:|1699080061\n|move|p2a: Grimmsnarl|Reflect|p2a: Grimmsnarl\n|-sidestart|p2: LML0088|Reflect\n|move|p1a: Ogerpon|Ivy Cudgel|p2a: Grimmsnarl\n|-damage|p2a: Grimmsnarl|47\/100\n|\n|upkeep\n|turn|15\n|\n|t:|1699080065\n|move|p2a: Grimmsnarl|Light Screen|p2a: Grimmsnarl\n|-sidestart|p2: LML0088|move: Light Screen\n|move|p1a: Ogerpon|Ivy Cudgel|p2a: Grimmsnarl\n|-damage|p2a: Grimmsnarl|17\/100\n|\n|upkeep\n|turn|16\n|\n|t:|1699080071\n|switch|p1a: Chi-Yu|Chi-Yu|100\/100\n|-ability|p1a: Chi-Yu|Beads of Ruin\n|move|p2a: Grimmsnarl|Taunt|p1a: Chi-Yu\n|-hint|Since gen 7, Dark is immune to Prankster moves.\n|-immune|p1a: Chi-Yu\n|\n|upkeep\n|turn|17\n|\n|t:|1699080077\n|move|p1a: Chi-Yu|Flamethrower|p2a: Grimmsnarl\n|-damage|p2a: Grimmsnarl|0 fnt\n|faint|p2a: Grimmsnarl\n|\n|upkeep\n|\n|t:|1699080080\n|switch|p2a: Miraidon|Miraidon|100\/100\n|-damage|p2a: Miraidon|84\/100|[from] Spikes\n|-fieldstart|move: Electric Terrain|[from] ability: Hadron Engine|[of] p2a: Miraidon\n|turn|18\n|\n|t:|1699080084\n|switch|p1a: Skeledirge|Skeledirge, M, shiny|100\/100\n|move|p2a: Miraidon|Calm Mind|p2a: Miraidon\n|-boost|p2a: Miraidon|spa|1\n|-boost|p2a: Miraidon|spd|1\n|\n|-heal|p2a: Miraidon|90\/100|[from] item: Leftovers\n|-sideend|p2: LML0088|Reflect\n|upkeep\n|turn|19\n|\n|t:|1699080089\n|move|p2a: Miraidon|Parabolic Charge|p1a: Skeledirge\n|-damage|p1a: Skeledirge|35\/100\n|-heal|p2a: Miraidon|100\/100|[from] drain|[of] p1a: Skeledirge\n|move|p1a: Skeledirge|Will-O-Wisp|p2a: Miraidon\n|-status|p2a: Miraidon|brn\n|\n|-damage|p2a: Miraidon|94\/100 brn|[from] brn\n|-sideend|p2: LML0088|move: Light Screen\n|upkeep\n|turn|20\n|\n|t:|1699080099\n|move|p2a: Miraidon|Parabolic Charge|p1a: Skeledirge\n|-damage|p1a: Skeledirge|0 fnt\n|-heal|p2a: Miraidon|100\/100 brn|[from] drain|[of] p1a: Skeledirge\n|faint|p1a: Skeledirge\n|\n|-damage|p2a: Miraidon|94\/100 brn|[from] brn\n|upkeep\n|\n|t:|1699080118\n|switch|p1a: Magearna|Magearna-Original|82\/100\n|turn|21\n|\n|t:|1699080125\n|-terastallize|p1a: Magearna|Ground\n|move|p2a: Miraidon|Parabolic Charge|p1a: Magearna\n|-immune|p1a: Magearna\n|move|p1a: Magearna|Draining Kiss|p2a: Miraidon\n|-supereffective|p2a: Miraidon\n|-damage|p2a: Miraidon|68\/100 brn\n|-heal|p1a: Magearna|100\/100|[from] drain|[of] p2a: Miraidon\n|\n|-heal|p2a: Miraidon|74\/100 brn|[from] item: Leftovers\n|-damage|p2a: Miraidon|68\/100 brn|[from] brn\n|upkeep\n|turn|22\n|\n|t:|1699080133\n|move|p2a: Miraidon|Dragon Pulse|p1a: Magearna\n|-damage|p1a: Magearna|19\/100\n|move|p1a: Magearna|Draining Kiss|p2a: Miraidon\n|-supereffective|p2a: Miraidon\n|-damage|p2a: Miraidon|42\/100 brn\n|-heal|p1a: Magearna|38\/100|[from] drain|[of] p2a: Miraidon\n|\n|-heal|p2a: Miraidon|48\/100 brn|[from] item: Leftovers\n|-heal|p1a: Magearna|44\/100|[from] item: Leftovers\n|-damage|p2a: Miraidon|42\/100 brn|[from] brn\n|-fieldend|move: Electric Terrain\n|upkeep\n|turn|23\n|\n|t:|1699080137\n|move|p2a: Miraidon|Dragon Pulse|p1a: Magearna\n|-damage|p1a: Magearna|0 fnt\n|faint|p1a: Magearna\n|\n|-heal|p2a: Miraidon|48\/100 brn|[from] item: Leftovers\n|-damage|p2a: Miraidon|42\/100 brn|[from] brn\n|upkeep\n|\n|t:|1699080142\n|switch|p1a: Ogerpon|Ogerpon-Hearthflame, F|100\/100\n|-ability|p1a: Ogerpon|Mold Breaker\n|turn|24\n|\n|t:|1699080147\n|move|p2a: Miraidon|Dragon Pulse|p1a: Ogerpon\n|-damage|p1a: Ogerpon|6\/100\n|move|p1a: Ogerpon|Knock Off|p2a: Miraidon\n|-damage|p2a: Miraidon|3\/100 brn\n|-enditem|p2a: Miraidon|Leftovers|[from] move: Knock Off|[of] p1a: Ogerpon\n|\n|-damage|p2a: Miraidon|0 fnt|[from] brn\n|faint|p2a: Miraidon\n|upkeep\n|\n|t:|1699080152\n|switch|p2a: Skeledirge|Skeledirge, F|87\/100\n|-damage|p2a: Skeledirge|70\/100|[from] Spikes\n|turn|25\n|\n|t:|1699080158\n|move|p1a: Ogerpon|Knock Off|p2a: Skeledirge\n|-supereffective|p2a: Skeledirge\n|-damage|p2a: Skeledirge|12\/100\n|-enditem|p2a: Skeledirge|Leftovers|[from] move: Knock Off|[of] p1a: Ogerpon\n|move|p2a: Skeledirge|Torch Song|p1a: Ogerpon\n|-damage|p1a: Ogerpon|0 fnt\n|-boost|p2a: Skeledirge|spa|1\n|faint|p1a: Ogerpon\n|\n|upkeep\n|\n|t:|1699080160\n|switch|p1a: Chi-Yu|Chi-Yu|100\/100\n|-ability|p1a: Chi-Yu|Beads of Ruin\n|turn|26\n|\n|t:|1699080168\n|move|p1a: Chi-Yu|Dark Pulse|p2a: Skeledirge\n|-supereffective|p2a: Skeledirge\n|-damage|p2a: Skeledirge|0 fnt\n|faint|p2a: Skeledirge\n|\n|upkeep\n|c|\u2606block strings|gg\n|\n|t:|1699080170\n|switch|p2a: Urshifu|Urshifu-Rapid-Strike, F|13\/100\n|-damage|p2a: Urshifu|0 fnt|[from] Spikes\n|faint|p2a: Urshifu\n|\n|win|block strings\n|raw|block strings's rating: 1263 &rarr; <strong>1284<\/strong><br \/>(+21 for winning)\n|raw|LML0088's rating: 1214 &rarr; <strong>1193<\/strong><br \/>(-21 for losing)\n","uploadtime":1699079842,"views":5,"p1id":"blockstrings","p2id":"lml0088","formatid":"gen9ubers","rating":1193,"private":0,"password":""}