{"id":"gen9ubers-1997956110","p1":"guupy42","p2":"Keith Burnett","format":"[Gen 9] Ubers","log":"|j|\u2606guupy42\n|j|\u203dKeith Burnett\n|t:|1700871903\n|gametype|singles\n|player|p1|guupy42|fisherman-gen4|1040\n|player|p2|Keith Burnett|102|1217\n|teamsize|p1|6\n|teamsize|p2|6\n|gen|9\n|tier|[Gen 9] Ubers\n|rated|\n|rule|Sleep Clause Mod: Limit one foe put to sleep\n|rule|Species Clause: Limit one of each Pok\u00e9mon\n|rule|OHKO Clause: OHKO moves are banned\n|rule|Evasion Items Clause: Evasion items are banned\n|rule|Evasion Moves Clause: Evasion moves are banned\n|rule|Endless Battle Clause: Forcing endless battles is banned\n|rule|HP Percentage Mod: HP is shown in percentages\n|clearpoke\n|poke|p1|Gyarados, M|\n|poke|p1|Clawitzer, F|\n|poke|p1|Talonflame, M|\n|poke|p1|Trevenant, M|\n|poke|p1|Pelipper, M|\n|poke|p1|Chandelure, M|\n|poke|p2|Pelipper, M|\n|poke|p2|Iron Treads|\n|poke|p2|Iron Bundle|\n|poke|p2|Koraidon|\n|poke|p2|Miraidon|\n|poke|p2|Zacian-*|\n|teampreview\n|\n|t:|1700871938\n|start\n|switch|p1a: Sherman|Clawitzer, F|100\/100\n|switch|p2a: Miraidon|Miraidon|100\/100\n|-fieldstart|move: Electric Terrain|[from] ability: Hadron Engine|[of] p2a: Miraidon\n|turn|1\n|\n|t:|1700871952\n|move|p2a: Miraidon|Electro Drift|p1a: Sherman\n|-supereffective|p1a: Sherman\n|-damage|p1a: Sherman|0 fnt\n|faint|p1a: Sherman\n|\n|upkeep\n|\n|t:|1700871962\n|switch|p1a: Fawkes|Talonflame, M|100\/100\n|turn|2\n|\n|t:|1700871979\n|move|p2a: Miraidon|Electro Drift|p1a: Fawkes\n|-supereffective|p1a: Fawkes\n|-crit|p1a: Fawkes\n|-damage|p1a: Fawkes|0 fnt\n|faint|p1a: Fawkes\n|\n|upkeep\n|\n|t:|1700871985\n|switch|p1a: Eclipse|Trevenant, M|100\/100\n|turn|3\n|\n|t:|1700871995\n|move|p2a: Miraidon|Electro Drift|p1a: Eclipse\n|-resisted|p1a: Eclipse\n|-crit|p1a: Eclipse\n|-damage|p1a: Eclipse|0 fnt\n|faint|p1a: Eclipse\n|\n|upkeep\n|inactive|Battle timer is ON: inactive players will automatically lose when time's up. (requested by Keith Burnett)\n|\n|t:|1700872001\n|switch|p1a: Sunrise|Gyarados, M|100\/100\n|-ability|p1a: Sunrise|Intimidate|boost\n|-unboost|p2a: Miraidon|atk|1\n|turn|4\n|\n|t:|1700872015\n|-terastallize|p1a: Sunrise|Water\n|move|p2a: Miraidon|Electro Drift|p1a: Sunrise\n|-supereffective|p1a: Sunrise\n|-damage|p1a: Sunrise|0 fnt\n|faint|p1a: Sunrise\n|\n|upkeep\n|\n|t:|1700872023\n|switch|p1a: Moonlight|Pelipper, M|100\/100\n|-weather|RainDance|[from] ability: Drizzle|[of] p1a: Moonlight\n|turn|5\n|\n|t:|1700872033\n|move|p2a: Miraidon|Electro Drift|p1a: Moonlight\n|-supereffective|p1a: Moonlight\n|-damage|p1a: Moonlight|0 fnt\n|faint|p1a: Moonlight\n|\n|-weather|RainDance|[upkeep]\n|-fieldend|move: Electric Terrain\n|upkeep\n|\n|t:|1700872037\n|switch|p1a: Candle|Chandelure, M|100\/100\n|turn|6\n|\n|t:|1700872043\n|move|p2a: Miraidon|Electro Drift|p1a: Candle\n|-damage|p1a: Candle|2\/100\n|move|p1a: Candle|Night Shade|p2a: Miraidon\n|-damage|p2a: Miraidon|71\/100\n|\n|-weather|RainDance|[upkeep]\n|upkeep\n|turn|7\n|\n|t:|1700872051\n|move|p2a: Miraidon|Electro Drift|p1a: Candle\n|-damage|p1a: Candle|0 fnt\n|faint|p1a: Candle\n|\n|win|Keith Burnett\n|raw|guupy42's rating: 1040 &rarr; <strong>1032<\/strong><br \/>(-8 for losing)\n|raw|Keith Burnett's rating: 1217 &rarr; <strong>1230<\/strong><br \/>(+13 for winning)\n","uploadtime":1700872060,"views":2,"p1id":"guupy42","p2id":"keithburnett","formatid":"gen9ubers","rating":1032,"private":0,"password":""}