{"id":"gen9ubers-1981711156","p1":"RubenPaCe","p2":"Leo Justice","format":"[Gen 9] Ubers","log":"|j|\u2606RubenPaCe\n|j|\u2606Leo Justice\n|t:|1698935717\n|gametype|singles\n|player|p1|RubenPaCe|camper|\n|player|p2|Leo Justice|carmine|\n|teamsize|p1|6\n|teamsize|p2|6\n|gen|9\n|tier|[Gen 9] Ubers\n|rule|Sleep Clause Mod: Limit one foe put to sleep\n|rule|Species Clause: Limit one of each Pok\u00e9mon\n|rule|OHKO Clause: OHKO moves are banned\n|rule|Evasion Items Clause: Evasion items are banned\n|rule|Evasion Moves Clause: Evasion moves are banned\n|rule|Endless Battle Clause: Forcing endless battles is banned\n|rule|HP Percentage Mod: HP is shown in percentages\n|clearpoke\n|poke|p1|Pelipper, M|\n|poke|p1|Palafin, F|\n|poke|p1|Basculegion-F, F|\n|poke|p1|Magearna|\n|poke|p1|Arceus-Poison|\n|poke|p1|Dialga|\n|poke|p2|Dialga|\n|poke|p2|Moltres|\n|poke|p2|Palafin, M|\n|poke|p2|Arceus-Ghost|\n|poke|p2|Cyclizar, F|\n|poke|p2|Chi-Yu|\n|teampreview\n|c|\u2606Leo Justice|Basc\n|c|\u2606Leo Justice|disgusting\n|c|\u2606RubenPaCe|it's totally balanced wdym\n|\n|t:|1698935744\n|start\n|switch|p1a: Palafin|Palafin, F|100\/100\n|switch|p2a: Palafin|Palafin, M|100\/100\n|turn|1\n|\n|t:|1698935772\n|detailschange|p1a: Palafin|Palafin-Hero, F\n|switch|p1a: Dialga|Dialga|100\/100\n|-ability|p1a: Dialga|Pressure\n|move|p2a: Palafin|Flip Turn|p1a: Dialga\n|-resisted|p1a: Dialga\n|-damage|p1a: Dialga|87\/100\n|\n|t:|1698935808\n|detailschange|p2a: Palafin|Palafin-Hero, M\n|switch|p2a: Cyclizar|Cyclizar, F|100\/100|[from] Flip Turn\n|\n|-heal|p1a: Dialga|93\/100|[from] item: Leftovers\n|upkeep\n|turn|2\n|\n|t:|1698935822\n|move|p2a: Cyclizar|Shed Tail|p2a: Cyclizar\n|-start|p2a: Cyclizar|Substitute|[from] move: Shed Tail\n|-damage|p2a: Cyclizar|50\/100\n|\n|t:|1698935828\n|switch|p2a: Palafin|Palafin-Hero, M|100\/100|[from] Shed Tail\n|-activate|p2a: Palafin|ability: Zero to Hero\n|move|p1a: Dialga|Roar|p2a: Palafin\n|drag|p2a: Arceus|Arceus-Ghost|100\/100\n|\n|-heal|p1a: Dialga|99\/100|[from] item: Leftovers\n|upkeep\n|turn|3\n|\n|t:|1698935838\n|move|p2a: Arceus|Shadow Claw|p1a: Dialga\n|-damage|p1a: Dialga|69\/100\n|move|p1a: Dialga|Stealth Rock|p2a: Arceus\n|-sidestart|p2: Leo Justice|move: Stealth Rock\n|\n|-heal|p1a: Dialga|75\/100|[from] item: Leftovers\n|upkeep\n|turn|4\n|\n|t:|1698935843\n|switch|p1a: Magearna|Magearna|100\/100\n|move|p2a: Arceus|Swords Dance|p2a: Arceus\n|-boost|p2a: Arceus|atk|2\n|\n|upkeep\n|turn|5\n|\n|t:|1698935852\n|move|p2a: Arceus|Shadow Claw|p1a: Magearna\n|-damage|p1a: Magearna|36\/100\n|move|p1a: Magearna|Volt Switch|p2a: Arceus\n|-damage|p2a: Arceus|87\/100\n|\n|t:|1698935861\n|switch|p1a: Arceus|Arceus-Poison|100\/100|[from] Volt Switch\n|\n|upkeep\n|turn|6\n|\n|t:|1698935877\n|switch|p2a: Chi-Yu|Chi-Yu|100\/100\n|-damage|p2a: Chi-Yu|76\/100|[from] Stealth Rock\n|-ability|p2a: Chi-Yu|Beads of Ruin\n|move|p1a: Arceus|Calm Mind|p1a: Arceus\n|-boost|p1a: Arceus|spa|1\n|-boost|p1a: Arceus|spd|1\n|\n|upkeep\n|turn|7\n|\n|t:|1698935884\n|move|p2a: Chi-Yu|Dark Pulse|p1a: Arceus\n|-crit|p1a: Arceus\n|-damage|p1a: Arceus|45\/100\n|move|p1a: Arceus|Earth Power|p2a: Chi-Yu\n|-supereffective|p2a: Chi-Yu\n|-damage|p2a: Chi-Yu|0 fnt\n|faint|p2a: Chi-Yu\n|\n|upkeep\n|\n|t:|1698935925\n|switch|p2a: Arceus|Arceus-Ghost|87\/100\n|-damage|p2a: Arceus|75\/100|[from] Stealth Rock\n|turn|8\n|\n|t:|1698935929\n|move|p1a: Arceus|Taunt|p2a: Arceus\n|-start|p2a: Arceus|move: Taunt\n|cant|p2a: Arceus|move: Taunt|Swords Dance\n|\n|upkeep\n|turn|9\n|\n|t:|1698935935\n|move|p1a: Arceus|Judgment|p2a: Arceus\n|-resisted|p2a: Arceus\n|-damage|p2a: Arceus|53\/100\n|move|p2a: Arceus|Shadow Claw|p1a: Arceus\n|-damage|p1a: Arceus|12\/100\n|\n|upkeep\n|turn|10\n|\n|t:|1698935941\n|move|p2a: Arceus|Extreme Speed|p1a: Arceus\n|-damage|p1a: Arceus|0 fnt\n|faint|p1a: Arceus\n|\n|-end|p2a: Arceus|move: Taunt\n|upkeep\n|\n|t:|1698935946\n|switch|p1a: Pelipper|Pelipper, M|100\/100\n|-weather|RainDance|[from] ability: Drizzle|[of] p1a: Pelipper\n|turn|11\n|\n|t:|1698935951\n|move|p2a: Arceus|Recover|p2a: Arceus\n|-heal|p2a: Arceus|100\/100\n|move|p1a: Pelipper|U-turn|p2a: Arceus\n|-resisted|p2a: Arceus\n|-damage|p2a: Arceus|98\/100\n|\n|t:|1698935955\n|switch|p1a: Palafin|Palafin-Hero, F|100\/100|[from] U-turn\n|-activate|p1a: Palafin|ability: Zero to Hero\n|\n|-weather|RainDance|[upkeep]\n|upkeep\n|turn|12\n|\n|t:|1698935964\n|switch|p2a: Moltres|Moltres|100\/100\n|move|p1a: Palafin|Flip Turn|p2a: Moltres\n|-supereffective|p2a: Moltres\n|-damage|p2a: Moltres|0 fnt\n|-status|p1a: Palafin|brn|[from] ability: Flame Body|[of] p2a: Moltres\n|faint|p2a: Moltres\n|\n|t:|1698935975\n|switch|p1a: Magearna|Magearna|36\/100|[from] Flip Turn\n|\n|-weather|RainDance|[upkeep]\n|-heal|p1a: Magearna|42\/100|[from] item: Leftovers\n|upkeep\n|c|\u2606Leo Justice|Moltres did its job\n|\n|t:|1698935981\n|switch|p2a: Cyclizar|Cyclizar, F|84\/100\n|turn|13\n|\n|t:|1698935989\n|move|p2a: Cyclizar|Knock Off|p1a: Magearna\n|-resisted|p1a: Magearna\n|-damage|p1a: Magearna|34\/100\n|-enditem|p1a: Magearna|Leftovers|[from] move: Knock Off|[of] p2a: Cyclizar\n|move|p1a: Magearna|Volt Switch|p2a: Cyclizar\n|-resisted|p2a: Cyclizar\n|-damage|p2a: Cyclizar|68\/100\n|\n|t:|1698936001\n|switch|p1a: Palafin|Palafin-Hero, F|100\/100 brn|[from] Volt Switch\n|\n|-weather|RainDance|[upkeep]\n|-damage|p1a: Palafin|94\/100 brn|[from] brn\n|upkeep\n|turn|14\n|\n|t:|1698936010\n|switch|p2a: Arceus|Arceus-Ghost|98\/100\n|-damage|p2a: Arceus|85\/100|[from] Stealth Rock\n|move|p1a: Palafin|Jet Punch|p2a: Arceus\n|-damage|p2a: Arceus|53\/100\n|\n|-weather|RainDance|[upkeep]\n|-damage|p1a: Palafin|88\/100 brn|[from] brn\n|upkeep\n|turn|15\n|\n|t:|1698936018\n|switch|p1a: Basculegion|Basculegion-F, F|100\/100\n|move|p2a: Arceus|Recover|p2a: Arceus\n|-heal|p2a: Arceus|100\/100\n|\n|-weather|RainDance|[upkeep]\n|upkeep\n|turn|16\n|\n|t:|1698936026\n|-terastallize|p2a: Arceus|Normal\n|move|p1a: Basculegion|Flip Turn|p2a: Arceus\n|-damage|p2a: Arceus|73\/100\n|\n|t:|1698936030\n|switch|p1a: Palafin|Palafin-Hero, F|88\/100 brn|[from] Flip Turn\n|move|p2a: Arceus|Shadow Claw|p1a: Palafin\n|-damage|p1a: Palafin|47\/100 brn\n|\n|-weather|RainDance|[upkeep]\n|-damage|p1a: Palafin|41\/100 brn|[from] brn\n|upkeep\n|turn|17\n|\n|t:|1698936047\n|move|p2a: Arceus|Extreme Speed|p1a: Palafin\n|-damage|p1a: Palafin|6\/100 brn\n|move|p1a: Palafin|Close Combat|p2a: Arceus\n|-supereffective|p2a: Arceus\n|-damage|p2a: Arceus|20\/100\n|-unboost|p1a: Palafin|def|1\n|-unboost|p1a: Palafin|spd|1\n|\n|-weather|RainDance|[upkeep]\n|-damage|p1a: Palafin|0 fnt|[from] brn\n|faint|p1a: Palafin\n|upkeep\n|\n|t:|1698936052\n|switch|p1a: Basculegion|Basculegion-F, F|100\/100\n|turn|18\n|\n|t:|1698936056\n|switch|p2a: Cyclizar|Cyclizar, F|100\/100\n|move|p1a: Basculegion|Wave Crash|p2a: Cyclizar\n|-resisted|p2a: Cyclizar\n|-damage|p2a: Cyclizar|44\/100\n|-damage|p1a: Basculegion|84\/100|[from] Recoil\n|\n|-weather|none\n|upkeep\n|turn|19\n|\n|t:|1698936070\n|switch|p1a: Magearna|Magearna|34\/100\n|move|p2a: Cyclizar|Rapid Spin|p1a: Magearna\n|-resisted|p1a: Magearna\n|-damage|p1a: Magearna|28\/100\n|-boost|p2a: Cyclizar|spe|1\n|-sideend|p2: Leo Justice|Stealth Rock|[from] move: Rapid Spin|[of] p2a: Cyclizar\n|\n|upkeep\n|turn|20\n|\n|t:|1698936081\n|switch|p2a: Dialga|Dialga|100\/100\n|-ability|p2a: Dialga|Pressure\n|move|p1a: Magearna|Thunder Wave|p2a: Dialga\n|-status|p2a: Dialga|par\n|\n|upkeep\n|turn|21\n|\n|t:|1698936091\n|move|p1a: Magearna|Spikes|p2a: Dialga\n|-sidestart|p2: Leo Justice|Spikes\n|cant|p2a: Dialga|par\n|\n|upkeep\n|turn|22\n|\n|t:|1698936095\n|switch|p2a: Arceus|Arceus-Ghost, tera:Normal|20\/100\n|-damage|p2a: Arceus|7\/100|[from] Spikes\n|move|p1a: Magearna|Spikes|p2a: Arceus\n|-sidestart|p2: Leo Justice|Spikes\n|\n|upkeep\n|turn|23\n|\n|t:|1698936101\n|move|p2a: Arceus|Recover|p2a: Arceus\n|-heal|p2a: Arceus|57\/100\n|move|p1a: Magearna|Thunder Wave|p2a: Arceus\n|-status|p2a: Arceus|par\n|\n|upkeep\n|turn|24\n|\n|t:|1698936105\n|move|p1a: Magearna|Volt Switch|p2a: Arceus\n|-crit|p2a: Arceus\n|-damage|p2a: Arceus|38\/100 par\n|\n|t:|1698936107\n|switch|p1a: Dialga|Dialga|75\/100|[from] Volt Switch\n|-ability|p1a: Dialga|Pressure\n|move|p2a: Arceus|Recover|p2a: Arceus\n|-heal|p2a: Arceus|88\/100 par\n|\n|-heal|p1a: Dialga|81\/100|[from] item: Leftovers\n|upkeep\n|turn|25\n|\n|t:|1698936116\n|move|p1a: Dialga|Flash Cannon|p2a: Arceus\n|-damage|p2a: Arceus|63\/100 par\n|move|p2a: Arceus|Shadow Claw|p1a: Dialga\n|-crit|p1a: Dialga\n|-damage|p1a: Dialga|29\/100\n|\n|-heal|p1a: Dialga|36\/100|[from] item: Leftovers\n|upkeep\n|turn|26\n|\n|t:|1698936125\n|switch|p1a: Pelipper|Pelipper, M|100\/100\n|-weather|RainDance|[from] ability: Drizzle|[of] p1a: Pelipper\n|cant|p2a: Arceus|par\n|\n|-weather|RainDance|[upkeep]\n|upkeep\n|turn|27\n|\n|t:|1698936133\n|move|p1a: Pelipper|Surf|p2a: Arceus\n|-damage|p2a: Arceus|35\/100 par\n|cant|p2a: Arceus|par\n|\n|-weather|RainDance|[upkeep]\n|upkeep\n|turn|28\n|\n|t:|1698936138\n|move|p1a: Pelipper|Hurricane|p2a: Arceus\n|-damage|p2a: Arceus|10\/100 par\n|move|p2a: Arceus|Recover|p2a: Arceus\n|-heal|p2a: Arceus|60\/100 par\n|\n|-weather|RainDance|[upkeep]\n|upkeep\n|turn|29\n|\n|t:|1698936145\n|move|p1a: Pelipper|Hurricane|p2a: Arceus\n|-damage|p2a: Arceus|39\/100 par\n|-start|p2a: Arceus|confusion\n|-activate|p2a: Arceus|confusion\n|move|p2a: Arceus|Recover|p2a: Arceus\n|-heal|p2a: Arceus|89\/100 par\n|\n|-weather|RainDance|[upkeep]\n|upkeep\n|turn|30\n|\n|t:|1698936153\n|switch|p2a: Dialga|Dialga|100\/100 par\n|-damage|p2a: Dialga|84\/100 par|[from] Spikes\n|-ability|p2a: Dialga|Pressure\n|move|p1a: Pelipper|Surf|p2a: Dialga\n|-resisted|p2a: Dialga\n|-damage|p2a: Dialga|71\/100 par\n|\n|-weather|RainDance|[upkeep]\n|-heal|p2a: Dialga|77\/100 par|[from] item: Leftovers\n|upkeep\n|turn|31\n|\n|t:|1698936163\n|move|p1a: Pelipper|U-turn|p2a: Dialga\n|-resisted|p2a: Dialga\n|-damage|p2a: Dialga|73\/100 par\n|\n|t:|1698936167\n|switch|p1a: Dialga|Dialga|36\/100|[from] U-turn\n|-ability|p1a: Dialga|Pressure\n|move|p2a: Dialga|Stealth Rock|p1a: Dialga\n|-sidestart|p1: RubenPaCe|move: Stealth Rock\n|\n|-weather|RainDance|[upkeep]\n|-heal|p1a: Dialga|42\/100|[from] item: Leftovers\n|-heal|p2a: Dialga|79\/100 par|[from] item: Leftovers\n|upkeep\n|turn|32\n|\n|t:|1698936176\n|move|p1a: Dialga|Draco Meteor|p2a: Dialga\n|-damage|p2a: Dialga|41\/100 par\n|-unboost|p1a: Dialga|spa|2\n|cant|p2a: Dialga|par\n|\n|-weather|RainDance|[upkeep]\n|-heal|p1a: Dialga|48\/100|[from] item: Leftovers\n|-heal|p2a: Dialga|48\/100 par|[from] item: Leftovers\n|upkeep\n|turn|33\n|\n|t:|1698936183\n|move|p1a: Dialga|Stealth Rock|p2a: Dialga\n|-sidestart|p2: Leo Justice|move: Stealth Rock\n|move|p2a: Dialga|Draco Meteor|p1a: Dialga|[miss]\n|-miss|p2a: Dialga|p1a: Dialga\n|\n|-weather|none\n|-heal|p1a: Dialga|54\/100|[from] item: Leftovers\n|-heal|p2a: Dialga|54\/100 par|[from] item: Leftovers\n|upkeep\n|turn|34\n|\n|t:|1698936191\n|cant|p2a: Dialga|par\n|move|p1a: Dialga|Roar|p2a: Dialga\n|drag|p2a: Palafin|Palafin-Hero, M|100\/100\n|-damage|p2a: Palafin|84\/100|[from] Spikes\n|-damage|p2a: Palafin|72\/100|[from] Stealth Rock\n|\n|-heal|p1a: Dialga|60\/100|[from] item: Leftovers\n|upkeep\n|turn|35\n|\n|t:|1698936201\n|switch|p1a: Magearna|Magearna|28\/100\n|-damage|p1a: Magearna|22\/100|[from] Stealth Rock\n|move|p2a: Palafin|Close Combat|p1a: Magearna\n|-damage|p1a: Magearna|0 fnt\n|-unboost|p2a: Palafin|def|1\n|-unboost|p2a: Palafin|spd|1\n|faint|p1a: Magearna\n|\n|upkeep\n|\n|t:|1698936204\n|switch|p1a: Pelipper|Pelipper, M|100\/100\n|-damage|p1a: Pelipper|76\/100|[from] Stealth Rock\n|-weather|RainDance|[from] ability: Drizzle|[of] p1a: Pelipper\n|turn|36\n|\n|t:|1698936213\n|switch|p2a: Dialga|Dialga|54\/100 par\n|-damage|p2a: Dialga|37\/100 par|[from] Spikes\n|-damage|p2a: Dialga|31\/100 par|[from] Stealth Rock\n|-ability|p2a: Dialga|Pressure\n|move|p1a: Pelipper|U-turn|p2a: Dialga\n|-resisted|p2a: Dialga\n|-damage|p2a: Dialga|27\/100 par\n|\n|t:|1698936215\n|switch|p1a: Basculegion|Basculegion-F, F|84\/100|[from] U-turn\n|-damage|p1a: Basculegion|71\/100|[from] Stealth Rock\n|\n|-weather|RainDance|[upkeep]\n|-heal|p2a: Dialga|34\/100 par|[from] item: Leftovers\n|upkeep\n|turn|37\n|\n|t:|1698936230\n|move|p1a: Basculegion|Last Respects|p2a: Dialga\n|-damage|p2a: Dialga|0 fnt\n|faint|p2a: Dialga\n|\n|-weather|RainDance|[upkeep]\n|upkeep\n|\n|t:|1698936238\n|switch|p2a: Cyclizar|Cyclizar, F|77\/100\n|turn|38\n|\n|t:|1698936242\n|move|p1a: Basculegion|Wave Crash|p2a: Cyclizar\n|-resisted|p2a: Cyclizar\n|-damage|p2a: Cyclizar|18\/100\n|-damage|p1a: Basculegion|54\/100|[from] Recoil\n|move|p2a: Cyclizar|Knock Off|p1a: Basculegion\n|-supereffective|p1a: Basculegion\n|-damage|p1a: Basculegion|0 fnt\n|-enditem|p1a: Basculegion|Spell Tag|[from] move: Knock Off|[of] p2a: Cyclizar\n|faint|p1a: Basculegion\n|\n|-weather|RainDance|[upkeep]\n|upkeep\n|\n|t:|1698936256\n|switch|p1a: Pelipper|Pelipper, M|76\/100\n|-damage|p1a: Pelipper|51\/100|[from] Stealth Rock\n|turn|39\n|\n|t:|1698936261\n|move|p2a: Cyclizar|Rapid Spin|p1a: Pelipper\n|-damage|p1a: Pelipper|37\/100\n|-boost|p2a: Cyclizar|spe|1\n|-sideend|p2: Leo Justice|Spikes|[from] move: Rapid Spin|[of] p2a: Cyclizar\n|-sideend|p2: Leo Justice|Stealth Rock|[from] move: Rapid Spin|[of] p2a: Cyclizar\n|move|p1a: Pelipper|Hurricane|p2a: Cyclizar\n|-damage|p2a: Cyclizar|0 fnt\n|faint|p2a: Cyclizar\n|\n|-weather|RainDance|[upkeep]\n|upkeep\n|\n|t:|1698936269\n|switch|p2a: Arceus|Arceus-Ghost, tera:Normal|89\/100 par\n|turn|40\n|\n|t:|1698936272\n|move|p2a: Arceus|Extreme Speed|p1a: Pelipper\n|-crit|p1a: Pelipper\n|-damage|p1a: Pelipper|0 fnt\n|faint|p1a: Pelipper\n|\n|-weather|RainDance|[upkeep]\n|upkeep\n|\n|t:|1698936276\n|switch|p1a: Dialga|Dialga|60\/100\n|-damage|p1a: Dialga|54\/100|[from] Stealth Rock\n|-ability|p1a: Dialga|Pressure\n|turn|41\n|\n|t:|1698936281\n|move|p1a: Dialga|Flash Cannon|p2a: Arceus\n|-damage|p2a: Arceus|63\/100 par\n|move|p2a: Arceus|Shadow Claw|p1a: Dialga\n|-damage|p1a: Dialga|23\/100\n|\n|-weather|RainDance|[upkeep]\n|-heal|p1a: Dialga|29\/100|[from] item: Leftovers\n|upkeep\n|turn|42\n|\n|t:|1698936287\n|move|p2a: Arceus|Shadow Claw|p1a: Dialga\n|-damage|p1a: Dialga|0 fnt\n|faint|p1a: Dialga\n|\n|win|Leo Justice\n|c|\u2606Leo Justice|gg\n|c|\u2606RubenPaCe|gg\n","uploadtime":1698936292,"views":25,"p1id":"rubenpace","p2id":"leojustice","formatid":"gen9ubers","rating":0,"private":0,"password":""}