{"id":"gen9ubers-1976019752","p1":"termofservice","p2":"babynogalXD","format":"[Gen 9] Ubers","log":"|j|\u2606termofservice\n|j|\u2606babynogalXD\n|t:|1698257045\n|gametype|singles\n|player|p1|termofservice|cynthia-masters|\n|player|p2|babynogalXD|ethan|\n|teamsize|p1|6\n|teamsize|p2|6\n|gen|9\n|tier|[Gen 9] Ubers\n|rule|Sleep Clause Mod: Limit one foe put to sleep\n|rule|Species Clause: Limit one of each Pok\u00e9mon\n|rule|OHKO Clause: OHKO moves are banned\n|rule|Evasion Items Clause: Evasion items are banned\n|rule|Evasion Moves Clause: Evasion moves are banned\n|rule|Endless Battle Clause: Forcing endless battles is banned\n|rule|HP Percentage Mod: HP is shown in percentages\n|clearpoke\n|poke|p1|Magearna|\n|poke|p1|Zacian-*|\n|poke|p1|Cyclizar, F|\n|poke|p1|Palkia-Origin|\n|poke|p1|Chi-Yu|\n|poke|p1|Shaymin-Sky|\n|poke|p2|Spectrier|\n|poke|p2|Blissey, F|\n|poke|p2|Gliscor, F|\n|poke|p2|Magearna|\n|poke|p2|Giratina|\n|poke|p2|Dondozo, F|\n|teampreview\n|\n|t:|1698257067\n|start\n|switch|p1a: Zacian|Zacian|100\/100\n|switch|p2a: Gliscor|Gliscor, F|100\/100\n|-ability|p1a: Zacian|Intrepid Sword|boost\n|-boost|p1a: Zacian|atk|1\n|turn|1\n|\n|t:|1698257108\n|move|p1a: Zacian|Play Rough|p2a: Gliscor\n|-damage|p2a: Gliscor|39\/100\n|-unboost|p2a: Gliscor|atk|1\n|move|p2a: Gliscor|Toxic Spikes|p1a: Zacian\n|-sidestart|p1: termofservice|move: Toxic Spikes\n|\n|-status|p2a: Gliscor|tox|[from] item: Toxic Orb\n|upkeep\n|turn|2\n|\n|t:|1698257112\n|move|p2a: Gliscor|Protect|p2a: Gliscor\n|-singleturn|p2a: Gliscor|Protect\n|move|p1a: Zacian|Play Rough|p2a: Gliscor\n|-activate|p2a: Gliscor|move: Protect\n|\n|-heal|p2a: Gliscor|52\/100 tox|[from] ability: Poison Heal\n|upkeep\n|turn|3\n|\n|t:|1698257116\n|switch|p2a: Magearna|Magearna|100\/100\n|move|p1a: Zacian|Play Rough|p2a: Magearna\n|-resisted|p2a: Magearna\n|-damage|p2a: Magearna|72\/100\n|\n|-heal|p2a: Magearna|78\/100|[from] item: Leftovers\n|upkeep\n|turn|4\n|\n|t:|1698257122\n|switch|p1a: Chi-Yu|Chi-Yu|100\/100\n|-ability|p1a: Chi-Yu|Beads of Ruin\n|move|p2a: Magearna|Spikes|p1a: Chi-Yu\n|-sidestart|p1: termofservice|Spikes\n|\n|-heal|p2a: Magearna|84\/100|[from] item: Leftovers\n|upkeep\n|turn|5\n|\n|t:|1698257138\n|switch|p2a: Blissey|Blissey, F|100\/100\n|move|p1a: Chi-Yu|Flamethrower|p2a: Blissey\n|-damage|p2a: Blissey|79\/100\n|\n|upkeep\n|turn|6\n|\n|t:|1698257144\n|switch|p1a: Shaymin|Shaymin-Sky|100\/100\n|move|p2a: Blissey|Calm Mind|p2a: Blissey\n|-boost|p2a: Blissey|spa|1\n|-boost|p2a: Blissey|spd|1\n|\n|upkeep\n|turn|7\n|\n|t:|1698257148\n|move|p1a: Shaymin|Air Slash|p2a: Blissey\n|-damage|p2a: Blissey|69\/100\n|cant|p2a: Blissey|flinch\n|\n|upkeep\n|turn|8\n|\n|t:|1698257158\n|move|p1a: Shaymin|Air Slash|p2a: Blissey\n|-damage|p2a: Blissey|59\/100\n|cant|p2a: Blissey|flinch\n|\n|upkeep\n|turn|9\n|\n|t:|1698257164\n|move|p1a: Shaymin|Seed Flare|p2a: Blissey\n|-damage|p2a: Blissey|45\/100\n|-unboost|p2a: Blissey|spd|2\n|move|p2a: Blissey|Soft-Boiled|p2a: Blissey\n|-heal|p2a: Blissey|95\/100\n|\n|upkeep\n|turn|10\n|\n|t:|1698257172\n|switch|p2a: Magearna|Magearna|84\/100\n|move|p1a: Shaymin|Seed Flare|p2a: Magearna\n|-resisted|p2a: Magearna\n|-damage|p2a: Magearna|55\/100\n|-unboost|p2a: Magearna|spd|2\n|\n|-heal|p2a: Magearna|61\/100|[from] item: Leftovers\n|upkeep\n|turn|11\n|\n|t:|1698257179\n|switch|p2a: Giratina|Giratina|100\/100\n|-ability|p2a: Giratina|Pressure\n|move|p1a: Shaymin|Air Slash|p2a: Giratina\n|-damage|p2a: Giratina|80\/100\n|\n|upkeep\n|turn|12\n|\n|t:|1698257185\n|move|p1a: Shaymin|Air Slash|p2a: Giratina\n|-damage|p2a: Giratina|58\/100\n|cant|p2a: Giratina|flinch\n|\n|upkeep\n|turn|13\n|\n|t:|1698257195\n|switch|p2a: Blissey|Blissey, F|95\/100\n|move|p1a: Shaymin|Air Slash|p2a: Blissey\n|-damage|p2a: Blissey|78\/100\n|\n|upkeep\n|turn|14\n|\n|t:|1698257200\n|move|p1a: Shaymin|Seed Flare|p2a: Blissey|[miss]\n|-miss|p1a: Shaymin|p2a: Blissey\n|move|p2a: Blissey|Soft-Boiled|p2a: Blissey\n|-heal|p2a: Blissey|100\/100\n|\n|upkeep\n|turn|15\n|\n|t:|1698257203\n|move|p1a: Shaymin|Seed Flare|p2a: Blissey\n|-damage|p2a: Blissey|79\/100\n|move|p2a: Blissey|Stealth Rock|p1a: Shaymin\n|-sidestart|p1: termofservice|move: Stealth Rock\n|\n|upkeep\n|turn|16\n|\n|t:|1698257207\n|move|p1a: Shaymin|Air Slash|p2a: Blissey\n|-damage|p2a: Blissey|64\/100\n|move|p2a: Blissey|Calm Mind|p2a: Blissey\n|-boost|p2a: Blissey|spa|1\n|-boost|p2a: Blissey|spd|1\n|\n|upkeep\n|turn|17\n|\n|t:|1698257212\n|move|p1a: Shaymin|Seed Flare|p2a: Blissey\n|-damage|p2a: Blissey|50\/100\n|-unboost|p2a: Blissey|spd|2\n|move|p2a: Blissey|Soft-Boiled|p2a: Blissey\n|-heal|p2a: Blissey|99\/100\n|\n|upkeep\n|turn|18\n|\n|t:|1698257216\n|switch|p2a: Magearna|Magearna|61\/100\n|move|p1a: Shaymin|Seed Flare|p2a: Magearna\n|-resisted|p2a: Magearna\n|-damage|p2a: Magearna|36\/100\n|-unboost|p2a: Magearna|spd|2\n|\n|-heal|p2a: Magearna|43\/100|[from] item: Leftovers\n|upkeep\n|turn|19\n|\n|t:|1698257218\n|switch|p2a: Blissey|Blissey, F|99\/100\n|move|p1a: Shaymin|Seed Flare|p2a: Blissey\n|-damage|p2a: Blissey|78\/100\n|\n|upkeep\n|turn|20\n|\n|t:|1698257231\n|switch|p1a: Magearna|Magearna|100\/100\n|-damage|p1a: Magearna|88\/100|[from] Spikes\n|-damage|p1a: Magearna|82\/100|[from] Stealth Rock\n|move|p2a: Blissey|Calm Mind|p2a: Blissey\n|-boost|p2a: Blissey|spa|1\n|-boost|p2a: Blissey|spd|1\n|\n|-heal|p1a: Magearna|88\/100|[from] item: Leftovers\n|upkeep\n|turn|21\n|\n|t:|1698257236\n|move|p1a: Magearna|Thunder Wave|p2a: Blissey|[miss]\n|-miss|p1a: Magearna|p2a: Blissey\n|move|p2a: Blissey|Seismic Toss|p1a: Magearna\n|-damage|p1a: Magearna|61\/100\n|\n|-heal|p1a: Magearna|67\/100|[from] item: Leftovers\n|upkeep\n|turn|22\n|\n|t:|1698257239\n|move|p1a: Magearna|Thunder Wave|p2a: Blissey\n|-status|p2a: Blissey|par\n|cant|p2a: Blissey|par\n|\n|-heal|p1a: Magearna|73\/100|[from] item: Leftovers\n|upkeep\n|turn|23\n|\n|t:|1698257248\n|-curestatus|p2a: Blissey|par|[from] ability: Natural Cure\n|switch|p2a: Gliscor|Gliscor, F|52\/100 tox\n|move|p1a: Magearna|Calm Mind|p1a: Magearna\n|-boost|p1a: Magearna|spa|1\n|-boost|p1a: Magearna|spd|1\n|\n|-heal|p1a: Magearna|79\/100|[from] item: Leftovers\n|-heal|p2a: Gliscor|64\/100 tox|[from] ability: Poison Heal\n|upkeep\n|turn|24\n|\n|t:|1698257257\n|move|p2a: Gliscor|Knock Off|p1a: Magearna\n|-resisted|p1a: Magearna\n|-damage|p1a: Magearna|70\/100\n|-enditem|p1a: Magearna|Leftovers|[from] move: Knock Off|[of] p2a: Gliscor\n|move|p1a: Magearna|Draining Kiss|p2a: Gliscor\n|-damage|p2a: Gliscor|10\/100 tox\n|-heal|p1a: Magearna|100\/100|[from] drain|[of] p2a: Gliscor\n|\n|-heal|p2a: Gliscor|23\/100 tox|[from] ability: Poison Heal\n|upkeep\n|turn|25\n|\n|t:|1698257264\n|move|p2a: Gliscor|Protect|p2a: Gliscor\n|-singleturn|p2a: Gliscor|Protect\n|move|p1a: Magearna|Calm Mind|p1a: Magearna\n|-boost|p1a: Magearna|spa|1\n|-boost|p1a: Magearna|spd|1\n|\n|-heal|p2a: Gliscor|35\/100 tox|[from] ability: Poison Heal\n|upkeep\n|turn|26\n|\n|t:|1698257267\n|switch|p2a: Blissey|Blissey, F|78\/100\n|move|p1a: Magearna|Draining Kiss|p2a: Blissey\n|-damage|p2a: Blissey|58\/100\n|\n|upkeep\n|turn|27\n|\n|t:|1698257271\n|move|p1a: Magearna|Calm Mind|p1a: Magearna\n|-boost|p1a: Magearna|spa|1\n|-boost|p1a: Magearna|spd|1\n|move|p2a: Blissey|Calm Mind|p2a: Blissey\n|-boost|p2a: Blissey|spa|1\n|-boost|p2a: Blissey|spd|1\n|\n|upkeep\n|turn|28\n|\n|t:|1698257275\n|move|p1a: Magearna|Encore|p2a: Blissey\n|-start|p2a: Blissey|Encore\n|move|p2a: Blissey|Calm Mind|p2a: Blissey\n|-boost|p2a: Blissey|spa|1\n|-boost|p2a: Blissey|spd|1\n|\n|upkeep\n|turn|29\n|\n|t:|1698257284\n|switch|p2a: Dondozo|Dondozo, F|100\/100\n|move|p1a: Magearna|Calm Mind|p1a: Magearna\n|-boost|p1a: Magearna|spa|1\n|-boost|p1a: Magearna|spd|1\n|\n|upkeep\n|turn|30\n|\n|t:|1698257296\n|move|p1a: Magearna|Thunder Wave|p2a: Dondozo\n|-status|p2a: Dondozo|par\n|move|p2a: Dondozo|Curse|p2a: Dondozo\n|-unboost|p2a: Dondozo|spe|1\n|-boost|p2a: Dondozo|atk|1\n|-boost|p2a: Dondozo|def|1\n|\n|upkeep\n|turn|31\n|\n|t:|1698257302\n|move|p1a: Magearna|Encore|p2a: Dondozo\n|-start|p2a: Dondozo|Encore\n|move|p2a: Dondozo|Curse|p2a: Dondozo\n|-unboost|p2a: Dondozo|spe|1\n|-boost|p2a: Dondozo|atk|1\n|-boost|p2a: Dondozo|def|1\n|\n|upkeep\n|turn|32\n|\n|t:|1698257304\n|switch|p2a: Blissey|Blissey, F|58\/100\n|move|p1a: Magearna|Calm Mind|p1a: Magearna\n|-boost|p1a: Magearna|spa|1\n|-boost|p1a: Magearna|spd|1\n|\n|upkeep\n|turn|33\n|\n|t:|1698257309\n|move|p1a: Magearna|Draining Kiss|p2a: Blissey\n|-damage|p2a: Blissey|23\/100\n|move|p2a: Blissey|Soft-Boiled|p2a: Blissey\n|-heal|p2a: Blissey|73\/100\n|\n|upkeep\n|turn|34\n|\n|t:|1698257321\n|switch|p2a: Dondozo|Dondozo, F|100\/100 par\n|move|p1a: Magearna|Encore||[still]\n|-fail|p1a: Magearna\n|\n|upkeep\n|turn|35\n|\n|t:|1698257324\n|move|p1a: Magearna|Draining Kiss|p2a: Dondozo\n|-damage|p2a: Dondozo|74\/100 par\n|move|p2a: Dondozo|Liquidation|p1a: Magearna\n|-damage|p1a: Magearna|76\/100\n|\n|upkeep\n|turn|36\n|\n|t:|1698257333\n|switch|p2a: Blissey|Blissey, F|73\/100\n|move|p1a: Magearna|Calm Mind|p1a: Magearna\n|-boost|p1a: Magearna|spa|1\n|-boost|p1a: Magearna|spd|1\n|\n|upkeep\n|turn|37\n|\n|t:|1698257337\n|move|p1a: Magearna|Draining Kiss|p2a: Blissey\n|-damage|p2a: Blissey|38\/100\n|-heal|p1a: Magearna|100\/100|[from] drain|[of] p2a: Blissey\n|move|p2a: Blissey|Soft-Boiled|p2a: Blissey\n|-heal|p2a: Blissey|88\/100\n|\n|upkeep\n|turn|38\n|\n|t:|1698257342\n|move|p1a: Magearna|Draining Kiss|p2a: Blissey\n|-damage|p2a: Blissey|52\/100\n|move|p2a: Blissey|Calm Mind|p2a: Blissey\n|-boost|p2a: Blissey|spa|1\n|-boost|p2a: Blissey|spd|1\n|\n|upkeep\n|turn|39\n|\n|t:|1698257351\n|move|p1a: Magearna|Draining Kiss|p2a: Blissey\n|-damage|p2a: Blissey|27\/100\n|move|p2a: Blissey|Soft-Boiled|p2a: Blissey\n|-heal|p2a: Blissey|77\/100\n|\n|upkeep\n|turn|40\n|\n|t:|1698257357\n|move|p1a: Magearna|Thunder Wave|p2a: Blissey\n|-status|p2a: Blissey|par\n|move|p2a: Blissey|Calm Mind|p2a: Blissey\n|-boost|p2a: Blissey|spa|1\n|-boost|p2a: Blissey|spd|1\n|\n|upkeep\n|turn|41\n|\n|t:|1698257367\n|move|p1a: Magearna|Draining Kiss|p2a: Blissey\n|-damage|p2a: Blissey|58\/100 par\n|move|p2a: Blissey|Seismic Toss|p1a: Magearna\n|-damage|p1a: Magearna|73\/100\n|\n|upkeep\n|turn|42\n|\n|t:|1698257371\n|move|p1a: Magearna|Draining Kiss|p2a: Blissey\n|-damage|p2a: Blissey|39\/100 par\n|-heal|p1a: Magearna|100\/100|[from] drain|[of] p2a: Blissey\n|move|p2a: Blissey|Calm Mind|p2a: Blissey\n|-boost|p2a: Blissey|spa|1\n|-boost|p2a: Blissey|spd|1\n|\n|upkeep\n|turn|43\n|\n|t:|1698257378\n|move|p1a: Magearna|Draining Kiss|p2a: Blissey\n|-damage|p2a: Blissey|24\/100 par\n|move|p2a: Blissey|Soft-Boiled|p2a: Blissey\n|-heal|p2a: Blissey|74\/100 par\n|\n|upkeep\n|turn|44\n|\n|t:|1698257382\n|move|p1a: Magearna|Encore|p2a: Blissey\n|-start|p2a: Blissey|Encore\n|move|p2a: Blissey|Soft-Boiled|p2a: Blissey\n|-heal|p2a: Blissey|100\/100 par\n|\n|-end|p2a: Blissey|Encore\n|upkeep\n|turn|45\n|\n|t:|1698257390\n|move|p1a: Magearna|Draining Kiss|p2a: Blissey\n|-damage|p2a: Blissey|86\/100 par\n|move|p2a: Blissey|Seismic Toss|p1a: Magearna\n|-damage|p1a: Magearna|73\/100\n|\n|upkeep\n|turn|46\n|\n|t:|1698257393\n|move|p1a: Magearna|Draining Kiss|p2a: Blissey\n|-damage|p2a: Blissey|70\/100 par\n|-heal|p1a: Magearna|97\/100|[from] drain|[of] p2a: Blissey\n|move|p2a: Blissey|Seismic Toss|p1a: Magearna\n|-damage|p1a: Magearna|69\/100\n|\n|upkeep\n|turn|47\n|\n|t:|1698257396\n|move|p1a: Magearna|Draining Kiss|p2a: Blissey\n|-damage|p2a: Blissey|56\/100 par\n|-heal|p1a: Magearna|91\/100|[from] drain|[of] p2a: Blissey\n|move|p2a: Blissey|Calm Mind|p2a: Blissey\n|-boost|p2a: Blissey|spa|1\n|-boost|p2a: Blissey|spd|1\n|\n|upkeep\n|turn|48\n|\n|t:|1698257400\n|move|p1a: Magearna|Draining Kiss|p2a: Blissey\n|-damage|p2a: Blissey|43\/100 par\n|-heal|p1a: Magearna|100\/100|[from] drain|[of] p2a: Blissey\n|cant|p2a: Blissey|par\n|\n|upkeep\n|turn|49\n|\n|t:|1698257404\n|move|p1a: Magearna|Draining Kiss|p2a: Blissey\n|-damage|p2a: Blissey|30\/100 par\n|move|p2a: Blissey|Seismic Toss|p1a: Magearna\n|-damage|p1a: Magearna|73\/100\n|\n|upkeep\n|turn|50\n|\n|t:|1698257406\n|move|p1a: Magearna|Draining Kiss|p2a: Blissey\n|-damage|p2a: Blissey|17\/100 par\n|-heal|p1a: Magearna|92\/100|[from] drain|[of] p2a: Blissey\n|move|p2a: Blissey|Seismic Toss|p1a: Magearna\n|-damage|p1a: Magearna|65\/100\n|\n|upkeep\n|turn|51\n|c|\u2606termofservice|Never thought I'd be pp stalled with this set\n|c|\u2606termofservice|I was hoping for a CRIT\n|\n|t:|1698257442\n|switch|p1a: Cyclizar|Cyclizar, F|100\/100\n|-curestatus|p2a: Blissey|par|[from] ability: Natural Cure\n|switch|p2a: Gliscor|Gliscor, F|35\/100 tox\n|\n|-heal|p2a: Gliscor|48\/100 tox|[from] ability: Poison Heal\n|upkeep\n|turn|52\n|\n|t:|1698257445\n|move|p2a: Gliscor|Protect|p2a: Gliscor\n|-singleturn|p2a: Gliscor|Protect\n|move|p1a: Cyclizar|Shed Tail|p1a: Cyclizar\n|-start|p1a: Cyclizar|Substitute|[from] move: Shed Tail\n|-damage|p1a: Cyclizar|50\/100\n|\n|t:|1698257448\n|switch|p1a: Chi-Yu|Chi-Yu|100\/100|[from] Shed Tail\n|-ability|p1a: Chi-Yu|Beads of Ruin\n|\n|-heal|p2a: Gliscor|60\/100 tox|[from] ability: Poison Heal\n|upkeep\n|turn|53\n|\n|t:|1698257472\n|switch|p2a: Blissey|Blissey, F|17\/100\n|move|p1a: Chi-Yu|Nasty Plot|p1a: Chi-Yu\n|-boost|p1a: Chi-Yu|spa|2\n|\n|upkeep\n|turn|54\n|\n|t:|1698257486\n|move|p1a: Chi-Yu|Flamethrower|p2a: Blissey\n|-damage|p2a: Blissey|0 fnt\n|faint|p2a: Blissey\n|\n|upkeep\n|\n|t:|1698257509\n|switch|p2a: Giratina|Giratina|58\/100\n|-ability|p2a: Giratina|Pressure\n|turn|55\n|\n|t:|1698257522\n|-terastallize|p2a: Giratina|Fairy\n|move|p1a: Chi-Yu|Dark Pulse|p2a: Giratina\n|-resisted|p2a: Giratina\n|-damage|p2a: Giratina|34\/100\n|move|p2a: Giratina|Dragon Tail|p1a: Chi-Yu\n|-activate|p1a: Chi-Yu|move: Substitute|[damage]\n|\n|upkeep\n|turn|56\n|c|\u2606termofservice|Holy hell\n|c|\u2606termofservice|Max HP cyclizar comes in clutch\n|c|\u2606termofservice|Good play though\n|c|\u2606babynogalXD|The sub\n|c|\u2606babynogalXD|Hp is from cyclizar?\n|c|\u2606termofservice|Yeah\n|\n|t:|1698257573\n|move|p1a: Chi-Yu|Flamethrower|p2a: Giratina\n|-damage|p2a: Giratina|0 fnt\n|faint|p2a: Giratina\n|\n|upkeep\n|\n|t:|1698257579\n|switch|p2a: Dondozo|Dondozo, F|74\/100 par\n|turn|57\n|\n|t:|1698257586\n|move|p1a: Chi-Yu|Dark Pulse|p2a: Dondozo\n|-damage|p2a: Dondozo|21\/100 par\n|cant|p2a: Dondozo|par\n|\n|upkeep\n|turn|58\n|\n|t:|1698257592\n|move|p1a: Chi-Yu|Dark Pulse|p2a: Dondozo\n|-damage|p2a: Dondozo|0 fnt\n|faint|p2a: Dondozo\n|\n|upkeep\n|c|\u2606babynogalXD|Thats annoying\n|c|\u2606termofservice|Yeah\n|c|\u2606babynogalXD|I jad roar\n|c|\u2606babynogalXD|But i was like oh taunt\n|c|\u2606termofservice|Oh that would've been huge\n|\n|t:|1698257632\n|switch|p2a: Gliscor|Gliscor, F|60\/100 tox\n|turn|59\n|\n|t:|1698257641\n|move|p1a: Chi-Yu|Flamethrower|p2a: Gliscor\n|-damage|p2a: Gliscor|0 fnt\n|faint|p2a: Gliscor\n|\n|upkeep\n|-message|babynogalXD forfeited.\n|\n|win|termofservice\n|l|\u2606babynogalXD\n|c|\u2606termofservice|The Gliscor switch was really unfortunate\n","uploadtime":1698257654,"views":16,"p1id":"termofservice","p2id":"babynogalxd","formatid":"gen9ubers","rating":0,"private":0,"password":""}