{"id":"gen9ubers-1973819314","p1":"godiamsosorry","p2":"Rei_darkness","format":"[Gen 9] Ubers","log":"|j|\u2606godiamsosorry\n|j|\u2606Rei_darkness\n|t:|1698016938\n|gametype|singles\n|player|p1|godiamsosorry|scientistf|\n|player|p2|Rei_darkness|drayden|\n|teamsize|p1|6\n|teamsize|p2|6\n|gen|9\n|tier|[Gen 9] Ubers\n|rule|Sleep Clause Mod: Limit one foe put to sleep\n|rule|Species Clause: Limit one of each Pok\u00e9mon\n|rule|OHKO Clause: OHKO moves are banned\n|rule|Evasion Items Clause: Evasion items are banned\n|rule|Evasion Moves Clause: Evasion moves are banned\n|rule|Endless Battle Clause: Forcing endless battles is banned\n|rule|HP Percentage Mod: HP is shown in percentages\n|clearpoke\n|poke|p1|Medicham, M|\n|poke|p1|Slowking-Galar, M|\n|poke|p1|Weezing-Galar, F|\n|poke|p1|Landorus-Therian, M|\n|poke|p1|Blissey, F|\n|poke|p1|Palafin, M|\n|poke|p2|Slowbro-Galar, M|\n|poke|p2|Espathra, F|\n|poke|p2|Greninja-*, M|\n|poke|p2|Medicham, F|\n|poke|p2|Landorus-Therian, M|\n|poke|p2|Infernape, M|\n|teampreview\n|\n|t:|1698016955\n|start\n|switch|p1a: Landorus|Landorus-Therian, M|100\/100\n|switch|p2a: Greninja|Greninja, M|100\/100\n|-ability|p1a: Landorus|Intimidate|boost\n|-unboost|p2a: Greninja|atk|1\n|turn|1\n|\n|t:|1698016960\n|switch|p1a: Weezing|Weezing-Galar, F|100\/100\n|move|p2a: Greninja|Waterfall|p1a: Weezing\n|-damage|p1a: Weezing|81\/100\n|\n|-heal|p1a: Weezing|87\/100|[from] item: Leftovers\n|upkeep\n|turn|2\n|\n|t:|1698016969\n|move|p2a: Greninja|Spikes|p1a: Weezing\n|-sidestart|p1: godiamsosorry|Spikes\n|move|p1a: Weezing|Will-O-Wisp|p2a: Greninja\n|-status|p2a: Greninja|brn\n|\n|-heal|p1a: Weezing|93\/100|[from] item: Leftovers\n|-damage|p2a: Greninja|95\/100 brn|[from] brn\n|upkeep\n|turn|3\n|\n|t:|1698016974\n|move|p2a: Greninja|Spikes|p1a: Weezing\n|-sidestart|p1: godiamsosorry|Spikes\n|move|p1a: Weezing|Strange Steam|p2a: Greninja\n|-supereffective|p2a: Greninja\n|-damage|p2a: Greninja|6\/100 brn\n|\n|-heal|p1a: Weezing|99\/100|[from] item: Leftovers\n|-damage|p2a: Greninja|0 fnt|[from] brn\n|faint|p2a: Greninja\n|upkeep\n|\n|t:|1698017011\n|switch|p2a: Slowbro|Slowbro-Galar, M|100\/100\n|turn|4\n|j| N-Zoroark stan\n|-activate|p2a: Slowbro|item: Quick Claw\n|\n|t:|1698017026\n|move|p2a: Slowbro|Nasty Plot|p2a: Slowbro\n|-boost|p2a: Slowbro|spa|2\n|move|p1a: Weezing|Defog|p2a: Slowbro\n|-unboost|p2a: Slowbro|evasion|1\n|-sideend|p1: godiamsosorry|Spikes|[from] move: Defog|[of] p1a: Weezing\n|\n|-heal|p1a: Weezing|100\/100|[from] item: Leftovers\n|upkeep\n|turn|5\n|\n|t:|1698017034\n|switch|p1a: Slowking|Slowking-Galar, M|100\/100\n|move|p2a: Slowbro|Psyshock|p1a: Slowking\n|-damage|p1a: Slowking|50\/100\n|\n|upkeep\n|turn|6\n|\n|t:|1698017039\n|move|p1a: Slowking|Chilly Reception|p1a: Slowking\n|-weather|Snow\n|\n|t:|1698017041\n|switch|p1a: Landorus|Landorus-Therian, M|100\/100|[from] Chilly Reception\n|-ability|p1a: Landorus|Intimidate|boost\n|-unboost|p2a: Slowbro|atk|1\n|move|p2a: Slowbro|Psyshock|p1a: Landorus\n|-damage|p1a: Landorus|9\/100\n|\n|-weather|Snow|[upkeep]\n|-heal|p1a: Landorus|15\/100|[from] item: Leftovers\n|upkeep\n|turn|7\n|\n|t:|1698017048\n|move|p1a: Landorus|Earth Power|p2a: Slowbro\n|-supereffective|p2a: Slowbro\n|-damage|p2a: Slowbro|6\/100\n|move|p2a: Slowbro|Sludge Bomb|p1a: Landorus\n|-resisted|p1a: Landorus\n|-damage|p1a: Landorus|0 fnt\n|faint|p1a: Landorus\n|\n|-weather|Snow|[upkeep]\n|upkeep\n|\n|t:|1698017055\n|switch|p1a: Slowking|Slowking-Galar, M|83\/100\n|turn|8\n|\n|t:|1698017066\n|move|p1a: Slowking|Foul Play|p2a: Slowbro\n|-supereffective|p2a: Slowbro\n|-damage|p2a: Slowbro|0 fnt\n|faint|p2a: Slowbro\n|\n|-weather|Snow|[upkeep]\n|upkeep\n|j| ogerused\n|\n|t:|1698017087\n|switch|p2a: Medicham|Medicham, F|100\/100\n|turn|9\n|\n|t:|1698017092\n|move|p2a: Medicham|Zen Headbutt|p1a: Slowking\n|-damage|p1a: Slowking|25\/100\n|move|p1a: Slowking|Chilly Reception|p1a: Slowking\n|\n|t:|1698017096\n|switch|p1a: Palafin|Palafin, M|100\/100|[from] Chilly Reception\n|\n|-weather|Snow|[upkeep]\n|upkeep\n|turn|10\n|\n|t:|1698017102\n|detailschange|p1a: Palafin|Palafin-Hero, M\n|switch|p1a: Blissey|Blissey, F|100\/100\n|switch|p2a: Espathra|Espathra, F|100\/100\n|\n|-weather|none\n|upkeep\n|turn|11\n|\n|t:|1698017109\n|move|p2a: Espathra|Light Screen|p2a: Espathra\n|-sidestart|p2: Rei_darkness|move: Light Screen\n|move|p1a: Blissey|Thunder Wave|p2a: Espathra\n|-status|p2a: Espathra|par\n|\n|-ability|p2a: Espathra|Speed Boost|boost\n|-boost|p2a: Espathra|spe|1\n|upkeep\n|turn|12\n|\n|t:|1698017115\n|switch|p1a: Weezing|Weezing-Galar, F|100\/100\n|move|p2a: Espathra|Reflect|p2a: Espathra\n|-sidestart|p2: Rei_darkness|Reflect\n|\n|-ability|p2a: Espathra|Speed Boost|boost\n|-boost|p2a: Espathra|spe|1\n|upkeep\n|turn|13\n|\n|t:|1698017118\n|move|p2a: Espathra|U-turn|p1a: Weezing\n|-resisted|p1a: Weezing\n|-damage|p1a: Weezing|98\/100\n|\n|t:|1698017124\n|switch|p2a: Landorus|Landorus-Therian, M|100\/100|[from] U-turn\n|-ability|p2a: Landorus|Intimidate|boost\n|-unboost|p1a: Weezing|atk|1\n|move|p1a: Weezing|Defog|p2a: Landorus\n|-unboost|p2a: Landorus|evasion|1\n|-sideend|p2: Rei_darkness|Reflect\n|-sideend|p2: Rei_darkness|move: Light Screen\n|\n|-heal|p1a: Weezing|100\/100|[from] item: Leftovers\n|upkeep\n|turn|14\n|\n|t:|1698017127\n|switch|p1a: Palafin|Palafin-Hero, M|100\/100\n|-activate|p1a: Palafin|ability: Zero to Hero\n|-terastallize|p2a: Landorus|Flying\n|move|p2a: Landorus|Tera Blast|p1a: Palafin|[anim] Tera Blast Flying\n|-damage|p1a: Palafin|9\/100\n|\n|upkeep\n|turn|15\n|\n|t:|1698017135\n|switch|p2a: Espathra|Espathra, F|100\/100 par\n|-terastallize|p1a: Palafin|Normal\n|move|p1a: Palafin|Boomburst|p2a: Espathra\n|-damage|p2a: Espathra|0 fnt\n|faint|p2a: Espathra\n|\n|upkeep\n|\n|t:|1698017138\n|switch|p2a: Infernape|Infernape, M|100\/100\n|turn|16\n|\n|t:|1698017145\n|switch|p1a: Weezing|Weezing-Galar, F|100\/100\n|move|p2a: Infernape|Mach Punch|p1a: Weezing\n|-resisted|p1a: Weezing\n|-damage|p1a: Weezing|95\/100\n|-damage|p2a: Infernape|91\/100|[from] item: Life Orb\n|\n|-heal|p1a: Weezing|100\/100|[from] item: Leftovers\n|upkeep\n|turn|17\n|\n|t:|1698017154\n|switch|p2a: Landorus|Landorus-Therian, M, tera:Flying|100\/100\n|-ability|p2a: Landorus|Intimidate|boost\n|-unboost|p1a: Weezing|atk|1\n|move|p1a: Weezing|Strange Steam|p2a: Landorus\n|-damage|p2a: Landorus|71\/100\n|\n|upkeep\n|turn|18\n|\n|t:|1698017161\n|move|p2a: Landorus|Tera Blast|p1a: Weezing|[anim] Tera Blast Flying\n|-damage|p1a: Weezing|26\/100\n|move|p1a: Weezing|Strange Steam|p2a: Landorus\n|-damage|p2a: Landorus|43\/100\n|\n|-heal|p1a: Weezing|32\/100|[from] item: Leftovers\n|upkeep\n|turn|19\n|\n|t:|1698017165\n|move|p2a: Landorus|Tera Blast|p1a: Weezing|[anim] Tera Blast Flying\n|-damage|p1a: Weezing|0 fnt\n|faint|p1a: Weezing\n|\n|upkeep\n|\n|t:|1698017167\n|switch|p1a: Palafin|Palafin-Hero, M, tera:Normal|9\/100\n|turn|20\n|\n|t:|1698017172\n|move|p1a: Palafin|Boomburst|p2a: Landorus\n|-damage|p2a: Landorus|0 fnt\n|faint|p2a: Landorus\n|\n|upkeep\n|\n|t:|1698017173\n|switch|p2a: Infernape|Infernape, M|91\/100\n|turn|21\n|\n|t:|1698017178\n|move|p2a: Infernape|Flare Blitz|p1a: Palafin\n|-damage|p1a: Palafin|0 fnt\n|faint|p1a: Palafin\n|-damage|p2a: Infernape|87\/100|[from] Recoil\n|-damage|p2a: Infernape|77\/100|[from] item: Life Orb\n|\n|upkeep\n|\n|t:|1698017181\n|switch|p1a: Medicham|Medicham, M|100\/100\n|turn|22\n|\n|t:|1698017185\n|move|p1a: Medicham|Psycho Cut|p2a: Infernape\n|-supereffective|p2a: Infernape\n|-crit|p2a: Infernape\n|-damage|p2a: Infernape|0 fnt\n|faint|p2a: Infernape\n|\n|upkeep\n|\n|t:|1698017190\n|switch|p2a: Medicham|Medicham, F|100\/100\n|turn|23\n|c|\u2606Rei_darkness|ah gg\n|\n|t:|1698017195\n|move|p1a: Medicham|Psycho Cut|p2a: Medicham\n|-damage|p2a: Medicham|44\/100\n|move|p2a: Medicham|Zen Headbutt|p1a: Medicham\n|-damage|p1a: Medicham|0 fnt\n|faint|p1a: Medicham\n|\n|upkeep\n|\n|t:|1698017200\n|switch|p1a: Blissey|Blissey, F|100\/100\n|turn|24\n|c|\u2606godiamsosorry|Gg.\n|\n|t:|1698017218\n|move|p2a: Medicham|Zen Headbutt|p1a: Blissey\n|-crit|p1a: Blissey\n|-damage|p1a: Blissey|0 fnt\n|faint|p1a: Blissey\n|\n|upkeep\n|c|\u2606godiamsosorry|Assumed it was band,,,\n|\n|t:|1698017221\n|switch|p1a: Slowking|Slowking-Galar, M|58\/100\n|turn|25\n|\n|t:|1698017223\n|move|p2a: Medicham|Zen Headbutt|p1a: Slowking\n|-damage|p1a: Slowking|0 fnt\n|faint|p1a: Slowking\n|\n|win|Rei_darkness\n|c|\u2606Rei_darkness|WAIT\n|c|\u2606Rei_darkness|IM GOATED\n|c| ogerused|Why didn't you go\n|c| ogerused|Glowking first\n|c|\u2606Rei_darkness|switch out\n|c|\u2606Rei_darkness|get healing\n|c|\u2606Rei_darkness|and win\n|c| N-Zoroark stan|Monica washed...\n|c|\u2606Rei_darkness|does this count\n|c|\u2606godiamsosorry|Foul play would not have killed.\n|c|\u2606Rei_darkness|as a council win\n|c|\u2606Rei_darkness|in case I want to vote\n|c|\u2606godiamsosorry|No, as it is not during the suspect duration.\n|c|\u2606Rei_darkness|oh okay\n|c| N-Zoroark stan|Suspect hasn't started yet\n","uploadtime":1698017298,"views":14,"p1id":"godiamsosorry","p2id":"reidarkness","formatid":"gen9ubers","rating":0,"private":0,"password":""}