{"id":"gen9ubers-1984602872","p1":"txxray","p2":"Harlem Foxtrotter","format":"[Gen 9] Ubers","log":"|j|\u2606txxray\n|j|\u2606Harlem Foxtrotter\n|t:|1699283744\n|gametype|singles\n|player|p1|txxray|265|1298\n|player|p2|Harlem Foxtrotter|ghetsis|1352\n|teamsize|p1|6\n|teamsize|p2|6\n|gen|9\n|tier|[Gen 9] Ubers\n|rated|\n|rule|Sleep Clause Mod: Limit one foe put to sleep\n|rule|Species Clause: Limit one of each Pok\u00e9mon\n|rule|OHKO Clause: OHKO moves are banned\n|rule|Evasion Items Clause: Evasion items are banned\n|rule|Evasion Moves Clause: Evasion moves are banned\n|rule|Endless Battle Clause: Forcing endless battles is banned\n|rule|HP Percentage Mod: HP is shown in percentages\n|clearpoke\n|poke|p1|Gliscor, M|\n|poke|p1|Alomomola, M|\n|poke|p1|Dondozo, M|\n|poke|p1|Tornadus-Therian, M|\n|poke|p1|Toxapex, F|\n|poke|p1|Blissey, F|\n|poke|p2|Koraidon|\n|poke|p2|Ribombee, F|\n|poke|p2|Arceus|\n|poke|p2|Miraidon|\n|poke|p2|Zacian-*|\n|poke|p2|Flutter Mane|\n|teampreview\n|inactive|Battle timer is ON: inactive players will automatically lose when time's up. (requested by Harlem Foxtrotter)\n|\n|t:|1699283766\n|start\n|switch|p1a: Gliscor|Gliscor, M|100\/100\n|switch|p2a: Joraidon|Koraidon|100\/100\n|-weather|SunnyDay|[from] ability: Orichalcum Pulse|[of] p2a: Joraidon\n|-activate|p2a: Joraidon|Orichalcum Pulse|[source]\n|turn|1\n|\n|t:|1699283770\n|move|p2a: Joraidon|Swords Dance|p2a: Joraidon\n|-boost|p2a: Joraidon|atk|2\n|move|p1a: Gliscor|Toxic|p2a: Joraidon\n|-status|p2a: Joraidon|tox\n|\n|-weather|SunnyDay|[upkeep]\n|-damage|p2a: Joraidon|94\/100 tox|[from] psn\n|-status|p1a: Gliscor|tox|[from] item: Toxic Orb\n|upkeep\n|turn|2\n|\n|t:|1699283783\n|move|p1a: Gliscor|Protect|p1a: Gliscor\n|-singleturn|p1a: Gliscor|Protect\n|move|p2a: Joraidon|Flare Blitz|p1a: Gliscor\n|-activate|p1a: Gliscor|move: Protect\n|\n|-weather|SunnyDay|[upkeep]\n|-damage|p2a: Joraidon|82\/100 tox|[from] psn\n|upkeep\n|turn|3\n|\n|t:|1699283791\n|switch|p1a: Toxapex|Toxapex, F|100\/100\n|move|p2a: Joraidon|Scale Shot|p1a: Toxapex\n|-damage|p1a: Toxapex|75\/100\n|-crit|p1a: Toxapex\n|-damage|p1a: Toxapex|35\/100\n|-damage|p1a: Toxapex|9\/100\n|-damage|p1a: Toxapex|0 fnt\n|faint|p1a: Toxapex\n|-hitcount|p1: Toxapex|4\n|-unboost|p2a: Joraidon|def|1\n|-boost|p2a: Joraidon|spe|1\n|\n|-weather|SunnyDay|[upkeep]\n|-damage|p2a: Joraidon|64\/100 tox|[from] psn\n|upkeep\n|\n|t:|1699283798\n|switch|p1a: Dondozo|Dondozo, M|100\/100\n|turn|4\n|\n|t:|1699283806\n|switch|p2a: Miraidong|Miraidon|100\/100\n|-fieldstart|move: Electric Terrain|[from] ability: Hadron Engine|[of] p2a: Miraidong\n|move|p1a: Dondozo|Liquidation|p2a: Miraidong\n|-resisted|p2a: Miraidong\n|-damage|p2a: Miraidong|94\/100\n|\n|-weather|SunnyDay|[upkeep]\n|upkeep\n|turn|5\n|\n|t:|1699283814\n|switch|p1a: Blissey|Blissey, F|100\/100\n|move|p2a: Miraidong|Draco Meteor|p1a: Blissey\n|-damage|p1a: Blissey|74\/100\n|-unboost|p2a: Miraidong|spa|2\n|\n|-weather|none\n|upkeep\n|turn|6\n|\n|t:|1699283832\n|switch|p2a: Joraidon|Koraidon|64\/100 tox\n|-weather|SunnyDay|[from] ability: Orichalcum Pulse|[of] p2a: Joraidon\n|-activate|p2a: Joraidon|Orichalcum Pulse|[source]\n|move|p1a: Blissey|Seismic Toss|p2a: Joraidon\n|-damage|p2a: Joraidon|34\/100 tox\n|\n|-weather|SunnyDay|[upkeep]\n|-damage|p2a: Joraidon|28\/100 tox|[from] psn\n|upkeep\n|turn|7\n|\n|t:|1699283851\n|switch|p1a: Dondozo|Dondozo, M|100\/100\n|move|p2a: Joraidon|Flare Blitz|p1a: Dondozo\n|-resisted|p1a: Dondozo\n|-damage|p1a: Dondozo|83\/100\n|-damage|p2a: Joraidon|20\/100 tox|[from] Recoil\n|\n|-weather|SunnyDay|[upkeep]\n|-damage|p2a: Joraidon|7\/100 tox|[from] psn\n|upkeep\n|turn|8\n|\n|t:|1699283857\n|switch|p1a: Alomomola|Alomomola, M|100\/100\n|move|p2a: Joraidon|Close Combat|p1a: Alomomola\n|-damage|p1a: Alomomola|56\/100\n|-unboost|p2a: Joraidon|def|1\n|-unboost|p2a: Joraidon|spd|1\n|\n|-weather|SunnyDay|[upkeep]\n|-damage|p2a: Joraidon|0 fnt|[from] psn\n|faint|p2a: Joraidon\n|-fieldend|move: Electric Terrain\n|upkeep\n|\n|t:|1699283875\n|switch|p2a: Funky Boris|Flutter Mane, shiny|100\/100\n|-activate|p2a: Funky Boris|ability: Protosynthesis\n|-start|p2a: Funky Boris|protosynthesisspe\n|turn|9\n|\n|t:|1699283880\n|switch|p1a: Blissey|Blissey, F|74\/100\n|move|p2a: Funky Boris|Thunderbolt|p1a: Blissey\n|-damage|p1a: Blissey|66\/100\n|-status|p1a: Blissey|par\n|\n|-weather|SunnyDay|[upkeep]\n|upkeep\n|turn|10\n|\n|t:|1699283886\n|-end|p2a: Funky Boris|Protosynthesis|[silent]\n|switch|p2a: arse llama|Arceus, shiny|100\/100\n|move|p1a: Blissey|Soft-Boiled|p1a: Blissey\n|-heal|p1a: Blissey|100\/100 par\n|\n|-weather|none\n|upkeep\n|turn|11\n|\n|t:|1699283892\n|switch|p2a: Miraidong|Miraidon|94\/100\n|-fieldstart|move: Electric Terrain|[from] ability: Hadron Engine|[of] p2a: Miraidong\n|-curestatus|p1a: Blissey|par|[from] ability: Natural Cure\n|switch|p1a: Gliscor|Gliscor, M|100\/100 tox\n|\n|upkeep\n|turn|12\n|\n|t:|1699283899\n|switch|p1a: Blissey|Blissey, F|100\/100\n|move|p2a: Miraidong|Draco Meteor|p1a: Blissey\n|-crit|p1a: Blissey\n|-damage|p1a: Blissey|61\/100\n|-unboost|p2a: Miraidong|spa|2\n|\n|upkeep\n|turn|13\n|\n|t:|1699283927\n|switch|p2a: arse llama|Arceus, shiny|100\/100\n|move|p1a: Blissey|Soft-Boiled|p1a: Blissey\n|-heal|p1a: Blissey|100\/100\n|\n|upkeep\n|turn|14\n|inactive|Harlem Foxtrotter has 120 seconds left.\n|inactive|txxray has 120 seconds left.\n|\n|t:|1699283979\n|switch|p1a: Alomomola|Alomomola, M|89\/100\n|move|p2a: arse llama|Extreme Speed|p1a: Alomomola\n|-damage|p1a: Alomomola|64\/100\n|\n|upkeep\n|turn|15\n|inactive|Harlem Foxtrotter has 120 seconds left.\n|\n|t:|1699283994\n|move|p2a: arse llama|Extreme Speed|p1a: Alomomola\n|-damage|p1a: Alomomola|43\/100\n|move|p1a: Alomomola|Wish|p1a: Alomomola\n|\n|-fieldend|move: Electric Terrain\n|upkeep\n|turn|16\n|\n|t:|1699283999\n|move|p2a: arse llama|Swords Dance|p2a: arse llama\n|-boost|p2a: arse llama|atk|2\n|move|p1a: Alomomola|Scald|p2a: arse llama\n|-damage|p2a: arse llama|90\/100\n|\n|-heal|p1a: Alomomola|93\/100|[from] move: Wish|[wisher] Alomomola\n|-heal|p2a: arse llama|96\/100|[from] item: Leftovers\n|upkeep\n|turn|17\n|inactive|txxray has 120 seconds left.\n|inactive|Harlem Foxtrotter has 120 seconds left.\n|\n|t:|1699284017\n|switch|p1a: Dondozo|Dondozo, M|83\/100\n|move|p2a: arse llama|Extreme Speed|p1a: Dondozo\n|-damage|p1a: Dondozo|64\/100\n|\n|-heal|p2a: arse llama|100\/100|[from] item: Leftovers\n|upkeep\n|turn|18\n|inactive|txxray has 120 seconds left.\n|inactive|Harlem Foxtrotter has 120 seconds left.\n|inactive|txxray has 90 seconds left.\n|\n|t:|1699284073\n|move|p2a: arse llama|Extreme Speed|p1a: Dondozo\n|-damage|p1a: Dondozo|46\/100\n|move|p1a: Dondozo|Body Press|p2a: arse llama\n|-supereffective|p2a: arse llama\n|-damage|p2a: arse llama|59\/100\n|\n|-heal|p2a: arse llama|65\/100|[from] item: Leftovers\n|upkeep\n|turn|19\n|\n|t:|1699284081\n|switch|p2a: Funky Boris|Flutter Mane, shiny|100\/100\n|move|p1a: Dondozo|Rest|p1a: Dondozo\n|-status|p1a: Dondozo|slp|[from] move: Rest\n|-heal|p1a: Dondozo|100\/100 slp|[silent]\n|\n|upkeep\n|turn|20\n|\n|t:|1699284086\n|switch|p1a: Blissey|Blissey, F|100\/100\n|move|p2a: Funky Boris|Thunderbolt|p1a: Blissey\n|-damage|p1a: Blissey|91\/100\n|\n|upkeep\n|turn|21\n|j| Itsmeheats\n|\n|t:|1699284109\n|move|p2a: Funky Boris|Thunderbolt|p1a: Blissey\n|-damage|p1a: Blissey|82\/100\n|move|p1a: Blissey|Seismic Toss|p2a: Funky Boris\n|-immune|p2a: Funky Boris\n|\n|upkeep\n|turn|22\n|\n|t:|1699284121\n|move|p2a: Funky Boris|Moonblast|p1a: Blissey\n|-damage|p1a: Blissey|67\/100\n|move|p1a: Blissey|Flamethrower|p2a: Funky Boris\n|-damage|p2a: Funky Boris|82\/100\n|-status|p2a: Funky Boris|brn\n|\n|-damage|p2a: Funky Boris|76\/100 brn|[from] brn\n|upkeep\n|turn|23\n|inactive|Harlem Foxtrotter has 120 seconds left.\n|\n|t:|1699284143\n|-end|p2a: Funky Boris|Protosynthesis|[silent]\n|switch|p2a: arse llama|Arceus, shiny|65\/100\n|move|p1a: Blissey|Flamethrower|p2a: arse llama\n|-damage|p2a: arse llama|54\/100\n|\n|-heal|p2a: arse llama|60\/100|[from] item: Leftovers\n|upkeep\n|turn|24\n|inactive|Harlem Foxtrotter has 120 seconds left.\n|\n|t:|1699284164\n|switch|p2a: Miraidong|Miraidon|94\/100\n|-fieldstart|move: Electric Terrain|[from] ability: Hadron Engine|[of] p2a: Miraidong\n|switch|p1a: Gliscor|Gliscor, M|100\/100 tox\n|\n|upkeep\n|turn|25\n|inactive|Harlem Foxtrotter has 120 seconds left.\n|\n|t:|1699284196\n|-terastallize|p2a: Miraidong|Electric\n|move|p1a: Gliscor|Protect|p1a: Gliscor\n|-singleturn|p1a: Gliscor|Protect\n|move|p2a: Miraidong|Electro Drift|p1a: Gliscor\n|-activate|p1a: Gliscor|move: Protect\n|\n|upkeep\n|turn|26\n|\n|t:|1699284213\n|switch|p2a: Ribombee|Ribombee, F, shiny|100\/100\n|switch|p1a: Blissey|Blissey, F|67\/100\n|\n|upkeep\n|turn|27\n|\n|t:|1699284223\n|switch|p2a: Funky Boris|Flutter Mane, shiny|76\/100 brn\n|move|p1a: Blissey|Soft-Boiled|p1a: Blissey\n|-heal|p1a: Blissey|100\/100\n|\n|-damage|p2a: Funky Boris|70\/100 brn|[from] brn\n|upkeep\n|turn|28\n|\n|t:|1699284243\n|move|p2a: Funky Boris|Moonblast|p1a: Blissey\n|-damage|p1a: Blissey|85\/100\n|move|p1a: Blissey|Flamethrower|p2a: Funky Boris\n|-damage|p2a: Funky Boris|54\/100 brn\n|\n|-damage|p2a: Funky Boris|48\/100 brn|[from] brn\n|-fieldend|move: Electric Terrain\n|upkeep\n|turn|29\n|inactive|txxray has 120 seconds left.\n|\n|t:|1699284265\n|move|p2a: Funky Boris|Moonblast|p1a: Blissey\n|-damage|p1a: Blissey|71\/100\n|-unboost|p1a: Blissey|spa|1\n|move|p1a: Blissey|Flamethrower|p2a: Funky Boris\n|-damage|p2a: Funky Boris|37\/100 brn\n|\n|-damage|p2a: Funky Boris|31\/100 brn|[from] brn\n|upkeep\n|turn|30\n|inactive|Harlem Foxtrotter has 90 seconds left.\n|\n|t:|1699284283\n|-end|p2a: Funky Boris|Protosynthesis|[silent]\n|switch|p2a: artorias' gay dog|Zacian-Crowned|100\/100\n|-ability|p2a: artorias' gay dog|Intrepid Sword|boost\n|-boost|p2a: artorias' gay dog|atk|1\n|switch|p1a: Alomomola|Alomomola, M|100\/100\n|\n|upkeep\n|turn|31\n|inactive|txxray has 120 seconds left.\n|inactive|Harlem Foxtrotter has 90 seconds left.\n|\n|t:|1699284312\n|move|p2a: artorias' gay dog|Play Rough|p1a: Alomomola\n|-damage|p1a: Alomomola|57\/100\n|move|p1a: Alomomola|Scald|p2a: artorias' gay dog\n|-damage|p2a: artorias' gay dog|90\/100\n|-status|p2a: artorias' gay dog|brn\n|\n|-damage|p2a: artorias' gay dog|84\/100 brn|[from] brn\n|upkeep\n|turn|32\n|\n|t:|1699284319\n|move|p2a: artorias' gay dog|Play Rough|p1a: Alomomola\n|-damage|p1a: Alomomola|36\/100\n|move|p1a: Alomomola|Wish|p1a: Alomomola\n|\n|-damage|p2a: artorias' gay dog|77\/100 brn|[from] brn\n|upkeep\n|turn|33\n|\n|t:|1699284325\n|switch|p2a: Miraidong|Miraidon, tera:Electric|94\/100\n|-fieldstart|move: Electric Terrain|[from] ability: Hadron Engine|[of] p2a: Miraidong\n|move|p1a: Alomomola|Scald|p2a: Miraidong\n|-damage|p2a: Miraidong|83\/100\n|\n|-heal|p1a: Alomomola|86\/100|[from] move: Wish|[wisher] Alomomola\n|upkeep\n|turn|34\n|\n|t:|1699284334\n|switch|p1a: Blissey|Blissey, F|71\/100\n|move|p2a: Miraidong|Volt Switch|p1a: Blissey\n|-damage|p1a: Blissey|48\/100\n|\n|t:|1699284347\n|switch|p2a: artorias' gay dog|Zacian-Crowned|77\/100 brn|[from] Volt Switch\n|\n|-damage|p2a: artorias' gay dog|71\/100 brn|[from] brn\n|upkeep\n|turn|35\n|\n|t:|1699284356\n|switch|p2a: Miraidong|Miraidon, tera:Electric|83\/100\n|-activate|p2a: Miraidong|ability: Hadron Engine\n|switch|p1a: Alomomola|Alomomola, M|100\/100\n|\n|upkeep\n|turn|36\n|\n|t:|1699284369\n|switch|p1a: Gliscor|Gliscor, M|100\/100 tox\n|move|p2a: Miraidong|Draco Meteor|p1a: Gliscor\n|-damage|p1a: Gliscor|0 fnt\n|-unboost|p2a: Miraidong|spa|2\n|faint|p1a: Gliscor\n|\n|upkeep\n|\n|t:|1699284386\n|switch|p1a: Blissey|Blissey, F|48\/100\n|turn|37\n|\n|t:|1699284394\n|switch|p2a: artorias' gay dog|Zacian-Crowned|71\/100 brn\n|move|p1a: Blissey|Soft-Boiled|p1a: Blissey\n|-heal|p1a: Blissey|98\/100\n|\n|-damage|p2a: artorias' gay dog|65\/100 brn|[from] brn\n|-fieldend|move: Electric Terrain\n|upkeep\n|turn|38\n|\n|t:|1699284398\n|switch|p1a: Alomomola|Alomomola, M|100\/100\n|move|p2a: artorias' gay dog|Behemoth Blade|p1a: Alomomola\n|-resisted|p1a: Alomomola\n|-damage|p1a: Alomomola|91\/100\n|\n|-damage|p2a: artorias' gay dog|59\/100 brn|[from] brn\n|upkeep\n|turn|39\n|\n|t:|1699284406\n|switch|p2a: Funky Boris|Flutter Mane, shiny|31\/100 brn\n|move|p1a: Alomomola|Scald|p2a: Funky Boris\n|-damage|p2a: Funky Boris|16\/100 brn\n|\n|-damage|p2a: Funky Boris|10\/100 brn|[from] brn\n|upkeep\n|turn|40\n|l| Itsmeheats\n|inactive|txxray has 120 seconds left.\n|\n|t:|1699284450\n|move|p1a: Alomomola|Protect|p1a: Alomomola\n|-singleturn|p1a: Alomomola|Protect\n|move|p2a: Funky Boris|Thunderbolt|p1a: Alomomola\n|-activate|p1a: Alomomola|move: Protect\n|\n|-damage|p2a: Funky Boris|4\/100 brn|[from] brn\n|upkeep\n|turn|41\n|\n|t:|1699284457\n|switch|p1a: Blissey|Blissey, F|98\/100\n|move|p2a: Funky Boris|Moonblast|p1a: Blissey\n|-damage|p1a: Blissey|83\/100\n|-unboost|p1a: Blissey|spa|1\n|\n|-damage|p2a: Funky Boris|0 fnt|[from] brn\n|faint|p2a: Funky Boris\n|-end|p2a: Funky Boris|Protosynthesis|[silent]\n|upkeep\n|\n|t:|1699284484\n|switch|p2a: arse llama|Arceus, shiny|60\/100\n|turn|42\n|\n|t:|1699284496\n|switch|p1a: Alomomola|Alomomola, M|100\/100\n|move|p2a: arse llama|Extreme Speed|p1a: Alomomola\n|-damage|p1a: Alomomola|77\/100\n|\n|-heal|p2a: arse llama|66\/100|[from] item: Leftovers\n|upkeep\n|turn|43\n|\n|t:|1699284505\n|move|p2a: arse llama|Extreme Speed|p1a: Alomomola\n|-damage|p1a: Alomomola|53\/100\n|move|p1a: Alomomola|Scald|p2a: arse llama\n|-damage|p2a: arse llama|56\/100\n|\n|-heal|p2a: arse llama|62\/100|[from] item: Leftovers\n|upkeep\n|turn|44\n|\n|t:|1699284508\n|move|p2a: arse llama|Extreme Speed|p1a: Alomomola\n|-damage|p1a: Alomomola|30\/100\n|move|p1a: Alomomola|Wish|p1a: Alomomola\n|\n|-heal|p2a: arse llama|68\/100|[from] item: Leftovers\n|upkeep\n|turn|45\n|\n|t:|1699284516\n|move|p2a: arse llama|Swords Dance|p2a: arse llama\n|-boost|p2a: arse llama|atk|2\n|move|p1a: Alomomola|Scald|p2a: arse llama\n|-damage|p2a: arse llama|58\/100\n|\n|-heal|p1a: Alomomola|80\/100|[from] move: Wish|[wisher] Alomomola\n|-heal|p2a: arse llama|64\/100|[from] item: Leftovers\n|upkeep\n|turn|46\n|\n|t:|1699284520\n|move|p2a: arse llama|Extreme Speed|p1a: Alomomola\n|-damage|p1a: Alomomola|30\/100\n|move|p1a: Alomomola|Scald|p2a: arse llama\n|-damage|p2a: arse llama|54\/100\n|\n|-heal|p2a: arse llama|60\/100|[from] item: Leftovers\n|upkeep\n|turn|47\n|\n|t:|1699284526\n|switch|p1a: Dondozo|Dondozo, M|100\/100 slp\n|move|p2a: arse llama|Earthquake|p1a: Dondozo\n|-damage|p1a: Dondozo|84\/100 slp\n|\n|-heal|p2a: arse llama|66\/100|[from] item: Leftovers\n|upkeep\n|turn|48\n|\n|t:|1699284533\n|switch|p2a: Miraidong|Miraidon, tera:Electric|83\/100\n|-fieldstart|move: Electric Terrain|[from] ability: Hadron Engine|[of] p2a: Miraidong\n|cant|p1a: Dondozo|slp\n|move|p1a: Dondozo|Sleep Talk|p1a: Dondozo\n|move|p1a: Dondozo|Liquidation|p2a: Miraidong|[from]move: Sleep Talk\n|-damage|p2a: Miraidong|52\/100\n|\n|upkeep\n|turn|49\n|\n|t:|1699284537\n|switch|p1a: Blissey|Blissey, F|83\/100\n|move|p2a: Miraidong|Electro Drift|p1a: Blissey\n|-damage|p1a: Blissey|50\/100\n|\n|upkeep\n|turn|50\n|\n|t:|1699284559\n|switch|p2a: artorias' gay dog|Zacian-Crowned|59\/100 brn\n|move|p1a: Blissey|Soft-Boiled|p1a: Blissey\n|-heal|p1a: Blissey|99\/100\n|\n|-damage|p2a: artorias' gay dog|52\/100 brn|[from] brn\n|upkeep\n|turn|51\n|\n|t:|1699284573\n|switch|p1a: Alomomola|Alomomola, M|64\/100\n|move|p2a: artorias' gay dog|Behemoth Blade|p1a: Alomomola\n|-resisted|p1a: Alomomola\n|-damage|p1a: Alomomola|56\/100\n|\n|-damage|p2a: artorias' gay dog|46\/100 brn|[from] brn\n|upkeep\n|turn|52\n|\n|t:|1699284578\n|move|p2a: artorias' gay dog|Play Rough|p1a: Alomomola\n|-damage|p1a: Alomomola|40\/100\n|move|p1a: Alomomola|Wish|p1a: Alomomola\n|\n|-damage|p2a: artorias' gay dog|40\/100 brn|[from] brn\n|-fieldend|move: Electric Terrain\n|upkeep\n|turn|53\n|inactive|Harlem Foxtrotter has 120 seconds left.\n|\n|t:|1699284603\n|switch|p2a: Ribombee|Ribombee, F, shiny|100\/100\n|move|p1a: Alomomola|Scald|p2a: Ribombee\n|-damage|p2a: Ribombee|67\/100\n|-status|p2a: Ribombee|brn\n|\n|-heal|p1a: Alomomola|90\/100|[from] move: Wish|[wisher] Alomomola\n|-damage|p2a: Ribombee|61\/100 brn|[from] brn\n|upkeep\n|turn|54\n|\n|t:|1699284610\n|switch|p1a: Blissey|Blissey, F|99\/100\n|move|p2a: Ribombee|Stun Spore|p1a: Blissey\n|-status|p1a: Blissey|par\n|\n|-damage|p2a: Ribombee|55\/100 brn|[from] brn\n|upkeep\n|turn|55\n|\n|t:|1699284615\n|move|p2a: Ribombee|Skill Swap|p1a: Blissey\n|-activate|p2a: Ribombee|move: Skill Swap|Natural Cure|Sweet Veil|[of] p1a: Blissey\n|cant|p1a: Blissey|par\n|\n|-damage|p2a: Ribombee|48\/100 brn|[from] brn\n|upkeep\n|turn|56\n|\n|t:|1699284626\n|move|p2a: Ribombee|Moonblast|p1a: Blissey\n|-damage|p1a: Blissey|88\/100 par\n|move|p1a: Blissey|Seismic Toss|p2a: Ribombee\n|-damage|p2a: Ribombee|10\/100 brn\n|\n|-damage|p2a: Ribombee|4\/100 brn|[from] brn\n|upkeep\n|turn|57\n|\n|t:|1699284641\n|move|p2a: Ribombee|Moonblast|p1a: Blissey\n|-damage|p1a: Blissey|77\/100 par\n|move|p1a: Blissey|Flamethrower|p2a: Ribombee\n|-supereffective|p2a: Ribombee\n|-damage|p2a: Ribombee|0 fnt\n|faint|p2a: Ribombee\n|\n|upkeep\n|inactive|Harlem Foxtrotter has 120 seconds left.\n|\n|t:|1699284684\n|switch|p2a: Miraidong|Miraidon, tera:Electric|52\/100\n|-fieldstart|move: Electric Terrain|[from] ability: Hadron Engine|[of] p2a: Miraidong\n|turn|58\n|\n|t:|1699284703\n|move|p2a: Miraidong|Electro Drift|p1a: Blissey\n|-damage|p1a: Blissey|40\/100 par\n|move|p1a: Blissey|Soft-Boiled|p1a: Blissey\n|-heal|p1a: Blissey|90\/100 par\n|\n|upkeep\n|turn|59\n|\n|t:|1699284709\n|move|p2a: Miraidong|Electro Drift|p1a: Blissey\n|-damage|p1a: Blissey|58\/100 par\n|cant|p1a: Blissey|par\n|\n|upkeep\n|turn|60\n|\n|t:|1699284713\n|move|p2a: Miraidong|Electro Drift|p1a: Blissey\n|-damage|p1a: Blissey|25\/100 par\n|move|p1a: Blissey|Soft-Boiled|p1a: Blissey\n|-heal|p1a: Blissey|75\/100 par\n|\n|upkeep\n|turn|61\n|\n|t:|1699284716\n|switch|p2a: artorias' gay dog|Zacian-Crowned|40\/100 brn\n|move|p1a: Blissey|Seismic Toss|p2a: artorias' gay dog\n|-damage|p2a: artorias' gay dog|13\/100 brn\n|\n|-damage|p2a: artorias' gay dog|6\/100 brn|[from] brn\n|upkeep\n|turn|62\n|\n|t:|1699284725\n|switch|p1a: Alomomola|Alomomola, M|100\/100\n|move|p2a: artorias' gay dog|Play Rough|p1a: Alomomola\n|-damage|p1a: Alomomola|85\/100\n|\n|-damage|p2a: artorias' gay dog|0 fnt|[from] brn\n|faint|p2a: artorias' gay dog\n|-fieldend|move: Electric Terrain\n|upkeep\n|\n|t:|1699284728\n|switch|p2a: Miraidong|Miraidon, tera:Electric|52\/100\n|-fieldstart|move: Electric Terrain|[from] ability: Hadron Engine|[of] p2a: Miraidong\n|turn|63\n|\n|t:|1699284738\n|move|p1a: Alomomola|Protect|p1a: Alomomola\n|-singleturn|p1a: Alomomola|Protect\n|move|p2a: Miraidong|Electro Drift|p1a: Alomomola\n|-activate|p1a: Alomomola|move: Protect\n|\n|upkeep\n|turn|64\n|\n|t:|1699284751\n|move|p2a: Miraidong|Electro Drift|p1a: Alomomola\n|-supereffective|p1a: Alomomola\n|-damage|p1a: Alomomola|0 fnt\n|faint|p1a: Alomomola\n|\n|upkeep\n|\n|t:|1699284753\n|switch|p1a: Blissey|Blissey, F|75\/100 par\n|turn|65\n|\n|t:|1699284760\n|switch|p2a: arse llama|Arceus, shiny|66\/100\n|move|p1a: Blissey|Soft-Boiled|p1a: Blissey\n|-heal|p1a: Blissey|100\/100 par\n|\n|-heal|p2a: arse llama|72\/100|[from] item: Leftovers\n|upkeep\n|turn|66\n|\n|t:|1699284767\n|-curestatus|p1a: Blissey|par|[from] ability: Natural Cure\n|switch|p1a: Dondozo|Dondozo, M|84\/100 slp\n|move|p2a: arse llama|Earthquake|p1a: Dondozo\n|-damage|p1a: Dondozo|67\/100 slp\n|\n|-heal|p2a: arse llama|78\/100|[from] item: Leftovers\n|upkeep\n|turn|67\n|\n|t:|1699284773\n|switch|p2a: Miraidong|Miraidon, tera:Electric|52\/100\n|-activate|p2a: Miraidong|ability: Hadron Engine\n|cant|p1a: Dondozo|slp\n|move|p1a: Dondozo|Sleep Talk|p1a: Dondozo\n|move|p1a: Dondozo|Body Press|p2a: Miraidong|[from]move: Sleep Talk\n|-damage|p2a: Miraidong|23\/100\n|\n|-fieldend|move: Electric Terrain\n|upkeep\n|turn|68\n|\n|t:|1699284782\n|switch|p1a: Blissey|Blissey, F|100\/100\n|move|p2a: Miraidong|Volt Switch|p1a: Blissey\n|-damage|p1a: Blissey|87\/100\n|\n|t:|1699284785\n|switch|p2a: arse llama|Arceus, shiny|78\/100|[from] Volt Switch\n|\n|-heal|p2a: arse llama|84\/100|[from] item: Leftovers\n|upkeep\n|turn|69\n|\n|t:|1699284794\n|switch|p1a: Dondozo|Dondozo, M|67\/100 slp\n|move|p2a: arse llama|Earthquake|p1a: Dondozo\n|-damage|p1a: Dondozo|50\/100 slp\n|\n|-heal|p2a: arse llama|90\/100|[from] item: Leftovers\n|upkeep\n|turn|70\n|\n|t:|1699284800\n|move|p2a: arse llama|Earthquake|p1a: Dondozo\n|-damage|p1a: Dondozo|33\/100 slp\n|-curestatus|p1a: Dondozo|slp|[msg]\n|move|p1a: Dondozo|Body Press|p2a: arse llama\n|-supereffective|p2a: arse llama\n|-damage|p2a: arse llama|51\/100\n|\n|-heal|p2a: arse llama|58\/100|[from] item: Leftovers\n|upkeep\n|turn|71\n|\n|t:|1699284816\n|switch|p2a: Miraidong|Miraidon, tera:Electric|23\/100\n|-fieldstart|move: Electric Terrain|[from] ability: Hadron Engine|[of] p2a: Miraidong\n|move|p1a: Dondozo|Rest||[still]\n|-activate|p1a: Dondozo|move: Electric Terrain\n|-fail|p1a: Dondozo\n|\n|upkeep\n|turn|72\n|\n|t:|1699284822\n|switch|p1a: Blissey|Blissey, F|87\/100\n|move|p2a: Miraidong|Volt Switch|p1a: Blissey\n|-damage|p1a: Blissey|65\/100\n|\n|t:|1699284825\n|switch|p2a: arse llama|Arceus, shiny|58\/100|[from] Volt Switch\n|\n|-heal|p2a: arse llama|64\/100|[from] item: Leftovers\n|upkeep\n|turn|73\n|\n|t:|1699284829\n|switch|p1a: Tornadus|Tornadus-Therian, M|100\/100\n|move|p2a: arse llama|Earthquake|p1a: Tornadus\n|-immune|p1a: Tornadus\n|\n|-heal|p2a: arse llama|70\/100|[from] item: Leftovers\n|upkeep\n|turn|74\n|\n|t:|1699284836\n|move|p1a: Tornadus|Bleakwind Storm|p2a: arse llama\n|-damage|p2a: arse llama|36\/100\n|move|p2a: arse llama|Recover|p2a: arse llama\n|-heal|p2a: arse llama|86\/100\n|\n|-heal|p2a: arse llama|92\/100|[from] item: Leftovers\n|upkeep\n|turn|75\n|\n|t:|1699284844\n|move|p1a: Tornadus|Knock Off|p2a: arse llama\n|-damage|p2a: arse llama|78\/100\n|-enditem|p2a: arse llama|Leftovers|[from] move: Knock Off|[of] p1a: Tornadus\n|move|p2a: arse llama|Recover|p2a: arse llama\n|-heal|p2a: arse llama|100\/100\n|\n|-fieldend|move: Electric Terrain\n|upkeep\n|turn|76\n|\n|t:|1699284856\n|switch|p2a: Miraidong|Miraidon, tera:Electric|23\/100\n|-fieldstart|move: Electric Terrain|[from] ability: Hadron Engine|[of] p2a: Miraidong\n|move|p1a: Tornadus|Bleakwind Storm|p2a: Miraidong\n|-resisted|p2a: Miraidong\n|-damage|p2a: Miraidong|3\/100\n|-unboost|p2a: Miraidong|spe|1\n|\n|upkeep\n|turn|77\n|\n|t:|1699284871\n|move|p2a: Miraidong|Volt Switch|p1a: Tornadus\n|-supereffective|p1a: Tornadus\n|-damage|p1a: Tornadus|0 fnt\n|faint|p1a: Tornadus\n|\n|t:|1699284873\n|switch|p2a: arse llama|Arceus, shiny|100\/100|[from] Volt Switch\n|\n|upkeep\n|\n|t:|1699284878\n|switch|p1a: Dondozo|Dondozo, M|33\/100\n|turn|78\n|-message|txxray forfeited.\n|\n|win|Harlem Foxtrotter\n|raw|txxray's rating: 1298 &rarr; <strong>1277<\/strong><br \/>(-21 for losing)\n|raw|Harlem Foxtrotter's rating: 1352 &rarr; <strong>1369<\/strong><br \/>(+17 for winning)\n|l|\u2606txxray\n","uploadtime":1699284896,"views":6,"p1id":"txxray","p2id":"harlemfoxtrotter","formatid":"gen9ubers","rating":1277,"private":0,"password":""}