{"id":"gen9ubers-1976335147","p1":"Laprasrules12","p2":"PinkScourge","format":"[Gen 9] Ubers","log":"|j|\u2606Laprasrules12\n|j|\u2606PinkScourge\n|t:|1698288007\n|gametype|singles\n|player|p1|Laprasrules12|lusamine-nihilego|\n|player|p2|PinkScourge|bede-leader|\n|teamsize|p1|6\n|teamsize|p2|6\n|gen|9\n|tier|[Gen 9] Ubers\n|rule|Sleep Clause Mod: Limit one foe put to sleep\n|rule|Species Clause: Limit one of each Pok\u00e9mon\n|rule|OHKO Clause: OHKO moves are banned\n|rule|Evasion Items Clause: Evasion items are banned\n|rule|Evasion Moves Clause: Evasion moves are banned\n|rule|Endless Battle Clause: Forcing endless battles is banned\n|rule|HP Percentage Mod: HP is shown in percentages\n|clearpoke\n|poke|p1|Arceus-Fighting|\n|poke|p1|Espathra, F|\n|poke|p1|Zacian-*|\n|poke|p1|Palkia-Origin|\n|poke|p1|Cyclizar, F|\n|poke|p1|Magearna-Original|\n|poke|p2|Scream Tail|\n|poke|p2|Alomomola, F|\n|poke|p2|Arceus-Fire|\n|poke|p2|Zacian-*|\n|poke|p2|Magearna|\n|poke|p2|Weezing-Galar, M|\n|teampreview\n|inactive|Battle timer is ON: inactive players will automatically lose when time's up. (requested by PinkScourge)\n|inactive|Laprasrules12 also wants the timer to be on.\n|\n|t:|1698288030\n|start\n|switch|p1a: Say Gex|Cyclizar, F, shiny|100\/100\n|switch|p2a: Magearna|Magearna|100\/100\n|turn|1\n|\n|t:|1698288037\n|move|p1a: Say Gex|Shed Tail|p1a: Say Gex\n|-start|p1a: Say Gex|Substitute|[from] move: Shed Tail\n|-damage|p1a: Say Gex|50\/100\n|\n|t:|1698288039\n|switch|p1a: Pok\u00e9ball|Magearna-Original|100\/100|[from] Shed Tail\n|move|p2a: Magearna|Volt Switch|p1a: Pok\u00e9ball\n|-activate|p1a: Pok\u00e9ball|move: Substitute|[damage]\n|c|\u2606Laprasrules12|Fuck misclick\n|\n|t:|1698288046\n|switch|p2a: Scream Tail|Scream Tail|100\/100|[from] Volt Switch\n|\n|upkeep\n|turn|2\n|\n|t:|1698288049\n|move|p1a: Pok\u00e9ball|Thunder Wave|p2a: Scream Tail\n|-status|p2a: Scream Tail|par\n|move|p2a: Scream Tail|Roar|p1a: Pok\u00e9ball\n|drag|p1a: Cleopatra|Espathra, F, shiny|100\/100\n|\n|upkeep\n|turn|3\n|\n|t:|1698288057\n|-end|p2a: Scream Tail|Protosynthesis|[silent]\n|switch|p2a: Weezing|Weezing-Galar, M|100\/100\n|-fieldstart|move: Misty Terrain|[from] ability: Misty Surge|[of] p2a: Weezing\n|move|p1a: Cleopatra|Protect||[still]\n|-fail|p1a: Cleopatra\n|\n|-ability|p1a: Cleopatra|Speed Boost|boost\n|-boost|p1a: Cleopatra|spe|1\n|upkeep\n|turn|4\n|\n|t:|1698288066\n|switch|p2a: Magearna|Magearna|100\/100\n|move|p1a: Cleopatra|Protect||[still]\n|-fail|p1a: Cleopatra\n|\n|-ability|p1a: Cleopatra|Speed Boost|boost\n|-boost|p1a: Cleopatra|spe|1\n|upkeep\n|turn|5\n|\n|t:|1698288071\n|move|p1a: Cleopatra|Calm Mind|p1a: Cleopatra\n|-boost|p1a: Cleopatra|spa|1\n|-boost|p1a: Cleopatra|spd|1\n|move|p2a: Magearna|Encore|p1a: Cleopatra\n|-start|p1a: Cleopatra|Encore\n|\n|-ability|p1a: Cleopatra|Speed Boost|boost\n|-boost|p1a: Cleopatra|spe|1\n|upkeep\n|turn|6\n|\n|t:|1698288073\n|move|p1a: Cleopatra|Calm Mind|p1a: Cleopatra\n|-boost|p1a: Cleopatra|spa|1\n|-boost|p1a: Cleopatra|spd|1\n|move|p2a: Magearna|Spikes|p1a: Cleopatra\n|-sidestart|p1: Laprasrules12|Spikes\n|\n|-ability|p1a: Cleopatra|Speed Boost|boost\n|-boost|p1a: Cleopatra|spe|1\n|upkeep\n|turn|7\n|\n|t:|1698288076\n|move|p1a: Cleopatra|Calm Mind|p1a: Cleopatra\n|-boost|p1a: Cleopatra|spa|1\n|-boost|p1a: Cleopatra|spd|1\n|move|p2a: Magearna|Spikes|p1a: Cleopatra\n|-sidestart|p1: Laprasrules12|Spikes\n|\n|-fieldend|Misty Terrain\n|-ability|p1a: Cleopatra|Speed Boost|boost\n|-boost|p1a: Cleopatra|spe|1\n|upkeep\n|turn|8\n|\n|t:|1698288078\n|move|p1a: Cleopatra|Calm Mind|p1a: Cleopatra\n|-boost|p1a: Cleopatra|spa|1\n|-boost|p1a: Cleopatra|spd|1\n|move|p2a: Magearna|Volt Switch|p1a: Cleopatra\n|-damage|p1a: Cleopatra|90\/100\n|\n|t:|1698288080\n|switch|p2a: Scream Tail|Scream Tail|100\/100 par|[from] Volt Switch\n|\n|-heal|p1a: Cleopatra|96\/100|[from] item: Leftovers\n|-end|p1a: Cleopatra|Encore\n|-ability|p1a: Cleopatra|Speed Boost|boost\n|-boost|p1a: Cleopatra|spe|1\n|upkeep\n|turn|9\n|\n|t:|1698288083\n|move|p1a: Cleopatra|Stored Power|p2a: Scream Tail\n|-resisted|p2a: Scream Tail\n|-damage|p2a: Scream Tail|0 fnt\n|faint|p2a: Scream Tail\n|-end|p2a: Scream Tail|Protosynthesis|[silent]\n|\n|-heal|p1a: Cleopatra|100\/100|[from] item: Leftovers\n|upkeep\n|c|\u2606PinkScourge|And I fucked up lol\n|\n|t:|1698288103\n|switch|p2a: Arceus|Arceus-Fire|100\/100\n|turn|10\n|\n|t:|1698288111\n|-terastallize|p2a: Arceus|Dark\n|move|p1a: Cleopatra|Stored Power|p2a: Arceus\n|-immune|p2a: Arceus\n|move|p2a: Arceus|Will-O-Wisp|p1a: Cleopatra\n|-status|p1a: Cleopatra|brn\n|\n|-damage|p1a: Cleopatra|94\/100 brn|[from] brn\n|upkeep\n|turn|11\n|c|\u2606Laprasrules12|Yup\n|\n|t:|1698288121\n|switch|p2a: Magearna|Magearna|100\/100\n|-terastallize|p1a: Cleopatra|Fighting\n|move|p1a: Cleopatra|Tera Blast|p2a: Magearna|[anim] Tera Blast Fighting\n|-damage|p2a: Magearna|32\/100\n|\n|-heal|p1a: Cleopatra|100\/100 brn|[from] item: Leftovers\n|-heal|p2a: Magearna|38\/100|[from] item: Leftovers\n|-damage|p1a: Cleopatra|94\/100 brn|[from] brn\n|upkeep\n|turn|12\n|c|\u2606Laprasrules12|1 too many spikes\n|\n|t:|1698288132\n|move|p1a: Cleopatra|Stored Power|p2a: Magearna\n|-resisted|p2a: Magearna\n|-damage|p2a: Magearna|0 fnt\n|faint|p2a: Magearna\n|\n|-heal|p1a: Cleopatra|100\/100 brn|[from] item: Leftovers\n|-damage|p1a: Cleopatra|94\/100 brn|[from] brn\n|upkeep\n|\n|t:|1698288138\n|switch|p2a: Zacian|Zacian|100\/100\n|-ability|p2a: Zacian|Intrepid Sword|boost\n|-boost|p2a: Zacian|atk|1\n|turn|13\n|\n|t:|1698288142\n|move|p1a: Cleopatra|Stored Power|p2a: Zacian\n|-damage|p2a: Zacian|0 fnt\n|faint|p2a: Zacian\n|\n|-heal|p1a: Cleopatra|100\/100 brn|[from] item: Leftovers\n|-damage|p1a: Cleopatra|94\/100 brn|[from] brn\n|upkeep\n|c|\u2606PinkScourge|Yeah\n|c|\u2606PinkScourge|Rematch?\n|c|\u2606Laprasrules12|Sure\n|-message|PinkScourge forfeited.\n|\n|win|Laprasrules12\n|l|\u2606PinkScourge\n","uploadtime":1698288167,"views":12,"p1id":"laprasrules12","p2id":"pinkscourge","formatid":"gen9ubers","rating":0,"private":0,"password":""}