{"id":"gen9ubers-1977514526","p1":"GreenGreninja88","p2":"FatalOblivion","format":"[Gen 9] Ubers","log":"|j|\u2606GreenGreninja88\n|j|\u2606FatalOblivion\n|t:|1698423557\n|gametype|singles\n|player|p1|GreenGreninja88|colress|1195\n|player|p2|FatalOblivion|marley|1304\n|teamsize|p1|6\n|teamsize|p2|6\n|gen|9\n|tier|[Gen 9] Ubers\n|rated|\n|rule|Sleep Clause Mod: Limit one foe put to sleep\n|rule|Species Clause: Limit one of each Pok\u00e9mon\n|rule|OHKO Clause: OHKO moves are banned\n|rule|Evasion Items Clause: Evasion items are banned\n|rule|Evasion Moves Clause: Evasion moves are banned\n|rule|Endless Battle Clause: Forcing endless battles is banned\n|rule|HP Percentage Mod: HP is shown in percentages\n|clearpoke\n|poke|p1|Baxcalibur, M|\n|poke|p1|Kingambit, M|\n|poke|p1|Great Tusk|\n|poke|p1|Ninetales-Alola, M|\n|poke|p1|Ribombee, F|\n|poke|p1|Chi-Yu|\n|poke|p2|Koraidon|\n|poke|p2|Miraidon|\n|poke|p2|Arceus|\n|poke|p2|Flutter Mane|\n|poke|p2|Iron Bundle|\n|poke|p2|Ribombee, F|\n|teampreview\n|inactive|Battle timer is ON: inactive players will automatically lose when time's up. (requested by FatalOblivion)\n|\n|t:|1698423571\n|start\n|switch|p1a: Ninetales|Ninetales-Alola, M|100\/100\n|switch|p2a: Ribombee|Ribombee, F|100\/100\n|-weather|Snow|[from] ability: Snow Warning|[of] p1a: Ninetales\n|turn|1\n|\n|t:|1698423597\n|move|p2a: Ribombee|Sticky Web|p1a: Ninetales\n|-sidestart|p1: GreenGreninja88|move: Sticky Web\n|move|p1a: Ninetales|Encore|p2a: Ribombee\n|-start|p2a: Ribombee|Encore\n|\n|-weather|Snow|[upkeep]\n|upkeep\n|turn|2\n|\n|t:|1698423605\n|switch|p2a: Iron Bundle|Iron Bundle|100\/100\n|move|p1a: Ninetales|Aurora Veil|p1a: Ninetales\n|-sidestart|p1: GreenGreninja88|move: Aurora Veil\n|\n|-weather|Snow|[upkeep]\n|upkeep\n|turn|3\n|\n|t:|1698423621\n|move|p2a: Iron Bundle|Hydro Pump|p1a: Ninetales\n|-damage|p1a: Ninetales|53\/100\n|move|p1a: Ninetales|Moonblast|p2a: Iron Bundle\n|-damage|p2a: Iron Bundle|29\/100\n|\n|-weather|Snow|[upkeep]\n|upkeep\n|turn|4\n|\n|t:|1698423629\n|-end|p2a: Iron Bundle|Quark Drive|[silent]\n|switch|p2a: Ribombee|Ribombee, F|100\/100\n|move|p1a: Ninetales|Moonblast|p2a: Ribombee\n|-damage|p2a: Ribombee|35\/100\n|\n|-weather|Snow|[upkeep]\n|upkeep\n|turn|5\n|\n|t:|1698423636\n|move|p2a: Ribombee|Stun Spore|p1a: Ninetales|[miss]\n|-miss|p2a: Ribombee|p1a: Ninetales\n|move|p1a: Ninetales|Moonblast|p2a: Ribombee\n|-damage|p2a: Ribombee|0 fnt\n|faint|p2a: Ribombee\n|\n|-weather|none\n|upkeep\n|\n|t:|1698423640\n|switch|p2a: Koraidon|Koraidon|100\/100\n|-weather|SunnyDay|[from] ability: Orichalcum Pulse|[of] p2a: Koraidon\n|-activate|p2a: Koraidon|Orichalcum Pulse|[source]\n|turn|6\n|\n|t:|1698423645\n|switch|p1a: Freight Train|Great Tusk|100\/100\n|-activate|p1a: Freight Train|move: Sticky Web\n|-unboost|p1a: Freight Train|spe|1\n|-activate|p1a: Freight Train|ability: Protosynthesis\n|-start|p1a: Freight Train|protosynthesisdef\n|move|p2a: Koraidon|Flare Blitz|p1a: Freight Train\n|-damage|p1a: Freight Train|84\/100\n|-damage|p2a: Koraidon|94\/100|[from] Recoil\n|\n|-weather|SunnyDay|[upkeep]\n|-heal|p1a: Freight Train|90\/100|[from] item: Leftovers\n|upkeep\n|turn|7\n|\n|t:|1698423653\n|switch|p2a: Flutter Mane|Flutter Mane|100\/100\n|-activate|p2a: Flutter Mane|ability: Protosynthesis\n|-start|p2a: Flutter Mane|protosynthesisspe\n|move|p1a: Freight Train|Earthquake|p2a: Flutter Mane\n|-crit|p2a: Flutter Mane\n|-damage|p2a: Flutter Mane|0 fnt\n|faint|p2a: Flutter Mane\n|-end|p2a: Flutter Mane|Protosynthesis|[silent]\n|\n|-weather|SunnyDay|[upkeep]\n|-heal|p1a: Freight Train|96\/100|[from] item: Leftovers\n|upkeep\n|c|\u2606FatalOblivion|And of course the crit\n|\n|t:|1698423671\n|switch|p2a: Iron Bundle|Iron Bundle|29\/100\n|turn|8\n|\n|t:|1698423679\n|move|p2a: Iron Bundle|Ice Beam|p1a: Freight Train\n|-supereffective|p1a: Freight Train\n|-damage|p1a: Freight Train|0 fnt\n|faint|p1a: Freight Train\n|-end|p1a: Freight Train|Protosynthesis|[silent]\n|\n|-weather|SunnyDay|[upkeep]\n|upkeep\n|\n|t:|1698423693\n|switch|p1a: Chi-Yu|Chi-Yu|100\/100\n|-activate|p1a: Chi-Yu|move: Sticky Web\n|-unboost|p1a: Chi-Yu|spe|1\n|-ability|p1a: Chi-Yu|Beads of Ruin\n|turn|9\n|\n|t:|1698423710\n|-end|p2a: Iron Bundle|Quark Drive|[silent]\n|switch|p2a: Koraidon|Koraidon|94\/100\n|-activate|p2a: Koraidon|ability: Orichalcum Pulse\n|-terastallize|p1a: Chi-Yu|Dark\n|move|p1a: Chi-Yu|Flamethrower|p2a: Koraidon\n|-resisted|p2a: Koraidon\n|-damage|p2a: Koraidon|24\/100\n|\n|-weather|SunnyDay|[upkeep]\n|-sideend|p1: GreenGreninja88|move: Aurora Veil\n|upkeep\n|turn|10\n|\n|t:|1698423732\n|switch|p1a: Ninetales|Ninetales-Alola, M|53\/100\n|-activate|p1a: Ninetales|move: Sticky Web\n|-unboost|p1a: Ninetales|spe|1\n|-weather|Snow|[from] ability: Snow Warning|[of] p1a: Ninetales\n|move|p2a: Koraidon|Flare Blitz|p1a: Ninetales\n|-supereffective|p1a: Ninetales\n|-damage|p1a: Ninetales|0 fnt\n|faint|p1a: Ninetales\n|-damage|p2a: Koraidon|9\/100|[from] Recoil\n|\n|-weather|Snow|[upkeep]\n|upkeep\n|\n|t:|1698423741\n|switch|p1a: Ribombee|Ribombee, F|100\/100\n|-activate|p1a: Ribombee|move: Sticky Web\n|-unboost|p1a: Ribombee|spe|1\n|turn|11\n|\n|t:|1698423753\n|move|p2a: Koraidon|Flare Blitz|p1a: Ribombee\n|-supereffective|p1a: Ribombee\n|-enditem|p1a: Ribombee|Focus Sash\n|-damage|p1a: Ribombee|1\/100\n|-damage|p2a: Koraidon|0 fnt|[from] Recoil\n|faint|p2a: Koraidon\n|move|p1a: Ribombee|Sticky Web|p2: Koraidon\n|-sidestart|p2: FatalOblivion|move: Sticky Web\n|\n|-weather|Snow|[upkeep]\n|upkeep\n|\n|t:|1698423758\n|switch|p2a: Arceus|Arceus|100\/100\n|-activate|p2a: Arceus|move: Sticky Web\n|-unboost|p2a: Arceus|spe|1\n|turn|12\n|\n|t:|1698423765\n|move|p1a: Ribombee|Stun Spore|p2a: Arceus|[miss]\n|-miss|p1a: Ribombee|p2a: Arceus\n|move|p2a: Arceus|Swords Dance|p2a: Arceus\n|-boost|p2a: Arceus|atk|2\n|\n|-weather|Snow|[upkeep]\n|upkeep\n|turn|13\n|\n|t:|1698423769\n|move|p2a: Arceus|Extreme Speed|p1a: Ribombee\n|-damage|p1a: Ribombee|0 fnt\n|faint|p1a: Ribombee\n|\n|-weather|Snow|[upkeep]\n|upkeep\n|\n|t:|1698423780\n|switch|p1a: King Kope|Baxcalibur, M|100\/100\n|-activate|p1a: King Kope|move: Sticky Web\n|-unboost|p1a: King Kope|spe|1\n|turn|14\n|\n|t:|1698423790\n|-terastallize|p2a: Arceus|Normal\n|move|p2a: Arceus|Extreme Speed|p1a: King Kope\n|-damage|p1a: King Kope|4\/100\n|move|p1a: King Kope|Icicle Spear|p2a: Arceus\n|-damage|p2a: Arceus|90\/100\n|-damage|p2a: Arceus|80\/100\n|-damage|p2a: Arceus|71\/100\n|-damage|p2a: Arceus|61\/100\n|-damage|p2a: Arceus|51\/100\n|-hitcount|p2a: Arceus|5\n|\n|-weather|none\n|upkeep\n|turn|15\n|\n|t:|1698423802\n|move|p2a: Arceus|Extreme Speed|p1a: King Kope\n|-damage|p1a: King Kope|0 fnt\n|faint|p1a: King Kope\n|\n|upkeep\n|\n|t:|1698423804\n|switch|p1a: Gambito|Kingambit, M|100\/100\n|-activate|p1a: Gambito|move: Sticky Web\n|-unboost|p1a: Gambito|spe|1\n|-activate|p1a: Gambito|ability: Supreme Overlord\n|-start|p1a: Gambito|fallen4|[silent]\n|turn|16\n|\n|t:|1698423810\n|move|p2a: Arceus|Earthquake|p1a: Gambito\n|-supereffective|p1a: Gambito\n|-damage|p1a: Gambito|0 fnt\n|faint|p1a: Gambito\n|-end|p1a: Gambito|fallen4|[silent]\n|\n|upkeep\n|-message|GreenGreninja88 forfeited.\n|\n|win|FatalOblivion\n|raw|GreenGreninja88's rating: 1195 &rarr; <strong>1178<\/strong><br \/>(-17 for losing)\n|raw|FatalOblivion's rating: 1304 &rarr; <strong>1318<\/strong><br \/>(+14 for winning)\n|l|\u2606GreenGreninja88\n","uploadtime":1698423906,"views":10,"p1id":"greengreninja88","p2id":"fataloblivion","formatid":"gen9ubers","rating":1178,"private":0,"password":""}