{"id":"gen9ubers-1994330620","p1":"Suru4445","p2":"fresh yes","format":"[Gen 9] Ubers","log":"|j|\u2606Suru4445\n|j|\u2606fresh yes\n|t:|1700431853\n|gametype|singles\n|player|p1|Suru4445|ash|1086\n|player|p2|fresh yes|shauntal|1164\n|teamsize|p1|6\n|teamsize|p2|6\n|gen|9\n|tier|[Gen 9] Ubers\n|rated|\n|rule|Sleep Clause Mod: Limit one foe put to sleep\n|rule|Species Clause: Limit one of each Pok\u00e9mon\n|rule|OHKO Clause: OHKO moves are banned\n|rule|Evasion Items Clause: Evasion items are banned\n|rule|Evasion Moves Clause: Evasion moves are banned\n|rule|Endless Battle Clause: Forcing endless battles is banned\n|rule|HP Percentage Mod: HP is shown in percentages\n|clearpoke\n|poke|p1|Arceus|\n|poke|p1|Miraidon|\n|poke|p1|Spidops, M|\n|poke|p1|Calyrex-Ice|\n|poke|p1|Rayquaza|\n|poke|p1|Great Tusk|\n|poke|p2|Giratina|\n|poke|p2|Flutter Mane|\n|poke|p2|Ceruledge, M|\n|poke|p2|Gengar, F|\n|poke|p2|Annihilape, M|\n|poke|p2|Zoroark-Hisui, F|\n|teampreview\n|inactive|Battle timer is ON: inactive players will automatically lose when time's up. (requested by fresh yes)\n|\n|t:|1700431863\n|start\n|switch|p1a: Spidops|Spidops, M|100\/100\n|switch|p2a: ANGERY|Annihilape, M|100\/100\n|turn|1\n|\n|t:|1700431868\n|move|p2a: ANGERY|Stealth Rock|p1a: Spidops\n|-sidestart|p1: Suru4445|move: Stealth Rock\n|move|p1a: Spidops|Sticky Web|p2a: ANGERY\n|-sidestart|p2: fresh yes|move: Sticky Web\n|\n|upkeep\n|turn|2\n|\n|t:|1700431891\n|move|p2a: ANGERY|Rage Fist|p1a: Spidops\n|-crit|p1a: Spidops\n|-damage|p1a: Spidops|66\/100\n|move|p1a: Spidops|Memento|p2a: ANGERY\n|-unboost|p2a: ANGERY|atk|2\n|-ability|p2a: ANGERY|Defiant|boost\n|-boost|p2a: ANGERY|atk|2\n|-unboost|p2a: ANGERY|spa|2\n|-ability|p2a: ANGERY|Defiant|boost\n|-boost|p2a: ANGERY|atk|2\n|faint|p1a: Spidops\n|\n|upkeep\n|\n|t:|1700431907\n|switch|p1a: Rayquaza|Rayquaza|100\/100\n|-damage|p1a: Rayquaza|76\/100|[from] Stealth Rock\n|-ability|p1a: Rayquaza|Air Lock\n|turn|3\n|\n|t:|1700431915\n|move|p1a: Rayquaza|Dragon Ascent|p2a: ANGERY\n|-supereffective|p2a: ANGERY\n|-damage|p2a: ANGERY|0 fnt\n|-unboost|p1a: Rayquaza|def|1\n|-unboost|p1a: Rayquaza|spd|1\n|faint|p2a: ANGERY\n|\n|upkeep\n|\n|t:|1700431926\n|switch|p2a: blades|Ceruledge, M|100\/100\n|-activate|p2a: blades|move: Sticky Web\n|-unboost|p2a: blades|spe|1\n|turn|4\n|\n|t:|1700431941\n|move|p1a: Rayquaza|Earthquake|p2a: blades\n|-supereffective|p2a: blades\n|-damage|p2a: blades|6\/100\n|-ability|p2a: blades|Weak Armor|boost\n|-unboost|p2a: blades|def|1\n|-boost|p2a: blades|spe|2\n|-enditem|p2a: blades|Liechi Berry|[eat]\n|-boost|p2a: blades|atk|1|[from] item: Liechi Berry\n|move|p2a: blades|Bulk Up|p2a: blades\n|-boost|p2a: blades|atk|1\n|-boost|p2a: blades|def|1\n|\n|upkeep\n|turn|5\n|\n|t:|1700431955\n|move|p2a: blades|Shadow Sneak|p1a: Rayquaza\n|-damage|p1a: Rayquaza|0 fnt\n|faint|p1a: Rayquaza\n|\n|upkeep\n|\n|t:|1700431964\n|switch|p1a: Great Tusk|Great Tusk|100\/100\n|-damage|p1a: Great Tusk|98\/100|[from] Stealth Rock\n|-enditem|p1a: Great Tusk|Booster Energy\n|-activate|p1a: Great Tusk|ability: Protosynthesis|[fromitem]\n|-start|p1a: Great Tusk|protosynthesisatk\n|turn|6\n|\n|t:|1700431977\n|-terastallize|p2a: blades|Grass\n|move|p2a: blades|Bitter Blade|p1a: Great Tusk\n|-damage|p1a: Great Tusk|31\/100\n|-heal|p2a: blades|49\/100|[from] drain|[of] p1a: Great Tusk\n|move|p1a: Great Tusk|Ice Spinner|p2a: blades\n|-supereffective|p2a: blades\n|-damage|p2a: blades|0 fnt\n|faint|p2a: blades\n|\n|upkeep\n|inactive|fresh yes has 120 seconds left.\n|\n|t:|1700432004\n|switch|p2a: misdreactyl|Flutter Mane|100\/100\n|-activate|p2a: misdreactyl|move: Sticky Web\n|-unboost|p2a: misdreactyl|spe|1\n|turn|7\n|\n|t:|1700432008\n|move|p1a: Great Tusk|Headlong Rush|p2a: misdreactyl\n|-enditem|p2a: misdreactyl|Focus Sash\n|-damage|p2a: misdreactyl|1\/100\n|-unboost|p1a: Great Tusk|def|1\n|-unboost|p1a: Great Tusk|spd|1\n|move|p2a: misdreactyl|Moonblast|p1a: Great Tusk\n|-supereffective|p1a: Great Tusk\n|-damage|p1a: Great Tusk|0 fnt\n|faint|p1a: Great Tusk\n|-end|p1a: Great Tusk|Protosynthesis|[silent]\n|\n|upkeep\n|\n|t:|1700432025\n|switch|p1a: Arceus|Arceus|100\/100\n|-damage|p1a: Arceus|88\/100|[from] Stealth Rock\n|turn|8\n|\n|t:|1700432033\n|move|p1a: Arceus|Swords Dance|p1a: Arceus\n|-boost|p1a: Arceus|atk|2\n|move|p2a: misdreactyl|Thunder Wave|p1a: Arceus\n|-status|p1a: Arceus|par\n|\n|upkeep\n|turn|9\n|\n|t:|1700432039\n|move|p2a: misdreactyl|Shadow Ball|p1a: Arceus\n|-immune|p1a: Arceus\n|move|p1a: Arceus|Shadow Claw|p2a: misdreactyl\n|-supereffective|p2a: misdreactyl\n|-damage|p2a: misdreactyl|0 fnt\n|faint|p2a: misdreactyl\n|-end|p2a: misdreactyl|Protosynthesis|[silent]\n|-damage|p1a: Arceus|78\/100 par|[from] item: Life Orb\n|\n|upkeep\n|\n|t:|1700432049\n|switch|p2a: Ld. Renegade|Giratina|100\/100\n|-activate|p2a: Ld. Renegade|move: Sticky Web\n|-unboost|p2a: Ld. Renegade|spe|1\n|turn|10\n|\n|t:|1700432056\n|move|p2a: Ld. Renegade|Substitute|p2a: Ld. Renegade\n|-start|p2a: Ld. Renegade|Substitute\n|-damage|p2a: Ld. Renegade|75\/100\n|cant|p1a: Arceus|par\n|\n|upkeep\n|turn|11\n|\n|t:|1700432068\n|move|p2a: Ld. Renegade|Hyper Voice|p1a: Arceus\n|-damage|p1a: Arceus|50\/100 par\n|-enditem|p2a: Ld. Renegade|Throat Spray\n|-boost|p2a: Ld. Renegade|spa|1|[from] item: Throat Spray\n|move|p1a: Arceus|Earthquake|p2a: Ld. Renegade\n|-end|p2a: Ld. Renegade|Substitute\n|-damage|p1a: Arceus|40\/100 par|[from] item: Life Orb\n|\n|upkeep\n|turn|12\n|\n|t:|1700432083\n|move|p2a: Ld. Renegade|Substitute|p2a: Ld. Renegade\n|-start|p2a: Ld. Renegade|Substitute\n|-damage|p2a: Ld. Renegade|50\/100\n|cant|p1a: Arceus|par\n|\n|upkeep\n|turn|13\n|\n|t:|1700432088\n|move|p2a: Ld. Renegade|Hyper Voice|p1a: Arceus\n|-damage|p1a: Arceus|0 fnt\n|faint|p1a: Arceus\n|\n|upkeep\n|\n|t:|1700432095\n|switch|p1a: Calyrex|Calyrex-Ice|100\/100\n|-ability|p1a: Calyrex|As One\n|-ability|p1a: Calyrex|Unnerve\n|-damage|p1a: Calyrex|76\/100|[from] Stealth Rock\n|turn|14\n|\n|t:|1700432098\n|move|p2a: Ld. Renegade|Bitter Malice|p1a: Calyrex\n|-supereffective|p1a: Calyrex\n|-damage|p1a: Calyrex|0 fnt\n|faint|p1a: Calyrex\n|\n|upkeep\n|\n|t:|1700432103\n|switch|p1a: Miraidon|Miraidon|100\/100\n|-damage|p1a: Miraidon|88\/100|[from] Stealth Rock\n|-fieldstart|move: Electric Terrain|[from] ability: Hadron Engine|[of] p1a: Miraidon\n|turn|15\n|\n|t:|1700432108\n|-terastallize|p1a: Miraidon|Electric\n|move|p1a: Miraidon|Electro Drift|p2a: Ld. Renegade\n|-end|p2a: Ld. Renegade|Substitute\n|move|p2a: Ld. Renegade|Icy Wind|p1a: Miraidon\n|-damage|p1a: Miraidon|61\/100\n|-unboost|p1a: Miraidon|spe|1\n|\n|upkeep\n|turn|16\n|\n|t:|1700432128\n|move|p1a: Miraidon|Electro Drift|p2a: Ld. Renegade\n|-damage|p2a: Ld. Renegade|0 fnt\n|replace|p2a: metalhead|Zoroark-Hisui, F\n|-end|p2a: metalhead|Illusion\n|faint|p2a: metalhead\n|\n|upkeep\n|\n|t:|1700432134\n|switch|p2a: Ld. Renegade|Giratina|100\/100\n|-activate|p2a: Ld. Renegade|move: Sticky Web\n|-unboost|p2a: Ld. Renegade|spe|1\n|-ability|p2a: Ld. Renegade|Pressure\n|turn|17\n|\n|t:|1700432145\n|move|p1a: Miraidon|Electro Drift|p2a: Ld. Renegade\n|-resisted|p2a: Ld. Renegade\n|-damage|p2a: Ld. Renegade|54\/100\n|move|p2a: Ld. Renegade|Aura Sphere|p1a: Miraidon\n|-damage|p1a: Miraidon|37\/100\n|\n|-heal|p2a: Ld. Renegade|60\/100|[from] item: Leftovers\n|upkeep\n|turn|18\n|\n|t:|1700432154\n|move|p1a: Miraidon|Draco Meteor|p2a: Ld. Renegade\n|-supereffective|p2a: Ld. Renegade\n|-damage|p2a: Ld. Renegade|0 fnt\n|-unboost|p1a: Miraidon|spa|2\n|faint|p2a: Ld. Renegade\n|\n|upkeep\n|\n|t:|1700432157\n|switch|p2a: gar|Gengar, F|100\/100\n|-activate|p2a: gar|move: Sticky Web\n|-unboost|p2a: gar|spe|1\n|turn|19\n|\n|t:|1700432164\n|move|p2a: gar|Sludge Bomb|p1a: Miraidon\n|-damage|p1a: Miraidon|0 fnt\n|faint|p1a: Miraidon\n|\n|win|fresh yes\n|raw|Suru4445's rating: 1086 &rarr; <strong>1068<\/strong><br \/>(-18 for losing)\n|raw|fresh yes's rating: 1164 &rarr; <strong>1183<\/strong><br \/>(+19 for winning)\n","uploadtime":1700432167,"views":4,"p1id":"suru4445","p2id":"freshyes","formatid":"gen9ubers","rating":1068,"private":0,"password":""}