{"id":"gen9ubers-1978167176","p1":"BlueScheep","p2":"Daxx.pf","format":"[Gen 9] Ubers","log":"|j|\u2606BlueScheep\n|j|\u2606Daxx.pf\n|t:|1698507345\n|gametype|singles\n|player|p1|BlueScheep|fisherman-gen4|\n|player|p2|Daxx.pf|170|\n|teamsize|p1|6\n|teamsize|p2|6\n|gen|9\n|tier|[Gen 9] Ubers\n|rule|Sleep Clause Mod: Limit one foe put to sleep\n|rule|Species Clause: Limit one of each Pok\u00e9mon\n|rule|OHKO Clause: OHKO moves are banned\n|rule|Evasion Items Clause: Evasion items are banned\n|rule|Evasion Moves Clause: Evasion moves are banned\n|rule|Endless Battle Clause: Forcing endless battles is banned\n|rule|HP Percentage Mod: HP is shown in percentages\n|clearpoke\n|poke|p1|Great Tusk|\n|poke|p1|Cinderace, M|\n|poke|p1|Walking Wake|\n|poke|p1|Mismagius, F|\n|poke|p1|Ninetales, M|\n|poke|p1|Scream Tail|\n|poke|p2|Chi-Yu|\n|poke|p2|Articuno|\n|poke|p2|Rotom-Wash|\n|poke|p2|Landorus-Therian, M|\n|poke|p2|Amoonguss, M|\n|poke|p2|Golem-Alola, F|\n|teampreview\n|c|\u2606BlueScheep|glhf\n|c|\u2606BlueScheep|im scared ngl\n|c|\u2606Daxx.pf|glhf yeah me too\n|\n|t:|1698507389\n|start\n|switch|p1a: Great Tusk|Great Tusk|100\/100\n|switch|p2a: BALL|Golem-Alola, F|100\/100\n|turn|1\n|\n|t:|1698507434\n|switch|p2a: Amoonguss|Amoonguss, M|100\/100\n|move|p1a: Great Tusk|Stealth Rock|p2a: Amoonguss\n|-sidestart|p2: Daxx.pf|move: Stealth Rock\n|\n|upkeep\n|turn|2\n|\n|t:|1698507452\n|move|p1a: Great Tusk|Ice Spinner|p2a: Amoonguss\n|-supereffective|p2a: Amoonguss\n|-damage|p2a: Amoonguss|61\/100\n|move|p2a: Amoonguss|Grass Knot|p1a: Great Tusk\n|-supereffective|p1a: Great Tusk\n|-damage|p1a: Great Tusk|0 fnt\n|faint|p1a: Great Tusk\n|-end|p1a: Great Tusk|Protosynthesis|[silent]\n|\n|-heal|p2a: Amoonguss|67\/100|[from] item: Black Sludge\n|upkeep\n|\n|t:|1698507457\n|switch|p1a: Ninetales|Ninetales, M|100\/100\n|-weather|SunnyDay|[from] ability: Drought|[of] p1a: Ninetales\n|turn|3\n|\n|t:|1698507516\n|switch|p2a: BALL|Golem-Alola, F|100\/100\n|-damage|p2a: BALL|88\/100|[from] Stealth Rock\n|move|p1a: Ninetales|Overheat|p2a: BALL\n|-resisted|p2a: BALL\n|-damage|p2a: BALL|63\/100\n|-unboost|p1a: Ninetales|spa|2\n|\n|-weather|SunnyDay|[upkeep]\n|upkeep\n|turn|4\n|\n|t:|1698507620\n|switch|p1a: Coughing Baby|Scream Tail|100\/100\n|-activate|p1a: Coughing Baby|ability: Protosynthesis\n|-start|p1a: Coughing Baby|protosynthesisspd\n|move|p2a: BALL|Stone Edge|p1a: Coughing Baby\n|-damage|p1a: Coughing Baby|54\/100\n|\n|-weather|SunnyDay|[upkeep]\n|-heal|p1a: Coughing Baby|60\/100|[from] item: Leftovers\n|upkeep\n|turn|5\n|\n|t:|1698507632\n|move|p1a: Coughing Baby|Wish|p1a: Coughing Baby\n|move|p2a: BALL|Heavy Slam|p1a: Coughing Baby\n|-supereffective|p1a: Coughing Baby\n|-damage|p1a: Coughing Baby|0 fnt\n|faint|p1a: Coughing Baby\n|-end|p1a: Coughing Baby|Protosynthesis|[silent]\n|\n|-weather|SunnyDay|[upkeep]\n|upkeep\n|\n|t:|1698507636\n|switch|p1a: Hydrogen Bomb|Walking Wake|100\/100\n|-activate|p1a: Hydrogen Bomb|ability: Protosynthesis\n|-start|p1a: Hydrogen Bomb|protosynthesisspa\n|turn|6\n|\n|t:|1698507716\n|move|p1a: Hydrogen Bomb|Substitute|p1a: Hydrogen Bomb\n|-start|p1a: Hydrogen Bomb|Substitute\n|-damage|p1a: Hydrogen Bomb|76\/100\n|move|p2a: BALL|Explosion|p1a: Hydrogen Bomb\n|-end|p1a: Hydrogen Bomb|Substitute\n|faint|p2a: BALL\n|\n|-weather|SunnyDay|[upkeep]\n|-heal|p1a: Hydrogen Bomb|100\/100|[from] move: Wish|[wisher] Coughing Baby\n|upkeep\n|\n|t:|1698507760\n|switch|p2a: Articuno|Articuno|100\/100\n|-ability|p2a: Articuno|Pressure\n|turn|7\n|\n|t:|1698507820\n|-end|p1a: Hydrogen Bomb|Protosynthesis|[silent]\n|switch|p1a: Oppenheimer|Cinderace, M|100\/100\n|-terastallize|p2a: Articuno|Fairy\n|move|p2a: Articuno|Freeze-Dry|p1a: Oppenheimer\n|-resisted|p1a: Oppenheimer\n|-damage|p1a: Oppenheimer|84\/100\n|\n|-weather|SunnyDay|[upkeep]\n|upkeep\n|turn|8\n|\n|t:|1698507929\n|switch|p2a: Landorus|Landorus-Therian, M|100\/100\n|-damage|p2a: Landorus|88\/100|[from] Stealth Rock\n|-ability|p2a: Landorus|Intimidate|boost\n|-unboost|p1a: Oppenheimer|atk|1\n|move|p1a: Oppenheimer|Swords Dance|p1a: Oppenheimer\n|-start|p1a: Oppenheimer|typechange|Normal|[from] ability: Libero\n|-boost|p1a: Oppenheimer|atk|2\n|\n|-weather|SunnyDay|[upkeep]\n|upkeep\n|turn|9\n|\n|t:|1698508037\n|move|p1a: Oppenheimer|Pyro Ball|p2a: Landorus|[miss]\n|-miss|p1a: Oppenheimer|p2a: Landorus\n|move|p2a: Landorus|Earthquake|p1a: Oppenheimer\n|-damage|p1a: Oppenheimer|0 fnt\n|faint|p1a: Oppenheimer\n|\n|-weather|SunnyDay|[upkeep]\n|upkeep\n|c|\u2606BlueScheep|aight\n|c|\u2606Daxx.pf|thats unfortunate\n|\n|t:|1698508064\n|switch|p1a: Hydrogen Bomb|Walking Wake|100\/100\n|-activate|p1a: Hydrogen Bomb|ability: Protosynthesis\n|-start|p1a: Hydrogen Bomb|protosynthesisspa\n|turn|10\n|\n|t:|1698508186\n|switch|p2a: Articuno|Articuno, tera:Fairy|100\/100\n|-ability|p2a: Articuno|Pressure\n|move|p1a: Hydrogen Bomb|Hydro Steam|p2a: Articuno\n|-damage|p2a: Articuno|59\/100\n|\n|-weather|none\n|-end|p1a: Hydrogen Bomb|Protosynthesis\n|upkeep\n|turn|11\n|\n|t:|1698508208\n|-end|p1a: Hydrogen Bomb|Protosynthesis|[silent]\n|switch|p1a: Ninetales|Ninetales, M|100\/100\n|-weather|SunnyDay|[from] ability: Drought|[of] p1a: Ninetales\n|move|p2a: Articuno|Roost|p2a: Articuno\n|-heal|p2a: Articuno|100\/100\n|\n|-weather|SunnyDay|[upkeep]\n|upkeep\n|turn|12\n|\n|t:|1698508256\n|switch|p2a: Rotom|Rotom-Wash|100\/100\n|-damage|p2a: Rotom|88\/100|[from] Stealth Rock\n|move|p1a: Ninetales|Encore||[still]\n|-fail|p1a: Ninetales\n|\n|-weather|SunnyDay|[upkeep]\n|upkeep\n|turn|13\n|\n|t:|1698508317\n|switch|p1a: Hydrogen Bomb|Walking Wake|100\/100\n|-activate|p1a: Hydrogen Bomb|ability: Protosynthesis\n|-start|p1a: Hydrogen Bomb|protosynthesisspa\n|move|p2a: Rotom|Thunderbolt|p1a: Hydrogen Bomb\n|-damage|p1a: Hydrogen Bomb|54\/100\n|\n|-weather|SunnyDay|[upkeep]\n|-heal|p1a: Hydrogen Bomb|60\/100|[from] item: Leftovers\n|upkeep\n|turn|14\n|\n|t:|1698508380\n|-end|p1a: Hydrogen Bomb|Protosynthesis|[silent]\n|switch|p1a: Ninetales|Ninetales, M|100\/100\n|move|p2a: Rotom|Thunderbolt|p1a: Ninetales\n|-damage|p1a: Ninetales|64\/100\n|\n|-weather|SunnyDay|[upkeep]\n|upkeep\n|turn|15\n|\n|t:|1698508394\n|move|p2a: Rotom|Thunderbolt|p1a: Ninetales\n|-damage|p1a: Ninetales|23\/100\n|move|p1a: Ninetales|Hypnosis|p2a: Rotom\n|-status|p2a: Rotom|slp|[from] move: Hypnosis\n|\n|-weather|SunnyDay|[upkeep]\n|upkeep\n|turn|16\n|c|\u2606BlueScheep|now what\n|c|\u2606Daxx.pf|good question\n|\n|t:|1698508549\n|switch|p1a: Mismagius|Mismagius, F|100\/100\n|cant|p2a: Rotom|slp\n|\n|-weather|SunnyDay|[upkeep]\n|upkeep\n|turn|17\n|\n|t:|1698508614\n|switch|p2a: Amoonguss|Amoonguss, M|99\/100\n|-damage|p2a: Amoonguss|88\/100|[from] Stealth Rock\n|move|p1a: Mismagius|Psychic|p2a: Amoonguss\n|-supereffective|p2a: Amoonguss\n|-damage|p2a: Amoonguss|17\/100\n|\n|-weather|SunnyDay|[upkeep]\n|-heal|p2a: Amoonguss|23\/100|[from] item: Black Sludge\n|upkeep\n|turn|18\n|\n|t:|1698508635\n|switch|p1a: Ninetales|Ninetales, M|23\/100\n|switch|p2a: Chi-Yu|Chi-Yu|100\/100\n|-damage|p2a: Chi-Yu|76\/100|[from] Stealth Rock\n|-ability|p2a: Chi-Yu|Beads of Ruin\n|\n|-weather|none\n|upkeep\n|turn|19\n|\n|t:|1698508654\n|move|p1a: Ninetales|Protect|p1a: Ninetales\n|-singleturn|p1a: Ninetales|Protect\n|move|p2a: Chi-Yu|Dark Pulse|p1a: Ninetales\n|-activate|p1a: Ninetales|move: Protect\n|\n|upkeep\n|turn|20\n|\n|t:|1698508670\n|move|p1a: Ninetales|Overheat|p2a: Chi-Yu\n|-resisted|p2a: Chi-Yu\n|-damage|p2a: Chi-Yu|53\/100\n|-unboost|p1a: Ninetales|spa|2\n|move|p2a: Chi-Yu|Dark Pulse|p1a: Ninetales\n|-damage|p1a: Ninetales|0 fnt\n|faint|p1a: Ninetales\n|\n|upkeep\n|\n|t:|1698508679\n|switch|p1a: Mismagius|Mismagius, F|100\/100\n|turn|21\n|\n|t:|1698508737\n|-terastallize|p1a: Mismagius|Ghost\n|move|p1a: Mismagius|Shadow Ball|p2a: Chi-Yu\n|-resisted|p2a: Chi-Yu\n|-damage|p2a: Chi-Yu|13\/100\n|move|p2a: Chi-Yu|Dark Pulse|p1a: Mismagius\n|-supereffective|p1a: Mismagius\n|-damage|p1a: Mismagius|0 fnt\n|faint|p1a: Mismagius\n|\n|upkeep\n|\n|t:|1698508744\n|switch|p1a: Hydrogen Bomb|Walking Wake|60\/100\n|turn|22\n|\n|t:|1698508750\n|move|p1a: Hydrogen Bomb|Substitute|p1a: Hydrogen Bomb\n|-start|p1a: Hydrogen Bomb|Substitute\n|-damage|p1a: Hydrogen Bomb|35\/100\n|move|p2a: Chi-Yu|Dark Pulse|p1a: Hydrogen Bomb\n|-end|p1a: Hydrogen Bomb|Substitute\n|\n|-heal|p1a: Hydrogen Bomb|41\/100|[from] item: Leftovers\n|upkeep\n|turn|23\n|\n|t:|1698508760\n|move|p1a: Hydrogen Bomb|Hydro Steam|p2a: Chi-Yu\n|-supereffective|p2a: Chi-Yu\n|-damage|p2a: Chi-Yu|0 fnt\n|faint|p2a: Chi-Yu\n|\n|-heal|p1a: Hydrogen Bomb|47\/100|[from] item: Leftovers\n|upkeep\n|c|\u2606BlueScheep|gg\n|\n|t:|1698508771\n|switch|p2a: Articuno|Articuno, tera:Fairy|100\/100\n|-ability|p2a: Articuno|Pressure\n|turn|24\n|\n|t:|1698508777\n|move|p1a: Hydrogen Bomb|Substitute|p1a: Hydrogen Bomb\n|-start|p1a: Hydrogen Bomb|Substitute\n|-damage|p1a: Hydrogen Bomb|23\/100\n|move|p2a: Articuno|Freeze-Dry|p1a: Hydrogen Bomb\n|-supereffective|p1a: Hydrogen Bomb\n|-end|p1a: Hydrogen Bomb|Substitute\n|\n|-heal|p1a: Hydrogen Bomb|29\/100|[from] item: Leftovers\n|upkeep\n|turn|25\n|\n|t:|1698508784\n|move|p1a: Hydrogen Bomb|Hydro Steam|p2a: Articuno\n|-damage|p2a: Articuno|76\/100\n|move|p2a: Articuno|Freeze-Dry|p1a: Hydrogen Bomb\n|-supereffective|p1a: Hydrogen Bomb\n|-damage|p1a: Hydrogen Bomb|0 fnt\n|faint|p1a: Hydrogen Bomb\n|-end|p1a: Hydrogen Bomb|Protosynthesis|[silent]\n|\n|win|Daxx.pf\n|c|\u2606Daxx.pf|gg\n|c|\u2606BlueScheep|never playing this game again\n|l|\u2606BlueScheep\n","uploadtime":1698508814,"views":42,"p1id":"bluescheep","p2id":"daxxpf","formatid":"gen9ubers","rating":0,"private":0,"password":""}