{"id":"gen9ubers-1983087198","p1":"KoziolKombat","p2":"Prof Balls","format":"[Gen 9] Ubers","log":"|j|\u2606KoziolKombat\n|j|\u2606Prof Balls\n|t:|1699082982\n|gametype|singles\n|player|p1|KoziolKombat|yellow|\n|player|p2|Prof Balls|brycenman|\n|teamsize|p1|6\n|teamsize|p2|6\n|gen|9\n|tier|[Gen 9] Ubers\n|rule|Sleep Clause Mod: Limit one foe put to sleep\n|rule|Species Clause: Limit one of each Pok\u00e9mon\n|rule|OHKO Clause: OHKO moves are banned\n|rule|Evasion Items Clause: Evasion items are banned\n|rule|Evasion Moves Clause: Evasion moves are banned\n|rule|Endless Battle Clause: Forcing endless battles is banned\n|rule|HP Percentage Mod: HP is shown in percentages\n|clearpoke\n|poke|p1|Dragapult, M|\n|poke|p1|Garganacl, F|\n|poke|p1|Hatterene, F|\n|poke|p1|Annihilape, M|\n|poke|p1|Regieleki|\n|poke|p1|Volcarona, F|\n|poke|p2|Ogerpon-Wellspring, F|\n|poke|p2|Walking Wake|\n|poke|p2|Zapdos|\n|poke|p2|Hydreigon, M|\n|poke|p2|Donphan, F|\n|poke|p2|Clefairy, F|\n|teampreview\n|c|\u2606Prof Balls|ive waited my entire life for this\n|c|\u2606KoziolKombat|yes u have\n|\n|t:|1699083008\n|start\n|switch|p1a: Volcarona|Volcarona, F|100\/100\n|switch|p2a: Walking Wake|Walking Wake|100\/100\n|-enditem|p2a: Walking Wake|Booster Energy\n|-activate|p2a: Walking Wake|ability: Protosynthesis|[fromitem]\n|-start|p2a: Walking Wake|protosynthesisspa\n|turn|1\n|c|\u2606Prof Balls|im so cold\n|\n|t:|1699083022\n|switch|p1a: Hatterene|Hatterene, F, shiny|100\/100\n|move|p2a: Walking Wake|Hydro Steam|p1a: Hatterene\n|-damage|p1a: Hatterene|45\/100\n|\n|-heal|p1a: Hatterene|51\/100|[from] item: Leftovers\n|upkeep\n|turn|2\n|\n|t:|1699083030\n|-terastallize|p2a: Walking Wake|Water\n|move|p2a: Walking Wake|Hydro Steam|p1a: Hatterene\n|-damage|p1a: Hatterene|0 fnt\n|faint|p1a: Hatterene\n|\n|upkeep\n|c|\u2606Prof Balls|beat just dropped\n|c|\u2606KoziolKombat|rly good tera\n|c|\u2606Prof Balls|btw\n|c|\u2606KoziolKombat|dead asf\n|\n|t:|1699083050\n|switch|p1a: Regieleki|Regieleki, shiny|100\/100\n|turn|3\n|\n|t:|1699083056\n|move|p1a: Regieleki|Volt Switch|p2a: Walking Wake\n|-supereffective|p2a: Walking Wake\n|-damage|p2a: Walking Wake|0 fnt\n|faint|p2a: Walking Wake\n|-end|p2a: Walking Wake|Protosynthesis|[silent]\n|\n|t:|1699083060\n|switch|p1a: Annihilape|Annihilape, M|100\/100|[from] Volt Switch\n|\n|upkeep\n|\n|t:|1699083082\n|switch|p2a: Clefairy|Clefairy, F|100\/100\n|turn|4\n|\n|t:|1699083089\n|move|p1a: Annihilape|Taunt|p2a: Clefairy\n|-start|p2a: Clefairy|move: Taunt\n|cant|p2a: Clefairy|move: Taunt|Wish\n|\n|upkeep\n|turn|5\n|c|\u2606Prof Balls|bruh\n|c|\u2606KoziolKombat|u have 2 acceptable plays rn\n|c|\u2606KoziolKombat|red pill or blue pill aaron\n|c|\u2606Prof Balls|i had a whole game plan\n|\n|t:|1699083125\n|switch|p2a: Zapdos|Zapdos|100\/100\n|move|p1a: Annihilape|Bulk Up|p1a: Annihilape\n|-boost|p1a: Annihilape|atk|1\n|-boost|p1a: Annihilape|def|1\n|\n|upkeep\n|turn|6\n|c|\u2606KoziolKombat|adapt improvise overcome\n|\n|t:|1699083140\n|move|p2a: Zapdos|Hurricane|p1a: Annihilape\n|-supereffective|p1a: Annihilape\n|-damage|p1a: Annihilape|43\/100\n|move|p1a: Annihilape|Taunt|p2a: Zapdos\n|-start|p2a: Zapdos|move: Taunt\n|\n|-heal|p1a: Annihilape|50\/100|[from] item: Leftovers\n|upkeep\n|turn|7\n|\n|t:|1699083153\n|move|p2a: Zapdos|Hurricane|p1a: Annihilape\n|-supereffective|p1a: Annihilape\n|-damage|p1a: Annihilape|0 fnt\n|faint|p1a: Annihilape\n|\n|upkeep\n|\n|t:|1699083157\n|switch|p1a: Dragapult|Dragapult, M, shiny|100\/100\n|turn|8\n|\n|t:|1699083172\n|move|p1a: Dragapult|Draco Meteor|p2a: Zapdos\n|-damage|p2a: Zapdos|23\/100\n|-unboost|p1a: Dragapult|spa|2\n|move|p2a: Zapdos|Volt Switch|p1a: Dragapult\n|-resisted|p1a: Dragapult\n|-damage|p1a: Dragapult|81\/100\n|c|\u2606KoziolKombat|good pivot\n|\n|t:|1699083181\n|switch|p2a: Hydreigon|Hydreigon, M, shiny|100\/100|[from] Volt Switch\n|\n|upkeep\n|turn|9\n|\n|t:|1699083189\n|move|p2a: Hydreigon|Dark Pulse|p1a: Dragapult\n|-supereffective|p1a: Dragapult\n|-damage|p1a: Dragapult|0 fnt\n|faint|p1a: Dragapult\n|\n|upkeep\n|\n|t:|1699083194\n|switch|p1a: Regieleki|Regieleki, shiny|100\/100\n|turn|10\n|c|\u2606Prof Balls|mandarlo\n|c|\u2606KoziolKombat|thats why u scarf\n|c|\u2606Prof Balls|wayamin\n|c|\u2606KoziolKombat|put that on a tombstone\n|\n|t:|1699083230\n|switch|p2a: Donphan|Donphan, F, shiny|100\/100\n|-terastallize|p1a: Regieleki|Ice\n|move|p1a: Regieleki|Tera Blast|p2a: Donphan|[anim] Tera Blast Ice\n|-supereffective|p2a: Donphan\n|-ability|p2a: Donphan|Sturdy\n|-damage|p2a: Donphan|1\/100\n|\n|-heal|p2a: Donphan|7\/100|[from] item: Leftovers\n|upkeep\n|turn|11\n|c|\u2606KoziolKombat|star wars character name\n|c|\u2606Prof Balls|i sold it\n|\n|t:|1699083247\n|switch|p2a: Hydreigon|Hydreigon, M, shiny|100\/100\n|move|p1a: Regieleki|Rapid Spin|p2a: Hydreigon\n|-damage|p2a: Hydreigon|88\/100\n|-boost|p1a: Regieleki|spe|1\n|\n|upkeep\n|turn|12\n|\n|t:|1699083259\n|move|p1a: Regieleki|Tera Blast|p2a: Hydreigon|[anim] Tera Blast Ice\n|-supereffective|p2a: Hydreigon\n|-damage|p2a: Hydreigon|0 fnt\n|faint|p2a: Hydreigon\n|\n|upkeep\n|c|\u2606Prof Balls|actual pain\n|c|\u2606KoziolKombat|43% roll\n|\n|t:|1699083275\n|switch|p2a: Ogerpon|Ogerpon-Wellspring, F|100\/100\n|turn|13\n|c|\u2606Prof Balls|martin had a dream\n|\n|t:|1699083286\n|move|p1a: Regieleki|Thunderbolt|p2a: Ogerpon\n|-damage|p2a: Ogerpon|40\/100\n|move|p2a: Ogerpon|Ivy Cudgel|p1a: Regieleki\n|-damage|p1a: Regieleki|0 fnt\n|faint|p1a: Regieleki\n|\n|upkeep\n|\n|t:|1699083291\n|switch|p1a: Garganacl|Garganacl, F|100\/100\n|turn|14\n|c|\u2606Prof Balls|25%\n|\n|t:|1699083304\n|switch|p2a: Clefairy|Clefairy, F|100\/100\n|move|p1a: Garganacl|Iron Defense|p1a: Garganacl\n|-boost|p1a: Garganacl|def|2\n|\n|upkeep\n|turn|15\n|\n|t:|1699083310\n|move|p2a: Clefairy|Wish|p2a: Clefairy\n|move|p1a: Garganacl|Salt Cure|p2a: Clefairy\n|-damage|p2a: Clefairy|91\/100\n|-start|p2a: Clefairy|Salt Cure\n|\n|upkeep\n|turn|16\n|\n|t:|1699083317\n|switch|p2a: Donphan|Donphan, F, shiny|7\/100\n|move|p1a: Garganacl|Iron Defense|p1a: Garganacl\n|-boost|p1a: Garganacl|def|2\n|\n|-heal|p2a: Donphan|52\/100|[from] move: Wish|[wisher] Clefairy\n|-heal|p2a: Donphan|58\/100|[from] item: Leftovers\n|upkeep\n|turn|17\n|\n|t:|1699083332\n|move|p2a: Donphan|Earthquake|p1a: Garganacl\n|-supereffective|p1a: Garganacl\n|-damage|p1a: Garganacl|87\/100\n|move|p1a: Garganacl|Body Press|p2a: Donphan\n|-damage|p2a: Donphan|12\/100\n|\n|-heal|p2a: Donphan|18\/100|[from] item: Leftovers\n|-heal|p1a: Garganacl|93\/100|[from] item: Leftovers\n|upkeep\n|turn|18\n|\n|t:|1699083343\n|switch|p2a: Clefairy|Clefairy, F|91\/100\n|move|p1a: Garganacl|Body Press|p2a: Clefairy\n|-resisted|p2a: Clefairy\n|-damage|p2a: Clefairy|57\/100\n|\n|-heal|p1a: Garganacl|99\/100|[from] item: Leftovers\n|upkeep\n|turn|19\n|c|\u2606KoziolKombat|jahoooover\n|c|\u2606KoziolKombat|lock tf in\n|\n|t:|1699083372\n|move|p2a: Clefairy|Wish|p2a: Clefairy\n|move|p1a: Garganacl|Iron Defense|p1a: Garganacl\n|-boost|p1a: Garganacl|def|2\n|\n|-heal|p1a: Garganacl|100\/100|[from] item: Leftovers\n|upkeep\n|turn|20\n|c|\u2606KoziolKombat|this is war soldier\n|\n|t:|1699083380\n|switch|p2a: Zapdos|Zapdos|23\/100\n|move|p1a: Garganacl|Body Press|p2a: Zapdos\n|-resisted|p2a: Zapdos\n|-damage|p2a: Zapdos|0 fnt\n|faint|p2a: Zapdos\n|\n|upkeep\n|c|\u2606Prof Balls|sometimes gods greatest soldiers even know when the time is near, and they lay their arms down, and embrace\n|\n|t:|1699083418\n|switch|p2a: Clefairy|Clefairy, F|57\/100\n|turn|21\n|\n|t:|1699083428\n|move|p2a: Clefairy|Thunder Wave|p1a: Garganacl\n|-immune|p1a: Garganacl|[from] ability: Purifying Salt\n|move|p1a: Garganacl|Body Press|p2a: Clefairy\n|-resisted|p2a: Clefairy\n|-damage|p2a: Clefairy|11\/100\n|\n|upkeep\n|turn|22\n|\n|t:|1699083434\n|move|p1a: Garganacl|Body Press|p2a: Clefairy\n|-resisted|p2a: Clefairy\n|-damage|p2a: Clefairy|0 fnt\n|faint|p2a: Clefairy\n|\n|upkeep\n|c|\u2606Prof Balls|o7\n|c|\u2606KoziolKombat|twave was not the wave\n|c|\u2606Prof Balls|o7\n|\n|t:|1699083452\n|switch|p2a: Ogerpon|Ogerpon-Wellspring, F|40\/100\n|turn|23\n|\n|t:|1699083456\n|move|p2a: Ogerpon|Horn Leech|p1a: Garganacl\n|-supereffective|p1a: Garganacl\n|-damage|p1a: Garganacl|89\/100\n|-heal|p2a: Ogerpon|48\/100|[from] drain|[of] p1a: Garganacl\n|move|p1a: Garganacl|Body Press|p2a: Ogerpon\n|-damage|p2a: Ogerpon|0 fnt\n|faint|p2a: Ogerpon\n|\n|-heal|p1a: Garganacl|95\/100|[from] item: Leftovers\n|upkeep\n|\n|t:|1699083460\n|switch|p2a: Donphan|Donphan, F, shiny|18\/100\n|turn|24\n|\n|t:|1699083464\n|move|p2a: Donphan|Earthquake|p1a: Garganacl\n|-supereffective|p1a: Garganacl\n|-damage|p1a: Garganacl|84\/100\n|move|p1a: Garganacl|Body Press|p2a: Donphan\n|-damage|p2a: Donphan|0 fnt\n|faint|p2a: Donphan\n|\n|win|KoziolKombat\n|c|\u2606KoziolKombat|much better played\n","uploadtime":1699083475,"views":8,"p1id":"koziolkombat","p2id":"profballs","formatid":"gen9ubers","rating":0,"private":0,"password":""}