{"id":"gen9ubers-1982823245","p1":"RudyFo0x","p2":"ArchBaka","format":"[Gen 9] Ubers","log":"|j|\u2606RudyFo0x\n|j|\u2606ArchBaka\n|t:|1699048388\n|gametype|singles\n|player|p1|RudyFo0x|2|\n|player|p2|ArchBaka|misty|\n|teamsize|p1|6\n|teamsize|p2|6\n|gen|9\n|tier|[Gen 9] Ubers\n|rule|Sleep Clause Mod: Limit one foe put to sleep\n|rule|Species Clause: Limit one of each Pok\u00e9mon\n|rule|OHKO Clause: OHKO moves are banned\n|rule|Evasion Items Clause: Evasion items are banned\n|rule|Evasion Moves Clause: Evasion moves are banned\n|rule|Endless Battle Clause: Forcing endless battles is banned\n|rule|HP Percentage Mod: HP is shown in percentages\n|clearpoke\n|poke|p1|Roaring Moon|\n|poke|p1|Basculegion, M|\n|poke|p1|Torkoal, M|\n|poke|p1|Great Tusk|\n|poke|p1|Bronzong|\n|poke|p1|Thundurus, M|\n|poke|p2|Braviary-Hisui, M|\n|poke|p2|Zarude-Dada|\n|poke|p2|Zapdos-Galar|\n|poke|p2|Greninja-*, M|\n|poke|p2|Gallade, M|\n|poke|p2|Cinderace, F|\n|teampreview\n|j| FigurativeIQ\n|j| thesunthesunthesun\n|j| coldgiga\n|\n|t:|1699048409\n|start\n|switch|p1a: Best of boys|Torkoal, M|100\/100\n|switch|p2a: Foot Fetishist|Zapdos-Galar|100\/100\n|-weather|SunnyDay|[from] ability: Drought|[of] p1a: Best of boys\n|turn|1\n|j| 84m833\n|j| Barron_Mitch\n|j| Karpsy\n|\n|t:|1699048491\n|switch|p1a: Phanphie|Great Tusk|100\/100\n|-activate|p1a: Phanphie|ability: Protosynthesis\n|-start|p1a: Phanphie|protosynthesisatk\n|move|p2a: Foot Fetishist|Thunderous Kick|p1a: Phanphie\n|-crit|p1a: Phanphie\n|-damage|p1a: Phanphie|32\/100\n|-unboost|p1a: Phanphie|def|1\n|\n|-weather|SunnyDay|[upkeep]\n|upkeep\n|turn|2\n|\n|t:|1699048519\n|move|p2a: Foot Fetishist|Thunderous Kick|p1a: Phanphie\n|-damage|p1a: Phanphie|0 fnt\n|faint|p1a: Phanphie\n|-end|p1a: Phanphie|Protosynthesis|[silent]\n|\n|-weather|SunnyDay|[upkeep]\n|upkeep\n|\n|t:|1699048552\n|switch|p1a: 50\/50|Bronzong|100\/100\n|turn|3\n|\n|t:|1699048576\n|move|p2a: Foot Fetishist|Thunderous Kick|p1a: 50\/50\n|-damage|p1a: 50\/50|44\/100\n|-unboost|p1a: 50\/50|def|1\n|move|p1a: 50\/50|Substitute|p1a: 50\/50\n|-start|p1a: 50\/50|Substitute\n|-damage|p1a: 50\/50|19\/100\n|\n|-weather|SunnyDay|[upkeep]\n|upkeep\n|turn|4\n|\n|t:|1699048585\n|move|p2a: Foot Fetishist|Thunderous Kick|p1a: 50\/50\n|-end|p1a: 50\/50|Substitute\n|move|p1a: 50\/50|Ice Spinner|p2a: Foot Fetishist\n|-supereffective|p2a: Foot Fetishist\n|-crit|p2a: Foot Fetishist\n|-damage|p2a: Foot Fetishist|19\/100\n|\n|-weather|SunnyDay|[upkeep]\n|upkeep\n|turn|5\n|\n|t:|1699048592\n|move|p2a: Foot Fetishist|Thunderous Kick|p1a: 50\/50\n|-damage|p1a: 50\/50|0 fnt\n|faint|p1a: 50\/50\n|\n|-weather|none\n|upkeep\n|\n|t:|1699048599\n|switch|p1a: Swim Fast|Basculegion, M|100\/100\n|turn|6\n|\n|t:|1699048622\n|switch|p2a: Dada-ym|Zarude-Dada|100\/100\n|move|p1a: Swim Fast|Ice Beam|p2a: Dada-ym\n|-supereffective|p2a: Dada-ym\n|-damage|p2a: Dada-ym|64\/100\n|\n|upkeep\n|turn|7\n|\n|t:|1699048646\n|switch|p1a: Best of boys|Torkoal, M|100\/100\n|-weather|SunnyDay|[from] ability: Drought|[of] p1a: Best of boys\n|move|p2a: Dada-ym|Crunch|p1a: Best of boys\n|-damage|p1a: Best of boys|66\/100\n|\n|-weather|SunnyDay|[upkeep]\n|upkeep\n|turn|8\n|\n|t:|1699048665\n|move|p2a: Dada-ym|Crunch|p1a: Best of boys\n|-damage|p1a: Best of boys|32\/100\n|move|p1a: Best of boys|Overheat|p2a: Dada-ym\n|-supereffective|p2a: Dada-ym\n|-damage|p2a: Dada-ym|0 fnt\n|-unboost|p1a: Best of boys|spa|2\n|faint|p2a: Dada-ym\n|\n|-weather|SunnyDay|[upkeep]\n|upkeep\n|\n|t:|1699048677\n|switch|p2a: Clucky|Braviary-Hisui, M, shiny|100\/100\n|turn|9\n|\n|t:|1699048767\n|switch|p1a: Knocked off|Roaring Moon|100\/100\n|-activate|p1a: Knocked off|ability: Protosynthesis\n|-start|p1a: Knocked off|protosynthesisatk\n|move|p2a: Clucky|Esper Wing|p1a: Knocked off\n|-immune|p1a: Knocked off\n|\n|-weather|SunnyDay|[upkeep]\n|upkeep\n|turn|10\n|\n|t:|1699048794\n|move|p1a: Knocked off|Knock Off|p2a: Clucky\n|-supereffective|p2a: Clucky\n|-damage|p2a: Clucky|0 fnt\n|-enditem|p2a: Clucky|Heavy-Duty Boots|[from] move: Knock Off|[of] p1a: Knocked off\n|faint|p2a: Clucky\n|\n|-weather|SunnyDay|[upkeep]\n|upkeep\n|\n|t:|1699048803\n|switch|p2a: Mark Zuckerberg|Greninja, M|100\/100\n|turn|11\n|\n|t:|1699048818\n|-terastallize|p1a: Knocked off|Fairy\n|move|p2a: Mark Zuckerberg|Ice Beam|p1a: Knocked off\n|-damage|p1a: Knocked off|76\/100\n|move|p1a: Knocked off|Tera Blast|p2a: Mark Zuckerberg|[anim] Tera Blast Fairy\n|-supereffective|p2a: Mark Zuckerberg\n|-damage|p2a: Mark Zuckerberg|0 fnt\n|faint|p2a: Mark Zuckerberg\n|\n|-weather|none\n|-end|p1a: Knocked off|Protosynthesis\n|upkeep\n|-enditem|p1a: Knocked off|Booster Energy\n|-activate|p1a: Knocked off|ability: Protosynthesis|[fromitem]\n|-start|p1a: Knocked off|protosynthesisatk\n|\n|t:|1699048834\n|switch|p2a: Soccer is mid|Cinderace, F, shiny|100\/100\n|turn|12\n|\n|t:|1699048844\n|move|p1a: Knocked off|Hydro Pump|p2a: Soccer is mid\n|-supereffective|p2a: Soccer is mid\n|-damage|p2a: Soccer is mid|55\/100\n|move|p2a: Soccer is mid|Gunk Shot|p1a: Knocked off\n|-start|p2a: Soccer is mid|typechange|Poison|[from] ability: Libero\n|-supereffective|p1a: Knocked off\n|-damage|p1a: Knocked off|0 fnt\n|faint|p1a: Knocked off\n|-end|p1a: Knocked off|Protosynthesis|[silent]\n|\n|upkeep\n|\n|t:|1699048852\n|switch|p1a: Swim Fast|Basculegion, M|100\/100\n|turn|13\n|\n|t:|1699048860\n|move|p2a: Soccer is mid|Sucker Punch|p1a: Swim Fast\n|-supereffective|p1a: Swim Fast\n|-damage|p1a: Swim Fast|32\/100\n|move|p1a: Swim Fast|Waterfall|p2a: Soccer is mid\n|-damage|p2a: Soccer is mid|0 fnt\n|faint|p2a: Soccer is mid\n|\n|upkeep\n|\n|t:|1699048882\n|switch|p2a: Anime Protagonist|Gallade, M, shiny|100\/100\n|turn|14\n|\n|t:|1699048895\n|switch|p1a: Floaterer|Thundurus, M|100\/100\n|move|p2a: Anime Protagonist|Psycho Cut|p1a: Floaterer\n|-crit|p1a: Floaterer\n|-damage|p1a: Floaterer|0 fnt\n|faint|p1a: Floaterer\n|-damage|p2a: Anime Protagonist|91\/100|[from] item: Life Orb\n|\n|upkeep\n|\n|t:|1699048902\n|switch|p1a: Swim Fast|Basculegion, M|32\/100\n|turn|15\n|\n|t:|1699048906\n|move|p1a: Swim Fast|Shadow Ball|p2a: Anime Protagonist\n|-supereffective|p2a: Anime Protagonist\n|-damage|p2a: Anime Protagonist|27\/100\n|move|p2a: Anime Protagonist|Psycho Cut|p1a: Swim Fast\n|-damage|p1a: Swim Fast|0 fnt\n|faint|p1a: Swim Fast\n|-damage|p2a: Anime Protagonist|17\/100|[from] item: Life Orb\n|\n|upkeep\n|\n|t:|1699048913\n|switch|p1a: Best of boys|Torkoal, M|32\/100\n|-weather|SunnyDay|[from] ability: Drought|[of] p1a: Best of boys\n|turn|16\n|\n|t:|1699048931\n|-terastallize|p2a: Anime Protagonist|Fighting\n|move|p2a: Anime Protagonist|Sacred Sword|p1a: Best of boys\n|-damage|p1a: Best of boys|0 fnt\n|faint|p1a: Best of boys\n|-damage|p2a: Anime Protagonist|8\/100|[from] item: Life Orb\n|\n|win|ArchBaka\n","uploadtime":1699048954,"views":15,"p1id":"rudyfo0x","p2id":"archbaka","formatid":"gen9ubers","rating":0,"private":0,"password":""}