{"id":"gen9ubers-1970503039","p1":"bowsori","p2":"XpokVEVO","format":"[Gen 9] Ubers","log":"|j|\u2606bowsori\n|j|\u2606XpokVEVO\n|t:|1697644017\n|gametype|singles\n|player|p1|bowsori|ruinmaniac|\n|player|p2|XpokVEVO|rika|\n|teamsize|p1|6\n|teamsize|p2|6\n|gen|9\n|tier|[Gen 9] Ubers\n|rule|Sleep Clause Mod: Limit one foe put to sleep\n|rule|Species Clause: Limit one of each Pok\u00e9mon\n|rule|OHKO Clause: OHKO moves are banned\n|rule|Evasion Items Clause: Evasion items are banned\n|rule|Evasion Moves Clause: Evasion moves are banned\n|rule|Endless Battle Clause: Forcing endless battles is banned\n|rule|HP Percentage Mod: HP is shown in percentages\n|clearpoke\n|poke|p1|Landorus, M|\n|poke|p1|Houndstone, F|\n|poke|p1|Magearna|\n|poke|p1|Tyranitar, F|\n|poke|p1|Zacian-*|\n|poke|p1|Arceus-Bug|\n|poke|p2|Arceus-Fire|\n|poke|p2|Shaymin-Sky|\n|poke|p2|Cyclizar, M|\n|poke|p2|Espathra, F|\n|poke|p2|Magearna|\n|poke|p2|Rillaboom, M|\n|teampreview\n|\n|t:|1697644029\n|start\n|switch|p1a: Tyranitar|Tyranitar, F|100\/100\n|switch|p2a: Akira|Cyclizar, M|100\/100\n|-weather|Sandstorm|[from] ability: Sand Stream|[of] p1a: Tyranitar\n|turn|1\n|\n|t:|1697644038\n|move|p2a: Akira|Shed Tail|p2a: Akira\n|-start|p2a: Akira|Substitute|[from] move: Shed Tail\n|-damage|p2a: Akira|50\/100\n|\n|t:|1697644047\n|switch|p2a: Oog|Rillaboom, M|100\/100|[from] Shed Tail\n|-fieldstart|move: Grassy Terrain|[from] ability: Grassy Surge|[of] p2a: Oog\n|move|p1a: Tyranitar|Ice Punch|p2a: Oog\n|-supereffective|p2a: Oog\n|-end|p2a: Oog|Substitute\n|\n|-weather|Sandstorm|[upkeep]\n|-damage|p2a: Oog|94\/100|[from] Sandstorm\n|-heal|p2a: Oog|100\/100|[from] Grassy Terrain\n|upkeep\n|turn|2\n|\n|t:|1697644070\n|switch|p1a: Arceus Grass|Arceus-Bug|100\/100\n|move|p2a: Oog|Wood Hammer|p1a: Arceus Grass\n|-resisted|p1a: Arceus Grass\n|-damage|p1a: Arceus Grass|72\/100\n|-damage|p2a: Oog|88\/100|[from] Recoil\n|-damage|p2a: Oog|78\/100|[from] item: Life Orb\n|\n|-weather|Sandstorm|[upkeep]\n|-damage|p1a: Arceus Grass|66\/100|[from] Sandstorm\n|-damage|p2a: Oog|72\/100|[from] Sandstorm\n|-heal|p1a: Arceus Grass|72\/100|[from] Grassy Terrain\n|-heal|p2a: Oog|78\/100|[from] Grassy Terrain\n|upkeep\n|turn|3\n|\n|t:|1697644088\n|move|p1a: Arceus Grass|Earth Power|p2a: Oog\n|-resisted|p2a: Oog\n|-damage|p2a: Oog|66\/100\n|move|p2a: Oog|U-turn|p1a: Arceus Grass\n|-damage|p1a: Arceus Grass|55\/100\n|-damage|p2a: Oog|56\/100|[from] item: Life Orb\n|\n|t:|1697644121\n|switch|p2a: Arceus-Fight\u0131ng|Arceus-Fire, shiny|100\/100|[from] U-turn\n|\n|-weather|Sandstorm|[upkeep]\n|-damage|p2a: Arceus-Fight\u0131ng|94\/100|[from] Sandstorm\n|-damage|p1a: Arceus Grass|49\/100|[from] Sandstorm\n|-heal|p2a: Arceus-Fight\u0131ng|100\/100|[from] Grassy Terrain\n|-heal|p1a: Arceus Grass|55\/100|[from] Grassy Terrain\n|upkeep\n|turn|4\n|\n|t:|1697644131\n|-terastallize|p1a: Arceus Grass|Ground\n|move|p2a: Arceus-Fight\u0131ng|Dragon Dance|p2a: Arceus-Fight\u0131ng\n|-boost|p2a: Arceus-Fight\u0131ng|atk|1\n|-boost|p2a: Arceus-Fight\u0131ng|spe|1\n|move|p1a: Arceus Grass|Earth Power|p2a: Arceus-Fight\u0131ng\n|-supereffective|p2a: Arceus-Fight\u0131ng\n|-damage|p2a: Arceus-Fight\u0131ng|40\/100\n|\n|-weather|Sandstorm|[upkeep]\n|-damage|p2a: Arceus-Fight\u0131ng|34\/100|[from] Sandstorm\n|-heal|p2a: Arceus-Fight\u0131ng|40\/100|[from] Grassy Terrain\n|-heal|p1a: Arceus Grass|61\/100|[from] Grassy Terrain\n|upkeep\n|turn|5\n|\n|t:|1697644145\n|move|p2a: Arceus-Fight\u0131ng|Flare Blitz|p1a: Arceus Grass\n|-damage|p1a: Arceus Grass|12\/100\n|-damage|p2a: Arceus-Fight\u0131ng|21\/100|[from] Recoil\n|move|p1a: Arceus Grass|Earth Power|p2a: Arceus-Fight\u0131ng\n|-supereffective|p2a: Arceus-Fight\u0131ng\n|-damage|p2a: Arceus-Fight\u0131ng|0 fnt\n|faint|p2a: Arceus-Fight\u0131ng\n|\n|-weather|Sandstorm|[upkeep]\n|-heal|p1a: Arceus Grass|18\/100|[from] Grassy Terrain\n|-fieldend|move: Grassy Terrain\n|upkeep\n|\n|t:|1697644148\n|switch|p2a: Oog|Rillaboom, M|56\/100\n|-fieldstart|move: Grassy Terrain|[from] ability: Grassy Surge|[of] p2a: Oog\n|turn|6\n|\n|t:|1697644165\n|switch|p1a: Magearna|Magearna|100\/100\n|move|p2a: Oog|High Horsepower|p1a: Magearna\n|-supereffective|p1a: Magearna\n|-damage|p1a: Magearna|18\/100\n|-damage|p2a: Oog|46\/100|[from] item: Life Orb\n|\n|-weather|Sandstorm|[upkeep]\n|-damage|p2a: Oog|40\/100|[from] Sandstorm\n|-heal|p2a: Oog|46\/100|[from] Grassy Terrain\n|-heal|p1a: Magearna|24\/100|[from] Grassy Terrain\n|-heal|p1a: Magearna|30\/100|[from] item: Leftovers\n|upkeep\n|turn|7\n|\n|t:|1697644188\n|move|p2a: Oog|High Horsepower|p1a: Magearna\n|-supereffective|p1a: Magearna\n|-damage|p1a: Magearna|0 fnt\n|faint|p1a: Magearna\n|-damage|p2a: Oog|36\/100|[from] item: Life Orb\n|\n|-weather|Sandstorm|[upkeep]\n|-damage|p2a: Oog|30\/100|[from] Sandstorm\n|-heal|p2a: Oog|36\/100|[from] Grassy Terrain\n|upkeep\n|\n|t:|1697644198\n|switch|p1a: Zacian|Zacian, shiny|100\/100\n|-ability|p1a: Zacian|Intrepid Sword|boost\n|-boost|p1a: Zacian|atk|1\n|turn|8\n|\n|t:|1697644212\n|move|p2a: Oog|Grassy Glide|p1a: Zacian\n|-damage|p1a: Zacian|55\/100\n|-damage|p2a: Oog|26\/100|[from] item: Life Orb\n|move|p1a: Zacian|Close Combat|p2a: Oog\n|-damage|p2a: Oog|0 fnt\n|-unboost|p1a: Zacian|def|1\n|-unboost|p1a: Zacian|spd|1\n|faint|p2a: Oog\n|\n|-weather|none\n|-heal|p1a: Zacian|61\/100|[from] Grassy Terrain\n|upkeep\n|\n|t:|1697644218\n|switch|p2a: Aunt Fanny|Magearna|100\/100\n|turn|9\n|\n|t:|1697644228\n|switch|p1a: Tyranitar|Tyranitar, F|100\/100\n|-weather|Sandstorm|[from] ability: Sand Stream|[of] p1a: Tyranitar\n|move|p2a: Aunt Fanny|Shift Gear|p2a: Aunt Fanny\n|-boost|p2a: Aunt Fanny|spe|2\n|-boost|p2a: Aunt Fanny|atk|1\n|\n|-weather|Sandstorm|[upkeep]\n|upkeep\n|turn|10\n|\n|t:|1697644238\n|move|p2a: Aunt Fanny|Flash Cannon|p1a: Tyranitar\n|-supereffective|p1a: Tyranitar\n|-damage|p1a: Tyranitar|52\/100\n|-damage|p2a: Aunt Fanny|91\/100|[from] item: Life Orb\n|move|p1a: Tyranitar|Earthquake|p2a: Aunt Fanny\n|-supereffective|p2a: Aunt Fanny\n|-damage|p2a: Aunt Fanny|59\/100\n|\n|-weather|Sandstorm|[upkeep]\n|-heal|p2a: Aunt Fanny|65\/100|[from] Grassy Terrain\n|-heal|p1a: Tyranitar|58\/100|[from] Grassy Terrain\n|-fieldend|move: Grassy Terrain\n|upkeep\n|turn|11\n|\n|t:|1697644248\n|move|p2a: Aunt Fanny|Flash Cannon|p1a: Tyranitar\n|-supereffective|p1a: Tyranitar\n|-damage|p1a: Tyranitar|8\/100\n|-damage|p2a: Aunt Fanny|55\/100|[from] item: Life Orb\n|move|p1a: Tyranitar|Earthquake|p2a: Aunt Fanny\n|-supereffective|p2a: Aunt Fanny\n|-damage|p2a: Aunt Fanny|0 fnt\n|faint|p2a: Aunt Fanny\n|\n|-weather|Sandstorm|[upkeep]\n|upkeep\n|c|\u2606XpokVEVO|How\n|c|\u2606bowsori|grassy gone\n|c|\u2606XpokVEVO|30 to 53\n|c|\u2606XpokVEVO|Ohh\n|c|\u2606bowsori|grassy terrain reduces earthquake damage\n|\n|t:|1697644280\n|switch|p2a: Akira|Cyclizar, M|84\/100\n|turn|12\n|\n|t:|1697644308\n|switch|p1a: Arceus Grass|Arceus-Bug, tera:Ground|18\/100\n|move|p2a: Akira|Knock Off|p1a: Arceus Grass\n|-damage|p1a: Arceus Grass|11\/100\n|\n|-weather|Sandstorm|[upkeep]\n|-damage|p2a: Akira|78\/100|[from] Sandstorm\n|upkeep\n|turn|13\n|\n|t:|1697644315\n|move|p2a: Akira|Rapid Spin|p1a: Arceus Grass\n|-crit|p1a: Arceus Grass\n|-damage|p1a: Arceus Grass|0 fnt\n|-boost|p2a: Akira|spe|1\n|faint|p1a: Arceus Grass\n|\n|-weather|Sandstorm|[upkeep]\n|-damage|p2a: Akira|71\/100|[from] Sandstorm\n|upkeep\n|\n|t:|1697644326\n|switch|p1a: Zacian|Zacian, shiny|61\/100\n|turn|14\n|\n|t:|1697644332\n|move|p2a: Akira|Shed Tail|p2a: Akira\n|-start|p2a: Akira|Substitute|[from] move: Shed Tail\n|-damage|p2a: Akira|21\/100\n|-enditem|p2a: Akira|Aguav Berry|[eat]\n|-heal|p2a: Akira|55\/100|[from] item: Aguav Berry\n|\n|t:|1697644337\n|switch|p2a: Emu War|Espathra, F|100\/100|[from] Shed Tail\n|move|p1a: Zacian|Play Rough|p2a: Emu War\n|-end|p2a: Emu War|Substitute\n|\n|-weather|Sandstorm|[upkeep]\n|-damage|p1a: Zacian|55\/100|[from] Sandstorm\n|-damage|p2a: Emu War|94\/100|[from] Sandstorm\n|upkeep\n|turn|15\n|\n|t:|1697644345\n|move|p1a: Zacian|Play Rough|p2a: Emu War\n|-damage|p2a: Emu War|0 fnt\n|faint|p2a: Emu War\n|\n|-weather|Sandstorm|[upkeep]\n|-damage|p1a: Zacian|48\/100|[from] Sandstorm\n|upkeep\n|\n|t:|1697644348\n|switch|p2a: Sonic|Shaymin-Sky, shiny|100\/100\n|turn|16\n|\n|t:|1697644356\n|-terastallize|p2a: Sonic|Steel\n|move|p1a: Zacian|Play Rough|p2a: Sonic|[miss]\n|-miss|p1a: Zacian|p2a: Sonic\n|move|p2a: Sonic|Seed Flare|p1a: Zacian\n|-damage|p1a: Zacian|0 fnt\n|faint|p1a: Zacian\n|-damage|p2a: Sonic|91\/100|[from] item: Life Orb\n|\n|-weather|none\n|upkeep\n|\n|t:|1697644366\n|switch|p1a: Tyranitar|Tyranitar, F|8\/100\n|-weather|Sandstorm|[from] ability: Sand Stream|[of] p1a: Tyranitar\n|turn|17\n|\n|t:|1697644385\n|switch|p2a: Akira|Cyclizar, M|88\/100\n|move|p1a: Tyranitar|Earthquake|p2a: Akira\n|-damage|p2a: Akira|45\/100\n|\n|-weather|Sandstorm|[upkeep]\n|-damage|p2a: Akira|39\/100|[from] Sandstorm\n|upkeep\n|turn|18\n|\n|t:|1697644409\n|move|p2a: Akira|Knock Off|p1a: Tyranitar\n|-resisted|p1a: Tyranitar\n|-damage|p1a: Tyranitar|0 fnt\n|-enditem|p1a: Tyranitar|Smooth Rock|[from] move: Knock Off|[of] p2a: Akira\n|faint|p1a: Tyranitar\n|\n|-weather|Sandstorm|[upkeep]\n|-damage|p2a: Akira|33\/100|[from] Sandstorm\n|upkeep\n|\n|t:|1697644422\n|switch|p1a: Houndstone|Houndstone, F|100\/100\n|turn|19\n|\n|t:|1697644427\n|move|p1a: Houndstone|Body Press|p2a: Akira\n|-supereffective|p2a: Akira\n|-damage|p2a: Akira|0 fnt\n|faint|p2a: Akira\n|\n|-weather|Sandstorm|[upkeep]\n|upkeep\n|\n|t:|1697644429\n|switch|p2a: Sonic|Shaymin-Sky, shiny, tera:Steel|91\/100\n|turn|20\n|\n|t:|1697644433\n|switch|p1a: Landorus|Landorus, M|100\/100\n|move|p2a: Sonic|Seed Flare|p1a: Landorus\n|-damage|p1a: Landorus|5\/100\n|-damage|p2a: Sonic|81\/100|[from] item: Life Orb\n|\n|-weather|Sandstorm|[upkeep]\n|upkeep\n|turn|21\n|\n|t:|1697644445\n|move|p2a: Sonic|Air Slash|p1a: Landorus\n|-damage|p1a: Landorus|0 fnt\n|faint|p1a: Landorus\n|-damage|p2a: Sonic|71\/100|[from] item: Life Orb\n|\n|-weather|Sandstorm|[upkeep]\n|upkeep\n|\n|t:|1697644450\n|switch|p1a: Houndstone|Houndstone, F|100\/100\n|turn|22\n|\n|t:|1697644456\n|move|p1a: Houndstone|Last Respects|p2a: Sonic\n|-damage|p2a: Sonic|0 fnt\n|faint|p2a: Sonic\n|\n|win|bowsori\n|c|\u2606bowsori|gg\n|l|\u2606XpokVEVO\n","uploadtime":1697644483,"views":29,"p1id":"bowsori","p2id":"xpokvevo","formatid":"gen9ubers","rating":0,"private":0,"password":""}