{"id":"gen9ubers-1982602044","p1":"cryochick","p2":"XpokVEVO","format":"[Gen 9] Ubers","log":"|j|\u2606cryochick\n|j|\u2606XpokVEVO\n|t:|1699028940\n|gametype|singles\n|player|p1|cryochick|102|\n|player|p2|XpokVEVO|rika|\n|teamsize|p1|6\n|teamsize|p2|6\n|gen|9\n|tier|[Gen 9] Ubers\n|rule|Sleep Clause Mod: Limit one foe put to sleep\n|rule|Species Clause: Limit one of each Pok\u00e9mon\n|rule|OHKO Clause: OHKO moves are banned\n|rule|Evasion Items Clause: Evasion items are banned\n|rule|Evasion Moves Clause: Evasion moves are banned\n|rule|Endless Battle Clause: Forcing endless battles is banned\n|rule|HP Percentage Mod: HP is shown in percentages\n|clearpoke\n|poke|p1|Torkoal, M|\n|poke|p1|Roaring Moon|\n|poke|p1|Ogerpon, F|\n|poke|p1|Arceus-Fire|\n|poke|p1|Cyclizar, F|\n|poke|p1|Masquerain, F|\n|poke|p2|Gholdengo|\n|poke|p2|Masquerain, F|\n|poke|p2|Pelipper, F|\n|poke|p2|Espeon, M|\n|poke|p2|Cyclizar, F|\n|poke|p2|Glastrier|\n|teampreview\n|\n|t:|1699028948\n|start\n|switch|p1a: Masquerain|Masquerain, F|100\/100\n|switch|p2a: Masquerain|Masquerain, F|100\/100\n|-ability|p2a: Masquerain|Intimidate|boost\n|-unboost|p1a: Masquerain|atk|1\n|-ability|p1a: Masquerain|Intimidate|boost\n|-unboost|p2a: Masquerain|atk|1\n|turn|1\n|inactive|Battle timer is ON: inactive players will automatically lose when time's up. (requested by cryochick)\n|inactive|XpokVEVO has 270 seconds left.\n|inactive|XpokVEVO has 240 seconds left.\n|\n|t:|1699029101\n|move|p2a: Masquerain|Sticky Web|p1a: Masquerain\n|-sidestart|p1: cryochick|move: Sticky Web\n|move|p1a: Masquerain|Sticky Web|p2a: Masquerain\n|-sidestart|p2: XpokVEVO|move: Sticky Web\n|\n|upkeep\n|turn|2\n|\n|t:|1699029106\n|move|p1a: Masquerain|Tailwind|p1a: Masquerain\n|-sidestart|p1: cryochick|move: Tailwind\n|move|p2a: Masquerain|Quiver Dance|p2a: Masquerain\n|-boost|p2a: Masquerain|spa|1\n|-boost|p2a: Masquerain|spd|1\n|-boost|p2a: Masquerain|spe|1\n|\n|upkeep\n|turn|3\n|\n|t:|1699029109\n|move|p1a: Masquerain|U-turn|p2a: Masquerain\n|-resisted|p2a: Masquerain\n|-damage|p2a: Masquerain|90\/100\n|\n|t:|1699029112\n|switch|p1a: Torkoal|Torkoal, M|100\/100|[from] U-turn\n|-weather|SunnyDay|[from] ability: Drought|[of] p1a: Torkoal\n|move|p2a: Masquerain|Quiver Dance|p2a: Masquerain\n|-boost|p2a: Masquerain|spa|1\n|-boost|p2a: Masquerain|spd|1\n|-boost|p2a: Masquerain|spe|1\n|\n|-weather|SunnyDay|[upkeep]\n|upkeep\n|turn|4\n|j| a bit moody\n|inactive|XpokVEVO has 270 seconds left.\n|inactive|XpokVEVO has 240 seconds left.\n|l| a bit moody\n|\n|t:|1699029183\n|move|p2a: Masquerain|Quiver Dance|p2a: Masquerain\n|-boost|p2a: Masquerain|spa|1\n|-boost|p2a: Masquerain|spd|1\n|-boost|p2a: Masquerain|spe|1\n|move|p1a: Torkoal|Rapid Spin|p2a: Masquerain\n|-damage|p2a: Masquerain|75\/100\n|-boost|p1a: Torkoal|spe|1\n|-sideend|p1: cryochick|Sticky Web|[from] move: Rapid Spin|[of] p1a: Torkoal\n|\n|-weather|SunnyDay|[upkeep]\n|upkeep\n|turn|5\n|\n|t:|1699029192\n|switch|p1a: Cyclizar|Cyclizar, F|100\/100\n|move|p2a: Masquerain|Sticky Web|p1a: Cyclizar\n|-sidestart|p1: cryochick|move: Sticky Web\n|\n|-weather|SunnyDay|[upkeep]\n|-sideend|p1: cryochick|move: Tailwind\n|upkeep\n|turn|6\n|\n|t:|1699029198\n|move|p2a: Masquerain|Quiver Dance|p2a: Masquerain\n|-boost|p2a: Masquerain|spa|1\n|-boost|p2a: Masquerain|spd|1\n|-boost|p2a: Masquerain|spe|1\n|move|p1a: Cyclizar|Rapid Spin|p2a: Masquerain\n|-crit|p2a: Masquerain\n|-damage|p2a: Masquerain|33\/100\n|-boost|p1a: Cyclizar|spe|1\n|-sideend|p1: cryochick|Sticky Web|[from] move: Rapid Spin|[of] p1a: Cyclizar\n|\n|-weather|SunnyDay|[upkeep]\n|upkeep\n|turn|7\n|\n|t:|1699029204\n|switch|p1a: Arceus|Arceus-Fire|100\/100\n|move|p2a: Masquerain|Quiver Dance|p2a: Masquerain\n|-boost|p2a: Masquerain|spa|1\n|-boost|p2a: Masquerain|spd|1\n|-boost|p2a: Masquerain|spe|1\n|\n|-weather|none\n|upkeep\n|turn|8\n|\n|t:|1699029211\n|-terastallize|p2a: Masquerain|Bug\n|move|p2a: Masquerain|Bug Buzz|p1a: Arceus\n|-resisted|p1a: Arceus\n|-damage|p1a: Arceus|43\/100\n|move|p1a: Arceus|Judgment|p2a: Masquerain\n|-supereffective|p2a: Masquerain\n|-damage|p2a: Masquerain|0 fnt\n|faint|p2a: Masquerain\n|\n|upkeep\n|\n|t:|1699029227\n|switch|p2a: Pelipper|Pelipper, F|100\/100\n|-weather|RainDance|[from] ability: Drizzle|[of] p2a: Pelipper\n|turn|9\n|\n|t:|1699029234\n|switch|p1a: Torkoal|Torkoal, M|100\/100\n|-weather|SunnyDay|[from] ability: Drought|[of] p1a: Torkoal\n|move|p2a: Pelipper|Tailwind|p2a: Pelipper\n|-sidestart|p2: XpokVEVO|move: Tailwind\n|\n|-weather|SunnyDay|[upkeep]\n|upkeep\n|turn|10\n|\n|t:|1699029237\n|move|p2a: Pelipper|U-turn|p1a: Torkoal\n|-resisted|p1a: Torkoal\n|-damage|p1a: Torkoal|98\/100\n|\n|t:|1699029239\n|switch|p2a: Gholdengo|Gholdengo|100\/100|[from] U-turn\n|-activate|p2a: Gholdengo|move: Sticky Web\n|-unboost|p2a: Gholdengo|spe|1\n|move|p1a: Torkoal|Solar Beam||[still]\n|-prepare|p1a: Torkoal|Solar Beam\n|-anim|p1a: Torkoal|Solar Beam|p2a: Gholdengo\n|-resisted|p2a: Gholdengo\n|-damage|p2a: Gholdengo|88\/100\n|\n|-weather|SunnyDay|[upkeep]\n|upkeep\n|turn|11\n|j| a bit moody\n|inactive|cryochick has 270 seconds left.\n|\n|t:|1699029282\n|switch|p1a: Ogerpon|Ogerpon, F|100\/100\n|move|p2a: Gholdengo|Thunder Wave|p1a: Ogerpon\n|-status|p1a: Ogerpon|par\n|\n|-weather|SunnyDay|[upkeep]\n|upkeep\n|turn|12\n|inactive|XpokVEVO has 270 seconds left.\n|l| a bit moody\n|\n|t:|1699029318\n|move|p2a: Gholdengo|Substitute|p2a: Gholdengo\n|-start|p2a: Gholdengo|Substitute\n|-damage|p2a: Gholdengo|63\/100\n|move|p1a: Ogerpon|U-turn|p2a: Gholdengo\n|-resisted|p2a: Gholdengo\n|-crit|p2a: Gholdengo\n|-activate|p2a: Gholdengo|move: Substitute|[damage]\n|\n|t:|1699029329\n|switch|p1a: Arceus|Arceus-Fire|43\/100|[from] U-turn\n|\n|-weather|SunnyDay|[upkeep]\n|-sideend|p2: XpokVEVO|move: Tailwind\n|upkeep\n|turn|13\n|inactive|XpokVEVO has 270 seconds left.\n|j| a bit moody\n|\n|t:|1699029343\n|move|p1a: Arceus|Recover|p1a: Arceus\n|-heal|p1a: Arceus|93\/100\n|move|p2a: Gholdengo|Thunder Wave|p1a: Arceus\n|-status|p1a: Arceus|par\n|\n|-weather|none\n|upkeep\n|turn|14\n|\n|t:|1699029349\n|move|p1a: Arceus|Calm Mind|p1a: Arceus\n|-boost|p1a: Arceus|spa|1\n|-boost|p1a: Arceus|spd|1\n|move|p2a: Gholdengo|Nasty Plot|p2a: Gholdengo\n|-boost|p2a: Gholdengo|spa|2\n|\n|upkeep\n|turn|15\n|\n|t:|1699029358\n|move|p1a: Arceus|Judgment|p2a: Gholdengo\n|-supereffective|p2a: Gholdengo\n|-end|p2a: Gholdengo|Substitute\n|move|p2a: Gholdengo|Nasty Plot|p2a: Gholdengo\n|-boost|p2a: Gholdengo|spa|2\n|\n|upkeep\n|turn|16\n|c|\u2606XpokVEVO|Physical is better\n|\n|t:|1699029373\n|cant|p1a: Arceus|par\n|move|p2a: Gholdengo|Make It Rain|p1a: Arceus\n|-resisted|p1a: Arceus\n|-damage|p1a: Arceus|43\/100 par\n|-unboost|p2a: Gholdengo|spa|1\n|\n|upkeep\n|turn|17\n|\n|t:|1699029380\n|cant|p1a: Arceus|par\n|move|p2a: Gholdengo|Make It Rain|p1a: Arceus\n|-resisted|p1a: Arceus\n|-damage|p1a: Arceus|6\/100 par\n|-unboost|p2a: Gholdengo|spa|1\n|\n|upkeep\n|turn|18\n|\n|t:|1699029388\n|move|p1a: Arceus|Recover|p1a: Arceus\n|-heal|p1a: Arceus|56\/100 par\n|move|p2a: Gholdengo|Make It Rain|p1a: Arceus\n|-resisted|p1a: Arceus\n|-damage|p1a: Arceus|26\/100 par\n|-unboost|p2a: Gholdengo|spa|1\n|\n|upkeep\n|turn|19\n|\n|t:|1699029390\n|cant|p1a: Arceus|par\n|move|p2a: Gholdengo|Make It Rain|p1a: Arceus\n|-resisted|p1a: Arceus\n|-damage|p1a: Arceus|3\/100 par\n|-unboost|p2a: Gholdengo|spa|1\n|\n|upkeep\n|turn|20\n|\n|t:|1699029392\n|cant|p1a: Arceus|par\n|move|p2a: Gholdengo|Make It Rain|p1a: Arceus\n|-resisted|p1a: Arceus\n|-damage|p1a: Arceus|0 fnt\n|-unboost|p2a: Gholdengo|spa|1\n|faint|p1a: Arceus\n|\n|upkeep\n|\n|t:|1699029408\n|switch|p1a: Cyclizar|Cyclizar, F|100\/100\n|turn|21\n|\n|t:|1699029413\n|move|p1a: Cyclizar|Shed Tail|p1a: Cyclizar\n|-start|p1a: Cyclizar|Substitute|[from] move: Shed Tail\n|-damage|p1a: Cyclizar|50\/100\n|\n|t:|1699029423\n|switch|p1a: Ogerpon|Ogerpon, F|100\/100 par|[from] Shed Tail\n|move|p2a: Gholdengo|Substitute|p2a: Gholdengo\n|-start|p2a: Gholdengo|Substitute\n|-damage|p2a: Gholdengo|38\/100\n|\n|upkeep\n|turn|22\n|\n|t:|1699029429\n|move|p1a: Ogerpon|Horn Leech|p2a: Gholdengo\n|-resisted|p2a: Gholdengo\n|-activate|p2a: Gholdengo|move: Substitute|[damage]\n|move|p2a: Gholdengo|Make It Rain|p1a: Ogerpon\n|-end|p1a: Ogerpon|Substitute\n|-unboost|p2a: Gholdengo|spa|1\n|\n|upkeep\n|turn|23\n|\n|t:|1699029441\n|move|p1a: Ogerpon|Horn Leech|p2a: Gholdengo\n|-resisted|p2a: Gholdengo\n|-end|p2a: Gholdengo|Substitute\n|move|p2a: Gholdengo|Nasty Plot|p2a: Gholdengo\n|-boost|p2a: Gholdengo|spa|2\n|\n|upkeep\n|turn|24\n|\n|t:|1699029451\n|switch|p1a: Torkoal|Torkoal, M|98\/100\n|-weather|SunnyDay|[from] ability: Drought|[of] p1a: Torkoal\n|move|p2a: Gholdengo|Substitute|p2a: Gholdengo\n|-start|p2a: Gholdengo|Substitute\n|-damage|p2a: Gholdengo|13\/100\n|\n|-weather|SunnyDay|[upkeep]\n|upkeep\n|turn|25\n|\n|t:|1699029472\n|switch|p1a: Ogerpon|Ogerpon, F|100\/100 par\n|move|p2a: Gholdengo|Thunder Wave|p1a: Ogerpon\n|-fail|p1a: Ogerpon|par\n|\n|-weather|SunnyDay|[upkeep]\n|upkeep\n|turn|26\n|\n|t:|1699029478\n|cant|p1a: Ogerpon|par\n|move|p2a: Gholdengo|Nasty Plot|p2a: Gholdengo\n|-boost|p2a: Gholdengo|spa|2\n|\n|-weather|SunnyDay|[upkeep]\n|upkeep\n|turn|27\n|\n|t:|1699029480\n|cant|p1a: Ogerpon|par\n|move|p2a: Gholdengo|Make It Rain|p1a: Ogerpon\n|-damage|p1a: Ogerpon|0 fnt\n|-unboost|p2a: Gholdengo|spa|1\n|faint|p1a: Ogerpon\n|\n|-weather|SunnyDay|[upkeep]\n|upkeep\n|\n|t:|1699029490\n|switch|p1a: Roaring Moon|Roaring Moon|100\/100\n|-activate|p1a: Roaring Moon|ability: Protosynthesis\n|-start|p1a: Roaring Moon|protosynthesisatk\n|turn|28\n|l| a bit moody\n|\n|t:|1699029510\n|-terastallize|p1a: Roaring Moon|Dragon\n|move|p1a: Roaring Moon|Scale Shot|p2a: Gholdengo\n|-resisted|p2a: Gholdengo\n|-activate|p2a: Gholdengo|move: Substitute|[damage]\n|-resisted|p2a: Gholdengo\n|-activate|p2a: Gholdengo|move: Substitute|[damage]\n|-resisted|p2a: Gholdengo\n|-end|p2a: Gholdengo|Substitute\n|-resisted|p2a: Gholdengo\n|-damage|p2a: Gholdengo|2\/100\n|-resisted|p2a: Gholdengo\n|-damage|p2a: Gholdengo|0 fnt\n|faint|p2a: Gholdengo\n|-hitcount|p2: Gholdengo|5\n|-unboost|p1a: Roaring Moon|def|1\n|-boost|p1a: Roaring Moon|spe|1\n|\n|-weather|none\n|-end|p1a: Roaring Moon|Protosynthesis\n|upkeep\n|j| a bit moody\n|l| a bit moody\n|inactive|XpokVEVO has 270 seconds left.\n|\n|t:|1699029530\n|switch|p2a: Espeon|Espeon, M|100\/100\n|-activate|p2a: Espeon|move: Sticky Web\n|-unboost|p2a: Espeon|spe|1\n|turn|29\n|inactive|XpokVEVO has 270 seconds left.\n|\n|t:|1699029537\n|move|p1a: Roaring Moon|Scale Shot|p2a: Espeon\n|-damage|p2a: Espeon|72\/100\n|-damage|p2a: Espeon|44\/100\n|-damage|p2a: Espeon|15\/100\n|-damage|p2a: Espeon|0 fnt\n|faint|p2a: Espeon\n|-hitcount|p2: Espeon|4\n|-unboost|p1a: Roaring Moon|def|1\n|-boost|p1a: Roaring Moon|spe|1\n|\n|upkeep\n|inactive|XpokVEVO has 270 seconds left.\n|\n|t:|1699029548\n|switch|p2a: Pelipper|Pelipper, F|100\/100\n|-weather|RainDance|[from] ability: Drizzle|[of] p2a: Pelipper\n|turn|30\n|c|\u2606cryochick|I played soo horridly\n|\n|t:|1699029551\n|move|p1a: Roaring Moon|Scale Shot|p2a: Pelipper|[miss]\n|-miss|p1a: Roaring Moon|p2a: Pelipper\n|move|p2a: Pelipper|Tailwind|p2a: Pelipper\n|-sidestart|p2: XpokVEVO|move: Tailwind\n|\n|-weather|RainDance|[upkeep]\n|upkeep\n|turn|31\n|\n|t:|1699029557\n|move|p1a: Roaring Moon|Scale Shot|p2a: Pelipper\n|-damage|p2a: Pelipper|86\/100\n|-damage|p2a: Pelipper|71\/100\n|-damage|p2a: Pelipper|55\/100\n|-damage|p2a: Pelipper|39\/100\n|-hitcount|p2a: Pelipper|4\n|-unboost|p1a: Roaring Moon|def|1\n|-boost|p1a: Roaring Moon|spe|1\n|move|p2a: Pelipper|U-turn|p1a: Roaring Moon\n|-damage|p1a: Roaring Moon|69\/100\n|c|\u2606cryochick|but I may just sweep\n|\n|t:|1699029559\n|switch|p2a: Cyclizar|Cyclizar, F|100\/100|[from] U-turn\n|\n|-weather|RainDance|[upkeep]\n|upkeep\n|turn|32\n|\n|t:|1699029569\n|move|p1a: Roaring Moon|Scale Shot|p2a: Cyclizar\n|-supereffective|p2a: Cyclizar\n|-damage|p2a: Cyclizar|36\/100\n|-supereffective|p2a: Cyclizar\n|-damage|p2a: Cyclizar|0 fnt\n|faint|p2a: Cyclizar\n|-hitcount|p2: Cyclizar|2\n|-unboost|p1a: Roaring Moon|def|1\n|-boost|p1a: Roaring Moon|spe|1\n|\n|-weather|RainDance|[upkeep]\n|upkeep\n|\n|t:|1699029579\n|switch|p2a: Glastrier|Glastrier|100\/100\n|-activate|p2a: Glastrier|move: Sticky Web\n|-unboost|p2a: Glastrier|spe|1\n|turn|33\n|\n|t:|1699029582\n|move|p1a: Roaring Moon|Scale Shot|p2a: Glastrier\n|-damage|p2a: Glastrier|89\/100\n|-damage|p2a: Glastrier|77\/100\n|-damage|p2a: Glastrier|64\/100\n|-damage|p2a: Glastrier|50\/100\n|-hitcount|p2a: Glastrier|4\n|-unboost|p1a: Roaring Moon|def|1\n|-boost|p1a: Roaring Moon|spe|1\n|move|p2a: Glastrier|Icicle Crash|p1a: Roaring Moon\n|-supereffective|p1a: Roaring Moon\n|-damage|p1a: Roaring Moon|0 fnt\n|faint|p1a: Roaring Moon\n|-end|p1a: Roaring Moon|Protosynthesis|[silent]\n|-ability|p2a: Glastrier|Chilling Neigh|boost\n|-boost|p2a: Glastrier|atk|1\n|-damage|p2a: Glastrier|41\/100|[from] item: Life Orb\n|\n|-weather|RainDance|[upkeep]\n|-sideend|p2: XpokVEVO|move: Tailwind\n|upkeep\n|-message|XpokVEVO forfeited.\n|\n|win|cryochick\n|l|\u2606XpokVEVO\n|c|\u2606cryochick|I don't think I was winning that lol\n","uploadtime":1699029657,"views":24,"p1id":"cryochick","p2id":"xpokvevo","formatid":"gen9ubers","rating":0,"private":0,"password":""}