{"id":"gen9ubers-1990132701","p1":"1P1o1s1h1e1","p2":"vespyyy","format":"[Gen 9] Ubers","log":"|j|\u26061P1o1s1h1e1\n|j|\u2606vespyyy\n|t:|1699928078\n|gametype|singles\n|player|p1|1P1o1s1h1e1|170|\n|player|p2|vespyyy|juggler|\n|teamsize|p1|6\n|teamsize|p2|6\n|gen|9\n|tier|[Gen 9] Ubers\n|rule|Sleep Clause Mod: Limit one foe put to sleep\n|rule|Species Clause: Limit one of each Pok\u00e9mon\n|rule|OHKO Clause: OHKO moves are banned\n|rule|Evasion Items Clause: Evasion items are banned\n|rule|Evasion Moves Clause: Evasion moves are banned\n|rule|Endless Battle Clause: Forcing endless battles is banned\n|rule|HP Percentage Mod: HP is shown in percentages\n|clearpoke\n|poke|p1|Slowking-Galar, M|\n|poke|p1|Blissey, F|\n|poke|p1|Cyclizar, F|\n|poke|p1|Quagsire, F|\n|poke|p1|Gholdengo|\n|poke|p1|Tyranitar, F|\n|poke|p2|Garganacl, M|\n|poke|p2|Arceus-Dark|\n|poke|p2|Blissey, F|\n|poke|p2|Cresselia, F|\n|poke|p2|Quagsire, M|\n|poke|p2|Dialga|\n|teampreview\n|\n|t:|1699928095\n|start\n|switch|p1a: Tyranitar|Tyranitar, F|100\/100\n|switch|p2a: Dialga|Dialga|100\/100\n|-ability|p2a: Dialga|Pressure\n|-weather|Sandstorm|[from] ability: Sand Stream|[of] p1a: Tyranitar\n|turn|1\n|\n|t:|1699928103\n|switch|p2a: Arceus|Arceus-Dark|100\/100\n|move|p1a: Tyranitar|Knock Off|p2a: Arceus\n|-resisted|p2a: Arceus\n|-damage|p2a: Arceus|93\/100\n|\n|-weather|Sandstorm|[upkeep]\n|-damage|p2a: Arceus|87\/100|[from] Sandstorm\n|upkeep\n|turn|2\n|\n|t:|1699928106\n|move|p2a: Arceus|Will-O-Wisp|p1a: Tyranitar\n|-status|p1a: Tyranitar|brn\n|move|p1a: Tyranitar|Roar|p2a: Arceus\n|drag|p2a: Dialga|Dialga|100\/100\n|-ability|p2a: Dialga|Pressure\n|\n|-weather|Sandstorm|[upkeep]\n|-damage|p1a: Tyranitar|94\/100 brn|[from] brn\n|upkeep\n|turn|3\n|\n|t:|1699928111\n|move|p2a: Dialga|Stealth Rock|p1a: Tyranitar\n|-sidestart|p1: 1P1o1s1h1e1|move: Stealth Rock\n|move|p1a: Tyranitar|Stealth Rock|p2a: Dialga\n|-sidestart|p2: vespyyy|move: Stealth Rock\n|\n|-weather|Sandstorm|[upkeep]\n|-heal|p1a: Tyranitar|100\/100 brn|[from] item: Leftovers\n|-damage|p1a: Tyranitar|94\/100 brn|[from] brn\n|upkeep\n|turn|4\n|\n|t:|1699928118\n|switch|p2a: Arceus|Arceus-Dark|87\/100\n|-damage|p2a: Arceus|75\/100|[from] Stealth Rock\n|move|p1a: Tyranitar|Roar|p2a: Arceus\n|drag|p2a: Blissey|Blissey, F|100\/100\n|\n|-weather|Sandstorm|[upkeep]\n|-damage|p2a: Blissey|94\/100|[from] Sandstorm\n|-heal|p1a: Tyranitar|100\/100 brn|[from] item: Leftovers\n|-damage|p1a: Tyranitar|94\/100 brn|[from] brn\n|upkeep\n|turn|5\n|\n|t:|1699928126\n|switch|p2a: Quagsire|Quagsire, M|100\/100\n|move|p1a: Tyranitar|Knock Off|p2a: Quagsire\n|-damage|p2a: Quagsire|87\/100\n|-enditem|p2a: Quagsire|Heavy-Duty Boots|[from] move: Knock Off|[of] p1a: Tyranitar\n|\n|-weather|none\n|-heal|p1a: Tyranitar|100\/100 brn|[from] item: Leftovers\n|-damage|p1a: Tyranitar|94\/100 brn|[from] brn\n|upkeep\n|turn|6\n|\n|t:|1699928141\n|switch|p1a: Slowking|Slowking-Galar, M|100\/100\n|-damage|p1a: Slowking|88\/100|[from] Stealth Rock\n|move|p2a: Quagsire|Spikes|p1a: Slowking\n|-sidestart|p1: 1P1o1s1h1e1|Spikes\n|\n|upkeep\n|turn|7\n|\n|t:|1699928150\n|switch|p2a: Blissey|Blissey, F|94\/100\n|move|p1a: Slowking|Toxic Spikes|p2a: Blissey\n|-sidestart|p2: vespyyy|move: Toxic Spikes\n|\n|upkeep\n|turn|8\n|\n|t:|1699928163\n|move|p2a: Blissey|Calm Mind|p2a: Blissey\n|-boost|p2a: Blissey|spa|1\n|-boost|p2a: Blissey|spd|1\n|move|p1a: Slowking|Chilly Reception|p1a: Slowking\n|-weather|Snow\n|\n|t:|1699928167\n|switch|p1a: Cyclizar|Cyclizar, F|100\/100|[from] Chilly Reception\n|\n|-weather|Snow|[upkeep]\n|upkeep\n|turn|9\n|\n|t:|1699928173\n|move|p1a: Cyclizar|Knock Off|p2a: Blissey\n|-damage|p2a: Blissey|73\/100\n|-enditem|p2a: Blissey|Heavy-Duty Boots|[from] move: Knock Off|[of] p1a: Cyclizar\n|move|p2a: Blissey|Seismic Toss|p1a: Cyclizar\n|-damage|p1a: Cyclizar|71\/100\n|\n|-weather|Snow|[upkeep]\n|upkeep\n|turn|10\n|\n|t:|1699928181\n|switch|p2a: Dialga|Dialga|100\/100\n|-ability|p2a: Dialga|Pressure\n|move|p1a: Cyclizar|Rapid Spin|p2a: Dialga\n|-resisted|p2a: Dialga\n|-crit|p2a: Dialga\n|-damage|p2a: Dialga|92\/100\n|-boost|p1a: Cyclizar|spe|1\n|-sideend|p1: 1P1o1s1h1e1|Spikes|[from] move: Rapid Spin|[of] p1a: Cyclizar\n|-sideend|p1: 1P1o1s1h1e1|Stealth Rock|[from] move: Rapid Spin|[of] p1a: Cyclizar\n|\n|-weather|Snow|[upkeep]\n|upkeep\n|turn|11\n|\n|t:|1699928190\n|move|p1a: Cyclizar|Shed Tail|p1a: Cyclizar\n|-start|p1a: Cyclizar|Substitute|[from] move: Shed Tail\n|-damage|p1a: Cyclizar|21\/100\n|\n|t:|1699928194\n|switch|p1a: Gholdengo|Gholdengo|100\/100|[from] Shed Tail\n|move|p2a: Dialga|Roar|p1a: Gholdengo\n|-immune|p1a: Gholdengo|[from] ability: Good as Gold\n|\n|-weather|Snow|[upkeep]\n|upkeep\n|turn|12\n|\n|t:|1699928205\n|switch|p2a: Cresselia|Cresselia, F|100\/100\n|-damage|p2a: Cresselia|88\/100|[from] Stealth Rock\n|move|p1a: Gholdengo|Nasty Plot|p1a: Gholdengo\n|-boost|p1a: Gholdengo|spa|2\n|\n|-weather|none\n|-heal|p2a: Cresselia|94\/100|[from] item: Leftovers\n|upkeep\n|turn|13\n|\n|t:|1699928213\n|-terastallize|p2a: Cresselia|Poison\n|move|p2a: Cresselia|Calm Mind|p2a: Cresselia\n|-boost|p2a: Cresselia|spa|1\n|-boost|p2a: Cresselia|spd|1\n|move|p1a: Gholdengo|Shadow Ball|p2a: Cresselia\n|-damage|p2a: Cresselia|69\/100\n|\n|-heal|p2a: Cresselia|75\/100|[from] item: Leftovers\n|upkeep\n|turn|14\n|\n|t:|1699928228\n|move|p2a: Cresselia|Calm Mind|p2a: Cresselia\n|-boost|p2a: Cresselia|spa|1\n|-boost|p2a: Cresselia|spd|1\n|move|p1a: Gholdengo|Nasty Plot|p1a: Gholdengo\n|-boost|p1a: Gholdengo|spa|2\n|\n|-heal|p2a: Cresselia|81\/100|[from] item: Leftovers\n|upkeep\n|turn|15\n|\n|t:|1699928233\n|move|p2a: Cresselia|Calm Mind|p2a: Cresselia\n|-boost|p2a: Cresselia|spa|1\n|-boost|p2a: Cresselia|spd|1\n|move|p1a: Gholdengo|Shadow Ball|p2a: Cresselia\n|-damage|p2a: Cresselia|59\/100\n|\n|-heal|p2a: Cresselia|65\/100|[from] item: Leftovers\n|upkeep\n|turn|16\n|\n|t:|1699928239\n|move|p2a: Cresselia|Calm Mind|p2a: Cresselia\n|-boost|p2a: Cresselia|spa|1\n|-boost|p2a: Cresselia|spd|1\n|move|p1a: Gholdengo|Shadow Ball|p2a: Cresselia\n|-damage|p2a: Cresselia|46\/100\n|-unboost|p2a: Cresselia|spd|1\n|\n|-heal|p2a: Cresselia|52\/100|[from] item: Leftovers\n|upkeep\n|turn|17\n|\n|t:|1699928251\n|move|p2a: Cresselia|Moonlight|p2a: Cresselia\n|-heal|p2a: Cresselia|100\/100\n|move|p1a: Gholdengo|Shadow Ball|p2a: Cresselia\n|-damage|p2a: Cresselia|75\/100\n|\n|-heal|p2a: Cresselia|82\/100|[from] item: Leftovers\n|upkeep\n|turn|18\n|\n|t:|1699928259\n|move|p2a: Cresselia|Calm Mind|p2a: Cresselia\n|-boost|p2a: Cresselia|spa|1\n|-boost|p2a: Cresselia|spd|1\n|move|p1a: Gholdengo|Nasty Plot|p1a: Gholdengo\n|-boost|p1a: Gholdengo|spa|2\n|\n|-heal|p2a: Cresselia|88\/100|[from] item: Leftovers\n|upkeep\n|turn|19\n|\n|t:|1699928261\n|move|p2a: Cresselia|Calm Mind|p2a: Cresselia\n|-boost|p2a: Cresselia|spa|1\n|-boost|p2a: Cresselia|spd|1\n|move|p1a: Gholdengo|Shadow Ball|p2a: Cresselia\n|-damage|p2a: Cresselia|64\/100\n|\n|-heal|p2a: Cresselia|70\/100|[from] item: Leftovers\n|upkeep\n|turn|20\n|\n|t:|1699928268\n|move|p2a: Cresselia|Stored Power|p1a: Gholdengo\n|-resisted|p1a: Gholdengo\n|-end|p1a: Gholdengo|Substitute\n|move|p1a: Gholdengo|Shadow Ball|p2a: Cresselia\n|-damage|p2a: Cresselia|48\/100\n|\n|-heal|p2a: Cresselia|55\/100|[from] item: Leftovers\n|upkeep\n|turn|21\n|\n|t:|1699928276\n|switch|p1a: Tyranitar|Tyranitar, F|94\/100 brn\n|-weather|Sandstorm|[from] ability: Sand Stream|[of] p1a: Tyranitar\n|move|p2a: Cresselia|Moonlight|p2a: Cresselia\n|-heal|p2a: Cresselia|80\/100\n|\n|-weather|Sandstorm|[upkeep]\n|-damage|p2a: Cresselia|73\/100|[from] Sandstorm\n|-heal|p2a: Cresselia|80\/100|[from] item: Leftovers\n|-heal|p1a: Tyranitar|100\/100 brn|[from] item: Leftovers\n|-damage|p1a: Tyranitar|94\/100 brn|[from] brn\n|upkeep\n|turn|22\n|\n|t:|1699928281\n|move|p2a: Cresselia|Moonblast|p1a: Tyranitar\n|-supereffective|p1a: Tyranitar\n|-damage|p1a: Tyranitar|38\/100 brn\n|move|p1a: Tyranitar|Knock Off|p2a: Cresselia\n|-damage|p2a: Cresselia|65\/100\n|-enditem|p2a: Cresselia|Leftovers|[from] move: Knock Off|[of] p1a: Tyranitar\n|\n|-weather|Sandstorm|[upkeep]\n|-damage|p2a: Cresselia|59\/100|[from] Sandstorm\n|-heal|p1a: Tyranitar|45\/100 brn|[from] item: Leftovers\n|-damage|p1a: Tyranitar|38\/100 brn|[from] brn\n|upkeep\n|turn|23\n|\n|t:|1699928298\n|switch|p1a: Gholdengo|Gholdengo|100\/100\n|move|p2a: Cresselia|Moonblast|p1a: Gholdengo\n|-resisted|p1a: Gholdengo\n|-damage|p1a: Gholdengo|77\/100\n|\n|-weather|Sandstorm|[upkeep]\n|-damage|p2a: Cresselia|53\/100|[from] Sandstorm\n|-heal|p1a: Gholdengo|83\/100|[from] item: Leftovers\n|upkeep\n|turn|24\n|\n|t:|1699928325\n|move|p2a: Cresselia|Moonlight|p2a: Cresselia\n|-heal|p2a: Cresselia|78\/100\n|move|p1a: Gholdengo|Shadow Ball|p2a: Cresselia\n|-damage|p2a: Cresselia|73\/100\n|\n|-weather|Sandstorm|[upkeep]\n|-damage|p2a: Cresselia|67\/100|[from] Sandstorm\n|-heal|p1a: Gholdengo|89\/100|[from] item: Leftovers\n|upkeep\n|turn|25\n|\n|t:|1699928336\n|switch|p1a: Tyranitar|Tyranitar, F|38\/100 brn\n|move|p2a: Cresselia|Stored Power|p1a: Tyranitar\n|-immune|p1a: Tyranitar\n|\n|-weather|none\n|-heal|p1a: Tyranitar|45\/100 brn|[from] item: Leftovers\n|-damage|p1a: Tyranitar|38\/100 brn|[from] brn\n|upkeep\n|turn|26\n|\n|t:|1699928340\n|move|p2a: Cresselia|Stored Power|p1a: Tyranitar\n|-immune|p1a: Tyranitar\n|move|p1a: Tyranitar|Roar|p2a: Cresselia\n|drag|p2a: Quagsire|Quagsire, M|87\/100\n|-damage|p2a: Quagsire|81\/100|[from] Stealth Rock\n|-status|p2a: Quagsire|psn\n|\n|-heal|p1a: Tyranitar|45\/100 brn|[from] item: Leftovers\n|-damage|p2a: Quagsire|68\/100 psn|[from] psn\n|-damage|p1a: Tyranitar|38\/100 brn|[from] brn\n|upkeep\n|turn|27\n|\n|t:|1699928360\n|switch|p1a: Quagsire|Quagsire, F|100\/100\n|move|p2a: Quagsire|Waterfall|p1a: Quagsire\n|-damage|p1a: Quagsire|83\/100\n|\n|-heal|p1a: Quagsire|90\/100|[from] item: Leftovers\n|-damage|p2a: Quagsire|56\/100 psn|[from] psn\n|upkeep\n|turn|28\n|\n|t:|1699928375\n|switch|p1a: Slowking|Slowking-Galar, M|100\/100\n|move|p2a: Quagsire|Toxic|p1a: Slowking\n|-immune|p1a: Slowking\n|\n|-damage|p2a: Quagsire|43\/100 psn|[from] psn\n|upkeep\n|turn|29\n|\n|t:|1699928379\n|switch|p2a: Dialga|Dialga|92\/100\n|-ability|p2a: Dialga|Pressure\n|move|p1a: Slowking|Future Sight|p2a: Dialga\n|-start|p1a: Slowking|move: Future Sight\n|\n|upkeep\n|turn|30\n|\n|t:|1699928387\n|move|p2a: Dialga|Stealth Rock|p1a: Slowking\n|-sidestart|p1: 1P1o1s1h1e1|move: Stealth Rock\n|move|p1a: Slowking|Toxic Spikes|p2a: Dialga\n|-sidestart|p2: vespyyy|move: Toxic Spikes\n|\n|upkeep\n|turn|31\n|\n|t:|1699928396\n|switch|p2a: Cresselia|Cresselia, F, tera:Poison|67\/100\n|-damage|p2a: Cresselia|54\/100|[from] Stealth Rock\n|move|p1a: Slowking|Chilly Reception|p1a: Slowking\n|-weather|Snow\n|\n|t:|1699928403\n|switch|p1a: Tyranitar|Tyranitar, F|38\/100 brn|[from] Chilly Reception\n|-damage|p1a: Tyranitar|26\/100 brn|[from] Stealth Rock\n|-weather|Sandstorm|[from] ability: Sand Stream|[of] p1a: Tyranitar\n|\n|-weather|Sandstorm|[upkeep]\n|-damage|p2a: Cresselia|48\/100|[from] Sandstorm\n|-end|p2a: Cresselia|move: Future Sight\n|-supereffective|p2a: Cresselia\n|-damage|p2a: Cresselia|2\/100\n|-heal|p1a: Tyranitar|32\/100 brn|[from] item: Leftovers\n|-damage|p1a: Tyranitar|26\/100 brn|[from] brn\n|upkeep\n|turn|32\n|c|\u2606vespyyy|Forgot about fsight\n|\n|t:|1699928425\n|move|p2a: Cresselia|Moonlight|p2a: Cresselia\n|-heal|p2a: Cresselia|27\/100\n|move|p1a: Tyranitar|Roar|p2a: Cresselia\n|drag|p2a: Arceus|Arceus-Dark|75\/100\n|-damage|p2a: Arceus|62\/100|[from] Stealth Rock\n|-status|p2a: Arceus|tox\n|\n|-weather|Sandstorm|[upkeep]\n|-damage|p2a: Arceus|56\/100 tox|[from] Sandstorm\n|-heal|p1a: Tyranitar|32\/100 brn|[from] item: Leftovers\n|-damage|p2a: Arceus|50\/100 tox|[from] psn\n|-damage|p1a: Tyranitar|26\/100 brn|[from] brn\n|upkeep\n|turn|33\n|\n|t:|1699928441\n|move|p2a: Arceus|Recover|p2a: Arceus\n|-heal|p2a: Arceus|99\/100 tox\n|move|p1a: Tyranitar|Roar|p2a: Arceus\n|drag|p2a: Cresselia|Cresselia, F, tera:Poison|27\/100\n|-damage|p2a: Cresselia|15\/100|[from] Stealth Rock\n|\n|-weather|Sandstorm|[upkeep]\n|-damage|p2a: Cresselia|9\/100|[from] Sandstorm\n|-heal|p1a: Tyranitar|32\/100 brn|[from] item: Leftovers\n|-damage|p1a: Tyranitar|26\/100 brn|[from] brn\n|upkeep\n|turn|34\n|\n|t:|1699928454\n|switch|p1a: Gholdengo|Gholdengo|89\/100\n|-damage|p1a: Gholdengo|83\/100|[from] Stealth Rock\n|move|p2a: Cresselia|Moonlight|p2a: Cresselia\n|-heal|p2a: Cresselia|34\/100\n|\n|-weather|Sandstorm|[upkeep]\n|-damage|p2a: Cresselia|28\/100|[from] Sandstorm\n|-heal|p1a: Gholdengo|89\/100|[from] item: Leftovers\n|upkeep\n|turn|35\n|\n|t:|1699928460\n|switch|p2a: Blissey|Blissey, F|73\/100\n|-damage|p2a: Blissey|60\/100|[from] Stealth Rock\n|-status|p2a: Blissey|tox\n|move|p1a: Gholdengo|Nasty Plot|p1a: Gholdengo\n|-boost|p1a: Gholdengo|spa|2\n|\n|-weather|none\n|-heal|p1a: Gholdengo|95\/100|[from] item: Leftovers\n|-damage|p2a: Blissey|54\/100 tox|[from] psn\n|upkeep\n|turn|36\n|\n|t:|1699928470\n|-curestatus|p2a: Blissey|tox|[from] ability: Natural Cure\n|switch|p2a: Arceus|Arceus-Dark|99\/100 tox\n|-damage|p2a: Arceus|88\/100 tox|[from] Stealth Rock\n|move|p1a: Gholdengo|Make It Rain|p2a: Arceus\n|-damage|p2a: Arceus|17\/100 tox\n|-unboost|p1a: Gholdengo|spa|1\n|\n|-heal|p1a: Gholdengo|100\/100|[from] item: Leftovers\n|-damage|p2a: Arceus|11\/100 tox|[from] psn\n|upkeep\n|turn|37\n|\n|t:|1699928484\n|switch|p1a: Tyranitar|Tyranitar, F|26\/100 brn\n|-damage|p1a: Tyranitar|14\/100 brn|[from] Stealth Rock\n|-weather|Sandstorm|[from] ability: Sand Stream|[of] p1a: Tyranitar\n|move|p2a: Arceus|Foul Play|p1a: Tyranitar\n|-resisted|p1a: Tyranitar\n|-damage|p1a: Tyranitar|0 fnt\n|faint|p1a: Tyranitar\n|\n|-weather|Sandstorm|[upkeep]\n|-damage|p2a: Arceus|5\/100 tox|[from] Sandstorm\n|-damage|p2a: Arceus|0 fnt|[from] psn\n|faint|p2a: Arceus\n|upkeep\n|\n|t:|1699928499\n|switch|p2a: Dialga|Dialga|92\/100\n|switch|p1a: Cyclizar|Cyclizar, F|54\/100\n|-ability|p2a: Dialga|Pressure\n|turn|38\n|\n|t:|1699928521\n|-terastallize|p1a: Cyclizar|Fairy\n|move|p1a: Cyclizar|Rapid Spin|p2a: Dialga\n|-resisted|p2a: Dialga\n|-damage|p2a: Dialga|86\/100\n|-boost|p1a: Cyclizar|spe|1\n|-sideend|p1: 1P1o1s1h1e1|Stealth Rock|[from] move: Rapid Spin|[of] p1a: Cyclizar\n|move|p2a: Dialga|Draco Meteor|p1a: Cyclizar\n|-immune|p1a: Cyclizar\n|\n|-weather|Sandstorm|[upkeep]\n|-damage|p1a: Cyclizar|48\/100|[from] Sandstorm\n|upkeep\n|turn|39\n|\n|t:|1699928533\n|move|p1a: Cyclizar|Knock Off|p2a: Dialga\n|-damage|p2a: Dialga|71\/100\n|-enditem|p2a: Dialga|Heavy-Duty Boots|[from] move: Knock Off|[of] p1a: Cyclizar\n|move|p2a: Dialga|Stealth Rock|p1a: Cyclizar\n|-sidestart|p1: 1P1o1s1h1e1|move: Stealth Rock\n|\n|-weather|Sandstorm|[upkeep]\n|-damage|p1a: Cyclizar|42\/100|[from] Sandstorm\n|upkeep\n|turn|40\n|\n|t:|1699928544\n|move|p1a: Cyclizar|Taunt|p2a: Dialga\n|-start|p2a: Dialga|move: Taunt\n|cant|p2a: Dialga|move: Taunt|Roar\n|\n|-weather|Sandstorm|[upkeep]\n|-damage|p1a: Cyclizar|36\/100|[from] Sandstorm\n|upkeep\n|turn|41\n|\n|t:|1699928551\n|switch|p2a: Garganacl|Garganacl, M|100\/100\n|move|p1a: Cyclizar|Rapid Spin|p2a: Garganacl\n|-resisted|p2a: Garganacl\n|-damage|p2a: Garganacl|96\/100\n|-boost|p1a: Cyclizar|spe|1\n|-sideend|p1: 1P1o1s1h1e1|Stealth Rock|[from] move: Rapid Spin|[of] p1a: Cyclizar\n|\n|-weather|none\n|upkeep\n|turn|42\n|\n|t:|1699928560\n|move|p1a: Cyclizar|Taunt|p2a: Garganacl\n|-start|p2a: Garganacl|move: Taunt\n|move|p2a: Garganacl|Body Press|p1a: Cyclizar\n|-resisted|p1a: Cyclizar\n|-damage|p1a: Cyclizar|18\/100\n|\n|upkeep\n|turn|43\n|\n|t:|1699928569\n|switch|p1a: Slowking|Slowking-Galar, M|100\/100\n|switch|p2a: Cresselia|Cresselia, F, tera:Poison|28\/100\n|-damage|p2a: Cresselia|15\/100|[from] Stealth Rock\n|\n|upkeep\n|turn|44\n|\n|t:|1699928577\n|move|p2a: Cresselia|Moonlight|p2a: Cresselia\n|-heal|p2a: Cresselia|65\/100\n|move|p1a: Slowking|Future Sight|p2a: Cresselia\n|-start|p1a: Slowking|move: Future Sight\n|\n|upkeep\n|turn|45\n|\n|t:|1699928583\n|switch|p2a: Dialga|Dialga|71\/100\n|-damage|p2a: Dialga|65\/100|[from] Stealth Rock\n|-ability|p2a: Dialga|Pressure\n|switch|p1a: Gholdengo|Gholdengo|100\/100\n|\n|upkeep\n|turn|46\n|\n|t:|1699928590\n|move|p2a: Dialga|Draco Meteor|p1a: Gholdengo\n|-resisted|p1a: Gholdengo\n|-damage|p1a: Gholdengo|77\/100\n|-unboost|p2a: Dialga|spa|2\n|move|p1a: Gholdengo|Nasty Plot|p1a: Gholdengo\n|-boost|p1a: Gholdengo|spa|2\n|\n|-end|p2a: Dialga|move: Future Sight\n|-resisted|p2a: Dialga\n|-damage|p2a: Dialga|51\/100\n|-heal|p1a: Gholdengo|83\/100|[from] item: Leftovers\n|upkeep\n|turn|47\n|\n|t:|1699928601\n|switch|p2a: Garganacl|Garganacl, M|96\/100\n|move|p1a: Gholdengo|Shadow Ball|p2a: Garganacl\n|-damage|p2a: Garganacl|69\/100\n|\n|-heal|p1a: Gholdengo|89\/100|[from] item: Leftovers\n|upkeep\n|turn|48\n|\n|t:|1699928608\n|switch|p2a: Quagsire|Quagsire, M|43\/100 psn\n|-damage|p2a: Quagsire|37\/100 psn|[from] Stealth Rock\n|move|p1a: Gholdengo|Make It Rain|p2a: Quagsire\n|-resisted|p2a: Quagsire\n|-damage|p2a: Quagsire|3\/100 psn\n|-unboost|p1a: Gholdengo|spa|1\n|\n|-heal|p1a: Gholdengo|95\/100|[from] item: Leftovers\n|-damage|p2a: Quagsire|0 fnt|[from] psn\n|faint|p2a: Quagsire\n|upkeep\n|\n|t:|1699928610\n|switch|p2a: Cresselia|Cresselia, F, tera:Poison|65\/100\n|-damage|p2a: Cresselia|53\/100|[from] Stealth Rock\n|turn|49\n|\n|t:|1699928619\n|move|p2a: Cresselia|Calm Mind|p2a: Cresselia\n|-boost|p2a: Cresselia|spa|1\n|-boost|p2a: Cresselia|spd|1\n|move|p1a: Gholdengo|Nasty Plot|p1a: Gholdengo\n|-boost|p1a: Gholdengo|spa|2\n|\n|-heal|p1a: Gholdengo|100\/100|[from] item: Leftovers\n|upkeep\n|turn|50\n|\n|t:|1699928624\n|move|p2a: Cresselia|Calm Mind|p2a: Cresselia\n|-boost|p2a: Cresselia|spa|1\n|-boost|p2a: Cresselia|spd|1\n|move|p1a: Gholdengo|Shadow Ball|p2a: Cresselia\n|-damage|p2a: Cresselia|29\/100\n|\n|upkeep\n|turn|51\n|\n|t:|1699928632\n|switch|p1a: Cyclizar|Cyclizar, F, tera:Fairy|51\/100\n|move|p2a: Cresselia|Moonlight|p2a: Cresselia\n|-heal|p2a: Cresselia|79\/100\n|\n|upkeep\n|turn|52\n|\n|t:|1699928636\n|move|p1a: Cyclizar|Taunt|p2a: Cresselia\n|-start|p2a: Cresselia|move: Taunt\n|move|p2a: Cresselia|Stored Power|p1a: Cyclizar\n|-damage|p1a: Cyclizar|0 fnt\n|faint|p1a: Cyclizar\n|\n|upkeep\n|\n|t:|1699928646\n|switch|p1a: Gholdengo|Gholdengo|100\/100\n|turn|53\n|\n|t:|1699928649\n|move|p2a: Cresselia|Stored Power|p1a: Gholdengo\n|-resisted|p1a: Gholdengo\n|-damage|p1a: Gholdengo|82\/100\n|move|p1a: Gholdengo|Nasty Plot|p1a: Gholdengo\n|-boost|p1a: Gholdengo|spa|2\n|\n|-heal|p1a: Gholdengo|88\/100|[from] item: Leftovers\n|upkeep\n|turn|54\n|\n|t:|1699928655\n|move|p2a: Cresselia|Stored Power|p1a: Gholdengo\n|-resisted|p1a: Gholdengo\n|-damage|p1a: Gholdengo|68\/100\n|move|p1a: Gholdengo|Nasty Plot|p1a: Gholdengo\n|-boost|p1a: Gholdengo|spa|2\n|\n|-heal|p1a: Gholdengo|75\/100|[from] item: Leftovers\n|-end|p2a: Cresselia|move: Taunt\n|upkeep\n|turn|55\n|\n|t:|1699928660\n|move|p2a: Cresselia|Calm Mind|p2a: Cresselia\n|-boost|p2a: Cresselia|spa|1\n|-boost|p2a: Cresselia|spd|1\n|move|p1a: Gholdengo|Nasty Plot|p1a: Gholdengo\n|-boost|p1a: Gholdengo|spa|2\n|\n|-heal|p1a: Gholdengo|81\/100|[from] item: Leftovers\n|upkeep\n|turn|56\n|\n|t:|1699928663\n|move|p2a: Cresselia|Calm Mind|p2a: Cresselia\n|-boost|p2a: Cresselia|spa|1\n|-boost|p2a: Cresselia|spd|1\n|move|p1a: Gholdengo|Shadow Ball|p2a: Cresselia\n|-damage|p2a: Cresselia|54\/100\n|\n|-heal|p1a: Gholdengo|87\/100|[from] item: Leftovers\n|upkeep\n|turn|57\n|\n|t:|1699928668\n|move|p2a: Cresselia|Calm Mind|p2a: Cresselia\n|-boost|p2a: Cresselia|spa|1\n|-boost|p2a: Cresselia|spd|1\n|move|p1a: Gholdengo|Shadow Ball|p2a: Cresselia\n|-damage|p2a: Cresselia|30\/100\n|\n|-heal|p1a: Gholdengo|93\/100|[from] item: Leftovers\n|upkeep\n|turn|58\n|\n|t:|1699928677\n|move|p2a: Cresselia|Calm Mind|p2a: Cresselia\n|-boost|p2a: Cresselia|spa|1\n|-boost|p2a: Cresselia|spd|1\n|move|p1a: Gholdengo|Shadow Ball|p2a: Cresselia\n|-damage|p2a: Cresselia|10\/100\n|\n|-heal|p1a: Gholdengo|99\/100|[from] item: Leftovers\n|upkeep\n|turn|59\n|\n|t:|1699928682\n|move|p2a: Cresselia|Moonlight|p2a: Cresselia\n|-heal|p2a: Cresselia|60\/100\n|move|p1a: Gholdengo|Shadow Ball|p2a: Cresselia\n|-damage|p2a: Cresselia|40\/100\n|\n|-heal|p1a: Gholdengo|100\/100|[from] item: Leftovers\n|upkeep\n|turn|60\n|\n|t:|1699928689\n|move|p2a: Cresselia|Stored Power|p1a: Gholdengo\n|-resisted|p1a: Gholdengo\n|-damage|p1a: Gholdengo|10\/100\n|move|p1a: Gholdengo|Shadow Ball|p2a: Cresselia\n|-damage|p2a: Cresselia|19\/100\n|\n|-heal|p1a: Gholdengo|16\/100|[from] item: Leftovers\n|upkeep\n|turn|61\n|c|\u2606vespyyy|Comeback szn\n|c|\u2606vespyyy|(Not rlly\n|\n|t:|1699928715\n|move|p2a: Cresselia|Stored Power|p1a: Gholdengo\n|-resisted|p1a: Gholdengo\n|-damage|p1a: Gholdengo|0 fnt\n|faint|p1a: Gholdengo\n|\n|upkeep\n|\n|t:|1699928719\n|switch|p1a: Blissey|Blissey, F|100\/100\n|turn|62\n|\n|t:|1699928723\n|move|p2a: Cresselia|Stored Power|p1a: Blissey\n|-damage|p1a: Blissey|11\/100\n|move|p1a: Blissey|Seismic Toss|p2a: Cresselia\n|-damage|p2a: Cresselia|0 fnt\n|faint|p2a: Cresselia\n|\n|upkeep\n|\n|t:|1699928726\n|switch|p2a: Garganacl|Garganacl, M|69\/100\n|turn|63\n|\n|t:|1699928731\n|move|p1a: Blissey|Seismic Toss|p2a: Garganacl\n|-damage|p2a: Garganacl|44\/100\n|move|p2a: Garganacl|Body Press|p1a: Blissey\n|-supereffective|p1a: Blissey\n|-damage|p1a: Blissey|0 fnt\n|faint|p1a: Blissey\n|\n|upkeep\n|\n|t:|1699928737\n|switch|p1a: Slowking|Slowking-Galar, M|100\/100\n|turn|64\n|\n|t:|1699928742\n|move|p2a: Garganacl|Recover|p2a: Garganacl\n|-heal|p2a: Garganacl|94\/100\n|move|p1a: Slowking|Future Sight|p2a: Garganacl\n|-start|p1a: Slowking|move: Future Sight\n|\n|upkeep\n|turn|65\n|\n|t:|1699928749\n|move|p2a: Garganacl|Iron Defense|p2a: Garganacl\n|-boost|p2a: Garganacl|def|2\n|move|p1a: Slowking|Sludge Bomb|p2a: Garganacl\n|-resisted|p2a: Garganacl\n|-damage|p2a: Garganacl|82\/100\n|\n|upkeep\n|turn|66\n|\n|t:|1699928755\n|move|p2a: Garganacl|Iron Defense|p2a: Garganacl\n|-boost|p2a: Garganacl|def|2\n|move|p1a: Slowking|Chilly Reception|p1a: Slowking\n|-weather|Snow\n|\n|t:|1699928761\n|switch|p1a: Quagsire|Quagsire, F|90\/100|[from] Chilly Reception\n|\n|-weather|Snow|[upkeep]\n|-end|p2a: Garganacl|move: Future Sight\n|-damage|p2a: Garganacl|48\/100\n|-heal|p1a: Quagsire|96\/100|[from] item: Leftovers\n|upkeep\n|turn|67\n|\n|t:|1699928766\n|move|p1a: Quagsire|Curse|p1a: Quagsire\n|-unboost|p1a: Quagsire|spe|1\n|-boost|p1a: Quagsire|atk|1\n|-boost|p1a: Quagsire|def|1\n|move|p2a: Garganacl|Recover|p2a: Garganacl\n|-heal|p2a: Garganacl|98\/100\n|\n|-weather|Snow|[upkeep]\n|-heal|p1a: Quagsire|100\/100|[from] item: Leftovers\n|upkeep\n|turn|68\n|\n|t:|1699928772\n|switch|p2a: Dialga|Dialga|51\/100\n|-damage|p2a: Dialga|45\/100|[from] Stealth Rock\n|-ability|p2a: Dialga|Pressure\n|move|p1a: Quagsire|Curse|p1a: Quagsire\n|-unboost|p1a: Quagsire|spe|1\n|-boost|p1a: Quagsire|atk|1\n|-boost|p1a: Quagsire|def|1\n|\n|-weather|Snow|[upkeep]\n|upkeep\n|turn|69\n|\n|t:|1699928776\n|move|p2a: Dialga|Draco Meteor|p1a: Quagsire|[miss]\n|-miss|p2a: Dialga|p1a: Quagsire\n|move|p1a: Quagsire|Earthquake|p2a: Dialga\n|-supereffective|p2a: Dialga\n|-damage|p2a: Dialga|0 fnt\n|faint|p2a: Dialga\n|\n|-weather|Snow|[upkeep]\n|upkeep\n|c|\u2606vespyyy|Nooooooooo\n|c|\u26061P1o1s1h1e1|Does that kill\n|c|\u2606vespyyy|0 SpA Dialga Draco Meteor vs. 252 HP \/ 4 SpD Quagsire: 280-331 (71 - 84%) -- guaranteed 2HKO after Leftovers recovery\n|c|\u2606vespyyy|That into seis kos\n|c|\u26061P1o1s1h1e1|Ah fair\n|c|\u2606vespyyy|Im gonna mark this down as a tie\n|c|\u2606vespyyy|Lol\n|\n|t:|1699928862\n|switch|p2a: Blissey|Blissey, F|54\/100\n|-damage|p2a: Blissey|42\/100|[from] Stealth Rock\n|-status|p2a: Blissey|tox\n|turn|70\n|c|\u26061P1o1s1h1e1|I could have just switched into glowking fr tho\n|c|\u26061P1o1s1h1e1|I'm hel.\n|c|\u26061P1o1s1h1e1|helm\n|\n|t:|1699928879\n|move|p2a: Blissey|Seismic Toss|p1a: Quagsire\n|-damage|p1a: Quagsire|75\/100\n|move|p1a: Quagsire|Earthquake|p2a: Blissey\n|-damage|p2a: Blissey|0 fnt\n|faint|p2a: Blissey\n|\n|-weather|none\n|-heal|p1a: Quagsire|81\/100|[from] item: Leftovers\n|upkeep\n|\n|t:|1699928904\n|switch|p2a: Garganacl|Garganacl, M|98\/100\n|turn|71\n|\n|t:|1699928912\n|move|p2a: Garganacl|Block|p1a: Quagsire\n|-activate|p1a: Quagsire|trapped\n|move|p1a: Quagsire|Earthquake|p2a: Garganacl\n|-supereffective|p2a: Garganacl\n|-damage|p2a: Garganacl|33\/100\n|\n|-heal|p1a: Quagsire|87\/100|[from] item: Leftovers\n|upkeep\n|turn|72\n|\n|t:|1699928917\n|move|p2a: Garganacl|Body Press|p1a: Quagsire\n|-damage|p1a: Quagsire|78\/100\n|move|p1a: Quagsire|Earthquake|p2a: Garganacl\n|-supereffective|p2a: Garganacl\n|-damage|p2a: Garganacl|0 fnt\n|faint|p2a: Garganacl\n|\n|win|1P1o1s1h1e1\n|c|\u2606vespyyy|Gg\n|c|\u26061P1o1s1h1e1|gg\n|c|\u26061P1o1s1h1e1|cress is scary\n|c|\u26061P1o1s1h1e1|For this team\n|c|\u2606vespyyy|Yeah it is\n|c|\u26061P1o1s1h1e1|Even with tar\n|c|\u2606vespyyy|I wish i hadnt swapped into that fsight\n|c|\u26061P1o1s1h1e1|I should have tera steeled with it\n|c|\u26061P1o1s1h1e1|But yeah floating poison is like damn bruh I'm goobed\n","uploadtime":1699928988,"views":7,"p1id":"1p1o1s1h1e1","p2id":"vespyyy","formatid":"gen9ubers","rating":0,"private":0,"password":""}