{"id":"gen9ubers-1973221240","p1":"sword over shield","p2":"1P1o1s1h1e1","format":"[Gen 9] Ubers","log":"|j|\u2606sword over shield\n|j|\u26061P1o1s1h1e1\n|t:|1697941031\n|gametype|singles\n|player|p1|sword over shield|1|\n|player|p2|1P1o1s1h1e1|1|\n|teamsize|p1|6\n|teamsize|p2|6\n|gen|9\n|tier|[Gen 9] Ubers\n|rule|Sleep Clause Mod: Limit one foe put to sleep\n|rule|Species Clause: Limit one of each Pok\u00e9mon\n|rule|OHKO Clause: OHKO moves are banned\n|rule|Evasion Items Clause: Evasion items are banned\n|rule|Evasion Moves Clause: Evasion moves are banned\n|rule|Endless Battle Clause: Forcing endless battles is banned\n|rule|HP Percentage Mod: HP is shown in percentages\n|clearpoke\n|poke|p1|Magearna|\n|poke|p1|Shaymin-Sky|\n|poke|p1|Arceus-Dragon|\n|poke|p1|Volcarona, F|\n|poke|p1|Palkia-Origin|\n|poke|p1|Giratina|\n|poke|p2|Dialga|\n|poke|p2|Palkia-Origin|\n|poke|p2|Arceus-Dragon|\n|poke|p2|Magnezone|\n|poke|p2|Roaring Moon|\n|poke|p2|Magearna|\n|teampreview\n|c|\u2606sword over shield|drag mag mag\n|c|\u26061P1o1s1h1e1|so true...\n|\n|t:|1697941071\n|start\n|switch|p1a: Shaymin|Shaymin-Sky|100\/100\n|switch|p2a: Magearna|Magearna|100\/100\n|turn|1\n|\n|t:|1697941086\n|-terastallize|p1a: Shaymin|Ground\n|move|p1a: Shaymin|Earth Power|p2a: Magearna\n|-supereffective|p2a: Magearna\n|-damage|p2a: Magearna|27\/100\n|-damage|p1a: Shaymin|91\/100|[from] item: Life Orb\n|move|p2a: Magearna|Thunder Wave|p1a: Shaymin\n|-immune|p1a: Shaymin\n|\n|-heal|p2a: Magearna|33\/100|[from] item: Leftovers\n|upkeep\n|turn|2\n|\n|t:|1697941100\n|move|p1a: Shaymin|Earth Power|p2a: Magearna\n|-supereffective|p2a: Magearna\n|-damage|p2a: Magearna|0 fnt\n|faint|p2a: Magearna\n|-damage|p1a: Shaymin|81\/100|[from] item: Life Orb\n|\n|upkeep\n|\n|t:|1697941103\n|switch|p2a: Roaring Moon|Roaring Moon|100\/100\n|-enditem|p2a: Roaring Moon|Booster Energy\n|-activate|p2a: Roaring Moon|ability: Protosynthesis|[fromitem]\n|-start|p2a: Roaring Moon|protosynthesisatk\n|turn|3\n|\n|t:|1697941114\n|move|p1a: Shaymin|Air Slash|p2a: Roaring Moon\n|-damage|p2a: Roaring Moon|58\/100\n|-damage|p1a: Shaymin|71\/100|[from] item: Life Orb\n|move|p2a: Roaring Moon|Dragon Dance|p2a: Roaring Moon\n|-boost|p2a: Roaring Moon|atk|1\n|-boost|p2a: Roaring Moon|spe|1\n|\n|upkeep\n|turn|4\n|\n|t:|1697941124\n|-terastallize|p2a: Roaring Moon|Flying\n|move|p2a: Roaring Moon|Acrobatics|p1a: Shaymin\n|-damage|p1a: Shaymin|0 fnt\n|faint|p1a: Shaymin\n|\n|upkeep\n|\n|t:|1697941136\n|switch|p1a: Magearna|Magearna|100\/100\n|turn|5\n|\n|t:|1697941140\n|move|p2a: Roaring Moon|Iron Head|p1a: Magearna\n|-damage|p1a: Magearna|51\/100\n|move|p1a: Magearna|Thunder Wave|p2a: Roaring Moon\n|-status|p2a: Roaring Moon|par\n|\n|-heal|p1a: Magearna|57\/100|[from] item: Leftovers\n|upkeep\n|turn|6\n|\n|t:|1697941150\n|move|p2a: Roaring Moon|Knock Off|p1a: Magearna\n|-resisted|p1a: Magearna\n|-damage|p1a: Magearna|11\/100\n|-enditem|p1a: Magearna|Leftovers|[from] move: Knock Off|[of] p2a: Roaring Moon\n|move|p1a: Magearna|Volt Switch|p2a: Roaring Moon\n|-supereffective|p2a: Roaring Moon\n|-damage|p2a: Roaring Moon|16\/100 par\n|\n|t:|1697941160\n|switch|p1a: Arceus|Arceus-Dragon|100\/100|[from] Volt Switch\n|\n|upkeep\n|turn|7\n|\n|t:|1697941166\n|move|p1a: Arceus|Judgment|p2a: Roaring Moon\n|-damage|p2a: Roaring Moon|0 fnt\n|faint|p2a: Roaring Moon\n|-end|p2a: Roaring Moon|Protosynthesis|[silent]\n|\n|upkeep\n|\n|t:|1697941173\n|switch|p2a: Dialga|Dialga|100\/100\n|-ability|p2a: Dialga|Pressure\n|turn|8\n|\n|t:|1697941183\n|move|p1a: Arceus|Calm Mind|p1a: Arceus\n|-boost|p1a: Arceus|spa|1\n|-boost|p1a: Arceus|spd|1\n|move|p2a: Dialga|Draco Meteor|p1a: Arceus\n|-supereffective|p1a: Arceus\n|-damage|p1a: Arceus|0 fnt\n|-unboost|p2a: Dialga|spa|2\n|faint|p1a: Arceus\n|\n|upkeep\n|\n|t:|1697941195\n|switch|p1a: Giratina|Giratina|100\/100\n|-ability|p1a: Giratina|Pressure\n|turn|9\n|\n|t:|1697941200\n|move|p2a: Dialga|Draco Meteor|p1a: Giratina\n|-supereffective|p1a: Giratina\n|-damage|p1a: Giratina|29\/100\n|-unboost|p2a: Dialga|spa|2\n|move|p1a: Giratina|Thunder Wave|p2a: Dialga\n|-status|p2a: Dialga|par\n|\n|-heal|p1a: Giratina|35\/100|[from] item: Leftovers\n|upkeep\n|turn|10\n|\n|t:|1697941213\n|switch|p1a: Magearna|Magearna|11\/100\n|move|p2a: Dialga|Draco Meteor|p1a: Magearna\n|-immune|p1a: Magearna\n|\n|upkeep\n|turn|11\n|\n|t:|1697941229\n|switch|p2a: Palkia|Palkia-Origin|100\/100\n|-ability|p2a: Palkia|Pressure\n|move|p1a: Magearna|Volt Switch|p2a: Palkia\n|-damage|p2a: Palkia|81\/100\n|\n|t:|1697941243\n|switch|p1a: Palkia|Palkia-Origin|100\/100|[from] Volt Switch\n|-ability|p1a: Palkia|Pressure\n|\n|upkeep\n|turn|12\n|c|\u26061P1o1s1h1e1|we love a little speed tie action\n|\n|t:|1697941255\n|move|p2a: Palkia|Spacial Rend|p1a: Palkia\n|-supereffective|p1a: Palkia\n|-damage|p1a: Palkia|0 fnt\n|faint|p1a: Palkia\n|\n|upkeep\n|c|\u2606sword over shield|damn\n|c|\u2606sword over shield|that was my only play\n|\n|t:|1697941271\n|switch|p1a: Volcarona|Volcarona, F|100\/100\n|turn|13\n|\n|t:|1697941275\n|move|p2a: Palkia|Hydro Pump|p1a: Volcarona\n|-supereffective|p1a: Volcarona\n|-damage|p1a: Volcarona|0 fnt\n|faint|p1a: Volcarona\n|\n|upkeep\n|\n|t:|1697941279\n|switch|p1a: Giratina|Giratina|35\/100\n|-ability|p1a: Giratina|Pressure\n|turn|14\n|\n|t:|1697941284\n|move|p2a: Palkia|Spacial Rend|p1a: Giratina\n|-supereffective|p1a: Giratina\n|-damage|p1a: Giratina|0 fnt\n|faint|p1a: Giratina\n|\n|upkeep\n|\n|t:|1697941287\n|switch|p1a: Magearna|Magearna|11\/100\n|turn|15\n|\n|t:|1697941290\n|move|p2a: Palkia|Hydro Pump|p1a: Magearna|[miss]\n|-miss|p2a: Palkia|p1a: Magearna\n|move|p1a: Magearna|Thunder Wave|p2a: Palkia\n|-status|p2a: Palkia|par\n|\n|upkeep\n|turn|16\n|\n|t:|1697941295\n|cant|p2a: Palkia|par\n|move|p1a: Magearna|Volt Switch|p2a: Palkia\n|-damage|p2a: Palkia|63\/100 par\n|\n|upkeep\n|turn|17\n|\n|t:|1697941300\n|cant|p2a: Palkia|par\n|move|p1a: Magearna|Volt Switch|p2a: Palkia\n|-damage|p2a: Palkia|46\/100 par\n|\n|upkeep\n|turn|18\n|\n|t:|1697941303\n|move|p2a: Palkia|Hydro Pump|p1a: Magearna|[miss]\n|-miss|p2a: Palkia|p1a: Magearna\n|move|p1a: Magearna|Volt Switch|p2a: Palkia\n|-damage|p2a: Palkia|28\/100 par\n|\n|upkeep\n|turn|19\n|c|\u2606sword over shield|wtf\n|\n|t:|1697941311\n|move|p2a: Palkia|Hydro Pump|p1a: Magearna|[miss]\n|-miss|p2a: Palkia|p1a: Magearna\n|move|p1a: Magearna|Volt Switch|p2a: Palkia\n|-damage|p2a: Palkia|10\/100 par\n|\n|upkeep\n|turn|20\n|c|\u26061P1o1s1h1e1|lmao\n|\n|t:|1697941316\n|move|p2a: Palkia|Hydro Pump|p1a: Magearna\n|-damage|p1a: Magearna|0 fnt\n|faint|p1a: Magearna\n|\n|win|1P1o1s1h1e1\n|c|\u2606sword over shield|gg\n|c|\u26061P1o1s1h1e1|gg\n|l|\u2606sword over shield\n|j|\u2606sword over shield\n|player|p1|sword over shield|1\n","uploadtime":1697941326,"views":18,"p1id":"swordovershield","p2id":"1p1o1s1h1e1","formatid":"gen9ubers","rating":0,"private":0,"password":""}