{"id":"gen9ubers-1969520304","p1":"OVERBUS42","p2":"UnspokenCause","format":"[Gen 9] Ubers","log":"|j|\u2606OVERBUS42\n|j|\u2606UnspokenCause\n|t:|1697542888\n|gametype|singles\n|player|p1|OVERBUS42|169|1239\n|player|p2|UnspokenCause|supernerd|1130\n|teamsize|p1|6\n|teamsize|p2|6\n|gen|9\n|tier|[Gen 9] Ubers\n|rated|\n|rule|Sleep Clause Mod: Limit one foe put to sleep\n|rule|Species Clause: Limit one of each Pok\u00e9mon\n|rule|OHKO Clause: OHKO moves are banned\n|rule|Evasion Items Clause: Evasion items are banned\n|rule|Evasion Moves Clause: Evasion moves are banned\n|rule|Endless Battle Clause: Forcing endless battles is banned\n|rule|HP Percentage Mod: HP is shown in percentages\n|clearpoke\n|poke|p1|Cyclizar, F|\n|poke|p1|Zacian-*|\n|poke|p1|Mewtwo|\n|poke|p1|Annihilape, F|\n|poke|p1|Miraidon|\n|poke|p1|Koraidon|\n|poke|p2|Baxcalibur, F|\n|poke|p2|Ninetales-Alola, M|\n|poke|p2|Arceus|\n|poke|p2|Shaymin-Sky|\n|poke|p2|Ceruledge, M|\n|poke|p2|Magearna|\n|teampreview\n|inactive|Battle timer is ON: inactive players will automatically lose when time's up. (requested by OVERBUS42)\n|\n|t:|1697542905\n|start\n|switch|p1a: Annihilape|Annihilape, F|100\/100\n|switch|p2a: Ninetales|Ninetales-Alola, M|100\/100\n|-weather|Snow|[from] ability: Snow Warning|[of] p2a: Ninetales\n|turn|1\n|\n|t:|1697542909\n|move|p1a: Annihilape|Final Gambit|p2a: Ninetales\n|-damage|p2a: Ninetales|0 fnt\n|faint|p1a: Annihilape\n|faint|p2a: Ninetales\n|\n|-weather|Snow|[upkeep]\n|upkeep\n|\n|t:|1697542915\n|switch|p2a: Baxcalibur|Baxcalibur, F|100\/100\n|switch|p1a: Cyclizar|Cyclizar, F|100\/100\n|turn|2\n|\n|t:|1697542918\n|-terastallize|p2a: Baxcalibur|Fire\n|move|p1a: Cyclizar|Shed Tail|p1a: Cyclizar\n|-start|p1a: Cyclizar|Substitute|[from] move: Shed Tail\n|-damage|p1a: Cyclizar|50\/100\n|\n|t:|1697542924\n|switch|p1a: Zacian|Zacian-Crowned|100\/100|[from] Shed Tail\n|-ability|p1a: Zacian|Intrepid Sword|boost\n|-boost|p1a: Zacian|atk|1\n|move|p2a: Baxcalibur|Swords Dance|p2a: Baxcalibur\n|-boost|p2a: Baxcalibur|atk|2\n|\n|-weather|Snow|[upkeep]\n|upkeep\n|turn|3\n|\n|t:|1697542929\n|move|p1a: Zacian|Swords Dance|p1a: Zacian\n|-boost|p1a: Zacian|atk|2\n|move|p2a: Baxcalibur|Earthquake|p1a: Zacian\n|-supereffective|p1a: Zacian\n|-end|p1a: Zacian|Substitute\n|\n|-weather|Snow|[upkeep]\n|upkeep\n|turn|4\n|\n|t:|1697542941\n|-terastallize|p1a: Zacian|Ground\n|move|p1a: Zacian|Tera Blast|p2a: Baxcalibur|[anim] Tera Blast Ground\n|-supereffective|p2a: Baxcalibur\n|-damage|p2a: Baxcalibur|0 fnt\n|faint|p2a: Baxcalibur\n|\n|-weather|Snow|[upkeep]\n|upkeep\n|\n|t:|1697542951\n|switch|p2a: Ceruledge|Ceruledge, M|100\/100\n|turn|5\n|\n|t:|1697542957\n|move|p1a: Zacian|Tera Blast|p2a: Ceruledge|[anim] Tera Blast Ground\n|-supereffective|p2a: Ceruledge\n|-damage|p2a: Ceruledge|0 fnt\n|faint|p2a: Ceruledge\n|\n|-weather|none\n|upkeep\n|\n|t:|1697542960\n|switch|p2a: Shaymin|Shaymin-Sky|100\/100\n|turn|6\n|\n|t:|1697542965\n|move|p1a: Zacian|Behemoth Blade|p2a: Shaymin\n|-damage|p2a: Shaymin|0 fnt\n|faint|p2a: Shaymin\n|\n|upkeep\n|\n|t:|1697542968\n|switch|p2a: Magearna|Magearna|100\/100\n|turn|7\n|\n|t:|1697542971\n|move|p1a: Zacian|Tera Blast|p2a: Magearna|[anim] Tera Blast Ground\n|-supereffective|p2a: Magearna\n|-damage|p2a: Magearna|0 fnt\n|faint|p2a: Magearna\n|\n|upkeep\n|\n|t:|1697542973\n|switch|p2a: Arceus|Arceus|100\/100\n|turn|8\n|\n|t:|1697542977\n|move|p2a: Arceus|Extreme Speed|p1a: Zacian\n|-damage|p1a: Zacian|48\/100\n|move|p1a: Zacian|Behemoth Blade|p2a: Arceus\n|-crit|p2a: Arceus\n|-damage|p2a: Arceus|0 fnt\n|faint|p2a: Arceus\n|\n|win|OVERBUS42\n|raw|OVERBUS42's rating: 1239 &rarr; <strong>1256<\/strong><br \/>(+17 for winning)\n|raw|UnspokenCause's rating: 1130 &rarr; <strong>1113<\/strong><br \/>(-17 for losing)\n|l|\u2606UnspokenCause\n|c|\u2606OVERBUS42|GG\n","uploadtime":1697543006,"views":12,"p1id":"overbus42","p2id":"unspokencause","formatid":"gen9ubers","rating":1113,"private":0,"password":""}