{"id":"gen9ubers-1989317352","p1":"Kizaco","p2":"the tr4sh man","format":"[Gen 9] Ubers","log":"|j|\u2606Kizaco\n|j|\u2606the tr4sh man\n|t:|1699835645\n|gametype|singles\n|player|p1|Kizaco|169|\n|player|p2|the tr4sh man|xerosic|\n|teamsize|p1|6\n|teamsize|p2|6\n|gen|9\n|tier|[Gen 9] Ubers\n|rule|Sleep Clause Mod: Limit one foe put to sleep\n|rule|Species Clause: Limit one of each Pok\u00e9mon\n|rule|OHKO Clause: OHKO moves are banned\n|rule|Evasion Items Clause: Evasion items are banned\n|rule|Evasion Moves Clause: Evasion moves are banned\n|rule|Endless Battle Clause: Forcing endless battles is banned\n|rule|HP Percentage Mod: HP is shown in percentages\n|clearpoke\n|poke|p1|Palafin, F|\n|poke|p1|Landorus, M|\n|poke|p1|Baxcalibur, M|\n|poke|p1|Chi-Yu|\n|poke|p1|Zacian-*|\n|poke|p1|Palkia-Origin|\n|poke|p2|Arceus-Dragon|\n|poke|p2|Dialga|\n|poke|p2|Palkia-Origin|\n|poke|p2|Primeape, M|\n|poke|p2|Urshifu-*, F|\n|poke|p2|Volcarona, M|\n|teampreview\n|\n|t:|1699835675\n|start\n|switch|p1a: Palafin|Palafin, F|100\/100\n|switch|p2a: Arceus|Arceus-Dragon|100\/100\n|turn|1\n|\n|t:|1699835679\n|move|p1a: Palafin|Flip Turn|p2a: Arceus\n|-resisted|p2a: Arceus\n|-damage|p2a: Arceus|89\/100\n|\n|t:|1699835683\n|detailschange|p1a: Palafin|Palafin-Hero, F\n|switch|p1a: Landorus|Landorus, M|100\/100|[from] Flip Turn\n|move|p2a: Arceus|Thunder Wave|p1a: Landorus\n|-immune|p1a: Landorus\n|\n|upkeep\n|turn|2\n|\n|t:|1699835692\n|move|p1a: Landorus|Earth Power|p2a: Arceus\n|-damage|p2a: Arceus|37\/100\n|move|p2a: Arceus|Draco Meteor|p1a: Landorus\n|-damage|p1a: Landorus|0 fnt\n|-unboost|p2a: Arceus|spa|2\n|faint|p1a: Landorus\n|\n|upkeep\n|\n|t:|1699835698\n|switch|p1a: Baxcalibur|Baxcalibur, M|100\/100\n|turn|3\n|\n|t:|1699835704\n|move|p1a: Baxcalibur|Scale Shot|p2a: Arceus\n|-supereffective|p2a: Arceus\n|-crit|p2a: Arceus\n|-damage|p2a: Arceus|9\/100\n|-supereffective|p2a: Arceus\n|-damage|p2a: Arceus|0 fnt\n|faint|p2a: Arceus\n|-hitcount|p2: Arceus|2\n|-unboost|p1a: Baxcalibur|def|1\n|-boost|p1a: Baxcalibur|spe|1\n|\n|upkeep\n|\n|t:|1699835713\n|switch|p2a: Dialga|Dialga|100\/100\n|-ability|p2a: Dialga|Pressure\n|turn|4\n|\n|t:|1699835723\n|switch|p1a: Palafin|Palafin-Hero, F|100\/100\n|-activate|p1a: Palafin|ability: Zero to Hero\n|move|p2a: Dialga|Flash Cannon|p1a: Palafin\n|-resisted|p1a: Palafin\n|-damage|p1a: Palafin|74\/100\n|\n|upkeep\n|turn|5\n|\n|t:|1699835728\n|switch|p2a: Primeape|Primeape, M|100\/100\n|move|p1a: Palafin|Close Combat|p2a: Primeape\n|-damage|p2a: Primeape|4\/100\n|-unboost|p1a: Palafin|def|1\n|-unboost|p1a: Palafin|spd|1\n|\n|upkeep\n|turn|6\n|\n|t:|1699835734\n|-terastallize|p2a: Primeape|Ghost\n|move|p1a: Palafin|Close Combat|p2a: Primeape\n|-immune|p2a: Primeape\n|move|p2a: Primeape|Rage Fist|p1a: Palafin\n|-damage|p1a: Palafin|0 fnt\n|faint|p1a: Palafin\n|\n|upkeep\n|\n|t:|1699835739\n|switch|p1a: Baxcalibur|Baxcalibur, M|100\/100\n|turn|7\n|\n|t:|1699835752\n|move|p2a: Primeape|Drain Punch|p1a: Baxcalibur\n|-supereffective|p1a: Baxcalibur\n|-damage|p1a: Baxcalibur|37\/100\n|-heal|p2a: Primeape|47\/100|[from] drain|[of] p1a: Baxcalibur\n|move|p1a: Baxcalibur|Icicle Spear|p2a: Primeape\n|-damage|p2a: Primeape|28\/100\n|-damage|p2a: Primeape|9\/100\n|-damage|p2a: Primeape|0 fnt\n|faint|p2a: Primeape\n|-hitcount|p2: Primeape|3\n|\n|upkeep\n|\n|t:|1699835760\n|switch|p2a: Urshifu|Urshifu-Rapid-Strike, F|100\/100\n|turn|8\n|\n|t:|1699835766\n|move|p2a: Urshifu|Close Combat|p1a: Baxcalibur\n|-supereffective|p1a: Baxcalibur\n|-damage|p1a: Baxcalibur|0 fnt\n|-unboost|p2a: Urshifu|def|1\n|-unboost|p2a: Urshifu|spd|1\n|faint|p1a: Baxcalibur\n|\n|upkeep\n|\n|t:|1699835774\n|switch|p1a: Palkia|Palkia-Origin|100\/100\n|-ability|p1a: Palkia|Pressure\n|turn|9\n|\n|t:|1699835780\n|move|p1a: Palkia|Spacial Rend|p2a: Urshifu\n|-damage|p2a: Urshifu|0 fnt\n|faint|p2a: Urshifu\n|\n|upkeep\n|\n|t:|1699835788\n|switch|p2a: Dialga|Dialga|100\/100\n|-ability|p2a: Dialga|Pressure\n|turn|10\n|\n|t:|1699835816\n|-terastallize|p1a: Palkia|Water\n|move|p2a: Dialga|Draco Meteor|p1a: Palkia\n|-damage|p1a: Palkia|27\/100\n|-unboost|p2a: Dialga|spa|2\n|move|p1a: Palkia|Spacial Rend|p2a: Dialga\n|-damage|p2a: Dialga|37\/100\n|\n|upkeep\n|turn|11\n|\n|t:|1699835825\n|switch|p2a: Volcarona|Volcarona, M|100\/100\n|switch|p1a: Zacian|Zacian|100\/100\n|-ability|p1a: Zacian|Intrepid Sword|boost\n|-boost|p1a: Zacian|atk|1\n|\n|upkeep\n|turn|12\n|\n|t:|1699835832\n|switch|p1a: Palkia|Palkia-Origin, tera:Water|27\/100\n|-ability|p1a: Palkia|Pressure\n|move|p2a: Volcarona|Giga Drain|p1a: Palkia\n|-supereffective|p1a: Palkia\n|-damage|p1a: Palkia|0 fnt\n|faint|p1a: Palkia\n|\n|upkeep\n|\n|t:|1699835835\n|switch|p1a: Chi-Yu|Chi-Yu|100\/100\n|-ability|p1a: Chi-Yu|Beads of Ruin\n|turn|13\n|\n|t:|1699835837\n|move|p1a: Chi-Yu|Nasty Plot|p1a: Chi-Yu\n|-boost|p1a: Chi-Yu|spa|2\n|move|p2a: Volcarona|Quiver Dance|p2a: Volcarona\n|-boost|p2a: Volcarona|spa|1\n|-boost|p2a: Volcarona|spd|1\n|-boost|p2a: Volcarona|spe|1\n|\n|upkeep\n|turn|14\n|\n|t:|1699835840\n|move|p2a: Volcarona|Substitute|p2a: Volcarona\n|-start|p2a: Volcarona|Substitute\n|-damage|p2a: Volcarona|76\/100\n|move|p1a: Chi-Yu|Nasty Plot|p1a: Chi-Yu\n|-boost|p1a: Chi-Yu|spa|2\n|\n|-heal|p2a: Volcarona|82\/100|[from] item: Leftovers\n|upkeep\n|turn|15\n|\n|t:|1699835843\n|move|p2a: Volcarona|Bug Buzz|p1a: Chi-Yu\n|-damage|p1a: Chi-Yu|1\/100\n|move|p1a: Chi-Yu|Dark Pulse|p2a: Volcarona\n|-end|p2a: Volcarona|Substitute\n|\n|-heal|p2a: Volcarona|88\/100|[from] item: Leftovers\n|upkeep\n|turn|16\n|\n|t:|1699835846\n|move|p2a: Volcarona|Bug Buzz|p1a: Chi-Yu\n|-damage|p1a: Chi-Yu|0 fnt\n|faint|p1a: Chi-Yu\n|\n|-heal|p2a: Volcarona|94\/100|[from] item: Leftovers\n|upkeep\n|\n|t:|1699835847\n|switch|p1a: Zacian|Zacian|100\/100\n|turn|17\n|\n|t:|1699835849\n|move|p2a: Volcarona|Giga Drain|p1a: Zacian\n|-damage|p1a: Zacian|60\/100\n|-heal|p2a: Volcarona|100\/100|[from] drain|[of] p1a: Zacian\n|move|p1a: Zacian|Crunch|p2a: Volcarona\n|-crit|p2a: Volcarona\n|-damage|p2a: Volcarona|35\/100\n|\n|-heal|p2a: Volcarona|41\/100|[from] item: Leftovers\n|upkeep\n|turn|18\n|c|\u2606Kizaco|gg wp\n|c|\u2606the tr4sh man|gg\n|\n|t:|1699835855\n|move|p2a: Volcarona|Giga Drain|p1a: Zacian\n|-damage|p1a: Zacian|20\/100\n|-heal|p2a: Volcarona|62\/100|[from] drain|[of] p1a: Zacian\n|move|p1a: Zacian|Crunch|p2a: Volcarona\n|-damage|p2a: Volcarona|21\/100\n|\n|-heal|p2a: Volcarona|27\/100|[from] item: Leftovers\n|upkeep\n|turn|19\n|\n|t:|1699835859\n|move|p2a: Volcarona|Giga Drain|p1a: Zacian\n|-damage|p1a: Zacian|0 fnt\n|-heal|p2a: Volcarona|37\/100|[from] drain|[of] p1a: Zacian\n|faint|p1a: Zacian\n|\n|win|the tr4sh man\n|l|\u2606Kizaco\n","uploadtime":1699835867,"views":14,"p1id":"kizaco","p2id":"thetr4shman","formatid":"gen9ubers","rating":0,"private":0,"password":""}