{"id":"gen9ubers-1999985505","p1":"slugmaaa","p2":"BLACK METAL 3","format":"[Gen 9] Ubers","log":"|j|\u2606slugmaaa\n|j|\u2606BLACK METAL 3\n|t:|1701137804\n|gametype|singles\n|player|p1|slugmaaa|265|\n|player|p2|BLACK METAL 3|clerk|\n|teamsize|p1|6\n|teamsize|p2|6\n|gen|9\n|tier|[Gen 9] Ubers\n|rule|Sleep Clause Mod: Limit one foe put to sleep\n|rule|Species Clause: Limit one of each Pok\u00e9mon\n|rule|OHKO Clause: OHKO moves are banned\n|rule|Evasion Items Clause: Evasion items are banned\n|rule|Evasion Moves Clause: Evasion moves are banned\n|rule|Endless Battle Clause: Forcing endless battles is banned\n|rule|HP Percentage Mod: HP is shown in percentages\n|clearpoke\n|poke|p1|Sableye, M|\n|poke|p1|Arcanine-Hisui, M|\n|poke|p1|Gholdengo|\n|poke|p1|Cresselia, F|\n|poke|p1|Iron Hands|\n|poke|p1|Iron Bundle|\n|poke|p2|Espathra, F|\n|poke|p2|Garganacl, M|\n|poke|p2|Rillaboom, F|\n|poke|p2|Azumarill, F|\n|poke|p2|Lurantis, F|\n|poke|p2|Dragapult, F|\n|teampreview\n|j| Squirshawott\n|\n|t:|1701137893\n|start\n|switch|p1a: big hands? ;)|Iron Hands, shiny|100\/100\n|switch|p2a: Stone Hands|Garganacl, M|100\/100\n|turn|1\n|\n|t:|1701137908\n|switch|p2a: Snakeskin|Dragapult, F|100\/100\n|move|p1a: big hands? ;)|Swords Dance|p1a: big hands? ;)\n|-boost|p1a: big hands? ;)|atk|2\n|\n|upkeep\n|turn|2\n|\n|t:|1701137920\n|move|p2a: Snakeskin|Will-O-Wisp|p1a: big hands? ;)|[miss]\n|-miss|p2a: Snakeskin|p1a: big hands? ;)\n|move|p1a: big hands? ;)|Ice Punch|p2a: Snakeskin\n|-supereffective|p2a: Snakeskin\n|-enditem|p2a: Snakeskin|Yache Berry|[eat]\n|-enditem|p2a: Snakeskin|Yache Berry|[weaken]\n|-damage|p2a: Snakeskin|35\/100\n|\n|upkeep\n|turn|3\n|\n|t:|1701137932\n|move|p2a: Snakeskin|Will-O-Wisp|p1a: big hands? ;)\n|-status|p1a: big hands? ;)|brn\n|move|p1a: big hands? ;)|Ice Punch|p2a: Snakeskin\n|-supereffective|p2a: Snakeskin\n|-damage|p2a: Snakeskin|0 fnt\n|faint|p2a: Snakeskin\n|\n|-damage|p1a: big hands? ;)|94\/100 brn|[from] brn\n|upkeep\n|\n|t:|1701138003\n|switch|p2a: Cutter|Lurantis, F|100\/100\n|turn|4\n|\n|t:|1701138023\n|move|p2a: Cutter|Leaf Storm|p1a: big hands? ;)\n|-damage|p1a: big hands? ;)|58\/100 brn\n|-boost|p2a: Cutter|spa|2\n|move|p1a: big hands? ;)|Ice Punch|p2a: Cutter\n|-supereffective|p2a: Cutter\n|-damage|p2a: Cutter|53\/100\n|\n|-damage|p1a: big hands? ;)|52\/100 brn|[from] brn\n|upkeep\n|turn|5\n|\n|t:|1701138036\n|move|p2a: Cutter|Leaf Storm|p1a: big hands? ;)\n|-damage|p1a: big hands? ;)|0 fnt\n|-boost|p2a: Cutter|spa|2\n|faint|p1a: big hands? ;)\n|-end|p1a: big hands? ;)|Quark Drive|[silent]\n|\n|upkeep\n|\n|t:|1701138065\n|switch|p1a: capitalism|Gholdengo|100\/100\n|turn|6\n|\n|t:|1701138095\n|switch|p2a: Cymbal!|Rillaboom, F|100\/100\n|-fieldstart|move: Grassy Terrain|[from] ability: Grassy Surge|[of] p2a: Cymbal!\n|move|p1a: capitalism|Make It Rain|p2a: Cymbal!\n|-damage|p2a: Cymbal!|9\/100\n|-unboost|p1a: capitalism|spa|1\n|\n|-heal|p2a: Cymbal!|15\/100|[from] Grassy Terrain\n|upkeep\n|turn|7\n|\n|t:|1701138108\n|move|p1a: capitalism|Make It Rain|p2a: Cymbal!\n|-damage|p2a: Cymbal!|0 fnt\n|-unboost|p1a: capitalism|spa|1\n|faint|p2a: Cymbal!\n|\n|upkeep\n|\n|t:|1701138137\n|switch|p2a: Aquafina|Azumarill, F|100\/100\n|turn|8\n|\n|t:|1701138142\n|switch|p1a: eaten by VNM|Arcanine-Hisui, M, shiny|100\/100\n|-ability|p1a: eaten by VNM|Intimidate|boost\n|-unboost|p2a: Aquafina|atk|1\n|move|p2a: Aquafina|Knock Off|p1a: eaten by VNM\n|-damage|p1a: eaten by VNM|75\/100\n|-damage|p2a: Aquafina|84\/100|[from] item: Rocky Helmet|[of] p1a: eaten by VNM\n|-enditem|p1a: eaten by VNM|Rocky Helmet|[from] move: Knock Off|[of] p2a: Aquafina\n|-damage|p2a: Aquafina|74\/100|[from] item: Life Orb\n|\n|-heal|p1a: eaten by VNM|81\/100|[from] Grassy Terrain\n|-heal|p2a: Aquafina|80\/100|[from] Grassy Terrain\n|upkeep\n|turn|9\n|j| Sol CPU\n|\n|t:|1701138204\n|switch|p1a: toxic|Iron Bundle, shiny|100\/100\n|switch|p2a: Cutter|Lurantis, F|53\/100\n|\n|-heal|p2a: Cutter|59\/100|[from] Grassy Terrain\n|upkeep\n|turn|10\n|\n|t:|1701138220\n|move|p1a: toxic|Ice Beam|p2a: Cutter\n|-supereffective|p2a: Cutter\n|-damage|p2a: Cutter|0 fnt\n|faint|p2a: Cutter\n|-damage|p1a: toxic|91\/100|[from] item: Life Orb\n|\n|-heal|p1a: toxic|97\/100|[from] Grassy Terrain\n|-fieldend|move: Grassy Terrain\n|upkeep\n|\n|t:|1701138245\n|switch|p2a: Stone Hands|Garganacl, M|100\/100\n|turn|11\n|\n|t:|1701138259\n|-end|p1a: toxic|Quark Drive|[silent]\n|switch|p1a: capitalism|Gholdengo|100\/100\n|move|p2a: Stone Hands|Salt Cure|p1a: capitalism\n|-resisted|p1a: capitalism\n|-damage|p1a: capitalism|92\/100\n|-start|p1a: capitalism|Salt Cure\n|\n|-damage|p1a: capitalism|67\/100|[from] Salt Cure\n|upkeep\n|turn|12\n|\n|t:|1701138273\n|move|p2a: Stone Hands|Protect|p2a: Stone Hands\n|-singleturn|p2a: Stone Hands|Protect\n|move|p1a: capitalism|Make It Rain|p2a: Stone Hands\n|-activate|p2a: Stone Hands|move: Protect\n|\n|-damage|p1a: capitalism|43\/100|[from] Salt Cure\n|upkeep\n|turn|13\n|\n|t:|1701138315\n|move|p1a: capitalism|Make It Rain|p2a: Stone Hands\n|-supereffective|p2a: Stone Hands\n|-damage|p2a: Stone Hands|20\/100\n|-unboost|p1a: capitalism|spa|1\n|move|p2a: Stone Hands|Recover|p2a: Stone Hands\n|-heal|p2a: Stone Hands|70\/100\n|\n|-heal|p2a: Stone Hands|76\/100|[from] item: Leftovers\n|-damage|p1a: capitalism|18\/100|[from] Salt Cure\n|upkeep\n|turn|14\n|\n|t:|1701138328\n|switch|p1a: toxic|Iron Bundle, shiny|97\/100\n|move|p2a: Stone Hands|Protect||[still]\n|-fail|p2a: Stone Hands\n|\n|-heal|p2a: Stone Hands|83\/100|[from] item: Leftovers\n|upkeep\n|turn|15\n|\n|t:|1701138341\n|move|p2a: Stone Hands|Protect|p2a: Stone Hands\n|-singleturn|p2a: Stone Hands|Protect\n|move|p1a: toxic|Hydro Pump|p2a: Stone Hands\n|-activate|p2a: Stone Hands|move: Protect\n|\n|-heal|p2a: Stone Hands|89\/100|[from] item: Leftovers\n|upkeep\n|turn|16\n|\n|t:|1701138354\n|switch|p2a: Aquafina|Azumarill, F|80\/100\n|move|p1a: toxic|Hydro Pump|p2a: Aquafina\n|-resisted|p2a: Aquafina\n|-damage|p2a: Aquafina|35\/100\n|-damage|p1a: toxic|87\/100|[from] item: Life Orb\n|\n|upkeep\n|turn|17\n|\n|t:|1701138391\n|switch|p2a: Wingdings|Espathra, F|100\/100\n|move|p1a: toxic|Freeze-Dry|p2a: Wingdings\n|-damage|p2a: Wingdings|36\/100\n|-status|p2a: Wingdings|frz\n|-damage|p1a: toxic|77\/100|[from] item: Life Orb\n|\n|upkeep\n|turn|18\n|l| Sol CPU\n|\n|t:|1701138400\n|move|p1a: toxic|Ice Beam|p2a: Wingdings\n|-damage|p2a: Wingdings|0 fnt\n|faint|p2a: Wingdings\n|-damage|p1a: toxic|67\/100|[from] item: Life Orb\n|\n|upkeep\n|j| Sol CPU\n|\n|t:|1701138408\n|switch|p2a: Stone Hands|Garganacl, M|89\/100\n|turn|19\n|\n|t:|1701138414\n|move|p1a: toxic|Hydro Pump|p2a: Stone Hands|[miss]\n|-miss|p1a: toxic|p2a: Stone Hands\n|move|p2a: Stone Hands|Salt Cure|p1a: toxic\n|-supereffective|p1a: toxic\n|-damage|p1a: toxic|31\/100\n|-start|p1a: toxic|Salt Cure\n|\n|-heal|p2a: Stone Hands|95\/100|[from] item: Leftovers\n|-damage|p1a: toxic|6\/100|[from] Salt Cure\n|upkeep\n|turn|20\n|\n|t:|1701138438\n|-end|p1a: toxic|Quark Drive|[silent]\n|switch|p1a: capitalism|Gholdengo|18\/100\n|move|p2a: Stone Hands|Protect||[still]\n|-fail|p2a: Stone Hands\n|\n|-heal|p2a: Stone Hands|100\/100|[from] item: Leftovers\n|upkeep\n|turn|21\n|\n|t:|1701138446\n|move|p1a: capitalism|Make It Rain|p2a: Stone Hands\n|-supereffective|p2a: Stone Hands\n|-damage|p2a: Stone Hands|17\/100\n|-unboost|p1a: capitalism|spa|1\n|move|p2a: Stone Hands|Salt Cure|p1a: capitalism\n|-resisted|p1a: capitalism\n|-damage|p1a: capitalism|11\/100\n|-start|p1a: capitalism|Salt Cure\n|\n|-heal|p2a: Stone Hands|23\/100|[from] item: Leftovers\n|-damage|p1a: capitalism|0 fnt|[from] Salt Cure\n|faint|p1a: capitalism\n|upkeep\n|\n|t:|1701138470\n|switch|p1a: toxic|Iron Bundle, shiny|6\/100\n|turn|22\n|\n|t:|1701138482\n|move|p1a: toxic|Freeze-Dry|p2a: Stone Hands\n|-damage|p2a: Stone Hands|0 fnt\n|faint|p2a: Stone Hands\n|-damage|p1a: toxic|0 fnt|[from] item: Life Orb\n|faint|p1a: toxic\n|-end|p1a: toxic|Quark Drive|[silent]\n|\n|upkeep\n|\n|t:|1701138488\n|switch|p1a: eaten by VNM|Arcanine-Hisui, M, shiny|81\/100\n|switch|p2a: Aquafina|Azumarill, F|35\/100\n|-ability|p1a: eaten by VNM|Intimidate|boost\n|-unboost|p2a: Aquafina|atk|1\n|turn|23\n|\n|t:|1701138496\n|move|p2a: Aquafina|Aqua Jet|p1a: eaten by VNM\n|-supereffective|p1a: eaten by VNM\n|-damage|p1a: eaten by VNM|22\/100\n|-damage|p2a: Aquafina|25\/100|[from] item: Life Orb\n|move|p1a: eaten by VNM|Will-O-Wisp|p2a: Aquafina\n|-status|p2a: Aquafina|brn\n|\n|-damage|p2a: Aquafina|19\/100 brn|[from] brn\n|upkeep\n|turn|24\n|\n|t:|1701138507\n|move|p2a: Aquafina|Aqua Jet|p1a: eaten by VNM\n|-supereffective|p1a: eaten by VNM\n|-damage|p1a: eaten by VNM|0 fnt\n|faint|p1a: eaten by VNM\n|-damage|p2a: Aquafina|9\/100 brn|[from] item: Life Orb\n|\n|-damage|p2a: Aquafina|3\/100 brn|[from] brn\n|upkeep\n|\n|t:|1701138510\n|switch|p1a: subscribe to mm|Cresselia, F, shiny|100\/100\n|turn|25\n|\n|t:|1701138517\n|move|p1a: subscribe to mm|Calm Mind|p1a: subscribe to mm\n|-boost|p1a: subscribe to mm|spa|1\n|-boost|p1a: subscribe to mm|spd|1\n|move|p2a: Aquafina|Knock Off|p1a: subscribe to mm\n|-supereffective|p1a: subscribe to mm\n|-damage|p1a: subscribe to mm|75\/100\n|-enditem|p1a: subscribe to mm|Leftovers|[from] move: Knock Off|[of] p2a: Aquafina\n|-damage|p2a: Aquafina|0 fnt|[from] item: Life Orb\n|faint|p2a: Aquafina\n|\n|win|slugmaaa\n","uploadtime":1701138544,"views":3,"p1id":"slugmaaa","p2id":"blackmetal3","formatid":"gen9ubers","rating":0,"private":0,"password":""}