{"id":"gen9ubers-1980483765","p1":"JohnLongGone","p2":"lolgz","format":"[Gen 9] Ubers","log":"|j|\u2606JohnLongGone\n|j|\u2606lolgz\n|t:|1698789272\n|gametype|singles\n|player|p1|JohnLongGone|caitlin|\n|player|p2|lolgz|169|\n|teamsize|p1|6\n|teamsize|p2|6\n|gen|9\n|tier|[Gen 9] Ubers\n|rule|Sleep Clause Mod: Limit one foe put to sleep\n|rule|Species Clause: Limit one of each Pok\u00e9mon\n|rule|OHKO Clause: OHKO moves are banned\n|rule|Evasion Items Clause: Evasion items are banned\n|rule|Evasion Moves Clause: Evasion moves are banned\n|rule|Endless Battle Clause: Forcing endless battles is banned\n|rule|HP Percentage Mod: HP is shown in percentages\n|clearpoke\n|poke|p1|Hatterene, F|\n|poke|p1|Azelf|\n|poke|p1|Ursaluna, M|\n|poke|p1|Conkeldurr, F|\n|poke|p1|Dialga|\n|poke|p1|Arceus-Grass|\n|poke|p2|Magearna|\n|poke|p2|Zacian-*|\n|poke|p2|Cyclizar, M|\n|poke|p2|Palkia-Origin|\n|poke|p2|Arceus-Fire|\n|poke|p2|Garchomp, F|\n|teampreview\n|inactive|Battle timer is ON: inactive players will automatically lose when time's up. (requested by lolgz)\n|\n|t:|1698789276\n|start\n|switch|p1a: Azelf|Azelf|100\/100\n|switch|p2a: Magearna|Magearna|100\/100\n|turn|1\n|\n|t:|1698789284\n|move|p2a: Magearna|Shift Gear|p2a: Magearna\n|-boost|p2a: Magearna|spe|2\n|-boost|p2a: Magearna|atk|1\n|move|p1a: Azelf|Trick Room|p1a: Azelf\n|-fieldstart|move: Trick Room|[of] p1a: Azelf\n|\n|upkeep\n|turn|2\n|\n|t:|1698789299\n|move|p2a: Magearna|Calm Mind|p2a: Magearna\n|-boost|p2a: Magearna|spa|1\n|-boost|p2a: Magearna|spd|1\n|move|p1a: Azelf|Explosion|p2a: Magearna\n|-resisted|p2a: Magearna\n|-damage|p2a: Magearna|83\/100\n|faint|p1a: Azelf\n|-ability|p2a: Magearna|Soul-Heart|boost\n|-boost|p2a: Magearna|spa|1\n|\n|-heal|p2a: Magearna|89\/100|[from] item: Leftovers\n|upkeep\n|\n|t:|1698789302\n|switch|p1a: Ursaluna|Ursaluna, M|100\/100\n|turn|3\n|\n|t:|1698789309\n|-terastallize|p2a: Magearna|Water\n|move|p1a: Ursaluna|Headlong Rush|p2a: Magearna\n|-damage|p2a: Magearna|48\/100\n|-unboost|p1a: Ursaluna|def|1\n|-unboost|p1a: Ursaluna|spd|1\n|move|p2a: Magearna|Stored Power|p1a: Ursaluna\n|-damage|p1a: Ursaluna|0 fnt\n|faint|p1a: Ursaluna\n|-ability|p2a: Magearna|Soul-Heart|boost\n|-boost|p2a: Magearna|spa|1\n|\n|-heal|p2a: Magearna|54\/100|[from] item: Leftovers\n|upkeep\n|\n|t:|1698789317\n|switch|p1a: Fuck You Ursaluna|Conkeldurr, F|100\/100\n|turn|4\n|\n|t:|1698789328\n|move|p1a: Fuck You Ursaluna|Drain Punch|p2a: Magearna\n|-damage|p2a: Magearna|26\/100\n|move|p2a: Magearna|Draining Kiss|p1a: Fuck You Ursaluna\n|-supereffective|p1a: Fuck You Ursaluna\n|-damage|p1a: Fuck You Ursaluna|0 fnt\n|-heal|p2a: Magearna|100\/100|[from] drain|[of] p1a: Fuck You Ursaluna\n|faint|p1a: Fuck You Ursaluna\n|-ability|p2a: Magearna|Soul-Heart|boost\n|-boost|p2a: Magearna|spa|1\n|\n|upkeep\n|\n|t:|1698789332\n|switch|p1a: Dialga|Dialga|100\/100\n|-ability|p1a: Dialga|Pressure\n|turn|5\n|\n|t:|1698789338\n|move|p1a: Dialga|Draco Meteor|p2a: Magearna\n|-damage|p2a: Magearna|58\/100\n|-unboost|p1a: Dialga|spa|2\n|move|p2a: Magearna|Calm Mind|p2a: Magearna\n|-boost|p2a: Magearna|spa|1\n|-boost|p2a: Magearna|spd|1\n|\n|-heal|p2a: Magearna|64\/100|[from] item: Leftovers\n|-fieldend|move: Trick Room\n|upkeep\n|turn|6\n|\n|t:|1698789342\n|move|p2a: Magearna|Draining Kiss|p1a: Dialga\n|-damage|p1a: Dialga|33\/100\n|-heal|p2a: Magearna|100\/100|[from] drain|[of] p1a: Dialga\n|-enditem|p1a: Dialga|Eject Button\n|c|\u2606JohnLongGone|Can I rematch?\n|\n|t:|1698789357\n|switch|p1a: pass|Arceus-Grass|100\/100\n|\n|upkeep\n|turn|7\n|\n|t:|1698789370\n|move|p1a: pass|Cosmic Power|p1a: pass\n|-boost|p1a: pass|def|1\n|-boost|p1a: pass|spd|1\n|move|p2a: Magearna|Stored Power|p1a: pass\n|-damage|p1a: pass|0 fnt\n|faint|p1a: pass\n|-ability|p2a: Magearna|Soul-Heart|boost\n|-boost|p2a: Magearna|spa|1\n|\n|upkeep\n|-message|JohnLongGone forfeited.\n|\n|win|lolgz\n","uploadtime":1698789386,"views":14,"p1id":"johnlonggone","p2id":"lolgz","formatid":"gen9ubers","rating":0,"private":0,"password":""}