{"id":"gen9ubers-1998816588","p1":"thatguy_313","p2":"Buizel%100","format":"[Gen 9] Ubers","log":"|j|\u2606thatguy_313\n|j|\u2606Buizel%100\n|t:|1700996781\n|gametype|singles\n|player|p1|thatguy_313|larry|\n|player|p2|Buizel%100|1|\n|teamsize|p1|6\n|teamsize|p2|6\n|gen|9\n|tier|[Gen 9] Ubers\n|rule|Sleep Clause Mod: Limit one foe put to sleep\n|rule|Species Clause: Limit one of each Pok\u00e9mon\n|rule|OHKO Clause: OHKO moves are banned\n|rule|Evasion Items Clause: Evasion items are banned\n|rule|Evasion Moves Clause: Evasion moves are banned\n|rule|Endless Battle Clause: Forcing endless battles is banned\n|rule|HP Percentage Mod: HP is shown in percentages\n|clearpoke\n|poke|p1|Pelipper, F|\n|poke|p1|Barraskewda, F|\n|poke|p1|Gothorita, F|\n|poke|p1|Rillaboom, F|\n|poke|p1|Overqwil, M|\n|poke|p1|Forretress, M|\n|poke|p2|Mew|\n|poke|p2|Milotic, M|\n|poke|p2|Talonflame, F|\n|poke|p2|Ribombee, F|\n|poke|p2|Morpeko, M|\n|poke|p2|Sliggoo, M|\n|teampreview\n|j| nicneg\n|\n|t:|1700996887\n|start\n|switch|p1a: Forregeddaboutit|Forretress, M|100\/100\n|switch|p2a: Morpeko|Morpeko, M|100\/100\n|turn|1\n|\n|t:|1700996919\n|move|p2a: Morpeko|Fake Out|p1a: Forregeddaboutit\n|-resisted|p1a: Forregeddaboutit\n|-damage|p1a: Forregeddaboutit|97\/100\n|cant|p1a: Forregeddaboutit|flinch\n|\n|-heal|p1a: Forregeddaboutit|100\/100|[from] item: Leftovers\n|-formechange|p2a: Morpeko|Morpeko-Hangry||[from] ability: Hunger Switch\n|upkeep\n|turn|2\n|\n|t:|1700996932\n|move|p2a: Morpeko|Knock Off|p1a: Forregeddaboutit\n|-damage|p1a: Forregeddaboutit|69\/100\n|-enditem|p1a: Forregeddaboutit|Leftovers|[from] move: Knock Off|[of] p2a: Morpeko\n|move|p1a: Forregeddaboutit|Stealth Rock|p2a: Morpeko\n|-sidestart|p2: Buizel%100|move: Stealth Rock\n|\n|-formechange|p2a: Morpeko|Morpeko||[from] ability: Hunger Switch\n|upkeep\n|turn|3\n|\n|t:|1700996943\n|move|p2a: Morpeko|Aura Wheel|p1a: Forregeddaboutit\n|-damage|p1a: Forregeddaboutit|37\/100\n|-boost|p2a: Morpeko|spe|1\n|move|p1a: Forregeddaboutit|Volt Switch|p2a: Morpeko\n|-resisted|p2a: Morpeko\n|-damage|p2a: Morpeko|90\/100\n|\n|t:|1700996961\n|switch|p1a: SpookyJim|Rillaboom, F|100\/100|[from] Volt Switch\n|-fieldstart|move: Grassy Terrain|[from] ability: Grassy Surge|[of] p1a: SpookyJim\n|\n|-heal|p2a: Morpeko|96\/100|[from] Grassy Terrain\n|-formechange|p2a: Morpeko|Morpeko-Hangry||[from] ability: Hunger Switch\n|upkeep\n|turn|4\n|\n|t:|1700996993\n|move|p2a: Morpeko|Rapid Spin|p1a: SpookyJim\n|-damage|p1a: SpookyJim|88\/100\n|-boost|p2a: Morpeko|spe|1\n|-sideend|p2: Buizel%100|Stealth Rock|[from] move: Rapid Spin|[of] p2a: Morpeko\n|move|p1a: SpookyJim|Knock Off|p2a: Morpeko\n|-resisted|p2a: Morpeko\n|-damage|p2a: Morpeko|42\/100\n|-enditem|p2a: Morpeko|Focus Sash|[from] move: Knock Off|[of] p1a: SpookyJim\n|\n|-heal|p2a: Morpeko|48\/100|[from] Grassy Terrain\n|-heal|p1a: SpookyJim|94\/100|[from] Grassy Terrain\n|-formechange|p2a: Morpeko|Morpeko||[from] ability: Hunger Switch\n|upkeep\n|turn|5\n|\n|t:|1700997024\n|switch|p2a: Sliggoo|Sliggoo, M|100\/100\n|switch|p1a: Forregeddaboutit|Forretress, M|37\/100\n|\n|-heal|p1a: Forregeddaboutit|43\/100|[from] Grassy Terrain\n|upkeep\n|turn|6\n|\n|t:|1700997078\n|switch|p2a: Ribombee|Ribombee, F|100\/100\n|move|p1a: Forregeddaboutit|Stealth Rock|p2a: Ribombee\n|-sidestart|p2: Buizel%100|move: Stealth Rock\n|\n|-heal|p1a: Forregeddaboutit|49\/100|[from] Grassy Terrain\n|upkeep\n|turn|7\n|\n|t:|1700997097\n|move|p2a: Ribombee|Quiver Dance|p2a: Ribombee\n|-boost|p2a: Ribombee|spa|1\n|-boost|p2a: Ribombee|spd|1\n|-boost|p2a: Ribombee|spe|1\n|move|p1a: Forregeddaboutit|Gyro Ball|p2a: Ribombee\n|-supereffective|p2a: Ribombee\n|-enditem|p2a: Ribombee|Focus Sash\n|-damage|p2a: Ribombee|1\/100\n|\n|-heal|p2a: Ribombee|7\/100|[from] Grassy Terrain\n|-heal|p1a: Forregeddaboutit|55\/100|[from] Grassy Terrain\n|-fieldend|move: Grassy Terrain\n|upkeep\n|turn|8\n|\n|t:|1700997129\n|move|p2a: Ribombee|Stored Power|p1a: Forregeddaboutit\n|-resisted|p1a: Forregeddaboutit\n|-damage|p1a: Forregeddaboutit|39\/100\n|move|p1a: Forregeddaboutit|Rapid Spin|p2a: Ribombee\n|-damage|p2a: Ribombee|0 fnt\n|-boost|p1a: Forregeddaboutit|spe|1\n|faint|p2a: Ribombee\n|\n|upkeep\n|\n|t:|1700997151\n|switch|p2a: Morpeko|Morpeko, M|48\/100\n|-damage|p2a: Morpeko|36\/100|[from] Stealth Rock\n|turn|9\n|\n|t:|1700997155\n|switch|p1a: SpookyJim|Rillaboom, F|94\/100\n|-fieldstart|move: Grassy Terrain|[from] ability: Grassy Surge|[of] p1a: SpookyJim\n|move|p2a: Morpeko|Fake Out|p1a: SpookyJim\n|-damage|p1a: SpookyJim|83\/100\n|\n|-heal|p2a: Morpeko|42\/100|[from] Grassy Terrain\n|-heal|p1a: SpookyJim|90\/100|[from] Grassy Terrain\n|-formechange|p2a: Morpeko|Morpeko-Hangry||[from] ability: Hunger Switch\n|upkeep\n|turn|10\n|\n|t:|1700997162\n|switch|p2a: Sliggoo|Sliggoo, M|100\/100\n|-damage|p2a: Sliggoo|88\/100|[from] Stealth Rock\n|move|p1a: SpookyJim|Grassy Glide|p2a: Sliggoo\n|-ability|p2a: Sliggoo|Sap Sipper|boost\n|-boost|p2a: Sliggoo|atk|1\n|\n|-heal|p1a: SpookyJim|96\/100|[from] Grassy Terrain\n|-heal|p2a: Sliggoo|94\/100|[from] Grassy Terrain\n|-heal|p2a: Sliggoo|100\/100|[from] item: Leftovers\n|upkeep\n|turn|11\n|\n|t:|1700997176\n|switch|p1a: Forregeddaboutit|Forretress, M|39\/100\n|move|p2a: Sliggoo|Dragon Pulse|p1a: Forregeddaboutit\n|-resisted|p1a: Forregeddaboutit\n|-damage|p1a: Forregeddaboutit|28\/100\n|\n|-heal|p1a: Forregeddaboutit|34\/100|[from] Grassy Terrain\n|upkeep\n|turn|12\n|\n|t:|1700997191\n|move|p2a: Sliggoo|Dragon Pulse|p1a: Forregeddaboutit\n|-resisted|p1a: Forregeddaboutit\n|-crit|p1a: Forregeddaboutit\n|-damage|p1a: Forregeddaboutit|15\/100\n|move|p1a: Forregeddaboutit|Volt Switch|p2a: Sliggoo\n|-resisted|p2a: Sliggoo\n|-damage|p2a: Sliggoo|96\/100\n|c|\u2606Buizel%100|Weren\u2019t expecting sliggoo huh ;)\n|c|\u2606thatguy_313|Perhaps hahaha\n|\n|t:|1700997351\n|switch|p1a: GothGF|Gothorita, F|100\/100|[from] Volt Switch\n|\n|-heal|p2a: Sliggoo|100\/100|[from] Grassy Terrain\n|upkeep\n|turn|13\n|\n|t:|1700997360\n|move|p1a: GothGF|Trick|p2a: Sliggoo\n|-activate|p1a: GothGF|move: Trick|[of] p2a: Sliggoo\n|-item|p2a: Sliggoo|Choice Scarf|[from] move: Trick\n|-item|p1a: GothGF|Leftovers|[from] move: Trick\n|move|p2a: Sliggoo|Toxic|p1a: GothGF\n|-status|p1a: GothGF|tox\n|\n|-damage|p1a: GothGF|94\/100 tox|[from] psn\n|-fieldend|move: Grassy Terrain\n|upkeep\n|turn|14\n|c| nicneg|uh oh\n|\n|t:|1700997372\n|move|p2a: Sliggoo|Toxic|p1a: GothGF\n|-fail|p1a: GothGF|tox\n|move|p1a: GothGF|Calm Mind|p1a: GothGF\n|-boost|p1a: GothGF|spa|1\n|-boost|p1a: GothGF|spd|1\n|\n|-heal|p1a: GothGF|100\/100 tox|[from] item: Leftovers\n|-damage|p1a: GothGF|88\/100 tox|[from] psn\n|upkeep\n|turn|15\n|\n|t:|1700997381\n|move|p2a: Sliggoo|Toxic|p1a: GothGF|[miss]\n|-miss|p2a: Sliggoo|p1a: GothGF\n|move|p1a: GothGF|Calm Mind|p1a: GothGF\n|-boost|p1a: GothGF|spa|1\n|-boost|p1a: GothGF|spd|1\n|\n|-heal|p1a: GothGF|94\/100 tox|[from] item: Leftovers\n|-damage|p1a: GothGF|76\/100 tox|[from] psn\n|upkeep\n|turn|16\n|\n|t:|1700997404\n|move|p2a: Sliggoo|Toxic|p1a: GothGF\n|-fail|p1a: GothGF|tox\n|move|p1a: GothGF|Calm Mind|p1a: GothGF\n|-boost|p1a: GothGF|spa|1\n|-boost|p1a: GothGF|spd|1\n|\n|-heal|p1a: GothGF|82\/100 tox|[from] item: Leftovers\n|-damage|p1a: GothGF|57\/100 tox|[from] psn\n|upkeep\n|turn|17\n|\n|t:|1700997477\n|move|p2a: Sliggoo|Toxic|p1a: GothGF|[miss]\n|-miss|p2a: Sliggoo|p1a: GothGF\n|move|p1a: GothGF|Rest|p1a: GothGF\n|-status|p1a: GothGF|slp|[from] move: Rest\n|-heal|p1a: GothGF|100\/100 slp|[silent]\n|\n|upkeep\n|turn|18\n|\n|t:|1700997484\n|move|p2a: Sliggoo|Toxic||[still]\n|-fail|p2a: Sliggoo\n|cant|p1a: GothGF|slp\n|\n|upkeep\n|turn|19\n|\n|t:|1700997489\n|move|p2a: Sliggoo|Toxic|p1a: GothGF|[miss]\n|-miss|p2a: Sliggoo|p1a: GothGF\n|cant|p1a: GothGF|slp\n|\n|upkeep\n|turn|20\n|c| nicneg|omg\n|c| nicneg|how\n|c| nicneg|he thinks of everything\n|c|\u2606Buizel%100|Ffs\n|\n|t:|1700997522\n|move|p2a: Sliggoo|Toxic||[still]\n|-fail|p2a: Sliggoo\n|-curestatus|p1a: GothGF|slp|[msg]\n|move|p1a: GothGF|Stored Power|p2a: Sliggoo\n|-damage|p2a: Sliggoo|8\/100\n|\n|upkeep\n|turn|21\n|\n|t:|1700997529\n|move|p2a: Sliggoo|Toxic|p1a: GothGF\n|-status|p1a: GothGF|tox\n|move|p1a: GothGF|Calm Mind|p1a: GothGF\n|-boost|p1a: GothGF|spa|1\n|-boost|p1a: GothGF|spd|1\n|\n|-damage|p1a: GothGF|94\/100 tox|[from] psn\n|upkeep\n|turn|22\n|\n|t:|1700997536\n|move|p2a: Sliggoo|Toxic|p1a: GothGF\n|-fail|p1a: GothGF|tox\n|move|p1a: GothGF|Calm Mind|p1a: GothGF\n|-boost|p1a: GothGF|spa|1\n|-boost|p1a: GothGF|spd|1\n|\n|-heal|p1a: GothGF|100\/100 tox|[from] item: Leftovers\n|-damage|p1a: GothGF|88\/100 tox|[from] psn\n|upkeep\n|turn|23\n|\n|t:|1700997544\n|move|p2a: Sliggoo|Toxic|p1a: GothGF\n|-fail|p1a: GothGF|tox\n|move|p1a: GothGF|Calm Mind|p1a: GothGF\n|-boost|p1a: GothGF|spa|1\n|-boost|p1a: GothGF|spd|1\n|\n|-heal|p1a: GothGF|94\/100 tox|[from] item: Leftovers\n|-damage|p1a: GothGF|76\/100 tox|[from] psn\n|upkeep\n|turn|24\n|\n|t:|1700997552\n|move|p2a: Sliggoo|Toxic|p1a: GothGF\n|-fail|p1a: GothGF|tox\n|move|p1a: GothGF|Rest|p1a: GothGF\n|-status|p1a: GothGF|slp|[from] move: Rest\n|-heal|p1a: GothGF|100\/100 slp|[silent]\n|\n|upkeep\n|turn|25\n|\n|t:|1700997558\n|move|p2a: Sliggoo|Toxic||[still]\n|-fail|p2a: Sliggoo\n|cant|p1a: GothGF|slp\n|\n|upkeep\n|turn|26\n|\n|t:|1700997563\n|move|p2a: Sliggoo|Toxic||[still]\n|-fail|p2a: Sliggoo\n|cant|p1a: GothGF|slp\n|\n|upkeep\n|turn|27\n|\n|t:|1700997567\n|move|p2a: Sliggoo|Toxic||[still]\n|-fail|p2a: Sliggoo\n|-curestatus|p1a: GothGF|slp|[msg]\n|move|p1a: GothGF|Stored Power|p2a: Sliggoo\n|-damage|p2a: Sliggoo|0 fnt\n|faint|p2a: Sliggoo\n|\n|upkeep\n|\n|t:|1700997574\n|switch|p2a: Morpeko|Morpeko, M|42\/100\n|-damage|p2a: Morpeko|30\/100|[from] Stealth Rock\n|turn|28\n|j| amdomo\n|\n|t:|1700997668\n|switch|p1a: Forregeddaboutit|Forretress, M|15\/100\n|move|p2a: Morpeko|Fake Out|p1a: Forregeddaboutit\n|-resisted|p1a: Forregeddaboutit\n|-damage|p1a: Forregeddaboutit|10\/100\n|\n|-formechange|p2a: Morpeko|Morpeko-Hangry||[from] ability: Hunger Switch\n|upkeep\n|turn|29\n|\n|t:|1700997708\n|move|p2a: Morpeko|Aura Wheel|p1a: Forregeddaboutit\n|-damage|p1a: Forregeddaboutit|0 fnt\n|-boost|p2a: Morpeko|spe|1\n|faint|p1a: Forregeddaboutit\n|\n|-formechange|p2a: Morpeko|Morpeko||[from] ability: Hunger Switch\n|upkeep\n|\n|t:|1700997728\n|switch|p1a: SpookyJim|Rillaboom, F|96\/100\n|-fieldstart|move: Grassy Terrain|[from] ability: Grassy Surge|[of] p1a: SpookyJim\n|turn|30\n|\n|t:|1700997749\n|move|p1a: SpookyJim|Grassy Glide|p2a: Morpeko\n|-damage|p2a: Morpeko|0 fnt\n|faint|p2a: Morpeko\n|\n|-heal|p1a: SpookyJim|100\/100|[from] Grassy Terrain\n|upkeep\n|j| marvin1\n|\n|t:|1700997767\n|switch|p2a: Milotic|Milotic, M|100\/100\n|-damage|p2a: Milotic|88\/100|[from] Stealth Rock\n|turn|31\n|\n|t:|1700997834\n|switch|p1a: GothGF|Gothorita, F|100\/100\n|-terastallize|p2a: Milotic|Grass\n|move|p2a: Milotic|Ice Beam|p1a: GothGF\n|-damage|p1a: GothGF|84\/100\n|\n|-heal|p2a: Milotic|94\/100|[from] Grassy Terrain\n|-heal|p1a: GothGF|90\/100|[from] Grassy Terrain\n|-heal|p1a: GothGF|96\/100|[from] item: Leftovers\n|-status|p2a: Milotic|brn|[from] item: Flame Orb\n|upkeep\n|turn|32\n|\n|t:|1700997849\n|move|p2a: Milotic|Hydro Pump|p1a: GothGF\n|-damage|p1a: GothGF|66\/100\n|move|p1a: GothGF|Calm Mind|p1a: GothGF\n|-boost|p1a: GothGF|spa|1\n|-boost|p1a: GothGF|spd|1\n|\n|-heal|p2a: Milotic|99\/100 brn|[from] Grassy Terrain\n|-heal|p1a: GothGF|72\/100|[from] Grassy Terrain\n|-heal|p1a: GothGF|78\/100|[from] item: Leftovers\n|-damage|p2a: Milotic|94\/100 brn|[from] brn\n|upkeep\n|turn|33\n|c|\u2606Buizel%100|Ffs\n|\n|t:|1700997872\n|move|p2a: Milotic|Tera Blast|p1a: GothGF|[anim] Tera Blast Grass\n|-damage|p1a: GothGF|58\/100\n|move|p1a: GothGF|Calm Mind|p1a: GothGF\n|-boost|p1a: GothGF|spa|1\n|-boost|p1a: GothGF|spd|1\n|\n|-heal|p2a: Milotic|99\/100 brn|[from] Grassy Terrain\n|-heal|p1a: GothGF|64\/100|[from] Grassy Terrain\n|-heal|p1a: GothGF|70\/100|[from] item: Leftovers\n|-damage|p2a: Milotic|94\/100 brn|[from] brn\n|upkeep\n|turn|34\n|\n|t:|1700997901\n|move|p2a: Milotic|Tera Blast|p1a: GothGF|[anim] Tera Blast Grass\n|-damage|p1a: GothGF|55\/100\n|move|p1a: GothGF|Calm Mind|p1a: GothGF\n|-boost|p1a: GothGF|spa|1\n|-boost|p1a: GothGF|spd|1\n|\n|-heal|p2a: Milotic|99\/100 brn|[from] Grassy Terrain\n|-heal|p1a: GothGF|61\/100|[from] Grassy Terrain\n|-heal|p1a: GothGF|67\/100|[from] item: Leftovers\n|-damage|p2a: Milotic|94\/100 brn|[from] brn\n|-fieldend|move: Grassy Terrain\n|upkeep\n|turn|35\n|\n|t:|1700997914\n|move|p2a: Milotic|Ice Beam|p1a: GothGF\n|-damage|p1a: GothGF|61\/100\n|move|p1a: GothGF|Rest|p1a: GothGF\n|-status|p1a: GothGF|slp|[from] move: Rest\n|-heal|p1a: GothGF|100\/100 slp|[silent]\n|\n|-damage|p2a: Milotic|88\/100 brn|[from] brn\n|upkeep\n|turn|36\n|\n|t:|1700997927\n|move|p2a: Milotic|Hydro Pump|p1a: GothGF|[miss]\n|-miss|p2a: Milotic|p1a: GothGF\n|cant|p1a: GothGF|slp\n|\n|-damage|p2a: Milotic|82\/100 brn|[from] brn\n|upkeep\n|turn|37\n|\n|t:|1700997935\n|move|p2a: Milotic|Tera Blast|p1a: GothGF|[anim] Tera Blast Grass\n|-damage|p1a: GothGF|92\/100 slp\n|cant|p1a: GothGF|slp\n|\n|-heal|p1a: GothGF|98\/100 slp|[from] item: Leftovers\n|-damage|p2a: Milotic|76\/100 brn|[from] brn\n|upkeep\n|turn|38\n|c|\u2606Buizel%100|I was not prepared for goth at all\n|\n|t:|1700997948\n|move|p2a: Milotic|Ice Beam|p1a: GothGF\n|-crit|p1a: GothGF\n|-damage|p1a: GothGF|73\/100 slp\n|-curestatus|p1a: GothGF|slp|[msg]\n|move|p1a: GothGF|Calm Mind|p1a: GothGF\n|-boost|p1a: GothGF|spa|1\n|-boost|p1a: GothGF|spd|1\n|\n|-heal|p1a: GothGF|79\/100|[from] item: Leftovers\n|-damage|p2a: Milotic|70\/100 brn|[from] brn\n|upkeep\n|turn|39\n|\n|t:|1700997958\n|move|p2a: Milotic|Ice Beam|p1a: GothGF\n|-damage|p1a: GothGF|73\/100\n|move|p1a: GothGF|Calm Mind|p1a: GothGF\n|-boost|p1a: GothGF|spa|1\n|-boost|p1a: GothGF|spd|1\n|\n|-heal|p1a: GothGF|80\/100|[from] item: Leftovers\n|-damage|p2a: Milotic|64\/100 brn|[from] brn\n|upkeep\n|turn|40\n|\n|t:|1700997973\n|move|p2a: Milotic|Ice Beam|p1a: GothGF\n|-damage|p1a: GothGF|74\/100\n|move|p1a: GothGF|Calm Mind|p1a: GothGF\n|-boost|p1a: GothGF|spa|1\n|-boost|p1a: GothGF|spd|1\n|\n|-heal|p1a: GothGF|80\/100|[from] item: Leftovers\n|-damage|p2a: Milotic|58\/100 brn|[from] brn\n|upkeep\n|turn|41\n|\n|t:|1700997986\n|move|p2a: Milotic|Ice Beam|p1a: GothGF\n|-damage|p1a: GothGF|76\/100\n|move|p1a: GothGF|Rest|p1a: GothGF\n|-status|p1a: GothGF|slp|[from] move: Rest\n|-heal|p1a: GothGF|100\/100 slp|[silent]\n|\n|-damage|p2a: Milotic|52\/100 brn|[from] brn\n|upkeep\n|turn|42\n|\n|t:|1700997994\n|move|p2a: Milotic|Recover|p2a: Milotic\n|-heal|p2a: Milotic|100\/100 brn\n|cant|p1a: GothGF|slp\n|\n|-damage|p2a: Milotic|94\/100 brn|[from] brn\n|upkeep\n|turn|43\n|\n|t:|1700998000\n|move|p2a: Milotic|Ice Beam|p1a: GothGF\n|-damage|p1a: GothGF|96\/100 slp\n|cant|p1a: GothGF|slp\n|\n|-heal|p1a: GothGF|100\/100 slp|[from] item: Leftovers\n|-damage|p2a: Milotic|88\/100 brn|[from] brn\n|upkeep\n|turn|44\n|\n|t:|1700998007\n|move|p2a: Milotic|Recover|p2a: Milotic\n|-heal|p2a: Milotic|100\/100 brn\n|-curestatus|p1a: GothGF|slp|[msg]\n|move|p1a: GothGF|Stored Power|p2a: Milotic\n|-damage|p2a: Milotic|0 fnt\n|faint|p2a: Milotic\n|\n|upkeep\n|\n|t:|1700998015\n|switch|p2a: Talonflame|Talonflame, F|100\/100\n|-damage|p2a: Talonflame|51\/100|[from] Stealth Rock\n|turn|45\n|c|\u2606thatguy_313|Yoinking the lefties was not planned\n|c|\u2606thatguy_313|but very handy\n|\n|t:|1700998041\n|move|p2a: Talonflame|Acrobatics|p1a: GothGF\n|-damage|p1a: GothGF|45\/100\n|move|p1a: GothGF|Stored Power|p2a: Talonflame\n|-damage|p2a: Talonflame|0 fnt\n|faint|p2a: Talonflame\n|\n|-heal|p1a: GothGF|51\/100|[from] item: Leftovers\n|upkeep\n|\n|t:|1700998045\n|switch|p2a: Mew|Mew|100\/100\n|-damage|p2a: Mew|88\/100|[from] Stealth Rock\n|turn|46\n|\n|t:|1700998055\n|move|p2a: Mew|Thunder|p1a: GothGF\n|-damage|p1a: GothGF|41\/100\n|-status|p1a: GothGF|par\n|cant|p1a: GothGF|par\n|\n|-heal|p1a: GothGF|47\/100 par|[from] item: Leftovers\n|upkeep\n|turn|47\n|c|\u2606thatguy_313|:O\n|\n|t:|1700998068\n|move|p2a: Mew|Thunder|p1a: GothGF\n|-damage|p1a: GothGF|37\/100 par\n|cant|p1a: GothGF|par\n|\n|-heal|p1a: GothGF|43\/100 par|[from] item: Leftovers\n|upkeep\n|turn|48\n|c|\u2606thatguy_313|:O\n|\n|t:|1700998080\n|move|p2a: Mew|Thunder|p1a: GothGF\n|-damage|p1a: GothGF|32\/100 par\n|cant|p1a: GothGF|par\n|\n|-heal|p1a: GothGF|38\/100 par|[from] item: Leftovers\n|upkeep\n|turn|49\n|c| nicneg|RNGesus\n|c|\u2606thatguy_313|Oh lordy\n|\n|t:|1700998092\n|move|p2a: Mew|Thunder|p1a: GothGF|[miss]\n|-miss|p2a: Mew|p1a: GothGF\n|cant|p1a: GothGF|par\n|\n|-heal|p1a: GothGF|45\/100 par|[from] item: Leftovers\n|upkeep\n|turn|50\n|c|\u2606Buizel%100|I don\u2019t have enough pp to win anyeays\n|\n|t:|1700998098\n|move|p2a: Mew|Thunder|p1a: GothGF\n|-damage|p1a: GothGF|35\/100 par\n|cant|p1a: GothGF|par\n|\n|-heal|p1a: GothGF|41\/100 par|[from] item: Leftovers\n|upkeep\n|turn|51\n|c| nicneg|YO\n|\n|t:|1700998106\n|move|p2a: Mew|Thunder|p1a: GothGF\n|-damage|p1a: GothGF|30\/100 par\n|cant|p1a: GothGF|par\n|\n|-heal|p1a: GothGF|37\/100 par|[from] item: Leftovers\n|upkeep\n|turn|52\n|c| nicneg|lord\n|\n|t:|1700998113\n|move|p2a: Mew|Thunder|p1a: GothGF\n|-damage|p1a: GothGF|25\/100 par\n|move|p1a: GothGF|Stored Power|p2a: Mew\n|-resisted|p2a: Mew\n|-damage|p2a: Mew|0 fnt\n|faint|p2a: Mew\n|\n|win|thatguy_313\n|c| nicneg|was it specs mew?\n|c|\u2606thatguy_313|That literally made me laugh out loud\n|c|\u2606thatguy_313|gg\n|l| amdomo\n|c|\u2606Buizel%100|Yeah was specs\n|c|\u2606Buizel%100|gg\n|c|\u2606thatguy_313|6 in a row\n|c|\u2606thatguy_313|crazy\n|l|\u2606Buizel%100\n|c| marvin1|wait..\n|c|\u2606thatguy_313|?\n|c| marvin1|oh i was behind\n|l| marvin1\n","uploadtime":1700998262,"views":16,"p1id":"thatguy313","p2id":"buizel100","formatid":"gen9ubers","rating":0,"private":0,"password":""}