{"id":"gen9ubers-1995577120","p1":"Anne Frankkkk","p2":"kanyuheast","format":"[Gen 9] Ubers","log":"|j|\u2606Anne Frankkkk\n|j|\u2606kanyuheast\n|t:|1700584386\n|gametype|singles\n|player|p1|Anne Frankkkk|hilbert|1208\n|player|p2|kanyuheast|ghetsis|1222\n|teamsize|p1|6\n|teamsize|p2|6\n|gen|9\n|tier|[Gen 9] Ubers\n|rated|\n|rule|Sleep Clause Mod: Limit one foe put to sleep\n|rule|Species Clause: Limit one of each Pok\u00e9mon\n|rule|OHKO Clause: OHKO moves are banned\n|rule|Evasion Items Clause: Evasion items are banned\n|rule|Evasion Moves Clause: Evasion moves are banned\n|rule|Endless Battle Clause: Forcing endless battles is banned\n|rule|HP Percentage Mod: HP is shown in percentages\n|clearpoke\n|poke|p1|Regieleki|\n|poke|p1|Kyogre|\n|poke|p1|Chien-Pao|\n|poke|p1|Ribombee, M|\n|poke|p1|Miraidon|\n|poke|p1|Flutter Mane|\n|poke|p2|Zacian-*|\n|poke|p2|Quaquaval, M|\n|poke|p2|Eternatus|\n|poke|p2|Arceus|\n|poke|p2|Miraidon|\n|poke|p2|Kyogre|\n|teampreview\n|inactive|Battle timer is ON: inactive players will automatically lose when time's up. (requested by Anne Frankkkk)\n|\n|t:|1700584395\n|start\n|switch|p1a: Moonblast|Ribombee, M, shiny|100\/100\n|switch|p2a: Miraidon|Miraidon|100\/100\n|-fieldstart|move: Electric Terrain|[from] ability: Hadron Engine|[of] p2a: Miraidon\n|turn|1\n|\n|t:|1700584399\n|move|p1a: Moonblast|Sticky Web|p2a: Miraidon\n|-sidestart|p2: kanyuheast|move: Sticky Web\n|move|p2a: Miraidon|Calm Mind|p2a: Miraidon\n|-boost|p2a: Miraidon|spa|1\n|-boost|p2a: Miraidon|spd|1\n|\n|upkeep\n|turn|2\n|\n|t:|1700584404\n|move|p1a: Moonblast|Moonblast|p2a: Miraidon\n|-supereffective|p2a: Miraidon\n|-damage|p2a: Miraidon|59\/100\n|-enditem|p2a: Miraidon|Weakness Policy\n|-boost|p2a: Miraidon|atk|2|[from] item: Weakness Policy\n|-boost|p2a: Miraidon|spa|2|[from] item: Weakness Policy\n|move|p2a: Miraidon|Electro Drift|p1a: Moonblast\n|-enditem|p1a: Moonblast|Focus Sash\n|-damage|p1a: Moonblast|1\/100\n|\n|upkeep\n|turn|3\n|\n|t:|1700584408\n|move|p1a: Moonblast|Moonblast|p2a: Miraidon\n|-supereffective|p2a: Miraidon\n|-damage|p2a: Miraidon|13\/100\n|move|p2a: Miraidon|Calm Mind|p2a: Miraidon\n|-boost|p2a: Miraidon|spa|1\n|-boost|p2a: Miraidon|spd|1\n|\n|upkeep\n|turn|4\n|c|\u2606kanyuheast|im dumb why did i use calm mind there\n|\n|t:|1700584422\n|move|p1a: Moonblast|Moonblast|p2a: Miraidon\n|-supereffective|p2a: Miraidon\n|-damage|p2a: Miraidon|0 fnt\n|faint|p2a: Miraidon\n|\n|upkeep\n|\n|t:|1700584435\n|switch|p2a: Arceus|Arceus|100\/100\n|-activate|p2a: Arceus|move: Sticky Web\n|-unboost|p2a: Arceus|spe|1\n|turn|5\n|\n|t:|1700584437\n|move|p2a: Arceus|Extreme Speed|p1a: Moonblast\n|-damage|p1a: Moonblast|0 fnt\n|faint|p1a: Moonblast\n|\n|-fieldend|move: Electric Terrain\n|upkeep\n|\n|t:|1700584440\n|switch|p1a: Ice Cat|Chien-Pao|100\/100\n|-ability|p1a: Ice Cat|Sword of Ruin\n|turn|6\n|\n|t:|1700584443\n|-terastallize|p1a: Ice Cat|Ghost\n|move|p1a: Ice Cat|Swords Dance|p1a: Ice Cat\n|-boost|p1a: Ice Cat|atk|2\n|move|p2a: Arceus|Swords Dance|p2a: Arceus\n|-boost|p2a: Arceus|atk|2\n|\n|upkeep\n|turn|7\n|\n|t:|1700584450\n|move|p1a: Ice Cat|Swords Dance|p1a: Ice Cat\n|-boost|p1a: Ice Cat|atk|2\n|move|p2a: Arceus|Zen Headbutt|p1a: Ice Cat\n|-damage|p1a: Ice Cat|23\/100\n|\n|upkeep\n|turn|8\n|\n|t:|1700584461\n|move|p1a: Ice Cat|Sacred Sword|p2a: Arceus\n|-supereffective|p2a: Arceus\n|-damage|p2a: Arceus|0 fnt\n|faint|p2a: Arceus\n|\n|upkeep\n|\n|t:|1700584467\n|switch|p2a: Eternatus|Eternatus|100\/100\n|-activate|p2a: Eternatus|move: Sticky Web\n|-unboost|p2a: Eternatus|spe|1\n|-ability|p2a: Eternatus|Pressure\n|turn|9\n|\n|t:|1700584470\n|move|p1a: Ice Cat|Ice Spinner|p2a: Eternatus\n|-supereffective|p2a: Eternatus\n|-damage|p2a: Eternatus|0 fnt\n|faint|p2a: Eternatus\n|\n|upkeep\n|\n|t:|1700584473\n|switch|p2a: Quaquaval|Quaquaval, M, shiny|100\/100\n|-activate|p2a: Quaquaval|move: Sticky Web\n|-unboost|p2a: Quaquaval|spe|1\n|turn|10\n|\n|t:|1700584478\n|move|p1a: Ice Cat|Sacred Sword|p2a: Quaquaval\n|-damage|p2a: Quaquaval|0 fnt\n|faint|p2a: Quaquaval\n|\n|upkeep\n|-message|kanyuheast forfeited.\n|\n|win|Anne Frankkkk\n|raw|Anne Frankkkk's rating: 1208 &rarr; <strong>1234<\/strong><br \/>(+26 for winning)\n|raw|kanyuheast's rating: 1222 &rarr; <strong>1196<\/strong><br \/>(-26 for losing)\n|l|\u2606kanyuheast\n","uploadtime":1700584499,"views":1,"p1id":"annefrankkkk","p2id":"kanyuheast","formatid":"gen9ubers","rating":1196,"private":0,"password":""}