{"id":"gen9ubers-1980249075","p1":"XpokVEVO","p2":"1P1o1s1h1e1","format":"[Gen 9] Ubers","log":"|j|\u2606XpokVEVO\n|j|\u26061P1o1s1h1e1\n|t:|1698769540\n|gametype|singles\n|player|p1|XpokVEVO|rika|\n|player|p2|1P1o1s1h1e1|2|\n|teamsize|p1|6\n|teamsize|p2|6\n|gen|9\n|tier|[Gen 9] Ubers\n|rule|Sleep Clause Mod: Limit one foe put to sleep\n|rule|Species Clause: Limit one of each Pok\u00e9mon\n|rule|OHKO Clause: OHKO moves are banned\n|rule|Evasion Items Clause: Evasion items are banned\n|rule|Evasion Moves Clause: Evasion moves are banned\n|rule|Endless Battle Clause: Forcing endless battles is banned\n|rule|HP Percentage Mod: HP is shown in percentages\n|clearpoke\n|poke|p1|Arceus-Fire|\n|poke|p1|Cyclizar, F|\n|poke|p1|Espathra, M|\n|poke|p1|Magearna|\n|poke|p1|Zacian-*|\n|poke|p1|Roaring Moon|\n|poke|p2|Wo-Chien|\n|poke|p2|Arceus-Poison|\n|poke|p2|Magearna|\n|poke|p2|Ursaluna-Bloodmoon, M|\n|poke|p2|Sneasler, F|\n|poke|p2|Dialga|\n|teampreview\n|\n|t:|1698769550\n|start\n|switch|p1a: Akira|Cyclizar, F|100\/100\n|switch|p2a: Dialga|Dialga|100\/100\n|-ability|p2a: Dialga|Pressure\n|turn|1\n|\n|t:|1698769559\n|move|p1a: Akira|Taunt|p2a: Dialga\n|-start|p2a: Dialga|move: Taunt\n|move|p2a: Dialga|Draco Meteor|p1a: Akira\n|-supereffective|p1a: Akira\n|-damage|p1a: Akira|0 fnt\n|-unboost|p2a: Dialga|spa|2\n|faint|p1a: Akira\n|\n|upkeep\n|\n|t:|1698769582\n|switch|p1a: Ar\u0441eus-Fighting|Arceus-Fire, shiny|100\/100\n|turn|2\n|c|\u26061P1o1s1h1e1|a respectable play\n|c|\u26061P1o1s1h1e1|but I would have taunted t2 if you tailed into smth\n|\n|t:|1698769595\n|switch|p2a: Arceus|Arceus-Poison|100\/100\n|move|p1a: Ar\u0441eus-Fighting|Dragon Dance|p1a: Ar\u0441eus-Fighting\n|-boost|p1a: Ar\u0441eus-Fighting|atk|1\n|-boost|p1a: Ar\u0441eus-Fighting|spe|1\n|\n|upkeep\n|turn|3\n|\n|t:|1698769601\n|move|p1a: Ar\u0441eus-Fighting|Dragon Dance|p1a: Ar\u0441eus-Fighting\n|-boost|p1a: Ar\u0441eus-Fighting|atk|1\n|-boost|p1a: Ar\u0441eus-Fighting|spe|1\n|move|p2a: Arceus|Gunk Shot|p1a: Ar\u0441eus-Fighting|[miss]\n|-miss|p2a: Arceus|p1a: Ar\u0441eus-Fighting\n|\n|upkeep\n|turn|4\n|\n|t:|1698769609\n|move|p1a: Ar\u0441eus-Fighting|Flare Blitz|p2a: Arceus\n|-damage|p2a: Arceus|24\/100\n|-damage|p1a: Ar\u0441eus-Fighting|75\/100|[from] Recoil\n|move|p2a: Arceus|Gunk Shot|p1a: Ar\u0441eus-Fighting\n|-damage|p1a: Ar\u0441eus-Fighting|38\/100\n|\n|upkeep\n|turn|5\n|\n|t:|1698769621\n|move|p1a: Ar\u0441eus-Fighting|Tera Blast|p2a: Arceus\n|-damage|p2a: Arceus|12\/100\n|move|p2a: Arceus|Gunk Shot|p1a: Ar\u0441eus-Fighting\n|-damage|p1a: Ar\u0441eus-Fighting|0 fnt\n|faint|p1a: Ar\u0441eus-Fighting\n|\n|upkeep\n|c|\u2606XpokVEVO|I cant do msth\n|c|\u2606XpokVEVO|FUCK\n|c|\u26061P1o1s1h1e1|what were you trying to hit lol\n|c|\u2606XpokVEVO|24?\n|c|\u2606XpokVEVO|With ters blast?\n|\n|t:|1698769651\n|switch|p1a: Emu War|Espathra, M|100\/100\n|turn|6\n|\n|t:|1698769658\n|move|p2a: Arceus|Taunt|p1a: Emu War\n|-start|p1a: Emu War|move: Taunt\n|cant|p1a: Emu War|move: Taunt|Calm Mind\n|\n|-ability|p1a: Emu War|Speed Boost|boost\n|-boost|p1a: Emu War|spe|1\n|upkeep\n|turn|7\n|\n|t:|1698769663\n|switch|p1a: Aunt Fanny|Magearna|100\/100\n|move|p2a: Arceus|Gunk Shot|p1a: Aunt Fanny\n|-immune|p1a: Aunt Fanny\n|\n|upkeep\n|turn|8\n|\n|t:|1698769667\n|move|p2a: Arceus|Taunt|p1a: Aunt Fanny\n|-start|p1a: Aunt Fanny|move: Taunt\n|cant|p1a: Aunt Fanny|move: Taunt|Thunder Wave\n|\n|upkeep\n|turn|9\n|\n|t:|1698769670\n|move|p2a: Arceus|Will-O-Wisp|p1a: Aunt Fanny\n|-status|p1a: Aunt Fanny|brn\n|move|p1a: Aunt Fanny|Flash Cannon|p2a: Arceus\n|-damage|p2a: Arceus|0 fnt\n|faint|p2a: Arceus\n|-ability|p1a: Aunt Fanny|Soul-Heart|boost\n|-boost|p1a: Aunt Fanny|spa|1\n|\n|-damage|p1a: Aunt Fanny|95\/100 brn|[from] brn\n|upkeep\n|\n|t:|1698769684\n|switch|p2a: Wo-Chien|Wo-Chien|100\/100\n|-ability|p2a: Wo-Chien|Tablets of Ruin\n|turn|10\n|\n|t:|1698769686\n|move|p1a: Aunt Fanny|Fleur Cannon|p2a: Wo-Chien\n|-supereffective|p2a: Wo-Chien\n|-damage|p2a: Wo-Chien|0 fnt\n|-unboost|p1a: Aunt Fanny|spa|2\n|faint|p2a: Wo-Chien\n|-ability|p1a: Aunt Fanny|Soul-Heart|boost\n|-boost|p1a: Aunt Fanny|spa|1\n|\n|-damage|p1a: Aunt Fanny|89\/100 brn|[from] brn\n|-end|p1a: Aunt Fanny|move: Taunt\n|upkeep\n|c|\u26061P1o1s1h1e1|oh lmao\n|\n|t:|1698769698\n|switch|p2a: Magearna|Magearna|100\/100\n|turn|11\n|c|\u2606XpokVEVO|For what?\n|\n|t:|1698769706\n|move|p1a: Aunt Fanny|Thunder Wave|p2a: Magearna\n|-status|p2a: Magearna|par\n|cant|p2a: Magearna|par\n|\n|-damage|p1a: Aunt Fanny|83\/100 brn|[from] brn\n|upkeep\n|turn|12\n|\n|t:|1698769711\n|move|p1a: Aunt Fanny|Flash Cannon|p2a: Magearna\n|-damage|p2a: Magearna|73\/100 par\n|move|p2a: Magearna|Spikes|p1a: Aunt Fanny\n|-sidestart|p1: XpokVEVO|Spikes\n|\n|-heal|p2a: Magearna|79\/100 par|[from] item: Leftovers\n|-damage|p1a: Aunt Fanny|77\/100 brn|[from] brn\n|upkeep\n|turn|13\n|\n|t:|1698769716\n|move|p1a: Aunt Fanny|Shift Gear|p1a: Aunt Fanny\n|-boost|p1a: Aunt Fanny|spe|2\n|-boost|p1a: Aunt Fanny|atk|1\n|move|p2a: Magearna|Volt Switch|p1a: Aunt Fanny\n|-crit|p1a: Aunt Fanny\n|-damage|p1a: Aunt Fanny|46\/100 brn\n|\n|t:|1698769723\n|switch|p2a: Ursaluna|Ursaluna-Bloodmoon, M|100\/100|[from] Volt Switch\n|\n|-damage|p1a: Aunt Fanny|40\/100 brn|[from] brn\n|upkeep\n|turn|14\n|\n|t:|1698769727\n|move|p1a: Aunt Fanny|Fleur Cannon|p2a: Ursaluna\n|-damage|p2a: Ursaluna|41\/100\n|-unboost|p1a: Aunt Fanny|spa|2\n|move|p2a: Ursaluna|Roar|p1a: Aunt Fanny\n|drag|p1a: Emu War|Espathra, M|100\/100\n|-damage|p1a: Emu War|88\/100|[from] Spikes\n|\n|-heal|p2a: Ursaluna|47\/100|[from] item: Leftovers\n|upkeep\n|turn|15\n|\n|t:|1698769740\n|move|p1a: Emu War|Calm Mind|p1a: Emu War\n|-boost|p1a: Emu War|spa|1\n|-boost|p1a: Emu War|spd|1\n|move|p2a: Ursaluna|Calm Mind|p2a: Ursaluna\n|-boost|p2a: Ursaluna|spa|1\n|-boost|p2a: Ursaluna|spd|1\n|\n|-heal|p2a: Ursaluna|53\/100|[from] item: Leftovers\n|-ability|p1a: Emu War|Speed Boost|boost\n|-boost|p1a: Emu War|spe|1\n|upkeep\n|turn|16\n|\n|t:|1698769746\n|move|p1a: Emu War|Protect|p1a: Emu War\n|-singleturn|p1a: Emu War|Protect\n|move|p2a: Ursaluna|Roar|p1a: Emu War\n|drag|p1a: Roaring Peak|Roaring Moon|100\/100\n|-damage|p1a: Roaring Peak|88\/100|[from] Spikes\n|-enditem|p1a: Roaring Peak|Booster Energy\n|-activate|p1a: Roaring Peak|ability: Protosynthesis|[fromitem]\n|-start|p1a: Roaring Peak|protosynthesisspe\n|\n|-heal|p2a: Ursaluna|59\/100|[from] item: Leftovers\n|upkeep\n|turn|17\n|c|\u2606XpokVEVO|Oh mein gltt\n|\n|t:|1698769758\n|-terastallize|p1a: Roaring Peak|Flying\n|move|p1a: Roaring Peak|Acrobatics|p2a: Ursaluna\n|-damage|p2a: Ursaluna|25\/100\n|move|p2a: Ursaluna|Hyper Voice|p1a: Roaring Peak\n|-crit|p1a: Roaring Peak\n|-damage|p1a: Roaring Peak|3\/100\n|\n|-heal|p2a: Ursaluna|31\/100|[from] item: Leftovers\n|upkeep\n|turn|18\n|\n|t:|1698769773\n|move|p1a: Roaring Peak|Acrobatics|p2a: Ursaluna\n|-damage|p2a: Ursaluna|0 fnt\n|faint|p2a: Ursaluna\n|\n|upkeep\n|\n|t:|1698769775\n|switch|p2a: Sneasler|Sneasler, F|100\/100\n|turn|19\n|\n|t:|1698769777\n|move|p2a: Sneasler|U-turn|p1a: Roaring Peak\n|-resisted|p1a: Roaring Peak\n|-damage|p1a: Roaring Peak|0 fnt\n|faint|p1a: Roaring Peak\n|-end|p1a: Roaring Peak|Protosynthesis|[silent]\n|\n|t:|1698769782\n|switch|p2a: Dialga|Dialga|100\/100|[from] U-turn\n|-ability|p2a: Dialga|Pressure\n|\n|upkeep\n|c|\u2606XpokVEVO|Sneasler barely outspeeds\n|c|\u2606XpokVEVO|So sad\n|\n|t:|1698769790\n|switch|p1a: Emu War|Espathra, M|88\/100\n|-damage|p1a: Emu War|76\/100|[from] Spikes\n|turn|20\n|c|\u26061P1o1s1h1e1|yeah\n|\n|t:|1698769798\n|move|p1a: Emu War|Dazzling Gleam|p2a: Dialga\n|-damage|p2a: Dialga|80\/100\n|move|p2a: Dialga|Thunder Wave|p1a: Emu War\n|-status|p1a: Emu War|par\n|\n|-heal|p2a: Dialga|87\/100|[from] item: Leftovers\n|-ability|p1a: Emu War|Speed Boost|boost\n|-boost|p1a: Emu War|spe|1\n|upkeep\n|turn|21\n|\n|t:|1698769809\n|move|p2a: Dialga|Stealth Rock|p1a: Emu War\n|-sidestart|p1: XpokVEVO|move: Stealth Rock\n|cant|p1a: Emu War|par\n|\n|-heal|p2a: Dialga|93\/100|[from] item: Leftovers\n|-ability|p1a: Emu War|Speed Boost|boost\n|-boost|p1a: Emu War|spe|1\n|upkeep\n|turn|22\n|\n|t:|1698769812\n|cant|p1a: Emu War|par\n|move|p2a: Dialga|Roar|p1a: Emu War\n|drag|p1a: Princess|Zacian, shiny|100\/100\n|-damage|p1a: Princess|88\/100|[from] Spikes\n|-damage|p1a: Princess|76\/100|[from] Stealth Rock\n|-ability|p1a: Princess|Intrepid Sword|boost\n|-boost|p1a: Princess|atk|1\n|\n|-heal|p2a: Dialga|99\/100|[from] item: Leftovers\n|upkeep\n|turn|23\n|\n|t:|1698769822\n|move|p1a: Princess|Swords Dance|p1a: Princess\n|-boost|p1a: Princess|atk|2\n|move|p2a: Dialga|Thunder Wave|p1a: Princess\n|-status|p1a: Princess|par\n|\n|-heal|p2a: Dialga|100\/100|[from] item: Leftovers\n|upkeep\n|turn|24\n|c|\u2606XpokVEVO|Shouldve tera poisoned at the start\n|\n|t:|1698769838\n|-terastallize|p2a: Dialga|Ghost\n|move|p1a: Princess|Close Combat|p2a: Dialga\n|-immune|p2a: Dialga\n|move|p2a: Dialga|Roar|p1a: Princess\n|drag|p1a: Emu War|Espathra, M|76\/100 par\n|-damage|p1a: Emu War|63\/100 par|[from] Spikes\n|-damage|p1a: Emu War|51\/100 par|[from] Stealth Rock\n|\n|upkeep\n|turn|25\n|-message|XpokVEVO forfeited.\n|\n|win|1P1o1s1h1e1\n|c|\u26061P1o1s1h1e1|gg\n|c|\u2606XpokVEVO|One last\n|c|\u2606XpokVEVO|Re\n|c|\u26061P1o1s1h1e1|sure\n|l|\u2606XpokVEVO\n","uploadtime":1698770567,"views":15,"p1id":"xpokvevo","p2id":"1p1o1s1h1e1","formatid":"gen9ubers","rating":0,"private":0,"password":""}