{"id":"gen9ubers-1971427524","p1":"Niheart","p2":"EriorYT","format":"[Gen 9] Ubers","log":"|j|\u2606Niheart\n|j|\u2606EriorYT\n|t:|1697737653\n|gametype|singles\n|player|p1|Niheart|caitlin|1158\n|player|p2|EriorYT|n-masters|1216\n|teamsize|p1|6\n|teamsize|p2|6\n|gen|9\n|tier|[Gen 9] Ubers\n|rated|\n|rule|Sleep Clause Mod: Limit one foe put to sleep\n|rule|Species Clause: Limit one of each Pok\u00e9mon\n|rule|OHKO Clause: OHKO moves are banned\n|rule|Evasion Items Clause: Evasion items are banned\n|rule|Evasion Moves Clause: Evasion moves are banned\n|rule|Endless Battle Clause: Forcing endless battles is banned\n|rule|HP Percentage Mod: HP is shown in percentages\n|clearpoke\n|poke|p1|Miraidon|\n|poke|p1|Chi-Yu|\n|poke|p1|Palafin, M|\n|poke|p1|Sneasler, M|\n|poke|p1|Regieleki|\n|poke|p1|Iron Valiant|\n|poke|p2|Iron Bundle|\n|poke|p2|Toxapex, F|\n|poke|p2|Corviknight, M|\n|poke|p2|Miraidon|\n|poke|p2|Koraidon|\n|poke|p2|Blissey, F|\n|teampreview\n|inactive|Battle timer is ON: inactive players will automatically lose when time's up. (requested by Niheart)\n|c|\u2606Niheart|glhf\n|c|\u2606EriorYT|thx\n|c|\u2606EriorYT|same\n|c|\u2606EriorYT|gl\n|c|\u2606Niheart|ty\n|\n|t:|1697737670\n|start\n|switch|p1a: Miraidon|Miraidon|100\/100\n|switch|p2a: Miraidon|Miraidon|100\/100\n|-fieldstart|move: Electric Terrain|[from] ability: Hadron Engine|[of] p1a: Miraidon\n|-activate|p2a: Miraidon|ability: Hadron Engine\n|turn|1\n|\n|t:|1697737693\n|switch|p2a: Blissey|Blissey, F|100\/100\n|move|p1a: Miraidon|Volt Switch|p2a: Blissey\n|-damage|p2a: Blissey|81\/100\n|\n|t:|1697737701\n|switch|p1a: Iron Valiant|Iron Valiant|100\/100|[from] Volt Switch\n|-activate|p1a: Iron Valiant|ability: Quark Drive\n|-start|p1a: Iron Valiant|quarkdriveatk\n|\n|upkeep\n|turn|2\n|\n|t:|1697737721\n|switch|p2a: Toxapex|Toxapex, F|100\/100\n|move|p1a: Iron Valiant|Brick Break|p2a: Toxapex\n|-resisted|p2a: Toxapex\n|-damage|p2a: Toxapex|85\/100\n|-damage|p1a: Iron Valiant|84\/100|[from] item: Rocky Helmet|[of] p2a: Toxapex\n|\n|upkeep\n|turn|3\n|\n|t:|1697737745\n|-terastallize|p1a: Iron Valiant|Dark\n|move|p1a: Iron Valiant|Knock Off|p2a: Toxapex\n|-damage|p2a: Toxapex|46\/100\n|-damage|p1a: Iron Valiant|67\/100|[from] item: Rocky Helmet|[of] p2a: Toxapex\n|-enditem|p2a: Toxapex|Rocky Helmet|[from] move: Knock Off|[of] p1a: Iron Valiant\n|move|p2a: Toxapex|Toxic|p1a: Iron Valiant\n|-status|p1a: Iron Valiant|tox\n|\n|-damage|p1a: Iron Valiant|61\/100 tox|[from] psn\n|upkeep\n|turn|4\n|\n|t:|1697737758\n|move|p1a: Iron Valiant|Knock Off|p2a: Toxapex\n|-damage|p2a: Toxapex|22\/100\n|move|p2a: Toxapex|Recover|p2a: Toxapex\n|-heal|p2a: Toxapex|72\/100\n|\n|-damage|p1a: Iron Valiant|49\/100 tox|[from] psn\n|upkeep\n|turn|5\n|\n|t:|1697737767\n|-end|p1a: Iron Valiant|Quark Drive|[silent]\n|switch|p1a: Palafin|Palafin, M|100\/100\n|move|p2a: Toxapex|Recover|p2a: Toxapex\n|-heal|p2a: Toxapex|100\/100\n|\n|-fieldend|move: Electric Terrain\n|upkeep\n|turn|6\n|\n|t:|1697737772\n|move|p1a: Palafin|Flip Turn|p2a: Toxapex\n|-resisted|p2a: Toxapex\n|-damage|p2a: Toxapex|90\/100\n|\n|t:|1697737777\n|detailschange|p1a: Palafin|Palafin-Hero, M\n|switch|p1a: Miraidon|Miraidon|100\/100|[from] Flip Turn\n|-fieldstart|move: Electric Terrain|[from] ability: Hadron Engine|[of] p1a: Miraidon\n|move|p2a: Toxapex|Toxic|p1a: Miraidon\n|-status|p1a: Miraidon|tox\n|\n|-damage|p1a: Miraidon|94\/100 tox|[from] psn\n|upkeep\n|turn|7\n|\n|t:|1697737786\n|switch|p2a: Blissey|Blissey, F|81\/100\n|move|p1a: Miraidon|Calm Mind|p1a: Miraidon\n|-boost|p1a: Miraidon|spa|1\n|-boost|p1a: Miraidon|spd|1\n|\n|-heal|p1a: Miraidon|100\/100 tox|[from] item: Leftovers\n|-damage|p1a: Miraidon|88\/100 tox|[from] psn\n|upkeep\n|turn|8\n|\n|t:|1697737790\n|move|p1a: Miraidon|Calm Mind|p1a: Miraidon\n|-boost|p1a: Miraidon|spa|1\n|-boost|p1a: Miraidon|spd|1\n|move|p2a: Blissey|Soft-Boiled|p2a: Blissey\n|-heal|p2a: Blissey|100\/100\n|\n|-heal|p1a: Miraidon|94\/100 tox|[from] item: Leftovers\n|-damage|p1a: Miraidon|76\/100 tox|[from] psn\n|upkeep\n|turn|9\n|\n|t:|1697737795\n|move|p1a: Miraidon|Calm Mind|p1a: Miraidon\n|-boost|p1a: Miraidon|spa|1\n|-boost|p1a: Miraidon|spd|1\n|move|p2a: Blissey|Shadow Ball|p1a: Miraidon\n|-damage|p1a: Miraidon|71\/100 tox\n|\n|-heal|p1a: Miraidon|77\/100 tox|[from] item: Leftovers\n|-damage|p1a: Miraidon|52\/100 tox|[from] psn\n|upkeep\n|turn|10\n|\n|t:|1697737799\n|move|p1a: Miraidon|Parabolic Charge|p2a: Blissey\n|-damage|p2a: Blissey|55\/100\n|-heal|p1a: Miraidon|96\/100 tox|[from] drain|[of] p2a: Blissey\n|move|p2a: Blissey|Seismic Toss|p1a: Miraidon\n|-damage|p1a: Miraidon|67\/100 tox\n|\n|-heal|p1a: Miraidon|73\/100 tox|[from] item: Leftovers\n|-damage|p1a: Miraidon|42\/100 tox|[from] psn\n|-fieldend|move: Electric Terrain\n|upkeep\n|turn|11\n|\n|t:|1697737806\n|move|p1a: Miraidon|Parabolic Charge|p2a: Blissey\n|-damage|p2a: Blissey|26\/100\n|-heal|p1a: Miraidon|70\/100 tox|[from] drain|[of] p2a: Blissey\n|move|p2a: Blissey|Soft-Boiled|p2a: Blissey\n|-heal|p2a: Blissey|76\/100\n|\n|-heal|p1a: Miraidon|76\/100 tox|[from] item: Leftovers\n|-damage|p1a: Miraidon|39\/100 tox|[from] psn\n|upkeep\n|turn|12\n|\n|t:|1697737809\n|move|p1a: Miraidon|Calm Mind|p1a: Miraidon\n|-boost|p1a: Miraidon|spa|1\n|-boost|p1a: Miraidon|spd|1\n|move|p2a: Blissey|Soft-Boiled|p2a: Blissey\n|-heal|p2a: Blissey|100\/100\n|\n|-heal|p1a: Miraidon|45\/100 tox|[from] item: Leftovers\n|-damage|p1a: Miraidon|2\/100 tox|[from] psn\n|upkeep\n|turn|13\n|\n|t:|1697737812\n|move|p1a: Miraidon|Parabolic Charge|p2a: Blissey\n|-damage|p2a: Blissey|71\/100\n|-heal|p1a: Miraidon|31\/100 tox|[from] drain|[of] p2a: Blissey\n|move|p2a: Blissey|Seismic Toss|p1a: Miraidon\n|-damage|p1a: Miraidon|1\/100 tox\n|\n|-heal|p1a: Miraidon|8\/100 tox|[from] item: Leftovers\n|-damage|p1a: Miraidon|0 fnt|[from] psn\n|faint|p1a: Miraidon\n|upkeep\n|\n|t:|1697737821\n|switch|p1a: Regieleki|Regieleki|100\/100\n|turn|14\n|\n|t:|1697737849\n|move|p1a: Regieleki|Electric Terrain|p1a: Regieleki\n|-fieldstart|move: Electric Terrain\n|move|p2a: Blissey|Soft-Boiled|p2a: Blissey\n|-heal|p2a: Blissey|100\/100\n|\n|upkeep\n|turn|15\n|\n|t:|1697737866\n|move|p1a: Regieleki|Volt Switch|p2a: Blissey\n|-damage|p2a: Blissey|89\/100\n|\n|t:|1697737871\n|switch|p1a: Sneasler|Sneasler, M|100\/100|[from] Volt Switch\n|-enditem|p1a: Sneasler|Electric Seed\n|-boost|p1a: Sneasler|def|1|[from] item: Electric Seed\n|move|p2a: Blissey|Seismic Toss|p1a: Sneasler\n|-damage|p1a: Sneasler|67\/100\n|\n|upkeep\n|turn|16\n|\n|t:|1697737882\n|switch|p2a: Corviknight|Corviknight, M|100\/100\n|-ability|p2a: Corviknight|Pressure\n|move|p1a: Sneasler|Fake Out|p2a: Corviknight\n|-resisted|p2a: Corviknight\n|-damage|p2a: Corviknight|96\/100\n|\n|-heal|p2a: Corviknight|100\/100|[from] item: Leftovers\n|upkeep\n|turn|17\n|\n|t:|1697737889\n|move|p1a: Sneasler|Close Combat|p2a: Corviknight\n|-damage|p2a: Corviknight|61\/100\n|-unboost|p1a: Sneasler|def|1\n|-unboost|p1a: Sneasler|spd|1\n|move|p2a: Corviknight|Iron Defense|p2a: Corviknight\n|-boost|p2a: Corviknight|def|2\n|\n|-heal|p2a: Corviknight|68\/100|[from] item: Leftovers\n|upkeep\n|turn|18\n|\n|t:|1697737903\n|switch|p1a: Regieleki|Regieleki|100\/100\n|move|p2a: Corviknight|Defog|p1a: Regieleki\n|-unboost|p1a: Regieleki|evasion|1\n|-fieldend|move: Electric Terrain\n|\n|-heal|p2a: Corviknight|74\/100|[from] item: Leftovers\n|upkeep\n|turn|19\n|\n|t:|1697737910\n|switch|p2a: Miraidon|Miraidon|100\/100\n|-fieldstart|move: Electric Terrain|[from] ability: Hadron Engine|[of] p2a: Miraidon\n|move|p1a: Regieleki|Volt Switch|p2a: Miraidon\n|-resisted|p2a: Miraidon\n|-damage|p2a: Miraidon|92\/100\n|\n|t:|1697737927\n|switch|p1a: Iron Valiant|Iron Valiant, tera:Dark|49\/100 tox|[from] Volt Switch\n|-activate|p1a: Iron Valiant|ability: Quark Drive\n|-start|p1a: Iron Valiant|quarkdriveatk\n|\n|-damage|p1a: Iron Valiant|43\/100 tox|[from] psn\n|upkeep\n|turn|20\n|\n|t:|1697737934\n|move|p2a: Miraidon|Parabolic Charge|p1a: Iron Valiant\n|-damage|p1a: Iron Valiant|0 fnt\n|-heal|p2a: Miraidon|100\/100|[from] drain|[of] p1a: Iron Valiant\n|faint|p1a: Iron Valiant\n|-end|p1a: Iron Valiant|Quark Drive|[silent]\n|-damage|p2a: Miraidon|91\/100|[from] item: Life Orb\n|\n|upkeep\n|\n|t:|1697737953\n|switch|p1a: Palafin|Palafin-Hero, M|100\/100\n|-activate|p1a: Palafin|ability: Zero to Hero\n|turn|21\n|\n|t:|1697737966\n|move|p2a: Miraidon|Parabolic Charge|p1a: Palafin\n|-supereffective|p1a: Palafin\n|-crit|p1a: Palafin\n|-damage|p1a: Palafin|0 fnt\n|-heal|p2a: Miraidon|100\/100|[from] drain|[of] p1a: Palafin\n|faint|p1a: Palafin\n|-damage|p2a: Miraidon|91\/100|[from] item: Life Orb\n|\n|upkeep\n|\n|t:|1697737988\n|switch|p1a: Chi-Yu|Chi-Yu|100\/100\n|-ability|p1a: Chi-Yu|Beads of Ruin\n|turn|22\n|\n|t:|1697738006\n|move|p1a: Chi-Yu|Dark Pulse|p2a: Miraidon\n|-damage|p2a: Miraidon|36\/100\n|move|p2a: Miraidon|Calm Mind|p2a: Miraidon\n|-boost|p2a: Miraidon|spa|1\n|-boost|p2a: Miraidon|spd|1\n|\n|upkeep\n|turn|23\n|\n|t:|1697738017\n|move|p1a: Chi-Yu|Dark Pulse|p2a: Miraidon\n|-damage|p2a: Miraidon|1\/100\n|move|p2a: Miraidon|Parabolic Charge|p1a: Chi-Yu\n|-damage|p1a: Chi-Yu|0 fnt\n|-heal|p2a: Miraidon|38\/100|[from] drain|[of] p1a: Chi-Yu\n|faint|p1a: Chi-Yu\n|-damage|p2a: Miraidon|28\/100|[from] item: Life Orb\n|\n|-fieldend|move: Electric Terrain\n|upkeep\n|\n|t:|1697738022\n|switch|p1a: Sneasler|Sneasler, M|67\/100\n|turn|24\n|\n|t:|1697738024\n|move|p1a: Sneasler|Fake Out|p2a: Miraidon\n|-damage|p2a: Miraidon|13\/100\n|cant|p2a: Miraidon|flinch\n|\n|upkeep\n|turn|25\n|\n|t:|1697738031\n|move|p2a: Miraidon|Parabolic Charge|p1a: Sneasler\n|-damage|p1a: Sneasler|0 fnt\n|-heal|p2a: Miraidon|43\/100|[from] drain|[of] p1a: Sneasler\n|faint|p1a: Sneasler\n|-damage|p2a: Miraidon|33\/100|[from] item: Life Orb\n|\n|upkeep\n|\n|t:|1697738033\n|switch|p1a: Regieleki|Regieleki|100\/100\n|turn|26\n|c|\u2606Niheart|lmao\n|c|\u2606Niheart|gg\n|\n|t:|1697738039\n|move|p1a: Regieleki|Explosion|p2a: Miraidon\n|-damage|p2a: Miraidon|0 fnt\n|faint|p1a: Regieleki\n|faint|p2a: Miraidon\n|\n|win|EriorYT\n|raw|Niheart's rating: 1158 &rarr; <strong>1137<\/strong><br \/>(-21 for losing)\n|raw|EriorYT's rating: 1216 &rarr; <strong>1237<\/strong><br \/>(+21 for winning)\n|c|\u2606EriorYT|fua\n|c|\u2606EriorYT|epic\n|c|\u2606EriorYT|gg\n","uploadtime":1697738047,"views":9,"p1id":"niheart","p2id":"erioryt","formatid":"gen9ubers","rating":1137,"private":0,"password":""}