{"id":"gen9ubers-1987936406","p1":"Nerdiestyt","p2":"1P1o1s1h1e1","format":"[Gen 9] Ubers","log":"|j|\u2606Nerdiestyt\n|j|\u26061P1o1s1h1e1\n|t:|1699650886\n|gametype|singles\n|player|p1|Nerdiestyt|lucas|\n|player|p2|1P1o1s1h1e1|102|\n|teamsize|p1|6\n|teamsize|p2|6\n|gen|9\n|tier|[Gen 9] Ubers\n|rule|Sleep Clause Mod: Limit one foe put to sleep\n|rule|Species Clause: Limit one of each Pok\u00e9mon\n|rule|OHKO Clause: OHKO moves are banned\n|rule|Evasion Items Clause: Evasion items are banned\n|rule|Evasion Moves Clause: Evasion moves are banned\n|rule|Endless Battle Clause: Forcing endless battles is banned\n|rule|HP Percentage Mod: HP is shown in percentages\n|clearpoke\n|poke|p1|Zacian-*|\n|poke|p1|Palafin, F|\n|poke|p1|Chi-Yu|\n|poke|p1|Meowscarada, M|\n|poke|p1|Sneasler, M|\n|poke|p1|Garchomp, M|\n|poke|p2|Dialga-Origin|\n|poke|p2|Rillaboom, F|\n|poke|p2|Arceus-Fire|\n|poke|p2|Espathra, F|\n|poke|p2|Sneasler, M|\n|poke|p2|Gholdengo|\n|teampreview\n|c|\u2606Nerdiestyt|Sorry it took a while\n|c|\u26061P1o1s1h1e1|no worries\n|c|\u26061P1o1s1h1e1|gl\n|\n|t:|1699650910\n|start\n|switch|p1a: Chi-Yu|Chi-Yu|100\/100\n|switch|p2a: Rillaboom|Rillaboom, F|100\/100\n|-ability|p1a: Chi-Yu|Beads of Ruin\n|-fieldstart|move: Grassy Terrain|[from] ability: Grassy Surge|[of] p2a: Rillaboom\n|turn|1\n|\n|t:|1699650943\n|switch|p2a: Arceus|Arceus-Fire|100\/100\n|move|p1a: Chi-Yu|Overheat|p2a: Arceus\n|-resisted|p2a: Arceus\n|-damage|p2a: Arceus|64\/100\n|-unboost|p1a: Chi-Yu|spa|2\n|\n|-heal|p2a: Arceus|70\/100|[from] Grassy Terrain\n|upkeep\n|turn|2\n|c|\u2606Nerdiestyt|Good luck to you too!\n|\n|t:|1699650971\n|switch|p1a: Palafin|Palafin, F|100\/100\n|move|p2a: Arceus|Dragon Dance|p2a: Arceus\n|-boost|p2a: Arceus|atk|1\n|-boost|p2a: Arceus|spe|1\n|\n|-heal|p2a: Arceus|76\/100|[from] Grassy Terrain\n|upkeep\n|turn|3\n|\n|t:|1699650992\n|-terastallize|p2a: Arceus|Normal\n|move|p2a: Arceus|Dragon Dance|p2a: Arceus\n|-boost|p2a: Arceus|atk|1\n|-boost|p2a: Arceus|spe|1\n|move|p1a: Palafin|Wave Crash|p2a: Arceus\n|-damage|p2a: Arceus|29\/100\n|-damage|p1a: Palafin|83\/100|[from] Recoil\n|\n|-heal|p2a: Arceus|35\/100|[from] Grassy Terrain\n|-heal|p1a: Palafin|89\/100|[from] Grassy Terrain\n|upkeep\n|turn|4\n|\n|t:|1699650999\n|move|p2a: Arceus|Extreme Speed|p1a: Palafin\n|-damage|p1a: Palafin|0 fnt\n|faint|p1a: Palafin\n|\n|-heal|p2a: Arceus|41\/100|[from] Grassy Terrain\n|upkeep\n|\n|t:|1699651002\n|switch|p1a: Garchomp|Garchomp, M|100\/100\n|turn|5\n|\n|t:|1699651009\n|move|p2a: Arceus|Extreme Speed|p1a: Garchomp\n|-damage|p1a: Garchomp|17\/100\n|-damage|p2a: Arceus|28\/100|[from] ability: Rough Skin|[of] p1a: Garchomp\n|move|p1a: Garchomp|Scale Shot|p2a: Arceus\n|-damage|p2a: Arceus|17\/100\n|-damage|p2a: Arceus|6\/100\n|-damage|p2a: Arceus|0 fnt\n|faint|p2a: Arceus\n|-hitcount|p2: Arceus|3\n|-unboost|p1a: Garchomp|def|1\n|-boost|p1a: Garchomp|spe|1\n|\n|-heal|p1a: Garchomp|23\/100|[from] Grassy Terrain\n|-fieldend|move: Grassy Terrain\n|upkeep\n|\n|t:|1699651016\n|switch|p2a: Rillaboom|Rillaboom, F|100\/100\n|-fieldstart|move: Grassy Terrain|[from] ability: Grassy Surge|[of] p2a: Rillaboom\n|turn|6\n|\n|t:|1699651021\n|move|p2a: Rillaboom|Grassy Glide|p1a: Garchomp\n|-damage|p1a: Garchomp|0 fnt\n|-damage|p2a: Rillaboom|88\/100|[from] ability: Rough Skin|[of] p1a: Garchomp\n|faint|p1a: Garchomp\n|\n|-heal|p2a: Rillaboom|94\/100|[from] Grassy Terrain\n|upkeep\n|\n|t:|1699651026\n|switch|p1a: Chi-Yu|Chi-Yu|100\/100\n|-ability|p1a: Chi-Yu|Beads of Ruin\n|turn|7\n|\n|t:|1699651041\n|switch|p2a: Gholdengo|Gholdengo|100\/100\n|move|p1a: Chi-Yu|Overheat|p2a: Gholdengo\n|-supereffective|p2a: Gholdengo\n|-damage|p2a: Gholdengo|0 fnt\n|-unboost|p1a: Chi-Yu|spa|2\n|faint|p2a: Gholdengo\n|\n|upkeep\n|\n|t:|1699651067\n|switch|p2a: Sneasler|Sneasler, M, shiny|100\/100\n|-enditem|p2a: Sneasler|Grassy Seed\n|-boost|p2a: Sneasler|def|1|[from] item: Grassy Seed\n|turn|8\n|\n|t:|1699651083\n|switch|p1a: Meowscarada|Meowscarada, M|100\/100\n|move|p2a: Sneasler|Dire Claw|p1a: Meowscarada\n|-supereffective|p1a: Meowscarada\n|-damage|p1a: Meowscarada|0 fnt\n|faint|p1a: Meowscarada\n|\n|upkeep\n|\n|t:|1699651092\n|switch|p1a: Sneasler|Sneasler, M|100\/100\n|turn|9\n|\n|t:|1699651096\n|move|p2a: Sneasler|Acrobatics|p1a: Sneasler\n|-supereffective|p1a: Sneasler\n|-damage|p1a: Sneasler|0 fnt\n|faint|p1a: Sneasler\n|\n|upkeep\n|\n|t:|1699651098\n|switch|p1a: Chi-Yu|Chi-Yu|100\/100\n|-ability|p1a: Chi-Yu|Beads of Ruin\n|turn|10\n|\n|t:|1699651112\n|move|p2a: Sneasler|Close Combat|p1a: Chi-Yu\n|-supereffective|p1a: Chi-Yu\n|-damage|p1a: Chi-Yu|0 fnt\n|-unboost|p2a: Sneasler|def|1\n|-unboost|p2a: Sneasler|spd|1\n|faint|p1a: Chi-Yu\n|\n|-fieldend|move: Grassy Terrain\n|upkeep\n|\n|t:|1699651114\n|switch|p1a: Zacian|Zacian|100\/100\n|-ability|p1a: Zacian|Intrepid Sword|boost\n|-boost|p1a: Zacian|atk|1\n|turn|11\n|\n|t:|1699651117\n|-terastallize|p1a: Zacian|Fairy\n|move|p2a: Sneasler|Dire Claw|p1a: Zacian\n|-supereffective|p1a: Zacian\n|-damage|p1a: Zacian|19\/100\n|move|p1a: Zacian|Play Rough|p2a: Sneasler\n|-damage|p2a: Sneasler|0 fnt\n|faint|p2a: Sneasler\n|\n|upkeep\n|\n|t:|1699651123\n|switch|p2a: Rillaboom|Rillaboom, F|94\/100\n|-fieldstart|move: Grassy Terrain|[from] ability: Grassy Surge|[of] p2a: Rillaboom\n|turn|12\n|\n|t:|1699651125\n|move|p2a: Rillaboom|Grassy Glide|p1a: Zacian\n|-damage|p1a: Zacian|0 fnt\n|faint|p1a: Zacian\n|\n|win|1P1o1s1h1e1\n|c|\u26061P1o1s1h1e1|gg\n|c|\u2606Nerdiestyt|Gg!\n","uploadtime":1699651134,"views":66,"p1id":"nerdiestyt","p2id":"1p1o1s1h1e1","formatid":"gen9ubers","rating":0,"private":0,"password":""}