{"id":"gen9ubers-1987580464","p1":"Majin_Ops","p2":"Autismo27","format":"[Gen 9] Ubers","log":"|j|\u2606Majin_Ops\n|j|\u2606Autismo27\n|t:|1699615133\n|gametype|singles\n|player|p1|Majin_Ops|shadowtriad|1085\n|player|p2|Autismo27|benga|1115\n|teamsize|p1|6\n|teamsize|p2|6\n|gen|9\n|tier|[Gen 9] Ubers\n|rated|\n|rule|Sleep Clause Mod: Limit one foe put to sleep\n|rule|Species Clause: Limit one of each Pok\u00e9mon\n|rule|OHKO Clause: OHKO moves are banned\n|rule|Evasion Items Clause: Evasion items are banned\n|rule|Evasion Moves Clause: Evasion moves are banned\n|rule|Endless Battle Clause: Forcing endless battles is banned\n|rule|HP Percentage Mod: HP is shown in percentages\n|clearpoke\n|poke|p1|Breloom, M|\n|poke|p1|Volcarona, M|\n|poke|p1|Dragonite, M|\n|poke|p1|Mamoswine, M|\n|poke|p1|Milotic, F|\n|poke|p1|Glimmora, F|\n|poke|p2|Tyranitar, F|\n|poke|p2|Kommo-o, M|\n|poke|p2|Lycanroc, F|\n|poke|p2|Ogerpon-Hearthflame, F|\n|poke|p2|Kingambit, F|\n|poke|p2|Baxcalibur, F|\n|teampreview\n|\n|t:|1699615138\n|start\n|switch|p1a: Glimmora|Glimmora, F|100\/100\n|switch|p2a: Tyranitar|Tyranitar, F|100\/100\n|-weather|Sandstorm|[from] ability: Sand Stream|[of] p2a: Tyranitar\n|turn|1\n|\n|t:|1699615153\n|move|p1a: Glimmora|Toxic|p2a: Tyranitar\n|-status|p2a: Tyranitar|tox\n|move|p2a: Tyranitar|High Horsepower|p1a: Glimmora\n|-supereffective|p1a: Glimmora\n|-damage|p1a: Glimmora|0 fnt\n|-activate|p1a: Glimmora|ability: Toxic Debris\n|-sidestart|p2: Autismo27|move: Toxic Spikes\n|faint|p1a: Glimmora\n|\n|-weather|Sandstorm|[upkeep]\n|-damage|p2a: Tyranitar|94\/100 tox|[from] psn\n|upkeep\n|\n|t:|1699615167\n|switch|p1a: Breloom|Breloom, M|100\/100\n|turn|2\n|\n|t:|1699615178\n|move|p1a: Breloom|Drain Punch|p2a: Tyranitar\n|-supereffective|p2a: Tyranitar\n|-damage|p2a: Tyranitar|0 fnt\n|faint|p2a: Tyranitar\n|\n|-weather|Sandstorm|[upkeep]\n|-damage|p1a: Breloom|94\/100|[from] Sandstorm\n|-status|p1a: Breloom|tox|[from] item: Toxic Orb\n|upkeep\n|\n|t:|1699615187\n|switch|p2a: Lycanroc|Lycanroc, F|100\/100\n|-status|p2a: Lycanroc|psn\n|turn|3\n|\n|t:|1699615204\n|move|p2a: Lycanroc|Play Rough|p1a: Breloom\n|-supereffective|p1a: Breloom\n|-damage|p1a: Breloom|17\/100 tox\n|move|p1a: Breloom|Bullet Seed|p2a: Lycanroc\n|-supereffective|p2a: Lycanroc\n|-damage|p2a: Lycanroc|59\/100 psn\n|-supereffective|p2a: Lycanroc\n|-damage|p2a: Lycanroc|14\/100 psn\n|-supereffective|p2a: Lycanroc\n|-damage|p2a: Lycanroc|0 fnt\n|faint|p2a: Lycanroc\n|-hitcount|p2: Lycanroc|3\n|\n|-weather|Sandstorm|[upkeep]\n|-damage|p1a: Breloom|11\/100 tox|[from] Sandstorm\n|-heal|p1a: Breloom|23\/100 tox|[from] ability: Poison Heal\n|upkeep\n|\n|t:|1699615223\n|switch|p2a: Ogerpon|Ogerpon-Hearthflame, F|100\/100\n|-status|p2a: Ogerpon|psn\n|-ability|p2a: Ogerpon|Mold Breaker\n|turn|4\n|\n|t:|1699615236\n|-terastallize|p2a: Ogerpon|Fire\n|detailschange|p2a: Ogerpon|Ogerpon-Hearthflame-Tera, F, tera:Fire\n|-ability|p2a: Ogerpon|Embody Aspect (Hearthflame)|boost\n|-boost|p2a: Ogerpon|atk|1\n|-terastallize|p1a: Breloom|Poison\n|move|p2a: Ogerpon|Trailblaze|p1a: Breloom\n|-resisted|p1a: Breloom\n|-damage|p1a: Breloom|0 fnt\n|-boost|p2a: Ogerpon|spe|1\n|faint|p1a: Breloom\n|\n|-weather|Sandstorm|[upkeep]\n|-damage|p2a: Ogerpon|95\/100 psn|[from] Sandstorm\n|-damage|p2a: Ogerpon|82\/100 psn|[from] psn\n|upkeep\n|\n|t:|1699615261\n|switch|p1a: Mamoswine|Mamoswine, M|100\/100\n|turn|5\n|\n|t:|1699615278\n|move|p2a: Ogerpon|Ivy Cudgel|p1a: Mamoswine\n|-supereffective|p1a: Mamoswine\n|-crit|p1a: Mamoswine\n|-damage|p1a: Mamoswine|0 fnt\n|faint|p1a: Mamoswine\n|\n|-weather|none\n|-damage|p2a: Ogerpon|70\/100 psn|[from] psn\n|upkeep\n|\n|t:|1699615288\n|switch|p1a: Milotic|Milotic, F|100\/100\n|turn|6\n|\n|t:|1699615293\n|move|p2a: Ogerpon|Wood Hammer|p1a: Milotic\n|-supereffective|p1a: Milotic\n|-damage|p1a: Milotic|0 fnt\n|faint|p1a: Milotic\n|-damage|p2a: Ogerpon|29\/100 psn|[from] Recoil\n|\n|-damage|p2a: Ogerpon|17\/100 psn|[from] psn\n|upkeep\n|\n|t:|1699615304\n|switch|p1a: Dragonite|Dragonite, M|100\/100\n|turn|7\n|\n|t:|1699615311\n|move|p2a: Ogerpon|Ivy Cudgel|p1a: Dragonite\n|-resisted|p1a: Dragonite\n|-damage|p1a: Dragonite|74\/100\n|move|p1a: Dragonite|Dragon Dance|p1a: Dragonite\n|-boost|p1a: Dragonite|atk|1\n|-boost|p1a: Dragonite|spe|1\n|\n|-damage|p2a: Ogerpon|5\/100 psn|[from] psn\n|upkeep\n|turn|8\n|\n|t:|1699615322\n|move|p1a: Dragonite|Extreme Speed|p2a: Ogerpon\n|-damage|p2a: Ogerpon|0 fnt\n|faint|p2a: Ogerpon\n|\n|upkeep\n|\n|t:|1699615329\n|switch|p2a: Kingambit|Kingambit, F|100\/100\n|-activate|p2a: Kingambit|ability: Supreme Overlord\n|-start|p2a: Kingambit|fallen3|[silent]\n|turn|9\n|\n|t:|1699615345\n|move|p2a: Kingambit|Sucker Punch|p1a: Dragonite\n|-damage|p1a: Dragonite|0 fnt\n|faint|p1a: Dragonite\n|\n|upkeep\n|\n|t:|1699615353\n|switch|p1a: Volcarona|Volcarona, M|100\/100\n|turn|10\n|\n|t:|1699615360\n|move|p2a: Kingambit|Sucker Punch||[still]\n|-fail|p2a: Kingambit\n|move|p1a: Volcarona|Quiver Dance|p1a: Volcarona\n|-boost|p1a: Volcarona|spa|1\n|-boost|p1a: Volcarona|spd|1\n|-boost|p1a: Volcarona|spe|1\n|\n|upkeep\n|turn|11\n|\n|t:|1699615367\n|move|p2a: Kingambit|Sucker Punch||[still]\n|-fail|p2a: Kingambit\n|move|p1a: Volcarona|Quiver Dance|p1a: Volcarona\n|-boost|p1a: Volcarona|spa|1\n|-boost|p1a: Volcarona|spd|1\n|-boost|p1a: Volcarona|spe|1\n|\n|upkeep\n|turn|12\n|\n|t:|1699615375\n|move|p2a: Kingambit|Sucker Punch||[still]\n|-fail|p2a: Kingambit\n|move|p1a: Volcarona|Quiver Dance|p1a: Volcarona\n|-boost|p1a: Volcarona|spa|1\n|-boost|p1a: Volcarona|spd|1\n|-boost|p1a: Volcarona|spe|1\n|\n|upkeep\n|turn|13\n|\n|t:|1699615385\n|move|p2a: Kingambit|Sucker Punch||[still]\n|-fail|p2a: Kingambit\n|move|p1a: Volcarona|Quiver Dance|p1a: Volcarona\n|-boost|p1a: Volcarona|spa|1\n|-boost|p1a: Volcarona|spd|1\n|-boost|p1a: Volcarona|spe|1\n|\n|upkeep\n|turn|14\n|\n|t:|1699615392\n|move|p2a: Kingambit|Sucker Punch||[still]\n|-fail|p2a: Kingambit\n|move|p1a: Volcarona|Quiver Dance|p1a: Volcarona\n|-boost|p1a: Volcarona|spa|1\n|-boost|p1a: Volcarona|spd|1\n|-boost|p1a: Volcarona|spe|1\n|\n|upkeep\n|turn|15\n|\n|t:|1699615400\n|move|p2a: Kingambit|Sucker Punch||[still]\n|-fail|p2a: Kingambit\n|move|p1a: Volcarona|Quiver Dance|p1a: Volcarona\n|-boost|p1a: Volcarona|spa|1\n|-boost|p1a: Volcarona|spd|1\n|-boost|p1a: Volcarona|spe|1\n|\n|upkeep\n|turn|16\n|\n|t:|1699615412\n|move|p2a: Kingambit|Sucker Punch|p1a: Volcarona\n|-damage|p1a: Volcarona|3\/100\n|-enditem|p1a: Volcarona|Sitrus Berry|[eat]\n|-heal|p1a: Volcarona|27\/100|[from] item: Sitrus Berry\n|move|p1a: Volcarona|Bug Buzz|p2a: Kingambit\n|-damage|p2a: Kingambit|0 fnt\n|faint|p2a: Kingambit\n|-end|p2a: Kingambit|fallen3|[silent]\n|\n|upkeep\n|\n|t:|1699615425\n|switch|p2a: Kommo-o|Kommo-o, M|100\/100\n|-status|p2a: Kommo-o|psn\n|turn|17\n|\n|t:|1699615436\n|move|p1a: Volcarona|Fiery Dance|p2a: Kommo-o\n|-resisted|p2a: Kommo-o\n|-damage|p2a: Kommo-o|16\/100 psn\n|move|p2a: Kommo-o|Dragon Tail|p1a: Volcarona|[miss]\n|-miss|p2a: Kommo-o|p1a: Volcarona\n|\n|-damage|p2a: Kommo-o|4\/100 psn|[from] psn\n|upkeep\n|turn|18\n|\n|t:|1699615449\n|move|p1a: Volcarona|Fiery Dance|p2a: Kommo-o\n|-resisted|p2a: Kommo-o\n|-damage|p2a: Kommo-o|0 fnt\n|faint|p2a: Kommo-o\n|\n|upkeep\n|\n|t:|1699615454\n|switch|p2a: Baxcalibur|Baxcalibur, F|100\/100\n|-status|p2a: Baxcalibur|psn\n|turn|19\n|\n|t:|1699615461\n|move|p1a: Volcarona|Fiery Dance|p2a: Baxcalibur\n|-enditem|p2a: Baxcalibur|Focus Sash\n|-damage|p2a: Baxcalibur|1\/100 psn\n|-ability|p2a: Baxcalibur|Thermal Exchange|boost\n|-boost|p2a: Baxcalibur|atk|1\n|move|p2a: Baxcalibur|Aqua Tail|p1a: Volcarona\n|-supereffective|p1a: Volcarona\n|-damage|p1a: Volcarona|0 fnt\n|faint|p1a: Volcarona\n|\n|win|Autismo27\n|raw|Majin_Ops's rating: 1085 &rarr; <strong>1064<\/strong><br \/>(-21 for losing)\n|raw|Autismo27's rating: 1115 &rarr; <strong>1138<\/strong><br \/>(+23 for winning)\n","uploadtime":1699615475,"views":16,"p1id":"majinops","p2id":"autismo27","formatid":"gen9ubers","rating":1064,"private":0,"password":""}