{"id":"gen9ubers-1978975994","p1":"Cobrite","p2":"FT Morgan","format":"[Gen 9] Ubers","log":"|j|\u2606Cobrite\n|j|\u2606FT Morgan\n|t:|1698616671\n|gametype|singles\n|player|p1|Cobrite|265|1171\n|player|p2|FT Morgan|lass|1365\n|teamsize|p1|6\n|teamsize|p2|6\n|gen|9\n|tier|[Gen 9] Ubers\n|rated|\n|rule|Sleep Clause Mod: Limit one foe put to sleep\n|rule|Species Clause: Limit one of each Pok\u00e9mon\n|rule|OHKO Clause: OHKO moves are banned\n|rule|Evasion Items Clause: Evasion items are banned\n|rule|Evasion Moves Clause: Evasion moves are banned\n|rule|Endless Battle Clause: Forcing endless battles is banned\n|rule|HP Percentage Mod: HP is shown in percentages\n|clearpoke\n|poke|p1|Skeledirge, F|\n|poke|p1|Ting-Lu|\n|poke|p1|Miraidon|\n|poke|p1|Corviknight, F|\n|poke|p1|Flutter Mane|\n|poke|p1|Kyogre|\n|poke|p2|Regieleki|\n|poke|p2|Skeledirge, F|\n|poke|p2|Clodsire, F|\n|poke|p2|Landorus-Therian, M|\n|poke|p2|Azumarill, M|\n|poke|p2|Iron Valiant|\n|teampreview\n|\n|t:|1698616688\n|start\n|switch|p1a: Kyogre|Kyogre|100\/100\n|switch|p2a: Azumarill|Azumarill, M|100\/100\n|-weather|RainDance|[from] ability: Drizzle|[of] p1a: Kyogre\n|turn|1\n|\n|t:|1698616702\n|move|p1a: Kyogre|Thunder|p2a: Azumarill\n|-supereffective|p2a: Azumarill\n|-damage|p2a: Azumarill|7\/100\n|move|p2a: Azumarill|Play Rough|p1a: Kyogre\n|-damage|p1a: Kyogre|40\/100\n|\n|-weather|RainDance|[upkeep]\n|upkeep\n|turn|2\n|\n|t:|1698616712\n|move|p2a: Azumarill|Aqua Jet|p1a: Kyogre\n|-resisted|p1a: Kyogre\n|-damage|p1a: Kyogre|18\/100\n|move|p1a: Kyogre|Thunder|p2a: Azumarill\n|-supereffective|p2a: Azumarill\n|-crit|p2a: Azumarill\n|-damage|p2a: Azumarill|0 fnt\n|faint|p2a: Azumarill\n|\n|-weather|RainDance|[upkeep]\n|upkeep\n|\n|t:|1698616717\n|switch|p2a: Regieleki|Regieleki|100\/100\n|turn|3\n|\n|t:|1698616727\n|switch|p1a: Ting-Lu|Ting-Lu|100\/100\n|-ability|p1a: Ting-Lu|Vessel of Ruin\n|-terastallize|p2a: Regieleki|Ice\n|move|p2a: Regieleki|Tera Blast|p1a: Ting-Lu|[anim] Tera Blast Ice\n|-supereffective|p1a: Ting-Lu\n|-damage|p1a: Ting-Lu|73\/100\n|\n|-weather|RainDance|[upkeep]\n|-heal|p1a: Ting-Lu|79\/100|[from] item: Leftovers\n|upkeep\n|turn|4\n|\n|t:|1698616739\n|switch|p2a: Landorus|Landorus-Therian, M|100\/100\n|-ability|p2a: Landorus|Intimidate|boost\n|-unboost|p1a: Ting-Lu|atk|1\n|move|p1a: Ting-Lu|Stealth Rock|p2a: Landorus\n|-sidestart|p2: FT Morgan|move: Stealth Rock\n|\n|-weather|RainDance|[upkeep]\n|-heal|p1a: Ting-Lu|86\/100|[from] item: Leftovers\n|upkeep\n|turn|5\n|\n|t:|1698616750\n|move|p2a: Landorus|U-turn|p1a: Ting-Lu\n|-supereffective|p1a: Ting-Lu\n|-damage|p1a: Ting-Lu|57\/100\n|\n|t:|1698616754\n|switch|p2a: Iron Valiant|Iron Valiant|100\/100|[from] U-turn\n|-damage|p2a: Iron Valiant|94\/100|[from] Stealth Rock\n|move|p1a: Ting-Lu|Spikes|p2a: Iron Valiant\n|-sidestart|p2: FT Morgan|Spikes\n|\n|-weather|none\n|-heal|p1a: Ting-Lu|63\/100|[from] item: Leftovers\n|upkeep\n|turn|6\n|\n|t:|1698616767\n|switch|p1a: Corviknight|Corviknight, F|100\/100\n|-ability|p1a: Corviknight|Pressure\n|move|p2a: Iron Valiant|Close Combat|p1a: Corviknight\n|-damage|p1a: Corviknight|57\/100\n|-unboost|p2a: Iron Valiant|def|1\n|-unboost|p2a: Iron Valiant|spd|1\n|-damage|p2a: Iron Valiant|78\/100|[from] item: Rocky Helmet|[of] p1a: Corviknight\n|-damage|p2a: Iron Valiant|68\/100|[from] item: Life Orb\n|\n|upkeep\n|turn|7\n|\n|t:|1698616778\n|move|p2a: Iron Valiant|Thunderbolt|p1a: Corviknight\n|-supereffective|p1a: Corviknight\n|-damage|p1a: Corviknight|0 fnt\n|faint|p1a: Corviknight\n|-damage|p2a: Iron Valiant|58\/100|[from] item: Life Orb\n|\n|upkeep\n|\n|t:|1698616800\n|switch|p1a: Flutter Mane|Flutter Mane|100\/100\n|-enditem|p1a: Flutter Mane|Booster Energy\n|-activate|p1a: Flutter Mane|ability: Protosynthesis|[fromitem]\n|-start|p1a: Flutter Mane|protosynthesisspe\n|turn|8\n|\n|t:|1698616810\n|-end|p2a: Iron Valiant|Quark Drive|[silent]\n|switch|p2a: Clodsire|Clodsire, F|100\/100\n|-damage|p2a: Clodsire|94\/100|[from] Stealth Rock\n|-damage|p2a: Clodsire|82\/100|[from] Spikes\n|move|p1a: Flutter Mane|Moonblast|p2a: Clodsire\n|-resisted|p2a: Clodsire\n|-crit|p2a: Clodsire\n|-damage|p2a: Clodsire|60\/100\n|\n|-heal|p2a: Clodsire|66\/100|[from] item: Leftovers\n|upkeep\n|turn|9\n|\n|t:|1698616831\n|-end|p1a: Flutter Mane|Protosynthesis|[silent]\n|switch|p1a: Ting-Lu|Ting-Lu|63\/100\n|-ability|p1a: Ting-Lu|Vessel of Ruin\n|move|p2a: Clodsire|Earthquake|p1a: Ting-Lu\n|-crit|p1a: Ting-Lu\n|-damage|p1a: Ting-Lu|41\/100\n|\n|-heal|p1a: Ting-Lu|47\/100|[from] item: Leftovers\n|-heal|p2a: Clodsire|73\/100|[from] item: Leftovers\n|upkeep\n|turn|10\n|\n|t:|1698616852\n|switch|p2a: Landorus|Landorus-Therian, M|100\/100\n|-damage|p2a: Landorus|88\/100|[from] Stealth Rock\n|-ability|p2a: Landorus|Intimidate|boost\n|-unboost|p1a: Ting-Lu|atk|1\n|move|p1a: Ting-Lu|Ruination|p2a: Landorus\n|-damage|p2a: Landorus|44\/100\n|\n|-heal|p1a: Ting-Lu|54\/100|[from] item: Leftovers\n|upkeep\n|turn|11\n|\n|t:|1698616867\n|switch|p1a: Miraidon|Miraidon|100\/100\n|-fieldstart|move: Electric Terrain|[from] ability: Hadron Engine|[of] p1a: Miraidon\n|move|p2a: Landorus|Earthquake|p1a: Miraidon\n|-supereffective|p1a: Miraidon\n|-damage|p1a: Miraidon|0 fnt\n|faint|p1a: Miraidon\n|\n|upkeep\n|\n|t:|1698616877\n|switch|p1a: Kyogre|Kyogre|18\/100\n|-weather|RainDance|[from] ability: Drizzle|[of] p1a: Kyogre\n|turn|12\n|\n|t:|1698616882\n|move|p2a: Landorus|Earthquake|p1a: Kyogre\n|-damage|p1a: Kyogre|0 fnt\n|faint|p1a: Kyogre\n|\n|-weather|RainDance|[upkeep]\n|upkeep\n|\n|t:|1698616932\n|switch|p1a: Flutter Mane|Flutter Mane|100\/100\n|turn|13\n|\n|t:|1698616937\n|move|p2a: Landorus|Earthquake|p1a: Flutter Mane\n|-damage|p1a: Flutter Mane|0 fnt\n|faint|p1a: Flutter Mane\n|-end|p1a: Flutter Mane|Protosynthesis|[silent]\n|\n|-weather|RainDance|[upkeep]\n|upkeep\n|\n|t:|1698616947\n|switch|p1a: Ting-Lu|Ting-Lu|54\/100\n|-ability|p1a: Ting-Lu|Vessel of Ruin\n|turn|14\n|\n|t:|1698616952\n|move|p2a: Landorus|Earthquake|p1a: Ting-Lu\n|-damage|p1a: Ting-Lu|24\/100\n|move|p1a: Ting-Lu|Ruination|p2a: Landorus\n|-damage|p2a: Landorus|22\/100\n|\n|-weather|RainDance|[upkeep]\n|-heal|p1a: Ting-Lu|31\/100|[from] item: Leftovers\n|upkeep\n|turn|15\n|\n|t:|1698616982\n|move|p2a: Landorus|Earthquake|p1a: Ting-Lu\n|-damage|p1a: Ting-Lu|1\/100\n|move|p1a: Ting-Lu|Ruination|p2a: Landorus\n|-damage|p2a: Landorus|11\/100\n|\n|-weather|RainDance|[upkeep]\n|-heal|p1a: Ting-Lu|8\/100|[from] item: Leftovers\n|-fieldend|move: Electric Terrain\n|upkeep\n|turn|16\n|inactive|Battle timer is ON: inactive players will automatically lose when time's up. (requested by FT Morgan)\n|inactive|Cobrite has 120 seconds left.\n|inactive|Cobrite has 90 seconds left.\n|\n|t:|1698617161\n|move|p2a: Landorus|Earthquake|p1a: Ting-Lu\n|-damage|p1a: Ting-Lu|0 fnt\n|faint|p1a: Ting-Lu\n|\n|-weather|none\n|upkeep\n|\n|t:|1698617166\n|switch|p1a: Skeledirge|Skeledirge, F|100\/100\n|turn|17\n|inactive|Cobrite has 120 seconds left.\n|inactive|Cobrite has 90 seconds left.\n|inactive|Cobrite has 60 seconds left.\n|inactive|Cobrite has 30 seconds left.\n|inactive|Cobrite has 20 seconds left.\n|inactive|Cobrite has 15 seconds left.\n|inactive|Cobrite has 10 seconds left.\n|inactive|Cobrite has 5 seconds left.\n|-message|Cobrite lost due to inactivity.\n|\n|win|FT Morgan\n|raw|Cobrite's rating: 1171 &rarr; <strong>1159<\/strong><br \/>(-12 for losing)\n|raw|FT Morgan's rating: 1365 &rarr; <strong>1375<\/strong><br \/>(+10 for winning)\n|l|\u2606Cobrite\n","uploadtime":1698617320,"views":15,"p1id":"cobrite","p2id":"ftmorgan","formatid":"gen9ubers","rating":1159,"private":0,"password":""}