{"id":"gen9ubers-1992505481","p1":"skimmythegod","p2":"Enfyre","format":"[Gen 9] Ubers","log":"|j|\u2606skimmythegod\n|j|\u2606Enfyre\n|t:|1700196386\n|gametype|singles\n|player|p1|skimmythegod|#uplximelmetal|\n|player|p2|Enfyre|liza-masters|\n|teamsize|p1|6\n|teamsize|p2|6\n|gen|9\n|tier|[Gen 9] Ubers\n|rated|Tournament battle\n|rule|Sleep Clause Mod: Limit one foe put to sleep\n|rule|Species Clause: Limit one of each Pok\u00e9mon\n|rule|OHKO Clause: OHKO moves are banned\n|rule|Evasion Items Clause: Evasion items are banned\n|rule|Evasion Moves Clause: Evasion moves are banned\n|rule|Endless Battle Clause: Forcing endless battles is banned\n|rule|HP Percentage Mod: HP is shown in percentages\n|clearpoke\n|poke|p1|Ribombee, F|\n|poke|p1|Koraidon|\n|poke|p1|Arceus-Ground|\n|poke|p1|Zacian-*|\n|poke|p1|Miraidon|\n|poke|p1|Basculegion, M|\n|poke|p2|Arceus|\n|poke|p2|Gliscor, M|\n|poke|p2|Kyogre|\n|poke|p2|Iron Treads|\n|poke|p2|Zacian-*|\n|poke|p2|Skeledirge, F|\n|teampreview\n|inactive|Battle timer is ON: inactive players will automatically lose when time's up. (requested by skimmythegod)\n|\n|t:|1700196404\n|start\n|switch|p1a: Arceus|Arceus-Ground|100\/100\n|switch|p2a: Iron Treads|Iron Treads|100\/100\n|turn|1\n|j| patty cummins\n|j| Henri's Imouto\n|\n|t:|1700196418\n|-end|p2a: Iron Treads|Quark Drive|[silent]\n|switch|p2a: Gliscor|Gliscor, M|100\/100\n|move|p1a: Arceus|Swords Dance|p1a: Arceus\n|-boost|p1a: Arceus|atk|2\n|\n|-status|p2a: Gliscor|tox|[from] item: Toxic Orb\n|upkeep\n|turn|2\n|\n|t:|1700196424\n|move|p1a: Arceus|Taunt|p2a: Gliscor\n|-start|p2a: Gliscor|move: Taunt\n|cant|p2a: Gliscor|move: Taunt|Toxic\n|\n|upkeep\n|turn|3\n|\n|t:|1700196431\n|move|p1a: Arceus|Swords Dance|p1a: Arceus\n|-boost|p1a: Arceus|atk|2\n|move|p2a: Gliscor|Earthquake|p1a: Arceus\n|-damage|p1a: Arceus|77\/100\n|\n|upkeep\n|turn|4\n|\n|t:|1700196434\n|move|p1a: Arceus|Shadow Claw|p2a: Gliscor\n|-damage|p2a: Gliscor|39\/100 tox\n|move|p2a: Gliscor|Earthquake|p1a: Arceus\n|-damage|p1a: Arceus|55\/100\n|\n|-heal|p2a: Gliscor|52\/100 tox|[from] ability: Poison Heal\n|-end|p2a: Gliscor|move: Taunt\n|upkeep\n|turn|5\n|\n|t:|1700196440\n|switch|p2a: Kyogre|Kyogre|100\/100\n|-weather|RainDance|[from] ability: Drizzle|[of] p2a: Kyogre\n|move|p1a: Arceus|Shadow Claw|p2a: Kyogre\n|-damage|p2a: Kyogre|17\/100\n|\n|-weather|RainDance|[upkeep]\n|upkeep\n|turn|6\n|\n|t:|1700196445\n|move|p2a: Kyogre|Ice Beam|p1a: Arceus\n|-supereffective|p1a: Arceus\n|-damage|p1a: Arceus|3\/100\n|move|p1a: Arceus|Earthquake|p2a: Kyogre\n|-damage|p2a: Kyogre|0 fnt\n|faint|p2a: Kyogre\n|\n|-weather|RainDance|[upkeep]\n|upkeep\n|\n|t:|1700196449\n|switch|p2a: Arceus|Arceus|100\/100\n|turn|7\n|\n|t:|1700196455\n|-terastallize|p1a: Arceus|Ghost\n|move|p2a: Arceus|Extreme Speed|p1a: Arceus\n|-immune|p1a: Arceus\n|move|p1a: Arceus|Earthquake|p2a: Arceus\n|-damage|p2a: Arceus|0 fnt\n|faint|p2a: Arceus\n|\n|-weather|RainDance|[upkeep]\n|upkeep\n|\n|t:|1700196458\n|switch|p2a: Zacian|Zacian-Crowned|100\/100\n|-ability|p2a: Zacian|Intrepid Sword|boost\n|-boost|p2a: Zacian|atk|1\n|turn|8\n|\n|t:|1700196466\n|move|p2a: Zacian|Wild Charge|p1a: Arceus\n|-damage|p1a: Arceus|0 fnt\n|faint|p1a: Arceus\n|-damage|p2a: Zacian|99\/100|[from] Recoil\n|\n|-weather|RainDance|[upkeep]\n|upkeep\n|\n|t:|1700196467\n|switch|p1a: Ribombee|Ribombee, F|100\/100\n|turn|9\n|\n|t:|1700196470\n|switch|p2a: Iron Treads|Iron Treads|100\/100\n|move|p1a: Ribombee|Pounce|p2a: Iron Treads\n|-resisted|p2a: Iron Treads\n|-damage|p2a: Iron Treads|93\/100\n|-unboost|p2a: Iron Treads|spe|1\n|\n|-weather|none\n|-heal|p2a: Iron Treads|99\/100|[from] item: Leftovers\n|upkeep\n|turn|10\n|\n|t:|1700196476\n|move|p1a: Ribombee|Sticky Web|p2a: Iron Treads\n|-sidestart|p2: Enfyre|move: Sticky Web\n|move|p2a: Iron Treads|Stealth Rock|p1a: Ribombee\n|-sidestart|p1: skimmythegod|move: Stealth Rock\n|\n|-heal|p2a: Iron Treads|100\/100|[from] item: Leftovers\n|upkeep\n|turn|11\n|\n|t:|1700196479\n|switch|p1a: Basculegion|Basculegion, M|100\/100\n|-damage|p1a: Basculegion|88\/100|[from] Stealth Rock\n|move|p2a: Iron Treads|Rapid Spin|p1a: Basculegion\n|-immune|p1a: Basculegion\n|\n|-heal|p1a: Basculegion|94\/100|[from] item: Leftovers\n|upkeep\n|turn|12\n|\n|t:|1700196485\n|-end|p2a: Iron Treads|Quark Drive|[silent]\n|switch|p2a: Zacian|Zacian-Crowned|99\/100\n|-activate|p2a: Zacian|move: Sticky Web\n|-unboost|p2a: Zacian|spe|1\n|move|p1a: Basculegion|Wave Crash|p2a: Zacian\n|-damage|p2a: Zacian|26\/100\n|-damage|p1a: Basculegion|73\/100|[from] Recoil\n|\n|-heal|p1a: Basculegion|80\/100|[from] item: Leftovers\n|upkeep\n|turn|13\n|\n|t:|1700196489\n|move|p2a: Zacian|Wild Charge|p1a: Basculegion\n|-supereffective|p1a: Basculegion\n|-damage|p1a: Basculegion|0 fnt\n|faint|p1a: Basculegion\n|-damage|p2a: Zacian|3\/100|[from] Recoil\n|\n|upkeep\n|\n|t:|1700196498\n|switch|p1a: Koraidon|Koraidon|100\/100\n|-damage|p1a: Koraidon|94\/100|[from] Stealth Rock\n|-weather|SunnyDay|[from] ability: Orichalcum Pulse|[of] p1a: Koraidon\n|-activate|p1a: Koraidon|Orichalcum Pulse|[source]\n|turn|14\n|\n|t:|1700196502\n|move|p1a: Koraidon|Flame Charge|p2a: Zacian\n|-supereffective|p2a: Zacian\n|-damage|p2a: Zacian|0 fnt\n|-boost|p1a: Koraidon|spe|1\n|faint|p2a: Zacian\n|\n|-weather|SunnyDay|[upkeep]\n|upkeep\n|\n|t:|1700196504\n|switch|p2a: Skeledirge|Skeledirge, F|100\/100\n|turn|15\n|\n|t:|1700196507\n|move|p1a: Koraidon|Dragon Claw|p2a: Skeledirge\n|-damage|p2a: Skeledirge|68\/100\n|move|p2a: Skeledirge|Will-O-Wisp|p1a: Koraidon\n|-status|p1a: Koraidon|brn\n|-enditem|p1a: Koraidon|Lum Berry|[eat]\n|-curestatus|p1a: Koraidon|brn|[msg]\n|\n|-weather|SunnyDay|[upkeep]\n|upkeep\n|turn|16\n|\n|t:|1700196515\n|move|p1a: Koraidon|Dragon Claw|p2a: Skeledirge\n|-damage|p2a: Skeledirge|34\/100\n|move|p2a: Skeledirge|Slack Off|p2a: Skeledirge\n|-heal|p2a: Skeledirge|84\/100\n|\n|-weather|SunnyDay|[upkeep]\n|upkeep\n|turn|17\n|\n|t:|1700196522\n|switch|p1a: Miraidon|Miraidon|100\/100\n|-damage|p1a: Miraidon|88\/100|[from] Stealth Rock\n|-fieldstart|move: Electric Terrain|[from] ability: Hadron Engine|[of] p1a: Miraidon\n|move|p2a: Skeledirge|Will-O-Wisp|p1a: Miraidon\n|-status|p1a: Miraidon|brn\n|\n|-weather|SunnyDay|[upkeep]\n|-damage|p1a: Miraidon|82\/100 brn|[from] brn\n|upkeep\n|turn|18\n|\n|t:|1700196527\n|switch|p2a: Iron Treads|Iron Treads|100\/100\n|-activate|p2a: Iron Treads|move: Sticky Web\n|-unboost|p2a: Iron Treads|spe|1\n|-activate|p2a: Iron Treads|ability: Quark Drive\n|-start|p2a: Iron Treads|quarkdriveatk\n|move|p1a: Miraidon|Dragon Pulse|p2a: Iron Treads\n|-resisted|p2a: Iron Treads\n|-damage|p2a: Iron Treads|46\/100\n|-damage|p1a: Miraidon|72\/100 brn|[from] item: Life Orb\n|\n|-weather|none\n|-heal|p2a: Iron Treads|52\/100|[from] item: Leftovers\n|-damage|p1a: Miraidon|66\/100 brn|[from] brn\n|upkeep\n|turn|19\n|\n|t:|1700196534\n|move|p1a: Miraidon|Dragon Pulse|p2a: Iron Treads\n|-resisted|p2a: Iron Treads\n|-damage|p2a: Iron Treads|0 fnt\n|faint|p2a: Iron Treads\n|-end|p2a: Iron Treads|Quark Drive|[silent]\n|-damage|p1a: Miraidon|56\/100 brn|[from] item: Life Orb\n|\n|-damage|p1a: Miraidon|50\/100 brn|[from] brn\n|upkeep\n|\n|t:|1700196539\n|switch|p2a: Skeledirge|Skeledirge, F|84\/100\n|turn|20\n|\n|t:|1700196541\n|switch|p2a: Gliscor|Gliscor, M|52\/100 tox\n|move|p1a: Miraidon|Electro Drift|p2a: Gliscor\n|-immune|p2a: Gliscor\n|\n|-heal|p2a: Gliscor|64\/100 tox|[from] ability: Poison Heal\n|-damage|p1a: Miraidon|44\/100 brn|[from] brn\n|upkeep\n|turn|21\n|\n|t:|1700196543\n|move|p2a: Gliscor|Protect|p2a: Gliscor\n|-singleturn|p2a: Gliscor|Protect\n|move|p1a: Miraidon|Dragon Pulse|p2a: Gliscor\n|-activate|p2a: Gliscor|move: Protect\n|\n|-heal|p2a: Gliscor|76\/100 tox|[from] ability: Poison Heal\n|-damage|p1a: Miraidon|37\/100 brn|[from] brn\n|-fieldend|move: Electric Terrain\n|upkeep\n|turn|22\n|\n|t:|1700196550\n|switch|p1a: Koraidon|Koraidon|94\/100\n|-damage|p1a: Koraidon|88\/100|[from] Stealth Rock\n|-weather|SunnyDay|[from] ability: Orichalcum Pulse|[of] p1a: Koraidon\n|-activate|p1a: Koraidon|Orichalcum Pulse|[source]\n|move|p2a: Gliscor|Earthquake|p1a: Koraidon\n|-damage|p1a: Koraidon|57\/100\n|\n|-weather|SunnyDay|[upkeep]\n|-heal|p2a: Gliscor|89\/100 tox|[from] ability: Poison Heal\n|upkeep\n|turn|23\n|\n|t:|1700196555\n|move|p1a: Koraidon|Swords Dance|p1a: Koraidon\n|-boost|p1a: Koraidon|atk|2\n|move|p2a: Gliscor|Spikes|p1a: Koraidon\n|-sidestart|p1: skimmythegod|Spikes\n|\n|-weather|SunnyDay|[upkeep]\n|-heal|p2a: Gliscor|100\/100 tox|[from] ability: Poison Heal\n|upkeep\n|turn|24\n|\n|t:|1700196560\n|move|p2a: Gliscor|Protect|p2a: Gliscor\n|-singleturn|p2a: Gliscor|Protect\n|move|p1a: Koraidon|Dragon Claw|p2a: Gliscor\n|-activate|p2a: Gliscor|move: Protect\n|\n|-weather|SunnyDay|[upkeep]\n|upkeep\n|turn|25\n|\n|t:|1700196562\n|switch|p2a: Skeledirge|Skeledirge, F|84\/100\n|move|p1a: Koraidon|Dragon Claw|p2a: Skeledirge\n|-damage|p2a: Skeledirge|50\/100\n|\n|-weather|SunnyDay|[upkeep]\n|upkeep\n|turn|26\n|\n|t:|1700196564\n|move|p1a: Koraidon|Dragon Claw|p2a: Skeledirge\n|-damage|p2a: Skeledirge|19\/100\n|move|p2a: Skeledirge|Slack Off|p2a: Skeledirge\n|-heal|p2a: Skeledirge|69\/100\n|\n|-weather|none\n|upkeep\n|turn|27\n|\n|t:|1700196567\n|move|p1a: Koraidon|Dragon Claw|p2a: Skeledirge\n|-damage|p2a: Skeledirge|42\/100\n|move|p2a: Skeledirge|Slack Off|p2a: Skeledirge\n|-heal|p2a: Skeledirge|92\/100\n|\n|upkeep\n|turn|28\n|\n|t:|1700196570\n|move|p1a: Koraidon|Dragon Claw|p2a: Skeledirge\n|-damage|p2a: Skeledirge|67\/100\n|move|p2a: Skeledirge|Will-O-Wisp|p1a: Koraidon\n|-status|p1a: Koraidon|brn\n|\n|-damage|p1a: Koraidon|51\/100 brn|[from] brn\n|upkeep\n|turn|29\n|\n|t:|1700196574\n|move|p1a: Koraidon|Dragon Claw|p2a: Skeledirge\n|-damage|p2a: Skeledirge|55\/100\n|move|p2a: Skeledirge|Earth Power|p1a: Koraidon\n|-damage|p1a: Koraidon|28\/100 brn\n|\n|-damage|p1a: Koraidon|22\/100 brn|[from] brn\n|upkeep\n|turn|30\n|\n|t:|1700196577\n|move|p1a: Koraidon|Dragon Claw|p2a: Skeledirge\n|-damage|p2a: Skeledirge|41\/100\n|move|p2a: Skeledirge|Slack Off|p2a: Skeledirge\n|-heal|p2a: Skeledirge|91\/100\n|\n|-damage|p1a: Koraidon|15\/100 brn|[from] brn\n|upkeep\n|turn|31\n|\n|t:|1700196593\n|switch|p2a: Gliscor|Gliscor, M|100\/100 tox\n|move|p1a: Koraidon|Dragon Claw|p2a: Gliscor\n|-damage|p2a: Gliscor|67\/100 tox\n|\n|-heal|p2a: Gliscor|79\/100 tox|[from] ability: Poison Heal\n|-damage|p1a: Koraidon|9\/100 brn|[from] brn\n|upkeep\n|turn|32\n|\n|t:|1700196596\n|move|p1a: Koraidon|Dragon Claw|p2a: Gliscor\n|-damage|p2a: Gliscor|44\/100 tox\n|move|p2a: Gliscor|Spikes|p1a: Koraidon\n|-sidestart|p1: skimmythegod|Spikes\n|\n|-heal|p2a: Gliscor|57\/100 tox|[from] ability: Poison Heal\n|-damage|p1a: Koraidon|3\/100 brn|[from] brn\n|upkeep\n|turn|33\n|\n|t:|1700196600\n|move|p1a: Koraidon|Dragon Claw|p2a: Gliscor\n|-damage|p2a: Gliscor|24\/100 tox\n|move|p2a: Gliscor|Spikes|p1a: Koraidon\n|-sidestart|p1: skimmythegod|Spikes\n|\n|-heal|p2a: Gliscor|37\/100 tox|[from] ability: Poison Heal\n|-damage|p1a: Koraidon|0 fnt|[from] brn\n|faint|p1a: Koraidon\n|upkeep\n|\n|t:|1700196606\n|switch|p1a: Zacian|Zacian-Crowned|100\/100\n|-damage|p1a: Zacian|94\/100|[from] Stealth Rock\n|-damage|p1a: Zacian|69\/100|[from] Spikes\n|-ability|p1a: Zacian|Intrepid Sword|boost\n|-boost|p1a: Zacian|atk|1\n|turn|34\n|\n|t:|1700196613\n|switch|p2a: Skeledirge|Skeledirge, F|91\/100\n|move|p1a: Zacian|Ice Fang|p2a: Skeledirge\n|-resisted|p2a: Skeledirge\n|-damage|p2a: Skeledirge|84\/100\n|\n|upkeep\n|turn|35\n|\n|t:|1700196617\n|move|p1a: Zacian|Wild Charge|p2a: Skeledirge\n|-damage|p2a: Skeledirge|65\/100\n|-damage|p1a: Zacian|63\/100|[from] Recoil\n|move|p2a: Skeledirge|Torch Song|p1a: Zacian\n|-supereffective|p1a: Zacian\n|-damage|p1a: Zacian|8\/100\n|-boost|p2a: Skeledirge|spa|1\n|\n|upkeep\n|turn|36\n|\n|t:|1700196620\n|move|p1a: Zacian|Wild Charge|p2a: Skeledirge\n|-damage|p2a: Skeledirge|42\/100\n|-damage|p1a: Zacian|1\/100|[from] Recoil\n|move|p2a: Skeledirge|Earth Power|p1a: Zacian\n|-supereffective|p1a: Zacian\n|-damage|p1a: Zacian|0 fnt\n|faint|p1a: Zacian\n|\n|upkeep\n|\n|t:|1700196623\n|switch|p1a: Miraidon|Miraidon|37\/100 brn\n|-damage|p1a: Miraidon|25\/100 brn|[from] Stealth Rock\n|-damage|p1a: Miraidon|0 fnt|[from] Spikes\n|faint|p1a: Miraidon\n|\n|t:|1700196625\n|switch|p1a: Ribombee|Ribombee, F|100\/100\n|-damage|p1a: Ribombee|76\/100|[from] Stealth Rock\n|-damage|p1a: Ribombee|51\/100|[from] Spikes\n|turn|37\n|c|\u2606Enfyre|g g\n|\n|t:|1700196629\n|move|p1a: Ribombee|Psychic|p2a: Skeledirge\n|-damage|p2a: Skeledirge|20\/100\n|move|p2a: Skeledirge|Torch Song|p1a: Ribombee\n|-supereffective|p1a: Ribombee\n|-crit|p1a: Ribombee\n|-damage|p1a: Ribombee|0 fnt\n|-boost|p2a: Skeledirge|spa|1\n|faint|p1a: Ribombee\n|\n|win|Enfyre\n|n|\u2606skimmythegod|skimmythegod\n|n|\u2606Enfyre|enfyre\n|n| patty cummins|pattycummins\n|n| Henri's Imouto|henrisimouto\n|l|\u2606skimmythegod\n","uploadtime":1700196641,"views":6,"p1id":"skimmythegod","p2id":"enfyre","formatid":"gen9ubers","rating":0,"private":0,"password":""}