{"id":"gen9ubers-1971761966","p1":"Uubers account","p2":"Skythegastrodon","format":"[Gen 9] Ubers","log":"|j|\u2606Uubers account\n|j|\u2606Skythegastrodon\n|t:|1697769236\n|gametype|singles\n|player|p1|Uubers account|2|\n|player|p2|Skythegastrodon|wallace|\n|teamsize|p1|6\n|teamsize|p2|6\n|gen|9\n|tier|[Gen 9] Ubers\n|rule|Sleep Clause Mod: Limit one foe put to sleep\n|rule|Species Clause: Limit one of each Pok\u00e9mon\n|rule|OHKO Clause: OHKO moves are banned\n|rule|Evasion Items Clause: Evasion items are banned\n|rule|Evasion Moves Clause: Evasion moves are banned\n|rule|Endless Battle Clause: Forcing endless battles is banned\n|rule|HP Percentage Mod: HP is shown in percentages\n|clearpoke\n|poke|p1|Gliscor, F|\n|poke|p1|Dialga|\n|poke|p1|Magearna|\n|poke|p1|Gholdengo|\n|poke|p1|Arceus-Dark|\n|poke|p1|Cyclizar, M|\n|poke|p2|Magearna|\n|poke|p2|Palkia-Origin|\n|poke|p2|Mandibuzz, F|\n|poke|p2|Garchomp, F|\n|poke|p2|Shaymin-Sky|\n|poke|p2|Arceus-Dark|\n|teampreview\n|\n|t:|1697769274\n|start\n|switch|p1a: Magearna|Magearna|100\/100\n|switch|p2a: Artificer|Magearna|100\/100\n|turn|1\n|j| fwuffypetsowo\n|\n|t:|1697769283\n|move|p2a: Artificer|Trick|p1a: Magearna\n|-activate|p2a: Artificer|move: Trick|[of] p1a: Magearna\n|-item|p1a: Magearna|Choice Scarf|[from] move: Trick\n|-item|p2a: Artificer|Leftovers|[from] move: Trick\n|move|p1a: Magearna|Thunder Wave|p2a: Artificer\n|-status|p2a: Artificer|par\n|\n|upkeep\n|turn|2\n|\n|t:|1697769296\n|switch|p1a: Gliscor|Gliscor, F|100\/100\n|move|p2a: Artificer|Spikes|p1a: Gliscor\n|-sidestart|p1: Uubers account|Spikes\n|\n|-status|p1a: Gliscor|tox|[from] item: Toxic Orb\n|upkeep\n|turn|3\n|j| Megalomazement\n|\n|t:|1697769311\n|switch|p1a: Cyclizar|Cyclizar, M|100\/100\n|move|p2a: Artificer|Spikes|p1a: Cyclizar\n|-sidestart|p1: Uubers account|Spikes\n|\n|upkeep\n|turn|4\n|\n|t:|1697769316\n|move|p1a: Cyclizar|Shed Tail|p1a: Cyclizar\n|-start|p1a: Cyclizar|Substitute|[from] move: Shed Tail\n|-damage|p1a: Cyclizar|50\/100\n|\n|t:|1697769328\n|switch|p1a: Dialga|Dialga|100\/100|[from] Shed Tail\n|-damage|p1a: Dialga|84\/100|[from] Spikes\n|-ability|p1a: Dialga|Pressure\n|cant|p2a: Artificer|par\n|\n|-heal|p1a: Dialga|90\/100|[from] item: Leftovers\n|upkeep\n|turn|5\n|\n|t:|1697769336\n|move|p1a: Dialga|Stealth Rock|p2a: Artificer\n|-sidestart|p2: Skythegastrodon|move: Stealth Rock\n|move|p2a: Artificer|Volt Switch|p1a: Dialga\n|-resisted|p1a: Dialga\n|-crit|p1a: Dialga\n|-activate|p1a: Dialga|move: Substitute|[damage]\n|\n|t:|1697769348\n|switch|p2a: Void Fiend|Arceus-Dark|100\/100|[from] Volt Switch\n|-damage|p2a: Void Fiend|88\/100|[from] Stealth Rock\n|\n|-heal|p1a: Dialga|96\/100|[from] item: Leftovers\n|upkeep\n|turn|6\n|\n|t:|1697769353\n|move|p2a: Void Fiend|Judgment|p1a: Dialga\n|-end|p1a: Dialga|Substitute\n|move|p1a: Dialga|Thunder Wave|p2a: Void Fiend\n|-status|p2a: Void Fiend|par\n|\n|-heal|p1a: Dialga|100\/100|[from] item: Leftovers\n|upkeep\n|turn|7\n|\n|t:|1697769365\n|cant|p2a: Void Fiend|par\n|move|p1a: Dialga|Roar|p2a: Void Fiend\n|drag|p2a: R.E.X|Shaymin-Sky|100\/100\n|\n|upkeep\n|turn|8\n|\n|t:|1697769372\n|move|p2a: R.E.X|Air Slash|p1a: Dialga\n|-resisted|p1a: Dialga\n|-damage|p1a: Dialga|89\/100\n|cant|p1a: Dialga|flinch\n|\n|-heal|p1a: Dialga|95\/100|[from] item: Leftovers\n|upkeep\n|turn|9\n|\n|t:|1697769379\n|move|p2a: R.E.X|Earth Power|p1a: Dialga\n|-supereffective|p1a: Dialga\n|-crit|p1a: Dialga\n|-damage|p1a: Dialga|42\/100\n|move|p1a: Dialga|Thunder Wave|p2a: R.E.X\n|-status|p2a: R.E.X|par\n|\n|-heal|p1a: Dialga|49\/100|[from] item: Leftovers\n|upkeep\n|turn|10\n|\n|t:|1697769408\n|-terastallize|p1a: Dialga|Flying\n|move|p1a: Dialga|Draco Meteor|p2a: R.E.X\n|-damage|p2a: R.E.X|17\/100 par\n|-unboost|p1a: Dialga|spa|2\n|move|p2a: R.E.X|Earth Power|p1a: Dialga\n|-immune|p1a: Dialga\n|\n|-heal|p1a: Dialga|55\/100|[from] item: Leftovers\n|upkeep\n|turn|11\n|\n|t:|1697769418\n|move|p1a: Dialga|Draco Meteor|p2a: R.E.X\n|-damage|p2a: R.E.X|0 fnt\n|-unboost|p1a: Dialga|spa|2\n|faint|p2a: R.E.X\n|\n|-heal|p1a: Dialga|61\/100|[from] item: Leftovers\n|upkeep\n|\n|t:|1697769422\n|switch|p2a: Elder Lemurian|Garchomp, F|100\/100\n|-damage|p2a: Elder Lemurian|94\/100|[from] Stealth Rock\n|turn|12\n|\n|t:|1697769431\n|switch|p1a: Magearna|Magearna|100\/100\n|-damage|p1a: Magearna|84\/100|[from] Spikes\n|-terastallize|p2a: Elder Lemurian|Steel\n|move|p2a: Elder Lemurian|Scale Shot|p1a: Magearna\n|-immune|p1a: Magearna\n|\n|upkeep\n|turn|13\n|\n|t:|1697769440\n|move|p2a: Elder Lemurian|Earthquake|p1a: Magearna\n|-supereffective|p1a: Magearna\n|-damage|p1a: Magearna|16\/100\n|move|p1a: Magearna|Thunder Wave|p2a: Elder Lemurian\n|-status|p2a: Elder Lemurian|par\n|\n|upkeep\n|turn|14\n|\n|t:|1697769452\n|switch|p1a: Gliscor|Gliscor, F|100\/100 tox\n|move|p2a: Elder Lemurian|Earthquake|p1a: Gliscor\n|-immune|p1a: Gliscor\n|\n|upkeep\n|turn|15\n|\n|t:|1697769461\n|move|p1a: Gliscor|Earthquake|p2a: Elder Lemurian\n|-supereffective|p2a: Elder Lemurian\n|-damage|p2a: Elder Lemurian|29\/100 par\n|move|p2a: Elder Lemurian|Scale Shot|p1a: Gliscor|[miss]\n|-miss|p2a: Elder Lemurian|p1a: Gliscor\n|\n|upkeep\n|turn|16\n|\n|t:|1697769470\n|move|p1a: Gliscor|Earthquake|p2a: Elder Lemurian\n|-supereffective|p2a: Elder Lemurian\n|-damage|p2a: Elder Lemurian|0 fnt\n|faint|p2a: Elder Lemurian\n|\n|upkeep\n|\n|t:|1697769473\n|switch|p2a: Mithrix|Palkia-Origin|100\/100\n|-damage|p2a: Mithrix|88\/100|[from] Stealth Rock\n|-ability|p2a: Mithrix|Pressure\n|turn|17\n|\n|t:|1697769478\n|switch|p1a: Magearna|Magearna|16\/100\n|-damage|p1a: Magearna|0 fnt|[from] Spikes\n|faint|p1a: Magearna\n|move|p2a: Mithrix|Scale Shot|p1: Magearna|[notarget]\n|-fail|p2a: Mithrix\n|\n|upkeep\n|\n|t:|1697769490\n|switch|p1a: Dialga|Dialga, tera:Flying|61\/100\n|-ability|p1a: Dialga|Pressure\n|turn|18\n|\n|t:|1697769496\n|move|p2a: Mithrix|Spacial Rend|p1a: Dialga\n|-damage|p1a: Dialga|18\/100\n|move|p1a: Dialga|Draco Meteor|p2a: Mithrix\n|-supereffective|p2a: Mithrix\n|-damage|p2a: Mithrix|0 fnt\n|-unboost|p1a: Dialga|spa|2\n|faint|p2a: Mithrix\n|\n|-heal|p1a: Dialga|24\/100|[from] item: Leftovers\n|upkeep\n|\n|t:|1697769506\n|switch|p2a: Void Fiend|Arceus-Dark|88\/100 par\n|-damage|p2a: Void Fiend|76\/100 par|[from] Stealth Rock\n|turn|19\n|\n|t:|1697769510\n|move|p2a: Void Fiend|Judgment|p1a: Dialga\n|-damage|p1a: Dialga|0 fnt\n|faint|p1a: Dialga\n|\n|upkeep\n|\n|t:|1697769517\n|switch|p1a: Gholdengo|Gholdengo|100\/100\n|-item|p1a: Gholdengo|Air Balloon\n|turn|20\n|\n|t:|1697769539\n|switch|p1a: Gliscor|Gliscor, F|100\/100 tox\n|move|p2a: Void Fiend|Judgment|p1a: Gliscor\n|-damage|p1a: Gliscor|50\/100 tox\n|\n|-heal|p1a: Gliscor|63\/100 tox|[from] ability: Poison Heal\n|upkeep\n|turn|21\n|\n|t:|1697769549\n|move|p1a: Gliscor|Protect|p1a: Gliscor\n|-singleturn|p1a: Gliscor|Protect\n|move|p2a: Void Fiend|Judgment|p1a: Gliscor\n|-activate|p1a: Gliscor|move: Protect\n|\n|-heal|p1a: Gliscor|75\/100 tox|[from] ability: Poison Heal\n|upkeep\n|turn|22\n|\n|t:|1697769565\n|switch|p2a: Alloy Vulture|Mandibuzz, F|100\/100\n|move|p1a: Gliscor|Earthquake|p2a: Alloy Vulture\n|-immune|p2a: Alloy Vulture\n|\n|-heal|p1a: Gliscor|88\/100 tox|[from] ability: Poison Heal\n|upkeep\n|turn|23\n|\n|t:|1697769571\n|move|p1a: Gliscor|Toxic|p2a: Alloy Vulture\n|-status|p2a: Alloy Vulture|tox\n|move|p2a: Alloy Vulture|Foul Play|p1a: Gliscor\n|-damage|p1a: Gliscor|64\/100 tox\n|\n|-heal|p1a: Gliscor|77\/100 tox|[from] ability: Poison Heal\n|-damage|p2a: Alloy Vulture|94\/100 tox|[from] psn\n|upkeep\n|turn|24\n|\n|t:|1697769578\n|switch|p1a: Cyclizar|Cyclizar, M|84\/100\n|move|p2a: Alloy Vulture|U-turn|p1a: Cyclizar\n|-damage|p1a: Cyclizar|69\/100\n|\n|t:|1697769583\n|switch|p2a: Void Fiend|Arceus-Dark|76\/100 par|[from] U-turn\n|-damage|p2a: Void Fiend|63\/100 par|[from] Stealth Rock\n|\n|upkeep\n|turn|25\n|\n|t:|1697769588\n|move|p1a: Cyclizar|Shed Tail|p1a: Cyclizar\n|-start|p1a: Cyclizar|Substitute|[from] move: Shed Tail\n|-damage|p1a: Cyclizar|19\/100\n|\n|t:|1697769590\n|switch|p1a: Gholdengo|Gholdengo|100\/100|[from] Shed Tail\n|-item|p1a: Gholdengo|Air Balloon\n|cant|p2a: Void Fiend|par\n|\n|upkeep\n|turn|26\n|\n|t:|1697769594\n|move|p1a: Gholdengo|Nasty Plot|p1a: Gholdengo\n|-boost|p1a: Gholdengo|spa|2\n|cant|p2a: Void Fiend|par\n|\n|upkeep\n|turn|27\n|\n|t:|1697769600\n|move|p1a: Gholdengo|Make It Rain|p2a: Void Fiend\n|-damage|p2a: Void Fiend|0 fnt\n|-unboost|p1a: Gholdengo|spa|1\n|faint|p2a: Void Fiend\n|\n|upkeep\n|\n|t:|1697769606\n|switch|p2a: Artificer|Magearna|100\/100 par\n|-damage|p2a: Artificer|94\/100 par|[from] Stealth Rock\n|turn|28\n|c|\u2606Uubers account|gg\n|\n|t:|1697769613\n|move|p1a: Gholdengo|Nasty Plot|p1a: Gholdengo\n|-boost|p1a: Gholdengo|spa|2\n|cant|p2a: Artificer|par\n|\n|-heal|p2a: Artificer|100\/100 par|[from] item: Leftovers\n|upkeep\n|turn|29\n|\n|t:|1697769620\n|move|p1a: Gholdengo|Make It Rain|p2a: Artificer\n|-damage|p2a: Artificer|0 fnt\n|-unboost|p1a: Gholdengo|spa|1\n|faint|p2a: Artificer\n|\n|upkeep\n|\n|t:|1697769627\n|switch|p2a: Alloy Vulture|Mandibuzz, F|94\/100 tox\n|turn|30\n|\n|t:|1697769632\n|move|p1a: Gholdengo|Make It Rain|p2a: Alloy Vulture\n|-damage|p2a: Alloy Vulture|3\/100 tox\n|-unboost|p1a: Gholdengo|spa|1\n|move|p2a: Alloy Vulture|Foul Play|p1a: Gholdengo\n|-supereffective|p1a: Gholdengo\n|-end|p1a: Gholdengo|Substitute\n|-enditem|p1a: Gholdengo|Air Balloon\n|\n|-damage|p2a: Alloy Vulture|0 fnt|[from] psn\n|faint|p2a: Alloy Vulture\n|\n|win|Uubers account\n|upkeep\n|l| Megalomazement\n|c|\u2606Skythegastrodon|gg\n","uploadtime":1697769661,"views":18,"p1id":"uubersaccount","p2id":"skythegastrodon","formatid":"gen9ubers","rating":0,"private":0,"password":""}