{"id":"gen9ubers-1993542430","p1":"termofservice","p2":"Fireblitz15","format":"[Gen 9] Ubers","log":"|j|\u2606termofservice\n|j|\u2606Fireblitz15\n|t:|1700329863\n|gametype|singles\n|player|p1|termofservice|cynthia-masters|\n|player|p2|Fireblitz15|karen|\n|teamsize|p1|6\n|teamsize|p2|6\n|gen|9\n|tier|[Gen 9] Ubers\n|rule|Sleep Clause Mod: Limit one foe put to sleep\n|rule|Species Clause: Limit one of each Pok\u00e9mon\n|rule|OHKO Clause: OHKO moves are banned\n|rule|Evasion Items Clause: Evasion items are banned\n|rule|Evasion Moves Clause: Evasion moves are banned\n|rule|Endless Battle Clause: Forcing endless battles is banned\n|rule|HP Percentage Mod: HP is shown in percentages\n|clearpoke\n|poke|p1|Pincurchin, F|\n|poke|p1|Raichu-Alola, M|\n|poke|p1|Sneasler, F|\n|poke|p1|Thundurus-Therian, M|\n|poke|p1|Cyclizar, M|\n|poke|p1|Iron Valiant|\n|poke|p2|Magearna|\n|poke|p2|Arceus-Poison|\n|poke|p2|Zacian-*|\n|poke|p2|Dialga|\n|poke|p2|Ursaluna, F|\n|poke|p2|Dragapult, M|\n|teampreview\n|\n|t:|1700329887\n|start\n|switch|p1a: Pincurchin|Pincurchin, F|100\/100\n|switch|p2a: Dialga|Dialga|100\/100\n|-ability|p2a: Dialga|Pressure\n|-fieldstart|move: Electric Terrain|[from] ability: Electric Surge|[of] p1a: Pincurchin\n|turn|1\n|\n|t:|1700329894\n|switch|p1a: Thundurus|Thundurus-Therian, M|100\/100\n|move|p2a: Dialga|Trick Room|p2a: Dialga\n|-fieldstart|move: Trick Room|[of] p2a: Dialga\n|\n|upkeep\n|turn|2\n|\n|t:|1700329906\n|move|p2a: Dialga|Draco Meteor|p1a: Thundurus\n|-damage|p1a: Thundurus|0 fnt\n|-unboost|p2a: Dialga|spa|2\n|faint|p1a: Thundurus\n|\n|upkeep\n|\n|t:|1700329917\n|switch|p1a: Pincurchin|Pincurchin, F|100\/100\n|turn|3\n|\n|t:|1700329923\n|switch|p2a: Ursaluna|Ursaluna, F|100\/100\n|move|p1a: Pincurchin|Discharge|p2a: Ursaluna\n|-immune|p2a: Ursaluna\n|\n|-status|p2a: Ursaluna|brn|[from] item: Flame Orb\n|upkeep\n|turn|4\n|\n|t:|1700329933\n|switch|p1a: Cyclizar|Cyclizar, M|100\/100\n|-terastallize|p2a: Ursaluna|Normal\n|move|p2a: Ursaluna|Facade|p1a: Cyclizar\n|-damage|p1a: Cyclizar|0 fnt\n|faint|p1a: Cyclizar\n|\n|-damage|p2a: Ursaluna|94\/100 brn|[from] brn\n|upkeep\n|\n|t:|1700329943\n|switch|p1a: Raichu|Raichu-Alola, M|100\/100\n|turn|5\n|\n|t:|1700329948\n|switch|p1a: Sneasler|Sneasler, F|100\/100\n|-enditem|p1a: Sneasler|Electric Seed\n|-boost|p1a: Sneasler|def|1|[from] item: Electric Seed\n|move|p2a: Ursaluna|Facade|p1a: Sneasler\n|-damage|p1a: Sneasler|0 fnt\n|faint|p1a: Sneasler\n|\n|-damage|p2a: Ursaluna|88\/100 brn|[from] brn\n|-fieldend|move: Trick Room\n|upkeep\n|\n|t:|1700329961\n|switch|p1a: Iron Valiant|Iron Valiant|100\/100\n|-activate|p1a: Iron Valiant|ability: Quark Drive\n|-start|p1a: Iron Valiant|quarkdrivespe\n|turn|6\n|\n|t:|1700329967\n|switch|p2a: Dragapult|Dragapult, M|100\/100\n|move|p1a: Iron Valiant|Aura Sphere|p2a: Dragapult\n|-immune|p2a: Dragapult\n|\n|upkeep\n|turn|7\n|\n|t:|1700329974\n|switch|p2a: Magearna|Magearna|100\/100\n|move|p1a: Iron Valiant|Moonblast|p2a: Magearna\n|-resisted|p2a: Magearna\n|-damage|p2a: Magearna|79\/100\n|-damage|p1a: Iron Valiant|91\/100|[from] item: Life Orb\n|\n|upkeep\n|turn|8\n|\n|t:|1700329984\n|move|p1a: Iron Valiant|Aura Sphere|p2a: Magearna\n|-damage|p2a: Magearna|45\/100\n|-damage|p1a: Iron Valiant|81\/100|[from] item: Life Orb\n|move|p2a: Magearna|Trick Room|p2a: Magearna\n|-fieldstart|move: Trick Room|[of] p2a: Magearna\n|\n|-fieldend|move: Electric Terrain\n|-end|p1a: Iron Valiant|Quark Drive\n|upkeep\n|turn|9\n|\n|t:|1700329991\n|-end|p1a: Iron Valiant|Quark Drive|[silent]\n|switch|p1a: Pincurchin|Pincurchin, F|100\/100\n|-fieldstart|move: Electric Terrain|[from] ability: Electric Surge|[of] p1a: Pincurchin\n|move|p2a: Magearna|Volt Switch|p1a: Pincurchin\n|-resisted|p1a: Pincurchin\n|-damage|p1a: Pincurchin|80\/100\n|\n|t:|1700330000\n|switch|p2a: Ursaluna|Ursaluna, F, tera:Normal|88\/100 brn|[from] Volt Switch\n|\n|-damage|p2a: Ursaluna|82\/100 brn|[from] brn\n|upkeep\n|turn|10\n|c|\u2606Fireblitz15|gg\n|\n|t:|1700330013\n|-terastallize|p1a: Pincurchin|Electric\n|move|p1a: Pincurchin|Discharge|p2a: Ursaluna\n|-damage|p2a: Ursaluna|28\/100 brn\n|move|p2a: Ursaluna|Facade|p1a: Pincurchin\n|-damage|p1a: Pincurchin|0 fnt\n|faint|p1a: Pincurchin\n|\n|-damage|p2a: Ursaluna|22\/100 brn|[from] brn\n|upkeep\n|-message|termofservice forfeited.\n|\n|win|Fireblitz15\n|l|\u2606termofservice\n|j|\u2606termofservice\n|player|p1|termofservice|cynthia-masters\n|l|\u2606termofservice\n|player|p1|\n","uploadtime":1700330923,"views":13,"p1id":"termofservice","p2id":"fireblitz15","formatid":"gen9ubers","rating":0,"private":0,"password":""}