{"id":"gen9ubers-1997370352","p1":"disciple of blahaj","p2":"jnffjrnfnrjg","format":"[Gen 9] Ubers","log":"|j|\u2606disciple of blahaj\n|j|\u2606jnffjrnfnrjg\n|t:|1700795312\n|gametype|singles\n|player|p1|disciple of blahaj|beauty-gen6xy|1109\n|player|p2|jnffjrnfnrjg|102|1000\n|teamsize|p1|6\n|teamsize|p2|6\n|gen|9\n|tier|[Gen 9] Ubers\n|rated|\n|rule|Sleep Clause Mod: Limit one foe put to sleep\n|rule|Species Clause: Limit one of each Pok\u00e9mon\n|rule|OHKO Clause: OHKO moves are banned\n|rule|Evasion Items Clause: Evasion items are banned\n|rule|Evasion Moves Clause: Evasion moves are banned\n|rule|Endless Battle Clause: Forcing endless battles is banned\n|rule|HP Percentage Mod: HP is shown in percentages\n|clearpoke\n|poke|p1|Sneasler, F|\n|poke|p1|Miraidon|\n|poke|p1|Volcarona, M|\n|poke|p1|Espathra, F|\n|poke|p1|Iron Bundle|\n|poke|p1|Altaria, M|\n|poke|p2|Garchomp, F|\n|poke|p2|Diancie|\n|poke|p2|Ogerpon-Wellspring, F|\n|poke|p2|Iron Thorns|\n|poke|p2|Infernape, F|\n|poke|p2|Baxcalibur, M|\n|teampreview\n|\n|t:|1700795318\n|start\n|switch|p1a: Cleo|Espathra, F, shiny|100\/100\n|switch|p2a: Diancie|Diancie|100\/100\n|turn|1\n|\n|t:|1700795325\n|move|p1a: Cleo|Calm Mind|p1a: Cleo\n|-boost|p1a: Cleo|spa|1\n|-boost|p1a: Cleo|spd|1\n|move|p2a: Diancie|Rock Polish|p2a: Diancie\n|-boost|p2a: Diancie|spe|2\n|\n|-ability|p1a: Cleo|Speed Boost|boost\n|-boost|p1a: Cleo|spe|1\n|upkeep\n|turn|2\n|\n|t:|1700795333\n|move|p1a: Cleo|Calm Mind|p1a: Cleo\n|-boost|p1a: Cleo|spa|1\n|-boost|p1a: Cleo|spd|1\n|move|p2a: Diancie|Rock Polish|p2a: Diancie\n|-boost|p2a: Diancie|spe|2\n|\n|-ability|p1a: Cleo|Speed Boost|boost\n|-boost|p1a: Cleo|spe|1\n|upkeep\n|turn|3\n|\n|t:|1700795349\n|move|p1a: Cleo|Calm Mind|p1a: Cleo\n|-boost|p1a: Cleo|spa|1\n|-boost|p1a: Cleo|spd|1\n|move|p2a: Diancie|Diamond Storm|p1a: Cleo\n|-damage|p1a: Cleo|43\/100\n|-boost|p2a: Diancie|def|2\n|\n|-heal|p1a: Cleo|49\/100|[from] item: Leftovers\n|-ability|p1a: Cleo|Speed Boost|boost\n|-boost|p1a: Cleo|spe|1\n|upkeep\n|turn|4\n|\n|t:|1700795379\n|move|p1a: Cleo|Stored Power|p2a: Diancie\n|-damage|p2a: Diancie|0 fnt\n|faint|p2a: Diancie\n|\n|-heal|p1a: Cleo|55\/100|[from] item: Leftovers\n|-ability|p1a: Cleo|Speed Boost|boost\n|-boost|p1a: Cleo|spe|1\n|upkeep\n|\n|t:|1700795393\n|switch|p2a: Infernape|Infernape, F|100\/100\n|turn|5\n|\n|t:|1700795404\n|-terastallize|p2a: Infernape|Fire\n|move|p1a: Cleo|Protect|p1a: Cleo\n|-singleturn|p1a: Cleo|Protect\n|move|p2a: Infernape|Fire Punch|p1a: Cleo\n|-activate|p1a: Cleo|move: Protect\n|\n|-heal|p1a: Cleo|62\/100|[from] item: Leftovers\n|-ability|p1a: Cleo|Speed Boost|boost\n|-boost|p1a: Cleo|spe|1\n|upkeep\n|turn|6\n|\n|t:|1700795420\n|move|p1a: Cleo|Stored Power|p2a: Infernape\n|-enditem|p2a: Infernape|Focus Sash\n|-damage|p2a: Infernape|1\/100\n|move|p2a: Infernape|Fire Punch|p1a: Cleo\n|-damage|p1a: Cleo|0 fnt\n|faint|p1a: Cleo\n|\n|upkeep\n|\n|t:|1700795440\n|switch|p1a: Gimme Sammich|Miraidon|100\/100\n|-fieldstart|move: Electric Terrain|[from] ability: Hadron Engine|[of] p1a: Gimme Sammich\n|turn|7\n|\n|t:|1700795450\n|switch|p1a: Snawty|Sneasler, F, shiny|100\/100\n|-enditem|p1a: Snawty|Electric Seed\n|-boost|p1a: Snawty|def|1|[from] item: Electric Seed\n|move|p2a: Infernape|Slack Off|p2a: Infernape\n|-heal|p2a: Infernape|51\/100\n|\n|upkeep\n|turn|8\n|\n|t:|1700795466\n|move|p1a: Snawty|Gunk Shot|p2a: Infernape\n|-damage|p2a: Infernape|0 fnt\n|faint|p2a: Infernape\n|\n|upkeep\n|\n|t:|1700795489\n|switch|p2a: Ogerpon|Ogerpon-Wellspring, F|100\/100\n|turn|9\n|\n|t:|1700795504\n|move|p1a: Snawty|Gunk Shot|p2a: Ogerpon\n|-supereffective|p2a: Ogerpon\n|-damage|p2a: Ogerpon|0 fnt\n|faint|p2a: Ogerpon\n|\n|upkeep\n|\n|t:|1700795510\n|switch|p2a: Iron Thorns|Iron Thorns|100\/100\n|-activate|p2a: Iron Thorns|ability: Quark Drive\n|-start|p2a: Iron Thorns|quarkdriveatk\n|turn|10\n|\n|t:|1700795517\n|move|p1a: Snawty|Close Combat|p2a: Iron Thorns\n|-supereffective|p2a: Iron Thorns\n|-damage|p2a: Iron Thorns|0 fnt\n|-unboost|p1a: Snawty|def|1\n|-unboost|p1a: Snawty|spd|1\n|faint|p2a: Iron Thorns\n|-end|p2a: Iron Thorns|Quark Drive|[silent]\n|\n|upkeep\n|\n|t:|1700795528\n|switch|p2a: Garchomp|Garchomp, F|100\/100\n|turn|11\n|\n|t:|1700795553\n|-terastallize|p1a: Snawty|Flying\n|move|p1a: Snawty|Swords Dance|p1a: Snawty\n|-boost|p1a: Snawty|atk|2\n|move|p2a: Garchomp|Earthquake|p1a: Snawty\n|-immune|p1a: Snawty\n|\n|-fieldend|move: Electric Terrain\n|upkeep\n|turn|12\n|l|\u2606jnffjrnfnrjg\n|player|p2|\n|inactive|Battle timer is ON: inactive players will automatically lose when time's up. (requested by disciple of blahaj)\n|inactive|jnffjrnfnrjg has 30 seconds to reconnect!\n|inactive|jnffjrnfnrjg has 20 seconds to reconnect!\n|inactive|jnffjrnfnrjg has 15 seconds to reconnect!\n|inactive|jnffjrnfnrjg has 10 seconds to reconnect!\n|inactive|jnffjrnfnrjg has 5 seconds to reconnect!\n|-message|jnffjrnfnrjg lost due to inactivity.\n|\n|win|disciple of blahaj\n|raw|disciple of blahaj's rating: 1109 &rarr; <strong>1126<\/strong><br \/>(+17 for winning)\n|raw|jnffjrnfnrjg's rating: 1000 &rarr; <strong>1000<\/strong><br \/>(+0 for losing)\n","uploadtime":1700795692,"views":21,"p1id":"discipleofblahaj","p2id":"jnffjrnfnrjg","formatid":"gen9ubers","rating":1000,"private":0,"password":""}