{"id":"gen9ubers-1993035377","p1":"gatooopep","p2":"Raiozin","format":"[Gen 9] Ubers","log":"|j|\u2606gatooopep\n|j|\u2606Raiozin\n|t:|1700257688\n|gametype|singles\n|player|p1|gatooopep|102|1000\n|player|p2|Raiozin|gambler|1021\n|teamsize|p1|6\n|teamsize|p2|6\n|gen|9\n|tier|[Gen 9] Ubers\n|rated|\n|rule|Sleep Clause Mod: Limit one foe put to sleep\n|rule|Species Clause: Limit one of each Pok\u00e9mon\n|rule|OHKO Clause: OHKO moves are banned\n|rule|Evasion Items Clause: Evasion items are banned\n|rule|Evasion Moves Clause: Evasion moves are banned\n|rule|Endless Battle Clause: Forcing endless battles is banned\n|rule|HP Percentage Mod: HP is shown in percentages\n|clearpoke\n|poke|p1|Gardevoir, M|\n|poke|p1|Delphox, M|\n|poke|p1|Gengar, M|\n|poke|p1|Salamence, M|\n|poke|p1|Torterra, M|\n|poke|p1|Eelektross, F|\n|poke|p2|Kommo-o, M|\n|poke|p2|Chien-Pao|\n|poke|p2|Basculegion, M|\n|poke|p2|Espathra, M|\n|poke|p2|Lucario, M|\n|poke|p2|Kyogre|\n|teampreview\n|\n|t:|1700257701\n|start\n|switch|p1a: Gengar|Gengar, M|100\/100\n|switch|p2a: Espathra|Espathra, M|100\/100\n|turn|1\n|\n|t:|1700257708\n|move|p2a: Espathra|Protect|p2a: Espathra\n|-singleturn|p2a: Espathra|Protect\n|move|p1a: Gengar|Shadow Claw|p2a: Espathra\n|-activate|p2a: Espathra|move: Protect\n|\n|-ability|p2a: Espathra|Speed Boost|boost\n|-boost|p2a: Espathra|spe|1\n|upkeep\n|turn|2\n|\n|t:|1700257720\n|move|p2a: Espathra|Calm Mind|p2a: Espathra\n|-boost|p2a: Espathra|spa|1\n|-boost|p2a: Espathra|spd|1\n|move|p1a: Gengar|Shadow Claw|p2a: Espathra\n|-supereffective|p2a: Espathra\n|-damage|p2a: Espathra|46\/100\n|\n|-ability|p2a: Espathra|Speed Boost|boost\n|-boost|p2a: Espathra|spe|1\n|upkeep\n|turn|3\n|\n|t:|1700257731\n|-terastallize|p1a: Gengar|Ghost\n|move|p2a: Espathra|Protect|p2a: Espathra\n|-singleturn|p2a: Espathra|Protect\n|move|p1a: Gengar|Shadow Claw|p2a: Espathra\n|-activate|p2a: Espathra|move: Protect\n|\n|-ability|p2a: Espathra|Speed Boost|boost\n|-boost|p2a: Espathra|spe|1\n|upkeep\n|turn|4\n|inactive|Battle timer is ON: inactive players will automatically lose when time's up. (requested by Raiozin)\n|\n|t:|1700257776\n|switch|p2a: Chien-Pao|Chien-Pao|100\/100\n|-ability|p2a: Chien-Pao|Sword of Ruin\n|move|p1a: Gengar|Shadow Claw|p2a: Chien-Pao\n|-resisted|p2a: Chien-Pao\n|-damage|p2a: Chien-Pao|84\/100\n|\n|upkeep\n|turn|5\n|\n|t:|1700257805\n|move|p2a: Chien-Pao|Crunch|p1a: Gengar\n|-supereffective|p1a: Gengar\n|-damage|p1a: Gengar|0 fnt\n|faint|p1a: Gengar\n|-damage|p2a: Chien-Pao|74\/100|[from] item: Life Orb\n|\n|upkeep\n|inactive|gatooopep has 120 seconds left.\n|\n|t:|1700257820\n|switch|p1a: Gardevoir|Gardevoir, M|100\/100\n|turn|6\n|\n|t:|1700257842\n|move|p2a: Chien-Pao|Crunch|p1a: Gardevoir\n|-enditem|p1a: Gardevoir|Focus Sash\n|-damage|p1a: Gardevoir|1\/100\n|-unboost|p1a: Gardevoir|def|1\n|-damage|p2a: Chien-Pao|64\/100|[from] item: Life Orb\n|move|p1a: Gardevoir|Psychic|p2a: Chien-Pao\n|-immune|p2a: Chien-Pao\n|\n|upkeep\n|turn|7\n|c|\u2606Raiozin|what?\n|inactive|gatooopep has 120 seconds left.\n|\n|t:|1700257871\n|move|p2a: Chien-Pao|Ice Shard|p1a: Gardevoir\n|-damage|p1a: Gardevoir|0 fnt\n|faint|p1a: Gardevoir\n|-damage|p2a: Chien-Pao|54\/100|[from] item: Life Orb\n|\n|upkeep\n|\n|t:|1700257887\n|switch|p1a: Salamence|Salamence, M|100\/100\n|-ability|p1a: Salamence|Intimidate|boost\n|-unboost|p2a: Chien-Pao|atk|1\n|turn|8\n|\n|t:|1700257898\n|move|p2a: Chien-Pao|Icicle Crash|p1a: Salamence\n|-supereffective|p1a: Salamence\n|-damage|p1a: Salamence|0 fnt\n|faint|p1a: Salamence\n|-damage|p2a: Chien-Pao|44\/100|[from] item: Life Orb\n|\n|upkeep\n|\n|t:|1700257915\n|switch|p1a: Delphox|Delphox, M|100\/100\n|turn|9\n|\n|t:|1700257922\n|move|p2a: Chien-Pao|Crunch|p1a: Delphox\n|-supereffective|p1a: Delphox\n|-damage|p1a: Delphox|0 fnt\n|faint|p1a: Delphox\n|-damage|p2a: Chien-Pao|34\/100|[from] item: Life Orb\n|\n|upkeep\n|\n|t:|1700257936\n|switch|p1a: Eelektross|Eelektross, F|100\/100\n|turn|10\n|\n|t:|1700257947\n|switch|p2a: Espathra|Espathra, M|46\/100\n|move|p1a: Eelektross|Acrobatics|p2a: Espathra\n|-damage|p2a: Espathra|19\/100\n|-damage|p1a: Eelektross|91\/100|[from] item: Life Orb\n|\n|upkeep\n|turn|11\n|\n|t:|1700257956\n|move|p2a: Espathra|Protect|p2a: Espathra\n|-singleturn|p2a: Espathra|Protect\n|move|p1a: Eelektross|Acrobatics|p2a: Espathra\n|-activate|p2a: Espathra|move: Protect\n|\n|-ability|p2a: Espathra|Speed Boost|boost\n|-boost|p2a: Espathra|spe|1\n|upkeep\n|turn|12\n|\n|t:|1700257969\n|-terastallize|p2a: Espathra|Ground\n|move|p2a: Espathra|Tera Blast|p1a: Eelektross|[anim] Tera Blast Ground\n|-immune|p1a: Eelektross|[from] ability: Levitate\n|move|p1a: Eelektross|Acrobatics|p2a: Espathra\n|-damage|p2a: Espathra|0 fnt\n|faint|p2a: Espathra\n|-damage|p1a: Eelektross|81\/100|[from] item: Life Orb\n|\n|upkeep\n|\n|t:|1700257983\n|switch|p2a: Kommo-o|Kommo-o, M|100\/100\n|turn|13\n|inactive|gatooopep has 120 seconds left.\n|\n|t:|1700257996\n|move|p2a: Kommo-o|Substitute|p2a: Kommo-o\n|-start|p2a: Kommo-o|Substitute\n|-damage|p2a: Kommo-o|75\/100\n|move|p1a: Eelektross|Acrobatics|p2a: Kommo-o\n|-supereffective|p2a: Kommo-o\n|-end|p2a: Kommo-o|Substitute\n|-damage|p1a: Eelektross|71\/100|[from] item: Life Orb\n|\n|upkeep\n|turn|14\n|inactive|gatooopep has 120 seconds left.\n|\n|t:|1700258005\n|move|p2a: Kommo-o|Drain Punch|p1a: Eelektross\n|-damage|p1a: Eelektross|40\/100\n|-heal|p2a: Kommo-o|94\/100|[from] drain|[of] p1a: Eelektross\n|move|p1a: Eelektross|Acrobatics|p2a: Kommo-o\n|-supereffective|p2a: Kommo-o\n|-damage|p2a: Kommo-o|60\/100\n|-damage|p1a: Eelektross|30\/100|[from] item: Life Orb\n|\n|upkeep\n|turn|15\n|\n|t:|1700258015\n|move|p2a: Kommo-o|Drain Punch|p1a: Eelektross\n|-damage|p1a: Eelektross|1\/100\n|-heal|p2a: Kommo-o|78\/100|[from] drain|[of] p1a: Eelektross\n|move|p1a: Eelektross|Acrobatics|p2a: Kommo-o\n|-supereffective|p2a: Kommo-o\n|-damage|p2a: Kommo-o|44\/100\n|-damage|p1a: Eelektross|0 fnt|[from] item: Life Orb\n|faint|p1a: Eelektross\n|\n|upkeep\n|\n|t:|1700258024\n|switch|p1a: Torterra|Torterra, M|100\/100\n|turn|16\n|\n|t:|1700258035\n|move|p2a: Kommo-o|Drain Punch|p1a: Torterra\n|-damage|p1a: Torterra|68\/100\n|-heal|p2a: Kommo-o|62\/100|[from] drain|[of] p1a: Torterra\n|move|p1a: Torterra|Energy Ball|p2a: Kommo-o\n|-resisted|p2a: Kommo-o\n|-damage|p2a: Kommo-o|44\/100\n|\n|-heal|p1a: Torterra|74\/100|[from] item: Leftovers\n|upkeep\n|turn|17\n|\n|t:|1700258045\n|move|p2a: Kommo-o|Drain Punch|p1a: Torterra\n|-damage|p1a: Torterra|37\/100\n|-heal|p2a: Kommo-o|65\/100|[from] drain|[of] p1a: Torterra\n|move|p1a: Torterra|Crunch|p2a: Kommo-o\n|-resisted|p2a: Kommo-o\n|-damage|p2a: Kommo-o|55\/100\n|\n|-heal|p1a: Torterra|43\/100|[from] item: Leftovers\n|upkeep\n|turn|18\n|\n|t:|1700258054\n|move|p1a: Torterra|Protect|p1a: Torterra\n|-singleturn|p1a: Torterra|Protect\n|move|p2a: Kommo-o|Drain Punch|p1a: Torterra\n|-activate|p1a: Torterra|move: Protect\n|\n|-heal|p1a: Torterra|49\/100|[from] item: Leftovers\n|upkeep\n|turn|19\n|\n|t:|1700258062\n|move|p2a: Kommo-o|Substitute|p2a: Kommo-o\n|-start|p2a: Kommo-o|Substitute\n|-damage|p2a: Kommo-o|30\/100\n|move|p1a: Torterra|Energy Ball|p2a: Kommo-o\n|-resisted|p2a: Kommo-o\n|-crit|p2a: Kommo-o\n|-end|p2a: Kommo-o|Substitute\n|\n|-heal|p1a: Torterra|55\/100|[from] item: Leftovers\n|upkeep\n|turn|20\n|\n|t:|1700258071\n|move|p1a: Torterra|Protect|p1a: Torterra\n|-singleturn|p1a: Torterra|Protect\n|move|p2a: Kommo-o|Drain Punch|p1a: Torterra\n|-activate|p1a: Torterra|move: Protect\n|\n|-heal|p1a: Torterra|61\/100|[from] item: Leftovers\n|upkeep\n|turn|21\n|\n|t:|1700258079\n|move|p2a: Kommo-o|Drain Punch|p1a: Torterra\n|-damage|p1a: Torterra|29\/100\n|-heal|p2a: Kommo-o|48\/100|[from] drain|[of] p1a: Torterra\n|move|p1a: Torterra|Solar Beam||[still]\n|-prepare|p1a: Torterra|Solar Beam\n|\n|-heal|p1a: Torterra|35\/100|[from] item: Leftovers\n|upkeep\n|turn|22\n|\n|t:|1700258097\n|move|p2a: Kommo-o|Substitute|p2a: Kommo-o\n|-start|p2a: Kommo-o|Substitute\n|-damage|p2a: Kommo-o|23\/100\n|-enditem|p2a: Kommo-o|Salac Berry|[eat]\n|-boost|p2a: Kommo-o|spe|1|[from] item: Salac Berry\n|move|p1a: Torterra|Solar Beam|p2a: Kommo-o|[from]lockedmove\n|-resisted|p2a: Kommo-o\n|-activate|p2a: Kommo-o|move: Substitute|[damage]\n|\n|-heal|p1a: Torterra|41\/100|[from] item: Leftovers\n|upkeep\n|turn|23\n|\n|t:|1700258110\n|move|p2a: Kommo-o|Drain Punch|p1a: Torterra\n|-damage|p1a: Torterra|5\/100\n|-heal|p2a: Kommo-o|43\/100|[from] drain|[of] p1a: Torterra\n|move|p1a: Torterra|Energy Ball|p2a: Kommo-o\n|-resisted|p2a: Kommo-o\n|-end|p2a: Kommo-o|Substitute\n|\n|-heal|p1a: Torterra|11\/100|[from] item: Leftovers\n|upkeep\n|turn|24\n|\n|t:|1700258119\n|move|p1a: Torterra|Protect|p1a: Torterra\n|-singleturn|p1a: Torterra|Protect\n|move|p2a: Kommo-o|Thunder Punch|p1a: Torterra\n|-activate|p1a: Torterra|move: Protect\n|\n|-heal|p1a: Torterra|17\/100|[from] item: Leftovers\n|upkeep\n|turn|25\n|\n|t:|1700258134\n|move|p2a: Kommo-o|Substitute|p2a: Kommo-o\n|-start|p2a: Kommo-o|Substitute\n|-damage|p2a: Kommo-o|18\/100\n|move|p1a: Torterra|Energy Ball|p2a: Kommo-o\n|-resisted|p2a: Kommo-o\n|-end|p2a: Kommo-o|Substitute\n|\n|-heal|p1a: Torterra|23\/100|[from] item: Leftovers\n|upkeep\n|turn|26\n|\n|t:|1700258156\n|move|p2a: Kommo-o|Drain Punch|p1a: Torterra\n|-damage|p1a: Torterra|0 fnt\n|-heal|p2a: Kommo-o|31\/100|[from] drain|[of] p1a: Torterra\n|faint|p1a: Torterra\n|\n|win|Raiozin\n|raw|gatooopep's rating: 1000 &rarr; <strong>1000<\/strong><br \/>(+0 for losing)\n|raw|Raiozin's rating: 1021 &rarr; <strong>1056<\/strong><br \/>(+35 for winning)\n","uploadtime":1700258163,"views":14,"p1id":"gatooopep","p2id":"raiozin","formatid":"gen9ubers","rating":1000,"private":0,"password":""}