{"id":"gen9ubers-1994283132","p1":"NewHoovybeast05","p2":"austinerzs","format":"[Gen 9] Ubers","log":"|j|\u2606NewHoovybeast05\n|j|\u2606austinerzs\n|t:|1700426836\n|gametype|singles\n|player|p1|NewHoovybeast05|palmer|\n|player|p2|austinerzs|galacticgrunt|\n|teamsize|p1|6\n|teamsize|p2|6\n|gen|9\n|tier|[Gen 9] Ubers\n|rule|Sleep Clause Mod: Limit one foe put to sleep\n|rule|Species Clause: Limit one of each Pok\u00e9mon\n|rule|OHKO Clause: OHKO moves are banned\n|rule|Evasion Items Clause: Evasion items are banned\n|rule|Evasion Moves Clause: Evasion moves are banned\n|rule|Endless Battle Clause: Forcing endless battles is banned\n|rule|HP Percentage Mod: HP is shown in percentages\n|clearpoke\n|poke|p1|Slowking-Galar, F|\n|poke|p1|Cyclizar, M|\n|poke|p1|Heatran, M|\n|poke|p1|Rotom-Wash|\n|poke|p1|Dragonite, F|\n|poke|p1|Iron Valiant|\n|poke|p2|Baxcalibur, F|\n|poke|p2|Magearna|\n|poke|p2|Ninetales-Alola, F|\n|poke|p2|Zacian-*|\n|poke|p2|Cyclizar, F|\n|poke|p2|Arceus-Poison|\n|teampreview\n|c|\u2606austinerzs|glhf\n|c|\u2606NewHoovybeast05|you too\n|\n|t:|1700426850\n|start\n|switch|p1a: Heatran|Heatran, M, shiny|100\/100\n|switch|p2a: Cyclizar|Cyclizar, F|100\/100\n|turn|1\n|\n|t:|1700426857\n|move|p2a: Cyclizar|Taunt|p1a: Heatran\n|-start|p1a: Heatran|move: Taunt\n|move|p1a: Heatran|Magma Storm|p2a: Cyclizar\n|-resisted|p2a: Cyclizar\n|-damage|p2a: Cyclizar|71\/100\n|-activate|p2a: Cyclizar|move: Magma Storm|[of] p1a: Heatran\n|\n|-damage|p2a: Cyclizar|59\/100|[from] move: Magma Storm|[partiallytrapped]\n|upkeep\n|turn|2\n|\n|t:|1700426869\n|move|p2a: Cyclizar|Shed Tail|p2a: Cyclizar\n|-start|p2a: Cyclizar|Substitute|[from] move: Shed Tail\n|-end|p2a: Cyclizar|Magma Storm|[partiallytrapped]|[silent]\n|-damage|p2a: Cyclizar|8\/100\n|\n|t:|1700426877\n|switch|p2a: Arceus|Arceus-Poison|100\/100|[from] Shed Tail\n|move|p1a: Heatran|Earth Power|p2a: Arceus\n|-supereffective|p2a: Arceus\n|-end|p2a: Arceus|Substitute\n|\n|upkeep\n|turn|3\n|\n|t:|1700426904\n|move|p2a: Arceus|Dragon Dance|p2a: Arceus\n|-boost|p2a: Arceus|atk|1\n|-boost|p2a: Arceus|spe|1\n|move|p1a: Heatran|Magma Storm|p2a: Arceus\n|-damage|p2a: Arceus|67\/100\n|-activate|p2a: Arceus|move: Magma Storm|[of] p1a: Heatran\n|\n|-damage|p2a: Arceus|55\/100|[from] move: Magma Storm|[partiallytrapped]\n|-end|p1a: Heatran|move: Taunt\n|upkeep\n|turn|4\n|\n|t:|1700426922\n|move|p1a: Heatran|Protect|p1a: Heatran\n|-singleturn|p1a: Heatran|Protect\n|move|p2a: Arceus|Earthquake|p1a: Heatran\n|-activate|p1a: Heatran|move: Protect\n|\n|-damage|p2a: Arceus|42\/100|[from] move: Magma Storm|[partiallytrapped]\n|upkeep\n|turn|5\n|\n|t:|1700426940\n|switch|p1a: Rotom|Rotom-Wash, shiny|100\/100\n|move|p2a: Arceus|Poison Jab|p1a: Rotom\n|-damage|p1a: Rotom|39\/100\n|\n|-heal|p1a: Rotom|45\/100|[from] item: Leftovers\n|-end|p2a: Arceus|Magma Storm|[partiallytrapped]|[silent]\n|upkeep\n|turn|6\n|\n|t:|1700426986\n|move|p2a: Arceus|Poison Jab|p1a: Rotom\n|-crit|p1a: Rotom\n|-damage|p1a: Rotom|0 fnt\n|faint|p1a: Rotom\n|\n|upkeep\n|\n|t:|1700426996\n|switch|p1a: Dragonite|Dragonite, F, shiny|100\/100\n|turn|7\n|\n|t:|1700427007\n|move|p2a: Arceus|Poison Jab|p1a: Dragonite\n|-damage|p1a: Dragonite|56\/100\n|move|p1a: Dragonite|Dragon Dance|p1a: Dragonite\n|-boost|p1a: Dragonite|atk|1\n|-boost|p1a: Dragonite|spe|1\n|\n|upkeep\n|turn|8\n|\n|t:|1700427028\n|move|p2a: Arceus|Extreme Speed|p1a: Dragonite\n|-damage|p1a: Dragonite|5\/100\n|move|p1a: Dragonite|Extreme Speed|p2a: Arceus\n|-damage|p2a: Arceus|7\/100\n|\n|upkeep\n|turn|9\n|\n|t:|1700427034\n|move|p2a: Arceus|Extreme Speed|p1a: Dragonite\n|-damage|p1a: Dragonite|0 fnt\n|faint|p1a: Dragonite\n|\n|upkeep\n|\n|t:|1700427048\n|switch|p1a: Cyclizar|Cyclizar, M, shiny|100\/100\n|turn|10\n|\n|t:|1700427070\n|move|p2a: Arceus|Poison Jab|p1a: Cyclizar\n|-damage|p1a: Cyclizar|0 fnt\n|faint|p1a: Cyclizar\n|\n|upkeep\n|c|\u2606NewHoovybeast05|yeah gg\n|\n|t:|1700427080\n|switch|p1a: Heatran|Heatran, M, shiny|100\/100\n|turn|11\n|inactive|Battle timer is ON: inactive players will automatically lose when time's up. (requested by NewHoovybeast05)\n|\n|t:|1700427106\n|-terastallize|p1a: Heatran|Grass\n|move|p2a: Arceus|Earthquake|p1a: Heatran\n|-resisted|p1a: Heatran\n|-damage|p1a: Heatran|76\/100\n|move|p1a: Heatran|Earth Power|p2a: Arceus\n|-supereffective|p2a: Arceus\n|-damage|p2a: Arceus|0 fnt\n|faint|p2a: Arceus\n|\n|-heal|p1a: Heatran|82\/100|[from] item: Leftovers\n|upkeep\n|\n|t:|1700427111\n|switch|p2a: Ninetales|Ninetales-Alola, F|100\/100\n|-weather|Snow|[from] ability: Snow Warning|[of] p2a: Ninetales\n|turn|12\n|\n|t:|1700427120\n|move|p2a: Ninetales|Aurora Veil|p2a: Ninetales\n|-sidestart|p2: austinerzs|move: Aurora Veil\n|move|p1a: Heatran|Magma Storm|p2a: Ninetales\n|-supereffective|p2a: Ninetales\n|-damage|p2a: Ninetales|58\/100\n|-activate|p2a: Ninetales|move: Magma Storm|[of] p1a: Heatran\n|\n|-weather|Snow|[upkeep]\n|-heal|p1a: Heatran|88\/100|[from] item: Leftovers\n|-damage|p2a: Ninetales|46\/100|[from] move: Magma Storm|[partiallytrapped]\n|upkeep\n|turn|13\n|\n|t:|1700427128\n|move|p2a: Ninetales|Hypnosis|p1a: Heatran\n|-status|p1a: Heatran|slp|[from] move: Hypnosis\n|cant|p1a: Heatran|slp\n|\n|-weather|Snow|[upkeep]\n|-heal|p1a: Heatran|95\/100 slp|[from] item: Leftovers\n|-damage|p2a: Ninetales|34\/100|[from] move: Magma Storm|[partiallytrapped]\n|upkeep\n|turn|14\n|\n|t:|1700427134\n|move|p2a: Ninetales|Freeze-Dry|p1a: Heatran\n|-supereffective|p1a: Heatran\n|-crit|p1a: Heatran\n|-damage|p1a: Heatran|56\/100 slp\n|-curestatus|p1a: Heatran|slp|[msg]\n|move|p1a: Heatran|Will-O-Wisp|p2a: Ninetales\n|-status|p2a: Ninetales|brn\n|\n|-weather|Snow|[upkeep]\n|-heal|p1a: Heatran|62\/100|[from] item: Leftovers\n|-damage|p2a: Ninetales|28\/100 brn|[from] brn\n|-damage|p2a: Ninetales|16\/100 brn|[from] move: Magma Storm|[partiallytrapped]\n|upkeep\n|turn|15\n|\n|t:|1700427139\n|move|p1a: Heatran|Protect|p1a: Heatran\n|-singleturn|p1a: Heatran|Protect\n|move|p2a: Ninetales|Hypnosis|p1a: Heatran\n|-activate|p1a: Heatran|move: Protect\n|\n|-weather|Snow|[upkeep]\n|-heal|p1a: Heatran|68\/100|[from] item: Leftovers\n|-damage|p2a: Ninetales|10\/100 brn|[from] brn\n|-damage|p2a: Ninetales|0 fnt|[from] move: Magma Storm|[partiallytrapped]\n|faint|p2a: Ninetales\n|upkeep\n|\n|t:|1700427147\n|switch|p2a: Baxcalibur|Baxcalibur, F|100\/100\n|turn|16\n|\n|t:|1700427153\n|switch|p1a: Slowking|Slowking-Galar, F, shiny|100\/100\n|move|p2a: Baxcalibur|Dragon Dance|p2a: Baxcalibur\n|-boost|p2a: Baxcalibur|atk|1\n|-boost|p2a: Baxcalibur|spe|1\n|\n|-weather|none\n|upkeep\n|turn|17\n|\n|t:|1700427157\n|move|p2a: Baxcalibur|Scale Shot|p1a: Slowking\n|-damage|p1a: Slowking|83\/100\n|-damage|p1a: Slowking|67\/100\n|-damage|p1a: Slowking|49\/100\n|-damage|p1a: Slowking|31\/100\n|-damage|p1a: Slowking|13\/100\n|-hitcount|p1a: Slowking|5\n|-unboost|p2a: Baxcalibur|def|1\n|-boost|p2a: Baxcalibur|spe|1\n|move|p1a: Slowking|Thunder Wave|p2a: Baxcalibur\n|-status|p2a: Baxcalibur|par\n|\n|upkeep\n|turn|18\n|\n|t:|1700427162\n|cant|p2a: Baxcalibur|par\n|move|p1a: Slowking|Future Sight|p2a: Baxcalibur\n|-start|p1a: Slowking|move: Future Sight\n|\n|upkeep\n|turn|19\n|\n|t:|1700427165\n|switch|p1a: Heatran|Heatran, M, shiny, tera:Grass|68\/100\n|cant|p2a: Baxcalibur|par\n|\n|-heal|p1a: Heatran|74\/100|[from] item: Leftovers\n|-sideend|p2: austinerzs|move: Aurora Veil\n|upkeep\n|turn|20\n|\n|t:|1700427172\n|move|p2a: Baxcalibur|Icicle Spear|p1a: Heatran\n|-supereffective|p1a: Heatran\n|-damage|p1a: Heatran|32\/100\n|-supereffective|p1a: Heatran\n|-damage|p1a: Heatran|0 fnt\n|faint|p1a: Heatran\n|-hitcount|p1: Heatran|2\n|\n|-end|p2a: Baxcalibur|move: Future Sight\n|-damage|p2a: Baxcalibur|52\/100 par\n|upkeep\n|\n|t:|1700427175\n|switch|p1a: Iron Valiant|Iron Valiant, shiny|100\/100\n|turn|21\n|\n|t:|1700427180\n|-terastallize|p2a: Baxcalibur|Poison\n|move|p1a: Iron Valiant|Moonblast|p2a: Baxcalibur\n|-resisted|p2a: Baxcalibur\n|-crit|p2a: Baxcalibur\n|-damage|p2a: Baxcalibur|17\/100 par\n|-unboost|p2a: Baxcalibur|spa|1\n|cant|p2a: Baxcalibur|par\n|\n|upkeep\n|turn|22\n|\n|t:|1700427187\n|move|p1a: Iron Valiant|Moonblast|p2a: Baxcalibur\n|-resisted|p2a: Baxcalibur\n|-damage|p2a: Baxcalibur|0 fnt\n|faint|p2a: Baxcalibur\n|\n|upkeep\n|\n|t:|1700427190\n|switch|p2a: Magearna|Magearna|100\/100\n|turn|23\n|\n|t:|1700427192\n|-end|p1a: Iron Valiant|Quark Drive|[silent]\n|switch|p1a: Slowking|Slowking-Galar, F, shiny|46\/100\n|move|p2a: Magearna|Calm Mind|p2a: Magearna\n|-boost|p2a: Magearna|spa|1\n|-boost|p2a: Magearna|spd|1\n|\n|upkeep\n|turn|24\n|\n|t:|1700427194\n|move|p2a: Magearna|Calm Mind|p2a: Magearna\n|-boost|p2a: Magearna|spa|1\n|-boost|p2a: Magearna|spd|1\n|move|p1a: Slowking|Thunder Wave|p2a: Magearna\n|-status|p2a: Magearna|par\n|\n|upkeep\n|turn|25\n|\n|t:|1700427198\n|move|p1a: Slowking|Future Sight|p2a: Magearna\n|-start|p1a: Slowking|move: Future Sight\n|move|p2a: Magearna|Calm Mind|p2a: Magearna\n|-boost|p2a: Magearna|spa|1\n|-boost|p2a: Magearna|spd|1\n|\n|upkeep\n|turn|26\n|\n|t:|1700427201\n|move|p1a: Slowking|Chilly Reception|p1a: Slowking\n|-weather|Snow\n|\n|t:|1700427203\n|switch|p1a: Iron Valiant|Iron Valiant, shiny|100\/100|[from] Chilly Reception\n|move|p2a: Magearna|Calm Mind|p2a: Magearna\n|-boost|p2a: Magearna|spa|1\n|-boost|p2a: Magearna|spd|1\n|\n|-weather|Snow|[upkeep]\n|upkeep\n|turn|27\n|\n|t:|1700427207\n|-end|p1a: Iron Valiant|Quark Drive|[silent]\n|switch|p1a: Slowking|Slowking-Galar, F, shiny|79\/100\n|move|p2a: Magearna|Draining Kiss|p1a: Slowking\n|-resisted|p1a: Slowking\n|-damage|p1a: Slowking|49\/100\n|\n|-weather|Snow|[upkeep]\n|-end|p2a: Magearna|move: Future Sight\n|-resisted|p2a: Magearna\n|-damage|p2a: Magearna|94\/100 par\n|-heal|p2a: Magearna|99\/100 par|[from] item: Leftovers\n|upkeep\n|turn|28\n|\n|t:|1700427210\n|move|p1a: Slowking|Future Sight|p2a: Magearna\n|-start|p1a: Slowking|move: Future Sight\n|move|p2a: Magearna|Calm Mind|p2a: Magearna\n|-boost|p2a: Magearna|spa|1\n|-boost|p2a: Magearna|spd|1\n|\n|-weather|Snow|[upkeep]\n|-heal|p2a: Magearna|100\/100 par|[from] item: Leftovers\n|upkeep\n|turn|29\n|\n|t:|1700427215\n|switch|p1a: Iron Valiant|Iron Valiant, shiny|100\/100\n|cant|p2a: Magearna|par\n|\n|-weather|Snow|[upkeep]\n|upkeep\n|turn|30\n|\n|t:|1700427218\n|move|p1a: Iron Valiant|Hex|p2a: Magearna\n|-damage|p2a: Magearna|90\/100 par\n|cant|p2a: Magearna|par\n|\n|-weather|none\n|-end|p2a: Magearna|move: Future Sight\n|-resisted|p2a: Magearna\n|-damage|p2a: Magearna|84\/100 par\n|-heal|p2a: Magearna|90\/100 par|[from] item: Leftovers\n|upkeep\n|turn|31\n|\n|t:|1700427222\n|move|p1a: Iron Valiant|Hex|p2a: Magearna\n|-damage|p2a: Magearna|79\/100 par\n|move|p2a: Magearna|Draining Kiss|p1a: Iron Valiant\n|-supereffective|p1a: Iron Valiant\n|-damage|p1a: Iron Valiant|0 fnt\n|-heal|p2a: Magearna|100\/100 par|[from] drain|[of] p1a: Iron Valiant\n|faint|p1a: Iron Valiant\n|-ability|p2a: Magearna|Soul-Heart|boost\n|-boost|p2a: Magearna|spa|1\n|-end|p1a: Iron Valiant|Quark Drive|[silent]\n|\n|upkeep\n|-message|NewHoovybeast05 forfeited.\n|\n|win|austinerzs\n|c|\u2606austinerzs|gg\n","uploadtime":1700427236,"views":30,"p1id":"newhoovybeast05","p2id":"austinerzs","formatid":"gen9ubers","rating":0,"private":0,"password":""}