{"id":"gen9ubers-1996437767","p1":"Nugget O Silver","p2":"Rei_darkness","format":"[Gen 9] Ubers","log":"|j|\u2606Nugget O Silver\n|j|\u2606Rei_darkness\n|t:|1700681976\n|gametype|singles\n|player|p1|Nugget O Silver|colress|\n|player|p2|Rei_darkness|drayden|\n|teamsize|p1|6\n|teamsize|p2|6\n|gen|9\n|tier|[Gen 9] Ubers\n|rule|Sleep Clause Mod: Limit one foe put to sleep\n|rule|Species Clause: Limit one of each Pok\u00e9mon\n|rule|OHKO Clause: OHKO moves are banned\n|rule|Evasion Items Clause: Evasion items are banned\n|rule|Evasion Moves Clause: Evasion moves are banned\n|rule|Endless Battle Clause: Forcing endless battles is banned\n|rule|HP Percentage Mod: HP is shown in percentages\n|clearpoke\n|poke|p1|Azelf|\n|poke|p1|Greninja-*, F|\n|poke|p1|Klefki, F|\n|poke|p1|Slowking-Galar, M|\n|poke|p1|Thundurus, M|\n|poke|p1|Moltres|\n|poke|p2|Slowbro-Galar, F|\n|poke|p2|Weezing-Galar, F|\n|poke|p2|Calyrex-Ice|\n|poke|p2|Victreebel, F|\n|poke|p2|Scovillain, F|\n|poke|p2|Koraidon|\n|teampreview\n|\n|t:|1700682003\n|start\n|switch|p1a: Greninja|Greninja, F|100\/100\n|switch|p2a: actualboxleg|Koraidon|100\/100\n|-weather|SunnyDay|[from] ability: Orichalcum Pulse|[of] p2a: actualboxleg\n|-activate|p2a: actualboxleg|Orichalcum Pulse|[source]\n|turn|1\n|\n|t:|1700682007\n|move|p2a: actualboxleg|Solar Beam||[still]\n|-prepare|p2a: actualboxleg|Solar Beam\n|-anim|p2a: actualboxleg|Solar Beam|p1a: Greninja\n|-supereffective|p1a: Greninja\n|-damage|p1a: Greninja|2\/100\n|move|p1a: Greninja|U-turn|p2a: actualboxleg\n|-start|p1a: Greninja|typechange|Bug|[from] ability: Protean\n|-resisted|p2a: actualboxleg\n|-damage|p2a: actualboxleg|88\/100\n|\n|t:|1700682021\n|switch|p1a: Moltres|Moltres|100\/100|[from] U-turn\n|\n|-weather|SunnyDay|[upkeep]\n|upkeep\n|turn|2\n|\n|t:|1700682031\n|move|p2a: actualboxleg|Draco Meteor|p1a: Moltres\n|-damage|p1a: Moltres|49\/100\n|-unboost|p2a: actualboxleg|spa|2\n|move|p1a: Moltres|U-turn|p2a: actualboxleg\n|-resisted|p2a: actualboxleg\n|-damage|p2a: actualboxleg|80\/100\n|\n|t:|1700682045\n|switch|p1a: Thundurus|Thundurus, M|100\/100|[from] U-turn\n|\n|-weather|SunnyDay|[upkeep]\n|upkeep\n|turn|3\n|\n|t:|1700682057\n|move|p2a: actualboxleg|Taunt|p1a: Thundurus\n|-start|p1a: Thundurus|move: Taunt\n|cant|p1a: Thundurus|move: Taunt|Substitute\n|\n|-weather|SunnyDay|[upkeep]\n|upkeep\n|turn|4\n|\n|t:|1700682066\n|switch|p1a: Greninja|Greninja, F|2\/100\n|move|p2a: actualboxleg|Fire Spin|p1a: Greninja\n|-resisted|p1a: Greninja\n|-damage|p1a: Greninja|0 fnt\n|faint|p1a: Greninja\n|\n|-weather|SunnyDay|[upkeep]\n|upkeep\n|\n|t:|1700682084\n|switch|p1a: Azelf|Azelf|100\/100\n|turn|5\n|\n|t:|1700682101\n|switch|p2a: Thanks for snow|Calyrex-Ice|100\/100\n|-ability|p2a: Thanks for snow|As One\n|-ability|p2a: Thanks for snow|Unnerve\n|move|p1a: Azelf|Mystical Power|p2a: Thanks for snow\n|-resisted|p2a: Thanks for snow\n|-damage|p2a: Thanks for snow|92\/100\n|-boost|p1a: Azelf|spa|1\n|\n|-weather|SunnyDay|[upkeep]\n|upkeep\n|turn|6\n|\n|t:|1700682108\n|move|p1a: Azelf|Shadow Ball|p2a: Thanks for snow\n|-supereffective|p2a: Thanks for snow\n|-crit|p2a: Thanks for snow\n|-damage|p2a: Thanks for snow|31\/100\n|move|p2a: Thanks for snow|Calm Mind|p2a: Thanks for snow\n|-boost|p2a: Thanks for snow|spa|1\n|-boost|p2a: Thanks for snow|spd|1\n|\n|-weather|SunnyDay|[upkeep]\n|upkeep\n|turn|7\n|\n|t:|1700682114\n|-terastallize|p2a: Thanks for snow|Fairy\n|move|p1a: Azelf|Shadow Ball|p2a: Thanks for snow\n|-damage|p2a: Thanks for snow|18\/100\n|move|p2a: Thanks for snow|Draining Kiss|p1a: Azelf\n|-damage|p1a: Azelf|56\/100\n|-heal|p2a: Thanks for snow|42\/100|[from] drain|[of] p1a: Azelf\n|\n|-weather|SunnyDay|[upkeep]\n|-heal|p1a: Azelf|62\/100|[from] item: Leftovers\n|upkeep\n|turn|8\n|\n|t:|1700682120\n|move|p1a: Azelf|Mystical Power|p2a: Thanks for snow\n|-crit|p2a: Thanks for snow\n|-damage|p2a: Thanks for snow|2\/100\n|-boost|p1a: Azelf|spa|1\n|move|p2a: Thanks for snow|Draining Kiss|p1a: Azelf\n|-damage|p1a: Azelf|16\/100\n|-heal|p2a: Thanks for snow|27\/100|[from] drain|[of] p1a: Azelf\n|\n|-weather|none\n|-heal|p1a: Azelf|22\/100|[from] item: Leftovers\n|upkeep\n|turn|9\n|\n|t:|1700682127\n|-terastallize|p1a: Azelf|Fairy\n|move|p1a: Azelf|Draining Kiss|p2a: Thanks for snow\n|-damage|p2a: Thanks for snow|4\/100\n|-heal|p1a: Azelf|45\/100|[from] drain|[of] p2a: Thanks for snow\n|move|p2a: Thanks for snow|Draining Kiss|p1a: Azelf\n|-damage|p1a: Azelf|6\/100\n|-heal|p2a: Thanks for snow|26\/100|[from] drain|[of] p1a: Azelf\n|\n|-heal|p1a: Azelf|12\/100|[from] item: Leftovers\n|upkeep\n|turn|10\n|c|\u2606Rei_darkness|pls stop critting :(\n|\n|t:|1700682136\n|move|p1a: Azelf|Draining Kiss|p2a: Thanks for snow\n|-damage|p2a: Thanks for snow|5\/100\n|-heal|p1a: Azelf|33\/100|[from] drain|[of] p2a: Thanks for snow\n|move|p2a: Thanks for snow|Draining Kiss|p1a: Azelf\n|-damage|p1a: Azelf|0 fnt\n|-heal|p2a: Thanks for snow|23\/100|[from] drain|[of] p1a: Azelf\n|faint|p1a: Azelf\n|-ability|p2a: Thanks for snow|Chilling Neigh|boost\n|-boost|p2a: Thanks for snow|atk|1\n|\n|upkeep\n|c|\u2606Rei_darkness|wait im\n|\n|t:|1700682155\n|switch|p1a: Klefki|Klefki, F|100\/100\n|turn|11\n|c|\u2606Rei_darkness|im not goated\n|\n|t:|1700682158\n|move|p1a: Klefki|Light Screen|p1a: Klefki\n|-sidestart|p1: Nugget O Silver|move: Light Screen\n|move|p2a: Thanks for snow|Rest|p2a: Thanks for snow\n|-status|p2a: Thanks for snow|slp|[from] move: Rest\n|-heal|p2a: Thanks for snow|100\/100 slp|[silent]\n|-enditem|p2a: Thanks for snow|Chesto Berry|[eat]\n|-curestatus|p2a: Thanks for snow|slp|[msg]\n|\n|upkeep\n|turn|12\n|\n|t:|1700682161\n|move|p1a: Klefki|Reflect|p1a: Klefki\n|-sidestart|p1: Nugget O Silver|Reflect\n|move|p2a: Thanks for snow|Calm Mind|p2a: Thanks for snow\n|-boost|p2a: Thanks for snow|spa|1\n|-boost|p2a: Thanks for snow|spd|1\n|\n|upkeep\n|turn|13\n|c|\u2606Rei_darkness|wait im goated\n|\n|t:|1700682169\n|move|p1a: Klefki|Steel Beam|p2a: Thanks for snow\n|-supereffective|p2a: Thanks for snow\n|-damage|p2a: Thanks for snow|81\/100\n|-damage|p1a: Klefki|50\/100|[from] steelbeam\n|move|p2a: Thanks for snow|Calm Mind|p2a: Thanks for snow\n|-boost|p2a: Thanks for snow|spa|1\n|-boost|p2a: Thanks for snow|spd|1\n|\n|upkeep\n|turn|14\n|\n|t:|1700682174\n|move|p1a: Klefki|Steel Beam|p2a: Thanks for snow\n|-supereffective|p2a: Thanks for snow\n|-damage|p2a: Thanks for snow|65\/100\n|-damage|p1a: Klefki|0 fnt|[from] steelbeam\n|faint|p1a: Klefki\n|move|p2a: Thanks for snow|Calm Mind|p2a: Thanks for snow\n|-boost|p2a: Thanks for snow|spa|1\n|-boost|p2a: Thanks for snow|spd|1\n|\n|upkeep\n|\n|t:|1700682181\n|switch|p1a: Moltres|Moltres|49\/100\n|turn|15\n|\n|t:|1700682187\n|move|p1a: Moltres|Roost|p1a: Moltres\n|-heal|p1a: Moltres|99\/100\n|-singleturn|p1a: Moltres|move: Roost\n|move|p2a: Thanks for snow|Stored Power|p1a: Moltres\n|-damage|p1a: Moltres|14\/100\n|\n|upkeep\n|turn|16\n|\n|t:|1700682189\n|move|p1a: Moltres|Flare Blitz|p2a: Thanks for snow\n|-damage|p2a: Thanks for snow|42\/100\n|-damage|p1a: Moltres|5\/100|[from] Recoil\n|move|p2a: Thanks for snow|Stored Power|p1a: Moltres\n|-damage|p1a: Moltres|0 fnt\n|faint|p1a: Moltres\n|-ability|p2a: Thanks for snow|Chilling Neigh|boost\n|-boost|p2a: Thanks for snow|atk|1\n|\n|upkeep\n|\n|t:|1700682193\n|switch|p1a: Thundurus|Thundurus, M|100\/100\n|turn|17\n|\n|t:|1700682205\n|move|p1a: Thundurus|Thunder Punch|p2a: Thanks for snow\n|-damage|p2a: Thanks for snow|18\/100\n|move|p2a: Thanks for snow|Stored Power|p1a: Thundurus\n|-damage|p1a: Thundurus|0 fnt\n|faint|p1a: Thundurus\n|-ability|p2a: Thanks for snow|Chilling Neigh|boost\n|-boost|p2a: Thanks for snow|atk|1\n|\n|upkeep\n|c|\u2606Nugget O Silver|pretty sure I lose\n|c|\u2606Rei_darkness|chilling neigh is actually good bc it boosts stored power, not a useless abiltiy\n|c|\u2606Nugget O Silver|gg\n|\n|t:|1700682216\n|switch|p1a: Slowking|Slowking-Galar, M|100\/100\n|turn|18\n|\n|t:|1700682218\n|move|p2a: Thanks for snow|Stored Power|p1a: Slowking\n|-damage|p1a: Slowking|39\/100\n|move|p1a: Slowking|Foul Play|p2a: Thanks for snow\n|-resisted|p2a: Thanks for snow\n|-damage|p2a: Thanks for snow|0 fnt\n|faint|p2a: Thanks for snow\n|\n|-sideend|p1: Nugget O Silver|move: Light Screen\n|upkeep\n|\n|t:|1700682222\n|switch|p2a: gen9shitmon|Scovillain, F|100\/100\n|turn|19\n|\n|t:|1700682226\n|move|p2a: gen9shitmon|Lash Out|p1a: Slowking\n|-supereffective|p1a: Slowking\n|-damage|p1a: Slowking|14\/100\n|move|p1a: Slowking|Slack Off|p1a: Slowking\n|-heal|p1a: Slowking|64\/100\n|\n|-sideend|p1: Nugget O Silver|Reflect\n|upkeep\n|turn|20\n|\n|t:|1700682230\n|switch|p2a: actualboxleg|Koraidon|80\/100\n|-weather|SunnyDay|[from] ability: Orichalcum Pulse|[of] p2a: actualboxleg\n|-activate|p2a: actualboxleg|Orichalcum Pulse|[source]\n|move|p1a: Slowking|Slack Off|p1a: Slowking\n|-heal|p1a: Slowking|100\/100\n|\n|-weather|SunnyDay|[upkeep]\n|upkeep\n|turn|21\n|\n|t:|1700682233\n|move|p2a: actualboxleg|Taunt|p1a: Slowking\n|-start|p1a: Slowking|move: Taunt\n|cant|p1a: Slowking|move: Taunt|Toxic\n|\n|-weather|SunnyDay|[upkeep]\n|upkeep\n|turn|22\n|\n|t:|1700682235\n|move|p2a: actualboxleg|Fire Spin|p1a: Slowking\n|-damage|p1a: Slowking|92\/100\n|-activate|p1a: Slowking|move: Fire Spin|[of] p2a: actualboxleg\n|move|p1a: Slowking|Foul Play|p2a: actualboxleg\n|-resisted|p2a: actualboxleg\n|-damage|p2a: actualboxleg|69\/100\n|\n|-weather|SunnyDay|[upkeep]\n|-damage|p1a: Slowking|79\/100|[from] move: Fire Spin|[partiallytrapped]\n|upkeep\n|turn|23\n|c|\u2606Rei_darkness|GG\n|\n|t:|1700682241\n|move|p2a: actualboxleg|Solar Beam||[still]\n|-prepare|p2a: actualboxleg|Solar Beam\n|-anim|p2a: actualboxleg|Solar Beam|p1a: Slowking\n|-resisted|p1a: Slowking\n|-damage|p1a: Slowking|70\/100\n|move|p1a: Slowking|Foul Play|p2a: actualboxleg\n|-resisted|p2a: actualboxleg\n|-damage|p2a: actualboxleg|57\/100\n|\n|-weather|SunnyDay|[upkeep]\n|-damage|p1a: Slowking|57\/100|[from] move: Fire Spin|[partiallytrapped]\n|-end|p1a: Slowking|move: Taunt\n|upkeep\n|turn|24\n|\n|t:|1700682244\n|move|p2a: actualboxleg|Taunt|p1a: Slowking\n|-start|p1a: Slowking|move: Taunt\n|move|p1a: Slowking|Foul Play|p2a: actualboxleg\n|-resisted|p2a: actualboxleg\n|-damage|p2a: actualboxleg|45\/100\n|\n|-weather|SunnyDay|[upkeep]\n|-damage|p1a: Slowking|45\/100|[from] move: Fire Spin|[partiallytrapped]\n|upkeep\n|turn|25\n|\n|t:|1700682246\n|move|p2a: actualboxleg|Solar Beam||[still]\n|-prepare|p2a: actualboxleg|Solar Beam\n|-anim|p2a: actualboxleg|Solar Beam|p1a: Slowking\n|-resisted|p1a: Slowking\n|-damage|p1a: Slowking|36\/100\n|move|p1a: Slowking|Foul Play|p2a: actualboxleg\n|-resisted|p2a: actualboxleg\n|-damage|p2a: actualboxleg|35\/100\n|\n|-weather|SunnyDay|[upkeep]\n|-damage|p1a: Slowking|23\/100|[from] move: Fire Spin|[partiallytrapped]\n|upkeep\n|turn|26\n|\n|t:|1700682250\n|move|p2a: actualboxleg|Draco Meteor|p1a: Slowking\n|-damage|p1a: Slowking|0 fnt\n|-unboost|p2a: actualboxleg|spa|2\n|faint|p1a: Slowking\n|\n|win|Rei_darkness\n","uploadtime":1700682253,"views":14,"p1id":"nuggetosilver","p2id":"reidarkness","formatid":"gen9ubers","rating":0,"private":0,"password":""}