{"id":"gen9ubers-1999905725","p1":"DaddyCatcher23","p2":"ShadowB2W2","format":"[Gen 9] Ubers","log":"|j|\u2606DaddyCatcher23\n|j|\u2606ShadowB2W2\n|t:|1701128511\n|gametype|singles\n|player|p1|DaddyCatcher23|ingo|1100\n|player|p2|ShadowB2W2|nate|1126\n|teamsize|p1|6\n|teamsize|p2|6\n|gen|9\n|tier|[Gen 9] Ubers\n|rated|\n|rule|Sleep Clause Mod: Limit one foe put to sleep\n|rule|Species Clause: Limit one of each Pok\u00e9mon\n|rule|OHKO Clause: OHKO moves are banned\n|rule|Evasion Items Clause: Evasion items are banned\n|rule|Evasion Moves Clause: Evasion moves are banned\n|rule|Endless Battle Clause: Forcing endless battles is banned\n|rule|HP Percentage Mod: HP is shown in percentages\n|clearpoke\n|poke|p1|Urshifu-*, M|\n|poke|p1|Politoed, F|\n|poke|p1|Gothitelle, M|\n|poke|p1|Kyogre|\n|poke|p1|Palafin, F|\n|poke|p1|Ribombee, F|\n|poke|p2|Annihilape, M|\n|poke|p2|Baxcalibur, M|\n|poke|p2|Miraidon|\n|poke|p2|Raichu-Alola, F|\n|poke|p2|Kyogre|\n|poke|p2|Zacian-*|\n|teampreview\n|\n|t:|1701128517\n|start\n|switch|p1a: Ribombee|Ribombee, F|100\/100\n|switch|p2a: Kyogre|Kyogre|100\/100\n|-weather|RainDance|[from] ability: Drizzle|[of] p2a: Kyogre\n|turn|1\n|\n|t:|1701128523\n|move|p1a: Ribombee|Sticky Web|p2a: Kyogre\n|-sidestart|p2: ShadowB2W2|move: Sticky Web\n|move|p2a: Kyogre|Ancient Power|p1a: Ribombee\n|-supereffective|p1a: Ribombee\n|-damage|p1a: Ribombee|13\/100\n|-boost|p2a: Kyogre|atk|1\n|-boost|p2a: Kyogre|def|1\n|-boost|p2a: Kyogre|spa|1\n|-boost|p2a: Kyogre|spd|1\n|-boost|p2a: Kyogre|spe|1\n|\n|-weather|RainDance|[upkeep]\n|upkeep\n|turn|2\n|c|\u2606DaddyCatcher23|well\n|c|\u2606DaddyCatcher23|shit\n|\n|t:|1701128533\n|move|p1a: Ribombee|Tailwind|p1a: Ribombee\n|-sidestart|p1: DaddyCatcher23|move: Tailwind\n|move|p2a: Kyogre|Ancient Power|p1a: Ribombee\n|-supereffective|p1a: Ribombee\n|-damage|p1a: Ribombee|0 fnt\n|faint|p1a: Ribombee\n|\n|-weather|RainDance|[upkeep]\n|upkeep\n|\n|t:|1701128544\n|switch|p1a: Emo|Gothitelle, M|100\/100\n|turn|3\n|c|\u2606ShadowB2W2|lol\n|\n|t:|1701128549\n|move|p1a: Emo|Grass Knot|p2a: Kyogre\n|-supereffective|p2a: Kyogre\n|-damage|p2a: Kyogre|70\/100\n|move|p2a: Kyogre|Origin Pulse|p1a: Emo|[miss]\n|-miss|p2a: Kyogre|p1a: Emo\n|\n|-weather|RainDance|[upkeep]\n|upkeep\n|turn|4\n|c|\u2606DaddyCatcher23|naw this is fine\n|c|\u2606DaddyCatcher23|nvm\n|c|\u2606DaddyCatcher23|Nvm\n|c|\u2606DaddyCatcher23|We fine\n|c|\u2606DaddyCatcher23|We balling\n|\n|t:|1701128562\n|move|p1a: Emo|Grass Knot|p2a: Kyogre\n|-supereffective|p2a: Kyogre\n|-damage|p2a: Kyogre|39\/100\n|move|p2a: Kyogre|Ancient Power|p1a: Emo\n|-damage|p1a: Emo|65\/100\n|\n|-weather|RainDance|[upkeep]\n|upkeep\n|turn|5\n|\n|t:|1701128577\n|move|p1a: Emo|Grass Knot|p2a: Kyogre\n|-supereffective|p2a: Kyogre\n|-damage|p2a: Kyogre|6\/100\n|move|p2a: Kyogre|Ancient Power|p1a: Emo\n|-damage|p1a: Emo|29\/100\n|\n|-weather|none\n|-sideend|p1: DaddyCatcher23|move: Tailwind\n|upkeep\n|turn|6\n|\n|t:|1701128584\n|move|p2a: Kyogre|Ancient Power|p1a: Emo\n|-damage|p1a: Emo|0 fnt\n|faint|p1a: Emo\n|\n|upkeep\n|\n|t:|1701128591\n|switch|p1a: Donald|Palafin, F|100\/100\n|turn|7\n|\n|t:|1701128600\n|move|p1a: Donald|Drain Punch|p2a: Kyogre\n|-crit|p2a: Kyogre\n|-damage|p2a: Kyogre|0 fnt\n|faint|p2a: Kyogre\n|\n|upkeep\n|c|\u2606DaddyCatcher23|crit matter ngl\n|\n|t:|1701128612\n|switch|p2a: Annihilape|Annihilape, M|100\/100\n|-activate|p2a: Annihilape|move: Sticky Web\n|-unboost|p2a: Annihilape|spe|1\n|-ability|p2a: Annihilape|Defiant|boost\n|-boost|p2a: Annihilape|atk|2\n|turn|8\n|\n|t:|1701128638\n|detailschange|p1a: Donald|Palafin-Hero, F\n|switch|p1a: toady|Politoed, F|100\/100\n|-weather|RainDance|[from] ability: Drizzle|[of] p1a: toady\n|-terastallize|p2a: Annihilape|Fighting\n|move|p2a: Annihilape|Drain Punch|p1a: toady\n|-damage|p1a: toady|0 fnt\n|faint|p1a: toady\n|\n|-weather|RainDance|[upkeep]\n|upkeep\n|\n|t:|1701128642\n|switch|p1a: Whailmer|Kyogre|100\/100\n|turn|9\n|c|\u2606DaddyCatcher23|TOADY NOOOO\n|\n|t:|1701128652\n|move|p1a: Whailmer|Water Spout|p2a: Annihilape\n|-enditem|p2a: Annihilape|Focus Sash\n|-damage|p2a: Annihilape|1\/100\n|move|p2a: Annihilape|Drain Punch|p1a: Whailmer\n|-damage|p1a: Whailmer|0 fnt\n|-heal|p2a: Annihilape|47\/100|[from] drain|[of] p1a: Whailmer\n|faint|p1a: Whailmer\n|\n|-weather|RainDance|[upkeep]\n|upkeep\n|\n|t:|1701128663\n|switch|p1a: Kunfu Panda|Urshifu-Rapid-Strike, M|100\/100\n|turn|10\n|\n|t:|1701128669\n|switch|p2a: Miraidon|Miraidon|100\/100\n|-activate|p2a: Miraidon|move: Sticky Web\n|-unboost|p2a: Miraidon|spe|1\n|-fieldstart|move: Electric Terrain|[from] ability: Hadron Engine|[of] p2a: Miraidon\n|move|p1a: Kunfu Panda|Surging Strikes|p2a: Miraidon\n|-resisted|p2a: Miraidon\n|-crit|p2a: Miraidon\n|-damage|p2a: Miraidon|83\/100\n|-resisted|p2a: Miraidon\n|-crit|p2a: Miraidon\n|-damage|p2a: Miraidon|64\/100\n|-resisted|p2a: Miraidon\n|-crit|p2a: Miraidon\n|-damage|p2a: Miraidon|44\/100\n|-hitcount|p2a: Miraidon|3\n|-damage|p1a: Kunfu Panda|91\/100|[from] item: Life Orb\n|\n|-weather|RainDance|[upkeep]\n|upkeep\n|turn|11\n|\n|t:|1701128685\n|move|p1a: Kunfu Panda|Drain Punch|p2a: Miraidon\n|-damage|p2a: Miraidon|0 fnt\n|-heal|p1a: Kunfu Panda|100\/100|[from] drain|[of] p2a: Miraidon\n|faint|p2a: Miraidon\n|-damage|p1a: Kunfu Panda|91\/100|[from] item: Life Orb\n|\n|-weather|RainDance|[upkeep]\n|upkeep\n|c|\u2606DaddyCatcher23|wait a minute\n|c|\u2606DaddyCatcher23|the math isnt mathing\n|\n|t:|1701128694\n|switch|p2a: Raichu|Raichu-Alola, F, shiny|100\/100\n|-activate|p2a: Raichu|move: Sticky Web\n|-unboost|p2a: Raichu|spe|1\n|turn|12\n|c|\u2606DaddyCatcher23|if a crit is the highest dmg u can get\n|c|\u2606DaddyCatcher23|But it changed every time\n|c|\u2606DaddyCatcher23|how\n|\n|t:|1701128708\n|move|p2a: Raichu|Nuzzle|p1a: Kunfu Panda\n|-supereffective|p1a: Kunfu Panda\n|-crit|p1a: Kunfu Panda\n|-damage|p1a: Kunfu Panda|65\/100\n|-status|p1a: Kunfu Panda|par\n|cant|p1a: Kunfu Panda|par\n|\n|-weather|none\n|upkeep\n|turn|13\n|\n|t:|1701128715\n|move|p2a: Raichu|Thunderbolt|p1a: Kunfu Panda\n|-supereffective|p1a: Kunfu Panda\n|-damage|p1a: Kunfu Panda|0 fnt\n|faint|p1a: Kunfu Panda\n|\n|upkeep\n|\n|t:|1701128717\n|switch|p1a: Donald|Palafin-Hero, F|100\/100\n|-activate|p1a: Donald|ability: Zero to Hero\n|turn|14\n|\n|t:|1701128723\n|-terastallize|p1a: Donald|Water\n|move|p1a: Donald|Jet Punch|p2a: Raichu\n|-enditem|p2a: Raichu|Focus Sash\n|-damage|p2a: Raichu|1\/100\n|move|p2a: Raichu|Nuzzle|p1a: Donald\n|-supereffective|p1a: Donald\n|-damage|p1a: Donald|82\/100\n|-status|p1a: Donald|par\n|\n|upkeep\n|turn|15\n|\n|t:|1701128733\n|move|p1a: Donald|Jet Punch|p2a: Raichu\n|-damage|p2a: Raichu|0 fnt\n|faint|p2a: Raichu\n|\n|upkeep\n|\n|t:|1701128738\n|switch|p2a: Baxcalibur|Baxcalibur, M|100\/100\n|-activate|p2a: Baxcalibur|move: Sticky Web\n|-unboost|p2a: Baxcalibur|spe|1\n|turn|16\n|\n|t:|1701128746\n|move|p1a: Donald|Jet Punch|p2a: Baxcalibur\n|-resisted|p2a: Baxcalibur\n|-damage|p2a: Baxcalibur|78\/100\n|move|p2a: Baxcalibur|Scale Shot|p1a: Donald\n|-damage|p1a: Donald|65\/100 par\n|-damage|p1a: Donald|49\/100 par\n|-hitcount|p1a: Donald|2\n|-unboost|p2a: Baxcalibur|def|1\n|-boost|p2a: Baxcalibur|spe|1\n|\n|upkeep\n|turn|17\n|c|\u2606DaddyCatcher23|gg\n|c|\u2606DaddyCatcher23|im screwed\n|\n|t:|1701128755\n|cant|p1a: Donald|par\n|move|p2a: Baxcalibur|Scale Shot|p1a: Donald\n|-damage|p1a: Donald|32\/100 par\n|-damage|p1a: Donald|17\/100 par\n|-damage|p1a: Donald|0 fnt\n|faint|p1a: Donald\n|-hitcount|p1: Donald|3\n|\n|win|ShadowB2W2\n|raw|DaddyCatcher23's rating: 1100 &rarr; <strong>1077<\/strong><br \/>(-23 for losing)\n|raw|ShadowB2W2's rating: 1126 &rarr; <strong>1149<\/strong><br \/>(+23 for winning)\n|l|\u2606DaddyCatcher23\n|c|\u2606ShadowB2W2|gg\n","uploadtime":1701128766,"views":1,"p1id":"daddycatcher23","p2id":"shadowb2w2","formatid":"gen9ubers","rating":1077,"private":0,"password":""}