{"id":"gen9ubers-1980561557","p1":"kiemoe","p2":"BigBabyGerry","format":"[Gen 9] Ubers","log":"|j|\u2606kiemoe\n|j|\u2606BigBabyGerry\n|t:|1698797553\n|gametype|singles\n|player|p1|kiemoe|102|\n|player|p2|BigBabyGerry|1|\n|teamsize|p1|6\n|teamsize|p2|6\n|gen|9\n|tier|[Gen 9] Ubers\n|rule|Sleep Clause Mod: Limit one foe put to sleep\n|rule|Species Clause: Limit one of each Pok\u00e9mon\n|rule|OHKO Clause: OHKO moves are banned\n|rule|Evasion Items Clause: Evasion items are banned\n|rule|Evasion Moves Clause: Evasion moves are banned\n|rule|Endless Battle Clause: Forcing endless battles is banned\n|rule|HP Percentage Mod: HP is shown in percentages\n|clearpoke\n|poke|p1|Landorus-Therian, M|\n|poke|p1|Gholdengo|\n|poke|p1|Houndstone, M|\n|poke|p1|Hippowdon, F|\n|poke|p1|Garchomp, M|\n|poke|p1|Grimmsnarl, M|\n|poke|p2|Iron Bundle|\n|poke|p2|Roaring Moon|\n|poke|p2|Gengar, M|\n|poke|p2|Mew|\n|poke|p2|Wigglytuff, M|\n|poke|p2|Tauros-Paldea-Aqua, M|\n|teampreview\n|j| Haymaker92\n|c|\u2606BigBabyGerry|glgl\n|c| Haymaker92|HOLD\n|c|\u2606kiemoe|glgl\n|c|\u2606kiemoe|holding\n|c| Haymaker92|gl gl\n|j| Du-Gi-Oh\n|c| Du-Gi-Oh|Final Four..\n|c| Du-Gi-Oh|GLHF\n|c| Du-Gi-Oh|PSYCh\n|c| Du-Gi-Oh|PSL COMMENCE\n|\n|t:|1698797860\n|start\n|switch|p1a: Landorus|Landorus-Therian, M|100\/100\n|switch|p2a: Wigglystooge|Wigglytuff, M, shiny|100\/100\n|-ability|p1a: Landorus|Intimidate|boost\n|-unboost|p2a: Wigglystooge|atk|1\n|-ability|p2a: Wigglystooge|Competitive|boost\n|-boost|p2a: Wigglystooge|spa|2\n|turn|1\n|\n|t:|1698797895\n|move|p1a: Landorus|Earthquake|p2a: Wigglystooge\n|-damage|p2a: Wigglystooge|18\/100\n|move|p2a: Wigglystooge|Stealth Rock|p1a: Landorus\n|-sidestart|p1: kiemoe|move: Stealth Rock\n|\n|upkeep\n|turn|2\n|\n|t:|1698797917\n|switch|p2a: Stoogaurous|Tauros-Paldea-Aqua, M, shiny|100\/100\n|-ability|p2a: Stoogaurous|Intimidate|boost\n|-unboost|p1a: Landorus|atk|1\n|move|p1a: Landorus|Earthquake|p2a: Stoogaurous\n|-damage|p2a: Stoogaurous|55\/100\n|\n|upkeep\n|turn|3\n|\n|t:|1698797956\n|switch|p1a: Grimmsnarl|Grimmsnarl, M|100\/100\n|-damage|p1a: Grimmsnarl|88\/100|[from] Stealth Rock\n|move|p2a: Stoogaurous|Raging Bull|p1a: Grimmsnarl\n|-damage|p1a: Grimmsnarl|2\/100\n|\n|upkeep\n|turn|4\n|\n|t:|1698797972\n|move|p1a: Grimmsnarl|Reflect|p1a: Grimmsnarl\n|-sidestart|p1: kiemoe|Reflect\n|move|p2a: Stoogaurous|Raging Bull|p1a: Grimmsnarl\n|-sideend|p1: kiemoe|Reflect\n|-damage|p1a: Grimmsnarl|0 fnt\n|faint|p1a: Grimmsnarl\n|\n|upkeep\n|\n|t:|1698797992\n|switch|p1a: Landorus|Landorus-Therian, M|100\/100\n|-damage|p1a: Landorus|88\/100|[from] Stealth Rock\n|-ability|p1a: Landorus|Intimidate|boost\n|-unboost|p2a: Stoogaurous|atk|1\n|turn|5\n|\n|t:|1698797999\n|move|p1a: Landorus|Earthquake|p2a: Stoogaurous\n|-damage|p2a: Stoogaurous|0 fnt\n|faint|p2a: Stoogaurous\n|\n|upkeep\n|\n|t:|1698798006\n|switch|p2a: Stooge Bundle|Iron Bundle, shiny|100\/100\n|turn|6\n|\n|t:|1698798027\n|move|p2a: Stooge Bundle|Ice Beam|p1a: Landorus\n|-supereffective|p1a: Landorus\n|-damage|p1a: Landorus|0 fnt\n|faint|p1a: Landorus\n|\n|upkeep\n|\n|t:|1698798054\n|switch|p1a: Gholdengo|Gholdengo|100\/100\n|-damage|p1a: Gholdengo|94\/100|[from] Stealth Rock\n|turn|7\n|\n|t:|1698798069\n|-end|p2a: Stooge Bundle|Quark Drive|[silent]\n|switch|p2a: Wigglystooge|Wigglytuff, M, shiny|18\/100\n|move|p1a: Gholdengo|Make It Rain|p2a: Wigglystooge\n|-supereffective|p2a: Wigglystooge\n|-damage|p2a: Wigglystooge|0 fnt\n|-unboost|p1a: Gholdengo|spa|1\n|-enditem|p1a: Gholdengo|White Herb\n|-clearnegativeboost|p1a: Gholdengo|[silent]\n|faint|p2a: Wigglystooge\n|\n|upkeep\n|\n|t:|1698798087\n|switch|p2a: Gengmoe|Gengar, M, shiny|100\/100\n|turn|8\n|\n|t:|1698798118\n|-terastallize|p1a: Gholdengo|Dark\n|move|p2a: Gengmoe|Shadow Ball|p1a: Gholdengo\n|-resisted|p1a: Gholdengo\n|-damage|p1a: Gholdengo|63\/100\n|-unboost|p1a: Gholdengo|spd|1\n|move|p1a: Gholdengo|Shadow Ball|p2a: Gengmoe\n|-supereffective|p2a: Gengmoe\n|-damage|p2a: Gengmoe|0 fnt\n|faint|p2a: Gengmoe\n|\n|upkeep\n|\n|t:|1698798152\n|switch|p2a: Roaring Stooge|Roaring Moon, shiny|100\/100\n|turn|9\n|\n|t:|1698798173\n|move|p2a: Roaring Stooge|Earthquake|p1a: Gholdengo\n|-damage|p1a: Gholdengo|24\/100\n|move|p1a: Gholdengo|Make It Rain|p2a: Roaring Stooge\n|-damage|p2a: Roaring Stooge|31\/100\n|-unboost|p1a: Gholdengo|spa|1\n|\n|-heal|p2a: Roaring Stooge|37\/100|[from] item: Leftovers\n|upkeep\n|turn|10\n|\n|t:|1698798191\n|move|p2a: Roaring Stooge|Earthquake|p1a: Gholdengo\n|-damage|p1a: Gholdengo|0 fnt\n|faint|p1a: Gholdengo\n|\n|-heal|p2a: Roaring Stooge|43\/100|[from] item: Leftovers\n|upkeep\n|\n|t:|1698798199\n|switch|p1a: Hippowdon|Hippowdon, F|100\/100\n|-damage|p1a: Hippowdon|94\/100|[from] Stealth Rock\n|-weather|Sandstorm|[from] ability: Sand Stream|[of] p1a: Hippowdon\n|turn|11\n|\n|t:|1698798234\n|-end|p2a: Roaring Stooge|Protosynthesis|[silent]\n|switch|p2a: Stoogew|Mew|100\/100\n|move|p1a: Hippowdon|Stealth Rock|p2a: Stoogew\n|-sidestart|p2: BigBabyGerry|move: Stealth Rock\n|\n|-weather|Sandstorm|[upkeep]\n|-damage|p2a: Stoogew|94\/100|[from] Sandstorm\n|upkeep\n|turn|12\n|\n|t:|1698798251\n|move|p2a: Stoogew|Ice Beam|p1a: Hippowdon\n|-supereffective|p1a: Hippowdon\n|-damage|p1a: Hippowdon|49\/100\n|move|p1a: Hippowdon|Earthquake|p2a: Stoogew\n|-damage|p2a: Stoogew|61\/100\n|\n|-weather|Sandstorm|[upkeep]\n|-damage|p2a: Stoogew|55\/100|[from] Sandstorm\n|upkeep\n|turn|13\n|\n|t:|1698798277\n|move|p1a: Hippowdon|Slack Off|p1a: Hippowdon\n|-heal|p1a: Hippowdon|99\/100\n|move|p2a: Stoogew|Roar|p1a: Hippowdon\n|drag|p1a: Houndstone|Houndstone, M|100\/100\n|-damage|p1a: Houndstone|88\/100|[from] Stealth Rock\n|\n|-weather|Sandstorm|[upkeep]\n|-damage|p2a: Stoogew|49\/100|[from] Sandstorm\n|upkeep\n|turn|14\n|\n|t:|1698798298\n|move|p1a: Houndstone|Last Respects|p2a: Stoogew\n|-supereffective|p2a: Stoogew\n|-damage|p2a: Stoogew|0 fnt\n|faint|p2a: Stoogew\n|\n|-weather|Sandstorm|[upkeep]\n|upkeep\n|\n|t:|1698798315\n|switch|p2a: Stooge Bundle|Iron Bundle, shiny|100\/100\n|-damage|p2a: Stooge Bundle|76\/100|[from] Stealth Rock\n|turn|15\n|\n|t:|1698798329\n|switch|p1a: Garchomp|Garchomp, M|100\/100\n|-damage|p1a: Garchomp|94\/100|[from] Stealth Rock\n|-terastallize|p2a: Stooge Bundle|Normal\n|move|p2a: Stooge Bundle|Ice Beam|p1a: Garchomp\n|-supereffective|p1a: Garchomp\n|-damage|p1a: Garchomp|0 fnt\n|faint|p1a: Garchomp\n|\n|-weather|Sandstorm|[upkeep]\n|-damage|p2a: Stooge Bundle|70\/100|[from] Sandstorm\n|upkeep\n|\n|t:|1698798344\n|switch|p1a: Houndstone|Houndstone, M|88\/100\n|-damage|p1a: Houndstone|76\/100|[from] Stealth Rock\n|turn|16\n|\n|t:|1698798349\n|move|p2a: Stooge Bundle|Ice Beam|p1a: Houndstone\n|-damage|p1a: Houndstone|24\/100\n|-status|p1a: Houndstone|frz\n|cant|p1a: Houndstone|frz\n|\n|-weather|Sandstorm|[upkeep]\n|-damage|p2a: Stooge Bundle|64\/100|[from] Sandstorm\n|upkeep\n|turn|17\n|c|\u2606kiemoe|ahhhh gg\n|\n|t:|1698798363\n|move|p2a: Stooge Bundle|Ice Beam|p1a: Houndstone\n|-damage|p1a: Houndstone|0 fnt\n|faint|p1a: Houndstone\n|\n|-weather|Sandstorm|[upkeep]\n|-damage|p2a: Stooge Bundle|58\/100|[from] Sandstorm\n|upkeep\n|c| Du-Gi-Oh|10% unreal\n|c| Du-Gi-Oh|the RNG\n|\n|t:|1698798370\n|switch|p1a: Hippowdon|Hippowdon, F|99\/100\n|-damage|p1a: Hippowdon|93\/100|[from] Stealth Rock\n|turn|18\n|\n|t:|1698798378\n|move|p2a: Stooge Bundle|Ice Beam|p1a: Hippowdon\n|-supereffective|p1a: Hippowdon\n|-damage|p1a: Hippowdon|0 fnt\n|faint|p1a: Hippowdon\n|\n|win|BigBabyGerry\n|c|\u2606BigBabyGerry|gg\n|c| Haymaker92|GGS\n|c| Du-Gi-Oh|5 minute timer\n","uploadtime":1698798399,"views":13,"p1id":"kiemoe","p2id":"bigbabygerry","formatid":"gen9ubers","rating":0,"private":0,"password":""}