{"id":"gen9ubers-1984213412","p1":"GratedsShtickface","p2":"ttkilla","format":"[Gen 9] Ubers","log":"|j|\u2606GratedsShtickface\n|j|\u2606ttkilla\n|t:|1699230895\n|gametype|singles\n|player|p1|GratedsShtickface|hiker-gen4|\n|player|p2|ttkilla|cameraman|\n|teamsize|p1|6\n|teamsize|p2|6\n|gen|9\n|tier|[Gen 9] Ubers\n|rule|Sleep Clause Mod: Limit one foe put to sleep\n|rule|Species Clause: Limit one of each Pok\u00e9mon\n|rule|OHKO Clause: OHKO moves are banned\n|rule|Evasion Items Clause: Evasion items are banned\n|rule|Evasion Moves Clause: Evasion moves are banned\n|rule|Endless Battle Clause: Forcing endless battles is banned\n|rule|HP Percentage Mod: HP is shown in percentages\n|clearpoke\n|poke|p1|Rillaboom, M|\n|poke|p1|Sneasler, M|\n|poke|p1|Espathra, M|\n|poke|p1|Magearna|\n|poke|p1|Arceus-Fire|\n|poke|p1|Palafin, M|\n|poke|p2|Cyclizar, F|\n|poke|p2|Ogerpon, F|\n|poke|p2|Dialga|\n|poke|p2|Tyranitar, M|\n|poke|p2|Arceus-Fighting|\n|poke|p2|Iron Moth|\n|teampreview\n|c|\u2606GratedsShtickface|glhf\n|c|\u2606ttkilla|glhf\n|\n|t:|1699230933\n|start\n|switch|p1a: Random Finizen|Palafin, M|100\/100\n|switch|p2a: Spicy Moth|Iron Moth|100\/100\n|-enditem|p2a: Spicy Moth|Booster Energy\n|-activate|p2a: Spicy Moth|ability: Quark Drive|[fromitem]\n|-start|p2a: Spicy Moth|quarkdrivespa\n|turn|1\n|\n|t:|1699230945\n|move|p1a: Random Finizen|Jet Punch|p2a: Spicy Moth\n|-supereffective|p2a: Spicy Moth\n|-damage|p2a: Spicy Moth|0 fnt\n|faint|p2a: Spicy Moth\n|-end|p2a: Spicy Moth|Quark Drive|[silent]\n|\n|upkeep\n|\n|t:|1699230948\n|switch|p2a: Ogerpon|Ogerpon, F|100\/100\n|turn|2\n|\n|t:|1699230953\n|detailschange|p1a: Random Finizen|Palafin-Hero, M\n|switch|p1a: Ar\u0441eus-Fighting|Arceus-Fire|100\/100\n|move|p2a: Ogerpon|Knock Off|p1a: Ar\u0441eus-Fighting\n|-damage|p1a: Ar\u0441eus-Fighting|78\/100\n|\n|upkeep\n|turn|3\n|\n|t:|1699230962\n|switch|p2a: Short Godzilla|Tyranitar, M|100\/100\n|-weather|Sandstorm|[from] ability: Sand Stream|[of] p2a: Short Godzilla\n|move|p1a: Ar\u0441eus-Fighting|Flare Blitz|p2a: Short Godzilla\n|-resisted|p2a: Short Godzilla\n|-damage|p2a: Short Godzilla|72\/100\n|-damage|p1a: Ar\u0441eus-Fighting|70\/100|[from] Recoil\n|\n|-weather|Sandstorm|[upkeep]\n|-damage|p1a: Ar\u0441eus-Fighting|64\/100|[from] Sandstorm\n|upkeep\n|turn|4\n|\n|t:|1699230973\n|switch|p1a: Harambe|Rillaboom, M|100\/100\n|-fieldstart|move: Grassy Terrain|[from] ability: Grassy Surge|[of] p1a: Harambe\n|move|p2a: Short Godzilla|Knock Off|p1a: Harambe\n|-damage|p1a: Harambe|44\/100\n|-enditem|p1a: Harambe|Choice Band|[from] move: Knock Off|[of] p2a: Short Godzilla\n|\n|-weather|Sandstorm|[upkeep]\n|-damage|p1a: Harambe|38\/100|[from] Sandstorm\n|-heal|p1a: Harambe|44\/100|[from] Grassy Terrain\n|-heal|p2a: Short Godzilla|78\/100|[from] Grassy Terrain\n|upkeep\n|turn|5\n|\n|t:|1699230989\n|switch|p2a: IdontHaveLeftovers|Dialga|100\/100\n|-ability|p2a: IdontHaveLeftovers|Pressure\n|move|p1a: Harambe|Wood Hammer|p2a: IdontHaveLeftovers\n|-resisted|p2a: IdontHaveLeftovers\n|-damage|p2a: IdontHaveLeftovers|88\/100\n|-damage|p1a: Harambe|39\/100|[from] Recoil\n|\n|-weather|Sandstorm|[upkeep]\n|-damage|p1a: Harambe|33\/100|[from] Sandstorm\n|-heal|p1a: Harambe|39\/100|[from] Grassy Terrain\n|-heal|p2a: IdontHaveLeftovers|94\/100|[from] Grassy Terrain\n|-heal|p2a: IdontHaveLeftovers|100\/100|[from] item: Leftovers\n|upkeep\n|turn|6\n|\n|t:|1699230997\n|move|p1a: Harambe|High Horsepower|p2a: IdontHaveLeftovers\n|-supereffective|p2a: IdontHaveLeftovers\n|-damage|p2a: IdontHaveLeftovers|63\/100\n|move|p2a: IdontHaveLeftovers|Thunder Wave|p1a: Harambe\n|-status|p1a: Harambe|par\n|\n|-weather|Sandstorm|[upkeep]\n|-damage|p1a: Harambe|33\/100 par|[from] Sandstorm\n|-heal|p2a: IdontHaveLeftovers|69\/100|[from] Grassy Terrain\n|-heal|p2a: IdontHaveLeftovers|75\/100|[from] item: Leftovers\n|-heal|p1a: Harambe|39\/100 par|[from] Grassy Terrain\n|upkeep\n|turn|7\n|\n|t:|1699231005\n|switch|p1a: Magearna|Magearna|100\/100\n|move|p2a: IdontHaveLeftovers|Draco Meteor|p1a: Magearna\n|-immune|p1a: Magearna\n|\n|-weather|none\n|-heal|p2a: IdontHaveLeftovers|81\/100|[from] Grassy Terrain\n|-heal|p2a: IdontHaveLeftovers|88\/100|[from] item: Leftovers\n|upkeep\n|turn|8\n|\n|t:|1699231013\n|move|p2a: IdontHaveLeftovers|Thunder Wave|p1a: Magearna\n|-status|p1a: Magearna|par\n|move|p1a: Magearna|Thunder Wave|p2a: IdontHaveLeftovers\n|-status|p2a: IdontHaveLeftovers|par\n|\n|-heal|p2a: IdontHaveLeftovers|94\/100 par|[from] Grassy Terrain\n|-heal|p2a: IdontHaveLeftovers|99\/100 par|[from] item: Leftovers\n|-fieldend|move: Grassy Terrain\n|upkeep\n|turn|9\n|\n|t:|1699231023\n|switch|p2a: Short Godzilla|Tyranitar, M|78\/100\n|-weather|Sandstorm|[from] ability: Sand Stream|[of] p2a: Short Godzilla\n|move|p1a: Magearna|Spikes|p2a: Short Godzilla\n|-sidestart|p2: ttkilla|Spikes\n|\n|-weather|Sandstorm|[upkeep]\n|upkeep\n|turn|10\n|\n|t:|1699231031\n|move|p2a: Short Godzilla|Knock Off|p1a: Magearna\n|-resisted|p1a: Magearna\n|-damage|p1a: Magearna|85\/100 par\n|-enditem|p1a: Magearna|Leftovers|[from] move: Knock Off|[of] p2a: Short Godzilla\n|cant|p1a: Magearna|par\n|\n|-weather|Sandstorm|[upkeep]\n|upkeep\n|turn|11\n|\n|t:|1699231038\n|move|p2a: Short Godzilla|Earthquake|p1a: Magearna\n|-supereffective|p1a: Magearna\n|-damage|p1a: Magearna|43\/100 par\n|move|p1a: Magearna|Spikes|p2a: Short Godzilla\n|-sidestart|p2: ttkilla|Spikes\n|\n|-weather|Sandstorm|[upkeep]\n|upkeep\n|turn|12\n|\n|t:|1699231042\n|move|p2a: Short Godzilla|Earthquake|p1a: Magearna\n|-supereffective|p1a: Magearna\n|-damage|p1a: Magearna|0 fnt\n|faint|p1a: Magearna\n|\n|-weather|Sandstorm|[upkeep]\n|upkeep\n|\n|t:|1699231052\n|switch|p1a: Harambe|Rillaboom, M|39\/100 par\n|-fieldstart|move: Grassy Terrain|[from] ability: Grassy Surge|[of] p1a: Harambe\n|turn|13\n|\n|t:|1699231119\n|switch|p1a: Haha Long Boi|Sneasler, M, shiny|100\/100\n|-enditem|p1a: Haha Long Boi|Grassy Seed\n|-boost|p1a: Haha Long Boi|def|1|[from] item: Grassy Seed\n|move|p2a: Short Godzilla|Knock Off|p1a: Haha Long Boi\n|-resisted|p1a: Haha Long Boi\n|-crit|p1a: Haha Long Boi\n|-damage|p1a: Haha Long Boi|58\/100\n|\n|-weather|none\n|-heal|p1a: Haha Long Boi|64\/100|[from] Grassy Terrain\n|-heal|p2a: Short Godzilla|84\/100|[from] Grassy Terrain\n|upkeep\n|turn|14\n|inactive|Battle timer is ON: inactive players will automatically lose when time's up. (requested by GratedsShtickface)\n|\n|t:|1699231141\n|move|p1a: Haha Long Boi|Close Combat|p2a: Short Godzilla\n|-supereffective|p2a: Short Godzilla\n|-damage|p2a: Short Godzilla|0 fnt\n|-unboost|p1a: Haha Long Boi|def|1\n|-unboost|p1a: Haha Long Boi|spd|1\n|faint|p2a: Short Godzilla\n|\n|-heal|p1a: Haha Long Boi|70\/100|[from] Grassy Terrain\n|upkeep\n|\n|t:|1699231157\n|switch|p2a: IdontHaveLeftovers|Dialga|99\/100 par\n|-damage|p2a: IdontHaveLeftovers|83\/100 par|[from] Spikes\n|-ability|p2a: IdontHaveLeftovers|Pressure\n|turn|15\n|\n|t:|1699231163\n|-terastallize|p2a: IdontHaveLeftovers|Flying\n|move|p1a: Haha Long Boi|Close Combat|p2a: IdontHaveLeftovers\n|-resisted|p2a: IdontHaveLeftovers\n|-damage|p2a: IdontHaveLeftovers|63\/100 par\n|-unboost|p1a: Haha Long Boi|def|1\n|-unboost|p1a: Haha Long Boi|spd|1\n|move|p2a: IdontHaveLeftovers|Roar|p1a: Haha Long Boi\n|drag|p1a: Random Finizen|Palafin-Hero, M|100\/100\n|-activate|p1a: Random Finizen|ability: Zero to Hero\n|\n|-heal|p2a: IdontHaveLeftovers|70\/100 par|[from] item: Leftovers\n|upkeep\n|turn|16\n|\n|t:|1699231175\n|move|p1a: Random Finizen|Wave Crash|p2a: IdontHaveLeftovers\n|-damage|p2a: IdontHaveLeftovers|9\/100 par\n|-damage|p1a: Random Finizen|77\/100|[from] Recoil\n|move|p2a: IdontHaveLeftovers|Thunder Wave|p1a: Random Finizen\n|-status|p1a: Random Finizen|par\n|\n|-heal|p1a: Random Finizen|83\/100 par|[from] Grassy Terrain\n|-heal|p2a: IdontHaveLeftovers|16\/100 par|[from] item: Leftovers\n|upkeep\n|turn|17\n|\n|t:|1699231181\n|switch|p2a: Ogerpon|Ogerpon, F|100\/100\n|-damage|p2a: Ogerpon|84\/100|[from] Spikes\n|move|p1a: Random Finizen|Wave Crash|p2a: Ogerpon\n|-resisted|p2a: Ogerpon\n|-damage|p2a: Ogerpon|12\/100\n|-damage|p1a: Random Finizen|62\/100 par|[from] Recoil\n|\n|-heal|p2a: Ogerpon|18\/100|[from] Grassy Terrain\n|-heal|p1a: Random Finizen|69\/100 par|[from] Grassy Terrain\n|-fieldend|move: Grassy Terrain\n|upkeep\n|turn|18\n|\n|t:|1699231197\n|switch|p1a: Harambe|Rillaboom, M|39\/100 par\n|-fieldstart|move: Grassy Terrain|[from] ability: Grassy Surge|[of] p1a: Harambe\n|move|p2a: Ogerpon|U-turn|p1a: Harambe\n|-supereffective|p1a: Harambe\n|-damage|p1a: Harambe|0 fnt\n|faint|p1a: Harambe\n|\n|t:|1699231201\n|switch|p2a: WannaRidemyBICYCLE|Cyclizar, F|100\/100|[from] U-turn\n|\n|upkeep\n|\n|t:|1699231213\n|switch|p1a: Ar\u0441eus-Fighting|Arceus-Fire|64\/100\n|turn|19\n|\n|t:|1699231219\n|move|p1a: Ar\u0441eus-Fighting|Extreme Speed|p2a: WannaRidemyBICYCLE\n|-damage|p2a: WannaRidemyBICYCLE|63\/100\n|move|p2a: WannaRidemyBICYCLE|Shed Tail|p2a: WannaRidemyBICYCLE\n|-start|p2a: WannaRidemyBICYCLE|Substitute|[from] move: Shed Tail\n|-damage|p2a: WannaRidemyBICYCLE|12\/100\n|\n|t:|1699231222\n|switch|p2a: Angy Dugy|Arceus-Fighting|100\/100|[from] Shed Tail\n|-damage|p2a: Angy Dugy|84\/100|[from] Spikes\n|\n|-heal|p2a: Angy Dugy|90\/100|[from] Grassy Terrain\n|-heal|p1a: Ar\u0441eus-Fighting|70\/100|[from] Grassy Terrain\n|upkeep\n|turn|20\n|\n|t:|1699231227\n|move|p2a: Angy Dugy|Cosmic Power|p2a: Angy Dugy\n|-boost|p2a: Angy Dugy|def|1\n|-boost|p2a: Angy Dugy|spd|1\n|move|p1a: Ar\u0441eus-Fighting|Flare Blitz|p2a: Angy Dugy\n|-end|p2a: Angy Dugy|Substitute\n|-damage|p1a: Ar\u0441eus-Fighting|63\/100|[from] Recoil|[of] p2a: Angy Dugy\n|\n|-heal|p2a: Angy Dugy|96\/100|[from] Grassy Terrain\n|-heal|p1a: Ar\u0441eus-Fighting|70\/100|[from] Grassy Terrain\n|upkeep\n|turn|21\n|\n|t:|1699231232\n|switch|p1a: The Ostrich|Espathra, M, shiny|100\/100\n|-enditem|p1a: The Ostrich|Grassy Seed\n|-boost|p1a: The Ostrich|def|1|[from] item: Grassy Seed\n|move|p2a: Angy Dugy|Cosmic Power|p2a: Angy Dugy\n|-boost|p2a: Angy Dugy|def|1\n|-boost|p2a: Angy Dugy|spd|1\n|\n|-heal|p2a: Angy Dugy|100\/100|[from] Grassy Terrain\n|upkeep\n|turn|22\n|\n|t:|1699231237\n|move|p2a: Angy Dugy|Body Press|p1a: The Ostrich\n|-resisted|p1a: The Ostrich\n|-damage|p1a: The Ostrich|65\/100\n|move|p1a: The Ostrich|Calm Mind|p1a: The Ostrich\n|-boost|p1a: The Ostrich|spa|1\n|-boost|p1a: The Ostrich|spd|1\n|\n|-heal|p1a: The Ostrich|71\/100|[from] Grassy Terrain\n|-fieldend|move: Grassy Terrain\n|-ability|p1a: The Ostrich|Speed Boost|boost\n|-boost|p1a: The Ostrich|spe|1\n|upkeep\n|turn|23\n|\n|t:|1699231247\n|move|p1a: The Ostrich|Protect|p1a: The Ostrich\n|-singleturn|p1a: The Ostrich|Protect\n|move|p2a: Angy Dugy|Body Press|p1a: The Ostrich\n|-activate|p1a: The Ostrich|move: Protect\n|\n|-ability|p1a: The Ostrich|Speed Boost|boost\n|-boost|p1a: The Ostrich|spe|1\n|upkeep\n|turn|24\n|\n|t:|1699231255\n|move|p1a: The Ostrich|Calm Mind|p1a: The Ostrich\n|-boost|p1a: The Ostrich|spa|1\n|-boost|p1a: The Ostrich|spd|1\n|move|p2a: Angy Dugy|Body Press|p1a: The Ostrich\n|-resisted|p1a: The Ostrich\n|-damage|p1a: The Ostrich|35\/100\n|\n|-ability|p1a: The Ostrich|Speed Boost|boost\n|-boost|p1a: The Ostrich|spe|1\n|upkeep\n|turn|25\n|\n|t:|1699231265\n|move|p1a: The Ostrich|Stored Power|p2a: Angy Dugy\n|-supereffective|p2a: Angy Dugy\n|-damage|p2a: Angy Dugy|0 fnt\n|faint|p2a: Angy Dugy\n|\n|-ability|p1a: The Ostrich|Speed Boost|boost\n|-boost|p1a: The Ostrich|spe|1\n|upkeep\n|\n|t:|1699231269\n|switch|p2a: IdontHaveLeftovers|Dialga, tera:Flying|16\/100 par\n|-ability|p2a: IdontHaveLeftovers|Pressure\n|turn|26\n|c|\u2606ttkilla|gg\n|\n|t:|1699231275\n|-terastallize|p1a: The Ostrich|Fighting\n|move|p1a: The Ostrich|Stored Power|p2a: IdontHaveLeftovers\n|-damage|p2a: IdontHaveLeftovers|0 fnt\n|faint|p2a: IdontHaveLeftovers\n|\n|-ability|p1a: The Ostrich|Speed Boost|boost\n|-boost|p1a: The Ostrich|spe|1\n|upkeep\n|c|\u2606GratedsShtickface|gg\n|\n|t:|1699231278\n|switch|p2a: Ogerpon|Ogerpon, F|18\/100\n|-damage|p2a: Ogerpon|2\/100|[from] Spikes\n|turn|27\n|\n|t:|1699231284\n|move|p1a: The Ostrich|Stored Power|p2a: Ogerpon\n|-damage|p2a: Ogerpon|0 fnt\n|faint|p2a: Ogerpon\n|\n|-ability|p1a: The Ostrich|Speed Boost|boost\n|-boost|p1a: The Ostrich|spe|1\n|upkeep\n|-message|ttkilla forfeited.\n|\n|win|GratedsShtickface\n|l|\u2606ttkilla\n","uploadtime":1699231295,"views":9,"p1id":"gratedsshtickface","p2id":"ttkilla","formatid":"gen9ubers","rating":0,"private":0,"password":""}