{"id":"gen9ubers-1988219987","p1":"ppvgc","p2":"Dark King_5","format":"[Gen 9] Ubers","log":"|j|\u2606ppvgc\n|j|\u2606Dark King_5\n|t:|1699687886\n|gametype|singles\n|player|p1|ppvgc|morty|1000\n|player|p2|Dark King_5|265|1103\n|teamsize|p1|6\n|teamsize|p2|6\n|gen|9\n|tier|[Gen 9] Ubers\n|rated|\n|rule|Sleep Clause Mod: Limit one foe put to sleep\n|rule|Species Clause: Limit one of each Pok\u00e9mon\n|rule|OHKO Clause: OHKO moves are banned\n|rule|Evasion Items Clause: Evasion items are banned\n|rule|Evasion Moves Clause: Evasion moves are banned\n|rule|Endless Battle Clause: Forcing endless battles is banned\n|rule|HP Percentage Mod: HP is shown in percentages\n|clearpoke\n|poke|p1|Ceruledge, M|\n|poke|p1|Gengar, F|\n|poke|p1|Giratina|\n|poke|p1|Sinistcha-Masterpiece|\n|poke|p1|Arceus-Ghost|\n|poke|p1|Decidueye, F|\n|poke|p2|Dipplin, F|\n|poke|p2|Walking Wake|\n|poke|p2|Koraidon|\n|poke|p2|Goodra-Hisui, F|\n|poke|p2|Dragapult, F|\n|poke|p2|Flapple, M|\n|teampreview\n|inactive|Battle timer is ON: inactive players will automatically lose when time's up. (requested by Dark King_5)\n|\n|t:|1699687892\n|start\n|switch|p1a: Decidueye|Decidueye, F|100\/100\n|switch|p2a: Koraidon|Koraidon|100\/100\n|-weather|SunnyDay|[from] ability: Orichalcum Pulse|[of] p2a: Koraidon\n|-activate|p2a: Koraidon|Orichalcum Pulse|[source]\n|turn|1\n|\n|t:|1699687903\n|move|p2a: Koraidon|Swords Dance|p2a: Koraidon\n|-boost|p2a: Koraidon|atk|2\n|move|p1a: Decidueye|Spirit Shackle|p2a: Koraidon\n|-damage|p2a: Koraidon|75\/100\n|-activate|p2a: Koraidon|trapped\n|\n|-weather|SunnyDay|[upkeep]\n|upkeep\n|turn|2\n|\n|t:|1699687911\n|move|p2a: Koraidon|Dragon Claw|p1a: Decidueye\n|-damage|p1a: Decidueye|0 fnt\n|faint|p1a: Decidueye\n|\n|-weather|SunnyDay|[upkeep]\n|upkeep\n|\n|t:|1699687916\n|switch|p1a: Ceruledge|Ceruledge, M, shiny|100\/100\n|turn|3\n|\n|t:|1699687921\n|move|p2a: Koraidon|Dragon Claw|p1a: Ceruledge\n|-damage|p1a: Ceruledge|0 fnt\n|faint|p1a: Ceruledge\n|\n|-weather|SunnyDay|[upkeep]\n|upkeep\n|\n|t:|1699687926\n|switch|p1a: Gengar|Gengar, F, shiny|100\/100\n|turn|4\n|\n|t:|1699687929\n|move|p2a: Koraidon|Dragon Claw|p1a: Gengar\n|-damage|p1a: Gengar|0 fnt\n|faint|p1a: Gengar\n|\n|-weather|SunnyDay|[upkeep]\n|upkeep\n|\n|t:|1699687934\n|switch|p1a: Arceus|Arceus-Ghost|100\/100\n|turn|5\n|\n|t:|1699687939\n|move|p2a: Koraidon|Dragon Claw|p1a: Arceus\n|-damage|p1a: Arceus|20\/100\n|move|p1a: Arceus|Draco Meteor|p2a: Koraidon\n|-supereffective|p2a: Koraidon\n|-damage|p2a: Koraidon|0 fnt\n|-unboost|p1a: Arceus|spa|2\n|faint|p2a: Koraidon\n|\n|-weather|SunnyDay|[upkeep]\n|upkeep\n|\n|t:|1699687945\n|switch|p2a: Dipplin|Dipplin, F|100\/100\n|turn|6\n|\n|t:|1699687950\n|-terastallize|p2a: Dipplin|Steel\n|move|p1a: Arceus|Draco Meteor|p2a: Dipplin\n|-resisted|p2a: Dipplin\n|-damage|p2a: Dipplin|93\/100\n|-unboost|p1a: Arceus|spa|2\n|move|p2a: Dipplin|Growth|p2a: Dipplin\n|-boost|p2a: Dipplin|atk|2\n|-boost|p2a: Dipplin|spa|2\n|\n|-weather|SunnyDay|[upkeep]\n|upkeep\n|turn|7\n|\n|t:|1699687961\n|move|p1a: Arceus|Focus Blast|p2a: Dipplin\n|-supereffective|p2a: Dipplin\n|-damage|p2a: Dipplin|76\/100\n|move|p2a: Dipplin|Tera Blast|p1a: Arceus|[anim] Tera Blast Steel\n|-damage|p1a: Arceus|0 fnt\n|faint|p1a: Arceus\n|\n|-weather|SunnyDay|[upkeep]\n|upkeep\n|\n|t:|1699687968\n|switch|p1a: Giratina|Giratina, shiny|100\/100\n|turn|8\n|\n|t:|1699687987\n|move|p1a: Giratina|Dragon Pulse|p2a: Dipplin\n|-resisted|p2a: Dipplin\n|-damage|p2a: Dipplin|62\/100\n|move|p2a: Dipplin|Dragon Pulse|p1a: Giratina\n|-supereffective|p1a: Giratina\n|-damage|p1a: Giratina|7\/100\n|\n|-weather|none\n|upkeep\n|turn|9\n|\n|t:|1699687994\n|move|p1a: Giratina|Dragon Claw|p2a: Dipplin\n|-resisted|p2a: Dipplin\n|-damage|p2a: Dipplin|52\/100\n|move|p2a: Dipplin|Syrup Bomb|p1a: Giratina|[miss]\n|-miss|p2a: Dipplin|p1a: Giratina\n|\n|upkeep\n|turn|10\n|\n|t:|1699688001\n|move|p1a: Giratina|Destiny Bond|p1a: Giratina\n|-singlemove|p1a: Giratina|Destiny Bond\n|move|p2a: Dipplin|Syrup Bomb|p1a: Giratina\n|-resisted|p1a: Giratina\n|-damage|p1a: Giratina|0 fnt\n|faint|p1a: Giratina\n|-activate|p1a: Giratina|move: Destiny Bond\n|faint|p2a: Dipplin\n|\n|upkeep\n|\n|t:|1699688008\n|switch|p1a: Sinistcha|Sinistcha-Masterpiece, shiny|100\/100\n|switch|p2a: Walking Wake|Walking Wake|100\/100\n|turn|11\n|\n|t:|1699688013\n|move|p2a: Walking Wake|Flamethrower|p1a: Sinistcha\n|-supereffective|p1a: Sinistcha\n|-damage|p1a: Sinistcha|4\/100\n|move|p1a: Sinistcha|Matcha Gotcha|p2a: Walking Wake|[miss]\n|-miss|p1a: Sinistcha|p2a: Walking Wake\n|\n|upkeep\n|turn|12\n|\n|t:|1699688018\n|move|p2a: Walking Wake|Flamethrower|p1a: Sinistcha\n|-supereffective|p1a: Sinistcha\n|-crit|p1a: Sinistcha\n|-damage|p1a: Sinistcha|0 fnt\n|faint|p1a: Sinistcha\n|\n|win|Dark King_5\n|raw|ppvgc's rating: 1000 &rarr; <strong>1000<\/strong><br \/>(+0 for losing)\n|raw|Dark King_5's rating: 1103 &rarr; <strong>1121<\/strong><br \/>(+18 for winning)\n|l|\u2606ppvgc\n","uploadtime":1699688025,"views":16,"p1id":"ppvgc","p2id":"darkking5","formatid":"gen9ubers","rating":1000,"private":0,"password":""}