{"id":"gen9ubers-1989214281","p1":"Darcia","p2":"iuxkysersosa","format":"[Gen 9] Ubers","log":"|j|\u2606Darcia\n|j|\u2606iuxkysersosa\n|t:|1699824184\n|gametype|singles\n|player|p1|Darcia|grimsley|\n|player|p2|iuxkysersosa|266|\n|teamsize|p1|6\n|teamsize|p2|6\n|gen|9\n|tier|[Gen 9] Ubers\n|rule|Sleep Clause Mod: Limit one foe put to sleep\n|rule|Species Clause: Limit one of each Pok\u00e9mon\n|rule|OHKO Clause: OHKO moves are banned\n|rule|Evasion Items Clause: Evasion items are banned\n|rule|Evasion Moves Clause: Evasion moves are banned\n|rule|Endless Battle Clause: Forcing endless battles is banned\n|rule|HP Percentage Mod: HP is shown in percentages\n|clearpoke\n|poke|p1|Regieleki|\n|poke|p1|Zoroark-Hisui, M|\n|poke|p1|Okidogi, M|\n|poke|p1|Weavile, F|\n|poke|p1|Scyther, M|\n|poke|p1|Tauros-Paldea-Aqua, M|\n|poke|p2|Sableye, F|\n|poke|p2|Iron Leaves|\n|poke|p2|Dragonite, F|\n|poke|p2|Slowking, M|\n|poke|p2|Cetitan, F|\n|poke|p2|Magearna|\n|teampreview\n|c|\u2606iuxkysersosa|gljf\n|c|\u2606iuxkysersosa|glhf\n|\n|t:|1699824259\n|start\n|switch|p1a: Poseidon|Tauros-Paldea-Aqua, M|100\/100\n|switch|p2a: Magearna|Magearna|100\/100\n|turn|1\n|\n|t:|1699824283\n|switch|p1a: Tsubasa|Okidogi, M|100\/100\n|move|p2a: Magearna|Fleur Cannon|p1a: Tsubasa\n|-damage|p1a: Tsubasa|53\/100\n|-unboost|p2a: Magearna|spa|2\n|\n|upkeep\n|turn|2\n|\n|t:|1699824301\n|move|p1a: Tsubasa|Poison Jab|p2a: Magearna\n|-immune|p2a: Magearna\n|move|p2a: Magearna|Volt Switch|p1a: Tsubasa\n|-damage|p1a: Tsubasa|45\/100\n|\n|t:|1699824316\n|switch|p2a: Sableye|Sableye, F|100\/100|[from] Volt Switch\n|\n|upkeep\n|turn|3\n|\n|t:|1699824327\n|switch|p1a: Poseidon|Tauros-Paldea-Aqua, M|100\/100\n|move|p2a: Sableye|Will-O-Wisp|p1a: Poseidon\n|-status|p1a: Poseidon|brn\n|-enditem|p1a: Poseidon|Lum Berry|[eat]\n|-curestatus|p1a: Poseidon|brn|[msg]\n|\n|upkeep\n|turn|4\n|\n|t:|1699824336\n|move|p2a: Sableye|Will-O-Wisp|p1a: Poseidon\n|-status|p1a: Poseidon|brn\n|move|p1a: Poseidon|Bulk Up|p1a: Poseidon\n|-boost|p1a: Poseidon|atk|1\n|-boost|p1a: Poseidon|def|1\n|\n|-damage|p1a: Poseidon|94\/100 brn|[from] brn\n|-activate|p1a: Poseidon|ability: Cud Chew\n|-enditem|p1a: Poseidon|Lum Berry|[eat]\n|-curestatus|p1a: Poseidon|brn|[msg]\n|upkeep\n|turn|5\n|\n|t:|1699824348\n|move|p2a: Sableye|Will-O-Wisp|p1a: Poseidon\n|-status|p1a: Poseidon|brn\n|move|p1a: Poseidon|Trailblaze|p2a: Sableye\n|-crit|p2a: Sableye\n|-damage|p2a: Sableye|77\/100\n|-boost|p1a: Poseidon|spe|1\n|\n|-damage|p1a: Poseidon|88\/100 brn|[from] brn\n|upkeep\n|turn|6\n|\n|t:|1699824362\n|switch|p2a: Iron Leaves|Iron Leaves|100\/100\n|-enditem|p2a: Iron Leaves|Booster Energy\n|-activate|p2a: Iron Leaves|ability: Quark Drive|[fromitem]\n|-start|p2a: Iron Leaves|quarkdriveatk\n|move|p1a: Poseidon|Bulk Up|p1a: Poseidon\n|-boost|p1a: Poseidon|atk|1\n|-boost|p1a: Poseidon|def|1\n|\n|-damage|p1a: Poseidon|82\/100 brn|[from] brn\n|upkeep\n|turn|7\n|\n|t:|1699824376\n|move|p1a: Poseidon|Wave Crash|p2a: Iron Leaves\n|-resisted|p2a: Iron Leaves\n|-damage|p2a: Iron Leaves|69\/100\n|-damage|p1a: Poseidon|71\/100 brn|[from] Recoil\n|move|p2a: Iron Leaves|Leaf Blade|p1a: Poseidon\n|-supereffective|p1a: Poseidon\n|-crit|p1a: Poseidon\n|-damage|p1a: Poseidon|0 fnt\n|faint|p1a: Poseidon\n|\n|upkeep\n|\n|t:|1699824395\n|switch|p1a: Kula|Weavile, F|100\/100\n|-ability|p1a: Kula|Pressure\n|turn|8\n|\n|t:|1699824403\n|move|p1a: Kula|Knock Off|p2a: Iron Leaves\n|-supereffective|p2a: Iron Leaves\n|-damage|p2a: Iron Leaves|0 fnt\n|faint|p2a: Iron Leaves\n|-end|p2a: Iron Leaves|Quark Drive|[silent]\n|\n|upkeep\n|\n|t:|1699824412\n|switch|p2a: Magearna|Magearna|100\/100\n|turn|9\n|\n|t:|1699824429\n|move|p1a: Kula|Knock Off|p2a: Magearna\n|-resisted|p2a: Magearna\n|-damage|p2a: Magearna|81\/100\n|-enditem|p2a: Magearna|Leftovers|[from] move: Knock Off|[of] p1a: Kula\n|move|p2a: Magearna|Fleur Cannon|p1a: Kula|[miss]\n|-miss|p2a: Magearna|p1a: Kula\n|\n|upkeep\n|turn|10\n|\n|t:|1699824442\n|move|p1a: Kula|Low Kick|p2a: Magearna\n|-damage|p2a: Magearna|58\/100\n|move|p2a: Magearna|Fleur Cannon|p1a: Kula\n|-supereffective|p1a: Kula\n|-damage|p1a: Kula|0 fnt\n|-unboost|p2a: Magearna|spa|2\n|faint|p1a: Kula\n|-ability|p2a: Magearna|Soul-Heart|boost\n|-boost|p2a: Magearna|spa|1\n|\n|upkeep\n|\n|t:|1699824452\n|switch|p1a: Tsubasa|Okidogi, M|45\/100\n|turn|11\n|\n|t:|1699824461\n|move|p1a: Tsubasa|Drain Punch|p2a: Magearna\n|-damage|p2a: Magearna|24\/100\n|-heal|p1a: Tsubasa|61\/100|[from] drain|[of] p2a: Magearna\n|move|p2a: Magearna|Volt Switch|p1a: Tsubasa\n|-damage|p1a: Tsubasa|50\/100\n|\n|t:|1699824473\n|switch|p2a: Dragonite|Dragonite, F|100\/100|[from] Volt Switch\n|\n|upkeep\n|turn|12\n|\n|t:|1699824480\n|move|p2a: Dragonite|Dragon Dance|p2a: Dragonite\n|-boost|p2a: Dragonite|atk|1\n|-boost|p2a: Dragonite|spe|1\n|move|p1a: Tsubasa|Knock Off|p2a: Dragonite\n|-damage|p2a: Dragonite|84\/100\n|-status|p2a: Dragonite|tox|[from] ability: Toxic Chain|[of] p1a: Tsubasa\n|-enditem|p2a: Dragonite|Weakness Policy|[from] move: Knock Off|[of] p1a: Tsubasa\n|\n|-damage|p2a: Dragonite|78\/100 tox|[from] psn\n|upkeep\n|turn|13\n|\n|t:|1699824497\n|switch|p1a: Blade|Scyther, M|100\/100\n|move|p2a: Dragonite|Dragon Dance|p2a: Dragonite\n|-boost|p2a: Dragonite|atk|1\n|-boost|p2a: Dragonite|spe|1\n|\n|-damage|p2a: Dragonite|66\/100 tox|[from] psn\n|upkeep\n|turn|14\n|\n|t:|1699824508\n|move|p2a: Dragonite|Iron Head|p1a: Blade\n|-damage|p1a: Blade|42\/100\n|cant|p1a: Blade|flinch\n|\n|-damage|p2a: Dragonite|48\/100 tox|[from] psn\n|upkeep\n|turn|15\n|\n|t:|1699824537\n|-terastallize|p2a: Dragonite|Normal\n|move|p2a: Dragonite|Iron Head|p1a: Blade\n|-damage|p1a: Blade|0 fnt\n|faint|p1a: Blade\n|\n|-damage|p2a: Dragonite|23\/100 tox|[from] psn\n|upkeep\n|\n|t:|1699824546\n|switch|p1a: Raijin|Regieleki|100\/100\n|turn|16\n|\n|t:|1699824554\n|move|p2a: Dragonite|Extreme Speed|p1a: Raijin\n|-immune|p1a: Raijin\n|move|p1a: Raijin|Shadow Ball|p2a: Dragonite\n|-immune|p2a: Dragonite\n|\n|-damage|p2a: Dragonite|0 fnt|[from] psn\n|faint|p2a: Dragonite\n|upkeep\n|\n|t:|1699824561\n|switch|p2a: Sableye|Sableye, F|77\/100\n|turn|17\n|\n|t:|1699824578\n|move|p2a: Sableye|Light Screen|p2a: Sableye\n|-sidestart|p2: iuxkysersosa|move: Light Screen\n|move|p1a: Raijin|Taunt|p2a: Sableye\n|-start|p2a: Sableye|move: Taunt\n|\n|upkeep\n|turn|18\n|\n|t:|1699824595\n|move|p1a: Raijin|Shadow Ball|p2a: Sableye\n|-damage|p2a: Sableye|56\/100\n|-unboost|p2a: Sableye|spd|1\n|move|p2a: Sableye|Foul Play|p1a: Raijin\n|-supereffective|p1a: Raijin\n|-damage|p1a: Raijin|2\/100\n|replace|p1a: Ace|Zoroark-Hisui, M\n|-end|p1a: Ace|Illusion\n|\n|upkeep\n|turn|19\n|\n|t:|1699824611\n|move|p1a: Ace|Shadow Ball|p2a: Sableye\n|-damage|p2a: Sableye|23\/100\n|move|p2a: Sableye|Foul Play|p1a: Ace\n|-supereffective|p1a: Ace\n|-crit|p1a: Ace\n|-damage|p1a: Ace|0 fnt\n|faint|p1a: Ace\n|\n|upkeep\n|\n|t:|1699824620\n|switch|p1a: Raijin|Regieleki|100\/100\n|turn|20\n|\n|t:|1699824632\n|move|p1a: Raijin|Thunderbolt|p2a: Sableye\n|-damage|p2a: Sableye|0 fnt\n|faint|p2a: Sableye\n|\n|upkeep\n|\n|t:|1699824639\n|switch|p2a: Cetitan|Cetitan, F|100\/100\n|turn|21\n|\n|t:|1699824646\n|move|p1a: Raijin|Thunderbolt|p2a: Cetitan\n|-damage|p2a: Cetitan|63\/100\n|-status|p2a: Cetitan|par\n|move|p2a: Cetitan|Belly Drum|p2a: Cetitan\n|-damage|p2a: Cetitan|13\/100 par\n|-setboost|p2a: Cetitan|atk|6|[from] move: Belly Drum\n|-enditem|p2a: Cetitan|Sitrus Berry|[eat]\n|-heal|p2a: Cetitan|38\/100 par|[from] item: Sitrus Berry\n|\n|upkeep\n|turn|22\n|\n|t:|1699824657\n|move|p2a: Cetitan|Ice Shard|p1a: Raijin\n|-damage|p1a: Raijin|0 fnt\n|faint|p1a: Raijin\n|\n|upkeep\n|\n|t:|1699824662\n|switch|p1a: Tsubasa|Okidogi, M|50\/100\n|turn|23\n|\n|t:|1699824665\n|move|p2a: Cetitan|Ice Shard|p1a: Tsubasa\n|-damage|p1a: Tsubasa|0 fnt\n|faint|p1a: Tsubasa\n|\n|win|iuxkysersosa\n","uploadtime":1699824671,"views":28,"p1id":"darcia","p2id":"iuxkysersosa","formatid":"gen9ubers","rating":0,"private":0,"password":""}