{"id":"gen9ubers-1969125564","p1":"Uubers account","p2":"underhours","format":"[Gen 9] Ubers","log":"|j|\u2606Uubers account\n|j|\u2606underhours\n|t:|1697492268\n|gametype|singles\n|player|p1|Uubers account|101|\n|player|p2|underhours|brock-gen2|\n|teamsize|p1|6\n|teamsize|p2|6\n|gen|9\n|tier|[Gen 9] Ubers\n|rule|Sleep Clause Mod: Limit one foe put to sleep\n|rule|Species Clause: Limit one of each Pok\u00e9mon\n|rule|OHKO Clause: OHKO moves are banned\n|rule|Evasion Items Clause: Evasion items are banned\n|rule|Evasion Moves Clause: Evasion moves are banned\n|rule|Endless Battle Clause: Forcing endless battles is banned\n|rule|HP Percentage Mod: HP is shown in percentages\n|clearpoke\n|poke|p1|Zacian-*|\n|poke|p1|Hatterene, F|\n|poke|p1|Basculegion-F, F|\n|poke|p1|Arceus-Dark|\n|poke|p1|Palkia-Origin|\n|poke|p1|Meowscarada, M|\n|poke|p2|Heatran, M|\n|poke|p2|Zacian-*|\n|poke|p2|Dragapult, M|\n|poke|p2|Magearna|\n|poke|p2|Arceus-Poison|\n|poke|p2|Shaymin-Sky|\n|teampreview\n|inactive|Battle timer is ON: inactive players will automatically lose when time's up. (requested by underhours)\n|\n|t:|1697492289\n|start\n|switch|p1a: Meowscarada|Meowscarada, M|100\/100\n|switch|p2a: Arceus|Arceus-Poison|100\/100\n|turn|1\n|\n|t:|1697492302\n|move|p1a: Meowscarada|Spikes|p2a: Arceus\n|-sidestart|p2: underhours|Spikes\n|move|p2a: Arceus|Poison Jab|p1a: Meowscarada\n|-supereffective|p1a: Meowscarada\n|-enditem|p1a: Meowscarada|Focus Sash\n|-damage|p1a: Meowscarada|1\/100\n|-status|p1a: Meowscarada|psn\n|\n|-damage|p1a: Meowscarada|0 fnt|[from] psn\n|faint|p1a: Meowscarada\n|upkeep\n|c|\u2606Uubers account|omg\n|c|\u2606Uubers account|that poison hurt\n|c|\u2606underhours|;-;\n|c|\u2606underhours|sorry\n|inactive|Uubers account has 270 seconds left.\n|c|\u2606Uubers account|u good\n|j| Cw1999\n|l| Cw1999\n|\n|t:|1697492348\n|switch|p1a: Palkia|Palkia-Origin|100\/100\n|-ability|p1a: Palkia|Pressure\n|turn|2\n|inactive|underhours has 270 seconds left.\n|\n|t:|1697492383\n|switch|p2a: Shaymin|Shaymin-Sky|100\/100\n|move|p1a: Palkia|Hydro Pump|p2a: Shaymin\n|-resisted|p2a: Shaymin\n|-damage|p2a: Shaymin|54\/100\n|\n|upkeep\n|turn|3\n|\n|t:|1697492398\n|move|p2a: Shaymin|Air Slash|p1a: Palkia\n|-damage|p1a: Palkia|60\/100\n|-damage|p2a: Shaymin|44\/100|[from] item: Life Orb\n|move|p1a: Palkia|Spacial Rend|p2a: Shaymin\n|-damage|p2a: Shaymin|0 fnt\n|faint|p2a: Shaymin\n|\n|upkeep\n|\n|t:|1697492405\n|switch|p2a: Zacian|Zacian|100\/100\n|-damage|p2a: Zacian|88\/100|[from] Spikes\n|-ability|p2a: Zacian|Intrepid Sword|boost\n|-boost|p2a: Zacian|atk|1\n|turn|4\n|\n|t:|1697492410\n|switch|p1a: Hatterene|Hatterene, F|100\/100\n|move|p2a: Zacian|Play Rough|p1a: Hatterene\n|-damage|p1a: Hatterene|30\/100\n|-enditem|p1a: Hatterene|Eject Button\n|\n|t:|1697492419\n|switch|p1a: Zacian|Zacian|100\/100\n|-ability|p1a: Zacian|Intrepid Sword|boost\n|-boost|p1a: Zacian|atk|1\n|\n|upkeep\n|turn|5\n|inactive|Uubers account has 270 seconds left.\n|inactive|underhours has 270 seconds left.\n|\n|t:|1697492464\n|move|p1a: Zacian|Play Rough|p2a: Zacian\n|-damage|p2a: Zacian|29\/100\n|-enditem|p2a: Zacian|Red Card|[of] p1a: Zacian\n|drag|p1a: Arceus|Arceus-Dark|100\/100\n|move|p2a: Zacian|Play Rough|p1a: Arceus\n|-supereffective|p1a: Arceus\n|-damage|p1a: Arceus|9\/100\n|\n|upkeep\n|turn|6\n|inactive|Uubers account has 270 seconds left.\n|c|\u2606Uubers account|red card\n|c|\u2606Uubers account|wtf\n|inactive|underhours has 240 seconds left.\n|c|\u2606underhours|i totally did that by accident just messing around with sets\n|c|\u2606underhours|Lol\n|c|\u2606Uubers account|lol\n|\n|t:|1697492520\n|move|p2a: Zacian|Play Rough|p1a: Arceus\n|-supereffective|p1a: Arceus\n|-damage|p1a: Arceus|0 fnt\n|faint|p1a: Arceus\n|\n|upkeep\n|\n|t:|1697492532\n|switch|p1a: Basculegion|Basculegion-F, F, shiny|100\/100\n|turn|7\n|\n|t:|1697492544\n|switch|p2a: \u227d^\u2022\u2a4a\u2022^\u227c|Heatran, M|100\/100\n|-damage|p2a: \u227d^\u2022\u2a4a\u2022^\u227c|88\/100|[from] Spikes\n|move|p1a: Basculegion|Last Respects|p2a: \u227d^\u2022\u2a4a\u2022^\u227c\n|-damage|p2a: \u227d^\u2022\u2a4a\u2022^\u227c|23\/100\n|\n|-heal|p2a: \u227d^\u2022\u2a4a\u2022^\u227c|29\/100|[from] item: Leftovers\n|upkeep\n|turn|8\n|\n|t:|1697492549\n|move|p1a: Basculegion|Last Respects|p2a: \u227d^\u2022\u2a4a\u2022^\u227c\n|-damage|p2a: \u227d^\u2022\u2a4a\u2022^\u227c|0 fnt\n|faint|p2a: \u227d^\u2022\u2a4a\u2022^\u227c\n|\n|upkeep\n|\n|t:|1697492561\n|switch|p2a: Dragapult|Dragapult, M|100\/100\n|-damage|p2a: Dragapult|88\/100|[from] Spikes\n|turn|9\n|\n|t:|1697492572\n|-terastallize|p1a: Basculegion|Normal\n|move|p2a: Dragapult|Reflect|p2a: Dragapult\n|-sidestart|p2: underhours|Reflect\n|move|p1a: Basculegion|Last Respects|p2a: Dragapult\n|-supereffective|p2a: Dragapult\n|-damage|p2a: Dragapult|16\/100\n|-start|p1a: Basculegion|Disable|Last Respects|[from] ability: Cursed Body|[of] p2a: Dragapult\n|\n|upkeep\n|turn|10\n|c|\u2606Uubers account|wasnt expecting that\n|inactive|Uubers account has 270 seconds left.\n|\n|t:|1697492593\n|switch|p1a: Hatterene|Hatterene, F|30\/100\n|move|p2a: Dragapult|Will-O-Wisp|p1a: Hatterene\n|move|p1a: Hatterene|Will-O-Wisp|p2a: Dragapult|[from]ability: Magic Bounce\n|-status|p2a: Dragapult|brn\n|\n|-damage|p2a: Dragapult|10\/100 brn|[from] brn\n|upkeep\n|turn|11\n|\n|t:|1697492599\n|move|p2a: Dragapult|U-turn|p1a: Hatterene\n|-damage|p1a: Hatterene|20\/100\n|j| GratedsShtickface\n|\n|t:|1697492604\n|switch|p2a: Zacian|Zacian|29\/100|[from] U-turn\n|-damage|p2a: Zacian|16\/100|[from] Spikes\n|move|p1a: Hatterene|Healing Wish|p1a: Hatterene\n|faint|p1a: Hatterene\n|\n|upkeep\n|\n|t:|1697492618\n|switch|p1a: Basculegion|Basculegion-F, F, shiny, tera:Normal|100\/100\n|turn|12\n|\n|t:|1697492628\n|move|p1a: Basculegion|Last Respects|p2a: Zacian\n|-damage|p2a: Zacian|0 fnt\n|faint|p2a: Zacian\n|\n|upkeep\n|inactive|underhours has 240 seconds left.\n|\n|t:|1697492642\n|switch|p2a: Magearna|Magearna|100\/100\n|-damage|p2a: Magearna|88\/100|[from] Spikes\n|turn|13\n|\n|t:|1697492649\n|switch|p1a: Zacian|Zacian|100\/100\n|move|p2a: Magearna|Shift Gear|p2a: Magearna\n|-boost|p2a: Magearna|spe|2\n|-boost|p2a: Magearna|atk|1\n|\n|-heal|p2a: Magearna|94\/100|[from] item: Leftovers\n|upkeep\n|turn|14\n|inactive|underhours has 240 seconds left.\n|\n|t:|1697492682\n|switch|p1a: Palkia|Palkia-Origin|60\/100\n|-heal|p1a: Palkia|100\/100|[from] move: Healing Wish\n|-ability|p1a: Palkia|Pressure\n|switch|p2a: Dragapult|Dragapult, M|10\/100 brn\n|-damage|p2a: Dragapult|0 fnt|[from] Spikes\n|faint|p2a: Dragapult\n|\n|upkeep\n|\n|t:|1697492690\n|switch|p2a: Magearna|Magearna|94\/100\n|-damage|p2a: Magearna|82\/100|[from] Spikes\n|turn|15\n|\n|t:|1697492704\n|move|p1a: Palkia|Substitute|p1a: Palkia\n|-start|p1a: Palkia|Substitute\n|-damage|p1a: Palkia|76\/100\n|move|p2a: Magearna|Draining Kiss|p1a: Palkia\n|-supereffective|p1a: Palkia\n|-crit|p1a: Palkia\n|-end|p1a: Palkia|Substitute\n|-heal|p2a: Magearna|98\/100|[from] drain|[of] p1a: Palkia\n|\n|-heal|p2a: Magearna|100\/100|[from] item: Leftovers\n|upkeep\n|turn|16\n|\n|t:|1697492716\n|move|p1a: Palkia|Earth Power|p2a: Magearna\n|-supereffective|p2a: Magearna\n|-damage|p2a: Magearna|39\/100\n|move|p2a: Magearna|Draining Kiss|p1a: Palkia\n|-supereffective|p1a: Palkia\n|-damage|p1a: Palkia|39\/100\n|-heal|p2a: Magearna|63\/100|[from] drain|[of] p1a: Palkia\n|\n|-heal|p2a: Magearna|69\/100|[from] item: Leftovers\n|-sideend|p2: underhours|Reflect\n|upkeep\n|turn|17\n|\n|t:|1697492722\n|move|p1a: Palkia|Earth Power|p2a: Magearna\n|-supereffective|p2a: Magearna\n|-damage|p2a: Magearna|14\/100\n|move|p2a: Magearna|Draining Kiss|p1a: Palkia\n|-supereffective|p1a: Palkia\n|-damage|p1a: Palkia|1\/100\n|-heal|p2a: Magearna|40\/100|[from] drain|[of] p1a: Palkia\n|\n|-heal|p2a: Magearna|46\/100|[from] item: Leftovers\n|upkeep\n|turn|18\n|inactive|underhours has 240 seconds left.\n|c|\u2606underhours|damn\n|c|\u2606underhours|shitty rolls\n|\n|t:|1697492747\n|move|p1a: Palkia|Earth Power|p2a: Magearna\n|-supereffective|p2a: Magearna\n|-damage|p2a: Magearna|0 fnt\n|faint|p2a: Magearna\n|\n|upkeep\n|\n|t:|1697492750\n|switch|p2a: Arceus|Arceus-Poison|100\/100\n|-damage|p2a: Arceus|88\/100|[from] Spikes\n|turn|19\n|inactive|underhours has 240 seconds left.\n|c|\u2606underhours|karma for the poison lol\n|c|\u2606Uubers account|outcome is still the same but yeah shitty rolls\n|\n|t:|1697492770\n|move|p1a: Palkia|Earth Power|p2a: Arceus\n|-supereffective|p2a: Arceus\n|-damage|p2a: Arceus|43\/100\n|move|p2a: Arceus|Dragon Dance|p2a: Arceus\n|-boost|p2a: Arceus|atk|1\n|-boost|p2a: Arceus|spe|1\n|\n|upkeep\n|turn|20\n|\n|t:|1697492781\n|move|p2a: Arceus|Recover|p2a: Arceus\n|-heal|p2a: Arceus|93\/100\n|move|p1a: Palkia|Earth Power|p2a: Arceus\n|-supereffective|p2a: Arceus\n|-damage|p2a: Arceus|48\/100\n|\n|upkeep\n|turn|21\n|\n|t:|1697492788\n|move|p2a: Arceus|Poison Jab|p1a: Palkia\n|-damage|p1a: Palkia|0 fnt\n|faint|p1a: Palkia\n|\n|upkeep\n|\n|t:|1697492800\n|switch|p1a: Basculegion|Basculegion-F, F, shiny, tera:Normal|100\/100\n|turn|22\n|inactive|underhours has 240 seconds left.\n|\n|t:|1697492809\n|move|p1a: Basculegion|Last Respects|p2a: Arceus\n|-damage|p2a: Arceus|0 fnt\n|faint|p2a: Arceus\n|\n|win|Uubers account\n|c|\u2606underhours|ggs\n|c|\u2606Uubers account|gg\n|c| GratedsShtickface|h\n","uploadtime":1697492824,"views":26,"p1id":"uubersaccount","p2id":"underhours","formatid":"gen9ubers","rating":0,"private":0,"password":""}