{"id":"gen9ubers-1969242675","p1":"Electricratman","p2":"Vettte","format":"[Gen 9] Ubers","log":"|j|\u2606Electricratman\n|j|\u2606Vettte\n|t:|1697505175\n|gametype|singles\n|player|p1|Electricratman|265|1073\n|player|p2|Vettte|lucas|1000\n|teamsize|p1|6\n|teamsize|p2|6\n|gen|9\n|tier|[Gen 9] Ubers\n|rated|\n|rule|Sleep Clause Mod: Limit one foe put to sleep\n|rule|Species Clause: Limit one of each Pok\u00e9mon\n|rule|OHKO Clause: OHKO moves are banned\n|rule|Evasion Items Clause: Evasion items are banned\n|rule|Evasion Moves Clause: Evasion moves are banned\n|rule|Endless Battle Clause: Forcing endless battles is banned\n|rule|HP Percentage Mod: HP is shown in percentages\n|clearpoke\n|poke|p1|Greninja-*, F|\n|poke|p1|Magearna|\n|poke|p1|Pikachu, F|\n|poke|p1|Politoed, M|\n|poke|p1|Overqwil, F|\n|poke|p1|Charizard, F|\n|poke|p2|Dragonite, F|\n|poke|p2|Kyogre|\n|poke|p2|Mewtwo|\n|poke|p2|Tyranitar, M|\n|poke|p2|Amoonguss, M|\n|poke|p2|Infernape, F|\n|teampreview\n|\n|t:|1697505196\n|start\n|switch|p1a: Pikachu|Pikachu, F|100\/100\n|switch|p2a: godzilla|Tyranitar, M, shiny|100\/100\n|-weather|Sandstorm|[from] ability: Sand Stream|[of] p2a: godzilla\n|turn|1\n|\n|t:|1697505230\n|move|p1a: Pikachu|Grass Knot|p2a: godzilla\n|-supereffective|p2a: godzilla\n|-damage|p2a: godzilla|64\/100\n|move|p2a: godzilla|Iron Defense|p2a: godzilla\n|-boost|p2a: godzilla|def|2\n|\n|-weather|Sandstorm|[upkeep]\n|-damage|p1a: Pikachu|94\/100|[from] Sandstorm\n|upkeep\n|turn|2\n|\n|t:|1697505244\n|-terastallize|p1a: Pikachu|Water\n|move|p1a: Pikachu|Surf|p2a: godzilla\n|-supereffective|p2a: godzilla\n|-damage|p2a: godzilla|24\/100\n|move|p2a: godzilla|Dragon Pulse|p1a: Pikachu\n|-damage|p1a: Pikachu|43\/100\n|\n|-weather|Sandstorm|[upkeep]\n|-damage|p1a: Pikachu|37\/100|[from] Sandstorm\n|upkeep\n|turn|3\n|\n|t:|1697505260\n|move|p1a: Pikachu|Surf|p2a: godzilla\n|-supereffective|p2a: godzilla\n|-damage|p2a: godzilla|0 fnt\n|faint|p2a: godzilla\n|\n|-weather|Sandstorm|[upkeep]\n|-damage|p1a: Pikachu|31\/100|[from] Sandstorm\n|upkeep\n|\n|t:|1697505269\n|switch|p2a: oscer|Dragonite, F, shiny|100\/100\n|turn|4\n|\n|t:|1697505281\n|move|p1a: Pikachu|Volt Switch|p2a: oscer\n|-damage|p2a: oscer|80\/100\n|\n|t:|1697505287\n|switch|p1a: King Candy|Politoed, M, shiny|100\/100|[from] Volt Switch\n|-weather|RainDance|[from] ability: Drizzle|[of] p1a: King Candy\n|move|p2a: oscer|Body Press|p1a: King Candy\n|-crit|p1a: King Candy\n|-damage|p1a: King Candy|73\/100\n|\n|-weather|RainDance|[upkeep]\n|upkeep\n|turn|5\n|\n|t:|1697505298\n|move|p2a: oscer|Dragon Dance|p2a: oscer\n|-boost|p2a: oscer|atk|1\n|-boost|p2a: oscer|spe|1\n|move|p1a: King Candy|Ice Beam|p2a: oscer\n|-supereffective|p2a: oscer\n|-damage|p2a: oscer|0 fnt\n|faint|p2a: oscer\n|\n|-weather|RainDance|[upkeep]\n|upkeep\n|\n|t:|1697505311\n|switch|p2a: ice monkey|Infernape, F, shiny|100\/100\n|turn|6\n|\n|t:|1697505317\n|move|p1a: King Candy|Weather Ball|p2a: ice monkey\n|-supereffective|p2a: ice monkey\n|-crit|p2a: ice monkey\n|-damage|p2a: ice monkey|0 fnt\n|faint|p2a: ice monkey\n|\n|-weather|RainDance|[upkeep]\n|upkeep\n|\n|t:|1697505331\n|switch|p2a: macho man|Kyogre, shiny|100\/100\n|turn|7\n|\n|t:|1697505348\n|switch|p1a: Pikachu|Pikachu, F, tera:Water|31\/100\n|move|p2a: macho man|Ice Beam|p1a: Pikachu\n|-resisted|p1a: Pikachu\n|-damage|p1a: Pikachu|0 fnt\n|faint|p1a: Pikachu\n|\n|-weather|RainDance|[upkeep]\n|upkeep\n|\n|t:|1697505366\n|switch|p1a: Greninja|Greninja, F, shiny|100\/100\n|turn|8\n|\n|t:|1697505385\n|-terastallize|p2a: macho man|Ice\n|move|p1a: Greninja|Grass Knot|p2a: macho man\n|-start|p1a: Greninja|typechange|Grass|[from] ability: Protean\n|-damage|p2a: macho man|63\/100\n|move|p2a: macho man|Ice Beam|p1a: Greninja\n|-supereffective|p1a: Greninja\n|-damage|p1a: Greninja|0 fnt\n|faint|p1a: Greninja\n|\n|-weather|RainDance|[upkeep]\n|upkeep\n|\n|t:|1697505411\n|switch|p1a: Charizard|Charizard, F|100\/100\n|turn|9\n|\n|t:|1697505424\n|move|p1a: Charizard|Ancient Power|p2a: macho man\n|-supereffective|p2a: macho man\n|-damage|p2a: macho man|34\/100\n|move|p2a: macho man|Ancient Power|p1a: Charizard\n|-supereffective|p1a: Charizard\n|-damage|p1a: Charizard|0 fnt\n|faint|p1a: Charizard\n|\n|-weather|RainDance|[upkeep]\n|upkeep\n|\n|t:|1697505448\n|switch|p1a: Magearna|Magearna|100\/100\n|turn|10\n|\n|t:|1697505454\n|move|p2a: macho man|Ice Beam|p1a: Magearna\n|-resisted|p1a: Magearna\n|-damage|p1a: Magearna|80\/100\n|move|p1a: Magearna|Calm Mind|p1a: Magearna\n|-boost|p1a: Magearna|spa|1\n|-boost|p1a: Magearna|spd|1\n|\n|-weather|RainDance|[upkeep]\n|-heal|p1a: Magearna|86\/100|[from] item: Leftovers\n|upkeep\n|turn|11\n|\n|t:|1697505466\n|move|p2a: macho man|Earthquake|p1a: Magearna\n|-supereffective|p1a: Magearna\n|-damage|p1a: Magearna|46\/100\n|move|p1a: Magearna|Calm Mind|p1a: Magearna\n|-boost|p1a: Magearna|spa|1\n|-boost|p1a: Magearna|spd|1\n|\n|-weather|none\n|-heal|p1a: Magearna|52\/100|[from] item: Leftovers\n|upkeep\n|turn|12\n|\n|t:|1697505496\n|move|p2a: macho man|Earthquake|p1a: Magearna\n|-supereffective|p1a: Magearna\n|-damage|p1a: Magearna|12\/100\n|move|p1a: Magearna|Shift Gear|p1a: Magearna\n|-boost|p1a: Magearna|spe|2\n|-boost|p1a: Magearna|atk|1\n|\n|-heal|p1a: Magearna|18\/100|[from] item: Leftovers\n|upkeep\n|turn|13\n|\n|t:|1697505508\n|move|p1a: Magearna|Stored Power|p2a: macho man\n|-damage|p2a: macho man|0 fnt\n|faint|p2a: macho man\n|-ability|p1a: Magearna|Soul-Heart|boost\n|-boost|p1a: Magearna|spa|1\n|\n|-heal|p1a: Magearna|24\/100|[from] item: Leftovers\n|upkeep\n|\n|t:|1697505516\n|switch|p2a: mr freeze|Mewtwo|100\/100\n|-ability|p2a: mr freeze|Pressure\n|turn|14\n|\n|t:|1697505527\n|move|p2a: mr freeze|Drain Punch|p1a: Magearna\n|-damage|p1a: Magearna|10\/100\n|move|p1a: Magearna|Draining Kiss|p2a: mr freeze\n|-damage|p2a: mr freeze|27\/100\n|-heal|p1a: Magearna|63\/100|[from] drain|[of] p2a: mr freeze\n|\n|-heal|p1a: Magearna|69\/100|[from] item: Leftovers\n|upkeep\n|turn|15\n|\n|t:|1697505540\n|move|p2a: mr freeze|Drain Punch|p1a: Magearna\n|-damage|p1a: Magearna|54\/100\n|-heal|p2a: mr freeze|35\/100|[from] drain|[of] p1a: Magearna\n|move|p1a: Magearna|Stored Power|p2a: mr freeze\n|-resisted|p2a: mr freeze\n|-damage|p2a: mr freeze|0 fnt\n|faint|p2a: mr freeze\n|-ability|p1a: Magearna|Soul-Heart|boost\n|-boost|p1a: Magearna|spa|1\n|\n|-heal|p1a: Magearna|60\/100|[from] item: Leftovers\n|upkeep\n|\n|t:|1697505551\n|switch|p2a: amogus|Amoonguss, M|100\/100\n|turn|16\n|\n|t:|1697505556\n|move|p1a: Magearna|Stored Power|p2a: amogus\n|-supereffective|p2a: amogus\n|-damage|p2a: amogus|0 fnt\n|faint|p2a: amogus\n|\n|win|Electricratman\n|raw|Electricratman's rating: 1073 &rarr; <strong>1096<\/strong><br \/>(+23 for winning)\n|raw|Vettte's rating: 1000 &rarr; <strong>1000<\/strong><br \/>(+0 for losing)\n|c|\u2606Electricratman|Gg wp\n|l|\u2606Vettte\n","uploadtime":1697505576,"views":17,"p1id":"electricratman","p2id":"vettte","formatid":"gen9ubers","rating":1000,"private":0,"password":""}