{"id":"gen9ubers-1989928682","p1":"Laprasrules12","p2":"Bestmaindragonite","format":"[Gen 9] Ubers","log":"|j|\u2606Laprasrules12\n|j|\u2606Bestmaindragonite\n|t:|1699907548\n|gametype|singles\n|player|p1|Laprasrules12|dawn|\n|player|p2|Bestmaindragonite|lillie|\n|teamsize|p1|6\n|teamsize|p2|6\n|gen|9\n|tier|[Gen 9] Ubers\n|rule|Sleep Clause Mod: Limit one foe put to sleep\n|rule|Species Clause: Limit one of each Pok\u00e9mon\n|rule|OHKO Clause: OHKO moves are banned\n|rule|Evasion Items Clause: Evasion items are banned\n|rule|Evasion Moves Clause: Evasion moves are banned\n|rule|Endless Battle Clause: Forcing endless battles is banned\n|rule|HP Percentage Mod: HP is shown in percentages\n|clearpoke\n|poke|p1|Forretress, M|\n|poke|p1|Wooper-Paldea, M|\n|poke|p1|Iron Valiant|\n|poke|p1|Basculin-White-Striped, F|\n|poke|p1|Arceus-Grass|\n|poke|p1|Oricorio, F|\n|poke|p2|Rillaboom, F|\n|poke|p2|Dialga|\n|poke|p2|Dusclops, M|\n|poke|p2|Sewaddle, M|\n|poke|p2|Urshifu-*, F|\n|poke|p2|Arceus-Rock|\n|teampreview\n|inactive|Battle timer is ON: inactive players will automatically lose when time's up. (requested by Laprasrules12)\n|inactive|Laprasrules12 has 270 seconds left.\n|inactive|Bestmaindragonite has 270 seconds left.\n|j| LadyMaria-Blue\n|inactive|Bestmaindragonite has 240 seconds left.\n|\n|t:|1699907613\n|start\n|switch|p1a: Homophobia|Oricorio, F, shiny|100\/100\n|switch|p2a: Urshifu|Urshifu-Rapid-Strike, F|100\/100\n|turn|1\n|\n|t:|1699907624\n|switch|p1a: Pooper|Wooper-Paldea, M, shiny|100\/100\n|move|p2a: Urshifu|Surging Strikes|p1a: Pooper\n|-immune|p1a: Pooper|[from] ability: Water Absorb\n|\n|upkeep\n|turn|2\n|\n|t:|1699907631\n|switch|p2a: Ribomwho?|Sewaddle, M|100\/100\n|move|p1a: Pooper|Toxic|p2a: Ribomwho?\n|-status|p2a: Ribomwho?|tox\n|\n|-damage|p2a: Ribomwho?|94\/100 tox|[from] psn\n|upkeep\n|turn|3\n|\n|t:|1699907643\n|switch|p1a: Homophobia|Oricorio, F, shiny|100\/100\n|move|p2a: Ribomwho?|Sticky Web|p1a: Homophobia\n|-sidestart|p1: Laprasrules12|move: Sticky Web\n|\n|-damage|p2a: Ribomwho?|82\/100 tox|[from] psn\n|upkeep\n|turn|4\n|c| LadyMaria-Blue|is this y'alls swiss match?\n|\n|t:|1699907652\n|switch|p2a: Dialga|Dialga|100\/100\n|-ability|p2a: Dialga|Pressure\n|move|p1a: Homophobia|Quiver Dance|p1a: Homophobia\n|-boost|p1a: Homophobia|spa|1\n|-boost|p1a: Homophobia|spd|1\n|-boost|p1a: Homophobia|spe|1\n|\n|upkeep\n|turn|5\n|c|\u2606Laprasrules12|For the draft\n|\n|t:|1699907658\n|move|p1a: Homophobia|Revelation Dance|p2a: Dialga\n|-damage|p2a: Dialga|42\/100\n|move|p2a: Dialga|Roar|p1a: Homophobia\n|drag|p1a: They\/Them|Iron Valiant, shiny|100\/100\n|-activate|p1a: They\/Them|move: Sticky Web\n|-unboost|p1a: They\/Them|spe|1\n|-enditem|p1a: They\/Them|Booster Energy\n|-activate|p1a: They\/Them|ability: Quark Drive|[fromitem]\n|-start|p1a: They\/Them|quarkdrivespa\n|\n|-heal|p2a: Dialga|49\/100|[from] item: Leftovers\n|upkeep\n|turn|6\n|c| LadyMaria-Blue|why is the oricorio named homophobia bruh lmao\n|\n|t:|1699907669\n|switch|p2a: Ribomwho?|Sewaddle, M|82\/100 tox\n|move|p1a: They\/Them|Aura Sphere|p2a: Ribomwho?\n|-resisted|p2a: Ribomwho?\n|-damage|p2a: Ribomwho?|37\/100 tox\n|\n|-damage|p2a: Ribomwho?|31\/100 tox|[from] psn\n|upkeep\n|turn|7\n|c|\u2606Laprasrules12|Inside joke from last night\n|\n|t:|1699907679\n|move|p1a: They\/Them|Moonblast|p2a: Ribomwho?\n|-damage|p2a: Ribomwho?|0 fnt\n|faint|p2a: Ribomwho?\n|\n|upkeep\n|\n|t:|1699907697\n|switch|p2a: Urshifu|Urshifu-Rapid-Strike, F|100\/100\n|turn|8\n|\n|t:|1699907701\n|move|p2a: Urshifu|U-turn|p1a: They\/Them\n|-resisted|p1a: They\/Them\n|-damage|p1a: They\/Them|90\/100\n|\n|t:|1699907707\n|switch|p2a: Dusclops|Dusclops, M|100\/100|[from] U-turn\n|-ability|p2a: Dusclops|Pressure\n|move|p1a: They\/Them|Moonblast|p2a: Dusclops\n|-damage|p2a: Dusclops|66\/100\n|\n|upkeep\n|turn|9\n|\n|t:|1699907725\n|switch|p2a: Dialga|Dialga|49\/100\n|-ability|p2a: Dialga|Pressure\n|move|p1a: They\/Them|Destiny Bond|p1a: They\/Them\n|-singlemove|p1a: They\/Them|Destiny Bond\n|\n|-heal|p2a: Dialga|55\/100|[from] item: Leftovers\n|upkeep\n|turn|10\n|\n|t:|1699907730\n|move|p1a: They\/Them|Aura Sphere|p2a: Dialga\n|-supereffective|p2a: Dialga\n|-damage|p2a: Dialga|0 fnt\n|faint|p2a: Dialga\n|\n|upkeep\n|\n|t:|1699907733\n|switch|p2a: Rillaboom|Rillaboom, F|100\/100\n|-fieldstart|move: Grassy Terrain|[from] ability: Grassy Surge|[of] p2a: Rillaboom\n|turn|11\n|\n|t:|1699907742\n|move|p2a: Rillaboom|Wood Hammer|p1a: They\/Them\n|-damage|p1a: They\/Them|0 fnt\n|faint|p1a: They\/Them\n|-end|p1a: They\/Them|Quark Drive|[silent]\n|-damage|p2a: Rillaboom|74\/100|[from] Recoil\n|\n|-heal|p2a: Rillaboom|81\/100|[from] Grassy Terrain\n|upkeep\n|\n|t:|1699907746\n|switch|p1a: Homophobia|Oricorio, F, shiny|100\/100\n|turn|12\n|\n|t:|1699907766\n|switch|p2a: Urshifu|Urshifu-Rapid-Strike, F|100\/100\n|move|p1a: Homophobia|Quiver Dance|p1a: Homophobia\n|-boost|p1a: Homophobia|spa|1\n|-boost|p1a: Homophobia|spd|1\n|-boost|p1a: Homophobia|spe|1\n|\n|upkeep\n|turn|13\n|\n|t:|1699907772\n|-terastallize|p1a: Homophobia|Grass\n|move|p1a: Homophobia|Revelation Dance|p2a: Urshifu\n|-supereffective|p2a: Urshifu\n|-damage|p2a: Urshifu|0 fnt\n|faint|p2a: Urshifu\n|\n|upkeep\n|\n|t:|1699907778\n|switch|p2a: Arceus|Arceus-Rock|100\/100\n|turn|14\n|\n|t:|1699907781\n|-terastallize|p2a: Arceus|Grass\n|move|p1a: Homophobia|Revelation Dance|p2a: Arceus\n|-resisted|p2a: Arceus\n|-damage|p2a: Arceus|72\/100\n|move|p2a: Arceus|Calm Mind|p2a: Arceus\n|-boost|p2a: Arceus|spa|1\n|-boost|p2a: Arceus|spd|1\n|\n|-heal|p2a: Arceus|78\/100|[from] Grassy Terrain\n|upkeep\n|turn|15\n|\n|t:|1699907786\n|move|p1a: Homophobia|Air Slash|p2a: Arceus\n|-supereffective|p2a: Arceus\n|-damage|p2a: Arceus|30\/100\n|move|p2a: Arceus|Flamethrower|p1a: Homophobia\n|-supereffective|p1a: Homophobia\n|-damage|p1a: Homophobia|0 fnt\n|faint|p1a: Homophobia\n|\n|-heal|p2a: Arceus|36\/100|[from] Grassy Terrain\n|-fieldend|move: Grassy Terrain\n|upkeep\n|c|\u2606Laprasrules12|Damn\n|\n|t:|1699907794\n|switch|p1a: Pipe Bomb|Forretress, M, shiny|100\/100\n|-activate|p1a: Pipe Bomb|move: Sticky Web\n|-unboost|p1a: Pipe Bomb|spe|1\n|turn|16\n|\n|t:|1699907797\n|move|p2a: Arceus|Flamethrower|p1a: Pipe Bomb\n|-supereffective|p1a: Pipe Bomb\n|-ability|p1a: Pipe Bomb|Sturdy\n|-damage|p1a: Pipe Bomb|1\/100\n|-enditem|p1a: Pipe Bomb|Red Card|[of] p2a: Arceus\n|drag|p2a: Dusclops|Dusclops, M|66\/100\n|-ability|p2a: Dusclops|Pressure\n|move|p1a: Pipe Bomb|Rapid Spin|p2a: Dusclops\n|-immune|p2a: Dusclops\n|\n|upkeep\n|turn|17\n|c|\u2606Laprasrules12|Fuck\n|\n|t:|1699907809\n|move|p2a: Dusclops|Night Shade|p1a: Pipe Bomb\n|-damage|p1a: Pipe Bomb|0 fnt\n|faint|p1a: Pipe Bomb\n|\n|upkeep\n|j| imperialorder241\n|\n|t:|1699907818\n|switch|p1a: Pooper|Wooper-Paldea, M, shiny|100\/100\n|-activate|p1a: Pooper|move: Sticky Web\n|-unboost|p1a: Pooper|spe|1\n|turn|18\n|\n|t:|1699907828\n|switch|p2a: Rillaboom|Rillaboom, F|81\/100\n|-fieldstart|move: Grassy Terrain|[from] ability: Grassy Surge|[of] p2a: Rillaboom\n|move|p1a: Pooper|Toxic|p2a: Rillaboom\n|-status|p2a: Rillaboom|tox\n|\n|-heal|p2a: Rillaboom|87\/100 tox|[from] Grassy Terrain\n|-damage|p2a: Rillaboom|81\/100 tox|[from] psn\n|upkeep\n|turn|19\n|\n|t:|1699907832\n|move|p1a: Pooper|Protect|p1a: Pooper\n|-singleturn|p1a: Pooper|Protect\n|move|p2a: Rillaboom|U-turn|p1a: Pooper\n|-activate|p1a: Pooper|move: Protect\n|\n|-heal|p2a: Rillaboom|87\/100 tox|[from] Grassy Terrain\n|-damage|p2a: Rillaboom|74\/100 tox|[from] psn\n|upkeep\n|turn|20\n|\n|t:|1699907836\n|move|p2a: Rillaboom|High Horsepower|p1a: Pooper\n|-supereffective|p1a: Pooper\n|-damage|p1a: Pooper|46\/100\n|move|p1a: Pooper|Toxic|p2a: Rillaboom\n|-fail|p2a: Rillaboom|tox\n|\n|-heal|p2a: Rillaboom|81\/100 tox|[from] Grassy Terrain\n|-heal|p1a: Pooper|52\/100|[from] Grassy Terrain\n|-damage|p2a: Rillaboom|62\/100 tox|[from] psn\n|upkeep\n|turn|21\n|c| LadyMaria-Blue|i was fully expecting explosion from \"pipe bomp\" lol\n|\n|t:|1699907842\n|move|p1a: Pooper|Protect|p1a: Pooper\n|-singleturn|p1a: Pooper|Protect\n|move|p2a: Rillaboom|U-turn|p1a: Pooper\n|-activate|p1a: Pooper|move: Protect\n|\n|-heal|p2a: Rillaboom|68\/100 tox|[from] Grassy Terrain\n|-heal|p1a: Pooper|58\/100|[from] Grassy Terrain\n|-damage|p2a: Rillaboom|44\/100 tox|[from] psn\n|upkeep\n|turn|22\n|c| LadyMaria-Blue|bomb*\n|\n|t:|1699907849\n|move|p2a: Rillaboom|Wood Hammer|p1a: Pooper\n|-damage|p1a: Pooper|0 fnt\n|faint|p1a: Pooper\n|-damage|p2a: Rillaboom|26\/100 tox|[from] Recoil\n|\n|-heal|p2a: Rillaboom|32\/100 tox|[from] Grassy Terrain\n|-damage|p2a: Rillaboom|1\/100 tox|[from] psn\n|-fieldend|move: Grassy Terrain\n|upkeep\n|\n|t:|1699907856\n|switch|p1a: Arceus-Touch-Grass|Arceus-Grass, shiny|100\/100\n|-activate|p1a: Arceus-Touch-Grass|move: Sticky Web\n|-unboost|p1a: Arceus-Touch-Grass|spe|1\n|turn|23\n|\n|t:|1699907860\n|move|p2a: Rillaboom|U-turn|p1a: Arceus-Touch-Grass\n|-supereffective|p1a: Arceus-Touch-Grass\n|-damage|p1a: Arceus-Touch-Grass|69\/100\n|\n|t:|1699907863\n|switch|p2a: Dusclops|Dusclops, M|66\/100|[from] U-turn\n|-ability|p2a: Dusclops|Pressure\n|move|p1a: Arceus-Touch-Grass|Calm Mind|p1a: Arceus-Touch-Grass\n|-boost|p1a: Arceus-Touch-Grass|spa|1\n|-boost|p1a: Arceus-Touch-Grass|spd|1\n|\n|upkeep\n|turn|24\n|\n|t:|1699907868\n|move|p1a: Arceus-Touch-Grass|Taunt|p2a: Dusclops\n|-start|p2a: Dusclops|move: Taunt\n|cant|p2a: Dusclops|move: Taunt|Disable\n|\n|upkeep\n|turn|25\n|\n|t:|1699907871\n|switch|p2a: Rillaboom|Rillaboom, F|1\/100 tox\n|-fieldstart|move: Grassy Terrain|[from] ability: Grassy Surge|[of] p2a: Rillaboom\n|move|p1a: Arceus-Touch-Grass|Recover|p1a: Arceus-Touch-Grass\n|-heal|p1a: Arceus-Touch-Grass|100\/100\n|\n|-heal|p2a: Rillaboom|8\/100 tox|[from] Grassy Terrain\n|-damage|p2a: Rillaboom|1\/100 tox|[from] psn\n|upkeep\n|turn|26\n|\n|t:|1699907875\n|move|p2a: Rillaboom|U-turn|p1a: Arceus-Touch-Grass\n|-supereffective|p1a: Arceus-Touch-Grass\n|-damage|p1a: Arceus-Touch-Grass|70\/100\n|\n|t:|1699907879\n|switch|p2a: Dusclops|Dusclops, M|66\/100|[from] U-turn\n|-ability|p2a: Dusclops|Pressure\n|move|p1a: Arceus-Touch-Grass|Calm Mind|p1a: Arceus-Touch-Grass\n|-boost|p1a: Arceus-Touch-Grass|spa|1\n|-boost|p1a: Arceus-Touch-Grass|spd|1\n|\n|-heal|p1a: Arceus-Touch-Grass|76\/100|[from] Grassy Terrain\n|-heal|p2a: Dusclops|72\/100|[from] Grassy Terrain\n|upkeep\n|turn|27\n|\n|t:|1699907883\n|switch|p2a: Arceus|Arceus-Rock, tera:Grass|36\/100\n|move|p1a: Arceus-Touch-Grass|Taunt|p2a: Arceus\n|-start|p2a: Arceus|move: Taunt\n|\n|-heal|p2a: Arceus|42\/100|[from] Grassy Terrain\n|-heal|p1a: Arceus-Touch-Grass|82\/100|[from] Grassy Terrain\n|upkeep\n|turn|28\n|\n|t:|1699907886\n|move|p2a: Arceus|Flamethrower|p1a: Arceus-Touch-Grass\n|-supereffective|p1a: Arceus-Touch-Grass\n|-damage|p1a: Arceus-Touch-Grass|63\/100\n|move|p1a: Arceus-Touch-Grass|Recover|p1a: Arceus-Touch-Grass\n|-heal|p1a: Arceus-Touch-Grass|100\/100\n|\n|-heal|p2a: Arceus|48\/100|[from] Grassy Terrain\n|upkeep\n|turn|29\n|c|\u2606Bestmaindragonite|Agg\n|\n|t:|1699907900\n|move|p2a: Arceus|Judgment|p1a: Arceus-Touch-Grass\n|-damage|p1a: Arceus-Touch-Grass|82\/100\n|move|p1a: Arceus-Touch-Grass|Judgment|p2a: Arceus\n|-resisted|p2a: Arceus\n|-damage|p2a: Arceus|10\/100\n|\n|-heal|p2a: Arceus|16\/100|[from] Grassy Terrain\n|-heal|p1a: Arceus-Touch-Grass|88\/100|[from] Grassy Terrain\n|-end|p2a: Arceus|move: Taunt\n|-fieldend|move: Grassy Terrain\n|upkeep\n|turn|30\n|\n|t:|1699907904\n|move|p2a: Arceus|Giga Drain|p1a: Arceus-Touch-Grass\n|-resisted|p1a: Arceus-Touch-Grass\n|-damage|p1a: Arceus-Touch-Grass|83\/100\n|-heal|p2a: Arceus|19\/100|[from] drain|[of] p1a: Arceus-Touch-Grass\n|move|p1a: Arceus-Touch-Grass|Judgment|p2a: Arceus\n|-resisted|p2a: Arceus\n|-damage|p2a: Arceus|0 fnt\n|faint|p2a: Arceus\n|\n|upkeep\n|\n|t:|1699907908\n|switch|p2a: Rillaboom|Rillaboom, F|1\/100 tox\n|-fieldstart|move: Grassy Terrain|[from] ability: Grassy Surge|[of] p2a: Rillaboom\n|turn|31\n|\n|t:|1699907910\n|move|p2a: Rillaboom|Wood Hammer|p1a: Arceus-Touch-Grass\n|-resisted|p1a: Arceus-Touch-Grass\n|-damage|p1a: Arceus-Touch-Grass|56\/100\n|-damage|p2a: Rillaboom|0 fnt|[from] Recoil\n|faint|p2a: Rillaboom\n|move|p1a: Arceus-Touch-Grass|Judgment|p2: Rillaboom|[notarget]\n|-fail|p1a: Arceus-Touch-Grass\n|\n|-heal|p1a: Arceus-Touch-Grass|62\/100|[from] Grassy Terrain\n|upkeep\n|\n|t:|1699907914\n|switch|p2a: Dusclops|Dusclops, M|72\/100\n|-ability|p2a: Dusclops|Pressure\n|turn|32\n|c|\u2606Laprasrules12|How did I win that\n|\n|t:|1699907917\n|move|p1a: Arceus-Touch-Grass|Judgment|p2a: Dusclops\n|-damage|p2a: Dusclops|0 fnt\n|faint|p2a: Dusclops\n|\n|win|Laprasrules12\n|c|\u2606Laprasrules12|GG\n","uploadtime":1699907923,"views":14,"p1id":"laprasrules12","p2id":"bestmaindragonite","formatid":"gen9ubers","rating":0,"private":0,"password":""}