{"id":"gen9ubers-1995563825","p1":"vesfs","p2":"TheLatinoGuy","format":"[Gen 9] Ubers","log":"|j|\u2606vesfs\n|j|\u2606TheLatinoGuy\n|t:|1700583236\n|gametype|singles\n|player|p1|vesfs|2|1032\n|player|p2|TheLatinoGuy|twins-gen4|1000\n|teamsize|p1|6\n|teamsize|p2|6\n|gen|9\n|tier|[Gen 9] Ubers\n|rated|\n|rule|Sleep Clause Mod: Limit one foe put to sleep\n|rule|Species Clause: Limit one of each Pok\u00e9mon\n|rule|OHKO Clause: OHKO moves are banned\n|rule|Evasion Items Clause: Evasion items are banned\n|rule|Evasion Moves Clause: Evasion moves are banned\n|rule|Endless Battle Clause: Forcing endless battles is banned\n|rule|HP Percentage Mod: HP is shown in percentages\n|clearpoke\n|poke|p1|Scyther, F|\n|poke|p1|Lycanroc-Dusk, M|\n|poke|p1|Hariyama, M|\n|poke|p1|Salazzle, F|\n|poke|p1|Decidueye, F|\n|poke|p1|Tatsugiri, M|\n|poke|p2|Pelipper, F|\n|poke|p2|Empoleon, M|\n|poke|p2|Samurott-Hisui, M|\n|poke|p2|Gyarados, M|\n|poke|p2|Rotom-Wash|\n|poke|p2|Urshifu-*, M|\n|teampreview\n|\n|t:|1700583253\n|start\n|switch|p1a: Lycanroc|Lycanroc-Dusk, M|100\/100\n|switch|p2a: Pelipper|Pelipper, F, shiny|100\/100\n|-weather|RainDance|[from] ability: Drizzle|[of] p2a: Pelipper\n|turn|1\n|inactive|Battle timer is ON: inactive players will automatically lose when time's up. (requested by vesfs)\n|\n|t:|1700583260\n|move|p1a: Lycanroc|Taunt|p2a: Pelipper\n|-start|p2a: Pelipper|move: Taunt\n|cant|p2a: Pelipper|move: Taunt|Tailwind\n|\n|-weather|RainDance|[upkeep]\n|upkeep\n|turn|2\n|\n|t:|1700583266\n|move|p1a: Lycanroc|Stealth Rock|p2a: Pelipper\n|-sidestart|p2: TheLatinoGuy|move: Stealth Rock\n|move|p2a: Pelipper|U-turn|p1a: Lycanroc\n|-damage|p1a: Lycanroc|72\/100\n|-enditem|p1a: Lycanroc|Red Card|[of] p2a: Pelipper\n|drag|p2a: Empoleon|Empoleon, M, shiny|100\/100\n|-damage|p2a: Empoleon|94\/100|[from] Stealth Rock\n|\n|-weather|RainDance|[upkeep]\n|upkeep\n|turn|3\n|\n|t:|1700583278\n|move|p1a: Lycanroc|Accelerock|p2a: Empoleon\n|-resisted|p2a: Empoleon\n|-damage|p2a: Empoleon|81\/100\n|move|p2a: Empoleon|Surf|p1a: Lycanroc\n|-supereffective|p1a: Lycanroc\n|-damage|p1a: Lycanroc|0 fnt\n|faint|p1a: Lycanroc\n|\n|-weather|RainDance|[upkeep]\n|upkeep\n|\n|t:|1700583282\n|switch|p1a: Hariyama|Hariyama, M|100\/100\n|turn|4\n|\n|t:|1700583289\n|move|p2a: Empoleon|Flip Turn|p1a: Hariyama\n|-damage|p1a: Hariyama|69\/100\n|\n|t:|1700583294\n|switch|p2a: Gyarados|Gyarados, M, shiny|100\/100|[from] Flip Turn\n|-damage|p2a: Gyarados|76\/100|[from] Stealth Rock\n|-ability|p2a: Gyarados|Intimidate|boost\n|-unboost|p1a: Hariyama|atk|1\n|move|p1a: Hariyama|Belly Drum|p1a: Hariyama\n|-damage|p1a: Hariyama|19\/100\n|-setboost|p1a: Hariyama|atk|6|[from] move: Belly Drum\n|\n|-weather|RainDance|[upkeep]\n|upkeep\n|turn|5\n|\n|t:|1700583314\n|move|p1a: Hariyama|Bullet Punch|p2a: Gyarados\n|-resisted|p2a: Gyarados\n|-damage|p2a: Gyarados|41\/100\n|move|p2a: Gyarados|Hurricane|p1a: Hariyama\n|-supereffective|p1a: Hariyama\n|-damage|p1a: Hariyama|0 fnt\n|faint|p1a: Hariyama\n|\n|-weather|none\n|upkeep\n|\n|t:|1700583318\n|switch|p1a: Decidueye|Decidueye, F|100\/100\n|turn|6\n|\n|t:|1700583328\n|move|p1a: Decidueye|Shadow Sneak|p2a: Gyarados\n|-damage|p2a: Gyarados|18\/100\n|move|p2a: Gyarados|Earthquake|p1a: Decidueye\n|-resisted|p1a: Decidueye\n|-damage|p1a: Decidueye|73\/100\n|\n|upkeep\n|turn|7\n|\n|t:|1700583345\n|move|p1a: Decidueye|Shadow Sneak|p2a: Gyarados\n|-damage|p2a: Gyarados|0 fnt\n|faint|p2a: Gyarados\n|\n|upkeep\n|\n|t:|1700583355\n|switch|p2a: Urshifu|Urshifu-Rapid-Strike, M|100\/100\n|-damage|p2a: Urshifu|94\/100|[from] Stealth Rock\n|turn|8\n|\n|t:|1700583363\n|move|p1a: Decidueye|Shadow Sneak|p2a: Urshifu\n|-damage|p2a: Urshifu|78\/100\n|move|p2a: Urshifu|Close Combat|p1a: Decidueye\n|-immune|p1a: Decidueye\n|\n|upkeep\n|turn|9\n|\n|t:|1700583371\n|move|p2a: Urshifu|Surging Strikes|p1a: Decidueye\n|-resisted|p1a: Decidueye\n|-crit|p1a: Decidueye\n|-damage|p1a: Decidueye|57\/100\n|-resisted|p1a: Decidueye\n|-crit|p1a: Decidueye\n|-damage|p1a: Decidueye|40\/100\n|-resisted|p1a: Decidueye\n|-crit|p1a: Decidueye\n|-damage|p1a: Decidueye|22\/100\n|-hitcount|p1a: Decidueye|3\n|move|p1a: Decidueye|Swords Dance|p1a: Decidueye\n|-boost|p1a: Decidueye|atk|2\n|\n|upkeep\n|turn|10\n|\n|t:|1700583381\n|move|p2a: Urshifu|Surging Strikes|p1a: Decidueye\n|-resisted|p1a: Decidueye\n|-crit|p1a: Decidueye\n|-damage|p1a: Decidueye|4\/100\n|-resisted|p1a: Decidueye\n|-crit|p1a: Decidueye\n|-damage|p1a: Decidueye|0 fnt\n|faint|p1a: Decidueye\n|-hitcount|p1: Decidueye|2\n|\n|upkeep\n|\n|t:|1700583385\n|switch|p1a: Scyther|Scyther, F|100\/100\n|turn|11\n|\n|t:|1700583395\n|-terastallize|p1a: Scyther|Normal\n|move|p2a: Urshifu|Drain Punch|p1a: Scyther\n|-supereffective|p1a: Scyther\n|-damage|p1a: Scyther|18\/100\n|-heal|p2a: Urshifu|100\/100|[from] drain|[of] p1a: Scyther\n|move|p1a: Scyther|Swords Dance|p1a: Scyther\n|-boost|p1a: Scyther|atk|2\n|\n|upkeep\n|turn|12\n|\n|t:|1700583408\n|move|p1a: Scyther|Quick Attack|p2a: Urshifu\n|-damage|p2a: Urshifu|39\/100\n|move|p2a: Urshifu|Close Combat|p1a: Scyther\n|-supereffective|p1a: Scyther\n|-damage|p1a: Scyther|0 fnt\n|-unboost|p2a: Urshifu|def|1\n|-unboost|p2a: Urshifu|spd|1\n|faint|p1a: Scyther\n|\n|upkeep\n|\n|t:|1700583411\n|switch|p1a: Tatsugiri|Tatsugiri, M|100\/100\n|turn|13\n|\n|t:|1700583419\n|switch|p2a: Rotom|Rotom-Wash, shiny|100\/100\n|-damage|p2a: Rotom|88\/100|[from] Stealth Rock\n|move|p1a: Tatsugiri|Surf|p2a: Rotom\n|-resisted|p2a: Rotom\n|-damage|p2a: Rotom|59\/100\n|\n|upkeep\n|turn|14\n|\n|t:|1700583431\n|move|p2a: Rotom|Thunder|p1a: Tatsugiri|[miss]\n|-miss|p2a: Rotom|p1a: Tatsugiri\n|move|p1a: Tatsugiri|Memento|p2a: Rotom\n|-unboost|p2a: Rotom|atk|2\n|-unboost|p2a: Rotom|spa|2\n|faint|p1a: Tatsugiri\n|\n|upkeep\n|\n|t:|1700583436\n|switch|p1a: Salazzle|Salazzle, F|100\/100\n|turn|15\n|\n|t:|1700583442\n|move|p1a: Salazzle|Fake Out|p2a: Rotom\n|-damage|p2a: Rotom|51\/100\n|cant|p2a: Rotom|flinch\n|\n|upkeep\n|turn|16\n|\n|t:|1700583451\n|switch|p2a: Pelipper|Pelipper, F, shiny|100\/100\n|-damage|p2a: Pelipper|76\/100|[from] Stealth Rock\n|-weather|RainDance|[from] ability: Drizzle|[of] p2a: Pelipper\n|move|p1a: Salazzle|Sludge Bomb|p2a: Pelipper\n|-damage|p2a: Pelipper|17\/100\n|\n|-weather|RainDance|[upkeep]\n|upkeep\n|turn|17\n|\n|t:|1700583461\n|move|p1a: Salazzle|Sludge Bomb|p2a: Pelipper\n|-damage|p2a: Pelipper|0 fnt\n|faint|p2a: Pelipper\n|\n|-weather|RainDance|[upkeep]\n|upkeep\n|\n|t:|1700583469\n|switch|p2a: Samurott|Samurott-Hisui, M, shiny|100\/100\n|turn|18\n|\n|t:|1700583479\n|move|p2a: Samurott|Sucker Punch|p1a: Salazzle\n|-damage|p1a: Salazzle|36\/100\n|-damage|p2a: Samurott|84\/100|[from] item: Rocky Helmet|[of] p1a: Salazzle\n|move|p1a: Salazzle|Sludge Bomb|p2a: Samurott\n|-damage|p2a: Samurott|19\/100\n|\n|-weather|RainDance|[upkeep]\n|upkeep\n|turn|19\n|\n|t:|1700583491\n|move|p2a: Samurott|Aqua Jet|p1a: Salazzle\n|-supereffective|p1a: Salazzle\n|-damage|p1a: Salazzle|0 fnt\n|-damage|p2a: Samurott|3\/100|[from] item: Rocky Helmet|[of] p1a: Salazzle\n|faint|p1a: Salazzle\n|\n|win|TheLatinoGuy\n|raw|vesfs's rating: 1032 &rarr; <strong>1016<\/strong><br \/>(-16 for losing)\n|raw|TheLatinoGuy's rating: 1000 &rarr; <strong>1044<\/strong><br \/>(+44 for winning)\n|l|\u2606vesfs\n|c|\u2606TheLatinoGuy|GYAT\n|c|\u2606TheLatinoGuy|gg\n","uploadtime":1700583549,"views":6,"p1id":"vesfs","p2id":"thelatinoguy","formatid":"gen9ubers","rating":1016,"private":0,"password":""}