{"id":"gen9ubers-1971676688","p1":"Sea_Anenome33","p2":"Bikey5600","format":"[Gen 9] Ubers","log":"|j|\u2606Sea_Anenome33\n|j|\u2606Bikey5600\n|t:|1697760036\n|gametype|singles\n|player|p1|Sea_Anenome33|102|\n|player|p2|Bikey5600|backpacker|\n|teamsize|p1|6\n|teamsize|p2|6\n|gen|9\n|tier|[Gen 9] Ubers\n|rule|Sleep Clause Mod: Limit one foe put to sleep\n|rule|Species Clause: Limit one of each Pok\u00e9mon\n|rule|OHKO Clause: OHKO moves are banned\n|rule|Evasion Items Clause: Evasion items are banned\n|rule|Evasion Moves Clause: Evasion moves are banned\n|rule|Endless Battle Clause: Forcing endless battles is banned\n|rule|HP Percentage Mod: HP is shown in percentages\n|clearpoke\n|poke|p1|Kleavor, F|\n|poke|p1|Ribombee, M|\n|poke|p1|Venomoth, F|\n|poke|p1|Scyther, M|\n|poke|p1|Forretress, M|\n|poke|p1|Heracross, M|\n|poke|p2|Rayquaza|\n|poke|p2|Clodsire, M|\n|poke|p2|Gliscor, M|\n|poke|p2|Chandelure, F|\n|poke|p2|Great Tusk|\n|poke|p2|Diancie|\n|teampreview\n|\n|t:|1697760060\n|start\n|switch|p1a: Venomoth|Venomoth, F|100\/100\n|switch|p2a: scoprion|Gliscor, M|100\/100\n|turn|1\n|\n|t:|1697760066\n|move|p2a: scoprion|Stealth Rock|p1a: Venomoth\n|-sidestart|p1: Sea_Anenome33|move: Stealth Rock\n|move|p1a: Venomoth|Sleep Powder|p2a: scoprion\n|-status|p2a: scoprion|slp|[from] move: Sleep Powder\n|\n|upkeep\n|turn|2\n|\n|t:|1697760095\n|switch|p2a: spooky|Chandelure, F|100\/100\n|move|p1a: Venomoth|Quiver Dance|p1a: Venomoth\n|-boost|p1a: Venomoth|spa|1\n|-boost|p1a: Venomoth|spd|1\n|-boost|p1a: Venomoth|spe|1\n|\n|upkeep\n|turn|3\n|\n|t:|1697760104\n|move|p2a: spooky|Overheat|p1a: Venomoth\n|-supereffective|p1a: Venomoth\n|-enditem|p1a: Venomoth|Focus Sash\n|-damage|p1a: Venomoth|1\/100\n|-unboost|p2a: spooky|spa|2\n|move|p1a: Venomoth|Disable|p2a: spooky\n|-start|p2a: spooky|Disable|Overheat\n|\n|upkeep\n|turn|4\n|\n|t:|1697760114\n|-activate|p2a: spooky|move: Struggle\n|move|p2a: spooky|Struggle|p1a: Venomoth\n|-damage|p1a: Venomoth|0 fnt\n|faint|p1a: Venomoth\n|-damage|p2a: spooky|76\/100|[from] recoil\n|\n|upkeep\n|\n|t:|1697760121\n|switch|p1a: Kleavor|Kleavor, F|100\/100\n|-damage|p1a: Kleavor|76\/100|[from] Stealth Rock\n|turn|5\n|\n|t:|1697760125\n|switch|p2a: scoprion|Gliscor, M|100\/100 slp\n|move|p1a: Kleavor|Defog|p2a: scoprion\n|-unboost|p2a: scoprion|evasion|1\n|-sideend|p1: Sea_Anenome33|Stealth Rock|[from] move: Defog|[of] p1a: Kleavor\n|\n|upkeep\n|turn|6\n|\n|t:|1697760137\n|switch|p1a: Scyther|Scyther, M|100\/100\n|switch|p2a: manny savage|Great Tusk|100\/100\n|\n|upkeep\n|turn|7\n|\n|t:|1697760144\n|move|p1a: Scyther|Tailwind|p1a: Scyther\n|-sidestart|p1: Sea_Anenome33|move: Tailwind\n|move|p2a: manny savage|Stealth Rock|p1a: Scyther\n|-sidestart|p1: Sea_Anenome33|move: Stealth Rock\n|\n|upkeep\n|turn|8\n|\n|t:|1697760157\n|switch|p1a: Ribombee|Ribombee, M|100\/100\n|-damage|p1a: Ribombee|76\/100|[from] Stealth Rock\n|move|p2a: manny savage|Rock Slide|p1a: Ribombee\n|-supereffective|p1a: Ribombee\n|-damage|p1a: Ribombee|0 fnt\n|faint|p1a: Ribombee\n|\n|upkeep\n|\n|t:|1697760166\n|switch|p1a: Kleavor|Kleavor, F|76\/100\n|-damage|p1a: Kleavor|51\/100|[from] Stealth Rock\n|turn|9\n|\n|t:|1697760176\n|move|p1a: Kleavor|Stone Axe|p2a: manny savage\n|-resisted|p2a: manny savage\n|-damage|p2a: manny savage|92\/100\n|move|p2a: manny savage|Rock Slide|p1a: Kleavor|[miss]\n|-miss|p2a: manny savage|p1a: Kleavor\n|\n|upkeep\n|turn|10\n|\n|t:|1697760184\n|switch|p1a: Forretress|Forretress, M|100\/100\n|-damage|p1a: Forretress|88\/100|[from] Stealth Rock\n|move|p2a: manny savage|Rock Slide|p1a: Forretress\n|-damage|p1a: Forretress|67\/100\n|\n|-heal|p1a: Forretress|73\/100|[from] item: Leftovers\n|-sideend|p1: Sea_Anenome33|move: Tailwind\n|upkeep\n|turn|11\n|\n|t:|1697760198\n|-terastallize|p1a: Forretress|Water\n|move|p2a: manny savage|Fire Fang|p1a: Forretress\n|-resisted|p1a: Forretress\n|-damage|p1a: Forretress|64\/100\n|move|p1a: Forretress|Substitute|p1a: Forretress\n|-start|p1a: Forretress|Substitute\n|-damage|p1a: Forretress|39\/100\n|\n|-heal|p1a: Forretress|45\/100|[from] item: Leftovers\n|upkeep\n|turn|12\n|\n|t:|1697760215\n|move|p2a: manny savage|Rock Slide|p1a: Forretress\n|-activate|p1a: Forretress|move: Substitute|[damage]\n|move|p1a: Forretress|Spikes|p2a: manny savage\n|-sidestart|p2: Bikey5600|Spikes\n|\n|-heal|p1a: Forretress|51\/100|[from] item: Leftovers\n|upkeep\n|turn|13\n|\n|t:|1697760223\n|move|p2a: manny savage|Rock Slide|p1a: Forretress\n|-end|p1a: Forretress|Substitute\n|move|p1a: Forretress|Spikes|p2a: manny savage\n|-sidestart|p2: Bikey5600|Spikes\n|\n|-heal|p1a: Forretress|57\/100|[from] item: Leftovers\n|upkeep\n|turn|14\n|\n|t:|1697760230\n|move|p2a: manny savage|Rapid Spin|p1a: Forretress\n|-damage|p1a: Forretress|43\/100\n|-boost|p2a: manny savage|spe|1\n|-sideend|p2: Bikey5600|Spikes|[from] move: Rapid Spin|[of] p2a: manny savage\n|move|p1a: Forretress|Substitute|p1a: Forretress\n|-start|p1a: Forretress|Substitute\n|-damage|p1a: Forretress|18\/100\n|\n|-heal|p1a: Forretress|24\/100|[from] item: Leftovers\n|upkeep\n|turn|15\n|\n|t:|1697760245\n|-end|p2a: manny savage|Protosynthesis|[silent]\n|switch|p2a: cosmic brownie|Clodsire, M|100\/100\n|move|p1a: Forretress|Rest|p1a: Forretress\n|-status|p1a: Forretress|slp|[from] move: Rest\n|-heal|p1a: Forretress|100\/100 slp|[silent]\n|\n|upkeep\n|turn|16\n|\n|t:|1697760256\n|cant|p1a: Forretress|slp\n|move|p2a: cosmic brownie|Ancient Power|p1a: Forretress\n|-activate|p1a: Forretress|move: Substitute|[damage]\n|\n|upkeep\n|turn|17\n|\n|t:|1697760262\n|cant|p1a: Forretress|slp\n|move|p2a: cosmic brownie|Ancient Power|p1a: Forretress\n|-activate|p1a: Forretress|move: Substitute|[damage]\n|\n|upkeep\n|turn|18\n|\n|t:|1697760268\n|-curestatus|p1a: Forretress|slp|[msg]\n|move|p1a: Forretress|Spikes|p2a: cosmic brownie\n|-sidestart|p2: Bikey5600|Spikes\n|move|p2a: cosmic brownie|Ancient Power|p1a: Forretress\n|-end|p1a: Forretress|Substitute\n|\n|upkeep\n|turn|19\n|\n|t:|1697760297\n|move|p1a: Forretress|Substitute|p1a: Forretress\n|-start|p1a: Forretress|Substitute\n|-damage|p1a: Forretress|76\/100\n|move|p2a: cosmic brownie|Toxic||[still]\n|-fail|p2a: cosmic brownie\n|\n|-heal|p1a: Forretress|82\/100|[from] item: Leftovers\n|upkeep\n|turn|20\n|\n|t:|1697760317\n|switch|p1a: Heracross|Heracross, M|100\/100\n|-damage|p1a: Heracross|88\/100|[from] Stealth Rock\n|switch|p2a: spooky|Chandelure, F|76\/100\n|-damage|p2a: spooky|63\/100|[from] Spikes\n|\n|-status|p1a: Heracross|brn|[from] item: Flame Orb\n|upkeep\n|turn|21\n|\n|t:|1697760330\n|move|p2a: spooky|Overheat|p1a: Heracross\n|-supereffective|p1a: Heracross\n|-damage|p1a: Heracross|0 fnt\n|-unboost|p2a: spooky|spa|2\n|faint|p1a: Heracross\n|\n|upkeep\n|\n|t:|1697760338\n|switch|p1a: Kleavor|Kleavor, F|51\/100\n|-damage|p1a: Kleavor|26\/100|[from] Stealth Rock\n|turn|22\n|\n|t:|1697760347\n|switch|p2a: cosmic brownie|Clodsire, M|100\/100\n|-damage|p2a: cosmic brownie|88\/100|[from] Spikes\n|move|p1a: Kleavor|Stone Axe|p2a: cosmic brownie\n|-resisted|p2a: cosmic brownie\n|-damage|p2a: cosmic brownie|63\/100\n|\n|-heal|p2a: cosmic brownie|70\/100|[from] item: Black Sludge\n|upkeep\n|turn|23\n|\n|t:|1697760357\n|move|p1a: Kleavor|Stone Axe|p2a: cosmic brownie\n|-resisted|p2a: cosmic brownie\n|-damage|p2a: cosmic brownie|44\/100\n|move|p2a: cosmic brownie|Toxic|p1a: Kleavor\n|-status|p1a: Kleavor|tox\n|\n|-heal|p2a: cosmic brownie|50\/100|[from] item: Black Sludge\n|-damage|p1a: Kleavor|20\/100 tox|[from] psn\n|upkeep\n|turn|24\n|\n|t:|1697760366\n|move|p1a: Kleavor|Stone Axe|p2a: cosmic brownie\n|-resisted|p2a: cosmic brownie\n|-damage|p2a: cosmic brownie|25\/100\n|move|p2a: cosmic brownie|Recover|p2a: cosmic brownie\n|-heal|p2a: cosmic brownie|75\/100\n|\n|-heal|p2a: cosmic brownie|82\/100|[from] item: Black Sludge\n|-damage|p1a: Kleavor|8\/100 tox|[from] psn\n|upkeep\n|turn|25\n|\n|t:|1697760376\n|move|p1a: Kleavor|Stone Axe|p2a: cosmic brownie\n|-resisted|p2a: cosmic brownie\n|-damage|p2a: cosmic brownie|54\/100\n|move|p2a: cosmic brownie|Recover|p2a: cosmic brownie\n|-heal|p2a: cosmic brownie|100\/100\n|\n|-damage|p1a: Kleavor|0 fnt|[from] psn\n|faint|p1a: Kleavor\n|upkeep\n|\n|t:|1697760400\n|switch|p1a: Scyther|Scyther, M|100\/100\n|-damage|p1a: Scyther|51\/100|[from] Stealth Rock\n|turn|26\n|\n|t:|1697760429\n|move|p1a: Scyther|Swords Dance|p1a: Scyther\n|-boost|p1a: Scyther|atk|2\n|move|p2a: cosmic brownie|Ancient Power|p1a: Scyther\n|-supereffective|p1a: Scyther\n|-damage|p1a: Scyther|27\/100\n|\n|upkeep\n|turn|27\n|\n|t:|1697760435\n|move|p1a: Scyther|Acrobatics|p2a: cosmic brownie\n|-damage|p2a: cosmic brownie|75\/100\n|move|p2a: cosmic brownie|Ancient Power|p1a: Scyther\n|-supereffective|p1a: Scyther\n|-damage|p1a: Scyther|2\/100\n|\n|-heal|p2a: cosmic brownie|81\/100|[from] item: Black Sludge\n|upkeep\n|turn|28\n|\n|t:|1697760445\n|move|p1a: Scyther|Tailwind|p1a: Scyther\n|-sidestart|p1: Sea_Anenome33|move: Tailwind\n|move|p2a: cosmic brownie|Ancient Power|p1a: Scyther\n|-supereffective|p1a: Scyther\n|-damage|p1a: Scyther|0 fnt\n|faint|p1a: Scyther\n|\n|-heal|p2a: cosmic brownie|87\/100|[from] item: Black Sludge\n|upkeep\n|\n|t:|1697760453\n|switch|p1a: Forretress|Forretress, M, tera:Water|82\/100\n|-damage|p1a: Forretress|69\/100|[from] Stealth Rock\n|turn|29\n|\n|t:|1697760459\n|move|p1a: Forretress|Substitute|p1a: Forretress\n|-start|p1a: Forretress|Substitute\n|-damage|p1a: Forretress|45\/100\n|move|p2a: cosmic brownie|Toxic||[still]\n|-fail|p2a: cosmic brownie\n|\n|-heal|p1a: Forretress|50\/100|[from] item: Leftovers\n|-heal|p2a: cosmic brownie|93\/100|[from] item: Black Sludge\n|upkeep\n|turn|30\n|\n|t:|1697760467\n|switch|p2a: skylar|Rayquaza|100\/100\n|-ability|p2a: skylar|Air Lock\n|move|p1a: Forretress|Rest|p1a: Forretress\n|-status|p1a: Forretress|slp|[from] move: Rest\n|-heal|p1a: Forretress|100\/100 slp|[silent]\n|\n|upkeep\n|turn|31\n|\n|t:|1697760477\n|cant|p1a: Forretress|slp\n|move|p2a: skylar|Dragon Dance|p2a: skylar\n|-boost|p2a: skylar|atk|1\n|-boost|p2a: skylar|spe|1\n|\n|-sideend|p1: Sea_Anenome33|move: Tailwind\n|upkeep\n|turn|32\n|\n|t:|1697760482\n|move|p2a: skylar|Dragon Dance|p2a: skylar\n|-boost|p2a: skylar|atk|1\n|-boost|p2a: skylar|spe|1\n|cant|p1a: Forretress|slp\n|\n|upkeep\n|turn|33\n|\n|t:|1697760488\n|move|p2a: skylar|Dragon Ascent|p1a: Forretress\n|-end|p1a: Forretress|Substitute\n|-unboost|p2a: skylar|def|1\n|-unboost|p2a: skylar|spd|1\n|-curestatus|p1a: Forretress|slp|[msg]\n|move|p1a: Forretress|Spikes|p2a: skylar\n|-sidestart|p2: Bikey5600|Spikes\n|\n|upkeep\n|turn|34\n|\n|t:|1697760498\n|move|p2a: skylar|Dragon Ascent|p1a: Forretress\n|-ability|p1a: Forretress|Sturdy\n|-damage|p1a: Forretress|1\/100\n|-unboost|p2a: skylar|def|1\n|-unboost|p2a: skylar|spd|1\n|move|p1a: Forretress|Substitute|p1a: Forretress\n|-fail|p1a: Forretress|move: Substitute|[weak]\n|\n|-heal|p1a: Forretress|7\/100|[from] item: Leftovers\n|upkeep\n|turn|35\n|\n|t:|1697760508\n|move|p2a: skylar|Extreme Speed|p1a: Forretress\n|-damage|p1a: Forretress|0 fnt\n|faint|p1a: Forretress\n|\n|win|Bikey5600\n","uploadtime":1697760514,"views":8,"p1id":"seaanenome33","p2id":"bikey5600","formatid":"gen9ubers","rating":0,"private":0,"password":""}