{"id":"gen9ubers-1970957097","p1":"iceberg149","p2":"RyzEr Chris","format":"[Gen 9] Ubers","log":"|j|\u2606iceberg149\n|j|\u2606RyzEr Chris\n|t:|1697684978\n|gametype|singles\n|player|p1|iceberg149|ethan|\n|player|p2|RyzEr Chris|2|\n|teamsize|p1|6\n|teamsize|p2|6\n|gen|9\n|tier|[Gen 9] Ubers\n|rule|Sleep Clause Mod: Limit one foe put to sleep\n|rule|Species Clause: Limit one of each Pok\u00e9mon\n|rule|OHKO Clause: OHKO moves are banned\n|rule|Evasion Items Clause: Evasion items are banned\n|rule|Evasion Moves Clause: Evasion moves are banned\n|rule|Endless Battle Clause: Forcing endless battles is banned\n|rule|HP Percentage Mod: HP is shown in percentages\n|clearpoke\n|poke|p1|Mew|\n|poke|p1|Ogerpon-Cornerstone, F|\n|poke|p1|Ursaluna-Bloodmoon, M|\n|poke|p1|Sneasler, F|\n|poke|p1|Gastrodon-East, F|\n|poke|p1|Ribombee, F|\n|poke|p2|Annihilape, F|\n|poke|p2|Chi-Yu|\n|poke|p2|Haxorus, F|\n|poke|p2|Iron Jugulis|\n|poke|p2|Amoonguss, F|\n|poke|p2|Orthworm, F|\n|teampreview\n|j| Manatsu\n|c|\u2606iceberg149|hfhf\n|\n|t:|1697685064\n|start\n|switch|p1a: Ribbon|Ribombee, F, shiny|100\/100\n|switch|p2a: Orthworm|Orthworm, F|100\/100\n|turn|1\n|\n|t:|1697685094\n|move|p1a: Ribbon|Reflect|p1a: Ribbon\n|-sidestart|p1: iceberg149|Reflect\n|move|p2a: Orthworm|Stealth Rock|p1a: Ribbon\n|-sidestart|p1: iceberg149|move: Stealth Rock\n|\n|upkeep\n|turn|2\n|\n|t:|1697685106\n|switch|p2a: Chi-Yu|Chi-Yu|100\/100\n|-ability|p2a: Chi-Yu|Beads of Ruin\n|move|p1a: Ribbon|Sticky Web|p2a: Chi-Yu\n|-sidestart|p2: RyzEr Chris|move: Sticky Web\n|\n|upkeep\n|turn|3\n|\n|t:|1697685181\n|move|p2a: Chi-Yu|Dark Pulse|p1a: Ribbon\n|-resisted|p1a: Ribbon\n|-damage|p1a: Ribbon|58\/100\n|move|p1a: Ribbon|Light Screen|p1a: Ribbon\n|-sidestart|p1: iceberg149|move: Light Screen\n|\n|upkeep\n|turn|4\n|\n|t:|1697685265\n|switch|p2a: Amoonguss|Amoonguss, F|100\/100\n|-activate|p2a: Amoonguss|move: Sticky Web\n|-unboost|p2a: Amoonguss|spe|1\n|switch|p1a: Scary Feet!|Ursaluna-Bloodmoon, M|100\/100\n|-damage|p1a: Scary Feet!|94\/100|[from] Stealth Rock\n|\n|upkeep\n|turn|5\n|l|\u2606RyzEr Chris\n|player|p2|\n|c|\u2606iceberg149|oh?\n|c| Manatsu|what a statement\n|j|\u2606RyzEr Chris\n|player|p2|RyzEr Chris|2\n|\n|t:|1697685340\n|move|p1a: Scary Feet!|Blood Moon|p2a: Amoonguss\n|-damage|p2a: Amoonguss|43\/100\n|move|p2a: Amoonguss|Toxic|p1a: Scary Feet!\n|-status|p1a: Scary Feet!|tox\n|\n|-damage|p1a: Scary Feet!|88\/100 tox|[from] psn\n|upkeep\n|turn|6\n|l| Manatsu\n|l|\u2606RyzEr Chris\n|player|p2|\n|j|\u2606RyzEr Chris\n|player|p2|RyzEr Chris|2\n|\n|t:|1697685429\n|switch|p1a: Geologist|Ogerpon-Cornerstone, F|100\/100\n|-damage|p1a: Geologist|88\/100|[from] Stealth Rock\n|switch|p2a: Annihilape|Annihilape, F|100\/100\n|-activate|p2a: Annihilape|move: Sticky Web\n|-unboost|p2a: Annihilape|spe|1\n|-ability|p2a: Annihilape|Defiant|boost\n|-boost|p2a: Annihilape|atk|2\n|\n|upkeep\n|turn|7\n|\n|t:|1697685480\n|move|p1a: Geologist|Spiky Shield|p1a: Geologist\n|-singleturn|p1a: Geologist|move: Protect\n|move|p2a: Annihilape|Rage Fist|p1a: Geologist\n|-activate|p1a: Geologist|move: Protect\n|-damage|p2a: Annihilape|88\/100|[from] Spiky Shield|[of] p1a: Geologist\n|\n|-heal|p2a: Annihilape|94\/100|[from] item: Leftovers\n|upkeep\n|turn|8\n|\n|t:|1697685512\n|switch|p1a: Scary Feet!|Ursaluna-Bloodmoon, M|88\/100 tox\n|-damage|p1a: Scary Feet!|82\/100 tox|[from] Stealth Rock\n|move|p2a: Annihilape|Rage Fist|p1a: Scary Feet!\n|-immune|p1a: Scary Feet!\n|\n|-heal|p2a: Annihilape|100\/100|[from] item: Leftovers\n|-damage|p1a: Scary Feet!|75\/100 tox|[from] psn\n|-sideend|p1: iceberg149|Reflect\n|upkeep\n|turn|9\n|\n|t:|1697685538\n|move|p2a: Annihilape|Drain Punch|p1a: Scary Feet!\n|-supereffective|p1a: Scary Feet!\n|-damage|p1a: Scary Feet!|0 fnt\n|faint|p1a: Scary Feet!\n|\n|upkeep\n|\n|t:|1697685587\n|switch|p1a: Ribbon|Ribombee, F, shiny|58\/100\n|-damage|p1a: Ribbon|33\/100|[from] Stealth Rock\n|turn|10\n|\n|t:|1697685642\n|move|p1a: Ribbon|Reflect|p1a: Ribbon\n|-sidestart|p1: iceberg149|Reflect\n|move|p2a: Annihilape|Taunt|p1a: Ribbon\n|-start|p1a: Ribbon|move: Taunt\n|\n|-sideend|p1: iceberg149|move: Light Screen\n|upkeep\n|turn|11\n|j| The ShaqtusLOL\n|\n|t:|1697685741\n|switch|p1a: Geologist|Ogerpon-Cornerstone, F|88\/100\n|-damage|p1a: Geologist|76\/100|[from] Stealth Rock\n|move|p2a: Annihilape|Rage Fist|p1a: Geologist\n|-damage|p1a: Geologist|49\/100\n|\n|upkeep\n|turn|12\n|\n|t:|1697685777\n|move|p1a: Geologist|Leech Seed|p2a: Annihilape\n|-start|p2a: Annihilape|move: Leech Seed\n|move|p2a: Annihilape|Rage Fist|p1a: Geologist\n|-damage|p1a: Geologist|25\/100\n|\n|-damage|p2a: Annihilape|88\/100|[from] Leech Seed|[of] p1a: Geologist\n|-heal|p1a: Geologist|42\/100|[silent]\n|upkeep\n|turn|13\n|\n|t:|1697685793\n|move|p1a: Geologist|Spiky Shield|p1a: Geologist\n|-singleturn|p1a: Geologist|move: Protect\n|move|p2a: Annihilape|Drain Punch|p1a: Geologist\n|-activate|p1a: Geologist|move: Protect\n|-damage|p2a: Annihilape|76\/100|[from] Spiky Shield|[of] p1a: Geologist\n|\n|-heal|p2a: Annihilape|82\/100|[from] item: Leftovers\n|-damage|p2a: Annihilape|70\/100|[from] Leech Seed|[of] p1a: Geologist\n|-heal|p1a: Geologist|60\/100|[silent]\n|upkeep\n|turn|14\n|\n|t:|1697685807\n|move|p1a: Geologist|Power Whip|p2a: Annihilape\n|-damage|p2a: Annihilape|0 fnt\n|faint|p2a: Annihilape\n|\n|upkeep\n|\n|t:|1697685820\n|switch|p2a: Haxorus|Haxorus, F|100\/100\n|-activate|p2a: Haxorus|move: Sticky Web\n|-unboost|p2a: Haxorus|spe|1\n|-ability|p2a: Haxorus|Mold Breaker\n|turn|15\n|\n|t:|1697685952\n|switch|p1a: Bingus|Mew, shiny|100\/100\n|-damage|p1a: Bingus|88\/100|[from] Stealth Rock\n|move|p2a: Haxorus|Close Combat|p1a: Bingus\n|-resisted|p1a: Bingus\n|-damage|p1a: Bingus|70\/100\n|-unboost|p2a: Haxorus|def|1\n|-unboost|p2a: Haxorus|spd|1\n|\n|upkeep\n|turn|16\n|\n|t:|1697686002\n|switch|p2a: Iron Jugulis|Iron Jugulis|100\/100\n|-enditem|p2a: Iron Jugulis|Booster Energy\n|-activate|p2a: Iron Jugulis|ability: Quark Drive|[fromitem]\n|-start|p2a: Iron Jugulis|quarkdrivespe\n|move|p1a: Bingus|Knock Off|p2a: Iron Jugulis\n|-resisted|p2a: Iron Jugulis\n|-damage|p2a: Iron Jugulis|89\/100\n|\n|upkeep\n|turn|17\n|\n|t:|1697686078\n|switch|p1a: A Slug -David 2023|Gastrodon-East, F|100\/100\n|-damage|p1a: A Slug -David 2023|94\/100|[from] Stealth Rock\n|move|p2a: Iron Jugulis|Hurricane|p1a: A Slug -David 2023|[miss]\n|-miss|p2a: Iron Jugulis|p1a: A Slug -David 2023\n|\n|-heal|p1a: A Slug -David 2023|100\/100|[from] item: Leftovers\n|-sideend|p1: iceberg149|Reflect\n|upkeep\n|turn|18\n|\n|t:|1697686112\n|-end|p2a: Iron Jugulis|Quark Drive|[silent]\n|switch|p2a: Haxorus|Haxorus, F|100\/100\n|-activate|p2a: Haxorus|move: Sticky Web\n|-unboost|p2a: Haxorus|spe|1\n|-ability|p2a: Haxorus|Mold Breaker\n|move|p1a: A Slug -David 2023|Stealth Rock|p2a: Haxorus\n|-sidestart|p2: RyzEr Chris|move: Stealth Rock\n|\n|upkeep\n|turn|19\n|\n|t:|1697686132\n|move|p2a: Haxorus|Grass Knot|p1a: A Slug -David 2023\n|-supereffective|p1a: A Slug -David 2023\n|-damage|p1a: A Slug -David 2023|78\/100\n|move|p1a: A Slug -David 2023|Ice Beam|p2a: Haxorus\n|-supereffective|p2a: Haxorus\n|-damage|p2a: Haxorus|36\/100\n|\n|-heal|p1a: A Slug -David 2023|84\/100|[from] item: Leftovers\n|upkeep\n|turn|20\n|\n|t:|1697686149\n|switch|p2a: Orthworm|Orthworm, F|100\/100\n|-activate|p2a: Orthworm|move: Sticky Web\n|-unboost|p2a: Orthworm|spe|1\n|-damage|p2a: Orthworm|94\/100|[from] Stealth Rock\n|move|p1a: A Slug -David 2023|Ice Beam|p2a: Orthworm\n|-resisted|p2a: Orthworm\n|-damage|p2a: Orthworm|79\/100\n|\n|-heal|p2a: Orthworm|85\/100|[from] item: Leftovers\n|-heal|p1a: A Slug -David 2023|90\/100|[from] item: Leftovers\n|upkeep\n|turn|21\n|\n|t:|1697686200\n|switch|p1a: Bingus|Mew, shiny|70\/100\n|-damage|p1a: Bingus|58\/100|[from] Stealth Rock\n|move|p2a: Orthworm|Body Press|p1a: Bingus\n|-resisted|p1a: Bingus\n|-damage|p1a: Bingus|42\/100\n|\n|-heal|p2a: Orthworm|91\/100|[from] item: Leftovers\n|upkeep\n|turn|22\n|\n|t:|1697686215\n|move|p2a: Orthworm|Protect|p2a: Orthworm\n|-singleturn|p2a: Orthworm|Protect\n|move|p1a: Bingus|Knock Off|p2a: Orthworm\n|-activate|p2a: Orthworm|move: Protect\n|\n|-heal|p2a: Orthworm|97\/100|[from] item: Leftovers\n|upkeep\n|turn|23\n|\n|t:|1697686243\n|move|p1a: Bingus|Knock Off|p2a: Orthworm\n|-damage|p2a: Orthworm|81\/100\n|-enditem|p2a: Orthworm|Leftovers|[from] move: Knock Off|[of] p1a: Bingus\n|move|p2a: Orthworm|Heavy Slam|p1a: Bingus\n|-damage|p1a: Bingus|5\/100\n|\n|upkeep\n|turn|24\n|\n|t:|1697686259\n|move|p1a: Bingus|Knock Off|p2a: Orthworm\n|-damage|p2a: Orthworm|68\/100\n|move|p2a: Orthworm|Heavy Slam|p1a: Bingus\n|-damage|p1a: Bingus|0 fnt\n|faint|p1a: Bingus\n|\n|upkeep\n|\n|t:|1697686273\n|switch|p1a: Swiper|Sneasler, F|100\/100\n|-damage|p1a: Swiper|94\/100|[from] Stealth Rock\n|turn|25\n|l|\u2606RyzEr Chris\n|player|p2|\n|j| Superison\n|j|\u2606RyzEr Chris\n|player|p2|RyzEr Chris|2\n|\n|t:|1697686373\n|switch|p2a: Amoonguss|Amoonguss, F|76\/100\n|-activate|p2a: Amoonguss|move: Sticky Web\n|-unboost|p2a: Amoonguss|spe|1\n|-damage|p2a: Amoonguss|64\/100|[from] Stealth Rock\n|move|p1a: Swiper|Close Combat|p2a: Amoonguss\n|-resisted|p2a: Amoonguss\n|-damage|p2a: Amoonguss|17\/100\n|-unboost|p1a: Swiper|def|1\n|-unboost|p1a: Swiper|spd|1\n|\n|upkeep\n|turn|26\n|\n|t:|1697686389\n|move|p1a: Swiper|Close Combat|p2a: Amoonguss\n|-resisted|p2a: Amoonguss\n|-damage|p2a: Amoonguss|0 fnt\n|-unboost|p1a: Swiper|def|1\n|-unboost|p1a: Swiper|spd|1\n|faint|p2a: Amoonguss\n|\n|upkeep\n|\n|t:|1697686395\n|switch|p2a: Iron Jugulis|Iron Jugulis|89\/100\n|-damage|p2a: Iron Jugulis|64\/100|[from] Stealth Rock\n|turn|27\n|\n|t:|1697686420\n|move|p1a: Swiper|Close Combat|p2a: Iron Jugulis\n|-damage|p2a: Iron Jugulis|0 fnt\n|-unboost|p1a: Swiper|def|1\n|-unboost|p1a: Swiper|spd|1\n|faint|p2a: Iron Jugulis\n|-end|p2a: Iron Jugulis|Quark Drive|[silent]\n|\n|upkeep\n|\n|t:|1697686430\n|switch|p2a: Haxorus|Haxorus, F|36\/100\n|-activate|p2a: Haxorus|move: Sticky Web\n|-unboost|p2a: Haxorus|spe|1\n|-damage|p2a: Haxorus|24\/100|[from] Stealth Rock\n|-ability|p2a: Haxorus|Mold Breaker\n|turn|28\n|\n|t:|1697686438\n|move|p1a: Swiper|Close Combat|p2a: Haxorus\n|-damage|p2a: Haxorus|0 fnt\n|-unboost|p1a: Swiper|def|1\n|-unboost|p1a: Swiper|spd|1\n|faint|p2a: Haxorus\n|\n|upkeep\n|\n|t:|1697686448\n|switch|p2a: Chi-Yu|Chi-Yu|100\/100\n|-activate|p2a: Chi-Yu|move: Sticky Web\n|-unboost|p2a: Chi-Yu|spe|1\n|-damage|p2a: Chi-Yu|76\/100|[from] Stealth Rock\n|-ability|p2a: Chi-Yu|Beads of Ruin\n|turn|29\n|\n|t:|1697686500\n|move|p1a: Swiper|Close Combat|p2a: Chi-Yu\n|-supereffective|p2a: Chi-Yu\n|-damage|p2a: Chi-Yu|0 fnt\n|-unboost|p1a: Swiper|def|1\n|-unboost|p1a: Swiper|spd|1\n|faint|p2a: Chi-Yu\n|\n|upkeep\n|\n|t:|1697686507\n|switch|p2a: Orthworm|Orthworm, F|68\/100\n|-activate|p2a: Orthworm|move: Sticky Web\n|-unboost|p2a: Orthworm|spe|1\n|-damage|p2a: Orthworm|62\/100|[from] Stealth Rock\n|turn|30\n|l|\u2606RyzEr Chris\n|player|p2|\n|j|\u2606RyzEr Chris\n|player|p2|RyzEr Chris|2\n|\n|t:|1697686546\n|move|p1a: Swiper|Close Combat|p2a: Orthworm\n|-supereffective|p2a: Orthworm\n|-damage|p2a: Orthworm|0 fnt\n|-unboost|p1a: Swiper|def|1\n|-unboost|p1a: Swiper|spd|1\n|faint|p2a: Orthworm\n|\n|win|iceberg149\n|l|\u2606RyzEr Chris\n|c|\u2606iceberg149|ggs\n","uploadtime":1697686558,"views":40,"p1id":"iceberg149","p2id":"ryzerchris","formatid":"gen9ubers","rating":0,"private":0,"password":""}