{"id":"gen9ubers-1977168816","p1":"Nitro524","p2":"leonissenbaum","format":"[Gen 9] Ubers","log":"|j|\u2606Nitro524\n|j|\u2606leonissenbaum\n|t:|1698380205\n|gametype|singles\n|player|p1|Nitro524|hilbert|\n|player|p2|leonissenbaum|leon|\n|teamsize|p1|6\n|teamsize|p2|6\n|gen|9\n|tier|[Gen 9] Ubers\n|rule|Sleep Clause Mod: Limit one foe put to sleep\n|rule|Species Clause: Limit one of each Pok\u00e9mon\n|rule|OHKO Clause: OHKO moves are banned\n|rule|Evasion Items Clause: Evasion items are banned\n|rule|Evasion Moves Clause: Evasion moves are banned\n|rule|Endless Battle Clause: Forcing endless battles is banned\n|rule|HP Percentage Mod: HP is shown in percentages\n|clearpoke\n|poke|p1|Zacian-*|\n|poke|p1|Palkia-Origin|\n|poke|p1|Shaymin-Sky|\n|poke|p1|Chi-Yu|\n|poke|p1|Cyclizar, F|\n|poke|p1|Magearna|\n|poke|p2|Giratina|\n|poke|p2|Gliscor, M|\n|poke|p2|Blissey, F|\n|poke|p2|Dondozo, M|\n|poke|p2|Clefable, F|\n|poke|p2|Espeon, F|\n|teampreview\n|c|\u2606leonissenbaum|gl\n|c|\u2606Nitro524|u2!\n|j| tourney goer\n|\n|t:|1698380235\n|start\n|switch|p1a: Shaymin|Shaymin-Sky|100\/100\n|switch|p2a: Gliscor|Gliscor, M|100\/100\n|turn|1\n|c|\u2606leonissenbaum|hello there \"tourney goer\"\n|\n|t:|1698380252\n|move|p2a: Gliscor|Protect|p2a: Gliscor\n|-singleturn|p2a: Gliscor|Protect\n|move|p1a: Shaymin|Air Slash|p2a: Gliscor\n|-activate|p2a: Gliscor|move: Protect\n|\n|-status|p2a: Gliscor|tox|[from] item: Toxic Orb\n|upkeep\n|turn|2\n|\n|t:|1698380257\n|move|p1a: Shaymin|Air Slash|p2a: Gliscor\n|-damage|p2a: Gliscor|68\/100 tox\n|cant|p2a: Gliscor|flinch\n|\n|-heal|p2a: Gliscor|81\/100 tox|[from] ability: Poison Heal\n|upkeep\n|turn|3\n|\n|t:|1698380263\n|move|p2a: Gliscor|Protect|p2a: Gliscor\n|-singleturn|p2a: Gliscor|Protect\n|move|p1a: Shaymin|Seed Flare|p2a: Gliscor\n|-activate|p2a: Gliscor|move: Protect\n|\n|-heal|p2a: Gliscor|93\/100 tox|[from] ability: Poison Heal\n|upkeep\n|turn|4\n|\n|t:|1698380265\n|move|p1a: Shaymin|Seed Flare|p2a: Gliscor|[miss]\n|-miss|p1a: Shaymin|p2a: Gliscor\n|move|p2a: Gliscor|Toxic Spikes|p1a: Shaymin\n|-sidestart|p1: Nitro524|move: Toxic Spikes\n|\n|-heal|p2a: Gliscor|100\/100 tox|[from] ability: Poison Heal\n|upkeep\n|turn|5\n|\n|t:|1698380271\n|move|p1a: Shaymin|Seed Flare|p2a: Gliscor\n|-damage|p2a: Gliscor|51\/100 tox\n|-unboost|p2a: Gliscor|spd|2\n|move|p2a: Gliscor|Toxic Spikes|p1a: Shaymin\n|-sidestart|p1: Nitro524|move: Toxic Spikes\n|\n|-heal|p2a: Gliscor|64\/100 tox|[from] ability: Poison Heal\n|upkeep\n|turn|6\n|\n|t:|1698380278\n|move|p2a: Gliscor|Protect|p2a: Gliscor\n|-singleturn|p2a: Gliscor|Protect\n|move|p1a: Shaymin|Air Slash|p2a: Gliscor\n|-activate|p2a: Gliscor|move: Protect\n|\n|-heal|p2a: Gliscor|76\/100 tox|[from] ability: Poison Heal\n|upkeep\n|turn|7\n|\n|t:|1698380285\n|switch|p2a: Blissey|Blissey, F|100\/100\n|move|p1a: Shaymin|Seed Flare|p2a: Blissey\n|-damage|p2a: Blissey|83\/100\n|-unboost|p2a: Blissey|spd|2\n|\n|-heal|p2a: Blissey|89\/100|[from] item: Leftovers\n|upkeep\n|turn|8\n|\n|t:|1698380289\n|move|p1a: Shaymin|Air Slash|p2a: Blissey\n|-damage|p2a: Blissey|66\/100\n|move|p2a: Blissey|Stealth Rock|p1a: Shaymin\n|-sidestart|p1: Nitro524|move: Stealth Rock\n|\n|-heal|p2a: Blissey|73\/100|[from] item: Leftovers\n|upkeep\n|turn|9\n|\n|t:|1698380292\n|switch|p2a: Gliscor|Gliscor, M|76\/100 tox\n|move|p1a: Shaymin|Air Slash|p2a: Gliscor\n|-damage|p2a: Gliscor|43\/100 tox\n|\n|-heal|p2a: Gliscor|56\/100 tox|[from] ability: Poison Heal\n|upkeep\n|turn|10\n|c| tourney goer|hello there \"leonissenbaum\"\n|\n|t:|1698380299\n|move|p2a: Gliscor|Protect|p2a: Gliscor\n|-singleturn|p2a: Gliscor|Protect\n|move|p1a: Shaymin|Air Slash|p2a: Gliscor\n|-activate|p2a: Gliscor|move: Protect\n|\n|-heal|p2a: Gliscor|68\/100 tox|[from] ability: Poison Heal\n|upkeep\n|turn|11\n|c|\u2606leonissenbaum|fair enough\n|\n|t:|1698380319\n|switch|p1a: Cyclizar|Cyclizar, F|100\/100\n|move|p2a: Gliscor|Spikes|p1a: Cyclizar\n|-sidestart|p1: Nitro524|Spikes\n|\n|-heal|p2a: Gliscor|80\/100 tox|[from] ability: Poison Heal\n|upkeep\n|turn|12\n|\n|t:|1698380327\n|switch|p2a: Giratina|Giratina, shiny|100\/100\n|-ability|p2a: Giratina|Pressure\n|move|p1a: Cyclizar|Dragon Tail|p2a: Giratina\n|-supereffective|p2a: Giratina\n|-damage|p2a: Giratina|76\/100\n|drag|p2a: Clefable|Clefable, F|100\/100\n|\n|upkeep\n|turn|13\n|\n|t:|1698380337\n|switch|p2a: Giratina|Giratina, shiny|76\/100\n|-ability|p2a: Giratina|Pressure\n|-terastallize|p1a: Cyclizar|Fairy\n|move|p1a: Cyclizar|Taunt|p2a: Giratina\n|-start|p2a: Giratina|move: Taunt\n|\n|-heal|p2a: Giratina|82\/100|[from] item: Leftovers\n|upkeep\n|turn|14\n|\n|t:|1698380355\n|move|p2a: Giratina|Hex|p1a: Cyclizar\n|-damage|p1a: Cyclizar|66\/100\n|move|p1a: Cyclizar|Dragon Tail|p2a: Giratina\n|-supereffective|p2a: Giratina\n|-damage|p2a: Giratina|58\/100\n|drag|p2a: Clefable|Clefable, F|100\/100\n|\n|upkeep\n|turn|15\n|\n|t:|1698380370\n|move|p2a: Clefable|Protect|p2a: Clefable\n|-singleturn|p2a: Clefable|Protect\n|move|p1a: Cyclizar|Dragon Tail|p2a: Clefable\n|-activate|p2a: Clefable|move: Protect\n|\n|upkeep\n|turn|16\n|\n|t:|1698380375\n|switch|p2a: Giratina|Giratina, shiny|58\/100\n|-ability|p2a: Giratina|Pressure\n|move|p1a: Cyclizar|Rapid Spin|p2a: Giratina\n|-immune|p2a: Giratina\n|\n|-heal|p2a: Giratina|64\/100|[from] item: Leftovers\n|upkeep\n|turn|17\n|\n|t:|1698380414\n|move|p1a: Cyclizar|Shed Tail|p1a: Cyclizar\n|-start|p1a: Cyclizar|Substitute|[from] move: Shed Tail\n|-damage|p1a: Cyclizar|16\/100\n|\n|t:|1698380418\n|switch|p1a: Chi-Yu|Chi-Yu|100\/100|[from] Shed Tail\n|-status|p1a: Chi-Yu|tox\n|-damage|p1a: Chi-Yu|76\/100 tox|[from] Stealth Rock\n|-damage|p1a: Chi-Yu|63\/100 tox|[from] Spikes\n|-ability|p1a: Chi-Yu|Beads of Ruin\n|move|p2a: Giratina|Thunder Wave|p1a: Chi-Yu|[miss]\n|-miss|p2a: Giratina|p1a: Chi-Yu\n|\n|-heal|p2a: Giratina|70\/100|[from] item: Leftovers\n|-damage|p1a: Chi-Yu|57\/100 tox|[from] psn\n|upkeep\n|turn|18\n|\n|t:|1698380433\n|switch|p2a: Blissey|Blissey, F|73\/100\n|move|p1a: Chi-Yu|Overheat|p2a: Blissey\n|-damage|p2a: Blissey|40\/100\n|-unboost|p1a: Chi-Yu|spa|2\n|\n|-heal|p2a: Blissey|46\/100|[from] item: Leftovers\n|-damage|p1a: Chi-Yu|46\/100 tox|[from] psn\n|upkeep\n|turn|19\n|\n|t:|1698380441\n|switch|p1a: Magearna|Magearna|100\/100\n|-damage|p1a: Magearna|94\/100|[from] Stealth Rock\n|-damage|p1a: Magearna|82\/100|[from] Spikes\n|move|p2a: Blissey|Soft-Boiled|p2a: Blissey\n|-heal|p2a: Blissey|96\/100\n|\n|-heal|p1a: Magearna|88\/100|[from] item: Leftovers\n|-heal|p2a: Blissey|100\/100|[from] item: Leftovers\n|upkeep\n|turn|20\n|\n|t:|1698380449\n|switch|p2a: Espeon|Espeon, F|100\/100\n|move|p1a: Magearna|Calm Mind|p1a: Magearna\n|-boost|p1a: Magearna|spa|1\n|-boost|p1a: Magearna|spd|1\n|\n|-heal|p1a: Magearna|94\/100|[from] item: Leftovers\n|upkeep\n|turn|21\n|\n|t:|1698380454\n|move|p2a: Espeon|Trick|p1a: Magearna\n|-activate|p2a: Espeon|move: Trick|[of] p1a: Magearna\n|-item|p1a: Magearna|Choice Scarf|[from] move: Trick\n|-item|p2a: Espeon|Leftovers|[from] move: Trick\n|move|p1a: Magearna|Calm Mind|p1a: Magearna\n|-boost|p1a: Magearna|spa|1\n|-boost|p1a: Magearna|spd|1\n|\n|upkeep\n|turn|22\n|\n|t:|1698380463\n|move|p1a: Magearna|Calm Mind|p1a: Magearna\n|-boost|p1a: Magearna|spa|1\n|-boost|p1a: Magearna|spd|1\n|move|p2a: Espeon|Light Screen|p2a: Espeon\n|-sidestart|p2: leonissenbaum|move: Light Screen\n|\n|upkeep\n|turn|23\n|\n|t:|1698380469\n|switch|p2a: Gliscor|Gliscor, M|80\/100 tox\n|move|p1a: Magearna|Calm Mind|p1a: Magearna\n|-boost|p1a: Magearna|spa|1\n|-boost|p1a: Magearna|spd|1\n|\n|-heal|p2a: Gliscor|93\/100 tox|[from] ability: Poison Heal\n|upkeep\n|turn|24\n|\n|t:|1698380475\n|move|p1a: Magearna|Calm Mind|p1a: Magearna\n|-boost|p1a: Magearna|spa|1\n|-boost|p1a: Magearna|spd|1\n|move|p2a: Gliscor|Spikes|p1a: Magearna\n|-sidestart|p1: Nitro524|Spikes\n|\n|-heal|p2a: Gliscor|100\/100 tox|[from] ability: Poison Heal\n|upkeep\n|turn|25\n|\n|t:|1698380477\n|move|p1a: Magearna|Calm Mind|p1a: Magearna\n|-boost|p1a: Magearna|spa|1\n|-boost|p1a: Magearna|spd|1\n|move|p2a: Gliscor|Spikes|p1a: Magearna\n|-sidestart|p1: Nitro524|Spikes\n|\n|upkeep\n|turn|26\n|\n|t:|1698380481\n|switch|p2a: Giratina|Giratina, shiny|70\/100\n|-ability|p2a: Giratina|Pressure\n|move|p1a: Magearna|Calm Mind|p1a: Magearna\n|-boost|p1a: Magearna|spa|0\n|-boost|p1a: Magearna|spd|0\n|\n|-heal|p2a: Giratina|77\/100|[from] item: Leftovers\n|-sideend|p2: leonissenbaum|move: Light Screen\n|upkeep\n|turn|27\n|\n|t:|1698380487\n|move|p1a: Magearna|Calm Mind|p1a: Magearna\n|-boost|p1a: Magearna|spa|0\n|-boost|p1a: Magearna|spd|0\n|move|p2a: Giratina|Thunder Wave|p1a: Magearna\n|-status|p1a: Magearna|par\n|\n|-heal|p2a: Giratina|83\/100|[from] item: Leftovers\n|upkeep\n|turn|28\n|\n|t:|1698380491\n|move|p2a: Giratina|Hex|p1a: Magearna\n|-damage|p1a: Magearna|85\/100 par\n|cant|p1a: Magearna|par\n|\n|-heal|p2a: Giratina|89\/100|[from] item: Leftovers\n|upkeep\n|turn|29\n|\n|t:|1698380495\n|move|p2a: Giratina|Thunder Wave|p1a: Magearna\n|-fail|p1a: Magearna|par\n|move|p1a: Magearna|Calm Mind|p1a: Magearna\n|-boost|p1a: Magearna|spa|0\n|-boost|p1a: Magearna|spd|0\n|\n|-heal|p2a: Giratina|95\/100|[from] item: Leftovers\n|upkeep\n|turn|30\n|\n|t:|1698380503\n|move|p2a: Giratina|Thunder Wave|p1a: Magearna\n|-fail|p1a: Magearna|par\n|cant|p1a: Magearna|par\n|\n|-heal|p2a: Giratina|100\/100|[from] item: Leftovers\n|upkeep\n|turn|31\n|\n|t:|1698380512\n|move|p1a: Magearna|Calm Mind|p1a: Magearna\n|-boost|p1a: Magearna|spa|0\n|-boost|p1a: Magearna|spd|0\n|move|p2a: Giratina|Roar|p1a: Magearna\n|drag|p1a: Palkia|Palkia-Origin|100\/100\n|-status|p1a: Palkia|tox\n|-damage|p1a: Palkia|88\/100 tox|[from] Stealth Rock\n|-damage|p1a: Palkia|63\/100 tox|[from] Spikes\n|-ability|p1a: Palkia|Pressure\n|\n|-damage|p1a: Palkia|57\/100 tox|[from] psn\n|upkeep\n|turn|32\n|c|\u2606Nitro524|counter-stall tactics\n|c|\u2606leonissenbaum|true\n|\n|t:|1698380530\n|switch|p2a: Blissey|Blissey, F|100\/100\n|move|p1a: Palkia|Hydro Pump|p2a: Blissey\n|-damage|p2a: Blissey|78\/100\n|\n|-heal|p2a: Blissey|84\/100|[from] item: Leftovers\n|-damage|p1a: Palkia|44\/100 tox|[from] psn\n|upkeep\n|turn|33\n|\n|t:|1698380535\n|switch|p1a: Cyclizar|Cyclizar, F, tera:Fairy|50\/100\n|move|p2a: Blissey|Seismic Toss|p1a: Cyclizar\n|-damage|p1a: Cyclizar|21\/100\n|\n|-heal|p2a: Blissey|90\/100|[from] item: Leftovers\n|upkeep\n|turn|34\n|\n|t:|1698380544\n|switch|p2a: Giratina|Giratina, shiny|100\/100\n|-ability|p2a: Giratina|Pressure\n|move|p1a: Cyclizar|Rapid Spin|p2a: Giratina\n|-immune|p2a: Giratina\n|\n|upkeep\n|turn|35\n|\n|t:|1698380547\n|move|p2a: Giratina|Hex|p1a: Cyclizar\n|-damage|p1a: Cyclizar|0 fnt\n|faint|p1a: Cyclizar\n|\n|upkeep\n|\n|t:|1698380549\n|switch|p1a: Zacian|Zacian|100\/100\n|-ability|p1a: Zacian|Intrepid Sword|boost\n|-boost|p1a: Zacian|atk|1\n|turn|36\n|\n|t:|1698380554\n|switch|p2a: Dondozo|Dondozo, M|100\/100\n|move|p1a: Zacian|Play Rough|p2a: Dondozo|[miss]\n|-miss|p1a: Zacian|p2a: Dondozo\n|\n|upkeep\n|turn|37\n|\n|t:|1698380561\n|move|p1a: Zacian|Play Rough|p2a: Dondozo\n|-damage|p2a: Dondozo|79\/100\n|-damage|p1a: Zacian|84\/100|[from] item: Rocky Helmet|[of] p2a: Dondozo\n|move|p2a: Dondozo|Waterfall|p1a: Zacian\n|-damage|p1a: Zacian|60\/100\n|\n|upkeep\n|turn|38\n|\n|t:|1698380569\n|move|p1a: Zacian|Play Rough|p2a: Dondozo\n|-damage|p2a: Dondozo|59\/100\n|-damage|p1a: Zacian|44\/100|[from] item: Rocky Helmet|[of] p2a: Dondozo\n|move|p2a: Dondozo|Waterfall|p1a: Zacian\n|-damage|p1a: Zacian|20\/100\n|\n|upkeep\n|turn|39\n|\n|t:|1698380575\n|switch|p1a: Palkia|Palkia-Origin|44\/100 tox\n|-damage|p1a: Palkia|32\/100 tox|[from] Stealth Rock\n|-damage|p1a: Palkia|7\/100 tox|[from] Spikes\n|-ability|p1a: Palkia|Pressure\n|move|p2a: Dondozo|Rest|p2a: Dondozo\n|-status|p2a: Dondozo|slp|[from] move: Rest\n|-heal|p2a: Dondozo|100\/100 slp|[silent]\n|\n|-damage|p1a: Palkia|1\/100 tox|[from] psn\n|upkeep\n|turn|40\n|\n|t:|1698380590\n|switch|p2a: Blissey|Blissey, F|90\/100\n|move|p1a: Palkia|Spacial Rend|p2a: Blissey|[miss]\n|-miss|p1a: Palkia|p2a: Blissey\n|\n|-heal|p2a: Blissey|96\/100|[from] item: Leftovers\n|-damage|p1a: Palkia|0 fnt|[from] psn\n|faint|p1a: Palkia\n|upkeep\n|\n|t:|1698380602\n|switch|p1a: Zacian|Zacian|20\/100\n|turn|41\n|\n|t:|1698380606\n|switch|p2a: Dondozo|Dondozo, M|100\/100 slp\n|move|p1a: Zacian|Close Combat|p2a: Dondozo\n|-damage|p2a: Dondozo|83\/100 slp\n|-unboost|p1a: Zacian|def|1\n|-unboost|p1a: Zacian|spd|1\n|-damage|p1a: Zacian|3\/100|[from] item: Rocky Helmet|[of] p2a: Dondozo\n|\n|upkeep\n|turn|42\n|\n|t:|1698380611\n|move|p1a: Zacian|Close Combat|p2a: Dondozo\n|-damage|p2a: Dondozo|65\/100 slp\n|-unboost|p1a: Zacian|def|1\n|-unboost|p1a: Zacian|spd|1\n|-damage|p1a: Zacian|0 fnt|[from] item: Rocky Helmet|[of] p2a: Dondozo\n|faint|p1a: Zacian\n|cant|p2a: Dondozo|slp\n|move|p2a: Dondozo|Sleep Talk|p2a: Dondozo\n|move|p2a: Dondozo|Rest||[from]move: Sleep Talk|[still]\n|-fail|p2a: Dondozo\n|\n|upkeep\n|-message|Nitro524 forfeited.\n|\n|win|leonissenbaum\n|l|\u2606Nitro524\n","uploadtime":1698380623,"views":13,"p1id":"nitro524","p2id":"leonissenbaum","formatid":"gen9ubers","rating":0,"private":0,"password":""}