{"id":"gen9ubers-1981313164","p1":"th3k1ng123","p2":"Ddog1015ddg","format":"[Gen 9] Ubers","log":"|j|\u2606th3k1ng123\n|j|\u2606Ddog1015ddg\n|t:|1698882578\n|gametype|singles\n|player|p1|th3k1ng123|turo|1088\n|player|p2|Ddog1015ddg|hiker-gen4|1079\n|teamsize|p1|6\n|teamsize|p2|6\n|gen|9\n|tier|[Gen 9] Ubers\n|rated|\n|rule|Sleep Clause Mod: Limit one foe put to sleep\n|rule|Species Clause: Limit one of each Pok\u00e9mon\n|rule|OHKO Clause: OHKO moves are banned\n|rule|Evasion Items Clause: Evasion items are banned\n|rule|Evasion Moves Clause: Evasion moves are banned\n|rule|Endless Battle Clause: Forcing endless battles is banned\n|rule|HP Percentage Mod: HP is shown in percentages\n|clearpoke\n|poke|p1|Miraidon|\n|poke|p1|Flutter Mane|\n|poke|p1|Kyogre|\n|poke|p1|Chien-Pao|\n|poke|p1|Zacian-*|\n|poke|p1|Giratina|\n|poke|p2|Trevenant, F|\n|poke|p2|Honchkrow, F|\n|poke|p2|Gengar, M|\n|poke|p2|Mimikyu, M|\n|poke|p2|Annihilape, F|\n|poke|p2|Maushold-Four|\n|teampreview\n|\n|t:|1698882595\n|start\n|switch|p1a: Make It Rain|Kyogre, shiny|100\/100\n|switch|p2a: Honchkrow|Honchkrow, F|100\/100\n|-weather|RainDance|[from] ability: Drizzle|[of] p1a: Make It Rain\n|turn|1\n|\n|t:|1698882604\n|move|p1a: Make It Rain|Ice Beam|p2a: Honchkrow\n|-supereffective|p2a: Honchkrow\n|-damage|p2a: Honchkrow|8\/100\n|move|p2a: Honchkrow|Tailwind|p2a: Honchkrow\n|-sidestart|p2: Ddog1015ddg|move: Tailwind\n|\n|-weather|RainDance|[upkeep]\n|upkeep\n|turn|2\n|\n|t:|1698882612\n|move|p2a: Honchkrow|Sucker Punch|p1a: Make It Rain\n|-damage|p1a: Make It Rain|65\/100\n|move|p1a: Make It Rain|Ice Beam|p2a: Honchkrow\n|-supereffective|p2a: Honchkrow\n|-damage|p2a: Honchkrow|0 fnt\n|faint|p2a: Honchkrow\n|\n|-weather|RainDance|[upkeep]\n|upkeep\n|\n|t:|1698882621\n|switch|p2a: Trevenant|Trevenant, F|100\/100\n|turn|3\n|\n|t:|1698882643\n|-terastallize|p2a: Trevenant|Ghost\n|move|p1a: Make It Rain|Ice Beam|p2a: Trevenant\n|-damage|p2a: Trevenant|69\/100\n|move|p2a: Trevenant|Horn Leech|p1a: Make It Rain\n|-supereffective|p1a: Make It Rain\n|-damage|p1a: Make It Rain|1\/100\n|-heal|p2a: Trevenant|100\/100|[from] drain|[of] p1a: Make It Rain\n|\n|-weather|RainDance|[upkeep]\n|upkeep\n|turn|4\n|\n|t:|1698882659\n|switch|p1a: Satan|Giratina, shiny|100\/100\n|-ability|p1a: Satan|Pressure\n|move|p2a: Trevenant|Sunny Day|p2a: Trevenant\n|-weather|SunnyDay\n|\n|-weather|SunnyDay|[upkeep]\n|-sideend|p2: Ddog1015ddg|move: Tailwind\n|upkeep\n|turn|5\n|\n|t:|1698882668\n|switch|p2a: Maushold|Maushold-Four|100\/100\n|move|p1a: Satan|Will-O-Wisp|p2a: Maushold\n|-status|p2a: Maushold|brn\n|\n|-weather|SunnyDay|[upkeep]\n|-damage|p2a: Maushold|94\/100 brn|[from] brn\n|upkeep\n|turn|6\n|\n|t:|1698882691\n|switch|p2a: Mimikyu|Mimikyu, M|100\/100\n|move|p1a: Satan|Dragon Tail|p2a: Mimikyu\n|-immune|p2a: Mimikyu\n|\n|-weather|SunnyDay|[upkeep]\n|upkeep\n|turn|7\n|\n|t:|1698882706\n|move|p2a: Mimikyu|Play Rough|p1a: Satan\n|-supereffective|p1a: Satan\n|-damage|p1a: Satan|63\/100\n|-enditem|p1a: Satan|Red Card|[of] p2a: Mimikyu\n|drag|p2a: Gengar|Gengar, M|100\/100\n|move|p1a: Satan|Will-O-Wisp|p2a: Gengar\n|-status|p2a: Gengar|brn\n|\n|-weather|SunnyDay|[upkeep]\n|-damage|p2a: Gengar|94\/100 brn|[from] brn\n|upkeep\n|turn|8\n|\n|t:|1698882719\n|move|p2a: Gengar|Dazzling Gleam|p1a: Satan\n|-supereffective|p1a: Satan\n|-damage|p1a: Satan|39\/100\n|move|p1a: Satan|Dragon Tail|p2a: Gengar\n|-damage|p2a: Gengar|56\/100 brn\n|drag|p2a: Mimikyu|Mimikyu, M|100\/100\n|\n|-weather|none\n|upkeep\n|turn|9\n|\n|t:|1698882729\n|move|p2a: Mimikyu|Play Rough|p1a: Satan\n|-supereffective|p1a: Satan\n|-damage|p1a: Satan|0 fnt\n|faint|p1a: Satan\n|\n|upkeep\n|\n|t:|1698882739\n|switch|p1a: Tyga|Chien-Pao|100\/100\n|-ability|p1a: Tyga|Sword of Ruin\n|turn|10\n|\n|t:|1698882750\n|move|p1a: Tyga|Ice Spinner|p2a: Mimikyu\n|-activate|p2a: Mimikyu|ability: Disguise\n|-damage|p2a: Mimikyu|100\/100\n|detailschange|p2a: Mimikyu|Mimikyu-Busted, M\n|-damage|p2a: Mimikyu|88\/100|[from] pokemon: Mimikyu-Busted\n|move|p2a: Mimikyu|Play Rough|p1a: Tyga\n|-supereffective|p1a: Tyga\n|-damage|p1a: Tyga|6\/100\n|\n|upkeep\n|turn|11\n|\n|t:|1698882763\n|move|p2a: Mimikyu|Shadow Sneak|p1a: Tyga\n|-resisted|p1a: Tyga\n|-damage|p1a: Tyga|0 fnt\n|faint|p1a: Tyga\n|\n|upkeep\n|\n|t:|1698882767\n|switch|p1a: El Stabbo|Zacian-Crowned, shiny|100\/100\n|-ability|p1a: El Stabbo|Intrepid Sword|boost\n|-boost|p1a: El Stabbo|atk|1\n|turn|12\n|\n|t:|1698882785\n|switch|p2a: Maushold|Maushold-Four|94\/100 brn\n|move|p1a: El Stabbo|Behemoth Blade|p2a: Maushold\n|-damage|p2a: Maushold|0 fnt\n|faint|p2a: Maushold\n|\n|upkeep\n|\n|t:|1698882806\n|switch|p2a: Annihilape|Annihilape, F|100\/100\n|turn|13\n|\n|t:|1698882814\n|move|p1a: El Stabbo|Behemoth Blade|p2a: Annihilape\n|-damage|p2a: Annihilape|18\/100\n|move|p2a: Annihilape|Rage Fist|p1a: El Stabbo\n|-damage|p1a: El Stabbo|61\/100\n|\n|upkeep\n|turn|14\n|\n|t:|1698882839\n|move|p1a: El Stabbo|Play Rough|p2a: Annihilape\n|-supereffective|p2a: Annihilape\n|-damage|p2a: Annihilape|0 fnt\n|faint|p2a: Annihilape\n|\n|upkeep\n|\n|t:|1698882880\n|switch|p2a: Trevenant|Trevenant, F, tera:Ghost|100\/100\n|turn|15\n|\n|t:|1698882908\n|move|p1a: El Stabbo|Behemoth Blade|p2a: Trevenant\n|-damage|p2a: Trevenant|6\/100\n|-enditem|p2a: Trevenant|Sitrus Berry|[eat]\n|-heal|p2a: Trevenant|30\/100|[from] item: Sitrus Berry\n|move|p2a: Trevenant|Sunny Day|p2a: Trevenant\n|-weather|SunnyDay\n|\n|-weather|SunnyDay|[upkeep]\n|-item|p2a: Trevenant|Sitrus Berry|[from] ability: Harvest\n|upkeep\n|-enditem|p2a: Trevenant|Sitrus Berry|[eat]\n|-heal|p2a: Trevenant|55\/100|[from] item: Sitrus Berry\n|turn|16\n|\n|t:|1698882923\n|move|p1a: El Stabbo|Behemoth Blade|p2a: Trevenant\n|-damage|p2a: Trevenant|0 fnt\n|faint|p2a: Trevenant\n|\n|-weather|SunnyDay|[upkeep]\n|upkeep\n|\n|t:|1698882932\n|switch|p2a: Mimikyu|Mimikyu-Busted, M|88\/100\n|turn|17\n|\n|t:|1698882937\n|move|p2a: Mimikyu|Shadow Sneak|p1a: El Stabbo\n|-crit|p1a: El Stabbo\n|-damage|p1a: El Stabbo|38\/100\n|move|p1a: El Stabbo|Behemoth Blade|p2a: Mimikyu\n|-supereffective|p2a: Mimikyu\n|-damage|p2a: Mimikyu|0 fnt\n|faint|p2a: Mimikyu\n|\n|-weather|SunnyDay|[upkeep]\n|upkeep\n|\n|t:|1698882945\n|switch|p2a: Gengar|Gengar, M|56\/100 brn\n|turn|18\n|\n|t:|1698882952\n|move|p1a: El Stabbo|Behemoth Blade|p2a: Gengar\n|-damage|p2a: Gengar|0 fnt\n|faint|p2a: Gengar\n|\n|win|th3k1ng123\n|raw|th3k1ng123's rating: 1088 &rarr; <strong>1114<\/strong><br \/>(+26 for winning)\n|raw|Ddog1015ddg's rating: 1079 &rarr; <strong>1058<\/strong><br \/>(-21 for losing)\n","uploadtime":1698882957,"views":10,"p1id":"th3k1ng123","p2id":"ddog1015ddg","formatid":"gen9ubers","rating":1058,"private":0,"password":""}