{"id":"gen9ubers-1972796525","p1":"babynogalXD","p2":"pppppp5","format":"[Gen 9] Ubers","log":"|j|\u2606babynogalXD\n|j|\u2606pppppp5\n|t:|1697896176\n|gametype|singles\n|player|p1|babynogalXD|hilbert|1546\n|player|p2|pppppp5|lucas|1603\n|teamsize|p1|6\n|teamsize|p2|6\n|gen|9\n|tier|[Gen 9] Ubers\n|rated|\n|rule|Sleep Clause Mod: Limit one foe put to sleep\n|rule|Species Clause: Limit one of each Pok\u00e9mon\n|rule|OHKO Clause: OHKO moves are banned\n|rule|Evasion Items Clause: Evasion items are banned\n|rule|Evasion Moves Clause: Evasion moves are banned\n|rule|Endless Battle Clause: Forcing endless battles is banned\n|rule|HP Percentage Mod: HP is shown in percentages\n|clearpoke\n|poke|p1|Hatterene, F|\n|poke|p1|Magearna|\n|poke|p1|Arceus-Ground|\n|poke|p1|Slowking, M|\n|poke|p1|Ursaluna, F|\n|poke|p1|Calyrex-Ice|\n|poke|p2|Basculegion, M|\n|poke|p2|Hawlucha, M|\n|poke|p2|Gliscor, M|\n|poke|p2|Rabsca, F|\n|poke|p2|Miraidon|\n|poke|p2|Hatterene, F|\n|teampreview\n|\n|t:|1697896183\n|start\n|switch|p1a: Hatterene|Hatterene, F|100\/100\n|switch|p2a: Miraidon|Miraidon|100\/100\n|-fieldstart|move: Electric Terrain|[from] ability: Hadron Engine|[of] p2a: Miraidon\n|turn|1\n|\n|t:|1697896190\n|move|p2a: Miraidon|Electro Drift|p1a: Hatterene\n|-crit|p1a: Hatterene\n|-enditem|p1a: Hatterene|Focus Sash\n|-damage|p1a: Hatterene|1\/100\n|move|p1a: Hatterene|Trick Room|p1a: Hatterene\n|-fieldstart|move: Trick Room|[of] p1a: Hatterene\n|\n|upkeep\n|turn|2\n|\n|t:|1697896200\n|move|p1a: Hatterene|Healing Wish|p1a: Hatterene\n|faint|p1a: Hatterene\n|move|p2a: Miraidon|Electro Drift|p1: Hatterene|[notarget]\n|-fail|p2a: Miraidon\n|\n|upkeep\n|\n|t:|1697896206\n|switch|p1a: Ursaluna|Ursaluna, F|100\/100\n|turn|3\n|\n|t:|1697896210\n|move|p1a: Ursaluna|Swords Dance|p1a: Ursaluna\n|-boost|p1a: Ursaluna|atk|2\n|move|p2a: Miraidon|Dragon Pulse|p1a: Ursaluna\n|-damage|p1a: Ursaluna|42\/100\n|\n|-status|p1a: Ursaluna|brn|[from] item: Flame Orb\n|upkeep\n|turn|4\n|\n|t:|1697896218\n|move|p1a: Ursaluna|Facade|p2a: Miraidon\n|-crit|p2a: Miraidon\n|-enditem|p2a: Miraidon|Focus Sash\n|-damage|p2a: Miraidon|1\/100\n|move|p2a: Miraidon|Dragon Pulse|p1a: Ursaluna\n|-damage|p1a: Ursaluna|0 fnt\n|faint|p1a: Ursaluna\n|\n|upkeep\n|\n|t:|1697896230\n|switch|p1a: Arceus|Arceus-Ground|100\/100\n|turn|5\n|\n|t:|1697896242\n|switch|p2a: Gliscor|Gliscor, M|100\/100\n|move|p1a: Arceus|Ice Beam|p2a: Gliscor\n|-supereffective|p2a: Gliscor\n|-damage|p2a: Gliscor|0 fnt\n|faint|p2a: Gliscor\n|\n|-fieldend|move: Trick Room\n|-fieldend|move: Electric Terrain\n|upkeep\n|\n|t:|1697896251\n|switch|p2a: Basculegion|Basculegion, M, shiny|100\/100\n|turn|6\n|\n|t:|1697896255\n|move|p2a: Basculegion|Wave Crash|p1a: Arceus\n|-supereffective|p1a: Arceus\n|-damage|p1a: Arceus|0 fnt\n|faint|p1a: Arceus\n|-damage|p2a: Basculegion|67\/100|[from] Recoil\n|-damage|p2a: Basculegion|57\/100|[from] item: Life Orb\n|\n|upkeep\n|\n|t:|1697896267\n|switch|p1a: Slowking|Slowking, M|100\/100\n|turn|7\n|\n|t:|1697896270\n|move|p2a: Basculegion|Last Respects|p1a: Slowking\n|-supereffective|p1a: Slowking\n|-enditem|p1a: Slowking|Kasib Berry|[eat]\n|-enditem|p1a: Slowking|Kasib Berry|[weaken]\n|-damage|p1a: Slowking|25\/100\n|-damage|p2a: Basculegion|48\/100|[from] item: Life Orb\n|move|p1a: Slowking|Trick Room|p1a: Slowking\n|-fieldstart|move: Trick Room|[of] p1a: Slowking\n|\n|upkeep\n|turn|8\n|\n|t:|1697896283\n|move|p1a: Slowking|Chilly Reception|p1a: Slowking\n|-weather|Snow\n|\n|t:|1697896285\n|switch|p1a: Calyrex|Calyrex-Ice|100\/100|[from] Chilly Reception\n|-ability|p1a: Calyrex|As One\n|-ability|p1a: Calyrex|Unnerve\n|move|p2a: Basculegion|Last Respects|p1a: Calyrex\n|-supereffective|p1a: Calyrex\n|-damage|p1a: Calyrex|31\/100\n|-damage|p2a: Basculegion|38\/100|[from] item: Life Orb\n|\n|-weather|Snow|[upkeep]\n|upkeep\n|turn|9\n|\n|t:|1697896302\n|switch|p2a: Rabsca|Rabsca, F|100\/100\n|-terastallize|p1a: Calyrex|Ice\n|move|p1a: Calyrex|Glacial Lance|p2a: Rabsca\n|-enditem|p2a: Rabsca|Focus Sash\n|-damage|p2a: Rabsca|1\/100\n|\n|-weather|Snow|[upkeep]\n|upkeep\n|turn|10\n|\n|t:|1697896318\n|move|p1a: Calyrex|Glacial Lance|p2a: Rabsca\n|-crit|p2a: Rabsca\n|-damage|p2a: Rabsca|0 fnt\n|faint|p2a: Rabsca\n|-ability|p1a: Calyrex|Chilling Neigh|boost\n|-boost|p1a: Calyrex|atk|1\n|\n|-weather|Snow|[upkeep]\n|upkeep\n|\n|t:|1697896326\n|switch|p2a: Hawlucha|Hawlucha, M|100\/100\n|turn|11\n|\n|t:|1697896332\n|move|p2a: Hawlucha|Endure|p2a: Hawlucha\n|-singleturn|p2a: Hawlucha|move: Endure\n|move|p1a: Calyrex|Glacial Lance|p2a: Hawlucha\n|-supereffective|p2a: Hawlucha\n|-activate|p2a: Hawlucha|move: Endure\n|-damage|p2a: Hawlucha|1\/100\n|\n|-weather|Snow|[upkeep]\n|-fieldend|move: Trick Room\n|upkeep\n|turn|12\n|\n|t:|1697896341\n|switch|p1a: Magearna|Magearna|100\/100\n|-enditem|p2a: Hawlucha|Liechi Berry|[eat]\n|-boost|p2a: Hawlucha|atk|1|[from] item: Liechi Berry\n|move|p2a: Hawlucha|Close Combat|p1a: Magearna\n|-damage|p1a: Magearna|47\/100\n|-unboost|p2a: Hawlucha|def|1\n|-unboost|p2a: Hawlucha|spd|1\n|\n|-weather|none\n|upkeep\n|turn|13\n|\n|t:|1697896351\n|move|p2a: Hawlucha|Close Combat|p1a: Magearna\n|-damage|p1a: Magearna|0 fnt\n|-unboost|p2a: Hawlucha|def|1\n|-unboost|p2a: Hawlucha|spd|1\n|faint|p1a: Magearna\n|\n|upkeep\n|\n|t:|1697896360\n|switch|p1a: Slowking|Slowking, M|58\/100\n|-heal|p1a: Slowking|100\/100|[from] move: Healing Wish\n|turn|14\n|\n|t:|1697896368\n|move|p2a: Hawlucha|Acrobatics|p1a: Slowking\n|-damage|p1a: Slowking|36\/100\n|move|p1a: Slowking|Trick Room|p1a: Slowking\n|-fieldstart|move: Trick Room|[of] p1a: Slowking\n|\n|upkeep\n|turn|15\n|\n|t:|1697896374\n|move|p1a: Slowking|Scald|p2a: Hawlucha\n|-damage|p2a: Hawlucha|0 fnt\n|faint|p2a: Hawlucha\n|\n|upkeep\n|\n|t:|1697896390\n|switch|p2a: Miraidon|Miraidon|1\/100\n|-fieldstart|move: Electric Terrain|[from] ability: Hadron Engine|[of] p2a: Miraidon\n|turn|16\n|\n|t:|1697896395\n|move|p1a: Slowking|Scald|p2a: Miraidon\n|-resisted|p2a: Miraidon\n|-damage|p2a: Miraidon|0 fnt\n|faint|p2a: Miraidon\n|\n|upkeep\n|\n|t:|1697896401\n|switch|p2a: Hatterene|Hatterene, F|100\/100\n|turn|17\n|\n|t:|1697896410\n|move|p1a: Slowking|Scald|p2a: Hatterene\n|-damage|p2a: Hatterene|71\/100\n|-status|p2a: Hatterene|brn\n|move|p2a: Hatterene|Dazzling Gleam|p1a: Slowking\n|-damage|p1a: Slowking|6\/100\n|\n|-damage|p2a: Hatterene|65\/100 brn|[from] brn\n|upkeep\n|turn|18\n|\n|t:|1697896422\n|switch|p1a: Calyrex|Calyrex-Ice, tera:Ice|31\/100\n|-ability|p1a: Calyrex|As One\n|-ability|p1a: Calyrex|Unnerve\n|move|p2a: Hatterene|Healing Wish|p2a: Hatterene\n|faint|p2a: Hatterene\n|\n|-fieldend|move: Trick Room\n|upkeep\n|-message|babynogalXD forfeited.\n|\n|win|pppppp5\n|raw|babynogalXD's rating: 1546 &rarr; <strong>1529<\/strong><br \/>(-17 for losing)\n|raw|pppppp5's rating: 1603 &rarr; <strong>1620<\/strong><br \/>(+17 for winning)\n|l|\u2606babynogalXD\n|l|\u2606pppppp5\n","uploadtime":1697896439,"views":12,"p1id":"babynogalxd","p2id":"pppppp5","formatid":"gen9ubers","rating":1529,"private":0,"password":""}