{"id":"gen9ubers-1978637747","p1":"hanshappy","p2":"DogTheSuperior","format":"[Gen 9] Ubers","log":"|j|\u2606hanshappy\n|j|\u2606DogTheSuperior\n|t:|1698572208\n|gametype|singles\n|player|p1|hanshappy|265|1361\n|player|p2|DogTheSuperior|1|1238\n|teamsize|p1|6\n|teamsize|p2|6\n|gen|9\n|tier|[Gen 9] Ubers\n|rated|\n|rule|Sleep Clause Mod: Limit one foe put to sleep\n|rule|Species Clause: Limit one of each Pok\u00e9mon\n|rule|OHKO Clause: OHKO moves are banned\n|rule|Evasion Items Clause: Evasion items are banned\n|rule|Evasion Moves Clause: Evasion moves are banned\n|rule|Endless Battle Clause: Forcing endless battles is banned\n|rule|HP Percentage Mod: HP is shown in percentages\n|clearpoke\n|poke|p1|Arceus-Ground|\n|poke|p1|Zacian-*|\n|poke|p1|Miraidon|\n|poke|p1|Ting-Lu|\n|poke|p1|Koraidon|\n|poke|p1|Eternatus|\n|poke|p2|Kyogre|\n|poke|p2|Basculegion-F, F|\n|poke|p2|Kommo-o, F|\n|poke|p2|Weezing-Galar, F|\n|poke|p2|Masquerain, F|\n|poke|p2|Miraidon|\n|teampreview\n|\n|t:|1698572215\n|start\n|switch|p1a: Koraidon|Koraidon|100\/100\n|switch|p2a: Masquerain|Masquerain, F|100\/100\n|-weather|SunnyDay|[from] ability: Orichalcum Pulse|[of] p1a: Koraidon\n|-activate|p1a: Koraidon|Orichalcum Pulse|[source]\n|-ability|p2a: Masquerain|Intimidate|boost\n|-unboost|p1a: Koraidon|atk|1\n|turn|1\n|\n|t:|1698572226\n|move|p1a: Koraidon|Swords Dance|p1a: Koraidon\n|-boost|p1a: Koraidon|atk|2\n|move|p2a: Masquerain|Sticky Web|p1a: Koraidon\n|-sidestart|p1: hanshappy|move: Sticky Web\n|\n|-weather|SunnyDay|[upkeep]\n|upkeep\n|turn|2\n|\n|t:|1698572242\n|switch|p2a: Weezing|Weezing-Galar, F|100\/100\n|move|p1a: Koraidon|Scale Shot|p2a: Weezing\n|-immune|p2a: Weezing\n|\n|-weather|SunnyDay|[upkeep]\n|upkeep\n|turn|3\n|\n|t:|1698572251\n|move|p1a: Koraidon|Swords Dance|p1a: Koraidon\n|-boost|p1a: Koraidon|atk|2\n|move|p2a: Weezing|Destiny Bond|p2a: Weezing\n|-singlemove|p2a: Weezing|Destiny Bond\n|\n|-weather|SunnyDay|[upkeep]\n|upkeep\n|turn|4\n|\n|t:|1698572259\n|move|p1a: Koraidon|Swords Dance|p1a: Koraidon\n|-boost|p1a: Koraidon|atk|2\n|move|p2a: Weezing|Toxic Spikes|p1a: Koraidon\n|-sidestart|p1: hanshappy|move: Toxic Spikes\n|\n|-weather|SunnyDay|[upkeep]\n|upkeep\n|turn|5\n|\n|t:|1698572265\n|move|p1a: Koraidon|Flare Blitz|p2a: Weezing\n|-enditem|p2a: Weezing|Focus Sash\n|-damage|p2a: Weezing|1\/100\n|-damage|p1a: Koraidon|68\/100|[from] Recoil\n|move|p2a: Weezing|Toxic Spikes|p1a: Koraidon\n|-sidestart|p1: hanshappy|move: Toxic Spikes\n|\n|-weather|none\n|upkeep\n|turn|6\n|\n|t:|1698572277\n|move|p1a: Koraidon|Low Kick|p2a: Weezing\n|-resisted|p2a: Weezing\n|-damage|p2a: Weezing|0 fnt\n|faint|p2a: Weezing\n|\n|upkeep\n|\n|t:|1698572288\n|switch|p2a: Miraidon|Miraidon|100\/100\n|-fieldstart|move: Electric Terrain|[from] ability: Hadron Engine|[of] p2a: Miraidon\n|-enditem|p2a: Miraidon|Electric Seed\n|-boost|p2a: Miraidon|def|1|[from] item: Electric Seed\n|turn|7\n|\n|t:|1698572315\n|-terastallize|p1a: Koraidon|Ghost\n|move|p1a: Koraidon|Scale Shot|p2a: Miraidon\n|-supereffective|p2a: Miraidon\n|-damage|p2a: Miraidon|39\/100\n|-supereffective|p2a: Miraidon\n|-damage|p2a: Miraidon|0 fnt\n|faint|p2a: Miraidon\n|-hitcount|p2: Miraidon|2\n|-unboost|p1a: Koraidon|def|1\n|-boost|p1a: Koraidon|spe|1\n|\n|upkeep\n|\n|t:|1698572326\n|switch|p2a: Masquerain|Masquerain, F|100\/100\n|-ability|p2a: Masquerain|Intimidate|boost\n|-unboost|p1a: Koraidon|atk|1\n|turn|8\n|\n|t:|1698572335\n|move|p1a: Koraidon|Scale Shot|p2a: Masquerain|[miss]\n|-miss|p1a: Koraidon|p2a: Masquerain\n|move|p2a: Masquerain|Leech Life|p1a: Koraidon\n|-resisted|p1a: Koraidon\n|-damage|p1a: Koraidon|49\/100\n|\n|upkeep\n|turn|9\n|inactive|Battle timer is ON: inactive players will automatically lose when time's up. (requested by hanshappy)\n|\n|t:|1698572344\n|move|p1a: Koraidon|Scale Shot|p2a: Masquerain\n|-damage|p2a: Masquerain|28\/100\n|-damage|p2a: Masquerain|0 fnt\n|faint|p2a: Masquerain\n|-hitcount|p2: Masquerain|2\n|-unboost|p1a: Koraidon|def|1\n|-boost|p1a: Koraidon|spe|1\n|\n|upkeep\n|\n|t:|1698572354\n|switch|p2a: Kommo-o|Kommo-o, F|100\/100\n|turn|10\n|\n|t:|1698572363\n|move|p1a: Koraidon|Low Kick|p2a: Kommo-o\n|-damage|p2a: Kommo-o|0 fnt\n|faint|p2a: Kommo-o\n|\n|upkeep\n|\n|t:|1698572368\n|switch|p2a: Blue boy|Kyogre|100\/100\n|-weather|RainDance|[from] ability: Drizzle|[of] p2a: Blue boy\n|turn|11\n|\n|t:|1698572375\n|move|p1a: Koraidon|Low Kick|p2a: Blue boy\n|-damage|p2a: Blue boy|0 fnt\n|faint|p2a: Blue boy\n|\n|-weather|RainDance|[upkeep]\n|-fieldend|move: Electric Terrain\n|upkeep\n|\n|t:|1698572380\n|switch|p2a: Green boy|Basculegion-F, F|100\/100\n|turn|12\n|\n|t:|1698572383\n|move|p1a: Koraidon|Scale Shot|p2a: Green boy\n|-damage|p2a: Green boy|49\/100\n|-damage|p2a: Green boy|0 fnt\n|faint|p2a: Green boy\n|-hitcount|p2: Green boy|2\n|\n|win|hanshappy\n|raw|hanshappy's rating: 1361 &rarr; <strong>1374<\/strong><br \/>(+13 for winning)\n|raw|DogTheSuperior's rating: 1238 &rarr; <strong>1221<\/strong><br \/>(-17 for losing)\n","uploadtime":1698572389,"views":15,"p1id":"hanshappy","p2id":"dogthesuperior","formatid":"gen9ubers","rating":1221,"private":0,"password":""}