{"id":"gen9ubers-1979171396","p1":"Add 6669420","p2":"the tr4sh man","format":"[Gen 9] Ubers","log":"|j|\u2606Add 6669420\n|j|\u2606the tr4sh man\n|t:|1698643460\n|gametype|singles\n|player|p1|Add 6669420|ash-kalos|\n|player|p2|the tr4sh man|xerosic|\n|teamsize|p1|6\n|teamsize|p2|6\n|gen|9\n|tier|[Gen 9] Ubers\n|rule|Sleep Clause Mod: Limit one foe put to sleep\n|rule|Species Clause: Limit one of each Pok\u00e9mon\n|rule|OHKO Clause: OHKO moves are banned\n|rule|Evasion Items Clause: Evasion items are banned\n|rule|Evasion Moves Clause: Evasion moves are banned\n|rule|Endless Battle Clause: Forcing endless battles is banned\n|rule|HP Percentage Mod: HP is shown in percentages\n|clearpoke\n|poke|p1|Magearna|\n|poke|p1|Zacian-*|\n|poke|p1|Landorus, M|\n|poke|p1|Palkia-Origin|\n|poke|p1|Dialga|\n|poke|p1|Shaymin-Sky|\n|poke|p2|Rillaboom, F|\n|poke|p2|Sneasler, M|\n|poke|p2|Cyclizar, F|\n|poke|p2|Ursaluna, F|\n|poke|p2|Honchkrow, M|\n|poke|p2|Shaymin-Sky|\n|teampreview\n|c|\u2606Add 6669420|glhf\n|inactive|Battle timer is ON: inactive players will automatically lose when time's up. (requested by Add 6669420)\n|c|\u2606the tr4sh man|u2\n|c|\u2606the tr4sh man|i guess the cores depend on the archetype you want to build for\n|\n|t:|1698643485\n|start\n|switch|p1a: Dialga|Dialga|100\/100\n|switch|p2a: Cyclizar|Cyclizar, F|100\/100\n|-ability|p1a: Dialga|Pressure\n|turn|1\n|c|\u2606Add 6669420|balnce\n|c|\u2606Add 6669420|what is a good core for balncde\n|\n|t:|1698643493\n|move|p2a: Cyclizar|Shed Tail|p2a: Cyclizar\n|-start|p2a: Cyclizar|Substitute|[from] move: Shed Tail\n|-damage|p2a: Cyclizar|50\/100\n|\n|t:|1698643502\n|switch|p2a: Rillaboom|Rillaboom, F|100\/100|[from] Shed Tail\n|-fieldstart|move: Grassy Terrain|[from] ability: Grassy Surge|[of] p2a: Rillaboom\n|move|p1a: Dialga|Stealth Rock|p2a: Rillaboom\n|-sidestart|p2: the tr4sh man|move: Stealth Rock\n|\n|upkeep\n|turn|2\n|c|\u2606the tr4sh man|something like magearna, gira, and shaymin is a good start\n|c|\u2606Add 6669420|okok\n|inactive|Add 6669420 has 270 seconds left.\n|\n|t:|1698643544\n|move|p2a: Rillaboom|Knock Off|p1a: Dialga\n|-damage|p1a: Dialga|74\/100\n|-enditem|p1a: Dialga|Leftovers|[from] move: Knock Off|[of] p2a: Rillaboom\n|move|p1a: Dialga|Trick Room|p1a: Dialga\n|-fieldstart|move: Trick Room|[of] p1a: Dialga\n|\n|-heal|p1a: Dialga|80\/100|[from] Grassy Terrain\n|upkeep\n|turn|3\n|\n|t:|1698643548\n|move|p1a: Dialga|Draco Meteor|p2a: Rillaboom\n|-end|p2a: Rillaboom|Substitute\n|-unboost|p1a: Dialga|spa|2\n|move|p2a: Rillaboom|Knock Off|p1a: Dialga\n|-damage|p1a: Dialga|62\/100\n|\n|-heal|p1a: Dialga|68\/100|[from] Grassy Terrain\n|upkeep\n|turn|4\n|\n|t:|1698643556\n|move|p1a: Dialga|Thunder Wave|p2a: Rillaboom\n|-status|p2a: Rillaboom|par\n|move|p2a: Rillaboom|Knock Off|p1a: Dialga\n|-damage|p1a: Dialga|48\/100\n|\n|-heal|p1a: Dialga|54\/100|[from] Grassy Terrain\n|upkeep\n|turn|5\n|c|\u2606the tr4sh man|why did you pick the moves you did\n|inactive|Add 6669420 has 270 seconds left.\n|c|\u2606Add 6669420|idk if im ready to scarfice a magerna for this tier\n|c|\u2606Add 6669420|isnt that what dilga runs\n|\n|t:|1698643589\n|move|p2a: Rillaboom|Knock Off|p1a: Dialga\n|-crit|p1a: Dialga\n|-damage|p1a: Dialga|23\/100\n|move|p1a: Dialga|Draco Meteor|p2a: Rillaboom\n|-damage|p2a: Rillaboom|61\/100 par\n|-unboost|p1a: Dialga|spa|2\n|\n|-heal|p2a: Rillaboom|67\/100 par|[from] Grassy Terrain\n|-heal|p1a: Dialga|29\/100|[from] Grassy Terrain\n|-fieldend|move: Grassy Terrain\n|upkeep\n|turn|6\n|c|\u2606the tr4sh man|not really, no\n|c|\u2606the tr4sh man|this gets walled by fairies\n|c|\u2606Add 6669420|ohh\n|c|\u2606Add 6669420|yeah forgot about flash canon\n|inactive|the tr4sh man has 270 seconds left.\n|\n|t:|1698643621\n|move|p2a: Rillaboom|Knock Off|p1a: Dialga\n|-damage|p1a: Dialga|8\/100\n|move|p1a: Dialga|Draco Meteor|p2a: Rillaboom\n|-damage|p2a: Rillaboom|42\/100 par\n|-unboost|p1a: Dialga|spa|2\n|\n|-fieldend|move: Trick Room\n|upkeep\n|turn|7\n|c|\u2606Add 6669420|so get rid of trick room\n|c|\u2606the tr4sh man|yeah\n|inactive|the tr4sh man has 270 seconds left.\n|c|\u2606the tr4sh man|especially since everything on your team is fast\n|c|\u2606Add 6669420|banded rilla eh\n|\n|t:|1698643644\n|switch|p1a: Palkia|Palkia-Origin|100\/100\n|-ability|p1a: Palkia|Pressure\n|switch|p2a: Honchkrow|Honchkrow, M|100\/100\n|\n|upkeep\n|turn|8\n|c|\u2606Add 6669420|yeah this was my first team\n|\n|t:|1698643652\n|move|p1a: Palkia|Draco Meteor|p2a: Honchkrow\n|-crit|p2a: Honchkrow\n|-damage|p2a: Honchkrow|0 fnt\n|-unboost|p1a: Palkia|spa|2\n|faint|p2a: Honchkrow\n|\n|upkeep\n|\n|t:|1698643657\n|switch|p2a: Rillaboom|Rillaboom, F|42\/100 par\n|-damage|p2a: Rillaboom|29\/100 par|[from] Stealth Rock\n|-fieldstart|move: Grassy Terrain|[from] ability: Grassy Surge|[of] p2a: Rillaboom\n|turn|9\n|c|\u2606Add 6669420|crit ,mattred\n|c|\u2606the tr4sh man|it didn't\n|inactive|the tr4sh man has 270 seconds left.\n|c|\u2606Add 6669420|its a joke\n|\n|t:|1698643669\n|move|p1a: Palkia|Spacial Rend|p2a: Rillaboom\n|-damage|p2a: Rillaboom|0 fnt\n|faint|p2a: Rillaboom\n|\n|upkeep\n|inactive|the tr4sh man has 270 seconds left.\n|c|\u2606the tr4sh man|honchkrow's dead.\n|c|\u2606the tr4sh man|he's dead, and you're laughing.\n|\n|t:|1698643690\n|switch|p2a: Cyclizar|Cyclizar, F|84\/100\n|-damage|p2a: Cyclizar|71\/100|[from] Stealth Rock\n|turn|10\n|c|\u2606Add 6669420|nurse joy cant fix this now\n|\n|t:|1698643699\n|move|p2a: Cyclizar|Shed Tail|p2a: Cyclizar\n|-start|p2a: Cyclizar|Substitute|[from] move: Shed Tail\n|-damage|p2a: Cyclizar|21\/100\n|\n|t:|1698643701\n|switch|p2a: Ursaluna|Ursaluna, F|100\/100|[from] Shed Tail\n|-damage|p2a: Ursaluna|94\/100|[from] Stealth Rock\n|move|p1a: Palkia|Thunder Wave|p2a: Ursaluna\n|-immune|p2a: Ursaluna\n|\n|-heal|p2a: Ursaluna|100\/100|[from] Grassy Terrain\n|-status|p2a: Ursaluna|brn|[from] item: Flame Orb\n|upkeep\n|turn|11\n|\n|t:|1698643708\n|switch|p1a: Dialga|Dialga|8\/100\n|-ability|p1a: Dialga|Pressure\n|move|p2a: Ursaluna|Trailblaze|p1a: Dialga\n|-resisted|p1a: Dialga\n|-damage|p1a: Dialga|4\/100\n|-boost|p2a: Ursaluna|spe|1\n|\n|-heal|p1a: Dialga|10\/100|[from] Grassy Terrain\n|-damage|p2a: Ursaluna|94\/100 brn|[from] brn\n|upkeep\n|turn|12\n|\n|t:|1698643710\n|move|p2a: Ursaluna|Belly Drum|p2a: Ursaluna\n|-damage|p2a: Ursaluna|44\/100 brn\n|-setboost|p2a: Ursaluna|atk|6|[from] move: Belly Drum\n|move|p1a: Dialga|Draco Meteor|p2a: Ursaluna\n|-end|p2a: Ursaluna|Substitute\n|-unboost|p1a: Dialga|spa|2\n|\n|-heal|p2a: Ursaluna|51\/100 brn|[from] Grassy Terrain\n|-heal|p1a: Dialga|16\/100|[from] Grassy Terrain\n|-damage|p2a: Ursaluna|44\/100 brn|[from] brn\n|upkeep\n|turn|13\n|c|\u2606Add 6669420|heheheha\n|\n|t:|1698643719\n|-terastallize|p2a: Ursaluna|Grass\n|move|p2a: Ursaluna|Trailblaze|p1a: Dialga\n|-resisted|p1a: Dialga\n|-damage|p1a: Dialga|0 fnt\n|-boost|p2a: Ursaluna|spe|1\n|faint|p1a: Dialga\n|\n|-heal|p2a: Ursaluna|51\/100 brn|[from] Grassy Terrain\n|-damage|p2a: Ursaluna|44\/100 brn|[from] brn\n|-fieldend|move: Grassy Terrain\n|upkeep\n|\n|t:|1698643731\n|switch|p1a: Zacian|Zacian|100\/100\n|-ability|p1a: Zacian|Intrepid Sword|boost\n|-boost|p1a: Zacian|atk|1\n|turn|14\n|\n|t:|1698643736\n|move|p2a: Ursaluna|Trailblaze|p1a: Zacian\n|-damage|p1a: Zacian|0 fnt\n|-boost|p2a: Ursaluna|spe|1\n|faint|p1a: Zacian\n|\n|-damage|p2a: Ursaluna|38\/100 brn|[from] brn\n|upkeep\n|\n|t:|1698643739\n|switch|p1a: Shaymin|Shaymin-Sky|100\/100\n|turn|15\n|c|\u2606Add 6669420|ggs\n|\n|t:|1698643746\n|move|p2a: Ursaluna|Drain Punch|p1a: Shaymin\n|-resisted|p1a: Shaymin\n|-crit|p1a: Shaymin\n|-damage|p1a: Shaymin|0 fnt\n|-heal|p2a: Ursaluna|81\/100 brn|[from] drain|[of] p1a: Shaymin\n|faint|p1a: Shaymin\n|\n|-damage|p2a: Ursaluna|75\/100 brn|[from] brn\n|upkeep\n|\n|t:|1698643751\n|switch|p1a: Magearna|Magearna|100\/100\n|turn|16\n|\n|t:|1698643754\n|move|p2a: Ursaluna|Drain Punch|p1a: Magearna\n|-damage|p1a: Magearna|4\/100\n|-heal|p2a: Ursaluna|100\/100 brn|[from] drain|[of] p1a: Magearna\n|-enditem|p1a: Magearna|Eject Button\n|c|\u2606Add 6669420|bruh\n|\n|t:|1698643762\n|switch|p1a: Landorus|Landorus, M|100\/100\n|\n|-damage|p2a: Ursaluna|94\/100 brn|[from] brn\n|upkeep\n|turn|17\n|c|\u2606the tr4sh man|why is it eject button\n|\n|t:|1698643768\n|move|p2a: Ursaluna|Trailblaze|p1a: Landorus\n|-damage|p1a: Landorus|0 fnt\n|-boost|p2a: Ursaluna|spe|1\n|faint|p1a: Landorus\n|\n|-damage|p2a: Ursaluna|88\/100 brn|[from] brn\n|upkeep\n|c|\u2606Add 6669420|shwodown set\n|\n|t:|1698643773\n|switch|p1a: Palkia|Palkia-Origin|100\/100\n|-ability|p1a: Palkia|Pressure\n|turn|18\n|c|\u2606the tr4sh man|ah ic\n|\n|t:|1698643784\n|-terastallize|p1a: Palkia|Electric\n|move|p2a: Ursaluna|Trailblaze|p1a: Palkia\n|-damage|p1a: Palkia|0 fnt\n|-boost|p2a: Ursaluna|spe|1\n|faint|p1a: Palkia\n|\n|-damage|p2a: Ursaluna|82\/100 brn|[from] brn\n|upkeep\n|c|\u2606Add 6669420|what should i run for mag then\n|\n|t:|1698643791\n|switch|p1a: Magearna|Magearna|4\/100\n|turn|19\n|\n|t:|1698643793\n|move|p2a: Ursaluna|Trailblaze|p1a: Magearna\n|-resisted|p1a: Magearna\n|-damage|p1a: Magearna|0 fnt\n|-boost|p2a: Ursaluna|spe|1\n|faint|p1a: Magearna\n|\n|win|the tr4sh man\n|c|\u2606the tr4sh man|it's really up to you\n|c|\u2606the tr4sh man|and what you want for your team composition\n|c|\u2606Add 6669420|i have no idea about thsi tier\n|c|\u2606the tr4sh man|but the most common one is something like spikes + encore + fleur cannon + volt switch\n|c|\u2606Add 6669420|ok what a is a hood corew iwth dilaga\n|c|\u2606Add 6669420|spread?\n|c|\u2606the tr4sh man|you can also consider looking at the #articles and reports channel\n|c|\u2606the tr4sh man|252 hp \/ 252 sp def\n|c|\u2606Add 6669420|ohhhh\n|c|\u2606Add 6669420|gimme a sec\n|c|\u2606the tr4sh man|ye take your time\n|c|\u2606Add 6669420|imma make a new team in 5 minsues\n|c|\u2606Add 6669420|im plaming on using this team in game\n|l|\u2606Add 6669420\n","uploadtime":1698643964,"views":14,"p1id":"add6669420","p2id":"thetr4shman","formatid":"gen9ubers","rating":0,"private":0,"password":""}