{"id":"gen9ubers-1972697916","p1":"SighofEnd","p2":"trialteam98","format":"[Gen 9] Ubers","log":"|j|\u2606SighofEnd\n|j|\u2606trialteam98\n|t:|1697879951\n|gametype|singles\n|player|p1|SighofEnd|ghetsis-gen5bw|1084\n|player|p2|trialteam98|lady-gen4|1184\n|teamsize|p1|6\n|teamsize|p2|6\n|gen|9\n|tier|[Gen 9] Ubers\n|rated|\n|rule|Sleep Clause Mod: Limit one foe put to sleep\n|rule|Species Clause: Limit one of each Pok\u00e9mon\n|rule|OHKO Clause: OHKO moves are banned\n|rule|Evasion Items Clause: Evasion items are banned\n|rule|Evasion Moves Clause: Evasion moves are banned\n|rule|Endless Battle Clause: Forcing endless battles is banned\n|rule|HP Percentage Mod: HP is shown in percentages\n|clearpoke\n|poke|p1|Annihilape, F|\n|poke|p1|Mewtwo|\n|poke|p1|Calyrex-Ice|\n|poke|p1|Dragonite, M|\n|poke|p1|Jirachi|\n|poke|p1|Florges-White, F|\n|poke|p2|Koraidon|\n|poke|p2|Miraidon|\n|poke|p2|Walking Wake|\n|poke|p2|Zoroark-Hisui, M|\n|poke|p2|Flutter Mane|\n|poke|p2|Annihilape, M|\n|teampreview\n|\n|t:|1697879961\n|start\n|switch|p1a: Trash|Mewtwo|100\/100\n|switch|p2a: Annihilape|Annihilape, M|100\/100\n|-ability|p1a: Trash|Unnerve\n|turn|1\n|inactive|Battle timer is ON: inactive players will automatically lose when time's up. (requested by trialteam98)\n|\n|t:|1697879969\n|move|p1a: Trash|Metronome|p1a: Trash\n|move|p1a: Trash|Crush Claw|p2a: Annihilape|[from]move: Metronome\n|-immune|p2a: Annihilape\n|move|p2a: Annihilape|Dark Pulse|p1a: Trash\n|-supereffective|p1a: Trash\n|-damage|p1a: Trash|44\/100\n|\n|upkeep\n|turn|2\n|\n|t:|1697879977\n|move|p1a: Trash|Metronome|p1a: Trash\n|move|p1a: Trash|Cut|p2a: Annihilape|[from]move: Metronome\n|-immune|p2a: Annihilape\n|move|p2a: Annihilape|Nasty Plot|p2a: Annihilape\n|-boost|p2a: Annihilape|spa|2\n|\n|upkeep\n|turn|3\n|\n|t:|1697879985\n|move|p1a: Trash|Metronome|p1a: Trash\n|move|p1a: Trash|Withdraw|p1a: Trash|[from]move: Metronome\n|-boost|p1a: Trash|def|1\n|move|p2a: Annihilape|Bitter Malice|p1a: Trash\n|-supereffective|p1a: Trash\n|-damage|p1a: Trash|0 fnt\n|faint|p1a: Trash\n|\n|upkeep\n|\n|t:|1697879991\n|switch|p1a: Sweep|Calyrex-Ice|100\/100\n|-ability|p1a: Sweep|As One\n|-ability|p1a: Sweep|Unnerve\n|turn|4\n|\n|t:|1697879997\n|move|p2a: Annihilape|Nasty Plot|p2a: Annihilape\n|-boost|p2a: Annihilape|spa|2\n|move|p1a: Sweep|Metronome|p1a: Sweep\n|move|p1a: Sweep|Burning Jealousy|p2a: Annihilape|[from]move: Metronome\n|-damage|p2a: Annihilape|74\/100\n|-status|p2a: Annihilape|brn\n|replace|p2a: Zoroark|Zoroark-Hisui, M\n|-end|p2a: Zoroark|Illusion\n|\n|-damage|p2a: Zoroark|68\/100 brn|[from] brn\n|upkeep\n|turn|5\n|\n|t:|1697880005\n|move|p2a: Zoroark|Bitter Malice|p1a: Sweep\n|-supereffective|p1a: Sweep\n|-damage|p1a: Sweep|0 fnt\n|faint|p1a: Sweep\n|\n|-damage|p2a: Zoroark|62\/100 brn|[from] brn\n|upkeep\n|c|\u2606SighofEnd|knew it\n|\n|t:|1697880019\n|switch|p1a: Support|Dragonite, M|100\/100\n|turn|6\n|\n|t:|1697880023\n|move|p2a: Zoroark|Bitter Malice|p1a: Support\n|-damage|p1a: Support|57\/100\n|-unboost|p1a: Support|atk|1\n|move|p1a: Support|Metronome|p1a: Support\n|move|p1a: Support|Spikes|p2a: Zoroark|[from]move: Metronome\n|-sidestart|p2: trialteam98|Spikes\n|\n|-damage|p2a: Zoroark|56\/100 brn|[from] brn\n|upkeep\n|turn|7\n|c|\u2606trialteam98|doesn't matter\n|\n|t:|1697880036\n|move|p2a: Zoroark|Bitter Malice|p1a: Support\n|-damage|p1a: Support|0 fnt\n|faint|p1a: Support\n|\n|-damage|p2a: Zoroark|50\/100 brn|[from] brn\n|upkeep\n|\n|t:|1697880046\n|switch|p1a: Gambitter|Jirachi, shiny|100\/100\n|turn|8\n|\n|t:|1697880049\n|move|p2a: Zoroark|Bitter Malice|p1a: Gambitter\n|-supereffective|p1a: Gambitter\n|-damage|p1a: Gambitter|0 fnt\n|faint|p1a: Gambitter\n|\n|-damage|p2a: Zoroark|44\/100 brn|[from] brn\n|upkeep\n|\n|t:|1697880063\n|switch|p1a: Unwilted Power|Florges-White, F, shiny|100\/100\n|turn|9\n|\n|t:|1697880073\n|move|p2a: Zoroark|Bitter Malice|p1a: Unwilted Power\n|-damage|p1a: Unwilted Power|17\/100\n|-unboost|p1a: Unwilted Power|atk|1\n|move|p1a: Unwilted Power|Metronome|p1a: Unwilted Power\n|move|p1a: Unwilted Power|Zap Cannon|p2a: Zoroark|[from]move: Metronome\n|-damage|p2a: Zoroark|0 fnt\n|faint|p2a: Zoroark\n|\n|upkeep\n|\n|t:|1697880086\n|switch|p2a: Annihilape|Annihilape, M|100\/100\n|-damage|p2a: Annihilape|88\/100|[from] Spikes\n|turn|10\n|\n|t:|1697880091\n|move|p2a: Annihilape|Poison Jab|p1a: Unwilted Power\n|-supereffective|p1a: Unwilted Power\n|-crit|p1a: Unwilted Power\n|-damage|p1a: Unwilted Power|0 fnt\n|faint|p1a: Unwilted Power\n|-damage|p2a: Annihilape|78\/100|[from] item: Life Orb\n|\n|upkeep\n|\n|t:|1697880095\n|switch|p1a: GOD|Annihilape, F|100\/100\n|turn|11\n|c|\u2606SighofEnd|crit mattered\n|\n|t:|1697880105\n|move|p2a: Annihilape|Rage Fist|p1a: GOD\n|-supereffective|p1a: GOD\n|-damage|p1a: GOD|42\/100\n|-damage|p2a: Annihilape|68\/100|[from] item: Life Orb\n|move|p1a: GOD|Metronome|p1a: GOD\n|move|p1a: GOD|Iron Head|p2a: Annihilape|[from]move: Metronome\n|-damage|p2a: Annihilape|38\/100\n|\n|-heal|p1a: GOD|48\/100|[from] item: Leftovers\n|upkeep\n|turn|12\n|c|\u2606trialteam98|nopr\n|\n|t:|1697880115\n|-terastallize|p1a: GOD|Dark\n|move|p2a: Annihilape|Rage Fist|p1a: GOD\n|-resisted|p1a: GOD\n|-damage|p1a: GOD|18\/100\n|-damage|p2a: Annihilape|28\/100|[from] item: Life Orb\n|move|p1a: GOD|Metronome|p1a: GOD\n|move|p1a: GOD|Final Gambit|p2a: Annihilape|[from]move: Metronome\n|-immune|p2a: Annihilape\n|\n|-heal|p1a: GOD|24\/100|[from] item: Leftovers\n|upkeep\n|turn|13\n|c|\u2606SighofEnd|ik\n|c|\u2606SighofEnd|gg\n|\n|t:|1697880128\n|move|p2a: Annihilape|Drain Punch|p1a: GOD\n|-supereffective|p1a: GOD\n|-damage|p1a: GOD|0 fnt\n|-heal|p2a: Annihilape|42\/100|[from] drain|[of] p1a: GOD\n|faint|p1a: GOD\n|-damage|p2a: Annihilape|32\/100|[from] item: Life Orb\n|\n|win|trialteam98\n|raw|SighofEnd's rating: 1084 &rarr; <strong>1068<\/strong><br \/>(-16 for losing)\n|raw|trialteam98's rating: 1184 &rarr; <strong>1202<\/strong><br \/>(+18 for winning)\n|c|\u2606trialteam98|gg\n","uploadtime":1697880136,"views":10,"p1id":"sighofend","p2id":"trialteam98","formatid":"gen9ubers","rating":1068,"private":0,"password":""}