{"id":"gen9ubers-1981027189","p1":"manwhocouldntcook","p2":"Leo Justice","format":"[Gen 9] Ubers","log":"|j|\u2606manwhocouldntcook\n|j|\u2606Leo Justice\n|t:|1698857839\n|gametype|singles\n|player|p1|manwhocouldntcook|chili|\n|player|p2|Leo Justice|carmine|\n|teamsize|p1|6\n|teamsize|p2|6\n|gen|9\n|tier|[Gen 9] Ubers\n|rule|Sleep Clause Mod: Limit one foe put to sleep\n|rule|Species Clause: Limit one of each Pok\u00e9mon\n|rule|OHKO Clause: OHKO moves are banned\n|rule|Evasion Items Clause: Evasion items are banned\n|rule|Evasion Moves Clause: Evasion moves are banned\n|rule|Endless Battle Clause: Forcing endless battles is banned\n|rule|HP Percentage Mod: HP is shown in percentages\n|clearpoke\n|poke|p1|Chi-Yu|\n|poke|p1|Palkia-Origin|\n|poke|p1|Ariados, M|\n|poke|p1|Arceus-Ghost|\n|poke|p1|Shaymin-Sky|\n|poke|p1|Zacian-*|\n|poke|p2|Blissey, F|\n|poke|p2|Moltres|\n|poke|p2|Arceus-Poison|\n|poke|p2|Garganacl, M|\n|poke|p2|Magearna|\n|poke|p2|Cyclizar, M|\n|teampreview\n|c|\u2606manwhocouldntcook|NOOOOOO\n|\n|t:|1698857855\n|start\n|switch|p1a: Ariados|Ariados, M|100\/100\n|switch|p2a: Blissey|Blissey, F|100\/100\n|turn|1\n|\n|t:|1698857863\n|move|p2a: Blissey|Stealth Rock|p1a: Ariados\n|-sidestart|p1: manwhocouldntcook|move: Stealth Rock\n|move|p1a: Ariados|Knock Off|p2a: Blissey\n|-damage|p2a: Blissey|79\/100\n|-enditem|p2a: Blissey|Heavy-Duty Boots|[from] move: Knock Off|[of] p1a: Ariados\n|\n|upkeep\n|turn|2\n|inactive|Battle timer is ON: inactive players will automatically lose when time's up. (requested by manwhocouldntcook)\n|\n|t:|1698857880\n|switch|p2a: Cyclizar|Cyclizar, M|100\/100\n|move|p1a: Ariados|Toxic|p2a: Cyclizar\n|-status|p2a: Cyclizar|tox\n|\n|-damage|p2a: Cyclizar|94\/100 tox|[from] psn\n|upkeep\n|turn|3\n|\n|t:|1698857901\n|move|p2a: Cyclizar|Taunt|p1a: Ariados\n|-start|p1a: Ariados|move: Taunt\n|-enditem|p1a: Ariados|Mental Herb\n|-end|p1a: Ariados|move: Taunt\n|move|p1a: Ariados|Sticky Web|p2a: Cyclizar\n|-sidestart|p2: Leo Justice|move: Sticky Web\n|\n|-damage|p2a: Cyclizar|82\/100 tox|[from] psn\n|upkeep\n|turn|4\n|\n|t:|1698857907\n|move|p2a: Cyclizar|Rapid Spin|p1a: Ariados\n|-damage|p1a: Ariados|78\/100\n|-boost|p2a: Cyclizar|spe|1\n|-sideend|p2: Leo Justice|Sticky Web|[from] move: Rapid Spin|[of] p2a: Cyclizar\n|move|p1a: Ariados|Knock Off|p2a: Cyclizar\n|-damage|p2a: Cyclizar|52\/100 tox\n|-enditem|p2a: Cyclizar|Heavy-Duty Boots|[from] move: Knock Off|[of] p1a: Ariados\n|\n|-damage|p2a: Cyclizar|33\/100 tox|[from] psn\n|upkeep\n|turn|5\n|\n|t:|1698857918\n|switch|p2a: Moltres|Moltres|100\/100\n|move|p1a: Ariados|Knock Off|p2a: Moltres\n|-damage|p2a: Moltres|87\/100\n|-enditem|p2a: Moltres|Heavy-Duty Boots|[from] move: Knock Off|[of] p1a: Ariados\n|\n|upkeep\n|turn|6\n|\n|t:|1698857922\n|move|p2a: Moltres|Hurricane|p1a: Ariados\n|-supereffective|p1a: Ariados\n|-damage|p1a: Ariados|0 fnt\n|faint|p1a: Ariados\n|\n|upkeep\n|\n|t:|1698857926\n|switch|p1a: Palkia|Palkia-Origin|100\/100\n|-damage|p1a: Palkia|88\/100|[from] Stealth Rock\n|-ability|p1a: Palkia|Pressure\n|turn|7\n|\n|t:|1698857940\n|switch|p1a: Arceus|Arceus-Ghost|100\/100\n|-damage|p1a: Arceus|88\/100|[from] Stealth Rock\n|switch|p2a: Blissey|Blissey, F|79\/100\n|\n|upkeep\n|turn|8\n|\n|t:|1698857943\n|switch|p2a: Garganacl|Garganacl, M|100\/100\n|move|p1a: Arceus|Dragon Dance|p1a: Arceus\n|-boost|p1a: Arceus|atk|1\n|-boost|p1a: Arceus|spe|1\n|\n|upkeep\n|turn|9\n|\n|t:|1698857950\n|-terastallize|p1a: Arceus|Fighting\n|move|p1a: Arceus|Tera Blast|p2a: Garganacl|[anim] Tera Blast Fighting\n|-supereffective|p2a: Garganacl\n|-damage|p2a: Garganacl|40\/100\n|move|p2a: Garganacl|Iron Defense|p2a: Garganacl\n|-boost|p2a: Garganacl|def|2\n|\n|-heal|p2a: Garganacl|46\/100|[from] item: Leftovers\n|upkeep\n|turn|10\n|\n|t:|1698857957\n|switch|p1a: Shaymin|Shaymin-Sky|100\/100\n|-damage|p1a: Shaymin|76\/100|[from] Stealth Rock\n|move|p2a: Garganacl|Recover|p2a: Garganacl\n|-heal|p2a: Garganacl|96\/100\n|\n|-heal|p2a: Garganacl|100\/100|[from] item: Leftovers\n|upkeep\n|turn|11\n|\n|t:|1698857961\n|switch|p2a: Magearna|Magearna|100\/100\n|move|p1a: Shaymin|Seed Flare|p2a: Magearna\n|-resisted|p2a: Magearna\n|-damage|p2a: Magearna|83\/100\n|-unboost|p2a: Magearna|spd|2\n|\n|-heal|p2a: Magearna|89\/100|[from] item: Leftovers\n|upkeep\n|turn|12\n|\n|t:|1698857969\n|switch|p2a: Moltres|Moltres|87\/100\n|move|p1a: Shaymin|Earth Power|p2a: Moltres\n|-immune|p2a: Moltres\n|\n|upkeep\n|turn|13\n|\n|t:|1698857973\n|switch|p2a: Magearna|Magearna|89\/100\n|move|p1a: Shaymin|Air Slash|p2a: Magearna\n|-resisted|p2a: Magearna\n|-crit|p2a: Magearna\n|-damage|p2a: Magearna|71\/100\n|\n|-heal|p2a: Magearna|77\/100|[from] item: Leftovers\n|upkeep\n|turn|14\n|\n|t:|1698857982\n|move|p1a: Shaymin|Seed Flare|p2a: Magearna\n|-resisted|p2a: Magearna\n|-crit|p2a: Magearna\n|-damage|p2a: Magearna|48\/100\n|-unboost|p2a: Magearna|spd|2\n|move|p2a: Magearna|Ice Beam|p1a: Shaymin\n|-supereffective|p1a: Shaymin\n|-damage|p1a: Shaymin|0 fnt\n|faint|p1a: Shaymin\n|-ability|p2a: Magearna|Soul-Heart|boost\n|-boost|p2a: Magearna|spa|1\n|\n|-heal|p2a: Magearna|54\/100|[from] item: Leftovers\n|upkeep\n|\n|t:|1698858006\n|switch|p1a: Chi-Yu|Chi-Yu|100\/100\n|-damage|p1a: Chi-Yu|76\/100|[from] Stealth Rock\n|-ability|p1a: Chi-Yu|Beads of Ruin\n|turn|15\n|\n|t:|1698858014\n|switch|p2a: Blissey|Blissey, F|79\/100\n|move|p1a: Chi-Yu|Flamethrower|p2a: Blissey\n|-damage|p2a: Blissey|41\/100\n|-status|p2a: Blissey|brn\n|\n|-damage|p2a: Blissey|35\/100 brn|[from] brn\n|upkeep\n|turn|16\n|\n|t:|1698858021\n|-terastallize|p2a: Blissey|Water\n|move|p1a: Chi-Yu|Flamethrower|p2a: Blissey\n|-resisted|p2a: Blissey\n|-damage|p2a: Blissey|17\/100 brn\n|move|p2a: Blissey|Soft-Boiled|p2a: Blissey\n|-heal|p2a: Blissey|67\/100 brn\n|\n|-damage|p2a: Blissey|60\/100 brn|[from] brn\n|upkeep\n|turn|17\n|\n|t:|1698858034\n|switch|p1a: Zacian|Zacian|100\/100\n|-damage|p1a: Zacian|88\/100|[from] Stealth Rock\n|-ability|p1a: Zacian|Intrepid Sword|boost\n|-boost|p1a: Zacian|atk|1\n|move|p2a: Blissey|Soft-Boiled|p2a: Blissey\n|-heal|p2a: Blissey|100\/100 brn\n|\n|-damage|p2a: Blissey|94\/100 brn|[from] brn\n|upkeep\n|turn|18\n|\n|t:|1698858048\n|-curestatus|p2a: Blissey|brn|[from] ability: Natural Cure\n|switch|p2a: Moltres|Moltres|87\/100\n|move|p1a: Zacian|Close Combat|p2a: Moltres\n|-resisted|p2a: Moltres\n|-damage|p2a: Moltres|57\/100\n|-unboost|p1a: Zacian|def|1\n|-unboost|p1a: Zacian|spd|1\n|-status|p1a: Zacian|brn|[from] ability: Flame Body|[of] p2a: Moltres\n|\n|-damage|p1a: Zacian|82\/100 brn|[from] brn\n|upkeep\n|turn|19\n|-message|manwhocouldntcook forfeited.\n|\n|win|Leo Justice\n|l|\u2606manwhocouldntcook\n|j| 1P1o1s1h1e1\n|l| 1P1o1s1h1e1\n","uploadtime":1698858087,"views":21,"p1id":"manwhocouldntcook","p2id":"leojustice","formatid":"gen9ubers","rating":0,"private":0,"password":""}