{"id":"gen9ubers-1997870921","p1":"Buzzwardo","p2":"ayafungamer","format":"[Gen 9] Ubers","log":"|j|\u2606Buzzwardo\n|j|\u2606ayafungamer\n|t:|1700861951\n|gametype|singles\n|player|p1|Buzzwardo|chuck|\n|player|p2|ayafungamer|266|\n|teamsize|p1|6\n|teamsize|p2|6\n|gen|9\n|tier|[Gen 9] Ubers\n|rule|Sleep Clause Mod: Limit one foe put to sleep\n|rule|Species Clause: Limit one of each Pok\u00e9mon\n|rule|OHKO Clause: OHKO moves are banned\n|rule|Evasion Items Clause: Evasion items are banned\n|rule|Evasion Moves Clause: Evasion moves are banned\n|rule|Endless Battle Clause: Forcing endless battles is banned\n|rule|HP Percentage Mod: HP is shown in percentages\n|clearpoke\n|poke|p1|Conkeldurr, F|\n|poke|p1|Iron Thorns|\n|poke|p1|Spidops, F|\n|poke|p1|Chansey, F|\n|poke|p1|Moltres|\n|poke|p1|Shiftry, M|\n|poke|p2|Urshifu-*, M|\n|poke|p2|Roaring Moon|\n|poke|p2|Ninetales, M|\n|poke|p2|Leafeon, F|\n|poke|p2|Sandy Shocks|\n|poke|p2|Mimikyu, F|\n|teampreview\n|j| Hash_13\n|j| sgrg32\n|c| Hash_13|buzz finna win\n|\n|t:|1700862029\n|start\n|switch|p1a: Cvm Slinger|Spidops, F|100\/100\n|switch|p2a: Urshifu|Urshifu-Rapid-Strike, M|100\/100\n|turn|1\n|\n|t:|1700862043\n|move|p2a: Urshifu|Surging Strikes|p1a: Cvm Slinger\n|-crit|p1a: Cvm Slinger\n|-damage|p1a: Cvm Slinger|68\/100\n|-crit|p1a: Cvm Slinger\n|-damage|p1a: Cvm Slinger|34\/100\n|-crit|p1a: Cvm Slinger\n|-damage|p1a: Cvm Slinger|4\/100\n|-hitcount|p1a: Cvm Slinger|3\n|-damage|p2a: Urshifu|91\/100|[from] item: Life Orb\n|move|p1a: Cvm Slinger|Sticky Web|p2a: Urshifu\n|-sidestart|p2: ayafungamer|move: Sticky Web\n|\n|upkeep\n|turn|2\n|\n|t:|1700862053\n|move|p2a: Urshifu|Trailblaze|p1a: Cvm Slinger\n|-resisted|p1a: Cvm Slinger\n|-damage|p1a: Cvm Slinger|0 fnt\n|-boost|p2a: Urshifu|spe|1\n|faint|p1a: Cvm Slinger\n|-damage|p2a: Urshifu|81\/100|[from] item: Life Orb\n|\n|upkeep\n|j| Kai dragneel\n|\n|t:|1700862195\n|switch|p1a: Zeus|Iron Thorns, shiny|100\/100\n|-enditem|p1a: Zeus|Booster Energy\n|-activate|p1a: Zeus|ability: Quark Drive|[fromitem]\n|-start|p1a: Zeus|quarkdriveatk\n|turn|3\n|\n|t:|1700862241\n|-terastallize|p1a: Zeus|Flying\n|move|p2a: Urshifu|Surging Strikes|p1a: Zeus\n|-crit|p1a: Zeus\n|-damage|p1a: Zeus|72\/100\n|-crit|p1a: Zeus\n|-damage|p1a: Zeus|44\/100\n|-crit|p1a: Zeus\n|-damage|p1a: Zeus|16\/100\n|-hitcount|p1a: Zeus|3\n|-damage|p2a: Urshifu|71\/100|[from] item: Life Orb\n|move|p1a: Zeus|Tera Blast|p2a: Urshifu|[anim] Tera Blast Flying\n|-supereffective|p2a: Urshifu\n|-damage|p2a: Urshifu|0 fnt\n|faint|p2a: Urshifu\n|\n|upkeep\n|l| Kai dragneel\n|\n|t:|1700862286\n|switch|p2a: Mimikyu|Mimikyu, F|100\/100\n|-activate|p2a: Mimikyu|move: Sticky Web\n|-unboost|p2a: Mimikyu|spe|1\n|turn|4\n|\n|t:|1700862321\n|-end|p1a: Zeus|Quark Drive|[silent]\n|switch|p1a: Prometheus|Moltres, shiny|100\/100\n|move|p2a: Mimikyu|Shadow Sneak|p1a: Prometheus\n|-damage|p1a: Prometheus|83\/100\n|-damage|p2a: Mimikyu|91\/100|[from] item: Life Orb\n|\n|upkeep\n|turn|5\n|\n|t:|1700862329\n|move|p1a: Prometheus|Will-O-Wisp|p2a: Mimikyu\n|-status|p2a: Mimikyu|brn\n|move|p2a: Mimikyu|Thunder Wave|p1a: Prometheus\n|-status|p1a: Prometheus|par\n|\n|-damage|p2a: Mimikyu|85\/100 brn|[from] brn\n|upkeep\n|turn|6\n|\n|t:|1700862453\n|switch|p2a: Ninetales|Ninetales, M|100\/100\n|-activate|p2a: Ninetales|move: Sticky Web\n|-unboost|p2a: Ninetales|spe|1\n|-weather|SunnyDay|[from] ability: Drought|[of] p2a: Ninetales\n|move|p1a: Prometheus|U-turn|p2a: Ninetales\n|-resisted|p2a: Ninetales\n|-damage|p2a: Ninetales|90\/100\n|\n|t:|1700862498\n|switch|p1a: Zeus|Iron Thorns, shiny, tera:Flying|16\/100|[from] U-turn\n|\n|-weather|SunnyDay|[upkeep]\n|upkeep\n|turn|7\n|\n|t:|1700862572\n|switch|p2a: Sandy Shocks|Sandy Shocks|100\/100\n|-activate|p2a: Sandy Shocks|move: Sticky Web\n|-unboost|p2a: Sandy Shocks|spe|1\n|-activate|p2a: Sandy Shocks|ability: Protosynthesis\n|-start|p2a: Sandy Shocks|protosynthesisspa\n|move|p1a: Zeus|Earthquake|p2a: Sandy Shocks\n|-supereffective|p2a: Sandy Shocks\n|-damage|p2a: Sandy Shocks|16\/100\n|\n|-weather|SunnyDay|[upkeep]\n|upkeep\n|turn|8\n|\n|t:|1700862590\n|move|p1a: Zeus|Earthquake|p2a: Sandy Shocks\n|-supereffective|p2a: Sandy Shocks\n|-damage|p2a: Sandy Shocks|0 fnt\n|faint|p2a: Sandy Shocks\n|-end|p2a: Sandy Shocks|Protosynthesis|[silent]\n|\n|-weather|SunnyDay|[upkeep]\n|upkeep\n|\n|t:|1700862701\n|switch|p2a: Leafeon|Leafeon, F|100\/100\n|-activate|p2a: Leafeon|move: Sticky Web\n|-unboost|p2a: Leafeon|spe|1\n|turn|9\n|\n|t:|1700862800\n|move|p2a: Leafeon|Knock Off|p1a: Zeus\n|-damage|p1a: Zeus|0 fnt\n|faint|p1a: Zeus\n|-end|p1a: Zeus|Quark Drive|[silent]\n|-damage|p2a: Leafeon|91\/100|[from] item: Life Orb\n|\n|-weather|SunnyDay|[upkeep]\n|upkeep\n|\n|t:|1700862806\n|switch|p1a: Nose Pegger|Shiftry, M, shiny|100\/100\n|turn|10\n|j| Ch3sc0\n|\n|t:|1700862951\n|switch|p1a: Prometheus|Moltres, shiny|83\/100 par\n|-terastallize|p2a: Leafeon|Fire\n|move|p2a: Leafeon|X-Scissor|p1a: Prometheus\n|-resisted|p1a: Prometheus\n|-damage|p1a: Prometheus|78\/100 par\n|-damage|p2a: Leafeon|81\/100|[from] item: Life Orb\n|\n|-weather|SunnyDay|[upkeep]\n|upkeep\n|turn|11\n|\n|t:|1700862987\n|move|p2a: Leafeon|Knock Off|p1a: Prometheus\n|-damage|p1a: Prometheus|46\/100 par\n|-enditem|p1a: Prometheus|Heavy-Duty Boots|[from] move: Knock Off|[of] p2a: Leafeon\n|-damage|p2a: Leafeon|71\/100|[from] item: Life Orb\n|move|p1a: Prometheus|U-turn|p2a: Leafeon\n|-resisted|p2a: Leafeon\n|-damage|p2a: Leafeon|63\/100\n|\n|t:|1700862993\n|switch|p1a: Nose Pegger's Wife|Conkeldurr, F, shiny|100\/100|[from] U-turn\n|\n|-weather|SunnyDay|[upkeep]\n|upkeep\n|turn|12\n|\n|t:|1700863024\n|move|p2a: Leafeon|Solar Blade||[still]\n|-prepare|p2a: Leafeon|Solar Blade\n|-anim|p2a: Leafeon|Solar Blade|p1a: Nose Pegger's Wife\n|-damage|p1a: Nose Pegger's Wife|24\/100\n|-damage|p2a: Leafeon|53\/100|[from] item: Life Orb\n|move|p1a: Nose Pegger's Wife|Drain Punch|p2a: Leafeon\n|-damage|p2a: Leafeon|0 fnt\n|-heal|p1a: Nose Pegger's Wife|41\/100|[from] drain|[of] p2a: Leafeon\n|faint|p2a: Leafeon\n|\n|-weather|SunnyDay|[upkeep]\n|upkeep\n|\n|t:|1700863048\n|switch|p2a: Mimikyu|Mimikyu, F|85\/100 brn\n|-activate|p2a: Mimikyu|move: Sticky Web\n|-unboost|p2a: Mimikyu|spe|1\n|turn|13\n|\n|t:|1700863055\n|switch|p1a: Prometheus|Moltres, shiny|46\/100 par\n|move|p2a: Mimikyu|Play Rough|p1a: Prometheus\n|-resisted|p1a: Prometheus\n|-damage|p1a: Prometheus|37\/100 par\n|-damage|p2a: Mimikyu|75\/100 brn|[from] item: Life Orb\n|\n|-weather|none\n|-damage|p2a: Mimikyu|69\/100 brn|[from] brn\n|upkeep\n|turn|14\n|\n|t:|1700863177\n|move|p2a: Mimikyu|Shadow Sneak|p1a: Prometheus\n|-damage|p1a: Prometheus|29\/100 par\n|-damage|p2a: Mimikyu|59\/100 brn|[from] item: Life Orb\n|move|p1a: Prometheus|U-turn|p2a: Mimikyu\n|-activate|p2a: Mimikyu|ability: Disguise\n|-damage|p2a: Mimikyu|59\/100 brn\n|detailschange|p2a: Mimikyu|Mimikyu-Busted, F\n|-damage|p2a: Mimikyu|46\/100 brn|[from] pokemon: Mimikyu-Busted\n|\n|t:|1700863184\n|switch|p1a: Nose Pegger|Shiftry, M, shiny|100\/100|[from] U-turn\n|\n|-damage|p2a: Mimikyu|40\/100 brn|[from] brn\n|upkeep\n|turn|15\n|\n|t:|1700863209\n|move|p1a: Nose Pegger|Knock Off|p2a: Mimikyu\n|-damage|p2a: Mimikyu|0 fnt\n|-enditem|p2a: Mimikyu|Life Orb|[from] move: Knock Off|[of] p1a: Nose Pegger\n|faint|p2a: Mimikyu\n|-damage|p1a: Nose Pegger|91\/100|[from] item: Life Orb\n|\n|upkeep\n|\n|t:|1700863228\n|switch|p2a: Ninetales|Ninetales, M|90\/100\n|-activate|p2a: Ninetales|move: Sticky Web\n|-unboost|p2a: Ninetales|spe|1\n|-weather|SunnyDay|[from] ability: Drought|[of] p2a: Ninetales\n|turn|16\n|\n|t:|1700863239\n|switch|p1a: GorlockElDestroyer|Chansey, F|100\/100\n|move|p2a: Ninetales|Weather Ball|p1a: GorlockElDestroyer\n|-damage|p1a: GorlockElDestroyer|80\/100\n|\n|-weather|SunnyDay|[upkeep]\n|upkeep\n|turn|17\n|\n|t:|1700863268\n|switch|p2a: Roaring Moon|Roaring Moon|100\/100\n|-activate|p2a: Roaring Moon|move: Sticky Web\n|-unboost|p2a: Roaring Moon|spe|1\n|-activate|p2a: Roaring Moon|ability: Protosynthesis\n|-start|p2a: Roaring Moon|protosynthesisatk\n|move|p1a: GorlockElDestroyer|Seismic Toss|p2a: Roaring Moon\n|-damage|p2a: Roaring Moon|73\/100\n|\n|-weather|SunnyDay|[upkeep]\n|upkeep\n|turn|18\n|\n|t:|1700863296\n|move|p2a: Roaring Moon|Knock Off|p1a: GorlockElDestroyer\n|-damage|p1a: GorlockElDestroyer|36\/100\n|-enditem|p1a: GorlockElDestroyer|Eviolite|[from] move: Knock Off|[of] p2a: Roaring Moon\n|move|p1a: GorlockElDestroyer|Stealth Rock|p2a: Roaring Moon\n|-sidestart|p2: ayafungamer|move: Stealth Rock\n|\n|-weather|SunnyDay|[upkeep]\n|upkeep\n|turn|19\n|\n|t:|1700863310\n|move|p2a: Roaring Moon|Rock Slide|p1a: GorlockElDestroyer\n|-damage|p1a: GorlockElDestroyer|0 fnt\n|faint|p1a: GorlockElDestroyer\n|\n|-weather|SunnyDay|[upkeep]\n|upkeep\n|\n|t:|1700863314\n|switch|p1a: Nose Pegger's Wife|Conkeldurr, F, shiny|41\/100\n|turn|20\n|\n|t:|1700863359\n|move|p1a: Nose Pegger's Wife|Mach Punch|p2a: Roaring Moon\n|-supereffective|p2a: Roaring Moon\n|-damage|p2a: Roaring Moon|0 fnt\n|faint|p2a: Roaring Moon\n|-end|p2a: Roaring Moon|Protosynthesis|[silent]\n|\n|-weather|SunnyDay|[upkeep]\n|upkeep\n|\n|t:|1700863361\n|switch|p2a: Ninetales|Ninetales, M|90\/100\n|-activate|p2a: Ninetales|move: Sticky Web\n|-unboost|p2a: Ninetales|spe|1\n|-damage|p2a: Ninetales|65\/100|[from] Stealth Rock\n|turn|21\n|\n|t:|1700863378\n|move|p1a: Nose Pegger's Wife|Mach Punch|p2a: Ninetales\n|-damage|p2a: Ninetales|4\/100\n|move|p2a: Ninetales|Weather Ball|p1a: Nose Pegger's Wife\n|-damage|p1a: Nose Pegger's Wife|0 fnt\n|faint|p1a: Nose Pegger's Wife\n|\n|-weather|SunnyDay|[upkeep]\n|upkeep\n|\n|t:|1700863381\n|switch|p1a: Nose Pegger|Shiftry, M, shiny|91\/100\n|turn|22\n|\n|t:|1700863388\n|move|p1a: Nose Pegger|Knock Off|p2a: Ninetales\n|-damage|p2a: Ninetales|0 fnt\n|-enditem|p2a: Ninetales|Heat Rock|[from] move: Knock Off|[of] p1a: Nose Pegger\n|faint|p2a: Ninetales\n|-damage|p1a: Nose Pegger|81\/100|[from] item: Life Orb\n|\n|win|Buzzwardo\n","uploadtime":1700863394,"views":17,"p1id":"buzzwardo","p2id":"ayafungamer","formatid":"gen9ubers","rating":0,"private":0,"password":""}