{"id":"gen9ubers-1987881509","p1":"Bogaes","p2":"Durandral","format":"[Gen 9] Ubers","log":"|j|\u2606Bogaes\n|j|\u2606Durandral\n|t:|1699645488\n|gametype|singles\n|player|p1|Bogaes|266|\n|player|p2|Durandral|riley|\n|teamsize|p1|6\n|teamsize|p2|6\n|gen|9\n|tier|[Gen 9] Ubers\n|rule|Sleep Clause Mod: Limit one foe put to sleep\n|rule|Species Clause: Limit one of each Pok\u00e9mon\n|rule|OHKO Clause: OHKO moves are banned\n|rule|Evasion Items Clause: Evasion items are banned\n|rule|Evasion Moves Clause: Evasion moves are banned\n|rule|Endless Battle Clause: Forcing endless battles is banned\n|rule|HP Percentage Mod: HP is shown in percentages\n|clearpoke\n|poke|p1|Kleavor, F|\n|poke|p1|Ninetales-Alola, F|\n|poke|p1|Toxapex, F|\n|poke|p1|Jolteon, M|\n|poke|p1|Sableye, M|\n|poke|p1|Sneasler, F|\n|poke|p2|Dragonite, F|\n|poke|p2|Regieleki|\n|poke|p2|Regidrago|\n|poke|p2|Ninetales, M|\n|poke|p2|Gallade, M|\n|poke|p2|Moltres|\n|teampreview\n|j| bareraptor\n|\n|t:|1699645550\n|start\n|switch|p1a: Kleavor|Kleavor, F|100\/100\n|switch|p2a: Ninetales|Ninetales, M|100\/100\n|-weather|SunnyDay|[from] ability: Drought|[of] p2a: Ninetales\n|turn|1\n|c|\u2606Durandral|glhf\n|c|\u2606Bogaes|glhf\n|j| kayjulers\n|j| Bondayru\n|l| bareraptor\n|j| bareraptor\n|\n|t:|1699645800\n|switch|p2a: Gallade|Gallade, M|100\/100\n|move|p1a: Kleavor|Stone Axe|p2a: Gallade\n|-resisted|p2a: Gallade\n|-damage|p2a: Gallade|58\/100\n|-sidestart|p2: Durandral|move: Stealth Rock\n|\n|-weather|SunnyDay|[upkeep]\n|upkeep\n|turn|2\n|\n|t:|1699645826\n|move|p2a: Gallade|Sacred Sword|p1a: Kleavor\n|-damage|p1a: Kleavor|12\/100\n|move|p1a: Kleavor|U-turn|p2a: Gallade\n|-damage|p2a: Gallade|0 fnt\n|faint|p2a: Gallade\n|c|\u2606Durandral|man i really lowballed that attack\n|c|\u2606Durandral|sadge\n|\n|t:|1699645877\n|switch|p1a: Ninetales|Ninetales-Alola, F|100\/100|[from] U-turn\n|-weather|Snow|[from] ability: Snow Warning|[of] p1a: Ninetales\n|\n|-weather|Snow|[upkeep]\n|upkeep\n|\n|t:|1699645941\n|switch|p2a: Regieleki|Regieleki|100\/100\n|-damage|p2a: Regieleki|88\/100|[from] Stealth Rock\n|turn|3\n|\n|t:|1699645972\n|move|p2a: Regieleki|Light Screen|p2a: Regieleki\n|-sidestart|p2: Durandral|move: Light Screen\n|move|p1a: Ninetales|Blizzard|p2a: Regieleki\n|-damage|p2a: Regieleki|34\/100\n|\n|-weather|Snow|[upkeep]\n|upkeep\n|turn|4\n|\n|t:|1699645990\n|move|p2a: Regieleki|Rapid Spin|p1a: Ninetales\n|-damage|p1a: Ninetales|91\/100\n|-boost|p2a: Regieleki|spe|1\n|-sideend|p2: Durandral|Stealth Rock|[from] move: Rapid Spin|[of] p2a: Regieleki\n|move|p1a: Ninetales|Blizzard|p2a: Regieleki\n|-crit|p2a: Regieleki\n|-damage|p2a: Regieleki|0 fnt\n|faint|p2a: Regieleki\n|\n|-weather|Snow|[upkeep]\n|upkeep\n|\n|t:|1699646013\n|switch|p2a: Ninetales|Ninetales, M|100\/100\n|-weather|SunnyDay|[from] ability: Drought|[of] p2a: Ninetales\n|turn|5\n|\n|t:|1699646118\n|switch|p1a: Toxapex|Toxapex, F|100\/100\n|switch|p2a: Regidrago|Regidrago|100\/100\n|\n|-weather|SunnyDay|[upkeep]\n|upkeep\n|turn|6\n|\n|t:|1699646170\n|move|p2a: Regidrago|Earth Power|p1a: Toxapex\n|-supereffective|p1a: Toxapex\n|-damage|p1a: Toxapex|29\/100\n|move|p1a: Toxapex|Toxic|p2a: Regidrago\n|-status|p2a: Regidrago|tox\n|\n|-weather|SunnyDay|[upkeep]\n|-damage|p2a: Regidrago|94\/100 tox|[from] psn\n|upkeep\n|turn|7\n|\n|t:|1699646198\n|switch|p1a: Kleavor|Kleavor, F|12\/100\n|move|p2a: Regidrago|Earth Power|p1a: Kleavor\n|-damage|p1a: Kleavor|0 fnt\n|faint|p1a: Kleavor\n|\n|-weather|SunnyDay|[upkeep]\n|-damage|p2a: Regidrago|82\/100 tox|[from] psn\n|upkeep\n|\n|t:|1699646233\n|switch|p1a: Ninetales|Ninetales-Alola, F|91\/100\n|-weather|Snow|[from] ability: Snow Warning|[of] p1a: Ninetales\n|turn|8\n|\n|t:|1699646316\n|switch|p2a: Moltres|Moltres|100\/100\n|move|p1a: Ninetales|Blizzard|p2a: Moltres\n|-damage|p2a: Moltres|67\/100\n|\n|-weather|Snow|[upkeep]\n|upkeep\n|turn|9\n|\n|t:|1699646360\n|switch|p1a: Toxapex|Toxapex, F|63\/100\n|move|p2a: Moltres|Flamethrower|p1a: Toxapex\n|-resisted|p1a: Toxapex\n|-damage|p1a: Toxapex|48\/100\n|\n|-weather|Snow|[upkeep]\n|upkeep\n|turn|10\n|\n|t:|1699646370\n|switch|p2a: Regidrago|Regidrago|82\/100 tox\n|move|p1a: Toxapex|Recover|p1a: Toxapex\n|-heal|p1a: Toxapex|98\/100\n|\n|-weather|Snow|[upkeep]\n|-damage|p2a: Regidrago|76\/100 tox|[from] psn\n|-sideend|p2: Durandral|move: Light Screen\n|upkeep\n|turn|11\n|\n|t:|1699646380\n|switch|p1a: Ninetales|Ninetales-Alola, F|91\/100\n|move|p2a: Regidrago|Earth Power|p1a: Ninetales\n|-damage|p1a: Ninetales|43\/100\n|\n|-weather|Snow|[upkeep]\n|-damage|p2a: Regidrago|64\/100 tox|[from] psn\n|upkeep\n|turn|12\n|\n|t:|1699646399\n|switch|p2a: Ninetales|Ninetales, M|100\/100\n|-weather|SunnyDay|[from] ability: Drought|[of] p2a: Ninetales\n|move|p1a: Ninetales|Moonblast|p2a: Ninetales\n|-resisted|p2a: Ninetales\n|-damage|p2a: Ninetales|70\/100\n|\n|-weather|SunnyDay|[upkeep]\n|upkeep\n|turn|13\n|\n|t:|1699646491\n|switch|p1a: Jolteon|Jolteon, M|100\/100\n|switch|p2a: Dragonite|Dragonite, F|100\/100\n|\n|-weather|SunnyDay|[upkeep]\n|upkeep\n|turn|14\n|\n|t:|1699646509\n|move|p1a: Jolteon|Volt Switch|p2a: Dragonite\n|-damage|p2a: Dragonite|73\/100\n|\n|t:|1699646512\n|switch|p1a: Sableye|Sableye, M|100\/100|[from] Volt Switch\n|move|p2a: Dragonite|Earthquake|p1a: Sableye\n|-damage|p1a: Sableye|45\/100\n|\n|-weather|SunnyDay|[upkeep]\n|-heal|p1a: Sableye|51\/100|[from] item: Leftovers\n|upkeep\n|turn|15\n|\n|t:|1699646541\n|move|p1a: Sableye|Will-O-Wisp|p2a: Dragonite\n|-status|p2a: Dragonite|brn\n|move|p2a: Dragonite|Earthquake|p1a: Sableye\n|-crit|p1a: Sableye\n|-damage|p1a: Sableye|9\/100\n|\n|-weather|SunnyDay|[upkeep]\n|-heal|p1a: Sableye|16\/100|[from] item: Leftovers\n|-damage|p2a: Dragonite|67\/100 brn|[from] brn\n|upkeep\n|turn|16\n|\n|t:|1699646551\n|move|p1a: Sableye|Recover|p1a: Sableye\n|-heal|p1a: Sableye|66\/100\n|move|p2a: Dragonite|Earthquake|p1a: Sableye\n|-damage|p1a: Sableye|39\/100\n|\n|-weather|SunnyDay|[upkeep]\n|-heal|p1a: Sableye|46\/100|[from] item: Leftovers\n|-damage|p2a: Dragonite|61\/100 brn|[from] brn\n|upkeep\n|turn|17\n|\n|t:|1699646572\n|switch|p2a: Regidrago|Regidrago|64\/100 tox\n|move|p1a: Sableye|Knock Off|p2a: Regidrago\n|-damage|p2a: Regidrago|33\/100 tox\n|-enditem|p2a: Regidrago|Choice Specs|[from] move: Knock Off|[of] p1a: Sableye\n|\n|-weather|SunnyDay|[upkeep]\n|-heal|p1a: Sableye|52\/100|[from] item: Leftovers\n|-damage|p2a: Regidrago|27\/100 tox|[from] psn\n|upkeep\n|turn|18\n|\n|t:|1699646581\n|switch|p1a: Toxapex|Toxapex, F|100\/100\n|move|p2a: Regidrago|Earth Power|p1a: Toxapex\n|-supereffective|p1a: Toxapex\n|-crit|p1a: Toxapex\n|-damage|p1a: Toxapex|33\/100\n|\n|-weather|SunnyDay|[upkeep]\n|-damage|p2a: Regidrago|15\/100 tox|[from] psn\n|upkeep\n|turn|19\n|\n|t:|1699646596\n|switch|p1a: Ninetales|Ninetales-Alola, F|43\/100\n|-weather|Snow|[from] ability: Snow Warning|[of] p1a: Ninetales\n|move|p2a: Regidrago|Earth Power|p1a: Ninetales\n|-damage|p1a: Ninetales|7\/100\n|\n|-weather|Snow|[upkeep]\n|-damage|p2a: Regidrago|0 fnt|[from] psn\n|faint|p2a: Regidrago\n|upkeep\n|\n|t:|1699646622\n|switch|p2a: Ninetales|Ninetales, M|70\/100\n|-weather|SunnyDay|[from] ability: Drought|[of] p2a: Ninetales\n|turn|20\n|\n|t:|1699646630\n|switch|p1a: Toxapex|Toxapex, F|67\/100\n|move|p2a: Ninetales|Overheat|p1a: Toxapex\n|-resisted|p1a: Toxapex\n|-damage|p1a: Toxapex|31\/100\n|-unboost|p2a: Ninetales|spa|2\n|\n|-weather|SunnyDay|[upkeep]\n|upkeep\n|turn|21\n|l| bareraptor\n|\n|t:|1699646639\n|move|p2a: Ninetales|Will-O-Wisp|p1a: Toxapex\n|-status|p1a: Toxapex|brn\n|move|p1a: Toxapex|Recover|p1a: Toxapex\n|-heal|p1a: Toxapex|81\/100 brn\n|\n|-weather|SunnyDay|[upkeep]\n|-damage|p1a: Toxapex|75\/100 brn|[from] brn\n|upkeep\n|turn|22\n|\n|t:|1699646658\n|switch|p2a: Dragonite|Dragonite, F|61\/100 brn\n|switch|p1a: Jolteon|Jolteon, M|100\/100\n|\n|-weather|SunnyDay|[upkeep]\n|-damage|p2a: Dragonite|55\/100 brn|[from] brn\n|upkeep\n|turn|23\n|\n|t:|1699646739\n|move|p1a: Jolteon|Volt Switch|p2a: Dragonite\n|-damage|p2a: Dragonite|6\/100 brn\n|\n|t:|1699646744\n|switch|p1a: Sableye|Sableye, M|52\/100|[from] Volt Switch\n|move|p2a: Dragonite|Earthquake|p1a: Sableye\n|-damage|p1a: Sableye|23\/100\n|\n|-weather|SunnyDay|[upkeep]\n|-heal|p1a: Sableye|29\/100|[from] item: Leftovers\n|-damage|p2a: Dragonite|0 fnt|[from] brn\n|faint|p2a: Dragonite\n|upkeep\n|\n|t:|1699646777\n|switch|p2a: Ninetales|Ninetales, M|70\/100\n|turn|24\n|\n|t:|1699646782\n|switch|p1a: Toxapex|Toxapex, F|100\/100 brn\n|move|p2a: Ninetales|Solar Beam||[still]\n|-prepare|p2a: Ninetales|Solar Beam\n|-anim|p2a: Ninetales|Solar Beam|p1a: Toxapex\n|-damage|p1a: Toxapex|70\/100 brn\n|\n|-weather|SunnyDay|[upkeep]\n|-damage|p1a: Toxapex|64\/100 brn|[from] brn\n|upkeep\n|turn|25\n|\n|t:|1699646792\n|move|p2a: Ninetales|Solar Beam||[still]\n|-prepare|p2a: Ninetales|Solar Beam\n|-anim|p2a: Ninetales|Solar Beam|p1a: Toxapex\n|-damage|p1a: Toxapex|37\/100 brn\n|move|p1a: Toxapex|Toxic|p2a: Ninetales\n|-status|p2a: Ninetales|tox\n|\n|-weather|SunnyDay|[upkeep]\n|-damage|p2a: Ninetales|64\/100 tox|[from] psn\n|-damage|p1a: Toxapex|31\/100 brn|[from] brn\n|upkeep\n|turn|26\n|\n|t:|1699646808\n|switch|p1a: Ninetales|Ninetales-Alola, F|7\/100\n|-weather|Snow|[from] ability: Snow Warning|[of] p1a: Ninetales\n|move|p2a: Ninetales|Solar Beam||[still]\n|-prepare|p2a: Ninetales|Solar Beam\n|\n|-weather|Snow|[upkeep]\n|-damage|p2a: Ninetales|52\/100 tox|[from] psn\n|upkeep\n|turn|27\n|\n|t:|1699646832\n|switch|p1a: Toxapex|Toxapex, F|64\/100 brn\n|move|p2a: Ninetales|Solar Beam|p1a: Toxapex|[from]lockedmove\n|-damage|p1a: Toxapex|51\/100 brn\n|\n|-weather|Snow|[upkeep]\n|-damage|p2a: Ninetales|34\/100 tox|[from] psn\n|-damage|p1a: Toxapex|45\/100 brn|[from] brn\n|upkeep\n|turn|28\n|\n|t:|1699646843\n|switch|p2a: Moltres|Moltres|67\/100\n|move|p1a: Toxapex|Recover|p1a: Toxapex\n|-heal|p1a: Toxapex|95\/100 brn\n|\n|-weather|Snow|[upkeep]\n|-damage|p1a: Toxapex|89\/100 brn|[from] brn\n|upkeep\n|turn|29\n|\n|t:|1699646851\n|move|p2a: Moltres|Roost|p2a: Moltres\n|-heal|p2a: Moltres|100\/100\n|-singleturn|p2a: Moltres|move: Roost\n|move|p1a: Toxapex|Surf|p2a: Moltres\n|-supereffective|p2a: Moltres\n|-damage|p2a: Moltres|63\/100\n|\n|-weather|Snow|[upkeep]\n|-damage|p1a: Toxapex|83\/100 brn|[from] brn\n|upkeep\n|turn|30\n|\n|t:|1699646914\n|switch|p1a: Jolteon|Jolteon, M|100\/100\n|move|p2a: Moltres|U-turn|p1a: Jolteon\n|-crit|p1a: Jolteon\n|-damage|p1a: Jolteon|60\/100\n|\n|t:|1699646919\n|switch|p2a: Ninetales|Ninetales, M|34\/100 tox|[from] U-turn\n|-weather|SunnyDay|[from] ability: Drought|[of] p2a: Ninetales\n|\n|-weather|SunnyDay|[upkeep]\n|-damage|p2a: Ninetales|29\/100 tox|[from] psn\n|upkeep\n|turn|31\n|\n|t:|1699646949\n|move|p1a: Jolteon|Volt Switch|p2a: Ninetales\n|-damage|p2a: Ninetales|0 fnt\n|faint|p2a: Ninetales\n|\n|t:|1699646954\n|switch|p1a: Sneasler|Sneasler, F|100\/100|[from] Volt Switch\n|\n|-weather|SunnyDay|[upkeep]\n|upkeep\n|\n|t:|1699646962\n|switch|p2a: Moltres|Moltres|63\/100\n|turn|32\n|\n|t:|1699646967\n|move|p1a: Sneasler|Rock Slide|p2a: Moltres\n|-supereffective|p2a: Moltres\n|-damage|p2a: Moltres|0 fnt\n|faint|p2a: Moltres\n|\n|win|Bogaes\n|c|\u2606Bogaes|gg\n|c|\u2606Durandral|gg friend\n","uploadtime":1699646974,"views":36,"p1id":"bogaes","p2id":"durandral","formatid":"gen9ubers","rating":0,"private":0,"password":""}