{"id":"gen9ubers-1968303374","p1":"IoSonoNeon","p2":"righteous light","format":"[Gen 9] Ubers","log":"|j|\u2606IoSonoNeon\n|j|\u2606righteous light\n|t:|1697404120\n|gametype|singles\n|player|p1|IoSonoNeon|#dpppliii|\n|player|p2|righteous light|acetrainerf-gen4dp|\n|teamsize|p1|6\n|teamsize|p2|6\n|gen|9\n|tier|[Gen 9] Ubers\n|rated|Tournament battle\n|rule|Sleep Clause Mod: Limit one foe put to sleep\n|rule|Species Clause: Limit one of each Pok\u00e9mon\n|rule|OHKO Clause: OHKO moves are banned\n|rule|Evasion Items Clause: Evasion items are banned\n|rule|Evasion Moves Clause: Evasion moves are banned\n|rule|Endless Battle Clause: Forcing endless battles is banned\n|rule|HP Percentage Mod: HP is shown in percentages\n|clearpoke\n|poke|p1|Glimmora, M|\n|poke|p1|Koraidon|\n|poke|p1|Ogerpon-Hearthflame, F|\n|poke|p1|Arceus-Ground|\n|poke|p1|Flutter Mane|\n|poke|p1|Kingambit, F|\n|poke|p2|Kyogre|\n|poke|p2|Koraidon|\n|poke|p2|Iron Treads|\n|poke|p2|Eternatus|\n|poke|p2|Arceus-Fairy|\n|poke|p2|Kingambit, F|\n|teampreview\n|inactive|Battle timer is ON: inactive players will automatically lose when time's up. (requested by righteous light)\n|\n|t:|1697404134\n|start\n|switch|p1a: Glimmora|Glimmora, M|100\/100\n|switch|p2a: Kyogre|Kyogre|100\/100\n|-weather|RainDance|[from] ability: Drizzle|[of] p2a: Kyogre\n|turn|1\n|\n|t:|1697404142\n|switch|p2a: Iron Treads|Iron Treads|100\/100\n|move|p1a: Glimmora|Stealth Rock|p2a: Iron Treads\n|-sidestart|p2: righteous light|move: Stealth Rock\n|\n|-weather|RainDance|[upkeep]\n|upkeep\n|turn|2\n|\n|t:|1697404147\n|switch|p1a: Flutter Mane|Flutter Mane|100\/100\n|move|p2a: Iron Treads|Stealth Rock|p1a: Flutter Mane\n|-sidestart|p1: IoSonoNeon|move: Stealth Rock\n|\n|-weather|RainDance|[upkeep]\n|upkeep\n|turn|3\n|\n|t:|1697404154\n|-end|p1a: Flutter Mane|Protosynthesis|[silent]\n|switch|p1a: Koraidon|Koraidon|100\/100\n|-damage|p1a: Koraidon|94\/100|[from] Stealth Rock\n|-weather|SunnyDay|[from] ability: Orichalcum Pulse|[of] p1a: Koraidon\n|-activate|p1a: Koraidon|Orichalcum Pulse|[source]\n|move|p2a: Iron Treads|Earthquake|p1a: Koraidon\n|-damage|p1a: Koraidon|58\/100\n|\n|-weather|SunnyDay|[upkeep]\n|upkeep\n|turn|4\n|\n|t:|1697404157\n|-end|p2a: Iron Treads|Quark Drive|[silent]\n|switch|p2a: Arceus|Arceus-Fairy|100\/100\n|-damage|p2a: Arceus|88\/100|[from] Stealth Rock\n|move|p1a: Koraidon|Low Kick|p2a: Arceus\n|-resisted|p2a: Arceus\n|-damage|p2a: Arceus|66\/100\n|\n|-weather|SunnyDay|[upkeep]\n|upkeep\n|turn|5\n|\n|t:|1697404169\n|-terastallize|p1a: Koraidon|Fire\n|move|p1a: Koraidon|Flare Blitz|p2a: Arceus\n|-damage|p2a: Arceus|0 fnt\n|faint|p2a: Arceus\n|-damage|p1a: Koraidon|32\/100|[from] Recoil\n|\n|-weather|SunnyDay|[upkeep]\n|upkeep\n|\n|t:|1697404176\n|switch|p2a: Kyogre|Kyogre|100\/100\n|-damage|p2a: Kyogre|88\/100|[from] Stealth Rock\n|-weather|RainDance|[from] ability: Drizzle|[of] p2a: Kyogre\n|turn|6\n|\n|t:|1697404185\n|switch|p1a: Glimmora|Glimmora, M|100\/100\n|-damage|p1a: Glimmora|88\/100|[from] Stealth Rock\n|move|p2a: Kyogre|Surf|p1a: Glimmora\n|-supereffective|p1a: Glimmora\n|-damage|p1a: Glimmora|0 fnt\n|faint|p1a: Glimmora\n|\n|-weather|RainDance|[upkeep]\n|upkeep\n|\n|t:|1697404197\n|switch|p1a: Ogerpon|Ogerpon-Hearthflame, F|100\/100\n|-damage|p1a: Ogerpon|76\/100|[from] Stealth Rock\n|-ability|p1a: Ogerpon|Mold Breaker\n|turn|7\n|\n|t:|1697404202\n|switch|p2a: Eternatus|Eternatus|100\/100\n|-ability|p2a: Eternatus|Pressure\n|move|p1a: Ogerpon|Trailblaze|p2a: Eternatus\n|-resisted|p2a: Eternatus\n|-damage|p2a: Eternatus|95\/100\n|-boost|p1a: Ogerpon|spe|1\n|\n|-weather|RainDance|[upkeep]\n|upkeep\n|turn|8\n|\n|t:|1697404205\n|switch|p1a: Arceus|Arceus-Ground|100\/100\n|-damage|p1a: Arceus|94\/100|[from] Stealth Rock\n|move|p2a: Eternatus|Dynamax Cannon|p1a: Arceus\n|-damage|p1a: Arceus|63\/100\n|\n|-weather|RainDance|[upkeep]\n|upkeep\n|turn|9\n|\n|t:|1697404208\n|move|p2a: Eternatus|Toxic|p1a: Arceus\n|-status|p1a: Arceus|tox\n|move|p1a: Arceus|Judgment|p2a: Eternatus\n|-supereffective|p2a: Eternatus\n|-crit|p2a: Eternatus\n|-damage|p2a: Eternatus|0 fnt\n|faint|p2a: Eternatus\n|\n|-weather|RainDance|[upkeep]\n|-damage|p1a: Arceus|57\/100 tox|[from] psn\n|upkeep\n|j| starfire77\n|\n|t:|1697404235\n|switch|p2a: Kyogre|Kyogre|88\/100\n|-damage|p2a: Kyogre|76\/100|[from] Stealth Rock\n|turn|10\n|\n|t:|1697404246\n|switch|p1a: Koraidon|Koraidon, tera:Fire|32\/100\n|-damage|p1a: Koraidon|8\/100|[from] Stealth Rock\n|-weather|SunnyDay|[from] ability: Orichalcum Pulse|[of] p1a: Koraidon\n|-activate|p1a: Koraidon|Orichalcum Pulse|[source]\n|move|p2a: Kyogre|Surf|p1a: Koraidon\n|-supereffective|p1a: Koraidon\n|-damage|p1a: Koraidon|0 fnt\n|faint|p1a: Koraidon\n|\n|-weather|SunnyDay|[upkeep]\n|upkeep\n|\n|t:|1697404248\n|switch|p1a: Ogerpon|Ogerpon-Hearthflame, F|76\/100\n|-damage|p1a: Ogerpon|51\/100|[from] Stealth Rock\n|-ability|p1a: Ogerpon|Mold Breaker\n|turn|11\n|\n|t:|1697404252\n|switch|p2a: Koraidon|Koraidon|100\/100\n|-damage|p2a: Koraidon|94\/100|[from] Stealth Rock\n|-activate|p2a: Koraidon|ability: Orichalcum Pulse\n|move|p1a: Ogerpon|Trailblaze|p2a: Koraidon\n|-resisted|p2a: Koraidon\n|-damage|p2a: Koraidon|80\/100\n|-boost|p1a: Ogerpon|spe|1\n|\n|-weather|SunnyDay|[upkeep]\n|upkeep\n|turn|12\n|\n|t:|1697404258\n|move|p1a: Ogerpon|Play Rough|p2a: Koraidon\n|-supereffective|p2a: Koraidon\n|-damage|p2a: Koraidon|0 fnt\n|faint|p2a: Koraidon\n|\n|-weather|SunnyDay|[upkeep]\n|upkeep\n|\n|t:|1697404283\n|switch|p2a: Kingambit|Kingambit, F|100\/100\n|-damage|p2a: Kingambit|94\/100|[from] Stealth Rock\n|-activate|p2a: Kingambit|ability: Supreme Overlord\n|-start|p2a: Kingambit|fallen3|[silent]\n|turn|13\n|\n|t:|1697404285\n|move|p2a: Kingambit|Sucker Punch|p1a: Ogerpon\n|-damage|p1a: Ogerpon|0 fnt\n|faint|p1a: Ogerpon\n|\n|-weather|SunnyDay|[upkeep]\n|-heal|p2a: Kingambit|100\/100|[from] item: Leftovers\n|upkeep\n|\n|t:|1697404290\n|switch|p1a: Arceus|Arceus-Ground|57\/100 tox\n|-damage|p1a: Arceus|51\/100 tox|[from] Stealth Rock\n|turn|14\n|inactive|righteous light has 120 seconds left.\n|j|+OreoSpeedruns\n|inactive|righteous light has 90 seconds left.\n|\n|t:|1697404358\n|-end|p2a: Kingambit|fallen3|[silent]\n|switch|p2a: Kyogre|Kyogre|76\/100\n|-damage|p2a: Kyogre|64\/100|[from] Stealth Rock\n|-weather|RainDance|[from] ability: Drizzle|[of] p2a: Kyogre\n|move|p1a: Arceus|Judgment|p2a: Kyogre\n|-damage|p2a: Kyogre|27\/100\n|\n|-weather|RainDance|[upkeep]\n|-damage|p1a: Arceus|45\/100 tox|[from] psn\n|upkeep\n|turn|15\n|\n|t:|1697404362\n|switch|p1a: Flutter Mane|Flutter Mane|100\/100\n|-damage|p1a: Flutter Mane|88\/100|[from] Stealth Rock\n|move|p2a: Kyogre|Surf|p1a: Flutter Mane\n|-damage|p1a: Flutter Mane|0 fnt\n|faint|p1a: Flutter Mane\n|-end|p1a: Flutter Mane|Protosynthesis|[silent]\n|\n|-weather|RainDance|[upkeep]\n|upkeep\n|\n|t:|1697404366\n|switch|p1a: Kingambit|Kingambit, F|100\/100\n|-damage|p1a: Kingambit|94\/100|[from] Stealth Rock\n|-activate|p1a: Kingambit|ability: Supreme Overlord\n|-start|p1a: Kingambit|fallen4|[silent]\n|turn|16\n|\n|t:|1697404373\n|move|p1a: Kingambit|Sucker Punch|p2a: Kyogre\n|-crit|p2a: Kyogre\n|-damage|p2a: Kyogre|0 fnt\n|faint|p2a: Kyogre\n|\n|-weather|RainDance|[upkeep]\n|-heal|p1a: Kingambit|100\/100|[from] item: Leftovers\n|upkeep\n|\n|t:|1697404383\n|switch|p2a: Iron Treads|Iron Treads|100\/100\n|-damage|p2a: Iron Treads|97\/100|[from] Stealth Rock\n|turn|17\n|\n|t:|1697404390\n|move|p2a: Iron Treads|Earthquake|p1a: Kingambit\n|-supereffective|p1a: Kingambit\n|-damage|p1a: Kingambit|42\/100\n|move|p1a: Kingambit|Kowtow Cleave|p2a: Iron Treads\n|-damage|p2a: Iron Treads|40\/100\n|\n|-weather|RainDance|[upkeep]\n|-heal|p2a: Iron Treads|47\/100|[from] item: Leftovers\n|-heal|p1a: Kingambit|48\/100|[from] item: Leftovers\n|upkeep\n|turn|18\n|inactive|righteous light has 120 seconds left.\n|c|+OreoSpeedruns|dual gambit gaming\n|c|+OreoSpeedruns|love to see it\n|inactive|righteous light has 90 seconds left.\n|\n|t:|1697404434\n|-terastallize|p2a: Iron Treads|Fairy\n|move|p1a: Kingambit|Sucker Punch|p2a: Iron Treads\n|-resisted|p2a: Iron Treads\n|-damage|p2a: Iron Treads|22\/100\n|move|p2a: Iron Treads|Earthquake|p1a: Kingambit\n|-supereffective|p1a: Kingambit\n|-damage|p1a: Kingambit|0 fnt\n|faint|p1a: Kingambit\n|-end|p1a: Kingambit|fallen4|[silent]\n|\n|-weather|none\n|-heal|p2a: Iron Treads|28\/100|[from] item: Leftovers\n|upkeep\n|\n|t:|1697404439\n|switch|p1a: Arceus|Arceus-Ground|45\/100 tox\n|-damage|p1a: Arceus|39\/100 tox|[from] Stealth Rock\n|turn|19\n|\n|t:|1697404442\n|move|p1a: Arceus|Judgment|p2a: Iron Treads\n|-damage|p2a: Iron Treads|0 fnt\n|faint|p2a: Iron Treads\n|-end|p2a: Iron Treads|Quark Drive|[silent]\n|\n|-damage|p1a: Arceus|33\/100 tox|[from] psn\n|upkeep\n|\n|t:|1697404444\n|switch|p2a: Kingambit|Kingambit, F|100\/100\n|-damage|p2a: Kingambit|94\/100|[from] Stealth Rock\n|-activate|p2a: Kingambit|ability: Supreme Overlord\n|-start|p2a: Kingambit|fallen5|[silent]\n|turn|20\n|\n|t:|1697404447\n|move|p2a: Kingambit|Sucker Punch|p1a: Arceus\n|-damage|p1a: Arceus|2\/100 tox\n|move|p1a: Arceus|Judgment|p2a: Kingambit\n|-supereffective|p2a: Kingambit\n|-damage|p2a: Kingambit|0 fnt\n|faint|p2a: Kingambit\n|-end|p2a: Kingambit|fallen5|[silent]\n|\n|win|IoSonoNeon\n|n|\u2606IoSonoNeon|iosononeon\n|n|\u2606righteous light|righteouslight\n|n| starfire77|starfire77\n|n| OreoSpeedruns|oreospeedruns\n","uploadtime":1697404448,"views":15,"p1id":"iosononeon","p2id":"righteouslight","formatid":"gen9ubers","rating":0,"private":0,"password":""}