{"id":"gen9ubers-1998119275","p1":"Mr. 475","p2":"DragoFox3","format":"[Gen 9] Ubers","log":"|j|\u2606Mr. 475\n|j|\u2606DragoFox3\n|t:|1700894772\n|gametype|singles\n|player|p1|Mr. 475|blackbelt-gen2|1243\n|player|p2|DragoFox3|pokemonbreeder-gen4|1201\n|teamsize|p1|6\n|teamsize|p2|6\n|gen|9\n|tier|[Gen 9] Ubers\n|rated|\n|rule|Sleep Clause Mod: Limit one foe put to sleep\n|rule|Species Clause: Limit one of each Pok\u00e9mon\n|rule|OHKO Clause: OHKO moves are banned\n|rule|Evasion Items Clause: Evasion items are banned\n|rule|Evasion Moves Clause: Evasion moves are banned\n|rule|Endless Battle Clause: Forcing endless battles is banned\n|rule|HP Percentage Mod: HP is shown in percentages\n|clearpoke\n|poke|p1|Annihilape, M|\n|poke|p1|Koraidon|\n|poke|p1|Iron Valiant|\n|poke|p1|Breloom, F|\n|poke|p1|Quaquaval, F|\n|poke|p1|Arceus-Fighting|\n|poke|p2|Overqwil, M|\n|poke|p2|Gastrodon, F|\n|poke|p2|Landorus, M|\n|poke|p2|Azumarill, F|\n|poke|p2|Zoroark-Hisui, F|\n|poke|p2|Zacian-*|\n|teampreview\n|inactive|Battle timer is ON: inactive players will automatically lose when time's up. (requested by DragoFox3)\n|inactive|Mr. 475 also wants the timer to be on.\n|\n|t:|1700894779\n|start\n|switch|p1a: Breloom|Breloom, F, shiny|100\/100\n|switch|p2a: Overqwil|Overqwil, M, shiny|100\/100\n|-ability|p2a: Overqwil|Intimidate|boost\n|-unboost|p1a: Breloom|atk|1\n|turn|1\n|\n|t:|1700894788\n|move|p2a: Overqwil|Swords Dance|p2a: Overqwil\n|-boost|p2a: Overqwil|atk|2\n|move|p1a: Breloom|Spore|p2a: Overqwil\n|-status|p2a: Overqwil|slp|[from] move: Spore\n|\n|upkeep\n|turn|2\n|\n|t:|1700894796\n|switch|p1a: Koraidon|Koraidon|100\/100\n|-weather|SunnyDay|[from] ability: Orichalcum Pulse|[of] p1a: Koraidon\n|-activate|p1a: Koraidon|Orichalcum Pulse|[source]\n|cant|p2a: Overqwil|slp\n|\n|-weather|SunnyDay|[upkeep]\n|upkeep\n|turn|3\n|\n|t:|1700894805\n|switch|p2a: Goldie|Azumarill, F, shiny|100\/100\n|move|p1a: Koraidon|Flame Charge|p2a: Goldie\n|-resisted|p2a: Goldie\n|-damage|p2a: Goldie|73\/100\n|-boost|p1a: Koraidon|spe|1\n|-damage|p1a: Koraidon|91\/100|[from] item: Life Orb\n|\n|-weather|SunnyDay|[upkeep]\n|upkeep\n|turn|4\n|\n|t:|1700894818\n|move|p1a: Koraidon|Stomping Tantrum|p2a: Goldie\n|-damage|p2a: Goldie|16\/100\n|-enditem|p2a: Goldie|Sitrus Berry|[eat]\n|-heal|p2a: Goldie|41\/100|[from] item: Sitrus Berry\n|-damage|p1a: Koraidon|81\/100|[from] item: Life Orb\n|move|p2a: Goldie|Play Rough|p1a: Koraidon\n|-supereffective|p1a: Koraidon\n|-damage|p1a: Koraidon|0 fnt\n|faint|p1a: Koraidon\n|\n|-weather|SunnyDay|[upkeep]\n|upkeep\n|\n|t:|1700894833\n|switch|p1a: Arceus|Arceus-Fighting|100\/100\n|turn|5\n|\n|t:|1700894839\n|move|p1a: Arceus|Giga Drain|p2a: Goldie\n|-supereffective|p2a: Goldie\n|-damage|p2a: Goldie|0 fnt\n|faint|p2a: Goldie\n|\n|-weather|SunnyDay|[upkeep]\n|upkeep\n|\n|t:|1700894854\n|switch|p2a: Overqwil|Overqwil, M, shiny|100\/100 slp\n|-ability|p2a: Overqwil|Intimidate|boost\n|-unboost|p1a: Arceus|atk|1\n|turn|6\n|\n|t:|1700894866\n|switch|p1a: Quaquaval|Quaquaval, F|100\/100\n|-curestatus|p2a: Overqwil|slp|[msg]\n|move|p2a: Overqwil|Poison Jab|p1a: Quaquaval\n|-damage|p1a: Quaquaval|51\/100\n|\n|-weather|none\n|-heal|p1a: Quaquaval|57\/100|[from] item: Leftovers\n|upkeep\n|turn|7\n|\n|t:|1700894878\n|move|p2a: Overqwil|Crunch|p1a: Quaquaval\n|-resisted|p1a: Quaquaval\n|-damage|p1a: Quaquaval|34\/100\n|move|p1a: Quaquaval|Aqua Step|p2a: Overqwil\n|-damage|p2a: Overqwil|51\/100\n|-boost|p1a: Quaquaval|spe|1\n|\n|-heal|p1a: Quaquaval|40\/100|[from] item: Leftovers\n|-heal|p2a: Overqwil|57\/100|[from] item: Leftovers\n|upkeep\n|turn|8\n|\n|t:|1700894892\n|switch|p2a: Misty|Gastrodon, F, shiny|100\/100\n|move|p1a: Quaquaval|Close Combat|p2a: Misty\n|-damage|p2a: Misty|29\/100\n|-unboost|p1a: Quaquaval|def|1\n|-unboost|p1a: Quaquaval|spd|1\n|\n|-heal|p1a: Quaquaval|46\/100|[from] item: Leftovers\n|upkeep\n|turn|9\n|\n|t:|1700894910\n|move|p1a: Quaquaval|Knock Off|p2a: Misty\n|-damage|p2a: Misty|0 fnt\n|-enditem|p2a: Misty|Assault Vest|[from] move: Knock Off|[of] p1a: Quaquaval\n|faint|p2a: Misty\n|-ability|p1a: Quaquaval|Moxie|boost\n|-boost|p1a: Quaquaval|atk|1\n|\n|-heal|p1a: Quaquaval|52\/100|[from] item: Leftovers\n|upkeep\n|\n|t:|1700894914\n|switch|p2a: Overqwil|Overqwil, M, shiny|57\/100\n|-ability|p2a: Overqwil|Intimidate|boost\n|-unboost|p1a: Quaquaval|atk|1\n|turn|10\n|\n|t:|1700894925\n|move|p1a: Quaquaval|Aqua Step|p2a: Overqwil\n|-damage|p2a: Overqwil|11\/100\n|-boost|p1a: Quaquaval|spe|1\n|move|p2a: Overqwil|Poison Jab|p1a: Quaquaval\n|-damage|p1a: Quaquaval|0 fnt\n|faint|p1a: Quaquaval\n|\n|-heal|p2a: Overqwil|17\/100|[from] item: Leftovers\n|upkeep\n|\n|t:|1700894939\n|switch|p1a: Breloom|Breloom, F, shiny|100\/100\n|turn|11\n|\n|t:|1700894942\n|move|p1a: Breloom|Mach Punch|p2a: Overqwil\n|-damage|p2a: Overqwil|0 fnt\n|faint|p2a: Overqwil\n|\n|upkeep\n|\n|t:|1700894948\n|switch|p2a: Evildoers|Landorus, M, shiny|100\/100\n|turn|12\n|\n|t:|1700894955\n|move|p2a: Evildoers|Sludge Bomb|p1a: Breloom\n|-supereffective|p1a: Breloom\n|-crit|p1a: Breloom\n|-enditem|p1a: Breloom|Focus Sash\n|-damage|p1a: Breloom|1\/100\n|move|p1a: Breloom|Spore|p2a: Evildoers\n|-status|p2a: Evildoers|slp|[from] move: Spore\n|\n|upkeep\n|turn|13\n|\n|t:|1700894965\n|cant|p2a: Evildoers|slp\n|move|p1a: Breloom|Bullet Seed|p2a: Evildoers\n|-damage|p2a: Evildoers|78\/100 slp\n|-damage|p2a: Evildoers|55\/100 slp\n|-damage|p2a: Evildoers|29\/100 slp\n|-damage|p2a: Evildoers|5\/100 slp\n|-hitcount|p2a: Evildoers|4\n|\n|upkeep\n|turn|14\n|\n|t:|1700894974\n|move|p1a: Breloom|Mach Punch|p2a: Evildoers\n|-resisted|p2a: Evildoers\n|-damage|p2a: Evildoers|0 fnt\n|faint|p2a: Evildoers\n|\n|upkeep\n|\n|t:|1700894983\n|switch|p2a: Cyan|Zacian-Crowned, shiny|100\/100\n|turn|15\n|inactive|Mr. 475 has 120 seconds left.\n|\n|t:|1700895021\n|switch|p1a: Arceus|Arceus-Fighting|100\/100\n|move|p2a: Cyan|Flamethrower|p1a: Arceus\n|-damage|p1a: Arceus|82\/100\n|\n|upkeep\n|turn|16\n|inactive|Mr. 475 has 120 seconds left.\n|\n|t:|1700895033\n|move|p2a: Cyan|Psychic|p1a: Arceus\n|-supereffective|p1a: Arceus\n|-damage|p1a: Arceus|34\/100\n|move|p1a: Arceus|Giga Drain|p2a: Cyan\n|-damage|p2a: Cyan|49\/100\n|-heal|p1a: Arceus|51\/100|[from] drain|[of] p2a: Cyan\n|replace|p2a: Zori|Zoroark-Hisui, F, shiny\n|-end|p2a: Zori|Illusion\n|\n|upkeep\n|turn|17\n|\n|t:|1700895042\n|move|p2a: Zori|Psychic|p1a: Arceus\n|-supereffective|p1a: Arceus\n|-damage|p1a: Arceus|7\/100\n|move|p1a: Arceus|Giga Drain|p2a: Zori\n|-damage|p2a: Zori|0 fnt\n|-heal|p1a: Arceus|23\/100|[from] drain|[of] p2a: Zori\n|faint|p2a: Zori\n|\n|upkeep\n|\n|t:|1700895045\n|switch|p2a: Cyan|Zacian-Crowned, shiny|100\/100\n|-ability|p2a: Cyan|Intrepid Sword|boost\n|-boost|p2a: Cyan|atk|1\n|turn|18\n|\n|t:|1700895055\n|move|p2a: Cyan|Behemoth Blade|p1a: Arceus\n|-damage|p1a: Arceus|0 fnt\n|faint|p1a: Arceus\n|\n|upkeep\n|\n|t:|1700895061\n|switch|p1a: Breloom|Breloom, F, shiny|1\/100\n|turn|19\n|\n|t:|1700895071\n|-terastallize|p2a: Cyan|Fighting\n|move|p1a: Breloom|Mach Punch|p2a: Cyan\n|-damage|p2a: Cyan|70\/100\n|move|p2a: Cyan|Sacred Sword|p1a: Breloom\n|-damage|p1a: Breloom|0 fnt\n|faint|p1a: Breloom\n|\n|upkeep\n|\n|t:|1700895081\n|switch|p1a: Annihilape|Annihilape, M|100\/100\n|turn|20\n|\n|t:|1700895095\n|-terastallize|p1a: Annihilape|Poison\n|move|p2a: Cyan|Play Rough|p1a: Annihilape\n|-resisted|p1a: Annihilape\n|-damage|p1a: Annihilape|55\/100\n|move|p1a: Annihilape|Rage Fist|p2a: Cyan\n|-damage|p2a: Cyan|18\/100\n|\n|upkeep\n|turn|21\n|\n|t:|1700895105\n|move|p2a: Cyan|Behemoth Blade|p1a: Annihilape\n|-damage|p1a: Annihilape|0 fnt\n|faint|p1a: Annihilape\n|\n|upkeep\n|\n|t:|1700895110\n|switch|p1a: Iron Valiant|Iron Valiant|100\/100\n|-enditem|p1a: Iron Valiant|Booster Energy\n|-activate|p1a: Iron Valiant|ability: Quark Drive|[fromitem]\n|-start|p1a: Iron Valiant|quarkdrivespe\n|turn|22\n|\n|t:|1700895117\n|move|p1a: Iron Valiant|Moonblast|p2a: Cyan\n|-supereffective|p2a: Cyan\n|-damage|p2a: Cyan|0 fnt\n|faint|p2a: Cyan\n|\n|win|Mr. 475\n|raw|Mr. 475's rating: 1243 &rarr; <strong>1265<\/strong><br \/>(+22 for winning)\n|raw|DragoFox3's rating: 1201 &rarr; <strong>1179<\/strong><br \/>(-22 for losing)\n|c|\u2606Mr. 475|Gg\n|c|\u2606DragoFox3|Gg\n","uploadtime":1700895124,"views":1,"p1id":"mr475","p2id":"dragofox3","formatid":"gen9ubers","rating":1179,"private":0,"password":""}