{"id":"gen9ubers-1973370908","p1":"Pickles0exe","p2":"nicneg","format":"[Gen 9] Ubers","log":"|j|\u2606Pickles0exe\n|j|\u2606nicneg\n|t:|1697963523\n|gametype|singles\n|player|p1|Pickles0exe|policeman-gen4|\n|player|p2|nicneg|hiker-gen4|\n|teamsize|p1|6\n|teamsize|p2|6\n|gen|9\n|tier|[Gen 9] Ubers\n|rule|Sleep Clause Mod: Limit one foe put to sleep\n|rule|Species Clause: Limit one of each Pok\u00e9mon\n|rule|OHKO Clause: OHKO moves are banned\n|rule|Evasion Items Clause: Evasion items are banned\n|rule|Evasion Moves Clause: Evasion moves are banned\n|rule|Endless Battle Clause: Forcing endless battles is banned\n|rule|HP Percentage Mod: HP is shown in percentages\n|clearpoke\n|poke|p1|Arbok, F|\n|poke|p1|Flamigo, M|\n|poke|p1|Tinkaton, F|\n|poke|p1|Spiritomb, M|\n|poke|p1|Camerupt, F|\n|poke|p1|Ludicolo, M|\n|poke|p2|Ceruledge, M|\n|poke|p2|Manaphy|\n|poke|p2|Sylveon, M|\n|poke|p2|Thundurus, M|\n|poke|p2|Glimmet, F|\n|poke|p2|Donphan, F|\n|teampreview\n|c|\u2606nicneg|glhf\n|j| thatguy_313\n|c|\u2606Pickles0exe|glhf\n|j| Immortal bear\n|c| thatguy_313|I turned myself into a Pickle, Nic\n|c| thatguy_313|\ud83e\udd52\n|c|\u2606Pickles0exe|That's different\n|\n|t:|1697963620\n|start\n|switch|p1a: AAAAAHHHHHHH|Ludicolo, M|100\/100\n|switch|p2a: Glimmet|Glimmet, F|100\/100\n|turn|1\n|\n|t:|1697963644\n|move|p2a: Glimmet|Sludge Wave|p1a: AAAAAHHHHHHH\n|-supereffective|p1a: AAAAAHHHHHHH\n|-damage|p1a: AAAAAHHHHHHH|36\/100\n|move|p1a: AAAAAHHHHHHH|Surf|p2a: Glimmet\n|-supereffective|p2a: Glimmet\n|-crit|p2a: Glimmet\n|-enditem|p2a: Glimmet|Focus Sash\n|-damage|p2a: Glimmet|1\/100\n|\n|upkeep\n|turn|2\n|\n|t:|1697963663\n|move|p1a: AAAAAHHHHHHH|Protect|p1a: AAAAAHHHHHHH\n|-singleturn|p1a: AAAAAHHHHHHH|Protect\n|move|p2a: Glimmet|Sludge Wave|p1a: AAAAAHHHHHHH\n|-activate|p1a: AAAAAHHHHHHH|move: Protect\n|\n|upkeep\n|turn|3\n|\n|t:|1697963692\n|switch|p1a: Boop|Arbok, F|100\/100\n|move|p2a: Glimmet|Sludge Wave|p1a: Boop\n|-resisted|p1a: Boop\n|-damage|p1a: Boop|65\/100\n|\n|upkeep\n|turn|4\n|\n|t:|1697963802\n|switch|p2a: Donphan|Donphan, F|100\/100\n|move|p1a: Boop|Ice Fang|p2a: Donphan\n|-supereffective|p2a: Donphan\n|-damage|p2a: Donphan|73\/100\n|-status|p2a: Donphan|frz\n|\n|upkeep\n|turn|5\n|\n|t:|1697963879\n|switch|p2a: Glimmet|Glimmet, F|1\/100\n|move|p1a: Boop|Ice Fang|p2a: Glimmet\n|-damage|p2a: Glimmet|0 fnt\n|-activate|p2a: Glimmet|ability: Toxic Debris\n|-sidestart|p1: Pickles0exe|move: Toxic Spikes\n|faint|p2a: Glimmet\n|\n|upkeep\n|\n|t:|1697963892\n|switch|p2a: Thundurus|Thundurus, M|100\/100\n|turn|6\n|\n|t:|1697963927\n|-terastallize|p2a: Thundurus|Steel\n|move|p2a: Thundurus|Thunderbolt|p1a: Boop\n|-damage|p1a: Boop|0 fnt\n|faint|p1a: Boop\n|-damage|p2a: Thundurus|90\/100|[from] item: Life Orb\n|\n|upkeep\n|\n|t:|1697963966\n|switch|p1a: normal bird|Flamigo, M, shiny|100\/100\n|turn|7\n|\n|t:|1697964002\n|switch|p2a: Donphan|Donphan, F|73\/100 frz\n|-terastallize|p1a: normal bird|Bug\n|move|p1a: normal bird|Close Combat|p2a: Donphan\n|-damage|p2a: Donphan|29\/100 frz\n|-unboost|p1a: normal bird|def|1\n|-unboost|p1a: normal bird|spd|1\n|\n|upkeep\n|turn|8\n|\n|t:|1697964019\n|move|p1a: normal bird|Close Combat|p2a: Donphan\n|-damage|p2a: Donphan|0 fnt\n|-unboost|p1a: normal bird|def|1\n|-unboost|p1a: normal bird|spd|1\n|faint|p2a: Donphan\n|\n|upkeep\n|j| marvin1\n|l| marvin1\n|\n|t:|1697964086\n|switch|p2a: Manaphy|Manaphy|100\/100\n|turn|9\n|\n|t:|1697964102\n|switch|p1a: AAAAAHHHHHHH|Ludicolo, M|36\/100\n|-status|p1a: AAAAAHHHHHHH|psn\n|move|p2a: Manaphy|Acid Armor|p2a: Manaphy\n|-boost|p2a: Manaphy|def|2\n|\n|-damage|p1a: AAAAAHHHHHHH|23\/100 psn|[from] psn\n|upkeep\n|turn|10\n|\n|t:|1697964139\n|switch|p2a: Sylveon|Sylveon, M|100\/100\n|move|p1a: AAAAAHHHHHHH|Leech Seed|p2a: Sylveon\n|-start|p2a: Sylveon|move: Leech Seed\n|\n|-damage|p2a: Sylveon|88\/100|[from] Leech Seed|[of] p1a: AAAAAHHHHHHH\n|-heal|p1a: AAAAAHHHHHHH|37\/100 psn|[silent]\n|-damage|p1a: AAAAAHHHHHHH|24\/100 psn|[from] psn\n|upkeep\n|turn|11\n|\n|t:|1697964155\n|move|p1a: AAAAAHHHHHHH|Protect|p1a: AAAAAHHHHHHH\n|-singleturn|p1a: AAAAAHHHHHHH|Protect\n|move|p2a: Sylveon|Hyper Voice|p1a: AAAAAHHHHHHH\n|-activate|p1a: AAAAAHHHHHHH|move: Protect\n|\n|-heal|p2a: Sylveon|94\/100|[from] item: Leftovers\n|-damage|p2a: Sylveon|82\/100|[from] Leech Seed|[of] p1a: AAAAAHHHHHHH\n|-heal|p1a: AAAAAHHHHHHH|38\/100 psn|[silent]\n|-damage|p1a: AAAAAHHHHHHH|25\/100 psn|[from] psn\n|upkeep\n|turn|12\n|\n|t:|1697964171\n|move|p1a: AAAAAHHHHHHH|Giga Drain|p2a: Sylveon\n|-damage|p2a: Sylveon|69\/100\n|-heal|p1a: AAAAAHHHHHHH|33\/100 psn|[from] drain|[of] p2a: Sylveon\n|move|p2a: Sylveon|Hyper Voice|p1a: AAAAAHHHHHHH\n|-damage|p1a: AAAAAHHHHHHH|3\/100 psn\n|\n|-heal|p2a: Sylveon|75\/100|[from] item: Leftovers\n|-damage|p2a: Sylveon|62\/100|[from] Leech Seed|[of] p1a: AAAAAHHHHHHH\n|-heal|p1a: AAAAAHHHHHHH|16\/100 psn|[silent]\n|-damage|p1a: AAAAAHHHHHHH|4\/100 psn|[from] psn\n|upkeep\n|turn|13\n|\n|t:|1697964183\n|move|p1a: AAAAAHHHHHHH|Protect|p1a: AAAAAHHHHHHH\n|-singleturn|p1a: AAAAAHHHHHHH|Protect\n|move|p2a: Sylveon|Wish|p2a: Sylveon\n|\n|-heal|p2a: Sylveon|68\/100|[from] item: Leftovers\n|-damage|p2a: Sylveon|56\/100|[from] Leech Seed|[of] p1a: AAAAAHHHHHHH\n|-heal|p1a: AAAAAHHHHHHH|17\/100 psn|[silent]\n|-damage|p1a: AAAAAHHHHHHH|5\/100 psn|[from] psn\n|upkeep\n|turn|14\n|\n|t:|1697964193\n|move|p1a: AAAAAHHHHHHH|Giga Drain|p2a: Sylveon\n|-damage|p2a: Sylveon|42\/100\n|-heal|p1a: AAAAAHHHHHHH|13\/100 psn|[from] drain|[of] p2a: Sylveon\n|move|p2a: Sylveon|Calm Mind|p2a: Sylveon\n|-boost|p2a: Sylveon|spa|1\n|-boost|p2a: Sylveon|spd|1\n|\n|-heal|p2a: Sylveon|92\/100|[from] move: Wish|[wisher] Sylveon\n|-heal|p2a: Sylveon|98\/100|[from] item: Leftovers\n|-damage|p2a: Sylveon|86\/100|[from] Leech Seed|[of] p1a: AAAAAHHHHHHH\n|-heal|p1a: AAAAAHHHHHHH|26\/100 psn|[silent]\n|-damage|p1a: AAAAAHHHHHHH|14\/100 psn|[from] psn\n|upkeep\n|turn|15\n|\n|t:|1697964229\n|switch|p1a: Desu~|Tinkaton, F|100\/100\n|-ability|p1a: Desu~|Mold Breaker\n|move|p2a: Sylveon|Wish|p2a: Sylveon\n|\n|-heal|p2a: Sylveon|92\/100|[from] item: Leftovers\n|-damage|p2a: Sylveon|79\/100|[from] Leech Seed|[of] p1a: Desu~\n|upkeep\n|turn|16\n|\n|t:|1697964251\n|switch|p2a: Ceruledge|Ceruledge, M|100\/100\n|move|p1a: Desu~|Swords Dance|p1a: Desu~\n|-boost|p1a: Desu~|atk|2\n|\n|upkeep\n|turn|17\n|\n|t:|1697964277\n|move|p2a: Ceruledge|Bitter Blade|p1a: Desu~\n|-supereffective|p1a: Desu~\n|-damage|p1a: Desu~|0 fnt\n|faint|p1a: Desu~\n|\n|upkeep\n|\n|t:|1697964291\n|switch|p1a: I got a rock|Spiritomb, M, shiny|100\/100\n|-status|p1a: I got a rock|psn\n|-ability|p1a: I got a rock|Pressure\n|turn|18\n|\n|t:|1697964314\n|switch|p2a: Thundurus|Thundurus, M, tera:Steel|90\/100\n|move|p1a: I got a rock|Dark Pulse|p2a: Thundurus\n|-damage|p2a: Thundurus|53\/100\n|\n|-damage|p1a: I got a rock|88\/100 psn|[from] psn\n|upkeep\n|turn|19\n|\n|t:|1697964341\n|move|p1a: I got a rock|Shadow Sneak|p2a: Thundurus\n|-damage|p2a: Thundurus|33\/100\n|-heal|p1a: I got a rock|91\/100 psn|[from] item: Shell Bell|[of] p2a: Thundurus\n|move|p2a: Thundurus|Thunderbolt|p1a: I got a rock\n|-damage|p1a: I got a rock|25\/100 psn\n|-damage|p2a: Thundurus|23\/100|[from] item: Life Orb\n|\n|-damage|p1a: I got a rock|12\/100 psn|[from] psn\n|upkeep\n|turn|20\n|\n|t:|1697964357\n|switch|p2a: Sylveon|Sylveon, M|79\/100\n|move|p1a: I got a rock|Shadow Sneak|p2a: Sylveon\n|-crit|p2a: Sylveon\n|-damage|p2a: Sylveon|55\/100\n|-heal|p1a: I got a rock|17\/100 psn|[from] item: Shell Bell|[of] p2a: Sylveon\n|\n|-heal|p2a: Sylveon|61\/100|[from] item: Leftovers\n|-damage|p1a: I got a rock|5\/100 psn|[from] psn\n|upkeep\n|turn|21\n|j| purple skitty\n|\n|t:|1697964368\n|move|p1a: I got a rock|Shadow Sneak|p2a: Sylveon\n|-damage|p2a: Sylveon|48\/100\n|-heal|p1a: I got a rock|7\/100 psn|[from] item: Shell Bell|[of] p2a: Sylveon\n|move|p2a: Sylveon|Wish|p2a: Sylveon\n|\n|-heal|p2a: Sylveon|54\/100|[from] item: Leftovers\n|-damage|p1a: I got a rock|0 fnt|[from] psn\n|faint|p1a: I got a rock\n|upkeep\n|\n|t:|1697964400\n|switch|p1a: normal bird|Flamigo, M, shiny, tera:Bug|100\/100\n|turn|22\n|l| purple skitty\n|\n|t:|1697964416\n|move|p1a: normal bird|Pounce|p2a: Sylveon\n|-resisted|p2a: Sylveon\n|-damage|p2a: Sylveon|36\/100\n|-unboost|p2a: Sylveon|spe|1\n|move|p2a: Sylveon|Hyper Voice|p1a: normal bird\n|-damage|p1a: normal bird|31\/100\n|\n|-heal|p2a: Sylveon|86\/100|[from] move: Wish|[wisher] Sylveon\n|-heal|p2a: Sylveon|92\/100|[from] item: Leftovers\n|upkeep\n|turn|23\n|\n|t:|1697964432\n|move|p1a: normal bird|Dual Wingbeat|p2a: Sylveon\n|-damage|p2a: Sylveon|71\/100\n|-damage|p2a: Sylveon|49\/100\n|-hitcount|p2a: Sylveon|2\n|move|p2a: Sylveon|Hyper Voice|p1a: normal bird\n|-damage|p1a: normal bird|0 fnt\n|faint|p1a: normal bird\n|\n|-heal|p2a: Sylveon|55\/100|[from] item: Leftovers\n|upkeep\n|\n|t:|1697964446\n|switch|p1a: Volcanoooooo|Camerupt, F|100\/100\n|-status|p1a: Volcanoooooo|psn\n|turn|24\n|\n|t:|1697964471\n|move|p1a: Volcanoooooo|High Horsepower|p2a: Sylveon\n|-damage|p2a: Sylveon|20\/100\n|move|p2a: Sylveon|Wish|p2a: Sylveon\n|\n|-heal|p2a: Sylveon|26\/100|[from] item: Leftovers\n|-damage|p1a: Volcanoooooo|88\/100 psn|[from] psn\n|upkeep\n|turn|25\n|\n|t:|1697964481\n|switch|p2a: Manaphy|Manaphy|100\/100\n|move|p1a: Volcanoooooo|High Horsepower|p2a: Manaphy\n|-damage|p2a: Manaphy|72\/100\n|\n|-heal|p2a: Manaphy|100\/100|[from] move: Wish|[wisher] Sylveon\n|-damage|p1a: Volcanoooooo|75\/100 psn|[from] psn\n|upkeep\n|turn|26\n|\n|t:|1697964491\n|move|p2a: Manaphy|Take Heart|p2a: Manaphy\n|-boost|p2a: Manaphy|spa|1\n|-boost|p2a: Manaphy|spd|1\n|move|p1a: Volcanoooooo|Yawn|p2a: Manaphy\n|-start|p2a: Manaphy|move: Yawn|[of] p1a: Volcanoooooo\n|\n|-damage|p1a: Volcanoooooo|63\/100 psn|[from] psn\n|upkeep\n|turn|27\n|\n|t:|1697964501\n|move|p2a: Manaphy|Surf|p1a: Volcanoooooo\n|-supereffective|p1a: Volcanoooooo\n|-damage|p1a: Volcanoooooo|0 fnt\n|faint|p1a: Volcanoooooo\n|\n|-end|p2a: Manaphy|move: Yawn|[silent]\n|-status|p2a: Manaphy|slp\n|upkeep\n|\n|t:|1697964507\n|switch|p1a: AAAAAHHHHHHH|Ludicolo, M|14\/100 psn\n|turn|28\n|\n|t:|1697964511\n|cant|p2a: Manaphy|slp\n|move|p1a: AAAAAHHHHHHH|Giga Drain|p2a: Manaphy\n|-supereffective|p2a: Manaphy\n|-damage|p2a: Manaphy|70\/100 slp\n|-heal|p1a: AAAAAHHHHHHH|30\/100 psn|[from] drain|[of] p2a: Manaphy\n|\n|-heal|p2a: Manaphy|76\/100 slp|[from] item: Leftovers\n|-damage|p1a: AAAAAHHHHHHH|17\/100 psn|[from] psn\n|upkeep\n|turn|29\n|l| thatguy_313\n|\n|t:|1697964519\n|cant|p2a: Manaphy|slp\n|move|p1a: AAAAAHHHHHHH|Giga Drain|p2a: Manaphy\n|-supereffective|p2a: Manaphy\n|-damage|p2a: Manaphy|49\/100 slp\n|-heal|p1a: AAAAAHHHHHHH|31\/100 psn|[from] drain|[of] p2a: Manaphy\n|\n|-heal|p2a: Manaphy|55\/100 slp|[from] item: Leftovers\n|-damage|p1a: AAAAAHHHHHHH|19\/100 psn|[from] psn\n|upkeep\n|turn|30\n|\n|t:|1697964528\n|cant|p2a: Manaphy|slp\n|move|p1a: AAAAAHHHHHHH|Giga Drain|p2a: Manaphy\n|-supereffective|p2a: Manaphy\n|-damage|p2a: Manaphy|25\/100 slp\n|-heal|p1a: AAAAAHHHHHHH|35\/100 psn|[from] drain|[of] p2a: Manaphy\n|\n|-heal|p2a: Manaphy|31\/100 slp|[from] item: Leftovers\n|-damage|p1a: AAAAAHHHHHHH|22\/100 psn|[from] psn\n|upkeep\n|turn|31\n|\n|t:|1697964538\n|switch|p2a: Ceruledge|Ceruledge, M|100\/100\n|move|p1a: AAAAAHHHHHHH|Giga Drain|p2a: Ceruledge\n|-resisted|p2a: Ceruledge\n|-damage|p2a: Ceruledge|86\/100\n|-heal|p1a: AAAAAHHHHHHH|28\/100 psn|[from] drain|[of] p2a: Ceruledge\n|\n|-damage|p1a: AAAAAHHHHHHH|16\/100 psn|[from] psn\n|upkeep\n|turn|32\n|\n|t:|1697964547\n|move|p1a: AAAAAHHHHHHH|Protect|p1a: AAAAAHHHHHHH\n|-singleturn|p1a: AAAAAHHHHHHH|Protect\n|move|p2a: Ceruledge|Shadow Sneak|p1a: AAAAAHHHHHHH\n|-activate|p1a: AAAAAHHHHHHH|move: Protect\n|\n|-damage|p1a: AAAAAHHHHHHH|3\/100 psn|[from] psn\n|upkeep\n|turn|33\n|\n|t:|1697964558\n|move|p1a: AAAAAHHHHHHH|Protect||[still]\n|-fail|p1a: AAAAAHHHHHHH\n|move|p2a: Ceruledge|Shadow Sneak|p1a: AAAAAHHHHHHH\n|-damage|p1a: AAAAAHHHHHHH|0 fnt\n|faint|p1a: AAAAAHHHHHHH\n|\n|win|nicneg\n|c|\u2606nicneg|gg\n|c|\u2606Pickles0exe|gg\n","uploadtime":1697964568,"views":30,"p1id":"pickles0exe","p2id":"nicneg","formatid":"gen9ubers","rating":0,"private":0,"password":""}