{"id":"gen9ubers-1970776268","p1":"Jeusu","p2":"remlicity","format":"[Gen 9] Ubers","log":"|j|\u2606Jeusu\n|j|\u2606remlicity\n|t:|1697666065\n|gametype|singles\n|player|p1|Jeusu|plasmagruntf|1176\n|player|p2|remlicity|1|1156\n|teamsize|p1|6\n|teamsize|p2|6\n|gen|9\n|tier|[Gen 9] Ubers\n|rated|\n|rule|Sleep Clause Mod: Limit one foe put to sleep\n|rule|Species Clause: Limit one of each Pok\u00e9mon\n|rule|OHKO Clause: OHKO moves are banned\n|rule|Evasion Items Clause: Evasion items are banned\n|rule|Evasion Moves Clause: Evasion moves are banned\n|rule|Endless Battle Clause: Forcing endless battles is banned\n|rule|HP Percentage Mod: HP is shown in percentages\n|clearpoke\n|poke|p1|Shaymin-Sky|\n|poke|p1|Miraidon|\n|poke|p1|Hatterene, F|\n|poke|p1|Skeledirge, M|\n|poke|p1|Grimmsnarl, M|\n|poke|p1|Arceus-Ground|\n|poke|p2|Froslass, F|\n|poke|p2|Zacian-*|\n|poke|p2|Chien-Pao|\n|poke|p2|Miraidon|\n|poke|p2|Dragonite, F|\n|poke|p2|Flutter Mane|\n|teampreview\n|\n|t:|1697666073\n|start\n|switch|p1a: Grimmsnarl|Grimmsnarl, M|100\/100\n|switch|p2a: Froslass|Froslass, F|100\/100\n|turn|1\n|\n|t:|1697666082\n|move|p1a: Grimmsnarl|Parting Shot|p2a: Froslass\n|-unboost|p2a: Froslass|atk|1\n|-unboost|p2a: Froslass|spa|1\n|\n|t:|1697666087\n|switch|p1a: Skeledirge|Skeledirge, M|100\/100|[from] Parting Shot\n|move|p2a: Froslass|Taunt|p1a: Skeledirge\n|-start|p1a: Skeledirge|move: Taunt\n|\n|upkeep\n|turn|2\n|\n|t:|1697666096\n|move|p2a: Froslass|Spikes|p1a: Skeledirge\n|-sidestart|p1: Jeusu|Spikes\n|move|p1a: Skeledirge|Torch Song|p2a: Froslass\n|-supereffective|p2a: Froslass\n|-damage|p2a: Froslass|6\/100\n|-boost|p1a: Skeledirge|spa|1\n|\n|upkeep\n|turn|3\n|\n|t:|1697666111\n|switch|p1a: Miraidon|Miraidon|100\/100\n|-damage|p1a: Miraidon|88\/100|[from] Spikes\n|-fieldstart|move: Electric Terrain|[from] ability: Hadron Engine|[of] p1a: Miraidon\n|move|p2a: Froslass|Destiny Bond|p2a: Froslass\n|-singlemove|p2a: Froslass|Destiny Bond\n|\n|upkeep\n|turn|4\n|\n|t:|1697666124\n|switch|p1a: Hatterene|Hatterene, F|100\/100\n|move|p2a: Froslass|Icy Wind|p1a: Hatterene\n|-damage|p1a: Hatterene|86\/100\n|-unboost|p1a: Hatterene|spe|1\n|\n|upkeep\n|turn|5\n|\n|t:|1697666133\n|move|p2a: Froslass|Destiny Bond|p2a: Froslass\n|-singlemove|p2a: Froslass|Destiny Bond\n|move|p1a: Hatterene|Draining Kiss|p2a: Froslass\n|-crit|p2a: Froslass\n|-damage|p2a: Froslass|0 fnt\n|-heal|p1a: Hatterene|90\/100|[from] drain|[of] p2a: Froslass\n|faint|p2a: Froslass\n|-activate|p2a: Froslass|move: Destiny Bond\n|faint|p1a: Hatterene\n|\n|upkeep\n|\n|t:|1697666143\n|switch|p2a: Zacian|Zacian-Crowned|100\/100\n|switch|p1a: Miraidon|Miraidon|88\/100\n|-damage|p1a: Miraidon|76\/100|[from] Spikes\n|-activate|p1a: Miraidon|ability: Hadron Engine\n|-ability|p2a: Zacian|Intrepid Sword|boost\n|-boost|p2a: Zacian|atk|1\n|turn|6\n|\n|t:|1697666151\n|move|p1a: Miraidon|Overheat|p2a: Zacian\n|-supereffective|p2a: Zacian\n|-damage|p2a: Zacian|0 fnt\n|-unboost|p1a: Miraidon|spa|2\n|faint|p2a: Zacian\n|\n|upkeep\n|\n|t:|1697666157\n|switch|p2a: Flutter Mane|Flutter Mane|100\/100\n|turn|7\n|\n|t:|1697666165\n|switch|p1a: Shaymin|Shaymin-Sky|100\/100\n|move|p2a: Flutter Mane|Calm Mind|p2a: Flutter Mane\n|-boost|p2a: Flutter Mane|spa|1\n|-boost|p2a: Flutter Mane|spd|1\n|\n|-fieldend|move: Electric Terrain\n|upkeep\n|turn|8\n|\n|t:|1697666177\n|-terastallize|p2a: Flutter Mane|Fairy\n|move|p2a: Flutter Mane|Moonblast|p1a: Shaymin\n|-damage|p1a: Shaymin|0 fnt\n|faint|p1a: Shaymin\n|-damage|p2a: Flutter Mane|91\/100|[from] item: Life Orb\n|\n|upkeep\n|\n|t:|1697666182\n|switch|p1a: Grimmsnarl|Grimmsnarl, M|100\/100\n|-damage|p1a: Grimmsnarl|88\/100|[from] Spikes\n|turn|9\n|\n|t:|1697666188\n|move|p1a: Grimmsnarl|Trick|p2a: Flutter Mane\n|-activate|p1a: Grimmsnarl|move: Trick|[of] p2a: Flutter Mane\n|-item|p2a: Flutter Mane|Lagging Tail|[from] move: Trick\n|-item|p1a: Grimmsnarl|Life Orb|[from] move: Trick\n|move|p2a: Flutter Mane|Moonblast|p1a: Grimmsnarl\n|-supereffective|p1a: Grimmsnarl\n|-damage|p1a: Grimmsnarl|0 fnt\n|faint|p1a: Grimmsnarl\n|\n|upkeep\n|\n|t:|1697666199\n|switch|p1a: Arceus|Arceus-Ground|100\/100\n|-damage|p1a: Arceus|88\/100|[from] Spikes\n|turn|10\n|\n|t:|1697666205\n|move|p1a: Arceus|Earthquake|p2a: Flutter Mane\n|-damage|p2a: Flutter Mane|0 fnt\n|faint|p2a: Flutter Mane\n|-end|p2a: Flutter Mane|Protosynthesis|[silent]\n|\n|upkeep\n|\n|t:|1697666211\n|switch|p2a: Chien-Pao|Chien-Pao|100\/100\n|-ability|p2a: Chien-Pao|Sword of Ruin\n|turn|11\n|\n|t:|1697666215\n|-terastallize|p1a: Arceus|Normal\n|move|p2a: Chien-Pao|Ice Spinner|p1a: Arceus\n|-damage|p1a: Arceus|39\/100\n|-damage|p2a: Chien-Pao|91\/100|[from] item: Life Orb\n|move|p1a: Arceus|Dragon Dance|p1a: Arceus\n|-boost|p1a: Arceus|atk|1\n|-boost|p1a: Arceus|spe|1\n|\n|upkeep\n|turn|12\n|\n|t:|1697666224\n|move|p1a: Arceus|Extreme Speed|p2a: Chien-Pao\n|-damage|p2a: Chien-Pao|15\/100\n|move|p2a: Chien-Pao|Sucker Punch||[still]\n|-fail|p2a: Chien-Pao\n|\n|upkeep\n|turn|13\n|\n|t:|1697666239\n|move|p1a: Arceus|Extreme Speed|p2a: Chien-Pao\n|-damage|p2a: Chien-Pao|0 fnt\n|faint|p2a: Chien-Pao\n|\n|upkeep\n|\n|t:|1697666243\n|switch|p2a: Dragonite|Dragonite, F|100\/100\n|turn|14\n|\n|t:|1697666253\n|move|p1a: Arceus|Extreme Speed|p2a: Dragonite\n|-damage|p2a: Dragonite|69\/100\n|move|p2a: Dragonite|Earthquake|p1a: Arceus\n|-damage|p1a: Arceus|7\/100\n|\n|upkeep\n|turn|15\n|\n|t:|1697666259\n|move|p1a: Arceus|Extreme Speed|p2a: Dragonite\n|-damage|p2a: Dragonite|0 fnt\n|faint|p2a: Dragonite\n|\n|upkeep\n|\n|t:|1697666266\n|switch|p2a: Miraidon|Miraidon|100\/100\n|-fieldstart|move: Electric Terrain|[from] ability: Hadron Engine|[of] p2a: Miraidon\n|turn|16\n|\n|t:|1697666272\n|move|p1a: Arceus|Earthquake|p2a: Miraidon\n|-supereffective|p2a: Miraidon\n|-damage|p2a: Miraidon|0 fnt\n|faint|p2a: Miraidon\n|\n|win|Jeusu\n|raw|Jeusu's rating: 1176 &rarr; <strong>1200<\/strong><br \/>(+24 for winning)\n|raw|remlicity's rating: 1156 &rarr; <strong>1132<\/strong><br \/>(-24 for losing)\n|l|\u2606remlicity\n","uploadtime":1697666278,"views":15,"p1id":"jeusu","p2id":"remlicity","formatid":"gen9ubers","rating":1132,"private":0,"password":""}