{"id":"gen9ubers-1997166605","p1":"dragonmaster441","p2":"River100","format":"[Gen 9] Ubers","log":"|j|\u2606dragonmaster441\n|j|\u2606River100\n|t:|1700771322\n|gametype|singles\n|player|p1|dragonmaster441|bianca|1130\n|player|p2|River100|bruno-gen1|1262\n|teamsize|p1|6\n|teamsize|p2|6\n|gen|9\n|tier|[Gen 9] Ubers\n|rated|\n|rule|Sleep Clause Mod: Limit one foe put to sleep\n|rule|Species Clause: Limit one of each Pok\u00e9mon\n|rule|OHKO Clause: OHKO moves are banned\n|rule|Evasion Items Clause: Evasion items are banned\n|rule|Evasion Moves Clause: Evasion moves are banned\n|rule|Endless Battle Clause: Forcing endless battles is banned\n|rule|HP Percentage Mod: HP is shown in percentages\n|clearpoke\n|poke|p1|Chien-Pao|\n|poke|p1|Arceus-Water|\n|poke|p1|Calyrex-Ice|\n|poke|p1|Groudon|\n|poke|p1|Kyogre|\n|poke|p1|Koraidon|\n|poke|p2|Miraidon|\n|poke|p2|Groudon|\n|poke|p2|Eternatus|\n|poke|p2|Kyogre|\n|poke|p2|Corviknight, M|\n|poke|p2|Glimmora, F|\n|teampreview\n|inactive|Battle timer is ON: inactive players will automatically lose when time's up. (requested by dragonmaster441)\n|c|\u2606dragonmaster441|hf\n|\n|t:|1700771333\n|start\n|switch|p1a: Kyogre|Kyogre|100\/100\n|switch|p2a: Kyogre|Kyogre|100\/100\n|-weather|RainDance|[from] ability: Drizzle|[of] p2a: Kyogre\n|turn|1\n|\n|t:|1700771340\n|switch|p1a: Koraidon|Koraidon|100\/100\n|-weather|SunnyDay|[from] ability: Orichalcum Pulse|[of] p1a: Koraidon\n|-activate|p1a: Koraidon|Orichalcum Pulse|[source]\n|move|p2a: Kyogre|Thunder|p1a: Koraidon\n|-resisted|p1a: Koraidon\n|-damage|p1a: Koraidon|68\/100\n|-status|p1a: Koraidon|par\n|\n|-weather|SunnyDay|[upkeep]\n|upkeep\n|turn|2\n|\n|t:|1700771354\n|switch|p2a: Groudon|Groudon|100\/100\n|cant|p1a: Koraidon|par\n|\n|-weather|SunnyDay|[upkeep]\n|upkeep\n|turn|3\n|\n|t:|1700771359\n|move|p1a: Koraidon|U-turn|p2a: Groudon\n|-damage|p2a: Groudon|78\/100\n|\n|t:|1700771368\n|switch|p1a: Groudon|Groudon|100\/100|[from] U-turn\n|move|p2a: Groudon|Precipice Blades|p1a: Groudon\n|-damage|p1a: Groudon|63\/100\n|\n|-weather|SunnyDay|[upkeep]\n|-heal|p2a: Groudon|84\/100|[from] item: Leftovers\n|-heal|p1a: Groudon|69\/100|[from] item: Leftovers\n|upkeep\n|turn|4\n|\n|t:|1700771374\n|move|p2a: Groudon|Swords Dance|p2a: Groudon\n|-boost|p2a: Groudon|atk|2\n|move|p1a: Groudon|Spikes|p2a: Groudon\n|-sidestart|p2: River100|Spikes\n|\n|-weather|SunnyDay|[upkeep]\n|-heal|p2a: Groudon|90\/100|[from] item: Leftovers\n|-heal|p1a: Groudon|75\/100|[from] item: Leftovers\n|upkeep\n|turn|5\n|\n|t:|1700771376\n|move|p2a: Groudon|Precipice Blades|p1a: Groudon\n|-damage|p1a: Groudon|0 fnt\n|faint|p1a: Groudon\n|\n|-weather|none\n|-heal|p2a: Groudon|97\/100|[from] item: Leftovers\n|upkeep\n|\n|t:|1700771379\n|switch|p1a: Calyrex|Calyrex-Ice|100\/100\n|-ability|p1a: Calyrex|As One\n|-ability|p1a: Calyrex|Unnerve\n|turn|6\n|\n|t:|1700771384\n|move|p2a: Groudon|Thunder Wave|p1a: Calyrex\n|-status|p1a: Calyrex|par\n|cant|p1a: Calyrex|par\n|\n|-heal|p2a: Groudon|100\/100|[from] item: Leftovers\n|upkeep\n|turn|7\n|\n|t:|1700771389\n|move|p2a: Groudon|Stone Edge|p1a: Calyrex\n|-supereffective|p1a: Calyrex\n|-damage|p1a: Calyrex|0 fnt\n|faint|p1a: Calyrex\n|\n|upkeep\n|\n|t:|1700771393\n|switch|p1a: Chien-Pao|Chien-Pao|100\/100\n|-ability|p1a: Chien-Pao|Sword of Ruin\n|turn|8\n|\n|t:|1700771397\n|move|p1a: Chien-Pao|Ice Spinner|p2a: Groudon\n|-supereffective|p2a: Groudon\n|-damage|p2a: Groudon|34\/100\n|move|p2a: Groudon|Stone Edge|p1a: Chien-Pao\n|-supereffective|p1a: Chien-Pao\n|-damage|p1a: Chien-Pao|0 fnt\n|faint|p1a: Chien-Pao\n|\n|-heal|p2a: Groudon|41\/100|[from] item: Leftovers\n|upkeep\n|\n|t:|1700771407\n|switch|p1a: Arceus|Arceus-Water|100\/100\n|turn|9\n|\n|t:|1700771409\n|move|p1a: Arceus|Ice Beam|p2a: Groudon\n|-supereffective|p2a: Groudon\n|-damage|p2a: Groudon|0 fnt\n|faint|p2a: Groudon\n|\n|upkeep\n|\n|t:|1700771418\n|switch|p2a: Kyogre|Kyogre|100\/100\n|-damage|p2a: Kyogre|88\/100|[from] Spikes\n|-weather|RainDance|[from] ability: Drizzle|[of] p2a: Kyogre\n|turn|10\n|\n|t:|1700771421\n|move|p1a: Arceus|Will-O-Wisp|p2a: Kyogre\n|-status|p2a: Kyogre|brn\n|move|p2a: Kyogre|Thunder|p1a: Arceus\n|-supereffective|p1a: Arceus\n|-damage|p1a: Arceus|18\/100\n|\n|-weather|RainDance|[upkeep]\n|-damage|p2a: Kyogre|82\/100 brn|[from] brn\n|upkeep\n|turn|11\n|\n|t:|1700771429\n|switch|p1a: Koraidon|Koraidon|68\/100 par\n|-weather|SunnyDay|[from] ability: Orichalcum Pulse|[of] p1a: Koraidon\n|-activate|p1a: Koraidon|Orichalcum Pulse|[source]\n|move|p2a: Kyogre|Thunder|p1a: Koraidon|[miss]\n|-miss|p2a: Kyogre|p1a: Koraidon\n|\n|-weather|SunnyDay|[upkeep]\n|-damage|p2a: Kyogre|76\/100 brn|[from] brn\n|upkeep\n|turn|12\n|\n|t:|1700771438\n|switch|p2a: Glimmora|Glimmora, F|100\/100\n|-damage|p2a: Glimmora|88\/100|[from] Spikes\n|move|p1a: Koraidon|Close Combat|p2a: Glimmora\n|-damage|p2a: Glimmora|0 fnt\n|-unboost|p1a: Koraidon|def|1\n|-unboost|p1a: Koraidon|spd|1\n|-activate|p2a: Glimmora|ability: Toxic Debris\n|-sidestart|p1: dragonmaster441|move: Toxic Spikes\n|faint|p2a: Glimmora\n|\n|-weather|SunnyDay|[upkeep]\n|upkeep\n|\n|t:|1700771442\n|switch|p2a: Miraidon|Miraidon|100\/100\n|-damage|p2a: Miraidon|88\/100|[from] Spikes\n|-fieldstart|move: Electric Terrain|[from] ability: Hadron Engine|[of] p2a: Miraidon\n|turn|13\n|\n|t:|1700771446\n|move|p2a: Miraidon|Dragon Pulse|p1a: Koraidon\n|-supereffective|p1a: Koraidon\n|-damage|p1a: Koraidon|0 fnt\n|faint|p1a: Koraidon\n|\n|-weather|SunnyDay|[upkeep]\n|upkeep\n|\n|t:|1700771448\n|switch|p1a: Kyogre|Kyogre|100\/100\n|-status|p1a: Kyogre|psn\n|-weather|RainDance|[from] ability: Drizzle|[of] p1a: Kyogre\n|turn|14\n|\n|t:|1700771452\n|move|p2a: Miraidon|Dragon Pulse|p1a: Kyogre\n|-damage|p1a: Kyogre|62\/100 psn\n|move|p1a: Kyogre|Calm Mind|p1a: Kyogre\n|-boost|p1a: Kyogre|spa|1\n|-boost|p1a: Kyogre|spd|1\n|\n|-weather|RainDance|[upkeep]\n|-damage|p1a: Kyogre|49\/100 psn|[from] psn\n|upkeep\n|turn|15\n|\n|t:|1700771456\n|-terastallize|p1a: Kyogre|Fairy\n|move|p2a: Miraidon|Dragon Pulse|p1a: Kyogre\n|-immune|p1a: Kyogre\n|move|p1a: Kyogre|Rest||[still]\n|-activate|p1a: Kyogre|move: Electric Terrain\n|-fail|p1a: Kyogre\n|\n|-weather|RainDance|[upkeep]\n|-damage|p1a: Kyogre|37\/100 psn|[from] psn\n|upkeep\n|turn|16\n|\n|t:|1700771465\n|switch|p2a: Corviknight|Corviknight, M|100\/100\n|-ability|p2a: Corviknight|Pressure\n|move|p1a: Kyogre|Calm Mind|p1a: Kyogre\n|-boost|p1a: Kyogre|spa|1\n|-boost|p1a: Kyogre|spd|1\n|\n|-weather|RainDance|[upkeep]\n|-damage|p1a: Kyogre|25\/100 psn|[from] psn\n|upkeep\n|turn|17\n|\n|t:|1700771468\n|move|p1a: Kyogre|Surf|p2a: Corviknight\n|-damage|p2a: Corviknight|0 fnt\n|faint|p2a: Corviknight\n|\n|-weather|RainDance|[upkeep]\n|-damage|p1a: Kyogre|12\/100 psn|[from] psn\n|-fieldend|move: Electric Terrain\n|upkeep\n|\n|t:|1700771472\n|switch|p2a: Eternatus|Eternatus|100\/100\n|-damage|p2a: Eternatus|88\/100|[from] Spikes\n|-ability|p2a: Eternatus|Pressure\n|turn|18\n|\n|t:|1700771475\n|move|p2a: Eternatus|Sludge Bomb|p1a: Kyogre\n|-supereffective|p1a: Kyogre\n|-damage|p1a: Kyogre|0 fnt\n|faint|p1a: Kyogre\n|\n|-weather|none\n|-heal|p2a: Eternatus|94\/100|[from] item: Leftovers\n|upkeep\n|\n|t:|1700771477\n|switch|p1a: Arceus|Arceus-Water|18\/100\n|-status|p1a: Arceus|psn\n|turn|19\n|\n|t:|1700771478\n|move|p2a: Eternatus|Dynamax Cannon|p1a: Arceus\n|-damage|p1a: Arceus|0 fnt\n|faint|p1a: Arceus\n|\n|win|River100\n|raw|dragonmaster441's rating: 1130 &rarr; <strong>1114<\/strong><br \/>(-16 for losing)\n|raw|River100's rating: 1262 &rarr; <strong>1278<\/strong><br \/>(+16 for winning)\n","uploadtime":1700771481,"views":5,"p1id":"dragonmaster441","p2id":"river100","formatid":"gen9ubers","rating":1114,"private":0,"password":""}