{"id":"gen9ubers-1975233879","p1":"Nitro524","p2":"RubenPaCe","format":"[Gen 9] Ubers","log":"|j|\u2606Nitro524\n|j|\u2606RubenPaCe\n|t:|1698172324\n|gametype|singles\n|player|p1|Nitro524|hilbert-wonderlauncher|\n|player|p2|RubenPaCe|266|\n|teamsize|p1|6\n|teamsize|p2|6\n|gen|9\n|tier|[Gen 9] Ubers\n|rule|Sleep Clause Mod: Limit one foe put to sleep\n|rule|Species Clause: Limit one of each Pok\u00e9mon\n|rule|OHKO Clause: OHKO moves are banned\n|rule|Evasion Items Clause: Evasion items are banned\n|rule|Evasion Moves Clause: Evasion moves are banned\n|rule|Endless Battle Clause: Forcing endless battles is banned\n|rule|HP Percentage Mod: HP is shown in percentages\n|clearpoke\n|poke|p1|Torkoal, M|\n|poke|p1|Chi-Yu|\n|poke|p1|Cyclizar, F|\n|poke|p1|Volcarona, M|\n|poke|p1|Shiftry, M|\n|poke|p1|Walking Wake|\n|poke|p2|Spectrier|\n|poke|p2|Zacian-*|\n|poke|p2|Ursaluna-Bloodmoon, M|\n|poke|p2|Magearna|\n|poke|p2|Arceus-Poison|\n|poke|p2|Giratina|\n|teampreview\n|c|\u2606Nitro524|gl\n|c|\u2606Nitro524|you in the tour?\n|c|\u2606RubenPaCe|nah\n|c|\u2606Nitro524|fair\n|c|\u2606RubenPaCe|I'm not a tour kind of guy\n|c|\u2606Nitro524|i'm testing out a couple teams\n|c|\u2606Nitro524|and i've learned how weak to stall i am\n|c|\u2606RubenPaCe|well taunt is a nice option\n|\n|t:|1698172424\n|start\n|switch|p1a: Torkoal|Torkoal, M|100\/100\n|switch|p2a: Spectrier|Spectrier|100\/100\n|-weather|SunnyDay|[from] ability: Drought|[of] p1a: Torkoal\n|turn|1\n|c|\u2606Nitro524|that's true\n|\n|t:|1698172440\n|move|p2a: Spectrier|Substitute|p2a: Spectrier\n|-start|p2a: Spectrier|Substitute\n|-damage|p2a: Spectrier|76\/100\n|move|p1a: Torkoal|Stealth Rock|p2a: Spectrier\n|-sidestart|p2: RubenPaCe|move: Stealth Rock\n|\n|-weather|SunnyDay|[upkeep]\n|upkeep\n|turn|2\n|\n|t:|1698172446\n|switch|p1a: The Cooler Volc|Chi-Yu|100\/100\n|-ability|p1a: The Cooler Volc|Beads of Ruin\n|move|p2a: Spectrier|Shadow Ball|p1a: The Cooler Volc\n|-resisted|p1a: The Cooler Volc\n|-damage|p1a: The Cooler Volc|74\/100\n|\n|-weather|SunnyDay|[upkeep]\n|upkeep\n|turn|3\n|\n|t:|1698172456\n|move|p1a: The Cooler Volc|Dark Pulse|p2a: Spectrier\n|-supereffective|p2a: Spectrier\n|-end|p2a: Spectrier|Substitute\n|move|p2a: Spectrier|Tera Blast|p1a: The Cooler Volc\n|-damage|p1a: The Cooler Volc|36\/100\n|\n|-weather|SunnyDay|[upkeep]\n|upkeep\n|turn|4\n|\n|t:|1698172460\n|switch|p2a: Magearna|Magearna|100\/100\n|-damage|p2a: Magearna|94\/100|[from] Stealth Rock\n|move|p1a: The Cooler Volc|Dark Pulse|p2a: Magearna\n|-resisted|p2a: Magearna\n|-damage|p2a: Magearna|68\/100\n|\n|-weather|SunnyDay|[upkeep]\n|-heal|p2a: Magearna|74\/100|[from] item: Leftovers\n|upkeep\n|turn|5\n|\n|t:|1698172473\n|switch|p1a: Volcarona|Volcarona, M|100\/100\n|move|p2a: Magearna|Thunder Wave|p1a: Volcarona\n|-status|p1a: Volcarona|par\n|\n|-weather|SunnyDay|[upkeep]\n|-heal|p2a: Magearna|80\/100|[from] item: Leftovers\n|upkeep\n|turn|6\n|\n|t:|1698172481\n|move|p2a: Magearna|Volt Switch|p1a: Volcarona\n|-damage|p1a: Volcarona|81\/100 par\n|\n|t:|1698172483\n|switch|p2a: Giratina|Giratina|100\/100|[from] Volt Switch\n|-ability|p2a: Giratina|Pressure\n|cant|p1a: Volcarona|par\n|\n|-weather|SunnyDay|[upkeep]\n|upkeep\n|turn|7\n|\n|t:|1698172489\n|move|p2a: Giratina|Hex|p1a: Volcarona\n|-damage|p1a: Volcarona|31\/100 par\n|move|p1a: Volcarona|Quiver Dance|p1a: Volcarona\n|-boost|p1a: Volcarona|spa|1\n|-boost|p1a: Volcarona|spd|1\n|-boost|p1a: Volcarona|spe|1\n|\n|-weather|SunnyDay|[upkeep]\n|upkeep\n|turn|8\n|\n|t:|1698172507\n|switch|p1a: Cyclizar|Cyclizar, F|100\/100\n|move|p2a: Giratina|Defog|p1a: Cyclizar\n|-unboost|p1a: Cyclizar|evasion|1\n|-sideend|p2: RubenPaCe|Stealth Rock|[from] move: Defog|[of] p2a: Giratina\n|\n|-weather|none\n|upkeep\n|turn|9\n|\n|t:|1698172515\n|move|p1a: Cyclizar|Shed Tail|p1a: Cyclizar\n|-start|p1a: Cyclizar|Substitute|[from] move: Shed Tail\n|-damage|p1a: Cyclizar|50\/100\n|\n|t:|1698172525\n|switch|p1a: The Cooler Volc|Chi-Yu|36\/100|[from] Shed Tail\n|-ability|p1a: The Cooler Volc|Beads of Ruin\n|move|p2a: Giratina|Roar|p1a: The Cooler Volc\n|drag|p1a: Cyclizar|Cyclizar, F|84\/100\n|\n|upkeep\n|turn|10\n|\n|t:|1698172534\n|switch|p1a: Torkoal|Torkoal, M|100\/100\n|-weather|SunnyDay|[from] ability: Drought|[of] p1a: Torkoal\n|move|p2a: Giratina|Will-O-Wisp|p1a: Torkoal|[miss]\n|-miss|p2a: Giratina|p1a: Torkoal\n|\n|-weather|SunnyDay|[upkeep]\n|upkeep\n|turn|11\n|\n|t:|1698172552\n|move|p2a: Giratina|Hex|p1a: Torkoal\n|-damage|p1a: Torkoal|73\/100\n|move|p1a: Torkoal|Earth Power|p2a: Giratina\n|-damage|p2a: Giratina|93\/100\n|\n|-weather|SunnyDay|[upkeep]\n|upkeep\n|turn|12\n|\n|t:|1698172557\n|move|p2a: Giratina|Hex|p1a: Torkoal\n|-damage|p1a: Torkoal|43\/100\n|move|p1a: Torkoal|Stealth Rock|p2a: Giratina\n|-sidestart|p2: RubenPaCe|move: Stealth Rock\n|\n|-weather|SunnyDay|[upkeep]\n|upkeep\n|turn|13\n|\n|t:|1698172561\n|switch|p1a: Cyclizar|Cyclizar, F|100\/100\n|move|p2a: Giratina|Defog|p1a: Cyclizar\n|-unboost|p1a: Cyclizar|evasion|1\n|-sideend|p2: RubenPaCe|Stealth Rock|[from] move: Defog|[of] p2a: Giratina\n|\n|-weather|SunnyDay|[upkeep]\n|upkeep\n|turn|14\n|\n|t:|1698172571\n|move|p1a: Cyclizar|Shed Tail|p1a: Cyclizar\n|-start|p1a: Cyclizar|Substitute|[from] move: Shed Tail\n|-damage|p1a: Cyclizar|50\/100\n|\n|t:|1698172574\n|switch|p1a: The Cooler Volc|Chi-Yu|36\/100|[from] Shed Tail\n|-ability|p1a: The Cooler Volc|Beads of Ruin\n|move|p2a: Giratina|Will-O-Wisp||[still]\n|-fail|p2a: Giratina\n|\n|-weather|SunnyDay|[upkeep]\n|upkeep\n|turn|15\n|\n|t:|1698172581\n|switch|p2a: Magearna|Magearna|80\/100\n|move|p1a: The Cooler Volc|Dark Pulse|p2a: Magearna\n|-resisted|p2a: Magearna\n|-damage|p2a: Magearna|52\/100\n|\n|-weather|SunnyDay|[upkeep]\n|-heal|p2a: Magearna|58\/100|[from] item: Leftovers\n|upkeep\n|turn|16\n|\n|t:|1698172587\n|move|p1a: The Cooler Volc|Dark Pulse|p2a: Magearna\n|-resisted|p2a: Magearna\n|-crit|p2a: Magearna\n|-damage|p2a: Magearna|20\/100\n|move|p2a: Magearna|Volt Switch|p1a: The Cooler Volc\n|-activate|p1a: The Cooler Volc|move: Substitute|[damage]\n|\n|t:|1698172617\n|switch|p2a: Arceus|Arceus-Poison|100\/100|[from] Volt Switch\n|\n|-weather|SunnyDay|[upkeep]\n|upkeep\n|turn|17\n|\n|t:|1698172624\n|-terastallize|p2a: Arceus|Dark\n|move|p1a: The Cooler Volc|Dark Pulse|p2a: Arceus\n|-resisted|p2a: Arceus\n|-damage|p2a: Arceus|79\/100\n|move|p2a: Arceus|Calm Mind|p2a: Arceus\n|-boost|p2a: Arceus|spa|1\n|-boost|p2a: Arceus|spd|1\n|\n|-weather|none\n|upkeep\n|turn|18\n|\n|t:|1698172633\n|switch|p1a: Torkoal|Torkoal, M|43\/100\n|-weather|SunnyDay|[from] ability: Drought|[of] p1a: Torkoal\n|move|p2a: Arceus|Judgment|p1a: Torkoal\n|-damage|p1a: Torkoal|0 fnt\n|faint|p1a: Torkoal\n|\n|-weather|SunnyDay|[upkeep]\n|upkeep\n|\n|t:|1698172647\n|switch|p1a: Volcarona|Volcarona, M|31\/100 par\n|turn|19\n|\n|t:|1698172652\n|move|p2a: Arceus|Calm Mind|p2a: Arceus\n|-boost|p2a: Arceus|spa|1\n|-boost|p2a: Arceus|spd|1\n|move|p1a: Volcarona|Bug Buzz|p2a: Arceus\n|-supereffective|p2a: Arceus\n|-crit|p2a: Arceus\n|-damage|p2a: Arceus|0 fnt\n|faint|p2a: Arceus\n|\n|-weather|SunnyDay|[upkeep]\n|upkeep\n|c|\u2606RubenPaCe|oh\n|c|\u2606RubenPaCe|that sucks\n|\n|t:|1698172660\n|switch|p2a: Spectrier|Spectrier|76\/100\n|turn|20\n|c|\u2606Nitro524|rip\n|\n|t:|1698172670\n|move|p2a: Spectrier|Substitute|p2a: Spectrier\n|-start|p2a: Spectrier|Substitute\n|-damage|p2a: Spectrier|51\/100\n|move|p1a: Volcarona|Flamethrower|p2a: Spectrier\n|-end|p2a: Spectrier|Substitute\n|\n|-weather|SunnyDay|[upkeep]\n|upkeep\n|turn|21\n|\n|t:|1698172675\n|move|p2a: Spectrier|Substitute|p2a: Spectrier\n|-start|p2a: Spectrier|Substitute\n|-damage|p2a: Spectrier|26\/100\n|cant|p1a: Volcarona|par\n|\n|-weather|SunnyDay|[upkeep]\n|upkeep\n|turn|22\n|\n|t:|1698172678\n|move|p2a: Spectrier|Shadow Ball|p1a: Volcarona\n|-damage|p1a: Volcarona|0 fnt\n|faint|p1a: Volcarona\n|-ability|p2a: Spectrier|Grim Neigh|boost\n|-boost|p2a: Spectrier|spa|1\n|\n|-weather|SunnyDay|[upkeep]\n|upkeep\n|\n|t:|1698172684\n|switch|p1a: Shiftry|Shiftry, M|100\/100\n|turn|23\n|\n|t:|1698172688\n|move|p1a: Shiftry|Knock Off|p2a: Spectrier\n|-supereffective|p2a: Spectrier\n|-end|p2a: Spectrier|Substitute\n|move|p2a: Spectrier|Draining Kiss|p1a: Shiftry\n|-supereffective|p1a: Shiftry\n|-damage|p1a: Shiftry|13\/100\n|-heal|p2a: Spectrier|87\/100|[from] drain|[of] p1a: Shiftry\n|\n|-weather|SunnyDay|[upkeep]\n|upkeep\n|turn|24\n|\n|t:|1698172694\n|switch|p2a: Magearna|Magearna|20\/100\n|move|p1a: Shiftry|Knock Off|p2a: Magearna\n|-resisted|p2a: Magearna\n|-damage|p2a: Magearna|0 fnt\n|-enditem|p2a: Magearna|Leftovers|[from] move: Knock Off|[of] p1a: Shiftry\n|faint|p2a: Magearna\n|\n|-weather|SunnyDay|[upkeep]\n|upkeep\n|\n|t:|1698172701\n|switch|p2a: Ursaluna|Ursaluna-Bloodmoon, M|100\/100\n|turn|25\n|\n|t:|1698172706\n|move|p1a: Shiftry|Knock Off|p2a: Ursaluna\n|-damage|p2a: Ursaluna|48\/100\n|-enditem|p2a: Ursaluna|Leftovers|[from] move: Knock Off|[of] p1a: Shiftry\n|move|p2a: Ursaluna|Moonlight|p2a: Ursaluna\n|-heal|p2a: Ursaluna|100\/100\n|\n|-weather|none\n|upkeep\n|turn|26\n|\n|t:|1698172711\n|move|p1a: Shiftry|Knock Off|p2a: Ursaluna\n|-crit|p2a: Ursaluna\n|-damage|p2a: Ursaluna|50\/100\n|move|p2a: Ursaluna|Earth Power|p1a: Shiftry\n|-resisted|p1a: Shiftry\n|-damage|p1a: Shiftry|0 fnt\n|faint|p1a: Shiftry\n|\n|upkeep\n|\n|t:|1698172730\n|switch|p1a: Walking Wake|Walking Wake|100\/100\n|turn|27\n|\n|t:|1698172734\n|move|p1a: Walking Wake|Hydro Steam|p2a: Ursaluna\n|-supereffective|p2a: Ursaluna\n|-damage|p2a: Ursaluna|0 fnt\n|faint|p2a: Ursaluna\n|\n|upkeep\n|\n|t:|1698172737\n|switch|p2a: Zacian|Zacian|100\/100\n|-ability|p2a: Zacian|Intrepid Sword|boost\n|-boost|p2a: Zacian|atk|1\n|turn|28\n|\n|t:|1698172746\n|-terastallize|p1a: Walking Wake|Fairy\n|move|p2a: Zacian|Play Rough|p1a: Walking Wake\n|-damage|p1a: Walking Wake|26\/100\n|move|p1a: Walking Wake|Hydro Steam|p2a: Zacian\n|-damage|p2a: Zacian|40\/100\n|\n|upkeep\n|turn|29\n|\n|t:|1698172754\n|move|p2a: Zacian|Play Rough|p1a: Walking Wake\n|-damage|p1a: Walking Wake|0 fnt\n|faint|p1a: Walking Wake\n|-end|p1a: Walking Wake|Protosynthesis|[silent]\n|\n|upkeep\n|\n|t:|1698172764\n|switch|p1a: The Cooler Volc|Chi-Yu|36\/100\n|-ability|p1a: The Cooler Volc|Beads of Ruin\n|turn|30\n|\n|t:|1698172783\n|switch|p2a: Giratina|Giratina|93\/100\n|-ability|p2a: Giratina|Pressure\n|move|p1a: The Cooler Volc|Flamethrower|p2a: Giratina\n|-resisted|p2a: Giratina\n|-damage|p2a: Giratina|78\/100\n|\n|upkeep\n|turn|31\n|\n|t:|1698172792\n|switch|p1a: Cyclizar|Cyclizar, F|84\/100\n|switch|p2a: Spectrier|Spectrier|87\/100\n|\n|upkeep\n|turn|32\n|\n|t:|1698172797\n|move|p2a: Spectrier|Draining Kiss|p1a: Cyclizar\n|-supereffective|p1a: Cyclizar\n|-damage|p1a: Cyclizar|32\/100\n|-heal|p2a: Spectrier|100\/100|[from] drain|[of] p1a: Cyclizar\n|move|p1a: Cyclizar|Shed Tail|p1a: Cyclizar\n|-fail|p1a: Cyclizar|move: Shed Tail|[weak]\n|\n|upkeep\n|turn|33\n|\n|t:|1698172810\n|move|p2a: Spectrier|Substitute|p2a: Spectrier\n|-start|p2a: Spectrier|Substitute\n|-damage|p2a: Spectrier|76\/100\n|move|p1a: Cyclizar|Knock Off|p2a: Spectrier\n|-supereffective|p2a: Spectrier\n|-end|p2a: Spectrier|Substitute\n|\n|upkeep\n|turn|34\n|\n|t:|1698172814\n|move|p2a: Spectrier|Draining Kiss|p1a: Cyclizar\n|-supereffective|p1a: Cyclizar\n|-crit|p1a: Cyclizar\n|-damage|p1a: Cyclizar|0 fnt\n|-heal|p2a: Spectrier|99\/100|[from] drain|[of] p1a: Cyclizar\n|faint|p1a: Cyclizar\n|-ability|p2a: Spectrier|Grim Neigh|boost\n|-boost|p2a: Spectrier|spa|1\n|\n|upkeep\n|\n|t:|1698172816\n|switch|p1a: The Cooler Volc|Chi-Yu|36\/100\n|-ability|p1a: The Cooler Volc|Beads of Ruin\n|turn|35\n|\n|t:|1698172824\n|move|p1a: The Cooler Volc|Dark Pulse|p2a: Spectrier\n|-supereffective|p2a: Spectrier\n|-damage|p2a: Spectrier|0 fnt\n|faint|p2a: Spectrier\n|\n|upkeep\n|\n|t:|1698172827\n|switch|p2a: Zacian|Zacian|40\/100\n|turn|36\n|\n|t:|1698172829\n|move|p1a: The Cooler Volc|Dark Pulse|p2a: Zacian\n|-resisted|p2a: Zacian\n|-damage|p2a: Zacian|13\/100\n|move|p2a: Zacian|Close Combat|p1a: The Cooler Volc\n|-supereffective|p1a: The Cooler Volc\n|-damage|p1a: The Cooler Volc|0 fnt\n|-unboost|p2a: Zacian|def|1\n|-unboost|p2a: Zacian|spd|1\n|faint|p1a: The Cooler Volc\n|\n|win|RubenPaCe\n|c|\u2606Nitro524|ggs\n|c|\u2606RubenPaCe|gg\n|c|\u2606Nitro524|didn't expect to get that far lol\n|c|\u2606RubenPaCe|why not lmao\n|c|\u2606Nitro524|took risks\n","uploadtime":1698172841,"views":21,"p1id":"nitro524","p2id":"rubenpace","formatid":"gen9ubers","rating":0,"private":0,"password":""}