{"id":"gen9ubers-1989219932","p1":"deer tamer","p2":"jblockman77","format":"[Gen 9] Ubers","log":"|j|\u2606deer tamer\n|j|\u2606jblockman77\n|t:|1699824781\n|gametype|singles\n|player|p1|deer tamer|swimmer-gen4|\n|player|p2|jblockman77|n|\n|teamsize|p1|6\n|teamsize|p2|6\n|gen|9\n|tier|[Gen 9] Ubers\n|rule|Sleep Clause Mod: Limit one foe put to sleep\n|rule|Species Clause: Limit one of each Pok\u00e9mon\n|rule|OHKO Clause: OHKO moves are banned\n|rule|Evasion Items Clause: Evasion items are banned\n|rule|Evasion Moves Clause: Evasion moves are banned\n|rule|Endless Battle Clause: Forcing endless battles is banned\n|rule|HP Percentage Mod: HP is shown in percentages\n|clearpoke\n|poke|p1|Muk-Alola, M|\n|poke|p1|Skeledirge, F|\n|poke|p1|Clefable, M|\n|poke|p1|Great Tusk|\n|poke|p1|Darkrai|\n|poke|p1|Glastrier|\n|poke|p2|Gholdengo|\n|poke|p2|Rotom-Wash|\n|poke|p2|Tornadus-Therian, M|\n|poke|p2|Iron Valiant|\n|poke|p2|Clodsire, M|\n|poke|p2|Torterra, M|\n|teampreview\n|c|\u2606jblockman77|wait for crisis\n|j| bigmansuperpower\n|c| bigmansuperpower|yo\n|c|\u2606deer tamer|gulp\n|c|\u2606deer tamer|okay sounds good\n|c|\u2606deer tamer|no calcs\n|l| bigmansuperpower\n|c|\u2606deer tamer|im not watching the live btw\n|\n|t:|1699824866\n|start\n|switch|p1a: Muk|Muk-Alola, M, shiny|100\/100\n|switch|p2a: Gholdengo|Gholdengo|100\/100\n|turn|1\n|\n|t:|1699824877\n|switch|p2a: Clodsire|Clodsire, M|100\/100\n|move|p1a: Muk|Knock Off|p2a: Clodsire\n|-damage|p2a: Clodsire|65\/100\n|-enditem|p2a: Clodsire|Leftovers|[from] move: Knock Off|[of] p1a: Muk\n|\n|upkeep\n|turn|2\n|\n|t:|1699824891\n|switch|p1a: Great Tusk|Great Tusk|100\/100\n|move|p2a: Clodsire|Stealth Rock|p1a: Great Tusk\n|-sidestart|p1: deer tamer|move: Stealth Rock\n|\n|upkeep\n|turn|3\n|\n|t:|1699824907\n|switch|p2a: Tornadus|Tornadus-Therian, M|100\/100\n|move|p1a: Great Tusk|Stealth Rock|p2a: Tornadus\n|-sidestart|p2: jblockman77|move: Stealth Rock\n|\n|upkeep\n|turn|4\n|\n|t:|1699824920\n|-end|p1a: Great Tusk|Protosynthesis|[silent]\n|switch|p1a: Clefable|Clefable, M|100\/100\n|move|p2a: Tornadus|Bleakwind Storm|p1a: Clefable\n|-damage|p1a: Clefable|59\/100\n|\n|upkeep\n|turn|5\n|\n|t:|1699824926\n|move|p2a: Tornadus|U-turn|p1a: Clefable\n|-resisted|p1a: Clefable\n|-damage|p1a: Clefable|52\/100\n|\n|t:|1699824929\n|switch|p2a: Gholdengo|Gholdengo|100\/100|[from] U-turn\n|-damage|p2a: Gholdengo|94\/100|[from] Stealth Rock\n|move|p1a: Clefable|Moonlight|p1a: Clefable\n|-heal|p1a: Clefable|100\/100\n|\n|upkeep\n|turn|6\n|\n|t:|1699824933\n|switch|p1a: Muk|Muk-Alola, M, shiny|100\/100\n|-damage|p1a: Muk|88\/100|[from] Stealth Rock\n|move|p2a: Gholdengo|Shadow Ball|p1a: Muk\n|-resisted|p1a: Muk\n|-damage|p1a: Muk|77\/100\n|\n|upkeep\n|turn|7\n|\n|t:|1699824941\n|switch|p2a: Clodsire|Clodsire, M|65\/100\n|-damage|p2a: Clodsire|59\/100|[from] Stealth Rock\n|move|p1a: Muk|Ice Punch|p2a: Clodsire\n|-supereffective|p2a: Clodsire\n|-damage|p2a: Clodsire|19\/100\n|\n|upkeep\n|turn|8\n|\n|t:|1699824956\n|switch|p2a: Rotom|Rotom-Wash|100\/100\n|-damage|p2a: Rotom|88\/100|[from] Stealth Rock\n|move|p1a: Muk|Knock Off|p2a: Rotom\n|-damage|p2a: Rotom|48\/100\n|-enditem|p2a: Rotom|Leftovers|[from] move: Knock Off|[of] p1a: Muk\n|\n|upkeep\n|turn|9\n|\n|t:|1699824967\n|switch|p1a: Clefable|Clefable, M|100\/100\n|move|p2a: Rotom|Will-O-Wisp|p1a: Clefable|[miss]\n|-miss|p2a: Rotom|p1a: Clefable\n|\n|upkeep\n|turn|10\n|\n|t:|1699824979\n|move|p2a: Rotom|Volt Switch|p1a: Clefable\n|-damage|p1a: Clefable|78\/100\n|\n|t:|1699824983\n|switch|p2a: Gholdengo|Gholdengo|94\/100|[from] Volt Switch\n|-damage|p2a: Gholdengo|88\/100|[from] Stealth Rock\n|move|p1a: Clefable|Calm Mind|p1a: Clefable\n|-boost|p1a: Clefable|spa|1\n|-boost|p1a: Clefable|spd|1\n|\n|upkeep\n|turn|11\n|\n|t:|1699824991\n|switch|p1a: Muk|Muk-Alola, M, shiny|77\/100\n|-damage|p1a: Muk|64\/100|[from] Stealth Rock\n|move|p2a: Gholdengo|Trick|p1a: Muk\n|-activate|p2a: Gholdengo|move: Trick|[of] p1a: Muk\n|-item|p1a: Muk|Choice Scarf|[from] move: Trick\n|-item|p2a: Gholdengo|Assault Vest|[from] move: Trick\n|\n|upkeep\n|turn|12\n|c|\u2606deer tamer|mmm\n|c|\u2606deer tamer|okay\n|\n|t:|1699825009\n|switch|p2a: Rotom|Rotom-Wash|48\/100\n|-damage|p2a: Rotom|36\/100|[from] Stealth Rock\n|move|p1a: Muk|Knock Off|p2a: Rotom\n|-damage|p2a: Rotom|13\/100\n|-status|p2a: Rotom|psn|[from] ability: Poison Touch|[of] p1a: Muk\n|\n|-damage|p2a: Rotom|0 fnt|[from] psn\n|faint|p2a: Rotom\n|upkeep\n|\n|t:|1699825014\n|switch|p2a: Iron Valiant|Iron Valiant|100\/100\n|-damage|p2a: Iron Valiant|94\/100|[from] Stealth Rock\n|-enditem|p2a: Iron Valiant|Booster Energy\n|-activate|p2a: Iron Valiant|ability: Quark Drive|[fromitem]\n|-start|p2a: Iron Valiant|quarkdrivespe\n|turn|13\n|\n|t:|1699825029\n|switch|p1a: Clefable|Clefable, M|78\/100\n|move|p2a: Iron Valiant|Calm Mind|p2a: Iron Valiant\n|-boost|p2a: Iron Valiant|spa|1\n|-boost|p2a: Iron Valiant|spd|1\n|\n|upkeep\n|turn|14\n|\n|t:|1699825042\n|-terastallize|p2a: Iron Valiant|Ghost\n|move|p2a: Iron Valiant|Shadow Ball|p1a: Clefable\n|-damage|p1a: Clefable|24\/100\n|move|p1a: Clefable|Moonlight|p1a: Clefable\n|-heal|p1a: Clefable|74\/100\n|\n|upkeep\n|turn|15\n|\n|t:|1699825052\n|move|p2a: Iron Valiant|Shadow Ball|p1a: Clefable\n|-damage|p1a: Clefable|20\/100\n|move|p1a: Clefable|Moonblast|p2a: Iron Valiant\n|-damage|p2a: Iron Valiant|43\/100\n|\n|upkeep\n|turn|16\n|\n|t:|1699825057\n|move|p2a: Iron Valiant|Shadow Ball|p1a: Clefable\n|-damage|p1a: Clefable|0 fnt\n|faint|p1a: Clefable\n|\n|upkeep\n|c|\u2606deer tamer|belive it or not\n|c|\u2606deer tamer|that was magic guard\n|c|\u2606deer tamer|that tanked\n|\n|t:|1699825084\n|switch|p1a: Skeledirge|Skeledirge, F|100\/100\n|turn|17\n|\n|t:|1699825089\n|-terastallize|p1a: Skeledirge|Fairy\n|move|p2a: Iron Valiant|Shadow Ball|p1a: Skeledirge\n|-damage|p1a: Skeledirge|66\/100\n|move|p1a: Skeledirge|Will-O-Wisp|p2a: Iron Valiant\n|-status|p2a: Iron Valiant|brn\n|\n|-damage|p2a: Iron Valiant|37\/100 brn|[from] brn\n|upkeep\n|turn|18\n|\n|t:|1699825098\n|-end|p2a: Iron Valiant|Quark Drive|[silent]\n|switch|p2a: Gholdengo|Gholdengo|88\/100\n|-damage|p2a: Gholdengo|82\/100|[from] Stealth Rock\n|move|p1a: Skeledirge|Slack Off|p1a: Skeledirge\n|-heal|p1a: Skeledirge|100\/100\n|\n|upkeep\n|turn|19\n|\n|t:|1699825106\n|switch|p1a: Muk|Muk-Alola, M, shiny|64\/100\n|-damage|p1a: Muk|52\/100|[from] Stealth Rock\n|move|p2a: Gholdengo|Make It Rain|p1a: Muk\n|-damage|p1a: Muk|2\/100\n|-unboost|p2a: Gholdengo|spa|1\n|\n|upkeep\n|turn|20\n|\n|t:|1699825121\n|switch|p1a: Great Tusk|Great Tusk|100\/100\n|-damage|p1a: Great Tusk|98\/100|[from] Stealth Rock\n|move|p2a: Gholdengo|Shadow Ball|p1a: Great Tusk\n|-damage|p1a: Great Tusk|58\/100\n|-unboost|p1a: Great Tusk|spd|1\n|\n|-heal|p1a: Great Tusk|64\/100|[from] item: Leftovers\n|upkeep\n|turn|21\n|\n|t:|1699825134\n|switch|p2a: Tornadus|Tornadus-Therian, M|100\/100\n|move|p1a: Great Tusk|Knock Off|p2a: Tornadus\n|-damage|p2a: Tornadus|61\/100\n|-enditem|p2a: Tornadus|Heavy-Duty Boots|[from] move: Knock Off|[of] p1a: Great Tusk\n|\n|-heal|p1a: Great Tusk|71\/100|[from] item: Leftovers\n|upkeep\n|turn|22\n|\n|t:|1699825146\n|-end|p1a: Great Tusk|Protosynthesis|[silent]\n|switch|p1a: Muk|Muk-Alola, M, shiny|2\/100\n|-damage|p1a: Muk|0 fnt|[from] Stealth Rock\n|faint|p1a: Muk\n|move|p2a: Tornadus|Bleakwind Storm|p1: Muk|[notarget]\n|-fail|p2a: Tornadus\n|\n|upkeep\n|c|\u2606deer tamer|chat's rooting 4 me lol\n|\n|t:|1699825160\n|switch|p1a: Glastrier|Glastrier|100\/100\n|-damage|p1a: Glastrier|75\/100|[from] Stealth Rock\n|turn|23\n|\n|t:|1699825164\n|move|p2a: Tornadus|Heat Wave|p1a: Glastrier|[miss]\n|-miss|p2a: Tornadus|p1a: Glastrier\n|move|p1a: Glastrier|Substitute|p1a: Glastrier\n|-start|p1a: Glastrier|Substitute\n|-damage|p1a: Glastrier|50\/100\n|\n|-heal|p1a: Glastrier|57\/100|[from] item: Leftovers\n|upkeep\n|turn|24\n|c|\u2606deer tamer|my fault D:\n|\n|t:|1699825175\n|move|p2a: Tornadus|Heat Wave|p1a: Glastrier\n|-supereffective|p1a: Glastrier\n|-end|p1a: Glastrier|Substitute\n|move|p1a: Glastrier|Icicle Crash|p2a: Tornadus\n|-supereffective|p2a: Tornadus\n|-damage|p2a: Tornadus|0 fnt\n|faint|p2a: Tornadus\n|-ability|p1a: Glastrier|Chilling Neigh|boost\n|-boost|p1a: Glastrier|atk|1\n|\n|-heal|p1a: Glastrier|63\/100|[from] item: Leftovers\n|upkeep\n|\n|t:|1699825179\n|switch|p2a: Gholdengo|Gholdengo|82\/100\n|-damage|p2a: Gholdengo|76\/100|[from] Stealth Rock\n|turn|25\n|\n|t:|1699825181\n|move|p2a: Gholdengo|Make It Rain|p1a: Glastrier\n|-supereffective|p1a: Glastrier\n|-damage|p1a: Glastrier|0 fnt\n|-unboost|p2a: Gholdengo|spa|1\n|faint|p1a: Glastrier\n|\n|upkeep\n|\n|t:|1699825190\n|switch|p1a: Darkrai|Darkrai|100\/100\n|-damage|p1a: Darkrai|88\/100|[from] Stealth Rock\n|turn|26\n|\n|t:|1699825194\n|move|p1a: Darkrai|Dark Pulse|p2a: Gholdengo\n|-supereffective|p2a: Gholdengo\n|-damage|p2a: Gholdengo|10\/100\n|move|p2a: Gholdengo|Focus Blast|p1a: Darkrai|[miss]\n|-miss|p2a: Gholdengo|p1a: Darkrai\n|\n|upkeep\n|turn|27\n|\n|t:|1699825206\n|move|p1a: Darkrai|Dark Pulse|p2a: Gholdengo\n|-supereffective|p2a: Gholdengo\n|-crit|p2a: Gholdengo\n|-damage|p2a: Gholdengo|0 fnt\n|faint|p2a: Gholdengo\n|\n|upkeep\n|\n|t:|1699825213\n|switch|p2a: Iron Valiant|Iron Valiant, tera:Ghost|37\/100 brn\n|-damage|p2a: Iron Valiant|24\/100 brn|[from] Stealth Rock\n|turn|28\n|\n|t:|1699825217\n|move|p1a: Darkrai|Dark Pulse|p2a: Iron Valiant\n|-supereffective|p2a: Iron Valiant\n|-damage|p2a: Iron Valiant|0 fnt\n|faint|p2a: Iron Valiant\n|-end|p2a: Iron Valiant|Quark Drive|[silent]\n|\n|upkeep\n|\n|t:|1699825219\n|switch|p2a: Torterra|Torterra, M|100\/100\n|-damage|p2a: Torterra|94\/100|[from] Stealth Rock\n|turn|29\n|\n|t:|1699825227\n|switch|p1a: Skeledirge|Skeledirge, F, tera:Fairy|100\/100\n|move|p2a: Torterra|Shell Smash|p2a: Torterra\n|-unboost|p2a: Torterra|def|1\n|-unboost|p2a: Torterra|spd|1\n|-boost|p2a: Torterra|atk|2\n|-boost|p2a: Torterra|spa|2\n|-boost|p2a: Torterra|spe|2\n|\n|upkeep\n|turn|30\n|\n|t:|1699825235\n|move|p2a: Torterra|Bullet Seed|p1a: Skeledirge\n|-damage|p1a: Skeledirge|91\/100\n|-damage|p1a: Skeledirge|82\/100\n|-damage|p1a: Skeledirge|72\/100\n|-damage|p1a: Skeledirge|61\/100\n|-damage|p1a: Skeledirge|52\/100\n|-hitcount|p1a: Skeledirge|5\n|move|p1a: Skeledirge|Torch Song|p2a: Torterra\n|-supereffective|p2a: Torterra\n|-damage|p2a: Torterra|24\/100\n|-boost|p1a: Skeledirge|spa|1\n|\n|upkeep\n|turn|31\n|c|\u2606deer tamer|it might be joever\n|\n|t:|1699825244\n|move|p2a: Torterra|Bullet Seed|p1a: Skeledirge\n|-damage|p1a: Skeledirge|43\/100\n|-damage|p1a: Skeledirge|33\/100\n|-damage|p1a: Skeledirge|24\/100\n|-damage|p1a: Skeledirge|15\/100\n|-damage|p1a: Skeledirge|5\/100\n|-hitcount|p1a: Skeledirge|5\n|move|p1a: Skeledirge|Torch Song|p2a: Torterra\n|-supereffective|p2a: Torterra\n|-damage|p2a: Torterra|0 fnt\n|-boost|p1a: Skeledirge|spa|1\n|faint|p2a: Torterra\n|\n|upkeep\n|\n|t:|1699825252\n|switch|p2a: Clodsire|Clodsire, M|19\/100\n|-damage|p2a: Clodsire|13\/100|[from] Stealth Rock\n|turn|32\n|\n|t:|1699825256\n|move|p1a: Skeledirge|Hex|p2a: Clodsire\n|-damage|p2a: Clodsire|0 fnt\n|faint|p2a: Clodsire\n|\n|win|deer tamer\n|c|\u2606deer tamer|gg\n|c|\u2606jblockman77|gg\n|c|\u2606deer tamer|you got unlucky ngl\n|c|\u2606deer tamer|missed where it mattered\n|c|\u2606deer tamer|real\n|c|\u2606deer tamer|even if you got my dirge i would've won w darkrai tho\n|c|\u2606deer tamer|he was scarfed and has ice beam for torterra\n|c|\u2606deer tamer|and dp for the other 3\n|l|\u2606deer tamer\n|l|\u2606jblockman77\n|j|\u2606jblockman77\n|player|p2|jblockman77|n\n","uploadtime":1699825917,"views":26,"p1id":"deertamer","p2id":"jblockman77","formatid":"gen9ubers","rating":0,"private":0,"password":""}