{"id":"gen9ubers-1977091097","p1":"Kate","p2":"smithdvan","format":"[Gen 9] Ubers","log":"|j|\u2606Kate\n|j|\u2606smithdvan\n|t:|1698370530\n|gametype|singles\n|player|p1|Kate|#kate|\n|player|p2|smithdvan|265|\n|teamsize|p1|6\n|teamsize|p2|6\n|gen|9\n|tier|[Gen 9] Ubers\n|rated|Tournament battle\n|rule|Sleep Clause Mod: Limit one foe put to sleep\n|rule|Species Clause: Limit one of each Pok\u00e9mon\n|rule|OHKO Clause: OHKO moves are banned\n|rule|Evasion Items Clause: Evasion items are banned\n|rule|Evasion Moves Clause: Evasion moves are banned\n|rule|Endless Battle Clause: Forcing endless battles is banned\n|rule|HP Percentage Mod: HP is shown in percentages\n|clearpoke\n|poke|p1|Ursaluna, F|\n|poke|p1|Giratina-Origin|\n|poke|p1|Goodra-Hisui, M|\n|poke|p1|Arceus-Fairy|\n|poke|p1|Koraidon|\n|poke|p1|Zamazenta-*|\n|poke|p2|Ribombee, F|\n|poke|p2|Kyogre|\n|poke|p2|Annihilape, F|\n|poke|p2|Miraidon|\n|poke|p2|Skeledirge, M|\n|poke|p2|Palafin, F|\n|teampreview\n|inactive|Battle timer is ON: inactive players will automatically lose when time's up. (requested by smithdvan)\n|j| Doc115\n|\n|t:|1698370551\n|start\n|switch|p1a: Arceus|Arceus-Fairy|100\/100\n|switch|p2a: Ribombee|Ribombee, F|100\/100\n|turn|1\n|\n|t:|1698370556\n|move|p2a: Ribombee|Switcheroo||[still]\n|-fail|p2a: Ribombee\n|move|p1a: Arceus|Taunt|p2a: Ribombee\n|-start|p2a: Ribombee|move: Taunt\n|\n|upkeep\n|turn|2\n|\n|t:|1698370569\n|switch|p2a: Palafin|Palafin, F|100\/100\n|move|p1a: Arceus|Stealth Rock|p2a: Palafin\n|-sidestart|p2: smithdvan|move: Stealth Rock\n|\n|upkeep\n|turn|3\n|\n|t:|1698370594\n|detailschange|p2a: Palafin|Palafin-Hero, F\n|switch|p2a: Ribombee|Ribombee, F|100\/100\n|-damage|p2a: Ribombee|76\/100|[from] Stealth Rock\n|move|p1a: Arceus|Judgment|p2a: Ribombee\n|-damage|p2a: Ribombee|0 fnt\n|faint|p2a: Ribombee\n|\n|upkeep\n|inactive|smithdvan has 120 seconds left.\n|j| s3rp3rior\n|\n|t:|1698370612\n|switch|p2a: Skeledirge|Skeledirge, M|100\/100\n|turn|4\n|\n|t:|1698370617\n|switch|p1a: Ursaluna|Ursaluna, F|100\/100\n|move|p2a: Skeledirge|Torch Song|p1a: Ursaluna\n|-damage|p1a: Ursaluna|64\/100\n|-boost|p2a: Skeledirge|spa|1\n|\n|-heal|p1a: Ursaluna|70\/100|[from] item: Leftovers\n|upkeep\n|turn|5\n|j| GeniusFromHoenn\n|inactive|smithdvan has 120 seconds left.\n|\n|t:|1698370647\n|move|p2a: Skeledirge|Torch Song|p1a: Ursaluna\n|-damage|p1a: Ursaluna|9\/100\n|-boost|p2a: Skeledirge|spa|1\n|move|p1a: Ursaluna|Earthquake|p2a: Skeledirge\n|-supereffective|p2a: Skeledirge\n|-damage|p2a: Skeledirge|0 fnt\n|faint|p2a: Skeledirge\n|\n|-heal|p1a: Ursaluna|15\/100|[from] item: Leftovers\n|upkeep\n|\n|t:|1698370661\n|switch|p2a: Annihilape|Annihilape, F|100\/100\n|-damage|p2a: Annihilape|94\/100|[from] Stealth Rock\n|turn|6\n|\n|t:|1698370679\n|switch|p1a: Giratina|Giratina-Origin|100\/100\n|move|p2a: Annihilape|Bulk Up|p2a: Annihilape\n|-boost|p2a: Annihilape|atk|1\n|-boost|p2a: Annihilape|def|1\n|\n|-heal|p2a: Annihilape|100\/100|[from] item: Leftovers\n|upkeep\n|turn|7\n|\n|t:|1698370684\n|move|p1a: Giratina|Will-O-Wisp|p2a: Annihilape\n|-status|p2a: Annihilape|brn\n|move|p2a: Annihilape|Rage Fist|p1a: Giratina\n|-supereffective|p1a: Giratina\n|-damage|p1a: Giratina|84\/100\n|\n|-damage|p2a: Annihilape|94\/100 brn|[from] brn\n|upkeep\n|turn|8\n|\n|t:|1698370701\n|move|p2a: Annihilape|Bulk Up|p2a: Annihilape\n|-boost|p2a: Annihilape|atk|1\n|-boost|p2a: Annihilape|def|1\n|move|p1a: Giratina|Hex|p2a: Annihilape\n|-supereffective|p2a: Annihilape\n|-damage|p2a: Annihilape|0 fnt\n|faint|p2a: Annihilape\n|\n|upkeep\n|\n|t:|1698370706\n|switch|p2a: Miraidon|Miraidon|100\/100\n|-damage|p2a: Miraidon|88\/100|[from] Stealth Rock\n|-fieldstart|move: Electric Terrain|[from] ability: Hadron Engine|[of] p2a: Miraidon\n|turn|9\n|\n|t:|1698370711\n|switch|p1a: Ursaluna|Ursaluna, F|15\/100\n|move|p2a: Miraidon|Draco Meteor|p1a: Ursaluna\n|-damage|p1a: Ursaluna|0 fnt\n|-unboost|p2a: Miraidon|spa|2\n|faint|p1a: Ursaluna\n|-damage|p2a: Miraidon|78\/100|[from] item: Life Orb\n|\n|upkeep\n|\n|t:|1698370715\n|switch|p1a: Goodra|Goodra-Hisui, M|100\/100\n|turn|10\n|inactive|smithdvan has 120 seconds left.\n|\n|t:|1698370721\n|switch|p2a: Palafin|Palafin-Hero, F|100\/100\n|-damage|p2a: Palafin|88\/100|[from] Stealth Rock\n|-activate|p2a: Palafin|ability: Zero to Hero\n|move|p1a: Goodra|Dragon Tail|p2a: Palafin\n|-damage|p2a: Palafin|69\/100\n|drag|p2a: Kyogre|Kyogre|100\/100\n|-damage|p2a: Kyogre|88\/100|[from] Stealth Rock\n|-weather|RainDance|[from] ability: Drizzle|[of] p2a: Kyogre\n|\n|-weather|RainDance|[upkeep]\n|upkeep\n|turn|11\n|\n|t:|1698370728\n|move|p2a: Kyogre|Thunder|p1a: Goodra\n|-resisted|p1a: Goodra\n|-damage|p1a: Goodra|84\/100\n|-status|p1a: Goodra|par\n|move|p1a: Goodra|Dragon Tail|p2a: Kyogre\n|-damage|p2a: Kyogre|64\/100\n|drag|p2a: Palafin|Palafin-Hero, F|69\/100\n|-damage|p2a: Palafin|57\/100|[from] Stealth Rock\n|\n|-weather|RainDance|[upkeep]\n|-heal|p2a: Palafin|63\/100|[from] item: Leftovers\n|upkeep\n|turn|12\n|inactive|smithdvan has 120 seconds left.\n|\n|t:|1698370747\n|switch|p1a: Giratina|Giratina-Origin|84\/100\n|move|p2a: Palafin|Drain Punch|p1a: Giratina\n|-immune|p1a: Giratina\n|\n|-weather|RainDance|[upkeep]\n|-heal|p2a: Palafin|69\/100|[from] item: Leftovers\n|upkeep\n|turn|13\n|\n|t:|1698370752\n|move|p2a: Palafin|Jet Punch|p1a: Giratina\n|-resisted|p1a: Giratina\n|-damage|p1a: Giratina|69\/100\n|move|p1a: Giratina|Draco Meteor|p2a: Palafin\n|-crit|p2a: Palafin\n|-damage|p2a: Palafin|0 fnt\n|-unboost|p1a: Giratina|spa|2\n|faint|p2a: Palafin\n|\n|-weather|RainDance|[upkeep]\n|-fieldend|move: Electric Terrain\n|upkeep\n|\n|t:|1698370757\n|switch|p2a: Miraidon|Miraidon|78\/100\n|-damage|p2a: Miraidon|66\/100|[from] Stealth Rock\n|-fieldstart|move: Electric Terrain|[from] ability: Hadron Engine|[of] p2a: Miraidon\n|turn|14\n|\n|t:|1698370761\n|switch|p1a: Arceus|Arceus-Fairy|100\/100\n|move|p2a: Miraidon|Substitute|p2a: Miraidon\n|-start|p2a: Miraidon|Substitute\n|-damage|p2a: Miraidon|41\/100\n|\n|-weather|none\n|upkeep\n|turn|15\n|\n|t:|1698370767\n|move|p2a: Miraidon|Parabolic Charge|p1a: Arceus\n|-damage|p1a: Arceus|47\/100\n|-heal|p2a: Miraidon|76\/100|[from] drain|[of] p1a: Arceus\n|-damage|p2a: Miraidon|66\/100|[from] item: Life Orb\n|move|p1a: Arceus|Judgment|p2a: Miraidon\n|-supereffective|p2a: Miraidon\n|-end|p2a: Miraidon|Substitute\n|\n|upkeep\n|turn|16\n|\n|t:|1698370773\n|switch|p1a: Goodra|Goodra-Hisui, M|84\/100 par\n|move|p2a: Miraidon|Parabolic Charge|p1a: Goodra\n|-resisted|p1a: Goodra\n|-damage|p1a: Goodra|70\/100 par\n|-heal|p2a: Miraidon|74\/100|[from] drain|[of] p1a: Goodra\n|-damage|p2a: Miraidon|64\/100|[from] item: Life Orb\n|\n|upkeep\n|turn|17\n|\n|t:|1698370787\n|move|p2a: Miraidon|Substitute|p2a: Miraidon\n|-start|p2a: Miraidon|Substitute\n|-damage|p2a: Miraidon|39\/100\n|cant|p1a: Goodra|par\n|\n|upkeep\n|turn|18\n|\n|t:|1698370792\n|move|p2a: Miraidon|Calm Mind|p2a: Miraidon\n|-boost|p2a: Miraidon|spa|1\n|-boost|p2a: Miraidon|spd|1\n|move|p1a: Goodra|Ice Spinner|p2a: Miraidon\n|-supereffective|p2a: Miraidon\n|-end|p2a: Miraidon|Substitute\n|-fieldend|move: Electric Terrain\n|\n|upkeep\n|turn|19\n|\n|t:|1698370796\n|move|p2a: Miraidon|Draco Meteor|p1a: Goodra\n|-damage|p1a: Goodra|22\/100 par\n|-unboost|p2a: Miraidon|spa|2\n|-damage|p2a: Miraidon|29\/100|[from] item: Life Orb\n|move|p1a: Goodra|Ice Spinner|p2a: Miraidon\n|-supereffective|p2a: Miraidon\n|-damage|p2a: Miraidon|0 fnt\n|faint|p2a: Miraidon\n|\n|upkeep\n|\n|t:|1698370811\n|switch|p2a: Kyogre|Kyogre|64\/100\n|-damage|p2a: Kyogre|52\/100|[from] Stealth Rock\n|-weather|RainDance|[from] ability: Drizzle|[of] p2a: Kyogre\n|turn|20\n|\n|t:|1698370815\n|move|p2a: Kyogre|Ice Beam|p1a: Goodra\n|-damage|p1a: Goodra|0 fnt\n|faint|p1a: Goodra\n|\n|-weather|RainDance|[upkeep]\n|upkeep\n|\n|t:|1698370816\n|switch|p1a: Koraidon|Koraidon|100\/100\n|-weather|SunnyDay|[from] ability: Orichalcum Pulse|[of] p1a: Koraidon\n|-activate|p1a: Koraidon|Orichalcum Pulse|[source]\n|turn|21\n|\n|t:|1698370842\n|-terastallize|p1a: Koraidon|Ghost\n|move|p1a: Koraidon|Low Kick|p2a: Kyogre\n|-damage|p2a: Kyogre|0 fnt\n|faint|p2a: Kyogre\n|\n|win|Kate\n|n|\u2606Kate|kate\n|n|\u2606smithdvan|smithdvan\n|n| Doc115|doc115\n|n| s3rp3rior|s3rp3rior\n|n| GeniusFromHoenn|geniusfromhoenn\n","uploadtime":1698370843,"views":33,"p1id":"kate","p2id":"smithdvan","formatid":"gen9ubers","rating":0,"private":0,"password":""}