{"id":"gen9ubers-1973015604","p1":"vespyyy","p2":"sword over shield","format":"[Gen 9] Ubers","log":"|j|\u2606vespyyy\n|j|\u2606sword over shield\n|t:|1697918636\n|gametype|singles\n|player|p1|vespyyy|juggler|\n|player|p2|sword over shield|1|\n|teamsize|p1|6\n|teamsize|p2|6\n|gen|9\n|tier|[Gen 9] Ubers\n|rule|Sleep Clause Mod: Limit one foe put to sleep\n|rule|Species Clause: Limit one of each Pok\u00e9mon\n|rule|OHKO Clause: OHKO moves are banned\n|rule|Evasion Items Clause: Evasion items are banned\n|rule|Evasion Moves Clause: Evasion moves are banned\n|rule|Endless Battle Clause: Forcing endless battles is banned\n|rule|HP Percentage Mod: HP is shown in percentages\n|clearpoke\n|poke|p1|Giratina|\n|poke|p1|Dondozo, M|\n|poke|p1|Blissey, F|\n|poke|p1|Arceus-Psychic|\n|poke|p1|Magearna|\n|poke|p1|Zacian-*|\n|poke|p2|Palkia-Origin|\n|poke|p2|Shaymin-Sky|\n|poke|p2|Arceus-Fire|\n|poke|p2|Zacian-*|\n|poke|p2|Cyclizar, F|\n|poke|p2|Landorus, M|\n|teampreview\n|\n|t:|1697918672\n|start\n|switch|p1a: Zacian|Zacian|100\/100\n|switch|p2a: Landorus|Landorus, M|100\/100\n|-ability|p1a: Zacian|Intrepid Sword|boost\n|-boost|p1a: Zacian|atk|1\n|turn|1\n|\n|t:|1697918685\n|move|p1a: Zacian|Play Rough|p2a: Landorus\n|-damage|p2a: Landorus|22\/100\n|-unboost|p2a: Landorus|atk|1\n|move|p2a: Landorus|Sludge Bomb|p1a: Zacian\n|-supereffective|p1a: Zacian\n|-damage|p1a: Zacian|4\/100\n|\n|upkeep\n|turn|2\n|\n|t:|1697918706\n|move|p1a: Zacian|Play Rough|p2a: Landorus\n|-damage|p2a: Landorus|0 fnt\n|faint|p2a: Landorus\n|\n|upkeep\n|\n|t:|1697918717\n|switch|p2a: Arceus|Arceus-Fire|100\/100\n|turn|3\n|\n|t:|1697918721\n|switch|p1a: Dondozo|Dondozo, M|100\/100\n|move|p2a: Arceus|Dragon Dance|p2a: Arceus\n|-boost|p2a: Arceus|atk|1\n|-boost|p2a: Arceus|spe|1\n|\n|upkeep\n|turn|4\n|\n|t:|1697918735\n|switch|p2a: Shaymin|Shaymin-Sky|100\/100\n|move|p1a: Dondozo|Liquidation|p2a: Shaymin\n|-resisted|p2a: Shaymin\n|-damage|p2a: Shaymin|83\/100\n|\n|upkeep\n|turn|5\n|\n|t:|1697918743\n|switch|p2a: Zacian|Zacian|100\/100\n|-ability|p2a: Zacian|Intrepid Sword|boost\n|-boost|p2a: Zacian|atk|1\n|switch|p1a: Magearna|Magearna|100\/100\n|\n|upkeep\n|turn|6\n|\n|t:|1697918759\n|move|p2a: Zacian|Close Combat|p1a: Magearna\n|-damage|p1a: Magearna|30\/100\n|-unboost|p2a: Zacian|def|1\n|-unboost|p2a: Zacian|spd|1\n|move|p1a: Magearna|Thunder Wave|p2a: Zacian\n|-status|p2a: Zacian|par\n|\n|-heal|p1a: Magearna|36\/100|[from] item: Leftovers\n|upkeep\n|turn|7\n|\n|t:|1697918778\n|switch|p1a: Arceus|Arceus-Psychic|100\/100\n|move|p2a: Zacian|Close Combat|p1a: Arceus\n|-resisted|p1a: Arceus\n|-damage|p1a: Arceus|78\/100\n|-unboost|p2a: Zacian|def|1\n|-unboost|p2a: Zacian|spd|1\n|\n|upkeep\n|turn|8\n|\n|t:|1697918809\n|switch|p2a: Arceus|Arceus-Fire|100\/100\n|move|p1a: Arceus|Calm Mind|p1a: Arceus\n|-boost|p1a: Arceus|spa|1\n|-boost|p1a: Arceus|spd|1\n|\n|upkeep\n|turn|9\n|\n|t:|1697918815\n|switch|p1a: Dondozo|Dondozo, M|100\/100\n|move|p2a: Arceus|Flare Blitz|p1a: Dondozo\n|-resisted|p1a: Dondozo\n|-damage|p1a: Dondozo|85\/100\n|-damage|p2a: Arceus|94\/100|[from] Recoil\n|\n|upkeep\n|turn|10\n|\n|t:|1697918822\n|switch|p2a: Palkia|Palkia-Origin|100\/100\n|-ability|p2a: Palkia|Pressure\n|move|p1a: Dondozo|Liquidation|p2a: Palkia\n|-resisted|p2a: Palkia\n|-damage|p2a: Palkia|93\/100\n|\n|upkeep\n|turn|11\n|\n|t:|1697918833\n|switch|p1a: Blissey|Blissey, F|100\/100\n|move|p2a: Palkia|Draco Meteor|p1a: Blissey\n|-damage|p1a: Blissey|74\/100\n|-unboost|p2a: Palkia|spa|2\n|\n|upkeep\n|turn|12\n|\n|t:|1697918839\n|switch|p2a: Zacian|Zacian|100\/100 par\n|move|p1a: Blissey|Stealth Rock|p2a: Zacian\n|-sidestart|p2: sword over shield|move: Stealth Rock\n|\n|upkeep\n|turn|13\n|\n|t:|1697918849\n|switch|p1a: Magearna|Magearna|36\/100\n|move|p2a: Zacian|Wild Charge|p1a: Magearna\n|-damage|p1a: Magearna|0 fnt\n|faint|p1a: Magearna\n|-damage|p2a: Zacian|90\/100 par|[from] Recoil\n|\n|upkeep\n|\n|t:|1697918854\n|switch|p1a: Arceus|Arceus-Psychic|78\/100\n|turn|14\n|\n|t:|1697918868\n|switch|p2a: Shaymin|Shaymin-Sky|83\/100\n|move|p1a: Arceus|Calm Mind|p1a: Arceus\n|-boost|p1a: Arceus|spa|1\n|-boost|p1a: Arceus|spd|1\n|\n|upkeep\n|turn|15\n|\n|t:|1697918871\n|move|p2a: Shaymin|Seed Flare|p1a: Arceus|[miss]\n|-miss|p2a: Shaymin|p1a: Arceus\n|move|p1a: Arceus|Calm Mind|p1a: Arceus\n|-boost|p1a: Arceus|spa|1\n|-boost|p1a: Arceus|spd|1\n|\n|upkeep\n|turn|16\n|\n|t:|1697918877\n|move|p2a: Shaymin|Seed Flare|p1a: Arceus\n|-damage|p1a: Arceus|61\/100\n|-unboost|p1a: Arceus|spd|2\n|move|p1a: Arceus|Stored Power|p2a: Shaymin\n|-damage|p2a: Shaymin|5\/100\n|\n|upkeep\n|turn|17\n|\n|t:|1697918900\n|move|p2a: Shaymin|Healing Wish|p2a: Shaymin\n|faint|p2a: Shaymin\n|move|p1a: Arceus|Recover|p1a: Arceus\n|-heal|p1a: Arceus|100\/100\n|\n|upkeep\n|\n|t:|1697918941\n|switch|p2a: Cyclizar|Cyclizar, F|100\/100\n|-damage|p2a: Cyclizar|88\/100|[from] Stealth Rock\n|turn|18\n|\n|t:|1697918947\n|move|p2a: Cyclizar|Shed Tail|p2a: Cyclizar\n|-start|p2a: Cyclizar|Substitute|[from] move: Shed Tail\n|-damage|p2a: Cyclizar|38\/100\n|\n|t:|1697918950\n|switch|p2a: Zacian|Zacian|90\/100 par|[from] Shed Tail\n|-heal|p2a: Zacian|100\/100|[from] move: Healing Wish\n|-damage|p2a: Zacian|88\/100|[from] Stealth Rock\n|move|p1a: Arceus|Dazzling Gleam|p2a: Zacian\n|-end|p2a: Zacian|Substitute\n|\n|upkeep\n|turn|19\n|\n|t:|1697918969\n|move|p2a: Zacian|Play Rough|p1a: Arceus\n|-damage|p1a: Arceus|64\/100\n|move|p1a: Arceus|Calm Mind|p1a: Arceus\n|-boost|p1a: Arceus|spa|1\n|-boost|p1a: Arceus|spd|1\n|\n|upkeep\n|turn|20\n|\n|t:|1697918975\n|move|p2a: Zacian|Play Rough|p1a: Arceus\n|-damage|p1a: Arceus|32\/100\n|move|p1a: Arceus|Calm Mind|p1a: Arceus\n|-boost|p1a: Arceus|spa|1\n|-boost|p1a: Arceus|spd|1\n|\n|upkeep\n|turn|21\n|\n|t:|1697918983\n|-terastallize|p1a: Arceus|Poison\n|move|p2a: Zacian|Play Rough|p1a: Arceus\n|-resisted|p1a: Arceus\n|-damage|p1a: Arceus|15\/100\n|move|p1a: Arceus|Recover|p1a: Arceus\n|-heal|p1a: Arceus|65\/100\n|\n|upkeep\n|turn|22\n|-message|sword over shield forfeited.\n|\n|win|vespyyy\n|c|\u2606sword over shield|gg\n|c|\u2606vespyyy|Gg\n","uploadtime":1697919001,"views":26,"p1id":"vespyyy","p2id":"swordovershield","formatid":"gen9ubers","rating":0,"private":0,"password":""}