{"id":"gen9ubers-1994258194","p1":"Updated & Sosa","p2":"Guxo & Itsu","format":"[Gen 9] Ubers","log":"|j|\u2606Updated & Sosa\n|j|\u2606Guxo & Itsu\n|t:|1700424284\n|gametype|singles\n|player|p1|Updated & Sosa|tourist|\n|player|p2|Guxo & Itsu|baker|\n|teamsize|p1|6\n|teamsize|p2|6\n|gen|9\n|tier|[Gen 9] Ubers\n|rule|Sleep Clause Mod: Limit one foe put to sleep\n|rule|Species Clause: Limit one of each Pok\u00e9mon\n|rule|OHKO Clause: OHKO moves are banned\n|rule|Evasion Items Clause: Evasion items are banned\n|rule|Evasion Moves Clause: Evasion moves are banned\n|rule|Endless Battle Clause: Forcing endless battles is banned\n|rule|HP Percentage Mod: HP is shown in percentages\n|clearpoke\n|poke|p1|Clefable, M|\n|poke|p1|Zapdos|\n|poke|p1|Dragapult, F|\n|poke|p1|Great Tusk|\n|poke|p1|Dragonite, F|\n|poke|p1|Slowking-Galar, M|\n|poke|p2|Glimmora, M|\n|poke|p2|Ogerpon-Wellspring, F|\n|poke|p2|Gholdengo|\n|poke|p2|Iron Valiant|\n|poke|p2|Sandy Shocks|\n|poke|p2|Dragonite, F|\n|teampreview\n|inactive|Battle timer is ON: inactive players will automatically lose when time's up. (requested by Updated & Sosa)\n|inactive|Guxo & Itsu has 270 seconds left.\n|j| Flame & Heatran\n|inactive|Guxo & Itsu has 240 seconds left.\n|\n|t:|1700424365\n|start\n|switch|p1a: Slowking|Slowking-Galar, M|100\/100\n|switch|p2a: Tactiquement Nul|Glimmora, M|100\/100\n|turn|1\n|j|+Leftiez\n|c|\u2606Updated & Sosa|glhf\n|\n|t:|1700424369\n|move|p2a: Tactiquement Nul|Stealth Rock|p1a: Slowking\n|-sidestart|p1: Updated & Sosa|move: Stealth Rock\n|move|p1a: Slowking|Surf|p2a: Tactiquement Nul\n|-supereffective|p2a: Tactiquement Nul\n|-damage|p2a: Tactiquement Nul|29\/100\n|\n|upkeep\n|turn|2\n|j|+Hiro'\n|l|+Leftiez\n|\n|t:|1700424380\n|move|p2a: Tactiquement Nul|Earth Power|p1a: Slowking\n|-supereffective|p1a: Slowking\n|-damage|p1a: Slowking|75\/100\n|move|p1a: Slowking|Future Sight|p2a: Tactiquement Nul\n|-start|p1a: Slowking|move: Future Sight\n|\n|upkeep\n|turn|3\n|\n|t:|1700424386\n|move|p2a: Tactiquement Nul|Earth Power|p1a: Slowking\n|-supereffective|p1a: Slowking\n|-damage|p1a: Slowking|47\/100\n|move|p1a: Slowking|Surf|p2a: Tactiquement Nul\n|-supereffective|p2a: Tactiquement Nul\n|-damage|p2a: Tactiquement Nul|0 fnt\n|faint|p2a: Tactiquement Nul\n|\n|upkeep\n|\n|t:|1700424412\n|switch|p2a: T\u00e9ma le rat|Gholdengo|100\/100\n|-item|p2a: T\u00e9ma le rat|Air Balloon\n|turn|4\n|\n|t:|1700424439\n|move|p2a: T\u00e9ma le rat|Shadow Ball|p1a: Slowking\n|-supereffective|p1a: Slowking\n|-damage|p1a: Slowking|6\/100\n|move|p1a: Slowking|Flamethrower|p2a: T\u00e9ma le rat\n|-supereffective|p2a: T\u00e9ma le rat\n|-damage|p2a: T\u00e9ma le rat|47\/100\n|-enditem|p2a: T\u00e9ma le rat|Air Balloon\n|\n|-end|p2a: T\u00e9ma le rat|move: Future Sight\n|-resisted|p2a: T\u00e9ma le rat\n|-damage|p2a: T\u00e9ma le rat|23\/100\n|upkeep\n|turn|5\n|\n|t:|1700424456\n|move|p2a: T\u00e9ma le rat|Shadow Ball|p1a: Slowking\n|-supereffective|p1a: Slowking\n|-crit|p1a: Slowking\n|-damage|p1a: Slowking|0 fnt\n|faint|p1a: Slowking\n|\n|upkeep\n|inactive|Updated & Sosa has 270 seconds left.\n|\n|t:|1700424480\n|switch|p1a: Dragapult|Dragapult, F|100\/100\n|turn|6\n|inactive|Guxo & Itsu has 270 seconds left.\n|\n|t:|1700424527\n|switch|p2a: C'est ma fus\u00e9e|Iron Valiant|100\/100\n|-enditem|p2a: C'est ma fus\u00e9e|Booster Energy\n|-activate|p2a: C'est ma fus\u00e9e|ability: Quark Drive|[fromitem]\n|-start|p2a: C'est ma fus\u00e9e|quarkdrivespe\n|move|p1a: Dragapult|Hex|p2a: C'est ma fus\u00e9e\n|-damage|p2a: C'est ma fus\u00e9e|44\/100\n|\n|upkeep\n|turn|7\n|inactive|Updated & Sosa has 270 seconds left.\n|inactive|Guxo & Itsu has 240 seconds left.\n|\n|t:|1700424544\n|switch|p1a: Clefable|Clefable, M|100\/100\n|move|p2a: C'est ma fus\u00e9e|Knock Off|p1a: Clefable\n|-resisted|p1a: Clefable\n|-damage|p1a: Clefable|86\/100\n|\n|-damage|p2a: C'est ma fus\u00e9e|32\/100|[from] item: Sticky Barb\n|upkeep\n|turn|8\n|inactive|Updated & Sosa has 270 seconds left.\n|inactive|Guxo & Itsu has 240 seconds left.\n|inactive|Updated & Sosa has 240 seconds left.\n|inactive|Updated & Sosa has 210 seconds left.\n|\n|t:|1700424636\n|move|p2a: C'est ma fus\u00e9e|Moonblast|p1a: Clefable\n|-damage|p1a: Clefable|55\/100\n|move|p1a: Clefable|Moonlight|p1a: Clefable\n|-heal|p1a: Clefable|100\/100\n|\n|-damage|p2a: C'est ma fus\u00e9e|20\/100|[from] item: Sticky Barb\n|upkeep\n|turn|9\n|inactive|Guxo & Itsu has 210 seconds left.\n|\n|t:|1700424663\n|move|p2a: C'est ma fus\u00e9e|Moonblast|p1a: Clefable\n|-damage|p1a: Clefable|69\/100\n|move|p1a: Clefable|Moonblast|p2a: C'est ma fus\u00e9e\n|-supereffective|p2a: C'est ma fus\u00e9e\n|-damage|p2a: C'est ma fus\u00e9e|0 fnt\n|faint|p2a: C'est ma fus\u00e9e\n|-end|p2a: C'est ma fus\u00e9e|Quark Drive|[silent]\n|\n|upkeep\n|\n|t:|1700424668\n|switch|p2a: T\u00e9ma le rat|Gholdengo|23\/100\n|turn|10\n|inactive|Updated & Sosa has 180 seconds left.\n|\n|t:|1700424698\n|switch|p1a: Great Tusk|Great Tusk|100\/100\n|-damage|p1a: Great Tusk|98\/100|[from] Stealth Rock\n|move|p2a: T\u00e9ma le rat|Recover|p2a: T\u00e9ma le rat\n|-heal|p2a: T\u00e9ma le rat|73\/100\n|\n|-heal|p1a: Great Tusk|100\/100|[from] item: Leftovers\n|upkeep\n|turn|11\n|inactive|Guxo & Itsu has 210 seconds left.\n|inactive|Guxo & Itsu has 180 seconds left.\n|\n|t:|1700424745\n|switch|p2a: Faire l'amour|Ogerpon-Wellspring, F|100\/100\n|move|p1a: Great Tusk|Headlong Rush|p2a: Faire l'amour\n|-resisted|p2a: Faire l'amour\n|-damage|p2a: Faire l'amour|65\/100\n|-unboost|p1a: Great Tusk|def|1\n|-unboost|p1a: Great Tusk|spd|1\n|\n|upkeep\n|turn|12\n|j| LewisF180A\n|inactive|Guxo & Itsu has 180 seconds left.\n|inactive|Updated & Sosa has 180 seconds left.\n|j| Nozhito\n|inactive|Guxo & Itsu has 150 seconds left.\n|inactive|Updated & Sosa has 150 seconds left.\n|inactive|Guxo & Itsu has 120 seconds left.\n|inactive|Guxo & Itsu has 90 seconds left.\n|\n|t:|1700424868\n|-end|p1a: Great Tusk|Protosynthesis|[silent]\n|switch|p1a: Dragapult|Dragapult, F|100\/100\n|move|p2a: Faire l'amour|Ivy Cudgel|p1a: Dragapult|[anim] Ivy Cudgel Water\n|-resisted|p1a: Dragapult\n|-damage|p1a: Dragapult|59\/100\n|\n|upkeep\n|turn|13\n|inactive|Updated & Sosa has 120 seconds left.\n|inactive|Guxo & Itsu has 60 seconds left.\n|\n|t:|1700424903\n|move|p1a: Dragapult|Draco Meteor|p2a: Faire l'amour\n|-crit|p2a: Faire l'amour\n|-damage|p2a: Faire l'amour|0 fnt\n|-unboost|p1a: Dragapult|spa|2\n|faint|p2a: Faire l'amour\n|\n|upkeep\n|j| Trihydre\n|inactive|Guxo & Itsu has 30 seconds left.\n|inactive|Guxo & Itsu has 20 seconds left.\n|\n|t:|1700424948\n|switch|p2a: T\u00e9ma le rat|Gholdengo|73\/100\n|turn|14\n|inactive|Guxo & Itsu has 30 seconds left this turn.\n|inactive|Updated & Sosa has 120 seconds left.\n|\n|t:|1700424958\n|switch|p1a: Great Tusk|Great Tusk|100\/100\n|-damage|p1a: Great Tusk|98\/100|[from] Stealth Rock\n|move|p2a: T\u00e9ma le rat|Shadow Ball|p1a: Great Tusk\n|-damage|p1a: Great Tusk|40\/100\n|\n|-heal|p1a: Great Tusk|46\/100|[from] item: Leftovers\n|upkeep\n|turn|15\n|inactive|Updated & Sosa has 120 seconds left.\n|inactive|Guxo & Itsu has 30 seconds left.\n|inactive|Guxo & Itsu has 20 seconds left.\n|c| Trihydre|guxo fait honneur au corps des modos\n|inactive|Guxo & Itsu has 15 seconds left.\n|inactive|Guxo & Itsu has 10 seconds left.\n|inactive|Guxo & Itsu has 5 seconds left.\n|\n|t:|1700424994\n|switch|p2a: Pas net Baptiste|Dragonite, F|100\/100\n|move|p1a: Great Tusk|Headlong Rush|p2a: Pas net Baptiste\n|-immune|p2a: Pas net Baptiste\n|\n|-heal|p1a: Great Tusk|53\/100|[from] item: Leftovers\n|upkeep\n|turn|16\n|inactive|Guxo & Itsu has 15 seconds left this turn.\n|inactive|Guxo & Itsu has 10 seconds left.\n|inactive|Updated & Sosa has 120 seconds left.\n|\n|t:|1700425005\n|move|p1a: Great Tusk|Rapid Spin|p2a: Pas net Baptiste\n|-damage|p2a: Pas net Baptiste|92\/100\n|-boost|p1a: Great Tusk|spe|1\n|-sideend|p1: Updated & Sosa|Stealth Rock|[from] move: Rapid Spin|[of] p1a: Great Tusk\n|move|p2a: Pas net Baptiste|Dragon Dance|p2a: Pas net Baptiste\n|-boost|p2a: Pas net Baptiste|atk|1\n|-boost|p2a: Pas net Baptiste|spe|1\n|\n|-heal|p1a: Great Tusk|59\/100|[from] item: Leftovers\n|upkeep\n|turn|17\n|inactive|Guxo & Itsu has 20 seconds left this turn.\n|inactive|Updated & Sosa has 120 seconds left.\n|\n|t:|1700425017\n|move|p1a: Great Tusk|Ice Spinner|p2a: Pas net Baptiste\n|-supereffective|p2a: Pas net Baptiste\n|-damage|p2a: Pas net Baptiste|3\/100\n|move|p2a: Pas net Baptiste|Ice Spinner|p1a: Great Tusk\n|-supereffective|p1a: Great Tusk\n|-damage|p1a: Great Tusk|5\/100\n|\n|-heal|p1a: Great Tusk|11\/100|[from] item: Leftovers\n|upkeep\n|turn|18\n|inactive|Guxo & Itsu has 30 seconds left this turn.\n|inactive|Updated & Sosa has 120 seconds left.\n|inactive|Guxo & Itsu has 20 seconds left.\n|inactive|Guxo & Itsu has 15 seconds left.\n|inactive|Guxo & Itsu has 10 seconds left.\n|inactive|Guxo & Itsu has 5 seconds left.\n|\n|t:|1700425055\n|switch|p2a: T\u00e9ma le rat|Gholdengo|73\/100\n|move|p1a: Great Tusk|Ice Spinner|p2a: T\u00e9ma le rat\n|-resisted|p2a: T\u00e9ma le rat\n|-damage|p2a: T\u00e9ma le rat|62\/100\n|\n|-heal|p1a: Great Tusk|17\/100|[from] item: Leftovers\n|upkeep\n|turn|19\n|inactive|Guxo & Itsu has 15 seconds left this turn.\n|inactive|Guxo & Itsu has 10 seconds left.\n|\n|t:|1700425066\n|move|p1a: Great Tusk|Headlong Rush|p2a: T\u00e9ma le rat\n|-supereffective|p2a: T\u00e9ma le rat\n|-damage|p2a: T\u00e9ma le rat|0 fnt\n|-unboost|p1a: Great Tusk|def|1\n|-unboost|p1a: Great Tusk|spd|1\n|faint|p2a: T\u00e9ma le rat\n|\n|-heal|p1a: Great Tusk|24\/100|[from] item: Leftovers\n|upkeep\n|inactive|Guxo & Itsu has 15 seconds left this turn.\n|\n|t:|1700425070\n|switch|p2a: Les affaires|Sandy Shocks|100\/100\n|-enditem|p2a: Les affaires|Booster Energy\n|-activate|p2a: Les affaires|ability: Protosynthesis|[fromitem]\n|-start|p2a: Les affaires|protosynthesisspe\n|turn|20\n|inactive|Guxo & Itsu has 25 seconds left this turn.\n|inactive|Guxo & Itsu has 20 seconds left.\n|\n|t:|1700425077\n|move|p2a: Les affaires|Earth Power|p1a: Great Tusk\n|-damage|p1a: Great Tusk|0 fnt\n|faint|p1a: Great Tusk\n|-end|p1a: Great Tusk|Protosynthesis|[silent]\n|\n|upkeep\n|inactive|Guxo & Itsu has 25 seconds left this turn.\n|\n|t:|1700425093\n|switch|p1a: Clefable|Clefable, M|69\/100\n|turn|21\n|inactive|Guxo & Itsu has 30 seconds left.\n|\n|t:|1700425102\n|move|p2a: Les affaires|Thunderbolt|p1a: Clefable\n|-damage|p1a: Clefable|34\/100\n|move|p1a: Clefable|Moonlight|p1a: Clefable\n|-heal|p1a: Clefable|84\/100\n|\n|upkeep\n|turn|22\n|\n|t:|1700425110\n|move|p2a: Les affaires|Thunderbolt|p1a: Clefable\n|-damage|p1a: Clefable|44\/100\n|move|p1a: Clefable|Moonlight|p1a: Clefable\n|-heal|p1a: Clefable|94\/100\n|\n|upkeep\n|turn|23\n|\n|t:|1700425119\n|move|p2a: Les affaires|Thunderbolt|p1a: Clefable\n|-damage|p1a: Clefable|56\/100\n|move|p1a: Clefable|Moonblast|p2a: Les affaires\n|-damage|p2a: Les affaires|59\/100\n|\n|upkeep\n|turn|24\n|\n|t:|1700425124\n|move|p2a: Les affaires|Thunderbolt|p1a: Clefable\n|-damage|p1a: Clefable|18\/100\n|move|p1a: Clefable|Moonlight|p1a: Clefable\n|-heal|p1a: Clefable|68\/100\n|\n|upkeep\n|turn|25\n|\n|t:|1700425128\n|move|p2a: Les affaires|Thunderbolt|p1a: Clefable\n|-damage|p1a: Clefable|28\/100\n|move|p1a: Clefable|Moonlight|p1a: Clefable\n|-heal|p1a: Clefable|78\/100\n|\n|upkeep\n|turn|26\n|\n|t:|1700425132\n|move|p2a: Les affaires|Thunderbolt|p1a: Clefable\n|-damage|p1a: Clefable|42\/100\n|move|p1a: Clefable|Moonlight|p1a: Clefable\n|-heal|p1a: Clefable|92\/100\n|\n|upkeep\n|turn|27\n|\n|t:|1700425138\n|move|p2a: Les affaires|Thunderbolt|p1a: Clefable\n|-damage|p1a: Clefable|57\/100\n|move|p1a: Clefable|Moonblast|p2a: Les affaires\n|-damage|p2a: Les affaires|23\/100\n|\n|upkeep\n|turn|28\n|j| Atomic Girl\n|\n|t:|1700425143\n|move|p2a: Les affaires|Thunderbolt|p1a: Clefable\n|-damage|p1a: Clefable|21\/100\n|move|p1a: Clefable|Moonblast|p2a: Les affaires\n|-damage|p2a: Les affaires|0 fnt\n|faint|p2a: Les affaires\n|-end|p2a: Les affaires|Protosynthesis|[silent]\n|\n|upkeep\n|\n|t:|1700425146\n|switch|p2a: Pas net Baptiste|Dragonite, F|3\/100\n|turn|29\n|\n|t:|1700425150\n|move|p2a: Pas net Baptiste|Ice Spinner|p1a: Clefable\n|-crit|p1a: Clefable\n|-damage|p1a: Clefable|0 fnt\n|faint|p1a: Clefable\n|\n|upkeep\n|\n|t:|1700425152\n|switch|p1a: Dragapult|Dragapult, F|59\/100\n|turn|30\n|c|\u2606Updated & Sosa|gg\n|\n|t:|1700425157\n|move|p1a: Dragapult|Hex|p2a: Pas net Baptiste\n|-damage|p2a: Pas net Baptiste|0 fnt\n|faint|p2a: Pas net Baptiste\n|\n|win|Updated & Sosa\n|c|\u2606Guxo & Itsu|gg\n|l| Trihydre\n|l| Atomic Girl\n|l|\u2606Updated & Sosa\n|j|\u2606Updated & Sosa\n|player|p1|Updated & Sosa|tourist\n|l| LewisF180A\n|l| Flame & Heatran\n|l|+Hiro'\n","uploadtime":1700425167,"views":42,"p1id":"updatedsosa","p2id":"guxoitsu","formatid":"gen9ubers","rating":0,"private":0,"password":""}