{"id":"gen9ubers-1988118329","p1":"Reposti","p2":"babynogalXD","format":"[Gen 9] Ubers","log":"|j|\u2606Reposti\n|j|\u2606babynogalXD\n|t:|1699671793\n|gametype|singles\n|player|p1|Reposti|gentleman-gen4dp|\n|player|p2|babynogalXD|hilbert|\n|teamsize|p1|6\n|teamsize|p2|6\n|gen|9\n|tier|[Gen 9] Ubers\n|rule|Sleep Clause Mod: Limit one foe put to sleep\n|rule|Species Clause: Limit one of each Pok\u00e9mon\n|rule|OHKO Clause: OHKO moves are banned\n|rule|Evasion Items Clause: Evasion items are banned\n|rule|Evasion Moves Clause: Evasion moves are banned\n|rule|Endless Battle Clause: Forcing endless battles is banned\n|rule|HP Percentage Mod: HP is shown in percentages\n|clearpoke\n|poke|p1|Kommo-o, F|\n|poke|p1|Cyclizar, M|\n|poke|p1|Espathra, F|\n|poke|p1|Arceus-Poison|\n|poke|p1|Zacian-*|\n|poke|p1|Okidogi, M|\n|poke|p2|Espathra, M|\n|poke|p2|Rillaboom, M|\n|poke|p2|Sneasler, M|\n|poke|p2|Alomomola, F|\n|poke|p2|Dialga|\n|poke|p2|Arceus-Fire|\n|teampreview\n|\n|t:|1699671822\n|start\n|switch|p1a: Bicycle Kick|Cyclizar, M|100\/100\n|switch|p2a: Dialga|Dialga|100\/100\n|-ability|p2a: Dialga|Pressure\n|turn|1\n|\n|t:|1699671829\n|move|p1a: Bicycle Kick|Shed Tail|p1a: Bicycle Kick\n|-start|p1a: Bicycle Kick|Substitute|[from] move: Shed Tail\n|-damage|p1a: Bicycle Kick|50\/100\n|\n|t:|1699671844\n|switch|p1a: The Bass Cannon|Kommo-o, F|100\/100|[from] Shed Tail\n|move|p2a: Dialga|Heavy Slam|p1a: The Bass Cannon\n|-end|p1a: The Bass Cannon|Substitute\n|\n|upkeep\n|turn|2\n|\n|t:|1699671855\n|-terastallize|p1a: The Bass Cannon|Normal\n|move|p1a: The Bass Cannon|Clangorous Soul|p1a: The Bass Cannon\n|-boost|p1a: The Bass Cannon|atk|1\n|-boost|p1a: The Bass Cannon|def|1\n|-boost|p1a: The Bass Cannon|spa|1\n|-boost|p1a: The Bass Cannon|spd|1\n|-boost|p1a: The Bass Cannon|spe|1\n|-damage|p1a: The Bass Cannon|68\/100\n|-enditem|p1a: The Bass Cannon|Throat Spray\n|-boost|p1a: The Bass Cannon|spa|1|[from] item: Throat Spray\n|move|p2a: Dialga|Heavy Slam|p1a: The Bass Cannon\n|-damage|p1a: The Bass Cannon|35\/100\n|\n|upkeep\n|turn|3\n|\n|t:|1699671870\n|switch|p2a: Rillaboom|Rillaboom, M|100\/100\n|-fieldstart|move: Grassy Terrain|[from] ability: Grassy Surge|[of] p2a: Rillaboom\n|move|p1a: The Bass Cannon|Drain Punch|p2a: Rillaboom\n|-damage|p2a: Rillaboom|61\/100\n|-heal|p1a: The Bass Cannon|59\/100|[from] drain|[of] p2a: Rillaboom\n|\n|-heal|p1a: The Bass Cannon|65\/100|[from] Grassy Terrain\n|-heal|p2a: Rillaboom|68\/100|[from] Grassy Terrain\n|upkeep\n|turn|4\n|\n|t:|1699671882\n|switch|p2a: Alomomola|Alomomola, F|100\/100\n|move|p1a: The Bass Cannon|Drain Punch|p2a: Alomomola\n|-damage|p2a: Alomomola|76\/100\n|-heal|p1a: The Bass Cannon|88\/100|[from] drain|[of] p2a: Alomomola\n|-damage|p1a: The Bass Cannon|71\/100|[from] item: Rocky Helmet|[of] p2a: Alomomola\n|\n|-heal|p1a: The Bass Cannon|77\/100|[from] Grassy Terrain\n|-heal|p2a: Alomomola|83\/100|[from] Grassy Terrain\n|upkeep\n|turn|5\n|\n|t:|1699671894\n|move|p1a: The Bass Cannon|Boomburst|p2a: Alomomola\n|-damage|p2a: Alomomola|0 fnt\n|faint|p2a: Alomomola\n|\n|-heal|p1a: The Bass Cannon|84\/100|[from] Grassy Terrain\n|upkeep\n|\n|t:|1699671905\n|switch|p2a: Sneasler|Sneasler, M|100\/100\n|-enditem|p2a: Sneasler|Grassy Seed\n|-boost|p2a: Sneasler|def|1|[from] item: Grassy Seed\n|turn|6\n|\n|t:|1699671910\n|move|p2a: Sneasler|Close Combat|p1a: The Bass Cannon\n|-supereffective|p1a: The Bass Cannon\n|-damage|p1a: The Bass Cannon|0 fnt\n|-unboost|p2a: Sneasler|def|1\n|-unboost|p2a: Sneasler|spd|1\n|faint|p1a: The Bass Cannon\n|\n|upkeep\n|\n|t:|1699671921\n|switch|p1a: Big G?|Arceus-Poison|100\/100\n|turn|7\n|\n|t:|1699671928\n|move|p2a: Sneasler|Swords Dance|p2a: Sneasler\n|-boost|p2a: Sneasler|atk|2\n|move|p1a: Big G?|Cosmic Power|p1a: Big G?\n|-boost|p1a: Big G?|def|1\n|-boost|p1a: Big G?|spd|1\n|\n|upkeep\n|turn|8\n|\n|t:|1699671935\n|move|p2a: Sneasler|Acrobatics|p1a: Big G?\n|-damage|p1a: Big G?|69\/100\n|move|p1a: Big G?|Cosmic Power|p1a: Big G?\n|-boost|p1a: Big G?|def|1\n|-boost|p1a: Big G?|spd|1\n|\n|-heal|p1a: Big G?|75\/100|[from] Grassy Terrain\n|upkeep\n|turn|9\n|\n|t:|1699671944\n|switch|p2a: Dialga|Dialga|100\/100\n|-ability|p2a: Dialga|Pressure\n|move|p1a: Big G?|Stored Power|p2a: Dialga\n|-resisted|p2a: Dialga\n|-damage|p2a: Dialga|92\/100\n|\n|-heal|p1a: Big G?|82\/100|[from] Grassy Terrain\n|-heal|p2a: Dialga|98\/100|[from] Grassy Terrain\n|-heal|p2a: Dialga|100\/100|[from] item: Leftovers\n|upkeep\n|turn|10\n|\n|t:|1699671955\n|move|p1a: Big G?|Body Press|p2a: Dialga\n|-supereffective|p2a: Dialga\n|-damage|p2a: Dialga|36\/100\n|move|p2a: Dialga|Roar|p1a: Big G?\n|drag|p1a: what the dog doin?|Zacian|100\/100\n|-ability|p1a: what the dog doin?|Intrepid Sword|boost\n|-boost|p1a: what the dog doin?|atk|1\n|\n|-heal|p2a: Dialga|42\/100|[from] Grassy Terrain\n|-heal|p2a: Dialga|48\/100|[from] item: Leftovers\n|-fieldend|move: Grassy Terrain\n|upkeep\n|turn|11\n|\n|t:|1699671969\n|switch|p2a: Rillaboom|Rillaboom, M|68\/100\n|-fieldstart|move: Grassy Terrain|[from] ability: Grassy Surge|[of] p2a: Rillaboom\n|move|p1a: what the dog doin?|Play Rough|p2a: Rillaboom\n|-crit|p2a: Rillaboom\n|-damage|p2a: Rillaboom|0 fnt\n|faint|p2a: Rillaboom\n|\n|upkeep\n|\n|t:|1699671995\n|switch|p2a: Arceus|Arceus-Fire|100\/100\n|turn|12\n|\n|t:|1699672010\n|move|p1a: what the dog doin?|Swords Dance|p1a: what the dog doin?\n|-boost|p1a: what the dog doin?|atk|2\n|move|p2a: Arceus|Swords Dance|p2a: Arceus\n|-boost|p2a: Arceus|atk|2\n|\n|upkeep\n|turn|13\n|\n|t:|1699672045\n|move|p1a: what the dog doin?|Close Combat|p2a: Arceus\n|-damage|p2a: Arceus|25\/100\n|-unboost|p1a: what the dog doin?|def|1\n|-unboost|p1a: what the dog doin?|spd|1\n|move|p2a: Arceus|Swords Dance|p2a: Arceus\n|-boost|p2a: Arceus|atk|2\n|\n|-heal|p2a: Arceus|31\/100|[from] Grassy Terrain\n|upkeep\n|turn|14\n|\n|t:|1699672055\n|-terastallize|p2a: Arceus|Normal\n|move|p2a: Arceus|Extreme Speed|p1a: what the dog doin?\n|-damage|p1a: what the dog doin?|0 fnt\n|faint|p1a: what the dog doin?\n|\n|-heal|p2a: Arceus|37\/100|[from] Grassy Terrain\n|upkeep\n|\n|t:|1699672074\n|switch|p1a: Big G?|Arceus-Poison|82\/100\n|turn|15\n|\n|t:|1699672099\n|move|p2a: Arceus|Flare Blitz|p1a: Big G?\n|-crit|p1a: Big G?\n|-damage|p1a: Big G?|0 fnt\n|faint|p1a: Big G?\n|-damage|p2a: Arceus|6\/100|[from] Recoil\n|\n|-heal|p2a: Arceus|12\/100|[from] Grassy Terrain\n|upkeep\n|\n|t:|1699672108\n|switch|p1a: Okidogi|Okidogi, M|100\/100\n|turn|16\n|\n|t:|1699672126\n|move|p2a: Arceus|Extreme Speed|p1a: Okidogi\n|-damage|p1a: Okidogi|11\/100\n|move|p1a: Okidogi|Drain Punch|p2a: Arceus\n|-supereffective|p2a: Arceus\n|-damage|p2a: Arceus|0 fnt\n|-heal|p1a: Okidogi|17\/100|[from] drain|[of] p2a: Arceus\n|faint|p2a: Arceus\n|\n|-heal|p1a: Okidogi|23\/100|[from] Grassy Terrain\n|-heal|p1a: Okidogi|29\/100|[from] item: Leftovers\n|upkeep\n|\n|t:|1699672138\n|switch|p2a: Sneasler|Sneasler, M|100\/100\n|turn|17\n|\n|t:|1699672142\n|move|p2a: Sneasler|Swords Dance|p2a: Sneasler\n|-boost|p2a: Sneasler|atk|2\n|move|p1a: Okidogi|High Horsepower|p2a: Sneasler\n|-supereffective|p2a: Sneasler\n|-damage|p2a: Sneasler|3\/100\n|\n|-heal|p2a: Sneasler|9\/100|[from] Grassy Terrain\n|-heal|p1a: Okidogi|35\/100|[from] Grassy Terrain\n|-heal|p1a: Okidogi|41\/100|[from] item: Leftovers\n|upkeep\n|turn|18\n|\n|t:|1699672152\n|move|p2a: Sneasler|Acrobatics|p1a: Okidogi\n|-supereffective|p1a: Okidogi\n|-damage|p1a: Okidogi|0 fnt\n|faint|p1a: Okidogi\n|\n|-heal|p2a: Sneasler|15\/100|[from] Grassy Terrain\n|-fieldend|move: Grassy Terrain\n|upkeep\n|\n|t:|1699672160\n|switch|p1a: Bicycle Kick|Cyclizar, M|84\/100\n|turn|19\n|\n|t:|1699672169\n|move|p1a: Bicycle Kick|Shed Tail|p1a: Bicycle Kick\n|-start|p1a: Bicycle Kick|Substitute|[from] move: Shed Tail\n|-damage|p1a: Bicycle Kick|33\/100\n|\n|t:|1699672171\n|switch|p1a: War Criminal|Espathra, F|100\/100|[from] Shed Tail\n|move|p2a: Sneasler|Acrobatics|p1a: War Criminal\n|-end|p1a: War Criminal|Substitute\n|\n|upkeep\n|turn|20\n|\n|t:|1699672181\n|move|p1a: War Criminal|Protect|p1a: War Criminal\n|-singleturn|p1a: War Criminal|Protect\n|move|p2a: Sneasler|Dire Claw|p1a: War Criminal\n|-activate|p1a: War Criminal|move: Protect\n|\n|-ability|p1a: War Criminal|Speed Boost|boost\n|-boost|p1a: War Criminal|spe|1\n|upkeep\n|turn|21\n|\n|t:|1699672192\n|move|p1a: War Criminal|Tera Blast|p2a: Sneasler\n|-damage|p2a: Sneasler|0 fnt\n|faint|p2a: Sneasler\n|\n|-ability|p1a: War Criminal|Speed Boost|boost\n|-boost|p1a: War Criminal|spe|1\n|upkeep\n|\n|t:|1699672194\n|switch|p2a: Dialga|Dialga|48\/100\n|-ability|p2a: Dialga|Pressure\n|turn|22\n|\n|t:|1699672202\n|move|p1a: War Criminal|Tera Blast|p2a: Dialga\n|-resisted|p2a: Dialga\n|-damage|p2a: Dialga|40\/100\n|move|p2a: Dialga|Heavy Slam|p1a: War Criminal\n|-damage|p1a: War Criminal|29\/100\n|\n|-heal|p1a: War Criminal|35\/100|[from] item: Leftovers\n|-heal|p2a: Dialga|46\/100|[from] item: Leftovers\n|-ability|p1a: War Criminal|Speed Boost|boost\n|-boost|p1a: War Criminal|spe|1\n|upkeep\n|turn|23\n|\n|t:|1699672216\n|move|p1a: War Criminal|Protect|p1a: War Criminal\n|-singleturn|p1a: War Criminal|Protect\n|move|p2a: Dialga|Heavy Slam|p1a: War Criminal\n|-activate|p1a: War Criminal|move: Protect\n|\n|-heal|p1a: War Criminal|41\/100|[from] item: Leftovers\n|-heal|p2a: Dialga|52\/100|[from] item: Leftovers\n|-ability|p1a: War Criminal|Speed Boost|boost\n|-boost|p1a: War Criminal|spe|1\n|upkeep\n|turn|24\n|c|\u2606babynogalXD|was that soundproof kommo and guard dog oki\n|c|\u2606Reposti|Yep\n|\n|t:|1699672229\n|move|p1a: War Criminal|Stored Power|p2a: Dialga\n|-resisted|p2a: Dialga\n|-damage|p2a: Dialga|36\/100\n|move|p2a: Dialga|Heavy Slam|p1a: War Criminal\n|-damage|p1a: War Criminal|0 fnt\n|faint|p1a: War Criminal\n|\n|-heal|p2a: Dialga|42\/100|[from] item: Leftovers\n|upkeep\n|c|\u2606babynogalXD|oh my fucking god\n|c|\u2606babynogalXD|shit was scary\n|c|\u2606Reposti|Ya\n|c|\u2606babynogalXD|roar is my way to deal with shit\n|c|\u2606Reposti|i got really screwed and I misplayed hard\n|\n|t:|1699672251\n|switch|p1a: Bicycle Kick|Cyclizar, M|67\/100\n|turn|25\n|\n|t:|1699672254\n|move|p1a: Bicycle Kick|Knock Off|p2a: Dialga\n|-damage|p2a: Dialga|27\/100\n|-enditem|p2a: Dialga|Leftovers|[from] move: Knock Off|[of] p1a: Bicycle Kick\n|move|p2a: Dialga|Heavy Slam|p1a: Bicycle Kick\n|-damage|p1a: Bicycle Kick|2\/100\n|\n|upkeep\n|turn|26\n|c|\u2606babynogalXD|gg\n|c|\u2606Reposti|Gg\n|\n|t:|1699672267\n|move|p1a: Bicycle Kick|Knock Off|p2a: Dialga\n|-crit|p2a: Dialga\n|-damage|p2a: Dialga|13\/100\n|move|p2a: Dialga|Heavy Slam|p1a: Bicycle Kick\n|-damage|p1a: Bicycle Kick|0 fnt\n|faint|p1a: Bicycle Kick\n|\n|win|babynogalXD\n|c|\u2606Reposti|Man that crit\n|c|\u2606Reposti|I think I lived that\n|c|\u2606Reposti|pain\n|c|\u2606babynogalXD|which one?\n|c|\u2606Reposti|The flare blitz crit\n|c|\u2606babynogalXD|oh no\n|c|\u2606babynogalXD|im max attack\n|c|\u2606babynogalXD|+4\n|c|\u2606Reposti|Max def\n|c|\u2606babynogalXD|no way\n|c|\u2606babynogalXD|oh\n|c|\u2606babynogalXD|maybe\n|c|\u2606Reposti|Ya\n|c|\u2606Reposti|its whatever now\n|c|\u2606Reposti|kinda frustrating tbf, game one I misplayed as well\n|c|\u2606babynogalXD|ye\n|c|\u2606Reposti|I was expecting you to bring your webs team maybe\n|c|\u2606babynogalXD|oh\n|c|\u2606babynogalXD|ye\n|c|\u2606babynogalXD|im still\n|c|\u2606babynogalXD|working on that team\n|c|\u2606Reposti|Fair\n|c|\u2606Reposti|ya I have been cooking Okidogi\n|c|\u2606Reposti|it\u2019s actually pretty good\n|c|\u2606babynogalXD|i got scared\n|c|\u2606babynogalXD|when i saw high horsepower\n|c|\u2606Reposti|Ya I think that was a range\n|c|\u2606Reposti|sucks when that happens\n|c|\u2606babynogalXD|i see why you would run it\n|c|\u2606babynogalXD|mag is a shitter\n|c|\u2606Reposti|Ya\n|c|\u2606Reposti|I also have a bulky set\n|c|\u2606Reposti|boy gets roar and taunt\n|c|\u2606Reposti|stall killer before it was murked\n|c|\u2606babynogalXD|lol\n|c|\u2606babynogalXD|was it taunt drain highhorse and bulk up?\n|c|\u2606Reposti|Drain, Highhorse, Knock, Bulk with leftoevrs\n|c|\u2606babynogalXD|dam\n|c|\u2606babynogalXD|well\n|c|\u2606babynogalXD|gg\n|c|\u2606Reposti|Ya\n|c|\u2606babynogalXD|seeya\n|c|\u2606Reposti|ggs\n|l|\u2606babynogalXD\n","uploadtime":1699672272,"views":42,"p1id":"reposti","p2id":"babynogalxd","formatid":"gen9ubers","rating":0,"private":0,"password":""}