{"id":"gen9ubers-1982840465","p1":"Xelda_Rain","p2":"wrtosread","format":"[Gen 9] Ubers","log":"|j|\u2606Xelda_Rain\n|j|\u203dwrtosread\n|t:|1699050120\n|gametype|singles\n|player|p1|Xelda_Rain|flannery|\n|player|p2|wrtosread|artistf-gen6|\n|teamsize|p1|6\n|teamsize|p2|6\n|gen|9\n|tier|[Gen 9] Ubers\n|rule|Sleep Clause Mod: Limit one foe put to sleep\n|rule|Species Clause: Limit one of each Pok\u00e9mon\n|rule|OHKO Clause: OHKO moves are banned\n|rule|Evasion Items Clause: Evasion items are banned\n|rule|Evasion Moves Clause: Evasion moves are banned\n|rule|Endless Battle Clause: Forcing endless battles is banned\n|rule|HP Percentage Mod: HP is shown in percentages\n|clearpoke\n|poke|p1|Arceus|\n|poke|p1|Landorus, M|\n|poke|p1|Dialga|\n|poke|p1|Palafin, M|\n|poke|p1|Rayquaza|\n|poke|p1|Iron Valiant|\n|poke|p2|Arceus|\n|poke|p2|Giratina|\n|poke|p2|Clefable, F|\n|poke|p2|Koraidon|\n|poke|p2|Landorus, M|\n|poke|p2|Corviknight, M|\n|teampreview\n|\n|t:|1699050134\n|start\n|switch|p1a: Rayquaza|Rayquaza|100\/100\n|switch|p2a: Giratina|Giratina|100\/100\n|-ability|p1a: Rayquaza|Air Lock\n|-ability|p2a: Giratina|Pressure\n|turn|1\n|\n|t:|1699050139\n|switch|p2a: Clefable|Clefable, F|100\/100\n|move|p1a: Rayquaza|Swords Dance|p1a: Rayquaza\n|-boost|p1a: Rayquaza|atk|2\n|\n|upkeep\n|turn|2\n|\n|t:|1699050148\n|move|p1a: Rayquaza|Dragon Ascent|p2a: Clefable\n|-damage|p2a: Clefable|45\/100\n|-unboost|p1a: Rayquaza|def|1\n|-unboost|p1a: Rayquaza|spd|1\n|move|p2a: Clefable|Play Rough|p1a: Rayquaza\n|-supereffective|p1a: Rayquaza\n|-damage|p1a: Rayquaza|49\/100\n|\n|-heal|p2a: Clefable|51\/100|[from] item: Leftovers\n|upkeep\n|turn|3\n|\n|t:|1699050156\n|move|p1a: Rayquaza|Dragon Ascent|p2a: Clefable\n|-damage|p2a: Clefable|0 fnt\n|-unboost|p1a: Rayquaza|def|1\n|-unboost|p1a: Rayquaza|spd|1\n|faint|p2a: Clefable\n|\n|upkeep\n|\n|t:|1699050168\n|switch|p2a: Arceus|Arceus|100\/100\n|turn|4\n|\n|t:|1699050171\n|move|p2a: Arceus|Extreme Speed|p1a: Rayquaza\n|-damage|p1a: Rayquaza|0 fnt\n|faint|p1a: Rayquaza\n|\n|upkeep\n|\n|t:|1699050186\n|switch|p1a: Iron Valiant|Iron Valiant|100\/100\n|-enditem|p1a: Iron Valiant|Booster Energy\n|-activate|p1a: Iron Valiant|ability: Quark Drive|[fromitem]\n|-start|p1a: Iron Valiant|quarkdrivespe\n|turn|5\n|\n|t:|1699050194\n|switch|p2a: Corviknight|Corviknight, M|100\/100\n|-ability|p2a: Corviknight|Pressure\n|move|p1a: Iron Valiant|Aura Sphere|p2a: Corviknight\n|-damage|p2a: Corviknight|61\/100\n|\n|-heal|p2a: Corviknight|68\/100|[from] item: Leftovers\n|upkeep\n|turn|6\n|\n|t:|1699050200\n|switch|p2a: Landorus|Landorus, M|100\/100\n|move|p1a: Iron Valiant|Thunderbolt|p2a: Landorus\n|-immune|p2a: Landorus\n|\n|upkeep\n|turn|7\n|\n|t:|1699050211\n|-terastallize|p1a: Iron Valiant|Fairy\n|move|p1a: Iron Valiant|Moonblast|p2a: Landorus\n|-damage|p2a: Landorus|26\/100\n|move|p2a: Landorus|Earth Power|p1a: Iron Valiant\n|-damage|p1a: Iron Valiant|0 fnt\n|faint|p1a: Iron Valiant\n|-end|p1a: Iron Valiant|Quark Drive|[silent]\n|\n|upkeep\n|\n|t:|1699050222\n|switch|p1a: Arc is us|Arceus|100\/100\n|turn|8\n|\n|t:|1699050224\n|move|p1a: Arc is us|Extreme Speed|p2a: Landorus\n|-damage|p2a: Landorus|0 fnt\n|faint|p2a: Landorus\n|\n|upkeep\n|\n|t:|1699050229\n|switch|p2a: Koraidon|Koraidon|100\/100\n|-weather|SunnyDay|[from] ability: Orichalcum Pulse|[of] p2a: Koraidon\n|-activate|p2a: Koraidon|Orichalcum Pulse|[source]\n|turn|9\n|\n|t:|1699050245\n|switch|p1a: Landorus|Landorus, M|100\/100\n|move|p2a: Koraidon|Focus Blast|p1a: Landorus|[miss]\n|-miss|p2a: Koraidon|p1a: Landorus\n|\n|-weather|SunnyDay|[upkeep]\n|upkeep\n|turn|10\n|\n|t:|1699050258\n|move|p1a: Landorus|Psychic|p2a: Koraidon\n|-supereffective|p2a: Koraidon\n|-crit|p2a: Koraidon\n|-damage|p2a: Koraidon|0 fnt\n|faint|p2a: Koraidon\n|\n|-weather|SunnyDay|[upkeep]\n|upkeep\n|\n|t:|1699050261\n|switch|p2a: Giratina|Giratina|100\/100\n|-ability|p2a: Giratina|Pressure\n|turn|11\n|\n|t:|1699050278\n|switch|p1a: Palafin|Palafin, M|100\/100\n|move|p2a: Giratina|Calm Mind|p2a: Giratina\n|-boost|p2a: Giratina|spa|1\n|-boost|p2a: Giratina|spd|1\n|\n|-weather|SunnyDay|[upkeep]\n|upkeep\n|turn|12\n|\n|t:|1699050292\n|detailschange|p1a: Palafin|Palafin-Hero, M\n|switch|p1a: Dialga|Dialga|100\/100\n|-ability|p1a: Dialga|Pressure\n|move|p2a: Giratina|Calm Mind|p2a: Giratina\n|-boost|p2a: Giratina|spa|1\n|-boost|p2a: Giratina|spd|1\n|\n|-weather|SunnyDay|[upkeep]\n|upkeep\n|turn|13\n|\n|t:|1699050299\n|move|p2a: Giratina|Aura Sphere|p1a: Dialga\n|-supereffective|p1a: Dialga\n|-damage|p1a: Dialga|61\/100\n|move|p1a: Dialga|Dragon Claw|p2a: Giratina\n|-supereffective|p2a: Giratina\n|-damage|p2a: Giratina|61\/100\n|\n|-weather|none\n|-heal|p2a: Giratina|67\/100|[from] item: Leftovers\n|upkeep\n|turn|14\n|\n|t:|1699050309\n|move|p2a: Giratina|Aura Sphere|p1a: Dialga\n|-supereffective|p1a: Dialga\n|-damage|p1a: Dialga|20\/100\n|move|p1a: Dialga|Dragon Claw|p2a: Giratina\n|-supereffective|p2a: Giratina\n|-damage|p2a: Giratina|27\/100\n|\n|-heal|p2a: Giratina|33\/100|[from] item: Leftovers\n|upkeep\n|turn|15\n|\n|t:|1699050313\n|move|p1a: Dialga|Dragon Claw|p2a: Giratina\n|-supereffective|p2a: Giratina\n|-damage|p2a: Giratina|0 fnt\n|faint|p2a: Giratina\n|\n|upkeep\n|\n|t:|1699050316\n|switch|p2a: Arceus|Arceus|100\/100\n|turn|16\n|\n|t:|1699050326\n|move|p2a: Arceus|Swords Dance|p2a: Arceus\n|-boost|p2a: Arceus|atk|2\n|move|p1a: Dialga|Brick Break|p2a: Arceus\n|-supereffective|p2a: Arceus\n|-damage|p2a: Arceus|68\/100\n|\n|-heal|p2a: Arceus|74\/100|[from] item: Leftovers\n|upkeep\n|turn|17\n|\n|t:|1699050338\n|move|p2a: Arceus|Dragon Claw|p1a: Dialga\n|-damage|p1a: Dialga|0 fnt\n|faint|p1a: Dialga\n|\n|-heal|p2a: Arceus|80\/100|[from] item: Leftovers\n|upkeep\n|\n|t:|1699050357\n|switch|p1a: Landorus|Landorus, M|100\/100\n|turn|18\n|\n|t:|1699050364\n|move|p2a: Arceus|Extreme Speed|p1a: Landorus\n|-damage|p1a: Landorus|19\/100\n|move|p1a: Landorus|Earth Power|p2a: Arceus\n|-damage|p2a: Arceus|42\/100\n|\n|-heal|p2a: Arceus|48\/100|[from] item: Leftovers\n|upkeep\n|turn|19\n|\n|t:|1699050377\n|move|p1a: Landorus|Earth Power|p2a: Arceus\n|-damage|p2a: Arceus|10\/100\n|move|p2a: Arceus|Recover|p2a: Arceus\n|-heal|p2a: Arceus|60\/100\n|\n|-heal|p2a: Arceus|66\/100|[from] item: Leftovers\n|upkeep\n|turn|20\n|\n|t:|1699050383\n|move|p1a: Landorus|Earth Power|p2a: Arceus\n|-damage|p2a: Arceus|26\/100\n|move|p2a: Arceus|Recover|p2a: Arceus\n|-heal|p2a: Arceus|76\/100\n|\n|-heal|p2a: Arceus|82\/100|[from] item: Leftovers\n|upkeep\n|turn|21\n|\n|t:|1699050388\n|move|p1a: Landorus|Earth Power|p2a: Arceus\n|-damage|p2a: Arceus|39\/100\n|move|p2a: Arceus|Swords Dance|p2a: Arceus\n|-boost|p2a: Arceus|atk|2\n|\n|-heal|p2a: Arceus|45\/100|[from] item: Leftovers\n|upkeep\n|turn|22\n|\n|t:|1699050394\n|move|p1a: Landorus|Earth Power|p2a: Arceus\n|-damage|p2a: Arceus|3\/100\n|move|p2a: Arceus|Recover|p2a: Arceus\n|-heal|p2a: Arceus|53\/100\n|\n|-heal|p2a: Arceus|59\/100|[from] item: Leftovers\n|upkeep\n|turn|23\n|\n|t:|1699050399\n|move|p1a: Landorus|Earth Power|p2a: Arceus\n|-damage|p2a: Arceus|17\/100\n|move|p2a: Arceus|Recover|p2a: Arceus\n|-heal|p2a: Arceus|67\/100\n|\n|-heal|p2a: Arceus|73\/100|[from] item: Leftovers\n|upkeep\n|turn|24\n|\n|t:|1699050406\n|move|p2a: Arceus|Extreme Speed|p1a: Landorus\n|-damage|p1a: Landorus|0 fnt\n|faint|p1a: Landorus\n|\n|-heal|p2a: Arceus|79\/100|[from] item: Leftovers\n|upkeep\n|\n|t:|1699050413\n|switch|p1a: Arc is us|Arceus|100\/100\n|turn|25\n|\n|t:|1699050415\n|move|p2a: Arceus|Extreme Speed|p1a: Arc is us\n|-damage|p1a: Arc is us|37\/100\n|move|p1a: Arc is us|Extreme Speed|p2a: Arceus\n|-crit|p2a: Arceus\n|-damage|p2a: Arceus|29\/100\n|\n|-heal|p2a: Arceus|35\/100|[from] item: Leftovers\n|upkeep\n|turn|26\n|\n|t:|1699050419\n|move|p2a: Arceus|Extreme Speed|p1a: Arc is us\n|-damage|p1a: Arc is us|0 fnt\n|faint|p1a: Arc is us\n|\n|-heal|p2a: Arceus|41\/100|[from] item: Leftovers\n|upkeep\n|\n|t:|1699050422\n|switch|p1a: Palafin|Palafin-Hero, M|100\/100\n|-activate|p1a: Palafin|ability: Zero to Hero\n|turn|27\n|\n|t:|1699050425\n|move|p2a: Arceus|Extreme Speed|p1a: Palafin\n|-damage|p1a: Palafin|9\/100\n|move|p1a: Palafin|Boomburst|p2a: Arceus\n|-damage|p2a: Arceus|0 fnt\n|faint|p2a: Arceus\n|\n|upkeep\n|\n|t:|1699050430\n|switch|p2a: Corviknight|Corviknight, M|68\/100\n|-ability|p2a: Corviknight|Pressure\n|turn|28\n|\n|t:|1699050431\n|move|p1a: Palafin|Boomburst|p2a: Corviknight\n|-resisted|p2a: Corviknight\n|-damage|p2a: Corviknight|39\/100\n|move|p2a: Corviknight|Brave Bird|p1a: Palafin\n|-damage|p1a: Palafin|0 fnt\n|faint|p1a: Palafin\n|-damage|p2a: Corviknight|36\/100|[from] Recoil\n|\n|win|wrtosread\n","uploadtime":1699050435,"views":12,"p1id":"xeldarain","p2id":"wrtosread","formatid":"gen9ubers","rating":0,"private":0,"password":""}