{"id":"gen9ubers-1981387386","p1":"TubeKnight","p2":"HinaKagiyama1","format":"[Gen 9] Ubers","log":"|j|\u2606TubeKnight\n|j|\u2606HinaKagiyama1\n|t:|1698890240\n|gametype|singles\n|player|p1|TubeKnight|265|\n|player|p2|HinaKagiyama1|2|\n|teamsize|p1|6\n|teamsize|p2|6\n|gen|9\n|tier|[Gen 9] Ubers\n|rule|Sleep Clause Mod: Limit one foe put to sleep\n|rule|Species Clause: Limit one of each Pok\u00e9mon\n|rule|OHKO Clause: OHKO moves are banned\n|rule|Evasion Items Clause: Evasion items are banned\n|rule|Evasion Moves Clause: Evasion moves are banned\n|rule|Endless Battle Clause: Forcing endless battles is banned\n|rule|HP Percentage Mod: HP is shown in percentages\n|clearpoke\n|poke|p1|Palafin, F|\n|poke|p1|Palkia-Origin|\n|poke|p1|Zacian-*|\n|poke|p1|Chi-Yu|\n|poke|p1|Arceus-Grass|\n|poke|p1|Urshifu-*, M|\n|poke|p2|Tyranitar, F|\n|poke|p2|Arceus-Rock|\n|poke|p2|Garchomp, F|\n|poke|p2|Donphan, M|\n|poke|p2|Magearna|\n|poke|p2|Houndstone, F|\n|teampreview\n|c|\u2606HinaKagiyama1|This is a meme team?\n|inactive|Battle timer is ON: inactive players will automatically lose when time's up. (requested by TubeKnight)\n|c|\u2606TubeKnight|yep\n|c|\u2606TubeKnight|ultimate hyper offense\n|\n|t:|1698890276\n|start\n|switch|p1a: Palafin|Palafin, F, shiny|100\/100\n|switch|p2a: DREAM ON|Tyranitar, F|100\/100\n|-weather|Sandstorm|[from] ability: Sand Stream|[of] p2a: DREAM ON\n|turn|1\n|\n|t:|1698890291\n|move|p1a: Palafin|Close Combat|p2a: DREAM ON\n|-supereffective|p2a: DREAM ON\n|-damage|p2a: DREAM ON|0 fnt\n|-unboost|p1a: Palafin|def|1\n|-unboost|p1a: Palafin|spd|1\n|faint|p2a: DREAM ON\n|\n|-weather|Sandstorm|[upkeep]\n|-damage|p1a: Palafin|94\/100|[from] Sandstorm\n|upkeep\n|c|\u2606TubeKnight|forgot flip turn lmao\n|c|\u2606HinaKagiyama1|I-\n|c|\u2606HinaKagiyama1|._.\n|\n|t:|1698890302\n|switch|p2a: Cynthia DREAM ON|Garchomp, F|100\/100\n|turn|2\n|\n|t:|1698890312\n|detailschange|p1a: Palafin|Palafin-Hero, F, shiny\n|switch|p1a: Zacian|Zacian, shiny|100\/100\n|-ability|p1a: Zacian|Intrepid Sword|boost\n|-boost|p1a: Zacian|atk|1\n|move|p2a: Cynthia DREAM ON|Scale Shot|p1a: Zacian\n|-immune|p1a: Zacian\n|\n|-weather|Sandstorm|[upkeep]\n|-damage|p1a: Zacian|94\/100|[from] Sandstorm\n|upkeep\n|turn|3\n|\n|t:|1698890325\n|-terastallize|p2a: Cynthia DREAM ON|Steel\n|move|p1a: Zacian|Play Rough|p2a: Cynthia DREAM ON\n|-resisted|p2a: Cynthia DREAM ON\n|-damage|p2a: Cynthia DREAM ON|52\/100\n|-damage|p1a: Zacian|82\/100|[from] ability: Rough Skin|[of] p2a: Cynthia DREAM ON\n|move|p2a: Cynthia DREAM ON|Iron Head|p1a: Zacian\n|-supereffective|p1a: Zacian\n|-damage|p1a: Zacian|0 fnt\n|faint|p1a: Zacian\n|\n|-weather|Sandstorm|[upkeep]\n|upkeep\n|c|\u2606HinaKagiyama1|Bye bye\n|\n|t:|1698890332\n|switch|p1a: Chi-Yu|Chi-Yu|100\/100\n|-ability|p1a: Chi-Yu|Beads of Ruin\n|turn|4\n|\n|t:|1698890339\n|switch|p2a: Arc the rock eus|Arceus-Rock|100\/100\n|move|p1a: Chi-Yu|Flamethrower|p2a: Arc the rock eus\n|-resisted|p2a: Arc the rock eus\n|-damage|p2a: Arc the rock eus|86\/100\n|\n|-weather|Sandstorm|[upkeep]\n|-damage|p1a: Chi-Yu|95\/100|[from] Sandstorm\n|upkeep\n|turn|5\n|\n|t:|1698890345\n|switch|p1a: Arceus|Arceus-Grass, shiny|100\/100\n|move|p2a: Arc the rock eus|Judgment|p1a: Arceus\n|-damage|p1a: Arceus|66\/100\n|\n|-weather|Sandstorm|[upkeep]\n|-damage|p1a: Arceus|60\/100|[from] Sandstorm\n|upkeep\n|turn|6\n|\n|t:|1698890375\n|switch|p2a: Uwu orb|Magearna|100\/100\n|move|p1a: Arceus|Judgment|p2a: Uwu orb\n|-resisted|p2a: Uwu orb\n|-damage|p2a: Uwu orb|77\/100\n|\n|-weather|Sandstorm|[upkeep]\n|-damage|p1a: Arceus|54\/100|[from] Sandstorm\n|-heal|p2a: Uwu orb|83\/100|[from] item: Leftovers\n|upkeep\n|turn|7\n|\n|t:|1698890380\n|move|p1a: Arceus|Overheat|p2a: Uwu orb\n|-supereffective|p2a: Uwu orb\n|-damage|p2a: Uwu orb|13\/100\n|-unboost|p1a: Arceus|spa|2\n|move|p2a: Uwu orb|Thunder Wave|p1a: Arceus\n|-status|p1a: Arceus|par\n|\n|-weather|Sandstorm|[upkeep]\n|-damage|p1a: Arceus|48\/100 par|[from] Sandstorm\n|-heal|p2a: Uwu orb|19\/100|[from] item: Leftovers\n|upkeep\n|turn|8\n|c|\u2606TubeKnight|cooking\n|\n|t:|1698890402\n|move|p1a: Arceus|Earth Power|p2a: Uwu orb\n|-supereffective|p2a: Uwu orb\n|-damage|p2a: Uwu orb|0 fnt\n|faint|p2a: Uwu orb\n|\n|-weather|none\n|upkeep\n|c|\u2606HinaKagiyama1|I was indeed cooking\n|\n|t:|1698890410\n|switch|p2a: Houndstone|Houndstone, F|100\/100\n|turn|9\n|\n|t:|1698890413\n|switch|p1a: Chi-Yu|Chi-Yu|95\/100\n|-ability|p1a: Chi-Yu|Beads of Ruin\n|move|p2a: Houndstone|Last Respects|p1a: Chi-Yu\n|-resisted|p1a: Chi-Yu\n|-damage|p1a: Chi-Yu|21\/100\n|\n|upkeep\n|turn|10\n|inactive|HinaKagiyama1 has 270 seconds left.\n|\n|t:|1698890439\n|switch|p2a: Arc the rock eus|Arceus-Rock|86\/100\n|move|p1a: Chi-Yu|Dark Pulse|p2a: Arc the rock eus\n|-damage|p2a: Arc the rock eus|47\/100\n|\n|upkeep\n|turn|11\n|\n|t:|1698890446\n|switch|p1a: Palkia|Palkia-Origin|100\/100\n|-ability|p1a: Palkia|Pressure\n|move|p2a: Arc the rock eus|Recover|p2a: Arc the rock eus\n|-heal|p2a: Arc the rock eus|97\/100\n|\n|upkeep\n|turn|12\n|inactive|HinaKagiyama1 has 270 seconds left.\n|\n|t:|1698890487\n|move|p2a: Arc the rock eus|Judgment|p1a: Palkia\n|-damage|p1a: Palkia|53\/100\n|move|p1a: Palkia|Hydro Pump|p2a: Arc the rock eus\n|-supereffective|p2a: Arc the rock eus\n|-damage|p2a: Arc the rock eus|0 fnt\n|faint|p2a: Arc the rock eus\n|\n|upkeep\n|\n|t:|1698890491\n|switch|p2a: Houndstone|Houndstone, F|100\/100\n|turn|13\n|\n|t:|1698890494\n|move|p1a: Palkia|Spacial Rend|p2a: Houndstone|[miss]\n|-miss|p1a: Palkia|p2a: Houndstone\n|move|p2a: Houndstone|Last Respects|p1a: Palkia\n|-damage|p1a: Palkia|0 fnt\n|faint|p1a: Palkia\n|\n|upkeep\n|\n|t:|1698890498\n|switch|p1a: Chi-Yu|Chi-Yu|21\/100\n|-ability|p1a: Chi-Yu|Beads of Ruin\n|turn|14\n|c|\u2606HinaKagiyama1|Go ahead and hit me if you\u2019re able\n|inactive|HinaKagiyama1 has 270 seconds left.\n|c|\u2606TubeKnight|?\n|c|\u2606HinaKagiyama1|you know my dogtermination is unstable\n|\n|t:|1698890521\n|move|p2a: Houndstone|Shadow Sneak|p1a: Chi-Yu\n|-resisted|p1a: Chi-Yu\n|-damage|p1a: Chi-Yu|2\/100\n|move|p1a: Chi-Yu|Dark Pulse|p2a: Houndstone\n|-supereffective|p2a: Houndstone\n|-damage|p2a: Houndstone|0 fnt\n|faint|p2a: Houndstone\n|\n|upkeep\n|c|\u2606HinaKagiyama1|Crap\n|\n|t:|1698890526\n|switch|p2a: Donphozo|Donphan, M|100\/100\n|turn|15\n|c|\u2606TubeKnight|lmao\n|\n|t:|1698890531\n|move|p2a: Donphozo|Ice Shard|p1a: Chi-Yu\n|-resisted|p1a: Chi-Yu\n|-damage|p1a: Chi-Yu|0 fnt\n|faint|p1a: Chi-Yu\n|\n|upkeep\n|\n|t:|1698890533\n|switch|p1a: Palafin|Palafin-Hero, F, shiny|94\/100\n|-activate|p1a: Palafin|ability: Zero to Hero\n|turn|16\n|\n|t:|1698890538\n|-terastallize|p1a: Palafin|Water\n|move|p1a: Palafin|Jet Punch|p2a: Donphozo\n|-supereffective|p2a: Donphozo\n|-ability|p2a: Donphozo|Sturdy\n|-damage|p2a: Donphozo|1\/100\n|move|p2a: Donphozo|Earthquake|p1a: Palafin\n|-damage|p1a: Palafin|40\/100\n|\n|upkeep\n|turn|17\n|\n|t:|1698890542\n|move|p1a: Palafin|Jet Punch|p2a: Donphozo\n|-supereffective|p2a: Donphozo\n|-damage|p2a: Donphozo|0 fnt\n|faint|p2a: Donphozo\n|\n|upkeep\n|\n|t:|1698890544\n|switch|p2a: Cynthia DREAM ON|Garchomp, F, tera:Steel|52\/100\n|turn|18\n|c|\u2606HinaKagiyama1|Welp. Gg\n|c|\u2606HinaKagiyama1|that cc early got me\n|\n|t:|1698890554\n|move|p1a: Palafin|Jet Punch|p2a: Cynthia DREAM ON\n|-damage|p2a: Cynthia DREAM ON|0 fnt\n|-damage|p1a: Palafin|28\/100|[from] ability: Rough Skin|[of] p2a: Cynthia DREAM ON\n|faint|p2a: Cynthia DREAM ON\n|\n|win|TubeKnight\n|c|\u2606TubeKnight|i have a 100 percent winrate\n|c|\u2606TubeKnight|and 2 battles\n","uploadtime":1698890573,"views":11,"p1id":"tubeknight","p2id":"hinakagiyama1","formatid":"gen9ubers","rating":0,"private":0,"password":""}