{"id":"gen9ubers-1997846349","p1":"leonissenbaum","p2":"yuramas","format":"[Gen 9] Ubers","log":"|j|\u2606leonissenbaum\n|j|\u2606yuramas\n|t:|1700859129\n|gametype|singles\n|player|p1|leonissenbaum|leon|\n|player|p2|yuramas|266|\n|teamsize|p1|6\n|teamsize|p2|6\n|gen|9\n|tier|[Gen 9] Ubers\n|rule|Sleep Clause Mod: Limit one foe put to sleep\n|rule|Species Clause: Limit one of each Pok\u00e9mon\n|rule|OHKO Clause: OHKO moves are banned\n|rule|Evasion Items Clause: Evasion items are banned\n|rule|Evasion Moves Clause: Evasion moves are banned\n|rule|Endless Battle Clause: Forcing endless battles is banned\n|rule|HP Percentage Mod: HP is shown in percentages\n|clearpoke\n|poke|p1|Crocalor, F|\n|poke|p1|Zamazenta-*|\n|poke|p1|Vespiquen, F|\n|poke|p1|Clefable, M|\n|poke|p1|Blissey, F|\n|poke|p1|Talonflame, F|\n|poke|p2|Torkoal, F|\n|poke|p2|Chi-Yu|\n|poke|p2|Zacian-*|\n|poke|p2|Walking Wake|\n|poke|p2|Arceus-Poison|\n|poke|p2|Landorus, M|\n|teampreview\n|c|\u2606leonissenbaum|gl!\n|c|\u2606yuramas|glhf\n|j| IcyTheScreamer\n|\n|t:|1700859207\n|start\n|switch|p1a: Vespiquen|Vespiquen, F|100\/100\n|switch|p2a: Torkoal|Torkoal, F|100\/100\n|-ability|p1a: Vespiquen|Pressure\n|-weather|SunnyDay|[from] ability: Drought|[of] p2a: Torkoal\n|turn|1\n|\n|t:|1700859234\n|move|p1a: Vespiquen|Toxic|p2a: Torkoal\n|-status|p2a: Torkoal|tox\n|move|p2a: Torkoal|Stealth Rock|p1a: Vespiquen\n|-sidestart|p1: leonissenbaum|move: Stealth Rock\n|\n|-weather|SunnyDay|[upkeep]\n|-damage|p2a: Torkoal|94\/100 tox|[from] psn\n|upkeep\n|turn|2\n|\n|t:|1700859240\n|move|p1a: Vespiquen|Spikes|p2a: Torkoal\n|-sidestart|p2: yuramas|Spikes\n|move|p2a: Torkoal|Lava Plume|p1a: Vespiquen\n|-supereffective|p1a: Vespiquen\n|-damage|p1a: Vespiquen|52\/100\n|\n|-weather|SunnyDay|[upkeep]\n|-damage|p2a: Torkoal|82\/100 tox|[from] psn\n|upkeep\n|turn|3\n|c| IcyTheScreamer|so vespiquen is viable on stall but arc poision isnt? \ud83d\udc80\n|\n|t:|1700859247\n|move|p1a: Vespiquen|Roost|p1a: Vespiquen\n|-heal|p1a: Vespiquen|100\/100\n|-singleturn|p1a: Vespiquen|move: Roost\n|move|p2a: Torkoal|Lava Plume|p1a: Vespiquen\n|-supereffective|p1a: Vespiquen\n|-damage|p1a: Vespiquen|49\/100\n|\n|-weather|SunnyDay|[upkeep]\n|-damage|p2a: Torkoal|64\/100 tox|[from] psn\n|upkeep\n|turn|4\n|c|\u2606leonissenbaum|yes!\n|\n|t:|1700859253\n|move|p1a: Vespiquen|Roost|p1a: Vespiquen\n|-heal|p1a: Vespiquen|99\/100\n|-singleturn|p1a: Vespiquen|move: Roost\n|move|p2a: Torkoal|Yawn|p1a: Vespiquen\n|-start|p1a: Vespiquen|move: Yawn|[of] p2a: Torkoal\n|\n|-weather|SunnyDay|[upkeep]\n|-damage|p2a: Torkoal|39\/100 tox|[from] psn\n|upkeep\n|turn|5\n|\n|t:|1700859278\n|switch|p1a: Clefable|Clefable, M|100\/100\n|-damage|p1a: Clefable|88\/100|[from] Stealth Rock\n|switch|p2a: Arceus|Arceus-Poison|100\/100\n|-damage|p2a: Arceus|88\/100|[from] Spikes\n|\n|-weather|SunnyDay|[upkeep]\n|-heal|p1a: Clefable|94\/100|[from] item: Leftovers\n|upkeep\n|turn|6\n|\n|t:|1700859304\n|move|p2a: Arceus|Poison Jab|p1a: Clefable\n|-supereffective|p1a: Clefable\n|-damage|p1a: Clefable|0 fnt\n|faint|p1a: Clefable\n|\n|-weather|SunnyDay|[upkeep]\n|upkeep\n|\n|t:|1700859325\n|switch|p1a: Talonflame|Talonflame, F|100\/100\n|turn|7\n|\n|t:|1700859356\n|switch|p2a: Walking Wake|Walking Wake|100\/100\n|-damage|p2a: Walking Wake|88\/100|[from] Spikes\n|-activate|p2a: Walking Wake|ability: Protosynthesis\n|-start|p2a: Walking Wake|protosynthesisspe\n|move|p1a: Talonflame|Will-O-Wisp|p2a: Walking Wake\n|-status|p2a: Walking Wake|brn\n|\n|-weather|SunnyDay|[upkeep]\n|-damage|p2a: Walking Wake|82\/100 brn|[from] brn\n|upkeep\n|turn|8\n|\n|t:|1700859371\n|switch|p1a: Blissey|Blissey, F|100\/100\n|-damage|p1a: Blissey|88\/100|[from] Stealth Rock\n|move|p2a: Walking Wake|Hydro Steam|p1a: Blissey\n|-damage|p1a: Blissey|58\/100\n|\n|-weather|none\n|-end|p2a: Walking Wake|Protosynthesis\n|-heal|p1a: Blissey|65\/100|[from] item: Leftovers\n|-damage|p2a: Walking Wake|76\/100 brn|[from] brn\n|upkeep\n|turn|9\n|\n|t:|1700859395\n|-end|p2a: Walking Wake|Protosynthesis|[silent]\n|switch|p2a: Landorus|Landorus, M|100\/100\n|move|p1a: Blissey|Soft-Boiled|p1a: Blissey\n|-heal|p1a: Blissey|100\/100\n|\n|upkeep\n|turn|10\n|\n|t:|1700859415\n|move|p2a: Landorus|Sludge Bomb|p1a: Blissey\n|-damage|p1a: Blissey|83\/100\n|move|p1a: Blissey|Seismic Toss|p2a: Landorus\n|-damage|p2a: Landorus|73\/100\n|\n|-heal|p1a: Blissey|89\/100|[from] item: Leftovers\n|upkeep\n|turn|11\n|\n|t:|1700859462\n|switch|p2a: Arceus|Arceus-Poison|88\/100\n|-damage|p2a: Arceus|76\/100|[from] Spikes\n|move|p1a: Blissey|Seismic Toss|p2a: Arceus\n|-damage|p2a: Arceus|50\/100\n|\n|-heal|p1a: Blissey|95\/100|[from] item: Leftovers\n|upkeep\n|turn|12\n|\n|t:|1700859492\n|switch|p2a: Torkoal|Torkoal, F|39\/100 tox\n|-damage|p2a: Torkoal|27\/100 tox|[from] Spikes\n|-weather|SunnyDay|[from] ability: Drought|[of] p2a: Torkoal\n|switch|p1a: Talonflame|Talonflame, F|100\/100\n|\n|-weather|SunnyDay|[upkeep]\n|-damage|p2a: Torkoal|21\/100 tox|[from] psn\n|upkeep\n|turn|13\n|\n|t:|1700859501\n|move|p1a: Talonflame|Overheat|p2a: Torkoal\n|-resisted|p2a: Torkoal\n|-damage|p2a: Torkoal|0 fnt\n|-unboost|p1a: Talonflame|spa|2\n|faint|p2a: Torkoal\n|\n|-weather|SunnyDay|[upkeep]\n|upkeep\n|\n|t:|1700859513\n|switch|p2a: Walking Wake|Walking Wake|76\/100 brn\n|-damage|p2a: Walking Wake|64\/100 brn|[from] Spikes\n|-activate|p2a: Walking Wake|ability: Protosynthesis\n|-start|p2a: Walking Wake|protosynthesisspe\n|turn|14\n|\n|t:|1700859522\n|switch|p1a: Blissey|Blissey, F|95\/100\n|-damage|p1a: Blissey|83\/100|[from] Stealth Rock\n|move|p2a: Walking Wake|Hydro Steam|p1a: Blissey\n|-crit|p1a: Blissey\n|-damage|p1a: Blissey|42\/100\n|\n|-weather|SunnyDay|[upkeep]\n|-heal|p1a: Blissey|48\/100|[from] item: Leftovers\n|-damage|p2a: Walking Wake|58\/100 brn|[from] brn\n|upkeep\n|turn|15\n|\n|t:|1700859537\n|move|p2a: Walking Wake|Hydro Steam|p1a: Blissey\n|-damage|p1a: Blissey|21\/100\n|move|p1a: Blissey|Soft-Boiled|p1a: Blissey\n|-heal|p1a: Blissey|71\/100\n|\n|-weather|SunnyDay|[upkeep]\n|-heal|p1a: Blissey|77\/100|[from] item: Leftovers\n|-damage|p2a: Walking Wake|51\/100 brn|[from] brn\n|upkeep\n|turn|16\n|\n|t:|1700859545\n|-end|p2a: Walking Wake|Protosynthesis|[silent]\n|switch|p2a: Zacian|Zacian|100\/100\n|-ability|p2a: Zacian|Intrepid Sword|boost\n|-boost|p2a: Zacian|atk|1\n|move|p1a: Blissey|Soft-Boiled|p1a: Blissey\n|-heal|p1a: Blissey|100\/100\n|\n|-weather|SunnyDay|[upkeep]\n|upkeep\n|turn|17\n|\n|t:|1700859590\n|switch|p2a: Chi-Yu|Chi-Yu|100\/100\n|-damage|p2a: Chi-Yu|88\/100|[from] Spikes\n|-ability|p2a: Chi-Yu|Beads of Ruin\n|switch|p1a: Crocalor|Crocalor, F|100\/100\n|-damage|p1a: Crocalor|76\/100|[from] Stealth Rock\n|\n|-weather|SunnyDay|[upkeep]\n|upkeep\n|turn|18\n|\n|t:|1700859618\n|switch|p1a: Blissey|Blissey, F|100\/100\n|-damage|p1a: Blissey|88\/100|[from] Stealth Rock\n|move|p2a: Chi-Yu|Overheat|p1a: Blissey\n|-damage|p1a: Blissey|40\/100\n|-unboost|p2a: Chi-Yu|spa|2\n|\n|-weather|SunnyDay|[upkeep]\n|-heal|p1a: Blissey|46\/100|[from] item: Leftovers\n|upkeep\n|turn|19\n|\n|t:|1700859629\n|switch|p2a: Zacian|Zacian|100\/100\n|move|p1a: Blissey|Soft-Boiled|p1a: Blissey\n|-heal|p1a: Blissey|96\/100\n|\n|-weather|none\n|-heal|p1a: Blissey|100\/100|[from] item: Leftovers\n|upkeep\n|turn|20\n|\n|t:|1700859671\n|switch|p1a: Talonflame|Talonflame, F|100\/100\n|-terastallize|p2a: Zacian|Ground\n|move|p2a: Zacian|Swords Dance|p2a: Zacian\n|-boost|p2a: Zacian|atk|2\n|\n|upkeep\n|turn|21\n|\n|t:|1700859689\n|switch|p2a: Chi-Yu|Chi-Yu|88\/100\n|-damage|p2a: Chi-Yu|76\/100|[from] Spikes\n|-ability|p2a: Chi-Yu|Beads of Ruin\n|move|p1a: Talonflame|Will-O-Wisp|p2a: Chi-Yu|[miss]\n|-miss|p1a: Talonflame|p2a: Chi-Yu\n|\n|upkeep\n|turn|22\n|\n|t:|1700859708\n|switch|p2a: Landorus|Landorus, M|73\/100\n|switch|p1a: Blissey|Blissey, F|100\/100\n|-damage|p1a: Blissey|88\/100|[from] Stealth Rock\n|\n|-heal|p1a: Blissey|94\/100|[from] item: Leftovers\n|upkeep\n|turn|23\n|j| GreenCatKid\n|\n|t:|1700859717\n|move|p2a: Landorus|Focus Blast|p1a: Blissey\n|-supereffective|p1a: Blissey\n|-damage|p1a: Blissey|48\/100\n|move|p1a: Blissey|Seismic Toss|p2a: Landorus\n|-damage|p2a: Landorus|46\/100\n|\n|-heal|p1a: Blissey|54\/100|[from] item: Leftovers\n|upkeep\n|turn|24\n|\n|t:|1700859756\n|-terastallize|p1a: Blissey|Ghost\n|move|p2a: Landorus|Nasty Plot|p2a: Landorus\n|-boost|p2a: Landorus|spa|2\n|move|p1a: Blissey|Seismic Toss|p2a: Landorus\n|-damage|p2a: Landorus|19\/100\n|\n|-heal|p1a: Blissey|60\/100|[from] item: Leftovers\n|upkeep\n|turn|25\n|\n|t:|1700859765\n|move|p2a: Landorus|Earth Power|p1a: Blissey\n|-damage|p1a: Blissey|15\/100\n|move|p1a: Blissey|Seismic Toss|p2a: Landorus\n|-damage|p2a: Landorus|0 fnt\n|faint|p2a: Landorus\n|\n|-heal|p1a: Blissey|22\/100|[from] item: Leftovers\n|upkeep\n|\n|t:|1700859802\n|switch|p2a: Chi-Yu|Chi-Yu|76\/100\n|-damage|p2a: Chi-Yu|63\/100|[from] Spikes\n|-ability|p2a: Chi-Yu|Beads of Ruin\n|turn|26\n|\n|t:|1700859820\n|move|p2a: Chi-Yu|Dark Pulse|p1a: Blissey\n|-supereffective|p1a: Blissey\n|-damage|p1a: Blissey|0 fnt\n|faint|p1a: Blissey\n|\n|upkeep\n|\n|t:|1700859828\n|switch|p1a: Zamazenta|Zamazenta-Crowned|100\/100\n|-damage|p1a: Zamazenta|97\/100|[from] Stealth Rock\n|-ability|p1a: Zamazenta|Dauntless Shield|boost\n|-boost|p1a: Zamazenta|def|1\n|turn|27\n|\n|t:|1700859872\n|switch|p2a: Arceus|Arceus-Poison|50\/100\n|-damage|p2a: Arceus|37\/100|[from] Spikes\n|move|p1a: Zamazenta|Body Press|p2a: Arceus\n|-resisted|p2a: Arceus\n|-damage|p2a: Arceus|15\/100\n|\n|upkeep\n|turn|28\n|\n|t:|1700859883\n|move|p1a: Zamazenta|Body Press|p2a: Arceus\n|-resisted|p2a: Arceus\n|-damage|p2a: Arceus|0 fnt\n|faint|p2a: Arceus\n|\n|upkeep\n|\n|t:|1700859893\n|switch|p2a: Chi-Yu|Chi-Yu|63\/100\n|-damage|p2a: Chi-Yu|51\/100|[from] Spikes\n|-ability|p2a: Chi-Yu|Beads of Ruin\n|turn|29\n|\n|t:|1700859911\n|switch|p1a: Talonflame|Talonflame, F|100\/100\n|move|p2a: Chi-Yu|Overheat|p1a: Talonflame\n|-resisted|p1a: Talonflame\n|-damage|p1a: Talonflame|50\/100\n|-unboost|p2a: Chi-Yu|spa|2\n|\n|upkeep\n|turn|30\n|\n|t:|1700859918\n|switch|p2a: Walking Wake|Walking Wake|51\/100 brn\n|-damage|p2a: Walking Wake|39\/100 brn|[from] Spikes\n|move|p1a: Talonflame|Roost|p1a: Talonflame\n|-heal|p1a: Talonflame|100\/100\n|-singleturn|p1a: Talonflame|move: Roost\n|\n|-damage|p2a: Walking Wake|33\/100 brn|[from] brn\n|upkeep\n|turn|31\n|\n|t:|1700859973\n|switch|p1a: Zamazenta|Zamazenta-Crowned|97\/100\n|-damage|p1a: Zamazenta|94\/100|[from] Stealth Rock\n|move|p2a: Walking Wake|Hydro Steam|p1a: Zamazenta\n|-damage|p1a: Zamazenta|54\/100\n|\n|-damage|p2a: Walking Wake|27\/100 brn|[from] brn\n|upkeep\n|turn|32\n|\n|t:|1700859991\n|-end|p2a: Walking Wake|Protosynthesis|[silent]\n|switch|p2a: Zacian|Zacian, tera:Ground|100\/100\n|move|p1a: Zamazenta|Body Press|p2a: Zacian\n|-crit|p2a: Zacian\n|-damage|p2a: Zacian|41\/100\n|\n|upkeep\n|turn|33\n|\n|t:|1700860032\n|switch|p1a: Talonflame|Talonflame, F|100\/100\n|move|p2a: Zacian|Close Combat|p1a: Talonflame\n|-resisted|p1a: Talonflame\n|-damage|p1a: Talonflame|76\/100\n|-unboost|p2a: Zacian|def|1\n|-unboost|p2a: Zacian|spd|1\n|\n|upkeep\n|turn|34\n|\n|t:|1700860041\n|move|p2a: Zacian|Play Rough|p1a: Talonflame\n|-resisted|p1a: Talonflame\n|-damage|p1a: Talonflame|46\/100\n|-status|p2a: Zacian|brn|[from] ability: Flame Body|[of] p1a: Talonflame\n|move|p1a: Talonflame|Overheat|p2a: Zacian\n|-damage|p2a: Zacian|0 fnt\n|-unboost|p1a: Talonflame|spa|2\n|faint|p2a: Zacian\n|\n|upkeep\n|\n|t:|1700860048\n|switch|p2a: Chi-Yu|Chi-Yu|51\/100\n|-damage|p2a: Chi-Yu|39\/100|[from] Spikes\n|-ability|p2a: Chi-Yu|Beads of Ruin\n|turn|35\n|\n|t:|1700860084\n|move|p2a: Chi-Yu|Overheat|p1a: Talonflame\n|-resisted|p1a: Talonflame\n|-damage|p1a: Talonflame|3\/100\n|-unboost|p2a: Chi-Yu|spa|2\n|move|p1a: Talonflame|Roost|p1a: Talonflame\n|-heal|p1a: Talonflame|54\/100\n|-singleturn|p1a: Talonflame|move: Roost\n|\n|upkeep\n|turn|36\n|c|\u2606yuramas|oh\n|c|\u2606leonissenbaum|that was a min roll for you, rip\n|\n|t:|1700860119\n|move|p2a: Chi-Yu|Overheat|p1a: Talonflame\n|-resisted|p1a: Talonflame\n|-damage|p1a: Talonflame|30\/100\n|-unboost|p2a: Chi-Yu|spa|2\n|move|p1a: Talonflame|Roost|p1a: Talonflame\n|-heal|p1a: Talonflame|81\/100\n|-singleturn|p1a: Talonflame|move: Roost\n|\n|upkeep\n|turn|37\n|c|\u2606yuramas|gg\n|\n|t:|1700860132\n|switch|p2a: Walking Wake|Walking Wake|27\/100 brn\n|-damage|p2a: Walking Wake|15\/100 brn|[from] Spikes\n|move|p1a: Talonflame|Roost|p1a: Talonflame\n|-heal|p1a: Talonflame|100\/100\n|-singleturn|p1a: Talonflame|move: Roost\n|\n|-damage|p2a: Walking Wake|8\/100 brn|[from] brn\n|upkeep\n|turn|38\n|\n|t:|1700860177\n|switch|p1a: Vespiquen|Vespiquen, F|99\/100\n|-ability|p1a: Vespiquen|Pressure\n|move|p2a: Walking Wake|Hydro Steam|p1a: Vespiquen\n|-damage|p1a: Vespiquen|54\/100\n|\n|-damage|p2a: Walking Wake|2\/100 brn|[from] brn\n|upkeep\n|turn|39\n|\n|t:|1700860188\n|move|p2a: Walking Wake|Hydro Steam|p1a: Vespiquen\n|-damage|p1a: Vespiquen|9\/100\n|move|p1a: Vespiquen|Spikes|p2a: Walking Wake\n|-sidestart|p2: yuramas|Spikes\n|\n|-damage|p2a: Walking Wake|0 fnt|[from] brn\n|faint|p2a: Walking Wake\n|-end|p2a: Walking Wake|Protosynthesis|[silent]\n|upkeep\n|\n|t:|1700860191\n|switch|p2a: Chi-Yu|Chi-Yu|39\/100\n|-damage|p2a: Chi-Yu|22\/100|[from] Spikes\n|-ability|p2a: Chi-Yu|Beads of Ruin\n|turn|40\n|\n|t:|1700860231\n|move|p2a: Chi-Yu|Psychic|p1a: Vespiquen\n|-damage|p1a: Vespiquen|0 fnt\n|faint|p1a: Vespiquen\n|\n|upkeep\n|\n|t:|1700860239\n|switch|p1a: Zamazenta|Zamazenta-Crowned|54\/100\n|-damage|p1a: Zamazenta|50\/100|[from] Stealth Rock\n|turn|41\n|\n|t:|1700860242\n|move|p2a: Chi-Yu|Psychic|p1a: Zamazenta\n|-damage|p1a: Zamazenta|20\/100\n|move|p1a: Zamazenta|Body Press|p2a: Chi-Yu\n|-supereffective|p2a: Chi-Yu\n|-damage|p2a: Chi-Yu|0 fnt\n|faint|p2a: Chi-Yu\n|\n|win|leonissenbaum\n|c|\u2606yuramas|gg\n|c|\u2606leonissenbaum|gg\n","uploadtime":1700860252,"views":25,"p1id":"leonissenbaum","p2id":"yuramas","formatid":"gen9ubers","rating":0,"private":0,"password":""}