{"id":"gen9ubers-2000075837","p1":"Rell28","p2":"Ween Enjoyer","format":"[Gen 9] Ubers","log":"|j|\u2606Rell28\n|j|\u2606Ween Enjoyer\n|t:|1701150269\n|gametype|singles\n|player|p1|Rell28|2|1493\n|player|p2|Ween Enjoyer|clay|1379\n|teamsize|p1|6\n|teamsize|p2|6\n|gen|9\n|tier|[Gen 9] Ubers\n|rated|\n|rule|Sleep Clause Mod: Limit one foe put to sleep\n|rule|Species Clause: Limit one of each Pok\u00e9mon\n|rule|OHKO Clause: OHKO moves are banned\n|rule|Evasion Items Clause: Evasion items are banned\n|rule|Evasion Moves Clause: Evasion moves are banned\n|rule|Endless Battle Clause: Forcing endless battles is banned\n|rule|HP Percentage Mod: HP is shown in percentages\n|clearpoke\n|poke|p1|Zacian-*|\n|poke|p1|Miraidon|\n|poke|p1|Ursaluna-Bloodmoon, M|\n|poke|p1|Koraidon|\n|poke|p1|Calyrex-Ice|\n|poke|p1|Arceus-Ground|\n|poke|p2|Koraidon|\n|poke|p2|Arceus-Ground|\n|poke|p2|Zacian-*|\n|poke|p2|Ting-Lu|\n|poke|p2|Flutter Mane|\n|poke|p2|Groudon|\n|teampreview\n|\n|t:|1701150279\n|start\n|switch|p1a: Arceus|Arceus-Ground|100\/100\n|switch|p2a: Ting-Lu|Ting-Lu|100\/100\n|-ability|p2a: Ting-Lu|Vessel of Ruin\n|turn|1\n|\n|t:|1701150285\n|move|p1a: Arceus|Taunt|p2a: Ting-Lu\n|-start|p2a: Ting-Lu|move: Taunt\n|cant|p2a: Ting-Lu|move: Taunt|Stealth Rock\n|\n|upkeep\n|turn|2\n|\n|t:|1701150289\n|move|p1a: Arceus|Ice Beam|p2a: Ting-Lu\n|-supereffective|p2a: Ting-Lu\n|-damage|p2a: Ting-Lu|78\/100\n|-status|p2a: Ting-Lu|frz\n|cant|p2a: Ting-Lu|frz\n|\n|-heal|p2a: Ting-Lu|84\/100 frz|[from] item: Leftovers\n|upkeep\n|turn|3\n|\n|t:|1701150304\n|switch|p1a: Calyrex|Calyrex-Ice|100\/100\n|-ability|p1a: Calyrex|As One\n|-ability|p1a: Calyrex|Unnerve\n|cant|p2a: Ting-Lu|frz\n|\n|-heal|p2a: Ting-Lu|90\/100 frz|[from] item: Leftovers\n|-end|p2a: Ting-Lu|move: Taunt\n|upkeep\n|turn|4\n|\n|t:|1701150314\n|switch|p2a: Zacian|Zacian-Crowned|100\/100\n|-ability|p2a: Zacian|Intrepid Sword|boost\n|-boost|p2a: Zacian|atk|1\n|move|p1a: Calyrex|Trick Room|p1a: Calyrex\n|-fieldstart|move: Trick Room|[of] p1a: Calyrex\n|\n|upkeep\n|turn|5\n|\n|t:|1701150327\n|-terastallize|p1a: Calyrex|Electric\n|move|p1a: Calyrex|High Horsepower|p2a: Zacian\n|-supereffective|p2a: Zacian\n|-damage|p2a: Zacian|0 fnt\n|faint|p2a: Zacian\n|-ability|p1a: Calyrex|Chilling Neigh|boost\n|-boost|p1a: Calyrex|atk|1\n|-damage|p1a: Calyrex|91\/100|[from] item: Life Orb\n|\n|upkeep\n|\n|t:|1701150337\n|switch|p2a: Groudon|Groudon|100\/100\n|-weather|SunnyDay|[from] ability: Drought|[of] p2a: Groudon\n|turn|6\n|\n|t:|1701150341\n|-terastallize|p2a: Groudon|Fairy\n|move|p1a: Calyrex|Glacial Lance|p2a: Groudon\n|-damage|p2a: Groudon|21\/100\n|-damage|p1a: Calyrex|81\/100|[from] item: Life Orb\n|move|p2a: Groudon|Precipice Blades|p1a: Calyrex\n|-supereffective|p1a: Calyrex\n|-damage|p1a: Calyrex|16\/100\n|\n|-weather|SunnyDay|[upkeep]\n|-heal|p2a: Groudon|27\/100|[from] item: Leftovers\n|upkeep\n|turn|7\n|\n|t:|1701150358\n|move|p1a: Calyrex|Glacial Lance|p2a: Groudon\n|-damage|p2a: Groudon|0 fnt\n|faint|p2a: Groudon\n|-ability|p1a: Calyrex|Chilling Neigh|boost\n|-boost|p1a: Calyrex|atk|1\n|-damage|p1a: Calyrex|6\/100|[from] item: Life Orb\n|\n|-weather|SunnyDay|[upkeep]\n|upkeep\n|\n|t:|1701150365\n|switch|p2a: Ting-Lu|Ting-Lu|90\/100 frz\n|-ability|p2a: Ting-Lu|Vessel of Ruin\n|turn|8\n|\n|t:|1701150375\n|-curestatus|p2a: Ting-Lu|frz|[msg]\n|move|p2a: Ting-Lu|Earthquake|p1a: Calyrex\n|-supereffective|p1a: Calyrex\n|-damage|p1a: Calyrex|0 fnt\n|faint|p1a: Calyrex\n|\n|-weather|SunnyDay|[upkeep]\n|-heal|p2a: Ting-Lu|97\/100|[from] item: Leftovers\n|-fieldend|move: Trick Room\n|upkeep\n|\n|t:|1701150385\n|switch|p1a: Zacian|Zacian-Crowned|100\/100\n|-ability|p1a: Zacian|Intrepid Sword|boost\n|-boost|p1a: Zacian|atk|1\n|turn|9\n|\n|t:|1701150393\n|switch|p2a: Arceus|Arceus-Ground|100\/100\n|move|p1a: Zacian|Play Rough|p2a: Arceus\n|-damage|p2a: Arceus|61\/100\n|\n|-weather|SunnyDay|[upkeep]\n|upkeep\n|turn|10\n|\n|t:|1701150408\n|move|p1a: Zacian|Swords Dance|p1a: Zacian\n|-boost|p1a: Zacian|atk|2\n|move|p2a: Arceus|Judgment|p1a: Zacian\n|-supereffective|p1a: Zacian\n|-damage|p1a: Zacian|0 fnt\n|faint|p1a: Zacian\n|\n|-weather|none\n|upkeep\n|\n|t:|1701150417\n|switch|p1a: Arceus|Arceus-Ground|100\/100\n|turn|11\n|\n|t:|1701150420\n|move|p1a: Arceus|Taunt|p2a: Arceus\n|-start|p2a: Arceus|move: Taunt\n|move|p2a: Arceus|Ice Beam|p1a: Arceus\n|-supereffective|p1a: Arceus\n|-damage|p1a: Arceus|62\/100\n|\n|upkeep\n|turn|12\n|\n|t:|1701150426\n|move|p1a: Arceus|Ice Beam|p2a: Arceus\n|-supereffective|p2a: Arceus\n|-damage|p2a: Arceus|25\/100\n|move|p2a: Arceus|Ice Beam|p1a: Arceus\n|-supereffective|p1a: Arceus\n|-damage|p1a: Arceus|22\/100\n|\n|upkeep\n|turn|13\n|\n|t:|1701150434\n|move|p1a: Arceus|Judgment|p2a: Arceus\n|-crit|p2a: Arceus\n|-damage|p2a: Arceus|0 fnt\n|faint|p2a: Arceus\n|\n|upkeep\n|\n|t:|1701150440\n|switch|p2a: Koraidon|Koraidon|100\/100\n|-weather|SunnyDay|[from] ability: Orichalcum Pulse|[of] p2a: Koraidon\n|-activate|p2a: Koraidon|Orichalcum Pulse|[source]\n|turn|14\n|\n|t:|1701150451\n|move|p2a: Koraidon|U-turn|p1a: Arceus\n|-damage|p1a: Arceus|0 fnt\n|faint|p1a: Arceus\n|\n|t:|1701150452\n|switch|p2a: Flutter Mane|Flutter Mane|100\/100|[from] U-turn\n|-activate|p2a: Flutter Mane|ability: Protosynthesis\n|-start|p2a: Flutter Mane|protosynthesisspe\n|\n|-weather|SunnyDay|[upkeep]\n|upkeep\n|\n|t:|1701150460\n|switch|p1a: Ursaluna|Ursaluna-Bloodmoon, M|100\/100\n|turn|15\n|\n|t:|1701150468\n|move|p2a: Flutter Mane|Mystical Fire|p1a: Ursaluna\n|-damage|p1a: Ursaluna|33\/100\n|-unboost|p1a: Ursaluna|spa|1\n|move|p1a: Ursaluna|Blood Moon|p2a: Flutter Mane\n|-damage|p2a: Flutter Mane|34\/100\n|\n|-weather|SunnyDay|[upkeep]\n|upkeep\n|turn|16\n|\n|t:|1701150480\n|move|p2a: Flutter Mane|Mystical Fire|p1a: Ursaluna\n|-damage|p1a: Ursaluna|0 fnt\n|faint|p1a: Ursaluna\n|\n|-weather|SunnyDay|[upkeep]\n|upkeep\n|\n|t:|1701150482\n|switch|p1a: Miraidon|Miraidon|100\/100\n|-fieldstart|move: Electric Terrain|[from] ability: Hadron Engine|[of] p1a: Miraidon\n|turn|17\n|\n|t:|1701150485\n|-end|p2a: Flutter Mane|Protosynthesis|[silent]\n|switch|p2a: Ting-Lu|Ting-Lu|97\/100\n|-ability|p2a: Ting-Lu|Vessel of Ruin\n|move|p1a: Miraidon|Volt Switch|p2a: Ting-Lu\n|-immune|p2a: Ting-Lu\n|\n|-weather|SunnyDay|[upkeep]\n|-heal|p2a: Ting-Lu|100\/100|[from] item: Leftovers\n|upkeep\n|turn|18\n|\n|t:|1701150505\n|switch|p1a: Koraidon|Koraidon|100\/100\n|-activate|p1a: Koraidon|ability: Orichalcum Pulse\n|move|p2a: Ting-Lu|Earthquake|p1a: Koraidon\n|-damage|p1a: Koraidon|70\/100\n|\n|-weather|none\n|upkeep\n|turn|19\n|\n|t:|1701150514\n|move|p1a: Koraidon|Flame Charge|p2a: Ting-Lu\n|-damage|p2a: Ting-Lu|90\/100\n|-boost|p1a: Koraidon|spe|1\n|move|p2a: Ting-Lu|Whirlwind|p1a: Koraidon\n|drag|p1a: Miraidon|Miraidon|100\/100\n|-activate|p1a: Miraidon|ability: Hadron Engine\n|\n|-heal|p2a: Ting-Lu|96\/100|[from] item: Leftovers\n|upkeep\n|turn|20\n|l|\u2606Rell28\n|player|p1|\n|inactive|Battle timer is ON: inactive players will automatically lose when time's up. (requested by Ween Enjoyer)\n|inactive|Rell28 has 30 seconds to reconnect!\n|inactive|Rell28 has 20 seconds to reconnect!\n|inactive|Rell28 has 15 seconds to reconnect!\n|inactive|Rell28 has 10 seconds to reconnect!\n|inactive|Rell28 has 5 seconds to reconnect!\n|-message|Rell28 lost due to inactivity.\n|\n|win|Ween Enjoyer\n|raw|Rell28's rating: 1493 &rarr; <strong>1467<\/strong><br \/>(-26 for losing)\n|raw|Ween Enjoyer's rating: 1379 &rarr; <strong>1405<\/strong><br \/>(+26 for winning)\n","uploadtime":1701150639,"views":2,"p1id":"rell28","p2id":"weenenjoyer","formatid":"gen9ubers","rating":1405,"private":0,"password":""}