{"id":"gen9ubers-1994805890","p1":"Hellolol123hah","p2":"BrunoMobBoss","format":"[Gen 9] Ubers","log":"|j|\u2606Hellolol123hah\n|j|\u2606BrunoMobBoss\n|t:|1700494517\n|gametype|singles\n|player|p1|Hellolol123hah|101|1146\n|player|p2|BrunoMobBoss|102|1021\n|teamsize|p1|6\n|teamsize|p2|6\n|gen|9\n|tier|[Gen 9] Ubers\n|rated|\n|rule|Sleep Clause Mod: Limit one foe put to sleep\n|rule|Species Clause: Limit one of each Pok\u00e9mon\n|rule|OHKO Clause: OHKO moves are banned\n|rule|Evasion Items Clause: Evasion items are banned\n|rule|Evasion Moves Clause: Evasion moves are banned\n|rule|Endless Battle Clause: Forcing endless battles is banned\n|rule|HP Percentage Mod: HP is shown in percentages\n|clearpoke\n|poke|p1|Ribombee, F|\n|poke|p1|Koraidon|\n|poke|p1|Chien-Pao|\n|poke|p1|Ceruledge, M|\n|poke|p1|Volcarona, M|\n|poke|p1|Urshifu-*, F|\n|poke|p2|Volcarona, M|\n|poke|p2|Palafin, M|\n|poke|p2|Breloom, F|\n|poke|p2|Flutter Mane|\n|poke|p2|Baxcalibur, M|\n|poke|p2|Corviknight, F|\n|teampreview\n|inactive|Battle timer is ON: inactive players will automatically lose when time's up. (requested by Hellolol123hah)\n|\n|t:|1700494524\n|start\n|switch|p1a: Ribombee|Ribombee, F|100\/100\n|switch|p2a: Palafin|Palafin, M|100\/100\n|turn|1\n|\n|t:|1700494540\n|move|p1a: Ribombee|Quiver Dance|p1a: Ribombee\n|-boost|p1a: Ribombee|spa|1\n|-boost|p1a: Ribombee|spd|1\n|-boost|p1a: Ribombee|spe|1\n|move|p2a: Palafin|Flip Turn|p1a: Ribombee\n|-damage|p1a: Ribombee|60\/100\n|\n|t:|1700494547\n|detailschange|p2a: Palafin|Palafin-Hero, M\n|switch|p2a: Volcarona|Volcarona, M|100\/100|[from] Flip Turn\n|\n|upkeep\n|turn|2\n|\n|t:|1700494551\n|move|p1a: Ribombee|Sticky Web|p2a: Volcarona\n|-sidestart|p2: BrunoMobBoss|move: Sticky Web\n|move|p2a: Volcarona|Quiver Dance|p2a: Volcarona\n|-boost|p2a: Volcarona|spa|1\n|-boost|p2a: Volcarona|spd|1\n|-boost|p2a: Volcarona|spe|1\n|\n|upkeep\n|turn|3\n|\n|t:|1700494557\n|-terastallize|p1a: Ribombee|Water\n|move|p1a: Ribombee|Tera Blast|p2a: Volcarona|[anim] Tera Blast Water\n|-supereffective|p2a: Volcarona\n|-damage|p2a: Volcarona|33\/100\n|move|p2a: Volcarona|Fiery Dance|p1a: Ribombee\n|-resisted|p1a: Ribombee\n|-damage|p1a: Ribombee|17\/100\n|\n|upkeep\n|turn|4\n|\n|t:|1700494565\n|-terastallize|p2a: Volcarona|Grass\n|move|p1a: Ribombee|Tera Blast|p2a: Volcarona|[anim] Tera Blast Water\n|-resisted|p2a: Volcarona\n|-damage|p2a: Volcarona|14\/100\n|move|p2a: Volcarona|Giga Drain|p1a: Ribombee\n|-supereffective|p1a: Ribombee\n|-damage|p1a: Ribombee|0 fnt\n|-heal|p2a: Volcarona|21\/100|[from] drain|[of] p1a: Ribombee\n|faint|p1a: Ribombee\n|\n|upkeep\n|\n|t:|1700494572\n|switch|p1a: Urshifu|Urshifu-Rapid-Strike, F|100\/100\n|turn|5\n|\n|t:|1700494576\n|move|p1a: Urshifu|Aqua Jet|p2a: Volcarona\n|-resisted|p2a: Volcarona\n|-damage|p2a: Volcarona|4\/100\n|move|p2a: Volcarona|Giga Drain|p1a: Urshifu\n|-supereffective|p1a: Urshifu\n|-damage|p1a: Urshifu|0 fnt\n|-heal|p2a: Volcarona|59\/100|[from] drain|[of] p1a: Urshifu\n|faint|p1a: Urshifu\n|\n|upkeep\n|-message|Hellolol123hah forfeited.\n|\n|win|BrunoMobBoss\n|raw|Hellolol123hah's rating: 1146 &rarr; <strong>1112<\/strong><br \/>(-34 for losing)\n|raw|BrunoMobBoss's rating: 1021 &rarr; <strong>1071<\/strong><br \/>(+50 for winning)\n|l|\u2606Hellolol123hah\n","uploadtime":1700494598,"views":3,"p1id":"hellolol123hah","p2id":"brunomobboss","formatid":"gen9ubers","rating":1071,"private":0,"password":""}