{"id":"gen9ubers-1986187073","p1":"LuukTheGamer","p2":"IspamObjection","format":"[Gen 9] Ubers","log":"|j|\u2606LuukTheGamer\n|j|\u2606IspamObjection\n|t:|1699458140\n|gametype|singles\n|player|p1|LuukTheGamer|anabel|\n|player|p2|IspamObjection|lance-gen2|\n|teamsize|p1|6\n|teamsize|p2|6\n|gen|9\n|tier|[Gen 9] Ubers\n|rule|Sleep Clause Mod: Limit one foe put to sleep\n|rule|Species Clause: Limit one of each Pok\u00e9mon\n|rule|OHKO Clause: OHKO moves are banned\n|rule|Evasion Items Clause: Evasion items are banned\n|rule|Evasion Moves Clause: Evasion moves are banned\n|rule|Endless Battle Clause: Forcing endless battles is banned\n|rule|HP Percentage Mod: HP is shown in percentages\n|clearpoke\n|poke|p1|Ninetales-Alola, F|\n|poke|p1|Baxcalibur, F|\n|poke|p1|Arceus-Ghost|\n|poke|p1|Clefable, F|\n|poke|p1|Moltres|\n|poke|p1|Magearna|\n|poke|p2|Ninetales-Alola, F|\n|poke|p2|Baxcalibur, F|\n|poke|p2|Garchomp, F|\n|poke|p2|Chi-Yu|\n|poke|p2|Walking Wake|\n|poke|p2|Torkoal, M|\n|teampreview\n|inactive|Battle timer is ON: inactive players will automatically lose when time's up. (requested by LuukTheGamer)\n|inactive|LuukTheGamer has 270 seconds left.\n|inactive|IspamObjection has 270 seconds left.\n|\n|t:|1699458188\n|start\n|switch|p1a: Clefable|Clefable, F|100\/100\n|switch|p2a: Torkoal|Torkoal, M|100\/100\n|-weather|SunnyDay|[from] ability: Drought|[of] p2a: Torkoal\n|turn|1\n|\n|t:|1699458201\n|move|p1a: Clefable|Thunder Wave|p2a: Torkoal\n|-status|p2a: Torkoal|par\n|move|p2a: Torkoal|Yawn|p1a: Clefable\n|-start|p1a: Clefable|move: Yawn|[of] p2a: Torkoal\n|\n|-weather|SunnyDay|[upkeep]\n|upkeep\n|turn|2\n|\n|t:|1699458210\n|switch|p1a: Ninetales|Ninetales-Alola, F|100\/100\n|-weather|Snow|[from] ability: Snow Warning|[of] p1a: Ninetales\n|move|p2a: Torkoal|Lava Plume|p1a: Ninetales\n|-supereffective|p1a: Ninetales\n|-damage|p1a: Ninetales|54\/100\n|\n|-weather|Snow|[upkeep]\n|upkeep\n|turn|3\n|\n|t:|1699458221\n|switch|p2a: Garchover|Garchomp, F|100\/100\n|move|p1a: Ninetales|Aurora Veil|p1a: Ninetales\n|-sidestart|p1: LuukTheGamer|move: Aurora Veil\n|\n|-weather|Snow|[upkeep]\n|upkeep\n|turn|4\n|\n|t:|1699458249\n|move|p1a: Ninetales|Freeze-Dry|p2a: Garchover\n|-supereffective|p2a: Garchover\n|-damage|p2a: Garchover|16\/100\n|move|p2a: Garchover|Stealth Rock|p1a: Ninetales\n|-sidestart|p1: LuukTheGamer|move: Stealth Rock\n|\n|-weather|Snow|[upkeep]\n|upkeep\n|turn|5\n|\n|t:|1699458261\n|move|p1a: Ninetales|Moonblast|p2a: Garchover\n|-supereffective|p2a: Garchover\n|-damage|p2a: Garchover|0 fnt\n|faint|p2a: Garchover\n|\n|-weather|Snow|[upkeep]\n|upkeep\n|\n|t:|1699458265\n|switch|p2a: Ninetales|Ninetales-Alola, F|100\/100\n|turn|6\n|\n|t:|1699458278\n|switch|p1a: Clefable|Clefable, F|100\/100\n|-damage|p1a: Clefable|88\/100|[from] Stealth Rock\n|move|p2a: Ninetales|Aurora Veil|p2a: Ninetales\n|-sidestart|p2: IspamObjection|move: Aurora Veil\n|\n|-weather|none\n|-heal|p1a: Clefable|94\/100|[from] item: Leftovers\n|upkeep\n|turn|7\n|\n|t:|1699458291\n|move|p2a: Ninetales|Freeze-Dry|p1a: Clefable\n|-damage|p1a: Clefable|85\/100\n|move|p1a: Clefable|Wish|p1a: Clefable\n|\n|-heal|p1a: Clefable|91\/100|[from] item: Leftovers\n|upkeep\n|turn|8\n|\n|t:|1699458298\n|move|p2a: Ninetales|Encore|p1a: Clefable\n|-start|p1a: Clefable|Encore\n|move|p1a: Clefable|Wish||[still]\n|-fail|p1a: Clefable\n|\n|-heal|p1a: Clefable|100\/100|[from] move: Wish|[wisher] Clefable\n|upkeep\n|turn|9\n|\n|t:|1699458312\n|switch|p2a: Baxcalibur|Baxcalibur, F|100\/100\n|move|p1a: Clefable|Wish|p1a: Clefable\n|\n|upkeep\n|turn|10\n|inactive|LuukTheGamer has 270 seconds left.\n|\n|t:|1699458351\n|switch|p1a: ArceusPoison|Arceus-Ghost|100\/100\n|-damage|p1a: ArceusPoison|88\/100|[from] Stealth Rock\n|move|p2a: Baxcalibur|Dragon Dance|p2a: Baxcalibur\n|-boost|p2a: Baxcalibur|atk|1\n|-boost|p2a: Baxcalibur|spe|1\n|\n|-heal|p1a: ArceusPoison|100\/100|[from] move: Wish|[wisher] Clefable\n|-sideend|p1: LuukTheGamer|move: Aurora Veil\n|upkeep\n|turn|11\n|inactive|LuukTheGamer has 270 seconds left.\n|inactive|IspamObjection has 270 seconds left.\n|\n|t:|1699458402\n|move|p2a: Baxcalibur|Icicle Spear|p1a: ArceusPoison\n|-damage|p1a: ArceusPoison|87\/100\n|-damage|p1a: ArceusPoison|73\/100\n|-damage|p1a: ArceusPoison|60\/100\n|-crit|p1a: ArceusPoison\n|-damage|p1a: ArceusPoison|39\/100\n|-damage|p1a: ArceusPoison|26\/100\n|-hitcount|p1a: ArceusPoison|5\n|move|p1a: ArceusPoison|Thunder Wave|p2a: Baxcalibur\n|-status|p2a: Baxcalibur|par\n|\n|upkeep\n|turn|12\n|inactive|LuukTheGamer has 270 seconds left.\n|\n|t:|1699458432\n|switch|p1a: Clefable|Clefable, F|100\/100\n|-damage|p1a: Clefable|88\/100|[from] Stealth Rock\n|move|p2a: Baxcalibur|Icicle Spear|p1a: Clefable\n|-damage|p1a: Clefable|77\/100\n|-damage|p1a: Clefable|66\/100\n|-damage|p1a: Clefable|56\/100\n|-damage|p1a: Clefable|45\/100\n|-damage|p1a: Clefable|34\/100\n|-hitcount|p1a: Clefable|5\n|\n|-heal|p1a: Clefable|40\/100|[from] item: Leftovers\n|upkeep\n|turn|13\n|inactive|LuukTheGamer has 240 seconds left.\n|inactive|IspamObjection has 240 seconds left.\n|\n|t:|1699458460\n|move|p2a: Baxcalibur|Dragon Dance|p2a: Baxcalibur\n|-boost|p2a: Baxcalibur|atk|1\n|-boost|p2a: Baxcalibur|spe|1\n|move|p1a: Clefable|Wish|p1a: Clefable\n|\n|-heal|p1a: Clefable|46\/100|[from] item: Leftovers\n|-sideend|p2: IspamObjection|move: Aurora Veil\n|upkeep\n|turn|14\n|inactive|IspamObjection has 240 seconds left.\n|\n|t:|1699458469\n|move|p2a: Baxcalibur|Icicle Spear|p1a: Clefable\n|-damage|p1a: Clefable|36\/100\n|-damage|p1a: Clefable|26\/100\n|-damage|p1a: Clefable|14\/100\n|-damage|p1a: Clefable|3\/100\n|-hitcount|p1a: Clefable|4\n|move|p1a: Clefable|Moonblast|p2a: Baxcalibur\n|-supereffective|p2a: Baxcalibur\n|-damage|p2a: Baxcalibur|42\/100 par\n|\n|-heal|p1a: Clefable|53\/100|[from] move: Wish|[wisher] Clefable\n|-heal|p1a: Clefable|59\/100|[from] item: Leftovers\n|upkeep\n|turn|15\n|inactive|IspamObjection has 240 seconds left.\n|\n|t:|1699458482\n|cant|p2a: Baxcalibur|par\n|move|p1a: Clefable|Moonblast|p2a: Baxcalibur\n|-supereffective|p2a: Baxcalibur\n|-damage|p2a: Baxcalibur|0 fnt\n|faint|p2a: Baxcalibur\n|\n|-heal|p1a: Clefable|65\/100|[from] item: Leftovers\n|upkeep\n|inactive|IspamObjection has 240 seconds left.\n|\n|t:|1699458490\n|switch|p2a: Ninetales|Ninetales-Alola, F|100\/100\n|-weather|Snow|[from] ability: Snow Warning|[of] p2a: Ninetales\n|turn|16\n|\n|t:|1699458496\n|move|p2a: Ninetales|Aurora Veil|p2a: Ninetales\n|-sidestart|p2: IspamObjection|move: Aurora Veil\n|move|p1a: Clefable|Thunder Wave|p2a: Ninetales\n|-status|p2a: Ninetales|par\n|\n|-weather|Snow|[upkeep]\n|-heal|p1a: Clefable|71\/100|[from] item: Leftovers\n|upkeep\n|turn|17\n|\n|t:|1699458504\n|switch|p2a: Torkoal|Torkoal, M|100\/100 par\n|-weather|SunnyDay|[from] ability: Drought|[of] p2a: Torkoal\n|move|p1a: Clefable|Wish|p1a: Clefable\n|\n|-weather|SunnyDay|[upkeep]\n|-heal|p1a: Clefable|77\/100|[from] item: Leftovers\n|upkeep\n|turn|18\n|\n|t:|1699458517\n|switch|p2a: Walking Wake|Walking Wake|100\/100\n|-activate|p2a: Walking Wake|ability: Protosynthesis\n|-start|p2a: Walking Wake|protosynthesisspa\n|move|p1a: Clefable|Calm Mind|p1a: Clefable\n|-boost|p1a: Clefable|spa|1\n|-boost|p1a: Clefable|spd|1\n|\n|-weather|SunnyDay|[upkeep]\n|-heal|p1a: Clefable|100\/100|[from] move: Wish|[wisher] Clefable\n|upkeep\n|turn|19\n|inactive|IspamObjection has 270 seconds left.\n|\n|t:|1699458529\n|-terastallize|p2a: Walking Wake|Water\n|move|p2a: Walking Wake|Hydro Steam|p1a: Clefable\n|-damage|p1a: Clefable|0 fnt\n|faint|p1a: Clefable\n|\n|-weather|SunnyDay|[upkeep]\n|upkeep\n|\n|t:|1699458544\n|switch|p1a: Ninetales|Ninetales-Alola, F|54\/100\n|-damage|p1a: Ninetales|29\/100|[from] Stealth Rock\n|-weather|Snow|[from] ability: Snow Warning|[of] p1a: Ninetales\n|-end|p2a: Walking Wake|Protosynthesis\n|turn|20\n|inactive|IspamObjection has 270 seconds left.\n|inactive|LuukTheGamer has 240 seconds left.\n|\n|t:|1699458581\n|move|p1a: Ninetales|Aurora Veil|p1a: Ninetales\n|-sidestart|p1: LuukTheGamer|move: Aurora Veil\n|move|p2a: Walking Wake|Hydro Steam|p1a: Ninetales\n|-damage|p1a: Ninetales|0 fnt\n|faint|p1a: Ninetales\n|\n|-weather|Snow|[upkeep]\n|upkeep\n|inactive|LuukTheGamer has 210 seconds left.\n|\n|t:|1699458611\n|switch|p1a: Baxcalibur|Baxcalibur, F|100\/100\n|-damage|p1a: Baxcalibur|76\/100|[from] Stealth Rock\n|turn|21\n|inactive|IspamObjection has 270 seconds left.\n|\n|t:|1699458640\n|-end|p2a: Walking Wake|Protosynthesis|[silent]\n|switch|p2a: Torkoal|Torkoal, M|100\/100 par\n|-weather|SunnyDay|[from] ability: Drought|[of] p2a: Torkoal\n|move|p1a: Baxcalibur|Swords Dance|p1a: Baxcalibur\n|-boost|p1a: Baxcalibur|atk|2\n|\n|-weather|SunnyDay|[upkeep]\n|upkeep\n|turn|22\n|inactive|IspamObjection has 270 seconds left.\n|inactive|LuukTheGamer has 180 seconds left.\n|\n|t:|1699458657\n|move|p1a: Baxcalibur|Scale Shot|p2a: Torkoal|[miss]\n|-miss|p1a: Baxcalibur|p2a: Torkoal\n|move|p2a: Torkoal|Yawn|p1a: Baxcalibur\n|-start|p1a: Baxcalibur|move: Yawn|[of] p2a: Torkoal\n|\n|-weather|SunnyDay|[upkeep]\n|upkeep\n|turn|23\n|inactive|LuukTheGamer has 180 seconds left.\n|inactive|IspamObjection has 270 seconds left.\n|\n|t:|1699458677\n|switch|p1a: Moltres|Moltres, shiny|100\/100\n|switch|p2a: Walking Wake|Walking Wake, tera:Water|100\/100\n|-activate|p2a: Walking Wake|ability: Protosynthesis\n|-start|p2a: Walking Wake|protosynthesisspa\n|\n|-weather|SunnyDay|[upkeep]\n|-sideend|p2: IspamObjection|move: Aurora Veil\n|upkeep\n|turn|24\n|inactive|LuukTheGamer has 180 seconds left.\n|inactive|IspamObjection has 270 seconds left.\n|inactive|LuukTheGamer has 150 seconds left.\n|\n|t:|1699458727\n|move|p2a: Walking Wake|Hydro Steam|p1a: Moltres\n|-supereffective|p1a: Moltres\n|-damage|p1a: Moltres|0 fnt\n|faint|p1a: Moltres\n|\n|-weather|SunnyDay|[upkeep]\n|upkeep\n|\n|t:|1699458731\n|switch|p1a: Magearna|Magearna|100\/100\n|-damage|p1a: Magearna|94\/100|[from] Stealth Rock\n|turn|25\n|inactive|LuukTheGamer has 150 seconds left.\n|\n|t:|1699458747\n|move|p2a: Walking Wake|Hydro Steam|p1a: Magearna\n|-damage|p1a: Magearna|34\/100\n|move|p1a: Magearna|Thunder Wave|p2a: Walking Wake\n|-status|p2a: Walking Wake|par\n|\n|-weather|SunnyDay|[upkeep]\n|-heal|p1a: Magearna|40\/100|[from] item: Leftovers\n|upkeep\n|turn|26\n|inactive|IspamObjection has 270 seconds left.\n|inactive|LuukTheGamer has 120 seconds left.\n|\n|t:|1699458777\n|move|p1a: Magearna|Fleur Cannon|p2a: Walking Wake\n|-damage|p2a: Walking Wake|38\/100 par\n|-unboost|p1a: Magearna|spa|2\n|move|p2a: Walking Wake|Hydro Steam|p1a: Magearna\n|-damage|p1a: Magearna|0 fnt\n|faint|p1a: Magearna\n|\n|-weather|SunnyDay|[upkeep]\n|upkeep\n|inactive|LuukTheGamer has 120 seconds left.\n|\n|t:|1699458793\n|switch|p1a: Baxcalibur|Baxcalibur, F|76\/100\n|-damage|p1a: Baxcalibur|51\/100|[from] Stealth Rock\n|turn|27\n|inactive|IspamObjection has 270 seconds left.\n|\n|t:|1699458830\n|-end|p2a: Walking Wake|Protosynthesis|[silent]\n|switch|p2a: Ninetales|Ninetales-Alola, F|100\/100 par\n|-weather|Snow|[from] ability: Snow Warning|[of] p2a: Ninetales\n|move|p1a: Baxcalibur|Swords Dance|p1a: Baxcalibur\n|-boost|p1a: Baxcalibur|atk|2\n|\n|-weather|Snow|[upkeep]\n|-sideend|p1: LuukTheGamer|move: Aurora Veil\n|upkeep\n|turn|28\n|\n|t:|1699458845\n|-terastallize|p1a: Baxcalibur|Ice\n|move|p1a: Baxcalibur|Swords Dance|p1a: Baxcalibur\n|-boost|p1a: Baxcalibur|atk|2\n|move|p2a: Ninetales|Aurora Veil|p2a: Ninetales\n|-sidestart|p2: IspamObjection|move: Aurora Veil\n|\n|-weather|Snow|[upkeep]\n|upkeep\n|turn|29\n|\n|t:|1699458853\n|move|p1a: Baxcalibur|Swords Dance|p1a: Baxcalibur\n|-boost|p1a: Baxcalibur|atk|2\n|move|p2a: Ninetales|Encore|p1a: Baxcalibur\n|-start|p1a: Baxcalibur|Encore\n|\n|-weather|Snow|[upkeep]\n|upkeep\n|turn|30\n|\n|t:|1699458870\n|switch|p2a: Chi-Yu|Chi-Yu|100\/100\n|-ability|p2a: Chi-Yu|Beads of Ruin\n|move|p1a: Baxcalibur|Swords Dance|p1a: Baxcalibur\n|-boost|p1a: Baxcalibur|atk|0\n|\n|-weather|Snow|[upkeep]\n|upkeep\n|turn|31\n|\n|t:|1699458876\n|move|p2a: Chi-Yu|Dark Pulse|p1a: Baxcalibur\n|-damage|p1a: Baxcalibur|0 fnt\n|faint|p1a: Baxcalibur\n|\n|-weather|none\n|upkeep\n|\n|t:|1699458879\n|switch|p1a: ArceusPoison|Arceus-Ghost|26\/100\n|-damage|p1a: ArceusPoison|13\/100|[from] Stealth Rock\n|turn|32\n|\n|t:|1699458882\n|move|p2a: Chi-Yu|Dark Pulse|p1a: ArceusPoison\n|-supereffective|p1a: ArceusPoison\n|-damage|p1a: ArceusPoison|0 fnt\n|faint|p1a: ArceusPoison\n|\n|win|IspamObjection\n|c|\u2606LuukTheGamer|gg\n|c|\u2606LuukTheGamer|rematch?\n|c|\u2606IspamObjection|bouncing off for now\n","uploadtime":1699458902,"views":8,"p1id":"luukthegamer","p2id":"ispamobjection","formatid":"gen9ubers","rating":0,"private":0,"password":""}