{"id":"gen9ubers-1968934759","p1":"AlicieLizzie","p2":"Nitro524","format":"[Gen 9] Ubers","log":"|j|\u2606AlicieLizzie\n|j|\u2606Nitro524\n|t:|1697476664\n|gametype|singles\n|player|p1|AlicieLizzie|marnie-masters3|\n|player|p2|Nitro524|hilbert-wonderlauncher|\n|teamsize|p1|6\n|teamsize|p2|6\n|gen|9\n|tier|[Gen 9] Ubers\n|rule|Sleep Clause Mod: Limit one foe put to sleep\n|rule|Species Clause: Limit one of each Pok\u00e9mon\n|rule|OHKO Clause: OHKO moves are banned\n|rule|Evasion Items Clause: Evasion items are banned\n|rule|Evasion Moves Clause: Evasion moves are banned\n|rule|Endless Battle Clause: Forcing endless battles is banned\n|rule|HP Percentage Mod: HP is shown in percentages\n|clearpoke\n|poke|p1|Cyclizar, M|\n|poke|p1|Zacian-*|\n|poke|p1|Garchomp, F|\n|poke|p1|Kommo-o, F|\n|poke|p1|Magearna|\n|poke|p1|Arceus-Poison|\n|poke|p2|Torkoal, F|\n|poke|p2|Ceruledge, F|\n|poke|p2|Cyclizar, M|\n|poke|p2|Volcarona, M|\n|poke|p2|Arceus-Grass|\n|poke|p2|Walking Wake|\n|teampreview\n|\n|t:|1697476671\n|start\n|switch|p1a: SPIN|Cyclizar, M|100\/100\n|switch|p2a: Torkoal|Torkoal, F|100\/100\n|-weather|SunnyDay|[from] ability: Drought|[of] p2a: Torkoal\n|turn|1\n|\n|t:|1697476675\n|move|p1a: SPIN|Shed Tail|p1a: SPIN\n|-start|p1a: SPIN|Substitute|[from] move: Shed Tail\n|-damage|p1a: SPIN|50\/100\n|\n|t:|1697476681\n|switch|p1a: RAHHHH|Kommo-o, F|100\/100|[from] Shed Tail\n|move|p2a: Torkoal|Stealth Rock|p1a: RAHHHH\n|-sidestart|p1: AlicieLizzie|move: Stealth Rock\n|\n|-weather|SunnyDay|[upkeep]\n|upkeep\n|turn|2\n|\n|t:|1697476706\n|-terastallize|p2a: Torkoal|Fairy\n|move|p1a: RAHHHH|Clangorous Soul|p1a: RAHHHH\n|-boost|p1a: RAHHHH|atk|1\n|-boost|p1a: RAHHHH|def|1\n|-boost|p1a: RAHHHH|spa|1\n|-boost|p1a: RAHHHH|spd|1\n|-boost|p1a: RAHHHH|spe|1\n|-damage|p1a: RAHHHH|68\/100\n|-enditem|p1a: RAHHHH|Throat Spray\n|-boost|p1a: RAHHHH|spa|1|[from] item: Throat Spray\n|move|p2a: Torkoal|Overheat|p1a: RAHHHH\n|-resisted|p1a: RAHHHH\n|-activate|p1a: RAHHHH|move: Substitute|[damage]\n|-unboost|p2a: Torkoal|spa|2\n|\n|-weather|SunnyDay|[upkeep]\n|upkeep\n|turn|3\n|\n|t:|1697476736\n|switch|p2a: Arceus|Arceus-Grass|100\/100\n|move|p1a: RAHHHH|Boomburst|p2a: Arceus\n|-damage|p2a: Arceus|50\/100\n|\n|-weather|SunnyDay|[upkeep]\n|upkeep\n|turn|4\n|\n|t:|1697476753\n|move|p1a: RAHHHH|Boomburst|p2a: Arceus\n|-damage|p2a: Arceus|0 fnt\n|faint|p2a: Arceus\n|\n|-weather|SunnyDay|[upkeep]\n|upkeep\n|\n|t:|1697476758\n|switch|p2a: Walking Wake|Walking Wake|100\/100\n|-activate|p2a: Walking Wake|ability: Protosynthesis\n|-start|p2a: Walking Wake|protosynthesisspe\n|turn|5\n|\n|t:|1697476761\n|move|p2a: Walking Wake|Dragon Pulse|p1a: RAHHHH\n|-supereffective|p1a: RAHHHH\n|-end|p1a: RAHHHH|Substitute\n|move|p1a: RAHHHH|Clanging Scales|p2a: Walking Wake\n|-supereffective|p2a: Walking Wake\n|-damage|p2a: Walking Wake|0 fnt\n|faint|p2a: Walking Wake\n|-end|p2a: Walking Wake|Protosynthesis|[silent]\n|-unboost|p1a: RAHHHH|def|1\n|\n|-weather|SunnyDay|[upkeep]\n|upkeep\n|\n|t:|1697476786\n|switch|p2a: Torkoal|Torkoal, F, tera:Fairy|100\/100\n|turn|6\n|\n|t:|1697476791\n|-terastallize|p1a: RAHHHH|Normal\n|move|p1a: RAHHHH|Boomburst|p2a: Torkoal\n|-damage|p2a: Torkoal|0 fnt\n|faint|p2a: Torkoal\n|\n|-weather|SunnyDay|[upkeep]\n|upkeep\n|\n|t:|1697476796\n|switch|p2a: Volcarona|Volcarona, M|100\/100\n|turn|7\n|\n|t:|1697476802\n|move|p1a: RAHHHH|Boomburst|p2a: Volcarona\n|-damage|p2a: Volcarona|0 fnt\n|faint|p2a: Volcarona\n|\n|-weather|SunnyDay|[upkeep]\n|upkeep\n|\n|t:|1697476808\n|switch|p2a: Cyclizar|Cyclizar, M|100\/100\n|turn|8\n|\n|t:|1697476811\n|move|p2a: Cyclizar|Shed Tail|p2a: Cyclizar\n|-start|p2a: Cyclizar|Substitute|[from] move: Shed Tail\n|-damage|p2a: Cyclizar|50\/100\n|\n|t:|1697476812\n|switch|p2a: Ceruledge|Ceruledge, F|100\/100|[from] Shed Tail\n|move|p1a: RAHHHH|Clanging Scales|p2a: Ceruledge\n|-crit|p2a: Ceruledge\n|-enditem|p2a: Ceruledge|Focus Sash\n|-damage|p2a: Ceruledge|1\/100\n|-unboost|p1a: RAHHHH|def|1\n|\n|-weather|none\n|upkeep\n|turn|9\n|c|\u2606Nitro524|i am not that good in case you cannot tell\n|c|\u2606Nitro524|lol\n|\n|t:|1697476829\n|move|p1a: RAHHHH|Clanging Scales|p2a: Ceruledge\n|-damage|p2a: Ceruledge|0 fnt\n|faint|p2a: Ceruledge\n|-unboost|p1a: RAHHHH|def|1\n|\n|upkeep\n|\n|t:|1697476831\n|switch|p2a: Cyclizar|Cyclizar, M|84\/100\n|turn|10\n|c|\u2606AlicieLizzie|nah it's fine I catch a lot of people off guard with my dragon sweepers\n|\n|t:|1697476841\n|move|p2a: Cyclizar|Knock Off|p1a: RAHHHH\n|-damage|p1a: RAHHHH|40\/100\n|move|p1a: RAHHHH|Clanging Scales|p2a: Cyclizar\n|-supereffective|p2a: Cyclizar\n|-damage|p2a: Cyclizar|0 fnt\n|faint|p2a: Cyclizar\n|\n|win|AlicieLizzie\n","uploadtime":1697476847,"views":20,"p1id":"alicielizzie","p2id":"nitro524","formatid":"gen9ubers","rating":0,"private":0,"password":""}