{"id":"gen9ubers-1988761399","p1":"4R4CH1S","p2":"Dragon Master Rosa","format":"[Gen 9] Ubers","log":"|j|\u26064R4CH1S\n|j|\u2606Dragon Master Rosa\n|t:|1699759758\n|gametype|singles\n|player|p1|4R4CH1S|cheryl|\n|player|p2|Dragon Master Rosa|dragontamer-gen9|\n|teamsize|p1|6\n|teamsize|p2|6\n|gen|9\n|tier|[Gen 9] Ubers\n|rule|Sleep Clause Mod: Limit one foe put to sleep\n|rule|Species Clause: Limit one of each Pok\u00e9mon\n|rule|OHKO Clause: OHKO moves are banned\n|rule|Evasion Items Clause: Evasion items are banned\n|rule|Evasion Moves Clause: Evasion moves are banned\n|rule|Endless Battle Clause: Forcing endless battles is banned\n|rule|HP Percentage Mod: HP is shown in percentages\n|clearpoke\n|poke|p1|Gliscor, M|\n|poke|p1|Hatterene, F|\n|poke|p1|Kingambit, M|\n|poke|p1|Palafin, F|\n|poke|p1|Sinistcha|\n|poke|p1|Sneasler, M|\n|poke|p2|Palafin, F|\n|poke|p2|Dragapult, M|\n|poke|p2|Torkoal, F|\n|poke|p2|Walking Wake|\n|poke|p2|Lilligant-Hisui, F|\n|poke|p2|Clefable, M|\n|teampreview\n|c|\u26064R4CH1S|what the fukc\n|c|\u2606Dragon Master Rosa|palafin sun...\n|c|\u26064R4CH1S|palafin sun gaming\n|c|\u26064R4CH1S|glhf\n|c|\u2606Dragon Master Rosa|glhf\n|\n|t:|1699759802\n|start\n|switch|p1a: Speaker Crab|Gliscor, M|100\/100\n|switch|p2a: Dragapult|Dragapult, M|100\/100\n|turn|1\n|\n|t:|1699759815\n|switch|p1a: 4D Chess|Kingambit, M|100\/100\n|move|p2a: Dragapult|Reflect|p2a: Dragapult\n|-sidestart|p2: Dragon Master Rosa|Reflect\n|\n|upkeep\n|turn|2\n|\n|t:|1699759826\n|switch|p2a: Palafin|Palafin, F|100\/100\n|move|p1a: 4D Chess|Swords Dance|p1a: 4D Chess\n|-boost|p1a: 4D Chess|atk|2\n|\n|upkeep\n|turn|3\n|\n|t:|1699759833\n|move|p2a: Palafin|Close Combat|p1a: 4D Chess\n|-supereffective|p1a: 4D Chess\n|-damage|p1a: 4D Chess|0 fnt\n|-unboost|p2a: Palafin|def|1\n|-unboost|p2a: Palafin|spd|1\n|faint|p1a: 4D Chess\n|-end|p1a: 4D Chess|fallenundefined|[silent]\n|\n|upkeep\n|\n|t:|1699759839\n|switch|p1a: Speaker Crab|Gliscor, M|100\/100\n|turn|4\n|\n|t:|1699759846\n|detailschange|p2a: Palafin|Palafin-Hero, F\n|switch|p2a: Torkoal|Torkoal, F|100\/100\n|-weather|SunnyDay|[from] ability: Drought|[of] p2a: Torkoal\n|move|p1a: Speaker Crab|Knock Off|p2a: Torkoal\n|-damage|p2a: Torkoal|93\/100\n|-enditem|p2a: Torkoal|Heat Rock|[from] move: Knock Off|[of] p1a: Speaker Crab\n|\n|-weather|SunnyDay|[upkeep]\n|-status|p1a: Speaker Crab|tox|[from] item: Toxic Orb\n|upkeep\n|turn|5\n|\n|t:|1699759879\n|switch|p2a: Walking Wake|Walking Wake|100\/100\n|-activate|p2a: Walking Wake|ability: Protosynthesis\n|-start|p2a: Walking Wake|protosynthesisspa\n|move|p1a: Speaker Crab|U-turn|p2a: Walking Wake\n|-damage|p2a: Walking Wake|92\/100\n|c|\u2606Dragon Master Rosa|this is why we test this shit\n|\n|t:|1699759898\n|switch|p1a: KillsUWithMyMind|Hatterene, F|100\/100|[from] U-turn\n|\n|-weather|SunnyDay|[upkeep]\n|upkeep\n|turn|6\n|\n|t:|1699759908\n|switch|p1a: Mughead|Sinistcha|100\/100\n|-terastallize|p2a: Walking Wake|Fire\n|move|p2a: Walking Wake|Flamethrower|p1a: Mughead\n|-supereffective|p1a: Mughead\n|-damage|p1a: Mughead|0 fnt\n|faint|p1a: Mughead\n|\n|-weather|SunnyDay|[upkeep]\n|upkeep\n|\n|t:|1699759921\n|switch|p1a: Holy Flip|Palafin, F|100\/100\n|turn|7\n|\n|t:|1699759925\n|move|p2a: Walking Wake|Flamethrower|p1a: Holy Flip\n|-resisted|p1a: Holy Flip\n|-damage|p1a: Holy Flip|11\/100\n|-status|p1a: Holy Flip|brn\n|move|p1a: Holy Flip|Flip Turn|p2a: Walking Wake\n|-supereffective|p2a: Walking Wake\n|-damage|p2a: Walking Wake|84\/100\n|\n|t:|1699759932\n|detailschange|p1a: Holy Flip|Palafin-Hero, F\n|switch|p1a: La Wea Vil|Sneasler, M|100\/100|[from] Flip Turn\n|-ability|p1a: La Wea Vil|Pressure\n|\n|-weather|SunnyDay|[upkeep]\n|upkeep\n|turn|8\n|\n|t:|1699759939\n|move|p1a: La Wea Vil|Dire Claw|p2a: Walking Wake\n|-damage|p2a: Walking Wake|62\/100\n|move|p2a: Walking Wake|Flamethrower|p1a: La Wea Vil\n|-damage|p1a: La Wea Vil|0 fnt\n|faint|p1a: La Wea Vil\n|\n|-weather|SunnyDay|[upkeep]\n|-sideend|p2: Dragon Master Rosa|Reflect\n|upkeep\n|\n|t:|1699759947\n|switch|p1a: Speaker Crab|Gliscor, M|100\/100 tox\n|turn|9\n|\n|t:|1699759949\n|move|p2a: Walking Wake|Flamethrower|p1a: Speaker Crab\n|-damage|p1a: Speaker Crab|0 fnt\n|faint|p1a: Speaker Crab\n|\n|-weather|SunnyDay|[upkeep]\n|upkeep\n|\n|t:|1699759953\n|switch|p1a: KillsUWithMyMind|Hatterene, F|100\/100\n|turn|10\n|\n|t:|1699759958\n|move|p2a: Walking Wake|Flamethrower|p1a: KillsUWithMyMind\n|-damage|p1a: KillsUWithMyMind|0 fnt\n|faint|p1a: KillsUWithMyMind\n|\n|-weather|SunnyDay|[upkeep]\n|upkeep\n|\n|t:|1699759961\n|switch|p1a: Holy Flip|Palafin-Hero, F|11\/100 brn\n|-activate|p1a: Holy Flip|ability: Zero to Hero\n|turn|11\n|c|\u2606Dragon Master Rosa|ggwp\n|c|\u26064R4CH1S|I fucking hate Wake bro\n|c|\u26064R4CH1S|ggwp\n|c|\u2606Dragon Master Rosa|yeah\n|c|\u2606Dragon Master Rosa|shit goes crazy\n|c|\u26064R4CH1S|Literally the reason I don't fw OU\n|c|\u2606Dragon Master Rosa|specs proto sun...\n|\n|t:|1699759986\n|-terastallize|p1a: Holy Flip|Water\n|move|p1a: Holy Flip|Jet Punch|p2a: Walking Wake\n|-supereffective|p2a: Walking Wake\n|-crit|p2a: Walking Wake\n|-damage|p2a: Walking Wake|8\/100\n|move|p2a: Walking Wake|Flamethrower|p1a: Holy Flip\n|-resisted|p1a: Holy Flip\n|-damage|p1a: Holy Flip|0 fnt\n|faint|p1a: Holy Flip\n|\n|win|Dragon Master Rosa\n|c|\u2606Dragon Master Rosa|proto spa\n","uploadtime":1699759996,"views":6,"p1id":"4r4ch1s","p2id":"dragonmasterrosa","formatid":"gen9ubers","rating":0,"private":0,"password":""}