{"id":"gen9ubers-1985483071","p1":"Lord Femboy","p2":"OceanicGamer3","format":"[Gen 9] Ubers","log":"|j|\u2606Lord Femboy\n|j|\u2606OceanicGamer3\n|t:|1699378371\n|gametype|singles\n|player|p1|Lord Femboy|acetrainer|\n|player|p2|OceanicGamer3|workerice|\n|teamsize|p1|6\n|teamsize|p2|6\n|gen|9\n|tier|[Gen 9] Ubers\n|rule|Sleep Clause Mod: Limit one foe put to sleep\n|rule|Species Clause: Limit one of each Pok\u00e9mon\n|rule|OHKO Clause: OHKO moves are banned\n|rule|Evasion Items Clause: Evasion items are banned\n|rule|Evasion Moves Clause: Evasion moves are banned\n|rule|Endless Battle Clause: Forcing endless battles is banned\n|rule|HP Percentage Mod: HP is shown in percentages\n|clearpoke\n|poke|p1|Slowking-Galar, F|\n|poke|p1|Landorus, M|\n|poke|p1|Dragapult, M|\n|poke|p1|Cyclizar, M|\n|poke|p1|Clefable, M|\n|poke|p1|Arceus-Dark|\n|poke|p2|Urshifu-*, M|\n|poke|p2|Talonflame, M|\n|poke|p2|Slowking-Galar, F|\n|poke|p2|Iron Valiant|\n|poke|p2|Dialga|\n|poke|p2|Cyclizar, M|\n|teampreview\n|inactive|Battle timer is ON: inactive players will automatically lose when time's up. (requested by OceanicGamer3)\n|c|\u2606Lord Femboy|glhf\n|c|\u2606OceanicGamer3|u2\n|\n|t:|1699378388\n|start\n|switch|p1a: Slowking|Slowking-Galar, F|100\/100\n|switch|p2a: average HO|Cyclizar, M|100\/100\n|turn|1\n|c|\u2606Lord Femboy|okay lets see\n|\n|t:|1699378399\n|move|p2a: average HO|Taunt|p1a: Slowking\n|-start|p1a: Slowking|move: Taunt\n|cant|p1a: Slowking|move: Taunt|Toxic Spikes\n|\n|upkeep\n|turn|2\n|c|\u2606OceanicGamer3|hey wait\n|\n|t:|1699378405\n|move|p2a: average HO|Shed Tail|p2a: average HO\n|-start|p2a: average HO|Substitute|[from] move: Shed Tail\n|-damage|p2a: average HO|50\/100\n|c|\u2606Lord Femboy|yeah?\n|\n|t:|1699378413\n|switch|p2a: guess my set|Iron Valiant, shiny|100\/100|[from] Shed Tail\n|-enditem|p2a: guess my set|Booster Energy\n|-activate|p2a: guess my set|ability: Quark Drive|[fromitem]\n|-start|p2a: guess my set|quarkdrivespe\n|move|p1a: Slowking|Future Sight|p2a: guess my set\n|-start|p1a: Slowking|move: Future Sight\n|\n|upkeep\n|turn|3\n|c|\u2606OceanicGamer3|NO\n|c|\u2606OceanicGamer3|WRONG MON\n|c|\u2606Lord Femboy|what\n|\n|t:|1699378432\n|switch|p1a: Clefable|Clefable, M|100\/100\n|move|p2a: guess my set|Calm Mind|p2a: guess my set\n|-boost|p2a: guess my set|spa|1\n|-boost|p2a: guess my set|spd|1\n|\n|upkeep\n|turn|4\n|c|\u2606Lord Femboy|:skull:\n|c|\u2606Lord Femboy|what did you want lmao\n|c|\u2606OceanicGamer3|urshifu :(\n|\n|t:|1699378447\n|move|p2a: guess my set|Moonblast|p1a: Clefable\n|-damage|p1a: Clefable|70\/100\n|move|p1a: Clefable|Moonblast|p2a: guess my set\n|-supereffective|p2a: guess my set\n|-end|p2a: guess my set|Substitute\n|\n|-end|p2a: guess my set|move: Future Sight\n|-supereffective|p2a: guess my set\n|-damage|p2a: guess my set|0 fnt\n|faint|p2a: guess my set\n|-end|p2a: guess my set|Quark Drive|[silent]\n|-heal|p1a: Clefable|76\/100|[from] item: Leftovers\n|upkeep\n|\n|t:|1699378453\n|switch|p2a: kaboom|Urshifu, M|100\/100\n|turn|5\n|\n|t:|1699378459\n|move|p1a: Clefable|Protect|p1a: Clefable\n|-singleturn|p1a: Clefable|Protect\n|move|p2a: kaboom|Poison Jab|p1a: Clefable\n|-supereffective|p1a: Clefable\n|-damage|p1a: Clefable|0 fnt\n|faint|p1a: Clefable\n|\n|upkeep\n|c|\u2606OceanicGamer3|i hate my life\n|c|\u2606Lord Femboy|ah shit lmao\n|c|\u2606Lord Femboy|forgor about that\n|\n|t:|1699378470\n|switch|p1a: Slowking|Slowking-Galar, F|100\/100\n|turn|6\n|\n|t:|1699378475\n|switch|p2a: average HO|Cyclizar, M|84\/100\n|move|p1a: Slowking|Toxic Spikes|p2a: average HO\n|-sidestart|p2: OceanicGamer3|move: Toxic Spikes\n|\n|upkeep\n|turn|7\n|\n|t:|1699378482\n|switch|p2a: aaaaaaaaa|Slowking-Galar, F, shiny|100\/100\n|-sideend|p2: OceanicGamer3|move: Toxic Spikes|[of] p2a: aaaaaaaaa\n|move|p1a: Slowking|Thunder Wave|p2a: aaaaaaaaa\n|-status|p2a: aaaaaaaaa|par\n|\n|upkeep\n|turn|8\n|\n|t:|1699378489\n|switch|p2a: average HO|Cyclizar, M|100\/100\n|move|p1a: Slowking|Toxic Spikes|p2a: average HO\n|-sidestart|p2: OceanicGamer3|move: Toxic Spikes\n|\n|upkeep\n|turn|9\n|\n|t:|1699378497\n|switch|p1a: Dragapult|Dragapult, M|100\/100\n|move|p2a: average HO|Shed Tail|p2a: average HO\n|-start|p2a: average HO|Substitute|[from] move: Shed Tail\n|-damage|p2a: average HO|50\/100\n|\n|t:|1699378509\n|switch|p2a: aaaaaaaaa|Slowking-Galar, F, shiny|100\/100 par|[from] Shed Tail\n|-sideend|p2: OceanicGamer3|move: Toxic Spikes|[of] p2a: aaaaaaaaa\n|\n|upkeep\n|turn|10\n|\n|t:|1699378517\n|move|p1a: Dragapult|Hex|p2a: aaaaaaaaa\n|-supereffective|p2a: aaaaaaaaa\n|-end|p2a: aaaaaaaaa|Substitute\n|move|p2a: aaaaaaaaa|Thunder Wave|p1a: Dragapult\n|-status|p1a: Dragapult|par\n|\n|upkeep\n|turn|11\n|c|\u2606Lord Femboy|oof shit\n|c|\u2606Lord Femboy|wrong move\n|\n|t:|1699378526\n|switch|p1a: Landorus|Landorus, M|100\/100\n|switch|p2a: average HO|Cyclizar, M|84\/100\n|\n|upkeep\n|turn|12\n|\n|t:|1699378535\n|switch|p2a: RIP KING|Talonflame, M, shiny|100\/100\n|move|p1a: Landorus|Earth Power|p2a: RIP KING\n|-immune|p2a: RIP KING\n|\n|upkeep\n|turn|13\n|\n|t:|1699378544\n|switch|p1a: Slowking|Slowking-Galar, F|100\/100\n|move|p2a: RIP KING|Dual Wingbeat|p1a: Slowking\n|-damage|p1a: Slowking|92\/100\n|-damage|p1a: Slowking|83\/100\n|-hitcount|p1a: Slowking|2\n|\n|upkeep\n|turn|14\n|\n|t:|1699378553\n|switch|p2a: average HO|Cyclizar, M|100\/100\n|move|p1a: Slowking|Future Sight|p2a: average HO\n|-start|p1a: Slowking|move: Future Sight\n|\n|upkeep\n|turn|15\n|\n|t:|1699378571\n|move|p2a: average HO|Taunt|p1a: Slowking\n|-start|p1a: Slowking|move: Taunt\n|cant|p1a: Slowking|move: Taunt|Toxic Spikes\n|\n|upkeep\n|turn|16\n|\n|t:|1699378578\n|switch|p1a: Landorus|Landorus, M|100\/100\n|move|p2a: average HO|Taunt|p1a: Landorus\n|-start|p1a: Landorus|move: Taunt\n|\n|-end|p2a: average HO|move: Future Sight\n|-damage|p2a: average HO|38\/100\n|upkeep\n|turn|17\n|j| VloneVictini\n|\n|t:|1699378590\n|switch|p2a: aaaaaaaaa|Slowking-Galar, F, shiny|100\/100 par\n|move|p1a: Landorus|Sludge Bomb|p2a: aaaaaaaaa\n|-resisted|p2a: aaaaaaaaa\n|-damage|p2a: aaaaaaaaa|90\/100 par\n|\n|-heal|p2a: aaaaaaaaa|96\/100 par|[from] item: Leftovers\n|upkeep\n|turn|18\n|\n|t:|1699378600\n|switch|p1a: Dragapult|Dragapult, M|100\/100 par\n|move|p2a: aaaaaaaaa|Future Sight|p1a: Dragapult\n|-start|p2a: aaaaaaaaa|move: Future Sight\n|\n|-heal|p2a: aaaaaaaaa|100\/100 par|[from] item: Leftovers\n|upkeep\n|turn|19\n|\n|t:|1699378608\n|move|p1a: Dragapult|U-turn|p2a: aaaaaaaaa\n|-damage|p2a: aaaaaaaaa|84\/100 par\n|\n|t:|1699378610\n|switch|p1a: Slowking|Slowking-Galar, F|100\/100|[from] U-turn\n|move|p2a: aaaaaaaaa|Chilly Reception|p2a: aaaaaaaaa\n|-weather|Snow\n|c| VloneVictini|is that fucking Talonflame\n|c|\u2606Lord Femboy|ooh risky play\n|c|\u2606OceanicGamer3|yea\n|c|\u2606Lord Femboy|tho im an ass player\n|c|\u2606OceanicGamer3|same\n|\n|t:|1699378633\n|switch|p2a: underrated|Dialga, shiny|100\/100|[from] Chilly Reception\n|-ability|p2a: underrated|Pressure\n|\n|-weather|Snow|[upkeep]\n|upkeep\n|turn|20\n|\n|t:|1699378640\n|move|p2a: underrated|Thunder Wave|p1a: Slowking\n|-status|p1a: Slowking|par\n|move|p1a: Slowking|Thunder Wave|p2a: underrated\n|-status|p2a: underrated|par\n|\n|-weather|Snow|[upkeep]\n|-end|p1a: Slowking|move: Future Sight\n|-damage|p1a: Slowking|67\/100 par\n|upkeep\n|turn|21\n|\n|t:|1699378648\n|switch|p1a: Landorus|Landorus, M|100\/100\n|move|p2a: underrated|Stealth Rock|p1a: Landorus\n|-sidestart|p1: Lord Femboy|move: Stealth Rock\n|\n|-weather|Snow|[upkeep]\n|upkeep\n|turn|22\n|\n|t:|1699378656\n|switch|p2a: RIP KING|Talonflame, M, shiny|100\/100\n|move|p1a: Landorus|Psychic|p2a: RIP KING\n|-damage|p2a: RIP KING|53\/100\n|\n|-weather|Snow|[upkeep]\n|upkeep\n|turn|23\n|\n|t:|1699378668\n|switch|p1a: Slowking|Slowking-Galar, F|99\/100 par\n|move|p2a: RIP KING|Roost|p2a: RIP KING\n|-heal|p2a: RIP KING|100\/100\n|-singleturn|p2a: RIP KING|move: Roost\n|\n|-weather|none\n|upkeep\n|turn|24\n|\n|t:|1699378681\n|move|p2a: RIP KING|Flare Blitz|p1a: Slowking\n|-damage|p1a: Slowking|74\/100 par\n|-damage|p2a: RIP KING|91\/100|[from] Recoil\n|move|p1a: Slowking|Future Sight|p2a: RIP KING\n|-start|p1a: Slowking|move: Future Sight\n|\n|upkeep\n|turn|25\n|\n|t:|1699378690\n|switch|p2a: kaboom|Urshifu, M|100\/100\n|move|p1a: Slowking|Thunder Wave|p2a: kaboom\n|-status|p2a: kaboom|par\n|\n|upkeep\n|turn|26\n|c|\u2606OceanicGamer3|fuck\\\n|c|\u2606OceanicGamer3|pooshi\n|c|\u2606OceanicGamer3|i hate u\n|c|\u2606Lord Femboy|?\n|c|\u2606Lord Femboy|why\n|c|\u2606OceanicGamer3|telling me to take out blissey\n|c|\u2606OceanicGamer3|telling me heal bell is useless\n|inactive|OceanicGamer3 has 270 seconds left.\n|c|\u2606Lord Femboy|ehh\n|\n|t:|1699378725\n|switch|p1a: Arceus|Arceus-Dark|100\/100\n|-damage|p1a: Arceus|88\/100|[from] Stealth Rock\n|move|p2a: kaboom|U-turn|p1a: Arceus\n|-supereffective|p1a: Arceus\n|-damage|p1a: Arceus|49\/100\n|c|\u2606Lord Femboy|heal bell is not great\n|inactive|OceanicGamer3 has 270 seconds left.\n|\n|t:|1699378735\n|switch|p2a: average HO|Cyclizar, M|71\/100|[from] U-turn\n|\n|-end|p2a: average HO|move: Future Sight\n|-damage|p2a: average HO|12\/100\n|upkeep\n|turn|27\n|inactive|OceanicGamer3 has 270 seconds left.\n|\n|t:|1699378745\n|switch|p2a: underrated|Dialga, shiny|100\/100 par\n|-ability|p2a: underrated|Pressure\n|move|p1a: Arceus|Foul Play|p2a: underrated\n|-damage|p2a: underrated|82\/100 par\n|\n|-heal|p2a: underrated|88\/100 par|[from] item: Leftovers\n|upkeep\n|turn|28\n|inactive|OceanicGamer3 has 270 seconds left.\n|\n|t:|1699378762\n|move|p1a: Arceus|Recover|p1a: Arceus\n|-heal|p1a: Arceus|99\/100\n|move|p2a: underrated|Roar|p1a: Arceus\n|drag|p1a: Dragapult|Dragapult, M|100\/100 par\n|-damage|p1a: Dragapult|88\/100 par|[from] Stealth Rock\n|\n|-heal|p2a: underrated|94\/100 par|[from] item: Leftovers\n|upkeep\n|turn|29\n|\n|t:|1699378773\n|move|p1a: Dragapult|Flamethrower|p2a: underrated\n|-damage|p2a: underrated|59\/100 par\n|move|p2a: underrated|Flash Cannon|p1a: Dragapult\n|-damage|p1a: Dragapult|31\/100 par\n|\n|-heal|p2a: underrated|65\/100 par|[from] item: Leftovers\n|upkeep\n|turn|30\n|\n|t:|1699378781\n|switch|p1a: Slowking|Slowking-Galar, F|100\/100 par\n|cant|p2a: underrated|par\n|\n|-heal|p2a: underrated|71\/100 par|[from] item: Leftovers\n|upkeep\n|turn|31\n|\n|t:|1699378789\n|switch|p2a: average HO|Cyclizar, M|46\/100\n|move|p1a: Slowking|Chilly Reception|p1a: Slowking\n|-weather|Snow\n|\n|t:|1699378793\n|switch|p1a: Landorus|Landorus, M|100\/100|[from] Chilly Reception\n|-damage|p1a: Landorus|88\/100|[from] Stealth Rock\n|\n|-weather|Snow|[upkeep]\n|upkeep\n|turn|32\n|\n|t:|1699378799\n|switch|p2a: aaaaaaaaa|Slowking-Galar, F, shiny|100\/100 par\n|move|p1a: Landorus|Earth Power|p2a: aaaaaaaaa\n|-supereffective|p2a: aaaaaaaaa\n|-damage|p2a: aaaaaaaaa|29\/100 par\n|\n|-weather|Snow|[upkeep]\n|-heal|p2a: aaaaaaaaa|35\/100 par|[from] item: Leftovers\n|upkeep\n|turn|33\n|\n|t:|1699378807\n|move|p1a: Landorus|Earth Power|p2a: aaaaaaaaa\n|-supereffective|p2a: aaaaaaaaa\n|-damage|p2a: aaaaaaaaa|0 fnt\n|faint|p2a: aaaaaaaaa\n|\n|-weather|Snow|[upkeep]\n|upkeep\n|c|\u2606Lord Femboy|lets goo\n|\n|t:|1699378816\n|switch|p2a: RIP KING|Talonflame, M, shiny|91\/100\n|turn|34\n|c|\u2606Lord Femboy|i don't think i like scarf at all tbh\n|c|\u2606Lord Femboy|but\n|c|\u2606Lord Femboy|it works better into offense\n|c|\u2606OceanicGamer3|ye\n|c|\u2606Lord Femboy|and this is pretty balance oriented\n|\n|t:|1699378845\n|switch|p1a: Slowking|Slowking-Galar, F|100\/100 par\n|switch|p2a: average HO|Cyclizar, M|79\/100\n|\n|-weather|Snow|[upkeep]\n|upkeep\n|turn|35\n|\n|t:|1699378852\n|move|p2a: average HO|Shed Tail|p2a: average HO\n|-start|p2a: average HO|Substitute|[from] move: Shed Tail\n|-damage|p2a: average HO|29\/100\n|\n|t:|1699378855\n|switch|p2a: kaboom|Urshifu, M|100\/100 par|[from] Shed Tail\n|move|p1a: Slowking|Future Sight|p2a: kaboom\n|-start|p1a: Slowking|move: Future Sight\n|\n|-weather|none\n|upkeep\n|turn|36\n|l| VloneVictini\n|\n|t:|1699378868\n|move|p2a: kaboom|Close Combat|p1a: Slowking\n|-resisted|p1a: Slowking\n|-damage|p1a: Slowking|84\/100 par\n|-unboost|p2a: kaboom|def|1\n|-unboost|p2a: kaboom|spd|1\n|move|p1a: Slowking|Chilly Reception|p1a: Slowking\n|-weather|Snow\n|c|\u2606OceanicGamer3|shit\n|\n|t:|1699378878\n|switch|p1a: Arceus|Arceus-Dark|99\/100|[from] Chilly Reception\n|-damage|p1a: Arceus|87\/100|[from] Stealth Rock\n|\n|-weather|Snow|[upkeep]\n|upkeep\n|turn|37\n|\n|t:|1699378884\n|switch|p2a: average HO|Cyclizar, M|62\/100\n|-terastallize|p1a: Arceus|Poison\n|move|p1a: Arceus|Cosmic Power|p1a: Arceus\n|-boost|p1a: Arceus|def|1\n|-boost|p1a: Arceus|spd|1\n|\n|-weather|Snow|[upkeep]\n|-end|p2a: average HO|move: Future Sight\n|-damage|p2a: average HO|1\/100\n|upkeep\n|turn|38\n|\n|t:|1699378893\n|move|p2a: average HO|Taunt|p1a: Arceus\n|-start|p1a: Arceus|move: Taunt\n|move|p1a: Arceus|Foul Play|p2a: average HO\n|-damage|p2a: average HO|0 fnt\n|faint|p2a: average HO\n|\n|-weather|Snow|[upkeep]\n|upkeep\n|\n|t:|1699378901\n|switch|p2a: underrated|Dialga, shiny|71\/100 par\n|-ability|p2a: underrated|Pressure\n|turn|39\n|\n|t:|1699378903\n|move|p1a: Arceus|Body Press|p2a: underrated\n|-supereffective|p2a: underrated\n|-damage|p2a: underrated|23\/100 par\n|move|p2a: underrated|Thunder Wave|p1a: Arceus\n|-status|p1a: Arceus|par\n|\n|-weather|Snow|[upkeep]\n|-heal|p2a: underrated|29\/100 par|[from] item: Leftovers\n|upkeep\n|turn|40\n|\n|t:|1699378909\n|cant|p1a: Arceus|par\n|cant|p2a: underrated|par\n|\n|-weather|none\n|-heal|p2a: underrated|35\/100 par|[from] item: Leftovers\n|-end|p1a: Arceus|move: Taunt\n|upkeep\n|turn|41\n|c|\u2606Lord Femboy|oof twave hurts\n|\n|t:|1699378918\n|cant|p1a: Arceus|par\n|cant|p2a: underrated|par\n|\n|-heal|p2a: underrated|42\/100 par|[from] item: Leftovers\n|upkeep\n|turn|42\n|\n|t:|1699378924\n|move|p1a: Arceus|Body Press|p2a: underrated\n|-supereffective|p2a: underrated\n|-damage|p2a: underrated|0 fnt\n|faint|p2a: underrated\n|\n|upkeep\n|\n|t:|1699378929\n|switch|p2a: RIP KING|Talonflame, M, shiny|91\/100\n|turn|43\n|c|\u2606OceanicGamer3|i think this is gg\n|c|\u2606Lord Femboy|yeah\n|c|\u2606Lord Femboy|i think so too\n|\n|t:|1699378944\n|move|p2a: RIP KING|Flare Blitz|p1a: Arceus\n|-damage|p1a: Arceus|76\/100 par\n|-damage|p2a: RIP KING|86\/100|[from] Recoil\n|move|p1a: Arceus|Foul Play|p2a: RIP KING\n|-damage|p2a: RIP KING|42\/100\n|\n|upkeep\n|turn|44\n|\n|t:|1699378950\n|move|p2a: RIP KING|Roost|p2a: RIP KING\n|-heal|p2a: RIP KING|92\/100\n|-singleturn|p2a: RIP KING|move: Roost\n|cant|p1a: Arceus|par\n|\n|upkeep\n|turn|45\n|\n|t:|1699378954\n|switch|p2a: kaboom|Urshifu, M|100\/100 par\n|cant|p1a: Arceus|par\n|\n|upkeep\n|turn|46\n|c|\u2606Lord Femboy|lmao\n|\n|t:|1699378961\n|move|p2a: kaboom|Wicked Blow|p1a: Arceus\n|-crit|p1a: Arceus\n|-damage|p1a: Arceus|36\/100 par\n|move|p1a: Arceus|Cosmic Power|p1a: Arceus\n|-boost|p1a: Arceus|def|1\n|-boost|p1a: Arceus|spd|1\n|\n|upkeep\n|turn|47\n|c|\u2606Lord Femboy|not if i keep getting shitty rng\n|c|\u2606Lord Femboy|oh nvm\n|\n|t:|1699378970\n|move|p2a: kaboom|Wicked Blow|p1a: Arceus\n|-crit|p1a: Arceus\n|-damage|p1a: Arceus|0 fnt\n|faint|p1a: Arceus\n|\n|upkeep\n|\n|t:|1699378975\n|switch|p1a: Landorus|Landorus, M|88\/100\n|-damage|p1a: Landorus|76\/100|[from] Stealth Rock\n|turn|48\n|\n|t:|1699378984\n|switch|p2a: RIP KING|Talonflame, M, shiny|92\/100\n|move|p1a: Landorus|Sludge Bomb|p2a: RIP KING\n|-damage|p2a: RIP KING|44\/100\n|\n|upkeep\n|turn|49\n|\n|t:|1699378995\n|move|p1a: Landorus|Sludge Bomb|p2a: RIP KING\n|-damage|p2a: RIP KING|0 fnt\n|faint|p2a: RIP KING\n|\n|upkeep\n|\n|t:|1699378997\n|switch|p2a: kaboom|Urshifu, M|100\/100 par\n|turn|50\n|\n|t:|1699379016\n|switch|p1a: Slowking|Slowking-Galar, F|100\/100 par\n|-terastallize|p2a: kaboom|Poison\n|move|p2a: kaboom|Wicked Blow|p1a: Slowking\n|-supereffective|p1a: Slowking\n|-crit|p1a: Slowking\n|-damage|p1a: Slowking|0 fnt\n|faint|p1a: Slowking\n|\n|upkeep\n|\n|t:|1699379022\n|switch|p1a: Dragapult|Dragapult, M|31\/100 par\n|-damage|p1a: Dragapult|19\/100 par|[from] Stealth Rock\n|turn|51\n|\n|t:|1699379026\n|move|p1a: Dragapult|Hex|p2a: kaboom\n|-damage|p2a: kaboom|0 fnt\n|faint|p2a: kaboom\n|\n|win|Lord Femboy\n|c|\u2606Lord Femboy|gg\n|c|\u2606OceanicGamer3|gg\n|c|\u2606OceanicGamer3|wp\n","uploadtime":1699379033,"views":11,"p1id":"lordfemboy","p2id":"oceanicgamer3","formatid":"gen9ubers","rating":0,"private":0,"password":""}