{"id":"gen9ubers-1987424130","p1":"Dragon Master Rosa","p2":"TRaSHiNSeCT","format":"[Gen 9] Ubers","log":"|j|\u2606Dragon Master Rosa\n|j|\u2606TRaSHiNSeCT\n|t:|1699589552\n|gametype|singles\n|player|p1|Dragon Master Rosa|dragontamer-gen9|\n|player|p2|TRaSHiNSeCT|workerice|\n|teamsize|p1|6\n|teamsize|p2|6\n|gen|9\n|tier|[Gen 9] Ubers\n|rule|Sleep Clause Mod: Limit one foe put to sleep\n|rule|Species Clause: Limit one of each Pok\u00e9mon\n|rule|OHKO Clause: OHKO moves are banned\n|rule|Evasion Items Clause: Evasion items are banned\n|rule|Evasion Moves Clause: Evasion moves are banned\n|rule|Endless Battle Clause: Forcing endless battles is banned\n|rule|HP Percentage Mod: HP is shown in percentages\n|clearpoke\n|poke|p1|Ogerpon-Wellspring, F|\n|poke|p1|Slowking-Galar, M|\n|poke|p1|Greninja-*, F|\n|poke|p1|Moltres|\n|poke|p1|Weezing-Galar, F|\n|poke|p1|Zoroark-Hisui, M|\n|poke|p2|Heatran, F|\n|poke|p2|Blissey, F|\n|poke|p2|Slowking-Galar, M|\n|poke|p2|Toedscruel, F|\n|poke|p2|Eelektross, M|\n|poke|p2|Palafin, M|\n|teampreview\n|\n|t:|1699589638\n|start\n|switch|p1a: Greninja|Greninja, F|100\/100\n|switch|p2a: SATAN THEMSELF|Palafin, M|100\/100\n|turn|1\n|\n|t:|1699589655\n|detailschange|p2a: SATAN THEMSELF|Palafin-Hero, M\n|switch|p2a: Tran Stan #3|Toedscruel, F|100\/100\n|move|p1a: Greninja|Swords Dance|p1a: Greninja\n|-boost|p1a: Greninja|atk|2\n|\n|upkeep\n|turn|2\n|\n|t:|1699589673\n|switch|p1a: Ogerpon|Ogerpon-Wellspring, F|100\/100\n|move|p2a: Tran Stan #3|Leech Seed|p1a: Ogerpon\n|-immune|p1a: Ogerpon\n|\n|upkeep\n|turn|3\n|\n|t:|1699589679\n|move|p1a: Ogerpon|Encore|p2a: Tran Stan #3\n|-start|p2a: Tran Stan #3|Encore\n|move|p2a: Tran Stan #3|Leech Seed|p1a: Ogerpon\n|-immune|p1a: Ogerpon\n|\n|upkeep\n|turn|4\n|\n|t:|1699589683\n|move|p1a: Ogerpon|Substitute|p1a: Ogerpon\n|-start|p1a: Ogerpon|Substitute\n|-damage|p1a: Ogerpon|76\/100\n|move|p2a: Tran Stan #3|Leech Seed|p1a: Ogerpon\n|-immune|p1a: Ogerpon\n|\n|upkeep\n|turn|5\n|\n|t:|1699589690\n|move|p1a: Ogerpon|Giga Drain|p2a: Tran Stan #3\n|-damage|p2a: Tran Stan #3|88\/100\n|-heal|p1a: Ogerpon|82\/100|[from] drain|[of] p2a: Tran Stan #3\n|move|p2a: Tran Stan #3|Leech Seed|p1a: Ogerpon\n|-immune|p1a: Ogerpon\n|\n|-heal|p2a: Tran Stan #3|94\/100|[from] item: Leftovers\n|-end|p2a: Tran Stan #3|Encore\n|upkeep\n|turn|6\n|\n|t:|1699589700\n|move|p1a: Ogerpon|Encore|p2a: Tran Stan #3\n|-start|p2a: Tran Stan #3|Encore\n|move|p2a: Tran Stan #3|Leech Seed|p1a: Ogerpon\n|-immune|p1a: Ogerpon\n|\n|-heal|p2a: Tran Stan #3|99\/100|[from] item: Leftovers\n|upkeep\n|turn|7\n|\n|t:|1699589708\n|move|p1a: Ogerpon|Giga Drain|p2a: Tran Stan #3\n|-damage|p2a: Tran Stan #3|88\/100\n|-heal|p1a: Ogerpon|89\/100|[from] drain|[of] p2a: Tran Stan #3\n|move|p2a: Tran Stan #3|Leech Seed|p1a: Ogerpon\n|-immune|p1a: Ogerpon\n|\n|-heal|p2a: Tran Stan #3|94\/100|[from] item: Leftovers\n|upkeep\n|turn|8\n|\n|t:|1699589717\n|switch|p2a: Tran Stan #4|Eelektross, M|100\/100\n|move|p1a: Ogerpon|Giga Drain|p2a: Tran Stan #4\n|-damage|p2a: Tran Stan #4|89\/100\n|-heal|p1a: Ogerpon|95\/100|[from] drain|[of] p2a: Tran Stan #4\n|\n|upkeep\n|turn|9\n|\n|t:|1699589738\n|move|p1a: Ogerpon|Leech Seed|p2a: Tran Stan #4\n|-start|p2a: Tran Stan #4|move: Leech Seed\n|move|p2a: Tran Stan #4|Acid Spray|p1a: Ogerpon\n|-supereffective|p1a: Ogerpon\n|-activate|p1a: Ogerpon|move: Substitute|[damage]\n|\n|-damage|p2a: Tran Stan #4|77\/100|[from] Leech Seed|[of] p1a: Ogerpon\n|-heal|p1a: Ogerpon|100\/100|[silent]\n|upkeep\n|turn|10\n|\n|t:|1699589770\n|move|p1a: Ogerpon|Giga Drain|p2a: Tran Stan #4\n|-damage|p2a: Tran Stan #4|66\/100\n|move|p2a: Tran Stan #4|Volt Switch|p1a: Ogerpon\n|-end|p1a: Ogerpon|Substitute\n|\n|t:|1699589776\n|switch|p2a: Tran Stan #3|Toedscruel, F|94\/100|[from] Volt Switch\n|\n|-heal|p2a: Tran Stan #3|99\/100|[from] item: Leftovers\n|upkeep\n|turn|11\n|\n|t:|1699589794\n|switch|p1a: Moltres|Moltres|100\/100\n|move|p2a: Tran Stan #3|Knock Off|p1a: Moltres\n|-damage|p1a: Moltres|89\/100\n|-enditem|p1a: Moltres|Heavy-Duty Boots|[from] move: Knock Off|[of] p2a: Tran Stan #3\n|\n|-heal|p2a: Tran Stan #3|100\/100|[from] item: Leftovers\n|upkeep\n|turn|12\n|\n|t:|1699589812\n|move|p1a: Moltres|U-turn|p2a: Tran Stan #3\n|-supereffective|p2a: Tran Stan #3\n|-damage|p2a: Tran Stan #3|60\/100\n|\n|t:|1699589817\n|switch|p1a: Ogerpon|Ogerpon-Wellspring, F|100\/100|[from] U-turn\n|move|p2a: Tran Stan #3|Spikes|p1a: Ogerpon\n|-sidestart|p1: Dragon Master Rosa|Spikes\n|\n|-heal|p2a: Tran Stan #3|66\/100|[from] item: Leftovers\n|upkeep\n|turn|13\n|\n|t:|1699589825\n|switch|p2a: SATAN THEMSELF|Palafin-Hero, M|100\/100\n|-activate|p2a: SATAN THEMSELF|ability: Zero to Hero\n|move|p1a: Ogerpon|Encore||[still]\n|-fail|p1a: Ogerpon\n|\n|upkeep\n|turn|14\n|\n|t:|1699589867\n|move|p2a: SATAN THEMSELF|Boomburst|p1a: Ogerpon\n|-damage|p1a: Ogerpon|50\/100\n|move|p1a: Ogerpon|Leech Seed|p2a: SATAN THEMSELF\n|-start|p2a: SATAN THEMSELF|move: Leech Seed\n|\n|-damage|p2a: SATAN THEMSELF|88\/100|[from] Leech Seed|[of] p1a: Ogerpon\n|-heal|p1a: Ogerpon|62\/100|[silent]\n|upkeep\n|turn|15\n|\n|t:|1699589876\n|switch|p1a: Greninja|Greninja, F|100\/100\n|move|p2a: SATAN THEMSELF|Boomburst|p1a: Greninja\n|-immune|p1a: Greninja\n|\n|-damage|p2a: SATAN THEMSELF|76\/100|[from] Leech Seed|[of] p1a: Greninja\n|upkeep\n|turn|16\n|\n|t:|1699589884\n|switch|p2a: Tran Stan #1|Blissey, F|100\/100\n|move|p1a: Greninja|Swords Dance|p1a: Greninja\n|-boost|p1a: Greninja|atk|2\n|\n|upkeep\n|turn|17\n|\n|t:|1699589890\n|move|p1a: Greninja|Brick Break|p2a: Tran Stan #1\n|-supereffective|p2a: Tran Stan #1\n|-crit|p2a: Tran Stan #1\n|-damage|p2a: Tran Stan #1|0 fnt\n|faint|p2a: Tran Stan #1\n|\n|upkeep\n|\n|t:|1699589922\n|switch|p2a: Tran the Man|Heatran, F|100\/100\n|turn|18\n|\n|t:|1699589937\n|switch|p1a: Moltres|Moltres|89\/100\n|move|p2a: Tran the Man|Iron Defense|p2a: Tran the Man\n|-boost|p2a: Tran the Man|def|2\n|\n|upkeep\n|turn|19\n|\n|t:|1699589953\n|move|p1a: Moltres|U-turn|p2a: Tran the Man\n|-resisted|p2a: Tran the Man\n|-damage|p2a: Tran the Man|99\/100\n|\n|t:|1699589954\n|switch|p1a: Ogerpon|Ogerpon-Wellspring, F|62\/100|[from] U-turn\n|-damage|p1a: Ogerpon|50\/100|[from] Spikes\n|move|p2a: Tran the Man|Heavy Slam|p1a: Ogerpon\n|-resisted|p1a: Ogerpon\n|-damage|p1a: Ogerpon|24\/100\n|\n|-heal|p2a: Tran the Man|100\/100|[from] item: Leftovers\n|upkeep\n|turn|20\n|\n|t:|1699589963\n|move|p1a: Ogerpon|Leech Seed|p2a: Tran the Man\n|-start|p2a: Tran the Man|move: Leech Seed\n|move|p2a: Tran the Man|Body Press|p1a: Ogerpon\n|-damage|p1a: Ogerpon|0 fnt\n|faint|p1a: Ogerpon\n|\n|upkeep\n|\n|t:|1699589977\n|switch|p1a: Weezing|Weezing-Galar, F|100\/100\n|turn|21\n|\n|t:|1699589980\n|move|p2a: Tran the Man|Heavy Slam|p1a: Weezing\n|-supereffective|p1a: Weezing\n|-damage|p1a: Weezing|46\/100\n|move|p1a: Weezing|Defog|p2a: Tran the Man\n|-unboost|p2a: Tran the Man|evasion|1\n|-sideend|p1: Dragon Master Rosa|Spikes|[from] move: Defog|[of] p1a: Weezing\n|\n|-heal|p1a: Weezing|52\/100|[from] item: Leftovers\n|-damage|p2a: Tran the Man|88\/100|[from] Leech Seed|[of] p1a: Weezing\n|-heal|p1a: Weezing|66\/100|[silent]\n|upkeep\n|turn|22\n|\n|t:|1699589997\n|switch|p2a: Tran Stan #4|Eelektross, M|66\/100\n|switch|p1a: Moltres|Moltres|89\/100\n|\n|upkeep\n|turn|23\n|\n|t:|1699590003\n|move|p1a: Moltres|U-turn|p2a: Tran Stan #4\n|-damage|p2a: Tran Stan #4|49\/100\n|\n|t:|1699590006\n|switch|p1a: Slowking|Slowking-Galar, M|100\/100|[from] U-turn\n|move|p2a: Tran Stan #4|Discharge|p1a: Slowking\n|-damage|p1a: Slowking|82\/100\n|\n|-heal|p1a: Slowking|88\/100|[from] item: Leftovers\n|upkeep\n|turn|24\n|\n|t:|1699590017\n|move|p2a: Tran Stan #4|Volt Switch|p1a: Slowking\n|-damage|p1a: Slowking|71\/100\n|\n|t:|1699590024\n|switch|p2a: Tran the Man|Heatran, F|88\/100|[from] Volt Switch\n|move|p1a: Slowking|Chilly Reception|p1a: Slowking\n|-weather|Snow\n|\n|t:|1699590031\n|switch|p1a: Greninja|Greninja, F|100\/100|[from] Chilly Reception\n|\n|-weather|Snow|[upkeep]\n|-heal|p2a: Tran the Man|94\/100|[from] item: Leftovers\n|upkeep\n|turn|25\n|\n|t:|1699590040\n|-terastallize|p2a: Tran the Man|Grass\n|move|p1a: Greninja|Liquidation|p2a: Tran the Man\n|-start|p1a: Greninja|typechange|Water|[from] ability: Protean\n|-resisted|p2a: Tran the Man\n|-damage|p2a: Tran the Man|76\/100\n|move|p2a: Tran the Man|Iron Defense|p2a: Tran the Man\n|-boost|p2a: Tran the Man|def|2\n|\n|-weather|Snow|[upkeep]\n|-heal|p2a: Tran the Man|82\/100|[from] item: Leftovers\n|upkeep\n|turn|26\n|\n|t:|1699590051\n|switch|p1a: Moltres|Moltres|89\/100\n|move|p2a: Tran the Man|Body Press|p1a: Moltres\n|-resisted|p1a: Moltres\n|-damage|p1a: Moltres|72\/100\n|-status|p2a: Tran the Man|brn|[from] ability: Flame Body|[of] p1a: Moltres\n|\n|-weather|Snow|[upkeep]\n|-heal|p2a: Tran the Man|89\/100 brn|[from] item: Leftovers\n|-damage|p2a: Tran the Man|82\/100 brn|[from] brn\n|upkeep\n|turn|27\n|c|\u2606TRaSHiNSeCT|shit\n|c|\u2606Dragon Master Rosa|noted\n|\n|t:|1699590068\n|move|p1a: Moltres|U-turn|p2a: Tran the Man\n|-supereffective|p2a: Tran the Man\n|-damage|p2a: Tran the Man|70\/100 brn\n|\n|t:|1699590073\n|switch|p1a: Slowking|Slowking-Galar, M|100\/100|[from] U-turn\n|move|p2a: Tran the Man|Iron Defense|p2a: Tran the Man\n|-boost|p2a: Tran the Man|def|2\n|\n|-weather|Snow|[upkeep]\n|-heal|p2a: Tran the Man|77\/100 brn|[from] item: Leftovers\n|-damage|p2a: Tran the Man|70\/100 brn|[from] brn\n|upkeep\n|turn|28\n|\n|t:|1699590082\n|move|p2a: Tran the Man|Earthquake|p1a: Slowking\n|-supereffective|p1a: Slowking\n|-damage|p1a: Slowking|73\/100\n|move|p1a: Slowking|Chilly Reception|p1a: Slowking\n|\n|t:|1699590084\n|switch|p1a: Moltres|Moltres|72\/100|[from] Chilly Reception\n|\n|-weather|none\n|-heal|p2a: Tran the Man|77\/100 brn|[from] item: Leftovers\n|-damage|p2a: Tran the Man|70\/100 brn|[from] brn\n|upkeep\n|turn|29\n|\n|t:|1699590093\n|switch|p2a: Tran Stan #4|Eelektross, M|49\/100\n|move|p1a: Moltres|U-turn|p2a: Tran Stan #4\n|-damage|p2a: Tran Stan #4|31\/100\n|\n|t:|1699590097\n|switch|p1a: Slowking|Slowking-Galar, M|100\/100|[from] U-turn\n|\n|upkeep\n|turn|30\n|\n|t:|1699590105\n|move|p1a: Slowking|Poltergeist|p2a: Tran Stan #4|[miss]\n|-miss|p1a: Slowking|p2a: Tran Stan #4\n|move|p2a: Tran Stan #4|Acid Spray|p1a: Slowking\n|-resisted|p1a: Slowking\n|-damage|p1a: Slowking|90\/100\n|-unboost|p1a: Slowking|spd|2\n|replace|p1a: Zoroark|Zoroark-Hisui, M\n|-end|p1a: Zoroark|Illusion\n|\n|upkeep\n|turn|31\n|\n|t:|1699590118\n|move|p1a: Zoroark|Poltergeist|p2a: Tran Stan #4\n|-activate|p2a: Tran Stan #4|move: Poltergeist|Assault Vest\n|-damage|p2a: Tran Stan #4|0 fnt\n|faint|p2a: Tran Stan #4\n|\n|upkeep\n|\n|t:|1699590127\n|switch|p2a: Tran Stan #2|Slowking-Galar, M|100\/100\n|turn|32\n|\n|t:|1699590131\n|move|p1a: Zoroark|Poltergeist|p2a: Tran Stan #2\n|-activate|p2a: Tran Stan #2|move: Poltergeist|Heavy-Duty Boots\n|-supereffective|p2a: Tran Stan #2\n|-damage|p2a: Tran Stan #2|32\/100\n|move|p2a: Tran Stan #2|Foul Play|p1a: Zoroark\n|-supereffective|p1a: Zoroark\n|-damage|p1a: Zoroark|0 fnt\n|faint|p1a: Zoroark\n|\n|upkeep\n|\n|t:|1699590136\n|switch|p1a: Slowking|Slowking-Galar, M|100\/100\n|turn|33\n|\n|t:|1699590149\n|move|p1a: Slowking|Foul Play|p2a: Tran Stan #2\n|-supereffective|p2a: Tran Stan #2\n|-damage|p2a: Tran Stan #2|15\/100\n|move|p2a: Tran Stan #2|Chilly Reception|p2a: Tran Stan #2\n|-weather|Snow\n|\n|t:|1699590155\n|switch|p2a: Tran Stan #3|Toedscruel, F|66\/100|[from] Chilly Reception\n|\n|-weather|Snow|[upkeep]\n|-heal|p2a: Tran Stan #3|72\/100|[from] item: Leftovers\n|upkeep\n|turn|34\n|\n|t:|1699590160\n|move|p2a: Tran Stan #3|Knock Off|p1a: Slowking\n|-supereffective|p1a: Slowking\n|-crit|p1a: Slowking\n|-damage|p1a: Slowking|49\/100\n|-enditem|p1a: Slowking|Leftovers|[from] move: Knock Off|[of] p2a: Tran Stan #3\n|move|p1a: Slowking|Toxic|p2a: Tran Stan #3\n|-status|p2a: Tran Stan #3|tox\n|\n|-weather|Snow|[upkeep]\n|-heal|p2a: Tran Stan #3|79\/100 tox|[from] item: Leftovers\n|-damage|p2a: Tran Stan #3|72\/100 tox|[from] psn\n|upkeep\n|turn|35\n|\n|t:|1699590170\n|move|p1a: Slowking|Slack Off|p1a: Slowking\n|-heal|p1a: Slowking|99\/100\n|move|p2a: Tran Stan #3|Leech Seed|p1a: Slowking\n|-start|p1a: Slowking|move: Leech Seed\n|\n|-weather|Snow|[upkeep]\n|-heal|p2a: Tran Stan #3|79\/100 tox|[from] item: Leftovers\n|-damage|p1a: Slowking|87\/100|[from] Leech Seed|[of] p2a: Tran Stan #3\n|-heal|p2a: Tran Stan #3|92\/100 tox|[silent]\n|-damage|p2a: Tran Stan #3|80\/100 tox|[from] psn\n|upkeep\n|turn|36\n|\n|t:|1699590181\n|move|p1a: Slowking|Chilly Reception|p1a: Slowking\n|\n|t:|1699590184\n|switch|p1a: Moltres|Moltres|72\/100|[from] Chilly Reception\n|move|p2a: Tran Stan #3|Spikes|p1a: Moltres\n|-sidestart|p1: Dragon Master Rosa|Spikes\n|\n|-weather|Snow|[upkeep]\n|-heal|p2a: Tran Stan #3|86\/100 tox|[from] item: Leftovers\n|-damage|p2a: Tran Stan #3|68\/100 tox|[from] psn\n|upkeep\n|turn|37\n|\n|t:|1699590197\n|move|p1a: Moltres|U-turn|p2a: Tran Stan #3\n|-supereffective|p2a: Tran Stan #3\n|-damage|p2a: Tran Stan #3|25\/100 tox\n|\n|t:|1699590201\n|switch|p1a: Weezing|Weezing-Galar, F|66\/100|[from] U-turn\n|move|p2a: Tran Stan #3|Leech Seed|p1a: Weezing\n|-start|p1a: Weezing|move: Leech Seed\n|\n|-weather|none\n|-heal|p2a: Tran Stan #3|32\/100 tox|[from] item: Leftovers\n|-heal|p1a: Weezing|72\/100|[from] item: Leftovers\n|-damage|p1a: Weezing|60\/100|[from] Leech Seed|[of] p2a: Tran Stan #3\n|-heal|p2a: Tran Stan #3|43\/100 tox|[silent]\n|-damage|p2a: Tran Stan #3|19\/100 tox|[from] psn\n|upkeep\n|turn|38\n|\n|t:|1699590212\n|switch|p2a: SATAN THEMSELF|Palafin-Hero, M|76\/100\n|switch|p1a: Slowking|Slowking-Galar, M|100\/100\n|-damage|p1a: Slowking|88\/100|[from] Spikes\n|\n|upkeep\n|turn|39\n|\n|t:|1699590219\n|move|p2a: SATAN THEMSELF|Boomburst|p1a: Slowking\n|-damage|p1a: Slowking|48\/100\n|move|p1a: Slowking|Toxic|p2a: SATAN THEMSELF\n|-status|p2a: SATAN THEMSELF|tox\n|\n|-damage|p2a: SATAN THEMSELF|70\/100 tox|[from] psn\n|upkeep\n|turn|40\n|\n|t:|1699590226\n|move|p2a: SATAN THEMSELF|Boomburst|p1a: Slowking\n|-damage|p1a: Slowking|14\/100\n|move|p1a: Slowking|Slack Off|p1a: Slowking\n|-heal|p1a: Slowking|64\/100\n|\n|-damage|p2a: SATAN THEMSELF|57\/100 tox|[from] psn\n|upkeep\n|turn|41\n|\n|t:|1699590236\n|switch|p2a: Tran Stan #2|Slowking-Galar, M|48\/100\n|move|p1a: Slowking|Slack Off|p1a: Slowking\n|-heal|p1a: Slowking|100\/100\n|\n|upkeep\n|turn|42\n|\n|t:|1699590242\n|move|p1a: Slowking|Foul Play|p2a: Tran Stan #2\n|-supereffective|p2a: Tran Stan #2\n|-damage|p2a: Tran Stan #2|32\/100\n|move|p2a: Tran Stan #2|Slack Off|p2a: Tran Stan #2\n|-heal|p2a: Tran Stan #2|82\/100\n|\n|upkeep\n|turn|43\n|\n|t:|1699590251\n|move|p1a: Slowking|Foul Play|p2a: Tran Stan #2\n|-supereffective|p2a: Tran Stan #2\n|-damage|p2a: Tran Stan #2|62\/100\n|move|p2a: Tran Stan #2|Toxic|p1a: Slowking\n|-immune|p1a: Slowking\n|\n|upkeep\n|turn|44\n|\n|t:|1699590258\n|switch|p1a: Weezing|Weezing-Galar, F|60\/100\n|move|p2a: Tran Stan #2|Toxic|p1a: Weezing\n|-immune|p1a: Weezing\n|\n|-heal|p1a: Weezing|66\/100|[from] item: Leftovers\n|upkeep\n|turn|45\n|\n|t:|1699590270\n|switch|p2a: SATAN THEMSELF|Palafin-Hero, M|57\/100 tox\n|move|p1a: Weezing|Defog|p2a: SATAN THEMSELF\n|-unboost|p2a: SATAN THEMSELF|evasion|1\n|-sideend|p1: Dragon Master Rosa|Spikes|[from] move: Defog|[of] p1a: Weezing\n|\n|-heal|p1a: Weezing|72\/100|[from] item: Leftovers\n|-damage|p2a: SATAN THEMSELF|51\/100 tox|[from] psn\n|upkeep\n|turn|46\n|\n|t:|1699590289\n|switch|p1a: Slowking|Slowking-Galar, M|100\/100\n|move|p2a: SATAN THEMSELF|Boomburst|p1a: Slowking\n|-damage|p1a: Slowking|66\/100\n|\n|-damage|p2a: SATAN THEMSELF|39\/100 tox|[from] psn\n|upkeep\n|turn|47\n|\n|t:|1699590303\n|switch|p2a: Tran Stan #3|Toedscruel, F|19\/100 tox\n|move|p1a: Slowking|Chilly Reception|p1a: Slowking\n|-weather|Snow\n|\n|t:|1699590309\n|switch|p1a: Greninja|Greninja, F|100\/100|[from] Chilly Reception\n|\n|-weather|Snow|[upkeep]\n|-heal|p2a: Tran Stan #3|25\/100 tox|[from] item: Leftovers\n|-damage|p2a: Tran Stan #3|19\/100 tox|[from] psn\n|upkeep\n|turn|48\n|\n|t:|1699590315\n|move|p1a: Greninja|U-turn|p2a: Tran Stan #3\n|-start|p1a: Greninja|typechange|Bug|[from] ability: Protean\n|-supereffective|p2a: Tran Stan #3\n|-damage|p2a: Tran Stan #3|0 fnt\n|faint|p2a: Tran Stan #3\n|\n|t:|1699590319\n|switch|p1a: Slowking|Slowking-Galar, M|99\/100|[from] U-turn\n|\n|-weather|Snow|[upkeep]\n|upkeep\n|\n|t:|1699590324\n|switch|p2a: Tran Stan #2|Slowking-Galar, M|96\/100\n|turn|49\n|\n|t:|1699590328\n|switch|p1a: Weezing|Weezing-Galar, F|72\/100\n|move|p2a: Tran Stan #2|Toxic|p1a: Weezing\n|-immune|p1a: Weezing\n|\n|-weather|Snow|[upkeep]\n|-heal|p1a: Weezing|78\/100|[from] item: Leftovers\n|upkeep\n|turn|50\n|\n|t:|1699590350\n|move|p1a: Weezing|Strange Steam|p2a: Tran Stan #2\n|-resisted|p2a: Tran Stan #2\n|-damage|p2a: Tran Stan #2|84\/100\n|move|p2a: Tran Stan #2|Foul Play|p1a: Weezing\n|-resisted|p1a: Weezing\n|-damage|p1a: Weezing|73\/100\n|\n|-weather|Snow|[upkeep]\n|-heal|p1a: Weezing|79\/100|[from] item: Leftovers\n|upkeep\n|turn|51\n|\n|t:|1699590360\n|move|p1a: Weezing|Strange Steam|p2a: Tran Stan #2\n|-resisted|p2a: Tran Stan #2\n|-damage|p2a: Tran Stan #2|73\/100\n|-start|p2a: Tran Stan #2|confusion\n|-activate|p2a: Tran Stan #2|confusion\n|move|p2a: Tran Stan #2|Foul Play|p1a: Weezing\n|-resisted|p1a: Weezing\n|-damage|p1a: Weezing|74\/100\n|\n|-weather|none\n|-heal|p1a: Weezing|80\/100|[from] item: Leftovers\n|upkeep\n|turn|52\n|\n|t:|1699590369\n|move|p1a: Weezing|Strange Steam|p2a: Tran Stan #2\n|-resisted|p2a: Tran Stan #2\n|-damage|p2a: Tran Stan #2|61\/100\n|-end|p2a: Tran Stan #2|confusion\n|move|p2a: Tran Stan #2|Chilly Reception|p2a: Tran Stan #2\n|-weather|Snow\n|\n|t:|1699590376\n|switch|p2a: Tran the Man|Heatran, F, tera:Grass|70\/100 brn|[from] Chilly Reception\n|\n|-weather|Snow|[upkeep]\n|-heal|p2a: Tran the Man|77\/100 brn|[from] item: Leftovers\n|-heal|p1a: Weezing|86\/100|[from] item: Leftovers\n|-damage|p2a: Tran the Man|70\/100 brn|[from] brn\n|upkeep\n|turn|53\n|\n|t:|1699590385\n|switch|p1a: Moltres|Moltres|72\/100\n|move|p2a: Tran the Man|Iron Defense|p2a: Tran the Man\n|-boost|p2a: Tran the Man|def|2\n|\n|-weather|Snow|[upkeep]\n|-heal|p2a: Tran the Man|77\/100 brn|[from] item: Leftovers\n|-damage|p2a: Tran the Man|70\/100 brn|[from] brn\n|upkeep\n|turn|54\n|\n|t:|1699590393\n|move|p1a: Moltres|U-turn|p2a: Tran the Man\n|-supereffective|p2a: Tran the Man\n|-damage|p2a: Tran the Man|60\/100 brn\n|\n|t:|1699590396\n|switch|p1a: Slowking|Slowking-Galar, M|100\/100|[from] U-turn\n|move|p2a: Tran the Man|Iron Defense|p2a: Tran the Man\n|-boost|p2a: Tran the Man|def|2\n|\n|-weather|Snow|[upkeep]\n|-heal|p2a: Tran the Man|66\/100 brn|[from] item: Leftovers\n|-damage|p2a: Tran the Man|60\/100 brn|[from] brn\n|upkeep\n|turn|55\n|\n|t:|1699590405\n|move|p2a: Tran the Man|Earthquake|p1a: Slowking\n|-supereffective|p1a: Slowking\n|-damage|p1a: Slowking|75\/100\n|move|p1a: Slowking|Chilly Reception|p1a: Slowking\n|\n|t:|1699590408\n|switch|p1a: Moltres|Moltres|72\/100|[from] Chilly Reception\n|\n|-weather|Snow|[upkeep]\n|-heal|p2a: Tran the Man|66\/100 brn|[from] item: Leftovers\n|-damage|p2a: Tran the Man|60\/100 brn|[from] brn\n|upkeep\n|turn|56\n|\n|t:|1699590419\n|move|p1a: Moltres|U-turn|p2a: Tran the Man\n|-supereffective|p2a: Tran the Man\n|-damage|p2a: Tran the Man|52\/100 brn\n|\n|t:|1699590423\n|switch|p1a: Weezing|Weezing-Galar, F|86\/100|[from] U-turn\n|move|p2a: Tran the Man|Heavy Slam|p1a: Weezing\n|-supereffective|p1a: Weezing\n|-damage|p1a: Weezing|56\/100\n|\n|-weather|none\n|-heal|p2a: Tran the Man|58\/100 brn|[from] item: Leftovers\n|-heal|p1a: Weezing|62\/100|[from] item: Leftovers\n|-damage|p2a: Tran the Man|52\/100 brn|[from] brn\n|upkeep\n|turn|57\n|\n|t:|1699590433\n|switch|p1a: Moltres|Moltres|72\/100\n|move|p2a: Tran the Man|Heavy Slam|p1a: Moltres\n|-resisted|p1a: Moltres\n|-damage|p1a: Moltres|64\/100\n|\n|-heal|p2a: Tran the Man|58\/100 brn|[from] item: Leftovers\n|-damage|p2a: Tran the Man|52\/100 brn|[from] brn\n|upkeep\n|turn|58\n|\n|t:|1699590441\n|move|p1a: Moltres|U-turn|p2a: Tran the Man\n|-supereffective|p2a: Tran the Man\n|-damage|p2a: Tran the Man|43\/100 brn\n|\n|t:|1699590444\n|switch|p1a: Slowking|Slowking-Galar, M|100\/100|[from] U-turn\n|move|p2a: Tran the Man|Body Press|p1a: Slowking\n|-resisted|p1a: Slowking\n|-damage|p1a: Slowking|91\/100\n|\n|-heal|p2a: Tran the Man|49\/100 brn|[from] item: Leftovers\n|-damage|p2a: Tran the Man|43\/100 brn|[from] brn\n|upkeep\n|turn|59\n|c|\u2606TRaSHiNSeCT|gg wp\n|c|\u2606Dragon Master Rosa|ggwp\n|\n|t:|1699590468\n|move|p2a: Tran the Man|Heavy Slam|p1a: Slowking\n|-damage|p1a: Slowking|67\/100\n|move|p1a: Slowking|Chilly Reception|p1a: Slowking\n|-weather|Snow\n|\n|t:|1699590471\n|switch|p1a: Greninja|Greninja, F|100\/100|[from] Chilly Reception\n|\n|-weather|Snow|[upkeep]\n|-heal|p2a: Tran the Man|49\/100 brn|[from] item: Leftovers\n|-damage|p2a: Tran the Man|43\/100 brn|[from] brn\n|upkeep\n|turn|60\n|\n|t:|1699590479\n|move|p1a: Greninja|U-turn|p2a: Tran the Man\n|-start|p1a: Greninja|typechange|Bug|[from] ability: Protean\n|-supereffective|p2a: Tran the Man\n|-damage|p2a: Tran the Man|21\/100 brn\n|\n|t:|1699590483\n|switch|p1a: Moltres|Moltres|64\/100|[from] U-turn\n|move|p2a: Tran the Man|Heavy Slam|p1a: Moltres\n|-resisted|p1a: Moltres\n|-damage|p1a: Moltres|57\/100\n|\n|-weather|Snow|[upkeep]\n|-heal|p2a: Tran the Man|27\/100 brn|[from] item: Leftovers\n|-damage|p2a: Tran the Man|21\/100 brn|[from] brn\n|upkeep\n|turn|61\n|\n|t:|1699590498\n|move|p1a: Moltres|U-turn|p2a: Tran the Man\n|-supereffective|p2a: Tran the Man\n|-damage|p2a: Tran the Man|12\/100 brn\n|\n|t:|1699590501\n|switch|p1a: Slowking|Slowking-Galar, M|99\/100|[from] U-turn\n|move|p2a: Tran the Man|Iron Defense|p2a: Tran the Man\n|-boost|p2a: Tran the Man|def|2\n|\n|-weather|Snow|[upkeep]\n|-heal|p2a: Tran the Man|19\/100 brn|[from] item: Leftovers\n|-damage|p2a: Tran the Man|12\/100 brn|[from] brn\n|upkeep\n|turn|62\n|\n|t:|1699590510\n|move|p2a: Tran the Man|Earthquake|p1a: Slowking\n|-supereffective|p1a: Slowking\n|-damage|p1a: Slowking|73\/100\n|move|p1a: Slowking|Chilly Reception|p1a: Slowking\n|\n|t:|1699590512\n|switch|p1a: Greninja|Greninja, F|100\/100|[from] Chilly Reception\n|\n|-weather|Snow|[upkeep]\n|-heal|p2a: Tran the Man|19\/100 brn|[from] item: Leftovers\n|-damage|p2a: Tran the Man|12\/100 brn|[from] brn\n|upkeep\n|turn|63\n|\n|t:|1699590521\n|move|p1a: Greninja|U-turn|p2a: Tran the Man\n|-start|p1a: Greninja|typechange|Bug|[from] ability: Protean\n|-supereffective|p2a: Tran the Man\n|-damage|p2a: Tran the Man|0 fnt\n|faint|p2a: Tran the Man\n|\n|t:|1699590526\n|switch|p1a: Slowking|Slowking-Galar, M|100\/100|[from] U-turn\n|\n|-weather|none\n|upkeep\n|\n|t:|1699590531\n|switch|p2a: Tran Stan #2|Slowking-Galar, M|95\/100\n|turn|64\n|\n|t:|1699590536\n|move|p1a: Slowking|Foul Play|p2a: Tran Stan #2\n|-supereffective|p2a: Tran Stan #2\n|-damage|p2a: Tran Stan #2|75\/100\n|move|p2a: Tran Stan #2|Toxic|p1a: Slowking\n|-immune|p1a: Slowking\n|\n|upkeep\n|turn|65\n|\n|t:|1699590542\n|move|p1a: Slowking|Foul Play|p2a: Tran Stan #2\n|-supereffective|p2a: Tran Stan #2\n|-damage|p2a: Tran Stan #2|56\/100\n|move|p2a: Tran Stan #2|Foul Play|p1a: Slowking\n|-supereffective|p1a: Slowking\n|-damage|p1a: Slowking|79\/100\n|\n|upkeep\n|turn|66\n|\n|t:|1699590549\n|move|p1a: Slowking|Foul Play|p2a: Tran Stan #2\n|-supereffective|p2a: Tran Stan #2\n|-damage|p2a: Tran Stan #2|36\/100\n|move|p2a: Tran Stan #2|Slack Off|p2a: Tran Stan #2\n|-heal|p2a: Tran Stan #2|86\/100\n|\n|upkeep\n|turn|67\n|\n|t:|1699590555\n|move|p1a: Slowking|Foul Play|p2a: Tran Stan #2\n|-supereffective|p2a: Tran Stan #2\n|-damage|p2a: Tran Stan #2|69\/100\n|move|p2a: Tran Stan #2|Foul Play|p1a: Slowking\n|-supereffective|p1a: Slowking\n|-damage|p1a: Slowking|54\/100\n|\n|upkeep\n|turn|68\n|\n|t:|1699590562\n|move|p1a: Slowking|Foul Play|p2a: Tran Stan #2\n|-supereffective|p2a: Tran Stan #2\n|-damage|p2a: Tran Stan #2|49\/100\n|move|p2a: Tran Stan #2|Foul Play|p1a: Slowking\n|-supereffective|p1a: Slowking\n|-damage|p1a: Slowking|30\/100\n|\n|upkeep\n|turn|69\n|\n|t:|1699590567\n|switch|p1a: Greninja|Greninja, F|100\/100\n|move|p2a: Tran Stan #2|Foul Play|p1a: Greninja\n|-resisted|p1a: Greninja\n|-damage|p1a: Greninja|80\/100\n|\n|upkeep\n|turn|70\n|\n|t:|1699590574\n|-terastallize|p1a: Greninja|Dark\n|move|p1a: Greninja|Night Slash|p2a: Tran Stan #2\n|-supereffective|p2a: Tran Stan #2\n|-damage|p2a: Tran Stan #2|0 fnt\n|faint|p2a: Tran Stan #2\n|\n|upkeep\n|\n|t:|1699590580\n|switch|p2a: SATAN THEMSELF|Palafin-Hero, M|39\/100 tox\n|turn|71\n|\n|t:|1699590582\n|move|p1a: Greninja|Night Slash|p2a: SATAN THEMSELF\n|-damage|p2a: SATAN THEMSELF|0 fnt\n|faint|p2a: SATAN THEMSELF\n|\n|win|Dragon Master Rosa\n","uploadtime":1699590587,"views":12,"p1id":"dragonmasterrosa","p2id":"trashinsect","formatid":"gen9ubers","rating":0,"private":0,"password":""}