{"id":"gen9ubers-1975449087","p1":"Dinonbk","p2":"FoxDragon22","format":"[Gen 9] Ubers","log":"|j|\u2606Dinonbk\n|j|\u2606FoxDragon22\n|t:|1698192513\n|gametype|singles\n|player|p1|Dinonbk|mira|\n|player|p2|FoxDragon22|acetrainerf-gen4dp|\n|teamsize|p1|6\n|teamsize|p2|6\n|gen|9\n|tier|[Gen 9] Ubers\n|rule|Sleep Clause Mod: Limit one foe put to sleep\n|rule|Species Clause: Limit one of each Pok\u00e9mon\n|rule|OHKO Clause: OHKO moves are banned\n|rule|Evasion Items Clause: Evasion items are banned\n|rule|Evasion Moves Clause: Evasion moves are banned\n|rule|Endless Battle Clause: Forcing endless battles is banned\n|rule|HP Percentage Mod: HP is shown in percentages\n|clearpoke\n|poke|p1|Magearna|\n|poke|p1|Ursaluna, M|\n|poke|p1|Dondozo, F|\n|poke|p1|Dialga|\n|poke|p1|Arceus-Poison|\n|poke|p1|Iron Valiant|\n|poke|p2|Arceus-Grass|\n|poke|p2|Dialga|\n|poke|p2|Zacian-*|\n|poke|p2|Palkia-Origin|\n|poke|p2|Gliscor, M|\n|poke|p2|Dragonite, M|\n|teampreview\n|inactive|Battle timer is ON: inactive players will automatically lose when time's up. (requested by Dinonbk)\n|j| leonissenbaum\n|inactive|Dinonbk has 270 seconds left.\n|\n|t:|1698192546\n|start\n|switch|p1a: Magearna|Magearna|100\/100\n|switch|p2a: Dialga|Dialga|100\/100\n|-ability|p2a: Dialga|Pressure\n|turn|1\n|\n|t:|1698192555\n|move|p2a: Dialga|Earth Power|p1a: Magearna\n|-supereffective|p1a: Magearna\n|-damage|p1a: Magearna|40\/100\n|-enditem|p1a: Magearna|Weakness Policy\n|-boost|p1a: Magearna|atk|2|[from] item: Weakness Policy\n|-boost|p1a: Magearna|spa|2|[from] item: Weakness Policy\n|move|p1a: Magearna|Trick Room|p1a: Magearna\n|-fieldstart|move: Trick Room|[of] p1a: Magearna\n|\n|upkeep\n|turn|2\n|c| leonissenbaum|i've seen this before\n|\n|t:|1698192571\n|-terastallize|p1a: Magearna|Water\n|move|p1a: Magearna|Draining Kiss|p2a: Dialga\n|-damage|p2a: Dialga|54\/100\n|-heal|p1a: Magearna|79\/100|[from] drain|[of] p2a: Dialga\n|move|p2a: Dialga|Earth Power|p1a: Magearna\n|-damage|p1a: Magearna|45\/100\n|\n|-heal|p2a: Dialga|60\/100|[from] item: Leftovers\n|upkeep\n|turn|3\n|\n|t:|1698192587\n|move|p1a: Magearna|Draining Kiss|p2a: Dialga\n|-damage|p2a: Dialga|16\/100\n|-heal|p1a: Magearna|82\/100|[from] drain|[of] p2a: Dialga\n|move|p2a: Dialga|Draco Meteor|p1a: Magearna\n|-damage|p1a: Magearna|7\/100\n|-unboost|p2a: Dialga|spa|2\n|\n|-heal|p2a: Dialga|22\/100|[from] item: Leftovers\n|upkeep\n|turn|4\n|\n|t:|1698192598\n|move|p1a: Magearna|Draining Kiss|p2a: Dialga\n|-damage|p2a: Dialga|0 fnt\n|-heal|p1a: Magearna|25\/100|[from] drain|[of] p2a: Dialga\n|faint|p2a: Dialga\n|-ability|p1a: Magearna|Soul-Heart|boost\n|-boost|p1a: Magearna|spa|1\n|\n|upkeep\n|\n|t:|1698192605\n|switch|p2a: Dragonite|Dragonite, M|100\/100\n|turn|5\n|\n|t:|1698192618\n|move|p2a: Dragonite|Extreme Speed|p1a: Magearna\n|-damage|p1a: Magearna|2\/100\n|move|p1a: Magearna|Draining Kiss|p2a: Dragonite\n|-supereffective|p2a: Dragonite\n|-damage|p2a: Dragonite|25\/100\n|-heal|p1a: Magearna|52\/100|[from] drain|[of] p2a: Dragonite\n|\n|-fieldend|move: Trick Room\n|upkeep\n|turn|6\n|\n|t:|1698192639\n|move|p2a: Dragonite|Earthquake|p1a: Magearna\n|-damage|p1a: Magearna|24\/100\n|move|p1a: Magearna|Trick Room|p1a: Magearna\n|-fieldstart|move: Trick Room|[of] p1a: Magearna\n|\n|upkeep\n|turn|7\n|\n|t:|1698192645\n|move|p2a: Dragonite|Extreme Speed|p1a: Magearna\n|-damage|p1a: Magearna|0 fnt\n|faint|p1a: Magearna\n|\n|upkeep\n|\n|t:|1698192648\n|switch|p1a: Ursaluna|Ursaluna, M|100\/100\n|turn|8\n|\n|t:|1698192663\n|move|p1a: Ursaluna|Facade|p2a: Dragonite\n|-damage|p2a: Dragonite|0 fnt\n|faint|p2a: Dragonite\n|\n|-status|p1a: Ursaluna|brn|[from] item: Flame Orb\n|upkeep\n|\n|t:|1698192682\n|switch|p2a: Arceus|Arceus-Grass|100\/100\n|turn|9\n|c|\u2606Dinonbk|Yeah got to go with the team that won\n|\n|t:|1698192696\n|move|p1a: Ursaluna|Facade|p2a: Arceus\n|-damage|p2a: Arceus|21\/100\n|move|p2a: Arceus|Judgment|p1a: Ursaluna\n|-supereffective|p1a: Ursaluna\n|-damage|p1a: Ursaluna|0 fnt\n|faint|p1a: Ursaluna\n|\n|upkeep\n|\n|t:|1698192717\n|switch|p1a: Dialga|Dialga|100\/100\n|-ability|p1a: Dialga|Pressure\n|turn|10\n|\n|t:|1698192732\n|switch|p2a: Gliscor|Gliscor, M|100\/100\n|move|p1a: Dialga|Flash Cannon|p2a: Gliscor\n|-damage|p2a: Gliscor|23\/100\n|\n|-fieldend|move: Trick Room\n|-status|p2a: Gliscor|tox|[from] item: Toxic Orb\n|upkeep\n|turn|11\n|\n|t:|1698192746\n|move|p2a: Gliscor|Earthquake|p1a: Dialga\n|-supereffective|p1a: Dialga\n|-damage|p1a: Dialga|38\/100\n|move|p1a: Dialga|Flash Cannon|p2a: Gliscor\n|-damage|p2a: Gliscor|0 fnt\n|faint|p2a: Gliscor\n|\n|upkeep\n|\n|t:|1698192766\n|switch|p2a: Palkia|Palkia-Origin|100\/100\n|-ability|p2a: Palkia|Pressure\n|turn|12\n|\n|t:|1698192779\n|move|p2a: Palkia|Earth Power|p1a: Dialga\n|-supereffective|p1a: Dialga\n|-damage|p1a: Dialga|0 fnt\n|faint|p1a: Dialga\n|\n|upkeep\n|\n|t:|1698192793\n|switch|p1a: Iron Valiant|Iron Valiant|100\/100\n|-enditem|p1a: Iron Valiant|Booster Energy\n|-activate|p1a: Iron Valiant|ability: Quark Drive|[fromitem]\n|-start|p1a: Iron Valiant|quarkdrivespe\n|turn|13\n|inactive|FoxDragon22 has 270 seconds left.\n|\n|t:|1698192820\n|move|p1a: Iron Valiant|Spirit Break|p2a: Palkia\n|-supereffective|p2a: Palkia\n|-damage|p2a: Palkia|20\/100\n|-unboost|p2a: Palkia|spa|1\n|move|p2a: Palkia|Hydro Pump|p1a: Iron Valiant\n|-damage|p1a: Iron Valiant|0 fnt\n|faint|p1a: Iron Valiant\n|-end|p1a: Iron Valiant|Quark Drive|[silent]\n|\n|upkeep\n|\n|t:|1698192829\n|switch|p1a: Arceus|Arceus-Poison|100\/100\n|turn|14\n|\n|t:|1698192838\n|move|p2a: Palkia|Earth Power|p1a: Arceus\n|-supereffective|p1a: Arceus\n|-damage|p1a: Arceus|70\/100\n|move|p1a: Arceus|Dragon Dance|p1a: Arceus\n|-boost|p1a: Arceus|atk|1\n|-boost|p1a: Arceus|spe|1\n|\n|upkeep\n|turn|15\n|\n|t:|1698192849\n|move|p1a: Arceus|Poison Jab|p2a: Palkia\n|-damage|p2a: Palkia|0 fnt\n|faint|p2a: Palkia\n|\n|upkeep\n|\n|t:|1698192862\n|switch|p2a: Zacian|Zacian|100\/100\n|-ability|p2a: Zacian|Intrepid Sword|boost\n|-boost|p2a: Zacian|atk|1\n|turn|16\n|\n|t:|1698192876\n|switch|p1a: Dondozo|Dondozo, F|100\/100\n|-terastallize|p2a: Zacian|Steel\n|move|p2a: Zacian|Psychic Fangs|p1a: Dondozo\n|-damage|p1a: Dondozo|87\/100\n|-damage|p2a: Zacian|84\/100|[from] item: Rocky Helmet|[of] p1a: Dondozo\n|\n|upkeep\n|turn|17\n|\n|t:|1698192891\n|switch|p2a: Arceus|Arceus-Grass|21\/100\n|move|p1a: Dondozo|Liquidation|p2a: Arceus\n|-resisted|p2a: Arceus\n|-damage|p2a: Arceus|10\/100\n|\n|upkeep\n|turn|18\n|\n|t:|1698192900\n|move|p2a: Arceus|Recover|p2a: Arceus\n|-heal|p2a: Arceus|60\/100\n|move|p1a: Dondozo|Liquidation|p2a: Arceus\n|-resisted|p2a: Arceus\n|-damage|p2a: Arceus|50\/100\n|-unboost|p2a: Arceus|def|1\n|\n|upkeep\n|turn|19\n|\n|t:|1698192916\n|move|p2a: Arceus|Judgment|p1a: Dondozo\n|-supereffective|p1a: Dondozo\n|-damage|p1a: Dondozo|0 fnt\n|faint|p1a: Dondozo\n|\n|upkeep\n|\n|t:|1698192919\n|switch|p1a: Arceus|Arceus-Poison|70\/100\n|turn|20\n|\n|t:|1698192930\n|move|p2a: Arceus|Earth Power|p1a: Arceus\n|-supereffective|p1a: Arceus\n|-damage|p1a: Arceus|27\/100\n|move|p1a: Arceus|Dragon Dance|p1a: Arceus\n|-boost|p1a: Arceus|atk|1\n|-boost|p1a: Arceus|spe|1\n|\n|upkeep\n|turn|21\n|\n|t:|1698192937\n|move|p1a: Arceus|Poison Jab|p2a: Arceus\n|-supereffective|p2a: Arceus\n|-damage|p2a: Arceus|0 fnt\n|faint|p2a: Arceus\n|\n|upkeep\n|\n|t:|1698192943\n|switch|p2a: Zacian|Zacian, tera:Steel|84\/100\n|turn|22\n|c|\u2606Dinonbk|I forgot ur psychic fangs\n|c|\u2606Dinonbk|gg\n|c|\u2606Dinonbk|scarfed\n|inactive|FoxDragon22 has 270 seconds left.\n|\n|t:|1698192993\n|move|p2a: Zacian|Psychic Fangs|p1a: Arceus\n|-supereffective|p1a: Arceus\n|-damage|p1a: Arceus|0 fnt\n|faint|p1a: Arceus\n|\n|win|FoxDragon22\n","uploadtime":1698193000,"views":52,"p1id":"dinonbk","p2id":"foxdragon22","formatid":"gen9ubers","rating":0,"private":0,"password":""}