{"id":"gen9ubers-1993182629","p1":"Ups1deD0wnSyndrome","p2":"KrisBlazeKick","format":"[Gen 9] Ubers","log":"|j|\u2606Ups1deD0wnSyndrome\n|j|\u2606KrisBlazeKick\n|t:|1700274915\n|gametype|singles\n|player|p1|Ups1deD0wnSyndrome|101|\n|player|p2|KrisBlazeKick|baker|\n|teamsize|p1|6\n|teamsize|p2|6\n|gen|9\n|tier|[Gen 9] Ubers\n|rule|Sleep Clause Mod: Limit one foe put to sleep\n|rule|Species Clause: Limit one of each Pok\u00e9mon\n|rule|OHKO Clause: OHKO moves are banned\n|rule|Evasion Items Clause: Evasion items are banned\n|rule|Evasion Moves Clause: Evasion moves are banned\n|rule|Endless Battle Clause: Forcing endless battles is banned\n|rule|HP Percentage Mod: HP is shown in percentages\n|clearpoke\n|poke|p1|Sylveon, F|\n|poke|p1|Wo-Chien|\n|poke|p1|Haxorus, M|\n|poke|p1|Arcanine, M|\n|poke|p1|Palafin, M|\n|poke|p1|Quagsire, M|\n|poke|p2|Heatran, M|\n|poke|p2|Brute Bonnet|\n|poke|p2|Enamorus-Therian, F|\n|poke|p2|Kommo-o, F|\n|poke|p2|Clodsire, F|\n|poke|p2|Mew|\n|teampreview\n|\n|t:|1700274940\n|start\n|switch|p1a: Palafin|Palafin, M|100\/100\n|switch|p2a: Mew|Mew|100\/100\n|turn|1\n|\n|t:|1700274948\n|move|p2a: Mew|Knock Off|p1a: Palafin\n|-damage|p1a: Palafin|50\/100\n|-enditem|p1a: Palafin|Choice Band|[from] move: Knock Off|[of] p2a: Mew\n|move|p1a: Palafin|Flip Turn|p2a: Mew\n|-damage|p2a: Mew|76\/100\n|\n|t:|1700274968\n|detailschange|p1a: Palafin|Palafin-Hero, M\n|switch|p1a: Haxorus|Haxorus, M|100\/100|[from] Flip Turn\n|-ability|p1a: Haxorus|Mold Breaker\n|\n|upkeep\n|turn|2\n|\n|t:|1700274977\n|move|p1a: Haxorus|First Impression|p2a: Mew\n|-supereffective|p2a: Mew\n|-crit|p2a: Mew\n|-damage|p2a: Mew|0 fnt\n|faint|p2a: Mew\n|-damage|p1a: Haxorus|91\/100|[from] item: Life Orb\n|\n|upkeep\n|\n|t:|1700274988\n|switch|p2a: Clodsire|Clodsire, F|100\/100\n|turn|3\n|\n|t:|1700275016\n|switch|p1a: Sylveon|Sylveon, F|100\/100\n|move|p2a: Clodsire|Toxic Spikes|p1a: Sylveon\n|-sidestart|p1: Ups1deD0wnSyndrome|move: Toxic Spikes\n|\n|upkeep\n|turn|4\n|\n|t:|1700275026\n|switch|p2a: Heatran|Heatran, M|100\/100\n|move|p1a: Sylveon|Psyshock|p2a: Heatran\n|-resisted|p2a: Heatran\n|-damage|p2a: Heatran|89\/100\n|\n|upkeep\n|turn|5\n|\n|t:|1700275036\n|switch|p1a: Quagsire|Quagsire, M|100\/100\n|-status|p1a: Quagsire|psn\n|move|p2a: Heatran|Lava Plume|p1a: Quagsire\n|-resisted|p1a: Quagsire\n|-damage|p1a: Quagsire|77\/100 psn\n|\n|-heal|p1a: Quagsire|83\/100 psn|[from] item: Leftovers\n|-damage|p1a: Quagsire|71\/100 psn|[from] psn\n|upkeep\n|turn|6\n|\n|t:|1700275049\n|switch|p2a: Kommo-o|Kommo-o, F|100\/100\n|move|p1a: Quagsire|Earthquake|p2a: Kommo-o\n|-damage|p2a: Kommo-o|78\/100\n|\n|-heal|p1a: Quagsire|77\/100 psn|[from] item: Leftovers\n|-damage|p1a: Quagsire|64\/100 psn|[from] psn\n|upkeep\n|turn|7\n|\n|t:|1700275063\n|move|p2a: Kommo-o|Flash Cannon|p1a: Quagsire\n|-resisted|p1a: Quagsire\n|-damage|p1a: Quagsire|51\/100 psn\n|move|p1a: Quagsire|Toxic|p2a: Kommo-o\n|-status|p2a: Kommo-o|tox\n|\n|-heal|p1a: Quagsire|57\/100 psn|[from] item: Leftovers\n|-damage|p2a: Kommo-o|72\/100 tox|[from] psn\n|-damage|p1a: Quagsire|45\/100 psn|[from] psn\n|upkeep\n|turn|8\n|\n|t:|1700275074\n|switch|p2a: Clodsire|Clodsire, F|100\/100\n|move|p1a: Quagsire|Recover|p1a: Quagsire\n|-heal|p1a: Quagsire|95\/100 psn\n|\n|-heal|p1a: Quagsire|100\/100 psn|[from] item: Leftovers\n|-damage|p1a: Quagsire|88\/100 psn|[from] psn\n|upkeep\n|turn|9\n|\n|t:|1700275085\n|move|p1a: Quagsire|Earthquake|p2a: Clodsire\n|-supereffective|p2a: Clodsire\n|-damage|p2a: Clodsire|60\/100\n|move|p2a: Clodsire|Stealth Rock|p1a: Quagsire\n|-sidestart|p1: Ups1deD0wnSyndrome|move: Stealth Rock\n|\n|-heal|p1a: Quagsire|94\/100 psn|[from] item: Leftovers\n|-damage|p1a: Quagsire|82\/100 psn|[from] psn\n|upkeep\n|turn|10\n|\n|t:|1700275096\n|-terastallize|p1a: Quagsire|Ground\n|move|p1a: Quagsire|Earthquake|p2a: Clodsire\n|-supereffective|p2a: Clodsire\n|-damage|p2a: Clodsire|0 fnt\n|faint|p2a: Clodsire\n|\n|-heal|p1a: Quagsire|88\/100 psn|[from] item: Leftovers\n|-damage|p1a: Quagsire|75\/100 psn|[from] psn\n|upkeep\n|\n|t:|1700275107\n|switch|p2a: Brute Bonnet|Brute Bonnet|100\/100\n|turn|11\n|\n|t:|1700275112\n|move|p2a: Brute Bonnet|Trailblaze|p1a: Quagsire\n|-supereffective|p1a: Quagsire\n|-damage|p1a: Quagsire|37\/100 psn\n|-boost|p2a: Brute Bonnet|spe|1\n|move|p1a: Quagsire|Toxic|p2a: Brute Bonnet|[miss]\n|-miss|p1a: Quagsire|p2a: Brute Bonnet\n|\n|-heal|p1a: Quagsire|43\/100 psn|[from] item: Leftovers\n|-damage|p1a: Quagsire|30\/100 psn|[from] psn\n|upkeep\n|turn|12\n|\n|t:|1700275143\n|switch|p1a: Arcanine|Arcanine, M|100\/100\n|-status|p1a: Arcanine|psn\n|-damage|p1a: Arcanine|76\/100 psn|[from] Stealth Rock\n|-ability|p1a: Arcanine|Intimidate|boost\n|-unboost|p2a: Brute Bonnet|atk|1\n|move|p2a: Brute Bonnet|Trailblaze|p1a: Arcanine\n|-resisted|p1a: Arcanine\n|-damage|p1a: Arcanine|68\/100 psn\n|-boost|p2a: Brute Bonnet|spe|1\n|-damage|p2a: Brute Bonnet|84\/100|[from] item: Rocky Helmet|[of] p1a: Arcanine\n|\n|-damage|p1a: Arcanine|55\/100 psn|[from] psn\n|upkeep\n|turn|13\n|\n|t:|1700275160\n|-end|p2a: Brute Bonnet|Protosynthesis|[silent]\n|switch|p2a: Heatran|Heatran, M|89\/100\n|move|p1a: Arcanine|Morning Sun|p1a: Arcanine\n|-heal|p1a: Arcanine|100\/100 psn\n|\n|-damage|p1a: Arcanine|88\/100 psn|[from] psn\n|upkeep\n|turn|14\n|\n|t:|1700275171\n|switch|p1a: Palafin|Palafin-Hero, M|50\/100\n|-status|p1a: Palafin|psn\n|-damage|p1a: Palafin|37\/100 psn|[from] Stealth Rock\n|-activate|p1a: Palafin|ability: Zero to Hero\n|move|p2a: Heatran|Substitute|p2a: Heatran\n|-start|p2a: Heatran|Substitute\n|-damage|p2a: Heatran|64\/100\n|\n|-damage|p1a: Palafin|25\/100 psn|[from] psn\n|upkeep\n|turn|15\n|\n|t:|1700275189\n|move|p1a: Palafin|Jet Punch|p2a: Heatran\n|-supereffective|p2a: Heatran\n|-end|p2a: Heatran|Substitute\n|move|p2a: Heatran|Magma Storm|p1a: Palafin|[miss]\n|-miss|p2a: Heatran|p1a: Palafin\n|\n|-damage|p1a: Palafin|13\/100 psn|[from] psn\n|upkeep\n|turn|16\n|\n|t:|1700275212\n|switch|p2a: Kommo-o|Kommo-o, F|72\/100 tox\n|move|p1a: Palafin|Jet Punch|p2a: Kommo-o\n|-resisted|p2a: Kommo-o\n|-damage|p2a: Kommo-o|56\/100 tox\n|\n|-damage|p1a: Palafin|0 fnt|[from] psn\n|faint|p1a: Palafin\n|-damage|p2a: Kommo-o|49\/100 tox|[from] psn\n|upkeep\n|\n|t:|1700275231\n|switch|p1a: Sylveon|Sylveon, F|100\/100\n|-status|p1a: Sylveon|psn\n|-damage|p1a: Sylveon|88\/100 psn|[from] Stealth Rock\n|turn|17\n|\n|t:|1700275247\n|move|p2a: Kommo-o|Flash Cannon|p1a: Sylveon\n|-supereffective|p1a: Sylveon\n|-damage|p1a: Sylveon|59\/100 psn\n|-unboost|p1a: Sylveon|spd|1\n|move|p1a: Sylveon|Calm Mind|p1a: Sylveon\n|-boost|p1a: Sylveon|spa|1\n|-boost|p1a: Sylveon|spd|1\n|\n|-heal|p1a: Sylveon|65\/100 psn|[from] item: Leftovers\n|-damage|p2a: Kommo-o|37\/100 tox|[from] psn\n|-damage|p1a: Sylveon|52\/100 psn|[from] psn\n|upkeep\n|turn|18\n|\n|t:|1700275258\n|move|p2a: Kommo-o|Flash Cannon|p1a: Sylveon\n|-supereffective|p1a: Sylveon\n|-damage|p1a: Sylveon|22\/100 psn\n|move|p1a: Sylveon|Hyper Voice|p2a: Kommo-o\n|-supereffective|p2a: Kommo-o\n|-crit|p2a: Kommo-o\n|-damage|p2a: Kommo-o|0 fnt\n|faint|p2a: Kommo-o\n|\n|-heal|p1a: Sylveon|28\/100 psn|[from] item: Leftovers\n|-damage|p1a: Sylveon|15\/100 psn|[from] psn\n|upkeep\n|\n|t:|1700275262\n|switch|p2a: Enamorus|Enamorus-Therian, F|100\/100\n|turn|19\n|\n|t:|1700275273\n|move|p1a: Sylveon|Hyper Voice|p2a: Enamorus\n|-damage|p2a: Enamorus|35\/100\n|move|p2a: Enamorus|Iron Defense|p2a: Enamorus\n|-boost|p2a: Enamorus|def|2\n|\n|-heal|p1a: Sylveon|22\/100 psn|[from] item: Leftovers\n|-heal|p2a: Enamorus|41\/100|[from] item: Leftovers\n|-damage|p1a: Sylveon|9\/100 psn|[from] psn\n|upkeep\n|turn|20\n|\n|t:|1700275283\n|move|p1a: Sylveon|Hyper Voice|p2a: Enamorus\n|-damage|p2a: Enamorus|0 fnt\n|faint|p2a: Enamorus\n|\n|-heal|p1a: Sylveon|15\/100 psn|[from] item: Leftovers\n|-damage|p1a: Sylveon|3\/100 psn|[from] psn\n|upkeep\n|\n|t:|1700275301\n|switch|p2a: Heatran|Heatran, M|64\/100\n|turn|21\n|\n|t:|1700275317\n|move|p2a: Heatran|Substitute|p2a: Heatran\n|-start|p2a: Heatran|Substitute\n|-damage|p2a: Heatran|39\/100\n|move|p1a: Sylveon|Shadow Ball|p2a: Heatran\n|-end|p2a: Heatran|Substitute\n|\n|-heal|p1a: Sylveon|9\/100 psn|[from] item: Leftovers\n|-damage|p1a: Sylveon|0 fnt|[from] psn\n|faint|p1a: Sylveon\n|upkeep\n|\n|t:|1700275333\n|switch|p1a: Quagsire|Quagsire, M, tera:Ground|30\/100 psn\n|-damage|p1a: Quagsire|24\/100 psn|[from] Stealth Rock\n|turn|22\n|\n|t:|1700275341\n|move|p2a: Heatran|Lava Plume|p1a: Quagsire\n|-damage|p1a: Quagsire|0 fnt\n|faint|p1a: Quagsire\n|\n|upkeep\n|\n|t:|1700275351\n|switch|p1a: Haxorus|Haxorus, M|91\/100\n|-status|p1a: Haxorus|psn\n|-damage|p1a: Haxorus|78\/100 psn|[from] Stealth Rock\n|-ability|p1a: Haxorus|Mold Breaker\n|turn|23\n|\n|t:|1700275359\n|move|p1a: Haxorus|Dragon Dance|p1a: Haxorus\n|-boost|p1a: Haxorus|atk|1\n|-boost|p1a: Haxorus|spe|1\n|move|p2a: Heatran|Substitute|p2a: Heatran\n|-start|p2a: Heatran|Substitute\n|-damage|p2a: Heatran|14\/100\n|\n|-damage|p1a: Haxorus|66\/100 psn|[from] psn\n|upkeep\n|turn|24\n|\n|t:|1700275370\n|move|p1a: Haxorus|Iron Head|p2a: Heatran\n|-resisted|p2a: Heatran\n|-activate|p2a: Heatran|move: Substitute|[damage]\n|-damage|p1a: Haxorus|56\/100 psn|[from] item: Life Orb\n|move|p2a: Heatran|Magma Storm|p1a: Haxorus\n|-resisted|p1a: Haxorus\n|-damage|p1a: Haxorus|20\/100 psn\n|-activate|p1a: Haxorus|move: Magma Storm|[of] p2a: Heatran\n|\n|-damage|p1a: Haxorus|8\/100 psn|[from] psn\n|-damage|p1a: Haxorus|0 fnt|[from] move: Magma Storm|[partiallytrapped]\n|faint|p1a: Haxorus\n|upkeep\n|\n|t:|1700275384\n|switch|p1a: Arcanine|Arcanine, M|88\/100 psn\n|-damage|p1a: Arcanine|63\/100 psn|[from] Stealth Rock\n|-ability|p1a: Arcanine|Intimidate|boost\n|-immune|p2a: Heatran\n|turn|25\n|\n|t:|1700275410\n|switch|p2a: Brute Bonnet|Brute Bonnet|84\/100\n|move|p1a: Arcanine|Play Rough|p2a: Brute Bonnet\n|-supereffective|p2a: Brute Bonnet\n|-damage|p2a: Brute Bonnet|35\/100\n|\n|-damage|p1a: Arcanine|51\/100 psn|[from] psn\n|upkeep\n|turn|26\n|\n|t:|1700275424\n|-terastallize|p2a: Brute Bonnet|Fire\n|move|p2a: Brute Bonnet|Sucker Punch|p1a: Arcanine\n|-damage|p1a: Arcanine|19\/100 psn\n|-damage|p2a: Brute Bonnet|19\/100|[from] item: Rocky Helmet|[of] p1a: Arcanine\n|move|p1a: Arcanine|Play Rough|p2a: Brute Bonnet\n|-resisted|p2a: Brute Bonnet\n|-damage|p2a: Brute Bonnet|7\/100\n|\n|-damage|p1a: Arcanine|6\/100 psn|[from] psn\n|upkeep\n|turn|27\n|\n|t:|1700275438\n|move|p1a: Arcanine|Play Rough|p2a: Brute Bonnet\n|-resisted|p2a: Brute Bonnet\n|-damage|p2a: Brute Bonnet|0 fnt\n|faint|p2a: Brute Bonnet\n|-end|p2a: Brute Bonnet|Protosynthesis|[silent]\n|\n|-damage|p1a: Arcanine|0 fnt|[from] psn\n|faint|p1a: Arcanine\n|upkeep\n|\n|t:|1700275449\n|switch|p1a: Wo-Chien|Wo-Chien|100\/100\n|switch|p2a: Heatran|Heatran, M|14\/100\n|-status|p1a: Wo-Chien|psn\n|-damage|p1a: Wo-Chien|88\/100 psn|[from] Stealth Rock\n|-ability|p1a: Wo-Chien|Tablets of Ruin\n|turn|28\n|\n|t:|1700275458\n|move|p2a: Heatran|Magma Storm|p1a: Wo-Chien\n|-supereffective|p1a: Wo-Chien\n|-damage|p1a: Wo-Chien|32\/100 psn\n|-activate|p1a: Wo-Chien|move: Magma Storm|[of] p2a: Heatran\n|move|p1a: Wo-Chien|Dark Pulse|p2a: Heatran\n|-damage|p2a: Heatran|0 fnt\n|faint|p2a: Heatran\n|\n|win|Ups1deD0wnSyndrome\n|l|\u2606KrisBlazeKick\n","uploadtime":1700275481,"views":22,"p1id":"ups1ded0wnsyndrome","p2id":"krisblazekick","formatid":"gen9ubers","rating":0,"private":0,"password":""}