{"id":"gen9ubers-1986695026","p1":"Bidy","p2":"generalfrito","format":"[Gen 9] Ubers","log":"|j|\u2606Bidy\n|j|\u2606generalfrito\n|t:|1699509201\n|gametype|singles\n|player|p1|Bidy|volkner|\n|player|p2|generalfrito|clay|\n|teamsize|p1|6\n|teamsize|p2|6\n|gen|9\n|tier|[Gen 9] Ubers\n|rule|Sleep Clause Mod: Limit one foe put to sleep\n|rule|Species Clause: Limit one of each Pok\u00e9mon\n|rule|OHKO Clause: OHKO moves are banned\n|rule|Evasion Items Clause: Evasion items are banned\n|rule|Evasion Moves Clause: Evasion moves are banned\n|rule|Endless Battle Clause: Forcing endless battles is banned\n|rule|HP Percentage Mod: HP is shown in percentages\n|clearpoke\n|poke|p1|Mew|\n|poke|p1|Kleavor, F|\n|poke|p1|Gyarados, M|\n|poke|p1|Slowbro-Galar, M|\n|poke|p1|Iron Valiant|\n|poke|p1|Hoopa|\n|poke|p2|Slowking-Galar, M|\n|poke|p2|Cetitan, M|\n|poke|p2|Volcanion|\n|poke|p2|Landorus-Therian, M|\n|poke|p2|Mimikyu, F|\n|poke|p2|Cyclizar, F|\n|teampreview\n|j| pasteal\n|j| SlyTheSplicer\n|\n|t:|1699509256\n|start\n|switch|p1a: Eduardo|Kleavor, F|100\/100\n|switch|p2a: Landorus|Landorus-Therian, M|100\/100\n|-ability|p2a: Landorus|Intimidate|boost\n|-unboost|p1a: Eduardo|atk|1\n|turn|1\n|c| SlyTheSplicer|me?\n|\n|t:|1699509269\n|move|p2a: Landorus|Rock Slide|p1a: Eduardo\n|-supereffective|p1a: Eduardo\n|-damage|p1a: Eduardo|27\/100\n|move|p1a: Eduardo|Tailwind|p1a: Eduardo\n|-sidestart|p1: Bidy|move: Tailwind\n|\n|upkeep\n|turn|2\n|c|\u2606Bidy|last second names idk lol\n|j| Munano42\n|inactive|Battle timer is ON: inactive players will automatically lose when time's up. (requested by Bidy)\n|c| SlyTheSplicer|i do like kleavor design\n|\n|t:|1699509297\n|move|p1a: Eduardo|Stone Axe|p2a: Landorus\n|-damage|p2a: Landorus|60\/100\n|-sidestart|p2: generalfrito|move: Stealth Rock\n|move|p2a: Landorus|Rock Slide|p1a: Eduardo\n|-supereffective|p1a: Eduardo\n|-damage|p1a: Eduardo|0 fnt\n|faint|p1a: Eduardo\n|\n|upkeep\n|inactive|Bidy has 270 seconds left.\n|\n|t:|1699509332\n|switch|p1a: Alejandro|Gyarados, M|100\/100\n|turn|3\n|inactive|Bidy has 270 seconds left.\n|j| amonges\n|inactive|Bidy has 240 seconds left.\n|l| amonges\n|\n|t:|1699509374\n|switch|p2a: Slowking|Slowking-Galar, M|100\/100\n|-damage|p2a: Slowking|88\/100|[from] Stealth Rock\n|move|p1a: Alejandro|Earthquake|p2a: Slowking\n|-supereffective|p2a: Slowking\n|-damage|p2a: Slowking|11\/100\n|\n|-heal|p2a: Slowking|18\/100|[from] item: Black Sludge\n|upkeep\n|turn|4\n|inactive|Bidy has 240 seconds left.\n|\n|t:|1699509386\n|switch|p2a: Landorus|Landorus-Therian, M|60\/100\n|-damage|p2a: Landorus|48\/100|[from] Stealth Rock\n|-ability|p2a: Landorus|Intimidate|boost\n|-unboost|p1a: Alejandro|atk|1\n|move|p1a: Alejandro|Earthquake|p2a: Landorus\n|-immune|p2a: Landorus\n|\n|-sideend|p1: Bidy|move: Tailwind\n|upkeep\n|turn|5\n|inactive|Bidy has 240 seconds left.\n|\n|t:|1699509400\n|switch|p1a: Emi|Mew|100\/100\n|move|p2a: Landorus|Rock Slide|p1a: Emi\n|-damage|p1a: Emi|75\/100\n|\n|upkeep\n|turn|6\n|inactive|Bidy has 240 seconds left.\n|\n|t:|1699509413\n|move|p2a: Landorus|Rock Slide|p1a: Emi\n|-damage|p1a: Emi|51\/100\n|move|p1a: Emi|Agility|p1a: Emi\n|-boost|p1a: Emi|spe|2\n|\n|upkeep\n|turn|7\n|\n|t:|1699509418\n|move|p1a: Emi|Calm Mind|p1a: Emi\n|-boost|p1a: Emi|spa|1\n|-boost|p1a: Emi|spd|1\n|move|p2a: Landorus|Rock Slide|p1a: Emi\n|-damage|p1a: Emi|26\/100\n|\n|upkeep\n|turn|8\n|\n|t:|1699509424\n|move|p1a: Emi|Stored Power|p2a: Landorus\n|-damage|p2a: Landorus|0 fnt\n|faint|p2a: Landorus\n|\n|upkeep\n|inactive|generalfrito has 270 seconds left.\n|c|\u2606Bidy|what item was lando btw\n|\n|t:|1699509468\n|switch|p2a: Volcanion|Volcanion|100\/100\n|-damage|p2a: Volcanion|75\/100|[from] Stealth Rock\n|turn|9\n|\n|t:|1699509473\n|move|p1a: Emi|Thunderbolt|p2a: Volcanion\n|-supereffective|p2a: Volcanion\n|-damage|p2a: Volcanion|0 fnt\n|faint|p2a: Volcanion\n|\n|upkeep\n|inactive|generalfrito has 270 seconds left.\n|\n|t:|1699509480\n|switch|p2a: Slowking|Slowking-Galar, M|51\/100\n|-damage|p2a: Slowking|38\/100|[from] Stealth Rock\n|turn|10\n|inactive|Bidy has 270 seconds left.\n|\n|t:|1699509498\n|move|p1a: Emi|Stored Power|p2a: Slowking\n|-damage|p2a: Slowking|1\/100\n|move|p2a: Slowking|Sludge Bomb|p1a: Emi\n|-damage|p1a: Emi|6\/100\n|-status|p1a: Emi|psn\n|-activate|p1a: Emi|ability: Synchronize\n|-immune|p2a: Slowking\n|\n|-heal|p2a: Slowking|7\/100|[from] item: Black Sludge\n|-damage|p1a: Emi|0 fnt|[from] psn\n|faint|p1a: Emi\n|upkeep\n|inactive|Bidy has 270 seconds left.\n|c|\u2606generalfrito|scarf\n|c|\u2606Bidy|ah ok i was  right\n|\n|t:|1699509533\n|switch|p1a: Joash|Hoopa|100\/100\n|turn|11\n|\n|t:|1699509540\n|switch|p2a: Mimikyu|Mimikyu, F|100\/100\n|-damage|p2a: Mimikyu|88\/100|[from] Stealth Rock\n|move|p1a: Joash|Psychic|p2a: Mimikyu\n|-activate|p2a: Mimikyu|ability: Disguise\n|-damage|p2a: Mimikyu|88\/100\n|detailschange|p2a: Mimikyu|Mimikyu-Busted, F\n|-damage|p2a: Mimikyu|76\/100|[from] pokemon: Mimikyu-Busted\n|\n|upkeep\n|turn|12\n|inactive|Bidy has 240 seconds left.\n|\n|t:|1699509581\n|-terastallize|p1a: Joash|Ghost\n|move|p2a: Mimikyu|Shadow Claw|p1a: Joash\n|-supereffective|p1a: Joash\n|-crit|p1a: Joash\n|-damage|p1a: Joash|0 fnt\n|faint|p1a: Joash\n|\n|upkeep\n|c| SlyTheSplicer|crit mattered\n|inactive|Bidy has 210 seconds left.\n|\n|t:|1699509603\n|switch|p1a: BonBon|Iron Valiant|100\/100\n|-enditem|p1a: BonBon|Booster Energy\n|-activate|p1a: BonBon|ability: Quark Drive|[fromitem]\n|-start|p1a: BonBon|quarkdrivespe\n|turn|13\n|c| SlyTheSplicer|\"no it didnt matter grow up\"\n|inactive|generalfrito has 270 seconds left.\n|\n|t:|1699509639\n|move|p1a: BonBon|Knock Off|p2a: Mimikyu\n|-damage|p2a: Mimikyu|22\/100\n|-enditem|p2a: Mimikyu|Choice Scarf|[from] move: Knock Off|[of] p1a: BonBon\n|move|p2a: Mimikyu|Shadow Claw|p1a: BonBon\n|-damage|p1a: BonBon|62\/100\n|\n|upkeep\n|turn|14\n|inactive|generalfrito has 270 seconds left.\n|\n|t:|1699509652\n|move|p1a: BonBon|Knock Off|p2a: Mimikyu\n|-damage|p2a: Mimikyu|0 fnt\n|faint|p2a: Mimikyu\n|\n|upkeep\n|\n|t:|1699509655\n|switch|p2a: Slowking|Slowking-Galar, M|40\/100\n|-damage|p2a: Slowking|28\/100|[from] Stealth Rock\n|turn|15\n|\n|t:|1699509670\n|switch|p2a: Cyclizar|Cyclizar, F|100\/100\n|-damage|p2a: Cyclizar|88\/100|[from] Stealth Rock\n|move|p1a: BonBon|Knock Off|p2a: Cyclizar\n|-damage|p2a: Cyclizar|25\/100\n|-enditem|p2a: Cyclizar|Choice Band|[from] move: Knock Off|[of] p1a: BonBon\n|\n|upkeep\n|turn|16\n|\n|t:|1699509689\n|move|p1a: BonBon|Knock Off|p2a: Cyclizar\n|-crit|p2a: Cyclizar\n|-damage|p2a: Cyclizar|0 fnt\n|faint|p2a: Cyclizar\n|\n|upkeep\n|\n|t:|1699509693\n|switch|p2a: Slowking|Slowking-Galar, M|61\/100\n|-damage|p2a: Slowking|49\/100|[from] Stealth Rock\n|turn|17\n|\n|t:|1699509697\n|move|p1a: BonBon|Taunt|p2a: Slowking\n|-start|p2a: Slowking|move: Taunt\n|cant|p2a: Slowking|move: Taunt|Chilly Reception\n|\n|-heal|p2a: Slowking|55\/100|[from] item: Black Sludge\n|upkeep\n|turn|18\n|c| SlyTheSplicer|crit mattred\n|\n|t:|1699509704\n|move|p1a: BonBon|Knock Off|p2a: Slowking\n|-supereffective|p2a: Slowking\n|-damage|p2a: Slowking|0 fnt\n|-enditem|p2a: Slowking|Black Sludge|[from] move: Knock Off|[of] p1a: BonBon\n|faint|p2a: Slowking\n|\n|upkeep\n|\n|t:|1699509708\n|switch|p2a: Cetitan|Cetitan, M|100\/100\n|-damage|p2a: Cetitan|76\/100|[from] Stealth Rock\n|turn|19\n|inactive|Bidy has 240 seconds left.\n|\n|t:|1699509732\n|move|p1a: BonBon|Knock Off|p2a: Cetitan\n|-damage|p2a: Cetitan|43\/100\n|-enditem|p2a: Cetitan|Sitrus Berry|[from] move: Knock Off|[of] p1a: BonBon\n|move|p2a: Cetitan|Ice Spinner|p1a: BonBon\n|-damage|p1a: BonBon|12\/100\n|\n|upkeep\n|turn|20\n|\n|t:|1699509739\n|move|p2a: Cetitan|Ice Shard|p1a: BonBon\n|-damage|p1a: BonBon|0 fnt\n|faint|p1a: BonBon\n|-end|p1a: BonBon|Quark Drive|[silent]\n|\n|upkeep\n|inactive|Bidy has 240 seconds left.\n|\n|t:|1699509750\n|switch|p1a: Chris|Slowbro-Galar, M|100\/100\n|turn|21\n|\n|t:|1699509756\n|move|p2a: Cetitan|Earthquake|p1a: Chris\n|-supereffective|p1a: Chris\n|-damage|p1a: Chris|59\/100\n|move|p1a: Chris|Yawn|p2a: Cetitan\n|-start|p2a: Cetitan|move: Yawn|[of] p1a: Chris\n|\n|-heal|p1a: Chris|65\/100|[from] item: Black Sludge\n|upkeep\n|turn|22\n|\n|t:|1699509761\n|move|p2a: Cetitan|Earthquake|p1a: Chris\n|-supereffective|p1a: Chris\n|-damage|p1a: Chris|28\/100\n|move|p1a: Chris|Flamethrower|p2a: Cetitan\n|-supereffective|p2a: Cetitan\n|-damage|p2a: Cetitan|0 fnt\n|faint|p2a: Cetitan\n|\n|win|Bidy\n|c|\u2606Bidy|GG\n|c|\u2606generalfrito|gg\n|l| SlyTheSplicer\n|l| pasteal\n","uploadtime":1699509806,"views":10,"p1id":"bidy","p2id":"generalfrito","formatid":"gen9ubers","rating":0,"private":0,"password":""}