{"id":"gen9ubers-1990816972","p1":"GordonH40","p2":"Turtleboys","format":"[Gen 9] Ubers","log":"|j|\u2606GordonH40\n|j|\u2606Turtleboys\n|t:|1700003841\n|gametype|singles\n|player|p1|GordonH40|workerice|\n|player|p2|Turtleboys|firebreather|\n|teamsize|p1|6\n|teamsize|p2|6\n|gen|9\n|tier|[Gen 9] Ubers\n|rule|Sleep Clause Mod: Limit one foe put to sleep\n|rule|Species Clause: Limit one of each Pok\u00e9mon\n|rule|OHKO Clause: OHKO moves are banned\n|rule|Evasion Items Clause: Evasion items are banned\n|rule|Evasion Moves Clause: Evasion moves are banned\n|rule|Endless Battle Clause: Forcing endless battles is banned\n|rule|HP Percentage Mod: HP is shown in percentages\n|clearpoke\n|poke|p1|Ting-Lu|\n|poke|p1|Ninetales-Alola, F|\n|poke|p1|Dragapult, M|\n|poke|p1|Corviknight, M|\n|poke|p1|Zapdos-Galar|\n|poke|p1|Ogerpon-Wellspring, F|\n|poke|p2|Cinderace, M|\n|poke|p2|Glimmora, F|\n|poke|p2|Quaquaval, M|\n|poke|p2|Ribombee, F|\n|poke|p2|Heatran, M|\n|poke|p2|Iron Bundle|\n|teampreview\n|inactive|Battle timer is ON: inactive players will automatically lose when time's up. (requested by GordonH40)\n|c|\u2606Turtleboys|glhf\n|\n|t:|1700003863\n|start\n|switch|p1a: Zapdos|Zapdos-Galar|100\/100\n|switch|p2a: web slinger|Ribombee, F|100\/100\n|turn|1\n|c|\u2606GordonH40|glhf\n|\n|t:|1700003869\n|move|p2a: web slinger|Sticky Web|p1a: Zapdos\n|-sidestart|p1: GordonH40|move: Sticky Web\n|move|p1a: Zapdos|Brave Bird|p2a: web slinger\n|-supereffective|p2a: web slinger\n|-enditem|p2a: web slinger|Focus Sash\n|-damage|p2a: web slinger|1\/100\n|-damage|p1a: Zapdos|74\/100|[from] Recoil\n|\n|upkeep\n|turn|2\n|\n|t:|1700003881\n|switch|p1a: Corviknight|Corviknight, M|100\/100\n|-ability|p1a: Corviknight|Pressure\n|move|p2a: web slinger|Draining Kiss|p1a: Corviknight\n|-resisted|p1a: Corviknight\n|-damage|p1a: Corviknight|91\/100\n|-heal|p2a: web slinger|12\/100|[from] drain|[of] p1a: Corviknight\n|\n|-heal|p1a: Corviknight|97\/100|[from] item: Leftovers\n|upkeep\n|turn|3\n|\n|t:|1700003893\n|move|p2a: web slinger|U-turn|p1a: Corviknight\n|-resisted|p1a: Corviknight\n|-damage|p1a: Corviknight|95\/100\n|\n|t:|1700003896\n|switch|p2a: bait|Cinderace, M|100\/100|[from] U-turn\n|move|p1a: Corviknight|Iron Head|p2a: bait\n|-resisted|p2a: bait\n|-damage|p2a: bait|83\/100\n|\n|-heal|p1a: Corviknight|100\/100|[from] item: Leftovers\n|upkeep\n|turn|4\n|\n|t:|1700003913\n|switch|p1a: Ting-Lu|Ting-Lu|100\/100\n|-activate|p1a: Ting-Lu|move: Sticky Web\n|-unboost|p1a: Ting-Lu|spe|1\n|-ability|p1a: Ting-Lu|Vessel of Ruin\n|move|p2a: bait|Pyro Ball|p1a: Ting-Lu|[miss]\n|-miss|p2a: bait|p1a: Ting-Lu\n|\n|upkeep\n|turn|5\n|\n|t:|1700003922\n|move|p2a: bait|High Jump Kick|p1a: Ting-Lu\n|-start|p2a: bait|typechange|Fighting|[from] ability: Libero\n|-supereffective|p1a: Ting-Lu\n|-damage|p1a: Ting-Lu|29\/100\n|move|p1a: Ting-Lu|Earthquake|p2a: bait\n|-damage|p2a: bait|29\/100\n|\n|-heal|p1a: Ting-Lu|35\/100|[from] item: Leftovers\n|upkeep\n|turn|6\n|c|\u2606Turtleboys|that did a disturbingly low amount of damage\n|c|\u2606Turtleboys|for a stab super\n|inactive|GordonH40 has 270 seconds left.\n|\n|t:|1700003958\n|switch|p1a: Zapdos|Zapdos-Galar|74\/100\n|move|p2a: bait|Pyro Ball|p1a: Zapdos\n|-damage|p1a: Zapdos|24\/100\n|\n|upkeep\n|turn|7\n|inactive|GordonH40 has 270 seconds left.\n|\n|t:|1700003972\n|move|p2a: bait|Pyro Ball|p1a: Zapdos\n|-damage|p1a: Zapdos|0 fnt\n|faint|p1a: Zapdos\n|\n|upkeep\n|inactive|GordonH40 has 270 seconds left.\n|\n|t:|1700003995\n|switch|p1a: Corviknight|Corviknight, M|100\/100\n|-ability|p1a: Corviknight|Pressure\n|turn|8\n|\n|t:|1700004002\n|move|p2a: bait|Pyro Ball|p1a: Corviknight|[miss]\n|-miss|p2a: bait|p1a: Corviknight\n|move|p1a: Corviknight|Body Press|p2a: bait\n|-damage|p2a: bait|0 fnt\n|faint|p2a: bait\n|\n|upkeep\n|c|\u2606Turtleboys|am sad\n|\n|t:|1700004010\n|switch|p2a: king toad|Heatran, M|100\/100\n|-item|p2a: king toad|Air Balloon\n|turn|9\n|\n|t:|1700004015\n|move|p2a: king toad|Lava Plume|p1a: Corviknight\n|-supereffective|p1a: Corviknight\n|-damage|p1a: Corviknight|28\/100\n|move|p1a: Corviknight|Body Press|p2a: king toad\n|-supereffective|p2a: king toad\n|-damage|p2a: king toad|63\/100\n|-enditem|p2a: king toad|Air Balloon\n|\n|-heal|p1a: Corviknight|34\/100|[from] item: Leftovers\n|upkeep\n|turn|10\n|\n|t:|1700004024\n|switch|p1a: Ting-Lu|Ting-Lu|35\/100\n|-activate|p1a: Ting-Lu|move: Sticky Web\n|-unboost|p1a: Ting-Lu|spe|1\n|-ability|p1a: Ting-Lu|Vessel of Ruin\n|move|p2a: king toad|Lava Plume|p1a: Ting-Lu\n|-damage|p1a: Ting-Lu|16\/100\n|\n|-heal|p1a: Ting-Lu|22\/100|[from] item: Leftovers\n|upkeep\n|turn|11\n|\n|t:|1700004039\n|move|p2a: king toad|Flash Cannon|p1a: Ting-Lu\n|-crit|p1a: Ting-Lu\n|-damage|p1a: Ting-Lu|0 fnt\n|faint|p1a: Ting-Lu\n|\n|upkeep\n|inactive|GordonH40 has 270 seconds left.\n|\n|t:|1700004057\n|switch|p1a: Dragapult|Dragapult, M|100\/100\n|-activate|p1a: Dragapult|move: Sticky Web\n|-unboost|p1a: Dragapult|spe|1\n|turn|12\n|c|\u2606Turtleboys|dont think the crit mattered but ngl was scared regardless\n|\n|t:|1700004067\n|move|p1a: Dragapult|Shadow Ball|p2a: king toad\n|-damage|p2a: king toad|13\/100\n|-unboost|p2a: king toad|spd|1\n|move|p2a: king toad|Lava Plume|p1a: Dragapult\n|-resisted|p1a: Dragapult\n|-damage|p1a: Dragapult|72\/100\n|\n|upkeep\n|turn|13\n|\n|t:|1700004076\n|move|p2a: king toad|Protect|p2a: king toad\n|-singleturn|p2a: king toad|Protect\n|move|p1a: Dragapult|Shadow Ball|p2a: king toad\n|-activate|p2a: king toad|move: Protect\n|\n|upkeep\n|turn|14\n|\n|t:|1700004082\n|move|p1a: Dragapult|Shadow Ball|p2a: king toad\n|-damage|p2a: king toad|0 fnt\n|faint|p2a: king toad\n|\n|upkeep\n|\n|t:|1700004084\n|switch|p2a: web slinger|Ribombee, F|12\/100\n|turn|15\n|\n|t:|1700004090\n|switch|p1a: Corviknight|Corviknight, M|34\/100\n|-ability|p1a: Corviknight|Pressure\n|move|p2a: web slinger|Draining Kiss|p1a: Corviknight\n|-resisted|p1a: Corviknight\n|-damage|p1a: Corviknight|26\/100\n|-heal|p2a: web slinger|22\/100|[from] drain|[of] p1a: Corviknight\n|\n|-heal|p1a: Corviknight|32\/100|[from] item: Leftovers\n|upkeep\n|turn|16\n|\n|t:|1700004100\n|move|p2a: web slinger|U-turn|p1a: Corviknight\n|-resisted|p1a: Corviknight\n|-damage|p1a: Corviknight|30\/100\n|\n|t:|1700004103\n|switch|p2a: vaccinejab|Glimmora, F|100\/100|[from] U-turn\n|move|p1a: Corviknight|Roost|p1a: Corviknight\n|-heal|p1a: Corviknight|80\/100\n|-singleturn|p1a: Corviknight|move: Roost\n|\n|-heal|p1a: Corviknight|86\/100|[from] item: Leftovers\n|upkeep\n|turn|17\n|\n|t:|1700004111\n|move|p2a: vaccinejab|Power Gem|p1a: Corviknight\n|-damage|p1a: Corviknight|47\/100\n|move|p1a: Corviknight|Body Press|p2a: vaccinejab\n|-damage|p2a: vaccinejab|73\/100\n|-activate|p2a: vaccinejab|ability: Toxic Debris\n|-sidestart|p1: GordonH40|move: Toxic Spikes\n|\n|-heal|p1a: Corviknight|53\/100|[from] item: Leftovers\n|upkeep\n|turn|18\n|\n|t:|1700004120\n|move|p2a: vaccinejab|Power Gem|p1a: Corviknight\n|-damage|p1a: Corviknight|19\/100\n|move|p1a: Corviknight|Defog|p2a: vaccinejab\n|-unboost|p2a: vaccinejab|evasion|1\n|-sideend|p1: GordonH40|Toxic Spikes|[from] move: Defog|[of] p1a: Corviknight\n|-sideend|p1: GordonH40|Sticky Web|[from] move: Defog|[of] p1a: Corviknight\n|\n|-heal|p1a: Corviknight|25\/100|[from] item: Leftovers\n|upkeep\n|turn|19\n|\n|t:|1700004132\n|move|p2a: vaccinejab|Earth Power|p1a: Corviknight\n|-immune|p1a: Corviknight\n|move|p1a: Corviknight|Roost|p1a: Corviknight\n|-heal|p1a: Corviknight|75\/100\n|-singleturn|p1a: Corviknight|move: Roost\n|\n|-heal|p1a: Corviknight|81\/100|[from] item: Leftovers\n|upkeep\n|turn|20\n|c|\u2606Turtleboys|lowkey i did a dumb outright\n|inactive|GordonH40 has 270 seconds left.\n|\n|t:|1700004165\n|move|p2a: vaccinejab|Power Gem|p1a: Corviknight\n|-damage|p1a: Corviknight|44\/100\n|move|p1a: Corviknight|Body Press|p2a: vaccinejab\n|-damage|p2a: vaccinejab|43\/100\n|-activate|p2a: vaccinejab|ability: Toxic Debris\n|-sidestart|p1: GordonH40|move: Toxic Spikes\n|\n|-heal|p1a: Corviknight|50\/100|[from] item: Leftovers\n|upkeep\n|turn|21\n|inactive|GordonH40 has 270 seconds left.\n|\n|t:|1700004178\n|switch|p2a: sasincarnate|Quaquaval, M|100\/100\n|move|p1a: Corviknight|Roost|p1a: Corviknight\n|-heal|p1a: Corviknight|99\/100\n|-singleturn|p1a: Corviknight|move: Roost\n|\n|-heal|p1a: Corviknight|100\/100|[from] item: Leftovers\n|upkeep\n|turn|22\n|inactive|GordonH40 has 270 seconds left.\n|\n|t:|1700004193\n|move|p2a: sasincarnate|Knock Off|p1a: Corviknight\n|-damage|p1a: Corviknight|69\/100\n|-enditem|p1a: Corviknight|Leftovers|[from] move: Knock Off|[of] p2a: sasincarnate\n|-damage|p2a: sasincarnate|91\/100|[from] item: Life Orb\n|move|p1a: Corviknight|Iron Head|p2a: sasincarnate\n|-resisted|p2a: sasincarnate\n|-damage|p2a: sasincarnate|75\/100\n|\n|upkeep\n|turn|23\n|\n|t:|1700004200\n|move|p2a: sasincarnate|Aqua Step|p1a: Corviknight\n|-damage|p1a: Corviknight|35\/100\n|-boost|p2a: sasincarnate|spe|1\n|-damage|p2a: sasincarnate|65\/100|[from] item: Life Orb\n|move|p1a: Corviknight|Defog|p2a: sasincarnate\n|-unboost|p2a: sasincarnate|evasion|1\n|-sideend|p1: GordonH40|Toxic Spikes|[from] move: Defog|[of] p1a: Corviknight\n|\n|upkeep\n|turn|24\n|\n|t:|1700004208\n|move|p2a: sasincarnate|Aqua Step|p1a: Corviknight\n|-damage|p1a: Corviknight|1\/100\n|-boost|p2a: sasincarnate|spe|1\n|-damage|p2a: sasincarnate|55\/100|[from] item: Life Orb\n|move|p1a: Corviknight|Body Press|p2a: sasincarnate\n|-damage|p2a: sasincarnate|25\/100\n|\n|upkeep\n|turn|25\n|\n|t:|1700004218\n|move|p2a: sasincarnate|Aqua Step|p1a: Corviknight\n|-damage|p1a: Corviknight|0 fnt\n|-boost|p2a: sasincarnate|spe|1\n|faint|p1a: Corviknight\n|-ability|p2a: sasincarnate|Moxie|boost\n|-boost|p2a: sasincarnate|atk|1\n|-damage|p2a: sasincarnate|15\/100|[from] item: Life Orb\n|\n|upkeep\n|\n|t:|1700004227\n|switch|p1a: Ninetales|Ninetales-Alola, F|100\/100\n|-weather|Snow|[from] ability: Snow Warning|[of] p1a: Ninetales\n|turn|26\n|\n|t:|1700004233\n|move|p2a: sasincarnate|Aqua Step|p1a: Ninetales\n|-damage|p1a: Ninetales|32\/100\n|-boost|p2a: sasincarnate|spe|1\n|-damage|p2a: sasincarnate|5\/100|[from] item: Life Orb\n|move|p1a: Ninetales|Freeze-Dry|p2a: sasincarnate\n|-supereffective|p2a: sasincarnate\n|-damage|p2a: sasincarnate|0 fnt\n|faint|p2a: sasincarnate\n|\n|-weather|Snow|[upkeep]\n|upkeep\n|\n|t:|1700004238\n|switch|p2a: web slinger|Ribombee, F|22\/100\n|turn|27\n|\n|t:|1700004246\n|move|p2a: web slinger|Sticky Web|p1a: Ninetales\n|-sidestart|p1: GordonH40|move: Sticky Web\n|move|p1a: Ninetales|Freeze-Dry|p2a: web slinger\n|-damage|p2a: web slinger|0 fnt\n|faint|p2a: web slinger\n|\n|-weather|Snow|[upkeep]\n|upkeep\n|\n|t:|1700004255\n|switch|p2a: vaccinejab|Glimmora, F|43\/100\n|turn|28\n|\n|t:|1700004259\n|move|p1a: Ninetales|Aurora Veil|p1a: Ninetales\n|-sidestart|p1: GordonH40|move: Aurora Veil\n|move|p2a: vaccinejab|Power Gem|p1a: Ninetales\n|-supereffective|p1a: Ninetales\n|-damage|p1a: Ninetales|0 fnt\n|faint|p1a: Ninetales\n|\n|-weather|Snow|[upkeep]\n|upkeep\n|\n|t:|1700004268\n|switch|p1a: Ogerpon|Ogerpon-Wellspring, F|100\/100\n|-activate|p1a: Ogerpon|move: Sticky Web\n|-unboost|p1a: Ogerpon|spe|1\n|turn|29\n|\n|t:|1700004275\n|move|p2a: vaccinejab|Toxic|p1a: Ogerpon\n|-status|p1a: Ogerpon|tox\n|move|p1a: Ogerpon|Swords Dance|p1a: Ogerpon\n|-boost|p1a: Ogerpon|atk|2\n|\n|-weather|Snow|[upkeep]\n|-damage|p1a: Ogerpon|95\/100 tox|[from] psn\n|upkeep\n|turn|30\n|inactive|Turtleboys has 270 seconds left.\n|\n|t:|1700004313\n|move|p2a: vaccinejab|Power Gem|p1a: Ogerpon\n|-damage|p1a: Ogerpon|69\/100 tox\n|move|p1a: Ogerpon|Trailblaze|p2a: vaccinejab\n|-damage|p2a: vaccinejab|0 fnt\n|-boost|p1a: Ogerpon|spe|1\n|-activate|p2a: vaccinejab|ability: Toxic Debris\n|-sidestart|p1: GordonH40|move: Toxic Spikes\n|faint|p2a: vaccinejab\n|\n|-weather|none\n|-damage|p1a: Ogerpon|57\/100 tox|[from] psn\n|upkeep\n|\n|t:|1700004316\n|switch|p2a: Iron Bundle|Iron Bundle|100\/100\n|turn|31\n|inactive|Turtleboys has 270 seconds left.\n|inactive|GordonH40 has 270 seconds left.\n|\n|t:|1700004355\n|move|p1a: Ogerpon|Brick Break|p2a: Iron Bundle\n|-supereffective|p2a: Iron Bundle\n|-damage|p2a: Iron Bundle|0 fnt\n|faint|p2a: Iron Bundle\n|-end|p2a: Iron Bundle|Quark Drive|[silent]\n|\n|win|GordonH40\n|c|\u2606GordonH40|gg\n|c|\u2606Turtleboys|gg\n","uploadtime":1700004366,"views":18,"p1id":"gordonh40","p2id":"turtleboys","formatid":"gen9ubers","rating":0,"private":0,"password":""}