{"id":"gen9ubers-1999054223","p1":"Mumchie","p2":"Sky Master11","format":"[Gen 9] Ubers","log":"|j|\u2606Mumchie\n|j|\u2606Sky Master11\n|t:|1701028232\n|gametype|singles\n|player|p1|Mumchie|barry|1162\n|player|p2|Sky Master11|cynthia-gen4|1262\n|teamsize|p1|6\n|teamsize|p2|6\n|gen|9\n|tier|[Gen 9] Ubers\n|rated|\n|rule|Sleep Clause Mod: Limit one foe put to sleep\n|rule|Species Clause: Limit one of each Pok\u00e9mon\n|rule|OHKO Clause: OHKO moves are banned\n|rule|Evasion Items Clause: Evasion items are banned\n|rule|Evasion Moves Clause: Evasion moves are banned\n|rule|Endless Battle Clause: Forcing endless battles is banned\n|rule|HP Percentage Mod: HP is shown in percentages\n|clearpoke\n|poke|p1|Shaymin-Sky|\n|poke|p1|Gliscor, M|\n|poke|p1|Ceruledge, F|\n|poke|p1|Mimikyu, M|\n|poke|p1|Urshifu-*, F|\n|poke|p1|Tatsugiri, M|\n|poke|p2|Eternatus|\n|poke|p2|Zacian-*|\n|poke|p2|Kyogre|\n|poke|p2|Palafin, F|\n|poke|p2|Regieleki|\n|poke|p2|Miraidon|\n|teampreview\n|\n|t:|1701028260\n|start\n|switch|p1a: Gliscor|Gliscor, M|100\/100\n|switch|p2a: Kyogre|Kyogre|100\/100\n|-weather|RainDance|[from] ability: Drizzle|[of] p2a: Kyogre\n|turn|1\n|\n|t:|1701028276\n|-terastallize|p1a: Gliscor|Water\n|move|p1a: Gliscor|Protect|p1a: Gliscor\n|-singleturn|p1a: Gliscor|Protect\n|move|p2a: Kyogre|Water Spout|p1a: Gliscor\n|-activate|p1a: Gliscor|move: Protect\n|\n|-weather|RainDance|[upkeep]\n|-status|p1a: Gliscor|tox|[from] item: Toxic Orb\n|upkeep\n|turn|2\n|\n|t:|1701028291\n|switch|p2a: Miraidon|Miraidon|100\/100\n|-fieldstart|move: Electric Terrain|[from] ability: Hadron Engine|[of] p2a: Miraidon\n|move|p1a: Gliscor|Toxic|p2a: Miraidon\n|-status|p2a: Miraidon|tox\n|\n|-weather|RainDance|[upkeep]\n|-damage|p2a: Miraidon|94\/100 tox|[from] psn\n|upkeep\n|turn|3\n|\n|t:|1701028300\n|switch|p1a: Mimikyu|Mimikyu, M|100\/100\n|move|p2a: Miraidon|Electro Drift|p1a: Mimikyu\n|-activate|p1a: Mimikyu|ability: Disguise\n|-damage|p1a: Mimikyu|100\/100\n|detailschange|p1a: Mimikyu|Mimikyu-Busted, M\n|-damage|p1a: Mimikyu|88\/100|[from] pokemon: Mimikyu-Busted\n|-enditem|p1a: Mimikyu|Red Card|[of] p2a: Miraidon\n|drag|p2a: Regieleki|Regieleki|100\/100\n|\n|-weather|RainDance|[upkeep]\n|upkeep\n|turn|4\n|\n|t:|1701028317\n|switch|p2a: Palafin|Palafin, F|100\/100\n|move|p1a: Mimikyu|Play Rough|p2a: Palafin\n|-damage|p2a: Palafin|50\/100\n|\n|-weather|RainDance|[upkeep]\n|upkeep\n|turn|5\n|\n|t:|1701028325\n|detailschange|p2a: Palafin|Palafin-Hero, F\n|switch|p2a: Eternatus|Eternatus|100\/100\n|-ability|p2a: Eternatus|Pressure\n|move|p1a: Mimikyu|Play Rough|p2a: Eternatus\n|-damage|p2a: Eternatus|70\/100\n|\n|-weather|none\n|upkeep\n|turn|6\n|\n|t:|1701028333\n|move|p2a: Eternatus|Toxic|p1a: Mimikyu\n|-status|p1a: Mimikyu|tox\n|move|p1a: Mimikyu|Bulk Up|p1a: Mimikyu\n|-boost|p1a: Mimikyu|atk|1\n|-boost|p1a: Mimikyu|def|1\n|\n|-damage|p1a: Mimikyu|82\/100 tox|[from] psn\n|-fieldend|move: Electric Terrain\n|upkeep\n|turn|7\n|\n|t:|1701028342\n|move|p2a: Eternatus|Flamethrower|p1a: Mimikyu\n|-damage|p1a: Mimikyu|46\/100 tox\n|move|p1a: Mimikyu|Play Rough|p2a: Eternatus\n|-damage|p2a: Eternatus|29\/100\n|\n|-damage|p1a: Mimikyu|34\/100 tox|[from] psn\n|upkeep\n|turn|8\n|\n|t:|1701028349\n|move|p2a: Eternatus|Recover|p2a: Eternatus\n|-heal|p2a: Eternatus|79\/100\n|move|p1a: Mimikyu|Shadow Claw|p2a: Eternatus\n|-crit|p2a: Eternatus\n|-damage|p2a: Eternatus|29\/100\n|\n|-damage|p1a: Mimikyu|16\/100 tox|[from] psn\n|upkeep\n|turn|9\n|\n|t:|1701028355\n|move|p2a: Eternatus|Recover|p2a: Eternatus\n|-heal|p2a: Eternatus|79\/100\n|move|p1a: Mimikyu|Drain Punch|p2a: Eternatus\n|-resisted|p2a: Eternatus\n|-damage|p2a: Eternatus|67\/100\n|-heal|p1a: Mimikyu|26\/100 tox|[from] drain|[of] p2a: Eternatus\n|\n|-damage|p1a: Mimikyu|2\/100 tox|[from] psn\n|upkeep\n|turn|10\n|\n|t:|1701028364\n|move|p2a: Eternatus|Recover|p2a: Eternatus\n|-heal|p2a: Eternatus|100\/100\n|move|p1a: Mimikyu|Shadow Claw|p2a: Eternatus\n|-damage|p2a: Eternatus|66\/100\n|\n|-damage|p1a: Mimikyu|0 fnt|[from] psn\n|faint|p1a: Mimikyu\n|upkeep\n|\n|t:|1701028385\n|switch|p1a: Shaymin|Shaymin-Sky|100\/100\n|turn|11\n|\n|t:|1701028388\n|move|p1a: Shaymin|Air Slash|p2a: Eternatus\n|-damage|p2a: Eternatus|40\/100\n|cant|p2a: Eternatus|flinch\n|\n|upkeep\n|turn|12\n|\n|t:|1701028393\n|move|p1a: Shaymin|Air Slash|p2a: Eternatus\n|-damage|p2a: Eternatus|16\/100\n|move|p2a: Eternatus|Recover|p2a: Eternatus\n|-heal|p2a: Eternatus|66\/100\n|\n|upkeep\n|turn|13\n|\n|t:|1701028407\n|move|p1a: Shaymin|Air Slash|p2a: Eternatus\n|-damage|p2a: Eternatus|42\/100\n|cant|p2a: Eternatus|flinch\n|\n|upkeep\n|turn|14\n|\n|t:|1701028413\n|move|p1a: Shaymin|Leech Seed|p2a: Eternatus\n|-start|p2a: Eternatus|move: Leech Seed\n|move|p2a: Eternatus|Recover|p2a: Eternatus\n|-heal|p2a: Eternatus|92\/100\n|\n|-damage|p2a: Eternatus|79\/100|[from] Leech Seed|[of] p1a: Shaymin\n|upkeep\n|turn|15\n|\n|t:|1701028421\n|move|p1a: Shaymin|Earth Power|p2a: Eternatus\n|-supereffective|p2a: Eternatus\n|-damage|p2a: Eternatus|41\/100\n|move|p2a: Eternatus|Flamethrower|p1a: Shaymin\n|-supereffective|p1a: Shaymin\n|-crit|p1a: Shaymin\n|-damage|p1a: Shaymin|0 fnt\n|faint|p1a: Shaymin\n|\n|upkeep\n|inactive|Battle timer is ON: inactive players will automatically lose when time's up. (requested by Sky Master11)\n|\n|t:|1701028484\n|switch|p1a: Gliscor|Gliscor, M, tera:Water|100\/100 tox\n|turn|16\n|inactive|Sky Master11 has 120 seconds left.\n|\n|t:|1701028525\n|move|p2a: Eternatus|Dynamax Cannon|p1a: Gliscor\n|-damage|p1a: Gliscor|61\/100 tox\n|move|p1a: Gliscor|Spikes|p2a: Eternatus\n|-sidestart|p2: Sky Master11|Spikes\n|\n|-damage|p2a: Eternatus|29\/100|[from] Leech Seed|[of] p1a: Gliscor\n|-heal|p1a: Gliscor|76\/100 tox|[silent]\n|-heal|p1a: Gliscor|89\/100 tox|[from] ability: Poison Heal\n|upkeep\n|turn|17\n|\n|t:|1701028532\n|move|p2a: Eternatus|Recover|p2a: Eternatus\n|-heal|p2a: Eternatus|79\/100\n|move|p1a: Gliscor|Spikes|p2a: Eternatus\n|-sidestart|p2: Sky Master11|Spikes\n|\n|-damage|p2a: Eternatus|66\/100|[from] Leech Seed|[of] p1a: Gliscor\n|-heal|p1a: Gliscor|100\/100 tox|[silent]\n|upkeep\n|turn|18\n|\n|t:|1701028537\n|move|p2a: Eternatus|Dynamax Cannon|p1a: Gliscor\n|-crit|p1a: Gliscor\n|-damage|p1a: Gliscor|45\/100 tox\n|move|p1a: Gliscor|Spikes|p2a: Eternatus\n|-sidestart|p2: Sky Master11|Spikes\n|\n|-damage|p2a: Eternatus|54\/100|[from] Leech Seed|[of] p1a: Gliscor\n|-heal|p1a: Gliscor|61\/100 tox|[silent]\n|-heal|p1a: Gliscor|73\/100 tox|[from] ability: Poison Heal\n|upkeep\n|turn|19\n|\n|t:|1701028548\n|move|p1a: Gliscor|Protect|p1a: Gliscor\n|-singleturn|p1a: Gliscor|Protect\n|move|p2a: Eternatus|Dynamax Cannon|p1a: Gliscor\n|-activate|p1a: Gliscor|move: Protect\n|\n|-damage|p2a: Eternatus|41\/100|[from] Leech Seed|[of] p1a: Gliscor\n|-heal|p1a: Gliscor|89\/100 tox|[silent]\n|-heal|p1a: Gliscor|100\/100 tox|[from] ability: Poison Heal\n|upkeep\n|turn|20\n|\n|t:|1701028556\n|move|p2a: Eternatus|Dynamax Cannon|p1a: Gliscor\n|-damage|p1a: Gliscor|63\/100 tox\n|move|p1a: Gliscor|Earthquake|p2a: Eternatus\n|-supereffective|p2a: Eternatus\n|-damage|p2a: Eternatus|0 fnt\n|faint|p2a: Eternatus\n|\n|-heal|p1a: Gliscor|76\/100 tox|[from] ability: Poison Heal\n|upkeep\n|\n|t:|1701028561\n|switch|p2a: Regieleki|Regieleki|100\/100\n|-damage|p2a: Regieleki|75\/100|[from] Spikes\n|turn|21\n|\n|t:|1701028570\n|move|p1a: Gliscor|Protect|p1a: Gliscor\n|-singleturn|p1a: Gliscor|Protect\n|move|p2a: Regieleki|Rapid Spin|p1a: Gliscor\n|-activate|p1a: Gliscor|move: Protect\n|\n|-heal|p1a: Gliscor|88\/100 tox|[from] ability: Poison Heal\n|upkeep\n|turn|22\n|\n|t:|1701028578\n|move|p2a: Regieleki|Rapid Spin|p1a: Gliscor\n|-damage|p1a: Gliscor|79\/100 tox\n|-boost|p2a: Regieleki|spe|1\n|-sideend|p2: Sky Master11|Spikes|[from] move: Rapid Spin|[of] p2a: Regieleki\n|move|p1a: Gliscor|Toxic|p2a: Regieleki\n|-status|p2a: Regieleki|tox\n|\n|-damage|p2a: Regieleki|69\/100 tox|[from] psn\n|-heal|p1a: Gliscor|91\/100 tox|[from] ability: Poison Heal\n|upkeep\n|turn|23\n|\n|t:|1701028586\n|move|p1a: Gliscor|Protect|p1a: Gliscor\n|-singleturn|p1a: Gliscor|Protect\n|move|p2a: Regieleki|Light Screen|p2a: Regieleki\n|-sidestart|p2: Sky Master11|move: Light Screen\n|\n|-damage|p2a: Regieleki|57\/100 tox|[from] psn\n|-heal|p1a: Gliscor|100\/100 tox|[from] ability: Poison Heal\n|upkeep\n|turn|24\n|\n|t:|1701028591\n|move|p2a: Regieleki|Reflect|p2a: Regieleki\n|-sidestart|p2: Sky Master11|Reflect\n|move|p1a: Gliscor|Earthquake|p2a: Regieleki\n|-supereffective|p2a: Regieleki\n|-damage|p2a: Regieleki|6\/100 tox\n|\n|-damage|p2a: Regieleki|0 fnt|[from] psn\n|faint|p2a: Regieleki\n|upkeep\n|\n|t:|1701028599\n|switch|p2a: Kyogre|Kyogre|100\/100\n|-weather|RainDance|[from] ability: Drizzle|[of] p2a: Kyogre\n|turn|25\n|\n|t:|1701028605\n|move|p2a: Kyogre|Thunder|p1a: Gliscor\n|-supereffective|p1a: Gliscor\n|-damage|p1a: Gliscor|24\/100 tox\n|move|p1a: Gliscor|Toxic|p2a: Kyogre\n|-status|p2a: Kyogre|tox\n|\n|-weather|RainDance|[upkeep]\n|-damage|p2a: Kyogre|94\/100 tox|[from] psn\n|-heal|p1a: Gliscor|37\/100 tox|[from] ability: Poison Heal\n|upkeep\n|turn|26\n|\n|t:|1701028610\n|move|p1a: Gliscor|Protect|p1a: Gliscor\n|-singleturn|p1a: Gliscor|Protect\n|move|p2a: Kyogre|Thunder|p1a: Gliscor\n|-activate|p1a: Gliscor|move: Protect\n|\n|-weather|RainDance|[upkeep]\n|-damage|p2a: Kyogre|82\/100 tox|[from] psn\n|-heal|p1a: Gliscor|49\/100 tox|[from] ability: Poison Heal\n|upkeep\n|turn|27\n|\n|t:|1701028619\n|switch|p1a: Tatsugiri|Tatsugiri, M|100\/100\n|move|p2a: Kyogre|Thunder|p1a: Tatsugiri\n|-damage|p1a: Tatsugiri|44\/100\n|-status|p1a: Tatsugiri|par\n|\n|-weather|RainDance|[upkeep]\n|-damage|p2a: Kyogre|64\/100 tox|[from] psn\n|upkeep\n|turn|28\n|\n|t:|1701028625\n|move|p2a: Kyogre|Thunder|p1a: Tatsugiri\n|-damage|p1a: Tatsugiri|0 fnt\n|faint|p1a: Tatsugiri\n|\n|-weather|RainDance|[upkeep]\n|-damage|p2a: Kyogre|39\/100 tox|[from] psn\n|upkeep\n|\n|t:|1701028653\n|switch|p1a: Urshifu|Urshifu, F|100\/100\n|turn|29\n|\n|t:|1701028665\n|switch|p2a: Miraidon|Miraidon|94\/100 tox\n|-fieldstart|move: Electric Terrain|[from] ability: Hadron Engine|[of] p2a: Miraidon\n|move|p1a: Urshifu|Thunder Punch|p2a: Miraidon\n|-resisted|p2a: Miraidon\n|-damage|p2a: Miraidon|90\/100 tox\n|\n|-weather|none\n|-damage|p2a: Miraidon|84\/100 tox|[from] psn\n|upkeep\n|turn|30\n|\n|t:|1701028673\n|move|p2a: Miraidon|Draco Meteor|p1a: Urshifu\n|-damage|p1a: Urshifu|0 fnt\n|-unboost|p2a: Miraidon|spa|2\n|faint|p1a: Urshifu\n|\n|-damage|p2a: Miraidon|71\/100 tox|[from] psn\n|-sideend|p2: Sky Master11|move: Light Screen\n|upkeep\n|\n|t:|1701028678\n|switch|p1a: Gliscor|Gliscor, M, tera:Water|49\/100 tox\n|turn|31\n|\n|t:|1701028682\n|move|p1a: Gliscor|Protect|p1a: Gliscor\n|-singleturn|p1a: Gliscor|Protect\n|move|p2a: Miraidon|Draco Meteor|p1a: Gliscor\n|-activate|p1a: Gliscor|move: Protect\n|\n|-damage|p2a: Miraidon|53\/100 tox|[from] psn\n|-heal|p1a: Gliscor|62\/100 tox|[from] ability: Poison Heal\n|-sideend|p2: Sky Master11|Reflect\n|upkeep\n|turn|32\n|\n|t:|1701028691\n|move|p2a: Miraidon|Draco Meteor|p1a: Gliscor\n|-damage|p1a: Gliscor|21\/100 tox\n|-unboost|p2a: Miraidon|spa|2\n|move|p1a: Gliscor|Spikes|p2a: Miraidon\n|-sidestart|p2: Sky Master11|Spikes\n|\n|-damage|p2a: Miraidon|28\/100 tox|[from] psn\n|-heal|p1a: Gliscor|34\/100 tox|[from] ability: Poison Heal\n|upkeep\n|turn|33\n|\n|t:|1701028696\n|switch|p2a: Palafin|Palafin-Hero, F|50\/100\n|-damage|p2a: Palafin|38\/100|[from] Spikes\n|-activate|p2a: Palafin|ability: Zero to Hero\n|move|p1a: Gliscor|Protect||[still]\n|-fail|p1a: Gliscor\n|\n|-heal|p1a: Gliscor|46\/100 tox|[from] ability: Poison Heal\n|-fieldend|move: Electric Terrain\n|upkeep\n|turn|34\n|\n|t:|1701028715\n|move|p1a: Gliscor|Protect|p1a: Gliscor\n|-singleturn|p1a: Gliscor|Protect\n|move|p2a: Palafin|Close Combat|p1a: Gliscor\n|-activate|p1a: Gliscor|move: Protect\n|\n|-heal|p1a: Gliscor|59\/100 tox|[from] ability: Poison Heal\n|upkeep\n|turn|35\n|\n|t:|1701028722\n|switch|p2a: Kyogre|Kyogre|39\/100 tox\n|-damage|p2a: Kyogre|27\/100 tox|[from] Spikes\n|-weather|RainDance|[from] ability: Drizzle|[of] p2a: Kyogre\n|switch|p1a: Ceruledge|Ceruledge, F|100\/100\n|\n|-weather|RainDance|[upkeep]\n|-damage|p2a: Kyogre|20\/100 tox|[from] psn\n|upkeep\n|turn|36\n|\n|t:|1701028736\n|switch|p1a: Gliscor|Gliscor, M, tera:Water|59\/100 tox\n|move|p2a: Kyogre|Origin Pulse|p1a: Gliscor|[miss]\n|-miss|p2a: Kyogre|p1a: Gliscor\n|\n|-weather|RainDance|[upkeep]\n|-damage|p2a: Kyogre|8\/100 tox|[from] psn\n|-heal|p1a: Gliscor|71\/100 tox|[from] ability: Poison Heal\n|upkeep\n|turn|37\n|\n|t:|1701028743\n|move|p1a: Gliscor|Protect|p1a: Gliscor\n|-singleturn|p1a: Gliscor|Protect\n|move|p2a: Kyogre|Origin Pulse|p1a: Gliscor\n|-activate|p1a: Gliscor|move: Protect\n|\n|-weather|RainDance|[upkeep]\n|-damage|p2a: Kyogre|0 fnt|[from] psn\n|faint|p2a: Kyogre\n|-heal|p1a: Gliscor|84\/100 tox|[from] ability: Poison Heal\n|upkeep\n|\n|t:|1701028752\n|switch|p2a: Miraidon|Miraidon|28\/100 tox\n|-damage|p2a: Miraidon|16\/100 tox|[from] Spikes\n|-fieldstart|move: Electric Terrain|[from] ability: Hadron Engine|[of] p2a: Miraidon\n|turn|38\n|\n|t:|1701028757\n|move|p1a: Gliscor|Protect||[still]\n|-fail|p1a: Gliscor\n|move|p2a: Miraidon|Electro Drift|p1a: Gliscor\n|-supereffective|p1a: Gliscor\n|-damage|p1a: Gliscor|0 fnt\n|faint|p1a: Gliscor\n|\n|-weather|RainDance|[upkeep]\n|-damage|p2a: Miraidon|10\/100 tox|[from] psn\n|upkeep\n|\n|t:|1701028759\n|switch|p1a: Ceruledge|Ceruledge, F|100\/100\n|turn|39\n|\n|t:|1701028762\n|move|p2a: Miraidon|Electro Drift|p1a: Ceruledge\n|-damage|p1a: Ceruledge|0 fnt\n|faint|p1a: Ceruledge\n|\n|win|Sky Master11\n|raw|Mumchie's rating: 1162 &rarr; <strong>1144<\/strong><br \/>(-18 for losing)\n|raw|Sky Master11's rating: 1262 &rarr; <strong>1280<\/strong><br \/>(+18 for winning)\n|l|\u2606Mumchie\n","uploadtime":1701028773,"views":2,"p1id":"mumchie","p2id":"skymaster11","formatid":"gen9ubers","rating":1144,"private":0,"password":""}