{"id":"gen9ubers-1979128275","p1":"godiamsosorry","p2":"Pickedman","format":"[Gen 9] Ubers","log":"|j|\u2606godiamsosorry\n|j|\u2606Pickedman\n|t:|1698636039\n|gametype|singles\n|player|p1|godiamsosorry|scientistf|\n|player|p2|Pickedman|zinnia|\n|teamsize|p1|6\n|teamsize|p2|6\n|gen|9\n|tier|[Gen 9] Ubers\n|rule|Sleep Clause Mod: Limit one foe put to sleep\n|rule|Species Clause: Limit one of each Pok\u00e9mon\n|rule|OHKO Clause: OHKO moves are banned\n|rule|Evasion Items Clause: Evasion items are banned\n|rule|Evasion Moves Clause: Evasion moves are banned\n|rule|Endless Battle Clause: Forcing endless battles is banned\n|rule|HP Percentage Mod: HP is shown in percentages\n|clearpoke\n|poke|p1|Slowking-Galar, M|\n|poke|p1|Decidueye, F|\n|poke|p1|Medicham, F|\n|poke|p1|Landorus-Therian, M|\n|poke|p1|Zapdos|\n|poke|p1|Samurott-Hisui, F|\n|poke|p2|Koraidon|\n|poke|p2|Toxapex, F|\n|poke|p2|Slowking, F|\n|poke|p2|Palafin, M|\n|poke|p2|Toedscruel, F|\n|poke|p2|Medicham, F|\n|teampreview\n|\n|t:|1698636058\n|start\n|switch|p1a: Zapdos|Zapdos|100\/100\n|switch|p2a: Koraidon|Koraidon|100\/100\n|-weather|SunnyDay|[from] ability: Orichalcum Pulse|[of] p2a: Koraidon\n|-activate|p2a: Koraidon|Orichalcum Pulse|[source]\n|turn|1\n|\n|t:|1698636112\n|move|p2a: Koraidon|Draco Meteor|p1a: Zapdos\n|-damage|p1a: Zapdos|32\/100\n|-unboost|p2a: Koraidon|spa|2\n|move|p1a: Zapdos|Brave Bird|p2a: Koraidon\n|-supereffective|p2a: Koraidon\n|-damage|p2a: Koraidon|12\/100\n|-damage|p1a: Zapdos|6\/100|[from] Recoil\n|\n|-weather|SunnyDay|[upkeep]\n|upkeep\n|turn|2\n|\n|t:|1698636125\n|switch|p2a: Toxapex|Toxapex, F|100\/100\n|move|p1a: Zapdos|Roost|p1a: Zapdos\n|-heal|p1a: Zapdos|56\/100\n|-singleturn|p1a: Zapdos|move: Roost\n|\n|-weather|SunnyDay|[upkeep]\n|upkeep\n|turn|3\n|\n|t:|1698636131\n|move|p1a: Zapdos|U-turn|p2a: Toxapex\n|-resisted|p2a: Toxapex\n|-damage|p2a: Toxapex|92\/100\n|\n|t:|1698636133\n|switch|p1a: Slowking|Slowking-Galar, M|100\/100|[from] U-turn\n|move|p2a: Toxapex|Ice Beam|p1a: Slowking\n|-damage|p1a: Slowking|86\/100\n|\n|-weather|SunnyDay|[upkeep]\n|upkeep\n|turn|4\n|\n|t:|1698636138\n|move|p2a: Toxapex|Infestation|p1a: Slowking\n|-crit|p1a: Slowking\n|-damage|p1a: Slowking|80\/100\n|-activate|p1a: Slowking|move: Infestation|[of] p2a: Toxapex\n|move|p1a: Slowking|Chilly Reception|p1a: Slowking\n|-weather|Snow\n|\n|t:|1698636143\n|switch|p1a: Landorus|Landorus-Therian, M|100\/100|[from] Chilly Reception\n|-ability|p1a: Landorus|Intimidate|boost\n|-unboost|p2a: Toxapex|atk|1\n|\n|-weather|Snow|[upkeep]\n|upkeep\n|turn|5\n|\n|t:|1698636163\n|move|p1a: Landorus|Taunt|p2a: Toxapex\n|-start|p2a: Toxapex|move: Taunt\n|move|p2a: Toxapex|Ice Beam|p1a: Landorus\n|-supereffective|p1a: Landorus\n|-damage|p1a: Landorus|8\/100\n|\n|-weather|Snow|[upkeep]\n|-heal|p1a: Landorus|14\/100|[from] item: Leftovers\n|upkeep\n|turn|6\n|\n|t:|1698636169\n|move|p1a: Landorus|Earth Power|p2a: Toxapex\n|-supereffective|p2a: Toxapex\n|-damage|p2a: Toxapex|45\/100\n|move|p2a: Toxapex|Ice Beam|p1a: Landorus\n|-supereffective|p1a: Landorus\n|-damage|p1a: Landorus|0 fnt\n|faint|p1a: Landorus\n|\n|-weather|Snow|[upkeep]\n|upkeep\n|\n|t:|1698636174\n|switch|p1a: Samurott|Samurott-Hisui, F|100\/100\n|turn|7\n|\n|t:|1698636188\n|switch|p2a: Toedscruel|Toedscruel, F|100\/100\n|move|p1a: Samurott|Dark Pulse|p2a: Toedscruel\n|-damage|p2a: Toedscruel|70\/100\n|\n|-weather|Snow|[upkeep]\n|upkeep\n|turn|8\n|\n|t:|1698636202\n|switch|p1a: Medicham|Medicham, F|100\/100\n|move|p2a: Toedscruel|Spore|p1a: Medicham\n|-status|p1a: Medicham|slp|[from] move: Spore\n|\n|-weather|none\n|upkeep\n|turn|9\n|\n|t:|1698636212\n|switch|p1a: Zapdos|Zapdos|56\/100\n|move|p2a: Toedscruel|Knock Off|p1a: Zapdos\n|-damage|p1a: Zapdos|40\/100\n|-enditem|p1a: Zapdos|Heavy-Duty Boots|[from] move: Knock Off|[of] p2a: Toedscruel\n|\n|upkeep\n|turn|10\n|\n|t:|1698636223\n|move|p1a: Zapdos|Roost|p1a: Zapdos\n|-heal|p1a: Zapdos|90\/100\n|-singleturn|p1a: Zapdos|move: Roost\n|move|p2a: Toedscruel|Spikes|p1a: Zapdos\n|-sidestart|p1: godiamsosorry|Spikes\n|\n|upkeep\n|turn|11\n|\n|t:|1698636226\n|switch|p2a: Slowking|Slowking, F|100\/100\n|move|p1a: Zapdos|Brave Bird|p2a: Slowking\n|-damage|p2a: Slowking|42\/100\n|-damage|p1a: Zapdos|70\/100|[from] Recoil\n|\n|upkeep\n|turn|12\n|\n|t:|1698636233\n|switch|p2a: Toxapex|Toxapex, F|78\/100\n|move|p1a: Zapdos|Brave Bird|p2a: Toxapex\n|-damage|p2a: Toxapex|38\/100\n|-damage|p1a: Zapdos|60\/100|[from] Recoil\n|\n|upkeep\n|turn|13\n|\n|t:|1698636243\n|switch|p2a: Slowking|Slowking, F|75\/100\n|move|p1a: Zapdos|Wild Charge|p2a: Slowking\n|-supereffective|p2a: Slowking\n|-damage|p2a: Slowking|0 fnt\n|faint|p2a: Slowking\n|-damage|p1a: Zapdos|40\/100|[from] Recoil\n|\n|upkeep\n|\n|t:|1698636247\n|switch|p2a: Palafin|Palafin, M|100\/100\n|turn|14\n|\n|t:|1698636251\n|detailschange|p2a: Palafin|Palafin-Hero, M\n|switch|p2a: Toedscruel|Toedscruel, F|70\/100\n|move|p1a: Zapdos|Wild Charge|p2a: Toedscruel\n|-immune|p2a: Toedscruel\n|\n|upkeep\n|turn|15\n|\n|t:|1698636258\n|switch|p2a: Palafin|Palafin-Hero, M|100\/100\n|-activate|p2a: Palafin|ability: Zero to Hero\n|move|p1a: Zapdos|Roost|p1a: Zapdos\n|-heal|p1a: Zapdos|90\/100\n|-singleturn|p1a: Zapdos|move: Roost\n|\n|upkeep\n|turn|16\n|\n|t:|1698636263\n|-terastallize|p2a: Palafin|Normal\n|move|p2a: Palafin|Boomburst|p1a: Zapdos\n|-damage|p1a: Zapdos|34\/100\n|-enditem|p2a: Palafin|Throat Spray\n|-boost|p2a: Palafin|spa|1|[from] item: Throat Spray\n|move|p1a: Zapdos|Wild Charge|p2a: Palafin\n|-damage|p2a: Palafin|57\/100\n|-damage|p1a: Zapdos|25\/100|[from] Recoil\n|\n|upkeep\n|turn|17\n|\n|t:|1698636272\n|switch|p1a: Decidueye|Decidueye, F|100\/100\n|move|p2a: Palafin|Ice Beam|p1a: Decidueye\n|-supereffective|p1a: Decidueye\n|-damage|p1a: Decidueye|49\/100\n|\n|upkeep\n|turn|18\n|\n|t:|1698636277\n|-terastallize|p1a: Decidueye|Water\n|move|p2a: Palafin|Ice Beam|p1a: Decidueye\n|-resisted|p1a: Decidueye\n|-damage|p1a: Decidueye|35\/100\n|move|p1a: Decidueye|Giga Drain|p2a: Palafin\n|-damage|p2a: Palafin|30\/100\n|-heal|p1a: Decidueye|48\/100|[from] drain|[of] p2a: Palafin\n|\n|upkeep\n|turn|19\n|\n|t:|1698636283\n|move|p2a: Palafin|Boomburst|p1a: Decidueye\n|-damage|p1a: Decidueye|0 fnt\n|faint|p1a: Decidueye\n|\n|upkeep\n|\n|t:|1698636285\n|switch|p1a: Samurott|Samurott-Hisui, F|100\/100\n|-damage|p1a: Samurott|88\/100|[from] Spikes\n|turn|20\n|\n|t:|1698636290\n|move|p2a: Palafin|Draining Kiss|p1a: Samurott\n|-supereffective|p1a: Samurott\n|-damage|p1a: Samurott|15\/100\n|-heal|p2a: Palafin|82\/100|[from] drain|[of] p1a: Samurott\n|move|p1a: Samurott|Dark Pulse|p2a: Palafin\n|-damage|p2a: Palafin|24\/100\n|\n|upkeep\n|turn|21\n|\n|t:|1698636296\n|move|p2a: Palafin|Draining Kiss|p1a: Samurott\n|-supereffective|p1a: Samurott\n|-damage|p1a: Samurott|0 fnt\n|-heal|p2a: Palafin|35\/100|[from] drain|[of] p1a: Samurott\n|faint|p1a: Samurott\n|\n|upkeep\n|\n|t:|1698636303\n|switch|p1a: Medicham|Medicham, F|100\/100 slp\n|-damage|p1a: Medicham|88\/100 slp|[from] Spikes\n|turn|22\n|\n|t:|1698636308\n|cant|p1a: Medicham|slp\n|move|p2a: Palafin|Draining Kiss|p1a: Medicham\n|-supereffective|p1a: Medicham\n|-damage|p1a: Medicham|19\/100 slp\n|-heal|p2a: Palafin|75\/100|[from] drain|[of] p1a: Medicham\n|\n|upkeep\n|turn|23\n|\n|t:|1698636315\n|-curestatus|p1a: Medicham|slp|[msg]\n|move|p1a: Medicham|Close Combat|p2a: Palafin\n|-supereffective|p2a: Palafin\n|-damage|p2a: Palafin|0 fnt\n|-unboost|p1a: Medicham|def|1\n|-unboost|p1a: Medicham|spd|1\n|faint|p2a: Palafin\n|\n|upkeep\n|\n|t:|1698636326\n|switch|p2a: Medicham|Medicham, F|100\/100\n|turn|24\n|\n|t:|1698636329\n|move|p2a: Medicham|Bullet Punch|p1a: Medicham\n|-damage|p1a: Medicham|0 fnt\n|faint|p1a: Medicham\n|\n|upkeep\n|\n|t:|1698636331\n|switch|p1a: Zapdos|Zapdos|25\/100\n|turn|25\n|\n|t:|1698636333\n|switch|p2a: Koraidon|Koraidon|12\/100\n|-weather|SunnyDay|[from] ability: Orichalcum Pulse|[of] p2a: Koraidon\n|-activate|p2a: Koraidon|Orichalcum Pulse|[source]\n|move|p1a: Zapdos|Roost|p1a: Zapdos\n|-heal|p1a: Zapdos|75\/100\n|-singleturn|p1a: Zapdos|move: Roost\n|\n|-weather|SunnyDay|[upkeep]\n|upkeep\n|turn|26\n|\n|t:|1698636338\n|move|p2a: Koraidon|Draco Meteor|p1a: Zapdos\n|-damage|p1a: Zapdos|0 fnt\n|-unboost|p2a: Koraidon|spa|2\n|faint|p1a: Zapdos\n|\n|-weather|SunnyDay|[upkeep]\n|upkeep\n|\n|t:|1698636341\n|switch|p1a: Slowking|Slowking-Galar, M|100\/100\n|turn|27\n|c|\u2606godiamsosorry|Gg...\n|\n|t:|1698636345\n|move|p2a: Koraidon|Draco Meteor|p1a: Slowking\n|-damage|p1a: Slowking|69\/100\n|-unboost|p2a: Koraidon|spa|2\n|move|p1a: Slowking|Foul Play|p2a: Koraidon\n|-resisted|p2a: Koraidon\n|-damage|p2a: Koraidon|0 fnt\n|faint|p2a: Koraidon\n|\n|-weather|SunnyDay|[upkeep]\n|upkeep\n|c|\u2606Pickedman|gg\n|\n|t:|1698636354\n|switch|p2a: Toedscruel|Toedscruel, F|70\/100\n|turn|28\n|c|\u2606godiamsosorry|Actually do I even lose this...\n|\n|t:|1698636358\n|move|p1a: Slowking|Toxic|p2a: Toedscruel\n|-status|p2a: Toedscruel|tox\n|move|p2a: Toedscruel|Spore|p1a: Slowking\n|-status|p1a: Slowking|slp|[from] move: Spore\n|\n|-weather|SunnyDay|[upkeep]\n|-damage|p2a: Toedscruel|64\/100 tox|[from] psn\n|upkeep\n|turn|29\n|c|\u2606godiamsosorry|(I do)\n|\n|t:|1698636363\n|move|p2a: Toedscruel|Knock Off|p1a: Slowking\n|-supereffective|p1a: Slowking\n|-damage|p1a: Slowking|45\/100 slp\n|-enditem|p1a: Slowking|Heavy-Duty Boots|[from] move: Knock Off|[of] p2a: Toedscruel\n|cant|p1a: Slowking|slp\n|\n|-weather|none\n|-damage|p2a: Toedscruel|52\/100 tox|[from] psn\n|upkeep\n|turn|30\n|\n|t:|1698636372\n|switch|p2a: Medicham|Medicham, F|100\/100\n|cant|p1a: Slowking|slp\n|\n|upkeep\n|turn|31\n|\n|t:|1698636375\n|move|p2a: Medicham|Zen Headbutt|p1a: Slowking\n|-damage|p1a: Slowking|0 fnt\n|faint|p1a: Slowking\n|\n|win|Pickedman\n|c|\u2606godiamsosorry|2\/3\n","uploadtime":1698636379,"views":10,"p1id":"godiamsosorry","p2id":"pickedman","formatid":"gen9ubers","rating":0,"private":0,"password":""}