{"id":"gen9ubers-1987907613","p1":"Rei_darkness","p2":"sweepy boi","format":"[Gen 9] Ubers","log":"|j|\u2606Rei_darkness\n|j|\u2606sweepy boi\n|t:|1699648010\n|gametype|singles\n|player|p1|Rei_darkness|drayden|\n|player|p2|sweepy boi|skyla|\n|teamsize|p1|6\n|teamsize|p2|6\n|gen|9\n|tier|[Gen 9] Ubers\n|rule|Sleep Clause Mod: Limit one foe put to sleep\n|rule|Species Clause: Limit one of each Pok\u00e9mon\n|rule|OHKO Clause: OHKO moves are banned\n|rule|Evasion Items Clause: Evasion items are banned\n|rule|Evasion Moves Clause: Evasion moves are banned\n|rule|Endless Battle Clause: Forcing endless battles is banned\n|rule|HP Percentage Mod: HP is shown in percentages\n|clearpoke\n|poke|p1|Slowbro-Galar, F|\n|poke|p1|Grimmsnarl, M|\n|poke|p1|Landorus-Therian, M|\n|poke|p1|Thundurus, M|\n|poke|p1|Toedscruel, M|\n|poke|p1|Goodra-Hisui, F|\n|poke|p2|Torkoal, F|\n|poke|p2|Grafaiai, M|\n|poke|p2|Scovillain, F|\n|poke|p2|Victreebel, F|\n|poke|p2|Koraidon|\n|poke|p2|Moltres|\n|teampreview\n|\n|t:|1699648025\n|start\n|switch|p1a: Grimmsnarl|Grimmsnarl, M|100\/100\n|switch|p2a: Koraidon|Koraidon|100\/100\n|-weather|SunnyDay|[from] ability: Orichalcum Pulse|[of] p2a: Koraidon\n|-activate|p2a: Koraidon|Orichalcum Pulse|[source]\n|turn|1\n|\n|t:|1699648054\n|switch|p2a: Moltres|Moltres|100\/100\n|move|p1a: Grimmsnarl|Light Screen|p1a: Grimmsnarl\n|-sidestart|p1: Rei_darkness|move: Light Screen\n|\n|-weather|SunnyDay|[upkeep]\n|upkeep\n|turn|2\n|\n|t:|1699648067\n|move|p1a: Grimmsnarl|Light Screen||[still]\n|-fail|p1a: Grimmsnarl\n|move|p2a: Moltres|U-turn|p1a: Grimmsnarl\n|-damage|p1a: Grimmsnarl|82\/100\n|c|\u2606Rei_darkness|my dumb ass\n|c|\u2606Rei_darkness|missclicking\n|\n|t:|1699648082\n|switch|p2a: Koraidon|Koraidon|100\/100|[from] U-turn\n|-activate|p2a: Koraidon|ability: Orichalcum Pulse\n|\n|-weather|SunnyDay|[upkeep]\n|upkeep\n|turn|3\n|\n|t:|1699648085\n|move|p1a: Grimmsnarl|Parting Shot|p2a: Koraidon\n|-unboost|p2a: Koraidon|atk|1\n|-unboost|p2a: Koraidon|spa|1\n|\n|t:|1699648096\n|switch|p1a: Goodra|Goodra-Hisui, F|100\/100|[from] Parting Shot\n|move|p2a: Koraidon|Taunt|p1a: Goodra\n|-start|p1a: Goodra|move: Taunt\n|\n|-weather|SunnyDay|[upkeep]\n|upkeep\n|turn|4\n|\n|t:|1699648123\n|switch|p2a: Moltres|Moltres|100\/100\n|move|p1a: Goodra|Body Press|p2a: Moltres\n|-resisted|p2a: Moltres\n|-damage|p2a: Moltres|92\/100\n|\n|-weather|SunnyDay|[upkeep]\n|upkeep\n|turn|5\n|\n|t:|1699648136\n|switch|p1a: Grimmsnarl|Grimmsnarl, M|82\/100\n|move|p2a: Moltres|U-turn|p1a: Grimmsnarl\n|-damage|p1a: Grimmsnarl|62\/100\n|\n|t:|1699648156\n|switch|p2a: Victreebel|Victreebel, F|100\/100|[from] U-turn\n|\n|-weather|none\n|upkeep\n|turn|6\n|\n|t:|1699648200\n|move|p2a: Victreebel|Sludge Bomb|p1a: Grimmsnarl\n|-supereffective|p1a: Grimmsnarl\n|-damage|p1a: Grimmsnarl|13\/100\n|move|p1a: Grimmsnarl|Burning Jealousy|p2a: Victreebel\n|-supereffective|p2a: Victreebel\n|-damage|p2a: Victreebel|57\/100\n|\n|upkeep\n|turn|7\n|\n|t:|1699648218\n|switch|p2a: Koraidon|Koraidon|100\/100\n|-weather|SunnyDay|[from] ability: Orichalcum Pulse|[of] p2a: Koraidon\n|-activate|p2a: Koraidon|Orichalcum Pulse|[source]\n|move|p1a: Grimmsnarl|Parting Shot|p2a: Koraidon\n|-unboost|p2a: Koraidon|atk|1\n|-unboost|p2a: Koraidon|spa|1\n|\n|t:|1699648224\n|switch|p1a: Slowbro|Slowbro-Galar, F|100\/100|[from] Parting Shot\n|\n|-weather|SunnyDay|[upkeep]\n|upkeep\n|turn|8\n|\n|t:|1699648243\n|move|p2a: Koraidon|Taunt|p1a: Slowbro\n|-start|p1a: Slowbro|move: Taunt\n|cant|p1a: Slowbro|move: Taunt|Nasty Plot\n|\n|-weather|SunnyDay|[upkeep]\n|-sideend|p1: Rei_darkness|move: Light Screen\n|upkeep\n|turn|9\n|\n|t:|1699648251\n|switch|p2a: Moltres|Moltres|92\/100\n|move|p1a: Slowbro|Psyshock|p2a: Moltres\n|-damage|p2a: Moltres|55\/100\n|\n|-weather|SunnyDay|[upkeep]\n|upkeep\n|turn|10\n|\n|t:|1699648257\n|move|p2a: Moltres|Roost|p2a: Moltres\n|-heal|p2a: Moltres|100\/100\n|-singleturn|p2a: Moltres|move: Roost\n|move|p1a: Slowbro|Sludge Bomb|p2a: Moltres\n|-damage|p2a: Moltres|72\/100\n|-status|p2a: Moltres|psn\n|\n|-weather|SunnyDay|[upkeep]\n|-damage|p2a: Moltres|60\/100 psn|[from] psn\n|-end|p1a: Slowbro|move: Taunt\n|upkeep\n|turn|11\n|\n|t:|1699648277\n|-terastallize|p1a: Slowbro|Water\n|move|p2a: Moltres|U-turn|p1a: Slowbro\n|-damage|p1a: Slowbro|86\/100\n|\n|t:|1699648284\n|switch|p2a: Scovillain|Scovillain, F|100\/100|[from] U-turn\n|move|p1a: Slowbro|Nasty Plot|p1a: Slowbro\n|-boost|p1a: Slowbro|spa|2\n|\n|-weather|none\n|upkeep\n|turn|12\n|-activate|p1a: Slowbro|ability: Quick Draw\n|\n|t:|1699648307\n|-terastallize|p2a: Scovillain|Dark\n|move|p1a: Slowbro|Sludge Bomb|p2a: Scovillain\n|-enditem|p2a: Scovillain|Focus Sash\n|-damage|p2a: Scovillain|1\/100\n|move|p2a: Scovillain|Seed Bomb|p1a: Slowbro\n|-supereffective|p1a: Slowbro\n|-damage|p1a: Slowbro|6\/100\n|\n|upkeep\n|turn|13\n|c|\u2606sweepy boi|forgot about sash\n|c|\u2606sweepy boi|real gamer hours\n|\n|t:|1699648334\n|move|p2a: Scovillain|Lash Out|p1a: Slowbro\n|-damage|p1a: Slowbro|0 fnt\n|faint|p1a: Slowbro\n|\n|upkeep\n|\n|t:|1699648344\n|switch|p1a: Toedscruel|Toedscruel, M|100\/100\n|turn|14\n|\n|t:|1699648353\n|switch|p2a: Moltres|Moltres|60\/100 psn\n|move|p1a: Toedscruel|Spore||[still]\n|-fail|p1a: Toedscruel\n|\n|-damage|p2a: Moltres|47\/100 psn|[from] psn\n|upkeep\n|turn|15\n|\n|t:|1699648361\n|move|p2a: Moltres|Roost|p2a: Moltres\n|-heal|p2a: Moltres|97\/100 psn\n|-singleturn|p2a: Moltres|move: Roost\n|move|p1a: Toedscruel|Spikes|p2a: Moltres\n|-sidestart|p2: sweepy boi|Spikes\n|\n|-damage|p2a: Moltres|85\/100 psn|[from] psn\n|upkeep\n|turn|16\n|\n|t:|1699648371\n|move|p2a: Moltres|U-turn|p1a: Toedscruel\n|-supereffective|p1a: Toedscruel\n|-damage|p1a: Toedscruel|60\/100\n|\n|t:|1699648375\n|switch|p2a: Scovillain|Scovillain, F, tera:Dark|1\/100|[from] U-turn\n|-damage|p2a: Scovillain|0 fnt|[from] Spikes\n|faint|p2a: Scovillain\n|move|p1a: Toedscruel|Spikes|p2: Scovillain\n|-sidestart|p2: sweepy boi|Spikes\n|\n|upkeep\n|\n|t:|1699648401\n|switch|p2a: Koraidon|Koraidon|100\/100\n|-weather|SunnyDay|[from] ability: Orichalcum Pulse|[of] p2a: Koraidon\n|-activate|p2a: Koraidon|Orichalcum Pulse|[source]\n|turn|17\n|\n|t:|1699648419\n|move|p2a: Koraidon|Flamethrower|p1a: Toedscruel\n|-supereffective|p1a: Toedscruel\n|-damage|p1a: Toedscruel|19\/100\n|move|p1a: Toedscruel|Spore|p2a: Koraidon\n|-status|p2a: Koraidon|slp|[from] move: Spore\n|\n|-weather|SunnyDay|[upkeep]\n|upkeep\n|turn|18\n|\n|t:|1699648442\n|switch|p2a: Torkoal|Torkoal, F|100\/100\n|-damage|p2a: Torkoal|84\/100|[from] Spikes\n|switch|p1a: Landorus|Landorus-Therian, M|100\/100\n|-ability|p1a: Landorus|Intimidate|boost\n|-unboost|p2a: Torkoal|atk|1\n|-enditem|p2a: Torkoal|Eject Pack\n|\n|t:|1699648455\n|switch|p2a: Victreebel|Victreebel, F|57\/100\n|-damage|p2a: Victreebel|40\/100|[from] Spikes\n|\n|-weather|SunnyDay|[upkeep]\n|upkeep\n|turn|19\n|\n|t:|1699648469\n|switch|p1a: Toedscruel|Toedscruel, M|19\/100\n|move|p2a: Victreebel|Weather Ball|p1a: Toedscruel\n|-supereffective|p1a: Toedscruel\n|-damage|p1a: Toedscruel|0 fnt\n|faint|p1a: Toedscruel\n|\n|-weather|SunnyDay|[upkeep]\n|upkeep\n|\n|t:|1699648471\n|switch|p1a: Grimmsnarl|Grimmsnarl, M|13\/100\n|turn|20\n|\n|t:|1699648480\n|switch|p2a: Torkoal|Torkoal, F|84\/100\n|-damage|p2a: Torkoal|67\/100|[from] Spikes\n|move|p1a: Grimmsnarl|Light Screen|p1a: Grimmsnarl\n|-sidestart|p1: Rei_darkness|move: Light Screen\n|\n|-weather|SunnyDay|[upkeep]\n|upkeep\n|turn|21\n|\n|t:|1699648487\n|move|p1a: Grimmsnarl|Reflect|p1a: Grimmsnarl\n|-sidestart|p1: Rei_darkness|Reflect\n|move|p2a: Torkoal|Rapid Spin|p1a: Grimmsnarl\n|-damage|p1a: Grimmsnarl|7\/100\n|-boost|p2a: Torkoal|spe|1\n|-sideend|p2: sweepy boi|Spikes|[from] move: Rapid Spin|[of] p2a: Torkoal\n|\n|-weather|none\n|upkeep\n|turn|22\n|\n|t:|1699648504\n|move|p1a: Grimmsnarl|Parting Shot|p2a: Torkoal\n|-unboost|p2a: Torkoal|atk|1\n|-unboost|p2a: Torkoal|spa|1\n|\n|t:|1699648515\n|switch|p1a: Goodra|Goodra-Hisui, F|100\/100|[from] Parting Shot\n|move|p2a: Torkoal|Stealth Rock|p1a: Goodra\n|-sidestart|p1: Rei_darkness|move: Stealth Rock\n|\n|upkeep\n|turn|23\n|\n|t:|1699648530\n|switch|p1a: Landorus|Landorus-Therian, M|100\/100\n|-damage|p1a: Landorus|88\/100|[from] Stealth Rock\n|-ability|p1a: Landorus|Intimidate|boost\n|-unboost|p2a: Torkoal|atk|1\n|move|p2a: Torkoal|Body Press|p1a: Landorus\n|-resisted|p1a: Landorus\n|-crit|p1a: Landorus\n|-damage|p1a: Landorus|66\/100\n|\n|upkeep\n|turn|24\n|\n|t:|1699648541\n|switch|p2a: Moltres|Moltres|85\/100 psn\n|move|p1a: Landorus|Calm Mind|p1a: Landorus\n|-boost|p1a: Landorus|spa|1\n|-boost|p1a: Landorus|spd|1\n|\n|-damage|p2a: Moltres|72\/100 psn|[from] psn\n|upkeep\n|turn|25\n|\n|t:|1699648549\n|move|p1a: Landorus|Tera Blast|p2a: Moltres\n|-damage|p2a: Moltres|45\/100 psn\n|move|p2a: Moltres|Roar|p1a: Landorus\n|drag|p1a: Grimmsnarl|Grimmsnarl, M|7\/100\n|-damage|p1a: Grimmsnarl|0 fnt|[from] Stealth Rock\n|faint|p1a: Grimmsnarl\n|\n|-damage|p2a: Moltres|33\/100 psn|[from] psn\n|upkeep\n|\n|t:|1699648552\n|switch|p1a: Thundurus|Thundurus, M|100\/100\n|-damage|p1a: Thundurus|76\/100|[from] Stealth Rock\n|turn|26\n|\n|t:|1699648564\n|switch|p2a: Koraidon|Koraidon|100\/100 slp\n|-weather|SunnyDay|[from] ability: Orichalcum Pulse|[of] p2a: Koraidon\n|-activate|p2a: Koraidon|Orichalcum Pulse|[source]\n|move|p1a: Thundurus|Wild Charge|p2a: Koraidon\n|-resisted|p2a: Koraidon\n|-damage|p2a: Koraidon|80\/100 slp\n|-damage|p1a: Thundurus|70\/100|[from] Recoil\n|\n|-weather|SunnyDay|[upkeep]\n|upkeep\n|turn|27\n|\n|t:|1699648579\n|cant|p2a: Koraidon|slp\n|move|p1a: Thundurus|Bulk Up|p1a: Thundurus\n|-boost|p1a: Thundurus|atk|1\n|-boost|p1a: Thundurus|def|1\n|\n|-weather|SunnyDay|[upkeep]\n|-sideend|p1: Rei_darkness|move: Light Screen\n|upkeep\n|turn|28\n|\n|t:|1699648586\n|cant|p2a: Koraidon|slp\n|move|p1a: Thundurus|Rest|p1a: Thundurus\n|-status|p1a: Thundurus|slp|[from] move: Rest\n|-heal|p1a: Thundurus|100\/100 slp|[silent]\n|-enditem|p1a: Thundurus|Chesto Berry|[eat]\n|-curestatus|p1a: Thundurus|slp|[msg]\n|\n|-weather|SunnyDay|[upkeep]\n|-sideend|p1: Rei_darkness|Reflect\n|upkeep\n|turn|29\n|\n|t:|1699648598\n|switch|p2a: Moltres|Moltres|33\/100 psn\n|move|p1a: Thundurus|Acrobatics|p2a: Moltres\n|-damage|p2a: Moltres|0 fnt\n|faint|p2a: Moltres\n|\n|-weather|SunnyDay|[upkeep]\n|upkeep\n|c|\u2606sweepy boi|no flame bodies\n|c|\u2606sweepy boi|sadge\n|\n|t:|1699648634\n|switch|p2a: Victreebel|Victreebel, F|40\/100\n|turn|30\n|\n|t:|1699648643\n|move|p2a: Victreebel|Weather Ball|p1a: Thundurus\n|-damage|p1a: Thundurus|10\/100\n|move|p1a: Thundurus|Acrobatics|p2a: Victreebel\n|-supereffective|p2a: Victreebel\n|-damage|p2a: Victreebel|0 fnt\n|faint|p2a: Victreebel\n|\n|-weather|none\n|upkeep\n|\n|t:|1699648654\n|switch|p2a: Grafaiai|Grafaiai, M|100\/100\n|turn|31\n|\n|t:|1699648667\n|move|p2a: Grafaiai|Copycat|p2a: Grafaiai\n|move|p2a: Grafaiai|Acrobatics|p1a: Thundurus|[from]move: Copycat\n|-resisted|p1a: Thundurus\n|-damage|p1a: Thundurus|4\/100\n|move|p1a: Thundurus|Acrobatics|p2a: Grafaiai\n|-enditem|p2a: Grafaiai|Focus Sash\n|-damage|p2a: Grafaiai|1\/100\n|\n|upkeep\n|turn|32\n|\n|t:|1699648677\n|move|p2a: Grafaiai|Copycat|p2a: Grafaiai\n|move|p2a: Grafaiai|Acrobatics|p1a: Thundurus|[from]move: Copycat\n|-resisted|p1a: Thundurus\n|-damage|p1a: Thundurus|0 fnt\n|faint|p1a: Thundurus\n|\n|upkeep\n|\n|t:|1699648684\n|switch|p1a: Landorus|Landorus-Therian, M|66\/100\n|-damage|p1a: Landorus|54\/100|[from] Stealth Rock\n|-ability|p1a: Landorus|Intimidate|boost\n|-unboost|p2a: Grafaiai|atk|1\n|turn|33\n|\n|t:|1699648691\n|move|p2a: Grafaiai|Tera Blast|p1a: Landorus\n|-damage|p1a: Landorus|20\/100\n|-enditem|p1a: Landorus|Figy Berry|[eat]\n|-heal|p1a: Landorus|53\/100|[from] item: Figy Berry\n|-start|p1a: Landorus|confusion\n|-activate|p1a: Landorus|confusion\n|-damage|p1a: Landorus|43\/100|[from] confusion\n|\n|upkeep\n|turn|34\n|c|\u2606sweepy boi|no way\n|c|\u2606Rei_darkness|my dumb ass\n|c|\u2606Rei_darkness|picking the wrong berry blindly\n|\n|t:|1699648721\n|move|p2a: Grafaiai|Tera Blast|p1a: Landorus\n|-damage|p1a: Landorus|8\/100\n|-activate|p1a: Landorus|confusion\n|move|p1a: Landorus|Tera Blast|p2a: Grafaiai\n|-damage|p2a: Grafaiai|0 fnt\n|faint|p2a: Grafaiai\n|\n|upkeep\n|\n|t:|1699648727\n|switch|p2a: Koraidon|Koraidon|80\/100 slp\n|-weather|SunnyDay|[from] ability: Orichalcum Pulse|[of] p2a: Koraidon\n|-activate|p2a: Koraidon|Orichalcum Pulse|[source]\n|turn|35\n|\n|t:|1699648734\n|-curestatus|p2a: Koraidon|slp|[msg]\n|move|p2a: Koraidon|Ancient Power|p1a: Landorus\n|-damage|p1a: Landorus|0 fnt\n|faint|p1a: Landorus\n|\n|-weather|SunnyDay|[upkeep]\n|upkeep\n|\n|t:|1699648736\n|switch|p1a: Goodra|Goodra-Hisui, F|100\/100\n|-damage|p1a: Goodra|94\/100|[from] Stealth Rock\n|turn|36\n|\n|t:|1699648745\n|move|p1a: Goodra|Protect|p1a: Goodra\n|-singleturn|p1a: Goodra|Protect\n|move|p2a: Koraidon|Draco Meteor|p1a: Goodra\n|-activate|p1a: Goodra|move: Protect\n|\n|-weather|SunnyDay|[upkeep]\n|-heal|p1a: Goodra|100\/100|[from] item: Leftovers\n|upkeep\n|turn|37\n|\n|t:|1699648753\n|move|p2a: Koraidon|Draco Meteor|p1a: Goodra\n|-damage|p1a: Goodra|75\/100\n|-unboost|p2a: Koraidon|spa|2\n|move|p1a: Goodra|Life Dew|p1a: Goodra\n|-heal|p1a: Goodra|99\/100\n|\n|-weather|SunnyDay|[upkeep]\n|-heal|p1a: Goodra|100\/100|[from] item: Leftovers\n|upkeep\n|turn|38\n|\n|t:|1699648758\n|move|p2a: Koraidon|Taunt|p1a: Goodra\n|-start|p1a: Goodra|move: Taunt\n|cant|p1a: Goodra|move: Taunt|Acid Armor\n|\n|-weather|SunnyDay|[upkeep]\n|upkeep\n|turn|39\n|\n|t:|1699648772\n|move|p2a: Koraidon|Ancient Power|p1a: Goodra\n|-resisted|p1a: Goodra\n|-damage|p1a: Goodra|98\/100\n|move|p1a: Goodra|Body Press|p2a: Koraidon\n|-damage|p2a: Koraidon|63\/100\n|\n|-weather|none\n|-heal|p1a: Goodra|100\/100|[from] item: Leftovers\n|upkeep\n|turn|40\n|\n|t:|1699648782\n|move|p2a: Koraidon|Flamethrower|p1a: Goodra\n|-damage|p1a: Goodra|94\/100\n|move|p1a: Goodra|Body Press|p2a: Koraidon\n|-damage|p2a: Koraidon|47\/100\n|\n|-heal|p1a: Goodra|99\/100|[from] item: Leftovers\n|-end|p1a: Goodra|move: Taunt\n|upkeep\n|turn|41\n|\n|t:|1699648789\n|move|p1a: Goodra|Protect|p1a: Goodra\n|-singleturn|p1a: Goodra|Protect\n|move|p2a: Koraidon|Taunt|p1a: Goodra\n|-activate|p1a: Goodra|move: Protect\n|\n|-heal|p1a: Goodra|100\/100|[from] item: Leftovers\n|upkeep\n|turn|42\n|\n|t:|1699648791\n|move|p2a: Koraidon|Taunt|p1a: Goodra\n|-start|p1a: Goodra|move: Taunt\n|move|p1a: Goodra|Body Press|p2a: Koraidon\n|-damage|p2a: Koraidon|30\/100\n|\n|upkeep\n|turn|43\n|\n|t:|1699648797\n|move|p2a: Koraidon|Flamethrower|p1a: Goodra\n|-damage|p1a: Goodra|94\/100\n|move|p1a: Goodra|Body Press|p2a: Koraidon\n|-damage|p2a: Koraidon|15\/100\n|\n|-heal|p1a: Goodra|99\/100|[from] item: Leftovers\n|upkeep\n|turn|44\n|\n|t:|1699648801\n|move|p2a: Koraidon|Flamethrower|p1a: Goodra\n|-damage|p1a: Goodra|94\/100\n|move|p1a: Goodra|Body Press|p2a: Koraidon\n|-damage|p2a: Koraidon|0 fnt\n|faint|p2a: Koraidon\n|\n|-heal|p1a: Goodra|99\/100|[from] item: Leftovers\n|-end|p1a: Goodra|move: Taunt\n|upkeep\n|\n|t:|1699648806\n|switch|p2a: Torkoal|Torkoal, F|67\/100\n|-weather|SunnyDay|[from] ability: Drought|[of] p2a: Torkoal\n|turn|45\n|\n|t:|1699648810\n|move|p1a: Goodra|Protect|p1a: Goodra\n|-singleturn|p1a: Goodra|Protect\n|move|p2a: Torkoal|Body Press|p1a: Goodra\n|-activate|p1a: Goodra|move: Protect\n|\n|-weather|SunnyDay|[upkeep]\n|-heal|p1a: Goodra|100\/100|[from] item: Leftovers\n|upkeep\n|turn|46\n|\n|t:|1699648817\n|move|p1a: Goodra|Acid Armor|p1a: Goodra\n|-boost|p1a: Goodra|def|2\n|move|p2a: Torkoal|Body Press|p1a: Goodra\n|-supereffective|p1a: Goodra\n|-damage|p1a: Goodra|72\/100\n|\n|-weather|SunnyDay|[upkeep]\n|-heal|p1a: Goodra|78\/100|[from] item: Leftovers\n|upkeep\n|turn|47\n|\n|t:|1699648824\n|move|p1a: Goodra|Protect|p1a: Goodra\n|-singleturn|p1a: Goodra|Protect\n|move|p2a: Torkoal|Body Press|p1a: Goodra\n|-activate|p1a: Goodra|move: Protect\n|\n|-weather|SunnyDay|[upkeep]\n|-heal|p1a: Goodra|84\/100|[from] item: Leftovers\n|upkeep\n|turn|48\n|\n|t:|1699648827\n|move|p1a: Goodra|Acid Armor|p1a: Goodra\n|-boost|p1a: Goodra|def|2\n|move|p2a: Torkoal|Body Press|p1a: Goodra\n|-supereffective|p1a: Goodra\n|-damage|p1a: Goodra|63\/100\n|\n|-weather|SunnyDay|[upkeep]\n|-heal|p1a: Goodra|69\/100|[from] item: Leftovers\n|upkeep\n|turn|49\n|\n|t:|1699648831\n|move|p1a: Goodra|Protect|p1a: Goodra\n|-singleturn|p1a: Goodra|Protect\n|move|p2a: Torkoal|Rapid Spin|p1a: Goodra\n|-activate|p1a: Goodra|move: Protect\n|\n|-weather|none\n|-heal|p1a: Goodra|75\/100|[from] item: Leftovers\n|upkeep\n|turn|50\n|\n|t:|1699648832\n|move|p1a: Goodra|Life Dew|p1a: Goodra\n|-heal|p1a: Goodra|99\/100\n|move|p2a: Torkoal|Body Press|p1a: Goodra\n|-supereffective|p1a: Goodra\n|-damage|p1a: Goodra|82\/100\n|\n|-heal|p1a: Goodra|88\/100|[from] item: Leftovers\n|upkeep\n|turn|51\n|c|\u2606sweepy boi|shell armor right\n|c|\u2606Rei_darkness|yep\n|c|\u2606Rei_darkness|wont crit through it\n|c|\u2606sweepy boi|yeah you got it then\n|c|\u2606sweepy boi|gg\n|-message|sweepy boi forfeited.\n|\n|win|Rei_darkness\n","uploadtime":1699648863,"views":11,"p1id":"reidarkness","p2id":"sweepyboi","formatid":"gen9ubers","rating":0,"private":0,"password":""}