{"id":"gen9ubers-1985852854","p1":"OUVT I<3Cynthia","p2":"rooster45","format":"[Gen 9] Ubers","log":"|j|\u2606OUVT I<3Cynthia\n|j|\u2606rooster45\n|t:|1699413375\n|gametype|singles\n|player|p1|OUVT I<3Cynthia|cynthia|\n|player|p2|rooster45|266|\n|teamsize|p1|6\n|teamsize|p2|6\n|gen|9\n|tier|[Gen 9] Ubers\n|rule|Sleep Clause Mod: Limit one foe put to sleep\n|rule|Species Clause: Limit one of each Pok\u00e9mon\n|rule|OHKO Clause: OHKO moves are banned\n|rule|Evasion Items Clause: Evasion items are banned\n|rule|Evasion Moves Clause: Evasion moves are banned\n|rule|Endless Battle Clause: Forcing endless battles is banned\n|rule|HP Percentage Mod: HP is shown in percentages\n|clearpoke\n|poke|p1|Annihilape, M|\n|poke|p1|Squawkabilly, F|\n|poke|p1|Staraptor, M|\n|poke|p1|Veluza, M|\n|poke|p1|Golem, M|\n|poke|p1|Kingambit, M|\n|poke|p2|Magearna|\n|poke|p2|Toxapex, M|\n|poke|p2|Dragapult, M|\n|poke|p2|Iron Moth|\n|poke|p2|Ogerpon-Wellspring, F|\n|poke|p2|Iron Bundle|\n|teampreview\n|inactive|Battle timer is ON: inactive players will automatically lose when time's up. (requested by OUVT I<3Cynthia)\n|c|\u2606rooster45|Sorry mimor diffrence\n|c|\u2606OUVT I<3Cynthia|lol it's fine\n|c|\u2606rooster45|Bruh did you just timer me?\n|c|\u2606OUVT I<3Cynthia|it's auto turned on\n|inactive|rooster45 has 270 seconds left.\n|c|\u2606OUVT I<3Cynthia|in settings\n|c|\u2606rooster45|You son of.a bitcn\n|c|\u2606rooster45|Hoh\n|c|\u2606rooster45|Jfc\n|\n|t:|1699413420\n|start\n|switch|p1a: Golem|Golem, M, shiny|100\/100\n|switch|p2a: Iron Moth|Iron Moth|100\/100\n|turn|1\n|\n|t:|1699413434\n|-end|p2a: Iron Moth|Quark Drive|[silent]\n|switch|p2a: Toxapex|Toxapex, M|100\/100\n|move|p1a: Golem|Stealth Rock|p2a: Toxapex\n|-sidestart|p2: rooster45|move: Stealth Rock\n|\n|upkeep\n|turn|2\n|\n|t:|1699413447\n|move|p2a: Toxapex|Toxic|p1a: Golem\n|-status|p1a: Golem|tox\n|move|p1a: Golem|Roar|p2a: Toxapex\n|drag|p2a: Dragapult|Dragapult, M|100\/100\n|-damage|p2a: Dragapult|88\/100|[from] Stealth Rock\n|\n|-damage|p1a: Golem|94\/100 tox|[from] psn\n|upkeep\n|turn|3\n|\n|t:|1699413460\n|move|p2a: Dragapult|U-turn|p1a: Golem\n|-damage|p1a: Golem|75\/100 tox\n|\n|t:|1699413464\n|switch|p2a: Toxapex|Toxapex, M|100\/100|[from] U-turn\n|-damage|p2a: Toxapex|88\/100|[from] Stealth Rock\n|move|p1a: Golem|Earthquake|p2a: Toxapex\n|-supereffective|p2a: Toxapex\n|-damage|p2a: Toxapex|0 fnt\n|faint|p2a: Toxapex\n|\n|-damage|p1a: Golem|63\/100 tox|[from] psn\n|upkeep\n|c|\u2606rooster45|Oof\n|c|\u2606rooster45|Walked right into that\n|c|\u2606rooster45|Wtf is that things attack stat?\n|inactive|rooster45 has 270 seconds left.\n|\n|t:|1699413503\n|switch|p2a: Iron Bundle|Iron Bundle|100\/100\n|-damage|p2a: Iron Bundle|76\/100|[from] Stealth Rock\n|-enditem|p2a: Iron Bundle|Booster Energy\n|-activate|p2a: Iron Bundle|ability: Quark Drive|[fromitem]\n|-start|p2a: Iron Bundle|quarkdrivespa\n|turn|4\n|inactive|rooster45 has 270 seconds left.\n|\n|t:|1699413514\n|move|p2a: Iron Bundle|Freeze-Dry|p1a: Golem\n|-supereffective|p1a: Golem\n|-damage|p1a: Golem|0 fnt\n|faint|p1a: Golem\n|\n|upkeep\n|\n|t:|1699413537\n|switch|p1a: Squawkabilly|Squawkabilly, F|100\/100\n|-ability|p1a: Squawkabilly|Intimidate|boost\n|-unboost|p2a: Iron Bundle|atk|1\n|turn|5\n|\n|t:|1699413544\n|move|p1a: Squawkabilly|Final Gambit|p2a: Iron Bundle\n|-damage|p2a: Iron Bundle|0 fnt\n|faint|p1a: Squawkabilly\n|faint|p2a: Iron Bundle\n|-end|p2a: Iron Bundle|Quark Drive|[silent]\n|\n|upkeep\n|\n|t:|1699413559\n|switch|p2a: Magearna|Magearna|100\/100\n|switch|p1a: Annihilape|Annihilape, M, shiny|100\/100\n|-damage|p2a: Magearna|95\/100|[from] Stealth Rock\n|turn|6\n|\n|t:|1699413566\n|-terastallize|p2a: Magearna|Water\n|move|p1a: Annihilape|Final Gambit|p2a: Magearna\n|-damage|p2a: Magearna|0 fnt\n|faint|p1a: Annihilape\n|faint|p2a: Magearna\n|\n|upkeep\n|\n|t:|1699413579\n|switch|p1a: Staraptor|Staraptor, M, shiny|100\/100\n|switch|p2a: Ogerpon|Ogerpon-Wellspring, F|100\/100\n|-ability|p1a: Staraptor|Intimidate|boost\n|-unboost|p2a: Ogerpon|atk|1\n|-damage|p2a: Ogerpon|88\/100|[from] Stealth Rock\n|turn|7\n|\n|t:|1699413592\n|move|p1a: Staraptor|Final Gambit|p2a: Ogerpon\n|-damage|p2a: Ogerpon|0 fnt\n|faint|p1a: Staraptor\n|faint|p2a: Ogerpon\n|\n|upkeep\n|\n|t:|1699413599\n|switch|p2a: Dragapult|Dragapult, M|88\/100\n|switch|p1a: Veluza|Veluza, M, shiny|100\/100\n|-damage|p2a: Dragapult|76\/100|[from] Stealth Rock\n|turn|8\n|\n|t:|1699413615\n|move|p2a: Dragapult|Sucker Punch|p1a: Veluza\n|-supereffective|p1a: Veluza\n|-damage|p1a: Veluza|45\/100\n|move|p1a: Veluza|Psychic Fangs|p2a: Dragapult\n|-damage|p2a: Dragapult|35\/100\n|\n|upkeep\n|turn|9\n|\n|t:|1699413623\n|move|p1a: Veluza|Psychic Fangs|p2a: Dragapult\n|-damage|p2a: Dragapult|0 fnt\n|faint|p2a: Dragapult\n|\n|upkeep\n|\n|t:|1699413628\n|switch|p2a: Iron Moth|Iron Moth|100\/100\n|-damage|p2a: Iron Moth|76\/100|[from] Stealth Rock\n|turn|10\n|\n|t:|1699413634\n|move|p1a: Veluza|Psychic Fangs|p2a: Iron Moth\n|-supereffective|p2a: Iron Moth\n|-damage|p2a: Iron Moth|0 fnt\n|faint|p2a: Iron Moth\n|-end|p2a: Iron Moth|Quark Drive|[silent]\n|\n|win|OUVT I<3Cynthia\n","uploadtime":1699413639,"views":8,"p1id":"ouvti3cynthia","p2id":"rooster45","formatid":"gen9ubers","rating":0,"private":0,"password":""}