{"id":"gen9ubers-1996418851","p1":"GS Wendigo","p2":"Darcia","format":"[Gen 9] Ubers","log":"|j|\u2606GS Wendigo\n|j|\u2606Darcia\n|t:|1700680166\n|gametype|singles\n|player|p1|GS Wendigo|ghetsis|\n|player|p2|Darcia|n-masters|\n|teamsize|p1|6\n|teamsize|p2|6\n|gen|9\n|tier|[Gen 9] Ubers\n|rule|Sleep Clause Mod: Limit one foe put to sleep\n|rule|Species Clause: Limit one of each Pok\u00e9mon\n|rule|OHKO Clause: OHKO moves are banned\n|rule|Evasion Items Clause: Evasion items are banned\n|rule|Evasion Moves Clause: Evasion moves are banned\n|rule|Endless Battle Clause: Forcing endless battles is banned\n|rule|HP Percentage Mod: HP is shown in percentages\n|clearpoke\n|poke|p1|Flutter Mane|\n|poke|p1|Frosmoth, F|\n|poke|p1|Ninetales-Alola, F|\n|poke|p1|Ditto|\n|poke|p1|Torterra, M|\n|poke|p1|Wyrdeer, M|\n|poke|p2|Regieleki|\n|poke|p2|Zoroark-Hisui, M|\n|poke|p2|Okidogi, M|\n|poke|p2|Krookodile, F|\n|poke|p2|Rotom-Heat|\n|poke|p2|Meowscarada, M|\n|teampreview\n|c|\u2606GS Wendigo|Glhf\n|\n|t:|1700680223\n|start\n|switch|p1a: Ditto|Ditto|100\/100\n|switch|p2a: Tsubasa|Okidogi, M|100\/100\n|turn|1\n|c|\u2606GS Wendigo|Yo can i fix the ability rq\n|c|\u2606GS Wendigo|Speed building does that lol\n|\n|t:|1700680341\n|switch|p1a: Wyrdeer|Wyrdeer, M|100\/100\n|-ability|p1a: Wyrdeer|Intimidate|boost\n|-unboost|p2a: Tsubasa|atk|1\n|move|p2a: Tsubasa|Flamethrower|p1a: Wyrdeer\n|-damage|p1a: Wyrdeer|66\/100\n|\n|-heal|p1a: Wyrdeer|72\/100|[from] item: Leftovers\n|upkeep\n|turn|2\n|\n|t:|1700680354\n|switch|p2a: Heather|Krookodile, F|100\/100\n|-ability|p2a: Heather|Intimidate|boost\n|-unboost|p1a: Wyrdeer|atk|1\n|move|p1a: Wyrdeer|Thunder Wave|p2a: Heather\n|-immune|p2a: Heather\n|\n|-heal|p1a: Wyrdeer|78\/100|[from] item: Leftovers\n|upkeep\n|turn|3\n|\n|t:|1700680367\n|switch|p1a: Torterra|Torterra, M|100\/100\n|move|p2a: Heather|Stealth Rock|p1a: Torterra\n|-sidestart|p1: GS Wendigo|move: Stealth Rock\n|\n|upkeep\n|turn|4\n|\n|t:|1700680384\n|move|p2a: Heather|Taunt|p1a: Torterra\n|-start|p1a: Torterra|move: Taunt\n|move|p1a: Torterra|Rock Blast|p2a: Heather\n|-resisted|p2a: Heather\n|-damage|p2a: Heather|96\/100\n|-resisted|p2a: Heather\n|-damage|p2a: Heather|91\/100\n|-resisted|p2a: Heather\n|-damage|p2a: Heather|86\/100\n|-resisted|p2a: Heather\n|-damage|p2a: Heather|81\/100\n|-hitcount|p2a: Heather|4\n|\n|upkeep\n|turn|5\n|\n|t:|1700680397\n|move|p2a: Heather|Knock Off|p1a: Torterra\n|-damage|p1a: Torterra|57\/100\n|-enditem|p1a: Torterra|Loaded Dice|[from] move: Knock Off|[of] p2a: Heather\n|move|p1a: Torterra|Bullet Seed|p2a: Heather\n|-supereffective|p2a: Heather\n|-damage|p2a: Heather|52\/100\n|-supereffective|p2a: Heather\n|-damage|p2a: Heather|23\/100\n|-supereffective|p2a: Heather\n|-damage|p2a: Heather|0 fnt\n|faint|p2a: Heather\n|-hitcount|p2: Heather|3\n|\n|upkeep\n|\n|t:|1700680412\n|switch|p2a: Tsubasa|Okidogi, M|100\/100\n|turn|6\n|\n|t:|1700680451\n|switch|p1a: Ninetales|Ninetales-Alola, F|100\/100\n|-damage|p1a: Ninetales|76\/100|[from] Stealth Rock\n|-weather|Snow|[from] ability: Snow Warning|[of] p1a: Ninetales\n|move|p2a: Tsubasa|Flamethrower|p1a: Ninetales\n|-supereffective|p1a: Ninetales\n|-damage|p1a: Ninetales|7\/100\n|-status|p1a: Ninetales|brn\n|\n|-weather|Snow|[upkeep]\n|-damage|p1a: Ninetales|0 fnt|[from] brn\n|faint|p1a: Ninetales\n|upkeep\n|\n|t:|1700680475\n|switch|p1a: Frosmoth|Frosmoth, F|100\/100\n|turn|7\n|\n|t:|1700680495\n|-terastallize|p1a: Frosmoth|Water\n|move|p2a: Tsubasa|Taunt|p1a: Frosmoth\n|-start|p1a: Frosmoth|move: Taunt\n|cant|p1a: Frosmoth|move: Taunt|Quiver Dance\n|\n|-weather|Snow|[upkeep]\n|upkeep\n|turn|8\n|\n|t:|1700680513\n|switch|p2a: Tsubasa|Okidogi, M|100\/100\n|move|p1a: Frosmoth|Ice Beam|p2a: Tsubasa\n|-crit|p2a: Tsubasa\n|-damage|p2a: Tsubasa|59\/100\n|\n|-weather|Snow|[upkeep]\n|upkeep\n|turn|9\n|\n|t:|1700680524\n|switch|p1a: Wyrdeer|Wyrdeer, M|78\/100\n|-damage|p1a: Wyrdeer|66\/100|[from] Stealth Rock\n|-ability|p1a: Wyrdeer|Intimidate|boost\n|-unboost|p2a: Tsubasa|atk|1\n|move|p2a: Tsubasa|Drain Punch|p1a: Wyrdeer\n|-damage|p1a: Wyrdeer|43\/100\n|-heal|p2a: Tsubasa|72\/100|[from] drain|[of] p1a: Wyrdeer\n|-status|p1a: Wyrdeer|tox|[from] ability: Toxic Chain|[of] p2a: Tsubasa\n|\n|-weather|Snow|[upkeep]\n|-heal|p1a: Wyrdeer|49\/100 tox|[from] item: Leftovers\n|-damage|p1a: Wyrdeer|43\/100 tox|[from] psn\n|upkeep\n|turn|10\n|\n|t:|1700680549\n|switch|p2a: Heat-Man|Rotom-Heat|100\/100\n|move|p1a: Wyrdeer|Thunder Wave|p2a: Heat-Man\n|-immune|p2a: Heat-Man\n|\n|-weather|none\n|-heal|p1a: Wyrdeer|49\/100 tox|[from] item: Leftovers\n|-damage|p1a: Wyrdeer|37\/100 tox|[from] psn\n|upkeep\n|turn|11\n|\n|t:|1700680562\n|switch|p1a: Frosmoth|Frosmoth, F, tera:Water|100\/100\n|move|p2a: Heat-Man|Trick|p1a: Frosmoth\n|-activate|p2a: Heat-Man|move: Trick|[of] p1a: Frosmoth\n|-item|p1a: Frosmoth|Choice Scarf|[from] move: Trick\n|-item|p2a: Heat-Man|Heavy-Duty Boots|[from] move: Trick\n|\n|upkeep\n|turn|12\n|\n|t:|1700680574\n|move|p1a: Frosmoth|Ice Beam|p2a: Heat-Man\n|-resisted|p2a: Heat-Man\n|-damage|p2a: Heat-Man|74\/100\n|move|p2a: Heat-Man|Volt Switch|p1a: Frosmoth\n|-supereffective|p1a: Frosmoth\n|-damage|p1a: Frosmoth|68\/100\n|\n|t:|1700680587\n|switch|p2a: Setzer|Meowscarada, M, shiny|100\/100|[from] Volt Switch\n|\n|upkeep\n|turn|13\n|\n|t:|1700680602\n|switch|p1a: Torterra|Torterra, M|57\/100\n|-damage|p1a: Torterra|51\/100|[from] Stealth Rock\n|move|p2a: Setzer|Flower Trick|p1a: Torterra\n|-start|p2a: Setzer|typechange|Grass|[from] ability: Protean\n|-damage|p1a: Torterra|15\/100\n|\n|upkeep\n|turn|14\n|\n|t:|1700680616\n|move|p2a: Setzer|Flower Trick|p1a: Torterra\n|-damage|p1a: Torterra|0 fnt\n|faint|p1a: Torterra\n|\n|upkeep\n|\n|t:|1700680622\n|switch|p1a: Ditto|Ditto|100\/100\n|-damage|p1a: Ditto|88\/100|[from] Stealth Rock\n|-transform|p1a: Ditto|p2a: Setzer|[from] ability: Imposter\n|turn|15\n|\n|t:|1700680640\n|switch|p2a: Tsubasa|Okidogi, M|72\/100\n|move|p1a: Ditto|U-turn|p2a: Tsubasa\n|-start|p1a: Ditto|typechange|Bug|[from] ability: Protean\n|-resisted|p2a: Tsubasa\n|-damage|p2a: Tsubasa|65\/100\n|\n|t:|1700680651\n|switch|p1a: Flutter Mane|Flutter Mane|100\/100|[from] U-turn\n|-damage|p1a: Flutter Mane|88\/100|[from] Stealth Rock\n|\n|upkeep\n|turn|16\n|\n|t:|1700680658\n|move|p1a: Flutter Mane|Moonblast|p2a: Tsubasa\n|-damage|p2a: Tsubasa|30\/100\n|move|p2a: Tsubasa|Poison Jab|p1a: Flutter Mane\n|-damage|p1a: Flutter Mane|0 fnt\n|faint|p1a: Flutter Mane\n|-end|p1a: Flutter Mane|Protosynthesis|[silent]\n|\n|upkeep\n|\n|t:|1700680661\n|switch|p1a: Ditto|Ditto|88\/100\n|-damage|p1a: Ditto|76\/100|[from] Stealth Rock\n|-transform|p1a: Ditto|p2a: Tsubasa|[from] ability: Imposter\n|turn|17\n|\n|t:|1700680706\n|switch|p2a: Heat-Man|Rotom-Heat|74\/100\n|move|p1a: Ditto|Poison Jab|p2a: Heat-Man\n|-damage|p2a: Heat-Man|17\/100\n|\n|upkeep\n|turn|18\n|\n|t:|1700680717\n|move|p2a: Heat-Man|Overheat|p1a: Ditto\n|-damage|p1a: Ditto|1\/100\n|-unboost|p2a: Heat-Man|spa|2\n|move|p1a: Ditto|Poison Jab|p2a: Heat-Man\n|-damage|p2a: Heat-Man|0 fnt\n|faint|p2a: Heat-Man\n|\n|upkeep\n|\n|t:|1700680728\n|switch|p2a: Setzer|Meowscarada, M, shiny|100\/100\n|turn|19\n|\n|t:|1700680742\n|move|p2a: Setzer|U-turn|p1a: Ditto\n|-start|p2a: Setzer|typechange|Bug|[from] ability: Protean\n|-resisted|p1a: Ditto\n|-damage|p1a: Ditto|0 fnt\n|faint|p1a: Ditto\n|\n|t:|1700680757\n|switch|p2a: Raijin|Regieleki|100\/100|[from] U-turn\n|\n|upkeep\n|\n|t:|1700680763\n|switch|p1a: Frosmoth|Frosmoth, F, tera:Water|68\/100\n|-damage|p1a: Frosmoth|56\/100|[from] Stealth Rock\n|turn|20\n|c|\u2606GS Wendigo|Ggs\n|\n|t:|1700680779\n|move|p2a: Raijin|Thunderbolt|p1a: Frosmoth\n|-supereffective|p1a: Frosmoth\n|-damage|p1a: Frosmoth|0 fnt\n|faint|p1a: Frosmoth\n|\n|upkeep\n|\n|t:|1700680784\n|switch|p1a: Wyrdeer|Wyrdeer, M|37\/100 tox\n|-damage|p1a: Wyrdeer|25\/100 tox|[from] Stealth Rock\n|-ability|p1a: Wyrdeer|Intimidate|boost\n|-unboost|p2a: Raijin|atk|1\n|turn|21\n|\n|t:|1700680790\n|move|p2a: Raijin|Thunderbolt|p1a: Wyrdeer\n|-damage|p1a: Wyrdeer|0 fnt\n|faint|p1a: Wyrdeer\n|\n|win|Darcia\n","uploadtime":1700680803,"views":16,"p1id":"gswendigo","p2id":"darcia","formatid":"gen9ubers","rating":0,"private":0,"password":""}