{"id":"gen9ubers-1970231974","p1":"jarebear375","p2":"BoxcarAngels","format":"[Gen 9] Ubers","log":"|j|\u2606jarebear375\n|j|\u2606BoxcarAngels\n|t:|1697614426\n|gametype|singles\n|player|p1|jarebear375|hugh|\n|player|p2|BoxcarAngels|169|\n|teamsize|p1|6\n|teamsize|p2|6\n|gen|9\n|tier|[Gen 9] Ubers\n|rule|Sleep Clause Mod: Limit one foe put to sleep\n|rule|Species Clause: Limit one of each Pok\u00e9mon\n|rule|OHKO Clause: OHKO moves are banned\n|rule|Evasion Items Clause: Evasion items are banned\n|rule|Evasion Moves Clause: Evasion moves are banned\n|rule|Endless Battle Clause: Forcing endless battles is banned\n|rule|HP Percentage Mod: HP is shown in percentages\n|clearpoke\n|poke|p1|Baxcalibur, F|\n|poke|p1|Great Tusk|\n|poke|p1|Iron Moth|\n|poke|p1|Slowking, F|\n|poke|p1|Meowscarada, F|\n|poke|p1|Lycanroc-Dusk, M|\n|poke|p2|Garchomp, F|\n|poke|p2|Farigiraf, M|\n|poke|p2|Clodsire, M|\n|poke|p2|Orthworm, F|\n|poke|p2|Ceruledge, M|\n|poke|p2|Amoonguss, M|\n|teampreview\n|\n|t:|1697614449\n|start\n|switch|p1a: Lycanroc|Lycanroc-Dusk, M|100\/100\n|switch|p2a: Depriest|Orthworm, F, shiny|100\/100\n|turn|1\n|\n|t:|1697614461\n|switch|p1a: Iron Moth|Iron Moth|100\/100\n|-enditem|p1a: Iron Moth|Booster Energy\n|-activate|p1a: Iron Moth|ability: Quark Drive|[fromitem]\n|-start|p1a: Iron Moth|quarkdrivespa\n|move|p2a: Depriest|Stealth Rock|p1a: Iron Moth\n|-sidestart|p1: jarebear375|move: Stealth Rock\n|\n|upkeep\n|turn|2\n|\n|t:|1697614473\n|switch|p2a: Bob|Clodsire, M, shiny|100\/100\n|move|p1a: Iron Moth|Fiery Dance|p2a: Bob\n|-damage|p2a: Bob|63\/100\n|\n|-heal|p2a: Bob|69\/100|[from] item: Leftovers\n|upkeep\n|turn|3\n|\n|t:|1697614502\n|-end|p1a: Iron Moth|Quark Drive|[silent]\n|switch|p1a: Great Tusk|Great Tusk|100\/100\n|-damage|p1a: Great Tusk|98\/100|[from] Stealth Rock\n|-enditem|p1a: Great Tusk|Booster Energy\n|-activate|p1a: Great Tusk|ability: Protosynthesis|[fromitem]\n|-start|p1a: Great Tusk|protosynthesisatk\n|move|p2a: Bob|Earthquake|p1a: Great Tusk\n|-damage|p1a: Great Tusk|76\/100\n|\n|-heal|p2a: Bob|75\/100|[from] item: Leftovers\n|upkeep\n|turn|4\n|\n|t:|1697614520\n|switch|p2a: Depriest|Orthworm, F, shiny|100\/100\n|move|p1a: Great Tusk|Ice Spinner|p2a: Depriest\n|-resisted|p2a: Depriest\n|-damage|p2a: Depriest|87\/100\n|\n|-heal|p2a: Depriest|93\/100|[from] item: Leftovers\n|upkeep\n|turn|5\n|\n|t:|1697614531\n|move|p1a: Great Tusk|Close Combat|p2a: Depriest\n|-supereffective|p2a: Depriest\n|-damage|p2a: Depriest|0 fnt\n|-unboost|p1a: Great Tusk|def|1\n|-unboost|p1a: Great Tusk|spd|1\n|faint|p2a: Depriest\n|\n|upkeep\n|\n|t:|1697614554\n|switch|p2a: Rex|Ceruledge, M, shiny|100\/100\n|turn|6\n|\n|t:|1697614578\n|-end|p1a: Great Tusk|Protosynthesis|[silent]\n|switch|p1a: Meowscarada|Meowscarada, F|100\/100\n|-damage|p1a: Meowscarada|88\/100|[from] Stealth Rock\n|move|p2a: Rex|Swords Dance|p2a: Rex\n|-boost|p2a: Rex|atk|2\n|\n|upkeep\n|turn|7\n|\n|t:|1697614586\n|move|p1a: Meowscarada|Knock Off|p2a: Rex\n|-start|p1a: Meowscarada|typechange|Dark|[from] ability: Protean\n|-supereffective|p2a: Rex\n|-damage|p2a: Rex|0 fnt\n|-enditem|p2a: Rex|Life Orb|[from] move: Knock Off|[of] p1a: Meowscarada\n|faint|p2a: Rex\n|\n|upkeep\n|\n|t:|1697614604\n|switch|p2a: Amoung Us|Amoonguss, M, shiny|100\/100\n|turn|8\n|\n|t:|1697614625\n|move|p1a: Meowscarada|Knock Off|p2a: Amoung Us\n|-damage|p2a: Amoung Us|57\/100\n|-enditem|p2a: Amoung Us|Leftovers|[from] move: Knock Off|[of] p1a: Meowscarada\n|move|p2a: Amoung Us|Spore|p1a: Meowscarada\n|-status|p1a: Meowscarada|slp|[from] move: Spore\n|\n|upkeep\n|turn|9\n|\n|t:|1697614641\n|switch|p1a: Iron Moth|Iron Moth|100\/100\n|-damage|p1a: Iron Moth|76\/100|[from] Stealth Rock\n|switch|p2a: I'm a Farigiraf|Farigiraf, M, shiny|100\/100\n|\n|upkeep\n|turn|10\n|\n|t:|1697614653\n|move|p1a: Iron Moth|Fiery Dance|p2a: I'm a Farigiraf\n|-damage|p2a: I'm a Farigiraf|54\/100\n|move|p2a: I'm a Farigiraf|Light Screen|p2a: I'm a Farigiraf\n|-sidestart|p2: BoxcarAngels|move: Light Screen\n|\n|upkeep\n|turn|11\n|\n|t:|1697614661\n|move|p1a: Iron Moth|Fiery Dance|p2a: I'm a Farigiraf\n|-damage|p2a: I'm a Farigiraf|33\/100\n|-boost|p1a: Iron Moth|spa|1\n|move|p2a: I'm a Farigiraf|Reflect|p2a: I'm a Farigiraf\n|-sidestart|p2: BoxcarAngels|Reflect\n|\n|upkeep\n|turn|12\n|\n|t:|1697614676\n|move|p1a: Iron Moth|Psychic|p2a: I'm a Farigiraf\n|-resisted|p2a: I'm a Farigiraf\n|-damage|p2a: I'm a Farigiraf|21\/100\n|move|p2a: I'm a Farigiraf|Wish|p2a: I'm a Farigiraf\n|\n|upkeep\n|turn|13\n|\n|t:|1697614696\n|switch|p2a: Cynthia|Garchomp, F, shiny|100\/100\n|move|p1a: Iron Moth|Fiery Dance|p2a: Cynthia\n|-resisted|p2a: Cynthia\n|-damage|p2a: Cynthia|86\/100\n|-boost|p1a: Iron Moth|spa|1\n|\n|-heal|p2a: Cynthia|100\/100|[from] move: Wish|[wisher] I'm a Farigiraf\n|upkeep\n|turn|14\n|\n|t:|1697614711\n|move|p1a: Iron Moth|Dazzling Gleam|p2a: Cynthia\n|-supereffective|p2a: Cynthia\n|-damage|p2a: Cynthia|45\/100\n|move|p2a: Cynthia|Earthquake|p1a: Iron Moth\n|-supereffective|p1a: Iron Moth\n|-damage|p1a: Iron Moth|0 fnt\n|faint|p1a: Iron Moth\n|-end|p1a: Iron Moth|Quark Drive|[silent]\n|-damage|p2a: Cynthia|35\/100|[from] item: Life Orb\n|\n|upkeep\n|\n|t:|1697614732\n|switch|p1a: Meowscarada|Meowscarada, F|88\/100 slp\n|-damage|p1a: Meowscarada|76\/100 slp|[from] Stealth Rock\n|turn|15\n|\n|t:|1697614738\n|cant|p1a: Meowscarada|slp\n|move|p2a: Cynthia|Swords Dance|p2a: Cynthia\n|-boost|p2a: Cynthia|atk|2\n|\n|upkeep\n|turn|16\n|\n|t:|1697614752\n|cant|p1a: Meowscarada|slp\n|move|p2a: Cynthia|Dragon Claw|p1a: Meowscarada\n|-damage|p1a: Meowscarada|0 fnt\n|faint|p1a: Meowscarada\n|-damage|p2a: Cynthia|25\/100|[from] item: Life Orb\n|\n|upkeep\n|\n|t:|1697614768\n|switch|p1a: Lycanroc|Lycanroc-Dusk, M|100\/100\n|-damage|p1a: Lycanroc|88\/100|[from] Stealth Rock\n|turn|17\n|\n|t:|1697614795\n|switch|p2a: Bob|Clodsire, M, shiny|75\/100\n|move|p1a: Lycanroc|Play Rough|p2a: Bob\n|-resisted|p2a: Bob\n|-damage|p2a: Bob|63\/100\n|-damage|p1a: Lycanroc|78\/100|[from] item: Life Orb\n|\n|-heal|p2a: Bob|69\/100|[from] item: Leftovers\n|-sideend|p2: BoxcarAngels|move: Light Screen\n|upkeep\n|turn|18\n|\n|t:|1697614827\n|move|p1a: Lycanroc|Drill Run|p2a: Bob\n|-supereffective|p2a: Bob\n|-damage|p2a: Bob|26\/100\n|-damage|p1a: Lycanroc|68\/100|[from] item: Life Orb\n|move|p2a: Bob|Recover|p2a: Bob\n|-heal|p2a: Bob|76\/100\n|\n|-heal|p2a: Bob|82\/100|[from] item: Leftovers\n|-sideend|p2: BoxcarAngels|Reflect\n|upkeep\n|turn|19\n|\n|t:|1697614840\n|move|p1a: Lycanroc|Drill Run|p2a: Bob\n|-supereffective|p2a: Bob\n|-crit|p2a: Bob\n|-damage|p2a: Bob|0 fnt\n|faint|p2a: Bob\n|-damage|p1a: Lycanroc|58\/100|[from] item: Life Orb\n|\n|upkeep\n|\n|t:|1697614848\n|switch|p2a: Amoung Us|Amoonguss, M, shiny|91\/100\n|turn|20\n|\n|t:|1697614907\n|move|p1a: Lycanroc|Iron Head|p2a: Amoung Us\n|-damage|p2a: Amoung Us|48\/100\n|-damage|p1a: Lycanroc|48\/100|[from] item: Life Orb\n|move|p2a: Amoung Us|Spore|p1a: Lycanroc\n|-status|p1a: Lycanroc|slp|[from] move: Spore\n|\n|upkeep\n|turn|21\n|\n|t:|1697614916\n|switch|p1a: Slowking|Slowking, F|100\/100\n|switch|p2a: I'm a Farigiraf|Farigiraf, M, shiny|21\/100\n|\n|upkeep\n|turn|22\n|\n|t:|1697614923\n|move|p2a: I'm a Farigiraf|Wish|p2a: I'm a Farigiraf\n|move|p1a: Slowking|Shadow Ball|p2a: I'm a Farigiraf\n|-immune|p2a: I'm a Farigiraf\n|\n|upkeep\n|turn|23\n|\n|t:|1697614931\n|move|p2a: I'm a Farigiraf|Light Screen|p2a: I'm a Farigiraf\n|-sidestart|p2: BoxcarAngels|move: Light Screen\n|move|p1a: Slowking|Surf|p2a: I'm a Farigiraf\n|-damage|p2a: I'm a Farigiraf|2\/100\n|\n|-heal|p2a: I'm a Farigiraf|52\/100|[from] move: Wish|[wisher] I'm a Farigiraf\n|upkeep\n|turn|24\n|\n|t:|1697614943\n|switch|p1a: Baxcalibur|Baxcalibur, F|100\/100\n|-damage|p1a: Baxcalibur|75\/100|[from] Stealth Rock\n|move|p2a: I'm a Farigiraf|Wish|p2a: I'm a Farigiraf\n|\n|upkeep\n|turn|25\n|\n|t:|1697614957\n|move|p1a: Baxcalibur|Brick Break|p2a: I'm a Farigiraf\n|-sideend|p2: BoxcarAngels|move: Light Screen\n|-damage|p2a: I'm a Farigiraf|26\/100\n|move|p2a: I'm a Farigiraf|Reflect|p2a: I'm a Farigiraf\n|-sidestart|p2: BoxcarAngels|Reflect\n|\n|-heal|p2a: I'm a Farigiraf|76\/100|[from] move: Wish|[wisher] I'm a Farigiraf\n|upkeep\n|turn|26\n|\n|t:|1697614964\n|move|p1a: Baxcalibur|Brick Break|p2a: I'm a Farigiraf\n|-sideend|p2: BoxcarAngels|Reflect\n|-damage|p2a: I'm a Farigiraf|52\/100\n|move|p2a: I'm a Farigiraf|Wish|p2a: I'm a Farigiraf\n|\n|upkeep\n|turn|27\n|\n|t:|1697614970\n|move|p1a: Baxcalibur|Glaive Rush|p2a: I'm a Farigiraf\n|-crit|p2a: I'm a Farigiraf\n|-damage|p2a: I'm a Farigiraf|0 fnt\n|-singlemove|p1a: Baxcalibur|Glaive Rush|[silent]\n|faint|p2a: I'm a Farigiraf\n|\n|upkeep\n|\n|t:|1697614975\n|switch|p2a: Cynthia|Garchomp, F, shiny|25\/100\n|turn|28\n|\n|t:|1697615001\n|-terastallize|p1a: Baxcalibur|Water\n|move|p2a: Cynthia|Earthquake|p1a: Baxcalibur\n|-damage|p1a: Baxcalibur|0 fnt\n|faint|p1a: Baxcalibur\n|-damage|p2a: Cynthia|15\/100|[from] item: Life Orb\n|\n|upkeep\n|\n|t:|1697615021\n|switch|p1a: Slowking|Slowking, F|100\/100\n|turn|29\n|\n|t:|1697615040\n|move|p2a: Cynthia|Crunch|p1a: Slowking\n|-supereffective|p1a: Slowking\n|-damage|p1a: Slowking|14\/100\n|-damage|p2a: Cynthia|6\/100|[from] item: Life Orb\n|move|p1a: Slowking|Surf|p2a: Cynthia\n|-damage|p2a: Cynthia|0 fnt\n|faint|p2a: Cynthia\n|\n|upkeep\n|\n|t:|1697615047\n|switch|p2a: Amoung Us|Amoonguss, M, shiny|81\/100\n|turn|30\n|\n|t:|1697615053\n|move|p1a: Slowking|Psychic|p2a: Amoung Us\n|-supereffective|p2a: Amoung Us\n|-damage|p2a: Amoung Us|4\/100\n|move|p2a: Amoung Us|Giga Drain|p1a: Slowking\n|-supereffective|p1a: Slowking\n|-damage|p1a: Slowking|0 fnt\n|-heal|p2a: Amoung Us|10\/100|[from] drain|[of] p1a: Slowking\n|faint|p1a: Slowking\n|\n|upkeep\n|\n|t:|1697615060\n|switch|p1a: Great Tusk|Great Tusk|76\/100\n|-damage|p1a: Great Tusk|73\/100|[from] Stealth Rock\n|turn|31\n|\n|t:|1697615070\n|move|p2a: Amoung Us|Protect|p2a: Amoung Us\n|-singleturn|p2a: Amoung Us|Protect\n|move|p1a: Great Tusk|Ice Spinner|p2a: Amoung Us\n|-activate|p2a: Amoung Us|move: Protect\n|\n|upkeep\n|turn|32\n|\n|t:|1697615078\n|-terastallize|p2a: Amoung Us|Dark\n|move|p1a: Great Tusk|Ice Spinner|p2a: Amoung Us\n|-damage|p2a: Amoung Us|0 fnt\n|faint|p2a: Amoung Us\n|\n|win|jarebear375\n","uploadtime":1697615087,"views":23,"p1id":"jarebear375","p2id":"boxcarangels","formatid":"gen9ubers","rating":0,"private":0,"password":""}