{"id":"gen9ubers-1981346376","p1":"Tarheel Tacticians","p2":"Gnarly Ari","format":"[Gen 9] Ubers","log":"|j|\u2606Tarheel Tacticians\n|j|\u2606Gnarly Ari\n|t:|1698885965\n|gametype|singles\n|player|p1|Tarheel Tacticians|102|\n|player|p2|Gnarly Ari|pokemonrangerf|\n|teamsize|p1|6\n|teamsize|p2|6\n|gen|9\n|tier|[Gen 9] Ubers\n|rule|Sleep Clause Mod: Limit one foe put to sleep\n|rule|Species Clause: Limit one of each Pok\u00e9mon\n|rule|OHKO Clause: OHKO moves are banned\n|rule|Evasion Items Clause: Evasion items are banned\n|rule|Evasion Moves Clause: Evasion moves are banned\n|rule|Endless Battle Clause: Forcing endless battles is banned\n|rule|HP Percentage Mod: HP is shown in percentages\n|clearpoke\n|poke|p1|Samurott-Hisui, M|\n|poke|p1|Gholdengo|\n|poke|p1|Goodra-Hisui, M|\n|poke|p1|Thundurus, M|\n|poke|p1|Skeledirge, F|\n|poke|p1|Overqwil, M|\n|poke|p2|Slither Wing|\n|poke|p2|Gallade, M|\n|poke|p2|Clefable, M|\n|poke|p2|Gothitelle, F|\n|poke|p2|Manaphy|\n|poke|p2|Talonflame, F|\n|teampreview\n|\n|t:|1698885991\n|start\n|switch|p1a: Goodra|Goodra-Hisui, M|100\/100\n|switch|p2a: Clefable|Clefable, M|100\/100\n|turn|1\n|\n|t:|1698886012\n|move|p2a: Clefable|Moonblast|p1a: Goodra\n|-damage|p1a: Goodra|81\/100\n|move|p1a: Goodra|Heavy Slam|p2a: Clefable\n|-supereffective|p2a: Clefable\n|-damage|p2a: Clefable|0 fnt\n|faint|p2a: Clefable\n|\n|upkeep\n|\n|t:|1698886053\n|switch|p2a: Talonflame|Talonflame, F|100\/100\n|turn|2\n|c|\u2606Tarheel Tacticians|hello\n|\n|t:|1698886061\n|move|p2a: Talonflame|Flare Blitz|p1a: Goodra\n|-damage|p1a: Goodra|37\/100\n|-damage|p2a: Talonflame|83\/100|[from] Recoil\n|move|p1a: Goodra|Thunderbolt|p2a: Talonflame\n|-supereffective|p2a: Talonflame\n|-damage|p2a: Talonflame|0 fnt\n|faint|p2a: Talonflame\n|\n|upkeep\n|\n|t:|1698886069\n|switch|p2a: Manaphy|Manaphy|100\/100\n|turn|3\n|\n|t:|1698886076\n|move|p2a: Manaphy|Ice Beam|p1a: Goodra\n|-damage|p1a: Goodra|27\/100\n|move|p1a: Goodra|Thunderbolt|p2a: Manaphy\n|-supereffective|p2a: Manaphy\n|-damage|p2a: Manaphy|51\/100\n|\n|upkeep\n|turn|4\n|\n|t:|1698886100\n|move|p2a: Manaphy|Rain Dance|p2a: Manaphy\n|-weather|RainDance\n|move|p1a: Goodra|Thunderbolt|p2a: Manaphy\n|-supereffective|p2a: Manaphy\n|-damage|p2a: Manaphy|3\/100\n|\n|-weather|RainDance|[upkeep]\n|upkeep\n|turn|5\n|\n|t:|1698886115\n|move|p2a: Manaphy|Surf|p1a: Goodra\n|-resisted|p1a: Goodra\n|-damage|p1a: Goodra|15\/100\n|move|p1a: Goodra|Thunderbolt|p2a: Manaphy\n|-supereffective|p2a: Manaphy\n|-damage|p2a: Manaphy|0 fnt\n|faint|p2a: Manaphy\n|\n|-weather|RainDance|[upkeep]\n|upkeep\n|\n|t:|1698886135\n|switch|p2a: Gothitelle|Gothitelle, F|100\/100\n|turn|6\n|\n|t:|1698886168\n|move|p1a: Goodra|Ice Beam|p2a: Gothitelle\n|-damage|p2a: Gothitelle|81\/100\n|-status|p2a: Gothitelle|frz\n|cant|p2a: Gothitelle|frz\n|\n|-weather|RainDance|[upkeep]\n|upkeep\n|turn|7\n|\n|t:|1698886187\n|move|p1a: Goodra|Heavy Slam|p2a: Gothitelle\n|-crit|p2a: Gothitelle\n|-damage|p2a: Gothitelle|18\/100 frz\n|cant|p2a: Gothitelle|frz\n|\n|-weather|RainDance|[upkeep]\n|upkeep\n|turn|8\n|\n|t:|1698886194\n|cant|p2a: Gothitelle|frz\n|move|p1a: Goodra|Heavy Slam|p2a: Gothitelle\n|-damage|p2a: Gothitelle|0 fnt\n|faint|p2a: Gothitelle\n|\n|-weather|none\n|upkeep\n|\n|t:|1698886203\n|switch|p2a: Slither Wing|Slither Wing|100\/100\n|turn|9\n|\n|t:|1698886221\n|switch|p1a: Skeledirge|Skeledirge, F|100\/100\n|move|p2a: Slither Wing|Earthquake|p1a: Skeledirge\n|-supereffective|p1a: Skeledirge\n|-damage|p1a: Skeledirge|43\/100\n|-damage|p2a: Slither Wing|91\/100|[from] item: Life Orb\n|\n|-heal|p1a: Skeledirge|49\/100|[from] item: Leftovers\n|upkeep\n|turn|10\n|\n|t:|1698886234\n|-terastallize|p1a: Skeledirge|Fairy\n|move|p2a: Slither Wing|Earthquake|p1a: Skeledirge\n|-damage|p1a: Skeledirge|20\/100\n|-damage|p2a: Slither Wing|81\/100|[from] item: Life Orb\n|move|p1a: Skeledirge|Torch Song|p2a: Slither Wing\n|-supereffective|p2a: Slither Wing\n|-damage|p2a: Slither Wing|26\/100\n|-boost|p1a: Skeledirge|spa|1\n|\n|-heal|p1a: Skeledirge|26\/100|[from] item: Leftovers\n|upkeep\n|turn|11\n|\n|t:|1698886252\n|move|p2a: Slither Wing|Leech Life|p1a: Skeledirge\n|-resisted|p1a: Skeledirge\n|-damage|p1a: Skeledirge|8\/100\n|-heal|p2a: Slither Wing|38\/100|[from] drain|[of] p1a: Skeledirge\n|-damage|p2a: Slither Wing|28\/100|[from] item: Life Orb\n|move|p1a: Skeledirge|Slack Off|p1a: Skeledirge\n|-heal|p1a: Skeledirge|58\/100\n|\n|-heal|p1a: Skeledirge|64\/100|[from] item: Leftovers\n|upkeep\n|turn|12\n|\n|t:|1698886272\n|move|p2a: Slither Wing|Close Combat|p1a: Skeledirge\n|-resisted|p1a: Skeledirge\n|-damage|p1a: Skeledirge|36\/100\n|-unboost|p2a: Slither Wing|def|1\n|-unboost|p2a: Slither Wing|spd|1\n|-damage|p2a: Slither Wing|18\/100|[from] item: Life Orb\n|move|p1a: Skeledirge|Torch Song|p2a: Slither Wing\n|-supereffective|p2a: Slither Wing\n|-damage|p2a: Slither Wing|0 fnt\n|-boost|p1a: Skeledirge|spa|1\n|faint|p2a: Slither Wing\n|-end|p2a: Slither Wing|Protosynthesis|[silent]\n|\n|-heal|p1a: Skeledirge|42\/100|[from] item: Leftovers\n|upkeep\n|\n|t:|1698886286\n|switch|p2a: Gallade|Gallade, M|100\/100\n|turn|13\n|\n|t:|1698886306\n|move|p2a: Gallade|Sacred Sword|p1a: Skeledirge\n|-resisted|p1a: Skeledirge\n|-damage|p1a: Skeledirge|21\/100\n|move|p1a: Skeledirge|Slack Off|p1a: Skeledirge\n|-heal|p1a: Skeledirge|71\/100\n|\n|-heal|p1a: Skeledirge|77\/100|[from] item: Leftovers\n|upkeep\n|turn|14\n|\n|t:|1698886316\n|move|p2a: Gallade|Sacred Sword|p1a: Skeledirge\n|-resisted|p1a: Skeledirge\n|-damage|p1a: Skeledirge|53\/100\n|move|p1a: Skeledirge|Will-O-Wisp|p2a: Gallade\n|-status|p2a: Gallade|brn\n|\n|-heal|p1a: Skeledirge|59\/100|[from] item: Leftovers\n|-damage|p2a: Gallade|94\/100 brn|[from] brn\n|upkeep\n|turn|15\n|\n|t:|1698886328\n|move|p2a: Gallade|Psycho Cut|p1a: Skeledirge\n|-damage|p1a: Skeledirge|41\/100\n|move|p1a: Skeledirge|Hex|p2a: Gallade\n|-supereffective|p2a: Gallade\n|-damage|p2a: Gallade|0 fnt\n|faint|p2a: Gallade\n|\n|win|Tarheel Tacticians\n","uploadtime":1698886340,"views":10,"p1id":"tarheeltacticians","p2id":"gnarlyari","formatid":"gen9ubers","rating":0,"private":0,"password":""}