{"id":"gen9ubers-1987897131","p1":"KaiserreduxFan","p2":"GreenCatKid","format":"[Gen 9] Ubers","log":"|j|\u2606KaiserreduxFan\n|j|\u2606GreenCatKid\n|t:|1699646989\n|gametype|singles\n|player|p1|KaiserreduxFan|lucas|\n|player|p2|GreenCatKid|fisherman-gen4|\n|teamsize|p1|6\n|teamsize|p2|6\n|gen|9\n|tier|[Gen 9] Ubers\n|rule|Sleep Clause Mod: Limit one foe put to sleep\n|rule|Species Clause: Limit one of each Pok\u00e9mon\n|rule|OHKO Clause: OHKO moves are banned\n|rule|Evasion Items Clause: Evasion items are banned\n|rule|Evasion Moves Clause: Evasion moves are banned\n|rule|Endless Battle Clause: Forcing endless battles is banned\n|rule|HP Percentage Mod: HP is shown in percentages\n|clearpoke\n|poke|p1|Meowscarada, M|\n|poke|p1|Gholdengo|\n|poke|p1|Dialga|\n|poke|p1|Zacian-*|\n|poke|p1|Magearna|\n|poke|p1|Cyclizar, M|\n|poke|p2|Zacian-*|\n|poke|p2|Baxcalibur, F|\n|poke|p2|Arceus-Ghost|\n|poke|p2|Chi-Yu|\n|poke|p2|Magearna|\n|poke|p2|Alomomola, M|\n|teampreview\n|inactive|Battle timer is ON: inactive players will automatically lose when time's up. (requested by KaiserreduxFan)\n|inactive|GreenCatKid also wants the timer to be on.\n|c|\u2606KaiserreduxFan|hf\n|\n|t:|1699647004\n|start\n|switch|p1a: Meowscarada|Meowscarada, M|100\/100\n|switch|p2a: Magearna|Magearna|100\/100\n|turn|1\n|\n|t:|1699647012\n|move|p1a: Meowscarada|Spikes|p2a: Magearna\n|-sidestart|p2: GreenCatKid|Spikes\n|move|p2a: Magearna|Spikes|p1a: Meowscarada\n|-sidestart|p1: KaiserreduxFan|Spikes\n|\n|upkeep\n|turn|2\n|\n|t:|1699647024\n|move|p1a: Meowscarada|Spikes|p2a: Magearna\n|-sidestart|p2: GreenCatKid|Spikes\n|move|p2a: Magearna|Spikes|p1a: Meowscarada\n|-sidestart|p1: KaiserreduxFan|Spikes\n|\n|upkeep\n|turn|3\n|\n|t:|1699647029\n|move|p1a: Meowscarada|Spikes|p2a: Magearna\n|-sidestart|p2: GreenCatKid|Spikes\n|move|p2a: Magearna|Spikes|p1a: Meowscarada\n|-sidestart|p1: KaiserreduxFan|Spikes\n|\n|upkeep\n|turn|4\n|\n|t:|1699647039\n|move|p1a: Meowscarada|Toxic Spikes|p2a: Magearna\n|-sidestart|p2: GreenCatKid|move: Toxic Spikes\n|move|p2a: Magearna|Volt Switch|p1a: Meowscarada\n|-resisted|p1a: Meowscarada\n|-damage|p1a: Meowscarada|85\/100\n|inactive|GreenCatKid has 270 seconds left.\n|\n|t:|1699647086\n|switch|p2a: Chi-Yu|Chi-Yu|100\/100|[from] Volt Switch\n|-damage|p2a: Chi-Yu|76\/100|[from] Spikes\n|-status|p2a: Chi-Yu|psn\n|-ability|p2a: Chi-Yu|Beads of Ruin\n|\n|-damage|p2a: Chi-Yu|63\/100 psn|[from] psn\n|upkeep\n|turn|5\n|\n|t:|1699647094\n|move|p1a: Meowscarada|Knock Off|p2a: Chi-Yu\n|-resisted|p2a: Chi-Yu\n|-damage|p2a: Chi-Yu|26\/100 psn\n|-enditem|p2a: Chi-Yu|Choice Specs|[from] move: Knock Off|[of] p1a: Meowscarada\n|move|p2a: Chi-Yu|Overheat|p1a: Meowscarada\n|-supereffective|p1a: Meowscarada\n|-damage|p1a: Meowscarada|0 fnt\n|-unboost|p2a: Chi-Yu|spa|2\n|faint|p1a: Meowscarada\n|\n|-damage|p2a: Chi-Yu|13\/100 psn|[from] psn\n|upkeep\n|\n|t:|1699647100\n|switch|p1a: Cyclizar|Cyclizar, M|100\/100\n|turn|6\n|inactive|GreenCatKid has 270 seconds left.\n|\n|t:|1699647126\n|switch|p2a: Alomomola|Alomomola, M|100\/100\n|move|p1a: Cyclizar|Shed Tail|p1a: Cyclizar\n|-start|p1a: Cyclizar|Substitute|[from] move: Shed Tail\n|-damage|p1a: Cyclizar|50\/100\n|\n|t:|1699647131\n|switch|p1a: Zacian|Zacian|100\/100|[from] Shed Tail\n|-ability|p1a: Zacian|Intrepid Sword|boost\n|-boost|p1a: Zacian|atk|1\n|\n|upkeep\n|turn|7\n|\n|t:|1699647151\n|move|p1a: Zacian|Swords Dance|p1a: Zacian\n|-boost|p1a: Zacian|atk|2\n|move|p2a: Alomomola|Scald|p1a: Zacian\n|-activate|p1a: Zacian|move: Substitute|[damage]\n|\n|upkeep\n|turn|8\n|\n|t:|1699647169\n|move|p1a: Zacian|Trailblaze|p2a: Alomomola\n|-supereffective|p2a: Alomomola\n|-damage|p2a: Alomomola|60\/100\n|-boost|p1a: Zacian|spe|1\n|move|p2a: Alomomola|Flip Turn|p1a: Zacian\n|-end|p1a: Zacian|Substitute\n|inactive|GreenCatKid has 240 seconds left.\n|\n|t:|1699647186\n|switch|p2a: Magearna|Magearna|100\/100|[from] Flip Turn\n|-damage|p2a: Magearna|75\/100|[from] Spikes\n|\n|-heal|p2a: Magearna|82\/100|[from] item: Leftovers\n|upkeep\n|turn|9\n|inactive|GreenCatKid has 240 seconds left.\n|\n|t:|1699647209\n|-terastallize|p1a: Zacian|Fire\n|move|p1a: Zacian|Tera Blast|p2a: Magearna|[anim] Tera Blast Fire\n|-supereffective|p2a: Magearna\n|-damage|p2a: Magearna|0 fnt\n|faint|p2a: Magearna\n|\n|upkeep\n|\n|t:|1699647222\n|switch|p2a: Alomomola|Alomomola, M|93\/100\n|turn|10\n|inactive|GreenCatKid has 210 seconds left.\n|\n|t:|1699647249\n|-terastallize|p2a: Alomomola|Steel\n|move|p1a: Zacian|Play Rough|p2a: Alomomola\n|-resisted|p2a: Alomomola\n|-damage|p2a: Alomomola|68\/100\n|move|p2a: Alomomola|Scald|p1a: Zacian\n|-supereffective|p1a: Zacian\n|-damage|p1a: Zacian|80\/100\n|\n|upkeep\n|turn|11\n|inactive|GreenCatKid has 210 seconds left.\n|inactive|GreenCatKid has 180 seconds left.\n|\n|t:|1699647285\n|move|p2a: Alomomola|Protect|p2a: Alomomola\n|-singleturn|p2a: Alomomola|Protect\n|move|p1a: Zacian|Tera Blast|p2a: Alomomola|[anim] Tera Blast Fire\n|-activate|p2a: Alomomola|move: Protect\n|\n|upkeep\n|turn|12\n|inactive|GreenCatKid has 180 seconds left.\n|\n|t:|1699647299\n|move|p1a: Zacian|Tera Blast|p2a: Alomomola|[anim] Tera Blast Fire\n|-supereffective|p2a: Alomomola\n|-damage|p2a: Alomomola|0 fnt\n|faint|p2a: Alomomola\n|\n|upkeep\n|inactive|GreenCatKid has 180 seconds left.\n|\n|t:|1699647307\n|switch|p2a: Arceus|Arceus-Ghost|100\/100\n|-damage|p2a: Arceus|75\/100|[from] Spikes\n|-status|p2a: Arceus|psn\n|turn|13\n|inactive|GreenCatKid has 180 seconds left.\n|\n|t:|1699647319\n|move|p2a: Arceus|Extreme Speed|p1a: Zacian\n|-damage|p1a: Zacian|59\/100\n|move|p1a: Zacian|Tera Blast|p2a: Arceus|[anim] Tera Blast Fire\n|-damage|p2a: Arceus|18\/100 psn\n|\n|-damage|p2a: Arceus|5\/100 psn|[from] psn\n|upkeep\n|turn|14\n|inactive|GreenCatKid has 180 seconds left.\n|\n|t:|1699647336\n|move|p2a: Arceus|Extreme Speed|p1a: Zacian\n|-damage|p1a: Zacian|37\/100\n|move|p1a: Zacian|Tera Blast|p2a: Arceus|[anim] Tera Blast Fire\n|-damage|p2a: Arceus|0 fnt\n|faint|p2a: Arceus\n|\n|upkeep\n|\n|t:|1699647346\n|switch|p2a: Zacian|Zacian|100\/100\n|-ability|p2a: Zacian|Intrepid Sword|boost\n|-boost|p2a: Zacian|atk|1\n|turn|15\n|inactive|GreenCatKid has 180 seconds left.\n|\n|t:|1699647355\n|move|p1a: Zacian|Play Rough|p2a: Zacian\n|-damage|p2a: Zacian|12\/100\n|move|p2a: Zacian|Close Combat|p1a: Zacian\n|-damage|p1a: Zacian|0 fnt\n|-unboost|p2a: Zacian|def|1\n|-unboost|p2a: Zacian|spd|1\n|faint|p1a: Zacian\n|\n|upkeep\n|\n|t:|1699647363\n|switch|p1a: Gholdengo|Gholdengo|100\/100\n|-item|p1a: Gholdengo|Air Balloon\n|turn|16\n|\n|t:|1699647374\n|move|p2a: Zacian|Crunch|p1a: Gholdengo\n|-supereffective|p1a: Gholdengo\n|-damage|p1a: Gholdengo|31\/100\n|-enditem|p1a: Gholdengo|Air Balloon\n|move|p1a: Gholdengo|Shadow Ball|p2a: Zacian\n|-damage|p2a: Zacian|0 fnt\n|faint|p2a: Zacian\n|\n|upkeep\n|inactive|GreenCatKid has 180 seconds left.\n|\n|t:|1699647393\n|switch|p2a: Baxcalibur|Baxcalibur, F|100\/100\n|-damage|p2a: Baxcalibur|76\/100|[from] Spikes\n|-status|p2a: Baxcalibur|psn\n|turn|17\n|inactive|GreenCatKid has 180 seconds left.\n|\n|t:|1699647428\n|move|p2a: Baxcalibur|Earthquake|p1a: Gholdengo\n|-supereffective|p1a: Gholdengo\n|-damage|p1a: Gholdengo|0 fnt\n|faint|p1a: Gholdengo\n|\n|-damage|p2a: Baxcalibur|63\/100 psn|[from] psn\n|upkeep\n|\n|t:|1699647434\n|switch|p1a: Cyclizar|Cyclizar, M|84\/100\n|turn|18\n|\n|t:|1699647452\n|move|p1a: Cyclizar|Taunt|p2a: Baxcalibur\n|-start|p2a: Baxcalibur|move: Taunt\n|move|p2a: Baxcalibur|Earthquake|p1a: Cyclizar\n|-damage|p1a: Cyclizar|33\/100\n|\n|-damage|p2a: Baxcalibur|51\/100 psn|[from] psn\n|upkeep\n|turn|19\n|inactive|GreenCatKid has 150 seconds left.\n|\n|t:|1699647492\n|switch|p2a: Chi-Yu|Chi-Yu|13\/100 psn\n|-damage|p2a: Chi-Yu|0 fnt|[from] Spikes\n|faint|p2a: Chi-Yu\n|move|p1a: Cyclizar|Rapid Spin|p2: Chi-Yu|[notarget]\n|-fail|p1a: Cyclizar\n|\n|upkeep\n|\n|t:|1699647499\n|switch|p2a: Baxcalibur|Baxcalibur, F|51\/100 psn\n|-damage|p2a: Baxcalibur|26\/100 psn|[from] Spikes\n|turn|20\n|\n|t:|1699647507\n|move|p1a: Cyclizar|Knock Off|p2a: Baxcalibur\n|-damage|p2a: Baxcalibur|5\/100 psn\n|-enditem|p2a: Baxcalibur|Loaded Dice|[from] move: Knock Off|[of] p1a: Cyclizar\n|move|p2a: Baxcalibur|Scale Shot|p1a: Cyclizar\n|-supereffective|p1a: Cyclizar\n|-damage|p1a: Cyclizar|0 fnt\n|faint|p1a: Cyclizar\n|-hitcount|p1: Cyclizar|1\n|-unboost|p2a: Baxcalibur|def|1\n|-boost|p2a: Baxcalibur|spe|1\n|\n|-damage|p2a: Baxcalibur|0 fnt|[from] psn\n|faint|p2a: Baxcalibur\n|\n|win|KaiserreduxFan\n|upkeep\n|c|\u2606GreenCatKid|ggwp\n|c|\u2606KaiserreduxFan|gg\n|player|p2|GreenCatKid|fisherman-gen4\n","uploadtime":1699647518,"views":40,"p1id":"kaiserreduxfan","p2id":"greencatkid","formatid":"gen9ubers","rating":0,"private":0,"password":""}