{"id":"gen9ubers-1993145290","p1":"LITLE0","p2":"825op","format":"[Gen 9] Ubers","log":"|j|\u2606LITLE0\n|j|\u2606825op\n|t:|1700270205\n|gametype|singles\n|player|p1|LITLE0|brock|1102\n|player|p2|825op|cynthia|1000\n|teamsize|p1|6\n|teamsize|p2|6\n|gen|9\n|tier|[Gen 9] Ubers\n|rated|\n|rule|Sleep Clause Mod: Limit one foe put to sleep\n|rule|Species Clause: Limit one of each Pok\u00e9mon\n|rule|OHKO Clause: OHKO moves are banned\n|rule|Evasion Items Clause: Evasion items are banned\n|rule|Evasion Moves Clause: Evasion moves are banned\n|rule|Endless Battle Clause: Forcing endless battles is banned\n|rule|HP Percentage Mod: HP is shown in percentages\n|clearpoke\n|poke|p1|Amoonguss, M|\n|poke|p1|Ceruledge, F|\n|poke|p1|Cyclizar, M|\n|poke|p1|Dondozo, M|\n|poke|p1|Gliscor, M|\n|poke|p1|Zacian-*|\n|poke|p2|Koraidon|\n|poke|p2|Zacian-*|\n|poke|p2|Skeledirge, F|\n|poke|p2|Clodsire, M|\n|poke|p2|Arceus-Fairy|\n|poke|p2|Giratina-Origin|\n|teampreview\n|\n|t:|1700270215\n|start\n|switch|p1a: Cyclizar|Cyclizar, M|100\/100\n|switch|p2a: Zacian|Zacian-Crowned|100\/100\n|-ability|p2a: Zacian|Intrepid Sword|boost\n|-boost|p2a: Zacian|atk|1\n|turn|1\n|\n|t:|1700270222\n|switch|p1a: Dondozo|Dondozo, M|100\/100\n|move|p2a: Zacian|Swords Dance|p2a: Zacian\n|-boost|p2a: Zacian|atk|2\n|\n|upkeep\n|turn|2\n|\n|t:|1700270228\n|move|p2a: Zacian|Close Combat|p1a: Dondozo\n|-damage|p1a: Dondozo|79\/100\n|-unboost|p2a: Zacian|def|1\n|-unboost|p2a: Zacian|spd|1\n|move|p1a: Dondozo|Liquidation|p2a: Zacian\n|-damage|p2a: Zacian|75\/100\n|\n|-heal|p1a: Dondozo|86\/100|[from] item: Leftovers\n|upkeep\n|turn|3\n|\n|t:|1700270232\n|move|p2a: Zacian|Behemoth Blade|p1a: Dondozo\n|-resisted|p1a: Dondozo\n|-damage|p1a: Dondozo|72\/100\n|move|p1a: Dondozo|Liquidation|p2a: Zacian\n|-damage|p2a: Zacian|45\/100\n|\n|-heal|p1a: Dondozo|78\/100|[from] item: Leftovers\n|upkeep\n|turn|4\n|\n|t:|1700270236\n|move|p2a: Zacian|Play Rough|p1a: Dondozo\n|-damage|p1a: Dondozo|55\/100\n|move|p1a: Dondozo|Liquidation|p2a: Zacian\n|-damage|p2a: Zacian|20\/100\n|\n|-heal|p1a: Dondozo|61\/100|[from] item: Leftovers\n|upkeep\n|turn|5\n|\n|t:|1700270239\n|move|p2a: Zacian|Close Combat|p1a: Dondozo\n|-damage|p1a: Dondozo|39\/100\n|-unboost|p2a: Zacian|def|1\n|-unboost|p2a: Zacian|spd|1\n|move|p1a: Dondozo|Liquidation|p2a: Zacian\n|-damage|p2a: Zacian|0 fnt\n|faint|p2a: Zacian\n|\n|-heal|p1a: Dondozo|45\/100|[from] item: Leftovers\n|upkeep\n|\n|t:|1700270244\n|switch|p2a: Clodsire|Clodsire, M|100\/100\n|turn|6\n|\n|t:|1700270246\n|move|p1a: Dondozo|Liquidation|p2a: Clodsire\n|-immune|p2a: Clodsire|[from] ability: Water Absorb\n|move|p2a: Clodsire|Earthquake|p1a: Dondozo\n|-damage|p1a: Dondozo|32\/100\n|\n|-heal|p1a: Dondozo|38\/100|[from] item: Leftovers\n|upkeep\n|turn|7\n|\n|t:|1700270252\n|move|p1a: Dondozo|Rest|p1a: Dondozo\n|-status|p1a: Dondozo|slp|[from] move: Rest\n|-heal|p1a: Dondozo|100\/100 slp|[silent]\n|move|p2a: Clodsire|Stealth Rock|p1a: Dondozo\n|-sidestart|p1: LITLE0|move: Stealth Rock\n|\n|upkeep\n|turn|8\n|\n|t:|1700270258\n|switch|p1a: Gliscor|Gliscor, M|100\/100\n|-damage|p1a: Gliscor|88\/100|[from] Stealth Rock\n|move|p2a: Clodsire|Stealth Rock||[still]\n|-fail|p2a: Clodsire\n|\n|-status|p1a: Gliscor|tox|[from] item: Toxic Orb\n|upkeep\n|turn|9\n|inactive|Battle timer is ON: inactive players will automatically lose when time's up. (requested by 825op)\n|\n|t:|1700270262\n|move|p1a: Gliscor|Knock Off|p2a: Clodsire\n|-damage|p2a: Clodsire|68\/100\n|-enditem|p2a: Clodsire|Heavy-Duty Boots|[from] move: Knock Off|[of] p1a: Gliscor\n|move|p2a: Clodsire|Earthquake|p1a: Gliscor\n|-immune|p1a: Gliscor\n|\n|-heal|p1a: Gliscor|100\/100 tox|[from] ability: Poison Heal\n|upkeep\n|turn|10\n|\n|t:|1700270267\n|move|p1a: Gliscor|Earthquake|p2a: Clodsire\n|-supereffective|p2a: Clodsire\n|-damage|p2a: Clodsire|0 fnt\n|faint|p2a: Clodsire\n|\n|upkeep\n|\n|t:|1700270271\n|switch|p2a: Koraidon|Koraidon|100\/100\n|-weather|SunnyDay|[from] ability: Orichalcum Pulse|[of] p2a: Koraidon\n|-activate|p2a: Koraidon|Orichalcum Pulse|[source]\n|turn|11\n|\n|t:|1700270277\n|switch|p1a: Dondozo|Dondozo, M|100\/100 slp\n|-damage|p1a: Dondozo|88\/100 slp|[from] Stealth Rock\n|move|p2a: Koraidon|Drain Punch|p1a: Dondozo\n|-damage|p1a: Dondozo|62\/100 slp\n|\n|-weather|SunnyDay|[upkeep]\n|-heal|p1a: Dondozo|69\/100 slp|[from] item: Leftovers\n|upkeep\n|turn|12\n|\n|t:|1700270282\n|move|p2a: Koraidon|Crunch|p1a: Dondozo\n|-damage|p1a: Dondozo|50\/100 slp\n|cant|p1a: Dondozo|slp\n|move|p1a: Dondozo|Sleep Talk|p1a: Dondozo\n|move|p1a: Dondozo|Rest||[from]move: Sleep Talk|[still]\n|-fail|p1a: Dondozo\n|\n|-weather|SunnyDay|[upkeep]\n|-heal|p1a: Dondozo|56\/100 slp|[from] item: Leftovers\n|upkeep\n|turn|13\n|\n|t:|1700270293\n|move|p2a: Koraidon|Bulk Up|p2a: Koraidon\n|-boost|p2a: Koraidon|atk|1\n|-boost|p2a: Koraidon|def|1\n|cant|p1a: Dondozo|slp\n|move|p1a: Dondozo|Sleep Talk|p1a: Dondozo\n|move|p1a: Dondozo|Body Press|p2a: Koraidon|[from]move: Sleep Talk\n|-damage|p2a: Koraidon|81\/100\n|\n|-weather|SunnyDay|[upkeep]\n|-heal|p2a: Koraidon|87\/100|[from] item: Leftovers\n|-heal|p1a: Dondozo|62\/100 slp|[from] item: Leftovers\n|upkeep\n|turn|14\n|\n|t:|1700270297\n|move|p2a: Koraidon|Drain Punch|p1a: Dondozo\n|-damage|p1a: Dondozo|37\/100 slp\n|-heal|p2a: Koraidon|100\/100|[from] drain|[of] p1a: Dondozo\n|-curestatus|p1a: Dondozo|slp|[msg]\n|move|p1a: Dondozo|Rest|p1a: Dondozo\n|-status|p1a: Dondozo|slp|[from] move: Rest\n|-heal|p1a: Dondozo|100\/100 slp|[silent]\n|\n|-weather|SunnyDay|[upkeep]\n|upkeep\n|turn|15\n|\n|t:|1700270300\n|move|p2a: Koraidon|Drain Punch|p1a: Dondozo\n|-damage|p1a: Dondozo|78\/100 slp\n|cant|p1a: Dondozo|slp\n|move|p1a: Dondozo|Sleep Talk|p1a: Dondozo\n|move|p1a: Dondozo|Rest||[from]move: Sleep Talk|[still]\n|-fail|p1a: Dondozo\n|\n|-weather|none\n|-heal|p1a: Dondozo|84\/100 slp|[from] item: Leftovers\n|upkeep\n|turn|16\n|\n|t:|1700270303\n|move|p2a: Koraidon|Drain Punch|p1a: Dondozo\n|-damage|p1a: Dondozo|67\/100 slp\n|cant|p1a: Dondozo|slp\n|move|p1a: Dondozo|Sleep Talk|p1a: Dondozo\n|move|p1a: Dondozo|Rest||[from]move: Sleep Talk|[still]\n|-fail|p1a: Dondozo\n|\n|-heal|p1a: Dondozo|73\/100 slp|[from] item: Leftovers\n|upkeep\n|turn|17\n|\n|t:|1700270308\n|move|p2a: Koraidon|Bulk Up|p2a: Koraidon\n|-boost|p2a: Koraidon|atk|1\n|-boost|p2a: Koraidon|def|1\n|-curestatus|p1a: Dondozo|slp|[msg]\n|move|p1a: Dondozo|Liquidation|p2a: Koraidon\n|-resisted|p2a: Koraidon\n|-damage|p2a: Koraidon|90\/100\n|\n|-heal|p2a: Koraidon|96\/100|[from] item: Leftovers\n|-heal|p1a: Dondozo|79\/100|[from] item: Leftovers\n|upkeep\n|turn|18\n|\n|t:|1700270311\n|move|p2a: Koraidon|Drain Punch|p1a: Dondozo\n|-damage|p1a: Dondozo|63\/100\n|-heal|p2a: Koraidon|100\/100|[from] drain|[of] p1a: Dondozo\n|move|p1a: Dondozo|Body Press|p2a: Koraidon\n|-damage|p2a: Koraidon|77\/100\n|\n|-heal|p2a: Koraidon|84\/100|[from] item: Leftovers\n|-heal|p1a: Dondozo|69\/100|[from] item: Leftovers\n|upkeep\n|turn|19\n|\n|t:|1700270314\n|move|p2a: Koraidon|Drain Punch|p1a: Dondozo\n|-damage|p1a: Dondozo|51\/100\n|-heal|p2a: Koraidon|95\/100|[from] drain|[of] p1a: Dondozo\n|move|p1a: Dondozo|Body Press|p2a: Koraidon\n|-damage|p2a: Koraidon|75\/100\n|\n|-heal|p2a: Koraidon|82\/100|[from] item: Leftovers\n|-heal|p1a: Dondozo|57\/100|[from] item: Leftovers\n|upkeep\n|turn|20\n|\n|t:|1700270317\n|move|p2a: Koraidon|Drain Punch|p1a: Dondozo\n|-damage|p1a: Dondozo|40\/100\n|-heal|p2a: Koraidon|92\/100|[from] drain|[of] p1a: Dondozo\n|move|p1a: Dondozo|Rest|p1a: Dondozo\n|-status|p1a: Dondozo|slp|[from] move: Rest\n|-heal|p1a: Dondozo|100\/100 slp|[silent]\n|\n|-heal|p2a: Koraidon|99\/100|[from] item: Leftovers\n|upkeep\n|turn|21\n|\n|t:|1700270320\n|move|p2a: Koraidon|Bulk Up|p2a: Koraidon\n|-boost|p2a: Koraidon|atk|1\n|-boost|p2a: Koraidon|def|1\n|cant|p1a: Dondozo|slp\n|move|p1a: Dondozo|Sleep Talk|p1a: Dondozo\n|move|p1a: Dondozo|Rest||[from]move: Sleep Talk|[still]\n|-fail|p1a: Dondozo\n|\n|-heal|p2a: Koraidon|100\/100|[from] item: Leftovers\n|upkeep\n|turn|22\n|\n|t:|1700270323\n|move|p2a: Koraidon|Bulk Up|p2a: Koraidon\n|-boost|p2a: Koraidon|atk|1\n|-boost|p2a: Koraidon|def|1\n|cant|p1a: Dondozo|slp\n|move|p1a: Dondozo|Sleep Talk|p1a: Dondozo\n|move|p1a: Dondozo|Liquidation|p2a: Koraidon|[from]move: Sleep Talk\n|-resisted|p2a: Koraidon\n|-damage|p2a: Koraidon|89\/100\n|\n|-heal|p2a: Koraidon|96\/100|[from] item: Leftovers\n|upkeep\n|turn|23\n|\n|t:|1700270325\n|move|p2a: Koraidon|Bulk Up|p2a: Koraidon\n|-boost|p2a: Koraidon|atk|1\n|-boost|p2a: Koraidon|def|1\n|-curestatus|p1a: Dondozo|slp|[msg]\n|move|p1a: Dondozo|Sleep Talk||[still]\n|-fail|p1a: Dondozo\n|\n|-heal|p2a: Koraidon|100\/100|[from] item: Leftovers\n|upkeep\n|turn|24\n|\n|t:|1700270329\n|move|p2a: Koraidon|Drain Punch|p1a: Dondozo\n|-crit|p1a: Dondozo\n|-damage|p1a: Dondozo|73\/100\n|move|p1a: Dondozo|Body Press|p2a: Koraidon\n|-damage|p2a: Koraidon|81\/100\n|\n|-heal|p2a: Koraidon|87\/100|[from] item: Leftovers\n|-heal|p1a: Dondozo|79\/100|[from] item: Leftovers\n|upkeep\n|turn|25\n|\n|t:|1700270332\n|move|p2a: Koraidon|Drain Punch|p1a: Dondozo\n|-damage|p1a: Dondozo|62\/100\n|-heal|p2a: Koraidon|98\/100|[from] drain|[of] p1a: Dondozo\n|move|p1a: Dondozo|Body Press|p2a: Koraidon\n|-damage|p2a: Koraidon|76\/100\n|\n|-heal|p2a: Koraidon|82\/100|[from] item: Leftovers\n|-heal|p1a: Dondozo|69\/100|[from] item: Leftovers\n|upkeep\n|turn|26\n|\n|t:|1700270335\n|move|p2a: Koraidon|Drain Punch|p1a: Dondozo\n|-damage|p1a: Dondozo|50\/100\n|-heal|p2a: Koraidon|94\/100|[from] drain|[of] p1a: Dondozo\n|move|p1a: Dondozo|Body Press|p2a: Koraidon\n|-damage|p2a: Koraidon|72\/100\n|\n|-heal|p2a: Koraidon|78\/100|[from] item: Leftovers\n|-heal|p1a: Dondozo|56\/100|[from] item: Leftovers\n|upkeep\n|turn|27\n|\n|t:|1700270339\n|move|p2a: Koraidon|Crunch|p1a: Dondozo\n|-damage|p1a: Dondozo|44\/100\n|move|p1a: Dondozo|Rest|p1a: Dondozo\n|-status|p1a: Dondozo|slp|[from] move: Rest\n|-heal|p1a: Dondozo|100\/100 slp|[silent]\n|\n|-heal|p2a: Koraidon|84\/100|[from] item: Leftovers\n|upkeep\n|turn|28\n|\n|t:|1700270342\n|move|p2a: Koraidon|Bulk Up|p2a: Koraidon\n|-boost|p2a: Koraidon|atk|1\n|-boost|p2a: Koraidon|def|1\n|cant|p1a: Dondozo|slp\n|move|p1a: Dondozo|Sleep Talk|p1a: Dondozo\n|move|p1a: Dondozo|Liquidation|p2a: Koraidon|[from]move: Sleep Talk\n|-resisted|p2a: Koraidon\n|-damage|p2a: Koraidon|73\/100\n|\n|-heal|p2a: Koraidon|80\/100|[from] item: Leftovers\n|upkeep\n|turn|29\n|\n|t:|1700270345\n|move|p2a: Koraidon|Bulk Up|p2a: Koraidon\n|-boost|p2a: Koraidon|atk|0\n|-boost|p2a: Koraidon|def|0\n|cant|p1a: Dondozo|slp\n|move|p1a: Dondozo|Sleep Talk|p1a: Dondozo\n|move|p1a: Dondozo|Liquidation|p2a: Koraidon|[from]move: Sleep Talk\n|-resisted|p2a: Koraidon\n|-damage|p2a: Koraidon|69\/100\n|\n|-heal|p2a: Koraidon|75\/100|[from] item: Leftovers\n|upkeep\n|turn|30\n|\n|t:|1700270349\n|move|p2a: Koraidon|Crunch|p1a: Dondozo\n|-damage|p1a: Dondozo|88\/100 slp\n|-curestatus|p1a: Dondozo|slp|[msg]\n|move|p1a: Dondozo|Body Press|p2a: Koraidon\n|-damage|p2a: Koraidon|56\/100\n|\n|-heal|p2a: Koraidon|62\/100|[from] item: Leftovers\n|-heal|p1a: Dondozo|94\/100|[from] item: Leftovers\n|upkeep\n|turn|31\n|\n|t:|1700270352\n|move|p2a: Koraidon|Crunch|p1a: Dondozo\n|-damage|p1a: Dondozo|81\/100\n|-unboost|p1a: Dondozo|def|1\n|move|p1a: Dondozo|Body Press|p2a: Koraidon\n|-damage|p2a: Koraidon|48\/100\n|\n|-heal|p2a: Koraidon|54\/100|[from] item: Leftovers\n|-heal|p1a: Dondozo|87\/100|[from] item: Leftovers\n|upkeep\n|turn|32\n|\n|t:|1700270354\n|move|p2a: Koraidon|Crunch|p1a: Dondozo\n|-damage|p1a: Dondozo|67\/100\n|move|p1a: Dondozo|Body Press|p2a: Koraidon\n|-damage|p2a: Koraidon|40\/100\n|\n|-heal|p2a: Koraidon|46\/100|[from] item: Leftovers\n|-heal|p1a: Dondozo|73\/100|[from] item: Leftovers\n|upkeep\n|turn|33\n|\n|t:|1700270357\n|move|p2a: Koraidon|Drain Punch|p1a: Dondozo\n|-damage|p1a: Dondozo|46\/100\n|-heal|p2a: Koraidon|63\/100|[from] drain|[of] p1a: Dondozo\n|move|p1a: Dondozo|Body Press|p2a: Koraidon\n|-damage|p2a: Koraidon|49\/100\n|\n|-heal|p2a: Koraidon|56\/100|[from] item: Leftovers\n|-heal|p1a: Dondozo|52\/100|[from] item: Leftovers\n|upkeep\n|turn|34\n|\n|t:|1700270360\n|move|p2a: Koraidon|Drain Punch|p1a: Dondozo\n|-damage|p1a: Dondozo|25\/100\n|-heal|p2a: Koraidon|72\/100|[from] drain|[of] p1a: Dondozo\n|move|p1a: Dondozo|Rest|p1a: Dondozo\n|-status|p1a: Dondozo|slp|[from] move: Rest\n|-heal|p1a: Dondozo|100\/100 slp|[silent]\n|\n|-heal|p2a: Koraidon|79\/100|[from] item: Leftovers\n|upkeep\n|turn|35\n|\n|t:|1700270364\n|move|p2a: Koraidon|Crunch|p1a: Dondozo\n|-damage|p1a: Dondozo|82\/100 slp\n|cant|p1a: Dondozo|slp\n|move|p1a: Dondozo|Sleep Talk|p1a: Dondozo\n|move|p1a: Dondozo|Rest||[from]move: Sleep Talk|[still]\n|-fail|p1a: Dondozo\n|\n|-heal|p2a: Koraidon|85\/100|[from] item: Leftovers\n|-heal|p1a: Dondozo|88\/100 slp|[from] item: Leftovers\n|upkeep\n|turn|36\n|\n|t:|1700270371\n|switch|p2a: Giratina|Giratina-Origin|100\/100\n|cant|p1a: Dondozo|slp\n|move|p1a: Dondozo|Sleep Talk|p1a: Dondozo\n|move|p1a: Dondozo|Rest||[from]move: Sleep Talk|[still]\n|-fail|p1a: Dondozo\n|\n|-heal|p1a: Dondozo|95\/100 slp|[from] item: Leftovers\n|upkeep\n|turn|37\n|\n|t:|1700270378\n|move|p2a: Giratina|Defog|p1a: Dondozo\n|-unboost|p1a: Dondozo|evasion|1\n|-sideend|p1: LITLE0|Stealth Rock|[from] move: Defog|[of] p2a: Giratina\n|-curestatus|p1a: Dondozo|slp|[msg]\n|move|p1a: Dondozo|Liquidation|p2a: Giratina\n|-resisted|p2a: Giratina\n|-damage|p2a: Giratina|93\/100\n|\n|-heal|p1a: Dondozo|100\/100|[from] item: Leftovers\n|upkeep\n|turn|38\n|\n|t:|1700270386\n|switch|p1a: Zacian|Zacian-Crowned|100\/100\n|-ability|p1a: Zacian|Intrepid Sword|boost\n|-boost|p1a: Zacian|atk|1\n|move|p2a: Giratina|Dragon Tail|p1a: Zacian\n|-immune|p1a: Zacian\n|\n|upkeep\n|turn|39\n|\n|t:|1700270392\n|move|p1a: Zacian|Play Rough|p2a: Giratina|[miss]\n|-miss|p1a: Zacian|p2a: Giratina\n|move|p2a: Giratina|Earthquake|p1a: Zacian\n|-supereffective|p1a: Zacian\n|-damage|p1a: Zacian|49\/100\n|\n|upkeep\n|turn|40\n|\n|t:|1700270397\n|move|p1a: Zacian|Play Rough|p2a: Giratina\n|-supereffective|p2a: Giratina\n|-damage|p2a: Giratina|7\/100\n|move|p2a: Giratina|Earthquake|p1a: Zacian\n|-supereffective|p1a: Zacian\n|-damage|p1a: Zacian|0 fnt\n|faint|p1a: Zacian\n|\n|upkeep\n|\n|t:|1700270403\n|switch|p1a: Ceruledge|Ceruledge, F|100\/100\n|turn|41\n|\n|t:|1700270406\n|move|p1a: Ceruledge|Shadow Sneak|p2a: Giratina\n|-supereffective|p2a: Giratina\n|-damage|p2a: Giratina|0 fnt\n|faint|p2a: Giratina\n|\n|upkeep\n|\n|t:|1700270411\n|switch|p2a: Koraidon|Koraidon|85\/100\n|-weather|SunnyDay|[from] ability: Orichalcum Pulse|[of] p2a: Koraidon\n|-activate|p2a: Koraidon|Orichalcum Pulse|[source]\n|turn|42\n|\n|t:|1700270415\n|move|p1a: Ceruledge|Endure|p1a: Ceruledge\n|-singleturn|p1a: Ceruledge|move: Endure\n|move|p2a: Koraidon|Drain Punch|p1a: Ceruledge\n|-immune|p1a: Ceruledge\n|\n|-weather|SunnyDay|[upkeep]\n|-heal|p2a: Koraidon|91\/100|[from] item: Leftovers\n|upkeep\n|turn|43\n|\n|t:|1700270429\n|switch|p1a: Gliscor|Gliscor, M|100\/100 tox\n|move|p2a: Koraidon|Bulk Up|p2a: Koraidon\n|-boost|p2a: Koraidon|atk|1\n|-boost|p2a: Koraidon|def|1\n|\n|-weather|SunnyDay|[upkeep]\n|-heal|p2a: Koraidon|97\/100|[from] item: Leftovers\n|upkeep\n|turn|44\n|\n|t:|1700270436\n|move|p2a: Koraidon|Drain Punch|p1a: Gliscor\n|-resisted|p1a: Gliscor\n|-damage|p1a: Gliscor|58\/100 tox\n|-heal|p2a: Koraidon|100\/100|[from] drain|[of] p1a: Gliscor\n|move|p1a: Gliscor|Toxic|p2a: Koraidon\n|-status|p2a: Koraidon|tox\n|\n|-weather|SunnyDay|[upkeep]\n|-damage|p2a: Koraidon|94\/100 tox|[from] psn\n|-heal|p1a: Gliscor|71\/100 tox|[from] ability: Poison Heal\n|upkeep\n|turn|45\n|\n|t:|1700270442\n|move|p1a: Gliscor|Protect|p1a: Gliscor\n|-singleturn|p1a: Gliscor|Protect\n|move|p2a: Koraidon|Bulk Up|p2a: Koraidon\n|-boost|p2a: Koraidon|atk|1\n|-boost|p2a: Koraidon|def|1\n|\n|-weather|SunnyDay|[upkeep]\n|-heal|p2a: Koraidon|100\/100 tox|[from] item: Leftovers\n|-damage|p2a: Koraidon|88\/100 tox|[from] psn\n|-heal|p1a: Gliscor|83\/100 tox|[from] ability: Poison Heal\n|upkeep\n|turn|46\n|\n|t:|1700270444\n|switch|p1a: Dondozo|Dondozo, M|100\/100\n|move|p2a: Koraidon|Bulk Up|p2a: Koraidon\n|-boost|p2a: Koraidon|atk|1\n|-boost|p2a: Koraidon|def|1\n|\n|-weather|none\n|-heal|p2a: Koraidon|94\/100 tox|[from] item: Leftovers\n|-damage|p2a: Koraidon|76\/100 tox|[from] psn\n|upkeep\n|turn|47\n|\n|t:|1700270448\n|move|p2a: Koraidon|Crunch|p1a: Dondozo\n|-damage|p1a: Dondozo|87\/100\n|move|p1a: Dondozo|Body Press|p2a: Koraidon\n|-damage|p2a: Koraidon|53\/100 tox\n|\n|-heal|p2a: Koraidon|59\/100 tox|[from] item: Leftovers\n|-heal|p1a: Dondozo|93\/100|[from] item: Leftovers\n|-damage|p2a: Koraidon|34\/100 tox|[from] psn\n|upkeep\n|turn|48\n|\n|t:|1700270451\n|switch|p2a: Arceus|Arceus-Fairy|100\/100\n|move|p1a: Dondozo|Body Press|p2a: Arceus\n|-resisted|p2a: Arceus\n|-damage|p2a: Arceus|94\/100\n|\n|-heal|p1a: Dondozo|99\/100|[from] item: Leftovers\n|upkeep\n|turn|49\n|\n|t:|1700270463\n|switch|p1a: Gliscor|Gliscor, M|83\/100 tox\n|move|p2a: Arceus|Calm Mind|p2a: Arceus\n|-boost|p2a: Arceus|spa|1\n|-boost|p2a: Arceus|spd|1\n|\n|-heal|p1a: Gliscor|95\/100 tox|[from] ability: Poison Heal\n|upkeep\n|turn|50\n|\n|t:|1700270466\n|move|p1a: Gliscor|Toxic|p2a: Arceus\n|-status|p2a: Arceus|tox\n|move|p2a: Arceus|Judgment|p1a: Gliscor\n|-damage|p1a: Gliscor|0 fnt\n|faint|p1a: Gliscor\n|\n|-damage|p2a: Arceus|88\/100 tox|[from] psn\n|upkeep\n|\n|t:|1700270470\n|switch|p1a: Cyclizar|Cyclizar, M|100\/100\n|turn|51\n|\n|t:|1700270473\n|move|p1a: Cyclizar|Shed Tail|p1a: Cyclizar\n|-start|p1a: Cyclizar|Substitute|[from] move: Shed Tail\n|-damage|p1a: Cyclizar|50\/100\n|\n|t:|1700270476\n|switch|p1a: Ceruledge|Ceruledge, F|100\/100|[from] Shed Tail\n|move|p2a: Arceus|Judgment|p1a: Ceruledge\n|-resisted|p1a: Ceruledge\n|-end|p1a: Ceruledge|Substitute\n|\n|-damage|p2a: Arceus|75\/100 tox|[from] psn\n|upkeep\n|turn|52\n|\n|t:|1700270484\n|move|p2a: Arceus|Judgment|p1a: Ceruledge\n|-resisted|p1a: Ceruledge\n|-damage|p1a: Ceruledge|59\/100\n|move|p1a: Ceruledge|Bitter Blade|p2a: Arceus\n|-damage|p2a: Arceus|48\/100 tox\n|-heal|p1a: Ceruledge|80\/100|[from] drain|[of] p2a: Arceus\n|\n|-damage|p2a: Arceus|30\/100 tox|[from] psn\n|upkeep\n|turn|53\n|\n|t:|1700270493\n|move|p2a: Arceus|Recover|p2a: Arceus\n|-heal|p2a: Arceus|80\/100 tox\n|move|p1a: Ceruledge|Bitter Blade|p2a: Arceus\n|-damage|p2a: Arceus|57\/100 tox\n|-heal|p1a: Ceruledge|97\/100|[from] drain|[of] p2a: Arceus\n|\n|-damage|p2a: Arceus|33\/100 tox|[from] psn\n|upkeep\n|turn|54\n|\n|t:|1700270498\n|-terastallize|p2a: Arceus|Poison\n|move|p2a: Arceus|Judgment|p1a: Ceruledge\n|-resisted|p1a: Ceruledge\n|-damage|p1a: Ceruledge|56\/100\n|move|p1a: Ceruledge|Poltergeist|p2a: Arceus\n|-activate|p2a: Arceus|move: Poltergeist|Pixie Plate\n|-damage|p2a: Arceus|5\/100 tox\n|\n|-damage|p2a: Arceus|0 fnt|[from] psn\n|faint|p2a: Arceus\n|upkeep\n|\n|t:|1700270502\n|switch|p2a: Skeledirge|Skeledirge, F|100\/100\n|turn|55\n|\n|t:|1700270508\n|move|p1a: Ceruledge|Poltergeist|p2a: Skeledirge\n|-activate|p2a: Skeledirge|move: Poltergeist|Heavy-Duty Boots\n|-supereffective|p2a: Skeledirge\n|-damage|p2a: Skeledirge|30\/100\n|move|p2a: Skeledirge|Hex|p1a: Ceruledge\n|-supereffective|p1a: Ceruledge\n|-damage|p1a: Ceruledge|2\/100\n|-enditem|p1a: Ceruledge|Weakness Policy\n|-boost|p1a: Ceruledge|atk|2|[from] item: Weakness Policy\n|-boost|p1a: Ceruledge|spa|2|[from] item: Weakness Policy\n|\n|upkeep\n|turn|56\n|\n|t:|1700270517\n|move|p1a: Ceruledge|Poltergeist|p2a: Skeledirge\n|-activate|p2a: Skeledirge|move: Poltergeist|Heavy-Duty Boots\n|-supereffective|p2a: Skeledirge\n|-damage|p2a: Skeledirge|0 fnt\n|faint|p2a: Skeledirge\n|\n|upkeep\n|\n|t:|1700270520\n|switch|p2a: Koraidon|Koraidon|34\/100 tox\n|-weather|SunnyDay|[from] ability: Orichalcum Pulse|[of] p2a: Koraidon\n|-activate|p2a: Koraidon|Orichalcum Pulse|[source]\n|turn|57\n|\n|t:|1700270523\n|-terastallize|p1a: Ceruledge|Ghost\n|move|p1a: Ceruledge|Shadow Sneak|p2a: Koraidon\n|-damage|p2a: Koraidon|0 fnt\n|faint|p2a: Koraidon\n|\n|win|LITLE0\n|raw|LITLE0's rating: 1102 &rarr; <strong>1120<\/strong><br \/>(+18 for winning)\n|raw|825op's rating: 1000 &rarr; <strong>1000<\/strong><br \/>(+0 for losing)\n","uploadtime":1700270526,"views":6,"p1id":"litle0","p2id":"825op","formatid":"gen9ubers","rating":1000,"private":0,"password":""}