{"id":"gen9ubers-1996803289","p1":"Pickedman","p2":"Rei_darkness","format":"[Gen 9] Ubers","log":"|j|\u2606Pickedman\n|j|\u2606Rei_darkness\n|t:|1700727890\n|gametype|singles\n|player|p1|Pickedman|zinnia|\n|player|p2|Rei_darkness|drayden|\n|teamsize|p1|6\n|teamsize|p2|6\n|gen|9\n|tier|[Gen 9] Ubers\n|rule|Sleep Clause Mod: Limit one foe put to sleep\n|rule|Species Clause: Limit one of each Pok\u00e9mon\n|rule|OHKO Clause: OHKO moves are banned\n|rule|Evasion Items Clause: Evasion items are banned\n|rule|Evasion Moves Clause: Evasion moves are banned\n|rule|Endless Battle Clause: Forcing endless battles is banned\n|rule|HP Percentage Mod: HP is shown in percentages\n|clearpoke\n|poke|p1|Arcanine, F|\n|poke|p1|Alomomola, M|\n|poke|p1|Greninja-*, F|\n|poke|p1|Toedscruel, F|\n|poke|p1|Palafin, M|\n|poke|p1|Slowking-Galar, F|\n|poke|p2|Ribombee, F|\n|poke|p2|Iron Jugulis|\n|poke|p2|Weezing-Galar, F|\n|poke|p2|Thundurus, M|\n|poke|p2|Slowking-Galar, F|\n|poke|p2|Palafin, F|\n|teampreview\n|\n|t:|1700727912\n|start\n|switch|p1a: Arcanine|Arcanine, F|100\/100\n|switch|p2a: Palafin|Palafin, F|100\/100\n|-ability|p1a: Arcanine|Intimidate|boost\n|-unboost|p2a: Palafin|atk|1\n|turn|1\n|\n|t:|1700727921\n|switch|p1a: Slowking|Slowking-Galar, F|100\/100\n|move|p2a: Palafin|Surf|p1a: Slowking\n|-damage|p1a: Slowking|76\/100\n|\n|upkeep\n|turn|2\n|\n|t:|1700727927\n|detailschange|p2a: Palafin|Palafin-Hero, F\n|switch|p2a: Ribombee|Ribombee, F|100\/100\n|move|p1a: Slowking|Toxic|p2a: Ribombee\n|-status|p2a: Ribombee|tox\n|\n|-damage|p2a: Ribombee|94\/100 tox|[from] psn\n|upkeep\n|turn|3\n|c|\u2606Rei_darkness|i love baby palafin\n|\n|t:|1700727939\n|switch|p1a: Toedscruel|Toedscruel, F|100\/100\n|move|p2a: Ribombee|Sticky Web|p1a: Toedscruel\n|-sidestart|p1: Pickedman|move: Sticky Web\n|\n|-damage|p2a: Ribombee|82\/100 tox|[from] psn\n|upkeep\n|turn|4\n|\n|t:|1700727944\n|move|p2a: Ribombee|U-turn|p1a: Toedscruel\n|-supereffective|p1a: Toedscruel\n|-damage|p1a: Toedscruel|43\/100\n|\n|t:|1700727965\n|switch|p2a: Thundurus|Thundurus, M|100\/100|[from] U-turn\n|move|p1a: Toedscruel|Rapid Spin|p2a: Thundurus\n|-damage|p2a: Thundurus|88\/100\n|-boost|p1a: Toedscruel|spe|1\n|-sideend|p1: Pickedman|Sticky Web|[from] move: Rapid Spin|[of] p1a: Toedscruel\n|\n|-heal|p1a: Toedscruel|49\/100|[from] item: Leftovers\n|upkeep\n|turn|5\n|\n|t:|1700727974\n|switch|p1a: Arcanine|Arcanine, F|100\/100\n|-ability|p1a: Arcanine|Intimidate|boost\n|-unboost|p2a: Thundurus|atk|1\n|-ability|p2a: Thundurus|Defiant|boost\n|-boost|p2a: Thundurus|atk|2\n|move|p2a: Thundurus|Acrobatics|p1a: Arcanine\n|-damage|p1a: Arcanine|61\/100\n|\n|upkeep\n|turn|6\n|\n|t:|1700727996\n|-terastallize|p2a: Thundurus|Dark\n|move|p2a: Thundurus|Knock Off|p1a: Arcanine\n|-damage|p1a: Arcanine|0 fnt\n|-enditem|p1a: Arcanine|Heavy-Duty Boots|[from] move: Knock Off|[of] p2a: Thundurus\n|faint|p1a: Arcanine\n|\n|upkeep\n|\n|t:|1700728008\n|switch|p1a: Alomomola|Alomomola, M|100\/100\n|turn|7\n|\n|t:|1700728012\n|move|p2a: Thundurus|Thunder Punch|p1a: Alomomola\n|-supereffective|p1a: Alomomola\n|-damage|p1a: Alomomola|46\/100\n|-damage|p2a: Thundurus|71\/100|[from] item: Rocky Helmet|[of] p1a: Alomomola\n|move|p1a: Alomomola|Scald|p2a: Thundurus\n|-damage|p2a: Thundurus|52\/100\n|\n|upkeep\n|turn|8\n|\n|t:|1700728024\n|move|p1a: Alomomola|Protect|p1a: Alomomola\n|-singleturn|p1a: Alomomola|Protect\n|move|p2a: Thundurus|Knock Off|p1a: Alomomola\n|-activate|p1a: Alomomola|move: Protect\n|\n|upkeep\n|turn|9\n|\n|t:|1700728053\n|switch|p1a: Greninja|Greninja, F|100\/100\n|move|p2a: Thundurus|Thunder Punch|p1a: Greninja\n|-supereffective|p1a: Greninja\n|-damage|p1a: Greninja|0 fnt\n|faint|p1a: Greninja\n|\n|upkeep\n|\n|t:|1700728059\n|switch|p1a: Alomomola|Alomomola, M|80\/100\n|turn|10\n|\n|t:|1700728064\n|move|p2a: Thundurus|Knock Off|p1a: Alomomola\n|-damage|p1a: Alomomola|41\/100\n|-damage|p2a: Thundurus|36\/100|[from] item: Rocky Helmet|[of] p1a: Alomomola\n|-enditem|p1a: Alomomola|Rocky Helmet|[from] move: Knock Off|[of] p2a: Thundurus\n|move|p1a: Alomomola|Scald|p2a: Thundurus\n|-damage|p2a: Thundurus|18\/100\n|\n|upkeep\n|turn|11\n|\n|t:|1700728074\n|switch|p1a: Toedscruel|Toedscruel, F|49\/100\n|move|p2a: Thundurus|Thunder Punch|p1a: Toedscruel\n|-immune|p1a: Toedscruel\n|\n|-heal|p1a: Toedscruel|55\/100|[from] item: Leftovers\n|upkeep\n|turn|12\n|\n|t:|1700728085\n|move|p2a: Thundurus|Acrobatics|p1a: Toedscruel\n|-supereffective|p1a: Toedscruel\n|-damage|p1a: Toedscruel|0 fnt\n|faint|p1a: Toedscruel\n|\n|upkeep\n|\n|t:|1700728088\n|switch|p1a: Palafin|Palafin, M|100\/100\n|turn|13\n|\n|t:|1700728092\n|detailschange|p1a: Palafin|Palafin-Hero, M\n|switch|p1a: Slowking|Slowking-Galar, F|100\/100\n|move|p2a: Thundurus|Thunder Punch|p1a: Slowking\n|-damage|p1a: Slowking|44\/100\n|\n|upkeep\n|turn|14\n|\n|t:|1700728095\n|move|p2a: Thundurus|Knock Off|p1a: Slowking\n|-supereffective|p1a: Slowking\n|-damage|p1a: Slowking|0 fnt\n|-enditem|p1a: Slowking|Heavy-Duty Boots|[from] move: Knock Off|[of] p2a: Thundurus\n|faint|p1a: Slowking\n|\n|upkeep\n|\n|t:|1700728097\n|switch|p1a: Alomomola|Alomomola, M|74\/100\n|turn|15\n|\n|t:|1700728099\n|move|p2a: Thundurus|Thunder Punch|p1a: Alomomola\n|-supereffective|p1a: Alomomola\n|-damage|p1a: Alomomola|16\/100\n|move|p1a: Alomomola|Scald|p2a: Thundurus\n|-damage|p2a: Thundurus|0 fnt\n|faint|p2a: Thundurus\n|\n|upkeep\n|\n|t:|1700728111\n|switch|p2a: Ribombee|Ribombee, F|82\/100 tox\n|turn|16\n|\n|t:|1700728116\n|switch|p1a: Palafin|Palafin-Hero, M|100\/100\n|-activate|p1a: Palafin|ability: Zero to Hero\n|move|p2a: Ribombee|Sticky Web|p1a: Palafin\n|-sidestart|p1: Pickedman|move: Sticky Web\n|\n|-damage|p2a: Ribombee|76\/100 tox|[from] psn\n|upkeep\n|turn|17\n|\n|t:|1700728123\n|-terastallize|p1a: Palafin|Normal\n|move|p2a: Ribombee|U-turn|p1a: Palafin\n|-damage|p1a: Palafin|79\/100\n|\n|t:|1700728132\n|switch|p2a: Weezing|Weezing-Galar, F|100\/100|[from] U-turn\n|-fieldstart|move: Misty Terrain|[from] ability: Misty Surge|[of] p2a: Weezing\n|move|p1a: Palafin|Boomburst|p2a: Weezing\n|-damage|p2a: Weezing|0 fnt\n|faint|p2a: Weezing\n|\n|upkeep\n|\n|t:|1700728137\n|switch|p2a: Slowking|Slowking-Galar, F|100\/100\n|turn|18\n|\n|t:|1700728148\n|move|p1a: Palafin|Boomburst|p2a: Slowking\n|-damage|p2a: Slowking|47\/100\n|move|p2a: Slowking|Foul Play|p1a: Palafin\n|-damage|p1a: Palafin|54\/100\n|\n|upkeep\n|turn|19\n|\n|t:|1700728158\n|switch|p2a: Iron Jugulis|Iron Jugulis|100\/100\n|-enditem|p2a: Iron Jugulis|Booster Energy\n|-activate|p2a: Iron Jugulis|ability: Quark Drive|[fromitem]\n|-start|p2a: Iron Jugulis|quarkdriveatk\n|move|p1a: Palafin|Boomburst|p2a: Iron Jugulis\n|-damage|p2a: Iron Jugulis|0 fnt\n|faint|p2a: Iron Jugulis\n|-end|p2a: Iron Jugulis|Quark Drive|[silent]\n|\n|upkeep\n|\n|t:|1700728159\n|switch|p2a: Ribombee|Ribombee, F|76\/100 tox\n|turn|20\n|\n|t:|1700728174\n|move|p2a: Ribombee|U-turn|p1a: Palafin\n|-damage|p1a: Palafin|32\/100\n|\n|t:|1700728176\n|switch|p2a: Slowking|Slowking-Galar, F|81\/100|[from] U-turn\n|move|p1a: Palafin|Boomburst|p2a: Slowking\n|-damage|p2a: Slowking|23\/100\n|\n|upkeep\n|turn|21\n|\n|t:|1700728182\n|move|p1a: Palafin|Boomburst|p2a: Slowking\n|-damage|p2a: Slowking|0 fnt\n|faint|p2a: Slowking\n|\n|-fieldend|Misty Terrain\n|upkeep\n|\n|t:|1700728185\n|switch|p2a: Palafin|Palafin-Hero, F|100\/100\n|-activate|p2a: Palafin|ability: Zero to Hero\n|turn|22\n|\n|t:|1700728189\n|move|p1a: Palafin|Boomburst|p2a: Palafin\n|-damage|p2a: Palafin|0 fnt\n|faint|p2a: Palafin\n|\n|upkeep\n|\n|t:|1700728191\n|switch|p2a: Ribombee|Ribombee, F|76\/100 tox\n|turn|23\n|\n|t:|1700728195\n|move|p2a: Ribombee|U-turn|p1a: Palafin\n|-damage|p1a: Palafin|11\/100\n|move|p1a: Palafin|Boomburst|p2a: Ribombee\n|-damage|p2a: Ribombee|0 fnt\n|faint|p2a: Ribombee\n|\n|win|Pickedman\n|c|\u2606Pickedman|gg\n|c|\u2606Rei_darkness|gg\n","uploadtime":1700728203,"views":13,"p1id":"pickedman","p2id":"reidarkness","formatid":"gen9ubers","rating":0,"private":0,"password":""}