{"id":"gen9ubers-1973329076","p1":"Blake-Mamba","p2":"lime ave","format":"[Gen 9] Ubers","log":"|j|\u2606Blake-Mamba\n|j|\u2606lime ave\n|t:|1697955567\n|gametype|singles\n|player|p1|Blake-Mamba|juan|1205\n|player|p2|lime ave|yellow|1466\n|teamsize|p1|6\n|teamsize|p2|6\n|gen|9\n|tier|[Gen 9] Ubers\n|rated|\n|rule|Sleep Clause Mod: Limit one foe put to sleep\n|rule|Species Clause: Limit one of each Pok\u00e9mon\n|rule|OHKO Clause: OHKO moves are banned\n|rule|Evasion Items Clause: Evasion items are banned\n|rule|Evasion Moves Clause: Evasion moves are banned\n|rule|Endless Battle Clause: Forcing endless battles is banned\n|rule|HP Percentage Mod: HP is shown in percentages\n|clearpoke\n|poke|p1|Ogerpon-Hearthflame, F|\n|poke|p1|Vikavolt, F|\n|poke|p1|Okidogi, M|\n|poke|p1|Kommo-o, M|\n|poke|p1|Ursaluna-Bloodmoon, M|\n|poke|p1|Yanmega, F|\n|poke|p2|Walking Wake|\n|poke|p2|Arceus|\n|poke|p2|Koraidon|\n|poke|p2|Flutter Mane|\n|poke|p2|Ogerpon-Hearthflame, F|\n|poke|p2|Landorus-Therian, M|\n|teampreview\n|c|\u2606Blake-Mamba|Glhf\n|\n|t:|1697955577\n|start\n|switch|p1a: Vikavolt|Vikavolt, F|100\/100\n|switch|p2a: Ogerpon|Ogerpon-Hearthflame, F|100\/100\n|-ability|p2a: Ogerpon|Mold Breaker\n|turn|1\n|\n|t:|1697955585\n|move|p2a: Ogerpon|Taunt|p1a: Vikavolt\n|-start|p1a: Vikavolt|move: Taunt\n|cant|p1a: Vikavolt|move: Taunt|Sticky Web\n|\n|upkeep\n|turn|2\n|\n|t:|1697955591\n|switch|p1a: Ursaluna|Ursaluna-Bloodmoon, M|100\/100\n|move|p2a: Ogerpon|Ivy Cudgel|p1a: Ursaluna\n|-damage|p1a: Ursaluna|56\/100\n|\n|-heal|p1a: Ursaluna|62\/100|[from] item: Leftovers\n|upkeep\n|turn|3\n|\n|t:|1697955600\n|move|p2a: Ogerpon|Wood Hammer|p1a: Ursaluna\n|-supereffective|p1a: Ursaluna\n|-damage|p1a: Ursaluna|0 fnt\n|faint|p1a: Ursaluna\n|-damage|p2a: Ogerpon|72\/100|[from] Recoil\n|\n|upkeep\n|\n|t:|1697955607\n|switch|p1a: Yanmega|Yanmega, F, shiny|100\/100\n|turn|4\n|\n|t:|1697955611\n|move|p2a: Ogerpon|Ivy Cudgel|p1a: Yanmega\n|-supereffective|p1a: Yanmega\n|-crit|p1a: Yanmega\n|-damage|p1a: Yanmega|0 fnt\n|faint|p1a: Yanmega\n|\n|upkeep\n|\n|t:|1697955616\n|switch|p1a: Zygarde 25%|Okidogi, M|100\/100\n|turn|5\n|\n|t:|1697955622\n|switch|p2a: Walking woke|Walking Wake|100\/100\n|move|p1a: Zygarde 25%|Gunk Shot|p2a: Walking woke\n|-damage|p2a: Walking woke|21\/100\n|\n|upkeep\n|turn|6\n|\n|t:|1697955629\n|move|p2a: Walking woke|Draco Meteor|p1a: Zygarde 25%|[miss]\n|-miss|p2a: Walking woke|p1a: Zygarde 25%\n|move|p1a: Zygarde 25%|Knock Off|p2a: Walking woke\n|-damage|p2a: Walking woke|0 fnt\n|-enditem|p2a: Walking woke|Choice Specs|[from] move: Knock Off|[of] p1a: Zygarde 25%\n|faint|p2a: Walking woke\n|-end|p2a: Walking woke|Protosynthesis|[silent]\n|\n|upkeep\n|\n|t:|1697955634\n|switch|p2a: Flutter Mane|Flutter Mane|100\/100\n|turn|7\n|\n|t:|1697955640\n|move|p2a: Flutter Mane|Psyshock|p1a: Zygarde 25%\n|-supereffective|p1a: Zygarde 25%\n|-damage|p1a: Zygarde 25%|0 fnt\n|faint|p1a: Zygarde 25%\n|\n|upkeep\n|\n|t:|1697955646\n|switch|p1a: Vikavolt|Vikavolt, F|100\/100\n|turn|8\n|l|\u2606Blake-Mamba\n|player|p1|\n|j|\u2606Blake-Mamba\n|player|p1|Blake-Mamba|juan\n|\n|t:|1697955672\n|move|p2a: Flutter Mane|Psyshock|p1a: Vikavolt\n|-damage|p1a: Vikavolt|60\/100\n|move|p1a: Vikavolt|Sticky Web|p2a: Flutter Mane\n|-sidestart|p2: lime ave|move: Sticky Web\n|\n|upkeep\n|turn|9\n|\n|t:|1697955678\n|move|p2a: Flutter Mane|Psyshock|p1a: Vikavolt\n|-damage|p1a: Vikavolt|13\/100\n|move|p1a: Vikavolt|Thunder|p2a: Flutter Mane\n|-damage|p2a: Flutter Mane|33\/100\n|\n|upkeep\n|turn|10\n|\n|t:|1697955685\n|move|p2a: Flutter Mane|Psyshock|p1a: Vikavolt\n|-damage|p1a: Vikavolt|0 fnt\n|faint|p1a: Vikavolt\n|\n|upkeep\n|\n|t:|1697955690\n|switch|p1a: Kommo-o|Kommo-o, M|100\/100\n|turn|11\n|\n|t:|1697955697\n|-terastallize|p1a: Kommo-o|Steel\n|move|p2a: Flutter Mane|Psyshock|p1a: Kommo-o\n|-resisted|p1a: Kommo-o\n|-damage|p1a: Kommo-o|84\/100\n|move|p1a: Kommo-o|Clangorous Soul|p1a: Kommo-o\n|-boost|p1a: Kommo-o|atk|1\n|-boost|p1a: Kommo-o|def|1\n|-boost|p1a: Kommo-o|spa|1\n|-boost|p1a: Kommo-o|spd|1\n|-boost|p1a: Kommo-o|spe|1\n|-damage|p1a: Kommo-o|52\/100\n|\n|-heal|p1a: Kommo-o|58\/100|[from] item: Leftovers\n|upkeep\n|turn|12\n|\n|t:|1697955710\n|move|p2a: Flutter Mane|Psyshock|p1a: Kommo-o\n|-resisted|p1a: Kommo-o\n|-damage|p1a: Kommo-o|47\/100\n|move|p1a: Kommo-o|Clangorous Soul|p1a: Kommo-o\n|-boost|p1a: Kommo-o|atk|1\n|-boost|p1a: Kommo-o|def|1\n|-boost|p1a: Kommo-o|spa|1\n|-boost|p1a: Kommo-o|spd|1\n|-boost|p1a: Kommo-o|spe|1\n|-damage|p1a: Kommo-o|14\/100\n|\n|-heal|p1a: Kommo-o|20\/100|[from] item: Leftovers\n|upkeep\n|turn|13\n|\n|t:|1697955723\n|move|p1a: Kommo-o|Iron Head|p2a: Flutter Mane\n|-supereffective|p2a: Flutter Mane\n|-damage|p2a: Flutter Mane|0 fnt\n|faint|p2a: Flutter Mane\n|-end|p2a: Flutter Mane|Protosynthesis|[silent]\n|\n|-heal|p1a: Kommo-o|26\/100|[from] item: Leftovers\n|upkeep\n|inactive|Battle timer is ON: inactive players will automatically lose when time's up. (requested by Blake-Mamba)\n|\n|t:|1697955746\n|switch|p2a: Arceus|Arceus|100\/100\n|-activate|p2a: Arceus|move: Sticky Web\n|-unboost|p2a: Arceus|spe|1\n|turn|14\n|\n|t:|1697955751\n|move|p2a: Arceus|Extreme Speed|p1a: Kommo-o\n|-resisted|p1a: Kommo-o\n|-damage|p1a: Kommo-o|15\/100\n|move|p1a: Kommo-o|Drain Punch|p2a: Arceus\n|-supereffective|p2a: Arceus\n|-damage|p2a: Arceus|4\/100\n|-heal|p1a: Kommo-o|74\/100|[from] drain|[of] p2a: Arceus\n|\n|-heal|p1a: Kommo-o|80\/100|[from] item: Leftovers\n|upkeep\n|turn|15\n|\n|t:|1697955762\n|move|p2a: Arceus|Extreme Speed|p1a: Kommo-o\n|-resisted|p1a: Kommo-o\n|-damage|p1a: Kommo-o|69\/100\n|move|p1a: Kommo-o|Drain Punch|p2a: Arceus\n|-supereffective|p2a: Arceus\n|-damage|p2a: Arceus|0 fnt\n|-heal|p1a: Kommo-o|72\/100|[from] drain|[of] p2a: Arceus\n|faint|p2a: Arceus\n|\n|-heal|p1a: Kommo-o|78\/100|[from] item: Leftovers\n|upkeep\n|\n|t:|1697955765\n|switch|p2a: Koraidon|Koraidon|100\/100\n|-activate|p2a: Koraidon|move: Sticky Web\n|-unboost|p2a: Koraidon|spe|1\n|-weather|SunnyDay|[from] ability: Orichalcum Pulse|[of] p2a: Koraidon\n|-activate|p2a: Koraidon|Orichalcum Pulse|[source]\n|turn|16\n|\n|t:|1697955779\n|-terastallize|p2a: Koraidon|Fire\n|move|p1a: Kommo-o|Outrage|p2a: Koraidon\n|-damage|p2a: Koraidon|0 fnt\n|faint|p2a: Koraidon\n|\n|-weather|SunnyDay|[upkeep]\n|-heal|p1a: Kommo-o|84\/100|[from] item: Leftovers\n|upkeep\n|\n|t:|1697955782\n|switch|p2a: Landorus|Landorus-Therian, M|100\/100\n|-ability|p2a: Landorus|Intimidate|boost\n|-unboost|p1a: Kommo-o|atk|1\n|turn|17\n|\n|t:|1697955791\n|move|p1a: Kommo-o|Outrage|p2a: Landorus|[from]lockedmove\n|-damage|p2a: Landorus|41\/100\n|-damage|p1a: Kommo-o|67\/100|[from] item: Rocky Helmet|[of] p2a: Landorus\n|-start|p1a: Kommo-o|confusion|[fatigue]\n|move|p2a: Landorus|Earthquake|p1a: Kommo-o\n|-supereffective|p1a: Kommo-o\n|-damage|p1a: Kommo-o|28\/100\n|\n|-weather|SunnyDay|[upkeep]\n|-heal|p1a: Kommo-o|35\/100|[from] item: Leftovers\n|upkeep\n|turn|18\n|\n|t:|1697955803\n|-activate|p1a: Kommo-o|confusion\n|-damage|p1a: Kommo-o|26\/100|[from] confusion\n|move|p2a: Landorus|Earthquake|p1a: Kommo-o\n|-supereffective|p1a: Kommo-o\n|-damage|p1a: Kommo-o|0 fnt\n|faint|p1a: Kommo-o\n|\n|-weather|SunnyDay|[upkeep]\n|upkeep\n|\n|t:|1697955812\n|switch|p1a: Ogerpon|Ogerpon-Hearthflame, F|100\/100\n|-ability|p1a: Ogerpon|Mold Breaker\n|turn|19\n|\n|t:|1697955818\n|move|p1a: Ogerpon|Horn Leech|p2a: Landorus\n|-damage|p2a: Landorus|6\/100\n|-damage|p1a: Ogerpon|84\/100|[from] item: Rocky Helmet|[of] p2a: Landorus\n|move|p2a: Landorus|Earthquake|p1a: Ogerpon\n|-damage|p1a: Ogerpon|17\/100\n|\n|-weather|SunnyDay|[upkeep]\n|upkeep\n|turn|20\n|\n|t:|1697955827\n|move|p1a: Ogerpon|Trailblaze|p2a: Landorus\n|-damage|p2a: Landorus|0 fnt\n|-boost|p1a: Ogerpon|spe|1\n|-damage|p1a: Ogerpon|1\/100|[from] item: Rocky Helmet|[of] p2a: Landorus\n|faint|p2a: Landorus\n|\n|-weather|none\n|upkeep\n|\n|t:|1697955830\n|switch|p2a: Ogerpon|Ogerpon-Hearthflame, F|72\/100\n|-activate|p2a: Ogerpon|move: Sticky Web\n|-unboost|p2a: Ogerpon|spe|1\n|-ability|p2a: Ogerpon|Mold Breaker\n|turn|21\n|\n|t:|1697955841\n|move|p1a: Ogerpon|Ivy Cudgel|p2a: Ogerpon\n|-damage|p2a: Ogerpon|0 fnt\n|faint|p2a: Ogerpon\n|\n|win|Blake-Mamba\n|raw|Blake-Mamba's rating: 1205 &rarr; <strong>1246<\/strong><br \/>(+41 for winning)\n|raw|lime ave's rating: 1466 &rarr; <strong>1433<\/strong><br \/>(-33 for losing)\n|l|\u2606lime ave\n|c|\u2606Blake-Mamba|Gg\n","uploadtime":1697955852,"views":12,"p1id":"blakemamba","p2id":"limeave","formatid":"gen9ubers","rating":1246,"private":0,"password":""}