{"id":"gen9ubers-1983304732","p1":"Mamiwhatisitmanii","p2":"Truky","format":"[Gen 9] Ubers","log":"|j|\u2606Mamiwhatisitmanii\n|j|\u2606Truky\n|t:|1699116229\n|gametype|singles\n|player|p1|Mamiwhatisitmanii|1|1040\n|player|p2|Truky|2|1134\n|teamsize|p1|6\n|teamsize|p2|6\n|gen|9\n|tier|[Gen 9] Ubers\n|rated|\n|rule|Sleep Clause Mod: Limit one foe put to sleep\n|rule|Species Clause: Limit one of each Pok\u00e9mon\n|rule|OHKO Clause: OHKO moves are banned\n|rule|Evasion Items Clause: Evasion items are banned\n|rule|Evasion Moves Clause: Evasion moves are banned\n|rule|Endless Battle Clause: Forcing endless battles is banned\n|rule|HP Percentage Mod: HP is shown in percentages\n|clearpoke\n|poke|p1|Chien-Pao|\n|poke|p1|Mewtwo|\n|poke|p1|Zacian-*|\n|poke|p1|Iron Bundle|\n|poke|p1|Gliscor, F|\n|poke|p1|Urshifu-*, M|\n|poke|p2|Ninetales-Alola, F|\n|poke|p2|Ogerpon-Hearthflame, F|\n|poke|p2|Ursaluna-Bloodmoon, M|\n|poke|p2|Roaring Moon|\n|poke|p2|Dragonite, M|\n|poke|p2|Urshifu-*, F|\n|teampreview\n|\n|t:|1699116240\n|start\n|switch|p1a: Gliscor|Gliscor, F|100\/100\n|switch|p2a: Urshifu|Urshifu-Rapid-Strike, F|100\/100\n|turn|1\n|inactive|Battle timer is ON: inactive players will automatically lose when time's up. (requested by Mamiwhatisitmanii)\n|\n|t:|1699116249\n|-terastallize|p1a: Gliscor|Water\n|move|p2a: Urshifu|Swords Dance|p2a: Urshifu\n|-boost|p2a: Urshifu|atk|2\n|move|p1a: Gliscor|Stealth Rock|p2a: Urshifu\n|-sidestart|p2: Truky|move: Stealth Rock\n|\n|-status|p1a: Gliscor|tox|[from] item: Toxic Orb\n|upkeep\n|turn|2\n|\n|t:|1699116255\n|move|p2a: Urshifu|Drain Punch|p1a: Gliscor\n|-damage|p1a: Gliscor|16\/100 tox\n|move|p1a: Gliscor|Tailwind|p1a: Gliscor\n|-sidestart|p1: Mamiwhatisitmanii|move: Tailwind\n|\n|-heal|p1a: Gliscor|28\/100 tox|[from] ability: Poison Heal\n|upkeep\n|turn|3\n|\n|t:|1699116264\n|move|p2a: Urshifu|Aqua Jet|p1a: Gliscor\n|-resisted|p1a: Gliscor\n|-damage|p1a: Gliscor|9\/100 tox\n|move|p1a: Gliscor|U-turn|p2a: Urshifu\n|-resisted|p2a: Urshifu\n|-damage|p2a: Urshifu|91\/100\n|\n|t:|1699116271\n|switch|p1a: Mewtwo|Mewtwo|100\/100|[from] U-turn\n|-ability|p1a: Mewtwo|Pressure\n|\n|upkeep\n|turn|4\n|\n|t:|1699116278\n|-terastallize|p2a: Urshifu|Water\n|move|p1a: Mewtwo|Psychic|p2a: Urshifu\n|-damage|p2a: Urshifu|8\/100\n|move|p2a: Urshifu|Surging Strikes|p1a: Mewtwo\n|-crit|p1a: Mewtwo\n|-damage|p1a: Mewtwo|41\/100\n|-crit|p1a: Mewtwo\n|-damage|p1a: Mewtwo|0 fnt\n|faint|p1a: Mewtwo\n|-hitcount|p1: Mewtwo|2\n|\n|upkeep\n|\n|t:|1699116287\n|switch|p1a: Iron Bundle|Iron Bundle|100\/100\n|turn|5\n|c|\u2606Mamiwhatisitmanii|sure\n|\n|t:|1699116295\n|move|p2a: Urshifu|Aqua Jet|p1a: Iron Bundle\n|-resisted|p1a: Iron Bundle\n|-damage|p1a: Iron Bundle|66\/100\n|move|p1a: Iron Bundle|U-turn|p2a: Urshifu\n|-damage|p2a: Urshifu|0 fnt\n|faint|p2a: Urshifu\n|c|\u2606Mamiwhatisitmanii|youre gay\n|c|\u2606Mamiwhatisitmanii|xd\n|c|\u2606Truky|?\n|\n|t:|1699116311\n|-end|p1a: Iron Bundle|Quark Drive|[silent]\n|switch|p1a: Zacian|Zacian-Crowned|100\/100|[from] U-turn\n|-ability|p1a: Zacian|Intrepid Sword|boost\n|-boost|p1a: Zacian|atk|1\n|\n|-sideend|p1: Mamiwhatisitmanii|move: Tailwind\n|upkeep\n|\n|t:|1699116325\n|switch|p2a: Ogerpon|Ogerpon-Hearthflame, F|100\/100\n|-damage|p2a: Ogerpon|76\/100|[from] Stealth Rock\n|-ability|p2a: Ogerpon|Mold Breaker\n|turn|6\n|c|\u2606Mamiwhatisitmanii|oh\n|c|\u2606Mamiwhatisitmanii|no...\n|\n|t:|1699116335\n|move|p1a: Zacian|Close Combat|p2a: Ogerpon\n|-damage|p2a: Ogerpon|0 fnt\n|-unboost|p1a: Zacian|def|1\n|-unboost|p1a: Zacian|spd|1\n|faint|p2a: Ogerpon\n|\n|upkeep\n|c|\u2606Mamiwhatisitmanii|There we go\n|\n|t:|1699116344\n|switch|p2a: Dragonite|Dragonite, M|100\/100\n|-damage|p2a: Dragonite|75\/100|[from] Stealth Rock\n|turn|7\n|\n|t:|1699116354\n|move|p1a: Zacian|Close Combat|p2a: Dragonite\n|-resisted|p2a: Dragonite\n|-damage|p2a: Dragonite|35\/100\n|-unboost|p1a: Zacian|def|1\n|-unboost|p1a: Zacian|spd|1\n|move|p2a: Dragonite|Earthquake|p1a: Zacian\n|-supereffective|p1a: Zacian\n|-damage|p1a: Zacian|0 fnt\n|faint|p1a: Zacian\n|\n|-heal|p2a: Dragonite|41\/100|[from] item: Leftovers\n|upkeep\n|\n|t:|1699116362\n|switch|p1a: Chien-Pao|Chien-Pao|100\/100\n|-ability|p1a: Chien-Pao|Sword of Ruin\n|turn|8\n|\n|t:|1699116367\n|move|p2a: Dragonite|Extreme Speed|p1a: Chien-Pao\n|-damage|p1a: Chien-Pao|56\/100\n|move|p1a: Chien-Pao|Ice Spinner|p2a: Dragonite\n|-supereffective|p2a: Dragonite\n|-crit|p2a: Dragonite\n|-damage|p2a: Dragonite|0 fnt\n|faint|p2a: Dragonite\n|\n|upkeep\n|\n|t:|1699116372\n|switch|p2a: Ursaluna|Ursaluna-Bloodmoon, M|100\/100\n|-damage|p2a: Ursaluna|94\/100|[from] Stealth Rock\n|turn|9\n|\n|t:|1699116378\n|move|p2a: Ursaluna|Vacuum Wave|p1a: Chien-Pao\n|-supereffective|p1a: Chien-Pao\n|-damage|p1a: Chien-Pao|0 fnt\n|faint|p1a: Chien-Pao\n|\n|upkeep\n|\n|t:|1699116384\n|switch|p1a: Urshifu|Urshifu-Rapid-Strike, M|100\/100\n|turn|10\n|\n|t:|1699116390\n|move|p1a: Urshifu|Surging Strikes|p2a: Ursaluna\n|-supereffective|p2a: Ursaluna\n|-crit|p2a: Ursaluna\n|-damage|p2a: Ursaluna|66\/100\n|-supereffective|p2a: Ursaluna\n|-crit|p2a: Ursaluna\n|-damage|p2a: Ursaluna|39\/100\n|-supereffective|p2a: Ursaluna\n|-crit|p2a: Ursaluna\n|-damage|p2a: Ursaluna|12\/100\n|-hitcount|p2a: Ursaluna|3\n|move|p2a: Ursaluna|Moonblast|p1a: Urshifu\n|-supereffective|p1a: Urshifu\n|-damage|p1a: Urshifu|0 fnt\n|faint|p1a: Urshifu\n|\n|upkeep\n|\n|t:|1699116400\n|switch|p1a: Gliscor|Gliscor, F, tera:Water|9\/100 tox\n|turn|11\n|\n|t:|1699116405\n|move|p2a: Ursaluna|Vacuum Wave|p1a: Gliscor\n|-damage|p1a: Gliscor|0 fnt\n|faint|p1a: Gliscor\n|\n|upkeep\n|\n|t:|1699116408\n|switch|p1a: Iron Bundle|Iron Bundle|66\/100\n|turn|12\n|\n|t:|1699116424\n|move|p2a: Ursaluna|Vacuum Wave|p1a: Iron Bundle\n|-supereffective|p1a: Iron Bundle\n|-damage|p1a: Iron Bundle|4\/100\n|move|p1a: Iron Bundle|Hydro Pump|p2a: Ursaluna|[miss]\n|-miss|p1a: Iron Bundle|p2a: Ursaluna\n|\n|-heal|p1a: Iron Bundle|10\/100|[from] item: Leftovers\n|upkeep\n|turn|13\n|c|\u2606Truky|RIP\n|-message|Mamiwhatisitmanii forfeited.\n|\n|win|Truky\n|raw|Mamiwhatisitmanii's rating: 1040 &rarr; <strong>1028<\/strong><br \/>(-12 for losing)\n|raw|Truky's rating: 1134 &rarr; <strong>1152<\/strong><br \/>(+18 for winning)\n|l|\u2606Mamiwhatisitmanii\n","uploadtime":1699116438,"views":10,"p1id":"mamiwhatisitmanii","p2id":"truky","formatid":"gen9ubers","rating":1028,"private":0,"password":""}