{"id":"gen9ubers-1988187899","p1":"oso Austin","p2":"tombstoan","format":"[Gen 9] Ubers","log":"|j|\u2606oso Austin\n|j|\u2606tombstoan\n|t:|1699681770\n|gametype|singles\n|player|p1|oso Austin|1|\n|player|p2|tombstoan|lucas|\n|teamsize|p1|6\n|teamsize|p2|6\n|gen|9\n|tier|[Gen 9] Ubers\n|rule|Sleep Clause Mod: Limit one foe put to sleep\n|rule|Species Clause: Limit one of each Pok\u00e9mon\n|rule|OHKO Clause: OHKO moves are banned\n|rule|Evasion Items Clause: Evasion items are banned\n|rule|Evasion Moves Clause: Evasion moves are banned\n|rule|Endless Battle Clause: Forcing endless battles is banned\n|rule|HP Percentage Mod: HP is shown in percentages\n|clearpoke\n|poke|p1|Kleavor, M|\n|poke|p1|Glimmora, F|\n|poke|p1|Ogerpon-Cornerstone, F|\n|poke|p1|Garganacl, M|\n|poke|p1|Tyranitar, M|\n|poke|p1|Arcanine-Hisui, M|\n|poke|p2|Zacian-*|\n|poke|p2|Annihilape, M|\n|poke|p2|Weezing-Galar, M|\n|poke|p2|Cryogonal|\n|poke|p2|Volcarona, F|\n|poke|p2|Clefable, F|\n|teampreview\n|\n|t:|1699681781\n|start\n|switch|p1a: Kleavor|Kleavor, M, shiny|100\/100\n|switch|p2a: Clefable|Clefable, F|100\/100\n|turn|1\n|j| Bellatrix2022\n|\n|t:|1699681805\n|switch|p1a: Garganacl|Garganacl, M|100\/100\n|move|p2a: Clefable|Cosmic Power|p2a: Clefable\n|-boost|p2a: Clefable|def|1\n|-boost|p2a: Clefable|spd|1\n|\n|upkeep\n|turn|2\n|\n|t:|1699681814\n|move|p2a: Clefable|Calm Mind|p2a: Clefable\n|-boost|p2a: Clefable|spa|1\n|-boost|p2a: Clefable|spd|1\n|move|p1a: Garganacl|Salt Cure|p2a: Clefable\n|-damage|p2a: Clefable|91\/100\n|-start|p2a: Clefable|Salt Cure\n|\n|upkeep\n|turn|3\n|\n|t:|1699681823\n|move|p2a: Clefable|Calm Mind|p2a: Clefable\n|-boost|p2a: Clefable|spa|1\n|-boost|p2a: Clefable|spd|1\n|move|p1a: Garganacl|Iron Defense|p1a: Garganacl\n|-boost|p1a: Garganacl|def|2\n|\n|upkeep\n|turn|4\n|\n|t:|1699681833\n|move|p2a: Clefable|Calm Mind|p2a: Clefable\n|-boost|p2a: Clefable|spa|1\n|-boost|p2a: Clefable|spd|1\n|move|p1a: Garganacl|Body Press|p2a: Clefable\n|-resisted|p2a: Clefable\n|-damage|p2a: Clefable|72\/100\n|\n|upkeep\n|turn|5\n|\n|t:|1699681842\n|move|p2a: Clefable|Cosmic Power|p2a: Clefable\n|-boost|p2a: Clefable|def|1\n|-boost|p2a: Clefable|spd|1\n|move|p1a: Garganacl|Iron Defense|p1a: Garganacl\n|-boost|p1a: Garganacl|def|2\n|\n|upkeep\n|turn|6\n|\n|t:|1699681851\n|move|p2a: Clefable|Cosmic Power|p2a: Clefable\n|-boost|p2a: Clefable|def|1\n|-boost|p2a: Clefable|spd|1\n|move|p1a: Garganacl|Body Press|p2a: Clefable\n|-resisted|p2a: Clefable\n|-damage|p2a: Clefable|56\/100\n|\n|upkeep\n|turn|7\n|\n|t:|1699681861\n|move|p2a: Clefable|Draining Kiss|p1a: Garganacl\n|-damage|p1a: Garganacl|61\/100\n|-heal|p2a: Clefable|86\/100|[from] drain|[of] p1a: Garganacl\n|move|p1a: Garganacl|Body Press|p2a: Clefable\n|-resisted|p2a: Clefable\n|-damage|p2a: Clefable|71\/100\n|\n|-heal|p1a: Garganacl|67\/100|[from] item: Leftovers\n|upkeep\n|turn|8\n|\n|t:|1699681890\n|move|p2a: Clefable|Calm Mind|p2a: Clefable\n|-boost|p2a: Clefable|spa|1\n|-boost|p2a: Clefable|spd|0\n|move|p1a: Garganacl|Body Press|p2a: Clefable\n|-resisted|p2a: Clefable\n|-damage|p2a: Clefable|56\/100\n|\n|-heal|p1a: Garganacl|73\/100|[from] item: Leftovers\n|upkeep\n|turn|9\n|\n|t:|1699681901\n|move|p2a: Clefable|Calm Mind|p2a: Clefable\n|-boost|p2a: Clefable|spa|1\n|-boost|p2a: Clefable|spd|0\n|move|p1a: Garganacl|Body Press|p2a: Clefable\n|-resisted|p2a: Clefable\n|-damage|p2a: Clefable|42\/100\n|-enditem|p2a: Clefable|Sitrus Berry|[eat]\n|-heal|p2a: Clefable|67\/100|[from] item: Sitrus Berry\n|\n|-heal|p1a: Garganacl|79\/100|[from] item: Leftovers\n|upkeep\n|turn|10\n|\n|t:|1699681918\n|move|p2a: Clefable|Calm Mind|p2a: Clefable\n|-boost|p2a: Clefable|spa|1\n|-boost|p2a: Clefable|spd|0\n|move|p1a: Garganacl|Body Press|p2a: Clefable\n|-resisted|p2a: Clefable\n|-damage|p2a: Clefable|52\/100\n|\n|-heal|p1a: Garganacl|86\/100|[from] item: Leftovers\n|upkeep\n|turn|11\n|\n|t:|1699681927\n|move|p2a: Clefable|Draining Kiss|p1a: Garganacl\n|-damage|p1a: Garganacl|28\/100\n|-heal|p2a: Clefable|97\/100|[from] drain|[of] p1a: Garganacl\n|move|p1a: Garganacl|Body Press|p2a: Clefable\n|-resisted|p2a: Clefable\n|-damage|p2a: Clefable|81\/100\n|\n|-heal|p1a: Garganacl|34\/100|[from] item: Leftovers\n|upkeep\n|turn|12\n|\n|t:|1699681938\n|move|p2a: Clefable|Draining Kiss|p1a: Garganacl\n|-damage|p1a: Garganacl|0 fnt\n|-heal|p2a: Clefable|100\/100|[from] drain|[of] p1a: Garganacl\n|faint|p1a: Garganacl\n|\n|upkeep\n|\n|t:|1699681952\n|switch|p1a: Tyranitar|Tyranitar, M|100\/100\n|-weather|Sandstorm|[from] ability: Sand Stream|[of] p1a: Tyranitar\n|turn|13\n|\n|t:|1699681958\n|move|p1a: Tyranitar|Iron Head|p2a: Clefable\n|-supereffective|p2a: Clefable\n|-damage|p2a: Clefable|72\/100\n|move|p2a: Clefable|Draining Kiss|p1a: Tyranitar\n|-supereffective|p1a: Tyranitar\n|-damage|p1a: Tyranitar|33\/100\n|-heal|p2a: Clefable|100\/100|[from] drain|[of] p1a: Tyranitar\n|\n|-weather|Sandstorm|[upkeep]\n|upkeep\n|turn|14\n|\n|t:|1699681968\n|move|p1a: Tyranitar|Iron Head|p2a: Clefable\n|-supereffective|p2a: Clefable\n|-damage|p2a: Clefable|75\/100\n|move|p2a: Clefable|Draining Kiss|p1a: Tyranitar\n|-supereffective|p1a: Tyranitar\n|-damage|p1a: Tyranitar|0 fnt\n|-heal|p2a: Clefable|99\/100|[from] drain|[of] p1a: Tyranitar\n|faint|p1a: Tyranitar\n|\n|-weather|Sandstorm|[upkeep]\n|upkeep\n|\n|t:|1699681991\n|switch|p1a: Kleavor|Kleavor, M, shiny|100\/100\n|turn|15\n|\n|t:|1699682010\n|move|p1a: Kleavor|Stone Axe|p2a: Clefable\n|-damage|p2a: Clefable|77\/100\n|-sidestart|p2: tombstoan|move: Stealth Rock\n|move|p2a: Clefable|Draining Kiss|p1a: Kleavor\n|-damage|p1a: Kleavor|0 fnt\n|-heal|p2a: Clefable|100\/100|[from] drain|[of] p1a: Kleavor\n|faint|p1a: Kleavor\n|\n|-weather|Sandstorm|[upkeep]\n|upkeep\n|\n|t:|1699682026\n|switch|p1a: Glimmora|Glimmora, F, shiny|100\/100\n|turn|16\n|\n|t:|1699682037\n|move|p1a: Glimmora|Power Gem|p2a: Clefable\n|-crit|p2a: Clefable\n|-damage|p2a: Clefable|40\/100\n|move|p2a: Clefable|Stored Power|p1a: Glimmora\n|-supereffective|p1a: Glimmora\n|-enditem|p1a: Glimmora|Focus Sash\n|-damage|p1a: Glimmora|1\/100\n|\n|-weather|Sandstorm|[upkeep]\n|upkeep\n|turn|17\n|\n|t:|1699682051\n|move|p1a: Glimmora|Power Gem|p2a: Clefable\n|-damage|p2a: Clefable|30\/100\n|move|p2a: Clefable|Draining Kiss|p1a: Glimmora\n|-resisted|p1a: Glimmora\n|-crit|p1a: Glimmora\n|-damage|p1a: Glimmora|0 fnt\n|-heal|p2a: Clefable|30\/100|[from] drain|[of] p1a: Glimmora\n|faint|p1a: Glimmora\n|\n|-weather|none\n|upkeep\n|\n|t:|1699682061\n|switch|p1a: Arcanine|Arcanine-Hisui, M|100\/100\n|-ability|p1a: Arcanine|Intimidate|boost\n|-unboost|p2a: Clefable|atk|1\n|turn|18\n|\n|t:|1699682071\n|move|p1a: Arcanine|Wild Charge|p2a: Clefable\n|-damage|p2a: Clefable|11\/100\n|-damage|p1a: Arcanine|95\/100|[from] Recoil\n|move|p2a: Clefable|Draining Kiss|p1a: Arcanine\n|-resisted|p1a: Arcanine\n|-crit|p1a: Arcanine\n|-damage|p1a: Arcanine|11\/100\n|-heal|p2a: Clefable|64\/100|[from] drain|[of] p1a: Arcanine\n|\n|upkeep\n|turn|19\n|\n|t:|1699682085\n|move|p1a: Arcanine|Wild Charge|p2a: Clefable\n|-damage|p2a: Clefable|45\/100\n|-damage|p1a: Arcanine|5\/100|[from] Recoil\n|move|p2a: Clefable|Draining Kiss|p1a: Arcanine\n|-resisted|p1a: Arcanine\n|-damage|p1a: Arcanine|0 fnt\n|-heal|p2a: Clefable|48\/100|[from] drain|[of] p1a: Arcanine\n|faint|p1a: Arcanine\n|\n|upkeep\n|\n|t:|1699682095\n|switch|p1a: Ogerpon|Ogerpon-Cornerstone, F|100\/100\n|turn|20\n|\n|t:|1699682103\n|move|p1a: Ogerpon|Ivy Cudgel|p2a: Clefable\n|-damage|p2a: Clefable|21\/100\n|move|p2a: Clefable|Draining Kiss|p1a: Ogerpon\n|-ability|p1a: Ogerpon|Sturdy\n|-damage|p1a: Ogerpon|1\/100\n|-heal|p2a: Clefable|78\/100|[from] drain|[of] p1a: Ogerpon\n|\n|upkeep\n|turn|21\n|\n|t:|1699682112\n|move|p1a: Ogerpon|Ivy Cudgel|p2a: Clefable\n|-damage|p2a: Clefable|52\/100\n|move|p2a: Clefable|Stored Power|p1a: Ogerpon\n|-damage|p1a: Ogerpon|0 fnt\n|faint|p1a: Ogerpon\n|\n|win|tombstoan\n|l|\u2606oso Austin\n|l| Bellatrix2022\n","uploadtime":1699682433,"views":38,"p1id":"osoaustin","p2id":"tombstoan","formatid":"gen9ubers","rating":0,"private":0,"password":""}