{"id":"gen9ubers-1993331700","p1":"F-00_MC","p2":"fungoos469","format":"[Gen 9] Ubers","log":"|j|\u2606F-00_MC\n|j|\u2606fungoos469\n|t:|1700300009\n|gametype|singles\n|player|p1|F-00_MC|hilbert|\n|player|p2|fungoos469|hero2-conquest|\n|teamsize|p1|6\n|teamsize|p2|6\n|gen|9\n|tier|[Gen 9] Ubers\n|rule|Sleep Clause Mod: Limit one foe put to sleep\n|rule|Species Clause: Limit one of each Pok\u00e9mon\n|rule|OHKO Clause: OHKO moves are banned\n|rule|Evasion Items Clause: Evasion items are banned\n|rule|Evasion Moves Clause: Evasion moves are banned\n|rule|Endless Battle Clause: Forcing endless battles is banned\n|rule|HP Percentage Mod: HP is shown in percentages\n|clearpoke\n|poke|p1|Pelipper, M|\n|poke|p1|Palafin, F|\n|poke|p1|Magearna|\n|poke|p1|Arceus-Poison|\n|poke|p1|Dialga|\n|poke|p1|Palkia-Origin|\n|poke|p2|Arceus-Fighting|\n|poke|p2|Ogerpon-Wellspring, F|\n|poke|p2|Palkia-Origin|\n|poke|p2|Magearna|\n|poke|p2|Espathra, M|\n|poke|p2|Zacian-*|\n|teampreview\n|inactive|Battle timer is ON: inactive players will automatically lose when time's up. (requested by F-00_MC)\n|c|\u2606F-00_MC|gl\n|c|\u2606fungoos469|glhf\n|inactive|F-00_MC has 270 seconds left.\n|inactive|F-00_MC has 240 seconds left.\n|\n|t:|1700300099\n|start\n|switch|p1a: Magearna|Magearna|100\/100\n|switch|p2a: Zacian|Zacian|100\/100\n|-ability|p2a: Zacian|Intrepid Sword|boost\n|-boost|p2a: Zacian|atk|1\n|turn|1\n|inactive|F-00_MC has 270 seconds left.\n|\n|t:|1700300114\n|move|p2a: Zacian|Close Combat|p1a: Magearna\n|-damage|p1a: Magearna|44\/100\n|-unboost|p2a: Zacian|def|1\n|-unboost|p2a: Zacian|spd|1\n|move|p1a: Magearna|Spikes|p2a: Zacian\n|-sidestart|p2: fungoos469|Spikes\n|\n|-heal|p1a: Magearna|50\/100|[from] item: Leftovers\n|upkeep\n|turn|2\n|inactive|F-00_MC has 270 seconds left.\n|\n|t:|1700300126\n|switch|p1a: Pelipper|Pelipper, M|100\/100\n|-weather|RainDance|[from] ability: Drizzle|[of] p1a: Pelipper\n|move|p2a: Zacian|Close Combat|p1a: Pelipper\n|-resisted|p1a: Pelipper\n|-damage|p1a: Pelipper|66\/100\n|-unboost|p2a: Zacian|def|1\n|-unboost|p2a: Zacian|spd|1\n|\n|-weather|RainDance|[upkeep]\n|upkeep\n|turn|3\n|inactive|F-00_MC has 270 seconds left.\n|\n|t:|1700300138\n|switch|p2a: Ogerpon|Ogerpon-Wellspring, F|100\/100\n|-damage|p2a: Ogerpon|88\/100|[from] Spikes\n|move|p1a: Pelipper|Roost|p1a: Pelipper\n|-heal|p1a: Pelipper|100\/100\n|-singleturn|p1a: Pelipper|move: Roost\n|\n|-weather|RainDance|[upkeep]\n|upkeep\n|turn|4\n|inactive|F-00_MC has 270 seconds left.\n|\n|t:|1700300171\n|-terastallize|p2a: Ogerpon|Water\n|detailschange|p2a: Ogerpon|Ogerpon-Wellspring-Tera, F, tera:Water\n|-ability|p2a: Ogerpon|Embody Aspect (Wellspring)|boost\n|-boost|p2a: Ogerpon|spd|1\n|move|p2a: Ogerpon|Swords Dance|p2a: Ogerpon\n|-boost|p2a: Ogerpon|atk|2\n|move|p1a: Pelipper|Hurricane|p2a: Ogerpon\n|-damage|p2a: Ogerpon|65\/100\n|-start|p2a: Ogerpon|confusion\n|\n|-weather|RainDance|[upkeep]\n|upkeep\n|turn|5\n|c|\u2606fungoos469|unlucky\n|inactive|F-00_MC has 240 seconds left.\n|c|\u2606F-00_MC|yh\n|\n|t:|1700300196\n|switch|p1a: Dialga|Dialga|100\/100\n|-ability|p1a: Dialga|Pressure\n|-activate|p2a: Ogerpon|confusion\n|move|p2a: Ogerpon|Trailblaze|p1a: Dialga\n|-resisted|p1a: Dialga\n|-damage|p1a: Dialga|88\/100\n|-boost|p2a: Ogerpon|spe|1\n|\n|-weather|RainDance|[upkeep]\n|-heal|p1a: Dialga|94\/100|[from] item: Leftovers\n|upkeep\n|turn|6\n|inactive|fungoos469 has 270 seconds left.\n|\n|t:|1700300217\n|-activate|p2a: Ogerpon|confusion\n|move|p2a: Ogerpon|Horn Leech|p1a: Dialga\n|-resisted|p1a: Dialga\n|-damage|p1a: Dialga|78\/100\n|-heal|p2a: Ogerpon|75\/100|[from] drain|[of] p1a: Dialga\n|move|p1a: Dialga|Roar|p2a: Ogerpon\n|drag|p2a: Magearna|Magearna|100\/100\n|-damage|p2a: Magearna|88\/100|[from] Spikes\n|\n|-weather|RainDance|[upkeep]\n|-heal|p1a: Dialga|84\/100|[from] item: Leftovers\n|-heal|p2a: Magearna|94\/100|[from] item: Leftovers\n|upkeep\n|turn|7\n|inactive|fungoos469 has 270 seconds left.\n|inactive|F-00_MC has 240 seconds left.\n|\n|t:|1700300241\n|move|p1a: Dialga|Stealth Rock|p2a: Magearna\n|-sidestart|p2: fungoos469|move: Stealth Rock\n|move|p2a: Magearna|Spikes|p1a: Dialga\n|-sidestart|p1: F-00_MC|Spikes\n|\n|-weather|RainDance|[upkeep]\n|-heal|p1a: Dialga|90\/100|[from] item: Leftovers\n|-heal|p2a: Magearna|99\/100|[from] item: Leftovers\n|upkeep\n|turn|8\n|inactive|fungoos469 has 270 seconds left.\n|\n|t:|1700300250\n|switch|p1a: Palafin|Palafin, F, shiny|100\/100\n|-damage|p1a: Palafin|88\/100|[from] Spikes\n|move|p2a: Magearna|Volt Switch|p1a: Palafin\n|-supereffective|p1a: Palafin\n|-damage|p1a: Palafin|40\/100\n|inactive|fungoos469 has 270 seconds left.\n|\n|t:|1700300264\n|switch|p2a: Ogerpon|Ogerpon-Wellspring-Tera, F, tera:Water|75\/100|[from] Volt Switch\n|-damage|p2a: Ogerpon|63\/100|[from] Spikes\n|-damage|p2a: Ogerpon|50\/100|[from] Stealth Rock\n|-ability|p2a: Ogerpon|Embody Aspect (Wellspring)|boost\n|-boost|p2a: Ogerpon|spd|1\n|\n|-weather|RainDance|[upkeep]\n|upkeep\n|turn|9\n|inactive|fungoos469 has 270 seconds left.\n|inactive|F-00_MC has 240 seconds left.\n|\n|t:|1700300312\n|detailschange|p1a: Palafin|Palafin-Hero, F, shiny\n|switch|p1a: Magearna|Magearna|50\/100\n|-damage|p1a: Magearna|37\/100|[from] Spikes\n|move|p2a: Ogerpon|Horn Leech|p1a: Magearna\n|-resisted|p1a: Magearna\n|-crit|p1a: Magearna\n|-damage|p1a: Magearna|12\/100\n|-heal|p2a: Ogerpon|64\/100|[from] drain|[of] p1a: Magearna\n|\n|-weather|none\n|-heal|p1a: Magearna|18\/100|[from] item: Leftovers\n|upkeep\n|turn|10\n|\n|t:|1700300328\n|move|p2a: Ogerpon|Ivy Cudgel|p1a: Magearna|[anim] Ivy Cudgel Water\n|-damage|p1a: Magearna|0 fnt\n|faint|p1a: Magearna\n|\n|upkeep\n|\n|t:|1700300337\n|switch|p1a: Pelipper|Pelipper, M|100\/100\n|-weather|RainDance|[from] ability: Drizzle|[of] p1a: Pelipper\n|turn|11\n|inactive|F-00_MC has 210 seconds left.\n|\n|t:|1700300369\n|switch|p1a: Palkia|Palkia-Origin|100\/100\n|-damage|p1a: Palkia|88\/100|[from] Spikes\n|-ability|p1a: Palkia|Pressure\n|move|p2a: Ogerpon|Swords Dance|p2a: Ogerpon\n|-boost|p2a: Ogerpon|atk|2\n|\n|-weather|RainDance|[upkeep]\n|upkeep\n|turn|12\n|inactive|fungoos469 has 270 seconds left.\n|\n|t:|1700300392\n|move|p1a: Palkia|Thunder|p2a: Ogerpon\n|-supereffective|p2a: Ogerpon\n|-damage|p2a: Ogerpon|0 fnt\n|faint|p2a: Ogerpon\n|\n|-weather|RainDance|[upkeep]\n|upkeep\n|\n|t:|1700300403\n|switch|p2a: Zacian|Zacian|100\/100\n|-damage|p2a: Zacian|88\/100|[from] Spikes\n|-damage|p2a: Zacian|76\/100|[from] Stealth Rock\n|turn|13\n|inactive|F-00_MC has 210 seconds left.\n|\n|t:|1700300415\n|switch|p1a: Arceus|Arceus-Poison|100\/100\n|-damage|p1a: Arceus|88\/100|[from] Spikes\n|move|p2a: Zacian|Play Rough|p1a: Arceus\n|-resisted|p1a: Arceus\n|-damage|p1a: Arceus|66\/100\n|\n|-weather|RainDance|[upkeep]\n|upkeep\n|turn|14\n|inactive|F-00_MC has 210 seconds left.\n|\n|t:|1700300431\n|switch|p2a: Espathra|Espathra, M|100\/100\n|-damage|p2a: Espathra|88\/100|[from] Spikes\n|-damage|p2a: Espathra|76\/100|[from] Stealth Rock\n|move|p1a: Arceus|Earth Power|p2a: Espathra\n|-crit|p2a: Espathra\n|-damage|p2a: Espathra|28\/100\n|-unboost|p2a: Espathra|spd|1\n|\n|-weather|RainDance|[upkeep]\n|-heal|p2a: Espathra|34\/100|[from] item: Leftovers\n|upkeep\n|turn|15\n|inactive|F-00_MC has 210 seconds left.\n|inactive|fungoos469 has 270 seconds left.\n|c|\u2606fungoos469|bruh\n|\n|t:|1700300451\n|switch|p1a: Dialga|Dialga|90\/100\n|-damage|p1a: Dialga|78\/100|[from] Spikes\n|-ability|p1a: Dialga|Pressure\n|move|p2a: Espathra|Protect||[still]\n|-fail|p2a: Espathra\n|\n|-weather|RainDance|[upkeep]\n|-heal|p2a: Espathra|40\/100|[from] item: Leftovers\n|-heal|p1a: Dialga|84\/100|[from] item: Leftovers\n|-ability|p2a: Espathra|Speed Boost|boost\n|-boost|p2a: Espathra|spe|1\n|upkeep\n|turn|16\n|c|\u2606F-00_MC|yeah, this game can be harsh\n|c|\u2606fungoos469|oh well\n|c|\u2606fungoos469|it all evens out eventually\n|inactive|F-00_MC has 180 seconds left.\n|\n|t:|1700300483\n|move|p2a: Espathra|Roost|p2a: Espathra\n|-heal|p2a: Espathra|90\/100\n|-singleturn|p2a: Espathra|move: Roost\n|move|p1a: Dialga|Roar|p2a: Espathra\n|drag|p2a: Zacian|Zacian|76\/100\n|-damage|p2a: Zacian|64\/100|[from] Spikes\n|-damage|p2a: Zacian|51\/100|[from] Stealth Rock\n|\n|-weather|RainDance|[upkeep]\n|-heal|p1a: Dialga|90\/100|[from] item: Leftovers\n|upkeep\n|turn|17\n|inactive|F-00_MC has 180 seconds left.\n|inactive|F-00_MC has 150 seconds left.\n|\n|t:|1700300531\n|switch|p1a: Arceus|Arceus-Poison|66\/100\n|-damage|p1a: Arceus|53\/100|[from] Spikes\n|move|p2a: Zacian|Psychic Fangs|p1a: Arceus\n|-supereffective|p1a: Arceus\n|-damage|p1a: Arceus|0 fnt\n|faint|p1a: Arceus\n|\n|-weather|RainDance|[upkeep]\n|upkeep\n|\n|t:|1700300538\n|switch|p1a: Palafin|Palafin-Hero, F, shiny|40\/100\n|-damage|p1a: Palafin|27\/100|[from] Spikes\n|-activate|p1a: Palafin|ability: Zero to Hero\n|turn|18\n|inactive|F-00_MC has 150 seconds left.\n|inactive|fungoos469 has 270 seconds left.\n|\n|t:|1700300556\n|switch|p2a: Palkia|Palkia-Origin|100\/100\n|-damage|p2a: Palkia|88\/100|[from] Spikes\n|-damage|p2a: Palkia|76\/100|[from] Stealth Rock\n|-ability|p2a: Palkia|Pressure\n|-terastallize|p1a: Palafin|Water\n|move|p1a: Palafin|Jet Punch|p2a: Palkia\n|-resisted|p2a: Palkia\n|-crit|p2a: Palkia\n|-damage|p2a: Palkia|25\/100\n|\n|-weather|none\n|upkeep\n|turn|19\n|inactive|F-00_MC has 150 seconds left.\n|c|\u2606F-00_MC|holy\n|\n|t:|1700300572\n|switch|p1a: Dialga|Dialga|90\/100\n|-damage|p1a: Dialga|78\/100|[from] Spikes\n|-ability|p1a: Dialga|Pressure\n|move|p2a: Palkia|Thunderbolt|p1a: Dialga\n|-resisted|p1a: Dialga\n|-damage|p1a: Dialga|65\/100\n|\n|-heal|p1a: Dialga|72\/100|[from] item: Leftovers\n|upkeep\n|turn|20\n|inactive|F-00_MC has 150 seconds left.\n|\n|t:|1700300586\n|move|p2a: Palkia|Draco Meteor|p1a: Dialga\n|-damage|p1a: Dialga|12\/100\n|-unboost|p2a: Palkia|spa|2\n|move|p1a: Dialga|Roar|p2a: Palkia\n|drag|p2a: Arceus|Arceus-Fighting|100\/100\n|-damage|p2a: Arceus|88\/100|[from] Spikes\n|-damage|p2a: Arceus|82\/100|[from] Stealth Rock\n|\n|-heal|p1a: Dialga|18\/100|[from] item: Leftovers\n|upkeep\n|turn|21\n|inactive|F-00_MC has 150 seconds left.\n|inactive|fungoos469 has 270 seconds left.\n|\n|t:|1700300604\n|switch|p1a: Pelipper|Pelipper, M|100\/100\n|-weather|RainDance|[from] ability: Drizzle|[of] p1a: Pelipper\n|move|p2a: Arceus|Brick Break|p1a: Pelipper\n|-resisted|p1a: Pelipper\n|-damage|p1a: Pelipper|82\/100\n|\n|-weather|RainDance|[upkeep]\n|upkeep\n|turn|22\n|\n|t:|1700300631\n|move|p2a: Arceus|Swords Dance|p2a: Arceus\n|-boost|p2a: Arceus|atk|2\n|move|p1a: Pelipper|Hurricane|p2a: Arceus\n|-supereffective|p2a: Arceus\n|-damage|p2a: Arceus|35\/100\n|\n|-weather|RainDance|[upkeep]\n|upkeep\n|turn|23\n|inactive|fungoos469 has 270 seconds left.\n|\n|t:|1700300657\n|move|p2a: Arceus|Extreme Speed|p1a: Pelipper\n|-damage|p1a: Pelipper|39\/100\n|move|p1a: Pelipper|Hurricane|p2a: Arceus\n|-supereffective|p2a: Arceus\n|-damage|p2a: Arceus|0 fnt\n|faint|p2a: Arceus\n|\n|-weather|RainDance|[upkeep]\n|upkeep\n|\n|t:|1700300667\n|switch|p2a: Magearna|Magearna|99\/100\n|-damage|p2a: Magearna|88\/100|[from] Spikes\n|-damage|p2a: Magearna|82\/100|[from] Stealth Rock\n|turn|24\n|\n|t:|1700300684\n|switch|p1a: Dialga|Dialga|18\/100\n|-damage|p1a: Dialga|6\/100|[from] Spikes\n|-ability|p1a: Dialga|Pressure\n|move|p2a: Magearna|Spikes|p1a: Dialga\n|-sidestart|p1: F-00_MC|Spikes\n|\n|-weather|RainDance|[upkeep]\n|-heal|p1a: Dialga|12\/100|[from] item: Leftovers\n|-heal|p2a: Magearna|88\/100|[from] item: Leftovers\n|upkeep\n|turn|25\n|\n|t:|1700300698\n|move|p2a: Magearna|Spikes|p1a: Dialga\n|-sidestart|p1: F-00_MC|Spikes\n|move|p1a: Dialga|Roar|p2a: Magearna\n|drag|p2a: Zacian|Zacian|51\/100\n|-damage|p2a: Zacian|39\/100|[from] Spikes\n|-damage|p2a: Zacian|27\/100|[from] Stealth Rock\n|\n|-weather|RainDance|[upkeep]\n|-heal|p1a: Dialga|18\/100|[from] item: Leftovers\n|upkeep\n|turn|26\n|\n|t:|1700300711\n|move|p2a: Zacian|Play Rough|p1a: Dialga|[miss]\n|-miss|p2a: Zacian|p1a: Dialga\n|move|p1a: Dialga|Flash Cannon|p2a: Zacian\n|-supereffective|p2a: Zacian\n|-damage|p2a: Zacian|0 fnt\n|faint|p2a: Zacian\n|\n|-weather|RainDance|[upkeep]\n|-heal|p1a: Dialga|25\/100|[from] item: Leftovers\n|upkeep\n|c|\u2606F-00_MC|...\n|inactive|fungoos469 has 240 seconds left.\n|\n|t:|1700300721\n|switch|p2a: Palkia|Palkia-Origin|25\/100\n|-damage|p2a: Palkia|13\/100|[from] Spikes\n|-damage|p2a: Palkia|0 fnt|[from] Stealth Rock\n|faint|p2a: Palkia\n|inactive|fungoos469 has 240 seconds left.\n|\n|t:|1700300730\n|switch|p2a: Magearna|Magearna|88\/100\n|-damage|p2a: Magearna|75\/100|[from] Spikes\n|-damage|p2a: Magearna|69\/100|[from] Stealth Rock\n|turn|27\n|inactive|F-00_MC has 150 seconds left.\n|inactive|fungoos469 has 240 seconds left.\n|\n|t:|1700300746\n|move|p2a: Magearna|Fleur Cannon|p1a: Dialga\n|-damage|p1a: Dialga|0 fnt\n|-unboost|p2a: Magearna|spa|2\n|faint|p1a: Dialga\n|-ability|p2a: Magearna|Soul-Heart|boost\n|-boost|p2a: Magearna|spa|1\n|\n|-weather|RainDance|[upkeep]\n|-heal|p2a: Magearna|75\/100|[from] item: Leftovers\n|upkeep\n|inactive|F-00_MC has 150 seconds left.\n|\n|t:|1700300769\n|switch|p1a: Palkia|Palkia-Origin|88\/100\n|-damage|p1a: Palkia|63\/100|[from] Spikes\n|-ability|p1a: Palkia|Pressure\n|turn|28\n|inactive|fungoos469 has 240 seconds left.\n|\n|t:|1700300781\n|move|p1a: Palkia|Surf|p2a: Magearna\n|-damage|p2a: Magearna|17\/100\n|move|p2a: Magearna|Fleur Cannon|p1a: Palkia\n|-supereffective|p1a: Palkia\n|-damage|p1a: Palkia|0 fnt\n|-unboost|p2a: Magearna|spa|2\n|faint|p1a: Palkia\n|-ability|p2a: Magearna|Soul-Heart|boost\n|-boost|p2a: Magearna|spa|1\n|\n|-weather|none\n|-heal|p2a: Magearna|23\/100|[from] item: Leftovers\n|upkeep\n|\n|t:|1700300791\n|switch|p1a: Pelipper|Pelipper, M|39\/100\n|-weather|RainDance|[from] ability: Drizzle|[of] p1a: Pelipper\n|turn|29\n|\n|t:|1700300813\n|move|p2a: Magearna|Thunderbolt|p1a: Pelipper\n|-supereffective|p1a: Pelipper\n|-damage|p1a: Pelipper|0 fnt\n|faint|p1a: Pelipper\n|-ability|p2a: Magearna|Soul-Heart|boost\n|-boost|p2a: Magearna|spa|1\n|\n|-weather|RainDance|[upkeep]\n|-heal|p2a: Magearna|29\/100|[from] item: Leftovers\n|upkeep\n|\n|t:|1700300815\n|switch|p1a: Palafin|Palafin-Hero, F, shiny, tera:Water|27\/100\n|-damage|p1a: Palafin|3\/100|[from] Spikes\n|turn|30\n|\n|t:|1700300825\n|move|p1a: Palafin|Jet Punch|p2a: Magearna\n|-damage|p2a: Magearna|0 fnt\n|faint|p2a: Magearna\n|\n|-weather|RainDance|[upkeep]\n|upkeep\n|\n|t:|1700300830\n|switch|p2a: Espathra|Espathra, M|90\/100\n|-damage|p2a: Espathra|77\/100|[from] Spikes\n|-damage|p2a: Espathra|65\/100|[from] Stealth Rock\n|turn|31\n|\n|t:|1700300835\n|move|p2a: Espathra|Protect|p2a: Espathra\n|-singleturn|p2a: Espathra|Protect\n|move|p1a: Palafin|Jet Punch|p2a: Espathra\n|-activate|p2a: Espathra|move: Protect\n|\n|-weather|RainDance|[upkeep]\n|-heal|p2a: Espathra|71\/100|[from] item: Leftovers\n|-ability|p2a: Espathra|Speed Boost|boost\n|-boost|p2a: Espathra|spe|1\n|upkeep\n|turn|32\n|c|\u2606F-00_MC|gg\n|\n|t:|1700300844\n|move|p1a: Palafin|Jet Punch|p2a: Espathra\n|-damage|p2a: Espathra|0 fnt\n|faint|p2a: Espathra\n|\n|win|F-00_MC\n|c|\u2606fungoos469|gg\n|c|\u2606F-00_MC|unlucky game on your end\n|c|\u2606F-00_MC|1 - 0\n","uploadtime":1700300855,"views":22,"p1id":"f00mc","p2id":"fungoos469","formatid":"gen9ubers","rating":0,"private":0,"password":""}