{"id":"gen9ubers-1996509774","p1":"Chazl Dazl","p2":"bareraptor","format":"[Gen 9] Ubers","log":"|j|\u2606Chazl Dazl\n|j|\u2606bareraptor\n|t:|1700689033\n|gametype|singles\n|player|p1|Chazl Dazl|170|\n|player|p2|bareraptor|102|\n|teamsize|p1|6\n|teamsize|p2|6\n|gen|9\n|tier|[Gen 9] Ubers\n|rule|Sleep Clause Mod: Limit one foe put to sleep\n|rule|Species Clause: Limit one of each Pok\u00e9mon\n|rule|OHKO Clause: OHKO moves are banned\n|rule|Evasion Items Clause: Evasion items are banned\n|rule|Evasion Moves Clause: Evasion moves are banned\n|rule|Endless Battle Clause: Forcing endless battles is banned\n|rule|HP Percentage Mod: HP is shown in percentages\n|clearpoke\n|poke|p1|Slowbro-Galar, F|\n|poke|p1|Quagsire, F|\n|poke|p1|Hoopa-Unbound|\n|poke|p1|Abomasnow, M|\n|poke|p1|Iron Valiant|\n|poke|p1|Tornadus-Therian, M|\n|poke|p2|Ogerpon-Hearthflame, F|\n|poke|p2|Cyclizar, M|\n|poke|p2|Thundurus, M|\n|poke|p2|Zamazenta-*|\n|poke|p2|Slowking-Galar, M|\n|poke|p2|Alomomola, F|\n|teampreview\n|c|\u2606bareraptor|gl hf!!!\n|c|\u2606Chazl Dazl|gl hfs\n|c|\u2606bareraptor|NO BEAR WHAT\n|c|\u2606Chazl Dazl|bueno suerte\n|c|\u2606Chazl Dazl|lol no bear\n|c|\u2606bareraptor|I was excited to make bear noises\n|c|\u2606Chazl Dazl|hahaha\n|\n|t:|1700689120\n|start\n|switch|p1a: Iron Valiant|Iron Valiant|100\/100\n|switch|p2a: Thundurus|Thundurus, M|100\/100\n|turn|1\n|\n|t:|1700689177\n|move|p1a: Iron Valiant|Moonblast|p2a: Thundurus\n|-damage|p2a: Thundurus|55\/100\n|move|p2a: Thundurus|Psychic|p1a: Iron Valiant\n|-supereffective|p1a: Iron Valiant\n|-damage|p1a: Iron Valiant|0 fnt\n|faint|p1a: Iron Valiant\n|-end|p1a: Iron Valiant|Quark Drive|[silent]\n|\n|upkeep\n|\n|t:|1700689194\n|switch|p1a: Hoopa|Hoopa-Unbound|100\/100\n|turn|2\n|\n|t:|1700689198\n|move|p2a: Thundurus|U-turn|p1a: Hoopa\n|-supereffective|p1a: Hoopa\n|-damage|p1a: Hoopa|0 fnt\n|faint|p1a: Hoopa\n|\n|t:|1700689212\n|switch|p2a: Cyclizar|Cyclizar, M|100\/100|[from] U-turn\n|\n|upkeep\n|\n|t:|1700689226\n|switch|p1a: Slowbro|Slowbro-Galar, F|100\/100\n|turn|3\n|\n|t:|1700689238\n|move|p2a: Cyclizar|Knock Off|p1a: Slowbro\n|-supereffective|p1a: Slowbro\n|-damage|p1a: Slowbro|70\/100\n|-enditem|p1a: Slowbro|Quick Claw|[from] move: Knock Off|[of] p2a: Cyclizar\n|move|p1a: Slowbro|Psychic|p2a: Cyclizar\n|-damage|p2a: Cyclizar|58\/100\n|\n|upkeep\n|turn|4\n|-activate|p1a: Slowbro|ability: Quick Draw\n|\n|t:|1700689278\n|move|p1a: Slowbro|Psychic|p2a: Cyclizar\n|-damage|p2a: Cyclizar|17\/100\n|move|p2a: Cyclizar|Shed Tail|p2a: Cyclizar\n|-fail|p2a: Cyclizar|move: Shed Tail|[weak]\n|\n|upkeep\n|turn|5\n|c|\u2606bareraptor|lol forgot about that\n|\n|t:|1700689295\n|switch|p2a: Slowking|Slowking-Galar, M|100\/100\n|move|p1a: Slowbro|Trick Room|p1a: Slowbro\n|-fieldstart|move: Trick Room|[of] p1a: Slowbro\n|\n|upkeep\n|turn|6\n|\n|t:|1700689309\n|switch|p1a: Abomasnow|Abomasnow, M|100\/100\n|-weather|Snow|[from] ability: Snow Warning|[of] p1a: Abomasnow\n|move|p2a: Slowking|Chilly Reception|p2a: Slowking\n|c|\u2606bareraptor|no i put the snow\n|\n|t:|1700689322\n|switch|p2a: Ogerpon|Ogerpon-Hearthflame, F|100\/100|[from] Chilly Reception\n|-ability|p2a: Ogerpon|Mold Breaker\n|\n|-weather|Snow|[upkeep]\n|upkeep\n|turn|7\n|\n|t:|1700689334\n|-terastallize|p1a: Abomasnow|Fire\n|-terastallize|p2a: Ogerpon|Fire\n|detailschange|p2a: Ogerpon|Ogerpon-Hearthflame-Tera, F, tera:Fire\n|-ability|p2a: Ogerpon|Embody Aspect (Hearthflame)|boost\n|-boost|p2a: Ogerpon|atk|1\n|move|p1a: Abomasnow|Aurora Veil|p1a: Abomasnow\n|-sidestart|p1: Chazl Dazl|move: Aurora Veil\n|move|p2a: Ogerpon|Ivy Cudgel|p1a: Abomasnow|[anim] Ivy Cudgel Fire\n|-resisted|p1a: Abomasnow\n|-damage|p1a: Abomasnow|67\/100\n|\n|-weather|Snow|[upkeep]\n|upkeep\n|turn|8\n|\n|t:|1700689366\n|switch|p1a: Tornadus|Tornadus-Therian, M|100\/100\n|switch|p2a: Slowking|Slowking-Galar, M|100\/100\n|\n|-weather|Snow|[upkeep]\n|upkeep\n|turn|9\n|\n|t:|1700689381\n|move|p2a: Slowking|Thunder Wave|p1a: Tornadus\n|-status|p1a: Tornadus|par\n|move|p1a: Tornadus|U-turn|p2a: Slowking\n|-damage|p2a: Slowking|85\/100\n|\n|t:|1700689388\n|switch|p1a: Quagsire|Quagsire, F|100\/100|[from] U-turn\n|\n|-weather|Snow|[upkeep]\n|-fieldend|move: Trick Room\n|upkeep\n|turn|10\n|\n|t:|1700689399\n|switch|p2a: Alomomola|Alomomola, F|100\/100\n|move|p1a: Quagsire|Toxic Spikes|p2a: Alomomola\n|-sidestart|p2: bareraptor|move: Toxic Spikes\n|\n|-weather|none\n|upkeep\n|turn|11\n|\n|t:|1700689411\n|switch|p1a: Tornadus|Tornadus-Therian, M|100\/100 par\n|move|p2a: Alomomola|Flip Turn|p1a: Tornadus\n|-damage|p1a: Tornadus|89\/100 par\n|\n|t:|1700689420\n|switch|p2a: Slowking|Slowking-Galar, M|100\/100|[from] Flip Turn\n|-sideend|p2: bareraptor|move: Toxic Spikes|[of] p2a: Slowking\n|\n|upkeep\n|turn|12\n|\n|t:|1700689426\n|move|p1a: Tornadus|U-turn|p2a: Slowking\n|-damage|p2a: Slowking|86\/100\n|\n|t:|1700689432\n|switch|p1a: Quagsire|Quagsire, F|100\/100|[from] U-turn\n|move|p2a: Slowking|Chilly Reception|p2a: Slowking\n|-weather|Snow\n|\n|t:|1700689439\n|switch|p2a: Ogerpon|Ogerpon-Hearthflame-Tera, F, tera:Fire|100\/100|[from] Chilly Reception\n|-ability|p2a: Ogerpon|Embody Aspect (Hearthflame)|boost\n|-boost|p2a: Ogerpon|atk|1\n|\n|-weather|Snow|[upkeep]\n|upkeep\n|turn|13\n|\n|t:|1700689470\n|move|p2a: Ogerpon|Trailblaze|p1a: Quagsire\n|-supereffective|p1a: Quagsire\n|-damage|p1a: Quagsire|44\/100\n|-boost|p2a: Ogerpon|spe|1\n|move|p1a: Quagsire|Chilling Water|p2a: Ogerpon\n|-supereffective|p2a: Ogerpon\n|-damage|p2a: Ogerpon|74\/100\n|-unboost|p2a: Ogerpon|atk|1\n|\n|-weather|Snow|[upkeep]\n|-heal|p1a: Quagsire|50\/100|[from] item: Leftovers\n|upkeep\n|turn|14\n|\n|t:|1700689480\n|move|p2a: Ogerpon|Horn Leech|p1a: Quagsire\n|-supereffective|p1a: Quagsire\n|-damage|p1a: Quagsire|0 fnt\n|-heal|p2a: Ogerpon|100\/100|[from] drain|[of] p1a: Quagsire\n|faint|p1a: Quagsire\n|\n|-weather|Snow|[upkeep]\n|-sideend|p1: Chazl Dazl|move: Aurora Veil\n|upkeep\n|\n|t:|1700689484\n|switch|p1a: Tornadus|Tornadus-Therian, M|100\/100 par\n|turn|15\n|\n|t:|1700689493\n|switch|p2a: Slowking|Slowking-Galar, M|100\/100\n|move|p1a: Tornadus|Air Slash|p2a: Slowking|[miss]\n|-miss|p1a: Tornadus|p2a: Slowking\n|\n|-weather|Snow|[upkeep]\n|upkeep\n|turn|16\n|\n|t:|1700689506\n|switch|p1a: Abomasnow|Abomasnow, M, tera:Fire|67\/100\n|move|p2a: Slowking|Psychic|p1a: Abomasnow\n|-damage|p1a: Abomasnow|44\/100\n|\n|-weather|none\n|upkeep\n|turn|17\n|j| XenoBits\n|\n|t:|1700689514\n|switch|p2a: Zamazenta|Zamazenta|100\/100\n|-ability|p2a: Zamazenta|Dauntless Shield|boost\n|-boost|p2a: Zamazenta|def|1\n|move|p1a: Abomasnow|Blizzard|p2a: Zamazenta\n|-damage|p2a: Zamazenta|67\/100\n|\n|upkeep\n|turn|18\n|\n|t:|1700689528\n|move|p2a: Zamazenta|Crunch|p1a: Abomasnow\n|-damage|p1a: Abomasnow|0 fnt\n|faint|p1a: Abomasnow\n|\n|upkeep\n|\n|t:|1700689535\n|switch|p1a: Slowbro|Slowbro-Galar, F|70\/100\n|turn|19\n|\n|t:|1700689539\n|move|p2a: Zamazenta|Crunch|p1a: Slowbro\n|-supereffective|p1a: Slowbro\n|-damage|p1a: Slowbro|12\/100\n|move|p1a: Slowbro|Psychic|p2a: Zamazenta\n|-supereffective|p2a: Zamazenta\n|-damage|p2a: Zamazenta|8\/100\n|\n|upkeep\n|turn|20\n|\n|t:|1700689545\n|move|p2a: Zamazenta|Crunch|p1a: Slowbro\n|-supereffective|p1a: Slowbro\n|-damage|p1a: Slowbro|0 fnt\n|faint|p1a: Slowbro\n|\n|upkeep\n|\n|t:|1700689546\n|switch|p1a: Tornadus|Tornadus-Therian, M|100\/100 par\n|turn|21\n|\n|t:|1700689552\n|switch|p2a: Thundurus|Thundurus, M|55\/100\n|move|p1a: Tornadus|Air Slash|p2a: Thundurus\n|-resisted|p2a: Thundurus\n|-damage|p2a: Thundurus|29\/100\n|\n|upkeep\n|turn|22\n|\n|t:|1700689557\n|move|p2a: Thundurus|Thunderbolt|p1a: Tornadus\n|-supereffective|p1a: Tornadus\n|-damage|p1a: Tornadus|0 fnt\n|faint|p1a: Tornadus\n|\n|win|bareraptor\n|c|\u2606bareraptor|gg\n|c|\u2606Chazl Dazl|gg\n","uploadtime":1700689566,"views":36,"p1id":"chazldazl","p2id":"bareraptor","formatid":"gen9ubers","rating":0,"private":0,"password":""}