{"id":"gen9ubers-1993892352","p1":"mysticalcheese","p2":"currys","format":"[Gen 9] Ubers","log":"|j|\u2606mysticalcheese\n|j|\u2606currys\n|t:|1700371066\n|gametype|singles\n|player|p1|mysticalcheese|1|\n|player|p2|currys|169|\n|teamsize|p1|6\n|teamsize|p2|6\n|gen|9\n|tier|[Gen 9] Ubers\n|rule|Sleep Clause Mod: Limit one foe put to sleep\n|rule|Species Clause: Limit one of each Pok\u00e9mon\n|rule|OHKO Clause: OHKO moves are banned\n|rule|Evasion Items Clause: Evasion items are banned\n|rule|Evasion Moves Clause: Evasion moves are banned\n|rule|Endless Battle Clause: Forcing endless battles is banned\n|rule|HP Percentage Mod: HP is shown in percentages\n|clearpoke\n|poke|p1|Breloom, M|\n|poke|p1|Armarouge, F|\n|poke|p1|Ogerpon-Cornerstone, F|\n|poke|p1|Diancie|\n|poke|p1|Garganacl, M|\n|poke|p1|Vikavolt, M|\n|poke|p2|Iron Bundle|\n|poke|p2|Corviknight, M|\n|poke|p2|Clodsire, M|\n|poke|p2|Hatterene, F|\n|poke|p2|Great Tusk|\n|poke|p2|Dragonite, F|\n|teampreview\n|\n|t:|1700371134\n|start\n|switch|p1a: Diancie|Diancie|100\/100\n|switch|p2a: Great Tusk|Great Tusk|100\/100\n|-enditem|p2a: Great Tusk|Booster Energy\n|-activate|p2a: Great Tusk|ability: Protosynthesis|[fromitem]\n|-start|p2a: Great Tusk|protosynthesisatk\n|turn|1\n|\n|t:|1700371164\n|move|p2a: Great Tusk|Earthquake|p1a: Diancie\n|-supereffective|p1a: Diancie\n|-damage|p1a: Diancie|0 fnt\n|faint|p1a: Diancie\n|\n|upkeep\n|\n|t:|1700371188\n|switch|p1a: Ogerpon|Ogerpon-Cornerstone, F|100\/100\n|turn|2\n|\n|t:|1700371197\n|-end|p2a: Great Tusk|Protosynthesis|[silent]\n|switch|p2a: Clodsire|Clodsire, M|100\/100\n|move|p1a: Ogerpon|Horn Leech|p2a: Clodsire\n|-damage|p2a: Clodsire|67\/100\n|\n|-heal|p2a: Clodsire|74\/100|[from] item: Black Sludge\n|upkeep\n|turn|3\n|\n|t:|1700371206\n|move|p1a: Ogerpon|U-turn|p2a: Clodsire\n|-resisted|p2a: Clodsire\n|-damage|p2a: Clodsire|63\/100\n|\n|t:|1700371213\n|switch|p1a: Garganacl|Garganacl, M|100\/100|[from] U-turn\n|move|p2a: Clodsire|Recover|p2a: Clodsire\n|-heal|p2a: Clodsire|100\/100\n|\n|upkeep\n|turn|4\n|\n|t:|1700371223\n|move|p1a: Garganacl|Salt Cure|p2a: Clodsire\n|-resisted|p2a: Clodsire\n|-damage|p2a: Clodsire|95\/100\n|-start|p2a: Clodsire|Salt Cure\n|move|p2a: Clodsire|Toxic Spikes|p1a: Garganacl\n|-sidestart|p1: mysticalcheese|move: Toxic Spikes\n|\n|-heal|p2a: Clodsire|100\/100|[from] item: Black Sludge\n|-damage|p2a: Clodsire|88\/100|[from] Salt Cure\n|upkeep\n|turn|5\n|\n|t:|1700371233\n|move|p1a: Garganacl|Stealth Rock|p2a: Clodsire\n|-sidestart|p2: currys|move: Stealth Rock\n|move|p2a: Clodsire|Toxic Spikes|p1a: Garganacl\n|-sidestart|p1: mysticalcheese|move: Toxic Spikes\n|\n|-heal|p2a: Clodsire|94\/100|[from] item: Black Sludge\n|-damage|p2a: Clodsire|82\/100|[from] Salt Cure\n|upkeep\n|turn|6\n|\n|t:|1700371244\n|move|p1a: Garganacl|Salt Cure|p2a: Clodsire\n|-resisted|p2a: Clodsire\n|-damage|p2a: Clodsire|76\/100\n|move|p2a: Clodsire|Earthquake|p1a: Garganacl\n|-supereffective|p1a: Garganacl\n|-damage|p1a: Garganacl|75\/100\n|\n|-heal|p1a: Garganacl|81\/100|[from] item: Leftovers\n|-heal|p2a: Clodsire|83\/100|[from] item: Black Sludge\n|-damage|p2a: Clodsire|70\/100|[from] Salt Cure\n|upkeep\n|turn|7\n|\n|t:|1700371260\n|switch|p2a: Dragonite|Dragonite, F, shiny|100\/100\n|-damage|p2a: Dragonite|76\/100|[from] Stealth Rock\n|move|p1a: Garganacl|Body Press|p2a: Dragonite\n|-resisted|p2a: Dragonite\n|-damage|p2a: Dragonite|61\/100\n|\n|-heal|p1a: Garganacl|87\/100|[from] item: Leftovers\n|upkeep\n|turn|8\n|\n|t:|1700371276\n|move|p2a: Dragonite|Dragon Dance|p2a: Dragonite\n|-boost|p2a: Dragonite|atk|1\n|-boost|p2a: Dragonite|spe|1\n|move|p1a: Garganacl|Salt Cure|p2a: Dragonite\n|-supereffective|p2a: Dragonite\n|-damage|p2a: Dragonite|32\/100\n|-start|p2a: Dragonite|Salt Cure\n|-enditem|p2a: Dragonite|Weakness Policy\n|-boost|p2a: Dragonite|atk|2|[from] item: Weakness Policy\n|-boost|p2a: Dragonite|spa|2|[from] item: Weakness Policy\n|\n|-heal|p1a: Garganacl|93\/100|[from] item: Leftovers\n|-damage|p2a: Dragonite|20\/100|[from] Salt Cure\n|upkeep\n|turn|9\n|\n|t:|1700371290\n|switch|p1a: Vikavolt|Vikavolt, M|100\/100\n|move|p2a: Dragonite|Earthquake|p1a: Vikavolt\n|-immune|p1a: Vikavolt|[from] ability: Levitate\n|\n|-damage|p2a: Dragonite|7\/100|[from] Salt Cure\n|upkeep\n|turn|10\n|\n|t:|1700371323\n|switch|p1a: Garganacl|Garganacl, M|93\/100\n|move|p2a: Dragonite|Ice Spinner|p1a: Garganacl\n|-damage|p1a: Garganacl|55\/100\n|\n|-heal|p1a: Garganacl|61\/100|[from] item: Leftovers\n|-damage|p2a: Dragonite|0 fnt|[from] Salt Cure\n|faint|p2a: Dragonite\n|upkeep\n|\n|t:|1700371339\n|switch|p2a: Iron Bundle|Iron Bundle|100\/100\n|-damage|p2a: Iron Bundle|76\/100|[from] Stealth Rock\n|turn|11\n|\n|t:|1700371363\n|switch|p1a: Breloom|Breloom, M|100\/100\n|-status|p1a: Breloom|tox\n|move|p2a: Iron Bundle|Hydro Pump|p1a: Breloom\n|-resisted|p1a: Breloom\n|-damage|p1a: Breloom|72\/100 tox\n|\n|-heal|p1a: Breloom|85\/100 tox|[from] ability: Poison Heal\n|upkeep\n|turn|12\n|\n|t:|1700371421\n|switch|p1a: Armarouge|Armarouge, F|100\/100\n|-status|p1a: Armarouge|tox\n|move|p2a: Iron Bundle|Ice Beam|p1a: Armarouge\n|-resisted|p1a: Armarouge\n|-damage|p1a: Armarouge|75\/100 tox\n|\n|-damage|p1a: Armarouge|68\/100 tox|[from] psn\n|upkeep\n|turn|13\n|\n|t:|1700371444\n|move|p2a: Iron Bundle|Hydro Pump|p1a: Armarouge\n|-supereffective|p1a: Armarouge\n|-damage|p1a: Armarouge|0 fnt\n|faint|p1a: Armarouge\n|\n|upkeep\n|\n|t:|1700371449\n|switch|p1a: Vikavolt|Vikavolt, M|100\/100\n|turn|14\n|\n|t:|1700371456\n|move|p2a: Iron Bundle|Ice Beam|p1a: Vikavolt\n|-damage|p1a: Vikavolt|49\/100\n|move|p1a: Vikavolt|Flash Cannon|p2a: Iron Bundle\n|-damage|p2a: Iron Bundle|20\/100\n|\n|upkeep\n|turn|15\n|\n|t:|1700371466\n|move|p2a: Iron Bundle|Ice Beam|p1a: Vikavolt\n|-damage|p1a: Vikavolt|0 fnt\n|faint|p1a: Vikavolt\n|\n|upkeep\n|\n|t:|1700371479\n|switch|p1a: Ogerpon|Ogerpon-Cornerstone, F|100\/100\n|-status|p1a: Ogerpon|tox\n|turn|16\n|\n|t:|1700371484\n|move|p2a: Iron Bundle|Ice Beam|p1a: Ogerpon\n|-supereffective|p1a: Ogerpon\n|-ability|p1a: Ogerpon|Sturdy\n|-damage|p1a: Ogerpon|1\/100 tox\n|move|p1a: Ogerpon|Horn Leech|p2a: Iron Bundle\n|-supereffective|p2a: Iron Bundle\n|-damage|p2a: Iron Bundle|0 fnt\n|-heal|p1a: Ogerpon|9\/100 tox|[from] drain|[of] p2a: Iron Bundle\n|faint|p2a: Iron Bundle\n|-end|p2a: Iron Bundle|Quark Drive|[silent]\n|\n|-damage|p1a: Ogerpon|3\/100 tox|[from] psn\n|upkeep\n|\n|t:|1700371503\n|switch|p2a: Corviknight|Corviknight, M, shiny|100\/100\n|-damage|p2a: Corviknight|88\/100|[from] Stealth Rock\n|turn|17\n|\n|t:|1700371521\n|move|p1a: Ogerpon|U-turn|p2a: Corviknight\n|-resisted|p2a: Corviknight\n|-damage|p2a: Corviknight|82\/100\n|\n|t:|1700371525\n|switch|p1a: Garganacl|Garganacl, M|61\/100|[from] U-turn\n|move|p2a: Corviknight|Iron Head|p1a: Garganacl\n|-supereffective|p1a: Garganacl\n|-damage|p1a: Garganacl|37\/100\n|\n|-heal|p2a: Corviknight|88\/100|[from] item: Leftovers\n|-heal|p1a: Garganacl|43\/100|[from] item: Leftovers\n|upkeep\n|turn|18\n|\n|t:|1700371543\n|move|p2a: Corviknight|Iron Head|p1a: Garganacl\n|-supereffective|p1a: Garganacl\n|-damage|p1a: Garganacl|21\/100\n|move|p1a: Garganacl|Recover|p1a: Garganacl\n|-heal|p1a: Garganacl|71\/100\n|\n|-heal|p2a: Corviknight|94\/100|[from] item: Leftovers\n|-heal|p1a: Garganacl|77\/100|[from] item: Leftovers\n|upkeep\n|turn|19\n|\n|t:|1700371558\n|move|p2a: Corviknight|Iron Head|p1a: Garganacl\n|-supereffective|p1a: Garganacl\n|-damage|p1a: Garganacl|51\/100\n|move|p1a: Garganacl|Salt Cure|p2a: Corviknight\n|-damage|p2a: Corviknight|83\/100\n|-start|p2a: Corviknight|Salt Cure\n|\n|-heal|p2a: Corviknight|89\/100|[from] item: Leftovers\n|-heal|p1a: Garganacl|57\/100|[from] item: Leftovers\n|-damage|p2a: Corviknight|64\/100|[from] Salt Cure\n|upkeep\n|turn|20\n|\n|t:|1700371574\n|switch|p2a: Hatterene|Hatterene, F|100\/100\n|-damage|p2a: Hatterene|88\/100|[from] Stealth Rock\n|move|p1a: Garganacl|Recover|p1a: Garganacl\n|-heal|p1a: Garganacl|100\/100\n|\n|-heal|p2a: Hatterene|94\/100|[from] item: Leftovers\n|upkeep\n|turn|21\n|\n|t:|1700371590\n|move|p1a: Garganacl|Salt Cure|p2a: Hatterene\n|-damage|p2a: Hatterene|83\/100\n|-start|p2a: Hatterene|Salt Cure\n|move|p2a: Hatterene|Calm Mind|p2a: Hatterene\n|-boost|p2a: Hatterene|spa|1\n|-boost|p2a: Hatterene|spd|1\n|\n|-heal|p2a: Hatterene|89\/100|[from] item: Leftovers\n|-damage|p2a: Hatterene|76\/100|[from] Salt Cure\n|upkeep\n|turn|22\n|\n|t:|1700371640\n|move|p1a: Garganacl|Salt Cure|p2a: Hatterene\n|-damage|p2a: Hatterene|66\/100\n|move|p2a: Hatterene|Calm Mind|p2a: Hatterene\n|-boost|p2a: Hatterene|spa|1\n|-boost|p2a: Hatterene|spd|1\n|\n|-heal|p2a: Hatterene|72\/100|[from] item: Leftovers\n|-damage|p2a: Hatterene|59\/100|[from] Salt Cure\n|upkeep\n|turn|23\n|\n|t:|1700371656\n|move|p1a: Garganacl|Body Press|p2a: Hatterene\n|-resisted|p2a: Hatterene\n|-damage|p2a: Hatterene|54\/100\n|move|p2a: Hatterene|Calm Mind|p2a: Hatterene\n|-boost|p2a: Hatterene|spa|1\n|-boost|p2a: Hatterene|spd|1\n|\n|-heal|p2a: Hatterene|60\/100|[from] item: Leftovers\n|-damage|p2a: Hatterene|47\/100|[from] Salt Cure\n|upkeep\n|turn|24\n|\n|t:|1700371667\n|move|p1a: Garganacl|Recover||[still]\n|-fail|p1a: Garganacl|heal\n|move|p2a: Hatterene|Draining Kiss|p1a: Garganacl\n|-damage|p1a: Garganacl|48\/100\n|-heal|p2a: Hatterene|98\/100|[from] drain|[of] p1a: Garganacl\n|\n|-heal|p1a: Garganacl|54\/100|[from] item: Leftovers\n|-heal|p2a: Hatterene|100\/100|[from] item: Leftovers\n|-damage|p2a: Hatterene|88\/100|[from] Salt Cure\n|upkeep\n|turn|25\n|\n|t:|1700371679\n|move|p1a: Garganacl|Recover|p1a: Garganacl\n|-heal|p1a: Garganacl|100\/100\n|move|p2a: Hatterene|Calm Mind|p2a: Hatterene\n|-boost|p2a: Hatterene|spa|1\n|-boost|p2a: Hatterene|spd|1\n|\n|-heal|p2a: Hatterene|94\/100|[from] item: Leftovers\n|-damage|p2a: Hatterene|82\/100|[from] Salt Cure\n|upkeep\n|turn|26\n|\n|t:|1700371751\n|switch|p1a: Ogerpon|Ogerpon-Cornerstone, F|3\/100 tox\n|move|p2a: Hatterene|Calm Mind|p2a: Hatterene\n|-boost|p2a: Hatterene|spa|1\n|-boost|p2a: Hatterene|spd|1\n|\n|-heal|p2a: Hatterene|88\/100|[from] item: Leftovers\n|-damage|p1a: Ogerpon|0 fnt|[from] psn\n|faint|p1a: Ogerpon\n|-damage|p2a: Hatterene|76\/100|[from] Salt Cure\n|upkeep\n|\n|t:|1700371760\n|switch|p1a: Breloom|Breloom, M|85\/100 tox\n|turn|27\n|\n|t:|1700371781\n|move|p1a: Breloom|Substitute|p1a: Breloom\n|-start|p1a: Breloom|Substitute\n|-damage|p1a: Breloom|60\/100 tox\n|move|p2a: Hatterene|Draining Kiss|p1a: Breloom\n|-supereffective|p1a: Breloom\n|-end|p1a: Breloom|Substitute\n|-heal|p2a: Hatterene|95\/100|[from] drain|[of] p1a: Breloom\n|\n|-heal|p2a: Hatterene|100\/100|[from] item: Leftovers\n|-heal|p1a: Breloom|72\/100 tox|[from] ability: Poison Heal\n|-damage|p2a: Hatterene|88\/100|[from] Salt Cure\n|upkeep\n|turn|28\n|\n|t:|1700371794\n|move|p1a: Breloom|Substitute|p1a: Breloom\n|-start|p1a: Breloom|Substitute\n|-damage|p1a: Breloom|48\/100 tox\n|move|p2a: Hatterene|Dazzling Gleam|p1a: Breloom\n|-supereffective|p1a: Breloom\n|-end|p1a: Breloom|Substitute\n|\n|-heal|p2a: Hatterene|94\/100|[from] item: Leftovers\n|-heal|p1a: Breloom|60\/100 tox|[from] ability: Poison Heal\n|-damage|p2a: Hatterene|82\/100|[from] Salt Cure\n|upkeep\n|turn|29\n|\n|t:|1700371827\n|move|p1a: Breloom|Drain Punch|p2a: Hatterene\n|-resisted|p2a: Hatterene\n|-crit|p2a: Hatterene\n|-damage|p2a: Hatterene|73\/100\n|-heal|p1a: Breloom|65\/100 tox|[from] drain|[of] p2a: Hatterene\n|move|p2a: Hatterene|Psychic|p1a: Breloom\n|-supereffective|p1a: Breloom\n|-damage|p1a: Breloom|0 fnt\n|faint|p1a: Breloom\n|\n|-heal|p2a: Hatterene|78\/100|[from] item: Leftovers\n|-damage|p2a: Hatterene|66\/100|[from] Salt Cure\n|upkeep\n|\n|t:|1700371839\n|switch|p1a: Garganacl|Garganacl, M|100\/100\n|turn|30\n|\n|t:|1700371848\n|move|p1a: Garganacl|Body Press|p2a: Hatterene\n|-resisted|p2a: Hatterene\n|-damage|p2a: Hatterene|60\/100\n|move|p2a: Hatterene|Psychic|p1a: Garganacl\n|-damage|p1a: Garganacl|0 fnt\n|faint|p1a: Garganacl\n|\n|win|currys\n|l|\u2606mysticalcheese\n","uploadtime":1700371877,"views":7,"p1id":"mysticalcheese","p2id":"currys","formatid":"gen9ubers","rating":0,"private":0,"password":""}