{"id":"gen9ubers-1989422281","p1":"Lass Starling","p2":"curtisthecacnea","format":"[Gen 9] Ubers","log":"|j|\u2606Lass Starling\n|j|\u2606curtisthecacnea\n|t:|1699848236\n|gametype|singles\n|player|p1|Lass Starling|lass-gen4dp|\n|player|p2|curtisthecacnea|veteran|\n|teamsize|p1|6\n|teamsize|p2|6\n|gen|9\n|tier|[Gen 9] Ubers\n|rule|Sleep Clause Mod: Limit one foe put to sleep\n|rule|Species Clause: Limit one of each Pok\u00e9mon\n|rule|OHKO Clause: OHKO moves are banned\n|rule|Evasion Items Clause: Evasion items are banned\n|rule|Evasion Moves Clause: Evasion moves are banned\n|rule|Endless Battle Clause: Forcing endless battles is banned\n|rule|HP Percentage Mod: HP is shown in percentages\n|clearpoke\n|poke|p1|Ditto|\n|poke|p1|Iron Valiant|\n|poke|p1|Electrode-Hisui|\n|poke|p1|Tyranitar, M|\n|poke|p1|Garchomp, F|\n|poke|p1|Mandibuzz, F|\n|poke|p2|Cinderace, F|\n|poke|p2|Espeon, F|\n|poke|p2|Sylveon, M|\n|poke|p2|Gholdengo|\n|poke|p2|Noivern, M|\n|poke|p2|Okidogi, M|\n|teampreview\n|j| DivogoJota\n|j| justinrockin\n|c|\u2606curtisthecacnea|gl hf\n|j| Scottowo\n|l| DivogoJota\n|j| DivogoJota\n|l| DivogoJota\n|c|\u2606Lass Starling|so sorry\n|c|\u2606Lass Starling|had to feed Kai'Sa\n|l| Scottowo\n|j| DivogoJota\n|\n|t:|1699848601\n|start\n|switch|p1a: Longzhu|Garchomp, F|100\/100\n|switch|p2a: Soul Master|Sylveon, M|100\/100\n|turn|1\n|c|\u2606curtisthecacnea|all good\n|\n|t:|1699848638\n|move|p1a: Longzhu|Protect|p1a: Longzhu\n|-singleturn|p1a: Longzhu|Protect\n|move|p2a: Soul Master|Hyper Voice|p1a: Longzhu\n|-activate|p1a: Longzhu|move: Protect\n|\n|upkeep\n|turn|2\n|\n|t:|1699848735\n|move|p1a: Longzhu|Stealth Rock|p2a: Soul Master\n|-sidestart|p2: curtisthecacnea|move: Stealth Rock\n|move|p2a: Soul Master|Hyper Voice|p1a: Longzhu\n|-supereffective|p1a: Longzhu\n|-damage|p1a: Longzhu|23\/100\n|\n|upkeep\n|turn|3\n|\n|t:|1699848744\n|move|p1a: Longzhu|Spikes|p2a: Soul Master\n|-sidestart|p2: curtisthecacnea|Spikes\n|move|p2a: Soul Master|Hyper Voice|p1a: Longzhu\n|-supereffective|p1a: Longzhu\n|-damage|p1a: Longzhu|0 fnt\n|faint|p1a: Longzhu\n|\n|upkeep\n|\n|t:|1699848798\n|switch|p1a: AHQ|Tyranitar, M|100\/100\n|-weather|Sandstorm|[from] ability: Sand Stream|[of] p1a: AHQ\n|turn|4\n|\n|t:|1699848820\n|switch|p2a: Zote|Okidogi, M|100\/100\n|-damage|p2a: Zote|94\/100|[from] Stealth Rock\n|-item|p2a: Zote|Air Balloon\n|move|p1a: AHQ|Knock Off|p2a: Zote\n|-resisted|p2a: Zote\n|-crit|p2a: Zote\n|-damage|p2a: Zote|65\/100\n|-enditem|p2a: Zote|Air Balloon\n|\n|-weather|Sandstorm|[upkeep]\n|-damage|p2a: Zote|59\/100|[from] Sandstorm\n|upkeep\n|turn|5\n|\n|t:|1699848866\n|switch|p1a: FlyQuest|Mandibuzz, F|100\/100\n|move|p2a: Zote|Drain Punch|p1a: FlyQuest\n|-damage|p1a: FlyQuest|79\/100\n|-heal|p2a: Zote|72\/100|[from] drain|[of] p1a: FlyQuest\n|-status|p1a: FlyQuest|tox|[from] ability: Toxic Chain|[of] p2a: Zote\n|\n|-weather|Sandstorm|[upkeep]\n|-damage|p2a: Zote|66\/100|[from] Sandstorm\n|-heal|p1a: FlyQuest|85\/100 tox|[from] item: Leftovers\n|-damage|p1a: FlyQuest|79\/100 tox|[from] psn\n|upkeep\n|turn|6\n|\n|t:|1699848878\n|move|p2a: Zote|Taunt|p1a: FlyQuest\n|-start|p1a: FlyQuest|move: Taunt\n|move|p1a: FlyQuest|U-turn|p2a: Zote\n|-resisted|p2a: Zote\n|-crit|p2a: Zote\n|-damage|p2a: Zote|62\/100\n|\n|t:|1699848898\n|switch|p1a: NA|Ditto|100\/100|[from] U-turn\n|-transform|p1a: NA|p2a: Zote|[from] ability: Imposter\n|\n|-weather|Sandstorm|[upkeep]\n|-damage|p1a: NA|94\/100|[from] Sandstorm\n|-damage|p2a: Zote|56\/100|[from] Sandstorm\n|upkeep\n|turn|7\n|\n|t:|1699848947\n|switch|p2a: uumuu|Gholdengo|100\/100\n|-damage|p2a: uumuu|94\/100|[from] Stealth Rock\n|-damage|p2a: uumuu|82\/100|[from] Spikes\n|move|p1a: NA|Ice Punch|p2a: uumuu\n|-resisted|p2a: uumuu\n|-damage|p2a: uumuu|68\/100\n|\n|-weather|Sandstorm|[upkeep]\n|-damage|p1a: NA|88\/100|[from] Sandstorm\n|upkeep\n|turn|8\n|\n|t:|1699849022\n|switch|p1a: AHQ|Tyranitar, M|100\/100\n|move|p2a: uumuu|Make It Rain|p1a: AHQ\n|-supereffective|p1a: AHQ\n|-damage|p1a: AHQ|47\/100\n|-unboost|p2a: uumuu|spa|1\n|\n|-weather|none\n|upkeep\n|turn|9\n|j| SunShinyReys\n|\n|t:|1699849102\n|switch|p2a: Zote|Okidogi, M|56\/100\n|-damage|p2a: Zote|50\/100|[from] Stealth Rock\n|-damage|p2a: Zote|38\/100|[from] Spikes\n|move|p1a: AHQ|Knock Off|p2a: Zote\n|-resisted|p2a: Zote\n|-damage|p2a: Zote|25\/100\n|\n|upkeep\n|turn|10\n|\n|t:|1699849174\n|switch|p1a: NA|Ditto|88\/100\n|-transform|p1a: NA|p2a: Zote|[from] ability: Imposter\n|move|p2a: Zote|Drain Punch|p1a: NA\n|-resisted|p1a: NA\n|-damage|p1a: NA|67\/100\n|-heal|p2a: Zote|34\/100|[from] drain|[of] p1a: NA\n|\n|upkeep\n|turn|11\n|\n|t:|1699849217\n|switch|p2a: uumuu|Gholdengo|68\/100\n|-damage|p2a: uumuu|62\/100|[from] Stealth Rock\n|-damage|p2a: uumuu|50\/100|[from] Spikes\n|move|p1a: NA|Ice Punch|p2a: uumuu\n|-resisted|p2a: uumuu\n|-damage|p2a: uumuu|35\/100\n|\n|upkeep\n|turn|12\n|\n|t:|1699849270\n|switch|p1a: FlyQuest|Mandibuzz, F|79\/100 tox\n|move|p2a: uumuu|Make It Rain|p1a: FlyQuest\n|-damage|p1a: FlyQuest|24\/100 tox\n|-unboost|p2a: uumuu|spa|1\n|\n|-heal|p1a: FlyQuest|30\/100 tox|[from] item: Leftovers\n|-damage|p1a: FlyQuest|24\/100 tox|[from] psn\n|upkeep\n|turn|13\n|\n|t:|1699849287\n|move|p2a: uumuu|Recover|p2a: uumuu\n|-heal|p2a: uumuu|85\/100\n|move|p1a: FlyQuest|Toxic|p2a: uumuu\n|-immune|p2a: uumuu|[from] ability: Good as Gold\n|\n|-heal|p1a: FlyQuest|30\/100 tox|[from] item: Leftovers\n|-damage|p1a: FlyQuest|18\/100 tox|[from] psn\n|upkeep\n|turn|14\n|c|\u2606Lass Starling|fk I always forget\n|c| DivogoJota|Interesting that ability comes before typing\n|c| DivogoJota|though I guess that makes sense\n|\n|t:|1699849344\n|move|p2a: uumuu|Thunderbolt|p1a: FlyQuest\n|-supereffective|p1a: FlyQuest\n|-damage|p1a: FlyQuest|0 fnt\n|faint|p1a: FlyQuest\n|\n|upkeep\n|\n|t:|1699849372\n|switch|p1a: NA|Ditto|67\/100\n|-transform|p1a: NA|p2a: uumuu|[from] ability: Imposter\n|turn|15\n|\n|t:|1699849409\n|switch|p2a: Soul Master|Sylveon, M|100\/100\n|-damage|p2a: Soul Master|88\/100|[from] Stealth Rock\n|-damage|p2a: Soul Master|76\/100|[from] Spikes\n|move|p1a: NA|Shadow Ball|p2a: Soul Master\n|-damage|p2a: Soul Master|60\/100\n|\n|-heal|p2a: Soul Master|66\/100|[from] item: Leftovers\n|upkeep\n|turn|16\n|\n|t:|1699849461\n|switch|p1a: AHQ|Tyranitar, M|47\/100\n|-weather|Sandstorm|[from] ability: Sand Stream|[of] p1a: AHQ\n|move|p2a: Soul Master|Substitute|p2a: Soul Master\n|-start|p2a: Soul Master|Substitute\n|-damage|p2a: Soul Master|41\/100\n|\n|-weather|Sandstorm|[upkeep]\n|-damage|p2a: Soul Master|35\/100|[from] Sandstorm\n|-heal|p2a: Soul Master|41\/100|[from] item: Leftovers\n|upkeep\n|turn|17\n|j| iceberg149\n|\n|t:|1699849476\n|move|p1a: AHQ|Iron Head|p2a: Soul Master\n|-supereffective|p2a: Soul Master\n|-end|p2a: Soul Master|Substitute\n|move|p2a: Soul Master|Hyper Voice|p1a: AHQ\n|-supereffective|p1a: AHQ\n|-damage|p1a: AHQ|18\/100\n|\n|-weather|Sandstorm|[upkeep]\n|-damage|p2a: Soul Master|35\/100|[from] Sandstorm\n|-heal|p2a: Soul Master|41\/100|[from] item: Leftovers\n|upkeep\n|turn|18\n|\n|t:|1699849499\n|switch|p2a: Zote|Okidogi, M|34\/100\n|-damage|p2a: Zote|28\/100|[from] Stealth Rock\n|-damage|p2a: Zote|15\/100|[from] Spikes\n|move|p1a: AHQ|Iron Head|p2a: Zote\n|-damage|p2a: Zote|0 fnt\n|faint|p2a: Zote\n|\n|-weather|Sandstorm|[upkeep]\n|upkeep\n|\n|t:|1699849539\n|switch|p2a: Crystal Guardian|Espeon, F|100\/100\n|-damage|p2a: Crystal Guardian|88\/100|[from] Stealth Rock\n|-damage|p2a: Crystal Guardian|76\/100|[from] Spikes\n|turn|19\n|\n|t:|1699849553\n|move|p2a: Crystal Guardian|Dazzling Gleam|p1a: AHQ\n|-supereffective|p1a: AHQ\n|-damage|p1a: AHQ|0 fnt\n|faint|p1a: AHQ\n|\n|-weather|Sandstorm|[upkeep]\n|-damage|p2a: Crystal Guardian|70\/100|[from] Sandstorm\n|upkeep\n|\n|t:|1699849597\n|switch|p1a: NA|Ditto|67\/100\n|-transform|p1a: NA|p2a: Crystal Guardian|[from] ability: Imposter\n|turn|20\n|l| DivogoJota\n|\n|t:|1699849663\n|switch|p2a: uumuu|Gholdengo|85\/100\n|-damage|p2a: uumuu|79\/100|[from] Stealth Rock\n|-damage|p2a: uumuu|66\/100|[from] Spikes\n|move|p1a: NA|Power Gem|p2a: uumuu\n|-resisted|p2a: uumuu\n|-damage|p2a: uumuu|52\/100\n|\n|-weather|none\n|upkeep\n|turn|21\n|j| DivogoJota\n|l| DivogoJota\n|j| DivogoJota\n|\n|t:|1699849700\n|move|p1a: NA|Power Gem|p2a: uumuu\n|-resisted|p2a: uumuu\n|-damage|p2a: uumuu|38\/100\n|move|p2a: uumuu|Shadow Ball|p1a: NA\n|-supereffective|p1a: NA\n|-damage|p1a: NA|0 fnt\n|faint|p1a: NA\n|\n|upkeep\n|\n|t:|1699849762\n|switch|p1a: Kabum Esports|Electrode-Hisui, shiny|100\/100\n|turn|22\n|\n|t:|1699849785\n|move|p1a: Kabum Esports|Thunderbolt|p2a: uumuu\n|-damage|p2a: uumuu|2\/100\n|move|p2a: uumuu|Shadow Ball|p1a: Kabum Esports\n|-damage|p1a: Kabum Esports|35\/100\n|\n|upkeep\n|turn|23\n|\n|t:|1699849792\n|move|p1a: Kabum Esports|Volt Switch|p2a: uumuu\n|-damage|p2a: uumuu|0 fnt\n|faint|p2a: uumuu\n|\n|t:|1699849796\n|switch|p1a: Unicorns of Love|Iron Valiant|100\/100|[from] Volt Switch\n|-enditem|p1a: Unicorns of Love|Booster Energy\n|-activate|p1a: Unicorns of Love|ability: Quark Drive|[fromitem]\n|-start|p1a: Unicorns of Love|quarkdriveatk\n|\n|upkeep\n|\n|t:|1699849841\n|switch|p2a: Hornet|Cinderace, F|100\/100\n|-damage|p2a: Hornet|76\/100|[from] Stealth Rock\n|-damage|p2a: Hornet|63\/100|[from] Spikes\n|turn|24\n|\n|t:|1699849852\n|move|p2a: Hornet|Pyro Ball|p1a: Unicorns of Love\n|-damage|p1a: Unicorns of Love|0 fnt\n|faint|p1a: Unicorns of Love\n|-end|p1a: Unicorns of Love|Quark Drive|[silent]\n|\n|upkeep\n|\n|t:|1699849871\n|switch|p1a: Kabum Esports|Electrode-Hisui, shiny|35\/100\n|turn|25\n|\n|t:|1699849893\n|move|p1a: Kabum Esports|Thunderbolt|p2a: Hornet\n|-damage|p2a: Hornet|11\/100\n|move|p2a: Hornet|Pyro Ball|p1a: Kabum Esports\n|-supereffective|p1a: Kabum Esports\n|-damage|p1a: Kabum Esports|0 fnt\n|faint|p1a: Kabum Esports\n|\n|win|curtisthecacnea\n|c|\u2606curtisthecacnea|gg\n|c|\u2606Lass Starling|my nature\n|c|\u2606Lass Starling|was wrong\n|c| DivogoJota|Gg\n|c|\u2606Lass Starling|on val\n|c| DivogoJota|O\n|c|\u2606Lass Starling|and I didn't realise\n|c|\u2606Lass Starling|until I threw it out\n|c|\u2606Lass Starling|and I am gonna go throw up\n|c|\u2606Lass Starling|ggs\n|c|\u2606Lass Starling|you played really well\n|l| iceberg149\n|l|\u2606Lass Starling\n|c|\u2606curtisthecacnea|that's so sad\n|l| DivogoJota\n|c|\u2606curtisthecacnea|speed did so good into me\n","uploadtime":1699849946,"views":41,"p1id":"lassstarling","p2id":"curtisthecacnea","formatid":"gen9ubers","rating":0,"private":0,"password":""}