{"id":"gen9ubers-1979783455","p1":"Blake-Mamba","p2":"sneasler user","format":"[Gen 9] Ubers","log":"|j|\u2606Blake-Mamba\n|j|\u2606sneasler user\n|t:|1698712832\n|gametype|singles\n|player|p1|Blake-Mamba|juan|1378\n|player|p2|sneasler user|170|1368\n|teamsize|p1|6\n|teamsize|p2|6\n|gen|9\n|tier|[Gen 9] Ubers\n|rated|\n|rule|Sleep Clause Mod: Limit one foe put to sleep\n|rule|Species Clause: Limit one of each Pok\u00e9mon\n|rule|OHKO Clause: OHKO moves are banned\n|rule|Evasion Items Clause: Evasion items are banned\n|rule|Evasion Moves Clause: Evasion moves are banned\n|rule|Endless Battle Clause: Forcing endless battles is banned\n|rule|HP Percentage Mod: HP is shown in percentages\n|clearpoke\n|poke|p1|Ogerpon-Hearthflame, F|\n|poke|p1|Vikavolt, F|\n|poke|p1|Kommo-o, F|\n|poke|p1|Ursaluna-Bloodmoon, M|\n|poke|p1|Yanmega, F|\n|poke|p1|Chandelure, F|\n|poke|p2|Koraidon|\n|poke|p2|Hatterene, F|\n|poke|p2|Rayquaza|\n|poke|p2|Flutter Mane|\n|poke|p2|Arceus-Ground|\n|poke|p2|Kingambit, F|\n|teampreview\n|inactive|Battle timer is ON: inactive players will automatically lose when time's up. (requested by Blake-Mamba)\n|\n|t:|1698712843\n|start\n|switch|p1a: Vikavolt|Vikavolt, F|100\/100\n|switch|p2a: Koraidon|Koraidon|100\/100\n|-weather|SunnyDay|[from] ability: Orichalcum Pulse|[of] p2a: Koraidon\n|-activate|p2a: Koraidon|Orichalcum Pulse|[source]\n|turn|1\n|\n|t:|1698712851\n|switch|p1a: Chandelure|Chandelure, F|100\/100\n|move|p2a: Koraidon|U-turn|p1a: Chandelure\n|-resisted|p1a: Chandelure\n|-damage|p1a: Chandelure|89\/100\n|\n|t:|1698712860\n|switch|p2a: Arceus|Arceus-Ground|100\/100|[from] U-turn\n|\n|-weather|SunnyDay|[upkeep]\n|upkeep\n|turn|2\n|\n|t:|1698712867\n|move|p1a: Chandelure|Overheat|p2a: Arceus\n|-damage|p2a: Arceus|15\/100\n|-unboost|p1a: Chandelure|spa|2\n|move|p2a: Arceus|Earthquake|p1a: Chandelure\n|-supereffective|p1a: Chandelure\n|-damage|p1a: Chandelure|0 fnt\n|faint|p1a: Chandelure\n|\n|-weather|SunnyDay|[upkeep]\n|upkeep\n|j| newaccountfornoobs\n|\n|t:|1698712879\n|switch|p1a: Yanmega|Yanmega, F, shiny|100\/100\n|turn|3\n|\n|t:|1698712884\n|move|p1a: Yanmega|Protect|p1a: Yanmega\n|-singleturn|p1a: Yanmega|Protect\n|move|p2a: Arceus|Flare Blitz|p1a: Yanmega\n|-activate|p1a: Yanmega|move: Protect\n|\n|-weather|SunnyDay|[upkeep]\n|-ability|p1a: Yanmega|Speed Boost|boost\n|-boost|p1a: Yanmega|spe|1\n|upkeep\n|turn|4\n|\n|t:|1698712899\n|switch|p2a: Hatterene|Hatterene, F|100\/100\n|move|p1a: Yanmega|Bug Buzz|p2a: Hatterene\n|-damage|p2a: Hatterene|50\/100\n|-enditem|p1a: Yanmega|Throat Spray\n|-boost|p1a: Yanmega|spa|1|[from] item: Throat Spray\n|\n|-weather|SunnyDay|[upkeep]\n|-heal|p2a: Hatterene|56\/100|[from] item: Leftovers\n|-ability|p1a: Yanmega|Speed Boost|boost\n|-boost|p1a: Yanmega|spe|1\n|upkeep\n|turn|5\n|\n|t:|1698712910\n|move|p1a: Yanmega|Bug Buzz|p2a: Hatterene\n|-damage|p2a: Hatterene|0 fnt\n|faint|p2a: Hatterene\n|\n|-weather|none\n|-ability|p1a: Yanmega|Speed Boost|boost\n|-boost|p1a: Yanmega|spe|1\n|upkeep\n|\n|t:|1698712913\n|switch|p2a: Rayquaza|Rayquaza|100\/100\n|-ability|p2a: Rayquaza|Air Lock\n|turn|6\n|\n|t:|1698712922\n|move|p1a: Yanmega|Air Slash|p2a: Rayquaza\n|-damage|p2a: Rayquaza|36\/100\n|cant|p2a: Rayquaza|flinch\n|\n|-ability|p1a: Yanmega|Speed Boost|boost\n|-boost|p1a: Yanmega|spe|1\n|upkeep\n|turn|7\n|\n|t:|1698712930\n|move|p2a: Rayquaza|Extreme Speed|p1a: Yanmega\n|-damage|p1a: Yanmega|63\/100\n|move|p1a: Yanmega|Air Slash|p2a: Rayquaza\n|-damage|p2a: Rayquaza|0 fnt\n|faint|p2a: Rayquaza\n|\n|-ability|p1a: Yanmega|Speed Boost|boost\n|-boost|p1a: Yanmega|spe|1\n|upkeep\n|\n|t:|1698712939\n|switch|p2a: Flutter Mane|Flutter Mane|100\/100\n|turn|8\n|\n|t:|1698712945\n|move|p1a: Yanmega|Protect|p1a: Yanmega\n|-singleturn|p1a: Yanmega|Protect\n|move|p2a: Flutter Mane|Moonblast|p1a: Yanmega\n|-activate|p1a: Yanmega|move: Protect\n|\n|-ability|p1a: Yanmega|Speed Boost|boost\n|-boost|p1a: Yanmega|spe|1\n|upkeep\n|turn|9\n|\n|t:|1698712954\n|move|p1a: Yanmega|Air Slash|p2a: Flutter Mane\n|-crit|p2a: Flutter Mane\n|-damage|p2a: Flutter Mane|0 fnt\n|faint|p2a: Flutter Mane\n|-end|p2a: Flutter Mane|Protosynthesis|[silent]\n|\n|upkeep\n|-message|sneasler user forfeited.\n|\n|win|Blake-Mamba\n|raw|Blake-Mamba's rating: 1378 &rarr; <strong>1397<\/strong><br \/>(+19 for winning)\n|raw|sneasler user's rating: 1368 &rarr; <strong>1349<\/strong><br \/>(-19 for losing)\n|l|\u2606sneasler user\n","uploadtime":1698712977,"views":10,"p1id":"blakemamba","p2id":"sneasleruser","formatid":"gen9ubers","rating":1349,"private":0,"password":""}