{"id":"gen9ubers-1970422836","p1":"bowsori","p2":"Bestmaindragonite","format":"[Gen 9] Ubers","log":"|j|\u2606bowsori\n|j|\u2606Bestmaindragonite\n|t:|1697637744\n|gametype|singles\n|player|p1|bowsori|ruinmaniac|\n|player|p2|Bestmaindragonite|lillie|\n|teamsize|p1|6\n|teamsize|p2|6\n|gen|9\n|tier|[Gen 9] Ubers\n|rule|Sleep Clause Mod: Limit one foe put to sleep\n|rule|Species Clause: Limit one of each Pok\u00e9mon\n|rule|OHKO Clause: OHKO moves are banned\n|rule|Evasion Items Clause: Evasion items are banned\n|rule|Evasion Moves Clause: Evasion moves are banned\n|rule|Endless Battle Clause: Forcing endless battles is banned\n|rule|HP Percentage Mod: HP is shown in percentages\n|clearpoke\n|poke|p1|Landorus, M|\n|poke|p1|Houndstone, F|\n|poke|p1|Magearna|\n|poke|p1|Tyranitar, F|\n|poke|p1|Zacian-*|\n|poke|p1|Arceus-Bug|\n|poke|p2|Arceus-Dragon|\n|poke|p2|Magearna|\n|poke|p2|Donphan, F|\n|poke|p2|Zacian-*|\n|poke|p2|Cyclizar, F|\n|poke|p2|Espathra, F|\n|teampreview\n|c|\u2606bowsori|wow\n|c|\u2606bowsori|I think it's the first time I see arceus-dragon's sprite\n|\n|t:|1697637783\n|start\n|switch|p1a: Tyranitar|Tyranitar, F|100\/100\n|switch|p2a: \ud83d\udc41\ud83d\udc44\ud83d\udc41|Cyclizar, F|100\/100\n|-weather|Sandstorm|[from] ability: Sand Stream|[of] p1a: Tyranitar\n|turn|1\n|\n|t:|1697637790\n|move|p2a: \ud83d\udc41\ud83d\udc44\ud83d\udc41|Taunt|p1a: Tyranitar\n|-start|p1a: Tyranitar|move: Taunt\n|move|p1a: Tyranitar|Ice Punch|p2a: \ud83d\udc41\ud83d\udc44\ud83d\udc41\n|-supereffective|p2a: \ud83d\udc41\ud83d\udc44\ud83d\udc41\n|-damage|p2a: \ud83d\udc41\ud83d\udc44\ud83d\udc41|38\/100\n|-enditem|p2a: \ud83d\udc41\ud83d\udc44\ud83d\udc41|Sitrus Berry|[eat]\n|-heal|p2a: \ud83d\udc41\ud83d\udc44\ud83d\udc41|63\/100|[from] item: Sitrus Berry\n|\n|-weather|Sandstorm|[upkeep]\n|-damage|p2a: \ud83d\udc41\ud83d\udc44\ud83d\udc41|57\/100|[from] Sandstorm\n|upkeep\n|turn|2\n|\n|t:|1697637816\n|move|p2a: \ud83d\udc41\ud83d\udc44\ud83d\udc41|Shed Tail|p2a: \ud83d\udc41\ud83d\udc44\ud83d\udc41\n|-start|p2a: \ud83d\udc41\ud83d\udc44\ud83d\udc41|Substitute|[from] move: Shed Tail\n|-damage|p2a: \ud83d\udc41\ud83d\udc44\ud83d\udc41|7\/100\n|\n|t:|1697637830\n|switch|p2a: Heal ball|Magearna|100\/100|[from] Shed Tail\n|move|p1a: Tyranitar|Stone Edge|p2a: Heal ball\n|-resisted|p2a: Heal ball\n|-activate|p2a: Heal ball|move: Substitute|[damage]\n|\n|-weather|Sandstorm|[upkeep]\n|upkeep\n|turn|3\n|\n|t:|1697637837\n|move|p2a: Heal ball|Iron Defense|p2a: Heal ball\n|-boost|p2a: Heal ball|def|2\n|move|p1a: Tyranitar|Earthquake|p2a: Heal ball\n|-supereffective|p2a: Heal ball\n|-end|p2a: Heal ball|Substitute\n|\n|-weather|Sandstorm|[upkeep]\n|-end|p1a: Tyranitar|move: Taunt\n|upkeep\n|turn|4\n|\n|t:|1697637872\n|move|p2a: Heal ball|Iron Defense|p2a: Heal ball\n|-boost|p2a: Heal ball|def|2\n|move|p1a: Tyranitar|Stealth Rock|p2a: Heal ball\n|-sidestart|p2: Bestmaindragonite|move: Stealth Rock\n|\n|-weather|Sandstorm|[upkeep]\n|upkeep\n|turn|5\n|\n|t:|1697637880\n|switch|p1a: Landorus|Landorus, M|100\/100\n|move|p2a: Heal ball|Calm Mind|p2a: Heal ball\n|-boost|p2a: Heal ball|spa|1\n|-boost|p2a: Heal ball|spd|1\n|\n|-weather|Sandstorm|[upkeep]\n|upkeep\n|turn|6\n|\n|t:|1697637887\n|-terastallize|p1a: Landorus|Ground\n|-terastallize|p2a: Heal ball|Water\n|move|p1a: Landorus|Earth Power|p2a: Heal ball\n|-damage|p2a: Heal ball|43\/100\n|move|p2a: Heal ball|Calm Mind|p2a: Heal ball\n|-boost|p2a: Heal ball|spa|1\n|-boost|p2a: Heal ball|spd|1\n|\n|-weather|Sandstorm|[upkeep]\n|-damage|p2a: Heal ball|37\/100|[from] Sandstorm\n|-heal|p2a: Heal ball|43\/100|[from] item: Leftovers\n|upkeep\n|turn|7\n|\n|t:|1697637900\n|move|p1a: Landorus|Earth Power|p2a: Heal ball\n|-damage|p2a: Heal ball|5\/100\n|move|p2a: Heal ball|Draining Kiss|p1a: Landorus\n|-damage|p1a: Landorus|28\/100\n|-heal|p2a: Heal ball|52\/100|[from] drain|[of] p1a: Landorus\n|\n|-weather|Sandstorm|[upkeep]\n|-damage|p2a: Heal ball|46\/100|[from] Sandstorm\n|-heal|p2a: Heal ball|52\/100|[from] item: Leftovers\n|upkeep\n|turn|8\n|\n|t:|1697637912\n|move|p1a: Landorus|Earth Power|p2a: Heal ball\n|-damage|p2a: Heal ball|12\/100\n|move|p2a: Heal ball|Draining Kiss|p1a: Landorus\n|-damage|p1a: Landorus|0 fnt\n|-heal|p2a: Heal ball|30\/100|[from] drain|[of] p1a: Landorus\n|faint|p1a: Landorus\n|-ability|p2a: Heal ball|Soul-Heart|boost\n|-boost|p2a: Heal ball|spa|1\n|\n|-weather|none\n|-heal|p2a: Heal ball|36\/100|[from] item: Leftovers\n|upkeep\n|\n|t:|1697637922\n|switch|p1a: Zacian|Zacian, shiny|100\/100\n|-ability|p1a: Zacian|Intrepid Sword|boost\n|-boost|p1a: Zacian|atk|1\n|turn|9\n|j| Leo Justice\n|\n|t:|1697637927\n|move|p1a: Zacian|Play Rough|p2a: Heal ball\n|-damage|p2a: Heal ball|9\/100\n|move|p2a: Heal ball|Draining Kiss|p1a: Zacian\n|-damage|p1a: Zacian|30\/100\n|-heal|p2a: Heal ball|56\/100|[from] drain|[of] p1a: Zacian\n|\n|-heal|p2a: Heal ball|62\/100|[from] item: Leftovers\n|upkeep\n|turn|10\n|c|\u2606Bestmaindragonite|It's this a gg?\n|\n|t:|1697637939\n|move|p1a: Zacian|Play Rough|p2a: Heal ball\n|-damage|p2a: Heal ball|34\/100\n|-unboost|p2a: Heal ball|atk|1\n|move|p2a: Heal ball|Draining Kiss|p1a: Zacian\n|-damage|p1a: Zacian|0 fnt\n|-heal|p2a: Heal ball|54\/100|[from] drain|[of] p1a: Zacian\n|faint|p1a: Zacian\n|-ability|p2a: Heal ball|Soul-Heart|boost\n|-boost|p2a: Heal ball|spa|1\n|\n|-heal|p2a: Heal ball|60\/100|[from] item: Leftovers\n|upkeep\n|c|\u2606bowsori|might be\n|\n|t:|1697637962\n|switch|p1a: Tyranitar|Tyranitar, F|100\/100\n|-weather|Sandstorm|[from] ability: Sand Stream|[of] p1a: Tyranitar\n|turn|11\n|\n|t:|1697637967\n|move|p2a: Heal ball|Draining Kiss|p1a: Tyranitar\n|-supereffective|p1a: Tyranitar\n|-damage|p1a: Tyranitar|28\/100\n|-heal|p2a: Heal ball|100\/100|[from] drain|[of] p1a: Tyranitar\n|move|p1a: Tyranitar|Earthquake|p2a: Heal ball\n|-damage|p2a: Heal ball|92\/100\n|\n|-weather|Sandstorm|[upkeep]\n|-damage|p2a: Heal ball|86\/100|[from] Sandstorm\n|-heal|p2a: Heal ball|92\/100|[from] item: Leftovers\n|upkeep\n|turn|12\n|\n|t:|1697637977\n|move|p2a: Heal ball|Draining Kiss|p1a: Tyranitar\n|-supereffective|p1a: Tyranitar\n|-damage|p1a: Tyranitar|0 fnt\n|-heal|p2a: Heal ball|100\/100|[from] drain|[of] p1a: Tyranitar\n|faint|p1a: Tyranitar\n|-ability|p2a: Heal ball|Soul-Heart|boost\n|-boost|p2a: Heal ball|spa|1\n|\n|-weather|Sandstorm|[upkeep]\n|-damage|p2a: Heal ball|94\/100|[from] Sandstorm\n|-heal|p2a: Heal ball|100\/100|[from] item: Leftovers\n|upkeep\n|\n|t:|1697637986\n|switch|p1a: Houndstone|Houndstone, F|100\/100\n|turn|13\n|\n|t:|1697637990\n|move|p1a: Houndstone|Last Respects|p2a: Heal ball\n|-damage|p2a: Heal ball|61\/100\n|move|p2a: Heal ball|Stored Power|p1a: Houndstone\n|-damage|p1a: Houndstone|0 fnt\n|faint|p1a: Houndstone\n|-ability|p2a: Heal ball|Soul-Heart|boost\n|-boost|p2a: Heal ball|spa|1\n|\n|-weather|Sandstorm|[upkeep]\n|-damage|p2a: Heal ball|55\/100|[from] Sandstorm\n|-heal|p2a: Heal ball|61\/100|[from] item: Leftovers\n|upkeep\n|c|\u2606bowsori|yeah\n|-message|bowsori forfeited.\n|\n|win|Bestmaindragonite\n|c|\u2606Bestmaindragonite|gg\n","uploadtime":1697638008,"views":54,"p1id":"bowsori","p2id":"bestmaindragonite","formatid":"gen9ubers","rating":0,"private":0,"password":""}