{"id":"gen9ubers-1997781864","p1":"Silly_Femboy","p2":"Aram Mohammad","format":"[Gen 9] Ubers","log":"|j|\u2606Silly_Femboy\n|j|\u2606Aram Mohammad\n|t:|1700852051\n|gametype|singles\n|player|p1|Silly_Femboy|misty|1050\n|player|p2|Aram Mohammad|2|1109\n|teamsize|p1|6\n|teamsize|p2|6\n|gen|9\n|tier|[Gen 9] Ubers\n|rated|\n|rule|Sleep Clause Mod: Limit one foe put to sleep\n|rule|Species Clause: Limit one of each Pok\u00e9mon\n|rule|OHKO Clause: OHKO moves are banned\n|rule|Evasion Items Clause: Evasion items are banned\n|rule|Evasion Moves Clause: Evasion moves are banned\n|rule|Endless Battle Clause: Forcing endless battles is banned\n|rule|HP Percentage Mod: HP is shown in percentages\n|clearpoke\n|poke|p1|Maushold-Four|\n|poke|p1|Jumpluff, F|\n|poke|p1|Slaking, F|\n|poke|p1|Vaporeon, M|\n|poke|p1|Clodsire, M|\n|poke|p1|Shaymin|\n|poke|p2|Groudon|\n|poke|p2|Darkrai|\n|poke|p2|Kyogre|\n|poke|p2|Zacian-*|\n|poke|p2|Greninja-*, M|\n|poke|p2|Urshifu-*, F|\n|teampreview\n|\n|t:|1700852065\n|start\n|switch|p1a: Clueless|Clodsire, M|100\/100\n|switch|p2a: Zacian|Zacian-Crowned|100\/100\n|-ability|p2a: Zacian|Intrepid Sword|boost\n|-boost|p2a: Zacian|atk|1\n|turn|1\n|\n|t:|1700852081\n|-terastallize|p2a: Zacian|Fairy\n|move|p2a: Zacian|Swords Dance|p2a: Zacian\n|-boost|p2a: Zacian|atk|2\n|move|p1a: Clueless|Substitute|p1a: Clueless\n|-start|p1a: Clueless|Substitute\n|-damage|p1a: Clueless|76\/100\n|\n|-heal|p1a: Clueless|82\/100|[from] item: Leftovers\n|upkeep\n|turn|2\n|\n|t:|1700852090\n|move|p2a: Zacian|Behemoth Blade|p1a: Clueless\n|-crit|p1a: Clueless\n|-end|p1a: Clueless|Substitute\n|move|p1a: Clueless|Toxic|p2a: Zacian\n|-status|p2a: Zacian|tox\n|\n|-heal|p1a: Clueless|88\/100|[from] item: Leftovers\n|-damage|p2a: Zacian|94\/100 tox|[from] psn\n|upkeep\n|turn|3\n|\n|t:|1700852100\n|move|p1a: Clueless|Protect|p1a: Clueless\n|-singleturn|p1a: Clueless|Protect\n|move|p2a: Zacian|Close Combat|p1a: Clueless\n|-activate|p1a: Clueless|move: Protect\n|\n|-heal|p1a: Clueless|94\/100|[from] item: Leftovers\n|-damage|p2a: Zacian|82\/100 tox|[from] psn\n|upkeep\n|turn|4\n|\n|t:|1700852112\n|move|p1a: Clueless|Protect||[still]\n|-fail|p1a: Clueless\n|move|p2a: Zacian|Close Combat|p1a: Clueless\n|-resisted|p1a: Clueless\n|-damage|p1a: Clueless|65\/100\n|-unboost|p2a: Zacian|def|1\n|-unboost|p2a: Zacian|spd|1\n|\n|-heal|p1a: Clueless|71\/100|[from] item: Leftovers\n|-damage|p2a: Zacian|64\/100 tox|[from] psn\n|upkeep\n|turn|5\n|\n|t:|1700852123\n|switch|p2a: Darkrai|Darkrai|100\/100\n|move|p1a: Clueless|Protect||[still]\n|-fail|p1a: Clueless\n|\n|-heal|p1a: Clueless|77\/100|[from] item: Leftovers\n|upkeep\n|turn|6\n|\n|t:|1700852131\n|move|p2a: Darkrai|Dark Void|p1a: Clueless|[miss]\n|-miss|p2a: Darkrai|p1a: Clueless\n|move|p1a: Clueless|Substitute|p1a: Clueless\n|-start|p1a: Clueless|Substitute\n|-damage|p1a: Clueless|53\/100\n|\n|-heal|p1a: Clueless|59\/100|[from] item: Leftovers\n|upkeep\n|turn|7\n|\n|t:|1700852140\n|switch|p2a: Greninja|Greninja, M|100\/100\n|move|p1a: Clueless|Toxic|p2a: Greninja\n|-status|p2a: Greninja|tox\n|\n|-heal|p1a: Clueless|65\/100|[from] item: Leftovers\n|-damage|p2a: Greninja|95\/100 tox|[from] psn\n|upkeep\n|turn|8\n|\n|t:|1700852149\n|move|p2a: Greninja|Water Shuriken|p1a: Clueless\n|-supereffective|p1a: Clueless\n|-activate|p1a: Clueless|move: Substitute|[damage]\n|-supereffective|p1a: Clueless\n|-activate|p1a: Clueless|move: Substitute|[damage]\n|-supereffective|p1a: Clueless\n|-activate|p1a: Clueless|move: Substitute|[damage]\n|-hitcount|p1a: Clueless|3\n|move|p1a: Clueless|Substitute|p1a: Clueless\n|-fail|p1a: Clueless|move: Substitute\n|\n|-heal|p2a: Greninja|100\/100 tox|[from] item: Leftovers\n|-heal|p1a: Clueless|71\/100|[from] item: Leftovers\n|-damage|p2a: Greninja|89\/100 tox|[from] psn\n|upkeep\n|turn|9\n|\n|t:|1700852162\n|move|p1a: Clueless|Protect|p1a: Clueless\n|-singleturn|p1a: Clueless|Protect\n|move|p2a: Greninja|Ice Punch|p1a: Clueless\n|-activate|p1a: Clueless|move: Protect\n|\n|-heal|p2a: Greninja|95\/100 tox|[from] item: Leftovers\n|-heal|p1a: Clueless|77\/100|[from] item: Leftovers\n|-damage|p2a: Greninja|77\/100 tox|[from] psn\n|upkeep\n|turn|10\n|\n|t:|1700852171\n|move|p2a: Greninja|Ice Punch|p1a: Clueless\n|-supereffective|p1a: Clueless\n|-end|p1a: Clueless|Substitute\n|move|p1a: Clueless|Substitute|p1a: Clueless\n|-start|p1a: Clueless|Substitute\n|-damage|p1a: Clueless|52\/100\n|\n|-heal|p2a: Greninja|83\/100 tox|[from] item: Leftovers\n|-heal|p1a: Clueless|58\/100|[from] item: Leftovers\n|-damage|p2a: Greninja|59\/100 tox|[from] psn\n|upkeep\n|turn|11\n|\n|t:|1700852182\n|move|p1a: Clueless|Protect|p1a: Clueless\n|-singleturn|p1a: Clueless|Protect\n|move|p2a: Greninja|Ice Punch|p1a: Clueless\n|-activate|p1a: Clueless|move: Protect\n|\n|-heal|p2a: Greninja|65\/100 tox|[from] item: Leftovers\n|-heal|p1a: Clueless|64\/100|[from] item: Leftovers\n|-damage|p2a: Greninja|35\/100 tox|[from] psn\n|upkeep\n|turn|12\n|\n|t:|1700852191\n|move|p2a: Greninja|Ice Punch|p1a: Clueless\n|-supereffective|p1a: Clueless\n|-end|p1a: Clueless|Substitute\n|move|p1a: Clueless|Substitute|p1a: Clueless\n|-start|p1a: Clueless|Substitute\n|-damage|p1a: Clueless|39\/100\n|\n|-heal|p2a: Greninja|41\/100 tox|[from] item: Leftovers\n|-heal|p1a: Clueless|45\/100|[from] item: Leftovers\n|-damage|p2a: Greninja|5\/100 tox|[from] psn\n|upkeep\n|turn|13\n|n|!Aram Mohammad|arammohammad\n|inactive|Battle timer is ON: inactive players will automatically lose when time's up. (requested by Silly_Femboy)\n|-message|Aram Mohammad forfeited.\n|\n|win|Silly_Femboy\n|raw|Silly_Femboy's rating: 1050 &rarr; <strong>1088<\/strong><br \/>(+38 for winning)\n|raw|Aram Mohammad's rating: 1109 &rarr; <strong>1080<\/strong><br \/>(-29 for losing)\n|l|!Aram Mohammad\n","uploadtime":1700852207,"views":3,"p1id":"sillyfemboy","p2id":"arammohammad","formatid":"gen9ubers","rating":1080,"private":0,"password":""}