{"id":"gen9ubers-1993149703","p1":"Oomaester1234","p2":"Aipom Hoshino","format":"[Gen 9] Ubers","log":"|j|\u2606Oomaester1234\n|j|\u2606Aipom Hoshino\n|t:|1700270768\n|gametype|singles\n|player|p1|Oomaester1234|teamrocket|\n|player|p2|Aipom Hoshino|lady-gen4|\n|teamsize|p1|6\n|teamsize|p2|6\n|gen|9\n|tier|[Gen 9] Ubers\n|rule|Sleep Clause Mod: Limit one foe put to sleep\n|rule|Species Clause: Limit one of each Pok\u00e9mon\n|rule|OHKO Clause: OHKO moves are banned\n|rule|Evasion Items Clause: Evasion items are banned\n|rule|Evasion Moves Clause: Evasion moves are banned\n|rule|Endless Battle Clause: Forcing endless battles is banned\n|rule|HP Percentage Mod: HP is shown in percentages\n|clearpoke\n|poke|p1|Spectrier|\n|poke|p1|Dialga|\n|poke|p1|Iron Valiant|\n|poke|p1|Moltres|\n|poke|p1|Palafin, F|\n|poke|p1|Cyclizar, M|\n|poke|p2|Arceus-Psychic|\n|poke|p2|Zacian-*|\n|poke|p2|Palkia-Origin|\n|poke|p2|Magearna|\n|poke|p2|Cyclizar, M|\n|poke|p2|Houndstone, M|\n|teampreview\n|\n|t:|1700270795\n|start\n|switch|p1a: Palafin|Palafin, F|100\/100\n|switch|p2a: Cyclizar|Cyclizar, M|100\/100\n|turn|1\n|inactive|Battle timer is ON: inactive players will automatically lose when time's up. (requested by Aipom Hoshino)\n|\n|t:|1700270805\n|move|p2a: Cyclizar|Shed Tail|p2a: Cyclizar\n|-start|p2a: Cyclizar|Substitute|[from] move: Shed Tail\n|-damage|p2a: Cyclizar|50\/100\n|\n|t:|1700270809\n|switch|p2a: Palkia|Palkia-Origin|100\/100|[from] Shed Tail\n|-ability|p2a: Palkia|Pressure\n|move|p1a: Palafin|Flip Turn|p2a: Palkia\n|-resisted|p2a: Palkia\n|-activate|p2a: Palkia|move: Substitute|[damage]\n|\n|t:|1700270826\n|detailschange|p1a: Palafin|Palafin-Hero, F\n|switch|p1a: Cyclizar|Cyclizar, M|100\/100|[from] Flip Turn\n|\n|upkeep\n|turn|2\n|\n|t:|1700270830\n|move|p1a: Cyclizar|Shed Tail|p1a: Cyclizar\n|-start|p1a: Cyclizar|Substitute|[from] move: Shed Tail\n|-damage|p1a: Cyclizar|50\/100\n|\n|t:|1700270833\n|switch|p1a: Iron Valiant|Iron Valiant|100\/100|[from] Shed Tail\n|-enditem|p1a: Iron Valiant|Booster Energy\n|-activate|p1a: Iron Valiant|ability: Quark Drive|[fromitem]\n|-start|p1a: Iron Valiant|quarkdrivespe\n|move|p2a: Palkia|Hydro Pump|p1a: Iron Valiant\n|-end|p1a: Iron Valiant|Substitute\n|\n|upkeep\n|turn|3\n|\n|t:|1700270840\n|move|p1a: Iron Valiant|Moonblast|p2a: Palkia\n|-supereffective|p2a: Palkia\n|-end|p2a: Palkia|Substitute\n|move|p2a: Palkia|Hydro Pump|p1a: Iron Valiant\n|-damage|p1a: Iron Valiant|0 fnt\n|faint|p1a: Iron Valiant\n|-end|p1a: Iron Valiant|Quark Drive|[silent]\n|\n|upkeep\n|\n|t:|1700270852\n|switch|p1a: Dialga|Dialga|100\/100\n|-ability|p1a: Dialga|Pressure\n|turn|4\n|\n|t:|1700270863\n|switch|p2a: Magearna|Magearna|100\/100\n|move|p1a: Dialga|Stealth Rock|p2a: Magearna\n|-sidestart|p2: Aipom Hoshino|move: Stealth Rock\n|\n|upkeep\n|turn|5\n|\n|t:|1700270870\n|move|p1a: Dialga|Fire Blast|p2a: Magearna\n|-supereffective|p2a: Magearna\n|-damage|p2a: Magearna|26\/100\n|move|p2a: Magearna|Thunder Wave|p1a: Dialga|[miss]\n|-miss|p2a: Magearna|p1a: Dialga\n|\n|-heal|p2a: Magearna|32\/100|[from] item: Leftovers\n|upkeep\n|turn|6\n|\n|t:|1700270892\n|move|p1a: Dialga|Fire Blast|p2a: Magearna\n|-supereffective|p2a: Magearna\n|-damage|p2a: Magearna|0 fnt\n|faint|p2a: Magearna\n|\n|upkeep\n|\n|t:|1700270896\n|switch|p2a: Arceus|Arceus-Psychic|100\/100\n|-damage|p2a: Arceus|88\/100|[from] Stealth Rock\n|turn|7\n|\n|t:|1700270898\n|move|p2a: Arceus|Cosmic Power|p2a: Arceus\n|-boost|p2a: Arceus|def|1\n|-boost|p2a: Arceus|spd|1\n|move|p1a: Dialga|Roar|p2a: Arceus\n|drag|p2a: Palkia|Palkia-Origin|100\/100\n|-damage|p2a: Palkia|88\/100|[from] Stealth Rock\n|-ability|p2a: Palkia|Pressure\n|\n|upkeep\n|turn|8\n|\n|t:|1700270906\n|switch|p2a: Zacian|Zacian|100\/100\n|-damage|p2a: Zacian|88\/100|[from] Stealth Rock\n|-ability|p2a: Zacian|Intrepid Sword|boost\n|-boost|p2a: Zacian|atk|1\n|move|p1a: Dialga|Draco Meteor|p2a: Zacian\n|-immune|p2a: Zacian\n|\n|upkeep\n|turn|9\n|\n|t:|1700270911\n|switch|p1a: ho oh|Moltres, shiny|100\/100\n|move|p2a: Zacian|Crunch|p1a: ho oh\n|-damage|p1a: ho oh|55\/100\n|\n|upkeep\n|turn|10\n|\n|t:|1700270918\n|move|p2a: Zacian|Crunch|p1a: ho oh\n|-damage|p1a: ho oh|5\/100\n|move|p1a: ho oh|Roost|p1a: ho oh\n|-heal|p1a: ho oh|55\/100\n|-singleturn|p1a: ho oh|move: Roost\n|\n|upkeep\n|turn|11\n|\n|t:|1700270923\n|switch|p2a: Palkia|Palkia-Origin|88\/100\n|-damage|p2a: Palkia|76\/100|[from] Stealth Rock\n|-ability|p2a: Palkia|Pressure\n|move|p1a: ho oh|Roost|p1a: ho oh\n|-heal|p1a: ho oh|100\/100\n|-singleturn|p1a: ho oh|move: Roost\n|\n|upkeep\n|turn|12\n|\n|t:|1700270927\n|switch|p1a: Dialga|Dialga|100\/100\n|-ability|p1a: Dialga|Pressure\n|move|p2a: Palkia|Draco Meteor|p1a: Dialga\n|-damage|p1a: Dialga|38\/100\n|-unboost|p2a: Palkia|spa|2\n|\n|-heal|p1a: Dialga|44\/100|[from] item: Leftovers\n|upkeep\n|turn|13\n|\n|t:|1700270936\n|switch|p2a: Zacian|Zacian|88\/100\n|-damage|p2a: Zacian|76\/100|[from] Stealth Rock\n|move|p1a: Dialga|Fire Blast|p2a: Zacian\n|-damage|p2a: Zacian|39\/100\n|\n|-heal|p1a: Dialga|50\/100|[from] item: Leftovers\n|upkeep\n|turn|14\n|\n|t:|1700270945\n|switch|p2a: Palkia|Palkia-Origin|76\/100\n|-damage|p2a: Palkia|63\/100|[from] Stealth Rock\n|-ability|p2a: Palkia|Pressure\n|switch|p1a: ho oh|Moltres, shiny|100\/100\n|\n|upkeep\n|turn|15\n|\n|t:|1700270955\n|-terastallize|p1a: ho oh|Fairy\n|move|p2a: Palkia|Hydro Pump|p1a: ho oh\n|-damage|p1a: ho oh|33\/100\n|move|p1a: ho oh|U-turn|p2a: Palkia\n|-damage|p2a: Palkia|49\/100\n|\n|t:|1700270965\n|switch|p1a: Spectrier|Spectrier|100\/100|[from] U-turn\n|\n|upkeep\n|turn|16\n|\n|t:|1700270982\n|switch|p2a: Cyclizar|Cyclizar, M|84\/100\n|move|p1a: Spectrier|Substitute|p1a: Spectrier\n|-start|p1a: Spectrier|Substitute\n|-damage|p1a: Spectrier|76\/100\n|\n|-heal|p1a: Spectrier|82\/100|[from] item: Leftovers\n|upkeep\n|turn|17\n|\n|t:|1700270985\n|move|p1a: Spectrier|Draining Kiss|p2a: Cyclizar\n|-supereffective|p2a: Cyclizar\n|-crit|p2a: Cyclizar\n|-damage|p2a: Cyclizar|12\/100\n|-heal|p1a: Spectrier|100\/100|[from] drain|[of] p2a: Cyclizar\n|move|p2a: Cyclizar|Knock Off|p1a: Spectrier\n|-supereffective|p1a: Spectrier\n|-end|p1a: Spectrier|Substitute\n|\n|upkeep\n|turn|18\n|\n|t:|1700270991\n|move|p1a: Spectrier|Draining Kiss|p2a: Cyclizar\n|-supereffective|p2a: Cyclizar\n|-damage|p2a: Cyclizar|0 fnt\n|faint|p2a: Cyclizar\n|-ability|p1a: Spectrier|Grim Neigh|boost\n|-boost|p1a: Spectrier|spa|1\n|\n|upkeep\n|\n|t:|1700270994\n|switch|p2a: Arceus|Arceus-Psychic|88\/100\n|-damage|p2a: Arceus|76\/100|[from] Stealth Rock\n|turn|19\n|\n|t:|1700270996\n|-terastallize|p2a: Arceus|Poison\n|move|p1a: Spectrier|Shadow Ball|p2a: Arceus\n|-damage|p2a: Arceus|28\/100\n|move|p2a: Arceus|Cosmic Power|p2a: Arceus\n|-boost|p2a: Arceus|def|1\n|-boost|p2a: Arceus|spd|1\n|\n|upkeep\n|turn|20\n|\n|t:|1700271000\n|move|p1a: Spectrier|Shadow Ball|p2a: Arceus\n|-damage|p2a: Arceus|0 fnt\n|faint|p2a: Arceus\n|-ability|p1a: Spectrier|Grim Neigh|boost\n|-boost|p1a: Spectrier|spa|1\n|\n|upkeep\n|\n|t:|1700271007\n|switch|p2a: Zacian|Zacian|39\/100\n|-damage|p2a: Zacian|26\/100|[from] Stealth Rock\n|turn|21\n|\n|t:|1700271012\n|switch|p1a: ho oh|Moltres, shiny, tera:Fairy|33\/100\n|move|p2a: Zacian|Play Rough|p1a: ho oh\n|-damage|p1a: ho oh|0 fnt\n|faint|p1a: ho oh\n|\n|upkeep\n|\n|t:|1700271014\n|switch|p1a: Palafin|Palafin-Hero, F|100\/100\n|-activate|p1a: Palafin|ability: Zero to Hero\n|turn|22\n|\n|t:|1700271019\n|move|p1a: Palafin|Jet Punch|p2a: Zacian\n|-damage|p2a: Zacian|0 fnt\n|faint|p2a: Zacian\n|\n|upkeep\n|\n|t:|1700271021\n|switch|p2a: Palkia|Palkia-Origin|49\/100\n|-damage|p2a: Palkia|37\/100|[from] Stealth Rock\n|-ability|p2a: Palkia|Pressure\n|turn|23\n|\n|t:|1700271025\n|move|p1a: Palafin|Jet Punch|p2a: Palkia\n|-resisted|p2a: Palkia\n|-damage|p2a: Palkia|26\/100\n|move|p2a: Palkia|Draco Meteor|p1a: Palafin\n|-damage|p1a: Palafin|0 fnt\n|-unboost|p2a: Palkia|spa|2\n|faint|p1a: Palafin\n|\n|upkeep\n|\n|t:|1700271030\n|switch|p1a: Spectrier|Spectrier|100\/100\n|turn|24\n|\n|t:|1700271035\n|move|p1a: Spectrier|Substitute|p1a: Spectrier\n|-start|p1a: Spectrier|Substitute\n|-damage|p1a: Spectrier|76\/100\n|move|p2a: Palkia|Draco Meteor|p1a: Spectrier\n|-end|p1a: Spectrier|Substitute\n|-unboost|p2a: Palkia|spa|2\n|\n|-heal|p1a: Spectrier|82\/100|[from] item: Leftovers\n|upkeep\n|turn|25\n|\n|t:|1700271041\n|move|p1a: Spectrier|Substitute|p1a: Spectrier\n|-start|p1a: Spectrier|Substitute\n|-damage|p1a: Spectrier|57\/100\n|move|p2a: Palkia|Spacial Rend|p1a: Spectrier\n|-end|p1a: Spectrier|Substitute\n|\n|-heal|p1a: Spectrier|63\/100|[from] item: Leftovers\n|upkeep\n|turn|26\n|\n|t:|1700271043\n|move|p1a: Spectrier|Draining Kiss|p2a: Palkia\n|-supereffective|p2a: Palkia\n|-damage|p2a: Palkia|0 fnt\n|-heal|p1a: Spectrier|81\/100|[from] drain|[of] p2a: Palkia\n|faint|p2a: Palkia\n|-ability|p1a: Spectrier|Grim Neigh|boost\n|-boost|p1a: Spectrier|spa|1\n|\n|-heal|p1a: Spectrier|87\/100|[from] item: Leftovers\n|upkeep\n|\n|t:|1700271045\n|switch|p2a: Houndstone|Houndstone, M|100\/100\n|-damage|p2a: Houndstone|88\/100|[from] Stealth Rock\n|turn|27\n|\n|t:|1700271050\n|move|p1a: Spectrier|Shadow Ball|p2a: Houndstone\n|-supereffective|p2a: Houndstone\n|-damage|p2a: Houndstone|0 fnt\n|faint|p2a: Houndstone\n|\n|win|Oomaester1234\n|c|\u2606Aipom Hoshino|gg\n|c|\u2606Oomaester1234|ggs\n","uploadtime":1700271057,"views":24,"p1id":"oomaester1234","p2id":"aipomhoshino","formatid":"gen9ubers","rating":0,"private":0,"password":""}