{"id":"gen9ubers-1974966393","p1":"mudkip24682","p2":"Ytiaggo","format":"[Gen 9] Ubers","log":"|j|\u2606mudkip24682\n|j|\u2606Ytiaggo\n|t:|1698150328\n|gametype|singles\n|player|p1|mudkip24682|102|1161\n|player|p2|Ytiaggo|1|1000\n|teamsize|p1|6\n|teamsize|p2|6\n|gen|9\n|tier|[Gen 9] Ubers\n|rated|\n|rule|Sleep Clause Mod: Limit one foe put to sleep\n|rule|Species Clause: Limit one of each Pok\u00e9mon\n|rule|OHKO Clause: OHKO moves are banned\n|rule|Evasion Items Clause: Evasion items are banned\n|rule|Evasion Moves Clause: Evasion moves are banned\n|rule|Endless Battle Clause: Forcing endless battles is banned\n|rule|HP Percentage Mod: HP is shown in percentages\n|clearpoke\n|poke|p1|Baxcalibur, F|\n|poke|p1|Heatran, F|\n|poke|p1|Ursaluna-Bloodmoon, M|\n|poke|p1|Zacian-*|\n|poke|p1|Great Tusk|\n|poke|p1|Iron Leaves|\n|poke|p2|Toxapex, M|\n|poke|p2|Ceruledge, F|\n|poke|p2|Ogerpon-Cornerstone, F|\n|poke|p2|Dragapult, F|\n|poke|p2|Quaquaval, M|\n|poke|p2|Hoopa-Unbound|\n|teampreview\n|\n|t:|1698150339\n|start\n|switch|p1a: Heatran|Heatran, F|100\/100\n|switch|p2a: Ogerpon|Ogerpon-Cornerstone, F|100\/100\n|turn|1\n|\n|t:|1698150353\n|move|p2a: Ogerpon|Swords Dance|p2a: Ogerpon\n|-boost|p2a: Ogerpon|atk|2\n|move|p1a: Heatran|Earth Power|p2a: Ogerpon\n|-damage|p2a: Ogerpon|64\/100\n|\n|upkeep\n|turn|2\n|\n|t:|1698150361\n|move|p2a: Ogerpon|Ivy Cudgel|p1a: Heatran\n|-damage|p1a: Heatran|0 fnt\n|faint|p1a: Heatran\n|\n|upkeep\n|\n|t:|1698150370\n|switch|p1a: Zacian|Zacian-Crowned|100\/100\n|-ability|p1a: Zacian|Intrepid Sword|boost\n|-boost|p1a: Zacian|atk|1\n|turn|3\n|inactive|Battle timer is ON: inactive players will automatically lose when time's up. (requested by mudkip24682)\n|\n|t:|1698150388\n|move|p1a: Zacian|Behemoth Blade|p2a: Ogerpon\n|-supereffective|p2a: Ogerpon\n|-damage|p2a: Ogerpon|0 fnt\n|faint|p2a: Ogerpon\n|\n|upkeep\n|\n|t:|1698150408\n|switch|p2a: Ceruledge|Ceruledge, F|100\/100\n|turn|4\n|\n|t:|1698150420\n|move|p1a: Zacian|Behemoth Blade|p2a: Ceruledge\n|-resisted|p2a: Ceruledge\n|-damage|p2a: Ceruledge|43\/100\n|move|p2a: Ceruledge|Bitter Blade|p1a: Zacian\n|-supereffective|p1a: Zacian\n|-damage|p1a: Zacian|15\/100\n|-heal|p2a: Ceruledge|91\/100|[from] drain|[of] p1a: Zacian\n|\n|upkeep\n|turn|5\n|\n|t:|1698150439\n|move|p1a: Zacian|Behemoth Blade|p2a: Ceruledge\n|-resisted|p2a: Ceruledge\n|-damage|p2a: Ceruledge|30\/100\n|move|p2a: Ceruledge|Bitter Blade|p1a: Zacian\n|-supereffective|p1a: Zacian\n|-damage|p1a: Zacian|0 fnt\n|-heal|p2a: Ceruledge|39\/100|[from] drain|[of] p1a: Zacian\n|faint|p1a: Zacian\n|\n|upkeep\n|\n|t:|1698150459\n|switch|p1a: Great Tusk|Great Tusk|100\/100\n|-enditem|p1a: Great Tusk|Booster Energy\n|-activate|p1a: Great Tusk|ability: Protosynthesis|[fromitem]\n|-start|p1a: Great Tusk|protosynthesisatk\n|turn|6\n|inactive|Ytiaggo has 120 seconds left.\n|\n|t:|1698150494\n|switch|p2a: Quaquaval|Quaquaval, M|100\/100\n|move|p1a: Great Tusk|Headlong Rush|p2a: Quaquaval\n|-damage|p2a: Quaquaval|0 fnt\n|-unboost|p1a: Great Tusk|def|1\n|-unboost|p1a: Great Tusk|spd|1\n|faint|p2a: Quaquaval\n|\n|upkeep\n|\n|t:|1698150511\n|switch|p2a: Toxapex|Toxapex, M|100\/100\n|turn|7\n|\n|t:|1698150520\n|move|p1a: Great Tusk|Headlong Rush|p2a: Toxapex\n|-supereffective|p2a: Toxapex\n|-damage|p2a: Toxapex|0 fnt\n|-unboost|p1a: Great Tusk|def|1\n|-unboost|p1a: Great Tusk|spd|1\n|faint|p2a: Toxapex\n|\n|upkeep\n|\n|t:|1698150528\n|switch|p2a: Dragapult|Dragapult, F|100\/100\n|turn|8\n|\n|t:|1698150538\n|move|p2a: Dragapult|Phantom Force||[still]\n|-prepare|p2a: Dragapult|Phantom Force\n|move|p1a: Great Tusk|Knock Off|p2a: Dragapult|[miss]\n|-miss|p1a: Great Tusk|p2a: Dragapult\n|\n|upkeep\n|turn|9\n|\n|t:|1698150547\n|-end|p1a: Great Tusk|Protosynthesis|[silent]\n|switch|p1a: Ursaluna|Ursaluna-Bloodmoon, M|100\/100\n|move|p2a: Dragapult|Phantom Force|p1a: Ursaluna|[from]lockedmove\n|-immune|p1a: Ursaluna\n|\n|upkeep\n|turn|10\n|\n|t:|1698150561\n|switch|p2a: Hoopa|Hoopa-Unbound|100\/100\n|move|p1a: Ursaluna|Blood Moon|p2a: Hoopa\n|-damage|p2a: Hoopa|49\/100\n|\n|upkeep\n|turn|11\n|\n|t:|1698150577\n|switch|p1a: Baxcalibur|Baxcalibur, F|100\/100\n|move|p2a: Hoopa|Hyperspace Fury|p1a: Baxcalibur\n|-damage|p1a: Baxcalibur|46\/100\n|-unboost|p2a: Hoopa|def|1\n|-item|p2a: Hoopa|Loaded Dice|[from] ability: Magician|[of] p1a: Baxcalibur\n|\n|upkeep\n|turn|12\n|\n|t:|1698150604\n|move|p1a: Baxcalibur|Scale Shot|p2a: Hoopa\n|-crit|p2a: Hoopa\n|-damage|p2a: Hoopa|0 fnt\n|faint|p2a: Hoopa\n|-hitcount|p2: Hoopa|1\n|-unboost|p1a: Baxcalibur|def|1\n|-boost|p1a: Baxcalibur|spe|1\n|\n|upkeep\n|\n|t:|1698150611\n|switch|p2a: Ceruledge|Ceruledge, F|39\/100\n|turn|13\n|\n|t:|1698150621\n|move|p1a: Baxcalibur|Scale Shot|p2a: Ceruledge\n|-damage|p2a: Ceruledge|15\/100\n|-damage|p2a: Ceruledge|0 fnt\n|faint|p2a: Ceruledge\n|-hitcount|p2: Ceruledge|2\n|-unboost|p1a: Baxcalibur|def|1\n|-boost|p1a: Baxcalibur|spe|1\n|\n|upkeep\n|\n|t:|1698150629\n|switch|p2a: Dragapult|Dragapult, F|100\/100\n|turn|14\n|\n|t:|1698150639\n|move|p1a: Baxcalibur|Scale Shot|p2a: Dragapult\n|-supereffective|p2a: Dragapult\n|-damage|p2a: Dragapult|57\/100\n|-supereffective|p2a: Dragapult\n|-damage|p2a: Dragapult|15\/100\n|-hitcount|p2a: Dragapult|2\n|-unboost|p1a: Baxcalibur|def|1\n|-boost|p1a: Baxcalibur|spe|1\n|move|p2a: Dragapult|Draco Meteor|p1a: Baxcalibur\n|-supereffective|p1a: Baxcalibur\n|-damage|p1a: Baxcalibur|0 fnt\n|-unboost|p2a: Dragapult|spa|2\n|faint|p1a: Baxcalibur\n|\n|-heal|p2a: Dragapult|21\/100|[from] item: Leftovers\n|upkeep\n|\n|t:|1698150655\n|switch|p1a: Ursaluna|Ursaluna-Bloodmoon, M|100\/100\n|turn|15\n|\n|t:|1698150662\n|move|p1a: Ursaluna|Vacuum Wave|p2a: Dragapult\n|-damage|p2a: Dragapult|4\/100\n|move|p2a: Dragapult|Draco Meteor|p1a: Ursaluna\n|-damage|p1a: Ursaluna|73\/100\n|-unboost|p2a: Dragapult|spa|2\n|\n|-heal|p2a: Dragapult|10\/100|[from] item: Leftovers\n|-heal|p1a: Ursaluna|79\/100|[from] item: Leftovers\n|upkeep\n|turn|16\n|\n|t:|1698150674\n|move|p2a: Dragapult|Sucker Punch|p1a: Ursaluna\n|-damage|p1a: Ursaluna|67\/100\n|move|p1a: Ursaluna|Vacuum Wave|p2a: Dragapult\n|-damage|p2a: Dragapult|0 fnt\n|faint|p2a: Dragapult\n|\n|win|mudkip24682\n|raw|mudkip24682's rating: 1161 &rarr; <strong>1175<\/strong><br \/>(+14 for winning)\n|raw|Ytiaggo's rating: 1000 &rarr; <strong>1000<\/strong><br \/>(+0 for losing)\n|l|\u2606Ytiaggo\n","uploadtime":1698150688,"views":8,"p1id":"mudkip24682","p2id":"ytiaggo","formatid":"gen9ubers","rating":1000,"private":0,"password":""}