{"id":"gen9ubers-1988219302","p1":"termofservice","p2":"Nitro524","format":"[Gen 9] Ubers","log":"|j|\u2606termofservice\n|j|\u2606Nitro524\n|t:|1699687744\n|gametype|singles\n|player|p1|termofservice|cynthia-masters|\n|player|p2|Nitro524|hilbert|\n|teamsize|p1|6\n|teamsize|p2|6\n|gen|9\n|tier|[Gen 9] Ubers\n|rule|Sleep Clause Mod: Limit one foe put to sleep\n|rule|Species Clause: Limit one of each Pok\u00e9mon\n|rule|OHKO Clause: OHKO moves are banned\n|rule|Evasion Items Clause: Evasion items are banned\n|rule|Evasion Moves Clause: Evasion moves are banned\n|rule|Endless Battle Clause: Forcing endless battles is banned\n|rule|HP Percentage Mod: HP is shown in percentages\n|clearpoke\n|poke|p1|Indeedee-F, F|\n|poke|p1|Espathra, F|\n|poke|p1|Palkia-Origin|\n|poke|p1|Armarouge, F|\n|poke|p1|Cresselia, F|\n|poke|p1|Arceus-Fighting|\n|poke|p2|Torkoal, M|\n|poke|p2|Chi-Yu|\n|poke|p2|Shaymin-Sky|\n|poke|p2|Arceus-Fire|\n|poke|p2|Roaring Moon|\n|poke|p2|Walking Wake|\n|teampreview\n|inactive|Battle timer is ON: inactive players will automatically lose when time's up. (requested by Nitro524)\n|c|\u2606Nitro524|yo yo\n|c|\u2606Nitro524|glad to see u again\n|c|\u2606Nitro524|glhf\n|\n|t:|1699687765\n|start\n|switch|p1a: Cresselia|Cresselia, F|100\/100\n|switch|p2a: Bring The Sun|Torkoal, M|100\/100\n|-weather|SunnyDay|[from] ability: Drought|[of] p2a: Bring The Sun\n|turn|1\n|c|\u2606termofservice|Glhf\n|\n|t:|1699687770\n|move|p1a: Cresselia|Thunder Wave|p2a: Bring The Sun\n|-status|p2a: Bring The Sun|par\n|move|p2a: Bring The Sun|Stealth Rock|p1a: Cresselia\n|-sidestart|p1: termofservice|move: Stealth Rock\n|\n|-weather|SunnyDay|[upkeep]\n|upkeep\n|turn|2\n|\n|t:|1699687776\n|move|p1a: Cresselia|Future Sight|p2a: Bring The Sun\n|-start|p1a: Cresselia|move: Future Sight\n|cant|p2a: Bring The Sun|par\n|\n|-weather|SunnyDay|[upkeep]\n|upkeep\n|turn|3\n|\n|t:|1699687781\n|switch|p1a: Palkia|Palkia-Origin|100\/100\n|-damage|p1a: Palkia|88\/100|[from] Stealth Rock\n|-ability|p1a: Palkia|Pressure\n|move|p2a: Bring The Sun|Lava Plume|p1a: Palkia\n|-resisted|p1a: Palkia\n|-damage|p1a: Palkia|79\/100\n|\n|-weather|SunnyDay|[upkeep]\n|upkeep\n|turn|4\n|\n|t:|1699687795\n|switch|p2a: Did Not Smile Back|Chi-Yu|100\/100\n|-ability|p2a: Did Not Smile Back|Beads of Ruin\n|move|p1a: Palkia|Ice Beam|p2a: Did Not Smile Back\n|-resisted|p2a: Did Not Smile Back\n|-damage|p2a: Did Not Smile Back|81\/100\n|\n|-weather|SunnyDay|[upkeep]\n|-end|p2a: Did Not Smile Back|move: Future Sight\n|-immune|p2a: Did Not Smile Back\n|upkeep\n|turn|5\n|c|\u2606termofservice|Tried to predict the skymin\n|c|\u2606termofservice|:(\n|\n|t:|1699687809\n|move|p2a: Did Not Smile Back|Dark Pulse|p1a: Palkia\n|-damage|p1a: Palkia|25\/100\n|move|p1a: Palkia|Hydro Pump|p2a: Did Not Smile Back|[miss]\n|-miss|p1a: Palkia|p2a: Did Not Smile Back\n|\n|-weather|SunnyDay|[upkeep]\n|upkeep\n|turn|6\n|c|\u2606Nitro524|good play\n|c|\u2606termofservice|Fucking hell\n|c|\u2606Nitro524|unfortunately, i use fish like a crutch\n|c|\u2606termofservice|I swear this palkia can never hit a move\n|c|\u2606Nitro524|i'm sorry\n|c|\u2606Nitro524|mine has the same issue\n|inactive|termofservice has 270 seconds left.\n|\n|t:|1699687841\n|switch|p1a: Indeedee|Indeedee-F, F|100\/100\n|-damage|p1a: Indeedee|88\/100|[from] Stealth Rock\n|-fieldstart|move: Psychic Terrain|[from] ability: Psychic Surge|[of] p1a: Indeedee\n|move|p2a: Did Not Smile Back|Dark Pulse|p1a: Indeedee\n|-supereffective|p1a: Indeedee\n|-damage|p1a: Indeedee|0 fnt\n|faint|p1a: Indeedee\n|\n|-weather|SunnyDay|[upkeep]\n|upkeep\n|c|\u2606Nitro524|believe it or not i've missed more seed flares than hit\n|\n|t:|1699687845\n|switch|p1a: Arceus|Arceus-Fighting|100\/100\n|-damage|p1a: Arceus|94\/100|[from] Stealth Rock\n|turn|7\n|c|\u2606termofservice|It's always the 80 and 85 percents\n|c|\u2606termofservice|!DT Will-o-Wisp\n|raw|<ul class=\"utilichart\"><li class=\"result\"><span class=\"col movenamecol\"><a href=\"https:\/\/dex.pokemonshowdown.com\/moves\/willowisp\">Will-O-Wisp<\/a><\/span> <span class=\"col typecol\"><img src=\"\/\/play.pokemonshowdown.com\/sprites\/types\/Fire.png\" alt=\"Fire\" width=\"32\" height=\"14\"><img src=\"\/\/play.pokemonshowdown.com\/sprites\/categories\/Status.png\" alt=\"Status\" width=\"32\" height=\"14\"><\/span> <span class=\"col widelabelcol\"><em>Accuracy<\/em><br>85%<\/span> <span class=\"col pplabelcol\"><em>PP<\/em><br>24<\/span> <span class=\"col movedesccol\">Burns the target.<\/span> <\/li><li style=\"clear:both\"><\/li><\/ul>\n|raw|<font size=\"1\"><font color=\"#686868\">Priority:<\/font> 0&nbsp;|&ThickSpace;<font color=\"#686868\">Gen:<\/font> 3&nbsp;|&ThickSpace;&#10003; Bounceable&nbsp;|&ThickSpace;<font color=\"#686868\">Z-Effect:<\/font>  Attack +1&nbsp;|&ThickSpace;<font color=\"#686868\">Target:<\/font> One Adjacent Pok\u00e9mon<\/font>\n\n|c|\u2606Nitro524|god yeah\n|inactive|Nitro524 has 270 seconds left.\n|c|\u2606termofservice|This one\n|c|\u2606termofservice|This one always misses when important\n|\n|t:|1699687890\n|switch|p2a: Clover|Shaymin-Sky|100\/100\n|move|p1a: Arceus|Bulk Up|p1a: Arceus\n|-boost|p1a: Arceus|atk|1\n|-boost|p1a: Arceus|def|1\n|\n|-weather|SunnyDay|[upkeep]\n|upkeep\n|turn|8\n|\n|t:|1699687901\n|move|p2a: Clover|Air Slash|p1a: Arceus\n|-supereffective|p1a: Arceus\n|-damage|p1a: Arceus|46\/100\n|cant|p1a: Arceus|flinch\n|\n|-weather|none\n|upkeep\n|turn|9\n|inactive|Nitro524 has 270 seconds left.\n|\n|t:|1699687909\n|switch|p1a: Cresselia|Cresselia, F|100\/100\n|-damage|p1a: Cresselia|88\/100|[from] Stealth Rock\n|move|p2a: Clover|Air Slash|p1a: Cresselia\n|-damage|p1a: Cresselia|66\/100\n|\n|-heal|p1a: Cresselia|72\/100|[from] item: Leftovers\n|upkeep\n|turn|10\n|\n|t:|1699687916\n|move|p2a: Clover|Seed Flare|p1a: Cresselia\n|-damage|p1a: Cresselia|34\/100\n|-unboost|p1a: Cresselia|spd|2\n|move|p1a: Cresselia|Icy Wind|p2a: Clover\n|-supereffective|p2a: Clover\n|-crit|p2a: Clover\n|-damage|p2a: Clover|0 fnt\n|faint|p2a: Clover\n|\n|-heal|p1a: Cresselia|40\/100|[from] item: Leftovers\n|upkeep\n|\n|t:|1699687921\n|switch|p2a: Bring The Sun|Torkoal, M|100\/100 par\n|-weather|SunnyDay|[from] ability: Drought|[of] p2a: Bring The Sun\n|turn|11\n|\n|t:|1699687932\n|move|p1a: Cresselia|Moonlight|p1a: Cresselia\n|-heal|p1a: Cresselia|100\/100\n|move|p2a: Bring The Sun|Yawn|p1a: Cresselia\n|-start|p1a: Cresselia|move: Yawn|[of] p2a: Bring The Sun\n|\n|-weather|SunnyDay|[upkeep]\n|upkeep\n|turn|12\n|\n|t:|1699687938\n|switch|p1a: Palkia|Palkia-Origin|25\/100\n|-damage|p1a: Palkia|13\/100|[from] Stealth Rock\n|-ability|p1a: Palkia|Pressure\n|cant|p2a: Bring The Sun|par\n|\n|-weather|SunnyDay|[upkeep]\n|upkeep\n|turn|13\n|c|\u2606Nitro524|zad\n|\n|t:|1699687951\n|switch|p2a: Sitting Sleep|Walking Wake|100\/100\n|-activate|p2a: Sitting Sleep|ability: Protosynthesis\n|-start|p2a: Sitting Sleep|protosynthesisspe\n|move|p1a: Palkia|Draco Meteor|p2a: Sitting Sleep\n|-supereffective|p2a: Sitting Sleep\n|-damage|p2a: Sitting Sleep|0 fnt\n|-unboost|p1a: Palkia|spa|2\n|faint|p2a: Sitting Sleep\n|-end|p2a: Sitting Sleep|Protosynthesis|[silent]\n|\n|-weather|SunnyDay|[upkeep]\n|-fieldend|move: Psychic Terrain\n|upkeep\n|c|\u2606Nitro524|good play\n|\n|t:|1699687957\n|switch|p2a: Did Not Smile Back|Chi-Yu|81\/100\n|-ability|p2a: Did Not Smile Back|Beads of Ruin\n|turn|14\n|\n|t:|1699687967\n|move|p2a: Did Not Smile Back|Psychic|p1a: Palkia\n|-damage|p1a: Palkia|0 fnt\n|faint|p1a: Palkia\n|\n|-weather|SunnyDay|[upkeep]\n|upkeep\n|\n|t:|1699687985\n|switch|p1a: Cresselia|Cresselia, F|100\/100\n|-damage|p1a: Cresselia|88\/100|[from] Stealth Rock\n|turn|15\n|inactive|Nitro524 has 270 seconds left.\n|c|\u2606termofservice|This Chi-Yu is the cause of all my problems\n|\n|t:|1699688028\n|switch|p2a: Bring The Sun|Torkoal, M|100\/100 par\n|move|p1a: Cresselia|Icy Wind|p2a: Bring The Sun\n|-resisted|p2a: Bring The Sun\n|-damage|p2a: Bring The Sun|91\/100 par\n|-unboost|p2a: Bring The Sun|spe|1\n|\n|-weather|SunnyDay|[upkeep]\n|-heal|p1a: Cresselia|94\/100|[from] item: Leftovers\n|upkeep\n|turn|16\n|c|\u2606termofservice|Can't sweep with any of my psychic attacker's\n|c|\u2606Nitro524|rip\n|c|\u2606Nitro524|i feel that\n|inactive|Nitro524 has 240 seconds left.\n|c|\u2606Nitro524|i wanna use armarouge and ceruledge on the same vgc team\n|\n|t:|1699688075\n|move|p1a: Cresselia|Future Sight|p2a: Bring The Sun\n|-start|p1a: Cresselia|move: Future Sight\n|move|p2a: Bring The Sun|Lava Plume|p1a: Cresselia\n|-damage|p1a: Cresselia|72\/100\n|\n|-weather|SunnyDay|[upkeep]\n|-heal|p1a: Cresselia|78\/100|[from] item: Leftovers\n|upkeep\n|turn|17\n|\n|t:|1699688083\n|switch|p2a: Hector Salamanca|Roaring Moon|100\/100\n|-activate|p2a: Hector Salamanca|ability: Protosynthesis\n|-start|p2a: Hector Salamanca|protosynthesisspe\n|move|p1a: Cresselia|Icy Wind|p2a: Hector Salamanca\n|-supereffective|p2a: Hector Salamanca\n|-damage|p2a: Hector Salamanca|73\/100\n|-unboost|p2a: Hector Salamanca|spe|1\n|\n|-weather|SunnyDay|[upkeep]\n|-heal|p1a: Cresselia|84\/100|[from] item: Leftovers\n|upkeep\n|turn|18\n|\n|t:|1699688091\n|move|p2a: Hector Salamanca|Knock Off|p1a: Cresselia\n|-supereffective|p1a: Cresselia\n|-damage|p1a: Cresselia|5\/100\n|-enditem|p1a: Cresselia|Leftovers|[from] move: Knock Off|[of] p2a: Hector Salamanca\n|move|p1a: Cresselia|Icy Wind|p2a: Hector Salamanca\n|-supereffective|p2a: Hector Salamanca\n|-damage|p2a: Hector Salamanca|44\/100\n|-unboost|p2a: Hector Salamanca|spe|1\n|\n|-weather|none\n|-end|p2a: Hector Salamanca|Protosynthesis\n|-end|p2a: Hector Salamanca|move: Future Sight\n|-immune|p2a: Hector Salamanca\n|upkeep\n|-enditem|p2a: Hector Salamanca|Booster Energy\n|-activate|p2a: Hector Salamanca|ability: Protosynthesis|[fromitem]\n|-start|p2a: Hector Salamanca|protosynthesisatk\n|turn|19\n|\n|t:|1699688100\n|move|p1a: Cresselia|Icy Wind|p2a: Hector Salamanca\n|-supereffective|p2a: Hector Salamanca\n|-damage|p2a: Hector Salamanca|14\/100\n|-unboost|p2a: Hector Salamanca|spe|1\n|move|p2a: Hector Salamanca|Knock Off|p1a: Cresselia\n|-supereffective|p1a: Cresselia\n|-damage|p1a: Cresselia|0 fnt\n|faint|p1a: Cresselia\n|\n|upkeep\n|\n|t:|1699688104\n|switch|p1a: Arceus|Arceus-Fighting|46\/100\n|-damage|p1a: Arceus|40\/100|[from] Stealth Rock\n|turn|20\n|\n|t:|1699688112\n|-end|p2a: Hector Salamanca|Protosynthesis|[silent]\n|switch|p2a: Bring The Sun|Torkoal, M|91\/100 par\n|-weather|SunnyDay|[from] ability: Drought|[of] p2a: Bring The Sun\n|move|p1a: Arceus|Recover|p1a: Arceus\n|-heal|p1a: Arceus|90\/100\n|\n|-weather|SunnyDay|[upkeep]\n|upkeep\n|turn|21\n|\n|t:|1699688119\n|move|p1a: Arceus|Body Press|p2a: Bring The Sun\n|-crit|p2a: Bring The Sun\n|-damage|p2a: Bring The Sun|55\/100 par\n|move|p2a: Bring The Sun|Lava Plume|p1a: Arceus\n|-damage|p1a: Arceus|63\/100\n|\n|-weather|SunnyDay|[upkeep]\n|upkeep\n|turn|22\n|inactive|Nitro524 has 270 seconds left.\n|\n|t:|1699688132\n|move|p1a: Arceus|Body Press|p2a: Bring The Sun\n|-damage|p2a: Bring The Sun|35\/100 par\n|move|p2a: Bring The Sun|Lava Plume|p1a: Arceus\n|-damage|p1a: Arceus|39\/100\n|-status|p1a: Arceus|brn\n|\n|-weather|SunnyDay|[upkeep]\n|-damage|p1a: Arceus|33\/100 brn|[from] brn\n|upkeep\n|turn|23\n|\n|t:|1699688137\n|move|p1a: Arceus|Recover|p1a: Arceus\n|-heal|p1a: Arceus|83\/100 brn\n|move|p2a: Bring The Sun|Lava Plume|p1a: Arceus\n|-damage|p1a: Arceus|58\/100 brn\n|\n|-weather|SunnyDay|[upkeep]\n|-damage|p1a: Arceus|52\/100 brn|[from] brn\n|upkeep\n|turn|24\n|\n|t:|1699688139\n|move|p1a: Arceus|Recover|p1a: Arceus\n|-heal|p1a: Arceus|100\/100 brn\n|move|p2a: Bring The Sun|Yawn||[still]\n|-fail|p2a: Bring The Sun\n|\n|-weather|SunnyDay|[upkeep]\n|-damage|p1a: Arceus|94\/100 brn|[from] brn\n|upkeep\n|turn|25\n|c|\u2606Nitro524|oops\n|\n|t:|1699688147\n|move|p1a: Arceus|Bulk Up|p1a: Arceus\n|-boost|p1a: Arceus|atk|1\n|-boost|p1a: Arceus|def|1\n|cant|p2a: Bring The Sun|par\n|\n|-weather|SunnyDay|[upkeep]\n|-damage|p1a: Arceus|88\/100 brn|[from] brn\n|upkeep\n|turn|26\n|\n|t:|1699688153\n|switch|p2a: Arceus|Arceus-Fire|100\/100\n|move|p1a: Arceus|Bulk Up|p1a: Arceus\n|-boost|p1a: Arceus|atk|1\n|-boost|p1a: Arceus|def|1\n|\n|-weather|SunnyDay|[upkeep]\n|-damage|p1a: Arceus|82\/100 brn|[from] brn\n|upkeep\n|turn|27\n|c|\u2606termofservice|Para happens after 8 fucking turns\n|c|\u2606Nitro524|one time i got parad on my arceus\n|c|\u2606Nitro524|5 consecutive full paras\n|c|\u2606Nitro524|TWICE\n|c|\u2606Nitro524|Two separate games\n|\n|t:|1699688183\n|move|p1a: Arceus|Bulk Up|p1a: Arceus\n|-boost|p1a: Arceus|atk|1\n|-boost|p1a: Arceus|def|1\n|move|p2a: Arceus|Dragon Dance|p2a: Arceus\n|-boost|p2a: Arceus|atk|1\n|-boost|p2a: Arceus|spe|1\n|\n|-weather|none\n|-damage|p1a: Arceus|76\/100 brn|[from] brn\n|upkeep\n|turn|28\n|c|\u2606termofservice|Damn\n|c|\u2606termofservice|Para always either carries or does nothing\n|\n|t:|1699688197\n|switch|p2a: Bring The Sun|Torkoal, M|35\/100 par\n|-weather|SunnyDay|[from] ability: Drought|[of] p2a: Bring The Sun\n|move|p1a: Arceus|Bulk Up|p1a: Arceus\n|-boost|p1a: Arceus|atk|1\n|-boost|p1a: Arceus|def|1\n|\n|-weather|SunnyDay|[upkeep]\n|-damage|p1a: Arceus|70\/100 brn|[from] brn\n|upkeep\n|turn|29\n|c|\u2606Nitro524|absolutely\n|\n|t:|1699688207\n|switch|p2a: Did Not Smile Back|Chi-Yu|81\/100\n|-ability|p2a: Did Not Smile Back|Beads of Ruin\n|move|p1a: Arceus|Body Press|p2a: Did Not Smile Back\n|-supereffective|p2a: Did Not Smile Back\n|-damage|p2a: Did Not Smile Back|0 fnt\n|faint|p2a: Did Not Smile Back\n|\n|-weather|SunnyDay|[upkeep]\n|-damage|p1a: Arceus|64\/100 brn|[from] brn\n|upkeep\n|c|\u2606Nitro524|gg\n|c|\u2606Nitro524|great prediction\n|inactive|Nitro524 has 270 seconds left.\n|\n|t:|1699688222\n|switch|p2a: Hector Salamanca|Roaring Moon|14\/100\n|-activate|p2a: Hector Salamanca|ability: Protosynthesis\n|-start|p2a: Hector Salamanca|protosynthesisspe\n|turn|30\n|\n|t:|1699688230\n|move|p1a: Arceus|Extreme Speed|p2a: Hector Salamanca\n|-damage|p2a: Hector Salamanca|0 fnt\n|faint|p2a: Hector Salamanca\n|-end|p2a: Hector Salamanca|Protosynthesis|[silent]\n|\n|-weather|SunnyDay|[upkeep]\n|-damage|p1a: Arceus|58\/100 brn|[from] brn\n|upkeep\n|\n|t:|1699688232\n|switch|p2a: Arceus|Arceus-Fire|100\/100\n|turn|31\n|\n|t:|1699688236\n|move|p1a: Arceus|Recover|p1a: Arceus\n|-heal|p1a: Arceus|100\/100 brn\n|move|p2a: Arceus|Flare Blitz|p1a: Arceus\n|-damage|p1a: Arceus|76\/100 brn\n|-damage|p2a: Arceus|92\/100|[from] Recoil\n|\n|-weather|SunnyDay|[upkeep]\n|-damage|p1a: Arceus|70\/100 brn|[from] brn\n|upkeep\n|turn|32\n|\n|t:|1699688246\n|move|p1a: Arceus|Body Press|p2a: Arceus\n|-damage|p2a: Arceus|49\/100\n|move|p2a: Arceus|Dragon Dance|p2a: Arceus\n|-boost|p2a: Arceus|atk|1\n|-boost|p2a: Arceus|spe|1\n|\n|-weather|SunnyDay|[upkeep]\n|-damage|p1a: Arceus|64\/100 brn|[from] brn\n|upkeep\n|turn|33\n|c|\u2606termofservice|\"great prediction\" nah I just didn't want to take more lava plumes LOL\n|\n|t:|1699688259\n|move|p2a: Arceus|Recover|p2a: Arceus\n|-heal|p2a: Arceus|99\/100\n|move|p1a: Arceus|Body Press|p2a: Arceus\n|-damage|p2a: Arceus|59\/100\n|\n|-weather|SunnyDay|[upkeep]\n|-damage|p1a: Arceus|58\/100 brn|[from] brn\n|upkeep\n|turn|34\n|\n|t:|1699688268\n|move|p2a: Arceus|Flare Blitz|p1a: Arceus\n|-damage|p1a: Arceus|18\/100 brn\n|-damage|p2a: Arceus|45\/100|[from] Recoil\n|move|p1a: Arceus|Bulk Up|p1a: Arceus\n|-boost|p1a: Arceus|atk|1\n|-boost|p1a: Arceus|def|1\n|\n|-weather|SunnyDay|[upkeep]\n|-damage|p1a: Arceus|12\/100 brn|[from] brn\n|upkeep\n|turn|35\n|c|\u2606termofservice|OW\n|c|\u2606termofservice|SHIT\n|c|\u2606Nitro524|yeowch\n|\n|t:|1699688286\n|move|p1a: Arceus|Extreme Speed|p2a: Arceus\n|-damage|p2a: Arceus|20\/100\n|move|p2a: Arceus|Earthquake|p1a: Arceus\n|-damage|p1a: Arceus|2\/100 brn\n|\n|-weather|none\n|-damage|p1a: Arceus|0 fnt|[from] brn\n|faint|p1a: Arceus\n|upkeep\n|c|\u2606Nitro524|damn\n|c|\u2606Nitro524|i did not expect to survive that exchange\n|\n|t:|1699688308\n|switch|p1a: Espathra|Espathra, F|100\/100\n|-damage|p1a: Espathra|88\/100|[from] Stealth Rock\n|turn|36\n|\n|t:|1699688314\n|move|p2a: Arceus|Recover|p2a: Arceus\n|-heal|p2a: Arceus|70\/100\n|move|p1a: Espathra|Lumina Crash|p2a: Arceus\n|-damage|p2a: Arceus|33\/100\n|-unboost|p2a: Arceus|spd|2\n|\n|-ability|p1a: Espathra|Speed Boost|boost\n|-boost|p1a: Espathra|spe|1\n|upkeep\n|turn|37\n|\n|t:|1699688323\n|move|p1a: Espathra|Lumina Crash|p2a: Arceus\n|-damage|p2a: Arceus|0 fnt\n|faint|p2a: Arceus\n|\n|-ability|p1a: Espathra|Speed Boost|boost\n|-boost|p1a: Espathra|spe|1\n|upkeep\n|\n|t:|1699688327\n|switch|p2a: Bring The Sun|Torkoal, M|35\/100 par\n|-weather|SunnyDay|[from] ability: Drought|[of] p2a: Bring The Sun\n|turn|38\n|c|\u2606termofservice|NOOO\n|c|\u2606Nitro524|ggs\n|c|\u2606termofservice|GG\n|\n|t:|1699688340\n|-terastallize|p1a: Espathra|Psychic\n|move|p1a: Espathra|Lumina Crash|p2a: Bring The Sun\n|-damage|p2a: Bring The Sun|0 fnt\n|faint|p2a: Bring The Sun\n|\n|win|termofservice\n|c|\u2606termofservice|Did flare blitz not kill there?\n|c|\u2606Nitro524|i don't think so\n|c|\u2606termofservice|You dealt 40% to my arc\n|c|\u2606Nitro524|but i was expecting a protext\n|c|\u2606Nitro524|protect\n|c|\u2606termofservice|Ah\n|c|\u2606termofservice|!showset espathra\n|c| termofservice|\/raw <div class=\"infobox\">Espathra (F) @ Choice Specs  <br \/>Ability: Speed Boost  <br \/>Tera Type: Psychic  <br \/>EVs: 252 SpA &#x2f; 4 SpD &#x2f; 252 Spe  <br \/>Modest Nature  <br \/>IVs: 0 Atk  <br \/>- Lumina Crash  <br \/>- Energy Ball  <br \/>- Psyshock  <br \/>- Dazzling Gleam  <br \/><br \/><\/div>\n|c|\u2606Nitro524|interesting set\n|c|\u2606Nitro524|i like it\n|c|\u2606termofservice|Someone from the discord suggested it\n|c|\u2606Nitro524|ooo\n|c|\u2606Nitro524|should name it cleo\n|c|\u2606termofservice|I don't name Pok\u00e9mon\n|c|\u2606termofservice|My ass can't remember their names\n|c|\u2606Nitro524|lol fair\n|c|\u2606termofservice|Especially how they're spelt\n|c|\u2606Nitro524|i either give mine names that i spend way too long coming up with or stupid stuff\n|c|\u2606Nitro524|pooper the clodsire\n|c|\u2606termofservice|Pooper has a double meaning\n|c|\u2606Nitro524|i went with it cuz paldean wooper\n|c|\u2606termofservice|Anyways\n|c|\u2606termofservice|Fun sun team\n|c|\u2606Nitro524|thank u\n|c|\u2606Nitro524|good psychic team\n|c|\u2606termofservice|I just realised\n|c|\u2606termofservice|!showset Arceus-Fighting\n|c| termofservice|\/raw <div class=\"infobox\">Arceus (Arceus-Fighting) @ Fist Plate  <br \/>Ability: Multitype  <br \/>Tera Type: Fighting  <br \/>EVs: 252 HP &#x2f; 4 Atk &#x2f; 252 Spe  <br \/>Jolly Nature  <br \/>- Bulk Up  <br \/>- Body Press  <br \/>- Extreme Speed  <br \/>- Recover  <br \/><br \/><\/div>\n|c|\u2606termofservice|>extreme speed\n|c|\u2606termofservice|>psychic terrain\n|c|\u2606Nitro524|lmfao\n|c|\u2606Nitro524|4d chess\n|c|\u2606termofservice|Yeah I'll probably go with\n|c|\u2606termofservice|EQ or something\n|c|\u2606Nitro524|good idea\n|c|\u2606Nitro524|i like that set though\n","uploadtime":1699688348,"views":20,"p1id":"termofservice","p2id":"nitro524","formatid":"gen9ubers","rating":0,"private":0,"password":""}