{"id":"gen9ubers-1970698555","p1":"Smithy72","p2":"AntoDoesDumbStuff","format":"[Gen 9] Ubers","log":"|j|\u2606Smithy72\n|j|\u2606AntoDoesDumbStuff\n|t:|1697659189\n|gametype|singles\n|player|p1|Smithy72|2|1182\n|player|p2|AntoDoesDumbStuff|pokemaniac|1072\n|teamsize|p1|6\n|teamsize|p2|6\n|gen|9\n|tier|[Gen 9] Ubers\n|rated|\n|rule|Sleep Clause Mod: Limit one foe put to sleep\n|rule|Species Clause: Limit one of each Pok\u00e9mon\n|rule|OHKO Clause: OHKO moves are banned\n|rule|Evasion Items Clause: Evasion items are banned\n|rule|Evasion Moves Clause: Evasion moves are banned\n|rule|Endless Battle Clause: Forcing endless battles is banned\n|rule|HP Percentage Mod: HP is shown in percentages\n|clearpoke\n|poke|p1|Annihilape, M|\n|poke|p1|Palafin, F|\n|poke|p1|Flutter Mane|\n|poke|p1|Espathra, M|\n|poke|p1|Regieleki|\n|poke|p1|Ursaluna-Bloodmoon, M|\n|poke|p2|Ogerpon-Hearthflame, F|\n|poke|p2|Cloyster, M|\n|poke|p2|Regieleki|\n|poke|p2|Chi-Yu|\n|poke|p2|Kyogre|\n|poke|p2|Basculegion, M|\n|teampreview\n|inactive|Battle timer is ON: inactive players will automatically lose when time's up. (requested by AntoDoesDumbStuff)\n|\n|t:|1697659205\n|start\n|switch|p1a: Palafin|Palafin, F|100\/100\n|switch|p2a: Heh|Ogerpon-Hearthflame, F|100\/100\n|-ability|p2a: Heh|Mold Breaker\n|turn|1\n|\n|t:|1697659215\n|move|p1a: Palafin|Flip Turn|p2a: Heh\n|-crit|p2a: Heh\n|-damage|p2a: Heh|61\/100\n|\n|t:|1697659223\n|detailschange|p1a: Palafin|Palafin-Hero, F\n|switch|p1a: Espathra|Espathra, M|100\/100|[from] Flip Turn\n|move|p2a: Heh|Swords Dance|p2a: Heh\n|-boost|p2a: Heh|atk|2\n|\n|upkeep\n|turn|2\n|\n|t:|1697659228\n|move|p2a: Heh|Horn Leech|p1a: Espathra\n|-damage|p1a: Espathra|29\/100\n|-heal|p2a: Heh|100\/100|[from] drain|[of] p1a: Espathra\n|move|p1a: Espathra|Roost|p1a: Espathra\n|-heal|p1a: Espathra|79\/100\n|-singleturn|p1a: Espathra|move: Roost\n|\n|-heal|p1a: Espathra|86\/100|[from] item: Leftovers\n|-ability|p1a: Espathra|Speed Boost|boost\n|-boost|p1a: Espathra|spe|1\n|upkeep\n|turn|3\n|\n|t:|1697659234\n|move|p1a: Espathra|Lumina Crash|p2a: Heh\n|-damage|p2a: Heh|68\/100\n|-unboost|p2a: Heh|spd|2\n|move|p2a: Heh|Ivy Cudgel|p1a: Espathra\n|-damage|p1a: Espathra|0 fnt\n|faint|p1a: Espathra\n|\n|upkeep\n|\n|t:|1697659246\n|switch|p1a: Flutter Mane|Flutter Mane|100\/100\n|-enditem|p1a: Flutter Mane|Booster Energy\n|-activate|p1a: Flutter Mane|ability: Protosynthesis|[fromitem]\n|-start|p1a: Flutter Mane|protosynthesisspe\n|turn|4\n|\n|t:|1697659251\n|move|p1a: Flutter Mane|Shadow Ball|p2a: Heh\n|-damage|p2a: Heh|0 fnt\n|faint|p2a: Heh\n|\n|upkeep\n|\n|t:|1697659255\n|switch|p2a: Chi-Yu|Chi-Yu|100\/100\n|-ability|p2a: Chi-Yu|Beads of Ruin\n|turn|5\n|\n|t:|1697659270\n|move|p1a: Flutter Mane|Moonblast|p2a: Chi-Yu\n|-damage|p2a: Chi-Yu|42\/100\n|-unboost|p2a: Chi-Yu|spa|1\n|move|p2a: Chi-Yu|Dark Pulse|p1a: Flutter Mane\n|-damage|p1a: Flutter Mane|62\/100\n|\n|upkeep\n|turn|6\n|\n|t:|1697659277\n|move|p1a: Flutter Mane|Moonblast|p2a: Chi-Yu\n|-damage|p2a: Chi-Yu|0 fnt\n|faint|p2a: Chi-Yu\n|\n|upkeep\n|\n|t:|1697659285\n|switch|p2a: Texas.|Cloyster, M|100\/100\n|turn|7\n|\n|t:|1697659291\n|move|p1a: Flutter Mane|Thunderbolt|p2a: Texas.\n|-supereffective|p2a: Texas.\n|-damage|p2a: Texas.|0 fnt\n|faint|p2a: Texas.\n|\n|upkeep\n|\n|t:|1697659294\n|switch|p2a: Rehehe|Regieleki|100\/100\n|turn|8\n|\n|t:|1697659301\n|move|p1a: Flutter Mane|Moonblast|p2a: Rehehe\n|-damage|p2a: Rehehe|37\/100\n|-unboost|p2a: Rehehe|spa|1\n|move|p2a: Rehehe|Ancient Power|p1a: Flutter Mane\n|-damage|p1a: Flutter Mane|50\/100\n|\n|upkeep\n|turn|9\n|\n|t:|1697659306\n|move|p1a: Flutter Mane|Moonblast|p2a: Rehehe\n|-damage|p2a: Rehehe|0 fnt\n|faint|p2a: Rehehe\n|\n|upkeep\n|\n|t:|1697659308\n|switch|p2a: whale|Kyogre|100\/100\n|-weather|RainDance|[from] ability: Drizzle|[of] p2a: whale\n|turn|10\n|\n|t:|1697659314\n|move|p1a: Flutter Mane|Thunderbolt|p2a: whale\n|-supereffective|p2a: whale\n|-damage|p2a: whale|48\/100\n|-status|p2a: whale|par\n|move|p2a: whale|Ice Beam|p1a: Flutter Mane\n|-damage|p1a: Flutter Mane|15\/100\n|\n|-weather|RainDance|[upkeep]\n|upkeep\n|turn|11\n|\n|t:|1697659321\n|move|p1a: Flutter Mane|Thunderbolt|p2a: whale\n|-supereffective|p2a: whale\n|-damage|p2a: whale|2\/100 par\n|move|p2a: whale|Ice Beam|p1a: Flutter Mane\n|-damage|p1a: Flutter Mane|0 fnt\n|faint|p1a: Flutter Mane\n|-end|p1a: Flutter Mane|Protosynthesis|[silent]\n|\n|-weather|RainDance|[upkeep]\n|upkeep\n|\n|t:|1697659332\n|switch|p1a: Regieleki|Regieleki|100\/100\n|turn|12\n|\n|t:|1697659335\n|move|p1a: Regieleki|Extreme Speed|p2a: whale\n|-damage|p2a: whale|0 fnt\n|faint|p2a: whale\n|\n|-weather|RainDance|[upkeep]\n|upkeep\n|\n|t:|1697659337\n|switch|p2a: Feesh|Basculegion, M|100\/100\n|turn|13\n|\n|t:|1697659343\n|move|p2a: Feesh|Last Respects|p1a: Regieleki\n|-damage|p1a: Regieleki|0 fnt\n|faint|p1a: Regieleki\n|\n|-weather|RainDance|[upkeep]\n|upkeep\n|\n|t:|1697659345\n|switch|p1a: Ursaluna|Ursaluna-Bloodmoon, M|100\/100\n|turn|14\n|n|!AntoDoesDumbStuff|antodoesdumbstuff\n|-message|AntoDoesDumbStuff forfeited.\n|\n|win|Smithy72\n|raw|Smithy72's rating: 1182 &rarr; <strong>1199<\/strong><br \/>(+17 for winning)\n|raw|AntoDoesDumbStuff's rating: 1072 &rarr; <strong>1058<\/strong><br \/>(-14 for losing)\n|l|!AntoDoesDumbStuff\n","uploadtime":1697659352,"views":13,"p1id":"smithy72","p2id":"antodoesdumbstuff","formatid":"gen9ubers","rating":1058,"private":0,"password":""}