{"id":"gen9ubers-1980586522","p1":"GoldenTorterra","p2":"No Magearna","format":"[Gen 9] Ubers","log":"|j|\u2606GoldenTorterra\n|j|\u2606No Magearna\n|t:|1698800315\n|gametype|singles\n|player|p1|GoldenTorterra|pokemonbreeder-gen4|\n|player|p2|No Magearna|brycen|\n|teamsize|p1|6\n|teamsize|p2|6\n|gen|9\n|tier|[Gen 9] Ubers\n|rule|Sleep Clause Mod: Limit one foe put to sleep\n|rule|Species Clause: Limit one of each Pok\u00e9mon\n|rule|OHKO Clause: OHKO moves are banned\n|rule|Evasion Items Clause: Evasion items are banned\n|rule|Evasion Moves Clause: Evasion moves are banned\n|rule|Endless Battle Clause: Forcing endless battles is banned\n|rule|HP Percentage Mod: HP is shown in percentages\n|clearpoke\n|poke|p1|Baxcalibur, F|\n|poke|p1|Clefable, F|\n|poke|p1|Quaquaval, M|\n|poke|p1|Kilowattrel, M|\n|poke|p1|Masquerain, F|\n|poke|p1|Torterra, M|\n|poke|p2|Sandy Shocks|\n|poke|p2|Azumarill, F|\n|poke|p2|Tornadus-Therian, M|\n|poke|p2|Conkeldurr, M|\n|poke|p2|Chi-Yu|\n|poke|p2|Zoroark, F|\n|teampreview\n|c|\u2606GoldenTorterra|glhf!\n|j| Jullo27\n|l| Jullo27\n|c|\u2606No Magearna|wait why am i bryceguy\n|c|\u2606No Magearna|i should be flint\n|c|\u2606No Magearna|this is bullshit\n|\n|t:|1698800485\n|start\n|switch|p1a: Pareidolia|Masquerain, F|100\/100\n|switch|p2a: Sandy Shocks|Sandy Shocks|100\/100\n|-ability|p1a: Pareidolia|Intimidate|boost\n|-unboost|p2a: Sandy Shocks|atk|1\n|turn|1\n|\n|t:|1698800515\n|move|p2a: Sandy Shocks|Power Gem|p1a: Pareidolia\n|-supereffective|p1a: Pareidolia\n|-enditem|p1a: Pareidolia|Focus Sash\n|-damage|p1a: Pareidolia|1\/100\n|move|p1a: Pareidolia|Sticky Web|p2a: Sandy Shocks\n|-sidestart|p2: No Magearna|move: Sticky Web\n|\n|upkeep\n|turn|2\n|j| Mathl3te\n|j| spritecheat14\n|\n|t:|1698800571\n|-end|p2a: Sandy Shocks|Protosynthesis|[silent]\n|switch|p2a: Tornadus|Tornadus-Therian, M|100\/100\n|switch|p1a: Althea|Clefable, F|100\/100\n|\n|upkeep\n|turn|3\n|\n|t:|1698800627\n|move|p2a: Tornadus|Knock Off|p1a: Althea\n|-resisted|p1a: Althea\n|-damage|p1a: Althea|92\/100\n|-enditem|p1a: Althea|Leftovers|[from] move: Knock Off|[of] p2a: Tornadus\n|move|p1a: Althea|Stealth Rock|p2a: Tornadus\n|-sidestart|p2: No Magearna|move: Stealth Rock\n|\n|upkeep\n|turn|4\n|l| Mathl3te\n|\n|t:|1698800701\n|move|p2a: Tornadus|Bleakwind Storm|p1a: Althea\n|-damage|p1a: Althea|57\/100\n|-unboost|p1a: Althea|spe|1\n|move|p1a: Althea|Thunderbolt|p2a: Tornadus\n|-supereffective|p2a: Tornadus\n|-damage|p2a: Tornadus|57\/100\n|\n|upkeep\n|turn|5\n|j| mrs moran\n|\n|t:|1698800745\n|switch|p1a: Riding on the Wind|Kilowattrel, M|100\/100\n|move|p2a: Tornadus|U-turn|p1a: Riding on the Wind\n|-resisted|p1a: Riding on the Wind\n|-damage|p1a: Riding on the Wind|87\/100\n|\n|t:|1698800778\n|switch|p2a: Conkeldurr|Conkeldurr, M|100\/100|[from] U-turn\n|-activate|p2a: Conkeldurr|move: Sticky Web\n|-unboost|p2a: Conkeldurr|spe|1\n|-damage|p2a: Conkeldurr|94\/100|[from] Stealth Rock\n|\n|upkeep\n|turn|6\n|\n|t:|1698800792\n|move|p1a: Riding on the Wind|Hurricane|p2a: Conkeldurr\n|-supereffective|p2a: Conkeldurr\n|-damage|p2a: Conkeldurr|0 fnt\n|faint|p2a: Conkeldurr\n|\n|upkeep\n|\n|t:|1698800834\n|switch|p2a: Sandy Shocks|Sandy Shocks|100\/100\n|-activate|p2a: Sandy Shocks|move: Sticky Web\n|-unboost|p2a: Sandy Shocks|spe|1\n|-damage|p2a: Sandy Shocks|94\/100|[from] Stealth Rock\n|turn|7\n|\n|t:|1698800879\n|switch|p1a: Terrapin Station|Torterra, M|100\/100\n|-end|p2a: Sandy Shocks|Protosynthesis|[silent]\n|switch|p2a: Azumarill|Azumarill, F|100\/100\n|-activate|p2a: Azumarill|move: Sticky Web\n|-unboost|p2a: Azumarill|spe|1\n|-damage|p2a: Azumarill|88\/100|[from] Stealth Rock\n|\n|upkeep\n|turn|8\n|\n|t:|1698800907\n|move|p1a: Terrapin Station|Shell Smash|p1a: Terrapin Station\n|-unboost|p1a: Terrapin Station|def|1\n|-unboost|p1a: Terrapin Station|spd|1\n|-boost|p1a: Terrapin Station|atk|2\n|-boost|p1a: Terrapin Station|spa|2\n|-boost|p1a: Terrapin Station|spe|2\n|-enditem|p2a: Azumarill|Mirror Herb\n|-boost|p2a: Azumarill|atk|2|[from] item: Mirror Herb\n|-boost|p2a: Azumarill|spa|2|[from] item: Mirror Herb\n|-boost|p2a: Azumarill|spe|2|[from] item: Mirror Herb\n|-enditem|p1a: Terrapin Station|White Herb\n|-clearnegativeboost|p1a: Terrapin Station|[silent]\n|move|p2a: Azumarill|Liquidation|p1a: Terrapin Station\n|-damage|p1a: Terrapin Station|0 fnt\n|faint|p1a: Terrapin Station\n|\n|upkeep\n|c| mrs moran|white\n|\n|t:|1698800939\n|switch|p1a: Althea|Clefable, F|57\/100\n|turn|9\n|\n|t:|1698800949\n|move|p2a: Azumarill|Liquidation|p1a: Althea\n|-damage|p1a: Althea|16\/100\n|move|p1a: Althea|Thunderbolt|p2a: Azumarill\n|-supereffective|p2a: Azumarill\n|-damage|p2a: Azumarill|42\/100\n|\n|upkeep\n|turn|10\n|\n|t:|1698800999\n|move|p2a: Azumarill|Liquidation|p1a: Althea\n|-damage|p1a: Althea|0 fnt\n|faint|p1a: Althea\n|\n|upkeep\n|\n|t:|1698801033\n|switch|p1a: Riding on the Wind|Kilowattrel, M|87\/100\n|turn|11\n|j| Mathl3te\n|\n|t:|1698801038\n|move|p2a: Azumarill|Aqua Jet|p1a: Riding on the Wind\n|-damage|p1a: Riding on the Wind|0 fnt\n|faint|p1a: Riding on the Wind\n|\n|upkeep\n|\n|t:|1698801041\n|switch|p1a: Pareidolia|Masquerain, F|1\/100\n|-ability|p1a: Pareidolia|Intimidate|boost\n|-unboost|p2a: Azumarill|atk|1\n|turn|12\n|\n|t:|1698801068\n|move|p1a: Pareidolia|Hurricane|p2a: Azumarill\n|-damage|p2a: Azumarill|0 fnt\n|faint|p2a: Azumarill\n|\n|upkeep\n|\n|t:|1698801084\n|switch|p2a: Tornadus|Tornadus-Therian, M|90\/100\n|-damage|p2a: Tornadus|65\/100|[from] Stealth Rock\n|turn|13\n|l| Mathl3te\n|\n|t:|1698801187\n|move|p2a: Tornadus|Sunny Day|p2a: Tornadus\n|-weather|SunnyDay\n|move|p1a: Pareidolia|Quiver Dance|p1a: Pareidolia\n|-boost|p1a: Pareidolia|spa|1\n|-boost|p1a: Pareidolia|spd|1\n|-boost|p1a: Pareidolia|spe|1\n|\n|-weather|SunnyDay|[upkeep]\n|upkeep\n|turn|14\n|\n|t:|1698801258\n|-terastallize|p1a: Pareidolia|Water\n|move|p1a: Pareidolia|Hydro Pump|p2a: Tornadus\n|-damage|p2a: Tornadus|18\/100\n|move|p2a: Tornadus|U-turn|p1a: Pareidolia\n|-damage|p1a: Pareidolia|0 fnt\n|faint|p1a: Pareidolia\n|\n|t:|1698801279\n|switch|p2a: Sandy Shocks|Sandy Shocks|94\/100|[from] U-turn\n|-activate|p2a: Sandy Shocks|move: Sticky Web\n|-unboost|p2a: Sandy Shocks|spe|1\n|-damage|p2a: Sandy Shocks|88\/100|[from] Stealth Rock\n|-activate|p2a: Sandy Shocks|ability: Protosynthesis\n|-start|p2a: Sandy Shocks|protosynthesisspa\n|\n|-weather|SunnyDay|[upkeep]\n|upkeep\n|\n|t:|1698801324\n|switch|p1a: Godzilla|Baxcalibur, F|100\/100\n|turn|15\n|\n|t:|1698801356\n|move|p2a: Sandy Shocks|Power Gem|p1a: Godzilla\n|-supereffective|p1a: Godzilla\n|-damage|p1a: Godzilla|36\/100\n|move|p1a: Godzilla|Icicle Spear|p2a: Sandy Shocks\n|-supereffective|p2a: Sandy Shocks\n|-damage|p2a: Sandy Shocks|57\/100\n|-supereffective|p2a: Sandy Shocks\n|-damage|p2a: Sandy Shocks|21\/100\n|-supereffective|p2a: Sandy Shocks\n|-damage|p2a: Sandy Shocks|0 fnt\n|faint|p2a: Sandy Shocks\n|-end|p2a: Sandy Shocks|Protosynthesis|[silent]\n|-hitcount|p2: Sandy Shocks|3\n|\n|-weather|SunnyDay|[upkeep]\n|upkeep\n|\n|t:|1698801496\n|switch|p2a: Chi-Yu|Chi-Yu|100\/100\n|-activate|p2a: Chi-Yu|move: Sticky Web\n|-unboost|p2a: Chi-Yu|spe|1\n|-damage|p2a: Chi-Yu|76\/100|[from] Stealth Rock\n|-ability|p2a: Chi-Yu|Beads of Ruin\n|turn|16\n|\n|t:|1698801574\n|move|p1a: Godzilla|Glaive Rush|p2a: Chi-Yu\n|-damage|p2a: Chi-Yu|0 fnt\n|-singlemove|p1a: Godzilla|Glaive Rush|[silent]\n|faint|p2a: Chi-Yu\n|\n|-weather|SunnyDay|[upkeep]\n|upkeep\n|\n|t:|1698801600\n|switch|p2a: Tornadus|Tornadus-Therian, M|100\/100\n|-activate|p2a: Tornadus|move: Sticky Web\n|-unboost|p2a: Tornadus|spe|1\n|-damage|p2a: Tornadus|88\/100|[from] Stealth Rock\n|turn|17\n|\n|t:|1698801627\n|move|p2a: Tornadus|Sucker Punch|p1a: Godzilla\n|-damage|p1a: Godzilla|0 fnt\n|faint|p1a: Godzilla\n|-damage|p2a: Tornadus|78\/100|[from] item: Life Orb\n|\n|-weather|SunnyDay|[upkeep]\n|upkeep\n|\n|t:|1698801629\n|switch|p1a: Club Tropicana|Quaquaval, M|100\/100\n|turn|18\n|\n|t:|1698801688\n|switch|p2a: Tornadus|Tornadus-Therian, M|51\/100\n|-damage|p2a: Tornadus|26\/100|[from] Stealth Rock\n|move|p1a: Club Tropicana|Aqua Step|p2a: Tornadus\n|-damage|p2a: Tornadus|4\/100\n|-boost|p1a: Club Tropicana|spe|1\n|\n|-weather|SunnyDay|[upkeep]\n|upkeep\n|turn|19\n|\n|t:|1698801699\n|move|p1a: Club Tropicana|Aqua Step|p2a: Tornadus\n|-damage|p2a: Tornadus|0 fnt\n|-boost|p1a: Club Tropicana|spe|1\n|faint|p2a: Tornadus\n|-ability|p1a: Club Tropicana|Moxie|boost\n|-boost|p1a: Club Tropicana|atk|1\n|\n|-weather|SunnyDay|[upkeep]\n|upkeep\n|\n|t:|1698801701\n|switch|p2a: Zoroark|Zoroark, F|78\/100\n|-activate|p2a: Zoroark|move: Sticky Web\n|-unboost|p2a: Zoroark|spe|1\n|-damage|p2a: Zoroark|66\/100|[from] Stealth Rock\n|turn|20\n|j| Mathl3te\n|l| Mathl3te\n|j| Mathl3te\n|\n|t:|1698801731\n|move|p2a: Zoroark|Sucker Punch|p1a: Club Tropicana\n|-resisted|p1a: Club Tropicana\n|-damage|p1a: Club Tropicana|79\/100\n|-damage|p2a: Zoroark|56\/100|[from] item: Life Orb\n|move|p1a: Club Tropicana|Brave Bird|p2a: Zoroark\n|-damage|p2a: Zoroark|0 fnt\n|faint|p2a: Zoroark\n|-damage|p1a: Club Tropicana|63\/100|[from] Recoil\n|\n|win|GoldenTorterra\n|c|\u2606No Magearna|good game\n|c|\u2606GoldenTorterra|gg\n|l| mrs moran\n|c| Mathl3te|Tort money line tho\n|c|\u2606No Magearna|hard week!\n|l|\u2606No Magearna\n|l| Mathl3te\n|j| Mathl3te\n","uploadtime":1698801816,"views":32,"p1id":"goldentorterra","p2id":"nomagearna","formatid":"gen9ubers","rating":0,"private":0,"password":""}