{"id":"gen9ubers-1997181977","p1":"frozenly","p2":"IspamObjection","format":"[Gen 9] Ubers","log":"|j|\u2606frozenly\n|j|\u2606IspamObjection\n|t:|1700772927\n|gametype|singles\n|player|p1|frozenly|1|\n|player|p2|IspamObjection|lance-gen2|\n|teamsize|p1|6\n|teamsize|p2|6\n|gen|9\n|tier|[Gen 9] Ubers\n|rule|Sleep Clause Mod: Limit one foe put to sleep\n|rule|Species Clause: Limit one of each Pok\u00e9mon\n|rule|OHKO Clause: OHKO moves are banned\n|rule|Evasion Items Clause: Evasion items are banned\n|rule|Evasion Moves Clause: Evasion moves are banned\n|rule|Endless Battle Clause: Forcing endless battles is banned\n|rule|HP Percentage Mod: HP is shown in percentages\n|clearpoke\n|poke|p1|Magearna|\n|poke|p1|Ursaluna, M|\n|poke|p1|Dialga|\n|poke|p1|Hoopa-Unbound|\n|poke|p1|Cinderace, F|\n|poke|p1|Cresselia, F|\n|poke|p2|Ninetales-Alola, F|\n|poke|p2|Baxcalibur, M|\n|poke|p2|Garchomp, M|\n|poke|p2|Chi-Yu|\n|poke|p2|Walking Wake|\n|poke|p2|Torkoal, F|\n|teampreview\n|\n|t:|1700772975\n|start\n|switch|p1a: Cresselia|Cresselia, F|100\/100\n|switch|p2a: Garchover|Garchomp, M|100\/100\n|turn|1\n|\n|t:|1700773002\n|move|p2a: Garchover|Stealth Rock|p1a: Cresselia\n|-sidestart|p1: frozenly|move: Stealth Rock\n|move|p1a: Cresselia|Trick Room|p1a: Cresselia\n|-fieldstart|move: Trick Room|[of] p1a: Cresselia\n|\n|upkeep\n|turn|2\n|\n|t:|1700773008\n|move|p1a: Cresselia|Calm Mind|p1a: Cresselia\n|-boost|p1a: Cresselia|spa|1\n|-boost|p1a: Cresselia|spd|1\n|move|p2a: Garchover|Spikes|p1a: Cresselia\n|-sidestart|p1: frozenly|Spikes\n|\n|upkeep\n|turn|3\n|\n|t:|1700773024\n|move|p1a: Cresselia|Calm Mind|p1a: Cresselia\n|-boost|p1a: Cresselia|spa|1\n|-boost|p1a: Cresselia|spd|1\n|move|p2a: Garchover|Spikes|p1a: Cresselia\n|-sidestart|p1: frozenly|Spikes\n|\n|upkeep\n|turn|4\n|\n|t:|1700773034\n|move|p1a: Cresselia|Moonblast|p2a: Garchover\n|-supereffective|p2a: Garchover\n|-crit|p2a: Garchover\n|-enditem|p2a: Garchover|Focus Sash\n|-damage|p2a: Garchover|1\/100\n|move|p2a: Garchover|Spikes|p1a: Cresselia\n|-sidestart|p1: frozenly|Spikes\n|\n|upkeep\n|turn|5\n|\n|t:|1700773042\n|move|p1a: Cresselia|Moonblast|p2a: Garchover\n|-supereffective|p2a: Garchover\n|-damage|p2a: Garchover|0 fnt\n|faint|p2a: Garchover\n|\n|-fieldend|move: Trick Room\n|upkeep\n|\n|t:|1700773048\n|switch|p2a: Torkoal|Torkoal, F|100\/100\n|-weather|SunnyDay|[from] ability: Drought|[of] p2a: Torkoal\n|turn|6\n|\n|t:|1700773058\n|move|p1a: Cresselia|Calm Mind|p1a: Cresselia\n|-boost|p1a: Cresselia|spa|1\n|-boost|p1a: Cresselia|spd|1\n|move|p2a: Torkoal|Yawn|p1a: Cresselia\n|-start|p1a: Cresselia|move: Yawn|[of] p2a: Torkoal\n|\n|-weather|SunnyDay|[upkeep]\n|upkeep\n|turn|7\n|\n|t:|1700773068\n|move|p1a: Cresselia|Moonblast|p2a: Torkoal\n|-resisted|p2a: Torkoal\n|-damage|p2a: Torkoal|80\/100\n|-unboost|p2a: Torkoal|spa|1\n|move|p2a: Torkoal|Rapid Spin|p1a: Cresselia\n|-crit|p1a: Cresselia\n|-damage|p1a: Cresselia|93\/100\n|-boost|p2a: Torkoal|spe|1\n|\n|-weather|SunnyDay|[upkeep]\n|-heal|p1a: Cresselia|99\/100|[from] item: Leftovers\n|-end|p1a: Cresselia|move: Yawn|[silent]\n|-status|p1a: Cresselia|slp\n|upkeep\n|turn|8\n|\n|t:|1700773091\n|switch|p2a: Ninetales|Ninetales-Alola, F|100\/100\n|-weather|Snow|[from] ability: Snow Warning|[of] p2a: Ninetales\n|cant|p1a: Cresselia|slp\n|\n|-weather|Snow|[upkeep]\n|-heal|p1a: Cresselia|100\/100 slp|[from] item: Leftovers\n|upkeep\n|turn|9\n|\n|t:|1700773099\n|move|p2a: Ninetales|Aurora Veil|p2a: Ninetales\n|-sidestart|p2: IspamObjection|move: Aurora Veil\n|cant|p1a: Cresselia|slp\n|\n|-weather|Snow|[upkeep]\n|upkeep\n|turn|10\n|\n|t:|1700773134\n|switch|p2a: Baxcalibur|Baxcalibur, M|100\/100\n|-curestatus|p1a: Cresselia|slp|[msg]\n|move|p1a: Cresselia|Trick Room|p1a: Cresselia\n|-fieldstart|move: Trick Room|[of] p1a: Cresselia\n|\n|-weather|Snow|[upkeep]\n|upkeep\n|turn|11\n|\n|t:|1700773146\n|move|p1a: Cresselia|Calm Mind|p1a: Cresselia\n|-boost|p1a: Cresselia|spa|1\n|-boost|p1a: Cresselia|spd|1\n|move|p2a: Baxcalibur|Icicle Spear|p1a: Cresselia\n|-damage|p1a: Cresselia|92\/100\n|-damage|p1a: Cresselia|84\/100\n|-damage|p1a: Cresselia|76\/100\n|-damage|p1a: Cresselia|69\/100\n|-hitcount|p1a: Cresselia|4\n|\n|-weather|Snow|[upkeep]\n|-heal|p1a: Cresselia|75\/100|[from] item: Leftovers\n|upkeep\n|turn|12\n|\n|t:|1700773167\n|-terastallize|p2a: Baxcalibur|Fairy\n|move|p1a: Cresselia|Moonblast|p2a: Baxcalibur\n|-damage|p2a: Baxcalibur|76\/100\n|-unboost|p2a: Baxcalibur|spa|1\n|move|p2a: Baxcalibur|Icicle Spear|p1a: Cresselia\n|-damage|p1a: Cresselia|66\/100\n|-damage|p1a: Cresselia|59\/100\n|-damage|p1a: Cresselia|51\/100\n|-damage|p1a: Cresselia|43\/100\n|-damage|p1a: Cresselia|35\/100\n|-hitcount|p1a: Cresselia|5\n|\n|-weather|none\n|-heal|p1a: Cresselia|41\/100|[from] item: Leftovers\n|upkeep\n|turn|13\n|\n|t:|1700773199\n|move|p1a: Cresselia|Moonlight|p1a: Cresselia\n|-heal|p1a: Cresselia|91\/100\n|move|p2a: Baxcalibur|Glaive Rush|p1a: Cresselia\n|-damage|p1a: Cresselia|57\/100\n|-singlemove|p2a: Baxcalibur|Glaive Rush|[silent]\n|\n|-heal|p1a: Cresselia|63\/100|[from] item: Leftovers\n|upkeep\n|turn|14\n|\n|t:|1700773208\n|move|p1a: Cresselia|Calm Mind|p1a: Cresselia\n|-boost|p1a: Cresselia|spa|1\n|-boost|p1a: Cresselia|spd|1\n|move|p2a: Baxcalibur|Dragon Dance|p2a: Baxcalibur\n|-boost|p2a: Baxcalibur|atk|1\n|-boost|p2a: Baxcalibur|spe|1\n|\n|-heal|p1a: Cresselia|69\/100|[from] item: Leftovers\n|-fieldend|move: Trick Room\n|upkeep\n|turn|15\n|\n|t:|1700773216\n|move|p2a: Baxcalibur|Glaive Rush|p1a: Cresselia\n|-damage|p1a: Cresselia|18\/100\n|-singlemove|p2a: Baxcalibur|Glaive Rush|[silent]\n|move|p1a: Cresselia|Moonblast|p2a: Baxcalibur\n|-damage|p2a: Baxcalibur|19\/100\n|-unboost|p2a: Baxcalibur|spa|1\n|\n|-heal|p1a: Cresselia|24\/100|[from] item: Leftovers\n|upkeep\n|turn|16\n|\n|t:|1700773228\n|move|p2a: Baxcalibur|Icicle Spear|p1a: Cresselia\n|-damage|p1a: Cresselia|13\/100\n|-damage|p1a: Cresselia|1\/100\n|-damage|p1a: Cresselia|0 fnt\n|faint|p1a: Cresselia\n|-hitcount|p1: Cresselia|3\n|\n|-sideend|p2: IspamObjection|move: Aurora Veil\n|upkeep\n|\n|t:|1700773240\n|switch|p1a: Cinderace|Cinderace, F|100\/100\n|turn|17\n|\n|t:|1700773245\n|move|p1a: Cinderace|Sucker Punch|p2a: Baxcalibur\n|-start|p1a: Cinderace|typechange|Dark|[from] ability: Libero\n|-resisted|p2a: Baxcalibur\n|-damage|p2a: Baxcalibur|1\/100\n|move|p2a: Baxcalibur|Earthquake|p1a: Cinderace\n|-damage|p1a: Cinderace|26\/100\n|\n|upkeep\n|turn|18\n|\n|t:|1700773261\n|move|p2a: Baxcalibur|Dragon Dance|p2a: Baxcalibur\n|-boost|p2a: Baxcalibur|atk|1\n|-boost|p2a: Baxcalibur|spe|1\n|move|p1a: Cinderace|Court Change|p1a: Cinderace\n|-swapsideconditions\n|-activate|p1a: Cinderace|move: Court Change\n|\n|upkeep\n|turn|19\n|\n|t:|1700773269\n|move|p1a: Cinderace|Sucker Punch|p2a: Baxcalibur\n|-resisted|p2a: Baxcalibur\n|-damage|p2a: Baxcalibur|0 fnt\n|faint|p2a: Baxcalibur\n|\n|upkeep\n|\n|t:|1700773275\n|switch|p2a: Ninetales|Ninetales-Alola, F|100\/100\n|-damage|p2a: Ninetales|76\/100|[from] Stealth Rock\n|-damage|p2a: Ninetales|51\/100|[from] Spikes\n|-weather|Snow|[from] ability: Snow Warning|[of] p2a: Ninetales\n|turn|20\n|\n|t:|1700773284\n|move|p2a: Ninetales|Aurora Veil|p2a: Ninetales\n|-sidestart|p2: IspamObjection|move: Aurora Veil\n|move|p1a: Cinderace|Pyro Ball|p2a: Ninetales\n|-supereffective|p2a: Ninetales\n|-damage|p2a: Ninetales|15\/100\n|\n|-weather|Snow|[upkeep]\n|upkeep\n|turn|21\n|\n|t:|1700773314\n|move|p2a: Ninetales|Moonblast|p1a: Cinderace\n|-supereffective|p1a: Cinderace\n|-damage|p1a: Cinderace|0 fnt\n|faint|p1a: Cinderace\n|\n|-weather|Snow|[upkeep]\n|upkeep\n|\n|t:|1700773328\n|switch|p1a: Magearna|Magearna|100\/100\n|turn|22\n|\n|t:|1700773338\n|move|p2a: Ninetales|Encore||[still]\n|-fail|p2a: Ninetales\n|move|p1a: Magearna|Trick Room|p1a: Magearna\n|-fieldstart|move: Trick Room|[of] p1a: Magearna\n|\n|-weather|Snow|[upkeep]\n|upkeep\n|turn|23\n|\n|t:|1700773347\n|move|p1a: Magearna|Fleur Cannon|p2a: Ninetales\n|-damage|p2a: Ninetales|0 fnt\n|-unboost|p1a: Magearna|spa|2\n|faint|p2a: Ninetales\n|-ability|p1a: Magearna|Soul-Heart|boost\n|-boost|p1a: Magearna|spa|1\n|\n|-weather|Snow|[upkeep]\n|upkeep\n|\n|t:|1700773352\n|switch|p2a: Torkoal|Torkoal, F|80\/100\n|-damage|p2a: Torkoal|56\/100|[from] Stealth Rock\n|-damage|p2a: Torkoal|31\/100|[from] Spikes\n|-weather|SunnyDay|[from] ability: Drought|[of] p2a: Torkoal\n|turn|24\n|\n|t:|1700773361\n|move|p2a: Torkoal|Rapid Spin|p1a: Magearna\n|-resisted|p1a: Magearna\n|-damage|p1a: Magearna|98\/100\n|-boost|p2a: Torkoal|spe|1\n|-sideend|p2: IspamObjection|Spikes|[from] move: Rapid Spin|[of] p2a: Torkoal\n|-sideend|p2: IspamObjection|Stealth Rock|[from] move: Rapid Spin|[of] p2a: Torkoal\n|move|p1a: Magearna|Volt Switch|p2a: Torkoal\n|-damage|p2a: Torkoal|24\/100\n|\n|t:|1700773369\n|switch|p1a: Ursaluna|Ursaluna, M|100\/100|[from] Volt Switch\n|\n|-weather|SunnyDay|[upkeep]\n|-status|p1a: Ursaluna|brn|[from] item: Flame Orb\n|upkeep\n|turn|25\n|\n|t:|1700773376\n|move|p1a: Ursaluna|Facade|p2a: Torkoal\n|-damage|p2a: Torkoal|0 fnt\n|faint|p2a: Torkoal\n|\n|-weather|SunnyDay|[upkeep]\n|-damage|p1a: Ursaluna|94\/100 brn|[from] brn\n|upkeep\n|\n|t:|1700773383\n|switch|p2a: Chi-Yu|Chi-Yu|100\/100\n|-ability|p2a: Chi-Yu|Beads of Ruin\n|turn|26\n|\n|t:|1700773389\n|-terastallize|p1a: Ursaluna|Normal\n|move|p1a: Ursaluna|Facade|p2a: Chi-Yu\n|-damage|p2a: Chi-Yu|0 fnt\n|faint|p2a: Chi-Yu\n|\n|-weather|SunnyDay|[upkeep]\n|-damage|p1a: Ursaluna|88\/100 brn|[from] brn\n|-fieldend|move: Trick Room\n|upkeep\n|\n|t:|1700773392\n|switch|p2a: Walking Wake|Walking Wake|100\/100\n|-activate|p2a: Walking Wake|ability: Protosynthesis\n|-start|p2a: Walking Wake|protosynthesisspa\n|turn|27\n|\n|t:|1700773400\n|move|p2a: Walking Wake|Hydro Steam|p1a: Ursaluna\n|-damage|p1a: Ursaluna|0 fnt\n|faint|p1a: Ursaluna\n|\n|-weather|SunnyDay|[upkeep]\n|-sideend|p2: IspamObjection|move: Aurora Veil\n|upkeep\n|\n|t:|1700773414\n|switch|p1a: Magearna|Magearna|98\/100\n|turn|28\n|\n|t:|1700773424\n|move|p2a: Walking Wake|Hydro Steam|p1a: Magearna\n|-damage|p1a: Magearna|0 fnt\n|faint|p1a: Magearna\n|\n|-weather|SunnyDay|[upkeep]\n|upkeep\n|\n|t:|1700773438\n|switch|p1a: Dialga|Dialga|100\/100\n|-ability|p1a: Dialga|Pressure\n|turn|29\n|\n|t:|1700773447\n|move|p2a: Walking Wake|Hydro Steam|p1a: Dialga\n|-resisted|p1a: Dialga\n|-damage|p1a: Dialga|49\/100\n|move|p1a: Dialga|Trick Room|p1a: Dialga\n|-fieldstart|move: Trick Room|[of] p1a: Dialga\n|\n|-weather|SunnyDay|[upkeep]\n|upkeep\n|turn|30\n|\n|t:|1700773454\n|move|p1a: Dialga|Draco Meteor|p2a: Walking Wake|[miss]\n|-miss|p1a: Dialga|p2a: Walking Wake\n|move|p2a: Walking Wake|Hydro Steam|p1a: Dialga\n|-resisted|p1a: Dialga\n|-damage|p1a: Dialga|0 fnt\n|faint|p1a: Dialga\n|\n|-weather|SunnyDay|[upkeep]\n|upkeep\n|\n|t:|1700773462\n|switch|p1a: Hoopa|Hoopa-Unbound|100\/100\n|turn|31\n|\n|t:|1700773476\n|move|p1a: Hoopa|Hyperspace Fury|p2a: Walking Wake\n|-damage|p2a: Walking Wake|29\/100\n|-unboost|p1a: Hoopa|def|1\n|move|p2a: Walking Wake|Hydro Steam|p1a: Hoopa\n|-damage|p1a: Hoopa|35\/100\n|\n|-weather|none\n|-end|p2a: Walking Wake|Protosynthesis\n|upkeep\n|turn|32\n|\n|t:|1700773487\n|move|p1a: Hoopa|Hyperspace Fury|p2a: Walking Wake\n|-damage|p2a: Walking Wake|0 fnt\n|-unboost|p1a: Hoopa|def|1\n|faint|p2a: Walking Wake\n|-end|p2a: Walking Wake|Protosynthesis|[silent]\n|\n|win|frozenly\n|c|\u2606frozenly|gg\n|l|\u2606frozenly\n|l|\u2606IspamObjection\n|j|\u2606frozenly\n|player|p1|frozenly|1\n|j|\u2606IspamObjection\n|player|p2|IspamObjection|lance-gen2\n","uploadtime":1700773507,"views":36,"p1id":"frozenly","p2id":"ispamobjection","formatid":"gen9ubers","rating":0,"private":0,"password":""}