{"id":"gen9ubers-1967806737","p1":"mirista","p2":"Nick268","format":"[Gen 9] Ubers","log":"|j|\u2606mirista\n|j|\u2606Nick268\n|t:|1697340809\n|gametype|singles\n|player|p1|mirista|palmer|\n|player|p2|Nick268|palmer|\n|teamsize|p1|6\n|teamsize|p2|6\n|gen|9\n|tier|[Gen 9] Ubers\n|rule|Sleep Clause Mod: Limit one foe put to sleep\n|rule|Species Clause: Limit one of each Pok\u00e9mon\n|rule|OHKO Clause: OHKO moves are banned\n|rule|Evasion Items Clause: Evasion items are banned\n|rule|Evasion Moves Clause: Evasion moves are banned\n|rule|Endless Battle Clause: Forcing endless battles is banned\n|rule|HP Percentage Mod: HP is shown in percentages\n|clearpoke\n|poke|p1|Sinistcha|\n|poke|p1|Scizor, F|\n|poke|p1|Glimmora, F|\n|poke|p1|Ogerpon-Wellspring, F|\n|poke|p1|Iron Moth|\n|poke|p1|Gliscor, M|\n|poke|p2|Corviknight, F|\n|poke|p2|Greninja-*, M|\n|poke|p2|Iron Valiant|\n|poke|p2|Espeon, M|\n|poke|p2|Clodsire, M|\n|poke|p2|Rotom-Heat|\n|teampreview\n|\n|t:|1697340826\n|start\n|switch|p1a: Glimmora|Glimmora, F|100\/100\n|switch|p2a: Rotom|Rotom-Heat|100\/100\n|turn|1\n|\n|t:|1697340839\n|move|p2a: Rotom|Volt Switch|p1a: Glimmora\n|-damage|p1a: Glimmora|55\/100\n|\n|t:|1697340845\n|switch|p2a: Clodsire|Clodsire, M|100\/100|[from] Volt Switch\n|move|p1a: Glimmora|Stealth Rock|p2a: Clodsire\n|-sidestart|p2: Nick268|move: Stealth Rock\n|\n|upkeep\n|turn|2\n|\n|t:|1697340854\n|move|p1a: Glimmora|Earth Power|p2a: Clodsire\n|-supereffective|p2a: Clodsire\n|-damage|p2a: Clodsire|69\/100\n|move|p2a: Clodsire|Earthquake|p1a: Glimmora\n|-supereffective|p1a: Glimmora\n|-damage|p1a: Glimmora|0 fnt\n|-activate|p1a: Glimmora|ability: Toxic Debris\n|-sidestart|p2: Nick268|move: Toxic Spikes\n|faint|p1a: Glimmora\n|\n|-heal|p2a: Clodsire|75\/100|[from] item: Leftovers\n|upkeep\n|\n|t:|1697340875\n|switch|p1a: Iron Moth|Iron Moth|100\/100\n|-enditem|p1a: Iron Moth|Booster Energy\n|-activate|p1a: Iron Moth|ability: Quark Drive|[fromitem]\n|-start|p1a: Iron Moth|quarkdrivespe\n|turn|3\n|\n|t:|1697340884\n|move|p1a: Iron Moth|Psychic|p2a: Clodsire\n|-supereffective|p2a: Clodsire\n|-damage|p2a: Clodsire|42\/100\n|move|p2a: Clodsire|Spikes|p1a: Iron Moth\n|-sidestart|p1: mirista|Spikes\n|\n|-heal|p2a: Clodsire|48\/100|[from] item: Leftovers\n|upkeep\n|turn|4\n|\n|t:|1697340906\n|switch|p2a: Rotom|Rotom-Heat|100\/100\n|-damage|p2a: Rotom|76\/100|[from] Stealth Rock\n|move|p1a: Iron Moth|Psychic|p2a: Rotom\n|-damage|p2a: Rotom|35\/100\n|\n|-heal|p2a: Rotom|41\/100|[from] item: Leftovers\n|upkeep\n|turn|5\n|\n|t:|1697340916\n|move|p1a: Iron Moth|Sludge Wave|p2a: Rotom\n|-damage|p2a: Rotom|0 fnt\n|faint|p2a: Rotom\n|\n|upkeep\n|\n|t:|1697340925\n|switch|p2a: Greninja|Greninja, M|100\/100\n|-damage|p2a: Greninja|88\/100|[from] Stealth Rock\n|-status|p2a: Greninja|psn\n|turn|6\n|\n|t:|1697340934\n|move|p1a: Iron Moth|Dazzling Gleam|p2a: Greninja\n|-supereffective|p2a: Greninja\n|-damage|p2a: Greninja|31\/100 psn\n|move|p2a: Greninja|Surf|p1a: Iron Moth\n|-start|p2a: Greninja|typechange|Water|[from] ability: Protean\n|-supereffective|p1a: Iron Moth\n|-damage|p1a: Iron Moth|22\/100\n|\n|-damage|p2a: Greninja|18\/100 psn|[from] psn\n|upkeep\n|turn|7\n|\n|t:|1697340953\n|switch|p2a: Clodsire|Clodsire, M|48\/100\n|-damage|p2a: Clodsire|42\/100|[from] Stealth Rock\n|-sideend|p2: Nick268|move: Toxic Spikes|[of] p2a: Clodsire\n|move|p1a: Iron Moth|Dazzling Gleam|p2a: Clodsire\n|-resisted|p2a: Clodsire\n|-damage|p2a: Clodsire|35\/100\n|\n|-heal|p2a: Clodsire|41\/100|[from] item: Leftovers\n|upkeep\n|turn|8\n|\n|t:|1697340966\n|move|p1a: Iron Moth|Psychic|p2a: Clodsire\n|-supereffective|p2a: Clodsire\n|-damage|p2a: Clodsire|11\/100\n|move|p2a: Clodsire|Toxic Spikes|p1a: Iron Moth\n|-sidestart|p1: mirista|move: Toxic Spikes\n|\n|-heal|p2a: Clodsire|18\/100|[from] item: Leftovers\n|upkeep\n|turn|9\n|\n|t:|1697340975\n|move|p1a: Iron Moth|Psychic|p2a: Clodsire\n|-supereffective|p2a: Clodsire\n|-damage|p2a: Clodsire|0 fnt\n|faint|p2a: Clodsire\n|\n|upkeep\n|\n|t:|1697340988\n|switch|p2a: Iron Valiant|Iron Valiant|100\/100\n|-damage|p2a: Iron Valiant|94\/100|[from] Stealth Rock\n|-enditem|p2a: Iron Valiant|Booster Energy\n|-activate|p2a: Iron Valiant|ability: Quark Drive|[fromitem]\n|-start|p2a: Iron Valiant|quarkdrivespe\n|turn|10\n|\n|t:|1697340999\n|move|p2a: Iron Valiant|Knock Off|p1a: Iron Moth\n|-damage|p1a: Iron Moth|0 fnt\n|faint|p1a: Iron Moth\n|-end|p1a: Iron Moth|Quark Drive|[silent]\n|\n|upkeep\n|\n|t:|1697341015\n|switch|p1a: Scizor|Scizor, F|100\/100\n|turn|11\n|\n|t:|1697341021\n|-end|p2a: Iron Valiant|Quark Drive|[silent]\n|switch|p2a: Corviknight|Corviknight, F|100\/100\n|-damage|p2a: Corviknight|88\/100|[from] Stealth Rock\n|move|p1a: Scizor|Dual Wingbeat|p2a: Corviknight\n|-resisted|p2a: Corviknight\n|-damage|p2a: Corviknight|80\/100\n|-resisted|p2a: Corviknight\n|-damage|p2a: Corviknight|72\/100\n|-hitcount|p2a: Corviknight|2\n|\n|-heal|p2a: Corviknight|78\/100|[from] item: Leftovers\n|upkeep\n|turn|12\n|\n|t:|1697341040\n|move|p1a: Scizor|Swords Dance|p1a: Scizor\n|-boost|p1a: Scizor|atk|2\n|move|p2a: Corviknight|Body Press|p1a: Scizor\n|-damage|p1a: Scizor|75\/100\n|\n|-heal|p2a: Corviknight|84\/100|[from] item: Leftovers\n|upkeep\n|turn|13\n|\n|t:|1697341049\n|move|p1a: Scizor|Bug Bite|p2a: Corviknight\n|-resisted|p2a: Corviknight\n|-damage|p2a: Corviknight|64\/100\n|move|p2a: Corviknight|Brave Bird|p1a: Scizor\n|-damage|p1a: Scizor|16\/100\n|-damage|p2a: Corviknight|50\/100|[from] Recoil\n|\n|-heal|p2a: Corviknight|56\/100|[from] item: Leftovers\n|upkeep\n|turn|14\n|\n|t:|1697341069\n|move|p1a: Scizor|Bug Bite|p2a: Corviknight\n|-resisted|p2a: Corviknight\n|-damage|p2a: Corviknight|37\/100\n|move|p2a: Corviknight|Brave Bird|p1a: Scizor\n|-damage|p1a: Scizor|0 fnt\n|faint|p1a: Scizor\n|-damage|p2a: Corviknight|34\/100|[from] Recoil\n|\n|-heal|p2a: Corviknight|40\/100|[from] item: Leftovers\n|upkeep\n|\n|t:|1697341081\n|switch|p1a: Sinistcha|Sinistcha|100\/100\n|-damage|p1a: Sinistcha|88\/100|[from] Spikes\n|-status|p1a: Sinistcha|psn\n|turn|15\n|\n|t:|1697341096\n|switch|p2a: Iron Valiant|Iron Valiant|94\/100\n|-damage|p2a: Iron Valiant|88\/100|[from] Stealth Rock\n|move|p1a: Sinistcha|Strength Sap|p2a: Iron Valiant\n|-unboost|p2a: Iron Valiant|atk|1\n|-heal|p1a: Sinistcha|100\/100 psn\n|\n|-damage|p1a: Sinistcha|88\/100 psn|[from] psn\n|upkeep\n|turn|16\n|\n|t:|1697341114\n|move|p2a: Iron Valiant|Ice Punch|p1a: Sinistcha\n|-supereffective|p1a: Sinistcha\n|-damage|p1a: Sinistcha|64\/100 psn\n|move|p1a: Sinistcha|Calm Mind|p1a: Sinistcha\n|-boost|p1a: Sinistcha|spa|1\n|-boost|p1a: Sinistcha|spd|1\n|\n|-damage|p1a: Sinistcha|51\/100 psn|[from] psn\n|upkeep\n|turn|17\n|\n|t:|1697341128\n|-end|p2a: Iron Valiant|Quark Drive|[silent]\n|switch|p2a: Corviknight|Corviknight, F|40\/100\n|-damage|p2a: Corviknight|27\/100|[from] Stealth Rock\n|move|p1a: Sinistcha|Strength Sap|p2a: Corviknight\n|-ability|p2a: Corviknight|Mirror Armor\n|-unboost|p1a: Sinistcha|atk|1\n|-heal|p1a: Sinistcha|100\/100 psn\n|\n|-heal|p2a: Corviknight|33\/100|[from] item: Leftovers\n|-damage|p1a: Sinistcha|88\/100 psn|[from] psn\n|upkeep\n|turn|18\n|\n|t:|1697341142\n|move|p1a: Sinistcha|Matcha Gotcha|p2a: Corviknight\n|-resisted|p2a: Corviknight\n|-damage|p2a: Corviknight|22\/100\n|-heal|p1a: Sinistcha|95\/100 psn|[from] drain|[of] p2a: Corviknight\n|-status|p2a: Corviknight|brn\n|move|p2a: Corviknight|Roost|p2a: Corviknight\n|-heal|p2a: Corviknight|72\/100 brn\n|-singleturn|p2a: Corviknight|move: Roost\n|\n|-heal|p2a: Corviknight|78\/100 brn|[from] item: Leftovers\n|-damage|p1a: Sinistcha|82\/100 psn|[from] psn\n|-damage|p2a: Corviknight|72\/100 brn|[from] brn\n|upkeep\n|turn|19\n|\n|t:|1697341156\n|move|p1a: Sinistcha|Hex|p2a: Corviknight\n|-damage|p2a: Corviknight|0 fnt\n|faint|p2a: Corviknight\n|\n|-damage|p1a: Sinistcha|70\/100 psn|[from] psn\n|upkeep\n|\n|t:|1697341164\n|switch|p2a: Greninja|Greninja, M|18\/100 psn\n|-damage|p2a: Greninja|6\/100 psn|[from] Stealth Rock\n|turn|20\n|\n|t:|1697341177\n|move|p2a: Greninja|Dark Pulse|p1a: Sinistcha\n|-start|p2a: Greninja|typechange|Dark|[from] ability: Protean\n|-supereffective|p1a: Sinistcha\n|-damage|p1a: Sinistcha|13\/100 psn\n|move|p1a: Sinistcha|Calm Mind|p1a: Sinistcha\n|-boost|p1a: Sinistcha|spa|1\n|-boost|p1a: Sinistcha|spd|1\n|\n|-damage|p2a: Greninja|0 fnt|[from] psn\n|faint|p2a: Greninja\n|-damage|p1a: Sinistcha|0 fnt|[from] psn\n|faint|p1a: Sinistcha\n|upkeep\n|\n|t:|1697341198\n|switch|p2a: Espeon|Espeon, M|100\/100\n|switch|p1a: Gliscor|Gliscor, M, shiny|100\/100\n|turn|21\n|\n|t:|1697341210\n|-terastallize|p2a: Espeon|Fairy\n|move|p1a: Gliscor|Protect|p1a: Gliscor\n|-singleturn|p1a: Gliscor|Protect\n|move|p2a: Espeon|Psychic|p1a: Gliscor\n|-activate|p1a: Gliscor|move: Protect\n|\n|-status|p1a: Gliscor|tox|[from] item: Toxic Orb\n|upkeep\n|turn|22\n|\n|t:|1697341224\n|move|p2a: Espeon|Psychic|p1a: Gliscor\n|-damage|p1a: Gliscor|41\/100 tox\n|move|p1a: Gliscor|Toxic|p2a: Espeon\n|move|p2a: Espeon|Toxic|p1a: Gliscor|[from]ability: Magic Bounce\n|-fail|p1a: Gliscor|tox\n|\n|-heal|p1a: Gliscor|53\/100 tox|[from] ability: Poison Heal\n|upkeep\n|turn|23\n|c|\u2606mirista|I forgot if Espeon has knock off lol so I protected\n|\n|t:|1697341237\n|move|p1a: Gliscor|Protect|p1a: Gliscor\n|-singleturn|p1a: Gliscor|Protect\n|move|p2a: Espeon|Psychic|p1a: Gliscor\n|-activate|p1a: Gliscor|move: Protect\n|\n|-heal|p1a: Gliscor|66\/100 tox|[from] ability: Poison Heal\n|upkeep\n|turn|24\n|\n|t:|1697341247\n|move|p2a: Espeon|Psychic|p1a: Gliscor\n|-damage|p1a: Gliscor|10\/100 tox\n|move|p1a: Gliscor|Earthquake|p2a: Espeon\n|-damage|p2a: Espeon|41\/100\n|\n|-heal|p1a: Gliscor|23\/100 tox|[from] ability: Poison Heal\n|upkeep\n|turn|25\n|\n|t:|1697341256\n|move|p1a: Gliscor|Protect|p1a: Gliscor\n|-singleturn|p1a: Gliscor|Protect\n|move|p2a: Espeon|Wish|p2a: Espeon\n|\n|-heal|p1a: Gliscor|35\/100 tox|[from] ability: Poison Heal\n|upkeep\n|turn|26\n|\n|t:|1697341265\n|move|p2a: Espeon|Psychic|p1a: Gliscor\n|-damage|p1a: Gliscor|0 fnt\n|faint|p1a: Gliscor\n|\n|-heal|p2a: Espeon|91\/100|[from] move: Wish|[wisher] Espeon\n|upkeep\n|\n|t:|1697341272\n|switch|p1a: Ogerpon|Ogerpon-Wellspring, F|100\/100\n|-damage|p1a: Ogerpon|88\/100|[from] Spikes\n|-status|p1a: Ogerpon|psn\n|turn|27\n|\n|t:|1697341280\n|move|p2a: Espeon|Psychic|p1a: Ogerpon\n|-damage|p1a: Ogerpon|37\/100 psn\n|move|p1a: Ogerpon|Swords Dance|p1a: Ogerpon\n|-boost|p1a: Ogerpon|atk|2\n|\n|-damage|p1a: Ogerpon|25\/100 psn|[from] psn\n|upkeep\n|turn|28\n|\n|t:|1697341288\n|move|p2a: Espeon|Psychic|p1a: Ogerpon\n|-damage|p1a: Ogerpon|0 fnt\n|faint|p1a: Ogerpon\n|\n|win|Nick268\n|c|\u2606mirista|gg\n|c|\u2606mirista|I thought I would outspeed you lol\n","uploadtime":1697341299,"views":46,"p1id":"mirista","p2id":"nick268","formatid":"gen9ubers","rating":0,"private":0,"password":""}