{"id":"gen9ubers-1974005754","p1":"MeteorAsh15","p2":"Matthematical","format":"[Gen 9] Ubers","log":"|j|\u2606MeteorAsh15\n|j|\u2606Matthematical\n|t:|1698040436\n|gametype|singles\n|player|p1|MeteorAsh15|nate|1248\n|player|p2|Matthematical|red|1000\n|teamsize|p1|6\n|teamsize|p2|6\n|gen|9\n|tier|[Gen 9] Ubers\n|rated|\n|rule|Sleep Clause Mod: Limit one foe put to sleep\n|rule|Species Clause: Limit one of each Pok\u00e9mon\n|rule|OHKO Clause: OHKO moves are banned\n|rule|Evasion Items Clause: Evasion items are banned\n|rule|Evasion Moves Clause: Evasion moves are banned\n|rule|Endless Battle Clause: Forcing endless battles is banned\n|rule|HP Percentage Mod: HP is shown in percentages\n|clearpoke\n|poke|p1|Baxcalibur, F|\n|poke|p1|Ninetales-Alola, F|\n|poke|p1|Koraidon|\n|poke|p1|Zacian-*|\n|poke|p1|Tornadus, M|\n|poke|p1|Ribombee, F|\n|poke|p2|Pikachu, M|\n|poke|p2|Skeledirge, F|\n|poke|p2|Clodsire, M|\n|poke|p2|Lokix, M|\n|poke|p2|Palafin, F|\n|poke|p2|Koraidon|\n|teampreview\n|inactive|Battle timer is ON: inactive players will automatically lose when time's up. (requested by MeteorAsh15)\n|inactive|Matthematical has 120 seconds left.\n|c|\u2606MeteorAsh15|Glhf\n|inactive|Matthematical has 90 seconds left.\n|c|\u2606MeteorAsh15|Matt\n|c|\u2606MeteorAsh15|Dorime\n|inactive|Matthematical has 60 seconds left.\n|\n|t:|1698040564\n|start\n|switch|p1a: Ribombee|Ribombee, F, shiny|100\/100\n|switch|p2a: Palafin|Palafin, F|100\/100\n|turn|1\n|c|\u2606Matthematical|sorry\n|\n|t:|1698040575\n|move|p1a: Ribombee|Sticky Web|p2a: Palafin\n|-sidestart|p2: Matthematical|move: Sticky Web\n|move|p2a: Palafin|Flip Turn|p1a: Ribombee\n|-damage|p1a: Ribombee|51\/100\n|-damage|p2a: Palafin|91\/100|[from] item: Life Orb\n|\n|t:|1698040582\n|detailschange|p2a: Palafin|Palafin-Hero, F\n|switch|p2a: Clodsire|Clodsire, M|100\/100|[from] Flip Turn\n|-activate|p2a: Clodsire|move: Sticky Web\n|-unboost|p2a: Clodsire|spe|1\n|\n|upkeep\n|turn|2\n|\n|t:|1698040594\n|move|p1a: Ribombee|Stun Spore|p2a: Clodsire\n|-status|p2a: Clodsire|par\n|cant|p2a: Clodsire|par\n|\n|upkeep\n|turn|3\n|\n|t:|1698040608\n|move|p1a: Ribombee|Tailwind|p1a: Ribombee\n|-sidestart|p1: MeteorAsh15|move: Tailwind\n|cant|p2a: Clodsire|par\n|\n|upkeep\n|turn|4\n|\n|t:|1698040632\n|switch|p1a: Zacian|Zacian-Crowned, shiny|100\/100\n|-ability|p1a: Zacian|Intrepid Sword|boost\n|-boost|p1a: Zacian|atk|1\n|cant|p2a: Clodsire|par\n|\n|upkeep\n|turn|5\n|\n|t:|1698040644\n|move|p1a: Zacian|Behemoth Blade|p2a: Clodsire\n|-damage|p2a: Clodsire|0 fnt\n|faint|p2a: Clodsire\n|\n|upkeep\n|\n|t:|1698040650\n|switch|p2a: Skeledirge|Skeledirge, F|100\/100\n|-activate|p2a: Skeledirge|move: Sticky Web\n|-unboost|p2a: Skeledirge|spe|1\n|turn|6\n|\n|t:|1698040655\n|move|p1a: Zacian|Crunch|p2a: Skeledirge\n|-supereffective|p2a: Skeledirge\n|-damage|p2a: Skeledirge|20\/100\n|move|p2a: Skeledirge|Blast Burn|p1a: Zacian\n|-supereffective|p1a: Zacian\n|-damage|p1a: Zacian|0 fnt\n|-mustrecharge|p2a: Skeledirge\n|faint|p1a: Zacian\n|\n|-sideend|p1: MeteorAsh15|move: Tailwind\n|upkeep\n|\n|t:|1698040667\n|switch|p1a: Ribombee|Ribombee, F, shiny|51\/100\n|turn|7\n|\n|t:|1698040684\n|move|p1a: Ribombee|Stun Spore|p2a: Skeledirge\n|-status|p2a: Skeledirge|par\n|cant|p2a: Skeledirge|recharge\n|\n|upkeep\n|turn|8\n|\n|t:|1698040696\n|switch|p1a: Koraidon|Koraidon|100\/100\n|-weather|SunnyDay|[from] ability: Orichalcum Pulse|[of] p1a: Koraidon\n|-activate|p1a: Koraidon|Orichalcum Pulse|[source]\n|cant|p2a: Skeledirge|par\n|\n|-weather|SunnyDay|[upkeep]\n|upkeep\n|turn|9\n|inactive|Matthematical has 90 seconds left.\n|\n|t:|1698040732\n|move|p1a: Koraidon|Dragon Claw|p2a: Skeledirge\n|-damage|p2a: Skeledirge|0 fnt\n|faint|p2a: Skeledirge\n|\n|-weather|SunnyDay|[upkeep]\n|upkeep\n|-message|Matthematical forfeited.\n|\n|win|MeteorAsh15\n|raw|MeteorAsh15's rating: 1248 &rarr; <strong>1258<\/strong><br \/>(+10 for winning)\n|raw|Matthematical's rating: 1000 &rarr; <strong>1000<\/strong><br \/>(+0 for losing)\n|l|\u2606Matthematical\n","uploadtime":1698040746,"views":12,"p1id":"meteorash15","p2id":"matthematical","formatid":"gen9ubers","rating":1000,"private":0,"password":""}