{"id":"gen9ubers-1992335355","p1":"flambojambo","p2":"shuckleshellshock","format":"[Gen 9] Ubers","log":"|j|\u2606flambojambo\n|j|\u2606shuckleshellshock\n|t:|1700175915\n|gametype|singles\n|player|p1|flambojambo|skyla|\n|player|p2|shuckleshellshock|nate|\n|teamsize|p1|6\n|teamsize|p2|6\n|gen|9\n|tier|[Gen 9] Ubers\n|rule|Sleep Clause Mod: Limit one foe put to sleep\n|rule|Species Clause: Limit one of each Pok\u00e9mon\n|rule|OHKO Clause: OHKO moves are banned\n|rule|Evasion Items Clause: Evasion items are banned\n|rule|Evasion Moves Clause: Evasion moves are banned\n|rule|Endless Battle Clause: Forcing endless battles is banned\n|rule|HP Percentage Mod: HP is shown in percentages\n|clearpoke\n|poke|p1|Zamazenta-*|\n|poke|p1|Skeledirge, F|\n|poke|p1|Cinderace, F|\n|poke|p1|Enamorus, F|\n|poke|p1|Manaphy|\n|poke|p1|Morpeko, F|\n|poke|p2|Pincurchin, F|\n|poke|p2|Iron Leaves|\n|poke|p2|Azumarill, F|\n|poke|p2|Goodra-Hisui, M|\n|poke|p2|Urshifu-*, M|\n|poke|p2|Volcarona, M|\n|teampreview\n|j| RektCactus\n|\n|t:|1700175977\n|start\n|switch|p1a: Cindy-ace|Cinderace, F, shiny|100\/100\n|switch|p2a: palafin at home|Azumarill, F|100\/100\n|turn|1\n|\n|t:|1700175989\n|move|p1a: Cindy-ace|U-turn|p2a: palafin at home\n|-start|p1a: Cindy-ace|typechange|Bug|[from] ability: Libero\n|-resisted|p2a: palafin at home\n|-damage|p2a: palafin at home|84\/100\n|\n|t:|1700176004\n|switch|p1a: Maddiphy|Manaphy, shiny|100\/100|[from] U-turn\n|move|p2a: palafin at home|Belly Drum|p2a: palafin at home\n|-damage|p2a: palafin at home|34\/100\n|-setboost|p2a: palafin at home|atk|6|[from] move: Belly Drum\n|-enditem|p2a: palafin at home|Sitrus Berry|[eat]\n|-heal|p2a: palafin at home|59\/100|[from] item: Sitrus Berry\n|\n|upkeep\n|turn|2\n|\n|t:|1700176032\n|move|p1a: Maddiphy|Dazzling Gleam|p2a: palafin at home\n|-damage|p2a: palafin at home|35\/100\n|move|p2a: palafin at home|Play Rough|p1a: Maddiphy\n|-damage|p1a: Maddiphy|0 fnt\n|faint|p1a: Maddiphy\n|\n|upkeep\n|\n|t:|1700176041\n|switch|p1a: Marvinpeko|Morpeko, F, shiny|100\/100\n|turn|3\n|\n|t:|1700176045\n|move|p2a: palafin at home|Aqua Jet|p1a: Marvinpeko\n|-damage|p1a: Marvinpeko|0 fnt\n|faint|p1a: Marvinpeko\n|\n|upkeep\n|\n|t:|1700176077\n|switch|p1a: Sarahdirge|Skeledirge, F, shiny|100\/100\n|turn|4\n|\n|t:|1700176086\n|-terastallize|p1a: Sarahdirge|Ghost\n|move|p2a: palafin at home|Aqua Jet|p1a: Sarahdirge\n|-damage|p1a: Sarahdirge|81\/100\n|move|p1a: Sarahdirge|Shadow Ball|p2a: palafin at home\n|-damage|p2a: palafin at home|0 fnt\n|faint|p2a: palafin at home\n|\n|upkeep\n|\n|t:|1700176100\n|switch|p2a: immortal snail|Goodra-Hisui, M|100\/100\n|turn|5\n|\n|t:|1700176124\n|move|p1a: Sarahdirge|Earth Power|p2a: immortal snail\n|-supereffective|p2a: immortal snail\n|-damage|p2a: immortal snail|82\/100\n|move|p2a: immortal snail|Earthquake|p1a: Sarahdirge\n|-damage|p1a: Sarahdirge|62\/100\n|\n|upkeep\n|turn|6\n|\n|t:|1700176132\n|move|p1a: Sarahdirge|Earth Power|p2a: immortal snail\n|-supereffective|p2a: immortal snail\n|-damage|p2a: immortal snail|64\/100\n|move|p2a: immortal snail|Thunderbolt|p1a: Sarahdirge\n|-damage|p1a: Sarahdirge|48\/100\n|\n|upkeep\n|turn|7\n|\n|t:|1700176138\n|move|p1a: Sarahdirge|Earth Power|p2a: immortal snail\n|-supereffective|p2a: immortal snail\n|-damage|p2a: immortal snail|46\/100\n|-unboost|p2a: immortal snail|spd|1\n|move|p2a: immortal snail|Thunderbolt|p1a: Sarahdirge\n|-damage|p1a: Sarahdirge|33\/100\n|\n|upkeep\n|turn|8\n|\n|t:|1700176159\n|switch|p2a: cannon fodder|Pincurchin, F|100\/100\n|-fieldstart|move: Electric Terrain|[from] ability: Electric Surge|[of] p2a: cannon fodder\n|move|p1a: Sarahdirge|Torch Song|p2a: cannon fodder\n|-damage|p2a: cannon fodder|59\/100\n|-boost|p1a: Sarahdirge|spa|1\n|-enditem|p2a: cannon fodder|Eject Button\n|\n|t:|1700176166\n|switch|p2a: Verizon wireless|Iron Leaves|100\/100\n|-activate|p2a: Verizon wireless|ability: Quark Drive\n|-start|p2a: Verizon wireless|quarkdriveatk\n|\n|upkeep\n|turn|9\n|\n|t:|1700176176\n|move|p2a: Verizon wireless|Psyblade|p1a: Sarahdirge\n|-damage|p1a: Sarahdirge|0 fnt\n|faint|p1a: Sarahdirge\n|-damage|p2a: Verizon wireless|91\/100|[from] item: Life Orb\n|\n|upkeep\n|\n|t:|1700176192\n|switch|p1a: Cindy-ace|Cinderace, F, shiny|100\/100\n|turn|10\n|\n|t:|1700176197\n|move|p1a: Cindy-ace|Pyro Ball|p2a: Verizon wireless\n|-supereffective|p2a: Verizon wireless\n|-damage|p2a: Verizon wireless|0 fnt\n|faint|p2a: Verizon wireless\n|-end|p2a: Verizon wireless|Quark Drive|[silent]\n|\n|upkeep\n|\n|t:|1700176205\n|switch|p2a: rock lee|Urshifu-Rapid-Strike, M|100\/100\n|turn|11\n|\n|t:|1700176226\n|move|p1a: Cindy-ace|High Jump Kick|p2a: rock lee\n|-start|p1a: Cindy-ace|typechange|Fighting|[from] ability: Libero\n|-damage|p2a: rock lee|37\/100\n|move|p2a: rock lee|Surging Strikes|p1a: Cindy-ace\n|-crit|p1a: Cindy-ace\n|-damage|p1a: Cindy-ace|69\/100\n|-crit|p1a: Cindy-ace\n|-damage|p1a: Cindy-ace|37\/100\n|-crit|p1a: Cindy-ace\n|-damage|p1a: Cindy-ace|3\/100\n|-hitcount|p1a: Cindy-ace|3\n|\n|upkeep\n|turn|12\n|\n|t:|1700176238\n|move|p2a: rock lee|Aqua Jet|p1a: Cindy-ace\n|-damage|p1a: Cindy-ace|0 fnt\n|faint|p1a: Cindy-ace\n|\n|-fieldend|move: Electric Terrain\n|upkeep\n|\n|t:|1700176248\n|switch|p1a: Zendaya - Crowned|Zamazenta-Crowned, shiny|100\/100\n|-ability|p1a: Zendaya - Crowned|Dauntless Shield|boost\n|-boost|p1a: Zendaya - Crowned|def|1\n|turn|13\n|\n|t:|1700176268\n|move|p1a: Zendaya - Crowned|Body Press|p2a: rock lee\n|-damage|p2a: rock lee|0 fnt\n|faint|p2a: rock lee\n|\n|upkeep\n|\n|t:|1700176271\n|switch|p2a: cannon fodder|Pincurchin, F|59\/100\n|-fieldstart|move: Electric Terrain|[from] ability: Electric Surge|[of] p2a: cannon fodder\n|turn|14\n|\n|t:|1700176275\n|move|p1a: Zendaya - Crowned|Iron Defense|p1a: Zendaya - Crowned\n|-boost|p1a: Zendaya - Crowned|def|2\n|move|p2a: cannon fodder|Thunder Wave|p1a: Zendaya - Crowned\n|-status|p1a: Zendaya - Crowned|par\n|\n|upkeep\n|turn|15\n|\n|t:|1700176282\n|move|p1a: Zendaya - Crowned|Iron Defense|p1a: Zendaya - Crowned\n|-boost|p1a: Zendaya - Crowned|def|2\n|move|p2a: cannon fodder|Memento|p1a: Zendaya - Crowned\n|-unboost|p1a: Zendaya - Crowned|atk|2\n|-unboost|p1a: Zendaya - Crowned|spa|2\n|faint|p2a: cannon fodder\n|\n|upkeep\n|\n|t:|1700176288\n|switch|p2a: papa roach|Volcarona, M|100\/100\n|turn|16\n|\n|t:|1700176293\n|move|p2a: papa roach|Flamethrower|p1a: Zendaya - Crowned\n|-supereffective|p1a: Zendaya - Crowned\n|-damage|p1a: Zendaya - Crowned|32\/100 par\n|move|p1a: Zendaya - Crowned|Body Press|p2a: papa roach\n|-resisted|p2a: papa roach\n|-damage|p2a: papa roach|36\/100\n|\n|upkeep\n|turn|17\n|\n|t:|1700176310\n|move|p2a: papa roach|Flamethrower|p1a: Zendaya - Crowned\n|-supereffective|p1a: Zendaya - Crowned\n|-damage|p1a: Zendaya - Crowned|0 fnt\n|faint|p1a: Zendaya - Crowned\n|\n|upkeep\n|\n|t:|1700176314\n|switch|p1a: Annamorus|Enamorus, F, shiny|100\/100\n|turn|18\n|\n|t:|1700176326\n|move|p1a: Annamorus|Earth Power|p2a: papa roach\n|-damage|p2a: papa roach|0 fnt\n|faint|p2a: papa roach\n|\n|-fieldend|move: Electric Terrain\n|upkeep\n|\n|t:|1700176329\n|switch|p2a: immortal snail|Goodra-Hisui, M|46\/100\n|turn|19\n|\n|t:|1700176333\n|move|p1a: Annamorus|Earth Power|p2a: immortal snail\n|-supereffective|p2a: immortal snail\n|-damage|p2a: immortal snail|4\/100\n|move|p2a: immortal snail|Heavy Slam|p1a: Annamorus\n|-supereffective|p1a: Annamorus\n|-damage|p1a: Annamorus|0 fnt\n|faint|p1a: Annamorus\n|\n|win|shuckleshellshock\n","uploadtime":1700176344,"views":33,"p1id":"flambojambo","p2id":"shuckleshellshock","formatid":"gen9ubers","rating":0,"private":0,"password":""}