{"id":"gen9ubers-1972339755","p1":"Dismyname","p2":"unreal blience","format":"[Gen 9] Ubers","log":"|j|\u2606Dismyname\n|j|\u2606unreal blience\n|t:|1697832852\n|gametype|singles\n|player|p1|Dismyname|265|1078\n|player|p2|unreal blience|2|1000\n|teamsize|p1|6\n|teamsize|p2|6\n|gen|9\n|tier|[Gen 9] Ubers\n|rated|\n|rule|Sleep Clause Mod: Limit one foe put to sleep\n|rule|Species Clause: Limit one of each Pok\u00e9mon\n|rule|OHKO Clause: OHKO moves are banned\n|rule|Evasion Items Clause: Evasion items are banned\n|rule|Evasion Moves Clause: Evasion moves are banned\n|rule|Endless Battle Clause: Forcing endless battles is banned\n|rule|HP Percentage Mod: HP is shown in percentages\n|clearpoke\n|poke|p1|Espathra, M|\n|poke|p1|Cinderace, F|\n|poke|p1|Garganacl, M|\n|poke|p1|Greninja-*, M|\n|poke|p1|Breloom, M|\n|poke|p1|Ribombee, M|\n|poke|p2|Swanna, F|\n|poke|p2|Krookodile, M|\n|poke|p2|Magneton|\n|poke|p2|Mew|\n|poke|p2|Iron Bundle|\n|poke|p2|Weezing-Galar, M|\n|teampreview\n|\n|t:|1697832858\n|start\n|switch|p1a: Cinderace|Cinderace, F|100\/100\n|switch|p2a: iBalls|Magneton|100\/100\n|turn|1\n|\n|t:|1697832863\n|move|p2a: iBalls|Volt Switch|p1a: Cinderace\n|-damage|p1a: Cinderace|52\/100\n|\n|t:|1697832867\n|switch|p2a: Langwidge|Swanna, F|100\/100|[from] Volt Switch\n|move|p1a: Cinderace|High Jump Kick|p2a: Langwidge|[miss]\n|-start|p1a: Cinderace|typechange|Fighting|[from] ability: Libero\n|-miss|p1a: Cinderace|p2a: Langwidge\n|-damage|p1a: Cinderace|2\/100|[from] highjumpkick\n|\n|upkeep\n|turn|2\n|\n|t:|1697832876\n|move|p2a: Langwidge|Aqua Jet|p1a: Cinderace\n|-damage|p1a: Cinderace|0 fnt\n|faint|p1a: Cinderace\n|\n|upkeep\n|\n|t:|1697832881\n|switch|p1a: Garganacl|Garganacl, M|100\/100\n|turn|3\n|\n|t:|1697832895\n|move|p2a: Langwidge|Surf|p1a: Garganacl\n|-supereffective|p1a: Garganacl\n|-damage|p1a: Garganacl|35\/100\n|move|p1a: Garganacl|Iron Defense|p1a: Garganacl\n|-boost|p1a: Garganacl|def|2\n|\n|upkeep\n|turn|4\n|\n|t:|1697832905\n|-terastallize|p1a: Garganacl|Flying\n|move|p2a: Langwidge|Surf|p1a: Garganacl\n|-damage|p1a: Garganacl|0 fnt\n|faint|p1a: Garganacl\n|\n|upkeep\n|\n|t:|1697832913\n|switch|p1a: Espathra|Espathra, M|100\/100\n|turn|5\n|\n|t:|1697832920\n|switch|p2a: Materials2Miracles|Mew|100\/100\n|move|p1a: Espathra|Calm Mind|p1a: Espathra\n|-boost|p1a: Espathra|spa|1\n|-boost|p1a: Espathra|spd|1\n|\n|-ability|p1a: Espathra|Speed Boost|boost\n|-boost|p1a: Espathra|spe|1\n|upkeep\n|turn|6\n|\n|t:|1697832927\n|move|p1a: Espathra|Lumina Crash|p2a: Materials2Miracles\n|-resisted|p2a: Materials2Miracles\n|-crit|p2a: Materials2Miracles\n|-damage|p2a: Materials2Miracles|64\/100\n|-unboost|p2a: Materials2Miracles|spd|2\n|move|p2a: Materials2Miracles|Dragon Dance|p2a: Materials2Miracles\n|-boost|p2a: Materials2Miracles|atk|1\n|-boost|p2a: Materials2Miracles|spe|1\n|\n|-heal|p2a: Materials2Miracles|70\/100|[from] item: Leftovers\n|-ability|p1a: Espathra|Speed Boost|boost\n|-boost|p1a: Espathra|spe|1\n|upkeep\n|turn|7\n|\n|t:|1697832943\n|move|p1a: Espathra|Lumina Crash|p2a: Materials2Miracles\n|-resisted|p2a: Materials2Miracles\n|-damage|p2a: Materials2Miracles|25\/100\n|-unboost|p2a: Materials2Miracles|spd|2\n|move|p2a: Materials2Miracles|Leech Life|p1a: Espathra\n|-supereffective|p1a: Espathra\n|-enditem|p1a: Espathra|Focus Sash\n|-damage|p1a: Espathra|1\/100\n|-heal|p2a: Materials2Miracles|65\/100|[from] drain|[of] p1a: Espathra\n|\n|-heal|p2a: Materials2Miracles|72\/100|[from] item: Leftovers\n|-ability|p1a: Espathra|Speed Boost|boost\n|-boost|p1a: Espathra|spe|1\n|upkeep\n|turn|8\n|\n|t:|1697832956\n|switch|p2a: Yom Swindles|Krookodile, M|100\/100\n|-ability|p2a: Yom Swindles|Intimidate|boost\n|-unboost|p1a: Espathra|atk|1\n|move|p1a: Espathra|Lumina Crash|p2a: Yom Swindles\n|-immune|p2a: Yom Swindles\n|\n|-ability|p1a: Espathra|Speed Boost|boost\n|-boost|p1a: Espathra|spe|1\n|upkeep\n|turn|9\n|\n|t:|1697832968\n|switch|p2a: Langwidge|Swanna, F|100\/100\n|move|p1a: Espathra|Dazzling Gleam|p2a: Langwidge\n|-damage|p2a: Langwidge|31\/100\n|\n|-ability|p1a: Espathra|Speed Boost|boost\n|-boost|p1a: Espathra|spe|1\n|upkeep\n|turn|10\n|\n|t:|1697832981\n|switch|p1a: Greninja|Greninja, M|100\/100\n|move|p2a: Langwidge|Aqua Jet|p1a: Greninja\n|-resisted|p1a: Greninja\n|-damage|p1a: Greninja|89\/100\n|\n|upkeep\n|turn|11\n|\n|t:|1697832989\n|switch|p2a: iBalls|Magneton|100\/100\n|move|p1a: Greninja|Blizzard|p2a: iBalls\n|-resisted|p2a: iBalls\n|-damage|p2a: iBalls|71\/100\n|\n|upkeep\n|turn|12\n|\n|t:|1697832998\n|switch|p1a: Breloom|Breloom, M|100\/100\n|move|p2a: iBalls|Volt Switch|p1a: Breloom\n|-resisted|p1a: Breloom\n|-damage|p1a: Breloom|55\/100\n|\n|t:|1697833006\n|switch|p2a: Materials2Miracles|Mew|72\/100|[from] Volt Switch\n|\n|-heal|p2a: Materials2Miracles|78\/100|[from] item: Leftovers\n|upkeep\n|turn|13\n|\n|t:|1697833014\n|move|p2a: Materials2Miracles|Substitute|p2a: Materials2Miracles\n|-start|p2a: Materials2Miracles|Substitute\n|-damage|p2a: Materials2Miracles|53\/100\n|move|p1a: Breloom|Bullet Seed|p2a: Materials2Miracles\n|-activate|p2a: Materials2Miracles|move: Substitute|[damage]\n|-end|p2a: Materials2Miracles|Substitute\n|-damage|p2a: Materials2Miracles|29\/100\n|-damage|p2a: Materials2Miracles|7\/100\n|-damage|p2a: Materials2Miracles|0 fnt\n|faint|p2a: Materials2Miracles\n|-hitcount|p2: Materials2Miracles|5\n|-damage|p1a: Breloom|45\/100|[from] item: Life Orb\n|\n|upkeep\n|-message|Dismyname forfeited.\n|\n|win|unreal blience\n|raw|Dismyname's rating: 1078 &rarr; <strong>1052<\/strong><br \/>(-26 for losing)\n|raw|unreal blience's rating: 1000 &rarr; <strong>1049<\/strong><br \/>(+49 for winning)\n|l|\u2606Dismyname\n","uploadtime":1697833026,"views":12,"p1id":"dismyname","p2id":"unrealblience","formatid":"gen9ubers","rating":1049,"private":0,"password":""}