{"id":"gen9ubers-1990381930","p1":"PurpleArbok","p2":"DatFroakieLord","format":"[Gen 9] Ubers","log":"|j|\u2606PurpleArbok\n|j|\u2606DatFroakieLord\n|t:|1699964852\n|gametype|singles\n|player|p1|PurpleArbok|265|1097\n|player|p2|DatFroakieLord|red|1074\n|teamsize|p1|6\n|teamsize|p2|6\n|gen|9\n|tier|[Gen 9] Ubers\n|rated|\n|rule|Sleep Clause Mod: Limit one foe put to sleep\n|rule|Species Clause: Limit one of each Pok\u00e9mon\n|rule|OHKO Clause: OHKO moves are banned\n|rule|Evasion Items Clause: Evasion items are banned\n|rule|Evasion Moves Clause: Evasion moves are banned\n|rule|Endless Battle Clause: Forcing endless battles is banned\n|rule|HP Percentage Mod: HP is shown in percentages\n|clearpoke\n|poke|p1|Glimmora, M|\n|poke|p1|Toxapex, F|\n|poke|p1|Amoonguss, F|\n|poke|p1|Clodsire, M|\n|poke|p1|Arbok, M|\n|poke|p1|Ariados, M|\n|poke|p2|Baxcalibur, M|\n|poke|p2|Iron Thorns|\n|poke|p2|Iron Moth|\n|poke|p2|Houndstone, M|\n|poke|p2|Quaquaval, M|\n|poke|p2|Meowscarada, M|\n|teampreview\n|c|\u2606DatFroakieLord|are u a poison elite 4 or something?\n|\n|t:|1699964884\n|start\n|switch|p1a: Glimmora|Glimmora, M, shiny|100\/100\n|switch|p2a: French Fries|Iron Thorns, shiny|100\/100\n|-enditem|p2a: French Fries|Booster Energy\n|-activate|p2a: French Fries|ability: Quark Drive|[fromitem]\n|-start|p2a: French Fries|quarkdriveatk\n|turn|1\n|c|\u2606DatFroakieLord|...\n|c|\u2606DatFroakieLord|u got a rock type.\n|\n|t:|1699964909\n|move|p1a: Glimmora|Stealth Rock|p2a: French Fries\n|-sidestart|p2: DatFroakieLord|move: Stealth Rock\n|move|p2a: French Fries|Iron Head|p1a: Glimmora\n|-supereffective|p1a: Glimmora\n|-damage|p1a: Glimmora|2\/100\n|-activate|p1a: Glimmora|ability: Toxic Debris\n|-sidestart|p2: DatFroakieLord|move: Toxic Spikes\n|\n|upkeep\n|turn|2\n|c|\u2606DatFroakieLord|*French Fries shines\n|\n|t:|1699964922\n|move|p1a: Glimmora|Mortal Spin|p2a: French Fries\n|-resisted|p2a: French Fries\n|-damage|p2a: French Fries|98\/100\n|-status|p2a: French Fries|psn\n|move|p2a: French Fries|Stealth Rock|p1a: Glimmora\n|-sidestart|p1: PurpleArbok|move: Stealth Rock\n|\n|-damage|p2a: French Fries|86\/100 psn|[from] psn\n|upkeep\n|turn|3\n|c|\u2606DatFroakieLord|Ok...\n|\n|t:|1699964930\n|move|p1a: Glimmora|Energy Ball|p2a: French Fries\n|-supereffective|p2a: French Fries\n|-damage|p2a: French Fries|27\/100 psn\n|move|p2a: French Fries|Iron Head|p1a: Glimmora\n|-supereffective|p1a: Glimmora\n|-crit|p1a: Glimmora\n|-damage|p1a: Glimmora|0 fnt\n|-activate|p1a: Glimmora|ability: Toxic Debris\n|-sidestart|p2: DatFroakieLord|move: Toxic Spikes\n|faint|p1a: Glimmora\n|\n|-damage|p2a: French Fries|14\/100 psn|[from] psn\n|upkeep\n|\n|t:|1699964941\n|switch|p1a: Ariados|Ariados, M, shiny|100\/100\n|-damage|p1a: Ariados|76\/100|[from] Stealth Rock\n|turn|4\n|\n|t:|1699964945\n|move|p2a: French Fries|Stone Edge|p1a: Ariados|[miss]\n|-miss|p2a: French Fries|p1a: Ariados\n|move|p1a: Ariados|Sticky Web|p2a: French Fries\n|-sidestart|p2: DatFroakieLord|move: Sticky Web\n|\n|-damage|p2a: French Fries|2\/100 psn|[from] psn\n|upkeep\n|turn|5\n|\n|t:|1699964958\n|move|p2a: French Fries|Stone Edge|p1a: Ariados\n|-supereffective|p1a: Ariados\n|-crit|p1a: Ariados\n|-damage|p1a: Ariados|0 fnt\n|faint|p1a: Ariados\n|\n|-damage|p2a: French Fries|0 fnt|[from] psn\n|faint|p2a: French Fries\n|-end|p2a: French Fries|Quark Drive|[silent]\n|upkeep\n|c|\u2606DatFroakieLord|is this the strat I used a while back?\n|\n|t:|1699964976\n|switch|p2a: Happy Meal Toy|Meowscarada, M, shiny|100\/100\n|switch|p1a: Arbok|Arbok, M, shiny|100\/100\n|-damage|p2a: Happy Meal Toy|88\/100|[from] Stealth Rock\n|-status|p2a: Happy Meal Toy|tox\n|-activate|p2a: Happy Meal Toy|move: Sticky Web\n|-unboost|p2a: Happy Meal Toy|spe|1\n|-damage|p1a: Arbok|88\/100|[from] Stealth Rock\n|-ability|p1a: Arbok|Intimidate|boost\n|-unboost|p2a: Happy Meal Toy|atk|1\n|turn|6\n|n|\u2606PurpleArbok|purplearbok\n|c|\u2606PurpleArbok|Yes.\n|c|\u2606PurpleArbok|Im a gym leader.\n|c|\u2606DatFroakieLord|ohh\n|\n|t:|1699964995\n|switch|p2a: Big Mac|Quaquaval, M, shiny|100\/100\n|-damage|p2a: Big Mac|94\/100|[from] Stealth Rock\n|-status|p2a: Big Mac|tox\n|-activate|p2a: Big Mac|move: Sticky Web\n|-unboost|p2a: Big Mac|spe|1\n|-terastallize|p1a: Arbok|Dragon\n|move|p1a: Arbok|Coil|p1a: Arbok\n|-boost|p1a: Arbok|atk|1\n|-boost|p1a: Arbok|def|1\n|-boost|p1a: Arbok|accuracy|1\n|\n|-damage|p2a: Big Mac|88\/100 tox|[from] psn\n|upkeep\n|turn|7\n|c|\u2606DatFroakieLord|thats why ur username is-\n|\n|t:|1699965010\n|move|p1a: Arbok|Gunk Shot|p2a: Big Mac\n|-damage|p2a: Big Mac|0 fnt\n|faint|p2a: Big Mac\n|\n|upkeep\n|c|\u2606PurpleArbok|Exactly.\n|c|\u2606PurpleArbok|I love Arbor.\n|c|\u2606DatFroakieLord|HOW ID U-\n|c|\u2606PurpleArbok|Arbok.\n|c|\u2606DatFroakieLord|*DID\n|c|\u2606PurpleArbok|Arbok.\n|\n|t:|1699965029\n|switch|p2a: Oreo McFlurry|Baxcalibur, M, shiny|100\/100\n|turn|8\n|\n|t:|1699965034\n|move|p1a: Arbok|Scale Shot|p2a: Oreo McFlurry\n|-supereffective|p2a: Oreo McFlurry\n|-damage|p2a: Oreo McFlurry|68\/100\n|-supereffective|p2a: Oreo McFlurry\n|-damage|p2a: Oreo McFlurry|37\/100\n|-supereffective|p2a: Oreo McFlurry\n|-damage|p2a: Oreo McFlurry|6\/100\n|-supereffective|p2a: Oreo McFlurry\n|-damage|p2a: Oreo McFlurry|0 fnt\n|faint|p2a: Oreo McFlurry\n|-hitcount|p2: Oreo McFlurry|4\n|-unboost|p1a: Arbok|def|1\n|-boost|p1a: Arbok|spe|1\n|\n|upkeep\n|c|\u2606PurpleArbok|Arbok.\n|c|\u2606DatFroakieLord|FUCK-\n|\n|t:|1699965046\n|switch|p2a: Spicy McChicken|Iron Moth|100\/100\n|-damage|p2a: Spicy McChicken|76\/100|[from] Stealth Rock\n|-sideend|p2: DatFroakieLord|move: Toxic Spikes|[of] p2a: Spicy McChicken\n|-activate|p2a: Spicy McChicken|move: Sticky Web\n|-unboost|p2a: Spicy McChicken|spe|1\n|-enditem|p2a: Spicy McChicken|Booster Energy\n|-activate|p2a: Spicy McChicken|ability: Quark Drive|[fromitem]\n|-start|p2a: Spicy McChicken|quarkdrivespa\n|turn|9\n|\n|t:|1699965055\n|move|p1a: Arbok|Earthquake|p2a: Spicy McChicken\n|-supereffective|p2a: Spicy McChicken\n|-damage|p2a: Spicy McChicken|0 fnt\n|faint|p2a: Spicy McChicken\n|-end|p2a: Spicy McChicken|Quark Drive|[silent]\n|\n|upkeep\n|\n|t:|1699965061\n|switch|p2a: Happy Meal Toy|Meowscarada, M, shiny|88\/100 tox\n|-damage|p2a: Happy Meal Toy|76\/100 tox|[from] Stealth Rock\n|-activate|p2a: Happy Meal Toy|move: Sticky Web\n|-unboost|p2a: Happy Meal Toy|spe|1\n|turn|10\n|c|\u2606PurpleArbok|Everything is Arbor.\n|c|\u2606PurpleArbok|Arbok is everything.\n|c|\u2606DatFroakieLord|GRRRR\n|\n|t:|1699965075\n|move|p2a: Happy Meal Toy|Sucker Punch|p1a: Arbok\n|-damage|p1a: Arbok|35\/100\n|move|p1a: Arbok|Scale Shot|p2a: Happy Meal Toy\n|-damage|p2a: Happy Meal Toy|50\/100 tox\n|-damage|p2a: Happy Meal Toy|26\/100 tox\n|-damage|p2a: Happy Meal Toy|1\/100 tox\n|-damage|p2a: Happy Meal Toy|0 fnt\n|faint|p2a: Happy Meal Toy\n|-hitcount|p2: Happy Meal Toy|4\n|-unboost|p1a: Arbok|def|1\n|-boost|p1a: Arbok|spe|1\n|\n|upkeep\n|c|\u2606DatFroakieLord|thats it\n|c|\u2606DatFroakieLord|im putting play rough on EVERYTHING now\n|\n|t:|1699965096\n|switch|p2a: Grimace's Dog.|Houndstone, M, shiny|100\/100\n|-damage|p2a: Grimace's Dog.|88\/100|[from] Stealth Rock\n|-activate|p2a: Grimace's Dog.|move: Sticky Web\n|-unboost|p2a: Grimace's Dog.|spe|1\n|turn|11\n|c|\u2606DatFroakieLord|I got a dog.\n|c|\u2606DatFroakieLord|his name's Jeff.\n|c|\u2606PurpleArbok|I got YellowArbok.\n|c|\u2606DatFroakieLord|his previous owner was a criminal.\n|c|\u2606DatFroakieLord|he is responsible for ur funeral.\n|\n|t:|1699965139\n|-terastallize|p2a: Grimace's Dog.|Ground\n|move|p1a: Arbok|Gunk Shot|p2a: Grimace's Dog.\n|-resisted|p2a: Grimace's Dog.\n|-damage|p2a: Grimace's Dog.|39\/100\n|move|p2a: Grimace's Dog.|Last Respects|p1a: Arbok\n|-damage|p1a: Arbok|0 fnt\n|faint|p1a: Arbok\n|\n|upkeep\n|inactive|Battle timer is ON: inactive players will automatically lose when time's up. (requested by DatFroakieLord)\n|\n|t:|1699965147\n|switch|p1a: Toxapex|Toxapex, F|100\/100\n|-damage|p1a: Toxapex|88\/100|[from] Stealth Rock\n|turn|12\n|\n|t:|1699965151\n|move|p2a: Grimace's Dog.|Last Respects|p1a: Toxapex\n|-damage|p1a: Toxapex|14\/100\n|move|p1a: Toxapex|Surf|p2a: Grimace's Dog.\n|-supereffective|p2a: Grimace's Dog.\n|-damage|p2a: Grimace's Dog.|0 fnt\n|faint|p2a: Grimace's Dog.\n|\n|win|PurpleArbok\n|raw|PurpleArbok's rating: 1097 &rarr; <strong>1121<\/strong><br \/>(+24 for winning)\n|raw|DatFroakieLord's rating: 1074 &rarr; <strong>1054<\/strong><br \/>(-20 for losing)\n|c|\u2606PurpleArbok|gis.\n|c|\u2606PurpleArbok|gg\n|c|\u2606DatFroakieLord|SHOOT.\n|c|\u2606DatFroakieLord|gg\n|c|\u2606DatFroakieLord|s\n|l|\u2606DatFroakieLord\n","uploadtime":1699965192,"views":12,"p1id":"purplearbok","p2id":"datfroakielord","formatid":"gen9ubers","rating":1054,"private":0,"password":""}