{"id":"gen9ubers-1969679944","p1":"Balkanized","p2":"dvi$26","format":"[Gen 9] Ubers","log":"|j|\u2606Balkanized\n|j|\u2606dvi$26\n|t:|1697557154\n|gametype|singles\n|player|p1|Balkanized|skier|1104\n|player|p2|dvi$26|leon-masters|1071\n|teamsize|p1|6\n|teamsize|p2|6\n|gen|9\n|tier|[Gen 9] Ubers\n|rated|\n|rule|Sleep Clause Mod: Limit one foe put to sleep\n|rule|Species Clause: Limit one of each Pok\u00e9mon\n|rule|OHKO Clause: OHKO moves are banned\n|rule|Evasion Items Clause: Evasion items are banned\n|rule|Evasion Moves Clause: Evasion moves are banned\n|rule|Endless Battle Clause: Forcing endless battles is banned\n|rule|HP Percentage Mod: HP is shown in percentages\n|clearpoke\n|poke|p1|Chien-Pao|\n|poke|p1|Frosmoth, F|\n|poke|p1|Baxcalibur, M|\n|poke|p1|Calyrex-Ice|\n|poke|p1|Froslass, F|\n|poke|p1|Ninetales-Alola, F|\n|poke|p2|Quaquaval, M|\n|poke|p2|Garganacl, F|\n|poke|p2|Gholdengo|\n|poke|p2|Ceruledge, M|\n|poke|p2|Appletun, F|\n|poke|p2|Espathra, F|\n|teampreview\n|inactive|Battle timer is ON: inactive players will automatically lose when time's up. (requested by dvi$26)\n|\n|t:|1697557163\n|start\n|switch|p1a: Ninetales|Ninetales-Alola, F|100\/100\n|switch|p2a: Gholdengo|Gholdengo|100\/100\n|-weather|Snow|[from] ability: Snow Warning|[of] p1a: Ninetales\n|turn|1\n|l|\u2606dvi$26\n|inactive|dvi$26 disconnected and has a minute to reconnect!\n|player|p2|\n|\n|t:|1697557193\n|switch|p1a: Froslass|Froslass, F|100\/100\n|move|p2a: Gholdengo|Nasty Plot|p2a: Gholdengo\n|-boost|p2a: Gholdengo|spa|2\n|\n|-weather|Snow|[upkeep]\n|upkeep\n|turn|2\n|j|\u2606dvi$26\n|inactive|dvi$26 reconnected and has 125 seconds left.\n|player|p2|dvi$26|leon-masters\n|inactive|dvi$26 has 120 seconds left.\n|\n|t:|1697557230\n|move|p1a: Froslass|Frost Breath|p2a: Gholdengo\n|-resisted|p2a: Gholdengo\n|-crit|p2a: Gholdengo\n|-damage|p2a: Gholdengo|80\/100\n|move|p2a: Gholdengo|Make It Rain|p1a: Froslass\n|-supereffective|p1a: Froslass\n|-enditem|p1a: Froslass|Focus Sash\n|-damage|p1a: Froslass|1\/100\n|-unboost|p2a: Gholdengo|spa|1\n|\n|-weather|Snow|[upkeep]\n|upkeep\n|turn|3\n|inactive|dvi$26 has 120 seconds left.\n|\n|t:|1697557241\n|move|p1a: Froslass|Destiny Bond|p1a: Froslass\n|-singlemove|p1a: Froslass|Destiny Bond\n|move|p2a: Gholdengo|Nasty Plot|p2a: Gholdengo\n|-boost|p2a: Gholdengo|spa|2\n|\n|-weather|Snow|[upkeep]\n|upkeep\n|turn|4\n|\n|t:|1697557247\n|move|p2a: Gholdengo|Thunder Wave|p1a: Froslass\n|-status|p1a: Froslass|par\n|move|p1a: Froslass|Avalanche|p2a: Gholdengo\n|-resisted|p2a: Gholdengo\n|-damage|p2a: Gholdengo|71\/100\n|\n|-weather|Snow|[upkeep]\n|upkeep\n|turn|5\n|\n|t:|1697557256\n|move|p2a: Gholdengo|Shadow Ball|p1a: Froslass\n|-supereffective|p1a: Froslass\n|-damage|p1a: Froslass|0 fnt\n|faint|p1a: Froslass\n|\n|-weather|none\n|upkeep\n|\n|t:|1697557266\n|switch|p1a: Ninetales|Ninetales-Alola, F|100\/100\n|-weather|Snow|[from] ability: Snow Warning|[of] p1a: Ninetales\n|turn|6\n|\n|t:|1697557271\n|move|p1a: Ninetales|Aurora Veil|p1a: Ninetales\n|-sidestart|p1: Balkanized|move: Aurora Veil\n|move|p2a: Gholdengo|Make It Rain|p1a: Ninetales\n|-supereffective|p1a: Ninetales\n|-damage|p1a: Ninetales|0 fnt\n|-unboost|p2a: Gholdengo|spa|1\n|faint|p1a: Ninetales\n|\n|-weather|Snow|[upkeep]\n|upkeep\n|\n|t:|1697557281\n|switch|p1a: Chien-Pao|Chien-Pao|100\/100\n|-ability|p1a: Chien-Pao|Sword of Ruin\n|turn|7\n|\n|t:|1697557288\n|move|p1a: Chien-Pao|Throat Chop|p2a: Gholdengo\n|-supereffective|p2a: Gholdengo\n|-damage|p2a: Gholdengo|0 fnt\n|faint|p2a: Gholdengo\n|\n|-weather|Snow|[upkeep]\n|upkeep\n|\n|t:|1697557303\n|switch|p2a: Garganacl|Garganacl, F|100\/100\n|turn|8\n|\n|t:|1697557319\n|switch|p1a: Baxcalibur|Baxcalibur, M|100\/100\n|move|p2a: Garganacl|Iron Defense|p2a: Garganacl\n|-boost|p2a: Garganacl|def|2\n|\n|-weather|Snow|[upkeep]\n|upkeep\n|turn|9\n|\n|t:|1697557327\n|move|p1a: Baxcalibur|Dragon Dance|p1a: Baxcalibur\n|-boost|p1a: Baxcalibur|atk|1\n|-boost|p1a: Baxcalibur|spe|1\n|move|p2a: Garganacl|Body Press|p1a: Baxcalibur\n|-supereffective|p1a: Baxcalibur\n|-damage|p1a: Baxcalibur|73\/100\n|\n|-weather|Snow|[upkeep]\n|upkeep\n|turn|10\n|\n|t:|1697557334\n|move|p1a: Baxcalibur|Ice Shard|p2a: Garganacl\n|-damage|p2a: Garganacl|88\/100\n|move|p2a: Garganacl|Salt Cure|p1a: Baxcalibur\n|-supereffective|p1a: Baxcalibur\n|-damage|p1a: Baxcalibur|61\/100\n|-start|p1a: Baxcalibur|Salt Cure\n|\n|-weather|none\n|-heal|p2a: Garganacl|95\/100|[from] item: Leftovers\n|-damage|p1a: Baxcalibur|49\/100|[from] Salt Cure\n|upkeep\n|turn|11\n|c|\u2606Balkanized|oops\n|c|\u2606Balkanized|accidents lmao\n|c|\u2606dvi$26|lol dw\n|\n|t:|1697557349\n|move|p1a: Baxcalibur|Earthquake|p2a: Garganacl\n|-supereffective|p2a: Garganacl\n|-damage|p2a: Garganacl|55\/100\n|move|p2a: Garganacl|Iron Defense|p2a: Garganacl\n|-boost|p2a: Garganacl|def|2\n|\n|-heal|p2a: Garganacl|61\/100|[from] item: Leftovers\n|-damage|p1a: Baxcalibur|36\/100|[from] Salt Cure\n|upkeep\n|turn|12\n|\n|t:|1697557358\n|move|p1a: Baxcalibur|Dragon Dance|p1a: Baxcalibur\n|-boost|p1a: Baxcalibur|atk|1\n|-boost|p1a: Baxcalibur|spe|1\n|move|p2a: Garganacl|Iron Defense|p2a: Garganacl\n|-boost|p2a: Garganacl|def|2\n|\n|-heal|p2a: Garganacl|67\/100|[from] item: Leftovers\n|-damage|p1a: Baxcalibur|24\/100|[from] Salt Cure\n|upkeep\n|turn|13\n|c|\u2606Balkanized|if I popped a dragon dance instead of an ice shard might've been fine\n|\n|t:|1697557373\n|move|p1a: Baxcalibur|Earthquake|p2a: Garganacl\n|-supereffective|p2a: Garganacl\n|-damage|p2a: Garganacl|42\/100\n|move|p2a: Garganacl|Body Press|p1a: Baxcalibur\n|-supereffective|p1a: Baxcalibur\n|-damage|p1a: Baxcalibur|0 fnt\n|faint|p1a: Baxcalibur\n|\n|-heal|p2a: Garganacl|48\/100|[from] item: Leftovers\n|-sideend|p1: Balkanized|move: Aurora Veil\n|upkeep\n|c|\u2606dvi$26|yeah\n|\n|t:|1697557388\n|switch|p1a: Chien-Pao|Chien-Pao|100\/100\n|-ability|p1a: Chien-Pao|Sword of Ruin\n|turn|14\n|\n|t:|1697557393\n|move|p1a: Chien-Pao|Brick Break|p2a: Garganacl\n|-supereffective|p2a: Garganacl\n|-damage|p2a: Garganacl|36\/100\n|move|p2a: Garganacl|Body Press|p1a: Chien-Pao\n|-supereffective|p1a: Chien-Pao\n|-damage|p1a: Chien-Pao|0 fnt\n|faint|p1a: Chien-Pao\n|\n|-heal|p2a: Garganacl|42\/100|[from] item: Leftovers\n|upkeep\n|c|\u2606Balkanized|yikes no crit\n|\n|t:|1697557406\n|switch|p1a: Frosmoth|Frosmoth, F|100\/100\n|turn|15\n|\n|t:|1697557418\n|-terastallize|p1a: Frosmoth|Water\n|move|p1a: Frosmoth|Tera Blast|p2a: Garganacl|[anim] Tera Blast Water\n|-supereffective|p2a: Garganacl\n|-crit|p2a: Garganacl\n|-damage|p2a: Garganacl|0 fnt\n|faint|p2a: Garganacl\n|\n|upkeep\n|\n|t:|1697557428\n|switch|p2a: Appletun|Appletun, F|100\/100\n|turn|16\n|c|\u2606Balkanized|omg its my favorite little guy\n|c|\u2606Balkanized|props for bringing appletun to ubers\n|c|\u2606dvi$26|i love appletun\n|\n|t:|1697557454\n|-terastallize|p2a: Appletun|Ice\n|move|p1a: Frosmoth|Ice Beam|p2a: Appletun\n|-resisted|p2a: Appletun\n|-damage|p2a: Appletun|84\/100\n|move|p2a: Appletun|Apple Acid|p1a: Frosmoth\n|-supereffective|p1a: Frosmoth\n|-damage|p1a: Frosmoth|68\/100\n|-unboost|p1a: Frosmoth|spd|1\n|\n|upkeep\n|turn|17\n|c|\u2606Balkanized|usually fire tera is better\n|c|\u2606Balkanized|just a tip\n|c|\u2606Balkanized|unless you like the ice tera blast\n|c|\u2606Balkanized|anyway\n|inactive|dvi$26 has 120 seconds left.\n|c|\u2606dvi$26|yeah jst ice only resists ice so\n|\n|t:|1697557489\n|move|p1a: Frosmoth|Quiver Dance|p1a: Frosmoth\n|-boost|p1a: Frosmoth|spa|1\n|-boost|p1a: Frosmoth|spd|1\n|-boost|p1a: Frosmoth|spe|1\n|move|p2a: Appletun|Giga Drain|p1a: Frosmoth\n|-supereffective|p1a: Frosmoth\n|-damage|p1a: Frosmoth|38\/100\n|-heal|p2a: Appletun|95\/100|[from] drain|[of] p1a: Frosmoth\n|\n|upkeep\n|turn|18\n|inactive|dvi$26 has 120 seconds left.\n|c|\u2606Balkanized|but fire resists ice\n|c|\u2606dvi$26|true\n|c|\u2606dvi$26|yeah ur right\n|\n|t:|1697557514\n|move|p1a: Frosmoth|Tera Blast|p2a: Appletun|[anim] Tera Blast Water\n|-damage|p2a: Appletun|45\/100\n|-activate|p2a: Appletun|ability: Ripen\n|-enditem|p2a: Appletun|Sitrus Berry|[eat]\n|-heal|p2a: Appletun|95\/100|[from] item: Sitrus Berry\n|move|p2a: Appletun|Apple Acid|p1a: Frosmoth\n|-supereffective|p1a: Frosmoth\n|-damage|p1a: Frosmoth|1\/100\n|-unboost|p1a: Frosmoth|spd|1\n|\n|upkeep\n|turn|19\n|c|\u2606Balkanized|nice set\n|c|\u2606Balkanized|I like it\n|\n|t:|1697557526\n|move|p1a: Frosmoth|Tera Blast|p2a: Appletun|[anim] Tera Blast Water\n|-damage|p2a: Appletun|51\/100\n|move|p2a: Appletun|Recycle|p2a: Appletun\n|-item|p2a: Appletun|Sitrus Berry|[from] move: Recycle\n|\n|upkeep\n|turn|20\n|c|\u2606dvi$26|thx\n|\n|t:|1697557533\n|move|p1a: Frosmoth|Tera Blast|p2a: Appletun|[anim] Tera Blast Water\n|-damage|p2a: Appletun|1\/100\n|-activate|p2a: Appletun|ability: Ripen\n|-enditem|p2a: Appletun|Sitrus Berry|[eat]\n|-heal|p2a: Appletun|50\/100|[from] item: Sitrus Berry\n|move|p2a: Appletun|Dragon Pulse|p1a: Frosmoth\n|-damage|p1a: Frosmoth|0 fnt\n|faint|p1a: Frosmoth\n|\n|upkeep\n|c|\u2606Balkanized|unfortunate no crit\n|\n|t:|1697557542\n|switch|p1a: Calyrex|Calyrex-Ice|100\/100\n|-ability|p1a: Calyrex|As One\n|-ability|p1a: Calyrex|Unnerve\n|turn|21\n|c|\u2606dvi$26|fortunate for my little guy tho\n|\n|t:|1697557562\n|move|p1a: Calyrex|Trailblaze|p2a: Appletun\n|-damage|p2a: Appletun|30\/100\n|-boost|p1a: Calyrex|spe|1\n|move|p2a: Appletun|Recycle|p2a: Appletun\n|-item|p2a: Appletun|Sitrus Berry|[from] move: Recycle\n|\n|upkeep\n|turn|22\n|\n|t:|1697557570\n|move|p1a: Calyrex|Trailblaze|p2a: Appletun\n|-damage|p2a: Appletun|12\/100\n|-boost|p1a: Calyrex|spe|1\n|move|p2a: Appletun|Apple Acid|p1a: Calyrex\n|-damage|p1a: Calyrex|85\/100\n|-unboost|p1a: Calyrex|spd|1\n|\n|upkeep\n|turn|23\n|c|\u2606Balkanized|can that set fight against sap sipper tho?\n|\n|t:|1697557586\n|move|p1a: Calyrex|Trailblaze|p2a: Appletun\n|-damage|p2a: Appletun|0 fnt\n|-boost|p1a: Calyrex|spe|1\n|faint|p2a: Appletun\n|-ability|p1a: Calyrex|Chilling Neigh|boost\n|-boost|p1a: Calyrex|atk|1\n|\n|upkeep\n|c|\u2606dvi$26|with dragon pulse yeah\n|\n|t:|1697557597\n|switch|p2a: Quaquaval|Quaquaval, M|100\/100\n|turn|24\n|c|\u2606Balkanized|oh right yea\n|c|\u2606Balkanized|nice\n|\n|t:|1697557603\n|move|p1a: Calyrex|Zen Headbutt|p2a: Quaquaval\n|-supereffective|p2a: Quaquaval\n|-damage|p2a: Quaquaval|0 fnt\n|faint|p2a: Quaquaval\n|-ability|p1a: Calyrex|Chilling Neigh|boost\n|-boost|p1a: Calyrex|atk|1\n|\n|upkeep\n|\n|t:|1697557606\n|switch|p2a: Espathra|Espathra, F|100\/100\n|turn|25\n|\n|t:|1697557616\n|move|p2a: Espathra|Protect|p2a: Espathra\n|-singleturn|p2a: Espathra|Protect\n|move|p1a: Calyrex|Glacial Lance|p2a: Espathra\n|-activate|p2a: Espathra|move: Protect\n|\n|-ability|p2a: Espathra|Speed Boost|boost\n|-boost|p2a: Espathra|spe|1\n|upkeep\n|turn|26\n|c|\u2606Balkanized|smart\n|inactive|dvi$26 has 120 seconds left.\n|c|\u2606Balkanized|I was gonna outspeed\n|c|\u2606Balkanized|....\n|c|\u2606Balkanized|by one...\n|\n|t:|1697557631\n|move|p2a: Espathra|Lumina Crash|p1a: Calyrex\n|-resisted|p1a: Calyrex\n|-damage|p1a: Calyrex|73\/100\n|-unboost|p1a: Calyrex|spd|2\n|move|p1a: Calyrex|Glacial Lance|p2a: Espathra\n|-damage|p2a: Espathra|0 fnt\n|faint|p2a: Espathra\n|-ability|p1a: Calyrex|Chilling Neigh|boost\n|-boost|p1a: Calyrex|atk|1\n|\n|upkeep\n|inactive|dvi$26 has 120 seconds left.\n|c|\u2606dvi$26|shoot i misclicked lol\n|\n|t:|1697557648\n|switch|p2a: Ceruledge|Ceruledge, M|100\/100\n|turn|27\n|c|\u2606Balkanized|oh also I'm assault vested\n|\n|t:|1697557664\n|move|p2a: Ceruledge|Shadow Sneak|p1a: Calyrex\n|-supereffective|p1a: Calyrex\n|-damage|p1a: Calyrex|52\/100\n|move|p1a: Calyrex|Zen Headbutt|p2a: Ceruledge\n|-damage|p2a: Ceruledge|0 fnt\n|faint|p2a: Ceruledge\n|\n|win|Balkanized\n|raw|Balkanized's rating: 1104 &rarr; <strong>1127<\/strong><br \/>(+23 for winning)\n|raw|dvi$26's rating: 1071 &rarr; <strong>1052<\/strong><br \/>(-19 for losing)\n|c|\u2606dvi$26|gg dude\n|c|\u2606Balkanized|gg\n|c|\u2606Balkanized|fr\n|l|\u2606dvi$26\n","uploadtime":1697557691,"views":14,"p1id":"balkanized","p2id":"dvi26","formatid":"gen9ubers","rating":1052,"private":0,"password":""}