{"id":"gen9ubers-1973594459","p1":"Halil66","p2":"EmpereurZer0","format":"[Gen 9] Ubers","log":"|j|\u2606Halil66\n|j|\u2606EmpereurZer0\n|t:|1697994291\n|gametype|singles\n|player|p1|Halil66|brock|1154\n|player|p2|EmpereurZer0|colress|1245\n|teamsize|p1|6\n|teamsize|p2|6\n|gen|9\n|tier|[Gen 9] Ubers\n|rated|\n|rule|Sleep Clause Mod: Limit one foe put to sleep\n|rule|Species Clause: Limit one of each Pok\u00e9mon\n|rule|OHKO Clause: OHKO moves are banned\n|rule|Evasion Items Clause: Evasion items are banned\n|rule|Evasion Moves Clause: Evasion moves are banned\n|rule|Endless Battle Clause: Forcing endless battles is banned\n|rule|HP Percentage Mod: HP is shown in percentages\n|clearpoke\n|poke|p1|Ursaluna-Bloodmoon, M|\n|poke|p1|Magearna|\n|poke|p1|Mewtwo|\n|poke|p1|Rayquaza|\n|poke|p1|Groudon|\n|poke|p1|Giratina-Origin|\n|poke|p2|Flutter Mane|\n|poke|p2|Iron Bundle|\n|poke|p2|Koraidon|\n|poke|p2|Miraidon|\n|poke|p2|Zacian-*|\n|poke|p2|Ribombee, F|\n|teampreview\n|inactive|Battle timer is ON: inactive players will automatically lose when time's up. (requested by Halil66)\n|\n|t:|1697994320\n|start\n|switch|p1a: Ursaluna|Ursaluna-Bloodmoon, M|100\/100\n|switch|p2a: BeMoreSpeed|Ribombee, F|100\/100\n|turn|1\n|\n|t:|1697994348\n|move|p2a: BeMoreSpeed|Stun Spore|p1a: Ursaluna\n|-status|p1a: Ursaluna|par\n|cant|p1a: Ursaluna|par\n|\n|upkeep\n|turn|2\n|\n|t:|1697994354\n|move|p2a: BeMoreSpeed|Sticky Web|p1a: Ursaluna\n|-sidestart|p1: Halil66|move: Sticky Web\n|move|p1a: Ursaluna|Blood Moon|p2a: BeMoreSpeed\n|-enditem|p2a: BeMoreSpeed|Focus Sash\n|-damage|p2a: BeMoreSpeed|1\/100\n|\n|upkeep\n|turn|3\n|\n|t:|1697994371\n|switch|p2a: RetourVersLeFutur|Miraidon|100\/100\n|-fieldstart|move: Electric Terrain|[from] ability: Hadron Engine|[of] p2a: RetourVersLeFutur\n|move|p1a: Ursaluna|Vacuum Wave|p2a: RetourVersLeFutur\n|-damage|p2a: RetourVersLeFutur|86\/100\n|\n|upkeep\n|turn|4\n|\n|t:|1697994388\n|move|p2a: RetourVersLeFutur|U-turn|p1a: Ursaluna\n|-damage|p1a: Ursaluna|91\/100 par\n|\n|t:|1697994395\n|switch|p2a: HAPPY?|Iron Bundle|100\/100|[from] U-turn\n|-activate|p2a: HAPPY?|ability: Quark Drive\n|-start|p2a: HAPPY?|quarkdrivespe\n|move|p1a: Ursaluna|Moonblast|p2a: HAPPY?\n|-damage|p2a: HAPPY?|25\/100\n|\n|upkeep\n|turn|5\n|\n|t:|1697994405\n|move|p1a: Ursaluna|Vacuum Wave|p2a: HAPPY?\n|-supereffective|p2a: HAPPY?\n|-damage|p2a: HAPPY?|0 fnt\n|faint|p2a: HAPPY?\n|-end|p2a: HAPPY?|Quark Drive|[silent]\n|\n|upkeep\n|\n|t:|1697994415\n|switch|p2a: Bark3|Zacian-Crowned|100\/100\n|-ability|p2a: Bark3|Intrepid Sword|boost\n|-boost|p2a: Bark3|atk|1\n|turn|6\n|\n|t:|1697994427\n|-terastallize|p2a: Bark3|Flying\n|move|p2a: Bark3|Swords Dance|p2a: Bark3\n|-boost|p2a: Bark3|atk|2\n|cant|p1a: Ursaluna|par\n|\n|upkeep\n|turn|7\n|\n|t:|1697994437\n|move|p2a: Bark3|Trailblaze|p1a: Ursaluna\n|-supereffective|p1a: Ursaluna\n|-damage|p1a: Ursaluna|30\/100 par\n|-boost|p2a: Bark3|spe|1\n|move|p1a: Ursaluna|Blood Moon|p2a: Bark3\n|-damage|p2a: Bark3|17\/100\n|\n|-fieldend|move: Electric Terrain\n|upkeep\n|turn|8\n|\n|t:|1697994450\n|move|p1a: Ursaluna|Vacuum Wave|p2a: Bark3\n|-resisted|p2a: Bark3\n|-damage|p2a: Bark3|10\/100\n|move|p2a: Bark3|Trailblaze|p1a: Ursaluna\n|-supereffective|p1a: Ursaluna\n|-damage|p1a: Ursaluna|0 fnt\n|-boost|p2a: Bark3|spe|1\n|faint|p1a: Ursaluna\n|\n|upkeep\n|\n|t:|1697994472\n|switch|p1a: Giratina|Giratina-Origin|100\/100\n|turn|9\n|\n|t:|1697994480\n|move|p1a: Giratina|Shadow Sneak|p2a: Bark3\n|-damage|p2a: Bark3|0 fnt\n|faint|p2a: Bark3\n|\n|upkeep\n|\n|t:|1697994482\n|switch|p2a: RetourVersLePass\u00e9|Koraidon|100\/100\n|-weather|SunnyDay|[from] ability: Orichalcum Pulse|[of] p2a: RetourVersLePass\u00e9\n|-activate|p2a: RetourVersLePass\u00e9|Orichalcum Pulse|[source]\n|turn|10\n|\n|t:|1697994500\n|move|p2a: RetourVersLePass\u00e9|Swords Dance|p2a: RetourVersLePass\u00e9\n|-boost|p2a: RetourVersLePass\u00e9|atk|2\n|move|p1a: Giratina|Outrage|p2a: RetourVersLePass\u00e9\n|-supereffective|p2a: RetourVersLePass\u00e9\n|-damage|p2a: RetourVersLePass\u00e9|0 fnt\n|faint|p2a: RetourVersLePass\u00e9\n|\n|-weather|SunnyDay|[upkeep]\n|upkeep\n|\n|t:|1697994505\n|switch|p2a: Montoya|Flutter Mane|100\/100\n|-activate|p2a: Montoya|ability: Protosynthesis\n|-start|p2a: Montoya|protosynthesisspe\n|turn|11\n|\n|t:|1697994515\n|move|p2a: Montoya|Calm Mind|p2a: Montoya\n|-boost|p2a: Montoya|spa|1\n|-boost|p2a: Montoya|spd|1\n|move|p1a: Giratina|Outrage|p2a: Montoya|[from]lockedmove\n|-immune|p2a: Montoya\n|\n|-weather|SunnyDay|[upkeep]\n|upkeep\n|turn|12\n|\n|t:|1697994530\n|move|p1a: Giratina|Shadow Sneak|p2a: Montoya\n|-supereffective|p2a: Montoya\n|-damage|p2a: Montoya|0 fnt\n|faint|p2a: Montoya\n|-end|p2a: Montoya|Protosynthesis|[silent]\n|\n|-weather|SunnyDay|[upkeep]\n|upkeep\n|-message|EmpereurZer0 forfeited.\n|\n|win|Halil66\n|raw|Halil66's rating: 1154 &rarr; <strong>1185<\/strong><br \/>(+31 for winning)\n|raw|EmpereurZer0's rating: 1245 &rarr; <strong>1214<\/strong><br \/>(-31 for losing)\n|l|\u2606EmpereurZer0\n","uploadtime":1697994544,"views":9,"p1id":"halil66","p2id":"empereurzer0","formatid":"gen9ubers","rating":1185,"private":0,"password":""}