{"id":"gen9ubers-1985783601","p1":"Pickedman","p2":"Dragon Master Rosa","format":"[Gen 9] Ubers","log":"|j|\u2606Pickedman\n|j|\u2606Dragon Master Rosa\n|t:|1699405705\n|gametype|singles\n|player|p1|Pickedman|zinnia|\n|player|p2|Dragon Master Rosa|dragontamer-gen9|\n|teamsize|p1|6\n|teamsize|p2|6\n|gen|9\n|tier|[Gen 9] Ubers\n|rule|Sleep Clause Mod: Limit one foe put to sleep\n|rule|Species Clause: Limit one of each Pok\u00e9mon\n|rule|OHKO Clause: OHKO moves are banned\n|rule|Evasion Items Clause: Evasion items are banned\n|rule|Evasion Moves Clause: Evasion moves are banned\n|rule|Endless Battle Clause: Forcing endless battles is banned\n|rule|HP Percentage Mod: HP is shown in percentages\n|clearpoke\n|poke|p1|Palafin, M|\n|poke|p1|Grimmsnarl, M|\n|poke|p1|Dondozo, M|\n|poke|p1|Ogerpon, F|\n|poke|p1|Gliscor, M|\n|poke|p1|Garchomp, F|\n|poke|p2|Palafin, F|\n|poke|p2|Iron Valiant|\n|poke|p2|Ogerpon-Cornerstone, F|\n|poke|p2|Gliscor, M|\n|poke|p2|Roaring Moon|\n|poke|p2|Tatsugiri, M|\n|teampreview\n|\n|t:|1699405720\n|start\n|switch|p1a: Palafin|Palafin, M|100\/100\n|switch|p2a: Palafin|Palafin, F|100\/100\n|turn|1\n|\n|t:|1699405743\n|detailschange|p2a: Palafin|Palafin-Hero, F\n|switch|p2a: Gliscor|Gliscor, M|100\/100\n|detailschange|p1a: Palafin|Palafin-Hero, M\n|switch|p1a: Grimmsnarl|Grimmsnarl, M|100\/100\n|\n|-status|p2a: Gliscor|tox|[from] item: Toxic Orb\n|upkeep\n|turn|2\n|\n|t:|1699405747\n|move|p1a: Grimmsnarl|Taunt|p2a: Gliscor\n|-start|p2a: Gliscor|move: Taunt\n|cant|p2a: Gliscor|move: Taunt|Spikes\n|\n|upkeep\n|turn|3\n|\n|t:|1699405752\n|move|p1a: Grimmsnarl|Reflect|p1a: Grimmsnarl\n|-sidestart|p1: Pickedman|Reflect\n|move|p2a: Gliscor|U-turn|p1a: Grimmsnarl\n|-damage|p1a: Grimmsnarl|88\/100\n|\n|t:|1699405767\n|switch|p2a: Ogerpon|Ogerpon-Cornerstone, F|100\/100|[from] U-turn\n|\n|upkeep\n|turn|4\n|\n|t:|1699405774\n|move|p1a: Grimmsnarl|Taunt|p2a: Ogerpon\n|-start|p2a: Ogerpon|move: Taunt\n|move|p2a: Ogerpon|Knock Off|p1a: Grimmsnarl\n|-resisted|p1a: Grimmsnarl\n|-damage|p1a: Grimmsnarl|83\/100\n|-enditem|p1a: Grimmsnarl|Light Clay|[from] move: Knock Off|[of] p2a: Ogerpon\n|\n|upkeep\n|turn|5\n|\n|t:|1699405778\n|move|p1a: Grimmsnarl|Parting Shot|p2a: Ogerpon\n|-unboost|p2a: Ogerpon|atk|1\n|-unboost|p2a: Ogerpon|spa|1\n|\n|t:|1699405788\n|switch|p1a: Palafin|Palafin-Hero, M|100\/100|[from] Parting Shot\n|-activate|p1a: Palafin|ability: Zero to Hero\n|move|p2a: Ogerpon|Ivy Cudgel|p1a: Palafin\n|-damage|p1a: Palafin|84\/100\n|\n|-heal|p1a: Palafin|90\/100|[from] item: Leftovers\n|upkeep\n|turn|6\n|\n|t:|1699405804\n|switch|p2a: Tatsugiri|Tatsugiri, M|100\/100\n|-terastallize|p1a: Palafin|Steel\n|move|p1a: Palafin|Substitute|p1a: Palafin\n|-start|p1a: Palafin|Substitute\n|-damage|p1a: Palafin|65\/100\n|\n|-heal|p1a: Palafin|72\/100|[from] item: Leftovers\n|upkeep\n|turn|7\n|\n|t:|1699405811\n|switch|p1a: Ms Jackson|Ogerpon, F|100\/100\n|move|p2a: Tatsugiri|Hydro Pump|p1a: Ms Jackson\n|-resisted|p1a: Ms Jackson\n|-damage|p1a: Ms Jackson|58\/100\n|-damage|p2a: Tatsugiri|91\/100|[from] item: Life Orb\n|\n|upkeep\n|turn|8\n|\n|t:|1699405835\n|switch|p2a: Gliscor|Gliscor, M|100\/100 tox\n|move|p1a: Ms Jackson|Play Rough|p2a: Gliscor\n|-damage|p2a: Gliscor|67\/100 tox\n|\n|-heal|p2a: Gliscor|79\/100 tox|[from] ability: Poison Heal\n|upkeep\n|turn|9\n|\n|t:|1699405867\n|switch|p1a: Gliscor|Gliscor, M|100\/100\n|move|p2a: Gliscor|U-turn|p1a: Gliscor\n|-resisted|p1a: Gliscor\n|-damage|p1a: Gliscor|97\/100\n|\n|t:|1699405871\n|switch|p2a: Palafin|Palafin-Hero, F|100\/100|[from] U-turn\n|-activate|p2a: Palafin|ability: Zero to Hero\n|\n|-status|p1a: Gliscor|tox|[from] item: Toxic Orb\n|upkeep\n|turn|10\n|\n|t:|1699405888\n|move|p1a: Gliscor|Protect|p1a: Gliscor\n|-singleturn|p1a: Gliscor|Protect\n|move|p2a: Palafin|Hydro Pump|p1a: Gliscor\n|-activate|p1a: Gliscor|move: Protect\n|\n|-heal|p1a: Gliscor|100\/100 tox|[from] ability: Poison Heal\n|-sideend|p1: Pickedman|Reflect\n|upkeep\n|turn|11\n|\n|t:|1699405895\n|switch|p1a: Dondozo|Dondozo, M|100\/100\n|move|p2a: Palafin|Hydro Pump|p1a: Dondozo\n|-resisted|p1a: Dondozo\n|-damage|p1a: Dondozo|64\/100\n|\n|upkeep\n|turn|12\n|\n|t:|1699405911\n|switch|p2a: Iron Valiant|Iron Valiant|100\/100\n|-enditem|p2a: Iron Valiant|Booster Energy\n|-activate|p2a: Iron Valiant|ability: Quark Drive|[fromitem]\n|-start|p2a: Iron Valiant|quarkdrivespe\n|switch|p1a: Grimmsnarl|Grimmsnarl, M|83\/100\n|\n|upkeep\n|turn|13\n|\n|t:|1699405917\n|move|p1a: Grimmsnarl|Light Screen|p1a: Grimmsnarl\n|-sidestart|p1: Pickedman|move: Light Screen\n|move|p2a: Iron Valiant|Moonblast|p1a: Grimmsnarl\n|-supereffective|p1a: Grimmsnarl\n|-damage|p1a: Grimmsnarl|46\/100\n|\n|upkeep\n|turn|14\n|\n|t:|1699405920\n|move|p1a: Grimmsnarl|Reflect|p1a: Grimmsnarl\n|-sidestart|p1: Pickedman|Reflect\n|move|p2a: Iron Valiant|Moonblast|p1a: Grimmsnarl\n|-supereffective|p1a: Grimmsnarl\n|-damage|p1a: Grimmsnarl|8\/100\n|\n|upkeep\n|turn|15\n|\n|t:|1699405924\n|move|p1a: Grimmsnarl|Taunt|p2a: Iron Valiant\n|-start|p2a: Iron Valiant|move: Taunt\n|cant|p2a: Iron Valiant|move: Taunt|Calm Mind\n|\n|upkeep\n|turn|16\n|\n|t:|1699405930\n|move|p1a: Grimmsnarl|Parting Shot|p2a: Iron Valiant\n|-unboost|p2a: Iron Valiant|atk|1\n|-unboost|p2a: Iron Valiant|spa|1\n|\n|t:|1699405936\n|switch|p1a: Palafin|Palafin-Hero, M, tera:Steel|72\/100|[from] Parting Shot\n|move|p2a: Iron Valiant|Moonblast|p1a: Palafin\n|-resisted|p1a: Palafin\n|-damage|p1a: Palafin|66\/100\n|\n|-heal|p1a: Palafin|73\/100|[from] item: Leftovers\n|upkeep\n|turn|17\n|\n|t:|1699405940\n|switch|p1a: Garchomp|Garchomp, F|100\/100\n|move|p2a: Iron Valiant|Aura Sphere|p1a: Garchomp\n|-damage|p1a: Garchomp|87\/100\n|\n|-end|p2a: Iron Valiant|move: Taunt\n|-sideend|p1: Pickedman|move: Light Screen\n|upkeep\n|turn|18\n|\n|t:|1699405953\n|move|p2a: Iron Valiant|Calm Mind|p2a: Iron Valiant\n|-boost|p2a: Iron Valiant|spa|1\n|-boost|p2a: Iron Valiant|spd|1\n|move|p1a: Garchomp|Earthquake|p2a: Iron Valiant\n|-damage|p2a: Iron Valiant|38\/100\n|\n|-sideend|p1: Pickedman|Reflect\n|upkeep\n|turn|19\n|\n|t:|1699405960\n|switch|p1a: Gliscor|Gliscor, M|100\/100 tox\n|move|p2a: Iron Valiant|Moonblast|p1a: Gliscor\n|-damage|p1a: Gliscor|61\/100 tox\n|\n|-heal|p1a: Gliscor|74\/100 tox|[from] ability: Poison Heal\n|upkeep\n|turn|20\n|\n|t:|1699405969\n|move|p2a: Iron Valiant|Moonblast|p1a: Gliscor\n|-damage|p1a: Gliscor|33\/100 tox\n|-unboost|p1a: Gliscor|spa|1\n|move|p1a: Gliscor|U-turn|p2a: Iron Valiant\n|-resisted|p2a: Iron Valiant\n|-damage|p2a: Iron Valiant|33\/100\n|\n|t:|1699405972\n|switch|p1a: Grimmsnarl|Grimmsnarl, M|8\/100|[from] U-turn\n|\n|upkeep\n|turn|21\n|\n|t:|1699405975\n|move|p1a: Grimmsnarl|Light Screen|p1a: Grimmsnarl\n|-sidestart|p1: Pickedman|move: Light Screen\n|move|p2a: Iron Valiant|Moonblast|p1a: Grimmsnarl\n|-supereffective|p1a: Grimmsnarl\n|-damage|p1a: Grimmsnarl|0 fnt\n|faint|p1a: Grimmsnarl\n|\n|upkeep\n|\n|t:|1699405982\n|switch|p1a: Garchomp|Garchomp, F|87\/100\n|turn|22\n|\n|t:|1699405987\n|move|p2a: Iron Valiant|Moonblast|p1a: Garchomp\n|-supereffective|p1a: Garchomp\n|-damage|p1a: Garchomp|38\/100\n|move|p1a: Garchomp|Earthquake|p2a: Iron Valiant\n|-damage|p2a: Iron Valiant|0 fnt\n|faint|p2a: Iron Valiant\n|-end|p2a: Iron Valiant|Quark Drive|[silent]\n|\n|upkeep\n|\n|t:|1699405997\n|switch|p2a: Gliscor|Gliscor, M|79\/100 tox\n|turn|23\n|\n|t:|1699406001\n|move|p1a: Garchomp|Swords Dance|p1a: Garchomp\n|-boost|p1a: Garchomp|atk|2\n|move|p2a: Gliscor|Earthquake|p1a: Garchomp\n|-damage|p1a: Garchomp|0 fnt\n|faint|p1a: Garchomp\n|\n|-heal|p2a: Gliscor|92\/100 tox|[from] ability: Poison Heal\n|upkeep\n|\n|t:|1699406008\n|switch|p1a: Dondozo|Dondozo, M|64\/100\n|turn|24\n|\n|t:|1699406013\n|move|p2a: Gliscor|U-turn|p1a: Dondozo\n|-damage|p1a: Dondozo|54\/100\n|\n|t:|1699406018\n|switch|p2a: Palafin|Palafin-Hero, F|100\/100|[from] U-turn\n|move|p1a: Dondozo|Liquidation|p2a: Palafin\n|-resisted|p2a: Palafin\n|-damage|p2a: Palafin|84\/100\n|\n|upkeep\n|turn|25\n|\n|t:|1699406044\n|switch|p2a: Tatsugiri|Tatsugiri, M|91\/100\n|move|p1a: Dondozo|Body Press|p2a: Tatsugiri\n|-damage|p2a: Tatsugiri|36\/100\n|\n|-sideend|p1: Pickedman|move: Light Screen\n|upkeep\n|turn|26\n|\n|t:|1699406050\n|move|p2a: Tatsugiri|Draco Meteor|p1a: Dondozo\n|-damage|p1a: Dondozo|0 fnt\n|-unboost|p2a: Tatsugiri|spa|2\n|faint|p1a: Dondozo\n|-damage|p2a: Tatsugiri|26\/100|[from] item: Life Orb\n|\n|upkeep\n|\n|t:|1699406057\n|switch|p1a: Ms Jackson|Ogerpon, F|58\/100\n|turn|27\n|\n|t:|1699406064\n|move|p1a: Ms Jackson|Ivy Cudgel|p2a: Tatsugiri\n|-damage|p2a: Tatsugiri|0 fnt\n|faint|p2a: Tatsugiri\n|\n|upkeep\n|\n|t:|1699406072\n|switch|p2a: Roaring Moon|Roaring Moon|100\/100\n|-enditem|p2a: Roaring Moon|Booster Energy\n|-activate|p2a: Roaring Moon|ability: Protosynthesis|[fromitem]\n|-start|p2a: Roaring Moon|protosynthesisatk\n|turn|28\n|\n|t:|1699406077\n|switch|p1a: Gliscor|Gliscor, M|33\/100 tox\n|move|p2a: Roaring Moon|Acrobatics|p1a: Gliscor\n|-damage|p1a: Gliscor|0 fnt\n|faint|p1a: Gliscor\n|\n|upkeep\n|c|\u2606Dragon Master Rosa|omg\n|\n|t:|1699406084\n|switch|p1a: Palafin|Palafin-Hero, M, tera:Steel|73\/100\n|turn|29\n|\n|t:|1699406100\n|move|p2a: Roaring Moon|Earthquake|p1a: Palafin\n|-supereffective|p1a: Palafin\n|-damage|p1a: Palafin|0 fnt\n|faint|p1a: Palafin\n|\n|upkeep\n|c|\u2606Pickedman|gg\n|\n|t:|1699406105\n|switch|p1a: Ms Jackson|Ogerpon, F|58\/100\n|turn|30\n|c|\u2606Dragon Master Rosa|gg\n|\n|t:|1699406112\n|-terastallize|p2a: Roaring Moon|Flying\n|move|p1a: Ms Jackson|Play Rough|p2a: Roaring Moon\n|-damage|p2a: Roaring Moon|62\/100\n|move|p2a: Roaring Moon|Acrobatics|p1a: Ms Jackson\n|-supereffective|p1a: Ms Jackson\n|-damage|p1a: Ms Jackson|0 fnt\n|faint|p1a: Ms Jackson\n|\n|win|Dragon Master Rosa\n|l|\u2606Dragon Master Rosa\n","uploadtime":1699406118,"views":9,"p1id":"pickedman","p2id":"dragonmasterrosa","formatid":"gen9ubers","rating":0,"private":0,"password":""}