{"id":"gen9ubers-1980670419","p1":"cax(green)","p2":"RektCactus","format":"[Gen 9] Ubers","log":"|j|\u2606cax(green)\n|j|\u2606RektCactus\n|t:|1698810528\n|gametype|singles\n|player|p1|cax(green)|101|1000\n|player|p2|RektCactus|265|1179\n|teamsize|p1|6\n|teamsize|p2|6\n|gen|9\n|tier|[Gen 9] Ubers\n|rated|\n|rule|Sleep Clause Mod: Limit one foe put to sleep\n|rule|Species Clause: Limit one of each Pok\u00e9mon\n|rule|OHKO Clause: OHKO moves are banned\n|rule|Evasion Items Clause: Evasion items are banned\n|rule|Evasion Moves Clause: Evasion moves are banned\n|rule|Endless Battle Clause: Forcing endless battles is banned\n|rule|HP Percentage Mod: HP is shown in percentages\n|clearpoke\n|poke|p1|Tyranitar, F|\n|poke|p1|Gengar, M|\n|poke|p1|Corviknight, F|\n|poke|p1|Charizard, M|\n|poke|p1|Greninja-*, M|\n|poke|p1|Iron Valiant|\n|poke|p2|Ogerpon-Hearthflame, F|\n|poke|p2|Sneasler, F|\n|poke|p2|Urshifu-*, M|\n|poke|p2|Landorus-Therian, M|\n|poke|p2|Glimmora, M|\n|poke|p2|Heatran, F|\n|teampreview\n|\n|t:|1698810542\n|start\n|switch|p1a: Greninja|Greninja, M|100\/100\n|switch|p2a: Heatran|Heatran, F|100\/100\n|turn|1\n|\n|t:|1698810562\n|-terastallize|p1a: Greninja|Water\n|-terastallize|p2a: Heatran|Grass\n|move|p1a: Greninja|Surf|p2a: Heatran\n|-resisted|p2a: Heatran\n|-damage|p2a: Heatran|87\/100\n|move|p2a: Heatran|Magma Storm|p1a: Greninja\n|-resisted|p1a: Greninja\n|-damage|p1a: Greninja|70\/100\n|-activate|p1a: Greninja|move: Magma Storm|[of] p2a: Heatran\n|\n|-heal|p2a: Heatran|93\/100|[from] item: Leftovers\n|-damage|p1a: Greninja|57\/100|[from] move: Magma Storm|[partiallytrapped]\n|upkeep\n|turn|2\n|\n|t:|1698810576\n|move|p1a: Greninja|Water Shuriken|p2a: Heatran\n|-resisted|p2a: Heatran\n|-damage|p2a: Heatran|90\/100\n|-resisted|p2a: Heatran\n|-damage|p2a: Heatran|88\/100\n|-hitcount|p2a: Heatran|2\n|move|p2a: Heatran|Taunt|p1a: Greninja\n|-start|p1a: Greninja|move: Taunt\n|\n|-heal|p2a: Heatran|94\/100|[from] item: Leftovers\n|-damage|p1a: Greninja|45\/100|[from] move: Magma Storm|[partiallytrapped]\n|upkeep\n|turn|3\n|\n|t:|1698810589\n|move|p1a: Greninja|Gunk Shot|p2a: Heatran\n|-supereffective|p2a: Heatran\n|-damage|p2a: Heatran|47\/100\n|move|p2a: Heatran|Stealth Rock|p1a: Greninja\n|-sidestart|p1: cax(green)|move: Stealth Rock\n|\n|-heal|p2a: Heatran|53\/100|[from] item: Leftovers\n|-damage|p1a: Greninja|32\/100|[from] move: Magma Storm|[partiallytrapped]\n|upkeep\n|turn|4\n|\n|t:|1698810597\n|move|p1a: Greninja|Gunk Shot|p2a: Heatran|[miss]\n|-miss|p1a: Greninja|p2a: Heatran\n|move|p2a: Heatran|Earth Power|p1a: Greninja\n|-damage|p1a: Greninja|0 fnt\n|faint|p1a: Greninja\n|\n|-heal|p2a: Heatran|60\/100|[from] item: Leftovers\n|upkeep\n|\n|t:|1698810606\n|switch|p1a: Charizard|Charizard, M|100\/100\n|-damage|p1a: Charizard|50\/100|[from] Stealth Rock\n|turn|5\n|\n|t:|1698810621\n|move|p1a: Charizard|Flare Blitz|p2a: Heatran\n|-start|p2a: Heatran|ability: Flash Fire\n|move|p2a: Heatran|Magma Storm|p1a: Charizard\n|-resisted|p1a: Charizard\n|-damage|p1a: Charizard|11\/100\n|-activate|p1a: Charizard|move: Magma Storm|[of] p2a: Heatran\n|-enditem|p1a: Charizard|Iapapa Berry|[eat]\n|-heal|p1a: Charizard|45\/100|[from] item: Iapapa Berry\n|\n|-heal|p2a: Heatran|66\/100|[from] item: Leftovers\n|-damage|p1a: Charizard|32\/100|[from] move: Magma Storm|[partiallytrapped]\n|upkeep\n|turn|6\n|\n|t:|1698810638\n|move|p1a: Charizard|Flare Blitz|p2a: Heatran\n|-immune|p2a: Heatran|[from] ability: Flash Fire\n|move|p2a: Heatran|Magma Storm|p1a: Charizard\n|-resisted|p1a: Charizard\n|-damage|p1a: Charizard|0 fnt\n|faint|p1a: Charizard\n|\n|-heal|p2a: Heatran|72\/100|[from] item: Leftovers\n|upkeep\n|\n|t:|1698810649\n|switch|p1a: Gengar|Gengar, M|100\/100\n|-damage|p1a: Gengar|88\/100|[from] Stealth Rock\n|turn|7\n|\n|t:|1698810663\n|move|p1a: Gengar|Foul Play|p2a: Heatran\n|-damage|p2a: Heatran|58\/100\n|move|p2a: Heatran|Magma Storm|p1a: Gengar\n|-damage|p1a: Gengar|3\/100\n|-activate|p1a: Gengar|move: Magma Storm|[of] p2a: Heatran\n|-enditem|p1a: Gengar|Iapapa Berry|[eat]\n|-heal|p1a: Gengar|36\/100|[from] item: Iapapa Berry\n|\n|-heal|p2a: Heatran|64\/100|[from] item: Leftovers\n|-damage|p1a: Gengar|24\/100|[from] move: Magma Storm|[partiallytrapped]\n|upkeep\n|turn|8\n|\n|t:|1698810678\n|-singleturn|p1a: Gengar|move: Focus Punch\n|move|p2a: Heatran|Earth Power|p1a: Gengar\n|-supereffective|p1a: Gengar\n|-crit|p1a: Gengar\n|-damage|p1a: Gengar|0 fnt\n|-start|p2a: Heatran|Disable|Earth Power|[from] ability: Cursed Body|[of] p1a: Gengar\n|faint|p1a: Gengar\n|\n|-heal|p2a: Heatran|70\/100|[from] item: Leftovers\n|upkeep\n|\n|t:|1698810688\n|switch|p1a: Iron Valiant|Iron Valiant|100\/100\n|-damage|p1a: Iron Valiant|94\/100|[from] Stealth Rock\n|turn|9\n|\n|t:|1698810698\n|move|p1a: Iron Valiant|Future Sight|p2a: Heatran\n|-start|p1a: Iron Valiant|move: Future Sight\n|move|p2a: Heatran|Magma Storm|p1a: Iron Valiant|[miss]\n|-miss|p2a: Heatran|p1a: Iron Valiant\n|\n|-heal|p2a: Heatran|77\/100|[from] item: Leftovers\n|upkeep\n|turn|10\n|\n|t:|1698810708\n|move|p1a: Iron Valiant|Moonblast|p2a: Heatran\n|-damage|p2a: Heatran|48\/100\n|move|p2a: Heatran|Magma Storm|p1a: Iron Valiant\n|-damage|p1a: Iron Valiant|0 fnt\n|faint|p1a: Iron Valiant\n|-end|p1a: Iron Valiant|Quark Drive|[silent]\n|\n|-heal|p2a: Heatran|55\/100|[from] item: Leftovers\n|upkeep\n|\n|t:|1698810716\n|switch|p1a: Corviknight|Corviknight, F|100\/100\n|-damage|p1a: Corviknight|88\/100|[from] Stealth Rock\n|-ability|p1a: Corviknight|Pressure\n|turn|11\n|\n|t:|1698810723\n|move|p2a: Heatran|Magma Storm|p1a: Corviknight\n|-supereffective|p1a: Corviknight\n|-damage|p1a: Corviknight|0 fnt\n|faint|p1a: Corviknight\n|\n|-end|p2a: Heatran|move: Future Sight\n|-damage|p2a: Heatran|31\/100\n|-heal|p2a: Heatran|38\/100|[from] item: Leftovers\n|-end|p2a: Heatran|Disable\n|upkeep\n|\n|t:|1698810732\n|switch|p1a: Tyranitar|Tyranitar, F|100\/100\n|-damage|p1a: Tyranitar|88\/100|[from] Stealth Rock\n|-weather|Sandstorm|[from] ability: Sand Stream|[of] p1a: Tyranitar\n|turn|12\n|\n|t:|1698810741\n|move|p2a: Heatran|Earth Power|p1a: Tyranitar\n|-supereffective|p1a: Tyranitar\n|-damage|p1a: Tyranitar|55\/100\n|move|p1a: Tyranitar|Outrage|p2a: Heatran\n|-damage|p2a: Heatran|5\/100\n|\n|-weather|Sandstorm|[upkeep]\n|-damage|p2a: Heatran|0 fnt|[from] Sandstorm\n|faint|p2a: Heatran\n|upkeep\n|\n|t:|1698810759\n|switch|p2a: Urshifu|Urshifu, M|100\/100\n|turn|13\n|\n|t:|1698810766\n|move|p2a: Urshifu|Close Combat|p1a: Tyranitar\n|-supereffective|p1a: Tyranitar\n|-damage|p1a: Tyranitar|0 fnt\n|-unboost|p2a: Urshifu|def|1\n|-unboost|p2a: Urshifu|spd|1\n|faint|p1a: Tyranitar\n|\n|win|RektCactus\n|raw|cax(green)'s rating: 1000 &rarr; <strong>1000<\/strong><br \/>(+0 for losing)\n|raw|RektCactus's rating: 1179 &rarr; <strong>1192<\/strong><br \/>(+13 for winning)\n|l|\u2606cax(green)\n","uploadtime":1698810776,"views":13,"p1id":"caxgreen","p2id":"rektcactus","formatid":"gen9ubers","rating":1000,"private":0,"password":""}