{"id":"gen9ubers-1991064519","p1":"Seulambre","p2":"mimitox","format":"[Gen 9] Ubers","log":"|j|\u2606Seulambre\n|j|\u2606mimitox\n|t:|1700037134\n|gametype|singles\n|player|p1|Seulambre|pokemonbreederf-gen4|\n|player|p2|mimitox|hilbert|\n|teamsize|p1|6\n|teamsize|p2|6\n|gen|9\n|tier|[Gen 9] Ubers\n|rule|Sleep Clause Mod: Limit one foe put to sleep\n|rule|Species Clause: Limit one of each Pok\u00e9mon\n|rule|OHKO Clause: OHKO moves are banned\n|rule|Evasion Items Clause: Evasion items are banned\n|rule|Evasion Moves Clause: Evasion moves are banned\n|rule|Endless Battle Clause: Forcing endless battles is banned\n|rule|HP Percentage Mod: HP is shown in percentages\n|clearpoke\n|poke|p1|Landorus, M|\n|poke|p1|Cyclizar, M|\n|poke|p1|Magearna|\n|poke|p1|Iron Moth|\n|poke|p1|Gliscor, M|\n|poke|p1|Meowscarada, M|\n|poke|p2|Chi-Yu|\n|poke|p2|Palafin, F|\n|poke|p2|Zamazenta-*|\n|poke|p2|Arceus-Poison|\n|poke|p2|Dialga|\n|poke|p2|Shaymin-Sky|\n|teampreview\n|\n|t:|1700037151\n|start\n|switch|p1a: Magearna|Magearna|100\/100\n|switch|p2a: Zamazenta|Zamazenta-Crowned|100\/100\n|-ability|p2a: Zamazenta|Dauntless Shield|boost\n|-boost|p2a: Zamazenta|def|1\n|turn|1\n|\n|t:|1700037169\n|switch|p1a: Gliscor|Gliscor, M|100\/100\n|move|p2a: Zamazenta|Iron Defense|p2a: Zamazenta\n|-boost|p2a: Zamazenta|def|2\n|\n|-status|p1a: Gliscor|tox|[from] item: Toxic Orb\n|upkeep\n|turn|2\n|\n|t:|1700037184\n|move|p2a: Zamazenta|Iron Defense|p2a: Zamazenta\n|-boost|p2a: Zamazenta|def|2\n|move|p1a: Gliscor|Knock Off|p2a: Zamazenta\n|-resisted|p2a: Zamazenta\n|-damage|p2a: Zamazenta|99\/100\n|\n|upkeep\n|turn|3\n|\n|t:|1700037207\n|switch|p2a: Chi-Yu|Chi-Yu|100\/100\n|-ability|p2a: Chi-Yu|Beads of Ruin\n|switch|p1a: Landorus|Landorus, M|100\/100\n|\n|upkeep\n|turn|4\n|\n|t:|1700037245\n|move|p1a: Landorus|Earth Power|p2a: Chi-Yu\n|-supereffective|p2a: Chi-Yu\n|-crit|p2a: Chi-Yu\n|-damage|p2a: Chi-Yu|0 fnt\n|faint|p2a: Chi-Yu\n|\n|upkeep\n|\n|t:|1700037251\n|switch|p2a: Palafin|Palafin, F|100\/100\n|turn|5\n|\n|t:|1700037266\n|move|p2a: Palafin|Flip Turn|p1a: Landorus\n|-supereffective|p1a: Landorus\n|-damage|p1a: Landorus|55\/100\n|\n|t:|1700037276\n|detailschange|p2a: Palafin|Palafin-Hero, F\n|switch|p2a: Shaymin|Shaymin-Sky|100\/100|[from] Flip Turn\n|move|p1a: Landorus|Earth Power|p2a: Shaymin\n|-immune|p2a: Shaymin\n|\n|-heal|p1a: Landorus|61\/100|[from] item: Leftovers\n|upkeep\n|turn|6\n|\n|t:|1700037287\n|move|p2a: Shaymin|Seed Flare|p1a: Landorus\n|-damage|p1a: Landorus|0 fnt\n|faint|p1a: Landorus\n|-damage|p2a: Shaymin|91\/100|[from] item: Life Orb\n|\n|upkeep\n|\n|t:|1700037294\n|switch|p1a: Gliscor|Gliscor, M|100\/100 tox\n|turn|7\n|\n|t:|1700037307\n|switch|p2a: Zamazenta|Zamazenta-Crowned|99\/100\n|switch|p1a: Meowscarada|Meowscarada, M|100\/100\n|\n|upkeep\n|turn|8\n|\n|t:|1700037319\n|switch|p1a: Iron Moth|Iron Moth|100\/100\n|switch|p2a: Shaymin|Shaymin-Sky|91\/100\n|\n|upkeep\n|turn|9\n|\n|t:|1700037330\n|move|p1a: Iron Moth|Fiery Dance|p2a: Shaymin\n|-supereffective|p2a: Shaymin\n|-damage|p2a: Shaymin|0 fnt\n|-boost|p1a: Iron Moth|spa|1\n|faint|p2a: Shaymin\n|\n|upkeep\n|\n|t:|1700037334\n|switch|p2a: Palafin|Palafin-Hero, F|100\/100\n|-activate|p2a: Palafin|ability: Zero to Hero\n|turn|10\n|\n|t:|1700037345\n|-end|p1a: Iron Moth|Quark Drive|[silent]\n|switch|p1a: Magearna|Magearna|100\/100\n|move|p2a: Palafin|Jet Punch|p1a: Magearna\n|-damage|p1a: Magearna|71\/100\n|\n|-heal|p1a: Magearna|77\/100|[from] item: Leftovers\n|upkeep\n|turn|11\n|\n|t:|1700037387\n|switch|p2a: Zamazenta|Zamazenta-Crowned|99\/100\n|move|p1a: Magearna|Energy Ball|p2a: Zamazenta\n|-resisted|p2a: Zamazenta\n|-damage|p2a: Zamazenta|88\/100\n|\n|-heal|p1a: Magearna|83\/100|[from] item: Leftovers\n|upkeep\n|turn|12\n|\n|t:|1700037408\n|switch|p1a: Gliscor|Gliscor, M|100\/100 tox\n|move|p2a: Zamazenta|Iron Defense|p2a: Zamazenta\n|-boost|p2a: Zamazenta|def|2\n|\n|upkeep\n|turn|13\n|\n|t:|1700037419\n|move|p2a: Zamazenta|Play Rough|p1a: Gliscor\n|-damage|p1a: Gliscor|82\/100 tox\n|move|p1a: Gliscor|Spikes|p2a: Zamazenta\n|-sidestart|p2: mimitox|Spikes\n|\n|-heal|p1a: Gliscor|94\/100 tox|[from] ability: Poison Heal\n|upkeep\n|turn|14\n|\n|t:|1700037430\n|move|p2a: Zamazenta|Iron Defense|p2a: Zamazenta\n|-boost|p2a: Zamazenta|def|2\n|move|p1a: Gliscor|Spikes|p2a: Zamazenta\n|-sidestart|p2: mimitox|Spikes\n|\n|-heal|p1a: Gliscor|100\/100 tox|[from] ability: Poison Heal\n|upkeep\n|turn|15\n|\n|t:|1700037443\n|move|p2a: Zamazenta|Iron Defense|p2a: Zamazenta\n|-boost|p2a: Zamazenta|def|2\n|move|p1a: Gliscor|Spikes|p2a: Zamazenta\n|-sidestart|p2: mimitox|Spikes\n|\n|upkeep\n|turn|16\n|\n|t:|1700037455\n|move|p1a: Gliscor|Protect|p1a: Gliscor\n|-singleturn|p1a: Gliscor|Protect\n|move|p2a: Zamazenta|Iron Defense|p2a: Zamazenta\n|-boost|p2a: Zamazenta|def|0\n|\n|upkeep\n|turn|17\n|\n|t:|1700037465\n|switch|p1a: Magearna|Magearna|83\/100\n|move|p2a: Zamazenta|Body Press|p1a: Magearna\n|-damage|p1a: Magearna|0 fnt\n|faint|p1a: Magearna\n|\n|upkeep\n|\n|t:|1700037474\n|switch|p1a: Iron Moth|Iron Moth|100\/100\n|turn|18\n|\n|t:|1700037482\n|move|p1a: Iron Moth|Fiery Dance|p2a: Zamazenta\n|-supereffective|p2a: Zamazenta\n|-crit|p2a: Zamazenta\n|-damage|p2a: Zamazenta|0 fnt\n|faint|p2a: Zamazenta\n|\n|upkeep\n|\n|t:|1700037502\n|switch|p2a: Palafin|Palafin-Hero, F|100\/100\n|-damage|p2a: Palafin|76\/100|[from] Spikes\n|turn|19\n|\n|t:|1700037510\n|-end|p1a: Iron Moth|Quark Drive|[silent]\n|switch|p1a: Cyclizar|Cyclizar, M|100\/100\n|move|p2a: Palafin|Close Combat|p1a: Cyclizar\n|-supereffective|p1a: Cyclizar\n|-damage|p1a: Cyclizar|0 fnt\n|-unboost|p2a: Palafin|def|1\n|-unboost|p2a: Palafin|spd|1\n|faint|p1a: Cyclizar\n|\n|upkeep\n|\n|t:|1700037521\n|switch|p1a: Meowscarada|Meowscarada, M|100\/100\n|turn|20\n|\n|t:|1700037525\n|move|p2a: Palafin|Close Combat|p1a: Meowscarada\n|-supereffective|p1a: Meowscarada\n|-enditem|p1a: Meowscarada|Focus Sash\n|-damage|p1a: Meowscarada|1\/100\n|-unboost|p2a: Palafin|def|1\n|-unboost|p2a: Palafin|spd|1\n|move|p1a: Meowscarada|Flower Trick|p2a: Palafin\n|-supereffective|p2a: Palafin\n|-crit|p2a: Palafin\n|-damage|p2a: Palafin|0 fnt\n|faint|p2a: Palafin\n|\n|upkeep\n|\n|t:|1700037533\n|switch|p2a: Arceus|Arceus-Poison|100\/100\n|-damage|p2a: Arceus|76\/100|[from] Spikes\n|turn|21\n|\n|t:|1700037545\n|switch|p1a: Gliscor|Gliscor, M|100\/100 tox\n|move|p2a: Arceus|Brick Break|p1a: Gliscor\n|-resisted|p1a: Gliscor\n|-damage|p1a: Gliscor|92\/100 tox\n|\n|-heal|p1a: Gliscor|100\/100 tox|[from] ability: Poison Heal\n|upkeep\n|turn|22\n|\n|t:|1700037573\n|move|p2a: Arceus|Dragon Dance|p2a: Arceus\n|-boost|p2a: Arceus|atk|1\n|-boost|p2a: Arceus|spe|1\n|move|p1a: Gliscor|Knock Off|p2a: Arceus\n|-damage|p2a: Arceus|64\/100\n|\n|upkeep\n|turn|23\n|\n|t:|1700037582\n|switch|p1a: Meowscarada|Meowscarada, M|1\/100\n|move|p2a: Arceus|Outrage|p1a: Meowscarada\n|-damage|p1a: Meowscarada|0 fnt\n|faint|p1a: Meowscarada\n|\n|upkeep\n|\n|t:|1700037593\n|switch|p1a: Gliscor|Gliscor, M|100\/100 tox\n|turn|24\n|\n|t:|1700037598\n|move|p2a: Arceus|Outrage|p1a: Gliscor|[from]lockedmove\n|-damage|p1a: Gliscor|56\/100 tox\n|-start|p2a: Arceus|confusion|[fatigue]\n|move|p1a: Gliscor|Knock Off|p2a: Arceus\n|-damage|p2a: Arceus|52\/100\n|\n|-heal|p1a: Gliscor|69\/100 tox|[from] ability: Poison Heal\n|upkeep\n|turn|25\n|\n|t:|1700037609\n|-activate|p2a: Arceus|confusion\n|move|p2a: Arceus|Dragon Dance|p2a: Arceus\n|-boost|p2a: Arceus|atk|1\n|-boost|p2a: Arceus|spe|1\n|move|p1a: Gliscor|Knock Off|p2a: Arceus\n|-damage|p2a: Arceus|41\/100\n|\n|-heal|p1a: Gliscor|81\/100 tox|[from] ability: Poison Heal\n|upkeep\n|turn|26\n|\n|t:|1700037627\n|-activate|p2a: Arceus|confusion\n|move|p2a: Arceus|Outrage|p1a: Gliscor\n|-damage|p1a: Gliscor|23\/100 tox\n|move|p1a: Gliscor|Knock Off|p2a: Arceus\n|-damage|p2a: Arceus|30\/100\n|\n|-heal|p1a: Gliscor|35\/100 tox|[from] ability: Poison Heal\n|upkeep\n|turn|27\n|\n|t:|1700037638\n|move|p1a: Gliscor|Protect|p1a: Gliscor\n|-singleturn|p1a: Gliscor|Protect\n|-activate|p2a: Arceus|confusion\n|move|p2a: Arceus|Outrage|p1a: Gliscor|[from]lockedmove\n|-activate|p1a: Gliscor|move: Protect\n|\n|-heal|p1a: Gliscor|48\/100 tox|[from] ability: Poison Heal\n|upkeep\n|turn|28\n|\n|t:|1700037648\n|-end|p2a: Arceus|confusion\n|move|p2a: Arceus|Dragon Dance|p2a: Arceus\n|-boost|p2a: Arceus|atk|1\n|-boost|p2a: Arceus|spe|1\n|move|p1a: Gliscor|Knock Off|p2a: Arceus\n|-damage|p2a: Arceus|19\/100\n|\n|-heal|p1a: Gliscor|60\/100 tox|[from] ability: Poison Heal\n|upkeep\n|turn|29\n|\n|t:|1700037660\n|move|p1a: Gliscor|Protect|p1a: Gliscor\n|-singleturn|p1a: Gliscor|Protect\n|move|p2a: Arceus|Outrage|p1a: Gliscor\n|-activate|p1a: Gliscor|move: Protect\n|\n|-heal|p1a: Gliscor|73\/100 tox|[from] ability: Poison Heal\n|upkeep\n|turn|30\n|\n|t:|1700037673\n|move|p2a: Arceus|Outrage|p1a: Gliscor\n|-damage|p1a: Gliscor|11\/100 tox\n|move|p1a: Gliscor|Knock Off|p2a: Arceus\n|-crit|p2a: Arceus\n|-damage|p2a: Arceus|3\/100\n|\n|-heal|p1a: Gliscor|23\/100 tox|[from] ability: Poison Heal\n|upkeep\n|turn|31\n|\n|t:|1700037684\n|move|p1a: Gliscor|Protect|p1a: Gliscor\n|-singleturn|p1a: Gliscor|Protect\n|move|p2a: Arceus|Outrage|p1a: Gliscor|[from]lockedmove\n|-activate|p1a: Gliscor|move: Protect\n|-start|p2a: Arceus|confusion|[fatigue]\n|\n|-heal|p1a: Gliscor|36\/100 tox|[from] ability: Poison Heal\n|upkeep\n|turn|32\n|\n|t:|1700037697\n|move|p1a: Gliscor|Protect||[still]\n|-fail|p1a: Gliscor\n|-activate|p2a: Arceus|confusion\n|move|p2a: Arceus|Outrage|p1a: Gliscor\n|-crit|p1a: Gliscor\n|-damage|p1a: Gliscor|0 fnt\n|faint|p1a: Gliscor\n|\n|upkeep\n|\n|t:|1700037707\n|switch|p1a: Iron Moth|Iron Moth|100\/100\n|turn|33\n|\n|t:|1700037729\n|-terastallize|p1a: Iron Moth|Poison\n|-activate|p2a: Arceus|confusion\n|move|p2a: Arceus|Outrage|p1a: Iron Moth|[from]lockedmove\n|-damage|p1a: Iron Moth|0 fnt\n|faint|p1a: Iron Moth\n|-end|p1a: Iron Moth|Quark Drive|[silent]\n|\n|win|mimitox\n","uploadtime":1700037741,"views":10,"p1id":"seulambre","p2id":"mimitox","formatid":"gen9ubers","rating":0,"private":0,"password":""}