{"id":"gen9ubers-1983650342","p1":"Squirshawott","p2":"KickinAsh","format":"[Gen 9] Ubers","log":"|j|\u2606Squirshawott\n|j|\u2606KickinAsh\n|t:|1699153970\n|gametype|singles\n|player|p1|Squirshawott|hilbert-wonderlauncher|\n|player|p2|KickinAsh|battlegirl-gen4|\n|teamsize|p1|6\n|teamsize|p2|6\n|gen|9\n|tier|[Gen 9] Ubers\n|rule|Sleep Clause Mod: Limit one foe put to sleep\n|rule|Species Clause: Limit one of each Pok\u00e9mon\n|rule|OHKO Clause: OHKO moves are banned\n|rule|Evasion Items Clause: Evasion items are banned\n|rule|Evasion Moves Clause: Evasion moves are banned\n|rule|Endless Battle Clause: Forcing endless battles is banned\n|rule|HP Percentage Mod: HP is shown in percentages\n|clearpoke\n|poke|p1|Tinkaton, F|\n|poke|p1|Talonflame, M|\n|poke|p1|Pelipper, F|\n|poke|p1|Raichu, M|\n|poke|p1|Oricorio-Pom-Pom, F|\n|poke|p1|Landorus-Therian, M|\n|poke|p2|Kilowattrel, F|\n|poke|p2|Kleavor, M|\n|poke|p2|Slowking-Galar, F|\n|poke|p2|Annihilape, M|\n|poke|p2|Iron Treads|\n|poke|p2|Froslass, F|\n|teampreview\n|j| Sol CPU\n|j| RomaingDia\n|j| Astyr.Pygos\n|j| Pkpowers310\n|j| BLACK METAL 3\n|\n|t:|1699154032\n|start\n|switch|p1a: Talonflame|Talonflame, M|100\/100\n|switch|p2a: FrosMORE|Froslass, F|100\/100\n|turn|1\n|l| Pkpowers310\n|\n|t:|1699154049\n|move|p1a: Talonflame|U-turn|p2a: FrosMORE\n|-resisted|p2a: FrosMORE\n|-damage|p2a: FrosMORE|90\/100\n|-damage|p1a: Talonflame|84\/100|[from] item: Rocky Helmet|[of] p2a: FrosMORE\n|-start|p1a: Talonflame|Disable|U-turn|[from] ability: Cursed Body|[of] p2a: FrosMORE\n|\n|t:|1699154054\n|switch|p1a: Tinkaton|Tinkaton, F|100\/100|[from] U-turn\n|move|p2a: FrosMORE|Spikes|p1a: Tinkaton\n|-sidestart|p1: Squirshawott|Spikes\n|\n|upkeep\n|turn|2\n|j| slugmaaa\n|\n|t:|1699154148\n|move|p2a: FrosMORE|Shadow Ball|p1a: Tinkaton\n|-crit|p1a: Tinkaton\n|-damage|p1a: Tinkaton|69\/100\n|move|p1a: Tinkaton|Gigaton Hammer|p2a: FrosMORE\n|-supereffective|p2a: FrosMORE\n|-damage|p2a: FrosMORE|0 fnt\n|faint|p2a: FrosMORE\n|\n|-heal|p1a: Tinkaton|75\/100|[from] item: Leftovers\n|upkeep\n|\n|t:|1699154242\n|switch|p2a: GoodYear|Iron Treads|100\/100\n|turn|3\n|j| Pkpowers310\n|\n|t:|1699154277\n|switch|p1a: Pelipper|Pelipper, F|100\/100\n|-weather|RainDance|[from] ability: Drizzle|[of] p1a: Pelipper\n|move|p2a: GoodYear|Earthquake|p1a: Pelipper\n|-immune|p1a: Pelipper\n|\n|-weather|RainDance|[upkeep]\n|upkeep\n|turn|4\n|\n|t:|1699154298\n|-end|p2a: GoodYear|Quark Drive|[silent]\n|switch|p2a: Shock|Kilowattrel, F|100\/100\n|move|p1a: Pelipper|Surf|p2a: Shock\n|-crit|p2a: Shock\n|-damage|p2a: Shock|0 fnt\n|faint|p2a: Shock\n|\n|-weather|RainDance|[upkeep]\n|upkeep\n|l| Pkpowers310\n|\n|t:|1699154334\n|switch|p2a: Axehands|Kleavor, M|100\/100\n|turn|5\n|\n|t:|1699154367\n|move|p2a: Axehands|Stone Axe|p1a: Pelipper\n|-supereffective|p1a: Pelipper\n|-damage|p1a: Pelipper|22\/100\n|-sidestart|p1: Squirshawott|move: Stealth Rock\n|-enditem|p1a: Pelipper|Sitrus Berry|[eat]\n|-heal|p1a: Pelipper|47\/100|[from] item: Sitrus Berry\n|move|p1a: Pelipper|Surf|p2a: Axehands\n|-supereffective|p2a: Axehands\n|-damage|p2a: Axehands|0 fnt\n|faint|p2a: Axehands\n|\n|-weather|RainDance|[upkeep]\n|upkeep\n|\n|t:|1699154405\n|switch|p2a: Monke|Annihilape, M|100\/100\n|turn|6\n|\n|t:|1699154423\n|move|p2a: Monke|Rage Fist|p1a: Pelipper\n|-damage|p1a: Pelipper|30\/100\n|move|p1a: Pelipper|Hurricane|p2a: Monke\n|-supereffective|p2a: Monke\n|-damage|p2a: Monke|28\/100\n|\n|-weather|RainDance|[upkeep]\n|-heal|p2a: Monke|35\/100|[from] item: Leftovers\n|upkeep\n|turn|7\n|\n|t:|1699154433\n|switch|p2a: GoodYear|Iron Treads|100\/100\n|move|p1a: Pelipper|Hurricane|p2a: GoodYear\n|-resisted|p2a: GoodYear\n|-damage|p2a: GoodYear|83\/100\n|\n|-weather|none\n|upkeep\n|turn|8\n|\n|t:|1699154508\n|move|p2a: GoodYear|Ice Spinner|p1a: Pelipper\n|-damage|p1a: Pelipper|10\/100\n|move|p1a: Pelipper|Surf|p2a: GoodYear\n|-supereffective|p2a: GoodYear\n|-damage|p2a: GoodYear|23\/100\n|\n|upkeep\n|turn|9\n|\n|t:|1699154517\n|move|p2a: GoodYear|Ice Spinner|p1a: Pelipper\n|-damage|p1a: Pelipper|0 fnt\n|faint|p1a: Pelipper\n|\n|upkeep\n|\n|t:|1699154521\n|switch|p1a: Oricorio|Oricorio-Pom-Pom, F|100\/100\n|turn|10\n|\n|t:|1699154534\n|move|p2a: GoodYear|Ice Spinner|p1a: Oricorio\n|-supereffective|p1a: Oricorio\n|-damage|p1a: Oricorio|32\/100\n|move|p1a: Oricorio|Defog|p2a: GoodYear\n|-unboost|p2a: GoodYear|evasion|1\n|-sideend|p1: Squirshawott|Spikes|[from] move: Defog|[of] p1a: Oricorio\n|-sideend|p1: Squirshawott|Stealth Rock|[from] move: Defog|[of] p1a: Oricorio\n|\n|upkeep\n|turn|11\n|j| Pkpowers310\n|l| Pkpowers310\n|\n|t:|1699154599\n|move|p2a: GoodYear|Ice Spinner|p1a: Oricorio\n|-supereffective|p1a: Oricorio\n|-damage|p1a: Oricorio|0 fnt\n|faint|p1a: Oricorio\n|\n|upkeep\n|\n|t:|1699154604\n|switch|p1a: Raichu|Raichu, M|100\/100\n|turn|12\n|\n|t:|1699154618\n|move|p1a: Raichu|Surf|p2a: GoodYear\n|-supereffective|p2a: GoodYear\n|-damage|p2a: GoodYear|0 fnt\n|faint|p2a: GoodYear\n|-end|p2a: GoodYear|Quark Drive|[silent]\n|\n|upkeep\n|\n|t:|1699154632\n|switch|p2a: Monke|Annihilape, M|35\/100\n|turn|13\n|\n|t:|1699154639\n|switch|p1a: Talonflame|Talonflame, M|84\/100\n|move|p2a: Monke|Drain Punch|p1a: Talonflame\n|-resisted|p1a: Talonflame\n|-crit|p1a: Talonflame\n|-damage|p1a: Talonflame|53\/100\n|-heal|p2a: Monke|50\/100|[from] drain|[of] p1a: Talonflame\n|-damage|p2a: Monke|33\/100|[from] item: Rocky Helmet|[of] p1a: Talonflame\n|-status|p2a: Monke|brn|[from] ability: Flame Body|[of] p1a: Talonflame\n|\n|-heal|p2a: Monke|40\/100 brn|[from] item: Leftovers\n|-damage|p2a: Monke|33\/100 brn|[from] brn\n|upkeep\n|turn|14\n|\n|t:|1699154675\n|move|p1a: Talonflame|Brave Bird|p2a: Monke\n|-supereffective|p2a: Monke\n|-damage|p2a: Monke|0 fnt\n|faint|p2a: Monke\n|-damage|p1a: Talonflame|42\/100|[from] Recoil\n|\n|upkeep\n|\n|t:|1699154681\n|switch|p2a: Triclops|Slowking-Galar, F|100\/100\n|turn|15\n|\n|t:|1699154719\n|move|p1a: Talonflame|Brave Bird|p2a: Triclops\n|-damage|p2a: Triclops|65\/100\n|-damage|p1a: Talonflame|29\/100|[from] Recoil\n|move|p2a: Triclops|Sludge Bomb|p1a: Talonflame\n|-damage|p1a: Talonflame|0 fnt\n|faint|p1a: Talonflame\n|\n|-heal|p2a: Triclops|72\/100|[from] item: Black Sludge\n|upkeep\n|\n|t:|1699154727\n|switch|p1a: Landorus|Landorus-Therian, M|100\/100\n|-ability|p1a: Landorus|Intimidate|boost\n|-unboost|p2a: Triclops|atk|1\n|turn|16\n|\n|t:|1699154739\n|move|p1a: Landorus|Earthquake|p2a: Triclops\n|-supereffective|p2a: Triclops\n|-damage|p2a: Triclops|0 fnt\n|faint|p2a: Triclops\n|\n|win|Squirshawott\n|c|\u2606Squirshawott|ggs\n|l| Sol CPU\n","uploadtime":1699154749,"views":13,"p1id":"squirshawott","p2id":"kickinash","formatid":"gen9ubers","rating":0,"private":0,"password":""}