{"id":"gen9ubers-2000046224","p1":"02_strelizia","p2":"RichieF","format":"[Gen 9] Ubers","log":"|j|\u260602_strelizia\n|j|\u2606RichieF\n|t:|1701145607\n|gametype|singles\n|player|p1|02_strelizia|2|1321\n|player|p2|RichieF|rocketgrunt|1550\n|teamsize|p1|6\n|teamsize|p2|6\n|gen|9\n|tier|[Gen 9] Ubers\n|rated|\n|rule|Sleep Clause Mod: Limit one foe put to sleep\n|rule|Species Clause: Limit one of each Pok\u00e9mon\n|rule|OHKO Clause: OHKO moves are banned\n|rule|Evasion Items Clause: Evasion items are banned\n|rule|Evasion Moves Clause: Evasion moves are banned\n|rule|Endless Battle Clause: Forcing endless battles is banned\n|rule|HP Percentage Mod: HP is shown in percentages\n|clearpoke\n|poke|p1|Landorus-Therian, M|\n|poke|p1|Toxapex, F|\n|poke|p1|Kingambit, F|\n|poke|p1|Chi-Yu|\n|poke|p1|Miraidon|\n|poke|p1|Kyogre|\n|poke|p2|Rayquaza|\n|poke|p2|Zacian-*|\n|poke|p2|Glimmora, F|\n|poke|p2|Giratina-Origin|\n|poke|p2|Arceus-Water|\n|poke|p2|Dialga-Origin|\n|teampreview\n|inactive|Battle timer is ON: inactive players will automatically lose when time's up. (requested by RichieF)\n|\n|t:|1701145621\n|start\n|switch|p1a: Miraidon|Miraidon|100\/100\n|switch|p2a: greg|Arceus-Water, shiny|100\/100\n|-fieldstart|move: Electric Terrain|[from] ability: Hadron Engine|[of] p1a: Miraidon\n|turn|1\n|\n|t:|1701145627\n|-terastallize|p2a: greg|Ground\n|move|p1a: Miraidon|Volt Switch|p2a: greg\n|-immune|p2a: greg\n|move|p2a: greg|Calm Mind|p2a: greg\n|-boost|p2a: greg|spa|1\n|-boost|p2a: greg|spd|1\n|\n|upkeep\n|turn|2\n|\n|t:|1701145636\n|switch|p1a: Toxapex|Toxapex, F, shiny|100\/100\n|move|p2a: greg|Calm Mind|p2a: greg\n|-boost|p2a: greg|spa|1\n|-boost|p2a: greg|spd|1\n|\n|upkeep\n|turn|3\n|\n|t:|1701145641\n|move|p2a: greg|Earth Power|p1a: Toxapex\n|-supereffective|p1a: Toxapex\n|-damage|p1a: Toxapex|0 fnt\n|faint|p1a: Toxapex\n|\n|upkeep\n|\n|t:|1701145650\n|switch|p1a: Kyogre|Kyogre|100\/100\n|-weather|RainDance|[from] ability: Drizzle|[of] p1a: Kyogre\n|turn|4\n|\n|t:|1701145654\n|move|p2a: greg|Judgment|p1a: Kyogre\n|-resisted|p1a: Kyogre\n|-damage|p1a: Kyogre|42\/100\n|move|p1a: Kyogre|Origin Pulse|p2a: greg\n|-supereffective|p2a: greg\n|-damage|p2a: greg|49\/100\n|\n|-weather|RainDance|[upkeep]\n|-heal|p1a: Kyogre|48\/100|[from] item: Leftovers\n|upkeep\n|turn|5\n|\n|t:|1701145662\n|move|p2a: greg|Judgment|p1a: Kyogre\n|-resisted|p1a: Kyogre\n|-damage|p1a: Kyogre|0 fnt\n|faint|p1a: Kyogre\n|\n|-weather|RainDance|[upkeep]\n|-fieldend|move: Electric Terrain\n|upkeep\n|\n|t:|1701145665\n|switch|p1a: Kingambit|Kingambit, F|100\/100\n|-activate|p1a: Kingambit|ability: Supreme Overlord\n|-start|p1a: Kingambit|fallen2|[silent]\n|turn|6\n|\n|t:|1701145671\n|move|p1a: Kingambit|Sucker Punch||[still]\n|-fail|p1a: Kingambit\n|move|p2a: greg|Recover|p2a: greg\n|-heal|p2a: greg|99\/100\n|\n|-weather|RainDance|[upkeep]\n|upkeep\n|turn|7\n|\n|t:|1701145676\n|move|p2a: greg|Earth Power|p1a: Kingambit\n|-supereffective|p1a: Kingambit\n|-damage|p1a: Kingambit|0 fnt\n|faint|p1a: Kingambit\n|-end|p1a: Kingambit|fallen2|[silent]\n|\n|-weather|RainDance|[upkeep]\n|upkeep\n|-message|02_strelizia forfeited.\n|\n|win|RichieF\n|raw|02_strelizia's rating: 1321 &rarr; <strong>1313<\/strong><br \/>(-8 for losing)\n|raw|RichieF's rating: 1550 &rarr; <strong>1558<\/strong><br \/>(+8 for winning)\n|l|\u260602_strelizia\n","uploadtime":1701145697,"views":1,"p1id":"02strelizia","p2id":"richief","formatid":"gen9ubers","rating":1313,"private":0,"password":""}