{"id":"gen9ubers-1982098595","p1":"Kinesquared","p2":"NotAnHacker","format":"[Gen 9] Ubers","log":"|j|\u2606Kinesquared\n|j|\u2606NotAnHacker\n|t:|1698967683\n|gametype|singles\n|player|p1|Kinesquared|scientist-gen4dp|\n|player|p2|NotAnHacker|volkner|\n|teamsize|p1|6\n|teamsize|p2|6\n|gen|9\n|tier|[Gen 9] Ubers\n|rule|Sleep Clause Mod: Limit one foe put to sleep\n|rule|Species Clause: Limit one of each Pok\u00e9mon\n|rule|OHKO Clause: OHKO moves are banned\n|rule|Evasion Items Clause: Evasion items are banned\n|rule|Evasion Moves Clause: Evasion moves are banned\n|rule|Endless Battle Clause: Forcing endless battles is banned\n|rule|HP Percentage Mod: HP is shown in percentages\n|clearpoke\n|poke|p1|Magearna|\n|poke|p1|Ursaluna, M|\n|poke|p1|Dialga|\n|poke|p1|Hoopa-Unbound|\n|poke|p1|Cinderace, M|\n|poke|p1|Cresselia, F|\n|poke|p2|Pincurchin, M|\n|poke|p2|Iron Valiant|\n|poke|p2|Palkia-Origin|\n|poke|p2|Maushold|\n|poke|p2|Zacian-*|\n|poke|p2|Espathra, M|\n|teampreview\n|c|\u2606Kinesquared|good luck!\n|j| Leo Justice\n|c|\u2606Kinesquared|this is game 1\n|c|\u2606NotAnHacker|Thx u too\n|\n|t:|1698967727\n|start\n|switch|p1a: Magearna|Magearna|100\/100\n|switch|p2a: Pincurchin|Pincurchin, M|100\/100\n|-fieldstart|move: Electric Terrain|[from] ability: Electric Surge|[of] p2a: Pincurchin\n|turn|1\n|\n|t:|1698967736\n|move|p2a: Pincurchin|Thunder Wave|p1a: Magearna\n|-status|p1a: Magearna|par\n|move|p1a: Magearna|Trick Room|p1a: Magearna\n|-fieldstart|move: Trick Room|[of] p1a: Magearna\n|\n|upkeep\n|turn|2\n|l| Leo Justice\n|\n|t:|1698967748\n|move|p1a: Magearna|Volt Switch|p2a: Pincurchin\n|-resisted|p2a: Pincurchin\n|-damage|p2a: Pincurchin|83\/100\n|\n|t:|1698967752\n|switch|p1a: Ursaluna|Ursaluna, M|100\/100|[from] Volt Switch\n|move|p2a: Pincurchin|Memento|p1a: Ursaluna\n|-unboost|p1a: Ursaluna|atk|2\n|-unboost|p1a: Ursaluna|spa|2\n|faint|p2a: Pincurchin\n|\n|-status|p1a: Ursaluna|brn|[from] item: Flame Orb\n|upkeep\n|\n|t:|1698967768\n|switch|p2a: Iron Valiant|Iron Valiant|100\/100\n|-activate|p2a: Iron Valiant|ability: Quark Drive\n|-start|p2a: Iron Valiant|quarkdrivespe\n|turn|3\n|\n|t:|1698967783\n|-terastallize|p1a: Ursaluna|Normal\n|move|p1a: Ursaluna|Facade|p2a: Iron Valiant\n|-damage|p2a: Iron Valiant|0 fnt\n|faint|p2a: Iron Valiant\n|-end|p2a: Iron Valiant|Quark Drive|[silent]\n|\n|-damage|p1a: Ursaluna|94\/100 brn|[from] brn\n|upkeep\n|j| uubers account\n|\n|t:|1698967797\n|switch|p2a: Espathra|Espathra, M|100\/100\n|turn|4\n|l| uubers account\n|j| uubers account\n|\n|t:|1698967809\n|switch|p1a: Hoopa|Hoopa-Unbound|100\/100\n|move|p2a: Espathra|Roost||[still]\n|-fail|p2a: Espathra|heal\n|\n|-ability|p2a: Espathra|Speed Boost|boost\n|-boost|p2a: Espathra|spe|1\n|upkeep\n|turn|5\n|\n|t:|1698967819\n|move|p1a: Hoopa|Hyperspace Fury|p2a: Espathra\n|-supereffective|p2a: Espathra\n|-damage|p2a: Espathra|0 fnt\n|-unboost|p1a: Hoopa|def|1\n|faint|p2a: Espathra\n|\n|-fieldend|move: Trick Room\n|upkeep\n|\n|t:|1698967831\n|switch|p2a: Maushold|Maushold|100\/100\n|turn|6\n|\n|t:|1698967844\n|move|p2a: Maushold|U-turn|p1a: Hoopa\n|-supereffective|p1a: Hoopa\n|-damage|p1a: Hoopa|0 fnt\n|faint|p1a: Hoopa\n|\n|t:|1698967853\n|switch|p2a: Zacian|Zacian|100\/100|[from] U-turn\n|-ability|p2a: Zacian|Intrepid Sword|boost\n|-boost|p2a: Zacian|atk|1\n|\n|upkeep\n|\n|t:|1698967873\n|switch|p1a: Cresselia|Cresselia, F|100\/100\n|turn|7\n|\n|t:|1698967879\n|move|p2a: Zacian|Crunch|p1a: Cresselia\n|-supereffective|p1a: Cresselia\n|-damage|p1a: Cresselia|49\/100\n|-unboost|p1a: Cresselia|def|1\n|-damage|p2a: Zacian|91\/100|[from] item: Life Orb\n|move|p1a: Cresselia|Trick Room|p1a: Cresselia\n|-fieldstart|move: Trick Room|[of] p1a: Cresselia\n|\n|-heal|p1a: Cresselia|55\/100|[from] item: Leftovers\n|upkeep\n|turn|8\n|\n|t:|1698967900\n|switch|p1a: Ursaluna|Ursaluna, M, tera:Normal|94\/100 brn\n|move|p2a: Zacian|Crunch|p1a: Ursaluna\n|-damage|p1a: Ursaluna|61\/100 brn\n|-damage|p2a: Zacian|81\/100|[from] item: Life Orb\n|\n|-damage|p1a: Ursaluna|55\/100 brn|[from] brn\n|-fieldend|move: Electric Terrain\n|upkeep\n|turn|9\n|\n|t:|1698967911\n|move|p1a: Ursaluna|Facade|p2a: Zacian\n|-damage|p2a: Zacian|0 fnt\n|faint|p2a: Zacian\n|\n|-damage|p1a: Ursaluna|49\/100 brn|[from] brn\n|upkeep\n|\n|t:|1698967920\n|switch|p2a: Palkia|Palkia-Origin|100\/100\n|-ability|p2a: Palkia|Pressure\n|turn|10\n|\n|t:|1698967929\n|move|p1a: Ursaluna|Facade|p2a: Palkia\n|-damage|p2a: Palkia|0 fnt\n|faint|p2a: Palkia\n|\n|-damage|p1a: Ursaluna|43\/100 brn|[from] brn\n|upkeep\n|\n|t:|1698967932\n|switch|p2a: Maushold|Maushold|100\/100\n|turn|11\n|\n|t:|1698967939\n|-terastallize|p2a: Maushold|Normal\n|move|p1a: Ursaluna|Facade|p2a: Maushold\n|-damage|p2a: Maushold|0 fnt\n|faint|p2a: Maushold\n|\n|win|Kinesquared\n|c|\u2606Kinesquared|gg\n|c|\u2606NotAnHacker|gg\n","uploadtime":1698967948,"views":32,"p1id":"kinesquared","p2id":"notanhacker","formatid":"gen9ubers","rating":0,"private":0,"password":""}