{"id":"gen9ubers-1968646013","p1":"cage the bird","p2":"chammygohammy","format":"[Gen 9] Ubers","log":"|j|\u2606cage the bird\n|j|\u2606chammygohammy\n|t:|1697447532\n|gametype|singles\n|player|p1|cage the bird|anabel|1135\n|player|p2|chammygohammy|unknown|1117\n|teamsize|p1|6\n|teamsize|p2|6\n|gen|9\n|tier|[Gen 9] Ubers\n|rated|\n|rule|Sleep Clause Mod: Limit one foe put to sleep\n|rule|Species Clause: Limit one of each Pok\u00e9mon\n|rule|OHKO Clause: OHKO moves are banned\n|rule|Evasion Items Clause: Evasion items are banned\n|rule|Evasion Moves Clause: Evasion moves are banned\n|rule|Endless Battle Clause: Forcing endless battles is banned\n|rule|HP Percentage Mod: HP is shown in percentages\n|clearpoke\n|poke|p1|Meowscarada, F|\n|poke|p1|Koraidon|\n|poke|p1|Miraidon|\n|poke|p1|Zacian-*|\n|poke|p1|Arceus-Ground|\n|poke|p1|Flutter Mane|\n|poke|p2|Arceus-Fighting|\n|poke|p2|Annihilape, M|\n|poke|p2|Calyrex-Ice|\n|poke|p2|Magearna|\n|poke|p2|Regieleki|\n|poke|p2|Ursaluna-Bloodmoon, M|\n|teampreview\n|inactive|Battle timer is ON: inactive players will automatically lose when time's up. (requested by cage the bird)\n|\n|t:|1697447550\n|start\n|switch|p1a: Koraidon|Koraidon|100\/100\n|switch|p2a: Regieleki|Regieleki|100\/100\n|-weather|SunnyDay|[from] ability: Orichalcum Pulse|[of] p1a: Koraidon\n|-activate|p1a: Koraidon|Orichalcum Pulse|[source]\n|turn|1\n|\n|t:|1697447559\n|-terastallize|p2a: Regieleki|Ice\n|move|p1a: Koraidon|Collision Course|p2a: Regieleki\n|-supereffective|p2a: Regieleki\n|-damage|p2a: Regieleki|0 fnt\n|faint|p2a: Regieleki\n|\n|-weather|SunnyDay|[upkeep]\n|upkeep\n|\n|t:|1697447588\n|switch|p2a: Annihilape|Annihilape, M|100\/100\n|turn|2\n|inactive|chammygohammy has 120 seconds left.\n|\n|t:|1697447605\n|switch|p1a: Meowscarada|Meowscarada, F, shiny|100\/100\n|move|p2a: Annihilape|Stealth Rock|p1a: Meowscarada\n|-sidestart|p1: cage the bird|move: Stealth Rock\n|\n|-weather|SunnyDay|[upkeep]\n|upkeep\n|turn|3\n|inactive|chammygohammy has 120 seconds left.\n|\n|t:|1697447620\n|switch|p2a: Magearna|Magearna|100\/100\n|-item|p2a: Magearna|Air Balloon\n|move|p1a: Meowscarada|Spikes|p2a: Magearna\n|-start|p1a: Meowscarada|typechange|Ground|[from] ability: Protean\n|-sidestart|p2: chammygohammy|Spikes\n|\n|-weather|SunnyDay|[upkeep]\n|upkeep\n|turn|4\n|inactive|chammygohammy has 120 seconds left.\n|\n|t:|1697447633\n|move|p1a: Meowscarada|Taunt|p2a: Magearna\n|-start|p2a: Magearna|move: Taunt\n|cant|p2a: Magearna|move: Taunt|Trick Room\n|\n|-weather|SunnyDay|[upkeep]\n|upkeep\n|turn|5\n|\n|t:|1697447647\n|move|p1a: Meowscarada|Toxic Spikes|p2a: Magearna\n|-sidestart|p2: chammygohammy|move: Toxic Spikes\n|move|p2a: Magearna|Fleur Cannon|p1a: Meowscarada\n|-damage|p1a: Meowscarada|20\/100\n|-unboost|p2a: Magearna|spa|2\n|\n|-weather|none\n|upkeep\n|turn|6\n|\n|t:|1697447654\n|move|p1a: Meowscarada|Spikes|p2a: Magearna\n|-sidestart|p2: chammygohammy|Spikes\n|move|p2a: Magearna|Flash Cannon|p1a: Meowscarada\n|-damage|p1a: Meowscarada|0 fnt\n|faint|p1a: Meowscarada\n|-ability|p2a: Magearna|Soul-Heart|boost\n|-boost|p2a: Magearna|spa|1\n|\n|-end|p2a: Magearna|move: Taunt\n|upkeep\n|\n|t:|1697447661\n|switch|p1a: Zacian|Zacian-Crowned, shiny|100\/100\n|-damage|p1a: Zacian|94\/100|[from] Stealth Rock\n|-ability|p1a: Zacian|Intrepid Sword|boost\n|-boost|p1a: Zacian|atk|1\n|turn|7\n|\n|t:|1697447668\n|switch|p2a: Annihilape|Annihilape, M|100\/100\n|-damage|p2a: Annihilape|84\/100|[from] Spikes\n|-status|p2a: Annihilape|psn\n|move|p1a: Zacian|Behemoth Blade|p2a: Annihilape\n|-damage|p2a: Annihilape|0 fnt\n|faint|p2a: Annihilape\n|\n|upkeep\n|\n|t:|1697447677\n|switch|p2a: Arceus|Arceus-Fighting|100\/100\n|-damage|p2a: Arceus|84\/100|[from] Spikes\n|-status|p2a: Arceus|psn\n|turn|8\n|\n|t:|1697447688\n|move|p1a: Zacian|Play Rough|p2a: Arceus|[miss]\n|-miss|p1a: Zacian|p2a: Arceus\n|move|p2a: Arceus|Cosmic Power|p2a: Arceus\n|-boost|p2a: Arceus|def|1\n|-boost|p2a: Arceus|spd|1\n|\n|-damage|p2a: Arceus|72\/100 psn|[from] psn\n|upkeep\n|turn|9\n|\n|t:|1697447695\n|move|p1a: Zacian|Swords Dance|p1a: Zacian\n|-boost|p1a: Zacian|atk|2\n|move|p2a: Arceus|Recover|p2a: Arceus\n|-heal|p2a: Arceus|100\/100 psn\n|\n|-damage|p2a: Arceus|88\/100 psn|[from] psn\n|upkeep\n|turn|10\n|\n|t:|1697447700\n|move|p1a: Zacian|Play Rough|p2a: Arceus|[miss]\n|-miss|p1a: Zacian|p2a: Arceus\n|move|p2a: Arceus|Cosmic Power|p2a: Arceus\n|-boost|p2a: Arceus|def|1\n|-boost|p2a: Arceus|spd|1\n|\n|-damage|p2a: Arceus|76\/100 psn|[from] psn\n|upkeep\n|turn|11\n|\n|t:|1697447707\n|move|p1a: Zacian|Swords Dance|p1a: Zacian\n|-boost|p1a: Zacian|atk|2\n|move|p2a: Arceus|Cosmic Power|p2a: Arceus\n|-boost|p2a: Arceus|def|1\n|-boost|p2a: Arceus|spd|1\n|\n|-damage|p2a: Arceus|63\/100 psn|[from] psn\n|upkeep\n|turn|12\n|\n|t:|1697447715\n|move|p1a: Zacian|Behemoth Blade|p2a: Arceus\n|-damage|p2a: Arceus|13\/100 psn\n|move|p2a: Arceus|Recover|p2a: Arceus\n|-heal|p2a: Arceus|63\/100 psn\n|\n|-damage|p2a: Arceus|51\/100 psn|[from] psn\n|upkeep\n|turn|13\n|\n|t:|1697447720\n|move|p1a: Zacian|Play Rough|p2a: Arceus\n|-supereffective|p2a: Arceus\n|-damage|p2a: Arceus|0 fnt\n|faint|p2a: Arceus\n|\n|upkeep\n|\n|t:|1697447734\n|switch|p2a: Calyrex|Calyrex-Ice|100\/100\n|-ability|p2a: Calyrex|As One\n|-ability|p2a: Calyrex|Unnerve\n|-damage|p2a: Calyrex|84\/100|[from] Spikes\n|-status|p2a: Calyrex|psn\n|turn|14\n|\n|t:|1697447742\n|move|p1a: Zacian|Behemoth Blade|p2a: Calyrex\n|-supereffective|p2a: Calyrex\n|-damage|p2a: Calyrex|0 fnt\n|faint|p2a: Calyrex\n|\n|upkeep\n|\n|t:|1697447745\n|switch|p2a: Ursaluna|Ursaluna-Bloodmoon, M|100\/100\n|-damage|p2a: Ursaluna|84\/100|[from] Spikes\n|-status|p2a: Ursaluna|psn\n|turn|15\n|\n|t:|1697447750\n|move|p1a: Zacian|Behemoth Blade|p2a: Ursaluna\n|-damage|p2a: Ursaluna|0 fnt\n|faint|p2a: Ursaluna\n|\n|upkeep\n|\n|t:|1697447753\n|switch|p2a: Magearna|Magearna|100\/100\n|-item|p2a: Magearna|Air Balloon\n|turn|16\n|\n|t:|1697447766\n|move|p1a: Zacian|Behemoth Blade|p2a: Magearna\n|-damage|p2a: Magearna|0 fnt\n|-enditem|p2a: Magearna|Air Balloon\n|faint|p2a: Magearna\n|\n|win|cage the bird\n|raw|cage the bird's rating: 1135 &rarr; <strong>1159<\/strong><br \/>(+24 for winning)\n|raw|chammygohammy's rating: 1117 &rarr; <strong>1093<\/strong><br \/>(-24 for losing)\n|l|\u2606chammygohammy\n","uploadtime":1697447771,"views":10,"p1id":"cagethebird","p2id":"chammygohammy","formatid":"gen9ubers","rating":1093,"private":0,"password":""}