{"id":"gen9ubers-1990886975","p1":"Thebestgn9uberteam","p2":"Raiozin","format":"[Gen 9] Ubers","log":"|j|\u2606Thebestgn9uberteam\n|j|\u2606Raiozin\n|t:|1700011506\n|gametype|singles\n|player|p1|Thebestgn9uberteam|101|1053\n|player|p2|Raiozin|gambler|1078\n|teamsize|p1|6\n|teamsize|p2|6\n|gen|9\n|tier|[Gen 9] Ubers\n|rated|\n|rule|Sleep Clause Mod: Limit one foe put to sleep\n|rule|Species Clause: Limit one of each Pok\u00e9mon\n|rule|OHKO Clause: OHKO moves are banned\n|rule|Evasion Items Clause: Evasion items are banned\n|rule|Evasion Moves Clause: Evasion moves are banned\n|rule|Endless Battle Clause: Forcing endless battles is banned\n|rule|HP Percentage Mod: HP is shown in percentages\n|clearpoke\n|poke|p1|Samurott-Hisui, M|\n|poke|p1|Tinkaton, F|\n|poke|p1|Iron Hands|\n|poke|p1|Salamence, F|\n|poke|p1|Greninja-*, M|\n|poke|p1|Jirachi|\n|poke|p2|Kommo-o, M|\n|poke|p2|Zoroark, F|\n|poke|p2|Zapdos|\n|poke|p2|Espathra, M|\n|poke|p2|Lucario, M|\n|poke|p2|Kyogre|\n|teampreview\n|\n|t:|1700011516\n|start\n|switch|p1a: Mad Murray|Samurott-Hisui, M|100\/100\n|switch|p2a: Kyogre|Kyogre|100\/100\n|-weather|RainDance|[from] ability: Drizzle|[of] p2a: Kyogre\n|turn|1\n|\n|t:|1700011528\n|switch|p2a: Zapdos|Zapdos|100\/100\n|move|p1a: Mad Murray|Ceaseless Edge|p2a: Zapdos\n|-damage|p2a: Zapdos|65\/100\n|-sidestart|p2: Raiozin|Spikes\n|\n|-weather|RainDance|[upkeep]\n|-heal|p2a: Zapdos|72\/100|[from] item: Leftovers\n|upkeep\n|turn|2\n|\n|t:|1700011551\n|switch|p1a: Golden Hands|Iron Hands|100\/100\n|-enditem|p1a: Golden Hands|Booster Energy\n|-activate|p1a: Golden Hands|ability: Quark Drive|[fromitem]\n|-start|p1a: Golden Hands|quarkdriveatk\n|move|p2a: Zapdos|Thunder|p1a: Golden Hands\n|-resisted|p1a: Golden Hands\n|-damage|p1a: Golden Hands|78\/100\n|\n|-weather|RainDance|[upkeep]\n|-heal|p2a: Zapdos|78\/100|[from] item: Leftovers\n|upkeep\n|turn|3\n|\n|t:|1700011569\n|-end|p1a: Golden Hands|Quark Drive|[silent]\n|switch|p1a: Jirachi|Jirachi|100\/100\n|move|p2a: Zapdos|Hurricane|p1a: Jirachi\n|-resisted|p1a: Jirachi\n|-damage|p1a: Jirachi|84\/100\n|\n|-weather|RainDance|[upkeep]\n|-heal|p2a: Zapdos|84\/100|[from] item: Leftovers\n|upkeep\n|turn|4\n|\n|t:|1700011580\n|move|p1a: Jirachi|Trick|p2a: Zapdos\n|-activate|p1a: Jirachi|move: Trick|[of] p2a: Zapdos\n|-item|p2a: Zapdos|Choice Scarf|[from] move: Trick\n|-item|p1a: Jirachi|Leftovers|[from] move: Trick\n|move|p2a: Zapdos|Thunder|p1a: Jirachi\n|-damage|p1a: Jirachi|51\/100\n|-status|p1a: Jirachi|par\n|\n|-weather|RainDance|[upkeep]\n|-heal|p1a: Jirachi|57\/100 par|[from] item: Leftovers\n|upkeep\n|turn|5\n|\n|t:|1700011607\n|move|p2a: Zapdos|Thunder|p1a: Jirachi\n|-damage|p1a: Jirachi|21\/100 par\n|move|p1a: Jirachi|Wish|p1a: Jirachi\n|\n|-weather|none\n|-heal|p1a: Jirachi|27\/100 par|[from] item: Leftovers\n|upkeep\n|turn|6\n|\n|t:|1700011621\n|switch|p1a: Titan Tin|Tinkaton, F, shiny|100\/100\n|-ability|p1a: Titan Tin|Mold Breaker\n|move|p2a: Zapdos|Thunder|p1a: Titan Tin\n|-damage|p1a: Titan Tin|63\/100\n|-status|p1a: Titan Tin|par\n|\n|-heal|p1a: Titan Tin|100\/100 par|[from] move: Wish|[wisher] Jirachi\n|upkeep\n|turn|7\n|\n|t:|1700011632\n|move|p2a: Zapdos|Thunder|p1a: Titan Tin|[miss]\n|-miss|p2a: Zapdos|p1a: Titan Tin\n|move|p1a: Titan Tin|Gigaton Hammer|p2a: Zapdos\n|-resisted|p2a: Zapdos\n|-damage|p2a: Zapdos|59\/100\n|\n|upkeep\n|turn|8\n|\n|t:|1700011643\n|switch|p2a: Kommo-o|Kommo-o, M|100\/100\n|-damage|p2a: Kommo-o|88\/100|[from] Spikes\n|cant|p1a: Titan Tin|par\n|\n|upkeep\n|turn|9\n|\n|t:|1700011653\n|move|p2a: Kommo-o|Substitute|p2a: Kommo-o\n|-start|p2a: Kommo-o|Substitute\n|-damage|p2a: Kommo-o|63\/100\n|move|p1a: Titan Tin|Play Rough|p2a: Kommo-o\n|-supereffective|p2a: Kommo-o\n|-end|p2a: Kommo-o|Substitute\n|\n|upkeep\n|turn|10\n|\n|t:|1700011660\n|move|p2a: Kommo-o|Belly Drum|p2a: Kommo-o\n|-damage|p2a: Kommo-o|13\/100\n|-setboost|p2a: Kommo-o|atk|6|[from] move: Belly Drum\n|-enditem|p2a: Kommo-o|Salac Berry|[eat]\n|-boost|p2a: Kommo-o|spe|1|[from] item: Salac Berry\n|move|p1a: Titan Tin|Play Rough|p2a: Kommo-o\n|-supereffective|p2a: Kommo-o\n|-damage|p2a: Kommo-o|0 fnt\n|faint|p2a: Kommo-o\n|\n|upkeep\n|\n|t:|1700011680\n|switch|p2a: Lucario|Lucario, M|100\/100\n|-damage|p2a: Lucario|88\/100|[from] Spikes\n|turn|11\n|\n|t:|1700011689\n|move|p2a: Lucario|Bullet Punch|p1a: Titan Tin\n|-damage|p1a: Titan Tin|67\/100 par\n|move|p1a: Titan Tin|Gigaton Hammer|p2a: Lucario\n|-resisted|p2a: Lucario\n|-damage|p2a: Lucario|32\/100\n|\n|-heal|p1a: Titan Tin|73\/100 par|[from] item: Leftovers\n|upkeep\n|turn|12\n|\n|t:|1700011697\n|move|p2a: Lucario|Bullet Punch|p1a: Titan Tin\n|-damage|p1a: Titan Tin|40\/100 par\n|cant|p1a: Titan Tin|par\n|\n|-heal|p1a: Titan Tin|46\/100 par|[from] item: Leftovers\n|upkeep\n|turn|13\n|\n|t:|1700011707\n|-terastallize|p2a: Lucario|Fighting\n|move|p2a: Lucario|Bullet Punch|p1a: Titan Tin\n|-crit|p1a: Titan Tin\n|-damage|p1a: Titan Tin|0 fnt\n|faint|p1a: Titan Tin\n|\n|upkeep\n|\n|t:|1700011713\n|switch|p1a: Gojita|Greninja, M|100\/100\n|turn|14\n|\n|t:|1700011727\n|switch|p2a: Kyogre|Kyogre|100\/100\n|-damage|p2a: Kyogre|88\/100|[from] Spikes\n|-weather|RainDance|[from] ability: Drizzle|[of] p2a: Kyogre\n|move|p1a: Gojita|Water Shuriken|p2a: Kyogre\n|-resisted|p2a: Kyogre\n|-damage|p2a: Kyogre|84\/100\n|-resisted|p2a: Kyogre\n|-damage|p2a: Kyogre|80\/100\n|-resisted|p2a: Kyogre\n|-damage|p2a: Kyogre|75\/100\n|-hitcount|p2a: Kyogre|3\n|\n|-weather|RainDance|[upkeep]\n|upkeep\n|turn|15\n|\n|t:|1700011741\n|switch|p2a: Zapdos|Zapdos|59\/100\n|move|p1a: Gojita|Grass Knot|p2a: Zapdos\n|-resisted|p2a: Zapdos\n|-damage|p2a: Zapdos|48\/100\n|-status|p1a: Gojita|par|[from] ability: Static|[of] p2a: Zapdos\n|\n|-weather|RainDance|[upkeep]\n|upkeep\n|turn|16\n|\n|t:|1700011752\n|move|p2a: Zapdos|Thunder|p1a: Gojita\n|-supereffective|p1a: Gojita\n|-enditem|p1a: Gojita|Focus Sash\n|-damage|p1a: Gojita|1\/100 par\n|cant|p1a: Gojita|par\n|\n|-weather|RainDance|[upkeep]\n|upkeep\n|turn|17\n|\n|t:|1700011760\n|move|p2a: Zapdos|Thunder|p1a: Gojita\n|-supereffective|p1a: Gojita\n|-damage|p1a: Gojita|0 fnt\n|faint|p1a: Gojita\n|\n|-weather|RainDance|[upkeep]\n|upkeep\n|\n|t:|1700011768\n|switch|p1a: Scary Sally|Salamence, F|100\/100\n|-ability|p1a: Scary Sally|Intimidate|boost\n|-unboost|p2a: Zapdos|atk|1\n|turn|18\n|\n|t:|1700011773\n|move|p2a: Zapdos|Thunder|p1a: Scary Sally\n|-damage|p1a: Scary Sally|65\/100\n|move|p1a: Scary Sally|Dual Wingbeat|p2a: Zapdos\n|-resisted|p2a: Zapdos\n|-damage|p2a: Zapdos|40\/100\n|-resisted|p2a: Zapdos\n|-damage|p2a: Zapdos|32\/100\n|-status|p1a: Scary Sally|par|[from] ability: Static|[of] p2a: Zapdos\n|-hitcount|p2a: Zapdos|2\n|\n|-weather|none\n|-heal|p1a: Scary Sally|71\/100 par|[from] item: Leftovers\n|upkeep\n|turn|19\n|\n|t:|1700011790\n|switch|p2a: Kyogre|Kyogre|75\/100\n|-damage|p2a: Kyogre|63\/100|[from] Spikes\n|-weather|RainDance|[from] ability: Drizzle|[of] p2a: Kyogre\n|switch|p1a: Jirachi|Jirachi|27\/100 par\n|\n|-weather|RainDance|[upkeep]\n|-heal|p1a: Jirachi|33\/100 par|[from] item: Leftovers\n|upkeep\n|turn|20\n|\n|t:|1700011801\n|move|p2a: Kyogre|Water Spout|p1a: Jirachi\n|-damage|p1a: Jirachi|0 fnt\n|faint|p1a: Jirachi\n|\n|-weather|RainDance|[upkeep]\n|upkeep\n|\n|t:|1700011815\n|switch|p1a: Golden Hands|Iron Hands|78\/100\n|turn|21\n|\n|t:|1700011825\n|move|p2a: Kyogre|Water Spout|p1a: Golden Hands\n|-damage|p1a: Golden Hands|0 fnt\n|faint|p1a: Golden Hands\n|-end|p1a: Golden Hands|Quark Drive|[silent]\n|\n|-weather|RainDance|[upkeep]\n|upkeep\n|\n|t:|1700011832\n|switch|p1a: Mad Murray|Samurott-Hisui, M|100\/100\n|turn|22\n|\n|t:|1700011835\n|move|p2a: Kyogre|Water Spout|p1a: Mad Murray\n|-resisted|p1a: Mad Murray\n|-damage|p1a: Mad Murray|60\/100\n|move|p1a: Mad Murray|Ceaseless Edge|p2a: Kyogre\n|-damage|p2a: Kyogre|12\/100\n|-sidestart|p2: Raiozin|Spikes\n|\n|-weather|RainDance|[upkeep]\n|upkeep\n|turn|23\n|\n|t:|1700011845\n|switch|p2a: Zapdos|Zapdos|32\/100\n|move|p1a: Mad Murray|Ceaseless Edge|p2a: Zapdos\n|-damage|p2a: Zapdos|0 fnt\n|-sidestart|p2: Raiozin|Spikes\n|faint|p2a: Zapdos\n|\n|-weather|none\n|upkeep\n|\n|t:|1700011865\n|switch|p2a: Lucario|Lucario, M, tera:Fighting|32\/100\n|-damage|p2a: Lucario|7\/100|[from] Spikes\n|turn|24\n|\n|t:|1700011880\n|move|p2a: Lucario|Extreme Speed|p1a: Mad Murray\n|-damage|p1a: Mad Murray|11\/100\n|move|p1a: Mad Murray|Aqua Jet|p2a: Lucario\n|-damage|p2a: Lucario|0 fnt\n|faint|p2a: Lucario\n|\n|upkeep\n|\n|t:|1700011895\n|switch|p2a: Kyogre|Kyogre|12\/100\n|-damage|p2a: Kyogre|0 fnt|[from] Spikes\n|faint|p2a: Kyogre\n|\n|t:|1700011911\n|switch|p2a: Espathra|Espathra, M|100\/100\n|-damage|p2a: Espathra|76\/100|[from] Spikes\n|turn|25\n|\n|t:|1700011923\n|move|p1a: Mad Murray|Aqua Jet|p2a: Espathra\n|-damage|p2a: Espathra|37\/100\n|replace|p2a: Zoroark|Zoroark, F\n|-end|p2a: Zoroark|Illusion\n|move|p2a: Zoroark|Sludge Bomb|p1a: Mad Murray\n|-damage|p1a: Mad Murray|0 fnt\n|faint|p1a: Mad Murray\n|\n|upkeep\n|\n|t:|1700011933\n|switch|p1a: Scary Sally|Salamence, F|71\/100 par\n|-ability|p1a: Scary Sally|Intimidate|boost\n|-unboost|p2a: Zoroark|atk|1\n|turn|26\n|\n|t:|1700011947\n|move|p2a: Zoroark|Sludge Bomb|p1a: Scary Sally\n|-damage|p1a: Scary Sally|47\/100 par\n|move|p1a: Scary Sally|Dual Wingbeat|p2a: Zoroark\n|-damage|p2a: Zoroark|0 fnt\n|faint|p2a: Zoroark\n|-hitcount|p2: Zoroark|1\n|\n|-heal|p1a: Scary Sally|53\/100 par|[from] item: Leftovers\n|upkeep\n|\n|t:|1700011962\n|switch|p2a: Espathra|Espathra, M|100\/100\n|-damage|p2a: Espathra|76\/100|[from] Spikes\n|turn|27\n|\n|t:|1700011968\n|-terastallize|p1a: Scary Sally|Flying\n|move|p2a: Espathra|Protect|p2a: Espathra\n|-singleturn|p2a: Espathra|Protect\n|move|p1a: Scary Sally|Dual Wingbeat|p2a: Espathra\n|-activate|p2a: Espathra|move: Protect\n|\n|-heal|p2a: Espathra|82\/100|[from] item: Leftovers\n|-heal|p1a: Scary Sally|59\/100 par|[from] item: Leftovers\n|-ability|p2a: Espathra|Speed Boost|boost\n|-boost|p2a: Espathra|spe|1\n|upkeep\n|turn|28\n|\n|t:|1700011986\n|move|p2a: Espathra|Calm Mind|p2a: Espathra\n|-boost|p2a: Espathra|spa|1\n|-boost|p2a: Espathra|spd|1\n|move|p1a: Scary Sally|Dual Wingbeat|p2a: Espathra\n|-damage|p2a: Espathra|41\/100\n|-damage|p2a: Espathra|3\/100\n|-hitcount|p2a: Espathra|2\n|\n|-heal|p2a: Espathra|9\/100|[from] item: Leftovers\n|-heal|p1a: Scary Sally|65\/100 par|[from] item: Leftovers\n|-ability|p2a: Espathra|Speed Boost|boost\n|-boost|p2a: Espathra|spe|1\n|upkeep\n|turn|29\n|\n|t:|1700011998\n|move|p2a: Espathra|Protect|p2a: Espathra\n|-singleturn|p2a: Espathra|Protect\n|move|p1a: Scary Sally|Dual Wingbeat|p2a: Espathra\n|-activate|p2a: Espathra|move: Protect\n|\n|-heal|p2a: Espathra|15\/100|[from] item: Leftovers\n|-heal|p1a: Scary Sally|72\/100 par|[from] item: Leftovers\n|-ability|p2a: Espathra|Speed Boost|boost\n|-boost|p2a: Espathra|spe|1\n|upkeep\n|turn|30\n|\n|t:|1700012008\n|move|p2a: Espathra|Stored Power|p1a: Scary Sally\n|-damage|p1a: Scary Sally|9\/100 par\n|move|p1a: Scary Sally|Dual Wingbeat|p2a: Espathra\n|-damage|p2a: Espathra|0 fnt\n|faint|p2a: Espathra\n|-hitcount|p2: Espathra|1\n|\n|win|Thebestgn9uberteam\n|raw|Thebestgn9uberteam's rating: 1053 &rarr; <strong>1087<\/strong><br \/>(+34 for winning)\n|raw|Raiozin's rating: 1078 &rarr; <strong>1055<\/strong><br \/>(-23 for losing)\n|l|\u2606Raiozin\n|l|\u2606Thebestgn9uberteam\n","uploadtime":1700012042,"views":6,"p1id":"thebestgn9uberteam","p2id":"raiozin","formatid":"gen9ubers","rating":1055,"private":0,"password":""}