{"id":"gen9ubers-1988774111","p1":"uubers account","p2":"Kinesquared","format":"[Gen 9] Ubers","log":"|j|\u2606uubers account\n|j|\u2606Kinesquared\n|t:|1699761369\n|gametype|singles\n|player|p1|uubers account|102|\n|player|p2|Kinesquared|scientist-gen4dp|\n|teamsize|p1|6\n|teamsize|p2|6\n|gen|9\n|tier|[Gen 9] Ubers\n|rule|Sleep Clause Mod: Limit one foe put to sleep\n|rule|Species Clause: Limit one of each Pok\u00e9mon\n|rule|OHKO Clause: OHKO moves are banned\n|rule|Evasion Items Clause: Evasion items are banned\n|rule|Evasion Moves Clause: Evasion moves are banned\n|rule|Endless Battle Clause: Forcing endless battles is banned\n|rule|HP Percentage Mod: HP is shown in percentages\n|clearpoke\n|poke|p1|Palafin, F|\n|poke|p1|Zacian-*|\n|poke|p1|Quaquaval, M|\n|poke|p1|Ceruledge, M|\n|poke|p1|Greninja-*, M|\n|poke|p1|Iron Jugulis|\n|poke|p2|Haxorus, M|\n|poke|p2|Gholdengo|\n|poke|p2|Jirachi|\n|poke|p2|Iron Moth|\n|poke|p2|Espathra, F|\n|poke|p2|Vivillon-Continental, F|\n|teampreview\n|c|\u2606uubers account|Glhf\n|c|\u2606Kinesquared|gl\n|\n|t:|1699761384\n|start\n|switch|p1a: Palafin|Palafin, F|100\/100\n|switch|p2a: Jirachi|Jirachi|100\/100\n|turn|1\n|\n|t:|1699761394\n|detailschange|p1a: Palafin|Palafin-Hero, F\n|switch|p1a: Iron Jugulis|Iron Jugulis|100\/100\n|-enditem|p1a: Iron Jugulis|Booster Energy\n|-activate|p1a: Iron Jugulis|ability: Quark Drive|[fromitem]\n|-start|p1a: Iron Jugulis|quarkdrivespe\n|move|p2a: Jirachi|Stealth Rock|p1a: Iron Jugulis\n|-sidestart|p1: uubers account|move: Stealth Rock\n|\n|upkeep\n|turn|2\n|j| FrostyRandom02\n|\n|t:|1699761402\n|move|p1a: Iron Jugulis|Dark Pulse|p2a: Jirachi\n|-supereffective|p2a: Jirachi\n|-crit|p2a: Jirachi\n|-damage|p2a: Jirachi|28\/100\n|move|p2a: Jirachi|Light Screen|p2a: Jirachi\n|-sidestart|p2: Kinesquared|move: Light Screen\n|\n|upkeep\n|turn|3\n|\n|t:|1699761409\n|move|p1a: Iron Jugulis|Dark Pulse|p2a: Jirachi\n|-supereffective|p2a: Jirachi\n|-damage|p2a: Jirachi|3\/100\n|cant|p2a: Jirachi|flinch\n|\n|upkeep\n|turn|4\n|j| Pajoomas!\n|\n|t:|1699761415\n|move|p1a: Iron Jugulis|Dark Pulse|p2a: Jirachi\n|-supereffective|p2a: Jirachi\n|-damage|p2a: Jirachi|0 fnt\n|faint|p2a: Jirachi\n|\n|upkeep\n|l| FrostyRandom02\n|c|\u2606uubers account|I got lucky for once\n|\n|t:|1699761451\n|switch|p2a: Haxorus|Haxorus, M|100\/100\n|-ability|p2a: Haxorus|Mold Breaker\n|turn|5\n|c|\u2606uubers account|something is wrong\n|\n|t:|1699761469\n|-end|p1a: Iron Jugulis|Quark Drive|[silent]\n|switch|p1a: Ceruledge|Ceruledge, M|100\/100\n|-damage|p1a: Ceruledge|76\/100|[from] Stealth Rock\n|-item|p1a: Ceruledge|Air Balloon\n|move|p2a: Haxorus|Scale Shot|p1a: Ceruledge\n|-damage|p1a: Ceruledge|58\/100\n|-enditem|p1a: Ceruledge|Air Balloon\n|-damage|p1a: Ceruledge|40\/100\n|-damage|p1a: Ceruledge|23\/100\n|-damage|p1a: Ceruledge|4\/100\n|-damage|p1a: Ceruledge|0 fnt\n|faint|p1a: Ceruledge\n|-hitcount|p1: Ceruledge|5\n|-unboost|p2a: Haxorus|def|1\n|-boost|p2a: Haxorus|spe|1\n|\n|upkeep\n|\n|t:|1699761471\n|switch|p1a: Zacian|Zacian|100\/100\n|-ability|p1a: Zacian|Intrepid Sword|boost\n|-boost|p1a: Zacian|atk|1\n|turn|6\n|\n|t:|1699761493\n|-terastallize|p2a: Haxorus|Steel\n|-terastallize|p1a: Zacian|Steel\n|move|p2a: Haxorus|Poison Jab|p1a: Zacian\n|-immune|p1a: Zacian\n|move|p1a: Zacian|Play Rough|p2a: Haxorus\n|-resisted|p2a: Haxorus\n|-crit|p2a: Haxorus\n|-damage|p2a: Haxorus|11\/100\n|\n|upkeep\n|turn|7\n|c|\u2606Kinesquared|ANOTHER crit\n|c|\u2606Kinesquared|gyad dayum\n|\n|t:|1699761523\n|move|p2a: Haxorus|Earthquake|p1a: Zacian\n|-supereffective|p1a: Zacian\n|-damage|p1a: Zacian|31\/100\n|move|p1a: Zacian|Play Rough|p2a: Haxorus|[miss]\n|-miss|p1a: Zacian|p2a: Haxorus\n|\n|upkeep\n|turn|8\n|c|\u2606Kinesquared|ok thats payback\n|c|\u2606uubers account|Fair\n|\n|t:|1699761538\n|switch|p1a: Iron Jugulis|Iron Jugulis|100\/100\n|-damage|p1a: Iron Jugulis|76\/100|[from] Stealth Rock\n|move|p2a: Haxorus|Earthquake|p1a: Iron Jugulis\n|-immune|p1a: Iron Jugulis\n|\n|upkeep\n|turn|9\n|\n|t:|1699761547\n|move|p2a: Haxorus|Scale Shot|p1a: Iron Jugulis|[miss]\n|-miss|p2a: Haxorus|p1a: Iron Jugulis\n|move|p1a: Iron Jugulis|Flamethrower|p2a: Haxorus\n|-supereffective|p2a: Haxorus\n|-damage|p2a: Haxorus|0 fnt\n|faint|p2a: Haxorus\n|\n|-sideend|p2: Kinesquared|move: Light Screen\n|upkeep\n|c|\u2606uubers account|Dayum\n|\n|t:|1699761556\n|switch|p2a: Iron Moth|Iron Moth|100\/100\n|-enditem|p2a: Iron Moth|Booster Energy\n|-activate|p2a: Iron Moth|ability: Quark Drive|[fromitem]\n|-start|p2a: Iron Moth|quarkdrivespa\n|turn|10\n|\n|t:|1699761562\n|move|p1a: Iron Jugulis|Hurricane|p2a: Iron Moth\n|-damage|p2a: Iron Moth|47\/100\n|-start|p2a: Iron Moth|confusion\n|-activate|p2a: Iron Moth|confusion\n|move|p2a: Iron Moth|Fiery Dance|p1a: Iron Jugulis\n|-damage|p1a: Iron Jugulis|0 fnt\n|-boost|p2a: Iron Moth|spa|1\n|faint|p1a: Iron Jugulis\n|-end|p1a: Iron Jugulis|Quark Drive|[silent]\n|\n|upkeep\n|\n|t:|1699761572\n|switch|p1a: Palafin|Palafin-Hero, F|100\/100\n|-damage|p1a: Palafin|88\/100|[from] Stealth Rock\n|-activate|p1a: Palafin|ability: Zero to Hero\n|turn|11\n|\n|t:|1699761584\n|-end|p2a: Iron Moth|Quark Drive|[silent]\n|switch|p2a: Gholdengo|Gholdengo|100\/100\n|move|p1a: Palafin|Jet Punch|p2a: Gholdengo\n|-damage|p2a: Gholdengo|29\/100\n|\n|upkeep\n|turn|12\n|\n|t:|1699761602\n|move|p1a: Palafin|Jet Punch|p2a: Gholdengo\n|-damage|p2a: Gholdengo|0 fnt\n|faint|p2a: Gholdengo\n|\n|upkeep\n|\n|t:|1699761605\n|switch|p2a: Espathra|Espathra, F|100\/100\n|turn|13\n|\n|t:|1699761613\n|move|p1a: Palafin|Jet Punch|p2a: Espathra\n|-damage|p2a: Espathra|10\/100\n|move|p2a: Espathra|Dazzling Gleam|p1a: Palafin\n|-damage|p1a: Palafin|63\/100\n|\n|-heal|p2a: Espathra|17\/100|[from] item: Leftovers\n|-ability|p2a: Espathra|Speed Boost|boost\n|-boost|p2a: Espathra|spe|1\n|upkeep\n|turn|14\n|\n|t:|1699761621\n|move|p1a: Palafin|Jet Punch|p2a: Espathra\n|-damage|p2a: Espathra|0 fnt\n|faint|p2a: Espathra\n|\n|upkeep\n|c|\u2606uubers account|Gg\n|\n|t:|1699761624\n|switch|p2a: Vivillon|Vivillon-Continental, F|100\/100\n|turn|15\n|\n|t:|1699761628\n|move|p1a: Palafin|Jet Punch|p2a: Vivillon\n|-enditem|p2a: Vivillon|Focus Sash\n|-damage|p2a: Vivillon|1\/100\n|move|p2a: Vivillon|Sleep Powder|p1a: Palafin\n|-status|p1a: Palafin|slp|[from] move: Sleep Powder\n|\n|upkeep\n|turn|16\n|\n|t:|1699761637\n|switch|p1a: Quaquaval|Quaquaval, M|100\/100\n|move|p2a: Vivillon|Quiver Dance|p2a: Vivillon\n|-boost|p2a: Vivillon|spa|1\n|-boost|p2a: Vivillon|spd|1\n|-boost|p2a: Vivillon|spe|1\n|\n|upkeep\n|turn|17\n|\n|t:|1699761643\n|move|p2a: Vivillon|Hurricane|p1a: Quaquaval\n|-supereffective|p1a: Quaquaval\n|-damage|p1a: Quaquaval|0 fnt\n|faint|p1a: Quaquaval\n|\n|upkeep\n|\n|t:|1699761664\n|switch|p1a: Greninja|Greninja, M|100\/100\n|-damage|p1a: Greninja|88\/100|[from] Stealth Rock\n|turn|18\n|\n|t:|1699761668\n|move|p2a: Vivillon|Hurricane|p1a: Greninja\n|-damage|p1a: Greninja|0 fnt\n|faint|p1a: Greninja\n|\n|upkeep\n|\n|t:|1699761672\n|switch|p1a: Palafin|Palafin-Hero, F|63\/100 slp\n|-damage|p1a: Palafin|50\/100 slp|[from] Stealth Rock\n|turn|19\n|c|\u2606Kinesquared|gg\n|c|\u2606uubers account|Gg\n|\n|t:|1699761680\n|cant|p1a: Palafin|slp\n|move|p2a: Vivillon|Hurricane|p1a: Palafin\n|-damage|p1a: Palafin|0 fnt\n|faint|p1a: Palafin\n|\n|upkeep\n|\n|t:|1699761684\n|switch|p1a: Zacian|Zacian, tera:Steel|31\/100\n|turn|20\n|\n|t:|1699761689\n|move|p2a: Vivillon|Sleep Powder|p1a: Zacian\n|-status|p1a: Zacian|slp|[from] move: Sleep Powder\n|cant|p1a: Zacian|slp\n|\n|upkeep\n|turn|21\n|\n|t:|1699761694\n|move|p2a: Vivillon|Hurricane|p1a: Zacian\n|-resisted|p1a: Zacian\n|-damage|p1a: Zacian|0 fnt\n|faint|p1a: Zacian\n|\n|win|Kinesquared\n|l|\u2606uubers account\n","uploadtime":1699761700,"views":8,"p1id":"uubersaccount","p2id":"kinesquared","formatid":"gen9ubers","rating":0,"private":0,"password":""}