{"id":"gen9ubers-1996652947","p1":"Champ Bogar","p2":"ry42","format":"[Gen 9] Ubers","log":"|j|\u2606Champ Bogar\n|j|\u2606ry42\n|t:|1700705506\n|gametype|singles\n|player|p1|Champ Bogar|cynthia|\n|player|p2|ry42|bede-leader|\n|teamsize|p1|6\n|teamsize|p2|6\n|gen|9\n|tier|[Gen 9] Ubers\n|rule|Sleep Clause Mod: Limit one foe put to sleep\n|rule|Species Clause: Limit one of each Pok\u00e9mon\n|rule|OHKO Clause: OHKO moves are banned\n|rule|Evasion Items Clause: Evasion items are banned\n|rule|Evasion Moves Clause: Evasion moves are banned\n|rule|Endless Battle Clause: Forcing endless battles is banned\n|rule|HP Percentage Mod: HP is shown in percentages\n|clearpoke\n|poke|p1|Ninetales-Alola, F|\n|poke|p1|Baxcalibur, F|\n|poke|p1|Ogerpon-Hearthflame, F|\n|poke|p1|Darkrai|\n|poke|p1|Great Tusk|\n|poke|p1|Magearna|\n|poke|p2|Ribombee, F|\n|poke|p2|Iron Treads|\n|poke|p2|Dondozo, M|\n|poke|p2|Shaymin-Sky|\n|poke|p2|Chi-Yu|\n|poke|p2|Kingambit, F|\n|teampreview\n|inactive|Battle timer is ON: inactive players will automatically lose when time's up. (requested by Champ Bogar)\n|inactive|ry42 also wants the timer to be on.\n|j| venomania\n|inactive|Champ Bogar has 270 seconds left.\n|c|\u2606ry42|glhf\n|c|\u2606Champ Bogar|you too\n|\n|t:|1700705548\n|start\n|switch|p1a: Ogerpon|Ogerpon-Hearthflame, F|100\/100\n|switch|p2a: Chi-Yu|Chi-Yu|100\/100\n|-ability|p1a: Ogerpon|Mold Breaker\n|-ability|p2a: Chi-Yu|Beads of Ruin\n|turn|1\n|inactive|Champ Bogar has 270 seconds left.\n|\n|t:|1700705597\n|move|p1a: Ogerpon|Ivy Cudgel|p2a: Chi-Yu|[anim] Ivy Cudgel Fire\n|-resisted|p2a: Chi-Yu\n|-damage|p2a: Chi-Yu|51\/100\n|move|p2a: Chi-Yu|Dark Pulse|p1a: Ogerpon\n|-damage|p1a: Ogerpon|0 fnt\n|faint|p1a: Ogerpon\n|\n|upkeep\n|\n|t:|1700705602\n|switch|p1a: Ninetales|Ninetales-Alola, F, shiny|100\/100\n|-weather|Snow|[from] ability: Snow Warning|[of] p1a: Ninetales\n|turn|2\n|\n|t:|1700705611\n|switch|p2a: Kingambit|Kingambit, F|100\/100\n|move|p1a: Ninetales|Aurora Veil|p1a: Ninetales\n|-sidestart|p1: Champ Bogar|move: Aurora Veil\n|\n|-weather|Snow|[upkeep]\n|upkeep\n|turn|3\n|inactive|Champ Bogar has 270 seconds left.\n|\n|t:|1700705627\n|move|p1a: Ninetales|Hypnosis|p2a: Kingambit\n|-status|p2a: Kingambit|slp|[from] move: Hypnosis\n|cant|p2a: Kingambit|slp\n|\n|-weather|Snow|[upkeep]\n|upkeep\n|turn|4\n|\n|t:|1700705635\n|switch|p1a: Magearna|Magearna|100\/100\n|cant|p2a: Kingambit|slp\n|\n|-weather|Snow|[upkeep]\n|upkeep\n|turn|5\n|\n|t:|1700705656\n|move|p1a: Magearna|Shift Gear|p1a: Magearna\n|-boost|p1a: Magearna|spe|2\n|-boost|p1a: Magearna|atk|1\n|-curestatus|p2a: Kingambit|slp|[msg]\n|move|p2a: Kingambit|Iron Head|p1a: Magearna\n|-damage|p1a: Magearna|84\/100\n|\n|-weather|Snow|[upkeep]\n|upkeep\n|turn|6\n|\n|t:|1700705666\n|move|p1a: Magearna|Calm Mind|p1a: Magearna\n|-boost|p1a: Magearna|spa|1\n|-boost|p1a: Magearna|spd|1\n|move|p2a: Kingambit|Swords Dance|p2a: Kingambit\n|-boost|p2a: Kingambit|atk|2\n|\n|-weather|none\n|upkeep\n|turn|7\n|\n|t:|1700705674\n|move|p1a: Magearna|Calm Mind|p1a: Magearna\n|-boost|p1a: Magearna|spa|1\n|-boost|p1a: Magearna|spd|1\n|move|p2a: Kingambit|Iron Head|p1a: Magearna\n|-damage|p1a: Magearna|51\/100\n|\n|upkeep\n|turn|8\n|\n|t:|1700705680\n|move|p1a: Magearna|Fleur Cannon|p2a: Kingambit\n|-damage|p2a: Kingambit|0 fnt\n|-unboost|p1a: Magearna|spa|2\n|faint|p2a: Kingambit\n|-ability|p1a: Magearna|Soul-Heart|boost\n|-boost|p1a: Magearna|spa|1\n|-end|p2a: Kingambit|fallenundefined|[silent]\n|\n|upkeep\n|\n|t:|1700705704\n|switch|p2a: Shaymin|Shaymin-Sky|100\/100\n|turn|9\n|\n|t:|1700705711\n|move|p1a: Magearna|Fleur Cannon|p2a: Shaymin\n|-damage|p2a: Shaymin|0 fnt\n|-unboost|p1a: Magearna|spa|2\n|faint|p2a: Shaymin\n|-ability|p1a: Magearna|Soul-Heart|boost\n|-boost|p1a: Magearna|spa|1\n|\n|-sideend|p1: Champ Bogar|move: Aurora Veil\n|upkeep\n|\n|t:|1700705718\n|switch|p2a: Dondozo|Dondozo, M|100\/100\n|turn|10\n|\n|t:|1700705725\n|move|p1a: Magearna|Fleur Cannon|p2a: Dondozo|[miss]\n|-miss|p1a: Magearna|p2a: Dondozo\n|move|p2a: Dondozo|Liquidation|p1a: Magearna\n|-damage|p1a: Magearna|29\/100\n|-unboost|p1a: Magearna|def|1\n|\n|upkeep\n|turn|11\n|\n|t:|1700705733\n|move|p1a: Magearna|Fleur Cannon|p2a: Dondozo\n|-damage|p2a: Dondozo|47\/100\n|-unboost|p1a: Magearna|spa|2\n|move|p2a: Dondozo|Liquidation|p1a: Magearna\n|-damage|p1a: Magearna|7\/100\n|\n|-heal|p2a: Dondozo|53\/100|[from] item: Leftovers\n|upkeep\n|turn|12\n|\n|t:|1700705740\n|move|p1a: Magearna|Fleur Cannon|p2a: Dondozo\n|-damage|p2a: Dondozo|0 fnt\n|-unboost|p1a: Magearna|spa|2\n|faint|p2a: Dondozo\n|-ability|p1a: Magearna|Soul-Heart|boost\n|-boost|p1a: Magearna|spa|1\n|\n|upkeep\n|\n|t:|1700705753\n|switch|p2a: Ribombee|Ribombee, F, shiny|100\/100\n|turn|13\n|\n|t:|1700705763\n|switch|p1a: Ninetales|Ninetales-Alola, F, shiny|100\/100\n|-weather|Snow|[from] ability: Snow Warning|[of] p1a: Ninetales\n|move|p2a: Ribombee|Moonblast|p1a: Ninetales\n|-damage|p1a: Ninetales|52\/100\n|\n|-weather|Snow|[upkeep]\n|upkeep\n|turn|14\n|\n|t:|1700705772\n|move|p1a: Ninetales|Blizzard|p2a: Ribombee\n|-damage|p2a: Ribombee|22\/100\n|move|p2a: Ribombee|Stun Spore|p1a: Ninetales\n|-status|p1a: Ninetales|par\n|\n|-weather|Snow|[upkeep]\n|upkeep\n|turn|15\n|\n|t:|1700705779\n|move|p2a: Ribombee|Sticky Web|p1a: Ninetales\n|-sidestart|p1: Champ Bogar|move: Sticky Web\n|move|p1a: Ninetales|Blizzard|p2a: Ribombee\n|-damage|p2a: Ribombee|0 fnt\n|faint|p2a: Ribombee\n|\n|-weather|Snow|[upkeep]\n|upkeep\n|\n|t:|1700705793\n|switch|p2a: Chi-Yu|Chi-Yu|51\/100\n|-ability|p2a: Chi-Yu|Beads of Ruin\n|turn|16\n|\n|t:|1700705812\n|move|p2a: Chi-Yu|Flamethrower|p1a: Ninetales\n|-supereffective|p1a: Ninetales\n|-damage|p1a: Ninetales|0 fnt\n|faint|p1a: Ninetales\n|\n|-weather|Snow|[upkeep]\n|upkeep\n|\n|t:|1700705827\n|switch|p1a: Great Tusk|Great Tusk, shiny|100\/100\n|-activate|p1a: Great Tusk|move: Sticky Web\n|-unboost|p1a: Great Tusk|spe|1\n|turn|17\n|\n|t:|1700705833\n|-terastallize|p1a: Great Tusk|Water\n|move|p2a: Chi-Yu|Flamethrower|p1a: Great Tusk\n|-resisted|p1a: Great Tusk\n|-damage|p1a: Great Tusk|26\/100\n|move|p1a: Great Tusk|Earthquake|p2a: Chi-Yu\n|-supereffective|p2a: Chi-Yu\n|-damage|p2a: Chi-Yu|0 fnt\n|faint|p2a: Chi-Yu\n|\n|-weather|none\n|-heal|p1a: Great Tusk|32\/100|[from] item: Leftovers\n|upkeep\n|\n|t:|1700705835\n|switch|p2a: Iron Treads|Iron Treads|100\/100\n|turn|18\n|\n|t:|1700705844\n|move|p2a: Iron Treads|Earthquake|p1a: Great Tusk\n|-crit|p1a: Great Tusk\n|-damage|p1a: Great Tusk|5\/100\n|move|p1a: Great Tusk|Rapid Spin|p2a: Iron Treads\n|-resisted|p2a: Iron Treads\n|-damage|p2a: Iron Treads|95\/100\n|-boost|p1a: Great Tusk|spe|1\n|-sideend|p1: Champ Bogar|Sticky Web|[from] move: Rapid Spin|[of] p1a: Great Tusk\n|\n|-heal|p2a: Iron Treads|100\/100|[from] item: Leftovers\n|-heal|p1a: Great Tusk|11\/100|[from] item: Leftovers\n|upkeep\n|turn|19\n|\n|t:|1700705851\n|move|p2a: Iron Treads|Earthquake|p1a: Great Tusk\n|-damage|p1a: Great Tusk|0 fnt\n|faint|p1a: Great Tusk\n|-end|p1a: Great Tusk|Protosynthesis|[silent]\n|\n|upkeep\n|c|\u2606ry42|gg\n|\n|t:|1700705856\n|switch|p1a: Darkrai|Darkrai, shiny|100\/100\n|turn|20\n|\n|t:|1700705863\n|move|p1a: Darkrai|Dark Pulse|p2a: Iron Treads\n|-damage|p2a: Iron Treads|55\/100\n|-damage|p1a: Darkrai|91\/100|[from] item: Life Orb\n|move|p2a: Iron Treads|Earthquake|p1a: Darkrai\n|-damage|p1a: Darkrai|40\/100\n|\n|-heal|p2a: Iron Treads|61\/100|[from] item: Leftovers\n|upkeep\n|turn|21\n|\n|t:|1700705884\n|-terastallize|p2a: Iron Treads|Fairy\n|move|p1a: Darkrai|Dark Pulse|p2a: Iron Treads\n|-resisted|p2a: Iron Treads\n|-damage|p2a: Iron Treads|41\/100\n|-damage|p1a: Darkrai|30\/100|[from] item: Life Orb\n|move|p2a: Iron Treads|Earthquake|p1a: Darkrai\n|-damage|p1a: Darkrai|0 fnt\n|faint|p1a: Darkrai\n|\n|-heal|p2a: Iron Treads|47\/100|[from] item: Leftovers\n|upkeep\n|\n|t:|1700705890\n|switch|p1a: Baxcalibur|Baxcalibur, F, shiny|100\/100\n|turn|22\n|\n|t:|1700705895\n|move|p1a: Baxcalibur|Icicle Spear|p2a: Iron Treads\n|-damage|p2a: Iron Treads|35\/100\n|-damage|p2a: Iron Treads|24\/100\n|-damage|p2a: Iron Treads|12\/100\n|-damage|p2a: Iron Treads|1\/100\n|-hitcount|p2a: Iron Treads|4\n|move|p2a: Iron Treads|Earthquake|p1a: Baxcalibur\n|-damage|p1a: Baxcalibur|61\/100\n|\n|-heal|p2a: Iron Treads|7\/100|[from] item: Leftovers\n|upkeep\n|turn|23\n|\n|t:|1700705902\n|move|p1a: Baxcalibur|Icicle Spear|p2a: Iron Treads\n|-damage|p2a: Iron Treads|0 fnt\n|faint|p2a: Iron Treads\n|-end|p2a: Iron Treads|Quark Drive|[silent]\n|-hitcount|p2: Iron Treads|1\n|\n|win|Champ Bogar\n|c|\u2606Champ Bogar|gg\n|l|\u2606ry42\n","uploadtime":1700705906,"views":5,"p1id":"champbogar","p2id":"ry42","formatid":"gen9ubers","rating":0,"private":0,"password":""}