{"id":"gen9ubers-1995943276","p1":"Zurb","p2":"Ceslva34","format":"[Gen 9] Ubers","log":"|j|\u2606Zurb\n|j|\u2606Ceslva34\n|t:|1700620214\n|gametype|singles\n|player|p1|Zurb|ninjaboy|1000\n|player|p2|Ceslva34|rosa|1049\n|teamsize|p1|6\n|teamsize|p2|6\n|gen|9\n|tier|[Gen 9] Ubers\n|rated|\n|rule|Sleep Clause Mod: Limit one foe put to sleep\n|rule|Species Clause: Limit one of each Pok\u00e9mon\n|rule|OHKO Clause: OHKO moves are banned\n|rule|Evasion Items Clause: Evasion items are banned\n|rule|Evasion Moves Clause: Evasion moves are banned\n|rule|Endless Battle Clause: Forcing endless battles is banned\n|rule|HP Percentage Mod: HP is shown in percentages\n|clearpoke\n|poke|p1|Samurott-Hisui, F|\n|poke|p1|Kingambit, M|\n|poke|p1|Moltres-Galar|\n|poke|p1|Houndoom, F|\n|poke|p1|Hydreigon, F|\n|poke|p1|Sneasler, M|\n|poke|p2|Urshifu-*, M|\n|poke|p2|Chi-Yu|\n|poke|p2|Ursaluna-Bloodmoon, M|\n|poke|p2|Roaring Moon|\n|poke|p2|Koraidon|\n|poke|p2|Ribombee, M|\n|teampreview\n|inactive|Battle timer is ON: inactive players will automatically lose when time's up. (requested by Zurb)\n|\n|t:|1700620231\n|start\n|switch|p1a: Samurott|Samurott-Hisui, F, shiny|100\/100\n|switch|p2a: Ribombee|Ribombee, M|100\/100\n|turn|1\n|\n|t:|1700620237\n|move|p2a: Ribombee|Sticky Web|p1a: Samurott\n|-sidestart|p1: Zurb|move: Sticky Web\n|move|p1a: Samurott|Ceaseless Edge|p2a: Ribombee\n|-resisted|p2a: Ribombee\n|-crit|p2a: Ribombee\n|-damage|p2a: Ribombee|34\/100\n|-sidestart|p2: Ceslva34|Spikes\n|\n|upkeep\n|turn|2\n|\n|t:|1700620243\n|move|p2a: Ribombee|Moonblast|p1a: Samurott\n|-supereffective|p1a: Samurott\n|-enditem|p1a: Samurott|Focus Sash\n|-damage|p1a: Samurott|1\/100\n|-unboost|p1a: Samurott|spa|1\n|move|p1a: Samurott|Ceaseless Edge|p2a: Ribombee|[miss]\n|-miss|p1a: Samurott|p2a: Ribombee\n|\n|upkeep\n|turn|3\n|\n|t:|1700620249\n|move|p1a: Samurott|Aqua Jet|p2a: Ribombee\n|-damage|p2a: Ribombee|0 fnt\n|faint|p2a: Ribombee\n|\n|upkeep\n|\n|t:|1700620258\n|switch|p2a: Koraidon|Koraidon|100\/100\n|-damage|p2a: Koraidon|88\/100|[from] Spikes\n|-weather|SunnyDay|[from] ability: Orichalcum Pulse|[of] p2a: Koraidon\n|-activate|p2a: Koraidon|Orichalcum Pulse|[source]\n|turn|4\n|\n|t:|1700620263\n|move|p1a: Samurott|Aqua Jet|p2a: Koraidon\n|-resisted|p2a: Koraidon\n|-damage|p2a: Koraidon|84\/100\n|move|p2a: Koraidon|Flame Charge|p1a: Samurott\n|-resisted|p1a: Samurott\n|-damage|p1a: Samurott|0 fnt\n|-boost|p2a: Koraidon|spe|1\n|faint|p1a: Samurott\n|-damage|p2a: Koraidon|74\/100|[from] item: Life Orb\n|\n|-weather|SunnyDay|[upkeep]\n|upkeep\n|\n|t:|1700620272\n|switch|p1a: Hydreigon|Hydreigon, F|100\/100\n|turn|5\n|\n|t:|1700620285\n|-terastallize|p2a: Koraidon|Fighting\n|-terastallize|p1a: Hydreigon|Steel\n|move|p2a: Koraidon|Dragon Claw|p1a: Hydreigon\n|-resisted|p1a: Hydreigon\n|-damage|p1a: Hydreigon|54\/100\n|-damage|p2a: Koraidon|64\/100|[from] item: Life Orb\n|move|p1a: Hydreigon|Draco Meteor|p2a: Koraidon|[miss]\n|-miss|p1a: Hydreigon|p2a: Koraidon\n|\n|-weather|SunnyDay|[upkeep]\n|upkeep\n|turn|6\n|c|\u2606Zurb|._.\n|\n|t:|1700620302\n|move|p2a: Koraidon|Collision Course|p1a: Hydreigon\n|-supereffective|p1a: Hydreigon\n|-damage|p1a: Hydreigon|0 fnt\n|faint|p1a: Hydreigon\n|-damage|p2a: Koraidon|54\/100|[from] item: Life Orb\n|\n|-weather|SunnyDay|[upkeep]\n|upkeep\n|\n|t:|1700620305\n|switch|p1a: Moltres|Moltres-Galar, shiny|100\/100\n|turn|7\n|\n|t:|1700620330\n|move|p2a: Koraidon|Dragon Claw|p1a: Moltres\n|-damage|p1a: Moltres|19\/100\n|-ability|p1a: Moltres|Berserk|boost\n|-boost|p1a: Moltres|spa|1\n|-damage|p2a: Koraidon|44\/100|[from] item: Life Orb\n|move|p1a: Moltres|Hurricane|p2a: Koraidon\n|-supereffective|p2a: Koraidon\n|-damage|p2a: Koraidon|0 fnt\n|faint|p2a: Koraidon\n|\n|-weather|SunnyDay|[upkeep]\n|upkeep\n|inactive|Ceslva34 has 120 seconds left.\n|\n|t:|1700620349\n|switch|p2a: Roaring Moon|Roaring Moon|100\/100\n|-damage|p2a: Roaring Moon|88\/100|[from] Spikes\n|-activate|p2a: Roaring Moon|ability: Protosynthesis\n|-start|p2a: Roaring Moon|protosynthesisatk\n|turn|8\n|\n|t:|1700620357\n|move|p2a: Roaring Moon|Scale Shot|p1a: Moltres|[miss]\n|-miss|p2a: Roaring Moon|p1a: Moltres\n|move|p1a: Moltres|U-turn|p2a: Roaring Moon\n|-supereffective|p2a: Roaring Moon\n|-damage|p2a: Roaring Moon|56\/100\n|\n|t:|1700620364\n|switch|p1a: Sneasler|Sneasler, M|100\/100|[from] U-turn\n|-activate|p1a: Sneasler|move: Sticky Web\n|-unboost|p1a: Sneasler|spe|1\n|-enditem|p1a: Sneasler|White Herb\n|-clearnegativeboost|p1a: Sneasler|[silent]\n|\n|-weather|none\n|-end|p2a: Roaring Moon|Protosynthesis\n|upkeep\n|turn|9\n|inactive|Ceslva34 has 120 seconds left.\n|\n|t:|1700620394\n|move|p1a: Sneasler|Fake Out|p2a: Roaring Moon\n|-damage|p2a: Roaring Moon|36\/100\n|cant|p2a: Roaring Moon|flinch\n|\n|upkeep\n|turn|10\n|\n|t:|1700620401\n|move|p1a: Sneasler|Close Combat|p2a: Roaring Moon\n|-supereffective|p2a: Roaring Moon\n|-damage|p2a: Roaring Moon|0 fnt\n|-unboost|p1a: Sneasler|def|1\n|-unboost|p1a: Sneasler|spd|1\n|faint|p2a: Roaring Moon\n|-end|p2a: Roaring Moon|Protosynthesis|[silent]\n|\n|upkeep\n|inactive|Ceslva34 has 120 seconds left.\n|\n|t:|1700620409\n|switch|p2a: Urshifu|Urshifu-Rapid-Strike, M|100\/100\n|-damage|p2a: Urshifu|88\/100|[from] Spikes\n|turn|11\n|\n|t:|1700620415\n|move|p1a: Sneasler|Dire Claw|p2a: Urshifu\n|-damage|p2a: Urshifu|45\/100\n|-status|p2a: Urshifu|slp\n|cant|p2a: Urshifu|slp\n|\n|upkeep\n|turn|12\n|\n|t:|1700620421\n|move|p1a: Sneasler|Dire Claw|p2a: Urshifu\n|-damage|p2a: Urshifu|0 fnt\n|faint|p2a: Urshifu\n|\n|upkeep\n|\n|t:|1700620433\n|switch|p2a: Chi-Yu|Chi-Yu|100\/100\n|-damage|p2a: Chi-Yu|88\/100|[from] Spikes\n|-ability|p2a: Chi-Yu|Beads of Ruin\n|turn|13\n|\n|t:|1700620442\n|move|p1a: Sneasler|Close Combat|p2a: Chi-Yu\n|-supereffective|p2a: Chi-Yu\n|-damage|p2a: Chi-Yu|0 fnt\n|-unboost|p1a: Sneasler|def|1\n|-unboost|p1a: Sneasler|spd|1\n|faint|p2a: Chi-Yu\n|\n|upkeep\n|\n|t:|1700620445\n|switch|p2a: Ursaluna|Ursaluna-Bloodmoon, M|100\/100\n|-damage|p2a: Ursaluna|88\/100|[from] Spikes\n|turn|14\n|\n|t:|1700620449\n|move|p1a: Sneasler|Close Combat|p2a: Ursaluna\n|-supereffective|p2a: Ursaluna\n|-damage|p2a: Ursaluna|0 fnt\n|-unboost|p1a: Sneasler|def|1\n|-unboost|p1a: Sneasler|spd|1\n|faint|p2a: Ursaluna\n|\n|win|Zurb\n|raw|Zurb's rating: 1000 &rarr; <strong>1046<\/strong><br \/>(+46 for winning)\n|raw|Ceslva34's rating: 1049 &rarr; <strong>1029<\/strong><br \/>(-20 for losing)\n|c|\u2606Zurb|gg\n|l|\u2606Ceslva34\n","uploadtime":1700620456,"views":1,"p1id":"zurb","p2id":"ceslva34","formatid":"gen9ubers","rating":1029,"private":0,"password":""}