{"id":"gen9ubers-1990282416","p1":"bladedancer99","p2":"majurim","format":"[Gen 9] Ubers","log":"|j|\u2606bladedancer99\n|j|\u2606majurim\n|t:|1699950250\n|gametype|singles\n|player|p1|bladedancer99|ethan|1152\n|player|p2|majurim|101|1313\n|teamsize|p1|6\n|teamsize|p2|6\n|gen|9\n|tier|[Gen 9] Ubers\n|rated|\n|rule|Sleep Clause Mod: Limit one foe put to sleep\n|rule|Species Clause: Limit one of each Pok\u00e9mon\n|rule|OHKO Clause: OHKO moves are banned\n|rule|Evasion Items Clause: Evasion items are banned\n|rule|Evasion Moves Clause: Evasion moves are banned\n|rule|Endless Battle Clause: Forcing endless battles is banned\n|rule|HP Percentage Mod: HP is shown in percentages\n|clearpoke\n|poke|p1|Greninja-*, M|\n|poke|p1|Gliscor, M|\n|poke|p1|Vikavolt, F|\n|poke|p1|Flutter Mane|\n|poke|p1|Roaring Moon|\n|poke|p1|Grimmsnarl, M|\n|poke|p2|Cyclizar, M|\n|poke|p2|Magearna|\n|poke|p2|Flutter Mane|\n|poke|p2|Grimmsnarl, M|\n|poke|p2|Arceus-Ground|\n|poke|p2|Ceruledge, M|\n|teampreview\n|j| Glacialblitz\n|\n|t:|1699950299\n|start\n|switch|p1a: Vikavolt|Vikavolt, F|100\/100\n|switch|p2a: Grimmsnarl|Grimmsnarl, M|100\/100\n|turn|1\n|\n|t:|1699950326\n|move|p2a: Grimmsnarl|Taunt|p1a: Vikavolt\n|-start|p1a: Vikavolt|move: Taunt\n|cant|p1a: Vikavolt|move: Taunt|Sticky Web\n|\n|upkeep\n|turn|2\n|\n|t:|1699950336\n|move|p2a: Grimmsnarl|Reflect|p2a: Grimmsnarl\n|-sidestart|p2: majurim|Reflect\n|move|p1a: Vikavolt|Volt Switch|p2a: Grimmsnarl\n|-damage|p2a: Grimmsnarl|68\/100\n|\n|t:|1699950344\n|switch|p1a: Grimmsnarl|Grimmsnarl, M|100\/100|[from] Volt Switch\n|\n|upkeep\n|turn|3\n|\n|t:|1699950348\n|move|p1a: Grimmsnarl|Reflect|p1a: Grimmsnarl\n|-sidestart|p1: bladedancer99|Reflect\n|move|p2a: Grimmsnarl|Light Screen|p2a: Grimmsnarl\n|-sidestart|p2: majurim|move: Light Screen\n|\n|upkeep\n|turn|4\n|\n|t:|1699950350\n|switch|p2a: Cyclizar|Cyclizar, M|100\/100\n|move|p1a: Grimmsnarl|Light Screen|p1a: Grimmsnarl\n|-sidestart|p1: bladedancer99|move: Light Screen\n|\n|upkeep\n|turn|5\n|\n|t:|1699950358\n|move|p1a: Grimmsnarl|Thunder Wave|p2a: Cyclizar\n|-status|p2a: Cyclizar|par\n|move|p2a: Cyclizar|Shed Tail|p2a: Cyclizar\n|-start|p2a: Cyclizar|Substitute|[from] move: Shed Tail\n|-damage|p2a: Cyclizar|50\/100 par\n|\n|t:|1699950369\n|switch|p2a: Magearna|Magearna|100\/100|[from] Shed Tail\n|\n|upkeep\n|turn|6\n|\n|t:|1699950375\n|move|p2a: Magearna|Shift Gear|p2a: Magearna\n|-boost|p2a: Magearna|spe|2\n|-boost|p2a: Magearna|atk|1\n|move|p1a: Grimmsnarl|Spirit Break|p2a: Magearna\n|-resisted|p2a: Magearna\n|-activate|p2a: Magearna|move: Substitute|[damage]\n|\n|upkeep\n|turn|7\n|\n|t:|1699950383\n|switch|p1a: Gliscor|Gliscor, M|100\/100\n|move|p2a: Magearna|Calm Mind|p2a: Magearna\n|-boost|p2a: Magearna|spa|1\n|-boost|p2a: Magearna|spd|1\n|\n|-status|p1a: Gliscor|tox|[from] item: Toxic Orb\n|upkeep\n|turn|8\n|\n|t:|1699950396\n|-terastallize|p2a: Magearna|Water\n|move|p2a: Magearna|Calm Mind|p2a: Magearna\n|-boost|p2a: Magearna|spa|1\n|-boost|p2a: Magearna|spd|1\n|move|p1a: Gliscor|Earthquake|p2a: Magearna\n|-activate|p2a: Magearna|move: Substitute|[damage]\n|\n|upkeep\n|turn|9\n|\n|t:|1699950404\n|move|p2a: Magearna|Calm Mind|p2a: Magearna\n|-boost|p2a: Magearna|spa|1\n|-boost|p2a: Magearna|spd|1\n|move|p1a: Gliscor|Earthquake|p2a: Magearna\n|-end|p2a: Magearna|Substitute\n|\n|-sideend|p2: majurim|Reflect\n|upkeep\n|turn|10\n|\n|t:|1699950412\n|move|p2a: Magearna|Stored Power|p1a: Gliscor\n|-damage|p1a: Gliscor|18\/100 tox\n|move|p1a: Gliscor|Toxic|p2a: Magearna\n|-status|p2a: Magearna|tox\n|\n|-damage|p2a: Magearna|94\/100 tox|[from] psn\n|-heal|p1a: Gliscor|31\/100 tox|[from] ability: Poison Heal\n|-sideend|p1: bladedancer99|Reflect\n|-sideend|p2: majurim|move: Light Screen\n|upkeep\n|turn|11\n|\n|t:|1699950420\n|move|p1a: Gliscor|Protect|p1a: Gliscor\n|-singleturn|p1a: Gliscor|Protect\n|move|p2a: Magearna|Stored Power|p1a: Gliscor\n|-activate|p1a: Gliscor|move: Protect\n|\n|-heal|p2a: Magearna|100\/100 tox|[from] item: Leftovers\n|-damage|p2a: Magearna|88\/100 tox|[from] psn\n|-heal|p1a: Gliscor|43\/100 tox|[from] ability: Poison Heal\n|-sideend|p1: bladedancer99|move: Light Screen\n|upkeep\n|turn|12\n|\n|t:|1699950430\n|switch|p1a: Grimmsnarl|Grimmsnarl, M|100\/100\n|move|p2a: Magearna|Draining Kiss|p1a: Grimmsnarl\n|-supereffective|p1a: Grimmsnarl\n|-damage|p1a: Grimmsnarl|22\/100\n|-heal|p2a: Magearna|100\/100 tox|[from] drain|[of] p1a: Grimmsnarl\n|\n|-damage|p2a: Magearna|82\/100 tox|[from] psn\n|upkeep\n|turn|13\n|\n|t:|1699950436\n|move|p1a: Grimmsnarl|Light Screen|p1a: Grimmsnarl\n|-sidestart|p1: bladedancer99|move: Light Screen\n|move|p2a: Magearna|Draining Kiss|p1a: Grimmsnarl\n|-supereffective|p1a: Grimmsnarl\n|-damage|p1a: Grimmsnarl|0 fnt\n|-heal|p2a: Magearna|99\/100 tox|[from] drain|[of] p1a: Grimmsnarl\n|faint|p1a: Grimmsnarl\n|-ability|p2a: Magearna|Soul-Heart|boost\n|-boost|p2a: Magearna|spa|1\n|\n|-heal|p2a: Magearna|100\/100 tox|[from] item: Leftovers\n|-damage|p2a: Magearna|76\/100 tox|[from] psn\n|upkeep\n|\n|t:|1699950442\n|switch|p1a: Vikavolt|Vikavolt, F|100\/100\n|turn|14\n|\n|t:|1699950454\n|move|p2a: Magearna|Draining Kiss|p1a: Vikavolt\n|-damage|p1a: Vikavolt|51\/100\n|-heal|p2a: Magearna|100\/100 tox|[from] drain|[of] p1a: Vikavolt\n|move|p1a: Vikavolt|Sticky Web|p2a: Magearna\n|-sidestart|p2: majurim|move: Sticky Web\n|\n|-damage|p2a: Magearna|70\/100 tox|[from] psn\n|upkeep\n|turn|15\n|\n|t:|1699950458\n|move|p2a: Magearna|Stored Power|p1a: Vikavolt\n|-damage|p1a: Vikavolt|0 fnt\n|faint|p1a: Vikavolt\n|-ability|p2a: Magearna|Soul-Heart|boost\n|-boost|p2a: Magearna|spa|1\n|\n|-heal|p2a: Magearna|76\/100 tox|[from] item: Leftovers\n|-damage|p2a: Magearna|40\/100 tox|[from] psn\n|upkeep\n|\n|t:|1699950464\n|switch|p1a: Greninja|Greninja, M|100\/100\n|turn|16\n|\n|t:|1699950474\n|move|p2a: Magearna|Draining Kiss|p1a: Greninja\n|-supereffective|p1a: Greninja\n|-damage|p1a: Greninja|0 fnt\n|-heal|p2a: Magearna|99\/100 tox|[from] drain|[of] p1a: Greninja\n|faint|p1a: Greninja\n|-ability|p2a: Magearna|Soul-Heart|boost\n|-boost|p2a: Magearna|spa|1\n|\n|-heal|p2a: Magearna|100\/100 tox|[from] item: Leftovers\n|-damage|p2a: Magearna|58\/100 tox|[from] psn\n|upkeep\n|\n|t:|1699950478\n|switch|p1a: Flutter Mane|Flutter Mane|100\/100\n|-enditem|p1a: Flutter Mane|Booster Energy\n|-activate|p1a: Flutter Mane|ability: Protosynthesis|[fromitem]\n|-start|p1a: Flutter Mane|protosynthesisspa\n|turn|17\n|\n|t:|1699950483\n|move|p2a: Magearna|Stored Power|p1a: Flutter Mane\n|-damage|p1a: Flutter Mane|0 fnt\n|faint|p1a: Flutter Mane\n|-end|p1a: Flutter Mane|Protosynthesis|[silent]\n|\n|-heal|p2a: Magearna|64\/100 tox|[from] item: Leftovers\n|-damage|p2a: Magearna|16\/100 tox|[from] psn\n|upkeep\n|\n|t:|1699950488\n|switch|p1a: Roaring Moon|Roaring Moon|100\/100\n|-enditem|p1a: Roaring Moon|Booster Energy\n|-activate|p1a: Roaring Moon|ability: Protosynthesis|[fromitem]\n|-start|p1a: Roaring Moon|protosynthesisatk\n|turn|18\n|\n|t:|1699950490\n|-terastallize|p1a: Roaring Moon|Flying\n|move|p2a: Magearna|Draining Kiss|p1a: Roaring Moon\n|-damage|p1a: Roaring Moon|59\/100\n|-heal|p2a: Magearna|46\/100 tox|[from] drain|[of] p1a: Roaring Moon\n|move|p1a: Roaring Moon|Dragon Dance|p1a: Roaring Moon\n|-boost|p1a: Roaring Moon|atk|1\n|-boost|p1a: Roaring Moon|spe|1\n|\n|-heal|p2a: Magearna|52\/100 tox|[from] item: Leftovers\n|-damage|p2a: Magearna|0 fnt|[from] psn\n|faint|p2a: Magearna\n|upkeep\n|\n|t:|1699950512\n|switch|p2a: Grimmsnarl|Grimmsnarl, M|68\/100\n|-activate|p2a: Grimmsnarl|move: Sticky Web\n|-unboost|p2a: Grimmsnarl|spe|1\n|turn|19\n|\n|t:|1699950519\n|move|p2a: Grimmsnarl|Reflect|p2a: Grimmsnarl\n|-sidestart|p2: majurim|Reflect\n|move|p1a: Roaring Moon|Acrobatics|p2a: Grimmsnarl\n|-damage|p2a: Grimmsnarl|11\/100\n|\n|upkeep\n|turn|20\n|\n|t:|1699950526\n|move|p2a: Grimmsnarl|Parting Shot|p1a: Roaring Moon\n|-unboost|p1a: Roaring Moon|atk|1\n|-unboost|p1a: Roaring Moon|spa|1\n|\n|t:|1699950529\n|switch|p2a: Ceruledge|Ceruledge, M|100\/100|[from] Parting Shot\n|move|p1a: Roaring Moon|Dragon Dance|p1a: Roaring Moon\n|-boost|p1a: Roaring Moon|atk|1\n|-boost|p1a: Roaring Moon|spe|1\n|\n|-sideend|p1: bladedancer99|move: Light Screen\n|upkeep\n|turn|21\n|\n|t:|1699950540\n|move|p1a: Roaring Moon|Earthquake|p2a: Ceruledge\n|-supereffective|p2a: Ceruledge\n|-damage|p2a: Ceruledge|17\/100\n|-ability|p2a: Ceruledge|Weak Armor|boost\n|-unboost|p2a: Ceruledge|def|1\n|-boost|p2a: Ceruledge|spe|2\n|move|p2a: Ceruledge|Bitter Blade|p1a: Roaring Moon\n|-damage|p1a: Roaring Moon|0 fnt\n|-heal|p2a: Ceruledge|47\/100|[from] drain|[of] p1a: Roaring Moon\n|faint|p1a: Roaring Moon\n|-end|p1a: Roaring Moon|Protosynthesis|[silent]\n|\n|upkeep\n|\n|t:|1699950544\n|switch|p1a: Gliscor|Gliscor, M|43\/100 tox\n|turn|22\n|\n|t:|1699950549\n|move|p1a: Gliscor|Protect|p1a: Gliscor\n|-singleturn|p1a: Gliscor|Protect\n|move|p2a: Ceruledge|Swords Dance|p2a: Ceruledge\n|-boost|p2a: Ceruledge|atk|2\n|\n|-heal|p1a: Gliscor|56\/100 tox|[from] ability: Poison Heal\n|upkeep\n|turn|23\n|\n|t:|1699950553\n|move|p2a: Ceruledge|Bitter Blade|p1a: Gliscor\n|-damage|p1a: Gliscor|0 fnt\n|-heal|p2a: Ceruledge|76\/100|[from] drain|[of] p1a: Gliscor\n|faint|p1a: Gliscor\n|\n|win|majurim\n|raw|bladedancer99's rating: 1152 &rarr; <strong>1138<\/strong><br \/>(-14 for losing)\n|raw|majurim's rating: 1313 &rarr; <strong>1324<\/strong><br \/>(+11 for winning)\n","uploadtime":1699950262,"views":6,"p1id":"bladedancer99","p2id":"majurim","formatid":"gen9ubers","rating":1138,"private":0,"password":""}