{"id":"gen9ubers-1999297113","p1":"Spem53","p2":"Mitsunara3","format":"[Gen 9] Ubers","log":"|j|\u2606Spem53\n|j|\u2606Mitsunara3\n|t:|1701056609\n|gametype|singles\n|player|p1|Spem53|giovanni|\n|player|p2|Mitsunara3|ingo|\n|teamsize|p1|6\n|teamsize|p2|6\n|gen|9\n|tier|[Gen 9] Ubers\n|rule|Sleep Clause Mod: Limit one foe put to sleep\n|rule|Species Clause: Limit one of each Pok\u00e9mon\n|rule|OHKO Clause: OHKO moves are banned\n|rule|Evasion Items Clause: Evasion items are banned\n|rule|Evasion Moves Clause: Evasion moves are banned\n|rule|Endless Battle Clause: Forcing endless battles is banned\n|rule|HP Percentage Mod: HP is shown in percentages\n|clearpoke\n|poke|p1|Dondozo, M|\n|poke|p1|Clodsire, M|\n|poke|p1|Chien-Pao|\n|poke|p1|Ogerpon-Wellspring, F|\n|poke|p1|Cyclizar, M|\n|poke|p1|Iron Bundle|\n|poke|p2|Clodsire, F|\n|poke|p2|Flutter Mane|\n|poke|p2|Ogerpon-Wellspring, F|\n|poke|p2|Dondozo, M|\n|poke|p2|Chien-Pao|\n|poke|p2|Iron Bundle|\n|teampreview\n|c|\u2606Spem53|Bueno aqui estamos\n|c|\u2606Mitsunara3|Si suerte\n|c|\u2606Spem53|Primera final entre nosotros no?\n|c|\u2606Mitsunara3|Si\n|c|\u2606Mitsunara3|Este comabte lo espere mucho la verdad\n|\n|t:|1701056671\n|start\n|switch|p1a: Bluwu|Clodsire, M, shiny|100\/100\n|switch|p2a: Flutter Mane|Flutter Mane|100\/100\n|turn|1\n|c|\u2606Spem53|Lo mismo digo\n|\n|t:|1701056699\n|-end|p2a: Flutter Mane|Protosynthesis|[silent]\n|switch|p2a: Chien-Pao|Chien-Pao|100\/100\n|-ability|p2a: Chien-Pao|Sword of Ruin\n|move|p1a: Bluwu|Stealth Rock|p2a: Chien-Pao\n|-sidestart|p2: Mitsunara3|move: Stealth Rock\n|\n|upkeep\n|turn|2\n|\n|t:|1701056706\n|switch|p1a: Totoro|Dondozo, M, shiny|100\/100\n|move|p2a: Chien-Pao|Ice Shard|p1a: Totoro\n|-resisted|p1a: Totoro\n|-damage|p1a: Totoro|94\/100\n|\n|-heal|p1a: Totoro|99\/100|[from] item: Leftovers\n|upkeep\n|turn|3\n|\n|t:|1701056714\n|switch|p2a: Ogerpon|Ogerpon-Wellspring, F|100\/100\n|-damage|p2a: Ogerpon|88\/100|[from] Stealth Rock\n|move|p1a: Totoro|Liquidation|p2a: Ogerpon\n|-heal|p2a: Ogerpon|100\/100|[from] ability: Water Absorb|[of] p1a: Totoro\n|\n|-heal|p1a: Totoro|100\/100|[from] item: Leftovers\n|upkeep\n|turn|4\n|\n|t:|1701056719\n|move|p2a: Ogerpon|Swords Dance|p2a: Ogerpon\n|-boost|p2a: Ogerpon|atk|2\n|move|p1a: Totoro|Curse|p1a: Totoro\n|-unboost|p1a: Totoro|spe|1\n|-boost|p1a: Totoro|atk|1\n|-boost|p1a: Totoro|def|1\n|\n|upkeep\n|turn|5\n|\n|t:|1701056723\n|move|p2a: Ogerpon|Taunt|p1a: Totoro\n|-start|p1a: Totoro|move: Taunt\n|cant|p1a: Totoro|move: Taunt|Curse\n|\n|upkeep\n|turn|6\n|\n|t:|1701056729\n|move|p2a: Ogerpon|Horn Leech|p1a: Totoro\n|-supereffective|p1a: Totoro\n|-damage|p1a: Totoro|70\/100\n|move|p1a: Totoro|Body Press|p2a: Ogerpon\n|-damage|p2a: Ogerpon|63\/100\n|\n|-heal|p1a: Totoro|76\/100|[from] item: Leftovers\n|upkeep\n|turn|7\n|\n|t:|1701056736\n|move|p2a: Ogerpon|Horn Leech|p1a: Totoro\n|-supereffective|p1a: Totoro\n|-damage|p1a: Totoro|48\/100\n|-heal|p2a: Ogerpon|82\/100|[from] drain|[of] p1a: Totoro\n|move|p1a: Totoro|Body Press|p2a: Ogerpon\n|-damage|p2a: Ogerpon|46\/100\n|\n|-heal|p1a: Totoro|54\/100|[from] item: Leftovers\n|-end|p1a: Totoro|move: Taunt\n|upkeep\n|turn|8\n|\n|t:|1701056774\n|move|p2a: Ogerpon|Horn Leech|p1a: Totoro\n|-supereffective|p1a: Totoro\n|-damage|p1a: Totoro|23\/100\n|-heal|p2a: Ogerpon|68\/100|[from] drain|[of] p1a: Totoro\n|move|p1a: Totoro|Body Press|p2a: Ogerpon\n|-damage|p2a: Ogerpon|28\/100\n|\n|-heal|p1a: Totoro|29\/100|[from] item: Leftovers\n|upkeep\n|turn|9\n|\n|t:|1701056809\n|move|p2a: Ogerpon|Horn Leech|p1a: Totoro\n|-supereffective|p1a: Totoro\n|-damage|p1a: Totoro|0 fnt\n|-heal|p2a: Ogerpon|47\/100|[from] drain|[of] p1a: Totoro\n|faint|p1a: Totoro\n|\n|upkeep\n|\n|t:|1701056813\n|switch|p1a: Ti grito|Chien-Pao|100\/100\n|-ability|p1a: Ti grito|Sword of Ruin\n|turn|10\n|\n|t:|1701056818\n|switch|p2a: Dondozo|Dondozo, M|100\/100\n|-damage|p2a: Dondozo|88\/100|[from] Stealth Rock\n|move|p1a: Ti grito|Crunch|p2a: Dondozo\n|-damage|p2a: Dondozo|63\/100\n|\n|-heal|p2a: Dondozo|69\/100|[from] item: Leftovers\n|upkeep\n|turn|11\n|\n|t:|1701056833\n|switch|p1a: Saikuna|Ogerpon-Wellspring, F|100\/100\n|move|p2a: Dondozo|Body Press|p1a: Saikuna\n|-crit|p1a: Saikuna\n|-damage|p1a: Saikuna|48\/100\n|\n|-heal|p2a: Dondozo|75\/100|[from] item: Leftovers\n|upkeep\n|turn|12\n|\n|t:|1701056841\n|move|p1a: Saikuna|Horn Leech|p2a: Dondozo\n|-supereffective|p2a: Dondozo\n|-damage|p2a: Dondozo|36\/100\n|-heal|p1a: Saikuna|81\/100|[from] drain|[of] p2a: Dondozo\n|move|p2a: Dondozo|Body Press|p1a: Saikuna\n|-damage|p1a: Saikuna|42\/100\n|\n|-heal|p2a: Dondozo|42\/100|[from] item: Leftovers\n|upkeep\n|turn|13\n|\n|t:|1701056864\n|move|p1a: Saikuna|Horn Leech|p2a: Dondozo\n|-supereffective|p2a: Dondozo\n|-damage|p2a: Dondozo|4\/100\n|-heal|p1a: Saikuna|73\/100|[from] drain|[of] p2a: Dondozo\n|move|p2a: Dondozo|Body Press|p1a: Saikuna\n|-damage|p1a: Saikuna|37\/100\n|\n|-heal|p2a: Dondozo|11\/100|[from] item: Leftovers\n|upkeep\n|turn|14\n|\n|t:|1701056873\n|move|p1a: Saikuna|Horn Leech|p2a: Dondozo\n|-supereffective|p2a: Dondozo\n|-crit|p2a: Dondozo\n|-damage|p2a: Dondozo|0 fnt\n|-heal|p1a: Saikuna|46\/100|[from] drain|[of] p2a: Dondozo\n|faint|p2a: Dondozo\n|\n|upkeep\n|\n|t:|1701056877\n|switch|p2a: Flutter Mane|Flutter Mane|100\/100\n|-damage|p2a: Flutter Mane|88\/100|[from] Stealth Rock\n|turn|15\n|\n|t:|1701056881\n|switch|p1a: Bluwu|Clodsire, M, shiny|100\/100\n|move|p2a: Flutter Mane|Thunderbolt|p1a: Bluwu\n|-immune|p1a: Bluwu\n|\n|upkeep\n|turn|16\n|\n|t:|1701056884\n|-end|p2a: Flutter Mane|Protosynthesis|[silent]\n|switch|p2a: Chien-Pao|Chien-Pao|100\/100\n|-damage|p2a: Chien-Pao|76\/100|[from] Stealth Rock\n|-ability|p2a: Chien-Pao|Sword of Ruin\n|move|p1a: Bluwu|Yawn|p2a: Chien-Pao\n|-start|p2a: Chien-Pao|move: Yawn|[of] p1a: Bluwu\n|\n|upkeep\n|turn|17\n|\n|t:|1701056899\n|switch|p2a: Clodsire|Clodsire, F|100\/100\n|-damage|p2a: Clodsire|94\/100|[from] Stealth Rock\n|switch|p1a: Ti grito|Chien-Pao|100\/100\n|-ability|p1a: Ti grito|Sword of Ruin\n|\n|-heal|p2a: Clodsire|100\/100|[from] item: Black Sludge\n|upkeep\n|turn|18\n|\n|t:|1701056911\n|-terastallize|p2a: Clodsire|Poison\n|move|p1a: Ti grito|Ice Spinner|p2a: Clodsire\n|-damage|p2a: Clodsire|48\/100\n|move|p2a: Clodsire|Stealth Rock|p1a: Ti grito\n|-sidestart|p1: Spem53|move: Stealth Rock\n|\n|-heal|p2a: Clodsire|54\/100|[from] item: Black Sludge\n|upkeep\n|turn|19\n|\n|t:|1701056923\n|switch|p1a: DBZ Kai|Cyclizar, M, shiny|100\/100\n|-damage|p1a: DBZ Kai|88\/100|[from] Stealth Rock\n|move|p2a: Clodsire|Recover|p2a: Clodsire\n|-heal|p2a: Clodsire|100\/100\n|\n|upkeep\n|turn|20\n|\n|t:|1701056931\n|switch|p2a: Iron Bundle|Iron Bundle|100\/100\n|-damage|p2a: Iron Bundle|76\/100|[from] Stealth Rock\n|-enditem|p2a: Iron Bundle|Booster Energy\n|-activate|p2a: Iron Bundle|ability: Quark Drive|[fromitem]\n|-start|p2a: Iron Bundle|quarkdrivespe\n|move|p1a: DBZ Kai|Rapid Spin|p2a: Iron Bundle\n|-damage|p2a: Iron Bundle|59\/100\n|-boost|p1a: DBZ Kai|spe|1\n|-sideend|p1: Spem53|Stealth Rock|[from] move: Rapid Spin|[of] p1a: DBZ Kai\n|\n|upkeep\n|turn|21\n|\n|t:|1701056936\n|switch|p1a: Bluwu|Clodsire, M, shiny|100\/100\n|move|p2a: Iron Bundle|Hydro Pump|p1a: Bluwu\n|-immune|p1a: Bluwu|[from] ability: Water Absorb\n|\n|upkeep\n|turn|22\n|\n|t:|1701056945\n|move|p2a: Iron Bundle|Freeze-Dry|p1a: Bluwu\n|-supereffective|p1a: Bluwu\n|-damage|p1a: Bluwu|64\/100\n|move|p1a: Bluwu|Earthquake|p2a: Iron Bundle\n|-damage|p2a: Iron Bundle|24\/100\n|\n|upkeep\n|turn|23\n|\n|t:|1701056954\n|-end|p2a: Iron Bundle|Quark Drive|[silent]\n|switch|p2a: Clodsire|Clodsire, F, tera:Poison|100\/100\n|-damage|p2a: Clodsire|88\/100|[from] Stealth Rock\n|switch|p1a: Ti grito|Chien-Pao|100\/100\n|-ability|p1a: Ti grito|Sword of Ruin\n|\n|-heal|p2a: Clodsire|94\/100|[from] item: Black Sludge\n|upkeep\n|turn|24\n|\n|t:|1701056961\n|switch|p1a: DBZ Kai|Cyclizar, M, shiny|100\/100\n|move|p2a: Clodsire|Recover|p2a: Clodsire\n|-heal|p2a: Clodsire|100\/100\n|\n|upkeep\n|turn|25\n|\n|t:|1701056966\n|move|p1a: DBZ Kai|Taunt|p2a: Clodsire\n|-start|p2a: Clodsire|move: Taunt\n|move|p2a: Clodsire|Earthquake|p1a: DBZ Kai\n|-damage|p1a: DBZ Kai|59\/100\n|\n|upkeep\n|turn|26\n|\n|t:|1701056970\n|move|p1a: DBZ Kai|Shed Tail|p1a: DBZ Kai\n|-start|p1a: DBZ Kai|Substitute|[from] move: Shed Tail\n|-damage|p1a: DBZ Kai|8\/100\n|-enditem|p1a: DBZ Kai|Sitrus Berry|[eat]\n|-heal|p1a: DBZ Kai|33\/100|[from] item: Sitrus Berry\n|\n|t:|1701056974\n|switch|p1a: Saikuna|Ogerpon-Wellspring, F|46\/100|[from] Shed Tail\n|move|p2a: Clodsire|Earthquake|p1a: Saikuna\n|-resisted|p1a: Saikuna\n|-activate|p1a: Saikuna|move: Substitute|[damage]\n|\n|upkeep\n|turn|27\n|\n|t:|1701056980\n|move|p1a: Saikuna|Swords Dance|p1a: Saikuna\n|-boost|p1a: Saikuna|atk|2\n|move|p2a: Clodsire|Earthquake|p1a: Saikuna\n|-resisted|p1a: Saikuna\n|-end|p1a: Saikuna|Substitute\n|\n|-end|p2a: Clodsire|move: Taunt\n|upkeep\n|turn|28\n|\n|t:|1701056986\n|move|p1a: Saikuna|Taunt|p2a: Clodsire\n|-start|p2a: Clodsire|move: Taunt\n|cant|p2a: Clodsire|move: Taunt|Haze\n|\n|upkeep\n|turn|29\n|\n|t:|1701056990\n|move|p1a: Saikuna|Horn Leech|p2a: Clodsire\n|-resisted|p2a: Clodsire\n|-damage|p2a: Clodsire|60\/100\n|-heal|p1a: Saikuna|77\/100|[from] drain|[of] p2a: Clodsire\n|move|p2a: Clodsire|Earthquake|p1a: Saikuna\n|-resisted|p1a: Saikuna\n|-damage|p1a: Saikuna|60\/100\n|\n|-heal|p2a: Clodsire|66\/100|[from] item: Black Sludge\n|upkeep\n|turn|30\n|\n|t:|1701057003\n|switch|p2a: Iron Bundle|Iron Bundle|24\/100\n|-damage|p2a: Iron Bundle|0 fnt|[from] Stealth Rock\n|faint|p2a: Iron Bundle\n|-end|p2a: Iron Bundle|Quark Drive|[silent]\n|move|p1a: Saikuna|Horn Leech|p2: Iron Bundle|[notarget]\n|-fail|p1a: Saikuna\n|\n|upkeep\n|\n|t:|1701057006\n|switch|p2a: Flutter Mane|Flutter Mane|88\/100\n|-damage|p2a: Flutter Mane|76\/100|[from] Stealth Rock\n|turn|31\n|\n|t:|1701057013\n|-terastallize|p1a: Saikuna|Water\n|detailschange|p1a: Saikuna|Ogerpon-Wellspring-Tera, F, tera:Water\n|-ability|p1a: Saikuna|Embody Aspect (Wellspring)|boost\n|-boost|p1a: Saikuna|spd|1\n|move|p2a: Flutter Mane|Thunderbolt|p1a: Saikuna\n|-supereffective|p1a: Saikuna\n|-damage|p1a: Saikuna|0 fnt\n|faint|p1a: Saikuna\n|\n|upkeep\n|\n|t:|1701057022\n|switch|p1a: Bluwu|Clodsire, M, shiny|64\/100\n|turn|32\n|\n|t:|1701057028\n|-end|p2a: Flutter Mane|Protosynthesis|[silent]\n|switch|p2a: Clodsire|Clodsire, F, tera:Poison|66\/100\n|-damage|p2a: Clodsire|54\/100|[from] Stealth Rock\n|move|p1a: Bluwu|Earthquake|p2a: Clodsire\n|-supereffective|p2a: Clodsire\n|-damage|p2a: Clodsire|0 fnt\n|faint|p2a: Clodsire\n|\n|upkeep\n|\n|t:|1701057035\n|switch|p2a: Chien-Pao|Chien-Pao|76\/100\n|-damage|p2a: Chien-Pao|51\/100|[from] Stealth Rock\n|-ability|p2a: Chien-Pao|Sword of Ruin\n|turn|33\n|\n|t:|1701057044\n|switch|p1a: Delibird 2.0|Iron Bundle, shiny|100\/100\n|-enditem|p1a: Delibird 2.0|Booster Energy\n|-activate|p1a: Delibird 2.0|ability: Quark Drive|[fromitem]\n|-start|p1a: Delibird 2.0|quarkdrivespe\n|move|p2a: Chien-Pao|Ice Shard|p1a: Delibird 2.0\n|-resisted|p1a: Delibird 2.0\n|-damage|p1a: Delibird 2.0|92\/100\n|\n|upkeep\n|turn|34\n|\n|t:|1701057055\n|move|p2a: Chien-Pao|Sucker Punch||[still]\n|-fail|p2a: Chien-Pao\n|move|p1a: Delibird 2.0|Encore|p2a: Chien-Pao\n|-start|p2a: Chien-Pao|Encore\n|\n|upkeep\n|turn|35\n|\n|t:|1701057064\n|-end|p1a: Delibird 2.0|Quark Drive|[silent]\n|switch|p1a: DBZ Kai|Cyclizar, M, shiny|66\/100\n|move|p2a: Chien-Pao|Sucker Punch||[still]\n|-fail|p2a: Chien-Pao\n|\n|upkeep\n|turn|36\n|\n|t:|1701057078\n|move|p2a: Chien-Pao|Sucker Punch||[still]\n|-fail|p2a: Chien-Pao\n|move|p1a: DBZ Kai|Shed Tail|p1a: DBZ Kai\n|-start|p1a: DBZ Kai|Substitute|[from] move: Shed Tail\n|-damage|p1a: DBZ Kai|16\/100\n|\n|t:|1701057084\n|switch|p1a: Ti grito|Chien-Pao|100\/100|[from] Shed Tail\n|-ability|p1a: Ti grito|Sword of Ruin\n|\n|upkeep\n|turn|37\n|\n|t:|1701057087\n|move|p2a: Chien-Pao|Sucker Punch|p1a: Ti grito\n|-resisted|p1a: Ti grito\n|-activate|p1a: Ti grito|move: Substitute|[damage]\n|move|p1a: Ti grito|Sacred Sword|p2a: Chien-Pao\n|-supereffective|p2a: Chien-Pao\n|-crit|p2a: Chien-Pao\n|-damage|p2a: Chien-Pao|0 fnt\n|faint|p2a: Chien-Pao\n|\n|upkeep\n|\n|t:|1701057091\n|switch|p2a: Ogerpon|Ogerpon-Wellspring, F|47\/100\n|-damage|p2a: Ogerpon|35\/100|[from] Stealth Rock\n|turn|38\n|\n|t:|1701057103\n|move|p1a: Ti grito|Crunch|p2a: Ogerpon\n|-damage|p2a: Ogerpon|0 fnt\n|faint|p2a: Ogerpon\n|\n|upkeep\n|\n|t:|1701057105\n|switch|p2a: Flutter Mane|Flutter Mane|76\/100\n|-damage|p2a: Flutter Mane|63\/100|[from] Stealth Rock\n|turn|39\n|\n|t:|1701057110\n|move|p1a: Ti grito|Sucker Punch|p2a: Flutter Mane\n|-damage|p2a: Flutter Mane|0 fnt\n|faint|p2a: Flutter Mane\n|-end|p2a: Flutter Mane|Protosynthesis|[silent]\n|\n|win|Spem53\n|c|\u2606Spem53|Buen combate\n|l|\u2606Mitsunara3\n|l|\u2606Spem53\n|j|\u2606Spem53\n|player|p1|Spem53|giovanni\n","uploadtime":1701057721,"views":2,"p1id":"spem53","p2id":"mitsunara3","formatid":"gen9ubers","rating":0,"private":0,"password":""}