{"id":"gen9ubers-1970104026","p1":"Flipsidejay","p2":"Toxzac","format":"[Gen 9] Ubers","log":"|j|\u2606Flipsidejay\n|j|\u2606Toxzac\n|t:|1697594582\n|gametype|singles\n|player|p1|Flipsidejay|170|\n|player|p2|Toxzac|clown|\n|teamsize|p1|6\n|teamsize|p2|6\n|gen|9\n|tier|[Gen 9] Ubers\n|rule|Sleep Clause Mod: Limit one foe put to sleep\n|rule|Species Clause: Limit one of each Pok\u00e9mon\n|rule|OHKO Clause: OHKO moves are banned\n|rule|Evasion Items Clause: Evasion items are banned\n|rule|Evasion Moves Clause: Evasion moves are banned\n|rule|Endless Battle Clause: Forcing endless battles is banned\n|rule|HP Percentage Mod: HP is shown in percentages\n|clearpoke\n|poke|p1|Rillaboom, M|\n|poke|p1|Sneasler, M|\n|poke|p1|Grimmsnarl, M|\n|poke|p1|Drifblim, F|\n|poke|p1|Hatterene, F|\n|poke|p1|Cyclizar, M|\n|poke|p2|Grafaiai, F|\n|poke|p2|Urshifu-*, M|\n|poke|p2|Meowscarada, F|\n|poke|p2|Regieleki|\n|poke|p2|Mamoswine, F|\n|poke|p2|Volcarona, F|\n|teampreview\n|inactive|Battle timer is ON: inactive players will automatically lose when time's up. (requested by Toxzac)\n|c|\u2606Flipsidejay|yo\n|c|\u2606Toxzac|yo\n|inactive|Flipsidejay has 270 seconds left.\n|c|\u2606Flipsidejay|gl hf\n|inactive|Toxzac has 270 seconds left.\n|c|\u2606Toxzac|hf\n|c|\u2606Toxzac|:)\n|j| OmegaSheep\n|j| NWA Anemos\n|c| NWA Anemos|ohp\n|\n|t:|1697594640\n|start\n|switch|p1a: Grimmsnarl|Grimmsnarl, M, shiny|100\/100\n|switch|p2a: Usopp|Grafaiai, F|100\/100\n|turn|1\n|\n|t:|1697594655\n|move|p1a: Grimmsnarl|Light Screen|p1a: Grimmsnarl\n|-sidestart|p1: Flipsidejay|move: Light Screen\n|move|p2a: Usopp|Gunk Shot|p1a: Grimmsnarl|[miss]\n|-miss|p2a: Usopp|p1a: Grimmsnarl\n|\n|upkeep\n|turn|2\n|\n|t:|1697594663\n|move|p1a: Grimmsnarl|Reflect|p1a: Grimmsnarl\n|-sidestart|p1: Flipsidejay|Reflect\n|move|p2a: Usopp|Knock Off|p1a: Grimmsnarl\n|-resisted|p1a: Grimmsnarl\n|-damage|p1a: Grimmsnarl|96\/100\n|-enditem|p1a: Grimmsnarl|Light Clay|[from] move: Knock Off|[of] p2a: Usopp\n|\n|upkeep\n|turn|3\n|\n|t:|1697594674\n|move|p2a: Usopp|Encore|p1a: Grimmsnarl\n|-hint|Since gen 7, Dark is immune to Prankster moves.\n|-immune|p1a: Grimmsnarl\n|move|p1a: Grimmsnarl|Parting Shot|p2a: Usopp\n|-unboost|p2a: Usopp|atk|1\n|-unboost|p2a: Usopp|spa|1\n|\n|t:|1697594683\n|switch|p1a: Rillaboom|Rillaboom, M, shiny|100\/100|[from] Parting Shot\n|-fieldstart|move: Grassy Terrain|[from] ability: Grassy Surge|[of] p1a: Rillaboom\n|\n|upkeep\n|turn|4\n|c|\u2606Toxzac|not good\n|inactive|Toxzac has 270 seconds left.\n|\n|t:|1697594717\n|move|p2a: Usopp|Gunk Shot|p1a: Rillaboom\n|-supereffective|p1a: Rillaboom\n|-damage|p1a: Rillaboom|76\/100\n|-enditem|p1a: Rillaboom|Eject Button\n|\n|t:|1697594721\n|switch|p1a: Cyclizar|Cyclizar, M, shiny|100\/100\n|\n|upkeep\n|turn|5\n|\n|t:|1697594727\n|move|p2a: Usopp|Taunt|p1a: Cyclizar\n|-start|p1a: Cyclizar|move: Taunt\n|cant|p1a: Cyclizar|move: Taunt|Shed Tail\n|\n|upkeep\n|turn|6\n|\n|t:|1697594734\n|move|p1a: Cyclizar|U-turn|p2a: Usopp\n|-resisted|p2a: Usopp\n|-damage|p2a: Usopp|86\/100\n|\n|t:|1697594738\n|switch|p1a: Sneasler|Sneasler, M|100\/100|[from] U-turn\n|-enditem|p1a: Sneasler|Grassy Seed\n|-boost|p1a: Sneasler|def|1|[from] item: Grassy Seed\n|move|p2a: Usopp|Knock Off|p1a: Sneasler\n|-resisted|p1a: Sneasler\n|-damage|p1a: Sneasler|97\/100\n|\n|-heal|p1a: Sneasler|100\/100|[from] Grassy Terrain\n|-heal|p2a: Usopp|92\/100|[from] Grassy Terrain\n|upkeep\n|turn|7\n|inactive|Flipsidejay has 270 seconds left.\n|inactive|Toxzac has 270 seconds left.\n|\n|t:|1697594785\n|switch|p2a: Sanji|Volcarona, F|100\/100\n|move|p1a: Sneasler|Close Combat|p2a: Sanji\n|-resisted|p2a: Sanji\n|-damage|p2a: Sanji|62\/100\n|-unboost|p1a: Sneasler|def|1\n|-unboost|p1a: Sneasler|spd|1\n|-status|p1a: Sneasler|brn|[from] ability: Flame Body|[of] p2a: Sanji\n|\n|-heal|p2a: Sanji|68\/100|[from] Grassy Terrain\n|-damage|p1a: Sneasler|95\/100 brn|[from] brn\n|-fieldend|move: Grassy Terrain\n|upkeep\n|turn|8\n|\n|t:|1697594803\n|move|p1a: Sneasler|Acrobatics|p2a: Sanji\n|-supereffective|p2a: Sanji\n|-crit|p2a: Sanji\n|-damage|p2a: Sanji|3\/100\n|move|p2a: Sanji|Quiver Dance|p2a: Sanji\n|-boost|p2a: Sanji|spa|1\n|-boost|p2a: Sanji|spd|1\n|-boost|p2a: Sanji|spe|1\n|\n|-damage|p1a: Sneasler|89\/100 brn|[from] brn\n|-sideend|p1: Flipsidejay|move: Light Screen\n|upkeep\n|turn|9\n|inactive|Toxzac has 240 seconds left.\n|\n|t:|1697594831\n|switch|p2a: Luffy|Urshifu-Rapid-Strike, M|100\/100\n|move|p1a: Sneasler|Acrobatics|p2a: Luffy\n|-supereffective|p2a: Luffy\n|-crit|p2a: Luffy\n|-damage|p2a: Luffy|40\/100\n|\n|-damage|p1a: Sneasler|83\/100 brn|[from] brn\n|-sideend|p1: Flipsidejay|Reflect\n|upkeep\n|turn|10\n|inactive|Flipsidejay has 270 seconds left.\n|inactive|Toxzac has 240 seconds left.\n|\n|t:|1697594855\n|move|p1a: Sneasler|Acrobatics|p2a: Luffy\n|-supereffective|p2a: Luffy\n|-damage|p2a: Luffy|1\/100\n|move|p2a: Luffy|Surging Strikes|p1a: Sneasler\n|-crit|p1a: Sneasler\n|-damage|p1a: Sneasler|30\/100 brn\n|-crit|p1a: Sneasler\n|-damage|p1a: Sneasler|0 fnt\n|faint|p1a: Sneasler\n|-hitcount|p1: Sneasler|2\n|\n|upkeep\n|c|\u2606Flipsidejay|wow\n|c|\u2606Toxzac|LIVE\n|c| NWA Anemos|SHEEEEEEEEEEEEEEEEEEESH\n|c|\u2606Flipsidejay|im at the bottom of the spread\n|\n|t:|1697594885\n|switch|p1a: Grimmsnarl|Grimmsnarl, M, shiny|96\/100\n|turn|11\n|\n|t:|1697594899\n|move|p1a: Grimmsnarl|Reflect|p1a: Grimmsnarl\n|-sidestart|p1: Flipsidejay|Reflect\n|move|p2a: Luffy|Surging Strikes|p1a: Grimmsnarl\n|-crit|p1a: Grimmsnarl\n|-damage|p1a: Grimmsnarl|54\/100\n|-crit|p1a: Grimmsnarl\n|-damage|p1a: Grimmsnarl|15\/100\n|-crit|p1a: Grimmsnarl\n|-damage|p1a: Grimmsnarl|0 fnt\n|faint|p1a: Grimmsnarl\n|-hitcount|p1: Grimmsnarl|3\n|\n|upkeep\n|\n|t:|1697594909\n|switch|p1a: Rillaboom|Rillaboom, M, shiny|76\/100\n|-fieldstart|move: Grassy Terrain|[from] ability: Grassy Surge|[of] p1a: Rillaboom\n|turn|12\n|inactive|Toxzac has 240 seconds left.\n|inactive|Toxzac has 210 seconds left.\n|\n|t:|1697594971\n|switch|p2a: Sanji|Volcarona, F|3\/100\n|move|p1a: Rillaboom|U-turn|p2a: Sanji\n|-resisted|p2a: Sanji\n|-damage|p2a: Sanji|0 fnt\n|faint|p2a: Sanji\n|\n|t:|1697594990\n|switch|p1a: Cyclizar|Cyclizar, M, shiny|100\/100|[from] U-turn\n|\n|upkeep\n|\n|t:|1697594994\n|switch|p2a: Usopp|Grafaiai, F|92\/100\n|turn|13\n|\n|t:|1697595014\n|move|p2a: Usopp|Taunt|p1a: Cyclizar\n|-start|p1a: Cyclizar|move: Taunt\n|move|p1a: Cyclizar|Knock Off|p2a: Usopp\n|-crit|p2a: Usopp\n|-damage|p2a: Usopp|35\/100\n|-enditem|p2a: Usopp|Heavy-Duty Boots|[from] move: Knock Off|[of] p1a: Cyclizar\n|\n|-heal|p2a: Usopp|41\/100|[from] Grassy Terrain\n|upkeep\n|turn|14\n|\n|t:|1697595031\n|move|p1a: Cyclizar|Knock Off|p2a: Usopp\n|-damage|p2a: Usopp|15\/100\n|move|p2a: Usopp|Knock Off|p1a: Cyclizar\n|-damage|p1a: Cyclizar|81\/100\n|-enditem|p1a: Cyclizar|Heavy-Duty Boots|[from] move: Knock Off|[of] p2a: Usopp\n|\n|-heal|p1a: Cyclizar|87\/100|[from] Grassy Terrain\n|-heal|p2a: Usopp|21\/100|[from] Grassy Terrain\n|upkeep\n|turn|15\n|inactive|Toxzac has 180 seconds left.\n|\n|t:|1697595062\n|switch|p2a: Chopper|Mamoswine, F|100\/100\n|move|p1a: Cyclizar|Knock Off|p2a: Chopper\n|-damage|p2a: Chopper|78\/100\n|-enditem|p2a: Chopper|Loaded Dice|[from] move: Knock Off|[of] p1a: Cyclizar\n|\n|-heal|p1a: Cyclizar|93\/100|[from] Grassy Terrain\n|-heal|p2a: Chopper|84\/100|[from] Grassy Terrain\n|-end|p1a: Cyclizar|move: Taunt\n|-sideend|p1: Flipsidejay|Reflect\n|upkeep\n|turn|16\n|inactive|Flipsidejay has 270 seconds left.\n|inactive|Toxzac has 180 seconds left.\n|c|\u2606Flipsidejay|loaded dice\n|c|\u2606Flipsidejay|lol\n|\n|t:|1697595084\n|move|p1a: Cyclizar|Shed Tail|p1a: Cyclizar\n|-start|p1a: Cyclizar|Substitute|[from] move: Shed Tail\n|-damage|p1a: Cyclizar|43\/100\n|\n|t:|1697595088\n|switch|p1a: Hatterene|Hatterene, F, shiny|100\/100|[from] Shed Tail\n|move|p2a: Chopper|Roar|p1a: Hatterene\n|move|p1a: Hatterene|Roar|p2a: Chopper|[from]ability: Magic Bounce\n|drag|p2a: Nami|Meowscarada, F|100\/100\n|\n|-fieldend|move: Grassy Terrain\n|upkeep\n|turn|17\n|c|\u2606Toxzac|lol\n|c|\u2606Toxzac|wut\n|c|\u2606Flipsidejay|lol\n|c|\u2606Flipsidejay|magic bounce\n|inactive|Toxzac has 150 seconds left.\n|\n|t:|1697595120\n|move|p2a: Nami|Flower Trick|p1a: Hatterene\n|-start|p2a: Nami|typechange|Grass|[from] ability: Protean\n|-crit|p1a: Hatterene\n|-end|p1a: Hatterene|Substitute\n|move|p1a: Hatterene|Calm Mind|p1a: Hatterene\n|-boost|p1a: Hatterene|spa|1\n|-boost|p1a: Hatterene|spd|1\n|\n|upkeep\n|turn|18\n|inactive|Toxzac has 150 seconds left.\n|inactive|Flipsidejay has 270 seconds left.\n|\n|t:|1697595147\n|move|p2a: Nami|U-turn|p1a: Hatterene\n|-damage|p1a: Hatterene|81\/100\n|inactive|Toxzac has 120 seconds left.\n|\n|t:|1697595175\n|switch|p2a: Zoro|Regieleki, shiny|100\/100|[from] U-turn\n|move|p1a: Hatterene|Calm Mind|p1a: Hatterene\n|-boost|p1a: Hatterene|spa|1\n|-boost|p1a: Hatterene|spd|1\n|\n|-heal|p1a: Hatterene|87\/100|[from] item: Leftovers\n|upkeep\n|turn|19\n|inactive|Toxzac has 120 seconds left.\n|\n|t:|1697595191\n|move|p2a: Zoro|Thunderbolt|p1a: Hatterene\n|-damage|p1a: Hatterene|59\/100\n|move|p1a: Hatterene|Draining Kiss|p2a: Zoro\n|-damage|p2a: Zoro|0 fnt\n|-heal|p1a: Hatterene|100\/100|[from] drain|[of] p2a: Zoro\n|faint|p2a: Zoro\n|\n|upkeep\n|\n|t:|1697595215\n|switch|p2a: Usopp|Grafaiai, F|21\/100\n|turn|20\n|\n|t:|1697595224\n|move|p2a: Usopp|Encore|p1a: Hatterene\n|move|p1a: Hatterene|Encore||[from]ability: Magic Bounce|[still]\n|-fail|p1a: Hatterene\n|move|p1a: Hatterene|Draining Kiss|p2a: Usopp\n|-resisted|p2a: Usopp\n|-damage|p2a: Usopp|0 fnt\n|faint|p2a: Usopp\n|\n|upkeep\n|\n|t:|1697595233\n|switch|p2a: Nami|Meowscarada, F|100\/100\n|turn|21\n|\n|t:|1697595237\n|move|p2a: Nami|Flower Trick|p1a: Hatterene\n|-start|p2a: Nami|typechange|Grass|[from] ability: Protean\n|-crit|p1a: Hatterene\n|-damage|p1a: Hatterene|54\/100\n|move|p1a: Hatterene|Draining Kiss|p2a: Nami\n|-damage|p2a: Nami|29\/100\n|-heal|p1a: Hatterene|100\/100|[from] drain|[of] p2a: Nami\n|\n|upkeep\n|turn|22\n|\n|t:|1697595248\n|move|p2a: Nami|Flower Trick|p1a: Hatterene\n|-crit|p1a: Hatterene\n|-damage|p1a: Hatterene|56\/100\n|move|p1a: Hatterene|Draining Kiss|p2a: Nami\n|-damage|p2a: Nami|0 fnt\n|-heal|p1a: Hatterene|76\/100|[from] drain|[of] p2a: Nami\n|faint|p2a: Nami\n|\n|-heal|p1a: Hatterene|82\/100|[from] item: Leftovers\n|upkeep\n|\n|t:|1697595259\n|switch|p2a: Luffy|Urshifu-Rapid-Strike, M|1\/100\n|turn|23\n|\n|t:|1697595263\n|move|p2a: Luffy|Surging Strikes|p1a: Hatterene\n|-crit|p1a: Hatterene\n|-damage|p1a: Hatterene|55\/100\n|-crit|p1a: Hatterene\n|-damage|p1a: Hatterene|28\/100\n|-crit|p1a: Hatterene\n|-damage|p1a: Hatterene|1\/100\n|-hitcount|p1a: Hatterene|3\n|move|p1a: Hatterene|Draining Kiss|p2a: Luffy\n|-supereffective|p2a: Luffy\n|-crit|p2a: Luffy\n|-damage|p2a: Luffy|0 fnt\n|-heal|p1a: Hatterene|2\/100|[from] drain|[of] p2a: Luffy\n|faint|p2a: Luffy\n|\n|-heal|p1a: Hatterene|8\/100|[from] item: Leftovers\n|upkeep\n|\n|t:|1697595276\n|switch|p2a: Chopper|Mamoswine, F|84\/100\n|turn|24\n|inactive|Flipsidejay has 270 seconds left.\n|\n|t:|1697595309\n|move|p2a: Chopper|Ice Shard|p1a: Hatterene\n|-damage|p1a: Hatterene|0 fnt\n|faint|p1a: Hatterene\n|\n|upkeep\n|\n|t:|1697595313\n|switch|p1a: Rillaboom|Rillaboom, M, shiny|76\/100\n|-fieldstart|move: Grassy Terrain|[from] ability: Grassy Surge|[of] p1a: Rillaboom\n|turn|25\n|inactive|Toxzac has 120 seconds left.\n|\n|t:|1697595337\n|move|p2a: Chopper|Icicle Spear|p1a: Rillaboom\n|-supereffective|p1a: Rillaboom\n|-damage|p1a: Rillaboom|60\/100\n|-supereffective|p1a: Rillaboom\n|-damage|p1a: Rillaboom|41\/100\n|-supereffective|p1a: Rillaboom\n|-damage|p1a: Rillaboom|23\/100\n|-supereffective|p1a: Rillaboom\n|-damage|p1a: Rillaboom|4\/100\n|-hitcount|p1a: Rillaboom|4\n|move|p1a: Rillaboom|Drum Beating|p2a: Chopper\n|-supereffective|p2a: Chopper\n|-damage|p2a: Chopper|0 fnt\n|faint|p2a: Chopper\n|\n|win|Flipsidejay\n|c|\u2606Flipsidejay|do i lose to this lol\n|c|\u2606Toxzac|GG\n|c|\u2606Flipsidejay|ohh so close\n|c|\u2606Toxzac|close\n|c|\u2606Flipsidejay|lol\n|c|\u2606Toxzac|lol\n|c| OmegaSheep|gg\n|c|\u2606Flipsidejay|i was like if it hit 5x\n|l|\u2606Toxzac\n|c|\u2606Flipsidejay|GG\n","uploadtime":1697595368,"views":19,"p1id":"flipsidejay","p2id":"toxzac","formatid":"gen9ubers","rating":0,"private":0,"password":""}