{"id":"gen9ubers-1985627897","p1":"Laxwood","p2":"RyRy01","format":"[Gen 9] Ubers","log":"|j|\u2606Laxwood\n|j|\u2606RyRy01\n|t:|1699390358\n|gametype|singles\n|player|p1|Laxwood|266|\n|player|p2|RyRy01|roxie|\n|teamsize|p1|6\n|teamsize|p2|6\n|gen|9\n|tier|[Gen 9] Ubers\n|rule|Sleep Clause Mod: Limit one foe put to sleep\n|rule|Species Clause: Limit one of each Pok\u00e9mon\n|rule|OHKO Clause: OHKO moves are banned\n|rule|Evasion Items Clause: Evasion items are banned\n|rule|Evasion Moves Clause: Evasion moves are banned\n|rule|Endless Battle Clause: Forcing endless battles is banned\n|rule|HP Percentage Mod: HP is shown in percentages\n|clearpoke\n|poke|p1|Ogerpon-Hearthflame, F|\n|poke|p1|Landorus, M|\n|poke|p1|Tyranitar, M|\n|poke|p1|Zamazenta-*|\n|poke|p1|Arceus-Ground|\n|poke|p1|Palafin, M|\n|poke|p2|Kyogre|\n|poke|p2|Miraidon|\n|poke|p2|Regieleki|\n|poke|p2|Palafin, F|\n|poke|p2|Iron Bundle|\n|poke|p2|Flutter Mane|\n|teampreview\n|\n|t:|1699390375\n|start\n|switch|p1a: Tyranitar|Tyranitar, M|100\/100\n|switch|p2a: Miraidon|Miraidon|100\/100\n|-fieldstart|move: Electric Terrain|[from] ability: Hadron Engine|[of] p2a: Miraidon\n|-weather|Sandstorm|[from] ability: Sand Stream|[of] p1a: Tyranitar\n|turn|1\n|\n|t:|1699390383\n|move|p2a: Miraidon|Volt Switch|p1a: Tyranitar\n|-damage|p1a: Tyranitar|62\/100\n|\n|t:|1699390390\n|switch|p2a: Iron Bundle|Iron Bundle|100\/100|[from] Volt Switch\n|-activate|p2a: Iron Bundle|ability: Quark Drive\n|-start|p2a: Iron Bundle|quarkdrivespe\n|move|p1a: Tyranitar|Stealth Rock|p2a: Iron Bundle\n|-sidestart|p2: RyRy01|move: Stealth Rock\n|\n|-weather|Sandstorm|[upkeep]\n|-damage|p2a: Iron Bundle|95\/100|[from] Sandstorm\n|upkeep\n|turn|2\n|\n|t:|1699390428\n|switch|p1a: Zamazenta|Zamazenta-Crowned|100\/100\n|-ability|p1a: Zamazenta|Dauntless Shield|boost\n|-boost|p1a: Zamazenta|def|1\n|move|p2a: Iron Bundle|Freeze-Dry|p1a: Zamazenta\n|-resisted|p1a: Zamazenta\n|-damage|p1a: Zamazenta|88\/100\n|\n|-weather|Sandstorm|[upkeep]\n|-damage|p2a: Iron Bundle|89\/100|[from] Sandstorm\n|upkeep\n|turn|3\n|\n|t:|1699390434\n|move|p2a: Iron Bundle|Flip Turn|p1a: Zamazenta\n|-damage|p1a: Zamazenta|80\/100\n|\n|t:|1699390436\n|-end|p2a: Iron Bundle|Quark Drive|[silent]\n|switch|p2a: Flutter Mane|Flutter Mane|100\/100|[from] Flip Turn\n|-damage|p2a: Flutter Mane|88\/100|[from] Stealth Rock\n|move|p1a: Zamazenta|Reflect|p1a: Zamazenta\n|-sidestart|p1: Laxwood|Reflect\n|\n|-weather|Sandstorm|[upkeep]\n|-damage|p2a: Flutter Mane|82\/100|[from] Sandstorm\n|upkeep\n|turn|4\n|\n|t:|1699390439\n|move|p2a: Flutter Mane|Mystical Fire|p1a: Zamazenta\n|-supereffective|p1a: Zamazenta\n|-damage|p1a: Zamazenta|26\/100\n|-unboost|p1a: Zamazenta|spa|1\n|move|p1a: Zamazenta|Heavy Slam|p2a: Flutter Mane\n|-supereffective|p2a: Flutter Mane\n|-damage|p2a: Flutter Mane|0 fnt\n|faint|p2a: Flutter Mane\n|-end|p2a: Flutter Mane|Protosynthesis|[silent]\n|\n|-weather|Sandstorm|[upkeep]\n|upkeep\n|\n|t:|1699390450\n|switch|p2a: Regieleki|Regieleki|100\/100\n|-damage|p2a: Regieleki|88\/100|[from] Stealth Rock\n|turn|5\n|\n|t:|1699390467\n|move|p2a: Regieleki|Rapid Spin|p1a: Zamazenta\n|-resisted|p1a: Zamazenta\n|-damage|p1a: Zamazenta|25\/100\n|-boost|p2a: Regieleki|spe|1\n|-sideend|p2: RyRy01|Stealth Rock|[from] move: Rapid Spin|[of] p2a: Regieleki\n|move|p1a: Zamazenta|Heavy Slam|p2a: Regieleki\n|-resisted|p2a: Regieleki\n|-damage|p2a: Regieleki|42\/100\n|\n|-weather|Sandstorm|[upkeep]\n|-damage|p2a: Regieleki|36\/100|[from] Sandstorm\n|-fieldend|move: Electric Terrain\n|upkeep\n|turn|6\n|c|\u2606RyRy01|you're crazy for staying\n|\n|t:|1699390484\n|switch|p2a: Kyogre|Kyogre|100\/100\n|-weather|RainDance|[from] ability: Drizzle|[of] p2a: Kyogre\n|move|p1a: Zamazenta|Brick Break|p2a: Kyogre\n|-damage|p2a: Kyogre|66\/100\n|\n|-weather|RainDance|[upkeep]\n|upkeep\n|turn|7\n|\n|t:|1699390500\n|switch|p1a: Ogerpon|Ogerpon-Hearthflame, F|100\/100\n|-ability|p1a: Ogerpon|Mold Breaker\n|move|p2a: Kyogre|Ice Beam|p1a: Ogerpon\n|-damage|p1a: Ogerpon|63\/100\n|\n|-weather|RainDance|[upkeep]\n|-sideend|p1: Laxwood|Reflect\n|upkeep\n|turn|8\n|\n|t:|1699390507\n|switch|p2a: Miraidon|Miraidon|100\/100\n|-fieldstart|move: Electric Terrain|[from] ability: Hadron Engine|[of] p2a: Miraidon\n|move|p1a: Ogerpon|Power Whip|p2a: Miraidon\n|-resisted|p2a: Miraidon\n|-damage|p2a: Miraidon|67\/100\n|\n|-weather|RainDance|[upkeep]\n|upkeep\n|turn|9\n|\n|t:|1699390517\n|switch|p1a: Tyranitar|Tyranitar, M|62\/100\n|-weather|Sandstorm|[from] ability: Sand Stream|[of] p1a: Tyranitar\n|move|p2a: Miraidon|Draco Meteor|p1a: Tyranitar\n|-damage|p1a: Tyranitar|10\/100\n|-unboost|p2a: Miraidon|spa|2\n|\n|-weather|Sandstorm|[upkeep]\n|-damage|p2a: Miraidon|61\/100|[from] Sandstorm\n|upkeep\n|turn|10\n|\n|t:|1699390524\n|move|p2a: Miraidon|Draco Meteor|p1a: Tyranitar\n|-damage|p1a: Tyranitar|0 fnt\n|-unboost|p2a: Miraidon|spa|2\n|faint|p1a: Tyranitar\n|\n|-weather|Sandstorm|[upkeep]\n|-damage|p2a: Miraidon|54\/100|[from] Sandstorm\n|upkeep\n|\n|t:|1699390533\n|switch|p1a: Ogerpon|Ogerpon-Hearthflame, F|63\/100\n|-ability|p1a: Ogerpon|Mold Breaker\n|turn|11\n|\n|t:|1699390551\n|switch|p2a: Kyogre|Kyogre|66\/100\n|-weather|RainDance|[from] ability: Drizzle|[of] p2a: Kyogre\n|move|p1a: Ogerpon|Trailblaze|p2a: Kyogre\n|-supereffective|p2a: Kyogre\n|-damage|p2a: Kyogre|6\/100\n|-boost|p1a: Ogerpon|spe|1\n|\n|-weather|RainDance|[upkeep]\n|upkeep\n|turn|12\n|\n|t:|1699390579\n|switch|p2a: Iron Bundle|Iron Bundle|89\/100\n|-activate|p2a: Iron Bundle|ability: Quark Drive\n|-start|p2a: Iron Bundle|quarkdrivespe\n|move|p1a: Ogerpon|Trailblaze|p2a: Iron Bundle\n|-supereffective|p2a: Iron Bundle\n|-damage|p2a: Iron Bundle|22\/100\n|-boost|p1a: Ogerpon|spe|1\n|\n|-weather|RainDance|[upkeep]\n|-fieldend|move: Electric Terrain\n|-end|p2a: Iron Bundle|Quark Drive\n|upkeep\n|turn|13\n|\n|t:|1699390596\n|-end|p2a: Iron Bundle|Quark Drive|[silent]\n|switch|p2a: Palafin|Palafin, F, shiny|100\/100\n|move|p1a: Ogerpon|Ivy Cudgel|p2a: Palafin\n|-resisted|p2a: Palafin\n|-crit|p2a: Palafin\n|-damage|p2a: Palafin|72\/100\n|\n|-weather|RainDance|[upkeep]\n|upkeep\n|turn|14\n|\n|t:|1699390605\n|detailschange|p2a: Palafin|Palafin-Hero, F, shiny\n|switch|p2a: Regieleki|Regieleki|36\/100\n|move|p1a: Ogerpon|Trailblaze|p2a: Regieleki\n|-damage|p2a: Regieleki|0 fnt\n|-boost|p1a: Ogerpon|spe|1\n|faint|p2a: Regieleki\n|\n|-weather|RainDance|[upkeep]\n|upkeep\n|\n|t:|1699390607\n|switch|p2a: Palafin|Palafin-Hero, F, shiny|72\/100\n|-activate|p2a: Palafin|ability: Zero to Hero\n|turn|15\n|\n|t:|1699390616\n|-terastallize|p2a: Palafin|Water\n|move|p2a: Palafin|Jet Punch|p1a: Ogerpon\n|-damage|p1a: Ogerpon|0 fnt\n|faint|p1a: Ogerpon\n|\n|-weather|none\n|upkeep\n|\n|t:|1699390621\n|switch|p1a: Zamazenta|Zamazenta-Crowned|25\/100\n|turn|16\n|c|\u2606RyRy01|shield?\n|\n|t:|1699390631\n|move|p2a: Palafin|Jet Punch|p1a: Zamazenta\n|-damage|p1a: Zamazenta|0 fnt\n|faint|p1a: Zamazenta\n|\n|upkeep\n|\n|t:|1699390641\n|switch|p1a: Arceus|Arceus-Ground|100\/100\n|turn|17\n|\n|t:|1699390649\n|-terastallize|p1a: Arceus|Fairy\n|move|p2a: Palafin|Jet Punch|p1a: Arceus\n|-damage|p1a: Arceus|59\/100\n|move|p1a: Arceus|Judgment|p2a: Palafin\n|-crit|p2a: Palafin\n|-damage|p2a: Palafin|0 fnt\n|faint|p2a: Palafin\n|\n|upkeep\n|\n|t:|1699390659\n|switch|p2a: Miraidon|Miraidon|54\/100\n|-fieldstart|move: Electric Terrain|[from] ability: Hadron Engine|[of] p2a: Miraidon\n|turn|18\n|\n|t:|1699390664\n|move|p2a: Miraidon|Electro Drift|p1a: Arceus\n|-damage|p1a: Arceus|0 fnt\n|faint|p1a: Arceus\n|\n|upkeep\n|\n|t:|1699390678\n|switch|p1a: Palafin|Palafin, M|100\/100\n|turn|19\n|c|\u2606RyRy01|wait\n|c|\u2606RyRy01|it's joever\n|\n|t:|1699390681\n|detailschange|p1a: Palafin|Palafin-Hero, M\n|switch|p1a: Landorus|Landorus, M|100\/100\n|move|p2a: Miraidon|Electro Drift|p1a: Landorus\n|-immune|p1a: Landorus\n|\n|upkeep\n|turn|20\n|\n|t:|1699390689\n|switch|p2a: Iron Bundle|Iron Bundle|22\/100\n|-activate|p2a: Iron Bundle|ability: Quark Drive\n|-start|p2a: Iron Bundle|quarkdrivespe\n|move|p1a: Landorus|Earth Power|p2a: Iron Bundle\n|-damage|p2a: Iron Bundle|0 fnt\n|faint|p2a: Iron Bundle\n|-end|p2a: Iron Bundle|Quark Drive|[silent]\n|\n|upkeep\n|\n|t:|1699390692\n|switch|p2a: Miraidon|Miraidon|54\/100\n|-activate|p2a: Miraidon|ability: Hadron Engine\n|turn|21\n|\n|t:|1699390700\n|move|p2a: Miraidon|Draco Meteor|p1a: Landorus\n|-damage|p1a: Landorus|0 fnt\n|-unboost|p2a: Miraidon|spa|2\n|faint|p1a: Landorus\n|\n|upkeep\n|\n|t:|1699390703\n|switch|p1a: Palafin|Palafin-Hero, M|100\/100\n|-activate|p1a: Palafin|ability: Zero to Hero\n|turn|22\n|\n|t:|1699390710\n|switch|p2a: Kyogre|Kyogre|6\/100\n|-weather|RainDance|[from] ability: Drizzle|[of] p2a: Kyogre\n|move|p1a: Palafin|Jet Punch|p2a: Kyogre\n|-resisted|p2a: Kyogre\n|-damage|p2a: Kyogre|0 fnt\n|faint|p2a: Kyogre\n|\n|-weather|RainDance|[upkeep]\n|-fieldend|move: Electric Terrain\n|upkeep\n|\n|t:|1699390712\n|switch|p2a: Miraidon|Miraidon|54\/100\n|-fieldstart|move: Electric Terrain|[from] ability: Hadron Engine|[of] p2a: Miraidon\n|turn|23\n|c|\u2606RyRy01|so cringe\n|c|\u2606RyRy01|mashalahha\n|c|\u2606RyRy01|muhumdullah\n|\n|t:|1699390725\n|move|p1a: Palafin|Jet Punch|p2a: Miraidon\n|-resisted|p2a: Miraidon\n|-damage|p2a: Miraidon|13\/100\n|move|p2a: Miraidon|Electro Drift|p1a: Palafin\n|-supereffective|p1a: Palafin\n|-damage|p1a: Palafin|0 fnt\n|faint|p1a: Palafin\n|\n|win|RyRy01\n|c|\u2606RyRy01|lets go livapool\n","uploadtime":1699390738,"views":7,"p1id":"laxwood","p2id":"ryry01","formatid":"gen9ubers","rating":0,"private":0,"password":""}