{"id":"gen9ubers-1976305198","p1":"Xhearshotkidx","p2":"JACOBNAUT","format":"[Gen 9] Ubers","log":"|j|\u2606Xhearshotkidx\n|j|\u2606JACOBNAUT\n|t:|1698284495\n|gametype|singles\n|player|p1|Xhearshotkidx|265|\n|player|p2|JACOBNAUT|misty|\n|teamsize|p1|6\n|teamsize|p2|6\n|gen|9\n|tier|[Gen 9] Ubers\n|rule|Sleep Clause Mod: Limit one foe put to sleep\n|rule|Species Clause: Limit one of each Pok\u00e9mon\n|rule|OHKO Clause: OHKO moves are banned\n|rule|Evasion Items Clause: Evasion items are banned\n|rule|Evasion Moves Clause: Evasion moves are banned\n|rule|Endless Battle Clause: Forcing endless battles is banned\n|rule|HP Percentage Mod: HP is shown in percentages\n|clearpoke\n|poke|p1|Rillaboom, F|\n|poke|p1|Landorus, M|\n|poke|p1|Wigglytuff, F|\n|poke|p1|Zapdos-Galar|\n|poke|p1|Urshifu-*, M|\n|poke|p1|Pikachu, F|\n|poke|p2|Great Tusk|\n|poke|p2|Sylveon, M|\n|poke|p2|Chi-Yu|\n|poke|p2|Kingambit, F|\n|poke|p2|Garganacl, M|\n|poke|p2|Electrode-Hisui|\n|teampreview\n|j| Jagannath\n|c|\u2606Xhearshotkidx|glhf\n|c|\u2606JACOBNAUT|you too <3\n|j| rattybluewizard\n|c|\u2606JACOBNAUT|or else\n|c| Jagannath|hurry\n|c|\u2606JACOBNAUT|lmao\n|c| rattybluewizard|don't think just click\n|c| Jagannath|I keep clicking skip to end and nothing is happening\n|c| rattybluewizard|i think these mfs are playing on internet explorer\n|\n|t:|1698284566\n|start\n|switch|p1a: Rillaboom|Rillaboom, F|100\/100\n|switch|p2a: Beast Ball|Electrode-Hisui|100\/100\n|-fieldstart|move: Grassy Terrain|[from] ability: Grassy Surge|[of] p1a: Rillaboom\n|turn|1\n|c|\u2606JACOBNAUT|lmfao\n|c| Jagannath|where's groudon?\n|c| Jagannath|Jacob use groudon\n|c| rattybluewizard|yeah no pdon was bad prep\n|c|\u2606JACOBNAUT|dammit\n|\n|t:|1698284609\n|move|p1a: Rillaboom|U-turn|p2a: Beast Ball\n|-supereffective|p2a: Beast Ball\n|-damage|p2a: Beast Ball|55\/100\n|-status|p1a: Rillaboom|par|[from] ability: Static|[of] p2a: Beast Ball\n|c|\u2606JACOBNAUT|i knew i shouldve not sucked\n|c| rattybluewizard|LOL\n|c| Jagannath|lmao\n|c|\u2606JACOBNAUT|lmfao\n|c| rattybluewizard|KARMA\n|c| rattybluewizard|BITCH\n|c| Jagannath|first turn get fucked\n|c| Jagannath|that looks nothing like a beast ball\n|\n|t:|1698284636\n|switch|p1a: Landorus|Landorus, M|100\/100|[from] U-turn\n|move|p2a: Beast Ball|Thunder Wave|p1a: Landorus\n|-immune|p1a: Landorus\n|\n|-heal|p2a: Beast Ball|61\/100|[from] Grassy Terrain\n|-heal|p2a: Beast Ball|68\/100|[from] item: Leftovers\n|upkeep\n|turn|2\n|c| rattybluewizard|my whole season went to hell just for that\n|c| Jagannath|god dammit\n|c|\u2606JACOBNAUT|omg i wish you went into anything other than pikachu or that\n|c|\u2606JACOBNAUT|2 paras turn 1 wouldve been amazing\n|\n|t:|1698284685\n|move|p2a: Beast Ball|Substitute|p2a: Beast Ball\n|-start|p2a: Beast Ball|Substitute\n|-damage|p2a: Beast Ball|43\/100\n|move|p1a: Landorus|Earth Power|p2a: Beast Ball\n|-end|p2a: Beast Ball|Substitute\n|\n|-heal|p2a: Beast Ball|49\/100|[from] Grassy Terrain\n|-heal|p2a: Beast Ball|55\/100|[from] item: Leftovers\n|upkeep\n|turn|3\n|c| Jagannath|why does this thing have leftys?\n|c| Jagannath|cheating\n|c| rattybluewizard|bulky ballz\n|c| Jagannath|same\n|c| Jagannath|use razor leaf\n|c| rattybluewizard|at least electrode doesn't have a huge wooden penis sticking out of its ass\n|\n|t:|1698284776\n|move|p2a: Beast Ball|Leech Seed|p1a: Landorus\n|-start|p1a: Landorus|move: Leech Seed\n|move|p1a: Landorus|Earth Power|p2a: Beast Ball\n|-damage|p2a: Beast Ball|0 fnt\n|faint|p2a: Beast Ball\n|\n|upkeep\n|c| rattybluewizard|warts on that mf\n|c|\u2606Xhearshotkidx|thats a mud penis, get it right\n|c| rattybluewizard|need to get it looked at\n|c| rattybluewizard|jacob isn't doing very good\n|\n|t:|1698284817\n|switch|p2a: The Nose|Great Tusk|100\/100\n|turn|4\n|c| rattybluewizard|pdon would have already won\n|c|\u2606JACOBNAUT|thats true\n|c| rattybluewizard|we doing mythical ubers next season?\n|\n|t:|1698284859\n|-terastallize|p2a: The Nose|Grass\n|move|p1a: Landorus|Earth Power|p2a: The Nose\n|-resisted|p2a: The Nose\n|-damage|p2a: The Nose|43\/100\n|move|p2a: The Nose|Ice Spinner|p1a: Landorus\n|-supereffective|p1a: Landorus\n|-damage|p1a: Landorus|0 fnt\n|-fieldend|move: Grassy Terrain\n|faint|p1a: Landorus\n|\n|-heal|p2a: The Nose|49\/100|[from] item: Leftovers\n|upkeep\n|c|\u2606JACOBNAUT|i hope not\n|c| Jagannath|doesn't matter I'm gettin him whether he's on the draft board or not\n|c| Jagannath|if he's not listed he's 1 point that's the rules\n|c|\u2606JACOBNAUT|was literally typing that\n|c| rattybluewizard|if everything is broken nothing is broken\n|\n|t:|1698284892\n|switch|p1a: Pikachu|Pikachu, F|100\/100\n|turn|5\n|c| Jagannath|haha\n|c| rattybluewizard|great matchup here\n|c| rattybluewizard|pika in an amazing defensive position\n|\n|t:|1698284974\n|switch|p1a: Wigglytuff|Wigglytuff, F|100\/100\n|-item|p2a: The Nose|Leftovers|[from] ability: Frisk|[of] p1a: Wigglytuff|[identify]\n|move|p2a: The Nose|Rapid Spin|p1a: Wigglytuff\n|-damage|p1a: Wigglytuff|79\/100\n|-boost|p2a: The Nose|spe|1\n|\n|-heal|p2a: The Nose|55\/100|[from] item: Leftovers\n|-heal|p1a: Wigglytuff|85\/100|[from] item: Leftovers\n|upkeep\n|turn|6\n|c| Jagannath|PIKACHU USE THUNDERSMASH\n|c| rattybluewizard|wigglybuff\n|\n|t:|1698285024\n|move|p2a: The Nose|Close Combat|p1a: Wigglytuff\n|-damage|p1a: Wigglytuff|2\/100\n|-unboost|p2a: The Nose|def|1\n|-unboost|p2a: The Nose|spd|1\n|move|p1a: Wigglytuff|Thunder Wave|p2a: The Nose\n|-status|p2a: The Nose|par\n|\n|-heal|p2a: The Nose|62\/100 par|[from] item: Leftovers\n|-heal|p1a: Wigglytuff|8\/100|[from] item: Leftovers\n|upkeep\n|turn|7\n|c|\u2606JACOBNAUT|i read that in the voice\n|\n|t:|1698285060\n|switch|p1a: Rillaboom|Rillaboom, F|100\/100 par\n|-fieldstart|move: Grassy Terrain|[from] ability: Grassy Surge|[of] p1a: Rillaboom\n|move|p2a: The Nose|Rapid Spin|p1a: Rillaboom\n|-damage|p1a: Rillaboom|79\/100 par\n|-boost|p2a: The Nose|spe|1\n|\n|-heal|p2a: The Nose|68\/100 par|[from] Grassy Terrain\n|-heal|p2a: The Nose|74\/100 par|[from] item: Leftovers\n|-heal|p1a: Rillaboom|86\/100 par|[from] Grassy Terrain\n|upkeep\n|turn|8\n|c|\u2606JACOBNAUT|PIKACHU USE THUNDER... SMASH\n|c| Jagannath|lmao\n|c|\u2606JACOBNAUT|PIKA PEE\n|c|\u2606JACOBNAUT|i watched that video several times at a younger age\n|c| Jagannath|it pops up randomly\n|\n|t:|1698285169\n|move|p2a: The Nose|Ice Spinner|p1a: Rillaboom\n|-supereffective|p1a: Rillaboom\n|-damage|p1a: Rillaboom|27\/100 par\n|-fieldend|move: Grassy Terrain\n|move|p1a: Rillaboom|U-turn|p2a: The Nose\n|-supereffective|p2a: The Nose\n|-damage|p2a: The Nose|26\/100 par\n|\n|t:|1698285182\n|switch|p1a: Urshifu|Urshifu, M|100\/100|[from] U-turn\n|\n|-heal|p2a: The Nose|32\/100 par|[from] item: Leftovers\n|upkeep\n|turn|9\n|\n|t:|1698285253\n|move|p1a: Urshifu|Close Combat|p2a: The Nose\n|-damage|p2a: The Nose|0 fnt\n|-unboost|p1a: Urshifu|def|1\n|-unboost|p1a: Urshifu|spd|1\n|faint|p2a: The Nose\n|-end|p2a: The Nose|Protosynthesis|[silent]\n|\n|upkeep\n|\n|t:|1698285282\n|switch|p2a: Butt|Sylveon, M|100\/100\n|turn|10\n|c| Jagannath|GO BUTT\n|c| rattybluewizard|goddammit he named it after my best feature\n|c| rattybluewizard|wtffffffffffff\n|c|\u2606JACOBNAUT|lmfaooo\n|\n|t:|1698285354\n|switch|p1a: Rillaboom|Rillaboom, F|27\/100 par\n|-fieldstart|move: Grassy Terrain|[from] ability: Grassy Surge|[of] p1a: Rillaboom\n|switch|p2a: Tina the Third|Chi-Yu|100\/100\n|-ability|p2a: Tina the Third|Beads of Ruin\n|\n|-heal|p1a: Rillaboom|34\/100 par|[from] Grassy Terrain\n|upkeep\n|turn|11\n|c| rattybluewizard|reedz\n|\n|t:|1698285393\n|move|p2a: Tina the Third|Flamethrower|p1a: Rillaboom\n|-supereffective|p1a: Rillaboom\n|-damage|p1a: Rillaboom|0 fnt\n|faint|p1a: Rillaboom\n|\n|upkeep\n|\n|t:|1698285405\n|switch|p1a: Zapdos|Zapdos-Galar|100\/100\n|turn|12\n|c| rattybluewizard|flamethrower was a great play\n|c| rattybluewizard|utilized the super effective typing from chi yu\n|c|\u2606JACOBNAUT|omfg\n|\n|t:|1698285509\n|move|p2a: Tina the Third|Flamethrower|p1a: Zapdos\n|-damage|p1a: Zapdos|32\/100\n|move|p1a: Zapdos|Thunderous Kick|p2a: Tina the Third\n|-supereffective|p2a: Tina the Third\n|-damage|p2a: Tina the Third|0 fnt\n|faint|p2a: Tina the Third\n|\n|upkeep\n|\n|t:|1698285552\n|switch|p2a: Butt|Sylveon, M|100\/100\n|turn|13\n|c| rattybluewizard|whoa\n|c| rattybluewizard|was that a speed tie?\n|c|\u2606JACOBNAUT|yeah i think so\n|c|\u2606Xhearshotkidx|yea chi yu is a speed tie with zap\n|c| rattybluewizard|fuck\n|\n|t:|1698285595\n|switch|p1a: Wigglytuff|Wigglytuff, F|8\/100\n|-item|p2a: Butt|Leftovers|[from] ability: Frisk|[of] p1a: Wigglytuff|[identify]\n|move|p2a: Butt|Hyper Voice|p1a: Wigglytuff\n|-damage|p1a: Wigglytuff|0 fnt\n|faint|p1a: Wigglytuff\n|\n|upkeep\n|\n|t:|1698285614\n|switch|p1a: Urshifu|Urshifu, M|100\/100\n|turn|14\n|c| rattybluewizard|uhohhhhhhh\n|\n|t:|1698285662\n|-terastallize|p1a: Urshifu|Steel\n|move|p1a: Urshifu|Iron Head|p2a: Butt\n|-supereffective|p2a: Butt\n|-damage|p2a: Butt|14\/100\n|move|p2a: Butt|Hyper Voice|p1a: Urshifu\n|-resisted|p1a: Urshifu\n|-damage|p1a: Urshifu|63\/100\n|\n|-heal|p1a: Urshifu|69\/100|[from] Grassy Terrain\n|-heal|p2a: Butt|20\/100|[from] Grassy Terrain\n|-heal|p2a: Butt|27\/100|[from] item: Leftovers\n|-fieldend|move: Grassy Terrain\n|upkeep\n|turn|15\n|\n|t:|1698285704\n|switch|p2a: Melon Pop|Garganacl, M|100\/100\n|move|p1a: Urshifu|Iron Head|p2a: Melon Pop\n|-supereffective|p2a: Melon Pop\n|-damage|p2a: Melon Pop|50\/100\n|\n|-heal|p2a: Melon Pop|57\/100|[from] item: Leftovers\n|upkeep\n|turn|16\n|c| rattybluewizard|i know exactly where this is going\n|c| rattybluewizard|happened as i typed lol\n|c|\u2606JACOBNAUT|lmfao\n|c| rattybluewizard|just gonna wait here\n|c| rattybluewizard|side note, wild to see no hazards\n|c|\u2606JACOBNAUT|fr\n|\n|t:|1698285832\n|switch|p1a: Zapdos|Zapdos-Galar|32\/100\n|move|p2a: Melon Pop|Salt Cure|p1a: Zapdos\n|-damage|p1a: Zapdos|17\/100\n|-start|p1a: Zapdos|Salt Cure\n|\n|-heal|p2a: Melon Pop|63\/100|[from] item: Leftovers\n|-damage|p1a: Zapdos|4\/100|[from] Salt Cure\n|upkeep\n|turn|17\n|\n|t:|1698285850\n|move|p2a: Melon Pop|Protect|p2a: Melon Pop\n|-singleturn|p2a: Melon Pop|Protect\n|move|p1a: Zapdos|Thunderous Kick|p2a: Melon Pop\n|-activate|p2a: Melon Pop|move: Protect\n|\n|-heal|p2a: Melon Pop|69\/100|[from] item: Leftovers\n|-damage|p1a: Zapdos|0 fnt|[from] Salt Cure\n|faint|p1a: Zapdos\n|upkeep\n|\n|t:|1698285859\n|switch|p1a: Urshifu|Urshifu, M, tera:Steel|69\/100\n|turn|18\n|c| Jagannath|hurry\n|c| Jagannath|I gotta sleep\n|c|\u2606Xhearshotkidx|go to sleep then\n|c| rattybluewizard|i want to call these plays right now lmao\n|c| Jagannath|go fuck yourself then\n|\n|t:|1698285938\n|move|p1a: Urshifu|Close Combat|p2a: Melon Pop\n|-supereffective|p2a: Melon Pop\n|-damage|p2a: Melon Pop|0 fnt\n|-unboost|p1a: Urshifu|def|1\n|-unboost|p1a: Urshifu|spd|1\n|faint|p2a: Melon Pop\n|\n|upkeep\n|\n|t:|1698285945\n|switch|p2a: Napkin|Kingambit, F|100\/100\n|-activate|p2a: Napkin|ability: Supreme Overlord\n|-start|p2a: Napkin|fallen4|[silent]\n|turn|19\n|\n|t:|1698285952\n|move|p2a: Napkin|Sucker Punch|p1a: Urshifu\n|-damage|p1a: Urshifu|0 fnt\n|faint|p1a: Urshifu\n|\n|upkeep\n|\n|t:|1698285956\n|switch|p1a: Pikachu|Pikachu, F|100\/100\n|turn|20\n|c| Jagannath|napkin\n|c| rattybluewizard|bruh\n|c|\u2606JACOBNAUT|lmao\n|\n|t:|1698285978\n|move|p1a: Pikachu|Fake Out|p2a: Napkin\n|-resisted|p2a: Napkin\n|-damage|p2a: Napkin|95\/100\n|cant|p2a: Napkin|flinch\n|\n|-heal|p2a: Napkin|100\/100|[from] item: Leftovers\n|upkeep\n|turn|21\n|c| Jagannath|I wanna say you let Justine name all these but honestly, I feel like you did this yourself\n|c|\u2606JACOBNAUT|i did\n|c|\u2606JACOBNAUT|bahahahaha\n|\n|t:|1698286015\n|move|p2a: Napkin|Sucker Punch|p1a: Pikachu\n|-damage|p1a: Pikachu|0 fnt\n|-status|p2a: Napkin|par|[from] ability: Static|[of] p1a: Pikachu\n|faint|p1a: Pikachu\n|\n|win|JACOBNAUT\n|c| Jagannath|haha para'd you idiot\n|c| rattybluewizard|wowow\n|c|\u2606JACOBNAUT|bahahahaha\n|c|\u2606JACOBNAUT|gg\n|c| Jagannath|ggz bois\n|c|\u2606Xhearshotkidx|gg\n|l| Jagannath\n|c|\u2606Xhearshotkidx|only took him 2 weeks to prep\n|c|\u2606JACOBNAUT|omfg hahaha\n|c|\u2606JACOBNAUT|i prepped at 9pm\n|c|\u2606JACOBNAUT|i never prep more than 30 mins before playing tbh\n|l|\u2606Xhearshotkidx\n|l|\u2606JACOBNAUT\n","uploadtime":1698286076,"views":12,"p1id":"xhearshotkidx","p2id":"jacobnaut","formatid":"gen9ubers","rating":0,"private":0,"password":""}