{"id":"gen9ubers-1983426566","p1":"the tr4sh man","p2":"adpg.alt","format":"[Gen 9] Ubers","log":"|j|\u2606the tr4sh man\n|j|\u2606adpg.alt\n|t:|1699128929\n|gametype|singles\n|player|p1|the tr4sh man|xerosic|\n|player|p2|adpg.alt|hilbert-wonderlauncher|\n|teamsize|p1|6\n|teamsize|p2|6\n|gen|9\n|tier|[Gen 9] Ubers\n|rule|Sleep Clause Mod: Limit one foe put to sleep\n|rule|Species Clause: Limit one of each Pok\u00e9mon\n|rule|OHKO Clause: OHKO moves are banned\n|rule|Evasion Items Clause: Evasion items are banned\n|rule|Evasion Moves Clause: Evasion moves are banned\n|rule|Endless Battle Clause: Forcing endless battles is banned\n|rule|HP Percentage Mod: HP is shown in percentages\n|clearpoke\n|poke|p1|Lycanroc-Dusk, M|\n|poke|p1|Houndstone, F|\n|poke|p1|Zamazenta-*|\n|poke|p1|Zacian-*|\n|poke|p1|Dachsbun, F|\n|poke|p1|Mabosstiff, F|\n|poke|p2|Ninetales-Alola, F|\n|poke|p2|Baxcalibur, F|\n|poke|p2|Arceus-Ghost|\n|poke|p2|Zacian-*|\n|poke|p2|Espathra, F|\n|poke|p2|Urshifu-*, M|\n|teampreview\n|c|\u2606the tr4sh man|gl hf\n|\n|t:|1699128939\n|start\n|switch|p1a: Lycanroc|Lycanroc-Dusk, M|100\/100\n|switch|p2a: Anales|Ninetales-Alola, F, shiny|100\/100\n|-weather|Snow|[from] ability: Snow Warning|[of] p2a: Anales\n|turn|1\n|\n|t:|1699128944\n|move|p1a: Lycanroc|Taunt|p2a: Anales\n|-start|p2a: Anales|move: Taunt\n|cant|p2a: Anales|move: Taunt|Aurora Veil\n|\n|-weather|Snow|[upkeep]\n|upkeep\n|turn|2\n|\n|t:|1699128948\n|switch|p2a: Shifu|Urshifu, M|100\/100\n|move|p1a: Lycanroc|Stealth Rock|p2a: Shifu\n|-sidestart|p2: adpg.alt|move: Stealth Rock\n|\n|-weather|Snow|[upkeep]\n|upkeep\n|turn|3\n|\n|t:|1699128961\n|switch|p1a: Houndstone|Houndstone, F|100\/100\n|move|p2a: Shifu|Wicked Blow|p1a: Houndstone\n|-supereffective|p1a: Houndstone\n|-crit|p1a: Houndstone\n|-damage|p1a: Houndstone|52\/100\n|-damage|p2a: Shifu|84\/100|[from] item: Rocky Helmet|[of] p1a: Houndstone\n|\n|-weather|Snow|[upkeep]\n|upkeep\n|turn|4\n|\n|t:|1699128971\n|switch|p2a: Excalibur|Baxcalibur, F|100\/100\n|-damage|p2a: Excalibur|76\/100|[from] Stealth Rock\n|move|p1a: Houndstone|Rest|p1a: Houndstone\n|-status|p1a: Houndstone|slp|[from] move: Rest\n|-heal|p1a: Houndstone|100\/100 slp|[silent]\n|\n|-weather|Snow|[upkeep]\n|upkeep\n|turn|5\n|\n|t:|1699128982\n|switch|p1a: Zamazenta|Zamazenta|100\/100\n|-ability|p1a: Zamazenta|Dauntless Shield|boost\n|-boost|p1a: Zamazenta|def|1\n|move|p2a: Excalibur|Dragon Dance|p2a: Excalibur\n|-boost|p2a: Excalibur|atk|1\n|-boost|p2a: Excalibur|spe|1\n|\n|-weather|none\n|upkeep\n|turn|6\n|\n|t:|1699128997\n|-terastallize|p2a: Excalibur|Poison\n|move|p2a: Excalibur|Dragon Dance|p2a: Excalibur\n|-boost|p2a: Excalibur|atk|1\n|-boost|p2a: Excalibur|spe|1\n|move|p1a: Zamazenta|Body Press|p2a: Excalibur\n|-resisted|p2a: Excalibur\n|-damage|p2a: Excalibur|46\/100\n|\n|upkeep\n|turn|7\n|\n|t:|1699129005\n|move|p2a: Excalibur|Icicle Spear|p1a: Zamazenta\n|-damage|p1a: Zamazenta|85\/100\n|-damage|p1a: Zamazenta|71\/100\n|-damage|p1a: Zamazenta|57\/100\n|-damage|p1a: Zamazenta|42\/100\n|-hitcount|p1a: Zamazenta|4\n|move|p1a: Zamazenta|Iron Defense|p1a: Zamazenta\n|-boost|p1a: Zamazenta|def|2\n|\n|-heal|p1a: Zamazenta|48\/100|[from] item: Leftovers\n|upkeep\n|turn|8\n|\n|t:|1699129013\n|move|p2a: Excalibur|Icicle Spear|p1a: Zamazenta\n|-damage|p1a: Zamazenta|39\/100\n|-damage|p1a: Zamazenta|30\/100\n|-damage|p1a: Zamazenta|22\/100\n|-damage|p1a: Zamazenta|13\/100\n|-crit|p1a: Zamazenta\n|-damage|p1a: Zamazenta|0 fnt\n|faint|p1a: Zamazenta\n|-hitcount|p1: Zamazenta|5\n|\n|upkeep\n|\n|t:|1699129019\n|switch|p1a: Lycanroc|Lycanroc-Dusk, M|100\/100\n|turn|9\n|\n|t:|1699129026\n|move|p1a: Lycanroc|Accelerock|p2a: Excalibur\n|-damage|p2a: Excalibur|20\/100\n|move|p2a: Excalibur|Icicle Spear|p1a: Lycanroc\n|-damage|p1a: Lycanroc|52\/100\n|-damage|p1a: Lycanroc|5\/100\n|-damage|p1a: Lycanroc|0 fnt\n|faint|p1a: Lycanroc\n|-hitcount|p1: Lycanroc|3\n|\n|upkeep\n|\n|t:|1699129034\n|switch|p1a: Dachsbun|Dachsbun, F|100\/100\n|turn|10\n|\n|t:|1699129040\n|-terastallize|p1a: Dachsbun|Steel\n|move|p2a: Excalibur|Earthquake|p1a: Dachsbun\n|-supereffective|p1a: Dachsbun\n|-damage|p1a: Dachsbun|0 fnt\n|faint|p1a: Dachsbun\n|\n|upkeep\n|\n|t:|1699129045\n|switch|p1a: Houndstone|Houndstone, F|100\/100 slp\n|turn|11\n|\n|t:|1699129050\n|move|p2a: Excalibur|Icicle Spear|p1a: Houndstone\n|-damage|p1a: Houndstone|80\/100 slp\n|-damage|p1a: Houndstone|60\/100 slp\n|-damage|p1a: Houndstone|38\/100 slp\n|-damage|p1a: Houndstone|17\/100 slp\n|-hitcount|p1a: Houndstone|4\n|cant|p1a: Houndstone|slp\n|move|p1a: Houndstone|Sleep Talk|p1a: Houndstone\n|move|p1a: Houndstone|Last Respects|p2a: Excalibur|[from]move: Sleep Talk\n|-damage|p2a: Excalibur|0 fnt\n|faint|p2a: Excalibur\n|\n|upkeep\n|\n|t:|1699129066\n|switch|p2a: Shifu|Urshifu, M|84\/100\n|-damage|p2a: Shifu|78\/100|[from] Stealth Rock\n|turn|12\n|\n|t:|1699129072\n|move|p2a: Shifu|Wicked Blow|p1a: Houndstone\n|-supereffective|p1a: Houndstone\n|-crit|p1a: Houndstone\n|-damage|p1a: Houndstone|0 fnt\n|-damage|p2a: Shifu|61\/100|[from] item: Rocky Helmet|[of] p1a: Houndstone\n|faint|p1a: Houndstone\n|\n|upkeep\n|\n|t:|1699129074\n|switch|p1a: Mabosstiff|Mabosstiff, F|100\/100\n|turn|13\n|\n|t:|1699129080\n|move|p2a: Shifu|Close Combat|p1a: Mabosstiff\n|-supereffective|p1a: Mabosstiff\n|-damage|p1a: Mabosstiff|0 fnt\n|-unboost|p2a: Shifu|def|1\n|-unboost|p2a: Shifu|spd|1\n|faint|p1a: Mabosstiff\n|\n|upkeep\n|\n|t:|1699129081\n|switch|p1a: Zacian|Zacian|100\/100\n|-ability|p1a: Zacian|Intrepid Sword|boost\n|-boost|p1a: Zacian|atk|1\n|turn|14\n|\n|t:|1699129089\n|move|p1a: Zacian|Swords Dance|p1a: Zacian\n|-boost|p1a: Zacian|atk|2\n|move|p2a: Shifu|Wicked Blow|p1a: Zacian\n|-resisted|p1a: Zacian\n|-crit|p1a: Zacian\n|-damage|p1a: Zacian|63\/100\n|\n|upkeep\n|turn|15\n|\n|t:|1699129096\n|move|p2a: Shifu|Sucker Punch|p1a: Zacian\n|-resisted|p1a: Zacian\n|-damage|p1a: Zacian|42\/100\n|move|p1a: Zacian|Play Rough|p2a: Shifu\n|-supereffective|p2a: Shifu\n|-damage|p2a: Shifu|0 fnt\n|faint|p2a: Shifu\n|\n|upkeep\n|\n|t:|1699129109\n|switch|p2a: Zacian-Hero|Zacian|100\/100\n|-ability|p2a: Zacian-Hero|Intrepid Sword|boost\n|-boost|p2a: Zacian-Hero|atk|1\n|turn|16\n|c|\u2606the tr4sh man|i saw the future\n|c|\u2606adpg.alt|All is decided here it seems\n|c|\u2606the tr4sh man|i lost this speed tie\n|c|\u2606the tr4sh man|gg\n|\n|t:|1699129133\n|move|p1a: Zacian|Play Rough|p2a: Zacian-Hero\n|-damage|p2a: Zacian-Hero|0 fnt\n|faint|p2a: Zacian-Hero\n|\n|upkeep\n|c|\u2606the tr4sh man|nvm\n|\n|t:|1699129152\n|switch|p2a: Arceus|Arceus-Ghost|100\/100\n|-damage|p2a: Arceus|88\/100|[from] Stealth Rock\n|turn|17\n|c|\u2606the tr4sh man|doubt i'll ohko arceus tho\n|\n|t:|1699129157\n|move|p1a: Zacian|Play Rough|p2a: Arceus\n|-damage|p2a: Arceus|16\/100\n|move|p2a: Arceus|Judgment|p1a: Zacian\n|-damage|p1a: Zacian|0 fnt\n|faint|p1a: Zacian\n|\n|win|adpg.alt\n|c|\u2606the tr4sh man|yeah\n|c|\u2606the tr4sh man|gg\n|c|\u2606adpg.alt|GG\n|l|\u2606the tr4sh man\n","uploadtime":1699129610,"views":8,"p1id":"thetr4shman","p2id":"adpgalt","formatid":"gen9ubers","rating":0,"private":0,"password":""}