{"id":"gen9ubers-1993336149","p1":"ASharpSharpie","p2":"CoffeeBeanz2","format":"[Gen 9] Ubers","log":"|j|\u2606ASharpSharpie\n|j|\u2606CoffeeBeanz2\n|t:|1700300918\n|gametype|singles\n|player|p1|ASharpSharpie|pokekid|\n|player|p2|CoffeeBeanz2|lysandre|\n|teamsize|p1|6\n|teamsize|p2|6\n|gen|9\n|tier|[Gen 9] Ubers\n|rule|Sleep Clause Mod: Limit one foe put to sleep\n|rule|Species Clause: Limit one of each Pok\u00e9mon\n|rule|OHKO Clause: OHKO moves are banned\n|rule|Evasion Items Clause: Evasion items are banned\n|rule|Evasion Moves Clause: Evasion moves are banned\n|rule|Endless Battle Clause: Forcing endless battles is banned\n|rule|HP Percentage Mod: HP is shown in percentages\n|clearpoke\n|poke|p1|Ogerpon-Wellspring, F|\n|poke|p1|Hoopa-Unbound|\n|poke|p1|Kingambit, F|\n|poke|p1|Iron Valiant|\n|poke|p1|Gliscor, M|\n|poke|p1|Forretress, F|\n|poke|p2|Ceruledge, F|\n|poke|p2|Iron Valiant|\n|poke|p2|Thundurus-Therian, M|\n|poke|p2|Great Tusk|\n|poke|p2|Garganacl, F|\n|poke|p2|Alomomola, M|\n|teampreview\n|c|\u2606CoffeeBeanz2|there we go\n|\n|t:|1700300941\n|start\n|switch|p1a: Gliscor|Gliscor, M|100\/100\n|switch|p2a: Garganacl|Garganacl, F|100\/100\n|turn|1\n|\n|t:|1700300948\n|move|p1a: Gliscor|Stealth Rock|p2a: Garganacl\n|-sidestart|p2: CoffeeBeanz2|move: Stealth Rock\n|move|p2a: Garganacl|Salt Cure|p1a: Gliscor\n|-damage|p1a: Gliscor|89\/100\n|-start|p1a: Gliscor|Salt Cure\n|\n|-damage|p1a: Gliscor|77\/100|[from] Salt Cure\n|-status|p1a: Gliscor|tox|[from] item: Toxic Orb\n|upkeep\n|turn|2\n|\n|t:|1700300961\n|move|p1a: Gliscor|Earthquake|p2a: Garganacl\n|-supereffective|p2a: Garganacl\n|-damage|p2a: Garganacl|52\/100\n|move|p2a: Garganacl|Iron Defense|p2a: Garganacl\n|-boost|p2a: Garganacl|def|2\n|\n|-heal|p2a: Garganacl|59\/100|[from] item: Leftovers\n|-heal|p1a: Gliscor|89\/100 tox|[from] ability: Poison Heal\n|-damage|p1a: Gliscor|77\/100 tox|[from] Salt Cure\n|upkeep\n|turn|3\n|\n|t:|1700300972\n|move|p1a: Gliscor|Earthquake|p2a: Garganacl\n|-supereffective|p2a: Garganacl\n|-crit|p2a: Garganacl\n|-damage|p2a: Garganacl|0 fnt\n|faint|p2a: Garganacl\n|\n|-heal|p1a: Gliscor|89\/100 tox|[from] ability: Poison Heal\n|-damage|p1a: Gliscor|77\/100 tox|[from] Salt Cure\n|upkeep\n|c|\u2606CoffeeBeanz2|yikes\n|\n|t:|1700300986\n|switch|p2a: Great Tusk|Great Tusk|100\/100\n|turn|4\n|\n|t:|1700301006\n|switch|p1a: Ogerpon|Ogerpon-Wellspring, F|100\/100\n|move|p2a: Great Tusk|Rapid Spin|p1a: Ogerpon\n|-damage|p1a: Ogerpon|80\/100\n|-boost|p2a: Great Tusk|spe|1\n|-sideend|p2: CoffeeBeanz2|Stealth Rock|[from] move: Rapid Spin|[of] p2a: Great Tusk\n|\n|upkeep\n|turn|5\n|\n|t:|1700301040\n|move|p2a: Great Tusk|Ice Spinner|p1a: Ogerpon\n|-damage|p1a: Ogerpon|47\/100\n|move|p1a: Ogerpon|Play Rough|p2a: Great Tusk\n|-supereffective|p2a: Great Tusk\n|-damage|p2a: Great Tusk|56\/100\n|\n|upkeep\n|turn|6\n|\n|t:|1700301049\n|move|p2a: Great Tusk|Ice Spinner|p1a: Ogerpon\n|-damage|p1a: Ogerpon|13\/100\n|move|p1a: Ogerpon|Ivy Cudgel|p2a: Great Tusk|[anim] Ivy Cudgel Water\n|-supereffective|p2a: Great Tusk\n|-damage|p2a: Great Tusk|0 fnt\n|faint|p2a: Great Tusk\n|-end|p2a: Great Tusk|Protosynthesis|[silent]\n|\n|upkeep\n|\n|t:|1700301059\n|switch|p2a: Ceruledge|Ceruledge, F|100\/100\n|turn|7\n|\n|t:|1700301066\n|move|p1a: Ogerpon|Ivy Cudgel|p2a: Ceruledge|[anim] Ivy Cudgel Water\n|-supereffective|p2a: Ceruledge\n|-enditem|p2a: Ceruledge|Focus Sash\n|-damage|p2a: Ceruledge|1\/100\n|-ability|p2a: Ceruledge|Weak Armor|boost\n|-unboost|p2a: Ceruledge|def|1\n|-boost|p2a: Ceruledge|spe|2\n|move|p2a: Ceruledge|Swords Dance|p2a: Ceruledge\n|-boost|p2a: Ceruledge|atk|2\n|\n|upkeep\n|turn|8\n|\n|t:|1700301076\n|move|p2a: Ceruledge|Bitter Blade|p1a: Ogerpon\n|-damage|p1a: Ogerpon|0 fnt\n|-heal|p2a: Ceruledge|7\/100|[from] drain|[of] p1a: Ogerpon\n|faint|p1a: Ogerpon\n|\n|upkeep\n|\n|t:|1700301098\n|switch|p1a: Gliscor|Gliscor, M|77\/100 tox\n|turn|9\n|\n|t:|1700301108\n|-terastallize|p2a: Ceruledge|Ghost\n|move|p2a: Ceruledge|Poltergeist|p1a: Gliscor\n|-activate|p1a: Gliscor|move: Poltergeist|Toxic Orb\n|-damage|p1a: Gliscor|0 fnt\n|faint|p1a: Gliscor\n|\n|upkeep\n|\n|t:|1700301118\n|switch|p1a: Kingambit|Kingambit, F, shiny|100\/100\n|-activate|p1a: Kingambit|ability: Supreme Overlord\n|-start|p1a: Kingambit|fallen2|[silent]\n|turn|10\n|\n|t:|1700301122\n|switch|p2a: Iron Valiant|Iron Valiant|100\/100\n|-enditem|p2a: Iron Valiant|Booster Energy\n|-activate|p2a: Iron Valiant|ability: Quark Drive|[fromitem]\n|-start|p2a: Iron Valiant|quarkdrivespe\n|move|p1a: Kingambit|Sucker Punch||[still]\n|-fail|p1a: Kingambit\n|\n|upkeep\n|turn|11\n|\n|t:|1700301137\n|-end|p1a: Kingambit|fallen2|[silent]\n|switch|p1a: Iron Valiant|Iron Valiant, shiny|100\/100\n|move|p2a: Iron Valiant|Encore||[still]\n|-fail|p2a: Iron Valiant\n|\n|upkeep\n|turn|12\n|\n|t:|1700301163\n|-end|p2a: Iron Valiant|Quark Drive|[silent]\n|switch|p2a: Ceruledge|Ceruledge, F, tera:Ghost|7\/100\n|move|p1a: Iron Valiant|Thunderbolt|p2a: Ceruledge\n|-damage|p2a: Ceruledge|0 fnt\n|faint|p2a: Ceruledge\n|\n|upkeep\n|\n|t:|1700301168\n|switch|p2a: Thundurus|Thundurus-Therian, M|100\/100\n|turn|13\n|\n|t:|1700301174\n|-end|p1a: Iron Valiant|Quark Drive|[silent]\n|switch|p1a: Forretress|Forretress, F|100\/100\n|move|p2a: Thundurus|Thunderbolt|p1a: Forretress\n|-damage|p1a: Forretress|24\/100\n|\n|upkeep\n|turn|14\n|c|\u2606ASharpSharpie|what\n|\n|t:|1700301186\n|move|p2a: Thundurus|Thunderbolt|p1a: Forretress\n|-damage|p1a: Forretress|0 fnt\n|faint|p1a: Forretress\n|\n|upkeep\n|c|\u2606CoffeeBeanz2|?\n|c|\u2606ASharpSharpie|nvm\n|\n|t:|1700301195\n|switch|p1a: Kingambit|Kingambit, F, shiny|100\/100\n|-activate|p1a: Kingambit|ability: Supreme Overlord\n|-start|p1a: Kingambit|fallen3|[silent]\n|turn|15\n|\n|t:|1700301203\n|switch|p2a: Iron Valiant|Iron Valiant|100\/100\n|move|p1a: Kingambit|Sucker Punch||[still]\n|-fail|p1a: Kingambit\n|\n|upkeep\n|turn|16\n|c|\u2606ASharpSharpie|omg\n|\n|t:|1700301214\n|-end|p1a: Kingambit|fallen3|[silent]\n|switch|p1a: Iron Valiant|Iron Valiant, shiny|100\/100\n|move|p2a: Iron Valiant|Encore||[still]\n|-fail|p2a: Iron Valiant\n|\n|upkeep\n|turn|17\n|\n|t:|1700301229\n|-end|p2a: Iron Valiant|Quark Drive|[silent]\n|switch|p2a: Alomomola|Alomomola, M|100\/100\n|move|p1a: Iron Valiant|Moonblast|p2a: Alomomola\n|-damage|p2a: Alomomola|44\/100\n|-unboost|p2a: Alomomola|spa|1\n|\n|upkeep\n|turn|18\n|\n|t:|1700301237\n|move|p1a: Iron Valiant|Moonblast|p2a: Alomomola\n|-damage|p2a: Alomomola|0 fnt\n|faint|p2a: Alomomola\n|\n|upkeep\n|\n|t:|1700301241\n|switch|p2a: Thundurus|Thundurus-Therian, M|100\/100\n|turn|19\n|\n|t:|1700301246\n|-terastallize|p1a: Iron Valiant|Electric\n|move|p1a: Iron Valiant|Moonblast|p2a: Thundurus\n|-damage|p2a: Thundurus|36\/100\n|move|p2a: Thundurus|Thunderbolt|p1a: Iron Valiant\n|-resisted|p1a: Iron Valiant\n|-damage|p1a: Iron Valiant|56\/100\n|\n|upkeep\n|turn|20\n|\n|t:|1700301255\n|move|p1a: Iron Valiant|Moonblast|p2a: Thundurus\n|-damage|p2a: Thundurus|0 fnt\n|faint|p2a: Thundurus\n|\n|upkeep\n|\n|t:|1700301257\n|switch|p2a: Iron Valiant|Iron Valiant|100\/100\n|turn|21\n|\n|t:|1700301260\n|move|p1a: Iron Valiant|Moonblast|p2a: Iron Valiant\n|-supereffective|p2a: Iron Valiant\n|-crit|p2a: Iron Valiant\n|-damage|p2a: Iron Valiant|0 fnt\n|faint|p2a: Iron Valiant\n|-end|p2a: Iron Valiant|Quark Drive|[silent]\n|\n|win|ASharpSharpie\n|c|\u2606CoffeeBeanz2|gg\n|c|\u2606ASharpSharpie|yay\n|c|\u2606ASharpSharpie|gg\n|c|\u2606CoffeeBeanz2|the crit at the start\n|c|\u2606CoffeeBeanz2|messed me up\n|c|\u2606ASharpSharpie|its 1 battle i think right\n|c|\u2606CoffeeBeanz2|yeah\n","uploadtime":1700301285,"views":27,"p1id":"asharpsharpie","p2id":"coffeebeanz2","formatid":"gen9ubers","rating":0,"private":0,"password":""}