{"id":"gen9ubers-1984105649","p1":"NInjashaw","p2":"SadaShidz\ufe0f","format":"[Gen 9] Ubers","log":"|j|\u2606NInjashaw\n|j|\u2606SadaShidz\ufe0f\n|t:|1699219232\n|gametype|singles\n|player|p1|NInjashaw|riley|1121\n|player|p2|SadaShidz\ufe0f|sada-ai|1203\n|teamsize|p1|6\n|teamsize|p2|6\n|gen|9\n|tier|[Gen 9] Ubers\n|rated|\n|rule|Sleep Clause Mod: Limit one foe put to sleep\n|rule|Species Clause: Limit one of each Pok\u00e9mon\n|rule|OHKO Clause: OHKO moves are banned\n|rule|Evasion Items Clause: Evasion items are banned\n|rule|Evasion Moves Clause: Evasion moves are banned\n|rule|Endless Battle Clause: Forcing endless battles is banned\n|rule|HP Percentage Mod: HP is shown in percentages\n|clearpoke\n|poke|p1|Ursaluna-Bloodmoon, M|\n|poke|p1|Ogerpon-Hearthflame, F|\n|poke|p1|Tornadus, M|\n|poke|p1|Koraidon|\n|poke|p1|Urshifu-*, M|\n|poke|p1|Zacian-*|\n|poke|p2|Chien-Pao|\n|poke|p2|Ogerpon-Hearthflame, F|\n|poke|p2|Arceus-Ghost|\n|poke|p2|Iron Valiant|\n|poke|p2|Great Tusk|\n|poke|p2|Koraidon|\n|teampreview\n|inactive|Battle timer is ON: inactive players will automatically lose when time's up. (requested by SadaShidz\ufe0f)\n|\n|t:|1699219242\n|start\n|switch|p1a: Koraidon|Koraidon|100\/100\n|switch|p2a: Tai Long|Chien-Pao|100\/100\n|-weather|SunnyDay|[from] ability: Orichalcum Pulse|[of] p1a: Koraidon\n|-activate|p1a: Koraidon|Orichalcum Pulse|[source]\n|-ability|p2a: Tai Long|Sword of Ruin\n|turn|1\n|\n|t:|1699219256\n|move|p1a: Koraidon|Collision Course|p2a: Tai Long\n|-supereffective|p2a: Tai Long\n|-enditem|p2a: Tai Long|Focus Sash\n|-damage|p2a: Tai Long|1\/100\n|move|p2a: Tai Long|Icicle Crash|p1a: Koraidon\n|-supereffective|p1a: Koraidon\n|-damage|p1a: Koraidon|7\/100\n|\n|-weather|SunnyDay|[upkeep]\n|upkeep\n|turn|2\n|\n|t:|1699219263\n|move|p2a: Tai Long|Ice Shard|p1a: Koraidon\n|-supereffective|p1a: Koraidon\n|-damage|p1a: Koraidon|0 fnt\n|faint|p1a: Koraidon\n|\n|-weather|SunnyDay|[upkeep]\n|upkeep\n|\n|t:|1699219268\n|switch|p1a: Zacian|Zacian-Crowned|100\/100\n|-ability|p1a: Zacian|Intrepid Sword|boost\n|-boost|p1a: Zacian|atk|1\n|turn|3\n|\n|t:|1699219287\n|move|p2a: Tai Long|Sucker Punch|p1a: Zacian\n|-resisted|p1a: Zacian\n|-damage|p1a: Zacian|79\/100\n|move|p1a: Zacian|Behemoth Blade|p2a: Tai Long\n|-supereffective|p2a: Tai Long\n|-damage|p2a: Tai Long|0 fnt\n|faint|p2a: Tai Long\n|\n|-weather|SunnyDay|[upkeep]\n|upkeep\n|\n|t:|1699219290\n|switch|p2a: Type Bike|Koraidon|100\/100\n|-activate|p2a: Type Bike|ability: Orichalcum Pulse\n|turn|4\n|\n|t:|1699219302\n|-terastallize|p2a: Type Bike|Fire\n|move|p1a: Zacian|Psychic Fangs|p2a: Type Bike\n|-damage|p2a: Type Bike|56\/100\n|move|p2a: Type Bike|Flame Charge|p1a: Zacian\n|-supereffective|p1a: Zacian\n|-damage|p1a: Zacian|0 fnt\n|-boost|p2a: Type Bike|spe|1\n|faint|p1a: Zacian\n|\n|-weather|SunnyDay|[upkeep]\n|upkeep\n|\n|t:|1699219308\n|switch|p1a: Tornadus|Tornadus, M|100\/100\n|turn|5\n|\n|t:|1699219317\n|move|p1a: Tornadus|Tailwind|p1a: Tornadus\n|-sidestart|p1: NInjashaw|move: Tailwind\n|move|p2a: Type Bike|Flame Charge|p1a: Tornadus\n|-damage|p1a: Tornadus|0 fnt\n|-boost|p2a: Type Bike|spe|1\n|faint|p1a: Tornadus\n|\n|-weather|none\n|upkeep\n|\n|t:|1699219329\n|switch|p1a: Ogerpon|Ogerpon-Hearthflame, F|100\/100\n|-ability|p1a: Ogerpon|Mold Breaker\n|turn|6\n|\n|t:|1699219352\n|switch|p2a: Yamz|Arceus-Ghost, shiny|100\/100\n|-terastallize|p1a: Ogerpon|Fire\n|detailschange|p1a: Ogerpon|Ogerpon-Hearthflame-Tera, F, tera:Fire\n|-ability|p1a: Ogerpon|Embody Aspect (Hearthflame)|boost\n|-boost|p1a: Ogerpon|atk|1\n|move|p1a: Ogerpon|Zen Headbutt|p2a: Yamz|[miss]\n|-miss|p1a: Ogerpon|p2a: Yamz\n|\n|upkeep\n|turn|7\n|\n|t:|1699219367\n|move|p1a: Ogerpon|Ivy Cudgel|p2a: Yamz\n|-damage|p2a: Yamz|17\/100\n|move|p2a: Yamz|Judgment|p1a: Ogerpon\n|-damage|p1a: Ogerpon|42\/100\n|\n|upkeep\n|turn|8\n|\n|t:|1699219376\n|move|p1a: Ogerpon|Horn Leech|p2a: Yamz\n|-damage|p2a: Yamz|0 fnt\n|-heal|p1a: Ogerpon|54\/100|[from] drain|[of] p2a: Yamz\n|faint|p2a: Yamz\n|\n|-sideend|p1: NInjashaw|move: Tailwind\n|upkeep\n|\n|t:|1699219390\n|switch|p2a: Type Bike|Koraidon, tera:Fire|56\/100\n|-weather|SunnyDay|[from] ability: Orichalcum Pulse|[of] p2a: Type Bike\n|-activate|p2a: Type Bike|Orichalcum Pulse|[source]\n|turn|9\n|\n|t:|1699219410\n|move|p1a: Ogerpon|Spiky Shield|p1a: Ogerpon\n|-singleturn|p1a: Ogerpon|move: Protect\n|move|p2a: Type Bike|Collision Course|p1a: Ogerpon\n|-activate|p1a: Ogerpon|move: Protect\n|-damage|p2a: Type Bike|43\/100|[from] Spiky Shield|[of] p1a: Ogerpon\n|\n|-weather|SunnyDay|[upkeep]\n|upkeep\n|turn|10\n|\n|t:|1699219418\n|move|p2a: Type Bike|Scale Shot|p1a: Ogerpon|[miss]\n|-miss|p2a: Type Bike|p1a: Ogerpon\n|move|p1a: Ogerpon|Zen Headbutt|p2a: Type Bike\n|-damage|p2a: Type Bike|2\/100\n|\n|-weather|SunnyDay|[upkeep]\n|upkeep\n|turn|11\n|\n|t:|1699219424\n|move|p1a: Ogerpon|Spiky Shield|p1a: Ogerpon\n|-singleturn|p1a: Ogerpon|move: Protect\n|move|p2a: Type Bike|Scale Shot|p1a: Ogerpon\n|-activate|p1a: Ogerpon|move: Protect\n|\n|-weather|SunnyDay|[upkeep]\n|upkeep\n|turn|12\n|\n|t:|1699219433\n|move|p2a: Type Bike|Scale Shot|p1a: Ogerpon\n|-damage|p1a: Ogerpon|31\/100\n|-damage|p1a: Ogerpon|7\/100\n|-damage|p1a: Ogerpon|0 fnt\n|faint|p1a: Ogerpon\n|-hitcount|p1: Ogerpon|3\n|-unboost|p2a: Type Bike|def|1\n|-boost|p2a: Type Bike|spe|1\n|\n|-weather|SunnyDay|[upkeep]\n|upkeep\n|\n|t:|1699219437\n|switch|p1a: Ursaluna|Ursaluna-Bloodmoon, M|100\/100\n|turn|13\n|\n|t:|1699219457\n|switch|p2a: BigFatBone|Great Tusk|100\/100\n|-activate|p2a: BigFatBone|ability: Protosynthesis\n|-start|p2a: BigFatBone|protosynthesisatk\n|move|p1a: Ursaluna|Moonblast|p2a: BigFatBone\n|-supereffective|p2a: BigFatBone\n|-damage|p2a: BigFatBone|0 fnt\n|faint|p2a: BigFatBone\n|-end|p2a: BigFatBone|Protosynthesis|[silent]\n|\n|-weather|none\n|upkeep\n|\n|t:|1699219467\n|switch|p2a: XJ9|Iron Valiant|100\/100\n|-enditem|p2a: XJ9|Booster Energy\n|-activate|p2a: XJ9|ability: Quark Drive|[fromitem]\n|-start|p2a: XJ9|quarkdrivespe\n|turn|14\n|\n|t:|1699219474\n|move|p2a: XJ9|Close Combat|p1a: Ursaluna\n|-supereffective|p1a: Ursaluna\n|-damage|p1a: Ursaluna|33\/100\n|-unboost|p2a: XJ9|def|1\n|-unboost|p2a: XJ9|spd|1\n|move|p1a: Ursaluna|Moonblast|p2a: XJ9\n|-supereffective|p2a: XJ9\n|-damage|p2a: XJ9|0 fnt\n|faint|p2a: XJ9\n|-end|p2a: XJ9|Quark Drive|[silent]\n|\n|upkeep\n|\n|t:|1699219481\n|switch|p2a: Fioni|Ogerpon-Hearthflame, F|100\/100\n|-ability|p2a: Fioni|Mold Breaker\n|turn|15\n|\n|t:|1699219496\n|move|p2a: Fioni|Horn Leech|p1a: Ursaluna\n|-supereffective|p1a: Ursaluna\n|-damage|p1a: Ursaluna|0 fnt\n|faint|p1a: Ursaluna\n|\n|upkeep\n|\n|t:|1699219499\n|switch|p1a: Urshifu|Urshifu, M|100\/100\n|turn|16\n|\n|t:|1699219505\n|move|p2a: Fioni|Ivy Cudgel|p1a: Urshifu\n|-damage|p1a: Urshifu|39\/100\n|move|p1a: Urshifu|Counter|p2a: Fioni\n|-damage|p2a: Fioni|0 fnt\n|faint|p2a: Fioni\n|\n|upkeep\n|\n|t:|1699219510\n|switch|p2a: Type Bike|Koraidon, tera:Fire|2\/100\n|-weather|SunnyDay|[from] ability: Orichalcum Pulse|[of] p2a: Type Bike\n|-activate|p2a: Type Bike|Orichalcum Pulse|[source]\n|turn|17\n|\n|t:|1699219516\n|move|p2a: Type Bike|Scale Shot|p1a: Urshifu\n|-damage|p1a: Urshifu|22\/100\n|-damage|p1a: Urshifu|5\/100\n|-crit|p1a: Urshifu\n|-damage|p1a: Urshifu|0 fnt\n|faint|p1a: Urshifu\n|-hitcount|p1: Urshifu|3\n|\n|win|SadaShidz\ufe0f\n|raw|NInjashaw's rating: 1121 &rarr; <strong>1102<\/strong><br \/>(-19 for losing)\n|raw|SadaShidz\ufe0f's rating: 1203 &rarr; <strong>1222<\/strong><br \/>(+19 for winning)\n|c|\u2606SadaShidz\ufe0f|Gg\n|l|\u2606NInjashaw\n","uploadtime":1699219529,"views":3,"p1id":"ninjashaw","p2id":"sadashidz","formatid":"gen9ubers","rating":1102,"private":0,"password":""}