{"id":"gen9ubers-1991145092","p1":"XpokVEVO","p2":"bennymbs","format":"[Gen 9] Ubers","log":"|j|\u2606XpokVEVO\n|j|\u2606bennymbs\n|t:|1700049725\n|gametype|singles\n|player|p1|XpokVEVO|rika|\n|player|p2|bennymbs|mina|\n|teamsize|p1|6\n|teamsize|p2|6\n|gen|9\n|tier|[Gen 9] Ubers\n|rule|Sleep Clause Mod: Limit one foe put to sleep\n|rule|Species Clause: Limit one of each Pok\u00e9mon\n|rule|OHKO Clause: OHKO moves are banned\n|rule|Evasion Items Clause: Evasion items are banned\n|rule|Evasion Moves Clause: Evasion moves are banned\n|rule|Endless Battle Clause: Forcing endless battles is banned\n|rule|HP Percentage Mod: HP is shown in percentages\n|clearpoke\n|poke|p1|Cyclizar, F|\n|poke|p1|Espathra, F|\n|poke|p1|Zacian-*|\n|poke|p1|Arceus-Fire|\n|poke|p1|Magearna|\n|poke|p1|Palafin, F|\n|poke|p2|Arceus-Poison|\n|poke|p2|Clefable, F|\n|poke|p2|Orthworm, M|\n|poke|p2|Blissey, F|\n|poke|p2|Cyclizar, F|\n|poke|p2|Zacian-*|\n|teampreview\n|inactive|Battle timer is ON: inactive players will automatically lose when time's up. (requested by bennymbs)\n|\n|t:|1700049739\n|start\n|switch|p1a: Akira|Cyclizar, F|100\/100\n|switch|p2a: Cyclizar|Cyclizar, F|100\/100\n|turn|1\n|\n|t:|1700049759\n|move|p1a: Akira|Shed Tail|p1a: Akira\n|-start|p1a: Akira|Substitute|[from] move: Shed Tail\n|-damage|p1a: Akira|50\/100\n|c|\u2606bennymbs|Kekw\n|\n|t:|1700049772\n|switch|p1a: Princess|Zacian, shiny|100\/100|[from] Shed Tail\n|-ability|p1a: Princess|Intrepid Sword|boost\n|-boost|p1a: Princess|atk|1\n|move|p2a: Cyclizar|Shed Tail|p2a: Cyclizar\n|-start|p2a: Cyclizar|Substitute|[from] move: Shed Tail\n|-damage|p2a: Cyclizar|50\/100\n|\n|t:|1700049792\n|switch|p2a: Blissey|Blissey, F, shiny|100\/100|[from] Shed Tail\n|\n|upkeep\n|turn|2\n|\n|t:|1700049801\n|move|p1a: Princess|Play Rough|p2a: Blissey\n|-end|p2a: Blissey|Substitute\n|move|p2a: Blissey|Seismic Toss|p1a: Princess\n|-end|p1a: Princess|Substitute\n|\n|upkeep\n|turn|3\n|c|\u2606bennymbs|Misclicked\n|c|\u2606bennymbs|84\n|\n|t:|1700049812\n|switch|p2a: Clefable|Clefable, F|100\/100\n|move|p1a: Princess|Play Rough|p2a: Clefable\n|-damage|p2a: Clefable|46\/100\n|\n|-heal|p2a: Clefable|53\/100|[from] item: Leftovers\n|upkeep\n|turn|4\n|\n|t:|1700049815\n|move|p2a: Clefable|Protect|p2a: Clefable\n|-singleturn|p2a: Clefable|Protect\n|move|p1a: Princess|Play Rough|p2a: Clefable\n|-activate|p2a: Clefable|move: Protect\n|\n|-heal|p2a: Clefable|59\/100|[from] item: Leftovers\n|upkeep\n|turn|5\n|\n|t:|1700049819\n|move|p1a: Princess|Play Rough|p2a: Clefable\n|-damage|p2a: Clefable|5\/100\n|move|p2a: Clefable|Wish|p2a: Clefable\n|\n|-heal|p2a: Clefable|11\/100|[from] item: Leftovers\n|upkeep\n|turn|6\n|\n|t:|1700049825\n|move|p2a: Clefable|Protect|p2a: Clefable\n|-singleturn|p2a: Clefable|Protect\n|move|p1a: Princess|Play Rough|p2a: Clefable\n|-activate|p2a: Clefable|move: Protect\n|\n|-heal|p2a: Clefable|61\/100|[from] move: Wish|[wisher] Clefable\n|-heal|p2a: Clefable|67\/100|[from] item: Leftovers\n|upkeep\n|turn|7\n|\n|t:|1700049840\n|move|p1a: Princess|Play Rough|p2a: Clefable\n|-damage|p2a: Clefable|18\/100\n|move|p2a: Clefable|Wish|p2a: Clefable\n|\n|-heal|p2a: Clefable|24\/100|[from] item: Leftovers\n|upkeep\n|turn|8\n|\n|t:|1700049844\n|switch|p1a: Palafin|Palafin, F|100\/100\n|move|p2a: Clefable|Protect||[still]\n|-fail|p2a: Clefable\n|\n|-heal|p2a: Clefable|74\/100|[from] move: Wish|[wisher] Clefable\n|-heal|p2a: Clefable|80\/100|[from] item: Leftovers\n|upkeep\n|turn|9\n|\n|t:|1700049860\n|move|p1a: Palafin|Flip Turn|p2a: Clefable\n|-damage|p2a: Clefable|54\/100\n|\n|t:|1700049865\n|detailschange|p1a: Palafin|Palafin-Hero, F\n|switch|p1a: Ar\u0441eus-Fighting|Arceus-Fire, shiny|100\/100|[from] Flip Turn\n|move|p2a: Clefable|Wish|p2a: Clefable\n|\n|-heal|p2a: Clefable|60\/100|[from] item: Leftovers\n|upkeep\n|turn|10\n|\n|t:|1700049879\n|switch|p2a: Arceus|Arceus-Poison|100\/100\n|move|p1a: Ar\u0441eus-Fighting|Dragon Dance|p1a: Ar\u0441eus-Fighting\n|-boost|p1a: Ar\u0441eus-Fighting|atk|1\n|-boost|p1a: Ar\u0441eus-Fighting|spe|1\n|\n|upkeep\n|turn|11\n|\n|t:|1700049883\n|move|p1a: Ar\u0441eus-Fighting|Flare Blitz|p2a: Arceus\n|-damage|p2a: Arceus|30\/100\n|-damage|p1a: Ar\u0441eus-Fighting|77\/100|[from] Recoil\n|move|p2a: Arceus|Bulk Up|p2a: Arceus\n|-boost|p2a: Arceus|atk|1\n|-boost|p2a: Arceus|def|1\n|\n|upkeep\n|turn|12\n|\n|t:|1700049897\n|move|p1a: Ar\u0441eus-Fighting|Flare Blitz|p2a: Arceus\n|-damage|p2a: Arceus|0 fnt\n|faint|p2a: Arceus\n|-damage|p1a: Ar\u0441eus-Fighting|67\/100|[from] Recoil\n|\n|upkeep\n|\n|t:|1700049911\n|switch|p2a: Orthworm|Orthworm, M|100\/100\n|turn|13\n|\n|t:|1700049918\n|-terastallize|p2a: Orthworm|Water\n|move|p1a: Ar\u0441eus-Fighting|Flare Blitz|p2a: Orthworm\n|-resisted|p2a: Orthworm\n|-damage|p2a: Orthworm|66\/100\n|-damage|p1a: Ar\u0441eus-Fighting|58\/100|[from] Recoil\n|move|p2a: Orthworm|Iron Defense|p2a: Orthworm\n|-boost|p2a: Orthworm|def|2\n|\n|-heal|p2a: Orthworm|72\/100|[from] item: Leftovers\n|upkeep\n|turn|14\n|\n|t:|1700049926\n|move|p1a: Ar\u0441eus-Fighting|Recover|p1a: Ar\u0441eus-Fighting\n|-heal|p1a: Ar\u0441eus-Fighting|100\/100\n|move|p2a: Orthworm|Body Press|p1a: Ar\u0441eus-Fighting\n|-damage|p1a: Ar\u0441eus-Fighting|59\/100\n|\n|-heal|p2a: Orthworm|78\/100|[from] item: Leftovers\n|upkeep\n|turn|15\n|\n|t:|1700049942\n|switch|p1a: Aunt Fanny|Magearna|100\/100\n|move|p2a: Orthworm|Body Press|p1a: Aunt Fanny\n|-damage|p1a: Aunt Fanny|29\/100\n|\n|-heal|p2a: Orthworm|84\/100|[from] item: Leftovers\n|upkeep\n|turn|16\n|\n|t:|1700049955\n|move|p1a: Aunt Fanny|Fleur Cannon|p2a: Orthworm\n|-damage|p2a: Orthworm|0 fnt\n|-unboost|p1a: Aunt Fanny|spa|2\n|-enditem|p1a: Aunt Fanny|Eject Pack\n|faint|p2a: Orthworm\n|-ability|p1a: Aunt Fanny|Soul-Heart|boost\n|-boost|p1a: Aunt Fanny|spa|1\n|\n|t:|1700049959\n|switch|p1a: Palafin|Palafin-Hero, F|100\/100\n|-activate|p1a: Palafin|ability: Zero to Hero\n|\n|upkeep\n|\n|t:|1700049986\n|switch|p2a: Clefable|Clefable, F|60\/100\n|turn|17\n|\n|t:|1700049993\n|-terastallize|p1a: Palafin|Water\n|move|p2a: Clefable|Protect|p2a: Clefable\n|-singleturn|p2a: Clefable|Protect\n|move|p1a: Palafin|Jet Punch|p2a: Clefable\n|-activate|p2a: Clefable|move: Protect\n|\n|-heal|p2a: Clefable|66\/100|[from] item: Leftovers\n|upkeep\n|turn|18\n|\n|t:|1700050001\n|move|p1a: Palafin|Jet Punch|p2a: Clefable\n|-damage|p2a: Clefable|6\/100\n|move|p2a: Clefable|Wish|p2a: Clefable\n|\n|-heal|p2a: Clefable|12\/100|[from] item: Leftovers\n|upkeep\n|turn|19\n|\n|t:|1700050007\n|move|p2a: Clefable|Protect|p2a: Clefable\n|-singleturn|p2a: Clefable|Protect\n|move|p1a: Palafin|Jet Punch|p2a: Clefable\n|-activate|p2a: Clefable|move: Protect\n|\n|-heal|p2a: Clefable|62\/100|[from] move: Wish|[wisher] Clefable\n|-heal|p2a: Clefable|68\/100|[from] item: Leftovers\n|upkeep\n|turn|20\n|\n|t:|1700050021\n|move|p1a: Palafin|Jet Punch|p2a: Clefable\n|-damage|p2a: Clefable|1\/100\n|move|p2a: Clefable|Moonblast|p1a: Palafin\n|-damage|p1a: Palafin|70\/100\n|\n|-heal|p2a: Clefable|7\/100|[from] item: Leftovers\n|upkeep\n|turn|21\n|\n|t:|1700050036\n|move|p1a: Palafin|Jet Punch|p2a: Clefable\n|-damage|p2a: Clefable|0 fnt\n|faint|p2a: Clefable\n|\n|upkeep\n|\n|t:|1700050044\n|switch|p2a: Cyclizar|Cyclizar, F|84\/100\n|turn|22\n|\n|t:|1700050060\n|move|p1a: Palafin|Jet Punch|p2a: Cyclizar\n|-resisted|p2a: Cyclizar\n|-damage|p2a: Cyclizar|30\/100\n|move|p2a: Cyclizar|Knock Off|p1a: Palafin\n|-damage|p1a: Palafin|52\/100\n|-enditem|p1a: Palafin|Choice Band|[from] move: Knock Off|[of] p2a: Cyclizar\n|\n|upkeep\n|turn|23\n|\n|t:|1700050068\n|move|p1a: Palafin|Jet Punch|p2a: Cyclizar\n|-resisted|p2a: Cyclizar\n|-damage|p2a: Cyclizar|0 fnt\n|faint|p2a: Cyclizar\n|\n|upkeep\n|\n|t:|1700050077\n|switch|p2a: Zacian|Zacian, shiny|100\/100\n|-ability|p2a: Zacian|Intrepid Sword|boost\n|-boost|p2a: Zacian|atk|1\n|turn|24\n|\n|t:|1700050084\n|move|p1a: Palafin|Jet Punch|p2a: Zacian\n|-damage|p2a: Zacian|51\/100\n|move|p2a: Zacian|Play Rough|p1a: Palafin\n|-crit|p1a: Palafin\n|-damage|p1a: Palafin|0 fnt\n|faint|p1a: Palafin\n|\n|upkeep\n|\n|t:|1700050092\n|switch|p1a: Ar\u0441eus-Fighting|Arceus-Fire, shiny|59\/100\n|turn|25\n|\n|t:|1700050096\n|move|p2a: Zacian|Close Combat|p1a: Ar\u0441eus-Fighting\n|-damage|p1a: Ar\u0441eus-Fighting|22\/100\n|-unboost|p2a: Zacian|def|1\n|-unboost|p2a: Zacian|spd|1\n|move|p1a: Ar\u0441eus-Fighting|Flare Blitz|p2a: Zacian\n|-damage|p2a: Zacian|0 fnt\n|faint|p2a: Zacian\n|-damage|p1a: Ar\u0441eus-Fighting|10\/100|[from] Recoil\n|\n|upkeep\n|\n|t:|1700050100\n|switch|p2a: Blissey|Blissey, F, shiny|100\/100\n|turn|26\n|\n|t:|1700050104\n|move|p1a: Ar\u0441eus-Fighting|Flare Blitz|p2a: Blissey\n|-damage|p2a: Blissey|0 fnt\n|faint|p2a: Blissey\n|-damage|p1a: Ar\u0441eus-Fighting|0 fnt|[from] Recoil\n|faint|p1a: Ar\u0441eus-Fighting\n|\n|win|XpokVEVO\n|l|\u2606XpokVEVO\n|c|\u2606bennymbs|Ggs\n","uploadtime":1700050117,"views":12,"p1id":"xpokvevo","p2id":"bennymbs","formatid":"gen9ubers","rating":0,"private":0,"password":""}