{"id":"gen9ubers-1975230485","p1":"superiax","p2":"SephieBL","format":"[Gen 9] Ubers","log":"|j|\u2606superiax\n|j|\u2606SephieBL\n|t:|1698172052\n|gametype|singles\n|player|p1|superiax|whitney|1158\n|player|p2|SephieBL|iris-masters|1301\n|teamsize|p1|6\n|teamsize|p2|6\n|gen|9\n|tier|[Gen 9] Ubers\n|rated|\n|rule|Sleep Clause Mod: Limit one foe put to sleep\n|rule|Species Clause: Limit one of each Pok\u00e9mon\n|rule|OHKO Clause: OHKO moves are banned\n|rule|Evasion Items Clause: Evasion items are banned\n|rule|Evasion Moves Clause: Evasion moves are banned\n|rule|Endless Battle Clause: Forcing endless battles is banned\n|rule|HP Percentage Mod: HP is shown in percentages\n|clearpoke\n|poke|p1|Iron Bundle|\n|poke|p1|Magearna|\n|poke|p1|Ninetales-Alola, F|\n|poke|p1|Kingambit, M|\n|poke|p1|Iron Moth|\n|poke|p1|Ursaluna-Bloodmoon, M|\n|poke|p2|Basculegion-F, F|\n|poke|p2|Magearna|\n|poke|p2|Arceus-Fire|\n|poke|p2|Zacian-*|\n|poke|p2|Dondozo, M|\n|poke|p2|Shaymin-Sky|\n|teampreview\n|inactive|Battle timer is ON: inactive players will automatically lose when time's up. (requested by SephieBL)\n|\n|t:|1698172060\n|start\n|switch|p1a: Mr. Freeze|Iron Bundle, shiny|100\/100\n|switch|p2a: 60-40 Simulator|Shaymin-Sky|100\/100\n|turn|1\n|\n|t:|1698172068\n|switch|p2a: Arceus \u2013 Fighting|Arceus-Fire|100\/100\n|move|p1a: Mr. Freeze|Ice Beam|p2a: Arceus \u2013 Fighting\n|-resisted|p2a: Arceus \u2013 Fighting\n|-damage|p2a: Arceus \u2013 Fighting|83\/100\n|\n|upkeep\n|turn|2\n|\n|t:|1698172082\n|-end|p1a: Mr. Freeze|Quark Drive|[silent]\n|switch|p1a: Clayface|Ursaluna-Bloodmoon, M|100\/100\n|move|p2a: Arceus \u2013 Fighting|Dragon Dance|p2a: Arceus \u2013 Fighting\n|-boost|p2a: Arceus \u2013 Fighting|atk|1\n|-boost|p2a: Arceus \u2013 Fighting|spe|1\n|\n|upkeep\n|turn|3\n|\n|t:|1698172089\n|move|p2a: Arceus \u2013 Fighting|Flare Blitz|p1a: Clayface\n|-damage|p1a: Clayface|18\/100\n|-damage|p2a: Arceus \u2013 Fighting|55\/100|[from] Recoil\n|move|p1a: Clayface|Blood Moon|p2a: Arceus \u2013 Fighting\n|-damage|p2a: Arceus \u2013 Fighting|0 fnt\n|faint|p2a: Arceus \u2013 Fighting\n|\n|-heal|p1a: Clayface|24\/100|[from] item: Leftovers\n|upkeep\n|\n|t:|1698172100\n|switch|p2a: Magearna|Magearna|100\/100\n|turn|4\n|\n|t:|1698172114\n|switch|p1a: Iron Moth|Iron Moth, shiny|100\/100\n|move|p2a: Magearna|Calm Mind|p2a: Magearna\n|-boost|p2a: Magearna|spa|1\n|-boost|p2a: Magearna|spd|1\n|\n|upkeep\n|turn|5\n|\n|t:|1698172120\n|-terastallize|p2a: Magearna|Ground\n|move|p1a: Iron Moth|Fiery Dance|p2a: Magearna\n|-damage|p2a: Magearna|75\/100\n|-boost|p1a: Iron Moth|spa|1\n|move|p2a: Magearna|Calm Mind|p2a: Magearna\n|-boost|p2a: Magearna|spa|1\n|-boost|p2a: Magearna|spd|1\n|\n|-heal|p2a: Magearna|81\/100|[from] item: Leftovers\n|upkeep\n|turn|6\n|\n|t:|1698172130\n|-terastallize|p1a: Iron Moth|Grass\n|move|p1a: Iron Moth|Energy Ball|p2a: Magearna\n|-supereffective|p2a: Magearna\n|-damage|p2a: Magearna|21\/100\n|-unboost|p2a: Magearna|spd|1\n|move|p2a: Magearna|Stored Power|p1a: Iron Moth\n|-damage|p1a: Iron Moth|55\/100\n|\n|-heal|p2a: Magearna|27\/100|[from] item: Leftovers\n|upkeep\n|turn|7\n|\n|t:|1698172143\n|move|p1a: Iron Moth|Fiery Dance|p2a: Magearna\n|-damage|p2a: Magearna|0 fnt\n|faint|p2a: Magearna\n|\n|upkeep\n|\n|t:|1698172146\n|switch|p2a: 60-40 Simulator|Shaymin-Sky|100\/100\n|turn|8\n|\n|t:|1698172156\n|-end|p1a: Iron Moth|Quark Drive|[silent]\n|switch|p1a: Clayface|Ursaluna-Bloodmoon, M|24\/100\n|move|p2a: 60-40 Simulator|Air Slash|p1a: Clayface\n|-damage|p1a: Clayface|0 fnt\n|faint|p1a: Clayface\n|\n|upkeep\n|\n|t:|1698172163\n|switch|p1a: Mr. Freeze|Iron Bundle, shiny|100\/100\n|turn|9\n|\n|t:|1698172168\n|move|p1a: Mr. Freeze|Hydro Pump|p2a: 60-40 Simulator\n|-resisted|p2a: 60-40 Simulator\n|-damage|p2a: 60-40 Simulator|65\/100\n|move|p2a: 60-40 Simulator|Air Slash|p1a: Mr. Freeze\n|-damage|p1a: Mr. Freeze|14\/100\n|\n|upkeep\n|turn|10\n|\n|t:|1698172177\n|-end|p1a: Mr. Freeze|Quark Drive|[silent]\n|switch|p1a: Harley Quinn|Magearna|100\/100\n|move|p2a: 60-40 Simulator|Air Slash|p1a: Harley Quinn\n|-resisted|p1a: Harley Quinn\n|-damage|p1a: Harley Quinn|80\/100\n|\n|upkeep\n|turn|11\n|\n|t:|1698172184\n|move|p2a: 60-40 Simulator|Air Slash|p1a: Harley Quinn\n|-resisted|p1a: Harley Quinn\n|-damage|p1a: Harley Quinn|54\/100\n|cant|p1a: Harley Quinn|flinch\n|\n|upkeep\n|turn|12\n|\n|t:|1698172189\n|move|p2a: 60-40 Simulator|Air Slash|p1a: Harley Quinn\n|-resisted|p1a: Harley Quinn\n|-damage|p1a: Harley Quinn|25\/100\n|move|p1a: Harley Quinn|Draining Kiss|p2a: 60-40 Simulator\n|-damage|p2a: 60-40 Simulator|40\/100\n|-heal|p1a: Harley Quinn|43\/100|[from] drain|[of] p2a: 60-40 Simulator\n|\n|upkeep\n|turn|13\n|\n|t:|1698172196\n|move|p2a: 60-40 Simulator|Earth Power|p1a: Harley Quinn\n|-supereffective|p1a: Harley Quinn\n|-damage|p1a: Harley Quinn|0 fnt\n|faint|p1a: Harley Quinn\n|\n|upkeep\n|\n|t:|1698172201\n|switch|p1a: Mr. Freeze|Iron Bundle, shiny|14\/100\n|turn|14\n|\n|t:|1698172203\n|move|p1a: Mr. Freeze|Freeze-Dry|p2a: 60-40 Simulator\n|-supereffective|p2a: 60-40 Simulator\n|-damage|p2a: 60-40 Simulator|0 fnt\n|faint|p2a: 60-40 Simulator\n|\n|upkeep\n|\n|t:|1698172206\n|switch|p2a: Zacian|Zacian|100\/100\n|-ability|p2a: Zacian|Intrepid Sword|boost\n|-boost|p2a: Zacian|atk|1\n|turn|15\n|\n|t:|1698172215\n|move|p1a: Mr. Freeze|Freeze-Dry|p2a: Zacian\n|-damage|p2a: Zacian|68\/100\n|move|p2a: Zacian|Swords Dance|p2a: Zacian\n|-boost|p2a: Zacian|atk|2\n|\n|upkeep\n|turn|16\n|\n|t:|1698172221\n|move|p1a: Mr. Freeze|Freeze-Dry|p2a: Zacian\n|-damage|p2a: Zacian|35\/100\n|move|p2a: Zacian|Play Rough|p1a: Mr. Freeze\n|-damage|p1a: Mr. Freeze|0 fnt\n|faint|p1a: Mr. Freeze\n|-end|p1a: Mr. Freeze|Quark Drive|[silent]\n|-damage|p2a: Zacian|25\/100|[from] item: Life Orb\n|\n|upkeep\n|\n|t:|1698172237\n|switch|p1a: Catwoman|Ninetales-Alola, F, shiny|100\/100\n|-weather|Snow|[from] ability: Snow Warning|[of] p1a: Catwoman\n|turn|17\n|\n|t:|1698172242\n|move|p2a: Zacian|Play Rough|p1a: Catwoman\n|-damage|p1a: Catwoman|0 fnt\n|faint|p1a: Catwoman\n|-damage|p2a: Zacian|15\/100|[from] item: Life Orb\n|\n|-weather|Snow|[upkeep]\n|upkeep\n|\n|t:|1698172266\n|switch|p1a: Robin|Kingambit, M, shiny|100\/100\n|-activate|p1a: Robin|ability: Supreme Overlord\n|-start|p1a: Robin|fallen4|[silent]\n|turn|18\n|\n|t:|1698172271\n|move|p1a: Robin|Sucker Punch||[still]\n|-fail|p1a: Robin\n|move|p2a: Zacian|Swords Dance|p2a: Zacian\n|-boost|p2a: Zacian|atk|2\n|\n|-weather|Snow|[upkeep]\n|upkeep\n|turn|19\n|\n|t:|1698172276\n|move|p1a: Robin|Sucker Punch|p2a: Zacian\n|-resisted|p2a: Zacian\n|-damage|p2a: Zacian|0 fnt\n|faint|p2a: Zacian\n|\n|-weather|Snow|[upkeep]\n|upkeep\n|\n|t:|1698172281\n|switch|p2a: Dondozo|Dondozo, M|100\/100\n|turn|20\n|\n|t:|1698172287\n|-end|p1a: Robin|fallen4|[silent]\n|switch|p1a: Iron Moth|Iron Moth, shiny, tera:Grass|55\/100\n|move|p2a: Dondozo|Curse|p2a: Dondozo\n|-unboost|p2a: Dondozo|spe|1\n|-boost|p2a: Dondozo|atk|1\n|-boost|p2a: Dondozo|def|1\n|\n|-weather|Snow|[upkeep]\n|upkeep\n|turn|21\n|\n|t:|1698172294\n|move|p1a: Iron Moth|Energy Ball|p2a: Dondozo\n|-supereffective|p2a: Dondozo\n|-damage|p2a: Dondozo|0 fnt\n|faint|p2a: Dondozo\n|\n|-weather|none\n|upkeep\n|\n|t:|1698172298\n|switch|p2a: THE WINCON WOO|Basculegion-F, F|100\/100\n|turn|22\n|\n|t:|1698172301\n|move|p2a: THE WINCON WOO|Last Respects|p1a: Iron Moth\n|-damage|p1a: Iron Moth|0 fnt\n|faint|p1a: Iron Moth\n|-end|p1a: Iron Moth|Quark Drive|[silent]\n|\n|upkeep\n|c|\u2606superiax|gg\n|\n|t:|1698172306\n|switch|p1a: Robin|Kingambit, M, shiny|100\/100\n|-activate|p1a: Robin|ability: Supreme Overlord\n|-start|p1a: Robin|fallen5|[silent]\n|turn|23\n|\n|t:|1698172316\n|move|p1a: Robin|Sucker Punch|p2a: THE WINCON WOO\n|-supereffective|p2a: THE WINCON WOO\n|-damage|p2a: THE WINCON WOO|0 fnt\n|faint|p2a: THE WINCON WOO\n|\n|win|superiax\n|raw|superiax's rating: 1158 &rarr; <strong>1193<\/strong><br \/>(+35 for winning)\n|raw|SephieBL's rating: 1301 &rarr; <strong>1273<\/strong><br \/>(-28 for losing)\n|l|\u2606SephieBL\n","uploadtime":1698172323,"views":12,"p1id":"superiax","p2id":"sephiebl","formatid":"gen9ubers","rating":1193,"private":0,"password":""}