{"id":"gen9ubers-1968998837","p1":"RubenPaCe","p2":"IspamObjection","format":"[Gen 9] Ubers","log":"|j|\u2606RubenPaCe\n|j|\u2606IspamObjection\n|t:|1697481654\n|gametype|singles\n|player|p1|RubenPaCe|camper|\n|player|p2|IspamObjection|lance-gen2|\n|teamsize|p1|6\n|teamsize|p2|6\n|gen|9\n|tier|[Gen 9] Ubers\n|rule|Sleep Clause Mod: Limit one foe put to sleep\n|rule|Species Clause: Limit one of each Pok\u00e9mon\n|rule|OHKO Clause: OHKO moves are banned\n|rule|Evasion Items Clause: Evasion items are banned\n|rule|Evasion Moves Clause: Evasion moves are banned\n|rule|Endless Battle Clause: Forcing endless battles is banned\n|rule|HP Percentage Mod: HP is shown in percentages\n|clearpoke\n|poke|p1|Houndstone, F|\n|poke|p1|Hippowdon, F|\n|poke|p1|Hatterene, F|\n|poke|p1|Dugtrio, F|\n|poke|p1|Magearna|\n|poke|p1|Zacian-*|\n|poke|p2|Giratina|\n|poke|p2|Garchomp, F|\n|poke|p2|Espathra, F|\n|poke|p2|Cyclizar, F|\n|poke|p2|Palafin, F|\n|poke|p2|Chi-Yu|\n|teampreview\n|\n|t:|1697481671\n|start\n|switch|p1a: Dugtrio|Dugtrio, F|100\/100\n|switch|p2a: Palafin|Palafin, F|100\/100\n|turn|1\n|\n|t:|1697481679\n|move|p2a: Palafin|Flip Turn|p1a: Dugtrio\n|-supereffective|p1a: Dugtrio\n|-enditem|p1a: Dugtrio|Focus Sash\n|-damage|p1a: Dugtrio|1\/100\n|\n|t:|1697481685\n|detailschange|p2a: Palafin|Palafin-Hero, F\n|switch|p2a: Garchover|Garchomp, F|100\/100|[from] Flip Turn\n|move|p1a: Dugtrio|Stealth Rock|p2a: Garchover\n|-sidestart|p2: IspamObjection|move: Stealth Rock\n|\n|upkeep\n|turn|2\n|\n|t:|1697481691\n|move|p1a: Dugtrio|Memento|p2a: Garchover\n|-unboost|p2a: Garchover|atk|2\n|-unboost|p2a: Garchover|spa|2\n|faint|p1a: Dugtrio\n|move|p2a: Garchover|Stealth Rock|p1: Dugtrio\n|-sidestart|p1: RubenPaCe|move: Stealth Rock\n|\n|upkeep\n|\n|t:|1697481701\n|switch|p1a: Zacian|Zacian|100\/100\n|-damage|p1a: Zacian|88\/100|[from] Stealth Rock\n|-ability|p1a: Zacian|Intrepid Sword|boost\n|-boost|p1a: Zacian|atk|1\n|turn|3\n|\n|t:|1697481706\n|move|p1a: Zacian|Play Rough|p2a: Garchover|[miss]\n|-miss|p1a: Zacian|p2a: Garchover\n|move|p2a: Garchover|Spikes|p1a: Zacian\n|-sidestart|p1: RubenPaCe|Spikes\n|\n|upkeep\n|turn|4\n|\n|t:|1697481711\n|move|p1a: Zacian|Play Rough|p2a: Garchover\n|-supereffective|p2a: Garchover\n|-enditem|p2a: Garchover|Focus Sash\n|-damage|p2a: Garchover|1\/100\n|-damage|p1a: Zacian|76\/100|[from] ability: Rough Skin|[of] p2a: Garchover\n|move|p2a: Garchover|Spikes|p1a: Zacian\n|-sidestart|p1: RubenPaCe|Spikes\n|\n|upkeep\n|turn|5\n|\n|t:|1697481718\n|move|p1a: Zacian|Play Rough|p2a: Garchover\n|-supereffective|p2a: Garchover\n|-damage|p2a: Garchover|0 fnt\n|-damage|p1a: Zacian|64\/100|[from] ability: Rough Skin|[of] p2a: Garchover\n|faint|p2a: Garchover\n|\n|upkeep\n|\n|t:|1697481729\n|switch|p2a: Giratina|Giratina|100\/100\n|-damage|p2a: Giratina|88\/100|[from] Stealth Rock\n|-ability|p2a: Giratina|Pressure\n|turn|6\n|\n|t:|1697481737\n|-terastallize|p2a: Giratina|Normal\n|move|p1a: Zacian|Play Rough|p2a: Giratina\n|-damage|p2a: Giratina|42\/100\n|move|p2a: Giratina|Will-O-Wisp|p1a: Zacian\n|-status|p1a: Zacian|brn\n|\n|-heal|p2a: Giratina|48\/100|[from] item: Leftovers\n|-damage|p1a: Zacian|57\/100 brn|[from] brn\n|upkeep\n|turn|7\n|\n|t:|1697481744\n|move|p1a: Zacian|Play Rough|p2a: Giratina\n|-damage|p2a: Giratina|27\/100\n|move|p2a: Giratina|Rest|p2a: Giratina\n|-status|p2a: Giratina|slp|[from] move: Rest\n|-heal|p2a: Giratina|100\/100 slp|[silent]\n|\n|-damage|p1a: Zacian|51\/100 brn|[from] brn\n|upkeep\n|turn|8\n|\n|t:|1697481749\n|move|p1a: Zacian|Play Rough|p2a: Giratina|[miss]\n|-miss|p1a: Zacian|p2a: Giratina\n|cant|p2a: Giratina|slp\n|move|p2a: Giratina|Sleep Talk|p2a: Giratina\n|move|p2a: Giratina|Rest||[from]move: Sleep Talk|[still]\n|-fail|p2a: Giratina\n|\n|-damage|p1a: Zacian|45\/100 brn|[from] brn\n|upkeep\n|turn|9\n|\n|t:|1697481756\n|move|p1a: Zacian|Play Rough|p2a: Giratina\n|-damage|p2a: Giratina|79\/100 slp\n|-unboost|p2a: Giratina|atk|1\n|cant|p2a: Giratina|slp\n|move|p2a: Giratina|Sleep Talk|p2a: Giratina\n|move|p2a: Giratina|Rest||[from]move: Sleep Talk|[still]\n|-fail|p2a: Giratina\n|\n|-heal|p2a: Giratina|85\/100 slp|[from] item: Leftovers\n|-damage|p1a: Zacian|39\/100 brn|[from] brn\n|upkeep\n|turn|10\n|\n|t:|1697481771\n|switch|p1a: Magearna|Magearna|100\/100\n|-damage|p1a: Magearna|94\/100|[from] Stealth Rock\n|-damage|p1a: Magearna|78\/100|[from] Spikes\n|-curestatus|p2a: Giratina|slp|[msg]\n|move|p2a: Giratina|Roar|p1a: Magearna\n|drag|p1a: Zacian|Zacian|39\/100 brn\n|-damage|p1a: Zacian|27\/100 brn|[from] Stealth Rock\n|-damage|p1a: Zacian|10\/100 brn|[from] Spikes\n|\n|-heal|p2a: Giratina|91\/100|[from] item: Leftovers\n|-damage|p1a: Zacian|4\/100 brn|[from] brn\n|upkeep\n|turn|11\n|\n|t:|1697481790\n|move|p1a: Zacian|Close Combat|p2a: Giratina\n|-supereffective|p2a: Giratina\n|-damage|p2a: Giratina|66\/100\n|-unboost|p1a: Zacian|def|1\n|-unboost|p1a: Zacian|spd|1\n|move|p2a: Giratina|Roar|p1a: Zacian\n|drag|p1a: Houndstone|Houndstone, F|100\/100\n|-damage|p1a: Houndstone|88\/100|[from] Stealth Rock\n|-damage|p1a: Houndstone|72\/100|[from] Spikes\n|\n|-heal|p2a: Giratina|72\/100|[from] item: Leftovers\n|upkeep\n|turn|12\n|\n|t:|1697481803\n|switch|p1a: Zacian|Zacian|4\/100 brn\n|-damage|p1a: Zacian|0 fnt|[from] Stealth Rock\n|faint|p1a: Zacian\n|move|p2a: Giratina|Will-O-Wisp|p1: Zacian|[notarget]\n|-fail|p2a: Giratina\n|\n|-heal|p2a: Giratina|78\/100|[from] item: Leftovers\n|upkeep\n|\n|t:|1697481805\n|switch|p1a: Magearna|Magearna|78\/100\n|-damage|p1a: Magearna|72\/100|[from] Stealth Rock\n|-damage|p1a: Magearna|55\/100|[from] Spikes\n|turn|13\n|\n|t:|1697481811\n|move|p1a: Magearna|Pain Split|p2a: Giratina\n|-sethp|p2a: Giratina|59\/100|[from] move: Pain Split|[silent]\n|-sethp|p1a: Magearna|82\/100|[from] move: Pain Split\n|move|p2a: Giratina|Roar|p1a: Magearna\n|drag|p1a: Houndstone|Houndstone, F|72\/100\n|-damage|p1a: Houndstone|59\/100|[from] Stealth Rock\n|-damage|p1a: Houndstone|43\/100|[from] Spikes\n|\n|-heal|p2a: Giratina|65\/100|[from] item: Leftovers\n|upkeep\n|turn|14\n|\n|t:|1697481819\n|switch|p1a: Hatterene|Hatterene, F|100\/100\n|-damage|p1a: Hatterene|88\/100|[from] Stealth Rock\n|-damage|p1a: Hatterene|72\/100|[from] Spikes\n|move|p2a: Giratina|Will-O-Wisp|p1a: Hatterene\n|move|p1a: Hatterene|Will-O-Wisp|p2a: Giratina|[from]ability: Magic Bounce\n|-status|p2a: Giratina|brn\n|\n|-heal|p2a: Giratina|72\/100 brn|[from] item: Leftovers\n|-heal|p1a: Hatterene|78\/100|[from] item: Leftovers\n|-damage|p2a: Giratina|65\/100 brn|[from] brn\n|upkeep\n|turn|15\n|\n|t:|1697481829\n|move|p2a: Giratina|Rest|p2a: Giratina\n|-status|p2a: Giratina|slp|[from] move: Rest\n|-heal|p2a: Giratina|100\/100 slp|[silent]\n|move|p1a: Hatterene|Mystical Fire|p2a: Giratina\n|-damage|p2a: Giratina|88\/100 slp\n|-unboost|p2a: Giratina|spa|1\n|\n|-heal|p2a: Giratina|94\/100 slp|[from] item: Leftovers\n|-heal|p1a: Hatterene|84\/100|[from] item: Leftovers\n|upkeep\n|turn|16\n|\n|t:|1697481837\n|cant|p2a: Giratina|slp\n|move|p2a: Giratina|Sleep Talk|p2a: Giratina\n|move|p2a: Giratina|Rest||[from]move: Sleep Talk|[still]\n|-fail|p2a: Giratina\n|move|p1a: Hatterene|Draining Kiss|p2a: Giratina\n|-damage|p2a: Giratina|82\/100 slp\n|-heal|p1a: Hatterene|98\/100|[from] drain|[of] p2a: Giratina\n|\n|-heal|p2a: Giratina|88\/100 slp|[from] item: Leftovers\n|-heal|p1a: Hatterene|100\/100|[from] item: Leftovers\n|upkeep\n|turn|17\n|\n|t:|1697481843\n|cant|p2a: Giratina|slp\n|move|p2a: Giratina|Sleep Talk|p2a: Giratina\n|move|p2a: Giratina|Will-O-Wisp|p1a: Hatterene|[from]move: Sleep Talk\n|move|p1a: Hatterene|Will-O-Wisp||[from]ability: Magic Bounce|[still]\n|-fail|p1a: Hatterene\n|move|p1a: Hatterene|Draining Kiss|p2a: Giratina\n|-damage|p2a: Giratina|75\/100 slp\n|\n|-heal|p2a: Giratina|82\/100 slp|[from] item: Leftovers\n|upkeep\n|turn|18\n|\n|t:|1697481852\n|move|p1a: Hatterene|Draining Kiss|p2a: Giratina\n|-damage|p2a: Giratina|68\/100 slp\n|-curestatus|p2a: Giratina|slp|[msg]\n|move|p2a: Giratina|Roar|p1a: Hatterene\n|move|p1a: Hatterene|Roar|p2a: Giratina|[from]ability: Magic Bounce\n|drag|p2a: Cyclizar|Cyclizar, F|100\/100\n|-damage|p2a: Cyclizar|88\/100|[from] Stealth Rock\n|\n|upkeep\n|turn|19\n|\n|t:|1697481860\n|move|p2a: Cyclizar|Shed Tail|p2a: Cyclizar\n|-start|p2a: Cyclizar|Substitute|[from] move: Shed Tail\n|-damage|p2a: Cyclizar|38\/100\n|\n|t:|1697481869\n|switch|p2a: Espathra|Espathra, F|100\/100|[from] Shed Tail\n|-damage|p2a: Espathra|88\/100|[from] Stealth Rock\n|move|p1a: Hatterene|Draining Kiss|p2a: Espathra\n|-end|p2a: Espathra|Substitute\n|\n|-heal|p2a: Espathra|94\/100|[from] item: Leftovers\n|upkeep\n|turn|20\n|\n|t:|1697481879\n|switch|p1a: Hippowdon|Hippowdon, F|100\/100\n|-damage|p1a: Hippowdon|94\/100|[from] Stealth Rock\n|-damage|p1a: Hippowdon|78\/100|[from] Spikes\n|-weather|Sandstorm|[from] ability: Sand Stream|[of] p1a: Hippowdon\n|move|p2a: Espathra|Calm Mind|p2a: Espathra\n|-boost|p2a: Espathra|spa|1\n|-boost|p2a: Espathra|spd|1\n|\n|-weather|Sandstorm|[upkeep]\n|-damage|p2a: Espathra|88\/100|[from] Sandstorm\n|-heal|p2a: Espathra|94\/100|[from] item: Leftovers\n|-ability|p2a: Espathra|Speed Boost|boost\n|-boost|p2a: Espathra|spe|1\n|upkeep\n|turn|21\n|\n|t:|1697481892\n|move|p2a: Espathra|Calm Mind|p2a: Espathra\n|-boost|p2a: Espathra|spa|1\n|-boost|p2a: Espathra|spd|1\n|move|p1a: Hippowdon|Whirlwind|p2a: Espathra\n|drag|p2a: Cyclizar|Cyclizar, F|71\/100\n|-damage|p2a: Cyclizar|59\/100|[from] Stealth Rock\n|\n|-weather|Sandstorm|[upkeep]\n|-damage|p2a: Cyclizar|53\/100|[from] Sandstorm\n|upkeep\n|turn|22\n|\n|t:|1697481907\n|move|p2a: Cyclizar|Shed Tail|p2a: Cyclizar\n|-start|p2a: Cyclizar|Substitute|[from] move: Shed Tail\n|-damage|p2a: Cyclizar|3\/100\n|\n|t:|1697481917\n|switch|p2a: Giratina|Giratina, tera:Normal|68\/100|[from] Shed Tail\n|-damage|p2a: Giratina|56\/100|[from] Stealth Rock\n|-ability|p2a: Giratina|Pressure\n|move|p1a: Hippowdon|Earthquake|p2a: Giratina\n|-activate|p2a: Giratina|move: Substitute|[damage]\n|\n|-weather|Sandstorm|[upkeep]\n|-damage|p2a: Giratina|50\/100|[from] Sandstorm\n|-heal|p2a: Giratina|56\/100|[from] item: Leftovers\n|upkeep\n|turn|23\n|\n|t:|1697481930\n|switch|p1a: Hatterene|Hatterene, F|100\/100\n|-damage|p1a: Hatterene|88\/100|[from] Stealth Rock\n|-damage|p1a: Hatterene|72\/100|[from] Spikes\n|move|p2a: Giratina|Will-O-Wisp|p1a: Hatterene\n|move|p1a: Hatterene|Will-O-Wisp||[from]ability: Magic Bounce|[still]\n|-fail|p1a: Hatterene\n|\n|-weather|Sandstorm|[upkeep]\n|-damage|p2a: Giratina|50\/100|[from] Sandstorm\n|-damage|p1a: Hatterene|66\/100|[from] Sandstorm\n|-heal|p2a: Giratina|56\/100|[from] item: Leftovers\n|-heal|p1a: Hatterene|72\/100|[from] item: Leftovers\n|upkeep\n|turn|24\n|\n|t:|1697481938\n|move|p2a: Giratina|Rest|p2a: Giratina\n|-status|p2a: Giratina|slp|[from] move: Rest\n|-heal|p2a: Giratina|100\/100 slp|[silent]\n|move|p1a: Hatterene|Draining Kiss|p2a: Giratina\n|-end|p2a: Giratina|Substitute\n|-heal|p1a: Hatterene|73\/100|[from] drain|[of] p2a: Giratina\n|\n|-weather|none\n|-heal|p1a: Hatterene|79\/100|[from] item: Leftovers\n|upkeep\n|turn|25\n|\n|t:|1697481949\n|cant|p2a: Giratina|slp\n|move|p2a: Giratina|Sleep Talk|p2a: Giratina\n|move|p2a: Giratina|Roar|p1a: Hatterene|[from]move: Sleep Talk\n|move|p1a: Hatterene|Roar|p2a: Giratina|[from]ability: Magic Bounce\n|drag|p2a: Chi-Yu|Chi-Yu|100\/100\n|-damage|p2a: Chi-Yu|76\/100|[from] Stealth Rock\n|-ability|p2a: Chi-Yu|Beads of Ruin\n|move|p1a: Hatterene|Psyshock|p2a: Chi-Yu\n|-immune|p2a: Chi-Yu\n|\n|-heal|p1a: Hatterene|85\/100|[from] item: Leftovers\n|upkeep\n|turn|26\n|c|\u2606RubenPaCe|bruh\n|\n|t:|1697481976\n|move|p2a: Chi-Yu|Dark Pulse|p1a: Hatterene\n|-damage|p1a: Hatterene|24\/100\n|cant|p1a: Hatterene|flinch\n|\n|-heal|p1a: Hatterene|30\/100|[from] item: Leftovers\n|upkeep\n|turn|27\n|-message|RubenPaCe forfeited.\n|\n|win|IspamObjection\n|c|\u2606RubenPaCe|crazy\n|c|\u2606RubenPaCe|gg\n","uploadtime":1697481988,"views":19,"p1id":"rubenpace","p2id":"ispamobjection","formatid":"gen9ubers","rating":0,"private":0,"password":""}