{"id":"gen9ubers-1990768145","p1":"Josayyy","p2":"rabidfroggo","format":"[Gen 9] Ubers","log":"|j|\u2606Josayyy\n|j|\u2606rabidfroggo\n|t:|1699998974\n|gametype|singles\n|player|p1|Josayyy|1|\n|player|p2|rabidfroggo|pokemaniac|\n|teamsize|p1|6\n|teamsize|p2|6\n|gen|9\n|tier|[Gen 9] Ubers\n|rule|Sleep Clause Mod: Limit one foe put to sleep\n|rule|Species Clause: Limit one of each Pok\u00e9mon\n|rule|OHKO Clause: OHKO moves are banned\n|rule|Evasion Items Clause: Evasion items are banned\n|rule|Evasion Moves Clause: Evasion moves are banned\n|rule|Endless Battle Clause: Forcing endless battles is banned\n|rule|HP Percentage Mod: HP is shown in percentages\n|clearpoke\n|poke|p1|Landorus-Therian, M|\n|poke|p1|Arcanine-Hisui, M|\n|poke|p1|Jolteon, F|\n|poke|p1|Mandibuzz, F|\n|poke|p1|Dondozo, M|\n|poke|p1|Slowking, F|\n|poke|p2|Lucario, F|\n|poke|p2|Toxicroak, M|\n|poke|p2|Gyarados, F|\n|poke|p2|Hoopa-Unbound|\n|poke|p2|Slowbro, F|\n|poke|p2|Salamence, F|\n|teampreview\n|j| XxShadowAngel\n|\n|t:|1699999062\n|start\n|switch|p1a: The Lost Thundorus|Landorus-Therian, M, shiny|100\/100\n|switch|p2a: Gyarados|Gyarados, F|100\/100\n|-ability|p2a: Gyarados|Intimidate|boost\n|-unboost|p1a: The Lost Thundorus|atk|1\n|-ability|p1a: The Lost Thundorus|Intimidate|boost\n|-unboost|p2a: Gyarados|atk|1\n|turn|1\n|\n|t:|1699999091\n|move|p2a: Gyarados|Hydro Pump|p1a: The Lost Thundorus\n|-supereffective|p1a: The Lost Thundorus\n|-damage|p1a: The Lost Thundorus|27\/100\n|move|p1a: The Lost Thundorus|Stone Edge|p2a: Gyarados|[miss]\n|-miss|p1a: The Lost Thundorus|p2a: Gyarados\n|\n|upkeep\n|turn|2\n|\n|t:|1699999132\n|move|p2a: Gyarados|Hydro Pump|p1a: The Lost Thundorus\n|-supereffective|p1a: The Lost Thundorus\n|-damage|p1a: The Lost Thundorus|0 fnt\n|faint|p1a: The Lost Thundorus\n|\n|upkeep\n|\n|t:|1699999136\n|switch|p1a: Jolteon|Jolteon, F, shiny|100\/100\n|turn|3\n|\n|t:|1699999162\n|switch|p2a: Toxicroak|Toxicroak, M|100\/100\n|move|p1a: Jolteon|Calm Mind|p1a: Jolteon\n|-boost|p1a: Jolteon|spa|1\n|-boost|p1a: Jolteon|spd|1\n|\n|upkeep\n|turn|4\n|\n|t:|1699999180\n|move|p1a: Jolteon|Volt Switch|p2a: Toxicroak\n|-damage|p2a: Toxicroak|29\/100\n|\n|t:|1699999185\n|switch|p1a: Slowking|Slowking, F, shiny|100\/100|[from] Volt Switch\n|move|p2a: Toxicroak|Thunder Punch|p1a: Slowking\n|-supereffective|p1a: Slowking\n|-damage|p1a: Slowking|53\/100\n|\n|-heal|p2a: Toxicroak|35\/100|[from] item: Leftovers\n|-heal|p1a: Slowking|59\/100|[from] item: Leftovers\n|upkeep\n|turn|5\n|\n|t:|1699999198\n|move|p2a: Toxicroak|Thunder Punch|p1a: Slowking\n|-supereffective|p1a: Slowking\n|-damage|p1a: Slowking|12\/100\n|move|p1a: Slowking|Psychic|p2a: Toxicroak\n|-supereffective|p2a: Toxicroak\n|-damage|p2a: Toxicroak|0 fnt\n|faint|p2a: Toxicroak\n|\n|-heal|p1a: Slowking|19\/100|[from] item: Leftovers\n|upkeep\n|\n|t:|1699999210\n|switch|p2a: Gyarados|Gyarados, F|100\/100\n|-ability|p2a: Gyarados|Intimidate|boost\n|-unboost|p1a: Slowking|atk|1\n|turn|6\n|\n|t:|1699999226\n|switch|p1a: Jolteon|Jolteon, F, shiny|100\/100\n|move|p2a: Gyarados|Thunderbolt|p1a: Jolteon\n|-immune|p1a: Jolteon|[from] ability: Volt Absorb\n|\n|upkeep\n|turn|7\n|\n|t:|1699999242\n|switch|p2a: Salamence|Salamence, F|100\/100\n|-ability|p2a: Salamence|Intimidate|boost\n|-unboost|p1a: Jolteon|atk|1\n|move|p1a: Jolteon|Thunderbolt|p2a: Salamence\n|-damage|p2a: Salamence|48\/100\n|\n|-heal|p2a: Salamence|54\/100|[from] item: Leftovers\n|upkeep\n|turn|8\n|\n|t:|1699999261\n|move|p1a: Jolteon|Volt Switch|p2a: Salamence\n|-damage|p2a: Salamence|16\/100\n|\n|t:|1699999264\n|switch|p1a: Arcanine|Arcanine-Hisui, M, shiny|100\/100|[from] Volt Switch\n|move|p2a: Salamence|Draco Meteor|p1a: Arcanine\n|-damage|p1a: Arcanine|21\/100\n|-unboost|p2a: Salamence|spa|2\n|\n|-heal|p2a: Salamence|22\/100|[from] item: Leftovers\n|upkeep\n|turn|9\n|\n|t:|1699999274\n|move|p1a: Arcanine|Extreme Speed|p2a: Salamence\n|-damage|p2a: Salamence|0 fnt\n|faint|p2a: Salamence\n|\n|upkeep\n|\n|t:|1699999281\n|switch|p2a: Slowbro|Slowbro, F|100\/100\n|turn|10\n|\n|t:|1699999298\n|switch|p1a: Mandibuzz|Mandibuzz, F, shiny|100\/100\n|move|p2a: Slowbro|Psychic|p1a: Mandibuzz\n|-immune|p1a: Mandibuzz\n|\n|upkeep\n|turn|11\n|\n|t:|1699999309\n|move|p1a: Mandibuzz|Taunt|p2a: Slowbro\n|-start|p2a: Slowbro|move: Taunt\n|cant|p2a: Slowbro|move: Taunt|Substitute\n|\n|upkeep\n|turn|12\n|\n|t:|1699999321\n|move|p1a: Mandibuzz|Foul Play|p2a: Slowbro\n|-supereffective|p2a: Slowbro\n|-damage|p2a: Slowbro|59\/100\n|move|p2a: Slowbro|Flamethrower|p1a: Mandibuzz\n|-damage|p1a: Mandibuzz|74\/100\n|-status|p1a: Mandibuzz|brn\n|\n|-heal|p1a: Mandibuzz|80\/100 brn|[from] item: Leftovers\n|-heal|p2a: Slowbro|65\/100|[from] item: Leftovers\n|-damage|p1a: Mandibuzz|74\/100 brn|[from] brn\n|upkeep\n|turn|13\n|\n|t:|1699999342\n|switch|p2a: Hoopa|Hoopa-Unbound|100\/100\n|move|p1a: Mandibuzz|Foul Play|p2a: Hoopa\n|-damage|p2a: Hoopa|68\/100\n|\n|-heal|p1a: Mandibuzz|80\/100 brn|[from] item: Leftovers\n|-damage|p1a: Mandibuzz|74\/100 brn|[from] brn\n|upkeep\n|turn|14\n|\n|t:|1699999368\n|move|p2a: Hoopa|Thunderbolt|p1a: Mandibuzz\n|-supereffective|p1a: Mandibuzz\n|-damage|p1a: Mandibuzz|15\/100 brn\n|-item|p2a: Hoopa|Leftovers|[from] ability: Magician|[of] p1a: Mandibuzz\n|move|p1a: Mandibuzz|Taunt|p2a: Hoopa\n|-start|p2a: Hoopa|move: Taunt\n|\n|-heal|p2a: Hoopa|74\/100|[from] item: Leftovers\n|-damage|p1a: Mandibuzz|9\/100 brn|[from] brn\n|upkeep\n|turn|15\n|\n|t:|1699999379\n|move|p2a: Hoopa|Thunderbolt|p1a: Mandibuzz\n|-supereffective|p1a: Mandibuzz\n|-damage|p1a: Mandibuzz|0 fnt\n|faint|p1a: Mandibuzz\n|\n|-heal|p2a: Hoopa|80\/100|[from] item: Leftovers\n|upkeep\n|\n|t:|1699999399\n|switch|p1a: Arcanine|Arcanine-Hisui, M, shiny|21\/100\n|turn|16\n|\n|t:|1699999410\n|move|p1a: Arcanine|Head Smash|p2a: Hoopa\n|-damage|p2a: Hoopa|0 fnt\n|faint|p2a: Hoopa\n|\n|upkeep\n|\n|t:|1699999418\n|switch|p2a: Gyarados|Gyarados, F|100\/100\n|-ability|p2a: Gyarados|Intimidate|boost\n|-unboost|p1a: Arcanine|atk|1\n|turn|17\n|\n|t:|1699999426\n|move|p1a: Arcanine|Head Smash|p2a: Gyarados\n|-supereffective|p2a: Gyarados\n|-damage|p2a: Gyarados|0 fnt\n|faint|p2a: Gyarados\n|\n|upkeep\n|\n|t:|1699999430\n|switch|p2a: Slowbro|Slowbro, F|65\/100\n|turn|18\n|\n|t:|1699999439\n|switch|p1a: Jolteon|Jolteon, F, shiny|100\/100\n|move|p2a: Slowbro|Psychic|p1a: Jolteon\n|-damage|p1a: Jolteon|48\/100\n|\n|-heal|p2a: Slowbro|72\/100|[from] item: Leftovers\n|upkeep\n|turn|19\n|\n|t:|1699999448\n|move|p1a: Jolteon|Thunderbolt|p2a: Slowbro\n|-supereffective|p2a: Slowbro\n|-damage|p2a: Slowbro|0 fnt\n|faint|p2a: Slowbro\n|\n|upkeep\n|\n|t:|1699999452\n|switch|p2a: Lucario|Lucario, F|100\/100\n|turn|20\n|\n|t:|1699999466\n|move|p1a: Jolteon|Volt Switch|p2a: Lucario\n|-damage|p2a: Lucario|51\/100\n|\n|t:|1699999472\n|switch|p1a: Arcanine|Arcanine-Hisui, M, shiny|21\/100|[from] Volt Switch\n|move|p2a: Lucario|Dragon Pulse|p1a: Arcanine\n|-damage|p1a: Arcanine|0 fnt\n|faint|p1a: Arcanine\n|\n|-heal|p2a: Lucario|57\/100|[from] item: Leftovers\n|upkeep\n|\n|t:|1699999484\n|switch|p1a: Dondozo|Dondozo, M, shiny|100\/100\n|turn|21\n|\n|t:|1699999494\n|move|p2a: Lucario|Dragon Pulse|p1a: Dondozo\n|-damage|p1a: Dondozo|75\/100\n|move|p1a: Dondozo|Body Press|p2a: Lucario\n|-supereffective|p2a: Lucario\n|-damage|p2a: Lucario|0 fnt\n|faint|p2a: Lucario\n|\n|win|Josayyy\n","uploadtime":1699999526,"views":22,"p1id":"josayyy","p2id":"rabidfroggo","formatid":"gen9ubers","rating":0,"private":0,"password":""}