{"id":"gen9ubers-1996639060","p1":"Anne Frankkkk","p2":"live woch reaction","format":"[Gen 9] Ubers","log":"|j|\u2606Anne Frankkkk\n|j|\u2606live woch reaction\n|t:|1700703811\n|gametype|singles\n|player|p1|Anne Frankkkk|hilbert|1254\n|player|p2|live woch reaction|bertha|1188\n|teamsize|p1|6\n|teamsize|p2|6\n|gen|9\n|tier|[Gen 9] Ubers\n|rated|\n|rule|Sleep Clause Mod: Limit one foe put to sleep\n|rule|Species Clause: Limit one of each Pok\u00e9mon\n|rule|OHKO Clause: OHKO moves are banned\n|rule|Evasion Items Clause: Evasion items are banned\n|rule|Evasion Moves Clause: Evasion moves are banned\n|rule|Endless Battle Clause: Forcing endless battles is banned\n|rule|HP Percentage Mod: HP is shown in percentages\n|clearpoke\n|poke|p1|Regieleki|\n|poke|p1|Kyogre|\n|poke|p1|Chien-Pao|\n|poke|p1|Ribombee, F|\n|poke|p1|Miraidon|\n|poke|p1|Flutter Mane|\n|poke|p2|Dialga-Origin|\n|poke|p2|Calyrex-Ice|\n|poke|p2|Arceus-Bug|\n|poke|p2|Great Tusk|\n|poke|p2|Koraidon|\n|poke|p2|Magearna|\n|teampreview\n|\n|t:|1700703820\n|start\n|switch|p1a: Moonblast|Ribombee, F, shiny|100\/100\n|switch|p2a: Calyrex|Calyrex-Ice|100\/100\n|-ability|p2a: Calyrex|As One\n|-ability|p2a: Calyrex|Unnerve\n|turn|1\n|inactive|Battle timer is ON: inactive players will automatically lose when time's up. (requested by Anne Frankkkk)\n|\n|t:|1700703828\n|move|p1a: Moonblast|Sticky Web|p2a: Calyrex\n|-sidestart|p2: live woch reaction|move: Sticky Web\n|move|p2a: Calyrex|Trick Room|p2a: Calyrex\n|-fieldstart|move: Trick Room|[of] p2a: Calyrex\n|\n|upkeep\n|turn|2\n|\n|t:|1700703832\n|move|p2a: Calyrex|Swords Dance|p2a: Calyrex\n|-boost|p2a: Calyrex|atk|2\n|move|p1a: Moonblast|Stun Spore|p2a: Calyrex\n|-status|p2a: Calyrex|par\n|\n|upkeep\n|turn|3\n|\n|t:|1700703838\n|move|p2a: Calyrex|Glacial Lance|p1a: Moonblast\n|-enditem|p1a: Moonblast|Focus Sash\n|-damage|p1a: Moonblast|1\/100\n|move|p1a: Moonblast|Moonblast|p2a: Calyrex\n|-damage|p2a: Calyrex|76\/100 par\n|-unboost|p2a: Calyrex|spa|1\n|\n|upkeep\n|turn|4\n|\n|t:|1700703846\n|move|p2a: Calyrex|Glacial Lance|p1a: Moonblast\n|-damage|p1a: Moonblast|0 fnt\n|faint|p1a: Moonblast\n|-ability|p2a: Calyrex|Chilling Neigh|boost\n|-boost|p2a: Calyrex|atk|1\n|\n|upkeep\n|\n|t:|1700703848\n|switch|p1a: Cyber Lizard|Miraidon|100\/100\n|-fieldstart|move: Electric Terrain|[from] ability: Hadron Engine|[of] p1a: Cyber Lizard\n|-item|p1a: Cyber Lizard|Air Balloon\n|turn|5\n|\n|t:|1700703859\n|move|p1a: Cyber Lizard|Protect|p1a: Cyber Lizard\n|-singleturn|p1a: Cyber Lizard|Protect\n|move|p2a: Calyrex|High Horsepower|p1a: Cyber Lizard\n|-activate|p1a: Cyber Lizard|move: Protect\n|\n|-fieldend|move: Trick Room\n|upkeep\n|turn|6\n|\n|t:|1700703865\n|move|p1a: Cyber Lizard|Electro Drift|p2a: Calyrex\n|-damage|p2a: Calyrex|24\/100 par\n|move|p2a: Calyrex|Trick Room|p2a: Calyrex\n|-fieldstart|move: Trick Room|[of] p2a: Calyrex\n|\n|upkeep\n|turn|7\n|\n|t:|1700703871\n|move|p1a: Cyber Lizard|Protect|p1a: Cyber Lizard\n|-singleturn|p1a: Cyber Lizard|Protect\n|move|p2a: Calyrex|High Horsepower|p1a: Cyber Lizard\n|-activate|p1a: Cyber Lizard|move: Protect\n|\n|upkeep\n|turn|8\n|\n|t:|1700703882\n|move|p2a: Calyrex|High Horsepower|p1a: Cyber Lizard\n|-immune|p1a: Cyber Lizard\n|move|p1a: Cyber Lizard|Electro Drift|p2a: Calyrex\n|-crit|p2a: Calyrex\n|-damage|p2a: Calyrex|0 fnt\n|faint|p2a: Calyrex\n|\n|upkeep\n|\n|t:|1700703902\n|switch|p2a: Koraidon|Koraidon|100\/100\n|-activate|p2a: Koraidon|move: Sticky Web\n|-unboost|p2a: Koraidon|spe|1\n|-weather|SunnyDay|[from] ability: Orichalcum Pulse|[of] p2a: Koraidon\n|-activate|p2a: Koraidon|Orichalcum Pulse|[source]\n|turn|9\n|\n|t:|1700703908\n|move|p1a: Cyber Lizard|Protect|p1a: Cyber Lizard\n|-singleturn|p1a: Cyber Lizard|Protect\n|move|p2a: Koraidon|Dragon Claw|p1a: Cyber Lizard\n|-activate|p1a: Cyber Lizard|move: Protect\n|\n|-weather|SunnyDay|[upkeep]\n|-fieldend|move: Electric Terrain\n|upkeep\n|turn|10\n|\n|t:|1700703916\n|-terastallize|p1a: Cyber Lizard|Fairy\n|move|p2a: Koraidon|Dragon Claw|p1a: Cyber Lizard\n|-immune|p1a: Cyber Lizard\n|move|p1a: Cyber Lizard|Dragon Pulse|p2a: Koraidon\n|-supereffective|p2a: Koraidon\n|-damage|p2a: Koraidon|11\/100\n|\n|-weather|SunnyDay|[upkeep]\n|-fieldend|move: Trick Room\n|upkeep\n|turn|11\n|\n|t:|1700703925\n|switch|p2a: kamala harris|Magearna|100\/100\n|-activate|p2a: kamala harris|move: Sticky Web\n|-unboost|p2a: kamala harris|spe|1\n|-enditem|p2a: kamala harris|Eject Pack\n|\n|t:|1700703931\n|switch|p2a: Koraidon|Koraidon|11\/100\n|-activate|p2a: Koraidon|move: Sticky Web\n|-unboost|p2a: Koraidon|spe|1\n|-activate|p2a: Koraidon|ability: Orichalcum Pulse\n|move|p1a: Cyber Lizard|Electro Drift|p2a: Koraidon\n|-resisted|p2a: Koraidon\n|-crit|p2a: Koraidon\n|-damage|p2a: Koraidon|0 fnt\n|faint|p2a: Koraidon\n|\n|-weather|SunnyDay|[upkeep]\n|upkeep\n|\n|t:|1700703942\n|switch|p2a: kamala harris|Magearna|100\/100\n|-activate|p2a: kamala harris|move: Sticky Web\n|-unboost|p2a: kamala harris|spe|1\n|turn|12\n|\n|t:|1700703948\n|switch|p1a: Bzzzzt|Regieleki, shiny|100\/100\n|move|p2a: kamala harris|Trick Room|p2a: kamala harris\n|-fieldstart|move: Trick Room|[of] p2a: kamala harris\n|\n|-weather|SunnyDay|[upkeep]\n|upkeep\n|turn|13\n|\n|t:|1700703953\n|move|p2a: kamala harris|Volt Switch|p1a: Bzzzzt\n|-resisted|p1a: Bzzzzt\n|-damage|p1a: Bzzzzt|75\/100\n|\n|t:|1700703958\n|switch|p2a: Great Tusk|Great Tusk|100\/100|[from] Volt Switch\n|-activate|p2a: Great Tusk|ability: Protosynthesis\n|-start|p2a: Great Tusk|protosynthesisatk\n|move|p1a: Bzzzzt|Thunderbolt|p2a: Great Tusk\n|-immune|p2a: Great Tusk\n|\n|-weather|none\n|-end|p2a: Great Tusk|Protosynthesis\n|upkeep\n|turn|14\n|\n|t:|1700703970\n|move|p2a: Great Tusk|Headlong Rush|p1a: Bzzzzt\n|-supereffective|p1a: Bzzzzt\n|-damage|p1a: Bzzzzt|0 fnt\n|-unboost|p2a: Great Tusk|def|1\n|-unboost|p2a: Great Tusk|spd|1\n|faint|p1a: Bzzzzt\n|\n|upkeep\n|\n|t:|1700703980\n|switch|p1a: Cyber Lizard|Miraidon, tera:Fairy|100\/100\n|-fieldstart|move: Electric Terrain|[from] ability: Hadron Engine|[of] p1a: Cyber Lizard\n|-item|p1a: Cyber Lizard|Air Balloon\n|turn|15\n|\n|t:|1700703985\n|move|p2a: Great Tusk|Stealth Rock|p1a: Cyber Lizard\n|-sidestart|p1: Anne Frankkkk|move: Stealth Rock\n|move|p1a: Cyber Lizard|Calm Mind|p1a: Cyber Lizard\n|-boost|p1a: Cyber Lizard|spa|1\n|-boost|p1a: Cyber Lizard|spd|1\n|\n|upkeep\n|turn|16\n|\n|t:|1700703992\n|-end|p2a: Great Tusk|Protosynthesis|[silent]\n|switch|p2a: kamala harris|Magearna|100\/100\n|-activate|p2a: kamala harris|move: Sticky Web\n|-unboost|p2a: kamala harris|spe|1\n|move|p1a: Cyber Lizard|Protect||[still]\n|-fail|p1a: Cyber Lizard\n|\n|-fieldend|move: Trick Room\n|upkeep\n|turn|17\n|\n|t:|1700704000\n|move|p1a: Cyber Lizard|Electro Drift|p2a: kamala harris\n|-damage|p2a: kamala harris|0 fnt\n|faint|p2a: kamala harris\n|\n|upkeep\n|\n|t:|1700704009\n|switch|p2a: joe biden|Dialga-Origin|100\/100\n|-activate|p2a: joe biden|move: Sticky Web\n|-unboost|p2a: joe biden|spe|1\n|-ability|p2a: joe biden|Pressure\n|turn|18\n|\n|t:|1700704015\n|move|p1a: Cyber Lizard|Calm Mind|p1a: Cyber Lizard\n|-boost|p1a: Cyber Lizard|spa|1\n|-boost|p1a: Cyber Lizard|spd|1\n|move|p2a: joe biden|Trick Room|p2a: joe biden\n|-fieldstart|move: Trick Room|[of] p2a: joe biden\n|\n|upkeep\n|turn|19\n|\n|t:|1700704023\n|move|p2a: joe biden|Heavy Slam|p1a: Cyber Lizard\n|-supereffective|p1a: Cyber Lizard\n|-damage|p1a: Cyber Lizard|33\/100\n|-enditem|p1a: Cyber Lizard|Air Balloon\n|move|p1a: Cyber Lizard|Dragon Pulse|p2a: joe biden\n|-damage|p2a: joe biden|31\/100\n|\n|-fieldend|move: Electric Terrain\n|upkeep\n|turn|20\n|\n|t:|1700704034\n|move|p1a: Cyber Lizard|Protect|p1a: Cyber Lizard\n|-singleturn|p1a: Cyber Lizard|Protect\n|move|p2a: joe biden|Heavy Slam|p1a: Cyber Lizard\n|-activate|p1a: Cyber Lizard|move: Protect\n|\n|upkeep\n|turn|21\n|\n|t:|1700704040\n|move|p1a: Cyber Lizard|Protect|p1a: Cyber Lizard\n|-singleturn|p1a: Cyber Lizard|Protect\n|move|p2a: joe biden|Heavy Slam|p1a: Cyber Lizard\n|-activate|p1a: Cyber Lizard|move: Protect\n|\n|upkeep\n|turn|22\n|\n|t:|1700704043\n|move|p2a: joe biden|Heavy Slam|p1a: Cyber Lizard\n|-supereffective|p1a: Cyber Lizard\n|-damage|p1a: Cyber Lizard|0 fnt\n|faint|p1a: Cyber Lizard\n|\n|-fieldend|move: Trick Room\n|upkeep\n|\n|t:|1700704051\n|switch|p1a: Ice Cat|Chien-Pao|100\/100\n|-damage|p1a: Ice Cat|76\/100|[from] Stealth Rock\n|-ability|p1a: Ice Cat|Sword of Ruin\n|turn|23\n|\n|t:|1700704064\n|move|p1a: Ice Cat|Sacred Sword|p2a: joe biden\n|-supereffective|p2a: joe biden\n|-damage|p2a: joe biden|0 fnt\n|faint|p2a: joe biden\n|\n|upkeep\n|\n|t:|1700704069\n|switch|p2a: Arceus|Arceus-Bug|100\/100\n|-activate|p2a: Arceus|move: Sticky Web\n|-unboost|p2a: Arceus|spe|1\n|turn|24\n|\n|t:|1700704076\n|move|p1a: Ice Cat|Ice Spinner|p2a: Arceus\n|-damage|p2a: Arceus|59\/100\n|move|p2a: Arceus|Judgment|p1a: Ice Cat\n|-supereffective|p1a: Ice Cat\n|-damage|p1a: Ice Cat|0 fnt\n|faint|p1a: Ice Cat\n|\n|upkeep\n|\n|t:|1700704083\n|switch|p1a: OHKO|Kyogre|100\/100\n|-damage|p1a: OHKO|88\/100|[from] Stealth Rock\n|-weather|RainDance|[from] ability: Drizzle|[of] p1a: OHKO\n|turn|25\n|\n|t:|1700704089\n|move|p1a: OHKO|Water Spout|p2a: Arceus\n|-damage|p2a: Arceus|0 fnt\n|faint|p2a: Arceus\n|\n|-weather|RainDance|[upkeep]\n|upkeep\n|\n|t:|1700704094\n|switch|p2a: Great Tusk|Great Tusk|100\/100\n|turn|26\n|-message|live woch reaction forfeited.\n|\n|win|Anne Frankkkk\n|raw|Anne Frankkkk's rating: 1254 &rarr; <strong>1274<\/strong><br \/>(+20 for winning)\n|raw|live woch reaction's rating: 1188 &rarr; <strong>1168<\/strong><br \/>(-20 for losing)\n|l|\u2606live woch reaction\n","uploadtime":1700704106,"views":1,"p1id":"annefrankkkk","p2id":"livewochreaction","formatid":"gen9ubers","rating":1168,"private":0,"password":""}