{"id":"gen9ubers-1982193279","p1":"FoxasBat","p2":"BriefStar","format":"[Gen 9] Ubers","log":"|j|\u2606FoxasBat\n|j|\u2606BriefStar\n|t:|1698977661\n|gametype|singles\n|player|p1|FoxasBat|170|\n|player|p2|BriefStar|benga|\n|teamsize|p1|6\n|teamsize|p2|6\n|gen|9\n|tier|[Gen 9] Ubers\n|rule|Sleep Clause Mod: Limit one foe put to sleep\n|rule|Species Clause: Limit one of each Pok\u00e9mon\n|rule|OHKO Clause: OHKO moves are banned\n|rule|Evasion Items Clause: Evasion items are banned\n|rule|Evasion Moves Clause: Evasion moves are banned\n|rule|Endless Battle Clause: Forcing endless battles is banned\n|rule|HP Percentage Mod: HP is shown in percentages\n|clearpoke\n|poke|p1|Clodsire, M|\n|poke|p1|Roaring Moon|\n|poke|p1|Armarouge, M|\n|poke|p1|Decidueye, F|\n|poke|p1|Sliggoo-Hisui, F|\n|poke|p1|Dunsparce, F|\n|poke|p2|Torkoal, F|\n|poke|p2|Tinkaton, F|\n|poke|p2|Bellibolt, M|\n|poke|p2|Mismagius, M|\n|poke|p2|Spidops, F|\n|poke|p2|Fraxure, F|\n|teampreview\n|\n|t:|1698977682\n|start\n|switch|p1a: Roaring Moon|Roaring Moon|100\/100\n|switch|p2a: Torkoal|Torkoal, F|100\/100\n|-weather|SunnyDay|[from] ability: Drought|[of] p2a: Torkoal\n|-activate|p1a: Roaring Moon|ability: Protosynthesis\n|-start|p1a: Roaring Moon|protosynthesisatk\n|turn|1\n|j| lunchbox5536\n|\n|t:|1698977702\n|-terastallize|p1a: Roaring Moon|Flying\n|-terastallize|p2a: Torkoal|Water\n|move|p1a: Roaring Moon|Acrobatics|p2a: Torkoal\n|-damage|p2a: Torkoal|73\/100\n|move|p2a: Torkoal|Yawn|p1a: Roaring Moon\n|-start|p1a: Roaring Moon|move: Yawn|[of] p2a: Torkoal\n|\n|-weather|SunnyDay|[upkeep]\n|upkeep\n|turn|2\n|\n|t:|1698977726\n|move|p1a: Roaring Moon|Dragon Dance|p1a: Roaring Moon\n|-boost|p1a: Roaring Moon|atk|1\n|-boost|p1a: Roaring Moon|spe|1\n|move|p2a: Torkoal|Stealth Rock|p1a: Roaring Moon\n|-sidestart|p1: FoxasBat|move: Stealth Rock\n|\n|-weather|SunnyDay|[upkeep]\n|-end|p1a: Roaring Moon|move: Yawn|[silent]\n|-status|p1a: Roaring Moon|slp\n|upkeep\n|turn|3\n|\n|t:|1698977736\n|switch|p2a: Bellibolt|Bellibolt, M|100\/100\n|cant|p1a: Roaring Moon|slp\n|\n|-weather|SunnyDay|[upkeep]\n|upkeep\n|turn|4\n|\n|t:|1698977743\n|cant|p1a: Roaring Moon|slp\n|move|p2a: Bellibolt|Parabolic Charge|p1a: Roaring Moon\n|-supereffective|p1a: Roaring Moon\n|-damage|p1a: Roaring Moon|54\/100 slp\n|\n|-weather|SunnyDay|[upkeep]\n|upkeep\n|turn|5\n|\n|t:|1698977749\n|-curestatus|p1a: Roaring Moon|slp|[msg]\n|move|p1a: Roaring Moon|Earthquake|p2a: Bellibolt\n|-supereffective|p2a: Bellibolt\n|-damage|p2a: Bellibolt|10\/100\n|-start|p2a: Bellibolt|Charge|Earthquake|[from] ability: Electromorphosis\n|move|p2a: Bellibolt|Parabolic Charge|p1a: Roaring Moon\n|-supereffective|p1a: Roaring Moon\n|-damage|p1a: Roaring Moon|0 fnt\n|-heal|p2a: Bellibolt|32\/100|[from] drain|[of] p1a: Roaring Moon\n|faint|p1a: Roaring Moon\n|-end|p1a: Roaring Moon|Protosynthesis|[silent]\n|-end|p2a: Bellibolt|Charge|[silent]\n|\n|-weather|SunnyDay|[upkeep]\n|upkeep\n|\n|t:|1698977759\n|switch|p1a: Clodsire|Clodsire, M|100\/100\n|-damage|p1a: Clodsire|94\/100|[from] Stealth Rock\n|turn|6\n|\n|t:|1698977768\n|switch|p2a: Torkoal|Torkoal, F, tera:Water|73\/100\n|move|p1a: Clodsire|Stealth Rock|p2a: Torkoal\n|-sidestart|p2: BriefStar|move: Stealth Rock\n|\n|-weather|SunnyDay|[upkeep]\n|-heal|p1a: Clodsire|100\/100|[from] item: Leftovers\n|upkeep\n|turn|7\n|\n|t:|1698977774\n|move|p1a: Clodsire|Toxic|p2a: Torkoal\n|-status|p2a: Torkoal|tox\n|move|p2a: Torkoal|Yawn|p1a: Clodsire\n|-start|p1a: Clodsire|move: Yawn|[of] p2a: Torkoal\n|\n|-weather|SunnyDay|[upkeep]\n|-damage|p2a: Torkoal|67\/100 tox|[from] psn\n|upkeep\n|turn|8\n|\n|t:|1698977785\n|switch|p1a: Dunsparce|Dunsparce, F|100\/100\n|-damage|p1a: Dunsparce|88\/100|[from] Stealth Rock\n|move|p2a: Torkoal|Rapid Spin|p1a: Dunsparce\n|-damage|p1a: Dunsparce|78\/100\n|-boost|p2a: Torkoal|spe|1\n|-sideend|p2: BriefStar|Stealth Rock|[from] move: Rapid Spin|[of] p2a: Torkoal\n|\n|-weather|none\n|-heal|p1a: Dunsparce|85\/100|[from] item: Leftovers\n|-damage|p2a: Torkoal|55\/100 tox|[from] psn\n|upkeep\n|turn|9\n|\n|t:|1698977797\n|move|p1a: Dunsparce|Coil|p1a: Dunsparce\n|-boost|p1a: Dunsparce|atk|1\n|-boost|p1a: Dunsparce|def|1\n|-boost|p1a: Dunsparce|accuracy|1\n|move|p2a: Torkoal|Yawn|p1a: Dunsparce\n|-start|p1a: Dunsparce|move: Yawn|[of] p2a: Torkoal\n|\n|-heal|p1a: Dunsparce|91\/100|[from] item: Leftovers\n|-damage|p2a: Torkoal|37\/100 tox|[from] psn\n|upkeep\n|turn|10\n|\n|t:|1698977814\n|switch|p2a: Mismagius|Mismagius, M|100\/100\n|move|p1a: Dunsparce|Body Slam|p2a: Mismagius\n|-immune|p2a: Mismagius\n|\n|-heal|p1a: Dunsparce|97\/100|[from] item: Leftovers\n|-end|p1a: Dunsparce|move: Yawn|[silent]\n|-status|p1a: Dunsparce|slp\n|upkeep\n|turn|11\n|\n|t:|1698977833\n|switch|p1a: Clodsire|Clodsire, M|100\/100\n|-damage|p1a: Clodsire|94\/100|[from] Stealth Rock\n|move|p2a: Mismagius|Nasty Plot|p2a: Mismagius\n|-boost|p2a: Mismagius|spa|2\n|\n|-heal|p1a: Clodsire|100\/100|[from] item: Leftovers\n|upkeep\n|turn|12\n|\n|t:|1698977845\n|move|p2a: Mismagius|Taunt|p1a: Clodsire\n|-start|p1a: Clodsire|move: Taunt\n|cant|p1a: Clodsire|move: Taunt|Toxic\n|\n|upkeep\n|turn|13\n|\n|t:|1698977853\n|switch|p1a: Sliggoo|Sliggoo-Hisui, F|100\/100\n|-damage|p1a: Sliggoo|94\/100|[from] Stealth Rock\n|move|p2a: Mismagius|Shadow Ball|p1a: Sliggoo\n|-damage|p1a: Sliggoo|46\/100\n|\n|upkeep\n|turn|14\n|\n|t:|1698977865\n|move|p2a: Mismagius|Shadow Ball|p1a: Sliggoo\n|-damage|p1a: Sliggoo|0 fnt\n|faint|p1a: Sliggoo\n|\n|upkeep\n|\n|t:|1698977881\n|switch|p1a: Armarouge|Armarouge, M|100\/100\n|-damage|p1a: Armarouge|76\/100|[from] Stealth Rock\n|turn|15\n|\n|t:|1698977890\n|move|p2a: Mismagius|Shadow Ball|p1a: Armarouge\n|-supereffective|p1a: Armarouge\n|-damage|p1a: Armarouge|0 fnt\n|faint|p1a: Armarouge\n|\n|upkeep\n|\n|t:|1698977902\n|switch|p1a: Clodsire|Clodsire, M|100\/100\n|-damage|p1a: Clodsire|94\/100|[from] Stealth Rock\n|turn|16\n|l| lunchbox5536\n|\n|t:|1698977906\n|move|p2a: Mismagius|Shadow Ball|p1a: Clodsire\n|-damage|p1a: Clodsire|72\/100\n|move|p1a: Clodsire|Toxic|p2a: Mismagius\n|-status|p2a: Mismagius|tox\n|\n|-heal|p1a: Clodsire|78\/100|[from] item: Leftovers\n|-damage|p2a: Mismagius|94\/100 tox|[from] psn\n|upkeep\n|turn|17\n|\n|t:|1698977926\n|move|p2a: Mismagius|Taunt|p1a: Clodsire\n|-start|p1a: Clodsire|move: Taunt\n|move|p1a: Clodsire|Earthquake|p2a: Mismagius\n|-immune|p2a: Mismagius|[from] ability: Levitate\n|\n|-heal|p2a: Mismagius|100\/100 tox|[from] item: Leftovers\n|-heal|p1a: Clodsire|84\/100|[from] item: Leftovers\n|-damage|p2a: Mismagius|88\/100 tox|[from] psn\n|upkeep\n|turn|18\n|\n|t:|1698977939\n|switch|p1a: Dunsparce|Dunsparce, F|97\/100 slp\n|-damage|p1a: Dunsparce|85\/100 slp|[from] Stealth Rock\n|move|p2a: Mismagius|Shadow Ball|p1a: Dunsparce\n|-immune|p1a: Dunsparce\n|\n|-heal|p2a: Mismagius|94\/100 tox|[from] item: Leftovers\n|-heal|p1a: Dunsparce|91\/100 slp|[from] item: Leftovers\n|-damage|p2a: Mismagius|76\/100 tox|[from] psn\n|upkeep\n|turn|19\n|\n|t:|1698977956\n|switch|p1a: Clodsire|Clodsire, M|84\/100\n|-damage|p1a: Clodsire|78\/100|[from] Stealth Rock\n|move|p2a: Mismagius|Taunt|p1a: Clodsire\n|-start|p1a: Clodsire|move: Taunt\n|\n|-heal|p2a: Mismagius|82\/100 tox|[from] item: Leftovers\n|-heal|p1a: Clodsire|84\/100|[from] item: Leftovers\n|-damage|p2a: Mismagius|58\/100 tox|[from] psn\n|upkeep\n|turn|20\n|\n|t:|1698977972\n|switch|p2a: Fraxure|Fraxure, F|100\/100\n|-ability|p2a: Fraxure|Mold Breaker\n|switch|p1a: Decidueye|Decidueye, F|100\/100\n|\n|upkeep\n|turn|21\n|\n|t:|1698977985\n|switch|p2a: Torkoal|Torkoal, F, tera:Water|37\/100 tox\n|-weather|SunnyDay|[from] ability: Drought|[of] p2a: Torkoal\n|move|p1a: Decidueye|Knock Off|p2a: Torkoal\n|-damage|p2a: Torkoal|23\/100 tox\n|-enditem|p2a: Torkoal|Heat Rock|[from] move: Knock Off|[of] p1a: Decidueye\n|\n|-weather|SunnyDay|[upkeep]\n|-damage|p2a: Torkoal|17\/100 tox|[from] psn\n|upkeep\n|turn|22\n|\n|t:|1698977998\n|move|p1a: Decidueye|U-turn|p2a: Torkoal\n|-damage|p2a: Torkoal|7\/100 tox\n|\n|t:|1698978005\n|switch|p1a: Clodsire|Clodsire, M|84\/100|[from] U-turn\n|-damage|p1a: Clodsire|78\/100|[from] Stealth Rock\n|move|p2a: Torkoal|Lava Plume|p1a: Clodsire\n|-damage|p1a: Clodsire|56\/100\n|\n|-weather|SunnyDay|[upkeep]\n|-heal|p1a: Clodsire|62\/100|[from] item: Leftovers\n|-damage|p2a: Torkoal|0 fnt|[from] psn\n|faint|p2a: Torkoal\n|upkeep\n|\n|t:|1698978021\n|switch|p2a: Fraxure|Fraxure, F|100\/100\n|-ability|p2a: Fraxure|Mold Breaker\n|turn|23\n|\n|t:|1698978033\n|move|p2a: Fraxure|Substitute|p2a: Fraxure\n|-start|p2a: Fraxure|Substitute\n|-damage|p2a: Fraxure|76\/100\n|move|p1a: Clodsire|Recover|p1a: Clodsire\n|-heal|p1a: Clodsire|100\/100\n|\n|-weather|SunnyDay|[upkeep]\n|upkeep\n|turn|24\n|\n|t:|1698978040\n|move|p2a: Fraxure|Dragon Dance|p2a: Fraxure\n|-boost|p2a: Fraxure|atk|1\n|-boost|p2a: Fraxure|spe|1\n|move|p1a: Clodsire|Earthquake|p2a: Fraxure\n|-end|p2a: Fraxure|Substitute\n|\n|-weather|SunnyDay|[upkeep]\n|upkeep\n|turn|25\n|\n|t:|1698978047\n|move|p2a: Fraxure|Outrage|p1a: Clodsire\n|-damage|p1a: Clodsire|8\/100\n|move|p1a: Clodsire|Toxic|p2a: Fraxure\n|-status|p2a: Fraxure|tox\n|\n|-weather|SunnyDay|[upkeep]\n|-heal|p1a: Clodsire|14\/100|[from] item: Leftovers\n|-damage|p2a: Fraxure|69\/100 tox|[from] psn\n|upkeep\n|turn|26\n|\n|t:|1698978067\n|switch|p1a: Dunsparce|Dunsparce, F|91\/100 slp\n|-damage|p1a: Dunsparce|78\/100 slp|[from] Stealth Rock\n|move|p2a: Fraxure|Outrage|p1a: Dunsparce|[from]lockedmove\n|-damage|p1a: Dunsparce|0 fnt\n|faint|p1a: Dunsparce\n|\n|-weather|SunnyDay|[upkeep]\n|-damage|p2a: Fraxure|57\/100 tox|[from] psn\n|upkeep\n|\n|t:|1698978079\n|switch|p1a: Decidueye|Decidueye, F|100\/100\n|turn|27\n|\n|t:|1698978086\n|move|p2a: Fraxure|Outrage|p1a: Decidueye|[from]lockedmove\n|-crit|p1a: Decidueye\n|-damage|p1a: Decidueye|0 fnt\n|faint|p1a: Decidueye\n|-start|p2a: Fraxure|confusion|[fatigue]\n|\n|-weather|SunnyDay|[upkeep]\n|-damage|p2a: Fraxure|38\/100 tox|[from] psn\n|upkeep\n|\n|t:|1698978093\n|switch|p1a: Clodsire|Clodsire, M|14\/100\n|-damage|p1a: Clodsire|8\/100|[from] Stealth Rock\n|turn|28\n|\n|t:|1698978100\n|-activate|p2a: Fraxure|confusion\n|-damage|p2a: Fraxure|6\/100 tox|[from] confusion\n|move|p1a: Clodsire|Recover|p1a: Clodsire\n|-heal|p1a: Clodsire|58\/100\n|\n|-weather|none\n|-heal|p1a: Clodsire|64\/100|[from] item: Leftovers\n|-damage|p2a: Fraxure|0 fnt|[from] psn\n|faint|p2a: Fraxure\n|upkeep\n|\n|t:|1698978115\n|switch|p2a: Tinkaton|Tinkaton, F|100\/100\n|-ability|p2a: Tinkaton|Mold Breaker\n|turn|29\n|\n|t:|1698978122\n|move|p2a: Tinkaton|Encore|p1a: Clodsire\n|-start|p1a: Clodsire|Encore\n|move|p1a: Clodsire|Recover|p1a: Clodsire\n|-heal|p1a: Clodsire|100\/100\n|\n|upkeep\n|turn|30\n|\n|t:|1698978128\n|move|p2a: Tinkaton|Knock Off|p1a: Clodsire\n|-damage|p1a: Clodsire|82\/100\n|-enditem|p1a: Clodsire|Leftovers|[from] move: Knock Off|[of] p2a: Tinkaton\n|move|p1a: Clodsire|Recover|p1a: Clodsire\n|-heal|p1a: Clodsire|100\/100\n|\n|upkeep\n|turn|31\n|\n|t:|1698978141\n|switch|p2a: Bellibolt|Bellibolt, M|32\/100\n|move|p1a: Clodsire|Recover||[still]\n|-fail|p1a: Clodsire|heal\n|\n|-end|p1a: Clodsire|Encore\n|upkeep\n|turn|32\n|\n|t:|1698978147\n|move|p2a: Bellibolt|Muddy Water|p1a: Clodsire\n|-supereffective|p1a: Clodsire\n|-damage|p1a: Clodsire|73\/100\n|move|p1a: Clodsire|Earthquake|p2a: Bellibolt\n|-supereffective|p2a: Bellibolt\n|-damage|p2a: Bellibolt|0 fnt\n|faint|p2a: Bellibolt\n|\n|upkeep\n|\n|t:|1698978155\n|switch|p2a: Spidops|Spidops, F|100\/100\n|turn|33\n|\n|t:|1698978159\n|move|p2a: Spidops|First Impression|p1a: Clodsire\n|-resisted|p1a: Clodsire\n|-damage|p1a: Clodsire|52\/100\n|move|p1a: Clodsire|Earthquake|p2a: Spidops\n|-resisted|p2a: Spidops\n|-damage|p2a: Spidops|84\/100\n|\n|upkeep\n|turn|34\n|\n|t:|1698978168\n|switch|p2a: Mismagius|Mismagius, M|58\/100 tox\n|move|p1a: Clodsire|Toxic|p2a: Mismagius\n|-fail|p2a: Mismagius|tox\n|\n|-heal|p2a: Mismagius|64\/100 tox|[from] item: Leftovers\n|-damage|p2a: Mismagius|58\/100 tox|[from] psn\n|upkeep\n|turn|35\n|\n|t:|1698978178\n|move|p2a: Mismagius|Shadow Ball|p1a: Clodsire\n|-damage|p1a: Clodsire|30\/100\n|-unboost|p1a: Clodsire|spd|1\n|move|p1a: Clodsire|Stealth Rock|p2a: Mismagius\n|-sidestart|p2: BriefStar|move: Stealth Rock\n|\n|-heal|p2a: Mismagius|64\/100 tox|[from] item: Leftovers\n|-damage|p2a: Mismagius|51\/100 tox|[from] psn\n|upkeep\n|turn|36\n|\n|t:|1698978187\n|move|p2a: Mismagius|Shadow Ball|p1a: Clodsire\n|-damage|p1a: Clodsire|0 fnt\n|faint|p1a: Clodsire\n|\n|win|BriefStar\n|l|\u2606BriefStar\n|j|\u2606BriefStar\n|player|p2|BriefStar|benga\n","uploadtime":1698978205,"views":7,"p1id":"foxasbat","p2id":"briefstar","formatid":"gen9ubers","rating":0,"private":0,"password":""}