{"id":"gen9ubers-1995689838","p1":"Nitro524","p2":"guess the memes","format":"[Gen 9] Ubers","log":"|j|\u2606Nitro524\n|j|\u2606guess the memes\n|t:|1700594206\n|gametype|singles\n|player|p1|Nitro524|hilbert|\n|player|p2|guess the memes|clair|\n|teamsize|p1|6\n|teamsize|p2|6\n|gen|9\n|tier|[Gen 9] Ubers\n|rule|Sleep Clause Mod: Limit one foe put to sleep\n|rule|Species Clause: Limit one of each Pok\u00e9mon\n|rule|OHKO Clause: OHKO moves are banned\n|rule|Evasion Items Clause: Evasion items are banned\n|rule|Evasion Moves Clause: Evasion moves are banned\n|rule|Endless Battle Clause: Forcing endless battles is banned\n|rule|HP Percentage Mod: HP is shown in percentages\n|clearpoke\n|poke|p1|Torkoal, M|\n|poke|p1|Chi-Yu|\n|poke|p1|Lilligant-Hisui, F|\n|poke|p1|Arceus-Poison|\n|poke|p1|Roaring Moon|\n|poke|p1|Walking Wake|\n|poke|p2|Magearna|\n|poke|p2|Cyclizar, M|\n|poke|p2|Zacian-*|\n|poke|p2|Espathra, M|\n|poke|p2|Arceus-Poison|\n|poke|p2|Staraptor, M|\n|teampreview\n|inactive|Battle timer is ON: inactive players will automatically lose when time's up. (requested by Nitro524)\n|c|\u2606Nitro524|glhf\n|\n|t:|1700594229\n|start\n|switch|p1a: Torkoal|Torkoal, M|100\/100\n|switch|p2a: Staraptor|Staraptor, M|100\/100\n|-ability|p2a: Staraptor|Intimidate|boost\n|-unboost|p1a: Torkoal|atk|1\n|-weather|SunnyDay|[from] ability: Drought|[of] p1a: Torkoal\n|turn|1\n|c|\u2606guess the memes|glhf\n|inactive|Nitro524 has 270 seconds left.\n|\n|t:|1700594274\n|switch|p1a: Arceus|Arceus-Poison|100\/100\n|move|p2a: Staraptor|Final Gambit|p1a: Arceus\n|-damage|p1a: Arceus|16\/100\n|faint|p2a: Staraptor\n|\n|-weather|SunnyDay|[upkeep]\n|upkeep\n|\n|t:|1700594280\n|switch|p2a: Cyclizar|Cyclizar, M|100\/100\n|turn|2\n|\n|t:|1700594298\n|switch|p1a: Lilligant|Lilligant-Hisui, F|100\/100\n|move|p2a: Cyclizar|Shed Tail|p2a: Cyclizar\n|-start|p2a: Cyclizar|Substitute|[from] move: Shed Tail\n|-damage|p2a: Cyclizar|50\/100\n|\n|t:|1700594307\n|switch|p2a: Zacian|Zacian|100\/100|[from] Shed Tail\n|-ability|p2a: Zacian|Intrepid Sword|boost\n|-boost|p2a: Zacian|atk|1\n|\n|-weather|SunnyDay|[upkeep]\n|upkeep\n|turn|3\n|\n|t:|1700594323\n|move|p1a: Lilligant|Solar Blade||[still]\n|-prepare|p1a: Lilligant|Solar Blade\n|-anim|p1a: Lilligant|Solar Blade|p2a: Zacian\n|-end|p2a: Zacian|Substitute\n|move|p2a: Zacian|Swords Dance|p2a: Zacian\n|-boost|p2a: Zacian|atk|2\n|\n|-weather|SunnyDay|[upkeep]\n|upkeep\n|turn|4\n|\n|t:|1700594331\n|move|p1a: Lilligant|Solar Blade||[still]\n|-prepare|p1a: Lilligant|Solar Blade\n|-anim|p1a: Lilligant|Solar Blade|p2a: Zacian\n|-damage|p2a: Zacian|49\/100\n|move|p2a: Zacian|Play Rough|p1a: Lilligant\n|-supereffective|p1a: Lilligant\n|-crit|p1a: Lilligant\n|-damage|p1a: Lilligant|0 fnt\n|faint|p1a: Lilligant\n|\n|-weather|SunnyDay|[upkeep]\n|-heal|p2a: Zacian|56\/100|[from] item: Leftovers\n|upkeep\n|\n|t:|1700594354\n|switch|p1a: Chi-Yu|Chi-Yu|100\/100\n|-ability|p1a: Chi-Yu|Beads of Ruin\n|turn|5\n|j| Incredibleking\n|\n|t:|1700594365\n|-terastallize|p1a: Chi-Yu|Fairy\n|move|p1a: Chi-Yu|Overheat|p2a: Zacian\n|-damage|p2a: Zacian|0 fnt\n|-unboost|p1a: Chi-Yu|spa|2\n|faint|p2a: Zacian\n|\n|-weather|SunnyDay|[upkeep]\n|upkeep\n|\n|t:|1700594374\n|switch|p2a: Magearna|Magearna|100\/100\n|turn|6\n|c| Incredibleking|Lfg Nitro\n|\n|t:|1700594385\n|switch|p1a: Torkoal|Torkoal, M|100\/100\n|switch|p2a: Arceus|Arceus-Poison|100\/100\n|\n|-weather|SunnyDay|[upkeep]\n|upkeep\n|turn|7\n|\n|t:|1700594403\n|switch|p2a: Cyclizar|Cyclizar, M|83\/100\n|move|p1a: Torkoal|Yawn|p2a: Cyclizar\n|-start|p2a: Cyclizar|move: Yawn|[of] p1a: Torkoal\n|\n|-weather|SunnyDay|[upkeep]\n|upkeep\n|turn|8\n|c|\u2606guess the memes|yo\n|inactive|Nitro524 has 240 seconds left.\n|c|\u2606guess the memes|king destroyed me\n|inactive|Nitro524 has 210 seconds left.\n|j| VloneVictini\n|\n|t:|1700594475\n|switch|p2a: Espathra|Espathra, M|100\/100\n|move|p1a: Torkoal|Lava Plume|p2a: Espathra\n|-damage|p2a: Espathra|59\/100\n|\n|-weather|none\n|-heal|p2a: Espathra|65\/100|[from] item: Leftovers\n|upkeep\n|turn|9\n|c| VloneVictini|Just woke up you better clutch up\n|inactive|Nitro524 has 180 seconds left.\n|\n|t:|1700594501\n|switch|p1a: Chi-Yu|Chi-Yu, tera:Fairy|100\/100\n|-ability|p1a: Chi-Yu|Beads of Ruin\n|move|p2a: Espathra|Substitute|p2a: Espathra\n|-start|p2a: Espathra|Substitute\n|-damage|p2a: Espathra|40\/100\n|\n|-heal|p2a: Espathra|46\/100|[from] item: Leftovers\n|-ability|p2a: Espathra|Speed Boost|boost\n|-boost|p2a: Espathra|spe|1\n|upkeep\n|turn|10\n|inactive|Nitro524 has 180 seconds left.\n|\n|t:|1700594514\n|switch|p2a: Arceus|Arceus-Poison|100\/100\n|move|p1a: Chi-Yu|Flamethrower|p2a: Arceus\n|-damage|p2a: Arceus|60\/100\n|\n|upkeep\n|turn|11\n|inactive|Nitro524 has 180 seconds left.\n|\n|t:|1700594541\n|move|p1a: Chi-Yu|Flamethrower|p2a: Arceus\n|-damage|p2a: Arceus|24\/100\n|move|p2a: Arceus|Poison Jab|p1a: Chi-Yu\n|-supereffective|p1a: Chi-Yu\n|-damage|p1a: Chi-Yu|0 fnt\n|faint|p1a: Chi-Yu\n|\n|upkeep\n|\n|t:|1700594545\n|switch|p1a: Torkoal|Torkoal, M|100\/100\n|-weather|SunnyDay|[from] ability: Drought|[of] p1a: Torkoal\n|turn|12\n|\n|t:|1700594562\n|move|p2a: Arceus|Earthquake|p1a: Torkoal\n|-supereffective|p1a: Torkoal\n|-damage|p1a: Torkoal|68\/100\n|move|p1a: Torkoal|Lava Plume|p2a: Arceus\n|-damage|p2a: Arceus|3\/100\n|\n|-weather|SunnyDay|[upkeep]\n|upkeep\n|turn|13\n|\n|t:|1700594573\n|move|p2a: Arceus|Earthquake|p1a: Torkoal\n|-supereffective|p1a: Torkoal\n|-damage|p1a: Torkoal|40\/100\n|move|p1a: Torkoal|Stealth Rock|p2a: Arceus\n|-sidestart|p2: guess the memes|move: Stealth Rock\n|\n|-weather|SunnyDay|[upkeep]\n|upkeep\n|turn|14\n|\n|t:|1700594591\n|switch|p1a: Walking Wake|Walking Wake|100\/100\n|-activate|p1a: Walking Wake|ability: Protosynthesis\n|-start|p1a: Walking Wake|protosynthesisspe\n|move|p2a: Arceus|Earthquake|p1a: Walking Wake\n|-damage|p1a: Walking Wake|74\/100\n|\n|-weather|SunnyDay|[upkeep]\n|upkeep\n|turn|15\n|\n|t:|1700594598\n|move|p2a: Arceus|Extreme Speed|p1a: Walking Wake\n|-damage|p1a: Walking Wake|48\/100\n|move|p1a: Walking Wake|Flip Turn|p2a: Arceus\n|-damage|p2a: Arceus|0 fnt\n|faint|p2a: Arceus\n|\n|t:|1700594602\n|-end|p1a: Walking Wake|Protosynthesis|[silent]\n|switch|p1a: Arceus|Arceus-Poison|16\/100|[from] Flip Turn\n|\n|-weather|SunnyDay|[upkeep]\n|upkeep\n|\n|t:|1700594606\n|switch|p2a: Cyclizar|Cyclizar, M|100\/100\n|-damage|p2a: Cyclizar|88\/100|[from] Stealth Rock\n|turn|16\n|\n|t:|1700594623\n|move|p2a: Cyclizar|Shed Tail|p2a: Cyclizar\n|-start|p2a: Cyclizar|Substitute|[from] move: Shed Tail\n|-damage|p2a: Cyclizar|38\/100\n|\n|t:|1700594628\n|switch|p2a: Magearna|Magearna|100\/100|[from] Shed Tail\n|-damage|p2a: Magearna|94\/100|[from] Stealth Rock\n|move|p1a: Arceus|Recover|p1a: Arceus\n|-heal|p1a: Arceus|66\/100\n|\n|-weather|SunnyDay|[upkeep]\n|-heal|p2a: Magearna|100\/100|[from] item: Leftovers\n|upkeep\n|turn|17\n|\n|t:|1700594635\n|move|p1a: Arceus|Cosmic Power|p1a: Arceus\n|-boost|p1a: Arceus|def|1\n|-boost|p1a: Arceus|spd|1\n|move|p2a: Magearna|Calm Mind|p2a: Magearna\n|-boost|p2a: Magearna|spa|1\n|-boost|p2a: Magearna|spd|1\n|\n|-weather|SunnyDay|[upkeep]\n|upkeep\n|turn|18\n|inactive|Nitro524 has 180 seconds left.\n|\n|t:|1700594641\n|move|p1a: Arceus|Swords Dance|p1a: Arceus\n|-boost|p1a: Arceus|atk|2\n|move|p2a: Magearna|Calm Mind|p2a: Magearna\n|-boost|p2a: Magearna|spa|1\n|-boost|p2a: Magearna|spd|1\n|\n|-weather|SunnyDay|[upkeep]\n|upkeep\n|turn|19\n|inactive|Nitro524 has 180 seconds left.\n|\n|t:|1700594660\n|move|p1a: Arceus|Swords Dance|p1a: Arceus\n|-boost|p1a: Arceus|atk|2\n|move|p2a: Magearna|Iron Defense|p2a: Magearna\n|-boost|p2a: Magearna|def|2\n|\n|-weather|none\n|upkeep\n|turn|20\n|c|\u2606guess the memes|this set is whack\n|inactive|Nitro524 has 180 seconds left.\n|\n|t:|1700594686\n|move|p1a: Arceus|Cosmic Power|p1a: Arceus\n|-boost|p1a: Arceus|def|1\n|-boost|p1a: Arceus|spd|1\n|move|p2a: Magearna|Iron Defense|p2a: Magearna\n|-boost|p2a: Magearna|def|2\n|\n|upkeep\n|turn|21\n|c| Incredibleking|I mean at this rate, yawn is Nitros best bet\n|inactive|Nitro524 has 150 seconds left.\n|c|\u2606guess the memes|your only attack is e speed\n|\n|t:|1700594720\n|switch|p1a: Torkoal|Torkoal, M|40\/100\n|-weather|SunnyDay|[from] ability: Drought|[of] p1a: Torkoal\n|move|p2a: Magearna|Calm Mind|p2a: Magearna\n|-boost|p2a: Magearna|spa|1\n|-boost|p2a: Magearna|spd|1\n|\n|-weather|SunnyDay|[upkeep]\n|upkeep\n|turn|22\n|\n|t:|1700594731\n|-terastallize|p2a: Magearna|Water\n|move|p2a: Magearna|Calm Mind|p2a: Magearna\n|-boost|p2a: Magearna|spa|1\n|-boost|p2a: Magearna|spd|1\n|move|p1a: Torkoal|Lava Plume|p2a: Magearna\n|-resisted|p2a: Magearna\n|-activate|p2a: Magearna|move: Substitute|[damage]\n|\n|-weather|SunnyDay|[upkeep]\n|upkeep\n|turn|23\n|\n|t:|1700594743\n|move|p2a: Magearna|Stored Power|p1a: Torkoal\n|-damage|p1a: Torkoal|0 fnt\n|faint|p1a: Torkoal\n|-ability|p2a: Magearna|Soul-Heart|boost\n|-boost|p2a: Magearna|spa|1\n|\n|-weather|SunnyDay|[upkeep]\n|upkeep\n|\n|t:|1700594752\n|switch|p1a: Arceus|Arceus-Poison|66\/100\n|turn|24\n|\n|t:|1700594757\n|move|p1a: Arceus|Extreme Speed|p2a: Magearna\n|-activate|p2a: Magearna|move: Substitute|[damage]\n|move|p2a: Magearna|Stored Power|p1a: Arceus\n|-supereffective|p1a: Arceus\n|-damage|p1a: Arceus|0 fnt\n|faint|p1a: Arceus\n|-ability|p2a: Magearna|Soul-Heart|boost\n|-boost|p2a: Magearna|spa|1\n|\n|-weather|SunnyDay|[upkeep]\n|upkeep\n|inactive|Nitro524 has 150 seconds left.\n|c|\u2606guess the memes|mag is so good\n|\n|t:|1700594779\n|switch|p1a: Walking Wake|Walking Wake|48\/100\n|-activate|p1a: Walking Wake|ability: Protosynthesis\n|-start|p1a: Walking Wake|protosynthesisspe\n|turn|25\n|\n|t:|1700594788\n|move|p1a: Walking Wake|Draco Meteor|p2a: Magearna\n|-end|p2a: Magearna|Substitute\n|-unboost|p1a: Walking Wake|spa|2\n|move|p2a: Magearna|Draining Kiss|p1a: Walking Wake\n|-supereffective|p1a: Walking Wake\n|-damage|p1a: Walking Wake|0 fnt\n|faint|p1a: Walking Wake\n|-end|p1a: Walking Wake|Protosynthesis|[silent]\n|\n|-weather|SunnyDay|[upkeep]\n|upkeep\n|\n|t:|1700594790\n|switch|p1a: Roaring Moon|Roaring Moon|100\/100\n|-activate|p1a: Roaring Moon|ability: Protosynthesis\n|-start|p1a: Roaring Moon|protosynthesisspe\n|turn|26\n|inactive|Nitro524 has 150 seconds left.\n|c|\u2606Nitro524|gg\n|c|\u2606guess the memes|gg\n|\n|t:|1700594804\n|move|p1a: Roaring Moon|Knock Off|p2a: Magearna\n|-damage|p2a: Magearna|83\/100\n|-enditem|p2a: Magearna|Leftovers|[from] move: Knock Off|[of] p1a: Roaring Moon\n|move|p2a: Magearna|Draining Kiss|p1a: Roaring Moon\n|-supereffective|p1a: Roaring Moon\n|-damage|p1a: Roaring Moon|0 fnt\n|-heal|p2a: Magearna|100\/100|[from] drain|[of] p1a: Roaring Moon\n|faint|p1a: Roaring Moon\n|-end|p1a: Roaring Moon|Protosynthesis|[silent]\n|\n|win|guess the memes\n|l| Incredibleking\n|l|\u2606guess the memes\n|l|\u2606Nitro524\n|j|\u2606Nitro524\n|player|p1|Nitro524|hilbert\n","uploadtime":1700595679,"views":15,"p1id":"nitro524","p2id":"guessthememes","formatid":"gen9ubers","rating":0,"private":0,"password":""}