{"id":"gen9ubers-1983513072","p1":"Shortie1118","p2":"meisgroot1","format":"[Gen 9] Ubers","log":"|j|\u2606Shortie1118\n|j|\u2606meisgroot1\n|t:|1699138251\n|gametype|singles\n|player|p1|Shortie1118|marnie-masters2|\n|player|p2|meisgroot1|169|\n|teamsize|p1|6\n|teamsize|p2|6\n|gen|9\n|tier|[Gen 9] Ubers\n|rule|Sleep Clause Mod: Limit one foe put to sleep\n|rule|Species Clause: Limit one of each Pok\u00e9mon\n|rule|OHKO Clause: OHKO moves are banned\n|rule|Evasion Items Clause: Evasion items are banned\n|rule|Evasion Moves Clause: Evasion moves are banned\n|rule|Endless Battle Clause: Forcing endless battles is banned\n|rule|HP Percentage Mod: HP is shown in percentages\n|clearpoke\n|poke|p1|Arceus-Fire|\n|poke|p1|Gliscor, M|\n|poke|p1|Magearna|\n|poke|p1|Ursaluna, F|\n|poke|p1|Hatterene, F|\n|poke|p1|Dialga-Origin|\n|poke|p2|Iron Valiant|\n|poke|p2|Cetitan, F|\n|poke|p2|Dialga-Origin|\n|poke|p2|Ogerpon-Wellspring, F|\n|poke|p2|Basculin-White-Striped, F|\n|poke|p2|Giratina|\n|teampreview\n|c|\u2606Shortie1118|glhf\n|c|\u2606meisgroot1|Thanx! u too\n|\n|t:|1699138290\n|start\n|switch|p1a: Magearna|Magearna|100\/100\n|switch|p2a: Cetitan|Cetitan, F|100\/100\n|turn|1\n|\n|t:|1699138310\n|move|p2a: Cetitan|Earthquake|p1a: Magearna\n|-supereffective|p1a: Magearna\n|-damage|p1a: Magearna|57\/100\n|move|p1a: Magearna|Trick Room|p1a: Magearna\n|-fieldstart|move: Trick Room|[of] p1a: Magearna\n|\n|-heal|p1a: Magearna|63\/100|[from] item: Leftovers\n|upkeep\n|turn|2\n|\n|t:|1699138321\n|move|p1a: Magearna|Volt Switch|p2a: Cetitan\n|-damage|p2a: Cetitan|77\/100\n|\n|t:|1699138330\n|switch|p1a: Ursaluna|Ursaluna, F|100\/100|[from] Volt Switch\n|move|p2a: Cetitan|Earthquake|p1a: Ursaluna\n|-damage|p1a: Ursaluna|74\/100\n|\n|-status|p1a: Ursaluna|brn|[from] item: Flame Orb\n|upkeep\n|turn|3\n|\n|t:|1699138350\n|-terastallize|p1a: Ursaluna|Ghost\n|move|p2a: Cetitan|Ice Shard|p1a: Ursaluna\n|-damage|p1a: Ursaluna|59\/100 brn\n|move|p1a: Ursaluna|Facade|p2a: Cetitan\n|-damage|p2a: Cetitan|0 fnt\n|faint|p2a: Cetitan\n|\n|-damage|p1a: Ursaluna|53\/100 brn|[from] brn\n|upkeep\n|c|\u2606meisgroot1|That's a problem lol\n|\n|t:|1699138364\n|switch|p2a: Giratina|Giratina|100\/100\n|-ability|p2a: Giratina|Pressure\n|turn|4\n|\n|t:|1699138377\n|move|p1a: Ursaluna|Earthquake|p2a: Giratina\n|-damage|p2a: Giratina|58\/100\n|move|p2a: Giratina|Dragon Tail|p1a: Ursaluna\n|-damage|p1a: Ursaluna|39\/100 brn\n|drag|p1a: Magearna|Magearna|63\/100\n|\n|-heal|p1a: Magearna|69\/100|[from] item: Leftovers\n|-heal|p2a: Giratina|64\/100|[from] item: Leftovers\n|upkeep\n|turn|5\n|\n|t:|1699138388\n|move|p1a: Magearna|Fleur Cannon|p2a: Giratina\n|-supereffective|p2a: Giratina\n|-damage|p2a: Giratina|0 fnt\n|-unboost|p1a: Magearna|spa|2\n|faint|p2a: Giratina\n|-ability|p1a: Magearna|Soul-Heart|boost\n|-boost|p1a: Magearna|spa|1\n|\n|-heal|p1a: Magearna|75\/100|[from] item: Leftovers\n|-fieldend|move: Trick Room\n|upkeep\n|\n|t:|1699138408\n|switch|p2a: Ogerpon|Ogerpon-Wellspring, F|100\/100\n|turn|6\n|\n|t:|1699138418\n|-terastallize|p2a: Ogerpon|Water\n|detailschange|p2a: Ogerpon|Ogerpon-Wellspring-Tera, F, tera:Water\n|-ability|p2a: Ogerpon|Embody Aspect (Wellspring)|boost\n|-boost|p2a: Ogerpon|spd|1\n|move|p2a: Ogerpon|Swords Dance|p2a: Ogerpon\n|-boost|p2a: Ogerpon|atk|2\n|move|p1a: Magearna|Trick Room|p1a: Magearna\n|-fieldstart|move: Trick Room|[of] p1a: Magearna\n|\n|-heal|p1a: Magearna|81\/100|[from] item: Leftovers\n|upkeep\n|turn|7\n|\n|t:|1699138430\n|move|p1a: Magearna|Volt Switch|p2a: Ogerpon\n|-supereffective|p2a: Ogerpon\n|-damage|p2a: Ogerpon|79\/100\n|\n|t:|1699138438\n|switch|p1a: Hatterene|Hatterene, F|100\/100|[from] Volt Switch\n|move|p2a: Ogerpon|Ivy Cudgel|p1a: Hatterene\n|-damage|p1a: Hatterene|0 fnt\n|faint|p1a: Hatterene\n|\n|upkeep\n|\n|t:|1699138441\n|switch|p1a: Ursaluna|Ursaluna, F, tera:Ghost|39\/100 brn\n|turn|8\n|\n|t:|1699138455\n|switch|p2a: Dialga|Dialga-Origin|100\/100\n|-ability|p2a: Dialga|Pressure\n|move|p1a: Ursaluna|Facade|p2a: Dialga\n|-resisted|p2a: Dialga\n|-damage|p2a: Dialga|64\/100\n|\n|-damage|p1a: Ursaluna|33\/100 brn|[from] brn\n|upkeep\n|turn|9\n|\n|t:|1699138464\n|move|p2a: Dialga|Protect|p2a: Dialga\n|-singleturn|p2a: Dialga|Protect\n|move|p1a: Ursaluna|Earthquake|p2a: Dialga\n|-activate|p2a: Dialga|move: Protect\n|\n|-damage|p1a: Ursaluna|26\/100 brn|[from] brn\n|upkeep\n|turn|10\n|\n|t:|1699138475\n|move|p2a: Dialga|Protect|p2a: Dialga\n|-singleturn|p2a: Dialga|Protect\n|move|p1a: Ursaluna|Earthquake|p2a: Dialga\n|-activate|p2a: Dialga|move: Protect\n|\n|-damage|p1a: Ursaluna|20\/100 brn|[from] brn\n|-fieldend|move: Trick Room\n|upkeep\n|turn|11\n|c|\u2606meisgroot1|Ah luck\n|\n|t:|1699138487\n|move|p2a: Dialga|Earth Power|p1a: Ursaluna\n|-damage|p1a: Ursaluna|0 fnt\n|faint|p1a: Ursaluna\n|\n|upkeep\n|\n|t:|1699138498\n|switch|p1a: Dialga|Dialga-Origin|100\/100\n|-ability|p1a: Dialga|Pressure\n|turn|12\n|\n|t:|1699138506\n|move|p2a: Dialga|Earth Power|p1a: Dialga\n|-supereffective|p1a: Dialga\n|-damage|p1a: Dialga|55\/100\n|move|p1a: Dialga|Trick Room|p1a: Dialga\n|-fieldstart|move: Trick Room|[of] p1a: Dialga\n|\n|upkeep\n|turn|13\n|\n|t:|1699138513\n|move|p2a: Dialga|Protect|p2a: Dialga\n|-singleturn|p2a: Dialga|Protect\n|move|p1a: Dialga|Dragon Pulse|p2a: Dialga\n|-activate|p2a: Dialga|move: Protect\n|\n|upkeep\n|turn|14\n|\n|t:|1699138519\n|move|p1a: Dialga|Dragon Pulse|p2a: Dialga\n|-crit|p2a: Dialga\n|-damage|p2a: Dialga|0 fnt\n|faint|p2a: Dialga\n|\n|upkeep\n|c|\u2606meisgroot1|oomf\n|\n|t:|1699138526\n|switch|p2a: Ogerpon|Ogerpon-Wellspring-Tera, F, tera:Water|79\/100\n|-ability|p2a: Ogerpon|Embody Aspect (Wellspring)|boost\n|-boost|p2a: Ogerpon|spd|1\n|turn|15\n|\n|t:|1699138580\n|move|p1a: Dialga|Dragon Pulse|p2a: Ogerpon\n|-damage|p2a: Ogerpon|25\/100\n|move|p2a: Ogerpon|Ivy Cudgel|p1a: Dialga\n|-resisted|p1a: Dialga\n|-damage|p1a: Dialga|26\/100\n|\n|upkeep\n|turn|16\n|\n|t:|1699138597\n|switch|p2a: Iron Valiant|Iron Valiant|100\/100\n|-enditem|p2a: Iron Valiant|Booster Energy\n|-activate|p2a: Iron Valiant|ability: Quark Drive|[fromitem]\n|-start|p2a: Iron Valiant|quarkdrivespe\n|move|p1a: Dialga|Flash Cannon|p2a: Iron Valiant\n|-supereffective|p2a: Iron Valiant\n|-damage|p2a: Iron Valiant|0 fnt\n|faint|p2a: Iron Valiant\n|-end|p2a: Iron Valiant|Quark Drive|[silent]\n|\n|-fieldend|move: Trick Room\n|upkeep\n|\n|t:|1699138609\n|switch|p2a: Ogerpon|Ogerpon-Wellspring-Tera, F, tera:Water|25\/100\n|-ability|p2a: Ogerpon|Embody Aspect (Wellspring)|boost\n|-boost|p2a: Ogerpon|spd|1\n|turn|17\n|\n|t:|1699138617\n|move|p2a: Ogerpon|Ivy Cudgel|p1a: Dialga\n|-resisted|p1a: Dialga\n|-damage|p1a: Dialga|0 fnt\n|faint|p1a: Dialga\n|\n|upkeep\n|\n|t:|1699138622\n|switch|p1a: Magearna|Magearna|81\/100\n|turn|18\n|\n|t:|1699138635\n|move|p2a: Ogerpon|Ivy Cudgel|p1a: Magearna\n|-damage|p1a: Magearna|35\/100\n|move|p1a: Magearna|Volt Switch|p2a: Ogerpon\n|-supereffective|p2a: Ogerpon\n|-crit|p2a: Ogerpon\n|-damage|p2a: Ogerpon|0 fnt\n|faint|p2a: Ogerpon\n|-ability|p1a: Magearna|Soul-Heart|boost\n|-boost|p1a: Magearna|spa|1\n|\n|t:|1699138643\n|switch|p1a: Gliscor|Gliscor, M|100\/100|[from] Volt Switch\n|\n|-status|p1a: Gliscor|tox|[from] item: Toxic Orb\n|upkeep\n|c|\u2606Shortie1118|if it makes you feel better\n|c|\u2606Shortie1118|crit didnt matter there\n|\n|t:|1699138653\n|switch|p2a: Basculin|Basculin-White-Striped, F, shiny|100\/100\n|turn|19\n|\n|t:|1699138665\n|move|p2a: Basculin|Wave Crash|p1a: Gliscor\n|-supereffective|p1a: Gliscor\n|-damage|p1a: Gliscor|15\/100 tox\n|-damage|p2a: Basculin|65\/100|[from] Recoil\n|move|p1a: Gliscor|Toxic|p2a: Basculin\n|-status|p2a: Basculin|tox\n|\n|-damage|p2a: Basculin|59\/100 tox|[from] psn\n|-heal|p1a: Gliscor|27\/100 tox|[from] ability: Poison Heal\n|upkeep\n|turn|20\n|\n|t:|1699138672\n|move|p1a: Gliscor|Protect|p1a: Gliscor\n|-singleturn|p1a: Gliscor|Protect\n|move|p2a: Basculin|Wave Crash|p1a: Gliscor\n|-activate|p1a: Gliscor|move: Protect\n|\n|-damage|p2a: Basculin|47\/100 tox|[from] psn\n|-heal|p1a: Gliscor|39\/100 tox|[from] ability: Poison Heal\n|upkeep\n|turn|21\n|c|\u2606meisgroot1|gg\n|\n|t:|1699138680\n|switch|p1a: Magearna|Magearna|35\/100\n|move|p2a: Basculin|Wave Crash|p1a: Magearna\n|-damage|p1a: Magearna|0 fnt\n|faint|p1a: Magearna\n|-damage|p2a: Basculin|32\/100 tox|[from] Recoil\n|\n|-damage|p2a: Basculin|14\/100 tox|[from] psn\n|upkeep\n|\n|t:|1699138682\n|switch|p1a: Gliscor|Gliscor, M|39\/100 tox\n|turn|22\n|\n|t:|1699138684\n|move|p1a: Gliscor|Protect|p1a: Gliscor\n|-singleturn|p1a: Gliscor|Protect\n|move|p2a: Basculin|Wave Crash|p1a: Gliscor\n|-activate|p1a: Gliscor|move: Protect\n|\n|-damage|p2a: Basculin|0 fnt|[from] psn\n|faint|p2a: Basculin\n|\n|win|Shortie1118\n|upkeep\n|c|\u2606Shortie1118|ggwp\n|c|\u2606Shortie1118|onto g3\n|c|\u2606meisgroot1|yup\n|l|\u2606meisgroot1\n","uploadtime":1699139317,"views":23,"p1id":"shortie1118","p2id":"meisgroot1","formatid":"gen9ubers","rating":0,"private":0,"password":""}