{"id":"gen9ubers-1983772831","p1":"Anubhav12345","p2":"17Alex9","format":"[Gen 9] Ubers","log":"|j|\u2606Anubhav12345\n|j|\u260617Alex9\n|t:|1699178161\n|gametype|singles\n|player|p1|Anubhav12345|flint|1086\n|player|p2|17Alex9|steven|1094\n|teamsize|p1|6\n|teamsize|p2|6\n|gen|9\n|tier|[Gen 9] Ubers\n|rated|\n|rule|Sleep Clause Mod: Limit one foe put to sleep\n|rule|Species Clause: Limit one of each Pok\u00e9mon\n|rule|OHKO Clause: OHKO moves are banned\n|rule|Evasion Items Clause: Evasion items are banned\n|rule|Evasion Moves Clause: Evasion moves are banned\n|rule|Endless Battle Clause: Forcing endless battles is banned\n|rule|HP Percentage Mod: HP is shown in percentages\n|clearpoke\n|poke|p1|Baxcalibur, M|\n|poke|p1|Koraidon|\n|poke|p1|Miraidon|\n|poke|p1|Zacian-*|\n|poke|p1|Rayquaza|\n|poke|p1|Roaring Moon|\n|poke|p2|Milotic, M|\n|poke|p2|Espathra, M|\n|poke|p2|Ribombee, M|\n|poke|p2|Meowscarada, F|\n|poke|p2|Typhlosion, M|\n|poke|p2|Annihilape, M|\n|teampreview\n|c|\u260617Alex9|Hi:)\n|\n|t:|1699178244\n|start\n|switch|p1a: Koraidon|Koraidon|100\/100\n|switch|p2a: Ribombee|Ribombee, M|100\/100\n|-weather|SunnyDay|[from] ability: Orichalcum Pulse|[of] p1a: Koraidon\n|-activate|p1a: Koraidon|Orichalcum Pulse|[source]\n|turn|1\n|c|\u2606Anubhav12345|hi\n|\n|t:|1699178264\n|switch|p2a: Typhlosion|Typhlosion, M|100\/100\n|move|p1a: Koraidon|Overheat|p2a: Typhlosion\n|-start|p2a: Typhlosion|ability: Flash Fire\n|\n|-weather|SunnyDay|[upkeep]\n|upkeep\n|turn|2\n|c|\u260617Alex9|:)\n|\n|t:|1699178288\n|-terastallize|p2a: Typhlosion|Fire\n|move|p2a: Typhlosion|Eruption|p1a: Koraidon\n|-resisted|p1a: Koraidon\n|-damage|p1a: Koraidon|15\/100\n|move|p1a: Koraidon|Focus Blast|p2a: Typhlosion\n|-damage|p2a: Typhlosion|35\/100\n|\n|-weather|SunnyDay|[upkeep]\n|upkeep\n|turn|3\n|c|\u2606Anubhav12345|are you male or female\n|\n|t:|1699178311\n|move|p2a: Typhlosion|Eruption|p1a: Koraidon\n|-resisted|p1a: Koraidon\n|-damage|p1a: Koraidon|0 fnt\n|faint|p1a: Koraidon\n|\n|-weather|SunnyDay|[upkeep]\n|upkeep\n|c|\u260617Alex9|Male you?\n|\n|t:|1699178325\n|switch|p1a: Miraidon|Miraidon|100\/100\n|-fieldstart|move: Electric Terrain|[from] ability: Hadron Engine|[of] p1a: Miraidon\n|turn|4\n|\n|t:|1699178330\n|move|p2a: Typhlosion|Eruption|p1a: Miraidon\n|-resisted|p1a: Miraidon\n|-damage|p1a: Miraidon|71\/100\n|move|p1a: Miraidon|Electro Drift|p2a: Typhlosion\n|-damage|p2a: Typhlosion|0 fnt\n|faint|p2a: Typhlosion\n|\n|-weather|SunnyDay|[upkeep]\n|upkeep\n|c|\u2606Anubhav12345|i also\n|c|\u2606Anubhav12345|which country\n|\n|t:|1699178362\n|switch|p2a: Ribombee|Ribombee, M|100\/100\n|turn|5\n|\n|t:|1699178404\n|switch|p1a: Baxcalibur|Baxcalibur, M|100\/100\n|move|p2a: Ribombee|Sticky Web|p1a: Baxcalibur\n|-sidestart|p1: Anubhav12345|move: Sticky Web\n|\n|-weather|none\n|upkeep\n|turn|6\n|c|\u260617Alex9|Germany and you?\n|\n|t:|1699178412\n|move|p2a: Ribombee|Tailwind|p2a: Ribombee\n|-sidestart|p2: 17Alex9|move: Tailwind\n|move|p1a: Baxcalibur|Ice Beam|p2a: Ribombee\n|-damage|p2a: Ribombee|51\/100\n|\n|-heal|p2a: Ribombee|57\/100|[from] item: Leftovers\n|upkeep\n|turn|7\n|c|\u2606Anubhav12345|india\n|\n|t:|1699178427\n|move|p2a: Ribombee|Stun Spore|p1a: Baxcalibur\n|-status|p1a: Baxcalibur|par\n|move|p1a: Baxcalibur|Ice Beam|p2a: Ribombee\n|-damage|p2a: Ribombee|12\/100\n|\n|-heal|p2a: Ribombee|18\/100|[from] item: Leftovers\n|upkeep\n|turn|8\n|c|\u2606Anubhav12345|how do you feel about india\n|\n|t:|1699178449\n|switch|p2a: Annihilape|Annihilape, M|100\/100\n|cant|p1a: Baxcalibur|par\n|\n|-fieldend|move: Electric Terrain\n|upkeep\n|turn|9\n|c|\u260617Alex9|Why are you asking?\n|\n|t:|1699178483\n|move|p2a: Annihilape|Drain Punch|p1a: Baxcalibur\n|-supereffective|p1a: Baxcalibur\n|-damage|p1a: Baxcalibur|33\/100 par\n|cant|p1a: Baxcalibur|par\n|\n|-sideend|p2: 17Alex9|move: Tailwind\n|upkeep\n|turn|10\n|\n|t:|1699178495\n|move|p2a: Annihilape|Drain Punch|p1a: Baxcalibur\n|-supereffective|p1a: Baxcalibur\n|-damage|p1a: Baxcalibur|0 fnt\n|faint|p1a: Baxcalibur\n|\n|upkeep\n|\n|t:|1699178504\n|switch|p1a: Roaring Moon|Roaring Moon|100\/100\n|-activate|p1a: Roaring Moon|move: Sticky Web\n|-unboost|p1a: Roaring Moon|spe|1\n|turn|11\n|c|\u2606Anubhav12345|i also don't know\n|\n|t:|1699178529\n|switch|p2a: Meowscarada|Meowscarada, F|100\/100\n|move|p1a: Roaring Moon|Air Slash|p2a: Meowscarada\n|-supereffective|p2a: Meowscarada\n|-damage|p2a: Meowscarada|56\/100\n|\n|upkeep\n|turn|12\n|\n|t:|1699178543\n|move|p2a: Meowscarada|Knock Off|p1a: Roaring Moon\n|-start|p2a: Meowscarada|typechange|Dark|[from] ability: Protean\n|-resisted|p1a: Roaring Moon\n|-damage|p1a: Roaring Moon|69\/100\n|-enditem|p1a: Roaring Moon|Choice Scarf|[from] move: Knock Off|[of] p2a: Meowscarada\n|move|p1a: Roaring Moon|Air Slash|p2a: Meowscarada\n|-damage|p2a: Meowscarada|34\/100\n|\n|upkeep\n|turn|13\n|c|\u2606Anubhav12345|what is your name\n|\n|t:|1699178563\n|move|p2a: Meowscarada|Knock Off|p1a: Roaring Moon\n|-resisted|p1a: Roaring Moon\n|-damage|p1a: Roaring Moon|49\/100\n|move|p1a: Roaring Moon|Fire Blast|p2a: Meowscarada\n|-damage|p2a: Meowscarada|0 fnt\n|faint|p2a: Meowscarada\n|\n|upkeep\n|\n|t:|1699178582\n|switch|p2a: Annihilape|Annihilape, M|100\/100\n|turn|14\n|c|\u2606Anubhav12345|how i am playing\n|\n|t:|1699178592\n|switch|p2a: Ribombee|Ribombee, M|18\/100\n|move|p1a: Roaring Moon|Air Slash|p2a: Ribombee\n|-supereffective|p2a: Ribombee\n|-damage|p2a: Ribombee|0 fnt\n|faint|p2a: Ribombee\n|\n|upkeep\n|c|\u2606Anubhav12345|3 down\n|c|\u260617Alex9|Good:)\n|\n|t:|1699178623\n|switch|p2a: Espathra|Espathra, M|100\/100\n|turn|15\n|c|\u2606Anubhav12345|what is your age\n|\n|t:|1699178636\n|move|p2a: Espathra|Protect|p2a: Espathra\n|-singleturn|p2a: Espathra|Protect\n|move|p1a: Roaring Moon|Fire Blast|p2a: Espathra\n|-activate|p2a: Espathra|move: Protect\n|\n|-ability|p2a: Espathra|Speed Boost|boost\n|-boost|p2a: Espathra|spe|1\n|upkeep\n|turn|16\n|c|\u260617Alex9|14:) you?\n|\n|t:|1699178648\n|move|p2a: Espathra|Dazzling Gleam|p1a: Roaring Moon\n|-supereffective|p1a: Roaring Moon\n|-damage|p1a: Roaring Moon|0 fnt\n|faint|p1a: Roaring Moon\n|-end|p1a: Roaring Moon|Protosynthesis|[silent]\n|\n|-ability|p2a: Espathra|Speed Boost|boost\n|-boost|p2a: Espathra|spe|1\n|upkeep\n|c|\u2606Anubhav12345|15\n|\n|t:|1699178655\n|switch|p1a: Zacian|Zacian-Crowned|100\/100\n|-activate|p1a: Zacian|move: Sticky Web\n|-unboost|p1a: Zacian|spe|1\n|-ability|p1a: Zacian|Intrepid Sword|boost\n|-boost|p1a: Zacian|atk|1\n|turn|17\n|c|\u2606Anubhav12345|do you live in berlin\n|\n|t:|1699178704\n|move|p2a: Espathra|Dazzling Gleam|p1a: Zacian\n|-resisted|p1a: Zacian\n|-damage|p1a: Zacian|92\/100\n|move|p1a: Zacian|Behemoth Blade|p2a: Espathra\n|-damage|p2a: Espathra|35\/100\n|\n|-ability|p2a: Espathra|Speed Boost|boost\n|-boost|p2a: Espathra|spe|1\n|upkeep\n|turn|18\n|\n|t:|1699178713\n|move|p2a: Espathra|Roost|p2a: Espathra\n|-heal|p2a: Espathra|85\/100\n|-singleturn|p2a: Espathra|move: Roost\n|move|p1a: Zacian|Behemoth Blade|p2a: Espathra\n|-damage|p2a: Espathra|22\/100\n|\n|-ability|p2a: Espathra|Speed Boost|boost\n|-boost|p2a: Espathra|spe|1\n|upkeep\n|turn|19\n|c|\u260617Alex9|Nope\n|\n|t:|1699178729\n|move|p2a: Espathra|Dazzling Gleam|p1a: Zacian\n|-resisted|p1a: Zacian\n|-damage|p1a: Zacian|84\/100\n|move|p1a: Zacian|Behemoth Blade|p2a: Espathra\n|-damage|p2a: Espathra|0 fnt\n|faint|p2a: Espathra\n|\n|upkeep\n|c|\u2606Anubhav12345|do you watch anime\n|\n|t:|1699178757\n|switch|p2a: Milotic|Milotic, M, shiny|100\/100\n|turn|20\n|c|\u2606Anubhav12345|do you know gojo\n|\n|t:|1699178773\n|move|p1a: Zacian|Steel Beam|p2a: Milotic\n|-resisted|p2a: Milotic\n|-damage|p2a: Milotic|82\/100\n|-damage|p1a: Zacian|33\/100|[from] steelbeam\n|move|p2a: Milotic|Scald|p1a: Zacian\n|-damage|p1a: Zacian|6\/100\n|\n|-status|p2a: Milotic|brn|[from] item: Flame Orb\n|upkeep\n|turn|21\n|c|\u260617Alex9|I watch a little bit\n|\n|t:|1699178785\n|move|p1a: Zacian|Focus Blast|p2a: Milotic\n|-damage|p2a: Milotic|61\/100 brn\n|move|p2a: Milotic|Draining Kiss|p1a: Zacian\n|-resisted|p1a: Zacian\n|-damage|p1a: Zacian|0 fnt\n|-heal|p2a: Milotic|64\/100 brn|[from] drain|[of] p1a: Zacian\n|faint|p1a: Zacian\n|\n|-damage|p2a: Milotic|58\/100 brn|[from] brn\n|upkeep\n|\n|t:|1699178792\n|switch|p1a: Miraidon|Miraidon|71\/100\n|-activate|p1a: Miraidon|move: Sticky Web\n|-unboost|p1a: Miraidon|spe|1\n|-fieldstart|move: Electric Terrain|[from] ability: Hadron Engine|[of] p1a: Miraidon\n|turn|22\n|\n|t:|1699178806\n|switch|p2a: Annihilape|Annihilape, M|100\/100\n|-terastallize|p1a: Miraidon|Electric\n|move|p1a: Miraidon|Electro Drift|p2a: Annihilape\n|-damage|p2a: Annihilape|0 fnt\n|faint|p2a: Annihilape\n|\n|upkeep\n|\n|t:|1699178814\n|switch|p2a: Milotic|Milotic, M, shiny|58\/100 brn\n|turn|23\n|c|\u2606Anubhav12345|i win\n|c|\u260617Alex9|Favorite indie game?\n|c|\u2606Anubhav12345|bgmi\n|n|!Anubhav12345|anubhav12345\n|c|\u260617Alex9|Well i lost:)\n|\n|t:|1699178923\n|move|p2a: Milotic|Protect|p2a: Milotic\n|-singleturn|p2a: Milotic|Protect\n|move|p1a: Miraidon|Electro Drift|p2a: Milotic\n|-activate|p2a: Milotic|move: Protect\n|\n|-damage|p2a: Milotic|52\/100 brn|[from] brn\n|upkeep\n|turn|24\n|c|\u260617Alex9|Or not:)\n|\n|t:|1699178972\n|move|p2a: Milotic|Protect||[still]\n|-fail|p2a: Milotic\n|move|p1a: Miraidon|Electro Drift|p2a: Milotic\n|-supereffective|p2a: Milotic\n|-damage|p2a: Milotic|0 fnt\n|faint|p2a: Milotic\n|\n|win|Anubhav12345\n|raw|Anubhav12345's rating: 1086 &rarr; <strong>1114<\/strong><br \/>(+28 for winning)\n|raw|17Alex9's rating: 1094 &rarr; <strong>1069<\/strong><br \/>(-25 for losing)\n","uploadtime":1699178909,"views":4,"p1id":"anubhav12345","p2id":"17alex9","formatid":"gen9ubers","rating":1069,"private":0,"password":""}