{"id":"gen9ubers-1987895772","p1":"Aegislasher59","p2":"Eric Vendrell","format":"[Gen 9] Ubers","log":"|j|\u2606Aegislasher59\n|j|\u2606Eric Vendrell\n|t:|1699646861\n|gametype|singles\n|player|p1|Aegislasher59|265|\n|player|p2|Eric Vendrell|266|\n|teamsize|p1|6\n|teamsize|p2|6\n|gen|9\n|tier|[Gen 9] Ubers\n|rule|Sleep Clause Mod: Limit one foe put to sleep\n|rule|Species Clause: Limit one of each Pok\u00e9mon\n|rule|OHKO Clause: OHKO moves are banned\n|rule|Evasion Items Clause: Evasion items are banned\n|rule|Evasion Moves Clause: Evasion moves are banned\n|rule|Endless Battle Clause: Forcing endless battles is banned\n|rule|HP Percentage Mod: HP is shown in percentages\n|clearpoke\n|poke|p1|Dragapult, M|\n|poke|p1|Gholdengo|\n|poke|p1|Glimmora, M|\n|poke|p1|Iron Valiant|\n|poke|p1|Mimikyu, M|\n|poke|p1|Garchomp, M|\n|poke|p2|Garchomp, M|\n|poke|p2|Salamence, F|\n|poke|p2|Toxapex, M|\n|poke|p2|Torterra, F|\n|poke|p2|Dragapult, F|\n|poke|p2|Tinkaton, F|\n|teampreview\n|\n|t:|1699646885\n|start\n|switch|p1a: M\u00edldora|Glimmora, M|100\/100\n|switch|p2a: Tinkaton|Tinkaton, F|100\/100\n|-ability|p2a: Tinkaton|Mold Breaker\n|turn|1\n|\n|t:|1699646900\n|switch|p2a: Garchomp|Garchomp, M, shiny|100\/100\n|move|p1a: M\u00edldora|Toxic|p2a: Garchomp\n|-status|p2a: Garchomp|tox\n|\n|-damage|p2a: Garchomp|94\/100 tox|[from] psn\n|upkeep\n|turn|2\n|\n|t:|1699646913\n|move|p2a: Garchomp|Stealth Rock|p1a: M\u00edldora\n|-sidestart|p1: Aegislasher59|move: Stealth Rock\n|move|p1a: M\u00edldora|Acid Armor|p1a: M\u00edldora\n|-boost|p1a: M\u00edldora|def|2\n|\n|-damage|p2a: Garchomp|82\/100 tox|[from] psn\n|upkeep\n|turn|3\n|\n|t:|1699646921\n|move|p1a: M\u00edldora|Sludge Wave|p2a: Garchomp\n|-resisted|p2a: Garchomp\n|-damage|p2a: Garchomp|67\/100 tox\n|move|p2a: Garchomp|Dragon Tail|p1a: M\u00edldora\n|-damage|p1a: M\u00edldora|86\/100\n|-activate|p1a: M\u00edldora|ability: Toxic Debris\n|-sidestart|p2: Eric Vendrell|move: Toxic Spikes\n|drag|p1a: Purmukuqu|Garchomp, M|100\/100\n|-damage|p1a: Purmukuqu|94\/100|[from] Stealth Rock\n|\n|-damage|p2a: Garchomp|48\/100 tox|[from] psn\n|upkeep\n|turn|4\n|\n|t:|1699646936\n|-terastallize|p2a: Garchomp|Fairy\n|move|p2a: Garchomp|Spikes|p1a: Purmukuqu\n|-sidestart|p1: Aegislasher59|Spikes\n|move|p1a: Purmukuqu|Dragon Tail|p2a: Garchomp\n|-immune|p2a: Garchomp\n|\n|-damage|p2a: Garchomp|24\/100 tox|[from] psn\n|upkeep\n|turn|5\n|\n|t:|1699646951\n|switch|p1a: M\u00edldora|Glimmora, M|86\/100\n|-damage|p1a: M\u00edldora|73\/100|[from] Stealth Rock\n|-damage|p1a: M\u00edldora|61\/100|[from] Spikes\n|move|p2a: Garchomp|Spikes|p1a: M\u00edldora\n|-sidestart|p1: Aegislasher59|Spikes\n|\n|-damage|p2a: Garchomp|0 fnt|[from] psn\n|faint|p2a: Garchomp\n|upkeep\n|\n|t:|1699646967\n|switch|p2a: Toxapex|Toxapex, M|100\/100\n|-sideend|p2: Eric Vendrell|move: Toxic Spikes|[of] p2a: Toxapex\n|turn|6\n|\n|t:|1699646973\n|move|p1a: M\u00edldora|Earth Power|p2a: Toxapex\n|-supereffective|p2a: Toxapex\n|-damage|p2a: Toxapex|65\/100\n|-unboost|p2a: Toxapex|spd|1\n|move|p2a: Toxapex|Toxic Spikes|p1a: M\u00edldora\n|-sidestart|p1: Aegislasher59|move: Toxic Spikes\n|\n|-heal|p2a: Toxapex|71\/100|[from] item: Black Sludge\n|upkeep\n|turn|7\n|j| Pyrope06\n|\n|t:|1699646983\n|switch|p2a: Salamence|Salamence, F|100\/100\n|-ability|p2a: Salamence|Intimidate|boost\n|-unboost|p1a: M\u00edldora|atk|1\n|move|p1a: M\u00edldora|Earth Power|p2a: Salamence\n|-immune|p2a: Salamence\n|\n|upkeep\n|turn|8\n|\n|t:|1699646992\n|move|p1a: M\u00edldora|Toxic|p2a: Salamence\n|-status|p2a: Salamence|tox\n|move|p2a: Salamence|Dragon Tail|p1a: M\u00edldora\n|-damage|p1a: M\u00edldora|19\/100\n|-activate|p1a: M\u00edldora|ability: Toxic Debris\n|-sidestart|p2: Eric Vendrell|move: Toxic Spikes\n|-damage|p2a: Salamence|90\/100 tox|[from] item: Life Orb\n|drag|p1a: Purmukuqu|Garchomp, M|94\/100\n|-damage|p1a: Purmukuqu|88\/100|[from] Stealth Rock\n|-damage|p1a: Purmukuqu|72\/100|[from] Spikes\n|-status|p1a: Purmukuqu|psn\n|\n|-damage|p1a: Purmukuqu|59\/100 psn|[from] psn\n|-damage|p2a: Salamence|84\/100 tox|[from] psn\n|upkeep\n|turn|9\n|\n|t:|1699647012\n|switch|p2a: Tinkaton|Tinkaton, F|100\/100\n|-ability|p2a: Tinkaton|Mold Breaker\n|move|p1a: Purmukuqu|Dragon Tail|p2a: Tinkaton\n|-immune|p2a: Tinkaton\n|\n|-damage|p1a: Purmukuqu|47\/100 psn|[from] psn\n|upkeep\n|turn|10\n|\n|t:|1699647031\n|switch|p1a: Puskoneske|Iron Valiant|100\/100\n|-damage|p1a: Puskoneske|95\/100|[from] Stealth Rock\n|-damage|p1a: Puskoneske|78\/100|[from] Spikes\n|-status|p1a: Puskoneske|psn\n|move|p2a: Tinkaton|Gigaton Hammer|p1a: Puskoneske\n|-supereffective|p1a: Puskoneske\n|-damage|p1a: Puskoneske|0 fnt\n|faint|p1a: Puskoneske\n|-end|p1a: Puskoneske|Quark Drive|[silent]\n|\n|upkeep\n|\n|t:|1699647043\n|switch|p1a: M\u00edldora|Glimmora, M|19\/100\n|-damage|p1a: M\u00edldora|6\/100|[from] Stealth Rock\n|-damage|p1a: M\u00edldora|0 fnt|[from] Spikes\n|-sideend|p1: Aegislasher59|move: Toxic Spikes|[of] p1a: M\u00edldora\n|faint|p1a: M\u00edldora\n|\n|t:|1699647050\n|switch|p1a: C\u00farcuma|Mimikyu, M|100\/100\n|-damage|p1a: C\u00farcuma|88\/100|[from] Stealth Rock\n|-damage|p1a: C\u00farcuma|72\/100|[from] Spikes\n|turn|11\n|\n|t:|1699647062\n|move|p1a: C\u00farcuma|Play Rough|p2a: Tinkaton|[miss]\n|-miss|p1a: C\u00farcuma|p2a: Tinkaton\n|move|p2a: Tinkaton|Swords Dance|p2a: Tinkaton\n|-boost|p2a: Tinkaton|atk|2\n|\n|-heal|p1a: C\u00farcuma|78\/100|[from] item: Leftovers\n|upkeep\n|turn|12\n|\n|t:|1699647073\n|-terastallize|p1a: C\u00farcuma|Ghost\n|move|p1a: C\u00farcuma|Shadow Ball|p2a: Tinkaton\n|-damage|p2a: Tinkaton|75\/100\n|-unboost|p2a: Tinkaton|spd|1\n|move|p2a: Tinkaton|Gigaton Hammer|p1a: C\u00farcuma\n|-damage|p1a: C\u00farcuma|0 fnt\n|faint|p1a: C\u00farcuma\n|\n|upkeep\n|\n|t:|1699647086\n|switch|p1a: Peidbks|Dragapult, M|100\/100\n|-damage|p1a: Peidbks|88\/100|[from] Stealth Rock\n|-damage|p1a: Peidbks|72\/100|[from] Spikes\n|turn|13\n|\n|t:|1699647098\n|switch|p1a: Pirkuqunqum|Gholdengo|100\/100\n|-damage|p1a: Pirkuqunqum|94\/100|[from] Stealth Rock\n|-damage|p1a: Pirkuqunqum|78\/100|[from] Spikes\n|move|p2a: Tinkaton|Play Rough|p1a: Pirkuqunqum\n|-resisted|p1a: Pirkuqunqum\n|-damage|p1a: Pirkuqunqum|46\/100\n|\n|upkeep\n|turn|14\n|\n|t:|1699647111\n|move|p1a: Pirkuqunqum|Psychic|p2a: Tinkaton\n|-resisted|p2a: Tinkaton\n|-damage|p2a: Tinkaton|57\/100\n|move|p2a: Tinkaton|Draining Kiss|p1a: Pirkuqunqum\n|-resisted|p1a: Pirkuqunqum\n|-damage|p1a: Pirkuqunqum|40\/100\n|-heal|p2a: Tinkaton|61\/100|[from] drain|[of] p1a: Pirkuqunqum\n|\n|upkeep\n|turn|15\n|\n|t:|1699647125\n|switch|p2a: Torterra|Torterra, F, shiny|100\/100\n|-status|p2a: Torterra|psn\n|move|p1a: Pirkuqunqum|Psychic|p2a: Torterra\n|-damage|p2a: Torterra|71\/100 psn\n|\n|-damage|p2a: Torterra|59\/100 psn|[from] psn\n|upkeep\n|turn|16\n|\n|t:|1699647137\n|move|p1a: Pirkuqunqum|Recover|p1a: Pirkuqunqum\n|-heal|p1a: Pirkuqunqum|90\/100\n|move|p2a: Torterra|Headlong Rush|p1a: Pirkuqunqum\n|-supereffective|p1a: Pirkuqunqum\n|-damage|p1a: Pirkuqunqum|0 fnt\n|-unboost|p2a: Torterra|def|1\n|-unboost|p2a: Torterra|spd|1\n|faint|p1a: Pirkuqunqum\n|\n|-damage|p2a: Torterra|46\/100 psn|[from] psn\n|upkeep\n|\n|t:|1699647148\n|switch|p1a: Peidbks|Dragapult, M|72\/100\n|-damage|p1a: Peidbks|59\/100|[from] Stealth Rock\n|-damage|p1a: Peidbks|43\/100|[from] Spikes\n|turn|17\n|\n|t:|1699647160\n|move|p1a: Peidbks|Dragon Pulse|p2a: Torterra\n|-damage|p2a: Torterra|0 fnt\n|faint|p2a: Torterra\n|\n|-heal|p1a: Peidbks|49\/100|[from] item: Leftovers\n|upkeep\n|\n|t:|1699647166\n|switch|p2a: Tinkaton|Tinkaton, F|61\/100\n|-ability|p2a: Tinkaton|Mold Breaker\n|turn|18\n|\n|t:|1699647173\n|move|p1a: Peidbks|Shadow Ball|p2a: Tinkaton\n|-damage|p2a: Tinkaton|35\/100\n|-enditem|p2a: Tinkaton|Sitrus Berry|[eat]\n|-heal|p2a: Tinkaton|60\/100|[from] item: Sitrus Berry\n|move|p2a: Tinkaton|Play Rough|p1a: Peidbks\n|-supereffective|p1a: Peidbks\n|-damage|p1a: Peidbks|0 fnt\n|faint|p1a: Peidbks\n|\n|upkeep\n|c|\u2606Eric Vendrell|gg\n|\n|t:|1699647184\n|switch|p1a: Purmukuqu|Garchomp, M|47\/100 psn\n|-damage|p1a: Purmukuqu|41\/100 psn|[from] Stealth Rock\n|-damage|p1a: Purmukuqu|24\/100 psn|[from] Spikes\n|turn|19\n|\n|t:|1699647191\n|move|p1a: Purmukuqu|Earthquake|p2a: Tinkaton\n|-supereffective|p2a: Tinkaton\n|-damage|p2a: Tinkaton|0 fnt\n|faint|p2a: Tinkaton\n|\n|-damage|p1a: Purmukuqu|12\/100 psn|[from] psn\n|upkeep\n|\n|t:|1699647197\n|switch|p2a: Dragapult|Dragapult, F, shiny|100\/100\n|-status|p2a: Dragapult|psn\n|turn|20\n|\n|t:|1699647202\n|move|p2a: Dragapult|Dragon Darts|p1a: Purmukuqu\n|-supereffective|p1a: Purmukuqu\n|-damage|p1a: Purmukuqu|0 fnt\n|faint|p1a: Purmukuqu\n|-damage|p2a: Dragapult|91\/100 psn|[from] item: Life Orb\n|\n|win|Eric Vendrell\n|l| Pyrope06\n","uploadtime":1699647217,"views":5,"p1id":"aegislasher59","p2id":"ericvendrell","formatid":"gen9ubers","rating":0,"private":0,"password":""}