{"id":"gen9ubers-1974660355","p1":"Taygonspazz","p2":"Blake-Mamba","format":"[Gen 9] Ubers","log":"|j|\u2606Taygonspazz\n|j|\u2606Blake-Mamba\n|t:|1698107689\n|gametype|singles\n|player|p1|Taygonspazz|steven|1140\n|player|p2|Blake-Mamba|juan|1235\n|teamsize|p1|6\n|teamsize|p2|6\n|gen|9\n|tier|[Gen 9] Ubers\n|rated|\n|rule|Sleep Clause Mod: Limit one foe put to sleep\n|rule|Species Clause: Limit one of each Pok\u00e9mon\n|rule|OHKO Clause: OHKO moves are banned\n|rule|Evasion Items Clause: Evasion items are banned\n|rule|Evasion Moves Clause: Evasion moves are banned\n|rule|Endless Battle Clause: Forcing endless battles is banned\n|rule|HP Percentage Mod: HP is shown in percentages\n|clearpoke\n|poke|p1|Kyogre|\n|poke|p1|Koraidon|\n|poke|p1|Iron Bundle|\n|poke|p1|Iron Valiant|\n|poke|p1|Flutter Mane|\n|poke|p1|Miraidon|\n|poke|p2|Ogerpon-Hearthflame, F|\n|poke|p2|Vikavolt, M|\n|poke|p2|Kommo-o, F|\n|poke|p2|Ursaluna-Bloodmoon, M|\n|poke|p2|Yanmega, F|\n|poke|p2|Chandelure, M|\n|teampreview\n|c|\u2606Blake-Mamba|Glhf\n|inactive|Battle timer is ON: inactive players will automatically lose when time's up. (requested by Blake-Mamba)\n|inactive|Taygonspazz has 120 seconds left.\n|\n|t:|1698107733\n|start\n|switch|p1a: Koraidon|Koraidon|100\/100\n|switch|p2a: Vikavolt|Vikavolt, M|100\/100\n|-weather|SunnyDay|[from] ability: Orichalcum Pulse|[of] p1a: Koraidon\n|-activate|p1a: Koraidon|Orichalcum Pulse|[source]\n|turn|1\n|inactive|Taygonspazz has 120 seconds left.\n|\n|t:|1698107766\n|switch|p2a: Chandelure|Chandelure, M|100\/100\n|move|p1a: Koraidon|U-turn|p2a: Chandelure\n|-resisted|p2a: Chandelure\n|-damage|p2a: Chandelure|89\/100\n|inactive|Taygonspazz has 120 seconds left.\n|\n|t:|1698107778\n|switch|p1a: Kyogre|Kyogre|100\/100|[from] U-turn\n|-weather|RainDance|[from] ability: Drizzle|[of] p1a: Kyogre\n|\n|-weather|RainDance|[upkeep]\n|upkeep\n|turn|2\n|inactive|Taygonspazz has 120 seconds left.\n|\n|t:|1698107793\n|move|p2a: Chandelure|Energy Ball|p1a: Kyogre\n|-supereffective|p1a: Kyogre\n|-damage|p1a: Kyogre|45\/100\n|move|p1a: Kyogre|Water Spout|p2a: Chandelure\n|-supereffective|p2a: Chandelure\n|-damage|p2a: Chandelure|0 fnt\n|faint|p2a: Chandelure\n|\n|-weather|RainDance|[upkeep]\n|-heal|p1a: Kyogre|51\/100|[from] item: Leftovers\n|upkeep\n|\n|t:|1698107804\n|switch|p2a: Vikavolt|Vikavolt, M|100\/100\n|turn|3\n|\n|t:|1698107818\n|switch|p1a: Miraidon|Miraidon|100\/100\n|-fieldstart|move: Electric Terrain|[from] ability: Hadron Engine|[of] p1a: Miraidon\n|move|p2a: Vikavolt|Sticky Web|p1a: Miraidon\n|-sidestart|p1: Taygonspazz|move: Sticky Web\n|\n|-weather|RainDance|[upkeep]\n|upkeep\n|turn|4\n|inactive|Taygonspazz has 120 seconds left.\n|\n|t:|1698107840\n|move|p1a: Miraidon|Dragon Pulse|p2a: Vikavolt\n|-damage|p2a: Vikavolt|21\/100\n|move|p2a: Vikavolt|Bug Buzz|p1a: Miraidon\n|-damage|p1a: Miraidon|55\/100\n|\n|-weather|RainDance|[upkeep]\n|upkeep\n|turn|5\n|\n|t:|1698107850\n|move|p1a: Miraidon|Dragon Pulse|p2a: Vikavolt\n|-crit|p2a: Vikavolt\n|-damage|p2a: Vikavolt|0 fnt\n|faint|p2a: Vikavolt\n|\n|-weather|none\n|upkeep\n|\n|t:|1698107857\n|switch|p2a: Kommo-o|Kommo-o, F|100\/100\n|turn|6\n|\n|t:|1698107864\n|-terastallize|p2a: Kommo-o|Steel\n|move|p1a: Miraidon|Draco Meteor|p2a: Kommo-o\n|-resisted|p2a: Kommo-o\n|-damage|p2a: Kommo-o|58\/100\n|-unboost|p1a: Miraidon|spa|2\n|move|p2a: Kommo-o|Clangorous Soul|p2a: Kommo-o\n|-boost|p2a: Kommo-o|atk|1\n|-boost|p2a: Kommo-o|def|1\n|-boost|p2a: Kommo-o|spa|1\n|-boost|p2a: Kommo-o|spd|1\n|-boost|p2a: Kommo-o|spe|1\n|-damage|p2a: Kommo-o|25\/100\n|\n|-heal|p2a: Kommo-o|31\/100|[from] item: Leftovers\n|upkeep\n|turn|7\n|\n|t:|1698107879\n|move|p1a: Miraidon|Electro Drift|p2a: Kommo-o\n|-damage|p2a: Kommo-o|2\/100\n|move|p2a: Kommo-o|Drain Punch|p1a: Miraidon\n|-damage|p1a: Miraidon|0 fnt\n|-heal|p2a: Kommo-o|29\/100|[from] drain|[of] p1a: Miraidon\n|faint|p1a: Miraidon\n|\n|-heal|p2a: Kommo-o|35\/100|[from] item: Leftovers\n|-fieldend|move: Electric Terrain\n|upkeep\n|inactive|Taygonspazz has 120 seconds left.\n|\n|t:|1698107923\n|switch|p1a: Iron Bundle|Iron Bundle|100\/100\n|-activate|p1a: Iron Bundle|move: Sticky Web\n|-unboost|p1a: Iron Bundle|spe|1\n|turn|8\n|\n|t:|1698107933\n|move|p2a: Kommo-o|Drain Punch|p1a: Iron Bundle\n|-supereffective|p1a: Iron Bundle\n|-damage|p1a: Iron Bundle|0 fnt\n|-heal|p2a: Kommo-o|71\/100|[from] drain|[of] p1a: Iron Bundle\n|faint|p1a: Iron Bundle\n|-end|p1a: Iron Bundle|Quark Drive|[silent]\n|\n|-heal|p2a: Kommo-o|77\/100|[from] item: Leftovers\n|upkeep\n|\n|t:|1698107944\n|switch|p1a: Flutter Mane|Flutter Mane, shiny|100\/100\n|-activate|p1a: Flutter Mane|move: Sticky Web\n|-unboost|p1a: Flutter Mane|spe|1\n|turn|9\n|\n|t:|1698107954\n|move|p2a: Kommo-o|Iron Head|p1a: Flutter Mane\n|-supereffective|p1a: Flutter Mane\n|-damage|p1a: Flutter Mane|0 fnt\n|faint|p1a: Flutter Mane\n|-end|p1a: Flutter Mane|Protosynthesis|[silent]\n|\n|-heal|p2a: Kommo-o|84\/100|[from] item: Leftovers\n|upkeep\n|-message|Taygonspazz forfeited.\n|\n|win|Blake-Mamba\n|raw|Taygonspazz's rating: 1140 &rarr; <strong>1122<\/strong><br \/>(-18 for losing)\n|raw|Blake-Mamba's rating: 1235 &rarr; <strong>1253<\/strong><br \/>(+18 for winning)\n|l|\u2606Taygonspazz\n","uploadtime":1698107973,"views":14,"p1id":"taygonspazz","p2id":"blakemamba","formatid":"gen9ubers","rating":1122,"private":0,"password":""}