{"id":"gen9ubers-1973594891","p1":"FlumGum","p2":"Sundaeeeeee","format":"[Gen 9] Ubers","log":"|j|\u2606FlumGum\n|j|\u2606Sundaeeeeee\n|t:|1697994336\n|gametype|singles\n|player|p1|FlumGum|marlon|1215\n|player|p2|Sundaeeeeee|dragontamer|1140\n|teamsize|p1|6\n|teamsize|p2|6\n|gen|9\n|tier|[Gen 9] Ubers\n|rated|\n|rule|Sleep Clause Mod: Limit one foe put to sleep\n|rule|Species Clause: Limit one of each Pok\u00e9mon\n|rule|OHKO Clause: OHKO moves are banned\n|rule|Evasion Items Clause: Evasion items are banned\n|rule|Evasion Moves Clause: Evasion moves are banned\n|rule|Endless Battle Clause: Forcing endless battles is banned\n|rule|HP Percentage Mod: HP is shown in percentages\n|clearpoke\n|poke|p1|Dragapult, M|\n|poke|p1|Darkrai|\n|poke|p1|Volcarona, M|\n|poke|p1|Gliscor, M|\n|poke|p1|Kingambit, F|\n|poke|p1|Corviknight, F|\n|poke|p2|Zacian-*|\n|poke|p2|Miraidon|\n|poke|p2|Koraidon|\n|poke|p2|Regieleki|\n|poke|p2|Eternatus|\n|poke|p2|Ogerpon-Hearthflame, F|\n|teampreview\n|inactive|Battle timer is ON: inactive players will automatically lose when time's up. (requested by Sundaeeeeee)\n|\n|t:|1697994356\n|start\n|switch|p1a: Dragapult|Dragapult, M|100\/100\n|switch|p2a: Regieleki|Regieleki, shiny|100\/100\n|turn|1\n|\n|t:|1697994362\n|move|p2a: Regieleki|Volt Switch|p1a: Dragapult\n|-resisted|p1a: Dragapult\n|-damage|p1a: Dragapult|72\/100\n|\n|t:|1697994371\n|switch|p2a: Zacian|Zacian-Crowned, shiny|100\/100|[from] Volt Switch\n|-ability|p2a: Zacian|Intrepid Sword|boost\n|-boost|p2a: Zacian|atk|1\n|move|p1a: Dragapult|Dragon Dance|p1a: Dragapult\n|-boost|p1a: Dragapult|atk|1\n|-boost|p1a: Dragapult|spe|1\n|\n|upkeep\n|turn|2\n|\n|t:|1697994384\n|move|p1a: Dragapult|Phantom Force||[still]\n|-prepare|p1a: Dragapult|Phantom Force\n|move|p2a: Zacian|Play Rough|p1a: Dragapult|[miss]\n|-miss|p2a: Zacian|p1a: Dragapult\n|\n|upkeep\n|turn|3\n|\n|t:|1697994392\n|move|p1a: Dragapult|Phantom Force|p2a: Zacian|[from]lockedmove\n|-damage|p2a: Zacian|12\/100\n|-damage|p1a: Dragapult|62\/100|[from] item: Life Orb\n|move|p2a: Zacian|Play Rough|p1a: Dragapult\n|-supereffective|p1a: Dragapult\n|-damage|p1a: Dragapult|0 fnt\n|faint|p1a: Dragapult\n|\n|upkeep\n|\n|t:|1697994398\n|switch|p1a: Kingambit|Kingambit, F|100\/100\n|-activate|p1a: Kingambit|ability: Supreme Overlord\n|-start|p1a: Kingambit|fallen1|[silent]\n|turn|4\n|\n|t:|1697994402\n|move|p1a: Kingambit|Sucker Punch|p2a: Zacian\n|-resisted|p2a: Zacian\n|-damage|p2a: Zacian|0 fnt\n|faint|p2a: Zacian\n|-damage|p1a: Kingambit|91\/100|[from] item: Life Orb\n|\n|upkeep\n|\n|t:|1697994407\n|switch|p2a: Koraidon|Koraidon|100\/100\n|-weather|SunnyDay|[from] ability: Orichalcum Pulse|[of] p2a: Koraidon\n|-activate|p2a: Koraidon|Orichalcum Pulse|[source]\n|turn|5\n|\n|t:|1697994414\n|-end|p1a: Kingambit|fallen1|[silent]\n|switch|p1a: Corviknight|Corviknight, F|100\/100\n|move|p2a: Koraidon|Swords Dance|p2a: Koraidon\n|-boost|p2a: Koraidon|atk|2\n|\n|-weather|SunnyDay|[upkeep]\n|upkeep\n|turn|6\n|\n|t:|1697994419\n|move|p2a: Koraidon|Collision Course|p1a: Corviknight\n|-damage|p1a: Corviknight|0 fnt\n|faint|p1a: Corviknight\n|\n|-weather|SunnyDay|[upkeep]\n|upkeep\n|\n|t:|1697994432\n|switch|p1a: Kingambit|Kingambit, F|91\/100\n|-activate|p1a: Kingambit|ability: Supreme Overlord\n|-start|p1a: Kingambit|fallen2|[silent]\n|turn|7\n|\n|t:|1697994437\n|-terastallize|p1a: Kingambit|Dark\n|move|p1a: Kingambit|Sucker Punch||[still]\n|-fail|p1a: Kingambit\n|move|p2a: Koraidon|Swords Dance|p2a: Koraidon\n|-boost|p2a: Koraidon|atk|2\n|\n|-weather|SunnyDay|[upkeep]\n|upkeep\n|turn|8\n|\n|t:|1697994448\n|move|p1a: Kingambit|Sucker Punch|p2a: Koraidon\n|-resisted|p2a: Koraidon\n|-damage|p2a: Koraidon|65\/100\n|-damage|p1a: Kingambit|81\/100|[from] item: Life Orb\n|move|p2a: Koraidon|Collision Course|p1a: Kingambit\n|-supereffective|p1a: Kingambit\n|-damage|p1a: Kingambit|0 fnt\n|faint|p1a: Kingambit\n|-end|p1a: Kingambit|fallen2|[silent]\n|\n|-weather|SunnyDay|[upkeep]\n|upkeep\n|\n|t:|1697994452\n|switch|p1a: Gliscor|Gliscor, M|100\/100\n|turn|9\n|\n|t:|1697994455\n|-terastallize|p2a: Koraidon|Fighting\n|move|p2a: Koraidon|Collision Course|p1a: Gliscor\n|-resisted|p1a: Gliscor\n|-damage|p1a: Gliscor|11\/100\n|move|p1a: Gliscor|Toxic|p2a: Koraidon\n|-status|p2a: Koraidon|tox\n|\n|-weather|none\n|-damage|p2a: Koraidon|59\/100 tox|[from] psn\n|-status|p1a: Gliscor|tox|[from] item: Toxic Orb\n|upkeep\n|turn|10\n|\n|t:|1697994465\n|move|p1a: Gliscor|Protect|p1a: Gliscor\n|-singleturn|p1a: Gliscor|Protect\n|move|p2a: Koraidon|Collision Course|p1a: Gliscor\n|-activate|p1a: Gliscor|move: Protect\n|\n|-damage|p2a: Koraidon|47\/100 tox|[from] psn\n|-heal|p1a: Gliscor|23\/100 tox|[from] ability: Poison Heal\n|upkeep\n|turn|11\n|\n|t:|1697994472\n|move|p1a: Gliscor|Protect||[still]\n|-fail|p1a: Gliscor\n|move|p2a: Koraidon|Collision Course|p1a: Gliscor\n|-resisted|p1a: Gliscor\n|-damage|p1a: Gliscor|0 fnt\n|faint|p1a: Gliscor\n|\n|-damage|p2a: Koraidon|28\/100 tox|[from] psn\n|upkeep\n|\n|t:|1697994475\n|switch|p1a: Volcarona|Volcarona, M|100\/100\n|turn|12\n|\n|t:|1697994478\n|move|p2a: Koraidon|Collision Course|p1a: Volcarona\n|-resisted|p1a: Volcarona\n|-damage|p1a: Volcarona|0 fnt\n|faint|p1a: Volcarona\n|\n|-damage|p2a: Koraidon|4\/100 tox|[from] psn\n|upkeep\n|\n|t:|1697994480\n|switch|p1a: Darkrai|Darkrai|100\/100\n|turn|13\n|\n|t:|1697994486\n|move|p2a: Koraidon|Collision Course|p1a: Darkrai\n|-supereffective|p1a: Darkrai\n|-damage|p1a: Darkrai|0 fnt\n|faint|p1a: Darkrai\n|\n|win|Sundaeeeeee\n|raw|FlumGum's rating: 1215 &rarr; <strong>1185<\/strong><br \/>(-30 for losing)\n|raw|Sundaeeeeee's rating: 1140 &rarr; <strong>1170<\/strong><br \/>(+30 for winning)\n|l|\u2606FlumGum\n","uploadtime":1697994498,"views":10,"p1id":"flumgum","p2id":"sundaeeeeee","formatid":"gen9ubers","rating":1170,"private":0,"password":""}