{"id":"gen9ubers-1990585224","p1":"Profesor Turo","p2":"Dragon Master Rosa","format":"[Gen 9] Ubers","log":"|j|\u2606Profesor Turo\n|j|\u2606Dragon Master Rosa\n|t:|1699983500\n|gametype|singles\n|player|p1|Profesor Turo|turo-ai|\n|player|p2|Dragon Master Rosa|dragontamer-gen9|\n|teamsize|p1|6\n|teamsize|p2|6\n|gen|9\n|tier|[Gen 9] Ubers\n|rule|Sleep Clause Mod: Limit one foe put to sleep\n|rule|Species Clause: Limit one of each Pok\u00e9mon\n|rule|OHKO Clause: OHKO moves are banned\n|rule|Evasion Items Clause: Evasion items are banned\n|rule|Evasion Moves Clause: Evasion moves are banned\n|rule|Endless Battle Clause: Forcing endless battles is banned\n|rule|HP Percentage Mod: HP is shown in percentages\n|clearpoke\n|poke|p1|Calyrex-Ice|\n|poke|p1|Dragonite, M|\n|poke|p1|Weavile, F|\n|poke|p1|Tornadus-Therian, M|\n|poke|p1|Ursaluna, F|\n|poke|p1|Graveler-Alola, M|\n|poke|p2|Sinistcha|\n|poke|p2|Landorus-Therian, M|\n|poke|p2|Medicham, F|\n|poke|p2|Slowking-Galar, L99, M|\n|poke|p2|Toedscruel, F|\n|poke|p2|Empoleon, M|\n|teampreview\n|inactive|Battle timer is ON: inactive players will automatically lose when time's up. (requested by Profesor Turo)\n|inactive|Dragon Master Rosa has 270 seconds left.\n|inactive|Dragon Master Rosa has 240 seconds left.\n|inactive|Dragon Master Rosa has 210 seconds left.\n|inactive|Dragon Master Rosa has 180 seconds left.\n|c|\u2606Profesor Turo|we win these\n|inactive|Dragon Master Rosa has 150 seconds left.\n|c|\u2606Dragon Master Rosa|i'm getting usage stats dawg\n|\n|t:|1699983680\n|start\n|switch|p1a: Graveler|Graveler-Alola, M|100\/100\n|switch|p2a: Sinistcha|Sinistcha|100\/100\n|turn|1\n|c|\u2606Profesor Turo|people reading through the usage sheets to see alolan graveller\n|inactive|Dragon Master Rosa has 180 seconds left.\n|\n|t:|1699983723\n|switch|p2a: Slowking|Slowking-Galar, L99, M|100\/100\n|move|p1a: Graveler|Thunder Wave|p2a: Slowking\n|-status|p2a: Slowking|par\n|\n|upkeep\n|turn|2\n|\n|t:|1699983730\n|move|p1a: Graveler|Stealth Rock|p2a: Slowking\n|-sidestart|p2: Dragon Master Rosa|move: Stealth Rock\n|move|p2a: Slowking|Toxic|p1a: Graveler\n|-status|p1a: Graveler|tox\n|\n|-damage|p1a: Graveler|94\/100 tox|[from] psn\n|upkeep\n|turn|3\n|\n|t:|1699983735\n|move|p1a: Graveler|Metronome|p1a: Graveler\n|move|p1a: Graveler|Spore||[from]move: Metronome|[still]\n|-fail|p1a: Graveler\n|move|p2a: Slowking|Slack Off||[still]\n|-fail|p2a: Slowking|heal\n|\n|-damage|p1a: Graveler|82\/100 tox|[from] psn\n|upkeep\n|turn|4\n|c|\u2606Profesor Turo|rigged\n|\n|t:|1699983741\n|move|p1a: Graveler|Metronome|p1a: Graveler\n|move|p1a: Graveler|Venoshock|p2a: Slowking|[from]move: Metronome\n|-resisted|p2a: Slowking\n|-damage|p2a: Slowking|98\/100 par\n|move|p2a: Slowking|Chilly Reception|p2a: Slowking\n|-weather|Snow\n|\n|t:|1699983745\n|switch|p2a: Toedscruel|Toedscruel, F|100\/100|[from] Chilly Reception\n|-damage|p2a: Toedscruel|94\/100|[from] Stealth Rock\n|\n|-weather|Snow|[upkeep]\n|-heal|p2a: Toedscruel|100\/100|[from] item: Leftovers\n|-damage|p1a: Graveler|64\/100 tox|[from] psn\n|upkeep\n|turn|5\n|\n|t:|1699983759\n|move|p1a: Graveler|Metronome|p1a: Graveler\n|move|p1a: Graveler|Fury Swipes|p2a: Toedscruel|[from]move: Metronome\n|-immune|p2a: Toedscruel\n|move|p2a: Toedscruel|Spikes|p1a: Graveler\n|-sidestart|p1: Profesor Turo|Spikes\n|\n|-weather|Snow|[upkeep]\n|-damage|p1a: Graveler|40\/100 tox|[from] psn\n|upkeep\n|turn|6\n|\n|t:|1699983774\n|move|p2a: Toedscruel|Rapid Spin|p1a: Graveler\n|-resisted|p1a: Graveler\n|-damage|p1a: Graveler|37\/100 tox\n|-boost|p2a: Toedscruel|spe|1\n|-sideend|p2: Dragon Master Rosa|Stealth Rock|[from] move: Rapid Spin|[of] p2a: Toedscruel\n|move|p1a: Graveler|Metronome|p1a: Graveler\n|move|p1a: Graveler|Defense Curl|p1a: Graveler|[from]move: Metronome\n|-boost|p1a: Graveler|def|1\n|\n|-weather|Snow|[upkeep]\n|-damage|p1a: Graveler|7\/100 tox|[from] psn\n|upkeep\n|turn|7\n|\n|t:|1699983781\n|move|p1a: Graveler|Protect|p1a: Graveler\n|-singleturn|p1a: Graveler|Protect\n|move|p2a: Toedscruel|Knock Off|p1a: Graveler\n|-activate|p1a: Graveler|move: Protect\n|\n|-weather|Snow|[upkeep]\n|-damage|p1a: Graveler|0 fnt|[from] psn\n|faint|p1a: Graveler\n|upkeep\n|\n|t:|1699983788\n|switch|p1a: Tornadus|Tornadus-Therian, M|100\/100\n|turn|8\n|\n|t:|1699983803\n|switch|p2a: Sinistcha|Sinistcha|100\/100\n|move|p1a: Tornadus|Taunt|p2a: Sinistcha\n|-start|p2a: Sinistcha|move: Taunt\n|\n|-weather|none\n|upkeep\n|turn|9\n|\n|t:|1699983807\n|move|p1a: Tornadus|Nasty Plot|p1a: Tornadus\n|-boost|p1a: Tornadus|spa|2\n|move|p2a: Sinistcha|Foul Play|p1a: Tornadus\n|-damage|p1a: Tornadus|84\/100\n|\n|upkeep\n|turn|10\n|\n|t:|1699983813\n|switch|p2a: Slowking|Slowking-Galar, L99, M|100\/100 par\n|move|p1a: Tornadus|Metronome|p1a: Tornadus\n|move|p1a: Tornadus|Aqua Tail|p2a: Slowking|[from]move: Metronome\n|-damage|p2a: Slowking|86\/100 par\n|\n|upkeep\n|turn|11\n|\n|t:|1699983821\n|switch|p2a: Medicham|Medicham, F|100\/100\n|move|p1a: Tornadus|Metronome|p1a: Tornadus\n|move|p1a: Tornadus|Low Sweep|p2a: Medicham|[from]move: Metronome\n|-resisted|p2a: Medicham\n|-damage|p2a: Medicham|90\/100\n|-unboost|p2a: Medicham|spe|1\n|\n|upkeep\n|turn|12\n|\n|t:|1699983828\n|move|p2a: Medicham|Ice Punch|p1a: Tornadus\n|-supereffective|p1a: Tornadus\n|-damage|p1a: Tornadus|34\/100\n|move|p1a: Tornadus|Metronome|p1a: Tornadus\n|move|p1a: Tornadus|Mega Punch|p2a: Medicham|[from]move: Metronome\n|-damage|p2a: Medicham|65\/100\n|\n|upkeep\n|turn|13\n|\n|t:|1699983836\n|switch|p1a: Calyrex|Calyrex-Ice|100\/100\n|-ability|p1a: Calyrex|As One\n|-ability|p1a: Calyrex|Unnerve\n|-damage|p1a: Calyrex|88\/100|[from] Spikes\n|move|p2a: Medicham|Ice Punch|p1a: Calyrex\n|-resisted|p1a: Calyrex\n|-damage|p1a: Calyrex|79\/100\n|\n|-heal|p1a: Calyrex|86\/100|[from] item: Leftovers\n|upkeep\n|turn|14\n|inactive|Dragon Master Rosa has 240 seconds left.\n|\n|t:|1699983846\n|switch|p2a: Slowking|Slowking-Galar, L99, M|100\/100 par\n|move|p1a: Calyrex|Leech Seed|p2a: Slowking\n|-start|p2a: Slowking|move: Leech Seed\n|\n|-heal|p1a: Calyrex|92\/100|[from] item: Leftovers\n|-damage|p2a: Slowking|88\/100 par|[from] Leech Seed|[of] p1a: Calyrex\n|-heal|p1a: Calyrex|100\/100|[silent]\n|upkeep\n|turn|15\n|\n|t:|1699983857\n|switch|p1a: Tornadus|Tornadus-Therian, M|67\/100\n|move|p2a: Slowking|Chilly Reception|p2a: Slowking\n|-weather|Snow\n|\n|t:|1699983860\n|switch|p2a: Medicham|Medicham, F|65\/100|[from] Chilly Reception\n|\n|-weather|Snow|[upkeep]\n|upkeep\n|turn|16\n|\n|t:|1699983865\n|move|p2a: Medicham|Thunder Punch|p1a: Tornadus\n|-supereffective|p1a: Tornadus\n|-damage|p1a: Tornadus|14\/100\n|move|p1a: Tornadus|Metronome|p1a: Tornadus\n|move|p1a: Tornadus|Poison Fang|p2a: Medicham|[from]move: Metronome\n|-damage|p2a: Medicham|46\/100\n|\n|-weather|Snow|[upkeep]\n|upkeep\n|turn|17\n|inactive|Dragon Master Rosa has 270 seconds left.\n|\n|t:|1699983874\n|switch|p2a: Toedscruel|Toedscruel, F|100\/100\n|switch|p1a: Ursaluna|Ursaluna, F|100\/100\n|-damage|p1a: Ursaluna|88\/100|[from] Spikes\n|\n|-weather|Snow|[upkeep]\n|-status|p1a: Ursaluna|brn|[from] item: Flame Orb\n|upkeep\n|turn|18\n|\n|t:|1699983878\n|move|p1a: Ursaluna|Metronome|p1a: Ursaluna\n|move|p1a: Ursaluna|Low Kick|p2a: Toedscruel|[from]move: Metronome\n|-damage|p2a: Toedscruel|32\/100\n|move|p2a: Toedscruel|Leech Seed|p1a: Ursaluna\n|-start|p1a: Ursaluna|move: Leech Seed\n|\n|-weather|Snow|[upkeep]\n|-heal|p2a: Toedscruel|38\/100|[from] item: Leftovers\n|-damage|p1a: Ursaluna|76\/100 brn|[from] Leech Seed|[of] p2a: Toedscruel\n|-heal|p2a: Toedscruel|52\/100|[silent]\n|-damage|p1a: Ursaluna|69\/100 brn|[from] brn\n|upkeep\n|turn|19\n|\n|t:|1699983889\n|switch|p2a: Medicham|Medicham, F|46\/100\n|move|p1a: Ursaluna|Metronome|p1a: Ursaluna\n|move|p1a: Ursaluna|Attract|p2a: Medicham|[from]move: Metronome\n|-immune|p2a: Medicham\n|\n|-weather|none\n|-damage|p1a: Ursaluna|57\/100 brn|[from] Leech Seed|[of] p2a: Medicham\n|-heal|p2a: Medicham|66\/100|[silent]\n|-damage|p1a: Ursaluna|51\/100 brn|[from] brn\n|upkeep\n|turn|20\n|c|\u2606Profesor Turo|homophobic\n|\n|t:|1699983902\n|move|p1a: Ursaluna|Protect|p1a: Ursaluna\n|-singleturn|p1a: Ursaluna|Protect\n|move|p2a: Medicham|Ice Punch|p1a: Ursaluna\n|-activate|p1a: Ursaluna|move: Protect\n|\n|-damage|p1a: Ursaluna|38\/100 brn|[from] Leech Seed|[of] p2a: Medicham\n|-heal|p2a: Medicham|85\/100|[silent]\n|-damage|p1a: Ursaluna|32\/100 brn|[from] brn\n|upkeep\n|turn|21\n|\n|t:|1699983905\n|switch|p2a: Toedscruel|Toedscruel, F|52\/100\n|switch|p1a: Weavile|Weavile, F|100\/100\n|-damage|p1a: Weavile|88\/100|[from] Spikes\n|\n|-heal|p2a: Toedscruel|58\/100|[from] item: Leftovers\n|upkeep\n|turn|22\n|\n|t:|1699983912\n|switch|p2a: Slowking|Slowking-Galar, L99, M|100\/100 par\n|move|p1a: Weavile|Swords Dance|p1a: Weavile\n|-boost|p1a: Weavile|atk|2\n|\n|upkeep\n|turn|23\n|\n|t:|1699983915\n|move|p1a: Weavile|Taunt|p2a: Slowking\n|-start|p2a: Slowking|move: Taunt\n|cant|p2a: Slowking|move: Taunt|Toxic\n|\n|upkeep\n|turn|24\n|\n|t:|1699983919\n|move|p1a: Weavile|Metronome|p1a: Weavile\n|move|p1a: Weavile|Tar Shot|p2a: Slowking|[from]move: Metronome\n|-unboost|p2a: Slowking|spe|1\n|-start|p2a: Slowking|Tar Shot\n|move|p2a: Slowking|Foul Play|p1a: Weavile\n|-resisted|p1a: Weavile\n|-damage|p1a: Weavile|33\/100\n|\n|upkeep\n|turn|25\n|\n|t:|1699983923\n|move|p1a: Weavile|Metronome|p1a: Weavile\n|move|p1a: Weavile|Waterfall|p2a: Slowking|[from]move: Metronome\n|-damage|p2a: Slowking|62\/100 par\n|cant|p2a: Slowking|flinch\n|\n|-end|p2a: Slowking|move: Taunt\n|upkeep\n|turn|26\n|\n|t:|1699983927\n|move|p1a: Weavile|Metronome|p1a: Weavile\n|move|p1a: Weavile|Surf|p2a: Slowking|[from]move: Metronome\n|-damage|p2a: Slowking|53\/100 par\n|move|p2a: Slowking|Foul Play|p1a: Weavile\n|-resisted|p1a: Weavile\n|-damage|p1a: Weavile|0 fnt\n|faint|p1a: Weavile\n|\n|upkeep\n|\n|t:|1699983934\n|switch|p1a: Tornadus|Tornadus-Therian, M|47\/100\n|turn|27\n|\n|t:|1699983939\n|switch|p2a: Medicham|Medicham, F|85\/100\n|move|p1a: Tornadus|U-turn|p2a: Medicham\n|-damage|p2a: Medicham|59\/100\n|\n|t:|1699983944\n|switch|p1a: Calyrex|Calyrex-Ice|100\/100|[from] U-turn\n|-ability|p1a: Calyrex|As One\n|-ability|p1a: Calyrex|Unnerve\n|-damage|p1a: Calyrex|88\/100|[from] Spikes\n|\n|-heal|p1a: Calyrex|94\/100|[from] item: Leftovers\n|upkeep\n|turn|28\n|\n|t:|1699983951\n|move|p2a: Medicham|Close Combat|p1a: Calyrex\n|-crit|p1a: Calyrex\n|-damage|p1a: Calyrex|29\/100\n|-unboost|p2a: Medicham|def|1\n|-unboost|p2a: Medicham|spd|1\n|move|p1a: Calyrex|Metronome|p1a: Calyrex\n|move|p1a: Calyrex|Glare|p2a: Medicham|[from]move: Metronome\n|-status|p2a: Medicham|par\n|\n|-heal|p1a: Calyrex|36\/100|[from] item: Leftovers\n|upkeep\n|turn|29\n|\n|t:|1699983958\n|switch|p1a: Tornadus|Tornadus-Therian, M|81\/100\n|cant|p2a: Medicham|par\n|\n|upkeep\n|turn|30\n|\n|t:|1699983965\n|switch|p2a: Sinistcha|Sinistcha|100\/100\n|move|p1a: Tornadus|Nasty Plot|p1a: Tornadus\n|-boost|p1a: Tornadus|spa|2\n|\n|upkeep\n|turn|31\n|\n|t:|1699983973\n|move|p1a: Tornadus|Metronome|p1a: Tornadus\n|move|p1a: Tornadus|Cotton Guard|p1a: Tornadus|[from]move: Metronome\n|-boost|p1a: Tornadus|def|3\n|move|p2a: Sinistcha|Foul Play|p1a: Tornadus\n|-damage|p1a: Tornadus|74\/100\n|\n|upkeep\n|turn|32\n|\n|t:|1699983984\n|move|p1a: Tornadus|Metronome|p1a: Tornadus\n|move|p1a: Tornadus|Mach Punch|p2a: Sinistcha|[from]move: Metronome\n|-immune|p2a: Sinistcha\n|move|p2a: Sinistcha|Memento|p1a: Tornadus\n|-unboost|p1a: Tornadus|atk|2\n|-unboost|p1a: Tornadus|spa|2\n|faint|p2a: Sinistcha\n|\n|upkeep\n|\n|t:|1699983988\n|switch|p2a: Toedscruel|Toedscruel, F|58\/100\n|turn|33\n|\n|t:|1699983993\n|move|p1a: Tornadus|Taunt|p2a: Toedscruel\n|-start|p2a: Toedscruel|move: Taunt\n|cant|p2a: Toedscruel|move: Taunt|Leech Seed\n|\n|-heal|p2a: Toedscruel|64\/100|[from] item: Leftovers\n|upkeep\n|turn|34\n|\n|t:|1699983996\n|move|p1a: Tornadus|Metronome|p1a: Tornadus\n|move|p1a: Tornadus|Entrainment|p2a: Toedscruel|[from]move: Metronome\n|-endability|p2a: Toedscruel|Mycelium Might|[from] move: Entrainment\n|-ability|p2a: Toedscruel|Regenerator|[from] move: Entrainment\n|move|p2a: Toedscruel|Knock Off|p1a: Tornadus\n|-damage|p1a: Tornadus|68\/100\n|-enditem|p1a: Tornadus|Heavy-Duty Boots|[from] move: Knock Off|[of] p2a: Toedscruel\n|\n|-heal|p2a: Toedscruel|70\/100|[from] item: Leftovers\n|upkeep\n|turn|35\n|c|\u2606Dragon Master Rosa|oh hell yeah\n|\n|t:|1699984009\n|move|p1a: Tornadus|Metronome|p1a: Tornadus\n|move|p1a: Tornadus|Avalanche|p2a: Toedscruel|[from]move: Metronome\n|-supereffective|p2a: Toedscruel\n|-damage|p2a: Toedscruel|37\/100\n|move|p2a: Toedscruel|Rapid Spin|p1a: Tornadus\n|-damage|p1a: Tornadus|65\/100\n|-boost|p2a: Toedscruel|spe|1\n|\n|-heal|p2a: Toedscruel|43\/100|[from] item: Leftovers\n|-end|p2a: Toedscruel|move: Taunt\n|upkeep\n|turn|36\n|c|\u2606Profesor Turo|rigged\n|\n|t:|1699984014\n|switch|p2a: Slowking|Slowking-Galar, L99, M|87\/100 par\n|move|p1a: Tornadus|Taunt|p2a: Slowking\n|-start|p2a: Slowking|move: Taunt\n|\n|upkeep\n|turn|37\n|\n|t:|1699984017\n|move|p1a: Tornadus|Metronome|p1a: Tornadus\n|move|p1a: Tornadus|Shock Wave|p2a: Slowking|[from]move: Metronome\n|-damage|p2a: Slowking|74\/100 par\n|move|p2a: Slowking|Foul Play|p1a: Tornadus\n|-damage|p1a: Tornadus|62\/100\n|\n|upkeep\n|turn|38\n|\n|t:|1699984023\n|switch|p2a: Medicham|Medicham, F|59\/100 par\n|move|p1a: Tornadus|Nasty Plot|p1a: Tornadus\n|-boost|p1a: Tornadus|spa|2\n|\n|upkeep\n|turn|39\n|\n|t:|1699984028\n|move|p1a: Tornadus|Metronome|p1a: Tornadus\n|move|p1a: Tornadus|Twister|p2a: Medicham|[from]move: Metronome\n|-damage|p2a: Medicham|25\/100 par\n|cant|p2a: Medicham|par\n|\n|upkeep\n|turn|40\n|\n|t:|1699984033\n|move|p1a: Tornadus|Metronome|p1a: Tornadus\n|move|p1a: Tornadus|Low Kick|p2a: Medicham|[from]move: Metronome\n|-resisted|p2a: Medicham\n|-damage|p2a: Medicham|20\/100 par\n|cant|p2a: Medicham|par\n|\n|upkeep\n|turn|41\n|\n|t:|1699984038\n|move|p1a: Tornadus|Metronome|p1a: Tornadus\n|move|p1a: Tornadus|Ice Hammer|p2a: Medicham|[from]move: Metronome\n|-damage|p2a: Medicham|2\/100 par\n|-unboost|p1a: Tornadus|spe|1\n|move|p2a: Medicham|Ice Punch|p1a: Tornadus\n|-supereffective|p1a: Tornadus\n|-damage|p1a: Tornadus|42\/100\n|\n|upkeep\n|turn|42\n|\n|t:|1699984043\n|move|p2a: Medicham|Ice Punch|p1a: Tornadus\n|-supereffective|p1a: Tornadus\n|-damage|p1a: Tornadus|21\/100\n|-status|p1a: Tornadus|frz\n|-curestatus|p1a: Tornadus|frz|[msg]\n|move|p1a: Tornadus|U-turn|p2a: Medicham\n|-damage|p2a: Medicham|0 fnt\n|faint|p2a: Medicham\n|\n|t:|1699984047\n|switch|p1a: Dragonite|Dragonite, M|100\/100|[from] U-turn\n|\n|upkeep\n|\n|t:|1699984051\n|switch|p2a: Empoleon|Empoleon, M|100\/100\n|turn|43\n|\n|t:|1699984054\n|move|p1a: Dragonite|Thunder Wave|p2a: Empoleon\n|-status|p2a: Empoleon|par\n|move|p2a: Empoleon|Knock Off|p1a: Dragonite\n|-damage|p1a: Dragonite|90\/100\n|-enditem|p1a: Dragonite|Heavy-Duty Boots|[from] move: Knock Off|[of] p2a: Empoleon\n|\n|upkeep\n|turn|44\n|\n|t:|1699984057\n|move|p1a: Dragonite|Dragon Dance|p1a: Dragonite\n|-boost|p1a: Dragonite|atk|1\n|-boost|p1a: Dragonite|spe|1\n|move|p2a: Empoleon|Stealth Rock|p1a: Dragonite\n|-sidestart|p1: Profesor Turo|move: Stealth Rock\n|\n|upkeep\n|turn|45\n|\n|t:|1699984061\n|move|p1a: Dragonite|Metronome|p1a: Dragonite\n|move|p1a: Dragonite|Ice Shard|p2a: Empoleon|[from]move: Metronome\n|-resisted|p2a: Empoleon\n|-damage|p2a: Empoleon|95\/100 par\n|move|p2a: Empoleon|Flip Turn|p1a: Dragonite\n|-resisted|p1a: Dragonite\n|-damage|p1a: Dragonite|81\/100\n|\n|t:|1699984065\n|switch|p2a: Slowking|Slowking-Galar, L99, M|100\/100 par|[from] Flip Turn\n|\n|upkeep\n|turn|46\n|\n|t:|1699984077\n|move|p1a: Dragonite|Metronome|p1a: Dragonite\n|move|p1a: Dragonite|Low Sweep|p2a: Slowking|[from]move: Metronome\n|-resisted|p2a: Slowking\n|-crit|p2a: Slowking\n|-damage|p2a: Slowking|90\/100 par\n|-unboost|p2a: Slowking|spe|1\n|move|p2a: Slowking|Toxic|p1a: Dragonite\n|-status|p1a: Dragonite|tox\n|\n|-damage|p1a: Dragonite|75\/100 tox|[from] psn\n|upkeep\n|turn|47\n|\n|t:|1699984082\n|move|p1a: Dragonite|Metronome|p1a: Dragonite\n|move|p1a: Dragonite|Guard Swap|p2a: Slowking|[from]move: Metronome\n|-swapboost|p1a: Dragonite|p2a: Slowking|def, spd|[from] move: Guard Swap\n|move|p2a: Slowking|Foul Play|p1a: Dragonite\n|-damage|p1a: Dragonite|11\/100 tox\n|\n|-damage|p1a: Dragonite|0 fnt|[from] psn\n|faint|p1a: Dragonite\n|upkeep\n|\n|t:|1699984099\n|switch|p1a: Tornadus|Tornadus-Therian, M|54\/100\n|-damage|p1a: Tornadus|30\/100|[from] Stealth Rock\n|turn|48\n|\n|t:|1699984103\n|switch|p2a: Empoleon|Empoleon, M|95\/100 par\n|move|p1a: Tornadus|Taunt|p2a: Empoleon\n|-start|p2a: Empoleon|move: Taunt\n|\n|upkeep\n|turn|49\n|\n|t:|1699984107\n|move|p1a: Tornadus|U-turn|p2a: Empoleon\n|-resisted|p2a: Empoleon\n|-damage|p2a: Empoleon|88\/100 par\n|\n|t:|1699984109\n|switch|p1a: Ursaluna|Ursaluna, F|32\/100 brn|[from] U-turn\n|-damage|p1a: Ursaluna|19\/100 brn|[from] Spikes\n|-damage|p1a: Ursaluna|13\/100 brn|[from] Stealth Rock\n|cant|p2a: Empoleon|par\n|\n|-damage|p1a: Ursaluna|7\/100 brn|[from] brn\n|upkeep\n|turn|50\n|\n|t:|1699984115\n|move|p1a: Ursaluna|Metronome|p1a: Ursaluna\n|move|p1a: Ursaluna|Bullet Seed|p2a: Empoleon|[from]move: Metronome\n|-damage|p2a: Empoleon|72\/100 par\n|-damage|p2a: Empoleon|57\/100 par\n|-damage|p2a: Empoleon|42\/100 par\n|-damage|p2a: Empoleon|27\/100 par\n|-hitcount|p2a: Empoleon|4\n|move|p2a: Empoleon|Flip Turn|p1a: Ursaluna\n|-supereffective|p1a: Ursaluna\n|-damage|p1a: Ursaluna|0 fnt\n|faint|p1a: Ursaluna\n|\n|t:|1699984120\n|switch|p2a: Slowking|Slowking-Galar, L99, M|100\/100 par|[from] Flip Turn\n|\n|upkeep\n|\n|t:|1699984124\n|switch|p1a: Tornadus|Tornadus-Therian, M|63\/100\n|-damage|p1a: Tornadus|38\/100|[from] Stealth Rock\n|turn|51\n|\n|t:|1699984129\n|move|p1a: Tornadus|Nasty Plot|p1a: Tornadus\n|-boost|p1a: Tornadus|spa|2\n|move|p2a: Slowking|Foul Play|p1a: Tornadus\n|-damage|p1a: Tornadus|22\/100\n|\n|upkeep\n|turn|52\n|\n|t:|1699984132\n|move|p1a: Tornadus|Metronome|p1a: Tornadus\n|move|p1a: Tornadus|Meteor Mash|p2a: Slowking|[from]move: Metronome\n|-damage|p2a: Slowking|87\/100 par\n|move|p2a: Slowking|Foul Play|p1a: Tornadus\n|-damage|p1a: Tornadus|8\/100\n|\n|upkeep\n|turn|53\n|\n|t:|1699984136\n|move|p1a: Tornadus|Metronome|p1a: Tornadus\n|move|p1a: Tornadus|Mystical Power|p2a: Slowking|[from]move: Metronome\n|-damage|p2a: Slowking|61\/100 par\n|-boost|p1a: Tornadus|spa|1\n|move|p2a: Slowking|Foul Play|p1a: Tornadus\n|-damage|p1a: Tornadus|0 fnt\n|faint|p1a: Tornadus\n|\n|upkeep\n|\n|t:|1699984140\n|switch|p1a: Calyrex|Calyrex-Ice|36\/100\n|-ability|p1a: Calyrex|As One\n|-ability|p1a: Calyrex|Unnerve\n|-damage|p1a: Calyrex|23\/100|[from] Spikes\n|-damage|p1a: Calyrex|0 fnt|[from] Stealth Rock\n|faint|p1a: Calyrex\n|\n|win|Dragon Master Rosa\n|c|\u2606Profesor Turo|Gg wp\n|c|\u2606Dragon Master Rosa|ggwp\n","uploadtime":1699984147,"views":17,"p1id":"profesorturo","p2id":"dragonmasterrosa","formatid":"gen9ubers","rating":0,"private":0,"password":""}