{"id":"gen9ubers-1998766619","p1":"balls in holes","p2":"mummyNSFW","format":"[Gen 9] Ubers","log":"|j|\u2606balls in holes\n|j|\u2606mummyNSFW\n|t:|1700986440\n|gametype|singles\n|player|p1|balls in holes|shadowtriad|1040\n|player|p2|mummyNSFW|cynthia-masters3|1049\n|teamsize|p1|6\n|teamsize|p2|6\n|gen|9\n|tier|[Gen 9] Ubers\n|rated|\n|rule|Sleep Clause Mod: Limit one foe put to sleep\n|rule|Species Clause: Limit one of each Pok\u00e9mon\n|rule|OHKO Clause: OHKO moves are banned\n|rule|Evasion Items Clause: Evasion items are banned\n|rule|Evasion Moves Clause: Evasion moves are banned\n|rule|Endless Battle Clause: Forcing endless battles is banned\n|rule|HP Percentage Mod: HP is shown in percentages\n|clearpoke\n|poke|p1|Hatterene, F|\n|poke|p1|Miraidon|\n|poke|p1|Iron Treads|\n|poke|p1|Toxapex, F|\n|poke|p1|Chien-Pao|\n|poke|p1|Dragonite, F|\n|poke|p2|Snorlax, M|\n|poke|p2|Hatterene, F|\n|poke|p2|Clodsire, M|\n|poke|p2|Ogerpon-Hearthflame, F|\n|poke|p2|Rayquaza|\n|poke|p2|Skeledirge, F|\n|teampreview\n|\n|t:|1700986464\n|start\n|switch|p1a: Iron Treads|Iron Treads|100\/100\n|switch|p2a: Rayquaza|Rayquaza|100\/100\n|-ability|p2a: Rayquaza|Air Lock\n|turn|1\n|\n|t:|1700986477\n|-terastallize|p2a: Rayquaza|Water\n|move|p2a: Rayquaza|Surf|p1a: Iron Treads\n|-supereffective|p1a: Iron Treads\n|-damage|p1a: Iron Treads|0 fnt\n|faint|p1a: Iron Treads\n|-end|p1a: Iron Treads|Quark Drive|[silent]\n|\n|upkeep\n|\n|t:|1700986486\n|switch|p1a: Miraidon|Miraidon|100\/100\n|-fieldstart|move: Electric Terrain|[from] ability: Hadron Engine|[of] p1a: Miraidon\n|turn|2\n|\n|t:|1700986492\n|switch|p2a: Clodsire|Clodsire, M|100\/100\n|move|p1a: Miraidon|Electro Drift|p2a: Clodsire\n|-immune|p2a: Clodsire\n|\n|upkeep\n|turn|3\n|\n|t:|1700986500\n|switch|p1a: Chien-Pao|Chien-Pao|100\/100\n|-ability|p1a: Chien-Pao|Sword of Ruin\n|move|p2a: Clodsire|Earthquake|p1a: Chien-Pao\n|-damage|p1a: Chien-Pao|60\/100\n|\n|upkeep\n|turn|4\n|\n|t:|1700986519\n|switch|p2a: Skeledirge|Skeledirge, F|100\/100\n|-terastallize|p1a: Chien-Pao|Dark\n|move|p1a: Chien-Pao|Crunch|p2a: Skeledirge\n|-supereffective|p2a: Skeledirge\n|-damage|p2a: Skeledirge|0 fnt\n|faint|p2a: Skeledirge\n|\n|upkeep\n|\n|t:|1700986527\n|switch|p2a: Snorlax|Snorlax, M|100\/100\n|turn|5\n|\n|t:|1700986532\n|move|p2a: Snorlax|Endure|p2a: Snorlax\n|-singleturn|p2a: Snorlax|move: Endure\n|move|p1a: Chien-Pao|Crunch|p2a: Snorlax\n|-activate|p2a: Snorlax|move: Endure\n|-damage|p2a: Snorlax|1\/100\n|\n|upkeep\n|turn|6\n|-enditem|p2a: Snorlax|Custap Berry|[eat]\n|-activate|p2a: Snorlax|item: Custap Berry|[consumed]\n|\n|t:|1700986540\n|move|p2a: Snorlax|Double-Edge|p1a: Chien-Pao\n|-damage|p1a: Chien-Pao|0 fnt\n|faint|p1a: Chien-Pao\n|-damage|p2a: Snorlax|0 fnt|[from] Recoil\n|faint|p2a: Snorlax\n|\n|-fieldend|move: Electric Terrain\n|upkeep\n|\n|t:|1700986552\n|switch|p1a: Toxapex|Toxapex, F|100\/100\n|switch|p2a: Clodsire|Clodsire, M|100\/100\n|turn|7\n|\n|t:|1700986561\n|move|p1a: Toxapex|Chilling Water|p2a: Clodsire\n|-immune|p2a: Clodsire|[from] ability: Water Absorb\n|move|p2a: Clodsire|Earthquake|p1a: Toxapex\n|-supereffective|p1a: Toxapex\n|-damage|p1a: Toxapex|70\/100\n|\n|upkeep\n|turn|8\n|\n|t:|1700986571\n|switch|p1a: Hatterene|Hatterene, F|100\/100\n|move|p2a: Clodsire|Earthquake|p1a: Hatterene\n|-damage|p1a: Hatterene|79\/100\n|\n|-heal|p1a: Hatterene|85\/100|[from] item: Leftovers\n|upkeep\n|turn|9\n|\n|t:|1700986579\n|switch|p2a: Hatterene|Hatterene, F|100\/100\n|move|p1a: Hatterene|Calm Mind|p1a: Hatterene\n|-boost|p1a: Hatterene|spa|1\n|-boost|p1a: Hatterene|spd|1\n|\n|-heal|p1a: Hatterene|91\/100|[from] item: Leftovers\n|upkeep\n|turn|10\n|\n|t:|1700986588\n|move|p2a: Hatterene|Trick|p1a: Hatterene\n|-activate|p2a: Hatterene|move: Trick|[of] p1a: Hatterene\n|-item|p1a: Hatterene|Choice Scarf|[from] move: Trick\n|-item|p2a: Hatterene|Leftovers|[from] move: Trick\n|move|p1a: Hatterene|Calm Mind|p1a: Hatterene\n|-boost|p1a: Hatterene|spa|1\n|-boost|p1a: Hatterene|spd|1\n|\n|upkeep\n|turn|11\n|\n|t:|1700986598\n|switch|p1a: Toxapex|Toxapex, F|100\/100\n|move|p2a: Hatterene|Mystical Fire|p1a: Toxapex\n|-resisted|p1a: Toxapex\n|-crit|p1a: Toxapex\n|-damage|p1a: Toxapex|83\/100\n|-unboost|p1a: Toxapex|spa|1\n|\n|upkeep\n|turn|12\n|\n|t:|1700986611\n|switch|p2a: Clodsire|Clodsire, M|100\/100\n|move|p1a: Toxapex|Toxic|p2a: Clodsire\n|-immune|p2a: Clodsire\n|\n|upkeep\n|turn|13\n|\n|t:|1700986625\n|switch|p1a: Dragonite|Dragonite, F|100\/100\n|move|p2a: Clodsire|Earthquake|p1a: Dragonite\n|-immune|p1a: Dragonite\n|\n|upkeep\n|turn|14\n|\n|t:|1700986631\n|move|p1a: Dragonite|Dragon Dance|p1a: Dragonite\n|-boost|p1a: Dragonite|atk|1\n|-boost|p1a: Dragonite|spe|1\n|move|p2a: Clodsire|Yawn|p1a: Dragonite\n|-start|p1a: Dragonite|move: Yawn|[of] p2a: Clodsire\n|\n|upkeep\n|turn|15\n|\n|t:|1700986638\n|move|p1a: Dragonite|Dragon Dance|p1a: Dragonite\n|-boost|p1a: Dragonite|atk|1\n|-boost|p1a: Dragonite|spe|1\n|move|p2a: Clodsire|Haze|p2a: Clodsire\n|-clearallboost\n|\n|-end|p1a: Dragonite|move: Yawn|[silent]\n|-status|p1a: Dragonite|slp\n|upkeep\n|turn|16\n|\n|t:|1700986648\n|switch|p2a: Rayquaza|Rayquaza, tera:Water|100\/100\n|-ability|p2a: Rayquaza|Air Lock\n|cant|p1a: Dragonite|slp\n|\n|upkeep\n|turn|17\n|\n|t:|1700986660\n|switch|p1a: Toxapex|Toxapex, F|100\/100\n|move|p2a: Rayquaza|Dragon Pulse|p1a: Toxapex\n|-damage|p1a: Toxapex|59\/100\n|\n|upkeep\n|turn|18\n|\n|t:|1700986668\n|switch|p2a: Clodsire|Clodsire, M|100\/100\n|move|p1a: Toxapex|Toxic|p2a: Clodsire\n|-immune|p2a: Clodsire\n|\n|upkeep\n|turn|19\n|\n|t:|1700986675\n|move|p1a: Toxapex|Recover|p1a: Toxapex\n|-heal|p1a: Toxapex|100\/100\n|move|p2a: Clodsire|Earthquake|p1a: Toxapex\n|-supereffective|p1a: Toxapex\n|-damage|p1a: Toxapex|70\/100\n|\n|upkeep\n|turn|20\n|\n|t:|1700986683\n|switch|p1a: Dragonite|Dragonite, F|100\/100 slp\n|move|p2a: Clodsire|Earthquake|p1a: Dragonite\n|-immune|p1a: Dragonite\n|\n|upkeep\n|turn|21\n|\n|t:|1700986690\n|switch|p2a: Rayquaza|Rayquaza, tera:Water|100\/100\n|-ability|p2a: Rayquaza|Air Lock\n|cant|p1a: Dragonite|slp\n|\n|upkeep\n|turn|22\n|\n|t:|1700986699\n|switch|p1a: Toxapex|Toxapex, F|100\/100\n|move|p2a: Rayquaza|Earth Power|p1a: Toxapex\n|-supereffective|p1a: Toxapex\n|-damage|p1a: Toxapex|40\/100\n|\n|upkeep\n|turn|23\n|\n|t:|1700986708\n|move|p2a: Rayquaza|Earth Power|p1a: Toxapex\n|-supereffective|p1a: Toxapex\n|-damage|p1a: Toxapex|0 fnt\n|faint|p1a: Toxapex\n|\n|upkeep\n|\n|t:|1700986710\n|switch|p1a: Miraidon|Miraidon|100\/100\n|-fieldstart|move: Electric Terrain|[from] ability: Hadron Engine|[of] p1a: Miraidon\n|turn|24\n|\n|t:|1700986720\n|move|p2a: Rayquaza|Earth Power|p1a: Miraidon\n|-supereffective|p1a: Miraidon\n|-damage|p1a: Miraidon|44\/100\n|move|p1a: Miraidon|Draco Meteor|p2a: Rayquaza|[miss]\n|-miss|p1a: Miraidon|p2a: Rayquaza\n|\n|upkeep\n|turn|25\n|\n|t:|1700986728\n|move|p2a: Rayquaza|Earth Power|p1a: Miraidon\n|-supereffective|p1a: Miraidon\n|-damage|p1a: Miraidon|0 fnt\n|faint|p1a: Miraidon\n|\n|upkeep\n|l|\u2606balls in holes\n|player|p1|\n|j|\u2606balls in holes\n|player|p1|balls in holes|shadowtriad\n|\n|t:|1700986748\n|switch|p1a: Hatterene|Hatterene, F|91\/100\n|turn|26\n|\n|t:|1700986756\n|switch|p2a: Hatterene|Hatterene, F|100\/100\n|move|p1a: Hatterene|Draining Kiss|p2a: Hatterene\n|-damage|p2a: Hatterene|72\/100\n|-heal|p1a: Hatterene|100\/100|[from] drain|[of] p2a: Hatterene\n|\n|-heal|p2a: Hatterene|78\/100|[from] item: Leftovers\n|upkeep\n|turn|27\n|\n|t:|1700986767\n|move|p1a: Hatterene|Draining Kiss|p2a: Hatterene\n|-damage|p2a: Hatterene|49\/100\n|move|p2a: Hatterene|Nuzzle|p1a: Hatterene\n|-damage|p1a: Hatterene|96\/100\n|-status|p1a: Hatterene|par\n|\n|-heal|p2a: Hatterene|56\/100|[from] item: Leftovers\n|upkeep\n|turn|28\n|-message|balls in holes forfeited.\n|\n|win|mummyNSFW\n|raw|balls in holes's rating: 1040 &rarr; <strong>1024<\/strong><br \/>(-16 for losing)\n|raw|mummyNSFW's rating: 1049 &rarr; <strong>1081<\/strong><br \/>(+32 for winning)\n|l|\u2606balls in holes\n","uploadtime":1700986779,"views":16,"p1id":"ballsinholes","p2id":"mummynsfw","formatid":"gen9ubers","rating":1024,"private":0,"password":""}