{"id":"gen9ubers-1973890697","p1":"BlinkPlaysVGC","p2":"Kaen Daiko","format":"[Gen 9] Ubers","log":"|j|\u2606BlinkPlaysVGC\n|j|\u2606Kaen Daiko\n|t:|1698024887\n|gametype|singles\n|player|p1|BlinkPlaysVGC|ghetsis|\n|player|p2|Kaen Daiko|alder|\n|teamsize|p1|6\n|teamsize|p2|6\n|gen|9\n|tier|[Gen 9] Ubers\n|rated|Tournament battle\n|rule|Sleep Clause Mod: Limit one foe put to sleep\n|rule|Species Clause: Limit one of each Pok\u00e9mon\n|rule|OHKO Clause: OHKO moves are banned\n|rule|Evasion Items Clause: Evasion items are banned\n|rule|Evasion Moves Clause: Evasion moves are banned\n|rule|Endless Battle Clause: Forcing endless battles is banned\n|rule|HP Percentage Mod: HP is shown in percentages\n|clearpoke\n|poke|p1|Arceus|\n|poke|p1|Koraidon|\n|poke|p1|Zacian-*|\n|poke|p1|Miraidon|\n|poke|p1|Landorus-Therian, M|\n|poke|p1|Ting-Lu|\n|poke|p2|Kyogre|\n|poke|p2|Flutter Mane|\n|poke|p2|Toxapex, M|\n|poke|p2|Koraidon|\n|poke|p2|Groudon|\n|poke|p2|Zacian-*|\n|teampreview\n|c|\u2606Kaen Daiko|gl hf\n|c|\u2606BlinkPlaysVGC|thx\n|\n|t:|1698024911\n|start\n|switch|p1a: Landorus|Landorus-Therian, M|100\/100\n|switch|p2a: Groudon|Groudon|100\/100\n|-weather|SunnyDay|[from] ability: Drought|[of] p2a: Groudon\n|-ability|p1a: Landorus|Intimidate|boost\n|-unboost|p2a: Groudon|atk|1\n|turn|1\n|\n|t:|1698024926\n|move|p2a: Groudon|Will-O-Wisp|p1a: Landorus\n|-status|p1a: Landorus|brn\n|move|p1a: Landorus|Taunt|p2a: Groudon\n|-start|p2a: Groudon|move: Taunt\n|\n|-weather|SunnyDay|[upkeep]\n|-damage|p1a: Landorus|94\/100 brn|[from] brn\n|upkeep\n|turn|2\n|\n|t:|1698024934\n|switch|p2a: Toxapex|Toxapex, M|100\/100\n|move|p1a: Landorus|Stealth Rock|p2a: Toxapex\n|-sidestart|p2: Kaen Daiko|move: Stealth Rock\n|\n|-weather|SunnyDay|[upkeep]\n|-damage|p1a: Landorus|88\/100 brn|[from] brn\n|upkeep\n|turn|3\n|\n|t:|1698024940\n|move|p1a: Landorus|Taunt|p2a: Toxapex\n|-start|p2a: Toxapex|move: Taunt\n|-enditem|p2a: Toxapex|Mental Herb\n|-end|p2a: Toxapex|move: Taunt\n|move|p2a: Toxapex|Infestation|p1a: Landorus\n|-resisted|p1a: Landorus\n|-damage|p1a: Landorus|87\/100 brn\n|-activate|p1a: Landorus|move: Infestation|[of] p2a: Toxapex\n|-damage|p2a: Toxapex|84\/100|[from] item: Rocky Helmet|[of] p1a: Landorus\n|\n|-weather|SunnyDay|[upkeep]\n|-damage|p1a: Landorus|81\/100 brn|[from] brn\n|-damage|p1a: Landorus|68\/100 brn|[from] move: Infestation|[partiallytrapped]\n|upkeep\n|turn|4\n|\n|t:|1698024958\n|move|p1a: Landorus|U-turn|p2a: Toxapex\n|-resisted|p2a: Toxapex\n|-damage|p2a: Toxapex|81\/100\n|\n|t:|1698024962\n|switch|p1a: Ting-Lu|Ting-Lu|100\/100|[from] U-turn\n|-ability|p1a: Ting-Lu|Vessel of Ruin\n|move|p2a: Toxapex|Toxic Spikes|p1a: Ting-Lu\n|-sidestart|p1: BlinkPlaysVGC|move: Toxic Spikes\n|\n|-weather|SunnyDay|[upkeep]\n|upkeep\n|turn|5\n|\n|t:|1698024972\n|switch|p2a: Groudon|Groudon|100\/100\n|-damage|p2a: Groudon|94\/100|[from] Stealth Rock\n|move|p1a: Ting-Lu|Spikes|p2a: Groudon\n|-sidestart|p2: Kaen Daiko|Spikes\n|\n|-weather|none\n|upkeep\n|turn|6\n|\n|t:|1698024985\n|-terastallize|p1a: Ting-Lu|Poison\n|move|p2a: Groudon|Spikes|p1a: Ting-Lu\n|-sidestart|p1: BlinkPlaysVGC|Spikes\n|move|p1a: Ting-Lu|Whirlwind|p2a: Groudon\n|drag|p2a: Kyogre|Kyogre|100\/100\n|-damage|p2a: Kyogre|88\/100|[from] Stealth Rock\n|-damage|p2a: Kyogre|76\/100|[from] Spikes\n|-weather|RainDance|[from] ability: Drizzle|[of] p2a: Kyogre\n|\n|-weather|RainDance|[upkeep]\n|upkeep\n|turn|7\n|\n|t:|1698025013\n|switch|p2a: Groudon|Groudon|94\/100\n|-damage|p2a: Groudon|88\/100|[from] Stealth Rock\n|-damage|p2a: Groudon|76\/100|[from] Spikes\n|-weather|SunnyDay|[from] ability: Drought|[of] p2a: Groudon\n|switch|p1a: Landorus|Landorus-Therian, M|68\/100 brn\n|-ability|p1a: Landorus|Intimidate|boost\n|-unboost|p2a: Groudon|atk|1\n|\n|-weather|SunnyDay|[upkeep]\n|-damage|p1a: Landorus|62\/100 brn|[from] brn\n|upkeep\n|turn|8\n|\n|t:|1698025030\n|move|p2a: Groudon|Spikes|p1a: Landorus\n|-sidestart|p1: BlinkPlaysVGC|Spikes\n|move|p1a: Landorus|U-turn|p2a: Groudon\n|-damage|p2a: Groudon|70\/100\n|-damage|p1a: Landorus|46\/100 brn|[from] item: Rocky Helmet|[of] p2a: Groudon\n|\n|t:|1698025037\n|switch|p1a: Ting-Lu|Ting-Lu, tera:Poison|100\/100|[from] U-turn\n|-sideend|p1: BlinkPlaysVGC|move: Toxic Spikes|[of] p1a: Ting-Lu\n|-damage|p1a: Ting-Lu|84\/100|[from] Spikes\n|-ability|p1a: Ting-Lu|Vessel of Ruin\n|\n|-weather|SunnyDay|[upkeep]\n|-heal|p1a: Ting-Lu|90\/100|[from] item: Leftovers\n|upkeep\n|turn|9\n|\n|t:|1698025047\n|switch|p1a: Landorus|Landorus-Therian, M|46\/100 brn\n|-ability|p1a: Landorus|Intimidate|boost\n|-unboost|p2a: Groudon|atk|1\n|move|p2a: Groudon|Precipice Blades|p1a: Landorus\n|-immune|p1a: Landorus\n|\n|-weather|SunnyDay|[upkeep]\n|-damage|p1a: Landorus|40\/100 brn|[from] brn\n|upkeep\n|turn|10\n|\n|t:|1698025060\n|move|p2a: Groudon|Spikes|p1a: Landorus\n|-sidestart|p1: BlinkPlaysVGC|Spikes\n|move|p1a: Landorus|Earthquake|p2a: Groudon\n|-crit|p2a: Groudon\n|-damage|p2a: Groudon|51\/100\n|\n|-weather|SunnyDay|[upkeep]\n|-damage|p1a: Landorus|34\/100 brn|[from] brn\n|upkeep\n|turn|11\n|\n|t:|1698025067\n|move|p1a: Landorus|Earthquake|p2a: Groudon\n|-damage|p2a: Groudon|39\/100\n|move|p2a: Groudon|Roar|p1a: Landorus\n|drag|p1a: Arceus|Arceus|100\/100\n|-damage|p1a: Arceus|75\/100|[from] Spikes\n|\n|-weather|none\n|-heal|p1a: Arceus|82\/100|[from] item: Leftovers\n|upkeep\n|turn|12\n|\n|t:|1698025076\n|move|p1a: Arceus|Swords Dance|p1a: Arceus\n|-boost|p1a: Arceus|atk|2\n|move|p2a: Groudon|Roar|p1a: Arceus\n|drag|p1a: Zacian|Zacian-Crowned, shiny|100\/100\n|-damage|p1a: Zacian|76\/100|[from] Spikes\n|-ability|p1a: Zacian|Intrepid Sword|boost\n|-boost|p1a: Zacian|atk|1\n|\n|upkeep\n|turn|13\n|\n|t:|1698025086\n|move|p1a: Zacian|Behemoth Blade|p2a: Groudon\n|-crit|p2a: Groudon\n|-damage|p2a: Groudon|0 fnt\n|-damage|p1a: Zacian|59\/100|[from] item: Rocky Helmet|[of] p2a: Groudon\n|faint|p2a: Groudon\n|\n|upkeep\n|\n|t:|1698025095\n|switch|p2a: Koraidon|Koraidon|100\/100\n|-damage|p2a: Koraidon|94\/100|[from] Stealth Rock\n|-damage|p2a: Koraidon|82\/100|[from] Spikes\n|-weather|SunnyDay|[from] ability: Orichalcum Pulse|[of] p2a: Koraidon\n|-activate|p2a: Koraidon|Orichalcum Pulse|[source]\n|turn|14\n|\n|t:|1698025114\n|switch|p1a: Ting-Lu|Ting-Lu, tera:Poison|90\/100\n|-damage|p1a: Ting-Lu|65\/100|[from] Spikes\n|-ability|p1a: Ting-Lu|Vessel of Ruin\n|move|p2a: Koraidon|Flare Blitz|p1a: Ting-Lu\n|-damage|p1a: Ting-Lu|19\/100\n|-damage|p2a: Koraidon|59\/100|[from] Recoil\n|\n|-weather|SunnyDay|[upkeep]\n|-heal|p1a: Ting-Lu|25\/100|[from] item: Leftovers\n|upkeep\n|turn|15\n|\n|t:|1698025124\n|move|p2a: Koraidon|Flare Blitz|p1a: Ting-Lu\n|-damage|p1a: Ting-Lu|0 fnt\n|faint|p1a: Ting-Lu\n|-damage|p2a: Koraidon|47\/100|[from] Recoil\n|\n|-weather|SunnyDay|[upkeep]\n|upkeep\n|\n|t:|1698025131\n|switch|p1a: Landorus|Landorus-Therian, M|34\/100 brn\n|-ability|p1a: Landorus|Intimidate|boost\n|-unboost|p2a: Koraidon|atk|1\n|turn|16\n|\n|t:|1698025138\n|move|p2a: Koraidon|Flare Blitz|p1a: Landorus\n|-damage|p1a: Landorus|0 fnt\n|-damage|p2a: Koraidon|30\/100|[from] item: Rocky Helmet|[of] p1a: Landorus\n|faint|p1a: Landorus\n|-damage|p2a: Koraidon|18\/100|[from] Recoil\n|\n|-weather|SunnyDay|[upkeep]\n|upkeep\n|\n|t:|1698025146\n|switch|p1a: Arceus|Arceus|82\/100\n|-damage|p1a: Arceus|57\/100|[from] Spikes\n|turn|17\n|\n|t:|1698025159\n|move|p1a: Arceus|Extreme Speed|p2a: Koraidon\n|-damage|p2a: Koraidon|0 fnt\n|faint|p2a: Koraidon\n|\n|-weather|SunnyDay|[upkeep]\n|-heal|p1a: Arceus|63\/100|[from] item: Leftovers\n|upkeep\n|\n|t:|1698025166\n|switch|p2a: Flutter Mane|Flutter Mane|100\/100\n|-activate|p2a: Flutter Mane|ability: Protosynthesis\n|-start|p2a: Flutter Mane|protosynthesisspe\n|turn|18\n|\n|t:|1698025180\n|switch|p1a: Zacian|Zacian-Crowned, shiny|59\/100\n|-damage|p1a: Zacian|34\/100|[from] Spikes\n|move|p2a: Flutter Mane|Moonblast|p1a: Zacian\n|-resisted|p1a: Zacian\n|-damage|p1a: Zacian|11\/100\n|\n|-weather|none\n|-end|p2a: Flutter Mane|Protosynthesis\n|upkeep\n|turn|19\n|\n|t:|1698025226\n|-end|p2a: Flutter Mane|Protosynthesis|[silent]\n|switch|p2a: Toxapex|Toxapex, M|100\/100\n|-damage|p2a: Toxapex|88\/100|[from] Stealth Rock\n|-damage|p2a: Toxapex|76\/100|[from] Spikes\n|move|p1a: Zacian|Behemoth Blade|p2a: Toxapex\n|-resisted|p2a: Toxapex\n|-crit|p2a: Toxapex\n|-damage|p2a: Toxapex|48\/100\n|\n|upkeep\n|turn|20\n|inactive|Battle timer is ON: inactive players will automatically lose when time's up. (requested by Kaen Daiko)\n|\n|t:|1698025268\n|move|p1a: Zacian|Crunch|p2a: Toxapex\n|-damage|p2a: Toxapex|31\/100\n|move|p2a: Toxapex|Recover|p2a: Toxapex\n|-heal|p2a: Toxapex|81\/100\n|\n|upkeep\n|turn|21\n|\n|t:|1698025276\n|move|p1a: Zacian|Swords Dance|p1a: Zacian\n|-boost|p1a: Zacian|atk|2\n|move|p2a: Toxapex|Toxic Spikes|p1a: Zacian\n|-sidestart|p1: BlinkPlaysVGC|move: Toxic Spikes\n|\n|upkeep\n|turn|22\n|\n|t:|1698025282\n|move|p1a: Zacian|Crunch|p2a: Toxapex\n|-damage|p2a: Toxapex|40\/100\n|move|p2a: Toxapex|Haze|p2a: Toxapex\n|-clearallboost\n|\n|upkeep\n|turn|23\n|\n|t:|1698025289\n|move|p1a: Zacian|Crunch|p2a: Toxapex\n|-crit|p2a: Toxapex\n|-damage|p2a: Toxapex|11\/100\n|-unboost|p2a: Toxapex|def|1\n|move|p2a: Toxapex|Recover|p2a: Toxapex\n|-heal|p2a: Toxapex|62\/100\n|\n|upkeep\n|turn|24\n|\n|t:|1698025296\n|move|p1a: Zacian|Crunch|p2a: Toxapex\n|-damage|p2a: Toxapex|33\/100\n|move|p2a: Toxapex|Infestation|p1a: Zacian\n|-resisted|p1a: Zacian\n|-damage|p1a: Zacian|10\/100\n|-activate|p1a: Zacian|move: Infestation|[of] p2a: Toxapex\n|\n|-damage|p1a: Zacian|0 fnt|[from] move: Infestation|[partiallytrapped]\n|faint|p1a: Zacian\n|upkeep\n|\n|t:|1698025305\n|switch|p1a: Arceus|Arceus|63\/100\n|-damage|p1a: Arceus|38\/100|[from] Spikes\n|-status|p1a: Arceus|psn\n|turn|25\n|\n|t:|1698025311\n|move|p1a: Arceus|Shadow Claw|p2a: Toxapex\n|-damage|p2a: Toxapex|9\/100\n|move|p2a: Toxapex|Recover|p2a: Toxapex\n|-heal|p2a: Toxapex|60\/100\n|\n|-heal|p1a: Arceus|44\/100 psn|[from] item: Leftovers\n|-damage|p1a: Arceus|31\/100 psn|[from] psn\n|upkeep\n|turn|26\n|\n|t:|1698025319\n|move|p1a: Arceus|Taunt|p2a: Toxapex\n|-start|p2a: Toxapex|move: Taunt\n|cant|p2a: Toxapex|move: Taunt|Recover\n|\n|-heal|p1a: Arceus|37\/100 psn|[from] item: Leftovers\n|-damage|p1a: Arceus|25\/100 psn|[from] psn\n|upkeep\n|turn|27\n|\n|t:|1698025329\n|move|p1a: Arceus|Swords Dance|p1a: Arceus\n|-boost|p1a: Arceus|atk|2\n|move|p2a: Toxapex|Infestation|p1a: Arceus\n|-damage|p1a: Arceus|23\/100 psn\n|-activate|p1a: Arceus|move: Infestation|[of] p2a: Toxapex\n|\n|-heal|p1a: Arceus|29\/100 psn|[from] item: Leftovers\n|-damage|p1a: Arceus|17\/100 psn|[from] psn\n|-damage|p1a: Arceus|4\/100 psn|[from] move: Infestation|[partiallytrapped]\n|upkeep\n|turn|28\n|\n|t:|1698025340\n|move|p1a: Arceus|Shadow Claw|p2a: Toxapex\n|-damage|p2a: Toxapex|17\/100\n|move|p2a: Toxapex|Infestation|p1a: Arceus\n|-damage|p1a: Arceus|2\/100 psn\n|\n|-heal|p1a: Arceus|8\/100 psn|[from] item: Leftovers\n|-damage|p1a: Arceus|0 fnt|[from] psn\n|faint|p1a: Arceus\n|-end|p2a: Toxapex|move: Taunt\n|upkeep\n|\n|t:|1698025351\n|switch|p1a: Miraidon|Miraidon|100\/100\n|-damage|p1a: Miraidon|76\/100|[from] Spikes\n|-status|p1a: Miraidon|psn\n|-fieldstart|move: Electric Terrain|[from] ability: Hadron Engine|[of] p1a: Miraidon\n|turn|29\n|\n|t:|1698025358\n|move|p1a: Miraidon|Electro Drift|p2a: Toxapex\n|-supereffective|p2a: Toxapex\n|-damage|p2a: Toxapex|0 fnt\n|faint|p2a: Toxapex\n|\n|-damage|p1a: Miraidon|63\/100 psn|[from] psn\n|upkeep\n|\n|t:|1698025366\n|switch|p2a: Flutter Mane|Flutter Mane|100\/100\n|turn|30\n|\n|t:|1698025370\n|move|p2a: Flutter Mane|Moonblast|p1a: Miraidon\n|-supereffective|p1a: Miraidon\n|-damage|p1a: Miraidon|0 fnt\n|faint|p1a: Miraidon\n|\n|upkeep\n|\n|t:|1698025374\n|switch|p1a: Koraidon|Koraidon|100\/100\n|-damage|p1a: Koraidon|76\/100|[from] Spikes\n|-status|p1a: Koraidon|psn\n|-weather|SunnyDay|[from] ability: Orichalcum Pulse|[of] p1a: Koraidon\n|-activate|p2a: Flutter Mane|ability: Protosynthesis\n|-start|p2a: Flutter Mane|protosynthesisspe\n|-activate|p1a: Koraidon|Orichalcum Pulse|[source]\n|turn|31\n|\n|t:|1698025386\n|move|p1a: Koraidon|Flare Blitz|p2a: Flutter Mane\n|-damage|p2a: Flutter Mane|0 fnt\n|faint|p2a: Flutter Mane\n|-end|p2a: Flutter Mane|Protosynthesis|[silent]\n|-damage|p1a: Koraidon|51\/100 psn|[from] Recoil\n|\n|-weather|SunnyDay|[upkeep]\n|-damage|p1a: Koraidon|39\/100 psn|[from] psn\n|upkeep\n|\n|t:|1698025389\n|switch|p2a: Kyogre|Kyogre|76\/100\n|-damage|p2a: Kyogre|63\/100|[from] Stealth Rock\n|-damage|p2a: Kyogre|51\/100|[from] Spikes\n|-weather|RainDance|[from] ability: Drizzle|[of] p2a: Kyogre\n|turn|32\n|\n|t:|1698025397\n|move|p1a: Koraidon|Flare Blitz|p2a: Kyogre\n|-resisted|p2a: Kyogre\n|-damage|p2a: Kyogre|40\/100\n|-damage|p1a: Koraidon|35\/100 psn|[from] Recoil\n|move|p2a: Kyogre|Surf|p1a: Koraidon\n|-resisted|p1a: Koraidon\n|-damage|p1a: Koraidon|0 fnt\n|faint|p1a: Koraidon\n|\n|win|Kaen Daiko\n|n|\u2606BlinkPlaysVGC|blinkplaysvgc\n|n|\u2606Kaen Daiko|kaendaiko\n","uploadtime":1698025398,"views":8,"p1id":"blinkplaysvgc","p2id":"kaendaiko","formatid":"gen9ubers","rating":0,"private":0,"password":""}