{"id":"gen9ubers-1998267237","p1":"bezrukiy_noob","p2":"XAKERSolo","format":"[Gen 9] Ubers","log":"|j|\u2606bezrukiy_noob\n|j|\u2606XAKERSolo\n|t:|1700922308\n|gametype|singles\n|player|p1|bezrukiy_noob|pokekid|\n|player|p2|XAKERSolo|dawn|\n|teamsize|p1|6\n|teamsize|p2|6\n|gen|9\n|tier|[Gen 9] Ubers\n|rule|Sleep Clause Mod: Limit one foe put to sleep\n|rule|Species Clause: Limit one of each Pok\u00e9mon\n|rule|OHKO Clause: OHKO moves are banned\n|rule|Evasion Items Clause: Evasion items are banned\n|rule|Evasion Moves Clause: Evasion moves are banned\n|rule|Endless Battle Clause: Forcing endless battles is banned\n|rule|HP Percentage Mod: HP is shown in percentages\n|clearpoke\n|poke|p1|Miraidon|\n|poke|p1|Iron Bundle|\n|poke|p1|Ninetales-Alola, F|\n|poke|p1|Chi-Yu|\n|poke|p1|Clefairy, F|\n|poke|p1|Landorus-Therian, M|\n|poke|p2|Volcarona, M|\n|poke|p2|Annihilape, F|\n|poke|p2|Gliscor, M|\n|poke|p2|Kingambit, F|\n|poke|p2|Flutter Mane|\n|poke|p2|Ogerpon-Hearthflame, F|\n|teampreview\n|inactive|Battle timer is ON: inactive players will automatically lose when time's up. (requested by bezrukiy_noob)\n|j| OsherCohen\n|c|\u2606XAKERSolo|\u0423\u0445\n|\n|t:|1700922328\n|start\n|switch|p1a: Miraidon|Miraidon|100\/100\n|switch|p2a: Flutter Mane|Flutter Mane|100\/100\n|-fieldstart|move: Electric Terrain|[from] ability: Hadron Engine|[of] p1a: Miraidon\n|-enditem|p2a: Flutter Mane|Booster Energy\n|-activate|p2a: Flutter Mane|ability: Protosynthesis|[fromitem]\n|-start|p2a: Flutter Mane|protosynthesisspe\n|turn|1\n|\n|t:|1700922340\n|-terastallize|p1a: Miraidon|Fairy\n|move|p2a: Flutter Mane|Moonblast|p1a: Miraidon\n|-damage|p1a: Miraidon|57\/100\n|move|p1a: Miraidon|Electro Drift|p2a: Flutter Mane\n|-crit|p2a: Flutter Mane\n|-damage|p2a: Flutter Mane|0 fnt\n|faint|p2a: Flutter Mane\n|-end|p2a: Flutter Mane|Protosynthesis|[silent]\n|\n|upkeep\n|\n|t:|1700922359\n|switch|p2a: Volcarona|Volcarona, M|100\/100\n|turn|2\n|\n|t:|1700922376\n|move|p1a: Miraidon|Electro Drift|p2a: Volcarona\n|-damage|p2a: Volcarona|0 fnt\n|faint|p2a: Volcarona\n|\n|upkeep\n|inactive|XAKERSolo has 270 seconds left.\n|\n|t:|1700922406\n|switch|p2a: Gliscor|Gliscor, M|100\/100\n|turn|3\n|\n|t:|1700922413\n|switch|p1a: Iron Bundle|Iron Bundle|100\/100\n|-activate|p1a: Iron Bundle|ability: Quark Drive\n|-start|p1a: Iron Bundle|quarkdrivespe\n|move|p2a: Gliscor|Earthquake|p1a: Iron Bundle\n|-damage|p1a: Iron Bundle|60\/100\n|\n|-status|p2a: Gliscor|tox|[from] item: Toxic Orb\n|upkeep\n|turn|4\n|inactive|XAKERSolo has 270 seconds left.\n|\n|t:|1700922423\n|switch|p2a: Annihilape|Annihilape, F|100\/100\n|move|p1a: Iron Bundle|Freeze-Dry|p2a: Annihilape\n|-damage|p2a: Annihilape|72\/100\n|-damage|p1a: Iron Bundle|50\/100|[from] item: Life Orb\n|\n|-heal|p2a: Annihilape|79\/100|[from] item: Leftovers\n|upkeep\n|turn|5\n|inactive|XAKERSolo has 270 seconds left.\n|\n|t:|1700922435\n|-end|p1a: Iron Bundle|Quark Drive|[silent]\n|switch|p1a: Clefairy|Clefairy, F|100\/100\n|move|p2a: Annihilape|Drain Punch|p1a: Clefairy\n|-resisted|p1a: Clefairy\n|-damage|p1a: Clefairy|83\/100\n|-heal|p2a: Annihilape|86\/100|[from] drain|[of] p1a: Clefairy\n|\n|-heal|p2a: Annihilape|92\/100|[from] item: Leftovers\n|-fieldend|move: Electric Terrain\n|upkeep\n|turn|6\n|inactive|XAKERSolo has 270 seconds left.\n|\n|t:|1700922447\n|switch|p2a: Gliscor|Gliscor, M|100\/100 tox\n|switch|p1a: Ninetales|Ninetales-Alola, F|100\/100\n|-weather|Snow|[from] ability: Snow Warning|[of] p1a: Ninetales\n|\n|-weather|Snow|[upkeep]\n|upkeep\n|turn|7\n|inactive|XAKERSolo has 270 seconds left.\n|\n|t:|1700922466\n|switch|p2a: Ogerpon|Ogerpon-Hearthflame, F|100\/100\n|-ability|p2a: Ogerpon|Mold Breaker\n|move|p1a: Ninetales|Nasty Plot|p1a: Ninetales\n|-boost|p1a: Ninetales|spa|2\n|\n|-weather|Snow|[upkeep]\n|upkeep\n|turn|8\n|inactive|XAKERSolo has 270 seconds left.\n|\n|t:|1700922478\n|switch|p1a: Landorus|Landorus-Therian, M|100\/100\n|-ability|p1a: Landorus|Intimidate|boost\n|-unboost|p2a: Ogerpon|atk|1\n|move|p2a: Ogerpon|Ivy Cudgel|p1a: Landorus|[anim] Ivy Cudgel Fire\n|-damage|p1a: Landorus|53\/100\n|\n|-weather|Snow|[upkeep]\n|upkeep\n|turn|9\n|inactive|XAKERSolo has 270 seconds left.\n|\n|t:|1700922497\n|-terastallize|p2a: Ogerpon|Fire\n|detailschange|p2a: Ogerpon|Ogerpon-Hearthflame-Tera, F, tera:Fire\n|-ability|p2a: Ogerpon|Embody Aspect (Hearthflame)|boost\n|-boost|p2a: Ogerpon|atk|1\n|move|p2a: Ogerpon|Ivy Cudgel|p1a: Landorus|[anim] Ivy Cudgel Fire\n|-damage|p1a: Landorus|0 fnt\n|faint|p1a: Landorus\n|\n|-weather|Snow|[upkeep]\n|upkeep\n|\n|t:|1700922510\n|switch|p1a: Miraidon|Miraidon, tera:Fairy|57\/100\n|-fieldstart|move: Electric Terrain|[from] ability: Hadron Engine|[of] p1a: Miraidon\n|turn|10\n|inactive|XAKERSolo has 270 seconds left.\n|\n|t:|1700922515\n|switch|p2a: Gliscor|Gliscor, M|100\/100 tox\n|move|p1a: Miraidon|Draco Meteor|p2a: Gliscor\n|-damage|p2a: Gliscor|0 fnt\n|-unboost|p1a: Miraidon|spa|2\n|faint|p2a: Gliscor\n|\n|-weather|none\n|upkeep\n|inactive|XAKERSolo has 270 seconds left.\n|\n|t:|1700922530\n|switch|p2a: Ogerpon|Ogerpon-Hearthflame-Tera, F, tera:Fire|100\/100\n|-ability|p2a: Ogerpon|Embody Aspect (Hearthflame)|boost\n|-boost|p2a: Ogerpon|atk|1\n|turn|11\n|\n|t:|1700922537\n|switch|p1a: Chi-Yu|Chi-Yu|100\/100\n|-ability|p1a: Chi-Yu|Beads of Ruin\n|move|p2a: Ogerpon|Ivy Cudgel|p1a: Chi-Yu|[anim] Ivy Cudgel Fire\n|-resisted|p1a: Chi-Yu\n|-crit|p1a: Chi-Yu\n|-damage|p1a: Chi-Yu|0 fnt\n|faint|p1a: Chi-Yu\n|\n|upkeep\n|\n|t:|1700922542\n|switch|p1a: Miraidon|Miraidon, tera:Fairy|57\/100\n|-activate|p1a: Miraidon|ability: Hadron Engine\n|turn|12\n|\n|t:|1700922555\n|switch|p2a: Annihilape|Annihilape, F|92\/100\n|move|p1a: Miraidon|Electro Drift|p2a: Annihilape\n|-damage|p2a: Annihilape|10\/100\n|\n|-heal|p2a: Annihilape|16\/100|[from] item: Leftovers\n|upkeep\n|turn|13\n|\n|t:|1700922566\n|move|p1a: Miraidon|Electro Drift|p2a: Annihilape\n|-damage|p2a: Annihilape|0 fnt\n|faint|p2a: Annihilape\n|\n|upkeep\n|\n|t:|1700922569\n|switch|p2a: Ogerpon|Ogerpon-Hearthflame-Tera, F, tera:Fire|100\/100\n|-ability|p2a: Ogerpon|Embody Aspect (Hearthflame)|boost\n|-boost|p2a: Ogerpon|atk|1\n|turn|14\n|\n|t:|1700922572\n|move|p1a: Miraidon|Electro Drift|p2a: Ogerpon\n|-damage|p2a: Ogerpon|0 fnt\n|faint|p2a: Ogerpon\n|\n|-fieldend|move: Electric Terrain\n|upkeep\n|\n|t:|1700922578\n|switch|p2a: Kingambit|Kingambit, F|100\/100\n|-activate|p2a: Kingambit|ability: Supreme Overlord\n|-start|p2a: Kingambit|fallen5|[silent]\n|turn|15\n|\n|t:|1700922588\n|move|p2a: Kingambit|Sucker Punch|p1a: Miraidon\n|-resisted|p1a: Miraidon\n|-damage|p1a: Miraidon|19\/100\n|move|p1a: Miraidon|Electro Drift|p2a: Kingambit\n|-damage|p2a: Kingambit|15\/100\n|\n|upkeep\n|turn|16\n|\n|t:|1700922595\n|move|p2a: Kingambit|Sucker Punch|p1a: Miraidon\n|-resisted|p1a: Miraidon\n|-damage|p1a: Miraidon|0 fnt\n|faint|p1a: Miraidon\n|\n|upkeep\n|\n|t:|1700922596\n|switch|p1a: Ninetales|Ninetales-Alola, F|100\/100\n|-weather|Snow|[from] ability: Snow Warning|[of] p1a: Ninetales\n|turn|17\n|\n|t:|1700922602\n|move|p1a: Ninetales|Moonblast|p2a: Kingambit\n|-damage|p2a: Kingambit|0 fnt\n|faint|p2a: Kingambit\n|-end|p2a: Kingambit|fallen5|[silent]\n|\n|win|bezrukiy_noob\n|l|\u2606XAKERSolo\n|l| OsherCohen\n|l|\u2606bezrukiy_noob\n|j|\u2606XAKERSolo\n|player|p2|XAKERSolo|dawn\n","uploadtime":1700922612,"views":12,"p1id":"bezrukiynoob","p2id":"xakersolo","formatid":"gen9ubers","rating":0,"private":0,"password":""}