{"id":"gen9ubers-1990175859","p1":"Steven Stone 007","p2":"Oomaester1234","format":"[Gen 9] Ubers","log":"|j|\u2606Steven Stone 007\n|j|\u2606Oomaester1234\n|t:|1699933122\n|gametype|singles\n|player|p1|Steven Stone 007|steven|\n|player|p2|Oomaester1234|teamrocket|\n|teamsize|p1|6\n|teamsize|p2|6\n|gen|9\n|tier|[Gen 9] Ubers\n|rule|Sleep Clause Mod: Limit one foe put to sleep\n|rule|Species Clause: Limit one of each Pok\u00e9mon\n|rule|OHKO Clause: OHKO moves are banned\n|rule|Evasion Items Clause: Evasion items are banned\n|rule|Evasion Moves Clause: Evasion moves are banned\n|rule|Endless Battle Clause: Forcing endless battles is banned\n|rule|HP Percentage Mod: HP is shown in percentages\n|clearpoke\n|poke|p1|Ninetales-Alola, M|\n|poke|p1|Baxcalibur, M|\n|poke|p1|Cyclizar, F|\n|poke|p1|Magearna|\n|poke|p1|Arceus-Poison|\n|poke|p1|Zacian-*|\n|poke|p2|Torkoal, M|\n|poke|p2|Walking Wake|\n|poke|p2|Rillaboom, M|\n|poke|p2|Arceus-Fire|\n|poke|p2|Ceruledge, M|\n|poke|p2|Leavanny, F|\n|teampreview\n|c|\u2606Steven Stone 007|GL\n|c|\u2606Oomaester1234|u too\n|\n|t:|1699933135\n|start\n|switch|p1a: Cyclizar|Cyclizar, F|100\/100\n|switch|p2a: Rillaboom|Rillaboom, M|100\/100\n|-fieldstart|move: Grassy Terrain|[from] ability: Grassy Surge|[of] p2a: Rillaboom\n|turn|1\n|\n|t:|1699933169\n|move|p1a: Cyclizar|Shed Tail|p1a: Cyclizar\n|-start|p1a: Cyclizar|Substitute|[from] move: Shed Tail\n|-damage|p1a: Cyclizar|50\/100\n|\n|t:|1699933172\n|switch|p1a: Magearna|Magearna|100\/100|[from] Shed Tail\n|move|p2a: Rillaboom|U-turn|p1a: Magearna\n|-resisted|p1a: Magearna\n|-activate|p1a: Magearna|move: Substitute|[damage]\n|\n|t:|1699933182\n|switch|p2a: violet ass bandit|Ceruledge, M|100\/100|[from] U-turn\n|\n|upkeep\n|turn|2\n|\n|t:|1699933186\n|move|p2a: violet ass bandit|Bitter Blade|p1a: Magearna\n|-supereffective|p1a: Magearna\n|-end|p1a: Magearna|Substitute\n|move|p1a: Magearna|Thunder Wave|p2a: violet ass bandit\n|-status|p2a: violet ass bandit|par\n|\n|upkeep\n|turn|3\n|\n|t:|1699933192\n|switch|p1a: Arceus|Arceus-Poison|100\/100\n|move|p2a: violet ass bandit|Bitter Blade|p1a: Arceus\n|-damage|p1a: Arceus|75\/100\n|\n|-heal|p1a: Arceus|81\/100|[from] Grassy Terrain\n|upkeep\n|turn|4\n|\n|t:|1699933198\n|move|p1a: Arceus|Earth Power|p2a: violet ass bandit\n|-supereffective|p2a: violet ass bandit\n|-damage|p2a: violet ass bandit|47\/100 par\n|move|p2a: violet ass bandit|Bulk Up|p2a: violet ass bandit\n|-boost|p2a: violet ass bandit|atk|1\n|-boost|p2a: violet ass bandit|def|1\n|\n|-heal|p1a: Arceus|87\/100|[from] Grassy Terrain\n|-heal|p2a: violet ass bandit|53\/100 par|[from] Grassy Terrain\n|upkeep\n|turn|5\n|\n|t:|1699933213\n|switch|p2a: Rillaboom|Rillaboom, M|100\/100\n|move|p1a: Arceus|Earth Power|p2a: Rillaboom\n|-resisted|p2a: Rillaboom\n|-damage|p2a: Rillaboom|87\/100\n|\n|-heal|p1a: Arceus|93\/100|[from] Grassy Terrain\n|-heal|p2a: Rillaboom|94\/100|[from] Grassy Terrain\n|-fieldend|move: Grassy Terrain\n|upkeep\n|turn|6\n|\n|t:|1699933219\n|move|p1a: Arceus|Judgment|p2a: Rillaboom\n|-supereffective|p2a: Rillaboom\n|-damage|p2a: Rillaboom|0 fnt\n|faint|p2a: Rillaboom\n|\n|upkeep\n|\n|t:|1699933222\n|switch|p2a: Torkoal|Torkoal, M|100\/100\n|-weather|SunnyDay|[from] ability: Drought|[of] p2a: Torkoal\n|turn|7\n|\n|t:|1699933240\n|switch|p2a: Leavanny|Leavanny, F|100\/100\n|move|p1a: Arceus|Earth Power|p2a: Leavanny\n|-resisted|p2a: Leavanny\n|-damage|p2a: Leavanny|92\/100\n|\n|-weather|SunnyDay|[upkeep]\n|upkeep\n|turn|8\n|\n|t:|1699933245\n|switch|p1a: Ninetales|Ninetales-Alola, M|100\/100\n|-weather|Snow|[from] ability: Snow Warning|[of] p1a: Ninetales\n|move|p2a: Leavanny|Sticky Web|p1a: Ninetales\n|-sidestart|p1: Steven Stone 007|move: Sticky Web\n|\n|-weather|Snow|[upkeep]\n|upkeep\n|turn|9\n|\n|t:|1699933252\n|switch|p2a: Torkoal|Torkoal, M|100\/100\n|-weather|SunnyDay|[from] ability: Drought|[of] p2a: Torkoal\n|move|p1a: Ninetales|Aurora Veil||[still]\n|-fail|p1a: Ninetales\n|\n|-weather|SunnyDay|[upkeep]\n|upkeep\n|turn|10\n|\n|t:|1699933255\n|switch|p1a: Cyclizar|Cyclizar, F|84\/100\n|-activate|p1a: Cyclizar|move: Sticky Web\n|-unboost|p1a: Cyclizar|spe|1\n|move|p2a: Torkoal|Stealth Rock|p1a: Cyclizar\n|-sidestart|p1: Steven Stone 007|move: Stealth Rock\n|\n|-weather|SunnyDay|[upkeep]\n|upkeep\n|turn|11\n|\n|t:|1699933265\n|switch|p2a: Leavanny|Leavanny, F|92\/100\n|move|p1a: Cyclizar|Rapid Spin|p2a: Leavanny\n|-damage|p2a: Leavanny|71\/100\n|-boost|p1a: Cyclizar|spe|1\n|-sideend|p1: Steven Stone 007|Stealth Rock|[from] move: Rapid Spin|[of] p1a: Cyclizar\n|-sideend|p1: Steven Stone 007|Sticky Web|[from] move: Rapid Spin|[of] p1a: Cyclizar\n|\n|-weather|SunnyDay|[upkeep]\n|upkeep\n|turn|12\n|\n|t:|1699933270\n|switch|p1a: Baxcalibur|Baxcalibur, M|100\/100\n|move|p2a: Leavanny|Knock Off|p1a: Baxcalibur\n|-damage|p1a: Baxcalibur|67\/100\n|-enditem|p1a: Baxcalibur|Loaded Dice|[from] move: Knock Off|[of] p2a: Leavanny\n|\n|-weather|SunnyDay|[upkeep]\n|upkeep\n|turn|13\n|\n|t:|1699933276\n|move|p2a: Leavanny|Sticky Web|p1a: Baxcalibur\n|-sidestart|p1: Steven Stone 007|move: Sticky Web\n|move|p1a: Baxcalibur|Icicle Spear|p2a: Leavanny\n|-supereffective|p2a: Leavanny\n|-damage|p2a: Leavanny|31\/100\n|-supereffective|p2a: Leavanny\n|-damage|p2a: Leavanny|0 fnt\n|faint|p2a: Leavanny\n|-hitcount|p2: Leavanny|2\n|\n|-weather|SunnyDay|[upkeep]\n|upkeep\n|\n|t:|1699933284\n|switch|p2a: Walking Wake|Walking Wake|100\/100\n|-activate|p2a: Walking Wake|ability: Protosynthesis\n|-start|p2a: Walking Wake|protosynthesisspa\n|turn|14\n|\n|t:|1699933292\n|-terastallize|p2a: Walking Wake|Water\n|move|p2a: Walking Wake|Hydro Steam|p1a: Baxcalibur\n|-resisted|p1a: Baxcalibur\n|-damage|p1a: Baxcalibur|0 fnt\n|faint|p1a: Baxcalibur\n|\n|-weather|SunnyDay|[upkeep]\n|upkeep\n|\n|t:|1699933296\n|switch|p1a: Ninetales|Ninetales-Alola, M|100\/100\n|-activate|p1a: Ninetales|move: Sticky Web\n|-unboost|p1a: Ninetales|spe|1\n|-weather|Snow|[from] ability: Snow Warning|[of] p1a: Ninetales\n|-end|p2a: Walking Wake|Protosynthesis\n|turn|15\n|\n|t:|1699933301\n|move|p2a: Walking Wake|Hydro Steam|p1a: Ninetales\n|-damage|p1a: Ninetales|9\/100\n|move|p1a: Ninetales|Aurora Veil|p1a: Ninetales\n|-sidestart|p1: Steven Stone 007|move: Aurora Veil\n|\n|-weather|Snow|[upkeep]\n|upkeep\n|turn|16\n|\n|t:|1699933305\n|move|p2a: Walking Wake|Hydro Steam|p1a: Ninetales\n|-damage|p1a: Ninetales|0 fnt\n|faint|p1a: Ninetales\n|\n|-weather|Snow|[upkeep]\n|upkeep\n|\n|t:|1699933311\n|switch|p1a: Cyclizar|Cyclizar, F|100\/100\n|-activate|p1a: Cyclizar|move: Sticky Web\n|-unboost|p1a: Cyclizar|spe|1\n|turn|17\n|\n|t:|1699933313\n|move|p1a: Cyclizar|Draco Meteor|p2a: Walking Wake\n|-damage|p2a: Walking Wake|55\/100\n|-unboost|p1a: Cyclizar|spa|2\n|move|p2a: Walking Wake|Hydro Steam|p1a: Cyclizar\n|-resisted|p1a: Cyclizar\n|-damage|p1a: Cyclizar|68\/100\n|\n|-weather|Snow|[upkeep]\n|upkeep\n|turn|18\n|\n|t:|1699933318\n|switch|p1a: Magearna|Magearna|100\/100\n|-activate|p1a: Magearna|move: Sticky Web\n|-unboost|p1a: Magearna|spe|1\n|move|p2a: Walking Wake|Hydro Steam|p1a: Magearna\n|-damage|p1a: Magearna|71\/100\n|\n|-weather|Snow|[upkeep]\n|-heal|p1a: Magearna|77\/100|[from] item: Leftovers\n|upkeep\n|turn|19\n|\n|t:|1699933322\n|-end|p2a: Walking Wake|Protosynthesis|[silent]\n|switch|p2a: Torkoal|Torkoal, M|100\/100\n|-weather|SunnyDay|[from] ability: Drought|[of] p2a: Torkoal\n|move|p1a: Magearna|Thunder Wave|p2a: Torkoal\n|-status|p2a: Torkoal|par\n|\n|-weather|SunnyDay|[upkeep]\n|-heal|p1a: Magearna|83\/100|[from] item: Leftovers\n|upkeep\n|turn|20\n|\n|t:|1699933328\n|move|p1a: Magearna|Spikes|p2a: Torkoal\n|-sidestart|p2: Oomaester1234|Spikes\n|move|p2a: Torkoal|Yawn|p1a: Magearna\n|-start|p1a: Magearna|move: Yawn|[of] p2a: Torkoal\n|\n|-weather|SunnyDay|[upkeep]\n|-heal|p1a: Magearna|90\/100|[from] item: Leftovers\n|upkeep\n|turn|21\n|\n|t:|1699933332\n|switch|p1a: Cyclizar|Cyclizar, F|100\/100\n|-activate|p1a: Cyclizar|move: Sticky Web\n|-unboost|p1a: Cyclizar|spe|1\n|move|p2a: Torkoal|Stealth Rock|p1a: Cyclizar\n|-sidestart|p1: Steven Stone 007|move: Stealth Rock\n|\n|-weather|SunnyDay|[upkeep]\n|upkeep\n|turn|22\n|\n|t:|1699933338\n|switch|p2a: violet ass bandit|Ceruledge, M|53\/100 par\n|move|p1a: Cyclizar|Rapid Spin|p2a: violet ass bandit\n|-immune|p2a: violet ass bandit\n|\n|-weather|SunnyDay|[upkeep]\n|-sideend|p1: Steven Stone 007|move: Aurora Veil\n|upkeep\n|turn|23\n|\n|t:|1699933344\n|switch|p1a: Arceus|Arceus-Poison|93\/100\n|-activate|p1a: Arceus|move: Sticky Web\n|-unboost|p1a: Arceus|spe|1\n|-damage|p1a: Arceus|81\/100|[from] Stealth Rock\n|move|p2a: violet ass bandit|Close Combat|p1a: Arceus\n|-resisted|p1a: Arceus\n|-crit|p1a: Arceus\n|-damage|p1a: Arceus|65\/100\n|-unboost|p2a: violet ass bandit|def|1\n|-unboost|p2a: violet ass bandit|spd|1\n|\n|-weather|SunnyDay|[upkeep]\n|upkeep\n|turn|24\n|\n|t:|1699933354\n|move|p1a: Arceus|Calm Mind|p1a: Arceus\n|-boost|p1a: Arceus|spa|1\n|-boost|p1a: Arceus|spd|1\n|move|p2a: violet ass bandit|Poltergeist|p1a: Arceus\n|-activate|p1a: Arceus|move: Poltergeist|Toxic Plate\n|-damage|p1a: Arceus|34\/100\n|\n|-weather|SunnyDay|[upkeep]\n|upkeep\n|turn|25\n|\n|t:|1699933361\n|move|p1a: Arceus|Recover|p1a: Arceus\n|-heal|p1a: Arceus|84\/100\n|move|p2a: violet ass bandit|Bitter Blade|p1a: Arceus\n|-damage|p1a: Arceus|49\/100\n|-heal|p2a: violet ass bandit|79\/100 par|[from] drain|[of] p1a: Arceus\n|\n|-weather|SunnyDay|[upkeep]\n|upkeep\n|turn|26\n|\n|t:|1699933375\n|switch|p2a: Arceus|Arceus-Fire|100\/100\n|-damage|p2a: Arceus|88\/100|[from] Spikes\n|move|p1a: Arceus|Recover|p1a: Arceus\n|-heal|p1a: Arceus|99\/100\n|\n|-weather|none\n|upkeep\n|turn|27\n|\n|t:|1699933379\n|move|p2a: Arceus|Dragon Dance|p2a: Arceus\n|-boost|p2a: Arceus|atk|1\n|-boost|p2a: Arceus|spe|1\n|move|p1a: Arceus|Calm Mind|p1a: Arceus\n|-boost|p1a: Arceus|spa|1\n|-boost|p1a: Arceus|spd|1\n|\n|upkeep\n|turn|28\n|\n|t:|1699933383\n|move|p2a: Arceus|Flare Blitz|p1a: Arceus\n|-damage|p1a: Arceus|38\/100\n|-status|p1a: Arceus|brn\n|-damage|p2a: Arceus|67\/100|[from] Recoil\n|move|p1a: Arceus|Earth Power|p2a: Arceus\n|-supereffective|p2a: Arceus\n|-damage|p2a: Arceus|0 fnt\n|faint|p2a: Arceus\n|\n|-damage|p1a: Arceus|32\/100 brn|[from] brn\n|upkeep\n|\n|t:|1699933393\n|switch|p2a: Walking Wake|Walking Wake, tera:Water|55\/100\n|-damage|p2a: Walking Wake|43\/100|[from] Spikes\n|turn|29\n|\n|t:|1699933396\n|move|p2a: Walking Wake|Hydro Steam|p1a: Arceus\n|-damage|p1a: Arceus|6\/100 brn\n|move|p1a: Arceus|Judgment|p2a: Walking Wake\n|-damage|p2a: Walking Wake|0 fnt\n|faint|p2a: Walking Wake\n|-end|p2a: Walking Wake|Protosynthesis|[silent]\n|\n|-damage|p1a: Arceus|0 fnt|[from] brn\n|faint|p1a: Arceus\n|upkeep\n|\n|t:|1699933400\n|switch|p2a: Torkoal|Torkoal, M|100\/100 par\n|switch|p1a: Cyclizar|Cyclizar, F|100\/100\n|-activate|p1a: Cyclizar|move: Sticky Web\n|-unboost|p1a: Cyclizar|spe|1\n|-damage|p1a: Cyclizar|88\/100|[from] Stealth Rock\n|-damage|p2a: Torkoal|88\/100 par|[from] Spikes\n|-weather|SunnyDay|[from] ability: Drought|[of] p2a: Torkoal\n|turn|30\n|\n|t:|1699933403\n|switch|p2a: violet ass bandit|Ceruledge, M|79\/100 par\n|move|p1a: Cyclizar|Shed Tail|p1a: Cyclizar\n|-start|p1a: Cyclizar|Substitute|[from] move: Shed Tail\n|-damage|p1a: Cyclizar|38\/100\n|\n|t:|1699933407\n|switch|p1a: Zacian|Zacian|100\/100|[from] Shed Tail\n|-ability|p1a: Zacian|Intrepid Sword|boost\n|-boost|p1a: Zacian|atk|1\n|\n|-weather|SunnyDay|[upkeep]\n|upkeep\n|turn|31\n|\n|t:|1699933412\n|move|p1a: Zacian|Swords Dance|p1a: Zacian\n|-boost|p1a: Zacian|atk|2\n|move|p2a: violet ass bandit|Bitter Blade|p1a: Zacian\n|-end|p1a: Zacian|Substitute\n|-heal|p2a: violet ass bandit|93\/100 par|[from] drain|[of] p1a: Zacian\n|\n|-weather|SunnyDay|[upkeep]\n|upkeep\n|turn|32\n|\n|t:|1699933418\n|-terastallize|p1a: Zacian|Fire\n|move|p1a: Zacian|Play Rough|p2a: violet ass bandit\n|-resisted|p2a: violet ass bandit\n|-damage|p2a: violet ass bandit|21\/100 par\n|-ability|p2a: violet ass bandit|Weak Armor|boost\n|-unboost|p2a: violet ass bandit|def|1\n|-boost|p2a: violet ass bandit|spe|2\n|cant|p2a: violet ass bandit|par\n|\n|-weather|SunnyDay|[upkeep]\n|upkeep\n|turn|33\n|\n|t:|1699933427\n|move|p1a: Zacian|Play Rough|p2a: violet ass bandit|[miss]\n|-miss|p1a: Zacian|p2a: violet ass bandit\n|cant|p2a: violet ass bandit|par\n|\n|-weather|SunnyDay|[upkeep]\n|upkeep\n|turn|34\n|\n|t:|1699933433\n|move|p1a: Zacian|Play Rough|p2a: violet ass bandit\n|-resisted|p2a: violet ass bandit\n|-damage|p2a: violet ass bandit|0 fnt\n|faint|p2a: violet ass bandit\n|\n|-weather|SunnyDay|[upkeep]\n|upkeep\n|\n|t:|1699933436\n|switch|p2a: Torkoal|Torkoal, M|88\/100 par\n|-damage|p2a: Torkoal|76\/100 par|[from] Spikes\n|turn|35\n|c|\u2606Steven Stone 007|GG\n|\n|t:|1699933439\n|move|p1a: Zacian|Close Combat|p2a: Torkoal\n|-damage|p2a: Torkoal|19\/100 par\n|-unboost|p1a: Zacian|def|1\n|-unboost|p1a: Zacian|spd|1\n|move|p2a: Torkoal|Yawn|p1a: Zacian\n|-start|p1a: Zacian|move: Yawn|[of] p2a: Torkoal\n|\n|-weather|SunnyDay|[upkeep]\n|upkeep\n|turn|36\n|c|\u2606Oomaester1234|ggs\n|\n|t:|1699933443\n|move|p1a: Zacian|Tera Blast|p2a: Torkoal|[anim] Tera Blast Fire\n|-resisted|p2a: Torkoal\n|-damage|p2a: Torkoal|0 fnt\n|faint|p2a: Torkoal\n|\n|win|Steven Stone 007\n|l|\u2606Oomaester1234\n","uploadtime":1699933447,"views":5,"p1id":"stevenstone007","p2id":"oomaester1234","formatid":"gen9ubers","rating":0,"private":0,"password":""}