{"id":"gen9ubers-1981365143","p1":"leonissenbaum","p2":"HinaKagiyama1","format":"[Gen 9] Ubers","log":"|j|\u2606leonissenbaum\n|j|\u2606HinaKagiyama1\n|t:|1698887933\n|gametype|singles\n|player|p1|leonissenbaum|leon|\n|player|p2|HinaKagiyama1|2|\n|teamsize|p1|6\n|teamsize|p2|6\n|gen|9\n|tier|[Gen 9] Ubers\n|rule|Sleep Clause Mod: Limit one foe put to sleep\n|rule|Species Clause: Limit one of each Pok\u00e9mon\n|rule|OHKO Clause: OHKO moves are banned\n|rule|Evasion Items Clause: Evasion items are banned\n|rule|Evasion Moves Clause: Evasion moves are banned\n|rule|Endless Battle Clause: Forcing endless battles is banned\n|rule|HP Percentage Mod: HP is shown in percentages\n|clearpoke\n|poke|p1|Crocalor, F|\n|poke|p1|Arceus-Grass|\n|poke|p1|Blissey, F|\n|poke|p1|Cyclizar, F|\n|poke|p1|Clefable, F|\n|poke|p1|Mew|\n|poke|p2|Tyranitar, F|\n|poke|p2|Arceus-Rock|\n|poke|p2|Garchomp, M|\n|poke|p2|Donphan, F|\n|poke|p2|Magearna|\n|poke|p2|Landorus, M|\n|teampreview\n|c|\u2606HinaKagiyama1|._.\n|c|\u2606leonissenbaum|haha\n|c|\u2606leonissenbaum|gl!\n|c|\u2606HinaKagiyama1|Stall?\n|c|\u2606leonissenbaum|yep\n|c|\u2606leonissenbaum|oh wait i just realized i messed up a set\n|c|\u2606leonissenbaum|oh well i'll fix it later\n|c|\u2606HinaKagiyama1|We can rematch after\n|\n|t:|1698887982\n|start\n|switch|p1a: Mew|Mew|100\/100\n|switch|p2a: Uwu orb|Magearna|100\/100\n|turn|1\n|\n|t:|1698888012\n|move|p1a: Mew|Spikes|p2a: Uwu orb\n|-sidestart|p2: HinaKagiyama1|Spikes\n|move|p2a: Uwu orb|Volt Switch|p1a: Mew\n|-damage|p1a: Mew|83\/100\n|\n|t:|1698888014\n|switch|p2a: Donphozo|Donphan, F|100\/100|[from] Volt Switch\n|\n|-heal|p1a: Mew|90\/100|[from] item: Leftovers\n|upkeep\n|turn|2\n|\n|t:|1698888042\n|switch|p1a: Cyclizar|Cyclizar, F|100\/100\n|move|p2a: Donphozo|Knock Off|p1a: Cyclizar\n|-damage|p1a: Cyclizar|43\/100\n|-enditem|p1a: Cyclizar|Assault Vest|[from] move: Knock Off|[of] p2a: Donphozo\n|\n|upkeep\n|turn|3\n|\n|t:|1698888055\n|switch|p1a: Arceus|Arceus-Grass|100\/100\n|move|p2a: Donphozo|Rapid Spin|p1a: Arceus\n|-damage|p1a: Arceus|91\/100\n|-boost|p2a: Donphozo|spe|1\n|-sideend|p2: HinaKagiyama1|Spikes|[from] move: Rapid Spin|[of] p2a: Donphozo\n|\n|upkeep\n|turn|4\n|c|\u2606HinaKagiyama1|I was aiming for the tera ghost but that works too\n|\n|t:|1698888067\n|switch|p2a: Uwu orb|Magearna|100\/100\n|move|p1a: Arceus|Judgment|p2a: Uwu orb\n|-resisted|p2a: Uwu orb\n|-damage|p2a: Uwu orb|80\/100\n|\n|-heal|p2a: Uwu orb|86\/100|[from] item: Leftovers\n|upkeep\n|turn|5\n|\n|t:|1698888075\n|switch|p1a: Clefable|Clefable, F|100\/100\n|move|p2a: Uwu orb|Spikes|p1a: Clefable\n|-sidestart|p1: leonissenbaum|Spikes\n|\n|-heal|p2a: Uwu orb|92\/100|[from] item: Leftovers\n|upkeep\n|turn|6\n|\n|t:|1698888079\n|move|p2a: Uwu orb|Volt Switch|p1a: Clefable\n|-damage|p1a: Clefable|81\/100\n|\n|t:|1698888084\n|switch|p2a: DREAM ON|Tyranitar, F|100\/100|[from] Volt Switch\n|-weather|Sandstorm|[from] ability: Sand Stream|[of] p2a: DREAM ON\n|move|p1a: Clefable|Calm Mind|p1a: Clefable\n|-boost|p1a: Clefable|spa|1\n|-boost|p1a: Clefable|spd|1\n|\n|-weather|Sandstorm|[upkeep]\n|-damage|p1a: Clefable|75\/100|[from] Sandstorm\n|-heal|p1a: Clefable|81\/100|[from] item: Leftovers\n|upkeep\n|turn|7\n|\n|t:|1698888093\n|move|p2a: DREAM ON|Stealth Rock|p1a: Clefable\n|-sidestart|p1: leonissenbaum|move: Stealth Rock\n|move|p1a: Clefable|Wish|p1a: Clefable\n|\n|-weather|Sandstorm|[upkeep]\n|-damage|p1a: Clefable|75\/100|[from] Sandstorm\n|-heal|p1a: Clefable|81\/100|[from] item: Leftovers\n|upkeep\n|turn|8\n|\n|t:|1698888097\n|move|p2a: DREAM ON|Stone Edge|p1a: Clefable\n|-damage|p1a: Clefable|20\/100\n|move|p1a: Clefable|Moonblast|p2a: DREAM ON\n|-supereffective|p2a: DREAM ON\n|-damage|p2a: DREAM ON|51\/100\n|\n|-weather|Sandstorm|[upkeep]\n|-damage|p1a: Clefable|14\/100|[from] Sandstorm\n|-heal|p1a: Clefable|64\/100|[from] move: Wish|[wisher] Clefable\n|-heal|p1a: Clefable|70\/100|[from] item: Leftovers\n|upkeep\n|turn|9\n|\n|t:|1698888107\n|switch|p2a: Arc the rock eus|Arceus-Rock|100\/100\n|move|p1a: Clefable|Protect||[still]\n|-fail|p1a: Clefable\n|\n|-weather|Sandstorm|[upkeep]\n|-damage|p1a: Clefable|64\/100|[from] Sandstorm\n|-heal|p1a: Clefable|70\/100|[from] item: Leftovers\n|upkeep\n|turn|10\n|\n|t:|1698888116\n|move|p1a: Clefable|Protect|p1a: Clefable\n|-singleturn|p1a: Clefable|Protect\n|move|p2a: Arc the rock eus|Taunt|p1a: Clefable\n|-activate|p1a: Clefable|move: Protect\n|\n|-weather|Sandstorm|[upkeep]\n|-damage|p1a: Clefable|64\/100|[from] Sandstorm\n|-heal|p1a: Clefable|70\/100|[from] item: Leftovers\n|upkeep\n|turn|11\n|\n|t:|1698888119\n|move|p2a: Arc the rock eus|Calm Mind|p2a: Arc the rock eus\n|-boost|p2a: Arc the rock eus|spa|1\n|-boost|p2a: Arc the rock eus|spd|1\n|move|p1a: Clefable|Wish|p1a: Clefable\n|\n|-weather|Sandstorm|[upkeep]\n|-damage|p1a: Clefable|64\/100|[from] Sandstorm\n|-heal|p1a: Clefable|70\/100|[from] item: Leftovers\n|upkeep\n|turn|12\n|\n|t:|1698888122\n|move|p2a: Arc the rock eus|Calm Mind|p2a: Arc the rock eus\n|-boost|p2a: Arc the rock eus|spa|1\n|-boost|p2a: Arc the rock eus|spd|1\n|move|p1a: Clefable|Calm Mind|p1a: Clefable\n|-boost|p1a: Clefable|spa|1\n|-boost|p1a: Clefable|spd|1\n|\n|-weather|Sandstorm|[upkeep]\n|-damage|p1a: Clefable|64\/100|[from] Sandstorm\n|-heal|p1a: Clefable|100\/100|[from] move: Wish|[wisher] Clefable\n|upkeep\n|turn|13\n|\n|t:|1698888126\n|move|p2a: Arc the rock eus|Judgment|p1a: Clefable\n|-damage|p1a: Clefable|84\/100\n|move|p1a: Clefable|Calm Mind|p1a: Clefable\n|-boost|p1a: Clefable|spa|1\n|-boost|p1a: Clefable|spd|1\n|\n|-weather|none\n|-heal|p1a: Clefable|90\/100|[from] item: Leftovers\n|upkeep\n|turn|14\n|\n|t:|1698888131\n|move|p2a: Arc the rock eus|Taunt|p1a: Clefable\n|-start|p1a: Clefable|move: Taunt\n|move|p1a: Clefable|Moonblast|p2a: Arc the rock eus\n|-damage|p2a: Arc the rock eus|52\/100\n|\n|-heal|p1a: Clefable|96\/100|[from] item: Leftovers\n|upkeep\n|turn|15\n|\n|t:|1698888140\n|move|p2a: Arc the rock eus|Recover|p2a: Arc the rock eus\n|-heal|p2a: Arc the rock eus|100\/100\n|move|p1a: Clefable|Moonblast|p2a: Arc the rock eus\n|-damage|p2a: Arc the rock eus|48\/100\n|\n|-heal|p1a: Clefable|100\/100|[from] item: Leftovers\n|upkeep\n|turn|16\n|\n|t:|1698888145\n|move|p2a: Arc the rock eus|Recover|p2a: Arc the rock eus\n|-heal|p2a: Arc the rock eus|98\/100\n|move|p1a: Clefable|Moonblast|p2a: Arc the rock eus\n|-damage|p2a: Arc the rock eus|50\/100\n|\n|-end|p1a: Clefable|move: Taunt\n|upkeep\n|turn|17\n|\n|t:|1698888150\n|switch|p2a: Uwu orb|Magearna|92\/100\n|move|p1a: Clefable|Moonblast|p2a: Uwu orb\n|-resisted|p2a: Uwu orb\n|-damage|p2a: Uwu orb|57\/100\n|\n|-heal|p2a: Uwu orb|63\/100|[from] item: Leftovers\n|upkeep\n|turn|18\n|\n|t:|1698888160\n|move|p2a: Uwu orb|Thunder Wave|p1a: Clefable\n|-status|p1a: Clefable|par\n|move|p1a: Clefable|Moonblast|p2a: Uwu orb\n|-resisted|p2a: Uwu orb\n|-damage|p2a: Uwu orb|34\/100\n|-unboost|p2a: Uwu orb|spa|1\n|\n|-heal|p2a: Uwu orb|40\/100|[from] item: Leftovers\n|upkeep\n|turn|19\n|\n|t:|1698888163\n|move|p2a: Uwu orb|Spikes|p1a: Clefable\n|-sidestart|p1: leonissenbaum|Spikes\n|cant|p1a: Clefable|par\n|\n|-heal|p2a: Uwu orb|46\/100|[from] item: Leftovers\n|upkeep\n|turn|20\n|\n|t:|1698888166\n|move|p2a: Uwu orb|Spikes|p1a: Clefable\n|-sidestart|p1: leonissenbaum|Spikes\n|move|p1a: Clefable|Calm Mind|p1a: Clefable\n|-boost|p1a: Clefable|spa|1\n|-boost|p1a: Clefable|spd|1\n|\n|-heal|p2a: Uwu orb|52\/100|[from] item: Leftovers\n|upkeep\n|turn|21\n|\n|t:|1698888168\n|move|p2a: Uwu orb|Volt Switch|p1a: Clefable\n|-damage|p1a: Clefable|94\/100 par\n|\n|t:|1698888171\n|switch|p2a: Filler|Landorus, M|100\/100|[from] Volt Switch\n|move|p1a: Clefable|Moonblast|p2a: Filler\n|-damage|p2a: Filler|0 fnt\n|faint|p2a: Filler\n|\n|-heal|p1a: Clefable|100\/100 par|[from] item: Leftovers\n|upkeep\n|\n|t:|1698888174\n|switch|p2a: Cynthia DREAM ON|Garchomp, M|100\/100\n|turn|22\n|\n|t:|1698888182\n|-terastallize|p2a: Cynthia DREAM ON|Steel\n|move|p2a: Cynthia DREAM ON|Iron Head|p1a: Clefable\n|-supereffective|p1a: Clefable\n|-damage|p1a: Clefable|0 fnt\n|faint|p1a: Clefable\n|\n|upkeep\n|c|\u2606HinaKagiyama1|Bye bye\n|\n|t:|1698888207\n|switch|p1a: Arceus|Arceus-Grass|91\/100\n|-damage|p1a: Arceus|66\/100|[from] Spikes\n|-damage|p1a: Arceus|53\/100|[from] Stealth Rock\n|turn|23\n|\n|t:|1698888217\n|move|p2a: Cynthia DREAM ON|Scale Shot|p1a: Arceus\n|-damage|p1a: Arceus|46\/100\n|-damage|p1a: Arceus|38\/100\n|-damage|p1a: Arceus|31\/100\n|-damage|p1a: Arceus|23\/100\n|-damage|p1a: Arceus|16\/100\n|-hitcount|p1a: Arceus|5\n|-unboost|p2a: Cynthia DREAM ON|def|1\n|-boost|p2a: Cynthia DREAM ON|spe|1\n|move|p1a: Arceus|Recover|p1a: Arceus\n|-heal|p1a: Arceus|66\/100\n|\n|upkeep\n|turn|24\n|\n|t:|1698888223\n|switch|p2a: Uwu orb|Magearna|52\/100\n|move|p1a: Arceus|Will-O-Wisp|p2a: Uwu orb\n|-status|p2a: Uwu orb|brn\n|\n|-heal|p2a: Uwu orb|58\/100 brn|[from] item: Leftovers\n|-damage|p2a: Uwu orb|52\/100 brn|[from] brn\n|upkeep\n|turn|25\n|\n|t:|1698888229\n|move|p1a: Arceus|Taunt|p2a: Uwu orb\n|-start|p2a: Uwu orb|move: Taunt\n|cant|p2a: Uwu orb|move: Taunt|Thunder Wave\n|\n|-heal|p2a: Uwu orb|58\/100 brn|[from] item: Leftovers\n|-damage|p2a: Uwu orb|52\/100 brn|[from] brn\n|upkeep\n|turn|26\n|\n|t:|1698888239\n|move|p1a: Arceus|Judgment|p2a: Uwu orb\n|-resisted|p2a: Uwu orb\n|-damage|p2a: Uwu orb|32\/100 brn\n|move|p2a: Uwu orb|Volt Switch|p1a: Arceus\n|-resisted|p1a: Arceus\n|-damage|p1a: Arceus|56\/100\n|\n|t:|1698888244\n|switch|p2a: DREAM ON|Tyranitar, F|51\/100|[from] Volt Switch\n|-weather|Sandstorm|[from] ability: Sand Stream|[of] p2a: DREAM ON\n|\n|-weather|Sandstorm|[upkeep]\n|-damage|p1a: Arceus|49\/100|[from] Sandstorm\n|upkeep\n|turn|27\n|\n|t:|1698888250\n|move|p1a: Arceus|Recover|p1a: Arceus\n|-heal|p1a: Arceus|99\/100\n|move|p2a: DREAM ON|Stone Edge|p1a: Arceus\n|-damage|p1a: Arceus|68\/100\n|\n|-weather|Sandstorm|[upkeep]\n|-damage|p1a: Arceus|62\/100|[from] Sandstorm\n|upkeep\n|turn|28\n|\n|t:|1698888254\n|move|p1a: Arceus|Will-O-Wisp|p2a: DREAM ON\n|-status|p2a: DREAM ON|brn\n|move|p2a: DREAM ON|Thunder Wave|p1a: Arceus\n|-status|p1a: Arceus|par\n|\n|-weather|Sandstorm|[upkeep]\n|-damage|p1a: Arceus|56\/100 par|[from] Sandstorm\n|-damage|p2a: DREAM ON|45\/100 brn|[from] brn\n|upkeep\n|turn|29\n|\n|t:|1698888259\n|switch|p2a: Uwu orb|Magearna|32\/100 brn\n|move|p1a: Arceus|Recover|p1a: Arceus\n|-heal|p1a: Arceus|100\/100 par\n|\n|-weather|Sandstorm|[upkeep]\n|-damage|p1a: Arceus|94\/100 par|[from] Sandstorm\n|-heal|p2a: Uwu orb|38\/100 brn|[from] item: Leftovers\n|-damage|p2a: Uwu orb|32\/100 brn|[from] brn\n|upkeep\n|turn|30\n|\n|t:|1698888264\n|move|p2a: Uwu orb|Fleur Cannon|p1a: Arceus\n|-damage|p1a: Arceus|35\/100 par\n|-unboost|p2a: Uwu orb|spa|2\n|move|p1a: Arceus|Taunt|p2a: Uwu orb\n|-start|p2a: Uwu orb|move: Taunt\n|\n|-weather|Sandstorm|[upkeep]\n|-damage|p1a: Arceus|29\/100 par|[from] Sandstorm\n|-heal|p2a: Uwu orb|38\/100 brn|[from] item: Leftovers\n|-damage|p2a: Uwu orb|32\/100 brn|[from] brn\n|upkeep\n|turn|31\n|\n|t:|1698888269\n|move|p2a: Uwu orb|Volt Switch|p1a: Arceus\n|-resisted|p1a: Arceus\n|-damage|p1a: Arceus|24\/100 par\n|\n|t:|1698888274\n|switch|p2a: Arc the rock eus|Arceus-Rock|50\/100|[from] Volt Switch\n|cant|p1a: Arceus|par\n|\n|-weather|Sandstorm|[upkeep]\n|-damage|p1a: Arceus|18\/100 par|[from] Sandstorm\n|upkeep\n|turn|32\n|\n|t:|1698888278\n|move|p2a: Arc the rock eus|Judgment|p1a: Arceus\n|-damage|p1a: Arceus|0 fnt\n|faint|p1a: Arceus\n|\n|-weather|Sandstorm|[upkeep]\n|upkeep\n|\n|t:|1698888295\n|switch|p1a: Cyclizar|Cyclizar, F|76\/100\n|-damage|p1a: Cyclizar|52\/100|[from] Spikes\n|-damage|p1a: Cyclizar|39\/100|[from] Stealth Rock\n|turn|33\n|c|\u2606leonissenbaum|oh btw\n|c|\u2606leonissenbaum|any reason you dont run houndstone?\n|c|\u2606HinaKagiyama1|\u2026\n|c|\u2606HinaKagiyama1|i forgor it existed\n|c|\u2606leonissenbaum|lmao\n|c|\u2606leonissenbaum|is good\n|\n|t:|1698888326\n|move|p2a: Arc the rock eus|Recover|p2a: Arc the rock eus\n|-heal|p2a: Arc the rock eus|99\/100\n|move|p1a: Cyclizar|Rapid Spin|p2a: Arc the rock eus\n|-resisted|p2a: Arc the rock eus\n|-damage|p2a: Arc the rock eus|95\/100\n|-boost|p1a: Cyclizar|spe|1\n|-sideend|p1: leonissenbaum|Spikes|[from] move: Rapid Spin|[of] p1a: Cyclizar\n|-sideend|p1: leonissenbaum|Stealth Rock|[from] move: Rapid Spin|[of] p1a: Cyclizar\n|\n|-weather|none\n|upkeep\n|turn|34\n|c|\u2606HinaKagiyama1|Welp\n|c|\u2606HinaKagiyama1|I know who to replace lando with\n|\n|t:|1698888344\n|switch|p1a: Blissey|Blissey, F|100\/100\n|move|p2a: Arc the rock eus|Judgment|p1a: Blissey\n|-damage|p1a: Blissey|85\/100\n|\n|upkeep\n|turn|35\n|\n|t:|1698888349\n|move|p2a: Arc the rock eus|Taunt|p1a: Blissey\n|-start|p1a: Blissey|move: Taunt\n|move|p1a: Blissey|Seismic Toss|p2a: Arc the rock eus\n|-damage|p2a: Arc the rock eus|73\/100\n|\n|upkeep\n|turn|36\n|\n|t:|1698888354\n|switch|p2a: Uwu orb|Magearna|32\/100 brn\n|move|p1a: Blissey|Seismic Toss|p2a: Uwu orb\n|-damage|p2a: Uwu orb|5\/100 brn\n|\n|-heal|p2a: Uwu orb|11\/100 brn|[from] item: Leftovers\n|-damage|p2a: Uwu orb|5\/100 brn|[from] brn\n|upkeep\n|turn|37\n|\n|t:|1698888369\n|switch|p1a: Cyclizar|Cyclizar, F|72\/100\n|move|p2a: Uwu orb|Volt Switch|p1a: Cyclizar\n|-resisted|p1a: Cyclizar\n|-damage|p1a: Cyclizar|55\/100\n|\n|t:|1698888374\n|switch|p2a: Donphozo|Donphan, F|100\/100|[from] Volt Switch\n|\n|upkeep\n|turn|38\n|\n|t:|1698888382\n|move|p1a: Cyclizar|Knock Off|p2a: Donphozo\n|-damage|p2a: Donphozo|86\/100\n|-enditem|p2a: Donphozo|Heavy-Duty Boots|[from] move: Knock Off|[of] p1a: Cyclizar\n|move|p2a: Donphozo|Earthquake|p1a: Cyclizar\n|-damage|p1a: Cyclizar|0 fnt\n|faint|p1a: Cyclizar\n|\n|upkeep\n|\n|t:|1698888394\n|switch|p1a: Crocalor|Crocalor, F|100\/100\n|turn|39\n|c|\u2606HinaKagiyama1|I wonder if ice shard would have killed\n|\n|t:|1698888402\n|move|p2a: Donphozo|Earthquake|p1a: Crocalor\n|-supereffective|p1a: Crocalor\n|-damage|p1a: Crocalor|41\/100\n|move|p1a: Crocalor|Will-O-Wisp|p2a: Donphozo\n|-status|p2a: Donphozo|brn\n|\n|-damage|p2a: Donphozo|80\/100 brn|[from] brn\n|upkeep\n|turn|40\n|\n|t:|1698888410\n|move|p2a: Donphozo|Knock Off|p1a: Crocalor\n|-damage|p1a: Crocalor|31\/100\n|-enditem|p1a: Crocalor|Eviolite|[from] move: Knock Off|[of] p2a: Donphozo\n|move|p1a: Crocalor|Slack Off|p1a: Crocalor\n|-heal|p1a: Crocalor|81\/100\n|\n|-damage|p2a: Donphozo|74\/100 brn|[from] brn\n|upkeep\n|turn|41\n|\n|t:|1698888415\n|switch|p2a: Uwu orb|Magearna|5\/100 brn\n|move|p1a: Crocalor|Flamethrower|p2a: Uwu orb\n|-supereffective|p2a: Uwu orb\n|-damage|p2a: Uwu orb|0 fnt\n|faint|p2a: Uwu orb\n|\n|upkeep\n|\n|t:|1698888417\n|switch|p2a: Cynthia DREAM ON|Garchomp, M, tera:Steel|100\/100\n|turn|42\n|\n|t:|1698888427\n|-terastallize|p1a: Crocalor|Flying\n|move|p2a: Cynthia DREAM ON|Earthquake|p1a: Crocalor\n|-immune|p1a: Crocalor\n|move|p1a: Crocalor|Will-O-Wisp|p2a: Cynthia DREAM ON\n|-status|p2a: Cynthia DREAM ON|brn\n|\n|-damage|p2a: Cynthia DREAM ON|94\/100 brn|[from] brn\n|upkeep\n|turn|43\n|c|\u2606HinaKagiyama1|Just wanna say\n|c|\u2606HinaKagiyama1|at the VERY last second I thought\n|c|\u2606HinaKagiyama1|\u201cwait he has his tera doesn\u2019t he\u201d\n|c|\u2606leonissenbaum|lmao\n|\n|t:|1698888451\n|switch|p2a: DREAM ON|Tyranitar, F|45\/100 brn\n|-weather|Sandstorm|[from] ability: Sand Stream|[of] p2a: DREAM ON\n|move|p1a: Crocalor|Flamethrower|p2a: DREAM ON\n|-resisted|p2a: DREAM ON\n|-damage|p2a: DREAM ON|38\/100 brn\n|\n|-weather|Sandstorm|[upkeep]\n|-damage|p1a: Crocalor|75\/100|[from] Sandstorm\n|-damage|p2a: DREAM ON|31\/100 brn|[from] brn\n|upkeep\n|turn|44\n|\n|t:|1698888466\n|switch|p1a: Mew|Mew|90\/100\n|move|p2a: DREAM ON|Thunder Wave||[still]\n|-status|p1a: Mew|par\n|-activate|p1a: Mew|ability: Synchronize\n|-fail|p1a: Mew\n|\n|-weather|Sandstorm|[upkeep]\n|-damage|p1a: Mew|83\/100 par|[from] Sandstorm\n|-heal|p1a: Mew|90\/100 par|[from] item: Leftovers\n|-damage|p2a: DREAM ON|25\/100 brn|[from] brn\n|upkeep\n|turn|45\n|\n|t:|1698888474\n|move|p2a: DREAM ON|Knock Off|p1a: Mew\n|-supereffective|p1a: Mew\n|-damage|p1a: Mew|45\/100 par\n|-enditem|p1a: Mew|Leftovers|[from] move: Knock Off|[of] p2a: DREAM ON\n|move|p1a: Mew|Toxic Spikes|p2a: DREAM ON\n|-sidestart|p2: HinaKagiyama1|move: Toxic Spikes\n|\n|-weather|Sandstorm|[upkeep]\n|-damage|p1a: Mew|39\/100 par|[from] Sandstorm\n|-damage|p2a: DREAM ON|19\/100 brn|[from] brn\n|upkeep\n|turn|46\n|\n|t:|1698888482\n|switch|p2a: Donphozo|Donphan, F|74\/100 brn\n|move|p1a: Mew|Toxic Spikes|p2a: Donphozo\n|-sidestart|p2: HinaKagiyama1|move: Toxic Spikes\n|\n|-weather|Sandstorm|[upkeep]\n|-damage|p1a: Mew|32\/100 par|[from] Sandstorm\n|-damage|p2a: Donphozo|68\/100 brn|[from] brn\n|upkeep\n|turn|47\n|\n|t:|1698888489\n|switch|p1a: Crocalor|Crocalor, F, tera:Flying|75\/100\n|move|p2a: Donphozo|Rapid Spin|p1a: Crocalor\n|-damage|p1a: Crocalor|68\/100\n|-boost|p2a: Donphozo|spe|1\n|-sideend|p2: HinaKagiyama1|Toxic Spikes|[from] move: Rapid Spin|[of] p2a: Donphozo\n|\n|-weather|Sandstorm|[upkeep]\n|-damage|p1a: Crocalor|62\/100|[from] Sandstorm\n|-damage|p2a: Donphozo|62\/100 brn|[from] brn\n|upkeep\n|turn|48\n|c|\u2606HinaKagiyama1|Question\n|c|\u2606HinaKagiyama1|why toxic spike when 3\/4 mons are burnt\n|\n|t:|1698888507\n|move|p2a: Donphozo|Ice Shard|p1a: Crocalor\n|-supereffective|p1a: Crocalor\n|-damage|p1a: Crocalor|50\/100\n|move|p1a: Crocalor|Flamethrower|p2a: Donphozo\n|-damage|p2a: Donphozo|24\/100 brn\n|\n|-weather|Sandstorm|[upkeep]\n|-damage|p1a: Crocalor|44\/100|[from] Sandstorm\n|-damage|p2a: Donphozo|18\/100 brn|[from] brn\n|upkeep\n|turn|49\n|c|\u2606leonissenbaum|for the 1\/4th that aren't\n|\n|t:|1698888514\n|switch|p2a: Arc the rock eus|Arceus-Rock|73\/100\n|move|p1a: Crocalor|Slack Off|p1a: Crocalor\n|-heal|p1a: Crocalor|94\/100\n|\n|-weather|Sandstorm|[upkeep]\n|-damage|p1a: Crocalor|88\/100|[from] Sandstorm\n|upkeep\n|turn|50\n|c|\u2606HinaKagiyama1|Fair\n|\n|t:|1698888527\n|switch|p1a: Blissey|Blissey, F|85\/100\n|move|p2a: Arc the rock eus|Taunt|p1a: Blissey\n|-start|p1a: Blissey|move: Taunt\n|\n|-weather|none\n|upkeep\n|turn|51\n|\n|t:|1698888539\n|switch|p2a: Cynthia DREAM ON|Garchomp, M, tera:Steel|94\/100 brn\n|move|p1a: Blissey|Seismic Toss|p2a: Cynthia DREAM ON\n|-damage|p2a: Cynthia DREAM ON|66\/100 brn\n|-damage|p1a: Blissey|73\/100|[from] ability: Rough Skin|[of] p2a: Cynthia DREAM ON\n|\n|-damage|p2a: Cynthia DREAM ON|60\/100 brn|[from] brn\n|upkeep\n|turn|52\n|\n|t:|1698888544\n|switch|p1a: Crocalor|Crocalor, F, tera:Flying|88\/100\n|move|p2a: Cynthia DREAM ON|Swords Dance|p2a: Cynthia DREAM ON\n|-boost|p2a: Cynthia DREAM ON|atk|2\n|\n|-damage|p2a: Cynthia DREAM ON|54\/100 brn|[from] brn\n|upkeep\n|turn|53\n|\n|t:|1698888548\n|move|p2a: Cynthia DREAM ON|Scale Shot|p1a: Crocalor\n|-damage|p1a: Crocalor|82\/100\n|-damage|p1a: Crocalor|78\/100\n|-damage|p1a: Crocalor|73\/100\n|-damage|p1a: Crocalor|67\/100\n|-hitcount|p1a: Crocalor|4\n|-unboost|p2a: Cynthia DREAM ON|def|1\n|-boost|p2a: Cynthia DREAM ON|spe|1\n|move|p1a: Crocalor|Flamethrower|p2a: Cynthia DREAM ON\n|-supereffective|p2a: Cynthia DREAM ON\n|-damage|p2a: Cynthia DREAM ON|0 fnt\n|faint|p2a: Cynthia DREAM ON\n|\n|upkeep\n|c|\u2606HinaKagiyama1|Wow\n|c|\u2606HinaKagiyama1|thats sad\n|\n|t:|1698888557\n|switch|p2a: Arc the rock eus|Arceus-Rock|73\/100\n|turn|54\n|c|\u2606leonissenbaum|!dt unaware\n|raw|<ul class=\"utilichart\"><li class=\"result\"><span class=\"col namecol\"><a href=\"https:\/\/dex.pokemonshowdown.com\/abilities\/unaware\">Unaware<\/a><\/span> <span class=\"col abilitydesccol\">This Pokemon ignores other Pokemon's stat stages when taking or doing damage.<\/span> <\/li><li style=\"clear:both\"><\/li><\/ul>\n|raw|<font size=\"1\"><font color=\"#686868\">Gen:<\/font> 4&nbsp;|&ThickSpace;&#10003; Ignored by Mold Breaker<\/font>\n\n|c|\u2606leonissenbaum|dunno if you realized lol\n|c|\u2606HinaKagiyama1|\u2026\n|c|\u2606HinaKagiyama1|<\u2014 may or may not forgot that too\n|\n|t:|1698888576\n|move|p2a: Arc the rock eus|Taunt|p1a: Crocalor\n|-start|p1a: Crocalor|move: Taunt\n|cant|p1a: Crocalor|move: Taunt|Will-O-Wisp\n|\n|upkeep\n|turn|55\n|c|\u2606leonissenbaum|lmao\n|\n|t:|1698888582\n|switch|p1a: Blissey|Blissey, F|73\/100\n|move|p2a: Arc the rock eus|Calm Mind|p2a: Arc the rock eus\n|-boost|p2a: Arc the rock eus|spa|1\n|-boost|p2a: Arc the rock eus|spd|1\n|\n|upkeep\n|turn|56\n|\n|t:|1698888587\n|move|p2a: Arc the rock eus|Calm Mind|p2a: Arc the rock eus\n|-boost|p2a: Arc the rock eus|spa|1\n|-boost|p2a: Arc the rock eus|spd|1\n|move|p1a: Blissey|Seismic Toss|p2a: Arc the rock eus\n|-damage|p2a: Arc the rock eus|50\/100\n|\n|upkeep\n|turn|57\n|\n|t:|1698888590\n|move|p2a: Arc the rock eus|Recover|p2a: Arc the rock eus\n|-heal|p2a: Arc the rock eus|99\/100\n|move|p1a: Blissey|Seismic Toss|p2a: Arc the rock eus\n|-damage|p2a: Arc the rock eus|78\/100\n|\n|upkeep\n|turn|58\n|\n|t:|1698888594\n|move|p2a: Arc the rock eus|Taunt|p1a: Blissey\n|-start|p1a: Blissey|move: Taunt\n|move|p1a: Blissey|Seismic Toss|p2a: Arc the rock eus\n|-damage|p2a: Arc the rock eus|55\/100\n|\n|upkeep\n|turn|59\n|\n|t:|1698888596\n|move|p2a: Arc the rock eus|Judgment|p1a: Blissey\n|-crit|p1a: Blissey\n|-damage|p1a: Blissey|26\/100\n|move|p1a: Blissey|Seismic Toss|p2a: Arc the rock eus\n|-damage|p2a: Arc the rock eus|33\/100\n|\n|upkeep\n|turn|60\n|\n|t:|1698888599\n|move|p2a: Arc the rock eus|Recover|p2a: Arc the rock eus\n|-heal|p2a: Arc the rock eus|83\/100\n|move|p1a: Blissey|Seismic Toss|p2a: Arc the rock eus\n|-damage|p2a: Arc the rock eus|60\/100\n|\n|-end|p1a: Blissey|move: Taunt\n|upkeep\n|turn|61\n|\n|t:|1698888602\n|move|p2a: Arc the rock eus|Judgment|p1a: Blissey\n|-damage|p1a: Blissey|0 fnt\n|faint|p1a: Blissey\n|\n|upkeep\n|c|\u2606HinaKagiyama1|Welp\n|\n|t:|1698888615\n|switch|p1a: Crocalor|Crocalor, F, tera:Flying|67\/100\n|turn|62\n|\n|t:|1698888618\n|move|p2a: Arc the rock eus|Taunt|p1a: Crocalor\n|-start|p1a: Crocalor|move: Taunt\n|move|p1a: Crocalor|Flamethrower|p2a: Arc the rock eus\n|-resisted|p2a: Arc the rock eus\n|-damage|p2a: Arc the rock eus|50\/100\n|\n|upkeep\n|turn|63\n|c|\u2606leonissenbaum|gg\n|\n|t:|1698888621\n|move|p2a: Arc the rock eus|Recover|p2a: Arc the rock eus\n|-heal|p2a: Arc the rock eus|99\/100\n|move|p1a: Crocalor|Flamethrower|p2a: Arc the rock eus\n|-resisted|p2a: Arc the rock eus\n|-damage|p2a: Arc the rock eus|90\/100\n|\n|upkeep\n|turn|64\n|c|\u2606HinaKagiyama1|Say no to stall bullying\n|\n|t:|1698888629\n|move|p2a: Arc the rock eus|Judgment|p1a: Crocalor\n|-supereffective|p1a: Crocalor\n|-damage|p1a: Crocalor|0 fnt\n|faint|p1a: Crocalor\n|\n|upkeep\n|c|\u2606leonissenbaum|true\n|\n|t:|1698888635\n|switch|p1a: Mew|Mew|32\/100 par\n|turn|65\n|\n|t:|1698888638\n|move|p2a: Arc the rock eus|Judgment|p1a: Mew\n|-damage|p1a: Mew|0 fnt\n|faint|p1a: Mew\n|\n|win|HinaKagiyama1\n","uploadtime":1698888643,"views":15,"p1id":"leonissenbaum","p2id":"hinakagiyama1","formatid":"gen9ubers","rating":0,"private":0,"password":""}