{"id":"gen9ubers-1982793427","p1":"ToaEevee","p2":"SuckyTheClown","format":"[Gen 9] Ubers","log":"|j|\u2606ToaEevee\n|j|\u2606SuckyTheClown\n|t:|1699045453\n|gametype|singles\n|player|p1|ToaEevee|firebreather|\n|player|p2|SuckyTheClown|lance|\n|teamsize|p1|6\n|teamsize|p2|6\n|gen|9\n|tier|[Gen 9] Ubers\n|rule|Sleep Clause Mod: Limit one foe put to sleep\n|rule|Species Clause: Limit one of each Pok\u00e9mon\n|rule|OHKO Clause: OHKO moves are banned\n|rule|Evasion Items Clause: Evasion items are banned\n|rule|Evasion Moves Clause: Evasion moves are banned\n|rule|Endless Battle Clause: Forcing endless battles is banned\n|rule|HP Percentage Mod: HP is shown in percentages\n|clearpoke\n|poke|p1|Toxapex, F|\n|poke|p1|Slowking, M|\n|poke|p1|Baxcalibur, F|\n|poke|p1|Toedscruel, M|\n|poke|p1|Ogerpon-Hearthflame, F|\n|poke|p1|Mismagius, F|\n|poke|p2|Urshifu-*, M|\n|poke|p2|Breloom, M|\n|poke|p2|Regieleki|\n|poke|p2|Tinkaton, F|\n|poke|p2|Golduck, F|\n|poke|p2|Pelipper, F|\n|teampreview\n|\n|t:|1699045457\n|start\n|switch|p1a: Toedscruel|Toedscruel, M|100\/100\n|switch|p2a: Pelipper|Pelipper, F|100\/100\n|-weather|RainDance|[from] ability: Drizzle|[of] p2a: Pelipper\n|turn|1\n|\n|t:|1699045469\n|switch|p1a: Slowking|Slowking, M|100\/100\n|move|p2a: Pelipper|Weather Ball|p1a: Slowking\n|-resisted|p1a: Slowking\n|-damage|p1a: Slowking|81\/100\n|\n|-weather|RainDance|[upkeep]\n|-heal|p1a: Slowking|87\/100|[from] item: Leftovers\n|upkeep\n|turn|2\n|\n|t:|1699045481\n|move|p2a: Pelipper|U-turn|p1a: Slowking\n|-supereffective|p1a: Slowking\n|-damage|p1a: Slowking|73\/100\n|\n|t:|1699045486\n|switch|p2a: Regieleki|Regieleki|100\/100|[from] U-turn\n|move|p1a: Slowking|Future Sight|p2a: Regieleki\n|-start|p1a: Slowking|move: Future Sight\n|\n|-weather|RainDance|[upkeep]\n|-heal|p1a: Slowking|79\/100|[from] item: Leftovers\n|upkeep\n|turn|3\n|\n|t:|1699045500\n|switch|p1a: Toedscruel|Toedscruel, M|100\/100\n|move|p2a: Regieleki|Volt Switch|p1a: Toedscruel\n|-immune|p1a: Toedscruel\n|\n|-weather|RainDance|[upkeep]\n|upkeep\n|turn|4\n|\n|t:|1699045511\n|switch|p2a: Pelipper|Pelipper, F|100\/100\n|switch|p1a: Baxcalibur|Baxcalibur, F|100\/100\n|\n|-weather|RainDance|[upkeep]\n|-end|p2a: Pelipper|move: Future Sight\n|-damage|p2a: Pelipper|43\/100\n|upkeep\n|turn|5\n|\n|t:|1699045524\n|move|p1a: Baxcalibur|Dragon Dance|p1a: Baxcalibur\n|-boost|p1a: Baxcalibur|atk|1\n|-boost|p1a: Baxcalibur|spe|1\n|move|p2a: Pelipper|Weather Ball|p1a: Baxcalibur\n|-resisted|p1a: Baxcalibur\n|-damage|p1a: Baxcalibur|75\/100\n|\n|-weather|RainDance|[upkeep]\n|upkeep\n|turn|6\n|\n|t:|1699045535\n|move|p1a: Baxcalibur|Dragon Dance|p1a: Baxcalibur\n|-boost|p1a: Baxcalibur|atk|1\n|-boost|p1a: Baxcalibur|spe|1\n|move|p2a: Pelipper|Hurricane|p1a: Baxcalibur\n|-damage|p1a: Baxcalibur|36\/100\n|\n|-weather|RainDance|[upkeep]\n|upkeep\n|turn|7\n|\n|t:|1699045550\n|move|p1a: Baxcalibur|Icicle Crash|p2a: Pelipper|[miss]\n|-miss|p1a: Baxcalibur|p2a: Pelipper\n|move|p2a: Pelipper|Hurricane|p1a: Baxcalibur\n|-damage|p1a: Baxcalibur|0 fnt\n|faint|p1a: Baxcalibur\n|\n|-weather|RainDance|[upkeep]\n|upkeep\n|\n|t:|1699045558\n|switch|p1a: Mismagius|Mismagius, F|100\/100\n|turn|8\n|\n|t:|1699045572\n|switch|p2a: Tinkaton|Tinkaton, F|100\/100\n|-ability|p2a: Tinkaton|Mold Breaker\n|move|p1a: Mismagius|Thunderbolt|p2a: Tinkaton\n|-damage|p2a: Tinkaton|74\/100\n|\n|-weather|none\n|-heal|p2a: Tinkaton|80\/100|[from] item: Leftovers\n|upkeep\n|turn|9\n|\n|t:|1699045602\n|switch|p1a: Toxapex|Toxapex, F|100\/100\n|move|p2a: Tinkaton|Swords Dance|p2a: Tinkaton\n|-boost|p2a: Tinkaton|atk|2\n|\n|-heal|p2a: Tinkaton|86\/100|[from] item: Leftovers\n|upkeep\n|turn|10\n|\n|t:|1699045624\n|move|p2a: Tinkaton|Knock Off|p1a: Toxapex\n|-damage|p1a: Toxapex|71\/100\n|-enditem|p1a: Toxapex|Black Sludge|[from] move: Knock Off|[of] p2a: Tinkaton\n|move|p1a: Toxapex|Toxic Spikes|p2a: Tinkaton\n|-sidestart|p2: SuckyTheClown|move: Toxic Spikes\n|\n|-heal|p2a: Tinkaton|92\/100|[from] item: Leftovers\n|upkeep\n|turn|11\n|\n|t:|1699045632\n|switch|p1a: Slowking|Slowking, M|100\/100\n|move|p2a: Tinkaton|Gigaton Hammer|p1a: Slowking\n|-resisted|p1a: Slowking\n|-damage|p1a: Slowking|53\/100\n|\n|-heal|p2a: Tinkaton|99\/100|[from] item: Leftovers\n|-heal|p1a: Slowking|59\/100|[from] item: Leftovers\n|upkeep\n|turn|12\n|\n|t:|1699045642\n|switch|p1a: Toedscruel|Toedscruel, M|100\/100\n|move|p2a: Tinkaton|Knock Off|p1a: Toedscruel\n|-damage|p1a: Toedscruel|20\/100\n|-enditem|p1a: Toedscruel|Expert Belt|[from] move: Knock Off|[of] p2a: Tinkaton\n|\n|-heal|p2a: Tinkaton|100\/100|[from] item: Leftovers\n|upkeep\n|turn|13\n|\n|t:|1699045653\n|move|p1a: Toedscruel|Earth Power|p2a: Tinkaton\n|-supereffective|p2a: Tinkaton\n|-damage|p2a: Tinkaton|25\/100\n|move|p2a: Tinkaton|Knock Off|p1a: Toedscruel\n|-damage|p1a: Toedscruel|0 fnt\n|faint|p1a: Toedscruel\n|\n|-heal|p2a: Tinkaton|31\/100|[from] item: Leftovers\n|upkeep\n|\n|t:|1699045666\n|switch|p1a: Mismagius|Mismagius, F|100\/100\n|turn|14\n|\n|t:|1699045672\n|move|p1a: Mismagius|Thunder Wave|p2a: Tinkaton\n|-status|p2a: Tinkaton|par\n|move|p2a: Tinkaton|Knock Off|p1a: Mismagius\n|-supereffective|p1a: Mismagius\n|-enditem|p1a: Mismagius|Focus Sash\n|-damage|p1a: Mismagius|1\/100\n|\n|-heal|p2a: Tinkaton|37\/100 par|[from] item: Leftovers\n|upkeep\n|turn|15\n|\n|t:|1699045681\n|move|p1a: Mismagius|Shadow Ball|p2a: Tinkaton\n|-damage|p2a: Tinkaton|2\/100 par\n|-unboost|p2a: Tinkaton|spd|1\n|cant|p2a: Tinkaton|par\n|\n|-heal|p2a: Tinkaton|9\/100 par|[from] item: Leftovers\n|upkeep\n|turn|16\n|\n|t:|1699045692\n|move|p1a: Mismagius|Shadow Ball|p2a: Tinkaton\n|-damage|p2a: Tinkaton|0 fnt\n|faint|p2a: Tinkaton\n|\n|upkeep\n|\n|t:|1699045718\n|switch|p2a: Regieleki|Regieleki|100\/100\n|-status|p2a: Regieleki|psn\n|turn|17\n|\n|t:|1699045738\n|switch|p1a: Ogerpon|Ogerpon-Hearthflame, F|100\/100\n|-ability|p1a: Ogerpon|Mold Breaker\n|move|p2a: Regieleki|Volt Switch|p1a: Ogerpon\n|-resisted|p1a: Ogerpon\n|-damage|p1a: Ogerpon|72\/100\n|\n|t:|1699045744\n|switch|p2a: Pelipper|Pelipper, F|43\/100|[from] Volt Switch\n|-weather|RainDance|[from] ability: Drizzle|[of] p2a: Pelipper\n|\n|-weather|RainDance|[upkeep]\n|upkeep\n|turn|18\n|\n|t:|1699045765\n|switch|p1a: Mismagius|Mismagius, F|1\/100\n|move|p2a: Pelipper|Hurricane|p1a: Mismagius\n|-damage|p1a: Mismagius|0 fnt\n|faint|p1a: Mismagius\n|\n|-weather|RainDance|[upkeep]\n|upkeep\n|\n|t:|1699045774\n|switch|p1a: Slowking|Slowking, M|93\/100\n|turn|19\n|\n|t:|1699045779\n|move|p2a: Pelipper|U-turn|p1a: Slowking\n|-supereffective|p1a: Slowking\n|-damage|p1a: Slowking|78\/100\n|\n|t:|1699045780\n|switch|p2a: Regieleki|Regieleki|100\/100 psn|[from] U-turn\n|move|p1a: Slowking|Future Sight|p2a: Regieleki\n|-start|p1a: Slowking|move: Future Sight\n|\n|-weather|RainDance|[upkeep]\n|-heal|p1a: Slowking|85\/100|[from] item: Leftovers\n|-damage|p2a: Regieleki|88\/100 psn|[from] psn\n|upkeep\n|turn|20\n|\n|t:|1699045795\n|switch|p1a: Ogerpon|Ogerpon-Hearthflame, F|72\/100\n|-ability|p1a: Ogerpon|Mold Breaker\n|move|p2a: Regieleki|Thunder Cage|p1a: Ogerpon\n|-resisted|p1a: Ogerpon\n|-damage|p1a: Ogerpon|40\/100\n|-activate|p1a: Ogerpon|move: Thunder Cage|[of] p2a: Regieleki\n|\n|-weather|RainDance|[upkeep]\n|-damage|p2a: Regieleki|76\/100 psn|[from] psn\n|-damage|p1a: Ogerpon|28\/100|[from] move: Thunder Cage|[partiallytrapped]\n|upkeep\n|turn|21\n|\n|t:|1699045817\n|-terastallize|p2a: Regieleki|Rock\n|-terastallize|p1a: Ogerpon|Fire\n|detailschange|p1a: Ogerpon|Ogerpon-Hearthflame-Tera, F, tera:Fire\n|-ability|p1a: Ogerpon|Embody Aspect (Hearthflame)|boost\n|-boost|p1a: Ogerpon|atk|1\n|move|p2a: Regieleki|Tera Blast|p1a: Ogerpon|[anim] Tera Blast Rock\n|-supereffective|p1a: Ogerpon\n|-damage|p1a: Ogerpon|0 fnt\n|faint|p1a: Ogerpon\n|\n|-weather|RainDance|[upkeep]\n|-end|p2a: Regieleki|move: Future Sight\n|-damage|p2a: Regieleki|0 fnt\n|faint|p2a: Regieleki\n|upkeep\n|\n|t:|1699045834\n|switch|p2a: Breloom|Breloom, M|100\/100\n|switch|p1a: Slowking|Slowking, M|100\/100\n|-status|p2a: Breloom|psn\n|turn|22\n|\n|t:|1699045841\n|switch|p1a: Toxapex|Toxapex, F|100\/100\n|move|p2a: Breloom|Spore|p1a: Toxapex\n|-status|p1a: Toxapex|slp|[from] move: Spore\n|\n|-weather|RainDance|[upkeep]\n|upkeep\n|turn|23\n|\n|t:|1699045853\n|move|p2a: Breloom|Swords Dance|p2a: Breloom\n|-boost|p2a: Breloom|atk|2\n|cant|p1a: Toxapex|slp\n|\n|-weather|RainDance|[upkeep]\n|upkeep\n|turn|24\n|\n|t:|1699045861\n|-curestatus|p1a: Toxapex|slp|[msg]\n|move|p1a: Toxapex|Baneful Bunker|p1a: Toxapex\n|-singleturn|p1a: Toxapex|move: Protect\n|move|p2a: Breloom|Substitute|p2a: Breloom\n|-start|p2a: Breloom|Substitute\n|-damage|p2a: Breloom|76\/100 psn\n|\n|-weather|none\n|-heal|p2a: Breloom|88\/100 psn|[from] ability: Poison Heal\n|upkeep\n|turn|25\n|\n|t:|1699045870\n|move|p2a: Breloom|Spore|p1a: Toxapex\n|-status|p1a: Toxapex|slp|[from] move: Spore\n|cant|p1a: Toxapex|slp\n|\n|-heal|p2a: Breloom|99\/100 psn|[from] ability: Poison Heal\n|upkeep\n|turn|26\n|\n|t:|1699045877\n|move|p2a: Breloom|Swords Dance|p2a: Breloom\n|-boost|p2a: Breloom|atk|2\n|cant|p1a: Toxapex|slp\n|\n|-heal|p2a: Breloom|100\/100 psn|[from] ability: Poison Heal\n|upkeep\n|turn|27\n|\n|t:|1699045883\n|-singleturn|p2a: Breloom|move: Focus Punch\n|-curestatus|p1a: Toxapex|slp|[msg]\n|move|p1a: Toxapex|Poison Jab|p2a: Breloom\n|-supereffective|p2a: Breloom\n|-end|p2a: Breloom|Substitute\n|move|p2a: Breloom|Focus Punch|p1a: Toxapex\n|-resisted|p1a: Toxapex\n|-damage|p1a: Toxapex|28\/100\n|\n|upkeep\n|turn|28\n|\n|t:|1699045894\n|move|p2a: Breloom|Spore|p1a: Toxapex\n|-status|p1a: Toxapex|slp|[from] move: Spore\n|cant|p1a: Toxapex|slp\n|\n|upkeep\n|turn|29\n|\n|t:|1699045899\n|-singleturn|p2a: Breloom|move: Focus Punch\n|cant|p1a: Toxapex|slp\n|move|p2a: Breloom|Focus Punch|p1a: Toxapex\n|-resisted|p1a: Toxapex\n|-damage|p1a: Toxapex|0 fnt\n|faint|p1a: Toxapex\n|\n|upkeep\n|\n|t:|1699045907\n|switch|p1a: Slowking|Slowking, M|100\/100\n|turn|30\n|\n|t:|1699045915\n|move|p2a: Breloom|Spore|p1a: Slowking\n|-status|p1a: Slowking|slp|[from] move: Spore\n|cant|p1a: Slowking|slp\n|\n|upkeep\n|turn|31\n|\n|t:|1699045921\n|move|p2a: Breloom|Substitute|p2a: Breloom\n|-start|p2a: Breloom|Substitute\n|-damage|p2a: Breloom|76\/100 psn\n|cant|p1a: Slowking|slp\n|\n|-heal|p2a: Breloom|88\/100 psn|[from] ability: Poison Heal\n|upkeep\n|turn|32\n|\n|t:|1699045927\n|-singleturn|p2a: Breloom|move: Focus Punch\n|-curestatus|p1a: Slowking|slp|[msg]\n|move|p1a: Slowking|Future Sight|p2a: Breloom\n|-start|p1a: Slowking|move: Future Sight\n|move|p2a: Breloom|Focus Punch|p1a: Slowking\n|-resisted|p1a: Slowking\n|-damage|p1a: Slowking|0 fnt\n|faint|p1a: Slowking\n|\n|win|SuckyTheClown\n|c|\u2606SuckyTheClown|BRELOOM COOKING\n|c|\u2606ToaEevee|dang\n|c|\u2606SuckyTheClown|that felt good\n","uploadtime":1699046051,"views":19,"p1id":"toaeevee","p2id":"suckytheclown","formatid":"gen9ubers","rating":0,"private":0,"password":""}