{"id":"gen9ubers-1970214664","p1":"Takiaz","p2":"Redrainreyes","format":"[Gen 9] Ubers","log":"|j|\u2606Takiaz\n|j|\u2606Redrainreyes\n|t:|1697611698\n|gametype|singles\n|player|p1|Takiaz|169|1118\n|player|p2|Redrainreyes|101|1014\n|teamsize|p1|6\n|teamsize|p2|6\n|gen|9\n|tier|[Gen 9] Ubers\n|rated|\n|rule|Sleep Clause Mod: Limit one foe put to sleep\n|rule|Species Clause: Limit one of each Pok\u00e9mon\n|rule|OHKO Clause: OHKO moves are banned\n|rule|Evasion Items Clause: Evasion items are banned\n|rule|Evasion Moves Clause: Evasion moves are banned\n|rule|Endless Battle Clause: Forcing endless battles is banned\n|rule|HP Percentage Mod: HP is shown in percentages\n|clearpoke\n|poke|p1|Flutter Mane|\n|poke|p1|Mewtwo|\n|poke|p1|Chien-Pao|\n|poke|p1|Infernape, M|\n|poke|p1|Landorus, M|\n|poke|p1|Arceus|\n|poke|p2|Scizor, M|\n|poke|p2|Gallade, M|\n|poke|p2|Ribombee, F|\n|poke|p2|Chandelure, M|\n|poke|p2|Meowscarada, F|\n|poke|p2|Zangoose, M|\n|teampreview\n|inactive|Battle timer is ON: inactive players will automatically lose when time's up. (requested by Redrainreyes)\n|\n|t:|1697611729\n|start\n|switch|p1a: Landorus|Landorus, M|100\/100\n|switch|p2a: Ribombee|Ribombee, F|100\/100\n|turn|1\n|\n|t:|1697611739\n|move|p2a: Ribombee|Sticky Web|p1a: Landorus\n|-sidestart|p1: Takiaz|move: Sticky Web\n|move|p1a: Landorus|U-turn|p2a: Ribombee\n|-resisted|p2a: Ribombee\n|-damage|p2a: Ribombee|68\/100\n|\n|t:|1697611751\n|switch|p1a: Chien-Pao|Chien-Pao|100\/100|[from] U-turn\n|-activate|p1a: Chien-Pao|move: Sticky Web\n|-unboost|p1a: Chien-Pao|spe|1\n|-ability|p1a: Chien-Pao|Sword of Ruin\n|\n|upkeep\n|turn|2\n|\n|t:|1697611762\n|move|p2a: Ribombee|Moonblast|p1a: Chien-Pao\n|-supereffective|p1a: Chien-Pao\n|-damage|p1a: Chien-Pao|0 fnt\n|faint|p1a: Chien-Pao\n|\n|upkeep\n|\n|t:|1697611776\n|switch|p1a: Mewtwo|Mewtwo|100\/100\n|-activate|p1a: Mewtwo|move: Sticky Web\n|-unboost|p1a: Mewtwo|spe|1\n|-ability|p1a: Mewtwo|Pressure\n|turn|3\n|inactive|Takiaz has 120 seconds left.\n|\n|t:|1697611825\n|move|p2a: Ribombee|Bug Buzz|p1a: Mewtwo\n|-supereffective|p1a: Mewtwo\n|-damage|p1a: Mewtwo|26\/100\n|move|p1a: Mewtwo|Psystrike|p2a: Ribombee\n|-damage|p2a: Ribombee|0 fnt\n|faint|p2a: Ribombee\n|\n|upkeep\n|\n|t:|1697611832\n|switch|p2a: Zangoose|Zangoose, M|100\/100\n|turn|4\n|\n|t:|1697611853\n|switch|p1a: Flutter Mane|Flutter Mane|100\/100\n|-activate|p1a: Flutter Mane|move: Sticky Web\n|-unboost|p1a: Flutter Mane|spe|1\n|-terastallize|p2a: Zangoose|Normal\n|move|p2a: Zangoose|Facade|p1a: Flutter Mane\n|-immune|p1a: Flutter Mane\n|\n|-status|p2a: Zangoose|tox|[from] item: Toxic Orb\n|upkeep\n|turn|5\n|inactive|Takiaz has 90 seconds left.\n|\n|t:|1697611877\n|switch|p2a: Scizor|Scizor, M|100\/100\n|move|p1a: Flutter Mane|Psyshock|p2a: Scizor\n|-resisted|p2a: Scizor\n|-damage|p2a: Scizor|85\/100\n|\n|upkeep\n|turn|6\n|inactive|Takiaz has 90 seconds left.\n|\n|t:|1697611889\n|-end|p1a: Flutter Mane|Protosynthesis|[silent]\n|switch|p1a: Arceus|Arceus|100\/100\n|-activate|p1a: Arceus|move: Sticky Web\n|-unboost|p1a: Arceus|spe|1\n|move|p2a: Scizor|Swords Dance|p2a: Scizor\n|-boost|p2a: Scizor|atk|2\n|\n|upkeep\n|turn|7\n|inactive|Takiaz has 90 seconds left.\n|\n|t:|1697611902\n|move|p1a: Arceus|Bulk Up|p1a: Arceus\n|-boost|p1a: Arceus|atk|1\n|-boost|p1a: Arceus|def|1\n|move|p2a: Scizor|Acrobatics|p1a: Arceus\n|-damage|p1a: Arceus|71\/100\n|\n|upkeep\n|turn|8\n|\n|t:|1697611909\n|move|p1a: Arceus|Body Slam|p2a: Scizor\n|-resisted|p2a: Scizor\n|-damage|p2a: Scizor|37\/100\n|-damage|p1a: Arceus|62\/100|[from] item: Life Orb\n|move|p2a: Scizor|Swords Dance|p2a: Scizor\n|-boost|p2a: Scizor|atk|2\n|\n|upkeep\n|turn|9\n|\n|t:|1697611915\n|move|p1a: Arceus|Extreme Speed|p2a: Scizor\n|-resisted|p2a: Scizor\n|-damage|p2a: Scizor|0 fnt\n|faint|p2a: Scizor\n|-damage|p1a: Arceus|52\/100|[from] item: Life Orb\n|\n|upkeep\n|\n|t:|1697611918\n|switch|p2a: Chandelure|Chandelure, M|100\/100\n|turn|10\n|\n|t:|1697611927\n|move|p2a: Chandelure|Flamethrower|p1a: Arceus\n|-damage|p1a: Arceus|17\/100\n|move|p1a: Arceus|Recover|p1a: Arceus\n|-heal|p1a: Arceus|67\/100\n|\n|upkeep\n|turn|11\n|inactive|Takiaz has 120 seconds left.\n|\n|t:|1697611942\n|switch|p1a: Landorus|Landorus, M|100\/100\n|move|p2a: Chandelure|Flamethrower|p1a: Landorus\n|-damage|p1a: Landorus|28\/100\n|\n|upkeep\n|turn|12\n|inactive|Takiaz has 120 seconds left.\n|\n|t:|1697611955\n|move|p1a: Landorus|U-turn|p2a: Chandelure\n|-resisted|p2a: Chandelure\n|-damage|p2a: Chandelure|90\/100\n|\n|t:|1697611963\n|switch|p1a: Flutter Mane|Flutter Mane|100\/100|[from] U-turn\n|-activate|p1a: Flutter Mane|move: Sticky Web\n|-unboost|p1a: Flutter Mane|spe|1\n|move|p2a: Chandelure|Flamethrower|p1a: Flutter Mane\n|-crit|p1a: Flutter Mane\n|-damage|p1a: Flutter Mane|14\/100\n|\n|upkeep\n|turn|13\n|inactive|Takiaz has 120 seconds left.\n|\n|t:|1697611973\n|switch|p2a: Meowscarada|Meowscarada, F|100\/100\n|move|p1a: Flutter Mane|Shadow Ball|p2a: Meowscarada\n|-resisted|p2a: Meowscarada\n|-damage|p2a: Meowscarada|67\/100\n|\n|upkeep\n|turn|14\n|\n|t:|1697611983\n|-end|p1a: Flutter Mane|Protosynthesis|[silent]\n|switch|p1a: Arceus|Arceus|67\/100\n|-activate|p1a: Arceus|move: Sticky Web\n|-unboost|p1a: Arceus|spe|1\n|move|p2a: Meowscarada|U-turn|p1a: Arceus\n|-damage|p1a: Arceus|46\/100\n|\n|t:|1697611987\n|switch|p2a: Zangoose|Zangoose, M, tera:Normal|100\/100 tox|[from] U-turn\n|\n|-damage|p2a: Zangoose|95\/100 tox|[from] psn\n|upkeep\n|turn|15\n|\n|t:|1697611992\n|move|p2a: Zangoose|Knock Off|p1a: Arceus\n|-damage|p1a: Arceus|12\/100\n|-enditem|p1a: Arceus|Life Orb|[from] move: Knock Off|[of] p2a: Zangoose\n|move|p1a: Arceus|Recover|p1a: Arceus\n|-heal|p1a: Arceus|62\/100\n|\n|-damage|p2a: Zangoose|83\/100 tox|[from] psn\n|upkeep\n|turn|16\n|\n|t:|1697612004\n|move|p1a: Arceus|Extreme Speed|p2a: Zangoose\n|-crit|p2a: Zangoose\n|-damage|p2a: Zangoose|0 fnt\n|faint|p2a: Zangoose\n|\n|upkeep\n|\n|t:|1697612009\n|switch|p2a: Gallade|Gallade, M|100\/100\n|turn|17\n|\n|t:|1697612025\n|move|p1a: Arceus|Extreme Speed|p2a: Gallade\n|-damage|p2a: Gallade|21\/100\n|move|p2a: Gallade|Sacred Sword|p1a: Arceus\n|-supereffective|p1a: Arceus\n|-damage|p1a: Arceus|0 fnt\n|faint|p1a: Arceus\n|\n|upkeep\n|\n|t:|1697612034\n|switch|p1a: Landorus|Landorus, M|28\/100\n|turn|18\n|\n|t:|1697612038\n|move|p2a: Gallade|Sacred Sword|p1a: Landorus\n|-resisted|p1a: Landorus\n|-damage|p1a: Landorus|0 fnt\n|faint|p1a: Landorus\n|\n|upkeep\n|\n|t:|1697612043\n|switch|p1a: Infernape|Infernape, M|100\/100\n|-activate|p1a: Infernape|move: Sticky Web\n|-unboost|p1a: Infernape|spe|1\n|turn|19\n|\n|t:|1697612063\n|switch|p2a: Chandelure|Chandelure, M|90\/100\n|move|p1a: Infernape|Fire Punch|p2a: Chandelure\n|-start|p2a: Chandelure|ability: Flash Fire\n|\n|upkeep\n|turn|20\n|\n|t:|1697612075\n|switch|p1a: Mewtwo|Mewtwo|26\/100\n|-activate|p1a: Mewtwo|move: Sticky Web\n|-unboost|p1a: Mewtwo|spe|1\n|-ability|p1a: Mewtwo|Pressure\n|move|p2a: Chandelure|Shadow Ball|p1a: Mewtwo\n|-supereffective|p1a: Mewtwo\n|-damage|p1a: Mewtwo|0 fnt\n|faint|p1a: Mewtwo\n|\n|upkeep\n|\n|t:|1697612076\n|switch|p1a: Flutter Mane|Flutter Mane|14\/100\n|-activate|p1a: Flutter Mane|move: Sticky Web\n|-unboost|p1a: Flutter Mane|spe|1\n|turn|21\n|\n|t:|1697612082\n|move|p1a: Flutter Mane|Shadow Ball|p2a: Chandelure\n|-supereffective|p2a: Chandelure\n|-damage|p2a: Chandelure|0 fnt\n|faint|p2a: Chandelure\n|\n|upkeep\n|\n|t:|1697612085\n|switch|p2a: Meowscarada|Meowscarada, F|67\/100\n|turn|22\n|\n|t:|1697612090\n|move|p1a: Flutter Mane|Shadow Ball|p2a: Meowscarada\n|-resisted|p2a: Meowscarada\n|-damage|p2a: Meowscarada|33\/100\n|move|p2a: Meowscarada|U-turn|p1a: Flutter Mane\n|-resisted|p1a: Flutter Mane\n|-damage|p1a: Flutter Mane|0 fnt\n|faint|p1a: Flutter Mane\n|-end|p1a: Flutter Mane|Protosynthesis|[silent]\n|\n|t:|1697612093\n|switch|p2a: Gallade|Gallade, M|21\/100|[from] U-turn\n|\n|upkeep\n|\n|t:|1697612095\n|switch|p1a: Infernape|Infernape, M|100\/100\n|-activate|p1a: Infernape|move: Sticky Web\n|-unboost|p1a: Infernape|spe|1\n|turn|23\n|\n|t:|1697612112\n|move|p2a: Gallade|Psycho Cut|p1a: Infernape\n|-supereffective|p1a: Infernape\n|-enditem|p1a: Infernape|Focus Sash\n|-damage|p1a: Infernape|1\/100\n|move|p1a: Infernape|Agility|p1a: Infernape\n|-boost|p1a: Infernape|spe|2\n|\n|upkeep\n|turn|24\n|\n|t:|1697612125\n|move|p1a: Infernape|Fire Punch|p2a: Gallade\n|-damage|p2a: Gallade|0 fnt\n|faint|p2a: Gallade\n|\n|upkeep\n|\n|t:|1697612126\n|switch|p2a: Meowscarada|Meowscarada, F|33\/100\n|turn|25\n|\n|t:|1697612128\n|move|p2a: Meowscarada|Sucker Punch|p1a: Infernape\n|-resisted|p1a: Infernape\n|-damage|p1a: Infernape|0 fnt\n|faint|p1a: Infernape\n|\n|win|Redrainreyes\n|raw|Takiaz's rating: 1118 &rarr; <strong>1086<\/strong><br \/>(-32 for losing)\n|raw|Redrainreyes's rating: 1014 &rarr; <strong>1063<\/strong><br \/>(+49 for winning)\n|l|\u2606Takiaz\n","uploadtime":1697612132,"views":18,"p1id":"takiaz","p2id":"redrainreyes","formatid":"gen9ubers","rating":1063,"private":0,"password":""}