{"id":"gen9ubers-1978361218","p1":"RubenPaCe","p2":"PinkScourge","format":"[Gen 9] Ubers","log":"|j|\u2606RubenPaCe\n|j|\u2606PinkScourge\n|t:|1698529384\n|gametype|singles\n|player|p1|RubenPaCe|2|\n|player|p2|PinkScourge|bede-leader|\n|teamsize|p1|6\n|teamsize|p2|6\n|gen|9\n|tier|[Gen 9] Ubers\n|rule|Sleep Clause Mod: Limit one foe put to sleep\n|rule|Species Clause: Limit one of each Pok\u00e9mon\n|rule|OHKO Clause: OHKO moves are banned\n|rule|Evasion Items Clause: Evasion items are banned\n|rule|Evasion Moves Clause: Evasion moves are banned\n|rule|Endless Battle Clause: Forcing endless battles is banned\n|rule|HP Percentage Mod: HP is shown in percentages\n|clearpoke\n|poke|p1|Pelipper, M|\n|poke|p1|Palafin, M|\n|poke|p1|Basculegion-F, F|\n|poke|p1|Magearna|\n|poke|p1|Arceus-Poison|\n|poke|p1|Dialga|\n|poke|p2|Indeedee-F, F|\n|poke|p2|Arceus-Psychic|\n|poke|p2|Palkia|\n|poke|p2|Alomomola, F|\n|poke|p2|Mandibuzz, F|\n|poke|p2|Slowking-Galar, F|\n|teampreview\n|inactive|Battle timer is ON: inactive players will automatically lose when time's up. (requested by PinkScourge)\n|\n|t:|1698529394\n|start\n|switch|p1a: Palafin|Palafin, M|100\/100\n|switch|p2a: Arceus|Arceus-Psychic|100\/100\n|turn|1\n|\n|t:|1698529399\n|detailschange|p1a: Palafin|Palafin-Hero, M\n|switch|p1a: Magearna|Magearna|100\/100\n|move|p2a: Arceus|Future Sight|p1a: Magearna\n|-start|p2a: Arceus|move: Future Sight\n|\n|upkeep\n|turn|2\n|\n|t:|1698529405\n|switch|p2a: Indeedee|Indeedee-F, F|100\/100\n|-fieldstart|move: Psychic Terrain|[from] ability: Psychic Surge|[of] p2a: Indeedee\n|move|p1a: Magearna|Spikes|p2a: Indeedee\n|-sidestart|p2: PinkScourge|Spikes\n|\n|upkeep\n|turn|3\n|\n|t:|1698529413\n|move|p1a: Magearna|Spikes|p2a: Indeedee\n|-sidestart|p2: PinkScourge|Spikes\n|move|p2a: Indeedee|Trick Room|p2a: Indeedee\n|-fieldstart|move: Trick Room|[of] p2a: Indeedee\n|\n|-end|p1a: Magearna|move: Future Sight\n|-resisted|p1a: Magearna\n|-damage|p1a: Magearna|67\/100\n|-heal|p1a: Magearna|73\/100|[from] item: Leftovers\n|upkeep\n|turn|4\n|\n|t:|1698529422\n|switch|p2a: Slowking|Slowking-Galar, F|100\/100\n|move|p1a: Magearna|Fleur Cannon|p2a: Slowking\n|-resisted|p2a: Slowking\n|-damage|p2a: Slowking|83\/100\n|-unboost|p1a: Magearna|spa|2\n|\n|-heal|p1a: Magearna|79\/100|[from] item: Leftovers\n|upkeep\n|turn|5\n|\n|t:|1698529429\n|switch|p1a: Dialga|Dialga|100\/100\n|-ability|p1a: Dialga|Pressure\n|move|p2a: Slowking|Future Sight|p1a: Dialga\n|-start|p2a: Slowking|move: Future Sight\n|\n|upkeep\n|turn|6\n|\n|t:|1698529433\n|move|p2a: Slowking|Chilly Reception|p2a: Slowking\n|-weather|Snow\n|\n|t:|1698529450\n|switch|p2a: Mandibuzz|Mandibuzz, F|100\/100|[from] Chilly Reception\n|move|p1a: Dialga|Stealth Rock|p2a: Mandibuzz\n|-sidestart|p2: PinkScourge|move: Stealth Rock\n|\n|-weather|Snow|[upkeep]\n|upkeep\n|turn|7\n|\n|t:|1698529458\n|move|p2a: Mandibuzz|Defog|p1a: Dialga\n|-unboost|p1a: Dialga|evasion|1\n|-sideend|p2: PinkScourge|Spikes|[from] move: Defog|[of] p2a: Mandibuzz\n|-sideend|p2: PinkScourge|Stealth Rock|[from] move: Defog|[of] p2a: Mandibuzz\n|-fieldend|move: Psychic Terrain\n|move|p1a: Dialga|Flash Cannon|p2a: Mandibuzz\n|-damage|p2a: Mandibuzz|78\/100\n|\n|-weather|Snow|[upkeep]\n|-end|p1a: Dialga|move: Future Sight\n|-resisted|p1a: Dialga\n|-damage|p1a: Dialga|85\/100\n|-heal|p1a: Dialga|91\/100|[from] item: Leftovers\n|-fieldend|move: Trick Room\n|upkeep\n|turn|8\n|\n|t:|1698529467\n|move|p1a: Dialga|Stealth Rock|p2a: Mandibuzz\n|-sidestart|p2: PinkScourge|move: Stealth Rock\n|move|p2a: Mandibuzz|U-turn|p1a: Dialga\n|-resisted|p1a: Dialga\n|-crit|p1a: Dialga\n|-damage|p1a: Dialga|85\/100\n|\n|t:|1698529474\n|switch|p2a: Arceus|Arceus-Psychic|100\/100|[from] U-turn\n|-damage|p2a: Arceus|88\/100|[from] Stealth Rock\n|\n|-weather|Snow|[upkeep]\n|-heal|p1a: Dialga|91\/100|[from] item: Leftovers\n|upkeep\n|turn|9\n|\n|t:|1698529478\n|switch|p1a: Magearna|Magearna|79\/100\n|move|p2a: Arceus|Future Sight|p1a: Magearna\n|-start|p2a: Arceus|move: Future Sight\n|\n|-weather|Snow|[upkeep]\n|-heal|p1a: Magearna|85\/100|[from] item: Leftovers\n|upkeep\n|turn|10\n|inactive|PinkScourge has 270 seconds left.\n|\n|t:|1698529515\n|switch|p2a: Slowking|Slowking-Galar, F|100\/100\n|move|p1a: Magearna|Thunder Wave|p2a: Slowking\n|-status|p2a: Slowking|par\n|\n|-weather|none\n|-heal|p1a: Magearna|91\/100|[from] item: Leftovers\n|upkeep\n|turn|11\n|\n|t:|1698529530\n|move|p1a: Magearna|Volt Switch|p2a: Slowking\n|-damage|p2a: Slowking|87\/100 par\n|\n|t:|1698529533\n|switch|p1a: Pelipper|Pelipper, M|100\/100|[from] Volt Switch\n|-weather|RainDance|[from] ability: Drizzle|[of] p1a: Pelipper\n|move|p2a: Slowking|Future Sight||[still]\n|-fail|p2a: Slowking\n|\n|-weather|RainDance|[upkeep]\n|-end|p1a: Pelipper|move: Future Sight\n|-damage|p1a: Pelipper|9\/100\n|upkeep\n|turn|12\n|\n|t:|1698529542\n|switch|p1a: Palafin|Palafin-Hero, M|100\/100\n|-activate|p1a: Palafin|ability: Zero to Hero\n|cant|p2a: Slowking|par\n|\n|-weather|RainDance|[upkeep]\n|upkeep\n|turn|13\n|\n|t:|1698529552\n|switch|p2a: Palkia|Palkia|100\/100\n|-damage|p2a: Palkia|88\/100|[from] Stealth Rock\n|-ability|p2a: Palkia|Pressure\n|move|p1a: Palafin|Flip Turn|p2a: Palkia\n|-resisted|p2a: Palkia\n|-crit|p2a: Palkia\n|-damage|p2a: Palkia|60\/100\n|\n|t:|1698529556\n|switch|p1a: Dialga|Dialga|91\/100|[from] Flip Turn\n|-ability|p1a: Dialga|Pressure\n|\n|-weather|RainDance|[upkeep]\n|-heal|p1a: Dialga|97\/100|[from] item: Leftovers\n|upkeep\n|turn|14\n|\n|t:|1698529567\n|move|p1a: Dialga|Draco Meteor|p2a: Palkia\n|-supereffective|p2a: Palkia\n|-damage|p2a: Palkia|0 fnt\n|-unboost|p1a: Dialga|spa|2\n|faint|p2a: Palkia\n|\n|-weather|RainDance|[upkeep]\n|-heal|p1a: Dialga|100\/100|[from] item: Leftovers\n|upkeep\n|\n|t:|1698529571\n|switch|p2a: Arceus|Arceus-Psychic|88\/100\n|-damage|p2a: Arceus|76\/100|[from] Stealth Rock\n|turn|15\n|\n|t:|1698529577\n|move|p2a: Arceus|Future Sight|p1a: Dialga\n|-start|p2a: Arceus|move: Future Sight\n|move|p1a: Dialga|Roar|p2a: Arceus\n|drag|p2a: Slowking|Slowking-Galar, F|100\/100 par\n|\n|-weather|RainDance|[upkeep]\n|upkeep\n|turn|16\n|c|\u2606PinkScourge|Uff\n|\n|t:|1698529581\n|move|p2a: Slowking|Chilly Reception|p2a: Slowking\n|-weather|Snow\n|\n|t:|1698529585\n|switch|p2a: Indeedee|Indeedee-F, F|100\/100|[from] Chilly Reception\n|-damage|p2a: Indeedee|88\/100|[from] Stealth Rock\n|-fieldstart|move: Psychic Terrain|[from] ability: Psychic Surge|[of] p2a: Indeedee\n|move|p1a: Dialga|Roar|p2a: Indeedee\n|drag|p2a: Mandibuzz|Mandibuzz, F|78\/100\n|\n|-weather|Snow|[upkeep]\n|upkeep\n|turn|17\n|\n|t:|1698529594\n|move|p1a: Dialga|Stealth Rock||[still]\n|-fail|p1a: Dialga\n|move|p2a: Mandibuzz|Foul Play|p1a: Dialga\n|-damage|p1a: Dialga|79\/100\n|\n|-weather|Snow|[upkeep]\n|-end|p1a: Dialga|move: Future Sight\n|-resisted|p1a: Dialga\n|-damage|p1a: Dialga|52\/100\n|-heal|p1a: Dialga|58\/100|[from] item: Leftovers\n|upkeep\n|turn|18\n|\n|t:|1698529601\n|switch|p1a: Arceus|Arceus-Poison|100\/100\n|move|p2a: Mandibuzz|Foul Play|p1a: Arceus\n|-damage|p1a: Arceus|80\/100\n|\n|-weather|Snow|[upkeep]\n|upkeep\n|turn|19\n|\n|t:|1698529605\n|move|p1a: Arceus|Taunt|p2a: Mandibuzz\n|-start|p2a: Mandibuzz|move: Taunt\n|move|p2a: Mandibuzz|U-turn|p1a: Arceus\n|-resisted|p1a: Arceus\n|-damage|p1a: Arceus|76\/100\n|\n|t:|1698529608\n|switch|p2a: Arceus|Arceus-Psychic|76\/100|[from] U-turn\n|-damage|p2a: Arceus|63\/100|[from] Stealth Rock\n|\n|-weather|Snow|[upkeep]\n|upkeep\n|turn|20\n|\n|t:|1698529614\n|move|p1a: Arceus|Calm Mind|p1a: Arceus\n|-boost|p1a: Arceus|spa|1\n|-boost|p1a: Arceus|spd|1\n|move|p2a: Arceus|Future Sight|p1a: Arceus\n|-start|p2a: Arceus|move: Future Sight\n|\n|-weather|none\n|upkeep\n|turn|21\n|\n|t:|1698529621\n|move|p1a: Arceus|Judgment|p2a: Arceus\n|-damage|p2a: Arceus|17\/100\n|move|p2a: Arceus|Perish Song|p2a: Arceus\n|-start|p1a: Arceus|perish3|[silent]\n|-start|p2a: Arceus|perish3|[silent]\n|-fieldactivate|move: Perish Song\n|\n|-start|p1a: Arceus|perish3\n|-start|p2a: Arceus|perish3\n|upkeep\n|turn|22\n|\n|t:|1698529628\n|switch|p2a: Slowking|Slowking-Galar, F|100\/100 par\n|move|p1a: Arceus|Earth Power|p2a: Slowking\n|-supereffective|p2a: Slowking\n|-damage|p2a: Slowking|57\/100 par\n|\n|-end|p1a: Arceus|move: Future Sight\n|-supereffective|p1a: Arceus\n|-damage|p1a: Arceus|7\/100\n|-start|p1a: Arceus|perish2\n|upkeep\n|turn|23\n|\n|t:|1698529640\n|move|p1a: Arceus|Taunt|p2a: Slowking\n|-start|p2a: Slowking|move: Taunt\n|move|p2a: Slowking|Future Sight|p1a: Arceus\n|-start|p2a: Slowking|move: Future Sight\n|\n|-start|p1a: Arceus|perish1\n|-fieldend|move: Psychic Terrain\n|upkeep\n|turn|24\n|\n|t:|1698529647\n|switch|p2a: Alomomola|Alomomola, F|100\/100\n|-damage|p2a: Alomomola|88\/100|[from] Stealth Rock\n|move|p1a: Arceus|Judgment|p2a: Alomomola\n|-damage|p2a: Alomomola|21\/100\n|\n|-start|p1a: Arceus|perish0\n|upkeep\n|faint|p1a: Arceus\n|\n|t:|1698529649\n|switch|p1a: Magearna|Magearna|91\/100\n|turn|25\n|\n|t:|1698529659\n|switch|p2a: Slowking|Slowking-Galar, F|90\/100 par\n|move|p1a: Magearna|Volt Switch|p2a: Slowking\n|-damage|p2a: Slowking|78\/100 par\n|\n|t:|1698529661\n|switch|p1a: Basculegion|Basculegion-F, F|100\/100|[from] Volt Switch\n|\n|-end|p1a: Basculegion|move: Future Sight\n|-damage|p1a: Basculegion|49\/100\n|upkeep\n|turn|26\n|\n|t:|1698529674\n|switch|p2a: Indeedee|Indeedee-F, F|88\/100\n|-damage|p2a: Indeedee|75\/100|[from] Stealth Rock\n|-fieldstart|move: Psychic Terrain|[from] ability: Psychic Surge|[of] p2a: Indeedee\n|move|p1a: Basculegion|Flip Turn|p2a: Indeedee\n|-damage|p2a: Indeedee|48\/100\n|\n|t:|1698529676\n|switch|p1a: Palafin|Palafin-Hero, M|100\/100|[from] Flip Turn\n|\n|upkeep\n|turn|27\n|\n|t:|1698529695\n|switch|p2a: Mandibuzz|Mandibuzz, F|78\/100\n|move|p1a: Palafin|Flip Turn|p2a: Mandibuzz\n|-damage|p2a: Mandibuzz|35\/100\n|\n|t:|1698529699\n|switch|p1a: Magearna|Magearna|91\/100|[from] Flip Turn\n|\n|-heal|p1a: Magearna|97\/100|[from] item: Leftovers\n|upkeep\n|turn|28\n|\n|t:|1698529704\n|switch|p2a: Slowking|Slowking-Galar, F|100\/100 par\n|move|p1a: Magearna|Fleur Cannon|p2a: Slowking\n|-resisted|p2a: Slowking\n|-damage|p2a: Slowking|84\/100 par\n|-unboost|p1a: Magearna|spa|2\n|\n|-heal|p1a: Magearna|100\/100|[from] item: Leftovers\n|upkeep\n|turn|29\n|\n|t:|1698529711\n|move|p1a: Magearna|Spikes|p2a: Slowking\n|-sidestart|p2: PinkScourge|Spikes\n|move|p2a: Slowking|Chilly Reception|p2a: Slowking\n|-weather|Snow\n|\n|t:|1698529719\n|switch|p2a: Alomomola|Alomomola, F|54\/100|[from] Chilly Reception\n|-damage|p2a: Alomomola|41\/100|[from] Stealth Rock\n|-damage|p2a: Alomomola|29\/100|[from] Spikes\n|\n|-weather|Snow|[upkeep]\n|upkeep\n|turn|30\n|\n|t:|1698529723\n|move|p1a: Magearna|Volt Switch|p2a: Alomomola\n|-supereffective|p2a: Alomomola\n|-damage|p2a: Alomomola|11\/100\n|\n|t:|1698529726\n|switch|p1a: Palafin|Palafin-Hero, M|100\/100|[from] Volt Switch\n|move|p2a: Alomomola|Wish|p2a: Alomomola\n|\n|-weather|Snow|[upkeep]\n|upkeep\n|turn|31\n|\n|t:|1698529730\n|move|p2a: Alomomola|Protect|p2a: Alomomola\n|-singleturn|p2a: Alomomola|Protect\n|move|p1a: Palafin|Wave Crash|p2a: Alomomola\n|-activate|p2a: Alomomola|move: Protect\n|\n|-weather|Snow|[upkeep]\n|-heal|p2a: Alomomola|61\/100|[from] move: Wish|[wisher] Alomomola\n|upkeep\n|turn|32\n|\n|t:|1698529734\n|move|p1a: Palafin|Wave Crash|p2a: Alomomola\n|-resisted|p2a: Alomomola\n|-damage|p2a: Alomomola|23\/100\n|-damage|p1a: Palafin|84\/100|[from] item: Rocky Helmet|[of] p2a: Alomomola\n|-damage|p1a: Palafin|69\/100|[from] Recoil\n|move|p2a: Alomomola|Wish|p2a: Alomomola\n|\n|-weather|Snow|[upkeep]\n|upkeep\n|turn|33\n|\n|t:|1698529740\n|switch|p1a: Magearna|Magearna|100\/100\n|move|p2a: Alomomola|Protect||[still]\n|-fail|p2a: Alomomola\n|\n|-weather|none\n|-heal|p2a: Alomomola|73\/100|[from] move: Wish|[wisher] Alomomola\n|-fieldend|move: Psychic Terrain\n|upkeep\n|turn|34\n|\n|t:|1698529743\n|move|p1a: Magearna|Spikes|p2a: Alomomola\n|-sidestart|p2: PinkScourge|Spikes\n|move|p2a: Alomomola|Wish|p2a: Alomomola\n|\n|upkeep\n|turn|35\n|\n|t:|1698529747\n|move|p1a: Magearna|Spikes|p2a: Alomomola\n|-sidestart|p2: PinkScourge|Spikes\n|move|p2a: Alomomola|Flip Turn|p1a: Magearna\n|-damage|p1a: Magearna|89\/100\n|\n|t:|1698529752\n|switch|p2a: Mandibuzz|Mandibuzz, F|35\/100|[from] Flip Turn\n|\n|-heal|p2a: Mandibuzz|91\/100|[from] move: Wish|[wisher] Alomomola\n|-heal|p1a: Magearna|95\/100|[from] item: Leftovers\n|upkeep\n|turn|36\n|\n|t:|1698529766\n|-terastallize|p2a: Mandibuzz|Water\n|move|p1a: Magearna|Fleur Cannon|p2a: Mandibuzz\n|-damage|p2a: Mandibuzz|56\/100\n|-unboost|p1a: Magearna|spa|2\n|move|p2a: Mandibuzz|Defog|p1a: Magearna\n|-unboost|p1a: Magearna|evasion|1\n|-sideend|p2: PinkScourge|Spikes|[from] move: Defog|[of] p2a: Mandibuzz\n|-sideend|p2: PinkScourge|Stealth Rock|[from] move: Defog|[of] p2a: Mandibuzz\n|\n|-heal|p1a: Magearna|100\/100|[from] item: Leftovers\n|upkeep\n|turn|37\n|\n|t:|1698529773\n|move|p1a: Magearna|Spikes|p2a: Mandibuzz\n|-sidestart|p2: PinkScourge|Spikes\n|move|p2a: Mandibuzz|Roost|p2a: Mandibuzz\n|-heal|p2a: Mandibuzz|100\/100\n|\n|upkeep\n|turn|38\n|\n|t:|1698529776\n|move|p1a: Magearna|Volt Switch|p2a: Mandibuzz\n|-supereffective|p2a: Mandibuzz\n|-damage|p2a: Mandibuzz|87\/100\n|\n|t:|1698529779\n|switch|p1a: Dialga|Dialga|58\/100|[from] Volt Switch\n|-ability|p1a: Dialga|Pressure\n|move|p2a: Mandibuzz|Defog|p1a: Dialga\n|-unboost|p1a: Dialga|evasion|1\n|-sideend|p2: PinkScourge|Spikes|[from] move: Defog|[of] p2a: Mandibuzz\n|\n|-heal|p1a: Dialga|64\/100|[from] item: Leftovers\n|upkeep\n|turn|39\n|\n|t:|1698529784\n|move|p1a: Dialga|Stealth Rock|p2a: Mandibuzz\n|-sidestart|p2: PinkScourge|move: Stealth Rock\n|move|p2a: Mandibuzz|Foul Play|p1a: Dialga\n|-damage|p1a: Dialga|43\/100\n|\n|-heal|p1a: Dialga|49\/100|[from] item: Leftovers\n|upkeep\n|turn|40\n|\n|t:|1698529788\n|move|p2a: Mandibuzz|Defog|p1a: Dialga\n|-unboost|p1a: Dialga|evasion|1\n|-sideend|p2: PinkScourge|Stealth Rock|[from] move: Defog|[of] p2a: Mandibuzz\n|move|p1a: Dialga|Roar|p2a: Mandibuzz\n|drag|p2a: Indeedee|Indeedee-F, F|48\/100\n|-fieldstart|move: Psychic Terrain|[from] ability: Psychic Surge|[of] p2a: Indeedee\n|\n|-heal|p1a: Dialga|55\/100|[from] item: Leftovers\n|upkeep\n|turn|41\n|\n|t:|1698529795\n|switch|p2a: Alomomola|Alomomola, F|100\/100\n|move|p1a: Dialga|Draco Meteor|p2a: Alomomola\n|-damage|p2a: Alomomola|41\/100\n|-unboost|p1a: Dialga|spa|2\n|\n|-heal|p1a: Dialga|61\/100|[from] item: Leftovers\n|upkeep\n|turn|42\n|\n|t:|1698529799\n|move|p1a: Dialga|Stealth Rock|p2a: Alomomola\n|-sidestart|p2: PinkScourge|move: Stealth Rock\n|move|p2a: Alomomola|Wish|p2a: Alomomola\n|\n|-heal|p1a: Dialga|67\/100|[from] item: Leftovers\n|upkeep\n|turn|43\n|\n|t:|1698529806\n|move|p2a: Alomomola|Flip Turn|p1a: Dialga\n|-resisted|p1a: Dialga\n|-damage|p1a: Dialga|61\/100\n|\n|t:|1698529812\n|switch|p2a: Slowking|Slowking-Galar, F|100\/100 par|[from] Flip Turn\n|move|p1a: Dialga|Roar|p2a: Slowking\n|drag|p2a: Mandibuzz|Mandibuzz, F, tera:Water|87\/100\n|\n|-heal|p2a: Mandibuzz|100\/100|[from] move: Wish|[wisher] Alomomola\n|-heal|p1a: Dialga|67\/100|[from] item: Leftovers\n|upkeep\n|turn|44\n|\n|t:|1698529819\n|switch|p1a: Magearna|Magearna|100\/100\n|move|p2a: Mandibuzz|Foul Play|p1a: Magearna\n|-resisted|p1a: Magearna\n|-damage|p1a: Magearna|91\/100\n|\n|-heal|p1a: Magearna|97\/100|[from] item: Leftovers\n|upkeep\n|turn|45\n|\n|t:|1698529824\n|move|p1a: Magearna|Volt Switch|p2a: Mandibuzz\n|-supereffective|p2a: Mandibuzz\n|-damage|p2a: Mandibuzz|77\/100\n|\n|t:|1698529826\n|switch|p1a: Pelipper|Pelipper, M|9\/100|[from] Volt Switch\n|-weather|RainDance|[from] ability: Drizzle|[of] p1a: Pelipper\n|move|p2a: Mandibuzz|Defog|p1a: Pelipper\n|-unboost|p1a: Pelipper|evasion|1\n|-sideend|p2: PinkScourge|Stealth Rock|[from] move: Defog|[of] p2a: Mandibuzz\n|-fieldend|move: Psychic Terrain\n|\n|-weather|RainDance|[upkeep]\n|upkeep\n|turn|46\n|\n|t:|1698529830\n|move|p1a: Pelipper|Roost|p1a: Pelipper\n|-heal|p1a: Pelipper|59\/100\n|-singleturn|p1a: Pelipper|move: Roost\n|move|p2a: Mandibuzz|U-turn|p1a: Pelipper\n|-damage|p1a: Pelipper|50\/100\n|\n|t:|1698529836\n|switch|p2a: Alomomola|Alomomola, F|75\/100|[from] U-turn\n|\n|-weather|RainDance|[upkeep]\n|upkeep\n|turn|47\n|\n|t:|1698529841\n|move|p1a: Pelipper|Roost|p1a: Pelipper\n|-heal|p1a: Pelipper|99\/100\n|-singleturn|p1a: Pelipper|move: Roost\n|move|p2a: Alomomola|Wish|p2a: Alomomola\n|\n|-weather|RainDance|[upkeep]\n|upkeep\n|turn|48\n|\n|t:|1698529845\n|move|p1a: Pelipper|U-turn|p2a: Alomomola\n|-damage|p2a: Alomomola|69\/100\n|-damage|p1a: Pelipper|84\/100|[from] item: Rocky Helmet|[of] p2a: Alomomola\n|\n|t:|1698529851\n|switch|p1a: Basculegion|Basculegion-F, F|49\/100|[from] U-turn\n|move|p2a: Alomomola|Flip Turn|p1a: Basculegion\n|-resisted|p1a: Basculegion\n|-damage|p1a: Basculegion|30\/100\n|\n|t:|1698529859\n|switch|p2a: Arceus|Arceus-Psychic|17\/100|[from] Flip Turn\n|\n|-weather|RainDance|[upkeep]\n|-heal|p2a: Arceus|71\/100|[from] move: Wish|[wisher] Alomomola\n|upkeep\n|turn|49\n|\n|t:|1698529865\n|switch|p2a: Alomomola|Alomomola, F|100\/100\n|move|p1a: Basculegion|Last Respects|p2a: Alomomola\n|-damage|p2a: Alomomola|67\/100\n|\n|-weather|RainDance|[upkeep]\n|upkeep\n|turn|50\n|\n|t:|1698529872\n|switch|p1a: Dialga|Dialga|67\/100\n|-ability|p1a: Dialga|Pressure\n|move|p2a: Alomomola|Wish|p2a: Alomomola\n|\n|-weather|RainDance|[upkeep]\n|-heal|p1a: Dialga|74\/100|[from] item: Leftovers\n|upkeep\n|turn|51\n|\n|t:|1698529881\n|switch|p2a: Arceus|Arceus-Psychic|71\/100\n|move|p1a: Dialga|Roar|p2a: Arceus\n|drag|p2a: Mandibuzz|Mandibuzz, F, tera:Water|77\/100\n|\n|-weather|RainDance|[upkeep]\n|-heal|p2a: Mandibuzz|100\/100|[from] move: Wish|[wisher] Alomomola\n|-heal|p1a: Dialga|80\/100|[from] item: Leftovers\n|upkeep\n|turn|52\n|\n|t:|1698529887\n|move|p1a: Dialga|Stealth Rock|p2a: Mandibuzz\n|-sidestart|p2: PinkScourge|move: Stealth Rock\n|move|p2a: Mandibuzz|Foul Play|p1a: Dialga\n|-damage|p1a: Dialga|58\/100\n|\n|-weather|none\n|-heal|p1a: Dialga|64\/100|[from] item: Leftovers\n|upkeep\n|turn|53\n|\n|t:|1698529892\n|switch|p1a: Magearna|Magearna|97\/100\n|move|p2a: Mandibuzz|Defog|p1a: Magearna\n|-unboost|p1a: Magearna|evasion|1\n|-sideend|p2: PinkScourge|Stealth Rock|[from] move: Defog|[of] p2a: Mandibuzz\n|\n|-heal|p1a: Magearna|100\/100|[from] item: Leftovers\n|upkeep\n|turn|54\n|\n|t:|1698529895\n|move|p1a: Magearna|Spikes|p2a: Mandibuzz\n|-sidestart|p2: PinkScourge|Spikes\n|move|p2a: Mandibuzz|U-turn|p1a: Magearna\n|-resisted|p1a: Magearna\n|-damage|p1a: Magearna|99\/100\n|\n|t:|1698529904\n|switch|p2a: Slowking|Slowking-Galar, F|100\/100 par|[from] U-turn\n|\n|-heal|p1a: Magearna|100\/100|[from] item: Leftovers\n|upkeep\n|turn|55\n|\n|t:|1698529910\n|move|p1a: Magearna|Spikes|p2a: Slowking\n|-sidestart|p2: PinkScourge|Spikes\n|move|p2a: Slowking|Future Sight|p1a: Magearna\n|-start|p2a: Slowking|move: Future Sight\n|\n|upkeep\n|turn|56\n|\n|t:|1698529914\n|move|p1a: Magearna|Thunder Wave|p2a: Slowking\n|-fail|p2a: Slowking|par\n|move|p2a: Slowking|Fire Blast|p1a: Magearna\n|-supereffective|p1a: Magearna\n|-damage|p1a: Magearna|54\/100\n|\n|-heal|p1a: Magearna|60\/100|[from] item: Leftovers\n|upkeep\n|turn|57\n|\n|t:|1698529921\n|move|p1a: Magearna|Volt Switch|p2a: Slowking\n|-damage|p2a: Slowking|88\/100 par\n|\n|t:|1698529923\n|switch|p1a: Dialga|Dialga|64\/100|[from] Volt Switch\n|-ability|p1a: Dialga|Pressure\n|move|p2a: Slowking|Chilly Reception|p2a: Slowking\n|-weather|Snow\n|\n|t:|1698529933\n|switch|p2a: Mandibuzz|Mandibuzz, F, tera:Water|100\/100|[from] Chilly Reception\n|\n|-weather|Snow|[upkeep]\n|-end|p1a: Dialga|move: Future Sight\n|-resisted|p1a: Dialga\n|-damage|p1a: Dialga|48\/100\n|-heal|p1a: Dialga|54\/100|[from] item: Leftovers\n|upkeep\n|turn|58\n|\n|t:|1698529939\n|move|p1a: Dialga|Stealth Rock|p2a: Mandibuzz\n|-sidestart|p2: PinkScourge|move: Stealth Rock\n|move|p2a: Mandibuzz|Foul Play|p1a: Dialga\n|-damage|p1a: Dialga|33\/100\n|\n|-weather|Snow|[upkeep]\n|-heal|p1a: Dialga|40\/100|[from] item: Leftovers\n|upkeep\n|turn|59\n|\n|t:|1698529950\n|switch|p1a: Palafin|Palafin-Hero, M|69\/100\n|move|p2a: Mandibuzz|Defog|p1a: Palafin\n|-unboost|p1a: Palafin|evasion|1\n|-sideend|p2: PinkScourge|Spikes|[from] move: Defog|[of] p2a: Mandibuzz\n|-sideend|p2: PinkScourge|Stealth Rock|[from] move: Defog|[of] p2a: Mandibuzz\n|\n|-weather|Snow|[upkeep]\n|upkeep\n|turn|60\n|\n|t:|1698529954\n|move|p1a: Palafin|Flip Turn|p2a: Mandibuzz\n|-resisted|p2a: Mandibuzz\n|-damage|p2a: Mandibuzz|76\/100\n|\n|t:|1698529957\n|switch|p1a: Magearna|Magearna|60\/100|[from] Flip Turn\n|move|p2a: Mandibuzz|Foul Play|p1a: Magearna\n|-resisted|p1a: Magearna\n|-damage|p1a: Magearna|51\/100\n|\n|-weather|Snow|[upkeep]\n|-heal|p1a: Magearna|57\/100|[from] item: Leftovers\n|upkeep\n|turn|61\n|\n|t:|1698529962\n|move|p1a: Magearna|Volt Switch|p2a: Mandibuzz\n|-supereffective|p2a: Mandibuzz\n|-damage|p2a: Mandibuzz|52\/100\n|\n|t:|1698529965\n|switch|p1a: Pelipper|Pelipper, M|84\/100|[from] Volt Switch\n|-weather|RainDance|[from] ability: Drizzle|[of] p1a: Pelipper\n|move|p2a: Mandibuzz|U-turn|p1a: Pelipper\n|-resisted|p1a: Pelipper\n|-damage|p1a: Pelipper|79\/100\n|\n|t:|1698529969\n|switch|p2a: Alomomola|Alomomola, F|99\/100|[from] U-turn\n|\n|-weather|RainDance|[upkeep]\n|upkeep\n|turn|62\n|\n|t:|1698529973\n|switch|p1a: Magearna|Magearna|57\/100\n|move|p2a: Alomomola|Wish|p2a: Alomomola\n|\n|-weather|RainDance|[upkeep]\n|-heal|p1a: Magearna|63\/100|[from] item: Leftovers\n|upkeep\n|turn|63\n|\n|t:|1698529979\n|move|p1a: Magearna|Spikes|p2a: Alomomola\n|-sidestart|p2: PinkScourge|Spikes\n|move|p2a: Alomomola|Flip Turn|p1a: Magearna\n|-damage|p1a: Magearna|47\/100\n|\n|t:|1698529985\n|switch|p2a: Mandibuzz|Mandibuzz, F, tera:Water|52\/100|[from] Flip Turn\n|\n|-weather|RainDance|[upkeep]\n|-heal|p2a: Mandibuzz|100\/100|[from] move: Wish|[wisher] Alomomola\n|-heal|p1a: Magearna|53\/100|[from] item: Leftovers\n|upkeep\n|turn|64\n|\n|t:|1698529991\n|move|p1a: Magearna|Spikes|p2a: Mandibuzz\n|-sidestart|p2: PinkScourge|Spikes\n|move|p2a: Mandibuzz|Defog|p1a: Magearna\n|-unboost|p1a: Magearna|evasion|1\n|-sideend|p2: PinkScourge|Spikes|[from] move: Defog|[of] p2a: Mandibuzz\n|\n|-weather|RainDance|[upkeep]\n|-heal|p1a: Magearna|59\/100|[from] item: Leftovers\n|upkeep\n|turn|65\n|\n|t:|1698529994\n|move|p1a: Magearna|Spikes|p2a: Mandibuzz\n|-sidestart|p2: PinkScourge|Spikes\n|move|p2a: Mandibuzz|U-turn|p1a: Magearna\n|-resisted|p1a: Magearna\n|-damage|p1a: Magearna|57\/100\n|\n|t:|1698530000\n|switch|p2a: Alomomola|Alomomola, F|100\/100|[from] U-turn\n|-damage|p2a: Alomomola|88\/100|[from] Spikes\n|\n|-weather|RainDance|[upkeep]\n|-heal|p1a: Magearna|63\/100|[from] item: Leftovers\n|upkeep\n|turn|66\n|\n|t:|1698530002\n|move|p1a: Magearna|Volt Switch|p2a: Alomomola\n|-supereffective|p2a: Alomomola\n|-damage|p2a: Alomomola|54\/100\n|\n|t:|1698530005\n|switch|p1a: Dialga|Dialga|40\/100|[from] Volt Switch\n|-ability|p1a: Dialga|Pressure\n|move|p2a: Alomomola|Mirror Coat|p1a: Dialga\n|-damage|p1a: Dialga|0 fnt\n|faint|p1a: Dialga\n|\n|-weather|RainDance|[upkeep]\n|upkeep\n|\n|t:|1698530008\n|switch|p1a: Basculegion|Basculegion-F, F|30\/100\n|turn|67\n|\n|t:|1698530015\n|-terastallize|p1a: Basculegion|Ghost\n|move|p2a: Alomomola|Protect|p2a: Alomomola\n|-singleturn|p2a: Alomomola|Protect\n|move|p1a: Basculegion|Last Respects|p2a: Alomomola\n|-activate|p2a: Alomomola|move: Protect\n|\n|-weather|RainDance|[upkeep]\n|upkeep\n|turn|68\n|\n|t:|1698530025\n|switch|p2a: Indeedee|Indeedee-F, F|48\/100\n|-damage|p2a: Indeedee|35\/100|[from] Spikes\n|-fieldstart|move: Psychic Terrain|[from] ability: Psychic Surge|[of] p2a: Indeedee\n|move|p1a: Basculegion|Last Respects|p2a: Indeedee\n|-immune|p2a: Indeedee\n|\n|-weather|none\n|upkeep\n|turn|69\n|\n|t:|1698530035\n|switch|p1a: Magearna|Magearna|63\/100\n|move|p2a: Indeedee|Psyshock|p1a: Magearna\n|-resisted|p1a: Magearna\n|-damage|p1a: Magearna|51\/100\n|\n|-heal|p1a: Magearna|57\/100|[from] item: Leftovers\n|upkeep\n|turn|70\n|\n|t:|1698530044\n|switch|p2a: Mandibuzz|Mandibuzz, F, tera:Water|100\/100\n|move|p1a: Magearna|Fleur Cannon|p2a: Mandibuzz|[miss]\n|-miss|p1a: Magearna|p2a: Mandibuzz\n|\n|-heal|p1a: Magearna|63\/100|[from] item: Leftovers\n|upkeep\n|turn|71\n|\n|t:|1698530050\n|move|p1a: Magearna|Volt Switch|p2a: Mandibuzz\n|-supereffective|p2a: Mandibuzz\n|-damage|p2a: Mandibuzz|75\/100\n|\n|t:|1698530051\n|switch|p1a: Pelipper|Pelipper, M|79\/100|[from] Volt Switch\n|-weather|RainDance|[from] ability: Drizzle|[of] p1a: Pelipper\n|move|p2a: Mandibuzz|Defog|p1a: Pelipper\n|-unboost|p1a: Pelipper|evasion|1\n|-sideend|p2: PinkScourge|Spikes|[from] move: Defog|[of] p2a: Mandibuzz\n|-fieldend|move: Psychic Terrain\n|\n|-weather|RainDance|[upkeep]\n|upkeep\n|turn|72\n|\n|t:|1698530057\n|move|p1a: Pelipper|Hurricane|p2a: Mandibuzz\n|-damage|p2a: Mandibuzz|56\/100\n|move|p2a: Mandibuzz|U-turn|p1a: Pelipper\n|-resisted|p1a: Pelipper\n|-damage|p1a: Pelipper|75\/100\n|\n|t:|1698530062\n|switch|p2a: Alomomola|Alomomola, F|88\/100|[from] U-turn\n|\n|-weather|RainDance|[upkeep]\n|upkeep\n|turn|73\n|\n|t:|1698530065\n|switch|p1a: Magearna|Magearna|63\/100\n|move|p2a: Alomomola|Wish|p2a: Alomomola\n|\n|-weather|RainDance|[upkeep]\n|-heal|p1a: Magearna|69\/100|[from] item: Leftovers\n|upkeep\n|turn|74\n|\n|t:|1698530068\n|move|p1a: Magearna|Spikes|p2a: Alomomola\n|-sidestart|p2: PinkScourge|Spikes\n|move|p2a: Alomomola|Flip Turn|p1a: Magearna\n|-damage|p1a: Magearna|51\/100\n|\n|t:|1698530073\n|switch|p2a: Indeedee|Indeedee-F, F|35\/100|[from] Flip Turn\n|-damage|p2a: Indeedee|23\/100|[from] Spikes\n|-fieldstart|move: Psychic Terrain|[from] ability: Psychic Surge|[of] p2a: Indeedee\n|\n|-weather|RainDance|[upkeep]\n|-heal|p2a: Indeedee|92\/100|[from] move: Wish|[wisher] Alomomola\n|-heal|p1a: Magearna|57\/100|[from] item: Leftovers\n|upkeep\n|turn|75\n|\n|t:|1698530087\n|move|p2a: Indeedee|Reflect|p2a: Indeedee\n|-sidestart|p2: PinkScourge|Reflect\n|move|p1a: Magearna|Volt Switch|p2a: Indeedee\n|-damage|p2a: Indeedee|73\/100\n|\n|t:|1698530091\n|switch|p1a: Palafin|Palafin-Hero, M|69\/100|[from] Volt Switch\n|\n|-weather|RainDance|[upkeep]\n|upkeep\n|turn|76\n|\n|t:|1698530096\n|switch|p2a: Alomomola|Alomomola, F|100\/100\n|-damage|p2a: Alomomola|88\/100|[from] Spikes\n|move|p1a: Palafin|Flip Turn|p2a: Alomomola\n|-resisted|p2a: Alomomola\n|-damage|p2a: Alomomola|73\/100\n|-damage|p1a: Palafin|52\/100|[from] item: Rocky Helmet|[of] p2a: Alomomola\n|\n|t:|1698530098\n|switch|p1a: Magearna|Magearna|57\/100|[from] Flip Turn\n|\n|-weather|RainDance|[upkeep]\n|-heal|p1a: Magearna|63\/100|[from] item: Leftovers\n|upkeep\n|turn|77\n|\n|t:|1698530106\n|move|p1a: Magearna|Spikes|p2a: Alomomola\n|-sidestart|p2: PinkScourge|Spikes\n|move|p2a: Alomomola|Wish|p2a: Alomomola\n|\n|-weather|RainDance|[upkeep]\n|-heal|p1a: Magearna|69\/100|[from] item: Leftovers\n|upkeep\n|turn|78\n|\n|t:|1698530110\n|move|p1a: Magearna|Thunder Wave|p2a: Alomomola\n|-status|p2a: Alomomola|par\n|move|p2a: Alomomola|Flip Turn|p1a: Magearna\n|-damage|p1a: Magearna|52\/100\n|\n|t:|1698530116\n|switch|p2a: Mandibuzz|Mandibuzz, F, tera:Water|56\/100|[from] Flip Turn\n|\n|-weather|none\n|-heal|p2a: Mandibuzz|100\/100|[from] move: Wish|[wisher] Alomomola\n|-heal|p1a: Magearna|58\/100|[from] item: Leftovers\n|upkeep\n|turn|79\n|\n|t:|1698530123\n|switch|p2a: Slowking|Slowking-Galar, F|100\/100 par\n|move|p1a: Magearna|Spikes|p2a: Slowking\n|-sidestart|p2: PinkScourge|Spikes\n|\n|-heal|p1a: Magearna|64\/100|[from] item: Leftovers\n|-sideend|p2: PinkScourge|Reflect\n|upkeep\n|turn|80\n|\n|t:|1698530127\n|move|p1a: Magearna|Volt Switch|p2a: Slowking\n|-damage|p2a: Slowking|88\/100 par\n|\n|t:|1698530129\n|switch|p1a: Pelipper|Pelipper, M|75\/100|[from] Volt Switch\n|-weather|RainDance|[from] ability: Drizzle|[of] p1a: Pelipper\n|move|p2a: Slowking|Future Sight|p1a: Pelipper\n|-start|p2a: Slowking|move: Future Sight\n|\n|-weather|RainDance|[upkeep]\n|upkeep\n|turn|81\n|\n|t:|1698530134\n|move|p1a: Pelipper|U-turn|p2a: Slowking\n|-damage|p2a: Slowking|78\/100 par\n|\n|t:|1698530136\n|switch|p1a: Magearna|Magearna|64\/100|[from] U-turn\n|move|p2a: Slowking|Chilly Reception|p2a: Slowking\n|-weather|Snow\n|\n|t:|1698530141\n|switch|p2a: Mandibuzz|Mandibuzz, F, tera:Water|100\/100|[from] Chilly Reception\n|\n|-weather|Snow|[upkeep]\n|-heal|p1a: Magearna|70\/100|[from] item: Leftovers\n|-fieldend|move: Psychic Terrain\n|upkeep\n|turn|82\n|\n|t:|1698530145\n|move|p1a: Magearna|Fleur Cannon|p2a: Mandibuzz\n|-damage|p2a: Mandibuzz|70\/100\n|-unboost|p1a: Magearna|spa|2\n|move|p2a: Mandibuzz|Defog|p1a: Magearna\n|-unboost|p1a: Magearna|evasion|1\n|-sideend|p2: PinkScourge|Spikes|[from] move: Defog|[of] p2a: Mandibuzz\n|\n|-weather|Snow|[upkeep]\n|-end|p1a: Magearna|move: Future Sight\n|-resisted|p1a: Magearna\n|-damage|p1a: Magearna|51\/100\n|-heal|p1a: Magearna|57\/100|[from] item: Leftovers\n|upkeep\n|turn|83\n|\n|t:|1698530157\n|move|p1a: Magearna|Spikes|p2a: Mandibuzz\n|-sidestart|p2: PinkScourge|Spikes\n|move|p2a: Mandibuzz|U-turn|p1a: Magearna\n|-resisted|p1a: Magearna\n|-damage|p1a: Magearna|55\/100\n|\n|t:|1698530161\n|switch|p2a: Slowking|Slowking-Galar, F|100\/100 par|[from] U-turn\n|\n|-weather|Snow|[upkeep]\n|-heal|p1a: Magearna|61\/100|[from] item: Leftovers\n|upkeep\n|turn|84\n|\n|t:|1698530166\n|switch|p1a: Basculegion|Basculegion-F, F, tera:Ghost|30\/100\n|move|p2a: Slowking|Future Sight|p1a: Basculegion\n|-start|p2a: Slowking|move: Future Sight\n|\n|-weather|Snow|[upkeep]\n|upkeep\n|turn|85\n|\n|t:|1698530175\n|switch|p1a: Magearna|Magearna|61\/100\n|switch|p2a: Alomomola|Alomomola, F|100\/100 par\n|-damage|p2a: Alomomola|88\/100 par|[from] Spikes\n|\n|-weather|none\n|-heal|p1a: Magearna|67\/100|[from] item: Leftovers\n|upkeep\n|turn|86\n|\n|t:|1698530179\n|move|p1a: Magearna|Spikes|p2a: Alomomola\n|-sidestart|p2: PinkScourge|Spikes\n|move|p2a: Alomomola|Wish|p2a: Alomomola\n|\n|-end|p1a: Magearna|move: Future Sight\n|-resisted|p1a: Magearna\n|-damage|p1a: Magearna|48\/100\n|-heal|p1a: Magearna|54\/100|[from] item: Leftovers\n|upkeep\n|turn|87\n|\n|t:|1698530183\n|move|p1a: Magearna|Fleur Cannon|p2a: Alomomola\n|-damage|p2a: Alomomola|39\/100 par\n|-unboost|p1a: Magearna|spa|2\n|move|p2a: Alomomola|Flip Turn|p1a: Magearna\n|-damage|p1a: Magearna|42\/100\n|\n|t:|1698530192\n|switch|p2a: Arceus|Arceus-Psychic|71\/100|[from] Flip Turn\n|-damage|p2a: Arceus|55\/100|[from] Spikes\n|\n|-heal|p2a: Arceus|100\/100|[from] move: Wish|[wisher] Alomomola\n|-heal|p1a: Magearna|48\/100|[from] item: Leftovers\n|upkeep\n|turn|88\n|\n|t:|1698530205\n|move|p2a: Arceus|Future Sight|p1a: Magearna\n|-start|p2a: Arceus|move: Future Sight\n|move|p1a: Magearna|Thunder Wave|p2a: Arceus\n|-status|p2a: Arceus|par\n|\n|-heal|p1a: Magearna|54\/100|[from] item: Leftovers\n|upkeep\n|turn|89\n|\n|t:|1698530211\n|move|p1a: Magearna|Volt Switch|p2a: Arceus\n|-damage|p2a: Arceus|94\/100 par\n|\n|t:|1698530212\n|switch|p1a: Pelipper|Pelipper, M|75\/100|[from] Volt Switch\n|-weather|RainDance|[from] ability: Drizzle|[of] p1a: Pelipper\n|move|p2a: Arceus|Body Press|p1a: Pelipper\n|-resisted|p1a: Pelipper\n|-damage|p1a: Pelipper|67\/100\n|\n|-weather|RainDance|[upkeep]\n|upkeep\n|turn|90\n|\n|t:|1698530226\n|switch|p2a: Mandibuzz|Mandibuzz, F, tera:Water|70\/100\n|move|p1a: Pelipper|U-turn|p2a: Mandibuzz\n|-damage|p2a: Mandibuzz|63\/100\n|\n|t:|1698530228\n|switch|p1a: Magearna|Magearna|54\/100|[from] U-turn\n|\n|-weather|RainDance|[upkeep]\n|-end|p1a: Magearna|move: Future Sight\n|-resisted|p1a: Magearna\n|-crit|p1a: Magearna\n|-damage|p1a: Magearna|11\/100\n|-heal|p1a: Magearna|17\/100|[from] item: Leftovers\n|upkeep\n|turn|91\n|\n|t:|1698530236\n|move|p1a: Magearna|Volt Switch|p2a: Mandibuzz\n|-supereffective|p2a: Mandibuzz\n|-damage|p2a: Mandibuzz|39\/100\n|\n|t:|1698530238\n|switch|p1a: Palafin|Palafin-Hero, M|52\/100|[from] Volt Switch\n|move|p2a: Mandibuzz|Roost|p2a: Mandibuzz\n|-heal|p2a: Mandibuzz|89\/100\n|\n|-weather|RainDance|[upkeep]\n|upkeep\n|turn|92\n|\n|t:|1698530244\n|move|p1a: Palafin|Flip Turn|p2a: Mandibuzz\n|-resisted|p2a: Mandibuzz\n|-damage|p2a: Mandibuzz|55\/100\n|\n|t:|1698530248\n|switch|p1a: Pelipper|Pelipper, M|67\/100|[from] Flip Turn\n|move|p2a: Mandibuzz|Defog|p1a: Pelipper\n|-unboost|p1a: Pelipper|evasion|1\n|-sideend|p2: PinkScourge|Spikes|[from] move: Defog|[of] p2a: Mandibuzz\n|\n|-weather|RainDance|[upkeep]\n|upkeep\n|turn|93\n|\n|t:|1698530251\n|move|p1a: Pelipper|Hurricane|p2a: Mandibuzz\n|-crit|p2a: Mandibuzz\n|-damage|p2a: Mandibuzz|23\/100\n|move|p2a: Mandibuzz|Roost|p2a: Mandibuzz\n|-heal|p2a: Mandibuzz|73\/100\n|\n|-weather|RainDance|[upkeep]\n|upkeep\n|turn|94\n|\n|t:|1698530256\n|move|p1a: Pelipper|Hurricane|p2a: Mandibuzz\n|-damage|p2a: Mandibuzz|53\/100\n|move|p2a: Mandibuzz|U-turn|p1a: Pelipper\n|-resisted|p1a: Pelipper\n|-damage|p1a: Pelipper|63\/100\n|\n|t:|1698530261\n|switch|p2a: Arceus|Arceus-Psychic|94\/100 par|[from] U-turn\n|\n|-weather|RainDance|[upkeep]\n|upkeep\n|turn|95\n|\n|t:|1698530265\n|switch|p1a: Palafin|Palafin-Hero, M|52\/100\n|move|p2a: Arceus|Future Sight|p1a: Palafin\n|-start|p2a: Arceus|move: Future Sight\n|\n|-weather|RainDance|[upkeep]\n|upkeep\n|turn|96\n|\n|t:|1698530269\n|switch|p2a: Alomomola|Alomomola, F|72\/100 par\n|move|p1a: Palafin|Wave Crash|p2a: Alomomola\n|-resisted|p2a: Alomomola\n|-damage|p2a: Alomomola|14\/100 par\n|-damage|p1a: Palafin|36\/100|[from] item: Rocky Helmet|[of] p2a: Alomomola\n|-damage|p1a: Palafin|13\/100|[from] Recoil\n|\n|-weather|none\n|upkeep\n|turn|97\n|\n|t:|1698530279\n|switch|p1a: Magearna|Magearna|17\/100\n|switch|p2a: Slowking|Slowking-Galar, F|100\/100 par\n|\n|-end|p1a: Magearna|move: Future Sight\n|-resisted|p1a: Magearna\n|-damage|p1a: Magearna|0 fnt\n|faint|p1a: Magearna\n|upkeep\n|\n|t:|1698530285\n|switch|p1a: Basculegion|Basculegion-F, F, tera:Ghost|30\/100\n|turn|98\n|\n|t:|1698530297\n|move|p1a: Basculegion|Last Respects|p2a: Slowking\n|-supereffective|p2a: Slowking\n|-damage|p2a: Slowking|0 fnt\n|faint|p2a: Slowking\n|\n|upkeep\n|\n|t:|1698530299\n|switch|p2a: Indeedee|Indeedee-F, F|73\/100\n|-fieldstart|move: Psychic Terrain|[from] ability: Psychic Surge|[of] p2a: Indeedee\n|turn|99\n|\n|t:|1698530305\n|switch|p1a: Pelipper|Pelipper, M|63\/100\n|-weather|RainDance|[from] ability: Drizzle|[of] p1a: Pelipper\n|move|p2a: Indeedee|Psyshock|p1a: Pelipper\n|-crit|p1a: Pelipper\n|-damage|p1a: Pelipper|21\/100\n|\n|-weather|RainDance|[upkeep]\n|upkeep\n|turn|100\n|\n|t:|1698530312\n|move|p2a: Indeedee|Psyshock|p1a: Pelipper\n|-damage|p1a: Pelipper|0 fnt\n|faint|p1a: Pelipper\n|\n|-weather|RainDance|[upkeep]\n|upkeep\n|\n|t:|1698530314\n|switch|p1a: Palafin|Palafin-Hero, M|13\/100\n|turn|101\n|\n|t:|1698530323\n|switch|p2a: Mandibuzz|Mandibuzz, F, tera:Water|53\/100\n|move|p1a: Palafin|Wave Crash|p2a: Mandibuzz\n|-resisted|p2a: Mandibuzz\n|-crit|p2a: Mandibuzz\n|-damage|p2a: Mandibuzz|0 fnt\n|faint|p2a: Mandibuzz\n|-damage|p1a: Palafin|0 fnt|[from] Recoil\n|faint|p1a: Palafin\n|\n|-weather|RainDance|[upkeep]\n|upkeep\n|\n|t:|1698530330\n|switch|p1a: Basculegion|Basculegion-F, F, tera:Ghost|30\/100\n|switch|p2a: Alomomola|Alomomola, F|48\/100 par\n|turn|102\n|\n|t:|1698530334\n|move|p2a: Alomomola|Protect|p2a: Alomomola\n|-singleturn|p2a: Alomomola|Protect\n|move|p1a: Basculegion|Last Respects|p2a: Alomomola\n|-activate|p2a: Alomomola|move: Protect\n|\n|-weather|RainDance|[upkeep]\n|upkeep\n|turn|103\n|\n|t:|1698530338\n|switch|p2a: Indeedee|Indeedee-F, F|73\/100\n|move|p1a: Basculegion|Last Respects|p2a: Indeedee\n|-immune|p2a: Indeedee\n|\n|-weather|RainDance|[upkeep]\n|upkeep\n|turn|104\n|c|\u2606PinkScourge|GG\n|\n|t:|1698530345\n|move|p1a: Basculegion|Wave Crash|p2a: Indeedee\n|-damage|p2a: Indeedee|0 fnt\n|faint|p2a: Indeedee\n|-damage|p1a: Basculegion|9\/100|[from] Recoil\n|\n|-weather|RainDance|[upkeep]\n|upkeep\n|c|\u2606PinkScourge|Ohhh\n|c|\u2606RubenPaCe|sike\n|c|\u2606PinkScourge|Nvm\n|c|\u2606PinkScourge|I though it was choiced\n|\n|t:|1698530359\n|switch|p2a: Alomomola|Alomomola, F|81\/100 par\n|turn|105\n|c|\u2606RubenPaCe|everyone does\n|\n|t:|1698530367\n|switch|p2a: Arceus|Arceus-Psychic|94\/100 par\n|move|p1a: Basculegion|Last Respects|p2a: Arceus\n|-supereffective|p2a: Arceus\n|-damage|p2a: Arceus|0 fnt\n|faint|p2a: Arceus\n|\n|-weather|RainDance|[upkeep]\n|upkeep\n|\n|t:|1698530371\n|switch|p2a: Alomomola|Alomomola, F|100\/100 par\n|turn|106\n|\n|t:|1698530375\n|move|p1a: Basculegion|Last Respects|p2a: Alomomola\n|-damage|p2a: Alomomola|0 fnt\n|faint|p2a: Alomomola\n|\n|win|RubenPaCe\n|c|\u2606PinkScourge|Daaaamn\n","uploadtime":1698530389,"views":7,"p1id":"rubenpace","p2id":"pinkscourge","formatid":"gen9ubers","rating":0,"private":0,"password":""}