{"id":"gen9ubers-1971940100","p1":"bowsori","p2":"wamkou","format":"[Gen 9] Ubers","log":"|j|\u2606bowsori\n|j|\u2606wamkou\n|t:|1697795180\n|gametype|singles\n|player|p1|bowsori|ruinmaniac|\n|player|p2|wamkou|policeman-gen4|\n|teamsize|p1|6\n|teamsize|p2|6\n|gen|9\n|tier|[Gen 9] Ubers\n|rule|Sleep Clause Mod: Limit one foe put to sleep\n|rule|Species Clause: Limit one of each Pok\u00e9mon\n|rule|OHKO Clause: OHKO moves are banned\n|rule|Evasion Items Clause: Evasion items are banned\n|rule|Evasion Moves Clause: Evasion moves are banned\n|rule|Endless Battle Clause: Forcing endless battles is banned\n|rule|HP Percentage Mod: HP is shown in percentages\n|clearpoke\n|poke|p1|Torterra, F|\n|poke|p1|Cyclizar, F|\n|poke|p1|Shaymin-Sky|\n|poke|p1|Dondozo, F|\n|poke|p1|Arceus-Bug|\n|poke|p1|Zacian-*|\n|poke|p2|Torkoal, M|\n|poke|p2|Chi-Yu|\n|poke|p2|Walking Wake|\n|poke|p2|Magearna|\n|poke|p2|Arceus-Fire|\n|poke|p2|Shaymin-Sky|\n|teampreview\n|\n|t:|1697795191\n|start\n|switch|p1a: Arceus|Arceus-Bug|100\/100\n|switch|p2a: Torkoal|Torkoal, M|100\/100\n|-weather|SunnyDay|[from] ability: Drought|[of] p2a: Torkoal\n|turn|1\n|\n|t:|1697795204\n|move|p1a: Arceus|Stealth Rock|p2a: Torkoal\n|-sidestart|p2: wamkou|move: Stealth Rock\n|move|p2a: Torkoal|Stealth Rock|p1a: Arceus\n|-sidestart|p1: bowsori|move: Stealth Rock\n|\n|-weather|SunnyDay|[upkeep]\n|upkeep\n|turn|2\n|\n|t:|1697795210\n|switch|p1a: Cyclizar|Cyclizar, F, shiny|100\/100\n|move|p2a: Torkoal|Rapid Spin|p1a: Cyclizar\n|-damage|p1a: Cyclizar|87\/100\n|-boost|p2a: Torkoal|spe|1\n|-sideend|p2: wamkou|Stealth Rock|[from] move: Rapid Spin|[of] p2a: Torkoal\n|\n|-weather|SunnyDay|[upkeep]\n|upkeep\n|turn|3\n|\n|t:|1697795218\n|move|p1a: Cyclizar|Rapid Spin|p2a: Torkoal\n|-damage|p2a: Torkoal|91\/100\n|-boost|p1a: Cyclizar|spe|1\n|-sideend|p1: bowsori|Stealth Rock|[from] move: Rapid Spin|[of] p1a: Cyclizar\n|move|p2a: Torkoal|Body Press|p1a: Cyclizar\n|-supereffective|p1a: Cyclizar\n|-damage|p1a: Cyclizar|1\/100\n|\n|-weather|SunnyDay|[upkeep]\n|upkeep\n|turn|4\n|\n|t:|1697795237\n|move|p1a: Cyclizar|Taunt|p2a: Torkoal\n|-start|p2a: Torkoal|move: Taunt\n|cant|p2a: Torkoal|move: Taunt|Will-O-Wisp\n|\n|-weather|SunnyDay|[upkeep]\n|upkeep\n|turn|5\n|\n|t:|1697795252\n|switch|p1a: Zacian|Zacian, shiny|100\/100\n|-ability|p1a: Zacian|Intrepid Sword|boost\n|-boost|p1a: Zacian|atk|1\n|move|p2a: Torkoal|Rapid Spin|p1a: Zacian\n|-damage|p1a: Zacian|92\/100\n|-boost|p2a: Torkoal|spe|1\n|\n|-weather|SunnyDay|[upkeep]\n|upkeep\n|turn|6\n|\n|t:|1697795275\n|move|p1a: Zacian|Play Rough|p2a: Torkoal\n|-resisted|p2a: Torkoal\n|-damage|p2a: Torkoal|62\/100\n|move|p2a: Torkoal|Body Press|p1a: Zacian\n|-resisted|p1a: Zacian\n|-damage|p1a: Zacian|78\/100\n|\n|-weather|SunnyDay|[upkeep]\n|-end|p2a: Torkoal|move: Taunt\n|upkeep\n|turn|7\n|\n|t:|1697795299\n|switch|p1a: Cyclizar|Cyclizar, F, shiny|35\/100\n|move|p2a: Torkoal|Will-O-Wisp|p1a: Cyclizar\n|-status|p1a: Cyclizar|brn\n|\n|-weather|SunnyDay|[upkeep]\n|-damage|p1a: Cyclizar|28\/100 brn|[from] brn\n|upkeep\n|turn|8\n|\n|t:|1697795314\n|switch|p1a: Shaymin|Shaymin-Sky|100\/100\n|move|p2a: Torkoal|Stealth Rock|p1a: Shaymin\n|-sidestart|p1: bowsori|move: Stealth Rock\n|\n|-weather|none\n|upkeep\n|turn|9\n|\n|t:|1697795330\n|switch|p1a: Cyclizar|Cyclizar, F, shiny|62\/100 brn\n|switch|p2a: Shaymin|Shaymin-Sky|100\/100\n|\n|-damage|p1a: Cyclizar|56\/100 brn|[from] brn\n|upkeep\n|turn|10\n|\n|t:|1697795342\n|move|p2a: Shaymin|Dazzling Gleam|p1a: Cyclizar\n|-supereffective|p1a: Cyclizar\n|-damage|p1a: Cyclizar|0 fnt\n|faint|p1a: Cyclizar\n|\n|upkeep\n|\n|t:|1697795365\n|switch|p1a: Arceus|Arceus-Bug|100\/100\n|-damage|p1a: Arceus|76\/100|[from] Stealth Rock\n|turn|11\n|\n|t:|1697795379\n|switch|p2a: Magearna|Magearna|100\/100\n|move|p1a: Arceus|Stealth Rock|p2a: Magearna\n|-sidestart|p2: wamkou|move: Stealth Rock\n|\n|upkeep\n|turn|12\n|\n|t:|1697795385\n|move|p1a: Arceus|Recover|p1a: Arceus\n|-heal|p1a: Arceus|100\/100\n|move|p2a: Magearna|Spikes|p1a: Arceus\n|-sidestart|p1: bowsori|Spikes\n|\n|upkeep\n|turn|13\n|\n|t:|1697795394\n|switch|p1a: Torterra|Torterra, F|100\/100\n|-damage|p1a: Torterra|94\/100|[from] Stealth Rock\n|-damage|p1a: Torterra|82\/100|[from] Spikes\n|move|p2a: Magearna|Encore||[still]\n|-fail|p2a: Magearna\n|\n|upkeep\n|turn|14\n|\n|t:|1697795405\n|switch|p2a: Shaymin|Shaymin-Sky|100\/100\n|-damage|p2a: Shaymin|76\/100|[from] Stealth Rock\n|move|p1a: Torterra|Shell Smash|p1a: Torterra\n|-unboost|p1a: Torterra|def|1\n|-unboost|p1a: Torterra|spd|1\n|-boost|p1a: Torterra|atk|2\n|-boost|p1a: Torterra|spa|2\n|-boost|p1a: Torterra|spe|2\n|\n|upkeep\n|turn|15\n|\n|t:|1697795425\n|move|p1a: Torterra|Rock Blast|p2a: Shaymin\n|-supereffective|p2a: Shaymin\n|-damage|p2a: Shaymin|35\/100\n|-supereffective|p2a: Shaymin\n|-damage|p2a: Shaymin|0 fnt\n|faint|p2a: Shaymin\n|-hitcount|p2: Shaymin|2\n|\n|upkeep\n|\n|t:|1697795429\n|switch|p2a: Torkoal|Torkoal, M|62\/100\n|-damage|p2a: Torkoal|37\/100|[from] Stealth Rock\n|-weather|SunnyDay|[from] ability: Drought|[of] p2a: Torkoal\n|turn|16\n|\n|t:|1697795437\n|move|p1a: Torterra|Headlong Rush|p2a: Torkoal\n|-supereffective|p2a: Torkoal\n|-damage|p2a: Torkoal|0 fnt\n|-unboost|p1a: Torterra|def|1\n|-unboost|p1a: Torterra|spd|1\n|faint|p2a: Torkoal\n|\n|-weather|SunnyDay|[upkeep]\n|upkeep\n|\n|t:|1697795442\n|switch|p2a: Walking Wake|Walking Wake|100\/100\n|-damage|p2a: Walking Wake|88\/100|[from] Stealth Rock\n|-activate|p2a: Walking Wake|ability: Protosynthesis\n|-start|p2a: Walking Wake|protosynthesisspe\n|turn|17\n|\n|t:|1697795448\n|switch|p1a: Dondozo|Dondozo, F|100\/100\n|-damage|p1a: Dondozo|88\/100|[from] Stealth Rock\n|-damage|p1a: Dondozo|75\/100|[from] Spikes\n|move|p2a: Walking Wake|Flamethrower|p1a: Dondozo\n|-resisted|p1a: Dondozo\n|-damage|p1a: Dondozo|45\/100\n|\n|-weather|SunnyDay|[upkeep]\n|-heal|p1a: Dondozo|51\/100|[from] item: Leftovers\n|upkeep\n|turn|18\n|\n|t:|1697795462\n|move|p2a: Walking Wake|Flamethrower|p1a: Dondozo\n|-resisted|p1a: Dondozo\n|-damage|p1a: Dondozo|19\/100\n|move|p1a: Dondozo|Rest|p1a: Dondozo\n|-status|p1a: Dondozo|slp|[from] move: Rest\n|-heal|p1a: Dondozo|100\/100 slp|[silent]\n|\n|-weather|SunnyDay|[upkeep]\n|upkeep\n|turn|19\n|\n|t:|1697795478\n|-end|p2a: Walking Wake|Protosynthesis|[silent]\n|switch|p2a: Magearna|Magearna|100\/100\n|-damage|p2a: Magearna|94\/100|[from] Stealth Rock\n|cant|p1a: Dondozo|slp\n|move|p1a: Dondozo|Sleep Talk|p1a: Dondozo\n|move|p1a: Dondozo|Liquidation|p2a: Magearna|[from]move: Sleep Talk\n|-crit|p2a: Magearna\n|-damage|p2a: Magearna|76\/100\n|\n|-weather|SunnyDay|[upkeep]\n|-heal|p2a: Magearna|82\/100|[from] item: Leftovers\n|upkeep\n|turn|20\n|\n|t:|1697795496\n|move|p2a: Magearna|Spikes|p1a: Dondozo\n|-sidestart|p1: bowsori|Spikes\n|cant|p1a: Dondozo|slp\n|move|p1a: Dondozo|Sleep Talk|p1a: Dondozo\n|move|p1a: Dondozo|Liquidation|p2a: Magearna|[from]move: Sleep Talk\n|-damage|p2a: Magearna|70\/100\n|\n|-weather|SunnyDay|[upkeep]\n|-heal|p2a: Magearna|76\/100|[from] item: Leftovers\n|upkeep\n|turn|21\n|\n|t:|1697795509\n|move|p2a: Magearna|Encore||[still]\n|-fail|p2a: Magearna\n|-curestatus|p1a: Dondozo|slp|[msg]\n|move|p1a: Dondozo|Sleep Talk||[still]\n|-fail|p1a: Dondozo\n|\n|-weather|SunnyDay|[upkeep]\n|-heal|p2a: Magearna|82\/100|[from] item: Leftovers\n|upkeep\n|turn|22\n|\n|t:|1697795518\n|move|p2a: Magearna|Spikes|p1a: Dondozo\n|-sidestart|p1: bowsori|Spikes\n|move|p1a: Dondozo|Curse|p1a: Dondozo\n|-unboost|p1a: Dondozo|spe|1\n|-boost|p1a: Dondozo|atk|1\n|-boost|p1a: Dondozo|def|1\n|\n|-weather|SunnyDay|[upkeep]\n|-heal|p2a: Magearna|88\/100|[from] item: Leftovers\n|upkeep\n|turn|23\n|\n|t:|1697795526\n|move|p2a: Magearna|Fleur Cannon|p1a: Dondozo\n|-damage|p1a: Dondozo|48\/100\n|-unboost|p2a: Magearna|spa|2\n|move|p1a: Dondozo|Curse|p1a: Dondozo\n|-unboost|p1a: Dondozo|spe|1\n|-boost|p1a: Dondozo|atk|1\n|-boost|p1a: Dondozo|def|1\n|\n|-weather|none\n|-heal|p2a: Magearna|94\/100|[from] item: Leftovers\n|-heal|p1a: Dondozo|54\/100|[from] item: Leftovers\n|upkeep\n|turn|24\n|\n|t:|1697795540\n|move|p2a: Magearna|Volt Switch|p1a: Dondozo\n|-supereffective|p1a: Dondozo\n|-damage|p1a: Dondozo|14\/100\n|\n|t:|1697795545\n|switch|p2a: Walking Wake|Walking Wake|88\/100|[from] Volt Switch\n|-damage|p2a: Walking Wake|76\/100|[from] Stealth Rock\n|move|p1a: Dondozo|Liquidation|p2a: Walking Wake\n|-resisted|p2a: Walking Wake\n|-damage|p2a: Walking Wake|61\/100\n|\n|-heal|p1a: Dondozo|21\/100|[from] item: Leftovers\n|upkeep\n|turn|25\n|\n|t:|1697795555\n|move|p2a: Walking Wake|Flamethrower|p1a: Dondozo\n|-resisted|p1a: Dondozo\n|-damage|p1a: Dondozo|0 fnt\n|faint|p1a: Dondozo\n|\n|upkeep\n|\n|t:|1697795562\n|switch|p1a: Zacian|Zacian, shiny|78\/100\n|-damage|p1a: Zacian|65\/100|[from] Stealth Rock\n|-damage|p1a: Zacian|40\/100|[from] Spikes\n|turn|26\n|\n|t:|1697795572\n|-end|p2a: Walking Wake|Protosynthesis|[silent]\n|switch|p2a: Magearna|Magearna|94\/100\n|-damage|p2a: Magearna|88\/100|[from] Stealth Rock\n|-terastallize|p1a: Zacian|Ground\n|move|p1a: Zacian|Tera Blast|p2a: Magearna|[anim] Tera Blast Ground\n|-supereffective|p2a: Magearna\n|-damage|p2a: Magearna|0 fnt\n|faint|p2a: Magearna\n|\n|upkeep\n|\n|t:|1697795587\n|switch|p2a: Arceus|Arceus-Fire|100\/100\n|-damage|p2a: Arceus|76\/100|[from] Stealth Rock\n|turn|27\n|\n|t:|1697795595\n|-terastallize|p2a: Arceus|Ground\n|move|p1a: Zacian|Tera Blast|p2a: Arceus|[anim] Tera Blast Ground\n|-damage|p2a: Arceus|31\/100\n|move|p2a: Arceus|Flare Blitz|p1a: Zacian\n|-damage|p1a: Zacian|0 fnt\n|faint|p1a: Zacian\n|-damage|p2a: Arceus|20\/100|[from] Recoil\n|\n|upkeep\n|\n|t:|1697795605\n|switch|p1a: Shaymin|Shaymin-Sky|100\/100\n|-damage|p1a: Shaymin|76\/100|[from] Stealth Rock\n|turn|28\n|\n|t:|1697795614\n|move|p1a: Shaymin|Earth Power|p2a: Arceus\n|-damage|p2a: Arceus|0 fnt\n|faint|p2a: Arceus\n|\n|upkeep\n|\n|t:|1697795619\n|switch|p2a: Walking Wake|Walking Wake|61\/100\n|-damage|p2a: Walking Wake|48\/100|[from] Stealth Rock\n|turn|29\n|\n|t:|1697795689\n|switch|p1a: Arceus|Arceus-Bug|100\/100\n|-damage|p1a: Arceus|76\/100|[from] Stealth Rock\n|-damage|p1a: Arceus|51\/100|[from] Spikes\n|move|p2a: Walking Wake|Flamethrower|p1a: Arceus\n|-supereffective|p1a: Arceus\n|-damage|p1a: Arceus|0 fnt\n|faint|p1a: Arceus\n|\n|upkeep\n|\n|t:|1697795697\n|switch|p1a: Shaymin|Shaymin-Sky|76\/100\n|-damage|p1a: Shaymin|51\/100|[from] Stealth Rock\n|turn|30\n|inactive|Battle timer is ON: inactive players will automatically lose when time's up. (requested by bowsori)\n|inactive|wamkou has 270 seconds left.\n|inactive|wamkou has 240 seconds left.\n|inactive|wamkou has 210 seconds left.\n|\n|t:|1697795830\n|move|p1a: Shaymin|Seed Flare|p2a: Walking Wake\n|-damage|p2a: Walking Wake|0 fnt\n|faint|p2a: Walking Wake\n|-end|p2a: Walking Wake|Protosynthesis|[silent]\n|\n|upkeep\n|inactive|wamkou has 270 seconds left.\n|\n|t:|1697795837\n|switch|p2a: Chi-Yu|Chi-Yu|100\/100\n|-damage|p2a: Chi-Yu|76\/100|[from] Stealth Rock\n|-ability|p2a: Chi-Yu|Beads of Ruin\n|turn|31\n|\n|t:|1697795848\n|switch|p1a: Torterra|Torterra, F|82\/100\n|-damage|p1a: Torterra|76\/100|[from] Stealth Rock\n|-damage|p1a: Torterra|51\/100|[from] Spikes\n|move|p2a: Chi-Yu|Flamethrower|p1a: Torterra\n|-supereffective|p1a: Torterra\n|-damage|p1a: Torterra|0 fnt\n|faint|p1a: Torterra\n|\n|upkeep\n|\n|t:|1697795857\n|switch|p1a: Shaymin|Shaymin-Sky|51\/100\n|-damage|p1a: Shaymin|26\/100|[from] Stealth Rock\n|turn|32\n|inactive|wamkou has 270 seconds left.\n|\n|t:|1697795889\n|move|p1a: Shaymin|Air Slash|p2a: Chi-Yu\n|-damage|p2a: Chi-Yu|35\/100\n|move|p2a: Chi-Yu|Flamethrower|p1a: Shaymin\n|-supereffective|p1a: Shaymin\n|-damage|p1a: Shaymin|0 fnt\n|faint|p1a: Shaymin\n|\n|win|wamkou\n|c|\u2606bowsori|gg\n|l|\u2606bowsori\n|c|\u2606wamkou|gg\n","uploadtime":1697796164,"views":23,"p1id":"bowsori","p2id":"wamkou","formatid":"gen9ubers","rating":0,"private":0,"password":""}