{"id":"gen9ubers-1996982106","p1":"ShadezGXD","p2":"Silly Croco","format":"[Gen 9] Ubers","log":"|j|\u2606ShadezGXD\n|j|\u2606Silly Croco\n|t:|1700752320\n|gametype|singles\n|player|p1|ShadezGXD|101|\n|player|p2|Silly Croco|alec-anime|\n|teamsize|p1|6\n|teamsize|p2|6\n|gen|9\n|tier|[Gen 9] Ubers\n|rule|Sleep Clause Mod: Limit one foe put to sleep\n|rule|Species Clause: Limit one of each Pok\u00e9mon\n|rule|OHKO Clause: OHKO moves are banned\n|rule|Evasion Items Clause: Evasion items are banned\n|rule|Evasion Moves Clause: Evasion moves are banned\n|rule|Endless Battle Clause: Forcing endless battles is banned\n|rule|HP Percentage Mod: HP is shown in percentages\n|clearpoke\n|poke|p1|Alomomola, M|\n|poke|p1|Gliscor, F|\n|poke|p1|Annihilape, F|\n|poke|p1|Slowking-Galar, F|\n|poke|p1|Volcarona, M|\n|poke|p1|Magearna|\n|poke|p2|Zapdos|\n|poke|p2|Heatran, M|\n|poke|p2|Great Tusk|\n|poke|p2|Rillaboom, M|\n|poke|p2|Weavile, F|\n|poke|p2|Manaphy|\n|teampreview\n|c|\u2606Silly Croco|I did not read\n|c|\u2606ShadezGXD|glhf\n|c|\u2606Silly Croco|the tier\n|c|\u2606Silly Croco|welp\n|c|\u2606ShadezGXD|lol\n|c|\u2606Silly Croco|am def gonna lose sob\n|c|\u2606Silly Croco|3 ubers\n|c|\u2606ShadezGXD|Nah\n|c|\u2606ShadezGXD|I'm garbo at the game\n|\n|t:|1700752395\n|start\n|switch|p1a: Gliscor|Gliscor, F|100\/100\n|switch|p2a: Manaphy|Manaphy|100\/100\n|turn|1\n|inactive|Battle timer is ON: inactive players will automatically lose when time's up. (requested by Silly Croco)\n|\n|t:|1700752407\n|move|p2a: Manaphy|Tail Glow|p2a: Manaphy\n|-boost|p2a: Manaphy|spa|3\n|move|p1a: Gliscor|Stealth Rock|p2a: Manaphy\n|-sidestart|p2: Silly Croco|move: Stealth Rock\n|\n|-status|p1a: Gliscor|tox|[from] item: Toxic Orb\n|upkeep\n|turn|2\n|c|\u2606Silly Croco|gonna put on pressure\n|\n|t:|1700752424\n|move|p2a: Manaphy|Scald|p1a: Gliscor\n|-supereffective|p1a: Gliscor\n|-damage|p1a: Gliscor|0 fnt\n|faint|p1a: Gliscor\n|\n|upkeep\n|\n|t:|1700752431\n|switch|p1a: Volcarona|Volcarona, M|100\/100\n|turn|3\n|inactive|Silly Croco has 270 seconds left.\n|\n|t:|1700752464\n|-terastallize|p1a: Volcarona|Water\n|move|p2a: Manaphy|Scald|p1a: Volcarona\n|-resisted|p1a: Volcarona\n|-damage|p1a: Volcarona|52\/100\n|move|p1a: Volcarona|Quiver Dance|p1a: Volcarona\n|-boost|p1a: Volcarona|spa|1\n|-boost|p1a: Volcarona|spd|1\n|-boost|p1a: Volcarona|spe|1\n|\n|-heal|p1a: Volcarona|58\/100|[from] item: Leftovers\n|upkeep\n|turn|4\n|inactive|Silly Croco has 270 seconds left.\n|\n|t:|1700752484\n|-terastallize|p2a: Manaphy|Grass\n|move|p1a: Volcarona|Giga Drain|p2a: Manaphy\n|-resisted|p2a: Manaphy\n|-damage|p2a: Manaphy|77\/100\n|-heal|p1a: Volcarona|71\/100|[from] drain|[of] p2a: Manaphy\n|move|p2a: Manaphy|Grass Knot|p1a: Volcarona\n|-supereffective|p1a: Volcarona\n|-damage|p1a: Volcarona|0 fnt\n|faint|p1a: Volcarona\n|\n|upkeep\n|c|\u2606ShadezGXD|wlp\n|c|\u2606Silly Croco|wip indeed\n|\n|t:|1700752503\n|switch|p1a: Alomomola|Alomomola, M|100\/100\n|turn|5\n|\n|t:|1700752507\n|move|p2a: Manaphy|Grass Knot|p1a: Alomomola\n|-supereffective|p1a: Alomomola\n|-damage|p1a: Alomomola|0 fnt\n|faint|p1a: Alomomola\n|\n|upkeep\n|\n|t:|1700752511\n|switch|p1a: Magearna|Magearna|100\/100\n|turn|6\n|\n|t:|1700752531\n|move|p2a: Manaphy|Scald|p1a: Magearna\n|-damage|p1a: Magearna|31\/100\n|-status|p1a: Magearna|brn\n|move|p1a: Magearna|Flash Cannon|p2a: Manaphy\n|-damage|p2a: Manaphy|33\/100\n|\n|-damage|p1a: Magearna|25\/100 brn|[from] brn\n|upkeep\n|-enditem|p1a: Magearna|Aguav Berry|[eat]\n|-heal|p1a: Magearna|58\/100 brn|[from] item: Aguav Berry\n|turn|7\n|\n|t:|1700752553\n|move|p2a: Manaphy|Scald|p1a: Magearna\n|-damage|p1a: Magearna|0 fnt\n|faint|p1a: Magearna\n|\n|upkeep\n|\n|t:|1700752558\n|switch|p1a: Annihilape|Annihilape, F|100\/100\n|turn|8\n|c|\u2606Silly Croco|there's no way\n|\n|t:|1700752575\n|move|p2a: Manaphy|Scald|p1a: Annihilape\n|-damage|p1a: Annihilape|25\/100\n|move|p1a: Annihilape|Drain Punch|p2a: Manaphy\n|-damage|p2a: Manaphy|0 fnt\n|-heal|p1a: Annihilape|39\/100|[from] drain|[of] p2a: Manaphy\n|faint|p2a: Manaphy\n|-damage|p1a: Annihilape|29\/100|[from] item: Life Orb\n|\n|upkeep\n|\n|t:|1700752591\n|switch|p2a: Weavile|Weavile, F|100\/100\n|-damage|p2a: Weavile|76\/100|[from] Stealth Rock\n|-ability|p2a: Weavile|Pressure\n|turn|9\n|\n|t:|1700752599\n|move|p2a: Weavile|Icicle Spear|p1a: Annihilape\n|-damage|p1a: Annihilape|17\/100\n|-damage|p1a: Annihilape|5\/100\n|-damage|p1a: Annihilape|0 fnt\n|faint|p1a: Annihilape\n|-hitcount|p1: Annihilape|3\n|\n|upkeep\n|\n|t:|1700752604\n|switch|p1a: Slowking|Slowking-Galar, F|100\/100\n|turn|10\n|\n|t:|1700752615\n|move|p2a: Weavile|Knock Off|p1a: Slowking\n|-supereffective|p1a: Slowking\n|-damage|p1a: Slowking|0 fnt\n|-enditem|p1a: Slowking|Leftovers|[from] move: Knock Off|[of] p2a: Weavile\n|faint|p1a: Slowking\n|\n|win|Silly Croco\n|c|\u2606ShadezGXD|gg\n|c|\u2606Silly Croco|ggs manaphy saved me\n|c|\u2606Silly Croco|literally\n|c|\u2606ShadezGXD|fr\n","uploadtime":1700752632,"views":1,"p1id":"shadezgxd","p2id":"sillycroco","formatid":"gen9ubers","rating":0,"private":0,"password":""}