{"id":"gen9ubers-1967985274","p1":"ArekkusuKage","p2":"bezrukiy_noob","format":"[Gen 9] Ubers","log":"|j|\u2606ArekkusuKage\n|j|\u2606bezrukiy_noob\n|t:|1697369854\n|gametype|singles\n|player|p1|ArekkusuKage|juan|\n|player|p2|bezrukiy_noob|pokekid|\n|teamsize|p1|6\n|teamsize|p2|6\n|gen|9\n|tier|[Gen 9] Ubers\n|rule|Sleep Clause Mod: Limit one foe put to sleep\n|rule|Species Clause: Limit one of each Pok\u00e9mon\n|rule|OHKO Clause: OHKO moves are banned\n|rule|Evasion Items Clause: Evasion items are banned\n|rule|Evasion Moves Clause: Evasion moves are banned\n|rule|Endless Battle Clause: Forcing endless battles is banned\n|rule|HP Percentage Mod: HP is shown in percentages\n|clearpoke\n|poke|p1|Azumarill, M|\n|poke|p1|Ursaluna-Bloodmoon, M|\n|poke|p1|Decidueye, M|\n|poke|p1|Dragonite, M|\n|poke|p1|Slither Wing|\n|poke|p1|Ogerpon-Cornerstone, F|\n|poke|p2|Amoonguss, F|\n|poke|p2|Corviknight, F|\n|poke|p2|Heatran, F|\n|poke|p2|Hippowdon, F|\n|poke|p2|Landorus, M|\n|poke|p2|Dusknoir, F|\n|teampreview\n|inactive|Battle timer is ON: inactive players will automatically lose when time's up. (requested by bezrukiy_noob)\n|\n|t:|1697369867\n|start\n|switch|p1a: Azumarill|Azumarill, M|100\/100\n|switch|p2a: Corviknight|Corviknight, F|100\/100\n|-ability|p2a: Corviknight|Pressure\n|turn|1\n|\n|t:|1697369884\n|move|p2a: Corviknight|U-turn|p1a: Azumarill\n|-resisted|p1a: Azumarill\n|-damage|p1a: Azumarill|93\/100\n|\n|t:|1697369887\n|switch|p2a: Amoonguss|Amoonguss, F|100\/100|[from] U-turn\n|move|p1a: Azumarill|Knock Off|p2a: Amoonguss\n|-damage|p2a: Amoonguss|50\/100\n|-damage|p1a: Azumarill|76\/100|[from] item: Rocky Helmet|[of] p2a: Amoonguss\n|-enditem|p2a: Amoonguss|Rocky Helmet|[from] move: Knock Off|[of] p1a: Azumarill\n|\n|upkeep\n|turn|2\n|\n|t:|1697369898\n|move|p1a: Azumarill|Knock Off|p2a: Amoonguss\n|-damage|p2a: Amoonguss|18\/100\n|move|p2a: Amoonguss|Giga Drain|p1a: Azumarill\n|-supereffective|p1a: Azumarill\n|-damage|p1a: Azumarill|21\/100\n|-heal|p2a: Amoonguss|43\/100|[from] drain|[of] p1a: Azumarill\n|\n|upkeep\n|turn|3\n|\n|t:|1697369903\n|move|p1a: Azumarill|Knock Off|p2a: Amoonguss\n|-damage|p2a: Amoonguss|9\/100\n|move|p2a: Amoonguss|Giga Drain|p1a: Azumarill\n|-supereffective|p1a: Azumarill\n|-damage|p1a: Azumarill|0 fnt\n|-heal|p2a: Amoonguss|19\/100|[from] drain|[of] p1a: Azumarill\n|faint|p1a: Azumarill\n|\n|upkeep\n|\n|t:|1697369913\n|switch|p1a: Dragonite|Dragonite, M|100\/100\n|turn|4\n|\n|t:|1697369917\n|switch|p2a: Corviknight|Corviknight, F|100\/100\n|-ability|p2a: Corviknight|Pressure\n|move|p1a: Dragonite|Extreme Speed|p2a: Corviknight\n|-resisted|p2a: Corviknight\n|-damage|p2a: Corviknight|91\/100\n|\n|-heal|p2a: Corviknight|98\/100|[from] item: Leftovers\n|upkeep\n|turn|5\n|\n|t:|1697369923\n|move|p1a: Dragonite|Ice Spinner|p2a: Corviknight\n|-damage|p2a: Corviknight|78\/100\n|move|p2a: Corviknight|U-turn|p1a: Dragonite\n|-resisted|p1a: Dragonite\n|-damage|p1a: Dragonite|97\/100\n|\n|t:|1697369934\n|switch|p2a: Hippowdon|Hippowdon, F|100\/100|[from] U-turn\n|-weather|Sandstorm|[from] ability: Sand Stream|[of] p2a: Hippowdon\n|\n|-weather|Sandstorm|[upkeep]\n|-damage|p1a: Dragonite|91\/100|[from] Sandstorm\n|upkeep\n|turn|6\n|\n|t:|1697369945\n|move|p1a: Dragonite|Dragon Dance|p1a: Dragonite\n|-boost|p1a: Dragonite|atk|1\n|-boost|p1a: Dragonite|spe|1\n|move|p2a: Hippowdon|Stealth Rock|p1a: Dragonite\n|-sidestart|p1: ArekkusuKage|move: Stealth Rock\n|\n|-weather|Sandstorm|[upkeep]\n|-damage|p1a: Dragonite|84\/100|[from] Sandstorm\n|upkeep\n|turn|7\n|\n|t:|1697369950\n|move|p1a: Dragonite|Ice Spinner|p2a: Hippowdon\n|-supereffective|p2a: Hippowdon\n|-damage|p2a: Hippowdon|29\/100\n|move|p2a: Hippowdon|Roar|p1a: Dragonite\n|drag|p1a: Slither Wing|Slither Wing|100\/100\n|-damage|p1a: Slither Wing|88\/100|[from] Stealth Rock\n|\n|-weather|Sandstorm|[upkeep]\n|-damage|p1a: Slither Wing|82\/100|[from] Sandstorm\n|-heal|p2a: Hippowdon|35\/100|[from] item: Leftovers\n|upkeep\n|turn|8\n|\n|t:|1697369957\n|switch|p2a: Corviknight|Corviknight, F|78\/100\n|-ability|p2a: Corviknight|Pressure\n|move|p1a: Slither Wing|First Impression|p2a: Corviknight\n|-resisted|p2a: Corviknight\n|-damage|p2a: Corviknight|67\/100\n|\n|-weather|Sandstorm|[upkeep]\n|-damage|p1a: Slither Wing|76\/100|[from] Sandstorm\n|-heal|p2a: Corviknight|73\/100|[from] item: Leftovers\n|upkeep\n|turn|9\n|\n|t:|1697369962\n|-end|p1a: Slither Wing|Protosynthesis|[silent]\n|switch|p1a: Dragonite|Dragonite, M|84\/100\n|move|p2a: Corviknight|Roost|p2a: Corviknight\n|-heal|p2a: Corviknight|100\/100\n|-singleturn|p2a: Corviknight|move: Roost\n|\n|-weather|none\n|upkeep\n|turn|10\n|\n|t:|1697369964\n|move|p1a: Dragonite|Dragon Dance|p1a: Dragonite\n|-boost|p1a: Dragonite|atk|1\n|-boost|p1a: Dragonite|spe|1\n|move|p2a: Corviknight|Brave Bird|p1a: Dragonite\n|-damage|p1a: Dragonite|40\/100\n|-damage|p2a: Corviknight|88\/100|[from] Recoil\n|\n|-heal|p2a: Corviknight|95\/100|[from] item: Leftovers\n|upkeep\n|turn|11\n|\n|t:|1697369974\n|move|p1a: Dragonite|Ice Spinner|p2a: Corviknight\n|-damage|p2a: Corviknight|65\/100\n|move|p2a: Corviknight|Brave Bird|p1a: Dragonite\n|-damage|p1a: Dragonite|0 fnt\n|faint|p1a: Dragonite\n|-damage|p2a: Corviknight|54\/100|[from] Recoil\n|\n|-heal|p2a: Corviknight|61\/100|[from] item: Leftovers\n|upkeep\n|\n|t:|1697369985\n|switch|p1a: Org|Ogerpon-Cornerstone, F|100\/100\n|-damage|p1a: Org|88\/100|[from] Stealth Rock\n|turn|12\n|\n|t:|1697369995\n|-terastallize|p1a: Org|Rock\n|detailschange|p1a: Org|Ogerpon-Cornerstone-Tera, F, tera:Rock\n|-ability|p1a: Org|Embody Aspect (Cornerstone)|boost\n|-boost|p1a: Org|def|1\n|move|p1a: Org|Ivy Cudgel|p2a: Corviknight\n|-damage|p2a: Corviknight|9\/100\n|move|p2a: Corviknight|Roost|p2a: Corviknight\n|-heal|p2a: Corviknight|59\/100\n|-singleturn|p2a: Corviknight|move: Roost\n|\n|-heal|p2a: Corviknight|65\/100|[from] item: Leftovers\n|upkeep\n|turn|13\n|\n|t:|1697370009\n|switch|p2a: Hippowdon|Hippowdon, F|35\/100\n|-weather|Sandstorm|[from] ability: Sand Stream|[of] p2a: Hippowdon\n|move|p1a: Org|Ivy Cudgel|p2a: Hippowdon\n|-resisted|p2a: Hippowdon\n|-damage|p2a: Hippowdon|2\/100\n|\n|-weather|Sandstorm|[upkeep]\n|-heal|p2a: Hippowdon|8\/100|[from] item: Leftovers\n|upkeep\n|turn|14\n|\n|t:|1697370019\n|move|p1a: Org|Ivy Cudgel|p2a: Hippowdon\n|-resisted|p2a: Hippowdon\n|-damage|p2a: Hippowdon|0 fnt\n|faint|p2a: Hippowdon\n|\n|-weather|Sandstorm|[upkeep]\n|upkeep\n|\n|t:|1697370021\n|switch|p2a: Amoonguss|Amoonguss, F|52\/100\n|turn|15\n|\n|t:|1697370028\n|switch|p2a: Heatran|Heatran, F|100\/100\n|-item|p2a: Heatran|Air Balloon\n|move|p1a: Org|Ivy Cudgel|p2a: Heatran\n|-damage|p2a: Heatran|30\/100\n|-enditem|p2a: Heatran|Air Balloon\n|\n|-weather|Sandstorm|[upkeep]\n|upkeep\n|turn|16\n|\n|t:|1697370035\n|move|p1a: Org|Ivy Cudgel|p2a: Heatran\n|-damage|p2a: Heatran|0 fnt\n|faint|p2a: Heatran\n|\n|-weather|Sandstorm|[upkeep]\n|upkeep\n|\n|t:|1697370039\n|switch|p2a: Amoonguss|Amoonguss, F|85\/100\n|turn|17\n|\n|t:|1697370046\n|move|p1a: Org|Ivy Cudgel|p2a: Amoonguss\n|-damage|p2a: Amoonguss|23\/100\n|move|p2a: Amoonguss|Spore|p1a: Org\n|-status|p1a: Org|slp|[from] move: Spore\n|\n|-weather|none\n|upkeep\n|turn|18\n|\n|t:|1697370057\n|switch|p1a: Decidueye|Decidueye, M|100\/100\n|-damage|p1a: Decidueye|88\/100|[from] Stealth Rock\n|move|p2a: Amoonguss|Giga Drain|p1a: Decidueye\n|-resisted|p1a: Decidueye\n|-damage|p1a: Decidueye|74\/100\n|-heal|p2a: Amoonguss|28\/100|[from] drain|[of] p1a: Decidueye\n|\n|-heal|p1a: Decidueye|80\/100|[from] item: Leftovers\n|upkeep\n|turn|19\n|\n|t:|1697370069\n|switch|p2a: Dusknoir|Dusknoir, F|100\/100\n|-item|p1a: Decidueye|Leftovers|[from] ability: Frisk|[of] p2a: Dusknoir|[identify]\n|move|p1a: Decidueye|Leaf Blade|p2a: Dusknoir\n|-damage|p2a: Dusknoir|58\/100\n|\n|-heal|p1a: Decidueye|86\/100|[from] item: Leftovers\n|upkeep\n|turn|20\n|\n|t:|1697370073\n|-terastallize|p2a: Dusknoir|Ghost\n|move|p2a: Dusknoir|Shadow Sneak|p1a: Decidueye\n|-supereffective|p1a: Decidueye\n|-damage|p1a: Decidueye|0 fnt\n|faint|p1a: Decidueye\n|\n|upkeep\n|\n|t:|1697370079\n|switch|p1a: Ursaluna|Ursaluna-Bloodmoon, M|100\/100\n|-damage|p1a: Ursaluna|94\/100|[from] Stealth Rock\n|turn|21\n|\n|t:|1697370083\n|switch|p2a: Landorus|Landorus, M|100\/100\n|move|p1a: Ursaluna|Blood Moon|p2a: Landorus\n|-damage|p2a: Landorus|2\/100\n|\n|-heal|p1a: Ursaluna|100\/100|[from] item: Leftovers\n|upkeep\n|turn|22\n|\n|t:|1697370088\n|move|p2a: Landorus|Grass Knot|p1a: Ursaluna\n|-supereffective|p1a: Ursaluna\n|-damage|p1a: Ursaluna|3\/100\n|-damage|p2a: Landorus|0 fnt|[from] item: Life Orb\n|faint|p2a: Landorus\n|move|p1a: Ursaluna|Calm Mind|p1a: Ursaluna\n|-boost|p1a: Ursaluna|spa|1\n|-boost|p1a: Ursaluna|spd|1\n|\n|-heal|p1a: Ursaluna|9\/100|[from] item: Leftovers\n|upkeep\n|\n|t:|1697370094\n|switch|p2a: Corviknight|Corviknight, F|65\/100\n|-ability|p2a: Corviknight|Pressure\n|turn|23\n|\n|t:|1697370105\n|move|p2a: Corviknight|Brave Bird|p1a: Ursaluna\n|-damage|p1a: Ursaluna|0 fnt\n|faint|p1a: Ursaluna\n|-damage|p2a: Corviknight|62\/100|[from] Recoil\n|\n|-heal|p2a: Corviknight|69\/100|[from] item: Leftovers\n|upkeep\n|\n|t:|1697370113\n|switch|p1a: Slither Wing|Slither Wing|76\/100\n|-damage|p1a: Slither Wing|63\/100|[from] Stealth Rock\n|turn|24\n|\n|t:|1697370121\n|move|p1a: Slither Wing|Close Combat|p2a: Corviknight\n|-damage|p2a: Corviknight|1\/100\n|-unboost|p1a: Slither Wing|def|1\n|-unboost|p1a: Slither Wing|spd|1\n|move|p2a: Corviknight|Brave Bird|p1a: Slither Wing\n|-supereffective|p1a: Slither Wing\n|-damage|p1a: Slither Wing|0 fnt\n|faint|p1a: Slither Wing\n|-end|p1a: Slither Wing|Protosynthesis|[silent]\n|-damage|p2a: Corviknight|0 fnt|[from] Recoil\n|faint|p2a: Corviknight\n|\n|upkeep\n|\n|t:|1697370126\n|switch|p1a: Org|Ogerpon-Cornerstone-Tera, F, tera:Rock|88\/100 slp\n|switch|p2a: Amoonguss|Amoonguss, F|61\/100\n|-damage|p1a: Org|76\/100 slp|[from] Stealth Rock\n|-ability|p1a: Org|Embody Aspect (Cornerstone)|boost\n|-boost|p1a: Org|def|1\n|turn|25\n|\n|t:|1697370133\n|cant|p1a: Org|slp\n|move|p2a: Amoonguss|Giga Drain|p1a: Org\n|-supereffective|p1a: Org\n|-damage|p1a: Org|16\/100 slp\n|-heal|p2a: Amoonguss|82\/100|[from] drain|[of] p1a: Org\n|\n|upkeep\n|turn|26\n|\n|t:|1697370135\n|cant|p1a: Org|slp\n|move|p2a: Amoonguss|Giga Drain|p1a: Org\n|-supereffective|p1a: Org\n|-damage|p1a: Org|0 fnt\n|-heal|p2a: Amoonguss|88\/100|[from] drain|[of] p1a: Org\n|faint|p1a: Org\n|\n|win|bezrukiy_noob\n|c|\u2606bezrukiy_noob|\u041a\u043e\u0433\u043e?\n|c|\u2606ArekkusuKage|\u0410 \u043a\u0442\u043e \u043e\u0441\u043d\u043e\u0432\u043d\u043e\u0439 \u0443 \u0442\u044f?\n|c|\u2606bezrukiy_noob|\u0413\u0438\u043f\u043f\u043e, \u0445\u0438\u0442\u0440\u0430\u043d, \u043a\u043e\u0440\u0432\u0438.\n|c|\u2606ArekkusuKage|\u0410\u043c\u043e\u043d\u0433\u0443\u0441\u0430 -\n","uploadtime":1697370139,"views":21,"p1id":"arekkusukage","p2id":"bezrukiynoob","formatid":"gen9ubers","rating":0,"private":0,"password":""}