{"id":"gen9ubers-1998343198","p1":"rohnox37","p2":"Cetery","format":"[Gen 9] Ubers","log":"|j|\u2606rohnox37\n|j|\u2606Cetery\n|t:|1700931689\n|gametype|singles\n|player|p1|rohnox37|giovanni|\n|player|p2|Cetery|169|\n|teamsize|p1|6\n|teamsize|p2|6\n|gen|9\n|tier|[Gen 9] Ubers\n|rule|Sleep Clause Mod: Limit one foe put to sleep\n|rule|Species Clause: Limit one of each Pok\u00e9mon\n|rule|OHKO Clause: OHKO moves are banned\n|rule|Evasion Items Clause: Evasion items are banned\n|rule|Evasion Moves Clause: Evasion moves are banned\n|rule|Endless Battle Clause: Forcing endless battles is banned\n|rule|HP Percentage Mod: HP is shown in percentages\n|clearpoke\n|poke|p1|Zacian-*|\n|poke|p1|Landorus-Therian, M|\n|poke|p1|Skeledirge, M|\n|poke|p1|Kyogre|\n|poke|p1|Iron Hands|\n|poke|p1|Arceus-Grass|\n|poke|p2|Arceus|\n|poke|p2|Clefairy, F|\n|poke|p2|Dialga|\n|poke|p2|Koraidon|\n|poke|p2|Landorus-Therian, M|\n|poke|p2|Zacian-*|\n|teampreview\n|\n|t:|1700931717\n|start\n|switch|p1a: Landorus|Landorus-Therian, M|100\/100\n|switch|p2a: Koraidon|Koraidon|100\/100\n|-weather|SunnyDay|[from] ability: Orichalcum Pulse|[of] p2a: Koraidon\n|-activate|p2a: Koraidon|Orichalcum Pulse|[source]\n|-ability|p1a: Landorus|Intimidate|boost\n|-unboost|p2a: Koraidon|atk|1\n|turn|1\n|\n|t:|1700931724\n|switch|p2a: Landorus|Landorus-Therian, M, shiny|100\/100\n|-ability|p2a: Landorus|Intimidate|boost\n|-unboost|p1a: Landorus|atk|1\n|move|p1a: Landorus|Stealth Rock|p2a: Landorus\n|-sidestart|p2: Cetery|move: Stealth Rock\n|\n|-weather|SunnyDay|[upkeep]\n|upkeep\n|turn|2\n|\n|t:|1700931729\n|switch|p1a: Kyogre|Kyogre|100\/100\n|-weather|RainDance|[from] ability: Drizzle|[of] p1a: Kyogre\n|move|p2a: Landorus|Stealth Rock|p1a: Kyogre\n|-sidestart|p1: rohnox37|move: Stealth Rock\n|\n|-weather|RainDance|[upkeep]\n|upkeep\n|turn|3\n|\n|t:|1700931735\n|move|p2a: Landorus|Protect|p2a: Landorus\n|-singleturn|p2a: Landorus|Protect\n|move|p1a: Kyogre|Ice Beam|p2a: Landorus\n|-activate|p2a: Landorus|move: Protect\n|\n|-weather|RainDance|[upkeep]\n|upkeep\n|turn|4\n|\n|t:|1700931740\n|switch|p2a: Dialga|Dialga, shiny|100\/100\n|-damage|p2a: Dialga|94\/100|[from] Stealth Rock\n|move|p1a: Kyogre|Ice Beam|p2a: Dialga\n|-damage|p2a: Dialga|65\/100\n|\n|-weather|RainDance|[upkeep]\n|upkeep\n|turn|5\n|\n|t:|1700931749\n|switch|p1a: Landorus|Landorus-Therian, M|100\/100\n|-damage|p1a: Landorus|88\/100|[from] Stealth Rock\n|-ability|p1a: Landorus|Intimidate|boost\n|-unboost|p2a: Dialga|atk|1\n|move|p2a: Dialga|Flash Cannon|p1a: Landorus\n|-damage|p1a: Landorus|29\/100\n|-unboost|p1a: Landorus|spd|1\n|\n|-weather|RainDance|[upkeep]\n|upkeep\n|turn|6\n|c|\u2606Cetery|\u0421\u043e\u0445\u0440\u0430\u043d\u044f\u0435\u0448\u044c \u043f\u043e\u0432\u0442\u043e\u0440\u044b \u0442\u044b\n|c|\u2606Cetery|\u044f \u043f\u044c\u044f\u043d\u0435\u043d\u044c\u043a\u0438\u0439\n|\n|t:|1700931789\n|switch|p2a: Landorus|Landorus-Therian, M, shiny|100\/100\n|-damage|p2a: Landorus|88\/100|[from] Stealth Rock\n|-ability|p2a: Landorus|Intimidate|boost\n|-unboost|p1a: Landorus|atk|1\n|move|p1a: Landorus|Rock Tomb|p2a: Landorus\n|-damage|p2a: Landorus|78\/100\n|-unboost|p2a: Landorus|spe|1\n|\n|-weather|none\n|-heal|p2a: Landorus|84\/100|[from] item: Leftovers\n|upkeep\n|turn|7\n|\n|t:|1700931798\n|move|p1a: Landorus|U-turn|p2a: Landorus\n|-resisted|p2a: Landorus\n|-damage|p2a: Landorus|79\/100\n|\n|t:|1700931810\n|switch|p1a: Kyogre|Kyogre|100\/100|[from] U-turn\n|-damage|p1a: Kyogre|88\/100|[from] Stealth Rock\n|-weather|RainDance|[from] ability: Drizzle|[of] p1a: Kyogre\n|move|p2a: Landorus|U-turn|p1a: Kyogre\n|-damage|p1a: Kyogre|63\/100\n|\n|t:|1700931820\n|switch|p2a: Arceus|Arceus, shiny|100\/100|[from] U-turn\n|-damage|p2a: Arceus|88\/100|[from] Stealth Rock\n|\n|-weather|RainDance|[upkeep]\n|upkeep\n|turn|8\n|\n|t:|1700931831\n|move|p1a: Kyogre|Origin Pulse|p2a: Arceus\n|-damage|p2a: Arceus|0 fnt\n|faint|p2a: Arceus\n|\n|-weather|RainDance|[upkeep]\n|upkeep\n|\n|t:|1700931840\n|switch|p2a: Koraidon|Koraidon|100\/100\n|-damage|p2a: Koraidon|94\/100|[from] Stealth Rock\n|-weather|SunnyDay|[from] ability: Orichalcum Pulse|[of] p2a: Koraidon\n|-activate|p2a: Koraidon|Orichalcum Pulse|[source]\n|turn|9\n|\n|t:|1700931851\n|switch|p1a: Landorus|Landorus-Therian, M|29\/100\n|-damage|p1a: Landorus|17\/100|[from] Stealth Rock\n|-ability|p1a: Landorus|Intimidate|boost\n|-unboost|p2a: Koraidon|atk|1\n|move|p2a: Koraidon|Collision Course|p1a: Landorus\n|-resisted|p1a: Landorus\n|-damage|p1a: Landorus|0 fnt\n|faint|p1a: Landorus\n|\n|-weather|SunnyDay|[upkeep]\n|upkeep\n|\n|t:|1700931855\n|switch|p1a: Zacian|Zacian-Crowned|100\/100\n|-damage|p1a: Zacian|94\/100|[from] Stealth Rock\n|-ability|p1a: Zacian|Intrepid Sword|boost\n|-boost|p1a: Zacian|atk|1\n|turn|10\n|\n|t:|1700931861\n|switch|p2a: Landorus|Landorus-Therian, M, shiny|79\/100\n|-damage|p2a: Landorus|66\/100|[from] Stealth Rock\n|-ability|p2a: Landorus|Intimidate|boost\n|-unboost|p1a: Zacian|atk|1\n|move|p1a: Zacian|Play Rough|p2a: Landorus\n|-damage|p2a: Landorus|32\/100\n|\n|-weather|SunnyDay|[upkeep]\n|-heal|p2a: Landorus|38\/100|[from] item: Leftovers\n|upkeep\n|turn|11\n|\n|t:|1700931870\n|move|p1a: Zacian|Behemoth Blade|p2a: Landorus\n|-damage|p2a: Landorus|0 fnt\n|faint|p2a: Landorus\n|\n|-weather|SunnyDay|[upkeep]\n|upkeep\n|\n|t:|1700931874\n|switch|p2a: Koraidon|Koraidon|94\/100\n|-damage|p2a: Koraidon|88\/100|[from] Stealth Rock\n|-activate|p2a: Koraidon|ability: Orichalcum Pulse\n|turn|12\n|\n|t:|1700931882\n|-terastallize|p2a: Koraidon|Fire\n|move|p2a: Koraidon|Collision Course|p1a: Zacian\n|-damage|p1a: Zacian|29\/100\n|move|p1a: Zacian|Play Rough|p2a: Koraidon\n|-resisted|p2a: Koraidon\n|-damage|p2a: Koraidon|66\/100\n|\n|-weather|SunnyDay|[upkeep]\n|upkeep\n|turn|13\n|\n|t:|1700931893\n|switch|p1a: Kyogre|Kyogre|63\/100\n|-damage|p1a: Kyogre|51\/100|[from] Stealth Rock\n|-weather|RainDance|[from] ability: Drizzle|[of] p1a: Kyogre\n|move|p2a: Koraidon|Collision Course|p1a: Kyogre\n|-damage|p1a: Kyogre|0 fnt\n|faint|p1a: Kyogre\n|\n|-weather|RainDance|[upkeep]\n|upkeep\n|\n|t:|1700931897\n|switch|p1a: Skeledirge|Skeledirge, M|100\/100\n|-damage|p1a: Skeledirge|76\/100|[from] Stealth Rock\n|turn|14\n|\n|t:|1700931904\n|switch|p2a: Clefairy|Clefairy, F, shiny|100\/100\n|-damage|p2a: Clefairy|88\/100|[from] Stealth Rock\n|move|p1a: Skeledirge|Flame Charge|p2a: Clefairy\n|-damage|p2a: Clefairy|82\/100\n|-boost|p1a: Skeledirge|spe|1\n|\n|-weather|RainDance|[upkeep]\n|upkeep\n|turn|15\n|\n|t:|1700931913\n|move|p1a: Skeledirge|Torch Song|p2a: Clefairy\n|-damage|p2a: Clefairy|71\/100\n|-boost|p1a: Skeledirge|spa|1\n|move|p2a: Clefairy|Chilling Water|p1a: Skeledirge\n|-supereffective|p1a: Skeledirge\n|-damage|p1a: Skeledirge|59\/100\n|-unboost|p1a: Skeledirge|atk|1\n|\n|-weather|RainDance|[upkeep]\n|upkeep\n|turn|16\n|\n|t:|1700931923\n|move|p1a: Skeledirge|Torch Song|p2a: Clefairy\n|-damage|p2a: Clefairy|56\/100\n|-boost|p1a: Skeledirge|spa|1\n|move|p2a: Clefairy|Icy Wind|p1a: Skeledirge\n|-resisted|p1a: Skeledirge\n|-damage|p1a: Skeledirge|55\/100\n|-unboost|p1a: Skeledirge|spe|1\n|\n|-weather|RainDance|[upkeep]\n|upkeep\n|turn|17\n|\n|t:|1700931930\n|move|p1a: Skeledirge|Flame Charge|p2a: Clefairy\n|-damage|p2a: Clefairy|52\/100\n|-boost|p1a: Skeledirge|spe|1\n|move|p2a: Clefairy|Icy Wind|p1a: Skeledirge\n|-resisted|p1a: Skeledirge\n|-damage|p1a: Skeledirge|52\/100\n|-unboost|p1a: Skeledirge|spe|1\n|\n|-weather|none\n|upkeep\n|turn|18\n|\n|t:|1700931935\n|move|p1a: Skeledirge|Flame Charge|p2a: Clefairy\n|-damage|p2a: Clefairy|43\/100\n|-boost|p1a: Skeledirge|spe|1\n|move|p2a: Clefairy|Icy Wind|p1a: Skeledirge\n|-resisted|p1a: Skeledirge\n|-damage|p1a: Skeledirge|49\/100\n|-unboost|p1a: Skeledirge|spe|1\n|-enditem|p1a: Skeledirge|Sitrus Berry|[eat]\n|-heal|p1a: Skeledirge|74\/100|[from] item: Sitrus Berry\n|\n|upkeep\n|turn|19\n|\n|t:|1700931940\n|move|p1a: Skeledirge|Torch Song|p2a: Clefairy\n|-damage|p2a: Clefairy|0 fnt\n|-boost|p1a: Skeledirge|spa|1\n|faint|p2a: Clefairy\n|\n|upkeep\n|\n|t:|1700931952\n|switch|p2a: Koraidon|Koraidon, tera:Fire|66\/100\n|-damage|p2a: Koraidon|41\/100|[from] Stealth Rock\n|-weather|SunnyDay|[from] ability: Orichalcum Pulse|[of] p2a: Koraidon\n|-activate|p2a: Koraidon|Orichalcum Pulse|[source]\n|turn|20\n|\n|t:|1700931959\n|move|p2a: Koraidon|Dragon Claw|p1a: Skeledirge\n|-damage|p1a: Skeledirge|30\/100\n|move|p1a: Skeledirge|Torch Song|p2a: Koraidon\n|-resisted|p2a: Koraidon\n|-damage|p2a: Koraidon|0 fnt\n|-boost|p1a: Skeledirge|spa|1\n|faint|p2a: Koraidon\n|\n|-weather|SunnyDay|[upkeep]\n|upkeep\n|\n|t:|1700931963\n|switch|p2a: Dialga|Dialga, shiny|65\/100\n|-damage|p2a: Dialga|59\/100|[from] Stealth Rock\n|turn|21\n|\n|t:|1700931969\n|move|p1a: Skeledirge|Protect|p1a: Skeledirge\n|-singleturn|p1a: Skeledirge|Protect\n|move|p2a: Dialga|Earth Power|p1a: Skeledirge\n|-activate|p1a: Skeledirge|move: Protect\n|\n|-weather|SunnyDay|[upkeep]\n|upkeep\n|turn|22\n|\n|t:|1700931975\n|switch|p1a: Arceus|Arceus-Grass|100\/100\n|-damage|p1a: Arceus|88\/100|[from] Stealth Rock\n|move|p2a: Dialga|Earth Power|p1a: Arceus\n|-resisted|p1a: Arceus\n|-damage|p1a: Arceus|76\/100\n|\n|-weather|SunnyDay|[upkeep]\n|upkeep\n|turn|23\n|\n|t:|1700931989\n|move|p1a: Arceus|Calm Mind|p1a: Arceus\n|-boost|p1a: Arceus|spa|1\n|-boost|p1a: Arceus|spd|1\n|move|p2a: Dialga|Flamethrower|p1a: Arceus\n|-supereffective|p1a: Arceus\n|-damage|p1a: Arceus|28\/100\n|\n|-weather|SunnyDay|[upkeep]\n|upkeep\n|turn|24\n|\n|t:|1700931994\n|move|p1a: Arceus|Ice Beam|p2a: Dialga\n|-damage|p2a: Dialga|34\/100\n|move|p2a: Dialga|Flamethrower|p1a: Arceus\n|-supereffective|p1a: Arceus\n|-damage|p1a: Arceus|0 fnt\n|faint|p1a: Arceus\n|\n|-weather|none\n|upkeep\n|\n|t:|1700931999\n|switch|p1a: Zacian|Zacian-Crowned|29\/100\n|-damage|p1a: Zacian|23\/100|[from] Stealth Rock\n|turn|25\n|\n|t:|1700932004\n|move|p1a: Zacian|Play Rough|p2a: Dialga\n|-damage|p2a: Dialga|0 fnt\n|faint|p2a: Dialga\n|\n|upkeep\n|\n|t:|1700932006\n|switch|p2a: Zacian|Zacian-Crowned, shiny|100\/100\n|-damage|p2a: Zacian|94\/100|[from] Stealth Rock\n|-ability|p2a: Zacian|Intrepid Sword|boost\n|-boost|p2a: Zacian|atk|1\n|turn|26\n|\n|t:|1700932010\n|move|p1a: Zacian|Behemoth Blade|p2a: Zacian\n|-damage|p2a: Zacian|37\/100\n|move|p2a: Zacian|Behemoth Blade|p1a: Zacian\n|-damage|p1a: Zacian|0 fnt\n|faint|p1a: Zacian\n|\n|upkeep\n|\n|t:|1700932013\n|switch|p1a: Iron Hands|Iron Hands|100\/100\n|-damage|p1a: Iron Hands|94\/100|[from] Stealth Rock\n|turn|27\n|\n|t:|1700932017\n|move|p2a: Zacian|Protect|p2a: Zacian\n|-singleturn|p2a: Zacian|Protect\n|move|p1a: Iron Hands|Fake Out|p2a: Zacian\n|-activate|p2a: Zacian|move: Protect\n|\n|upkeep\n|turn|28\n|\n|t:|1700932022\n|move|p2a: Zacian|Play Rough|p1a: Iron Hands\n|-supereffective|p1a: Iron Hands\n|-damage|p1a: Iron Hands|0 fnt\n|faint|p1a: Iron Hands\n|-end|p1a: Iron Hands|Quark Drive|[silent]\n|\n|upkeep\n|\n|t:|1700932025\n|switch|p1a: Skeledirge|Skeledirge, M|30\/100\n|-damage|p1a: Skeledirge|5\/100|[from] Stealth Rock\n|turn|29\n|\n|t:|1700932028\n|move|p2a: Zacian|Behemoth Blade|p1a: Skeledirge\n|-resisted|p1a: Skeledirge\n|-damage|p1a: Skeledirge|0 fnt\n|faint|p1a: Skeledirge\n|\n|win|Cetery\n|c|\u2606Cetery|\u0421\u043e\u0445\u0440\u0430\u043d\u0438\n","uploadtime":1700932032,"views":8,"p1id":"rohnox37","p2id":"cetery","formatid":"gen9ubers","rating":0,"private":0,"password":""}