{"id":"gen9ubers-1968937528","p1":"Nitro524","p2":"AlicieLizzie","format":"[Gen 9] Ubers","log":"|j|\u2606Nitro524\n|j|\u2606AlicieLizzie\n|t:|1697476878\n|gametype|singles\n|player|p1|Nitro524|hilbert-wonderlauncher|\n|player|p2|AlicieLizzie|marnie-masters3|\n|teamsize|p1|6\n|teamsize|p2|6\n|gen|9\n|tier|[Gen 9] Ubers\n|rule|Sleep Clause Mod: Limit one foe put to sleep\n|rule|Species Clause: Limit one of each Pok\u00e9mon\n|rule|OHKO Clause: OHKO moves are banned\n|rule|Evasion Items Clause: Evasion items are banned\n|rule|Evasion Moves Clause: Evasion moves are banned\n|rule|Endless Battle Clause: Forcing endless battles is banned\n|rule|HP Percentage Mod: HP is shown in percentages\n|clearpoke\n|poke|p1|Torkoal, M|\n|poke|p1|Ceruledge, F|\n|poke|p1|Cyclizar, F|\n|poke|p1|Volcarona, F|\n|poke|p1|Arceus-Grass|\n|poke|p1|Walking Wake|\n|poke|p2|Cyclizar, F|\n|poke|p2|Zacian-*|\n|poke|p2|Garchomp, M|\n|poke|p2|Kommo-o, F|\n|poke|p2|Magearna|\n|poke|p2|Arceus-Poison|\n|teampreview\n|\n|t:|1697476905\n|start\n|switch|p1a: Arceus|Arceus-Grass|100\/100\n|switch|p2a: SPIN|Cyclizar, F|100\/100\n|turn|1\n|\n|t:|1697476912\n|move|p2a: SPIN|Shed Tail|p2a: SPIN\n|-start|p2a: SPIN|Substitute|[from] move: Shed Tail\n|-damage|p2a: SPIN|50\/100\n|\n|t:|1697476918\n|switch|p2a: RAHHHH|Kommo-o, F|100\/100|[from] Shed Tail\n|move|p1a: Arceus|Calm Mind|p1a: Arceus\n|-boost|p1a: Arceus|spa|1\n|-boost|p1a: Arceus|spd|1\n|\n|upkeep\n|turn|2\n|\n|t:|1697476929\n|move|p1a: Arceus|Ice Beam|p2a: RAHHHH\n|-supereffective|p2a: RAHHHH\n|-end|p2a: RAHHHH|Substitute\n|move|p2a: RAHHHH|Clangorous Soul|p2a: RAHHHH\n|-boost|p2a: RAHHHH|atk|1\n|-boost|p2a: RAHHHH|def|1\n|-boost|p2a: RAHHHH|spa|1\n|-boost|p2a: RAHHHH|spd|1\n|-boost|p2a: RAHHHH|spe|1\n|-damage|p2a: RAHHHH|68\/100\n|-enditem|p2a: RAHHHH|Throat Spray\n|-boost|p2a: RAHHHH|spa|1|[from] item: Throat Spray\n|\n|upkeep\n|turn|3\n|\n|t:|1697476934\n|-terastallize|p2a: RAHHHH|Normal\n|move|p2a: RAHHHH|Boomburst|p1a: Arceus\n|-damage|p1a: Arceus|44\/100\n|move|p1a: Arceus|Ice Beam|p2a: RAHHHH\n|-damage|p2a: RAHHHH|38\/100\n|\n|upkeep\n|turn|4\n|\n|t:|1697476958\n|switch|p1a: Torkoal|Torkoal, M|100\/100\n|-weather|SunnyDay|[from] ability: Drought|[of] p1a: Torkoal\n|move|p2a: RAHHHH|Boomburst|p1a: Torkoal\n|-damage|p1a: Torkoal|0 fnt\n|faint|p1a: Torkoal\n|\n|-weather|SunnyDay|[upkeep]\n|upkeep\n|\n|t:|1697476960\n|switch|p1a: Walking Wake|Walking Wake|100\/100\n|-activate|p1a: Walking Wake|ability: Protosynthesis\n|-start|p1a: Walking Wake|protosynthesisspe\n|turn|5\n|\n|t:|1697476969\n|move|p1a: Walking Wake|Flamethrower|p2a: RAHHHH\n|-damage|p2a: RAHHHH|0 fnt\n|faint|p2a: RAHHHH\n|\n|-weather|SunnyDay|[upkeep]\n|upkeep\n|\n|t:|1697476973\n|switch|p2a: SPIN|Cyclizar, F|83\/100\n|turn|6\n|\n|t:|1697476977\n|move|p1a: Walking Wake|Flamethrower|p2a: SPIN\n|-resisted|p2a: SPIN\n|-damage|p2a: SPIN|22\/100\n|move|p2a: SPIN|Dragon Tail|p1a: Walking Wake\n|-supereffective|p1a: Walking Wake\n|-damage|p1a: Walking Wake|43\/100\n|-end|p1a: Walking Wake|Protosynthesis|[silent]\n|drag|p1a: Ceruledge|Ceruledge, F|100\/100\n|\n|-weather|SunnyDay|[upkeep]\n|upkeep\n|turn|7\n|\n|t:|1697476992\n|move|p1a: Ceruledge|Swords Dance|p1a: Ceruledge\n|-boost|p1a: Ceruledge|atk|2\n|move|p2a: SPIN|Dragon Tail|p1a: Ceruledge\n|-crit|p1a: Ceruledge\n|-damage|p1a: Ceruledge|52\/100\n|-ability|p1a: Ceruledge|Weak Armor|boost\n|-unboost|p1a: Ceruledge|def|1\n|-boost|p1a: Ceruledge|spe|2\n|drag|p1a: Volcarona|Volcarona, F|100\/100\n|\n|-weather|SunnyDay|[upkeep]\n|upkeep\n|turn|8\n|\n|t:|1697477017\n|move|p1a: Volcarona|Flamethrower|p2a: SPIN\n|-resisted|p2a: SPIN\n|-damage|p2a: SPIN|0 fnt\n|faint|p2a: SPIN\n|\n|-weather|SunnyDay|[upkeep]\n|upkeep\n|\n|t:|1697477023\n|switch|p2a: Cynthia's Revenge|Garchomp, M|100\/100\n|turn|9\n|\n|t:|1697477041\n|move|p2a: Cynthia's Revenge|Swords Dance|p2a: Cynthia's Revenge\n|-boost|p2a: Cynthia's Revenge|atk|2\n|move|p1a: Volcarona|Quiver Dance|p1a: Volcarona\n|-boost|p1a: Volcarona|spa|1\n|-boost|p1a: Volcarona|spd|1\n|-boost|p1a: Volcarona|spe|1\n|\n|-weather|SunnyDay|[upkeep]\n|upkeep\n|turn|10\n|\n|t:|1697477048\n|move|p1a: Volcarona|Bug Buzz|p2a: Cynthia's Revenge\n|-damage|p2a: Cynthia's Revenge|22\/100\n|move|p2a: Cynthia's Revenge|Scale Shot|p1a: Volcarona\n|-damage|p1a: Volcarona|62\/100\n|-damage|p1a: Volcarona|21\/100\n|-damage|p1a: Volcarona|0 fnt\n|faint|p1a: Volcarona\n|-hitcount|p1: Volcarona|3\n|-unboost|p2a: Cynthia's Revenge|def|1\n|-boost|p2a: Cynthia's Revenge|spe|1\n|\n|-weather|SunnyDay|[upkeep]\n|upkeep\n|\n|t:|1697477058\n|switch|p1a: Walking Wake|Walking Wake|43\/100\n|-activate|p1a: Walking Wake|ability: Protosynthesis\n|-start|p1a: Walking Wake|protosynthesisspe\n|turn|11\n|\n|t:|1697477064\n|move|p1a: Walking Wake|Hydro Steam|p2a: Cynthia's Revenge\n|-damage|p2a: Cynthia's Revenge|0 fnt\n|faint|p2a: Cynthia's Revenge\n|\n|-weather|none\n|-end|p1a: Walking Wake|Protosynthesis\n|upkeep\n|\n|t:|1697477066\n|switch|p2a: gabriel canine|Zacian|100\/100\n|-ability|p2a: gabriel canine|Intrepid Sword|boost\n|-boost|p2a: gabriel canine|atk|1\n|turn|12\n|\n|t:|1697477071\n|move|p2a: gabriel canine|Play Rough|p1a: Walking Wake\n|-supereffective|p1a: Walking Wake\n|-damage|p1a: Walking Wake|0 fnt\n|faint|p1a: Walking Wake\n|-end|p1a: Walking Wake|Protosynthesis|[silent]\n|\n|upkeep\n|\n|t:|1697477087\n|switch|p1a: Cyclizar|Cyclizar, F|100\/100\n|turn|13\n|\n|t:|1697477099\n|move|p1a: Cyclizar|Shed Tail|p1a: Cyclizar\n|-start|p1a: Cyclizar|Substitute|[from] move: Shed Tail\n|-damage|p1a: Cyclizar|50\/100\n|\n|t:|1697477107\n|switch|p1a: Arceus|Arceus-Grass|44\/100|[from] Shed Tail\n|move|p2a: gabriel canine|Play Rough|p1a: Arceus\n|-end|p1a: Arceus|Substitute\n|\n|upkeep\n|turn|14\n|\n|t:|1697477116\n|move|p2a: gabriel canine|Play Rough|p1a: Arceus\n|-damage|p1a: Arceus|0 fnt\n|faint|p1a: Arceus\n|\n|upkeep\n|\n|t:|1697477121\n|switch|p1a: Cyclizar|Cyclizar, F|84\/100\n|turn|15\n|\n|t:|1697477126\n|move|p1a: Cyclizar|Shed Tail|p1a: Cyclizar\n|-start|p1a: Cyclizar|Substitute|[from] move: Shed Tail\n|-damage|p1a: Cyclizar|34\/100\n|\n|t:|1697477128\n|switch|p1a: Ceruledge|Ceruledge, F|52\/100|[from] Shed Tail\n|move|p2a: gabriel canine|Play Rough|p1a: Ceruledge\n|-resisted|p1a: Ceruledge\n|-end|p1a: Ceruledge|Substitute\n|\n|upkeep\n|turn|16\n|c|\u2606Nitro524|i think i'm starting to understand what works\n|\n|t:|1697477145\n|move|p2a: gabriel canine|Play Rough|p1a: Ceruledge\n|-resisted|p1a: Ceruledge\n|-damage|p1a: Ceruledge|0 fnt\n|faint|p1a: Ceruledge\n|\n|upkeep\n|c|\u2606AlicieLizzie|that's good\n|\n|t:|1697477147\n|switch|p1a: Cyclizar|Cyclizar, F|67\/100\n|turn|17\n|\n|t:|1697477155\n|move|p1a: Cyclizar|Knock Off|p2a: gabriel canine\n|-resisted|p2a: gabriel canine\n|-damage|p2a: gabriel canine|90\/100\n|-enditem|p2a: gabriel canine|Choice Band|[from] move: Knock Off|[of] p1a: Cyclizar\n|move|p2a: gabriel canine|Play Rough|p1a: Cyclizar\n|-supereffective|p1a: Cyclizar\n|-damage|p1a: Cyclizar|0 fnt\n|faint|p1a: Cyclizar\n|\n|win|AlicieLizzie\n|c|\u2606Nitro524|ggs\n","uploadtime":1697477160,"views":12,"p1id":"nitro524","p2id":"alicielizzie","formatid":"gen9ubers","rating":0,"private":0,"password":""}