{"id":"gen9ubers-1971834287","p1":"Troutinspace","p2":"Skimmythegod","format":"[Gen 9] Ubers","log":"|j|\u2606Troutinspace\n|j|\u2606Skimmythegod\n|inactive|Battle timer is ON: inactive players will automatically lose when time's up.\n|t:|1697778627\n|gametype|singles\n|player|p1|Troutinspace|aaron|\n|player|p2|Skimmythegod|#uplximelmetal|\n|teamsize|p1|6\n|teamsize|p2|6\n|gen|9\n|tier|[Gen 9] Ubers\n|rated|Tournament battle\n|rule|Sleep Clause Mod: Limit one foe put to sleep\n|rule|Species Clause: Limit one of each Pok\u00e9mon\n|rule|OHKO Clause: OHKO moves are banned\n|rule|Evasion Items Clause: Evasion items are banned\n|rule|Evasion Moves Clause: Evasion moves are banned\n|rule|Endless Battle Clause: Forcing endless battles is banned\n|rule|HP Percentage Mod: HP is shown in percentages\n|clearpoke\n|poke|p1|Arceus|\n|poke|p1|Great Tusk|\n|poke|p1|Koraidon|\n|poke|p1|Miraidon|\n|poke|p1|Iron Bundle|\n|poke|p1|Chien-Pao|\n|poke|p2|Giratina-Origin|\n|poke|p2|Kyogre|\n|poke|p2|Landorus-Therian, M|\n|poke|p2|Arceus-Steel|\n|poke|p2|Ting-Lu|\n|poke|p2|Eternatus|\n|teampreview\n|j|*Lady Monita \u263d\n|inactive|Skimmythegod also wants the timer to be on.\n|\n|t:|1697778638\n|start\n|switch|p1a: Iron Bundle|Iron Bundle|100\/100\n|switch|p2a: Landorus|Landorus-Therian, M|100\/100\n|-ability|p2a: Landorus|Intimidate|boost\n|-unboost|p1a: Iron Bundle|atk|1\n|turn|1\n|\n|t:|1697778642\n|switch|p2a: Arceus|Arceus-Steel|100\/100\n|move|p1a: Iron Bundle|Hydro Pump|p2a: Arceus\n|-damage|p2a: Arceus|61\/100\n|\n|upkeep\n|turn|2\n|\n|t:|1697778647\n|move|p1a: Iron Bundle|Flip Turn|p2a: Arceus\n|-damage|p2a: Arceus|55\/100\n|\n|t:|1697778651\n|-end|p1a: Iron Bundle|Quark Drive|[silent]\n|switch|p1a: Koraidon|Koraidon|100\/100|[from] Flip Turn\n|-weather|SunnyDay|[from] ability: Orichalcum Pulse|[of] p1a: Koraidon\n|-activate|p1a: Koraidon|Orichalcum Pulse|[source]\n|move|p2a: Arceus|Recover|p2a: Arceus\n|-heal|p2a: Arceus|100\/100\n|\n|-weather|SunnyDay|[upkeep]\n|upkeep\n|turn|3\n|\n|t:|1697778659\n|switch|p2a: Landorus|Landorus-Therian, M|100\/100\n|-ability|p2a: Landorus|Intimidate|boost\n|-unboost|p1a: Koraidon|atk|1\n|move|p1a: Koraidon|Dragon Claw|p2a: Landorus\n|-damage|p2a: Landorus|74\/100\n|-damage|p1a: Koraidon|84\/100|[from] item: Rocky Helmet|[of] p2a: Landorus\n|\n|-weather|SunnyDay|[upkeep]\n|upkeep\n|turn|4\n|\n|t:|1697778664\n|switch|p1a: Iron Bundle|Iron Bundle|100\/100\n|move|p2a: Landorus|U-turn|p1a: Iron Bundle\n|-crit|p1a: Iron Bundle\n|-damage|p1a: Iron Bundle|60\/100\n|\n|t:|1697778669\n|switch|p2a: Kyogre|Kyogre|100\/100|[from] U-turn\n|-weather|RainDance|[from] ability: Drizzle|[of] p2a: Kyogre\n|\n|-weather|RainDance|[upkeep]\n|upkeep\n|turn|5\n|\n|t:|1697778672\n|move|p2a: Kyogre|Water Spout|p1a: Iron Bundle\n|-resisted|p1a: Iron Bundle\n|-damage|p1a: Iron Bundle|0 fnt\n|faint|p1a: Iron Bundle\n|-end|p1a: Iron Bundle|Quark Drive|[silent]\n|\n|-weather|RainDance|[upkeep]\n|upkeep\n|\n|t:|1697778674\n|switch|p1a: Koraidon|Koraidon|84\/100\n|-weather|SunnyDay|[from] ability: Orichalcum Pulse|[of] p1a: Koraidon\n|-activate|p1a: Koraidon|Orichalcum Pulse|[source]\n|turn|6\n|j| fefisso\n|\n|t:|1697778682\n|switch|p2a: Landorus|Landorus-Therian, M|74\/100\n|-ability|p2a: Landorus|Intimidate|boost\n|-unboost|p1a: Koraidon|atk|1\n|move|p1a: Koraidon|U-turn|p2a: Landorus\n|-resisted|p2a: Landorus\n|-damage|p2a: Landorus|66\/100\n|-damage|p1a: Koraidon|68\/100|[from] item: Rocky Helmet|[of] p2a: Landorus\n|\n|t:|1697778684\n|switch|p1a: Chien-Pao|Chien-Pao|100\/100|[from] U-turn\n|-ability|p1a: Chien-Pao|Sword of Ruin\n|\n|-weather|SunnyDay|[upkeep]\n|upkeep\n|turn|7\n|\n|t:|1697778689\n|switch|p2a: Arceus|Arceus-Steel|100\/100\n|move|p1a: Chien-Pao|Crunch|p2a: Arceus\n|-damage|p2a: Arceus|69\/100\n|-unboost|p2a: Arceus|def|1\n|\n|-weather|SunnyDay|[upkeep]\n|upkeep\n|turn|8\n|\n|t:|1697778693\n|-terastallize|p1a: Chien-Pao|Dark\n|move|p1a: Chien-Pao|Crunch|p2a: Arceus\n|-damage|p2a: Arceus|12\/100\n|move|p2a: Arceus|Judgment|p1a: Chien-Pao\n|-damage|p1a: Chien-Pao|19\/100\n|\n|-weather|SunnyDay|[upkeep]\n|upkeep\n|turn|9\n|\n|t:|1697778699\n|switch|p2a: Ting-Lu|Ting-Lu|100\/100\n|-ability|p2a: Ting-Lu|Vessel of Ruin\n|move|p1a: Chien-Pao|Crunch|p2a: Ting-Lu\n|-resisted|p2a: Ting-Lu\n|-damage|p2a: Ting-Lu|83\/100\n|\n|-weather|SunnyDay|[upkeep]\n|-heal|p2a: Ting-Lu|89\/100|[from] item: Leftovers\n|upkeep\n|turn|10\n|\n|t:|1697778703\n|switch|p1a: Koraidon|Koraidon|68\/100\n|-activate|p1a: Koraidon|ability: Orichalcum Pulse\n|move|p2a: Ting-Lu|Spikes|p1a: Koraidon\n|-sidestart|p1: Troutinspace|Spikes\n|\n|-weather|none\n|-heal|p2a: Ting-Lu|95\/100|[from] item: Leftovers\n|upkeep\n|turn|11\n|\n|t:|1697778710\n|switch|p2a: Landorus|Landorus-Therian, M|66\/100\n|-ability|p2a: Landorus|Intimidate|boost\n|-unboost|p1a: Koraidon|atk|1\n|move|p1a: Koraidon|Low Kick|p2a: Landorus\n|-resisted|p2a: Landorus\n|-damage|p2a: Landorus|55\/100\n|-damage|p1a: Koraidon|51\/100|[from] item: Rocky Helmet|[of] p2a: Landorus\n|\n|upkeep\n|turn|12\n|\n|t:|1697778723\n|move|p1a: Koraidon|Low Kick|p2a: Landorus\n|-resisted|p2a: Landorus\n|-damage|p2a: Landorus|44\/100\n|-damage|p1a: Koraidon|35\/100|[from] item: Rocky Helmet|[of] p2a: Landorus\n|move|p2a: Landorus|Stealth Rock|p1a: Koraidon\n|-sidestart|p1: Troutinspace|move: Stealth Rock\n|\n|upkeep\n|turn|13\n|\n|t:|1697778726\n|move|p1a: Koraidon|Low Kick|p2a: Landorus\n|-resisted|p2a: Landorus\n|-damage|p2a: Landorus|33\/100\n|-damage|p1a: Koraidon|18\/100|[from] item: Rocky Helmet|[of] p2a: Landorus\n|move|p2a: Landorus|U-turn|p1a: Koraidon\n|-resisted|p1a: Koraidon\n|-damage|p1a: Koraidon|9\/100\n|\n|t:|1697778731\n|switch|p2a: Eternatus|Eternatus|100\/100|[from] U-turn\n|-ability|p2a: Eternatus|Pressure\n|\n|upkeep\n|turn|14\n|\n|t:|1697778735\n|move|p1a: Koraidon|Low Kick|p2a: Eternatus\n|-resisted|p2a: Eternatus\n|-damage|p2a: Eternatus|84\/100\n|move|p2a: Eternatus|Toxic Spikes|p1a: Koraidon\n|-sidestart|p1: Troutinspace|move: Toxic Spikes\n|\n|upkeep\n|turn|15\n|\n|t:|1697778738\n|move|p1a: Koraidon|Low Kick|p2a: Eternatus\n|-resisted|p2a: Eternatus\n|-damage|p2a: Eternatus|69\/100\n|move|p2a: Eternatus|Recover|p2a: Eternatus\n|-heal|p2a: Eternatus|100\/100\n|\n|upkeep\n|turn|16\n|\n|t:|1697778742\n|switch|p1a: Great Tusk|Great Tusk|100\/100\n|-damage|p1a: Great Tusk|88\/100|[from] Spikes\n|-damage|p1a: Great Tusk|85\/100|[from] Stealth Rock\n|-status|p1a: Great Tusk|psn\n|move|p2a: Eternatus|Dynamax Cannon|p1a: Great Tusk\n|-damage|p1a: Great Tusk|21\/100 psn\n|\n|-heal|p1a: Great Tusk|28\/100 psn|[from] item: Leftovers\n|-damage|p1a: Great Tusk|15\/100 psn|[from] psn\n|upkeep\n|turn|17\n|\n|t:|1697778745\n|move|p2a: Eternatus|Dynamax Cannon|p1a: Great Tusk\n|-damage|p1a: Great Tusk|0 fnt\n|faint|p1a: Great Tusk\n|-end|p1a: Great Tusk|Protosynthesis|[silent]\n|\n|upkeep\n|\n|t:|1697778748\n|switch|p1a: Miraidon|Miraidon|100\/100\n|-damage|p1a: Miraidon|88\/100|[from] Spikes\n|-damage|p1a: Miraidon|76\/100|[from] Stealth Rock\n|-status|p1a: Miraidon|psn\n|-fieldstart|move: Electric Terrain|[from] ability: Hadron Engine|[of] p1a: Miraidon\n|turn|18\n|\n|t:|1697778750\n|switch|p2a: Ting-Lu|Ting-Lu|95\/100\n|-ability|p2a: Ting-Lu|Vessel of Ruin\n|move|p1a: Miraidon|Draco Meteor|p2a: Ting-Lu\n|-damage|p2a: Ting-Lu|39\/100\n|-unboost|p1a: Miraidon|spa|2\n|\n|-heal|p2a: Ting-Lu|45\/100|[from] item: Leftovers\n|-damage|p1a: Miraidon|64\/100 psn|[from] psn\n|upkeep\n|turn|19\n|-message|Troutinspace forfeited.\n|\n|win|Skimmythegod\n|n|\u2606Troutinspace|troutinspace\n|n|\u2606Skimmythegod|skimmythegod\n|n|*Lady Monita \u263d|ladymonita\n|n| fefisso|fefisso\n|l|*Lady Monita \u263d\n|l|\u2606Troutinspace\n|l| fefisso\n|l|\u2606Skimmythegod\n|j| GeniusFromHoenn\n","uploadtime":1697779240,"views":31,"p1id":"troutinspace","p2id":"skimmythegod","formatid":"gen9ubers","rating":0,"private":0,"password":""}