{"id":"gen9ubers-1998216601","p1":"brazy diamond","p2":"galladesimp","format":"[Gen 9] Ubers","log":"|j|\u2606brazy diamond\n|j|\u2606galladesimp\n|t:|1700914357\n|gametype|singles\n|player|p1|brazy diamond|wicke|\n|player|p2|galladesimp|elesa-masters2|\n|teamsize|p1|6\n|teamsize|p2|6\n|gen|9\n|tier|[Gen 9] Ubers\n|rule|Sleep Clause Mod: Limit one foe put to sleep\n|rule|Species Clause: Limit one of each Pok\u00e9mon\n|rule|OHKO Clause: OHKO moves are banned\n|rule|Evasion Items Clause: Evasion items are banned\n|rule|Evasion Moves Clause: Evasion moves are banned\n|rule|Endless Battle Clause: Forcing endless battles is banned\n|rule|HP Percentage Mod: HP is shown in percentages\n|clearpoke\n|poke|p1|Arceus|\n|poke|p1|Gliscor, F|\n|poke|p1|Kyogre|\n|poke|p1|Iron Treads|\n|poke|p1|Zacian-*|\n|poke|p1|Skeledirge, F|\n|poke|p2|Ogerpon-Hearthflame, F|\n|poke|p2|Landorus-Therian, M|\n|poke|p2|Zacian-*|\n|poke|p2|Chien-Pao|\n|poke|p2|Iron Hands|\n|poke|p2|Iron Bundle|\n|teampreview\n|inactive|Battle timer is ON: inactive players will automatically lose when time's up. (requested by galladesimp)\n|c|\u2606brazy diamond|glhf\n|inactive|brazy diamond has 270 seconds left.\n|inactive|galladesimp has 270 seconds left.\n|\n|t:|1700914405\n|start\n|switch|p1a: rat bastard|Gliscor, F|100\/100\n|switch|p2a: Chien-Pao|Chien-Pao|100\/100\n|-ability|p2a: Chien-Pao|Sword of Ruin\n|turn|1\n|\n|t:|1700914416\n|move|p1a: rat bastard|Protect|p1a: rat bastard\n|-singleturn|p1a: rat bastard|Protect\n|move|p2a: Chien-Pao|Ice Spinner|p1a: rat bastard\n|-activate|p1a: rat bastard|move: Protect\n|\n|-status|p1a: rat bastard|tox|[from] item: Toxic Orb\n|upkeep\n|turn|2\n|\n|t:|1700914429\n|switch|p1a: that dawg in me|Zacian-Crowned|100\/100\n|-ability|p1a: that dawg in me|Intrepid Sword|boost\n|-boost|p1a: that dawg in me|atk|1\n|move|p2a: Chien-Pao|Lash Out|p1a: that dawg in me\n|-resisted|p1a: that dawg in me\n|-damage|p1a: that dawg in me|76\/100\n|\n|upkeep\n|turn|3\n|inactive|galladesimp has 270 seconds left.\n|\n|t:|1700914460\n|switch|p2a: Landorus|Landorus-Therian, M|100\/100\n|-ability|p2a: Landorus|Intimidate|boost\n|-unboost|p1a: that dawg in me|atk|1\n|move|p1a: that dawg in me|Behemoth Blade|p2a: Landorus\n|-damage|p2a: Landorus|29\/100\n|\n|upkeep\n|turn|4\n|inactive|galladesimp has 270 seconds left.\n|\n|t:|1700914490\n|switch|p1a: rat bastard|Gliscor, F|100\/100 tox\n|move|p2a: Landorus|U-turn|p1a: rat bastard\n|-resisted|p1a: rat bastard\n|-damage|p1a: rat bastard|89\/100 tox\n|\n|t:|1700914496\n|switch|p2a: Iron Bundle|Iron Bundle|100\/100|[from] U-turn\n|-enditem|p2a: Iron Bundle|Booster Energy\n|-activate|p2a: Iron Bundle|ability: Quark Drive|[fromitem]\n|-start|p2a: Iron Bundle|quarkdrivespe\n|\n|-heal|p1a: rat bastard|100\/100 tox|[from] ability: Poison Heal\n|upkeep\n|turn|5\n|\n|t:|1700914517\n|-terastallize|p1a: rat bastard|Water\n|move|p2a: Iron Bundle|Hydro Pump|p1a: rat bastard\n|-resisted|p1a: rat bastard\n|-damage|p1a: rat bastard|79\/100 tox\n|move|p1a: rat bastard|Toxic|p2a: Iron Bundle|[miss]\n|-miss|p1a: rat bastard|p2a: Iron Bundle\n|\n|-heal|p1a: rat bastard|91\/100 tox|[from] ability: Poison Heal\n|upkeep\n|turn|6\n|\n|t:|1700914528\n|move|p2a: Iron Bundle|Taunt|p1a: rat bastard\n|-start|p1a: rat bastard|move: Taunt\n|cant|p1a: rat bastard|move: Taunt|Spikes\n|\n|-heal|p1a: rat bastard|100\/100 tox|[from] ability: Poison Heal\n|upkeep\n|turn|7\n|\n|t:|1700914541\n|move|p2a: Iron Bundle|Hydro Pump|p1a: rat bastard\n|-resisted|p1a: rat bastard\n|-damage|p1a: rat bastard|78\/100 tox\n|move|p1a: rat bastard|Earthquake|p2a: Iron Bundle\n|-damage|p2a: Iron Bundle|61\/100\n|\n|-heal|p1a: rat bastard|90\/100 tox|[from] ability: Poison Heal\n|upkeep\n|turn|8\n|\n|t:|1700914563\n|-end|p2a: Iron Bundle|Quark Drive|[silent]\n|switch|p2a: Iron Hands|Iron Hands|100\/100\n|switch|p1a: Dissociation|Kyogre|100\/100\n|-weather|RainDance|[from] ability: Drizzle|[of] p1a: Dissociation\n|\n|-weather|RainDance|[upkeep]\n|upkeep\n|turn|9\n|\n|t:|1700914582\n|switch|p1a: $keledirge|Skeledirge, F|100\/100\n|move|p2a: Iron Hands|Fake Out|p1a: $keledirge\n|-immune|p1a: $keledirge\n|\n|-weather|RainDance|[upkeep]\n|upkeep\n|turn|10\n|\n|t:|1700914598\n|-end|p2a: Iron Hands|Quark Drive|[silent]\n|switch|p2a: Ogerpon|Ogerpon-Hearthflame, F|100\/100\n|-ability|p2a: Ogerpon|Mold Breaker\n|move|p1a: $keledirge|Earth Power|p2a: Ogerpon\n|-damage|p2a: Ogerpon|75\/100\n|\n|-weather|RainDance|[upkeep]\n|upkeep\n|turn|11\n|inactive|brazy diamond has 270 seconds left.\n|\n|t:|1700914620\n|switch|p2a: Landorus|Landorus-Therian, M|29\/100\n|-ability|p2a: Landorus|Intimidate|boost\n|-unboost|p1a: $keledirge|atk|1\n|move|p1a: $keledirge|Earth Power|p2a: Landorus\n|-immune|p2a: Landorus\n|\n|-weather|RainDance|[upkeep]\n|upkeep\n|turn|12\n|\n|t:|1700914627\n|switch|p1a: rat bastard|Gliscor, F, tera:Water|90\/100 tox\n|move|p2a: Landorus|Earthquake|p1a: rat bastard\n|-damage|p1a: rat bastard|49\/100 tox\n|\n|-weather|none\n|-heal|p1a: rat bastard|61\/100 tox|[from] ability: Poison Heal\n|upkeep\n|turn|13\n|inactive|galladesimp has 270 seconds left.\n|\n|t:|1700914634\n|move|p1a: rat bastard|Protect|p1a: rat bastard\n|-singleturn|p1a: rat bastard|Protect\n|move|p2a: Landorus|Earthquake|p1a: rat bastard\n|-activate|p1a: rat bastard|move: Protect\n|\n|-heal|p1a: rat bastard|73\/100 tox|[from] ability: Poison Heal\n|upkeep\n|turn|14\n|\n|t:|1700914641\n|move|p2a: Landorus|Earthquake|p1a: rat bastard\n|-damage|p1a: rat bastard|30\/100 tox\n|move|p1a: rat bastard|Toxic|p2a: Landorus\n|-status|p2a: Landorus|tox\n|\n|-damage|p2a: Landorus|23\/100 tox|[from] psn\n|-heal|p1a: rat bastard|42\/100 tox|[from] ability: Poison Heal\n|upkeep\n|turn|15\n|\n|t:|1700914651\n|switch|p2a: Iron Hands|Iron Hands|100\/100\n|move|p1a: rat bastard|Protect||[still]\n|-fail|p1a: rat bastard\n|\n|-heal|p1a: rat bastard|55\/100 tox|[from] ability: Poison Heal\n|upkeep\n|turn|16\n|\n|t:|1700914656\n|move|p1a: rat bastard|Protect|p1a: rat bastard\n|-singleturn|p1a: rat bastard|Protect\n|move|p2a: Iron Hands|Thunder Punch|p1a: rat bastard\n|-activate|p1a: rat bastard|move: Protect\n|\n|-heal|p1a: rat bastard|67\/100 tox|[from] ability: Poison Heal\n|upkeep\n|turn|17\n|\n|t:|1700914660\n|switch|p1a: $keledirge|Skeledirge, F|100\/100\n|move|p2a: Iron Hands|Thunder Punch|p1a: $keledirge\n|-damage|p1a: $keledirge|71\/100\n|\n|upkeep\n|turn|18\n|\n|t:|1700914668\n|-end|p2a: Iron Hands|Quark Drive|[silent]\n|switch|p2a: Landorus|Landorus-Therian, M|23\/100 tox\n|-ability|p2a: Landorus|Intimidate|boost\n|-unboost|p1a: $keledirge|atk|1\n|move|p1a: $keledirge|Slack Off|p1a: $keledirge\n|-heal|p1a: $keledirge|100\/100\n|\n|-damage|p2a: Landorus|17\/100 tox|[from] psn\n|upkeep\n|turn|19\n|\n|t:|1700914677\n|switch|p1a: boy's a glider|Arceus|100\/100\n|move|p2a: Landorus|Earthquake|p1a: boy's a glider\n|-damage|p1a: boy's a glider|59\/100\n|\n|-damage|p2a: Landorus|5\/100 tox|[from] psn\n|upkeep\n|turn|20\n|\n|t:|1700914684\n|move|p2a: Landorus|Earthquake|p1a: boy's a glider\n|-damage|p1a: boy's a glider|23\/100\n|move|p1a: boy's a glider|Recover|p1a: boy's a glider\n|-heal|p1a: boy's a glider|73\/100\n|\n|-damage|p2a: Landorus|0 fnt|[from] psn\n|faint|p2a: Landorus\n|upkeep\n|\n|t:|1700914690\n|switch|p2a: Iron Hands|Iron Hands|100\/100\n|turn|21\n|\n|t:|1700914695\n|switch|p1a: $keledirge|Skeledirge, F|100\/100\n|move|p2a: Iron Hands|Thunder Punch|p1a: $keledirge\n|-damage|p1a: $keledirge|74\/100\n|\n|upkeep\n|turn|22\n|\n|t:|1700914703\n|move|p1a: $keledirge|Earth Power|p2a: Iron Hands\n|-supereffective|p2a: Iron Hands\n|-damage|p2a: Iron Hands|74\/100\n|move|p2a: Iron Hands|Thunder Punch|p1a: $keledirge\n|-damage|p1a: $keledirge|48\/100\n|\n|upkeep\n|turn|23\n|\n|t:|1700914711\n|move|p1a: $keledirge|Slack Off|p1a: $keledirge\n|-heal|p1a: $keledirge|98\/100\n|move|p2a: Iron Hands|Thunder Punch|p1a: $keledirge\n|-damage|p1a: $keledirge|73\/100\n|-status|p1a: $keledirge|par\n|\n|upkeep\n|turn|24\n|\n|t:|1700914740\n|-end|p2a: Iron Hands|Quark Drive|[silent]\n|switch|p2a: Iron Bundle|Iron Bundle|61\/100\n|cant|p1a: $keledirge|par\n|\n|upkeep\n|turn|25\n|\n|t:|1700914752\n|switch|p1a: that dawg in me|Zacian-Crowned|76\/100\n|move|p2a: Iron Bundle|Taunt|p1a: that dawg in me\n|-start|p1a: that dawg in me|move: Taunt\n|\n|upkeep\n|turn|26\n|inactive|galladesimp has 270 seconds left.\n|\n|t:|1700914777\n|-end|p2a: Iron Bundle|Quark Drive|[silent]\n|switch|p2a: Ogerpon|Ogerpon-Hearthflame, F|75\/100\n|-ability|p2a: Ogerpon|Mold Breaker\n|move|p1a: that dawg in me|Behemoth Blade|p2a: Ogerpon\n|-resisted|p2a: Ogerpon\n|-damage|p2a: Ogerpon|36\/100\n|\n|upkeep\n|turn|27\n|inactive|galladesimp has 270 seconds left.\n|inactive|galladesimp has 240 seconds left.\n|\n|t:|1700914818\n|move|p1a: that dawg in me|Behemoth Blade|p2a: Ogerpon\n|-resisted|p2a: Ogerpon\n|-crit|p2a: Ogerpon\n|-damage|p2a: Ogerpon|0 fnt\n|faint|p2a: Ogerpon\n|\n|-end|p1a: that dawg in me|move: Taunt\n|upkeep\n|inactive|galladesimp has 240 seconds left.\n|\n|t:|1700914823\n|switch|p2a: Zacian|Zacian-Crowned|100\/100\n|-ability|p2a: Zacian|Intrepid Sword|boost\n|-boost|p2a: Zacian|atk|1\n|turn|28\n|inactive|galladesimp has 240 seconds left.\n|\n|t:|1700914842\n|-terastallize|p2a: Zacian|Ground\n|move|p2a: Zacian|Tera Blast|p1a: that dawg in me|[anim] Tera Blast Ground\n|-supereffective|p1a: that dawg in me\n|-damage|p1a: that dawg in me|0 fnt\n|faint|p1a: that dawg in me\n|\n|upkeep\n|\n|t:|1700914852\n|switch|p1a: Dissociation|Kyogre|100\/100\n|-weather|RainDance|[from] ability: Drizzle|[of] p1a: Dissociation\n|turn|29\n|\n|t:|1700914860\n|switch|p2a: Iron Bundle|Iron Bundle|61\/100\n|move|p1a: Dissociation|Water Spout|p2a: Iron Bundle\n|-resisted|p2a: Iron Bundle\n|-damage|p2a: Iron Bundle|0 fnt\n|faint|p2a: Iron Bundle\n|-end|p2a: Iron Bundle|Quark Drive|[silent]\n|\n|-weather|RainDance|[upkeep]\n|upkeep\n|\n|t:|1700914863\n|switch|p2a: Iron Hands|Iron Hands|74\/100\n|turn|30\n|\n|t:|1700914869\n|switch|p1a: Iron Nose|Iron Treads|100\/100\n|move|p2a: Iron Hands|Fake Out|p1a: Iron Nose\n|-resisted|p1a: Iron Nose\n|-damage|p1a: Iron Nose|93\/100\n|\n|-weather|RainDance|[upkeep]\n|-heal|p1a: Iron Nose|99\/100|[from] item: Leftovers\n|upkeep\n|turn|31\n|\n|t:|1700914873\n|move|p1a: Iron Nose|Earthquake|p2a: Iron Hands\n|-supereffective|p2a: Iron Hands\n|-damage|p2a: Iron Hands|16\/100\n|move|p2a: Iron Hands|Drain Punch|p1a: Iron Nose\n|-supereffective|p1a: Iron Nose\n|-damage|p1a: Iron Nose|16\/100\n|-heal|p2a: Iron Hands|42\/100|[from] drain|[of] p1a: Iron Nose\n|\n|-weather|RainDance|[upkeep]\n|-heal|p1a: Iron Nose|23\/100|[from] item: Leftovers\n|upkeep\n|turn|32\n|\n|t:|1700914879\n|move|p1a: Iron Nose|Earthquake|p2a: Iron Hands\n|-supereffective|p2a: Iron Hands\n|-damage|p2a: Iron Hands|0 fnt\n|faint|p2a: Iron Hands\n|-end|p2a: Iron Hands|Quark Drive|[silent]\n|\n|-weather|RainDance|[upkeep]\n|-heal|p1a: Iron Nose|29\/100|[from] item: Leftovers\n|upkeep\n|\n|t:|1700914883\n|switch|p2a: Chien-Pao|Chien-Pao|100\/100\n|-ability|p2a: Chien-Pao|Sword of Ruin\n|turn|33\n|\n|t:|1700914888\n|move|p2a: Chien-Pao|Lash Out|p1a: Iron Nose\n|-damage|p1a: Iron Nose|0 fnt\n|faint|p1a: Iron Nose\n|-end|p1a: Iron Nose|Quark Drive|[silent]\n|\n|-weather|none\n|upkeep\n|\n|t:|1700914914\n|switch|p1a: Dissociation|Kyogre|100\/100\n|-weather|RainDance|[from] ability: Drizzle|[of] p1a: Dissociation\n|turn|34\n|\n|t:|1700914921\n|move|p1a: Dissociation|Origin Pulse|p2a: Chien-Pao\n|-enditem|p2a: Chien-Pao|Focus Sash\n|-damage|p2a: Chien-Pao|1\/100\n|move|p2a: Chien-Pao|Lash Out|p1a: Dissociation\n|-damage|p1a: Dissociation|50\/100\n|\n|-weather|RainDance|[upkeep]\n|upkeep\n|turn|35\n|\n|t:|1700914930\n|move|p2a: Chien-Pao|Sucker Punch|p1a: Dissociation\n|-damage|p1a: Dissociation|0 fnt\n|faint|p1a: Dissociation\n|\n|-weather|RainDance|[upkeep]\n|upkeep\n|\n|t:|1700914934\n|switch|p1a: boy's a glider|Arceus|73\/100\n|turn|36\n|\n|t:|1700914938\n|move|p1a: boy's a glider|Extreme Speed|p2a: Chien-Pao\n|-crit|p2a: Chien-Pao\n|-damage|p2a: Chien-Pao|0 fnt\n|faint|p2a: Chien-Pao\n|\n|-weather|RainDance|[upkeep]\n|upkeep\n|\n|t:|1700914940\n|switch|p2a: Zacian|Zacian-Crowned, tera:Ground|100\/100\n|turn|37\n|\n|t:|1700914962\n|switch|p1a: rat bastard|Gliscor, F, tera:Water|67\/100 tox\n|move|p2a: Zacian|Behemoth Blade|p1a: rat bastard\n|-resisted|p1a: rat bastard\n|-damage|p1a: rat bastard|43\/100 tox\n|\n|-weather|RainDance|[upkeep]\n|-heal|p1a: rat bastard|55\/100 tox|[from] ability: Poison Heal\n|upkeep\n|turn|38\n|\n|t:|1700914967\n|move|p1a: rat bastard|Protect|p1a: rat bastard\n|-singleturn|p1a: rat bastard|Protect\n|move|p2a: Zacian|Swords Dance|p2a: Zacian\n|-boost|p2a: Zacian|atk|2\n|\n|-weather|none\n|-heal|p1a: rat bastard|68\/100 tox|[from] ability: Poison Heal\n|upkeep\n|turn|39\n|\n|t:|1700914972\n|move|p2a: Zacian|Play Rough|p1a: rat bastard\n|-damage|p1a: rat bastard|0 fnt\n|faint|p1a: rat bastard\n|\n|upkeep\n|\n|t:|1700914975\n|switch|p1a: $keledirge|Skeledirge, F|73\/100 par\n|turn|40\n|\n|t:|1700914978\n|move|p2a: Zacian|Tera Blast|p1a: $keledirge|[anim] Tera Blast Ground\n|-supereffective|p1a: $keledirge\n|-damage|p1a: $keledirge|19\/100 par\n|move|p1a: $keledirge|Will-O-Wisp|p2a: Zacian\n|-status|p2a: Zacian|brn\n|\n|-damage|p2a: Zacian|94\/100 brn|[from] brn\n|upkeep\n|turn|41\n|\n|t:|1700914984\n|move|p2a: Zacian|Tera Blast|p1a: $keledirge|[anim] Tera Blast Ground\n|-supereffective|p1a: $keledirge\n|-crit|p1a: $keledirge\n|-damage|p1a: $keledirge|0 fnt\n|faint|p1a: $keledirge\n|\n|-damage|p2a: Zacian|88\/100 brn|[from] brn\n|upkeep\n|\n|t:|1700914987\n|switch|p1a: boy's a glider|Arceus|73\/100\n|turn|42\n|\n|t:|1700914992\n|move|p1a: boy's a glider|Extreme Speed|p2a: Zacian\n|-damage|p2a: Zacian|39\/100 brn\n|move|p2a: Zacian|Behemoth Blade|p1a: boy's a glider\n|-damage|p1a: boy's a glider|36\/100\n|\n|-damage|p2a: Zacian|33\/100 brn|[from] brn\n|upkeep\n|turn|43\n|\n|t:|1700914999\n|move|p1a: boy's a glider|Extreme Speed|p2a: Zacian\n|-damage|p2a: Zacian|0 fnt\n|faint|p2a: Zacian\n|\n|win|brazy diamond\n|c|\u2606brazy diamond|gg\n","uploadtime":1700915007,"views":7,"p1id":"brazydiamond","p2id":"galladesimp","formatid":"gen9ubers","rating":0,"private":0,"password":""}