{"id":"gen9ubers-1998472584","p1":"Antboyy2","p2":"Anurra","format":"[Gen 9] Ubers","log":"|j|\u2606Antboyy2\n|j|\u2606Anurra\n|t:|1700946198\n|gametype|singles\n|player|p1|Antboyy2|266|1033\n|player|p2|Anurra|hilbert|1083\n|teamsize|p1|6\n|teamsize|p2|6\n|gen|9\n|tier|[Gen 9] Ubers\n|rated|\n|rule|Sleep Clause Mod: Limit one foe put to sleep\n|rule|Species Clause: Limit one of each Pok\u00e9mon\n|rule|OHKO Clause: OHKO moves are banned\n|rule|Evasion Items Clause: Evasion items are banned\n|rule|Evasion Moves Clause: Evasion moves are banned\n|rule|Endless Battle Clause: Forcing endless battles is banned\n|rule|HP Percentage Mod: HP is shown in percentages\n|clearpoke\n|poke|p1|Eternatus|\n|poke|p1|Maushold|\n|poke|p1|Arceus|\n|poke|p1|Palafin, M|\n|poke|p1|Rayquaza|\n|poke|p1|Lucario, M|\n|poke|p2|Masquerain, M|\n|poke|p2|Glimmora, M|\n|poke|p2|Toxapex, F|\n|poke|p2|Sneasler, M|\n|poke|p2|Munkidori, M|\n|poke|p2|Sinistcha-Masterpiece|\n|teampreview\n|inactive|Battle timer is ON: inactive players will automatically lose when time's up. (requested by Anurra)\n|\n|t:|1700946202\n|start\n|switch|p1a: Palafin|Palafin, M|100\/100\n|switch|p2a: Masquerain|Masquerain, M|100\/100\n|-ability|p2a: Masquerain|Intimidate|boost\n|-unboost|p1a: Palafin|atk|1\n|turn|1\n|\n|t:|1700946212\n|move|p2a: Masquerain|Sticky Web|p1a: Palafin\n|-sidestart|p1: Antboyy2|move: Sticky Web\n|move|p1a: Palafin|Flip Turn|p2a: Masquerain\n|-damage|p2a: Masquerain|74\/100\n|\n|t:|1700946220\n|detailschange|p1a: Palafin|Palafin-Hero, M\n|switch|p1a: Maushold|Maushold|100\/100|[from] Flip Turn\n|-activate|p1a: Maushold|move: Sticky Web\n|-unboost|p1a: Maushold|spe|1\n|\n|upkeep\n|turn|2\n|\n|t:|1700946229\n|switch|p2a: Sinistcha|Sinistcha-Masterpiece|100\/100\n|move|p1a: Maushold|Population Bomb|p2a: Sinistcha\n|-immune|p2a: Sinistcha\n|\n|upkeep\n|turn|3\n|\n|t:|1700946242\n|move|p1a: Maushold|Play Rough|p2a: Sinistcha\n|-damage|p2a: Sinistcha|87\/100\n|-damage|p1a: Maushold|84\/100|[from] item: Rocky Helmet|[of] p2a: Sinistcha\n|move|p2a: Sinistcha|Strength Sap|p1a: Maushold\n|-unboost|p1a: Maushold|atk|1\n|-heal|p2a: Sinistcha|100\/100\n|\n|upkeep\n|turn|4\n|\n|t:|1700946253\n|move|p1a: Maushold|Substitute|p1a: Maushold\n|-start|p1a: Maushold|Substitute\n|-damage|p1a: Maushold|59\/100\n|move|p2a: Sinistcha|Calm Mind|p2a: Sinistcha\n|-boost|p2a: Sinistcha|spa|1\n|-boost|p2a: Sinistcha|spd|1\n|\n|upkeep\n|turn|5\n|\n|t:|1700946260\n|move|p1a: Maushold|Play Rough|p2a: Sinistcha\n|-damage|p2a: Sinistcha|92\/100\n|-damage|p1a: Maushold|42\/100|[from] item: Rocky Helmet|[of] p2a: Sinistcha\n|move|p2a: Sinistcha|Calm Mind|p2a: Sinistcha\n|-boost|p2a: Sinistcha|spa|1\n|-boost|p2a: Sinistcha|spd|1\n|\n|upkeep\n|turn|6\n|\n|t:|1700946272\n|move|p1a: Maushold|Play Rough|p2a: Sinistcha\n|-damage|p2a: Sinistcha|82\/100\n|-damage|p1a: Maushold|26\/100|[from] item: Rocky Helmet|[of] p2a: Sinistcha\n|move|p2a: Sinistcha|Calm Mind|p2a: Sinistcha\n|-boost|p2a: Sinistcha|spa|1\n|-boost|p2a: Sinistcha|spd|1\n|\n|upkeep\n|turn|7\n|\n|t:|1700946281\n|switch|p1a: Lucario|Lucario, M|100\/100\n|-activate|p1a: Lucario|move: Sticky Web\n|-unboost|p1a: Lucario|spe|1\n|move|p2a: Sinistcha|Calm Mind|p2a: Sinistcha\n|-boost|p2a: Sinistcha|spa|1\n|-boost|p2a: Sinistcha|spd|1\n|\n|upkeep\n|turn|8\n|\n|t:|1700946295\n|move|p2a: Sinistcha|Shadow Ball|p1a: Lucario\n|-enditem|p1a: Lucario|Focus Sash\n|-damage|p1a: Lucario|1\/100\n|move|p1a: Lucario|Calm Mind|p1a: Lucario\n|-boost|p1a: Lucario|spa|1\n|-boost|p1a: Lucario|spd|1\n|\n|upkeep\n|turn|9\n|\n|t:|1700946307\n|move|p2a: Sinistcha|Shadow Ball|p1a: Lucario\n|-damage|p1a: Lucario|0 fnt\n|faint|p1a: Lucario\n|\n|upkeep\n|\n|t:|1700946314\n|switch|p1a: Palafin|Palafin-Hero, M|100\/100\n|-activate|p1a: Palafin|move: Sticky Web\n|-unboost|p1a: Palafin|spe|1\n|-activate|p1a: Palafin|ability: Zero to Hero\n|turn|10\n|\n|t:|1700946325\n|move|p2a: Sinistcha|Matcha Gotcha|p1a: Palafin\n|-supereffective|p1a: Palafin\n|-crit|p1a: Palafin\n|-damage|p1a: Palafin|0 fnt\n|-heal|p2a: Sinistcha|100\/100|[from] drain|[of] p1a: Palafin\n|faint|p1a: Palafin\n|\n|upkeep\n|\n|t:|1700946335\n|switch|p1a: Eternatus|Eternatus|100\/100\n|-activate|p1a: Eternatus|move: Sticky Web\n|-unboost|p1a: Eternatus|spe|1\n|-ability|p1a: Eternatus|Pressure\n|turn|11\n|inactive|Anurra has 120 seconds left.\n|\n|t:|1700946372\n|move|p1a: Eternatus|Dynamax Cannon|p2a: Sinistcha\n|-damage|p2a: Sinistcha|81\/100\n|move|p2a: Sinistcha|Shadow Ball|p1a: Eternatus\n|-damage|p1a: Eternatus|33\/100\n|\n|-heal|p1a: Eternatus|39\/100|[from] item: Leftovers\n|upkeep\n|turn|12\n|inactive|Anurra has 120 seconds left.\n|\n|t:|1700946388\n|move|p1a: Eternatus|Fire Blast|p2a: Sinistcha\n|-supereffective|p2a: Sinistcha\n|-damage|p2a: Sinistcha|67\/100\n|-status|p2a: Sinistcha|brn\n|move|p2a: Sinistcha|Matcha Gotcha|p1a: Eternatus\n|-resisted|p1a: Eternatus\n|-damage|p1a: Eternatus|20\/100\n|-heal|p2a: Sinistcha|79\/100 brn|[from] drain|[of] p1a: Eternatus\n|\n|-heal|p1a: Eternatus|26\/100|[from] item: Leftovers\n|-damage|p2a: Sinistcha|76\/100 brn|[from] brn\n|upkeep\n|turn|13\n|inactive|Anurra has 120 seconds left.\n|\n|t:|1700946402\n|move|p1a: Eternatus|Fire Blast|p2a: Sinistcha\n|-supereffective|p2a: Sinistcha\n|-damage|p2a: Sinistcha|61\/100 brn\n|move|p2a: Sinistcha|Calm Mind|p2a: Sinistcha\n|-boost|p2a: Sinistcha|spa|1\n|-boost|p2a: Sinistcha|spd|1\n|\n|-heal|p1a: Eternatus|32\/100|[from] item: Leftovers\n|-damage|p2a: Sinistcha|58\/100 brn|[from] brn\n|upkeep\n|turn|14\n|inactive|Anurra has 120 seconds left.\n|\n|t:|1700946414\n|move|p1a: Eternatus|Fire Blast|p2a: Sinistcha\n|-supereffective|p2a: Sinistcha\n|-damage|p2a: Sinistcha|44\/100 brn\n|move|p2a: Sinistcha|Calm Mind|p2a: Sinistcha\n|-boost|p2a: Sinistcha|spa|1\n|-boost|p2a: Sinistcha|spd|1\n|\n|-heal|p1a: Eternatus|38\/100|[from] item: Leftovers\n|-damage|p2a: Sinistcha|41\/100 brn|[from] brn\n|upkeep\n|turn|15\n|\n|t:|1700946424\n|move|p1a: Eternatus|Fire Blast|p2a: Sinistcha\n|-supereffective|p2a: Sinistcha\n|-damage|p2a: Sinistcha|29\/100 brn\n|move|p2a: Sinistcha|Shadow Ball|p1a: Eternatus\n|-damage|p1a: Eternatus|0 fnt\n|faint|p1a: Eternatus\n|\n|-damage|p2a: Sinistcha|27\/100 brn|[from] brn\n|upkeep\n|\n|t:|1700946436\n|switch|p1a: Maushold|Maushold|26\/100\n|-activate|p1a: Maushold|move: Sticky Web\n|-unboost|p1a: Maushold|spe|1\n|turn|16\n|\n|t:|1700946442\n|move|p1a: Maushold|Play Rough|p2a: Sinistcha\n|-damage|p2a: Sinistcha|14\/100 brn\n|-damage|p1a: Maushold|9\/100|[from] item: Rocky Helmet|[of] p2a: Sinistcha\n|move|p2a: Sinistcha|Strength Sap|p1a: Maushold\n|-unboost|p1a: Maushold|atk|1\n|-heal|p2a: Sinistcha|71\/100 brn\n|\n|-damage|p2a: Sinistcha|68\/100 brn|[from] brn\n|upkeep\n|turn|17\n|\n|t:|1700946455\n|move|p1a: Maushold|Play Rough|p2a: Sinistcha\n|-damage|p2a: Sinistcha|60\/100 brn\n|-damage|p1a: Maushold|0 fnt|[from] item: Rocky Helmet|[of] p2a: Sinistcha\n|faint|p1a: Maushold\n|move|p2a: Sinistcha|Strength Sap|p1: Maushold|[notarget]\n|-fail|p2a: Sinistcha\n|\n|-damage|p2a: Sinistcha|57\/100 brn|[from] brn\n|upkeep\n|\n|t:|1700946465\n|switch|p1a: Arceus|Arceus|100\/100\n|-activate|p1a: Arceus|move: Sticky Web\n|-unboost|p1a: Arceus|spe|1\n|turn|18\n|\n|t:|1700946476\n|move|p1a: Arceus|Hyper Beam|p2a: Sinistcha\n|-immune|p2a: Sinistcha\n|move|p2a: Sinistcha|Strength Sap|p1a: Arceus\n|-unboost|p1a: Arceus|atk|1\n|-heal|p2a: Sinistcha|100\/100 brn\n|\n|-damage|p2a: Sinistcha|98\/100 brn|[from] brn\n|upkeep\n|turn|19\n|\n|t:|1700946487\n|move|p1a: Arceus|Hyper Beam|p2a: Sinistcha\n|-immune|p2a: Sinistcha\n|move|p2a: Sinistcha|Matcha Gotcha|p1a: Arceus\n|-damage|p1a: Arceus|2\/100\n|-heal|p2a: Sinistcha|100\/100 brn|[from] drain|[of] p1a: Arceus\n|\n|-damage|p2a: Sinistcha|98\/100 brn|[from] brn\n|upkeep\n|turn|20\n|\n|t:|1700946501\n|switch|p1a: Rayquaza|Rayquaza|100\/100\n|-ability|p1a: Rayquaza|Air Lock\n|move|p2a: Sinistcha|Matcha Gotcha|p1a: Rayquaza\n|-resisted|p1a: Rayquaza\n|-damage|p1a: Rayquaza|71\/100\n|-heal|p2a: Sinistcha|100\/100 brn|[from] drain|[of] p1a: Rayquaza\n|\n|-damage|p2a: Sinistcha|98\/100 brn|[from] brn\n|upkeep\n|turn|21\n|\n|t:|1700946515\n|move|p1a: Rayquaza|Crunch|p2a: Sinistcha\n|-supereffective|p2a: Sinistcha\n|-damage|p2a: Sinistcha|55\/100 brn\n|-unboost|p2a: Sinistcha|def|1\n|-damage|p1a: Rayquaza|55\/100|[from] item: Rocky Helmet|[of] p2a: Sinistcha\n|move|p2a: Sinistcha|Shadow Ball|p1a: Rayquaza\n|-damage|p1a: Rayquaza|0 fnt\n|faint|p1a: Rayquaza\n|\n|-damage|p2a: Sinistcha|52\/100 brn|[from] brn\n|upkeep\n|\n|t:|1700946527\n|switch|p1a: Arceus|Arceus|2\/100\n|-activate|p1a: Arceus|move: Sticky Web\n|-unboost|p1a: Arceus|spe|1\n|turn|22\n|\n|t:|1700946538\n|switch|p2a: Masquerain|Masquerain, M|74\/100\n|-ability|p2a: Masquerain|Intimidate|boost\n|-unboost|p1a: Arceus|atk|1\n|move|p1a: Arceus|Draco Meteor|p2a: Masquerain\n|-crit|p2a: Masquerain\n|-damage|p2a: Masquerain|0 fnt\n|-unboost|p1a: Arceus|spa|2\n|faint|p2a: Masquerain\n|\n|upkeep\n|\n|t:|1700946552\n|switch|p2a: Glimmora|Glimmora, M|100\/100\n|turn|23\n|\n|t:|1700946556\n|move|p2a: Glimmora|Mortal Spin|p1a: Arceus\n|-damage|p1a: Arceus|0 fnt\n|faint|p1a: Arceus\n|\n|win|Anurra\n|raw|Antboyy2's rating: 1033 &rarr; <strong>1020<\/strong><br \/>(-13 for losing)\n|raw|Anurra's rating: 1083 &rarr; <strong>1107<\/strong><br \/>(+24 for winning)\n|l|\u2606Antboyy2\n","uploadtime":1700946564,"views":3,"p1id":"antboyy2","p2id":"anurra","formatid":"gen9ubers","rating":1020,"private":0,"password":""}