{"id":"gen9ubers-1972908713","p1":"HeyGreen09","p2":"Billl21","format":"[Gen 9] Ubers","log":"|j|\u2606HeyGreen09\n|j|\u2606Billl21\n|t:|1697907852\n|gametype|singles\n|player|p1|HeyGreen09|gentleman-gen4|\n|player|p2|Billl21|iris|\n|teamsize|p1|6\n|teamsize|p2|6\n|gen|9\n|tier|[Gen 9] Ubers\n|rule|Sleep Clause Mod: Limit one foe put to sleep\n|rule|Species Clause: Limit one of each Pok\u00e9mon\n|rule|OHKO Clause: OHKO moves are banned\n|rule|Evasion Items Clause: Evasion items are banned\n|rule|Evasion Moves Clause: Evasion moves are banned\n|rule|Endless Battle Clause: Forcing endless battles is banned\n|rule|HP Percentage Mod: HP is shown in percentages\n|clearpoke\n|poke|p1|Zamazenta-*|\n|poke|p1|Iron Valiant|\n|poke|p1|Koraidon|\n|poke|p1|Great Tusk|\n|poke|p1|Quaquaval, F|\n|poke|p1|Urshifu-*, F|\n|poke|p2|Calyrex-Ice|\n|poke|p2|Hoopa|\n|poke|p2|Ursaluna, F|\n|poke|p2|Hatterene, F|\n|poke|p2|Cresselia, F|\n|poke|p2|Magearna|\n|teampreview\n|c|\u2606Billl21|glhf\n|\n|t:|1697907886\n|start\n|switch|p1a: Great Tusk|Great Tusk|100\/100\n|switch|p2a: Hoopa|Hoopa|100\/100\n|turn|1\n|c|\u2606HeyGreen09|glhf\n|\n|t:|1697907893\n|move|p1a: Great Tusk|Stealth Rock|p2a: Hoopa\n|-sidestart|p2: Billl21|move: Stealth Rock\n|move|p2a: Hoopa|Trick Room|p2a: Hoopa\n|-fieldstart|move: Trick Room|[of] p2a: Hoopa\n|\n|upkeep\n|turn|2\n|\n|t:|1697907903\n|-end|p1a: Great Tusk|Protosynthesis|[silent]\n|switch|p1a: Urshifu|Urshifu, F|100\/100\n|move|p2a: Hoopa|Psychic|p1a: Urshifu\n|-immune|p1a: Urshifu\n|\n|upkeep\n|turn|3\n|\n|t:|1697907909\n|move|p2a: Hoopa|Focus Blast|p1a: Urshifu\n|-supereffective|p1a: Urshifu\n|-damage|p1a: Urshifu|0 fnt\n|faint|p1a: Urshifu\n|\n|upkeep\n|\n|t:|1697907929\n|switch|p1a: Iron Valiant|Iron Valiant|100\/100\n|-enditem|p1a: Iron Valiant|Booster Energy\n|-activate|p1a: Iron Valiant|ability: Quark Drive|[fromitem]\n|-start|p1a: Iron Valiant|quarkdrivespe\n|turn|4\n|\n|t:|1697907940\n|-terastallize|p1a: Iron Valiant|Fairy\n|move|p2a: Hoopa|Psychic|p1a: Iron Valiant\n|-damage|p1a: Iron Valiant|0 fnt\n|faint|p1a: Iron Valiant\n|-end|p1a: Iron Valiant|Quark Drive|[silent]\n|\n|upkeep\n|c|\u2606Billl21|hehe\n|\n|t:|1697907949\n|switch|p1a: Zamazenta|Zamazenta-Crowned|100\/100\n|-ability|p1a: Zamazenta|Dauntless Shield|boost\n|-boost|p1a: Zamazenta|def|1\n|turn|5\n|\n|t:|1697907957\n|move|p2a: Hoopa|Focus Blast|p1a: Zamazenta|[miss]\n|-miss|p2a: Hoopa|p1a: Zamazenta\n|move|p1a: Zamazenta|Behemoth Bash|p2a: Hoopa\n|-damage|p2a: Hoopa|46\/100\n|\n|-fieldend|move: Trick Room\n|upkeep\n|turn|6\n|c|\u2606Billl21|:C\n|\n|t:|1697907966\n|move|p1a: Zamazenta|Behemoth Bash|p2a: Hoopa\n|-damage|p2a: Hoopa|0 fnt\n|faint|p2a: Hoopa\n|\n|upkeep\n|\n|t:|1697907979\n|switch|p2a: Magearna|Magearna|100\/100\n|-damage|p2a: Magearna|94\/100|[from] Stealth Rock\n|turn|7\n|\n|t:|1697907984\n|move|p1a: Zamazenta|Behemoth Bash|p2a: Magearna\n|-damage|p2a: Magearna|63\/100\n|move|p2a: Magearna|Trick Room|p2a: Magearna\n|-fieldstart|move: Trick Room|[of] p2a: Magearna\n|\n|upkeep\n|turn|8\n|\n|t:|1697907990\n|move|p2a: Magearna|Fleur Cannon|p1a: Zamazenta\n|-damage|p1a: Zamazenta|48\/100\n|-unboost|p2a: Magearna|spa|2\n|-enditem|p2a: Magearna|Eject Pack\n|\n|t:|1697907995\n|switch|p2a: Ursaluna|Ursaluna, F|100\/100\n|-damage|p2a: Ursaluna|94\/100|[from] Stealth Rock\n|move|p1a: Zamazenta|Iron Defense|p1a: Zamazenta\n|-boost|p1a: Zamazenta|def|2\n|\n|-status|p2a: Ursaluna|brn|[from] item: Flame Orb\n|upkeep\n|turn|9\n|\n|t:|1697908001\n|move|p2a: Ursaluna|Headlong Rush|p1a: Zamazenta\n|-supereffective|p1a: Zamazenta\n|-damage|p1a: Zamazenta|0 fnt\n|-unboost|p2a: Ursaluna|def|1\n|-unboost|p2a: Ursaluna|spd|1\n|faint|p1a: Zamazenta\n|\n|-damage|p2a: Ursaluna|88\/100 brn|[from] brn\n|upkeep\n|\n|t:|1697908008\n|switch|p1a: Quaquaval|Quaquaval, F|100\/100\n|turn|10\n|\n|t:|1697908013\n|move|p2a: Ursaluna|Facade|p1a: Quaquaval\n|-damage|p1a: Quaquaval|0 fnt\n|faint|p1a: Quaquaval\n|\n|-damage|p2a: Ursaluna|82\/100 brn|[from] brn\n|upkeep\n|\n|t:|1697908019\n|switch|p1a: Koraidon|Koraidon|100\/100\n|-weather|SunnyDay|[from] ability: Orichalcum Pulse|[of] p1a: Koraidon\n|-activate|p1a: Koraidon|Orichalcum Pulse|[source]\n|turn|11\n|\n|t:|1697908029\n|move|p2a: Ursaluna|Facade|p1a: Koraidon\n|-damage|p1a: Koraidon|0 fnt\n|faint|p1a: Koraidon\n|\n|-weather|SunnyDay|[upkeep]\n|-damage|p2a: Ursaluna|76\/100 brn|[from] brn\n|-fieldend|move: Trick Room\n|upkeep\n|\n|t:|1697908032\n|switch|p1a: Great Tusk|Great Tusk|100\/100\n|-activate|p1a: Great Tusk|ability: Protosynthesis\n|-start|p1a: Great Tusk|protosynthesisdef\n|turn|12\n|\n|t:|1697908046\n|move|p1a: Great Tusk|Close Combat|p2a: Ursaluna\n|-supereffective|p2a: Ursaluna\n|-damage|p2a: Ursaluna|0 fnt\n|-unboost|p1a: Great Tusk|def|1\n|-unboost|p1a: Great Tusk|spd|1\n|faint|p2a: Ursaluna\n|\n|-weather|SunnyDay|[upkeep]\n|upkeep\n|\n|t:|1697908050\n|switch|p2a: Magearna|Magearna|63\/100\n|-damage|p2a: Magearna|57\/100|[from] Stealth Rock\n|turn|13\n|\n|t:|1697908059\n|-terastallize|p2a: Magearna|Water\n|move|p1a: Great Tusk|Earthquake|p2a: Magearna\n|-damage|p2a: Magearna|23\/100\n|move|p2a: Magearna|Trick Room|p2a: Magearna\n|-fieldstart|move: Trick Room|[of] p2a: Magearna\n|\n|-weather|SunnyDay|[upkeep]\n|upkeep\n|turn|14\n|\n|t:|1697908074\n|move|p2a: Magearna|Steel Beam|p1a: Great Tusk\n|-damage|p1a: Great Tusk|0 fnt\n|-damage|p2a: Magearna|0 fnt|[from] steelbeam\n|faint|p2a: Magearna\n|faint|p1a: Great Tusk\n|-end|p1a: Great Tusk|Protosynthesis|[silent]\n|\n|win|Billl21\n|c|\u2606Billl21|gg\n|c|\u2606HeyGreen09|ggwp\n|l|\u2606HeyGreen09\n","uploadtime":1697908089,"views":12,"p1id":"heygreen09","p2id":"billl21","formatid":"gen9ubers","rating":0,"private":0,"password":""}