{"id":"gen9ubers-1968392420","p1":"ilikeeatingcrayons","p2":"Kinesquared","format":"[Gen 9] Ubers","log":"|j|\u2606ilikeeatingcrayons\n|j|\u2606Kinesquared\n|t:|1697413627\n|gametype|singles\n|player|p1|ilikeeatingcrayons|youngster-gen4dp|\n|player|p2|Kinesquared|scientist-gen4dp|\n|teamsize|p1|6\n|teamsize|p2|6\n|gen|9\n|tier|[Gen 9] Ubers\n|rule|Sleep Clause Mod: Limit one foe put to sleep\n|rule|Species Clause: Limit one of each Pok\u00e9mon\n|rule|OHKO Clause: OHKO moves are banned\n|rule|Evasion Items Clause: Evasion items are banned\n|rule|Evasion Moves Clause: Evasion moves are banned\n|rule|Endless Battle Clause: Forcing endless battles is banned\n|rule|HP Percentage Mod: HP is shown in percentages\n|clearpoke\n|poke|p1|Landorus, M|\n|poke|p1|Shaymin-Sky|\n|poke|p1|Magearna|\n|poke|p1|Arceus-Fire|\n|poke|p1|Zacian-*|\n|poke|p1|Cyclizar, F|\n|poke|p2|Thwackey, F|\n|poke|p2|Dialga|\n|poke|p2|Palkia-Origin|\n|poke|p2|Arceus-Fire|\n|poke|p2|Zacian-*|\n|poke|p2|Giratina|\n|teampreview\n|inactive|Battle timer is ON: inactive players will automatically lose when time's up. (requested by Kinesquared)\n|inactive|ilikeeatingcrayons also wants the timer to be on.\n|c|\u2606ilikeeatingcrayons|Glhf\n|c|\u2606Kinesquared|gl\n|\n|t:|1697413646\n|start\n|switch|p1a: Cyclizar|Cyclizar, F|100\/100\n|switch|p2a: Thwackey|Thwackey, F|100\/100\n|-fieldstart|move: Grassy Terrain|[from] ability: Grassy Surge|[of] p2a: Thwackey\n|turn|1\n|\n|t:|1697413657\n|move|p1a: Cyclizar|Shed Tail|p1a: Cyclizar\n|-start|p1a: Cyclizar|Substitute|[from] move: Shed Tail\n|-damage|p1a: Cyclizar|50\/100\n|\n|t:|1697413659\n|switch|p1a: Landorus|Landorus, M|100\/100|[from] Shed Tail\n|move|p2a: Thwackey|U-turn|p1a: Landorus\n|-resisted|p1a: Landorus\n|-activate|p1a: Landorus|move: Substitute|[damage]\n|\n|t:|1697413673\n|switch|p2a: Giratina|Giratina|100\/100|[from] U-turn\n|-ability|p2a: Giratina|Pressure\n|\n|upkeep\n|turn|2\n|\n|t:|1697413680\n|-terastallize|p1a: Landorus|Fairy\n|move|p1a: Landorus|Tera Blast|p2a: Giratina|[anim] Tera Blast Fairy\n|-supereffective|p2a: Giratina\n|-damage|p2a: Giratina|55\/100\n|move|p2a: Giratina|Hex|p1a: Landorus\n|-end|p1a: Landorus|Substitute\n|\n|-heal|p2a: Giratina|61\/100|[from] Grassy Terrain\n|upkeep\n|turn|3\n|\n|t:|1697413692\n|switch|p1a: Magearna|Magearna|100\/100\n|move|p2a: Giratina|Will-O-Wisp|p1a: Magearna\n|-status|p1a: Magearna|brn\n|\n|-heal|p2a: Giratina|67\/100|[from] Grassy Terrain\n|-damage|p1a: Magearna|94\/100 brn|[from] brn\n|upkeep\n|turn|4\n|\n|t:|1697413705\n|switch|p2a: Thwackey|Thwackey, F|100\/100\n|move|p1a: Magearna|Thunder Wave|p2a: Thwackey\n|-status|p2a: Thwackey|par\n|\n|-heal|p1a: Magearna|100\/100 brn|[from] Grassy Terrain\n|-damage|p1a: Magearna|94\/100 brn|[from] brn\n|upkeep\n|turn|5\n|\n|t:|1697413713\n|move|p1a: Magearna|Spikes|p2a: Thwackey\n|-sidestart|p2: Kinesquared|Spikes\n|move|p2a: Thwackey|Knock Off|p1a: Magearna\n|-resisted|p1a: Magearna\n|-damage|p1a: Magearna|86\/100 brn\n|-enditem|p1a: Magearna|Leftovers|[from] move: Knock Off|[of] p2a: Thwackey\n|\n|-heal|p1a: Magearna|92\/100 brn|[from] Grassy Terrain\n|-damage|p1a: Magearna|86\/100 brn|[from] brn\n|-fieldend|move: Grassy Terrain\n|upkeep\n|turn|6\n|\n|t:|1697413723\n|move|p1a: Magearna|Spikes|p2a: Thwackey\n|-sidestart|p2: Kinesquared|Spikes\n|move|p2a: Thwackey|Leech Seed|p1a: Magearna\n|-start|p1a: Magearna|move: Leech Seed\n|\n|-damage|p1a: Magearna|73\/100 brn|[from] Leech Seed|[of] p2a: Thwackey\n|-damage|p1a: Magearna|67\/100 brn|[from] brn\n|upkeep\n|turn|7\n|\n|t:|1697413733\n|move|p1a: Magearna|Volt Switch|p2a: Thwackey\n|-resisted|p2a: Thwackey\n|-damage|p2a: Thwackey|90\/100 par\n|\n|t:|1697413735\n|switch|p1a: Cyclizar|Cyclizar, F|84\/100|[from] Volt Switch\n|cant|p2a: Thwackey|par\n|\n|upkeep\n|turn|8\n|\n|t:|1697413743\n|move|p1a: Cyclizar|Shed Tail|p1a: Cyclizar\n|-start|p1a: Cyclizar|Substitute|[from] move: Shed Tail\n|-damage|p1a: Cyclizar|34\/100\n|\n|t:|1697413745\n|switch|p1a: Shaymin|Shaymin-Sky|100\/100|[from] Shed Tail\n|cant|p2a: Thwackey|par\n|\n|upkeep\n|turn|9\n|\n|t:|1697413756\n|switch|p2a: Giratina|Giratina|67\/100\n|-damage|p2a: Giratina|51\/100|[from] Spikes\n|-ability|p2a: Giratina|Pressure\n|move|p1a: Shaymin|Air Slash|p2a: Giratina\n|-damage|p2a: Giratina|23\/100\n|-damage|p1a: Shaymin|91\/100|[from] item: Life Orb\n|\n|upkeep\n|turn|10\n|\n|t:|1697413771\n|switch|p2a: Thwackey|Thwackey, F|90\/100 par\n|-damage|p2a: Thwackey|73\/100 par|[from] Spikes\n|-fieldstart|move: Grassy Terrain|[from] ability: Grassy Surge|[of] p2a: Thwackey\n|move|p1a: Shaymin|Air Slash|p2a: Thwackey\n|-supereffective|p2a: Thwackey\n|-damage|p2a: Thwackey|0 fnt\n|faint|p2a: Thwackey\n|-damage|p1a: Shaymin|81\/100|[from] item: Life Orb\n|\n|upkeep\n|\n|t:|1697413781\n|switch|p2a: Dialga|Dialga|100\/100\n|-damage|p2a: Dialga|84\/100|[from] Spikes\n|-ability|p2a: Dialga|Pressure\n|turn|11\n|\n|t:|1697413786\n|move|p1a: Shaymin|Earth Power|p2a: Dialga\n|-supereffective|p2a: Dialga\n|-damage|p2a: Dialga|38\/100\n|-damage|p1a: Shaymin|71\/100|[from] item: Life Orb\n|move|p2a: Dialga|Flash Cannon|p1a: Shaymin\n|-end|p1a: Shaymin|Substitute\n|\n|-heal|p2a: Dialga|44\/100|[from] Grassy Terrain\n|-heal|p2a: Dialga|50\/100|[from] item: Leftovers\n|upkeep\n|turn|12\n|\n|t:|1697413814\n|move|p1a: Shaymin|Seed Flare|p2a: Dialga\n|-resisted|p2a: Dialga\n|-damage|p2a: Dialga|38\/100\n|-unboost|p2a: Dialga|spd|2\n|-damage|p1a: Shaymin|61\/100|[from] item: Life Orb\n|move|p2a: Dialga|Draco Meteor|p1a: Shaymin\n|-damage|p1a: Shaymin|0 fnt\n|-unboost|p2a: Dialga|spa|2\n|faint|p1a: Shaymin\n|\n|-heal|p2a: Dialga|44\/100|[from] Grassy Terrain\n|-heal|p2a: Dialga|50\/100|[from] item: Leftovers\n|upkeep\n|\n|t:|1697413823\n|switch|p1a: Landorus|Landorus, M, tera:Fairy|100\/100\n|turn|13\n|\n|t:|1697413842\n|switch|p2a: Giratina|Giratina|23\/100\n|-damage|p2a: Giratina|7\/100|[from] Spikes\n|-ability|p2a: Giratina|Pressure\n|move|p1a: Landorus|Earth Power|p2a: Giratina\n|-damage|p2a: Giratina|0 fnt\n|faint|p2a: Giratina\n|\n|upkeep\n|inactive|Kinesquared has 270 seconds left.\n|\n|t:|1697413858\n|switch|p2a: Zacian|Zacian|100\/100\n|-ability|p2a: Zacian|Intrepid Sword|boost\n|-boost|p2a: Zacian|atk|1\n|turn|14\n|inactive|Kinesquared has 270 seconds left.\n|\n|t:|1697413878\n|switch|p1a: Arceus|Arceus-Fire|100\/100\n|move|p2a: Zacian|Trailblaze|p1a: Arceus\n|-resisted|p1a: Arceus\n|-damage|p1a: Arceus|89\/100\n|-boost|p2a: Zacian|spe|1\n|\n|-heal|p1a: Arceus|95\/100|[from] Grassy Terrain\n|-fieldend|move: Grassy Terrain\n|upkeep\n|turn|15\n|\n|t:|1697413894\n|move|p2a: Zacian|Close Combat|p1a: Arceus\n|-damage|p1a: Arceus|51\/100\n|-unboost|p2a: Zacian|def|1\n|-unboost|p2a: Zacian|spd|1\n|move|p1a: Arceus|Flare Blitz|p2a: Zacian\n|-damage|p2a: Zacian|0 fnt\n|faint|p2a: Zacian\n|-damage|p1a: Arceus|24\/100|[from] Recoil\n|\n|upkeep\n|\n|t:|1697413903\n|switch|p2a: Palkia|Palkia-Origin|100\/100\n|-damage|p2a: Palkia|84\/100|[from] Spikes\n|-ability|p2a: Palkia|Pressure\n|turn|16\n|\n|t:|1697413908\n|switch|p1a: Magearna|Magearna|67\/100 brn\n|move|p2a: Palkia|Substitute|p2a: Palkia\n|-start|p2a: Palkia|Substitute\n|-damage|p2a: Palkia|59\/100\n|\n|-damage|p1a: Magearna|61\/100 brn|[from] brn\n|upkeep\n|turn|17\n|\n|t:|1697413916\n|move|p2a: Palkia|Hydro Pump|p1a: Magearna\n|-damage|p1a: Magearna|11\/100 brn\n|move|p1a: Magearna|Volt Switch|p2a: Palkia\n|-crit|p2a: Palkia\n|-end|p2a: Palkia|Substitute\n|\n|t:|1697413921\n|switch|p1a: Landorus|Landorus, M, tera:Fairy|100\/100|[from] Volt Switch\n|\n|upkeep\n|turn|18\n|inactive|Kinesquared has 270 seconds left.\n|\n|t:|1697413932\n|move|p1a: Landorus|Tera Blast|p2a: Palkia|[anim] Tera Blast Fairy\n|-supereffective|p2a: Palkia\n|-damage|p2a: Palkia|0 fnt\n|faint|p2a: Palkia\n|\n|upkeep\n|inactive|Kinesquared has 270 seconds left.\n|\n|t:|1697413938\n|switch|p2a: Arceus|Arceus-Fire|100\/100\n|-damage|p2a: Arceus|84\/100|[from] Spikes\n|turn|19\n|\n|t:|1697413948\n|switch|p1a: Magearna|Magearna|11\/100 brn\n|move|p2a: Arceus|Dragon Dance|p2a: Arceus\n|-boost|p2a: Arceus|atk|1\n|-boost|p2a: Arceus|spe|1\n|\n|-damage|p1a: Magearna|5\/100 brn|[from] brn\n|upkeep\n|turn|20\n|inactive|Kinesquared has 270 seconds left.\n|\n|t:|1697413963\n|move|p2a: Arceus|Flare Blitz|p1a: Magearna\n|-supereffective|p1a: Magearna\n|-damage|p1a: Magearna|0 fnt\n|faint|p1a: Magearna\n|-damage|p2a: Arceus|82\/100|[from] Recoil\n|\n|upkeep\n|\n|t:|1697413992\n|switch|p1a: Cyclizar|Cyclizar, F|67\/100\n|turn|21\n|\n|t:|1697414006\n|move|p1a: Cyclizar|Protect|p1a: Cyclizar\n|-singleturn|p1a: Cyclizar|Protect\n|move|p2a: Arceus|Flare Blitz|p1a: Cyclizar\n|-activate|p1a: Cyclizar|move: Protect\n|\n|upkeep\n|turn|22\n|\n|t:|1697414011\n|move|p2a: Arceus|Dragon Dance|p2a: Arceus\n|-boost|p2a: Arceus|atk|1\n|-boost|p2a: Arceus|spe|1\n|move|p1a: Cyclizar|Shed Tail|p1a: Cyclizar\n|-start|p1a: Cyclizar|Substitute|[from] move: Shed Tail\n|-damage|p1a: Cyclizar|17\/100\n|\n|t:|1697414014\n|switch|p1a: Landorus|Landorus, M, tera:Fairy|100\/100|[from] Shed Tail\n|\n|upkeep\n|turn|23\n|\n|t:|1697414020\n|-terastallize|p2a: Arceus|Normal\n|move|p2a: Arceus|Flare Blitz|p1a: Landorus\n|-end|p1a: Landorus|Substitute\n|-damage|p2a: Arceus|75\/100|[from] Recoil|[of] p1a: Landorus\n|move|p1a: Landorus|Earth Power|p2a: Arceus\n|-damage|p2a: Arceus|25\/100\n|\n|upkeep\n|turn|24\n|\n|t:|1697414052\n|move|p2a: Arceus|Extreme Speed|p1a: Landorus\n|-damage|p1a: Landorus|3\/100\n|move|p1a: Landorus|Earth Power|p2a: Arceus\n|-damage|p2a: Arceus|0 fnt\n|faint|p2a: Arceus\n|\n|upkeep\n|\n|t:|1697414060\n|switch|p2a: Dialga|Dialga|50\/100\n|-damage|p2a: Dialga|34\/100|[from] Spikes\n|-ability|p2a: Dialga|Pressure\n|turn|25\n|c|\u2606ilikeeatingcrayons|Gg\n|c|\u2606Kinesquared|ggs\n|\n|t:|1697414071\n|move|p1a: Landorus|Earth Power|p2a: Dialga\n|-supereffective|p2a: Dialga\n|-damage|p2a: Dialga|0 fnt\n|faint|p2a: Dialga\n|\n|win|ilikeeatingcrayons\n|l|\u2606Kinesquared\n","uploadtime":1697414083,"views":24,"p1id":"ilikeeatingcrayons","p2id":"kinesquared","formatid":"gen9ubers","rating":0,"private":0,"password":""}