{"id":"gen9ubers-1979055019","p1":"Mathl3te","p2":"Jullo27","format":"[Gen 9] Ubers","log":"|j|\u2606Mathl3te\n|j|\u2606Jullo27\n|t:|1698626428\n|gametype|singles\n|player|p1|Mathl3te|li|\n|player|p2|Jullo27|adaman|\n|teamsize|p1|6\n|teamsize|p2|6\n|gen|9\n|tier|[Gen 9] Ubers\n|rule|Sleep Clause Mod: Limit one foe put to sleep\n|rule|Species Clause: Limit one of each Pok\u00e9mon\n|rule|OHKO Clause: OHKO moves are banned\n|rule|Evasion Items Clause: Evasion items are banned\n|rule|Evasion Moves Clause: Evasion moves are banned\n|rule|Endless Battle Clause: Forcing endless battles is banned\n|rule|HP Percentage Mod: HP is shown in percentages\n|clearpoke\n|poke|p1|Blissey, F|\n|poke|p1|Crocalor, M|\n|poke|p1|Greninja-*, M|\n|poke|p1|Dragapult, F|\n|poke|p1|Donphan, F|\n|poke|p1|Rotom-Mow|\n|poke|p2|Gligar, M|\n|poke|p2|Scizor, M|\n|poke|p2|Cyclizar, M|\n|poke|p2|Infernape, M|\n|poke|p2|Slowking, F|\n|poke|p2|Espathra, M|\n|teampreview\n|c|\u2606Mathl3te|There we go lol\n|c|\u2606Jullo27|there we go\n|c|\u2606Mathl3te|Glhf\n|c|\u2606Jullo27|glhf\n|c|\u2606Mathl3te|Send this in live if you can\n|c|\u2606Jullo27|got it\n|j| HiHowAria?\n|\n|t:|1698626493\n|start\n|switch|p1a: Crocalor|Crocalor, M|100\/100\n|switch|p2a: Stewie|Gligar, M|100\/100\n|turn|1\n|\n|t:|1698626521\n|switch|p1a: Blissey|Blissey, F|100\/100\n|move|p2a: Stewie|Stealth Rock|p1a: Blissey\n|-sidestart|p1: Mathl3te|move: Stealth Rock\n|\n|upkeep\n|turn|2\n|l| HiHowAria?\n|\n|t:|1698626542\n|switch|p1a: Donphan|Donphan, F|100\/100\n|-damage|p1a: Donphan|94\/100|[from] Stealth Rock\n|move|p2a: Stewie|U-turn|p1a: Donphan\n|-damage|p1a: Donphan|84\/100\n|j| HiHowAria?\n|\n|t:|1698626609\n|switch|p2a: Meg|Slowking, F, shiny|100\/100|[from] U-turn\n|\n|-heal|p1a: Donphan|91\/100|[from] item: Leftovers\n|upkeep\n|turn|3\n|j| bbones\n|\n|t:|1698626619\n|move|p1a: Donphan|Rapid Spin|p2a: Meg\n|-damage|p2a: Meg|85\/100\n|-boost|p1a: Donphan|spe|1\n|-sideend|p1: Mathl3te|Stealth Rock|[from] move: Rapid Spin|[of] p1a: Donphan\n|move|p2a: Meg|Scald|p1a: Donphan\n|-supereffective|p1a: Donphan\n|-damage|p1a: Donphan|27\/100\n|-status|p1a: Donphan|brn\n|\n|-heal|p1a: Donphan|33\/100 brn|[from] item: Leftovers\n|-heal|p2a: Meg|91\/100|[from] item: Leftovers\n|-damage|p1a: Donphan|27\/100 brn|[from] brn\n|upkeep\n|turn|4\n|c| bbones|gligar pog\n|\n|t:|1698626628\n|move|p1a: Donphan|Stealth Rock|p2a: Meg\n|-sidestart|p2: Jullo27|move: Stealth Rock\n|move|p2a: Meg|Chilly Reception|p2a: Meg\n|-weather|Snow\n|\n|t:|1698626631\n|switch|p2a: Chris|Cyclizar, M|100\/100|[from] Chilly Reception\n|-damage|p2a: Chris|88\/100|[from] Stealth Rock\n|\n|-weather|Snow|[upkeep]\n|-heal|p1a: Donphan|33\/100 brn|[from] item: Leftovers\n|-damage|p1a: Donphan|27\/100 brn|[from] brn\n|upkeep\n|turn|5\n|\n|t:|1698626652\n|switch|p1a: Rotom|Rotom-Mow|100\/100\n|move|p2a: Chris|U-turn|p1a: Rotom\n|-supereffective|p1a: Rotom\n|-damage|p1a: Rotom|69\/100\n|l| HiHowAria?\n|\n|t:|1698626696\n|switch|p2a: Lois|Espathra, M, shiny|100\/100|[from] U-turn\n|-damage|p2a: Lois|88\/100|[from] Stealth Rock\n|\n|-weather|Snow|[upkeep]\n|upkeep\n|turn|6\n|\n|t:|1698626712\n|move|p2a: Lois|U-turn|p1a: Rotom\n|-supereffective|p1a: Rotom\n|-crit|p1a: Rotom\n|-damage|p1a: Rotom|39\/100\n|\n|t:|1698626716\n|switch|p2a: Chris|Cyclizar, M|100\/100|[from] U-turn\n|-damage|p2a: Chris|88\/100|[from] Stealth Rock\n|move|p1a: Rotom|Trick|p2a: Chris\n|-activate|p1a: Rotom|move: Trick|[of] p2a: Chris\n|-item|p2a: Chris|Choice Specs|[from] move: Trick\n|-item|p1a: Rotom|Assault Vest|[from] move: Trick\n|\n|-weather|Snow|[upkeep]\n|upkeep\n|turn|7\n|j| HiHowAria?\n|\n|t:|1698626733\n|switch|p1a: Blissey|Blissey, F|100\/100\n|move|p2a: Chris|Knock Off|p1a: Blissey\n|-damage|p1a: Blissey|83\/100\n|-enditem|p1a: Blissey|Leftovers|[from] move: Knock Off|[of] p2a: Chris\n|\n|-weather|Snow|[upkeep]\n|upkeep\n|turn|8\n|\n|t:|1698626762\n|switch|p2a: Meg|Slowking, F, shiny|100\/100\n|-damage|p2a: Meg|88\/100|[from] Stealth Rock\n|move|p1a: Blissey|Calm Mind|p1a: Blissey\n|-boost|p1a: Blissey|spa|1\n|-boost|p1a: Blissey|spd|1\n|\n|-weather|none\n|-heal|p2a: Meg|94\/100|[from] item: Leftovers\n|upkeep\n|turn|9\n|\n|t:|1698626767\n|move|p1a: Blissey|Shadow Ball|p2a: Meg\n|-supereffective|p2a: Meg\n|-damage|p2a: Meg|68\/100\n|move|p2a: Meg|Chilly Reception|p2a: Meg\n|-weather|Snow\n|j| spritecheat14\n|\n|t:|1698626801\n|switch|p2a: Chris|Cyclizar, M|100\/100|[from] Chilly Reception\n|-damage|p2a: Chris|88\/100|[from] Stealth Rock\n|\n|-weather|Snow|[upkeep]\n|upkeep\n|turn|10\n|\n|t:|1698626817\n|move|p2a: Chris|Rapid Spin|p1a: Blissey\n|-damage|p1a: Blissey|70\/100\n|-boost|p2a: Chris|spe|1\n|-sideend|p2: Jullo27|Stealth Rock|[from] move: Rapid Spin|[of] p2a: Chris\n|move|p1a: Blissey|Soft-Boiled|p1a: Blissey\n|-heal|p1a: Blissey|100\/100\n|\n|-weather|Snow|[upkeep]\n|upkeep\n|turn|11\n|\n|t:|1698626824\n|switch|p2a: Stewie|Gligar, M|100\/100\n|move|p1a: Blissey|Calm Mind|p1a: Blissey\n|-boost|p1a: Blissey|spa|1\n|-boost|p1a: Blissey|spd|1\n|\n|-weather|Snow|[upkeep]\n|upkeep\n|turn|12\n|\n|t:|1698626829\n|move|p2a: Stewie|Toxic|p1a: Blissey\n|-status|p1a: Blissey|tox\n|move|p1a: Blissey|Shadow Ball|p2a: Stewie\n|-damage|p2a: Stewie|66\/100\n|\n|-weather|Snow|[upkeep]\n|-damage|p1a: Blissey|94\/100 tox|[from] psn\n|upkeep\n|turn|13\n|\n|t:|1698626840\n|-curestatus|p1a: Blissey|tox|[from] ability: Natural Cure\n|switch|p1a: Rotom|Rotom-Mow|39\/100\n|move|p2a: Stewie|Stealth Rock|p1a: Rotom\n|-sidestart|p1: Mathl3te|move: Stealth Rock\n|\n|-weather|none\n|upkeep\n|turn|14\n|\n|t:|1698626847\n|move|p2a: Stewie|U-turn|p1a: Rotom\n|-supereffective|p1a: Rotom\n|-crit|p1a: Rotom\n|-damage|p1a: Rotom|1\/100\n|\n|t:|1698626853\n|switch|p2a: Chris|Cyclizar, M|100\/100|[from] U-turn\n|move|p1a: Rotom|Leaf Storm|p2a: Chris\n|-resisted|p2a: Chris\n|-damage|p2a: Chris|57\/100\n|-unboost|p1a: Rotom|spa|2\n|\n|upkeep\n|turn|15\n|\n|t:|1698626866\n|move|p2a: Chris|U-turn|p1a: Rotom\n|-supereffective|p1a: Rotom\n|-damage|p1a: Rotom|0 fnt\n|faint|p1a: Rotom\n|\n|t:|1698626870\n|switch|p2a: Peter|Infernape, M|100\/100|[from] U-turn\n|\n|upkeep\n|\n|t:|1698626883\n|switch|p1a: Crocalor|Crocalor, M|100\/100\n|-damage|p1a: Crocalor|76\/100|[from] Stealth Rock\n|turn|16\n|\n|t:|1698626901\n|-terastallize|p1a: Crocalor|Fairy\n|move|p2a: Peter|Knock Off|p1a: Crocalor\n|-resisted|p1a: Crocalor\n|-damage|p1a: Crocalor|68\/100\n|-enditem|p1a: Crocalor|Eviolite|[from] move: Knock Off|[of] p2a: Peter\n|move|p1a: Crocalor|Fire Spin|p2a: Peter\n|-resisted|p2a: Peter\n|-damage|p2a: Peter|92\/100\n|-activate|p2a: Peter|move: Fire Spin|[of] p1a: Crocalor\n|\n|-damage|p2a: Peter|80\/100|[from] move: Fire Spin|[partiallytrapped]\n|upkeep\n|turn|17\n|\n|t:|1698626912\n|move|p2a: Peter|Knock Off|p1a: Crocalor\n|-resisted|p1a: Crocalor\n|-damage|p1a: Crocalor|60\/100\n|move|p1a: Crocalor|Slack Off|p1a: Crocalor\n|-heal|p1a: Crocalor|100\/100\n|\n|-damage|p2a: Peter|68\/100|[from] move: Fire Spin|[partiallytrapped]\n|upkeep\n|turn|18\n|\n|t:|1698626915\n|move|p2a: Peter|Knock Off|p1a: Crocalor\n|-resisted|p1a: Crocalor\n|-damage|p1a: Crocalor|93\/100\n|move|p1a: Crocalor|Flamethrower|p2a: Peter\n|-resisted|p2a: Peter\n|-damage|p2a: Peter|47\/100\n|\n|-damage|p2a: Peter|35\/100|[from] move: Fire Spin|[partiallytrapped]\n|upkeep\n|turn|19\n|\n|t:|1698626918\n|move|p2a: Peter|Knock Off|p1a: Crocalor\n|-resisted|p1a: Crocalor\n|-damage|p1a: Crocalor|85\/100\n|move|p1a: Crocalor|Flamethrower|p2a: Peter\n|-resisted|p2a: Peter\n|-damage|p2a: Peter|12\/100\n|\n|-damage|p2a: Peter|0 fnt|[from] move: Fire Spin|[partiallytrapped]\n|faint|p2a: Peter\n|upkeep\n|\n|t:|1698626933\n|switch|p2a: Stewie|Gligar, M|66\/100\n|turn|20\n|\n|t:|1698626938\n|move|p2a: Stewie|Toxic|p1a: Crocalor|[miss]\n|-miss|p2a: Stewie|p1a: Crocalor\n|move|p1a: Crocalor|Will-O-Wisp|p2a: Stewie|[miss]\n|-miss|p1a: Crocalor|p2a: Stewie\n|\n|upkeep\n|turn|21\n|c|\u2606Mathl3te|Lol\n|c| HiHowAria?|gotta love this game\n|\n|t:|1698626952\n|switch|p1a: Blissey|Blissey, F|94\/100\n|-damage|p1a: Blissey|82\/100|[from] Stealth Rock\n|move|p2a: Stewie|Toxic|p1a: Blissey\n|-status|p1a: Blissey|tox\n|\n|-damage|p1a: Blissey|76\/100 tox|[from] psn\n|upkeep\n|turn|22\n|c|\u2606Jullo27|its a wash lmao\n|\n|t:|1698626966\n|-curestatus|p1a: Blissey|tox|[from] ability: Natural Cure\n|switch|p1a: Donphan|Donphan, F|27\/100 brn\n|-damage|p1a: Donphan|20\/100 brn|[from] Stealth Rock\n|move|p2a: Stewie|Earthquake|p1a: Donphan\n|-damage|p1a: Donphan|0 fnt\n|faint|p1a: Donphan\n|\n|upkeep\n|\n|t:|1698626973\n|switch|p1a: Greninja|Greninja, M|100\/100\n|-damage|p1a: Greninja|88\/100|[from] Stealth Rock\n|turn|23\n|\n|t:|1698627004\n|-terastallize|p2a: Stewie|Water\n|move|p1a: Greninja|Dark Pulse|p2a: Stewie\n|-start|p1a: Greninja|typechange|Dark|[from] ability: Protean\n|-damage|p2a: Stewie|2\/100\n|move|p2a: Stewie|U-turn|p1a: Greninja\n|-supereffective|p1a: Greninja\n|-damage|p1a: Greninja|45\/100\n|\n|t:|1698627032\n|switch|p2a: Chris|Cyclizar, M|91\/100|[from] U-turn\n|\n|upkeep\n|turn|24\n|\n|t:|1698627047\n|switch|p1a: Blissey|Blissey, F|76\/100\n|-damage|p1a: Blissey|63\/100|[from] Stealth Rock\n|move|p2a: Chris|U-turn|p1a: Blissey\n|-damage|p1a: Blissey|49\/100\n|\n|t:|1698627066\n|switch|p2a: Seamus|Scizor, M|100\/100|[from] U-turn\n|\n|upkeep\n|turn|25\n|\n|t:|1698627072\n|move|p2a: Seamus|U-turn|p1a: Blissey\n|-damage|p1a: Blissey|0 fnt\n|faint|p1a: Blissey\n|\n|t:|1698627100\n|switch|p2a: Stewie|Gligar, M, tera:Water|2\/100|[from] U-turn\n|\n|upkeep\n|\n|t:|1698627105\n|switch|p1a: Dragapult|Dragapult, F|100\/100\n|-damage|p1a: Dragapult|88\/100|[from] Stealth Rock\n|turn|26\n|\n|t:|1698627126\n|move|p1a: Dragapult|Dragon Darts|p2a: Stewie\n|-crit|p2a: Stewie\n|-damage|p2a: Stewie|0 fnt\n|faint|p2a: Stewie\n|-damage|p1a: Dragapult|78\/100|[from] item: Life Orb\n|\n|upkeep\n|\n|t:|1698627140\n|switch|p2a: Meg|Slowking, F, shiny|100\/100\n|turn|27\n|\n|t:|1698627144\n|move|p1a: Dragapult|Dragon Dance|p1a: Dragapult\n|-boost|p1a: Dragapult|atk|1\n|-boost|p1a: Dragapult|spe|1\n|move|p2a: Meg|Scald|p1a: Dragapult\n|-resisted|p1a: Dragapult\n|-damage|p1a: Dragapult|61\/100\n|\n|upkeep\n|turn|28\n|\n|t:|1698627150\n|move|p1a: Dragapult|Phantom Force||[still]\n|-prepare|p1a: Dragapult|Phantom Force\n|move|p2a: Meg|Scald|p1a: Dragapult|[miss]\n|-miss|p2a: Meg|p1a: Dragapult\n|\n|upkeep\n|turn|29\n|\n|t:|1698627153\n|move|p1a: Dragapult|Phantom Force|p2a: Meg|[from]lockedmove\n|-supereffective|p2a: Meg\n|-damage|p2a: Meg|0 fnt\n|faint|p2a: Meg\n|-damage|p1a: Dragapult|52\/100|[from] item: Life Orb\n|\n|upkeep\n|\n|t:|1698627157\n|switch|p2a: Seamus|Scizor, M|100\/100\n|turn|30\n|\n|t:|1698627160\n|move|p2a: Seamus|Bullet Punch|p1a: Dragapult\n|-damage|p1a: Dragapult|0 fnt\n|faint|p1a: Dragapult\n|\n|upkeep\n|\n|t:|1698627167\n|switch|p1a: Greninja|Greninja, M|45\/100\n|-damage|p1a: Greninja|33\/100|[from] Stealth Rock\n|turn|31\n|\n|t:|1698627172\n|move|p2a: Seamus|Bullet Punch|p1a: Greninja\n|-resisted|p1a: Greninja\n|-damage|p1a: Greninja|0 fnt\n|faint|p1a: Greninja\n|\n|upkeep\n|\n|t:|1698627174\n|switch|p1a: Crocalor|Crocalor, M, tera:Fairy|85\/100\n|-damage|p1a: Crocalor|73\/100|[from] Stealth Rock\n|turn|32\n|\n|t:|1698627178\n|move|p2a: Seamus|Bullet Punch|p1a: Crocalor\n|-supereffective|p1a: Crocalor\n|-damage|p1a: Crocalor|0 fnt\n|faint|p1a: Crocalor\n|\n|win|Jullo27\n|c|\u2606Jullo27|gg\n|c|\u2606Mathl3te|Gig\n|c|\u2606Mathl3te|gg\n","uploadtime":1698627188,"views":27,"p1id":"mathl3te","p2id":"jullo27","formatid":"gen9ubers","rating":0,"private":0,"password":""}