{"id":"gen9ubers-1985712045","p1":"RektCactus","p2":"flambojambo","format":"[Gen 9] Ubers","log":"|j|\u2606RektCactus\n|j|\u2606flambojambo\n|t:|1699398265\n|gametype|singles\n|player|p1|RektCactus|1|\n|player|p2|flambojambo|skyla|\n|teamsize|p1|6\n|teamsize|p2|6\n|gen|9\n|tier|[Gen 9] Ubers\n|rule|Sleep Clause Mod: Limit one foe put to sleep\n|rule|Species Clause: Limit one of each Pok\u00e9mon\n|rule|OHKO Clause: OHKO moves are banned\n|rule|Evasion Items Clause: Evasion items are banned\n|rule|Evasion Moves Clause: Evasion moves are banned\n|rule|Endless Battle Clause: Forcing endless battles is banned\n|rule|HP Percentage Mod: HP is shown in percentages\n|clearpoke\n|poke|p1|Ogerpon-Hearthflame, F|\n|poke|p1|Sneasler, M|\n|poke|p1|Urshifu-*, F|\n|poke|p1|Landorus-Therian, M|\n|poke|p1|Glimmora, M|\n|poke|p1|Heatran, M|\n|poke|p2|Zamazenta-*|\n|poke|p2|Skeledirge, F|\n|poke|p2|Cinderace, F|\n|poke|p2|Enamorus, F|\n|poke|p2|Manaphy|\n|poke|p2|Kommo-o, M|\n|teampreview\n|j| rustygoomba\n|\n|t:|1699398299\n|start\n|switch|p1a: Urshifu|Urshifu, F|100\/100\n|switch|p2a: Cindy-ace|Cinderace, F, shiny|100\/100\n|turn|1\n|\n|t:|1699398352\n|switch|p2a: Maddiphy|Manaphy, shiny|100\/100\n|switch|p1a: Landorus|Landorus-Therian, M, shiny|100\/100\n|-ability|p1a: Landorus|Intimidate|boost\n|-unboost|p2a: Maddiphy|atk|1\n|\n|upkeep\n|turn|2\n|\n|t:|1699398363\n|switch|p1a: Ogerpon|Ogerpon-Hearthflame, F|100\/100\n|-ability|p1a: Ogerpon|Mold Breaker\n|move|p2a: Maddiphy|Acid Armor|p2a: Maddiphy\n|-boost|p2a: Maddiphy|def|2\n|\n|upkeep\n|turn|3\n|\n|t:|1699398373\n|move|p1a: Ogerpon|Swords Dance|p1a: Ogerpon\n|-boost|p1a: Ogerpon|atk|2\n|move|p2a: Maddiphy|Scald|p1a: Ogerpon\n|-damage|p1a: Ogerpon|66\/100\n|\n|upkeep\n|turn|4\n|\n|t:|1699398388\n|move|p1a: Ogerpon|Horn Leech|p2a: Maddiphy\n|-supereffective|p2a: Maddiphy\n|-damage|p2a: Maddiphy|42\/100\n|-heal|p1a: Ogerpon|100\/100|[from] drain|[of] p2a: Maddiphy\n|move|p2a: Maddiphy|Scald|p1a: Ogerpon\n|-damage|p1a: Ogerpon|68\/100\n|\n|-heal|p2a: Maddiphy|48\/100|[from] item: Leftovers\n|upkeep\n|turn|5\n|\n|t:|1699398420\n|switch|p2a: Sarahdirge|Skeledirge, F, shiny|100\/100\n|move|p1a: Ogerpon|Horn Leech|p2a: Sarahdirge\n|-resisted|p2a: Sarahdirge\n|-damage|p2a: Sarahdirge|65\/100\n|-heal|p1a: Ogerpon|92\/100|[from] drain|[of] p2a: Sarahdirge\n|\n|upkeep\n|turn|6\n|\n|t:|1699398442\n|move|p1a: Ogerpon|Throat Chop|p2a: Sarahdirge\n|-supereffective|p2a: Sarahdirge\n|-damage|p2a: Sarahdirge|0 fnt\n|faint|p2a: Sarahdirge\n|\n|upkeep\n|\n|t:|1699398468\n|switch|p2a: Cindy-ace|Cinderace, F, shiny|100\/100\n|turn|7\n|\n|t:|1699398493\n|switch|p1a: Landorus|Landorus-Therian, M, shiny|100\/100\n|-ability|p1a: Landorus|Intimidate|boost\n|-unboost|p2a: Cindy-ace|atk|1\n|move|p2a: Cindy-ace|Pyro Ball|p1a: Landorus\n|-damage|p1a: Landorus|56\/100\n|\n|upkeep\n|turn|8\n|\n|t:|1699398518\n|switch|p2a: Maddiphy|Manaphy, shiny|48\/100\n|move|p1a: Landorus|U-turn|p2a: Maddiphy\n|-damage|p2a: Maddiphy|28\/100\n|\n|t:|1699398524\n|switch|p1a: Ogerpon|Ogerpon-Hearthflame, F|92\/100|[from] U-turn\n|-ability|p1a: Ogerpon|Mold Breaker\n|\n|-heal|p2a: Maddiphy|35\/100|[from] item: Leftovers\n|upkeep\n|turn|9\n|\n|t:|1699398555\n|switch|p2a: Camero - on|Kommo-o, M, shiny|100\/100\n|move|p1a: Ogerpon|Horn Leech|p2a: Camero - on\n|-resisted|p2a: Camero - on\n|-damage|p2a: Camero - on|80\/100\n|-heal|p1a: Ogerpon|100\/100|[from] drain|[of] p2a: Camero - on\n|\n|upkeep\n|turn|10\n|\n|t:|1699398568\n|move|p2a: Camero - on|Close Combat|p1a: Ogerpon\n|-damage|p1a: Ogerpon|22\/100\n|-unboost|p2a: Camero - on|def|1\n|-unboost|p2a: Camero - on|spd|1\n|move|p1a: Ogerpon|Play Rough|p2a: Camero - on\n|-supereffective|p2a: Camero - on\n|-damage|p2a: Camero - on|0 fnt\n|faint|p2a: Camero - on\n|\n|upkeep\n|\n|t:|1699398607\n|switch|p2a: Cindy-ace|Cinderace, F, shiny|100\/100\n|turn|11\n|\n|t:|1699398621\n|switch|p1a: Heatran|Heatran, M, shiny|100\/100\n|move|p2a: Cindy-ace|Pyro Ball|p1a: Heatran\n|-start|p1a: Heatran|ability: Flash Fire\n|\n|upkeep\n|turn|12\n|\n|t:|1699398639\n|move|p2a: Cindy-ace|High Jump Kick|p1a: Heatran\n|-start|p2a: Cindy-ace|typechange|Fighting|[from] ability: Libero\n|-supereffective|p1a: Heatran\n|-enditem|p1a: Heatran|Chople Berry|[eat]\n|-enditem|p1a: Heatran|Chople Berry|[weaken]\n|-damage|p1a: Heatran|45\/100\n|move|p1a: Heatran|Magma Storm|p2a: Cindy-ace\n|-damage|p2a: Cindy-ace|9\/100\n|-activate|p2a: Cindy-ace|move: Magma Storm|[of] p1a: Heatran\n|\n|-damage|p2a: Cindy-ace|0 fnt|[from] move: Magma Storm|[partiallytrapped]\n|faint|p2a: Cindy-ace\n|upkeep\n|c|\u2606flambojambo|whadda hell\n|c|\u2606flambojambo|this guy is damn CHEATIN\n|\n|t:|1699398665\n|switch|p2a: Zendaya - Crowned|Zamazenta-Crowned, shiny|100\/100\n|-ability|p2a: Zendaya - Crowned|Dauntless Shield|boost\n|-boost|p2a: Zendaya - Crowned|def|1\n|turn|13\n|\n|t:|1699398699\n|move|p2a: Zendaya - Crowned|Body Press|p1a: Heatran\n|-supereffective|p1a: Heatran\n|-damage|p1a: Heatran|0 fnt\n|faint|p1a: Heatran\n|\n|upkeep\n|\n|t:|1699398704\n|switch|p1a: Glimmora|Glimmora, M, shiny|100\/100\n|turn|14\n|\n|t:|1699398711\n|switch|p2a: Maddiphy|Manaphy, shiny|35\/100\n|move|p1a: Glimmora|Toxic|p2a: Maddiphy\n|-status|p2a: Maddiphy|tox\n|\n|-heal|p2a: Maddiphy|41\/100 tox|[from] item: Leftovers\n|-damage|p2a: Maddiphy|35\/100 tox|[from] psn\n|upkeep\n|turn|15\n|\n|t:|1699398721\n|switch|p1a: Ogerpon|Ogerpon-Hearthflame, F|22\/100\n|-ability|p1a: Ogerpon|Mold Breaker\n|move|p2a: Maddiphy|Scald|p1a: Ogerpon\n|-damage|p1a: Ogerpon|0 fnt\n|faint|p1a: Ogerpon\n|\n|-heal|p2a: Maddiphy|41\/100 tox|[from] item: Leftovers\n|-damage|p2a: Maddiphy|28\/100 tox|[from] psn\n|upkeep\n|c| rustygoomba|derek you cooked so hard\n|\n|t:|1699398731\n|switch|p1a: Sneasler|Sneasler, M, shiny|100\/100\n|turn|16\n|\n|t:|1699398750\n|move|p1a: Sneasler|Close Combat|p2a: Maddiphy\n|-damage|p2a: Maddiphy|0 fnt\n|-unboost|p1a: Sneasler|def|1\n|-unboost|p1a: Sneasler|spd|1\n|-enditem|p1a: Sneasler|White Herb\n|-clearnegativeboost|p1a: Sneasler|[silent]\n|faint|p2a: Maddiphy\n|\n|upkeep\n|\n|t:|1699398779\n|switch|p2a: Annamorus|Enamorus, F, shiny|100\/100\n|turn|17\n|\n|t:|1699398801\n|move|p1a: Sneasler|Swords Dance|p1a: Sneasler\n|-boost|p1a: Sneasler|atk|2\n|move|p2a: Annamorus|Earth Power|p1a: Sneasler\n|-supereffective|p1a: Sneasler\n|-damage|p1a: Sneasler|0 fnt\n|faint|p1a: Sneasler\n|\n|upkeep\n|\n|t:|1699398810\n|switch|p1a: Glimmora|Glimmora, M, shiny|100\/100\n|turn|18\n|\n|t:|1699398825\n|move|p1a: Glimmora|Spiky Shield|p1a: Glimmora\n|-singleturn|p1a: Glimmora|move: Protect\n|move|p2a: Annamorus|Earth Power|p1a: Glimmora\n|-activate|p1a: Glimmora|move: Protect\n|\n|upkeep\n|turn|19\n|\n|t:|1699398832\n|switch|p1a: Landorus|Landorus-Therian, M, shiny|56\/100\n|-ability|p1a: Landorus|Intimidate|boost\n|-boost|p2a: Annamorus|atk|1\n|move|p2a: Annamorus|Earth Power|p1a: Landorus\n|-immune|p1a: Landorus\n|\n|upkeep\n|turn|20\n|\n|t:|1699398853\n|move|p1a: Landorus|Stone Edge|p2a: Annamorus|[miss]\n|-miss|p1a: Landorus|p2a: Annamorus\n|move|p2a: Annamorus|Earth Power|p1a: Landorus\n|-immune|p1a: Landorus\n|\n|upkeep\n|turn|21\n|\n|t:|1699398859\n|switch|p2a: Zendaya - Crowned|Zamazenta-Crowned, shiny|100\/100\n|move|p1a: Landorus|Stone Edge|p2a: Zendaya - Crowned\n|-resisted|p2a: Zendaya - Crowned\n|-damage|p2a: Zendaya - Crowned|92\/100\n|\n|upkeep\n|turn|22\n|\n|t:|1699398869\n|switch|p1a: Glimmora|Glimmora, M, shiny|100\/100\n|move|p2a: Zendaya - Crowned|Iron Defense|p2a: Zendaya - Crowned\n|-boost|p2a: Zendaya - Crowned|def|2\n|\n|upkeep\n|turn|23\n|\n|t:|1699398876\n|move|p2a: Zendaya - Crowned|Iron Defense|p2a: Zendaya - Crowned\n|-boost|p2a: Zendaya - Crowned|def|2\n|move|p1a: Glimmora|Toxic|p2a: Zendaya - Crowned\n|-status|p2a: Zendaya - Crowned|tox\n|\n|-damage|p2a: Zendaya - Crowned|86\/100 tox|[from] psn\n|upkeep\n|turn|24\n|\n|t:|1699398886\n|move|p1a: Glimmora|Spiky Shield|p1a: Glimmora\n|-singleturn|p1a: Glimmora|move: Protect\n|move|p2a: Zendaya - Crowned|Body Press|p1a: Glimmora\n|-activate|p1a: Glimmora|move: Protect\n|-damage|p2a: Zendaya - Crowned|73\/100 tox|[from] Spiky Shield|[of] p1a: Glimmora\n|\n|-damage|p2a: Zendaya - Crowned|61\/100 tox|[from] psn\n|upkeep\n|turn|25\n|\n|t:|1699398915\n|switch|p1a: Urshifu|Urshifu, F|100\/100\n|move|p2a: Zendaya - Crowned|Body Press|p1a: Urshifu\n|-supereffective|p1a: Urshifu\n|-damage|p1a: Urshifu|0 fnt\n|faint|p1a: Urshifu\n|\n|-damage|p2a: Zendaya - Crowned|43\/100 tox|[from] psn\n|upkeep\n|\n|t:|1699398922\n|switch|p1a: Landorus|Landorus-Therian, M, shiny|56\/100\n|-ability|p1a: Landorus|Intimidate|boost\n|-unboost|p2a: Zendaya - Crowned|atk|1\n|turn|26\n|\n|t:|1699398942\n|move|p1a: Landorus|U-turn|p2a: Zendaya - Crowned\n|-resisted|p2a: Zendaya - Crowned\n|-damage|p2a: Zendaya - Crowned|41\/100 tox\n|\n|t:|1699398945\n|switch|p1a: Glimmora|Glimmora, M, shiny|100\/100|[from] U-turn\n|move|p2a: Zendaya - Crowned|Behemoth Bash|p1a: Glimmora\n|-supereffective|p1a: Glimmora\n|-damage|p1a: Glimmora|32\/100\n|\n|-heal|p1a: Glimmora|38\/100|[from] item: Black Sludge\n|-damage|p2a: Zendaya - Crowned|16\/100 tox|[from] psn\n|upkeep\n|turn|27\n|\n|t:|1699398956\n|switch|p2a: Annamorus|Enamorus, F, shiny|100\/100\n|move|p1a: Glimmora|Spiky Shield||[still]\n|-fail|p1a: Glimmora\n|\n|-heal|p1a: Glimmora|44\/100|[from] item: Black Sludge\n|upkeep\n|turn|28\n|\n|t:|1699398986\n|move|p2a: Annamorus|Moonblast|p1a: Glimmora\n|-resisted|p1a: Glimmora\n|-damage|p1a: Glimmora|2\/100\n|move|p1a: Glimmora|Toxic|p2a: Annamorus\n|-status|p2a: Annamorus|tox\n|\n|-heal|p1a: Glimmora|8\/100|[from] item: Black Sludge\n|-damage|p2a: Annamorus|94\/100 tox|[from] psn\n|upkeep\n|turn|29\n|\n|t:|1699398995\n|move|p1a: Glimmora|Spiky Shield|p1a: Glimmora\n|-singleturn|p1a: Glimmora|move: Protect\n|move|p2a: Annamorus|Moonblast|p1a: Glimmora\n|-activate|p1a: Glimmora|move: Protect\n|\n|-heal|p1a: Glimmora|14\/100|[from] item: Black Sludge\n|-damage|p2a: Annamorus|82\/100 tox|[from] psn\n|upkeep\n|turn|30\n|\n|t:|1699399011\n|move|p2a: Annamorus|Moonblast|p1a: Glimmora\n|-resisted|p1a: Glimmora\n|-damage|p1a: Glimmora|0 fnt\n|faint|p1a: Glimmora\n|\n|-damage|p2a: Annamorus|63\/100 tox|[from] psn\n|upkeep\n|\n|t:|1699399013\n|switch|p1a: Landorus|Landorus-Therian, M, shiny|56\/100\n|-ability|p1a: Landorus|Intimidate|boost\n|-boost|p2a: Annamorus|atk|1\n|turn|31\n|\n|t:|1699399025\n|move|p1a: Landorus|Stone Edge|p2a: Annamorus\n|-supereffective|p2a: Annamorus\n|-damage|p2a: Annamorus|0 fnt\n|faint|p2a: Annamorus\n|\n|upkeep\n|\n|t:|1699399031\n|switch|p2a: Zendaya - Crowned|Zamazenta-Crowned, shiny|16\/100 tox\n|turn|32\n|\n|t:|1699399052\n|move|p1a: Landorus|Stone Edge|p2a: Zendaya - Crowned\n|-resisted|p2a: Zendaya - Crowned\n|-crit|p2a: Zendaya - Crowned\n|-damage|p2a: Zendaya - Crowned|5\/100 tox\n|move|p2a: Zendaya - Crowned|Facade|p1a: Landorus\n|-damage|p1a: Landorus|6\/100\n|\n|-damage|p2a: Zendaya - Crowned|0 fnt|[from] psn\n|faint|p2a: Zendaya - Crowned\n|\n|win|RektCactus\n|upkeep\n|c|\u2606flambojambo|GGs\n|c| rustygoomba|wowee\n|l| rustygoomba\n","uploadtime":1699399079,"views":21,"p1id":"rektcactus","p2id":"flambojambo","formatid":"gen9ubers","rating":0,"private":0,"password":""}