{"id":"gen9ubers-1980052898","p1":"IspamObjection","p2":"ateup","format":"[Gen 9] Ubers","log":"|j|\u2606IspamObjection\n|j|\u2606ateup\n|t:|1698751999\n|gametype|singles\n|player|p1|IspamObjection|lance-gen2|\n|player|p2|ateup|pokemaniac|\n|teamsize|p1|6\n|teamsize|p2|6\n|gen|9\n|tier|[Gen 9] Ubers\n|rule|Sleep Clause Mod: Limit one foe put to sleep\n|rule|Species Clause: Limit one of each Pok\u00e9mon\n|rule|OHKO Clause: OHKO moves are banned\n|rule|Evasion Items Clause: Evasion items are banned\n|rule|Evasion Moves Clause: Evasion moves are banned\n|rule|Endless Battle Clause: Forcing endless battles is banned\n|rule|HP Percentage Mod: HP is shown in percentages\n|clearpoke\n|poke|p1|Giratina|\n|poke|p1|Garchomp, F|\n|poke|p1|Espathra, F|\n|poke|p1|Cyclizar, F|\n|poke|p1|Maushold-Four|\n|poke|p1|Chi-Yu|\n|poke|p2|Torkoal, F|\n|poke|p2|Walking Wake|\n|poke|p2|Chi-Yu|\n|poke|p2|Arceus-Grass|\n|poke|p2|Zacian-*|\n|poke|p2|Magearna-Original|\n|teampreview\n|inactive|Battle timer is ON: inactive players will automatically lose when time's up. (requested by ateup)\n|\n|t:|1698752007\n|start\n|switch|p1a: Garchover|Garchomp, F|100\/100\n|switch|p2a: Torkoal|Torkoal, F|100\/100\n|-weather|SunnyDay|[from] ability: Drought|[of] p2a: Torkoal\n|turn|1\n|c|\u2606ateup|maushold\n|c|\u2606ateup|chomp\n|c|\u2606ateup|interesting\n|\n|t:|1698752015\n|move|p1a: Garchover|Stealth Rock|p2a: Torkoal\n|-sidestart|p2: ateup|move: Stealth Rock\n|move|p2a: Torkoal|Stealth Rock|p1a: Garchover\n|-sidestart|p1: IspamObjection|move: Stealth Rock\n|\n|-weather|SunnyDay|[upkeep]\n|upkeep\n|turn|2\n|\n|t:|1698752022\n|move|p1a: Garchover|Spikes|p2a: Torkoal\n|-sidestart|p2: ateup|Spikes\n|move|p2a: Torkoal|Rapid Spin|p1a: Garchover\n|-damage|p1a: Garchover|91\/100\n|-boost|p2a: Torkoal|spe|1\n|-damage|p2a: Torkoal|88\/100|[from] ability: Rough Skin|[of] p1a: Garchover\n|-sideend|p2: ateup|Spikes|[from] move: Rapid Spin|[of] p2a: Torkoal\n|-sideend|p2: ateup|Stealth Rock|[from] move: Rapid Spin|[of] p2a: Torkoal\n|\n|-weather|SunnyDay|[upkeep]\n|upkeep\n|turn|3\n|\n|t:|1698752028\n|move|p1a: Garchover|Earthquake|p2a: Torkoal\n|-supereffective|p2a: Torkoal\n|-damage|p2a: Torkoal|27\/100\n|move|p2a: Torkoal|Will-O-Wisp|p1a: Garchover\n|-status|p1a: Garchover|brn\n|\n|-weather|SunnyDay|[upkeep]\n|-damage|p1a: Garchover|85\/100 brn|[from] brn\n|upkeep\n|turn|4\n|\n|t:|1698752034\n|move|p1a: Garchover|Earthquake|p2a: Torkoal\n|-supereffective|p2a: Torkoal\n|-damage|p2a: Torkoal|0 fnt\n|faint|p2a: Torkoal\n|\n|-weather|SunnyDay|[upkeep]\n|-damage|p1a: Garchover|79\/100 brn|[from] brn\n|upkeep\n|\n|t:|1698752038\n|switch|p2a: Walking Wake|Walking Wake|100\/100\n|-activate|p2a: Walking Wake|ability: Protosynthesis\n|-start|p2a: Walking Wake|protosynthesisspe\n|turn|5\n|\n|t:|1698752049\n|move|p2a: Walking Wake|Hydro Steam|p1a: Garchover\n|-damage|p1a: Garchover|0 fnt\n|faint|p1a: Garchover\n|\n|-weather|SunnyDay|[upkeep]\n|upkeep\n|\n|t:|1698752062\n|switch|p1a: Giratina|Giratina|100\/100\n|-damage|p1a: Giratina|88\/100|[from] Stealth Rock\n|-ability|p1a: Giratina|Pressure\n|turn|6\n|inactive|ateup has 270 seconds left.\n|\n|t:|1698752119\n|-end|p2a: Walking Wake|Protosynthesis|[silent]\n|switch|p2a: Zacian|Zacian|100\/100\n|-ability|p2a: Zacian|Intrepid Sword|boost\n|-boost|p2a: Zacian|atk|1\n|-terastallize|p1a: Giratina|Normal\n|move|p1a: Giratina|Roar|p2a: Zacian\n|drag|p2a: Magearna|Magearna-Original|100\/100\n|\n|-weather|SunnyDay|[upkeep]\n|-heal|p1a: Giratina|94\/100|[from] item: Leftovers\n|upkeep\n|turn|7\n|inactive|ateup has 240 seconds left.\n|\n|t:|1698752142\n|move|p2a: Magearna|Thunder Wave|p1a: Giratina\n|-status|p1a: Giratina|par\n|cant|p1a: Giratina|par\n|\n|-weather|SunnyDay|[upkeep]\n|-heal|p1a: Giratina|99\/100 par|[from] item: Leftovers\n|upkeep\n|turn|8\n|inactive|ateup has 240 seconds left.\n|\n|t:|1698752154\n|move|p2a: Magearna|Spikes|p1a: Giratina\n|-sidestart|p1: IspamObjection|Spikes\n|cant|p1a: Giratina|par\n|\n|-weather|none\n|-heal|p1a: Giratina|100\/100 par|[from] item: Leftovers\n|upkeep\n|turn|9\n|\n|t:|1698752158\n|move|p2a: Magearna|Volt Switch|p1a: Giratina\n|-damage|p1a: Giratina|89\/100 par\n|\n|t:|1698752166\n|switch|p2a: Zacian|Zacian|100\/100|[from] Volt Switch\n|cant|p1a: Giratina|par\n|\n|-heal|p1a: Giratina|95\/100 par|[from] item: Leftovers\n|upkeep\n|turn|10\n|\n|t:|1698752172\n|move|p2a: Zacian|Swords Dance|p2a: Zacian\n|-boost|p2a: Zacian|atk|2\n|move|p1a: Giratina|Will-O-Wisp|p2a: Zacian\n|-status|p2a: Zacian|brn\n|\n|-heal|p1a: Giratina|100\/100 par|[from] item: Leftovers\n|-damage|p2a: Zacian|94\/100 brn|[from] brn\n|upkeep\n|turn|11\n|\n|t:|1698752177\n|move|p2a: Zacian|Swords Dance|p2a: Zacian\n|-boost|p2a: Zacian|atk|2\n|move|p1a: Giratina|Roar|p2a: Zacian\n|drag|p2a: Magearna|Magearna-Original|100\/100\n|\n|upkeep\n|turn|12\n|inactive|IspamObjection has 270 seconds left.\n|\n|t:|1698752217\n|move|p2a: Magearna|Spikes|p1a: Giratina\n|-sidestart|p1: IspamObjection|Spikes\n|cant|p1a: Giratina|par\n|\n|upkeep\n|turn|13\n|inactive|ateup has 270 seconds left.\n|inactive|IspamObjection has 270 seconds left.\n|inactive|ateup has 240 seconds left.\n|\n|t:|1698752255\n|switch|p1a: Cyclizar|Cyclizar, F|100\/100\n|-damage|p1a: Cyclizar|88\/100|[from] Stealth Rock\n|-damage|p1a: Cyclizar|71\/100|[from] Spikes\n|move|p2a: Magearna|Spikes|p1a: Cyclizar\n|-sidestart|p1: IspamObjection|Spikes\n|\n|upkeep\n|turn|14\n|\n|t:|1698752262\n|move|p1a: Cyclizar|Rapid Spin|p2a: Magearna\n|-resisted|p2a: Magearna\n|-damage|p2a: Magearna|94\/100\n|-boost|p1a: Cyclizar|spe|1\n|-sideend|p1: IspamObjection|Spikes|[from] move: Rapid Spin|[of] p1a: Cyclizar\n|-sideend|p1: IspamObjection|Stealth Rock|[from] move: Rapid Spin|[of] p1a: Cyclizar\n|move|p2a: Magearna|Fleur Cannon|p1a: Cyclizar\n|-supereffective|p1a: Cyclizar\n|-damage|p1a: Cyclizar|0 fnt\n|-unboost|p2a: Magearna|spa|2\n|faint|p1a: Cyclizar\n|-ability|p2a: Magearna|Soul-Heart|boost\n|-boost|p2a: Magearna|spa|1\n|\n|-heal|p2a: Magearna|100\/100|[from] item: Leftovers\n|upkeep\n|inactive|IspamObjection has 270 seconds left.\n|\n|t:|1698752278\n|switch|p1a: Espathra|Espathra, F|100\/100\n|turn|15\n|inactive|ateup has 240 seconds left.\n|\n|t:|1698752313\n|move|p1a: Espathra|Calm Mind|p1a: Espathra\n|-boost|p1a: Espathra|spa|1\n|-boost|p1a: Espathra|spd|1\n|move|p2a: Magearna|Thunder Wave|p1a: Espathra\n|-status|p1a: Espathra|par\n|\n|-ability|p1a: Espathra|Speed Boost|boost\n|-boost|p1a: Espathra|spe|1\n|upkeep\n|turn|16\n|\n|t:|1698752319\n|switch|p2a: Chi-Yu|Chi-Yu|100\/100\n|-ability|p2a: Chi-Yu|Beads of Ruin\n|move|p1a: Espathra|Calm Mind|p1a: Espathra\n|-boost|p1a: Espathra|spa|1\n|-boost|p1a: Espathra|spd|1\n|\n|-ability|p1a: Espathra|Speed Boost|boost\n|-boost|p1a: Espathra|spe|1\n|upkeep\n|turn|17\n|inactive|ateup has 240 seconds left.\n|\n|t:|1698752332\n|-terastallize|p2a: Chi-Yu|Fire\n|move|p2a: Chi-Yu|Overheat|p1a: Espathra\n|-damage|p1a: Espathra|8\/100 par\n|-unboost|p2a: Chi-Yu|spa|2\n|move|p1a: Espathra|Dazzling Gleam|p2a: Chi-Yu\n|-resisted|p2a: Chi-Yu\n|-damage|p2a: Chi-Yu|80\/100\n|\n|-heal|p1a: Espathra|14\/100 par|[from] item: Leftovers\n|-ability|p1a: Espathra|Speed Boost|boost\n|-boost|p1a: Espathra|spe|1\n|upkeep\n|turn|18\n|inactive|ateup has 240 seconds left.\n|\n|t:|1698752344\n|move|p2a: Chi-Yu|Overheat|p1a: Espathra\n|-damage|p1a: Espathra|0 fnt\n|-unboost|p2a: Chi-Yu|spa|2\n|faint|p1a: Espathra\n|\n|upkeep\n|\n|t:|1698752354\n|switch|p1a: Chi-Yu|Chi-Yu|100\/100\n|-ability|p1a: Chi-Yu|Beads of Ruin\n|turn|19\n|\n|t:|1698752359\n|switch|p2a: Walking Wake|Walking Wake|100\/100\n|move|p1a: Chi-Yu|Dark Pulse|p2a: Walking Wake\n|-damage|p2a: Walking Wake|30\/100\n|\n|upkeep\n|turn|20\n|\n|t:|1698752365\n|move|p1a: Chi-Yu|Dark Pulse|p2a: Walking Wake\n|-damage|p2a: Walking Wake|0 fnt\n|faint|p2a: Walking Wake\n|-end|p2a: Walking Wake|Protosynthesis|[silent]\n|\n|upkeep\n|\n|t:|1698752377\n|switch|p2a: Zacian|Zacian|94\/100 brn\n|turn|21\n|\n|t:|1698752389\n|switch|p1a: Giratina|Giratina, tera:Normal|100\/100 par\n|-ability|p1a: Giratina|Pressure\n|move|p2a: Zacian|Close Combat|p1a: Giratina\n|-supereffective|p1a: Giratina\n|-damage|p1a: Giratina|84\/100 par\n|-unboost|p2a: Zacian|def|1\n|-unboost|p2a: Zacian|spd|1\n|\n|-heal|p1a: Giratina|90\/100 par|[from] item: Leftovers\n|-damage|p2a: Zacian|88\/100 brn|[from] brn\n|upkeep\n|turn|22\n|\n|t:|1698752399\n|switch|p2a: Chi-Yu|Chi-Yu, tera:Fire|80\/100\n|-ability|p2a: Chi-Yu|Beads of Ruin\n|move|p1a: Giratina|Rest|p1a: Giratina\n|-status|p1a: Giratina|slp|[from] move: Rest\n|-heal|p1a: Giratina|100\/100 slp|[silent]\n|\n|upkeep\n|turn|23\n|\n|t:|1698752404\n|move|p2a: Chi-Yu|Overheat|p1a: Giratina\n|-damage|p1a: Giratina|21\/100 slp\n|-unboost|p2a: Chi-Yu|spa|2\n|cant|p1a: Giratina|slp\n|move|p1a: Giratina|Sleep Talk|p1a: Giratina\n|move|p1a: Giratina|Roar|p2a: Chi-Yu|[from]move: Sleep Talk\n|drag|p2a: Arceus|Arceus-Grass|100\/100\n|\n|-heal|p1a: Giratina|27\/100 slp|[from] item: Leftovers\n|upkeep\n|turn|24\n|\n|t:|1698752415\n|move|p2a: Arceus|Judgment|p1a: Giratina\n|-damage|p1a: Giratina|0 fnt\n|faint|p1a: Giratina\n|\n|upkeep\n|\n|t:|1698752430\n|switch|p1a: Maushold|Maushold-Four|100\/100\n|turn|25\n|inactive|ateup has 270 seconds left.\n|\n|t:|1698752451\n|move|p2a: Arceus|Taunt|p1a: Maushold\n|-start|p1a: Maushold|move: Taunt\n|cant|p1a: Maushold|move: Taunt|Tidy Up\n|\n|upkeep\n|turn|26\n|\n|t:|1698752456\n|move|p2a: Arceus|Judgment|p1a: Maushold\n|-damage|p1a: Maushold|33\/100\n|move|p1a: Maushold|Population Bomb|p2a: Arceus\n|-damage|p2a: Arceus|93\/100\n|-damage|p2a: Arceus|85\/100\n|-damage|p2a: Arceus|79\/100\n|-damage|p2a: Arceus|71\/100\n|-damage|p2a: Arceus|63\/100\n|-damage|p2a: Arceus|55\/100\n|-damage|p2a: Arceus|49\/100\n|-damage|p2a: Arceus|41\/100\n|-damage|p2a: Arceus|34\/100\n|-damage|p2a: Arceus|27\/100\n|-hitcount|p2a: Arceus|10\n|\n|upkeep\n|turn|27\n|\n|t:|1698752474\n|move|p2a: Arceus|Judgment|p1a: Maushold\n|-damage|p1a: Maushold|0 fnt\n|faint|p1a: Maushold\n|\n|upkeep\n|\n|t:|1698752477\n|switch|p1a: Chi-Yu|Chi-Yu|100\/100\n|-ability|p1a: Chi-Yu|Beads of Ruin\n|turn|28\n|\n|t:|1698752486\n|move|p1a: Chi-Yu|Dark Pulse|p2a: Arceus\n|-damage|p2a: Arceus|0 fnt\n|faint|p2a: Arceus\n|\n|upkeep\n|\n|t:|1698752489\n|switch|p2a: Chi-Yu|Chi-Yu, tera:Fire|80\/100\n|-ability|p2a: Chi-Yu|Beads of Ruin\n|turn|29\n|\n|t:|1698752508\n|move|p2a: Chi-Yu|Overheat|p1a: Chi-Yu|[miss]\n|-miss|p2a: Chi-Yu|p1a: Chi-Yu\n|move|p1a: Chi-Yu|Dark Pulse|p2a: Chi-Yu\n|-damage|p2a: Chi-Yu|28\/100\n|\n|upkeep\n|turn|30\n|c|\u2606ateup|fuck\n|\n|t:|1698752515\n|move|p1a: Chi-Yu|Dark Pulse|p2a: Chi-Yu\n|-damage|p2a: Chi-Yu|0 fnt\n|faint|p2a: Chi-Yu\n|\n|upkeep\n|\n|t:|1698752525\n|switch|p2a: Magearna|Magearna-Original|100\/100\n|turn|31\n|\n|t:|1698752530\n|move|p1a: Chi-Yu|Dark Pulse|p2a: Magearna\n|-resisted|p2a: Magearna\n|-damage|p2a: Magearna|82\/100\n|move|p2a: Magearna|Fleur Cannon|p1a: Chi-Yu\n|-damage|p1a: Chi-Yu|33\/100\n|-unboost|p2a: Magearna|spa|2\n|\n|-heal|p2a: Magearna|88\/100|[from] item: Leftovers\n|upkeep\n|turn|32\n|\n|t:|1698752537\n|move|p1a: Chi-Yu|Dark Pulse|p2a: Magearna\n|-resisted|p2a: Magearna\n|-damage|p2a: Magearna|69\/100\n|move|p2a: Magearna|Fleur Cannon|p1a: Chi-Yu\n|-damage|p1a: Chi-Yu|3\/100\n|-unboost|p2a: Magearna|spa|2\n|\n|-heal|p2a: Magearna|75\/100|[from] item: Leftovers\n|upkeep\n|turn|33\n|\n|t:|1698752543\n|move|p1a: Chi-Yu|Dark Pulse|p2a: Magearna\n|-resisted|p2a: Magearna\n|-damage|p2a: Magearna|55\/100\n|cant|p2a: Magearna|flinch\n|\n|-heal|p2a: Magearna|61\/100|[from] item: Leftovers\n|upkeep\n|turn|34\n|\n|t:|1698752550\n|move|p1a: Chi-Yu|Dark Pulse|p2a: Magearna\n|-resisted|p2a: Magearna\n|-damage|p2a: Magearna|41\/100\n|move|p2a: Magearna|Volt Switch|p1a: Chi-Yu\n|-damage|p1a: Chi-Yu|0 fnt\n|faint|p1a: Chi-Yu\n|\n|win|ateup\n|c|\u2606ateup|ggwp\n|l|\u2606IspamObjection\n","uploadtime":1698752556,"views":28,"p1id":"ispamobjection","p2id":"ateup","formatid":"gen9ubers","rating":0,"private":0,"password":""}