{"id":"gen9ubers-1996560017","p1":"Anne Frankkkk","p2":"dead_dondozo_123","format":"[Gen 9] Ubers","log":"|j|\u2606Anne Frankkkk\n|j|\u2606dead_dondozo_123\n|t:|1700694337\n|gametype|singles\n|player|p1|Anne Frankkkk|hilbert|1214\n|player|p2|dead_dondozo_123|265|1287\n|teamsize|p1|6\n|teamsize|p2|6\n|gen|9\n|tier|[Gen 9] Ubers\n|rated|\n|rule|Sleep Clause Mod: Limit one foe put to sleep\n|rule|Species Clause: Limit one of each Pok\u00e9mon\n|rule|OHKO Clause: OHKO moves are banned\n|rule|Evasion Items Clause: Evasion items are banned\n|rule|Evasion Moves Clause: Evasion moves are banned\n|rule|Endless Battle Clause: Forcing endless battles is banned\n|rule|HP Percentage Mod: HP is shown in percentages\n|clearpoke\n|poke|p1|Regieleki|\n|poke|p1|Kyogre|\n|poke|p1|Chien-Pao|\n|poke|p1|Ribombee, F|\n|poke|p1|Miraidon|\n|poke|p1|Flutter Mane|\n|poke|p2|Regieleki|\n|poke|p2|Zacian-*|\n|poke|p2|Ribombee, F|\n|poke|p2|Miraidon|\n|poke|p2|Rayquaza|\n|poke|p2|Annihilape, M|\n|teampreview\n|inactive|Battle timer is ON: inactive players will automatically lose when time's up. (requested by dead_dondozo_123)\n|\n|t:|1700694342\n|start\n|switch|p1a: Moonblast|Ribombee, F, shiny|100\/100\n|switch|p2a: Ribombee|Ribombee, F|100\/100\n|turn|1\n|\n|t:|1700694348\n|move|p1a: Moonblast|Imprison|p1a: Moonblast\n|-start|p1a: Moonblast|move: Imprison\n|cant|p2a: Ribombee|move: Imprison|Stun Spore\n|\n|upkeep\n|turn|2\n|\n|t:|1700694364\n|switch|p2a: Zacian|Zacian-Crowned|100\/100\n|-ability|p2a: Zacian|Intrepid Sword|boost\n|-boost|p2a: Zacian|atk|1\n|move|p1a: Moonblast|Sticky Web|p2a: Zacian\n|-sidestart|p2: dead_dondozo_123|move: Sticky Web\n|\n|upkeep\n|turn|3\n|\n|t:|1700694381\n|switch|p1a: Cyber Lizard|Miraidon|100\/100\n|-fieldstart|move: Electric Terrain|[from] ability: Hadron Engine|[of] p1a: Cyber Lizard\n|-item|p1a: Cyber Lizard|Air Balloon\n|move|p2a: Zacian|Behemoth Blade|p1a: Cyber Lizard\n|-resisted|p1a: Cyber Lizard\n|-damage|p1a: Cyber Lizard|57\/100\n|-enditem|p1a: Cyber Lizard|Air Balloon\n|\n|upkeep\n|turn|4\n|\n|t:|1700694391\n|move|p2a: Zacian|Play Rough|p1a: Cyber Lizard|[miss]\n|-miss|p2a: Zacian|p1a: Cyber Lizard\n|move|p1a: Cyber Lizard|Electro Drift|p2a: Zacian\n|-damage|p2a: Zacian|1\/100\n|\n|upkeep\n|turn|5\n|c|\u2606dead_dondozo_123|..\n|\n|t:|1700694398\n|move|p2a: Zacian|Play Rough|p1a: Cyber Lizard\n|-supereffective|p1a: Cyber Lizard\n|-damage|p1a: Cyber Lizard|0 fnt\n|faint|p1a: Cyber Lizard\n|\n|upkeep\n|\n|t:|1700694399\n|switch|p1a: Bzzzzt|Regieleki, shiny|100\/100\n|turn|6\n|\n|t:|1700694407\n|move|p1a: Bzzzzt|Thunderbolt|p2a: Zacian\n|-damage|p2a: Zacian|0 fnt\n|faint|p2a: Zacian\n|\n|upkeep\n|l|\u2606Anne Frankkkk\n|inactive|Anne Frankkkk disconnected and has a minute to reconnect!\n|player|p1|\n|\n|t:|1700694413\n|switch|p2a: Ribombee|Ribombee, F|100\/100\n|-activate|p2a: Ribombee|move: Sticky Web\n|-unboost|p2a: Ribombee|spe|1\n|turn|7\n|inactive|Anne Frankkkk has 30 seconds to reconnect!\n|inactive|Anne Frankkkk has 20 seconds to reconnect!\n|inactive|Anne Frankkkk has 15 seconds to reconnect!\n|inactive|Anne Frankkkk has 10 seconds to reconnect!\n|j|\u2606Anne Frankkkk\n|inactive|Anne Frankkkk reconnected and has 100 seconds left.\n|player|p1|Anne Frankkkk|hilbert\n|\n|t:|1700694468\n|move|p1a: Bzzzzt|Thunderbolt|p2a: Ribombee\n|-enditem|p2a: Ribombee|Focus Sash\n|-damage|p2a: Ribombee|1\/100\n|move|p2a: Ribombee|Sticky Web|p1a: Bzzzzt\n|-sidestart|p1: Anne Frankkkk|move: Sticky Web\n|\n|-fieldend|move: Electric Terrain\n|upkeep\n|turn|8\n|\n|t:|1700694477\n|move|p1a: Bzzzzt|Rapid Spin|p2a: Ribombee\n|-damage|p2a: Ribombee|0 fnt\n|-boost|p1a: Bzzzzt|spe|1\n|-sideend|p1: Anne Frankkkk|Sticky Web|[from] move: Rapid Spin|[of] p1a: Bzzzzt\n|faint|p2a: Ribombee\n|\n|upkeep\n|\n|t:|1700694484\n|switch|p2a: Annihilape|Annihilape, M|100\/100\n|-activate|p2a: Annihilape|move: Sticky Web\n|-unboost|p2a: Annihilape|spe|1\n|-ability|p2a: Annihilape|Defiant|boost\n|-boost|p2a: Annihilape|atk|2\n|turn|9\n|\n|t:|1700694493\n|move|p1a: Bzzzzt|Thunderbolt|p2a: Annihilape\n|-damage|p2a: Annihilape|59\/100\n|move|p2a: Annihilape|Drain Punch|p1a: Bzzzzt\n|-damage|p1a: Bzzzzt|0 fnt\n|-heal|p2a: Annihilape|95\/100|[from] drain|[of] p1a: Bzzzzt\n|faint|p1a: Bzzzzt\n|\n|-heal|p2a: Annihilape|100\/100|[from] item: Leftovers\n|upkeep\n|\n|t:|1700694496\n|switch|p1a: Moonblast|Ribombee, F, shiny|100\/100\n|turn|10\n|\n|t:|1700694507\n|move|p1a: Moonblast|Moonblast|p2a: Annihilape\n|-supereffective|p2a: Annihilape\n|-damage|p2a: Annihilape|46\/100\n|move|p2a: Annihilape|Taunt|p1a: Moonblast\n|-start|p1a: Moonblast|move: Taunt\n|\n|-heal|p2a: Annihilape|52\/100|[from] item: Leftovers\n|upkeep\n|turn|11\n|\n|t:|1700694520\n|-terastallize|p2a: Annihilape|Water\n|move|p1a: Moonblast|Moonblast|p2a: Annihilape\n|-damage|p2a: Annihilape|28\/100\n|move|p2a: Annihilape|Drain Punch|p1a: Moonblast\n|-resisted|p1a: Moonblast\n|-damage|p1a: Moonblast|73\/100\n|-heal|p2a: Annihilape|37\/100|[from] drain|[of] p1a: Moonblast\n|\n|-heal|p2a: Annihilape|43\/100|[from] item: Leftovers\n|upkeep\n|turn|12\n|\n|t:|1700694530\n|move|p1a: Moonblast|Moonblast|p2a: Annihilape\n|-damage|p2a: Annihilape|18\/100\n|move|p2a: Annihilape|Rage Fist|p1a: Moonblast\n|-damage|p1a: Moonblast|0 fnt\n|faint|p1a: Moonblast\n|\n|-heal|p2a: Annihilape|24\/100|[from] item: Leftovers\n|upkeep\n|\n|t:|1700694537\n|switch|p1a: Misdreavius|Flutter Mane, shiny|100\/100\n|-enditem|p1a: Misdreavius|Booster Energy\n|-activate|p1a: Misdreavius|ability: Protosynthesis|[fromitem]\n|-start|p1a: Misdreavius|protosynthesisspe\n|turn|13\n|\n|t:|1700694541\n|move|p1a: Misdreavius|Moonblast|p2a: Annihilape\n|-damage|p2a: Annihilape|0 fnt\n|faint|p2a: Annihilape\n|\n|upkeep\n|\n|t:|1700694550\n|switch|p2a: Regieleki|Regieleki|100\/100\n|-activate|p2a: Regieleki|move: Sticky Web\n|-unboost|p2a: Regieleki|spe|1\n|turn|14\n|\n|t:|1700694556\n|move|p1a: Misdreavius|Calm Mind|p1a: Misdreavius\n|-boost|p1a: Misdreavius|spa|1\n|-boost|p1a: Misdreavius|spd|1\n|move|p2a: Regieleki|Thunderbolt|p1a: Misdreavius\n|-damage|p1a: Misdreavius|53\/100\n|-damage|p2a: Regieleki|91\/100|[from] item: Life Orb\n|\n|upkeep\n|turn|15\n|\n|t:|1700694562\n|move|p1a: Misdreavius|Moonblast|p2a: Regieleki\n|-damage|p2a: Regieleki|0 fnt\n|faint|p2a: Regieleki\n|\n|upkeep\n|\n|t:|1700694567\n|switch|p2a: Rayquaza|Rayquaza|100\/100\n|-ability|p2a: Rayquaza|Air Lock\n|turn|16\n|\n|t:|1700694571\n|move|p1a: Misdreavius|Moonblast|p2a: Rayquaza\n|-supereffective|p2a: Rayquaza\n|-damage|p2a: Rayquaza|0 fnt\n|faint|p2a: Rayquaza\n|\n|upkeep\n|\n|t:|1700694576\n|switch|p2a: Miraidon|Miraidon|100\/100\n|-activate|p2a: Miraidon|move: Sticky Web\n|-unboost|p2a: Miraidon|spe|1\n|-fieldstart|move: Electric Terrain|[from] ability: Hadron Engine|[of] p2a: Miraidon\n|turn|17\n|\n|t:|1700694582\n|move|p1a: Misdreavius|Moonblast|p2a: Miraidon\n|-supereffective|p2a: Miraidon\n|-damage|p2a: Miraidon|0 fnt\n|faint|p2a: Miraidon\n|\n|win|Anne Frankkkk\n|raw|Anne Frankkkk's rating: 1214 &rarr; <strong>1244<\/strong><br \/>(+30 for winning)\n|raw|dead_dondozo_123's rating: 1287 &rarr; <strong>1257<\/strong><br \/>(-30 for losing)\n|l|\u2606dead_dondozo_123\n","uploadtime":1700694592,"views":2,"p1id":"annefrankkkk","p2id":"deaddondozo123","formatid":"gen9ubers","rating":1244,"private":0,"password":""}