{"id":"gen9ubers-1982684282","p1":"babynogalXD","p2":"LadyMaria-Blue","format":"[Gen 9] Ubers","log":"|j|\u2606babynogalXD\n|j|\u2606LadyMaria-Blue\n|t:|1699035587\n|gametype|singles\n|player|p1|babynogalXD|hilbert|\n|player|p2|LadyMaria-Blue|cynthia|\n|teamsize|p1|6\n|teamsize|p2|6\n|gen|9\n|tier|[Gen 9] Ubers\n|rule|Sleep Clause Mod: Limit one foe put to sleep\n|rule|Species Clause: Limit one of each Pok\u00e9mon\n|rule|OHKO Clause: OHKO moves are banned\n|rule|Evasion Items Clause: Evasion items are banned\n|rule|Evasion Moves Clause: Evasion moves are banned\n|rule|Endless Battle Clause: Forcing endless battles is banned\n|rule|HP Percentage Mod: HP is shown in percentages\n|clearpoke\n|poke|p1|Cyclizar, M|\n|poke|p1|Roaring Moon|\n|poke|p1|Spectrier|\n|poke|p1|Zamazenta-*|\n|poke|p1|Dialga|\n|poke|p1|Arceus-Ghost|\n|poke|p2|Torkoal, F|\n|poke|p2|Roaring Moon|\n|poke|p2|Magearna|\n|poke|p2|Volcanion|\n|poke|p2|Chi-Yu|\n|poke|p2|Walking Wake|\n|teampreview\n|\n|t:|1699035611\n|start\n|switch|p1a: Cyclizar|Cyclizar, M|100\/100\n|switch|p2a: Torkoal|Torkoal, F|100\/100\n|-weather|SunnyDay|[from] ability: Drought|[of] p2a: Torkoal\n|turn|1\n|\n|t:|1699035627\n|switch|p2a: Walking Wake|Walking Wake|100\/100\n|-activate|p2a: Walking Wake|ability: Protosynthesis\n|-start|p2a: Walking Wake|protosynthesisspe\n|move|p1a: Cyclizar|Shed Tail|p1a: Cyclizar\n|-start|p1a: Cyclizar|Substitute|[from] move: Shed Tail\n|-damage|p1a: Cyclizar|50\/100\n|\n|t:|1699035633\n|switch|p1a: Dialga|Dialga|100\/100|[from] Shed Tail\n|-ability|p1a: Dialga|Pressure\n|\n|-weather|SunnyDay|[upkeep]\n|upkeep\n|turn|2\n|\n|t:|1699035638\n|-end|p2a: Walking Wake|Protosynthesis|[silent]\n|switch|p2a: Magearna|Magearna|100\/100\n|move|p1a: Dialga|Stealth Rock|p2a: Magearna\n|-sidestart|p2: LadyMaria-Blue|move: Stealth Rock\n|\n|-weather|SunnyDay|[upkeep]\n|upkeep\n|turn|3\n|\n|t:|1699035643\n|move|p2a: Magearna|Fleur Cannon|p1a: Dialga\n|-end|p1a: Dialga|Substitute\n|-unboost|p2a: Magearna|spa|2\n|-damage|p2a: Magearna|91\/100|[from] item: Life Orb\n|move|p1a: Dialga|Roar|p2a: Magearna\n|drag|p2a: Chi-Yu|Chi-Yu|100\/100\n|-damage|p2a: Chi-Yu|76\/100|[from] Stealth Rock\n|-ability|p2a: Chi-Yu|Beads of Ruin\n|\n|-weather|SunnyDay|[upkeep]\n|upkeep\n|turn|4\n|\n|t:|1699035667\n|switch|p1a: Arceus|Arceus-Ghost|100\/100\n|move|p2a: Chi-Yu|Fire Blast|p1a: Arceus|[miss]\n|-miss|p2a: Chi-Yu|p1a: Arceus\n|\n|-weather|SunnyDay|[upkeep]\n|upkeep\n|turn|5\n|\n|t:|1699035671\n|move|p2a: Chi-Yu|Fire Blast|p1a: Arceus\n|-damage|p1a: Arceus|9\/100\n|move|p1a: Arceus|Aura Sphere|p2a: Chi-Yu\n|-supereffective|p2a: Chi-Yu\n|-damage|p2a: Chi-Yu|13\/100\n|\n|-weather|SunnyDay|[upkeep]\n|upkeep\n|turn|6\n|\n|t:|1699035679\n|move|p2a: Chi-Yu|Fire Blast|p1a: Arceus|[miss]\n|-miss|p2a: Chi-Yu|p1a: Arceus\n|move|p1a: Arceus|Aura Sphere|p2a: Chi-Yu\n|-supereffective|p2a: Chi-Yu\n|-damage|p2a: Chi-Yu|0 fnt\n|faint|p2a: Chi-Yu\n|\n|-weather|SunnyDay|[upkeep]\n|upkeep\n|c|\u2606babynogalXD|Mb\n|\n|t:|1699035683\n|switch|p2a: Walking Wake|Walking Wake|100\/100\n|-damage|p2a: Walking Wake|88\/100|[from] Stealth Rock\n|-activate|p2a: Walking Wake|ability: Protosynthesis\n|-start|p2a: Walking Wake|protosynthesisspe\n|turn|7\n|\n|t:|1699035686\n|move|p2a: Walking Wake|Flip Turn|p1a: Arceus\n|-damage|p1a: Arceus|4\/100\n|\n|t:|1699035691\n|-end|p2a: Walking Wake|Protosynthesis|[silent]\n|switch|p2a: Magearna|Magearna|91\/100|[from] Flip Turn\n|-damage|p2a: Magearna|85\/100|[from] Stealth Rock\n|move|p1a: Arceus|Judgment|p2a: Magearna\n|-damage|p2a: Magearna|21\/100\n|\n|-weather|SunnyDay|[upkeep]\n|upkeep\n|turn|8\n|\n|t:|1699035698\n|move|p1a: Arceus|Judgment|p2a: Magearna\n|-damage|p2a: Magearna|0 fnt\n|faint|p2a: Magearna\n|\n|-weather|none\n|upkeep\n|\n|t:|1699035722\n|switch|p2a: Torkoal|Torkoal, F|100\/100\n|-damage|p2a: Torkoal|76\/100|[from] Stealth Rock\n|-weather|SunnyDay|[from] ability: Drought|[of] p2a: Torkoal\n|turn|9\n|\n|t:|1699035726\n|switch|p1a: Cyclizar|Cyclizar, M|84\/100\n|move|p2a: Torkoal|Yawn|p1a: Cyclizar\n|-start|p1a: Cyclizar|move: Yawn|[of] p2a: Torkoal\n|\n|-weather|SunnyDay|[upkeep]\n|upkeep\n|turn|10\n|\n|t:|1699035754\n|move|p1a: Cyclizar|Shed Tail|p1a: Cyclizar\n|-start|p1a: Cyclizar|Substitute|[from] move: Shed Tail\n|-damage|p1a: Cyclizar|34\/100\n|\n|t:|1699035759\n|switch|p1a: Arceus|Arceus-Ghost|4\/100|[from] Shed Tail\n|move|p2a: Torkoal|Stealth Rock|p1a: Arceus\n|-sidestart|p1: babynogalXD|move: Stealth Rock\n|\n|-weather|SunnyDay|[upkeep]\n|upkeep\n|turn|11\n|\n|t:|1699035775\n|switch|p2a: Volcanion|Volcanion|100\/100\n|move|p1a: Arceus|Judgment|p2a: Volcanion\n|-damage|p2a: Volcanion|48\/100\n|\n|-weather|SunnyDay|[upkeep]\n|upkeep\n|turn|12\n|\n|t:|1699035779\n|move|p1a: Arceus|Judgment|p2a: Volcanion\n|-damage|p2a: Volcanion|0 fnt\n|faint|p2a: Volcanion\n|\n|-weather|SunnyDay|[upkeep]\n|upkeep\n|\n|t:|1699035785\n|switch|p2a: Roaring Moon|Roaring Moon|100\/100\n|-damage|p2a: Roaring Moon|88\/100|[from] Stealth Rock\n|-activate|p2a: Roaring Moon|ability: Protosynthesis\n|-start|p2a: Roaring Moon|protosynthesisspe\n|turn|13\n|\n|t:|1699035790\n|move|p2a: Roaring Moon|Outrage|p1a: Arceus\n|-end|p1a: Arceus|Substitute\n|move|p1a: Arceus|Aura Sphere|p2a: Roaring Moon\n|-supereffective|p2a: Roaring Moon\n|-damage|p2a: Roaring Moon|38\/100\n|\n|-weather|SunnyDay|[upkeep]\n|upkeep\n|turn|14\n|\n|t:|1699035800\n|move|p2a: Roaring Moon|Outrage|p1a: Arceus|[from]lockedmove\n|-damage|p1a: Arceus|0 fnt\n|faint|p1a: Arceus\n|-start|p2a: Roaring Moon|confusion|[fatigue]\n|\n|-weather|SunnyDay|[upkeep]\n|upkeep\n|\n|t:|1699035806\n|switch|p1a: Cyclizar|Cyclizar, M|67\/100\n|-damage|p1a: Cyclizar|54\/100|[from] Stealth Rock\n|turn|15\n|\n|t:|1699035855\n|move|p1a: Cyclizar|Shed Tail|p1a: Cyclizar\n|-start|p1a: Cyclizar|Substitute|[from] move: Shed Tail\n|-damage|p1a: Cyclizar|4\/100\n|\n|t:|1699035858\n|switch|p1a: Zamazenta|Zamazenta-Crowned|100\/100|[from] Shed Tail\n|-damage|p1a: Zamazenta|97\/100|[from] Stealth Rock\n|-ability|p1a: Zamazenta|Dauntless Shield|boost\n|-boost|p1a: Zamazenta|def|1\n|-activate|p2a: Roaring Moon|confusion\n|move|p2a: Roaring Moon|Outrage|p1a: Zamazenta\n|-resisted|p1a: Zamazenta\n|-end|p1a: Zamazenta|Substitute\n|\n|-weather|SunnyDay|[upkeep]\n|upkeep\n|turn|16\n|\n|t:|1699035872\n|-activate|p2a: Roaring Moon|confusion\n|move|p2a: Roaring Moon|Outrage|p1a: Zamazenta|[from]lockedmove\n|-resisted|p1a: Zamazenta\n|-damage|p1a: Zamazenta|75\/100\n|move|p1a: Zamazenta|Body Press|p2a: Roaring Moon\n|-supereffective|p2a: Roaring Moon\n|-damage|p2a: Roaring Moon|0 fnt\n|faint|p2a: Roaring Moon\n|-end|p2a: Roaring Moon|Protosynthesis|[silent]\n|\n|-weather|none\n|upkeep\n|\n|t:|1699035875\n|switch|p2a: Torkoal|Torkoal, F|76\/100\n|-damage|p2a: Torkoal|51\/100|[from] Stealth Rock\n|-weather|SunnyDay|[from] ability: Drought|[of] p2a: Torkoal\n|turn|17\n|\n|t:|1699035877\n|move|p1a: Zamazenta|Body Press|p2a: Torkoal\n|-damage|p2a: Torkoal|16\/100\n|move|p2a: Torkoal|Yawn|p1a: Zamazenta\n|-start|p1a: Zamazenta|move: Yawn|[of] p2a: Torkoal\n|\n|-weather|SunnyDay|[upkeep]\n|upkeep\n|turn|18\n|\n|t:|1699035894\n|move|p1a: Zamazenta|Body Press|p2a: Torkoal\n|-damage|p2a: Torkoal|0 fnt\n|faint|p2a: Torkoal\n|\n|-weather|SunnyDay|[upkeep]\n|-end|p1a: Zamazenta|move: Yawn|[silent]\n|-status|p1a: Zamazenta|slp\n|upkeep\n|\n|t:|1699035911\n|switch|p2a: Walking Wake|Walking Wake|88\/100\n|-damage|p2a: Walking Wake|76\/100|[from] Stealth Rock\n|-activate|p2a: Walking Wake|ability: Protosynthesis\n|-start|p2a: Walking Wake|protosynthesisspe\n|turn|19\n|\n|t:|1699035915\n|move|p2a: Walking Wake|Hydro Steam|p1a: Zamazenta\n|-damage|p1a: Zamazenta|13\/100 slp\n|cant|p1a: Zamazenta|slp\n|\n|-weather|SunnyDay|[upkeep]\n|upkeep\n|turn|20\n|\n|t:|1699035918\n|move|p2a: Walking Wake|Hydro Steam|p1a: Zamazenta\n|-crit|p1a: Zamazenta\n|-damage|p1a: Zamazenta|0 fnt\n|faint|p1a: Zamazenta\n|\n|-weather|SunnyDay|[upkeep]\n|upkeep\n|\n|t:|1699035922\n|switch|p1a: Roaring Moon|Roaring Moon|100\/100\n|-damage|p1a: Roaring Moon|88\/100|[from] Stealth Rock\n|-activate|p1a: Roaring Moon|ability: Protosynthesis\n|-start|p1a: Roaring Moon|protosynthesisatk\n|turn|21\n|\n|t:|1699035959\n|-terastallize|p2a: Walking Wake|Fire\n|move|p2a: Walking Wake|Hydro Steam|p1a: Roaring Moon\n|-resisted|p1a: Roaring Moon\n|-damage|p1a: Roaring Moon|46\/100\n|move|p1a: Roaring Moon|Knock Off|p2a: Walking Wake\n|-damage|p2a: Walking Wake|0 fnt\n|-enditem|p2a: Walking Wake|Choice Specs|[from] move: Knock Off|[of] p1a: Roaring Moon\n|faint|p2a: Walking Wake\n|-end|p2a: Walking Wake|Protosynthesis|[silent]\n|\n|win|babynogalXD\n|c|\u2606LadyMaria-Blue|ggs\n|c|\u2606babynogalXD|Gg\n","uploadtime":1699035970,"views":19,"p1id":"babynogalxd","p2id":"ladymariablue","formatid":"gen9ubers","rating":0,"private":0,"password":""}