{"id":"gen9ubers-1999073650","p1":"Emilchelo","p2":"volcadon","format":"[Gen 9] Ubers","log":"|j|\u203dEmilchelo\n|j|\u2606volcadon\n|t:|1701030328\n|gametype|singles\n|player|p1|Emilchelo|2|1117\n|player|p2|volcadon|buck|1022\n|teamsize|p1|6\n|teamsize|p2|6\n|gen|9\n|tier|[Gen 9] Ubers\n|rated|\n|rule|Sleep Clause Mod: Limit one foe put to sleep\n|rule|Species Clause: Limit one of each Pok\u00e9mon\n|rule|OHKO Clause: OHKO moves are banned\n|rule|Evasion Items Clause: Evasion items are banned\n|rule|Evasion Moves Clause: Evasion moves are banned\n|rule|Endless Battle Clause: Forcing endless battles is banned\n|rule|HP Percentage Mod: HP is shown in percentages\n|clearpoke\n|poke|p1|Regieleki|\n|poke|p1|Chansey, F|\n|poke|p1|Kingambit, M|\n|poke|p1|Arceus|\n|poke|p1|Ogerpon-Hearthflame, F|\n|poke|p1|Koraidon|\n|poke|p2|Volcarona, F|\n|poke|p2|Iron Bundle|\n|poke|p2|Corviknight, M|\n|poke|p2|Zoroark-Hisui, F|\n|poke|p2|Umbreon, F|\n|poke|p2|Gliscor, M|\n|teampreview\n|\n|t:|1701030354\n|start\n|switch|p1a: Regieleki|Regieleki|100\/100\n|switch|p2a: Gliscor|Gliscor, M, shiny|100\/100\n|turn|1\n|\n|t:|1701030371\n|-terastallize|p1a: Regieleki|Ice\n|move|p1a: Regieleki|Tera Blast|p2a: Gliscor|[anim] Tera Blast Ice\n|-supereffective|p2a: Gliscor\n|-damage|p2a: Gliscor|0 fnt\n|faint|p2a: Gliscor\n|\n|upkeep\n|\n|t:|1701030381\n|switch|p2a: Volcarona|Volcarona, F, shiny|100\/100\n|turn|2\n|\n|t:|1701030390\n|switch|p1a: Chansey|Chansey, F|100\/100\n|move|p2a: Volcarona|Fiery Dance|p1a: Chansey\n|-damage|p1a: Chansey|90\/100\n|\n|upkeep\n|turn|3\n|\n|t:|1701030399\n|move|p2a: Volcarona|Quiver Dance|p2a: Volcarona\n|-boost|p2a: Volcarona|spa|1\n|-boost|p2a: Volcarona|spd|1\n|-boost|p2a: Volcarona|spe|1\n|move|p1a: Chansey|Thunder Wave|p2a: Volcarona|[miss]\n|-miss|p1a: Chansey|p2a: Volcarona\n|\n|upkeep\n|turn|4\n|\n|t:|1701030409\n|move|p2a: Volcarona|Quiver Dance|p2a: Volcarona\n|-boost|p2a: Volcarona|spa|1\n|-boost|p2a: Volcarona|spd|1\n|-boost|p2a: Volcarona|spe|1\n|move|p1a: Chansey|Thunder Wave|p2a: Volcarona\n|-status|p2a: Volcarona|par\n|\n|upkeep\n|turn|5\n|\n|t:|1701030428\n|switch|p1a: Arceus|Arceus|100\/100\n|cant|p2a: Volcarona|par\n|\n|upkeep\n|turn|6\n|\n|t:|1701030441\n|move|p1a: Arceus|Cosmic Power|p1a: Arceus\n|-boost|p1a: Arceus|def|1\n|-boost|p1a: Arceus|spd|1\n|move|p2a: Volcarona|Fiery Dance|p1a: Arceus\n|-damage|p1a: Arceus|61\/100\n|\n|upkeep\n|turn|7\n|\n|t:|1701030450\n|move|p1a: Arceus|Cosmic Power|p1a: Arceus\n|-boost|p1a: Arceus|def|1\n|-boost|p1a: Arceus|spd|1\n|move|p2a: Volcarona|Fiery Dance|p1a: Arceus\n|-damage|p1a: Arceus|35\/100\n|-boost|p2a: Volcarona|spa|1\n|\n|upkeep\n|turn|8\n|\n|t:|1701030460\n|move|p1a: Arceus|Recover|p1a: Arceus\n|-heal|p1a: Arceus|85\/100\n|move|p2a: Volcarona|Fiery Dance|p1a: Arceus\n|-damage|p1a: Arceus|50\/100\n|\n|upkeep\n|turn|9\n|\n|t:|1701030470\n|move|p1a: Arceus|Recover|p1a: Arceus\n|-heal|p1a: Arceus|99\/100\n|move|p2a: Volcarona|Fiery Dance|p1a: Arceus\n|-damage|p1a: Arceus|66\/100\n|-boost|p2a: Volcarona|spa|1\n|\n|upkeep\n|turn|10\n|\n|t:|1701030479\n|move|p1a: Arceus|Cosmic Power|p1a: Arceus\n|-boost|p1a: Arceus|def|1\n|-boost|p1a: Arceus|spd|1\n|move|p2a: Volcarona|Fiery Dance|p1a: Arceus\n|-damage|p1a: Arceus|30\/100\n|\n|upkeep\n|turn|11\n|\n|t:|1701030487\n|move|p1a: Arceus|Recover|p1a: Arceus\n|-heal|p1a: Arceus|80\/100\n|move|p2a: Volcarona|Fiery Dance|p1a: Arceus\n|-damage|p1a: Arceus|45\/100\n|-boost|p2a: Volcarona|spa|1\n|\n|upkeep\n|turn|12\n|\n|t:|1701030498\n|move|p1a: Arceus|Recover|p1a: Arceus\n|-heal|p1a: Arceus|95\/100\n|move|p2a: Volcarona|Psychic|p1a: Arceus\n|-damage|p1a: Arceus|65\/100\n|\n|upkeep\n|turn|13\n|\n|t:|1701030507\n|move|p1a: Arceus|Stored Power|p2a: Volcarona\n|-damage|p2a: Volcarona|82\/100 par\n|move|p2a: Volcarona|Psychic|p1a: Arceus\n|-damage|p1a: Arceus|36\/100\n|\n|upkeep\n|turn|14\n|\n|t:|1701030519\n|move|p1a: Arceus|Recover|p1a: Arceus\n|-heal|p1a: Arceus|86\/100\n|move|p2a: Volcarona|Bug Buzz|p1a: Arceus\n|-damage|p1a: Arceus|37\/100\n|\n|upkeep\n|turn|15\n|\n|t:|1701030528\n|move|p1a: Arceus|Recover|p1a: Arceus\n|-heal|p1a: Arceus|87\/100\n|move|p2a: Volcarona|Fiery Dance|p1a: Arceus\n|-damage|p1a: Arceus|46\/100\n|-boost|p2a: Volcarona|spa|1\n|\n|upkeep\n|turn|16\n|\n|t:|1701030538\n|move|p1a: Arceus|Recover|p1a: Arceus\n|-heal|p1a: Arceus|96\/100\n|move|p2a: Volcarona|Quiver Dance|p2a: Volcarona\n|-boost|p2a: Volcarona|spa|0\n|-boost|p2a: Volcarona|spd|1\n|-boost|p2a: Volcarona|spe|1\n|\n|upkeep\n|turn|17\n|\n|t:|1701030546\n|move|p2a: Volcarona|Quiver Dance|p2a: Volcarona\n|-boost|p2a: Volcarona|spa|0\n|-boost|p2a: Volcarona|spd|1\n|-boost|p2a: Volcarona|spe|1\n|move|p1a: Arceus|Cosmic Power|p1a: Arceus\n|-boost|p1a: Arceus|def|1\n|-boost|p1a: Arceus|spd|1\n|\n|upkeep\n|turn|18\n|\n|t:|1701030560\n|move|p2a: Volcarona|Fiery Dance|p1a: Arceus\n|-damage|p1a: Arceus|60\/100\n|move|p1a: Arceus|Cosmic Power|p1a: Arceus\n|-boost|p1a: Arceus|def|1\n|-boost|p1a: Arceus|spd|1\n|\n|upkeep\n|turn|19\n|\n|t:|1701030571\n|move|p2a: Volcarona|Quiver Dance|p2a: Volcarona\n|-boost|p2a: Volcarona|spa|0\n|-boost|p2a: Volcarona|spd|1\n|-boost|p2a: Volcarona|spe|1\n|move|p1a: Arceus|Recover|p1a: Arceus\n|-heal|p1a: Arceus|100\/100\n|\n|upkeep\n|turn|20\n|\n|t:|1701030581\n|move|p2a: Volcarona|Quiver Dance|p2a: Volcarona\n|-boost|p2a: Volcarona|spa|0\n|-boost|p2a: Volcarona|spd|1\n|-boost|p2a: Volcarona|spe|1\n|move|p1a: Arceus|Cosmic Power|p1a: Arceus\n|-boost|p1a: Arceus|def|1\n|-boost|p1a: Arceus|spd|1\n|\n|upkeep\n|turn|21\n|inactive|Battle timer is ON: inactive players will automatically lose when time's up. (requested by Emilchelo)\n|\n|t:|1701030602\n|move|p2a: Volcarona|Fiery Dance|p1a: Arceus\n|-damage|p1a: Arceus|71\/100\n|move|p1a: Arceus|Cosmic Power|p1a: Arceus\n|-boost|p1a: Arceus|def|0\n|-boost|p1a: Arceus|spd|0\n|\n|upkeep\n|turn|22\n|\n|t:|1701030613\n|-terastallize|p2a: Volcarona|Bug\n|move|p2a: Volcarona|Bug Buzz|p1a: Arceus\n|-damage|p1a: Arceus|29\/100\n|move|p1a: Arceus|Stored Power|p2a: Volcarona\n|-crit|p2a: Volcarona\n|-damage|p2a: Volcarona|0 fnt\n|faint|p2a: Volcarona\n|\n|upkeep\n|\n|t:|1701030631\n|switch|p2a: Umbreon|Umbreon, F, shiny|100\/100\n|turn|23\n|\n|t:|1701030639\n|move|p1a: Arceus|Earth Power|p2a: Umbreon\n|-damage|p2a: Umbreon|49\/100\n|replace|p2a: Zoroark|Zoroark-Hisui, F\n|-end|p2a: Zoroark|Illusion\n|move|p2a: Zoroark|Crunch|p1a: Arceus\n|-damage|p1a: Arceus|25\/100\n|-damage|p2a: Zoroark|39\/100|[from] item: Life Orb\n|\n|upkeep\n|turn|24\n|\n|t:|1701030650\n|move|p2a: Zoroark|Shadow Sneak|p1a: Arceus\n|-immune|p1a: Arceus\n|move|p1a: Arceus|Stored Power|p2a: Zoroark\n|-damage|p2a: Zoroark|0 fnt\n|faint|p2a: Zoroark\n|\n|upkeep\n|\n|t:|1701030667\n|switch|p2a: Iron Bundle|Iron Bundle|100\/100\n|turn|25\n|\n|t:|1701030672\n|move|p1a: Arceus|Stored Power|p2a: Iron Bundle\n|-damage|p2a: Iron Bundle|0 fnt\n|faint|p2a: Iron Bundle\n|-end|p2a: Iron Bundle|Quark Drive|[silent]\n|\n|upkeep\n|-message|volcadon forfeited.\n|\n|win|Emilchelo\n|raw|Emilchelo's rating: 1117 &rarr; <strong>1135<\/strong><br \/>(+18 for winning)\n|raw|volcadon's rating: 1022 &rarr; <strong>1012<\/strong><br \/>(-10 for losing)\n|l|\u2606volcadon\n","uploadtime":1701030696,"views":2,"p1id":"emilchelo","p2id":"volcadon","formatid":"gen9ubers","rating":1012,"private":0,"password":""}