{"id":"gen9ubers-1994914826","p1":"Boabis","p2":"NEK 66666","format":"[Gen 9] Ubers","log":"|j|\u2606Boabis\n|j|\u2606NEK 66666\n|t:|1700504275\n|gametype|singles\n|player|p1|Boabis|rancher|1147\n|player|p2|NEK 66666|swimmer-gen4|1248\n|teamsize|p1|6\n|teamsize|p2|6\n|gen|9\n|tier|[Gen 9] Ubers\n|rated|\n|rule|Sleep Clause Mod: Limit one foe put to sleep\n|rule|Species Clause: Limit one of each Pok\u00e9mon\n|rule|OHKO Clause: OHKO moves are banned\n|rule|Evasion Items Clause: Evasion items are banned\n|rule|Evasion Moves Clause: Evasion moves are banned\n|rule|Endless Battle Clause: Forcing endless battles is banned\n|rule|HP Percentage Mod: HP is shown in percentages\n|clearpoke\n|poke|p1|Gliscor, M|\n|poke|p1|Iron Bundle|\n|poke|p1|Miraidon|\n|poke|p1|Iron Moth|\n|poke|p1|Zacian-*|\n|poke|p1|Goodra-Hisui, F|\n|poke|p2|Amoonguss, M|\n|poke|p2|Garganacl, F|\n|poke|p2|Ogerpon-Hearthflame, F|\n|poke|p2|Ting-Lu|\n|poke|p2|Azumarill, F|\n|poke|p2|Kingambit, F|\n|teampreview\n|\n|t:|1700504299\n|start\n|switch|p1a: Gliscor|Gliscor, M|100\/100\n|switch|p2a: Ting-Lu|Ting-Lu|100\/100\n|-ability|p2a: Ting-Lu|Vessel of Ruin\n|turn|1\n|inactive|Battle timer is ON: inactive players will automatically lose when time's up. (requested by NEK 66666)\n|\n|t:|1700504309\n|move|p1a: Gliscor|Toxic|p2a: Ting-Lu\n|-status|p2a: Ting-Lu|tox\n|move|p2a: Ting-Lu|Stealth Rock|p1a: Gliscor\n|-sidestart|p1: Boabis|move: Stealth Rock\n|\n|-damage|p2a: Ting-Lu|94\/100 tox|[from] psn\n|-status|p1a: Gliscor|tox|[from] item: Toxic Orb\n|upkeep\n|turn|2\n|inactive|NEK 66666 has 120 seconds left.\n|\n|t:|1700504348\n|move|p1a: Gliscor|Spikes|p2a: Ting-Lu\n|-sidestart|p2: NEK 66666|Spikes\n|move|p2a: Ting-Lu|Spikes|p1a: Gliscor\n|-sidestart|p1: Boabis|Spikes\n|\n|-heal|p2a: Ting-Lu|100\/100 tox|[from] item: Leftovers\n|-damage|p2a: Ting-Lu|88\/100 tox|[from] psn\n|upkeep\n|turn|3\n|\n|t:|1700504357\n|move|p1a: Gliscor|Spikes|p2a: Ting-Lu\n|-sidestart|p2: NEK 66666|Spikes\n|move|p2a: Ting-Lu|Whirlwind|p1a: Gliscor\n|drag|p1a: Iron Moth|Iron Moth|100\/100\n|-damage|p1a: Iron Moth|76\/100|[from] Stealth Rock\n|-damage|p1a: Iron Moth|63\/100|[from] Spikes\n|\n|-heal|p2a: Ting-Lu|94\/100 tox|[from] item: Leftovers\n|-damage|p2a: Ting-Lu|76\/100 tox|[from] psn\n|upkeep\n|turn|4\n|\n|t:|1700504383\n|move|p1a: Iron Moth|Substitute|p1a: Iron Moth\n|-start|p1a: Iron Moth|Substitute\n|-damage|p1a: Iron Moth|38\/100\n|move|p2a: Ting-Lu|Earthquake|p1a: Iron Moth\n|-supereffective|p1a: Iron Moth\n|-end|p1a: Iron Moth|Substitute\n|\n|-heal|p2a: Ting-Lu|82\/100 tox|[from] item: Leftovers\n|-damage|p2a: Ting-Lu|57\/100 tox|[from] psn\n|upkeep\n|turn|5\n|\n|t:|1700504392\n|move|p1a: Iron Moth|Energy Ball|p2a: Ting-Lu\n|-supereffective|p2a: Ting-Lu\n|-damage|p2a: Ting-Lu|27\/100 tox\n|move|p2a: Ting-Lu|Spikes|p1a: Iron Moth\n|-sidestart|p1: Boabis|Spikes\n|\n|-heal|p2a: Ting-Lu|33\/100 tox|[from] item: Leftovers\n|-damage|p2a: Ting-Lu|2\/100 tox|[from] psn\n|upkeep\n|turn|6\n|\n|t:|1700504404\n|switch|p2a: ESP4THRA|Amoonguss, M, shiny|100\/100\n|-damage|p2a: ESP4THRA|84\/100|[from] Spikes\n|move|p1a: Iron Moth|Energy Ball|p2a: ESP4THRA\n|-resisted|p2a: ESP4THRA\n|-damage|p2a: ESP4THRA|78\/100\n|\n|-heal|p2a: ESP4THRA|84\/100|[from] item: Black Sludge\n|upkeep\n|turn|7\n|\n|t:|1700504416\n|move|p1a: Iron Moth|Fiery Dance|p2a: ESP4THRA\n|-supereffective|p2a: ESP4THRA\n|-damage|p2a: ESP4THRA|16\/100\n|move|p2a: ESP4THRA|Spore|p1a: Iron Moth\n|-status|p1a: Iron Moth|slp|[from] move: Spore\n|\n|-heal|p2a: ESP4THRA|22\/100|[from] item: Black Sludge\n|upkeep\n|turn|8\n|\n|t:|1700504426\n|switch|p2a: Azumarill|Azumarill, F|100\/100\n|-damage|p2a: Azumarill|84\/100|[from] Spikes\n|cant|p1a: Iron Moth|slp\n|\n|upkeep\n|turn|9\n|\n|t:|1700504433\n|-end|p1a: Iron Moth|Quark Drive|[silent]\n|switch|p1a: Goodra|Goodra-Hisui, F|100\/100\n|-damage|p1a: Goodra|94\/100|[from] Stealth Rock\n|-damage|p1a: Goodra|78\/100|[from] Spikes\n|move|p2a: Azumarill|Belly Drum|p2a: Azumarill\n|-damage|p2a: Azumarill|34\/100\n|-setboost|p2a: Azumarill|atk|6|[from] move: Belly Drum\n|-enditem|p2a: Azumarill|Sitrus Berry|[eat]\n|-heal|p2a: Azumarill|59\/100|[from] item: Sitrus Berry\n|\n|-heal|p1a: Goodra|84\/100|[from] item: Leftovers\n|upkeep\n|turn|10\n|inactive|NEK 66666 has 120 seconds left.\n|inactive|NEK 66666 has 90 seconds left.\n|\n|t:|1700504512\n|move|p2a: Azumarill|Aqua Jet|p1a: Goodra\n|-resisted|p1a: Goodra\n|-damage|p1a: Goodra|45\/100\n|move|p1a: Goodra|Flash Cannon|p2a: Azumarill\n|-damage|p2a: Azumarill|26\/100\n|-unboost|p2a: Azumarill|spd|1\n|\n|-heal|p1a: Goodra|51\/100|[from] item: Leftovers\n|upkeep\n|turn|11\n|\n|t:|1700504523\n|move|p2a: Azumarill|Aqua Jet|p1a: Goodra\n|-resisted|p1a: Goodra\n|-damage|p1a: Goodra|16\/100\n|move|p1a: Goodra|Flash Cannon|p2a: Azumarill\n|-crit|p2a: Azumarill\n|-damage|p2a: Azumarill|0 fnt\n|faint|p2a: Azumarill\n|\n|-heal|p1a: Goodra|22\/100|[from] item: Leftovers\n|upkeep\n|\n|t:|1700504528\n|switch|p2a: ESP4THRA|Amoonguss, M, shiny|55\/100\n|-damage|p2a: ESP4THRA|39\/100|[from] Spikes\n|turn|12\n|\n|t:|1700504539\n|move|p1a: Goodra|Draco Meteor|p2a: ESP4THRA\n|-damage|p2a: ESP4THRA|3\/100\n|-unboost|p1a: Goodra|spa|2\n|move|p2a: ESP4THRA|Spore|p1a: Goodra\n|-message|Sleep Clause Mod activated.\n|-hint|Sleep Clause Mod prevents players from putting more than one of their opponent's Pok\u00e9mon to sleep at a time\n|\n|-heal|p1a: Goodra|28\/100|[from] item: Leftovers\n|-heal|p2a: ESP4THRA|10\/100|[from] item: Black Sludge\n|upkeep\n|turn|13\n|inactive|NEK 66666 has 90 seconds left.\n|inactive|Boabis has 120 seconds left.\n|\n|t:|1700504571\n|switch|p2a: Garganacl|Garganacl, F|100\/100\n|-damage|p2a: Garganacl|84\/100|[from] Spikes\n|move|p1a: Goodra|Draco Meteor|p2a: Garganacl\n|-damage|p2a: Garganacl|68\/100\n|-unboost|p1a: Goodra|spa|2\n|\n|-heal|p1a: Goodra|34\/100|[from] item: Leftovers\n|-heal|p2a: Garganacl|74\/100|[from] item: Leftovers\n|upkeep\n|turn|14\n|inactive|Boabis has 120 seconds left.\n|\n|t:|1700504583\n|switch|p1a: Gliscor|Gliscor, M|100\/100 tox\n|-damage|p1a: Gliscor|88\/100 tox|[from] Stealth Rock\n|-terastallize|p2a: Garganacl|Ghost\n|move|p2a: Garganacl|Iron Defense|p2a: Garganacl\n|-boost|p2a: Garganacl|def|2\n|\n|-heal|p2a: Garganacl|80\/100|[from] item: Leftovers\n|-heal|p1a: Gliscor|100\/100 tox|[from] ability: Poison Heal\n|upkeep\n|turn|15\n|inactive|Boabis has 120 seconds left.\n|\n|t:|1700504595\n|move|p1a: Gliscor|Toxic|p2a: Garganacl\n|-immune|p2a: Garganacl|[from] ability: Purifying Salt\n|move|p2a: Garganacl|Salt Cure|p1a: Gliscor\n|-damage|p1a: Gliscor|92\/100 tox\n|-start|p1a: Gliscor|Salt Cure\n|\n|-heal|p2a: Garganacl|86\/100|[from] item: Leftovers\n|-heal|p1a: Gliscor|100\/100 tox|[from] ability: Poison Heal\n|-damage|p1a: Gliscor|88\/100 tox|[from] Salt Cure\n|upkeep\n|turn|16\n|inactive|NEK 66666 has 90 seconds left.\n|inactive|Boabis has 120 seconds left.\n|\n|t:|1700504608\n|move|p1a: Gliscor|Spikes|p2a: Garganacl\n|-sidestart|p2: NEK 66666|Spikes\n|move|p2a: Garganacl|Iron Defense|p2a: Garganacl\n|-boost|p2a: Garganacl|def|2\n|\n|-heal|p2a: Garganacl|92\/100|[from] item: Leftovers\n|-heal|p1a: Gliscor|100\/100 tox|[from] ability: Poison Heal\n|-damage|p1a: Gliscor|88\/100 tox|[from] Salt Cure\n|upkeep\n|turn|17\n|inactive|Boabis has 120 seconds left.\n|\n|t:|1700504620\n|move|p1a: Gliscor|Earthquake|p2a: Garganacl\n|-damage|p2a: Garganacl|84\/100\n|move|p2a: Garganacl|Iron Defense|p2a: Garganacl\n|-boost|p2a: Garganacl|def|2\n|\n|-heal|p2a: Garganacl|90\/100|[from] item: Leftovers\n|-heal|p1a: Gliscor|100\/100 tox|[from] ability: Poison Heal\n|-damage|p1a: Gliscor|88\/100 tox|[from] Salt Cure\n|upkeep\n|turn|18\n|inactive|Boabis has 120 seconds left.\n|\n|t:|1700504638\n|switch|p1a: Iron Moth|Iron Moth|38\/100 slp\n|-damage|p1a: Iron Moth|13\/100 slp|[from] Stealth Rock\n|-damage|p1a: Iron Moth|0 fnt|[from] Spikes\n|faint|p1a: Iron Moth\n|-end|p1a: Iron Moth|Quark Drive|[silent]\n|move|p2a: Garganacl|Body Press|p1: Iron Moth|[notarget]\n|-fail|p2a: Garganacl\n|\n|-heal|p2a: Garganacl|96\/100|[from] item: Leftovers\n|upkeep\n|\n|t:|1700504651\n|switch|p1a: Miraidon|Miraidon|100\/100\n|-damage|p1a: Miraidon|88\/100|[from] Stealth Rock\n|-damage|p1a: Miraidon|72\/100|[from] Spikes\n|-fieldstart|move: Electric Terrain|[from] ability: Hadron Engine|[of] p1a: Miraidon\n|turn|19\n|\n|t:|1700504666\n|move|p1a: Miraidon|Draco Meteor|p2a: Garganacl\n|-damage|p2a: Garganacl|0 fnt\n|-unboost|p1a: Miraidon|spa|2\n|faint|p2a: Garganacl\n|\n|upkeep\n|\n|t:|1700504685\n|switch|p2a: Ogerpon|Ogerpon-Hearthflame, F|100\/100\n|-damage|p2a: Ogerpon|76\/100|[from] Spikes\n|-ability|p2a: Ogerpon|Mold Breaker\n|turn|20\n|inactive|Boabis has 120 seconds left.\n|\n|t:|1700504695\n|move|p1a: Miraidon|Draco Meteor|p2a: Ogerpon\n|-damage|p2a: Ogerpon|0 fnt\n|-unboost|p1a: Miraidon|spa|2\n|faint|p2a: Ogerpon\n|\n|upkeep\n|\n|t:|1700504702\n|switch|p2a: ESP4THRA|Amoonguss, M, shiny|43\/100\n|-damage|p2a: ESP4THRA|18\/100|[from] Spikes\n|turn|21\n|\n|t:|1700504707\n|move|p1a: Miraidon|Draco Meteor|p2a: ESP4THRA\n|-damage|p2a: ESP4THRA|0 fnt\n|-unboost|p1a: Miraidon|spa|2\n|faint|p2a: ESP4THRA\n|\n|upkeep\n|\n|t:|1700504715\n|switch|p2a: Ting-Lu|Ting-Lu|2\/100 tox\n|-damage|p2a: Ting-Lu|0 fnt|[from] Spikes\n|faint|p2a: Ting-Lu\n|\n|t:|1700504717\n|switch|p2a: Kingambit|Kingambit, F|100\/100\n|-damage|p2a: Kingambit|76\/100|[from] Spikes\n|-activate|p2a: Kingambit|ability: Supreme Overlord\n|-start|p2a: Kingambit|fallen5|[silent]\n|turn|22\n|\n|t:|1700504726\n|switch|p1a: Gliscor|Gliscor, M|88\/100 tox\n|-damage|p1a: Gliscor|76\/100 tox|[from] Stealth Rock\n|move|p2a: Kingambit|Sucker Punch||[still]\n|-fail|p2a: Kingambit\n|\n|-heal|p1a: Gliscor|88\/100 tox|[from] ability: Poison Heal\n|upkeep\n|turn|23\n|\n|t:|1700504740\n|move|p1a: Gliscor|Toxic|p2a: Kingambit\n|-immune|p2a: Kingambit\n|move|p2a: Kingambit|Zen Headbutt|p1a: Gliscor\n|-damage|p1a: Gliscor|58\/100 tox\n|\n|-heal|p1a: Gliscor|71\/100 tox|[from] ability: Poison Heal\n|-fieldend|move: Electric Terrain\n|upkeep\n|turn|24\n|\n|t:|1700504748\n|move|p1a: Gliscor|Earthquake|p2a: Kingambit\n|-supereffective|p2a: Kingambit\n|-damage|p2a: Kingambit|23\/100\n|move|p2a: Kingambit|Iron Head|p1a: Gliscor\n|-damage|p1a: Gliscor|31\/100 tox\n|\n|-heal|p1a: Gliscor|43\/100 tox|[from] ability: Poison Heal\n|upkeep\n|turn|25\n|\n|t:|1700504757\n|move|p2a: Kingambit|Sucker Punch|p1a: Gliscor\n|-damage|p1a: Gliscor|2\/100 tox\n|move|p1a: Gliscor|Earthquake|p2a: Kingambit\n|-supereffective|p2a: Kingambit\n|-damage|p2a: Kingambit|0 fnt\n|faint|p2a: Kingambit\n|-end|p2a: Kingambit|fallen5|[silent]\n|\n|win|Boabis\n|raw|Boabis's rating: 1147 &rarr; <strong>1179<\/strong><br \/>(+32 for winning)\n|raw|NEK 66666's rating: 1248 &rarr; <strong>1216<\/strong><br \/>(-32 for losing)\n|l|\u2606NEK 66666\n","uploadtime":1700504785,"views":8,"p1id":"boabis","p2id":"nek66666","formatid":"gen9ubers","rating":1179,"private":0,"password":""}