{"id":"gen9ubers-1985715661","p1":"rabidfroggo","p2":"XxShadowAngel","format":"[Gen 9] Ubers","log":"|j|\u2606rabidfroggo\n|j|\u2606XxShadowAngel\n|t:|1699398643\n|gametype|singles\n|player|p1|rabidfroggo|pokemaniac|\n|player|p2|XxShadowAngel|bellelba|\n|teamsize|p1|6\n|teamsize|p2|6\n|gen|9\n|tier|[Gen 9] Ubers\n|rule|Sleep Clause Mod: Limit one foe put to sleep\n|rule|Species Clause: Limit one of each Pok\u00e9mon\n|rule|OHKO Clause: OHKO moves are banned\n|rule|Evasion Items Clause: Evasion items are banned\n|rule|Evasion Moves Clause: Evasion moves are banned\n|rule|Endless Battle Clause: Forcing endless battles is banned\n|rule|HP Percentage Mod: HP is shown in percentages\n|clearpoke\n|poke|p1|Lucario, F|\n|poke|p1|Scizor, F|\n|poke|p1|Typhlosion-Hisui, M|\n|poke|p1|Salamence, M|\n|poke|p1|Noivern, M|\n|poke|p1|Hoopa-Unbound|\n|poke|p2|Garchomp, F|\n|poke|p2|Corviknight, F|\n|poke|p2|Greninja-*, F|\n|poke|p2|Toxtricity, M|\n|poke|p2|Meowscarada, F|\n|poke|p2|Bronzong|\n|teampreview\n|\n|t:|1699398662\n|start\n|switch|p1a: Noivern|Noivern, M|100\/100\n|switch|p2a: Bronzong|Bronzong|100\/100\n|-item|p2a: Bronzong|Leftovers|[from] ability: Frisk|[of] p1a: Noivern|[identify]\n|turn|1\n|\n|t:|1699398683\n|move|p1a: Noivern|Draco Meteor|p2a: Bronzong\n|-resisted|p2a: Bronzong\n|-damage|p2a: Bronzong|82\/100\n|-unboost|p1a: Noivern|spa|2\n|move|p2a: Bronzong|Heavy Slam|p1a: Noivern\n|-damage|p1a: Noivern|72\/100\n|\n|-heal|p1a: Noivern|78\/100|[from] item: Leftovers\n|-heal|p2a: Bronzong|88\/100|[from] item: Leftovers\n|upkeep\n|turn|2\n|\n|t:|1699398703\n|switch|p1a: Hoopa|Hoopa-Unbound|100\/100\n|move|p2a: Bronzong|Psychic|p1a: Hoopa\n|-immune|p1a: Hoopa\n|\n|-heal|p2a: Bronzong|95\/100|[from] item: Leftovers\n|upkeep\n|turn|3\n|\n|t:|1699398714\n|move|p1a: Hoopa|Psychic|p2a: Bronzong\n|-resisted|p2a: Bronzong\n|-damage|p2a: Bronzong|84\/100\n|-item|p1a: Hoopa|Leftovers|[from] ability: Magician|[of] p2a: Bronzong\n|move|p2a: Bronzong|Body Press|p1a: Hoopa\n|-damage|p1a: Hoopa|61\/100\n|\n|-heal|p1a: Hoopa|67\/100|[from] item: Leftovers\n|upkeep\n|turn|4\n|\n|t:|1699398730\n|move|p1a: Hoopa|Gunk Shot|p2a: Bronzong\n|-immune|p2a: Bronzong\n|move|p2a: Bronzong|Body Press|p1a: Hoopa\n|-damage|p1a: Hoopa|26\/100\n|\n|-heal|p1a: Hoopa|32\/100|[from] item: Leftovers\n|upkeep\n|turn|5\n|\n|t:|1699398737\n|move|p1a: Hoopa|Dark Pulse|p2a: Bronzong\n|-supereffective|p2a: Bronzong\n|-damage|p2a: Bronzong|9\/100\n|move|p2a: Bronzong|Body Press|p1a: Hoopa\n|-damage|p1a: Hoopa|0 fnt\n|faint|p1a: Hoopa\n|\n|upkeep\n|\n|t:|1699398758\n|switch|p1a: Typhlosion|Typhlosion-Hisui, M|100\/100\n|turn|6\n|\n|t:|1699398768\n|move|p1a: Typhlosion|Infernal Parade|p2a: Bronzong\n|-supereffective|p2a: Bronzong\n|-damage|p2a: Bronzong|0 fnt\n|faint|p2a: Bronzong\n|\n|-status|p1a: Typhlosion|tox|[from] item: Toxic Orb\n|upkeep\n|\n|t:|1699398804\n|switch|p2a: Garchomp|Garchomp, F|100\/100\n|turn|7\n|\n|t:|1699398812\n|move|p1a: Typhlosion|Play Rough|p2a: Garchomp\n|-supereffective|p2a: Garchomp\n|-damage|p2a: Garchomp|72\/100\n|-damage|p1a: Typhlosion|88\/100 tox|[from] ability: Rough Skin|[of] p2a: Garchomp\n|move|p2a: Garchomp|Earthquake|p1a: Typhlosion\n|-supereffective|p1a: Typhlosion\n|-crit|p1a: Typhlosion\n|-damage|p1a: Typhlosion|0 fnt\n|faint|p1a: Typhlosion\n|\n|-heal|p2a: Garchomp|78\/100|[from] item: Leftovers\n|upkeep\n|\n|t:|1699398822\n|switch|p1a: Salamence|Salamence, M|100\/100\n|-ability|p1a: Salamence|Intimidate|boost\n|-unboost|p2a: Garchomp|atk|1\n|turn|8\n|\n|t:|1699398829\n|-terastallize|p2a: Garchomp|Water\n|move|p1a: Salamence|Dragon Pulse|p2a: Garchomp\n|-damage|p2a: Garchomp|33\/100\n|move|p2a: Garchomp|Draco Meteor|p1a: Salamence\n|-supereffective|p1a: Salamence\n|-damage|p1a: Salamence|12\/100\n|-unboost|p2a: Garchomp|spa|2\n|\n|-heal|p2a: Garchomp|40\/100|[from] item: Leftovers\n|upkeep\n|turn|9\n|\n|t:|1699398842\n|-terastallize|p1a: Salamence|Dragon\n|move|p1a: Salamence|Draco Meteor|p2a: Garchomp|[miss]\n|-miss|p1a: Salamence|p2a: Garchomp\n|move|p2a: Garchomp|Draco Meteor|p1a: Salamence\n|-supereffective|p1a: Salamence\n|-damage|p1a: Salamence|0 fnt\n|-unboost|p2a: Garchomp|spa|2\n|faint|p1a: Salamence\n|\n|-heal|p2a: Garchomp|46\/100|[from] item: Leftovers\n|upkeep\n|\n|t:|1699398855\n|switch|p1a: Noivern|Noivern, M|78\/100\n|-item|p2a: Garchomp|Leftovers|[from] ability: Frisk|[of] p1a: Noivern|[identify]\n|turn|10\n|\n|t:|1699398862\n|move|p1a: Noivern|Draco Meteor|p2a: Garchomp\n|-damage|p2a: Garchomp|0 fnt\n|-unboost|p1a: Noivern|spa|2\n|faint|p2a: Garchomp\n|\n|-heal|p1a: Noivern|84\/100|[from] item: Leftovers\n|upkeep\n|\n|t:|1699398869\n|switch|p2a: Toxtricity|Toxtricity, M|100\/100\n|turn|11\n|\n|t:|1699398878\n|move|p1a: Noivern|Draco Meteor|p2a: Toxtricity\n|-damage|p2a: Toxtricity|59\/100\n|-unboost|p1a: Noivern|spa|2\n|move|p2a: Toxtricity|Overdrive|p1a: Noivern\n|-damage|p1a: Noivern|16\/100\n|-enditem|p2a: Toxtricity|Throat Spray\n|-boost|p2a: Toxtricity|spa|1|[from] item: Throat Spray\n|\n|-heal|p1a: Noivern|22\/100|[from] item: Leftovers\n|upkeep\n|turn|12\n|\n|t:|1699398888\n|move|p1a: Noivern|Hurricane|p2a: Toxtricity\n|-resisted|p2a: Toxtricity\n|-damage|p2a: Toxtricity|47\/100\n|-start|p2a: Toxtricity|confusion\n|-activate|p2a: Toxtricity|confusion\n|move|p2a: Toxtricity|Overdrive|p1a: Noivern\n|-damage|p1a: Noivern|0 fnt\n|faint|p1a: Noivern\n|\n|upkeep\n|\n|t:|1699398897\n|switch|p1a: Scizor|Scizor, F|100\/100\n|turn|13\n|\n|t:|1699398905\n|-activate|p2a: Toxtricity|confusion\n|move|p2a: Toxtricity|Overdrive|p1a: Scizor\n|-damage|p1a: Scizor|4\/100\n|move|p1a: Scizor|Iron Head|p2a: Toxtricity\n|-resisted|p2a: Toxtricity\n|-damage|p2a: Toxtricity|17\/100\n|\n|-heal|p1a: Scizor|11\/100|[from] item: Leftovers\n|upkeep\n|turn|14\n|\n|t:|1699398915\n|-activate|p2a: Toxtricity|confusion\n|-damage|p2a: Toxtricity|5\/100|[from] confusion\n|move|p1a: Scizor|U-turn|p2a: Toxtricity\n|-resisted|p2a: Toxtricity\n|-damage|p2a: Toxtricity|0 fnt\n|faint|p2a: Toxtricity\n|\n|t:|1699398960\n|switch|p1a: Lucario|Lucario, F|100\/100|[from] U-turn\n|\n|upkeep\n|\n|t:|1699398971\n|switch|p2a: Corviknight|Corviknight, F|100\/100\n|-ability|p2a: Corviknight|Pressure\n|turn|15\n|\n|t:|1699398980\n|move|p1a: Lucario|Aura Sphere|p2a: Corviknight\n|-damage|p2a: Corviknight|63\/100\n|move|p2a: Corviknight|Brave Bird|p1a: Lucario\n|-damage|p1a: Lucario|49\/100\n|-damage|p2a: Corviknight|49\/100|[from] Recoil\n|\n|upkeep\n|turn|16\n|\n|t:|1699398989\n|move|p1a: Lucario|Aura Sphere|p2a: Corviknight\n|-damage|p2a: Corviknight|14\/100\n|move|p2a: Corviknight|Brave Bird|p1a: Lucario\n|-damage|p1a: Lucario|0 fnt\n|faint|p1a: Lucario\n|-damage|p2a: Corviknight|2\/100|[from] Recoil\n|\n|upkeep\n|\n|t:|1699398996\n|switch|p1a: Scizor|Scizor, F|11\/100\n|turn|17\n|\n|t:|1699399001\n|move|p1a: Scizor|Bug Buzz|p2a: Corviknight\n|-resisted|p2a: Corviknight\n|-damage|p2a: Corviknight|0 fnt\n|faint|p2a: Corviknight\n|\n|-heal|p1a: Scizor|17\/100|[from] item: Leftovers\n|upkeep\n|\n|t:|1699399007\n|switch|p2a: Meowscarada|Meowscarada, F|100\/100\n|turn|18\n|\n|t:|1699399013\n|move|p2a: Meowscarada|Knock Off|p1a: Scizor\n|-damage|p1a: Scizor|0 fnt\n|-enditem|p1a: Scizor|Leftovers|[from] move: Knock Off|[of] p2a: Meowscarada\n|faint|p1a: Scizor\n|\n|win|XxShadowAngel\n|l|\u2606rabidfroggo\n","uploadtime":1699399033,"views":5,"p1id":"rabidfroggo","p2id":"xxshadowangel","formatid":"gen9ubers","rating":0,"private":0,"password":""}