{"id":"gen9ubers-1986997554","p1":"1985isbetter","p2":"TheShinySigilyph","format":"[Gen 9] Ubers","log":"|j|\u26061985isbetter\n|j|\u2606TheShinySigilyph\n|t:|1699547721\n|gametype|singles\n|player|p1|1985isbetter|169|1000\n|player|p2|TheShinySigilyph|iris-gen5bw2|1000\n|teamsize|p1|6\n|teamsize|p2|2\n|gen|9\n|tier|[Gen 9] Ubers\n|rated|\n|rule|Sleep Clause Mod: Limit one foe put to sleep\n|rule|Species Clause: Limit one of each Pok\u00e9mon\n|rule|OHKO Clause: OHKO moves are banned\n|rule|Evasion Items Clause: Evasion items are banned\n|rule|Evasion Moves Clause: Evasion moves are banned\n|rule|Endless Battle Clause: Forcing endless battles is banned\n|rule|HP Percentage Mod: HP is shown in percentages\n|clearpoke\n|poke|p1|Lucario, F|\n|poke|p1|Gengar, M|\n|poke|p1|Bisharp, M|\n|poke|p1|Zoroark-Hisui, M|\n|poke|p1|Hatterene, F|\n|poke|p1|Toxapex, M|\n|poke|p2|Espathra, F|\n|poke|p2|Regieleki|\n|teampreview\n|\n|t:|1699547736\n|start\n|switch|p1a: Hatterene|Hatterene, F, shiny|100\/100\n|switch|p2a: I am speed|Espathra, F|100\/100\n|turn|1\n|\n|t:|1699547750\n|move|p2a: I am speed|Protect|p2a: I am speed\n|-singleturn|p2a: I am speed|Protect\n|move|p1a: Hatterene|Psychic|p2a: I am speed\n|-activate|p2a: I am speed|move: Protect\n|\n|-ability|p2a: I am speed|Speed Boost|boost\n|-boost|p2a: I am speed|spe|1\n|upkeep\n|turn|2\n|\n|t:|1699547758\n|move|p2a: I am speed|Calm Mind|p2a: I am speed\n|-boost|p2a: I am speed|spa|1\n|-boost|p2a: I am speed|spd|1\n|move|p1a: Hatterene|Calm Mind|p1a: Hatterene\n|-boost|p1a: Hatterene|spa|1\n|-boost|p1a: Hatterene|spd|1\n|\n|-ability|p2a: I am speed|Speed Boost|boost\n|-boost|p2a: I am speed|spe|1\n|upkeep\n|turn|3\n|\n|t:|1699547771\n|move|p2a: I am speed|Lumina Crash|p1a: Hatterene\n|-resisted|p1a: Hatterene\n|-damage|p1a: Hatterene|80\/100\n|-unboost|p1a: Hatterene|spd|2\n|move|p1a: Hatterene|Calm Mind|p1a: Hatterene\n|-boost|p1a: Hatterene|spa|1\n|-boost|p1a: Hatterene|spd|1\n|\n|-ability|p2a: I am speed|Speed Boost|boost\n|-boost|p2a: I am speed|spe|1\n|upkeep\n|turn|4\n|\n|t:|1699547781\n|move|p2a: I am speed|Lumina Crash|p1a: Hatterene\n|-resisted|p1a: Hatterene\n|-damage|p1a: Hatterene|47\/100\n|-unboost|p1a: Hatterene|spd|2\n|move|p1a: Hatterene|Psychic|p2a: I am speed\n|-resisted|p2a: I am speed\n|-damage|p2a: I am speed|58\/100\n|\n|-heal|p2a: I am speed|64\/100|[from] item: Leftovers\n|-ability|p2a: I am speed|Speed Boost|boost\n|-boost|p2a: I am speed|spe|1\n|upkeep\n|turn|5\n|\n|t:|1699547795\n|move|p2a: I am speed|Lumina Crash|p1a: Hatterene\n|-resisted|p1a: Hatterene\n|-damage|p1a: Hatterene|0 fnt\n|faint|p1a: Hatterene\n|\n|-heal|p2a: I am speed|70\/100|[from] item: Leftovers\n|-ability|p2a: I am speed|Speed Boost|boost\n|-boost|p2a: I am speed|spe|1\n|upkeep\n|\n|t:|1699547808\n|switch|p1a: Toxapex|Toxapex, M, shiny|100\/100\n|turn|6\n|\n|t:|1699547814\n|move|p2a: I am speed|Calm Mind|p2a: I am speed\n|-boost|p2a: I am speed|spa|1\n|-boost|p2a: I am speed|spd|1\n|move|p1a: Toxapex|Hydro Pump|p2a: I am speed\n|-damage|p2a: I am speed|53\/100\n|\n|-heal|p2a: I am speed|59\/100|[from] item: Leftovers\n|-ability|p2a: I am speed|Speed Boost|boost\n|-boost|p2a: I am speed|spe|1\n|upkeep\n|turn|7\n|\n|t:|1699547827\n|move|p2a: I am speed|Lumina Crash|p1a: Toxapex\n|-supereffective|p1a: Toxapex\n|-damage|p1a: Toxapex|0 fnt\n|faint|p1a: Toxapex\n|\n|-heal|p2a: I am speed|65\/100|[from] item: Leftovers\n|upkeep\n|\n|t:|1699547834\n|switch|p1a: Bisharp|Bisharp, M, shiny|100\/100\n|turn|8\n|\n|t:|1699547843\n|move|p2a: I am speed|Tera Blast|p1a: Bisharp\n|-resisted|p1a: Bisharp\n|-damage|p1a: Bisharp|61\/100\n|move|p1a: Bisharp|Metal Claw|p2a: I am speed\n|-damage|p2a: I am speed|33\/100\n|\n|-heal|p2a: I am speed|39\/100|[from] item: Leftovers\n|upkeep\n|turn|9\n|\n|t:|1699547857\n|move|p2a: I am speed|Tera Blast|p1a: Bisharp\n|-resisted|p1a: Bisharp\n|-damage|p1a: Bisharp|20\/100\n|move|p1a: Bisharp|Flash Cannon|p2a: I am speed\n|-damage|p2a: I am speed|24\/100\n|\n|-heal|p2a: I am speed|30\/100|[from] item: Leftovers\n|upkeep\n|turn|10\n|\n|t:|1699547865\n|move|p2a: I am speed|Tera Blast|p1a: Bisharp\n|-resisted|p1a: Bisharp\n|-damage|p1a: Bisharp|0 fnt\n|faint|p1a: Bisharp\n|\n|-heal|p2a: I am speed|36\/100|[from] item: Leftovers\n|upkeep\n|\n|t:|1699547871\n|switch|p1a: Lucario|Lucario, F, shiny|100\/100\n|turn|11\n|\n|t:|1699547878\n|move|p2a: I am speed|Lumina Crash|p1a: Lucario\n|-damage|p1a: Lucario|0 fnt\n|replace|p1a: Zoroark|Zoroark-Hisui, M, shiny\n|-end|p1a: Zoroark|Illusion\n|faint|p1a: Zoroark\n|\n|-heal|p2a: I am speed|42\/100|[from] item: Leftovers\n|upkeep\n|\n|t:|1699547885\n|switch|p1a: Gengar|Gengar, M, shiny|100\/100\n|turn|12\n|\n|t:|1699547889\n|move|p2a: I am speed|Lumina Crash|p1a: Gengar\n|-supereffective|p1a: Gengar\n|-damage|p1a: Gengar|0 fnt\n|faint|p1a: Gengar\n|\n|-heal|p2a: I am speed|48\/100|[from] item: Leftovers\n|upkeep\n|\n|t:|1699547897\n|switch|p1a: Lucario|Lucario, F, shiny|100\/100\n|turn|13\n|\n|t:|1699547902\n|move|p2a: I am speed|Lumina Crash|p1a: Lucario\n|-damage|p1a: Lucario|0 fnt\n|faint|p1a: Lucario\n|\n|win|TheShinySigilyph\n|raw|1985isbetter's rating: 1000 &rarr; <strong>1000<\/strong><br \/>(+0 for losing)\n|raw|TheShinySigilyph's rating: 1000 &rarr; <strong>1040<\/strong><br \/>(+40 for winning)\n|l|\u26061985isbetter\n","uploadtime":1699547924,"views":19,"p1id":"1985isbetter","p2id":"theshinysigilyph","formatid":"gen9ubers","rating":1000,"private":0,"password":""}