{"id":"gen9ubers-1990262592","p1":"the tr4sh man","p2":"Nitro524","format":"[Gen 9] Ubers","log":"|j|\u2606the tr4sh man\n|j|\u2606Nitro524\n|t:|1699946834\n|gametype|singles\n|player|p1|the tr4sh man|xerosic|\n|player|p2|Nitro524|hilbert|\n|teamsize|p1|6\n|teamsize|p2|6\n|gen|9\n|tier|[Gen 9] Ubers\n|rule|Sleep Clause Mod: Limit one foe put to sleep\n|rule|Species Clause: Limit one of each Pok\u00e9mon\n|rule|OHKO Clause: OHKO moves are banned\n|rule|Evasion Items Clause: Evasion items are banned\n|rule|Evasion Moves Clause: Evasion moves are banned\n|rule|Endless Battle Clause: Forcing endless battles is banned\n|rule|HP Percentage Mod: HP is shown in percentages\n|clearpoke\n|poke|p1|Eiscue, M|\n|poke|p1|Slowbro-Galar, M|\n|poke|p1|Snorlax, F|\n|poke|p1|Azumarill, M|\n|poke|p1|Politoed, F|\n|poke|p1|Poliwrath, F|\n|poke|p2|Torkoal, M|\n|poke|p2|Chi-Yu|\n|poke|p2|Lilligant-Hisui, F|\n|poke|p2|Arceus-Fire|\n|poke|p2|Roaring Moon|\n|poke|p2|Walking Wake|\n|teampreview\n|inactive|Battle timer is ON: inactive players will automatically lose when time's up. (requested by Nitro524)\n|c|\u2606Nitro524|glhf\n|c|\u2606the tr4sh man|u2\n|\n|t:|1699946846\n|start\n|switch|p1a: Eiscue|Eiscue, M|100\/100\n|switch|p2a: Bring The Sun|Torkoal, M|100\/100\n|-weather|SunnyDay|[from] ability: Drought|[of] p2a: Bring The Sun\n|turn|1\n|\n|t:|1699946854\n|-terastallize|p1a: Eiscue|Fire\n|move|p1a: Eiscue|Substitute|p1a: Eiscue\n|-start|p1a: Eiscue|Substitute\n|-damage|p1a: Eiscue|75\/100\n|move|p2a: Bring The Sun|Lava Plume|p1a: Eiscue\n|-resisted|p1a: Eiscue\n|-activate|p1a: Eiscue|move: Substitute|[damage]\n|\n|-weather|SunnyDay|[upkeep]\n|upkeep\n|turn|2\n|\n|t:|1699946861\n|move|p1a: Eiscue|Belly Drum|p1a: Eiscue\n|-damage|p1a: Eiscue|25\/100\n|-setboost|p1a: Eiscue|atk|6|[from] move: Belly Drum\n|-enditem|p1a: Eiscue|Salac Berry|[eat]\n|-boost|p1a: Eiscue|spe|1|[from] item: Salac Berry\n|move|p2a: Bring The Sun|Stealth Rock|p1a: Eiscue\n|-sidestart|p1: the tr4sh man|move: Stealth Rock\n|\n|-weather|SunnyDay|[upkeep]\n|upkeep\n|turn|3\n|\n|t:|1699946869\n|switch|p2a: Sitting Sleep|Walking Wake|100\/100\n|-activate|p2a: Sitting Sleep|ability: Protosynthesis\n|-start|p2a: Sitting Sleep|protosynthesisspe\n|move|p1a: Eiscue|Reversal|p2a: Sitting Sleep\n|-damage|p2a: Sitting Sleep|16\/100\n|\n|-weather|SunnyDay|[upkeep]\n|upkeep\n|turn|4\n|\n|t:|1699946888\n|-end|p2a: Sitting Sleep|Protosynthesis|[silent]\n|switch|p2a: Bring The Sun|Torkoal, M|100\/100\n|move|p1a: Eiscue|Reversal|p2a: Bring The Sun\n|-damage|p2a: Bring The Sun|58\/100\n|\n|-weather|SunnyDay|[upkeep]\n|upkeep\n|turn|5\n|\n|t:|1699946897\n|move|p1a: Eiscue|Reversal|p2a: Bring The Sun\n|-damage|p2a: Bring The Sun|14\/100\n|move|p2a: Bring The Sun|Lava Plume|p1a: Eiscue\n|-resisted|p1a: Eiscue\n|-end|p1a: Eiscue|Substitute\n|\n|-weather|SunnyDay|[upkeep]\n|upkeep\n|turn|6\n|\n|t:|1699946915\n|switch|p2a: Arceus|Arceus-Fire|100\/100\n|move|p1a: Eiscue|Belly Drum||[still]\n|-fail|p1a: Eiscue\n|\n|-weather|SunnyDay|[upkeep]\n|upkeep\n|turn|7\n|\n|t:|1699946924\n|move|p1a: Eiscue|Reversal|p2a: Arceus\n|-damage|p2a: Arceus|43\/100\n|move|p2a: Arceus|Earthquake|p1a: Eiscue\n|-activate|p1a: Eiscue|ability: Ice Face\n|-damage|p1a: Eiscue|25\/100\n|detailschange|p1a: Eiscue|Eiscue-Noice, M, tera:Fire\n|\n|-weather|SunnyDay|[upkeep]\n|upkeep\n|turn|8\n|\n|t:|1699946943\n|move|p1a: Eiscue|Reversal|p2a: Arceus\n|-damage|p2a: Arceus|0 fnt\n|faint|p2a: Arceus\n|\n|-weather|none\n|upkeep\n|\n|t:|1699946946\n|switch|p2a: Bring The Sun|Torkoal, M|14\/100\n|-weather|SunnyDay|[from] ability: Drought|[of] p2a: Bring The Sun\n|turn|9\n|\n|t:|1699946952\n|move|p1a: Eiscue|Reversal|p2a: Bring The Sun\n|-damage|p2a: Bring The Sun|0 fnt\n|faint|p2a: Bring The Sun\n|\n|-weather|SunnyDay|[upkeep]\n|upkeep\n|\n|t:|1699946958\n|switch|p2a: Lilligant|Lilligant-Hisui, F|100\/100\n|turn|10\n|\n|t:|1699946965\n|move|p2a: Lilligant|Solar Blade||[still]\n|-prepare|p2a: Lilligant|Solar Blade\n|-anim|p2a: Lilligant|Solar Blade|p1a: Eiscue\n|-resisted|p1a: Eiscue\n|-damage|p1a: Eiscue|0 fnt\n|faint|p1a: Eiscue\n|\n|-weather|SunnyDay|[upkeep]\n|upkeep\n|\n|t:|1699946970\n|switch|p1a: Politoed|Politoed, F|100\/100\n|-damage|p1a: Politoed|88\/100|[from] Stealth Rock\n|-weather|RainDance|[from] ability: Drizzle|[of] p1a: Politoed\n|turn|11\n|\n|t:|1699946979\n|move|p2a: Lilligant|Close Combat|p1a: Politoed\n|-damage|p1a: Politoed|21\/100\n|-unboost|p2a: Lilligant|def|1\n|-unboost|p2a: Lilligant|spd|1\n|-enditem|p2a: Lilligant|Eject Pack\n|\n|t:|1699946982\n|switch|p2a: Sitting Sleep|Walking Wake|16\/100\n|move|p1a: Politoed|Encore||[still]\n|-fail|p1a: Politoed\n|\n|-weather|RainDance|[upkeep]\n|upkeep\n|turn|12\n|c|\u2606the tr4sh man|oh neat\n|\n|t:|1699946995\n|move|p2a: Sitting Sleep|Hydro Steam|p1a: Politoed\n|-resisted|p1a: Politoed\n|-damage|p1a: Politoed|0 fnt\n|faint|p1a: Politoed\n|\n|-weather|RainDance|[upkeep]\n|upkeep\n|\n|t:|1699946999\n|switch|p1a: Poliwrath|Poliwrath, F|100\/100\n|-damage|p1a: Poliwrath|94\/100|[from] Stealth Rock\n|turn|13\n|\n|t:|1699947007\n|move|p1a: Poliwrath|Belly Drum|p1a: Poliwrath\n|-damage|p1a: Poliwrath|44\/100\n|-setboost|p1a: Poliwrath|atk|6|[from] move: Belly Drum\n|move|p2a: Sitting Sleep|Hydro Steam|p1a: Poliwrath\n|-resisted|p1a: Poliwrath\n|-damage|p1a: Poliwrath|0 fnt\n|faint|p1a: Poliwrath\n|\n|-weather|RainDance|[upkeep]\n|upkeep\n|\n|t:|1699947012\n|switch|p1a: Azumarill|Azumarill, M|100\/100\n|-damage|p1a: Azumarill|88\/100|[from] Stealth Rock\n|turn|14\n|\n|t:|1699947014\n|move|p2a: Sitting Sleep|Hydro Steam|p1a: Azumarill\n|-resisted|p1a: Azumarill\n|-damage|p1a: Azumarill|44\/100\n|-enditem|p1a: Azumarill|Sitrus Berry|[eat]\n|-heal|p1a: Azumarill|69\/100|[from] item: Sitrus Berry\n|move|p1a: Azumarill|Belly Drum|p1a: Azumarill\n|-damage|p1a: Azumarill|19\/100\n|-setboost|p1a: Azumarill|atk|6|[from] move: Belly Drum\n|\n|-weather|RainDance|[upkeep]\n|upkeep\n|turn|15\n|\n|t:|1699947017\n|move|p1a: Azumarill|Aqua Jet|p2a: Sitting Sleep\n|-resisted|p2a: Sitting Sleep\n|-damage|p2a: Sitting Sleep|0 fnt\n|faint|p2a: Sitting Sleep\n|-end|p2a: Sitting Sleep|Protosynthesis|[silent]\n|\n|-weather|RainDance|[upkeep]\n|upkeep\n|\n|t:|1699947028\n|switch|p2a: Lilligant|Lilligant-Hisui, F|100\/100\n|turn|16\n|\n|t:|1699947037\n|move|p1a: Azumarill|Aqua Jet|p2a: Lilligant\n|-resisted|p2a: Lilligant\n|-damage|p2a: Lilligant|0 fnt\n|faint|p2a: Lilligant\n|\n|-weather|RainDance|[upkeep]\n|upkeep\n|\n|t:|1699947041\n|switch|p2a: Hector Salamanca|Roaring Moon|100\/100\n|-enditem|p2a: Hector Salamanca|Booster Energy\n|-activate|p2a: Hector Salamanca|ability: Protosynthesis|[fromitem]\n|-start|p2a: Hector Salamanca|protosynthesisspe\n|turn|17\n|\n|t:|1699947056\n|move|p1a: Azumarill|Aqua Jet|p2a: Hector Salamanca\n|-resisted|p2a: Hector Salamanca\n|-damage|p2a: Hector Salamanca|6\/100\n|move|p2a: Hector Salamanca|Earthquake|p1a: Azumarill\n|-damage|p1a: Azumarill|0 fnt\n|faint|p1a: Azumarill\n|\n|-weather|RainDance|[upkeep]\n|upkeep\n|\n|t:|1699947067\n|switch|p1a: Snorlax|Snorlax, F|100\/100\n|-damage|p1a: Snorlax|88\/100|[from] Stealth Rock\n|turn|18\n|\n|t:|1699947072\n|move|p2a: Hector Salamanca|Knock Off|p1a: Snorlax\n|-damage|p1a: Snorlax|50\/100\n|-enditem|p1a: Snorlax|Aguav Berry|[from] move: Knock Off|[of] p2a: Hector Salamanca\n|move|p1a: Snorlax|Earthquake|p2a: Hector Salamanca\n|-damage|p2a: Hector Salamanca|0 fnt\n|faint|p2a: Hector Salamanca\n|-end|p2a: Hector Salamanca|Protosynthesis|[silent]\n|\n|-weather|none\n|upkeep\n|\n|t:|1699947074\n|switch|p2a: Did Not Smile Back|Chi-Yu|100\/100\n|-ability|p2a: Did Not Smile Back|Beads of Ruin\n|turn|19\n|\n|t:|1699947094\n|move|p2a: Did Not Smile Back|Dark Pulse|p1a: Snorlax\n|-damage|p1a: Snorlax|5\/100\n|move|p1a: Snorlax|Earthquake|p2a: Did Not Smile Back\n|-supereffective|p2a: Did Not Smile Back\n|-damage|p2a: Did Not Smile Back|0 fnt\n|faint|p2a: Did Not Smile Back\n|\n|win|the tr4sh man\n|c|\u2606Nitro524|gg wp\n|c|\u2606the tr4sh man|gg\n|l|\u2606Nitro524\n","uploadtime":1699947103,"views":4,"p1id":"thetr4shman","p2id":"nitro524","formatid":"gen9ubers","rating":0,"private":0,"password":""}