{"id":"gen9ubers-1979117839","p1":"Soleil05","p2":"It's Draco 101","format":"[Gen 9] Ubers","log":"|j|\u2606Soleil05\n|j|\u2606It's Draco 101\n|t:|1698634576\n|gametype|singles\n|player|p1|Soleil05|elesa-masters2|\n|player|p2|It's Draco 101|2|\n|teamsize|p1|6\n|teamsize|p2|6\n|gen|9\n|tier|[Gen 9] Ubers\n|rule|Sleep Clause Mod: Limit one foe put to sleep\n|rule|Species Clause: Limit one of each Pok\u00e9mon\n|rule|OHKO Clause: OHKO moves are banned\n|rule|Evasion Items Clause: Evasion items are banned\n|rule|Evasion Moves Clause: Evasion moves are banned\n|rule|Endless Battle Clause: Forcing endless battles is banned\n|rule|HP Percentage Mod: HP is shown in percentages\n|clearpoke\n|poke|p1|Ninetales-Alola, M|\n|poke|p1|Roaring Moon|\n|poke|p1|Alomomola, F|\n|poke|p1|Decidueye-Hisui, M|\n|poke|p1|Frosmoth, M|\n|poke|p1|Typhlosion-Hisui, M|\n|poke|p2|Dragapult, M|\n|poke|p2|Ursaluna-Bloodmoon, M|\n|poke|p2|Samurott-Hisui, F|\n|poke|p2|Arcanine-Hisui, F|\n|poke|p2|Enamorus, F|\n|poke|p2|Slowking-Galar, M|\n|teampreview\n|inactive|Battle timer is ON: inactive players will automatically lose when time's up. (requested by Soleil05)\n|c|\u2606It's Draco 101|gl hf\n|c|\u2606Soleil05|glhf\n|\n|t:|1698634596\n|start\n|switch|p1a: Ninetales|Ninetales-Alola, M|100\/100\n|switch|p2a: Dragapult|Dragapult, M|100\/100\n|-weather|Snow|[from] ability: Snow Warning|[of] p1a: Ninetales\n|turn|1\n|\n|t:|1698634619\n|-terastallize|p2a: Dragapult|Steel\n|move|p2a: Dragapult|Dragon Dance|p2a: Dragapult\n|-boost|p2a: Dragapult|atk|1\n|-boost|p2a: Dragapult|spe|1\n|move|p1a: Ninetales|Aurora Veil|p1a: Ninetales\n|-sidestart|p1: Soleil05|move: Aurora Veil\n|\n|-weather|Snow|[upkeep]\n|upkeep\n|turn|2\n|\n|t:|1698634626\n|move|p2a: Dragapult|Tera Blast|p1a: Ninetales|[anim] Tera Blast Steel\n|-supereffective|p1a: Ninetales\n|-damage|p1a: Ninetales|0 fnt\n|faint|p1a: Ninetales\n|\n|-weather|Snow|[upkeep]\n|upkeep\n|\n|t:|1698634635\n|switch|p1a: Typhlosion|Typhlosion-Hisui, M|100\/100\n|-item|p2a: Dragapult|Leftovers|[from] ability: Frisk|[of] p1a: Typhlosion|[identify]\n|turn|3\n|\n|t:|1698634642\n|move|p2a: Dragapult|Substitute|p2a: Dragapult\n|-start|p2a: Dragapult|Substitute\n|-damage|p2a: Dragapult|75\/100\n|move|p1a: Typhlosion|Eruption|p2a: Dragapult\n|-supereffective|p2a: Dragapult\n|-end|p2a: Dragapult|Substitute\n|\n|-weather|Snow|[upkeep]\n|-heal|p2a: Dragapult|82\/100|[from] item: Leftovers\n|upkeep\n|turn|4\n|\n|t:|1698634649\n|move|p2a: Dragapult|Dragon Darts|p1a: Typhlosion\n|-damage|p1a: Typhlosion|40\/100\n|-anim|p2a: Dragapult|Dragon Darts|p1a: Typhlosion\n|-damage|p1a: Typhlosion|0 fnt\n|faint|p1a: Typhlosion\n|\n|-weather|Snow|[upkeep]\n|-heal|p2a: Dragapult|88\/100|[from] item: Leftovers\n|upkeep\n|\n|t:|1698634660\n|switch|p1a: Roaring Moon|Roaring Moon|100\/100\n|-enditem|p1a: Roaring Moon|Booster Energy\n|-activate|p1a: Roaring Moon|ability: Protosynthesis|[fromitem]\n|-start|p1a: Roaring Moon|protosynthesisatk\n|turn|5\n|\n|t:|1698634668\n|-terastallize|p1a: Roaring Moon|Flying\n|move|p2a: Dragapult|Dragon Darts|p1a: Roaring Moon\n|-damage|p1a: Roaring Moon|47\/100\n|-anim|p2a: Dragapult|Dragon Darts|p1a: Roaring Moon\n|-damage|p1a: Roaring Moon|0 fnt\n|faint|p1a: Roaring Moon\n|-end|p1a: Roaring Moon|Protosynthesis|[silent]\n|\n|-weather|none\n|-heal|p2a: Dragapult|94\/100|[from] item: Leftovers\n|upkeep\n|\n|t:|1698634676\n|switch|p1a: Alomomola|Alomomola, F|100\/100\n|turn|6\n|\n|t:|1698634680\n|move|p2a: Dragapult|Substitute|p2a: Dragapult\n|-start|p2a: Dragapult|Substitute\n|-damage|p2a: Dragapult|69\/100\n|move|p1a: Alomomola|Scald|p2a: Dragapult\n|-activate|p2a: Dragapult|move: Substitute|[damage]\n|\n|-heal|p2a: Dragapult|75\/100|[from] item: Leftovers\n|upkeep\n|turn|7\n|\n|t:|1698634686\n|move|p2a: Dragapult|Dragon Darts|p1a: Alomomola\n|-damage|p1a: Alomomola|79\/100\n|-anim|p2a: Dragapult|Dragon Darts|p1a: Alomomola\n|-damage|p1a: Alomomola|56\/100\n|move|p1a: Alomomola|Scald|p2a: Dragapult\n|-end|p2a: Dragapult|Substitute\n|\n|-heal|p2a: Dragapult|81\/100|[from] item: Leftovers\n|upkeep\n|turn|8\n|\n|t:|1698634693\n|move|p2a: Dragapult|Substitute|p2a: Dragapult\n|-start|p2a: Dragapult|Substitute\n|-damage|p2a: Dragapult|56\/100\n|move|p1a: Alomomola|Scald|p2a: Dragapult\n|-activate|p2a: Dragapult|move: Substitute|[damage]\n|\n|-heal|p2a: Dragapult|63\/100|[from] item: Leftovers\n|-sideend|p1: Soleil05|move: Aurora Veil\n|upkeep\n|turn|9\n|\n|t:|1698634697\n|move|p2a: Dragapult|Dragon Dance|p2a: Dragapult\n|-boost|p2a: Dragapult|atk|1\n|-boost|p2a: Dragapult|spe|1\n|move|p1a: Alomomola|Wish|p1a: Alomomola\n|\n|-heal|p2a: Dragapult|69\/100|[from] item: Leftovers\n|upkeep\n|turn|10\n|\n|t:|1698634703\n|move|p2a: Dragapult|Dragon Dance|p2a: Dragapult\n|-boost|p2a: Dragapult|atk|1\n|-boost|p2a: Dragapult|spe|1\n|move|p1a: Alomomola|Scald|p2a: Dragapult\n|-end|p2a: Dragapult|Substitute\n|\n|-heal|p1a: Alomomola|100\/100|[from] move: Wish|[wisher] Alomomola\n|-heal|p2a: Dragapult|75\/100|[from] item: Leftovers\n|upkeep\n|turn|11\n|\n|t:|1698634706\n|move|p2a: Dragapult|Substitute|p2a: Dragapult\n|-start|p2a: Dragapult|Substitute\n|-damage|p2a: Dragapult|50\/100\n|move|p1a: Alomomola|Scald|p2a: Dragapult\n|-activate|p2a: Dragapult|move: Substitute|[damage]\n|\n|-heal|p2a: Dragapult|56\/100|[from] item: Leftovers\n|upkeep\n|turn|12\n|\n|t:|1698634711\n|move|p2a: Dragapult|Dragon Darts|p1a: Alomomola\n|-damage|p1a: Alomomola|64\/100\n|-anim|p2a: Dragapult|Dragon Darts|p1a: Alomomola\n|-damage|p1a: Alomomola|31\/100\n|move|p1a: Alomomola|Scald|p2a: Dragapult\n|-end|p2a: Dragapult|Substitute\n|\n|-heal|p2a: Dragapult|62\/100|[from] item: Leftovers\n|upkeep\n|turn|13\n|\n|t:|1698634715\n|move|p2a: Dragapult|Substitute|p2a: Dragapult\n|-start|p2a: Dragapult|Substitute\n|-damage|p2a: Dragapult|37\/100\n|move|p1a: Alomomola|Scald|p2a: Dragapult\n|-activate|p2a: Dragapult|move: Substitute|[damage]\n|\n|-heal|p2a: Dragapult|43\/100|[from] item: Leftovers\n|upkeep\n|turn|14\n|\n|t:|1698634718\n|move|p2a: Dragapult|Dragon Darts|p1a: Alomomola\n|-damage|p1a: Alomomola|0 fnt\n|faint|p1a: Alomomola\n|\n|-heal|p2a: Dragapult|50\/100|[from] item: Leftovers\n|upkeep\n|\n|t:|1698634724\n|switch|p1a: Decidueye|Decidueye-Hisui, M, shiny|100\/100\n|turn|15\n|\n|t:|1698634728\n|move|p2a: Dragapult|Dragon Darts|p1a: Decidueye\n|-damage|p1a: Decidueye|12\/100\n|-anim|p2a: Dragapult|Dragon Darts|p1a: Decidueye\n|-damage|p1a: Decidueye|0 fnt\n|faint|p1a: Decidueye\n|\n|-heal|p2a: Dragapult|56\/100|[from] item: Leftovers\n|upkeep\n|\n|t:|1698634733\n|switch|p1a: Frosmoth|Frosmoth, M|100\/100\n|turn|16\n|\n|t:|1698634737\n|move|p2a: Dragapult|Tera Blast|p1a: Frosmoth|[anim] Tera Blast Steel\n|-supereffective|p1a: Frosmoth\n|-damage|p1a: Frosmoth|0 fnt\n|faint|p1a: Frosmoth\n|\n|win|It's Draco 101\n|c|\u2606Soleil05|gg\n|c|\u2606It's Draco 101|gg\n","uploadtime":1698634745,"views":37,"p1id":"soleil05","p2id":"itsdraco101","formatid":"gen9ubers","rating":0,"private":0,"password":""}