{"id":"gen9ubers-1981353801","p1":"Drageen","p2":"Larrix","format":"[Gen 9] Ubers","log":"|j|\u2606Drageen\n|j|\u2606Larrix\n|t:|1698886735\n|gametype|singles\n|player|p1|Drageen|beni-ninja|\n|player|p2|Larrix|roark|\n|teamsize|p1|6\n|teamsize|p2|6\n|gen|9\n|tier|[Gen 9] Ubers\n|rated|Tournament battle\n|rule|Sleep Clause Mod: Limit one foe put to sleep\n|rule|Species Clause: Limit one of each Pok\u00e9mon\n|rule|OHKO Clause: OHKO moves are banned\n|rule|Evasion Items Clause: Evasion items are banned\n|rule|Evasion Moves Clause: Evasion moves are banned\n|rule|Endless Battle Clause: Forcing endless battles is banned\n|rule|HP Percentage Mod: HP is shown in percentages\n|clearpoke\n|poke|p1|Eternatus|\n|poke|p1|Zacian-*|\n|poke|p1|Calyrex-Ice|\n|poke|p1|Giratina|\n|poke|p1|Baxcalibur, F|\n|poke|p1|Alomomola, F|\n|poke|p2|Zacian-*|\n|poke|p2|Calyrex-Ice|\n|poke|p2|Arceus-Ground|\n|poke|p2|Eternatus|\n|poke|p2|Koraidon|\n|poke|p2|Samurott-Hisui, F|\n|teampreview\n|\n|t:|1698886742\n|start\n|switch|p1a: Eternatus|Eternatus|100\/100\n|switch|p2a: Samurott|Samurott-Hisui, F|100\/100\n|-ability|p1a: Eternatus|Pressure\n|turn|1\n|\n|t:|1698886750\n|switch|p1a: Zacian|Zacian-Crowned|100\/100\n|-ability|p1a: Zacian|Intrepid Sword|boost\n|-boost|p1a: Zacian|atk|1\n|move|p2a: Samurott|Ceaseless Edge|p1a: Zacian\n|-resisted|p1a: Zacian\n|-damage|p1a: Zacian|77\/100\n|-sidestart|p1: Drageen|Spikes\n|\n|upkeep\n|turn|2\n|\n|t:|1698886757\n|move|p1a: Zacian|Play Rough|p2a: Samurott\n|-supereffective|p2a: Samurott\n|-enditem|p2a: Samurott|Focus Sash\n|-damage|p2a: Samurott|1\/100\n|move|p2a: Samurott|Razor Shell|p1a: Zacian\n|-damage|p1a: Zacian|18\/100\n|-unboost|p1a: Zacian|def|1\n|\n|upkeep\n|turn|3\n|\n|t:|1698886764\n|move|p2a: Samurott|Sucker Punch|p1a: Zacian\n|-resisted|p1a: Zacian\n|-damage|p1a: Zacian|0 fnt\n|faint|p1a: Zacian\n|\n|upkeep\n|\n|t:|1698886774\n|switch|p1a: Eternatus|Eternatus|100\/100\n|-damage|p1a: Eternatus|88\/100|[from] Spikes\n|-ability|p1a: Eternatus|Pressure\n|turn|4\n|\n|t:|1698886780\n|move|p2a: Samurott|Sucker Punch|p1a: Eternatus\n|-damage|p1a: Eternatus|60\/100\n|move|p1a: Eternatus|Dynamax Cannon|p2a: Samurott\n|-damage|p2a: Samurott|0 fnt\n|faint|p2a: Samurott\n|\n|upkeep\n|j| ZowwyCafe\u2764\n|\n|t:|1698886790\n|switch|p2a: Eternatus|Eternatus|100\/100\n|-ability|p2a: Eternatus|Pressure\n|turn|5\n|\n|t:|1698886797\n|switch|p1a: Alomomola|Alomomola, F|100\/100\n|-damage|p1a: Alomomola|88\/100|[from] Spikes\n|move|p2a: Eternatus|Dynamax Cannon|p1a: Alomomola\n|-damage|p1a: Alomomola|15\/100\n|\n|-heal|p1a: Alomomola|22\/100|[from] item: Leftovers\n|upkeep\n|turn|6\n|\n|t:|1698886815\n|move|p2a: Eternatus|Dynamax Cannon|p1a: Alomomola\n|-damage|p1a: Alomomola|0 fnt\n|faint|p1a: Alomomola\n|\n|upkeep\n|\n|t:|1698886821\n|switch|p1a: Giratina|Giratina|100\/100\n|-damage|p1a: Giratina|88\/100|[from] Spikes\n|-ability|p1a: Giratina|Pressure\n|turn|7\n|\n|t:|1698886837\n|-terastallize|p1a: Giratina|Steel\n|move|p2a: Eternatus|Dynamax Cannon|p1a: Giratina\n|-resisted|p1a: Giratina\n|-damage|p1a: Giratina|75\/100\n|move|p1a: Giratina|Will-O-Wisp|p2a: Eternatus\n|-status|p2a: Eternatus|brn\n|\n|-damage|p2a: Eternatus|94\/100 brn|[from] brn\n|upkeep\n|turn|8\n|\n|t:|1698886842\n|switch|p2a: Koraidon|Koraidon|100\/100\n|-weather|SunnyDay|[from] ability: Orichalcum Pulse|[of] p2a: Koraidon\n|-activate|p2a: Koraidon|Orichalcum Pulse|[source]\n|move|p1a: Giratina|Roar|p2a: Koraidon\n|drag|p2a: Arceus|Arceus-Ground|100\/100\n|\n|-weather|SunnyDay|[upkeep]\n|upkeep\n|turn|9\n|\n|t:|1698886852\n|switch|p2a: Eternatus|Eternatus|94\/100 brn\n|-ability|p2a: Eternatus|Pressure\n|move|p1a: Giratina|Defog|p2a: Eternatus\n|-unboost|p2a: Eternatus|evasion|1\n|-sideend|p1: Drageen|Spikes|[from] move: Defog|[of] p1a: Giratina\n|\n|-weather|SunnyDay|[upkeep]\n|-damage|p2a: Eternatus|88\/100 brn|[from] brn\n|upkeep\n|turn|10\n|\n|t:|1698886858\n|switch|p1a: Baxcalibur|Baxcalibur, F|100\/100\n|move|p2a: Eternatus|Fire Blast|p1a: Baxcalibur\n|-damage|p1a: Baxcalibur|35\/100\n|-ability|p1a: Baxcalibur|Thermal Exchange|boost\n|-boost|p1a: Baxcalibur|atk|1\n|\n|-weather|SunnyDay|[upkeep]\n|-damage|p2a: Eternatus|82\/100 brn|[from] brn\n|upkeep\n|turn|11\n|\n|t:|1698886865\n|move|p2a: Eternatus|Fire Blast|p1a: Baxcalibur\n|-damage|p1a: Baxcalibur|0 fnt\n|faint|p1a: Baxcalibur\n|\n|-weather|SunnyDay|[upkeep]\n|-damage|p2a: Eternatus|76\/100 brn|[from] brn\n|upkeep\n|\n|t:|1698886870\n|switch|p1a: Eternatus|Eternatus|60\/100\n|-ability|p1a: Eternatus|Pressure\n|turn|12\n|j|%Taka\n|\n|t:|1698886876\n|switch|p2a: Calyrex|Calyrex-Ice|100\/100\n|-ability|p2a: Calyrex|As One\n|-ability|p2a: Calyrex|Unnerve\n|move|p1a: Eternatus|Reflect|p1a: Eternatus\n|-sidestart|p1: Drageen|Reflect\n|\n|-weather|none\n|upkeep\n|turn|13\n|\n|t:|1698886894\n|move|p1a: Eternatus|Light Screen|p1a: Eternatus\n|-sidestart|p1: Drageen|move: Light Screen\n|move|p2a: Calyrex|Trick Room|p2a: Calyrex\n|-fieldstart|move: Trick Room|[of] p2a: Calyrex\n|\n|upkeep\n|turn|14\n|\n|t:|1698886898\n|move|p2a: Calyrex|Iron Defense|p2a: Calyrex\n|-boost|p2a: Calyrex|def|2\n|move|p1a: Eternatus|Recover|p1a: Eternatus\n|-heal|p1a: Eternatus|100\/100\n|\n|upkeep\n|turn|15\n|\n|t:|1698886904\n|move|p2a: Calyrex|Glacial Lance|p1a: Eternatus\n|-supereffective|p1a: Eternatus\n|-damage|p1a: Eternatus|45\/100\n|move|p1a: Eternatus|Dynamax Cannon|p2a: Calyrex\n|-damage|p2a: Calyrex|70\/100\n|\n|-heal|p2a: Calyrex|76\/100|[from] item: Leftovers\n|upkeep\n|turn|16\n|\n|t:|1698886908\n|move|p2a: Calyrex|Glacial Lance|p1a: Eternatus\n|-supereffective|p1a: Eternatus\n|-damage|p1a: Eternatus|0 fnt\n|faint|p1a: Eternatus\n|-ability|p2a: Calyrex|Chilling Neigh|boost\n|-boost|p2a: Calyrex|atk|1\n|\n|-heal|p2a: Calyrex|82\/100|[from] item: Leftovers\n|upkeep\n|\n|t:|1698886911\n|switch|p1a: Calyrex|Calyrex-Ice|100\/100\n|-ability|p1a: Calyrex|As One\n|-ability|p1a: Calyrex|Unnerve\n|turn|17\n|\n|t:|1698886923\n|move|p2a: Calyrex|Body Press|p1a: Calyrex\n|-damage|p1a: Calyrex|84\/100\n|move|p1a: Calyrex|Swords Dance|p1a: Calyrex\n|-boost|p1a: Calyrex|atk|2\n|\n|-heal|p2a: Calyrex|88\/100|[from] item: Leftovers\n|-heal|p1a: Calyrex|90\/100|[from] item: Leftovers\n|-fieldend|move: Trick Room\n|upkeep\n|turn|18\n|\n|t:|1698886930\n|move|p1a: Calyrex|Substitute|p1a: Calyrex\n|-start|p1a: Calyrex|Substitute\n|-damage|p1a: Calyrex|65\/100\n|move|p2a: Calyrex|Iron Defense|p2a: Calyrex\n|-boost|p2a: Calyrex|def|2\n|\n|-heal|p1a: Calyrex|72\/100|[from] item: Leftovers\n|-heal|p2a: Calyrex|95\/100|[from] item: Leftovers\n|upkeep\n|turn|19\n|\n|t:|1698886935\n|move|p1a: Calyrex|Swords Dance|p1a: Calyrex\n|-boost|p1a: Calyrex|atk|2\n|move|p2a: Calyrex|Body Press|p1a: Calyrex\n|-activate|p1a: Calyrex|move: Substitute|[damage]\n|\n|-heal|p1a: Calyrex|78\/100|[from] item: Leftovers\n|-heal|p2a: Calyrex|100\/100|[from] item: Leftovers\n|-sideend|p1: Drageen|Reflect\n|upkeep\n|turn|20\n|\n|t:|1698886939\n|move|p1a: Calyrex|Swords Dance|p1a: Calyrex\n|-boost|p1a: Calyrex|atk|2\n|move|p2a: Calyrex|Body Press|p1a: Calyrex\n|-end|p1a: Calyrex|Substitute\n|\n|-heal|p1a: Calyrex|84\/100|[from] item: Leftovers\n|-sideend|p1: Drageen|move: Light Screen\n|upkeep\n|turn|21\n|\n|t:|1698886942\n|move|p1a: Calyrex|High Horsepower|p2a: Calyrex\n|-crit|p2a: Calyrex\n|-damage|p2a: Calyrex|0 fnt\n|faint|p2a: Calyrex\n|\n|-heal|p1a: Calyrex|90\/100|[from] item: Leftovers\n|upkeep\n|\n|t:|1698886950\n|switch|p2a: Koraidon|Koraidon|100\/100\n|-weather|SunnyDay|[from] ability: Orichalcum Pulse|[of] p2a: Koraidon\n|-activate|p2a: Koraidon|Orichalcum Pulse|[source]\n|turn|22\n|\n|t:|1698886960\n|move|p2a: Koraidon|U-turn|p1a: Calyrex\n|-supereffective|p1a: Calyrex\n|-damage|p1a: Calyrex|53\/100\n|\n|t:|1698886963\n|switch|p2a: Eternatus|Eternatus|76\/100 brn|[from] U-turn\n|-ability|p2a: Eternatus|Pressure\n|move|p1a: Calyrex|Glacial Lance|p2a: Eternatus\n|-supereffective|p2a: Eternatus\n|-damage|p2a: Eternatus|0 fnt\n|faint|p2a: Eternatus\n|\n|-weather|SunnyDay|[upkeep]\n|-heal|p1a: Calyrex|59\/100|[from] item: Leftovers\n|upkeep\n|\n|t:|1698886965\n|switch|p2a: Koraidon|Koraidon|100\/100\n|-activate|p2a: Koraidon|ability: Orichalcum Pulse\n|turn|23\n|\n|t:|1698886969\n|move|p2a: Koraidon|Flare Blitz|p1a: Calyrex\n|-supereffective|p1a: Calyrex\n|-damage|p1a: Calyrex|0 fnt\n|faint|p1a: Calyrex\n|-damage|p2a: Koraidon|78\/100|[from] Recoil\n|\n|-weather|SunnyDay|[upkeep]\n|upkeep\n|\n|t:|1698886972\n|switch|p1a: Giratina|Giratina, tera:Steel|75\/100\n|-ability|p1a: Giratina|Pressure\n|turn|24\n|\n|t:|1698886979\n|move|p2a: Koraidon|Flare Blitz|p1a: Giratina\n|-supereffective|p1a: Giratina\n|-damage|p1a: Giratina|0 fnt\n|faint|p1a: Giratina\n|-damage|p2a: Koraidon|41\/100|[from] Recoil\n|\n|win|Larrix\n|n|\u2606Drageen|drageen\n|n|\u2606Larrix|larrix\n|n| ZowwyCafe\u2764|zowwycafe\n|n| Taka|taka\n","uploadtime":1698886979,"views":13,"p1id":"drageen","p2id":"larrix","formatid":"gen9ubers","rating":0,"private":0,"password":""}