{"id":"gen9ubers-1999836856","p1":"gatchamon","p2":"Rudywastaken","format":"[Gen 9] Ubers","log":"|j|\u2606gatchamon\n|j|\u2606Rudywastaken\n|t:|1701121336\n|gametype|singles\n|player|p1|gatchamon|swimmer-gen4|\n|player|p2|Rudywastaken|backersf|\n|teamsize|p1|6\n|teamsize|p2|6\n|gen|9\n|tier|[Gen 9] Ubers\n|rule|Sleep Clause Mod: Limit one foe put to sleep\n|rule|Species Clause: Limit one of each Pok\u00e9mon\n|rule|OHKO Clause: OHKO moves are banned\n|rule|Evasion Items Clause: Evasion items are banned\n|rule|Evasion Moves Clause: Evasion moves are banned\n|rule|Endless Battle Clause: Forcing endless battles is banned\n|rule|HP Percentage Mod: HP is shown in percentages\n|clearpoke\n|poke|p1|Lilligant-Hisui, F|\n|poke|p1|Ninetales, F|\n|poke|p1|Charizard, M|\n|poke|p1|Palossand, F|\n|poke|p1|Coalossal, M|\n|poke|p1|Brute Bonnet|\n|poke|p2|Scyther, M|\n|poke|p2|Arbok, M|\n|poke|p2|Lilligant-Hisui, F|\n|poke|p2|Squawkabilly, M|\n|poke|p2|Mew|\n|poke|p2|Appletun, M|\n|teampreview\n|\n|t:|1701121344\n|start\n|switch|p1a: Biggest Pitt|Coalossal, M|100\/100\n|switch|p2a: Quesadylan|Mew|100\/100\n|turn|1\n|\n|t:|1701121356\n|move|p2a: Quesadylan|Thunder Wave|p1a: Biggest Pitt\n|-status|p1a: Biggest Pitt|par\n|cant|p1a: Biggest Pitt|par\n|\n|upkeep\n|turn|2\n|\n|t:|1701121363\n|move|p2a: Quesadylan|Light Screen|p2a: Quesadylan\n|-sidestart|p2: Rudywastaken|move: Light Screen\n|move|p1a: Biggest Pitt|Stealth Rock|p2a: Quesadylan\n|-sidestart|p2: Rudywastaken|move: Stealth Rock\n|\n|upkeep\n|turn|3\n|\n|t:|1701121372\n|switch|p2a: Buy One Get One|Scyther, M|100\/100\n|-damage|p2a: Buy One Get One|50\/100|[from] Stealth Rock\n|switch|p1a: Kat Gravityrush|Ninetales, F|100\/100\n|-weather|SunnyDay|[from] ability: Drought|[of] p1a: Kat Gravityrush\n|\n|-weather|SunnyDay|[upkeep]\n|upkeep\n|turn|4\n|\n|t:|1701121383\n|switch|p1a: Princess Beach|Palossand, F|100\/100\n|move|p2a: Buy One Get One|Defog|p1a: Princess Beach\n|-unboost|p1a: Princess Beach|evasion|1\n|-sideend|p2: Rudywastaken|Stealth Rock|[from] move: Defog|[of] p2a: Buy One Get One\n|\n|-weather|SunnyDay|[upkeep]\n|upkeep\n|turn|5\n|\n|t:|1701121393\n|move|p2a: Buy One Get One|U-turn|p1a: Princess Beach\n|-resisted|p1a: Princess Beach\n|-damage|p1a: Princess Beach|90\/100\n|-damage|p2a: Buy One Get One|34\/100|[from] item: Rocky Helmet|[of] p1a: Princess Beach\n|\n|t:|1701121417\n|switch|p2a: Quesadylan|Mew|100\/100|[from] U-turn\n|move|p1a: Princess Beach|Shadow Ball|p2a: Quesadylan\n|-supereffective|p2a: Quesadylan\n|-damage|p2a: Quesadylan|75\/100\n|\n|-weather|SunnyDay|[upkeep]\n|-heal|p2a: Quesadylan|81\/100|[from] item: Leftovers\n|upkeep\n|turn|6\n|\n|t:|1701121454\n|switch|p1a: Haircute|Brute Bonnet|100\/100\n|-activate|p1a: Haircute|ability: Protosynthesis\n|-start|p1a: Haircute|protosynthesisatk\n|move|p2a: Quesadylan|Reflect|p2a: Quesadylan\n|-sidestart|p2: Rudywastaken|Reflect\n|\n|-weather|SunnyDay|[upkeep]\n|-heal|p2a: Quesadylan|87\/100|[from] item: Leftovers\n|-sideend|p2: Rudywastaken|move: Light Screen\n|upkeep\n|turn|7\n|\n|t:|1701121466\n|move|p2a: Quesadylan|Light Screen|p2a: Quesadylan\n|-sidestart|p2: Rudywastaken|move: Light Screen\n|move|p1a: Haircute|Crunch|p2a: Quesadylan\n|-supereffective|p2a: Quesadylan\n|-damage|p2a: Quesadylan|48\/100\n|\n|-weather|SunnyDay|[upkeep]\n|-heal|p2a: Quesadylan|54\/100|[from] item: Leftovers\n|upkeep\n|turn|8\n|\n|t:|1701121476\n|move|p2a: Quesadylan|Skill Swap||[still]\n|-fail|p2a: Quesadylan\n|move|p1a: Haircute|Spore|p2a: Quesadylan\n|-status|p2a: Quesadylan|slp|[from] move: Spore\n|\n|-weather|SunnyDay|[upkeep]\n|-heal|p2a: Quesadylan|60\/100 slp|[from] item: Leftovers\n|upkeep\n|turn|9\n|\n|t:|1701121490\n|cant|p2a: Quesadylan|slp\n|move|p1a: Haircute|Crunch|p2a: Quesadylan\n|-supereffective|p2a: Quesadylan\n|-damage|p2a: Quesadylan|16\/100 slp\n|\n|-weather|SunnyDay|[upkeep]\n|-heal|p2a: Quesadylan|22\/100 slp|[from] item: Leftovers\n|upkeep\n|turn|10\n|\n|t:|1701121507\n|switch|p2a: Bayou Lilly|Lilligant-Hisui, F|100\/100\n|move|p1a: Haircute|Crunch|p2a: Bayou Lilly\n|-resisted|p2a: Bayou Lilly\n|-damage|p2a: Bayou Lilly|82\/100\n|-unboost|p2a: Bayou Lilly|def|1\n|\n|-weather|none\n|-end|p1a: Haircute|Protosynthesis\n|-sideend|p2: Rudywastaken|Reflect\n|upkeep\n|turn|11\n|\n|t:|1701121521\n|-end|p1a: Haircute|Protosynthesis|[silent]\n|switch|p1a: Kat Gravityrush|Ninetales, F|100\/100\n|-weather|SunnyDay|[from] ability: Drought|[of] p1a: Kat Gravityrush\n|move|p2a: Bayou Lilly|Healing Wish|p2a: Bayou Lilly\n|faint|p2a: Bayou Lilly\n|\n|-weather|SunnyDay|[upkeep]\n|-sideend|p2: Rudywastaken|move: Light Screen\n|upkeep\n|\n|t:|1701121543\n|switch|p2a: Buy One Get One|Scyther, M|34\/100\n|-heal|p2a: Buy One Get One|100\/100|[from] move: Healing Wish\n|turn|12\n|\n|t:|1701121562\n|move|p2a: Buy One Get One|Dual Wingbeat|p1a: Kat Gravityrush\n|-damage|p1a: Kat Gravityrush|68\/100\n|-damage|p1a: Kat Gravityrush|34\/100\n|-hitcount|p1a: Kat Gravityrush|2\n|move|p1a: Kat Gravityrush|Overheat|p2a: Buy One Get One\n|-supereffective|p2a: Buy One Get One\n|-damage|p2a: Buy One Get One|0 fnt\n|-unboost|p1a: Kat Gravityrush|spa|2\n|faint|p2a: Buy One Get One\n|\n|-weather|SunnyDay|[upkeep]\n|upkeep\n|\n|t:|1701121574\n|switch|p2a: Crybaby|Squawkabilly, M|100\/100\n|turn|13\n|\n|t:|1701121593\n|move|p2a: Crybaby|Dual Wingbeat|p1a: Kat Gravityrush\n|-damage|p1a: Kat Gravityrush|11\/100\n|-damage|p1a: Kat Gravityrush|0 fnt\n|faint|p1a: Kat Gravityrush\n|-hitcount|p1: Kat Gravityrush|2\n|\n|-weather|SunnyDay|[upkeep]\n|-status|p2a: Crybaby|brn|[from] item: Flame Orb\n|upkeep\n|\n|t:|1701121608\n|switch|p1a: Biggest Pitt|Coalossal, M|100\/100 par\n|turn|14\n|\n|t:|1701121662\n|move|p2a: Crybaby|Dual Wingbeat|p1a: Biggest Pitt\n|-resisted|p1a: Biggest Pitt\n|-damage|p1a: Biggest Pitt|94\/100 par\n|-resisted|p1a: Biggest Pitt\n|-damage|p1a: Biggest Pitt|88\/100 par\n|-hitcount|p1a: Biggest Pitt|2\n|move|p1a: Biggest Pitt|Stealth Rock|p2a: Crybaby\n|-sidestart|p2: Rudywastaken|move: Stealth Rock\n|\n|-weather|SunnyDay|[upkeep]\n|-damage|p2a: Crybaby|94\/100 brn|[from] brn\n|upkeep\n|turn|15\n|\n|t:|1701121674\n|move|p2a: Crybaby|Dual Wingbeat|p1a: Biggest Pitt\n|-resisted|p1a: Biggest Pitt\n|-damage|p1a: Biggest Pitt|80\/100 par\n|-resisted|p1a: Biggest Pitt\n|-damage|p1a: Biggest Pitt|73\/100 par\n|-hitcount|p1a: Biggest Pitt|2\n|move|p1a: Biggest Pitt|Power Gem|p2a: Crybaby\n|-supereffective|p2a: Crybaby\n|-damage|p2a: Crybaby|14\/100 brn\n|\n|-weather|SunnyDay|[upkeep]\n|-damage|p2a: Crybaby|7\/100 brn|[from] brn\n|upkeep\n|turn|16\n|\n|t:|1701121686\n|switch|p1a: Princess Beach|Palossand, F|90\/100\n|move|p2a: Crybaby|Tailwind|p2a: Crybaby\n|-sidestart|p2: Rudywastaken|move: Tailwind\n|\n|-weather|SunnyDay|[upkeep]\n|-damage|p2a: Crybaby|1\/100 brn|[from] brn\n|upkeep\n|turn|17\n|\n|t:|1701121711\n|move|p2a: Crybaby|Dual Wingbeat|p1a: Princess Beach\n|-crit|p1a: Princess Beach\n|-damage|p1a: Princess Beach|64\/100\n|-damage|p2a: Crybaby|0 fnt|[from] item: Rocky Helmet|[of] p1a: Princess Beach\n|faint|p2a: Crybaby\n|-hitcount|p1a: Princess Beach|1\n|move|p1a: Princess Beach|Shadow Ball|p2: Crybaby|[notarget]\n|-fail|p1a: Princess Beach\n|\n|-weather|SunnyDay|[upkeep]\n|upkeep\n|\n|t:|1701121783\n|switch|p2a: Black Cherry|Arbok, M|100\/100\n|-damage|p2a: Black Cherry|88\/100|[from] Stealth Rock\n|-ability|p2a: Black Cherry|Intimidate|boost\n|-unboost|p1a: Princess Beach|atk|1\n|turn|18\n|\n|t:|1701121797\n|move|p2a: Black Cherry|Coil|p2a: Black Cherry\n|-boost|p2a: Black Cherry|atk|1\n|-boost|p2a: Black Cherry|def|1\n|-boost|p2a: Black Cherry|accuracy|1\n|move|p1a: Princess Beach|Earth Power|p2a: Black Cherry\n|-supereffective|p2a: Black Cherry\n|-damage|p2a: Black Cherry|0 fnt\n|faint|p2a: Black Cherry\n|\n|-weather|none\n|upkeep\n|\n|t:|1701121806\n|switch|p2a: Quesadylan|Mew|22\/100 slp\n|-damage|p2a: Quesadylan|10\/100 slp|[from] Stealth Rock\n|turn|19\n|\n|t:|1701121814\n|cant|p2a: Quesadylan|slp\n|move|p1a: Princess Beach|Shadow Ball|p2a: Quesadylan\n|-supereffective|p2a: Quesadylan\n|-damage|p2a: Quesadylan|0 fnt\n|faint|p2a: Quesadylan\n|\n|-sideend|p2: Rudywastaken|move: Tailwind\n|upkeep\n|\n|t:|1701121820\n|switch|p2a: Skrunk|Appletun, M|100\/100\n|-damage|p2a: Skrunk|88\/100|[from] Stealth Rock\n|turn|20\n|\n|t:|1701121829\n|-terastallize|p1a: Princess Beach|Ghost\n|move|p1a: Princess Beach|Shadow Ball|p2a: Skrunk\n|-damage|p2a: Skrunk|38\/100\n|-enditem|p2a: Skrunk|Sitrus Berry|[eat]\n|-heal|p2a: Skrunk|63\/100|[from] item: Sitrus Berry\n|move|p2a: Skrunk|Leech Seed|p1a: Princess Beach\n|-start|p1a: Princess Beach|move: Leech Seed\n|\n|-damage|p1a: Princess Beach|52\/100|[from] Leech Seed|[of] p2a: Skrunk\n|-heal|p2a: Skrunk|75\/100|[silent]\n|upkeep\n|turn|21\n|c|\u2606Rudywastaken|clean sweeps\n|c|\u2606Rudywastaken|the weird little guys have run their course\n|\n|t:|1701121844\n|move|p1a: Princess Beach|Shore Up|p1a: Princess Beach\n|-heal|p1a: Princess Beach|100\/100\n|move|p2a: Skrunk|Draco Meteor|p1a: Princess Beach\n|-damage|p1a: Princess Beach|44\/100\n|-unboost|p2a: Skrunk|spa|2\n|\n|-damage|p1a: Princess Beach|32\/100|[from] Leech Seed|[of] p2a: Skrunk\n|-heal|p2a: Skrunk|86\/100|[silent]\n|upkeep\n|turn|22\n|\n|t:|1701121856\n|move|p1a: Princess Beach|Shore Up|p1a: Princess Beach\n|-heal|p1a: Princess Beach|82\/100\n|move|p2a: Skrunk|Draco Meteor|p1a: Princess Beach\n|-damage|p1a: Princess Beach|52\/100\n|-unboost|p2a: Skrunk|spa|2\n|\n|-damage|p1a: Princess Beach|40\/100|[from] Leech Seed|[of] p2a: Skrunk\n|-heal|p2a: Skrunk|98\/100|[silent]\n|upkeep\n|turn|23\n|\n|t:|1701121868\n|move|p1a: Princess Beach|Shore Up|p1a: Princess Beach\n|-heal|p1a: Princess Beach|90\/100\n|move|p2a: Skrunk|Draco Meteor|p1a: Princess Beach\n|-damage|p1a: Princess Beach|70\/100\n|-unboost|p2a: Skrunk|spa|2\n|\n|-damage|p1a: Princess Beach|57\/100|[from] Leech Seed|[of] p2a: Skrunk\n|-heal|p2a: Skrunk|100\/100|[silent]\n|upkeep\n|turn|24\n|c|\u2606Rudywastaken|gotta get that minimum spatk\n|\n|t:|1701121881\n|move|p1a: Princess Beach|Shadow Ball|p2a: Skrunk\n|-crit|p2a: Skrunk\n|-damage|p2a: Skrunk|24\/100\n|move|p2a: Skrunk|Draco Meteor|p1a: Princess Beach\n|-damage|p1a: Princess Beach|44\/100\n|\n|-damage|p1a: Princess Beach|31\/100|[from] Leech Seed|[of] p2a: Skrunk\n|-heal|p2a: Skrunk|36\/100|[silent]\n|upkeep\n|turn|25\n|\n|t:|1701121890\n|move|p1a: Princess Beach|Shadow Ball|p2a: Skrunk\n|-damage|p2a: Skrunk|0 fnt\n|faint|p2a: Skrunk\n|\n|win|gatchamon\n|c|\u2606gatchamon|Ggs\n","uploadtime":1701121899,"views":11,"p1id":"gatchamon","p2id":"rudywastaken","formatid":"gen9ubers","rating":0,"private":0,"password":""}