{"id":"gen9ubers-1999757523","p1":"ZachMcD","p2":"silastf","format":"[Gen 9] Ubers","log":"|j|\u2606ZachMcD\n|j|\u2606silastf\n|t:|1701113998\n|gametype|singles\n|player|p1|ZachMcD|giovanni|\n|player|p2|silastf|170|\n|teamsize|p1|6\n|teamsize|p2|6\n|gen|9\n|tier|[Gen 9] Ubers\n|rule|Sleep Clause Mod: Limit one foe put to sleep\n|rule|Species Clause: Limit one of each Pok\u00e9mon\n|rule|OHKO Clause: OHKO moves are banned\n|rule|Evasion Items Clause: Evasion items are banned\n|rule|Evasion Moves Clause: Evasion moves are banned\n|rule|Endless Battle Clause: Forcing endless battles is banned\n|rule|HP Percentage Mod: HP is shown in percentages\n|clearpoke\n|poke|p1|Enamorus, F|\n|poke|p1|Ogerpon-Hearthflame, F|\n|poke|p1|Gholdengo|\n|poke|p1|Slowbro, M|\n|poke|p1|Kilowattrel, M|\n|poke|p1|Brambleghast, F|\n|poke|p2|Greninja-*, M|\n|poke|p2|Garchomp, F|\n|poke|p2|Weezing-Galar, F|\n|poke|p2|Infernape, F|\n|poke|p2|Leavanny, M|\n|poke|p2|Rotom-Wash|\n|teampreview\n|c|\u2606silastf|Sorry for all the delays!\n|c|\u2606ZachMcD|no ur good\n|c|\u2606ZachMcD|no worries\n|j| The ShaqtusLOL\n|c|\u2606ZachMcD|glgl\n|j| DivogoJota\n|c|\u2606silastf|gl!!\n|\n|t:|1701114062\n|start\n|switch|p1a: Zapdos at Home|Kilowattrel, M|100\/100\n|switch|p2a: Weezing|Weezing-Galar, F|100\/100\n|-ability|p2a: Weezing|Neutralizing Gas\n|turn|1\n|l| DivogoJota\n|\n|t:|1701114136\n|-end|p2a: Weezing|ability: Neutralizing Gas\n|switch|p2a: Garchomp|Garchomp, F|100\/100\n|move|p1a: Zapdos at Home|Hurricane|p2a: Garchomp|[miss]\n|-miss|p1a: Zapdos at Home|p2a: Garchomp\n|\n|upkeep\n|turn|2\n|\n|t:|1701114178\n|switch|p1a: Shlackin'|Slowbro, M|100\/100\n|switch|p2a: Weezing|Weezing-Galar, F|100\/100\n|-ability|p2a: Weezing|Neutralizing Gas\n|\n|upkeep\n|turn|3\n|\n|t:|1701114216\n|move|p2a: Weezing|Dark Pulse|p1a: Shlackin'\n|-supereffective|p1a: Shlackin'\n|-damage|p1a: Shlackin'|56\/100\n|move|p1a: Shlackin'|Yawn|p2a: Weezing\n|-start|p2a: Weezing|move: Yawn|[of] p1a: Shlackin'\n|\n|upkeep\n|turn|4\n|\n|t:|1701114225\n|-end|p2a: Weezing|ability: Neutralizing Gas\n|switch|p2a: Greninja|Greninja, M|100\/100\n|move|p1a: Shlackin'|Slack Off|p1a: Shlackin'\n|-heal|p1a: Shlackin'|100\/100\n|\n|upkeep\n|turn|5\n|j| DivogoJota\n|\n|t:|1701114275\n|switch|p1a: Snakebit|Enamorus, F|100\/100\n|move|p2a: Greninja|Dark Pulse|p1a: Snakebit\n|-resisted|p1a: Snakebit\n|-damage|p1a: Snakebit|75\/100\n|\n|upkeep\n|turn|6\n|\n|t:|1701114301\n|move|p2a: Greninja|Ice Beam|p1a: Snakebit\n|-supereffective|p1a: Snakebit\n|-damage|p1a: Snakebit|1\/100\n|move|p1a: Snakebit|Calm Mind|p1a: Snakebit\n|-boost|p1a: Snakebit|spa|1\n|-boost|p1a: Snakebit|spd|1\n|\n|upkeep\n|turn|7\n|\n|t:|1701114365\n|switch|p1a: Angy|Ogerpon-Hearthflame, F|100\/100\n|-ability|p1a: Angy|Mold Breaker\n|move|p2a: Greninja|Dark Pulse|p1a: Angy\n|-damage|p1a: Angy|56\/100\n|\n|upkeep\n|turn|8\n|\n|t:|1701114390\n|move|p2a: Greninja|U-turn|p1a: Angy\n|-damage|p1a: Angy|37\/100\n|j| curtisthecacnea\n|\n|t:|1701114441\n|switch|p2a: Weezing|Weezing-Galar, F|100\/100|[from] U-turn\n|-ability|p2a: Weezing|Neutralizing Gas\n|move|p1a: Angy|Trailblaze|p2a: Weezing\n|-resisted|p2a: Weezing\n|-damage|p2a: Weezing|87\/100\n|-boost|p1a: Angy|spe|1\n|\n|-heal|p2a: Weezing|93\/100|[from] item: Leftovers\n|upkeep\n|turn|9\n|\n|t:|1701114452\n|switch|p1a: Surfin' USA|Gholdengo|100\/100\n|move|p2a: Weezing|Sludge Bomb|p1a: Surfin' USA\n|-immune|p1a: Surfin' USA\n|\n|-heal|p2a: Weezing|99\/100|[from] item: Leftovers\n|upkeep\n|turn|10\n|\n|t:|1701114473\n|-end|p2a: Weezing|ability: Neutralizing Gas\n|switch|p2a: Rotom|Rotom-Wash|100\/100\n|move|p1a: Surfin' USA|Shadow Ball|p2a: Rotom\n|-damage|p2a: Rotom|43\/100\n|\n|upkeep\n|turn|11\n|\n|t:|1701114480\n|move|p2a: Rotom|Dark Pulse|p1a: Surfin' USA\n|-supereffective|p1a: Surfin' USA\n|-damage|p1a: Surfin' USA|47\/100\n|move|p1a: Surfin' USA|Shadow Ball|p2a: Rotom\n|-damage|p2a: Rotom|0 fnt\n|faint|p2a: Rotom\n|\n|-heal|p1a: Surfin' USA|53\/100|[from] item: Leftovers\n|upkeep\n|\n|t:|1701114489\n|switch|p2a: Greninja|Greninja, M|100\/100\n|turn|12\n|\n|t:|1701114520\n|switch|p1a: Snakebit|Enamorus, F|1\/100\n|move|p2a: Greninja|Dark Pulse|p1a: Snakebit\n|-resisted|p1a: Snakebit\n|-damage|p1a: Snakebit|0 fnt\n|faint|p1a: Snakebit\n|-ability|p2a: Greninja|Battle Bond|boost\n|-boost|p2a: Greninja|atk|1\n|-boost|p2a: Greninja|spa|1\n|-boost|p2a: Greninja|spe|1\n|-activate|p2a: Greninja|ability: Battle Bond\n|\n|upkeep\n|\n|t:|1701114521\n|switch|p1a: Zapdos at Home|Kilowattrel, M|100\/100\n|turn|13\n|\n|t:|1701114532\n|move|p1a: Zapdos at Home|Thunderbolt|p2a: Greninja\n|-supereffective|p2a: Greninja\n|-damage|p2a: Greninja|0 fnt\n|faint|p2a: Greninja\n|\n|upkeep\n|\n|t:|1701114539\n|switch|p2a: Leavanny|Leavanny, M|100\/100\n|turn|14\n|\n|t:|1701114550\n|switch|p1a: Tumblr|Brambleghast, F|100\/100\n|-terastallize|p2a: Leavanny|Ground\n|move|p2a: Leavanny|Poison Jab|p1a: Tumblr\n|-damage|p1a: Tumblr|55\/100\n|\n|upkeep\n|turn|15\n|\n|t:|1701114562\n|move|p2a: Leavanny|Shadow Claw|p1a: Tumblr\n|-supereffective|p1a: Tumblr\n|-damage|p1a: Tumblr|0 fnt\n|faint|p1a: Tumblr\n|\n|upkeep\n|\n|t:|1701114572\n|switch|p1a: Shlackin'|Slowbro, M|100\/100\n|turn|16\n|\n|t:|1701114582\n|move|p2a: Leavanny|Lunge|p1a: Shlackin'\n|-supereffective|p1a: Shlackin'\n|-damage|p1a: Shlackin'|56\/100\n|-unboost|p1a: Shlackin'|atk|1\n|-damage|p2a: Leavanny|84\/100|[from] item: Rocky Helmet|[of] p1a: Shlackin'\n|move|p1a: Shlackin'|Scald|p2a: Leavanny\n|-supereffective|p2a: Leavanny\n|-damage|p2a: Leavanny|0 fnt\n|faint|p2a: Leavanny\n|\n|upkeep\n|\n|t:|1701114591\n|switch|p2a: Weezing|Weezing-Galar, F|99\/100\n|-ability|p2a: Weezing|Neutralizing Gas\n|turn|17\n|\n|t:|1701114605\n|switch|p1a: Zapdos at Home|Kilowattrel, M|100\/100\n|move|p2a: Weezing|Thunderbolt|p1a: Zapdos at Home\n|-damage|p1a: Zapdos at Home|61\/100\n|\n|-heal|p2a: Weezing|100\/100|[from] item: Leftovers\n|upkeep\n|turn|18\n|\n|t:|1701114621\n|move|p1a: Zapdos at Home|Hurricane|p2a: Weezing|[miss]\n|-miss|p1a: Zapdos at Home|p2a: Weezing\n|move|p2a: Weezing|Strange Steam|p1a: Zapdos at Home\n|-damage|p1a: Zapdos at Home|0 fnt\n|faint|p1a: Zapdos at Home\n|\n|upkeep\n|\n|t:|1701114628\n|switch|p1a: Surfin' USA|Gholdengo|53\/100\n|turn|19\n|\n|t:|1701114634\n|-end|p2a: Weezing|ability: Neutralizing Gas\n|switch|p2a: Garchomp|Garchomp, F|100\/100\n|move|p1a: Surfin' USA|Make It Rain|p2a: Garchomp\n|-damage|p2a: Garchomp|50\/100\n|-unboost|p1a: Surfin' USA|spa|1\n|\n|-heal|p1a: Surfin' USA|59\/100|[from] item: Leftovers\n|-heal|p2a: Garchomp|56\/100|[from] item: Leftovers\n|upkeep\n|turn|20\n|\n|t:|1701114671\n|switch|p1a: Shlackin'|Slowbro, M|56\/100\n|move|p2a: Garchomp|Earthquake|p1a: Shlackin'\n|-damage|p1a: Shlackin'|31\/100\n|\n|-heal|p2a: Garchomp|62\/100|[from] item: Leftovers\n|upkeep\n|turn|21\n|\n|t:|1701114684\n|switch|p2a: Weezing|Weezing-Galar, F|100\/100\n|-ability|p2a: Weezing|Neutralizing Gas\n|move|p1a: Shlackin'|Slack Off|p1a: Shlackin'\n|-heal|p1a: Shlackin'|81\/100\n|\n|upkeep\n|turn|22\n|\n|t:|1701114689\n|move|p2a: Weezing|Dark Pulse|p1a: Shlackin'\n|-supereffective|p1a: Shlackin'\n|-damage|p1a: Shlackin'|41\/100\n|move|p1a: Shlackin'|Future Sight|p2a: Weezing\n|-start|p1a: Shlackin'|move: Future Sight\n|\n|upkeep\n|turn|23\n|\n|t:|1701114703\n|move|p2a: Weezing|Dark Pulse|p1a: Shlackin'\n|-supereffective|p1a: Shlackin'\n|-damage|p1a: Shlackin'|0 fnt\n|faint|p1a: Shlackin'\n|\n|upkeep\n|\n|t:|1701114707\n|switch|p1a: Surfin' USA|Gholdengo|59\/100\n|turn|24\n|\n|t:|1701114731\n|move|p1a: Surfin' USA|Shadow Ball|p2a: Weezing\n|-damage|p2a: Weezing|44\/100\n|move|p2a: Weezing|Dark Pulse|p1a: Surfin' USA\n|-supereffective|p1a: Surfin' USA\n|-damage|p1a: Surfin' USA|10\/100\n|\n|-end|p2a: Weezing|move: Future Sight\n|-supereffective|p2a: Weezing\n|-damage|p2a: Weezing|0 fnt\n|faint|p2a: Weezing\n|-end|p2a: Weezing|ability: Neutralizing Gas\n|-heal|p1a: Surfin' USA|16\/100|[from] item: Leftovers\n|upkeep\n|\n|t:|1701114742\n|switch|p2a: Infernape|Infernape, F|100\/100\n|turn|25\n|\n|t:|1701114751\n|move|p2a: Infernape|Fire Punch|p1a: Surfin' USA\n|-supereffective|p1a: Surfin' USA\n|-damage|p1a: Surfin' USA|0 fnt\n|faint|p1a: Surfin' USA\n|\n|upkeep\n|\n|t:|1701114753\n|switch|p1a: Angy|Ogerpon-Hearthflame, F|37\/100\n|-ability|p1a: Angy|Mold Breaker\n|turn|26\n|\n|t:|1701114760\n|move|p2a: Infernape|Fire Punch|p1a: Angy\n|-damage|p1a: Angy|0 fnt\n|faint|p1a: Angy\n|\n|win|silastf\n|c|\u2606silastf|gg\n|c| DivogoJota|Gg\n|c|\u2606ZachMcD|ggs\n|l| DivogoJota\n|c|\u2606silastf|well played man\n|c|\u2606ZachMcD|u2\n|l| The ShaqtusLOL\n|c|\u2606silastf|I was so scared of your bird ngl\n|c|\u2606silastf|I dont really have much for it\n|c|\u2606ZachMcD|ye\n|c|\u2606silastf|well have a nice day!\n|c|\u2606ZachMcD|u2!\n|l|\u2606silastf\n|j|\u2606silastf\n|player|p2|silastf|170\n|l| curtisthecacnea\n","uploadtime":1701114892,"views":24,"p1id":"zachmcd","p2id":"silastf","formatid":"gen9ubers","rating":0,"private":0,"password":""}