{"id":"gen9ubers-1979678200","p1":"Nitro524","p2":"Leo Justice","format":"[Gen 9] Ubers","log":"|j|\u2606Nitro524\n|j|\u2606Leo Justice\n|t:|1698702473\n|gametype|singles\n|player|p1|Nitro524|hilbert|\n|player|p2|Leo Justice|carmine|\n|teamsize|p1|6\n|teamsize|p2|6\n|gen|9\n|tier|[Gen 9] Ubers\n|rule|Sleep Clause Mod: Limit one foe put to sleep\n|rule|Species Clause: Limit one of each Pok\u00e9mon\n|rule|OHKO Clause: OHKO moves are banned\n|rule|Evasion Items Clause: Evasion items are banned\n|rule|Evasion Moves Clause: Evasion moves are banned\n|rule|Endless Battle Clause: Forcing endless battles is banned\n|rule|HP Percentage Mod: HP is shown in percentages\n|clearpoke\n|poke|p1|Meowscarada, M|\n|poke|p1|Grimmsnarl, M|\n|poke|p1|Zacian-*|\n|poke|p1|Arceus-Poison|\n|poke|p1|Magearna|\n|poke|p1|Basculegion-F, F|\n|poke|p2|Garganacl, M|\n|poke|p2|Blissey, F|\n|poke|p2|Hatterene, F|\n|poke|p2|Dondozo, F|\n|poke|p2|Slowking-Galar, M|\n|poke|p2|Giratina|\n|teampreview\n|c|\u2606Nitro524|glhf\n|\n|t:|1698702486\n|start\n|switch|p1a: Meowscarada|Meowscarada, M|100\/100\n|switch|p2a: Slowking|Slowking-Galar, M|100\/100\n|turn|1\n|\n|t:|1698702500\n|switch|p2a: Hatterene|Hatterene, F|100\/100\n|move|p1a: Meowscarada|Taunt|p2a: Hatterene\n|-start|p1a: Meowscarada|typechange|Dark|[from] ability: Protean\n|move|p2a: Hatterene|Taunt|p1a: Meowscarada|[from]ability: Magic Bounce\n|-start|p1a: Meowscarada|move: Taunt\n|\n|upkeep\n|turn|2\n|\n|t:|1698702515\n|move|p1a: Meowscarada|Knock Off|p2a: Hatterene\n|-damage|p2a: Hatterene|49\/100\n|-enditem|p2a: Hatterene|Leftovers|[from] move: Knock Off|[of] p1a: Meowscarada\n|move|p2a: Hatterene|Draining Kiss|p1a: Meowscarada\n|-supereffective|p1a: Meowscarada\n|-damage|p1a: Meowscarada|27\/100\n|-heal|p2a: Hatterene|100\/100|[from] drain|[of] p1a: Meowscarada\n|\n|upkeep\n|turn|3\n|\n|t:|1698702524\n|switch|p1a: Arceus|Arceus-Poison|100\/100\n|move|p2a: Hatterene|Draining Kiss|p1a: Arceus\n|-resisted|p1a: Arceus\n|-damage|p1a: Arceus|93\/100\n|\n|upkeep\n|turn|4\n|\n|t:|1698702530\n|switch|p2a: Garganacl|Garganacl, M|100\/100\n|move|p1a: Arceus|Judgment|p2a: Garganacl\n|-resisted|p2a: Garganacl\n|-damage|p2a: Garganacl|86\/100\n|\n|-heal|p2a: Garganacl|92\/100|[from] item: Leftovers\n|upkeep\n|turn|5\n|\n|t:|1698702556\n|switch|p1a: Magearna|Magearna|100\/100\n|move|p2a: Garganacl|Salt Cure|p1a: Magearna\n|-resisted|p1a: Magearna\n|-damage|p1a: Magearna|96\/100\n|-start|p1a: Magearna|Salt Cure\n|\n|-heal|p1a: Magearna|100\/100|[from] item: Leftovers\n|-heal|p2a: Garganacl|98\/100|[from] item: Leftovers\n|-damage|p1a: Magearna|76\/100|[from] Salt Cure\n|upkeep\n|turn|6\n|inactive|Battle timer is ON: inactive players will automatically lose when time's up. (requested by Nitro524)\n|\n|t:|1698702608\n|switch|p1a: Grimmsnarl|Grimmsnarl, M|100\/100\n|move|p2a: Garganacl|Iron Defense|p2a: Garganacl\n|-boost|p2a: Garganacl|def|2\n|\n|-heal|p2a: Garganacl|100\/100|[from] item: Leftovers\n|upkeep\n|turn|7\n|\n|t:|1698702621\n|move|p1a: Grimmsnarl|Reflect|p1a: Grimmsnarl\n|-sidestart|p1: Nitro524|Reflect\n|move|p2a: Garganacl|Salt Cure|p1a: Grimmsnarl\n|-crit|p1a: Grimmsnarl\n|-damage|p1a: Grimmsnarl|77\/100\n|-start|p1a: Grimmsnarl|Salt Cure\n|\n|-damage|p1a: Grimmsnarl|64\/100|[from] Salt Cure\n|upkeep\n|turn|8\n|\n|t:|1698702637\n|move|p1a: Grimmsnarl|Light Screen|p1a: Grimmsnarl\n|-sidestart|p1: Nitro524|move: Light Screen\n|move|p2a: Garganacl|Iron Defense|p2a: Garganacl\n|-boost|p2a: Garganacl|def|2\n|\n|-damage|p1a: Grimmsnarl|52\/100|[from] Salt Cure\n|upkeep\n|turn|9\n|\n|t:|1698702655\n|move|p1a: Grimmsnarl|Parting Shot|p2a: Garganacl\n|-unboost|p2a: Garganacl|atk|1\n|-unboost|p2a: Garganacl|spa|1\n|\n|t:|1698702676\n|switch|p1a: Basculegion|Basculegion-F, F|100\/100|[from] Parting Shot\n|move|p2a: Garganacl|Body Press|p1a: Basculegion\n|-immune|p1a: Basculegion\n|\n|upkeep\n|turn|10\n|\n|t:|1698702685\n|-terastallize|p2a: Garganacl|Water\n|move|p1a: Basculegion|Wave Crash|p2a: Garganacl\n|-resisted|p2a: Garganacl\n|-damage|p2a: Garganacl|93\/100\n|-damage|p1a: Basculegion|98\/100|[from] Recoil\n|move|p2a: Garganacl|Salt Cure|p1a: Basculegion\n|-damage|p1a: Basculegion|92\/100\n|-start|p1a: Basculegion|Salt Cure\n|\n|-heal|p2a: Garganacl|99\/100|[from] item: Leftovers\n|-damage|p1a: Basculegion|67\/100|[from] Salt Cure\n|upkeep\n|turn|11\n|\n|t:|1698702695\n|switch|p1a: Magearna|Magearna|76\/100\n|move|p2a: Garganacl|Salt Cure|p1a: Magearna\n|-resisted|p1a: Magearna\n|-damage|p1a: Magearna|74\/100\n|-start|p1a: Magearna|Salt Cure\n|\n|-heal|p1a: Magearna|80\/100|[from] item: Leftovers\n|-heal|p2a: Garganacl|100\/100|[from] item: Leftovers\n|-damage|p1a: Magearna|56\/100|[from] Salt Cure\n|upkeep\n|turn|12\n|\n|t:|1698702702\n|move|p1a: Magearna|Draining Kiss|p2a: Garganacl\n|-damage|p2a: Garganacl|87\/100\n|-heal|p1a: Magearna|67\/100|[from] drain|[of] p2a: Garganacl\n|move|p2a: Garganacl|Body Press|p1a: Magearna\n|-damage|p1a: Magearna|47\/100\n|\n|-heal|p1a: Magearna|53\/100|[from] item: Leftovers\n|-heal|p2a: Garganacl|93\/100|[from] item: Leftovers\n|-damage|p1a: Magearna|28\/100|[from] Salt Cure\n|upkeep\n|turn|13\n|\n|t:|1698702731\n|switch|p1a: Arceus|Arceus-Poison|93\/100\n|move|p2a: Garganacl|Iron Defense|p2a: Garganacl\n|-boost|p2a: Garganacl|def|2\n|\n|-heal|p2a: Garganacl|99\/100|[from] item: Leftovers\n|upkeep\n|turn|14\n|\n|t:|1698702753\n|move|p1a: Arceus|Calm Mind|p1a: Arceus\n|-boost|p1a: Arceus|spa|1\n|-boost|p1a: Arceus|spd|1\n|move|p2a: Garganacl|Salt Cure|p1a: Arceus\n|-damage|p1a: Arceus|90\/100\n|-start|p1a: Arceus|Salt Cure\n|\n|-heal|p2a: Garganacl|100\/100|[from] item: Leftovers\n|-damage|p1a: Arceus|78\/100|[from] Salt Cure\n|-sideend|p1: Nitro524|Reflect\n|upkeep\n|turn|15\n|\n|t:|1698702765\n|move|p1a: Arceus|Judgment|p2a: Garganacl\n|-damage|p2a: Garganacl|56\/100\n|move|p2a: Garganacl|Body Press|p1a: Arceus\n|-resisted|p1a: Arceus\n|-damage|p1a: Arceus|47\/100\n|\n|-heal|p2a: Garganacl|62\/100|[from] item: Leftovers\n|-damage|p1a: Arceus|35\/100|[from] Salt Cure\n|-sideend|p1: Nitro524|move: Light Screen\n|upkeep\n|turn|16\n|\n|t:|1698702773\n|switch|p2a: Giratina|Giratina|100\/100\n|-ability|p2a: Giratina|Pressure\n|move|p1a: Arceus|Judgment|p2a: Giratina\n|-resisted|p2a: Giratina\n|-damage|p2a: Giratina|84\/100\n|\n|-damage|p1a: Arceus|22\/100|[from] Salt Cure\n|upkeep\n|turn|17\n|\n|t:|1698702785\n|switch|p1a: Meowscarada|Meowscarada, M|27\/100\n|move|p2a: Giratina|Draco Meteor|p1a: Meowscarada\n|-damage|p1a: Meowscarada|0 fnt\n|-unboost|p2a: Giratina|spa|2\n|faint|p1a: Meowscarada\n|\n|upkeep\n|\n|t:|1698702794\n|switch|p1a: Magearna|Magearna|28\/100\n|turn|18\n|\n|t:|1698702812\n|switch|p2a: Garganacl|Garganacl, M, tera:Water|62\/100\n|move|p1a: Magearna|Shift Gear|p1a: Magearna\n|-boost|p1a: Magearna|spe|2\n|-boost|p1a: Magearna|atk|1\n|\n|-heal|p1a: Magearna|34\/100|[from] item: Leftovers\n|-heal|p2a: Garganacl|68\/100|[from] item: Leftovers\n|upkeep\n|turn|19\n|\n|t:|1698702823\n|move|p1a: Magearna|Draining Kiss|p2a: Garganacl\n|-damage|p2a: Garganacl|55\/100\n|-heal|p1a: Magearna|46\/100|[from] drain|[of] p2a: Garganacl\n|move|p2a: Garganacl|Salt Cure|p1a: Magearna\n|-resisted|p1a: Magearna\n|-damage|p1a: Magearna|42\/100\n|-start|p1a: Magearna|Salt Cure\n|\n|-heal|p1a: Magearna|48\/100|[from] item: Leftovers\n|-heal|p2a: Garganacl|61\/100|[from] item: Leftovers\n|-damage|p1a: Magearna|23\/100|[from] Salt Cure\n|upkeep\n|turn|20\n|\n|t:|1698702837\n|move|p1a: Magearna|Draining Kiss|p2a: Garganacl\n|-damage|p2a: Garganacl|47\/100\n|-heal|p1a: Magearna|35\/100|[from] drain|[of] p2a: Garganacl\n|move|p2a: Garganacl|Recover|p2a: Garganacl\n|-heal|p2a: Garganacl|97\/100\n|\n|-heal|p1a: Magearna|41\/100|[from] item: Leftovers\n|-heal|p2a: Garganacl|100\/100|[from] item: Leftovers\n|-damage|p1a: Magearna|16\/100|[from] Salt Cure\n|upkeep\n|turn|21\n|\n|t:|1698702842\n|move|p1a: Magearna|Draining Kiss|p2a: Garganacl\n|-damage|p2a: Garganacl|87\/100\n|-heal|p1a: Magearna|27\/100|[from] drain|[of] p2a: Garganacl\n|move|p2a: Garganacl|Iron Defense|p2a: Garganacl\n|-boost|p2a: Garganacl|def|2\n|\n|-heal|p1a: Magearna|34\/100|[from] item: Leftovers\n|-heal|p2a: Garganacl|93\/100|[from] item: Leftovers\n|-damage|p1a: Magearna|9\/100|[from] Salt Cure\n|upkeep\n|turn|22\n|\n|t:|1698702861\n|switch|p1a: Zacian|Zacian|100\/100\n|-ability|p1a: Zacian|Intrepid Sword|boost\n|-boost|p1a: Zacian|atk|1\n|move|p2a: Garganacl|Iron Defense|p2a: Garganacl\n|-boost|p2a: Garganacl|def|2\n|\n|-heal|p2a: Garganacl|99\/100|[from] item: Leftovers\n|upkeep\n|turn|23\n|\n|t:|1698702872\n|move|p1a: Zacian|Swords Dance|p1a: Zacian\n|-boost|p1a: Zacian|atk|2\n|move|p2a: Garganacl|Salt Cure|p1a: Zacian\n|-damage|p1a: Zacian|87\/100\n|-start|p1a: Zacian|Salt Cure\n|\n|-heal|p2a: Garganacl|100\/100|[from] item: Leftovers\n|-damage|p1a: Zacian|75\/100|[from] Salt Cure\n|upkeep\n|turn|24\n|\n|t:|1698702876\n|move|p1a: Zacian|Swords Dance|p1a: Zacian\n|-boost|p1a: Zacian|atk|2\n|move|p2a: Garganacl|Iron Defense|p2a: Garganacl\n|-boost|p2a: Garganacl|def|2\n|\n|-damage|p1a: Zacian|63\/100|[from] Salt Cure\n|upkeep\n|turn|25\n|\n|t:|1698702880\n|move|p1a: Zacian|Swords Dance|p1a: Zacian\n|-boost|p1a: Zacian|atk|1\n|move|p2a: Garganacl|Body Press|p1a: Zacian\n|-resisted|p1a: Zacian\n|-damage|p1a: Zacian|22\/100\n|\n|-damage|p1a: Zacian|10\/100|[from] Salt Cure\n|upkeep\n|turn|26\n|j| Swandog\n|\n|t:|1698702886\n|switch|p2a: Dondozo|Dondozo, F|100\/100\n|move|p1a: Zacian|Close Combat|p2a: Dondozo\n|-damage|p2a: Dondozo|82\/100\n|-unboost|p1a: Zacian|def|1\n|-unboost|p1a: Zacian|spd|1\n|\n|-damage|p1a: Zacian|0 fnt|[from] Salt Cure\n|faint|p1a: Zacian\n|upkeep\n|l| Swandog\n|\n|t:|1698702898\n|switch|p1a: Arceus|Arceus-Poison|22\/100\n|turn|27\n|\n|t:|1698702904\n|switch|p2a: Garganacl|Garganacl, M, tera:Water|100\/100\n|move|p1a: Arceus|Judgment|p2a: Garganacl\n|-damage|p2a: Garganacl|70\/100\n|\n|-heal|p2a: Garganacl|76\/100|[from] item: Leftovers\n|upkeep\n|turn|28\n|\n|t:|1698702910\n|move|p1a: Arceus|Judgment|p2a: Garganacl\n|-damage|p2a: Garganacl|45\/100\n|move|p2a: Garganacl|Salt Cure|p1a: Arceus\n|-damage|p1a: Arceus|12\/100\n|-start|p1a: Arceus|Salt Cure\n|\n|-heal|p2a: Garganacl|51\/100|[from] item: Leftovers\n|-damage|p1a: Arceus|0 fnt|[from] Salt Cure\n|faint|p1a: Arceus\n|upkeep\n|\n|t:|1698702913\n|switch|p1a: Basculegion|Basculegion-F, F|67\/100\n|turn|29\n|c|\u2606Nitro524|re after this\n|\n|t:|1698702932\n|switch|p1a: Grimmsnarl|Grimmsnarl, M|52\/100\n|switch|p2a: Blissey|Blissey, F|100\/100\n|\n|upkeep\n|turn|30\n|\n|t:|1698702938\n|switch|p2a: Garganacl|Garganacl, M, tera:Water|51\/100\n|move|p1a: Grimmsnarl|Spirit Break|p2a: Garganacl\n|-damage|p2a: Garganacl|30\/100\n|-unboost|p2a: Garganacl|spa|1\n|\n|-heal|p2a: Garganacl|37\/100|[from] item: Leftovers\n|upkeep\n|turn|31\n|\n|t:|1698702953\n|move|p1a: Grimmsnarl|Spirit Break|p2a: Garganacl\n|-damage|p2a: Garganacl|17\/100\n|-unboost|p2a: Garganacl|spa|1\n|move|p2a: Garganacl|Recover|p2a: Garganacl\n|-heal|p2a: Garganacl|67\/100\n|\n|-heal|p2a: Garganacl|74\/100|[from] item: Leftovers\n|upkeep\n|turn|32\n|\n|t:|1698702958\n|move|p1a: Grimmsnarl|Spirit Break|p2a: Garganacl\n|-damage|p2a: Garganacl|55\/100\n|-unboost|p2a: Garganacl|spa|1\n|move|p2a: Garganacl|Iron Defense|p2a: Garganacl\n|-boost|p2a: Garganacl|def|2\n|\n|-heal|p2a: Garganacl|61\/100|[from] item: Leftovers\n|upkeep\n|turn|33\n|\n|t:|1698702967\n|move|p1a: Grimmsnarl|Reflect|p1a: Grimmsnarl\n|-sidestart|p1: Nitro524|Reflect\n|move|p2a: Garganacl|Iron Defense|p2a: Garganacl\n|-boost|p2a: Garganacl|def|2\n|\n|-heal|p2a: Garganacl|67\/100|[from] item: Leftovers\n|upkeep\n|turn|34\n|\n|t:|1698702988\n|switch|p1a: Magearna|Magearna|9\/100\n|move|p2a: Garganacl|Iron Defense|p2a: Garganacl\n|-boost|p2a: Garganacl|def|2\n|\n|-heal|p1a: Magearna|15\/100|[from] item: Leftovers\n|-heal|p2a: Garganacl|73\/100|[from] item: Leftovers\n|upkeep\n|turn|35\n|\n|t:|1698702994\n|move|p1a: Magearna|Draining Kiss|p2a: Garganacl\n|-damage|p2a: Garganacl|59\/100\n|-heal|p1a: Magearna|27\/100|[from] drain|[of] p2a: Garganacl\n|move|p2a: Garganacl|Salt Cure|p1a: Magearna\n|-resisted|p1a: Magearna\n|-damage|p1a: Magearna|25\/100\n|-start|p1a: Magearna|Salt Cure\n|\n|-heal|p1a: Magearna|31\/100|[from] item: Leftovers\n|-heal|p2a: Garganacl|65\/100|[from] item: Leftovers\n|-damage|p1a: Magearna|6\/100|[from] Salt Cure\n|upkeep\n|turn|36\n|-message|Nitro524 forfeited.\n|\n|win|Leo Justice\n|l|\u2606Nitro524\n","uploadtime":1698703015,"views":15,"p1id":"nitro524","p2id":"leojustice","formatid":"gen9ubers","rating":0,"private":0,"password":""}