{"id":"gen9ubers-1996609489","p1":"Skyiewxz","p2":"andrevc","format":"[Gen 9] Ubers","log":"|j|\u2606Skyiewxz\n|j|\u2606andrevc\n|t:|1700700207\n|gametype|singles\n|player|p1|Skyiewxz|dawn|\n|player|p2|andrevc|nurse|\n|teamsize|p1|6\n|teamsize|p2|6\n|gen|9\n|tier|[Gen 9] Ubers\n|rule|Sleep Clause Mod: Limit one foe put to sleep\n|rule|Species Clause: Limit one of each Pok\u00e9mon\n|rule|OHKO Clause: OHKO moves are banned\n|rule|Evasion Items Clause: Evasion items are banned\n|rule|Evasion Moves Clause: Evasion moves are banned\n|rule|Endless Battle Clause: Forcing endless battles is banned\n|rule|HP Percentage Mod: HP is shown in percentages\n|clearpoke\n|poke|p1|Kyogre|\n|poke|p1|Zacian-*|\n|poke|p1|Koraidon|\n|poke|p1|Landorus-Therian, M|\n|poke|p1|Kingambit, F|\n|poke|p1|Arceus-Grass|\n|poke|p2|Skeledirge, F|\n|poke|p2|Ting-Lu|\n|poke|p2|Dondozo, M|\n|poke|p2|Clodsire, M|\n|poke|p2|Arceus-Fairy|\n|poke|p2|Eternatus|\n|teampreview\n|inactive|Battle timer is ON: inactive players will automatically lose when time's up. (requested by andrevc)\n|c|\u2606Skyiewxz|ui\n|c|\u2606andrevc|SEXOOOO\n|j| airslashesfolante\n|c|\u2606Skyiewxz|ja posso forfeitar\n|c|\u2606andrevc|tem um arceus grass ali\n|c|\u2606andrevc|eu n\u00e3o sei como agir\n|c|\u2606Skyiewxz|time muito sigma male\n|c|\u2606Skyiewxz|AAAAAAAAAAAAAAAAAAAAAAA\n|inactive|Skyiewxz has 270 seconds left.\n|inactive|andrevc has 270 seconds left.\n|inactiveoff|Battle timer is now OFF.\n|c| airslashesfolante|clovis saire\n|\n|t:|1700700259\n|start\n|switch|p1a: Koraidon|Koraidon|100\/100\n|switch|p2a: Arceus|Arceus-Fairy|100\/100\n|-weather|SunnyDay|[from] ability: Orichalcum Pulse|[of] p1a: Koraidon\n|-activate|p1a: Koraidon|Orichalcum Pulse|[source]\n|turn|1\n|c| airslashesfolante|andre pq vc tem 3 unaware?\n|c|\u2606andrevc|pq eu sou GAY\n|\n|t:|1700700275\n|switch|p2a: Skeledirge|Skeledirge, F|100\/100\n|move|p1a: Koraidon|U-turn|p2a: Skeledirge\n|-resisted|p2a: Skeledirge\n|-damage|p2a: Skeledirge|95\/100\n|c| airslashesfolante|tendi\n|j| C4stanho\n|\n|t:|1700700336\n|switch|p1a: Kyogre|Kyogre|100\/100|[from] U-turn\n|-weather|RainDance|[from] ability: Drizzle|[of] p1a: Kyogre\n|\n|-weather|RainDance|[upkeep]\n|upkeep\n|turn|2\n|\n|t:|1700700346\n|switch|p2a: Clodsire|Clodsire, M|100\/100\n|move|p1a: Kyogre|Substitute|p1a: Kyogre\n|-start|p1a: Kyogre|Substitute\n|-damage|p1a: Kyogre|76\/100\n|\n|-weather|RainDance|[upkeep]\n|-heal|p1a: Kyogre|82\/100|[from] item: Leftovers\n|upkeep\n|turn|3\n|j| AlthoughMirai\n|c| C4stanho|pq essas equipes tomam 6x0 de iron bundle\n|c| AlthoughMirai|Boa noite\n|c|\u2606andrevc|pq ngm usa iron bundle\n|c|\u2606Skyiewxz|oq \u00e9 um iron bundle\n|\n|t:|1700700372\n|move|p1a: Kyogre|Calm Mind|p1a: Kyogre\n|-boost|p1a: Kyogre|spa|1\n|-boost|p1a: Kyogre|spd|1\n|move|p2a: Clodsire|Earthquake|p1a: Kyogre\n|-end|p1a: Kyogre|Substitute\n|\n|-weather|RainDance|[upkeep]\n|-heal|p1a: Kyogre|88\/100|[from] item: Leftovers\n|upkeep\n|turn|4\n|c| AlthoughMirai|Vim torcer pro skyiew\n|c| airslashesfolante|mirai\n|c| airslashesfolante|responda a quest\u00e3o\n|c|\u2606Skyiewxz|mirai vc joga pixelmon?\n|\n|t:|1700700398\n|move|p1a: Kyogre|Substitute|p1a: Kyogre\n|-start|p1a: Kyogre|Substitute\n|-damage|p1a: Kyogre|63\/100\n|move|p2a: Clodsire|Toxic||[still]\n|-fail|p2a: Clodsire\n|\n|-weather|RainDance|[upkeep]\n|-heal|p1a: Kyogre|69\/100|[from] item: Leftovers\n|upkeep\n|turn|5\n|c| AlthoughMirai|Oi\n|c| C4stanho|setup contra unaware\n|c| C4stanho|esse skyiew sbae\n|l| C4stanho\n|c|\u2606andrevc|gayyyy\n|j| C4stanho\n|c| AlthoughMirai|Water contra ground\n|c| airslashesfolante|\u00e9 bait no water absorb quer ver\n|\n|t:|1700700439\n|move|p1a: Kyogre|Ice Beam|p2a: Clodsire\n|-supereffective|p2a: Clodsire\n|-damage|p2a: Clodsire|40\/100\n|move|p2a: Clodsire|Earthquake|p1a: Kyogre\n|-activate|p1a: Kyogre|move: Substitute|[damage]\n|\n|-weather|none\n|-heal|p1a: Kyogre|76\/100|[from] item: Leftovers\n|-heal|p2a: Clodsire|46\/100|[from] item: Leftovers\n|upkeep\n|turn|6\n|c|\u2606Skyiewxz|percebi\n|c|\u2606Skyiewxz|que \u00e9 unaware\n|\n|t:|1700700448\n|-terastallize|p2a: Clodsire|Steel\n|move|p1a: Kyogre|Ice Beam|p2a: Clodsire\n|-resisted|p2a: Clodsire\n|-damage|p2a: Clodsire|31\/100\n|move|p2a: Clodsire|Recover|p2a: Clodsire\n|-heal|p2a: Clodsire|81\/100\n|\n|-heal|p1a: Kyogre|82\/100|[from] item: Leftovers\n|-heal|p2a: Clodsire|87\/100|[from] item: Leftovers\n|upkeep\n|turn|7\n|c|\u2606Skyiewxz|Castanho BURRO\n|c|\u2606Skyiewxz|a\u00ed vc apelou cara\n|j| Ruizera\n|c| airslashesfolante|clicka water spout a\u00ed\n|c|\u2606andrevc|homossexualismo games\n|c| airslashesfolante|pa eu ver uma coisa\n|\n|t:|1700700484\n|switch|p1a: Landorus|Landorus-Therian, M|100\/100\n|-ability|p1a: Landorus|Intimidate|boost\n|-unboost|p2a: Clodsire|atk|1\n|move|p2a: Clodsire|Spikes|p1a: Landorus\n|-sidestart|p1: Skyiewxz|Spikes\n|\n|-heal|p2a: Clodsire|93\/100|[from] item: Leftovers\n|upkeep\n|turn|8\n|c|\u2606Skyiewxz|ok\n|c|\u2606Skyiewxz|perdi\n|\n|t:|1700700496\n|switch|p2a: Dondozo|Dondozo, M|100\/100\n|move|p1a: Landorus|U-turn|p2a: Dondozo\n|-damage|p2a: Dondozo|90\/100\n|\n|t:|1700700501\n|switch|p1a: Arceus|Arceus-Grass|100\/100|[from] U-turn\n|-damage|p1a: Arceus|88\/100|[from] Spikes\n|\n|-heal|p2a: Dondozo|97\/100|[from] item: Leftovers\n|upkeep\n|turn|9\n|c|\u2606andrevc|oq \u00e9 isso\n|c|\u2606andrevc|oq isso faz\n|c| AlthoughMirai|ARCEUS GRASS\n|c|\u2606Skyiewxz|\u00e9 extreme killer\n|c| AlthoughMirai|GENIO DO TEAMBUILD\n|c|\u2606Skyiewxz|rlx\n|c| airslashesfolante|perish trap\n|c|\u2606andrevc|oq \u00e9 isso\n|c| AlthoughMirai|Ele ta usando hack\n|c|\u2606Skyiewxz|como pode\n|c|\u2606Skyiewxz|um time tao homosexual\n|c|\u2606andrevc|kkkkkkkkkkkkkkkkkkkkkkkkkkkkkkkkkk\n|j| Dog mendigoso\n|c|\u2606andrevc|calma ptpelo\n|\n|t:|1700700553\n|switch|p1a: Kyogre|Kyogre|82\/100\n|-damage|p1a: Kyogre|69\/100|[from] Spikes\n|-weather|RainDance|[from] ability: Drizzle|[of] p1a: Kyogre\n|switch|p2a: Eternatus|Eternatus|100\/100\n|-ability|p2a: Eternatus|Pressure\n|\n|-weather|RainDance|[upkeep]\n|-heal|p1a: Kyogre|76\/100|[from] item: Leftovers\n|upkeep\n|turn|10\n|\n|t:|1700700557\n|move|p2a: Eternatus|Toxic|p1a: Kyogre\n|-status|p1a: Kyogre|tox\n|move|p1a: Kyogre|Ice Beam|p2a: Eternatus\n|-supereffective|p2a: Eternatus\n|-damage|p2a: Eternatus|51\/100\n|\n|-weather|RainDance|[upkeep]\n|-heal|p1a: Kyogre|82\/100 tox|[from] item: Leftovers\n|-damage|p1a: Kyogre|76\/100 tox|[from] psn\n|upkeep\n|turn|11\n|\n|t:|1700700571\n|switch|p1a: Koraidon|Koraidon|100\/100\n|-damage|p1a: Koraidon|88\/100|[from] Spikes\n|-weather|SunnyDay|[from] ability: Orichalcum Pulse|[of] p1a: Koraidon\n|-activate|p1a: Koraidon|Orichalcum Pulse|[source]\n|move|p2a: Eternatus|Recover|p2a: Eternatus\n|-heal|p2a: Eternatus|100\/100\n|\n|-weather|SunnyDay|[upkeep]\n|upkeep\n|turn|12\n|\n|t:|1700700578\n|switch|p2a: Arceus|Arceus-Fairy|100\/100\n|move|p1a: Koraidon|U-turn|p2a: Arceus\n|-resisted|p2a: Arceus\n|-damage|p2a: Arceus|91\/100\n|\n|t:|1700700580\n|switch|p1a: Zacian|Zacian-Crowned|100\/100|[from] U-turn\n|-damage|p1a: Zacian|88\/100|[from] Spikes\n|-ability|p1a: Zacian|Intrepid Sword|boost\n|-boost|p1a: Zacian|atk|1\n|\n|-weather|SunnyDay|[upkeep]\n|upkeep\n|turn|13\n|\n|t:|1700700585\n|switch|p2a: Skeledirge|Skeledirge, F|95\/100\n|move|p1a: Zacian|Substitute|p1a: Zacian\n|-start|p1a: Zacian|Substitute\n|-damage|p1a: Zacian|63\/100\n|\n|-weather|SunnyDay|[upkeep]\n|upkeep\n|turn|14\n|c| AlthoughMirai|O melhor jogador do brasil de ubera perdendo p um time 70% ouverused?\n|c| airslashesfolante|sky\n|c| AlthoughMirai|Perdeu andre\n|c| AlthoughMirai|Tem tera\n|c|\u2606Skyiewxz|ele nao ganharia do meu time prime\n|c| AlthoughMirai|Clica x\n|c| Dog mendigoso|Boa sky\n|c|\u2606Skyiewxz|mano\n|c| airslashesfolante|da \/dt torch song na amizade a\u00ed\n|\n|t:|1700700624\n|switch|p1a: Kyogre|Kyogre|76\/100 tox\n|-damage|p1a: Kyogre|63\/100 tox|[from] Spikes\n|-weather|RainDance|[from] ability: Drizzle|[of] p1a: Kyogre\n|move|p2a: Skeledirge|Hex|p1a: Kyogre\n|-damage|p1a: Kyogre|31\/100 tox\n|\n|-weather|RainDance|[upkeep]\n|-heal|p1a: Kyogre|37\/100 tox|[from] item: Leftovers\n|-damage|p1a: Kyogre|31\/100 tox|[from] psn\n|upkeep\n|turn|15\n|c|\u2606andrevc|andrevc\n|c|\u2606Skyiewxz|droga\n|c| AlthoughMirai|O skyiew tem um plano\n|c|\u2606Skyiewxz|andrevc sabe muito\n|c| Dog mendigoso|J\u00e1 cansou de ser lido\n|c| AlthoughMirai|Pqq stall bate tao forte\n|c| AlthoughMirai|Em uber\n|c|\u2606Skyiewxz|mano\n|c|\u2606andrevc|espelho espelho meu\n|c|\u2606Skyiewxz|mas nao tem como quebrar stall sem o MIRAIDINO\n|c| AlthoughMirai|Concentra skyiew\n|c|\u2606Skyiewxz|MIRAIDON\n|c|\u2606andrevc|existe algum time mais homossexual do que o meu\n|c| AlthoughMirai|Fica feio\n|c|\u2606Skyiewxz|como coloca miraidon no meio da partida\n|c| AlthoughMirai|Andre vai ter tryout contra vc\n|c| AlthoughMirai|Ai tem um motivo a mais p comprar ele em vez de vc\n|c| AlthoughMirai|E ele so joga lc em\n|c|\u2606andrevc|se eu fizer tryout de ubers pode me prender\n|c|\u2606andrevc|eu jogo lirou cup\n|c|\u2606Skyiewxz|bom dia\n|c|\u2606Skyiewxz|pode entregar o jogo\n|c|\u2606Skyiewxz|clicar forfeit\n|c|\u2606Skyiewxz|pra eu por na tryout\n|c|\u2606andrevc|kkkkkkkkkkkkkk\n|c| AlthoughMirai|LOL\n|c|\u2606andrevc|although mirai\n|\n|t:|1700700734\n|switch|p1a: Landorus|Landorus-Therian, M|100\/100\n|-ability|p1a: Landorus|Intimidate|boost\n|-unboost|p2a: Skeledirge|atk|1\n|switch|p2a: Clodsire|Clodsire, M, tera:Steel|93\/100\n|\n|-weather|RainDance|[upkeep]\n|-heal|p2a: Clodsire|99\/100|[from] item: Leftovers\n|upkeep\n|turn|16\n|c|\u2606andrevc|fiz assim pro gama pegar leve comigo ontem\n|l| C4stanho\n|\n|t:|1700700750\n|switch|p2a: Dondozo|Dondozo, M|97\/100\n|move|p1a: Landorus|Earthquake|p2a: Dondozo\n|-damage|p2a: Dondozo|75\/100\n|\n|-weather|RainDance|[upkeep]\n|-heal|p2a: Dondozo|81\/100|[from] item: Leftovers\n|upkeep\n|turn|17\n|c|\u2606Skyiewxz|como se mata\n|c|\u2606Skyiewxz|aaaaaaaaaaaaaaaaaaa\n|c|\u2606andrevc|olha meu dondozo wallbreaker\n|c|\u2606andrevc|236 de ataque\n|c|\u2606Skyiewxz|ferrou\n|c| AlthoughMirai|Chuva\n|c|\u2606Skyiewxz|vou fugir dele\n|\n|t:|1700700791\n|switch|p1a: Koraidon|Koraidon|88\/100\n|-damage|p1a: Koraidon|76\/100|[from] Spikes\n|-weather|SunnyDay|[from] ability: Orichalcum Pulse|[of] p1a: Koraidon\n|-activate|p1a: Koraidon|Orichalcum Pulse|[source]\n|move|p2a: Dondozo|Liquidation|p1a: Koraidon\n|-resisted|p1a: Koraidon\n|-damage|p1a: Koraidon|70\/100\n|-unboost|p1a: Koraidon|def|1\n|\n|-weather|SunnyDay|[upkeep]\n|-heal|p2a: Dondozo|87\/100|[from] item: Leftovers\n|upkeep\n|turn|18\n|c| AlthoughMirai|Vai toma o liquitadion\n|c|\u2606Skyiewxz|cara\n|c|\u2606andrevc|fez bem\n|c|\u2606andrevc|dano\n|c| AlthoughMirai|6\n|c| AlthoughMirai|Bom counter\n|c|\u2606andrevc|kkkkkkkkkkkkkkkk\n|c| AlthoughMirai|Skyiew\n|\n|t:|1700700811\n|switch|p2a: Skeledirge|Skeledirge, F|95\/100\n|move|p1a: Koraidon|Low Kick|p2a: Skeledirge\n|-immune|p2a: Skeledirge\n|\n|-weather|SunnyDay|[upkeep]\n|upkeep\n|turn|19\n|c|\u2606Skyiewxz|fds eu tenho um plano\n|c|\u2606Skyiewxz|podem esperar reizinhos de ubers\n|c| AlthoughMirai|Vc e o reizinho\n|\n|t:|1700700829\n|switch|p1a: Kyogre|Kyogre|31\/100 tox\n|-damage|p1a: Kyogre|19\/100 tox|[from] Spikes\n|-weather|RainDance|[from] ability: Drizzle|[of] p1a: Kyogre\n|move|p2a: Skeledirge|Will-O-Wisp||[still]\n|-fail|p2a: Skeledirge\n|\n|-weather|RainDance|[upkeep]\n|-heal|p1a: Kyogre|25\/100 tox|[from] item: Leftovers\n|-damage|p1a: Kyogre|19\/100 tox|[from] psn\n|upkeep\n|turn|20\n|c| AlthoughMirai|De uber\n|c|\u2606Skyiewxz|n sou\n|c|\u2606andrevc|grrrrr\n|c|\u2606Skyiewxz|perdi pro andre cr\n|c| AlthoughMirai|Calma\n|c| AlthoughMirai|Tem game\n|c|\u2606Skyiewxz|quem perde pro andre cr (s\u00f3 noobs tipo goao e gama)\n|c|\u2606andrevc|tu ta jogando contra o viadagem games\n|c|\u2606andrevc|n\u00e3o ta perdido\n|c|\u2606andrevc|nunca\n|c|\u2606Skyiewxz|andre\n|c| AlthoughMirai|MALJCO PERDEU\n|c|\u2606Skyiewxz|se vc for homosexual msm\n|c| AlthoughMirai|PRO VIADAGEM GAMES\n|c| airslashesfolante|Se tivesse meowstic\n|c|\u2606Skyiewxz|fica na minha cara\n|c| AlthoughMirai|kkkkkkkkkkkkkkkkkkkkkkkkkkkkkkkkkkkkkkkkkkkkkkkkkkkkkkkkkkkkkkkkkkkkk\n|c|\u2606andrevc|kkkkkkkkkkkkkkkkkkkkkkkkkkkkkkkkkkkkkkk\n|c|\u2606andrevc|sou homem de verdade!\n|c| AlthoughMirai|Ta implorando\n|c| AlthoughMirai|P n perder\n|c| AlthoughMirai|Pro viadagem games\n|c| AlthoughMirai|KKKKKKKKKKKKKKKKKKKKKKKKKKKKKKKKKKKKKKKKKKKKKKKKKKKKKKKKKKKKKKKKKKKKKKKKK\n|c|\u2606Skyiewxz|nao posso perder pro viadagem games\n|c|\u2606Skyiewxz|meu pokecurriculo\n|c|\u2606Skyiewxz|naaaaaaaooooooooo\n|c|\u2606andrevc|kkkkkkkkkkkkkkkkkkkkk\n|\n|t:|1700700927\n|switch|p1a: Landorus|Landorus-Therian, M|100\/100\n|-ability|p1a: Landorus|Intimidate|boost\n|-unboost|p2a: Skeledirge|atk|1\n|switch|p2a: Clodsire|Clodsire, M, tera:Steel|99\/100\n|\n|-weather|RainDance|[upkeep]\n|-heal|p2a: Clodsire|100\/100|[from] item: Leftovers\n|upkeep\n|turn|21\n|\n|t:|1700700936\n|switch|p2a: Dondozo|Dondozo, M|87\/100\n|move|p1a: Landorus|U-turn|p2a: Dondozo\n|-damage|p2a: Dondozo|76\/100\n|\n|t:|1700700938\n|switch|p1a: Arceus|Arceus-Grass|88\/100|[from] U-turn\n|-damage|p1a: Arceus|76\/100|[from] Spikes\n|\n|-weather|RainDance|[upkeep]\n|-heal|p2a: Dondozo|83\/100|[from] item: Leftovers\n|upkeep\n|turn|22\n|c|\u2606Skyiewxz|agr vou apelar\n|\n|t:|1700700951\n|switch|p1a: Landorus|Landorus-Therian, M|100\/100\n|-ability|p1a: Landorus|Intimidate|boost\n|-unboost|p2a: Dondozo|atk|1\n|switch|p2a: Eternatus|Eternatus|100\/100\n|-ability|p2a: Eternatus|Pressure\n|\n|-weather|RainDance|[upkeep]\n|upkeep\n|turn|23\n|c| AlthoughMirai|Skyiew\n|c|\u2606Skyiewxz|tier ubers \u00e9 injusta\n|c| AlthoughMirai|Perdendo\n|c| AlthoughMirai|\"agr vou jogar serio\"\n|c|\u2606Skyiewxz|ele tem entrada pra todos meus pokemons brokens, eu nao tenho entrada pra dondonzo 240 ataque\n|c|\u2606andrevc|kkkkkkkkkkkkkkkkk\n|\n|t:|1700701000\n|switch|p2a: Ting-Lu|Ting-Lu|100\/100\n|-ability|p2a: Ting-Lu|Vessel of Ruin\n|move|p1a: Landorus|Earthquake|p2a: Ting-Lu\n|-damage|p2a: Ting-Lu|73\/100\n|\n|-weather|none\n|-heal|p2a: Ting-Lu|79\/100|[from] item: Leftovers\n|upkeep\n|turn|24\n|c| AlthoughMirai|kkkkkkkkkkkkkkkkkkkkkkkkkkkkkkkkkkkkkkkkkkkkkkkkkkkkkkkkkkkkkkkkkkkkk\n|\n|t:|1700701007\n|move|p1a: Landorus|U-turn|p2a: Ting-Lu\n|-supereffective|p2a: Ting-Lu\n|-damage|p2a: Ting-Lu|56\/100\n|\n|t:|1700701017\n|switch|p1a: Kyogre|Kyogre|19\/100 tox|[from] U-turn\n|-damage|p1a: Kyogre|6\/100 tox|[from] Spikes\n|-weather|RainDance|[from] ability: Drizzle|[of] p1a: Kyogre\n|move|p2a: Ting-Lu|Stealth Rock|p1a: Kyogre\n|-sidestart|p1: Skyiewxz|move: Stealth Rock\n|\n|-weather|RainDance|[upkeep]\n|-heal|p1a: Kyogre|13\/100 tox|[from] item: Leftovers\n|-heal|p2a: Ting-Lu|62\/100|[from] item: Leftovers\n|-damage|p1a: Kyogre|6\/100 tox|[from] psn\n|upkeep\n|turn|25\n|\n|t:|1700701046\n|switch|p1a: Landorus|Landorus-Therian, M|100\/100\n|-damage|p1a: Landorus|88\/100|[from] Stealth Rock\n|-ability|p1a: Landorus|Intimidate|boost\n|-unboost|p2a: Ting-Lu|atk|1\n|switch|p2a: Clodsire|Clodsire, M, tera:Steel|100\/100\n|\n|-weather|RainDance|[upkeep]\n|upkeep\n|turn|26\n|c|\u2606Skyiewxz|aaaaaaa fodase\n|j| marcosvvxz\n|\n|t:|1700701053\n|switch|p2a: Dondozo|Dondozo, M|83\/100\n|move|p1a: Landorus|Earthquake|p2a: Dondozo\n|-crit|p2a: Dondozo\n|-damage|p2a: Dondozo|53\/100\n|\n|-weather|RainDance|[upkeep]\n|-heal|p2a: Dondozo|59\/100|[from] item: Leftovers\n|upkeep\n|turn|27\n|c|\u2606Skyiewxz|pode vir\n|j| royzer\n|\n|t:|1700701058\n|move|p1a: Landorus|Earthquake|p2a: Dondozo\n|-damage|p2a: Dondozo|37\/100\n|move|p2a: Dondozo|Rest|p2a: Dondozo\n|-status|p2a: Dondozo|slp|[from] move: Rest\n|-heal|p2a: Dondozo|100\/100 slp|[silent]\n|\n|-weather|RainDance|[upkeep]\n|upkeep\n|turn|28\n|\n|t:|1700701068\n|move|p1a: Landorus|Earthquake|p2a: Dondozo\n|-damage|p2a: Dondozo|78\/100 slp\n|cant|p2a: Dondozo|slp\n|move|p2a: Dondozo|Sleep Talk|p2a: Dondozo\n|move|p2a: Dondozo|Liquidation|p1a: Landorus|[from]move: Sleep Talk\n|-supereffective|p1a: Landorus\n|-damage|p1a: Landorus|22\/100\n|-damage|p2a: Dondozo|62\/100 slp|[from] item: Rocky Helmet|[of] p1a: Landorus\n|\n|-weather|none\n|-heal|p2a: Dondozo|68\/100 slp|[from] item: Leftovers\n|upkeep\n|turn|29\n|\n|t:|1700701074\n|move|p1a: Landorus|Earthquake|p2a: Dondozo\n|-damage|p2a: Dondozo|48\/100 slp\n|cant|p2a: Dondozo|slp\n|move|p2a: Dondozo|Sleep Talk|p2a: Dondozo\n|move|p2a: Dondozo|Liquidation|p1a: Landorus|[from]move: Sleep Talk\n|-supereffective|p1a: Landorus\n|-damage|p1a: Landorus|0 fnt\n|-damage|p2a: Dondozo|32\/100 slp|[from] item: Rocky Helmet|[of] p1a: Landorus\n|faint|p1a: Landorus\n|\n|-heal|p2a: Dondozo|38\/100 slp|[from] item: Leftovers\n|upkeep\n|c|\u2606Skyiewxz|eu acredito em rei dos gambitos\n|c| AlthoughMirai|Po mas esse andre\n|c| AlthoughMirai|Ta intando tb\n|c| AlthoughMirai|Se foda\n|c| AlthoughMirai|Vamo skyiew\n|c| AlthoughMirai|Eu confio\n|c| AlthoughMirai|!!!\n|c|\u2606andrevc|como nao perde pra gambito gugou pesquisa\n|\n|t:|1700701128\n|switch|p1a: Arceus|Arceus-Grass|76\/100\n|-damage|p1a: Arceus|63\/100|[from] Spikes\n|-damage|p1a: Arceus|51\/100|[from] Stealth Rock\n|turn|30\n|c| airslashesfolante|um dia o mirai me responder\u00e1\n|\n|t:|1700701138\n|switch|p2a: Eternatus|Eternatus|100\/100\n|-ability|p2a: Eternatus|Pressure\n|move|p1a: Arceus|Recover|p1a: Arceus\n|-heal|p1a: Arceus|100\/100\n|\n|upkeep\n|turn|31\n|c| airslashesfolante|nesse dia serei a pessoa mais feliz\n|\n|t:|1700701148\n|move|p2a: Eternatus|Flamethrower|p1a: Arceus\n|-supereffective|p1a: Arceus\n|-damage|p1a: Arceus|66\/100\n|move|p1a: Arceus|Will-O-Wisp|p2a: Eternatus\n|-status|p2a: Eternatus|brn\n|\n|-damage|p2a: Eternatus|94\/100 brn|[from] brn\n|upkeep\n|turn|32\n|\n|t:|1700701168\n|move|p2a: Eternatus|Flamethrower|p1a: Arceus\n|-supereffective|p1a: Arceus\n|-damage|p1a: Arceus|34\/100\n|-status|p1a: Arceus|brn\n|move|p1a: Arceus|Recover|p1a: Arceus\n|-heal|p1a: Arceus|84\/100 brn\n|\n|-damage|p2a: Eternatus|88\/100 brn|[from] brn\n|-damage|p1a: Arceus|78\/100 brn|[from] brn\n|upkeep\n|turn|33\n|c|\u2606andrevc|nem fudendo\n|c|\u2606andrevc|gg\n|c|\u2606Skyiewxz|muito viadagem games\n|\n|t:|1700701201\n|switch|p1a: Kyogre|Kyogre|6\/100 tox\n|-damage|p1a: Kyogre|0 fnt|[from] Spikes\n|faint|p1a: Kyogre\n|move|p2a: Eternatus|Dynamax Cannon|p1: Kyogre|[notarget]\n|-fail|p2a: Eternatus\n|\n|-damage|p2a: Eternatus|82\/100 brn|[from] brn\n|upkeep\n|\n|t:|1700701212\n|switch|p1a: Koraidon|Koraidon|70\/100\n|-damage|p1a: Koraidon|58\/100|[from] Spikes\n|-damage|p1a: Koraidon|52\/100|[from] Stealth Rock\n|-weather|SunnyDay|[from] ability: Orichalcum Pulse|[of] p1a: Koraidon\n|-activate|p1a: Koraidon|Orichalcum Pulse|[source]\n|turn|34\n|\n|t:|1700701221\n|switch|p2a: Arceus|Arceus-Fairy|91\/100\n|move|p1a: Koraidon|U-turn|p2a: Arceus\n|-resisted|p2a: Arceus\n|-damage|p2a: Arceus|82\/100\n|l| AlthoughMirai\n|\n|t:|1700701242\n|switch|p1a: Zacian|Zacian-Crowned|63\/100|[from] U-turn\n|-damage|p1a: Zacian|51\/100|[from] Spikes\n|-damage|p1a: Zacian|45\/100|[from] Stealth Rock\n|\n|-weather|SunnyDay|[upkeep]\n|upkeep\n|turn|35\n|\n|t:|1700701247\n|switch|p2a: Skeledirge|Skeledirge, F|95\/100\n|move|p1a: Zacian|Play Rough|p2a: Skeledirge\n|-resisted|p2a: Skeledirge\n|-damage|p2a: Skeledirge|78\/100\n|\n|-weather|SunnyDay|[upkeep]\n|upkeep\n|turn|36\n|l| royzer\n|\n|t:|1700701262\n|move|p1a: Zacian|Behemoth Blade|p2a: Skeledirge\n|-resisted|p2a: Skeledirge\n|-damage|p2a: Skeledirge|62\/100\n|move|p2a: Skeledirge|Torch Song|p1a: Zacian\n|-supereffective|p1a: Zacian\n|-damage|p1a: Zacian|0 fnt\n|-boost|p2a: Skeledirge|spa|1\n|faint|p1a: Zacian\n|\n|-weather|SunnyDay|[upkeep]\n|upkeep\n|\n|t:|1700701264\n|switch|p1a: Kingambit|Kingambit, F|100\/100\n|-damage|p1a: Kingambit|88\/100|[from] Spikes\n|-damage|p1a: Kingambit|82\/100|[from] Stealth Rock\n|-activate|p1a: Kingambit|ability: Supreme Overlord\n|-start|p1a: Kingambit|fallen3|[silent]\n|turn|37\n|j| royzer\n|c|\u2606Skyiewxz|satisfa\u00e7\u00e3o\n|c|\u2606Skyiewxz|cesar chega e vc evapora\n|c|\u2606Skyiewxz|o seu erro foi contar vitoria antes da hora\n|c|\u2606Skyiewxz|cesar te bate se acostuma\n|c|\u2606Skyiewxz|vc cita as referencias\n|c|\u2606Skyiewxz|eu trabalho pra virar uma\n|\n|t:|1700701298\n|switch|p2a: Arceus|Arceus-Fairy|82\/100\n|move|p1a: Kingambit|Kowtow Cleave|p2a: Arceus\n|-resisted|p2a: Arceus\n|-damage|p2a: Arceus|58\/100\n|\n|-weather|SunnyDay|[upkeep]\n|upkeep\n|turn|38\n|\n|t:|1700701303\n|move|p2a: Arceus|Earth Power|p1a: Kingambit\n|-supereffective|p1a: Kingambit\n|-damage|p1a: Kingambit|29\/100\n|move|p1a: Kingambit|Iron Head|p2a: Arceus\n|-supereffective|p2a: Arceus\n|-damage|p2a: Arceus|0 fnt\n|faint|p2a: Arceus\n|\n|-weather|none\n|upkeep\n|\n|t:|1700701305\n|switch|p2a: Eternatus|Eternatus|82\/100 brn\n|-ability|p2a: Eternatus|Pressure\n|turn|39\n|j| AlthoughMirai\n|\n|t:|1700701334\n|-end|p1a: Kingambit|fallen3|[silent]\n|switch|p1a: Arceus|Arceus-Grass|78\/100 brn\n|-damage|p1a: Arceus|66\/100 brn|[from] Spikes\n|-damage|p1a: Arceus|53\/100 brn|[from] Stealth Rock\n|move|p2a: Eternatus|Dynamax Cannon|p1a: Arceus\n|-damage|p1a: Arceus|25\/100 brn\n|\n|-damage|p2a: Eternatus|76\/100 brn|[from] brn\n|-damage|p1a: Arceus|19\/100 brn|[from] brn\n|upkeep\n|turn|40\n|\n|t:|1700701347\n|move|p2a: Eternatus|Dynamax Cannon|p1a: Arceus\n|-crit|p1a: Arceus\n|-damage|p1a: Arceus|0 fnt\n|faint|p1a: Arceus\n|\n|-damage|p2a: Eternatus|70\/100 brn|[from] brn\n|upkeep\n|c| AlthoughMirai|andrevc\n|c| AlthoughMirai|Seu nome na smogon\n|c|\u2606andrevc|oi\n|c| AlthoughMirai|Deviaser\n|c| AlthoughMirai|Viadagem games\n|\n|t:|1700701375\n|switch|p1a: Koraidon|Koraidon|52\/100\n|-damage|p1a: Koraidon|39\/100|[from] Spikes\n|-damage|p1a: Koraidon|33\/100|[from] Stealth Rock\n|-weather|SunnyDay|[from] ability: Orichalcum Pulse|[of] p1a: Koraidon\n|-activate|p1a: Koraidon|Orichalcum Pulse|[source]\n|turn|41\n|c| AlthoughMirai|Imagina qnd descobrirem vc\n|c|\u2606andrevc|lorde bumbumb mole\n|c| AlthoughMirai|Mind gaming x\n|c| AlthoughMirai|Viadagem games\n|\n|t:|1700701385\n|switch|p2a: Clodsire|Clodsire, M, tera:Steel|100\/100\n|move|p1a: Koraidon|Dragon Claw|p2a: Clodsire\n|-resisted|p2a: Clodsire\n|-damage|p2a: Clodsire|71\/100\n|\n|-weather|SunnyDay|[upkeep]\n|-heal|p2a: Clodsire|78\/100|[from] item: Leftovers\n|upkeep\n|turn|42\n|l| royzer\n|\n|t:|1700701392\n|switch|p1a: Kingambit|Kingambit, F|29\/100\n|-damage|p1a: Kingambit|16\/100|[from] Spikes\n|-damage|p1a: Kingambit|10\/100|[from] Stealth Rock\n|-activate|p1a: Kingambit|ability: Supreme Overlord\n|-start|p1a: Kingambit|fallen4|[silent]\n|move|p2a: Clodsire|Earthquake|p1a: Kingambit\n|-supereffective|p1a: Kingambit\n|-damage|p1a: Kingambit|0 fnt\n|faint|p1a: Kingambit\n|-end|p1a: Kingambit|fallen4|[silent]\n|\n|-weather|SunnyDay|[upkeep]\n|-heal|p2a: Clodsire|84\/100|[from] item: Leftovers\n|upkeep\n|\n|t:|1700701394\n|switch|p1a: Koraidon|Koraidon|33\/100\n|-damage|p1a: Koraidon|21\/100|[from] Spikes\n|-damage|p1a: Koraidon|15\/100|[from] Stealth Rock\n|-activate|p1a: Koraidon|ability: Orichalcum Pulse\n|turn|43\n|c| AlthoughMirai|O nome do lorde bumbum mole \u00e9 hyoga\n|c|\u2606Skyiewxz|gg viadagem games\n|c| AlthoughMirai|Achoq e o brasileiro com mais spl\n|c|\u2606Skyiewxz|vc \u00e9 o melhor jogador brasileiro\n|c|\u2606andrevc|atras apenas de wssi\n|c|\u2606Skyiewxz|acho q ele nao tanka o viadagem games\n|\n|t:|1700701428\n|switch|p2a: Dondozo|Dondozo, M|38\/100 slp\n|move|p1a: Koraidon|Low Kick|p2a: Dondozo\n|-damage|p2a: Dondozo|0 fnt\n|faint|p2a: Dondozo\n|\n|-weather|SunnyDay|[upkeep]\n|upkeep\n|\n|t:|1700701436\n|switch|p2a: Eternatus|Eternatus|70\/100 brn\n|-ability|p2a: Eternatus|Pressure\n|turn|44\n|\n|t:|1700701439\n|-terastallize|p1a: Koraidon|Fire\n|move|p1a: Koraidon|Low Kick|p2a: Eternatus\n|-resisted|p2a: Eternatus\n|-damage|p2a: Eternatus|35\/100 brn\n|move|p2a: Eternatus|Dynamax Cannon|p1a: Koraidon\n|-damage|p1a: Koraidon|0 fnt\n|faint|p1a: Koraidon\n|\n|win|andrevc\n|l|\u2606Skyiewxz\n|l| marcosvvxz\n|c| AlthoughMirai|Jog muito\n|c|\u2606andrevc|po 35% \u00e9 muito dano\n|c| airslashesfolante|andr\u00e9\n|c|\u2606andrevc|oi\n|c| AlthoughMirai|Calaboca\n|c| AlthoughMirai|Seu bosta\n|c| AlthoughMirai|\ud83d\ude21\n|c| airslashesfolante|devia ter feito ele morre pa struggle\n|c|\u2606andrevc|eu n\u00e3o sou disso\n|c| AlthoughMirai|Mlk psicopata\n|c| AlthoughMirai|Psicopata de mogi das cruzes\n|l| AlthoughMirai\n","uploadtime":1700701549,"views":8,"p1id":"skyiewxz","p2id":"andrevc","formatid":"gen9ubers","rating":0,"private":0,"password":""}