{"id":"gen9ubers-1994458217","p1":"estebansino","p2":"R3DRHUM","format":"[Gen 9] Ubers","log":"|j|\u2606estebansino\n|j|\u2606R3DRHUM\n|t:|1700446208\n|gametype|singles\n|player|p1|estebansino|170|1000\n|player|p2|R3DRHUM|2|1045\n|teamsize|p1|6\n|teamsize|p2|6\n|gen|9\n|tier|[Gen 9] Ubers\n|rated|\n|rule|Sleep Clause Mod: Limit one foe put to sleep\n|rule|Species Clause: Limit one of each Pok\u00e9mon\n|rule|OHKO Clause: OHKO moves are banned\n|rule|Evasion Items Clause: Evasion items are banned\n|rule|Evasion Moves Clause: Evasion moves are banned\n|rule|Endless Battle Clause: Forcing endless battles is banned\n|rule|HP Percentage Mod: HP is shown in percentages\n|clearpoke\n|poke|p1|Iron Moth|\n|poke|p1|Kommo-o, F|\n|poke|p1|Kingambit, F|\n|poke|p1|Toxapex, F|\n|poke|p1|Ting-Lu|\n|poke|p1|Regieleki|\n|poke|p2|Garganacl, F|\n|poke|p2|Flutter Mane|\n|poke|p2|Glimmora, F|\n|poke|p2|Landorus-Therian, M|\n|poke|p2|Rillaboom, M|\n|poke|p2|Rotom-Wash|\n|teampreview\n|\n|t:|1700446214\n|start\n|switch|p1a: Regieleki|Regieleki|100\/100\n|switch|p2a: Glimmora|Glimmora, F|100\/100\n|-item|p1a: Regieleki|Air Balloon\n|turn|1\n|\n|t:|1700446222\n|move|p1a: Regieleki|Thunder Wave|p2a: Glimmora\n|-status|p2a: Glimmora|par\n|cant|p2a: Glimmora|par\n|\n|upkeep\n|turn|2\n|\n|t:|1700446231\n|move|p1a: Regieleki|Rain Dance|p1a: Regieleki\n|-weather|RainDance\n|move|p2a: Glimmora|Toxic Spikes|p1a: Regieleki\n|-sidestart|p1: estebansino|move: Toxic Spikes\n|\n|-weather|RainDance|[upkeep]\n|upkeep\n|turn|3\n|\n|t:|1700446237\n|move|p1a: Regieleki|Volt Switch|p2a: Glimmora\n|-damage|p2a: Glimmora|52\/100 par\n|\n|t:|1700446240\n|switch|p1a: Toxapex|Toxapex, F|100\/100|[from] Volt Switch\n|-sideend|p1: estebansino|move: Toxic Spikes|[of] p1a: Toxapex\n|cant|p2a: Glimmora|par\n|\n|-weather|RainDance|[upkeep]\n|upkeep\n|turn|4\n|\n|t:|1700446248\n|cant|p2a: Glimmora|par\n|move|p1a: Toxapex|Hydro Pump|p2a: Glimmora|[miss]\n|-miss|p1a: Toxapex|p2a: Glimmora\n|\n|-weather|RainDance|[upkeep]\n|upkeep\n|turn|5\n|\n|t:|1700446254\n|move|p2a: Glimmora|Toxic Spikes|p1a: Toxapex\n|-sidestart|p1: estebansino|move: Toxic Spikes\n|move|p1a: Toxapex|Hydro Pump|p2a: Glimmora\n|-supereffective|p2a: Glimmora\n|-damage|p2a: Glimmora|0 fnt\n|faint|p2a: Glimmora\n|\n|-weather|RainDance|[upkeep]\n|upkeep\n|\n|t:|1700446267\n|switch|p2a: Garganacl|Garganacl, F|100\/100\n|turn|6\n|\n|t:|1700446274\n|-terastallize|p2a: Garganacl|Ghost\n|move|p1a: Toxapex|Hydro Pump|p2a: Garganacl\n|-damage|p2a: Garganacl|74\/100\n|move|p2a: Garganacl|Salt Cure|p1a: Toxapex\n|-damage|p1a: Toxapex|88\/100\n|-start|p1a: Toxapex|Salt Cure\n|\n|-weather|none\n|-heal|p1a: Toxapex|94\/100|[from] item: Leftovers\n|-heal|p2a: Garganacl|80\/100|[from] item: Leftovers\n|-damage|p1a: Toxapex|69\/100|[from] Salt Cure\n|upkeep\n|turn|7\n|\n|t:|1700446286\n|move|p1a: Toxapex|Lunge|p2a: Garganacl\n|-resisted|p2a: Garganacl\n|-damage|p2a: Garganacl|76\/100\n|-unboost|p2a: Garganacl|atk|1\n|move|p2a: Garganacl|Recover|p2a: Garganacl\n|-heal|p2a: Garganacl|100\/100\n|\n|-heal|p1a: Toxapex|75\/100|[from] item: Leftovers\n|-damage|p1a: Toxapex|50\/100|[from] Salt Cure\n|upkeep\n|turn|8\n|\n|t:|1700446296\n|move|p1a: Toxapex|Baneful Bunker|p1a: Toxapex\n|-singleturn|p1a: Toxapex|move: Protect\n|move|p2a: Garganacl|Salt Cure|p1a: Toxapex\n|-activate|p1a: Toxapex|move: Protect\n|\n|-heal|p1a: Toxapex|56\/100|[from] item: Leftovers\n|-damage|p1a: Toxapex|31\/100|[from] Salt Cure\n|upkeep\n|turn|9\n|\n|t:|1700446310\n|move|p1a: Toxapex|Gunk Shot|p2a: Garganacl\n|-resisted|p2a: Garganacl\n|-damage|p2a: Garganacl|91\/100\n|move|p2a: Garganacl|Salt Cure|p1a: Toxapex\n|-damage|p1a: Toxapex|23\/100\n|\n|-heal|p1a: Toxapex|29\/100|[from] item: Leftovers\n|-heal|p2a: Garganacl|97\/100|[from] item: Leftovers\n|-damage|p1a: Toxapex|4\/100|[from] Salt Cure\n|upkeep\n|turn|10\n|\n|t:|1700446322\n|move|p1a: Toxapex|Lunge|p2a: Garganacl\n|-resisted|p2a: Garganacl\n|-damage|p2a: Garganacl|92\/100\n|-unboost|p2a: Garganacl|atk|1\n|move|p2a: Garganacl|Recover|p2a: Garganacl\n|-heal|p2a: Garganacl|100\/100\n|\n|-heal|p1a: Toxapex|10\/100|[from] item: Leftovers\n|-damage|p1a: Toxapex|0 fnt|[from] Salt Cure\n|faint|p1a: Toxapex\n|upkeep\n|\n|t:|1700446342\n|switch|p1a: Kingambit|Kingambit, F|100\/100\n|turn|11\n|\n|t:|1700446348\n|switch|p2a: Rillaboom|Rillaboom, M|100\/100\n|-fieldstart|move: Grassy Terrain|[from] ability: Grassy Surge|[of] p2a: Rillaboom\n|move|p1a: Kingambit|Kowtow Cleave|p2a: Rillaboom\n|-damage|p2a: Rillaboom|64\/100\n|\n|-heal|p2a: Rillaboom|70\/100|[from] Grassy Terrain\n|upkeep\n|turn|12\n|\n|t:|1700446358\n|move|p2a: Rillaboom|Fake Out|p1a: Kingambit\n|-resisted|p1a: Kingambit\n|-damage|p1a: Kingambit|95\/100\n|cant|p1a: Kingambit|flinch\n|\n|-heal|p2a: Rillaboom|76\/100|[from] Grassy Terrain\n|-heal|p1a: Kingambit|100\/100|[from] Grassy Terrain\n|upkeep\n|turn|13\n|\n|t:|1700446373\n|move|p2a: Rillaboom|Knock Off|p1a: Kingambit\n|-resisted|p1a: Kingambit\n|-damage|p1a: Kingambit|87\/100\n|-enditem|p1a: Kingambit|Focus Sash|[from] move: Knock Off|[of] p2a: Rillaboom\n|move|p1a: Kingambit|Flash Cannon|p2a: Rillaboom\n|-damage|p2a: Rillaboom|52\/100\n|\n|-heal|p2a: Rillaboom|58\/100|[from] Grassy Terrain\n|-heal|p1a: Kingambit|93\/100|[from] Grassy Terrain\n|upkeep\n|turn|14\n|\n|t:|1700446383\n|move|p2a: Rillaboom|Grassy Glide|p1a: Kingambit\n|-resisted|p1a: Kingambit\n|-damage|p1a: Kingambit|79\/100\n|move|p1a: Kingambit|Poison Jab|p2a: Rillaboom\n|-supereffective|p2a: Rillaboom\n|-damage|p2a: Rillaboom|9\/100\n|-status|p2a: Rillaboom|psn\n|\n|-heal|p2a: Rillaboom|15\/100 psn|[from] Grassy Terrain\n|-heal|p1a: Kingambit|85\/100|[from] Grassy Terrain\n|-damage|p2a: Rillaboom|3\/100 psn|[from] psn\n|upkeep\n|turn|15\n|\n|t:|1700446398\n|move|p2a: Rillaboom|U-turn|p1a: Kingambit\n|-damage|p1a: Kingambit|66\/100\n|\n|t:|1700446404\n|switch|p2a: Rotom|Rotom-Wash|100\/100|[from] U-turn\n|move|p1a: Kingambit|Poison Jab|p2a: Rotom\n|-damage|p2a: Rotom|72\/100\n|\n|-heal|p1a: Kingambit|72\/100|[from] Grassy Terrain\n|-fieldend|move: Grassy Terrain\n|upkeep\n|turn|16\n|l|\u2606estebansino\n|player|p1|\n|j|\u2606estebansino\n|player|p1|estebansino|170\n|\n|t:|1700446562\n|move|p2a: Rotom|Will-O-Wisp|p1a: Kingambit\n|-status|p1a: Kingambit|brn\n|move|p1a: Kingambit|Zen Headbutt|p2a: Rotom|[miss]\n|-miss|p1a: Kingambit|p2a: Rotom\n|\n|-damage|p1a: Kingambit|66\/100 brn|[from] brn\n|upkeep\n|turn|17\n|-message|R3DRHUM forfeited.\n|\n|win|estebansino\n|raw|estebansino's rating: 1000 &rarr; <strong>1045<\/strong><br \/>(+45 for winning)\n|raw|R3DRHUM's rating: 1045 &rarr; <strong>1026<\/strong><br \/>(-19 for losing)\n|l|\u2606R3DRHUM\n","uploadtime":1700446745,"views":3,"p1id":"estebansino","p2id":"r3drhum","formatid":"gen9ubers","rating":1026,"private":0,"password":""}