{"id":"gen9ubers-1995879204","p1":"mlgpokeballer","p2":"YouHurtYourWhat","format":"[Gen 9] Ubers","log":"|j|\u2606mlgpokeballer\n|j|\u2606YouHurtYourWhat\n|t:|1700612801\n|gametype|singles\n|player|p1|mlgpokeballer|crasherwake|\n|player|p2|YouHurtYourWhat|veteran|\n|teamsize|p1|6\n|teamsize|p2|6\n|gen|9\n|tier|[Gen 9] Ubers\n|rated|Tournament battle\n|rule|Sleep Clause Mod: Limit one foe put to sleep\n|rule|Species Clause: Limit one of each Pok\u00e9mon\n|rule|OHKO Clause: OHKO moves are banned\n|rule|Evasion Items Clause: Evasion items are banned\n|rule|Evasion Moves Clause: Evasion moves are banned\n|rule|Endless Battle Clause: Forcing endless battles is banned\n|rule|HP Percentage Mod: HP is shown in percentages\n|clearpoke\n|poke|p1|Arceus|\n|poke|p1|Espathra, F|\n|poke|p1|Giratina-Origin|\n|poke|p1|Landorus, M|\n|poke|p1|Koraidon|\n|poke|p1|Ting-Lu|\n|poke|p2|Eternatus|\n|poke|p2|Landorus, M|\n|poke|p2|Urshifu-*, F|\n|poke|p2|Skeledirge, F|\n|poke|p2|Arceus-Steel|\n|poke|p2|Koraidon|\n|teampreview\n|inactive|Battle timer is ON: inactive players will automatically lose when time's up. (requested by YouHurtYourWhat)\n|\n|t:|1700612828\n|start\n|switch|p1a: Landorus|Landorus, M, shiny|100\/100\n|switch|p2a: Eternatus|Eternatus|100\/100\n|-ability|p2a: Eternatus|Pressure\n|turn|1\n|j| DerpyAchoque\n|\n|t:|1700612833\n|move|p2a: Eternatus|Dynamax Cannon|p1a: Landorus\n|-damage|p1a: Landorus|4\/100\n|-damage|p2a: Eternatus|91\/100|[from] item: Life Orb\n|move|p1a: Landorus|Earth Power|p2a: Eternatus\n|-supereffective|p2a: Eternatus\n|-damage|p2a: Eternatus|0 fnt\n|faint|p2a: Eternatus\n|\n|upkeep\n|\n|t:|1700612843\n|switch|p2a: Koraidon|Koraidon|100\/100\n|-weather|SunnyDay|[from] ability: Orichalcum Pulse|[of] p2a: Koraidon\n|-activate|p2a: Koraidon|Orichalcum Pulse|[source]\n|turn|2\n|\n|t:|1700612849\n|move|p2a: Koraidon|Flame Charge|p1a: Landorus\n|-damage|p1a: Landorus|0 fnt\n|-boost|p2a: Koraidon|spe|1\n|faint|p1a: Landorus\n|\n|-weather|SunnyDay|[upkeep]\n|upkeep\n|\n|t:|1700612852\n|switch|p1a: Koraidon|Koraidon|100\/100\n|-activate|p1a: Koraidon|ability: Orichalcum Pulse\n|turn|3\n|\n|t:|1700612865\n|-terastallize|p2a: Koraidon|Fire\n|move|p2a: Koraidon|Dragon Claw|p1a: Koraidon\n|-supereffective|p1a: Koraidon\n|-damage|p1a: Koraidon|3\/100\n|move|p1a: Koraidon|Dragon Claw|p2a: Koraidon\n|-damage|p2a: Koraidon|54\/100\n|\n|-weather|SunnyDay|[upkeep]\n|-heal|p2a: Koraidon|60\/100|[from] item: Leftovers\n|upkeep\n|turn|4\n|\n|t:|1700612870\n|move|p2a: Koraidon|Dragon Claw|p1a: Koraidon\n|-supereffective|p1a: Koraidon\n|-damage|p1a: Koraidon|0 fnt\n|faint|p1a: Koraidon\n|\n|-weather|SunnyDay|[upkeep]\n|-heal|p2a: Koraidon|66\/100|[from] item: Leftovers\n|upkeep\n|\n|t:|1700612879\n|switch|p1a: Arceus|Arceus|100\/100\n|turn|5\n|\n|t:|1700612883\n|move|p1a: Arceus|Extreme Speed|p2a: Koraidon\n|-damage|p2a: Koraidon|16\/100\n|move|p2a: Koraidon|Collision Course|p1a: Arceus\n|-supereffective|p1a: Arceus\n|-damage|p1a: Arceus|0 fnt\n|faint|p1a: Arceus\n|\n|-weather|SunnyDay|[upkeep]\n|-heal|p2a: Koraidon|22\/100|[from] item: Leftovers\n|upkeep\n|\n|t:|1700612887\n|switch|p1a: Espathra|Espathra, F, shiny|100\/100\n|turn|6\n|\n|t:|1700612893\n|move|p2a: Koraidon|Swords Dance|p2a: Koraidon\n|-boost|p2a: Koraidon|atk|2\n|move|p1a: Espathra|Roost||[still]\n|-fail|p1a: Espathra|heal\n|\n|-weather|none\n|-heal|p2a: Koraidon|28\/100|[from] item: Leftovers\n|-ability|p1a: Espathra|Speed Boost|boost\n|-boost|p1a: Espathra|spe|1\n|upkeep\n|turn|7\n|j|%Taka\n|l|%Taka\n|\n|t:|1700612906\n|switch|p1a: Ting-Lu|Ting-Lu|100\/100\n|-ability|p1a: Ting-Lu|Vessel of Ruin\n|move|p2a: Koraidon|Dragon Claw|p1a: Ting-Lu\n|-crit|p1a: Ting-Lu\n|-damage|p1a: Ting-Lu|34\/100\n|\n|-heal|p2a: Koraidon|34\/100|[from] item: Leftovers\n|-heal|p1a: Ting-Lu|41\/100|[from] item: Leftovers\n|upkeep\n|turn|8\n|\n|t:|1700612913\n|switch|p1a: Giratina|Giratina-Origin|100\/100\n|move|p2a: Koraidon|Collision Course|p1a: Giratina\n|-immune|p1a: Giratina\n|\n|-heal|p2a: Koraidon|40\/100|[from] item: Leftovers\n|upkeep\n|turn|9\n|\n|t:|1700612922\n|-terastallize|p1a: Giratina|Steel\n|move|p2a: Koraidon|Dragon Claw|p1a: Giratina\n|-resisted|p1a: Giratina\n|-damage|p1a: Giratina|76\/100\n|move|p1a: Giratina|Earthquake|p2a: Koraidon\n|-supereffective|p2a: Koraidon\n|-damage|p2a: Koraidon|0 fnt\n|faint|p2a: Koraidon\n|\n|upkeep\n|\n|t:|1700612928\n|switch|p2a: Urshifu|Urshifu, F|100\/100\n|turn|10\n|\n|t:|1700612947\n|move|p2a: Urshifu|U-turn|p1a: Giratina\n|-resisted|p1a: Giratina\n|-damage|p1a: Giratina|65\/100\n|\n|t:|1700612950\n|switch|p2a: Arceus|Arceus-Steel|100\/100|[from] U-turn\n|move|p1a: Giratina|Will-O-Wisp|p2a: Arceus\n|-status|p2a: Arceus|brn\n|\n|-damage|p2a: Arceus|94\/100 brn|[from] brn\n|upkeep\n|turn|11\n|\n|t:|1700612954\n|move|p2a: Arceus|Stealth Rock|p1a: Giratina\n|-sidestart|p1: mlgpokeballer|move: Stealth Rock\n|move|p1a: Giratina|Earthquake|p2a: Arceus\n|-supereffective|p2a: Arceus\n|-damage|p2a: Arceus|53\/100 brn\n|\n|-damage|p2a: Arceus|47\/100 brn|[from] brn\n|upkeep\n|turn|12\n|\n|t:|1700612960\n|switch|p2a: Landorus|Landorus, M|100\/100\n|move|p1a: Giratina|Defog|p2a: Landorus\n|-unboost|p2a: Landorus|evasion|1\n|-sideend|p1: mlgpokeballer|Stealth Rock|[from] move: Defog|[of] p1a: Giratina\n|\n|upkeep\n|turn|13\n|inactive|mlgpokeballer has 120 seconds left.\n|\n|t:|1700612998\n|move|p2a: Landorus|Focus Blast|p1a: Giratina\n|-supereffective|p1a: Giratina\n|-damage|p1a: Giratina|0 fnt\n|faint|p1a: Giratina\n|\n|upkeep\n|\n|t:|1700613001\n|switch|p1a: Espathra|Espathra, F, shiny|100\/100\n|turn|14\n|\n|t:|1700613009\n|move|p2a: Landorus|Earth Power|p1a: Espathra\n|-damage|p1a: Espathra|7\/100\n|move|p1a: Espathra|Calm Mind|p1a: Espathra\n|-boost|p1a: Espathra|spa|1\n|-boost|p1a: Espathra|spd|1\n|\n|-heal|p1a: Espathra|14\/100|[from] item: Leftovers\n|-ability|p1a: Espathra|Speed Boost|boost\n|-boost|p1a: Espathra|spe|1\n|upkeep\n|turn|15\n|l| DerpyAchoque\n|\n|t:|1700613016\n|move|p1a: Espathra|Roost|p1a: Espathra\n|-heal|p1a: Espathra|64\/100\n|-singleturn|p1a: Espathra|move: Roost\n|move|p2a: Landorus|Earth Power|p1a: Espathra\n|-damage|p1a: Espathra|0 fnt\n|faint|p1a: Espathra\n|\n|upkeep\n|\n|t:|1700613019\n|switch|p1a: Ting-Lu|Ting-Lu|41\/100\n|-ability|p1a: Ting-Lu|Vessel of Ruin\n|turn|16\n|\n|t:|1700613021\n|move|p2a: Landorus|Earth Power|p1a: Ting-Lu\n|-damage|p1a: Ting-Lu|12\/100\n|move|p1a: Ting-Lu|Ruination|p2a: Landorus\n|-damage|p2a: Landorus|51\/100\n|\n|-heal|p1a: Ting-Lu|18\/100|[from] item: Leftovers\n|upkeep\n|turn|17\n|\n|t:|1700613024\n|move|p2a: Landorus|Earth Power|p1a: Ting-Lu\n|-damage|p1a: Ting-Lu|0 fnt\n|faint|p1a: Ting-Lu\n|\n|win|YouHurtYourWhat\n|n|\u2606mlgpokeballer|mlgpokeballer\n|n|\u2606YouHurtYourWhat|youhurtyourwhat\n","uploadtime":1700613025,"views":6,"p1id":"mlgpokeballer","p2id":"youhurtyourwhat","formatid":"gen9ubers","rating":0,"private":0,"password":""}