{"id":"gen9ubers-1989407840","p1":"OUFC Test1","p2":"corvere\u2665","format":"[Gen 9] Ubers","log":"|j|\u2606OUFC Test1\n|j|\u2606corvere\u2665\n|t:|1699846352\n|gametype|singles\n|player|p1|OUFC Test1|iono|\n|player|p2|corvere\u2665|anthea|\n|teamsize|p1|6\n|teamsize|p2|6\n|gen|9\n|tier|[Gen 9] Ubers\n|rated|Tournament battle\n|rule|Sleep Clause Mod: Limit one foe put to sleep\n|rule|Species Clause: Limit one of each Pok\u00e9mon\n|rule|OHKO Clause: OHKO moves are banned\n|rule|Evasion Items Clause: Evasion items are banned\n|rule|Evasion Moves Clause: Evasion moves are banned\n|rule|Endless Battle Clause: Forcing endless battles is banned\n|rule|HP Percentage Mod: HP is shown in percentages\n|clearpoke\n|poke|p1|Koraidon|\n|poke|p1|Flutter Mane|\n|poke|p1|Arceus-Steel|\n|poke|p1|Clodsire, M|\n|poke|p1|Gliscor, F|\n|poke|p1|Rayquaza|\n|poke|p2|Grimmsnarl, M|\n|poke|p2|Maushold-Four|\n|poke|p2|Koraidon|\n|poke|p2|Arceus-Ground|\n|poke|p2|Zacian-*|\n|poke|p2|Miraidon|\n|teampreview\n|inactive|Battle timer is ON: inactive players will automatically lose when time's up. (requested by corvere\u2665)\n|c|\u2606OUFC Test1|gl\n|c|\u2606corvere\u2665|hf\n|\n|t:|1699846370\n|start\n|switch|p1a: Gliscor|Gliscor, F|100\/100\n|switch|p2a: debugged|Grimmsnarl, M, shiny|100\/100\n|turn|1\n|\n|t:|1699846376\n|move|p2a: debugged|Taunt|p1a: Gliscor\n|-start|p1a: Gliscor|move: Taunt\n|cant|p1a: Gliscor|move: Taunt|Toxic\n|\n|-status|p1a: Gliscor|tox|[from] item: Toxic Orb\n|upkeep\n|turn|2\n|j| Keaeth\n|\n|t:|1699846385\n|move|p2a: debugged|Reflect|p2a: debugged\n|-sidestart|p2: corvere\u2665|Reflect\n|move|p1a: Gliscor|Earthquake|p2a: debugged\n|-damage|p2a: debugged|85\/100\n|\n|upkeep\n|turn|3\n|\n|t:|1699846390\n|move|p2a: debugged|Parting Shot|p1a: Gliscor\n|-unboost|p1a: Gliscor|atk|1\n|-unboost|p1a: Gliscor|spa|1\n|\n|t:|1699846399\n|switch|p2a: kurai|Koraidon|100\/100|[from] Parting Shot\n|-weather|SunnyDay|[from] ability: Orichalcum Pulse|[of] p2a: kurai\n|-activate|p2a: kurai|Orichalcum Pulse|[source]\n|move|p1a: Gliscor|Earthquake|p2a: kurai\n|-damage|p2a: kurai|91\/100\n|\n|-weather|SunnyDay|[upkeep]\n|-end|p1a: Gliscor|move: Taunt\n|upkeep\n|turn|4\n|\n|t:|1699846409\n|move|p2a: kurai|Swords Dance|p2a: kurai\n|-boost|p2a: kurai|atk|2\n|move|p1a: Gliscor|Toxic|p2a: kurai\n|-status|p2a: kurai|tox\n|-enditem|p2a: kurai|Lum Berry|[eat]\n|-curestatus|p2a: kurai|tox|[msg]\n|\n|-weather|SunnyDay|[upkeep]\n|upkeep\n|turn|5\n|\n|t:|1699846418\n|switch|p1a: Flutter Mane|Flutter Mane|100\/100\n|-activate|p1a: Flutter Mane|ability: Protosynthesis\n|-start|p1a: Flutter Mane|protosynthesisspe\n|move|p2a: kurai|Dragon Claw|p1a: Flutter Mane\n|-immune|p1a: Flutter Mane\n|\n|-weather|SunnyDay|[upkeep]\n|upkeep\n|turn|6\n|\n|t:|1699846426\n|-terastallize|p1a: Flutter Mane|Ground\n|-terastallize|p2a: kurai|Fire\n|move|p1a: Flutter Mane|Tera Blast|p2a: kurai|[anim] Tera Blast Ground\n|-supereffective|p2a: kurai\n|-damage|p2a: kurai|0 fnt\n|faint|p2a: kurai\n|\n|-weather|SunnyDay|[upkeep]\n|upkeep\n|c|\u2606corvere\u2665|damn.\n|c|\u2606corvere\u2665|i got  COOKED\n|c|\u2606OUFC Test1|I go for the reads\n|c|\u2606OUFC Test1|100% of the time\n|c|\u2606corvere\u2665|i feel destroyed\n|c|\u2606corvere\u2665|damn.\n|inactive|corvere\u2665 has 120 seconds left.\n|\n|t:|1699846457\n|switch|p2a: debugged|Grimmsnarl, M, shiny|85\/100\n|turn|7\n|j| Kate\n|\n|t:|1699846468\n|-end|p1a: Flutter Mane|Protosynthesis|[silent]\n|switch|p1a: Gliscor|Gliscor, F|100\/100 tox\n|move|p2a: debugged|Light Screen|p2a: debugged\n|-sidestart|p2: corvere\u2665|move: Light Screen\n|\n|-weather|none\n|upkeep\n|turn|8\n|\n|t:|1699846472\n|move|p1a: Gliscor|Protect|p1a: Gliscor\n|-singleturn|p1a: Gliscor|Protect\n|move|p2a: debugged|Taunt|p1a: Gliscor\n|-activate|p1a: Gliscor|move: Protect\n|\n|upkeep\n|turn|9\n|\n|t:|1699846475\n|move|p2a: debugged|Taunt|p1a: Gliscor\n|-start|p1a: Gliscor|move: Taunt\n|cant|p1a: Gliscor|move: Taunt|Taunt\n|\n|-sideend|p2: corvere\u2665|Reflect\n|upkeep\n|turn|10\n|\n|t:|1699846478\n|move|p2a: debugged|Reflect|p2a: debugged\n|-sidestart|p2: corvere\u2665|Reflect\n|move|p1a: Gliscor|Earthquake|p2a: debugged\n|-damage|p2a: debugged|69\/100\n|\n|upkeep\n|turn|11\n|\n|t:|1699846489\n|move|p2a: debugged|Parting Shot|p1a: Gliscor\n|-unboost|p1a: Gliscor|atk|1\n|-unboost|p1a: Gliscor|spa|1\n|\n|t:|1699846492\n|switch|p2a: accela|Maushold-Four|100\/100|[from] Parting Shot\n|move|p1a: Gliscor|Earthquake|p2a: accela\n|-damage|p2a: accela|85\/100\n|\n|-end|p1a: Gliscor|move: Taunt\n|upkeep\n|turn|12\n|\n|t:|1699846500\n|move|p2a: accela|Taunt|p1a: Gliscor\n|-start|p1a: Gliscor|move: Taunt\n|cant|p1a: Gliscor|move: Taunt|Toxic\n|\n|upkeep\n|turn|13\n|\n|t:|1699846504\n|switch|p1a: Flutter Mane|Flutter Mane, tera:Ground|100\/100\n|move|p2a: accela|Tidy Up|p2a: accela\n|-boost|p2a: accela|atk|1\n|-boost|p2a: accela|spe|1\n|\n|upkeep\n|turn|14\n|l| Keaeth\n|\n|t:|1699846512\n|-end|p1a: Flutter Mane|Protosynthesis|[silent]\n|switch|p1a: Arceus|Arceus-Steel|100\/100\n|move|p2a: accela|Population Bomb|p1a: Arceus\n|-resisted|p1a: Arceus\n|-damage|p1a: Arceus|95\/100\n|-resisted|p1a: Arceus\n|-damage|p1a: Arceus|89\/100\n|-resisted|p1a: Arceus\n|-damage|p1a: Arceus|83\/100\n|-resisted|p1a: Arceus\n|-damage|p1a: Arceus|77\/100\n|-resisted|p1a: Arceus\n|-damage|p1a: Arceus|71\/100\n|-resisted|p1a: Arceus\n|-damage|p1a: Arceus|65\/100\n|-resisted|p1a: Arceus\n|-damage|p1a: Arceus|59\/100\n|-resisted|p1a: Arceus\n|-damage|p1a: Arceus|53\/100\n|-resisted|p1a: Arceus\n|-damage|p1a: Arceus|47\/100\n|-resisted|p1a: Arceus\n|-damage|p1a: Arceus|41\/100\n|-hitcount|p1a: Arceus|10\n|\n|-sideend|p2: corvere\u2665|move: Light Screen\n|upkeep\n|turn|15\n|\n|t:|1699846519\n|move|p2a: accela|Population Bomb|p1a: Arceus\n|-resisted|p1a: Arceus\n|-damage|p1a: Arceus|35\/100\n|-resisted|p1a: Arceus\n|-crit|p1a: Arceus\n|-damage|p1a: Arceus|26\/100\n|-resisted|p1a: Arceus\n|-damage|p1a: Arceus|20\/100\n|-resisted|p1a: Arceus\n|-damage|p1a: Arceus|14\/100\n|-resisted|p1a: Arceus\n|-damage|p1a: Arceus|8\/100\n|-resisted|p1a: Arceus\n|-damage|p1a: Arceus|2\/100\n|-resisted|p1a: Arceus\n|-damage|p1a: Arceus|0 fnt\n|faint|p1a: Arceus\n|-hitcount|p1: Arceus|7\n|\n|upkeep\n|\n|t:|1699846523\n|switch|p1a: Flutter Mane|Flutter Mane, tera:Ground|100\/100\n|turn|16\n|\n|t:|1699846528\n|move|p1a: Flutter Mane|Moonblast|p2a: accela\n|-damage|p2a: accela|13\/100\n|move|p2a: accela|Population Bomb|p1a: Flutter Mane\n|-damage|p1a: Flutter Mane|59\/100\n|-damage|p1a: Flutter Mane|20\/100\n|-damage|p1a: Flutter Mane|0 fnt\n|faint|p1a: Flutter Mane\n|-end|p1a: Flutter Mane|Protosynthesis|[silent]\n|-hitcount|p1: Flutter Mane|3\n|\n|upkeep\n|\n|t:|1699846534\n|switch|p1a: Koraidon|Koraidon|100\/100\n|-weather|SunnyDay|[from] ability: Orichalcum Pulse|[of] p1a: Koraidon\n|-activate|p1a: Koraidon|Orichalcum Pulse|[source]\n|turn|17\n|\n|t:|1699846537\n|move|p2a: accela|Population Bomb|p1a: Koraidon\n|-damage|p1a: Koraidon|83\/100\n|-damage|p1a: Koraidon|66\/100\n|-damage|p1a: Koraidon|51\/100\n|-damage|p1a: Koraidon|35\/100\n|-damage|p1a: Koraidon|19\/100\n|-damage|p1a: Koraidon|3\/100\n|-damage|p1a: Koraidon|0 fnt\n|faint|p1a: Koraidon\n|-hitcount|p1: Koraidon|7\n|\n|-weather|SunnyDay|[upkeep]\n|-sideend|p2: corvere\u2665|Reflect\n|upkeep\n|c|\u2606OUFC Test1|gg\n|\n|t:|1699846541\n|switch|p1a: Rayquaza|Rayquaza, shiny|100\/100\n|-ability|p1a: Rayquaza|Air Lock\n|turn|18\n|\n|t:|1699846543\n|move|p2a: accela|Population Bomb|p1a: Rayquaza\n|-damage|p1a: Rayquaza|83\/100\n|-damage|p1a: Rayquaza|63\/100\n|-crit|p1a: Rayquaza\n|-damage|p1a: Rayquaza|34\/100\n|-damage|p1a: Rayquaza|16\/100\n|-damage|p1a: Rayquaza|0 fnt\n|faint|p1a: Rayquaza\n|-hitcount|p1: Rayquaza|5\n|\n|-weather|SunnyDay|[upkeep]\n|upkeep\n|c|\u2606corvere\u2665|gg\n|\n|t:|1699846545\n|switch|p1a: Gliscor|Gliscor, F|100\/100 tox\n|turn|19\n|\n|t:|1699846548\n|move|p2a: accela|Population Bomb|p1a: Gliscor\n|-damage|p1a: Gliscor|89\/100 tox\n|-damage|p1a: Gliscor|78\/100 tox\n|-damage|p1a: Gliscor|67\/100 tox\n|-damage|p1a: Gliscor|56\/100 tox\n|-damage|p1a: Gliscor|44\/100 tox\n|-damage|p1a: Gliscor|33\/100 tox\n|-damage|p1a: Gliscor|22\/100 tox\n|-damage|p1a: Gliscor|12\/100 tox\n|-damage|p1a: Gliscor|1\/100 tox\n|-damage|p1a: Gliscor|0 fnt\n|faint|p1a: Gliscor\n|-hitcount|p1: Gliscor|10\n|\n|-weather|SunnyDay|[upkeep]\n|upkeep\n|\n|t:|1699846549\n|switch|p1a: Clodsire|Clodsire, M|100\/100\n|turn|20\n|\n|t:|1699846553\n|move|p2a: accela|Population Bomb|p1a: Clodsire\n|-damage|p1a: Clodsire|81\/100\n|-damage|p1a: Clodsire|61\/100\n|-damage|p1a: Clodsire|39\/100\n|-damage|p1a: Clodsire|17\/100\n|-damage|p1a: Clodsire|0 fnt\n|faint|p1a: Clodsire\n|-hitcount|p1: Clodsire|5\n|\n|win|corvere\u2665\n|n|\u2606OUFC Test1|oufctest1\n|n|\u2606corvere\u2665|corvere\n|n| Kate|kate\n","uploadtime":1699846554,"views":20,"p1id":"oufctest1","p2id":"corvere","formatid":"gen9ubers","rating":0,"private":0,"password":""}