{"id":"gen9ubers-1979985496","p1":"sparkyboii200","p2":"ToKung","format":"[Gen 9] Ubers","log":"|j|\u2606sparkyboii200\n|j|\u2606ToKung\n|t:|1698742008\n|gametype|singles\n|player|p1|sparkyboii200|volkner-masters|1174\n|player|p2|ToKung|red|1036\n|teamsize|p1|6\n|teamsize|p2|6\n|gen|9\n|tier|[Gen 9] Ubers\n|rated|\n|rule|Sleep Clause Mod: Limit one foe put to sleep\n|rule|Species Clause: Limit one of each Pok\u00e9mon\n|rule|OHKO Clause: OHKO moves are banned\n|rule|Evasion Items Clause: Evasion items are banned\n|rule|Evasion Moves Clause: Evasion moves are banned\n|rule|Endless Battle Clause: Forcing endless battles is banned\n|rule|HP Percentage Mod: HP is shown in percentages\n|clearpoke\n|poke|p1|Jolteon, M|\n|poke|p1|Chien-Pao|\n|poke|p1|Zacian-*|\n|poke|p1|Corviknight, M|\n|poke|p1|Skeledirge, F|\n|poke|p1|Kyogre|\n|poke|p2|Baxcalibur, M|\n|poke|p2|Clodsire, M|\n|poke|p2|Corviknight, M|\n|poke|p2|Koraidon|\n|poke|p2|Gliscor, M|\n|poke|p2|Annihilape, M|\n|teampreview\n|inactive|Battle timer is ON: inactive players will automatically lose when time's up. (requested by sparkyboii200)\n|c|\u2606sparkyboii200|glhf\n|\n|t:|1698742029\n|start\n|switch|p1a: Isheru|Chien-Pao|100\/100\n|switch|p2a: God|Annihilape, M|100\/100\n|-ability|p1a: Isheru|Sword of Ruin\n|turn|1\n|\n|t:|1698742035\n|switch|p1a: Valk|Skeledirge, F|100\/100\n|move|p2a: God|Drain Punch|p1a: Valk\n|-immune|p1a: Valk\n|\n|upkeep\n|turn|2\n|\n|t:|1698742041\n|move|p2a: God|Bulk Up|p2a: God\n|-boost|p2a: God|atk|1\n|-boost|p2a: God|def|1\n|move|p1a: Valk|Shadow Ball|p2a: God\n|-supereffective|p2a: God\n|-damage|p2a: God|63\/100\n|-unboost|p2a: God|spd|1\n|-ability|p2a: God|Defiant|boost\n|-boost|p2a: God|atk|2\n|\n|-heal|p2a: God|69\/100|[from] item: Leftovers\n|upkeep\n|turn|3\n|\n|t:|1698742052\n|move|p2a: God|Rest|p2a: God\n|-status|p2a: God|slp|[from] move: Rest\n|-heal|p2a: God|100\/100 slp|[silent]\n|move|p1a: Valk|Will-O-Wisp|p2a: God|[miss]\n|-miss|p1a: Valk|p2a: God\n|\n|upkeep\n|turn|4\n|\n|t:|1698742064\n|cant|p2a: God|slp\n|move|p1a: Valk|Torch Song|p2a: God\n|-damage|p2a: God|81\/100 slp\n|-boost|p1a: Valk|spa|1\n|\n|-heal|p2a: God|87\/100 slp|[from] item: Leftovers\n|upkeep\n|turn|5\n|\n|t:|1698742071\n|cant|p2a: God|slp\n|move|p1a: Valk|Torch Song|p2a: God\n|-damage|p2a: God|61\/100 slp\n|-boost|p1a: Valk|spa|1\n|\n|-heal|p2a: God|67\/100 slp|[from] item: Leftovers\n|upkeep\n|turn|6\n|\n|t:|1698742078\n|-curestatus|p2a: God|slp|[msg]\n|move|p2a: God|Rage Fist|p1a: Valk\n|-supereffective|p1a: Valk\n|-damage|p1a: Valk|0 fnt\n|faint|p1a: Valk\n|\n|-heal|p2a: God|73\/100|[from] item: Leftovers\n|upkeep\n|\n|t:|1698742086\n|switch|p1a: Zacia|Zacian-Crowned|100\/100\n|-ability|p1a: Zacia|Intrepid Sword|boost\n|-boost|p1a: Zacia|atk|1\n|turn|7\n|\n|t:|1698742092\n|move|p1a: Zacia|Play Rough|p2a: God\n|-supereffective|p2a: God\n|-damage|p2a: God|0 fnt\n|faint|p2a: God\n|\n|upkeep\n|\n|t:|1698742098\n|switch|p2a: Sir Chonkolate|Clodsire, M|100\/100\n|turn|8\n|\n|t:|1698742108\n|-terastallize|p1a: Zacia|Ground\n|move|p1a: Zacia|Tera Blast|p2a: Sir Chonkolate|[anim] Tera Blast Ground\n|-supereffective|p2a: Sir Chonkolate\n|-damage|p2a: Sir Chonkolate|0 fnt\n|faint|p2a: Sir Chonkolate\n|\n|upkeep\n|\n|t:|1698742112\n|switch|p2a: Nightsky|Gliscor, M|100\/100\n|turn|9\n|\n|t:|1698742119\n|switch|p1a: Isheru|Chien-Pao|100\/100\n|-ability|p1a: Isheru|Sword of Ruin\n|move|p2a: Nightsky|Toxic|p1a: Isheru\n|-status|p1a: Isheru|tox\n|\n|-damage|p1a: Isheru|95\/100 tox|[from] psn\n|-status|p2a: Nightsky|tox|[from] item: Toxic Orb\n|upkeep\n|turn|10\n|\n|t:|1698742135\n|move|p1a: Isheru|Swords Dance|p1a: Isheru\n|-boost|p1a: Isheru|atk|2\n|move|p2a: Nightsky|Spikes|p1a: Isheru\n|-sidestart|p1: sparkyboii200|Spikes\n|\n|-damage|p1a: Isheru|83\/100 tox|[from] psn\n|upkeep\n|turn|11\n|\n|t:|1698742142\n|move|p2a: Nightsky|Protect|p2a: Nightsky\n|-singleturn|p2a: Nightsky|Protect\n|move|p1a: Isheru|Ice Spinner|p2a: Nightsky\n|-activate|p2a: Nightsky|move: Protect\n|\n|-damage|p1a: Isheru|65\/100 tox|[from] psn\n|upkeep\n|turn|12\n|\n|t:|1698742148\n|move|p1a: Isheru|Ice Spinner|p2a: Nightsky\n|-supereffective|p2a: Nightsky\n|-damage|p2a: Nightsky|0 fnt\n|faint|p2a: Nightsky\n|\n|-damage|p1a: Isheru|41\/100 tox|[from] psn\n|upkeep\n|\n|t:|1698742152\n|switch|p2a: Heavy|Corviknight, M, shiny|100\/100\n|-ability|p2a: Heavy|Pressure\n|turn|13\n|\n|t:|1698742159\n|move|p1a: Isheru|Ice Spinner|p2a: Heavy\n|-damage|p2a: Heavy|40\/100\n|move|p2a: Heavy|U-turn|p1a: Isheru\n|-supereffective|p1a: Isheru\n|-damage|p1a: Isheru|4\/100 tox\n|\n|t:|1698742165\n|switch|p2a: Gojira|Baxcalibur, M|100\/100|[from] U-turn\n|\n|-damage|p1a: Isheru|0 fnt|[from] psn\n|faint|p1a: Isheru\n|upkeep\n|\n|t:|1698742170\n|switch|p1a: Zacia|Zacian-Crowned, tera:Ground|100\/100\n|-damage|p1a: Zacia|88\/100|[from] Spikes\n|turn|14\n|\n|t:|1698742175\n|move|p1a: Zacia|Behemoth Blade|p2a: Gojira\n|-supereffective|p2a: Gojira\n|-damage|p2a: Gojira|0 fnt\n|faint|p2a: Gojira\n|\n|upkeep\n|\n|t:|1698742178\n|switch|p2a: Rex|Koraidon|100\/100\n|-weather|SunnyDay|[from] ability: Orichalcum Pulse|[of] p2a: Rex\n|-activate|p2a: Rex|Orichalcum Pulse|[source]\n|turn|15\n|\n|t:|1698742186\n|move|p1a: Zacia|Play Rough|p2a: Rex\n|-supereffective|p2a: Rex\n|-damage|p2a: Rex|0 fnt\n|faint|p2a: Rex\n|\n|-weather|SunnyDay|[upkeep]\n|upkeep\n|\n|t:|1698742189\n|switch|p2a: Heavy|Corviknight, M, shiny|40\/100\n|-ability|p2a: Heavy|Pressure\n|turn|16\n|\n|t:|1698742194\n|switch|p1a: Sparky|Jolteon, M|100\/100\n|-damage|p1a: Sparky|88\/100|[from] Spikes\n|move|p2a: Heavy|Brave Bird|p1a: Sparky\n|-resisted|p1a: Sparky\n|-damage|p1a: Sparky|51\/100\n|-damage|p2a: Heavy|31\/100|[from] Recoil\n|\n|-weather|SunnyDay|[upkeep]\n|-heal|p2a: Heavy|37\/100|[from] item: Leftovers\n|-status|p1a: Sparky|brn|[from] item: Flame Orb\n|upkeep\n|turn|17\n|-message|ToKung forfeited.\n|\n|win|sparkyboii200\n|raw|sparkyboii200's rating: 1174 &rarr; <strong>1190<\/strong><br \/>(+16 for winning)\n|raw|ToKung's rating: 1036 &rarr; <strong>1026<\/strong><br \/>(-10 for losing)\n|l|\u2606ToKung\n","uploadtime":1698742208,"views":21,"p1id":"sparkyboii200","p2id":"tokung","formatid":"gen9ubers","rating":1026,"private":0,"password":""}