{"id":"gen9ubers-1973215480","p1":"OMAR RV","p2":"EdStatd","format":"[Gen 9] Ubers","log":"|j|\u2606OMAR RV\n|j|\u2606EdStatd\n|t:|1697940391\n|gametype|singles\n|player|p1|OMAR RV|pokemonranger-gen4|\n|player|p2|EdStatd|nate|\n|teamsize|p1|6\n|teamsize|p2|6\n|gen|9\n|tier|[Gen 9] Ubers\n|rule|Sleep Clause Mod: Limit one foe put to sleep\n|rule|Species Clause: Limit one of each Pok\u00e9mon\n|rule|OHKO Clause: OHKO moves are banned\n|rule|Evasion Items Clause: Evasion items are banned\n|rule|Evasion Moves Clause: Evasion moves are banned\n|rule|Endless Battle Clause: Forcing endless battles is banned\n|rule|HP Percentage Mod: HP is shown in percentages\n|clearpoke\n|poke|p1|Arceus|\n|poke|p1|Maushold|\n|poke|p1|Ursaluna, F|\n|poke|p1|Ditto|\n|poke|p1|Meloetta|\n|poke|p1|Zoroark-Hisui, F|\n|poke|p2|Rotom-Wash|\n|poke|p2|Zamazenta-*|\n|poke|p2|Corviknight, F|\n|poke|p2|Roaring Moon|\n|poke|p2|Sableye, M|\n|poke|p2|Kingambit, M|\n|teampreview\n|inactive|Battle timer is ON: inactive players will automatically lose when time's up. (requested by EdStatd)\n|inactive|OMAR RV has 270 seconds left.\n|\n|t:|1697940439\n|start\n|switch|p1a: Meloetta|Meloetta|100\/100\n|switch|p2a: Rotom|Rotom-Wash, shiny|100\/100\n|turn|1\n|\n|t:|1697940463\n|move|p1a: Meloetta|Trick|p2a: Rotom\n|-activate|p1a: Meloetta|move: Trick|[of] p2a: Rotom\n|-item|p2a: Rotom|Choice Scarf|[from] move: Trick\n|-item|p1a: Meloetta|Leftovers|[from] move: Trick\n|move|p2a: Rotom|Will-O-Wisp|p1a: Meloetta\n|-status|p1a: Meloetta|brn\n|\n|-damage|p1a: Meloetta|95\/100 brn|[from] brn\n|upkeep\n|turn|2\n|inactive|OMAR RV has 270 seconds left.\n|\n|t:|1697940489\n|switch|p2a: Corviknight|Corviknight, F, shiny|100\/100\n|-ability|p2a: Corviknight|Pressure\n|move|p1a: Meloetta|Sludge Bomb|p2a: Corviknight\n|-immune|p2a: Corviknight\n|\n|-heal|p1a: Meloetta|100\/100 brn|[from] item: Leftovers\n|-damage|p1a: Meloetta|95\/100 brn|[from] brn\n|upkeep\n|turn|3\n|inactive|OMAR RV has 270 seconds left.\n|\n|t:|1697940506\n|switch|p1a: Ditto|Ditto, shiny|100\/100\n|-transform|p1a: Ditto|p2a: Corviknight|[from] ability: Imposter\n|-ability|p1a: Ditto|Pressure\n|move|p2a: Corviknight|Iron Defense|p2a: Corviknight\n|-boost|p2a: Corviknight|def|2\n|\n|upkeep\n|turn|4\n|inactive|OMAR RV has 270 seconds left.\n|\n|t:|1697940530\n|switch|p1a: Meloetta|Meloetta|100\/100\n|move|p2a: Corviknight|Body Press|p1a: Meloetta\n|-damage|p1a: Meloetta|52\/100\n|\n|upkeep\n|turn|5\n|\n|t:|1697940539\n|move|p1a: Meloetta|Thunderbolt|p2a: Corviknight\n|-supereffective|p2a: Corviknight\n|-damage|p2a: Corviknight|37\/100\n|move|p2a: Corviknight|Iron Defense|p2a: Corviknight\n|-boost|p2a: Corviknight|def|2\n|\n|upkeep\n|turn|6\n|\n|t:|1697940549\n|-terastallize|p2a: Corviknight|Electric\n|move|p1a: Meloetta|Thunderbolt|p2a: Corviknight\n|-resisted|p2a: Corviknight\n|-crit|p2a: Corviknight\n|-damage|p2a: Corviknight|12\/100\n|move|p2a: Corviknight|Roost|p2a: Corviknight\n|-heal|p2a: Corviknight|62\/100\n|\n|upkeep\n|turn|7\n|inactive|OMAR RV has 270 seconds left.\n|\n|t:|1697940574\n|move|p1a: Meloetta|Psychic|p2a: Corviknight\n|-damage|p2a: Corviknight|18\/100\n|-unboost|p2a: Corviknight|spd|1\n|move|p2a: Corviknight|Roost|p2a: Corviknight\n|-heal|p2a: Corviknight|68\/100\n|\n|upkeep\n|turn|8\n|\n|t:|1697940586\n|move|p1a: Meloetta|Psychic|p2a: Corviknight\n|-crit|p2a: Corviknight\n|-damage|p2a: Corviknight|0 fnt\n|faint|p2a: Corviknight\n|\n|upkeep\n|\n|t:|1697940609\n|switch|p2a: Sableye|Sableye, M|100\/100\n|turn|9\n|\n|t:|1697940621\n|switch|p1a: Ditto|Ditto, shiny|95\/100 brn\n|move|p2a: Sableye|Taunt|p1a: Ditto\n|-start|p1a: Ditto|move: Taunt\n|\n|-heal|p1a: Ditto|100\/100 brn|[from] item: Leftovers\n|-damage|p1a: Ditto|95\/100 brn|[from] brn\n|upkeep\n|turn|10\n|\n|t:|1697940637\n|move|p1a: Ditto|Shadow Ball|p2a: Sableye\n|-damage|p2a: Sableye|25\/100\n|move|p2a: Sableye|Knock Off|p1a: Ditto\n|-supereffective|p1a: Ditto\n|-crit|p1a: Ditto\n|-damage|p1a: Ditto|0 fnt\n|replace|p1a: Zoroark|Zoroark-Hisui, F\n|-end|p1a: Zoroark|Illusion\n|-enditem|p1a: Zoroark|Leftovers|[from] move: Knock Off|[of] p2a: Sableye\n|faint|p1a: Zoroark\n|\n|upkeep\n|inactive|OMAR RV has 240 seconds left.\n|\n|t:|1697940666\n|switch|p1a: Meloetta|Meloetta|52\/100\n|turn|11\n|\n|t:|1697940674\n|move|p2a: Sableye|Recover|p2a: Sableye\n|-heal|p2a: Sableye|75\/100\n|move|p1a: Meloetta|Shadow Ball|p2a: Sableye\n|-damage|p2a: Sableye|30\/100\n|-unboost|p2a: Sableye|spd|1\n|\n|upkeep\n|turn|12\n|inactive|OMAR RV has 240 seconds left.\n|\n|t:|1697940684\n|move|p1a: Meloetta|Psychic|p2a: Sableye\n|-immune|p2a: Sableye\n|move|p2a: Sableye|Knock Off|p1a: Meloetta\n|-supereffective|p1a: Meloetta\n|-damage|p1a: Meloetta|0 fnt\n|-enditem|p1a: Meloetta|Scope Lens|[from] move: Knock Off|[of] p2a: Sableye\n|faint|p1a: Meloetta\n|\n|upkeep\n|inactive|OMAR RV has 240 seconds left.\n|\n|t:|1697940697\n|switch|p1a: Ditto|Ditto, shiny|100\/100\n|-transform|p1a: Ditto|p2a: Sableye|[from] ability: Imposter\n|turn|13\n|inactive|OMAR RV has 240 seconds left.\n|\n|t:|1697940715\n|move|p2a: Sableye|Taunt|p1a: Ditto\n|-hint|Since gen 7, Dark is immune to Prankster moves.\n|-immune|p1a: Ditto\n|move|p1a: Ditto|Knock Off|p2a: Sableye\n|-damage|p2a: Sableye|5\/100\n|-enditem|p2a: Sableye|Heavy-Duty Boots|[from] move: Knock Off|[of] p1a: Ditto\n|\n|upkeep\n|turn|14\n|\n|t:|1697940728\n|move|p2a: Sableye|Recover|p2a: Sableye\n|-heal|p2a: Sableye|55\/100\n|move|p1a: Ditto|Knock Off|p2a: Sableye\n|-damage|p2a: Sableye|39\/100\n|\n|upkeep\n|turn|15\n|\n|t:|1697940747\n|switch|p1a: Ursaluna|Ursaluna, F|100\/100\n|move|p2a: Sableye|Recover|p2a: Sableye\n|-heal|p2a: Sableye|89\/100\n|\n|-status|p1a: Ursaluna|brn|[from] item: Flame Orb\n|upkeep\n|turn|16\n|\n|t:|1697940772\n|move|p2a: Sableye|Taunt|p1a: Ursaluna\n|-start|p1a: Ursaluna|move: Taunt\n|move|p1a: Ursaluna|Earthquake|p2a: Sableye\n|-damage|p2a: Sableye|2\/100\n|\n|-damage|p1a: Ursaluna|94\/100 brn|[from] brn\n|upkeep\n|turn|17\n|\n|t:|1697940786\n|move|p1a: Ursaluna|Crunch|p2a: Sableye\n|-damage|p2a: Sableye|0 fnt\n|faint|p2a: Sableye\n|\n|-damage|p1a: Ursaluna|88\/100 brn|[from] brn\n|upkeep\n|\n|t:|1697940795\n|switch|p2a: Zamazenta|Zamazenta|100\/100\n|-ability|p2a: Zamazenta|Dauntless Shield|boost\n|-boost|p2a: Zamazenta|def|1\n|turn|18\n|\n|t:|1697940806\n|switch|p1a: Ditto|Ditto, shiny|100\/100\n|-transform|p1a: Ditto|p2a: Zamazenta|[from] ability: Imposter\n|-ability|p1a: Ditto|Dauntless Shield|boost\n|-boost|p1a: Ditto|def|1\n|move|p2a: Zamazenta|Body Press|p1a: Ditto\n|-damage|p1a: Ditto|78\/100\n|\n|upkeep\n|turn|19\n|\n|t:|1697940821\n|move|p1a: Ditto|Body Press|p2a: Zamazenta\n|-damage|p2a: Zamazenta|69\/100\n|move|p2a: Zamazenta|Iron Defense|p2a: Zamazenta\n|-boost|p2a: Zamazenta|def|2\n|\n|-heal|p2a: Zamazenta|75\/100|[from] item: Leftovers\n|upkeep\n|turn|20\n|\n|t:|1697940832\n|move|p1a: Ditto|Body Press|p2a: Zamazenta\n|-damage|p2a: Zamazenta|56\/100\n|move|p2a: Zamazenta|Iron Defense|p2a: Zamazenta\n|-boost|p2a: Zamazenta|def|2\n|\n|-heal|p2a: Zamazenta|62\/100|[from] item: Leftovers\n|upkeep\n|turn|21\n|\n|t:|1697940844\n|move|p1a: Ditto|Body Press|p2a: Zamazenta\n|-damage|p2a: Zamazenta|49\/100\n|move|p2a: Zamazenta|Body Press|p1a: Ditto\n|-damage|p1a: Ditto|23\/100\n|\n|-heal|p2a: Zamazenta|55\/100|[from] item: Leftovers\n|upkeep\n|turn|22\n|\n|t:|1697940855\n|move|p1a: Ditto|Body Press|p2a: Zamazenta\n|-damage|p2a: Zamazenta|42\/100\n|move|p2a: Zamazenta|Body Press|p1a: Ditto\n|-damage|p1a: Ditto|0 fnt\n|faint|p1a: Ditto\n|\n|-heal|p2a: Zamazenta|48\/100|[from] item: Leftovers\n|upkeep\n|\n|t:|1697940867\n|switch|p1a: Ursaluna|Ursaluna, F|88\/100 brn\n|turn|23\n|\n|t:|1697940873\n|move|p2a: Zamazenta|Body Press|p1a: Ursaluna\n|-supereffective|p1a: Ursaluna\n|-damage|p1a: Ursaluna|0 fnt\n|faint|p1a: Ursaluna\n|\n|-heal|p2a: Zamazenta|54\/100|[from] item: Leftovers\n|upkeep\n|\n|t:|1697940882\n|switch|p1a: Maushold|Maushold|100\/100\n|turn|24\n|\n|t:|1697940893\n|move|p2a: Zamazenta|Body Press|p1a: Maushold\n|-supereffective|p1a: Maushold\n|-enditem|p1a: Maushold|Focus Sash\n|-damage|p1a: Maushold|1\/100\n|move|p1a: Maushold|Tidy Up|p1a: Maushold\n|-boost|p1a: Maushold|atk|1\n|-boost|p1a: Maushold|spe|1\n|\n|-heal|p2a: Zamazenta|60\/100|[from] item: Leftovers\n|upkeep\n|turn|25\n|\n|t:|1697940912\n|move|p1a: Maushold|Population Bomb|p2a: Zamazenta\n|-damage|p2a: Zamazenta|58\/100\n|-damage|p2a: Zamazenta|56\/100\n|-damage|p2a: Zamazenta|53\/100\n|-damage|p2a: Zamazenta|51\/100\n|-damage|p2a: Zamazenta|49\/100\n|-crit|p2a: Zamazenta\n|-damage|p2a: Zamazenta|38\/100\n|-damage|p2a: Zamazenta|36\/100\n|-damage|p2a: Zamazenta|34\/100\n|-damage|p2a: Zamazenta|31\/100\n|-damage|p2a: Zamazenta|29\/100\n|-hitcount|p2a: Zamazenta|10\n|move|p2a: Zamazenta|Iron Head|p1a: Maushold\n|-damage|p1a: Maushold|0 fnt\n|faint|p1a: Maushold\n|\n|-heal|p2a: Zamazenta|35\/100|[from] item: Leftovers\n|upkeep\n|inactive|OMAR RV has 210 seconds left.\n|\n|t:|1697940934\n|switch|p1a: Arceus|Arceus|100\/100\n|turn|26\n|\n|t:|1697940957\n|move|p2a: Zamazenta|Body Press|p1a: Arceus\n|-supereffective|p1a: Arceus\n|-damage|p1a: Arceus|0 fnt\n|faint|p1a: Arceus\n|\n|win|EdStatd\n|l|\u2606OMAR RV\n","uploadtime":1697940965,"views":20,"p1id":"omarrv","p2id":"edstatd","formatid":"gen9ubers","rating":0,"private":0,"password":""}