{"id":"gen9ubers-1999508489","p1":"Ups1deD0wnSyndrome","p2":"LancasterLycanrocs","format":"[Gen 9] Ubers","log":"|j|\u2606Ups1deD0wnSyndrome\n|j|\u2606LancasterLycanrocs\n|t:|1701090555\n|gametype|singles\n|player|p1|Ups1deD0wnSyndrome|2|\n|player|p2|LancasterLycanrocs|dragontamer|\n|teamsize|p1|6\n|teamsize|p2|6\n|gen|9\n|tier|[Gen 9] Ubers\n|rule|Sleep Clause Mod: Limit one foe put to sleep\n|rule|Species Clause: Limit one of each Pok\u00e9mon\n|rule|OHKO Clause: OHKO moves are banned\n|rule|Evasion Items Clause: Evasion items are banned\n|rule|Evasion Moves Clause: Evasion moves are banned\n|rule|Endless Battle Clause: Forcing endless battles is banned\n|rule|HP Percentage Mod: HP is shown in percentages\n|clearpoke\n|poke|p1|Zapdos-Galar|\n|poke|p1|Electrode-Hisui|\n|poke|p1|Enamorus-Therian, F|\n|poke|p1|Hydreigon, M|\n|poke|p1|Jirachi|\n|poke|p1|Camerupt, M|\n|poke|p2|Kommo-o, F|\n|poke|p2|Ogerpon-Wellspring, F|\n|poke|p2|Weezing-Galar, F|\n|poke|p2|Gholdengo|\n|poke|p2|Donphan, F|\n|poke|p2|Iron Jugulis|\n|teampreview\n|c|\u2606LancasterLycanrocs|Gl hf bro!\n|\n|t:|1701090579\n|start\n|switch|p1a: Jirachi|Jirachi|100\/100\n|switch|p2a: Iron Jugulis|Iron Jugulis|100\/100\n|turn|1\n|\n|t:|1701090599\n|switch|p1a: Enamorus|Enamorus-Therian, F|100\/100\n|move|p2a: Iron Jugulis|U-turn|p1a: Enamorus\n|-resisted|p1a: Enamorus\n|-damage|p1a: Enamorus|98\/100\n|\n|t:|1701090604\n|-end|p2a: Iron Jugulis|Quark Drive|[silent]\n|switch|p2a: Gholdengo|Gholdengo|100\/100|[from] U-turn\n|\n|upkeep\n|turn|2\n|\n|t:|1701090616\n|switch|p1a: Jirachi|Jirachi|100\/100\n|move|p2a: Gholdengo|Make It Rain|p1a: Jirachi\n|-resisted|p1a: Jirachi\n|-damage|p1a: Jirachi|69\/100\n|-unboost|p2a: Gholdengo|spa|1\n|\n|upkeep\n|turn|3\n|\n|t:|1701090625\n|switch|p2a: Donphan|Donphan, F|100\/100\n|move|p1a: Jirachi|Trick|p2a: Donphan\n|-activate|p1a: Jirachi|move: Trick|[of] p2a: Donphan\n|-item|p2a: Donphan|Ring Target|[from] move: Trick\n|-item|p1a: Jirachi|Leftovers|[from] move: Trick\n|\n|-heal|p1a: Jirachi|75\/100|[from] item: Leftovers\n|upkeep\n|turn|4\n|\n|t:|1701090637\n|switch|p1a: Zapdos|Zapdos-Galar|100\/100\n|move|p2a: Donphan|Stealth Rock|p1a: Zapdos\n|-sidestart|p1: Ups1deD0wnSyndrome|move: Stealth Rock\n|\n|upkeep\n|turn|5\n|\n|t:|1701090646\n|switch|p2a: Weezing|Weezing-Galar, F|100\/100\n|move|p1a: Zapdos|Agility|p1a: Zapdos\n|-boost|p1a: Zapdos|spe|2\n|\n|upkeep\n|turn|6\n|\n|t:|1701090673\n|switch|p1a: Jirachi|Jirachi|75\/100\n|-damage|p1a: Jirachi|69\/100|[from] Stealth Rock\n|move|p2a: Weezing|Strange Steam|p1a: Jirachi\n|-resisted|p1a: Jirachi\n|-damage|p1a: Jirachi|59\/100\n|\n|-heal|p1a: Jirachi|65\/100|[from] item: Leftovers\n|upkeep\n|turn|7\n|\n|t:|1701090686\n|switch|p2a: Donphan|Donphan, F|100\/100\n|move|p1a: Jirachi|Meteor Mash|p2a: Donphan\n|-damage|p2a: Donphan|73\/100\n|\n|-heal|p1a: Jirachi|71\/100|[from] item: Leftovers\n|upkeep\n|turn|8\n|\n|t:|1701090705\n|switch|p1a: Hydreigon|Hydreigon, M|100\/100\n|-damage|p1a: Hydreigon|88\/100|[from] Stealth Rock\n|move|p2a: Donphan|Rapid Spin|p1a: Hydreigon\n|-damage|p1a: Hydreigon|67\/100\n|-boost|p2a: Donphan|spe|1\n|\n|upkeep\n|turn|9\n|\n|t:|1701090717\n|-terastallize|p1a: Hydreigon|Electric\n|move|p2a: Donphan|Ice Shard|p1a: Hydreigon\n|-damage|p1a: Hydreigon|49\/100\n|move|p1a: Hydreigon|Hyper Voice|p2a: Donphan\n|-damage|p2a: Donphan|36\/100\n|-enditem|p1a: Hydreigon|Throat Spray\n|-boost|p1a: Hydreigon|spa|1|[from] item: Throat Spray\n|\n|upkeep\n|turn|10\n|\n|t:|1701090734\n|move|p2a: Donphan|Ice Shard|p1a: Hydreigon\n|-damage|p1a: Hydreigon|33\/100\n|move|p1a: Hydreigon|Flamethrower|p2a: Donphan\n|-damage|p2a: Donphan|0 fnt\n|faint|p2a: Donphan\n|\n|upkeep\n|\n|t:|1701090756\n|switch|p2a: Iron Jugulis|Iron Jugulis|100\/100\n|turn|11\n|\n|t:|1701090768\n|move|p2a: Iron Jugulis|Dark Pulse|p1a: Hydreigon\n|-damage|p1a: Hydreigon|0 fnt\n|faint|p1a: Hydreigon\n|\n|upkeep\n|\n|t:|1701090775\n|switch|p1a: Enamorus|Enamorus-Therian, F|98\/100\n|-damage|p1a: Enamorus|73\/100|[from] Stealth Rock\n|turn|12\n|\n|t:|1701090780\n|-end|p2a: Iron Jugulis|Quark Drive|[silent]\n|switch|p2a: Gholdengo|Gholdengo|100\/100\n|move|p1a: Enamorus|Moonblast|p2a: Gholdengo\n|-resisted|p2a: Gholdengo\n|-damage|p2a: Gholdengo|65\/100\n|\n|upkeep\n|turn|13\n|\n|t:|1701090790\n|move|p2a: Gholdengo|Thunderbolt|p1a: Enamorus\n|-supereffective|p1a: Enamorus\n|-damage|p1a: Enamorus|15\/100\n|move|p1a: Enamorus|Earth Power|p2a: Gholdengo\n|-supereffective|p2a: Gholdengo\n|-damage|p2a: Gholdengo|0 fnt\n|faint|p2a: Gholdengo\n|\n|upkeep\n|\n|t:|1701090799\n|switch|p2a: Ogerpon|Ogerpon-Wellspring, F|100\/100\n|turn|14\n|\n|t:|1701090805\n|move|p2a: Ogerpon|Trailblaze|p1a: Enamorus\n|-resisted|p1a: Enamorus\n|-damage|p1a: Enamorus|2\/100\n|-boost|p2a: Ogerpon|spe|1\n|move|p1a: Enamorus|Sludge Bomb|p2a: Ogerpon\n|-supereffective|p2a: Ogerpon\n|-damage|p2a: Ogerpon|32\/100\n|\n|upkeep\n|turn|15\n|\n|t:|1701090814\n|move|p2a: Ogerpon|Trailblaze|p1a: Enamorus\n|-resisted|p1a: Enamorus\n|-damage|p1a: Enamorus|0 fnt\n|-boost|p2a: Ogerpon|spe|1\n|faint|p1a: Enamorus\n|\n|upkeep\n|\n|t:|1701090821\n|switch|p1a: Zapdos|Zapdos-Galar|100\/100\n|-damage|p1a: Zapdos|88\/100|[from] Stealth Rock\n|turn|16\n|\n|t:|1701090835\n|move|p2a: Ogerpon|Ivy Cudgel|p1a: Zapdos|[anim] Ivy Cudgel Water\n|-damage|p1a: Zapdos|22\/100\n|move|p1a: Zapdos|Thunderous Kick|p2a: Ogerpon\n|-damage|p2a: Ogerpon|0 fnt\n|faint|p2a: Ogerpon\n|\n|-heal|p1a: Zapdos|29\/100|[from] item: Leftovers\n|upkeep\n|\n|t:|1701090844\n|switch|p2a: Iron Jugulis|Iron Jugulis|100\/100\n|turn|17\n|\n|t:|1701090856\n|switch|p1a: Camerupt|Camerupt, M|100\/100\n|-damage|p1a: Camerupt|88\/100|[from] Stealth Rock\n|move|p2a: Iron Jugulis|U-turn|p1a: Camerupt\n|-resisted|p1a: Camerupt\n|-damage|p1a: Camerupt|78\/100\n|\n|t:|1701090862\n|-end|p2a: Iron Jugulis|Quark Drive|[silent]\n|switch|p2a: Kommo-o|Kommo-o, F|100\/100|[from] U-turn\n|\n|upkeep\n|turn|18\n|\n|t:|1701090872\n|move|p2a: Kommo-o|Earthquake|p1a: Camerupt\n|-supereffective|p1a: Camerupt\n|-damage|p1a: Camerupt|0 fnt\n|faint|p1a: Camerupt\n|\n|upkeep\n|\n|t:|1701090878\n|switch|p1a: Electrode|Electrode-Hisui|100\/100\n|-damage|p1a: Electrode|88\/100|[from] Stealth Rock\n|turn|19\n|\n|t:|1701090888\n|move|p1a: Electrode|Leech Seed|p2a: Kommo-o\n|-start|p2a: Kommo-o|move: Leech Seed\n|move|p2a: Kommo-o|Fire Punch|p1a: Electrode\n|-supereffective|p1a: Electrode\n|-damage|p1a: Electrode|16\/100\n|-status|p1a: Electrode|brn\n|\n|-heal|p1a: Electrode|22\/100 brn|[from] item: Leftovers\n|-damage|p2a: Kommo-o|88\/100|[from] Leech Seed|[of] p1a: Electrode\n|-heal|p1a: Electrode|36\/100 brn|[silent]\n|-damage|p1a: Electrode|30\/100 brn|[from] brn\n|upkeep\n|turn|20\n|\n|t:|1701090903\n|switch|p2a: Weezing|Weezing-Galar, F|100\/100\n|move|p1a: Electrode|Substitute|p1a: Electrode\n|-start|p1a: Electrode|Substitute\n|-damage|p1a: Electrode|5\/100 brn\n|\n|-heal|p1a: Electrode|11\/100 brn|[from] item: Leftovers\n|-damage|p1a: Electrode|5\/100 brn|[from] brn\n|upkeep\n|turn|21\n|\n|t:|1701090915\n|move|p1a: Electrode|Leech Seed|p2a: Weezing|[miss]\n|-miss|p1a: Electrode|p2a: Weezing\n|move|p2a: Weezing|Strange Steam|p1a: Electrode\n|-end|p1a: Electrode|Substitute\n|\n|-heal|p1a: Electrode|11\/100 brn|[from] item: Leftovers\n|-damage|p1a: Electrode|5\/100 brn|[from] brn\n|upkeep\n|turn|22\n|\n|t:|1701090928\n|move|p1a: Electrode|Thunderbolt|p2a: Weezing\n|-damage|p2a: Weezing|51\/100\n|move|p2a: Weezing|Strange Steam|p1a: Electrode\n|-damage|p1a: Electrode|0 fnt\n|faint|p1a: Electrode\n|\n|upkeep\n|\n|t:|1701090937\n|switch|p1a: Jirachi|Jirachi|71\/100\n|-damage|p1a: Jirachi|65\/100|[from] Stealth Rock\n|turn|23\n|\n|t:|1701090943\n|move|p1a: Jirachi|Meteor Mash|p2a: Weezing\n|-supereffective|p2a: Weezing\n|-damage|p2a: Weezing|0 fnt\n|-boost|p1a: Jirachi|atk|1\n|-damage|p1a: Jirachi|48\/100|[from] item: Rocky Helmet|[of] p2a: Weezing\n|faint|p2a: Weezing\n|\n|-heal|p1a: Jirachi|55\/100|[from] item: Leftovers\n|upkeep\n|\n|t:|1701090954\n|switch|p2a: Iron Jugulis|Iron Jugulis|100\/100\n|turn|24\n|\n|t:|1701090960\n|move|p2a: Iron Jugulis|U-turn|p1a: Jirachi\n|-damage|p1a: Jirachi|43\/100\n|\n|t:|1701090962\n|-end|p2a: Iron Jugulis|Quark Drive|[silent]\n|switch|p2a: Kommo-o|Kommo-o, F|88\/100|[from] U-turn\n|move|p1a: Jirachi|Drain Punch|p2a: Kommo-o\n|-damage|p2a: Kommo-o|60\/100\n|-heal|p1a: Jirachi|57\/100|[from] drain|[of] p2a: Kommo-o\n|\n|-heal|p1a: Jirachi|63\/100|[from] item: Leftovers\n|upkeep\n|turn|25\n|\n|t:|1701090973\n|move|p1a: Jirachi|Zen Headbutt|p2a: Kommo-o\n|-supereffective|p2a: Kommo-o\n|-damage|p2a: Kommo-o|0 fnt\n|faint|p2a: Kommo-o\n|\n|-heal|p1a: Jirachi|70\/100|[from] item: Leftovers\n|upkeep\n|\n|t:|1701090979\n|switch|p2a: Iron Jugulis|Iron Jugulis|100\/100\n|turn|26\n|\n|t:|1701090984\n|move|p2a: Iron Jugulis|Flamethrower|p1a: Jirachi\n|-supereffective|p1a: Jirachi\n|-damage|p1a: Jirachi|18\/100\n|move|p1a: Jirachi|Meteor Mash|p2a: Iron Jugulis\n|-damage|p2a: Iron Jugulis|39\/100\n|\n|-heal|p1a: Jirachi|24\/100|[from] item: Leftovers\n|upkeep\n|turn|27\n|\n|t:|1701090995\n|move|p2a: Iron Jugulis|Flamethrower|p1a: Jirachi\n|-supereffective|p1a: Jirachi\n|-damage|p1a: Jirachi|0 fnt\n|faint|p1a: Jirachi\n|\n|upkeep\n|\n|t:|1701091000\n|switch|p1a: Zapdos|Zapdos-Galar|29\/100\n|-damage|p1a: Zapdos|16\/100|[from] Stealth Rock\n|turn|28\n|\n|t:|1701091010\n|move|p2a: Iron Jugulis|Flamethrower|p1a: Zapdos\n|-damage|p1a: Zapdos|0 fnt\n|faint|p1a: Zapdos\n|\n|win|LancasterLycanrocs\n|c|\u2606LancasterLycanrocs|GG\n","uploadtime":1701091016,"views":30,"p1id":"ups1ded0wnsyndrome","p2id":"lancasterlycanrocs","formatid":"gen9ubers","rating":0,"private":0,"password":""}