{"id":"gen9ubers-1977867971","p1":"Destroy Smoochie","p2":"Lag_247","format":"[Gen 9] Ubers","log":"|j|\u2606Destroy Smoochie\n|j|\u2606Lag_247\n|t:|1698459507\n|gametype|singles\n|player|p1|Destroy Smoochie|psychic-gen3rs|\n|player|p2|Lag_247|101|\n|teamsize|p1|6\n|teamsize|p2|6\n|gen|9\n|tier|[Gen 9] Ubers\n|rule|Sleep Clause Mod: Limit one foe put to sleep\n|rule|Species Clause: Limit one of each Pok\u00e9mon\n|rule|OHKO Clause: OHKO moves are banned\n|rule|Evasion Items Clause: Evasion items are banned\n|rule|Evasion Moves Clause: Evasion moves are banned\n|rule|Endless Battle Clause: Forcing endless battles is banned\n|rule|HP Percentage Mod: HP is shown in percentages\n|clearpoke\n|poke|p1|Sneasler, M|\n|poke|p1|Clodsire, M|\n|poke|p1|Ogerpon-Hearthflame, F|\n|poke|p1|Polteageist|\n|poke|p1|Indeedee, M|\n|poke|p1|Mew|\n|poke|p2|Inteleon, F|\n|poke|p2|Baxcalibur, M|\n|poke|p2|Urshifu-*, F|\n|poke|p2|Florges, F|\n|poke|p2|Iron Moth|\n|poke|p2|Slowbro, F|\n|teampreview\n|inactive|Battle timer is ON: inactive players will automatically lose when time's up. (requested by Destroy Smoochie)\n|inactive|Destroy Smoochie has 270 seconds left.\n|inactive|Destroy Smoochie has 240 seconds left.\n|j| Lillyrosethedemon\n|j| ampharosaunt11\n|c|\u2606Destroy Smoochie|give people a sec to get in here\n|l| Lillyrosethedemon\n|inactiveoff|Battle timer is now OFF.\n|j| Lillyrosethedemon\n|c|\u2606Destroy Smoochie|u ready lag\n|c|\u2606Destroy Smoochie|?\n|c| ampharosaunt11|Tryna put on a smile (put on a smile)\n|inactive|Battle timer is ON: inactive players will automatically lose when time's up. (requested by Destroy Smoochie)\n|\n|t:|1698459635\n|start\n|switch|p1a: Indeedee|Indeedee, M|100\/100\n|switch|p2a: Inteleon|Inteleon, F|100\/100\n|-fieldstart|move: Psychic Terrain|[from] ability: Psychic Surge|[of] p1a: Indeedee\n|turn|1\n|l| Lillyrosethedemon\n|inactive|Destroy Smoochie has 270 seconds left.\n|j| Judgieiscool\n|j| Lillyrosethedemon\n|\n|t:|1698459675\n|switch|p1a: Clodsire|Clodsire, M, shiny|100\/100\n|move|p2a: Inteleon|Dark Pulse|p1a: Clodsire\n|-damage|p1a: Clodsire|79\/100\n|\n|-heal|p1a: Clodsire|86\/100|[from] item: Leftovers\n|upkeep\n|turn|2\n|c| Judgieiscool|destroy this\n|\n|t:|1698459699\n|move|p2a: Inteleon|Ice Beam|p1a: Clodsire\n|-supereffective|p1a: Clodsire\n|-damage|p1a: Clodsire|40\/100\n|move|p1a: Clodsire|Stealth Rock|p2a: Inteleon\n|-sidestart|p2: Lag_247|move: Stealth Rock\n|\n|-heal|p1a: Clodsire|46\/100|[from] item: Leftovers\n|upkeep\n|turn|3\n|inactive|Destroy Smoochie has 270 seconds left.\n|\n|t:|1698459710\n|move|p2a: Inteleon|Ice Beam|p1a: Clodsire\n|-supereffective|p1a: Clodsire\n|-crit|p1a: Clodsire\n|-damage|p1a: Clodsire|0 fnt\n|faint|p1a: Clodsire\n|\n|upkeep\n|j| Willish6634\n|\n|t:|1698459721\n|switch|p1a: Ogerpon|Ogerpon-Hearthflame, F|100\/100\n|-ability|p1a: Ogerpon|Mold Breaker\n|turn|4\n|\n|t:|1698459730\n|move|p2a: Inteleon|Snipe Shot|p1a: Ogerpon\n|-damage|p1a: Ogerpon|50\/100\n|move|p1a: Ogerpon|Trailblaze|p2a: Inteleon\n|-supereffective|p2a: Inteleon\n|-damage|p2a: Inteleon|0 fnt\n|-boost|p1a: Ogerpon|spe|1\n|faint|p2a: Inteleon\n|\n|upkeep\n|\n|t:|1698459752\n|switch|p2a: Iron Moth|Iron Moth|100\/100\n|-damage|p2a: Iron Moth|76\/100|[from] Stealth Rock\n|-enditem|p2a: Iron Moth|Booster Energy\n|-activate|p2a: Iron Moth|ability: Quark Drive|[fromitem]\n|-start|p2a: Iron Moth|quarkdrivespa\n|turn|5\n|\n|t:|1698459766\n|move|p1a: Ogerpon|Stomping Tantrum|p2a: Iron Moth\n|-supereffective|p2a: Iron Moth\n|-damage|p2a: Iron Moth|0 fnt\n|faint|p2a: Iron Moth\n|-end|p2a: Iron Moth|Quark Drive|[silent]\n|\n|upkeep\n|c| Judgieiscool|BANG!\n|inactive|Lag_247 has 270 seconds left.\n|\n|t:|1698459777\n|switch|p2a: Urshifu|Urshifu, F|100\/100\n|-damage|p2a: Urshifu|94\/100|[from] Stealth Rock\n|turn|6\n|c| Willish6634|buddy is NOT batman\n|c| Willish6634|may prep like it tho\n|\n|t:|1698459785\n|-terastallize|p1a: Ogerpon|Fire\n|detailschange|p1a: Ogerpon|Ogerpon-Hearthflame-Tera, F, tera:Fire\n|-ability|p1a: Ogerpon|Embody Aspect (Hearthflame)|boost\n|-boost|p1a: Ogerpon|atk|1\n|move|p2a: Urshifu|Sucker Punch|p1a: Ogerpon\n|-activate|p1a: Ogerpon|move: Psychic Terrain\n|move|p1a: Ogerpon|Ivy Cudgel|p2a: Urshifu\n|-damage|p2a: Urshifu|0 fnt\n|faint|p2a: Urshifu\n|\n|upkeep\n|inactive|Lag_247 has 270 seconds left.\n|c| Judgieiscool|SWEET\n|c| Judgieiscool|CHIN\n|c| Judgieiscool|MACKAVELI\n|\n|t:|1698459806\n|switch|p2a: Slowbro|Slowbro, F|100\/100\n|-damage|p2a: Slowbro|88\/100|[from] Stealth Rock\n|turn|7\n|\n|t:|1698459811\n|move|p1a: Ogerpon|Horn Leech|p2a: Slowbro\n|-supereffective|p2a: Slowbro\n|-damage|p2a: Slowbro|0 fnt\n|-heal|p1a: Ogerpon|98\/100|[from] drain|[of] p2a: Slowbro\n|faint|p2a: Slowbro\n|\n|upkeep\n|\n|t:|1698459829\n|switch|p2a: Florges|Florges, F|100\/100\n|-damage|p2a: Florges|88\/100|[from] Stealth Rock\n|turn|8\n|\n|t:|1698459844\n|move|p1a: Ogerpon|Ivy Cudgel|p2a: Florges\n|-damage|p2a: Florges|0 fnt\n|faint|p2a: Florges\n|\n|-fieldend|move: Psychic Terrain\n|upkeep\n|\n|t:|1698459850\n|switch|p2a: Baxcalibur|Baxcalibur, M|100\/100\n|-damage|p2a: Baxcalibur|75\/100|[from] Stealth Rock\n|turn|9\n|\n|t:|1698459856\n|-terastallize|p2a: Baxcalibur|Fairy\n|move|p1a: Ogerpon|Ivy Cudgel|p2a: Baxcalibur\n|-crit|p2a: Baxcalibur\n|-damage|p2a: Baxcalibur|0 fnt\n|faint|p2a: Baxcalibur\n|\n|win|Destroy Smoochie\n|c|\u2606Destroy Smoochie|ggt\n|l| Lillyrosethedemon\n|l| Willish6634\n","uploadtime":1698459863,"views":27,"p1id":"destroysmoochie","p2id":"lag247","formatid":"gen9ubers","rating":0,"private":0,"password":""}