{"id":"gen9ubers-1977877791","p1":"babynogalXD","p2":"ItsmeBlankKnight","format":"[Gen 9] Ubers","log":"|j|\u2606babynogalXD\n|j|\u2606ItsmeBlankKnight\n|t:|1698460749\n|gametype|singles\n|player|p1|babynogalXD|hilbert|\n|player|p2|ItsmeBlankKnight|larry|\n|teamsize|p1|6\n|teamsize|p2|6\n|gen|9\n|tier|[Gen 9] Ubers\n|rule|Sleep Clause Mod: Limit one foe put to sleep\n|rule|Species Clause: Limit one of each Pok\u00e9mon\n|rule|OHKO Clause: OHKO moves are banned\n|rule|Evasion Items Clause: Evasion items are banned\n|rule|Evasion Moves Clause: Evasion moves are banned\n|rule|Endless Battle Clause: Forcing endless battles is banned\n|rule|HP Percentage Mod: HP is shown in percentages\n|clearpoke\n|poke|p1|Cutiefly, F|\n|poke|p1|Landorus, M|\n|poke|p1|Spectrier|\n|poke|p1|Zacian-*|\n|poke|p1|Shaymin-Sky|\n|poke|p1|Hatterene, F|\n|poke|p2|Chi-Yu|\n|poke|p2|Palafin, F|\n|poke|p2|Spectrier|\n|poke|p2|Zacian-*|\n|poke|p2|Arceus-Poison|\n|poke|p2|Masquerain, M|\n|teampreview\n|inactive|Battle timer is ON: inactive players will automatically lose when time's up. (requested by ItsmeBlankKnight)\n|c|\u2606ItsmeBlankKnight|LOL\n|c|\u2606babynogalXD|we got some teams alright\n|c|\u2606ItsmeBlankKnight|the cutiefly surprised me\n|inactive|ItsmeBlankKnight has 270 seconds left.\n|\n|t:|1698460783\n|start\n|switch|p1a: Cutiefly|Cutiefly, F|100\/100\n|switch|p2a: Palafin|Palafin, F|100\/100\n|turn|1\n|c|\u2606babynogalXD|cutiefly is the strongest\n|\n|t:|1698460788\n|detailschange|p2a: Palafin|Palafin-Hero, F\n|switch|p2a: Masquerain|Masquerain, M|100\/100\n|-ability|p2a: Masquerain|Intimidate|boost\n|-unboost|p1a: Cutiefly|atk|1\n|move|p1a: Cutiefly|Sticky Web|p2a: Masquerain\n|-sidestart|p2: ItsmeBlankKnight|move: Sticky Web\n|\n|upkeep\n|turn|2\n|\n|t:|1698460793\n|move|p1a: Cutiefly|Imprison|p1a: Cutiefly\n|-start|p1a: Cutiefly|move: Imprison\n|cant|p2a: Masquerain|move: Imprison|Sticky Web\n|\n|upkeep\n|turn|3\n|c|\u2606ItsmeBlankKnight|fuck\n|c|\u2606babynogalXD|look who shoes we got\n|\n|t:|1698460804\n|move|p1a: Cutiefly|Stun Spore|p2a: Masquerain|[miss]\n|-miss|p1a: Cutiefly|p2a: Masquerain\n|move|p2a: Masquerain|U-turn|p1a: Cutiefly\n|-resisted|p1a: Cutiefly\n|-damage|p1a: Cutiefly|79\/100\n|\n|t:|1698460811\n|switch|p2a: Palafin|Palafin-Hero, F|100\/100|[from] U-turn\n|-activate|p2a: Palafin|move: Sticky Web\n|-unboost|p2a: Palafin|spe|1\n|-activate|p2a: Palafin|ability: Zero to Hero\n|\n|upkeep\n|turn|4\n|\n|t:|1698460814\n|move|p2a: Palafin|Jet Punch|p1a: Cutiefly\n|-damage|p1a: Cutiefly|0 fnt\n|faint|p1a: Cutiefly\n|-damage|p2a: Palafin|91\/100|[from] item: Life Orb\n|\n|upkeep\n|\n|t:|1698460823\n|switch|p1a: Shaymin|Shaymin-Sky|100\/100\n|turn|5\n|\n|t:|1698460850\n|move|p1a: Shaymin|Substitute|p1a: Shaymin\n|-start|p1a: Shaymin|Substitute\n|-damage|p1a: Shaymin|76\/100\n|move|p2a: Palafin|Ice Punch|p1a: Shaymin\n|-supereffective|p1a: Shaymin\n|-end|p1a: Shaymin|Substitute\n|-damage|p2a: Palafin|81\/100|[from] item: Life Orb\n|\n|-heal|p1a: Shaymin|82\/100|[from] item: Leftovers\n|upkeep\n|turn|6\n|\n|t:|1698460856\n|move|p1a: Shaymin|Seed Flare|p2a: Palafin\n|-supereffective|p2a: Palafin\n|-crit|p2a: Palafin\n|-damage|p2a: Palafin|0 fnt\n|faint|p2a: Palafin\n|\n|-heal|p1a: Shaymin|88\/100|[from] item: Leftovers\n|upkeep\n|inactive|ItsmeBlankKnight has 270 seconds left.\n|\n|t:|1698460900\n|switch|p2a: Chi-Yu|Chi-Yu|100\/100\n|-activate|p2a: Chi-Yu|move: Sticky Web\n|-unboost|p2a: Chi-Yu|spe|1\n|-ability|p2a: Chi-Yu|Beads of Ruin\n|turn|7\n|\n|t:|1698460913\n|move|p1a: Shaymin|Substitute|p1a: Shaymin\n|-start|p1a: Shaymin|Substitute\n|-damage|p1a: Shaymin|63\/100\n|move|p2a: Chi-Yu|Flamethrower|p1a: Shaymin\n|-supereffective|p1a: Shaymin\n|-end|p1a: Shaymin|Substitute\n|\n|-heal|p1a: Shaymin|69\/100|[from] item: Leftovers\n|upkeep\n|turn|8\n|\n|t:|1698460920\n|switch|p1a: Hatterene|Hatterene, F|100\/100\n|move|p2a: Chi-Yu|Flamethrower|p1a: Hatterene\n|-damage|p1a: Hatterene|0 fnt\n|faint|p1a: Hatterene\n|\n|upkeep\n|\n|t:|1698460927\n|switch|p1a: Landorus|Landorus, M|100\/100\n|turn|9\n|\n|t:|1698460936\n|switch|p2a: Zacian|Zacian|100\/100\n|-activate|p2a: Zacian|move: Sticky Web\n|-unboost|p2a: Zacian|spe|1\n|-ability|p2a: Zacian|Intrepid Sword|boost\n|-boost|p2a: Zacian|atk|1\n|move|p1a: Landorus|Earth Power|p2a: Zacian\n|-damage|p2a: Zacian|34\/100\n|\n|-heal|p2a: Zacian|40\/100|[from] item: Leftovers\n|upkeep\n|turn|10\n|\n|t:|1698460939\n|move|p1a: Landorus|Sludge Bomb|p2a: Zacian\n|-supereffective|p2a: Zacian\n|-damage|p2a: Zacian|0 fnt\n|faint|p2a: Zacian\n|\n|upkeep\n|\n|t:|1698460946\n|switch|p2a: Masquerain|Masquerain, M|100\/100\n|-ability|p2a: Masquerain|Intimidate|boost\n|-unboost|p1a: Landorus|atk|1\n|turn|11\n|\n|t:|1698460950\n|move|p1a: Landorus|Taunt|p2a: Masquerain\n|-start|p2a: Masquerain|move: Taunt\n|cant|p2a: Masquerain|move: Taunt|Tailwind\n|\n|upkeep\n|turn|12\n|c|\u2606babynogalXD|im sorry\n|\n|t:|1698460957\n|move|p1a: Landorus|Sludge Bomb|p2a: Masquerain\n|-damage|p2a: Masquerain|46\/100\n|move|p2a: Masquerain|Hydro Pump|p1a: Landorus\n|-supereffective|p1a: Landorus\n|-damage|p1a: Landorus|41\/100\n|\n|upkeep\n|turn|13\n|\n|t:|1698460966\n|switch|p2a: Arceus|Arceus-Poison|100\/100\n|-activate|p2a: Arceus|move: Sticky Web\n|-unboost|p2a: Arceus|spe|1\n|move|p1a: Landorus|Psychic|p2a: Arceus\n|-supereffective|p2a: Arceus\n|-damage|p2a: Arceus|38\/100\n|\n|upkeep\n|turn|14\n|c|\u2606babynogalXD|oh no\n|\n|t:|1698460974\n|move|p2a: Arceus|Extreme Speed|p1a: Landorus\n|-damage|p1a: Landorus|8\/100\n|move|p1a: Landorus|Earth Power|p2a: Arceus\n|-supereffective|p2a: Arceus\n|-crit|p2a: Arceus\n|-damage|p2a: Arceus|0 fnt\n|faint|p2a: Arceus\n|\n|upkeep\n|c|\u2606ItsmeBlankKnight|owie\n|\n|t:|1698460979\n|switch|p2a: Spectrier|Spectrier|100\/100\n|-activate|p2a: Spectrier|move: Sticky Web\n|-unboost|p2a: Spectrier|spe|1\n|turn|15\n|\n|t:|1698460981\n|move|p1a: Landorus|Earth Power|p2a: Spectrier\n|-crit|p2a: Spectrier\n|-damage|p2a: Spectrier|0 fnt\n|faint|p2a: Spectrier\n|\n|upkeep\n|\n|t:|1698460985\n|switch|p2a: Masquerain|Masquerain, M|46\/100\n|-ability|p2a: Masquerain|Intimidate|boost\n|-unboost|p1a: Landorus|atk|1\n|turn|16\n|c|\u2606babynogalXD|mb\n|\n|t:|1698460987\n|move|p1a: Landorus|Psychic|p2a: Masquerain\n|-damage|p2a: Masquerain|0 fnt\n|faint|p2a: Masquerain\n|\n|upkeep\n|\n|t:|1698460990\n|switch|p2a: Chi-Yu|Chi-Yu|100\/100\n|-activate|p2a: Chi-Yu|move: Sticky Web\n|-unboost|p2a: Chi-Yu|spe|1\n|-ability|p2a: Chi-Yu|Beads of Ruin\n|turn|17\n|\n|t:|1698460993\n|-terastallize|p2a: Chi-Yu|Fire\n|move|p1a: Landorus|Earth Power|p2a: Chi-Yu\n|-supereffective|p2a: Chi-Yu\n|-damage|p2a: Chi-Yu|0 fnt\n|faint|p2a: Chi-Yu\n|\n|win|babynogalXD\n|c|\u2606ItsmeBlankKnight|gg\n|c|\u2606babynogalXD|gg\n","uploadtime":1698461003,"views":14,"p1id":"babynogalxd","p2id":"itsmeblankknight","formatid":"gen9ubers","rating":0,"private":0,"password":""}