{"id":"gen9ubers-1976308464","p1":"Haymaker92","p2":"Du-Gi-Oh","format":"[Gen 9] Ubers","log":"|j|\u2606Haymaker92\n|j|\u2606Du-Gi-Oh\n|t:|1698284866\n|gametype|singles\n|player|p1|Haymaker92|biker-gen4|\n|player|p2|Du-Gi-Oh|169|\n|teamsize|p1|6\n|teamsize|p2|6\n|gen|9\n|tier|[Gen 9] Ubers\n|rule|Sleep Clause Mod: Limit one foe put to sleep\n|rule|Species Clause: Limit one of each Pok\u00e9mon\n|rule|OHKO Clause: OHKO moves are banned\n|rule|Evasion Items Clause: Evasion items are banned\n|rule|Evasion Moves Clause: Evasion moves are banned\n|rule|Endless Battle Clause: Forcing endless battles is banned\n|rule|HP Percentage Mod: HP is shown in percentages\n|clearpoke\n|poke|p1|Iron Valiant|\n|poke|p1|Ursaluna-Bloodmoon, M|\n|poke|p1|Slowbro-Galar, M|\n|poke|p1|Rotom-Heat|\n|poke|p1|Orthworm, M|\n|poke|p1|Tyranitar, M|\n|poke|p2|Dondozo, M|\n|poke|p2|Chien-Pao|\n|poke|p2|Magearna|\n|poke|p2|Hawlucha, M|\n|poke|p2|Cloyster, M|\n|poke|p2|Jolteon, F|\n|teampreview\n|inactive|Battle timer is ON: inactive players will automatically lose when time's up. (requested by Haymaker92)\n|inactive|Du-Gi-Oh has 270 seconds left.\n|\n|t:|1698284955\n|start\n|switch|p1a: Rotom|Rotom-Heat|100\/100\n|switch|p2a: Magearna|Magearna|100\/100\n|turn|1\n|\n|t:|1698284971\n|move|p1a: Rotom|Overheat|p2a: Magearna\n|-supereffective|p2a: Magearna\n|-damage|p2a: Magearna|4\/100\n|-unboost|p1a: Rotom|spa|2\n|move|p2a: Magearna|Calm Mind|p2a: Magearna\n|-boost|p2a: Magearna|spa|1\n|-boost|p2a: Magearna|spd|1\n|\n|-heal|p2a: Magearna|10\/100|[from] item: Leftovers\n|upkeep\n|turn|2\n|\n|t:|1698284981\n|switch|p2a: Dondozo|Dondozo, M|100\/100\n|move|p1a: Rotom|Overheat|p2a: Dondozo\n|-resisted|p2a: Dondozo\n|-damage|p2a: Dondozo|70\/100\n|-unboost|p1a: Rotom|spa|2\n|\n|upkeep\n|turn|3\n|\n|t:|1698284988\n|switch|p1a: Orthworm|Orthworm, M|100\/100\n|move|p2a: Dondozo|Yawn|p1a: Orthworm\n|-start|p1a: Orthworm|move: Yawn|[of] p2a: Dondozo\n|\n|upkeep\n|turn|4\n|\n|t:|1698284998\n|move|p1a: Orthworm|Stealth Rock|p2a: Dondozo\n|-sidestart|p2: Du-Gi-Oh|move: Stealth Rock\n|move|p2a: Dondozo|Liquidation|p1a: Orthworm\n|-damage|p1a: Orthworm|85\/100\n|\n|-end|p1a: Orthworm|move: Yawn|[silent]\n|-status|p1a: Orthworm|slp\n|upkeep\n|turn|5\n|\n|t:|1698285012\n|switch|p2a: Hawlucha|Hawlucha, M|100\/100\n|-damage|p2a: Hawlucha|88\/100|[from] Stealth Rock\n|cant|p1a: Orthworm|slp\n|\n|upkeep\n|turn|6\n|\n|t:|1698285024\n|switch|p1a: Slowbro|Slowbro-Galar, M|100\/100\n|move|p2a: Hawlucha|Defog|p1a: Slowbro\n|-unboost|p1a: Slowbro|evasion|1\n|-sideend|p2: Du-Gi-Oh|Stealth Rock|[from] move: Defog|[of] p2a: Hawlucha\n|\n|upkeep\n|turn|7\n|inactive|Du-Gi-Oh has 270 seconds left.\n|\n|t:|1698285077\n|move|p2a: Hawlucha|Close Combat|p1a: Slowbro\n|-resisted|p1a: Slowbro\n|-damage|p1a: Slowbro|93\/100\n|-unboost|p2a: Hawlucha|def|1\n|-unboost|p2a: Hawlucha|spd|1\n|-enditem|p2a: Hawlucha|White Herb\n|-clearnegativeboost|p2a: Hawlucha|[silent]\n|move|p1a: Slowbro|Calm Mind|p1a: Slowbro\n|-boost|p1a: Slowbro|spa|1\n|-boost|p1a: Slowbro|spd|1\n|\n|upkeep\n|turn|8\n|\n|t:|1698285090\n|move|p2a: Hawlucha|Acrobatics|p1a: Slowbro\n|-damage|p1a: Slowbro|60\/100\n|move|p1a: Slowbro|Calm Mind|p1a: Slowbro\n|-boost|p1a: Slowbro|spa|1\n|-boost|p1a: Slowbro|spd|1\n|\n|upkeep\n|turn|9\n|\n|t:|1698285095\n|move|p2a: Hawlucha|Acrobatics|p1a: Slowbro\n|-damage|p1a: Slowbro|27\/100\n|move|p1a: Slowbro|Slack Off|p1a: Slowbro\n|-heal|p1a: Slowbro|77\/100\n|\n|upkeep\n|turn|10\n|\n|t:|1698285107\n|move|p2a: Hawlucha|Iron Head|p1a: Slowbro\n|-damage|p1a: Slowbro|62\/100\n|move|p1a: Slowbro|Flamethrower|p2a: Hawlucha\n|-damage|p2a: Hawlucha|23\/100\n|\n|upkeep\n|turn|11\n|\n|t:|1698285115\n|move|p2a: Hawlucha|Acrobatics|p1a: Slowbro\n|-damage|p1a: Slowbro|28\/100\n|move|p1a: Slowbro|Slack Off|p1a: Slowbro\n|-heal|p1a: Slowbro|78\/100\n|\n|upkeep\n|turn|12\n|\n|t:|1698285120\n|move|p2a: Hawlucha|Acrobatics|p1a: Slowbro\n|-damage|p1a: Slowbro|46\/100\n|move|p1a: Slowbro|Flamethrower|p2a: Hawlucha\n|-damage|p2a: Hawlucha|0 fnt\n|faint|p2a: Hawlucha\n|\n|upkeep\n|\n|t:|1698285123\n|switch|p2a: Chien-Pao|Chien-Pao|100\/100\n|-ability|p2a: Chien-Pao|Sword of Ruin\n|turn|13\n|\n|t:|1698285127\n|move|p2a: Chien-Pao|Crunch|p1a: Slowbro\n|-supereffective|p1a: Slowbro\n|-enditem|p1a: Slowbro|Colbur Berry|[eat]\n|-enditem|p1a: Slowbro|Colbur Berry|[weaken]\n|-damage|p1a: Slowbro|13\/100\n|move|p1a: Slowbro|Flamethrower|p2a: Chien-Pao\n|-supereffective|p2a: Chien-Pao\n|-damage|p2a: Chien-Pao|0 fnt\n|faint|p2a: Chien-Pao\n|\n|upkeep\n|\n|t:|1698285137\n|switch|p2a: Dondozo|Dondozo, M|70\/100\n|turn|14\n|\n|t:|1698285140\n|move|p2a: Dondozo|Liquidation|p1a: Slowbro\n|-damage|p1a: Slowbro|0 fnt\n|faint|p1a: Slowbro\n|\n|upkeep\n|\n|t:|1698285159\n|switch|p1a: Ursaluna|Ursaluna-Bloodmoon, M|100\/100\n|turn|15\n|\n|t:|1698285175\n|move|p1a: Ursaluna|Blood Moon|p2a: Dondozo\n|-damage|p2a: Dondozo|0 fnt\n|faint|p2a: Dondozo\n|\n|upkeep\n|\n|t:|1698285183\n|switch|p2a: Cloyster|Cloyster, M|100\/100\n|turn|16\n|\n|t:|1698285195\n|-terastallize|p2a: Cloyster|Ghost\n|-terastallize|p1a: Ursaluna|Electric\n|move|p2a: Cloyster|Shell Smash|p2a: Cloyster\n|-unboost|p2a: Cloyster|def|1\n|-unboost|p2a: Cloyster|spd|1\n|-boost|p2a: Cloyster|atk|2\n|-boost|p2a: Cloyster|spa|2\n|-boost|p2a: Cloyster|spe|2\n|move|p1a: Ursaluna|Tera Blast|p2a: Cloyster|[anim] Tera Blast Electric\n|-enditem|p2a: Cloyster|Focus Sash\n|-damage|p2a: Cloyster|1\/100\n|\n|upkeep\n|turn|17\n|\n|t:|1698285201\n|move|p1a: Ursaluna|Vacuum Wave|p2a: Cloyster\n|-damage|p2a: Cloyster|0 fnt\n|faint|p2a: Cloyster\n|\n|upkeep\n|\n|t:|1698285215\n|switch|p2a: Jolteon|Jolteon, F|100\/100\n|turn|18\n|\n|t:|1698285218\n|move|p2a: Jolteon|Thunderbolt|p1a: Ursaluna\n|-resisted|p1a: Ursaluna\n|-damage|p1a: Ursaluna|80\/100\n|move|p1a: Ursaluna|Blood Moon|p2a: Jolteon\n|-damage|p2a: Jolteon|2\/100\n|-enditem|p2a: Jolteon|Red Card|[of] p1a: Ursaluna\n|drag|p1a: Rotom|Rotom-Heat|100\/100\n|\n|upkeep\n|turn|19\n|\n|t:|1698285228\n|move|p1a: Rotom|Will-O-Wisp|p2a: Jolteon\n|-status|p2a: Jolteon|brn\n|move|p2a: Jolteon|Wish|p2a: Jolteon\n|\n|-damage|p2a: Jolteon|0 fnt|[from] brn\n|faint|p2a: Jolteon\n|upkeep\n|\n|t:|1698285241\n|switch|p2a: Magearna|Magearna|10\/100\n|turn|20\n|\n|t:|1698285246\n|move|p1a: Rotom|Will-O-Wisp|p2a: Magearna|[miss]\n|-miss|p1a: Rotom|p2a: Magearna\n|move|p2a: Magearna|Draining Kiss|p1a: Rotom\n|-resisted|p1a: Rotom\n|-damage|p1a: Rotom|80\/100\n|-heal|p2a: Magearna|21\/100|[from] drain|[of] p1a: Rotom\n|\n|-heal|p2a: Magearna|66\/100|[from] move: Wish|[wisher] Jolteon\n|-heal|p2a: Magearna|72\/100|[from] item: Leftovers\n|upkeep\n|turn|21\n|\n|t:|1698285260\n|switch|p1a: Orthworm|Orthworm, M|85\/100 slp\n|move|p2a: Magearna|Draining Kiss|p1a: Orthworm\n|-resisted|p1a: Orthworm\n|-damage|p1a: Orthworm|60\/100 slp\n|-heal|p2a: Magearna|90\/100|[from] drain|[of] p1a: Orthworm\n|\n|-heal|p2a: Magearna|96\/100|[from] item: Leftovers\n|upkeep\n|turn|22\n|\n|t:|1698285269\n|move|p2a: Magearna|Calm Mind|p2a: Magearna\n|-boost|p2a: Magearna|spa|1\n|-boost|p2a: Magearna|spd|1\n|cant|p1a: Orthworm|slp\n|\n|-heal|p2a: Magearna|100\/100|[from] item: Leftovers\n|upkeep\n|turn|23\n|\n|t:|1698285276\n|move|p2a: Magearna|Shift Gear|p2a: Magearna\n|-boost|p2a: Magearna|spe|2\n|-boost|p2a: Magearna|atk|1\n|-curestatus|p1a: Orthworm|slp|[msg]\n|move|p1a: Orthworm|Shed Tail|p1a: Orthworm\n|-start|p1a: Orthworm|Substitute|[from] move: Shed Tail\n|-damage|p1a: Orthworm|10\/100\n|-enditem|p1a: Orthworm|Sitrus Berry|[eat]\n|-heal|p1a: Orthworm|35\/100|[from] item: Sitrus Berry\n|\n|t:|1698285285\n|switch|p1a: Tyranitar|Tyranitar, M|100\/100|[from] Shed Tail\n|-ability|p1a: Tyranitar|Unnerve\n|\n|upkeep\n|turn|24\n|\n|t:|1698285291\n|move|p2a: Magearna|Draining Kiss|p1a: Tyranitar\n|-supereffective|p1a: Tyranitar\n|-end|p1a: Tyranitar|Substitute\n|move|p1a: Tyranitar|Earthquake|p2a: Magearna\n|-supereffective|p2a: Magearna\n|-damage|p2a: Magearna|47\/100\n|\n|-heal|p2a: Magearna|53\/100|[from] item: Leftovers\n|upkeep\n|turn|25\n|\n|t:|1698285299\n|move|p2a: Magearna|Draining Kiss|p1a: Tyranitar\n|-supereffective|p1a: Tyranitar\n|-damage|p1a: Tyranitar|20\/100\n|-heal|p2a: Magearna|100\/100|[from] drain|[of] p1a: Tyranitar\n|move|p1a: Tyranitar|Earthquake|p2a: Magearna\n|-supereffective|p2a: Magearna\n|-damage|p2a: Magearna|46\/100\n|\n|-heal|p2a: Magearna|52\/100|[from] item: Leftovers\n|-heal|p1a: Tyranitar|26\/100|[from] item: Leftovers\n|upkeep\n|turn|26\n|\n|t:|1698285310\n|move|p2a: Magearna|Draining Kiss|p1a: Tyranitar\n|-supereffective|p1a: Tyranitar\n|-damage|p1a: Tyranitar|0 fnt\n|-heal|p2a: Magearna|71\/100|[from] drain|[of] p1a: Tyranitar\n|faint|p1a: Tyranitar\n|-ability|p2a: Magearna|Soul-Heart|boost\n|-boost|p2a: Magearna|spa|1\n|\n|-heal|p2a: Magearna|77\/100|[from] item: Leftovers\n|upkeep\n|\n|t:|1698285312\n|switch|p1a: Rotom|Rotom-Heat|80\/100\n|turn|27\n|\n|t:|1698285322\n|move|p1a: Rotom|Overheat|p2a: Magearna\n|-supereffective|p2a: Magearna\n|-damage|p2a: Magearna|17\/100\n|-unboost|p1a: Rotom|spa|2\n|move|p2a: Magearna|Draining Kiss|p1a: Rotom\n|-resisted|p1a: Rotom\n|-damage|p1a: Rotom|43\/100\n|-heal|p2a: Magearna|35\/100|[from] drain|[of] p1a: Rotom\n|\n|-heal|p2a: Magearna|41\/100|[from] item: Leftovers\n|upkeep\n|turn|28\n|\n|t:|1698285343\n|move|p1a: Rotom|Overheat|p2a: Magearna|[miss]\n|-miss|p1a: Rotom|p2a: Magearna\n|move|p2a: Magearna|Stored Power|p1a: Rotom\n|-damage|p1a: Rotom|0 fnt\n|faint|p1a: Rotom\n|-ability|p2a: Magearna|Soul-Heart|boost\n|-boost|p2a: Magearna|spa|1\n|\n|-heal|p2a: Magearna|47\/100|[from] item: Leftovers\n|upkeep\n|\n|t:|1698285354\n|switch|p1a: Ursaluna|Ursaluna-Bloodmoon, M, tera:Electric|80\/100\n|turn|29\n|\n|t:|1698285362\n|move|p2a: Magearna|Draining Kiss|p1a: Ursaluna\n|-damage|p1a: Ursaluna|2\/100\n|-heal|p2a: Magearna|100\/100|[from] drain|[of] p1a: Ursaluna\n|move|p1a: Ursaluna|Blood Moon|p2a: Magearna\n|-resisted|p2a: Magearna\n|-damage|p2a: Magearna|77\/100\n|\n|-heal|p2a: Magearna|83\/100|[from] item: Leftovers\n|upkeep\n|turn|30\n|\n|t:|1698285368\n|move|p2a: Magearna|Draining Kiss|p1a: Ursaluna\n|-damage|p1a: Ursaluna|0 fnt\n|-heal|p2a: Magearna|85\/100|[from] drain|[of] p1a: Ursaluna\n|faint|p1a: Ursaluna\n|-ability|p2a: Magearna|Soul-Heart|boost\n|-boost|p2a: Magearna|spa|1\n|\n|-heal|p2a: Magearna|91\/100|[from] item: Leftovers\n|upkeep\n|\n|t:|1698285372\n|switch|p1a: Iron Valiant|Iron Valiant|100\/100\n|-enditem|p1a: Iron Valiant|Booster Energy\n|-activate|p1a: Iron Valiant|ability: Quark Drive|[fromitem]\n|-start|p1a: Iron Valiant|quarkdrivespe\n|turn|31\n|\n|t:|1698285383\n|move|p1a: Iron Valiant|Drain Punch|p2a: Magearna\n|-damage|p2a: Magearna|62\/100\n|move|p2a: Magearna|Draining Kiss|p1a: Iron Valiant\n|-supereffective|p1a: Iron Valiant\n|-damage|p1a: Iron Valiant|0 fnt\n|-heal|p2a: Magearna|100\/100|[from] drain|[of] p1a: Iron Valiant\n|faint|p1a: Iron Valiant\n|-ability|p2a: Magearna|Soul-Heart|boost\n|-boost|p2a: Magearna|spa|1\n|-end|p1a: Iron Valiant|Quark Drive|[silent]\n|\n|upkeep\n|\n|t:|1698285386\n|switch|p1a: Orthworm|Orthworm, M|35\/100\n|turn|32\n|\n|t:|1698285393\n|move|p2a: Magearna|Draining Kiss|p1a: Orthworm\n|-resisted|p1a: Orthworm\n|-damage|p1a: Orthworm|0 fnt\n|faint|p1a: Orthworm\n|\n|win|Du-Gi-Oh\n|player|p1|Haymaker92|biker-gen4\n|player|p2|Du-Gi-Oh|169\n","uploadtime":1698285586,"views":9,"p1id":"haymaker92","p2id":"dugioh","formatid":"gen9ubers","rating":0,"private":0,"password":""}