{"id":"gen9ubers-1968170305","p1":"foozeld","p2":"KurumiTokisakilove","format":"[Gen 9] Ubers","log":"|j|\u2606foozeld\n|j|\u2606KurumiTokisakilove\n|t:|1697391276\n|gametype|singles\n|player|p1|foozeld|pokemonbreederf-gen4|1329\n|player|p2|KurumiTokisakilove|sabrina-gen2|1537\n|teamsize|p1|6\n|teamsize|p2|6\n|gen|9\n|tier|[Gen 9] Ubers\n|rated|\n|rule|Sleep Clause Mod: Limit one foe put to sleep\n|rule|Species Clause: Limit one of each Pok\u00e9mon\n|rule|OHKO Clause: OHKO moves are banned\n|rule|Evasion Items Clause: Evasion items are banned\n|rule|Evasion Moves Clause: Evasion moves are banned\n|rule|Endless Battle Clause: Forcing endless battles is banned\n|rule|HP Percentage Mod: HP is shown in percentages\n|clearpoke\n|poke|p1|Groudon|\n|poke|p1|Koraidon|\n|poke|p1|Chi-Yu|\n|poke|p1|Magearna|\n|poke|p1|Giratina-Origin|\n|poke|p1|Shaymin-Sky|\n|poke|p2|Ditto|\n|poke|p2|Arceus-Fairy|\n|poke|p2|Koraidon|\n|poke|p2|Calyrex-Ice|\n|poke|p2|Miraidon|\n|poke|p2|Glimmora, F|\n|teampreview\n|inactive|Battle timer is ON: inactive players will automatically lose when time's up. (requested by foozeld)\n|inactive|KurumiTokisakilove also wants the timer to be on.\n|\n|t:|1697391289\n|start\n|switch|p1a: Groudon|Groudon|100\/100\n|switch|p2a: Koraidon|Koraidon|100\/100\n|-weather|SunnyDay|[from] ability: Orichalcum Pulse|[of] p2a: Koraidon\n|-activate|p2a: Koraidon|Orichalcum Pulse|[source]\n|turn|1\n|\n|t:|1697391294\n|move|p2a: Koraidon|Low Kick|p1a: Groudon\n|-damage|p1a: Groudon|34\/100\n|move|p1a: Groudon|Precipice Blades|p2a: Koraidon\n|-damage|p2a: Koraidon|48\/100\n|\n|-weather|SunnyDay|[upkeep]\n|-heal|p1a: Groudon|40\/100|[from] item: Leftovers\n|upkeep\n|turn|2\n|\n|t:|1697391298\n|move|p1a: Groudon|Protect|p1a: Groudon\n|-singleturn|p1a: Groudon|Protect\n|move|p2a: Koraidon|Low Kick|p1a: Groudon\n|-activate|p1a: Groudon|move: Protect\n|\n|-weather|SunnyDay|[upkeep]\n|-heal|p1a: Groudon|46\/100|[from] item: Leftovers\n|upkeep\n|turn|3\n|\n|t:|1697391309\n|switch|p2a: Glimmora|Glimmora, F|100\/100\n|move|p1a: Groudon|Precipice Blades|p2a: Glimmora\n|-supereffective|p2a: Glimmora\n|-enditem|p2a: Glimmora|Focus Sash\n|-damage|p2a: Glimmora|1\/100\n|-activate|p2a: Glimmora|ability: Toxic Debris\n|-sidestart|p1: foozeld|move: Toxic Spikes\n|\n|-weather|SunnyDay|[upkeep]\n|-heal|p1a: Groudon|53\/100|[from] item: Leftovers\n|upkeep\n|turn|4\n|\n|t:|1697391318\n|move|p2a: Glimmora|Stealth Rock|p1a: Groudon\n|-sidestart|p1: foozeld|move: Stealth Rock\n|move|p1a: Groudon|Will-O-Wisp|p2a: Glimmora\n|-status|p2a: Glimmora|brn\n|\n|-weather|SunnyDay|[upkeep]\n|-heal|p1a: Groudon|59\/100|[from] item: Leftovers\n|-damage|p2a: Glimmora|0 fnt|[from] brn\n|faint|p2a: Glimmora\n|upkeep\n|\n|t:|1697391326\n|switch|p2a: Arceus|Arceus-Fairy|100\/100\n|turn|5\n|\n|t:|1697391331\n|move|p2a: Arceus|Judgment|p1a: Groudon\n|-crit|p1a: Groudon\n|-damage|p1a: Groudon|0 fnt\n|faint|p1a: Groudon\n|\n|-weather|none\n|upkeep\n|\n|t:|1697391334\n|switch|p1a: Giratina|Giratina-Origin|100\/100\n|-damage|p1a: Giratina|88\/100|[from] Stealth Rock\n|turn|6\n|\n|t:|1697391341\n|-terastallize|p1a: Giratina|Steel\n|move|p2a: Arceus|Taunt|p1a: Giratina\n|-start|p1a: Giratina|move: Taunt\n|cant|p1a: Giratina|move: Taunt|Defog\n|\n|upkeep\n|turn|7\n|\n|t:|1697391355\n|switch|p1a: Shaymin|Shaymin-Sky|100\/100\n|-damage|p1a: Shaymin|76\/100|[from] Stealth Rock\n|move|p2a: Arceus|Judgment|p1a: Shaymin\n|-damage|p1a: Shaymin|17\/100\n|\n|upkeep\n|turn|8\n|\n|t:|1697391361\n|switch|p2a: Miraidon|Miraidon|100\/100\n|-fieldstart|move: Electric Terrain|[from] ability: Hadron Engine|[of] p2a: Miraidon\n|move|p1a: Shaymin|Seed Flare|p2a: Miraidon\n|-resisted|p2a: Miraidon\n|-damage|p2a: Miraidon|73\/100\n|-unboost|p2a: Miraidon|spd|2\n|\n|upkeep\n|turn|9\n|\n|t:|1697391368\n|move|p2a: Miraidon|Volt Switch|p1a: Shaymin\n|-damage|p1a: Shaymin|0 fnt\n|faint|p1a: Shaymin\n|\n|t:|1697391373\n|switch|p2a: Koraidon|Koraidon|48\/100|[from] Volt Switch\n|-weather|SunnyDay|[from] ability: Orichalcum Pulse|[of] p2a: Koraidon\n|-activate|p2a: Koraidon|Orichalcum Pulse|[source]\n|\n|-weather|SunnyDay|[upkeep]\n|upkeep\n|\n|t:|1697391380\n|switch|p1a: Magearna|Magearna|100\/100\n|-damage|p1a: Magearna|94\/100|[from] Stealth Rock\n|turn|10\n|\n|t:|1697391385\n|move|p2a: Koraidon|Flare Blitz|p1a: Magearna\n|-supereffective|p1a: Magearna\n|-damage|p1a: Magearna|0 fnt\n|faint|p1a: Magearna\n|-damage|p2a: Koraidon|15\/100|[from] Recoil\n|\n|-weather|SunnyDay|[upkeep]\n|upkeep\n|\n|t:|1697391389\n|switch|p1a: Giratina|Giratina-Origin, tera:Steel|88\/100\n|-damage|p1a: Giratina|82\/100|[from] Stealth Rock\n|turn|11\n|\n|t:|1697391396\n|move|p1a: Giratina|Shadow Sneak|p2a: Koraidon\n|-crit|p2a: Koraidon\n|-damage|p2a: Koraidon|0 fnt\n|faint|p2a: Koraidon\n|\n|-weather|SunnyDay|[upkeep]\n|upkeep\n|\n|t:|1697391403\n|switch|p2a: Arceus|Arceus-Fairy|100\/100\n|turn|12\n|\n|t:|1697391407\n|move|p2a: Arceus|Taunt|p1a: Giratina\n|-start|p1a: Giratina|move: Taunt\n|cant|p1a: Giratina|move: Taunt|Defog\n|\n|-weather|SunnyDay|[upkeep]\n|-fieldend|move: Electric Terrain\n|upkeep\n|turn|13\n|\n|t:|1697391410\n|move|p1a: Giratina|Shadow Sneak|p2a: Arceus\n|-damage|p2a: Arceus|86\/100\n|move|p2a: Arceus|Judgment|p1a: Giratina\n|-resisted|p1a: Giratina\n|-damage|p1a: Giratina|70\/100\n|\n|-weather|none\n|upkeep\n|turn|14\n|\n|t:|1697391419\n|move|p1a: Giratina|Shadow Sneak|p2a: Arceus\n|-damage|p2a: Arceus|74\/100\n|move|p2a: Arceus|Judgment|p1a: Giratina\n|-resisted|p1a: Giratina\n|-damage|p1a: Giratina|58\/100\n|\n|-end|p1a: Giratina|move: Taunt\n|upkeep\n|turn|15\n|\n|t:|1697391424\n|move|p1a: Giratina|Shadow Sneak|p2a: Arceus\n|-damage|p2a: Arceus|61\/100\n|move|p2a: Arceus|Taunt|p1a: Giratina\n|-start|p1a: Giratina|move: Taunt\n|\n|upkeep\n|turn|16\n|\n|t:|1697391427\n|move|p1a: Giratina|Shadow Sneak|p2a: Arceus\n|-damage|p2a: Arceus|49\/100\n|move|p2a: Arceus|Judgment|p1a: Giratina\n|-resisted|p1a: Giratina\n|-damage|p1a: Giratina|47\/100\n|\n|upkeep\n|turn|17\n|\n|t:|1697391430\n|move|p1a: Giratina|Shadow Sneak|p2a: Arceus\n|-damage|p2a: Arceus|35\/100\n|move|p2a: Arceus|Recover|p2a: Arceus\n|-heal|p2a: Arceus|85\/100\n|\n|upkeep\n|turn|18\n|-message|foozeld forfeited.\n|\n|win|KurumiTokisakilove\n|raw|foozeld's rating: 1329 &rarr; <strong>1320<\/strong><br \/>(-9 for losing)\n|raw|KurumiTokisakilove's rating: 1537 &rarr; <strong>1546<\/strong><br \/>(+9 for winning)\n|l|\u2606foozeld\n","uploadtime":1697391444,"views":12,"p1id":"foozeld","p2id":"kurumitokisakilove","formatid":"gen9ubers","rating":1320,"private":0,"password":""}