{"id":"gen9ubers-1979079542","p1":"HelloThereMites","p2":"Iragula","format":"[Gen 9] Ubers","log":"|j|\u2606HelloThereMites\n|j|\u2606Iragula\n|t:|1698629534\n|gametype|singles\n|player|p1|HelloThereMites|larry|1113\n|player|p2|Iragula|grimsley|1099\n|teamsize|p1|6\n|teamsize|p2|6\n|gen|9\n|tier|[Gen 9] Ubers\n|rated|\n|rule|Sleep Clause Mod: Limit one foe put to sleep\n|rule|Species Clause: Limit one of each Pok\u00e9mon\n|rule|OHKO Clause: OHKO moves are banned\n|rule|Evasion Items Clause: Evasion items are banned\n|rule|Evasion Moves Clause: Evasion moves are banned\n|rule|Endless Battle Clause: Forcing endless battles is banned\n|rule|HP Percentage Mod: HP is shown in percentages\n|clearpoke\n|poke|p1|Ogerpon-Hearthflame, F|\n|poke|p1|Zacian-*|\n|poke|p1|Flutter Mane|\n|poke|p1|Iron Bundle|\n|poke|p1|Chien-Pao|\n|poke|p1|Koraidon|\n|poke|p2|Dragalge, M|\n|poke|p2|Salamence, M|\n|poke|p2|Eternatus|\n|poke|p2|Goodra-Hisui, M|\n|poke|p2|Dragapult, M|\n|poke|p2|Garchomp, F|\n|teampreview\n|inactive|Battle timer is ON: inactive players will automatically lose when time's up. (requested by HelloThereMites)\n|\n|t:|1698629548\n|start\n|switch|p1a: Flutter Mane|Flutter Mane|100\/100\n|switch|p2a: Arsenius|Dragalge, M|100\/100\n|turn|1\n|\n|t:|1698629557\n|move|p1a: Flutter Mane|Moonblast|p2a: Arsenius\n|-damage|p2a: Arsenius|55\/100\n|-unboost|p2a: Arsenius|spa|1\n|-damage|p1a: Flutter Mane|91\/100|[from] item: Life Orb\n|move|p2a: Arsenius|Toxic Spikes|p1a: Flutter Mane\n|-sidestart|p1: HelloThereMites|move: Toxic Spikes\n|\n|upkeep\n|turn|2\n|\n|t:|1698629568\n|move|p1a: Flutter Mane|Moonblast|p2a: Arsenius\n|-damage|p2a: Arsenius|12\/100\n|-damage|p1a: Flutter Mane|81\/100|[from] item: Life Orb\n|move|p2a: Arsenius|Sludge Bomb|p1a: Flutter Mane\n|-crit|p1a: Flutter Mane\n|-damage|p1a: Flutter Mane|36\/100\n|-status|p1a: Flutter Mane|psn\n|\n|-damage|p1a: Flutter Mane|24\/100 psn|[from] psn\n|upkeep\n|turn|3\n|\n|t:|1698629580\n|move|p1a: Flutter Mane|Moonblast|p2a: Arsenius\n|-damage|p2a: Arsenius|0 fnt\n|faint|p2a: Arsenius\n|-damage|p1a: Flutter Mane|14\/100 psn|[from] item: Life Orb\n|\n|-damage|p1a: Flutter Mane|2\/100 psn|[from] psn\n|upkeep\n|\n|t:|1698629591\n|switch|p2a: Gary|Goodra-Hisui, M|100\/100\n|turn|4\n|\n|t:|1698629596\n|move|p1a: Flutter Mane|Moonblast|p2a: Gary\n|-damage|p2a: Gary|65\/100\n|-damage|p1a: Flutter Mane|0 fnt|[from] item: Life Orb\n|faint|p1a: Flutter Mane\n|-end|p1a: Flutter Mane|Protosynthesis|[silent]\n|move|p2a: Gary|Shelter|p2a: Gary\n|-boost|p2a: Gary|def|2\n|\n|-heal|p2a: Gary|71\/100|[from] item: Leftovers\n|upkeep\n|\n|t:|1698629612\n|switch|p1a: Koraidon|Koraidon|100\/100\n|-status|p1a: Koraidon|psn\n|-weather|SunnyDay|[from] ability: Orichalcum Pulse|[of] p1a: Koraidon\n|-activate|p1a: Koraidon|Orichalcum Pulse|[source]\n|turn|5\n|\n|t:|1698629623\n|move|p2a: Gary|Protect|p2a: Gary\n|-singleturn|p2a: Gary|Protect\n|move|p1a: Koraidon|Collision Course|p2a: Gary\n|-activate|p2a: Gary|move: Protect\n|\n|-weather|SunnyDay|[upkeep]\n|-heal|p2a: Gary|77\/100|[from] item: Leftovers\n|-damage|p1a: Koraidon|88\/100 psn|[from] psn\n|upkeep\n|turn|6\n|\n|t:|1698629635\n|switch|p2a: Stewart|Dragapult, M|100\/100\n|move|p1a: Koraidon|Flame Charge|p2a: Stewart\n|-resisted|p2a: Stewart\n|-damage|p2a: Stewart|75\/100\n|-boost|p1a: Koraidon|spe|1\n|\n|-weather|SunnyDay|[upkeep]\n|-heal|p1a: Koraidon|94\/100 psn|[from] item: Leftovers\n|-damage|p1a: Koraidon|82\/100 psn|[from] psn\n|upkeep\n|turn|7\n|\n|t:|1698629652\n|move|p1a: Koraidon|Dragon Claw|p2a: Stewart\n|-supereffective|p2a: Stewart\n|-damage|p2a: Stewart|0 fnt\n|faint|p2a: Stewart\n|\n|-weather|SunnyDay|[upkeep]\n|-heal|p1a: Koraidon|88\/100 psn|[from] item: Leftovers\n|-damage|p1a: Koraidon|76\/100 psn|[from] psn\n|upkeep\n|\n|t:|1698629666\n|switch|p2a: Gary|Goodra-Hisui, M|77\/100\n|turn|8\n|\n|t:|1698629673\n|move|p2a: Gary|Protect|p2a: Gary\n|-singleturn|p2a: Gary|Protect\n|move|p1a: Koraidon|Collision Course|p2a: Gary\n|-activate|p2a: Gary|move: Protect\n|\n|-weather|SunnyDay|[upkeep]\n|-heal|p1a: Koraidon|82\/100 psn|[from] item: Leftovers\n|-heal|p2a: Gary|83\/100|[from] item: Leftovers\n|-damage|p1a: Koraidon|70\/100 psn|[from] psn\n|upkeep\n|turn|9\n|\n|t:|1698629689\n|move|p1a: Koraidon|Dragon Claw|p2a: Gary\n|-damage|p2a: Gary|28\/100\n|move|p2a: Gary|Shelter|p2a: Gary\n|-boost|p2a: Gary|def|2\n|\n|-weather|none\n|-heal|p1a: Koraidon|76\/100 psn|[from] item: Leftovers\n|-heal|p2a: Gary|34\/100|[from] item: Leftovers\n|-damage|p1a: Koraidon|64\/100 psn|[from] psn\n|upkeep\n|turn|10\n|\n|t:|1698629703\n|move|p2a: Gary|Protect|p2a: Gary\n|-singleturn|p2a: Gary|Protect\n|move|p1a: Koraidon|Dragon Claw|p2a: Gary\n|-activate|p2a: Gary|move: Protect\n|\n|-heal|p1a: Koraidon|70\/100 psn|[from] item: Leftovers\n|-heal|p2a: Gary|40\/100|[from] item: Leftovers\n|-damage|p1a: Koraidon|57\/100 psn|[from] psn\n|upkeep\n|turn|11\n|\n|t:|1698629716\n|move|p1a: Koraidon|Collision Course|p2a: Gary\n|-supereffective|p2a: Gary\n|-damage|p2a: Gary|0 fnt\n|faint|p2a: Gary\n|\n|-heal|p1a: Koraidon|64\/100 psn|[from] item: Leftovers\n|-damage|p1a: Koraidon|51\/100 psn|[from] psn\n|upkeep\n|\n|t:|1698629727\n|switch|p2a: Calavera|Eternatus|100\/100\n|-ability|p2a: Calavera|Pressure\n|turn|12\n|inactive|Iragula has 120 seconds left.\n|\n|t:|1698629743\n|-terastallize|p2a: Calavera|Poison\n|move|p1a: Koraidon|Dragon Claw|p2a: Calavera\n|-damage|p2a: Calavera|73\/100\n|move|p2a: Calavera|Dragon Pulse|p1a: Koraidon\n|-supereffective|p1a: Koraidon\n|-damage|p1a: Koraidon|0 fnt\n|faint|p1a: Koraidon\n|\n|-heal|p2a: Calavera|79\/100|[from] item: Black Sludge\n|upkeep\n|\n|t:|1698629767\n|switch|p1a: Mr. Popper|Iron Bundle, shiny|100\/100\n|turn|13\n|\n|t:|1698629774\n|move|p1a: Mr. Popper|Ice Beam|p2a: Calavera\n|-damage|p2a: Calavera|48\/100\n|move|p2a: Calavera|Venoshock|p1a: Mr. Popper\n|-damage|p1a: Mr. Popper|9\/100\n|\n|-heal|p2a: Calavera|55\/100|[from] item: Black Sludge\n|upkeep\n|turn|14\n|\n|t:|1698629785\n|move|p1a: Mr. Popper|Ice Beam|p2a: Calavera\n|-damage|p2a: Calavera|19\/100\n|-status|p2a: Calavera|frz\n|cant|p2a: Calavera|frz\n|\n|-heal|p2a: Calavera|25\/100 frz|[from] item: Black Sludge\n|upkeep\n|turn|15\n|\n|t:|1698629796\n|move|p1a: Mr. Popper|Ice Beam|p2a: Calavera\n|-damage|p2a: Calavera|0 fnt\n|faint|p2a: Calavera\n|\n|upkeep\n|\n|t:|1698629801\n|switch|p2a: Norberto|Salamence, M|100\/100\n|-ability|p2a: Norberto|Intimidate|boost\n|-unboost|p1a: Mr. Popper|atk|1\n|turn|16\n|\n|t:|1698629809\n|move|p1a: Mr. Popper|Ice Beam|p2a: Norberto\n|-supereffective|p2a: Norberto\n|-enditem|p2a: Norberto|Yache Berry|[eat]\n|-enditem|p2a: Norberto|Yache Berry|[weaken]\n|-damage|p2a: Norberto|0 fnt\n|faint|p2a: Norberto\n|\n|upkeep\n|\n|t:|1698629815\n|switch|p2a: Muerte|Garchomp, F|100\/100\n|turn|17\n|\n|t:|1698629820\n|move|p1a: Mr. Popper|Ice Beam|p2a: Muerte\n|-supereffective|p2a: Muerte\n|-damage|p2a: Muerte|0 fnt\n|faint|p2a: Muerte\n|\n|win|HelloThereMites\n|raw|HelloThereMites's rating: 1113 &rarr; <strong>1137<\/strong><br \/>(+24 for winning)\n|raw|Iragula's rating: 1099 &rarr; <strong>1075<\/strong><br \/>(-24 for losing)\n","uploadtime":1698629826,"views":9,"p1id":"hellotheremites","p2id":"iragula","formatid":"gen9ubers","rating":1075,"private":0,"password":""}