{"id":"gen9ubers-1982694276","p1":"Low Tier Junk","p2":"LadyMaria-Blue","format":"[Gen 9] Ubers","log":"|j|\u2606Low Tier Junk\n|j|\u2606LadyMaria-Blue\n|t:|1699036427\n|gametype|singles\n|player|p1|Low Tier Junk|preschooler|\n|player|p2|LadyMaria-Blue|cynthia|\n|teamsize|p1|6\n|teamsize|p2|6\n|gen|9\n|tier|[Gen 9] Ubers\n|rule|Sleep Clause Mod: Limit one foe put to sleep\n|rule|Species Clause: Limit one of each Pok\u00e9mon\n|rule|OHKO Clause: OHKO moves are banned\n|rule|Evasion Items Clause: Evasion items are banned\n|rule|Evasion Moves Clause: Evasion moves are banned\n|rule|Endless Battle Clause: Forcing endless battles is banned\n|rule|HP Percentage Mod: HP is shown in percentages\n|clearpoke\n|poke|p1|Magearna|\n|poke|p1|Cyclizar, F|\n|poke|p1|Arceus-Fighting|\n|poke|p1|Urshifu-*, F|\n|poke|p1|Darkrai|\n|poke|p1|Espathra, M|\n|poke|p2|Torkoal, F|\n|poke|p2|Roaring Moon|\n|poke|p2|Magearna|\n|poke|p2|Volcanion|\n|poke|p2|Chi-Yu|\n|poke|p2|Walking Wake|\n|teampreview\n|j| imperialorder241\n|\n|t:|1699036476\n|start\n|switch|p1a: Urshifu-Dark|Urshifu-Rapid-Strike, F|100\/100\n|switch|p2a: Torkoal|Torkoal, F|100\/100\n|-weather|SunnyDay|[from] ability: Drought|[of] p2a: Torkoal\n|turn|1\n|j| Finchely\n|c| imperialorder241|YOU DIDN'T TELL ME YOU WERE COOKING MARIA\n|c| Finchely|Let\u2019s gooo\n|\n|t:|1699036493\n|move|p1a: Urshifu-Dark|Surging Strikes|p2a: Torkoal\n|-supereffective|p2a: Torkoal\n|-crit|p2a: Torkoal\n|-damage|p2a: Torkoal|85\/100\n|-supereffective|p2a: Torkoal\n|-crit|p2a: Torkoal\n|-damage|p2a: Torkoal|70\/100\n|-supereffective|p2a: Torkoal\n|-crit|p2a: Torkoal\n|-damage|p2a: Torkoal|56\/100\n|-hitcount|p2a: Torkoal|3\n|move|p2a: Torkoal|Yawn|p1a: Urshifu-Dark\n|-start|p1a: Urshifu-Dark|move: Yawn|[of] p2a: Torkoal\n|\n|-weather|SunnyDay|[upkeep]\n|upkeep\n|turn|2\n|c| Finchely|Wait is darkrai legal?\n|c|\u2606Low Tier Junk|yeah\n|l| Finchely\n|c|\u2606Low Tier Junk|pretty sure\n|c| imperialorder241|finch darkrai sucks anyway\n|j| Finchely\n|c| Finchely|Idk\n|c| Finchely|it fucked up my blissey once\n|c|\u2606LadyMaria-Blue|dont tell my opponent their team sucks thats rude lmao\n|\n|t:|1699036551\n|switch|p1a: Arceus|Arceus-Fighting|100\/100\n|switch|p2a: Volcanion|Volcanion|100\/100\n|\n|-weather|SunnyDay|[upkeep]\n|upkeep\n|turn|3\n|\n|t:|1699036561\n|move|p1a: Arceus|Cosmic Power|p1a: Arceus\n|-boost|p1a: Arceus|def|1\n|-boost|p1a: Arceus|spd|1\n|move|p2a: Volcanion|Substitute|p2a: Volcanion\n|-start|p2a: Volcanion|Substitute\n|-damage|p2a: Volcanion|75\/100\n|\n|-weather|SunnyDay|[upkeep]\n|upkeep\n|turn|4\n|\n|t:|1699036567\n|move|p1a: Arceus|Cosmic Power|p1a: Arceus\n|-boost|p1a: Arceus|def|1\n|-boost|p1a: Arceus|spd|1\n|move|p2a: Volcanion|Flamethrower|p1a: Arceus\n|-damage|p1a: Arceus|82\/100\n|\n|-weather|SunnyDay|[upkeep]\n|upkeep\n|turn|5\n|\n|t:|1699036575\n|switch|p2a: Torkoal|Torkoal, F|56\/100\n|move|p1a: Arceus|Stored Power|p2a: Torkoal\n|-damage|p2a: Torkoal|27\/100\n|\n|-weather|SunnyDay|[upkeep]\n|upkeep\n|turn|6\n|\n|t:|1699036585\n|move|p1a: Arceus|Cosmic Power|p1a: Arceus\n|-boost|p1a: Arceus|def|1\n|-boost|p1a: Arceus|spd|1\n|move|p2a: Torkoal|Yawn|p1a: Arceus\n|-start|p1a: Arceus|move: Yawn|[of] p2a: Torkoal\n|\n|-weather|SunnyDay|[upkeep]\n|upkeep\n|turn|7\n|\n|t:|1699036592\n|switch|p2a: Chi-Yu|Chi-Yu|100\/100\n|-ability|p2a: Chi-Yu|Beads of Ruin\n|move|p1a: Arceus|Stored Power|p2a: Chi-Yu\n|-immune|p2a: Chi-Yu\n|\n|-weather|SunnyDay|[upkeep]\n|-end|p1a: Arceus|move: Yawn|[silent]\n|-status|p1a: Arceus|slp\n|upkeep\n|turn|8\n|\n|t:|1699036607\n|switch|p1a: Genger|Darkrai, shiny|100\/100\n|move|p2a: Chi-Yu|Fire Blast|p1a: Genger|[miss]\n|-miss|p2a: Chi-Yu|p1a: Genger\n|\n|-weather|none\n|upkeep\n|turn|9\n|\n|t:|1699036625\n|move|p2a: Chi-Yu|Fire Blast|p1a: Genger\n|-damage|p1a: Genger|13\/100\n|move|p1a: Genger|Dark Pulse|p2a: Chi-Yu\n|-resisted|p2a: Chi-Yu\n|-damage|p2a: Chi-Yu|78\/100\n|\n|upkeep\n|turn|10\n|\n|t:|1699036634\n|move|p2a: Chi-Yu|Fire Blast|p1a: Genger\n|-damage|p1a: Genger|0 fnt\n|faint|p1a: Genger\n|\n|upkeep\n|\n|t:|1699036637\n|switch|p1a: Kordidon|Cyclizar, F|100\/100\n|turn|11\n|\n|t:|1699036670\n|move|p2a: Chi-Yu|Fire Blast|p1a: Kordidon\n|-resisted|p1a: Kordidon\n|-damage|p1a: Kordidon|42\/100\n|move|p1a: Kordidon|Shed Tail|p1a: Kordidon\n|-fail|p1a: Kordidon|move: Shed Tail|[weak]\n|\n|upkeep\n|turn|12\n|c|\u2606Low Tier Junk|Welp thats it\n|\n|t:|1699036682\n|move|p2a: Chi-Yu|Fire Blast|p1a: Kordidon|[miss]\n|-miss|p2a: Chi-Yu|p1a: Kordidon\n|move|p1a: Kordidon|U-turn|p2a: Chi-Yu\n|-damage|p2a: Chi-Yu|53\/100\n|\n|t:|1699036691\n|switch|p1a: HoundStown|Espathra, M|100\/100|[from] U-turn\n|\n|upkeep\n|turn|13\n|\n|t:|1699036698\n|switch|p2a: Torkoal|Torkoal, F|27\/100\n|-weather|SunnyDay|[from] ability: Drought|[of] p2a: Torkoal\n|move|p1a: HoundStown|Calm Mind|p1a: HoundStown\n|-boost|p1a: HoundStown|spa|1\n|-boost|p1a: HoundStown|spd|1\n|\n|-weather|SunnyDay|[upkeep]\n|-ability|p1a: HoundStown|Speed Boost|boost\n|-boost|p1a: HoundStown|spe|1\n|upkeep\n|turn|14\n|\n|t:|1699036705\n|move|p1a: HoundStown|Protect|p1a: HoundStown\n|-singleturn|p1a: HoundStown|Protect\n|move|p2a: Torkoal|Yawn|p1a: HoundStown\n|-activate|p1a: HoundStown|move: Protect\n|\n|-weather|SunnyDay|[upkeep]\n|-ability|p1a: HoundStown|Speed Boost|boost\n|-boost|p1a: HoundStown|spe|1\n|upkeep\n|turn|15\n|\n|t:|1699036717\n|move|p1a: HoundStown|Stored Power|p2a: Torkoal\n|-damage|p2a: Torkoal|0 fnt\n|faint|p2a: Torkoal\n|\n|-weather|SunnyDay|[upkeep]\n|-ability|p1a: HoundStown|Speed Boost|boost\n|-boost|p1a: HoundStown|spe|1\n|upkeep\n|\n|t:|1699036722\n|switch|p2a: Roaring Moon|Roaring Moon|100\/100\n|-activate|p2a: Roaring Moon|ability: Protosynthesis\n|-start|p2a: Roaring Moon|protosynthesisspe\n|turn|16\n|\n|t:|1699036729\n|-terastallize|p1a: HoundStown|Fighting\n|move|p1a: HoundStown|Tera Blast|p2a: Roaring Moon|[anim] Tera Blast Fighting\n|-supereffective|p2a: Roaring Moon\n|-damage|p2a: Roaring Moon|22\/100\n|move|p2a: Roaring Moon|Knock Off|p1a: HoundStown\n|-resisted|p1a: HoundStown\n|-damage|p1a: HoundStown|66\/100\n|-enditem|p1a: HoundStown|Leftovers|[from] move: Knock Off|[of] p2a: Roaring Moon\n|\n|-weather|SunnyDay|[upkeep]\n|-ability|p1a: HoundStown|Speed Boost|boost\n|-boost|p1a: HoundStown|spe|1\n|upkeep\n|turn|17\n|\n|t:|1699036739\n|-end|p2a: Roaring Moon|Protosynthesis|[silent]\n|switch|p2a: Chi-Yu|Chi-Yu|53\/100\n|-ability|p2a: Chi-Yu|Beads of Ruin\n|move|p1a: HoundStown|Protect||[still]\n|-fail|p1a: HoundStown\n|\n|-weather|SunnyDay|[upkeep]\n|-ability|p1a: HoundStown|Speed Boost|boost\n|-boost|p1a: HoundStown|spe|1\n|upkeep\n|turn|18\n|\n|t:|1699036745\n|move|p1a: HoundStown|Tera Blast|p2a: Chi-Yu|[anim] Tera Blast Fighting\n|-supereffective|p2a: Chi-Yu\n|-damage|p2a: Chi-Yu|0 fnt\n|faint|p2a: Chi-Yu\n|\n|-weather|SunnyDay|[upkeep]\n|-ability|p1a: HoundStown|Speed Boost|boost\n|-boost|p1a: HoundStown|spe|1\n|upkeep\n|\n|t:|1699036753\n|switch|p2a: Walking Wake|Walking Wake|100\/100\n|-activate|p2a: Walking Wake|ability: Protosynthesis\n|-start|p2a: Walking Wake|protosynthesisspe\n|turn|19\n|\n|t:|1699036761\n|move|p1a: HoundStown|Stored Power|p2a: Walking Wake\n|-damage|p2a: Walking Wake|0 fnt\n|faint|p2a: Walking Wake\n|-end|p2a: Walking Wake|Protosynthesis|[silent]\n|\n|-weather|SunnyDay|[upkeep]\n|upkeep\n|\n|t:|1699036770\n|switch|p2a: Magearna|Magearna|100\/100\n|turn|20\n|\n|t:|1699036784\n|move|p1a: HoundStown|Stored Power|p2a: Magearna\n|-resisted|p2a: Magearna\n|-damage|p2a: Magearna|57\/100\n|move|p2a: Magearna|Shift Gear|p2a: Magearna\n|-boost|p2a: Magearna|spe|2\n|-boost|p2a: Magearna|atk|1\n|\n|-weather|none\n|upkeep\n|turn|21\n|\n|t:|1699036792\n|move|p1a: HoundStown|Tera Blast|p2a: Magearna|[anim] Tera Blast Fighting\n|-damage|p2a: Magearna|14\/100\n|move|p2a: Magearna|Fleur Cannon|p1a: HoundStown\n|-supereffective|p1a: HoundStown\n|-damage|p1a: HoundStown|0 fnt\n|-unboost|p2a: Magearna|spa|2\n|faint|p1a: HoundStown\n|-ability|p2a: Magearna|Soul-Heart|boost\n|-boost|p2a: Magearna|spa|1\n|-damage|p2a: Magearna|4\/100|[from] item: Life Orb\n|\n|upkeep\n|\n|t:|1699036799\n|switch|p1a: Kordidon|Cyclizar, F|75\/100\n|turn|22\n|\n|t:|1699036808\n|move|p2a: Magearna|Fleur Cannon|p1a: Kordidon\n|-supereffective|p1a: Kordidon\n|-damage|p1a: Kordidon|0 fnt\n|-unboost|p2a: Magearna|spa|2\n|faint|p1a: Kordidon\n|-ability|p2a: Magearna|Soul-Heart|boost\n|-boost|p2a: Magearna|spa|1\n|-damage|p2a: Magearna|0 fnt|[from] item: Life Orb\n|faint|p2a: Magearna\n|\n|upkeep\n|\n|t:|1699036819\n|switch|p1a: Arceus|Arceus-Fighting|82\/100 slp\n|switch|p2a: Roaring Moon|Roaring Moon|22\/100\n|turn|23\n|\n|t:|1699036826\n|move|p2a: Roaring Moon|Outrage|p1a: Arceus\n|-damage|p1a: Arceus|27\/100 slp\n|cant|p1a: Arceus|slp\n|\n|upkeep\n|turn|24\n|\n|t:|1699036834\n|move|p2a: Roaring Moon|Outrage|p1a: Arceus|[from]lockedmove\n|-damage|p1a: Arceus|0 fnt\n|faint|p1a: Arceus\n|-start|p2a: Roaring Moon|confusion|[fatigue]\n|\n|upkeep\n|\n|t:|1699036838\n|switch|p1a: Urshifu-Dark|Urshifu-Rapid-Strike, F|100\/100\n|turn|25\n|j| Laprasrules12\n|\n|t:|1699036847\n|-end|p2a: Roaring Moon|Protosynthesis|[silent]\n|switch|p2a: Volcanion|Volcanion|75\/100\n|move|p1a: Urshifu-Dark|Swords Dance|p1a: Urshifu-Dark\n|-boost|p1a: Urshifu-Dark|atk|2\n|\n|upkeep\n|turn|26\n|\n|t:|1699036874\n|move|p1a: Urshifu-Dark|Surging Strikes|p2a: Volcanion\n|-heal|p2a: Volcanion|100\/100|[from] ability: Water Absorb|[of] p1a: Urshifu-Dark\n|move|p2a: Volcanion|Steam Eruption|p1a: Urshifu-Dark\n|-resisted|p1a: Urshifu-Dark\n|-damage|p1a: Urshifu-Dark|60\/100\n|-status|p1a: Urshifu-Dark|brn\n|\n|-damage|p1a: Urshifu-Dark|54\/100 brn|[from] brn\n|upkeep\n|turn|27\n|\n|t:|1699036883\n|move|p1a: Urshifu-Dark|Close Combat|p2a: Volcanion\n|-damage|p2a: Volcanion|53\/100\n|-unboost|p1a: Urshifu-Dark|def|1\n|-unboost|p1a: Urshifu-Dark|spd|1\n|move|p2a: Volcanion|Steam Eruption|p1a: Urshifu-Dark|[miss]\n|-miss|p2a: Volcanion|p1a: Urshifu-Dark\n|\n|-damage|p1a: Urshifu-Dark|48\/100 brn|[from] brn\n|upkeep\n|turn|28\n|\n|t:|1699036888\n|move|p1a: Urshifu-Dark|Close Combat|p2a: Volcanion\n|-damage|p2a: Volcanion|9\/100\n|-unboost|p1a: Urshifu-Dark|def|1\n|-unboost|p1a: Urshifu-Dark|spd|1\n|move|p2a: Volcanion|Steam Eruption|p1a: Urshifu-Dark\n|-resisted|p1a: Urshifu-Dark\n|-damage|p1a: Urshifu-Dark|0 fnt\n|faint|p1a: Urshifu-Dark\n|\n|upkeep\n|\n|t:|1699036892\n|switch|p1a: Waifu Tier|Magearna|100\/100\n|turn|29\n|\n|t:|1699036904\n|move|p2a: Volcanion|Flamethrower|p1a: Waifu Tier\n|-supereffective|p1a: Waifu Tier\n|-crit|p1a: Waifu Tier\n|-damage|p1a: Waifu Tier|3\/100\n|move|p1a: Waifu Tier|Calm Mind|p1a: Waifu Tier\n|-boost|p1a: Waifu Tier|spa|1\n|-boost|p1a: Waifu Tier|spd|1\n|\n|-heal|p1a: Waifu Tier|9\/100|[from] item: Leftovers\n|upkeep\n|turn|30\n|\n|t:|1699036914\n|move|p2a: Volcanion|Flamethrower|p1a: Waifu Tier\n|-supereffective|p1a: Waifu Tier\n|-damage|p1a: Waifu Tier|0 fnt\n|faint|p1a: Waifu Tier\n|\n|win|LadyMaria-Blue\n|c| imperialorder241|nice!\n|l| Laprasrules12\n|c|\u2606LadyMaria-Blue|ggs\n|c|\u2606Low Tier Junk|gg\n|c| Finchely|Ggs\n|l| Finchely\n|l| imperialorder241\n|l|\u2606Low Tier Junk\n|j| imperialorder241\n|l| imperialorder241\n","uploadtime":1699037372,"views":16,"p1id":"lowtierjunk","p2id":"ladymariablue","formatid":"gen9ubers","rating":0,"private":0,"password":""}