{"id":"gen9ubers-1973177332","p1":"CloudlessGamer","p2":"MaseReloaded","format":"[Gen 9] Ubers","log":"|j|\u2606CloudlessGamer\n|j|\u2606MaseReloaded\n|t:|1697936168\n|gametype|singles\n|player|p1|CloudlessGamer|2|\n|player|p2|MaseReloaded|266|\n|teamsize|p1|6\n|teamsize|p2|6\n|gen|9\n|tier|[Gen 9] Ubers\n|rule|Sleep Clause Mod: Limit one foe put to sleep\n|rule|Species Clause: Limit one of each Pok\u00e9mon\n|rule|OHKO Clause: OHKO moves are banned\n|rule|Evasion Items Clause: Evasion items are banned\n|rule|Evasion Moves Clause: Evasion moves are banned\n|rule|Endless Battle Clause: Forcing endless battles is banned\n|rule|HP Percentage Mod: HP is shown in percentages\n|clearpoke\n|poke|p1|Breloom, F|\n|poke|p1|Dugtrio-Alola, F|\n|poke|p1|Quaquaval, M|\n|poke|p1|Cresselia, F|\n|poke|p1|Ogerpon-Hearthflame, F|\n|poke|p1|Tatsugiri, M|\n|poke|p2|Regidrago|\n|poke|p2|Hatterene, F|\n|poke|p2|Mandibuzz, F|\n|poke|p2|Pawmot, M|\n|poke|p2|Gengar, F|\n|poke|p2|Iron Leaves|\n|teampreview\n|c|\u2606MaseReloaded|hf bro\n|j| JTeaa\n|c|\u2606CloudlessGamer|glhf <3\n|j| Ch3sc0\n|c| JTeaa|I just took a spookie dookie\n|\n|t:|1697936221\n|start\n|switch|p1a: Kenough|Dugtrio-Alola, F|100\/100\n|switch|p2a: Any Uniters?|Regidrago, shiny|100\/100\n|turn|1\n|c| Ch3sc0|I have to take a spooky dookie\n|c| JTeaa|Woo Uniters Represent!!\n|c| Ch3sc0|will you hold my hand while I dookie jt >.<\n|c| JTeaa|Sure I\u2019ll catch it with my other hand too :3\n|c| Ch3sc0|:3\n|\n|t:|1697936282\n|-terastallize|p2a: Any Uniters?|Dragon\n|-terastallize|p1a: Kenough|Ground\n|move|p2a: Any Uniters?|Dragon Energy|p1a: Kenough\n|-enditem|p1a: Kenough|Focus Sash\n|-damage|p1a: Kenough|1\/100\n|move|p1a: Kenough|Stealth Rock|p2a: Any Uniters?\n|-sidestart|p2: MaseReloaded|move: Stealth Rock\n|\n|upkeep\n|turn|2\n|\n|t:|1697936302\n|move|p2a: Any Uniters?|Dragon Energy|p1a: Kenough\n|-damage|p1a: Kenough|0 fnt\n|faint|p1a: Kenough\n|\n|upkeep\n|c| JTeaa|Ain\u2019t no way cloud was doing calcs when he had a sash and used stealth rock\n|c|\u2606CloudlessGamer|brother i am on forza\n|c|\u2606CloudlessGamer|eat me\n|c| Ch3sc0|cloud is an avid calc hater\n|c|\u2606CloudlessGamer|ong\n|c|\u2606MaseReloaded|hold on lemme calc this\n|c| JTeaa|Calclessgamer\n|\n|t:|1697936370\n|switch|p1a: A good high|Breloom, F|100\/100\n|turn|3\n|\n|t:|1697936386\n|switch|p2a: Drunk Driver|Mandibuzz, F, shiny|100\/100\n|move|p1a: A good high|Spore|p2a: Drunk Driver\n|-immune|p2a: Drunk Driver|[from] ability: Overcoat\n|\n|upkeep\n|turn|4\n|c| Ch3sc0|yooooo\n|c| JTeaa|It\u2019s a drunk fella\n|c| Ch3sc0|mandibuzz like me fr\n|c| JTeaa|Hold up\n|c|\u2606MaseReloaded|don't drink and drive guys mandibuzz is a professional\n|c| JTeaa|\u201cHow can we make drinking more fun?\u201d\n|c| JTeaa|I have an idea\n|c| Ch3sc0|MY KEYS\n|c|\u2606MaseReloaded|LETS GO DRIVING\n|c| JTeaa|Whippin excursion\n|c| JTeaa|skrt skrt\n|c|\u2606MaseReloaded|even been on a drake and drive\n|c| JTeaa|Crash into a tree\n|c| JTeaa|call it gods plan\n|c| Ch3sc0|for the dogs mase\n|c| Ch3sc0|for the dogs\n|c| JTeaa|Pick a move\n|c|\u2606MaseReloaded|let him cook\n|\n|t:|1697936529\n|switch|p1a: California Roll|Tatsugiri, M|100\/100\n|move|p2a: Drunk Driver|Defog|p1a: California Roll\n|-unboost|p1a: California Roll|evasion|1\n|-sideend|p2: MaseReloaded|Stealth Rock|[from] move: Defog|[of] p2a: Drunk Driver\n|\n|upkeep\n|turn|5\n|c| JTeaa|OHH BROTHER THIS GUY STINKS\n|l| JTeaa\n|\n|t:|1697936582\n|move|p1a: California Roll|Rapid Spin|p2a: Drunk Driver\n|-damage|p2a: Drunk Driver|97\/100\n|-boost|p1a: California Roll|spe|1\n|move|p2a: Drunk Driver|U-turn|p1a: California Roll\n|-damage|p1a: California Roll|81\/100\n|\n|t:|1697936588\n|switch|p2a: She\/Them Tiddies|Hatterene, F, shiny|100\/100|[from] U-turn\n|\n|upkeep\n|turn|6\n|c| Ch3sc0|ay man\n|c|\u2606CloudlessGamer|hahahahahahahaa\n|j| JTeaa\n|c| Ch3sc0|they\/them pussy goes nuts\n|c| Ch3sc0|just ask cloud\n|c| JTeaa|Femboy holes are the ultimate goals\n|c|\u2606MaseReloaded|hattussy got me actin up\n|c| JTeaa|Magic bounce that ass\n|\n|t:|1697936663\n|move|p1a: California Roll|Hydro Pump|p2a: She\/Them Tiddies\n|-damage|p2a: She\/Them Tiddies|44\/100\n|move|p2a: She\/Them Tiddies|Light Screen|p2a: She\/Them Tiddies\n|-sidestart|p2: MaseReloaded|move: Light Screen\n|\n|upkeep\n|turn|7\n|c| JTeaa|Mase reloaded started the battle timer\n|c| Ch3sc0|mase mase he's our man if he can't do it no one can!!!\n|\n|t:|1697936750\n|move|p1a: California Roll|Nasty Plot|p1a: California Roll\n|-boost|p1a: California Roll|spa|2\n|move|p2a: She\/Them Tiddies|Healing Wish|p2a: She\/Them Tiddies\n|faint|p2a: She\/Them Tiddies\n|\n|upkeep\n|c| Ch3sc0|NOT THE THEY THEM PUSSY\n|c| JTeaa|It is a dark day\n|\n|t:|1697936795\n|switch|p2a: Leaf Me Alone|Iron Leaves|100\/100\n|-enditem|p2a: Leaf Me Alone|Booster Energy\n|-activate|p2a: Leaf Me Alone|ability: Quark Drive|[fromitem]\n|-start|p2a: Leaf Me Alone|quarkdrivespe\n|turn|8\n|l|\u2606CloudlessGamer\n|player|p1|\n|c| JTeaa|Man\n|c| JTeaa|get a load of this guy\n|j|\u2606CloudlessGamer\n|player|p1|CloudlessGamer|2\n|c| Ch3sc0|his wifi had an episode\n|c|\u2606MaseReloaded|let him get up\n|c|\u2606CloudlessGamer|wifi had a bonk\n|c| JTeaa|I\u2019m tryna get up\n|c| JTeaa|if you catch my drift\n|c| Ch3sc0|I'll get it up for you\n|c| JTeaa|Do it >:)\n|c| Ch3sc0|>:)\n|c| JTeaa|Maybe a move will be picked by the time you do :O\n|l| JTeaa\n|j| JTeaa\n|\n|t:|1697936994\n|move|p2a: Leaf Me Alone|Swords Dance|p2a: Leaf Me Alone\n|-boost|p2a: Leaf Me Alone|atk|2\n|move|p1a: California Roll|Draco Meteor|p2a: Leaf Me Alone\n|-damage|p2a: Leaf Me Alone|42\/100\n|-unboost|p1a: California Roll|spa|2\n|\n|upkeep\n|turn|9\n|\n|t:|1697937012\n|switch|p1a: MOON BITCH|Cresselia, F|100\/100\n|move|p2a: Leaf Me Alone|Psyblade|p1a: MOON BITCH\n|-resisted|p1a: MOON BITCH\n|-damage|p1a: MOON BITCH|80\/100\n|\n|-heal|p1a: MOON BITCH|86\/100|[from] item: Leftovers\n|upkeep\n|turn|10\n|\n|t:|1697937046\n|move|p2a: Leaf Me Alone|Night Slash|p1a: MOON BITCH\n|-supereffective|p1a: MOON BITCH\n|-damage|p1a: MOON BITCH|35\/100\n|move|p1a: MOON BITCH|Calm Mind|p1a: MOON BITCH\n|-boost|p1a: MOON BITCH|spa|1\n|-boost|p1a: MOON BITCH|spd|1\n|\n|-heal|p1a: MOON BITCH|41\/100|[from] item: Leftovers\n|upkeep\n|turn|11\n|\n|t:|1697937070\n|switch|p1a: California Roll|Tatsugiri, M|81\/100\n|move|p2a: Leaf Me Alone|Night Slash|p1a: California Roll\n|-crit|p1a: California Roll\n|-damage|p1a: California Roll|0 fnt\n|faint|p1a: California Roll\n|\n|upkeep\n|l| JTeaa\n|j| JTeaa\n|c| Ch3sc0|mase you could've done better than Leaf Me Alone\n|c|\u2606MaseReloaded|leaf me alone bro\n|\n|t:|1697937148\n|switch|p1a: A good high|Breloom, F|100\/100\n|turn|12\n|\n|t:|1697937185\n|move|p2a: Leaf Me Alone|Psyblade|p1a: A good high\n|-supereffective|p1a: A good high\n|-enditem|p1a: A good high|Focus Sash\n|-damage|p1a: A good high|1\/100\n|move|p1a: A good high|Bullet Seed|p2a: Leaf Me Alone\n|-resisted|p2a: Leaf Me Alone\n|-damage|p2a: Leaf Me Alone|32\/100\n|-resisted|p2a: Leaf Me Alone\n|-damage|p2a: Leaf Me Alone|20\/100\n|-resisted|p2a: Leaf Me Alone\n|-damage|p2a: Leaf Me Alone|9\/100\n|-hitcount|p2a: Leaf Me Alone|3\n|\n|upkeep\n|turn|13\n|c| JTeaa|Damn\n|c| JTeaa|1 more ;-;\n|\n|t:|1697937236\n|-end|p2a: Leaf Me Alone|Quark Drive|[silent]\n|switch|p2a: Gengarchomp|Gengar, F|100\/100\n|move|p1a: A good high|Mach Punch|p2a: Gengarchomp\n|-immune|p2a: Gengarchomp\n|\n|-sideend|p2: MaseReloaded|move: Light Screen\n|upkeep\n|turn|14\n|c| JTeaa|Gengarglindeez?!\n|\n|t:|1697937261\n|move|p2a: Gengarchomp|Shadow Ball|p1a: A good high\n|-damage|p1a: A good high|0 fnt\n|faint|p1a: A good high\n|\n|upkeep\n|c|\u2606MaseReloaded|ayo jtea\n|c| Ch3sc0|GARGLING DEEZ NUTS\n|c| JTeaa|REPPING THE UNITE SQUAD\n|\n|t:|1697937303\n|switch|p1a: UNGA BUNGA|Ogerpon-Hearthflame, F|100\/100\n|-ability|p1a: UNGA BUNGA|Mold Breaker\n|turn|15\n|\n|t:|1697937319\n|move|p2a: Gengarchomp|Sludge Bomb|p1a: UNGA BUNGA\n|-supereffective|p1a: UNGA BUNGA\n|-damage|p1a: UNGA BUNGA|0 fnt\n|faint|p1a: UNGA BUNGA\n|\n|upkeep\n|c|\u2606MaseReloaded|f speed tie\n|c|\u2606CloudlessGamer|fuck speed ties\n|c| JTeaa|watch out gengar has ult\n|c|\u2606CloudlessGamer|so dumb\n|\n|t:|1697937337\n|switch|p1a: FruitCake|Quaquaval, M|100\/100\n|turn|16\n|\n|t:|1697937366\n|move|p2a: Gengarchomp|Thunderbolt|p1a: FruitCake\n|-supereffective|p1a: FruitCake\n|-damage|p1a: FruitCake|8\/100\n|move|p1a: FruitCake|Aqua Step|p2a: Gengarchomp\n|-damage|p2a: Gengarchomp|13\/100\n|-boost|p1a: FruitCake|spe|1\n|-start|p1a: FruitCake|Disable|Aqua Step|[from] ability: Cursed Body|[of] p2a: Gengarchomp\n|\n|-heal|p1a: FruitCake|14\/100|[from] item: Leftovers\n|upkeep\n|turn|17\n|\n|t:|1697937393\n|switch|p2a: Drunk Driver|Mandibuzz, F, shiny|97\/100\n|-heal|p2a: Drunk Driver|100\/100|[from] move: Healing Wish\n|move|p1a: FruitCake|Ice Spinner|p2a: Drunk Driver\n|-supereffective|p2a: Drunk Driver\n|-damage|p2a: Drunk Driver|70\/100\n|\n|-heal|p1a: FruitCake|20\/100|[from] item: Leftovers\n|upkeep\n|turn|18\n|\n|t:|1697937436\n|move|p1a: FruitCake|Ice Spinner|p2a: Drunk Driver\n|-supereffective|p2a: Drunk Driver\n|-damage|p2a: Drunk Driver|39\/100\n|move|p2a: Drunk Driver|Brave Bird|p1a: FruitCake\n|-supereffective|p1a: FruitCake\n|-damage|p1a: FruitCake|0 fnt\n|faint|p1a: FruitCake\n|-damage|p2a: Drunk Driver|34\/100|[from] Recoil\n|\n|upkeep\n|\n|t:|1697937445\n|switch|p1a: MOON BITCH|Cresselia, F|41\/100\n|turn|19\n|\n|t:|1697937468\n|move|p1a: MOON BITCH|Moonlight|p1a: MOON BITCH\n|-heal|p1a: MOON BITCH|91\/100\n|move|p2a: Drunk Driver|U-turn|p1a: MOON BITCH\n|-supereffective|p1a: MOON BITCH\n|-damage|p1a: MOON BITCH|79\/100\n|\n|t:|1697937481\n|switch|p2a: Any Uniters?|Regidrago, shiny, tera:Dragon|100\/100|[from] U-turn\n|\n|-heal|p1a: MOON BITCH|85\/100|[from] item: Leftovers\n|upkeep\n|turn|20\n|c| Ch3sc0|PUT ME IN COACH\n|c| Ch3sc0|Mase sub me in\n|c| Ch3sc0|click the x\n|c| Ch3sc0|and sub me in\n|c| Ch3sc0|you know it works\n|\n|t:|1697937545\n|move|p2a: Any Uniters?|Dragon Energy|p1a: MOON BITCH\n|-damage|p1a: MOON BITCH|1\/100\n|move|p1a: MOON BITCH|Moonblast|p2a: Any Uniters?\n|-supereffective|p2a: Any Uniters?\n|-damage|p2a: Any Uniters?|62\/100\n|\n|-heal|p1a: MOON BITCH|7\/100|[from] item: Leftovers\n|upkeep\n|turn|21\n|\n|t:|1697937554\n|move|p2a: Any Uniters?|Dragon Energy|p1a: MOON BITCH\n|-damage|p1a: MOON BITCH|0 fnt\n|faint|p1a: MOON BITCH\n|\n|win|MaseReloaded\n|c|\u2606MaseReloaded|gg\n|c|\u2606CloudlessGamer|gg\n|c| Ch3sc0|gg\n|l| Ch3sc0\n","uploadtime":1697937567,"views":52,"p1id":"cloudlessgamer","p2id":"masereloaded","formatid":"gen9ubers","rating":0,"private":0,"password":""}