{"id":"gen9ubers-1987423892","p1":"coomploud","p2":"SquidSpring","format":"[Gen 9] Ubers","log":"|j|\u2606coomploud\n|j|\u2606SquidSpring\n|t:|1699589520\n|gametype|singles\n|player|p1|coomploud|brycen|1131\n|player|p2|SquidSpring|iono|1329\n|teamsize|p1|6\n|teamsize|p2|6\n|gen|9\n|tier|[Gen 9] Ubers\n|rated|\n|rule|Sleep Clause Mod: Limit one foe put to sleep\n|rule|Species Clause: Limit one of each Pok\u00e9mon\n|rule|OHKO Clause: OHKO moves are banned\n|rule|Evasion Items Clause: Evasion items are banned\n|rule|Evasion Moves Clause: Evasion moves are banned\n|rule|Endless Battle Clause: Forcing endless battles is banned\n|rule|HP Percentage Mod: HP is shown in percentages\n|clearpoke\n|poke|p1|Dugtrio, M|\n|poke|p1|Sudowoodo, M|\n|poke|p1|Veluza, M|\n|poke|p1|Volcarona, M|\n|poke|p1|Snorlax, M|\n|poke|p1|Cyclizar, F|\n|poke|p2|Koraidon|\n|poke|p2|Zacian-*|\n|poke|p2|Ting-Lu|\n|poke|p2|Giratina-Origin|\n|poke|p2|Skeledirge, M|\n|poke|p2|Miraidon|\n|teampreview\n|inactive|Battle timer is ON: inactive players will automatically lose when time's up. (requested by SquidSpring)\n|c|\u2606SquidSpring|glhf\n|inactive|SquidSpring has 120 seconds left.\n|\n|t:|1699589561\n|start\n|switch|p1a: Cyclizar|Cyclizar, F|100\/100\n|switch|p2a: Miraidon|Miraidon|100\/100\n|-fieldstart|move: Electric Terrain|[from] ability: Hadron Engine|[of] p2a: Miraidon\n|turn|1\n|\n|t:|1699589576\n|move|p2a: Miraidon|Draco Meteor|p1a: Cyclizar|[miss]\n|-miss|p2a: Miraidon|p1a: Cyclizar\n|move|p1a: Cyclizar|Shed Tail|p1a: Cyclizar\n|-start|p1a: Cyclizar|Substitute|[from] move: Shed Tail\n|-damage|p1a: Cyclizar|50\/100\n|inactive|coomploud has 120 seconds left.\n|\n|t:|1699589608\n|switch|p1a: Dugtrio|Dugtrio, M|100\/100|[from] Shed Tail\n|\n|upkeep\n|turn|2\n|\n|t:|1699589613\n|move|p2a: Miraidon|Draco Meteor|p1a: Dugtrio|[miss]\n|-miss|p2a: Miraidon|p1a: Dugtrio\n|move|p1a: Dugtrio|Swords Dance|p1a: Dugtrio\n|-boost|p1a: Dugtrio|atk|2\n|\n|upkeep\n|turn|3\n|\n|t:|1699589616\n|move|p2a: Miraidon|Draco Meteor|p1a: Dugtrio\n|-end|p1a: Dugtrio|Substitute\n|-unboost|p2a: Miraidon|spa|2\n|move|p1a: Dugtrio|Earthquake|p2a: Miraidon\n|-supereffective|p2a: Miraidon\n|-damage|p2a: Miraidon|0 fnt\n|faint|p2a: Miraidon\n|\n|upkeep\n|c|\u2606coomploud|sorry man lol\n|c|\u2606SquidSpring|happens\n|\n|t:|1699589627\n|switch|p2a: Koraidon|Koraidon|100\/100\n|-weather|SunnyDay|[from] ability: Orichalcum Pulse|[of] p2a: Koraidon\n|-activate|p2a: Koraidon|Orichalcum Pulse|[source]\n|turn|4\n|c|\u2606coomploud|bad mons means the universe gives me extra cheese\n|\n|t:|1699589640\n|move|p2a: Koraidon|Scale Shot|p1a: Dugtrio\n|-damage|p1a: Dugtrio|46\/100\n|-damage|p1a: Dugtrio|0 fnt\n|faint|p1a: Dugtrio\n|-hitcount|p1: Dugtrio|2\n|-unboost|p2a: Koraidon|def|1\n|-boost|p2a: Koraidon|spe|1\n|\n|-weather|SunnyDay|[upkeep]\n|upkeep\n|c|\u2606SquidSpring|real\n|\n|t:|1699589658\n|switch|p1a: Snorlax|Snorlax, M, shiny|100\/100\n|turn|5\n|\n|t:|1699589677\n|-terastallize|p1a: Snorlax|Ghost\n|move|p2a: Koraidon|Collision Course|p1a: Snorlax\n|-immune|p1a: Snorlax\n|move|p1a: Snorlax|Earthquake|p2a: Koraidon\n|-damage|p2a: Koraidon|69\/100\n|\n|-weather|SunnyDay|[upkeep]\n|-fieldend|move: Electric Terrain\n|upkeep\n|turn|6\n|\n|t:|1699589690\n|move|p2a: Koraidon|Swords Dance|p2a: Koraidon\n|-boost|p2a: Koraidon|atk|2\n|move|p1a: Snorlax|Earthquake|p2a: Koraidon\n|-damage|p2a: Koraidon|34\/100\n|\n|-weather|SunnyDay|[upkeep]\n|upkeep\n|turn|7\n|\n|t:|1699589695\n|move|p2a: Koraidon|Scale Shot|p1a: Snorlax\n|-damage|p1a: Snorlax|77\/100\n|-damage|p1a: Snorlax|55\/100\n|-damage|p1a: Snorlax|31\/100\n|-damage|p1a: Snorlax|7\/100\n|-hitcount|p1a: Snorlax|4\n|-unboost|p2a: Koraidon|def|1\n|-boost|p2a: Koraidon|spe|1\n|move|p1a: Snorlax|Earthquake|p2a: Koraidon\n|-damage|p2a: Koraidon|0 fnt\n|faint|p2a: Koraidon\n|\n|-weather|SunnyDay|[upkeep]\n|upkeep\n|\n|t:|1699589707\n|switch|p2a: Zacian|Zacian-Crowned|100\/100\n|-ability|p2a: Zacian|Intrepid Sword|boost\n|-boost|p2a: Zacian|atk|1\n|turn|8\n|\n|t:|1699589718\n|move|p2a: Zacian|Behemoth Blade|p1a: Snorlax\n|-damage|p1a: Snorlax|0 fnt\n|faint|p1a: Snorlax\n|\n|-weather|none\n|upkeep\n|\n|t:|1699589724\n|switch|p1a: Sudowoodo|Sudowoodo, M|100\/100\n|turn|9\n|\n|t:|1699589727\n|move|p2a: Zacian|Behemoth Blade|p1a: Sudowoodo\n|-supereffective|p1a: Sudowoodo\n|-ability|p1a: Sudowoodo|Sturdy\n|-damage|p1a: Sudowoodo|1\/100\n|-enditem|p1a: Sudowoodo|Weakness Policy\n|-boost|p1a: Sudowoodo|atk|2|[from] item: Weakness Policy\n|-boost|p1a: Sudowoodo|spa|2|[from] item: Weakness Policy\n|move|p1a: Sudowoodo|Earthquake|p2a: Zacian\n|-supereffective|p2a: Zacian\n|-damage|p2a: Zacian|0 fnt\n|faint|p2a: Zacian\n|\n|upkeep\n|\n|t:|1699589747\n|switch|p2a: Giratina|Giratina-Origin|100\/100\n|turn|10\n|\n|t:|1699589752\n|move|p1a: Sudowoodo|Sucker Punch|p2a: Giratina\n|-supereffective|p2a: Giratina\n|-damage|p2a: Giratina|51\/100\n|move|p2a: Giratina|Poltergeist||[still]\n|-fail|p2a: Giratina\n|\n|upkeep\n|turn|11\n|c|\u2606SquidSpring|man\n|\n|t:|1699589764\n|move|p1a: Sudowoodo|Sucker Punch||[still]\n|-fail|p1a: Sudowoodo\n|move|p2a: Giratina|Will-O-Wisp|p1a: Sudowoodo\n|-status|p1a: Sudowoodo|brn\n|\n|-damage|p1a: Sudowoodo|0 fnt|[from] brn\n|faint|p1a: Sudowoodo\n|upkeep\n|c|\u2606coomploud|rip\n|\n|t:|1699589772\n|switch|p1a: Cyclizar|Cyclizar, F|83\/100\n|turn|12\n|\n|t:|1699589777\n|move|p1a: Cyclizar|Draco Meteor|p2a: Giratina\n|-supereffective|p2a: Giratina\n|-damage|p2a: Giratina|0 fnt\n|-unboost|p1a: Cyclizar|spa|2\n|faint|p2a: Giratina\n|\n|upkeep\n|\n|t:|1699589782\n|switch|p2a: Ting-Lu|Ting-Lu|100\/100\n|-ability|p2a: Ting-Lu|Vessel of Ruin\n|turn|13\n|\n|t:|1699589788\n|switch|p1a: Volcarona|Volcarona, M, shiny|100\/100\n|move|p2a: Ting-Lu|Earthquake|p1a: Volcarona\n|-damage|p1a: Volcarona|66\/100\n|\n|upkeep\n|turn|14\n|\n|t:|1699589793\n|switch|p2a: Skeledirge|Skeledirge, M|100\/100\n|move|p1a: Volcarona|Quiver Dance|p1a: Volcarona\n|-boost|p1a: Volcarona|spa|1\n|-boost|p1a: Volcarona|spd|1\n|-boost|p1a: Volcarona|spe|1\n|\n|upkeep\n|turn|15\n|\n|t:|1699589798\n|switch|p1a: Cyclizar|Cyclizar, F|100\/100\n|move|p2a: Skeledirge|Torch Song|p1a: Cyclizar\n|-resisted|p1a: Cyclizar\n|-damage|p1a: Cyclizar|75\/100\n|-boost|p2a: Skeledirge|spa|1\n|\n|upkeep\n|turn|16\n|\n|t:|1699589805\n|move|p1a: Cyclizar|Shed Tail|p1a: Cyclizar\n|-start|p1a: Cyclizar|Substitute|[from] move: Shed Tail\n|-damage|p1a: Cyclizar|25\/100\n|\n|t:|1699589807\n|switch|p1a: Veluza|Veluza, M|100\/100|[from] Shed Tail\n|move|p2a: Skeledirge|Torch Song|p1a: Veluza\n|-resisted|p1a: Veluza\n|-damage|p1a: Veluza|65\/100\n|-boost|p2a: Skeledirge|spa|1\n|\n|upkeep\n|turn|17\n|\n|t:|1699589815\n|-terastallize|p2a: Skeledirge|Fairy\n|move|p1a: Veluza|Aqua Cutter|p2a: Skeledirge\n|-damage|p2a: Skeledirge|69\/100\n|move|p2a: Skeledirge|Torch Song|p1a: Veluza\n|-resisted|p1a: Veluza\n|-damage|p1a: Veluza|23\/100\n|-boost|p2a: Skeledirge|spa|1\n|-enditem|p1a: Veluza|Liechi Berry|[eat]\n|-boost|p1a: Veluza|atk|1|[from] item: Liechi Berry\n|\n|upkeep\n|turn|18\n|\n|t:|1699589825\n|move|p1a: Veluza|Aqua Cutter|p2a: Skeledirge\n|-damage|p2a: Skeledirge|36\/100\n|move|p2a: Skeledirge|Torch Song|p1a: Veluza\n|-resisted|p1a: Veluza\n|-damage|p1a: Veluza|0 fnt\n|-boost|p2a: Skeledirge|spa|1\n|faint|p1a: Veluza\n|\n|upkeep\n|\n|t:|1699589835\n|switch|p1a: Volcarona|Volcarona, M, shiny|66\/100\n|turn|19\n|\n|t:|1699589837\n|move|p1a: Volcarona|Fiery Dance|p2a: Skeledirge\n|-damage|p2a: Skeledirge|0 fnt\n|-boost|p1a: Volcarona|spa|1\n|faint|p2a: Skeledirge\n|\n|upkeep\n|\n|t:|1699589842\n|switch|p2a: Ting-Lu|Ting-Lu|100\/100\n|-ability|p2a: Ting-Lu|Vessel of Ruin\n|turn|20\n|\n|t:|1699589845\n|move|p1a: Volcarona|Bug Buzz|p2a: Ting-Lu\n|-supereffective|p2a: Ting-Lu\n|-damage|p2a: Ting-Lu|52\/100\n|move|p2a: Ting-Lu|Earthquake|p1a: Volcarona\n|-damage|p1a: Volcarona|31\/100\n|\n|-heal|p2a: Ting-Lu|58\/100|[from] item: Leftovers\n|upkeep\n|turn|21\n|\n|t:|1699589853\n|move|p1a: Volcarona|Bug Buzz|p2a: Ting-Lu\n|-supereffective|p2a: Ting-Lu\n|-damage|p2a: Ting-Lu|11\/100\n|move|p2a: Ting-Lu|Earthquake|p1a: Volcarona\n|-damage|p1a: Volcarona|0 fnt\n|faint|p1a: Volcarona\n|\n|-heal|p2a: Ting-Lu|17\/100|[from] item: Leftovers\n|upkeep\n|\n|t:|1699589855\n|switch|p1a: Cyclizar|Cyclizar, F|58\/100\n|turn|22\n|\n|t:|1699589861\n|move|p1a: Cyclizar|U-turn|p2a: Ting-Lu\n|-supereffective|p2a: Ting-Lu\n|-damage|p2a: Ting-Lu|1\/100\n|move|p2a: Ting-Lu|Earthquake|p1a: Cyclizar\n|-damage|p1a: Cyclizar|0 fnt\n|faint|p1a: Cyclizar\n|\n|win|SquidSpring\n|raw|coomploud's rating: 1131 &rarr; <strong>1119<\/strong><br \/>(-12 for losing)\n|raw|SquidSpring's rating: 1329 &rarr; <strong>1339<\/strong><br \/>(+10 for winning)\n|c|\u2606SquidSpring|gg\n|c|\u2606SquidSpring|oml\n|l|\u2606coomploud\n|c|\u2606SquidSpring|LMAO\n","uploadtime":1699589875,"views":17,"p1id":"coomploud","p2id":"squidspring","formatid":"gen9ubers","rating":1119,"private":0,"password":""}