{"id":"gen9ubers-1973607307","p1":"Blackoutz0","p2":"Deriverse","format":"[Gen 9] Ubers","log":"|j|\u2606Blackoutz0\n|j|\u2606Deriverse\n|t:|1697995602\n|gametype|singles\n|player|p1|Blackoutz0|red|1260\n|player|p2|Deriverse|roxanne|1186\n|teamsize|p1|6\n|teamsize|p2|6\n|gen|9\n|tier|[Gen 9] Ubers\n|rated|\n|rule|Sleep Clause Mod: Limit one foe put to sleep\n|rule|Species Clause: Limit one of each Pok\u00e9mon\n|rule|OHKO Clause: OHKO moves are banned\n|rule|Evasion Items Clause: Evasion items are banned\n|rule|Evasion Moves Clause: Evasion moves are banned\n|rule|Endless Battle Clause: Forcing endless battles is banned\n|rule|HP Percentage Mod: HP is shown in percentages\n|clearpoke\n|poke|p1|Eternatus|\n|poke|p1|Zacian-*|\n|poke|p1|Flutter Mane|\n|poke|p1|Arceus|\n|poke|p1|Groudon|\n|poke|p1|Cinderace, M|\n|poke|p2|Shaymin-Sky|\n|poke|p2|Flutter Mane|\n|poke|p2|Groudon|\n|poke|p2|Palafin, F|\n|poke|p2|Ribombee, F|\n|poke|p2|Great Tusk|\n|teampreview\n|inactive|Battle timer is ON: inactive players will automatically lose when time's up. (requested by Deriverse)\n|\n|t:|1697995619\n|start\n|switch|p1a: Cinderace|Cinderace, M|100\/100\n|switch|p2a: Ribombee|Ribombee, F|100\/100\n|turn|1\n|\n|t:|1697995627\n|move|p2a: Ribombee|Stun Spore|p1a: Cinderace|[miss]\n|-miss|p2a: Ribombee|p1a: Cinderace\n|move|p1a: Cinderace|Pyro Ball|p2a: Ribombee\n|-supereffective|p2a: Ribombee\n|-enditem|p2a: Ribombee|Focus Sash\n|-damage|p2a: Ribombee|1\/100\n|\n|upkeep\n|turn|2\n|\n|t:|1697995634\n|move|p2a: Ribombee|Stun Spore|p1a: Cinderace\n|-status|p1a: Cinderace|par\n|cant|p1a: Cinderace|par\n|\n|upkeep\n|turn|3\n|\n|t:|1697995641\n|switch|p2a: Groudon|Groudon|100\/100\n|-weather|SunnyDay|[from] ability: Drought|[of] p2a: Groudon\n|move|p1a: Cinderace|Trailblaze|p2a: Groudon\n|-start|p1a: Cinderace|typechange|Grass|[from] ability: Libero\n|-supereffective|p2a: Groudon\n|-damage|p2a: Groudon|64\/100\n|-boost|p1a: Cinderace|spe|1\n|\n|-weather|SunnyDay|[upkeep]\n|upkeep\n|turn|4\n|\n|t:|1697995653\n|cant|p1a: Cinderace|par\n|move|p2a: Groudon|Heat Crash|p1a: Cinderace\n|-supereffective|p1a: Cinderace\n|-damage|p1a: Cinderace|0 fnt\n|faint|p1a: Cinderace\n|\n|-weather|SunnyDay|[upkeep]\n|upkeep\n|\n|t:|1697995665\n|switch|p1a: Arceus|Arceus|100\/100\n|turn|5\n|\n|t:|1697995671\n|move|p1a: Arceus|Swords Dance|p1a: Arceus\n|-boost|p1a: Arceus|atk|2\n|move|p2a: Groudon|Precipice Blades|p1a: Arceus\n|-damage|p1a: Arceus|39\/100\n|\n|-weather|SunnyDay|[upkeep]\n|upkeep\n|turn|6\n|\n|t:|1697995677\n|move|p1a: Arceus|Extreme Speed|p2a: Groudon\n|-damage|p2a: Groudon|13\/100\n|move|p2a: Groudon|Precipice Blades|p1a: Arceus\n|-damage|p1a: Arceus|0 fnt\n|faint|p1a: Arceus\n|\n|-weather|SunnyDay|[upkeep]\n|upkeep\n|\n|t:|1697995689\n|switch|p1a: Flutter Mane|Flutter Mane|100\/100\n|-activate|p1a: Flutter Mane|ability: Protosynthesis\n|-start|p1a: Flutter Mane|protosynthesisspa\n|turn|7\n|\n|t:|1697995702\n|move|p1a: Flutter Mane|Shadow Ball|p2a: Groudon\n|-damage|p2a: Groudon|0 fnt\n|faint|p2a: Groudon\n|\n|-weather|SunnyDay|[upkeep]\n|upkeep\n|\n|t:|1697995712\n|switch|p2a: Flutter Mane|Flutter Mane|100\/100\n|-activate|p2a: Flutter Mane|ability: Protosynthesis\n|-start|p2a: Flutter Mane|protosynthesisspe\n|turn|8\n|\n|t:|1697995723\n|-terastallize|p2a: Flutter Mane|Ghost\n|-terastallize|p1a: Flutter Mane|Fire\n|move|p2a: Flutter Mane|Shadow Ball|p1a: Flutter Mane\n|-damage|p1a: Flutter Mane|38\/100\n|move|p1a: Flutter Mane|Shadow Ball|p2a: Flutter Mane\n|-supereffective|p2a: Flutter Mane\n|-damage|p2a: Flutter Mane|0 fnt\n|faint|p2a: Flutter Mane\n|-end|p2a: Flutter Mane|Protosynthesis|[silent]\n|\n|-weather|SunnyDay|[upkeep]\n|-heal|p1a: Flutter Mane|44\/100|[from] item: Leftovers\n|upkeep\n|\n|t:|1697995734\n|switch|p2a: Palafin|Palafin, F|100\/100\n|turn|9\n|\n|t:|1697995742\n|-end|p1a: Flutter Mane|Protosynthesis|[silent]\n|switch|p1a: Eternatus|Eternatus|100\/100\n|-ability|p1a: Eternatus|Pressure\n|move|p2a: Palafin|Jet Punch|p1a: Eternatus\n|-resisted|p1a: Eternatus\n|-damage|p1a: Eternatus|96\/100\n|\n|-weather|SunnyDay|[upkeep]\n|-heal|p1a: Eternatus|100\/100|[from] item: Leftovers\n|upkeep\n|turn|10\n|\n|t:|1697995752\n|detailschange|p2a: Palafin|Palafin-Hero, F\n|switch|p2a: Great Tusk|Great Tusk|100\/100\n|-activate|p2a: Great Tusk|ability: Protosynthesis\n|-start|p2a: Great Tusk|protosynthesisatk\n|move|p1a: Eternatus|Toxic Spikes|p2a: Great Tusk\n|-sidestart|p2: Deriverse|move: Toxic Spikes\n|\n|-weather|none\n|-end|p2a: Great Tusk|Protosynthesis\n|upkeep\n|turn|11\n|\n|t:|1697995766\n|move|p1a: Eternatus|Dynamax Cannon|p2a: Great Tusk\n|-damage|p2a: Great Tusk|28\/100\n|move|p2a: Great Tusk|Rapid Spin|p1a: Eternatus\n|-damage|p1a: Eternatus|86\/100\n|-boost|p2a: Great Tusk|spe|1\n|-sideend|p2: Deriverse|Toxic Spikes|[from] move: Rapid Spin|[of] p2a: Great Tusk\n|\n|-heal|p1a: Eternatus|92\/100|[from] item: Leftovers\n|upkeep\n|turn|12\n|\n|t:|1697995775\n|move|p1a: Eternatus|Dynamax Cannon|p2a: Great Tusk\n|-crit|p2a: Great Tusk\n|-damage|p2a: Great Tusk|0 fnt\n|faint|p2a: Great Tusk\n|-end|p2a: Great Tusk|Protosynthesis|[silent]\n|\n|-heal|p1a: Eternatus|99\/100|[from] item: Leftovers\n|upkeep\n|\n|t:|1697995779\n|switch|p2a: Ribombee|Ribombee, F|1\/100\n|turn|13\n|\n|t:|1697995784\n|move|p2a: Ribombee|Sticky Web|p1a: Eternatus\n|-sidestart|p1: Blackoutz0|move: Sticky Web\n|move|p1a: Eternatus|Toxic Spikes|p2a: Ribombee\n|-sidestart|p2: Deriverse|move: Toxic Spikes\n|\n|-heal|p1a: Eternatus|100\/100|[from] item: Leftovers\n|upkeep\n|turn|14\n|\n|t:|1697995803\n|move|p2a: Ribombee|Stun Spore|p1a: Eternatus\n|-status|p1a: Eternatus|par\n|move|p1a: Eternatus|Flamethrower|p2a: Ribombee\n|-supereffective|p2a: Ribombee\n|-damage|p2a: Ribombee|0 fnt\n|faint|p2a: Ribombee\n|\n|upkeep\n|\n|t:|1697995811\n|switch|p2a: Shaymin|Shaymin-Sky|100\/100\n|turn|15\n|\n|t:|1697995815\n|move|p2a: Shaymin|Air Slash|p1a: Eternatus\n|-damage|p1a: Eternatus|73\/100 par\n|cant|p1a: Eternatus|flinch\n|\n|-heal|p1a: Eternatus|80\/100 par|[from] item: Leftovers\n|upkeep\n|turn|16\n|\n|t:|1697995821\n|move|p2a: Shaymin|Air Slash|p1a: Eternatus\n|-damage|p1a: Eternatus|51\/100 par\n|cant|p1a: Eternatus|flinch\n|\n|-heal|p1a: Eternatus|58\/100 par|[from] item: Leftovers\n|upkeep\n|turn|17\n|\n|t:|1697995829\n|move|p2a: Shaymin|Air Slash|p1a: Eternatus\n|-damage|p1a: Eternatus|30\/100 par\n|cant|p1a: Eternatus|flinch\n|\n|-heal|p1a: Eternatus|36\/100 par|[from] item: Leftovers\n|upkeep\n|turn|18\n|-activate|p2a: Shaymin|item: Quick Claw\n|\n|t:|1697995836\n|move|p2a: Shaymin|Earth Power|p1a: Eternatus\n|-supereffective|p1a: Eternatus\n|-damage|p1a: Eternatus|0 fnt\n|faint|p1a: Eternatus\n|\n|upkeep\n|\n|t:|1697995848\n|switch|p1a: Groudon|Groudon|100\/100\n|-activate|p1a: Groudon|move: Sticky Web\n|-unboost|p1a: Groudon|spe|1\n|-weather|SunnyDay|[from] ability: Drought|[of] p1a: Groudon\n|turn|19\n|-activate|p2a: Shaymin|item: Quick Claw\n|\n|t:|1697995859\n|move|p2a: Shaymin|Air Slash|p1a: Groudon\n|-damage|p1a: Groudon|63\/100\n|move|p1a: Groudon|Smack Down|p2a: Shaymin\n|-supereffective|p2a: Shaymin\n|-crit|p2a: Shaymin\n|-damage|p2a: Shaymin|24\/100\n|-start|p2a: Shaymin|Smack Down\n|\n|-weather|SunnyDay|[upkeep]\n|-heal|p1a: Groudon|69\/100|[from] item: Leftovers\n|upkeep\n|turn|20\n|\n|t:|1697995870\n|move|p2a: Shaymin|Seed Flare|p1a: Groudon\n|-supereffective|p1a: Groudon\n|-damage|p1a: Groudon|0 fnt\n|faint|p1a: Groudon\n|\n|-weather|SunnyDay|[upkeep]\n|upkeep\n|\n|t:|1697995876\n|switch|p1a: Flutter Mane|Flutter Mane, tera:Fire|44\/100\n|-activate|p1a: Flutter Mane|move: Sticky Web\n|-unboost|p1a: Flutter Mane|spe|1\n|-activate|p1a: Flutter Mane|ability: Protosynthesis\n|-start|p1a: Flutter Mane|protosynthesisspa\n|turn|21\n|\n|t:|1697995884\n|move|p2a: Shaymin|Earth Power|p1a: Flutter Mane\n|-supereffective|p1a: Flutter Mane\n|-damage|p1a: Flutter Mane|0 fnt\n|faint|p1a: Flutter Mane\n|-end|p1a: Flutter Mane|Protosynthesis|[silent]\n|\n|-weather|SunnyDay|[upkeep]\n|upkeep\n|\n|t:|1697995890\n|switch|p1a: Zacian|Zacian-Crowned|100\/100\n|-activate|p1a: Zacian|move: Sticky Web\n|-unboost|p1a: Zacian|spe|1\n|-ability|p1a: Zacian|Intrepid Sword|boost\n|-boost|p1a: Zacian|atk|1\n|turn|22\n|\n|t:|1697995900\n|move|p2a: Shaymin|Air Slash|p1a: Zacian\n|-resisted|p1a: Zacian\n|-damage|p1a: Zacian|84\/100\n|cant|p1a: Zacian|flinch\n|\n|-weather|SunnyDay|[upkeep]\n|upkeep\n|turn|23\n|\n|t:|1697995906\n|move|p2a: Shaymin|Air Slash|p1a: Zacian\n|-resisted|p1a: Zacian\n|-damage|p1a: Zacian|66\/100\n|cant|p1a: Zacian|flinch\n|\n|-weather|none\n|upkeep\n|turn|24\n|\n|t:|1697995911\n|move|p2a: Shaymin|Earth Power|p1a: Zacian\n|-supereffective|p1a: Zacian\n|-damage|p1a: Zacian|8\/100\n|move|p1a: Zacian|Poison Jab|p2a: Shaymin\n|-supereffective|p2a: Shaymin\n|-damage|p2a: Shaymin|0 fnt\n|faint|p2a: Shaymin\n|\n|upkeep\n|\n|t:|1697995917\n|switch|p2a: Palafin|Palafin-Hero, F|100\/100\n|-status|p2a: Palafin|psn\n|-activate|p2a: Palafin|ability: Zero to Hero\n|turn|25\n|\n|t:|1697995925\n|move|p2a: Palafin|Jet Punch|p1a: Zacian\n|-damage|p1a: Zacian|0 fnt\n|faint|p1a: Zacian\n|\n|win|Deriverse\n|raw|Blackoutz0's rating: 1260 &rarr; <strong>1230<\/strong><br \/>(-30 for losing)\n|raw|Deriverse's rating: 1186 &rarr; <strong>1216<\/strong><br \/>(+30 for winning)\n","uploadtime":1697995932,"views":14,"p1id":"blackoutz0","p2id":"deriverse","formatid":"gen9ubers","rating":1216,"private":0,"password":""}