{"id":"gen9ubers-1994050725","p1":"Anzeek","p2":"WhiteAmfiny","format":"[Gen 9] Ubers","log":"|j|\u2606Anzeek\n|j|\u2606WhiteAmfiny\n|t:|1700400004\n|gametype|singles\n|player|p1|Anzeek|ghetsis-gen5bw|\n|player|p2|WhiteAmfiny|backersf|\n|teamsize|p1|6\n|teamsize|p2|6\n|gen|9\n|tier|[Gen 9] Ubers\n|rule|Sleep Clause Mod: Limit one foe put to sleep\n|rule|Species Clause: Limit one of each Pok\u00e9mon\n|rule|OHKO Clause: OHKO moves are banned\n|rule|Evasion Items Clause: Evasion items are banned\n|rule|Evasion Moves Clause: Evasion moves are banned\n|rule|Endless Battle Clause: Forcing endless battles is banned\n|rule|HP Percentage Mod: HP is shown in percentages\n|clearpoke\n|poke|p1|Palafin, F|\n|poke|p1|Regieleki|\n|poke|p1|Ogerpon-Wellspring, F|\n|poke|p1|Forretress, F|\n|poke|p1|Flutter Mane|\n|poke|p1|Urshifu-*, M|\n|poke|p2|Toxapex, M|\n|poke|p2|Arceus-Fairy|\n|poke|p2|Zapdos-Galar|\n|poke|p2|Groudon|\n|poke|p2|Vikavolt, M|\n|poke|p2|Arcanine-Hisui, M|\n|teampreview\n|c|\u2606WhiteAmfiny|hf\n|c|\u2606Anzeek|hf\n|\n|t:|1700400079\n|start\n|switch|p1a: Urshifu|Urshifu, M|100\/100\n|switch|p2a: Zapdos|Zapdos-Galar|100\/100\n|turn|1\n|\n|t:|1700400127\n|switch|p1a: Forretress|Forretress, F|100\/100\n|move|p2a: Zapdos|U-turn|p1a: Forretress\n|-resisted|p1a: Forretress\n|-damage|p1a: Forretress|93\/100\n|-damage|p2a: Zapdos|84\/100|[from] item: Rocky Helmet|[of] p1a: Forretress\n|\n|t:|1700400139\n|switch|p2a: Groudon|Groudon|100\/100|[from] U-turn\n|-weather|SunnyDay|[from] ability: Drought|[of] p2a: Groudon\n|\n|-weather|SunnyDay|[upkeep]\n|upkeep\n|turn|2\n|c|\u2606Anzeek|darf jemand zuschauen?\n|c|\u2606WhiteAmfiny|klar\n|\n|t:|1700400302\n|move|p2a: Groudon|Substitute|p2a: Groudon\n|-start|p2a: Groudon|Substitute\n|-damage|p2a: Groudon|76\/100\n|move|p1a: Forretress|Gyro Ball|p2a: Groudon\n|-activate|p2a: Groudon|move: Substitute|[damage]\n|\n|-weather|SunnyDay|[upkeep]\n|-heal|p2a: Groudon|82\/100|[from] item: Leftovers\n|upkeep\n|turn|3\n|\n|t:|1700400355\n|move|p2a: Groudon|Bulk Up|p2a: Groudon\n|-boost|p2a: Groudon|atk|1\n|-boost|p2a: Groudon|def|1\n|move|p1a: Forretress|Gyro Ball|p2a: Groudon\n|-activate|p2a: Groudon|move: Substitute|[damage]\n|\n|-weather|SunnyDay|[upkeep]\n|-heal|p2a: Groudon|88\/100|[from] item: Leftovers\n|upkeep\n|turn|4\n|j| jakomo_h\n|c| jakomo_h|Hf\n|c|\u2606Anzeek|danke xD\n|\n|t:|1700400442\n|move|p2a: Groudon|Fire Punch|p1a: Forretress\n|-supereffective|p1a: Forretress\n|-damage|p1a: Forretress|0 fnt\n|-damage|p2a: Groudon|71\/100|[from] item: Rocky Helmet|[of] p1a: Forretress\n|faint|p1a: Forretress\n|\n|-weather|SunnyDay|[upkeep]\n|-heal|p2a: Groudon|78\/100|[from] item: Leftovers\n|upkeep\n|\n|t:|1700400494\n|switch|p1a: Urshifu|Urshifu, M|100\/100\n|turn|5\n|c| jakomo_h|Amfi wird dich wie ein raupy zertreten.\n|c| jakomo_h|Ab jetzt bin ich ruhig\n|\n|t:|1700400516\n|move|p1a: Urshifu|Wicked Blow|p2a: Groudon\n|-crit|p2a: Groudon\n|-end|p2a: Groudon|Substitute\n|move|p2a: Groudon|Earthquake|p1a: Urshifu\n|-damage|p1a: Urshifu|3\/100\n|\n|-weather|none\n|-heal|p2a: Groudon|84\/100|[from] item: Leftovers\n|upkeep\n|turn|6\n|c|\u2606Anzeek|Ruhe aus dem M\u00fclleimer\n|c| jakomo_h|*sofa\n|\n|t:|1700400564\n|move|p1a: Urshifu|Wicked Blow|p2a: Groudon\n|-crit|p2a: Groudon\n|-damage|p2a: Groudon|39\/100\n|move|p2a: Groudon|Fire Punch|p1a: Urshifu\n|-damage|p1a: Urshifu|0 fnt\n|faint|p1a: Urshifu\n|\n|-heal|p2a: Groudon|45\/100|[from] item: Leftovers\n|upkeep\n|\n|t:|1700400596\n|switch|p1a: Ogerpon|Ogerpon-Wellspring, F|100\/100\n|turn|7\n|\n|t:|1700400632\n|switch|p2a: Toxapex|Toxapex, M, shiny|100\/100\n|move|p1a: Ogerpon|Ivy Cudgel|p2a: Toxapex|[anim] Ivy Cudgel Water\n|-resisted|p2a: Toxapex\n|-damage|p2a: Toxapex|83\/100\n|\n|-heal|p2a: Toxapex|89\/100|[from] item: Black Sludge\n|upkeep\n|turn|8\n|\n|t:|1700400663\n|move|p1a: Ogerpon|Leech Seed|p2a: Toxapex\n|-start|p2a: Toxapex|move: Leech Seed\n|move|p2a: Toxapex|Sludge Bomb|p1a: Ogerpon\n|-supereffective|p1a: Ogerpon\n|-damage|p1a: Ogerpon|61\/100\n|\n|-heal|p2a: Toxapex|95\/100|[from] item: Black Sludge\n|-damage|p2a: Toxapex|83\/100|[from] Leech Seed|[of] p1a: Ogerpon\n|-heal|p1a: Ogerpon|72\/100|[silent]\n|upkeep\n|turn|9\n|\n|t:|1700400688\n|move|p1a: Ogerpon|Horn Leech|p2a: Toxapex\n|-damage|p2a: Toxapex|55\/100\n|-heal|p1a: Ogerpon|86\/100|[from] drain|[of] p2a: Toxapex\n|move|p2a: Toxapex|Chilling Water|p1a: Ogerpon\n|-heal|p1a: Ogerpon|100\/100|[from] ability: Water Absorb|[of] p2a: Toxapex\n|\n|-heal|p2a: Toxapex|61\/100|[from] item: Black Sludge\n|-damage|p2a: Toxapex|48\/100|[from] Leech Seed|[of] p1a: Ogerpon\n|upkeep\n|turn|10\n|c|\u2606WhiteAmfiny|Ich vergass\n|c|\u2606WhiteAmfiny|Ups\n|\n|t:|1700400708\n|move|p2a: Toxapex|Baneful Bunker|p2a: Toxapex\n|-singleturn|p2a: Toxapex|move: Protect\n|move|p1a: Ogerpon|Stomping Tantrum|p2a: Toxapex\n|-activate|p2a: Toxapex|move: Protect\n|-status|p1a: Ogerpon|psn\n|\n|-heal|p2a: Toxapex|54\/100|[from] item: Black Sludge\n|-damage|p2a: Toxapex|42\/100|[from] Leech Seed|[of] p1a: Ogerpon\n|-damage|p1a: Ogerpon|88\/100 psn|[from] psn\n|upkeep\n|turn|11\n|\n|t:|1700400829\n|switch|p1a: Regieleki|Regieleki|100\/100\n|switch|p2a: Zapdos|Zapdos-Galar|84\/100\n|\n|upkeep\n|turn|12\n|\n|t:|1700400880\n|switch|p1a: Ogerpon|Ogerpon-Wellspring, F|88\/100 psn\n|switch|p2a: Arceus|Arceus-Fairy|100\/100\n|\n|-damage|p1a: Ogerpon|76\/100 psn|[from] psn\n|upkeep\n|turn|13\n|\n|t:|1700400939\n|move|p1a: Ogerpon|Leech Seed|p2a: Arceus\n|-start|p2a: Arceus|move: Leech Seed\n|move|p2a: Arceus|Judgment|p1a: Ogerpon\n|-damage|p1a: Ogerpon|23\/100 psn\n|\n|-damage|p2a: Arceus|88\/100|[from] Leech Seed|[of] p1a: Ogerpon\n|-heal|p1a: Ogerpon|40\/100 psn|[silent]\n|-damage|p1a: Ogerpon|28\/100 psn|[from] psn\n|upkeep\n|turn|14\n|\n|t:|1700401007\n|switch|p1a: Flutter Mane|Flutter Mane|100\/100\n|switch|p2a: Toxapex|Toxapex, M, shiny|75\/100\n|\n|-heal|p2a: Toxapex|81\/100|[from] item: Black Sludge\n|upkeep\n|turn|15\n|\n|t:|1700401064\n|move|p1a: Flutter Mane|Calm Mind|p1a: Flutter Mane\n|-boost|p1a: Flutter Mane|spa|1\n|-boost|p1a: Flutter Mane|spd|1\n|move|p2a: Toxapex|Sludge Bomb|p1a: Flutter Mane\n|-damage|p1a: Flutter Mane|90\/100\n|\n|-heal|p1a: Flutter Mane|96\/100|[from] item: Leftovers\n|-heal|p2a: Toxapex|87\/100|[from] item: Black Sludge\n|upkeep\n|turn|16\n|\n|t:|1700401109\n|switch|p2a: Vikavolt|Vikavolt, M, shiny|100\/100\n|move|p1a: Flutter Mane|Shadow Ball|p2a: Vikavolt\n|-damage|p2a: Vikavolt|37\/100\n|\n|-heal|p1a: Flutter Mane|100\/100|[from] item: Leftovers\n|upkeep\n|turn|17\n|\n|t:|1700401117\n|move|p1a: Flutter Mane|Shadow Ball|p2a: Vikavolt\n|-damage|p2a: Vikavolt|0 fnt\n|faint|p2a: Vikavolt\n|\n|upkeep\n|\n|t:|1700401121\n|switch|p2a: Zapdos|Zapdos-Galar|84\/100\n|turn|18\n|\n|t:|1700401151\n|-end|p1a: Flutter Mane|Protosynthesis|[silent]\n|switch|p1a: Regieleki|Regieleki|100\/100\n|-terastallize|p2a: Zapdos|Steel\n|move|p2a: Zapdos|Brave Bird|p1a: Regieleki\n|-resisted|p1a: Regieleki\n|-damage|p1a: Regieleki|39\/100\n|-damage|p2a: Zapdos|66\/100|[from] Recoil\n|\n|upkeep\n|turn|19\n|\n|t:|1700401198\n|switch|p2a: Arceus|Arceus-Fairy|88\/100\n|move|p1a: Regieleki|Thunderbolt|p2a: Arceus\n|-damage|p2a: Arceus|53\/100\n|-damage|p1a: Regieleki|29\/100|[from] item: Life Orb\n|\n|upkeep\n|turn|20\n|\n|t:|1700401225\n|move|p1a: Regieleki|Volt Switch|p2a: Arceus\n|-damage|p2a: Arceus|25\/100\n|-damage|p1a: Regieleki|19\/100|[from] item: Life Orb\n|\n|t:|1700401230\n|switch|p1a: Ogerpon|Ogerpon-Wellspring, F|28\/100 psn|[from] Volt Switch\n|move|p2a: Arceus|Recover|p2a: Arceus\n|-heal|p2a: Arceus|75\/100\n|\n|-damage|p1a: Ogerpon|15\/100 psn|[from] psn\n|upkeep\n|turn|21\n|\n|t:|1700401246\n|move|p1a: Ogerpon|Leech Seed|p2a: Arceus\n|-start|p2a: Arceus|move: Leech Seed\n|move|p2a: Arceus|Calm Mind|p2a: Arceus\n|-boost|p2a: Arceus|spa|1\n|-boost|p2a: Arceus|spd|1\n|\n|-damage|p2a: Arceus|63\/100|[from] Leech Seed|[of] p1a: Ogerpon\n|-heal|p1a: Ogerpon|32\/100 psn|[silent]\n|-damage|p1a: Ogerpon|20\/100 psn|[from] psn\n|upkeep\n|turn|22\n|\n|t:|1700401262\n|switch|p1a: Palafin|Palafin, F|100\/100\n|move|p2a: Arceus|Judgment|p1a: Palafin\n|-damage|p1a: Palafin|23\/100\n|\n|-damage|p2a: Arceus|50\/100|[from] Leech Seed|[of] p1a: Palafin\n|-heal|p1a: Palafin|39\/100|[silent]\n|upkeep\n|turn|23\n|\n|t:|1700401302\n|move|p2a: Arceus|Judgment|p1a: Palafin\n|-damage|p1a: Palafin|0 fnt\n|faint|p1a: Palafin\n|\n|upkeep\n|\n|t:|1700401348\n|switch|p1a: Ogerpon|Ogerpon-Wellspring, F|20\/100 psn\n|turn|24\n|\n|t:|1700401379\n|move|p1a: Ogerpon|Ivy Cudgel|p2a: Arceus|[anim] Ivy Cudgel Water\n|-damage|p2a: Arceus|12\/100\n|move|p2a: Arceus|Judgment|p1a: Ogerpon\n|-damage|p1a: Ogerpon|0 fnt\n|faint|p1a: Ogerpon\n|\n|upkeep\n|\n|t:|1700401396\n|switch|p1a: Flutter Mane|Flutter Mane|100\/100\n|turn|25\n|\n|t:|1700401405\n|move|p1a: Flutter Mane|Shadow Ball|p2a: Arceus\n|-damage|p2a: Arceus|0 fnt\n|faint|p2a: Arceus\n|\n|upkeep\n|\n|t:|1700401408\n|switch|p2a: Zapdos|Zapdos-Galar, tera:Steel|66\/100\n|turn|26\n|\n|t:|1700401426\n|move|p2a: Zapdos|Tera Blast|p1a: Flutter Mane|[anim] Tera Blast Steel\n|-supereffective|p1a: Flutter Mane\n|-damage|p1a: Flutter Mane|0 fnt\n|faint|p1a: Flutter Mane\n|-end|p1a: Flutter Mane|Protosynthesis|[silent]\n|\n|upkeep\n|\n|t:|1700401429\n|switch|p1a: Regieleki|Regieleki|19\/100\n|turn|27\n|\n|t:|1700401432\n|switch|p2a: Groudon|Groudon|45\/100\n|-weather|SunnyDay|[from] ability: Drought|[of] p2a: Groudon\n|move|p1a: Regieleki|Rapid Spin|p2a: Groudon\n|-damage|p2a: Groudon|36\/100\n|-boost|p1a: Regieleki|spe|1\n|-damage|p1a: Regieleki|9\/100|[from] item: Life Orb\n|\n|-weather|SunnyDay|[upkeep]\n|-heal|p2a: Groudon|42\/100|[from] item: Leftovers\n|upkeep\n|turn|28\n|c|\u2606Anzeek|gg\n|\n|t:|1700401444\n|move|p1a: Regieleki|Electro Ball|p2a: Groudon\n|-immune|p2a: Groudon\n|move|p2a: Groudon|Earthquake|p1a: Regieleki\n|-supereffective|p1a: Regieleki\n|-damage|p1a: Regieleki|0 fnt\n|faint|p1a: Regieleki\n|\n|win|WhiteAmfiny\n|c|\u2606WhiteAmfiny|gg\n","uploadtime":1700401453,"views":6,"p1id":"anzeek","p2id":"whiteamfiny","formatid":"gen9ubers","rating":0,"private":0,"password":""}