{"id":"gen9ubers-1975918629","p1":"didact_re","p2":"1kg","format":"[Gen 9] Ubers","log":"|j|\u2606didact_re\n|j|\u26061kg\n|t:|1698249148\n|gametype|singles\n|player|p1|didact_re|morty-masters|1093\n|player|p2|1kg|interviewers|1070\n|teamsize|p1|6\n|teamsize|p2|6\n|gen|9\n|tier|[Gen 9] Ubers\n|rated|\n|rule|Sleep Clause Mod: Limit one foe put to sleep\n|rule|Species Clause: Limit one of each Pok\u00e9mon\n|rule|OHKO Clause: OHKO moves are banned\n|rule|Evasion Items Clause: Evasion items are banned\n|rule|Evasion Moves Clause: Evasion moves are banned\n|rule|Endless Battle Clause: Forcing endless battles is banned\n|rule|HP Percentage Mod: HP is shown in percentages\n|clearpoke\n|poke|p1|Glimmora, F|\n|poke|p1|Gothitelle, F|\n|poke|p1|Basculegion, M|\n|poke|p1|Pawmot, F|\n|poke|p1|Annihilape, F|\n|poke|p1|Typhlosion-Hisui, M|\n|poke|p2|Eternatus|\n|poke|p2|Zacian-*|\n|poke|p2|Gliscor, M|\n|poke|p2|Slowking-Galar, F|\n|poke|p2|Urshifu-*, M|\n|poke|p2|Chien-Pao|\n|teampreview\n|inactive|Battle timer is ON: inactive players will automatically lose when time's up. (requested by 1kg)\n|\n|t:|1698249171\n|start\n|switch|p1a: Glimmora|Glimmora, F|100\/100\n|switch|p2a: Slowking|Slowking-Galar, F|100\/100\n|-item|p1a: Glimmora|Air Balloon\n|turn|1\n|\n|t:|1698249183\n|move|p1a: Glimmora|Stealth Rock|p2a: Slowking\n|-sidestart|p2: 1kg|move: Stealth Rock\n|move|p2a: Slowking|Psyshock|p1a: Glimmora\n|-supereffective|p1a: Glimmora\n|-damage|p1a: Glimmora|0 fnt\n|-enditem|p1a: Glimmora|Air Balloon\n|faint|p1a: Glimmora\n|\n|upkeep\n|\n|t:|1698249193\n|switch|p1a: Typhlosion|Typhlosion-Hisui, M|100\/100\n|turn|2\n|\n|t:|1698249199\n|-terastallize|p1a: Typhlosion|Fire\n|move|p1a: Typhlosion|Eruption|p2a: Slowking\n|-damage|p2a: Slowking|16\/100\n|move|p2a: Slowking|Chilly Reception|p2a: Slowking\n|-weather|Snow\n|\n|t:|1698249224\n|switch|p2a: Eternatus|Eternatus|100\/100|[from] Chilly Reception\n|-damage|p2a: Eternatus|88\/100|[from] Stealth Rock\n|-ability|p2a: Eternatus|Pressure\n|\n|-weather|Snow|[upkeep]\n|-heal|p2a: Eternatus|94\/100|[from] item: Leftovers\n|upkeep\n|turn|3\n|\n|t:|1698249239\n|move|p1a: Typhlosion|Eruption|p2a: Eternatus\n|-resisted|p2a: Eternatus\n|-damage|p2a: Eternatus|56\/100\n|move|p2a: Eternatus|Dynamax Cannon|p1a: Typhlosion\n|-damage|p1a: Typhlosion|12\/100\n|\n|-weather|Snow|[upkeep]\n|-heal|p2a: Eternatus|62\/100|[from] item: Leftovers\n|upkeep\n|turn|4\n|\n|t:|1698249253\n|switch|p1a: Gothitelle|Gothitelle, F|100\/100\n|move|p2a: Eternatus|Sludge Bomb|p1a: Gothitelle\n|-damage|p1a: Gothitelle|46\/100\n|\n|-weather|Snow|[upkeep]\n|-heal|p2a: Eternatus|69\/100|[from] item: Leftovers\n|-heal|p1a: Gothitelle|52\/100|[from] item: Leftovers\n|upkeep\n|turn|5\n|\n|t:|1698249265\n|move|p2a: Eternatus|Dynamax Cannon|p1a: Gothitelle\n|-damage|p1a: Gothitelle|0 fnt\n|faint|p1a: Gothitelle\n|\n|-weather|Snow|[upkeep]\n|-heal|p2a: Eternatus|75\/100|[from] item: Leftovers\n|upkeep\n|\n|t:|1698249278\n|switch|p1a: Annihilape|Annihilape, F|100\/100\n|turn|6\n|inactive|1kg has 120 seconds left.\n|\n|t:|1698249300\n|move|p2a: Eternatus|Sludge Bomb|p1a: Annihilape\n|-resisted|p1a: Annihilape\n|-damage|p1a: Annihilape|76\/100\n|move|p1a: Annihilape|Bulk Up|p1a: Annihilape\n|-boost|p1a: Annihilape|atk|1\n|-boost|p1a: Annihilape|def|1\n|\n|-weather|none\n|-heal|p2a: Eternatus|81\/100|[from] item: Leftovers\n|-heal|p1a: Annihilape|82\/100|[from] item: Leftovers\n|upkeep\n|turn|7\n|\n|t:|1698249312\n|move|p2a: Eternatus|Sludge Bomb|p1a: Annihilape\n|-resisted|p1a: Annihilape\n|-damage|p1a: Annihilape|58\/100\n|move|p1a: Annihilape|Bulk Up|p1a: Annihilape\n|-boost|p1a: Annihilape|atk|1\n|-boost|p1a: Annihilape|def|1\n|\n|-heal|p2a: Eternatus|87\/100|[from] item: Leftovers\n|-heal|p1a: Annihilape|64\/100|[from] item: Leftovers\n|upkeep\n|turn|8\n|\n|t:|1698249323\n|move|p2a: Eternatus|Dynamax Cannon|p1a: Annihilape\n|-damage|p1a: Annihilape|12\/100\n|move|p1a: Annihilape|Rage Fist|p2a: Eternatus\n|-damage|p2a: Eternatus|0 fnt\n|faint|p2a: Eternatus\n|\n|-heal|p1a: Annihilape|18\/100|[from] item: Leftovers\n|upkeep\n|inactive|1kg has 120 seconds left.\n|\n|t:|1698249345\n|switch|p2a: Zacian|Zacian-Crowned, shiny|100\/100\n|-damage|p2a: Zacian|94\/100|[from] Stealth Rock\n|-ability|p2a: Zacian|Intrepid Sword|boost\n|-boost|p2a: Zacian|atk|1\n|turn|9\n|inactive|1kg has 120 seconds left.\n|\n|t:|1698249361\n|move|p2a: Zacian|Sacred Sword|p1a: Annihilape\n|-immune|p1a: Annihilape\n|move|p1a: Annihilape|Rage Fist|p2a: Zacian\n|-damage|p2a: Zacian|0 fnt\n|faint|p2a: Zacian\n|\n|-heal|p1a: Annihilape|25\/100|[from] item: Leftovers\n|upkeep\n|c|\u26061kg|LORD\n|\n|t:|1698249369\n|switch|p2a: Urshifu|Urshifu-Rapid-Strike, M|100\/100\n|-damage|p2a: Urshifu|94\/100|[from] Stealth Rock\n|turn|10\n|inactive|1kg has 120 seconds left.\n|c|\u2606didact_re|MONKE\n|\n|t:|1698249378\n|move|p2a: Urshifu|Surging Strikes|p1a: Annihilape\n|-crit|p1a: Annihilape\n|-damage|p1a: Annihilape|0 fnt\n|faint|p1a: Annihilape\n|-hitcount|p1: Annihilape|1\n|\n|upkeep\n|\n|t:|1698249388\n|switch|p1a: Pawmot|Pawmot, F|100\/100\n|turn|11\n|\n|t:|1698249402\n|switch|p2a: Gliscor|Gliscor, M, shiny|100\/100\n|-damage|p2a: Gliscor|88\/100|[from] Stealth Rock\n|move|p1a: Pawmot|Revival Blessing|p1a: Pawmot\n|\n|t:|1698249409\n|-heal|p1: Annihilape|50\/100|[from] move: Revival Blessing\n|\n|-status|p2a: Gliscor|tox|[from] item: Toxic Orb\n|upkeep\n|turn|12\n|\n|t:|1698249418\n|move|p2a: Gliscor|Toxic Spikes|p1a: Pawmot\n|-sidestart|p1: didact_re|move: Toxic Spikes\n|move|p1a: Pawmot|Knock Off|p2a: Gliscor\n|-damage|p2a: Gliscor|62\/100 tox\n|-enditem|p2a: Gliscor|Toxic Orb|[from] move: Knock Off|[of] p1a: Pawmot\n|\n|-heal|p2a: Gliscor|74\/100 tox|[from] ability: Poison Heal\n|upkeep\n|turn|13\n|\n|t:|1698249428\n|move|p2a: Gliscor|Toxic Spikes|p1a: Pawmot\n|-sidestart|p1: didact_re|move: Toxic Spikes\n|move|p1a: Pawmot|Close Combat|p2a: Gliscor\n|-resisted|p2a: Gliscor\n|-damage|p2a: Gliscor|50\/100 tox\n|-unboost|p1a: Pawmot|def|1\n|-unboost|p1a: Pawmot|spd|1\n|\n|-heal|p2a: Gliscor|63\/100 tox|[from] ability: Poison Heal\n|upkeep\n|turn|14\n|\n|t:|1698249439\n|move|p2a: Gliscor|Knock Off|p1a: Pawmot\n|-resisted|p1a: Pawmot\n|-damage|p1a: Pawmot|71\/100\n|-enditem|p1a: Pawmot|Focus Sash|[from] move: Knock Off|[of] p2a: Gliscor\n|move|p1a: Pawmot|Close Combat|p2a: Gliscor\n|-resisted|p2a: Gliscor\n|-damage|p2a: Gliscor|38\/100 tox\n|-unboost|p1a: Pawmot|def|1\n|-unboost|p1a: Pawmot|spd|1\n|\n|-heal|p2a: Gliscor|50\/100 tox|[from] ability: Poison Heal\n|upkeep\n|turn|15\n|\n|t:|1698249451\n|move|p2a: Gliscor|Earthquake|p1a: Pawmot\n|-supereffective|p1a: Pawmot\n|-damage|p1a: Pawmot|0 fnt\n|faint|p1a: Pawmot\n|\n|-heal|p2a: Gliscor|63\/100 tox|[from] ability: Poison Heal\n|upkeep\n|\n|t:|1698249464\n|switch|p1a: Typhlosion|Typhlosion-Hisui, M, tera:Fire|12\/100\n|-status|p1a: Typhlosion|tox\n|turn|16\n|\n|t:|1698249478\n|move|p1a: Typhlosion|Flamethrower|p2a: Gliscor\n|-damage|p2a: Gliscor|0 fnt\n|faint|p2a: Gliscor\n|\n|-damage|p1a: Typhlosion|6\/100 tox|[from] psn\n|upkeep\n|\n|t:|1698249489\n|switch|p2a: Urshifu|Urshifu-Rapid-Strike, M|94\/100\n|-damage|p2a: Urshifu|88\/100|[from] Stealth Rock\n|turn|17\n|\n|t:|1698249494\n|move|p2a: Urshifu|Aqua Jet|p1a: Typhlosion\n|-supereffective|p1a: Typhlosion\n|-damage|p1a: Typhlosion|0 fnt\n|faint|p1a: Typhlosion\n|\n|upkeep\n|\n|t:|1698249500\n|switch|p1a: Annihilape|Annihilape, F|50\/100\n|-status|p1a: Annihilape|tox\n|turn|18\n|\n|t:|1698249510\n|switch|p2a: Slowking|Slowking-Galar, F|49\/100\n|-damage|p2a: Slowking|37\/100|[from] Stealth Rock\n|move|p1a: Annihilape|Rage Fist|p2a: Slowking\n|-supereffective|p2a: Slowking\n|-damage|p2a: Slowking|0 fnt\n|-damage|p1a: Annihilape|34\/100 tox|[from] item: Rocky Helmet|[of] p2a: Slowking\n|faint|p2a: Slowking\n|\n|-heal|p1a: Annihilape|40\/100 tox|[from] item: Leftovers\n|-damage|p1a: Annihilape|34\/100 tox|[from] psn\n|upkeep\n|\n|t:|1698249512\n|switch|p2a: Chien-Pao|Chien-Pao|100\/100\n|-damage|p2a: Chien-Pao|76\/100|[from] Stealth Rock\n|-ability|p2a: Chien-Pao|Sword of Ruin\n|turn|19\n|\n|t:|1698249530\n|move|p2a: Chien-Pao|Psychic Fangs|p1a: Annihilape\n|-supereffective|p1a: Annihilape\n|-damage|p1a: Annihilape|0 fnt\n|faint|p1a: Annihilape\n|\n|-heal|p2a: Chien-Pao|82\/100|[from] item: Leftovers\n|upkeep\n|c|\u26061kg|im praying tn\n|\n|t:|1698249538\n|switch|p1a: Basculegion|Basculegion, M|100\/100\n|-status|p1a: Basculegion|tox\n|turn|20\n|\n|t:|1698249545\n|-terastallize|p2a: Chien-Pao|Electric\n|move|p2a: Chien-Pao|Psychic Fangs|p1a: Basculegion\n|-damage|p1a: Basculegion|63\/100 tox\n|move|p1a: Basculegion|Last Respects|p2a: Chien-Pao\n|-damage|p2a: Chien-Pao|0 fnt\n|faint|p2a: Chien-Pao\n|\n|-damage|p1a: Basculegion|57\/100 tox|[from] psn\n|upkeep\n|\n|t:|1698249550\n|switch|p2a: Urshifu|Urshifu-Rapid-Strike, M|88\/100\n|-damage|p2a: Urshifu|82\/100|[from] Stealth Rock\n|turn|21\n|c|\u26061kg|well\n|c|\u26061kg|gg\n|\n|t:|1698249560\n|move|p2a: Urshifu|Surging Strikes|p1a: Basculegion\n|-resisted|p1a: Basculegion\n|-crit|p1a: Basculegion\n|-damage|p1a: Basculegion|44\/100 tox\n|-resisted|p1a: Basculegion\n|-crit|p1a: Basculegion\n|-damage|p1a: Basculegion|29\/100 tox\n|-resisted|p1a: Basculegion\n|-crit|p1a: Basculegion\n|-damage|p1a: Basculegion|16\/100 tox\n|-hitcount|p1a: Basculegion|3\n|move|p1a: Basculegion|Last Respects|p2a: Urshifu\n|-damage|p2a: Urshifu|0 fnt\n|faint|p2a: Urshifu\n|\n|win|didact_re\n|raw|didact_re's rating: 1093 &rarr; <strong>1117<\/strong><br \/>(+24 for winning)\n|raw|1kg's rating: 1070 &rarr; <strong>1051<\/strong><br \/>(-19 for losing)\n|c|\u2606didact_re|gg\n|l|\u26061kg\n","uploadtime":1698249585,"views":10,"p1id":"didactre","p2id":"1kg","formatid":"gen9ubers","rating":1051,"private":0,"password":""}