{"id":"gen9ubers-1985275328","p1":"CheesyLemming","p2":"Biffo Banana","format":"[Gen 9] Ubers","log":"|j|\u2606CheesyLemming\n|j|\u2606Biffo Banana\n|t:|1699358787\n|gametype|singles\n|player|p1|CheesyLemming|sage|\n|player|p2|Biffo Banana|volo|\n|teamsize|p1|6\n|teamsize|p2|6\n|gen|9\n|tier|[Gen 9] Ubers\n|rule|Sleep Clause Mod: Limit one foe put to sleep\n|rule|Species Clause: Limit one of each Pok\u00e9mon\n|rule|OHKO Clause: OHKO moves are banned\n|rule|Evasion Items Clause: Evasion items are banned\n|rule|Evasion Moves Clause: Evasion moves are banned\n|rule|Endless Battle Clause: Forcing endless battles is banned\n|rule|HP Percentage Mod: HP is shown in percentages\n|clearpoke\n|poke|p1|Ursaluna-Bloodmoon, M|\n|poke|p1|Sinistcha|\n|poke|p1|Mewtwo|\n|poke|p1|Annihilape, M|\n|poke|p1|Kingambit, M|\n|poke|p1|Palafin, M|\n|poke|p2|Iron Valiant|\n|poke|p2|Samurott-Hisui, F|\n|poke|p2|Gholdengo|\n|poke|p2|Zoroark-Hisui, F|\n|poke|p2|Zapdos|\n|poke|p2|Gliscor, F|\n|teampreview\n|\n|t:|1699358813\n|start\n|switch|p1a: Big eater|Annihilape, M|100\/100\n|switch|p2a: Glischemer|Gliscor, F|100\/100\n|turn|1\n|\n|t:|1699358850\n|-terastallize|p1a: Big eater|Fairy\n|move|p2a: Glischemer|Stealth Rock|p1a: Big eater\n|-sidestart|p1: CheesyLemming|move: Stealth Rock\n|move|p1a: Big eater|Bulk Up|p1a: Big eater\n|-boost|p1a: Big eater|atk|1\n|-boost|p1a: Big eater|def|1\n|\n|-status|p2a: Glischemer|tox|[from] item: Toxic Orb\n|upkeep\n|turn|2\n|\n|t:|1699358858\n|move|p2a: Glischemer|Toxic|p1a: Big eater\n|-status|p1a: Big eater|tox\n|move|p1a: Big eater|Taunt|p2a: Glischemer\n|-start|p2a: Glischemer|move: Taunt\n|\n|-damage|p1a: Big eater|94\/100 tox|[from] psn\n|upkeep\n|turn|3\n|\n|t:|1699358884\n|switch|p2a: Zapdevious|Zapdos|100\/100\n|move|p1a: Big eater|Bulk Up|p1a: Big eater\n|-boost|p1a: Big eater|atk|1\n|-boost|p1a: Big eater|def|1\n|\n|-heal|p1a: Big eater|100\/100 tox|[from] item: Leftovers\n|-damage|p1a: Big eater|88\/100 tox|[from] psn\n|upkeep\n|turn|4\n|\n|t:|1699358907\n|switch|p2a: Gholdemon|Gholdengo|100\/100\n|move|p1a: Big eater|Rage Fist|p2a: Gholdemon\n|-supereffective|p2a: Gholdemon\n|-damage|p2a: Gholdemon|10\/100\n|\n|-heal|p1a: Big eater|94\/100 tox|[from] item: Leftovers\n|-damage|p1a: Big eater|76\/100 tox|[from] psn\n|upkeep\n|turn|5\n|\n|t:|1699358915\n|move|p2a: Gholdemon|Make It Rain|p1a: Big eater\n|-supereffective|p1a: Big eater\n|-damage|p1a: Big eater|0 fnt\n|-unboost|p2a: Gholdemon|spa|1\n|faint|p1a: Big eater\n|\n|upkeep\n|\n|t:|1699358924\n|switch|p1a: Sinistcha|Sinistcha, shiny|100\/100\n|-damage|p1a: Sinistcha|88\/100|[from] Stealth Rock\n|turn|6\n|\n|t:|1699358935\n|switch|p2a: Zapdevious|Zapdos|100\/100\n|move|p1a: Sinistcha|Calm Mind|p1a: Sinistcha\n|-boost|p1a: Sinistcha|spa|1\n|-boost|p1a: Sinistcha|spd|1\n|\n|-heal|p1a: Sinistcha|94\/100|[from] item: Leftovers\n|upkeep\n|turn|7\n|\n|t:|1699358944\n|move|p2a: Zapdevious|Hurricane|p1a: Sinistcha\n|-supereffective|p1a: Sinistcha\n|-crit|p1a: Sinistcha\n|-damage|p1a: Sinistcha|0 fnt\n|faint|p1a: Sinistcha\n|\n|upkeep\n|\n|t:|1699358971\n|switch|p1a: Palafin|Palafin, M|100\/100\n|-damage|p1a: Palafin|88\/100|[from] Stealth Rock\n|turn|8\n|\n|t:|1699358985\n|detailschange|p1a: Palafin|Palafin-Hero, M\n|switch|p1a: Ursaluna|Ursaluna-Bloodmoon, M|100\/100\n|-damage|p1a: Ursaluna|94\/100|[from] Stealth Rock\n|move|p2a: Zapdevious|Hurricane|p1a: Ursaluna\n|-damage|p1a: Ursaluna|57\/100\n|\n|upkeep\n|turn|9\n|\n|t:|1699358999\n|switch|p2a: Gholdemon|Gholdengo|10\/100\n|move|p1a: Ursaluna|Blood Moon|p2a: Gholdemon\n|-resisted|p2a: Gholdemon\n|-damage|p2a: Gholdemon|0 fnt\n|faint|p2a: Gholdemon\n|\n|upkeep\n|\n|t:|1699359008\n|switch|p2a: Glischemer|Gliscor, F|100\/100 tox\n|turn|10\n|\n|t:|1699359016\n|move|p2a: Glischemer|Toxic|p1a: Ursaluna|[miss]\n|-miss|p2a: Glischemer|p1a: Ursaluna\n|move|p1a: Ursaluna|Moonblast|p2a: Glischemer\n|-damage|p2a: Glischemer|71\/100 tox\n|\n|-heal|p2a: Glischemer|84\/100 tox|[from] ability: Poison Heal\n|upkeep\n|turn|11\n|\n|t:|1699359023\n|move|p2a: Glischemer|Toxic|p1a: Ursaluna\n|-status|p1a: Ursaluna|tox\n|move|p1a: Ursaluna|Blood Moon|p2a: Glischemer\n|-damage|p2a: Glischemer|14\/100 tox\n|\n|-heal|p2a: Glischemer|27\/100 tox|[from] ability: Poison Heal\n|-damage|p1a: Ursaluna|51\/100 tox|[from] psn\n|upkeep\n|turn|12\n|\n|t:|1699359036\n|move|p2a: Glischemer|Knock Off|p1a: Ursaluna\n|-damage|p1a: Ursaluna|37\/100 tox\n|-enditem|p1a: Ursaluna|Assault Vest|[from] move: Knock Off|[of] p2a: Glischemer\n|move|p1a: Ursaluna|Moonblast|p2a: Glischemer\n|-damage|p2a: Glischemer|0 fnt\n|faint|p2a: Glischemer\n|\n|-damage|p1a: Ursaluna|25\/100 tox|[from] psn\n|upkeep\n|\n|t:|1699359045\n|switch|p2a: Samurotten|Samurott-Hisui, F|100\/100\n|turn|13\n|\n|t:|1699359052\n|move|p1a: Ursaluna|Vacuum Wave|p2a: Samurotten\n|-supereffective|p2a: Samurotten\n|-damage|p2a: Samurotten|55\/100\n|move|p2a: Samurotten|Ceaseless Edge|p1a: Ursaluna\n|-damage|p1a: Ursaluna|0 fnt\n|-sidestart|p1: CheesyLemming|Spikes\n|faint|p1a: Ursaluna\n|\n|upkeep\n|\n|t:|1699359067\n|switch|p1a: Mewtwo|Mewtwo|100\/100\n|-ability|p1a: Mewtwo|Unnerve\n|-damage|p1a: Mewtwo|88\/100|[from] Stealth Rock\n|-damage|p1a: Mewtwo|76\/100|[from] Spikes\n|turn|14\n|\n|t:|1699359081\n|switch|p2a: Zapdevious|Zapdos|100\/100\n|move|p1a: Mewtwo|Energy Ball|p2a: Zapdevious\n|-resisted|p2a: Zapdevious\n|-damage|p2a: Zapdevious|83\/100\n|-unboost|p2a: Zapdevious|spd|1\n|\n|upkeep\n|turn|15\n|\n|t:|1699359091\n|move|p1a: Mewtwo|Energy Ball|p2a: Zapdevious\n|-resisted|p2a: Zapdevious\n|-damage|p2a: Zapdevious|55\/100\n|move|p2a: Zapdevious|Volt Switch|p1a: Mewtwo\n|-damage|p1a: Mewtwo|47\/100\n|\n|t:|1699359097\n|switch|p2a: Samurotten|Samurott-Hisui, F|100\/100|[from] Volt Switch\n|\n|upkeep\n|turn|16\n|\n|t:|1699359104\n|move|p1a: Mewtwo|Energy Ball|p2a: Samurotten\n|-damage|p2a: Samurotten|20\/100\n|replace|p2a: Wispy|Zoroark-Hisui, F, shiny\n|-end|p2a: Wispy|Illusion\n|move|p2a: Wispy|Shadow Ball|p1a: Mewtwo\n|-supereffective|p1a: Mewtwo\n|-damage|p1a: Mewtwo|0 fnt\n|faint|p1a: Mewtwo\n|\n|upkeep\n|\n|t:|1699359112\n|switch|p1a: Palafin|Palafin-Hero, M|88\/100\n|-damage|p1a: Palafin|76\/100|[from] Stealth Rock\n|-damage|p1a: Palafin|64\/100|[from] Spikes\n|-activate|p1a: Palafin|ability: Zero to Hero\n|turn|17\n|\n|t:|1699359129\n|move|p1a: Palafin|Jet Punch|p2a: Wispy\n|-damage|p2a: Wispy|0 fnt\n|faint|p2a: Wispy\n|\n|upkeep\n|\n|t:|1699359141\n|switch|p2a: Zapdevious|Zapdos|55\/100\n|turn|18\n|\n|t:|1699359145\n|move|p1a: Palafin|Jet Punch|p2a: Zapdevious\n|-crit|p2a: Zapdevious\n|-damage|p2a: Zapdevious|0 fnt\n|-status|p1a: Palafin|par|[from] ability: Static|[of] p2a: Zapdevious\n|faint|p2a: Zapdevious\n|\n|upkeep\n|\n|t:|1699359155\n|switch|p2a: Samurotten|Samurott-Hisui, F|55\/100\n|turn|19\n|\n|t:|1699359164\n|-terastallize|p2a: Samurotten|Dark\n|move|p1a: Palafin|Jet Punch|p2a: Samurotten\n|-damage|p2a: Samurotten|0 fnt\n|faint|p2a: Samurotten\n|\n|upkeep\n|\n|t:|1699359169\n|switch|p2a: Iron Villain|Iron Valiant, shiny|100\/100\n|-enditem|p2a: Iron Villain|Booster Energy\n|-activate|p2a: Iron Villain|ability: Quark Drive|[fromitem]\n|-start|p2a: Iron Villain|quarkdrivespe\n|turn|20\n|\n|t:|1699359181\n|cant|p1a: Palafin|par\n|move|p2a: Iron Villain|Moonblast|p1a: Palafin\n|-crit|p1a: Palafin\n|-damage|p1a: Palafin|0 fnt\n|faint|p1a: Palafin\n|\n|upkeep\n|\n|t:|1699359187\n|switch|p1a: Kingambit|Kingambit, M|100\/100\n|-damage|p1a: Kingambit|94\/100|[from] Stealth Rock\n|-damage|p1a: Kingambit|82\/100|[from] Spikes\n|-activate|p1a: Kingambit|ability: Supreme Overlord\n|-start|p1a: Kingambit|fallen5|[silent]\n|turn|21\n|\n|t:|1699359206\n|move|p2a: Iron Villain|Vacuum Wave|p1a: Kingambit\n|-supereffective|p1a: Kingambit\n|-damage|p1a: Kingambit|8\/100\n|move|p1a: Kingambit|Sucker Punch||[still]\n|-fail|p1a: Kingambit\n|\n|upkeep\n|turn|22\n|\n|t:|1699359214\n|move|p2a: Iron Villain|Vacuum Wave|p1a: Kingambit\n|-supereffective|p1a: Kingambit\n|-damage|p1a: Kingambit|0 fnt\n|faint|p1a: Kingambit\n|-end|p1a: Kingambit|fallen5|[silent]\n|\n|win|Biffo Banana\n|l|\u2606CheesyLemming\n","uploadtime":1699359282,"views":7,"p1id":"cheesylemming","p2id":"biffobanana","formatid":"gen9ubers","rating":0,"private":0,"password":""}