{"id":"gen9ubers-1980802740","p1":"chige5464321","p2":"Whyareweevenhere","format":"[Gen 9] Ubers","log":"|j|\u2606chige5464321\n|j|\u2606Whyareweevenhere\n|t:|1698835691\n|gametype|singles\n|player|p1|chige5464321|preschooler|1114\n|player|p2|Whyareweevenhere|102|1064\n|teamsize|p1|6\n|teamsize|p2|6\n|gen|9\n|tier|[Gen 9] Ubers\n|rated|\n|rule|Sleep Clause Mod: Limit one foe put to sleep\n|rule|Species Clause: Limit one of each Pok\u00e9mon\n|rule|OHKO Clause: OHKO moves are banned\n|rule|Evasion Items Clause: Evasion items are banned\n|rule|Evasion Moves Clause: Evasion moves are banned\n|rule|Endless Battle Clause: Forcing endless battles is banned\n|rule|HP Percentage Mod: HP is shown in percentages\n|clearpoke\n|poke|p1|Great Tusk|\n|poke|p1|Chien-Pao|\n|poke|p1|Gholdengo|\n|poke|p1|Kingambit, F|\n|poke|p1|Hatterene, F|\n|poke|p1|Meowscarada, F|\n|poke|p2|Ribombee, F|\n|poke|p2|Meowscarada, F|\n|poke|p2|Houndstone, F|\n|poke|p2|Great Tusk|\n|poke|p2|Gholdengo|\n|poke|p2|Torterra, F|\n|teampreview\n|\n|t:|1698835707\n|start\n|switch|p1a: Hatterene|Hatterene, F|100\/100\n|switch|p2a: Ribombee|Ribombee, F|100\/100\n|turn|1\n|\n|t:|1698835716\n|move|p2a: Ribombee|Sticky Web|p1a: Hatterene\n|move|p1a: Hatterene|Sticky Web|p2a: Ribombee|[from]ability: Magic Bounce\n|-sidestart|p2: Whyareweevenhere|move: Sticky Web\n|move|p1a: Hatterene|Nuzzle|p2a: Ribombee\n|-damage|p2a: Ribombee|95\/100\n|-status|p2a: Ribombee|par\n|\n|upkeep\n|turn|2\n|\n|t:|1698835726\n|move|p2a: Ribombee|Moonblast|p1a: Hatterene\n|-damage|p1a: Hatterene|69\/100\n|-unboost|p1a: Hatterene|spa|1\n|move|p1a: Hatterene|Mystical Fire|p2a: Ribombee\n|-supereffective|p2a: Ribombee\n|-damage|p2a: Ribombee|62\/100 par\n|-unboost|p2a: Ribombee|spa|1\n|\n|-heal|p1a: Hatterene|75\/100|[from] item: Leftovers\n|upkeep\n|turn|3\n|\n|t:|1698835738\n|switch|p2a: Great Tusk|Great Tusk|100\/100\n|-activate|p2a: Great Tusk|move: Sticky Web\n|-unboost|p2a: Great Tusk|spe|1\n|-enditem|p2a: Great Tusk|Booster Energy\n|-activate|p2a: Great Tusk|ability: Protosynthesis|[fromitem]\n|-start|p2a: Great Tusk|protosynthesisdef\n|move|p1a: Hatterene|Mystical Fire|p2a: Great Tusk\n|-damage|p2a: Great Tusk|80\/100\n|-unboost|p2a: Great Tusk|spa|1\n|\n|-heal|p1a: Hatterene|81\/100|[from] item: Leftovers\n|upkeep\n|turn|4\n|\n|t:|1698835753\n|move|p2a: Great Tusk|Rapid Spin|p1a: Hatterene\n|-damage|p1a: Hatterene|70\/100\n|-boost|p2a: Great Tusk|spe|1\n|-sideend|p2: Whyareweevenhere|Sticky Web|[from] move: Rapid Spin|[of] p2a: Great Tusk\n|move|p1a: Hatterene|Draining Kiss|p2a: Great Tusk\n|-supereffective|p2a: Great Tusk\n|-damage|p2a: Great Tusk|42\/100\n|-heal|p1a: Hatterene|100\/100|[from] drain|[of] p2a: Great Tusk\n|\n|upkeep\n|turn|5\n|\n|t:|1698835763\n|-end|p2a: Great Tusk|Protosynthesis|[silent]\n|switch|p2a: Ribombee|Ribombee, F|62\/100 par\n|move|p1a: Hatterene|Draining Kiss|p2a: Ribombee\n|-damage|p2a: Ribombee|44\/100 par\n|\n|upkeep\n|turn|6\n|\n|t:|1698835770\n|move|p2a: Ribombee|Moonblast|p1a: Hatterene\n|-damage|p1a: Hatterene|66\/100\n|move|p1a: Hatterene|Mystical Fire|p2a: Ribombee\n|-supereffective|p2a: Ribombee\n|-damage|p2a: Ribombee|10\/100 par\n|-unboost|p2a: Ribombee|spa|1\n|\n|-heal|p1a: Hatterene|72\/100|[from] item: Leftovers\n|upkeep\n|turn|7\n|\n|t:|1698835780\n|cant|p2a: Ribombee|par\n|move|p1a: Hatterene|Draining Kiss|p2a: Ribombee\n|-damage|p2a: Ribombee|0 fnt\n|-heal|p1a: Hatterene|80\/100|[from] drain|[of] p2a: Ribombee\n|faint|p2a: Ribombee\n|\n|-heal|p1a: Hatterene|86\/100|[from] item: Leftovers\n|upkeep\n|\n|t:|1698835789\n|switch|p2a: Gholdengo|Gholdengo|100\/100\n|-item|p2a: Gholdengo|Air Balloon\n|turn|8\n|\n|t:|1698835799\n|move|p2a: Gholdengo|Trick|p1a: Hatterene\n|-activate|p2a: Gholdengo|move: Trick|[of] p1a: Hatterene\n|-item|p1a: Hatterene|Air Balloon\n|-item|p1a: Hatterene|Air Balloon|[from] move: Trick\n|-item|p2a: Gholdengo|Leftovers|[from] move: Trick\n|move|p1a: Hatterene|Mystical Fire|p2a: Gholdengo\n|-supereffective|p2a: Gholdengo\n|-damage|p2a: Gholdengo|69\/100\n|-unboost|p2a: Gholdengo|spa|1\n|\n|-heal|p2a: Gholdengo|75\/100|[from] item: Leftovers\n|upkeep\n|turn|9\n|\n|t:|1698835811\n|move|p2a: Gholdengo|Light Screen|p2a: Gholdengo\n|-sidestart|p2: Whyareweevenhere|move: Light Screen\n|move|p1a: Hatterene|Mystical Fire|p2a: Gholdengo\n|-supereffective|p2a: Gholdengo\n|-damage|p2a: Gholdengo|59\/100\n|-unboost|p2a: Gholdengo|spa|1\n|\n|-heal|p2a: Gholdengo|65\/100|[from] item: Leftovers\n|upkeep\n|turn|10\n|\n|t:|1698835821\n|move|p2a: Gholdengo|Memento|p1a: Hatterene\n|-unboost|p1a: Hatterene|atk|2\n|-unboost|p1a: Hatterene|spa|2\n|faint|p2a: Gholdengo\n|move|p1a: Hatterene|Nuzzle|p2: Gholdengo|[notarget]\n|-fail|p1a: Hatterene\n|\n|upkeep\n|\n|t:|1698835830\n|switch|p2a: Torterra|Torterra, F|100\/100\n|turn|11\n|\n|t:|1698835846\n|switch|p1a: Gholdengo|Gholdengo|100\/100\n|-item|p1a: Gholdengo|Air Balloon\n|move|p2a: Torterra|Shell Smash|p2a: Torterra\n|-unboost|p2a: Torterra|def|1\n|-unboost|p2a: Torterra|spd|1\n|-boost|p2a: Torterra|atk|2\n|-boost|p2a: Torterra|spa|2\n|-boost|p2a: Torterra|spe|2\n|\n|upkeep\n|turn|12\n|inactive|Battle timer is ON: inactive players will automatically lose when time's up. (requested by Whyareweevenhere)\n|\n|t:|1698835860\n|-terastallize|p2a: Torterra|Grass\n|move|p2a: Torterra|Bullet Seed|p1a: Gholdengo\n|-resisted|p1a: Gholdengo\n|-damage|p1a: Gholdengo|80\/100\n|-enditem|p1a: Gholdengo|Air Balloon\n|-resisted|p1a: Gholdengo\n|-damage|p1a: Gholdengo|61\/100\n|-resisted|p1a: Gholdengo\n|-damage|p1a: Gholdengo|41\/100\n|-resisted|p1a: Gholdengo\n|-damage|p1a: Gholdengo|21\/100\n|-hitcount|p1a: Gholdengo|4\n|move|p1a: Gholdengo|Substitute|p1a: Gholdengo\n|-fail|p1a: Gholdengo|move: Substitute|[weak]\n|\n|upkeep\n|turn|13\n|\n|t:|1698835877\n|move|p2a: Torterra|Earthquake|p1a: Gholdengo\n|-supereffective|p1a: Gholdengo\n|-damage|p1a: Gholdengo|0 fnt\n|faint|p1a: Gholdengo\n|\n|-sideend|p2: Whyareweevenhere|move: Light Screen\n|upkeep\n|\n|t:|1698835884\n|switch|p1a: \u829d\u58eb\u96ea\u8c79|Chien-Pao|100\/100\n|-ability|p1a: \u829d\u58eb\u96ea\u8c79|Sword of Ruin\n|turn|14\n|\n|t:|1698835893\n|move|p2a: Torterra|Rock Blast|p1a: \u829d\u58eb\u96ea\u8c79\n|-supereffective|p1a: \u829d\u58eb\u96ea\u8c79\n|-damage|p1a: \u829d\u58eb\u96ea\u8c79|54\/100\n|-supereffective|p1a: \u829d\u58eb\u96ea\u8c79\n|-damage|p1a: \u829d\u58eb\u96ea\u8c79|3\/100\n|-supereffective|p1a: \u829d\u58eb\u96ea\u8c79\n|-damage|p1a: \u829d\u58eb\u96ea\u8c79|0 fnt\n|faint|p1a: \u829d\u58eb\u96ea\u8c79\n|-hitcount|p1: \u829d\u58eb\u96ea\u8c79|3\n|\n|upkeep\n|\n|t:|1698835916\n|switch|p1a: Great Tusk|Great Tusk|100\/100\n|-enditem|p1a: Great Tusk|Booster Energy\n|-activate|p1a: Great Tusk|ability: Protosynthesis|[fromitem]\n|-start|p1a: Great Tusk|protosynthesisatk\n|turn|15\n|inactive|chige5464321 has 120 seconds left.\n|\n|t:|1698835934\n|move|p2a: Torterra|Bullet Seed|p1a: Great Tusk\n|-supereffective|p1a: Great Tusk\n|-damage|p1a: Great Tusk|51\/100\n|-supereffective|p1a: Great Tusk\n|-damage|p1a: Great Tusk|0 fnt\n|faint|p1a: Great Tusk\n|-end|p1a: Great Tusk|Protosynthesis|[silent]\n|-hitcount|p1: Great Tusk|2\n|\n|upkeep\n|inactive|chige5464321 has 120 seconds left.\n|\n|t:|1698835942\n|switch|p1a: Hatterene|Hatterene, F|86\/100\n|-item|p1a: Hatterene|Air Balloon\n|turn|16\n|\n|t:|1698835952\n|move|p2a: Torterra|Shell Smash|p2a: Torterra\n|-unboost|p2a: Torterra|def|1\n|-unboost|p2a: Torterra|spd|1\n|-boost|p2a: Torterra|atk|2\n|-boost|p2a: Torterra|spa|2\n|-boost|p2a: Torterra|spe|2\n|move|p1a: Hatterene|Nuzzle|p2a: Torterra\n|-resisted|p2a: Torterra\n|-damage|p2a: Torterra|97\/100\n|-status|p2a: Torterra|par\n|\n|upkeep\n|turn|17\n|\n|t:|1698835967\n|cant|p2a: Torterra|par\n|move|p1a: Hatterene|Mystical Fire|p2a: Torterra\n|-supereffective|p2a: Torterra\n|-damage|p2a: Torterra|0 fnt\n|faint|p2a: Torterra\n|\n|upkeep\n|\n|t:|1698835975\n|switch|p2a: Meowscarada|Meowscarada, F|100\/100\n|turn|18\n|\n|t:|1698835981\n|move|p2a: Meowscarada|Flower Trick|p1a: Hatterene\n|-start|p2a: Meowscarada|typechange|Grass|[from] ability: Protean\n|-crit|p1a: Hatterene\n|-damage|p1a: Hatterene|54\/100\n|-enditem|p1a: Hatterene|Air Balloon\n|move|p1a: Hatterene|Nuzzle|p2a: Meowscarada\n|-resisted|p2a: Meowscarada\n|-damage|p2a: Meowscarada|98\/100\n|-status|p2a: Meowscarada|par\n|\n|upkeep\n|turn|19\n|\n|t:|1698835993\n|cant|p2a: Meowscarada|par\n|move|p1a: Hatterene|Mystical Fire|p2a: Meowscarada\n|-supereffective|p2a: Meowscarada\n|-damage|p2a: Meowscarada|44\/100 par\n|-unboost|p2a: Meowscarada|spa|1\n|\n|upkeep\n|turn|20\n|\n|t:|1698836004\n|cant|p2a: Meowscarada|par\n|move|p1a: Hatterene|Mystical Fire|p2a: Meowscarada\n|-supereffective|p2a: Meowscarada\n|-damage|p2a: Meowscarada|0 fnt\n|faint|p2a: Meowscarada\n|\n|upkeep\n|\n|t:|1698836010\n|switch|p2a: Great Tusk|Great Tusk|42\/100\n|turn|21\n|\n|t:|1698836017\n|move|p2a: Great Tusk|Taunt|p1a: Hatterene\n|move|p1a: Hatterene|Taunt|p2a: Great Tusk|[from]ability: Magic Bounce\n|-start|p2a: Great Tusk|move: Taunt\n|move|p1a: Hatterene|Draining Kiss|p2a: Great Tusk\n|-supereffective|p2a: Great Tusk\n|-damage|p2a: Great Tusk|0 fnt\n|-heal|p1a: Hatterene|96\/100|[from] drain|[of] p2a: Great Tusk\n|faint|p2a: Great Tusk\n|-end|p2a: Great Tusk|Protosynthesis|[silent]\n|\n|upkeep\n|\n|t:|1698836026\n|switch|p2a: Houndstone|Houndstone, F|100\/100\n|turn|22\n|\n|t:|1698836036\n|move|p2a: Houndstone|Last Respects|p1a: Hatterene\n|-supereffective|p1a: Hatterene\n|-damage|p1a: Hatterene|0 fnt\n|faint|p1a: Hatterene\n|\n|upkeep\n|\n|t:|1698836043\n|switch|p1a: \u5343\u53d8van\u82b1|Meowscarada, F, shiny|100\/100\n|turn|23\n|\n|t:|1698836050\n|move|p1a: \u5343\u53d8van\u82b1|Knock Off|p2a: Houndstone\n|-start|p1a: \u5343\u53d8van\u82b1|typechange|Dark|[from] ability: Protean\n|-supereffective|p2a: Houndstone\n|-damage|p2a: Houndstone|58\/100\n|-enditem|p2a: Houndstone|Assault Vest|[from] move: Knock Off|[of] p1a: \u5343\u53d8van\u82b1\n|move|p2a: Houndstone|Last Respects|p1a: \u5343\u53d8van\u82b1\n|-resisted|p1a: \u5343\u53d8van\u82b1\n|-damage|p1a: \u5343\u53d8van\u82b1|0 fnt\n|faint|p1a: \u5343\u53d8van\u82b1\n|\n|upkeep\n|\n|t:|1698836061\n|switch|p1a: Kingambit|Kingambit, F|100\/100\n|-activate|p1a: Kingambit|ability: Supreme Overlord\n|-start|p1a: Kingambit|fallen5|[silent]\n|turn|24\n|\n|t:|1698836075\n|move|p2a: Houndstone|Body Press|p1a: Kingambit\n|-supereffective|p1a: Kingambit\n|-damage|p1a: Kingambit|40\/100\n|move|p1a: Kingambit|Kowtow Cleave|p2a: Houndstone\n|-supereffective|p2a: Houndstone\n|-damage|p2a: Houndstone|3\/100\n|\n|-heal|p1a: Kingambit|46\/100|[from] item: Leftovers\n|upkeep\n|turn|25\n|\n|t:|1698836090\n|-terastallize|p1a: Kingambit|Fairy\n|move|p2a: Houndstone|Body Press|p1a: Kingambit\n|-resisted|p1a: Kingambit\n|-damage|p1a: Kingambit|40\/100\n|move|p1a: Kingambit|Kowtow Cleave|p2a: Houndstone\n|-supereffective|p2a: Houndstone\n|-damage|p2a: Houndstone|0 fnt\n|faint|p2a: Houndstone\n|\n|win|chige5464321\n|raw|chige5464321's rating: 1114 &rarr; <strong>1135<\/strong><br \/>(+21 for winning)\n|raw|Whyareweevenhere's rating: 1064 &rarr; <strong>1047<\/strong><br \/>(-17 for losing)\n|l|\u2606chige5464321\n|j|\u2606chige5464321\n|player|p1|chige5464321|preschooler\n|l|\u2606chige5464321\n|player|p1|\n|l|\u2606Whyareweevenhere\n|j| chige5464322\n|j|\u2606chige5464321\n|player|p1|chige5464321|preschooler\n","uploadtime":1698836103,"views":13,"p1id":"chige5464321","p2id":"whyareweevenhere","formatid":"gen9ubers","rating":1047,"private":0,"password":""}