{"id":"gen9ubers-1974614841","p1":"mvpasap","p2":"OsirisGrimm","format":"[Gen 9] Ubers","log":"|j|\u2606mvpasap\n|j|\u2606OsirisGrimm\n|t:|1698102819\n|gametype|singles\n|player|p1|mvpasap|palmer|\n|player|p2|OsirisGrimm|2|\n|teamsize|p1|6\n|teamsize|p2|6\n|gen|9\n|tier|[Gen 9] Ubers\n|rule|Sleep Clause Mod: Limit one foe put to sleep\n|rule|Species Clause: Limit one of each Pok\u00e9mon\n|rule|OHKO Clause: OHKO moves are banned\n|rule|Evasion Items Clause: Evasion items are banned\n|rule|Evasion Moves Clause: Evasion moves are banned\n|rule|Endless Battle Clause: Forcing endless battles is banned\n|rule|HP Percentage Mod: HP is shown in percentages\n|clearpoke\n|poke|p1|Corviknight, M|\n|poke|p1|Groudon|\n|poke|p1|Dialga-Origin|\n|poke|p1|Glimmora, M|\n|poke|p1|Chien-Pao|\n|poke|p1|Grimmsnarl, M|\n|poke|p2|Annihilape, M|\n|poke|p2|Houndstone, M|\n|poke|p2|Palafin, F|\n|poke|p2|Flutter Mane|\n|poke|p2|Espathra, M|\n|poke|p2|Chi-Yu|\n|teampreview\n|j| Hand0fD00m\n|\n|t:|1698102844\n|start\n|switch|p1a: Grimmsnarl|Grimmsnarl, M|100\/100\n|switch|p2a: Flutter Mane|Flutter Mane|100\/100\n|-enditem|p2a: Flutter Mane|Booster Energy\n|-activate|p2a: Flutter Mane|ability: Protosynthesis|[fromitem]\n|-start|p2a: Flutter Mane|protosynthesisspe\n|turn|1\n|\n|t:|1698102856\n|move|p1a: Grimmsnarl|Light Screen|p1a: Grimmsnarl\n|-sidestart|p1: mvpasap|move: Light Screen\n|move|p2a: Flutter Mane|Calm Mind|p2a: Flutter Mane\n|-boost|p2a: Flutter Mane|spa|1\n|-boost|p2a: Flutter Mane|spd|1\n|\n|upkeep\n|turn|2\n|\n|t:|1698102866\n|move|p1a: Grimmsnarl|Taunt|p2a: Flutter Mane\n|-start|p2a: Flutter Mane|move: Taunt\n|move|p2a: Flutter Mane|Dazzling Gleam|p1a: Grimmsnarl\n|-supereffective|p1a: Grimmsnarl\n|-damage|p1a: Grimmsnarl|55\/100\n|\n|-heal|p1a: Grimmsnarl|61\/100|[from] item: Leftovers\n|upkeep\n|turn|3\n|\n|t:|1698102875\n|move|p2a: Flutter Mane|Dazzling Gleam|p1a: Grimmsnarl\n|-supereffective|p1a: Grimmsnarl\n|-damage|p1a: Grimmsnarl|18\/100\n|move|p1a: Grimmsnarl|Draining Kiss|p2a: Flutter Mane\n|-damage|p2a: Flutter Mane|89\/100\n|-heal|p1a: Grimmsnarl|23\/100|[from] drain|[of] p2a: Flutter Mane\n|\n|-heal|p1a: Grimmsnarl|29\/100|[from] item: Leftovers\n|upkeep\n|turn|4\n|j| Rival Andrew\n|\n|t:|1698102886\n|move|p1a: Grimmsnarl|Reflect|p1a: Grimmsnarl\n|-sidestart|p1: mvpasap|Reflect\n|move|p2a: Flutter Mane|Dazzling Gleam|p1a: Grimmsnarl\n|-supereffective|p1a: Grimmsnarl\n|-damage|p1a: Grimmsnarl|0 fnt\n|faint|p1a: Grimmsnarl\n|\n|-end|p2a: Flutter Mane|move: Taunt\n|upkeep\n|\n|t:|1698102899\n|switch|p1a: Groudon|Groudon|100\/100\n|-weather|SunnyDay|[from] ability: Drought|[of] p1a: Groudon\n|turn|5\n|\n|t:|1698102911\n|move|p2a: Flutter Mane|Draining Kiss|p1a: Groudon\n|-damage|p1a: Groudon|80\/100\n|-heal|p2a: Flutter Mane|100\/100|[from] drain|[of] p1a: Groudon\n|move|p1a: Groudon|Precipice Blades|p2a: Flutter Mane|[miss]\n|-miss|p1a: Groudon|p2a: Flutter Mane\n|\n|-weather|SunnyDay|[upkeep]\n|-sideend|p1: mvpasap|move: Light Screen\n|upkeep\n|turn|6\n|c| Rival Andrew|nasty miss\n|c| Hand0fD00m|big miss\n|\n|t:|1698102924\n|move|p2a: Flutter Mane|Shadow Ball|p1a: Groudon\n|-damage|p1a: Groudon|12\/100\n|move|p1a: Groudon|Precipice Blades|p2a: Flutter Mane\n|-damage|p2a: Flutter Mane|0 fnt\n|faint|p2a: Flutter Mane\n|-end|p2a: Flutter Mane|Protosynthesis|[silent]\n|\n|-weather|SunnyDay|[upkeep]\n|upkeep\n|\n|t:|1698102933\n|switch|p2a: Palafin|Palafin, F|100\/100\n|turn|7\n|\n|t:|1698102944\n|switch|p1a: Dialga|Dialga-Origin|100\/100\n|-ability|p1a: Dialga|Pressure\n|move|p2a: Palafin|Jet Punch|p1a: Dialga\n|-resisted|p1a: Dialga\n|-damage|p1a: Dialga|98\/100\n|-damage|p2a: Palafin|91\/100|[from] item: Life Orb\n|\n|-weather|SunnyDay|[upkeep]\n|upkeep\n|turn|8\n|\n|t:|1698102960\n|move|p1a: Dialga|Stealth Rock|p2a: Palafin\n|-sidestart|p2: OsirisGrimm|move: Stealth Rock\n|move|p2a: Palafin|Flip Turn|p1a: Dialga\n|-resisted|p1a: Dialga\n|-damage|p1a: Dialga|95\/100\n|-damage|p2a: Palafin|81\/100|[from] item: Life Orb\n|\n|t:|1698102967\n|detailschange|p2a: Palafin|Palafin-Hero, F\n|switch|p2a: Annihilape|Annihilape, M|100\/100|[from] Flip Turn\n|-damage|p2a: Annihilape|94\/100|[from] Stealth Rock\n|\n|-weather|SunnyDay|[upkeep]\n|-sideend|p1: mvpasap|Reflect\n|upkeep\n|turn|9\n|\n|t:|1698102979\n|move|p2a: Annihilape|Bulk Up|p2a: Annihilape\n|-boost|p2a: Annihilape|atk|1\n|-boost|p2a: Annihilape|def|1\n|move|p1a: Dialga|Roar|p2a: Annihilape\n|drag|p2a: Palafin|Palafin-Hero, F|81\/100\n|-damage|p2a: Palafin|68\/100|[from] Stealth Rock\n|-activate|p2a: Palafin|ability: Zero to Hero\n|\n|-weather|none\n|upkeep\n|turn|10\n|\n|t:|1698102993\n|move|p1a: Dialga|Earth Power|p2a: Palafin\n|-damage|p2a: Palafin|29\/100\n|-unboost|p2a: Palafin|spd|1\n|move|p2a: Palafin|Flip Turn|p1a: Dialga\n|-resisted|p1a: Dialga\n|-crit|p1a: Dialga\n|-damage|p1a: Dialga|61\/100\n|-damage|p2a: Palafin|19\/100|[from] item: Life Orb\n|\n|t:|1698103002\n|switch|p2a: Annihilape|Annihilape, M|94\/100|[from] Flip Turn\n|-damage|p2a: Annihilape|88\/100|[from] Stealth Rock\n|\n|upkeep\n|turn|11\n|\n|t:|1698103009\n|move|p2a: Annihilape|Drain Punch|p1a: Dialga\n|-supereffective|p1a: Dialga\n|-damage|p1a: Dialga|0 fnt\n|-heal|p2a: Annihilape|100\/100|[from] drain|[of] p1a: Dialga\n|faint|p1a: Dialga\n|-damage|p2a: Annihilape|91\/100|[from] item: Life Orb\n|\n|upkeep\n|\n|t:|1698103030\n|switch|p1a: Glimmora|Glimmora, M|100\/100\n|turn|12\n|\n|t:|1698103041\n|move|p1a: Glimmora|Toxic|p2a: Annihilape\n|-status|p2a: Annihilape|tox\n|move|p2a: Annihilape|Bulk Up|p2a: Annihilape\n|-boost|p2a: Annihilape|atk|1\n|-boost|p2a: Annihilape|def|1\n|\n|-damage|p2a: Annihilape|84\/100 tox|[from] psn\n|upkeep\n|turn|13\n|\n|t:|1698103054\n|move|p1a: Glimmora|Power Gem|p2a: Annihilape\n|-resisted|p2a: Annihilape\n|-damage|p2a: Annihilape|65\/100 tox\n|move|p2a: Annihilape|Drain Punch|p1a: Glimmora\n|-damage|p1a: Glimmora|23\/100\n|-heal|p2a: Annihilape|100\/100 tox|[from] drain|[of] p1a: Glimmora\n|-damage|p2a: Annihilape|84\/100 tox|[from] item: Rocky Helmet|[of] p1a: Glimmora\n|-activate|p1a: Glimmora|ability: Toxic Debris\n|-sidestart|p2: OsirisGrimm|move: Toxic Spikes\n|-damage|p2a: Annihilape|74\/100 tox|[from] item: Life Orb\n|\n|-damage|p2a: Annihilape|62\/100 tox|[from] psn\n|upkeep\n|turn|14\n|\n|t:|1698103067\n|move|p1a: Glimmora|Power Gem|p2a: Annihilape\n|-resisted|p2a: Annihilape\n|-damage|p2a: Annihilape|42\/100 tox\n|move|p2a: Annihilape|Drain Punch|p1a: Glimmora\n|-damage|p1a: Glimmora|0 fnt\n|-heal|p2a: Annihilape|54\/100 tox|[from] drain|[of] p1a: Glimmora\n|-damage|p2a: Annihilape|37\/100 tox|[from] item: Rocky Helmet|[of] p1a: Glimmora\n|-activate|p1a: Glimmora|ability: Toxic Debris\n|-sidestart|p2: OsirisGrimm|move: Toxic Spikes\n|faint|p1a: Glimmora\n|-damage|p2a: Annihilape|27\/100 tox|[from] item: Life Orb\n|\n|-damage|p2a: Annihilape|9\/100 tox|[from] psn\n|upkeep\n|\n|t:|1698103094\n|switch|p1a: Chien-Pao|Chien-Pao|100\/100\n|-ability|p1a: Chien-Pao|Sword of Ruin\n|turn|15\n|\n|t:|1698103107\n|move|p1a: Chien-Pao|Sucker Punch|p2a: Annihilape\n|-damage|p2a: Annihilape|0 fnt\n|faint|p2a: Annihilape\n|-damage|p1a: Chien-Pao|91\/100|[from] item: Life Orb\n|\n|upkeep\n|\n|t:|1698103114\n|switch|p2a: Chi-Yu|Chi-Yu|100\/100\n|-damage|p2a: Chi-Yu|76\/100|[from] Stealth Rock\n|-status|p2a: Chi-Yu|tox\n|-ability|p2a: Chi-Yu|Beads of Ruin\n|turn|16\n|c| Rival Andrew|these hazards are\n|c| Rival Andrew|well\n|c| Rival Andrew|hazardous\n|\n|t:|1698103131\n|-terastallize|p1a: Chien-Pao|Dark\n|move|p1a: Chien-Pao|Sacred Sword|p2a: Chi-Yu\n|-supereffective|p2a: Chi-Yu\n|-damage|p2a: Chi-Yu|0 fnt\n|faint|p2a: Chi-Yu\n|-damage|p1a: Chien-Pao|81\/100|[from] item: Life Orb\n|\n|upkeep\n|\n|t:|1698103140\n|switch|p2a: Espathra|Espathra, M|100\/100\n|-damage|p2a: Espathra|88\/100|[from] Stealth Rock\n|-status|p2a: Espathra|tox\n|turn|17\n|\n|t:|1698103148\n|move|p1a: Chien-Pao|Ice Spinner|p2a: Espathra\n|-damage|p2a: Espathra|0 fnt\n|faint|p2a: Espathra\n|-damage|p1a: Chien-Pao|71\/100|[from] item: Life Orb\n|\n|upkeep\n|\n|t:|1698103155\n|switch|p2a: Palafin|Palafin-Hero, F|19\/100\n|-damage|p2a: Palafin|7\/100|[from] Stealth Rock\n|-status|p2a: Palafin|tox\n|turn|18\n|\n|t:|1698103167\n|switch|p1a: Corviknight|Corviknight, M|100\/100\n|move|p2a: Palafin|Jet Punch|p1a: Corviknight\n|-damage|p1a: Corviknight|68\/100\n|-damage|p2a: Palafin|0 fnt|[from] item: Life Orb\n|faint|p2a: Palafin\n|\n|upkeep\n|\n|t:|1698103175\n|switch|p2a: Houndstone|Houndstone, M|100\/100\n|-damage|p2a: Houndstone|88\/100|[from] Stealth Rock\n|-status|p2a: Houndstone|tox\n|turn|19\n|\n|t:|1698103187\n|move|p2a: Houndstone|Last Respects|p1a: Corviknight\n|-damage|p1a: Corviknight|0 fnt\n|faint|p1a: Corviknight\n|-damage|p2a: Houndstone|78\/100 tox|[from] item: Life Orb\n|\n|-damage|p2a: Houndstone|72\/100 tox|[from] psn\n|upkeep\n|\n|t:|1698103196\n|switch|p1a: Groudon|Groudon|12\/100\n|-weather|SunnyDay|[from] ability: Drought|[of] p1a: Groudon\n|turn|20\n|\n|t:|1698103207\n|move|p1a: Groudon|Heat Crash|p2a: Houndstone\n|-damage|p2a: Houndstone|0 fnt\n|faint|p2a: Houndstone\n|\n|win|mvpasap\n|c| Hand0fD00m|gg guys!\n|c| Rival Andrew|damn son\n|c| Rival Andrew|gg both sides!\n|c| Rival Andrew|Austin im ready\n|c| Hand0fD00m|yes well played to both\n|l|\u2606OsirisGrimm\n","uploadtime":1698103221,"views":11,"p1id":"mvpasap","p2id":"osirisgrimm","formatid":"gen9ubers","rating":0,"private":0,"password":""}