{"id":"gen9ubers-1973673123","p1":"godiamsosorry","p2":"Scampton","format":"[Gen 9] Ubers","log":"|j|\u2606godiamsosorry\n|j|\u2606Scampton\n|t:|1698002038\n|gametype|singles\n|player|p1|godiamsosorry|caitlin|\n|player|p2|Scampton|clown|\n|teamsize|p1|6\n|teamsize|p2|6\n|gen|9\n|tier|[Gen 9] Ubers\n|rule|Sleep Clause Mod: Limit one foe put to sleep\n|rule|Species Clause: Limit one of each Pok\u00e9mon\n|rule|OHKO Clause: OHKO moves are banned\n|rule|Evasion Items Clause: Evasion items are banned\n|rule|Evasion Moves Clause: Evasion moves are banned\n|rule|Endless Battle Clause: Forcing endless battles is banned\n|rule|HP Percentage Mod: HP is shown in percentages\n|clearpoke\n|poke|p1|Medicham, F|\n|poke|p1|Slowking-Galar, F|\n|poke|p1|Weezing-Galar, F|\n|poke|p1|Landorus-Therian, M|\n|poke|p1|Blissey, F|\n|poke|p1|Palafin, F|\n|poke|p2|Ribombee, M|\n|poke|p2|Ting-Lu|\n|poke|p2|Delibird, F|\n|poke|p2|Landorus-Therian, M|\n|poke|p2|Slowking-Galar, F|\n|poke|p2|Gholdengo|\n|teampreview\n|\n|t:|1698002058\n|start\n|switch|p1a: Palafin|Palafin, F|100\/100\n|switch|p2a: Ribombee|Ribombee, M|100\/100\n|turn|1\n|\n|t:|1698002066\n|detailschange|p1a: Palafin|Palafin-Hero, F\n|switch|p1a: Weezing|Weezing-Galar, F|100\/100\n|move|p2a: Ribombee|Stun Spore|p1a: Weezing\n|-status|p1a: Weezing|par\n|\n|upkeep\n|turn|2\n|\n|t:|1698002071\n|move|p2a: Ribombee|Sticky Web|p1a: Weezing\n|-sidestart|p1: godiamsosorry|move: Sticky Web\n|move|p1a: Weezing|Strange Steam|p2a: Ribombee\n|-damage|p2a: Ribombee|52\/100\n|\n|upkeep\n|turn|3\n|\n|t:|1698002079\n|switch|p1a: Landorus|Landorus-Therian, M|100\/100\n|-ability|p1a: Landorus|Intimidate|boost\n|-unboost|p2a: Ribombee|atk|1\n|move|p2a: Ribombee|U-turn|p1a: Landorus\n|-resisted|p1a: Landorus\n|-damage|p1a: Landorus|92\/100\n|\n|t:|1698002086\n|switch|p2a: Delibird|Delibird, F|100\/100|[from] U-turn\n|\n|-heal|p1a: Landorus|98\/100|[from] item: Leftovers\n|upkeep\n|turn|4\n|\n|t:|1698002094\n|switch|p1a: Weezing|Weezing-Galar, F|100\/100 par\n|move|p2a: Delibird|Ice Shard|p1a: Weezing\n|-damage|p1a: Weezing|78\/100 par\n|\n|-heal|p1a: Weezing|84\/100 par|[from] item: Leftovers\n|upkeep\n|turn|5\n|\n|t:|1698002101\n|switch|p2a: Gholdengo|Gholdengo|100\/100\n|-item|p2a: Gholdengo|Air Balloon\n|move|p1a: Weezing|Defog|p2a: Gholdengo\n|-immune|p2a: Gholdengo|[from] ability: Good as Gold\n|\n|-heal|p1a: Weezing|90\/100 par|[from] item: Leftovers\n|upkeep\n|turn|6\n|\n|t:|1698002112\n|move|p2a: Gholdengo|Iron Head|p1a: Weezing\n|-supereffective|p1a: Weezing\n|-damage|p1a: Weezing|45\/100 par\n|cant|p1a: Weezing|par\n|\n|-heal|p1a: Weezing|50\/100 par|[from] item: Leftovers\n|upkeep\n|turn|7\n|\n|t:|1698002117\n|switch|p1a: Slowking|Slowking-Galar, F|100\/100\n|move|p2a: Gholdengo|Iron Head|p1a: Slowking\n|-damage|p1a: Slowking|79\/100\n|\n|upkeep\n|turn|8\n|\n|t:|1698002120\n|move|p2a: Gholdengo|Poltergeist|p1a: Slowking|[miss]\n|-miss|p2a: Gholdengo|p1a: Slowking\n|move|p1a: Slowking|Foul Play|p2a: Gholdengo\n|-supereffective|p2a: Gholdengo\n|-damage|p2a: Gholdengo|47\/100\n|-enditem|p2a: Gholdengo|Air Balloon\n|\n|upkeep\n|turn|9\n|c|\u2606Scampton|Balls\n|\n|t:|1698002132\n|switch|p2a: Ting-Lu|Ting-Lu|100\/100\n|-ability|p2a: Ting-Lu|Vessel of Ruin\n|move|p1a: Slowking|Foul Play|p2a: Ting-Lu\n|-resisted|p2a: Ting-Lu\n|-damage|p2a: Ting-Lu|95\/100\n|\n|-heal|p2a: Ting-Lu|100\/100|[from] item: Leftovers\n|upkeep\n|turn|10\n|\n|t:|1698002136\n|move|p2a: Ting-Lu|Dark Pulse|p1a: Slowking\n|-supereffective|p1a: Slowking\n|-damage|p1a: Slowking|47\/100\n|move|p1a: Slowking|Toxic|p2a: Ting-Lu\n|-status|p2a: Ting-Lu|tox\n|\n|-damage|p2a: Ting-Lu|94\/100 tox|[from] psn\n|upkeep\n|turn|11\n|\n|t:|1698002139\n|move|p2a: Ting-Lu|Spikes|p1a: Slowking\n|-sidestart|p1: godiamsosorry|Spikes\n|move|p1a: Slowking|Slack Off|p1a: Slowking\n|-heal|p1a: Slowking|97\/100\n|\n|-heal|p2a: Ting-Lu|100\/100 tox|[from] item: Leftovers\n|-damage|p2a: Ting-Lu|88\/100 tox|[from] psn\n|upkeep\n|turn|12\n|\n|t:|1698002141\n|move|p2a: Ting-Lu|Spikes|p1a: Slowking\n|-sidestart|p1: godiamsosorry|Spikes\n|move|p1a: Slowking|Chilly Reception|p1a: Slowking\n|-weather|Snow\n|\n|t:|1698002144\n|switch|p1a: Weezing|Weezing-Galar, F|50\/100 par|[from] Chilly Reception\n|\n|-weather|Snow|[upkeep]\n|-heal|p2a: Ting-Lu|94\/100 tox|[from] item: Leftovers\n|-heal|p1a: Weezing|56\/100 par|[from] item: Leftovers\n|-damage|p2a: Ting-Lu|76\/100 tox|[from] psn\n|upkeep\n|turn|13\n|\n|t:|1698002149\n|switch|p2a: Gholdengo|Gholdengo|47\/100\n|switch|p1a: Landorus|Landorus-Therian, M|98\/100\n|-ability|p1a: Landorus|Intimidate|boost\n|-unboost|p2a: Gholdengo|atk|1\n|\n|-weather|Snow|[upkeep]\n|-heal|p1a: Landorus|100\/100|[from] item: Leftovers\n|upkeep\n|turn|14\n|\n|t:|1698002154\n|switch|p2a: Landorus|Landorus-Therian, M|100\/100\n|-ability|p2a: Landorus|Intimidate|boost\n|-unboost|p1a: Landorus|atk|1\n|move|p1a: Landorus|Substitute|p1a: Landorus\n|-start|p1a: Landorus|Substitute\n|-damage|p1a: Landorus|76\/100\n|\n|-weather|Snow|[upkeep]\n|-heal|p1a: Landorus|82\/100|[from] item: Leftovers\n|upkeep\n|turn|15\n|\n|t:|1698002159\n|move|p1a: Landorus|Nasty Plot|p1a: Landorus\n|-boost|p1a: Landorus|spa|2\n|move|p2a: Landorus|Grass Knot|p1a: Landorus\n|-end|p1a: Landorus|Substitute\n|\n|-weather|Snow|[upkeep]\n|-heal|p1a: Landorus|88\/100|[from] item: Leftovers\n|upkeep\n|turn|16\n|\n|t:|1698002166\n|move|p1a: Landorus|Substitute|p1a: Landorus\n|-start|p1a: Landorus|Substitute\n|-damage|p1a: Landorus|63\/100\n|move|p2a: Landorus|Grass Knot|p1a: Landorus\n|-end|p1a: Landorus|Substitute\n|\n|-weather|none\n|-heal|p1a: Landorus|69\/100|[from] item: Leftovers\n|upkeep\n|turn|17\n|\n|t:|1698002169\n|move|p1a: Landorus|Nasty Plot|p1a: Landorus\n|-boost|p1a: Landorus|spa|2\n|move|p2a: Landorus|Grass Knot|p1a: Landorus\n|-damage|p1a: Landorus|43\/100\n|\n|-heal|p1a: Landorus|49\/100|[from] item: Leftovers\n|upkeep\n|turn|18\n|\n|t:|1698002174\n|move|p1a: Landorus|Psychic|p2a: Landorus\n|-damage|p2a: Landorus|0 fnt\n|faint|p2a: Landorus\n|\n|-heal|p1a: Landorus|55\/100|[from] item: Leftovers\n|upkeep\n|\n|t:|1698002178\n|switch|p2a: Delibird|Delibird, F|100\/100\n|turn|19\n|\n|t:|1698002183\n|-terastallize|p1a: Landorus|Water\n|move|p2a: Delibird|Ice Shard|p1a: Landorus\n|-resisted|p1a: Landorus\n|-damage|p1a: Landorus|38\/100\n|move|p1a: Landorus|Substitute|p1a: Landorus\n|-start|p1a: Landorus|Substitute\n|-damage|p1a: Landorus|13\/100\n|\n|-heal|p1a: Landorus|19\/100|[from] item: Leftovers\n|upkeep\n|turn|20\n|\n|t:|1698002188\n|move|p2a: Delibird|Ice Shard|p1a: Landorus\n|-resisted|p1a: Landorus\n|-activate|p1a: Landorus|move: Substitute|[damage]\n|move|p1a: Landorus|Psychic|p2a: Delibird\n|-damage|p2a: Delibird|0 fnt\n|faint|p2a: Delibird\n|\n|-heal|p1a: Landorus|25\/100|[from] item: Leftovers\n|upkeep\n|\n|t:|1698002197\n|switch|p2a: Ting-Lu|Ting-Lu|76\/100 tox\n|-ability|p2a: Ting-Lu|Vessel of Ruin\n|turn|21\n|\n|t:|1698002201\n|move|p1a: Landorus|Earth Power|p2a: Ting-Lu\n|-damage|p2a: Ting-Lu|18\/100 tox\n|move|p2a: Ting-Lu|Whirlwind|p1a: Landorus\n|drag|p1a: Weezing|Weezing-Galar, F|56\/100 par\n|\n|-heal|p2a: Ting-Lu|24\/100 tox|[from] item: Leftovers\n|-heal|p1a: Weezing|62\/100 par|[from] item: Leftovers\n|-damage|p2a: Ting-Lu|18\/100 tox|[from] psn\n|upkeep\n|turn|22\n|\n|t:|1698002208\n|switch|p2a: Gholdengo|Gholdengo|47\/100\n|move|p1a: Weezing|Defog|p2a: Gholdengo\n|-immune|p2a: Gholdengo|[from] ability: Good as Gold\n|\n|-heal|p1a: Weezing|68\/100 par|[from] item: Leftovers\n|upkeep\n|turn|23\n|\n|t:|1698002215\n|switch|p1a: Landorus|Landorus-Therian, M, tera:Water|25\/100\n|-activate|p1a: Landorus|move: Sticky Web\n|-unboost|p1a: Landorus|spe|1\n|-damage|p1a: Landorus|8\/100|[from] Spikes\n|-ability|p1a: Landorus|Intimidate|boost\n|-unboost|p2a: Gholdengo|atk|1\n|move|p2a: Gholdengo|Poltergeist|p1a: Landorus\n|-activate|p1a: Landorus|move: Poltergeist|Leftovers\n|-damage|p1a: Landorus|0 fnt\n|faint|p1a: Landorus\n|\n|upkeep\n|\n|t:|1698002224\n|switch|p1a: Blissey|Blissey, F|100\/100\n|turn|24\n|\n|t:|1698002227\n|move|p2a: Gholdengo|Low Kick|p1a: Blissey\n|-supereffective|p1a: Blissey\n|-damage|p1a: Blissey|83\/100\n|move|p1a: Blissey|Heal Bell|p1a: Blissey\n|-activate|p1a: Blissey|move: Heal Bell\n|-curestatus|p1: Weezing|par|[msg]\n|\n|upkeep\n|turn|25\n|\n|t:|1698002237\n|switch|p2a: Slowking|Slowking-Galar, F|100\/100\n|switch|p1a: Slowking|Slowking-Galar, F|100\/100\n|\n|upkeep\n|turn|26\n|\n|t:|1698002240\n|move|p1a: Slowking|Foul Play|p2a: Slowking\n|-supereffective|p2a: Slowking\n|-damage|p2a: Slowking|79\/100\n|move|p2a: Slowking|Foul Play|p1a: Slowking\n|-supereffective|p1a: Slowking\n|-damage|p1a: Slowking|85\/100\n|\n|upkeep\n|turn|27\n|\n|t:|1698002244\n|move|p1a: Slowking|Foul Play|p2a: Slowking\n|-supereffective|p2a: Slowking\n|-damage|p2a: Slowking|56\/100\n|move|p2a: Slowking|Chilly Reception|p2a: Slowking\n|-weather|Snow\n|\n|t:|1698002251\n|switch|p2a: Gholdengo|Gholdengo|47\/100|[from] Chilly Reception\n|\n|-weather|Snow|[upkeep]\n|upkeep\n|turn|28\n|\n|t:|1698002262\n|-terastallize|p2a: Gholdengo|Flying\n|move|p2a: Gholdengo|Poltergeist|p1a: Slowking\n|-activate|p1a: Slowking|move: Poltergeist|Heavy-Duty Boots\n|-supereffective|p1a: Slowking\n|-damage|p1a: Slowking|31\/100\n|move|p1a: Slowking|Foul Play|p2a: Gholdengo\n|-damage|p2a: Gholdengo|20\/100\n|\n|-weather|Snow|[upkeep]\n|upkeep\n|turn|29\n|\n|t:|1698002270\n|switch|p1a: Blissey|Blissey, F|83\/100\n|move|p2a: Gholdengo|Poltergeist|p1a: Blissey\n|-immune|p1a: Blissey\n|\n|-weather|Snow|[upkeep]\n|upkeep\n|turn|30\n|\n|t:|1698002276\n|switch|p2a: Ting-Lu|Ting-Lu|18\/100 tox\n|-ability|p2a: Ting-Lu|Vessel of Ruin\n|move|p1a: Blissey|Seismic Toss|p2a: Ting-Lu\n|-damage|p2a: Ting-Lu|0 fnt\n|faint|p2a: Ting-Lu\n|\n|-weather|Snow|[upkeep]\n|upkeep\n|\n|t:|1698002279\n|switch|p2a: Slowking|Slowking-Galar, F|90\/100\n|turn|31\n|\n|t:|1698002282\n|move|p1a: Blissey|Thunder Wave|p2a: Slowking\n|-status|p2a: Slowking|par\n|move|p2a: Slowking|Poison Jab|p1a: Blissey\n|-damage|p1a: Blissey|67\/100\n|\n|-weather|none\n|upkeep\n|turn|32\n|\n|t:|1698002287\n|move|p1a: Blissey|Seismic Toss|p2a: Slowking\n|-damage|p2a: Slowking|64\/100 par\n|move|p2a: Slowking|Toxic|p1a: Blissey\n|-status|p1a: Blissey|tox\n|\n|-damage|p1a: Blissey|60\/100 tox|[from] psn\n|upkeep\n|turn|33\n|\n|t:|1698002290\n|move|p1a: Blissey|Seismic Toss|p2a: Slowking\n|-damage|p2a: Slowking|39\/100 par\n|cant|p2a: Slowking|par\n|\n|-damage|p1a: Blissey|48\/100 tox|[from] psn\n|upkeep\n|turn|34\n|\n|t:|1698002293\n|switch|p2a: Ribombee|Ribombee, M|52\/100\n|move|p1a: Blissey|Heal Bell|p1a: Blissey\n|-activate|p1a: Blissey|move: Heal Bell\n|-curestatus|p1a: Blissey|tox|[msg]\n|\n|upkeep\n|turn|35\n|\n|t:|1698002299\n|switch|p1a: Weezing|Weezing-Galar, F|68\/100\n|move|p2a: Ribombee|U-turn|p1a: Weezing\n|-resisted|p1a: Weezing\n|-damage|p1a: Weezing|64\/100\n|\n|t:|1698002301\n|switch|p2a: Gholdengo|Gholdengo, tera:Flying|20\/100|[from] U-turn\n|\n|-heal|p1a: Weezing|70\/100|[from] item: Leftovers\n|upkeep\n|turn|36\n|\n|t:|1698002304\n|move|p2a: Gholdengo|Iron Head|p1a: Weezing\n|-supereffective|p1a: Weezing\n|-damage|p1a: Weezing|21\/100\n|move|p1a: Weezing|Strange Steam|p2a: Gholdengo\n|-damage|p2a: Gholdengo|0 fnt\n|faint|p2a: Gholdengo\n|\n|-heal|p1a: Weezing|27\/100|[from] item: Leftovers\n|upkeep\n|\n|t:|1698002309\n|switch|p2a: Ribombee|Ribombee, M|52\/100\n|turn|37\n|\n|t:|1698002314\n|move|p2a: Ribombee|Play Rough|p1a: Weezing|[miss]\n|-miss|p2a: Ribombee|p1a: Weezing\n|move|p1a: Weezing|Defog|p2a: Ribombee\n|-unboost|p2a: Ribombee|evasion|1\n|-sideend|p1: godiamsosorry|Spikes|[from] move: Defog|[of] p1a: Weezing\n|-sideend|p1: godiamsosorry|Sticky Web|[from] move: Defog|[of] p1a: Weezing\n|\n|-heal|p1a: Weezing|33\/100|[from] item: Leftovers\n|upkeep\n|turn|38\n|\n|t:|1698002317\n|move|p2a: Ribombee|Play Rough|p1a: Weezing\n|-resisted|p1a: Weezing\n|-damage|p1a: Weezing|21\/100\n|move|p1a: Weezing|Strange Steam|p2a: Ribombee\n|-damage|p2a: Ribombee|2\/100\n|\n|-heal|p1a: Weezing|27\/100|[from] item: Leftovers\n|upkeep\n|turn|39\n|\n|t:|1698002321\n|move|p2a: Ribombee|U-turn|p1a: Weezing\n|-resisted|p1a: Weezing\n|-damage|p1a: Weezing|23\/100\n|\n|t:|1698002323\n|switch|p2a: Slowking|Slowking-Galar, F|72\/100 par|[from] U-turn\n|move|p1a: Weezing|Strange Steam|p2a: Slowking\n|-resisted|p2a: Slowking\n|-damage|p2a: Slowking|60\/100 par\n|\n|-heal|p1a: Weezing|29\/100|[from] item: Leftovers\n|upkeep\n|turn|40\n|\n|t:|1698002328\n|move|p1a: Weezing|Strange Steam|p2a: Slowking\n|-resisted|p2a: Slowking\n|-damage|p2a: Slowking|50\/100 par\n|-start|p2a: Slowking|confusion\n|-activate|p2a: Slowking|confusion\n|move|p2a: Slowking|Poison Jab|p1a: Weezing\n|-damage|p1a: Weezing|11\/100\n|\n|-heal|p1a: Weezing|17\/100|[from] item: Leftovers\n|upkeep\n|turn|41\n|\n|t:|1698002332\n|move|p1a: Weezing|Strange Steam|p2a: Slowking\n|-resisted|p2a: Slowking\n|-damage|p2a: Slowking|39\/100 par\n|-activate|p2a: Slowking|confusion\n|-damage|p2a: Slowking|34\/100 par|[from] confusion\n|\n|-heal|p1a: Weezing|23\/100|[from] item: Leftovers\n|upkeep\n|turn|42\n|-message|Scampton forfeited.\n|\n|win|godiamsosorry\n|c|\u2606godiamsosorry|Gg.\n|c|\u2606Scampton|i need attackers....\n|c|\u2606godiamsosorry|Medi.\n|c|\u2606Scampton|ok\n|c|\u2606godiamsosorry|And Palafin.\n|c|\u2606godiamsosorry|Palafin is a monster on webs.\n|c|\u2606godiamsosorry|It\u00b4s the best beneficiary in the tier of them.\n|c|\u2606godiamsosorry|After this can you help me test Ike\u00b4s draft?\n|c|\u2606Scampton|one more\n|c|\u2606Scampton|den ok\n|l|\u2606Scampton\n|l|\u2606godiamsosorry\n|j|\u2606godiamsosorry\n|player|p1|godiamsosorry|caitlin\n","uploadtime":1698002758,"views":16,"p1id":"godiamsosorry","p2id":"scampton","formatid":"gen9ubers","rating":0,"private":0,"password":""}