{"id":"gen9ubers-1992192292","p1":"hatev2","p2":"Layzrrs","format":"[Gen 9] Ubers","log":"|j|\u2606hatev2\n|j|\u2606Layzrrs\n|t:|1700162638\n|gametype|singles\n|player|p1|hatev2|hiker-gen4|\n|player|p2|Layzrrs|170|\n|teamsize|p1|6\n|teamsize|p2|6\n|gen|9\n|tier|[Gen 9] Ubers\n|rule|Sleep Clause Mod: Limit one foe put to sleep\n|rule|Species Clause: Limit one of each Pok\u00e9mon\n|rule|OHKO Clause: OHKO moves are banned\n|rule|Evasion Items Clause: Evasion items are banned\n|rule|Evasion Moves Clause: Evasion moves are banned\n|rule|Endless Battle Clause: Forcing endless battles is banned\n|rule|HP Percentage Mod: HP is shown in percentages\n|clearpoke\n|poke|p1|Walking Wake|\n|poke|p1|Iron Treads|\n|poke|p1|Mamoswine, M|\n|poke|p1|Volcanion|\n|poke|p1|Hawlucha, F|\n|poke|p1|Indeedee-F, F|\n|poke|p2|Roaring Moon|\n|poke|p2|Gholdengo|\n|poke|p2|Infernape, F|\n|poke|p2|Kleavor, M|\n|poke|p2|Jolteon, M|\n|poke|p2|Eiscue, F|\n|teampreview\n|j| Scottowo\n|\n|t:|1700162651\n|start\n|switch|p1a: oval bussy|Volcanion|100\/100\n|switch|p2a: Kleavor|Kleavor, M|100\/100\n|turn|1\n|\n|t:|1700162693\n|switch|p1a: bussy trunk|Iron Treads|100\/100\n|move|p2a: Kleavor|Stone Axe|p1a: bussy trunk\n|-resisted|p1a: bussy trunk\n|-damage|p1a: bussy trunk|88\/100\n|-sidestart|p1: hatev2|move: Stealth Rock\n|\n|-heal|p1a: bussy trunk|94\/100|[from] item: Leftovers\n|upkeep\n|turn|2\n|\n|t:|1700162705\n|switch|p2a: Roaring Moon|Roaring Moon|100\/100\n|-enditem|p2a: Roaring Moon|Booster Energy\n|-activate|p2a: Roaring Moon|ability: Protosynthesis|[fromitem]\n|-start|p2a: Roaring Moon|protosynthesisatk\n|move|p1a: bussy trunk|Iron Head|p2a: Roaring Moon\n|-damage|p2a: Roaring Moon|52\/100\n|\n|-heal|p1a: bussy trunk|99\/100|[from] item: Leftovers\n|upkeep\n|turn|3\n|\n|t:|1700162743\n|move|p2a: Roaring Moon|Dragon Dance|p2a: Roaring Moon\n|-boost|p2a: Roaring Moon|atk|1\n|-boost|p2a: Roaring Moon|spe|1\n|move|p1a: bussy trunk|Earthquake|p2a: Roaring Moon\n|-damage|p2a: Roaring Moon|0 fnt\n|faint|p2a: Roaring Moon\n|-end|p2a: Roaring Moon|Protosynthesis|[silent]\n|\n|-heal|p1a: bussy trunk|100\/100|[from] item: Leftovers\n|upkeep\n|\n|t:|1700162752\n|switch|p2a: Kleavor|Kleavor, M|100\/100\n|turn|4\n|\n|t:|1700162757\n|move|p2a: Kleavor|Close Combat|p1a: bussy trunk\n|-supereffective|p1a: bussy trunk\n|-damage|p1a: bussy trunk|24\/100\n|-unboost|p2a: Kleavor|def|1\n|-unboost|p2a: Kleavor|spd|1\n|move|p1a: bussy trunk|Iron Head|p2a: Kleavor\n|-supereffective|p2a: Kleavor\n|-damage|p2a: Kleavor|0 fnt\n|faint|p2a: Kleavor\n|\n|-heal|p1a: bussy trunk|31\/100|[from] item: Leftovers\n|upkeep\n|\n|t:|1700162771\n|switch|p2a: Infernape|Infernape, F|100\/100\n|turn|5\n|\n|t:|1700162822\n|-end|p1a: bussy trunk|Quark Drive|[silent]\n|switch|p1a: blicky|Walking Wake|100\/100\n|-damage|p1a: blicky|88\/100|[from] Stealth Rock\n|move|p2a: Infernape|Drain Punch|p1a: blicky\n|-damage|p1a: blicky|50\/100\n|-damage|p2a: Infernape|91\/100|[from] item: Life Orb\n|\n|-heal|p1a: blicky|56\/100|[from] item: Leftovers\n|upkeep\n|turn|6\n|\n|t:|1700162846\n|switch|p2a: Gholdengo|Gholdengo|100\/100\n|move|p1a: blicky|Sunny Day|p1a: blicky\n|-weather|SunnyDay\n|-activate|p1a: blicky|ability: Protosynthesis\n|-start|p1a: blicky|protosynthesisspe\n|\n|-weather|SunnyDay|[upkeep]\n|-heal|p1a: blicky|62\/100|[from] item: Leftovers\n|upkeep\n|turn|7\n|\n|t:|1700162853\n|move|p1a: blicky|Weather Ball|p2a: Gholdengo\n|-supereffective|p2a: Gholdengo\n|-enditem|p2a: Gholdengo|Occa Berry|[eat]\n|-enditem|p2a: Gholdengo|Occa Berry|[weaken]\n|-damage|p2a: Gholdengo|58\/100\n|move|p2a: Gholdengo|Shadow Ball|p1a: blicky\n|-damage|p1a: blicky|4\/100\n|\n|-weather|SunnyDay|[upkeep]\n|-heal|p1a: blicky|10\/100|[from] item: Leftovers\n|upkeep\n|turn|8\n|\n|t:|1700162861\n|move|p1a: blicky|Weather Ball|p2a: Gholdengo\n|-supereffective|p2a: Gholdengo\n|-damage|p2a: Gholdengo|0 fnt\n|faint|p2a: Gholdengo\n|\n|-weather|SunnyDay|[upkeep]\n|-heal|p1a: blicky|16\/100|[from] item: Leftovers\n|upkeep\n|\n|t:|1700162867\n|switch|p2a: Jolteon|Jolteon, M|100\/100\n|turn|9\n|\n|t:|1700162874\n|move|p1a: blicky|Hydro Steam|p2a: Jolteon\n|-crit|p2a: Jolteon\n|-damage|p2a: Jolteon|0 fnt\n|faint|p2a: Jolteon\n|\n|-weather|SunnyDay|[upkeep]\n|-heal|p1a: blicky|22\/100|[from] item: Leftovers\n|upkeep\n|\n|t:|1700162877\n|switch|p2a: Eiscue|Eiscue, F|100\/100\n|turn|10\n|\n|t:|1700162880\n|move|p1a: blicky|Weather Ball|p2a: Eiscue\n|-supereffective|p2a: Eiscue\n|-crit|p2a: Eiscue\n|-enditem|p2a: Eiscue|Occa Berry|[eat]\n|-enditem|p2a: Eiscue|Occa Berry|[weaken]\n|-damage|p2a: Eiscue|22\/100\n|move|p2a: Eiscue|Ice Spinner|p1a: blicky\n|-damage|p1a: blicky|0 fnt\n|faint|p1a: blicky\n|-end|p1a: blicky|Protosynthesis|[silent]\n|\n|-weather|none\n|upkeep\n|\n|t:|1700162889\n|switch|p1a: oval bussy|Volcanion|100\/100\n|-damage|p1a: oval bussy|75\/100|[from] Stealth Rock\n|turn|11\n|\n|t:|1700162897\n|move|p2a: Eiscue|Head Smash|p1a: oval bussy|[miss]\n|-miss|p2a: Eiscue|p1a: oval bussy\n|move|p1a: oval bussy|Flamethrower|p2a: Eiscue\n|-supereffective|p2a: Eiscue\n|-damage|p2a: Eiscue|0 fnt\n|faint|p2a: Eiscue\n|\n|upkeep\n|\n|t:|1700162901\n|switch|p2a: Infernape|Infernape, F|91\/100\n|turn|12\n|\n|t:|1700162905\n|move|p2a: Infernape|Thunder Punch|p1a: oval bussy\n|-supereffective|p1a: oval bussy\n|-damage|p1a: oval bussy|18\/100\n|-damage|p2a: Infernape|81\/100|[from] item: Life Orb\n|move|p1a: oval bussy|Steam Eruption|p2a: Infernape\n|-supereffective|p2a: Infernape\n|-damage|p2a: Infernape|0 fnt\n|faint|p2a: Infernape\n|\n|win|hatev2\n|l|\u2606Layzrrs\n","uploadtime":1700162916,"views":31,"p1id":"hatev2","p2id":"layzrrs","formatid":"gen9ubers","rating":0,"private":0,"password":""}