{"id":"gen9ubers-1973728094","p1":"MPJasper","p2":"Deriverse","format":"[Gen 9] Ubers","log":"|j|\u2606MPJasper\n|j|\u2606Deriverse\n|t:|1698007463\n|gametype|singles\n|player|p1|MPJasper|102|1000\n|player|p2|Deriverse|roxanne|1188\n|teamsize|p1|6\n|teamsize|p2|6\n|gen|9\n|tier|[Gen 9] Ubers\n|rated|\n|rule|Sleep Clause Mod: Limit one foe put to sleep\n|rule|Species Clause: Limit one of each Pok\u00e9mon\n|rule|OHKO Clause: OHKO moves are banned\n|rule|Evasion Items Clause: Evasion items are banned\n|rule|Evasion Moves Clause: Evasion moves are banned\n|rule|Endless Battle Clause: Forcing endless battles is banned\n|rule|HP Percentage Mod: HP is shown in percentages\n|clearpoke\n|poke|p1|Gliscor, F|\n|poke|p1|Garchomp, M|\n|poke|p1|Maushold-Four|\n|poke|p1|Greninja-*, M|\n|poke|p1|Blissey, F|\n|poke|p1|Pawmot, F|\n|poke|p2|Shaymin-Sky|\n|poke|p2|Flutter Mane|\n|poke|p2|Groudon|\n|poke|p2|Palafin, F|\n|poke|p2|Ribombee, M|\n|poke|p2|Great Tusk|\n|teampreview\n|inactive|Battle timer is ON: inactive players will automatically lose when time's up. (requested by Deriverse)\n|\n|t:|1698007474\n|start\n|switch|p1a: Greninja|Greninja, M|100\/100\n|switch|p2a: Great Tusk|Great Tusk|100\/100\n|turn|1\n|\n|t:|1698007484\n|-end|p2a: Great Tusk|Protosynthesis|[silent]\n|switch|p2a: Palafin|Palafin, F|100\/100\n|move|p1a: Greninja|Water Shuriken|p2a: Palafin\n|-resisted|p2a: Palafin\n|-damage|p2a: Palafin|96\/100\n|-resisted|p2a: Palafin\n|-damage|p2a: Palafin|91\/100\n|-hitcount|p2a: Palafin|2\n|\n|upkeep\n|turn|2\n|\n|t:|1698007511\n|switch|p1a: Maushold|Maushold-Four|100\/100\n|move|p2a: Palafin|Drain Punch|p1a: Maushold\n|-supereffective|p1a: Maushold\n|-damage|p1a: Maushold|35\/100\n|-heal|p2a: Palafin|100\/100|[from] drain|[of] p1a: Maushold\n|\n|upkeep\n|turn|3\n|\n|t:|1698007522\n|move|p2a: Palafin|Jet Punch|p1a: Maushold\n|-damage|p1a: Maushold|0 fnt\n|faint|p1a: Maushold\n|\n|upkeep\n|\n|t:|1698007528\n|switch|p1a: Garchomp|Garchomp, M|100\/100\n|turn|4\n|\n|t:|1698007534\n|detailschange|p2a: Palafin|Palafin-Hero, F\n|switch|p2a: Great Tusk|Great Tusk|100\/100\n|move|p1a: Garchomp|Sandstorm|p1a: Garchomp\n|-weather|Sandstorm\n|\n|-weather|Sandstorm|[upkeep]\n|upkeep\n|turn|5\n|\n|t:|1698007543\n|move|p1a: Garchomp|Earthquake|p2a: Great Tusk\n|-damage|p2a: Great Tusk|79\/100\n|move|p2a: Great Tusk|Stealth Rock|p1a: Garchomp\n|-sidestart|p1: MPJasper|move: Stealth Rock\n|\n|-weather|Sandstorm|[upkeep]\n|upkeep\n|turn|6\n|\n|t:|1698007551\n|move|p2a: Great Tusk|Knock Off|p1a: Garchomp\n|-damage|p1a: Garchomp|78\/100\n|move|p1a: Garchomp|Dragon Tail|p2a: Great Tusk\n|-damage|p2a: Great Tusk|65\/100\n|-end|p2a: Great Tusk|Protosynthesis|[silent]\n|drag|p2a: Shaymin|Shaymin-Sky|100\/100\n|\n|-weather|Sandstorm|[upkeep]\n|-damage|p2a: Shaymin|94\/100|[from] Sandstorm\n|upkeep\n|turn|7\n|\n|t:|1698007564\n|move|p2a: Shaymin|Air Slash|p1a: Garchomp\n|-damage|p1a: Garchomp|35\/100\n|move|p1a: Garchomp|Dragon Tail|p2a: Shaymin|[miss]\n|-miss|p1a: Garchomp|p2a: Shaymin\n|\n|-weather|Sandstorm|[upkeep]\n|-damage|p2a: Shaymin|88\/100|[from] Sandstorm\n|upkeep\n|turn|8\n|-activate|p2a: Shaymin|item: Quick Claw\n|\n|t:|1698007573\n|move|p2a: Shaymin|Seed Flare|p1a: Garchomp|[miss]\n|-miss|p2a: Shaymin|p1a: Garchomp\n|move|p1a: Garchomp|Draco Meteor|p2a: Shaymin\n|-damage|p2a: Shaymin|29\/100\n|-unboost|p1a: Garchomp|spa|2\n|\n|-weather|none\n|upkeep\n|turn|9\n|-activate|p2a: Shaymin|item: Quick Claw\n|\n|t:|1698007585\n|move|p2a: Shaymin|Air Slash|p1a: Garchomp\n|-damage|p1a: Garchomp|0 fnt\n|faint|p1a: Garchomp\n|\n|upkeep\n|\n|t:|1698007596\n|switch|p1a: Greninja|Greninja, M|100\/100\n|-damage|p1a: Greninja|88\/100|[from] Stealth Rock\n|turn|10\n|\n|t:|1698007603\n|move|p2a: Shaymin|Seed Flare|p1a: Greninja|[miss]\n|-miss|p2a: Shaymin|p1a: Greninja\n|move|p1a: Greninja|Acrobatics|p2a: Shaymin\n|-supereffective|p2a: Shaymin\n|-damage|p2a: Shaymin|0 fnt\n|faint|p2a: Shaymin\n|-ability|p1a: Greninja|Battle Bond|boost\n|-boost|p1a: Greninja|atk|1\n|-boost|p1a: Greninja|spa|1\n|-boost|p1a: Greninja|spe|1\n|-activate|p1a: Greninja|ability: Battle Bond\n|\n|upkeep\n|\n|t:|1698007607\n|switch|p2a: Palafin|Palafin-Hero, F|100\/100\n|-activate|p2a: Palafin|ability: Zero to Hero\n|turn|11\n|\n|t:|1698007621\n|switch|p1a: Blissey|Blissey, F|100\/100\n|-damage|p1a: Blissey|88\/100|[from] Stealth Rock\n|-terastallize|p2a: Palafin|Fairy\n|move|p2a: Palafin|Drain Punch|p1a: Blissey\n|-supereffective|p1a: Blissey\n|-damage|p1a: Blissey|30\/100\n|\n|upkeep\n|turn|12\n|\n|t:|1698007632\n|move|p2a: Palafin|Drain Punch|p1a: Blissey\n|-supereffective|p1a: Blissey\n|-damage|p1a: Blissey|0 fnt\n|faint|p1a: Blissey\n|\n|upkeep\n|\n|t:|1698007640\n|switch|p1a: Greninja|Greninja, M|88\/100\n|-damage|p1a: Greninja|76\/100|[from] Stealth Rock\n|turn|13\n|\n|t:|1698007646\n|move|p1a: Greninja|Blizzard|p2a: Palafin\n|-damage|p2a: Palafin|65\/100\n|move|p2a: Palafin|Drain Punch|p1a: Greninja\n|-supereffective|p1a: Greninja\n|-damage|p1a: Greninja|0 fnt\n|-heal|p2a: Palafin|99\/100|[from] drain|[of] p1a: Greninja\n|faint|p1a: Greninja\n|\n|upkeep\n|\n|t:|1698007656\n|switch|p1a: Gliscor|Gliscor, F|100\/100\n|-damage|p1a: Gliscor|88\/100|[from] Stealth Rock\n|turn|14\n|\n|t:|1698007662\n|move|p1a: Gliscor|Substitute|p1a: Gliscor\n|-start|p1a: Gliscor|Substitute\n|-damage|p1a: Gliscor|63\/100\n|move|p2a: Palafin|Bulk Up|p2a: Palafin\n|-boost|p2a: Palafin|atk|1\n|-boost|p2a: Palafin|def|1\n|\n|-status|p1a: Gliscor|tox|[from] item: Toxic Orb\n|upkeep\n|turn|15\n|\n|t:|1698007673\n|move|p2a: Palafin|Jet Punch|p1a: Gliscor\n|-supereffective|p1a: Gliscor\n|-end|p1a: Gliscor|Substitute\n|move|p1a: Gliscor|Swords Dance|p1a: Gliscor\n|-boost|p1a: Gliscor|atk|2\n|\n|-heal|p1a: Gliscor|76\/100 tox|[from] ability: Poison Heal\n|upkeep\n|turn|16\n|\n|t:|1698007686\n|move|p2a: Palafin|Jet Punch|p1a: Gliscor\n|-supereffective|p1a: Gliscor\n|-damage|p1a: Gliscor|0 fnt\n|faint|p1a: Gliscor\n|\n|upkeep\n|\n|t:|1698007691\n|switch|p1a: Pawmot|Pawmot, F|100\/100\n|-damage|p1a: Pawmot|94\/100|[from] Stealth Rock\n|turn|17\n|\n|t:|1698007697\n|move|p1a: Pawmot|Revival Blessing|p1a: Pawmot\n|\n|t:|1698007710\n|-heal|p1: Greninja|50\/100|[from] move: Revival Blessing\n|move|p2a: Palafin|Drain Punch|p1a: Pawmot\n|-damage|p1a: Pawmot|19\/100\n|-heal|p2a: Palafin|100\/100|[from] drain|[of] p1a: Pawmot\n|\n|upkeep\n|turn|18\n|\n|t:|1698007721\n|move|p2a: Palafin|Jet Punch|p1a: Pawmot\n|-damage|p1a: Pawmot|0 fnt\n|faint|p1a: Pawmot\n|\n|upkeep\n|\n|t:|1698007726\n|switch|p1a: Greninja|Greninja, M|50\/100\n|-damage|p1a: Greninja|38\/100|[from] Stealth Rock\n|turn|19\n|\n|t:|1698007733\n|move|p2a: Palafin|Jet Punch|p1a: Greninja\n|-resisted|p1a: Greninja\n|-damage|p1a: Greninja|0 fnt\n|faint|p1a: Greninja\n|\n|win|Deriverse\n|raw|MPJasper's rating: 1000 &rarr; <strong>1000<\/strong><br \/>(+0 for losing)\n|raw|Deriverse's rating: 1188 &rarr; <strong>1201<\/strong><br \/>(+13 for winning)\n|l|\u2606MPJasper\n|l|\u2606Deriverse\n|j|\u2606Deriverse\n|player|p2|Deriverse|roxanne\n","uploadtime":1698008428,"views":7,"p1id":"mpjasper","p2id":"deriverse","formatid":"gen9ubers","rating":1000,"private":0,"password":""}