{"id":"gen9ubers-1987717598","p1":"Vazquez 2.0","p2":"Bka Onon","format":"[Gen 9] Ubers","log":"|j|\u2606Vazquez 2.0\n|j|\u2606Bka Onon\n|t:|1699630517\n|gametype|singles\n|player|p1|Vazquez 2.0|gardenia|\n|player|p2|Bka Onon|amelia-shuffle|\n|teamsize|p1|6\n|teamsize|p2|6\n|gen|9\n|tier|[Gen 9] Ubers\n|rule|Sleep Clause Mod: Limit one foe put to sleep\n|rule|Species Clause: Limit one of each Pok\u00e9mon\n|rule|OHKO Clause: OHKO moves are banned\n|rule|Evasion Items Clause: Evasion items are banned\n|rule|Evasion Moves Clause: Evasion moves are banned\n|rule|Endless Battle Clause: Forcing endless battles is banned\n|rule|HP Percentage Mod: HP is shown in percentages\n|clearpoke\n|poke|p1|Ursaluna, F|\n|poke|p1|Chi-Yu|\n|poke|p1|Magearna|\n|poke|p1|Dialga|\n|poke|p1|Palafin, M|\n|poke|p1|Arceus-Grass|\n|poke|p2|Espathra, F|\n|poke|p2|Arceus-Dragon|\n|poke|p2|Palkia-Origin|\n|poke|p2|Ursaluna-Bloodmoon, M|\n|poke|p2|Cyclizar, M|\n|poke|p2|Klefki, F|\n|teampreview\n|c|\u2606Bka Onon|hf\n|\n|t:|1699630549\n|start\n|switch|p1a: Ursaluna|Ursaluna, F|100\/100\n|switch|p2a: Klefki|Klefki, F|100\/100\n|turn|1\n|\n|t:|1699630557\n|move|p2a: Klefki|Reflect|p2a: Klefki\n|-sidestart|p2: Bka Onon|Reflect\n|move|p1a: Ursaluna|Swords Dance|p1a: Ursaluna\n|-boost|p1a: Ursaluna|atk|2\n|\n|-status|p1a: Ursaluna|brn|[from] item: Flame Orb\n|upkeep\n|turn|2\n|\n|t:|1699630573\n|move|p2a: Klefki|Spikes|p1a: Ursaluna\n|-sidestart|p1: Vazquez 2.0|Spikes\n|move|p1a: Ursaluna|Headlong Rush|p2a: Klefki\n|-supereffective|p2a: Klefki\n|-damage|p2a: Klefki|0 fnt\n|-unboost|p1a: Ursaluna|def|1\n|-unboost|p1a: Ursaluna|spd|1\n|faint|p2a: Klefki\n|\n|-damage|p1a: Ursaluna|94\/100 brn|[from] brn\n|upkeep\n|\n|t:|1699630576\n|switch|p2a: Palkia|Palkia-Origin, shiny|100\/100\n|-ability|p2a: Palkia|Pressure\n|turn|3\n|\n|t:|1699630590\n|switch|p1a: Magearna|Magearna|100\/100\n|-damage|p1a: Magearna|88\/100|[from] Spikes\n|move|p2a: Palkia|Hydro Pump|p1a: Magearna\n|-damage|p1a: Magearna|29\/100\n|\n|upkeep\n|turn|4\n|\n|t:|1699630612\n|switch|p1a: Arceus|Arceus-Grass|100\/100\n|-damage|p1a: Arceus|88\/100|[from] Spikes\n|move|p2a: Palkia|Hydro Pump|p1a: Arceus\n|-resisted|p1a: Arceus\n|-damage|p1a: Arceus|65\/100\n|\n|upkeep\n|turn|5\n|\n|t:|1699630616\n|move|p2a: Palkia|Thunder Wave|p1a: Arceus\n|-status|p1a: Arceus|par\n|cant|p1a: Arceus|par\n|\n|upkeep\n|turn|6\n|\n|t:|1699630620\n|move|p2a: Palkia|Spacial Rend|p1a: Arceus\n|-damage|p1a: Arceus|22\/100 par\n|cant|p1a: Arceus|par\n|\n|upkeep\n|turn|7\n|\n|t:|1699630627\n|move|p2a: Palkia|Spacial Rend|p1a: Arceus\n|-crit|p1a: Arceus\n|-damage|p1a: Arceus|0 fnt\n|faint|p1a: Arceus\n|\n|upkeep\n|\n|t:|1699630629\n|switch|p1a: Dialga|Dialga|100\/100\n|-damage|p1a: Dialga|88\/100|[from] Spikes\n|-ability|p1a: Dialga|Pressure\n|turn|8\n|\n|t:|1699630634\n|move|p2a: Palkia|Substitute|p2a: Palkia\n|-start|p2a: Palkia|Substitute\n|-damage|p2a: Palkia|76\/100\n|move|p1a: Dialga|Trick Room|p1a: Dialga\n|-fieldstart|move: Trick Room|[of] p1a: Dialga\n|\n|-sideend|p2: Bka Onon|Reflect\n|upkeep\n|turn|9\n|\n|t:|1699630646\n|move|p1a: Dialga|Draco Meteor|p2a: Palkia\n|-supereffective|p2a: Palkia\n|-end|p2a: Palkia|Substitute\n|-unboost|p1a: Dialga|spa|2\n|-enditem|p1a: Dialga|Eject Pack\n|\n|t:|1699630650\n|switch|p1a: Magearna|Magearna|29\/100\n|-damage|p1a: Magearna|16\/100|[from] Spikes\n|move|p2a: Palkia|Substitute|p2a: Palkia\n|-start|p2a: Palkia|Substitute\n|-damage|p2a: Palkia|51\/100\n|\n|upkeep\n|turn|10\n|\n|t:|1699630654\n|move|p1a: Magearna|Fleur Cannon|p2a: Palkia\n|-supereffective|p2a: Palkia\n|-end|p2a: Palkia|Substitute\n|-unboost|p1a: Magearna|spa|2\n|move|p2a: Palkia|Substitute|p2a: Palkia\n|-start|p2a: Palkia|Substitute\n|-damage|p2a: Palkia|26\/100\n|\n|upkeep\n|turn|11\n|\n|t:|1699630657\n|move|p1a: Magearna|Fleur Cannon|p2a: Palkia\n|-supereffective|p2a: Palkia\n|-end|p2a: Palkia|Substitute\n|-unboost|p1a: Magearna|spa|2\n|move|p2a: Palkia|Substitute|p2a: Palkia\n|-start|p2a: Palkia|Substitute\n|-damage|p2a: Palkia|1\/100\n|\n|upkeep\n|turn|12\n|\n|t:|1699630660\n|move|p1a: Magearna|Fleur Cannon|p2a: Palkia\n|-supereffective|p2a: Palkia\n|-end|p2a: Palkia|Substitute\n|-unboost|p1a: Magearna|spa|2\n|move|p2a: Palkia|Hydro Pump|p1a: Magearna|[miss]\n|-miss|p2a: Palkia|p1a: Magearna\n|\n|-fieldend|move: Trick Room\n|upkeep\n|turn|13\n|\n|t:|1699630664\n|move|p2a: Palkia|Hydro Pump|p1a: Magearna\n|-damage|p1a: Magearna|0 fnt\n|faint|p1a: Magearna\n|\n|upkeep\n|\n|t:|1699630666\n|switch|p1a: Palafin|Palafin, M|100\/100\n|-damage|p1a: Palafin|88\/100|[from] Spikes\n|turn|14\n|\n|t:|1699630669\n|move|p1a: Palafin|Jet Punch|p2a: Palkia\n|-resisted|p2a: Palkia\n|-damage|p2a: Palkia|0 fnt\n|faint|p2a: Palkia\n|\n|upkeep\n|\n|t:|1699630683\n|switch|p2a: Arceus|Arceus-Dragon|100\/100\n|turn|15\n|\n|t:|1699630691\n|detailschange|p1a: Palafin|Palafin-Hero, M\n|switch|p1a: Chi-Yu|Chi-Yu|100\/100\n|-damage|p1a: Chi-Yu|88\/100|[from] Spikes\n|-ability|p1a: Chi-Yu|Beads of Ruin\n|move|p2a: Arceus|Bulk Up|p2a: Arceus\n|-boost|p2a: Arceus|atk|1\n|-boost|p2a: Arceus|def|1\n|\n|upkeep\n|turn|16\n|\n|t:|1699630697\n|-terastallize|p1a: Chi-Yu|Fairy\n|move|p2a: Arceus|Earthquake|p1a: Chi-Yu\n|-damage|p1a: Chi-Yu|24\/100\n|move|p1a: Chi-Yu|Tera Blast|p2a: Arceus|[anim] Tera Blast Fairy\n|-supereffective|p2a: Arceus\n|-damage|p2a: Arceus|0 fnt\n|faint|p2a: Arceus\n|\n|upkeep\n|\n|t:|1699630706\n|switch|p2a: Espathra|Espathra, F|100\/100\n|turn|17\n|\n|t:|1699630709\n|switch|p1a: Dialga|Dialga|88\/100\n|-damage|p1a: Dialga|76\/100|[from] Spikes\n|-ability|p1a: Dialga|Pressure\n|move|p2a: Espathra|Calm Mind|p2a: Espathra\n|-boost|p2a: Espathra|spa|1\n|-boost|p2a: Espathra|spd|1\n|\n|-ability|p2a: Espathra|Speed Boost|boost\n|-boost|p2a: Espathra|spe|1\n|upkeep\n|turn|18\n|\n|t:|1699630712\n|move|p2a: Espathra|Calm Mind|p2a: Espathra\n|-boost|p2a: Espathra|spa|1\n|-boost|p2a: Espathra|spd|1\n|move|p1a: Dialga|Trick Room|p1a: Dialga\n|-fieldstart|move: Trick Room|[of] p1a: Dialga\n|\n|-ability|p2a: Espathra|Speed Boost|boost\n|-boost|p2a: Espathra|spe|1\n|upkeep\n|turn|19\n|\n|t:|1699630719\n|move|p1a: Dialga|Steel Beam|p2a: Espathra\n|-damage|p2a: Espathra|46\/100\n|-damage|p1a: Dialga|26\/100|[from] steelbeam\n|move|p2a: Espathra|Stored Power|p1a: Dialga\n|-resisted|p1a: Dialga\n|-damage|p1a: Dialga|0 fnt\n|faint|p1a: Dialga\n|\n|-ability|p2a: Espathra|Speed Boost|boost\n|-boost|p2a: Espathra|spe|1\n|upkeep\n|\n|t:|1699630726\n|switch|p1a: Ursaluna|Ursaluna, F|94\/100 brn\n|-damage|p1a: Ursaluna|82\/100 brn|[from] Spikes\n|turn|20\n|\n|t:|1699630728\n|move|p1a: Ursaluna|Facade|p2a: Espathra\n|-damage|p2a: Espathra|0 fnt\n|faint|p2a: Espathra\n|\n|-damage|p1a: Ursaluna|76\/100 brn|[from] brn\n|upkeep\n|\n|t:|1699630731\n|switch|p2a: Cyclizar|Cyclizar, M|100\/100\n|turn|21\n|\n|t:|1699630761\n|-terastallize|p2a: Cyclizar|Steel\n|move|p1a: Ursaluna|Facade|p2a: Cyclizar\n|-resisted|p2a: Cyclizar\n|-damage|p2a: Cyclizar|13\/100\n|move|p2a: Cyclizar|Knock Off|p1a: Ursaluna\n|-damage|p1a: Ursaluna|61\/100 brn\n|-enditem|p1a: Ursaluna|Flame Orb|[from] move: Knock Off|[of] p2a: Cyclizar\n|\n|-damage|p1a: Ursaluna|55\/100 brn|[from] brn\n|upkeep\n|turn|22\n|\n|t:|1699630766\n|move|p1a: Ursaluna|Facade|p2a: Cyclizar\n|-resisted|p2a: Cyclizar\n|-damage|p2a: Cyclizar|0 fnt\n|faint|p2a: Cyclizar\n|\n|-damage|p1a: Ursaluna|49\/100 brn|[from] brn\n|-fieldend|move: Trick Room\n|upkeep\n|\n|t:|1699630768\n|switch|p2a: Ursaluna|Ursaluna-Bloodmoon, M|100\/100\n|turn|23\n|\n|t:|1699630779\n|move|p2a: Ursaluna|Blood Moon|p1a: Ursaluna\n|-damage|p1a: Ursaluna|0 fnt\n|faint|p1a: Ursaluna\n|\n|upkeep\n|\n|t:|1699630781\n|switch|p1a: Chi-Yu|Chi-Yu, tera:Fairy|24\/100\n|-damage|p1a: Chi-Yu|12\/100|[from] Spikes\n|-ability|p1a: Chi-Yu|Beads of Ruin\n|turn|24\n|\n|t:|1699630786\n|move|p1a: Chi-Yu|Flamethrower|p2a: Ursaluna\n|-damage|p2a: Ursaluna|0 fnt\n|faint|p2a: Ursaluna\n|\n|win|Vazquez 2.0\n|c|\u2606Bka Onon|gg\n|c|\u2606Vazquez 2.0|gg\n|l|\u2606Bka Onon\n","uploadtime":1699630801,"views":24,"p1id":"vazquez20","p2id":"bkaonon","formatid":"gen9ubers","rating":0,"private":0,"password":""}