{"id":"gen9ubers-1996988236","p1":"Anne Frankkkk","p2":"TheAlmightyBean","format":"[Gen 9] Ubers","log":"|j|\u2606Anne Frankkkk\n|j|\u2606TheAlmightyBean\n|t:|1700752977\n|gametype|singles\n|player|p1|Anne Frankkkk|hilbert|1194\n|player|p2|TheAlmightyBean|ghetsis|1109\n|teamsize|p1|6\n|teamsize|p2|6\n|gen|9\n|tier|[Gen 9] Ubers\n|rated|\n|rule|Sleep Clause Mod: Limit one foe put to sleep\n|rule|Species Clause: Limit one of each Pok\u00e9mon\n|rule|OHKO Clause: OHKO moves are banned\n|rule|Evasion Items Clause: Evasion items are banned\n|rule|Evasion Moves Clause: Evasion moves are banned\n|rule|Endless Battle Clause: Forcing endless battles is banned\n|rule|HP Percentage Mod: HP is shown in percentages\n|clearpoke\n|poke|p1|Regieleki|\n|poke|p1|Kyogre|\n|poke|p1|Chien-Pao|\n|poke|p1|Ribombee, M|\n|poke|p1|Miraidon|\n|poke|p1|Flutter Mane|\n|poke|p2|Gliscor, M|\n|poke|p2|Arceus-Fairy|\n|poke|p2|Kyogre|\n|poke|p2|Giratina-Origin|\n|poke|p2|Ting-Lu|\n|poke|p2|Eternatus|\n|teampreview\n|\n|t:|1700752981\n|start\n|switch|p1a: Moonblast|Ribombee, M, shiny|100\/100\n|switch|p2a: Gliscor|Gliscor, M|100\/100\n|turn|1\n|inactive|Battle timer is ON: inactive players will automatically lose when time's up. (requested by Anne Frankkkk)\n|\n|t:|1700752986\n|move|p1a: Moonblast|Sticky Web|p2a: Gliscor\n|-sidestart|p2: TheAlmightyBean|move: Sticky Web\n|move|p2a: Gliscor|Toxic|p1a: Moonblast\n|-status|p1a: Moonblast|tox\n|\n|-damage|p1a: Moonblast|94\/100 tox|[from] psn\n|-status|p2a: Gliscor|tox|[from] item: Toxic Orb\n|upkeep\n|turn|2\n|\n|t:|1700752992\n|move|p1a: Moonblast|Moonblast|p2a: Gliscor\n|-damage|p2a: Gliscor|64\/100 tox\n|move|p2a: Gliscor|Spikes|p1a: Moonblast\n|-sidestart|p1: Anne Frankkkk|Spikes\n|\n|-damage|p1a: Moonblast|82\/100 tox|[from] psn\n|-heal|p2a: Gliscor|76\/100 tox|[from] ability: Poison Heal\n|upkeep\n|turn|3\n|\n|t:|1700753015\n|switch|p2a: Eternatus|Eternatus|100\/100\n|-ability|p2a: Eternatus|Pressure\n|move|p1a: Moonblast|Moonblast|p2a: Eternatus\n|-damage|p2a: Eternatus|77\/100\n|\n|-damage|p1a: Moonblast|64\/100 tox|[from] psn\n|upkeep\n|turn|4\n|\n|t:|1700753024\n|move|p1a: Moonblast|Stun Spore|p2a: Eternatus|[miss]\n|-miss|p1a: Moonblast|p2a: Eternatus\n|move|p2a: Eternatus|Flamethrower|p1a: Moonblast\n|-supereffective|p1a: Moonblast\n|-damage|p1a: Moonblast|0 fnt\n|faint|p1a: Moonblast\n|\n|upkeep\n|\n|t:|1700753030\n|switch|p1a: Bzzzzt|Regieleki, shiny|100\/100\n|-damage|p1a: Bzzzzt|88\/100|[from] Spikes\n|turn|5\n|\n|t:|1700753035\n|move|p1a: Bzzzzt|Rapid Spin|p2a: Eternatus\n|-damage|p2a: Eternatus|70\/100\n|-boost|p1a: Bzzzzt|spe|1\n|-sideend|p1: Anne Frankkkk|Spikes|[from] move: Rapid Spin|[of] p1a: Bzzzzt\n|move|p2a: Eternatus|Toxic|p1a: Bzzzzt\n|-status|p1a: Bzzzzt|tox\n|\n|-damage|p1a: Bzzzzt|82\/100 tox|[from] psn\n|upkeep\n|turn|6\n|\n|t:|1700753044\n|move|p1a: Bzzzzt|Volt Switch|p2a: Eternatus\n|-resisted|p2a: Eternatus\n|-damage|p2a: Eternatus|53\/100\n|\n|t:|1700753047\n|switch|p1a: Misdreavius|Flutter Mane, shiny|100\/100|[from] Volt Switch\n|-enditem|p1a: Misdreavius|Booster Energy\n|-activate|p1a: Misdreavius|ability: Protosynthesis|[fromitem]\n|-start|p1a: Misdreavius|protosynthesisspe\n|move|p2a: Eternatus|Dynamax Cannon|p1a: Misdreavius\n|-immune|p1a: Misdreavius\n|\n|upkeep\n|turn|7\n|\n|t:|1700753058\n|-terastallize|p2a: Eternatus|Fire\n|move|p1a: Misdreavius|Calm Mind|p1a: Misdreavius\n|-boost|p1a: Misdreavius|spa|1\n|-boost|p1a: Misdreavius|spd|1\n|move|p2a: Eternatus|Toxic|p1a: Misdreavius\n|-status|p1a: Misdreavius|tox\n|\n|-damage|p1a: Misdreavius|95\/100 tox|[from] psn\n|upkeep\n|turn|8\n|\n|t:|1700753066\n|move|p1a: Misdreavius|Power Gem|p2a: Eternatus\n|-supereffective|p2a: Eternatus\n|-damage|p2a: Eternatus|0 fnt\n|faint|p2a: Eternatus\n|\n|-damage|p1a: Misdreavius|83\/100 tox|[from] psn\n|upkeep\n|\n|t:|1700753081\n|switch|p2a: Arceus|Arceus-Fairy|100\/100\n|-activate|p2a: Arceus|move: Sticky Web\n|-unboost|p2a: Arceus|spe|1\n|turn|9\n|\n|t:|1700753092\n|move|p1a: Misdreavius|Moonblast|p2a: Arceus\n|-damage|p2a: Arceus|48\/100\n|move|p2a: Arceus|Judgment|p1a: Misdreavius\n|-damage|p1a: Misdreavius|43\/100 tox\n|\n|-damage|p1a: Misdreavius|25\/100 tox|[from] psn\n|upkeep\n|turn|10\n|\n|t:|1700753099\n|move|p1a: Misdreavius|Moonblast|p2a: Arceus\n|-damage|p2a: Arceus|0 fnt\n|faint|p2a: Arceus\n|\n|-damage|p1a: Misdreavius|1\/100 tox|[from] psn\n|upkeep\n|\n|t:|1700753104\n|switch|p2a: Gliscor|Gliscor, M|76\/100 tox\n|turn|11\n|\n|t:|1700753109\n|move|p2a: Gliscor|Protect|p2a: Gliscor\n|-singleturn|p2a: Gliscor|Protect\n|move|p1a: Misdreavius|Shadow Ball|p2a: Gliscor\n|-activate|p2a: Gliscor|move: Protect\n|\n|-damage|p1a: Misdreavius|0 fnt|[from] psn\n|faint|p1a: Misdreavius\n|-end|p1a: Misdreavius|Protosynthesis|[silent]\n|-heal|p2a: Gliscor|89\/100 tox|[from] ability: Poison Heal\n|upkeep\n|\n|t:|1700753116\n|switch|p1a: Ice Cat|Chien-Pao|100\/100\n|-ability|p1a: Ice Cat|Sword of Ruin\n|turn|12\n|\n|t:|1700753122\n|move|p1a: Ice Cat|Ice Spinner|p2a: Gliscor\n|-supereffective|p2a: Gliscor\n|-damage|p2a: Gliscor|0 fnt\n|faint|p2a: Gliscor\n|\n|upkeep\n|-message|TheAlmightyBean forfeited.\n|\n|win|Anne Frankkkk\n|raw|Anne Frankkkk's rating: 1194 &rarr; <strong>1213<\/strong><br \/>(+19 for winning)\n|raw|TheAlmightyBean's rating: 1109 &rarr; <strong>1090<\/strong><br \/>(-19 for losing)\n|l|\u2606TheAlmightyBean\n","uploadtime":1700753133,"views":0,"p1id":"annefrankkkk","p2id":"thealmightybean","formatid":"gen9ubers","rating":1090,"private":0,"password":""}