{"id":"gen9ubers-1973143601","p1":"Hhuuvv","p2":"GarvantularBicep","format":"[Gen 9] Ubers","log":"|j|\u2606Hhuuvv\n|j|\u2606GarvantularBicep\n|t:|1697932465\n|gametype|singles\n|player|p1|Hhuuvv|hoopster|\n|player|p2|GarvantularBicep|265|\n|teamsize|p1|6\n|teamsize|p2|6\n|gen|9\n|tier|[Gen 9] Ubers\n|rule|Sleep Clause Mod: Limit one foe put to sleep\n|rule|Species Clause: Limit one of each Pok\u00e9mon\n|rule|OHKO Clause: OHKO moves are banned\n|rule|Evasion Items Clause: Evasion items are banned\n|rule|Evasion Moves Clause: Evasion moves are banned\n|rule|Endless Battle Clause: Forcing endless battles is banned\n|rule|HP Percentage Mod: HP is shown in percentages\n|clearpoke\n|poke|p1|Slaking, M|\n|poke|p1|Scream Tail|\n|poke|p1|Torkoal, M|\n|poke|p1|Walking Wake|\n|poke|p1|Brute Bonnet|\n|poke|p1|Ursaluna, M|\n|poke|p2|Greninja-*, M|\n|poke|p2|Hydreigon, M|\n|poke|p2|Iron Hands|\n|poke|p2|Dondozo, M|\n|poke|p2|Drednaw, F|\n|poke|p2|Jirachi|\n|teampreview\n|\n|t:|1697932493\n|start\n|switch|p1a: Brute Bonnet|Brute Bonnet|100\/100\n|switch|p2a: Greninja|Greninja, M|100\/100\n|turn|1\n|\n|t:|1697932509\n|move|p2a: Greninja|Dark Pulse|p1a: Brute Bonnet\n|-resisted|p1a: Brute Bonnet\n|-damage|p1a: Brute Bonnet|81\/100\n|-damage|p2a: Greninja|91\/100|[from] item: Life Orb\n|cant|p1a: Brute Bonnet|flinch\n|\n|upkeep\n|turn|2\n|\n|t:|1697932527\n|switch|p2a: Jirachi|Jirachi|100\/100\n|move|p1a: Brute Bonnet|Spore|p2a: Jirachi\n|-status|p2a: Jirachi|slp|[from] move: Spore\n|\n|upkeep\n|turn|3\n|\n|t:|1697932551\n|switch|p2a: Hydreigon|Hydreigon, M|100\/100\n|move|p1a: Brute Bonnet|Crunch|p2a: Hydreigon\n|-resisted|p2a: Hydreigon\n|-damage|p2a: Hydreigon|74\/100\n|\n|upkeep\n|turn|4\n|\n|t:|1697932564\n|move|p2a: Hydreigon|Fire Blast|p1a: Brute Bonnet|[miss]\n|-miss|p2a: Hydreigon|p1a: Brute Bonnet\n|move|p1a: Brute Bonnet|Close Combat|p2a: Hydreigon\n|-supereffective|p2a: Hydreigon\n|-damage|p2a: Hydreigon|0 fnt\n|-unboost|p1a: Brute Bonnet|def|1\n|-unboost|p1a: Brute Bonnet|spd|1\n|faint|p2a: Hydreigon\n|\n|upkeep\n|\n|t:|1697932594\n|switch|p2a: Iron Hands|Iron Hands|100\/100\n|turn|5\n|\n|t:|1697932612\n|-end|p1a: Brute Bonnet|Protosynthesis|[silent]\n|switch|p1a: Slaking|Slaking, M|100\/100\n|move|p2a: Iron Hands|Drain Punch|p1a: Slaking\n|-supereffective|p1a: Slaking\n|-damage|p1a: Slaking|32\/100\n|\n|upkeep\n|turn|6\n|\n|t:|1697932629\n|switch|p1a: Scream Tail|Scream Tail|100\/100\n|move|p2a: Iron Hands|Drain Punch|p1a: Scream Tail\n|-resisted|p1a: Scream Tail\n|-damage|p1a: Scream Tail|93\/100\n|\n|upkeep\n|turn|7\n|\n|t:|1697932643\n|-end|p2a: Iron Hands|Quark Drive|[silent]\n|switch|p2a: Jirachi|Jirachi|100\/100 slp\n|move|p1a: Scream Tail|Reflect|p1a: Scream Tail\n|-sidestart|p1: Hhuuvv|Reflect\n|\n|upkeep\n|turn|8\n|\n|t:|1697932654\n|cant|p2a: Jirachi|slp\n|move|p1a: Scream Tail|Wish|p1a: Scream Tail\n|\n|upkeep\n|turn|9\n|\n|t:|1697932661\n|-end|p1a: Scream Tail|Protosynthesis|[silent]\n|switch|p1a: Slaking|Slaking, M|32\/100\n|cant|p2a: Jirachi|slp\n|\n|-heal|p1a: Slaking|82\/100|[from] move: Wish|[wisher] Scream Tail\n|upkeep\n|turn|10\n|\n|t:|1697932677\n|move|p1a: Slaking|Knock Off|p2a: Jirachi\n|-supereffective|p2a: Jirachi\n|-damage|p2a: Jirachi|6\/100 slp\n|-enditem|p2a: Jirachi|Leftovers|[from] move: Knock Off|[of] p1a: Slaking\n|-curestatus|p2a: Jirachi|slp|[msg]\n|move|p2a: Jirachi|Stealth Rock|p1a: Slaking\n|-sidestart|p1: Hhuuvv|move: Stealth Rock\n|\n|upkeep\n|turn|11\n|\n|t:|1697932700\n|cant|p1a: Slaking|ability: Truant\n|move|p2a: Jirachi|Wish|p2a: Jirachi\n|\n|upkeep\n|turn|12\n|\n|t:|1697932717\n|switch|p2a: Greninja|Greninja, M|91\/100\n|move|p1a: Slaking|Knock Off|p2a: Greninja\n|-resisted|p2a: Greninja\n|-damage|p2a: Greninja|44\/100\n|-enditem|p2a: Greninja|Life Orb|[from] move: Knock Off|[of] p1a: Slaking\n|\n|-heal|p2a: Greninja|100\/100|[from] move: Wish|[wisher] Jirachi\n|upkeep\n|turn|13\n|\n|t:|1697932733\n|move|p2a: Greninja|Hydro Pump|p1a: Slaking\n|-damage|p1a: Slaking|29\/100\n|cant|p1a: Slaking|ability: Truant\n|\n|upkeep\n|turn|14\n|\n|t:|1697932754\n|switch|p1a: Brute Bonnet|Brute Bonnet|81\/100\n|-damage|p1a: Brute Bonnet|69\/100|[from] Stealth Rock\n|move|p2a: Greninja|Hydro Pump|p1a: Brute Bonnet\n|-resisted|p1a: Brute Bonnet\n|-damage|p1a: Brute Bonnet|49\/100\n|\n|-sideend|p1: Hhuuvv|Reflect\n|upkeep\n|turn|15\n|\n|t:|1697932773\n|switch|p2a: Jirachi|Jirachi|6\/100\n|move|p1a: Brute Bonnet|Spore|p2a: Jirachi\n|-status|p2a: Jirachi|slp|[from] move: Spore\n|\n|upkeep\n|turn|16\n|\n|t:|1697932787\n|switch|p2a: Iron Hands|Iron Hands|100\/100\n|move|p1a: Brute Bonnet|Crunch|p2a: Iron Hands\n|-resisted|p2a: Iron Hands\n|-damage|p2a: Iron Hands|85\/100\n|\n|upkeep\n|turn|17\n|\n|t:|1697932820\n|-end|p1a: Brute Bonnet|Protosynthesis|[silent]\n|switch|p1a: Torkoal|Torkoal, M|100\/100\n|-damage|p1a: Torkoal|75\/100|[from] Stealth Rock\n|-weather|SunnyDay|[from] ability: Drought|[of] p1a: Torkoal\n|move|p2a: Iron Hands|Wild Charge|p1a: Torkoal\n|-damage|p1a: Torkoal|44\/100\n|-damage|p2a: Iron Hands|80\/100|[from] Recoil\n|\n|-weather|SunnyDay|[upkeep]\n|upkeep\n|turn|18\n|\n|t:|1697932836\n|switch|p1a: Scream Tail|Scream Tail|93\/100\n|-damage|p1a: Scream Tail|81\/100|[from] Stealth Rock\n|-activate|p1a: Scream Tail|ability: Protosynthesis\n|-start|p1a: Scream Tail|protosynthesisdef\n|move|p2a: Iron Hands|Close Combat|p1a: Scream Tail\n|-resisted|p1a: Scream Tail\n|-damage|p1a: Scream Tail|72\/100\n|-unboost|p2a: Iron Hands|def|1\n|-unboost|p2a: Iron Hands|spd|1\n|\n|-weather|SunnyDay|[upkeep]\n|upkeep\n|turn|19\n|\n|t:|1697932853\n|-end|p2a: Iron Hands|Quark Drive|[silent]\n|switch|p2a: Dondozo|Dondozo, M|100\/100\n|move|p1a: Scream Tail|Reflect|p1a: Scream Tail\n|-sidestart|p1: Hhuuvv|Reflect\n|\n|-weather|SunnyDay|[upkeep]\n|upkeep\n|turn|20\n|\n|t:|1697932865\n|move|p1a: Scream Tail|Wish|p1a: Scream Tail\n|move|p2a: Dondozo|Liquidation|p1a: Scream Tail\n|-damage|p1a: Scream Tail|68\/100\n|-unboost|p1a: Scream Tail|def|1\n|\n|-weather|SunnyDay|[upkeep]\n|upkeep\n|turn|21\n|\n|t:|1697932886\n|-end|p1a: Scream Tail|Protosynthesis|[silent]\n|switch|p1a: Brute Bonnet|Brute Bonnet|49\/100\n|-damage|p1a: Brute Bonnet|37\/100|[from] Stealth Rock\n|-activate|p1a: Brute Bonnet|ability: Protosynthesis\n|-start|p1a: Brute Bonnet|protosynthesisatk\n|switch|p2a: Greninja|Greninja, M|100\/100\n|\n|-weather|SunnyDay|[upkeep]\n|-heal|p1a: Brute Bonnet|88\/100|[from] move: Wish|[wisher] Scream Tail\n|upkeep\n|turn|22\n|\n|t:|1697932902\n|move|p2a: Greninja|Hydro Pump|p1a: Brute Bonnet\n|-resisted|p1a: Brute Bonnet\n|-damage|p1a: Brute Bonnet|78\/100\n|move|p1a: Brute Bonnet|Seed Bomb|p2a: Greninja\n|-supereffective|p2a: Greninja\n|-damage|p2a: Greninja|0 fnt\n|faint|p2a: Greninja\n|\n|-weather|SunnyDay|[upkeep]\n|upkeep\n|\n|t:|1697932921\n|switch|p2a: Dondozo|Dondozo, M|100\/100\n|turn|23\n|\n|t:|1697932946\n|move|p1a: Brute Bonnet|Seed Bomb|p2a: Dondozo\n|-supereffective|p2a: Dondozo\n|-damage|p2a: Dondozo|44\/100\n|move|p2a: Dondozo|Body Press|p1a: Brute Bonnet\n|-supereffective|p1a: Brute Bonnet\n|-damage|p1a: Brute Bonnet|55\/100\n|\n|-weather|SunnyDay|[upkeep]\n|upkeep\n|turn|24\n|\n|t:|1697932962\n|move|p1a: Brute Bonnet|Seed Bomb|p2a: Dondozo\n|-supereffective|p2a: Dondozo\n|-damage|p2a: Dondozo|0 fnt\n|faint|p2a: Dondozo\n|\n|-weather|none\n|-end|p1a: Brute Bonnet|Protosynthesis\n|upkeep\n|\n|t:|1697932979\n|switch|p2a: Iron Hands|Iron Hands|80\/100\n|turn|25\n|\n|t:|1697933002\n|-end|p1a: Brute Bonnet|Protosynthesis|[silent]\n|switch|p1a: Scream Tail|Scream Tail|68\/100\n|-damage|p1a: Scream Tail|56\/100|[from] Stealth Rock\n|move|p2a: Iron Hands|Drain Punch|p1a: Scream Tail\n|-resisted|p1a: Scream Tail\n|-damage|p1a: Scream Tail|52\/100\n|-heal|p2a: Iron Hands|81\/100|[from] drain|[of] p1a: Scream Tail\n|\n|upkeep\n|turn|26\n|\n|t:|1697933016\n|move|p1a: Scream Tail|Wish|p1a: Scream Tail\n|move|p2a: Iron Hands|Earthquake|p1a: Scream Tail\n|-damage|p1a: Scream Tail|41\/100\n|\n|-sideend|p1: Hhuuvv|Reflect\n|upkeep\n|turn|27\n|\n|t:|1697933026\n|move|p1a: Scream Tail|Reflect|p1a: Scream Tail\n|-sidestart|p1: Hhuuvv|Reflect\n|move|p2a: Iron Hands|Wild Charge|p1a: Scream Tail\n|-damage|p1a: Scream Tail|25\/100\n|-damage|p2a: Iron Hands|78\/100|[from] Recoil\n|\n|-heal|p1a: Scream Tail|75\/100|[from] move: Wish|[wisher] Scream Tail\n|upkeep\n|turn|28\n|\n|t:|1697933040\n|-end|p2a: Iron Hands|Quark Drive|[silent]\n|switch|p2a: Drednaw|Drednaw, F|100\/100\n|move|p1a: Scream Tail|Psychic Fangs|p2a: Drednaw\n|-damage|p2a: Drednaw|75\/100\n|\n|upkeep\n|turn|29\n|\n|t:|1697933051\n|-terastallize|p2a: Drednaw|Bug\n|move|p2a: Drednaw|Liquidation|p1a: Scream Tail\n|-damage|p1a: Scream Tail|62\/100\n|move|p1a: Scream Tail|Wish|p1a: Scream Tail\n|\n|upkeep\n|turn|30\n|\n|t:|1697933061\n|-end|p1a: Scream Tail|Protosynthesis|[silent]\n|switch|p1a: Brute Bonnet|Brute Bonnet|55\/100\n|-damage|p1a: Brute Bonnet|42\/100|[from] Stealth Rock\n|move|p2a: Drednaw|Shell Smash|p2a: Drednaw\n|-unboost|p2a: Drednaw|def|1\n|-unboost|p2a: Drednaw|spd|1\n|-boost|p2a: Drednaw|atk|2\n|-boost|p2a: Drednaw|spa|2\n|-boost|p2a: Drednaw|spe|2\n|-enditem|p2a: Drednaw|White Herb\n|-clearnegativeboost|p2a: Drednaw|[silent]\n|\n|-heal|p1a: Brute Bonnet|93\/100|[from] move: Wish|[wisher] Scream Tail\n|upkeep\n|turn|31\n|\n|t:|1697933086\n|-end|p1a: Brute Bonnet|Protosynthesis|[silent]\n|switch|p1a: Torkoal|Torkoal, M|44\/100\n|-damage|p1a: Torkoal|19\/100|[from] Stealth Rock\n|-weather|SunnyDay|[from] ability: Drought|[of] p1a: Torkoal\n|move|p2a: Drednaw|Stone Edge|p1a: Torkoal|[miss]\n|-miss|p2a: Drednaw|p1a: Torkoal\n|\n|-weather|SunnyDay|[upkeep]\n|upkeep\n|turn|32\n|\n|t:|1697933111\n|switch|p1a: Scream Tail|Scream Tail|62\/100\n|-damage|p1a: Scream Tail|49\/100|[from] Stealth Rock\n|-activate|p1a: Scream Tail|ability: Protosynthesis\n|-start|p1a: Scream Tail|protosynthesisdef\n|move|p2a: Drednaw|Crunch|p1a: Scream Tail\n|-damage|p1a: Scream Tail|31\/100\n|\n|-weather|SunnyDay|[upkeep]\n|upkeep\n|turn|33\n|\n|t:|1697933128\n|move|p2a: Drednaw|Liquidation|p1a: Scream Tail\n|-damage|p1a: Scream Tail|22\/100\n|move|p1a: Scream Tail|Wish|p1a: Scream Tail\n|\n|-weather|SunnyDay|[upkeep]\n|upkeep\n|turn|34\n|\n|t:|1697933142\n|move|p2a: Drednaw|Liquidation|p1a: Scream Tail\n|-damage|p1a: Scream Tail|12\/100\n|-unboost|p1a: Scream Tail|def|1\n|move|p1a: Scream Tail|Psychic Fangs|p2a: Drednaw\n|-damage|p2a: Drednaw|51\/100\n|\n|-weather|SunnyDay|[upkeep]\n|-heal|p1a: Scream Tail|62\/100|[from] move: Wish|[wisher] Scream Tail\n|-sideend|p1: Hhuuvv|Reflect\n|upkeep\n|turn|35\n|\n|t:|1697933157\n|-end|p1a: Scream Tail|Protosynthesis|[silent]\n|switch|p1a: Walking Wake|Walking Wake|100\/100\n|-damage|p1a: Walking Wake|88\/100|[from] Stealth Rock\n|-activate|p1a: Walking Wake|ability: Protosynthesis\n|-start|p1a: Walking Wake|protosynthesisspa\n|move|p2a: Drednaw|Shell Smash|p2a: Drednaw\n|-unboost|p2a: Drednaw|def|1\n|-unboost|p2a: Drednaw|spd|1\n|-boost|p2a: Drednaw|atk|2\n|-boost|p2a: Drednaw|spa|2\n|-boost|p2a: Drednaw|spe|2\n|\n|-weather|SunnyDay|[upkeep]\n|upkeep\n|turn|36\n|\n|t:|1697933179\n|move|p2a: Drednaw|Liquidation|p1a: Walking Wake\n|-resisted|p1a: Walking Wake\n|-damage|p1a: Walking Wake|70\/100\n|move|p1a: Walking Wake|Draco Meteor|p2a: Drednaw\n|-damage|p2a: Drednaw|0 fnt\n|-unboost|p1a: Walking Wake|spa|2\n|faint|p2a: Drednaw\n|\n|-weather|SunnyDay|[upkeep]\n|upkeep\n|\n|t:|1697933189\n|switch|p2a: Jirachi|Jirachi|6\/100 slp\n|turn|37\n|\n|t:|1697933194\n|move|p1a: Walking Wake|Flamethrower|p2a: Jirachi\n|-supereffective|p2a: Jirachi\n|-damage|p2a: Jirachi|0 fnt\n|faint|p2a: Jirachi\n|\n|-weather|SunnyDay|[upkeep]\n|upkeep\n|\n|t:|1697933200\n|switch|p2a: Iron Hands|Iron Hands|78\/100\n|turn|38\n|\n|t:|1697933205\n|move|p1a: Walking Wake|Hydro Steam|p2a: Iron Hands\n|-damage|p2a: Iron Hands|50\/100\n|move|p2a: Iron Hands|Wild Charge|p1a: Walking Wake\n|-damage|p1a: Walking Wake|9\/100\n|-damage|p2a: Iron Hands|38\/100|[from] Recoil\n|\n|-weather|none\n|-end|p1a: Walking Wake|Protosynthesis\n|upkeep\n|turn|39\n|\n|t:|1697933219\n|-end|p1a: Walking Wake|Protosynthesis|[silent]\n|switch|p1a: Ursaluna|Ursaluna, M|100\/100\n|-damage|p1a: Ursaluna|94\/100|[from] Stealth Rock\n|move|p2a: Iron Hands|Drain Punch|p1a: Ursaluna\n|-supereffective|p1a: Ursaluna\n|-damage|p1a: Ursaluna|33\/100\n|-heal|p2a: Iron Hands|68\/100|[from] drain|[of] p1a: Ursaluna\n|\n|-status|p1a: Ursaluna|brn|[from] item: Flame Orb\n|upkeep\n|turn|40\n|\n|t:|1697933233\n|move|p2a: Iron Hands|Drain Punch|p1a: Ursaluna\n|-supereffective|p1a: Ursaluna\n|-damage|p1a: Ursaluna|0 fnt\n|-heal|p2a: Iron Hands|84\/100|[from] drain|[of] p1a: Ursaluna\n|faint|p1a: Ursaluna\n|\n|upkeep\n|\n|t:|1697933247\n|switch|p1a: Scream Tail|Scream Tail|62\/100\n|-damage|p1a: Scream Tail|49\/100|[from] Stealth Rock\n|turn|41\n|\n|t:|1697933253\n|move|p1a: Scream Tail|Reflect|p1a: Scream Tail\n|-sidestart|p1: Hhuuvv|Reflect\n|move|p2a: Iron Hands|Wild Charge|p1a: Scream Tail\n|-damage|p1a: Scream Tail|33\/100\n|-damage|p2a: Iron Hands|80\/100|[from] Recoil\n|\n|upkeep\n|turn|42\n|\n|t:|1697933260\n|move|p1a: Scream Tail|Wish|p1a: Scream Tail\n|move|p2a: Iron Hands|Wild Charge|p1a: Scream Tail\n|-damage|p1a: Scream Tail|15\/100\n|-damage|p2a: Iron Hands|76\/100|[from] Recoil\n|\n|upkeep\n|turn|43\n|\n|t:|1697933273\n|-end|p1a: Scream Tail|Protosynthesis|[silent]\n|switch|p1a: Slaking|Slaking, M|29\/100\n|-damage|p1a: Slaking|16\/100|[from] Stealth Rock\n|move|p2a: Iron Hands|Wild Charge|p1a: Slaking\n|-damage|p1a: Slaking|0 fnt\n|faint|p1a: Slaking\n|-damage|p2a: Iron Hands|73\/100|[from] Recoil\n|\n|upkeep\n|\n|t:|1697933285\n|switch|p1a: Torkoal|Torkoal, M|19\/100\n|-damage|p1a: Torkoal|0 fnt|[from] Stealth Rock\n|faint|p1a: Torkoal\n|\n|t:|1697933290\n|switch|p1a: Brute Bonnet|Brute Bonnet|93\/100\n|-damage|p1a: Brute Bonnet|81\/100|[from] Stealth Rock\n|turn|44\n|\n|t:|1697933298\n|-terastallize|p1a: Brute Bonnet|Grass\n|move|p2a: Iron Hands|Drain Punch|p1a: Brute Bonnet\n|-damage|p1a: Brute Bonnet|62\/100\n|-heal|p2a: Iron Hands|81\/100|[from] drain|[of] p1a: Brute Bonnet\n|move|p1a: Brute Bonnet|Spore|p2a: Iron Hands\n|-status|p2a: Iron Hands|slp|[from] move: Spore\n|\n|upkeep\n|turn|45\n|\n|t:|1697933310\n|-end|p1a: Brute Bonnet|Protosynthesis|[silent]\n|switch|p1a: Scream Tail|Scream Tail|15\/100\n|-damage|p1a: Scream Tail|3\/100|[from] Stealth Rock\n|cant|p2a: Iron Hands|slp\n|\n|upkeep\n|turn|46\n|\n|t:|1697933319\n|move|p1a: Scream Tail|Wish|p1a: Scream Tail\n|-curestatus|p2a: Iron Hands|slp|[msg]\n|move|p2a: Iron Hands|Drain Punch|p1a: Scream Tail\n|-resisted|p1a: Scream Tail\n|-damage|p1a: Scream Tail|0 fnt\n|-heal|p2a: Iron Hands|82\/100|[from] drain|[of] p1a: Scream Tail\n|faint|p1a: Scream Tail\n|-end|p1a: Scream Tail|Protosynthesis|[silent]\n|\n|upkeep\n|\n|t:|1697933328\n|switch|p1a: Brute Bonnet|Brute Bonnet, tera:Grass|62\/100\n|-damage|p1a: Brute Bonnet|49\/100|[from] Stealth Rock\n|turn|47\n|\n|t:|1697933336\n|move|p2a: Iron Hands|Earthquake|p1a: Brute Bonnet\n|-resisted|p1a: Brute Bonnet\n|-damage|p1a: Brute Bonnet|41\/100\n|move|p1a: Brute Bonnet|Spore|p2a: Iron Hands\n|-status|p2a: Iron Hands|slp|[from] move: Spore\n|\n|-heal|p1a: Brute Bonnet|92\/100|[from] move: Wish|[wisher] Scream Tail\n|upkeep\n|turn|48\n|\n|t:|1697933348\n|cant|p2a: Iron Hands|slp\n|move|p1a: Brute Bonnet|Seed Bomb|p2a: Iron Hands\n|-damage|p2a: Iron Hands|40\/100 slp\n|\n|-sideend|p1: Hhuuvv|Reflect\n|upkeep\n|turn|49\n|\n|t:|1697933356\n|cant|p2a: Iron Hands|slp\n|move|p1a: Brute Bonnet|Seed Bomb|p2a: Iron Hands\n|-damage|p2a: Iron Hands|0 fnt\n|faint|p2a: Iron Hands\n|-end|p2a: Iron Hands|Quark Drive|[silent]\n|\n|win|Hhuuvv\n","uploadtime":1697933367,"views":23,"p1id":"hhuuvv","p2id":"garvantularbicep","formatid":"gen9ubers","rating":0,"private":0,"password":""}