{"id":"gen9ubers-1982876573","p1":"1P1o1s1h1e1","p2":"Buy my book azul","format":"[Gen 9] Ubers","log":"|j|\u26061P1o1s1h1e1\n|j|\u2606Buy my book azul\n|t:|1699053914\n|gametype|singles\n|player|p1|1P1o1s1h1e1|1|\n|player|p2|Buy my book azul|diantha-masters|\n|teamsize|p1|6\n|teamsize|p2|6\n|gen|9\n|tier|[Gen 9] Ubers\n|rule|Sleep Clause Mod: Limit one foe put to sleep\n|rule|Species Clause: Limit one of each Pok\u00e9mon\n|rule|OHKO Clause: OHKO moves are banned\n|rule|Evasion Items Clause: Evasion items are banned\n|rule|Evasion Moves Clause: Evasion moves are banned\n|rule|Endless Battle Clause: Forcing endless battles is banned\n|rule|HP Percentage Mod: HP is shown in percentages\n|clearpoke\n|poke|p1|Wo-Chien|\n|poke|p1|Magearna|\n|poke|p1|Sneasler, M|\n|poke|p1|Palafin, M|\n|poke|p1|Arceus-Poison|\n|poke|p1|Gliscor, M|\n|poke|p2|Gholdengo|\n|poke|p2|Chi-Yu|\n|poke|p2|Shaymin-Sky|\n|poke|p2|Ursaluna-Bloodmoon, M|\n|poke|p2|Zacian-*|\n|poke|p2|Palafin, F|\n|teampreview\n|j| incredibleking\n|c|\u2606Buy my book azul|GLHF\n|c|\u26061P1o1s1h1e1|u2\n|\n|t:|1699053963\n|start\n|switch|p1a: Sneasler|Sneasler, M|100\/100\n|switch|p2a: Palafin|Palafin, F, shiny|100\/100\n|turn|1\n|\n|t:|1699053980\n|move|p1a: Sneasler|U-turn|p2a: Palafin\n|-damage|p2a: Palafin|69\/100\n|-status|p2a: Palafin|psn|[from] ability: Poison Touch|[of] p1a: Sneasler\n|\n|t:|1699053986\n|switch|p1a: Palafin|Palafin, M|100\/100|[from] U-turn\n|move|p2a: Palafin|Flip Turn|p1a: Palafin\n|-resisted|p1a: Palafin\n|-damage|p1a: Palafin|88\/100\n|\n|t:|1699053989\n|detailschange|p2a: Palafin|Palafin-Hero, F, shiny\n|switch|p2a: Shaymin|Shaymin-Sky|100\/100|[from] Flip Turn\n|\n|upkeep\n|turn|2\n|\n|t:|1699053996\n|-terastallize|p1a: Palafin|Flying\n|move|p2a: Shaymin|Air Slash|p1a: Palafin\n|-damage|p1a: Palafin|44\/100\n|cant|p1a: Palafin|flinch\n|\n|upkeep\n|turn|3\n|\n|t:|1699054005\n|detailschange|p1a: Palafin|Palafin-Hero, M, tera:Flying\n|switch|p1a: Magearna|Magearna|100\/100\n|move|p2a: Shaymin|Air Slash|p1a: Magearna\n|-resisted|p1a: Magearna\n|-damage|p1a: Magearna|90\/100\n|\n|-heal|p1a: Magearna|96\/100|[from] item: Leftovers\n|upkeep\n|turn|4\n|\n|t:|1699054013\n|switch|p2a: Gholdengo|Gholdengo|100\/100\n|move|p1a: Magearna|Thunder Wave|p2a: Gholdengo\n|-immune|p2a: Gholdengo|[from] ability: Good as Gold\n|\n|-heal|p1a: Magearna|100\/100|[from] item: Leftovers\n|upkeep\n|turn|5\n|\n|t:|1699054020\n|switch|p1a: Wo-Chien|Wo-Chien|100\/100\n|-ability|p1a: Wo-Chien|Tablets of Ruin\n|move|p2a: Gholdengo|Thunder Wave|p1a: Wo-Chien|[miss]\n|-miss|p2a: Gholdengo|p1a: Wo-Chien\n|\n|upkeep\n|turn|6\n|\n|t:|1699054027\n|move|p2a: Gholdengo|Thunder Wave|p1a: Wo-Chien|[miss]\n|-miss|p2a: Gholdengo|p1a: Wo-Chien\n|move|p1a: Wo-Chien|Knock Off|p2a: Gholdengo\n|-supereffective|p2a: Gholdengo\n|-damage|p2a: Gholdengo|59\/100\n|-enditem|p2a: Gholdengo|Leftovers|[from] move: Knock Off|[of] p1a: Wo-Chien\n|\n|upkeep\n|turn|7\n|\n|t:|1699054036\n|switch|p1a: Gliscor|Gliscor, M|100\/100\n|move|p2a: Gholdengo|Recover|p2a: Gholdengo\n|-heal|p2a: Gholdengo|100\/100\n|\n|-status|p1a: Gliscor|tox|[from] item: Toxic Orb\n|upkeep\n|turn|8\n|\n|t:|1699054051\n|move|p1a: Gliscor|Stealth Rock|p2a: Gholdengo\n|-sidestart|p2: Buy my book azul|move: Stealth Rock\n|move|p2a: Gholdengo|Hex|p1a: Gliscor\n|-damage|p1a: Gliscor|29\/100 tox\n|\n|-heal|p1a: Gliscor|42\/100 tox|[from] ability: Poison Heal\n|upkeep\n|turn|9\n|\n|t:|1699054059\n|move|p1a: Gliscor|Protect|p1a: Gliscor\n|-singleturn|p1a: Gliscor|Protect\n|move|p2a: Gholdengo|Hex|p1a: Gliscor\n|-activate|p1a: Gliscor|move: Protect\n|\n|-heal|p1a: Gliscor|54\/100 tox|[from] ability: Poison Heal\n|upkeep\n|turn|10\n|\n|t:|1699054066\n|switch|p1a: Wo-Chien|Wo-Chien|100\/100\n|-ability|p1a: Wo-Chien|Tablets of Ruin\n|move|p2a: Gholdengo|Nasty Plot|p2a: Gholdengo\n|-boost|p2a: Gholdengo|spa|2\n|\n|upkeep\n|turn|11\n|\n|t:|1699054130\n|switch|p1a: Magearna|Magearna|100\/100\n|move|p2a: Gholdengo|Thunder Wave|p1a: Magearna|[miss]\n|-miss|p2a: Gholdengo|p1a: Magearna\n|\n|upkeep\n|turn|12\n|\n|t:|1699054168\n|move|p2a: Gholdengo|Thunder Wave|p1a: Magearna\n|-status|p1a: Magearna|par\n|move|p1a: Magearna|Volt Switch|p2a: Gholdengo\n|-damage|p2a: Gholdengo|82\/100\n|\n|t:|1699054173\n|switch|p1a: Gliscor|Gliscor, M|54\/100 tox|[from] Volt Switch\n|\n|-heal|p1a: Gliscor|67\/100 tox|[from] ability: Poison Heal\n|upkeep\n|turn|13\n|\n|t:|1699054181\n|move|p1a: Gliscor|Earthquake|p2a: Gholdengo\n|-supereffective|p2a: Gholdengo\n|-damage|p2a: Gholdengo|35\/100\n|move|p2a: Gholdengo|Hex|p1a: Gliscor\n|-damage|p1a: Gliscor|0 fnt\n|faint|p1a: Gliscor\n|\n|upkeep\n|\n|t:|1699054244\n|switch|p1a: Palafin|Palafin-Hero, M, tera:Flying|44\/100\n|-activate|p1a: Palafin|ability: Zero to Hero\n|turn|14\n|\n|t:|1699054253\n|move|p1a: Palafin|Jet Punch|p2a: Gholdengo\n|-damage|p2a: Gholdengo|16\/100\n|move|p2a: Gholdengo|Recover|p2a: Gholdengo\n|-heal|p2a: Gholdengo|66\/100\n|\n|upkeep\n|turn|15\n|\n|t:|1699054267\n|switch|p1a: Wo-Chien|Wo-Chien|100\/100\n|-ability|p1a: Wo-Chien|Tablets of Ruin\n|move|p2a: Gholdengo|Hex|p1a: Wo-Chien\n|-resisted|p1a: Wo-Chien\n|-damage|p1a: Wo-Chien|87\/100\n|\n|-heal|p1a: Wo-Chien|93\/100|[from] item: Leftovers\n|upkeep\n|turn|16\n|\n|t:|1699054273\n|move|p2a: Gholdengo|Thunder Wave|p1a: Wo-Chien\n|-status|p1a: Wo-Chien|par\n|move|p1a: Wo-Chien|Knock Off|p2a: Gholdengo\n|-supereffective|p2a: Gholdengo\n|-damage|p2a: Gholdengo|38\/100\n|\n|-heal|p1a: Wo-Chien|99\/100 par|[from] item: Leftovers\n|upkeep\n|turn|17\n|\n|t:|1699054283\n|move|p2a: Gholdengo|Recover|p2a: Gholdengo\n|-heal|p2a: Gholdengo|88\/100\n|move|p1a: Wo-Chien|Knock Off|p2a: Gholdengo\n|-supereffective|p2a: Gholdengo\n|-damage|p2a: Gholdengo|61\/100\n|\n|-heal|p1a: Wo-Chien|100\/100 par|[from] item: Leftovers\n|upkeep\n|turn|18\n|\n|t:|1699054289\n|move|p2a: Gholdengo|Hex|p1a: Wo-Chien\n|-resisted|p1a: Wo-Chien\n|-damage|p1a: Wo-Chien|71\/100 par\n|cant|p1a: Wo-Chien|par\n|\n|-heal|p1a: Wo-Chien|77\/100 par|[from] item: Leftovers\n|upkeep\n|turn|19\n|\n|t:|1699054293\n|move|p2a: Gholdengo|Hex|p1a: Wo-Chien\n|-resisted|p1a: Wo-Chien\n|-damage|p1a: Wo-Chien|45\/100 par\n|move|p1a: Wo-Chien|Knock Off|p2a: Gholdengo\n|-supereffective|p2a: Gholdengo\n|-damage|p2a: Gholdengo|34\/100\n|\n|-heal|p1a: Wo-Chien|51\/100 par|[from] item: Leftovers\n|upkeep\n|turn|20\n|\n|t:|1699054298\n|move|p2a: Gholdengo|Hex|p1a: Wo-Chien\n|-resisted|p1a: Wo-Chien\n|-damage|p1a: Wo-Chien|22\/100 par\n|move|p1a: Wo-Chien|Knock Off|p2a: Gholdengo\n|-supereffective|p2a: Gholdengo\n|-damage|p2a: Gholdengo|9\/100\n|\n|-heal|p1a: Wo-Chien|28\/100 par|[from] item: Leftovers\n|upkeep\n|turn|21\n|\n|t:|1699054303\n|move|p2a: Gholdengo|Hex|p1a: Wo-Chien\n|-resisted|p1a: Wo-Chien\n|-damage|p1a: Wo-Chien|0 fnt\n|faint|p1a: Wo-Chien\n|\n|upkeep\n|\n|t:|1699054304\n|switch|p1a: Palafin|Palafin-Hero, M, tera:Flying|44\/100\n|turn|22\n|\n|t:|1699054308\n|move|p1a: Palafin|Jet Punch|p2a: Gholdengo\n|-damage|p2a: Gholdengo|0 fnt\n|faint|p2a: Gholdengo\n|\n|upkeep\n|\n|t:|1699054322\n|switch|p2a: Shaymin|Shaymin-Sky|100\/100\n|-damage|p2a: Shaymin|76\/100|[from] Stealth Rock\n|turn|23\n|\n|t:|1699054331\n|move|p2a: Shaymin|Earth Power|p1a: Palafin\n|-immune|p1a: Palafin\n|move|p1a: Palafin|Ice Punch|p2a: Shaymin\n|-supereffective|p2a: Shaymin\n|-damage|p2a: Shaymin|0 fnt\n|faint|p2a: Shaymin\n|\n|upkeep\n|c| incredibleking|lets gooooo\n|\n|t:|1699054343\n|switch|p2a: Chi-Yu|Chi-Yu|100\/100\n|-damage|p2a: Chi-Yu|76\/100|[from] Stealth Rock\n|-ability|p2a: Chi-Yu|Beads of Ruin\n|turn|24\n|\n|t:|1699054351\n|move|p1a: Palafin|Jet Punch|p2a: Chi-Yu\n|-supereffective|p2a: Chi-Yu\n|-damage|p2a: Chi-Yu|0 fnt\n|faint|p2a: Chi-Yu\n|\n|upkeep\n|\n|t:|1699054353\n|switch|p2a: Zacian|Zacian|100\/100\n|-damage|p2a: Zacian|88\/100|[from] Stealth Rock\n|-ability|p2a: Zacian|Intrepid Sword|boost\n|-boost|p2a: Zacian|atk|1\n|turn|25\n|\n|t:|1699054366\n|switch|p1a: Arceus|Arceus-Poison|100\/100\n|move|p2a: Zacian|Play Rough|p1a: Arceus\n|-resisted|p1a: Arceus\n|-damage|p1a: Arceus|82\/100\n|\n|-heal|p2a: Zacian|94\/100|[from] item: Leftovers\n|upkeep\n|turn|26\n|\n|t:|1699054374\n|-terastallize|p2a: Zacian|Fighting\n|move|p2a: Zacian|Swords Dance|p2a: Zacian\n|-boost|p2a: Zacian|atk|2\n|move|p1a: Arceus|Gunk Shot|p2a: Zacian\n|-damage|p2a: Zacian|44\/100\n|-status|p2a: Zacian|psn\n|\n|-heal|p2a: Zacian|50\/100 psn|[from] item: Leftovers\n|-damage|p2a: Zacian|37\/100 psn|[from] psn\n|upkeep\n|turn|27\n|\n|t:|1699054383\n|move|p2a: Zacian|Close Combat|p1a: Arceus\n|-resisted|p1a: Arceus\n|-damage|p1a: Arceus|39\/100\n|-unboost|p2a: Zacian|def|1\n|-unboost|p2a: Zacian|spd|1\n|move|p1a: Arceus|Roar|p2a: Zacian\n|drag|p2a: Palafin|Palafin-Hero, F, shiny|69\/100 psn\n|-damage|p2a: Palafin|56\/100 psn|[from] Stealth Rock\n|-activate|p2a: Palafin|ability: Zero to Hero\n|\n|-damage|p2a: Palafin|44\/100 psn|[from] psn\n|upkeep\n|turn|28\n|\n|t:|1699054394\n|move|p2a: Palafin|Jet Punch|p1a: Arceus\n|-damage|p1a: Arceus|11\/100\n|move|p1a: Arceus|Taunt|p2a: Palafin\n|-start|p2a: Palafin|move: Taunt\n|\n|-damage|p2a: Palafin|32\/100 psn|[from] psn\n|upkeep\n|turn|29\n|\n|t:|1699054403\n|move|p2a: Palafin|Jet Punch|p1a: Arceus\n|-crit|p1a: Arceus\n|-damage|p1a: Arceus|0 fnt\n|faint|p1a: Arceus\n|\n|-damage|p2a: Palafin|19\/100 psn|[from] psn\n|upkeep\n|\n|t:|1699054410\n|switch|p1a: Sneasler|Sneasler, M|100\/100\n|turn|30\n|\n|t:|1699054412\n|move|p2a: Palafin|Jet Punch|p1a: Sneasler\n|-crit|p1a: Sneasler\n|-damage|p1a: Sneasler|0 fnt\n|faint|p1a: Sneasler\n|\n|-damage|p2a: Palafin|7\/100 psn|[from] psn\n|upkeep\n|c|\u26061P1o1s1h1e1|NOOOO\n|c|\u2606Buy my book azul|lol\n|c|\u26061P1o1s1h1e1|its joever\n|\n|t:|1699054431\n|switch|p1a: Palafin|Palafin-Hero, M, tera:Flying|44\/100\n|turn|31\n|c|\u2606Buy my book azul|idk if that crit matter and it sucks but the nooooooo does make it funny\n|c| incredibleking|it didn't\n|c|\u26061P1o1s1h1e1|on my end says a roll but kind of blanked lol\n|\n|t:|1699054483\n|move|p2a: Palafin|Jet Punch|p1a: Palafin\n|-damage|p1a: Palafin|11\/100\n|move|p1a: Palafin|Jet Punch|p2a: Palafin\n|-resisted|p2a: Palafin\n|-damage|p2a: Palafin|0 fnt\n|faint|p2a: Palafin\n|\n|upkeep\n|c|\u2606Buy my book azul|lol i can see that\n|\n|t:|1699054498\n|switch|p2a: Ursaluna|Ursaluna-Bloodmoon, M|100\/100\n|-damage|p2a: Ursaluna|95\/100|[from] Stealth Rock\n|turn|32\n|c| incredibleking|94.6-111.6%\n|\n|t:|1699054513\n|move|p1a: Palafin|Drain Punch|p2a: Ursaluna\n|-supereffective|p2a: Ursaluna\n|-damage|p2a: Ursaluna|50\/100\n|-heal|p1a: Palafin|32\/100|[from] drain|[of] p2a: Ursaluna\n|move|p2a: Ursaluna|Hyper Voice|p1a: Palafin\n|-damage|p1a: Palafin|0 fnt\n|faint|p1a: Palafin\n|\n|-heal|p2a: Ursaluna|56\/100|[from] item: Leftovers\n|upkeep\n|\n|t:|1699054520\n|switch|p1a: Magearna|Magearna|100\/100 par\n|turn|33\n|c|\u2606Buy my book azul|gg\n|\n|t:|1699054523\n|move|p2a: Ursaluna|Earth Power|p1a: Magearna\n|-supereffective|p1a: Magearna\n|-damage|p1a: Magearna|32\/100 par\n|move|p1a: Magearna|Draining Kiss|p2a: Ursaluna\n|-damage|p2a: Ursaluna|29\/100\n|-heal|p1a: Magearna|53\/100 par|[from] drain|[of] p2a: Ursaluna\n|\n|-heal|p2a: Ursaluna|35\/100|[from] item: Leftovers\n|-heal|p1a: Magearna|59\/100 par|[from] item: Leftovers\n|upkeep\n|turn|34\n|\n|t:|1699054529\n|move|p2a: Ursaluna|Earth Power|p1a: Magearna\n|-supereffective|p1a: Magearna\n|-damage|p1a: Magearna|0 fnt\n|faint|p1a: Magearna\n|\n|win|Buy my book azul\n|c|\u26061P1o1s1h1e1|gg\n|c|\u26061P1o1s1h1e1|remember to upload\n|l|\u2606Buy my book azul\n","uploadtime":1699054537,"views":58,"p1id":"1p1o1s1h1e1","p2id":"buymybookazul","formatid":"gen9ubers","rating":0,"private":0,"password":""}