{"id":"gen9ubers-1969059858","p1":"rustygoomba","p2":"Wha1efish","format":"[Gen 9] Ubers","log":"|j|\u2606rustygoomba\n|j|\u2606Wha1efish\n|t:|1697486577\n|gametype|singles\n|player|p1|rustygoomba|crasherwake|\n|player|p2|Wha1efish|cynthia-gen4|\n|teamsize|p1|6\n|teamsize|p2|6\n|gen|9\n|tier|[Gen 9] Ubers\n|rule|Sleep Clause Mod: Limit one foe put to sleep\n|rule|Species Clause: Limit one of each Pok\u00e9mon\n|rule|OHKO Clause: OHKO moves are banned\n|rule|Evasion Items Clause: Evasion items are banned\n|rule|Evasion Moves Clause: Evasion moves are banned\n|rule|Endless Battle Clause: Forcing endless battles is banned\n|rule|HP Percentage Mod: HP is shown in percentages\n|clearpoke\n|poke|p1|Chandelure, F|\n|poke|p1|Clodsire, M|\n|poke|p1|Roaring Moon|\n|poke|p1|Veluza, M|\n|poke|p1|Tauros-Paldea-Blaze, M|\n|poke|p1|Frosmoth, M|\n|poke|p2|Annihilape, F|\n|poke|p2|Hydreigon, F|\n|poke|p2|Jirachi|\n|poke|p2|Weezing-Galar, F|\n|poke|p2|Thundurus, M|\n|poke|p2|Gastrodon, F|\n|teampreview\n|\n|t:|1697486639\n|start\n|switch|p1a: g2rald|Clodsire, M, shiny|100\/100\n|switch|p2a: Thundurus|Thundurus, M|100\/100\n|turn|1\n|\n|t:|1697486688\n|move|p2a: Thundurus|Nasty Plot|p2a: Thundurus\n|-boost|p2a: Thundurus|spa|2\n|move|p1a: g2rald|Toxic Spikes|p2a: Thundurus\n|-sidestart|p2: Wha1efish|move: Toxic Spikes\n|\n|upkeep\n|turn|2\n|\n|t:|1697486725\n|switch|p1a: barptiste|Chandelure, F|100\/100\n|move|p2a: Thundurus|Grass Knot|p1a: barptiste\n|-resisted|p1a: barptiste\n|-damage|p1a: barptiste|72\/100\n|\n|upkeep\n|turn|3\n|\n|t:|1697486737\n|move|p2a: Thundurus|Thunderbolt|p1a: barptiste\n|-damage|p1a: barptiste|0 fnt\n|faint|p1a: barptiste\n|\n|upkeep\n|\n|t:|1697486751\n|switch|p1a: vol corona|Frosmoth, M|100\/100\n|turn|4\n|\n|t:|1697486774\n|-terastallize|p2a: Thundurus|Ice\n|move|p2a: Thundurus|Thunderbolt|p1a: vol corona\n|-damage|p1a: vol corona|38\/100\n|move|p1a: vol corona|Ice Beam|p2a: Thundurus\n|-resisted|p2a: Thundurus\n|-damage|p2a: Thundurus|68\/100\n|\n|upkeep\n|turn|5\n|\n|t:|1697486788\n|-terastallize|p1a: vol corona|Ground\n|move|p2a: Thundurus|Thunderbolt|p1a: vol corona\n|-immune|p1a: vol corona\n|move|p1a: vol corona|Giga Drain|p2a: Thundurus\n|-damage|p2a: Thundurus|32\/100\n|-heal|p1a: vol corona|57\/100|[from] drain|[of] p2a: Thundurus\n|\n|upkeep\n|turn|6\n|\n|t:|1697486800\n|move|p2a: Thundurus|Tera Blast|p1a: vol corona|[anim] Tera Blast Ice\n|-supereffective|p1a: vol corona\n|-damage|p1a: vol corona|0 fnt\n|faint|p1a: vol corona\n|\n|upkeep\n|\n|t:|1697486804\n|switch|p1a: randy moss|Roaring Moon|100\/100\n|-enditem|p1a: randy moss|Booster Energy\n|-activate|p1a: randy moss|ability: Protosynthesis|[fromitem]\n|-start|p1a: randy moss|protosynthesisspe\n|turn|7\n|\n|t:|1697486819\n|move|p1a: randy moss|Knock Off|p2a: Thundurus\n|-damage|p2a: Thundurus|0 fnt\n|-enditem|p2a: Thundurus|Heavy-Duty Boots|[from] move: Knock Off|[of] p1a: randy moss\n|faint|p2a: Thundurus\n|\n|upkeep\n|\n|t:|1697486822\n|switch|p2a: Weezing|Weezing-Galar, F|100\/100\n|turn|8\n|\n|t:|1697486838\n|move|p1a: randy moss|Iron Head|p2a: Weezing\n|-supereffective|p2a: Weezing\n|-damage|p2a: Weezing|66\/100\n|cant|p2a: Weezing|flinch\n|\n|-heal|p2a: Weezing|72\/100|[from] item: Black Sludge\n|upkeep\n|turn|9\n|\n|t:|1697486854\n|-end|p1a: randy moss|Protosynthesis|[silent]\n|switch|p1a: rodman|Tauros-Paldea-Blaze, M|100\/100\n|move|p2a: Weezing|Strange Steam|p1a: rodman\n|-damage|p1a: rodman|66\/100\n|\n|-heal|p1a: rodman|73\/100|[from] item: Leftovers\n|-heal|p2a: Weezing|78\/100|[from] item: Black Sludge\n|upkeep\n|turn|10\n|\n|t:|1697486863\n|move|p1a: rodman|Bulk Up|p1a: rodman\n|-boost|p1a: rodman|atk|1\n|-boost|p1a: rodman|def|1\n|move|p2a: Weezing|Defog|p1a: rodman\n|-unboost|p1a: rodman|evasion|1\n|-sideend|p2: Wha1efish|Toxic Spikes|[from] move: Defog|[of] p2a: Weezing\n|\n|-heal|p1a: rodman|79\/100|[from] item: Leftovers\n|-heal|p2a: Weezing|84\/100|[from] item: Black Sludge\n|upkeep\n|turn|11\n|\n|t:|1697486878\n|switch|p2a: Annihilape|Annihilape, F|100\/100\n|move|p1a: rodman|Zen Headbutt|p2a: Annihilape\n|-supereffective|p2a: Annihilape\n|-damage|p2a: Annihilape|42\/100\n|\n|-heal|p1a: rodman|85\/100|[from] item: Leftovers\n|upkeep\n|turn|12\n|\n|t:|1697486888\n|move|p1a: rodman|Zen Headbutt|p2a: Annihilape\n|-supereffective|p2a: Annihilape\n|-damage|p2a: Annihilape|0 fnt\n|faint|p2a: Annihilape\n|\n|-heal|p1a: rodman|91\/100|[from] item: Leftovers\n|upkeep\n|j| RiddleDog\n|\n|t:|1697486929\n|switch|p2a: Gastrodon|Gastrodon, F|100\/100\n|turn|13\n|\n|t:|1697486938\n|switch|p1a: g2rald|Clodsire, M, shiny|100\/100\n|move|p2a: Gastrodon|Earth Power|p1a: g2rald\n|-supereffective|p1a: g2rald\n|-damage|p1a: g2rald|69\/100\n|\n|-heal|p1a: g2rald|76\/100|[from] item: Black Sludge\n|upkeep\n|turn|14\n|\n|t:|1697486945\n|move|p2a: Gastrodon|Stealth Rock|p1a: g2rald\n|-sidestart|p1: rustygoomba|move: Stealth Rock\n|move|p1a: g2rald|Toxic Spikes|p2a: Gastrodon\n|-sidestart|p2: Wha1efish|move: Toxic Spikes\n|\n|-heal|p1a: g2rald|82\/100|[from] item: Black Sludge\n|upkeep\n|turn|15\n|\n|t:|1697486955\n|switch|p2a: Weezing|Weezing-Galar, F|84\/100\n|switch|p1a: chompa|Veluza, M|100\/100\n|-damage|p1a: chompa|88\/100|[from] Stealth Rock\n|\n|-heal|p2a: Weezing|90\/100|[from] item: Black Sludge\n|upkeep\n|turn|16\n|\n|t:|1697486964\n|move|p1a: chompa|Fillet Away|p1a: chompa\n|-boost|p1a: chompa|atk|2\n|-boost|p1a: chompa|spa|2\n|-boost|p1a: chompa|spe|2\n|-damage|p1a: chompa|38\/100\n|-enditem|p1a: chompa|Sitrus Berry|[eat]\n|-heal|p1a: chompa|63\/100|[from] item: Sitrus Berry\n|move|p2a: Weezing|Will-O-Wisp|p1a: chompa\n|-status|p1a: chompa|brn\n|\n|-heal|p2a: Weezing|96\/100|[from] item: Black Sludge\n|-damage|p1a: chompa|57\/100 brn|[from] brn\n|upkeep\n|turn|17\n|\n|t:|1697486986\n|move|p1a: chompa|Psycho Cut|p2a: Weezing\n|-supereffective|p2a: Weezing\n|-damage|p2a: Weezing|40\/100\n|move|p2a: Weezing|Defog|p1a: chompa\n|-unboost|p1a: chompa|evasion|1\n|-sideend|p1: rustygoomba|Stealth Rock|[from] move: Defog|[of] p2a: Weezing\n|-sideend|p2: Wha1efish|Toxic Spikes|[from] move: Defog|[of] p2a: Weezing\n|\n|-heal|p2a: Weezing|46\/100|[from] item: Black Sludge\n|-damage|p1a: chompa|50\/100 brn|[from] brn\n|upkeep\n|turn|18\n|\n|t:|1697486998\n|switch|p1a: randy moss|Roaring Moon|100\/100\n|switch|p2a: Jirachi|Jirachi|100\/100\n|\n|upkeep\n|turn|19\n|\n|t:|1697487005\n|move|p2a: Jirachi|U-turn|p1a: randy moss\n|-supereffective|p1a: randy moss\n|-damage|p1a: randy moss|48\/100\n|\n|t:|1697487010\n|switch|p2a: Weezing|Weezing-Galar, F|46\/100|[from] U-turn\n|move|p1a: randy moss|Dragon Dance|p1a: randy moss\n|-boost|p1a: randy moss|atk|1\n|-boost|p1a: randy moss|spe|1\n|\n|-heal|p2a: Weezing|52\/100|[from] item: Black Sludge\n|upkeep\n|turn|20\n|\n|t:|1697487014\n|move|p1a: randy moss|Iron Head|p2a: Weezing\n|-supereffective|p2a: Weezing\n|-damage|p2a: Weezing|0 fnt\n|faint|p2a: Weezing\n|\n|upkeep\n|\n|t:|1697487036\n|switch|p2a: Jirachi|Jirachi|100\/100\n|turn|21\n|\n|t:|1697487041\n|move|p1a: randy moss|Knock Off|p2a: Jirachi\n|-supereffective|p2a: Jirachi\n|-damage|p2a: Jirachi|0 fnt\n|-enditem|p2a: Jirachi|Choice Scarf|[from] move: Knock Off|[of] p1a: randy moss\n|faint|p2a: Jirachi\n|\n|upkeep\n|j| Charbotron\n|\n|t:|1697487046\n|switch|p2a: Hydreigon|Hydreigon, F|100\/100\n|turn|22\n|\n|t:|1697487058\n|move|p1a: randy moss|Iron Head|p2a: Hydreigon\n|-damage|p2a: Hydreigon|54\/100\n|move|p2a: Hydreigon|Draco Meteor|p1a: randy moss|[miss]\n|-miss|p2a: Hydreigon|p1a: randy moss\n|\n|upkeep\n|turn|23\n|\n|t:|1697487064\n|move|p1a: randy moss|Acrobatics|p2a: Hydreigon\n|-damage|p2a: Hydreigon|0 fnt\n|faint|p2a: Hydreigon\n|\n|upkeep\n|\n|t:|1697487067\n|switch|p2a: Gastrodon|Gastrodon, F|100\/100\n|turn|24\n|\n|t:|1697487076\n|move|p1a: randy moss|Knock Off|p2a: Gastrodon\n|-damage|p2a: Gastrodon|10\/100\n|-enditem|p2a: Gastrodon|Leftovers|[from] move: Knock Off|[of] p1a: randy moss\n|move|p2a: Gastrodon|Sludge Bomb|p1a: randy moss\n|-damage|p1a: randy moss|28\/100\n|\n|upkeep\n|turn|25\n|\n|t:|1697487084\n|move|p1a: randy moss|Knock Off|p2a: Gastrodon\n|-damage|p2a: Gastrodon|0 fnt\n|faint|p2a: Gastrodon\n|\n|win|rustygoomba\n","uploadtime":1697487088,"views":14,"p1id":"rustygoomba","p2id":"wha1efish","formatid":"gen9ubers","rating":0,"private":0,"password":""}