{"id":"gen9ubers-1987425131","p1":"Nitro524","p2":"Leo Justice","format":"[Gen 9] Ubers","log":"|j|\u2606Nitro524\n|j|\u2606Leo Justice\n|t:|1699589693\n|gametype|singles\n|player|p1|Nitro524|hilbert|\n|player|p2|Leo Justice|carmine|\n|teamsize|p1|6\n|teamsize|p2|6\n|gen|9\n|tier|[Gen 9] Ubers\n|rule|Sleep Clause Mod: Limit one foe put to sleep\n|rule|Species Clause: Limit one of each Pok\u00e9mon\n|rule|OHKO Clause: OHKO moves are banned\n|rule|Evasion Items Clause: Evasion items are banned\n|rule|Evasion Moves Clause: Evasion moves are banned\n|rule|Endless Battle Clause: Forcing endless battles is banned\n|rule|HP Percentage Mod: HP is shown in percentages\n|clearpoke\n|poke|p1|Torkoal, M|\n|poke|p1|Chi-Yu|\n|poke|p1|Shaymin-Sky|\n|poke|p1|Volcarona, F|\n|poke|p1|Roaring Moon|\n|poke|p1|Walking Wake|\n|poke|p2|Masquerain, F|\n|poke|p2|Arceus-Ghost|\n|poke|p2|Shaymin-Sky|\n|poke|p2|Heatran, F|\n|poke|p2|Urshifu-*, F|\n|poke|p2|Landorus, M|\n|teampreview\n|inactive|Battle timer is ON: inactive players will automatically lose when time's up. (requested by Nitro524)\n|inactive|Nitro524 has 270 seconds left.\n|\n|t:|1699589725\n|start\n|switch|p1a: Cecil|Torkoal, M|100\/100\n|switch|p2a: Masquerain|Masquerain, F|100\/100\n|-ability|p2a: Masquerain|Intimidate|boost\n|-unboost|p1a: Cecil|atk|1\n|-weather|SunnyDay|[from] ability: Drought|[of] p1a: Cecil\n|turn|1\n|\n|t:|1699589731\n|move|p2a: Masquerain|Stun Spore|p1a: Cecil\n|-status|p1a: Cecil|par\n|move|p1a: Cecil|Rapid Spin|p2a: Masquerain\n|-damage|p2a: Masquerain|90\/100\n|-boost|p1a: Cecil|spe|1\n|\n|-weather|SunnyDay|[upkeep]\n|upkeep\n|turn|2\n|\n|t:|1699589737\n|move|p2a: Masquerain|Sticky Web|p1a: Cecil\n|-sidestart|p1: Nitro524|move: Sticky Web\n|cant|p1a: Cecil|par\n|\n|-weather|SunnyDay|[upkeep]\n|upkeep\n|turn|3\n|\n|t:|1699589740\n|move|p2a: Masquerain|U-turn|p1a: Cecil\n|-resisted|p1a: Cecil\n|-damage|p1a: Cecil|96\/100 par\n|\n|t:|1699589741\n|switch|p2a: Arceus|Arceus-Ghost, shiny|100\/100|[from] U-turn\n|move|p1a: Cecil|Rapid Spin|p2a: Arceus\n|-immune|p2a: Arceus\n|\n|-weather|SunnyDay|[upkeep]\n|upkeep\n|turn|4\n|\n|t:|1699589749\n|move|p2a: Arceus|Swords Dance|p2a: Arceus\n|-boost|p2a: Arceus|atk|2\n|move|p1a: Cecil|Lava Plume|p2a: Arceus\n|-damage|p2a: Arceus|76\/100\n|-status|p2a: Arceus|brn\n|\n|-weather|SunnyDay|[upkeep]\n|-damage|p2a: Arceus|70\/100 brn|[from] brn\n|upkeep\n|turn|5\n|\n|t:|1699589762\n|move|p2a: Arceus|Swords Dance|p2a: Arceus\n|-boost|p2a: Arceus|atk|2\n|move|p1a: Cecil|Lava Plume|p2a: Arceus\n|-damage|p2a: Arceus|48\/100 brn\n|\n|-weather|SunnyDay|[upkeep]\n|-damage|p2a: Arceus|41\/100 brn|[from] brn\n|upkeep\n|turn|6\n|j| Pigbeeef\n|inactive|Nitro524 has 270 seconds left.\n|\n|t:|1699589792\n|move|p2a: Arceus|Recover|p2a: Arceus\n|-heal|p2a: Arceus|91\/100 brn\n|move|p1a: Cecil|Yawn||[still]\n|-fail|p1a: Cecil\n|\n|-weather|SunnyDay|[upkeep]\n|-damage|p2a: Arceus|85\/100 brn|[from] brn\n|upkeep\n|turn|7\n|\n|t:|1699589803\n|move|p2a: Arceus|Shadow Claw|p1a: Cecil\n|-damage|p1a: Cecil|58\/100 par\n|move|p1a: Cecil|Stealth Rock|p2a: Arceus\n|-sidestart|p2: Leo Justice|move: Stealth Rock\n|\n|-weather|SunnyDay|[upkeep]\n|-damage|p2a: Arceus|79\/100 brn|[from] brn\n|upkeep\n|turn|8\n|\n|t:|1699589813\n|move|p2a: Arceus|Shadow Claw|p1a: Cecil\n|-damage|p1a: Cecil|19\/100 par\n|move|p1a: Cecil|Lava Plume|p2a: Arceus\n|-damage|p2a: Arceus|57\/100 brn\n|\n|-weather|none\n|-damage|p2a: Arceus|51\/100 brn|[from] brn\n|upkeep\n|turn|9\n|inactive|Nitro524 has 270 seconds left.\n|l| Pigbeeef\n|j| Pigbeeef\n|inactive|Nitro524 has 240 seconds left.\n|\n|t:|1699589870\n|switch|p1a: Did Not Smile Back|Chi-Yu|100\/100\n|-activate|p1a: Did Not Smile Back|move: Sticky Web\n|-unboost|p1a: Did Not Smile Back|spe|1\n|-ability|p1a: Did Not Smile Back|Beads of Ruin\n|move|p2a: Arceus|Recover|p2a: Arceus\n|-heal|p2a: Arceus|100\/100 brn\n|\n|-damage|p2a: Arceus|94\/100 brn|[from] brn\n|upkeep\n|turn|10\n|\n|t:|1699589885\n|switch|p2a: Urshifu|Urshifu, F|100\/100\n|-damage|p2a: Urshifu|94\/100|[from] Stealth Rock\n|move|p1a: Did Not Smile Back|Dark Pulse|p2a: Urshifu\n|-resisted|p2a: Urshifu\n|-damage|p2a: Urshifu|70\/100\n|\n|upkeep\n|turn|11\n|inactive|Leo Justice has 270 seconds left.\n|\n|t:|1699589919\n|switch|p2a: Shaymin|Shaymin-Sky|100\/100\n|-damage|p2a: Shaymin|76\/100|[from] Stealth Rock\n|move|p1a: Did Not Smile Back|Dark Pulse|p2a: Shaymin\n|-damage|p2a: Shaymin|0 fnt\n|faint|p2a: Shaymin\n|\n|upkeep\n|inactive|Leo Justice has 270 seconds left.\n|\n|t:|1699589932\n|switch|p2a: Urshifu|Urshifu, F|70\/100\n|-damage|p2a: Urshifu|64\/100|[from] Stealth Rock\n|turn|12\n|inactive|Leo Justice has 270 seconds left.\n|\n|t:|1699589949\n|switch|p1a: Clover|Shaymin-Sky|100\/100\n|move|p2a: Urshifu|U-turn|p1a: Clover\n|-damage|p1a: Clover|49\/100\n|inactive|Leo Justice has 270 seconds left.\n|inactive|Leo Justice has 240 seconds left.\n|\n|t:|1699589985\n|switch|p2a: Landorus|Landorus, M|100\/100|[from] U-turn\n|-damage|p2a: Landorus|88\/100|[from] Stealth Rock\n|\n|upkeep\n|turn|13\n|inactive|Nitro524 has 240 seconds left.\n|\n|t:|1699590030\n|switch|p2a: Masquerain|Masquerain, F|90\/100\n|-damage|p2a: Masquerain|40\/100|[from] Stealth Rock\n|-ability|p2a: Masquerain|Intimidate|boost\n|-unboost|p1a: Clover|atk|1\n|-terastallize|p1a: Clover|Steel\n|move|p1a: Clover|Synthesis|p1a: Clover\n|-heal|p1a: Clover|99\/100\n|\n|upkeep\n|turn|14\n|\n|t:|1699590043\n|move|p1a: Clover|Air Slash|p2a: Masquerain\n|-supereffective|p2a: Masquerain\n|-damage|p2a: Masquerain|0 fnt\n|faint|p2a: Masquerain\n|\n|upkeep\n|inactive|Leo Justice has 240 seconds left.\n|l| Pigbeeef\n|inactive|Leo Justice has 210 seconds left.\n|\n|t:|1699590095\n|switch|p2a: Urshifu|Urshifu, F|64\/100\n|-damage|p2a: Urshifu|57\/100|[from] Stealth Rock\n|turn|15\n|inactive|Nitro524 has 240 seconds left.\n|\n|t:|1699590122\n|-terastallize|p2a: Urshifu|Dark\n|move|p1a: Clover|Air Slash|p2a: Urshifu\n|-damage|p2a: Urshifu|6\/100\n|cant|p2a: Urshifu|flinch\n|\n|upkeep\n|turn|16\n|\n|t:|1699590131\n|move|p2a: Urshifu|Sucker Punch|p1a: Clover\n|-damage|p1a: Clover|1\/100\n|move|p1a: Clover|Air Slash|p2a: Urshifu\n|-crit|p2a: Urshifu\n|-damage|p2a: Urshifu|0 fnt\n|faint|p2a: Urshifu\n|\n|upkeep\n|\n|t:|1699590148\n|switch|p2a: Landorus|Landorus, M|88\/100\n|-damage|p2a: Landorus|76\/100|[from] Stealth Rock\n|turn|17\n|\n|t:|1699590175\n|move|p1a: Clover|Seed Flare|p2a: Landorus|[miss]\n|-miss|p1a: Clover|p2a: Landorus\n|move|p2a: Landorus|Earth Power|p1a: Clover\n|-supereffective|p1a: Clover\n|-damage|p1a: Clover|0 fnt\n|faint|p1a: Clover\n|\n|upkeep\n|inactive|Nitro524 has 210 seconds left.\n|\n|t:|1699590201\n|switch|p1a: Bring The Sun|Volcarona, F|100\/100\n|turn|18\n|inactive|Leo Justice has 210 seconds left.\n|inactive|Leo Justice has 180 seconds left.\n|\n|t:|1699590241\n|switch|p2a: Heatran|Heatran, F|100\/100\n|-damage|p2a: Heatran|88\/100|[from] Stealth Rock\n|move|p1a: Bring The Sun|Quiver Dance|p1a: Bring The Sun\n|-boost|p1a: Bring The Sun|spa|1\n|-boost|p1a: Bring The Sun|spd|1\n|-boost|p1a: Bring The Sun|spe|1\n|\n|-heal|p2a: Heatran|94\/100|[from] item: Leftovers\n|upkeep\n|turn|19\n|inactive|Leo Justice has 180 seconds left.\n|inactive|Nitro524 has 180 seconds left.\n|\n|t:|1699590279\n|move|p1a: Bring The Sun|Bug Buzz|p2a: Heatran\n|-resisted|p2a: Heatran\n|-damage|p2a: Heatran|82\/100\n|move|p2a: Heatran|Magma Storm|p1a: Bring The Sun\n|-damage|p1a: Bring The Sun|64\/100\n|-activate|p1a: Bring The Sun|move: Magma Storm|[of] p2a: Heatran\n|\n|-heal|p2a: Heatran|88\/100|[from] item: Leftovers\n|-damage|p1a: Bring The Sun|52\/100|[from] move: Magma Storm|[partiallytrapped]\n|upkeep\n|turn|20\n|inactive|Leo Justice has 180 seconds left.\n|\n|t:|1699590291\n|move|p1a: Bring The Sun|Quiver Dance|p1a: Bring The Sun\n|-boost|p1a: Bring The Sun|spa|1\n|-boost|p1a: Bring The Sun|spd|1\n|-boost|p1a: Bring The Sun|spe|1\n|move|p2a: Heatran|Magma Storm|p1a: Bring The Sun\n|-damage|p1a: Bring The Sun|25\/100\n|\n|-heal|p2a: Heatran|94\/100|[from] item: Leftovers\n|-damage|p1a: Bring The Sun|12\/100|[from] move: Magma Storm|[partiallytrapped]\n|upkeep\n|turn|21\n|inactive|Leo Justice has 180 seconds left.\n|\n|t:|1699590300\n|move|p1a: Bring The Sun|Tera Blast|p2a: Heatran\n|-resisted|p2a: Heatran\n|-damage|p2a: Heatran|73\/100\n|move|p2a: Heatran|Earth Power|p1a: Bring The Sun\n|-damage|p1a: Bring The Sun|0 fnt\n|faint|p1a: Bring The Sun\n|\n|-heal|p2a: Heatran|80\/100|[from] item: Leftovers\n|upkeep\n|\n|t:|1699590304\n|switch|p1a: Cecil|Torkoal, M|19\/100 par\n|-activate|p1a: Cecil|move: Sticky Web\n|-unboost|p1a: Cecil|spe|1\n|-weather|SunnyDay|[from] ability: Drought|[of] p1a: Cecil\n|turn|22\n|\n|t:|1699590307\n|move|p2a: Heatran|Earth Power|p1a: Cecil\n|-supereffective|p1a: Cecil\n|-damage|p1a: Cecil|0 fnt\n|faint|p1a: Cecil\n|\n|-weather|SunnyDay|[upkeep]\n|-heal|p2a: Heatran|86\/100|[from] item: Leftovers\n|upkeep\n|\n|t:|1699590312\n|switch|p1a: Sitting Sleep|Walking Wake|100\/100\n|-activate|p1a: Sitting Sleep|move: Sticky Web\n|-unboost|p1a: Sitting Sleep|spe|1\n|-activate|p1a: Sitting Sleep|ability: Protosynthesis\n|-start|p1a: Sitting Sleep|protosynthesisspa\n|turn|23\n|\n|t:|1699590334\n|move|p1a: Sitting Sleep|Hydro Steam|p2a: Heatran\n|-supereffective|p2a: Heatran\n|-damage|p2a: Heatran|0 fnt\n|faint|p2a: Heatran\n|\n|-weather|SunnyDay|[upkeep]\n|upkeep\n|\n|t:|1699590336\n|switch|p2a: Landorus|Landorus, M|76\/100\n|-damage|p2a: Landorus|64\/100|[from] Stealth Rock\n|turn|24\n|\n|t:|1699590341\n|move|p2a: Landorus|Earth Power|p1a: Sitting Sleep\n|-damage|p1a: Sitting Sleep|14\/100\n|move|p1a: Sitting Sleep|Hydro Steam|p2a: Landorus\n|-supereffective|p2a: Landorus\n|-damage|p2a: Landorus|0 fnt\n|faint|p2a: Landorus\n|\n|-weather|SunnyDay|[upkeep]\n|upkeep\n|\n|t:|1699590344\n|switch|p2a: Arceus|Arceus-Ghost, shiny|94\/100 brn\n|-damage|p2a: Arceus|82\/100 brn|[from] Stealth Rock\n|turn|25\n|c|\u2606Leo Justice|gg\n|\n|t:|1699590349\n|move|p2a: Arceus|Brick Break|p1a: Sitting Sleep\n|-damage|p1a: Sitting Sleep|0 fnt\n|faint|p1a: Sitting Sleep\n|-end|p1a: Sitting Sleep|Protosynthesis|[silent]\n|\n|-weather|SunnyDay|[upkeep]\n|-damage|p2a: Arceus|76\/100 brn|[from] brn\n|upkeep\n|c|\u2606Nitro524|gg\n|\n|t:|1699590358\n|switch|p1a: Did Not Smile Back|Chi-Yu|100\/100\n|-activate|p1a: Did Not Smile Back|move: Sticky Web\n|-unboost|p1a: Did Not Smile Back|spe|1\n|-ability|p1a: Did Not Smile Back|Beads of Ruin\n|turn|26\n|\n|t:|1699590364\n|move|p1a: Did Not Smile Back|Dark Pulse|p2a: Arceus\n|-supereffective|p2a: Arceus\n|-damage|p2a: Arceus|0 fnt\n|faint|p2a: Arceus\n|\n|win|Nitro524\n","uploadtime":1699590370,"views":10,"p1id":"nitro524","p2id":"leojustice","formatid":"gen9ubers","rating":0,"private":0,"password":""}