{"id":"gen9ubers-1977767150","p1":"Blake-Mamba","p2":"ndub","format":"[Gen 9] Ubers","log":"|j|\u2606Blake-Mamba\n|j|\u2606ndub\n|t:|1698447166\n|gametype|singles\n|player|p1|Blake-Mamba|juan|1266\n|player|p2|ndub|swimmer|1266\n|teamsize|p1|6\n|teamsize|p2|6\n|gen|9\n|tier|[Gen 9] Ubers\n|rated|\n|rule|Sleep Clause Mod: Limit one foe put to sleep\n|rule|Species Clause: Limit one of each Pok\u00e9mon\n|rule|OHKO Clause: OHKO moves are banned\n|rule|Evasion Items Clause: Evasion items are banned\n|rule|Evasion Moves Clause: Evasion moves are banned\n|rule|Endless Battle Clause: Forcing endless battles is banned\n|rule|HP Percentage Mod: HP is shown in percentages\n|clearpoke\n|poke|p1|Ogerpon-Hearthflame, F|\n|poke|p1|Vikavolt, F|\n|poke|p1|Kommo-o, F|\n|poke|p1|Ursaluna-Bloodmoon, M|\n|poke|p1|Yanmega, F|\n|poke|p1|Chandelure, F|\n|poke|p2|Koraidon|\n|poke|p2|Zacian-*|\n|poke|p2|Kyogre|\n|poke|p2|Flutter Mane|\n|poke|p2|Groudon|\n|poke|p2|Arceus|\n|teampreview\n|c|\u2606Blake-Mamba|Glhf\n|inactive|Battle timer is ON: inactive players will automatically lose when time's up. (requested by Blake-Mamba)\n|\n|t:|1698447201\n|start\n|switch|p1a: Vikavolt|Vikavolt, F|100\/100\n|switch|p2a: Groudon|Groudon|100\/100\n|-weather|SunnyDay|[from] ability: Drought|[of] p2a: Groudon\n|turn|1\n|\n|t:|1698447210\n|move|p2a: Groudon|Stealth Rock|p1a: Vikavolt\n|-sidestart|p1: Blake-Mamba|move: Stealth Rock\n|move|p1a: Vikavolt|Sticky Web|p2a: Groudon\n|-sidestart|p2: ndub|move: Sticky Web\n|\n|-weather|SunnyDay|[upkeep]\n|upkeep\n|turn|2\n|\n|t:|1698447216\n|move|p2a: Groudon|Spikes|p1a: Vikavolt\n|-sidestart|p1: Blake-Mamba|Spikes\n|move|p1a: Vikavolt|Energy Ball|p2a: Groudon\n|-supereffective|p2a: Groudon\n|-damage|p2a: Groudon|25\/100\n|\n|-weather|SunnyDay|[upkeep]\n|-heal|p2a: Groudon|31\/100|[from] item: Leftovers\n|upkeep\n|turn|3\n|-activate|p1a: Vikavolt|item: Quick Claw\n|\n|t:|1698447238\n|switch|p2a: Flutter Mane|Flutter Mane|100\/100\n|-activate|p2a: Flutter Mane|move: Sticky Web\n|-unboost|p2a: Flutter Mane|spe|1\n|-activate|p2a: Flutter Mane|ability: Protosynthesis\n|-start|p2a: Flutter Mane|protosynthesisspa\n|move|p1a: Vikavolt|Energy Ball|p2a: Flutter Mane\n|-damage|p2a: Flutter Mane|59\/100\n|\n|-weather|SunnyDay|[upkeep]\n|upkeep\n|turn|4\n|\n|t:|1698447251\n|move|p2a: Flutter Mane|Calm Mind|p2a: Flutter Mane\n|-boost|p2a: Flutter Mane|spa|1\n|-boost|p2a: Flutter Mane|spd|1\n|move|p1a: Vikavolt|Thunder|p2a: Flutter Mane|[miss]\n|-miss|p1a: Vikavolt|p2a: Flutter Mane\n|\n|-weather|SunnyDay|[upkeep]\n|upkeep\n|turn|5\n|\n|t:|1698447261\n|move|p2a: Flutter Mane|Calm Mind|p2a: Flutter Mane\n|-boost|p2a: Flutter Mane|spa|1\n|-boost|p2a: Flutter Mane|spd|1\n|move|p1a: Vikavolt|Thunder|p2a: Flutter Mane|[miss]\n|-miss|p1a: Vikavolt|p2a: Flutter Mane\n|\n|-weather|none\n|-end|p2a: Flutter Mane|Protosynthesis\n|upkeep\n|turn|6\n|\n|t:|1698447269\n|move|p2a: Flutter Mane|Shadow Ball|p1a: Vikavolt\n|-damage|p1a: Vikavolt|0 fnt\n|faint|p1a: Vikavolt\n|-damage|p2a: Flutter Mane|49\/100|[from] item: Life Orb\n|\n|upkeep\n|\n|t:|1698447279\n|switch|p1a: Chandelure|Chandelure, F|100\/100\n|-damage|p1a: Chandelure|76\/100|[from] Stealth Rock\n|-damage|p1a: Chandelure|63\/100|[from] Spikes\n|turn|7\n|\n|t:|1698447285\n|move|p1a: Chandelure|Shadow Ball|p2a: Flutter Mane\n|-supereffective|p2a: Flutter Mane\n|-damage|p2a: Flutter Mane|0 fnt\n|faint|p2a: Flutter Mane\n|-end|p2a: Flutter Mane|Protosynthesis|[silent]\n|\n|upkeep\n|\n|t:|1698447292\n|switch|p2a: Kyogre|Kyogre|100\/100\n|-activate|p2a: Kyogre|move: Sticky Web\n|-unboost|p2a: Kyogre|spe|1\n|-weather|RainDance|[from] ability: Drizzle|[of] p2a: Kyogre\n|turn|8\n|\n|t:|1698447298\n|move|p1a: Chandelure|Shadow Ball|p2a: Kyogre\n|-damage|p2a: Kyogre|64\/100\n|move|p2a: Kyogre|Water Spout|p1a: Chandelure\n|-supereffective|p1a: Chandelure\n|-damage|p1a: Chandelure|0 fnt\n|faint|p1a: Chandelure\n|\n|-weather|RainDance|[upkeep]\n|upkeep\n|\n|t:|1698447308\n|switch|p1a: Kommo-o|Kommo-o, F|100\/100\n|-damage|p1a: Kommo-o|94\/100|[from] Stealth Rock\n|-damage|p1a: Kommo-o|82\/100|[from] Spikes\n|turn|9\n|inactive|ndub has 120 seconds left.\n|\n|t:|1698447349\n|switch|p2a: Groudon|Groudon|31\/100\n|-activate|p2a: Groudon|move: Sticky Web\n|-unboost|p2a: Groudon|spe|1\n|-weather|SunnyDay|[from] ability: Drought|[of] p2a: Groudon\n|move|p1a: Kommo-o|Clangorous Soul|p1a: Kommo-o\n|-boost|p1a: Kommo-o|atk|1\n|-boost|p1a: Kommo-o|def|1\n|-boost|p1a: Kommo-o|spa|1\n|-boost|p1a: Kommo-o|spd|1\n|-boost|p1a: Kommo-o|spe|1\n|-damage|p1a: Kommo-o|49\/100\n|\n|-weather|SunnyDay|[upkeep]\n|-heal|p1a: Kommo-o|55\/100|[from] item: Leftovers\n|-heal|p2a: Groudon|38\/100|[from] item: Leftovers\n|upkeep\n|turn|10\n|\n|t:|1698447364\n|move|p1a: Kommo-o|Drain Punch|p2a: Groudon\n|-damage|p2a: Groudon|9\/100\n|-heal|p1a: Kommo-o|71\/100|[from] drain|[of] p2a: Groudon\n|move|p2a: Groudon|Precipice Blades|p1a: Kommo-o\n|-damage|p1a: Kommo-o|39\/100\n|\n|-weather|SunnyDay|[upkeep]\n|-heal|p1a: Kommo-o|45\/100|[from] item: Leftovers\n|-heal|p2a: Groudon|15\/100|[from] item: Leftovers\n|upkeep\n|turn|11\n|\n|t:|1698447375\n|move|p1a: Kommo-o|Drain Punch|p2a: Groudon\n|-damage|p2a: Groudon|0 fnt\n|-heal|p1a: Kommo-o|54\/100|[from] drain|[of] p2a: Groudon\n|faint|p2a: Groudon\n|\n|-weather|SunnyDay|[upkeep]\n|-heal|p1a: Kommo-o|60\/100|[from] item: Leftovers\n|upkeep\n|\n|t:|1698447390\n|switch|p2a: Arceus|Arceus|100\/100\n|-activate|p2a: Arceus|move: Sticky Web\n|-unboost|p2a: Arceus|spe|1\n|turn|12\n|\n|t:|1698447397\n|-terastallize|p2a: Arceus|Normal\n|move|p2a: Arceus|Extreme Speed|p1a: Kommo-o\n|-damage|p1a: Kommo-o|23\/100\n|move|p1a: Kommo-o|Drain Punch|p2a: Arceus\n|-supereffective|p2a: Arceus\n|-damage|p2a: Arceus|30\/100\n|-heal|p1a: Kommo-o|67\/100|[from] drain|[of] p2a: Arceus\n|\n|-weather|SunnyDay|[upkeep]\n|-heal|p1a: Kommo-o|73\/100|[from] item: Leftovers\n|upkeep\n|turn|13\n|inactive|ndub has 120 seconds left.\n|\n|t:|1698447410\n|switch|p2a: Zacian|Zacian-Crowned|100\/100\n|-activate|p2a: Zacian|move: Sticky Web\n|-unboost|p2a: Zacian|spe|1\n|-ability|p2a: Zacian|Intrepid Sword|boost\n|-boost|p2a: Zacian|atk|1\n|move|p1a: Kommo-o|Drain Punch|p2a: Zacian\n|-damage|p2a: Zacian|44\/100\n|-heal|p1a: Kommo-o|99\/100|[from] drain|[of] p2a: Zacian\n|\n|-weather|none\n|-heal|p1a: Kommo-o|100\/100|[from] item: Leftovers\n|upkeep\n|turn|14\n|\n|t:|1698447427\n|-terastallize|p1a: Kommo-o|Steel\n|move|p1a: Kommo-o|Clangorous Soul|p1a: Kommo-o\n|-boost|p1a: Kommo-o|atk|1\n|-boost|p1a: Kommo-o|def|1\n|-boost|p1a: Kommo-o|spa|1\n|-boost|p1a: Kommo-o|spd|1\n|-boost|p1a: Kommo-o|spe|1\n|-damage|p1a: Kommo-o|68\/100\n|move|p2a: Zacian|Play Rough|p1a: Kommo-o\n|-resisted|p1a: Kommo-o\n|-damage|p1a: Kommo-o|53\/100\n|-unboost|p1a: Kommo-o|atk|1\n|\n|-heal|p1a: Kommo-o|60\/100|[from] item: Leftovers\n|upkeep\n|turn|15\n|-message|ndub forfeited.\n|\n|win|Blake-Mamba\n|raw|Blake-Mamba's rating: 1266 &rarr; <strong>1291<\/strong><br \/>(+25 for winning)\n|raw|ndub's rating: 1266 &rarr; <strong>1241<\/strong><br \/>(-25 for losing)\n|l|\u2606ndub\n|c|\u2606Blake-Mamba|Gg\n","uploadtime":1698447454,"views":13,"p1id":"blakemamba","p2id":"ndub","formatid":"gen9ubers","rating":1241,"private":0,"password":""}