{"id":"gen9ubers-1988184297","p1":"RichardMillePlain","p2":"BD9prince","format":"[Gen 9] Ubers","log":"|j|\u2606RichardMillePlain\n|j|\u2606BD9prince\n|t:|1699681160\n|gametype|singles\n|player|p1|RichardMillePlain|lucas|\n|player|p2|BD9prince|266|\n|teamsize|p1|6\n|teamsize|p2|6\n|gen|9\n|tier|[Gen 9] Ubers\n|rated|Tournament battle\n|rule|Sleep Clause Mod: Limit one foe put to sleep\n|rule|Species Clause: Limit one of each Pok\u00e9mon\n|rule|OHKO Clause: OHKO moves are banned\n|rule|Evasion Items Clause: Evasion items are banned\n|rule|Evasion Moves Clause: Evasion moves are banned\n|rule|Endless Battle Clause: Forcing endless battles is banned\n|rule|HP Percentage Mod: HP is shown in percentages\n|clearpoke\n|poke|p1|Miraidon|\n|poke|p1|Zamazenta-*|\n|poke|p1|Annihilape, F|\n|poke|p1|Koraidon|\n|poke|p1|Arceus-Ground|\n|poke|p1|Zacian-*|\n|poke|p2|Cyclizar, F|\n|poke|p2|Grimmsnarl, M|\n|poke|p2|Miraidon|\n|poke|p2|Koraidon|\n|poke|p2|Chi-Yu|\n|poke|p2|Flutter Mane|\n|teampreview\n|inactive|Battle timer is ON: inactive players will automatically lose when time's up. (requested by BD9prince)\n|c|\u2606RichardMillePlain|hf\n|inactive|BD9prince has 120 seconds left.\n|\n|t:|1699681209\n|start\n|switch|p1a: Annihilape|Annihilape, F|100\/100\n|switch|p2a: Cyclizar|Cyclizar, F|100\/100\n|turn|1\n|\n|t:|1699681226\n|move|p2a: Cyclizar|Shed Tail|p2a: Cyclizar\n|-start|p2a: Cyclizar|Substitute|[from] move: Shed Tail\n|-damage|p2a: Cyclizar|50\/100\n|\n|t:|1699681233\n|switch|p2a: Flutter Mane|Flutter Mane|100\/100|[from] Shed Tail\n|-enditem|p2a: Flutter Mane|Booster Energy\n|-activate|p2a: Flutter Mane|ability: Protosynthesis|[fromitem]\n|-start|p2a: Flutter Mane|protosynthesisspe\n|move|p1a: Annihilape|Stealth Rock|p2a: Flutter Mane\n|-sidestart|p2: BD9prince|move: Stealth Rock\n|\n|upkeep\n|turn|2\n|\n|t:|1699681244\n|move|p2a: Flutter Mane|Taunt|p1a: Annihilape\n|-start|p1a: Annihilape|move: Taunt\n|move|p1a: Annihilape|Rage Fist|p2a: Flutter Mane\n|-supereffective|p2a: Flutter Mane\n|-end|p2a: Flutter Mane|Substitute\n|\n|upkeep\n|turn|3\n|\n|t:|1699681260\n|move|p2a: Flutter Mane|Calm Mind|p2a: Flutter Mane\n|-boost|p2a: Flutter Mane|spa|1\n|-boost|p2a: Flutter Mane|spd|1\n|move|p1a: Annihilape|Rage Fist|p2a: Flutter Mane\n|-supereffective|p2a: Flutter Mane\n|-damage|p2a: Flutter Mane|0 fnt\n|faint|p2a: Flutter Mane\n|-end|p2a: Flutter Mane|Protosynthesis|[silent]\n|\n|upkeep\n|\n|t:|1699681270\n|switch|p2a: Cyclizar|Cyclizar, F|84\/100\n|-damage|p2a: Cyclizar|71\/100|[from] Stealth Rock\n|turn|4\n|\n|t:|1699681276\n|move|p2a: Cyclizar|Rapid Spin|p1a: Annihilape\n|-immune|p1a: Annihilape\n|move|p1a: Annihilape|Final Gambit|p2a: Cyclizar\n|-damage|p2a: Cyclizar|0 fnt\n|faint|p1a: Annihilape\n|faint|p2a: Cyclizar\n|\n|upkeep\n|\n|t:|1699681292\n|switch|p2a: Grimmsnarl|Grimmsnarl, M|100\/100\n|switch|p1a: Zacian|Zacian-Crowned|100\/100\n|-ability|p1a: Zacian|Intrepid Sword|boost\n|-boost|p1a: Zacian|atk|1\n|-damage|p2a: Grimmsnarl|88\/100|[from] Stealth Rock\n|turn|5\n|\n|t:|1699681296\n|move|p2a: Grimmsnarl|Reflect|p2a: Grimmsnarl\n|-sidestart|p2: BD9prince|Reflect\n|move|p1a: Zacian|Swords Dance|p1a: Zacian\n|-boost|p1a: Zacian|atk|2\n|\n|upkeep\n|turn|6\n|\n|t:|1699681301\n|move|p2a: Grimmsnarl|Taunt|p1a: Zacian\n|-start|p1a: Zacian|move: Taunt\n|cant|p1a: Zacian|move: Taunt|Swords Dance\n|\n|upkeep\n|turn|7\n|\n|t:|1699681309\n|move|p2a: Grimmsnarl|Light Screen|p2a: Grimmsnarl\n|-sidestart|p2: BD9prince|move: Light Screen\n|move|p1a: Zacian|Behemoth Blade|p2a: Grimmsnarl\n|-supereffective|p2a: Grimmsnarl\n|-damage|p2a: Grimmsnarl|0 fnt\n|faint|p2a: Grimmsnarl\n|\n|upkeep\n|\n|t:|1699681315\n|switch|p2a: Chi-Yu|Chi-Yu|100\/100\n|-ability|p2a: Chi-Yu|Beads of Ruin\n|turn|8\n|\n|t:|1699681323\n|move|p1a: Zacian|Play Rough|p2a: Chi-Yu\n|-damage|p2a: Chi-Yu|0 fnt\n|faint|p2a: Chi-Yu\n|\n|-end|p1a: Zacian|move: Taunt\n|upkeep\n|\n|t:|1699681332\n|switch|p2a: Miraidon|Miraidon|100\/100\n|-damage|p2a: Miraidon|88\/100|[from] Stealth Rock\n|-fieldstart|move: Electric Terrain|[from] ability: Hadron Engine|[of] p2a: Miraidon\n|turn|9\n|\n|t:|1699681343\n|-terastallize|p2a: Miraidon|Fairy\n|move|p1a: Zacian|Play Rough|p2a: Miraidon\n|-damage|p2a: Miraidon|32\/100\n|move|p2a: Miraidon|Agility|p2a: Miraidon\n|-boost|p2a: Miraidon|spe|2\n|\n|-heal|p2a: Miraidon|38\/100|[from] item: Leftovers\n|upkeep\n|turn|10\n|\n|t:|1699681351\n|move|p2a: Miraidon|Parabolic Charge|p1a: Zacian\n|-damage|p1a: Zacian|33\/100\n|-heal|p2a: Miraidon|68\/100|[from] drain|[of] p1a: Zacian\n|move|p1a: Zacian|Behemoth Blade|p2a: Miraidon\n|-supereffective|p2a: Miraidon\n|-damage|p2a: Miraidon|0 fnt\n|faint|p2a: Miraidon\n|\n|upkeep\n|\n|t:|1699681358\n|switch|p2a: Koraidon|Koraidon|100\/100\n|-damage|p2a: Koraidon|94\/100|[from] Stealth Rock\n|-weather|SunnyDay|[from] ability: Orichalcum Pulse|[of] p2a: Koraidon\n|-activate|p2a: Koraidon|Orichalcum Pulse|[source]\n|turn|11\n|-message|BD9prince forfeited.\n|\n|win|RichardMillePlain\n|n|\u2606RichardMillePlain|richardmilleplain\n|n|\u2606BD9prince|bd9prince\n","uploadtime":1699681366,"views":4,"p1id":"richardmilleplain","p2id":"bd9prince","formatid":"gen9ubers","rating":0,"private":0,"password":""}