{"id":"gen9ubers-1996443991","p1":"sheeps are u","p2":"babbona","format":"[Gen 9] Ubers","log":"|j|\u2606sheeps are u\n|j|\u2606babbona\n|t:|1700682575\n|gametype|singles\n|player|p1|sheeps are u|266|1106\n|player|p2|babbona|ghetsis-gen5bw|1173\n|teamsize|p1|6\n|teamsize|p2|6\n|gen|9\n|tier|[Gen 9] Ubers\n|rated|\n|rule|Sleep Clause Mod: Limit one foe put to sleep\n|rule|Species Clause: Limit one of each Pok\u00e9mon\n|rule|OHKO Clause: OHKO moves are banned\n|rule|Evasion Items Clause: Evasion items are banned\n|rule|Evasion Moves Clause: Evasion moves are banned\n|rule|Endless Battle Clause: Forcing endless battles is banned\n|rule|HP Percentage Mod: HP is shown in percentages\n|clearpoke\n|poke|p1|Arceus-Fire|\n|poke|p1|Iron Bundle|\n|poke|p1|Palkia-Origin|\n|poke|p1|Zacian-*|\n|poke|p1|Indeedee, M|\n|poke|p1|Giratina|\n|poke|p2|Annihilape, F|\n|poke|p2|Gliscor, M|\n|poke|p2|Ribombee, F|\n|poke|p2|Calyrex-Ice|\n|poke|p2|Baxcalibur, F|\n|poke|p2|Magearna|\n|teampreview\n|\n|t:|1700682584\n|start\n|switch|p1a: Iron Bundle|Iron Bundle|100\/100\n|switch|p2a: Ribombee|Ribombee, F|100\/100\n|turn|1\n|l|\u2606babbona\n|player|p2|\n|inactive|Battle timer is ON: inactive players will automatically lose when time's up. (requested by sheeps are u)\n|inactive|babbona has 30 seconds to reconnect!\n|inactive|babbona has 20 seconds to reconnect!\n|j|\u2606babbona\n|inactive|babbona reconnected and has 110 seconds left.\n|player|p2|babbona|ghetsis-gen5bw\n|\n|t:|1700682693\n|move|p2a: Ribombee|Sticky Web|p1a: Iron Bundle\n|-sidestart|p1: sheeps are u|move: Sticky Web\n|move|p1a: Iron Bundle|Taunt|p2a: Ribombee\n|-start|p2a: Ribombee|move: Taunt\n|\n|upkeep\n|turn|2\n|\n|t:|1700682700\n|move|p2a: Ribombee|U-turn|p1a: Iron Bundle\n|-damage|p1a: Iron Bundle|82\/100\n|\n|t:|1700682717\n|switch|p2a: Baxcalibur|Baxcalibur, F|100\/100|[from] U-turn\n|move|p1a: Iron Bundle|Ice Beam|p2a: Baxcalibur\n|-damage|p2a: Baxcalibur|35\/100\n|\n|upkeep\n|turn|3\n|\n|t:|1700682724\n|move|p1a: Iron Bundle|Ice Beam|p2a: Baxcalibur\n|-damage|p2a: Baxcalibur|0 fnt\n|faint|p2a: Baxcalibur\n|\n|upkeep\n|\n|t:|1700682727\n|switch|p2a: Magearna|Magearna|100\/100\n|turn|4\n|\n|t:|1700682749\n|-end|p1a: Iron Bundle|Quark Drive|[silent]\n|switch|p1a: Arceus|Arceus-Fire|100\/100\n|-activate|p1a: Arceus|move: Sticky Web\n|-unboost|p1a: Arceus|spe|1\n|move|p2a: Magearna|Flash Cannon|p1a: Arceus\n|-resisted|p1a: Arceus\n|-damage|p1a: Arceus|85\/100\n|-unboost|p1a: Arceus|spd|1\n|\n|upkeep\n|turn|5\n|\n|t:|1700682753\n|switch|p2a: Gliscor|Gliscor, M|100\/100\n|move|p1a: Arceus|Judgment|p2a: Gliscor\n|-damage|p2a: Gliscor|11\/100\n|\n|-status|p2a: Gliscor|tox|[from] item: Toxic Orb\n|upkeep\n|turn|6\n|\n|t:|1700682762\n|move|p2a: Gliscor|Earthquake|p1a: Arceus\n|-supereffective|p1a: Arceus\n|-damage|p1a: Arceus|28\/100\n|move|p1a: Arceus|Judgment|p2a: Gliscor\n|-damage|p2a: Gliscor|0 fnt\n|faint|p2a: Gliscor\n|\n|upkeep\n|\n|t:|1700682770\n|switch|p2a: Ribombee|Ribombee, F|100\/100\n|turn|7\n|\n|t:|1700682779\n|move|p2a: Ribombee|Stun Spore|p1a: Arceus\n|-status|p1a: Arceus|par\n|cant|p1a: Arceus|par\n|\n|upkeep\n|turn|8\n|\n|t:|1700682793\n|move|p2a: Ribombee|Tailwind|p2a: Ribombee\n|-sidestart|p2: babbona|move: Tailwind\n|move|p1a: Arceus|Thunderbolt|p2a: Ribombee\n|-damage|p2a: Ribombee|55\/100\n|\n|upkeep\n|turn|9\n|\n|t:|1700682798\n|move|p2a: Ribombee|U-turn|p1a: Arceus\n|-resisted|p1a: Arceus\n|-damage|p1a: Arceus|23\/100 par\n|\n|t:|1700682802\n|switch|p2a: Annihilape|Annihilape, F|100\/100|[from] U-turn\n|move|p1a: Arceus|Judgment|p2a: Annihilape\n|-damage|p2a: Annihilape|40\/100\n|\n|upkeep\n|turn|10\n|\n|t:|1700682815\n|move|p2a: Annihilape|Rage Fist|p1a: Arceus\n|-damage|p1a: Arceus|0 fnt\n|faint|p1a: Arceus\n|\n|upkeep\n|\n|t:|1700682824\n|switch|p1a: Zacian|Zacian-Crowned|100\/100\n|-activate|p1a: Zacian|move: Sticky Web\n|-unboost|p1a: Zacian|spe|1\n|-ability|p1a: Zacian|Intrepid Sword|boost\n|-boost|p1a: Zacian|atk|1\n|turn|11\n|\n|t:|1700682830\n|move|p2a: Annihilape|Drain Punch|p1a: Zacian\n|-damage|p1a: Zacian|56\/100\n|-heal|p2a: Annihilape|57\/100|[from] drain|[of] p1a: Zacian\n|move|p1a: Zacian|Behemoth Blade|p2a: Annihilape\n|-damage|p2a: Annihilape|0 fnt\n|faint|p2a: Annihilape\n|\n|-sideend|p2: babbona|move: Tailwind\n|upkeep\n|\n|t:|1700682834\n|switch|p2a: Ribombee|Ribombee, F|55\/100\n|turn|12\n|\n|t:|1700682841\n|move|p2a: Ribombee|Stun Spore|p1a: Zacian\n|-status|p1a: Zacian|par\n|move|p1a: Zacian|Behemoth Blade|p2a: Ribombee\n|-supereffective|p2a: Ribombee\n|-damage|p2a: Ribombee|0 fnt\n|faint|p2a: Ribombee\n|\n|upkeep\n|\n|t:|1700682847\n|switch|p2a: Calyrex|Calyrex-Ice|100\/100\n|-ability|p2a: Calyrex|As One\n|-ability|p2a: Calyrex|Unnerve\n|turn|13\n|\n|t:|1700682860\n|-terastallize|p2a: Calyrex|Ground\n|move|p1a: Zacian|Behemoth Blade|p2a: Calyrex\n|-damage|p2a: Calyrex|53\/100\n|move|p2a: Calyrex|Trick Room|p2a: Calyrex\n|-fieldstart|move: Trick Room|[of] p2a: Calyrex\n|\n|upkeep\n|turn|14\n|\n|t:|1700682866\n|move|p2a: Calyrex|High Horsepower|p1a: Zacian\n|-supereffective|p1a: Zacian\n|-damage|p1a: Zacian|0 fnt\n|faint|p1a: Zacian\n|-ability|p2a: Calyrex|Chilling Neigh|boost\n|-boost|p2a: Calyrex|atk|1\n|\n|upkeep\n|\n|t:|1700682880\n|switch|p1a: Giratina|Giratina|100\/100\n|-activate|p1a: Giratina|move: Sticky Web\n|-unboost|p1a: Giratina|spe|1\n|-ability|p1a: Giratina|Pressure\n|turn|15\n|\n|t:|1700682886\n|move|p2a: Calyrex|Glacial Lance|p1a: Giratina\n|-supereffective|p1a: Giratina\n|-damage|p1a: Giratina|0 fnt\n|faint|p1a: Giratina\n|-ability|p2a: Calyrex|Chilling Neigh|boost\n|-boost|p2a: Calyrex|atk|1\n|\n|upkeep\n|\n|t:|1700682892\n|switch|p1a: Palkia|Palkia-Origin|100\/100\n|-activate|p1a: Palkia|move: Sticky Web\n|-unboost|p1a: Palkia|spe|1\n|-ability|p1a: Palkia|Pressure\n|turn|16\n|\n|t:|1700682900\n|move|p2a: Calyrex|Glacial Lance|p1a: Palkia\n|-damage|p1a: Palkia|0 fnt\n|faint|p1a: Palkia\n|-ability|p2a: Calyrex|Chilling Neigh|boost\n|-boost|p2a: Calyrex|atk|1\n|\n|upkeep\n|\n|t:|1700682905\n|switch|p1a: Iron Bundle|Iron Bundle|82\/100\n|-activate|p1a: Iron Bundle|move: Sticky Web\n|-unboost|p1a: Iron Bundle|spe|1\n|turn|17\n|\n|t:|1700682910\n|move|p2a: Calyrex|Seed Bomb|p1a: Iron Bundle\n|-supereffective|p1a: Iron Bundle\n|-damage|p1a: Iron Bundle|0 fnt\n|faint|p1a: Iron Bundle\n|-end|p1a: Iron Bundle|Quark Drive|[silent]\n|-ability|p2a: Calyrex|Chilling Neigh|boost\n|-boost|p2a: Calyrex|atk|1\n|\n|-fieldend|move: Trick Room\n|upkeep\n|\n|t:|1700682913\n|switch|p1a: Indeedee|Indeedee, M|100\/100\n|-activate|p1a: Indeedee|move: Sticky Web\n|-unboost|p1a: Indeedee|spe|1\n|-fieldstart|move: Psychic Terrain|[from] ability: Psychic Surge|[of] p1a: Indeedee\n|turn|18\n|\n|t:|1700682921\n|move|p1a: Indeedee|Extrasensory|p2a: Calyrex\n|-damage|p2a: Calyrex|21\/100\n|move|p2a: Calyrex|Glacial Lance|p1a: Indeedee\n|-damage|p1a: Indeedee|0 fnt\n|faint|p1a: Indeedee\n|\n|win|babbona\n|raw|sheeps are u's rating: 1077 &rarr; <strong>1061<\/strong><br \/>(-16 for losing)\n|raw|babbona's rating: 1173 &rarr; <strong>1191<\/strong><br \/>(+18 for winning)\n|c|\u2606babbona|hg\n|l|\u2606sheeps are u\n|c|\u2606babbona|gg\n","uploadtime":1700682930,"views":0,"p1id":"sheepsareu","p2id":"babbona","formatid":"gen9ubers","rating":1061,"private":0,"password":""}