{"id":"gen9ubers-1988024385","p1":"Ohnvff","p2":"56789ya","format":"[Gen 9] Ubers","log":"|j|\u2606Ohnvff\n|j|\u260656789ya\n|t:|1699660421\n|gametype|singles\n|player|p1|Ohnvff|265|1378\n|player|p2|56789ya|boarder|1334\n|teamsize|p1|6\n|teamsize|p2|6\n|gen|9\n|tier|[Gen 9] Ubers\n|rated|\n|rule|Sleep Clause Mod: Limit one foe put to sleep\n|rule|Species Clause: Limit one of each Pok\u00e9mon\n|rule|OHKO Clause: OHKO moves are banned\n|rule|Evasion Items Clause: Evasion items are banned\n|rule|Evasion Moves Clause: Evasion moves are banned\n|rule|Endless Battle Clause: Forcing endless battles is banned\n|rule|HP Percentage Mod: HP is shown in percentages\n|clearpoke\n|poke|p1|Dondozo, F|\n|poke|p1|Gliscor, F|\n|poke|p1|Clodsire, F|\n|poke|p1|Toxapex, F|\n|poke|p1|Skeledirge, F|\n|poke|p1|Iron Treads|\n|poke|p2|Ting-Lu|\n|poke|p2|Miraidon|\n|poke|p2|Calyrex-Ice|\n|poke|p2|Kyogre|\n|poke|p2|Skeledirge, F|\n|poke|p2|Arceus-Grass|\n|teampreview\n|c|\u260656789ya|Your team is pretty weak to water\n|c|\u2606Ohnvff|welcome to stall\n|\n|t:|1699660466\n|start\n|switch|p1a: Gliscor|Gliscor, F|100\/100\n|switch|p2a: Miraidon|Miraidon|100\/100\n|-fieldstart|move: Electric Terrain|[from] ability: Hadron Engine|[of] p2a: Miraidon\n|turn|1\n|\n|t:|1699660472\n|move|p1a: Gliscor|Protect|p1a: Gliscor\n|-singleturn|p1a: Gliscor|Protect\n|move|p2a: Miraidon|Draco Meteor|p1a: Gliscor\n|-activate|p1a: Gliscor|move: Protect\n|\n|-status|p1a: Gliscor|tox|[from] item: Toxic Orb\n|upkeep\n|turn|2\n|\n|t:|1699660479\n|switch|p1a: Clodsire|Clodsire, F|100\/100\n|move|p2a: Miraidon|Draco Meteor|p1a: Clodsire\n|-damage|p1a: Clodsire|50\/100\n|-unboost|p2a: Miraidon|spa|2\n|\n|-heal|p1a: Clodsire|57\/100|[from] item: Leftovers\n|upkeep\n|turn|3\n|\n|t:|1699660488\n|switch|p2a: Ting-Lu|Ting-Lu|100\/100\n|-ability|p2a: Ting-Lu|Vessel of Ruin\n|move|p1a: Clodsire|Toxic|p2a: Ting-Lu\n|-status|p2a: Ting-Lu|tox\n|\n|-heal|p1a: Clodsire|63\/100|[from] item: Leftovers\n|-damage|p2a: Ting-Lu|94\/100 tox|[from] psn\n|upkeep\n|turn|4\n|\n|t:|1699660498\n|switch|p1a: Gliscor|Gliscor, F|100\/100 tox\n|move|p2a: Ting-Lu|Spikes|p1a: Gliscor\n|-sidestart|p1: Ohnvff|Spikes\n|\n|-heal|p2a: Ting-Lu|100\/100 tox|[from] item: Leftovers\n|-damage|p2a: Ting-Lu|88\/100 tox|[from] psn\n|upkeep\n|turn|5\n|\n|t:|1699660518\n|move|p1a: Gliscor|Spikes|p2a: Ting-Lu\n|-sidestart|p2: 56789ya|Spikes\n|move|p2a: Ting-Lu|Spikes|p1a: Gliscor\n|-sidestart|p1: Ohnvff|Spikes\n|\n|-heal|p2a: Ting-Lu|94\/100 tox|[from] item: Leftovers\n|-damage|p2a: Ting-Lu|76\/100 tox|[from] psn\n|-fieldend|move: Electric Terrain\n|upkeep\n|turn|6\n|\n|t:|1699660539\n|move|p1a: Gliscor|Spikes|p2a: Ting-Lu\n|-sidestart|p2: 56789ya|Spikes\n|move|p2a: Ting-Lu|Whirlwind|p1a: Gliscor\n|drag|p1a: Clodsire|Clodsire, F|63\/100\n|-damage|p1a: Clodsire|46\/100|[from] Spikes\n|\n|-heal|p2a: Ting-Lu|82\/100 tox|[from] item: Leftovers\n|-heal|p1a: Clodsire|53\/100|[from] item: Leftovers\n|-damage|p2a: Ting-Lu|57\/100 tox|[from] psn\n|upkeep\n|turn|7\n|\n|t:|1699660548\n|switch|p1a: Gliscor|Gliscor, F|100\/100 tox\n|move|p2a: Ting-Lu|Earthquake|p1a: Gliscor\n|-immune|p1a: Gliscor\n|\n|-heal|p2a: Ting-Lu|63\/100 tox|[from] item: Leftovers\n|-damage|p2a: Ting-Lu|32\/100 tox|[from] psn\n|upkeep\n|turn|8\n|\n|t:|1699660556\n|move|p1a: Gliscor|Spikes|p2a: Ting-Lu\n|-sidestart|p2: 56789ya|Spikes\n|move|p2a: Ting-Lu|Spikes|p1a: Gliscor\n|-sidestart|p1: Ohnvff|Spikes\n|\n|-heal|p2a: Ting-Lu|38\/100 tox|[from] item: Leftovers\n|-damage|p2a: Ting-Lu|1\/100 tox|[from] psn\n|upkeep\n|turn|9\n|\n|t:|1699660573\n|move|p1a: Gliscor|Earthquake|p2a: Ting-Lu\n|-damage|p2a: Ting-Lu|0 fnt\n|faint|p2a: Ting-Lu\n|\n|upkeep\n|\n|t:|1699660584\n|switch|p2a: Calyrex|Calyrex-Ice|100\/100\n|-ability|p2a: Calyrex|As One\n|-ability|p2a: Calyrex|Unnerve\n|turn|10\n|\n|t:|1699660589\n|switch|p1a: Dondozo|Dondozo, F|100\/100\n|-damage|p1a: Dondozo|75\/100|[from] Spikes\n|move|p2a: Calyrex|Glacial Lance|p1a: Dondozo\n|-resisted|p1a: Dondozo\n|-damage|p1a: Dondozo|57\/100\n|\n|-heal|p1a: Dondozo|63\/100|[from] item: Leftovers\n|upkeep\n|turn|11\n|\n|t:|1699660606\n|move|p2a: Calyrex|Close Combat|p1a: Dondozo\n|-damage|p1a: Dondozo|39\/100\n|-unboost|p2a: Calyrex|def|1\n|-unboost|p2a: Calyrex|spd|1\n|move|p1a: Dondozo|Curse|p1a: Dondozo\n|-unboost|p1a: Dondozo|spe|1\n|-boost|p1a: Dondozo|atk|1\n|-boost|p1a: Dondozo|def|1\n|\n|-heal|p1a: Dondozo|45\/100|[from] item: Leftovers\n|upkeep\n|turn|12\n|\n|t:|1699660619\n|move|p2a: Calyrex|Close Combat|p1a: Dondozo\n|-damage|p1a: Dondozo|29\/100\n|-unboost|p2a: Calyrex|def|1\n|-unboost|p2a: Calyrex|spd|1\n|move|p1a: Dondozo|Liquidation|p2a: Calyrex\n|-damage|p2a: Calyrex|74\/100\n|-unboost|p2a: Calyrex|def|1\n|\n|-heal|p1a: Dondozo|36\/100|[from] item: Leftovers\n|upkeep\n|turn|13\n|\n|t:|1699660628\n|move|p2a: Calyrex|Close Combat|p1a: Dondozo\n|-damage|p1a: Dondozo|19\/100\n|-unboost|p2a: Calyrex|def|1\n|-unboost|p2a: Calyrex|spd|1\n|move|p1a: Dondozo|Liquidation|p2a: Calyrex\n|-damage|p2a: Calyrex|46\/100\n|\n|-heal|p1a: Dondozo|25\/100|[from] item: Leftovers\n|upkeep\n|turn|14\n|\n|t:|1699660636\n|move|p2a: Calyrex|Close Combat|p1a: Dondozo\n|-damage|p1a: Dondozo|10\/100\n|-unboost|p2a: Calyrex|def|1\n|-unboost|p2a: Calyrex|spd|1\n|move|p1a: Dondozo|Rest|p1a: Dondozo\n|-status|p1a: Dondozo|slp|[from] move: Rest\n|-heal|p1a: Dondozo|100\/100 slp|[silent]\n|\n|upkeep\n|turn|15\n|\n|t:|1699660645\n|switch|p2a: Kyogre|Kyogre|100\/100\n|-damage|p2a: Kyogre|76\/100|[from] Spikes\n|-weather|RainDance|[from] ability: Drizzle|[of] p2a: Kyogre\n|cant|p1a: Dondozo|slp\n|move|p1a: Dondozo|Sleep Talk|p1a: Dondozo\n|move|p1a: Dondozo|Liquidation|p2a: Kyogre|[from]move: Sleep Talk\n|-resisted|p2a: Kyogre\n|-damage|p2a: Kyogre|40\/100\n|-unboost|p2a: Kyogre|def|1\n|\n|-weather|RainDance|[upkeep]\n|upkeep\n|turn|16\n|\n|t:|1699660657\n|switch|p1a: Clodsire|Clodsire, F|53\/100\n|-damage|p1a: Clodsire|28\/100|[from] Spikes\n|move|p2a: Kyogre|Thunder|p1a: Clodsire\n|-immune|p1a: Clodsire\n|\n|-weather|RainDance|[upkeep]\n|-heal|p1a: Clodsire|34\/100|[from] item: Leftovers\n|upkeep\n|turn|17\n|-activate|p2a: Kyogre|item: Quick Claw\n|\n|t:|1699660671\n|move|p2a: Kyogre|Ice Beam|p1a: Clodsire\n|-supereffective|p1a: Clodsire\n|-damage|p1a: Clodsire|0 fnt\n|faint|p1a: Clodsire\n|\n|-weather|RainDance|[upkeep]\n|upkeep\n|c|\u2606Ohnvff|quick claw is wild\n|\n|t:|1699660689\n|switch|p1a: Toxapex|Toxapex, F|100\/100\n|-damage|p1a: Toxapex|75\/100|[from] Spikes\n|turn|18\n|c|\u260656789ya|it's wild that I would choose it?\n|c|\u2606Ohnvff|yeah\n|\n|t:|1699660704\n|-terastallize|p1a: Toxapex|Ground\n|move|p2a: Kyogre|Thunder|p1a: Toxapex\n|-immune|p1a: Toxapex\n|move|p1a: Toxapex|Toxic|p2a: Kyogre\n|-status|p2a: Kyogre|tox\n|\n|-weather|RainDance|[upkeep]\n|-damage|p2a: Kyogre|34\/100 tox|[from] psn\n|upkeep\n|turn|19\n|\n|t:|1699660719\n|switch|p1a: Dondozo|Dondozo, F|100\/100 slp\n|-damage|p1a: Dondozo|75\/100 slp|[from] Spikes\n|move|p2a: Kyogre|Origin Pulse|p1a: Dondozo\n|-resisted|p1a: Dondozo\n|-damage|p1a: Dondozo|33\/100 slp\n|\n|-weather|none\n|-heal|p1a: Dondozo|39\/100 slp|[from] item: Leftovers\n|-damage|p2a: Kyogre|22\/100 tox|[from] psn\n|upkeep\n|turn|20\n|c|\u260656789ya|It has 4.843% usage in 1760 Ubers\n|\n|t:|1699660733\n|move|p2a: Kyogre|Thunder|p1a: Dondozo\n|-supereffective|p1a: Dondozo\n|-damage|p1a: Dondozo|0 fnt\n|faint|p1a: Dondozo\n|\n|-damage|p2a: Kyogre|3\/100 tox|[from] psn\n|upkeep\n|\n|t:|1699660738\n|switch|p1a: Gliscor|Gliscor, F|100\/100 tox\n|turn|21\n|\n|t:|1699660741\n|move|p1a: Gliscor|Protect|p1a: Gliscor\n|-singleturn|p1a: Gliscor|Protect\n|move|p2a: Kyogre|Ice Beam|p1a: Gliscor\n|-activate|p1a: Gliscor|move: Protect\n|\n|-damage|p2a: Kyogre|0 fnt|[from] psn\n|faint|p2a: Kyogre\n|upkeep\n|\n|t:|1699660758\n|switch|p2a: Calyrex|Calyrex-Ice|46\/100\n|-ability|p2a: Calyrex|As One\n|-ability|p2a: Calyrex|Unnerve\n|turn|22\n|\n|t:|1699660772\n|switch|p1a: Iron Treads|Iron Treads|100\/100\n|-damage|p1a: Iron Treads|75\/100|[from] Spikes\n|move|p2a: Calyrex|Trick Room|p2a: Calyrex\n|-fieldstart|move: Trick Room|[of] p2a: Calyrex\n|\n|-heal|p1a: Iron Treads|82\/100|[from] item: Leftovers\n|upkeep\n|turn|23\n|\n|t:|1699660800\n|move|p2a: Calyrex|Close Combat|p1a: Iron Treads\n|-supereffective|p1a: Iron Treads\n|-damage|p1a: Iron Treads|0 fnt\n|-unboost|p2a: Calyrex|def|1\n|-unboost|p2a: Calyrex|spd|1\n|faint|p1a: Iron Treads\n|-end|p1a: Iron Treads|Quark Drive|[silent]\n|-ability|p2a: Calyrex|Chilling Neigh|boost\n|-boost|p2a: Calyrex|atk|1\n|\n|upkeep\n|\n|t:|1699660807\n|switch|p1a: Skeledirge|Skeledirge, F|100\/100\n|turn|24\n|\n|t:|1699660815\n|move|p2a: Calyrex|High Horsepower|p1a: Skeledirge\n|-supereffective|p1a: Skeledirge\n|-damage|p1a: Skeledirge|49\/100\n|move|p1a: Skeledirge|Torch Song|p2a: Calyrex\n|-supereffective|p2a: Calyrex\n|-damage|p2a: Calyrex|9\/100\n|-boost|p1a: Skeledirge|spa|1\n|\n|upkeep\n|turn|25\n|\n|t:|1699660823\n|switch|p1a: Gliscor|Gliscor, F|100\/100 tox\n|move|p2a: Calyrex|High Horsepower|p1a: Gliscor\n|-immune|p1a: Gliscor\n|\n|upkeep\n|turn|26\n|\n|t:|1699660831\n|move|p1a: Gliscor|Protect|p1a: Gliscor\n|-singleturn|p1a: Gliscor|Protect\n|move|p2a: Calyrex|Glacial Lance|p1a: Gliscor\n|-activate|p1a: Gliscor|move: Protect\n|\n|-fieldend|move: Trick Room\n|upkeep\n|turn|27\n|\n|t:|1699660837\n|move|p1a: Gliscor|Earthquake|p2a: Calyrex\n|-damage|p2a: Calyrex|0 fnt\n|faint|p2a: Calyrex\n|\n|upkeep\n|\n|t:|1699660862\n|switch|p2a: Arceus|Arceus-Grass, shiny|100\/100\n|-damage|p2a: Arceus|75\/100|[from] Spikes\n|turn|28\n|\n|t:|1699660867\n|move|p2a: Arceus|Grass Knot|p1a: Gliscor\n|-damage|p1a: Gliscor|68\/100 tox\n|move|p1a: Gliscor|Toxic|p2a: Arceus\n|-status|p2a: Arceus|tox\n|\n|-damage|p2a: Arceus|69\/100 tox|[from] psn\n|-heal|p1a: Gliscor|80\/100 tox|[from] ability: Poison Heal\n|upkeep\n|turn|29\n|\n|t:|1699660876\n|switch|p1a: Skeledirge|Skeledirge, F|49\/100\n|move|p2a: Arceus|Grass Knot|p1a: Skeledirge\n|-resisted|p1a: Skeledirge\n|-damage|p1a: Skeledirge|20\/100\n|\n|-damage|p2a: Arceus|57\/100 tox|[from] psn\n|upkeep\n|turn|30\n|\n|t:|1699660886\n|move|p2a: Arceus|Grass Knot|p1a: Skeledirge\n|-resisted|p1a: Skeledirge\n|-damage|p1a: Skeledirge|0 fnt\n|faint|p1a: Skeledirge\n|\n|-damage|p2a: Arceus|39\/100 tox|[from] psn\n|upkeep\n|\n|t:|1699660889\n|switch|p1a: Gliscor|Gliscor, F|80\/100 tox\n|turn|31\n|\n|t:|1699660895\n|move|p1a: Gliscor|Protect|p1a: Gliscor\n|-singleturn|p1a: Gliscor|Protect\n|move|p2a: Arceus|Recover|p2a: Arceus\n|-heal|p2a: Arceus|89\/100 tox\n|\n|-damage|p2a: Arceus|65\/100 tox|[from] psn\n|-heal|p1a: Gliscor|93\/100 tox|[from] ability: Poison Heal\n|upkeep\n|turn|32\n|\n|t:|1699660903\n|switch|p2a: Skeledirge|Skeledirge, F|100\/100\n|move|p1a: Gliscor|Toxic|p2a: Skeledirge\n|-status|p2a: Skeledirge|tox\n|\n|-heal|p1a: Gliscor|100\/100 tox|[from] ability: Poison Heal\n|-damage|p2a: Skeledirge|94\/100 tox|[from] psn\n|upkeep\n|turn|33\n|\n|t:|1699660913\n|move|p1a: Gliscor|Protect|p1a: Gliscor\n|-singleturn|p1a: Gliscor|Protect\n|move|p2a: Skeledirge|Torch Song|p1a: Gliscor\n|-activate|p1a: Gliscor|move: Protect\n|\n|-damage|p2a: Skeledirge|82\/100 tox|[from] psn\n|upkeep\n|turn|34\n|\n|t:|1699660925\n|move|p1a: Gliscor|Earthquake|p2a: Skeledirge\n|-supereffective|p2a: Skeledirge\n|-damage|p2a: Skeledirge|41\/100 tox\n|move|p2a: Skeledirge|Torch Song|p1a: Gliscor\n|-damage|p1a: Gliscor|65\/100 tox\n|-boost|p2a: Skeledirge|spa|1\n|\n|-heal|p1a: Gliscor|78\/100 tox|[from] ability: Poison Heal\n|-damage|p2a: Skeledirge|23\/100 tox|[from] psn\n|upkeep\n|turn|35\n|\n|t:|1699660934\n|move|p1a: Gliscor|Earthquake|p2a: Skeledirge\n|-supereffective|p2a: Skeledirge\n|-damage|p2a: Skeledirge|0 fnt\n|faint|p2a: Skeledirge\n|\n|-heal|p1a: Gliscor|90\/100 tox|[from] ability: Poison Heal\n|upkeep\n|\n|t:|1699660941\n|switch|p2a: Miraidon|Miraidon|100\/100\n|-damage|p2a: Miraidon|76\/100|[from] Spikes\n|-fieldstart|move: Electric Terrain|[from] ability: Hadron Engine|[of] p2a: Miraidon\n|turn|36\n|\n|t:|1699660948\n|move|p1a: Gliscor|Protect|p1a: Gliscor\n|-singleturn|p1a: Gliscor|Protect\n|move|p2a: Miraidon|Draco Meteor|p1a: Gliscor\n|-activate|p1a: Gliscor|move: Protect\n|\n|-heal|p1a: Gliscor|100\/100 tox|[from] ability: Poison Heal\n|upkeep\n|turn|37\n|\n|t:|1699660962\n|move|p2a: Miraidon|Draco Meteor|p1a: Gliscor\n|-damage|p1a: Gliscor|0 fnt\n|-unboost|p2a: Miraidon|spa|2\n|faint|p1a: Gliscor\n|\n|upkeep\n|\n|t:|1699660966\n|switch|p1a: Toxapex|Toxapex, F, tera:Ground|100\/100\n|-damage|p1a: Toxapex|75\/100|[from] Spikes\n|turn|38\n|\n|t:|1699660973\n|switch|p2a: Arceus|Arceus-Grass, shiny|65\/100 tox\n|-damage|p2a: Arceus|40\/100 tox|[from] Spikes\n|move|p1a: Toxapex|Toxic|p2a: Arceus\n|-fail|p2a: Arceus|tox\n|\n|-damage|p2a: Arceus|34\/100 tox|[from] psn\n|upkeep\n|turn|39\n|\n|t:|1699660981\n|move|p2a: Arceus|Recover|p2a: Arceus\n|-heal|p2a: Arceus|84\/100 tox\n|move|p1a: Toxapex|Recover|p1a: Toxapex\n|-heal|p1a: Toxapex|100\/100\n|\n|-damage|p2a: Arceus|71\/100 tox|[from] psn\n|upkeep\n|turn|40\n|\n|t:|1699661036\n|move|p2a: Arceus|Calm Mind|p2a: Arceus\n|-boost|p2a: Arceus|spa|1\n|-boost|p2a: Arceus|spd|1\n|move|p1a: Toxapex|Toxic|p2a: Arceus\n|-fail|p2a: Arceus|tox\n|\n|-damage|p2a: Arceus|53\/100 tox|[from] psn\n|-fieldend|move: Electric Terrain\n|upkeep\n|turn|41\n|\n|t:|1699661043\n|move|p2a: Arceus|Recover|p2a: Arceus\n|-heal|p2a: Arceus|100\/100 tox\n|move|p1a: Toxapex|Haze|p1a: Toxapex\n|-clearallboost\n|\n|-damage|p2a: Arceus|76\/100 tox|[from] psn\n|upkeep\n|turn|42\n|\n|t:|1699661051\n|move|p2a: Arceus|Grass Knot|p1a: Toxapex\n|-supereffective|p1a: Toxapex\n|-damage|p1a: Toxapex|68\/100\n|-damage|p2a: Arceus|60\/100 tox|[from] item: Rocky Helmet|[of] p1a: Toxapex\n|move|p1a: Toxapex|Toxic|p2a: Arceus\n|-fail|p2a: Arceus|tox\n|\n|-damage|p2a: Arceus|29\/100 tox|[from] psn\n|upkeep\n|turn|43\n|\n|t:|1699661058\n|move|p2a: Arceus|Grass Knot|p1a: Toxapex\n|-supereffective|p1a: Toxapex\n|-damage|p1a: Toxapex|35\/100\n|-damage|p2a: Arceus|12\/100 tox|[from] item: Rocky Helmet|[of] p1a: Toxapex\n|move|p1a: Toxapex|Toxic|p2a: Arceus\n|-fail|p2a: Arceus|tox\n|\n|-damage|p2a: Arceus|0 fnt|[from] psn\n|faint|p2a: Arceus\n|upkeep\n|\n|t:|1699661067\n|switch|p2a: Miraidon|Miraidon|76\/100\n|-damage|p2a: Miraidon|51\/100|[from] Spikes\n|-fieldstart|move: Electric Terrain|[from] ability: Hadron Engine|[of] p2a: Miraidon\n|turn|44\n|c|\u2606Ohnvff|gg\n|\n|t:|1699661096\n|move|p2a: Miraidon|Draco Meteor|p1a: Toxapex\n|-damage|p1a: Toxapex|0 fnt\n|-unboost|p2a: Miraidon|spa|2\n|faint|p1a: Toxapex\n|\n|win|56789ya\n|raw|Ohnvff's rating: 1378 &rarr; <strong>1355<\/strong><br \/>(-23 for losing)\n|raw|56789ya's rating: 1334 &rarr; <strong>1357<\/strong><br \/>(+23 for winning)\n|c|\u260656789ya|gg\n","uploadtime":1699661102,"views":4,"p1id":"ohnvff","p2id":"56789ya","formatid":"gen9ubers","rating":1355,"private":0,"password":""}