{"id":"gen9ubers-1990113324","p1":"Jiarias","p2":"Anne Frankkkk","format":"[Gen 9] Ubers","log":"|j|\u2606Jiarias\n|j|\u2606Anne Frankkkk\n|t:|1699925962\n|gametype|singles\n|player|p1|Jiarias|acetrainer-gen4dp|1154\n|player|p2|Anne Frankkkk|hilbert|1279\n|teamsize|p1|6\n|teamsize|p2|6\n|gen|9\n|tier|[Gen 9] Ubers\n|rated|\n|rule|Sleep Clause Mod: Limit one foe put to sleep\n|rule|Species Clause: Limit one of each Pok\u00e9mon\n|rule|OHKO Clause: OHKO moves are banned\n|rule|Evasion Items Clause: Evasion items are banned\n|rule|Evasion Moves Clause: Evasion moves are banned\n|rule|Endless Battle Clause: Forcing endless battles is banned\n|rule|HP Percentage Mod: HP is shown in percentages\n|clearpoke\n|poke|p1|Lycanroc-Dusk, M|\n|poke|p1|Basculegion, M|\n|poke|p1|Zacian-*|\n|poke|p1|Gholdengo|\n|poke|p1|Manaphy|\n|poke|p1|Miraidon|\n|poke|p2|Iron Hands|\n|poke|p2|Kyogre|\n|poke|p2|Chien-Pao|\n|poke|p2|Ribombee, M|\n|poke|p2|Miraidon|\n|poke|p2|Flutter Mane|\n|teampreview\n|\n|t:|1699925965\n|start\n|switch|p1a: Lycanroc|Lycanroc-Dusk, M|100\/100\n|switch|p2a: Moonblast|Ribombee, M, shiny|100\/100\n|turn|1\n|inactive|Battle timer is ON: inactive players will automatically lose when time's up. (requested by Jiarias)\n|\n|t:|1699925969\n|move|p1a: Lycanroc|Accelerock|p2a: Moonblast\n|-supereffective|p2a: Moonblast\n|-damage|p2a: Moonblast|9\/100\n|move|p2a: Moonblast|Sticky Web|p1a: Lycanroc\n|-sidestart|p1: Jiarias|move: Sticky Web\n|\n|upkeep\n|turn|2\n|\n|t:|1699925974\n|move|p1a: Lycanroc|Accelerock|p2a: Moonblast\n|-supereffective|p2a: Moonblast\n|-damage|p2a: Moonblast|0 fnt\n|faint|p2a: Moonblast\n|\n|upkeep\n|\n|t:|1699925976\n|switch|p2a: Big Boy|Iron Hands, shiny|100\/100\n|turn|3\n|\n|t:|1699925983\n|move|p2a: Big Boy|Fake Out|p1a: Lycanroc\n|-resisted|p1a: Lycanroc\n|-damage|p1a: Lycanroc|88\/100\n|cant|p1a: Lycanroc|flinch\n|\n|upkeep\n|turn|4\n|\n|t:|1699925986\n|move|p2a: Big Boy|Brick Break|p1a: Lycanroc\n|-supereffective|p1a: Lycanroc\n|-damage|p1a: Lycanroc|0 fnt\n|faint|p1a: Lycanroc\n|\n|upkeep\n|\n|t:|1699925992\n|switch|p1a: Gholdengo|Gholdengo|100\/100\n|-item|p1a: Gholdengo|Air Balloon\n|turn|5\n|\n|t:|1699926004\n|move|p1a: Gholdengo|Nasty Plot|p1a: Gholdengo\n|-boost|p1a: Gholdengo|spa|2\n|move|p2a: Big Boy|Wild Charge|p1a: Gholdengo\n|-damage|p1a: Gholdengo|38\/100\n|-enditem|p1a: Gholdengo|Air Balloon\n|-damage|p2a: Big Boy|91\/100|[from] Recoil\n|\n|upkeep\n|turn|6\n|\n|t:|1699926010\n|move|p1a: Gholdengo|Shadow Ball|p2a: Big Boy\n|-damage|p2a: Big Boy|39\/100\n|move|p2a: Big Boy|Wild Charge|p1a: Gholdengo\n|-damage|p1a: Gholdengo|0 fnt\n|faint|p1a: Gholdengo\n|-damage|p2a: Big Boy|34\/100|[from] Recoil\n|\n|upkeep\n|\n|t:|1699926020\n|switch|p1a: Zacian|Zacian-Crowned|100\/100\n|-activate|p1a: Zacian|move: Sticky Web\n|-unboost|p1a: Zacian|spe|1\n|-ability|p1a: Zacian|Intrepid Sword|boost\n|-boost|p1a: Zacian|atk|1\n|turn|7\n|\n|t:|1699926024\n|move|p1a: Zacian|Play Rough|p2a: Big Boy\n|-supereffective|p2a: Big Boy\n|-damage|p2a: Big Boy|0 fnt\n|faint|p2a: Big Boy\n|-end|p2a: Big Boy|Quark Drive|[silent]\n|\n|upkeep\n|\n|t:|1699926029\n|switch|p2a: Cyber Lizard|Miraidon|100\/100\n|-fieldstart|move: Electric Terrain|[from] ability: Hadron Engine|[of] p2a: Cyber Lizard\n|-item|p2a: Cyber Lizard|Air Balloon\n|turn|8\n|\n|t:|1699926036\n|move|p2a: Cyber Lizard|Electro Drift|p1a: Zacian\n|-damage|p1a: Zacian|25\/100\n|move|p1a: Zacian|Play Rough|p2a: Cyber Lizard\n|-supereffective|p2a: Cyber Lizard\n|-damage|p2a: Cyber Lizard|0 fnt\n|-enditem|p2a: Cyber Lizard|Air Balloon\n|faint|p2a: Cyber Lizard\n|\n|upkeep\n|\n|t:|1699926041\n|switch|p2a: Misdreavius|Flutter Mane, shiny|100\/100\n|-enditem|p2a: Misdreavius|Booster Energy\n|-activate|p2a: Misdreavius|ability: Protosynthesis|[fromitem]\n|-start|p2a: Misdreavius|protosynthesisspe\n|turn|9\n|\n|t:|1699926043\n|move|p2a: Misdreavius|Shadow Ball|p1a: Zacian\n|-damage|p1a: Zacian|0 fnt\n|faint|p1a: Zacian\n|\n|upkeep\n|\n|t:|1699926054\n|switch|p1a: Manaphy|Manaphy, shiny|100\/100\n|-activate|p1a: Manaphy|move: Sticky Web\n|-unboost|p1a: Manaphy|spe|1\n|turn|10\n|\n|t:|1699926060\n|move|p2a: Misdreavius|Moonblast|p1a: Manaphy\n|-damage|p1a: Manaphy|53\/100\n|move|p1a: Manaphy|Scald|p2a: Misdreavius\n|-damage|p2a: Misdreavius|65\/100\n|-status|p2a: Misdreavius|brn\n|\n|-heal|p1a: Manaphy|59\/100|[from] item: Leftovers\n|-damage|p2a: Misdreavius|59\/100 brn|[from] brn\n|upkeep\n|turn|11\n|\n|t:|1699926065\n|move|p2a: Misdreavius|Moonblast|p1a: Manaphy\n|-damage|p1a: Manaphy|6\/100\n|-unboost|p1a: Manaphy|spa|1\n|move|p1a: Manaphy|Scald|p2a: Misdreavius\n|-damage|p2a: Misdreavius|33\/100 brn\n|\n|-heal|p1a: Manaphy|13\/100|[from] item: Leftovers\n|-damage|p2a: Misdreavius|27\/100 brn|[from] brn\n|upkeep\n|turn|12\n|\n|t:|1699926068\n|move|p2a: Misdreavius|Moonblast|p1a: Manaphy\n|-damage|p1a: Manaphy|0 fnt\n|faint|p1a: Manaphy\n|\n|-damage|p2a: Misdreavius|21\/100 brn|[from] brn\n|-fieldend|move: Electric Terrain\n|upkeep\n|\n|t:|1699926070\n|switch|p1a: Basculegion|Basculegion, M|100\/100\n|-activate|p1a: Basculegion|move: Sticky Web\n|-unboost|p1a: Basculegion|spe|1\n|turn|13\n|\n|t:|1699926075\n|move|p2a: Misdreavius|Shadow Ball|p1a: Basculegion\n|-supereffective|p1a: Basculegion\n|-damage|p1a: Basculegion|0 fnt\n|faint|p1a: Basculegion\n|\n|-damage|p2a: Misdreavius|15\/100 brn|[from] brn\n|upkeep\n|\n|t:|1699926085\n|switch|p1a: Miraidon|Miraidon|100\/100\n|-activate|p1a: Miraidon|move: Sticky Web\n|-unboost|p1a: Miraidon|spe|1\n|-fieldstart|move: Electric Terrain|[from] ability: Hadron Engine|[of] p1a: Miraidon\n|turn|14\n|\n|t:|1699926091\n|-terastallize|p1a: Miraidon|Water\n|move|p2a: Misdreavius|Moonblast|p1a: Miraidon\n|-damage|p1a: Miraidon|57\/100\n|move|p1a: Miraidon|Electro Drift|p2a: Misdreavius\n|-damage|p2a: Misdreavius|0 fnt\n|faint|p2a: Misdreavius\n|-end|p2a: Misdreavius|Protosynthesis|[silent]\n|\n|upkeep\n|\n|t:|1699926098\n|switch|p2a: OHKO|Kyogre|100\/100\n|-weather|RainDance|[from] ability: Drizzle|[of] p2a: OHKO\n|turn|15\n|\n|t:|1699926100\n|-terastallize|p2a: OHKO|Water\n|move|p2a: OHKO|Water Spout|p1a: Miraidon\n|-resisted|p1a: Miraidon\n|-damage|p1a: Miraidon|0 fnt\n|faint|p1a: Miraidon\n|\n|win|Anne Frankkkk\n|raw|Jiarias's rating: 1154 &rarr; <strong>1138<\/strong><br \/>(-16 for losing)\n|raw|Anne Frankkkk's rating: 1279 &rarr; <strong>1295<\/strong><br \/>(+16 for winning)\n|c|\u2606Jiarias|gg\n","uploadtime":1699926109,"views":4,"p1id":"jiarias","p2id":"annefrankkkk","formatid":"gen9ubers","rating":1138,"private":0,"password":""}