{"id":"gen9ubers-1993792982","p1":"YoungEsq","p2":"yoshiik","format":"[Gen 9] Ubers","log":"|j|\u2606YoungEsq\n|j|\u2606yoshiik\n|t:|1700357920\n|gametype|singles\n|player|p1|YoungEsq|1|1144\n|player|p2|yoshiik|265|1116\n|teamsize|p1|6\n|teamsize|p2|6\n|gen|9\n|tier|[Gen 9] Ubers\n|rated|\n|rule|Sleep Clause Mod: Limit one foe put to sleep\n|rule|Species Clause: Limit one of each Pok\u00e9mon\n|rule|OHKO Clause: OHKO moves are banned\n|rule|Evasion Items Clause: Evasion items are banned\n|rule|Evasion Moves Clause: Evasion moves are banned\n|rule|Endless Battle Clause: Forcing endless battles is banned\n|rule|HP Percentage Mod: HP is shown in percentages\n|clearpoke\n|poke|p1|Ting-Lu|\n|poke|p1|Gholdengo|\n|poke|p1|Roaring Moon|\n|poke|p1|Chi-Yu|\n|poke|p1|Samurott-Hisui, F|\n|poke|p1|Mandibuzz, F|\n|poke|p2|Skeledirge, M|\n|poke|p2|Sinistcha-Masterpiece|\n|poke|p2|Annihilape, M|\n|poke|p2|Flutter Mane|\n|poke|p2|Sableye, M|\n|poke|p2|Basculegion, M|\n|teampreview\n|inactive|Battle timer is ON: inactive players will automatically lose when time's up. (requested by YoungEsq)\n|\n|t:|1700357929\n|start\n|switch|p1a: Ting-Lu|Ting-Lu|100\/100\n|switch|p2a: Sableye|Sableye, M|100\/100\n|-ability|p1a: Ting-Lu|Vessel of Ruin\n|turn|1\n|\n|t:|1700357937\n|move|p2a: Sableye|Light Screen|p2a: Sableye\n|-sidestart|p2: yoshiik|move: Light Screen\n|move|p1a: Ting-Lu|Stealth Rock|p2a: Sableye\n|-sidestart|p2: yoshiik|move: Stealth Rock\n|\n|upkeep\n|turn|2\n|\n|t:|1700357942\n|move|p2a: Sableye|Reflect|p2a: Sableye\n|-sidestart|p2: yoshiik|Reflect\n|move|p1a: Ting-Lu|Whirlwind|p2a: Sableye\n|drag|p2a: Basculegion|Basculegion, M|100\/100\n|-damage|p2a: Basculegion|88\/100|[from] Stealth Rock\n|\n|upkeep\n|turn|3\n|\n|t:|1700357950\n|move|p2a: Basculegion|Wave Crash|p1a: Ting-Lu\n|-supereffective|p1a: Ting-Lu\n|-damage|p1a: Ting-Lu|29\/100\n|-damage|p2a: Basculegion|60\/100|[from] Recoil\n|move|p1a: Ting-Lu|Ruination|p2a: Basculegion\n|-damage|p2a: Basculegion|30\/100\n|\n|-heal|p1a: Ting-Lu|35\/100|[from] item: Leftovers\n|upkeep\n|turn|4\n|\n|t:|1700357958\n|move|p2a: Basculegion|Aqua Jet|p1a: Ting-Lu\n|-supereffective|p1a: Ting-Lu\n|-damage|p1a: Ting-Lu|10\/100\n|move|p1a: Ting-Lu|Earthquake|p2a: Basculegion\n|-damage|p2a: Basculegion|11\/100\n|\n|-heal|p1a: Ting-Lu|16\/100|[from] item: Leftovers\n|upkeep\n|turn|5\n|\n|t:|1700357966\n|move|p2a: Basculegion|Aqua Jet|p1a: Ting-Lu\n|-supereffective|p1a: Ting-Lu\n|-damage|p1a: Ting-Lu|0 fnt\n|faint|p1a: Ting-Lu\n|\n|-sideend|p2: yoshiik|move: Light Screen\n|upkeep\n|\n|t:|1700357980\n|switch|p1a: Samurott|Samurott-Hisui, F|100\/100\n|turn|6\n|\n|t:|1700357991\n|move|p1a: Samurott|Ceaseless Edge|p2a: Basculegion|[miss]\n|-miss|p1a: Samurott|p2a: Basculegion\n|move|p2a: Basculegion|Last Respects|p1a: Samurott\n|-resisted|p1a: Samurott\n|-damage|p1a: Samurott|84\/100\n|\n|-sideend|p2: yoshiik|Reflect\n|upkeep\n|turn|7\n|\n|t:|1700358000\n|move|p1a: Samurott|Ceaseless Edge|p2a: Basculegion\n|-supereffective|p2a: Basculegion\n|-damage|p2a: Basculegion|0 fnt\n|-sidestart|p2: yoshiik|Spikes\n|faint|p2a: Basculegion\n|\n|upkeep\n|\n|t:|1700358008\n|switch|p2a: Sableye|Sableye, M|100\/100\n|-damage|p2a: Sableye|88\/100|[from] Stealth Rock\n|-damage|p2a: Sableye|75\/100|[from] Spikes\n|turn|8\n|\n|t:|1700358018\n|move|p2a: Sableye|Reflect|p2a: Sableye\n|-sidestart|p2: yoshiik|Reflect\n|move|p1a: Samurott|Ceaseless Edge|p2a: Sableye\n|-damage|p2a: Sableye|48\/100\n|-sidestart|p2: yoshiik|Spikes\n|\n|upkeep\n|turn|9\n|\n|t:|1700358026\n|switch|p2a: Annihilape|Annihilape, M, shiny|100\/100\n|-damage|p2a: Annihilape|94\/100|[from] Stealth Rock\n|-damage|p2a: Annihilape|78\/100|[from] Spikes\n|move|p1a: Samurott|Ceaseless Edge|p2a: Annihilape\n|-damage|p2a: Annihilape|58\/100\n|-sidestart|p2: yoshiik|Spikes\n|\n|-heal|p2a: Annihilape|64\/100|[from] item: Leftovers\n|upkeep\n|turn|10\n|\n|t:|1700358036\n|switch|p1a: Mandibuzz|Mandibuzz, F|100\/100\n|move|p2a: Annihilape|Bulk Up|p2a: Annihilape\n|-boost|p2a: Annihilape|atk|1\n|-boost|p2a: Annihilape|def|1\n|\n|-heal|p2a: Annihilape|71\/100|[from] item: Leftovers\n|upkeep\n|turn|11\n|\n|t:|1700358052\n|-terastallize|p2a: Annihilape|Fire\n|move|p2a: Annihilape|Bulk Up|p2a: Annihilape\n|-boost|p2a: Annihilape|atk|1\n|-boost|p2a: Annihilape|def|1\n|move|p1a: Mandibuzz|Toxic|p2a: Annihilape\n|-status|p2a: Annihilape|tox\n|\n|-heal|p2a: Annihilape|77\/100 tox|[from] item: Leftovers\n|-damage|p2a: Annihilape|71\/100 tox|[from] psn\n|upkeep\n|turn|12\n|\n|t:|1700358062\n|move|p2a: Annihilape|Drain Punch|p1a: Mandibuzz\n|-damage|p1a: Mandibuzz|56\/100\n|-heal|p2a: Annihilape|93\/100 tox|[from] drain|[of] p1a: Mandibuzz\n|move|p1a: Mandibuzz|Roost|p1a: Mandibuzz\n|-heal|p1a: Mandibuzz|100\/100\n|-singleturn|p1a: Mandibuzz|move: Roost\n|\n|-heal|p2a: Annihilape|99\/100 tox|[from] item: Leftovers\n|-damage|p2a: Annihilape|87\/100 tox|[from] psn\n|-sideend|p2: yoshiik|Reflect\n|upkeep\n|turn|13\n|\n|t:|1700358078\n|move|p2a: Annihilape|Rage Fist|p1a: Mandibuzz\n|-resisted|p1a: Mandibuzz\n|-damage|p1a: Mandibuzz|73\/100\n|move|p1a: Mandibuzz|Foul Play|p2a: Annihilape\n|-damage|p2a: Annihilape|54\/100 tox\n|\n|-heal|p2a: Annihilape|60\/100 tox|[from] item: Leftovers\n|-damage|p2a: Annihilape|42\/100 tox|[from] psn\n|upkeep\n|turn|14\n|\n|t:|1700358087\n|move|p2a: Annihilape|Drain Punch|p1a: Mandibuzz\n|-damage|p1a: Mandibuzz|25\/100\n|-heal|p2a: Annihilape|66\/100 tox|[from] drain|[of] p1a: Mandibuzz\n|move|p1a: Mandibuzz|Roost|p1a: Mandibuzz\n|-heal|p1a: Mandibuzz|75\/100\n|-singleturn|p1a: Mandibuzz|move: Roost\n|\n|-heal|p2a: Annihilape|72\/100 tox|[from] item: Leftovers\n|-damage|p2a: Annihilape|47\/100 tox|[from] psn\n|upkeep\n|turn|15\n|\n|t:|1700358097\n|move|p2a: Annihilape|Rage Fist|p1a: Mandibuzz\n|-resisted|p1a: Mandibuzz\n|-damage|p1a: Mandibuzz|27\/100\n|move|p1a: Mandibuzz|Roost|p1a: Mandibuzz\n|-heal|p1a: Mandibuzz|77\/100\n|-singleturn|p1a: Mandibuzz|move: Roost\n|\n|-heal|p2a: Annihilape|53\/100 tox|[from] item: Leftovers\n|-damage|p2a: Annihilape|23\/100 tox|[from] psn\n|upkeep\n|turn|16\n|\n|t:|1700358107\n|switch|p1a: Gholdengo|Gholdengo|100\/100\n|-item|p1a: Gholdengo|Air Balloon\n|move|p2a: Annihilape|Rage Fist|p1a: Gholdengo\n|-supereffective|p1a: Gholdengo\n|-damage|p1a: Gholdengo|0 fnt\n|-enditem|p1a: Gholdengo|Air Balloon\n|faint|p1a: Gholdengo\n|\n|-heal|p2a: Annihilape|29\/100 tox|[from] item: Leftovers\n|-damage|p2a: Annihilape|0 fnt|[from] psn\n|faint|p2a: Annihilape\n|upkeep\n|\n|t:|1700358122\n|switch|p1a: Samurott|Samurott-Hisui, F|84\/100\n|switch|p2a: Sinistcha|Sinistcha-Masterpiece, shiny|100\/100\n|-damage|p2a: Sinistcha|88\/100|[from] Stealth Rock\n|-damage|p2a: Sinistcha|63\/100|[from] Spikes\n|turn|17\n|\n|t:|1700358134\n|move|p1a: Samurott|Ceaseless Edge|p2a: Sinistcha\n|-supereffective|p2a: Sinistcha\n|-damage|p2a: Sinistcha|3\/100\n|-damage|p1a: Samurott|67\/100|[from] item: Rocky Helmet|[of] p2a: Sinistcha\n|move|p2a: Sinistcha|Strength Sap|p1a: Samurott\n|-unboost|p1a: Samurott|atk|1\n|-heal|p2a: Sinistcha|92\/100\n|\n|upkeep\n|turn|18\n|\n|t:|1700358147\n|move|p1a: Samurott|Knock Off|p2a: Sinistcha\n|-supereffective|p2a: Sinistcha\n|-damage|p2a: Sinistcha|50\/100\n|-damage|p1a: Samurott|50\/100|[from] item: Rocky Helmet|[of] p2a: Sinistcha\n|-enditem|p2a: Sinistcha|Rocky Helmet|[from] move: Knock Off|[of] p1a: Samurott\n|move|p2a: Sinistcha|Strength Sap|p1a: Samurott\n|-unboost|p1a: Samurott|atk|1\n|-heal|p2a: Sinistcha|100\/100\n|\n|upkeep\n|turn|19\n|\n|t:|1700358157\n|switch|p1a: Mandibuzz|Mandibuzz, F|77\/100\n|move|p2a: Sinistcha|Matcha Gotcha|p1a: Mandibuzz\n|-resisted|p1a: Mandibuzz\n|-damage|p1a: Mandibuzz|68\/100\n|\n|upkeep\n|turn|20\n|\n|t:|1700358165\n|move|p1a: Mandibuzz|Toxic|p2a: Sinistcha\n|-status|p2a: Sinistcha|tox\n|move|p2a: Sinistcha|Shadow Ball|p1a: Mandibuzz\n|-resisted|p1a: Mandibuzz\n|-damage|p1a: Mandibuzz|58\/100\n|\n|-damage|p2a: Sinistcha|94\/100 tox|[from] psn\n|upkeep\n|turn|21\n|\n|t:|1700358179\n|move|p1a: Mandibuzz|Roost|p1a: Mandibuzz\n|-heal|p1a: Mandibuzz|100\/100\n|-singleturn|p1a: Mandibuzz|move: Roost\n|move|p2a: Sinistcha|Shadow Ball|p1a: Mandibuzz\n|-resisted|p1a: Mandibuzz\n|-damage|p1a: Mandibuzz|91\/100\n|\n|-damage|p2a: Sinistcha|82\/100 tox|[from] psn\n|upkeep\n|turn|22\n|\n|t:|1700358189\n|switch|p2a: Flutter Mane|Flutter Mane, shiny|100\/100\n|-damage|p2a: Flutter Mane|88\/100|[from] Stealth Rock\n|-damage|p2a: Flutter Mane|63\/100|[from] Spikes\n|move|p1a: Mandibuzz|Foul Play|p2a: Flutter Mane\n|-damage|p2a: Flutter Mane|33\/100\n|\n|upkeep\n|turn|23\n|\n|t:|1700358199\n|move|p2a: Flutter Mane|Thunderbolt|p1a: Mandibuzz\n|-supereffective|p1a: Mandibuzz\n|-damage|p1a: Mandibuzz|51\/100\n|move|p1a: Mandibuzz|Toxic|p2a: Flutter Mane\n|-status|p2a: Flutter Mane|tox\n|\n|-damage|p2a: Flutter Mane|27\/100 tox|[from] psn\n|upkeep\n|turn|24\n|\n|t:|1700358216\n|move|p2a: Flutter Mane|Moonblast|p1a: Mandibuzz\n|-supereffective|p1a: Mandibuzz\n|-damage|p1a: Mandibuzz|0 fnt\n|faint|p1a: Mandibuzz\n|\n|-damage|p2a: Flutter Mane|16\/100 tox|[from] psn\n|upkeep\n|\n|t:|1700358222\n|switch|p1a: Samurott|Samurott-Hisui, F|50\/100\n|turn|25\n|\n|t:|1700358228\n|move|p1a: Samurott|Aqua Jet|p2a: Flutter Mane\n|-damage|p2a: Flutter Mane|0 fnt\n|faint|p2a: Flutter Mane\n|-end|p2a: Flutter Mane|Protosynthesis|[silent]\n|\n|upkeep\n|\n|t:|1700358234\n|switch|p2a: Sableye|Sableye, M|48\/100\n|-damage|p2a: Sableye|36\/100|[from] Stealth Rock\n|-damage|p2a: Sableye|11\/100|[from] Spikes\n|turn|26\n|\n|t:|1700358239\n|move|p1a: Samurott|Aqua Jet|p2a: Sableye\n|-damage|p2a: Sableye|0 fnt\n|faint|p2a: Sableye\n|\n|upkeep\n|\n|t:|1700358244\n|switch|p2a: Sinistcha|Sinistcha-Masterpiece, shiny|82\/100 tox\n|-damage|p2a: Sinistcha|70\/100 tox|[from] Stealth Rock\n|-damage|p2a: Sinistcha|45\/100 tox|[from] Spikes\n|turn|27\n|\n|t:|1700358263\n|move|p1a: Samurott|Knock Off|p2a: Sinistcha\n|-supereffective|p2a: Sinistcha\n|-damage|p2a: Sinistcha|4\/100 tox\n|move|p2a: Sinistcha|Strength Sap|p1a: Samurott\n|-unboost|p1a: Samurott|atk|1\n|-heal|p2a: Sinistcha|93\/100 tox\n|\n|-damage|p2a: Sinistcha|87\/100 tox|[from] psn\n|upkeep\n|turn|28\n|\n|t:|1700358272\n|switch|p1a: Chi-Yu|Chi-Yu|100\/100\n|-ability|p1a: Chi-Yu|Beads of Ruin\n|move|p2a: Sinistcha|Shadow Ball|p1a: Chi-Yu\n|-resisted|p1a: Chi-Yu\n|-damage|p1a: Chi-Yu|83\/100\n|\n|-damage|p2a: Sinistcha|75\/100 tox|[from] psn\n|upkeep\n|turn|29\n|\n|t:|1700358283\n|move|p1a: Chi-Yu|Dark Pulse|p2a: Sinistcha\n|-supereffective|p2a: Sinistcha\n|-damage|p2a: Sinistcha|0 fnt\n|faint|p2a: Sinistcha\n|\n|upkeep\n|\n|t:|1700358288\n|switch|p2a: Skeledirge|Skeledirge, M|100\/100\n|-damage|p2a: Skeledirge|75\/100|[from] Stealth Rock\n|-damage|p2a: Skeledirge|50\/100|[from] Spikes\n|turn|30\n|\n|t:|1700358293\n|move|p1a: Chi-Yu|Dark Pulse|p2a: Skeledirge\n|-supereffective|p2a: Skeledirge\n|-damage|p2a: Skeledirge|0 fnt\n|faint|p2a: Skeledirge\n|\n|win|YoungEsq\n|raw|YoungEsq's rating: 1144 &rarr; <strong>1167<\/strong><br \/>(+23 for winning)\n|raw|yoshiik's rating: 1116 &rarr; <strong>1093<\/strong><br \/>(-23 for losing)\n","uploadtime":1700358297,"views":5,"p1id":"youngesq","p2id":"yoshiik","formatid":"gen9ubers","rating":1093,"private":0,"password":""}