{"id":"gen9ubers-1998970479","p1":"galladesimp","p2":"justPiplup","format":"[Gen 9] Ubers","log":"|j|\u2606galladesimp\n|j|\u2606justPiplup\n|t:|1701019177\n|gametype|singles\n|player|p1|galladesimp|elesa-masters2|\n|player|p2|justPiplup|karen|\n|teamsize|p1|6\n|teamsize|p2|6\n|gen|9\n|tier|[Gen 9] Ubers\n|rule|Sleep Clause Mod: Limit one foe put to sleep\n|rule|Species Clause: Limit one of each Pok\u00e9mon\n|rule|OHKO Clause: OHKO moves are banned\n|rule|Evasion Items Clause: Evasion items are banned\n|rule|Evasion Moves Clause: Evasion moves are banned\n|rule|Endless Battle Clause: Forcing endless battles is banned\n|rule|HP Percentage Mod: HP is shown in percentages\n|clearpoke\n|poke|p1|Ogerpon-Hearthflame, F|\n|poke|p1|Landorus-Therian, M|\n|poke|p1|Zacian-*|\n|poke|p1|Chien-Pao|\n|poke|p1|Iron Hands|\n|poke|p1|Iron Bundle|\n|poke|p2|Koraidon|\n|poke|p2|Arceus-Water|\n|poke|p2|Skeledirge, M|\n|poke|p2|Wo-Chien|\n|poke|p2|Zacian-*|\n|poke|p2|Miraidon|\n|teampreview\n|inactive|Battle timer is ON: inactive players will automatically lose when time's up. (requested by galladesimp)\n|\n|t:|1701019206\n|start\n|switch|p1a: Iron Hands|Iron Hands|100\/100\n|switch|p2a: Subway|Koraidon|100\/100\n|-weather|SunnyDay|[from] ability: Orichalcum Pulse|[of] p2a: Subway\n|-activate|p2a: Subway|Orichalcum Pulse|[source]\n|turn|1\n|inactive|justPiplup has 270 seconds left.\n|\n|t:|1701019236\n|move|p1a: Iron Hands|Fake Out|p2a: Subway\n|-damage|p2a: Subway|87\/100\n|cant|p2a: Subway|flinch\n|\n|-weather|SunnyDay|[upkeep]\n|upkeep\n|turn|2\n|\n|t:|1701019247\n|move|p2a: Subway|U-turn|p1a: Iron Hands\n|-resisted|p1a: Iron Hands\n|-damage|p1a: Iron Hands|88\/100\n|\n|t:|1701019252\n|switch|p2a: Lacoste|Skeledirge, M|100\/100|[from] U-turn\n|move|p1a: Iron Hands|Drain Punch|p2a: Lacoste\n|-immune|p2a: Lacoste\n|\n|-weather|SunnyDay|[upkeep]\n|upkeep\n|turn|3\n|\n|t:|1701019270\n|-end|p1a: Iron Hands|Quark Drive|[silent]\n|switch|p1a: Ogerpon|Ogerpon-Hearthflame, F|100\/100\n|-ability|p1a: Ogerpon|Mold Breaker\n|move|p2a: Lacoste|Torch Song|p1a: Ogerpon\n|-damage|p1a: Ogerpon|48\/100\n|-boost|p2a: Lacoste|spa|1\n|\n|-weather|SunnyDay|[upkeep]\n|upkeep\n|turn|4\n|\n|t:|1701019282\n|move|p1a: Ogerpon|Spiky Shield|p1a: Ogerpon\n|-singleturn|p1a: Ogerpon|move: Protect\n|move|p2a: Lacoste|Torch Song|p1a: Ogerpon\n|-activate|p1a: Ogerpon|move: Protect\n|\n|-weather|SunnyDay|[upkeep]\n|upkeep\n|turn|5\n|\n|t:|1701019296\n|move|p1a: Ogerpon|Ivy Cudgel|p2a: Lacoste|[anim] Ivy Cudgel Fire\n|-resisted|p2a: Lacoste\n|-damage|p2a: Lacoste|74\/100\n|move|p2a: Lacoste|Torch Song|p1a: Ogerpon\n|-damage|p1a: Ogerpon|0 fnt\n|-boost|p2a: Lacoste|spa|1\n|faint|p1a: Ogerpon\n|\n|-weather|none\n|upkeep\n|\n|t:|1701019302\n|switch|p1a: Landorus|Landorus-Therian, M|100\/100\n|-ability|p1a: Landorus|Intimidate|boost\n|-unboost|p2a: Lacoste|atk|1\n|turn|6\n|inactive|justPiplup has 270 seconds left.\n|\n|t:|1701019329\n|switch|p2a: Live reaction|Wo-Chien|100\/100\n|-ability|p2a: Live reaction|Tablets of Ruin\n|move|p1a: Landorus|Earthquake|p2a: Live reaction\n|-resisted|p2a: Live reaction\n|-damage|p2a: Live reaction|82\/100\n|\n|-heal|p2a: Live reaction|88\/100|[from] item: Leftovers\n|upkeep\n|turn|7\n|\n|t:|1701019337\n|switch|p1a: Iron Hands|Iron Hands|88\/100\n|move|p2a: Live reaction|Protect||[still]\n|-fail|p2a: Live reaction\n|\n|-heal|p2a: Live reaction|94\/100|[from] item: Leftovers\n|upkeep\n|turn|8\n|\n|t:|1701019349\n|switch|p2a: Lacoste|Skeledirge, M|74\/100\n|-end|p1a: Iron Hands|Quark Drive|[silent]\n|switch|p1a: Landorus|Landorus-Therian, M|100\/100\n|-ability|p1a: Landorus|Intimidate|boost\n|-unboost|p2a: Lacoste|atk|1\n|\n|upkeep\n|turn|9\n|inactive|justPiplup has 270 seconds left.\n|\n|t:|1701019376\n|move|p1a: Landorus|U-turn|p2a: Lacoste\n|-resisted|p2a: Lacoste\n|-damage|p2a: Lacoste|70\/100\n|\n|t:|1701019379\n|switch|p1a: Iron Bundle|Iron Bundle|100\/100|[from] U-turn\n|-enditem|p1a: Iron Bundle|Booster Energy\n|-activate|p1a: Iron Bundle|ability: Quark Drive|[fromitem]\n|-start|p1a: Iron Bundle|quarkdrivespe\n|move|p2a: Lacoste|Torch Song|p1a: Iron Bundle\n|-damage|p1a: Iron Bundle|36\/100\n|-boost|p2a: Lacoste|spa|1\n|\n|upkeep\n|turn|10\n|inactive|justPiplup has 270 seconds left.\n|\n|t:|1701019410\n|switch|p2a: Live reaction|Wo-Chien|94\/100\n|-ability|p2a: Live reaction|Tablets of Ruin\n|move|p1a: Iron Bundle|Hydro Pump|p2a: Live reaction\n|-resisted|p2a: Live reaction\n|-crit|p2a: Live reaction\n|-damage|p2a: Live reaction|71\/100\n|\n|-heal|p2a: Live reaction|77\/100|[from] item: Leftovers\n|upkeep\n|turn|11\n|\n|t:|1701019419\n|move|p2a: Live reaction|Protect|p2a: Live reaction\n|-singleturn|p2a: Live reaction|Protect\n|move|p1a: Iron Bundle|Ice Beam|p2a: Live reaction\n|-activate|p2a: Live reaction|move: Protect\n|\n|-heal|p2a: Live reaction|83\/100|[from] item: Leftovers\n|upkeep\n|turn|12\n|inactive|justPiplup has 240 seconds left.\n|\n|t:|1701019449\n|-terastallize|p2a: Live reaction|Water\n|move|p1a: Iron Bundle|Ice Beam|p2a: Live reaction\n|-resisted|p2a: Live reaction\n|-damage|p2a: Live reaction|72\/100\n|move|p2a: Live reaction|Leech Seed|p1a: Iron Bundle\n|-start|p1a: Iron Bundle|move: Leech Seed\n|\n|-heal|p2a: Live reaction|78\/100|[from] item: Leftovers\n|-damage|p1a: Iron Bundle|24\/100|[from] Leech Seed|[of] p2a: Live reaction\n|-heal|p2a: Live reaction|86\/100|[silent]\n|upkeep\n|turn|13\n|inactive|justPiplup has 240 seconds left.\n|\n|t:|1701019464\n|-end|p1a: Iron Bundle|Quark Drive|[silent]\n|switch|p1a: Iron Hands|Iron Hands|88\/100\n|move|p2a: Live reaction|Protect||[still]\n|-fail|p2a: Live reaction\n|\n|-heal|p2a: Live reaction|92\/100|[from] item: Leftovers\n|upkeep\n|turn|14\n|\n|t:|1701019474\n|move|p2a: Live reaction|Ruination|p1a: Iron Hands|[miss]\n|-miss|p2a: Live reaction|p1a: Iron Hands\n|move|p1a: Iron Hands|Thunder Punch|p2a: Live reaction\n|-supereffective|p2a: Live reaction\n|-damage|p2a: Live reaction|31\/100\n|\n|-heal|p2a: Live reaction|37\/100|[from] item: Leftovers\n|upkeep\n|turn|15\n|inactive|justPiplup has 240 seconds left.\n|\n|t:|1701019491\n|move|p2a: Live reaction|Protect|p2a: Live reaction\n|-singleturn|p2a: Live reaction|Protect\n|move|p1a: Iron Hands|Thunder Punch|p2a: Live reaction\n|-activate|p2a: Live reaction|move: Protect\n|\n|-heal|p2a: Live reaction|43\/100|[from] item: Leftovers\n|upkeep\n|turn|16\n|j| Etrio\n|c| Etrio|Hi guys\n|inactive|justPiplup has 240 seconds left.\n|c|\u2606galladesimp|\u043f\u0440\u0438\u0432\u0435\u0442 \u044d\u0442\u0440\u0438\u043e \u043c\u0435\u043d\u044f \u0443\u043d\u0438\u0436\u0430\u044e\u0442\n|c| Etrio|WO CHUEN\n|c| Etrio|\u0414\u0430 \u044f \u0432\u0438\u0436\u0443\n|c| Etrio|\u041f\u0438\u043f\u043b\u0430\u043f \u043b\u0435\u0433\u0435\u043d\u0434\u0430 \u0437\u0430 \u0432\u043e \u0447\u043b\u0435\u043d\u0430\n|\n|t:|1701019520\n|switch|p2a: Subway|Koraidon|87\/100\n|-weather|SunnyDay|[from] ability: Orichalcum Pulse|[of] p2a: Subway\n|-activate|p2a: Subway|Orichalcum Pulse|[source]\n|move|p1a: Iron Hands|Thunder Punch|p2a: Subway\n|-resisted|p2a: Subway\n|-damage|p2a: Subway|66\/100\n|\n|-weather|SunnyDay|[upkeep]\n|upkeep\n|turn|17\n|\n|t:|1701019542\n|move|p2a: Subway|Flare Blitz|p1a: Iron Hands\n|-damage|p1a: Iron Hands|31\/100\n|-damage|p2a: Subway|38\/100|[from] Recoil\n|move|p1a: Iron Hands|Drain Punch|p2a: Subway\n|-damage|p2a: Subway|0 fnt\n|-heal|p1a: Iron Hands|43\/100|[from] drain|[of] p2a: Subway\n|faint|p2a: Subway\n|\n|-weather|SunnyDay|[upkeep]\n|upkeep\n|inactive|justPiplup has 210 seconds left.\n|\n|t:|1701019565\n|switch|p2a: Lacoste|Skeledirge, M|70\/100\n|turn|18\n|c| Etrio|Brian Hands brian handsing the meta\n|c|\u2606galladesimp|brian hands is gonna be burned to death\n|inactive|galladesimp has 270 seconds left.\n|\n|t:|1701019598\n|move|p2a: Lacoste|Torch Song|p1a: Iron Hands\n|-damage|p1a: Iron Hands|17\/100\n|-boost|p2a: Lacoste|spa|1\n|move|p1a: Iron Hands|Thunder Punch|p2a: Lacoste\n|-damage|p2a: Lacoste|42\/100\n|\n|-weather|SunnyDay|[upkeep]\n|upkeep\n|turn|19\n|inactive|justPiplup has 210 seconds left.\n|inactive|galladesimp has 270 seconds left.\n|\n|t:|1701019611\n|move|p2a: Lacoste|Slack Off|p2a: Lacoste\n|-heal|p2a: Lacoste|92\/100\n|move|p1a: Iron Hands|Thunder Punch|p2a: Lacoste\n|-damage|p2a: Lacoste|64\/100\n|\n|-weather|SunnyDay|[upkeep]\n|upkeep\n|turn|20\n|\n|t:|1701019618\n|move|p2a: Lacoste|Will-O-Wisp|p1a: Iron Hands\n|-status|p1a: Iron Hands|brn\n|move|p1a: Iron Hands|Thunder Punch|p2a: Lacoste\n|-damage|p2a: Lacoste|50\/100\n|\n|-weather|none\n|-damage|p1a: Iron Hands|11\/100 brn|[from] brn\n|upkeep\n|turn|21\n|\n|t:|1701019626\n|-end|p1a: Iron Hands|Quark Drive|[silent]\n|switch|p1a: Iron Bundle|Iron Bundle|24\/100\n|move|p2a: Lacoste|Slack Off|p2a: Lacoste\n|-heal|p2a: Lacoste|99\/100\n|\n|upkeep\n|turn|22\n|c|\u2606justPiplup|single handingly\n|inactive|justPiplup has 210 seconds left.\n|\n|t:|1701019651\n|switch|p2a: Live reaction|Wo-Chien, tera:Water|43\/100\n|-ability|p2a: Live reaction|Tablets of Ruin\n|move|p1a: Iron Bundle|Hydro Pump|p2a: Live reaction\n|-resisted|p2a: Live reaction\n|-damage|p2a: Live reaction|29\/100\n|\n|-heal|p2a: Live reaction|35\/100|[from] item: Leftovers\n|upkeep\n|turn|23\n|inactive|justPiplup has 210 seconds left.\n|c| Etrio|No freeze dry?\n|\n|t:|1701019664\n|move|p1a: Iron Bundle|Taunt|p2a: Live reaction\n|-start|p2a: Live reaction|move: Taunt\n|cant|p2a: Live reaction|move: Taunt|Leech Seed\n|\n|-heal|p2a: Live reaction|41\/100|[from] item: Leftovers\n|upkeep\n|turn|24\n|inactive|justPiplup has 210 seconds left.\n|\n|t:|1701019687\n|-end|p1a: Iron Bundle|Quark Drive|[silent]\n|switch|p1a: Landorus|Landorus-Therian, M|100\/100\n|-ability|p1a: Landorus|Intimidate|boost\n|-unboost|p2a: Live reaction|atk|1\n|move|p2a: Live reaction|Pollen Puff|p1a: Landorus\n|-resisted|p1a: Landorus\n|-damage|p1a: Landorus|87\/100\n|\n|-heal|p2a: Live reaction|47\/100|[from] item: Leftovers\n|upkeep\n|turn|25\n|inactive|justPiplup has 210 seconds left.\n|c| Etrio|ITS HIM\n|\n|t:|1701019703\n|move|p1a: Landorus|Earthquake|p2a: Live reaction\n|-damage|p2a: Live reaction|5\/100\n|move|p2a: Live reaction|Ruination|p1a: Landorus\n|-damage|p1a: Landorus|44\/100\n|\n|-heal|p2a: Live reaction|11\/100|[from] item: Leftovers\n|-end|p2a: Live reaction|move: Taunt\n|upkeep\n|turn|26\n|c| Etrio|the uu gliscor\n|c| Etrio|(\n|\n|t:|1701019711\n|move|p2a: Live reaction|Protect|p2a: Live reaction\n|-singleturn|p2a: Live reaction|Protect\n|move|p1a: Landorus|Earthquake|p2a: Live reaction\n|-activate|p2a: Live reaction|move: Protect\n|\n|-heal|p2a: Live reaction|18\/100|[from] item: Leftovers\n|upkeep\n|turn|27\n|c|\u2606galladesimp|insane\n|inactive|justPiplup has 210 seconds left.\n|c|\u2606galladesimp|but true\n|\n|t:|1701019729\n|move|p1a: Landorus|Earthquake|p2a: Live reaction\n|-damage|p2a: Live reaction|0 fnt\n|faint|p2a: Live reaction\n|\n|upkeep\n|\n|t:|1701019745\n|switch|p2a: Holy Water|Arceus-Water|100\/100\n|turn|28\n|\n|t:|1701019760\n|switch|p1a: Iron Bundle|Iron Bundle|24\/100\n|move|p2a: Holy Water|Judgment|p1a: Iron Bundle\n|-resisted|p1a: Iron Bundle\n|-damage|p1a: Iron Bundle|0 fnt\n|faint|p1a: Iron Bundle\n|-end|p1a: Iron Bundle|Quark Drive|[silent]\n|\n|upkeep\n|c| Etrio|\u041f\u0438\u043f\u043b\u0430\u043f \u043c\u043d\u0435 \u043d\u0440\u0430\u0432\u044f\u0442\u0441\u044f \u043d\u0438\u043a\u043d\u0435\u0439\u043c\u044b \u0442\u0432\u043e\u0438\u0445 \u043c\u043e\u043d\u043e\u0432\n|\n|t:|1701019776\n|switch|p1a: Chien-Pao|Chien-Pao|100\/100\n|-ability|p1a: Chien-Pao|Sword of Ruin\n|turn|29\n|c|\u2606justPiplup|\u0441\u043f\u0430\u0441\u0438\u0431\u043e\n|inactive|justPiplup has 180 seconds left.\n|\n|t:|1701019800\n|move|p1a: Chien-Pao|Lash Out|p2a: Holy Water\n|-damage|p2a: Holy Water|73\/100\n|move|p2a: Holy Water|Judgment|p1a: Chien-Pao\n|-damage|p1a: Chien-Pao|25\/100\n|\n|upkeep\n|turn|30\n|inactive|justPiplup has 180 seconds left.\n|\n|t:|1701019814\n|move|p1a: Chien-Pao|Lash Out|p2a: Holy Water\n|-damage|p2a: Holy Water|43\/100\n|move|p2a: Holy Water|Judgment|p1a: Chien-Pao\n|-damage|p1a: Chien-Pao|0 fnt\n|faint|p1a: Chien-Pao\n|\n|upkeep\n|c|\u2606galladesimp|zamn\n|c| Etrio|Thats the reason why arceus will never be allowed in vgc\n|c| Etrio|\u0410 \u0432\u044b \u0443\u0436\u0435 \u0432 \u0434\u0430\u0431\u043b\u044b \u0441\u044b\u0433\u0440\u0430\u043b\u0438?\n|inactive|galladesimp has 270 seconds left.\n|c|\u2606galladesimp|\u0441\u043d\u0430\u0447\u0430\u043b\u0430 \u0432 \u0441\u0438\u043d\u0433\u043b\u044b\n|c| Etrio|\u041f\u043e\u043d\n|c|\u2606justPiplup|will be never allowed anywhere\n|\n|t:|1701019871\n|switch|p1a: Zacian|Zacian-Crowned|100\/100\n|-ability|p1a: Zacian|Intrepid Sword|boost\n|-boost|p1a: Zacian|atk|1\n|turn|31\n|inactive|justPiplup has 180 seconds left.\n|c| Etrio|Its zacianin time\n|inactive|galladesimp has 240 seconds left.\n|c| Etrio|\u0418\u043d\u0442\u0435\u0440\u0435\u0441\u043d\u043e \u044d\u0442\u043e \u043a\u0440\u0430\u043d\u0447 \u0437\u0435\u0439\u0448\n|inactive|galladesimp has 210 seconds left.\n|inactive|galladesimp has 180 seconds left.\n|c|\u2606galladesimp|okay\n|c|\u2606galladesimp|its now or never\n|\n|t:|1701019972\n|-terastallize|p1a: Zacian|Ground\n|move|p1a: Zacian|Tera Blast|p2a: Holy Water|[anim] Tera Blast Ground\n|-damage|p2a: Holy Water|0 fnt\n|faint|p2a: Holy Water\n|\n|upkeep\n|c| Etrio|Click bloom doom and win\n|c|\u2606galladesimp|nvm\n|inactive|justPiplup has 150 seconds left.\n|c| Etrio|As i said\n|\n|t:|1701020005\n|switch|p2a: Charlie|Zacian-Crowned, shiny|100\/100\n|-ability|p2a: Charlie|Intrepid Sword|boost\n|-boost|p2a: Charlie|atk|1\n|turn|32\n|c| Etrio|Its Zacianin time\n|\n|t:|1701020016\n|move|p2a: Charlie|Behemoth Blade|p1a: Zacian\n|-damage|p1a: Zacian|15\/100\n|move|p1a: Zacian|Tera Blast|p2a: Charlie|[anim] Tera Blast Ground\n|-supereffective|p2a: Charlie\n|-damage|p2a: Charlie|0 fnt\n|faint|p2a: Charlie\n|\n|upkeep\n|c| Etrio|F\n|\n|t:|1701020024\n|switch|p2a: Lacoste|Skeledirge, M|99\/100\n|turn|33\n|\n|t:|1701020029\n|switch|p1a: Iron Hands|Iron Hands|11\/100 brn\n|move|p2a: Lacoste|Torch Song|p1a: Iron Hands\n|-damage|p1a: Iron Hands|0 fnt\n|-boost|p2a: Lacoste|spa|1\n|faint|p1a: Iron Hands\n|-end|p1a: Iron Hands|Quark Drive|[silent]\n|\n|upkeep\n|\n|t:|1701020031\n|switch|p1a: Landorus|Landorus-Therian, M|44\/100\n|-ability|p1a: Landorus|Intimidate|boost\n|-unboost|p2a: Lacoste|atk|1\n|turn|34\n|inactive|justPiplup has 150 seconds left.\n|\n|t:|1701020053\n|move|p1a: Landorus|Earthquake|p2a: Lacoste\n|-supereffective|p2a: Lacoste\n|-damage|p2a: Lacoste|31\/100\n|move|p2a: Lacoste|Will-O-Wisp|p1a: Landorus|[miss]\n|-miss|p2a: Lacoste|p1a: Landorus\n|\n|upkeep\n|turn|35\n|\n|t:|1701020062\n|move|p1a: Landorus|Earthquake|p2a: Lacoste\n|-supereffective|p2a: Lacoste\n|-damage|p2a: Lacoste|0 fnt\n|faint|p2a: Lacoste\n|\n|upkeep\n|\n|t:|1701020066\n|switch|p2a: Future in the past|Miraidon|100\/100\n|-fieldstart|move: Electric Terrain|[from] ability: Hadron Engine|[of] p2a: Future in the past\n|turn|36\n|\n|t:|1701020075\n|move|p1a: Landorus|Earthquake|p2a: Future in the past\n|-supereffective|p2a: Future in the past\n|-damage|p2a: Future in the past|0 fnt\n|faint|p2a: Future in the past\n|\n|win|galladesimp\n|c|\u2606justPiplup|gg\n|c|\u2606galladesimp|\u043d\u043e\u0442 \u0433\u0433\n|c| Etrio|LANDO THE GOAT\n|c|\u2606galladesimp|\u044f \u043f\u043e\u0431\u0435\u0434\u0438\u043b \u0438\u0437 \u043c\u0438\u0441\u0430\n|c| Etrio|gg\n","uploadtime":1701020101,"views":13,"p1id":"galladesimp","p2id":"justpiplup","formatid":"gen9ubers","rating":0,"private":0,"password":""}