{"id":"gen9ubers-1977678459","p1":"Fraudulent One","p2":"Bulldoger","format":"[Gen 9] Ubers","log":"|j|\u2606Fraudulent One\n|j|\u2606Bulldoger\n|t:|1698437884\n|gametype|singles\n|player|p1|Fraudulent One|265|1450\n|player|p2|Bulldoger|marshal|1509\n|teamsize|p1|6\n|teamsize|p2|6\n|gen|9\n|tier|[Gen 9] Ubers\n|rated|\n|rule|Sleep Clause Mod: Limit one foe put to sleep\n|rule|Species Clause: Limit one of each Pok\u00e9mon\n|rule|OHKO Clause: OHKO moves are banned\n|rule|Evasion Items Clause: Evasion items are banned\n|rule|Evasion Moves Clause: Evasion moves are banned\n|rule|Endless Battle Clause: Forcing endless battles is banned\n|rule|HP Percentage Mod: HP is shown in percentages\n|clearpoke\n|poke|p1|Rayquaza|\n|poke|p1|Arceus|\n|poke|p1|Zacian-*|\n|poke|p1|Eternatus|\n|poke|p1|Miraidon|\n|poke|p1|Koraidon|\n|poke|p2|Rayquaza|\n|poke|p2|Kyogre|\n|poke|p2|Mewtwo|\n|poke|p2|Koraidon|\n|poke|p2|Arceus|\n|poke|p2|Grimmsnarl, M|\n|teampreview\n|inactive|Battle timer is ON: inactive players will automatically lose when time's up. (requested by Bulldoger)\n|\n|t:|1698437896\n|start\n|switch|p1a: Eternatus|Eternatus, shiny|100\/100\n|switch|p2a: Grimmsnarl|Grimmsnarl, M|100\/100\n|-ability|p1a: Eternatus|Pressure\n|turn|1\n|\n|t:|1698437899\n|move|p2a: Grimmsnarl|Light Screen|p2a: Grimmsnarl\n|-sidestart|p2: Bulldoger|move: Light Screen\n|move|p1a: Eternatus|Sludge Bomb|p2a: Grimmsnarl\n|-supereffective|p2a: Grimmsnarl\n|-damage|p2a: Grimmsnarl|18\/100\n|-damage|p1a: Eternatus|91\/100|[from] item: Life Orb\n|\n|upkeep\n|turn|2\n|\n|t:|1698437905\n|move|p2a: Grimmsnarl|Parting Shot|p1a: Eternatus\n|-unboost|p1a: Eternatus|atk|1\n|-unboost|p1a: Eternatus|spa|1\n|\n|t:|1698437928\n|switch|p2a: Arceus|Arceus|100\/100|[from] Parting Shot\n|move|p1a: Eternatus|Sludge Bomb|p2a: Arceus\n|-damage|p2a: Arceus|83\/100\n|-status|p2a: Arceus|psn\n|-damage|p1a: Eternatus|81\/100|[from] item: Life Orb\n|\n|-damage|p2a: Arceus|71\/100 psn|[from] psn\n|upkeep\n|turn|3\n|\n|t:|1698437938\n|switch|p1a: Arceus|Arceus|100\/100\n|move|p2a: Arceus|Swords Dance|p2a: Arceus\n|-boost|p2a: Arceus|atk|2\n|\n|-damage|p2a: Arceus|59\/100 psn|[from] psn\n|upkeep\n|turn|4\n|\n|t:|1698437946\n|-terastallize|p1a: Arceus|Ghost\n|move|p2a: Arceus|Extreme Speed|p1a: Arceus\n|-immune|p1a: Arceus\n|move|p1a: Arceus|Swords Dance|p1a: Arceus\n|-boost|p1a: Arceus|atk|2\n|\n|-damage|p2a: Arceus|46\/100 psn|[from] psn\n|upkeep\n|turn|5\n|\n|t:|1698437950\n|move|p1a: Arceus|Extreme Speed|p2a: Arceus\n|-damage|p2a: Arceus|0 fnt\n|faint|p2a: Arceus\n|\n|upkeep\n|\n|t:|1698437956\n|switch|p2a: Mewtwo|Mewtwo|100\/100\n|-ability|p2a: Mewtwo|Pressure\n|turn|6\n|\n|t:|1698437962\n|-terastallize|p2a: Mewtwo|Ghost\n|move|p1a: Arceus|Shadow Claw|p2a: Mewtwo\n|-supereffective|p2a: Mewtwo\n|-damage|p2a: Mewtwo|0 fnt\n|faint|p2a: Mewtwo\n|\n|upkeep\n|\n|t:|1698437971\n|switch|p2a: Kyogre|Kyogre|100\/100\n|-weather|RainDance|[from] ability: Drizzle|[of] p2a: Kyogre\n|turn|7\n|\n|t:|1698437974\n|move|p1a: Arceus|Extreme Speed|p2a: Kyogre\n|-damage|p2a: Kyogre|16\/100\n|move|p2a: Kyogre|Origin Pulse|p1a: Arceus\n|-crit|p1a: Arceus\n|-damage|p1a: Arceus|0 fnt\n|faint|p1a: Arceus\n|\n|-weather|RainDance|[upkeep]\n|upkeep\n|\n|t:|1698437989\n|switch|p1a: Rayquaza|Rayquaza|100\/100\n|-ability|p1a: Rayquaza|Air Lock\n|turn|8\n|\n|t:|1698437996\n|move|p1a: Rayquaza|Icy Wind|p2a: Kyogre\n|-resisted|p2a: Kyogre\n|-damage|p2a: Kyogre|12\/100\n|-unboost|p2a: Kyogre|spe|1\n|move|p2a: Kyogre|Ice Beam|p1a: Rayquaza\n|-supereffective|p1a: Rayquaza\n|-enditem|p1a: Rayquaza|Focus Sash\n|-damage|p1a: Rayquaza|1\/100\n|\n|-weather|RainDance|[upkeep]\n|-sideend|p2: Bulldoger|move: Light Screen\n|upkeep\n|turn|9\n|\n|t:|1698438000\n|move|p1a: Rayquaza|Stealth Rock|p2a: Kyogre\n|-sidestart|p2: Bulldoger|move: Stealth Rock\n|move|p2a: Kyogre|Ice Beam|p1a: Rayquaza\n|-supereffective|p1a: Rayquaza\n|-damage|p1a: Rayquaza|0 fnt\n|faint|p1a: Rayquaza\n|\n|-weather|RainDance|[upkeep]\n|upkeep\n|\n|t:|1698438009\n|switch|p1a: Miraidon|Miraidon|100\/100\n|-fieldstart|move: Electric Terrain|[from] ability: Hadron Engine|[of] p1a: Miraidon\n|turn|10\n|\n|t:|1698438011\n|move|p1a: Miraidon|Electro Drift|p2a: Kyogre\n|-supereffective|p2a: Kyogre\n|-enditem|p2a: Kyogre|Wacan Berry|[eat]\n|-enditem|p2a: Kyogre|Wacan Berry|[weaken]\n|-damage|p2a: Kyogre|0 fnt\n|faint|p2a: Kyogre\n|-damage|p1a: Miraidon|91\/100|[from] item: Life Orb\n|\n|-weather|RainDance|[upkeep]\n|upkeep\n|\n|t:|1698438014\n|switch|p2a: Grimmsnarl|Grimmsnarl, M|18\/100\n|-damage|p2a: Grimmsnarl|5\/100|[from] Stealth Rock\n|turn|11\n|\n|t:|1698438018\n|move|p2a: Grimmsnarl|Light Screen|p2a: Grimmsnarl\n|-sidestart|p2: Bulldoger|move: Light Screen\n|move|p1a: Miraidon|Electro Drift|p2a: Grimmsnarl\n|-damage|p2a: Grimmsnarl|0 fnt\n|faint|p2a: Grimmsnarl\n|-damage|p1a: Miraidon|81\/100|[from] item: Life Orb\n|\n|-weather|none\n|upkeep\n|\n|t:|1698438029\n|switch|p2a: Koraidon|Koraidon|100\/100\n|-damage|p2a: Koraidon|94\/100|[from] Stealth Rock\n|-weather|SunnyDay|[from] ability: Orichalcum Pulse|[of] p2a: Koraidon\n|-activate|p2a: Koraidon|Orichalcum Pulse|[source]\n|turn|12\n|\n|t:|1698438035\n|move|p1a: Miraidon|Electro Drift|p2a: Koraidon\n|-resisted|p2a: Koraidon\n|-damage|p2a: Koraidon|65\/100\n|-damage|p1a: Miraidon|71\/100|[from] item: Life Orb\n|move|p2a: Koraidon|Flare Blitz|p1a: Miraidon\n|-resisted|p1a: Miraidon\n|-damage|p1a: Miraidon|12\/100\n|-damage|p2a: Koraidon|46\/100|[from] Recoil\n|-damage|p2a: Koraidon|36\/100|[from] item: Life Orb\n|\n|-weather|SunnyDay|[upkeep]\n|upkeep\n|turn|13\n|\n|t:|1698438040\n|move|p1a: Miraidon|Electro Drift|p2a: Koraidon\n|-resisted|p2a: Koraidon\n|-damage|p2a: Koraidon|6\/100\n|-damage|p1a: Miraidon|2\/100|[from] item: Life Orb\n|move|p2a: Koraidon|Scale Shot|p1a: Miraidon\n|-supereffective|p1a: Miraidon\n|-crit|p1a: Miraidon\n|-damage|p1a: Miraidon|0 fnt\n|faint|p1a: Miraidon\n|-hitcount|p1: Miraidon|1\n|-unboost|p2a: Koraidon|def|1\n|-boost|p2a: Koraidon|spe|1\n|-damage|p2a: Koraidon|0 fnt|[from] item: Life Orb\n|faint|p2a: Koraidon\n|\n|-weather|SunnyDay|[upkeep]\n|upkeep\n|\n|t:|1698438045\n|switch|p1a: Zacian|Zacian-Crowned|100\/100\n|switch|p2a: Rayquaza|Rayquaza, shiny|100\/100\n|-ability|p1a: Zacian|Intrepid Sword|boost\n|-boost|p1a: Zacian|atk|1\n|-damage|p2a: Rayquaza|76\/100|[from] Stealth Rock\n|-ability|p2a: Rayquaza|Air Lock\n|turn|14\n|\n|t:|1698438050\n|move|p1a: Zacian|Behemoth Blade|p2a: Rayquaza\n|-damage|p2a: Rayquaza|0 fnt\n|faint|p2a: Rayquaza\n|\n|win|Fraudulent One\n|raw|Fraudulent One's rating: 1450 &rarr; <strong>1473<\/strong><br \/>(+23 for winning)\n|raw|Bulldoger's rating: 1509 &rarr; <strong>1486<\/strong><br \/>(-23 for losing)\n|c|\u2606Fraudulent One|gg\n","uploadtime":1698438057,"views":14,"p1id":"fraudulentone","p2id":"bulldoger","formatid":"gen9ubers","rating":1473,"private":0,"password":""}