{"id":"gen9ubers-1990837557","p1":"FoxDragon22","p2":"blookinator","format":"[Gen 9] Ubers","log":"|j|\u2606FoxDragon22\n|j|\u2606blookinator\n|t:|1700006025\n|gametype|singles\n|player|p1|FoxDragon22|acetrainerf-gen4dp|\n|player|p2|blookinator|eusine|\n|teamsize|p1|6\n|teamsize|p2|6\n|gen|9\n|tier|[Gen 9] Ubers\n|rule|Sleep Clause Mod: Limit one foe put to sleep\n|rule|Species Clause: Limit one of each Pok\u00e9mon\n|rule|OHKO Clause: OHKO moves are banned\n|rule|Evasion Items Clause: Evasion items are banned\n|rule|Evasion Moves Clause: Evasion moves are banned\n|rule|Endless Battle Clause: Forcing endless battles is banned\n|rule|HP Percentage Mod: HP is shown in percentages\n|clearpoke\n|poke|p1|Samurott-Hisui, M|\n|poke|p1|Arceus-Grass|\n|poke|p1|Zacian-*|\n|poke|p1|Dialga|\n|poke|p1|Cyclizar, M|\n|poke|p1|Palkia-Origin|\n|poke|p2|Arceus-Poison|\n|poke|p2|Zamazenta-*|\n|poke|p2|Cyclizar, F|\n|poke|p2|Quagsire, F|\n|poke|p2|Urshifu-*, M|\n|poke|p2|Ogerpon-Cornerstone, F|\n|teampreview\n|c|\u2606blookinator|glhf!\n|\n|t:|1700006062\n|start\n|switch|p1a: Samurott|Samurott-Hisui, M|100\/100\n|switch|p2a: Ogerpon|Ogerpon-Cornerstone, F|100\/100\n|turn|1\n|\n|t:|1700006089\n|switch|p1a: Dialga|Dialga|100\/100\n|-ability|p1a: Dialga|Pressure\n|move|p2a: Ogerpon|Knock Off|p1a: Dialga\n|-crit|p1a: Dialga\n|-damage|p1a: Dialga|65\/100\n|-enditem|p1a: Dialga|Leftovers|[from] move: Knock Off|[of] p2a: Ogerpon\n|\n|upkeep\n|turn|2\n|\n|t:|1700006099\n|move|p2a: Ogerpon|Leech Seed|p1a: Dialga\n|-start|p1a: Dialga|move: Leech Seed\n|move|p1a: Dialga|Stealth Rock|p2a: Ogerpon\n|-sidestart|p2: blookinator|move: Stealth Rock\n|\n|-damage|p1a: Dialga|53\/100|[from] Leech Seed|[of] p2a: Ogerpon\n|upkeep\n|turn|3\n|\n|t:|1700006107\n|move|p2a: Ogerpon|U-turn|p1a: Dialga\n|-resisted|p1a: Dialga\n|-damage|p1a: Dialga|44\/100\n|\n|t:|1700006111\n|switch|p2a: Zamazenta|Zamazenta-Crowned|100\/100|[from] U-turn\n|-damage|p2a: Zamazenta|97\/100|[from] Stealth Rock\n|-ability|p2a: Zamazenta|Dauntless Shield|boost\n|-boost|p2a: Zamazenta|def|1\n|move|p1a: Dialga|Flash Cannon|p2a: Zamazenta\n|-resisted|p2a: Zamazenta\n|-damage|p2a: Zamazenta|79\/100\n|-unboost|p2a: Zamazenta|spd|1\n|\n|-damage|p1a: Dialga|31\/100|[from] Leech Seed|[of] p2a: Zamazenta\n|-heal|p2a: Zamazenta|92\/100|[silent]\n|upkeep\n|turn|4\n|\n|t:|1700006126\n|move|p2a: Zamazenta|Body Press|p1a: Dialga\n|-supereffective|p1a: Dialga\n|-crit|p1a: Dialga\n|-damage|p1a: Dialga|0 fnt\n|faint|p1a: Dialga\n|\n|upkeep\n|\n|t:|1700006139\n|switch|p1a: Palkia|Palkia-Origin|100\/100\n|-ability|p1a: Palkia|Pressure\n|turn|5\n|\n|t:|1700006146\n|move|p1a: Palkia|Earth Power|p2a: Zamazenta\n|-supereffective|p2a: Zamazenta\n|-damage|p2a: Zamazenta|25\/100\n|move|p2a: Zamazenta|Body Press|p1a: Palkia\n|-damage|p1a: Palkia|36\/100\n|\n|upkeep\n|turn|6\n|\n|t:|1700006167\n|move|p1a: Palkia|Earth Power|p2a: Zamazenta\n|-supereffective|p2a: Zamazenta\n|-damage|p2a: Zamazenta|0 fnt\n|faint|p2a: Zamazenta\n|\n|upkeep\n|\n|t:|1700006174\n|switch|p2a: Cyclizar|Cyclizar, F|100\/100\n|turn|7\n|\n|t:|1700006184\n|move|p2a: Cyclizar|Knock Off|p1a: Palkia\n|-damage|p1a: Palkia|21\/100\n|move|p1a: Palkia|Spacial Rend|p2a: Cyclizar\n|-supereffective|p2a: Cyclizar\n|-damage|p2a: Cyclizar|0 fnt\n|faint|p2a: Cyclizar\n|\n|upkeep\n|\n|t:|1700006196\n|switch|p2a: Arceus|Arceus-Poison|100\/100\n|-damage|p2a: Arceus|88\/100|[from] Stealth Rock\n|turn|8\n|\n|t:|1700006205\n|move|p2a: Arceus|Extreme Speed|p1a: Palkia\n|-damage|p1a: Palkia|0 fnt\n|faint|p1a: Palkia\n|\n|upkeep\n|\n|t:|1700006225\n|switch|p1a: Zacian|Zacian|100\/100\n|-ability|p1a: Zacian|Intrepid Sword|boost\n|-boost|p1a: Zacian|atk|1\n|turn|9\n|\n|t:|1700006231\n|-terastallize|p1a: Zacian|Steel\n|move|p1a: Zacian|Psychic Fangs|p2a: Arceus\n|-supereffective|p2a: Arceus\n|-damage|p2a: Arceus|37\/100\n|move|p2a: Arceus|Will-O-Wisp|p1a: Zacian\n|-status|p1a: Zacian|brn\n|\n|-damage|p1a: Zacian|94\/100 brn|[from] brn\n|upkeep\n|turn|10\n|\n|t:|1700006246\n|switch|p2a: Quagsire|Quagsire, F|100\/100\n|-damage|p2a: Quagsire|94\/100|[from] Stealth Rock\n|move|p1a: Zacian|Psychic Fangs|p2a: Quagsire\n|-damage|p2a: Quagsire|83\/100\n|\n|-heal|p2a: Quagsire|89\/100|[from] item: Leftovers\n|-damage|p1a: Zacian|88\/100 brn|[from] brn\n|upkeep\n|turn|11\n|\n|t:|1700006260\n|switch|p1a: Arceus|Arceus-Grass|100\/100\n|move|p2a: Quagsire|Haze|p2a: Quagsire\n|-clearallboost\n|\n|-heal|p2a: Quagsire|95\/100|[from] item: Leftovers\n|upkeep\n|turn|12\n|\n|t:|1700006286\n|-terastallize|p2a: Quagsire|Fairy\n|move|p1a: Arceus|Judgment|p2a: Quagsire\n|-damage|p2a: Quagsire|33\/100\n|move|p2a: Quagsire|Toxic|p1a: Arceus\n|-status|p1a: Arceus|tox\n|\n|-heal|p2a: Quagsire|39\/100|[from] item: Leftovers\n|-damage|p1a: Arceus|94\/100 tox|[from] psn\n|upkeep\n|turn|13\n|\n|t:|1700006304\n|switch|p2a: Urshifu|Urshifu, M|100\/100\n|-damage|p2a: Urshifu|94\/100|[from] Stealth Rock\n|move|p1a: Arceus|Judgment|p2a: Urshifu\n|-damage|p2a: Urshifu|6\/100\n|\n|-heal|p2a: Urshifu|12\/100|[from] item: Leftovers\n|-damage|p1a: Arceus|82\/100 tox|[from] psn\n|upkeep\n|turn|14\n|\n|t:|1700006318\n|move|p1a: Arceus|Judgment|p2a: Urshifu\n|-damage|p2a: Urshifu|0 fnt\n|faint|p2a: Urshifu\n|\n|-damage|p1a: Arceus|64\/100 tox|[from] psn\n|upkeep\n|\n|t:|1700006339\n|switch|p2a: Arceus|Arceus-Poison|37\/100\n|-damage|p2a: Arceus|24\/100|[from] Stealth Rock\n|turn|15\n|\n|t:|1700006348\n|move|p1a: Arceus|Earth Power|p2a: Arceus\n|-supereffective|p2a: Arceus\n|-damage|p2a: Arceus|0 fnt\n|faint|p2a: Arceus\n|\n|-damage|p1a: Arceus|40\/100 tox|[from] psn\n|upkeep\n|\n|t:|1700006352\n|switch|p2a: Ogerpon|Ogerpon-Cornerstone, F|100\/100\n|-damage|p2a: Ogerpon|88\/100|[from] Stealth Rock\n|turn|16\n|\n|t:|1700006363\n|move|p1a: Arceus|Judgment|p2a: Ogerpon\n|-crit|p2a: Ogerpon\n|-damage|p2a: Ogerpon|0 fnt\n|faint|p2a: Ogerpon\n|\n|-damage|p1a: Arceus|10\/100 tox|[from] psn\n|upkeep\n|\n|t:|1700006368\n|switch|p2a: Quagsire|Quagsire, F, tera:Fairy|39\/100\n|-damage|p2a: Quagsire|27\/100|[from] Stealth Rock\n|turn|17\n|\n|t:|1700006375\n|move|p1a: Arceus|Judgment|p2a: Quagsire\n|-damage|p2a: Quagsire|0 fnt\n|faint|p2a: Quagsire\n|\n|win|FoxDragon22\n|l|\u2606blookinator\n","uploadtime":1700006384,"views":36,"p1id":"foxdragon22","p2id":"blookinator","formatid":"gen9ubers","rating":0,"private":0,"password":""}