{"id":"gen9ubers-1988763419","p1":"4R4CH1S","p2":"Dragon Master Rosa","format":"[Gen 9] Ubers","log":"|j|\u26064R4CH1S\n|j|\u2606Dragon Master Rosa\n|t:|1699760017\n|gametype|singles\n|player|p1|4R4CH1S|cheryl|\n|player|p2|Dragon Master Rosa|dragontamer-gen9|\n|teamsize|p1|6\n|teamsize|p2|6\n|gen|9\n|tier|[Gen 9] Ubers\n|rule|Sleep Clause Mod: Limit one foe put to sleep\n|rule|Species Clause: Limit one of each Pok\u00e9mon\n|rule|OHKO Clause: OHKO moves are banned\n|rule|Evasion Items Clause: Evasion items are banned\n|rule|Evasion Moves Clause: Evasion moves are banned\n|rule|Endless Battle Clause: Forcing endless battles is banned\n|rule|HP Percentage Mod: HP is shown in percentages\n|clearpoke\n|poke|p1|Gliscor, F|\n|poke|p1|Hatterene, F|\n|poke|p1|Kingambit, F|\n|poke|p1|Palafin, M|\n|poke|p1|Sinistcha|\n|poke|p1|Sneasler, M|\n|poke|p2|Palafin, M|\n|poke|p2|Corviknight, F|\n|poke|p2|Gyarados, F|\n|poke|p2|Glimmora, M|\n|poke|p2|Gholdengo|\n|poke|p2|Ogerpon-Wellspring, F|\n|teampreview\n|c|\u26064R4CH1S|oop\n|c|\u2606Dragon Master Rosa|nah you're good\n|c|\u2606Dragon Master Rosa|this aint a set\n|c|\u26064R4CH1S|ok lemme just switch teams hang on\n|c|\u26064R4CH1S|yeah ik but\n|c|\u2606Dragon Master Rosa|no it's fine\n|c|\u26064R4CH1S|Aight\n|c|\u26064R4CH1S|Also post the replay if you want\n|c|\u2606Dragon Master Rosa|mk\n|c|\u26064R4CH1S|Not like I got to show my sets anyways lmao\n|c|\u26064R4CH1S|Also what are some Wake counters besides Slowking\n|c|\u2606Dragon Master Rosa|uhh\n|\n|t:|1699760108\n|start\n|switch|p1a: La Wea Vil|Sneasler, M|100\/100\n|switch|p2a: Gholdengo|Gholdengo|100\/100\n|-ability|p1a: La Wea Vil|Pressure\n|turn|1\n|c|\u2606Dragon Master Rosa|gliscor-oger does kinda well bc you can scout for what it clicks with prot\n|c|\u2606Dragon Master Rosa|i don't play much ou so other than that idk\n|c|\u26064R4CH1S|Fair\n|\n|t:|1699760132\n|switch|p2a: Glimmora|Glimmora, M|100\/100\n|move|p1a: La Wea Vil|U-turn|p2a: Glimmora\n|-resisted|p2a: Glimmora\n|-damage|p2a: Glimmora|86\/100\n|-activate|p2a: Glimmora|ability: Toxic Debris\n|-sidestart|p1: 4R4CH1S|move: Toxic Spikes\n|\n|t:|1699760143\n|switch|p1a: KillsUWithMyMind|Hatterene, F|100\/100|[from] U-turn\n|-status|p1a: KillsUWithMyMind|psn\n|\n|-damage|p1a: KillsUWithMyMind|88\/100 psn|[from] psn\n|upkeep\n|turn|2\n|\n|t:|1699760151\n|move|p2a: Glimmora|Mortal Spin|p1a: KillsUWithMyMind\n|-supereffective|p1a: KillsUWithMyMind\n|-damage|p1a: KillsUWithMyMind|76\/100 psn\n|move|p1a: KillsUWithMyMind|Nuzzle|p2a: Glimmora\n|-damage|p2a: Glimmora|81\/100\n|-status|p2a: Glimmora|par\n|-activate|p2a: Glimmora|ability: Toxic Debris\n|-sidestart|p1: 4R4CH1S|move: Toxic Spikes\n|\n|-heal|p1a: KillsUWithMyMind|82\/100 psn|[from] item: Leftovers\n|-damage|p1a: KillsUWithMyMind|70\/100 psn|[from] psn\n|upkeep\n|turn|3\n|\n|t:|1699760156\n|cant|p2a: Glimmora|par\n|move|p1a: KillsUWithMyMind|Psychic|p2a: Glimmora\n|-supereffective|p2a: Glimmora\n|-damage|p2a: Glimmora|0 fnt\n|faint|p2a: Glimmora\n|\n|-heal|p1a: KillsUWithMyMind|76\/100 psn|[from] item: Leftovers\n|-damage|p1a: KillsUWithMyMind|64\/100 psn|[from] psn\n|upkeep\n|\n|t:|1699760160\n|switch|p2a: Gholdengo|Gholdengo|100\/100\n|turn|4\n|\n|t:|1699760171\n|move|p2a: Gholdengo|Shadow Ball|p1a: KillsUWithMyMind\n|-supereffective|p1a: KillsUWithMyMind\n|-damage|p1a: KillsUWithMyMind|0 fnt\n|faint|p1a: KillsUWithMyMind\n|\n|upkeep\n|\n|t:|1699760177\n|switch|p1a: La Wea Vil|Sneasler, M|100\/100\n|-sideend|p1: 4R4CH1S|move: Toxic Spikes|[of] p1a: La Wea Vil\n|-ability|p1a: La Wea Vil|Pressure\n|turn|5\n|\n|t:|1699760193\n|move|p1a: La Wea Vil|U-turn|p2a: Gholdengo\n|-resisted|p2a: Gholdengo\n|-damage|p2a: Gholdengo|95\/100\n|\n|t:|1699760197\n|switch|p1a: 4D Chess|Kingambit, F|100\/100|[from] U-turn\n|-activate|p1a: 4D Chess|ability: Supreme Overlord\n|-start|p1a: 4D Chess|fallen1|[silent]\n|move|p2a: Gholdengo|Make It Rain|p1a: 4D Chess\n|-resisted|p1a: 4D Chess\n|-damage|p1a: 4D Chess|66\/100\n|-unboost|p2a: Gholdengo|spa|1\n|\n|-heal|p2a: Gholdengo|100\/100|[from] item: Leftovers\n|-heal|p1a: 4D Chess|72\/100|[from] item: Leftovers\n|upkeep\n|turn|6\n|\n|t:|1699760203\n|switch|p2a: Gyarados|Gyarados, F|100\/100\n|-end|p1a: 4D Chess|fallen1|[silent]\n|switch|p1a: Speaker Crab|Gliscor, F|100\/100\n|\n|-status|p1a: Speaker Crab|tox|[from] item: Toxic Orb\n|upkeep\n|turn|7\n|\n|t:|1699760219\n|move|p2a: Gyarados|Dragon Dance|p2a: Gyarados\n|-boost|p2a: Gyarados|atk|1\n|-boost|p2a: Gyarados|spe|1\n|move|p1a: Speaker Crab|U-turn|p2a: Gyarados\n|-resisted|p2a: Gyarados\n|-damage|p2a: Gyarados|90\/100\n|\n|t:|1699760230\n|switch|p1a: Mughead|Sinistcha|100\/100|[from] U-turn\n|\n|upkeep\n|turn|8\n|\n|t:|1699760237\n|-terastallize|p1a: Mughead|Poison\n|move|p2a: Gyarados|Crunch|p1a: Mughead\n|-damage|p1a: Mughead|59\/100\n|-damage|p2a: Gyarados|80\/100|[from] item: Life Orb\n|move|p1a: Mughead|Matcha Gotcha|p2a: Gyarados\n|-damage|p2a: Gyarados|48\/100\n|-heal|p1a: Mughead|75\/100|[from] drain|[of] p2a: Gyarados\n|\n|-heal|p1a: Mughead|81\/100|[from] item: Leftovers\n|upkeep\n|turn|9\n|\n|t:|1699760257\n|-terastallize|p2a: Gyarados|Water\n|move|p2a: Gyarados|Waterfall|p1a: Mughead\n|-damage|p1a: Mughead|0 fnt\n|faint|p1a: Mughead\n|-ability|p2a: Gyarados|Moxie|boost\n|-boost|p2a: Gyarados|atk|1\n|-damage|p2a: Gyarados|38\/100|[from] item: Life Orb\n|\n|upkeep\n|\n|t:|1699760264\n|switch|p1a: 4D Chess|Kingambit, F|72\/100\n|-activate|p1a: 4D Chess|ability: Supreme Overlord\n|-start|p1a: 4D Chess|fallen2|[silent]\n|turn|10\n|\n|t:|1699760300\n|move|p2a: Gyarados|Waterfall|p1a: 4D Chess\n|-damage|p1a: 4D Chess|0 fnt\n|faint|p1a: 4D Chess\n|-end|p1a: 4D Chess|fallen2|[silent]\n|-ability|p2a: Gyarados|Moxie|boost\n|-boost|p2a: Gyarados|atk|1\n|-damage|p2a: Gyarados|28\/100|[from] item: Life Orb\n|\n|upkeep\n|c|\u26064R4CH1S|grrrr\n|c|\u2606Dragon Master Rosa|gyarados going crazy ngl\n|\n|t:|1699760320\n|switch|p1a: Holy Flip|Palafin, M|100\/100\n|turn|11\n|c|\u2606Dragon Master Rosa|it was good when i used it r1\n|c|\u26064R4CH1S|Yo\n|c|\u26064R4CH1S|Gliscor got banned right as we're playing this game\n|c|\u2606Dragon Master Rosa|wait fr?\n|c|\u26064R4CH1S|yeah\n|c|\u2606Dragon Master Rosa|that's wild\n|c|\u26064R4CH1S|hang on\n|c|\u26064R4CH1S|https:\/\/www.smogon.com\/forums\/threads\/sv-ou-suspect-process-round-8-voting.3731125\/page-5#post-9857882\n|\n|t:|1699760389\n|move|p1a: Holy Flip|Jet Punch|p2a: Gyarados\n|-resisted|p2a: Gyarados\n|-damage|p2a: Gyarados|7\/100\n|move|p2a: Gyarados|Waterfall|p1a: Holy Flip\n|-resisted|p1a: Holy Flip\n|-damage|p1a: Holy Flip|0 fnt\n|faint|p1a: Holy Flip\n|-ability|p2a: Gyarados|Moxie|boost\n|-boost|p2a: Gyarados|atk|1\n|-damage|p2a: Gyarados|0 fnt|[from] item: Life Orb\n|faint|p2a: Gyarados\n|\n|upkeep\n|c|\u2606Dragon Master Rosa|last usage of gliscor ever and it's boutta get ohko'd\n|c|\u2606Dragon Master Rosa|nvm\n|\n|t:|1699760401\n|switch|p1a: Speaker Crab|Gliscor, F|100\/100 tox\n|switch|p2a: Corviknight|Corviknight, F|100\/100\n|turn|12\n|\n|t:|1699760405\n|move|p1a: Speaker Crab|Stealth Rock|p2a: Corviknight\n|-sidestart|p2: Dragon Master Rosa|move: Stealth Rock\n|move|p2a: Corviknight|U-turn|p1a: Speaker Crab\n|-resisted|p1a: Speaker Crab\n|-damage|p1a: Speaker Crab|96\/100 tox\n|\n|t:|1699760408\n|switch|p2a: Palafin|Palafin, M|100\/100|[from] U-turn\n|-damage|p2a: Palafin|88\/100|[from] Stealth Rock\n|\n|-heal|p1a: Speaker Crab|100\/100 tox|[from] ability: Poison Heal\n|upkeep\n|turn|13\n|\n|t:|1699760415\n|detailschange|p2a: Palafin|Palafin-Hero, M\n|switch|p2a: Ogerpon|Ogerpon-Wellspring, F|100\/100\n|-damage|p2a: Ogerpon|88\/100|[from] Stealth Rock\n|move|p1a: Speaker Crab|Knock Off|p2a: Ogerpon\n|-damage|p2a: Ogerpon|68\/100\n|\n|upkeep\n|turn|14\n|\n|t:|1699760420\n|move|p2a: Ogerpon|Ivy Cudgel|p1a: Speaker Crab\n|-supereffective|p1a: Speaker Crab\n|-damage|p1a: Speaker Crab|29\/100 tox\n|move|p1a: Speaker Crab|U-turn|p2a: Ogerpon\n|-supereffective|p2a: Ogerpon\n|-damage|p2a: Ogerpon|27\/100\n|\n|t:|1699760425\n|switch|p1a: La Wea Vil|Sneasler, M|100\/100|[from] U-turn\n|-ability|p1a: La Wea Vil|Pressure\n|\n|upkeep\n|turn|15\n|\n|t:|1699760433\n|switch|p2a: Gholdengo|Gholdengo|100\/100\n|-damage|p2a: Gholdengo|94\/100|[from] Stealth Rock\n|move|p1a: La Wea Vil|U-turn|p2a: Gholdengo\n|-resisted|p2a: Gholdengo\n|-damage|p2a: Gholdengo|89\/100\n|\n|t:|1699760438\n|switch|p1a: Speaker Crab|Gliscor, F|29\/100 tox|[from] U-turn\n|\n|-heal|p2a: Gholdengo|95\/100|[from] item: Leftovers\n|-heal|p1a: Speaker Crab|41\/100 tox|[from] ability: Poison Heal\n|upkeep\n|turn|16\n|\n|t:|1699760451\n|switch|p1a: La Wea Vil|Sneasler, M|100\/100\n|-ability|p1a: La Wea Vil|Pressure\n|move|p2a: Gholdengo|Make It Rain|p1a: La Wea Vil\n|-crit|p1a: La Wea Vil\n|-damage|p1a: La Wea Vil|0 fnt\n|-unboost|p2a: Gholdengo|spa|1\n|faint|p1a: La Wea Vil\n|\n|-heal|p2a: Gholdengo|100\/100|[from] item: Leftovers\n|upkeep\n|\n|t:|1699760453\n|switch|p1a: Speaker Crab|Gliscor, F|41\/100 tox\n|turn|17\n|\n|t:|1699760459\n|move|p1a: Speaker Crab|Knock Off|p2a: Gholdengo\n|-supereffective|p2a: Gholdengo\n|-damage|p2a: Gholdengo|62\/100\n|-enditem|p2a: Gholdengo|Leftovers|[from] move: Knock Off|[of] p1a: Speaker Crab\n|move|p2a: Gholdengo|Make It Rain|p1a: Speaker Crab\n|-damage|p1a: Speaker Crab|0 fnt\n|-unboost|p2a: Gholdengo|spa|1\n|faint|p1a: Speaker Crab\n|\n|win|Dragon Master Rosa\n|c|\u2606Dragon Master Rosa|ggwp\n","uploadtime":1699760466,"views":17,"p1id":"4r4ch1s","p2id":"dragonmasterrosa","formatid":"gen9ubers","rating":0,"private":0,"password":""}