{"id":"gen9ubers-1993434060","p1":"Shadow2054","p2":"sword over shield","format":"[Gen 9] Ubers","log":"|j|\u2606Shadow2054\n|j|\u2606sword over shield\n|t:|1700317389\n|gametype|singles\n|player|p1|Shadow2054|medium|\n|player|p2|sword over shield|2|\n|teamsize|p1|6\n|teamsize|p2|6\n|gen|9\n|tier|[Gen 9] Ubers\n|rule|Sleep Clause Mod: Limit one foe put to sleep\n|rule|Species Clause: Limit one of each Pok\u00e9mon\n|rule|OHKO Clause: OHKO moves are banned\n|rule|Evasion Items Clause: Evasion items are banned\n|rule|Evasion Moves Clause: Evasion moves are banned\n|rule|Endless Battle Clause: Forcing endless battles is banned\n|rule|HP Percentage Mod: HP is shown in percentages\n|clearpoke\n|poke|p1|Azelf|\n|poke|p1|Espathra, F|\n|poke|p1|Zacian-*|\n|poke|p1|Roaring Moon|\n|poke|p1|Scizor, M|\n|poke|p1|Ursaluna-Bloodmoon, M|\n|poke|p2|Arceus-Dark|\n|poke|p2|Alomomola, M|\n|poke|p2|Magearna|\n|poke|p2|Slowking-Galar, F|\n|poke|p2|Cresselia, F|\n|poke|p2|Quagsire, F|\n|teampreview\n|\n|t:|1700317416\n|start\n|switch|p1a: Azelf|Azelf|100\/100\n|switch|p2a: Alomomola|Alomomola, M|100\/100\n|turn|1\n|\n|t:|1700317422\n|move|p1a: Azelf|Stealth Rock|p2a: Alomomola\n|-sidestart|p2: sword over shield|move: Stealth Rock\n|move|p2a: Alomomola|Flip Turn|p1a: Azelf\n|-damage|p1a: Azelf|77\/100\n|\n|t:|1700317427\n|switch|p2a: Arceus|Arceus-Dark|100\/100|[from] Flip Turn\n|-damage|p2a: Arceus|88\/100|[from] Stealth Rock\n|\n|upkeep\n|turn|2\n|\n|t:|1700317431\n|move|p2a: Arceus|Foul Play|p1a: Azelf\n|-supereffective|p1a: Azelf\n|-damage|p1a: Azelf|0 fnt\n|faint|p1a: Azelf\n|\n|upkeep\n|\n|t:|1700317433\n|switch|p1a: Ursaluna|Ursaluna-Bloodmoon, M|100\/100\n|turn|3\n|\n|t:|1700317443\n|move|p2a: Arceus|Cosmic Power|p2a: Arceus\n|-boost|p2a: Arceus|def|1\n|-boost|p2a: Arceus|spd|1\n|move|p1a: Ursaluna|Blood Moon|p2a: Arceus\n|-damage|p2a: Arceus|31\/100\n|\n|upkeep\n|turn|4\n|\n|t:|1700317456\n|switch|p1a: Zacian|Zacian|100\/100\n|-ability|p1a: Zacian|Intrepid Sword|boost\n|-boost|p1a: Zacian|atk|1\n|move|p2a: Arceus|Recover|p2a: Arceus\n|-heal|p2a: Arceus|81\/100\n|\n|upkeep\n|turn|5\n|\n|t:|1700317498\n|-terastallize|p2a: Arceus|Poison\n|move|p1a: Zacian|Swords Dance|p1a: Zacian\n|-boost|p1a: Zacian|atk|2\n|move|p2a: Arceus|Foul Play|p1a: Zacian\n|-resisted|p1a: Zacian\n|-damage|p1a: Zacian|36\/100\n|\n|upkeep\n|turn|6\n|\n|t:|1700317507\n|-terastallize|p1a: Zacian|Ground\n|move|p1a: Zacian|Dig||[still]\n|-prepare|p1a: Zacian|Dig\n|-enditem|p1a: Zacian|Power Herb\n|-anim|p1a: Zacian|Dig|p2a: Arceus\n|-supereffective|p2a: Arceus\n|-damage|p2a: Arceus|0 fnt\n|faint|p2a: Arceus\n|\n|upkeep\n|\n|t:|1700317525\n|switch|p2a: Quagsire|Quagsire, F|100\/100\n|-damage|p2a: Quagsire|94\/100|[from] Stealth Rock\n|turn|7\n|\n|t:|1700317531\n|switch|p1a: Scizor|Scizor, M|100\/100\n|move|p2a: Quagsire|Toxic|p1a: Scizor\n|-immune|p1a: Scizor\n|\n|-heal|p2a: Quagsire|100\/100|[from] item: Leftovers\n|upkeep\n|turn|8\n|\n|t:|1700317536\n|move|p1a: Scizor|Knock Off|p2a: Quagsire\n|-damage|p2a: Quagsire|60\/100\n|-enditem|p2a: Quagsire|Leftovers|[from] move: Knock Off|[of] p1a: Scizor\n|move|p2a: Quagsire|Earthquake|p1a: Scizor\n|-damage|p1a: Scizor|70\/100\n|\n|upkeep\n|turn|9\n|\n|t:|1700317548\n|switch|p1a: Espathra|Espathra, F|100\/100\n|move|p2a: Quagsire|Recover|p2a: Quagsire\n|-heal|p2a: Quagsire|100\/100\n|\n|upkeep\n|turn|10\n|\n|t:|1700317563\n|switch|p1a: Scizor|Scizor, M|70\/100\n|move|p2a: Quagsire|Toxic|p1a: Scizor\n|-immune|p1a: Scizor\n|\n|upkeep\n|turn|11\n|\n|t:|1700317567\n|move|p1a: Scizor|U-turn|p2a: Quagsire\n|-damage|p2a: Quagsire|59\/100\n|\n|t:|1700317570\n|switch|p1a: Ursaluna|Ursaluna-Bloodmoon, M|100\/100|[from] U-turn\n|move|p2a: Quagsire|Earthquake|p1a: Ursaluna\n|-damage|p1a: Ursaluna|79\/100\n|\n|upkeep\n|turn|12\n|\n|t:|1700317580\n|switch|p2a: Cresselia|Cresselia, F|100\/100\n|-damage|p2a: Cresselia|88\/100|[from] Stealth Rock\n|move|p1a: Ursaluna|Blood Moon|p2a: Cresselia\n|-damage|p2a: Cresselia|9\/100\n|\n|-heal|p2a: Cresselia|15\/100|[from] item: Leftovers\n|upkeep\n|turn|13\n|\n|t:|1700317604\n|switch|p1a: Scizor|Scizor, M|70\/100\n|move|p2a: Cresselia|Moonlight|p2a: Cresselia\n|-heal|p2a: Cresselia|65\/100\n|\n|-heal|p2a: Cresselia|71\/100|[from] item: Leftovers\n|upkeep\n|turn|14\n|\n|t:|1700317613\n|move|p2a: Cresselia|Calm Mind|p2a: Cresselia\n|-boost|p2a: Cresselia|spa|1\n|-boost|p2a: Cresselia|spd|1\n|move|p1a: Scizor|U-turn|p2a: Cresselia\n|-supereffective|p2a: Cresselia\n|-damage|p2a: Cresselia|6\/100\n|\n|t:|1700317632\n|switch|p1a: Zacian|Zacian, tera:Ground|36\/100|[from] U-turn\n|\n|-heal|p2a: Cresselia|12\/100|[from] item: Leftovers\n|upkeep\n|turn|15\n|\n|t:|1700317636\n|move|p1a: Zacian|Play Rough|p2a: Cresselia\n|-damage|p2a: Cresselia|0 fnt\n|faint|p2a: Cresselia\n|\n|upkeep\n|\n|t:|1700317650\n|switch|p2a: Alomomola|Alomomola, M|100\/100\n|-damage|p2a: Alomomola|88\/100|[from] Stealth Rock\n|turn|16\n|\n|t:|1700317685\n|switch|p1a: Scizor|Scizor, M|70\/100\n|move|p2a: Alomomola|Scald|p1a: Scizor\n|-crit|p1a: Scizor\n|-damage|p1a: Scizor|47\/100\n|\n|upkeep\n|turn|17\n|\n|t:|1700317696\n|move|p1a: Scizor|U-turn|p2a: Alomomola\n|-damage|p2a: Alomomola|55\/100\n|-enditem|p2a: Alomomola|Red Card|[of] p1a: Scizor\n|drag|p1a: Zacian|Zacian, tera:Ground|36\/100\n|move|p2a: Alomomola|Scald|p1a: Zacian\n|-supereffective|p1a: Zacian\n|-damage|p1a: Zacian|10\/100\n|\n|upkeep\n|turn|18\n|\n|t:|1700317709\n|move|p1a: Zacian|Play Rough|p2a: Alomomola\n|-damage|p2a: Alomomola|33\/100\n|move|p2a: Alomomola|Flip Turn|p1a: Zacian\n|-supereffective|p1a: Zacian\n|-damage|p1a: Zacian|0 fnt\n|faint|p1a: Zacian\n|\n|t:|1700317719\n|switch|p2a: Magearna|Magearna|100\/100|[from] Flip Turn\n|-damage|p2a: Magearna|94\/100|[from] Stealth Rock\n|\n|-heal|p2a: Magearna|100\/100|[from] item: Leftovers\n|upkeep\n|\n|t:|1700317756\n|switch|p1a: Ursaluna|Ursaluna-Bloodmoon, M|79\/100\n|turn|19\n|\n|t:|1700317791\n|switch|p2a: Quagsire|Quagsire, F|59\/100\n|-damage|p2a: Quagsire|53\/100|[from] Stealth Rock\n|switch|p1a: Espathra|Espathra, F|100\/100\n|\n|upkeep\n|turn|20\n|\n|t:|1700317799\n|move|p1a: Espathra|Calm Mind|p1a: Espathra\n|-boost|p1a: Espathra|spa|1\n|-boost|p1a: Espathra|spd|1\n|move|p2a: Quagsire|Recover|p2a: Quagsire\n|-heal|p2a: Quagsire|100\/100\n|\n|-ability|p1a: Espathra|Speed Boost|boost\n|-boost|p1a: Espathra|spe|1\n|upkeep\n|turn|21\n|\n|t:|1700317805\n|move|p1a: Espathra|Calm Mind|p1a: Espathra\n|-boost|p1a: Espathra|spa|1\n|-boost|p1a: Espathra|spd|1\n|move|p2a: Quagsire|Haze|p2a: Quagsire\n|-clearallboost\n|\n|-ability|p1a: Espathra|Speed Boost|boost\n|-boost|p1a: Espathra|spe|1\n|upkeep\n|turn|22\n|\n|t:|1700317809\n|move|p1a: Espathra|Protect|p1a: Espathra\n|-singleturn|p1a: Espathra|Protect\n|move|p2a: Quagsire|Earthquake|p1a: Espathra\n|-activate|p1a: Espathra|move: Protect\n|\n|-ability|p1a: Espathra|Speed Boost|boost\n|-boost|p1a: Espathra|spe|1\n|upkeep\n|turn|23\n|\n|t:|1700317811\n|move|p1a: Espathra|Calm Mind|p1a: Espathra\n|-boost|p1a: Espathra|spa|1\n|-boost|p1a: Espathra|spd|1\n|move|p2a: Quagsire|Earthquake|p1a: Espathra\n|-damage|p1a: Espathra|75\/100\n|\n|-heal|p1a: Espathra|81\/100|[from] item: Leftovers\n|-ability|p1a: Espathra|Speed Boost|boost\n|-boost|p1a: Espathra|spe|1\n|upkeep\n|turn|24\n|\n|t:|1700317816\n|move|p1a: Espathra|Stored Power|p2a: Quagsire\n|-damage|p2a: Quagsire|51\/100\n|move|p2a: Quagsire|Haze|p2a: Quagsire\n|-clearallboost\n|\n|-heal|p1a: Espathra|87\/100|[from] item: Leftovers\n|-ability|p1a: Espathra|Speed Boost|boost\n|-boost|p1a: Espathra|spe|1\n|upkeep\n|turn|25\n|\n|t:|1700317819\n|move|p1a: Espathra|Calm Mind|p1a: Espathra\n|-boost|p1a: Espathra|spa|1\n|-boost|p1a: Espathra|spd|1\n|move|p2a: Quagsire|Toxic|p1a: Espathra\n|-status|p1a: Espathra|tox\n|\n|-heal|p1a: Espathra|93\/100 tox|[from] item: Leftovers\n|-damage|p1a: Espathra|87\/100 tox|[from] psn\n|-ability|p1a: Espathra|Speed Boost|boost\n|-boost|p1a: Espathra|spe|1\n|upkeep\n|turn|26\n|\n|t:|1700317825\n|move|p1a: Espathra|Stored Power|p2a: Quagsire\n|-damage|p2a: Quagsire|5\/100\n|move|p2a: Quagsire|Recover|p2a: Quagsire\n|-heal|p2a: Quagsire|55\/100\n|\n|-heal|p1a: Espathra|93\/100 tox|[from] item: Leftovers\n|-damage|p1a: Espathra|81\/100 tox|[from] psn\n|-ability|p1a: Espathra|Speed Boost|boost\n|-boost|p1a: Espathra|spe|1\n|upkeep\n|turn|27\n|\n|t:|1700317845\n|move|p1a: Espathra|Stored Power|p2a: Quagsire\n|-damage|p2a: Quagsire|7\/100\n|move|p2a: Quagsire|Haze|p2a: Quagsire\n|-clearallboost\n|\n|-heal|p1a: Espathra|87\/100 tox|[from] item: Leftovers\n|-damage|p1a: Espathra|69\/100 tox|[from] psn\n|-ability|p1a: Espathra|Speed Boost|boost\n|-boost|p1a: Espathra|spe|1\n|upkeep\n|turn|28\n|\n|t:|1700317851\n|move|p1a: Espathra|Stored Power|p2a: Quagsire\n|-damage|p2a: Quagsire|0 fnt\n|faint|p2a: Quagsire\n|\n|-heal|p1a: Espathra|75\/100 tox|[from] item: Leftovers\n|-damage|p1a: Espathra|50\/100 tox|[from] psn\n|-ability|p1a: Espathra|Speed Boost|boost\n|-boost|p1a: Espathra|spe|1\n|upkeep\n|\n|t:|1700317863\n|switch|p2a: Slowking|Slowking-Galar, F|100\/100\n|turn|29\n|\n|t:|1700317886\n|move|p1a: Espathra|Calm Mind|p1a: Espathra\n|-boost|p1a: Espathra|spa|1\n|-boost|p1a: Espathra|spd|1\n|move|p2a: Slowking|Toxic Spikes|p1a: Espathra\n|-sidestart|p1: Shadow2054|move: Toxic Spikes\n|\n|-heal|p1a: Espathra|56\/100 tox|[from] item: Leftovers\n|-damage|p1a: Espathra|26\/100 tox|[from] psn\n|-ability|p1a: Espathra|Speed Boost|boost\n|-boost|p1a: Espathra|spe|1\n|upkeep\n|turn|30\n|\n|t:|1700317900\n|move|p1a: Espathra|Stored Power|p2a: Slowking\n|-damage|p2a: Slowking|62\/100\n|move|p2a: Slowking|Toxic Spikes|p1a: Espathra\n|-sidestart|p1: Shadow2054|move: Toxic Spikes\n|\n|-heal|p1a: Espathra|32\/100 tox|[from] item: Leftovers\n|-damage|p1a: Espathra|0 fnt|[from] psn\n|faint|p1a: Espathra\n|upkeep\n|\n|t:|1700317904\n|switch|p1a: Scizor|Scizor, M|47\/100\n|turn|31\n|\n|t:|1700317909\n|switch|p2a: Alomomola|Alomomola, M|66\/100\n|-damage|p2a: Alomomola|54\/100|[from] Stealth Rock\n|move|p1a: Scizor|Knock Off|p2a: Alomomola\n|-damage|p2a: Alomomola|33\/100\n|\n|upkeep\n|turn|32\n|\n|t:|1700317949\n|switch|p1a: Roaring Moon|Roaring Moon|100\/100\n|-status|p1a: Roaring Moon|tox\n|-enditem|p1a: Roaring Moon|Booster Energy\n|-activate|p1a: Roaring Moon|ability: Protosynthesis|[fromitem]\n|-start|p1a: Roaring Moon|protosynthesisatk\n|move|p2a: Alomomola|Wish|p2a: Alomomola\n|\n|-damage|p1a: Roaring Moon|95\/100 tox|[from] psn\n|upkeep\n|turn|33\n|\n|t:|1700317960\n|switch|p2a: Magearna|Magearna|100\/100\n|-damage|p2a: Magearna|94\/100|[from] Stealth Rock\n|move|p1a: Roaring Moon|Dragon Dance|p1a: Roaring Moon\n|-boost|p1a: Roaring Moon|atk|1\n|-boost|p1a: Roaring Moon|spe|1\n|\n|-heal|p2a: Magearna|100\/100|[from] move: Wish|[wisher] Alomomola\n|-damage|p1a: Roaring Moon|83\/100 tox|[from] psn\n|upkeep\n|turn|34\n|\n|t:|1700317971\n|move|p1a: Roaring Moon|Substitute|p1a: Roaring Moon\n|-start|p1a: Roaring Moon|Substitute\n|-damage|p1a: Roaring Moon|58\/100 tox\n|move|p2a: Magearna|Draining Kiss|p1a: Roaring Moon\n|-supereffective|p1a: Roaring Moon\n|-end|p1a: Roaring Moon|Substitute\n|\n|-damage|p1a: Roaring Moon|40\/100 tox|[from] psn\n|upkeep\n|turn|35\n|\n|t:|1700317982\n|move|p1a: Roaring Moon|Knock Off|p2a: Magearna\n|-resisted|p2a: Magearna\n|-damage|p2a: Magearna|58\/100\n|-enditem|p2a: Magearna|Leftovers|[from] move: Knock Off|[of] p1a: Roaring Moon\n|move|p2a: Magearna|Draining Kiss|p1a: Roaring Moon\n|-supereffective|p1a: Roaring Moon\n|-damage|p1a: Roaring Moon|0 fnt\n|-heal|p2a: Magearna|87\/100|[from] drain|[of] p1a: Roaring Moon\n|faint|p1a: Roaring Moon\n|-ability|p2a: Magearna|Soul-Heart|boost\n|-boost|p2a: Magearna|spa|1\n|-end|p1a: Roaring Moon|Protosynthesis|[silent]\n|\n|upkeep\n|\n|t:|1700317992\n|switch|p1a: Ursaluna|Ursaluna-Bloodmoon, M|79\/100\n|-status|p1a: Ursaluna|tox\n|turn|36\n|\n|t:|1700318003\n|move|p2a: Magearna|Draining Kiss|p1a: Ursaluna\n|-damage|p1a: Ursaluna|40\/100 tox\n|-heal|p2a: Magearna|100\/100|[from] drain|[of] p1a: Ursaluna\n|move|p1a: Ursaluna|Earth Power|p2a: Magearna\n|-supereffective|p2a: Magearna\n|-damage|p2a: Magearna|5\/100\n|\n|-damage|p1a: Ursaluna|34\/100 tox|[from] psn\n|upkeep\n|turn|37\n|\n|t:|1700318013\n|switch|p1a: Scizor|Scizor, M|47\/100\n|move|p2a: Magearna|Draining Kiss|p1a: Scizor\n|-resisted|p1a: Scizor\n|-damage|p1a: Scizor|26\/100\n|-heal|p2a: Magearna|20\/100|[from] drain|[of] p1a: Scizor\n|\n|upkeep\n|turn|38\n|\n|t:|1700318021\n|move|p1a: Scizor|Bullet Punch|p2a: Magearna\n|-crit|p2a: Magearna\n|-damage|p2a: Magearna|0 fnt\n|faint|p2a: Magearna\n|\n|upkeep\n|\n|t:|1700318026\n|switch|p2a: Alomomola|Alomomola, M|67\/100\n|-damage|p2a: Alomomola|54\/100|[from] Stealth Rock\n|turn|39\n|\n|t:|1700318034\n|move|p1a: Scizor|Bullet Punch|p2a: Alomomola\n|-resisted|p2a: Alomomola\n|-damage|p2a: Alomomola|41\/100\n|move|p2a: Alomomola|Wish|p2a: Alomomola\n|\n|upkeep\n|turn|40\n|\n|t:|1700318038\n|move|p1a: Scizor|Bullet Punch|p2a: Alomomola\n|-resisted|p2a: Alomomola\n|-damage|p2a: Alomomola|27\/100\n|move|p2a: Alomomola|Scald|p1a: Scizor\n|-damage|p1a: Scizor|9\/100\n|\n|-heal|p2a: Alomomola|77\/100|[from] move: Wish|[wisher] Alomomola\n|upkeep\n|turn|41\n|\n|t:|1700318052\n|move|p1a: Scizor|Bullet Punch|p2a: Alomomola\n|-resisted|p2a: Alomomola\n|-damage|p2a: Alomomola|64\/100\n|move|p2a: Alomomola|Wish|p2a: Alomomola\n|\n|upkeep\n|turn|42\n|\n|t:|1700318056\n|move|p1a: Scizor|Bullet Punch|p2a: Alomomola\n|-resisted|p2a: Alomomola\n|-damage|p2a: Alomomola|49\/100\n|move|p2a: Alomomola|Scald|p1a: Scizor\n|-damage|p1a: Scizor|0 fnt\n|faint|p1a: Scizor\n|\n|-heal|p2a: Alomomola|99\/100|[from] move: Wish|[wisher] Alomomola\n|upkeep\n|\n|t:|1700318070\n|switch|p1a: Ursaluna|Ursaluna-Bloodmoon, M|34\/100 tox\n|turn|43\n|\n|t:|1700318076\n|move|p2a: Alomomola|Protect|p2a: Alomomola\n|-singleturn|p2a: Alomomola|Protect\n|move|p1a: Ursaluna|Earth Power|p2a: Alomomola\n|-activate|p2a: Alomomola|move: Protect\n|\n|-damage|p1a: Ursaluna|27\/100 tox|[from] psn\n|upkeep\n|turn|44\n|c|\u2606Shadow2054|gg\n|\n|t:|1700318084\n|switch|p2a: Slowking|Slowking-Galar, F|95\/100\n|move|p1a: Ursaluna|Earth Power|p2a: Slowking\n|-supereffective|p2a: Slowking\n|-damage|p2a: Slowking|10\/100\n|\n|-damage|p1a: Ursaluna|15\/100 tox|[from] psn\n|upkeep\n|turn|45\n|\n|t:|1700318092\n|move|p1a: Ursaluna|Earth Power|p2a: Slowking\n|-supereffective|p2a: Slowking\n|-damage|p2a: Slowking|0 fnt\n|faint|p2a: Slowking\n|\n|-damage|p1a: Ursaluna|0 fnt|[from] psn\n|faint|p1a: Ursaluna\n|\n|win|sword over shield\n|upkeep\n|c|\u2606sword over shield|gg\n","uploadtime":1700318105,"views":32,"p1id":"shadow2054","p2id":"swordovershield","formatid":"gen9ubers","rating":0,"private":0,"password":""}