{"id":"gen9ubers-1971446734","p1":"GratedsShtickface","p2":"Albaz Brand","format":"[Gen 9] Ubers","log":"|j|\u2606GratedsShtickface\n|j|\u2606Albaz Brand\n|t:|1697739166\n|gametype|singles\n|player|p1|GratedsShtickface|hiker-gen4|\n|player|p2|Albaz Brand|bellelba|\n|teamsize|p1|6\n|teamsize|p2|6\n|gen|9\n|tier|[Gen 9] Ubers\n|rule|Sleep Clause Mod: Limit one foe put to sleep\n|rule|Species Clause: Limit one of each Pok\u00e9mon\n|rule|OHKO Clause: OHKO moves are banned\n|rule|Evasion Items Clause: Evasion items are banned\n|rule|Evasion Moves Clause: Evasion moves are banned\n|rule|Endless Battle Clause: Forcing endless battles is banned\n|rule|HP Percentage Mod: HP is shown in percentages\n|clearpoke\n|poke|p1|Garganacl, M|\n|poke|p1|Moltres|\n|poke|p1|Blissey, F|\n|poke|p1|Dondozo, F|\n|poke|p1|Giratina|\n|poke|p1|Shaymin-Sky|\n|poke|p2|Spectrier|\n|poke|p2|Zacian-*|\n|poke|p2|Palkia-Origin|\n|poke|p2|Roaring Moon|\n|poke|p2|Iron Moth|\n|poke|p2|Palafin, F|\n|teampreview\n|inactive|Battle timer is ON: inactive players will automatically lose when time's up. (requested by GratedsShtickface)\n|c|\u2606Albaz Brand|GLHF\n|c|\u2606GratedsShtickface|glhf\n|c|\u2606Albaz Brand|i forgore to load the stall counter lol but lets run it\n|\n|t:|1697739197\n|start\n|switch|p1a: Gargasalt|Garganacl, M|100\/100\n|switch|p2a: Spectrier|Spectrier|100\/100\n|turn|1\n|\n|t:|1697739204\n|move|p2a: Spectrier|Nasty Plot|p2a: Spectrier\n|-boost|p2a: Spectrier|spa|2\n|move|p1a: Gargasalt|Block||[still]\n|-fail|p1a: Gargasalt\n|\n|upkeep\n|turn|2\n|\n|t:|1697739212\n|-terastallize|p2a: Spectrier|Fighting\n|move|p2a: Spectrier|Tera Blast|p1a: Gargasalt|[anim] Tera Blast Fighting\n|-supereffective|p1a: Gargasalt\n|-damage|p1a: Gargasalt|0 fnt\n|faint|p1a: Gargasalt\n|-ability|p2a: Spectrier|Grim Neigh|boost\n|-boost|p2a: Spectrier|spa|1\n|\n|upkeep\n|\n|t:|1697739220\n|switch|p1a: Ivanovna Robotnik|Blissey, F|100\/100\n|turn|3\n|\n|t:|1697739223\n|move|p2a: Spectrier|Tera Blast|p1a: Ivanovna Robotnik|[anim] Tera Blast Fighting\n|-supereffective|p1a: Ivanovna Robotnik\n|-damage|p1a: Ivanovna Robotnik|18\/100\n|move|p1a: Ivanovna Robotnik|Thunder Wave|p2a: Spectrier\n|-status|p2a: Spectrier|par\n|\n|upkeep\n|turn|4\n|\n|t:|1697739228\n|cant|p2a: Spectrier|par\n|move|p1a: Ivanovna Robotnik|Soft-Boiled|p1a: Ivanovna Robotnik\n|-heal|p1a: Ivanovna Robotnik|68\/100\n|\n|upkeep\n|turn|5\n|\n|t:|1697739233\n|switch|p1a: Hecker|Giratina, shiny|100\/100\n|-ability|p1a: Hecker|Pressure\n|cant|p2a: Spectrier|par\n|\n|upkeep\n|turn|6\n|\n|t:|1697739241\n|move|p2a: Spectrier|Shadow Ball|p1a: Hecker\n|-supereffective|p1a: Hecker\n|-damage|p1a: Hecker|3\/100\n|-unboost|p1a: Hecker|spd|1\n|move|p1a: Hecker|Roar|p2a: Spectrier\n|drag|p2a: Zacian|Zacian|100\/100\n|-ability|p2a: Zacian|Intrepid Sword|boost\n|-boost|p2a: Zacian|atk|1\n|\n|upkeep\n|turn|7\n|c|\u2606Albaz Brand|me when para hax lol\n|\n|t:|1697739251\n|switch|p1a: Donbozo|Dondozo, F|100\/100\n|move|p2a: Zacian|Swords Dance|p2a: Zacian\n|-boost|p2a: Zacian|atk|2\n|\n|upkeep\n|turn|8\n|\n|t:|1697739257\n|move|p2a: Zacian|Play Rough|p1a: Donbozo\n|-damage|p1a: Donbozo|75\/100\n|-damage|p2a: Zacian|91\/100|[from] item: Life Orb\n|move|p1a: Donbozo|Curse|p1a: Donbozo\n|-unboost|p1a: Donbozo|spe|1\n|-boost|p1a: Donbozo|atk|1\n|-boost|p1a: Donbozo|def|1\n|\n|-heal|p1a: Donbozo|81\/100|[from] item: Leftovers\n|upkeep\n|turn|9\n|\n|t:|1697739268\n|move|p2a: Zacian|Play Rough|p1a: Donbozo\n|-damage|p1a: Donbozo|63\/100\n|-damage|p2a: Zacian|81\/100|[from] item: Life Orb\n|move|p1a: Donbozo|Liquidation|p2a: Zacian\n|-damage|p2a: Zacian|37\/100\n|-unboost|p2a: Zacian|def|1\n|\n|-heal|p1a: Donbozo|69\/100|[from] item: Leftovers\n|upkeep\n|turn|10\n|\n|t:|1697739282\n|move|p2a: Zacian|Play Rough|p1a: Donbozo\n|-damage|p1a: Donbozo|50\/100\n|-damage|p2a: Zacian|28\/100|[from] item: Life Orb\n|move|p1a: Donbozo|Liquidation|p2a: Zacian\n|-damage|p2a: Zacian|0 fnt\n|faint|p2a: Zacian\n|\n|-heal|p1a: Donbozo|57\/100|[from] item: Leftovers\n|upkeep\n|\n|t:|1697739291\n|switch|p2a: Palkia|Palkia-Origin|100\/100\n|-ability|p2a: Palkia|Pressure\n|turn|11\n|\n|t:|1697739297\n|switch|p1a: Ivanovna Robotnik|Blissey, F|68\/100\n|move|p2a: Palkia|Thunderbolt|p1a: Ivanovna Robotnik\n|-damage|p1a: Ivanovna Robotnik|56\/100\n|\n|upkeep\n|turn|12\n|\n|t:|1697739303\n|switch|p2a: Palafin|Palafin, F|100\/100\n|move|p1a: Ivanovna Robotnik|Thunder Wave|p2a: Palafin\n|-status|p2a: Palafin|par\n|\n|upkeep\n|turn|13\n|\n|t:|1697739314\n|move|p2a: Palafin|Flip Turn|p1a: Ivanovna Robotnik\n|-damage|p1a: Ivanovna Robotnik|21\/100\n|\n|t:|1697739317\n|detailschange|p2a: Palafin|Palafin-Hero, F\n|switch|p2a: Spectrier|Spectrier, tera:Fighting|100\/100 par|[from] Flip Turn\n|move|p1a: Ivanovna Robotnik|Charm|p2a: Spectrier\n|-unboost|p2a: Spectrier|atk|2\n|\n|upkeep\n|turn|14\n|\n|t:|1697739326\n|move|p2a: Spectrier|Shadow Ball|p1a: Ivanovna Robotnik\n|-immune|p1a: Ivanovna Robotnik\n|move|p1a: Ivanovna Robotnik|Soft-Boiled|p1a: Ivanovna Robotnik\n|-heal|p1a: Ivanovna Robotnik|71\/100\n|\n|upkeep\n|turn|15\n|\n|t:|1697739334\n|cant|p2a: Spectrier|par\n|move|p1a: Ivanovna Robotnik|Seismic Toss|p2a: Spectrier\n|-damage|p2a: Spectrier|71\/100 par\n|\n|-heal|p2a: Spectrier|77\/100 par|[from] item: Leftovers\n|upkeep\n|turn|16\n|\n|t:|1697739342\n|switch|p1a: Haxmin|Shaymin-Sky|100\/100\n|move|p2a: Spectrier|Nasty Plot|p2a: Spectrier\n|-boost|p2a: Spectrier|spa|2\n|\n|-heal|p2a: Spectrier|83\/100 par|[from] item: Leftovers\n|upkeep\n|turn|17\n|\n|t:|1697739350\n|move|p1a: Haxmin|Air Slash|p2a: Spectrier\n|-supereffective|p2a: Spectrier\n|-damage|p2a: Spectrier|15\/100 par\n|move|p2a: Spectrier|Draining Kiss|p1a: Haxmin\n|-damage|p1a: Haxmin|58\/100\n|-heal|p2a: Spectrier|52\/100 par|[from] drain|[of] p1a: Haxmin\n|\n|-heal|p1a: Haxmin|64\/100|[from] item: Leftovers\n|-heal|p2a: Spectrier|59\/100 par|[from] item: Leftovers\n|upkeep\n|turn|18\n|\n|t:|1697739358\n|move|p1a: Haxmin|Leech Seed|p2a: Spectrier\n|-start|p2a: Spectrier|move: Leech Seed\n|cant|p2a: Spectrier|par\n|\n|-heal|p1a: Haxmin|70\/100|[from] item: Leftovers\n|-heal|p2a: Spectrier|65\/100 par|[from] item: Leftovers\n|-damage|p2a: Spectrier|52\/100 par|[from] Leech Seed|[of] p1a: Haxmin\n|-heal|p1a: Haxmin|81\/100|[silent]\n|upkeep\n|turn|19\n|\n|t:|1697739366\n|move|p1a: Haxmin|Air Slash|p2a: Spectrier\n|-supereffective|p2a: Spectrier\n|-damage|p2a: Spectrier|0 fnt\n|faint|p2a: Spectrier\n|\n|-heal|p1a: Haxmin|87\/100|[from] item: Leftovers\n|upkeep\n|\n|t:|1697739373\n|switch|p2a: Roaring Moon|Roaring Moon|100\/100\n|-enditem|p2a: Roaring Moon|Booster Energy\n|-activate|p2a: Roaring Moon|ability: Protosynthesis|[fromitem]\n|-start|p2a: Roaring Moon|protosynthesisspe\n|turn|20\n|\n|t:|1697739380\n|switch|p1a: Donbozo|Dondozo, F|57\/100\n|move|p2a: Roaring Moon|Knock Off|p1a: Donbozo\n|-crit|p1a: Donbozo\n|-damage|p1a: Donbozo|21\/100\n|-enditem|p1a: Donbozo|Leftovers|[from] move: Knock Off|[of] p2a: Roaring Moon\n|\n|upkeep\n|turn|21\n|\n|t:|1697739388\n|move|p2a: Roaring Moon|Dragon Claw|p1a: Donbozo\n|-damage|p1a: Donbozo|1\/100\n|move|p1a: Donbozo|Rest|p1a: Donbozo\n|-status|p1a: Donbozo|slp|[from] move: Rest\n|-heal|p1a: Donbozo|100\/100 slp|[silent]\n|\n|upkeep\n|turn|22\n|\n|t:|1697739399\n|move|p2a: Roaring Moon|Dragon Claw|p1a: Donbozo\n|-damage|p1a: Donbozo|81\/100 slp\n|cant|p1a: Donbozo|slp\n|move|p1a: Donbozo|Sleep Talk|p1a: Donbozo\n|move|p1a: Donbozo|Rest||[from]move: Sleep Talk|[still]\n|-fail|p1a: Donbozo\n|\n|upkeep\n|turn|23\n|\n|t:|1697739406\n|move|p2a: Roaring Moon|Dragon Claw|p1a: Donbozo\n|-damage|p1a: Donbozo|62\/100 slp\n|cant|p1a: Donbozo|slp\n|move|p1a: Donbozo|Sleep Talk|p1a: Donbozo\n|move|p1a: Donbozo|Rest||[from]move: Sleep Talk|[still]\n|-fail|p1a: Donbozo\n|\n|upkeep\n|turn|24\n|\n|t:|1697739415\n|move|p2a: Roaring Moon|Dragon Claw|p1a: Donbozo\n|-damage|p1a: Donbozo|44\/100 slp\n|-curestatus|p1a: Donbozo|slp|[msg]\n|move|p1a: Donbozo|Curse|p1a: Donbozo\n|-unboost|p1a: Donbozo|spe|1\n|-boost|p1a: Donbozo|atk|1\n|-boost|p1a: Donbozo|def|1\n|\n|upkeep\n|turn|25\n|\n|t:|1697739428\n|-end|p2a: Roaring Moon|Protosynthesis|[silent]\n|switch|p2a: Palkia|Palkia-Origin|100\/100\n|-ability|p2a: Palkia|Pressure\n|move|p1a: Donbozo|Curse|p1a: Donbozo\n|-unboost|p1a: Donbozo|spe|1\n|-boost|p1a: Donbozo|atk|1\n|-boost|p1a: Donbozo|def|1\n|\n|upkeep\n|turn|26\n|\n|t:|1697739436\n|switch|p1a: Ivanovna Robotnik|Blissey, F|71\/100\n|move|p2a: Palkia|Spacial Rend|p1a: Ivanovna Robotnik\n|-damage|p1a: Ivanovna Robotnik|47\/100\n|\n|upkeep\n|turn|27\n|\n|t:|1697739442\n|switch|p2a: Palafin|Palafin-Hero, F|100\/100 par\n|-activate|p2a: Palafin|ability: Zero to Hero\n|move|p1a: Ivanovna Robotnik|Thunder Wave|p2a: Palafin\n|-fail|p2a: Palafin|par\n|\n|upkeep\n|turn|28\n|\n|t:|1697739449\n|switch|p1a: Donbozo|Dondozo, F|44\/100\n|move|p2a: Palafin|Wave Crash|p1a: Donbozo\n|-resisted|p1a: Donbozo\n|-damage|p1a: Donbozo|16\/100\n|-damage|p2a: Palafin|87\/100 par|[from] Recoil\n|\n|upkeep\n|turn|29\n|\n|t:|1697739457\n|switch|p1a: Hecker|Giratina, shiny|3\/100\n|-ability|p1a: Hecker|Pressure\n|move|p2a: Palafin|Wave Crash|p1a: Hecker\n|-resisted|p1a: Hecker\n|-damage|p1a: Hecker|0 fnt\n|faint|p1a: Hecker\n|-damage|p2a: Palafin|85\/100 par|[from] Recoil\n|\n|upkeep\n|\n|t:|1697739462\n|switch|p1a: Haxmin|Shaymin-Sky|87\/100\n|turn|30\n|\n|t:|1697739468\n|move|p1a: Haxmin|Substitute|p1a: Haxmin\n|-start|p1a: Haxmin|Substitute\n|-damage|p1a: Haxmin|62\/100\n|move|p2a: Palafin|Wave Crash|p1a: Haxmin\n|-resisted|p1a: Haxmin\n|-crit|p1a: Haxmin\n|-end|p1a: Haxmin|Substitute\n|-damage|p2a: Palafin|76\/100 par|[from] Recoil|[of] p1a: Haxmin\n|\n|-heal|p1a: Haxmin|68\/100|[from] item: Leftovers\n|upkeep\n|turn|31\n|\n|t:|1697739478\n|move|p1a: Haxmin|Leech Seed|p2a: Palafin\n|-start|p2a: Palafin|move: Leech Seed\n|move|p2a: Palafin|Wave Crash|p1a: Haxmin\n|-resisted|p1a: Haxmin\n|-damage|p1a: Haxmin|1\/100\n|-damage|p2a: Palafin|49\/100 par|[from] Recoil\n|\n|-heal|p1a: Haxmin|7\/100|[from] item: Leftovers\n|-damage|p2a: Palafin|37\/100 par|[from] Leech Seed|[of] p1a: Haxmin\n|-heal|p1a: Haxmin|18\/100|[silent]\n|upkeep\n|turn|32\n|c|\u2606Albaz Brand|did crit matter?\n|c|\u2606GratedsShtickface|probably not\n|c|\u2606Albaz Brand|yeh palafin is him\n|\n|t:|1697739505\n|switch|p1a: Donbozo|Dondozo, F|16\/100\n|move|p2a: Palafin|Wave Crash|p1a: Donbozo\n|-resisted|p1a: Donbozo\n|-damage|p1a: Donbozo|0 fnt\n|faint|p1a: Donbozo\n|-damage|p2a: Palafin|30\/100 par|[from] Recoil\n|\n|upkeep\n|\n|t:|1697739512\n|switch|p1a: Chicken for KFC|Moltres|100\/100\n|turn|33\n|\n|t:|1697739516\n|move|p1a: Chicken for KFC|U-turn|p2a: Palafin\n|-damage|p2a: Palafin|15\/100 par\n|\n|t:|1697739520\n|switch|p1a: Ivanovna Robotnik|Blissey, F|47\/100|[from] U-turn\n|move|p2a: Palafin|Wave Crash|p1a: Ivanovna Robotnik\n|-damage|p1a: Ivanovna Robotnik|0 fnt\n|faint|p1a: Ivanovna Robotnik\n|-damage|p2a: Palafin|0 fnt|[from] Recoil\n|faint|p2a: Palafin\n|\n|upkeep\n|\n|t:|1697739528\n|switch|p2a: Roaring Moon|Roaring Moon|100\/100\n|switch|p1a: Haxmin|Shaymin-Sky|18\/100\n|turn|34\n|\n|t:|1697739532\n|move|p1a: Haxmin|Air Slash|p2a: Roaring Moon\n|-damage|p2a: Roaring Moon|73\/100\n|cant|p2a: Roaring Moon|flinch\n|\n|-heal|p1a: Haxmin|24\/100|[from] item: Leftovers\n|upkeep\n|turn|35\n|\n|t:|1697739539\n|move|p1a: Haxmin|Air Slash|p2a: Roaring Moon\n|-damage|p2a: Roaring Moon|46\/100\n|cant|p2a: Roaring Moon|flinch\n|\n|-heal|p1a: Haxmin|30\/100|[from] item: Leftovers\n|upkeep\n|turn|36\n|\n|t:|1697739543\n|move|p1a: Haxmin|Air Slash|p2a: Roaring Moon\n|-damage|p2a: Roaring Moon|17\/100\n|cant|p2a: Roaring Moon|flinch\n|\n|-heal|p1a: Haxmin|36\/100|[from] item: Leftovers\n|upkeep\n|turn|37\n|c|\u2606Albaz Brand|nah\n|\n|t:|1697739553\n|move|p1a: Haxmin|Air Slash|p2a: Roaring Moon\n|-damage|p2a: Roaring Moon|0 fnt\n|faint|p2a: Roaring Moon\n|-end|p2a: Roaring Moon|Protosynthesis|[silent]\n|\n|-heal|p1a: Haxmin|43\/100|[from] item: Leftovers\n|upkeep\n|c|\u2606Albaz Brand|no the shay min 1v1\n|\n|t:|1697739558\n|switch|p2a: Iron Moth|Iron Moth|100\/100\n|-enditem|p2a: Iron Moth|Booster Energy\n|-activate|p2a: Iron Moth|ability: Quark Drive|[fromitem]\n|-start|p2a: Iron Moth|quarkdrivespe\n|turn|38\n|\n|t:|1697739563\n|switch|p1a: Chicken for KFC|Moltres|100\/100\n|move|p2a: Iron Moth|Fiery Dance|p1a: Chicken for KFC\n|-resisted|p1a: Chicken for KFC\n|-damage|p1a: Chicken for KFC|80\/100\n|-boost|p2a: Iron Moth|spa|1\n|\n|upkeep\n|turn|39\n|\n|t:|1697739570\n|move|p2a: Iron Moth|Sludge Wave|p1a: Chicken for KFC\n|-damage|p1a: Chicken for KFC|8\/100\n|move|p1a: Chicken for KFC|Flamethrower|p2a: Iron Moth\n|-resisted|p2a: Iron Moth\n|-damage|p2a: Iron Moth|82\/100\n|\n|upkeep\n|turn|40\n|\n|t:|1697739575\n|move|p2a: Iron Moth|Sludge Wave|p1a: Chicken for KFC\n|-damage|p1a: Chicken for KFC|0 fnt\n|faint|p1a: Chicken for KFC\n|\n|upkeep\n|\n|t:|1697739578\n|switch|p1a: Haxmin|Shaymin-Sky|43\/100\n|turn|41\n|\n|t:|1697739581\n|move|p2a: Iron Moth|Fiery Dance|p1a: Haxmin\n|-supereffective|p1a: Haxmin\n|-damage|p1a: Haxmin|0 fnt\n|faint|p1a: Haxmin\n|\n|win|Albaz Brand\n|c|\u2606GratedsShtickface|gg\n|c|\u2606Albaz Brand|GGs\n|c|\u2606Albaz Brand|how did it perform\n|c|\u2606Albaz Brand|post the replay btw just a reminder\n|c|\u2606GratedsShtickface|pretty good tbh\n|c|\u2606Albaz Brand|yeah forced lots of my brain to beat it lmaoo\n|l|\u2606GratedsShtickface\n|j|\u2606GratedsShtickface\n|player|p1|GratedsShtickface|hiker-gen4\n|l|\u2606GratedsShtickface\n|player|p1|\n","uploadtime":1697739588,"views":12,"p1id":"gratedsshtickface","p2id":"albazbrand","formatid":"gen9ubers","rating":0,"private":0,"password":""}