{"id":"gen9ubers-1991734325","p1":"Laxwood","p2":"RyRy01","format":"[Gen 9] Ubers","log":"|j|\u2606Laxwood\n|j|\u2606RyRy01\n|t:|1700108562\n|gametype|singles\n|player|p1|Laxwood|101|\n|player|p2|RyRy01|roxie|\n|teamsize|p1|6\n|teamsize|p2|6\n|gen|9\n|tier|[Gen 9] Ubers\n|rule|Sleep Clause Mod: Limit one foe put to sleep\n|rule|Species Clause: Limit one of each Pok\u00e9mon\n|rule|OHKO Clause: OHKO moves are banned\n|rule|Evasion Items Clause: Evasion items are banned\n|rule|Evasion Moves Clause: Evasion moves are banned\n|rule|Endless Battle Clause: Forcing endless battles is banned\n|rule|HP Percentage Mod: HP is shown in percentages\n|clearpoke\n|poke|p1|Urshifu-*, M|\n|poke|p1|Zacian-*|\n|poke|p1|Landorus, M|\n|poke|p1|Gliscor, F|\n|poke|p1|Chi-Yu|\n|poke|p1|Regieleki|\n|poke|p2|Ninetales-Alola, M|\n|poke|p2|Kingambit, F|\n|poke|p2|Baxcalibur, F|\n|poke|p2|Hatterene, F|\n|poke|p2|Calyrex-Ice|\n|poke|p2|Ursaluna-Bloodmoon, M|\n|teampreview\n|\n|t:|1700108568\n|start\n|switch|p1a: Zacian|Zacian-Crowned|100\/100\n|switch|p2a: Ninetales|Ninetales-Alola, M|100\/100\n|-ability|p1a: Zacian|Intrepid Sword|boost\n|-boost|p1a: Zacian|atk|1\n|-weather|Snow|[from] ability: Snow Warning|[of] p2a: Ninetales\n|turn|1\n|\n|t:|1700108570\n|move|p1a: Zacian|Swords Dance|p1a: Zacian\n|-boost|p1a: Zacian|atk|2\n|move|p2a: Ninetales|Aurora Veil|p2a: Ninetales\n|-sidestart|p2: RyRy01|move: Aurora Veil\n|\n|-weather|Snow|[upkeep]\n|upkeep\n|turn|2\n|\n|t:|1700108576\n|move|p1a: Zacian|Behemoth Blade|p2a: Ninetales\n|-supereffective|p2a: Ninetales\n|-damage|p2a: Ninetales|0 fnt\n|faint|p2a: Ninetales\n|\n|-weather|Snow|[upkeep]\n|upkeep\n|\n|t:|1700108581\n|switch|p2a: Hatterene|Hatterene, F|100\/100\n|turn|3\n|\n|t:|1700108589\n|-terastallize|p1a: Zacian|Fire\n|move|p1a: Zacian|Behemoth Blade|p2a: Hatterene\n|-supereffective|p2a: Hatterene\n|-enditem|p2a: Hatterene|Focus Sash\n|-damage|p2a: Hatterene|1\/100\n|move|p2a: Hatterene|Trick Room|p2a: Hatterene\n|-fieldstart|move: Trick Room|[of] p2a: Hatterene\n|\n|-weather|Snow|[upkeep]\n|upkeep\n|turn|4\n|\n|t:|1700108604\n|switch|p2a: Calyrex|Calyrex-Ice|100\/100\n|-ability|p2a: Calyrex|As One\n|-ability|p2a: Calyrex|Unnerve\n|move|p1a: Zacian|Play Rough|p2a: Calyrex\n|-damage|p2a: Calyrex|73\/100\n|\n|-weather|Snow|[upkeep]\n|upkeep\n|turn|5\n|\n|t:|1700108613\n|move|p2a: Calyrex|Swords Dance|p2a: Calyrex\n|-boost|p2a: Calyrex|atk|2\n|move|p1a: Zacian|Tera Blast|p2a: Calyrex|[anim] Tera Blast Fire\n|-supereffective|p2a: Calyrex\n|-damage|p2a: Calyrex|25\/100\n|\n|-weather|none\n|upkeep\n|turn|6\n|\n|t:|1700108617\n|move|p2a: Calyrex|High Horsepower|p1a: Zacian\n|-supereffective|p1a: Zacian\n|-damage|p1a: Zacian|0 fnt\n|faint|p1a: Zacian\n|-ability|p2a: Calyrex|Chilling Neigh|boost\n|-boost|p2a: Calyrex|atk|1\n|\n|upkeep\n|\n|t:|1700108623\n|switch|p1a: Chi-Yu|Chi-Yu|100\/100\n|-ability|p1a: Chi-Yu|Beads of Ruin\n|turn|7\n|\n|t:|1700108627\n|move|p2a: Calyrex|Glacial Lance|p1a: Chi-Yu\n|-resisted|p1a: Chi-Yu\n|-damage|p1a: Chi-Yu|0 fnt\n|faint|p1a: Chi-Yu\n|-ability|p2a: Calyrex|Chilling Neigh|boost\n|-boost|p2a: Calyrex|atk|1\n|\n|-fieldend|move: Trick Room\n|upkeep\n|\n|t:|1700108636\n|switch|p1a: Urshifu|Urshifu, M|100\/100\n|turn|8\n|\n|t:|1700108644\n|move|p1a: Urshifu|Wicked Blow|p2a: Calyrex\n|-supereffective|p2a: Calyrex\n|-crit|p2a: Calyrex\n|-damage|p2a: Calyrex|0 fnt\n|faint|p2a: Calyrex\n|\n|-sideend|p2: RyRy01|move: Aurora Veil\n|upkeep\n|\n|t:|1700108649\n|switch|p2a: Ursaluna|Ursaluna-Bloodmoon, M|100\/100\n|turn|9\n|\n|t:|1700108657\n|move|p1a: Urshifu|Swords Dance|p1a: Urshifu\n|-boost|p1a: Urshifu|atk|2\n|move|p2a: Ursaluna|Blood Moon|p1a: Urshifu\n|-damage|p1a: Urshifu|0 fnt\n|faint|p1a: Urshifu\n|\n|upkeep\n|\n|t:|1700108667\n|switch|p1a: Landorus|Landorus, M|100\/100\n|turn|10\n|\n|t:|1700108669\n|move|p1a: Landorus|Focus Blast|p2a: Ursaluna\n|-supereffective|p2a: Ursaluna\n|-damage|p2a: Ursaluna|0 fnt\n|faint|p2a: Ursaluna\n|\n|upkeep\n|\n|t:|1700108750\n|switch|p2a: Baxcalibur|Baxcalibur, F|100\/100\n|turn|11\n|l|\u2606RyRy01\n|player|p2|\n|j|\u2606RyRy01\n|player|p2|RyRy01|roxie\n|\n|t:|1700108785\n|move|p1a: Landorus|Focus Blast|p2a: Baxcalibur\n|-supereffective|p2a: Baxcalibur\n|-damage|p2a: Baxcalibur|0 fnt\n|faint|p2a: Baxcalibur\n|\n|upkeep\n|\n|t:|1700108792\n|switch|p2a: Hatterene|Hatterene, F|1\/100\n|turn|12\n|\n|t:|1700108796\n|move|p1a: Landorus|Psychic|p2a: Hatterene\n|-resisted|p2a: Hatterene\n|-damage|p2a: Hatterene|0 fnt\n|faint|p2a: Hatterene\n|\n|upkeep\n|\n|t:|1700108798\n|switch|p2a: Kingambit|Kingambit, F|100\/100\n|-activate|p2a: Kingambit|ability: Supreme Overlord\n|-start|p2a: Kingambit|fallen5|[silent]\n|turn|13\n|\n|t:|1700108807\n|switch|p1a: Gliscor|Gliscor, F|100\/100\n|-terastallize|p2a: Kingambit|Dark\n|move|p2a: Kingambit|Sucker Punch||[still]\n|-fail|p2a: Kingambit\n|\n|-status|p1a: Gliscor|tox|[from] item: Toxic Orb\n|upkeep\n|turn|14\n|\n|t:|1700108815\n|move|p1a: Gliscor|Toxic|p2a: Kingambit\n|-status|p2a: Kingambit|tox\n|-enditem|p2a: Kingambit|Lum Berry|[eat]\n|-curestatus|p2a: Kingambit|tox|[msg]\n|move|p2a: Kingambit|Kowtow Cleave|p1a: Gliscor\n|-damage|p1a: Gliscor|38\/100 tox\n|\n|-heal|p1a: Gliscor|51\/100 tox|[from] ability: Poison Heal\n|upkeep\n|turn|15\n|\n|t:|1700108824\n|move|p1a: Gliscor|Toxic|p2a: Kingambit\n|-status|p2a: Kingambit|tox\n|move|p2a: Kingambit|Kowtow Cleave|p1a: Gliscor\n|-damage|p1a: Gliscor|0 fnt\n|faint|p1a: Gliscor\n|\n|-damage|p2a: Kingambit|94\/100 tox|[from] psn\n|upkeep\n|\n|t:|1700108830\n|switch|p1a: Regieleki|Regieleki|100\/100\n|turn|16\n|\n|t:|1700108833\n|move|p1a: Regieleki|Reflect|p1a: Regieleki\n|-sidestart|p1: Laxwood|Reflect\n|move|p2a: Kingambit|Kowtow Cleave|p1a: Regieleki\n|-damage|p1a: Regieleki|17\/100\n|\n|-damage|p2a: Kingambit|82\/100 tox|[from] psn\n|upkeep\n|turn|17\n|\n|t:|1700108839\n|move|p2a: Kingambit|Sucker Punch|p1a: Regieleki\n|-damage|p1a: Regieleki|0 fnt\n|faint|p1a: Regieleki\n|\n|-damage|p2a: Kingambit|64\/100 tox|[from] psn\n|upkeep\n|\n|t:|1700108843\n|switch|p1a: Landorus|Landorus, M|100\/100\n|turn|18\n|\n|t:|1700108846\n|move|p2a: Kingambit|Sucker Punch|p1a: Landorus\n|-crit|p1a: Landorus\n|-damage|p1a: Landorus|0 fnt\n|faint|p1a: Landorus\n|\n|win|RyRy01\n|l|\u2606Laxwood\n","uploadtime":1700108853,"views":7,"p1id":"laxwood","p2id":"ryry01","formatid":"gen9ubers","rating":0,"private":0,"password":""}