{"id":"gen9ubers-1994823429","p1":"SokaMobileX","p2":"JaySwifty25","format":"[Gen 9] Ubers","log":"|j|\u2606SokaMobileX\n|j|\u2606JaySwifty25\n|t:|1700496115\n|gametype|singles\n|player|p1|SokaMobileX|cilan|1279\n|player|p2|JaySwifty25|hilda-wonderlauncher|1368\n|teamsize|p1|6\n|teamsize|p2|6\n|gen|9\n|tier|[Gen 9] Ubers\n|rated|\n|rule|Sleep Clause Mod: Limit one foe put to sleep\n|rule|Species Clause: Limit one of each Pok\u00e9mon\n|rule|OHKO Clause: OHKO moves are banned\n|rule|Evasion Items Clause: Evasion items are banned\n|rule|Evasion Moves Clause: Evasion moves are banned\n|rule|Endless Battle Clause: Forcing endless battles is banned\n|rule|HP Percentage Mod: HP is shown in percentages\n|clearpoke\n|poke|p1|Gliscor, F|\n|poke|p1|Chien-Pao|\n|poke|p1|Kyogre|\n|poke|p1|Koraidon|\n|poke|p1|Arceus|\n|poke|p1|Zacian-*|\n|poke|p2|Baxcalibur, M|\n|poke|p2|Basculegion, M|\n|poke|p2|Zacian-*|\n|poke|p2|Ribombee, M|\n|poke|p2|Ting-Lu|\n|poke|p2|Skeledirge, F|\n|teampreview\n|\n|t:|1700496138\n|start\n|switch|p1a: The Kyogre Virus|Kyogre|100\/100\n|switch|p2a: Sticky-Vicky|Ribombee, M|100\/100\n|-weather|RainDance|[from] ability: Drizzle|[of] p1a: The Kyogre Virus\n|turn|1\n|\n|t:|1700496145\n|move|p1a: The Kyogre Virus|Water Spout|p2a: Sticky-Vicky\n|-enditem|p2a: Sticky-Vicky|Focus Sash\n|-damage|p2a: Sticky-Vicky|1\/100\n|move|p2a: Sticky-Vicky|Sticky Web|p1a: The Kyogre Virus\n|-sidestart|p1: SokaMobileX|move: Sticky Web\n|\n|-weather|RainDance|[upkeep]\n|upkeep\n|turn|2\n|\n|t:|1700496152\n|move|p1a: The Kyogre Virus|Water Spout|p2a: Sticky-Vicky\n|-damage|p2a: Sticky-Vicky|0 fnt\n|faint|p2a: Sticky-Vicky\n|\n|-weather|RainDance|[upkeep]\n|upkeep\n|\n|t:|1700496165\n|switch|p2a: Vector|Skeledirge, F|100\/100\n|turn|3\n|\n|t:|1700496174\n|-terastallize|p2a: Vector|Water\n|move|p1a: The Kyogre Virus|Water Spout|p2a: Vector\n|-resisted|p2a: Vector\n|-damage|p2a: Vector|55\/100\n|move|p2a: Vector|Will-O-Wisp|p1a: The Kyogre Virus|[miss]\n|-miss|p2a: Vector|p1a: The Kyogre Virus\n|\n|-weather|RainDance|[upkeep]\n|upkeep\n|turn|4\n|\n|t:|1700496207\n|move|p1a: The Kyogre Virus|Water Spout|p2a: Vector\n|-resisted|p2a: Vector\n|-damage|p2a: Vector|4\/100\n|move|p2a: Vector|Slack Off|p2a: Vector\n|-heal|p2a: Vector|55\/100\n|\n|-weather|RainDance|[upkeep]\n|upkeep\n|turn|5\n|\n|t:|1700496214\n|move|p1a: The Kyogre Virus|Water Spout|p2a: Vector\n|-resisted|p2a: Vector\n|-damage|p2a: Vector|10\/100\n|move|p2a: Vector|Torch Song|p1a: The Kyogre Virus\n|-resisted|p1a: The Kyogre Virus\n|-damage|p1a: The Kyogre Virus|96\/100\n|-boost|p2a: Vector|spa|1\n|\n|-weather|none\n|upkeep\n|turn|6\n|\n|t:|1700496219\n|move|p1a: The Kyogre Virus|Water Spout|p2a: Vector\n|-resisted|p2a: Vector\n|-damage|p2a: Vector|0 fnt\n|faint|p2a: Vector\n|\n|upkeep\n|\n|t:|1700496222\n|switch|p2a: Davey Jones|Basculegion, M|100\/100\n|turn|7\n|\n|t:|1700496227\n|move|p1a: The Kyogre Virus|Water Spout|p2a: Davey Jones\n|-resisted|p2a: Davey Jones\n|-damage|p2a: Davey Jones|55\/100\n|move|p2a: Davey Jones|Last Respects|p1a: The Kyogre Virus\n|-damage|p1a: The Kyogre Virus|0 fnt\n|faint|p1a: The Kyogre Virus\n|\n|upkeep\n|\n|t:|1700496237\n|switch|p1a: Arceus|Arceus|100\/100\n|-activate|p1a: Arceus|move: Sticky Web\n|-unboost|p1a: Arceus|spe|1\n|turn|8\n|\n|t:|1700496262\n|switch|p2a: ...|Ting-Lu|100\/100\n|-ability|p2a: ...|Vessel of Ruin\n|move|p1a: Arceus|Swords Dance|p1a: Arceus\n|-boost|p1a: Arceus|atk|2\n|\n|upkeep\n|turn|9\n|\n|t:|1700496276\n|-terastallize|p1a: Arceus|Normal\n|move|p1a: Arceus|Extreme Speed|p2a: ...\n|-damage|p2a: ...|44\/100\n|move|p2a: ...|Stealth Rock|p1a: Arceus\n|-sidestart|p1: SokaMobileX|move: Stealth Rock\n|\n|upkeep\n|turn|10\n|\n|t:|1700496284\n|move|p1a: Arceus|Extreme Speed|p2a: ...\n|-crit|p2a: ...\n|-damage|p2a: ...|0 fnt\n|faint|p2a: ...\n|\n|upkeep\n|\n|t:|1700496288\n|switch|p2a: Doge|Zacian-Crowned|100\/100\n|-ability|p2a: Doge|Intrepid Sword|boost\n|-boost|p2a: Doge|atk|1\n|turn|11\n|\n|t:|1700496293\n|move|p2a: Doge|Sacred Sword|p1a: Arceus\n|-supereffective|p1a: Arceus\n|-crit|p1a: Arceus\n|-damage|p1a: Arceus|0 fnt\n|faint|p1a: Arceus\n|\n|upkeep\n|\n|t:|1700496297\n|switch|p1a: Goat-scor|Gliscor, F|100\/100\n|-damage|p1a: Goat-scor|88\/100|[from] Stealth Rock\n|turn|12\n|\n|t:|1700496302\n|move|p2a: Doge|Swords Dance|p2a: Doge\n|-boost|p2a: Doge|atk|2\n|move|p1a: Goat-scor|Earthquake|p2a: Doge\n|-supereffective|p2a: Doge\n|-damage|p2a: Doge|36\/100\n|\n|-status|p1a: Goat-scor|tox|[from] item: Toxic Orb\n|upkeep\n|turn|13\n|\n|t:|1700496311\n|move|p1a: Goat-scor|Protect|p1a: Goat-scor\n|-singleturn|p1a: Goat-scor|Protect\n|move|p2a: Doge|Play Rough|p1a: Goat-scor\n|-activate|p1a: Goat-scor|move: Protect\n|\n|-heal|p1a: Goat-scor|100\/100 tox|[from] ability: Poison Heal\n|upkeep\n|turn|14\n|\n|t:|1700496320\n|move|p2a: Doge|Play Rough|p1a: Goat-scor\n|-damage|p1a: Goat-scor|14\/100 tox\n|-unboost|p1a: Goat-scor|atk|1\n|move|p1a: Goat-scor|Earthquake|p2a: Doge\n|-supereffective|p2a: Doge\n|-damage|p2a: Doge|0 fnt\n|faint|p2a: Doge\n|\n|-heal|p1a: Goat-scor|26\/100 tox|[from] ability: Poison Heal\n|upkeep\n|\n|t:|1700496324\n|switch|p2a: Glaive Rusher|Baxcalibur, M|100\/100\n|turn|15\n|\n|t:|1700496327\n|move|p2a: Glaive Rusher|Ice Shard|p1a: Goat-scor\n|-supereffective|p1a: Goat-scor\n|-crit|p1a: Goat-scor\n|-damage|p1a: Goat-scor|0 fnt\n|faint|p1a: Goat-scor\n|\n|upkeep\n|\n|t:|1700496341\n|switch|p1a: Zackary|Zacian-Crowned|100\/100\n|-activate|p1a: Zackary|move: Sticky Web\n|-unboost|p1a: Zackary|spe|1\n|-damage|p1a: Zackary|94\/100|[from] Stealth Rock\n|-ability|p1a: Zackary|Intrepid Sword|boost\n|-boost|p1a: Zackary|atk|1\n|turn|16\n|\n|t:|1700496353\n|move|p2a: Glaive Rusher|Earthquake|p1a: Zackary\n|-supereffective|p1a: Zackary\n|-damage|p1a: Zackary|21\/100\n|move|p1a: Zackary|Behemoth Blade|p2a: Glaive Rusher\n|-supereffective|p2a: Glaive Rusher\n|-damage|p2a: Glaive Rusher|0 fnt\n|faint|p2a: Glaive Rusher\n|\n|upkeep\n|\n|t:|1700496356\n|switch|p2a: Davey Jones|Basculegion, M|55\/100\n|turn|17\n|\n|t:|1700496363\n|move|p2a: Davey Jones|Last Respects|p1a: Zackary\n|-damage|p1a: Zackary|0 fnt\n|faint|p1a: Zackary\n|\n|upkeep\n|\n|t:|1700496370\n|switch|p1a: Drastic Measures|Chien-Pao|100\/100\n|-activate|p1a: Drastic Measures|move: Sticky Web\n|-unboost|p1a: Drastic Measures|spe|1\n|-damage|p1a: Drastic Measures|76\/100|[from] Stealth Rock\n|-ability|p1a: Drastic Measures|Sword of Ruin\n|turn|18\n|\n|t:|1700496389\n|move|p2a: Davey Jones|Last Respects|p1a: Drastic Measures\n|-resisted|p1a: Drastic Measures\n|-damage|p1a: Drastic Measures|0 fnt\n|faint|p1a: Drastic Measures\n|\n|upkeep\n|\n|t:|1700496393\n|switch|p1a: Reginald Mathews|Koraidon|100\/100\n|-activate|p1a: Reginald Mathews|move: Sticky Web\n|-unboost|p1a: Reginald Mathews|spe|1\n|-damage|p1a: Reginald Mathews|94\/100|[from] Stealth Rock\n|-weather|SunnyDay|[from] ability: Orichalcum Pulse|[of] p1a: Reginald Mathews\n|-activate|p1a: Reginald Mathews|Orichalcum Pulse|[source]\n|turn|19\n|c|\u2606JaySwifty25|...\n|c|\u2606JaySwifty25|no sucker punch?\n|\n|t:|1700496403\n|move|p2a: Davey Jones|Last Respects|p1a: Reginald Mathews\n|-damage|p1a: Reginald Mathews|0 fnt\n|faint|p1a: Reginald Mathews\n|\n|win|JaySwifty25\n|raw|SokaMobileX's rating: 1279 &rarr; <strong>1258<\/strong><br \/>(-21 for losing)\n|raw|JaySwifty25's rating: 1341 &rarr; <strong>1357<\/strong><br \/>(+16 for winning)\n|c|\u2606SokaMobileX|nah\n|c|\u2606SokaMobileX|i run crunch\n|c|\u2606JaySwifty25|couldve won\n|c|\u2606SokaMobileX|should run sucker tho\n|l|\u2606SokaMobileX\n","uploadtime":1700496425,"views":4,"p1id":"sokamobilex","p2id":"jayswifty25","formatid":"gen9ubers","rating":1258,"private":0,"password":""}