{"id":"gen9ubers-1975003190","p1":"shirosakiaoi","p2":"skarthi53skarthi","format":"[Gen 9] Ubers","log":"|j|\u2606shirosakiaoi\n|j|\u2606skarthi53skarthi\n|t:|1698153998\n|gametype|singles\n|player|p1|shirosakiaoi|1|1086\n|player|p2|skarthi53skarthi|n|1127\n|teamsize|p1|6\n|teamsize|p2|6\n|gen|9\n|tier|[Gen 9] Ubers\n|rated|\n|rule|Sleep Clause Mod: Limit one foe put to sleep\n|rule|Species Clause: Limit one of each Pok\u00e9mon\n|rule|OHKO Clause: OHKO moves are banned\n|rule|Evasion Items Clause: Evasion items are banned\n|rule|Evasion Moves Clause: Evasion moves are banned\n|rule|Endless Battle Clause: Forcing endless battles is banned\n|rule|HP Percentage Mod: HP is shown in percentages\n|clearpoke\n|poke|p1|Baxcalibur, M|\n|poke|p1|Annihilape, M|\n|poke|p1|Landorus, M|\n|poke|p1|Espathra, M|\n|poke|p1|Flutter Mane|\n|poke|p1|Miraidon|\n|poke|p2|Kingambit, F|\n|poke|p2|Iron Hands|\n|poke|p2|Cinderace, F|\n|poke|p2|Gastly, L1, M|\n|poke|p2|Lucario, F|\n|poke|p2|Ducklett, L1, F|\n|teampreview\n|inactive|Battle timer is ON: inactive players will automatically lose when time's up. (requested by shirosakiaoi)\n|\n|t:|1698154024\n|start\n|switch|p1a: Miraidon|Miraidon|100\/100\n|switch|p2a: Gastly|Gastly, L1, M|100\/100\n|-fieldstart|move: Electric Terrain|[from] ability: Hadron Engine|[of] p1a: Miraidon\n|turn|1\n|\n|t:|1698154030\n|move|p1a: Miraidon|Volt Switch|p2a: Gastly\n|-enditem|p2a: Gastly|Focus Sash\n|-damage|p2a: Gastly|10\/100\n|\n|t:|1698154036\n|switch|p1a: Sky Bri|Espathra, M|100\/100|[from] Volt Switch\n|move|p2a: Gastly|Trick Room|p2a: Gastly\n|-fieldstart|move: Trick Room|[of] p2a: Gastly\n|\n|upkeep\n|turn|2\n|\n|t:|1698154047\n|move|p2a: Gastly|Destiny Bond|p2a: Gastly\n|-singlemove|p2a: Gastly|Destiny Bond\n|move|p1a: Sky Bri|Calm Mind|p1a: Sky Bri\n|-boost|p1a: Sky Bri|spa|1\n|-boost|p1a: Sky Bri|spd|1\n|\n|-ability|p1a: Sky Bri|Speed Boost|boost\n|-boost|p1a: Sky Bri|spe|1\n|upkeep\n|turn|3\n|\n|t:|1698154054\n|move|p2a: Gastly|Destiny Bond||[still]\n|-fail|p2a: Gastly\n|move|p1a: Sky Bri|Calm Mind|p1a: Sky Bri\n|-boost|p1a: Sky Bri|spa|1\n|-boost|p1a: Sky Bri|spd|1\n|\n|-ability|p1a: Sky Bri|Speed Boost|boost\n|-boost|p1a: Sky Bri|spe|1\n|upkeep\n|turn|4\n|\n|t:|1698154060\n|move|p2a: Gastly|Destiny Bond|p2a: Gastly\n|-singlemove|p2a: Gastly|Destiny Bond\n|move|p1a: Sky Bri|Calm Mind|p1a: Sky Bri\n|-boost|p1a: Sky Bri|spa|1\n|-boost|p1a: Sky Bri|spd|1\n|\n|-ability|p1a: Sky Bri|Speed Boost|boost\n|-boost|p1a: Sky Bri|spe|1\n|upkeep\n|turn|5\n|c|\u2606shirosakiaoi|now wut?\n|\n|t:|1698154067\n|move|p2a: Gastly|Shadow Ball|p1a: Sky Bri\n|-supereffective|p1a: Sky Bri\n|-damage|p1a: Sky Bri|99\/100\n|move|p1a: Sky Bri|Calm Mind|p1a: Sky Bri\n|-boost|p1a: Sky Bri|spa|1\n|-boost|p1a: Sky Bri|spd|1\n|\n|-heal|p1a: Sky Bri|100\/100|[from] item: Leftovers\n|-fieldend|move: Trick Room\n|-fieldend|move: Electric Terrain\n|-ability|p1a: Sky Bri|Speed Boost|boost\n|-boost|p1a: Sky Bri|spe|1\n|upkeep\n|turn|6\n|\n|t:|1698154077\n|move|p1a: Sky Bri|Stored Power|p2a: Gastly\n|-supereffective|p2a: Gastly\n|-damage|p2a: Gastly|0 fnt\n|faint|p2a: Gastly\n|\n|-ability|p1a: Sky Bri|Speed Boost|boost\n|-boost|p1a: Sky Bri|spe|1\n|upkeep\n|\n|t:|1698154086\n|switch|p2a: Ducklett|Ducklett, L1, F|100\/100\n|turn|7\n|\n|t:|1698154090\n|move|p1a: Sky Bri|Stored Power|p2a: Ducklett\n|-enditem|p2a: Ducklett|Focus Sash\n|-damage|p2a: Ducklett|8\/100\n|move|p2a: Ducklett|Endeavor|p1a: Sky Bri\n|-damage|p1a: Sky Bri|1\/100\n|\n|-heal|p1a: Sky Bri|7\/100|[from] item: Leftovers\n|-ability|p1a: Sky Bri|Speed Boost|boost\n|-boost|p1a: Sky Bri|spe|1\n|upkeep\n|turn|8\n|inactive|shirosakiaoi has 120 seconds left.\n|\n|t:|1698154125\n|move|p1a: Sky Bri|Protect|p1a: Sky Bri\n|-singleturn|p1a: Sky Bri|Protect\n|move|p2a: Ducklett|Aqua Jet|p1a: Sky Bri\n|-activate|p1a: Sky Bri|move: Protect\n|\n|-heal|p1a: Sky Bri|13\/100|[from] item: Leftovers\n|upkeep\n|turn|9\n|inactive|shirosakiaoi has 120 seconds left.\n|\n|t:|1698154146\n|-terastallize|p1a: Sky Bri|Steel\n|move|p2a: Ducklett|Aqua Jet|p1a: Sky Bri\n|-damage|p1a: Sky Bri|13\/100\n|move|p1a: Sky Bri|Stored Power|p2a: Ducklett\n|-damage|p2a: Ducklett|0 fnt\n|faint|p2a: Ducklett\n|\n|-heal|p1a: Sky Bri|19\/100|[from] item: Leftovers\n|upkeep\n|\n|t:|1698154158\n|switch|p2a: Lucario|Lucario, F|100\/100\n|turn|10\n|\n|t:|1698154161\n|move|p1a: Sky Bri|Protect|p1a: Sky Bri\n|-singleturn|p1a: Sky Bri|Protect\n|move|p2a: Lucario|Circle Throw|p1a: Sky Bri\n|-activate|p1a: Sky Bri|move: Protect\n|\n|-heal|p1a: Sky Bri|25\/100|[from] item: Leftovers\n|upkeep\n|turn|11\n|\n|t:|1698154167\n|move|p1a: Sky Bri|Stored Power|p2a: Lucario\n|-damage|p2a: Lucario|0 fnt\n|faint|p2a: Lucario\n|\n|-heal|p1a: Sky Bri|31\/100|[from] item: Leftovers\n|upkeep\n|-message|skarthi53skarthi forfeited.\n|\n|win|shirosakiaoi\n|raw|shirosakiaoi's rating: 1086 &rarr; <strong>1116<\/strong><br \/>(+30 for winning)\n|raw|skarthi53skarthi's rating: 1127 &rarr; <strong>1099<\/strong><br \/>(-28 for losing)\n|l|\u2606skarthi53skarthi\n","uploadtime":1698154176,"views":6,"p1id":"shirosakiaoi","p2id":"skarthi53skarthi","formatid":"gen9ubers","rating":1099,"private":0,"password":""}