{"id":"gen9ubers-1989219532","p1":"Dragon Master Rosa","p2":"Nugget O Silver","format":"[Gen 9] Ubers","log":"|j|\u2606Dragon Master Rosa\n|j|\u2606Nugget O Silver\n|t:|1699824739\n|gametype|singles\n|player|p1|Dragon Master Rosa|dragontamer-gen9|\n|player|p2|Nugget O Silver|colress|\n|teamsize|p1|6\n|teamsize|p2|6\n|gen|9\n|tier|[Gen 9] Ubers\n|rule|Sleep Clause Mod: Limit one foe put to sleep\n|rule|Species Clause: Limit one of each Pok\u00e9mon\n|rule|OHKO Clause: OHKO moves are banned\n|rule|Evasion Items Clause: Evasion items are banned\n|rule|Evasion Moves Clause: Evasion moves are banned\n|rule|Endless Battle Clause: Forcing endless battles is banned\n|rule|HP Percentage Mod: HP is shown in percentages\n|clearpoke\n|poke|p1|Cyclizar, M|\n|poke|p1|Arceus-Ice|\n|poke|p1|Ninetales-Alola, M|\n|poke|p1|Greninja-*, M|\n|poke|p1|Basculegion-F, F|\n|poke|p1|Weezing-Galar, M|\n|poke|p2|Giratina-Origin|\n|poke|p2|Iron Valiant|\n|poke|p2|Arceus-Psychic|\n|poke|p2|Groudon|\n|poke|p2|Dialga|\n|poke|p2|Slowking-Galar, M|\n|teampreview\n|c|\u2606Nugget O Silver|Sorry for how long that took\n|c|\u2606Dragon Master Rosa|you're good!\n|\n|t:|1699824791\n|start\n|switch|p1a: Ninetales|Ninetales-Alola, M|100\/100\n|switch|p2a: Dialga|Dialga|100\/100\n|-weather|Snow|[from] ability: Snow Warning|[of] p1a: Ninetales\n|-ability|p2a: Dialga|Pressure\n|turn|1\n|\n|t:|1699824800\n|move|p1a: Ninetales|Aurora Veil|p1a: Ninetales\n|-sidestart|p1: Dragon Master Rosa|move: Aurora Veil\n|move|p2a: Dialga|Substitute|p2a: Dialga\n|-start|p2a: Dialga|Substitute\n|-damage|p2a: Dialga|76\/100\n|\n|-weather|Snow|[upkeep]\n|upkeep\n|turn|2\n|\n|t:|1699824804\n|move|p1a: Ninetales|Encore|p2a: Dialga\n|-start|p2a: Dialga|Encore\n|move|p2a: Dialga|Substitute|p2a: Dialga\n|-fail|p2a: Dialga|move: Substitute\n|\n|-weather|Snow|[upkeep]\n|upkeep\n|turn|3\n|\n|t:|1699824815\n|switch|p1a: Cyclizar|Cyclizar, M|100\/100\n|switch|p2a: Slowking|Slowking-Galar, M|100\/100\n|\n|-weather|Snow|[upkeep]\n|upkeep\n|turn|4\n|\n|t:|1699824824\n|move|p1a: Cyclizar|Shed Tail|p1a: Cyclizar\n|-start|p1a: Cyclizar|Substitute|[from] move: Shed Tail\n|-damage|p1a: Cyclizar|50\/100\n|\n|t:|1699824830\n|switch|p1a: Arceus|Arceus-Ice|100\/100|[from] Shed Tail\n|move|p2a: Slowking|Chilly Reception|p2a: Slowking\n|\n|t:|1699824840\n|switch|p2a: Giratina|Giratina-Origin|100\/100|[from] Chilly Reception\n|\n|-weather|Snow|[upkeep]\n|upkeep\n|turn|5\n|\n|t:|1699824846\n|move|p1a: Arceus|Calm Mind|p1a: Arceus\n|-boost|p1a: Arceus|spa|1\n|-boost|p1a: Arceus|spd|1\n|move|p2a: Giratina|Roar|p1a: Arceus\n|drag|p1a: Weezing|Weezing-Galar, M|100\/100\n|\n|-weather|none\n|upkeep\n|turn|6\n|\n|t:|1699824854\n|move|p2a: Giratina|Will-O-Wisp|p1a: Weezing\n|-status|p1a: Weezing|brn\n|move|p1a: Weezing|Strange Steam|p2a: Giratina\n|-supereffective|p2a: Giratina\n|-damage|p2a: Giratina|52\/100\n|-start|p2a: Giratina|confusion\n|\n|-damage|p1a: Weezing|95\/100 brn|[from] brn\n|upkeep\n|turn|7\n|\n|t:|1699824867\n|switch|p2a: Slowking|Slowking-Galar, M|100\/100\n|switch|p1a: Ninetales|Ninetales-Alola, M|100\/100\n|-weather|Snow|[from] ability: Snow Warning|[of] p1a: Ninetales\n|\n|-weather|Snow|[upkeep]\n|upkeep\n|turn|8\n|\n|t:|1699824873\n|switch|p1a: Weezing|Weezing-Galar, M|95\/100 brn\n|move|p2a: Slowking|Chilly Reception|p2a: Slowking\n|\n|t:|1699824876\n|switch|p2a: Dialga|Dialga|76\/100|[from] Chilly Reception\n|-ability|p2a: Dialga|Pressure\n|\n|-weather|Snow|[upkeep]\n|-heal|p1a: Weezing|100\/100 brn|[from] item: Leftovers\n|-damage|p1a: Weezing|95\/100 brn|[from] brn\n|-sideend|p1: Dragon Master Rosa|move: Aurora Veil\n|upkeep\n|turn|9\n|\n|t:|1699824884\n|move|p2a: Dialga|Heavy Slam|p1a: Weezing\n|-supereffective|p1a: Weezing\n|-damage|p1a: Weezing|0 fnt\n|faint|p1a: Weezing\n|\n|-weather|Snow|[upkeep]\n|upkeep\n|\n|t:|1699824898\n|switch|p1a: Ninetales|Ninetales-Alola, M|100\/100\n|turn|10\n|\n|t:|1699824901\n|move|p1a: Ninetales|Aurora Veil|p1a: Ninetales\n|-sidestart|p1: Dragon Master Rosa|move: Aurora Veil\n|move|p2a: Dialga|Heavy Slam|p1a: Ninetales\n|-supereffective|p1a: Ninetales\n|-damage|p1a: Ninetales|6\/100\n|\n|-weather|Snow|[upkeep]\n|upkeep\n|turn|11\n|\n|t:|1699824908\n|move|p1a: Ninetales|Encore|p2a: Dialga\n|-start|p2a: Dialga|Encore\n|move|p2a: Dialga|Heavy Slam|p1a: Ninetales\n|-supereffective|p1a: Ninetales\n|-damage|p1a: Ninetales|0 fnt\n|faint|p1a: Ninetales\n|\n|-weather|none\n|upkeep\n|\n|t:|1699824910\n|switch|p1a: Arceus|Arceus-Ice|100\/100\n|turn|12\n|\n|t:|1699824913\n|-terastallize|p1a: Arceus|Electric\n|move|p1a: Arceus|Calm Mind|p1a: Arceus\n|-boost|p1a: Arceus|spa|1\n|-boost|p1a: Arceus|spd|1\n|move|p2a: Dialga|Heavy Slam|p1a: Arceus\n|-resisted|p1a: Arceus\n|-damage|p1a: Arceus|95\/100\n|\n|upkeep\n|turn|13\n|\n|t:|1699824929\n|switch|p2a: Slowking|Slowking-Galar, M|100\/100\n|move|p1a: Arceus|Calm Mind|p1a: Arceus\n|-boost|p1a: Arceus|spa|1\n|-boost|p1a: Arceus|spd|1\n|\n|upkeep\n|turn|14\n|\n|t:|1699824945\n|move|p1a: Arceus|Earth Power|p2a: Slowking\n|-supereffective|p2a: Slowking\n|-damage|p2a: Slowking|29\/100\n|move|p2a: Slowking|Foul Play|p1a: Arceus\n|-damage|p1a: Arceus|86\/100\n|\n|upkeep\n|turn|15\n|\n|t:|1699824954\n|move|p1a: Arceus|Judgment|p2a: Slowking\n|-damage|p2a: Slowking|0 fnt\n|faint|p2a: Slowking\n|\n|upkeep\n|\n|t:|1699824987\n|switch|p2a: Iron Valiant|Iron Valiant, shiny|100\/100\n|-enditem|p2a: Iron Valiant|Booster Energy\n|-activate|p2a: Iron Valiant|ability: Quark Drive|[fromitem]\n|-start|p2a: Iron Valiant|quarkdrivespe\n|turn|16\n|\n|t:|1699824992\n|move|p2a: Iron Valiant|Calm Mind|p2a: Iron Valiant\n|-boost|p2a: Iron Valiant|spa|1\n|-boost|p2a: Iron Valiant|spd|1\n|move|p1a: Arceus|Judgment|p2a: Iron Valiant\n|-damage|p2a: Iron Valiant|0 fnt\n|faint|p2a: Iron Valiant\n|-end|p2a: Iron Valiant|Quark Drive|[silent]\n|\n|upkeep\n|\n|t:|1699825000\n|switch|p2a: Groudon|Groudon, shiny|100\/100\n|-weather|SunnyDay|[from] ability: Drought|[of] p2a: Groudon\n|turn|17\n|\n|t:|1699825008\n|move|p1a: Arceus|Earth Power|p2a: Groudon\n|-damage|p2a: Groudon|36\/100\n|move|p2a: Groudon|Earth Power|p1a: Arceus\n|-supereffective|p1a: Arceus\n|-damage|p1a: Arceus|62\/100\n|\n|-weather|SunnyDay|[upkeep]\n|-sideend|p1: Dragon Master Rosa|move: Aurora Veil\n|upkeep\n|turn|18\n|\n|t:|1699825013\n|move|p1a: Arceus|Judgment|p2a: Groudon\n|-supereffective|p2a: Groudon\n|-damage|p2a: Groudon|0 fnt\n|faint|p2a: Groudon\n|\n|-weather|SunnyDay|[upkeep]\n|upkeep\n|\n|t:|1699825022\n|switch|p2a: Dialga|Dialga|76\/100\n|-ability|p2a: Dialga|Pressure\n|turn|19\n|\n|t:|1699825031\n|-terastallize|p2a: Dialga|Ghost\n|move|p1a: Arceus|Judgment|p2a: Dialga\n|-damage|p2a: Dialga|0 fnt\n|faint|p2a: Dialga\n|\n|-weather|SunnyDay|[upkeep]\n|upkeep\n|c|\u2606Nugget O Silver|gg\n|\n|t:|1699825039\n|switch|p2a: Arceus|Arceus-Psychic, shiny|100\/100\n|turn|20\n|c|\u2606Dragon Master Rosa|ggwp\n|\n|t:|1699825043\n|move|p1a: Arceus|Judgment|p2a: Arceus\n|-damage|p2a: Arceus|12\/100\n|move|p2a: Arceus|Psyshock|p1a: Arceus\n|-damage|p1a: Arceus|27\/100\n|\n|-weather|SunnyDay|[upkeep]\n|upkeep\n|turn|21\n|\n|t:|1699825050\n|move|p2a: Arceus|Psyshock|p1a: Arceus\n|-damage|p1a: Arceus|0 fnt\n|faint|p1a: Arceus\n|\n|-weather|none\n|upkeep\n|\n|t:|1699825052\n|switch|p1a: Greninja|Greninja, M|100\/100\n|turn|22\n|\n|t:|1699825056\n|move|p1a: Greninja|Night Slash|p2a: Arceus\n|-supereffective|p2a: Arceus\n|-damage|p2a: Arceus|0 fnt\n|faint|p2a: Arceus\n|-ability|p1a: Greninja|Battle Bond|boost\n|-boost|p1a: Greninja|atk|1\n|-boost|p1a: Greninja|spa|1\n|-boost|p1a: Greninja|spe|1\n|-activate|p1a: Greninja|ability: Battle Bond\n|\n|upkeep\n|\n|t:|1699825058\n|switch|p2a: Giratina|Giratina-Origin|52\/100\n|turn|23\n|\n|t:|1699825060\n|move|p1a: Greninja|Night Slash|p2a: Giratina\n|-supereffective|p2a: Giratina\n|-damage|p2a: Giratina|13\/100\n|move|p2a: Giratina|Roar|p1a: Greninja\n|drag|p1a: Cyclizar|Cyclizar, M|83\/100\n|\n|upkeep\n|turn|24\n|\n|t:|1699825066\n|move|p1a: Cyclizar|Draco Meteor|p2a: Giratina\n|-supereffective|p2a: Giratina\n|-damage|p2a: Giratina|0 fnt\n|-unboost|p1a: Cyclizar|spa|2\n|faint|p2a: Giratina\n|\n|win|Dragon Master Rosa\n","uploadtime":1699825079,"views":15,"p1id":"dragonmasterrosa","p2id":"nuggetosilver","formatid":"gen9ubers","rating":0,"private":0,"password":""}