{"id":"gen9ubers-1986496789","p1":"Rillaballing","p2":"seraphz","format":"[Gen 9] Ubers","log":"|j|\u2606Rillaballing\n|j|\u2606seraphz\n|t:|1699485022\n|gametype|singles\n|player|p1|Rillaballing|lucas|\n|player|p2|seraphz|#ptplivdazzlingdiancies|\n|teamsize|p1|6\n|teamsize|p2|6\n|gen|9\n|tier|[Gen 9] Ubers\n|rated|Tournament battle\n|rule|Sleep Clause Mod: Limit one foe put to sleep\n|rule|Species Clause: Limit one of each Pok\u00e9mon\n|rule|OHKO Clause: OHKO moves are banned\n|rule|Evasion Items Clause: Evasion items are banned\n|rule|Evasion Moves Clause: Evasion moves are banned\n|rule|Endless Battle Clause: Forcing endless battles is banned\n|rule|HP Percentage Mod: HP is shown in percentages\n|clearpoke\n|poke|p1|Grimmsnarl, M|\n|poke|p1|Koraidon|\n|poke|p1|Arceus|\n|poke|p1|Flutter Mane|\n|poke|p1|Zacian-*|\n|poke|p1|Calyrex-Ice|\n|poke|p2|Koraidon|\n|poke|p2|Giratina-Origin|\n|poke|p2|Ting-Lu|\n|poke|p2|Skeledirge, M|\n|poke|p2|Miraidon|\n|poke|p2|Zacian-*|\n|teampreview\n|\n|t:|1699485057\n|start\n|switch|p1a: Grimmsnarl|Grimmsnarl, M|100\/100\n|switch|p2a: Zacian|Zacian-Crowned|100\/100\n|-ability|p2a: Zacian|Intrepid Sword|boost\n|-boost|p2a: Zacian|atk|1\n|turn|1\n|\n|t:|1699485066\n|move|p1a: Grimmsnarl|Taunt|p2a: Zacian\n|-start|p2a: Zacian|move: Taunt\n|move|p2a: Zacian|Behemoth Blade|p1a: Grimmsnarl\n|-supereffective|p1a: Grimmsnarl\n|-damage|p1a: Grimmsnarl|0 fnt\n|faint|p1a: Grimmsnarl\n|\n|upkeep\n|\n|t:|1699485078\n|switch|p1a: Koraidon|Koraidon|100\/100\n|-weather|SunnyDay|[from] ability: Orichalcum Pulse|[of] p1a: Koraidon\n|-activate|p1a: Koraidon|Orichalcum Pulse|[source]\n|turn|2\n|\n|t:|1699485087\n|switch|p2a: Skeledirge|Skeledirge, M|100\/100\n|move|p1a: Koraidon|Flare Blitz|p2a: Skeledirge\n|-resisted|p2a: Skeledirge\n|-damage|p2a: Skeledirge|75\/100\n|-damage|p1a: Koraidon|90\/100|[from] Recoil\n|\n|-weather|SunnyDay|[upkeep]\n|upkeep\n|turn|3\n|\n|t:|1699485118\n|move|p1a: Koraidon|Taunt|p2a: Skeledirge\n|-start|p2a: Skeledirge|move: Taunt\n|cant|p2a: Skeledirge|move: Taunt|Will-O-Wisp\n|\n|-weather|SunnyDay|[upkeep]\n|upkeep\n|turn|4\n|\n|t:|1699485126\n|switch|p2a: Zacian|Zacian-Crowned|100\/100\n|move|p1a: Koraidon|Swords Dance|p1a: Koraidon\n|-boost|p1a: Koraidon|atk|2\n|\n|-weather|SunnyDay|[upkeep]\n|upkeep\n|turn|5\n|\n|t:|1699485154\n|move|p2a: Zacian|Play Rough|p1a: Koraidon\n|-supereffective|p1a: Koraidon\n|-damage|p1a: Koraidon|0 fnt\n|faint|p1a: Koraidon\n|\n|-weather|SunnyDay|[upkeep]\n|upkeep\n|\n|t:|1699485165\n|switch|p1a: Calyrex|Calyrex-Ice|100\/100\n|-ability|p1a: Calyrex|As One\n|-ability|p1a: Calyrex|Unnerve\n|turn|6\n|j| s3rp3rior\n|\n|t:|1699485178\n|switch|p2a: Skeledirge|Skeledirge, M|75\/100\n|move|p1a: Calyrex|Trick Room|p1a: Calyrex\n|-fieldstart|move: Trick Room|[of] p1a: Calyrex\n|\n|-weather|none\n|upkeep\n|turn|7\n|\n|t:|1699485198\n|-terastallize|p1a: Calyrex|Fire\n|move|p1a: Calyrex|Swords Dance|p1a: Calyrex\n|-boost|p1a: Calyrex|atk|2\n|move|p2a: Skeledirge|Slack Off|p2a: Skeledirge\n|-heal|p2a: Skeledirge|100\/100\n|\n|upkeep\n|turn|8\n|\n|t:|1699485203\n|move|p1a: Calyrex|High Horsepower|p2a: Skeledirge|[miss]\n|-miss|p1a: Calyrex|p2a: Skeledirge\n|move|p2a: Skeledirge|Torch Song|p1a: Calyrex\n|-resisted|p1a: Calyrex\n|-damage|p1a: Calyrex|90\/100\n|-boost|p2a: Skeledirge|spa|1\n|\n|upkeep\n|turn|9\n|\n|t:|1699485205\n|move|p1a: Calyrex|High Horsepower|p2a: Skeledirge\n|-supereffective|p2a: Skeledirge\n|-crit|p2a: Skeledirge\n|-damage|p2a: Skeledirge|17\/100\n|move|p2a: Skeledirge|Torch Song|p1a: Calyrex\n|-resisted|p1a: Calyrex\n|-damage|p1a: Calyrex|74\/100\n|-boost|p2a: Skeledirge|spa|1\n|\n|upkeep\n|turn|10\n|\n|t:|1699485209\n|switch|p2a: Giratina|Giratina-Origin|100\/100\n|move|p1a: Calyrex|High Horsepower|p2a: Giratina\n|-immune|p2a: Giratina|[from] ability: Levitate\n|\n|-fieldend|move: Trick Room\n|upkeep\n|turn|11\n|\n|t:|1699485219\n|switch|p1a: Zacian|Zacian-Crowned|100\/100\n|-ability|p1a: Zacian|Intrepid Sword|boost\n|-boost|p1a: Zacian|atk|1\n|move|p2a: Giratina|Draco Meteor|p1a: Zacian\n|-immune|p1a: Zacian\n|\n|upkeep\n|turn|12\n|\n|t:|1699485230\n|-terastallize|p2a: Giratina|Poison\n|move|p1a: Zacian|Play Rough|p2a: Giratina\n|-resisted|p2a: Giratina\n|-damage|p2a: Giratina|76\/100\n|move|p2a: Giratina|Will-O-Wisp|p1a: Zacian\n|-status|p1a: Zacian|brn\n|\n|-damage|p1a: Zacian|94\/100 brn|[from] brn\n|upkeep\n|turn|13\n|\n|t:|1699485237\n|move|p1a: Zacian|Wild Charge|p2a: Giratina\n|-damage|p2a: Giratina|60\/100\n|-damage|p1a: Zacian|88\/100 brn|[from] Recoil\n|move|p2a: Giratina|Hex|p1a: Zacian\n|-damage|p1a: Zacian|21\/100 brn\n|\n|-damage|p1a: Zacian|15\/100 brn|[from] brn\n|upkeep\n|turn|14\n|\n|t:|1699485243\n|move|p1a: Zacian|Behemoth Blade|p2a: Giratina\n|-damage|p2a: Giratina|35\/100\n|move|p2a: Giratina|Hex|p1a: Zacian\n|-damage|p1a: Zacian|0 fnt\n|faint|p1a: Zacian\n|\n|upkeep\n|\n|t:|1699485252\n|switch|p1a: Flutter Mane|Flutter Mane|100\/100\n|turn|15\n|\n|t:|1699485262\n|switch|p2a: Zacian|Zacian-Crowned|100\/100\n|move|p1a: Flutter Mane|Psyshock|p2a: Zacian\n|-resisted|p2a: Zacian\n|-damage|p2a: Zacian|84\/100\n|-damage|p1a: Flutter Mane|91\/100|[from] item: Life Orb\n|\n|upkeep\n|turn|16\n|\n|t:|1699485270\n|move|p2a: Zacian|Behemoth Blade|p1a: Flutter Mane\n|-supereffective|p1a: Flutter Mane\n|-damage|p1a: Flutter Mane|0 fnt\n|faint|p1a: Flutter Mane\n|-end|p1a: Flutter Mane|Protosynthesis|[silent]\n|\n|upkeep\n|\n|t:|1699485272\n|switch|p1a: Calyrex|Calyrex-Ice, tera:Fire|74\/100\n|-ability|p1a: Calyrex|As One\n|-ability|p1a: Calyrex|Unnerve\n|turn|17\n|\n|t:|1699485279\n|move|p2a: Zacian|Tera Blast|p1a: Calyrex\n|-damage|p1a: Calyrex|65\/100\n|move|p1a: Calyrex|Trick Room|p1a: Calyrex\n|-fieldstart|move: Trick Room|[of] p1a: Calyrex\n|\n|upkeep\n|turn|18\n|\n|t:|1699485286\n|switch|p2a: Giratina|Giratina-Origin, tera:Poison|35\/100\n|move|p1a: Calyrex|High Horsepower|p2a: Giratina\n|-immune|p2a: Giratina|[from] ability: Levitate\n|\n|upkeep\n|turn|19\n|\n|t:|1699485290\n|switch|p2a: Zacian|Zacian-Crowned|84\/100\n|move|p1a: Calyrex|Glacial Lance|p2a: Zacian\n|-resisted|p2a: Zacian\n|-damage|p2a: Zacian|44\/100\n|\n|upkeep\n|turn|20\n|\n|t:|1699485294\n|switch|p2a: Skeledirge|Skeledirge, M|17\/100\n|move|p1a: Calyrex|High Horsepower|p2a: Skeledirge\n|-supereffective|p2a: Skeledirge\n|-damage|p2a: Skeledirge|0 fnt\n|faint|p2a: Skeledirge\n|-ability|p1a: Calyrex|Chilling Neigh|boost\n|-boost|p1a: Calyrex|atk|1\n|\n|upkeep\n|\n|t:|1699485298\n|switch|p2a: Giratina|Giratina-Origin, tera:Poison|35\/100\n|turn|21\n|\n|t:|1699485301\n|switch|p2a: Zacian|Zacian-Crowned|44\/100\n|move|p1a: Calyrex|Glacial Lance|p2a: Zacian\n|-resisted|p2a: Zacian\n|-damage|p2a: Zacian|0 fnt\n|faint|p2a: Zacian\n|-ability|p1a: Calyrex|Chilling Neigh|boost\n|-boost|p1a: Calyrex|atk|1\n|\n|-fieldend|move: Trick Room\n|upkeep\n|\n|t:|1699485311\n|switch|p2a: Miraidon|Miraidon|100\/100\n|-fieldstart|move: Electric Terrain|[from] ability: Hadron Engine|[of] p2a: Miraidon\n|turn|22\n|\n|t:|1699485320\n|move|p2a: Miraidon|Electro Drift|p1a: Calyrex\n|-damage|p1a: Calyrex|2\/100\n|move|p1a: Calyrex|Trick Room|p1a: Calyrex\n|-fieldstart|move: Trick Room|[of] p1a: Calyrex\n|\n|upkeep\n|turn|23\n|\n|t:|1699485325\n|switch|p2a: Giratina|Giratina-Origin, tera:Poison|35\/100\n|move|p1a: Calyrex|Glacial Lance|p2a: Giratina\n|-damage|p2a: Giratina|0 fnt\n|faint|p2a: Giratina\n|-ability|p1a: Calyrex|Chilling Neigh|boost\n|-boost|p1a: Calyrex|atk|1\n|\n|upkeep\n|\n|t:|1699485331\n|switch|p2a: Ting-Lu|Ting-Lu|100\/100\n|-ability|p2a: Ting-Lu|Vessel of Ruin\n|turn|24\n|\n|t:|1699485334\n|move|p1a: Calyrex|Glacial Lance|p2a: Ting-Lu\n|-supereffective|p2a: Ting-Lu\n|-damage|p2a: Ting-Lu|0 fnt\n|faint|p2a: Ting-Lu\n|-ability|p1a: Calyrex|Chilling Neigh|boost\n|-boost|p1a: Calyrex|atk|1\n|\n|upkeep\n|-message|seraphz forfeited.\n|\n|win|Rillaballing\n|n|\u2606Rillaballing|rillaballing\n|n|\u2606seraphz|seraphz\n|n| s3rp3rior|s3rp3rior\n","uploadtime":1699485338,"views":16,"p1id":"rillaballing","p2id":"seraphz","formatid":"gen9ubers","rating":0,"private":0,"password":""}