{"id":"gen9ubers-1992000367","p1":"Nangu","p2":"msarock","format":"[Gen 9] Ubers","log":"|j|\u2606Nangu\n|j|\u2606msarock\n|t:|1700146568\n|gametype|singles\n|player|p1|Nangu|serena-masters3|1103\n|player|p2|msarock|hiker-gen4|1236\n|teamsize|p1|6\n|teamsize|p2|6\n|gen|9\n|tier|[Gen 9] Ubers\n|rated|\n|rule|Sleep Clause Mod: Limit one foe put to sleep\n|rule|Species Clause: Limit one of each Pok\u00e9mon\n|rule|OHKO Clause: OHKO moves are banned\n|rule|Evasion Items Clause: Evasion items are banned\n|rule|Evasion Moves Clause: Evasion moves are banned\n|rule|Endless Battle Clause: Forcing endless battles is banned\n|rule|HP Percentage Mod: HP is shown in percentages\n|clearpoke\n|poke|p1|Arceus|\n|poke|p1|Kyogre|\n|poke|p1|Miraidon|\n|poke|p1|Zacian-*|\n|poke|p1|Ogerpon-Hearthflame, F|\n|poke|p1|Hatterene, F|\n|poke|p2|Calyrex-Ice|\n|poke|p2|Koraidon|\n|poke|p2|Toxapex, F|\n|poke|p2|Ting-Lu|\n|poke|p2|Arceus|\n|poke|p2|Miraidon|\n|teampreview\n|inactive|Battle timer is ON: inactive players will automatically lose when time's up. (requested by msarock)\n|\n|t:|1700146574\n|start\n|switch|p1a: Hatterene|Hatterene, F|100\/100\n|switch|p2a: Koraidon|Koraidon|100\/100\n|-weather|SunnyDay|[from] ability: Orichalcum Pulse|[of] p2a: Koraidon\n|-activate|p2a: Koraidon|Orichalcum Pulse|[source]\n|turn|1\n|\n|t:|1700146582\n|move|p2a: Koraidon|U-turn|p1a: Hatterene\n|-damage|p1a: Hatterene|63\/100\n|\n|t:|1700146585\n|switch|p2a: Calyrex|Calyrex-Ice|100\/100|[from] U-turn\n|-ability|p2a: Calyrex|As One\n|-ability|p2a: Calyrex|Unnerve\n|move|p1a: Hatterene|Dazzling Gleam|p2a: Calyrex\n|-damage|p2a: Calyrex|69\/100\n|\n|-weather|SunnyDay|[upkeep]\n|upkeep\n|turn|2\n|\n|t:|1700146598\n|move|p2a: Calyrex|Swords Dance|p2a: Calyrex\n|-boost|p2a: Calyrex|atk|2\n|move|p1a: Hatterene|Nuzzle|p2a: Calyrex\n|-damage|p2a: Calyrex|67\/100\n|-status|p2a: Calyrex|par\n|\n|-weather|SunnyDay|[upkeep]\n|upkeep\n|turn|3\n|\n|t:|1700146625\n|switch|p1a: Miraidon|Miraidon|100\/100\n|-fieldstart|move: Electric Terrain|[from] ability: Hadron Engine|[of] p1a: Miraidon\n|move|p2a: Calyrex|Trick Room|p2a: Calyrex\n|-fieldstart|move: Trick Room|[of] p2a: Calyrex\n|\n|-weather|SunnyDay|[upkeep]\n|upkeep\n|turn|4\n|\n|t:|1700146638\n|cant|p2a: Calyrex|par\n|move|p1a: Miraidon|Overheat|p2a: Calyrex|[miss]\n|-miss|p1a: Miraidon|p2a: Calyrex\n|\n|-weather|SunnyDay|[upkeep]\n|upkeep\n|turn|5\n|\n|t:|1700146644\n|move|p2a: Calyrex|Glacial Lance|p1a: Miraidon\n|-supereffective|p1a: Miraidon\n|-damage|p1a: Miraidon|0 fnt\n|faint|p1a: Miraidon\n|-ability|p2a: Calyrex|Chilling Neigh|boost\n|-boost|p2a: Calyrex|atk|1\n|\n|-weather|none\n|upkeep\n|\n|t:|1700146650\n|switch|p1a: Hatterene|Hatterene, F|63\/100\n|turn|6\n|\n|t:|1700146655\n|move|p2a: Calyrex|High Horsepower|p1a: Hatterene\n|-damage|p1a: Hatterene|0 fnt\n|faint|p1a: Hatterene\n|-ability|p2a: Calyrex|Chilling Neigh|boost\n|-boost|p2a: Calyrex|atk|1\n|\n|upkeep\n|\n|t:|1700146660\n|switch|p1a: Arceus|Arceus|100\/100\n|turn|7\n|\n|t:|1700146665\n|-terastallize|p1a: Arceus|Normal\n|move|p1a: Arceus|Extreme Speed|p2a: Calyrex\n|-damage|p2a: Calyrex|26\/100 par\n|move|p2a: Calyrex|Glacial Lance|p1a: Arceus\n|-damage|p1a: Arceus|0 fnt\n|faint|p1a: Arceus\n|-ability|p2a: Calyrex|Chilling Neigh|boost\n|-boost|p2a: Calyrex|atk|1\n|\n|-fieldend|move: Trick Room\n|-fieldend|move: Electric Terrain\n|upkeep\n|\n|t:|1700146676\n|switch|p1a: Kyogre|Kyogre|100\/100\n|-weather|RainDance|[from] ability: Drizzle|[of] p1a: Kyogre\n|turn|8\n|\n|t:|1700146679\n|move|p1a: Kyogre|Ice Beam|p2a: Calyrex\n|-resisted|p2a: Calyrex\n|-damage|p2a: Calyrex|15\/100 par\n|move|p2a: Calyrex|High Horsepower|p1a: Kyogre\n|-damage|p1a: Kyogre|0 fnt\n|faint|p1a: Kyogre\n|-ability|p2a: Calyrex|Chilling Neigh|boost\n|-boost|p2a: Calyrex|atk|1\n|\n|-weather|RainDance|[upkeep]\n|upkeep\n|-message|Nangu forfeited.\n|\n|win|msarock\n|raw|Nangu's rating: 1103 &rarr; <strong>1087<\/strong><br \/>(-16 for losing)\n|raw|msarock's rating: 1236 &rarr; <strong>1252<\/strong><br \/>(+16 for winning)\n|l|\u2606Nangu\n|l|\u2606msarock\n|j|\u2606msarock\n|player|p2|msarock|hiker-gen4\n|l|\u2606msarock\n|player|p2|\n|j|\u2606msarock\n|player|p2|msarock|hiker-gen4\n","uploadtime":1700146686,"views":12,"p1id":"nangu","p2id":"msarock","formatid":"gen9ubers","rating":1087,"private":0,"password":""}