{"id":"gen9ubers-1983247330","p1":"rainydaysman","p2":"beastbird","format":"[Gen 9] Ubers","log":"|j|\u2606rainydaysman\n|j|\u2606beastbird\n|inactive|Battle timer is ON: inactive players will automatically lose when time's up.\n|j|*Lady Monita \u263d\n|t:|1699110095\n|gametype|singles\n|player|p1|rainydaysman|dawn|\n|player|p2|beastbird|169|\n|teamsize|p1|6\n|teamsize|p2|6\n|gen|9\n|tier|[Gen 9] Ubers\n|rated|Tournament battle\n|rule|Sleep Clause Mod: Limit one foe put to sleep\n|rule|Species Clause: Limit one of each Pok\u00e9mon\n|rule|OHKO Clause: OHKO moves are banned\n|rule|Evasion Items Clause: Evasion items are banned\n|rule|Evasion Moves Clause: Evasion moves are banned\n|rule|Endless Battle Clause: Forcing endless battles is banned\n|rule|HP Percentage Mod: HP is shown in percentages\n|clearpoke\n|poke|p1|Dialga|\n|poke|p1|Miraidon|\n|poke|p1|Eternatus|\n|poke|p1|Koraidon|\n|poke|p1|Arceus-Dragon|\n|poke|p1|Palkia-Origin|\n|poke|p2|Dialga|\n|poke|p2|Koraidon|\n|poke|p2|Miraidon|\n|poke|p2|Goodra-Hisui, F|\n|poke|p2|Dragapult, M|\n|poke|p2|Eternatus|\n|teampreview\n|inactive|rainydaysman also wants the timer to be on.\n|\n|t:|1699110120\n|start\n|switch|p1a: Koraidon|Koraidon|100\/100\n|switch|p2a: Dialga|Dialga|100\/100\n|-weather|SunnyDay|[from] ability: Orichalcum Pulse|[of] p1a: Koraidon\n|-activate|p1a: Koraidon|Orichalcum Pulse|[source]\n|-ability|p2a: Dialga|Pressure\n|turn|1\n|\n|t:|1699110129\n|move|p1a: Koraidon|Collision Course|p2a: Dialga\n|-supereffective|p2a: Dialga\n|-damage|p2a: Dialga|0 fnt\n|faint|p2a: Dialga\n|\n|-weather|SunnyDay|[upkeep]\n|upkeep\n|\n|t:|1699110145\n|switch|p2a: Miraidon|Miraidon|100\/100\n|-fieldstart|move: Electric Terrain|[from] ability: Hadron Engine|[of] p2a: Miraidon\n|turn|2\n|\n|t:|1699110172\n|switch|p1a: Dialga|Dialga, shiny|100\/100\n|-ability|p1a: Dialga|Pressure\n|move|p2a: Miraidon|Draco Meteor|p1a: Dialga\n|-damage|p1a: Dialga|33\/100\n|-unboost|p2a: Miraidon|spa|2\n|\n|-weather|SunnyDay|[upkeep]\n|-heal|p1a: Dialga|40\/100|[from] item: Leftovers\n|upkeep\n|turn|3\n|\n|t:|1699110193\n|switch|p2a: Eternatus|Eternatus|100\/100\n|-ability|p2a: Eternatus|Pressure\n|switch|p1a: Miraidon|Miraidon|100\/100\n|-activate|p1a: Miraidon|ability: Hadron Engine\n|\n|-weather|SunnyDay|[upkeep]\n|upkeep\n|turn|4\n|\n|t:|1699110204\n|move|p1a: Miraidon|Draco Meteor|p2a: Eternatus\n|-supereffective|p2a: Eternatus\n|-damage|p2a: Eternatus|0 fnt\n|-unboost|p1a: Miraidon|spa|2\n|faint|p2a: Eternatus\n|\n|-weather|SunnyDay|[upkeep]\n|upkeep\n|inactive|beastbird has 120 seconds left.\n|\n|t:|1699110225\n|switch|p2a: Koraidon|Koraidon|100\/100\n|-activate|p2a: Koraidon|ability: Orichalcum Pulse\n|turn|5\n|\n|t:|1699110230\n|move|p1a: Miraidon|Draco Meteor|p2a: Koraidon\n|-supereffective|p2a: Koraidon\n|-damage|p2a: Koraidon|13\/100\n|-unboost|p1a: Miraidon|spa|2\n|move|p2a: Koraidon|Outrage|p1a: Miraidon\n|-supereffective|p1a: Miraidon\n|-damage|p1a: Miraidon|0 fnt\n|faint|p1a: Miraidon\n|\n|-weather|none\n|upkeep\n|\n|t:|1699110241\n|switch|p1a: Koraidon|Koraidon|100\/100\n|-weather|SunnyDay|[from] ability: Orichalcum Pulse|[of] p1a: Koraidon\n|-activate|p1a: Koraidon|Orichalcum Pulse|[source]\n|turn|6\n|\n|t:|1699110249\n|move|p2a: Koraidon|Outrage|p1a: Koraidon|[from]lockedmove\n|-supereffective|p1a: Koraidon\n|-damage|p1a: Koraidon|0 fnt\n|faint|p1a: Koraidon\n|\n|-weather|SunnyDay|[upkeep]\n|-fieldend|move: Electric Terrain\n|upkeep\n|\n|t:|1699110257\n|switch|p1a: Arceus|Arceus-Dragon, shiny|100\/100\n|turn|7\n|\n|t:|1699110267\n|-terastallize|p1a: Arceus|Steel\n|move|p2a: Koraidon|Outrage|p1a: Arceus|[from]lockedmove\n|-resisted|p1a: Arceus\n|-damage|p1a: Arceus|75\/100\n|-start|p2a: Koraidon|confusion|[fatigue]\n|move|p1a: Arceus|Calm Mind|p1a: Arceus\n|-boost|p1a: Arceus|spa|1\n|-boost|p1a: Arceus|spd|1\n|\n|-weather|SunnyDay|[upkeep]\n|upkeep\n|turn|8\n|\n|t:|1699110290\n|switch|p2a: Miraidon|Miraidon|100\/100\n|-fieldstart|move: Electric Terrain|[from] ability: Hadron Engine|[of] p2a: Miraidon\n|move|p1a: Arceus|Earth Power|p2a: Miraidon\n|-supereffective|p2a: Miraidon\n|-damage|p2a: Miraidon|34\/100\n|\n|-weather|SunnyDay|[upkeep]\n|upkeep\n|turn|9\n|\n|t:|1699110304\n|move|p2a: Miraidon|Electro Drift|p1a: Arceus\n|-damage|p1a: Arceus|34\/100\n|move|p1a: Arceus|Earth Power|p2a: Miraidon\n|-supereffective|p2a: Miraidon\n|-damage|p2a: Miraidon|0 fnt\n|faint|p2a: Miraidon\n|\n|-weather|SunnyDay|[upkeep]\n|upkeep\n|inactive|beastbird has 120 seconds left.\n|\n|t:|1699110324\n|switch|p2a: Koraidon|Koraidon|13\/100\n|-activate|p2a: Koraidon|ability: Orichalcum Pulse\n|turn|10\n|inactive|beastbird has 120 seconds left.\n|\n|t:|1699110340\n|move|p2a: Koraidon|Stomping Tantrum|p1a: Arceus\n|-supereffective|p1a: Arceus\n|-damage|p1a: Arceus|0 fnt\n|faint|p1a: Arceus\n|\n|-weather|none\n|upkeep\n|\n|t:|1699110344\n|switch|p1a: Palkia|Palkia-Origin|100\/100\n|-ability|p1a: Palkia|Pressure\n|turn|11\n|\n|t:|1699110354\n|switch|p2a: Goodra|Goodra-Hisui, F|100\/100\n|move|p1a: Palkia|Hydro Pump|p2a: Goodra\n|-resisted|p2a: Goodra\n|-damage|p2a: Goodra|80\/100\n|\n|upkeep\n|turn|12\n|\n|t:|1699110367\n|switch|p1a: Dialga|Dialga, shiny|40\/100\n|-ability|p1a: Dialga|Pressure\n|move|p2a: Goodra|Ice Beam|p1a: Dialga\n|-damage|p1a: Dialga|23\/100\n|\n|-heal|p1a: Dialga|29\/100|[from] item: Leftovers\n|-fieldend|move: Electric Terrain\n|upkeep\n|turn|13\n|\n|t:|1699110378\n|move|p1a: Dialga|Protect|p1a: Dialga\n|-singleturn|p1a: Dialga|Protect\n|move|p2a: Goodra|Protect||[still]\n|-fail|p2a: Goodra\n|\n|-heal|p1a: Dialga|35\/100|[from] item: Leftovers\n|upkeep\n|turn|14\n|\n|t:|1699110387\n|move|p2a: Goodra|Protect|p2a: Goodra\n|-singleturn|p2a: Goodra|Protect\n|move|p1a: Dialga|Roar|p2a: Goodra\n|drag|p2a: Koraidon|Koraidon|13\/100\n|-weather|SunnyDay|[from] ability: Orichalcum Pulse|[of] p2a: Koraidon\n|-activate|p2a: Koraidon|Orichalcum Pulse|[source]\n|\n|-weather|SunnyDay|[upkeep]\n|-heal|p1a: Dialga|42\/100|[from] item: Leftovers\n|upkeep\n|turn|15\n|\n|t:|1699110402\n|move|p1a: Dialga|Protect|p1a: Dialga\n|-singleturn|p1a: Dialga|Protect\n|move|p2a: Koraidon|Outrage|p1a: Dialga\n|-activate|p1a: Dialga|move: Protect\n|\n|-weather|SunnyDay|[upkeep]\n|-heal|p1a: Dialga|48\/100|[from] item: Leftovers\n|upkeep\n|turn|16\n|\n|t:|1699110414\n|move|p2a: Koraidon|Outrage|p1a: Dialga\n|-damage|p1a: Dialga|0 fnt\n|faint|p1a: Dialga\n|\n|-weather|SunnyDay|[upkeep]\n|upkeep\n|\n|t:|1699110421\n|switch|p1a: Palkia|Palkia-Origin|100\/100\n|-ability|p1a: Palkia|Pressure\n|turn|17\n|\n|t:|1699110435\n|move|p2a: Koraidon|Outrage|p1a: Palkia|[from]lockedmove\n|-supereffective|p1a: Palkia\n|-damage|p1a: Palkia|0 fnt\n|faint|p1a: Palkia\n|-start|p2a: Koraidon|confusion|[fatigue]\n|\n|-weather|SunnyDay|[upkeep]\n|upkeep\n|-message|rainydaysman forfeited.\n|\n|win|beastbird\n|n|\u2606rainydaysman|rainydaysman\n|n|\u2606beastbird|beastbird\n|n|*Lady Monita \u263d|ladymonita\n","uploadtime":1699110440,"views":6,"p1id":"rainydaysman","p2id":"beastbird","formatid":"gen9ubers","rating":0,"private":0,"password":""}