{"id":"gen9ubers-1975429838","p1":"drop a map","p2":"Korokii777","format":"[Gen 9] Ubers","log":"|j|\u2606drop a map\n|j|\u2606Korokii777\n|t:|1698190408\n|gametype|singles\n|player|p1|drop a map|red|1116\n|player|p2|Korokii777|plasmagrunt|1027\n|teamsize|p1|6\n|teamsize|p2|6\n|gen|9\n|tier|[Gen 9] Ubers\n|rated|\n|rule|Sleep Clause Mod: Limit one foe put to sleep\n|rule|Species Clause: Limit one of each Pok\u00e9mon\n|rule|OHKO Clause: OHKO moves are banned\n|rule|Evasion Items Clause: Evasion items are banned\n|rule|Evasion Moves Clause: Evasion moves are banned\n|rule|Endless Battle Clause: Forcing endless battles is banned\n|rule|HP Percentage Mod: HP is shown in percentages\n|clearpoke\n|poke|p1|Toxapex, F|\n|poke|p1|Clefable, M|\n|poke|p1|Tropius, F|\n|poke|p1|Goodra-Hisui, M|\n|poke|p1|Slowbro, F|\n|poke|p1|Garganacl, F|\n|poke|p2|Chien-Pao|\n|poke|p2|Kyogre|\n|poke|p2|Koraidon|\n|poke|p2|Darkrai|\n|poke|p2|Gholdengo|\n|poke|p2|Haxorus, F|\n|teampreview\n|inactive|Battle timer is ON: inactive players will automatically lose when time's up. (requested by Korokii777)\n|inactive|drop a map also wants the timer to be on.\n|\n|t:|1698190429\n|start\n|switch|p1a: Goodra|Goodra-Hisui, M|100\/100\n|switch|p2a: Totenkopfverb\u00e4nde|Haxorus, F, shiny|100\/100\n|-ability|p2a: Totenkopfverb\u00e4nde|Mold Breaker\n|turn|1\n|n|!Korokii777|korokii777\n|\n|t:|1698190439\n|switch|p1a: Tropius|Tropius, F|100\/100\n|move|p2a: Totenkopfverb\u00e4nde|Outrage|p1a: Tropius\n|-damage|p1a: Tropius|28\/100\n|\n|upkeep\n|turn|2\n|\n|t:|1698190448\n|switch|p1a: Clefable|Clefable, M|100\/100\n|move|p2a: Totenkopfverb\u00e4nde|Outrage|p1a: Clefable|[from]lockedmove\n|-immune|p1a: Clefable\n|\n|upkeep\n|turn|3\n|\n|t:|1698190455\n|switch|p2a: Bank Of Iraq|Gholdengo|100\/100\n|move|p1a: Clefable|Stealth Rock|p2a: Bank Of Iraq\n|-sidestart|p2: Korokii777|move: Stealth Rock\n|\n|upkeep\n|turn|4\n|\n|t:|1698190466\n|switch|p1a: Toxapex|Toxapex, F|100\/100\n|move|p2a: Bank Of Iraq|Make It Rain|p1a: Toxapex\n|-resisted|p1a: Toxapex\n|-damage|p1a: Toxapex|73\/100\n|-unboost|p2a: Bank Of Iraq|spa|1\n|\n|-heal|p1a: Toxapex|79\/100|[from] item: Black Sludge\n|upkeep\n|turn|5\n|\n|t:|1698190491\n|move|p2a: Bank Of Iraq|Nasty Plot|p2a: Bank Of Iraq\n|-boost|p2a: Bank Of Iraq|spa|2\n|move|p1a: Toxapex|Toxic Spikes|p2a: Bank Of Iraq\n|-sidestart|p2: Korokii777|move: Toxic Spikes\n|\n|-heal|p1a: Toxapex|86\/100|[from] item: Black Sludge\n|upkeep\n|turn|6\n|\n|t:|1698190500\n|move|p2a: Bank Of Iraq|Shadow Ball|p1a: Toxapex\n|-damage|p1a: Toxapex|31\/100\n|move|p1a: Toxapex|Toxic Spikes|p2a: Bank Of Iraq\n|-sidestart|p2: Korokii777|move: Toxic Spikes\n|\n|-heal|p1a: Toxapex|37\/100|[from] item: Black Sludge\n|upkeep\n|turn|7\n|\n|t:|1698190508\n|move|p1a: Toxapex|Baneful Bunker|p1a: Toxapex\n|-singleturn|p1a: Toxapex|move: Protect\n|move|p2a: Bank Of Iraq|Shadow Ball|p1a: Toxapex\n|-activate|p1a: Toxapex|move: Protect\n|\n|-heal|p1a: Toxapex|43\/100|[from] item: Black Sludge\n|upkeep\n|turn|8\n|\n|t:|1698190522\n|switch|p1a: Clefable|Clefable, M|100\/100\n|move|p2a: Bank Of Iraq|Shadow Ball|p1a: Clefable\n|-damage|p1a: Clefable|43\/100\n|\n|-heal|p1a: Clefable|49\/100|[from] item: Leftovers\n|upkeep\n|turn|9\n|\n|t:|1698190531\n|move|p1a: Clefable|Protect|p1a: Clefable\n|-singleturn|p1a: Clefable|Protect\n|move|p2a: Bank Of Iraq|Make It Rain|p1a: Clefable\n|-activate|p1a: Clefable|move: Protect\n|\n|-heal|p1a: Clefable|55\/100|[from] item: Leftovers\n|upkeep\n|turn|10\n|\n|t:|1698190540\n|switch|p1a: Toxapex|Toxapex, F|77\/100\n|move|p2a: Bank Of Iraq|Make It Rain|p1a: Toxapex\n|-resisted|p1a: Toxapex\n|-damage|p1a: Toxapex|41\/100\n|-unboost|p2a: Bank Of Iraq|spa|1\n|\n|-heal|p1a: Toxapex|47\/100|[from] item: Black Sludge\n|upkeep\n|turn|11\n|\n|t:|1698190551\n|move|p1a: Toxapex|Baneful Bunker|p1a: Toxapex\n|-singleturn|p1a: Toxapex|move: Protect\n|move|p2a: Bank Of Iraq|Shadow Ball|p1a: Toxapex\n|-activate|p1a: Toxapex|move: Protect\n|\n|-heal|p1a: Toxapex|53\/100|[from] item: Black Sludge\n|upkeep\n|turn|12\n|\n|t:|1698190566\n|switch|p1a: Goodra|Goodra-Hisui, M|100\/100\n|move|p2a: Bank Of Iraq|Shadow Ball|p1a: Goodra\n|-damage|p1a: Goodra|72\/100\n|\n|-heal|p1a: Goodra|78\/100|[from] item: Leftovers\n|upkeep\n|turn|13\n|\n|t:|1698190579\n|switch|p2a: Bacon God|Koraidon|100\/100\n|-damage|p2a: Bacon God|94\/100|[from] Stealth Rock\n|-status|p2a: Bacon God|tox\n|-weather|SunnyDay|[from] ability: Orichalcum Pulse|[of] p2a: Bacon God\n|-activate|p2a: Bacon God|Orichalcum Pulse|[source]\n|move|p1a: Goodra|Life Dew|p1a: Goodra\n|-heal|p1a: Goodra|100\/100\n|\n|-weather|SunnyDay|[upkeep]\n|-damage|p2a: Bacon God|88\/100 tox|[from] psn\n|upkeep\n|turn|14\n|\n|t:|1698190592\n|switch|p1a: Clefable|Clefable, M|55\/100\n|move|p2a: Bacon God|Flare Blitz|p1a: Clefable\n|-damage|p1a: Clefable|0 fnt\n|faint|p1a: Clefable\n|-damage|p2a: Bacon God|71\/100 tox|[from] Recoil\n|\n|-weather|SunnyDay|[upkeep]\n|-damage|p2a: Bacon God|58\/100 tox|[from] psn\n|upkeep\n|\n|t:|1698190603\n|switch|p1a: Toxapex|Toxapex, F|86\/100\n|turn|15\n|\n|t:|1698190619\n|switch|p2a: obeser wailord|Kyogre, shiny|100\/100\n|-damage|p2a: obeser wailord|88\/100|[from] Stealth Rock\n|-status|p2a: obeser wailord|tox\n|-weather|RainDance|[from] ability: Drizzle|[of] p2a: obeser wailord\n|move|p1a: Toxapex|Baneful Bunker||[still]\n|-fail|p1a: Toxapex\n|\n|-weather|RainDance|[upkeep]\n|-heal|p1a: Toxapex|92\/100|[from] item: Black Sludge\n|-damage|p2a: obeser wailord|82\/100 tox|[from] psn\n|upkeep\n|turn|16\n|\n|t:|1698190636\n|move|p2a: obeser wailord|Earthquake|p1a: Toxapex\n|-supereffective|p1a: Toxapex\n|-damage|p1a: Toxapex|39\/100\n|move|p1a: Toxapex|Recover|p1a: Toxapex\n|-heal|p1a: Toxapex|89\/100\n|\n|-weather|RainDance|[upkeep]\n|-heal|p1a: Toxapex|96\/100|[from] item: Black Sludge\n|-damage|p2a: obeser wailord|70\/100 tox|[from] psn\n|upkeep\n|turn|17\n|\n|t:|1698190645\n|move|p1a: Toxapex|Baneful Bunker|p1a: Toxapex\n|-singleturn|p1a: Toxapex|move: Protect\n|move|p2a: obeser wailord|Thunder|p1a: Toxapex\n|-activate|p1a: Toxapex|move: Protect\n|\n|-weather|RainDance|[upkeep]\n|-heal|p1a: Toxapex|100\/100|[from] item: Black Sludge\n|-damage|p2a: obeser wailord|51\/100 tox|[from] psn\n|upkeep\n|turn|18\n|\n|t:|1698190655\n|switch|p1a: Goodra|Goodra-Hisui, M|100\/100\n|move|p2a: obeser wailord|Thunder|p1a: Goodra\n|-resisted|p1a: Goodra\n|-damage|p1a: Goodra|86\/100\n|\n|-weather|RainDance|[upkeep]\n|-heal|p1a: Goodra|92\/100|[from] item: Leftovers\n|-damage|p2a: obeser wailord|27\/100 tox|[from] psn\n|upkeep\n|turn|19\n|\n|t:|1698190669\n|move|p1a: Goodra|Protect|p1a: Goodra\n|-singleturn|p1a: Goodra|Protect\n|move|p2a: obeser wailord|Earthquake|p1a: Goodra\n|-activate|p1a: Goodra|move: Protect\n|\n|-weather|none\n|-heal|p1a: Goodra|98\/100|[from] item: Leftovers\n|-damage|p2a: obeser wailord|0 fnt|[from] psn\n|faint|p2a: obeser wailord\n|upkeep\n|\n|t:|1698190674\n|switch|p2a: Bacon God|Koraidon|58\/100 tox\n|-damage|p2a: Bacon God|52\/100 tox|[from] Stealth Rock\n|-weather|SunnyDay|[from] ability: Orichalcum Pulse|[of] p2a: Bacon God\n|-activate|p2a: Bacon God|Orichalcum Pulse|[source]\n|turn|20\n|\n|t:|1698190683\n|move|p1a: Goodra|Protect||[still]\n|-fail|p1a: Goodra\n|move|p2a: Bacon God|Flare Blitz|p1a: Goodra\n|-damage|p1a: Goodra|36\/100\n|-damage|p2a: Bacon God|30\/100 tox|[from] Recoil\n|\n|-weather|SunnyDay|[upkeep]\n|-heal|p1a: Goodra|42\/100|[from] item: Leftovers\n|-damage|p2a: Bacon God|24\/100 tox|[from] psn\n|upkeep\n|turn|21\n|\n|t:|1698190693\n|move|p1a: Goodra|Protect|p1a: Goodra\n|-singleturn|p1a: Goodra|Protect\n|move|p2a: Bacon God|Low Kick|p1a: Goodra\n|-activate|p1a: Goodra|move: Protect\n|\n|-weather|SunnyDay|[upkeep]\n|-heal|p1a: Goodra|48\/100|[from] item: Leftovers\n|-damage|p2a: Bacon God|12\/100 tox|[from] psn\n|upkeep\n|turn|22\n|\n|t:|1698190706\n|switch|p1a: Slowbro|Slowbro, F|100\/100\n|move|p2a: Bacon God|Low Kick|p1a: Slowbro\n|-resisted|p1a: Slowbro\n|-damage|p1a: Slowbro|76\/100\n|\n|-weather|SunnyDay|[upkeep]\n|-heal|p1a: Slowbro|82\/100|[from] item: Leftovers\n|-damage|p2a: Bacon God|0 fnt|[from] psn\n|faint|p2a: Bacon God\n|upkeep\n|\n|t:|1698190716\n|switch|p2a: tax evasion|Darkrai, shiny|100\/100\n|-damage|p2a: tax evasion|88\/100|[from] Stealth Rock\n|-status|p2a: tax evasion|tox\n|turn|23\n|\n|t:|1698190727\n|switch|p1a: Toxapex|Toxapex, F|100\/100\n|move|p2a: tax evasion|Nasty Plot|p2a: tax evasion\n|-boost|p2a: tax evasion|spa|2\n|\n|-weather|SunnyDay|[upkeep]\n|-damage|p2a: tax evasion|82\/100 tox|[from] psn\n|upkeep\n|turn|24\n|\n|t:|1698190737\n|move|p1a: Toxapex|Baneful Bunker|p1a: Toxapex\n|-singleturn|p1a: Toxapex|move: Protect\n|move|p2a: tax evasion|Dark Pulse|p1a: Toxapex\n|-activate|p1a: Toxapex|move: Protect\n|\n|-weather|none\n|-damage|p2a: tax evasion|70\/100 tox|[from] psn\n|upkeep\n|turn|25\n|\n|t:|1698190753\n|switch|p1a: Garganacl|Garganacl, F|100\/100\n|move|p2a: tax evasion|Dark Pulse|p1a: Garganacl\n|-damage|p1a: Garganacl|34\/100\n|-damage|p2a: tax evasion|60\/100 tox|[from] item: Life Orb\n|\n|-heal|p1a: Garganacl|40\/100|[from] item: Leftovers\n|-damage|p2a: tax evasion|42\/100 tox|[from] psn\n|upkeep\n|turn|26\n|\n|t:|1698190764\n|switch|p2a: Totenkopfverb\u00e4nde|Haxorus, F, shiny|100\/100\n|-ability|p2a: Totenkopfverb\u00e4nde|Mold Breaker\n|move|p1a: Garganacl|Protect||[still]\n|-fail|p1a: Garganacl\n|\n|-heal|p1a: Garganacl|46\/100|[from] item: Leftovers\n|upkeep\n|turn|27\n|\n|t:|1698190776\n|switch|p1a: Toxapex|Toxapex, F|100\/100\n|move|p2a: Totenkopfverb\u00e4nde|Earthquake|p1a: Toxapex\n|-supereffective|p1a: Toxapex\n|-damage|p1a: Toxapex|36\/100\n|\n|-heal|p1a: Toxapex|42\/100|[from] item: Black Sludge\n|upkeep\n|turn|28\n|\n|t:|1698190783\n|move|p1a: Toxapex|Baneful Bunker|p1a: Toxapex\n|-singleturn|p1a: Toxapex|move: Protect\n|move|p2a: Totenkopfverb\u00e4nde|Earthquake|p1a: Toxapex\n|-activate|p1a: Toxapex|move: Protect\n|\n|-heal|p1a: Toxapex|48\/100|[from] item: Black Sludge\n|upkeep\n|turn|29\n|\n|t:|1698190795\n|switch|p1a: Tropius|Tropius, F|28\/100\n|move|p2a: Totenkopfverb\u00e4nde|Earthquake|p1a: Tropius\n|-immune|p1a: Tropius\n|\n|upkeep\n|turn|30\n|\n|t:|1698190806\n|switch|p1a: Toxapex|Toxapex, F|81\/100\n|move|p2a: Totenkopfverb\u00e4nde|Poison Jab|p1a: Toxapex\n|-resisted|p1a: Toxapex\n|-damage|p1a: Toxapex|68\/100\n|\n|-heal|p1a: Toxapex|74\/100|[from] item: Black Sludge\n|upkeep\n|turn|31\n|\n|t:|1698190815\n|move|p1a: Toxapex|Baneful Bunker|p1a: Toxapex\n|-singleturn|p1a: Toxapex|move: Protect\n|move|p2a: Totenkopfverb\u00e4nde|Earthquake|p1a: Toxapex\n|-activate|p1a: Toxapex|move: Protect\n|\n|-heal|p1a: Toxapex|80\/100|[from] item: Black Sludge\n|upkeep\n|turn|32\n|\n|t:|1698190823\n|switch|p1a: Tropius|Tropius, F|28\/100\n|move|p2a: Totenkopfverb\u00e4nde|Swords Dance|p2a: Totenkopfverb\u00e4nde\n|-boost|p2a: Totenkopfverb\u00e4nde|atk|2\n|\n|upkeep\n|turn|33\n|\n|t:|1698190833\n|move|p1a: Tropius|Protect|p1a: Tropius\n|-singleturn|p1a: Tropius|Protect\n|move|p2a: Totenkopfverb\u00e4nde|Poison Jab|p1a: Tropius\n|-activate|p1a: Tropius|move: Protect\n|\n|upkeep\n|turn|34\n|\n|t:|1698190842\n|switch|p1a: Toxapex|Toxapex, F|100\/100\n|move|p2a: Totenkopfverb\u00e4nde|Poison Jab|p1a: Toxapex\n|-resisted|p1a: Toxapex\n|-damage|p1a: Toxapex|77\/100\n|\n|-heal|p1a: Toxapex|83\/100|[from] item: Black Sludge\n|upkeep\n|turn|35\n|n|\u2606Korokii777|korokii777\n|\n|t:|1698190851\n|move|p1a: Toxapex|Baneful Bunker|p1a: Toxapex\n|-singleturn|p1a: Toxapex|move: Protect\n|move|p2a: Totenkopfverb\u00e4nde|Swords Dance|p2a: Totenkopfverb\u00e4nde\n|-boost|p2a: Totenkopfverb\u00e4nde|atk|2\n|\n|-heal|p1a: Toxapex|89\/100|[from] item: Black Sludge\n|upkeep\n|turn|36\n|\n|t:|1698190860\n|move|p2a: Totenkopfverb\u00e4nde|Poison Jab|p1a: Toxapex\n|-resisted|p1a: Toxapex\n|-damage|p1a: Toxapex|49\/100\n|move|p1a: Toxapex|Toxic|p2a: Totenkopfverb\u00e4nde\n|-status|p2a: Totenkopfverb\u00e4nde|tox\n|\n|-heal|p1a: Toxapex|55\/100|[from] item: Black Sludge\n|-damage|p2a: Totenkopfverb\u00e4nde|94\/100 tox|[from] psn\n|upkeep\n|turn|37\n|\n|t:|1698190869\n|move|p1a: Toxapex|Baneful Bunker|p1a: Toxapex\n|-singleturn|p1a: Toxapex|move: Protect\n|move|p2a: Totenkopfverb\u00e4nde|Earthquake|p1a: Toxapex\n|-activate|p1a: Toxapex|move: Protect\n|\n|-heal|p1a: Toxapex|61\/100|[from] item: Black Sludge\n|-damage|p2a: Totenkopfverb\u00e4nde|82\/100 tox|[from] psn\n|upkeep\n|turn|38\n|\n|t:|1698190886\n|switch|p1a: Tropius|Tropius, F|28\/100\n|move|p2a: Totenkopfverb\u00e4nde|Earthquake|p1a: Tropius\n|-immune|p1a: Tropius\n|\n|-damage|p2a: Totenkopfverb\u00e4nde|64\/100 tox|[from] psn\n|upkeep\n|turn|39\n|\n|t:|1698190894\n|move|p1a: Tropius|Protect|p1a: Tropius\n|-singleturn|p1a: Tropius|Protect\n|move|p2a: Totenkopfverb\u00e4nde|Poison Jab|p1a: Tropius\n|-activate|p1a: Tropius|move: Protect\n|\n|-damage|p2a: Totenkopfverb\u00e4nde|39\/100 tox|[from] psn\n|upkeep\n|turn|40\n|\n|t:|1698190902\n|switch|p2a: Bank Of Iraq|Gholdengo|100\/100\n|switch|p1a: Toxapex|Toxapex, F|94\/100\n|\n|-heal|p1a: Toxapex|100\/100|[from] item: Black Sludge\n|upkeep\n|turn|41\n|\n|t:|1698190916\n|move|p1a: Toxapex|Baneful Bunker|p1a: Toxapex\n|-singleturn|p1a: Toxapex|move: Protect\n|move|p2a: Bank Of Iraq|Nasty Plot|p2a: Bank Of Iraq\n|-boost|p2a: Bank Of Iraq|spa|2\n|\n|upkeep\n|turn|42\n|\n|t:|1698190932\n|move|p2a: Bank Of Iraq|Nasty Plot|p2a: Bank Of Iraq\n|-boost|p2a: Bank Of Iraq|spa|2\n|move|p1a: Toxapex|Recover||[still]\n|-fail|p1a: Toxapex|heal\n|\n|upkeep\n|turn|43\n|\n|t:|1698190940\n|move|p2a: Bank Of Iraq|Shadow Ball|p1a: Toxapex\n|-damage|p1a: Toxapex|0 fnt\n|faint|p1a: Toxapex\n|\n|upkeep\n|-message|drop a map forfeited.\n|\n|win|Korokii777\n|raw|drop a map's rating: 1116 &rarr; <strong>1085<\/strong><br \/>(-31 for losing)\n|raw|Korokii777's rating: 1027 &rarr; <strong>1072<\/strong><br \/>(+45 for winning)\n|l|\u2606drop a map\n","uploadtime":1698190432,"views":4,"p1id":"dropamap","p2id":"korokii777","formatid":"gen9ubers","rating":1072,"private":0,"password":""}