{"id":"gen9ubers-1979019456","p1":"ZachMcD","p2":"hatev2","format":"[Gen 9] Ubers","log":"|j|\u2606ZachMcD\n|j|\u2606hatev2\n|t:|1698621915\n|gametype|singles\n|player|p1|ZachMcD|giovanni|\n|player|p2|hatev2|hiker-gen4|\n|teamsize|p1|6\n|teamsize|p2|6\n|gen|9\n|tier|[Gen 9] Ubers\n|rule|Sleep Clause Mod: Limit one foe put to sleep\n|rule|Species Clause: Limit one of each Pok\u00e9mon\n|rule|OHKO Clause: OHKO moves are banned\n|rule|Evasion Items Clause: Evasion items are banned\n|rule|Evasion Moves Clause: Evasion moves are banned\n|rule|Endless Battle Clause: Forcing endless battles is banned\n|rule|HP Percentage Mod: HP is shown in percentages\n|clearpoke\n|poke|p1|Chi-Yu|\n|poke|p1|Tornadus-Therian, M|\n|poke|p1|Annihilape, M|\n|poke|p1|Toxapex, F|\n|poke|p1|Gallade, M|\n|poke|p1|Froslass, F|\n|poke|p2|Torkoal, F|\n|poke|p2|Lilligant-Hisui, F|\n|poke|p2|Slither Wing|\n|poke|p2|Walking Wake|\n|poke|p2|Iron Treads|\n|poke|p2|Mandibuzz, F|\n|teampreview\n|\n|t:|1698621946\n|start\n|switch|p1a: The Walling|Toxapex, F|100\/100\n|switch|p2a: SKRRRRRRRRRRT|Iron Treads|100\/100\n|-enditem|p2a: SKRRRRRRRRRRT|Booster Energy\n|-activate|p2a: SKRRRRRRRRRRT|ability: Quark Drive|[fromitem]\n|-start|p2a: SKRRRRRRRRRRT|quarkdrivespe\n|turn|1\n|c|\u2606ZachMcD|glgl\n|c|\u2606hatev2|gl\n|\n|t:|1698621954\n|move|p2a: SKRRRRRRRRRRT|Earthquake|p1a: The Walling\n|-supereffective|p1a: The Walling\n|-damage|p1a: The Walling|41\/100\n|move|p1a: The Walling|Chilling Water|p2a: SKRRRRRRRRRRT\n|-supereffective|p2a: SKRRRRRRRRRRT\n|-damage|p2a: SKRRRRRRRRRRT|69\/100\n|-unboost|p2a: SKRRRRRRRRRRT|atk|1\n|\n|-heal|p1a: The Walling|48\/100|[from] item: Leftovers\n|upkeep\n|turn|2\n|\n|t:|1698621973\n|-end|p2a: SKRRRRRRRRRRT|Quark Drive|[silent]\n|switch|p2a: HEHEHEHE Sun|Slither Wing|100\/100\n|move|p1a: The Walling|Recover|p1a: The Walling\n|-heal|p1a: The Walling|98\/100\n|\n|-heal|p1a: The Walling|100\/100|[from] item: Leftovers\n|upkeep\n|turn|3\n|\n|t:|1698621983\n|move|p2a: HEHEHEHE Sun|U-turn|p1a: The Walling\n|-resisted|p1a: The Walling\n|-damage|p1a: The Walling|85\/100\n|-damage|p2a: HEHEHEHE Sun|91\/100|[from] item: Life Orb\n|\n|t:|1698622031\n|-end|p2a: HEHEHEHE Sun|Protosynthesis|[silent]\n|switch|p2a: TweetTweet Me Bird|Mandibuzz, F|100\/100|[from] U-turn\n|move|p1a: The Walling|Toxic|p2a: TweetTweet Me Bird\n|-status|p2a: TweetTweet Me Bird|tox\n|\n|-heal|p1a: The Walling|91\/100|[from] item: Leftovers\n|-damage|p2a: TweetTweet Me Bird|94\/100 tox|[from] psn\n|upkeep\n|turn|4\n|\n|t:|1698622055\n|move|p2a: TweetTweet Me Bird|Knock Off|p1a: The Walling\n|-damage|p1a: The Walling|77\/100\n|-enditem|p1a: The Walling|Leftovers|[from] move: Knock Off|[of] p2a: TweetTweet Me Bird\n|move|p1a: The Walling|Chilling Water|p2a: TweetTweet Me Bird\n|-damage|p2a: TweetTweet Me Bird|85\/100 tox\n|-unboost|p2a: TweetTweet Me Bird|atk|1\n|\n|-damage|p2a: TweetTweet Me Bird|73\/100 tox|[from] psn\n|upkeep\n|turn|5\n|\n|t:|1698622070\n|move|p2a: TweetTweet Me Bird|U-turn|p1a: The Walling\n|-resisted|p1a: The Walling\n|-crit|p1a: The Walling\n|-damage|p1a: The Walling|71\/100\n|\n|t:|1698622084\n|switch|p2a: HEHEHEHE Sun|Slither Wing|91\/100|[from] U-turn\n|move|p1a: The Walling|Rain Dance|p1a: The Walling\n|-weather|RainDance\n|\n|-weather|RainDance|[upkeep]\n|upkeep\n|turn|6\n|\n|t:|1698622098\n|switch|p1a: Demon|Tornadus-Therian, M|100\/100\n|move|p2a: HEHEHEHE Sun|Earthquake|p1a: Demon\n|-immune|p1a: Demon\n|\n|-weather|RainDance|[upkeep]\n|upkeep\n|turn|7\n|\n|t:|1698622115\n|-end|p2a: HEHEHEHE Sun|Protosynthesis|[silent]\n|switch|p2a: hehe sun|Torkoal, F|100\/100\n|-weather|SunnyDay|[from] ability: Drought|[of] p2a: hehe sun\n|move|p1a: Demon|U-turn|p2a: hehe sun\n|-resisted|p2a: hehe sun\n|-damage|p2a: hehe sun|96\/100\n|\n|t:|1698622118\n|switch|p1a: The Walling|Toxapex, F|100\/100|[from] U-turn\n|\n|-weather|SunnyDay|[upkeep]\n|upkeep\n|turn|8\n|\n|t:|1698622123\n|switch|p2a: HEHEHEHE Sun|Slither Wing|91\/100\n|-activate|p2a: HEHEHEHE Sun|ability: Protosynthesis\n|-start|p2a: HEHEHEHE Sun|protosynthesisatk\n|move|p1a: The Walling|Rain Dance|p1a: The Walling\n|-weather|RainDance\n|-end|p2a: HEHEHEHE Sun|Protosynthesis\n|\n|-weather|RainDance|[upkeep]\n|upkeep\n|turn|9\n|\n|t:|1698622128\n|move|p2a: HEHEHEHE Sun|First Impression|p1a: The Walling\n|-resisted|p1a: The Walling\n|-damage|p1a: The Walling|81\/100\n|-damage|p2a: HEHEHEHE Sun|81\/100|[from] item: Life Orb\n|move|p1a: The Walling|Toxic|p2a: HEHEHEHE Sun\n|-status|p2a: HEHEHEHE Sun|tox\n|\n|-weather|RainDance|[upkeep]\n|-damage|p2a: HEHEHEHE Sun|74\/100 tox|[from] psn\n|upkeep\n|turn|10\n|\n|t:|1698622136\n|-end|p2a: HEHEHEHE Sun|Protosynthesis|[silent]\n|switch|p2a: hehe sun|Torkoal, F|96\/100\n|-weather|SunnyDay|[from] ability: Drought|[of] p2a: hehe sun\n|move|p1a: The Walling|Toxic|p2a: hehe sun\n|-status|p2a: hehe sun|tox\n|\n|-weather|SunnyDay|[upkeep]\n|-damage|p2a: hehe sun|90\/100 tox|[from] psn\n|upkeep\n|turn|11\n|\n|t:|1698622139\n|move|p1a: The Walling|Rain Dance|p1a: The Walling\n|-weather|RainDance\n|move|p2a: hehe sun|Earthquake|p1a: The Walling\n|-supereffective|p1a: The Walling\n|-damage|p1a: The Walling|58\/100\n|\n|-weather|RainDance|[upkeep]\n|-damage|p2a: hehe sun|78\/100 tox|[from] psn\n|upkeep\n|turn|12\n|\n|t:|1698622144\n|move|p1a: The Walling|Recover|p1a: The Walling\n|-heal|p1a: The Walling|100\/100\n|move|p2a: hehe sun|Will-O-Wisp|p1a: The Walling\n|-status|p1a: The Walling|brn\n|\n|-weather|RainDance|[upkeep]\n|-damage|p2a: hehe sun|60\/100 tox|[from] psn\n|-damage|p1a: The Walling|94\/100 brn|[from] brn\n|upkeep\n|turn|13\n|\n|t:|1698622154\n|switch|p1a: Demon|Tornadus-Therian, M|100\/100\n|switch|p2a: SKRRRRRRRRRRT|Iron Treads|69\/100\n|\n|-weather|RainDance|[upkeep]\n|upkeep\n|turn|14\n|\n|t:|1698622160\n|move|p1a: Demon|Weather Ball|p2a: SKRRRRRRRRRRT\n|-supereffective|p2a: SKRRRRRRRRRRT\n|-damage|p2a: SKRRRRRRRRRRT|0 fnt\n|faint|p2a: SKRRRRRRRRRRT\n|-end|p2a: SKRRRRRRRRRRT|Quark Drive|[silent]\n|\n|-weather|RainDance|[upkeep]\n|upkeep\n|\n|t:|1698622166\n|switch|p2a: HEHEHEHEHE Sun|Walking Wake|100\/100\n|turn|15\n|\n|t:|1698622191\n|switch|p1a: Unshackled|Annihilape, M|100\/100\n|move|p2a: HEHEHEHEHE Sun|Draco Meteor|p1a: Unshackled\n|-damage|p1a: Unshackled|17\/100\n|-unboost|p2a: HEHEHEHEHE Sun|spa|2\n|\n|-weather|none\n|-heal|p1a: Unshackled|23\/100|[from] item: Leftovers\n|upkeep\n|turn|16\n|\n|t:|1698622204\n|move|p2a: HEHEHEHEHE Sun|Draco Meteor|p1a: Unshackled\n|-damage|p1a: Unshackled|0 fnt\n|-unboost|p2a: HEHEHEHEHE Sun|spa|2\n|faint|p1a: Unshackled\n|\n|upkeep\n|\n|t:|1698622209\n|switch|p1a: Schliche|Gallade, M|100\/100\n|turn|17\n|\n|t:|1698622221\n|-end|p2a: HEHEHEHEHE Sun|Protosynthesis|[silent]\n|switch|p2a: hehe sun|Torkoal, F|60\/100 tox\n|-weather|SunnyDay|[from] ability: Drought|[of] p2a: hehe sun\n|move|p1a: Schliche|Swords Dance|p1a: Schliche\n|-boost|p1a: Schliche|atk|2\n|\n|-weather|SunnyDay|[upkeep]\n|-damage|p2a: hehe sun|54\/100 tox|[from] psn\n|upkeep\n|turn|18\n|\n|t:|1698622244\n|switch|p2a: TweetTweet Me Bird|Mandibuzz, F|73\/100 tox\n|move|p1a: Schliche|Sacred Sword|p2a: TweetTweet Me Bird\n|-crit|p2a: TweetTweet Me Bird\n|-damage|p2a: TweetTweet Me Bird|0 fnt\n|-damage|p1a: Schliche|84\/100|[from] item: Rocky Helmet|[of] p2a: TweetTweet Me Bird\n|faint|p2a: TweetTweet Me Bird\n|-damage|p1a: Schliche|74\/100|[from] item: Life Orb\n|\n|-weather|SunnyDay|[upkeep]\n|upkeep\n|\n|t:|1698622251\n|switch|p2a: HEHEHEHEHE Sun|Walking Wake|100\/100\n|-activate|p2a: HEHEHEHEHE Sun|ability: Protosynthesis\n|-start|p2a: HEHEHEHEHE Sun|protosynthesisspe\n|turn|19\n|\n|t:|1698622281\n|move|p2a: HEHEHEHEHE Sun|Draco Meteor|p1a: Schliche\n|-crit|p1a: Schliche\n|-damage|p1a: Schliche|0 fnt\n|-unboost|p2a: HEHEHEHEHE Sun|spa|2\n|faint|p1a: Schliche\n|\n|-weather|SunnyDay|[upkeep]\n|upkeep\n|\n|t:|1698622288\n|switch|p1a: Demon|Tornadus-Therian, M|100\/100\n|turn|20\n|\n|t:|1698622304\n|-end|p2a: HEHEHEHEHE Sun|Protosynthesis|[silent]\n|switch|p2a: HEHEHEHE Sun|Slither Wing|74\/100 tox\n|-activate|p2a: HEHEHEHE Sun|ability: Protosynthesis\n|-start|p2a: HEHEHEHE Sun|protosynthesisatk\n|move|p1a: Demon|Weather Ball|p2a: HEHEHEHE Sun\n|-supereffective|p2a: HEHEHEHE Sun\n|-damage|p2a: HEHEHEHE Sun|0 fnt\n|faint|p2a: HEHEHEHE Sun\n|-end|p2a: HEHEHEHE Sun|Protosynthesis|[silent]\n|\n|-weather|SunnyDay|[upkeep]\n|upkeep\n|\n|t:|1698622313\n|switch|p2a: HEHEHEHEHE Sun|Walking Wake|100\/100\n|-activate|p2a: HEHEHEHEHE Sun|ability: Protosynthesis\n|-start|p2a: HEHEHEHEHE Sun|protosynthesisspe\n|turn|21\n|\n|t:|1698622319\n|switch|p1a: The Walling|Toxapex, F|100\/100 brn\n|move|p2a: HEHEHEHEHE Sun|Draco Meteor|p1a: The Walling\n|-damage|p1a: The Walling|12\/100 brn\n|-unboost|p2a: HEHEHEHEHE Sun|spa|2\n|\n|-weather|SunnyDay|[upkeep]\n|-damage|p1a: The Walling|6\/100 brn|[from] brn\n|upkeep\n|turn|22\n|\n|t:|1698622332\n|switch|p1a: Fuk-Yu|Chi-Yu|100\/100\n|-ability|p1a: Fuk-Yu|Beads of Ruin\n|move|p2a: HEHEHEHEHE Sun|Draco Meteor|p1a: Fuk-Yu\n|-damage|p1a: Fuk-Yu|43\/100\n|-unboost|p2a: HEHEHEHEHE Sun|spa|2\n|\n|-weather|SunnyDay|[upkeep]\n|upkeep\n|turn|23\n|\n|t:|1698622361\n|move|p2a: HEHEHEHEHE Sun|Draco Meteor|p1a: Fuk-Yu\n|-damage|p1a: Fuk-Yu|5\/100\n|-unboost|p2a: HEHEHEHEHE Sun|spa|2\n|move|p1a: Fuk-Yu|Dark Pulse|p2a: HEHEHEHEHE Sun\n|-damage|p2a: HEHEHEHEHE Sun|30\/100\n|\n|-weather|SunnyDay|[upkeep]\n|upkeep\n|turn|24\n|\n|t:|1698622375\n|move|p2a: HEHEHEHEHE Sun|Draco Meteor|p1a: Fuk-Yu\n|-damage|p1a: Fuk-Yu|0 fnt\n|faint|p1a: Fuk-Yu\n|\n|-weather|none\n|-end|p2a: HEHEHEHEHE Sun|Protosynthesis\n|upkeep\n|\n|t:|1698622386\n|switch|p1a: Blizzeta|Froslass, F|100\/100\n|turn|25\n|\n|t:|1698622395\n|-end|p2a: HEHEHEHEHE Sun|Protosynthesis|[silent]\n|switch|p2a: hehe sun|Torkoal, F|54\/100 tox\n|-weather|SunnyDay|[from] ability: Drought|[of] p2a: hehe sun\n|move|p1a: Blizzeta|Ice Shard|p2a: hehe sun\n|-resisted|p2a: hehe sun\n|-damage|p2a: hehe sun|46\/100 tox\n|\n|-weather|SunnyDay|[upkeep]\n|-damage|p2a: hehe sun|40\/100 tox|[from] psn\n|upkeep\n|turn|26\n|\n|t:|1698622407\n|switch|p1a: Demon|Tornadus-Therian, M|100\/100\n|move|p2a: hehe sun|Stealth Rock|p1a: Demon\n|-sidestart|p1: ZachMcD|move: Stealth Rock\n|\n|-weather|SunnyDay|[upkeep]\n|-damage|p2a: hehe sun|28\/100 tox|[from] psn\n|upkeep\n|turn|27\n|\n|t:|1698622419\n|move|p1a: Demon|Weather Ball|p2a: hehe sun\n|-resisted|p2a: hehe sun\n|-damage|p2a: hehe sun|0 fnt\n|faint|p2a: hehe sun\n|\n|-weather|SunnyDay|[upkeep]\n|upkeep\n|\n|t:|1698622433\n|switch|p2a: HEHEHEHEHE Sun|Walking Wake|30\/100\n|-activate|p2a: HEHEHEHEHE Sun|ability: Protosynthesis\n|-start|p2a: HEHEHEHEHE Sun|protosynthesisspe\n|turn|28\n|\n|t:|1698622437\n|move|p2a: HEHEHEHEHE Sun|Draco Meteor|p1a: Demon\n|-damage|p1a: Demon|0 fnt\n|-unboost|p2a: HEHEHEHEHE Sun|spa|2\n|faint|p1a: Demon\n|\n|-weather|SunnyDay|[upkeep]\n|upkeep\n|\n|t:|1698622459\n|switch|p1a: Blizzeta|Froslass, F|100\/100\n|-damage|p1a: Blizzeta|76\/100|[from] Stealth Rock\n|turn|29\n|\n|t:|1698622481\n|-end|p2a: HEHEHEHEHE Sun|Protosynthesis|[silent]\n|switch|p2a: HEHEHE Sun|Lilligant-Hisui, F|100\/100\n|move|p1a: Blizzeta|Ice Shard|p2a: HEHEHE Sun\n|-supereffective|p2a: HEHEHE Sun\n|-damage|p2a: HEHEHE Sun|26\/100\n|\n|-weather|SunnyDay|[upkeep]\n|upkeep\n|turn|30\n|\n|t:|1698622489\n|move|p1a: Blizzeta|Ice Shard|p2a: HEHEHE Sun\n|-supereffective|p2a: HEHEHE Sun\n|-damage|p2a: HEHEHE Sun|0 fnt\n|faint|p2a: HEHEHE Sun\n|\n|-weather|SunnyDay|[upkeep]\n|upkeep\n|\n|t:|1698622491\n|switch|p2a: HEHEHEHEHE Sun|Walking Wake|30\/100\n|-activate|p2a: HEHEHEHEHE Sun|ability: Protosynthesis\n|-start|p2a: HEHEHEHEHE Sun|protosynthesisspe\n|turn|31\n|\n|t:|1698622508\n|move|p1a: Blizzeta|Ice Shard|p2a: HEHEHEHEHE Sun\n|-crit|p2a: HEHEHEHEHE Sun\n|-damage|p2a: HEHEHEHEHE Sun|0 fnt\n|faint|p2a: HEHEHEHEHE Sun\n|-end|p2a: HEHEHEHEHE Sun|Protosynthesis|[silent]\n|\n|win|ZachMcD\n|c|\u2606hatev2|gg\n|c|\u2606ZachMcD|gg\n|c|\u2606ZachMcD|I hope that didn't matter\n|c|\u2606hatev2|i think it may have ngl\n|c|\u2606hatev2|not 100% sure\n|c|\u2606hatev2|were u banded\n|c|\u2606ZachMcD|yeah\n|c|\u2606hatev2|it didnt matter\n|c|\u2606ZachMcD|Unless you were -Def it mattered\n|c|\u2606hatev2|then it did matter LOL\n|c|\u2606ZachMcD|Pain.\n|c|\u2606hatev2|fr\n|l|\u2606hatev2\n|c|\u2606ZachMcD|Ada Band does 29 max\n","uploadtime":1698622515,"views":19,"p1id":"zachmcd","p2id":"hatev2","formatid":"gen9ubers","rating":0,"private":0,"password":""}