{"id":"gen9ubers-1978432231","p1":"ur moom suus","p2":"KaiserreduxFan","format":"[Gen 9] Ubers","log":"|j|\u2606ur moom suus\n|j|\u2606KaiserreduxFan\n|t:|1698538183\n|gametype|singles\n|player|p1|ur moom suus|ryuki|\n|player|p2|KaiserreduxFan|lucas|\n|teamsize|p1|6\n|teamsize|p2|6\n|gen|9\n|tier|[Gen 9] Ubers\n|rule|Sleep Clause Mod: Limit one foe put to sleep\n|rule|Species Clause: Limit one of each Pok\u00e9mon\n|rule|OHKO Clause: OHKO moves are banned\n|rule|Evasion Items Clause: Evasion items are banned\n|rule|Evasion Moves Clause: Evasion moves are banned\n|rule|Endless Battle Clause: Forcing endless battles is banned\n|rule|HP Percentage Mod: HP is shown in percentages\n|clearpoke\n|poke|p1|Ceruledge, F|\n|poke|p1|Ogerpon-Wellspring, F|\n|poke|p1|Zacian-*|\n|poke|p1|Roaring Moon|\n|poke|p1|Arceus-Poison|\n|poke|p1|Gliscor, M|\n|poke|p2|Pelipper, F|\n|poke|p2|Basculegion-F, F|\n|poke|p2|Thundurus-Therian, M|\n|poke|p2|Zacian-*|\n|poke|p2|Palkia-Origin|\n|poke|p2|Arceus-Grass|\n|teampreview\n|inactive|Battle timer is ON: inactive players will automatically lose when time's up. (requested by KaiserreduxFan)\n|j| 0rc4n0s13\n|c| 0rc4n0s13|rain stall???\n|c|\u2606ur moom suus|g2, me 1-0\n|inactive|ur moom suus has 270 seconds left.\n|j| Mnemiic\n|c| 0rc4n0s13|SKIN\n|c| Mnemiic|QUAN\n|c| 0rc4n0s13|ALIVE\n|c|\u2606KaiserreduxFan|these clowns\n|inactive|ur moom suus has 240 seconds left.\n|\n|t:|1698538263\n|start\n|switch|p1a: dawg|Zacian, shiny|100\/100\n|switch|p2a: Pelipper|Pelipper, F|100\/100\n|-ability|p1a: dawg|Intrepid Sword|boost\n|-boost|p1a: dawg|atk|1\n|-weather|RainDance|[from] ability: Drizzle|[of] p2a: Pelipper\n|turn|1\n|inactive|ur moom suus has 270 seconds left.\n|\n|t:|1698538292\n|switch|p2a: Arceus|Arceus-Grass|100\/100\n|move|p1a: dawg|Play Rough|p2a: Arceus\n|-damage|p2a: Arceus|58\/100\n|-unboost|p2a: Arceus|atk|1\n|\n|-weather|RainDance|[upkeep]\n|upkeep\n|turn|2\n|\n|t:|1698538300\n|move|p1a: dawg|Ice Fang|p2a: Arceus\n|-supereffective|p2a: Arceus\n|-damage|p2a: Arceus|17\/100\n|cant|p2a: Arceus|flinch\n|\n|-weather|RainDance|[upkeep]\n|upkeep\n|turn|3\n|c|\u2606ur moom suus|1%\n|c|\u2606ur moom suus|lol\n|inactive|ur moom suus has 270 seconds left.\n|\n|t:|1698538319\n|move|p1a: dawg|Tera Blast|p2a: Arceus\n|-damage|p2a: Arceus|8\/100\n|move|p2a: Arceus|Judgment|p1a: dawg\n|-damage|p1a: dawg|52\/100\n|\n|-weather|RainDance|[upkeep]\n|-heal|p1a: dawg|58\/100|[from] item: Leftovers\n|upkeep\n|turn|4\n|\n|t:|1698538326\n|move|p1a: dawg|Play Rough|p2a: Arceus\n|-damage|p2a: Arceus|0 fnt\n|faint|p2a: Arceus\n|\n|-weather|RainDance|[upkeep]\n|-heal|p1a: dawg|64\/100|[from] item: Leftovers\n|upkeep\n|\n|t:|1698538333\n|switch|p2a: Basculegion|Basculegion-F, F|100\/100\n|turn|5\n|\n|t:|1698538347\n|switch|p2a: Thundurus|Thundurus-Therian, M|100\/100\n|move|p1a: dawg|Play Rough|p2a: Thundurus\n|-damage|p2a: Thundurus|0 fnt\n|faint|p2a: Thundurus\n|\n|-weather|RainDance|[upkeep]\n|-heal|p1a: dawg|70\/100|[from] item: Leftovers\n|upkeep\n|\n|t:|1698538352\n|switch|p2a: Basculegion|Basculegion-F, F|100\/100\n|turn|6\n|\n|t:|1698538356\n|move|p2a: Basculegion|Wave Crash|p1a: dawg\n|-damage|p1a: dawg|0 fnt\n|faint|p1a: dawg\n|-damage|p2a: Basculegion|81\/100|[from] Recoil\n|\n|-weather|RainDance|[upkeep]\n|upkeep\n|\n|t:|1698538359\n|switch|p1a: my king|Ceruledge, F|100\/100\n|turn|7\n|\n|t:|1698538368\n|switch|p2a: Palkia|Palkia-Origin|100\/100\n|-ability|p2a: Palkia|Pressure\n|move|p1a: my king|Swords Dance|p1a: my king\n|-boost|p1a: my king|atk|2\n|\n|-weather|RainDance|[upkeep]\n|upkeep\n|turn|8\n|\n|t:|1698538375\n|move|p2a: Palkia|Earth Power|p1a: my king\n|-supereffective|p1a: my king\n|-damage|p1a: my king|19\/100\n|move|p1a: my king|Close Combat|p2a: Palkia\n|-damage|p2a: Palkia|13\/100\n|-unboost|p1a: my king|def|1\n|-unboost|p1a: my king|spd|1\n|\n|-weather|none\n|upkeep\n|turn|9\n|\n|t:|1698538382\n|move|p1a: my king|Shadow Sneak|p2a: Palkia\n|-damage|p2a: Palkia|0 fnt\n|faint|p2a: Palkia\n|\n|upkeep\n|\n|t:|1698538390\n|switch|p2a: Zacian|Zacian|100\/100\n|-ability|p2a: Zacian|Intrepid Sword|boost\n|-boost|p2a: Zacian|atk|1\n|turn|10\n|\n|t:|1698538404\n|-terastallize|p2a: Zacian|Dark\n|move|p1a: my king|Shadow Sneak|p2a: Zacian\n|-resisted|p2a: Zacian\n|-damage|p2a: Zacian|80\/100\n|move|p2a: Zacian|Trailblaze|p1a: my king\n|-resisted|p1a: my king\n|-damage|p1a: my king|0 fnt\n|-boost|p2a: Zacian|spe|1\n|faint|p1a: my king\n|\n|upkeep\n|\n|t:|1698538415\n|switch|p1a: old man|Roaring Moon|100\/100\n|-enditem|p1a: old man|Booster Energy\n|-activate|p1a: old man|ability: Protosynthesis|[fromitem]\n|-start|p1a: old man|protosynthesisatk\n|turn|11\n|\n|t:|1698538435\n|-terastallize|p1a: old man|Flying\n|move|p2a: Zacian|Close Combat|p1a: old man\n|-resisted|p1a: old man\n|-damage|p1a: old man|59\/100\n|-unboost|p2a: Zacian|def|1\n|-unboost|p2a: Zacian|spd|1\n|move|p1a: old man|Dragon Dance|p1a: old man\n|-boost|p1a: old man|atk|1\n|-boost|p1a: old man|spe|1\n|\n|upkeep\n|turn|12\n|\n|t:|1698538442\n|move|p2a: Zacian|Play Rough|p1a: old man\n|-damage|p1a: old man|0 fnt\n|faint|p1a: old man\n|-end|p1a: old man|Protosynthesis|[silent]\n|\n|upkeep\n|c|\u2606ur moom suus|noooo\n|\n|t:|1698538451\n|switch|p1a: literally god|Arceus-Poison|100\/100\n|turn|13\n|inactive|ur moom suus has 270 seconds left.\n|\n|t:|1698538484\n|move|p2a: Zacian|Crunch|p1a: literally god\n|-damage|p1a: literally god|65\/100\n|move|p1a: literally god|Earth Power|p2a: Zacian\n|-damage|p2a: Zacian|48\/100\n|\n|upkeep\n|turn|14\n|\n|t:|1698538488\n|move|p2a: Zacian|Crunch|p1a: literally god\n|-crit|p1a: literally god\n|-damage|p1a: literally god|15\/100\n|move|p1a: literally god|Sludge Bomb|p2a: Zacian\n|-damage|p2a: Zacian|0 fnt\n|faint|p2a: Zacian\n|\n|upkeep\n|\n|t:|1698538494\n|switch|p2a: Basculegion|Basculegion-F, F|81\/100\n|turn|15\n|\n|t:|1698538504\n|move|p2a: Basculegion|Aqua Jet|p1a: literally god\n|-damage|p1a: literally god|0 fnt\n|faint|p1a: literally god\n|\n|upkeep\n|\n|t:|1698538507\n|switch|p1a: cry me a river|Ogerpon-Wellspring, F|100\/100\n|turn|16\n|\n|t:|1698538512\n|switch|p2a: Pelipper|Pelipper, F|100\/100\n|-weather|RainDance|[from] ability: Drizzle|[of] p2a: Pelipper\n|move|p1a: cry me a river|Horn Leech|p2a: Pelipper\n|-damage|p2a: Pelipper|57\/100\n|\n|-weather|RainDance|[upkeep]\n|upkeep\n|turn|17\n|\n|t:|1698538525\n|move|p1a: cry me a river|Ivy Cudgel|p2a: Pelipper\n|-resisted|p2a: Pelipper\n|-damage|p2a: Pelipper|7\/100\n|move|p2a: Pelipper|Hurricane|p1a: cry me a river\n|-supereffective|p1a: cry me a river\n|-damage|p1a: cry me a river|14\/100\n|\n|-weather|RainDance|[upkeep]\n|upkeep\n|turn|18\n|\n|t:|1698538550\n|move|p1a: cry me a river|Horn Leech|p2a: Pelipper\n|-damage|p2a: Pelipper|0 fnt\n|-heal|p1a: cry me a river|18\/100|[from] drain|[of] p2a: Pelipper\n|faint|p2a: Pelipper\n|\n|-weather|RainDance|[upkeep]\n|upkeep\n|\n|t:|1698538552\n|switch|p2a: Basculegion|Basculegion-F, F|81\/100\n|turn|19\n|\n|t:|1698538553\n|move|p2a: Basculegion|Last Respects|p1a: cry me a river\n|-damage|p1a: cry me a river|0 fnt\n|faint|p1a: cry me a river\n|\n|-weather|RainDance|[upkeep]\n|upkeep\n|\n|t:|1698538557\n|switch|p1a: flying monkey|Gliscor, M|100\/100\n|turn|20\n|\n|t:|1698538561\n|move|p1a: flying monkey|Protect|p1a: flying monkey\n|-singleturn|p1a: flying monkey|Protect\n|move|p2a: Basculegion|Last Respects|p1a: flying monkey\n|-activate|p1a: flying monkey|move: Protect\n|\n|-weather|RainDance|[upkeep]\n|-status|p1a: flying monkey|tox|[from] item: Toxic Orb\n|upkeep\n|turn|21\n|\n|t:|1698538567\n|move|p2a: Basculegion|Last Respects|p1a: flying monkey\n|-damage|p1a: flying monkey|0 fnt\n|faint|p1a: flying monkey\n|\n|win|KaiserreduxFan\n|c|\u2606ur moom suus|gg\n|c|\u2606KaiserreduxFan|gg\n|l|\u2606KaiserreduxFan\n|l| Mnemiic\n|l| 0rc4n0s13\n|c|\u2606ur moom suus|wp\n|j|\u2606KaiserreduxFan\n|player|p2|KaiserreduxFan|lucas\n","uploadtime":1698539056,"views":19,"p1id":"urmoomsuus","p2id":"kaiserreduxfan","formatid":"gen9ubers","rating":0,"private":0,"password":""}