{"id":"gen9ubers-1968735463","p1":"sleestacks","p2":"tomas.horna","format":"[Gen 9] Ubers","log":"|j|\u2606sleestacks\n|j|\u2606tomas.horna\n|t:|1697459592\n|gametype|singles\n|player|p1|sleestacks|guzma|1130\n|player|p2|tomas.horna|lance|1261\n|teamsize|p1|6\n|teamsize|p2|6\n|gen|9\n|tier|[Gen 9] Ubers\n|rated|\n|rule|Sleep Clause Mod: Limit one foe put to sleep\n|rule|Species Clause: Limit one of each Pok\u00e9mon\n|rule|OHKO Clause: OHKO moves are banned\n|rule|Evasion Items Clause: Evasion items are banned\n|rule|Evasion Moves Clause: Evasion moves are banned\n|rule|Endless Battle Clause: Forcing endless battles is banned\n|rule|HP Percentage Mod: HP is shown in percentages\n|clearpoke\n|poke|p1|Ribombee, M|\n|poke|p1|Arceus|\n|poke|p1|Zacian-*|\n|poke|p1|Eternatus|\n|poke|p1|Miraidon|\n|poke|p1|Koraidon|\n|poke|p2|Annihilape, F|\n|poke|p2|Infernape, M|\n|poke|p2|Rayquaza|\n|poke|p2|Mewtwo|\n|poke|p2|Espathra, M|\n|poke|p2|Shaymin-Sky|\n|teampreview\n|inactive|Battle timer is ON: inactive players will automatically lose when time's up. (requested by sleestacks)\n|\n|t:|1697459608\n|start\n|switch|p1a: Ribombee|Ribombee, M|100\/100\n|switch|p2a: Anti-Stall|Espathra, M|100\/100\n|turn|1\n|\n|t:|1697459614\n|move|p1a: Ribombee|Stun Spore|p2a: Anti-Stall\n|-status|p2a: Anti-Stall|par\n|move|p2a: Anti-Stall|Calm Mind|p2a: Anti-Stall\n|-boost|p2a: Anti-Stall|spa|1\n|-boost|p2a: Anti-Stall|spd|1\n|\n|-ability|p2a: Anti-Stall|Speed Boost|boost\n|-boost|p2a: Anti-Stall|spe|1\n|upkeep\n|turn|2\n|\n|t:|1697459617\n|move|p1a: Ribombee|Sticky Web|p2a: Anti-Stall\n|-sidestart|p2: tomas.horna|move: Sticky Web\n|move|p2a: Anti-Stall|Calm Mind|p2a: Anti-Stall\n|-boost|p2a: Anti-Stall|spa|1\n|-boost|p2a: Anti-Stall|spd|1\n|\n|-ability|p2a: Anti-Stall|Speed Boost|boost\n|-boost|p2a: Anti-Stall|spe|1\n|upkeep\n|turn|3\n|\n|t:|1697459622\n|move|p1a: Ribombee|Tailwind|p1a: Ribombee\n|-sidestart|p1: sleestacks|move: Tailwind\n|move|p2a: Anti-Stall|Lumina Crash|p1a: Ribombee\n|-enditem|p1a: Ribombee|Focus Sash\n|-damage|p1a: Ribombee|1\/100\n|\n|-ability|p2a: Anti-Stall|Speed Boost|boost\n|-boost|p2a: Anti-Stall|spe|1\n|upkeep\n|turn|4\n|\n|t:|1697459626\n|move|p1a: Ribombee|Moonblast|p2a: Anti-Stall\n|-damage|p2a: Anti-Stall|76\/100 par\n|cant|p2a: Anti-Stall|par\n|\n|-heal|p2a: Anti-Stall|82\/100 par|[from] item: Leftovers\n|-ability|p2a: Anti-Stall|Speed Boost|boost\n|-boost|p2a: Anti-Stall|spe|1\n|upkeep\n|turn|5\n|\n|t:|1697459630\n|switch|p1a: Zacian|Zacian-Crowned|100\/100\n|-ability|p1a: Zacian|Intrepid Sword|boost\n|-boost|p1a: Zacian|atk|1\n|move|p2a: Anti-Stall|Calm Mind|p2a: Anti-Stall\n|-boost|p2a: Anti-Stall|spa|1\n|-boost|p2a: Anti-Stall|spd|1\n|\n|-heal|p2a: Anti-Stall|88\/100 par|[from] item: Leftovers\n|-ability|p2a: Anti-Stall|Speed Boost|boost\n|-boost|p2a: Anti-Stall|spe|1\n|upkeep\n|turn|6\n|\n|t:|1697459642\n|move|p1a: Zacian|Behemoth Blade|p2a: Anti-Stall\n|-damage|p2a: Anti-Stall|0 fnt\n|faint|p2a: Anti-Stall\n|\n|-sideend|p1: sleestacks|move: Tailwind\n|upkeep\n|\n|t:|1697459659\n|switch|p2a: Vegeta|Annihilape, F|100\/100\n|-activate|p2a: Vegeta|move: Sticky Web\n|-unboost|p2a: Vegeta|spe|1\n|turn|7\n|\n|t:|1697459668\n|-terastallize|p2a: Vegeta|Steel\n|move|p1a: Zacian|Swords Dance|p1a: Zacian\n|-boost|p1a: Zacian|atk|2\n|move|p2a: Vegeta|Bulk Up|p2a: Vegeta\n|-boost|p2a: Vegeta|atk|1\n|-boost|p2a: Vegeta|def|1\n|\n|upkeep\n|turn|8\n|\n|t:|1697459672\n|move|p1a: Zacian|Swords Dance|p1a: Zacian\n|-boost|p1a: Zacian|atk|2\n|move|p2a: Vegeta|Rage Fist|p1a: Zacian\n|-damage|p1a: Zacian|66\/100\n|\n|upkeep\n|turn|9\n|\n|t:|1697459674\n|move|p1a: Zacian|Behemoth Blade|p2a: Vegeta\n|-resisted|p2a: Vegeta\n|-damage|p2a: Vegeta|40\/100\n|move|p2a: Vegeta|Rage Fist|p1a: Zacian\n|-damage|p1a: Zacian|0 fnt\n|faint|p1a: Zacian\n|\n|-heal|p2a: Vegeta|46\/100|[from] item: Leftovers\n|upkeep\n|inactive|sleestacks has 120 seconds left.\n|\n|t:|1697459723\n|switch|p1a: Koraidon|Koraidon|100\/100\n|-weather|SunnyDay|[from] ability: Orichalcum Pulse|[of] p1a: Koraidon\n|-activate|p1a: Koraidon|Orichalcum Pulse|[source]\n|turn|10\n|\n|t:|1697459731\n|move|p1a: Koraidon|Flare Blitz|p2a: Vegeta\n|-supereffective|p2a: Vegeta\n|-damage|p2a: Vegeta|0 fnt\n|faint|p2a: Vegeta\n|-damage|p1a: Koraidon|82\/100|[from] Recoil\n|\n|-weather|SunnyDay|[upkeep]\n|upkeep\n|\n|t:|1697459742\n|switch|p2a: Shenron|Rayquaza|100\/100\n|-ability|p2a: Shenron|Air Lock\n|turn|11\n|inactive|sleestacks has 120 seconds left.\n|\n|t:|1697459760\n|move|p1a: Koraidon|Scale Shot|p2a: Shenron\n|-supereffective|p2a: Shenron\n|-damage|p2a: Shenron|71\/100\n|-supereffective|p2a: Shenron\n|-damage|p2a: Shenron|43\/100\n|-supereffective|p2a: Shenron\n|-crit|p2a: Shenron\n|-damage|p2a: Shenron|0 fnt\n|faint|p2a: Shenron\n|-hitcount|p2: Shenron|3\n|-unboost|p1a: Koraidon|def|1\n|-boost|p1a: Koraidon|spe|1\n|\n|-weather|SunnyDay|[upkeep]\n|upkeep\n|\n|t:|1697459765\n|switch|p2a: Son Goku|Infernape, M|100\/100\n|-activate|p2a: Son Goku|move: Sticky Web\n|-unboost|p2a: Son Goku|spe|1\n|turn|12\n|\n|t:|1697459768\n|move|p1a: Koraidon|Scale Shot|p2a: Son Goku\n|-damage|p2a: Son Goku|70\/100\n|-damage|p2a: Son Goku|42\/100\n|-damage|p2a: Son Goku|14\/100\n|-damage|p2a: Son Goku|0 fnt\n|faint|p2a: Son Goku\n|-hitcount|p2: Son Goku|4\n|-unboost|p1a: Koraidon|def|1\n|-boost|p1a: Koraidon|spe|1\n|\n|-weather|SunnyDay|[upkeep]\n|upkeep\n|\n|t:|1697459784\n|switch|p2a: Frieza|Mewtwo|100\/100\n|-activate|p2a: Frieza|move: Sticky Web\n|-unboost|p2a: Frieza|spe|1\n|-ability|p2a: Frieza|Pressure\n|turn|13\n|\n|t:|1697459789\n|-terastallize|p1a: Koraidon|Fire\n|move|p1a: Koraidon|Flare Blitz|p2a: Frieza\n|-damage|p2a: Frieza|0 fnt\n|-damage|p1a: Koraidon|65\/100|[from] item: Rocky Helmet|[of] p2a: Frieza\n|faint|p2a: Frieza\n|-damage|p1a: Koraidon|31\/100|[from] Recoil\n|\n|-weather|SunnyDay|[upkeep]\n|upkeep\n|\n|t:|1697459792\n|switch|p2a: Random|Shaymin-Sky|100\/100\n|turn|14\n|\n|t:|1697459794\n|move|p1a: Koraidon|Flare Blitz|p2a: Random\n|-supereffective|p2a: Random\n|-damage|p2a: Random|0 fnt\n|faint|p2a: Random\n|-damage|p1a: Koraidon|0 fnt|[from] Recoil\n|faint|p1a: Koraidon\n|\n|win|sleestacks\n|raw|sleestacks's rating: 1130 &rarr; <strong>1164<\/strong><br \/>(+34 for winning)\n|raw|tomas.horna's rating: 1261 &rarr; <strong>1227<\/strong><br \/>(-34 for losing)\n","uploadtime":1697459797,"views":25,"p1id":"sleestacks","p2id":"tomashorna","formatid":"gen9ubers","rating":1164,"private":0,"password":""}