{"id":"gen9ubers-1987083037","p1":"Primordiallite","p2":"makers manhattan","format":"[Gen 9] Ubers","log":"|j|\u2606Primordiallite\n|j|\u2606makers manhattan\n|t:|1699554669\n|gametype|singles\n|player|p1|Primordiallite|cyclist|\n|player|p2|makers manhattan|1|\n|teamsize|p1|6\n|teamsize|p2|6\n|gen|9\n|tier|[Gen 9] Ubers\n|rated|Tournament battle\n|rule|Sleep Clause Mod: Limit one foe put to sleep\n|rule|Species Clause: Limit one of each Pok\u00e9mon\n|rule|OHKO Clause: OHKO moves are banned\n|rule|Evasion Items Clause: Evasion items are banned\n|rule|Evasion Moves Clause: Evasion moves are banned\n|rule|Endless Battle Clause: Forcing endless battles is banned\n|rule|HP Percentage Mod: HP is shown in percentages\n|clearpoke\n|poke|p1|Toxapex, M|\n|poke|p1|Clodsire, M|\n|poke|p1|Koraidon|\n|poke|p1|Giratina-Origin|\n|poke|p1|Dondozo, M|\n|poke|p1|Blissey, F|\n|poke|p2|Glimmora, F|\n|poke|p2|Magearna|\n|poke|p2|Miraidon|\n|poke|p2|Koraidon|\n|poke|p2|Ogerpon-Hearthflame, F|\n|poke|p2|Iron Bundle|\n|teampreview\n|c|\u2606makers manhattan|hf\n|j|+OreoSpeedruns\n|c|\u2606makers manhattan|forgive me if this team is ass\n|inactive|Battle timer is ON: inactive players will automatically lose when time's up. (requested by Primordiallite)\n|c|\u2606makers manhattan|stolen straight from \/teams\n|\n|t:|1699554691\n|start\n|switch|p1a: pleb|Giratina-Origin|100\/100\n|switch|p2a: Glimmora|Glimmora, F|100\/100\n|turn|1\n|j| Lo-F1\n|c|\u2606Primordiallite|Hf\n|\n|t:|1699554702\n|move|p2a: Glimmora|Mortal Spin|p1a: pleb\n|-resisted|p1a: pleb\n|-damage|p1a: pleb|99\/100\n|-status|p1a: pleb|psn\n|move|p1a: pleb|Will-O-Wisp|p2a: Glimmora\n|-status|p2a: Glimmora|brn\n|\n|-damage|p1a: pleb|86\/100 psn|[from] psn\n|-damage|p2a: Glimmora|94\/100 brn|[from] brn\n|upkeep\n|turn|2\n|j| NeonLegacy\n|\n|t:|1699554717\n|switch|p1a: bleb|Clodsire, M|100\/100\n|move|p2a: Glimmora|Stealth Rock|p1a: bleb\n|-sidestart|p1: Primordiallite|move: Stealth Rock\n|\n|-damage|p2a: Glimmora|88\/100 brn|[from] brn\n|upkeep\n|turn|3\n|\n|t:|1699554723\n|move|p2a: Glimmora|Earth Power|p1a: bleb\n|-supereffective|p1a: bleb\n|-damage|p1a: bleb|65\/100\n|-unboost|p1a: bleb|spd|1\n|move|p1a: bleb|Stealth Rock|p2a: Glimmora\n|-sidestart|p2: makers manhattan|move: Stealth Rock\n|\n|-heal|p1a: bleb|71\/100|[from] item: Leftovers\n|-damage|p2a: Glimmora|82\/100 brn|[from] brn\n|upkeep\n|turn|4\n|\n|t:|1699554730\n|move|p2a: Glimmora|Mortal Spin|p1a: bleb\n|-resisted|p1a: bleb\n|-damage|p1a: bleb|71\/100\n|-sideend|p2: makers manhattan|Stealth Rock|[from] move: Mortal Spin|[of] p2a: Glimmora\n|move|p1a: bleb|Spikes|p2a: Glimmora\n|-sidestart|p2: makers manhattan|Spikes\n|\n|-heal|p1a: bleb|77\/100|[from] item: Leftovers\n|-damage|p2a: Glimmora|76\/100 brn|[from] brn\n|upkeep\n|turn|5\n|\n|t:|1699554752\n|switch|p1a: poxatex|Toxapex, M|100\/100\n|move|p2a: Glimmora|Mortal Spin|p1a: poxatex\n|-resisted|p1a: poxatex\n|-damage|p1a: poxatex|99\/100\n|-sideend|p2: makers manhattan|Spikes|[from] move: Mortal Spin|[of] p2a: Glimmora\n|\n|-damage|p2a: Glimmora|70\/100 brn|[from] brn\n|upkeep\n|turn|6\n|\n|t:|1699554760\n|move|p2a: Glimmora|Earth Power|p1a: poxatex\n|-supereffective|p1a: poxatex\n|-damage|p1a: poxatex|43\/100\n|move|p1a: poxatex|Toxic Spikes|p2a: Glimmora\n|-sidestart|p2: makers manhattan|move: Toxic Spikes\n|\n|-damage|p2a: Glimmora|63\/100 brn|[from] brn\n|upkeep\n|turn|7\n|\n|t:|1699554769\n|switch|p2a: Magearna|Magearna|100\/100\n|move|p1a: poxatex|Baneful Bunker||[still]\n|-fail|p1a: poxatex\n|\n|upkeep\n|turn|8\n|\n|t:|1699554778\n|switch|p1a: Egg|Blissey, F|100\/100\n|move|p2a: Magearna|Calm Mind|p2a: Magearna\n|-boost|p2a: Magearna|spa|1\n|-boost|p2a: Magearna|spd|1\n|\n|upkeep\n|turn|9\n|\n|t:|1699554783\n|switch|p2a: Glimmora|Glimmora, F|63\/100 brn\n|-sideend|p2: makers manhattan|move: Toxic Spikes|[of] p2a: Glimmora\n|move|p1a: Egg|Seismic Toss|p2a: Glimmora\n|-damage|p2a: Glimmora|31\/100 brn\n|-activate|p2a: Glimmora|ability: Toxic Debris\n|-sidestart|p1: Primordiallite|move: Toxic Spikes\n|\n|-damage|p2a: Glimmora|25\/100 brn|[from] brn\n|upkeep\n|turn|10\n|\n|t:|1699554810\n|switch|p2a: Magearna|Magearna|100\/100\n|switch|p1a: pleb|Giratina-Origin|86\/100 psn\n|-damage|p1a: pleb|74\/100 psn|[from] Stealth Rock\n|\n|-damage|p1a: pleb|61\/100 psn|[from] psn\n|upkeep\n|turn|11\n|\n|t:|1699554816\n|switch|p1a: bleb|Clodsire, M|77\/100\n|-damage|p1a: bleb|71\/100|[from] Stealth Rock\n|-sideend|p1: Primordiallite|move: Toxic Spikes|[of] p1a: bleb\n|move|p2a: Magearna|Calm Mind|p2a: Magearna\n|-boost|p2a: Magearna|spa|1\n|-boost|p2a: Magearna|spd|1\n|\n|-heal|p1a: bleb|77\/100|[from] item: Leftovers\n|upkeep\n|turn|12\n|\n|t:|1699554825\n|switch|p2a: Glimmora|Glimmora, F|25\/100 brn\n|move|p1a: bleb|Stealth Rock|p2a: Glimmora\n|-sidestart|p2: makers manhattan|move: Stealth Rock\n|\n|-heal|p1a: bleb|83\/100|[from] item: Leftovers\n|-damage|p2a: Glimmora|18\/100 brn|[from] brn\n|upkeep\n|turn|13\n|\n|t:|1699554841\n|move|p2a: Glimmora|Mortal Spin|p1a: bleb\n|-resisted|p1a: bleb\n|-damage|p1a: bleb|83\/100\n|-sideend|p2: makers manhattan|Stealth Rock|[from] move: Mortal Spin|[of] p2a: Glimmora\n|move|p1a: bleb|Stealth Rock|p2a: Glimmora\n|-sidestart|p2: makers manhattan|move: Stealth Rock\n|\n|-heal|p1a: bleb|89\/100|[from] item: Leftovers\n|-damage|p2a: Glimmora|12\/100 brn|[from] brn\n|upkeep\n|turn|14\n|\n|t:|1699554848\n|move|p2a: Glimmora|Earth Power|p1a: bleb\n|-supereffective|p1a: bleb\n|-damage|p1a: bleb|57\/100\n|move|p1a: bleb|Recover|p1a: bleb\n|-heal|p1a: bleb|100\/100\n|\n|-damage|p2a: Glimmora|6\/100 brn|[from] brn\n|upkeep\n|turn|15\n|\n|t:|1699554854\n|move|p2a: Glimmora|Mortal Spin|p1a: bleb\n|-resisted|p1a: bleb\n|-damage|p1a: bleb|99\/100\n|-sideend|p2: makers manhattan|Stealth Rock|[from] move: Mortal Spin|[of] p2a: Glimmora\n|move|p1a: bleb|Stealth Rock|p2a: Glimmora\n|-sidestart|p2: makers manhattan|move: Stealth Rock\n|\n|-heal|p1a: bleb|100\/100|[from] item: Leftovers\n|-damage|p2a: Glimmora|0 fnt|[from] brn\n|faint|p2a: Glimmora\n|upkeep\n|\n|t:|1699554861\n|switch|p2a: Koraidon|Koraidon|100\/100\n|-damage|p2a: Koraidon|94\/100|[from] Stealth Rock\n|-weather|SunnyDay|[from] ability: Orichalcum Pulse|[of] p2a: Koraidon\n|-activate|p2a: Koraidon|Orichalcum Pulse|[source]\n|turn|16\n|\n|t:|1699554866\n|switch|p2a: Ogerpon|Ogerpon-Hearthflame, F|100\/100\n|-damage|p2a: Ogerpon|76\/100|[from] Stealth Rock\n|-ability|p2a: Ogerpon|Mold Breaker\n|switch|p1a: poxatex|Toxapex, M|76\/100\n|\n|-weather|SunnyDay|[upkeep]\n|upkeep\n|turn|17\n|\n|t:|1699554875\n|move|p2a: Ogerpon|Swords Dance|p2a: Ogerpon\n|-boost|p2a: Ogerpon|atk|2\n|move|p1a: poxatex|Toxic Spikes|p2a: Ogerpon\n|-sidestart|p2: makers manhattan|move: Toxic Spikes\n|\n|-weather|SunnyDay|[upkeep]\n|upkeep\n|turn|18\n|\n|t:|1699554880\n|move|p1a: poxatex|Baneful Bunker|p1a: poxatex\n|-singleturn|p1a: poxatex|move: Protect\n|move|p2a: Ogerpon|Stomping Tantrum|p1a: poxatex\n|-activate|p1a: poxatex|move: Protect\n|-status|p2a: Ogerpon|psn\n|\n|-weather|SunnyDay|[upkeep]\n|-damage|p2a: Ogerpon|63\/100 psn|[from] psn\n|upkeep\n|turn|19\n|\n|t:|1699554887\n|switch|p1a: bonchozo|Dondozo, M|100\/100\n|move|p2a: Ogerpon|Ivy Cudgel|p1a: bonchozo\n|-resisted|p1a: bonchozo\n|-damage|p1a: bonchozo|59\/100\n|\n|-weather|SunnyDay|[upkeep]\n|-damage|p2a: Ogerpon|51\/100 psn|[from] psn\n|upkeep\n|turn|20\n|\n|t:|1699554894\n|switch|p1a: poxatex|Toxapex, M|100\/100\n|move|p2a: Ogerpon|Horn Leech|p1a: poxatex\n|-damage|p1a: poxatex|48\/100\n|-heal|p2a: Ogerpon|78\/100 psn|[from] drain|[of] p1a: poxatex\n|\n|-weather|none\n|-damage|p2a: Ogerpon|65\/100 psn|[from] psn\n|upkeep\n|turn|21\n|\n|t:|1699554910\n|move|p1a: poxatex|Baneful Bunker|p1a: poxatex\n|-singleturn|p1a: poxatex|move: Protect\n|move|p2a: Ogerpon|Horn Leech|p1a: poxatex\n|-activate|p1a: poxatex|move: Protect\n|\n|-damage|p2a: Ogerpon|53\/100 psn|[from] psn\n|upkeep\n|turn|22\n|\n|t:|1699554929\n|switch|p1a: pleb|Giratina-Origin|61\/100 psn\n|-damage|p1a: pleb|49\/100 psn|[from] Stealth Rock\n|move|p2a: Ogerpon|Ivy Cudgel|p1a: pleb\n|-resisted|p1a: pleb\n|-damage|p1a: pleb|20\/100 psn\n|\n|-damage|p2a: Ogerpon|41\/100 psn|[from] psn\n|-damage|p1a: pleb|7\/100 psn|[from] psn\n|upkeep\n|turn|23\n|\n|t:|1699554935\n|move|p2a: Ogerpon|Horn Leech|p1a: pleb\n|-resisted|p1a: pleb\n|-damage|p1a: pleb|0 fnt\n|-heal|p2a: Ogerpon|46\/100 psn|[from] drain|[of] p1a: pleb\n|faint|p1a: pleb\n|\n|-damage|p2a: Ogerpon|34\/100 psn|[from] psn\n|upkeep\n|\n|t:|1699554941\n|switch|p1a: bonchozo|Dondozo, M|59\/100\n|turn|24\n|\n|t:|1699554945\n|-terastallize|p1a: bonchozo|Fairy\n|move|p2a: Ogerpon|Horn Leech|p1a: bonchozo\n|-damage|p1a: bonchozo|22\/100\n|-heal|p2a: Ogerpon|65\/100 psn|[from] drain|[of] p1a: bonchozo\n|move|p1a: bonchozo|Rest|p1a: bonchozo\n|-status|p1a: bonchozo|slp|[from] move: Rest\n|-heal|p1a: bonchozo|100\/100 slp|[silent]\n|\n|-damage|p2a: Ogerpon|53\/100 psn|[from] psn\n|upkeep\n|turn|25\n|\n|t:|1699554953\n|move|p2a: Ogerpon|Horn Leech|p1a: bonchozo\n|-damage|p1a: bonchozo|64\/100 slp\n|-heal|p2a: Ogerpon|84\/100 psn|[from] drain|[of] p1a: bonchozo\n|cant|p1a: bonchozo|slp\n|move|p1a: bonchozo|Sleep Talk|p1a: bonchozo\n|move|p1a: bonchozo|Avalanche|p2a: Ogerpon|[from]move: Sleep Talk\n|-damage|p2a: Ogerpon|46\/100 psn\n|\n|-damage|p2a: Ogerpon|34\/100 psn|[from] psn\n|upkeep\n|turn|26\n|\n|t:|1699554958\n|move|p2a: Ogerpon|Horn Leech|p1a: bonchozo\n|-damage|p1a: bonchozo|27\/100 slp\n|-heal|p2a: Ogerpon|65\/100 psn|[from] drain|[of] p1a: bonchozo\n|cant|p1a: bonchozo|slp\n|move|p1a: bonchozo|Sleep Talk|p1a: bonchozo\n|move|p1a: bonchozo|Rest||[from]move: Sleep Talk|[still]\n|-fail|p1a: bonchozo\n|\n|-damage|p2a: Ogerpon|52\/100 psn|[from] psn\n|upkeep\n|turn|27\n|\n|t:|1699554961\n|move|p2a: Ogerpon|Horn Leech|p1a: bonchozo\n|-damage|p1a: bonchozo|0 fnt\n|-heal|p2a: Ogerpon|75\/100 psn|[from] drain|[of] p1a: bonchozo\n|faint|p1a: bonchozo\n|\n|-damage|p2a: Ogerpon|63\/100 psn|[from] psn\n|upkeep\n|\n|t:|1699554963\n|switch|p1a: boraimon|Koraidon|100\/100\n|-damage|p1a: boraimon|94\/100|[from] Stealth Rock\n|-weather|SunnyDay|[from] ability: Orichalcum Pulse|[of] p1a: boraimon\n|-activate|p1a: boraimon|Orichalcum Pulse|[source]\n|turn|28\n|\n|t:|1699554969\n|move|p2a: Ogerpon|Stomping Tantrum|p1a: boraimon\n|-damage|p1a: boraimon|48\/100\n|move|p1a: boraimon|Dragon Claw|p2a: Ogerpon\n|-damage|p2a: Ogerpon|0 fnt\n|faint|p2a: Ogerpon\n|\n|-weather|SunnyDay|[upkeep]\n|upkeep\n|inactive|makers manhattan has 120 seconds left.\n|inactive|makers manhattan has 90 seconds left.\n|c|\u2606Primordiallite|Man ogerpon hits harder than I imagined\n|c|\u2606makers manhattan|i'm confused\n|c|\u2606makers manhattan|about that koraidon\n|c|+OreoSpeedruns|haha mold breaker go brrrrrrrrrrrr\n|j| Octo_Delta\n|c| Lo-F1|damn lmao\n|inactive|makers manhattan has 60 seconds left.\n|c|\u2606Primordiallite|True..\n|\n|t:|1699555062\n|switch|p2a: Magearna|Magearna|100\/100\n|-damage|p2a: Magearna|94\/100|[from] Stealth Rock\n|turn|29\n|\n|t:|1699555070\n|switch|p1a: bleb|Clodsire, M|100\/100\n|-damage|p1a: bleb|94\/100|[from] Stealth Rock\n|move|p2a: Magearna|Iron Defense|p2a: Magearna\n|-boost|p2a: Magearna|def|2\n|\n|-weather|SunnyDay|[upkeep]\n|-heal|p2a: Magearna|100\/100|[from] item: Leftovers\n|-heal|p1a: bleb|100\/100|[from] item: Leftovers\n|upkeep\n|turn|30\n|c| Octo_Delta|i wanna get back into PS but i have no idea what to do now that the DLC is out\n|c|\u2606makers manhattan|check out the ubersa bazaar\n|c| Lo-F1|same tbh\n|inactive|makers manhattan has 60 seconds left.\n|\n|t:|1699555086\n|move|p2a: Magearna|Calm Mind|p2a: Magearna\n|-boost|p2a: Magearna|spa|1\n|-boost|p2a: Magearna|spd|1\n|move|p1a: bleb|Spikes|p2a: Magearna\n|-sidestart|p2: makers manhattan|Spikes\n|\n|-weather|SunnyDay|[upkeep]\n|upkeep\n|turn|31\n|c| Lo-F1|I'm planning on eventually playing the DLC myself\n|inactive|Primordiallite has 120 seconds left.\n|c|\u2606Primordiallite|Is baton pass banned in ubers\n|\n|t:|1699555132\n|move|p2a: Magearna|Stored Power|p1a: bleb\n|-supereffective|p1a: bleb\n|-damage|p1a: bleb|69\/100\n|move|p1a: bleb|Poison Jab|p2a: Magearna\n|-immune|p2a: Magearna\n|\n|-weather|SunnyDay|[upkeep]\n|-heal|p1a: bleb|75\/100|[from] item: Leftovers\n|upkeep\n|turn|32\n|c|+OreoSpeedruns|yes\n|c|+OreoSpeedruns|fuck bp\n|c|\u2606Primordiallite|Good\n|\n|t:|1699555147\n|switch|p1a: Egg|Blissey, F|100\/100\n|move|p2a: Magearna|Iron Defense|p2a: Magearna\n|-boost|p2a: Magearna|def|2\n|\n|-weather|none\n|upkeep\n|turn|33\n|c|+OreoSpeedruns|cheap ass tactic\n|c| Lo-F1|baton pass Evoboost go brrr\n|\n|t:|1699555155\n|move|p2a: Magearna|Calm Mind|p2a: Magearna\n|-boost|p2a: Magearna|spa|1\n|-boost|p2a: Magearna|spd|1\n|move|p1a: Egg|Calm Mind|p1a: Egg\n|-boost|p1a: Egg|spa|1\n|-boost|p1a: Egg|spd|1\n|\n|upkeep\n|turn|34\n|c|\u2606makers manhattan|i wonder\n|inactive|makers manhattan has 60 seconds left.\n|c|\u2606makers manhattan|if this wins 1v1\n|\n|t:|1699555188\n|move|p2a: Magearna|Calm Mind|p2a: Magearna\n|-boost|p2a: Magearna|spa|1\n|-boost|p2a: Magearna|spd|1\n|move|p1a: Egg|Calm Mind|p1a: Egg\n|-boost|p1a: Egg|spa|1\n|-boost|p1a: Egg|spd|1\n|\n|upkeep\n|turn|35\n|\n|t:|1699555196\n|move|p2a: Magearna|Calm Mind|p2a: Magearna\n|-boost|p2a: Magearna|spa|1\n|-boost|p2a: Magearna|spd|1\n|move|p1a: Egg|Calm Mind|p1a: Egg\n|-boost|p1a: Egg|spa|1\n|-boost|p1a: Egg|spd|1\n|\n|upkeep\n|turn|36\n|\n|t:|1699555201\n|move|p2a: Magearna|Calm Mind|p2a: Magearna\n|-boost|p2a: Magearna|spa|1\n|-boost|p2a: Magearna|spd|1\n|move|p1a: Egg|Seismic Toss|p2a: Magearna\n|-damage|p2a: Magearna|73\/100\n|\n|-heal|p2a: Magearna|79\/100|[from] item: Leftovers\n|upkeep\n|turn|37\n|j| KeshBa45\n|\n|t:|1699555205\n|move|p2a: Magearna|Draining Kiss|p1a: Egg\n|-damage|p1a: Egg|90\/100\n|-heal|p2a: Magearna|93\/100|[from] drain|[of] p1a: Egg\n|move|p1a: Egg|Calm Mind|p1a: Egg\n|-boost|p1a: Egg|spa|1\n|-boost|p1a: Egg|spd|1\n|\n|-heal|p2a: Magearna|99\/100|[from] item: Leftovers\n|upkeep\n|turn|38\n|c| NeonLegacy|...\n|inactive|makers manhattan has 90 seconds left.\n|\n|t:|1699555211\n|move|p2a: Magearna|Calm Mind|p2a: Magearna\n|-boost|p2a: Magearna|spa|1\n|-boost|p2a: Magearna|spd|1\n|move|p1a: Egg|Calm Mind|p1a: Egg\n|-boost|p1a: Egg|spa|1\n|-boost|p1a: Egg|spd|1\n|\n|-heal|p2a: Magearna|100\/100|[from] item: Leftovers\n|upkeep\n|turn|39\n|\n|t:|1699555215\n|move|p2a: Magearna|Iron Defense|p2a: Magearna\n|-boost|p2a: Magearna|def|2\n|move|p1a: Egg|Calm Mind|p1a: Egg\n|-boost|p1a: Egg|spa|1\n|-boost|p1a: Egg|spd|1\n|\n|upkeep\n|turn|40\n|\n|t:|1699555219\n|move|p2a: Magearna|Stored Power|p1a: Egg\n|-damage|p1a: Egg|56\/100\n|move|p1a: Egg|Seismic Toss|p2a: Magearna\n|-damage|p2a: Magearna|73\/100\n|\n|-heal|p2a: Magearna|79\/100|[from] item: Leftovers\n|upkeep\n|turn|41\n|c| KeshBa45|\/\/teams cooking\n|c| NeonLegacy|this is scary\n|\n|t:|1699555237\n|move|p2a: Magearna|Stored Power|p1a: Egg\n|-damage|p1a: Egg|22\/100\n|move|p1a: Egg|Soft-Boiled|p1a: Egg\n|-heal|p1a: Egg|72\/100\n|\n|-heal|p2a: Magearna|85\/100|[from] item: Leftovers\n|upkeep\n|turn|42\n|c|\u2606Primordiallite|Thats a lot of damage\n|c| Lo-F1|bro who's idea was it at game freak to give blissey calm mind with it's already high SpD???\n|\n|t:|1699555244\n|move|p2a: Magearna|Stored Power|p1a: Egg\n|-damage|p1a: Egg|39\/100\n|move|p1a: Egg|Seismic Toss|p2a: Magearna\n|-damage|p2a: Magearna|58\/100\n|\n|-heal|p2a: Magearna|64\/100|[from] item: Leftovers\n|upkeep\n|turn|43\n|c|+OreoSpeedruns|oh no!\n|\n|t:|1699555250\n|move|p2a: Magearna|Stored Power|p1a: Egg\n|-damage|p1a: Egg|8\/100\n|move|p1a: Egg|Soft-Boiled|p1a: Egg\n|-heal|p1a: Egg|58\/100\n|\n|-heal|p2a: Magearna|70\/100|[from] item: Leftovers\n|upkeep\n|turn|44\n|c| NeonLegacy|one crit\n|\n|t:|1699555263\n|move|p2a: Magearna|Stored Power|p1a: Egg\n|-damage|p1a: Egg|26\/100\n|move|p1a: Egg|Soft-Boiled|p1a: Egg\n|-heal|p1a: Egg|76\/100\n|\n|-heal|p2a: Magearna|76\/100|[from] item: Leftovers\n|upkeep\n|turn|45\n|c|\u2606makers manhattan|is all i ask\n|c| NeonLegacy|and its all over\n|\n|t:|1699555269\n|move|p2a: Magearna|Stored Power|p1a: Egg\n|-damage|p1a: Egg|42\/100\n|move|p1a: Egg|Seismic Toss|p2a: Magearna\n|-damage|p2a: Magearna|48\/100\n|\n|-heal|p2a: Magearna|54\/100|[from] item: Leftovers\n|upkeep\n|turn|46\n|\n|t:|1699555274\n|move|p2a: Magearna|Stored Power|p1a: Egg\n|-damage|p1a: Egg|9\/100\n|move|p1a: Egg|Soft-Boiled|p1a: Egg\n|-heal|p1a: Egg|59\/100\n|\n|-heal|p2a: Magearna|60\/100|[from] item: Leftovers\n|upkeep\n|turn|47\n|\n|t:|1699555278\n|move|p2a: Magearna|Draining Kiss|p1a: Egg\n|-damage|p1a: Egg|52\/100\n|-heal|p2a: Magearna|69\/100|[from] drain|[of] p1a: Egg\n|move|p1a: Egg|Soft-Boiled|p1a: Egg\n|-heal|p1a: Egg|100\/100\n|\n|-heal|p2a: Magearna|75\/100|[from] item: Leftovers\n|upkeep\n|turn|48\n|c|+OreoSpeedruns|makers Manhattan you are still permabanned from the kitchen\n|\n|t:|1699555282\n|move|p2a: Magearna|Draining Kiss|p1a: Egg\n|-damage|p1a: Egg|94\/100\n|-heal|p2a: Magearna|84\/100|[from] drain|[of] p1a: Egg\n|move|p1a: Egg|Seismic Toss|p2a: Magearna\n|-damage|p2a: Magearna|56\/100\n|\n|-heal|p2a: Magearna|62\/100|[from] item: Leftovers\n|upkeep\n|turn|49\n|\n|t:|1699555288\n|move|p2a: Magearna|Stored Power|p1a: Egg\n|-damage|p1a: Egg|58\/100\n|move|p1a: Egg|Seismic Toss|p2a: Magearna\n|-damage|p2a: Magearna|35\/100\n|\n|-heal|p2a: Magearna|41\/100|[from] item: Leftovers\n|upkeep\n|turn|50\n|c| Lo-F1|damn lmao\n|\n|t:|1699555297\n|move|p2a: Magearna|Stored Power|p1a: Egg\n|-damage|p1a: Egg|25\/100\n|move|p1a: Egg|Soft-Boiled|p1a: Egg\n|-heal|p1a: Egg|75\/100\n|\n|-heal|p2a: Magearna|47\/100|[from] item: Leftovers\n|upkeep\n|turn|51\n|c|\u2606makers manhattan|where is my crit\n|\n|t:|1699555306\n|switch|p1a: bleb|Clodsire, M|75\/100\n|-damage|p1a: bleb|69\/100|[from] Stealth Rock\n|move|p2a: Magearna|Stored Power|p1a: bleb\n|-supereffective|p1a: bleb\n|-damage|p1a: bleb|0 fnt\n|faint|p1a: bleb\n|\n|-heal|p2a: Magearna|53\/100|[from] item: Leftovers\n|upkeep\n|\n|t:|1699555308\n|switch|p1a: boraimon|Koraidon|48\/100\n|-damage|p1a: boraimon|42\/100|[from] Stealth Rock\n|-weather|SunnyDay|[from] ability: Orichalcum Pulse|[of] p1a: boraimon\n|-activate|p1a: boraimon|Orichalcum Pulse|[source]\n|turn|52\n|c|+OreoSpeedruns|ohp\n|c|+OreoSpeedruns|over\n|c|\u2606makers manhattan|does this even kill\n|c| Lo-F1|R.I.P clod\n|c|+OreoSpeedruns|no\n|c| KeshBa45|tera away\n|c|+OreoSpeedruns|never should without a crit\n|c|\u2606makers manhattan|i'm assuming it's banded\n|inactive|makers manhattan has 120 seconds left.\n|c|\u2606Primordiallite|gg\n|c| Octo_Delta|bleb\n|l| NeonLegacy\n|c|\u2606makers manhattan|252+ Atk Choice Band Orichalcum Pulse Koraidon Flare Blitz vs. +6 248 HP \/ 252+ Def Magearna in Sun: 146-174 (40.2 - 47.9%) -- guaranteed 3HKO after Leftovers recovery\n|c| KeshBa45|oh thaats the kb stall yall been alking about?\n|c| Lo-F1|Does Mage just sweeps now? Lmao\n|c| KeshBa45|jb*\n|\n|t:|1699555357\n|move|p1a: boraimon|Flare Blitz|p2a: Magearna\n|-supereffective|p2a: Magearna\n|-damage|p2a: Magearna|6\/100\n|-damage|p1a: boraimon|27\/100|[from] Recoil\n|move|p2a: Magearna|Draining Kiss|p1a: boraimon\n|-supereffective|p1a: boraimon\n|-damage|p1a: boraimon|0 fnt\n|-heal|p2a: Magearna|27\/100|[from] drain|[of] p1a: boraimon\n|faint|p1a: boraimon\n|\n|-weather|SunnyDay|[upkeep]\n|-heal|p2a: Magearna|33\/100|[from] item: Leftovers\n|upkeep\n|\n|t:|1699555363\n|switch|p1a: Egg|Blissey, F|75\/100\n|turn|53\n|c| Octo_Delta|yes\n|\n|t:|1699555367\n|move|p2a: Magearna|Stored Power|p1a: Egg\n|-damage|p1a: Egg|0 fnt\n|faint|p1a: Egg\n|\n|-weather|SunnyDay|[upkeep]\n|-heal|p2a: Magearna|39\/100|[from] item: Leftovers\n|upkeep\n|c|+OreoSpeedruns|wow.\n|c|\u2606makers manhattan|this is the c team of a lifetime\n|-message|makers manhattan forfeited.\n|\n|win|Primordiallite\n|n|\u2606Primordiallite|primordiallite\n|n|\u2606makers manhattan|makersmanhattan\n|n| OreoSpeedruns|oreospeedruns\n|n| Lo-F1|lof1\n|n| Octo_Delta|octodelta\n|n| KeshBa45|keshba45\n|c| OreoSpeedruns|fr\n|c|\u2606makers manhattan|gg\n|c|\u2606Primordiallite|True\n|c|\u2606Primordiallite|Wp\n|c|\u2606makers manhattan|wp\n|l| KeshBa45\n|c| OreoSpeedruns|lgi prim\n|c| Lo-F1|W battle\n|c|\u2606Primordiallite|Uh\n|c|\u2606Primordiallite|Forfeit?\n|c|\u2606Primordiallite|Thy\n|c|\u2606Primordiallite|Why*\n|c| Lo-F1|wait why would he forfeit-\n|j| NeonLegacy\n|c| Lo-F1|Ngl if I was Magearna I would be pissed rn-\n|c|\u2606makers manhattan|it's not about winning\n|c|\u2606makers manhattan|it's about sending a message\n|c| Lo-F1|wtf lmao\n|l| Lo-F1\n|l| OreoSpeedruns\n","uploadtime":1699555547,"views":35,"p1id":"primordiallite","p2id":"makersmanhattan","formatid":"gen9ubers","rating":0,"private":0,"password":""}