{"id":"gen9ubers-1987860595","p1":"friskfall","p2":"MeteorAsh15","format":"[Gen 9] Ubers","log":"|j|\u2606friskfall\n|j|\u2606MeteorAsh15\n|t:|1699643546\n|gametype|singles\n|player|p1|friskfall|169|1168\n|player|p2|MeteorAsh15|169|1292\n|teamsize|p1|6\n|teamsize|p2|6\n|gen|9\n|tier|[Gen 9] Ubers\n|rated|\n|rule|Sleep Clause Mod: Limit one foe put to sleep\n|rule|Species Clause: Limit one of each Pok\u00e9mon\n|rule|OHKO Clause: OHKO moves are banned\n|rule|Evasion Items Clause: Evasion items are banned\n|rule|Evasion Moves Clause: Evasion moves are banned\n|rule|Endless Battle Clause: Forcing endless battles is banned\n|rule|HP Percentage Mod: HP is shown in percentages\n|clearpoke\n|poke|p1|Corviknight, F|\n|poke|p1|Ting-Lu|\n|poke|p1|Dachsbun, M|\n|poke|p1|Iron Treads|\n|poke|p1|Miraidon|\n|poke|p1|Palafin, M|\n|poke|p2|Baxcalibur, F|\n|poke|p2|Ninetales-Alola, F|\n|poke|p2|Koraidon|\n|poke|p2|Zacian-*|\n|poke|p2|Tornadus, M|\n|poke|p2|Ribombee, F|\n|teampreview\n|inactive|Battle timer is ON: inactive players will automatically lose when time's up. (requested by MeteorAsh15)\n|\n|t:|1699643552\n|start\n|switch|p1a: TIM ALLEN|Palafin, M|100\/100\n|switch|p2a: Ribombee|Ribombee, F, shiny|100\/100\n|turn|1\n|\n|t:|1699643569\n|detailschange|p1a: TIM ALLEN|Palafin-Hero, M\n|switch|p1a: Iron Treads|Iron Treads|100\/100\n|move|p2a: Ribombee|Sticky Web|p1a: Iron Treads\n|-sidestart|p1: friskfall|move: Sticky Web\n|\n|upkeep\n|turn|2\n|\n|t:|1699643574\n|move|p2a: Ribombee|Stun Spore|p1a: Iron Treads\n|-status|p1a: Iron Treads|par\n|move|p1a: Iron Treads|Rapid Spin|p2a: Ribombee\n|-damage|p2a: Ribombee|74\/100\n|-boost|p1a: Iron Treads|spe|1\n|-sideend|p1: friskfall|Sticky Web|[from] move: Rapid Spin|[of] p1a: Iron Treads\n|\n|upkeep\n|turn|3\n|\n|t:|1699643584\n|move|p2a: Ribombee|Tailwind|p2a: Ribombee\n|-sidestart|p2: MeteorAsh15|move: Tailwind\n|move|p1a: Iron Treads|Earthquake|p2a: Ribombee\n|-resisted|p2a: Ribombee\n|-damage|p2a: Ribombee|40\/100\n|\n|upkeep\n|turn|4\n|\n|t:|1699643592\n|move|p2a: Ribombee|Sticky Web|p1a: Iron Treads\n|-sidestart|p1: friskfall|move: Sticky Web\n|move|p1a: Iron Treads|Earthquake|p2a: Ribombee\n|-resisted|p2a: Ribombee\n|-damage|p2a: Ribombee|0 fnt\n|faint|p2a: Ribombee\n|\n|upkeep\n|\n|t:|1699643599\n|switch|p2a: Koraidon|Koraidon|100\/100\n|-weather|SunnyDay|[from] ability: Orichalcum Pulse|[of] p2a: Koraidon\n|-activate|p2a: Koraidon|Orichalcum Pulse|[source]\n|turn|5\n|\n|t:|1699643604\n|move|p2a: Koraidon|Collision Course|p1a: Iron Treads\n|-supereffective|p1a: Iron Treads\n|-crit|p1a: Iron Treads\n|-damage|p1a: Iron Treads|0 fnt\n|faint|p1a: Iron Treads\n|-end|p1a: Iron Treads|Quark Drive|[silent]\n|\n|-weather|SunnyDay|[upkeep]\n|upkeep\n|\n|t:|1699643616\n|switch|p1a: Dachsbun|Dachsbun, M|100\/100\n|-activate|p1a: Dachsbun|move: Sticky Web\n|-unboost|p1a: Dachsbun|spe|1\n|turn|6\n|\n|t:|1699643626\n|switch|p2a: Zacian|Zacian-Crowned, shiny|100\/100\n|-ability|p2a: Zacian|Intrepid Sword|boost\n|-boost|p2a: Zacian|atk|1\n|move|p1a: Dachsbun|Play Rough|p2a: Zacian\n|-resisted|p2a: Zacian\n|-damage|p2a: Zacian|88\/100\n|\n|-weather|SunnyDay|[upkeep]\n|-sideend|p2: MeteorAsh15|move: Tailwind\n|upkeep\n|turn|7\n|\n|t:|1699643636\n|move|p2a: Zacian|Behemoth Blade|p1a: Dachsbun\n|-supereffective|p1a: Dachsbun\n|-damage|p1a: Dachsbun|0 fnt\n|faint|p1a: Dachsbun\n|\n|-weather|SunnyDay|[upkeep]\n|upkeep\n|-message|friskfall forfeited.\n|\n|win|MeteorAsh15\n|raw|friskfall's rating: 1168 &rarr; <strong>1152<\/strong><br \/>(-16 for losing)\n|raw|MeteorAsh15's rating: 1292 &rarr; <strong>1308<\/strong><br \/>(+16 for winning)\n|l|\u2606friskfall\n","uploadtime":1699643664,"views":9,"p1id":"friskfall","p2id":"meteorash15","formatid":"gen9ubers","rating":1152,"private":0,"password":""}