{"id":"gen9ubers-1993099536","p1":"Chumpanzee","p2":"shepg0d","format":"[Gen 9] Ubers","log":"|j|\u2606Chumpanzee\n|j|\u2606shepg0d\n|t:|1700264675\n|gametype|singles\n|player|p1|Chumpanzee|harlequin|1150\n|player|p2|shepg0d|266|1051\n|teamsize|p1|6\n|teamsize|p2|6\n|gen|9\n|tier|[Gen 9] Ubers\n|rated|\n|rule|Sleep Clause Mod: Limit one foe put to sleep\n|rule|Species Clause: Limit one of each Pok\u00e9mon\n|rule|OHKO Clause: OHKO moves are banned\n|rule|Evasion Items Clause: Evasion items are banned\n|rule|Evasion Moves Clause: Evasion moves are banned\n|rule|Endless Battle Clause: Forcing endless battles is banned\n|rule|HP Percentage Mod: HP is shown in percentages\n|clearpoke\n|poke|p1|Gliscor, M|\n|poke|p1|Ditto|\n|poke|p1|Miraidon|\n|poke|p1|Kingambit, M|\n|poke|p1|Zacian-*|\n|poke|p1|Kyogre|\n|poke|p2|Garchomp, M|\n|poke|p2|Ribombee, F|\n|poke|p2|Dudunsparce-*, F|\n|poke|p2|Clodsire, F|\n|poke|p2|Iron Moth|\n|poke|p2|Alomomola, F|\n|teampreview\n|inactive|Battle timer is ON: inactive players will automatically lose when time's up. (requested by Chumpanzee)\n|\n|t:|1700264700\n|start\n|switch|p1a: Miraidon|Miraidon|100\/100\n|switch|p2a: Ribombee|Ribombee, F|100\/100\n|-fieldstart|move: Electric Terrain|[from] ability: Hadron Engine|[of] p1a: Miraidon\n|-item|p1a: Miraidon|Air Balloon\n|turn|1\n|\n|t:|1700264715\n|move|p1a: Miraidon|Electro Drift|p2a: Ribombee\n|-enditem|p2a: Ribombee|Focus Sash\n|-damage|p2a: Ribombee|1\/100\n|move|p2a: Ribombee|Sticky Web|p1a: Miraidon\n|-sidestart|p1: Chumpanzee|move: Sticky Web\n|\n|upkeep\n|turn|2\n|\n|t:|1700264729\n|switch|p2a: Clodsire|Clodsire, F|100\/100\n|move|p1a: Miraidon|Tera Blast|p2a: Clodsire\n|-damage|p2a: Clodsire|73\/100\n|\n|-heal|p2a: Clodsire|79\/100|[from] item: Leftovers\n|upkeep\n|turn|3\n|\n|t:|1700264753\n|switch|p1a: Gliscor|Gliscor, M, shiny|100\/100\n|move|p2a: Clodsire|Protect||[still]\n|-fail|p2a: Clodsire\n|\n|-heal|p2a: Clodsire|85\/100|[from] item: Leftovers\n|-status|p1a: Gliscor|tox|[from] item: Toxic Orb\n|upkeep\n|turn|4\n|inactive|shepg0d has 120 seconds left.\n|\n|t:|1700264773\n|switch|p2a: Alomomola|Alomomola, F|100\/100\n|move|p1a: Gliscor|Knock Off|p2a: Alomomola\n|-damage|p2a: Alomomola|84\/100\n|-enditem|p2a: Alomomola|Leftovers|[from] move: Knock Off|[of] p1a: Gliscor\n|\n|upkeep\n|turn|5\n|\n|t:|1700264782\n|move|p1a: Gliscor|U-turn|p2a: Alomomola\n|-damage|p2a: Alomomola|73\/100\n|\n|t:|1700264791\n|switch|p1a: Kyogre|Kyogre|100\/100|[from] U-turn\n|-activate|p1a: Kyogre|move: Sticky Web\n|-unboost|p1a: Kyogre|spe|1\n|-weather|RainDance|[from] ability: Drizzle|[of] p1a: Kyogre\n|move|p2a: Alomomola|Whirlpool|p1a: Kyogre\n|-resisted|p1a: Kyogre\n|-damage|p1a: Kyogre|98\/100\n|-activate|p1a: Kyogre|move: Whirlpool|[of] p2a: Alomomola\n|\n|-weather|RainDance|[upkeep]\n|-heal|p1a: Kyogre|100\/100|[from] item: Leftovers\n|-damage|p1a: Kyogre|88\/100|[from] move: Whirlpool|[partiallytrapped]\n|-fieldend|move: Electric Terrain\n|upkeep\n|turn|6\n|inactive|shepg0d has 120 seconds left.\n|\n|t:|1700264812\n|switch|p2a: Clodsire|Clodsire, F|85\/100\n|move|p1a: Kyogre|Calm Mind|p1a: Kyogre\n|-boost|p1a: Kyogre|spa|1\n|-boost|p1a: Kyogre|spd|1\n|\n|-weather|RainDance|[upkeep]\n|-heal|p1a: Kyogre|94\/100|[from] item: Leftovers\n|-heal|p2a: Clodsire|91\/100|[from] item: Leftovers\n|-end|p1a: Kyogre|Whirlpool|[partiallytrapped]|[silent]\n|upkeep\n|turn|7\n|\n|t:|1700264823\n|move|p1a: Kyogre|Calm Mind|p1a: Kyogre\n|-boost|p1a: Kyogre|spa|1\n|-boost|p1a: Kyogre|spd|1\n|move|p2a: Clodsire|Toxic|p1a: Kyogre\n|-status|p1a: Kyogre|tox\n|\n|-weather|RainDance|[upkeep]\n|-heal|p1a: Kyogre|99\/100 tox|[from] item: Leftovers\n|-heal|p2a: Clodsire|98\/100|[from] item: Leftovers\n|-damage|p1a: Kyogre|94\/100 tox|[from] psn\n|upkeep\n|turn|8\n|inactive|shepg0d has 120 seconds left.\n|\n|t:|1700264841\n|move|p1a: Kyogre|Tera Blast|p2a: Clodsire\n|-damage|p2a: Clodsire|57\/100\n|move|p2a: Clodsire|Poison Jab|p1a: Kyogre\n|-damage|p1a: Kyogre|72\/100 tox\n|\n|-weather|RainDance|[upkeep]\n|-heal|p1a: Kyogre|78\/100 tox|[from] item: Leftovers\n|-heal|p2a: Clodsire|63\/100|[from] item: Leftovers\n|-damage|p1a: Kyogre|65\/100 tox|[from] psn\n|upkeep\n|turn|9\n|inactive|shepg0d has 120 seconds left.\n|\n|t:|1700264857\n|move|p1a: Kyogre|Tera Blast|p2a: Clodsire\n|-damage|p2a: Clodsire|26\/100\n|move|p2a: Clodsire|Recover|p2a: Clodsire\n|-heal|p2a: Clodsire|76\/100\n|\n|-weather|none\n|-heal|p1a: Kyogre|72\/100 tox|[from] item: Leftovers\n|-heal|p2a: Clodsire|83\/100|[from] item: Leftovers\n|-damage|p1a: Kyogre|53\/100 tox|[from] psn\n|upkeep\n|turn|10\n|inactive|shepg0d has 120 seconds left.\n|inactive|shepg0d has 90 seconds left.\n|\n|t:|1700264900\n|move|p1a: Kyogre|Aqua Ring|p1a: Kyogre\n|-start|p1a: Kyogre|Aqua Ring\n|move|p2a: Clodsire|Toxic|p1a: Kyogre\n|-fail|p1a: Kyogre|tox\n|\n|-heal|p1a: Kyogre|59\/100 tox|[from] item: Leftovers\n|-heal|p2a: Clodsire|89\/100|[from] item: Leftovers\n|-heal|p1a: Kyogre|65\/100 tox|[from] Aqua Ring\n|-damage|p1a: Kyogre|41\/100 tox|[from] psn\n|upkeep\n|turn|11\n|inactive|shepg0d has 90 seconds left.\n|\n|t:|1700264913\n|move|p2a: Clodsire|Protect|p2a: Clodsire\n|-singleturn|p2a: Clodsire|Protect\n|move|p1a: Kyogre|Calm Mind|p1a: Kyogre\n|-boost|p1a: Kyogre|spa|1\n|-boost|p1a: Kyogre|spd|1\n|\n|-heal|p1a: Kyogre|47\/100 tox|[from] item: Leftovers\n|-heal|p2a: Clodsire|95\/100|[from] item: Leftovers\n|-heal|p1a: Kyogre|53\/100 tox|[from] Aqua Ring\n|-damage|p1a: Kyogre|23\/100 tox|[from] psn\n|upkeep\n|turn|12\n|inactive|shepg0d has 90 seconds left.\n|\n|t:|1700264925\n|move|p1a: Kyogre|Tera Blast|p2a: Clodsire\n|-damage|p2a: Clodsire|49\/100\n|move|p2a: Clodsire|Recover|p2a: Clodsire\n|-heal|p2a: Clodsire|99\/100\n|\n|-heal|p1a: Kyogre|29\/100 tox|[from] item: Leftovers\n|-heal|p2a: Clodsire|100\/100|[from] item: Leftovers\n|-heal|p1a: Kyogre|35\/100 tox|[from] Aqua Ring\n|-damage|p1a: Kyogre|0 fnt|[from] psn\n|faint|p1a: Kyogre\n|upkeep\n|inactive|Chumpanzee has 120 seconds left.\n|\n|t:|1700264955\n|switch|p1a: Kingambit|Kingambit, M|100\/100\n|-activate|p1a: Kingambit|move: Sticky Web\n|-unboost|p1a: Kingambit|spe|1\n|-activate|p1a: Kingambit|ability: Supreme Overlord\n|-start|p1a: Kingambit|fallen1|[silent]\n|turn|13\n|inactive|Chumpanzee has 120 seconds left.\n|inactive|shepg0d has 90 seconds left.\n|\n|t:|1700264981\n|switch|p2a: Ribombee|Ribombee, F|1\/100\n|move|p1a: Kingambit|Substitute|p1a: Kingambit\n|-start|p1a: Kingambit|Substitute\n|-damage|p1a: Kingambit|76\/100\n|\n|-heal|p1a: Kingambit|82\/100|[from] item: Leftovers\n|upkeep\n|turn|14\n|inactive|Chumpanzee has 120 seconds left.\n|\n|t:|1700264991\n|move|p2a: Ribombee|Moonblast|p1a: Kingambit\n|-end|p1a: Kingambit|Substitute\n|move|p1a: Kingambit|Brick Break|p2a: Ribombee\n|-resisted|p2a: Ribombee\n|-damage|p2a: Ribombee|0 fnt\n|faint|p2a: Ribombee\n|\n|-heal|p1a: Kingambit|88\/100|[from] item: Leftovers\n|upkeep\n|\n|t:|1700264999\n|switch|p2a: Iron Moth|Iron Moth|100\/100\n|-enditem|p2a: Iron Moth|Booster Energy\n|-activate|p2a: Iron Moth|ability: Quark Drive|[fromitem]\n|-start|p2a: Iron Moth|quarkdrivespa\n|turn|15\n|inactive|shepg0d has 90 seconds left.\n|inactive|Chumpanzee has 120 seconds left.\n|\n|t:|1700265019\n|move|p1a: Kingambit|Sucker Punch|p2a: Iron Moth\n|-damage|p2a: Iron Moth|29\/100\n|move|p2a: Iron Moth|Fiery Dance|p1a: Kingambit\n|-supereffective|p1a: Kingambit\n|-damage|p1a: Kingambit|0 fnt\n|faint|p1a: Kingambit\n|-end|p1a: Kingambit|fallen1|[silent]\n|\n|upkeep\n|inactive|Chumpanzee has 120 seconds left.\n|\n|t:|1700265037\n|switch|p1a: Miraidon|Miraidon|100\/100\n|-fieldstart|move: Electric Terrain|[from] ability: Hadron Engine|[of] p1a: Miraidon\n|-item|p1a: Miraidon|Air Balloon\n|turn|16\n|\n|t:|1700265054\n|-end|p2a: Iron Moth|Quark Drive|[silent]\n|switch|p2a: Garchomp|Garchomp, M|100\/100\n|move|p1a: Miraidon|Tera Blast|p2a: Garchomp\n|-damage|p2a: Garchomp|60\/100\n|\n|upkeep\n|turn|17\n|\n|t:|1700265067\n|move|p1a: Miraidon|Dazzling Gleam|p2a: Garchomp\n|-supereffective|p2a: Garchomp\n|-damage|p2a: Garchomp|0 fnt\n|faint|p2a: Garchomp\n|\n|upkeep\n|\n|t:|1700265073\n|switch|p2a: Clodsire|Clodsire, F|100\/100\n|turn|18\n|inactive|Chumpanzee has 120 seconds left.\n|\n|t:|1700265094\n|move|p1a: Miraidon|Tera Blast|p2a: Clodsire\n|-damage|p2a: Clodsire|70\/100\n|move|p2a: Clodsire|Toxic|p1a: Miraidon\n|-status|p1a: Miraidon|tox\n|\n|-heal|p2a: Clodsire|76\/100|[from] item: Leftovers\n|-damage|p1a: Miraidon|95\/100 tox|[from] psn\n|upkeep\n|turn|19\n|inactive|shepg0d has 90 seconds left.\n|\n|t:|1700265106\n|switch|p1a: Zacian|Zacian-Crowned|100\/100\n|-activate|p1a: Zacian|move: Sticky Web\n|-unboost|p1a: Zacian|spe|1\n|-ability|p1a: Zacian|Intrepid Sword|boost\n|-boost|p1a: Zacian|atk|1\n|move|p2a: Clodsire|Recover|p2a: Clodsire\n|-heal|p2a: Clodsire|100\/100\n|\n|upkeep\n|turn|20\n|inactive|shepg0d has 90 seconds left.\n|\n|t:|1700265126\n|switch|p2a: Alomomola|Alomomola, F|100\/100\n|move|p1a: Zacian|Sacred Sword|p2a: Alomomola\n|-damage|p2a: Alomomola|60\/100\n|\n|-fieldend|move: Electric Terrain\n|upkeep\n|turn|21\n|inactive|shepg0d has 90 seconds left.\n|\n|t:|1700265139\n|move|p1a: Zacian|Play Rough|p2a: Alomomola\n|-crit|p2a: Alomomola\n|-damage|p2a: Alomomola|0 fnt\n|faint|p2a: Alomomola\n|\n|upkeep\n|inactive|shepg0d has 90 seconds left.\n|\n|t:|1700265145\n|switch|p2a: Iron Moth|Iron Moth|29\/100\n|turn|22\n|\n|t:|1700265155\n|switch|p1a: Gliscor|Gliscor, M, shiny|100\/100 tox\n|move|p2a: Iron Moth|Fiery Dance|p1a: Gliscor\n|-damage|p1a: Gliscor|38\/100 tox\n|\n|-heal|p1a: Gliscor|50\/100 tox|[from] ability: Poison Heal\n|upkeep\n|turn|23\n|\n|t:|1700265173\n|move|p2a: Iron Moth|Fiery Dance|p1a: Gliscor\n|-damage|p1a: Gliscor|0 fnt\n|faint|p1a: Gliscor\n|\n|upkeep\n|inactive|Chumpanzee has 90 seconds left.\n|\n|t:|1700265196\n|switch|p1a: Miraidon|Miraidon|95\/100 tox\n|-fieldstart|move: Electric Terrain|[from] ability: Hadron Engine|[of] p1a: Miraidon\n|-activate|p2a: Iron Moth|ability: Quark Drive\n|-start|p2a: Iron Moth|quarkdrivespa\n|-item|p1a: Miraidon|Air Balloon\n|turn|24\n|inactive|Chumpanzee has 90 seconds left.\n|\n|t:|1700265207\n|-end|p2a: Iron Moth|Quark Drive|[silent]\n|switch|p2a: Clodsire|Clodsire, F|100\/100\n|move|p1a: Miraidon|Tera Blast|p2a: Clodsire\n|-damage|p2a: Clodsire|74\/100\n|\n|-heal|p2a: Clodsire|80\/100|[from] item: Leftovers\n|-damage|p1a: Miraidon|89\/100 tox|[from] psn\n|upkeep\n|turn|25\n|inactive|Chumpanzee has 90 seconds left.\n|\n|t:|1700265232\n|move|p1a: Miraidon|Tera Blast|p2a: Clodsire\n|-crit|p2a: Clodsire\n|-damage|p2a: Clodsire|38\/100\n|move|p2a: Clodsire|Poison Jab|p1a: Miraidon\n|-damage|p1a: Miraidon|69\/100 tox\n|-enditem|p1a: Miraidon|Air Balloon\n|\n|-heal|p2a: Clodsire|44\/100|[from] item: Leftovers\n|-damage|p1a: Miraidon|57\/100 tox|[from] psn\n|upkeep\n|turn|26\n|\n|t:|1700265245\n|move|p2a: Clodsire|Protect|p2a: Clodsire\n|-singleturn|p2a: Clodsire|Protect\n|move|p1a: Miraidon|Tera Blast|p2a: Clodsire\n|-activate|p2a: Clodsire|move: Protect\n|\n|-heal|p2a: Clodsire|50\/100|[from] item: Leftovers\n|-damage|p1a: Miraidon|40\/100 tox|[from] psn\n|upkeep\n|turn|27\n|\n|t:|1700265255\n|move|p1a: Miraidon|Tera Blast|p2a: Clodsire\n|-damage|p2a: Clodsire|20\/100\n|move|p2a: Clodsire|Recover|p2a: Clodsire\n|-heal|p2a: Clodsire|70\/100\n|\n|-heal|p2a: Clodsire|77\/100|[from] item: Leftovers\n|-damage|p1a: Miraidon|16\/100 tox|[from] psn\n|upkeep\n|turn|28\n|inactive|Chumpanzee has 90 seconds left.\n|\n|t:|1700265269\n|move|p1a: Miraidon|Tera Blast|p2a: Clodsire\n|-damage|p2a: Clodsire|50\/100\n|move|p2a: Clodsire|Recover|p2a: Clodsire\n|-heal|p2a: Clodsire|99\/100\n|\n|-heal|p2a: Clodsire|100\/100|[from] item: Leftovers\n|-damage|p1a: Miraidon|0 fnt|[from] psn\n|faint|p1a: Miraidon\n|-fieldend|move: Electric Terrain\n|upkeep\n|\n|t:|1700265283\n|switch|p1a: Ditto|Ditto|100\/100\n|-activate|p1a: Ditto|move: Sticky Web\n|-unboost|p1a: Ditto|spe|1\n|-transform|p1a: Ditto|p2a: Clodsire|[from] ability: Imposter\n|turn|29\n|inactive|shepg0d has 120 seconds left.\n|\n|t:|1700265299\n|move|p2a: Clodsire|Protect|p2a: Clodsire\n|-singleturn|p2a: Clodsire|Protect\n|move|p1a: Ditto|Poison Jab|p2a: Clodsire\n|-activate|p2a: Clodsire|move: Protect\n|\n|upkeep\n|turn|30\n|inactive|shepg0d has 120 seconds left.\n|\n|t:|1700265309\n|move|p1a: Ditto|Poison Jab|p2a: Clodsire\n|-resisted|p2a: Clodsire\n|-damage|p2a: Clodsire|97\/100\n|move|p2a: Clodsire|Poison Jab|p1a: Ditto\n|-resisted|p1a: Ditto\n|-damage|p1a: Ditto|94\/100\n|\n|-heal|p2a: Clodsire|100\/100|[from] item: Leftovers\n|upkeep\n|turn|31\n|inactive|Chumpanzee has 90 seconds left.\n|inactive|shepg0d has 120 seconds left.\n|\n|t:|1700265320\n|switch|p1a: Zacian|Zacian-Crowned|100\/100\n|-activate|p1a: Zacian|move: Sticky Web\n|-unboost|p1a: Zacian|spe|1\n|move|p2a: Clodsire|Poison Jab|p1a: Zacian\n|-immune|p1a: Zacian\n|\n|upkeep\n|turn|32\n|inactive|Chumpanzee has 90 seconds left.\n|inactive|shepg0d has 120 seconds left.\n|\n|t:|1700265342\n|switch|p2a: Dudunsparce|Dudunsparce-Three-Segment, F|100\/100\n|move|p1a: Zacian|Sacred Sword|p2a: Dudunsparce\n|-supereffective|p2a: Dudunsparce\n|-damage|p2a: Dudunsparce|37\/100\n|\n|-heal|p2a: Dudunsparce|43\/100|[from] item: Leftovers\n|upkeep\n|turn|33\n|inactive|shepg0d has 120 seconds left.\n|\n|t:|1700265357\n|move|p1a: Zacian|Sacred Sword|p2a: Dudunsparce\n|-supereffective|p2a: Dudunsparce\n|-damage|p2a: Dudunsparce|0 fnt\n|faint|p2a: Dudunsparce\n|\n|upkeep\n|\n|t:|1700265362\n|switch|p2a: Iron Moth|Iron Moth|29\/100\n|turn|34\n|\n|t:|1700265371\n|switch|p1a: Ditto|Ditto|94\/100\n|-activate|p1a: Ditto|move: Sticky Web\n|-unboost|p1a: Ditto|spe|1\n|-transform|p1a: Ditto|p2a: Iron Moth|[from] ability: Imposter\n|-terastallize|p2a: Iron Moth|Fire\n|move|p2a: Iron Moth|Fiery Dance|p1a: Ditto\n|-resisted|p1a: Ditto\n|-damage|p1a: Ditto|59\/100\n|\n|upkeep\n|turn|35\n|inactive|Chumpanzee has 90 seconds left.\n|inactive|Chumpanzee has 60 seconds left.\n|\n|t:|1700265411\n|-end|p2a: Iron Moth|Quark Drive|[silent]\n|switch|p2a: Clodsire|Clodsire, F|100\/100\n|move|p1a: Ditto|Sludge Wave|p2a: Clodsire\n|-resisted|p2a: Clodsire\n|-damage|p2a: Clodsire|91\/100\n|\n|-heal|p2a: Clodsire|98\/100|[from] item: Leftovers\n|upkeep\n|turn|36\n|inactive|Chumpanzee has 60 seconds left.\n|inactive|shepg0d has 120 seconds left.\n|\n|t:|1700265454\n|-end|p1a: Ditto|Quark Drive|[silent]\n|switch|p1a: Zacian|Zacian-Crowned|100\/100\n|-activate|p1a: Zacian|move: Sticky Web\n|-unboost|p1a: Zacian|spe|1\n|switch|p2a: Iron Moth|Iron Moth, tera:Fire|29\/100\n|\n|upkeep\n|turn|37\n|inactive|Chumpanzee has 60 seconds left.\n|\n|t:|1700265467\n|move|p2a: Iron Moth|Fiery Dance|p1a: Zacian\n|-supereffective|p1a: Zacian\n|-damage|p1a: Zacian|0 fnt\n|-boost|p2a: Iron Moth|spa|1\n|faint|p1a: Zacian\n|\n|upkeep\n|\n|t:|1700265470\n|switch|p1a: Ditto|Ditto|59\/100\n|-activate|p1a: Ditto|move: Sticky Web\n|-unboost|p1a: Ditto|spe|1\n|-transform|p1a: Ditto|p2a: Iron Moth|[from] ability: Imposter\n|turn|38\n|inactive|shepg0d has 120 seconds left.\n|\n|t:|1700265487\n|move|p1a: Ditto|Energy Ball|p2a: Iron Moth\n|-resisted|p2a: Iron Moth\n|-damage|p2a: Iron Moth|4\/100\n|move|p2a: Iron Moth|Fiery Dance|p1a: Ditto\n|-resisted|p1a: Ditto\n|-damage|p1a: Ditto|8\/100\n|\n|upkeep\n|turn|39\n|\n|t:|1700265498\n|move|p1a: Ditto|Energy Ball|p2a: Iron Moth\n|-resisted|p2a: Iron Moth\n|-damage|p2a: Iron Moth|0 fnt\n|faint|p2a: Iron Moth\n|-end|p2a: Iron Moth|Quark Drive|[silent]\n|\n|upkeep\n|\n|t:|1700265503\n|switch|p2a: Clodsire|Clodsire, F|98\/100\n|turn|40\n|\n|t:|1700265507\n|move|p1a: Ditto|Energy Ball|p2a: Clodsire\n|-damage|p2a: Clodsire|62\/100\n|-unboost|p2a: Clodsire|spd|1\n|move|p2a: Clodsire|Poison Jab|p1a: Ditto\n|-resisted|p1a: Ditto\n|-damage|p1a: Ditto|0 fnt\n|faint|p1a: Ditto\n|-end|p1a: Ditto|Quark Drive|[silent]\n|\n|win|shepg0d\n|raw|Chumpanzee's rating: 1150 &rarr; <strong>1118<\/strong><br \/>(-32 for losing)\n|raw|shepg0d's rating: 1051 &rarr; <strong>1092<\/strong><br \/>(+41 for winning)\n|l|\u2606Chumpanzee\n","uploadtime":1700265622,"views":12,"p1id":"chumpanzee","p2id":"shepg0d","formatid":"gen9ubers","rating":1092,"private":0,"password":""}