{"id":"gen9ubers-1968807520","p1":"LadyCynthia32","p2":"Dhdjdjd","format":"[Gen 9] Ubers","log":"|j|\u2606LadyCynthia32\n|j|\u2606Dhdjdjd\n|t:|1697466477\n|gametype|singles\n|player|p1|LadyCynthia32|cynthia-gen4|\n|player|p2|Dhdjdjd|2|\n|teamsize|p1|6\n|teamsize|p2|6\n|gen|9\n|tier|[Gen 9] Ubers\n|rule|Sleep Clause Mod: Limit one foe put to sleep\n|rule|Species Clause: Limit one of each Pok\u00e9mon\n|rule|OHKO Clause: OHKO moves are banned\n|rule|Evasion Items Clause: Evasion items are banned\n|rule|Evasion Moves Clause: Evasion moves are banned\n|rule|Endless Battle Clause: Forcing endless battles is banned\n|rule|HP Percentage Mod: HP is shown in percentages\n|clearpoke\n|poke|p1|Dialga|\n|poke|p1|Palkia-Origin|\n|poke|p1|Giratina|\n|poke|p1|Arceus-Dark|\n|poke|p1|Chi-Yu|\n|poke|p1|Magearna|\n|poke|p2|Ogerpon-Cornerstone, F|\n|poke|p2|Arceus-Fighting|\n|poke|p2|Volcarona, M|\n|poke|p2|Gliscor, F|\n|poke|p2|Dondozo, F|\n|poke|p2|Gholdengo|\n|teampreview\n|l|\u2606Dhdjdjd\n|player|p2|\n|c|\u2606LadyCynthia32|glhf\n|\n|t:|1697466505\n|start\n|switch|p1a: Arceus|Arceus-Dark|100\/100\n|switch|p2a: Dondozo|Dondozo, F|100\/100\n|turn|1\n|j|\u2606Dhdjdjd\n|player|p2|Dhdjdjd|2\n|\n|t:|1697466514\n|move|p1a: Arceus|Taunt|p2a: Dondozo\n|-start|p2a: Dondozo|move: Taunt\n|move|p2a: Dondozo|Wave Crash|p1a: Arceus\n|-damage|p1a: Arceus|61\/100\n|-damage|p2a: Dondozo|89\/100|[from] Recoil\n|\n|-heal|p2a: Dondozo|95\/100|[from] item: Leftovers\n|upkeep\n|turn|2\n|\n|t:|1697466526\n|switch|p2a: Ogerpon|Ogerpon-Cornerstone, F|100\/100\n|move|p1a: Arceus|Thunder Wave|p2a: Ogerpon\n|-status|p2a: Ogerpon|par\n|\n|upkeep\n|turn|3\n|\n|t:|1697466541\n|move|p1a: Arceus|Foul Play|p2a: Ogerpon\n|-damage|p2a: Ogerpon|20\/100 par\n|cant|p2a: Ogerpon|par\n|\n|upkeep\n|turn|4\n|\n|t:|1697466549\n|move|p1a: Arceus|Foul Play|p2a: Ogerpon\n|-damage|p2a: Ogerpon|0 fnt\n|faint|p2a: Ogerpon\n|\n|upkeep\n|\n|t:|1697466562\n|switch|p2a: Arceus|Arceus-Fighting|100\/100\n|turn|5\n|\n|t:|1697466568\n|-terastallize|p1a: Arceus|Poison\n|move|p1a: Arceus|Thunder Wave|p2a: Arceus\n|-status|p2a: Arceus|par\n|cant|p2a: Arceus|par\n|\n|upkeep\n|turn|6\n|\n|t:|1697466577\n|move|p1a: Arceus|Taunt|p2a: Arceus\n|-start|p2a: Arceus|move: Taunt\n|cant|p2a: Arceus|move: Taunt|Calm Mind\n|\n|upkeep\n|turn|7\n|\n|t:|1697466585\n|move|p1a: Arceus|Recover|p1a: Arceus\n|-heal|p1a: Arceus|100\/100\n|move|p2a: Arceus|Stored Power|p1a: Arceus\n|-supereffective|p1a: Arceus\n|-damage|p1a: Arceus|94\/100\n|\n|upkeep\n|turn|8\n|\n|t:|1697466597\n|switch|p2a: Volcarona|Volcarona, M|100\/100\n|move|p1a: Arceus|Foul Play|p2a: Volcarona\n|-damage|p2a: Volcarona|70\/100\n|\n|upkeep\n|turn|9\n|\n|t:|1697466605\n|move|p1a: Arceus|Taunt|p2a: Volcarona\n|-start|p2a: Volcarona|move: Taunt\n|move|p2a: Volcarona|Fiery Dance|p1a: Arceus\n|-damage|p1a: Arceus|61\/100\n|\n|upkeep\n|turn|10\n|\n|t:|1697466612\n|move|p1a: Arceus|Thunder Wave|p2a: Volcarona|[miss]\n|-miss|p1a: Arceus|p2a: Volcarona\n|move|p2a: Volcarona|Fiery Dance|p1a: Arceus\n|-damage|p1a: Arceus|29\/100\n|\n|upkeep\n|turn|11\n|\n|t:|1697466620\n|move|p1a: Arceus|Recover|p1a: Arceus\n|-heal|p1a: Arceus|79\/100\n|move|p2a: Volcarona|Fiery Dance|p1a: Arceus\n|-damage|p1a: Arceus|51\/100\n|\n|-end|p2a: Volcarona|move: Taunt\n|upkeep\n|turn|12\n|\n|t:|1697466632\n|move|p1a: Arceus|Taunt|p2a: Volcarona\n|-start|p2a: Volcarona|move: Taunt\n|move|p2a: Volcarona|Fiery Dance|p1a: Arceus\n|-damage|p1a: Arceus|22\/100\n|-boost|p2a: Volcarona|spa|1\n|\n|upkeep\n|turn|13\n|\n|t:|1697466641\n|move|p1a: Arceus|Thunder Wave|p2a: Volcarona\n|-status|p2a: Volcarona|par\n|move|p2a: Volcarona|Fiery Dance|p1a: Arceus\n|-damage|p1a: Arceus|0 fnt\n|faint|p1a: Arceus\n|\n|upkeep\n|\n|t:|1697466650\n|switch|p1a: Palkia|Palkia-Origin|100\/100\n|-ability|p1a: Palkia|Pressure\n|turn|14\n|\n|t:|1697466662\n|-terastallize|p2a: Volcarona|Grass\n|move|p1a: Palkia|Spacial Rend|p2a: Volcarona\n|-crit|p2a: Volcarona\n|-damage|p2a: Volcarona|0 fnt\n|faint|p2a: Volcarona\n|\n|upkeep\n|\n|t:|1697466676\n|switch|p2a: Gholdengo|Gholdengo|100\/100\n|turn|15\n|\n|t:|1697466687\n|move|p1a: Palkia|Flamethrower|p2a: Gholdengo\n|-supereffective|p2a: Gholdengo\n|-damage|p2a: Gholdengo|25\/100\n|move|p2a: Gholdengo|Shadow Ball|p1a: Palkia\n|-damage|p1a: Palkia|52\/100\n|-damage|p2a: Gholdengo|15\/100|[from] item: Life Orb\n|\n|upkeep\n|turn|16\n|\n|t:|1697466696\n|move|p1a: Palkia|Flamethrower|p2a: Gholdengo\n|-supereffective|p2a: Gholdengo\n|-damage|p2a: Gholdengo|0 fnt\n|faint|p2a: Gholdengo\n|\n|upkeep\n|\n|t:|1697466706\n|switch|p2a: Dondozo|Dondozo, F|95\/100\n|turn|17\n|\n|t:|1697466714\n|move|p1a: Palkia|Spacial Rend|p2a: Dondozo\n|-crit|p2a: Dondozo\n|-damage|p2a: Dondozo|2\/100\n|move|p2a: Dondozo|Rest|p2a: Dondozo\n|-status|p2a: Dondozo|slp|[from] move: Rest\n|-heal|p2a: Dondozo|100\/100 slp|[silent]\n|\n|upkeep\n|turn|18\n|\n|t:|1697466733\n|move|p1a: Palkia|Spacial Rend|p2a: Dondozo\n|-damage|p2a: Dondozo|29\/100 slp\n|cant|p2a: Dondozo|slp\n|move|p2a: Dondozo|Sleep Talk|p2a: Dondozo\n|move|p2a: Dondozo|Rest||[from]move: Sleep Talk|[still]\n|-fail|p2a: Dondozo\n|\n|-heal|p2a: Dondozo|36\/100 slp|[from] item: Leftovers\n|upkeep\n|turn|19\n|\n|t:|1697466748\n|move|p1a: Palkia|Spacial Rend|p2a: Dondozo\n|-damage|p2a: Dondozo|0 fnt\n|faint|p2a: Dondozo\n|\n|upkeep\n|\n|t:|1697466754\n|switch|p2a: Arceus|Arceus-Fighting|100\/100 par\n|turn|20\n|\n|t:|1697466761\n|move|p1a: Palkia|Spacial Rend|p2a: Arceus\n|-damage|p2a: Arceus|54\/100 par\n|cant|p2a: Arceus|par\n|\n|upkeep\n|turn|21\n|\n|t:|1697466766\n|move|p1a: Palkia|Spacial Rend|p2a: Arceus\n|-damage|p2a: Arceus|6\/100 par\n|move|p2a: Arceus|Recover|p2a: Arceus\n|-heal|p2a: Arceus|56\/100 par\n|\n|upkeep\n|turn|22\n|\n|t:|1697466773\n|move|p1a: Palkia|Spacial Rend|p2a: Arceus\n|-crit|p2a: Arceus\n|-damage|p2a: Arceus|0 fnt\n|faint|p2a: Arceus\n|\n|upkeep\n|\n|t:|1697466779\n|switch|p2a: Gliscor|Gliscor, F|100\/100\n|turn|23\n|\n|t:|1697466783\n|move|p1a: Palkia|Surf|p2a: Gliscor\n|-supereffective|p2a: Gliscor\n|-damage|p2a: Gliscor|0 fnt\n|faint|p2a: Gliscor\n|\n|win|LadyCynthia32\n|c|\u2606LadyCynthia32|gg\n","uploadtime":1697466789,"views":25,"p1id":"ladycynthia32","p2id":"dhdjdjd","formatid":"gen9ubers","rating":0,"private":0,"password":""}