{"id":"gen9ubers-1971974928","p1":"firecreepr","p2":"jhonramosbruscas","format":"[Gen 9] Ubers","log":"|j|\u2606firecreepr\n|j|\u2606jhonramosbruscas\n|t:|1697800088\n|gametype|singles\n|player|p1|firecreepr|silver|1082\n|player|p2|jhonramosbruscas|266|1000\n|teamsize|p1|6\n|teamsize|p2|6\n|gen|9\n|tier|[Gen 9] Ubers\n|rated|\n|rule|Sleep Clause Mod: Limit one foe put to sleep\n|rule|Species Clause: Limit one of each Pok\u00e9mon\n|rule|OHKO Clause: OHKO moves are banned\n|rule|Evasion Items Clause: Evasion items are banned\n|rule|Evasion Moves Clause: Evasion moves are banned\n|rule|Endless Battle Clause: Forcing endless battles is banned\n|rule|HP Percentage Mod: HP is shown in percentages\n|clearpoke\n|poke|p1|Koraidon|\n|poke|p1|Flutter Mane|\n|poke|p1|Great Tusk|\n|poke|p1|Walking Wake|\n|poke|p1|Roaring Moon|\n|poke|p1|Heatran, M|\n|poke|p2|Gyarados, M|\n|poke|p2|Charizard, M|\n|poke|p2|Dragonite, F|\n|poke|p2|Zacian-*|\n|poke|p2|Giratina|\n|poke|p2|Roaring Moon|\n|teampreview\n|inactive|Battle timer is ON: inactive players will automatically lose when time's up. (requested by firecreepr)\n|\n|t:|1697800102\n|start\n|switch|p1a: Koraidon|Koraidon|100\/100\n|switch|p2a: Gyarados|Gyarados, M|100\/100\n|-weather|SunnyDay|[from] ability: Orichalcum Pulse|[of] p1a: Koraidon\n|-activate|p1a: Koraidon|Orichalcum Pulse|[source]\n|-ability|p2a: Gyarados|Intimidate|boost\n|-unboost|p1a: Koraidon|atk|1\n|turn|1\n|\n|t:|1697800115\n|switch|p1a: Flutter Mane|Flutter Mane|100\/100\n|-activate|p1a: Flutter Mane|ability: Protosynthesis\n|-start|p1a: Flutter Mane|protosynthesisspa\n|move|p2a: Gyarados|Blizzard|p1a: Flutter Mane\n|-damage|p1a: Flutter Mane|88\/100\n|\n|-weather|SunnyDay|[upkeep]\n|upkeep\n|turn|2\n|\n|t:|1697800133\n|-terastallize|p2a: Gyarados|Water\n|move|p1a: Flutter Mane|Thunderbolt|p2a: Gyarados\n|-supereffective|p2a: Gyarados\n|-damage|p2a: Gyarados|28\/100\n|move|p2a: Gyarados|Blizzard|p1a: Flutter Mane|[miss]\n|-miss|p2a: Gyarados|p1a: Flutter Mane\n|\n|-weather|SunnyDay|[upkeep]\n|upkeep\n|turn|3\n|\n|t:|1697800145\n|switch|p2a: Charizard|Charizard, M|100\/100\n|move|p1a: Flutter Mane|Moonblast|p2a: Charizard\n|-resisted|p2a: Charizard\n|-damage|p2a: Charizard|59\/100\n|\n|-weather|SunnyDay|[upkeep]\n|upkeep\n|turn|4\n|\n|t:|1697800159\n|-singleturn|p2a: Charizard|move: Focus Punch\n|move|p1a: Flutter Mane|Shadow Ball|p2a: Charizard\n|-damage|p2a: Charizard|0 fnt\n|faint|p2a: Charizard\n|\n|-weather|SunnyDay|[upkeep]\n|upkeep\n|\n|t:|1697800182\n|switch|p2a: Zacian|Zacian-Crowned|100\/100\n|-ability|p2a: Zacian|Intrepid Sword|boost\n|-boost|p2a: Zacian|atk|1\n|turn|5\n|\n|t:|1697800196\n|move|p1a: Flutter Mane|Mystical Fire|p2a: Zacian\n|-supereffective|p2a: Zacian\n|-crit|p2a: Zacian\n|-damage|p2a: Zacian|0 fnt\n|faint|p2a: Zacian\n|\n|-weather|SunnyDay|[upkeep]\n|upkeep\n|\n|t:|1697800204\n|switch|p2a: Giratina|Giratina|100\/100\n|-ability|p2a: Giratina|Pressure\n|turn|6\n|inactive|jhonramosbruscas has 120 seconds left.\n|inactive|jhonramosbruscas has 90 seconds left.\n|\n|t:|1697800255\n|move|p1a: Flutter Mane|Moonblast|p2a: Giratina\n|-supereffective|p2a: Giratina\n|-damage|p2a: Giratina|5\/100\n|-unboost|p2a: Giratina|spa|1\n|move|p2a: Giratina|Rest|p2a: Giratina\n|-status|p2a: Giratina|slp|[from] move: Rest\n|-heal|p2a: Giratina|100\/100 slp|[silent]\n|\n|-weather|SunnyDay|[upkeep]\n|upkeep\n|turn|7\n|inactive|jhonramosbruscas has 90 seconds left.\n|\n|t:|1697800277\n|move|p1a: Flutter Mane|Moonblast|p2a: Giratina\n|-supereffective|p2a: Giratina\n|-damage|p2a: Giratina|14\/100 slp\n|cant|p2a: Giratina|slp\n|\n|-weather|SunnyDay|[upkeep]\n|upkeep\n|turn|8\n|\n|t:|1697800304\n|move|p1a: Flutter Mane|Moonblast|p2a: Giratina\n|-supereffective|p2a: Giratina\n|-damage|p2a: Giratina|0 fnt\n|faint|p2a: Giratina\n|\n|-weather|none\n|-end|p1a: Flutter Mane|Protosynthesis\n|upkeep\n|inactive|jhonramosbruscas has 60 seconds left.\n|\n|t:|1697800318\n|switch|p2a: Dragonite|Dragonite, F|100\/100\n|turn|9\n|\n|t:|1697800342\n|-singleturn|p2a: Dragonite|move: Focus Punch\n|move|p1a: Flutter Mane|Moonblast|p2a: Dragonite\n|-supereffective|p2a: Dragonite\n|-damage|p2a: Dragonite|0 fnt\n|faint|p2a: Dragonite\n|\n|upkeep\n|inactive|jhonramosbruscas has 60 seconds left.\n|l|\u2606jhonramosbruscas\n|inactive|jhonramosbruscas disconnected and has a minute to reconnect!\n|player|p2|\n|c|\u2606firecreepr|did you not bring anything other than dragon type..?\n|inactive|jhonramosbruscas has 30 seconds to reconnect!\n|inactive|jhonramosbruscas has 20 seconds to reconnect!\n|inactive|jhonramosbruscas has 15 seconds to reconnect!\n|inactive|jhonramosbruscas has 10 seconds to reconnect!\n|inactive|jhonramosbruscas has 5 seconds to reconnect!\n|-message|jhonramosbruscas lost due to inactivity.\n|\n|win|firecreepr\n|raw|firecreepr's rating: 1082 &rarr; <strong>1103<\/strong><br \/>(+21 for winning)\n|raw|jhonramosbruscas's rating: 1000 &rarr; <strong>1000<\/strong><br \/>(+0 for losing)\n","uploadtime":1697800417,"views":18,"p1id":"firecreepr","p2id":"jhonramosbruscas","formatid":"gen9ubers","rating":1000,"private":0,"password":""}