{"id":"gen9ubers-1972222950","p1":"RubenPaCe","p2":"brendog66","format":"[Gen 9] Ubers","log":"|j|\u2606RubenPaCe\n|j|\u2606brendog66\n|t:|1697822800\n|gametype|singles\n|player|p1|RubenPaCe|camper|\n|player|p2|brendog66|169|\n|teamsize|p1|6\n|teamsize|p2|6\n|gen|9\n|tier|[Gen 9] Ubers\n|rule|Sleep Clause Mod: Limit one foe put to sleep\n|rule|Species Clause: Limit one of each Pok\u00e9mon\n|rule|OHKO Clause: OHKO moves are banned\n|rule|Evasion Items Clause: Evasion items are banned\n|rule|Evasion Moves Clause: Evasion moves are banned\n|rule|Endless Battle Clause: Forcing endless battles is banned\n|rule|HP Percentage Mod: HP is shown in percentages\n|clearpoke\n|poke|p1|Spectrier|\n|poke|p1|Zacian-*|\n|poke|p1|Ursaluna-Bloodmoon, M|\n|poke|p1|Magearna|\n|poke|p1|Arceus-Poison|\n|poke|p1|Giratina|\n|poke|p2|Cyclizar, F|\n|poke|p2|Chi-Yu|\n|poke|p2|Magearna|\n|poke|p2|Zacian-*|\n|poke|p2|Palkia-Origin|\n|poke|p2|Ursaluna-Bloodmoon, M|\n|teampreview\n|inactive|Battle timer is ON: inactive players will automatically lose when time's up. (requested by brendog66)\n|\n|t:|1697822820\n|start\n|switch|p1a: Spectrier|Spectrier|100\/100\n|switch|p2a: Cyclizar|Cyclizar, F|100\/100\n|turn|1\n|inactive|brendog66 has 270 seconds left.\n|inactive|brendog66 has 240 seconds left.\n|\n|t:|1697822881\n|move|p2a: Cyclizar|Knock Off|p1a: Spectrier\n|-supereffective|p1a: Spectrier\n|-damage|p1a: Spectrier|40\/100\n|-enditem|p1a: Spectrier|Heavy-Duty Boots|[from] move: Knock Off|[of] p2a: Cyclizar\n|move|p1a: Spectrier|Draining Kiss|p2a: Cyclizar\n|-supereffective|p2a: Cyclizar\n|-damage|p2a: Cyclizar|43\/100\n|-heal|p1a: Spectrier|84\/100|[from] drain|[of] p2a: Cyclizar\n|\n|upkeep\n|turn|2\n|\n|t:|1697822887\n|move|p2a: Cyclizar|Knock Off|p1a: Spectrier\n|-supereffective|p1a: Spectrier\n|-damage|p1a: Spectrier|41\/100\n|move|p1a: Spectrier|Draining Kiss|p2a: Cyclizar\n|-supereffective|p2a: Cyclizar\n|-damage|p2a: Cyclizar|0 fnt\n|-heal|p1a: Spectrier|73\/100|[from] drain|[of] p2a: Cyclizar\n|faint|p2a: Cyclizar\n|-ability|p1a: Spectrier|Grim Neigh|boost\n|-boost|p1a: Spectrier|spa|1\n|\n|upkeep\n|inactive|brendog66 has 240 seconds left.\n|\n|t:|1697822900\n|switch|p2a: Zacian|Zacian|100\/100\n|-ability|p2a: Zacian|Intrepid Sword|boost\n|-boost|p2a: Zacian|atk|1\n|turn|3\n|\n|t:|1697822908\n|switch|p1a: Arceus|Arceus-Poison|100\/100\n|move|p2a: Zacian|Crunch|p1a: Arceus\n|-damage|p1a: Arceus|64\/100\n|\n|upkeep\n|turn|4\n|inactive|brendog66 has 240 seconds left.\n|\n|t:|1697822937\n|switch|p2a: Magearna|Magearna|100\/100\n|move|p1a: Arceus|Recover|p1a: Arceus\n|-heal|p1a: Arceus|100\/100\n|\n|upkeep\n|turn|5\n|\n|t:|1697822943\n|move|p1a: Arceus|Calm Mind|p1a: Arceus\n|-boost|p1a: Arceus|spa|1\n|-boost|p1a: Arceus|spd|1\n|move|p2a: Magearna|Calm Mind|p2a: Magearna\n|-boost|p2a: Magearna|spa|1\n|-boost|p2a: Magearna|spd|1\n|\n|upkeep\n|turn|6\n|\n|t:|1697822952\n|move|p1a: Arceus|Earth Power|p2a: Magearna\n|-supereffective|p2a: Magearna\n|-damage|p2a: Magearna|61\/100\n|move|p2a: Magearna|Calm Mind|p2a: Magearna\n|-boost|p2a: Magearna|spa|1\n|-boost|p2a: Magearna|spd|1\n|\n|-heal|p2a: Magearna|67\/100|[from] item: Leftovers\n|upkeep\n|turn|7\n|inactive|brendog66 has 240 seconds left.\n|\n|t:|1697822983\n|move|p1a: Arceus|Earth Power|p2a: Magearna\n|-supereffective|p2a: Magearna\n|-damage|p2a: Magearna|39\/100\n|move|p2a: Magearna|Draining Kiss|p1a: Arceus\n|-resisted|p1a: Arceus\n|-damage|p1a: Arceus|91\/100\n|-heal|p2a: Magearna|47\/100|[from] drain|[of] p1a: Arceus\n|\n|-heal|p2a: Magearna|53\/100|[from] item: Leftovers\n|upkeep\n|turn|8\n|inactive|brendog66 has 240 seconds left.\n|\n|t:|1697822993\n|move|p1a: Arceus|Earth Power|p2a: Magearna\n|-supereffective|p2a: Magearna\n|-crit|p2a: Magearna\n|-damage|p2a: Magearna|0 fnt\n|faint|p2a: Magearna\n|\n|upkeep\n|inactive|brendog66 has 240 seconds left.\n|c|\u2606brendog66|Ouch\n|inactive|brendog66 has 210 seconds left.\n|\n|t:|1697823046\n|switch|p2a: Ursaluna|Ursaluna-Bloodmoon, M|100\/100\n|turn|9\n|\n|t:|1697823050\n|move|p1a: Arceus|Calm Mind|p1a: Arceus\n|-boost|p1a: Arceus|spa|1\n|-boost|p1a: Arceus|spd|1\n|move|p2a: Ursaluna|Calm Mind|p2a: Ursaluna\n|-boost|p2a: Ursaluna|spa|1\n|-boost|p2a: Ursaluna|spd|1\n|\n|upkeep\n|turn|10\n|\n|t:|1697823053\n|move|p1a: Arceus|Earth Power|p2a: Ursaluna\n|-damage|p2a: Ursaluna|65\/100\n|-unboost|p2a: Ursaluna|spd|1\n|move|p2a: Ursaluna|Earth Power|p1a: Arceus\n|-supereffective|p1a: Arceus\n|-damage|p1a: Arceus|42\/100\n|\n|-heal|p2a: Ursaluna|71\/100|[from] item: Leftovers\n|upkeep\n|turn|11\n|\n|t:|1697823057\n|move|p1a: Arceus|Earth Power|p2a: Ursaluna\n|-crit|p2a: Ursaluna\n|-damage|p2a: Ursaluna|0 fnt\n|faint|p2a: Ursaluna\n|\n|upkeep\n|c|\u2606RubenPaCe|this arceus going crazy\n|c|\u2606brendog66|Stop\n|\n|t:|1697823070\n|switch|p2a: Zacian|Zacian|100\/100\n|turn|12\n|\n|t:|1697823072\n|-terastallize|p2a: Zacian|Dark\n|move|p2a: Zacian|Crunch|p1a: Arceus\n|-damage|p1a: Arceus|5\/100\n|move|p1a: Arceus|Recover|p1a: Arceus\n|-heal|p1a: Arceus|55\/100\n|\n|upkeep\n|turn|13\n|c|\u2606brendog66|Briuh\n|\n|t:|1697823097\n|-terastallize|p1a: Arceus|Fairy\n|move|p2a: Zacian|Crunch|p1a: Arceus\n|-resisted|p1a: Arceus\n|-damage|p1a: Arceus|35\/100\n|move|p1a: Arceus|Recover|p1a: Arceus\n|-heal|p1a: Arceus|85\/100\n|\n|upkeep\n|turn|14\n|\n|t:|1697823114\n|switch|p2a: Palkia|Palkia-Origin|100\/100\n|-ability|p2a: Palkia|Pressure\n|move|p1a: Arceus|Judgment|p2a: Palkia\n|-damage|p2a: Palkia|18\/100\n|\n|upkeep\n|turn|15\n|\n|t:|1697823123\n|move|p2a: Palkia|Thunder Wave|p1a: Arceus\n|-status|p1a: Arceus|par\n|move|p1a: Arceus|Judgment|p2a: Palkia\n|-damage|p2a: Palkia|0 fnt\n|faint|p2a: Palkia\n|\n|upkeep\n|\n|t:|1697823134\n|switch|p2a: Zacian|Zacian, tera:Dark|100\/100\n|turn|16\n|\n|t:|1697823137\n|move|p2a: Zacian|Play Rough|p1a: Arceus\n|-damage|p1a: Arceus|43\/100 par\n|move|p1a: Arceus|Judgment|p2a: Zacian\n|-damage|p2a: Zacian|3\/100\n|\n|upkeep\n|turn|17\n|inactive|brendog66 has 240 seconds left.\n|\n|t:|1697823145\n|move|p2a: Zacian|Play Rough|p1a: Arceus|[miss]\n|-miss|p2a: Zacian|p1a: Arceus\n|move|p1a: Arceus|Judgment|p2a: Zacian\n|-damage|p2a: Zacian|0 fnt\n|faint|p2a: Zacian\n|\n|upkeep\n|inactive|brendog66 has 240 seconds left.\n|c|\u2606brendog66|\u201cUnfortunate\u201d\n|c|\u2606RubenPaCe|unfortunate does not start to describe this game\n|\n|t:|1697823178\n|switch|p2a: Chi-Yu|Chi-Yu|100\/100\n|-ability|p2a: Chi-Yu|Beads of Ruin\n|turn|18\n|\n|t:|1697823184\n|move|p2a: Chi-Yu|Fire Blast|p1a: Arceus|[miss]\n|-miss|p2a: Chi-Yu|p1a: Arceus\n|move|p1a: Arceus|Earth Power|p2a: Chi-Yu\n|-supereffective|p2a: Chi-Yu\n|-damage|p2a: Chi-Yu|0 fnt\n|faint|p2a: Chi-Yu\n|\n|win|RubenPaCe\n|c|\u2606RubenPaCe|and\n|c|\u2606RubenPaCe|of course\n|c|\u2606brendog66|Gg\n|c|\u2606RubenPaCe|gg\n|c|\u2606brendog66|rematch\n|c|\u2606RubenPaCe|sure\n|l|\u2606RubenPaCe\n|c|\u2606brendog66|Should I post in vods\n","uploadtime":1697823250,"views":24,"p1id":"rubenpace","p2id":"brendog66","formatid":"gen9ubers","rating":0,"private":0,"password":""}