{"id":"gen9ubers-1979117893","p1":"Pickedman","p2":"godiamsosorry","format":"[Gen 9] Ubers","log":"|j|\u2606Pickedman\n|j|\u2606godiamsosorry\n|t:|1698634583\n|gametype|singles\n|player|p1|Pickedman|zinnia|\n|player|p2|godiamsosorry|scientistf|\n|teamsize|p1|6\n|teamsize|p2|6\n|gen|9\n|tier|[Gen 9] Ubers\n|rule|Sleep Clause Mod: Limit one foe put to sleep\n|rule|Species Clause: Limit one of each Pok\u00e9mon\n|rule|OHKO Clause: OHKO moves are banned\n|rule|Evasion Items Clause: Evasion items are banned\n|rule|Evasion Moves Clause: Evasion moves are banned\n|rule|Endless Battle Clause: Forcing endless battles is banned\n|rule|HP Percentage Mod: HP is shown in percentages\n|clearpoke\n|poke|p1|Palafin, F|\n|poke|p1|Shaymin-Sky|\n|poke|p1|Slowbro-Galar, F|\n|poke|p1|Slowking-Galar, F|\n|poke|p1|Klefki, F|\n|poke|p1|Landorus-Therian, M|\n|poke|p2|Abomasnow, M|\n|poke|p2|Lucario, F|\n|poke|p2|Landorus-Therian, M|\n|poke|p2|Greninja-*, M|\n|poke|p2|Slowking-Galar, F|\n|poke|p2|Talonflame, M|\n|teampreview\n|\n|t:|1698634593\n|start\n|switch|p1a: PunchWithNoFalcon|Palafin, F|100\/100\n|switch|p2a: Abomasnow|Abomasnow, M|100\/100\n|-weather|Snow|[from] ability: Snow Warning|[of] p2a: Abomasnow\n|turn|1\n|\n|t:|1698634605\n|detailschange|p1a: PunchWithNoFalcon|Palafin-Hero, F\n|switch|p1a: Landorus|Landorus-Therian, M|100\/100\n|-ability|p1a: Landorus|Intimidate|boost\n|-unboost|p2a: Abomasnow|atk|1\n|move|p2a: Abomasnow|Leech Seed|p1a: Landorus\n|-start|p1a: Landorus|move: Leech Seed\n|\n|-weather|Snow|[upkeep]\n|-damage|p1a: Landorus|88\/100|[from] Leech Seed|[of] p2a: Abomasnow\n|upkeep\n|turn|2\n|\n|t:|1698634607\n|move|p1a: Landorus|Taunt|p2a: Abomasnow\n|-start|p2a: Abomasnow|move: Taunt\n|move|p2a: Abomasnow|Blizzard|p1a: Landorus\n|-supereffective|p1a: Landorus\n|-damage|p1a: Landorus|0 fnt\n|faint|p1a: Landorus\n|\n|-weather|Snow|[upkeep]\n|upkeep\n|\n|t:|1698634611\n|switch|p1a: JumpIuff|Klefki, F|100\/100\n|turn|3\n|c|\u2606Pickedman|yeah idk what I expected there tbh\n|\n|t:|1698634628\n|switch|p2a: Talonflame|Talonflame, M|100\/100\n|move|p1a: JumpIuff|Light Screen|p1a: JumpIuff\n|-sidestart|p1: Pickedman|move: Light Screen\n|\n|-weather|Snow|[upkeep]\n|upkeep\n|turn|4\n|\n|t:|1698634633\n|move|p1a: JumpIuff|Thunder Wave|p2a: Talonflame\n|-status|p2a: Talonflame|par\n|move|p2a: Talonflame|Defog|p1a: JumpIuff\n|-unboost|p1a: JumpIuff|evasion|1\n|-sideend|p1: Pickedman|move: Light Screen\n|\n|-weather|Snow|[upkeep]\n|upkeep\n|turn|5\n|\n|t:|1698634638\n|move|p1a: JumpIuff|Light Screen|p1a: JumpIuff\n|-sidestart|p1: Pickedman|move: Light Screen\n|move|p2a: Talonflame|Flamethrower|p1a: JumpIuff\n|-supereffective|p1a: JumpIuff\n|-damage|p1a: JumpIuff|62\/100\n|\n|-weather|none\n|upkeep\n|turn|6\n|\n|t:|1698634648\n|switch|p1a: FalconWithNoPunch|Shaymin-Sky|100\/100\n|move|p2a: Talonflame|Defog|p1a: FalconWithNoPunch\n|-unboost|p1a: FalconWithNoPunch|evasion|1\n|-sideend|p1: Pickedman|move: Light Screen\n|\n|upkeep\n|turn|7\n|\n|t:|1698634657\n|switch|p1a: PunchWithNoFalcon|Palafin-Hero, F|100\/100\n|-activate|p1a: PunchWithNoFalcon|ability: Zero to Hero\n|cant|p2a: Talonflame|par\n|\n|upkeep\n|turn|8\n|\n|t:|1698634663\n|switch|p2a: Slowking|Slowking-Galar, F|100\/100\n|move|p1a: PunchWithNoFalcon|Hydro Pump|p2a: Slowking\n|-damage|p2a: Slowking|42\/100\n|\n|upkeep\n|turn|9\n|\n|t:|1698634668\n|switch|p2a: Abomasnow|Abomasnow, M|100\/100\n|-weather|Snow|[from] ability: Snow Warning|[of] p2a: Abomasnow\n|move|p1a: PunchWithNoFalcon|Hydro Pump|p2a: Abomasnow\n|-resisted|p2a: Abomasnow\n|-damage|p2a: Abomasnow|73\/100\n|\n|-weather|Snow|[upkeep]\n|upkeep\n|turn|10\n|\n|t:|1698634672\n|switch|p1a: The King|Slowking-Galar, F|100\/100\n|move|p2a: Abomasnow|Aurora Veil|p2a: Abomasnow\n|-sidestart|p2: godiamsosorry|move: Aurora Veil\n|\n|-weather|Snow|[upkeep]\n|upkeep\n|turn|11\n|\n|t:|1698634681\n|switch|p2a: Greninja|Greninja, M|100\/100\n|move|p1a: The King|Thunder Wave|p2a: Greninja\n|-status|p2a: Greninja|par\n|\n|-weather|Snow|[upkeep]\n|upkeep\n|turn|12\n|\n|t:|1698634691\n|cant|p2a: Greninja|par\n|move|p1a: The King|Chilly Reception|p1a: The King\n|c|\u2606Pickedman|never punished\n|\n|t:|1698634698\n|switch|p1a: FalconWithNoPunch|Shaymin-Sky|100\/100|[from] Chilly Reception\n|\n|-weather|Snow|[upkeep]\n|upkeep\n|turn|13\n|\n|t:|1698634702\n|move|p1a: FalconWithNoPunch|Swords Dance|p1a: FalconWithNoPunch\n|-boost|p1a: FalconWithNoPunch|atk|2\n|move|p2a: Greninja|Ice Punch|p1a: FalconWithNoPunch\n|-start|p2a: Greninja|typechange|Ice|[from] ability: Protean\n|-supereffective|p1a: FalconWithNoPunch\n|-damage|p1a: FalconWithNoPunch|0 fnt\n|faint|p1a: FalconWithNoPunch\n|\n|-weather|none\n|upkeep\n|c|\u2606Pickedman|punished\n|\n|t:|1698634713\n|switch|p1a: The Jester|Slowbro-Galar, F|100\/100\n|turn|14\n|\n|t:|1698634727\n|move|p2a: Greninja|Ice Punch|p1a: The Jester\n|-damage|p1a: The Jester|60\/100\n|move|p1a: The Jester|Belly Drum|p1a: The Jester\n|-damage|p1a: The Jester|10\/100\n|-setboost|p1a: The Jester|atk|6|[from] move: Belly Drum\n|\n|upkeep\n|turn|15\n|-activate|p1a: The Jester|ability: Quick Draw\n|\n|t:|1698634732\n|move|p1a: The Jester|Drain Punch|p2a: Greninja\n|-supereffective|p2a: Greninja\n|-damage|p2a: Greninja|0 fnt\n|-heal|p1a: The Jester|46\/100|[from] drain|[of] p2a: Greninja\n|faint|p2a: Greninja\n|\n|upkeep\n|c|\u2606godiamsosorry|Stop.\n|c|\u2606godiamsosorry|Stop cooking.\n|c|\u2606godiamsosorry|Use a viable Glowbro set please.\n|\n|t:|1698634747\n|switch|p2a: Landorus|Landorus-Therian, M|100\/100\n|-ability|p2a: Landorus|Intimidate|boost\n|-unboost|p1a: The Jester|atk|1\n|turn|16\n|c|\u2606Pickedman|it is viable\n|c|\u2606Pickedman|trust\n|c|\u2606godiamsosorry|No it is not...\n|-activate|p1a: The Jester|ability: Quick Draw\n|\n|t:|1698634762\n|-terastallize|p1a: The Jester|Fighting\n|move|p1a: The Jester|Drain Punch|p2a: Landorus\n|-resisted|p2a: Landorus\n|-damage|p2a: Landorus|66\/100\n|-heal|p1a: The Jester|60\/100|[from] drain|[of] p2a: Landorus\n|move|p2a: Landorus|Earth Power|p1a: The Jester\n|-damage|p1a: The Jester|0 fnt\n|faint|p1a: The Jester\n|\n|upkeep\n|\n|t:|1698634775\n|switch|p1a: PunchWithNoFalcon|Palafin-Hero, F|100\/100\n|turn|17\n|\n|t:|1698634782\n|switch|p2a: Talonflame|Talonflame, M|100\/100 par\n|move|p1a: PunchWithNoFalcon|Hydro Pump|p2a: Talonflame|[miss]\n|-miss|p1a: PunchWithNoFalcon|p2a: Talonflame\n|\n|-sideend|p2: godiamsosorry|move: Aurora Veil\n|upkeep\n|turn|18\n|\n|t:|1698634787\n|move|p1a: PunchWithNoFalcon|Hydro Pump|p2a: Talonflame\n|-supereffective|p2a: Talonflame\n|-damage|p2a: Talonflame|0 fnt\n|faint|p2a: Talonflame\n|\n|upkeep\n|\n|t:|1698634791\n|switch|p2a: Landorus|Landorus-Therian, M|66\/100\n|-ability|p2a: Landorus|Intimidate|boost\n|-unboost|p1a: PunchWithNoFalcon|atk|1\n|turn|19\n|\n|t:|1698634795\n|-terastallize|p2a: Landorus|Water\n|move|p1a: PunchWithNoFalcon|Hydro Pump|p2a: Landorus|[miss]\n|-miss|p1a: PunchWithNoFalcon|p2a: Landorus\n|move|p2a: Landorus|Earth Power|p1a: PunchWithNoFalcon\n|-damage|p1a: PunchWithNoFalcon|39\/100\n|\n|upkeep\n|turn|20\n|\n|t:|1698634799\n|switch|p1a: JumpIuff|Klefki, F|62\/100\n|move|p2a: Landorus|Earth Power|p1a: JumpIuff\n|-supereffective|p1a: JumpIuff\n|-damage|p1a: JumpIuff|0 fnt\n|faint|p1a: JumpIuff\n|\n|upkeep\n|\n|t:|1698634806\n|switch|p1a: The King|Slowking-Galar, F|100\/100\n|turn|21\n|\n|t:|1698634808\n|move|p2a: Landorus|Earth Power|p1a: The King\n|-supereffective|p1a: The King\n|-damage|p1a: The King|29\/100\n|move|p1a: The King|Thunder Wave|p2a: Landorus\n|-status|p2a: Landorus|par\n|\n|upkeep\n|turn|22\n|\n|t:|1698634813\n|move|p2a: Landorus|Earth Power|p1a: The King\n|-supereffective|p1a: The King\n|-damage|p1a: The King|0 fnt\n|faint|p1a: The King\n|\n|upkeep\n|\n|t:|1698634815\n|switch|p1a: PunchWithNoFalcon|Palafin-Hero, F|39\/100\n|turn|23\n|\n|t:|1698634818\n|move|p1a: PunchWithNoFalcon|Boomburst|p2a: Landorus\n|-damage|p2a: Landorus|0 fnt\n|faint|p2a: Landorus\n|\n|upkeep\n|\n|t:|1698634820\n|switch|p2a: Slowking|Slowking-Galar, F|75\/100\n|turn|24\n|\n|t:|1698634822\n|move|p1a: PunchWithNoFalcon|Boomburst|p2a: Slowking\n|-damage|p2a: Slowking|23\/100\n|move|p2a: Slowking|Foul Play|p1a: PunchWithNoFalcon\n|-damage|p1a: PunchWithNoFalcon|11\/100\n|\n|upkeep\n|turn|25\n|\n|t:|1698634825\n|move|p1a: PunchWithNoFalcon|Boomburst|p2a: Slowking\n|-damage|p2a: Slowking|0 fnt\n|faint|p2a: Slowking\n|\n|upkeep\n|\n|t:|1698634828\n|switch|p2a: Lucario|Lucario, F|100\/100\n|turn|26\n|\n|t:|1698634829\n|move|p2a: Lucario|Extreme Speed|p1a: PunchWithNoFalcon\n|-damage|p1a: PunchWithNoFalcon|0 fnt\n|faint|p1a: PunchWithNoFalcon\n|-damage|p2a: Lucario|91\/100|[from] item: Life Orb\n|\n|win|godiamsosorry\n|c|\u2606godiamsosorry|Gg,,,\n|c|\u2606Pickedman|gg\n|l|\u2606Pickedman\n","uploadtime":1698634836,"views":13,"p1id":"pickedman","p2id":"godiamsosorry","formatid":"gen9ubers","rating":0,"private":0,"password":""}