{"id":"gen9ubers-1983666771","p1":"oberon123","p2":"ferguma","format":"[Gen 9] Ubers","log":"|j|\u2606oberon123\n|j|\u2606ferguma\n|t:|1699156126\n|gametype|singles\n|player|p1|oberon123|brawly|\n|player|p2|ferguma|n|\n|teamsize|p1|6\n|teamsize|p2|6\n|gen|9\n|tier|[Gen 9] Ubers\n|rule|Sleep Clause Mod: Limit one foe put to sleep\n|rule|Species Clause: Limit one of each Pok\u00e9mon\n|rule|OHKO Clause: OHKO moves are banned\n|rule|Evasion Items Clause: Evasion items are banned\n|rule|Evasion Moves Clause: Evasion moves are banned\n|rule|Endless Battle Clause: Forcing endless battles is banned\n|rule|HP Percentage Mod: HP is shown in percentages\n|clearpoke\n|poke|p1|Walking Wake|\n|poke|p1|Toxapex, M|\n|poke|p1|Roaring Moon|\n|poke|p1|Blissey, F|\n|poke|p1|Lycanroc-Dusk, F|\n|poke|p1|Dudunsparce-*, M|\n|poke|p2|Breloom, F|\n|poke|p2|Gastrodon, M|\n|poke|p2|Pelipper, M|\n|poke|p2|Scizor, M|\n|poke|p2|Basculegion, M|\n|poke|p2|Thundurus-Therian, M|\n|teampreview\n|\n|t:|1699156147\n|start\n|switch|p1a: Walking Wake|Walking Wake|100\/100\n|switch|p2a: Thundurus|Thundurus-Therian, M|100\/100\n|turn|1\n|\n|t:|1699156155\n|move|p2a: Thundurus|Volt Switch|p1a: Walking Wake\n|-damage|p1a: Walking Wake|51\/100\n|\n|t:|1699156157\n|switch|p2a: Gastrodon|Gastrodon, M|100\/100|[from] Volt Switch\n|move|p1a: Walking Wake|Draco Meteor|p2a: Gastrodon\n|-damage|p2a: Gastrodon|32\/100\n|-unboost|p1a: Walking Wake|spa|2\n|\n|-heal|p2a: Gastrodon|38\/100|[from] item: Leftovers\n|upkeep\n|turn|2\n|\n|t:|1699156193\n|-end|p1a: Walking Wake|Protosynthesis|[silent]\n|switch|p1a: Roaring Moon|Roaring Moon|100\/100\n|move|p2a: Gastrodon|Recover|p2a: Gastrodon\n|-heal|p2a: Gastrodon|88\/100\n|\n|-heal|p2a: Gastrodon|94\/100|[from] item: Leftovers\n|upkeep\n|turn|3\n|\n|t:|1699156200\n|switch|p2a: Scizor|Scizor, M|100\/100\n|move|p1a: Roaring Moon|Knock Off|p2a: Scizor\n|-damage|p2a: Scizor|60\/100\n|-enditem|p2a: Scizor|Leftovers|[from] move: Knock Off|[of] p1a: Roaring Moon\n|\n|upkeep\n|turn|4\n|\n|t:|1699156256\n|-end|p1a: Roaring Moon|Protosynthesis|[silent]\n|switch|p1a: Toxapex|Toxapex, M|100\/100\n|move|p2a: Scizor|U-turn|p1a: Toxapex\n|-resisted|p1a: Toxapex\n|-damage|p1a: Toxapex|90\/100\n|\n|t:|1699156263\n|switch|p2a: Thundurus|Thundurus-Therian, M|100\/100|[from] U-turn\n|\n|-heal|p1a: Toxapex|96\/100|[from] item: Leftovers\n|upkeep\n|turn|5\n|\n|t:|1699156288\n|switch|p1a: Blissey|Blissey, F|100\/100\n|move|p2a: Thundurus|Volt Switch|p1a: Blissey\n|-damage|p1a: Blissey|84\/100\n|\n|t:|1699156293\n|switch|p2a: Breloom|Breloom, F|100\/100|[from] Volt Switch\n|\n|upkeep\n|turn|6\n|c|\u2606oberon123|1 sec\n|\n|t:|1699156335\n|move|p2a: Breloom|Spore|p1a: Blissey\n|-status|p1a: Blissey|slp|[from] move: Spore\n|cant|p1a: Blissey|slp\n|\n|upkeep\n|turn|7\n|\n|t:|1699156347\n|-curestatus|p1a: Blissey|slp|[from] ability: Natural Cure\n|switch|p1a: Toxapex|Toxapex, M|100\/100\n|move|p2a: Breloom|Bullet Seed|p1a: Toxapex\n|-damage|p1a: Toxapex|88\/100\n|-damage|p1a: Toxapex|75\/100\n|-damage|p1a: Toxapex|61\/100\n|-damage|p1a: Toxapex|47\/100\n|-damage|p1a: Toxapex|34\/100\n|-hitcount|p1a: Toxapex|5\n|\n|-heal|p1a: Toxapex|40\/100|[from] item: Leftovers\n|upkeep\n|turn|8\n|\n|t:|1699156393\n|move|p2a: Breloom|Spore|p1a: Toxapex\n|-status|p1a: Toxapex|slp|[from] move: Spore\n|cant|p1a: Toxapex|slp\n|\n|-heal|p1a: Toxapex|47\/100 slp|[from] item: Leftovers\n|upkeep\n|turn|9\n|\n|t:|1699156414\n|move|p2a: Breloom|Bullet Seed|p1a: Toxapex\n|-damage|p1a: Toxapex|33\/100 slp\n|-damage|p1a: Toxapex|20\/100 slp\n|-damage|p1a: Toxapex|6\/100 slp\n|-damage|p1a: Toxapex|0 fnt\n|faint|p1a: Toxapex\n|-hitcount|p1: Toxapex|4\n|\n|upkeep\n|\n|t:|1699156422\n|switch|p1a: Walking Wake|Walking Wake|51\/100\n|turn|10\n|\n|t:|1699156433\n|switch|p2a: Gastrodon|Gastrodon, M|94\/100\n|move|p1a: Walking Wake|Draco Meteor|p2a: Gastrodon\n|-damage|p2a: Gastrodon|30\/100\n|-unboost|p1a: Walking Wake|spa|2\n|\n|-heal|p2a: Gastrodon|36\/100|[from] item: Leftovers\n|upkeep\n|turn|11\n|\n|t:|1699156453\n|-end|p1a: Walking Wake|Protosynthesis|[silent]\n|switch|p1a: Blissey|Blissey, F|84\/100\n|move|p2a: Gastrodon|Recover|p2a: Gastrodon\n|-heal|p2a: Gastrodon|86\/100\n|\n|-heal|p2a: Gastrodon|92\/100|[from] item: Leftovers\n|upkeep\n|turn|12\n|\n|t:|1699156457\n|switch|p2a: Scizor|Scizor, M|60\/100\n|move|p1a: Blissey|Stealth Rock|p2a: Scizor\n|-sidestart|p2: ferguma|move: Stealth Rock\n|\n|upkeep\n|turn|13\n|\n|t:|1699156463\n|move|p2a: Scizor|Defog|p1a: Blissey\n|-unboost|p1a: Blissey|evasion|1\n|-sideend|p2: ferguma|Stealth Rock|[from] move: Defog|[of] p2a: Scizor\n|move|p1a: Blissey|Thunder Wave|p2a: Scizor\n|-status|p2a: Scizor|par\n|\n|upkeep\n|turn|14\n|\n|t:|1699156467\n|move|p1a: Blissey|Stealth Rock|p2a: Scizor\n|-sidestart|p2: ferguma|move: Stealth Rock\n|cant|p2a: Scizor|par\n|\n|upkeep\n|turn|15\n|\n|t:|1699156475\n|switch|p1a: Walking Wake|Walking Wake|51\/100\n|move|p2a: Scizor|Defog|p1a: Walking Wake\n|-unboost|p1a: Walking Wake|evasion|1\n|-sideend|p2: ferguma|Stealth Rock|[from] move: Defog|[of] p2a: Scizor\n|\n|upkeep\n|turn|16\n|\n|t:|1699156491\n|switch|p2a: Gastrodon|Gastrodon, M|92\/100\n|move|p1a: Walking Wake|Flip Turn|p2a: Gastrodon\n|-ability|p2a: Gastrodon|Storm Drain|boost\n|-boost|p2a: Gastrodon|spa|1\n|\n|-heal|p2a: Gastrodon|98\/100|[from] item: Leftovers\n|upkeep\n|turn|17\n|c|\u2606oberon123|OH WORD\n|c|\u2606oberon123|hmm gastrodon\n|j| Neutralist\n|\n|t:|1699156531\n|-end|p1a: Walking Wake|Protosynthesis|[silent]\n|switch|p1a: Dudunsparce|Dudunsparce-Three-Segment, M|100\/100\n|switch|p2a: Breloom|Breloom, F|100\/100\n|\n|upkeep\n|turn|18\n|c|\u2606ferguma|gastro been my sleeper mvp\n|\n|t:|1699156541\n|switch|p1a: Blissey|Blissey, F|84\/100\n|move|p2a: Breloom|Spore|p1a: Blissey\n|-status|p1a: Blissey|slp|[from] move: Spore\n|\n|upkeep\n|turn|19\n|c|\u2606oberon123|im floundering against it tbh lol\n|\n|t:|1699156578\n|-curestatus|p1a: Blissey|slp|[from] ability: Natural Cure\n|switch|p1a: Dudunsparce|Dudunsparce-Three-Segment, M|100\/100\n|move|p2a: Breloom|Bullet Seed|p1a: Dudunsparce\n|-damage|p1a: Dudunsparce|80\/100\n|-damage|p1a: Dudunsparce|63\/100\n|-damage|p1a: Dudunsparce|43\/100\n|-damage|p1a: Dudunsparce|24\/100\n|-damage|p1a: Dudunsparce|4\/100\n|-hitcount|p1a: Dudunsparce|5\n|\n|-heal|p1a: Dudunsparce|10\/100|[from] item: Leftovers\n|upkeep\n|turn|20\n|\n|t:|1699156594\n|move|p2a: Breloom|Bullet Seed|p1a: Dudunsparce\n|-damage|p1a: Dudunsparce|0 fnt\n|faint|p1a: Dudunsparce\n|-hitcount|p1: Dudunsparce|1\n|\n|upkeep\n|\n|t:|1699156600\n|switch|p1a: Lycanroc|Lycanroc-Dusk, F|100\/100\n|turn|21\n|\n|t:|1699156615\n|switch|p2a: Scizor|Scizor, M|60\/100 par\n|move|p1a: Lycanroc|Psychic Fangs|p2a: Scizor\n|-resisted|p2a: Scizor\n|-damage|p2a: Scizor|41\/100 par\n|\n|upkeep\n|turn|22\n|\n|t:|1699156623\n|move|p1a: Lycanroc|Psychic Fangs|p2a: Scizor\n|-resisted|p2a: Scizor\n|-damage|p2a: Scizor|20\/100 par\n|move|p2a: Scizor|U-turn|p1a: Lycanroc\n|-damage|p1a: Lycanroc|42\/100\n|\n|t:|1699156628\n|switch|p2a: Breloom|Breloom, F|100\/100|[from] U-turn\n|\n|upkeep\n|turn|23\n|\n|t:|1699156644\n|switch|p1a: Roaring Moon|Roaring Moon|100\/100\n|move|p2a: Breloom|Mach Punch|p1a: Roaring Moon\n|-supereffective|p1a: Roaring Moon\n|-damage|p1a: Roaring Moon|13\/100\n|\n|upkeep\n|turn|24\n|\n|t:|1699156651\n|move|p2a: Breloom|Mach Punch|p1a: Roaring Moon\n|-supereffective|p1a: Roaring Moon\n|-damage|p1a: Roaring Moon|0 fnt\n|faint|p1a: Roaring Moon\n|-end|p1a: Roaring Moon|Protosynthesis|[silent]\n|\n|upkeep\n|c|\u2606oberon123|bruh\n|c|\u2606oberon123|i waited a week for THIS\n|\n|t:|1699156659\n|switch|p1a: Walking Wake|Walking Wake|51\/100\n|turn|25\n|\n|t:|1699156663\n|switch|p2a: Scizor|Scizor, M|20\/100 par\n|move|p1a: Walking Wake|Draco Meteor|p2a: Scizor\n|-resisted|p2a: Scizor\n|-damage|p2a: Scizor|0 fnt\n|-unboost|p1a: Walking Wake|spa|2\n|faint|p2a: Scizor\n|\n|upkeep\n|\n|t:|1699156672\n|switch|p2a: Thundurus|Thundurus-Therian, M|100\/100\n|turn|26\n|\n|t:|1699156678\n|-end|p1a: Walking Wake|Protosynthesis|[silent]\n|switch|p1a: Blissey|Blissey, F|84\/100\n|move|p2a: Thundurus|Volt Switch|p1a: Blissey\n|-damage|p1a: Blissey|66\/100\n|\n|t:|1699156681\n|switch|p2a: Breloom|Breloom, F|100\/100|[from] Volt Switch\n|\n|upkeep\n|turn|27\n|\n|t:|1699156685\n|move|p2a: Breloom|Bullet Seed|p1a: Blissey\n|-damage|p1a: Blissey|48\/100\n|-damage|p1a: Blissey|31\/100\n|-damage|p1a: Blissey|11\/100\n|-damage|p1a: Blissey|0 fnt\n|faint|p1a: Blissey\n|-hitcount|p1: Blissey|4\n|\n|upkeep\n|\n|t:|1699156691\n|switch|p1a: Walking Wake|Walking Wake|51\/100\n|turn|28\n|\n|t:|1699156700\n|-end|p1a: Walking Wake|Protosynthesis|[silent]\n|switch|p1a: Lycanroc|Lycanroc-Dusk, F|42\/100\n|switch|p2a: Gastrodon|Gastrodon, M|98\/100\n|\n|-heal|p2a: Gastrodon|100\/100|[from] item: Leftovers\n|upkeep\n|turn|29\n|\n|t:|1699156713\n|move|p1a: Lycanroc|Close Combat|p2a: Gastrodon\n|-damage|p2a: Gastrodon|20\/100\n|-unboost|p1a: Lycanroc|def|1\n|-unboost|p1a: Lycanroc|spd|1\n|move|p2a: Gastrodon|Earth Power|p1a: Lycanroc\n|-supereffective|p1a: Lycanroc\n|-damage|p1a: Lycanroc|0 fnt\n|faint|p1a: Lycanroc\n|\n|-heal|p2a: Gastrodon|27\/100|[from] item: Leftovers\n|upkeep\n|\n|t:|1699156719\n|switch|p1a: Walking Wake|Walking Wake|51\/100\n|turn|30\n|\n|t:|1699156724\n|switch|p2a: Pelipper|Pelipper, M|100\/100\n|-weather|RainDance|[from] ability: Drizzle|[of] p2a: Pelipper\n|move|p1a: Walking Wake|Draco Meteor|p2a: Pelipper\n|-damage|p2a: Pelipper|0 fnt\n|-unboost|p1a: Walking Wake|spa|2\n|faint|p2a: Pelipper\n|\n|-weather|RainDance|[upkeep]\n|upkeep\n|\n|t:|1699156727\n|switch|p2a: Thundurus|Thundurus-Therian, M|100\/100\n|turn|31\n|\n|t:|1699156731\n|move|p2a: Thundurus|Thunder|p1a: Walking Wake\n|-damage|p1a: Walking Wake|0 fnt\n|faint|p1a: Walking Wake\n|-end|p1a: Walking Wake|Protosynthesis|[silent]\n|\n|win|ferguma\n|c|\u2606ferguma|gg\n|c|\u2606oberon123|gg\n|l|\u2606oberon123\n","uploadtime":1699156742,"views":32,"p1id":"oberon123","p2id":"ferguma","formatid":"gen9ubers","rating":0,"private":0,"password":""}