{"id":"gen9ubers-1970737699","p1":"snape56","p2":"swaggamerballs","format":"[Gen 9] Ubers","log":"|j|\u2606snape56\n|j|\u2606swaggamerballs\n|t:|1697662507\n|gametype|singles\n|player|p1|snape56|policeman-gen4|1303\n|player|p2|swaggamerballs|marnie-masters2|1294\n|teamsize|p1|6\n|teamsize|p2|6\n|gen|9\n|tier|[Gen 9] Ubers\n|rated|\n|rule|Sleep Clause Mod: Limit one foe put to sleep\n|rule|Species Clause: Limit one of each Pok\u00e9mon\n|rule|OHKO Clause: OHKO moves are banned\n|rule|Evasion Items Clause: Evasion items are banned\n|rule|Evasion Moves Clause: Evasion moves are banned\n|rule|Endless Battle Clause: Forcing endless battles is banned\n|rule|HP Percentage Mod: HP is shown in percentages\n|clearpoke\n|poke|p1|Miraidon|\n|poke|p1|Koraidon|\n|poke|p1|Zacian-*|\n|poke|p1|Giratina-Origin|\n|poke|p1|Arceus|\n|poke|p1|Ribombee, M|\n|poke|p2|Ogerpon-Hearthflame, F|\n|poke|p2|Annihilape, F|\n|poke|p2|Arceus|\n|poke|p2|Palkia-Origin|\n|poke|p2|Zacian-*|\n|poke|p2|Ribombee, M|\n|teampreview\n|\n|t:|1697662514\n|start\n|switch|p1a: Ribombee|Ribombee, M|100\/100\n|switch|p2a: Arceus|Arceus|100\/100\n|turn|1\n|\n|t:|1697662518\n|move|p1a: Ribombee|Sticky Web|p2a: Arceus\n|-sidestart|p2: swaggamerballs|move: Sticky Web\n|move|p2a: Arceus|Taunt|p1a: Ribombee\n|-start|p1a: Ribombee|move: Taunt\n|\n|upkeep\n|turn|2\n|\n|t:|1697662523\n|move|p1a: Ribombee|Moonblast|p2a: Arceus\n|-damage|p2a: Arceus|70\/100\n|move|p2a: Arceus|Swords Dance|p2a: Arceus\n|-boost|p2a: Arceus|atk|2\n|\n|upkeep\n|turn|3\n|\n|t:|1697662527\n|move|p1a: Ribombee|Moonblast|p2a: Arceus\n|-damage|p2a: Arceus|38\/100\n|move|p2a: Arceus|Swords Dance|p2a: Arceus\n|-boost|p2a: Arceus|atk|2\n|\n|upkeep\n|turn|4\n|\n|t:|1697662530\n|move|p2a: Arceus|Extreme Speed|p1a: Ribombee\n|-enditem|p1a: Ribombee|Focus Sash\n|-damage|p1a: Ribombee|1\/100\n|move|p1a: Ribombee|Moonblast|p2a: Arceus\n|-damage|p2a: Arceus|8\/100\n|\n|-end|p1a: Ribombee|move: Taunt\n|upkeep\n|turn|5\n|\n|t:|1697662532\n|move|p2a: Arceus|Extreme Speed|p1a: Ribombee\n|-damage|p1a: Ribombee|0 fnt\n|faint|p1a: Ribombee\n|\n|upkeep\n|\n|t:|1697662535\n|switch|p1a: Arceus|Arceus|100\/100\n|turn|6\n|\n|t:|1697662537\n|move|p1a: Arceus|Extreme Speed|p2a: Arceus\n|-damage|p2a: Arceus|0 fnt\n|faint|p2a: Arceus\n|\n|upkeep\n|\n|t:|1697662540\n|switch|p2a: Ribombee|Ribombee, M|100\/100\n|-activate|p2a: Ribombee|move: Sticky Web\n|-unboost|p2a: Ribombee|spe|1\n|turn|7\n|\n|t:|1697662547\n|move|p1a: Arceus|Swords Dance|p1a: Arceus\n|-boost|p1a: Arceus|atk|2\n|move|p2a: Ribombee|Sticky Web|p1a: Arceus\n|-sidestart|p1: snape56|move: Sticky Web\n|\n|upkeep\n|turn|8\n|\n|t:|1697662549\n|move|p1a: Arceus|Swords Dance|p1a: Arceus\n|-boost|p1a: Arceus|atk|2\n|move|p2a: Ribombee|Stun Spore|p1a: Arceus\n|-status|p1a: Arceus|par\n|\n|upkeep\n|turn|9\n|\n|t:|1697662555\n|move|p2a: Ribombee|Moonblast|p1a: Arceus\n|-damage|p1a: Arceus|70\/100 par\n|move|p1a: Arceus|Swords Dance|p1a: Arceus\n|-boost|p1a: Arceus|atk|2\n|\n|upkeep\n|turn|10\n|\n|t:|1697662559\n|move|p1a: Arceus|Extreme Speed|p2a: Ribombee\n|-enditem|p2a: Ribombee|Focus Sash\n|-damage|p2a: Ribombee|1\/100\n|move|p2a: Ribombee|Moonblast|p1a: Arceus\n|-damage|p1a: Arceus|43\/100 par\n|\n|upkeep\n|turn|11\n|\n|t:|1697662563\n|move|p2a: Ribombee|Moonblast|p1a: Arceus\n|-damage|p1a: Arceus|15\/100 par\n|-unboost|p1a: Arceus|spa|1\n|-enditem|p1a: Arceus|Aguav Berry|[eat]\n|-heal|p1a: Arceus|48\/100 par|[from] item: Aguav Berry\n|move|p1a: Arceus|Recover|p1a: Arceus\n|-heal|p1a: Arceus|98\/100 par\n|\n|upkeep\n|turn|12\n|\n|t:|1697662571\n|move|p1a: Arceus|Extreme Speed|p2a: Ribombee\n|-damage|p2a: Ribombee|0 fnt\n|faint|p2a: Ribombee\n|\n|upkeep\n|\n|t:|1697662579\n|switch|p2a: Annihilape|Annihilape, F|100\/100\n|-activate|p2a: Annihilape|move: Sticky Web\n|-unboost|p2a: Annihilape|spe|1\n|-ability|p2a: Annihilape|Defiant|boost\n|-boost|p2a: Annihilape|atk|2\n|turn|13\n|\n|t:|1697662587\n|-terastallize|p2a: Annihilape|Fighting\n|move|p2a: Annihilape|Drain Punch|p1a: Arceus\n|-supereffective|p1a: Arceus\n|-damage|p1a: Arceus|0 fnt\n|faint|p1a: Arceus\n|\n|upkeep\n|\n|t:|1697662598\n|switch|p1a: Zacian|Zacian-Crowned|100\/100\n|-activate|p1a: Zacian|move: Sticky Web\n|-unboost|p1a: Zacian|spe|1\n|-ability|p1a: Zacian|Intrepid Sword|boost\n|-boost|p1a: Zacian|atk|1\n|turn|14\n|\n|t:|1697662602\n|move|p1a: Zacian|Behemoth Blade|p2a: Annihilape\n|-damage|p2a: Annihilape|4\/100\n|move|p2a: Annihilape|Bulk Up|p2a: Annihilape\n|-boost|p2a: Annihilape|atk|1\n|-boost|p2a: Annihilape|def|1\n|\n|-heal|p2a: Annihilape|10\/100|[from] item: Leftovers\n|upkeep\n|turn|15\n|\n|t:|1697662607\n|move|p1a: Zacian|Behemoth Blade|p2a: Annihilape\n|-damage|p2a: Annihilape|0 fnt\n|faint|p2a: Annihilape\n|\n|upkeep\n|\n|t:|1697662614\n|switch|p2a: Zacian|Zacian-Crowned|100\/100\n|-activate|p2a: Zacian|move: Sticky Web\n|-unboost|p2a: Zacian|spe|1\n|-ability|p2a: Zacian|Intrepid Sword|boost\n|-boost|p2a: Zacian|atk|1\n|turn|16\n|\n|t:|1697662618\n|move|p1a: Zacian|Behemoth Blade|p2a: Zacian\n|-damage|p2a: Zacian|20\/100\n|move|p2a: Zacian|Close Combat|p1a: Zacian\n|-damage|p1a: Zacian|33\/100\n|-unboost|p2a: Zacian|def|1\n|-unboost|p2a: Zacian|spd|1\n|\n|upkeep\n|turn|17\n|\n|t:|1697662625\n|move|p1a: Zacian|Behemoth Blade|p2a: Zacian\n|-damage|p2a: Zacian|0 fnt\n|faint|p2a: Zacian\n|\n|upkeep\n|\n|t:|1697662627\n|switch|p2a: Ogerpon|Ogerpon-Hearthflame, F|100\/100\n|-activate|p2a: Ogerpon|move: Sticky Web\n|-unboost|p2a: Ogerpon|spe|1\n|-ability|p2a: Ogerpon|Mold Breaker\n|turn|18\n|-message|swaggamerballs forfeited.\n|\n|win|snape56\n|raw|snape56's rating: 1303 &rarr; <strong>1322<\/strong><br \/>(+19 for winning)\n|raw|swaggamerballs's rating: 1294 &rarr; <strong>1270<\/strong><br \/>(-24 for losing)\n|l|\u2606swaggamerballs\n","uploadtime":1697662637,"views":11,"p1id":"snape56","p2id":"swaggamerballs","formatid":"gen9ubers","rating":1270,"private":0,"password":""}