{"id":"gen9ubers-1988747721","p1":"Aipom Hoshino","p2":"MythicSword","format":"[Gen 9] Ubers","log":"|j|\u2606Aipom Hoshino\n|j|\u2606MythicSword\n|t:|1699758027\n|gametype|singles\n|player|p1|Aipom Hoshino|lady-gen4|\n|player|p2|MythicSword|265|\n|teamsize|p1|6\n|teamsize|p2|6\n|gen|9\n|tier|[Gen 9] Ubers\n|rule|Sleep Clause Mod: Limit one foe put to sleep\n|rule|Species Clause: Limit one of each Pok\u00e9mon\n|rule|OHKO Clause: OHKO moves are banned\n|rule|Evasion Items Clause: Evasion items are banned\n|rule|Evasion Moves Clause: Evasion moves are banned\n|rule|Endless Battle Clause: Forcing endless battles is banned\n|rule|HP Percentage Mod: HP is shown in percentages\n|clearpoke\n|poke|p1|Pelipper, F|\n|poke|p1|Floatzel, F|\n|poke|p1|Arceus-Ghost|\n|poke|p1|Palkia-Origin|\n|poke|p1|Dialga|\n|poke|p1|Palafin, M|\n|poke|p2|Torkoal, M|\n|poke|p2|Walking Wake|\n|poke|p2|Chi-Yu|\n|poke|p2|Arceus-Grass|\n|poke|p2|Zacian-*|\n|poke|p2|Magearna-Original|\n|teampreview\n|inactive|Battle timer is ON: inactive players will automatically lose when time's up. (requested by Aipom Hoshino)\n|\n|t:|1699758064\n|start\n|switch|p1a: Palafin|Palafin, M|100\/100\n|switch|p2a: Torkoal|Torkoal, M|100\/100\n|-weather|SunnyDay|[from] ability: Drought|[of] p2a: Torkoal\n|turn|1\n|\n|t:|1699758070\n|detailschange|p1a: Palafin|Palafin-Hero, M\n|switch|p1a: Pelipper|Pelipper, F|100\/100\n|-weather|RainDance|[from] ability: Drizzle|[of] p1a: Pelipper\n|move|p2a: Torkoal|Stealth Rock|p1a: Pelipper\n|-sidestart|p1: Aipom Hoshino|move: Stealth Rock\n|\n|-weather|RainDance|[upkeep]\n|upkeep\n|turn|2\n|\n|t:|1699758077\n|switch|p2a: Arceus|Arceus-Grass|100\/100\n|move|p1a: Pelipper|U-turn|p2a: Arceus\n|-supereffective|p2a: Arceus\n|-damage|p2a: Arceus|90\/100\n|\n|t:|1699758085\n|switch|p1a: Dialga|Dialga|100\/100|[from] U-turn\n|-damage|p1a: Dialga|94\/100|[from] Stealth Rock\n|-ability|p1a: Dialga|Pressure\n|\n|-weather|RainDance|[upkeep]\n|-heal|p1a: Dialga|100\/100|[from] item: Leftovers\n|upkeep\n|turn|3\n|\n|t:|1699758102\n|switch|p2a: Magearna|Magearna-Original|100\/100\n|move|p1a: Dialga|Thunder Wave|p2a: Magearna\n|-status|p2a: Magearna|par\n|\n|-weather|RainDance|[upkeep]\n|upkeep\n|turn|4\n|\n|t:|1699758110\n|move|p1a: Dialga|Stealth Rock|p2a: Magearna\n|-sidestart|p2: MythicSword|move: Stealth Rock\n|move|p2a: Magearna|Thunder Wave|p1a: Dialga\n|-status|p1a: Dialga|par\n|\n|-weather|RainDance|[upkeep]\n|upkeep\n|turn|5\n|\n|t:|1699758122\n|switch|p1a: Floatzel|Floatzel, F|100\/100\n|-damage|p1a: Floatzel|88\/100|[from] Stealth Rock\n|cant|p2a: Magearna|par\n|\n|-weather|RainDance|[upkeep]\n|upkeep\n|turn|6\n|\n|t:|1699758136\n|switch|p2a: Torkoal|Torkoal, M|100\/100\n|-damage|p2a: Torkoal|75\/100|[from] Stealth Rock\n|-weather|SunnyDay|[from] ability: Drought|[of] p2a: Torkoal\n|move|p1a: Floatzel|Wave Crash|p2a: Torkoal\n|-supereffective|p2a: Torkoal\n|-damage|p2a: Torkoal|30\/100\n|-damage|p1a: Floatzel|71\/100|[from] Recoil\n|\n|-weather|SunnyDay|[upkeep]\n|upkeep\n|turn|7\n|\n|t:|1699758143\n|switch|p1a: Pelipper|Pelipper, F|100\/100\n|-damage|p1a: Pelipper|75\/100|[from] Stealth Rock\n|-weather|RainDance|[from] ability: Drizzle|[of] p1a: Pelipper\n|switch|p2a: Walking Wake|Walking Wake|100\/100\n|-damage|p2a: Walking Wake|88\/100|[from] Stealth Rock\n|\n|-weather|RainDance|[upkeep]\n|upkeep\n|turn|8\n|\n|t:|1699758155\n|switch|p1a: Dialga|Dialga|100\/100 par\n|-damage|p1a: Dialga|94\/100 par|[from] Stealth Rock\n|-ability|p1a: Dialga|Pressure\n|move|p2a: Walking Wake|Dragon Pulse|p1a: Dialga\n|-damage|p1a: Dialga|44\/100 par\n|\n|-weather|RainDance|[upkeep]\n|-heal|p1a: Dialga|50\/100 par|[from] item: Leftovers\n|upkeep\n|turn|9\n|\n|t:|1699758163\n|move|p2a: Walking Wake|Dragon Pulse|p1a: Dialga\n|-damage|p1a: Dialga|0 fnt\n|faint|p1a: Dialga\n|\n|-weather|RainDance|[upkeep]\n|upkeep\n|\n|t:|1699758168\n|switch|p1a: Palkia|Palkia-Origin|100\/100\n|-damage|p1a: Palkia|88\/100|[from] Stealth Rock\n|-ability|p1a: Palkia|Pressure\n|turn|10\n|\n|t:|1699758190\n|-end|p2a: Walking Wake|Protosynthesis|[silent]\n|switch|p2a: Arceus|Arceus-Grass|90\/100\n|-damage|p2a: Arceus|77\/100|[from] Stealth Rock\n|move|p1a: Palkia|Substitute|p1a: Palkia\n|-start|p1a: Palkia|Substitute\n|-damage|p1a: Palkia|63\/100\n|\n|-weather|RainDance|[upkeep]\n|upkeep\n|turn|11\n|\n|t:|1699758199\n|move|p1a: Palkia|Spacial Rend|p2a: Arceus\n|-damage|p2a: Arceus|35\/100\n|move|p2a: Arceus|Calm Mind|p2a: Arceus\n|-boost|p2a: Arceus|spa|1\n|-boost|p2a: Arceus|spd|1\n|\n|-weather|RainDance|[upkeep]\n|upkeep\n|turn|12\n|\n|t:|1699758203\n|move|p2a: Arceus|Recover|p2a: Arceus\n|-heal|p2a: Arceus|85\/100\n|move|p1a: Palkia|Spacial Rend|p2a: Arceus\n|-damage|p2a: Arceus|54\/100\n|\n|-weather|RainDance|[upkeep]\n|upkeep\n|turn|13\n|\n|t:|1699758211\n|move|p1a: Palkia|Spacial Rend|p2a: Arceus\n|-damage|p2a: Arceus|22\/100\n|move|p2a: Arceus|Recover|p2a: Arceus\n|-heal|p2a: Arceus|73\/100\n|\n|-weather|RainDance|[upkeep]\n|upkeep\n|turn|14\n|\n|t:|1699758214\n|move|p1a: Palkia|Spacial Rend|p2a: Arceus\n|-damage|p2a: Arceus|43\/100\n|move|p2a: Arceus|Calm Mind|p2a: Arceus\n|-boost|p2a: Arceus|spa|1\n|-boost|p2a: Arceus|spd|1\n|\n|-weather|none\n|upkeep\n|turn|15\n|\n|t:|1699758220\n|move|p1a: Palkia|Spacial Rend|p2a: Arceus\n|-damage|p2a: Arceus|21\/100\n|move|p2a: Arceus|Recover|p2a: Arceus\n|-heal|p2a: Arceus|72\/100\n|\n|upkeep\n|turn|16\n|\n|t:|1699758223\n|move|p1a: Palkia|Spacial Rend|p2a: Arceus\n|-crit|p2a: Arceus\n|-damage|p2a: Arceus|4\/100\n|move|p2a: Arceus|Recover|p2a: Arceus\n|-heal|p2a: Arceus|54\/100\n|\n|upkeep\n|turn|17\n|\n|t:|1699758230\n|move|p2a: Arceus|Recover|p2a: Arceus\n|-heal|p2a: Arceus|100\/100\n|move|p1a: Palkia|Spacial Rend|p2a: Arceus\n|-damage|p2a: Arceus|77\/100\n|\n|upkeep\n|turn|18\n|\n|t:|1699758235\n|move|p1a: Palkia|Spacial Rend|p2a: Arceus\n|-damage|p2a: Arceus|55\/100\n|move|p2a: Arceus|Judgment|p1a: Palkia\n|-end|p1a: Palkia|Substitute\n|\n|upkeep\n|turn|19\n|\n|t:|1699758244\n|move|p1a: Palkia|Draco Meteor|p2a: Arceus\n|-damage|p2a: Arceus|25\/100\n|-unboost|p1a: Palkia|spa|2\n|move|p2a: Arceus|Judgment|p1a: Palkia\n|-damage|p1a: Palkia|0 fnt\n|faint|p1a: Palkia\n|\n|upkeep\n|\n|t:|1699758254\n|switch|p1a: Pelipper|Pelipper, F|75\/100\n|-damage|p1a: Pelipper|50\/100|[from] Stealth Rock\n|-weather|RainDance|[from] ability: Drizzle|[of] p1a: Pelipper\n|turn|20\n|\n|t:|1699758271\n|switch|p1a: Arceus|Arceus-Ghost|100\/100\n|-damage|p1a: Arceus|88\/100|[from] Stealth Rock\n|move|p2a: Arceus|Recover|p2a: Arceus\n|-heal|p2a: Arceus|75\/100\n|\n|-weather|RainDance|[upkeep]\n|upkeep\n|turn|21\n|\n|t:|1699758280\n|move|p2a: Arceus|Judgment|p1a: Arceus\n|-damage|p1a: Arceus|23\/100\n|move|p1a: Arceus|Calm Mind|p1a: Arceus\n|-boost|p1a: Arceus|spa|1\n|-boost|p1a: Arceus|spd|1\n|\n|-weather|RainDance|[upkeep]\n|upkeep\n|turn|22\n|\n|t:|1699758286\n|move|p2a: Arceus|Judgment|p1a: Arceus\n|-damage|p1a: Arceus|0 fnt\n|faint|p1a: Arceus\n|\n|-weather|RainDance|[upkeep]\n|upkeep\n|\n|t:|1699758289\n|switch|p1a: Floatzel|Floatzel, F|71\/100\n|-damage|p1a: Floatzel|59\/100|[from] Stealth Rock\n|turn|23\n|\n|t:|1699758316\n|move|p1a: Floatzel|Ice Spinner|p2a: Arceus\n|-supereffective|p2a: Arceus\n|-damage|p2a: Arceus|22\/100\n|move|p2a: Arceus|Judgment|p1a: Floatzel\n|-supereffective|p1a: Floatzel\n|-damage|p1a: Floatzel|0 fnt\n|faint|p1a: Floatzel\n|\n|-weather|RainDance|[upkeep]\n|upkeep\n|\n|t:|1699758318\n|switch|p1a: Palafin|Palafin-Hero, M|100\/100\n|-damage|p1a: Palafin|88\/100|[from] Stealth Rock\n|-activate|p1a: Palafin|ability: Zero to Hero\n|turn|24\n|\n|t:|1699758340\n|-terastallize|p1a: Palafin|Water\n|move|p1a: Palafin|Jet Punch|p2a: Arceus\n|-resisted|p2a: Arceus\n|-damage|p2a: Arceus|0 fnt\n|faint|p2a: Arceus\n|\n|-weather|RainDance|[upkeep]\n|upkeep\n|\n|t:|1699758347\n|switch|p2a: Torkoal|Torkoal, M|30\/100\n|-damage|p2a: Torkoal|5\/100|[from] Stealth Rock\n|-weather|SunnyDay|[from] ability: Drought|[of] p2a: Torkoal\n|turn|25\n|\n|t:|1699758353\n|switch|p1a: Pelipper|Pelipper, F|50\/100\n|-damage|p1a: Pelipper|25\/100|[from] Stealth Rock\n|-weather|RainDance|[from] ability: Drizzle|[of] p1a: Pelipper\n|switch|p2a: Walking Wake|Walking Wake|88\/100\n|-damage|p2a: Walking Wake|76\/100|[from] Stealth Rock\n|\n|-weather|RainDance|[upkeep]\n|upkeep\n|turn|26\n|\n|t:|1699758359\n|move|p2a: Walking Wake|Hydro Steam|p1a: Pelipper\n|-resisted|p1a: Pelipper\n|-damage|p1a: Pelipper|0 fnt\n|faint|p1a: Pelipper\n|\n|-weather|RainDance|[upkeep]\n|upkeep\n|\n|t:|1699758361\n|switch|p1a: Palafin|Palafin-Hero, M, tera:Water|88\/100\n|-damage|p1a: Palafin|76\/100|[from] Stealth Rock\n|turn|27\n|\n|t:|1699758371\n|move|p1a: Palafin|Jet Punch|p2a: Walking Wake\n|-resisted|p2a: Walking Wake\n|-damage|p2a: Walking Wake|45\/100\n|move|p2a: Walking Wake|Hydro Steam|p1a: Palafin\n|-resisted|p1a: Palafin\n|-crit|p1a: Palafin\n|-damage|p1a: Palafin|11\/100\n|\n|-weather|RainDance|[upkeep]\n|upkeep\n|turn|28\n|\n|t:|1699758376\n|move|p1a: Palafin|Jet Punch|p2a: Walking Wake\n|-resisted|p2a: Walking Wake\n|-damage|p2a: Walking Wake|13\/100\n|move|p2a: Walking Wake|Hydro Steam|p1a: Palafin\n|-resisted|p1a: Palafin\n|-damage|p1a: Palafin|0 fnt\n|faint|p1a: Palafin\n|\n|win|MythicSword\n|c|\u2606Aipom Hoshino|gg\n|l|\u2606Aipom Hoshino\n","uploadtime":1699758381,"views":18,"p1id":"aipomhoshino","p2id":"mythicsword","formatid":"gen9ubers","rating":0,"private":0,"password":""}