{"id":"gen9ubers-1979588994","p1":"Fireblitz15","p2":"XpokVEVO","format":"[Gen 9] Ubers","log":"|j|\u2606Fireblitz15\n|j|\u2606XpokVEVO\n|t:|1698694683\n|gametype|singles\n|player|p1|Fireblitz15|ingo|\n|player|p2|XpokVEVO|mustard|\n|teamsize|p1|6\n|teamsize|p2|6\n|gen|9\n|tier|[Gen 9] Ubers\n|rule|Sleep Clause Mod: Limit one foe put to sleep\n|rule|Species Clause: Limit one of each Pok\u00e9mon\n|rule|OHKO Clause: OHKO moves are banned\n|rule|Evasion Items Clause: Evasion items are banned\n|rule|Evasion Moves Clause: Evasion moves are banned\n|rule|Endless Battle Clause: Forcing endless battles is banned\n|rule|HP Percentage Mod: HP is shown in percentages\n|clearpoke\n|poke|p1|Pelipper, F|\n|poke|p1|Basculegion-F, F|\n|poke|p1|Arceus-Grass|\n|poke|p1|Thundurus-Therian, M|\n|poke|p1|Cyclizar, F|\n|poke|p1|Iron Valiant|\n|poke|p2|Arceus-Fire|\n|poke|p2|Shaymin-Sky|\n|poke|p2|Cyclizar, F|\n|poke|p2|Espathra, F|\n|poke|p2|Magearna|\n|poke|p2|Rillaboom, M|\n|teampreview\n|inactive|Battle timer is ON: inactive players will automatically lose when time's up. (requested by XpokVEVO)\n|c|\u2606XpokVEVO|oh\n|c|\u2606XpokVEVO|no\n|c|\u2606XpokVEVO|you cant do this to me\n|\n|t:|1698694704\n|start\n|switch|p1a: Pelipper|Pelipper, F|100\/100\n|switch|p2a: Shaymin|Shaymin-Sky, shiny|100\/100\n|-weather|RainDance|[from] ability: Drizzle|[of] p1a: Pelipper\n|turn|1\n|\n|t:|1698694711\n|move|p2a: Shaymin|Seed Flare|p1a: Pelipper\n|-damage|p1a: Pelipper|25\/100\n|-damage|p2a: Shaymin|91\/100|[from] item: Life Orb\n|move|p1a: Pelipper|Hurricane|p2a: Shaymin\n|-supereffective|p2a: Shaymin\n|-damage|p2a: Shaymin|0 fnt\n|faint|p2a: Shaymin\n|\n|-weather|RainDance|[upkeep]\n|upkeep\n|c|\u2606XpokVEVO|wh\n|c|\u2606XpokVEVO|its\n|c|\u2606XpokVEVO|xpover?\n|\n|t:|1698694729\n|switch|p2a: Akira|Cyclizar, F|100\/100\n|turn|2\n|\n|t:|1698694738\n|move|p2a: Akira|Shed Tail|p2a: Akira\n|-start|p2a: Akira|Substitute|[from] move: Shed Tail\n|-damage|p2a: Akira|50\/100\n|\n|t:|1698694749\n|switch|p2a: Emu War|Espathra, F|100\/100|[from] Shed Tail\n|move|p1a: Pelipper|U-turn|p2a: Emu War\n|-supereffective|p2a: Emu War\n|-crit|p2a: Emu War\n|-end|p2a: Emu War|Substitute\n|c|\u2606XpokVEVO|dude\n|c|\u2606XpokVEVO|wtf\n|\n|t:|1698694757\n|switch|p1a: Basculegion|Basculegion-F, F|100\/100|[from] U-turn\n|\n|-weather|RainDance|[upkeep]\n|upkeep\n|turn|3\n|\n|t:|1698694770\n|-terastallize|p1a: Basculegion|Water\n|move|p2a: Emu War|Protect|p2a: Emu War\n|-singleturn|p2a: Emu War|Protect\n|move|p1a: Basculegion|Wave Crash|p2a: Emu War\n|-activate|p2a: Emu War|move: Protect\n|\n|-weather|RainDance|[upkeep]\n|-ability|p2a: Emu War|Speed Boost|boost\n|-boost|p2a: Emu War|spe|1\n|upkeep\n|turn|4\n|\n|t:|1698694779\n|move|p1a: Basculegion|Wave Crash|p2a: Emu War\n|-enditem|p2a: Emu War|Focus Sash\n|-damage|p2a: Emu War|1\/100\n|-damage|p1a: Basculegion|69\/100|[from] Recoil\n|move|p2a: Emu War|Calm Mind|p2a: Emu War\n|-boost|p2a: Emu War|spa|1\n|-boost|p2a: Emu War|spd|1\n|\n|-weather|RainDance|[upkeep]\n|-ability|p2a: Emu War|Speed Boost|boost\n|-boost|p2a: Emu War|spe|1\n|upkeep\n|turn|5\n|\n|t:|1698694793\n|switch|p1a: Cyclizar|Cyclizar, F|100\/100\n|move|p2a: Emu War|Protect||[still]\n|-fail|p2a: Emu War\n|\n|-weather|RainDance|[upkeep]\n|-ability|p2a: Emu War|Speed Boost|boost\n|-boost|p2a: Emu War|spe|1\n|upkeep\n|turn|6\n|\n|t:|1698694801\n|move|p2a: Emu War|Dazzling Gleam|p1a: Cyclizar\n|-supereffective|p1a: Cyclizar\n|-damage|p1a: Cyclizar|0 fnt\n|faint|p1a: Cyclizar\n|\n|-weather|RainDance|[upkeep]\n|-ability|p2a: Emu War|Speed Boost|boost\n|-boost|p2a: Emu War|spe|1\n|upkeep\n|\n|t:|1698694809\n|switch|p1a: Basculegion|Basculegion-F, F, tera:Water|69\/100\n|turn|7\n|\n|t:|1698694812\n|move|p2a: Emu War|Protect|p2a: Emu War\n|-singleturn|p2a: Emu War|Protect\n|move|p1a: Basculegion|Aqua Jet|p2a: Emu War\n|-activate|p2a: Emu War|move: Protect\n|\n|-weather|RainDance|[upkeep]\n|-ability|p2a: Emu War|Speed Boost|boost\n|-boost|p2a: Emu War|spe|1\n|upkeep\n|turn|8\n|\n|t:|1698694832\n|move|p1a: Basculegion|Aqua Jet|p2a: Emu War\n|-damage|p2a: Emu War|0 fnt\n|faint|p2a: Emu War\n|\n|-weather|none\n|upkeep\n|\n|t:|1698694838\n|switch|p2a: Akira|Cyclizar, F|84\/100\n|turn|9\n|\n|t:|1698694842\n|switch|p1a: Arceus|Arceus-Grass|100\/100\n|move|p2a: Akira|Shed Tail|p2a: Akira\n|-start|p2a: Akira|Substitute|[from] move: Shed Tail\n|-damage|p2a: Akira|33\/100\n|\n|t:|1698694863\n|switch|p2a: Arceus-Fight\u0131ng|Arceus-Fire, shiny|100\/100|[from] Shed Tail\n|\n|upkeep\n|turn|10\n|\n|t:|1698694872\n|switch|p1a: Pelipper|Pelipper, F|25\/100\n|-weather|RainDance|[from] ability: Drizzle|[of] p1a: Pelipper\n|move|p2a: Arceus-Fight\u0131ng|Dragon Dance|p2a: Arceus-Fight\u0131ng\n|-boost|p2a: Arceus-Fight\u0131ng|atk|1\n|-boost|p2a: Arceus-Fight\u0131ng|spe|1\n|\n|-weather|RainDance|[upkeep]\n|upkeep\n|turn|11\n|inactive|XpokVEVO has 270 seconds left.\n|\n|t:|1698694909\n|move|p2a: Arceus-Fight\u0131ng|Dragon Dance|p2a: Arceus-Fight\u0131ng\n|-boost|p2a: Arceus-Fight\u0131ng|atk|1\n|-boost|p2a: Arceus-Fight\u0131ng|spe|1\n|move|p1a: Pelipper|U-turn|p2a: Arceus-Fight\u0131ng\n|-resisted|p2a: Arceus-Fight\u0131ng\n|-activate|p2a: Arceus-Fight\u0131ng|move: Substitute|[damage]\n|\n|t:|1698694918\n|switch|p1a: Iron Valiant|Iron Valiant|100\/100|[from] U-turn\n|-enditem|p1a: Iron Valiant|Booster Energy\n|-activate|p1a: Iron Valiant|ability: Quark Drive|[fromitem]\n|-start|p1a: Iron Valiant|quarkdrivespe\n|\n|-weather|RainDance|[upkeep]\n|upkeep\n|turn|12\n|\n|t:|1698694932\n|-terastallize|p2a: Arceus-Fight\u0131ng|Fairy\n|move|p2a: Arceus-Fight\u0131ng|Tera Blast|p1a: Iron Valiant|[anim] Tera Blast Fairy\n|-supereffective|p1a: Iron Valiant\n|-damage|p1a: Iron Valiant|0 fnt\n|faint|p1a: Iron Valiant\n|-end|p1a: Iron Valiant|Quark Drive|[silent]\n|\n|-weather|RainDance|[upkeep]\n|upkeep\n|c|\u2606Fireblitz15|gg\n|c|\u2606XpokVEVO|gg\n|\n|t:|1698694952\n|switch|p1a: Thundurus|Thundurus-Therian, M|100\/100\n|turn|13\n|c|\u2606XpokVEVO|do you have the other replays\n|\n|t:|1698694958\n|move|p2a: Arceus-Fight\u0131ng|Tera Blast|p1a: Thundurus|[anim] Tera Blast Fairy\n|-damage|p1a: Thundurus|0 fnt\n|faint|p1a: Thundurus\n|\n|-weather|RainDance|[upkeep]\n|upkeep\n|c|\u2606Fireblitz15|already sent them in the chat\n|\n|t:|1698694969\n|switch|p1a: Basculegion|Basculegion-F, F, tera:Water|69\/100\n|turn|14\n|c|\u2606XpokVEVO|what chat\n|\n|t:|1698694980\n|move|p2a: Arceus-Fight\u0131ng|Tera Blast|p1a: Basculegion|[anim] Tera Blast Fairy\n|-damage|p1a: Basculegion|0 fnt\n|faint|p1a: Basculegion\n|\n|-weather|RainDance|[upkeep]\n|upkeep\n|\n|t:|1698694985\n|switch|p1a: Arceus|Arceus-Grass|100\/100\n|turn|15\n|c|\u2606Fireblitz15|where you challenged me\n|\n|t:|1698694994\n|move|p2a: Arceus-Fight\u0131ng|Tera Blast|p1a: Arceus|[anim] Tera Blast Fairy\n|-damage|p1a: Arceus|41\/100\n|move|p1a: Arceus|Judgment|p2a: Arceus-Fight\u0131ng\n|-end|p2a: Arceus-Fight\u0131ng|Substitute\n|\n|-weather|RainDance|[upkeep]\n|upkeep\n|turn|16\n|\n|t:|1698695001\n|move|p2a: Arceus-Fight\u0131ng|Tera Blast|p1a: Arceus|[anim] Tera Blast Fairy\n|-damage|p1a: Arceus|0 fnt\n|faint|p1a: Arceus\n|\n|-weather|RainDance|[upkeep]\n|upkeep\n|\n|t:|1698695005\n|switch|p1a: Pelipper|Pelipper, F|25\/100\n|turn|17\n|\n|t:|1698695008\n|move|p2a: Arceus-Fight\u0131ng|Tera Blast|p1a: Pelipper|[anim] Tera Blast Fairy\n|-damage|p1a: Pelipper|0 fnt\n|faint|p1a: Pelipper\n|\n|win|XpokVEVO\n|player|p2|XpokVEVO|mustard\n","uploadtime":1698695069,"views":35,"p1id":"fireblitz15","p2id":"xpokvevo","formatid":"gen9ubers","rating":0,"private":0,"password":""}