{"id":"gen9ubers-1976831851","p1":"unovafan53","p2":"ballooins","format":"[Gen 9] Ubers","log":"|j|\u2606unovafan53\n|j|\u2606ballooins\n|t:|1698344898\n|gametype|singles\n|player|p1|unovafan53|n|\n|player|p2|ballooins|backersf|\n|teamsize|p1|6\n|teamsize|p2|6\n|gen|9\n|tier|[Gen 9] Ubers\n|rule|Sleep Clause Mod: Limit one foe put to sleep\n|rule|Species Clause: Limit one of each Pok\u00e9mon\n|rule|OHKO Clause: OHKO moves are banned\n|rule|Evasion Items Clause: Evasion items are banned\n|rule|Evasion Moves Clause: Evasion moves are banned\n|rule|Endless Battle Clause: Forcing endless battles is banned\n|rule|HP Percentage Mod: HP is shown in percentages\n|clearpoke\n|poke|p1|Arceus-Ghost|\n|poke|p1|Rayquaza|\n|poke|p1|Eternatus|\n|poke|p1|Baxcalibur, M|\n|poke|p1|Urshifu-*, M|\n|poke|p1|Mewtwo|\n|poke|p2|Palafin, M|\n|poke|p2|Kyogre|\n|poke|p2|Arceus|\n|poke|p2|Urshifu-*, M|\n|poke|p2|Groudon|\n|poke|p2|Iron Bundle|\n|teampreview\n|\n|t:|1698344925\n|start\n|switch|p1a: Arceus-GAY|Arceus-Ghost|100\/100\n|switch|p2a: Kyogre|Kyogre|100\/100\n|-weather|RainDance|[from] ability: Drizzle|[of] p2a: Kyogre\n|turn|1\n|c|\u2606ballooins|MUKKI ALREADY KNOWS\n|\n|t:|1698344939\n|move|p1a: Arceus-GAY|Judgment|p2a: Kyogre\n|-damage|p2a: Kyogre|69\/100\n|move|p2a: Kyogre|Thunder Wave|p1a: Arceus-GAY\n|-status|p1a: Arceus-GAY|par\n|\n|-weather|RainDance|[upkeep]\n|upkeep\n|turn|2\n|c|\u2606unovafan53|Ok thanks for the info\n|\n|t:|1698344955\n|switch|p1a: RayGAYza|Rayquaza|100\/100\n|-ability|p1a: RayGAYza|Air Lock\n|move|p2a: Kyogre|Surf|p1a: RayGAYza\n|-resisted|p1a: RayGAYza\n|-damage|p1a: RayGAYza|72\/100\n|\n|-weather|RainDance|[upkeep]\n|upkeep\n|turn|3\n|c|\u2606ballooins|ignroe the idiots\n|c|\u2606ballooins|MY RAIN\n|\n|t:|1698344988\n|-terastallize|p1a: RayGAYza|Normal\n|move|p1a: RayGAYza|Extreme Speed|p2a: Kyogre\n|-damage|p2a: Kyogre|10\/100\n|-damage|p1a: RayGAYza|62\/100|[from] item: Life Orb\n|move|p2a: Kyogre|Ice Beam|p1a: RayGAYza\n|-damage|p1a: RayGAYza|24\/100\n|-status|p1a: RayGAYza|frz\n|\n|-weather|RainDance|[upkeep]\n|upkeep\n|turn|4\n|c|\u2606unovafan53|BRO\n|c|\u2606ballooins|WHAT\n|c|\u2606unovafan53|REALLY\n|c|\u2606ballooins|LMFAOAOAOAO\n|\n|t:|1698345002\n|cant|p1a: RayGAYza|frz\n|move|p2a: Kyogre|Ice Beam|p1a: RayGAYza\n|-damage|p1a: RayGAYza|0 fnt\n|faint|p1a: RayGAYza\n|\n|-weather|RainDance|[upkeep]\n|upkeep\n|\n|t:|1698345022\n|switch|p1a: MewTRANS|Mewtwo|100\/100\n|-ability|p1a: MewTRANS|Pressure\n|turn|5\n|\n|t:|1698345027\n|move|p1a: MewTRANS|Psystrike|p2a: Kyogre\n|-damage|p2a: Kyogre|0 fnt\n|faint|p2a: Kyogre\n|\n|-weather|none\n|upkeep\n|\n|t:|1698345043\n|switch|p2a: Groudon|Groudon|100\/100\n|-weather|SunnyDay|[from] ability: Drought|[of] p2a: Groudon\n|turn|6\n|\n|t:|1698345057\n|switch|p1a: BIcalibur|Baxcalibur, M|100\/100\n|move|p2a: Groudon|Will-O-Wisp|p1a: BIcalibur|[miss]\n|-miss|p2a: Groudon|p1a: BIcalibur\n|\n|-weather|SunnyDay|[upkeep]\n|upkeep\n|turn|7\n|c|\u2606ballooins|oh my god ymc pomuter\n|c|\u2606ballooins|FICK OFF MICROSOFT EDHE\n|\n|t:|1698345093\n|move|p2a: Groudon|Protect|p2a: Groudon\n|-singleturn|p2a: Groudon|Protect\n|move|p1a: BIcalibur|Icicle Spear|p2a: Groudon\n|-activate|p2a: Groudon|move: Protect\n|\n|-weather|SunnyDay|[upkeep]\n|upkeep\n|turn|8\n|\n|t:|1698345108\n|switch|p2a: Urshifu|Urshifu-Rapid-Strike, M|100\/100\n|move|p1a: BIcalibur|Icicle Spear|p2a: Urshifu\n|-resisted|p2a: Urshifu\n|-damage|p2a: Urshifu|93\/100\n|-resisted|p2a: Urshifu\n|-damage|p2a: Urshifu|84\/100\n|-resisted|p2a: Urshifu\n|-damage|p2a: Urshifu|76\/100\n|-resisted|p2a: Urshifu\n|-damage|p2a: Urshifu|69\/100\n|-resisted|p2a: Urshifu\n|-damage|p2a: Urshifu|61\/100\n|-hitcount|p2a: Urshifu|5\n|\n|-weather|SunnyDay|[upkeep]\n|upkeep\n|turn|9\n|\n|t:|1698345124\n|switch|p1a: MewTRANS|Mewtwo|100\/100\n|-ability|p1a: MewTRANS|Pressure\n|move|p2a: Urshifu|Close Combat|p1a: MewTRANS\n|-resisted|p1a: MewTRANS\n|-damage|p1a: MewTRANS|45\/100\n|-unboost|p2a: Urshifu|def|1\n|-unboost|p2a: Urshifu|spd|1\n|\n|-weather|SunnyDay|[upkeep]\n|upkeep\n|turn|10\n|\n|t:|1698345135\n|move|p1a: MewTRANS|Grass Knot|p2a: Urshifu\n|-supereffective|p2a: Urshifu\n|-damage|p2a: Urshifu|0 fnt\n|faint|p2a: Urshifu\n|\n|-weather|none\n|upkeep\n|\n|t:|1698345143\n|switch|p2a: Arceus|Arceus|100\/100\n|turn|11\n|\n|t:|1698345149\n|switch|p1a: Arceus-GAY|Arceus-Ghost|100\/100 par\n|-terastallize|p2a: Arceus|Normal\n|move|p2a: Arceus|Extreme Speed|p1a: Arceus-GAY\n|-immune|p1a: Arceus-GAY\n|\n|upkeep\n|turn|12\n|\n|t:|1698345164\n|switch|p2a: Palafin|Palafin, M|100\/100\n|move|p1a: Arceus-GAY|Focus Blast|p2a: Palafin\n|-damage|p2a: Palafin|55\/100\n|\n|upkeep\n|turn|13\n|\n|t:|1698345185\n|move|p2a: Palafin|Wave Crash|p1a: Arceus-GAY\n|-damage|p1a: Arceus-GAY|58\/100 par\n|-damage|p2a: Palafin|36\/100|[from] Recoil\n|move|p1a: Arceus-GAY|Judgment|p2a: Palafin\n|-damage|p2a: Palafin|0 fnt\n|faint|p2a: Palafin\n|\n|upkeep\n|c|\u2606ballooins|Who tf uses Palafin\n|c|\u2606unovafan53|Idk\n|\n|t:|1698345196\n|switch|p2a: Groudon|Groudon|100\/100\n|-weather|SunnyDay|[from] ability: Drought|[of] p2a: Groudon\n|turn|14\n|\n|t:|1698345202\n|move|p2a: Groudon|Will-O-Wisp||[still]\n|-fail|p2a: Groudon\n|move|p1a: Arceus-GAY|Judgment|p2a: Groudon\n|-damage|p2a: Groudon|52\/100\n|\n|-weather|SunnyDay|[upkeep]\n|-heal|p2a: Groudon|59\/100|[from] item: Leftovers\n|upkeep\n|turn|15\n|\n|t:|1698345212\n|move|p2a: Groudon|Precipice Blades|p1a: Arceus-GAY\n|-damage|p1a: Arceus-GAY|17\/100 par\n|move|p1a: Arceus-GAY|Judgment|p2a: Groudon\n|-damage|p2a: Groudon|10\/100\n|\n|-weather|SunnyDay|[upkeep]\n|-heal|p2a: Groudon|16\/100|[from] item: Leftovers\n|upkeep\n|turn|16\n|c|\u2606unovafan53|be glad ur not streaming rn bea would be stomping ur ass\n|\n|t:|1698345221\n|move|p2a: Groudon|Precipice Blades|p1a: Arceus-GAY\n|-damage|p1a: Arceus-GAY|0 fnt\n|faint|p1a: Arceus-GAY\n|\n|-weather|SunnyDay|[upkeep]\n|-heal|p2a: Groudon|22\/100|[from] item: Leftovers\n|upkeep\n|c|\u2606ballooins|fr\n|\n|t:|1698345230\n|switch|p1a: BIcalibur|Baxcalibur, M|100\/100\n|turn|17\n|c|\u2606ballooins|Not even allowed to fumble anymore\n|\n|t:|1698345238\n|move|p1a: BIcalibur|Icicle Spear|p2a: Groudon\n|-supereffective|p2a: Groudon\n|-damage|p2a: Groudon|7\/100\n|-supereffective|p2a: Groudon\n|-damage|p2a: Groudon|0 fnt\n|faint|p2a: Groudon\n|-hitcount|p2: Groudon|2\n|\n|-weather|SunnyDay|[upkeep]\n|upkeep\n|\n|t:|1698345246\n|switch|p2a: Iron Bundle|Iron Bundle|100\/100\n|turn|18\n|\n|t:|1698345252\n|move|p2a: Iron Bundle|Ice Beam|p1a: BIcalibur\n|-damage|p1a: BIcalibur|50\/100\n|move|p1a: BIcalibur|Dragon Dance|p1a: BIcalibur\n|-boost|p1a: BIcalibur|atk|1\n|-boost|p1a: BIcalibur|spe|1\n|\n|-weather|none\n|upkeep\n|turn|19\n|\n|t:|1698345267\n|move|p1a: BIcalibur|Glaive Rush|p2a: Iron Bundle\n|-damage|p2a: Iron Bundle|0 fnt\n|-singlemove|p1a: BIcalibur|Glaive Rush|[silent]\n|faint|p2a: Iron Bundle\n|-end|p2a: Iron Bundle|Quark Drive|[silent]\n|\n|upkeep\n|\n|t:|1698345272\n|switch|p2a: Arceus|Arceus, tera:Normal|100\/100\n|turn|20\n|\n|t:|1698345275\n|move|p2a: Arceus|Extreme Speed|p1a: BIcalibur\n|-damage|p1a: BIcalibur|0 fnt\n|faint|p1a: BIcalibur\n|\n|upkeep\n|\n|t:|1698345282\n|switch|p1a: UrSHE\/HERfu|Urshifu, M|100\/100\n|turn|21\n|\n|t:|1698345286\n|move|p2a: Arceus|Extreme Speed|p1a: UrSHE\/HERfu\n|-damage|p1a: UrSHE\/HERfu|35\/100\n|move|p1a: UrSHE\/HERfu|Close Combat|p2a: Arceus\n|-supereffective|p2a: Arceus\n|-damage|p2a: Arceus|0 fnt\n|-unboost|p1a: UrSHE\/HERfu|def|1\n|-unboost|p1a: UrSHE\/HERfu|spd|1\n|faint|p2a: Arceus\n|\n|win|unovafan53\n|c|\u2606unovafan53|Gg\n|c|\u2606ballooins|Gg\n","uploadtime":1698345295,"views":21,"p1id":"unovafan53","p2id":"ballooins","formatid":"gen9ubers","rating":0,"private":0,"password":""}