{"id":"gen9ubers-1989167639","p1":"Ampharoside","p2":"Holiss77","format":"[Gen 9] Ubers","log":"|j|\u2606Ampharoside\n|j|\u2606Holiss77\n|t:|1699819369\n|gametype|singles\n|player|p1|Ampharoside|2|\n|player|p2|Holiss77|170|\n|teamsize|p1|6\n|teamsize|p2|6\n|gen|9\n|tier|[Gen 9] Ubers\n|rule|Sleep Clause Mod: Limit one foe put to sleep\n|rule|Species Clause: Limit one of each Pok\u00e9mon\n|rule|OHKO Clause: OHKO moves are banned\n|rule|Evasion Items Clause: Evasion items are banned\n|rule|Evasion Moves Clause: Evasion moves are banned\n|rule|Endless Battle Clause: Forcing endless battles is banned\n|rule|HP Percentage Mod: HP is shown in percentages\n|clearpoke\n|poke|p1|Slowking-Galar, F|\n|poke|p1|Baxcalibur, M|\n|poke|p1|Crocalor, F|\n|poke|p1|Enamorus-Therian, F|\n|poke|p1|Quaquaval, M|\n|poke|p1|Camerupt, M|\n|poke|p2|Roaring Moon|\n|poke|p2|Ninetales, F|\n|poke|p2|Qwilfish-Hisui, M|\n|poke|p2|Ogerpon-Hearthflame, F|\n|poke|p2|Donphan, M|\n|poke|p2|Electrode-Hisui|\n|teampreview\n|c|\u2606Ampharoside|gl\n|c|\u2606Holiss77|glhf\n|\n|t:|1699819392\n|start\n|switch|p1a: Quaquaval|Quaquaval, M|100\/100\n|switch|p2a: Okami|Ninetales, F, shiny|100\/100\n|-weather|SunnyDay|[from] ability: Drought|[of] p2a: Okami\n|turn|1\n|\n|t:|1699819404\n|switch|p1a: Camerupt|Camerupt, M|100\/100\n|switch|p2a: MadCueBall|Electrode-Hisui, shiny|100\/100\n|\n|-weather|SunnyDay|[upkeep]\n|upkeep\n|turn|2\n|\n|t:|1699819418\n|switch|p2a: Roaring 707|Roaring Moon|100\/100\n|-activate|p2a: Roaring 707|ability: Protosynthesis\n|-start|p2a: Roaring 707|protosynthesisspe\n|move|p1a: Camerupt|Stealth Rock|p2a: Roaring 707\n|-sidestart|p2: Holiss77|move: Stealth Rock\n|\n|-weather|SunnyDay|[upkeep]\n|upkeep\n|turn|3\n|\n|t:|1699819428\n|switch|p1a: Crocalor|Crocalor, F|100\/100\n|move|p2a: Roaring 707|Iron Head|p1a: Crocalor\n|-resisted|p1a: Crocalor\n|-damage|p1a: Crocalor|90\/100\n|\n|-weather|SunnyDay|[upkeep]\n|upkeep\n|turn|4\n|\n|t:|1699819439\n|-end|p2a: Roaring 707|Protosynthesis|[silent]\n|switch|p2a: Okami|Ninetales, F, shiny|100\/100\n|move|p1a: Crocalor|Will-O-Wisp|p2a: Okami\n|-immune|p2a: Okami\n|\n|-weather|SunnyDay|[upkeep]\n|upkeep\n|turn|5\n|\n|t:|1699819458\n|switch|p1a: Slowking|Slowking-Galar, F|100\/100\n|move|p2a: Okami|Encore||[still]\n|-fail|p2a: Okami\n|\n|-weather|none\n|upkeep\n|turn|6\n|\n|t:|1699819463\n|move|p2a: Okami|Flame Charge|p1a: Slowking\n|-damage|p1a: Slowking|91\/100\n|-boost|p2a: Okami|spe|1\n|move|p1a: Slowking|Chilly Reception|p1a: Slowking\n|-weather|Snow\n|\n|t:|1699819473\n|switch|p1a: Camerupt|Camerupt, M|100\/100|[from] Chilly Reception\n|\n|-weather|Snow|[upkeep]\n|upkeep\n|turn|7\n|j| Ace_T_24\n|\n|t:|1699819485\n|move|p2a: Okami|Sunny Day|p2a: Okami\n|-weather|SunnyDay\n|move|p1a: Camerupt|Earth Power|p2a: Okami\n|-supereffective|p2a: Okami\n|-damage|p2a: Okami|37\/100\n|-unboost|p2a: Okami|spd|1\n|\n|-weather|SunnyDay|[upkeep]\n|upkeep\n|turn|8\n|\n|t:|1699819514\n|switch|p2a: Elon|Donphan, M|100\/100\n|-damage|p2a: Elon|94\/100|[from] Stealth Rock\n|move|p1a: Camerupt|Earth Power|p2a: Elon\n|-damage|p2a: Elon|77\/100\n|\n|-weather|SunnyDay|[upkeep]\n|upkeep\n|turn|9\n|\n|t:|1699819539\n|switch|p1a: Enamorus|Enamorus-Therian, F|100\/100\n|move|p2a: Elon|Rapid Spin|p1a: Enamorus\n|-damage|p1a: Enamorus|87\/100\n|-boost|p2a: Elon|spe|1\n|-sideend|p2: Holiss77|Stealth Rock|[from] move: Rapid Spin|[of] p2a: Elon\n|\n|-weather|SunnyDay|[upkeep]\n|upkeep\n|turn|10\n|\n|t:|1699819551\n|switch|p2a: Ogre u know what|Ogerpon-Hearthflame, F|100\/100\n|-ability|p2a: Ogre u know what|Mold Breaker\n|switch|p1a: Quaquaval|Quaquaval, M|100\/100\n|\n|-weather|SunnyDay|[upkeep]\n|upkeep\n|turn|11\n|\n|t:|1699819566\n|move|p1a: Quaquaval|Brave Bird|p2a: Ogre u know what\n|-supereffective|p2a: Ogre u know what\n|-damage|p2a: Ogre u know what|10\/100\n|-damage|p1a: Quaquaval|72\/100|[from] Recoil\n|move|p2a: Ogre u know what|Trailblaze|p1a: Quaquaval\n|-supereffective|p1a: Quaquaval\n|-damage|p1a: Quaquaval|1\/100\n|-boost|p2a: Ogre u know what|spe|1\n|\n|-weather|none\n|upkeep\n|turn|12\n|\n|t:|1699819582\n|switch|p1a: Slowking|Slowking-Galar, F|100\/100\n|move|p2a: Ogre u know what|Horn Leech|p1a: Slowking\n|-resisted|p1a: Slowking\n|-damage|p1a: Slowking|88\/100\n|-heal|p2a: Ogre u know what|18\/100|[from] drain|[of] p1a: Slowking\n|\n|upkeep\n|turn|13\n|\n|t:|1699819594\n|move|p2a: Ogre u know what|Ivy Cudgel|p1a: Slowking\n|-damage|p1a: Slowking|50\/100\n|move|p1a: Slowking|Sludge Bomb|p2a: Ogre u know what\n|-supereffective|p2a: Ogre u know what\n|-damage|p2a: Ogre u know what|0 fnt\n|faint|p2a: Ogre u know what\n|\n|upkeep\n|\n|t:|1699819601\n|switch|p2a: Mr. Puff|Qwilfish-Hisui, M|100\/100\n|-ability|p2a: Mr. Puff|Intimidate|boost\n|-unboost|p1a: Slowking|atk|1\n|turn|14\n|\n|t:|1699819605\n|move|p2a: Mr. Puff|Swords Dance|p2a: Mr. Puff\n|-boost|p2a: Mr. Puff|atk|2\n|move|p1a: Slowking|Thunder Wave|p2a: Mr. Puff\n|-status|p2a: Mr. Puff|par\n|\n|upkeep\n|turn|15\n|\n|t:|1699819619\n|switch|p1a: Camerupt|Camerupt, M|100\/100\n|cant|p2a: Mr. Puff|par\n|\n|upkeep\n|turn|16\n|\n|t:|1699819627\n|-terastallize|p2a: Mr. Puff|Water\n|move|p1a: Camerupt|Stealth Rock|p2a: Mr. Puff\n|-sidestart|p2: Holiss77|move: Stealth Rock\n|move|p2a: Mr. Puff|Scale Shot|p1a: Camerupt\n|-damage|p1a: Camerupt|83\/100\n|-damage|p1a: Camerupt|66\/100\n|-damage|p1a: Camerupt|47\/100\n|-damage|p1a: Camerupt|28\/100\n|-damage|p1a: Camerupt|10\/100\n|-hitcount|p1a: Camerupt|5\n|-unboost|p2a: Mr. Puff|def|1\n|-boost|p2a: Mr. Puff|spe|1\n|\n|-heal|p1a: Camerupt|16\/100|[from] item: Leftovers\n|upkeep\n|turn|17\n|\n|t:|1699819649\n|move|p2a: Mr. Puff|Waterfall|p1a: Camerupt\n|-supereffective|p1a: Camerupt\n|-damage|p1a: Camerupt|0 fnt\n|faint|p1a: Camerupt\n|\n|upkeep\n|\n|t:|1699819653\n|switch|p1a: Crocalor|Crocalor, F|90\/100\n|turn|18\n|\n|t:|1699819666\n|move|p2a: Mr. Puff|Waterfall|p1a: Crocalor\n|-supereffective|p1a: Crocalor\n|-damage|p1a: Crocalor|60\/100\n|move|p1a: Crocalor|Roar|p2a: Mr. Puff\n|drag|p2a: Okami|Ninetales, F, shiny|37\/100\n|-weather|SunnyDay|[from] ability: Drought|[of] p2a: Okami\n|\n|-weather|SunnyDay|[upkeep]\n|upkeep\n|turn|19\n|\n|t:|1699819677\n|move|p2a: Okami|Encore|p1a: Crocalor\n|-start|p1a: Crocalor|Encore\n|move|p1a: Crocalor|Roar|p2a: Okami\n|drag|p2a: Mr. Puff|Qwilfish-Hisui, M, tera:Water|100\/100 par\n|-damage|p2a: Mr. Puff|88\/100 par|[from] Stealth Rock\n|-ability|p2a: Mr. Puff|Intimidate|boost\n|-unboost|p1a: Crocalor|atk|1\n|\n|-weather|SunnyDay|[upkeep]\n|upkeep\n|turn|20\n|\n|t:|1699819689\n|switch|p1a: Slowking|Slowking-Galar, F|84\/100\n|move|p2a: Mr. Puff|Waterfall|p1a: Slowking\n|-damage|p1a: Slowking|73\/100\n|\n|-weather|SunnyDay|[upkeep]\n|upkeep\n|turn|21\n|\n|t:|1699819696\n|move|p2a: Mr. Puff|Scale Shot|p1a: Slowking\n|-damage|p1a: Slowking|68\/100\n|-damage|p1a: Slowking|64\/100\n|-damage|p1a: Slowking|59\/100\n|-damage|p1a: Slowking|55\/100\n|-hitcount|p1a: Slowking|4\n|-unboost|p2a: Mr. Puff|def|1\n|-boost|p2a: Mr. Puff|spe|1\n|move|p1a: Slowking|Chilly Reception|p1a: Slowking\n|-weather|Snow\n|\n|t:|1699819702\n|switch|p1a: Baxcalibur|Baxcalibur, M|100\/100|[from] Chilly Reception\n|\n|-weather|Snow|[upkeep]\n|upkeep\n|turn|22\n|\n|t:|1699819738\n|switch|p1a: Enamorus|Enamorus-Therian, F|87\/100\n|move|p2a: Mr. Puff|Scale Shot|p1a: Enamorus\n|-immune|p1a: Enamorus\n|\n|-weather|Snow|[upkeep]\n|upkeep\n|turn|23\n|\n|t:|1699819743\n|move|p2a: Mr. Puff|Poison Jab|p1a: Enamorus\n|-supereffective|p1a: Enamorus\n|-damage|p1a: Enamorus|34\/100\n|-status|p1a: Enamorus|psn\n|move|p1a: Enamorus|Iron Defense|p1a: Enamorus\n|-boost|p1a: Enamorus|def|2\n|\n|-weather|Snow|[upkeep]\n|-damage|p1a: Enamorus|22\/100 psn|[from] psn\n|upkeep\n|turn|24\n|\n|t:|1699819756\n|move|p2a: Mr. Puff|Poison Jab|p1a: Enamorus\n|-supereffective|p1a: Enamorus\n|-damage|p1a: Enamorus|0 fnt\n|faint|p1a: Enamorus\n|\n|-weather|Snow|[upkeep]\n|upkeep\n|\n|t:|1699819762\n|switch|p1a: Crocalor|Crocalor, F|60\/100\n|turn|25\n|\n|t:|1699819767\n|cant|p2a: Mr. Puff|par\n|move|p1a: Crocalor|Slack Off|p1a: Crocalor\n|-heal|p1a: Crocalor|100\/100\n|\n|-weather|none\n|upkeep\n|turn|26\n|\n|t:|1699819771\n|move|p2a: Mr. Puff|Waterfall|p1a: Crocalor\n|-supereffective|p1a: Crocalor\n|-damage|p1a: Crocalor|73\/100\n|cant|p1a: Crocalor|flinch\n|\n|upkeep\n|turn|27\n|\n|t:|1699819776\n|move|p2a: Mr. Puff|Waterfall|p1a: Crocalor\n|-supereffective|p1a: Crocalor\n|-damage|p1a: Crocalor|41\/100\n|cant|p1a: Crocalor|flinch\n|\n|upkeep\n|turn|28\n|\n|t:|1699819781\n|cant|p2a: Mr. Puff|par\n|move|p1a: Crocalor|Slack Off|p1a: Crocalor\n|-heal|p1a: Crocalor|91\/100\n|\n|upkeep\n|turn|29\n|\n|t:|1699819786\n|move|p2a: Mr. Puff|Poison Jab|p1a: Crocalor\n|-damage|p1a: Crocalor|75\/100\n|move|p1a: Crocalor|Slack Off|p1a: Crocalor\n|-heal|p1a: Crocalor|100\/100\n|\n|upkeep\n|turn|30\n|\n|t:|1699819792\n|cant|p2a: Mr. Puff|par\n|move|p1a: Crocalor|Roar|p2a: Mr. Puff\n|drag|p2a: Okami|Ninetales, F, shiny|37\/100\n|-weather|SunnyDay|[from] ability: Drought|[of] p2a: Okami\n|\n|-weather|SunnyDay|[upkeep]\n|upkeep\n|turn|31\n|\n|t:|1699819798\n|switch|p2a: Mr. Puff|Qwilfish-Hisui, M, tera:Water|88\/100 par\n|-damage|p2a: Mr. Puff|76\/100 par|[from] Stealth Rock\n|-ability|p2a: Mr. Puff|Intimidate|boost\n|-unboost|p1a: Crocalor|atk|1\n|move|p1a: Crocalor|Roar|p2a: Mr. Puff\n|drag|p2a: Okami|Ninetales, F, shiny|37\/100\n|\n|-weather|SunnyDay|[upkeep]\n|upkeep\n|turn|32\n|\n|t:|1699819802\n|switch|p2a: Mr. Puff|Qwilfish-Hisui, M, tera:Water|76\/100 par\n|-damage|p2a: Mr. Puff|64\/100 par|[from] Stealth Rock\n|-ability|p2a: Mr. Puff|Intimidate|boost\n|-unboost|p1a: Crocalor|atk|1\n|move|p1a: Crocalor|Roar|p2a: Mr. Puff\n|drag|p2a: Roaring 707|Roaring Moon|100\/100\n|-damage|p2a: Roaring 707|88\/100|[from] Stealth Rock\n|-activate|p2a: Roaring 707|ability: Protosynthesis\n|-start|p2a: Roaring 707|protosynthesisspe\n|\n|-weather|SunnyDay|[upkeep]\n|upkeep\n|turn|33\n|\n|t:|1699819820\n|-end|p2a: Roaring 707|Protosynthesis|[silent]\n|switch|p2a: Mr. Puff|Qwilfish-Hisui, M, tera:Water|64\/100 par\n|-damage|p2a: Mr. Puff|52\/100 par|[from] Stealth Rock\n|-ability|p2a: Mr. Puff|Intimidate|boost\n|-unboost|p1a: Crocalor|atk|1\n|move|p1a: Crocalor|Roar|p2a: Mr. Puff\n|drag|p2a: Roaring 707|Roaring Moon|88\/100\n|-damage|p2a: Roaring 707|76\/100|[from] Stealth Rock\n|-activate|p2a: Roaring 707|ability: Protosynthesis\n|-start|p2a: Roaring 707|protosynthesisspe\n|\n|-weather|SunnyDay|[upkeep]\n|upkeep\n|turn|34\n|\n|t:|1699819829\n|move|p2a: Roaring 707|Earthquake|p1a: Crocalor\n|-supereffective|p1a: Crocalor\n|-damage|p1a: Crocalor|47\/100\n|move|p1a: Crocalor|Will-O-Wisp|p2a: Roaring 707|[miss]\n|-miss|p1a: Crocalor|p2a: Roaring 707\n|\n|-weather|none\n|-end|p2a: Roaring 707|Protosynthesis\n|upkeep\n|turn|35\n|\n|t:|1699819844\n|move|p2a: Roaring 707|Earthquake|p1a: Crocalor\n|-supereffective|p1a: Crocalor\n|-damage|p1a: Crocalor|0 fnt\n|faint|p1a: Crocalor\n|\n|upkeep\n|\n|t:|1699819847\n|switch|p1a: Quaquaval|Quaquaval, M|1\/100\n|turn|36\n|\n|t:|1699819851\n|-end|p2a: Roaring 707|Protosynthesis|[silent]\n|switch|p2a: Mr. Puff|Qwilfish-Hisui, M, tera:Water|52\/100 par\n|-damage|p2a: Mr. Puff|40\/100 par|[from] Stealth Rock\n|-ability|p2a: Mr. Puff|Intimidate|boost\n|-unboost|p1a: Quaquaval|atk|1\n|move|p1a: Quaquaval|Close Combat|p2a: Mr. Puff\n|-damage|p2a: Mr. Puff|0 fnt\n|-unboost|p1a: Quaquaval|def|1\n|-unboost|p1a: Quaquaval|spd|1\n|faint|p2a: Mr. Puff\n|-ability|p1a: Quaquaval|Moxie|boost\n|-boost|p1a: Quaquaval|atk|1\n|\n|upkeep\n|\n|t:|1699819860\n|switch|p2a: MadCueBall|Electrode-Hisui, shiny|100\/100\n|-damage|p2a: MadCueBall|88\/100|[from] Stealth Rock\n|turn|37\n|\n|t:|1699819869\n|move|p2a: MadCueBall|Giga Drain|p1a: Quaquaval\n|-supereffective|p1a: Quaquaval\n|-damage|p1a: Quaquaval|0 fnt\n|-heal|p2a: MadCueBall|89\/100|[from] drain|[of] p1a: Quaquaval\n|faint|p1a: Quaquaval\n|\n|-heal|p2a: MadCueBall|95\/100|[from] item: Leftovers\n|upkeep\n|\n|t:|1699819872\n|switch|p1a: Slowking|Slowking-Galar, F|88\/100\n|turn|38\n|\n|t:|1699819881\n|switch|p2a: Elon|Donphan, M|77\/100\n|-damage|p2a: Elon|71\/100|[from] Stealth Rock\n|move|p1a: Slowking|Chilly Reception|p1a: Slowking\n|-weather|Snow\n|\n|t:|1699819885\n|switch|p1a: Baxcalibur|Baxcalibur, M|100\/100|[from] Chilly Reception\n|\n|-weather|Snow|[upkeep]\n|upkeep\n|turn|39\n|\n|t:|1699819890\n|switch|p2a: Okami|Ninetales, F, shiny|37\/100\n|-weather|SunnyDay|[from] ability: Drought|[of] p2a: Okami\n|move|p1a: Baxcalibur|Dragon Dance|p1a: Baxcalibur\n|-boost|p1a: Baxcalibur|atk|1\n|-boost|p1a: Baxcalibur|spe|1\n|\n|-weather|SunnyDay|[upkeep]\n|upkeep\n|turn|40\n|\n|t:|1699819899\n|move|p1a: Baxcalibur|Dragon Dance|p1a: Baxcalibur\n|-boost|p1a: Baxcalibur|atk|1\n|-boost|p1a: Baxcalibur|spe|1\n|move|p2a: Okami|Encore|p1a: Baxcalibur\n|-start|p1a: Baxcalibur|Encore\n|\n|-weather|SunnyDay|[upkeep]\n|upkeep\n|turn|41\n|\n|t:|1699819903\n|switch|p1a: Slowking|Slowking-Galar, F|100\/100\n|switch|p2a: Roaring 707|Roaring Moon|76\/100\n|-damage|p2a: Roaring 707|64\/100|[from] Stealth Rock\n|-activate|p2a: Roaring 707|ability: Protosynthesis\n|-start|p2a: Roaring 707|protosynthesisspe\n|\n|-weather|SunnyDay|[upkeep]\n|upkeep\n|turn|42\n|\n|t:|1699819922\n|-end|p2a: Roaring 707|Protosynthesis|[silent]\n|switch|p2a: Elon|Donphan, M|71\/100\n|-damage|p2a: Elon|65\/100|[from] Stealth Rock\n|move|p1a: Slowking|Thunder Wave|p2a: Elon\n|-immune|p2a: Elon\n|\n|-weather|SunnyDay|[upkeep]\n|upkeep\n|turn|43\n|\n|t:|1699819933\n|move|p2a: Elon|Earthquake|p1a: Slowking\n|-supereffective|p1a: Slowking\n|-damage|p1a: Slowking|41\/100\n|move|p1a: Slowking|Chilly Reception|p1a: Slowking\n|-weather|Snow\n|\n|t:|1699819935\n|switch|p1a: Baxcalibur|Baxcalibur, M|100\/100|[from] Chilly Reception\n|\n|-weather|Snow|[upkeep]\n|upkeep\n|turn|44\n|\n|t:|1699819945\n|switch|p2a: Okami|Ninetales, F, shiny|37\/100\n|-weather|SunnyDay|[from] ability: Drought|[of] p2a: Okami\n|move|p1a: Baxcalibur|Dragon Dance|p1a: Baxcalibur\n|-boost|p1a: Baxcalibur|atk|1\n|-boost|p1a: Baxcalibur|spe|1\n|\n|-weather|SunnyDay|[upkeep]\n|upkeep\n|turn|45\n|\n|t:|1699819952\n|switch|p1a: Slowking|Slowking-Galar, F|74\/100\n|move|p2a: Okami|Encore||[still]\n|-fail|p2a: Okami\n|\n|-weather|SunnyDay|[upkeep]\n|upkeep\n|turn|46\n|\n|t:|1699819959\n|move|p2a: Okami|Flame Charge|p1a: Slowking\n|-damage|p1a: Slowking|58\/100\n|-boost|p2a: Okami|spe|1\n|move|p1a: Slowking|Chilly Reception|p1a: Slowking\n|-weather|Snow\n|\n|t:|1699819961\n|switch|p1a: Baxcalibur|Baxcalibur, M|100\/100|[from] Chilly Reception\n|\n|-weather|Snow|[upkeep]\n|upkeep\n|turn|47\n|\n|t:|1699819969\n|move|p2a: Okami|Sunny Day|p2a: Okami\n|-weather|SunnyDay\n|move|p1a: Baxcalibur|Substitute|p1a: Baxcalibur\n|-start|p1a: Baxcalibur|Substitute\n|-damage|p1a: Baxcalibur|76\/100\n|\n|-weather|SunnyDay|[upkeep]\n|-heal|p1a: Baxcalibur|82\/100|[from] item: Leftovers\n|upkeep\n|turn|48\n|\n|t:|1699819975\n|move|p2a: Okami|Encore|p1a: Baxcalibur\n|-start|p1a: Baxcalibur|Encore\n|move|p1a: Baxcalibur|Substitute|p1a: Baxcalibur\n|-fail|p1a: Baxcalibur|move: Substitute\n|\n|-weather|SunnyDay|[upkeep]\n|-heal|p1a: Baxcalibur|88\/100|[from] item: Leftovers\n|upkeep\n|turn|49\n|\n|t:|1699819992\n|switch|p2a: MadCueBall|Electrode-Hisui, shiny|95\/100\n|-damage|p2a: MadCueBall|82\/100|[from] Stealth Rock\n|switch|p1a: Slowking|Slowking-Galar, F|91\/100\n|\n|-weather|SunnyDay|[upkeep]\n|-heal|p2a: MadCueBall|89\/100|[from] item: Leftovers\n|upkeep\n|turn|50\n|\n|t:|1699819997\n|move|p2a: MadCueBall|Thunder Wave|p1a: Slowking\n|-status|p1a: Slowking|par\n|move|p1a: Slowking|Sludge Bomb|p2a: MadCueBall\n|-supereffective|p2a: MadCueBall\n|-damage|p2a: MadCueBall|0 fnt\n|faint|p2a: MadCueBall\n|\n|-weather|SunnyDay|[upkeep]\n|upkeep\n|j| Quackborg\n|\n|t:|1699820006\n|switch|p2a: Roaring 707|Roaring Moon|64\/100\n|-damage|p2a: Roaring 707|51\/100|[from] Stealth Rock\n|-activate|p2a: Roaring 707|ability: Protosynthesis\n|-start|p2a: Roaring 707|protosynthesisspe\n|turn|51\n|l| Quackborg\n|\n|t:|1699820017\n|move|p2a: Roaring 707|Outrage|p1a: Slowking\n|-damage|p1a: Slowking|20\/100 par\n|move|p1a: Slowking|Sludge Bomb|p2a: Roaring 707\n|-damage|p2a: Roaring 707|21\/100\n|-status|p2a: Roaring 707|psn\n|\n|-weather|none\n|-end|p2a: Roaring 707|Protosynthesis\n|-damage|p2a: Roaring 707|9\/100 psn|[from] psn\n|upkeep\n|turn|52\n|\n|t:|1699820026\n|move|p2a: Roaring 707|Outrage|p1a: Slowking|[from]lockedmove\n|-damage|p1a: Slowking|0 fnt\n|faint|p1a: Slowking\n|\n|-damage|p2a: Roaring 707|0 fnt|[from] psn\n|faint|p2a: Roaring 707\n|-end|p2a: Roaring 707|Protosynthesis|[silent]\n|upkeep\n|\n|t:|1699820033\n|switch|p2a: Okami|Ninetales, F, shiny|37\/100\n|switch|p1a: Baxcalibur|Baxcalibur, M|88\/100\n|-weather|SunnyDay|[from] ability: Drought|[of] p2a: Okami\n|turn|53\n|\n|t:|1699820039\n|move|p2a: Okami|Encore||[still]\n|-fail|p2a: Okami\n|move|p1a: Baxcalibur|Earthquake|p2a: Okami\n|-supereffective|p2a: Okami\n|-damage|p2a: Okami|0 fnt\n|faint|p2a: Okami\n|\n|-weather|SunnyDay|[upkeep]\n|-heal|p1a: Baxcalibur|94\/100|[from] item: Leftovers\n|upkeep\n|\n|t:|1699820044\n|switch|p2a: Elon|Donphan, M|65\/100\n|-damage|p2a: Elon|59\/100|[from] Stealth Rock\n|turn|54\n|c|\u2606Holiss77|gg\n|\n|t:|1699820054\n|move|p1a: Baxcalibur|Dragon Dance|p1a: Baxcalibur\n|-boost|p1a: Baxcalibur|atk|1\n|-boost|p1a: Baxcalibur|spe|1\n|move|p2a: Elon|Body Press|p1a: Baxcalibur\n|-supereffective|p1a: Baxcalibur\n|-damage|p1a: Baxcalibur|55\/100\n|\n|-weather|SunnyDay|[upkeep]\n|-heal|p1a: Baxcalibur|61\/100|[from] item: Leftovers\n|upkeep\n|turn|55\n|\n|t:|1699820065\n|move|p1a: Baxcalibur|Dragon Dance|p1a: Baxcalibur\n|-boost|p1a: Baxcalibur|atk|1\n|-boost|p1a: Baxcalibur|spe|1\n|move|p2a: Elon|Body Press|p1a: Baxcalibur\n|-supereffective|p1a: Baxcalibur\n|-damage|p1a: Baxcalibur|22\/100\n|\n|-weather|SunnyDay|[upkeep]\n|-heal|p1a: Baxcalibur|28\/100|[from] item: Leftovers\n|upkeep\n|turn|56\n|\n|t:|1699820073\n|move|p1a: Baxcalibur|Glaive Rush|p2a: Elon\n|-damage|p2a: Elon|0 fnt\n|-singlemove|p1a: Baxcalibur|Glaive Rush|[silent]\n|faint|p2a: Elon\n|\n|win|Ampharoside\n|c|\u2606Ampharoside|gg\n","uploadtime":1699820081,"views":28,"p1id":"ampharoside","p2id":"holiss77","formatid":"gen9ubers","rating":0,"private":0,"password":""}