{"id":"gen9ubers-1976369991","p1":"PinkScourge","p2":"Buy my book azul","format":"[Gen 9] Ubers","log":"|j|\u2606PinkScourge\n|j|\u2606Buy my book azul\n|t:|1698292374\n|gametype|singles\n|player|p1|PinkScourge|bede-leader|\n|player|p2|Buy my book azul|diantha-masters|\n|teamsize|p1|6\n|teamsize|p2|6\n|gen|9\n|tier|[Gen 9] Ubers\n|rule|Sleep Clause Mod: Limit one foe put to sleep\n|rule|Species Clause: Limit one of each Pok\u00e9mon\n|rule|OHKO Clause: OHKO moves are banned\n|rule|Evasion Items Clause: Evasion items are banned\n|rule|Evasion Moves Clause: Evasion moves are banned\n|rule|Endless Battle Clause: Forcing endless battles is banned\n|rule|HP Percentage Mod: HP is shown in percentages\n|clearpoke\n|poke|p1|Scream Tail|\n|poke|p1|Alomomola, M|\n|poke|p1|Arceus-Fire|\n|poke|p1|Zacian-*|\n|poke|p1|Magearna|\n|poke|p1|Weezing-Galar, F|\n|poke|p2|Cyclizar, F|\n|poke|p2|Magearna|\n|poke|p2|Dragapult, F|\n|poke|p2|Landorus, M|\n|poke|p2|Volcarona, F|\n|poke|p2|Garchomp, F|\n|teampreview\n|inactive|Battle timer is ON: inactive players will automatically lose when time's up. (requested by PinkScourge)\n|\n|t:|1698292385\n|start\n|switch|p1a: Scream Tail|Scream Tail|100\/100\n|switch|p2a: Garchomp|Garchomp, F|100\/100\n|turn|1\n|\n|t:|1698292391\n|move|p1a: Scream Tail|Protect|p1a: Scream Tail\n|-singleturn|p1a: Scream Tail|Protect\n|move|p2a: Garchomp|Stealth Rock|p1a: Scream Tail\n|-sidestart|p1: PinkScourge|move: Stealth Rock\n|\n|upkeep\n|turn|2\n|\n|t:|1698292396\n|move|p2a: Garchomp|Spikes|p1a: Scream Tail\n|-sidestart|p1: PinkScourge|Spikes\n|move|p1a: Scream Tail|Wish|p1a: Scream Tail\n|\n|upkeep\n|turn|3\n|\n|t:|1698292407\n|move|p1a: Scream Tail|Perish Song|p1a: Scream Tail\n|-start|p1a: Scream Tail|perish3|[silent]\n|-start|p2a: Garchomp|perish3|[silent]\n|-fieldactivate|move: Perish Song\n|move|p2a: Garchomp|Dragon Tail|p1a: Scream Tail\n|-immune|p1a: Scream Tail\n|\n|-start|p2a: Garchomp|perish3\n|-start|p1a: Scream Tail|perish3\n|upkeep\n|turn|4\n|\n|t:|1698292423\n|-end|p1a: Scream Tail|Protosynthesis|[silent]\n|switch|p1a: Weezing|Weezing-Galar, F|100\/100\n|-fieldstart|move: Misty Terrain|[from] ability: Misty Surge|[of] p1a: Weezing\n|move|p2a: Garchomp|Earthquake|p1a: Weezing\n|-supereffective|p1a: Weezing\n|-damage|p1a: Weezing|46\/100\n|\n|-start|p2a: Garchomp|perish2\n|upkeep\n|turn|5\n|\n|t:|1698292436\n|switch|p1a: Alomomola|Alomomola, M|100\/100\n|-damage|p1a: Alomomola|88\/100|[from] Stealth Rock\n|-damage|p1a: Alomomola|76\/100|[from] Spikes\n|move|p2a: Garchomp|Earthquake|p1a: Alomomola\n|-damage|p1a: Alomomola|48\/100\n|\n|-start|p2a: Garchomp|perish1\n|upkeep\n|turn|6\n|\n|t:|1698292444\n|switch|p2a: Cyclizar|Cyclizar, F|100\/100\n|move|p1a: Alomomola|Flip Turn|p2a: Cyclizar\n|-resisted|p2a: Cyclizar\n|-damage|p2a: Cyclizar|89\/100\n|\n|t:|1698292449\n|switch|p1a: Zacian|Zacian|100\/100|[from] Flip Turn\n|-ability|p1a: Zacian|Intrepid Sword|boost\n|-boost|p1a: Zacian|atk|1\n|\n|upkeep\n|turn|7\n|\n|t:|1698292457\n|switch|p2a: Garchomp|Garchomp, F|100\/100\n|move|p1a: Zacian|Play Rough|p2a: Garchomp\n|-supereffective|p2a: Garchomp\n|-damage|p2a: Garchomp|0 fnt\n|-damage|p1a: Zacian|88\/100|[from] ability: Rough Skin|[of] p2a: Garchomp\n|-damage|p1a: Zacian|72\/100|[from] item: Rocky Helmet|[of] p2a: Garchomp\n|faint|p2a: Garchomp\n|\n|upkeep\n|\n|t:|1698292468\n|switch|p2a: Magearna|Magearna|100\/100\n|turn|8\n|\n|t:|1698292474\n|switch|p1a: Scream Tail|Scream Tail|100\/100\n|-damage|p1a: Scream Tail|88\/100|[from] Stealth Rock\n|-damage|p1a: Scream Tail|76\/100|[from] Spikes\n|move|p2a: Magearna|Flash Cannon|p1a: Scream Tail\n|-supereffective|p1a: Scream Tail\n|-damage|p1a: Scream Tail|30\/100\n|\n|-heal|p1a: Scream Tail|36\/100|[from] item: Leftovers\n|-fieldend|Misty Terrain\n|upkeep\n|turn|9\n|\n|t:|1698292490\n|move|p1a: Scream Tail|Protect|p1a: Scream Tail\n|-singleturn|p1a: Scream Tail|Protect\n|move|p2a: Magearna|Flash Cannon|p1a: Scream Tail\n|-activate|p1a: Scream Tail|move: Protect\n|\n|-heal|p1a: Scream Tail|42\/100|[from] item: Leftovers\n|upkeep\n|turn|10\n|\n|t:|1698292498\n|-terastallize|p1a: Scream Tail|Normal\n|move|p1a: Scream Tail|Wish|p1a: Scream Tail\n|move|p2a: Magearna|Shift Gear|p2a: Magearna\n|-boost|p2a: Magearna|spe|2\n|-boost|p2a: Magearna|atk|1\n|\n|-heal|p1a: Scream Tail|49\/100|[from] item: Leftovers\n|upkeep\n|turn|11\n|\n|t:|1698292508\n|move|p2a: Magearna|Fleur Cannon|p1a: Scream Tail\n|-damage|p1a: Scream Tail|12\/100\n|-unboost|p2a: Magearna|spa|2\n|move|p1a: Scream Tail|Perish Song|p1a: Scream Tail\n|-start|p1a: Scream Tail|perish3|[silent]\n|-start|p2a: Magearna|perish3|[silent]\n|-fieldactivate|move: Perish Song\n|\n|-heal|p1a: Scream Tail|62\/100|[from] move: Wish|[wisher] Scream Tail\n|-heal|p1a: Scream Tail|68\/100|[from] item: Leftovers\n|-start|p2a: Magearna|perish3\n|-start|p1a: Scream Tail|perish3\n|upkeep\n|turn|12\n|\n|t:|1698292523\n|switch|p2a: Volcarona|Volcarona, F|100\/100\n|move|p1a: Scream Tail|Wish|p1a: Scream Tail\n|\n|-heal|p1a: Scream Tail|74\/100|[from] item: Leftovers\n|-start|p1a: Scream Tail|perish2\n|upkeep\n|turn|13\n|\n|t:|1698292535\n|move|p2a: Volcarona|Quiver Dance|p2a: Volcarona\n|-boost|p2a: Volcarona|spa|1\n|-boost|p2a: Volcarona|spd|1\n|-boost|p2a: Volcarona|spe|1\n|move|p1a: Scream Tail|Perish Song|p1a: Scream Tail\n|-start|p2a: Volcarona|perish3|[silent]\n|-fieldactivate|move: Perish Song\n|\n|-heal|p1a: Scream Tail|100\/100|[from] move: Wish|[wisher] Scream Tail\n|-start|p2a: Volcarona|perish3\n|-start|p1a: Scream Tail|perish1\n|upkeep\n|turn|14\n|\n|t:|1698292545\n|-end|p1a: Scream Tail|Protosynthesis|[silent]\n|switch|p1a: Arceus|Arceus-Fire|100\/100\n|-damage|p1a: Arceus|75\/100|[from] Stealth Rock\n|-damage|p1a: Arceus|63\/100|[from] Spikes\n|move|p2a: Volcarona|Flamethrower|p1a: Arceus\n|-resisted|p1a: Arceus\n|-damage|p1a: Arceus|48\/100\n|\n|-start|p2a: Volcarona|perish2\n|upkeep\n|turn|15\n|\n|t:|1698292556\n|switch|p2a: Landorus|Landorus, M|100\/100\n|move|p1a: Arceus|Recover|p1a: Arceus\n|-heal|p1a: Arceus|98\/100\n|\n|upkeep\n|turn|16\n|\n|t:|1698292563\n|move|p2a: Landorus|Earth Power|p1a: Arceus\n|-supereffective|p1a: Arceus\n|-damage|p1a: Arceus|23\/100\n|move|p1a: Arceus|Will-O-Wisp|p2a: Landorus\n|-status|p2a: Landorus|brn\n|\n|-damage|p2a: Landorus|95\/100 brn|[from] brn\n|upkeep\n|turn|17\n|\n|t:|1698292578\n|switch|p1a: Scream Tail|Scream Tail, tera:Normal|100\/100\n|-damage|p1a: Scream Tail|88\/100|[from] Stealth Rock\n|-damage|p1a: Scream Tail|76\/100|[from] Spikes\n|move|p2a: Landorus|Earth Power|p1a: Scream Tail\n|-damage|p1a: Scream Tail|38\/100\n|\n|-heal|p1a: Scream Tail|44\/100|[from] item: Leftovers\n|-damage|p2a: Landorus|89\/100 brn|[from] brn\n|upkeep\n|turn|18\n|\n|t:|1698292590\n|move|p2a: Landorus|Focus Blast|p1a: Scream Tail|[miss]\n|-miss|p2a: Landorus|p1a: Scream Tail\n|move|p1a: Scream Tail|Wish|p1a: Scream Tail\n|\n|-heal|p1a: Scream Tail|50\/100|[from] item: Leftovers\n|-damage|p2a: Landorus|83\/100 brn|[from] brn\n|upkeep\n|turn|19\n|\n|t:|1698292595\n|move|p1a: Scream Tail|Protect|p1a: Scream Tail\n|-singleturn|p1a: Scream Tail|Protect\n|move|p2a: Landorus|Nasty Plot|p2a: Landorus\n|-boost|p2a: Landorus|spa|2\n|\n|-heal|p1a: Scream Tail|99\/100|[from] move: Wish|[wisher] Scream Tail\n|-heal|p1a: Scream Tail|100\/100|[from] item: Leftovers\n|-damage|p2a: Landorus|77\/100 brn|[from] brn\n|upkeep\n|turn|20\n|\n|t:|1698292605\n|move|p2a: Landorus|Focus Blast|p1a: Scream Tail|[miss]\n|-miss|p2a: Landorus|p1a: Scream Tail\n|move|p1a: Scream Tail|Boomburst|p2a: Landorus\n|-damage|p2a: Landorus|32\/100 brn\n|\n|-damage|p2a: Landorus|27\/100 brn|[from] brn\n|upkeep\n|turn|21\n|\n|t:|1698292612\n|move|p1a: Scream Tail|Protect|p1a: Scream Tail\n|-singleturn|p1a: Scream Tail|Protect\n|move|p2a: Landorus|Earth Power|p1a: Scream Tail\n|-activate|p1a: Scream Tail|move: Protect\n|\n|-damage|p2a: Landorus|21\/100 brn|[from] brn\n|upkeep\n|turn|22\n|\n|t:|1698292618\n|move|p2a: Landorus|Earth Power|p1a: Scream Tail\n|-damage|p1a: Scream Tail|15\/100\n|move|p1a: Scream Tail|Boomburst|p2a: Landorus\n|-crit|p2a: Landorus\n|-damage|p2a: Landorus|0 fnt\n|faint|p2a: Landorus\n|\n|-heal|p1a: Scream Tail|21\/100|[from] item: Leftovers\n|upkeep\n|\n|t:|1698292634\n|switch|p2a: Cyclizar|Cyclizar, F|100\/100\n|turn|23\n|\n|t:|1698292637\n|move|p2a: Cyclizar|Shed Tail|p2a: Cyclizar\n|-start|p2a: Cyclizar|Substitute|[from] move: Shed Tail\n|-damage|p2a: Cyclizar|50\/100\n|\n|t:|1698292639\n|switch|p2a: Dragapult|Dragapult, F|100\/100|[from] Shed Tail\n|move|p1a: Scream Tail|Wish|p1a: Scream Tail\n|\n|-heal|p1a: Scream Tail|27\/100|[from] item: Leftovers\n|upkeep\n|turn|24\n|\n|t:|1698292647\n|move|p2a: Dragapult|Dragon Darts|p1a: Scream Tail\n|-damage|p1a: Scream Tail|0 fnt\n|faint|p1a: Scream Tail\n|-end|p1a: Scream Tail|Protosynthesis|[silent]\n|-damage|p2a: Dragapult|91\/100|[from] item: Life Orb\n|\n|upkeep\n|\n|t:|1698292656\n|switch|p1a: Weezing|Weezing-Galar, F|46\/100\n|-fieldstart|move: Misty Terrain|[from] ability: Misty Surge|[of] p1a: Weezing\n|turn|25\n|\n|t:|1698292664\n|move|p2a: Dragapult|Dragon Dance|p2a: Dragapult\n|-boost|p2a: Dragapult|atk|1\n|-boost|p2a: Dragapult|spe|1\n|move|p1a: Weezing|Defog|p2a: Dragapult\n|-sideend|p1: PinkScourge|Spikes|[from] move: Defog|[of] p1a: Weezing\n|-sideend|p1: PinkScourge|Stealth Rock|[from] move: Defog|[of] p1a: Weezing\n|-fieldend|Misty Terrain\n|\n|upkeep\n|turn|26\n|\n|t:|1698292673\n|move|p2a: Dragapult|Psychic Fangs|p1a: Weezing\n|-supereffective|p1a: Weezing\n|-damage|p1a: Weezing|0 fnt\n|faint|p1a: Weezing\n|-damage|p2a: Dragapult|81\/100|[from] item: Life Orb\n|\n|upkeep\n|\n|t:|1698292684\n|switch|p1a: Magearna|Magearna|100\/100\n|turn|27\n|\n|t:|1698292690\n|move|p2a: Dragapult|Dragon Dance|p2a: Dragapult\n|-boost|p2a: Dragapult|atk|1\n|-boost|p2a: Dragapult|spe|1\n|move|p1a: Magearna|Fleur Cannon|p2a: Dragapult\n|-supereffective|p2a: Dragapult\n|-end|p2a: Dragapult|Substitute\n|-unboost|p1a: Magearna|spa|2\n|\n|upkeep\n|turn|28\n|\n|t:|1698292697\n|-terastallize|p2a: Dragapult|Ghost\n|move|p2a: Dragapult|Tera Blast|p1a: Magearna|[anim] Tera Blast Ghost\n|-damage|p1a: Magearna|0 fnt\n|faint|p1a: Magearna\n|-damage|p2a: Dragapult|71\/100|[from] item: Life Orb\n|\n|upkeep\n|\n|t:|1698292706\n|switch|p1a: Alomomola|Alomomola, M|81\/100\n|turn|29\n|\n|t:|1698292710\n|move|p2a: Dragapult|Tera Blast|p1a: Alomomola|[anim] Tera Blast Ghost\n|-damage|p1a: Alomomola|0 fnt\n|faint|p1a: Alomomola\n|-damage|p2a: Dragapult|61\/100|[from] item: Life Orb\n|\n|upkeep\n|\n|t:|1698292714\n|switch|p1a: Zacian|Zacian|72\/100\n|turn|30\n|\n|t:|1698292729\n|move|p2a: Dragapult|Tera Blast|p1a: Zacian|[anim] Tera Blast Ghost\n|-damage|p1a: Zacian|0 fnt\n|faint|p1a: Zacian\n|-damage|p2a: Dragapult|52\/100|[from] item: Life Orb\n|\n|upkeep\n|c|\u2606PinkScourge|GG!\n|\n|t:|1698292734\n|switch|p1a: Arceus|Arceus-Fire|23\/100\n|turn|31\n|c|\u2606Buy my book azul|gg\n|\n|t:|1698292739\n|move|p2a: Dragapult|Tera Blast|p1a: Arceus|[anim] Tera Blast Ghost\n|-damage|p1a: Arceus|0 fnt\n|faint|p1a: Arceus\n|-damage|p2a: Dragapult|42\/100|[from] item: Life Orb\n|\n|win|Buy my book azul\n|l|\u2606PinkScourge\n","uploadtime":1698292752,"views":45,"p1id":"pinkscourge","p2id":"buymybookazul","formatid":"gen9ubers","rating":0,"private":0,"password":""}