{"id":"gen9ubers-1975987183","p1":"1P1o1s1h1e1","p2":"Lord Femboy","format":"[Gen 9] Ubers","log":"|j|\u26061P1o1s1h1e1\n|j|\u2606Lord Femboy\n|t:|1698254503\n|gametype|singles\n|player|p1|1P1o1s1h1e1|102|\n|player|p2|Lord Femboy|acetrainer|\n|teamsize|p1|6\n|teamsize|p2|6\n|gen|9\n|tier|[Gen 9] Ubers\n|rule|Sleep Clause Mod: Limit one foe put to sleep\n|rule|Species Clause: Limit one of each Pok\u00e9mon\n|rule|OHKO Clause: OHKO moves are banned\n|rule|Evasion Items Clause: Evasion items are banned\n|rule|Evasion Moves Clause: Evasion moves are banned\n|rule|Endless Battle Clause: Forcing endless battles is banned\n|rule|HP Percentage Mod: HP is shown in percentages\n|clearpoke\n|poke|p1|Arceus-Poison|\n|poke|p1|Magearna|\n|poke|p1|Donphan, F|\n|poke|p1|Alomomola, M|\n|poke|p1|Spectrier|\n|poke|p1|Urshifu-*, M|\n|poke|p2|Hippowdon, F|\n|poke|p2|Magearna-Original|\n|poke|p2|Garganacl, M|\n|poke|p2|Gliscor, M|\n|poke|p2|Garchomp, F|\n|poke|p2|Blissey, F|\n|teampreview\n|\n|t:|1698254520\n|start\n|switch|p1a: Spectrier|Spectrier|100\/100\n|switch|p2a: That Dog|Gliscor, M|100\/100\n|turn|1\n|\n|t:|1698254529\n|move|p2a: That Dog|Protect|p2a: That Dog\n|-singleturn|p2a: That Dog|Protect\n|move|p1a: Spectrier|Taunt|p2a: That Dog\n|-activate|p2a: That Dog|move: Protect\n|\n|-status|p2a: That Dog|tox|[from] item: Toxic Orb\n|upkeep\n|turn|2\n|\n|t:|1698254543\n|switch|p1a: Donphan|Donphan, F|100\/100\n|move|p2a: That Dog|Knock Off|p1a: Donphan\n|-damage|p1a: Donphan|80\/100\n|-enditem|p1a: Donphan|Heavy-Duty Boots|[from] move: Knock Off|[of] p2a: That Dog\n|\n|upkeep\n|turn|3\n|\n|t:|1698254555\n|move|p1a: Donphan|Ice Shard|p2a: That Dog\n|-supereffective|p2a: That Dog\n|-damage|p2a: That Dog|71\/100 tox\n|move|p2a: That Dog|Toxic Spikes|p1a: Donphan\n|-sidestart|p1: 1P1o1s1h1e1|move: Toxic Spikes\n|\n|-heal|p2a: That Dog|84\/100 tox|[from] ability: Poison Heal\n|upkeep\n|turn|4\n|c|\u2606Lord Femboy|wait\n|c|\u2606Lord Femboy|i forgor a spin blocker lol\n|c|\u2606Lord Femboy|thats okie ill just random tera ghost something\n|c|\u26061P1o1s1h1e1|Yeah I was thinking about ghold at one point\n|c|\u2606Lord Femboy|should i tera ghost garg?\n|c|\u26061P1o1s1h1e1|Isn't bliss tera ghost?\n|c|\u2606Lord Femboy|uhh\n|c|\u2606Lord Femboy|no\n|c|\u2606Lord Femboy|should it be?\n|c|\u2606Lord Femboy|but it just dies to knock off\n|c|\u26061P1o1s1h1e1|Also true\n|c|\u26061P1o1s1h1e1|What tera is it rn\n|c|\u26061P1o1s1h1e1|You've got knock soakers tho\n|c|\u2606Lord Femboy|fiary\n|c|\u26061P1o1s1h1e1|In scor\n|c|\u2606Lord Femboy|water\n|c|\u2606Lord Femboy|ill change that to ghost\n|c|\u2606Lord Femboy|doesn't mind getting knocked off\n|\n|t:|1698254691\n|move|p2a: That Dog|Earthquake|p1a: Donphan\n|-damage|p1a: Donphan|53\/100\n|move|p1a: Donphan|Stealth Rock|p2a: That Dog\n|-sidestart|p2: Lord Femboy|move: Stealth Rock\n|\n|-heal|p2a: That Dog|96\/100 tox|[from] ability: Poison Heal\n|upkeep\n|turn|5\n|\n|t:|1698254700\n|move|p2a: That Dog|Earthquake|p1a: Donphan\n|-damage|p1a: Donphan|22\/100\n|move|p1a: Donphan|Rapid Spin|p2a: That Dog\n|-crit|p2a: That Dog\n|-damage|p2a: That Dog|81\/100 tox\n|-boost|p1a: Donphan|spe|1\n|-sideend|p1: 1P1o1s1h1e1|Toxic Spikes|[from] move: Rapid Spin|[of] p1a: Donphan\n|\n|-heal|p2a: That Dog|93\/100 tox|[from] ability: Poison Heal\n|upkeep\n|turn|6\n|\n|t:|1698254706\n|move|p1a: Donphan|Endeavor|p2a: That Dog\n|-damage|p2a: That Dog|20\/100 tox\n|move|p2a: That Dog|Toxic Spikes|p1a: Donphan\n|-sidestart|p1: 1P1o1s1h1e1|move: Toxic Spikes\n|\n|-heal|p2a: That Dog|32\/100 tox|[from] ability: Poison Heal\n|upkeep\n|turn|7\n|\n|t:|1698254715\n|move|p2a: That Dog|Protect|p2a: That Dog\n|-singleturn|p2a: That Dog|Protect\n|move|p1a: Donphan|Rapid Spin|p2a: That Dog\n|-activate|p2a: That Dog|move: Protect\n|\n|-heal|p2a: That Dog|45\/100 tox|[from] ability: Poison Heal\n|upkeep\n|turn|8\n|\n|t:|1698254723\n|move|p1a: Donphan|Rapid Spin|p2a: That Dog\n|-damage|p2a: That Dog|35\/100 tox\n|-boost|p1a: Donphan|spe|1\n|-sideend|p1: 1P1o1s1h1e1|Toxic Spikes|[from] move: Rapid Spin|[of] p1a: Donphan\n|move|p2a: That Dog|Earthquake|p1a: Donphan\n|-damage|p1a: Donphan|0 fnt\n|faint|p1a: Donphan\n|\n|-heal|p2a: That Dog|48\/100 tox|[from] ability: Poison Heal\n|upkeep\n|\n|t:|1698254730\n|switch|p1a: Urshifu|Urshifu, M|100\/100\n|turn|9\n|\n|t:|1698254738\n|switch|p2a: Hippowdon|Hippowdon, F|100\/100\n|-damage|p2a: Hippowdon|94\/100|[from] Stealth Rock\n|-weather|Sandstorm|[from] ability: Sand Stream|[of] p2a: Hippowdon\n|move|p1a: Urshifu|Wicked Blow|p2a: Hippowdon\n|-crit|p2a: Hippowdon\n|-damage|p2a: Hippowdon|51\/100\n|\n|-weather|Sandstorm|[upkeep]\n|-damage|p1a: Urshifu|94\/100|[from] Sandstorm\n|upkeep\n|turn|10\n|\n|t:|1698254758\n|switch|p1a: Arceus|Arceus-Poison|100\/100\n|switch|p2a: Magearna|Magearna-Original|100\/100\n|-damage|p2a: Magearna|94\/100|[from] Stealth Rock\n|\n|-weather|Sandstorm|[upkeep]\n|-damage|p1a: Arceus|94\/100|[from] Sandstorm\n|-heal|p2a: Magearna|100\/100|[from] item: Leftovers\n|upkeep\n|turn|11\n|\n|t:|1698254760\n|move|p1a: Arceus|Taunt|p2a: Magearna\n|-start|p2a: Magearna|move: Taunt\n|cant|p2a: Magearna|move: Taunt|Spikes\n|\n|-weather|Sandstorm|[upkeep]\n|-damage|p1a: Arceus|88\/100|[from] Sandstorm\n|upkeep\n|turn|12\n|\n|t:|1698254764\n|move|p1a: Arceus|Thunder Wave|p2a: Magearna\n|-status|p2a: Magearna|par\n|move|p2a: Magearna|Volt Switch|p1a: Arceus\n|-damage|p1a: Arceus|75\/100\n|\n|t:|1698254770\n|switch|p2a: That Dog|Gliscor, M|48\/100 tox|[from] Volt Switch\n|-damage|p2a: That Dog|35\/100 tox|[from] Stealth Rock\n|\n|-weather|Sandstorm|[upkeep]\n|-damage|p1a: Arceus|69\/100|[from] Sandstorm\n|-heal|p2a: That Dog|48\/100 tox|[from] ability: Poison Heal\n|upkeep\n|turn|13\n|\n|t:|1698254774\n|move|p2a: That Dog|Protect|p2a: That Dog\n|-singleturn|p2a: That Dog|Protect\n|move|p1a: Arceus|Taunt|p2a: That Dog\n|-activate|p2a: That Dog|move: Protect\n|\n|-weather|Sandstorm|[upkeep]\n|-damage|p1a: Arceus|63\/100|[from] Sandstorm\n|-heal|p2a: That Dog|60\/100 tox|[from] ability: Poison Heal\n|upkeep\n|turn|14\n|\n|t:|1698254780\n|switch|p1a: Urshifu|Urshifu, M|94\/100\n|move|p2a: That Dog|Earthquake|p1a: Urshifu\n|-damage|p1a: Urshifu|64\/100\n|\n|-weather|Sandstorm|[upkeep]\n|-damage|p1a: Urshifu|57\/100|[from] Sandstorm\n|-heal|p2a: That Dog|73\/100 tox|[from] ability: Poison Heal\n|upkeep\n|turn|15\n|\n|t:|1698254786\n|move|p2a: That Dog|Protect|p2a: That Dog\n|-singleturn|p2a: That Dog|Protect\n|move|p1a: Urshifu|U-turn|p2a: That Dog\n|-resisted|p2a: That Dog\n|-damage|p2a: That Dog|62\/100 tox\n|\n|t:|1698254792\n|switch|p1a: Spectrier|Spectrier|100\/100|[from] U-turn\n|\n|-weather|Sandstorm|[upkeep]\n|-damage|p1a: Spectrier|94\/100|[from] Sandstorm\n|-heal|p2a: That Dog|75\/100 tox|[from] ability: Poison Heal\n|upkeep\n|turn|16\n|c|\u2606Lord Femboy|keep forgetting lol\n|\n|t:|1698254806\n|switch|p2a: Fuck You|Blissey, F, shiny|100\/100\n|-damage|p2a: Fuck You|88\/100|[from] Stealth Rock\n|move|p1a: Spectrier|Nasty Plot|p1a: Spectrier\n|-boost|p1a: Spectrier|spa|2\n|\n|-weather|none\n|-heal|p2a: Fuck You|94\/100|[from] item: Leftovers\n|upkeep\n|turn|17\n|\n|t:|1698254816\n|move|p1a: Spectrier|Taunt|p2a: Fuck You\n|-start|p2a: Fuck You|move: Taunt\n|cant|p2a: Fuck You|move: Taunt|Calm Mind\n|\n|-heal|p2a: Fuck You|99\/100|[from] item: Leftovers\n|upkeep\n|turn|18\n|\n|t:|1698254824\n|switch|p1a: Magearna|Magearna|100\/100\n|move|p2a: Fuck You|Shadow Ball|p1a: Magearna\n|-damage|p1a: Magearna|92\/100\n|\n|-heal|p1a: Magearna|98\/100|[from] item: Leftovers\n|-heal|p2a: Fuck You|100\/100|[from] item: Leftovers\n|upkeep\n|turn|19\n|\n|t:|1698254832\n|switch|p2a: That Dog|Gliscor, M|75\/100 tox\n|-damage|p2a: That Dog|62\/100 tox|[from] Stealth Rock\n|move|p1a: Magearna|Iron Defense|p1a: Magearna\n|-boost|p1a: Magearna|def|2\n|\n|-heal|p1a: Magearna|100\/100|[from] item: Leftovers\n|-heal|p2a: That Dog|75\/100 tox|[from] ability: Poison Heal\n|upkeep\n|turn|20\n|\n|t:|1698254842\n|switch|p2a: Hippowdon|Hippowdon, F|51\/100\n|-damage|p2a: Hippowdon|45\/100|[from] Stealth Rock\n|-weather|Sandstorm|[from] ability: Sand Stream|[of] p2a: Hippowdon\n|move|p1a: Magearna|Calm Mind|p1a: Magearna\n|-boost|p1a: Magearna|spa|1\n|-boost|p1a: Magearna|spd|1\n|\n|-weather|Sandstorm|[upkeep]\n|upkeep\n|turn|21\n|\n|t:|1698254847\n|switch|p2a: Garganacl|Garganacl, M|100\/100\n|-damage|p2a: Garganacl|88\/100|[from] Stealth Rock\n|move|p1a: Magearna|Stored Power|p2a: Garganacl\n|-damage|p2a: Garganacl|69\/100\n|\n|-weather|Sandstorm|[upkeep]\n|-heal|p2a: Garganacl|75\/100|[from] item: Leftovers\n|upkeep\n|turn|22\n|\n|t:|1698254857\n|switch|p1a: Urshifu|Urshifu, M|57\/100\n|move|p2a: Garganacl|Salt Cure|p1a: Urshifu\n|-resisted|p1a: Urshifu\n|-damage|p1a: Urshifu|50\/100\n|-start|p1a: Urshifu|Salt Cure\n|\n|-weather|Sandstorm|[upkeep]\n|-damage|p1a: Urshifu|44\/100|[from] Sandstorm\n|-heal|p2a: Garganacl|81\/100|[from] item: Leftovers\n|-damage|p1a: Urshifu|32\/100|[from] Salt Cure\n|upkeep\n|turn|23\n|\n|t:|1698254871\n|-terastallize|p2a: Garganacl|Fairy\n|move|p1a: Urshifu|U-turn|p2a: Garganacl\n|-resisted|p2a: Garganacl\n|-damage|p2a: Garganacl|70\/100\n|\n|t:|1698254878\n|switch|p1a: Arceus|Arceus-Poison|63\/100|[from] U-turn\n|move|p2a: Garganacl|Recover|p2a: Garganacl\n|-heal|p2a: Garganacl|100\/100\n|\n|-weather|Sandstorm|[upkeep]\n|-damage|p1a: Arceus|57\/100|[from] Sandstorm\n|-damage|p2a: Garganacl|94\/100|[from] Sandstorm\n|-heal|p2a: Garganacl|100\/100|[from] item: Leftovers\n|upkeep\n|turn|24\n|\n|t:|1698254900\n|switch|p2a: Magearna|Magearna-Original|100\/100 par\n|-damage|p2a: Magearna|94\/100 par|[from] Stealth Rock\n|move|p1a: Arceus|Recover|p1a: Arceus\n|-heal|p1a: Arceus|100\/100\n|\n|-weather|Sandstorm|[upkeep]\n|-damage|p1a: Arceus|94\/100|[from] Sandstorm\n|-heal|p2a: Magearna|100\/100 par|[from] item: Leftovers\n|upkeep\n|turn|25\n|\n|t:|1698254911\n|move|p1a: Arceus|Taunt|p2a: Magearna\n|-start|p2a: Magearna|move: Taunt\n|cant|p2a: Magearna|move: Taunt|Spikes\n|\n|-weather|Sandstorm|[upkeep]\n|-damage|p1a: Arceus|88\/100|[from] Sandstorm\n|upkeep\n|turn|26\n|\n|t:|1698254923\n|switch|p1a: Alomomola|Alomomola, M|100\/100\n|move|p2a: Magearna|Volt Switch|p1a: Alomomola\n|-supereffective|p1a: Alomomola\n|-damage|p1a: Alomomola|53\/100\n|\n|t:|1698254927\n|switch|p2a: That Dog|Gliscor, M|75\/100 tox|[from] Volt Switch\n|-damage|p2a: That Dog|62\/100 tox|[from] Stealth Rock\n|\n|-weather|Sandstorm|[upkeep]\n|-damage|p1a: Alomomola|47\/100|[from] Sandstorm\n|-heal|p2a: That Dog|75\/100 tox|[from] ability: Poison Heal\n|upkeep\n|turn|27\n|\n|t:|1698254932\n|move|p2a: That Dog|Toxic Spikes|p1a: Alomomola\n|-sidestart|p1: 1P1o1s1h1e1|move: Toxic Spikes\n|move|p1a: Alomomola|Wish|p1a: Alomomola\n|\n|-weather|none\n|-heal|p2a: That Dog|87\/100 tox|[from] ability: Poison Heal\n|upkeep\n|turn|28\n|\n|t:|1698254944\n|switch|p2a: Hippowdon|Hippowdon, F|45\/100\n|-damage|p2a: Hippowdon|38\/100|[from] Stealth Rock\n|-weather|Sandstorm|[from] ability: Sand Stream|[of] p2a: Hippowdon\n|move|p1a: Alomomola|Flip Turn|p2a: Hippowdon\n|-supereffective|p2a: Hippowdon\n|-damage|p2a: Hippowdon|22\/100\n|\n|t:|1698254954\n|switch|p1a: Arceus|Arceus-Poison|88\/100|[from] Flip Turn\n|-sideend|p1: 1P1o1s1h1e1|move: Toxic Spikes|[of] p1a: Arceus\n|\n|-weather|Sandstorm|[upkeep]\n|-damage|p1a: Arceus|82\/100|[from] Sandstorm\n|-heal|p1a: Arceus|100\/100|[from] move: Wish|[wisher] Alomomola\n|upkeep\n|turn|29\n|\n|t:|1698254964\n|switch|p2a: Magearna|Magearna-Original|100\/100 par\n|-damage|p2a: Magearna|94\/100 par|[from] Stealth Rock\n|move|p1a: Arceus|Taunt|p2a: Magearna\n|-start|p2a: Magearna|move: Taunt\n|\n|-weather|Sandstorm|[upkeep]\n|-damage|p1a: Arceus|94\/100|[from] Sandstorm\n|-heal|p2a: Magearna|100\/100 par|[from] item: Leftovers\n|upkeep\n|turn|30\n|\n|t:|1698254982\n|move|p1a: Arceus|Taunt||[still]\n|-fail|p1a: Arceus\n|move|p2a: Magearna|Volt Switch|p1a: Arceus\n|-damage|p1a: Arceus|82\/100\n|\n|t:|1698254989\n|switch|p2a: Pack Smoker|Garchomp, F|100\/100|[from] Volt Switch\n|-damage|p2a: Pack Smoker|94\/100|[from] Stealth Rock\n|\n|-weather|Sandstorm|[upkeep]\n|-damage|p1a: Arceus|75\/100|[from] Sandstorm\n|-heal|p2a: Pack Smoker|100\/100|[from] item: Leftovers\n|upkeep\n|turn|31\n|\n|t:|1698255001\n|move|p1a: Arceus|Gunk Shot|p2a: Pack Smoker|[miss]\n|-miss|p1a: Arceus|p2a: Pack Smoker\n|move|p2a: Pack Smoker|Earthquake|p1a: Arceus\n|-supereffective|p1a: Arceus\n|-damage|p1a: Arceus|32\/100\n|\n|-weather|Sandstorm|[upkeep]\n|-damage|p1a: Arceus|26\/100|[from] Sandstorm\n|upkeep\n|turn|32\n|\n|t:|1698255008\n|move|p1a: Arceus|Recover|p1a: Arceus\n|-heal|p1a: Arceus|76\/100\n|move|p2a: Pack Smoker|Earthquake|p1a: Arceus\n|-supereffective|p1a: Arceus\n|-damage|p1a: Arceus|27\/100\n|\n|-weather|Sandstorm|[upkeep]\n|-damage|p1a: Arceus|21\/100|[from] Sandstorm\n|upkeep\n|turn|33\n|c|\u2606Lord Femboy|what does that have like 80% acc?\n|c|\u2606Lord Femboy|imean\n|c|\u2606Lord Femboy|70%?\n|\n|t:|1698255031\n|move|p1a: Arceus|Recover|p1a: Arceus\n|-heal|p1a: Arceus|71\/100\n|move|p2a: Pack Smoker|Earthquake|p1a: Arceus\n|-supereffective|p1a: Arceus\n|-damage|p1a: Arceus|29\/100\n|\n|-weather|Sandstorm|[upkeep]\n|-damage|p1a: Arceus|23\/100|[from] Sandstorm\n|upkeep\n|turn|34\n|c|\u26061P1o1s1h1e1|Not sure lol\n|\n|t:|1698255045\n|move|p1a: Arceus|Recover|p1a: Arceus\n|-heal|p1a: Arceus|73\/100\n|move|p2a: Pack Smoker|Earthquake|p1a: Arceus\n|-supereffective|p1a: Arceus\n|-damage|p1a: Arceus|28\/100\n|\n|-weather|Sandstorm|[upkeep]\n|-damage|p1a: Arceus|22\/100|[from] Sandstorm\n|upkeep\n|turn|35\n|c|\u2606Lord Femboy|is that full physdef?\n|\n|t:|1698255054\n|move|p1a: Arceus|Recover|p1a: Arceus\n|-heal|p1a: Arceus|72\/100\n|move|p2a: Pack Smoker|Dragon Tail|p1a: Arceus\n|-damage|p1a: Arceus|56\/100\n|drag|p1a: Magearna|Magearna|100\/100\n|\n|-weather|none\n|upkeep\n|turn|36\n|\n|t:|1698255065\n|switch|p2a: Fuck You|Blissey, F, shiny|100\/100\n|-damage|p2a: Fuck You|88\/100|[from] Stealth Rock\n|move|p1a: Magearna|Iron Defense|p1a: Magearna\n|-boost|p1a: Magearna|def|2\n|\n|-heal|p2a: Fuck You|94\/100|[from] item: Leftovers\n|upkeep\n|turn|37\n|\n|t:|1698255073\n|switch|p1a: Urshifu|Urshifu, M|32\/100\n|move|p2a: Fuck You|Calm Mind|p2a: Fuck You\n|-boost|p2a: Fuck You|spa|1\n|-boost|p2a: Fuck You|spd|1\n|\n|-heal|p2a: Fuck You|99\/100|[from] item: Leftovers\n|upkeep\n|turn|38\n|\n|t:|1698255087\n|switch|p2a: Magearna|Magearna-Original|100\/100 par\n|-damage|p2a: Magearna|94\/100 par|[from] Stealth Rock\n|move|p1a: Urshifu|Wicked Blow|p2a: Magearna\n|-resisted|p2a: Magearna\n|-crit|p2a: Magearna\n|-damage|p2a: Magearna|56\/100 par\n|\n|-heal|p2a: Magearna|62\/100 par|[from] item: Leftovers\n|upkeep\n|turn|39\n|\n|t:|1698255094\n|move|p1a: Urshifu|Wicked Blow|p2a: Magearna\n|-resisted|p2a: Magearna\n|-crit|p2a: Magearna\n|-damage|p2a: Magearna|24\/100 par\n|move|p2a: Magearna|Spikes|p1a: Urshifu\n|-sidestart|p1: 1P1o1s1h1e1|Spikes\n|\n|-heal|p2a: Magearna|30\/100 par|[from] item: Leftovers\n|upkeep\n|turn|40\n|\n|t:|1698255098\n|move|p1a: Urshifu|Wicked Blow|p2a: Magearna\n|-resisted|p2a: Magearna\n|-crit|p2a: Magearna\n|-damage|p2a: Magearna|0 fnt\n|faint|p2a: Magearna\n|\n|upkeep\n|\n|t:|1698255104\n|switch|p2a: Hippowdon|Hippowdon, F|22\/100\n|-damage|p2a: Hippowdon|16\/100|[from] Stealth Rock\n|-weather|Sandstorm|[from] ability: Sand Stream|[of] p2a: Hippowdon\n|turn|41\n|\n|t:|1698255110\n|switch|p2a: Garganacl|Garganacl, M, tera:Fairy|100\/100\n|-damage|p2a: Garganacl|88\/100|[from] Stealth Rock\n|move|p1a: Urshifu|Wicked Blow|p2a: Garganacl\n|-resisted|p2a: Garganacl\n|-crit|p2a: Garganacl\n|-damage|p2a: Garganacl|57\/100\n|\n|-weather|Sandstorm|[upkeep]\n|-damage|p1a: Urshifu|26\/100|[from] Sandstorm\n|-damage|p2a: Garganacl|51\/100|[from] Sandstorm\n|-heal|p2a: Garganacl|57\/100|[from] item: Leftovers\n|upkeep\n|turn|42\n|\n|t:|1698255124\n|switch|p1a: Arceus|Arceus-Poison|56\/100\n|-damage|p1a: Arceus|44\/100|[from] Spikes\n|move|p2a: Garganacl|Recover|p2a: Garganacl\n|-heal|p2a: Garganacl|100\/100\n|\n|-weather|Sandstorm|[upkeep]\n|-damage|p1a: Arceus|38\/100|[from] Sandstorm\n|-damage|p2a: Garganacl|94\/100|[from] Sandstorm\n|-heal|p2a: Garganacl|100\/100|[from] item: Leftovers\n|upkeep\n|turn|43\n|\n|t:|1698255137\n|switch|p2a: Pack Smoker|Garchomp, F|100\/100\n|-damage|p2a: Pack Smoker|94\/100|[from] Stealth Rock\n|move|p1a: Arceus|Recover|p1a: Arceus\n|-heal|p1a: Arceus|88\/100\n|\n|-weather|Sandstorm|[upkeep]\n|-damage|p1a: Arceus|82\/100|[from] Sandstorm\n|-heal|p2a: Pack Smoker|100\/100|[from] item: Leftovers\n|upkeep\n|turn|44\n|\n|t:|1698255155\n|switch|p1a: Magearna|Magearna|100\/100\n|-damage|p1a: Magearna|88\/100|[from] Spikes\n|move|p2a: Pack Smoker|Dragon Tail|p1a: Magearna\n|-immune|p1a: Magearna\n|\n|-weather|Sandstorm|[upkeep]\n|-heal|p1a: Magearna|94\/100|[from] item: Leftovers\n|upkeep\n|turn|45\n|\n|t:|1698255188\n|switch|p2a: Garganacl|Garganacl, M, tera:Fairy|100\/100\n|-damage|p2a: Garganacl|88\/100|[from] Stealth Rock\n|switch|p1a: Alomomola|Alomomola, M|80\/100\n|\n|-weather|Sandstorm|[upkeep]\n|-damage|p1a: Alomomola|74\/100|[from] Sandstorm\n|-damage|p2a: Garganacl|82\/100|[from] Sandstorm\n|-heal|p2a: Garganacl|88\/100|[from] item: Leftovers\n|upkeep\n|turn|46\n|\n|t:|1698255193\n|move|p1a: Alomomola|Wish|p1a: Alomomola\n|move|p2a: Garganacl|Curse|p2a: Garganacl\n|-unboost|p2a: Garganacl|spe|1\n|-boost|p2a: Garganacl|atk|1\n|-boost|p2a: Garganacl|def|1\n|\n|-weather|Sandstorm|[upkeep]\n|-damage|p1a: Alomomola|68\/100|[from] Sandstorm\n|-damage|p2a: Garganacl|82\/100|[from] Sandstorm\n|-heal|p2a: Garganacl|88\/100|[from] item: Leftovers\n|upkeep\n|turn|47\n|\n|t:|1698255197\n|move|p1a: Alomomola|Flip Turn|p2a: Garganacl\n|-damage|p2a: Garganacl|82\/100\n|\n|t:|1698255209\n|switch|p1a: Arceus|Arceus-Poison|82\/100|[from] Flip Turn\n|-damage|p1a: Arceus|69\/100|[from] Spikes\n|move|p2a: Garganacl|Salt Cure|p1a: Arceus\n|-damage|p1a: Arceus|58\/100\n|-start|p1a: Arceus|Salt Cure\n|\n|-weather|Sandstorm|[upkeep]\n|-damage|p1a: Arceus|52\/100|[from] Sandstorm\n|-damage|p2a: Garganacl|76\/100|[from] Sandstorm\n|-heal|p1a: Arceus|100\/100|[from] move: Wish|[wisher] Alomomola\n|-heal|p2a: Garganacl|82\/100|[from] item: Leftovers\n|-damage|p1a: Arceus|88\/100|[from] Salt Cure\n|upkeep\n|turn|48\n|\n|t:|1698255224\n|move|p1a: Arceus|Taunt|p2a: Garganacl\n|-start|p2a: Garganacl|move: Taunt\n|cant|p2a: Garganacl|move: Taunt|Curse\n|\n|-weather|none\n|-heal|p2a: Garganacl|88\/100|[from] item: Leftovers\n|-damage|p1a: Arceus|76\/100|[from] Salt Cure\n|upkeep\n|turn|49\n|\n|t:|1698255227\n|move|p1a: Arceus|Gunk Shot|p2a: Garganacl\n|-supereffective|p2a: Garganacl\n|-damage|p2a: Garganacl|39\/100\n|move|p2a: Garganacl|Avalanche|p1a: Arceus\n|-damage|p1a: Arceus|53\/100\n|\n|-heal|p2a: Garganacl|45\/100|[from] item: Leftovers\n|-damage|p1a: Arceus|41\/100|[from] Salt Cure\n|upkeep\n|turn|50\n|\n|t:|1698255236\n|switch|p2a: That Dog|Gliscor, M|87\/100 tox\n|-damage|p2a: That Dog|75\/100 tox|[from] Stealth Rock\n|move|p1a: Arceus|Recover|p1a: Arceus\n|-heal|p1a: Arceus|91\/100\n|\n|-heal|p2a: That Dog|87\/100 tox|[from] ability: Poison Heal\n|-damage|p1a: Arceus|78\/100|[from] Salt Cure\n|upkeep\n|turn|51\n|c|\u2606Lord Femboy|i just realized\n|c|\u2606Lord Femboy|i also don't have any hazard removal\n|c|\u2606Lord Femboy|team fucking dies to spike stack\n|\n|t:|1698255262\n|move|p1a: Arceus|Taunt|p2a: That Dog\n|-start|p2a: That Dog|move: Taunt\n|cant|p2a: That Dog|move: Taunt|Toxic Spikes\n|\n|-heal|p2a: That Dog|99\/100 tox|[from] ability: Poison Heal\n|-damage|p1a: Arceus|66\/100|[from] Salt Cure\n|upkeep\n|turn|52\n|\n|t:|1698255268\n|switch|p1a: Alomomola|Alomomola, M|100\/100\n|move|p2a: That Dog|Earthquake|p1a: Alomomola\n|-damage|p1a: Alomomola|83\/100\n|\n|-heal|p2a: That Dog|100\/100 tox|[from] ability: Poison Heal\n|upkeep\n|turn|53\n|\n|t:|1698255271\n|move|p2a: That Dog|Knock Off|p1a: Alomomola\n|-damage|p1a: Alomomola|72\/100\n|-enditem|p1a: Alomomola|Heavy-Duty Boots|[from] move: Knock Off|[of] p2a: That Dog\n|move|p1a: Alomomola|Wish|p1a: Alomomola\n|\n|-end|p2a: That Dog|move: Taunt\n|upkeep\n|turn|54\n|\n|t:|1698255278\n|switch|p1a: Urshifu|Urshifu, M|26\/100\n|-damage|p1a: Urshifu|13\/100|[from] Spikes\n|move|p2a: That Dog|Toxic Spikes|p1a: Urshifu\n|-sidestart|p1: 1P1o1s1h1e1|move: Toxic Spikes\n|\n|-heal|p1a: Urshifu|92\/100|[from] move: Wish|[wisher] Alomomola\n|upkeep\n|turn|55\n|c|\u2606Lord Femboy|ah shit\n|c|\u26061P1o1s1h1e1|At last\n|c|\u2606Lord Femboy|idk if i win from here\n|c|\u2606Lord Femboy|is that banded?\n|c|\u2606Lord Femboy|shit does way too much fucking damage\n|c|\u26061P1o1s1h1e1|The sand team is def strong but I definitely goat piloted this shit so far\n|c|\u2606Lord Femboy|yeah\n|c|\u26061P1o1s1h1e1|It is banded yeah\n|c|\u2606Lord Femboy|im an ass player lol\n|\n|t:|1698255361\n|switch|p2a: Pack Smoker|Garchomp, F|100\/100\n|-damage|p2a: Pack Smoker|94\/100|[from] Stealth Rock\n|move|p1a: Urshifu|Wicked Blow|p2a: Pack Smoker\n|-crit|p2a: Pack Smoker\n|-damage|p2a: Pack Smoker|42\/100\n|\n|-heal|p2a: Pack Smoker|48\/100|[from] item: Leftovers\n|upkeep\n|turn|56\n|\n|t:|1698255373\n|move|p1a: Urshifu|Wicked Blow|p2a: Pack Smoker\n|-crit|p2a: Pack Smoker\n|-damage|p2a: Pack Smoker|0 fnt\n|faint|p2a: Pack Smoker\n|\n|upkeep\n|\n|t:|1698255375\n|switch|p2a: Hippowdon|Hippowdon, F|16\/100\n|-damage|p2a: Hippowdon|10\/100|[from] Stealth Rock\n|-weather|Sandstorm|[from] ability: Sand Stream|[of] p2a: Hippowdon\n|turn|57\n|\n|t:|1698255379\n|move|p1a: Urshifu|Wicked Blow|p2a: Hippowdon\n|-crit|p2a: Hippowdon\n|-damage|p2a: Hippowdon|0 fnt\n|faint|p2a: Hippowdon\n|\n|-weather|Sandstorm|[upkeep]\n|-damage|p1a: Urshifu|86\/100|[from] Sandstorm\n|upkeep\n|\n|t:|1698255381\n|switch|p2a: Garganacl|Garganacl, M, tera:Fairy|45\/100\n|-damage|p2a: Garganacl|33\/100|[from] Stealth Rock\n|turn|58\n|c|\u26061P1o1s1h1e1|Wait lmao\n|c|\u26061P1o1s1h1e1|Out of PP\n|c|\u2606Lord Femboy|what\n|c|\u26061P1o1s1h1e1|hahahaha\n|c|\u2606Lord Femboy|:skull:\n|\n|t:|1698255403\n|switch|p1a: Arceus|Arceus-Poison|66\/100\n|-damage|p1a: Arceus|53\/100|[from] Spikes\n|-sideend|p1: 1P1o1s1h1e1|move: Toxic Spikes|[of] p1a: Arceus\n|move|p2a: Garganacl|Recover|p2a: Garganacl\n|-heal|p2a: Garganacl|83\/100\n|\n|-weather|Sandstorm|[upkeep]\n|-damage|p1a: Arceus|47\/100|[from] Sandstorm\n|-damage|p2a: Garganacl|77\/100|[from] Sandstorm\n|-heal|p2a: Garganacl|83\/100|[from] item: Leftovers\n|upkeep\n|turn|59\n|c|\u2606Lord Femboy|i still don't win anyway i dont' think\n|\n|t:|1698255415\n|switch|p2a: That Dog|Gliscor, M|100\/100 tox\n|-damage|p2a: That Dog|88\/100 tox|[from] Stealth Rock\n|move|p1a: Arceus|Gunk Shot|p2a: That Dog\n|-resisted|p2a: That Dog\n|-damage|p2a: That Dog|69\/100 tox\n|\n|-weather|Sandstorm|[upkeep]\n|-damage|p1a: Arceus|41\/100|[from] Sandstorm\n|-heal|p2a: That Dog|82\/100 tox|[from] ability: Poison Heal\n|upkeep\n|turn|60\n|\n|t:|1698255428\n|move|p1a: Arceus|Recover|p1a: Arceus\n|-heal|p1a: Arceus|91\/100\n|move|p2a: That Dog|Toxic Spikes|p1a: Arceus\n|-sidestart|p1: 1P1o1s1h1e1|move: Toxic Spikes\n|\n|-weather|Sandstorm|[upkeep]\n|-damage|p1a: Arceus|85\/100|[from] Sandstorm\n|-heal|p2a: That Dog|94\/100 tox|[from] ability: Poison Heal\n|upkeep\n|turn|61\n|c|\u2606Lord Femboy|out of recover\n|c|\u26061P1o1s1h1e1|It's going to be close\n|c|\u26061P1o1s1h1e1|Yeah\n|\n|t:|1698255470\n|switch|p1a: Magearna|Magearna|94\/100\n|-damage|p1a: Magearna|82\/100|[from] Spikes\n|move|p2a: That Dog|Toxic Spikes|p1a: Magearna\n|-sidestart|p1: 1P1o1s1h1e1|move: Toxic Spikes\n|\n|-weather|Sandstorm|[upkeep]\n|-heal|p1a: Magearna|88\/100|[from] item: Leftovers\n|-heal|p2a: That Dog|100\/100 tox|[from] ability: Poison Heal\n|upkeep\n|turn|62\n|\n|t:|1698255478\n|switch|p2a: Fuck You|Blissey, F, shiny|99\/100\n|-damage|p2a: Fuck You|88\/100|[from] Stealth Rock\n|move|p1a: Magearna|Iron Defense|p1a: Magearna\n|-boost|p1a: Magearna|def|2\n|\n|-weather|Sandstorm|[upkeep]\n|-damage|p2a: Fuck You|82\/100|[from] Sandstorm\n|-heal|p1a: Magearna|94\/100|[from] item: Leftovers\n|-heal|p2a: Fuck You|88\/100|[from] item: Leftovers\n|upkeep\n|turn|63\n|\n|t:|1698255483\n|switch|p1a: Arceus|Arceus-Poison|85\/100\n|-damage|p1a: Arceus|73\/100|[from] Spikes\n|-sideend|p1: 1P1o1s1h1e1|move: Toxic Spikes|[of] p1a: Arceus\n|move|p2a: Fuck You|Calm Mind|p2a: Fuck You\n|-boost|p2a: Fuck You|spa|1\n|-boost|p2a: Fuck You|spd|1\n|\n|-weather|Sandstorm|[upkeep]\n|-damage|p1a: Arceus|67\/100|[from] Sandstorm\n|-damage|p2a: Fuck You|82\/100|[from] Sandstorm\n|-heal|p2a: Fuck You|88\/100|[from] item: Leftovers\n|upkeep\n|turn|64\n|\n|t:|1698255489\n|switch|p2a: That Dog|Gliscor, M|100\/100 tox\n|-damage|p2a: That Dog|88\/100 tox|[from] Stealth Rock\n|move|p1a: Arceus|Taunt|p2a: That Dog\n|-start|p2a: That Dog|move: Taunt\n|\n|-weather|none\n|-heal|p2a: That Dog|100\/100 tox|[from] ability: Poison Heal\n|upkeep\n|turn|65\n|\n|t:|1698255496\n|switch|p1a: Alomomola|Alomomola, M|100\/100\n|-damage|p1a: Alomomola|88\/100|[from] Spikes\n|move|p2a: That Dog|Earthquake|p1a: Alomomola\n|-damage|p1a: Alomomola|72\/100\n|\n|upkeep\n|turn|66\n|\n|t:|1698255522\n|switch|p2a: Garganacl|Garganacl, M, tera:Fairy|83\/100\n|-damage|p2a: Garganacl|71\/100|[from] Stealth Rock\n|move|p1a: Alomomola|Wish|p1a: Alomomola\n|\n|-heal|p2a: Garganacl|77\/100|[from] item: Leftovers\n|upkeep\n|turn|67\n|\n|t:|1698255535\n|move|p1a: Alomomola|Flip Turn|p2a: Garganacl\n|-damage|p2a: Garganacl|67\/100\n|\n|t:|1698255538\n|switch|p1a: Arceus|Arceus-Poison|67\/100|[from] Flip Turn\n|-damage|p1a: Arceus|54\/100|[from] Spikes\n|move|p2a: Garganacl|Salt Cure|p1a: Arceus\n|-damage|p1a: Arceus|47\/100\n|-start|p1a: Arceus|Salt Cure\n|\n|-heal|p1a: Arceus|100\/100|[from] move: Wish|[wisher] Alomomola\n|-heal|p2a: Garganacl|73\/100|[from] item: Leftovers\n|-damage|p1a: Arceus|88\/100|[from] Salt Cure\n|upkeep\n|turn|68\n|c|\u2606Lord Femboy|oh wait yeah wish exists\n|\n|t:|1698255559\n|switch|p2a: That Dog|Gliscor, M|100\/100 tox\n|-damage|p2a: That Dog|88\/100 tox|[from] Stealth Rock\n|move|p1a: Arceus|Taunt|p2a: That Dog\n|-start|p2a: That Dog|move: Taunt\n|\n|-heal|p2a: That Dog|100\/100 tox|[from] ability: Poison Heal\n|-damage|p1a: Arceus|76\/100|[from] Salt Cure\n|upkeep\n|turn|69\n|c|\u26061P1o1s1h1e1|Eternal arc poison\n|c|\u2606Lord Femboy|yup\n|\n|t:|1698255572\n|switch|p1a: Spectrier|Spectrier|94\/100\n|-damage|p1a: Spectrier|82\/100|[from] Spikes\n|switch|p2a: Garganacl|Garganacl, M, tera:Fairy|73\/100\n|-damage|p2a: Garganacl|61\/100|[from] Stealth Rock\n|\n|-heal|p2a: Garganacl|67\/100|[from] item: Leftovers\n|upkeep\n|turn|70\n|\n|t:|1698255579\n|move|p1a: Spectrier|Taunt|p2a: Garganacl\n|-start|p2a: Garganacl|move: Taunt\n|move|p2a: Garganacl|Salt Cure|p1a: Spectrier\n|-damage|p1a: Spectrier|61\/100\n|-start|p1a: Spectrier|Salt Cure\n|\n|-heal|p2a: Garganacl|73\/100|[from] item: Leftovers\n|-damage|p1a: Spectrier|49\/100|[from] Salt Cure\n|upkeep\n|turn|71\n|\n|t:|1698255583\n|switch|p2a: Fuck You|Blissey, F, shiny|88\/100\n|-damage|p2a: Fuck You|75\/100|[from] Stealth Rock\n|move|p1a: Spectrier|Nasty Plot|p1a: Spectrier\n|-boost|p1a: Spectrier|spa|2\n|\n|-heal|p2a: Fuck You|82\/100|[from] item: Leftovers\n|-damage|p1a: Spectrier|37\/100|[from] Salt Cure\n|upkeep\n|turn|72\n|\n|t:|1698255588\n|move|p1a: Spectrier|Draining Kiss|p2a: Fuck You\n|-damage|p2a: Fuck You|68\/100\n|-heal|p1a: Spectrier|58\/100|[from] drain|[of] p2a: Fuck You\n|move|p2a: Fuck You|Shadow Ball|p1a: Spectrier\n|-supereffective|p1a: Spectrier\n|-damage|p1a: Spectrier|24\/100\n|\n|-heal|p2a: Fuck You|74\/100|[from] item: Leftovers\n|-damage|p1a: Spectrier|12\/100|[from] Salt Cure\n|upkeep\n|turn|73\n|\n|t:|1698255598\n|move|p1a: Spectrier|Draining Kiss|p2a: Fuck You\n|-damage|p2a: Fuck You|60\/100\n|-heal|p1a: Spectrier|34\/100|[from] drain|[of] p2a: Fuck You\n|move|p2a: Fuck You|Shadow Ball|p1a: Spectrier\n|-supereffective|p1a: Spectrier\n|-damage|p1a: Spectrier|0 fnt\n|faint|p1a: Spectrier\n|\n|-heal|p2a: Fuck You|66\/100|[from] item: Leftovers\n|upkeep\n|\n|t:|1698255607\n|switch|p1a: Urshifu|Urshifu, M|86\/100\n|-damage|p1a: Urshifu|73\/100|[from] Spikes\n|turn|74\n|c|\u2606Lord Femboy|also i have like 10 minutes\n|c|\u26061P1o1s1h1e1|lol\n|c|\u26061P1o1s1h1e1|Let's try to finish quick\n|c|\u26061P1o1s1h1e1|You might just win with garg\n|\n|t:|1698255759\n|switch|p2a: Garganacl|Garganacl, M, tera:Fairy|73\/100\n|-damage|p2a: Garganacl|61\/100|[from] Stealth Rock\n|-terastallize|p1a: Urshifu|Fighting\n|move|p1a: Urshifu|Close Combat|p2a: Garganacl\n|-resisted|p2a: Garganacl\n|-damage|p2a: Garganacl|22\/100\n|-unboost|p1a: Urshifu|def|1\n|-unboost|p1a: Urshifu|spd|1\n|\n|-heal|p2a: Garganacl|28\/100|[from] item: Leftovers\n|upkeep\n|turn|75\n|c|\u2606Lord Femboy|shiiiiit\n|c|\u2606Lord Femboy|gg\n|\n|t:|1698255782\n|move|p1a: Urshifu|Close Combat|p2a: Garganacl\n|-resisted|p2a: Garganacl\n|-damage|p2a: Garganacl|0 fnt\n|-unboost|p1a: Urshifu|def|1\n|-unboost|p1a: Urshifu|spd|1\n|faint|p2a: Garganacl\n|\n|upkeep\n|c|\u26061P1o1s1h1e1|gg\n|\n|t:|1698255785\n|switch|p2a: That Dog|Gliscor, M|100\/100 tox\n|-damage|p2a: That Dog|88\/100 tox|[from] Stealth Rock\n|turn|76\n|c|\u2606Lord Femboy|fuck that feels bad but it was still fun\n|\n|t:|1698255807\n|switch|p1a: Alomomola|Alomomola, M|100\/100\n|-damage|p1a: Alomomola|88\/100|[from] Spikes\n|move|p2a: That Dog|Knock Off|p1a: Alomomola\n|-damage|p1a: Alomomola|81\/100\n|\n|-heal|p2a: That Dog|100\/100 tox|[from] ability: Poison Heal\n|upkeep\n|turn|77\n|l|\u2606Lord Femboy\n|player|p2|\n|c|\u26061P1o1s1h1e1|Alo was the real goat this game\n|inactive|Battle timer is ON: inactive players will automatically lose when time's up. (requested by 1P1o1s1h1e1)\n|inactive|Lord Femboy has 270 seconds to reconnect!\n|inactive|Lord Femboy has 240 seconds to reconnect!\n|inactive|Lord Femboy has 210 seconds to reconnect!\n|j|\u2606Lord Femboy\n|inactive|Lord Femboy reconnected and has 300 seconds left.\n|player|p2|Lord Femboy|acetrainer\n|\n|t:|1698255940\n|move|p2a: That Dog|Toxic Spikes|p1a: Alomomola\n|-sidestart|p1: 1P1o1s1h1e1|move: Toxic Spikes\n|move|p1a: Alomomola|Wish|p1a: Alomomola\n|\n|upkeep\n|turn|78\n|c|\u2606Lord Femboy|sorry\n|inactive|1P1o1s1h1e1 has 270 seconds left.\n|\n|t:|1698255975\n|move|p2a: That Dog|Knock Off|p1a: Alomomola\n|-damage|p1a: Alomomola|74\/100\n|move|p1a: Alomomola|Flip Turn|p2a: That Dog\n|-supereffective|p2a: That Dog\n|-damage|p2a: That Dog|83\/100 tox\n|c|\u2606Lord Femboy|yeah\n|\n|t:|1698255986\n|switch|p1a: Magearna|Magearna|94\/100|[from] Flip Turn\n|-damage|p1a: Magearna|82\/100|[from] Spikes\n|\n|-heal|p1a: Magearna|100\/100|[from] move: Wish|[wisher] Alomomola\n|-heal|p2a: That Dog|95\/100 tox|[from] ability: Poison Heal\n|upkeep\n|turn|79\n|\n|t:|1698255995\n|switch|p2a: Fuck You|Blissey, F, shiny|66\/100\n|-damage|p2a: Fuck You|54\/100|[from] Stealth Rock\n|move|p1a: Magearna|Iron Defense|p1a: Magearna\n|-boost|p1a: Magearna|def|2\n|\n|-heal|p2a: Fuck You|60\/100|[from] item: Leftovers\n|upkeep\n|turn|80\n|\n|t:|1698255999\n|move|p1a: Magearna|Calm Mind|p1a: Magearna\n|-boost|p1a: Magearna|spa|1\n|-boost|p1a: Magearna|spd|1\n|move|p2a: Fuck You|Calm Mind|p2a: Fuck You\n|-boost|p2a: Fuck You|spa|1\n|-boost|p2a: Fuck You|spd|1\n|\n|-heal|p2a: Fuck You|66\/100|[from] item: Leftovers\n|upkeep\n|turn|81\n|\n|t:|1698256002\n|move|p1a: Magearna|Calm Mind|p1a: Magearna\n|-boost|p1a: Magearna|spa|1\n|-boost|p1a: Magearna|spd|1\n|move|p2a: Fuck You|Soft-Boiled|p2a: Fuck You\n|-heal|p2a: Fuck You|100\/100\n|\n|upkeep\n|turn|82\n|\n|t:|1698256006\n|move|p1a: Magearna|Calm Mind|p1a: Magearna\n|-boost|p1a: Magearna|spa|1\n|-boost|p1a: Magearna|spd|1\n|move|p2a: Fuck You|Calm Mind|p2a: Fuck You\n|-boost|p2a: Fuck You|spa|1\n|-boost|p2a: Fuck You|spd|1\n|\n|upkeep\n|turn|83\n|\n|t:|1698256011\n|move|p1a: Magearna|Calm Mind|p1a: Magearna\n|-boost|p1a: Magearna|spa|1\n|-boost|p1a: Magearna|spd|1\n|move|p2a: Fuck You|Seismic Toss|p1a: Magearna\n|-damage|p1a: Magearna|73\/100\n|\n|-heal|p1a: Magearna|79\/100|[from] item: Leftovers\n|upkeep\n|turn|84\n|\n|t:|1698256016\n|move|p1a: Magearna|Calm Mind|p1a: Magearna\n|-boost|p1a: Magearna|spa|1\n|-boost|p1a: Magearna|spd|1\n|move|p2a: Fuck You|Calm Mind|p2a: Fuck You\n|-boost|p2a: Fuck You|spa|1\n|-boost|p2a: Fuck You|spd|1\n|\n|-heal|p1a: Magearna|85\/100|[from] item: Leftovers\n|upkeep\n|turn|85\n|\n|t:|1698256018\n|move|p1a: Magearna|Stored Power|p2a: Fuck You\n|-damage|p2a: Fuck You|63\/100\n|move|p2a: Fuck You|Seismic Toss|p1a: Magearna\n|-damage|p1a: Magearna|58\/100\n|\n|-heal|p1a: Magearna|64\/100|[from] item: Leftovers\n|-heal|p2a: Fuck You|69\/100|[from] item: Leftovers\n|upkeep\n|turn|86\n|\n|t:|1698256022\n|move|p1a: Magearna|Calm Mind|p1a: Magearna\n|-boost|p1a: Magearna|spa|1\n|-boost|p1a: Magearna|spd|1\n|move|p2a: Fuck You|Calm Mind|p2a: Fuck You\n|-boost|p2a: Fuck You|spa|1\n|-boost|p2a: Fuck You|spd|1\n|\n|-heal|p1a: Magearna|70\/100|[from] item: Leftovers\n|-heal|p2a: Fuck You|75\/100|[from] item: Leftovers\n|upkeep\n|turn|87\n|\n|t:|1698256030\n|move|p1a: Magearna|Stored Power|p2a: Fuck You\n|-damage|p2a: Fuck You|35\/100\n|move|p2a: Fuck You|Seismic Toss|p1a: Magearna\n|-damage|p1a: Magearna|42\/100\n|\n|-heal|p1a: Magearna|48\/100|[from] item: Leftovers\n|-heal|p2a: Fuck You|41\/100|[from] item: Leftovers\n|upkeep\n|turn|88\n|c|\u2606Lord Femboy|gg\n|\n|t:|1698256036\n|move|p1a: Magearna|Stored Power|p2a: Fuck You\n|-damage|p2a: Fuck You|0 fnt\n|faint|p2a: Fuck You\n|\n|-heal|p1a: Magearna|54\/100|[from] item: Leftovers\n|upkeep\n|\n|t:|1698256038\n|switch|p2a: That Dog|Gliscor, M|95\/100 tox\n|-damage|p2a: That Dog|83\/100 tox|[from] Stealth Rock\n|turn|89\n|c|\u26061P1o1s1h1e1|gg\n|c|\u2606Lord Femboy|fuck me\n|\n|t:|1698256044\n|move|p2a: That Dog|Earthquake|p1a: Magearna\n|-supereffective|p1a: Magearna\n|-damage|p1a: Magearna|26\/100\n|move|p1a: Magearna|Stored Power|p2a: That Dog\n|-damage|p2a: That Dog|0 fnt\n|faint|p2a: That Dog\n|\n|win|1P1o1s1h1e1\n","uploadtime":1698256055,"views":14,"p1id":"1p1o1s1h1e1","p2id":"lordfemboy","formatid":"gen9ubers","rating":0,"private":0,"password":""}