{"id":"gen9ubers-1977586987","p1":"TheFlamingRepeater","p2":"TheGudMan","format":"[Gen 9] Ubers","log":"|j|\u2606TheFlamingRepeater\n|j|\u2606TheGudMan\n|t:|1698429613\n|gametype|singles\n|player|p1|TheFlamingRepeater|hugh|1159\n|player|p2|TheGudMan|hiker-gen4|1019\n|teamsize|p1|6\n|teamsize|p2|6\n|gen|9\n|tier|[Gen 9] Ubers\n|rated|\n|rule|Sleep Clause Mod: Limit one foe put to sleep\n|rule|Species Clause: Limit one of each Pok\u00e9mon\n|rule|OHKO Clause: OHKO moves are banned\n|rule|Evasion Items Clause: Evasion items are banned\n|rule|Evasion Moves Clause: Evasion moves are banned\n|rule|Endless Battle Clause: Forcing endless battles is banned\n|rule|HP Percentage Mod: HP is shown in percentages\n|clearpoke\n|poke|p1|Zamazenta-*|\n|poke|p1|Zacian-*|\n|poke|p1|Koraidon|\n|poke|p1|Miraidon|\n|poke|p1|Arceus-Fairy|\n|poke|p1|Flutter Mane|\n|poke|p2|Dusclops, M|\n|poke|p2|Sneasler, M|\n|poke|p2|Hatterene, F|\n|poke|p2|Maushold-Four|\n|poke|p2|Qwilfish, M|\n|poke|p2|Gyarados, F|\n|teampreview\n|inactive|Battle timer is ON: inactive players will automatically lose when time's up. (requested by TheFlamingRepeater)\n|inactive|TheGudMan also wants the timer to be on.\n|c|\u2606TheFlamingRepeater|gl hf\n|c|\u2606TheFlamingRepeater|what is it with all the OU teams in Ubers??????????\n|c|\u2606TheGudMan|Dont judge -_-\n|c|\u2606TheGudMan|I used my favorite pokemon\n|inactive|TheFlamingRepeater has 120 seconds left.\n|c|\u2606TheFlamingRepeater|better than Crabominable, Snowscape Beartic, and White Smoke Torkoal\n|c|\u2606TheFlamingRepeater|ok fair\n|\n|t:|1698429661\n|start\n|switch|p1a: Zacian|Zacian-Crowned|100\/100\n|switch|p2a: Qwilfish|Qwilfish, M|100\/100\n|-ability|p1a: Zacian|Intrepid Sword|boost\n|-boost|p1a: Zacian|atk|1\n|-ability|p2a: Qwilfish|Intimidate|boost\n|-unboost|p1a: Zacian|atk|1\n|turn|1\n|\n|t:|1698429673\n|move|p1a: Zacian|Swords Dance|p1a: Zacian\n|-boost|p1a: Zacian|atk|2\n|move|p2a: Qwilfish|Taunt|p1a: Zacian\n|-start|p1a: Zacian|move: Taunt\n|\n|upkeep\n|turn|2\n|\n|t:|1698429679\n|move|p1a: Zacian|Behemoth Blade|p2a: Qwilfish\n|-resisted|p2a: Qwilfish\n|-damage|p2a: Qwilfish|19\/100\n|move|p2a: Qwilfish|Toxic|p1a: Zacian\n|-immune|p1a: Zacian\n|\n|upkeep\n|turn|3\n|c|\u2606TheGudMan|WHOOPSI\n|\n|t:|1698429705\n|move|p1a: Zacian|Play Rough|p2a: Qwilfish\n|-resisted|p2a: Qwilfish\n|-damage|p2a: Qwilfish|0 fnt\n|faint|p2a: Qwilfish\n|\n|upkeep\n|c|\u2606TheGudMan|Rip fishy\n|\n|t:|1698429715\n|switch|p2a: Sneasler|Sneasler, M|100\/100\n|turn|4\n|c|\u2606TheFlamingRepeater|common Zacian-C W\n|c|\u2606TheFlamingRepeater|beating children is a true British pasttime\n|c|\u2606TheFlamingRepeater|or something\n|c|\u2606TheGudMan|Lol\n|\n|t:|1698429733\n|-terastallize|p2a: Sneasler|Fighting\n|move|p1a: Zacian|Behemoth Blade|p2a: Sneasler\n|-damage|p2a: Sneasler|0 fnt\n|faint|p2a: Sneasler\n|\n|-end|p1a: Zacian|move: Taunt\n|upkeep\n|c|\u2606TheGudMan|DAMMIT\n|\n|t:|1698429746\n|switch|p2a: Maushold|Maushold-Four|100\/100\n|turn|5\n|\n|t:|1698429755\n|move|p1a: Zacian|Tera Blast|p2a: Maushold\n|-damage|p2a: Maushold|78\/100\n|move|p2a: Maushold|Population Bomb|p1a: Zacian\n|-resisted|p1a: Zacian\n|-damage|p1a: Zacian|98\/100\n|-resisted|p1a: Zacian\n|-damage|p1a: Zacian|95\/100\n|-resisted|p1a: Zacian\n|-damage|p1a: Zacian|92\/100\n|-hitcount|p1a: Zacian|3\n|\n|upkeep\n|turn|6\n|\n|t:|1698429769\n|move|p1a: Zacian|Tera Blast|p2a: Maushold\n|-damage|p2a: Maushold|57\/100\n|move|p2a: Maushold|Substitute|p2a: Maushold\n|-start|p2a: Maushold|Substitute\n|-damage|p2a: Maushold|32\/100\n|\n|upkeep\n|turn|7\n|\n|t:|1698429775\n|move|p1a: Zacian|Behemoth Blade|p2a: Maushold\n|-end|p2a: Maushold|Substitute\n|move|p2a: Maushold|Thunder Wave|p1a: Zacian\n|-status|p1a: Zacian|par\n|\n|upkeep\n|turn|8\n|\n|t:|1698429784\n|move|p2a: Maushold|Population Bomb|p1a: Zacian\n|-resisted|p1a: Zacian\n|-damage|p1a: Zacian|90\/100 par\n|-resisted|p1a: Zacian\n|-damage|p1a: Zacian|88\/100 par\n|-resisted|p1a: Zacian\n|-damage|p1a: Zacian|85\/100 par\n|-resisted|p1a: Zacian\n|-damage|p1a: Zacian|82\/100 par\n|-resisted|p1a: Zacian\n|-damage|p1a: Zacian|80\/100 par\n|-resisted|p1a: Zacian\n|-damage|p1a: Zacian|77\/100 par\n|-resisted|p1a: Zacian\n|-damage|p1a: Zacian|74\/100 par\n|-resisted|p1a: Zacian\n|-damage|p1a: Zacian|71\/100 par\n|-resisted|p1a: Zacian\n|-damage|p1a: Zacian|68\/100 par\n|-resisted|p1a: Zacian\n|-crit|p1a: Zacian\n|-damage|p1a: Zacian|65\/100 par\n|-hitcount|p1a: Zacian|10\n|move|p1a: Zacian|Behemoth Blade|p2a: Maushold\n|-damage|p2a: Maushold|0 fnt\n|faint|p2a: Maushold\n|\n|upkeep\n|\n|t:|1698429791\n|switch|p2a: Dusclops|Dusclops, M|100\/100\n|-item|p1a: Zacian|Rusted Sword|[from] ability: Frisk|[of] p2a: Dusclops|[identify]\n|turn|9\n|\n|t:|1698429809\n|cant|p1a: Zacian|par\n|move|p2a: Dusclops|Disable|p1a: Zacian\n|-start|p1a: Zacian|Disable|Behemoth Blade\n|\n|upkeep\n|turn|10\n|\n|t:|1698429823\n|cant|p1a: Zacian|par\n|move|p2a: Dusclops|Blizzard|p1a: Zacian|[miss]\n|-miss|p2a: Dusclops|p1a: Zacian\n|\n|upkeep\n|turn|11\n|\n|t:|1698429828\n|move|p1a: Zacian|Play Rough|p2a: Dusclops\n|-damage|p2a: Dusclops|15\/100\n|move|p2a: Dusclops|Blizzard|p1a: Zacian|[miss]\n|-miss|p2a: Dusclops|p1a: Zacian\n|\n|upkeep\n|turn|12\n|\n|t:|1698429839\n|move|p1a: Zacian|Play Rough|p2a: Dusclops\n|-damage|p2a: Dusclops|0 fnt\n|faint|p2a: Dusclops\n|\n|upkeep\n|\n|t:|1698429843\n|switch|p2a: Gyarados|Gyarados, F|100\/100\n|turn|13\n|\n|t:|1698429861\n|move|p1a: Zacian|Play Rough|p2a: Gyarados\n|-damage|p2a: Gyarados|0 fnt\n|faint|p2a: Gyarados\n|\n|-end|p1a: Zacian|Disable\n|upkeep\n|\n|t:|1698429870\n|switch|p2a: Hatterene|Hatterene, F|100\/100\n|turn|14\n|c|\u2606TheGudMan|Gg\n|c|\u2606TheFlamingRepeater|gg\n|\n|t:|1698429884\n|move|p1a: Zacian|Behemoth Blade|p2a: Hatterene\n|-supereffective|p2a: Hatterene\n|-damage|p2a: Hatterene|0 fnt\n|faint|p2a: Hatterene\n|\n|win|TheFlamingRepeater\n|raw|TheFlamingRepeater's rating: 1159 &rarr; <strong>1174<\/strong><br \/>(+15 for winning)\n|raw|TheGudMan's rating: 1005 &rarr; <strong>1000<\/strong><br \/>(-5 for losing)\n|c|\u2606TheGudMan|I didn't kill one ;_;\n","uploadtime":1698429895,"views":8,"p1id":"theflamingrepeater","p2id":"thegudman","formatid":"gen9ubers","rating":1000,"private":0,"password":""}