{"id":"gen9ubers-1998340927","p1":"howthef","p2":"Anne Frankkkk","format":"[Gen 9] Ubers","log":"|j|\u2606howthef\n|j|\u2606Anne Frankkkk\n|t:|1700931430\n|gametype|singles\n|player|p1|howthef|265|1102\n|player|p2|Anne Frankkkk|hilbert|1186\n|teamsize|p1|6\n|teamsize|p2|6\n|gen|9\n|tier|[Gen 9] Ubers\n|rated|\n|rule|Sleep Clause Mod: Limit one foe put to sleep\n|rule|Species Clause: Limit one of each Pok\u00e9mon\n|rule|OHKO Clause: OHKO moves are banned\n|rule|Evasion Items Clause: Evasion items are banned\n|rule|Evasion Moves Clause: Evasion moves are banned\n|rule|Endless Battle Clause: Forcing endless battles is banned\n|rule|HP Percentage Mod: HP is shown in percentages\n|clearpoke\n|poke|p1|Lurantis, M|\n|poke|p1|Great Tusk|\n|poke|p1|Volcarona, M|\n|poke|p1|Koraidon|\n|poke|p1|Spectrier|\n|poke|p1|Cyclizar, M|\n|poke|p2|Regieleki|\n|poke|p2|Kyogre|\n|poke|p2|Chien-Pao|\n|poke|p2|Ribombee, M|\n|poke|p2|Miraidon|\n|poke|p2|Flutter Mane|\n|teampreview\n|\n|t:|1700931435\n|start\n|switch|p1a: Cyclizar|Cyclizar, M|100\/100\n|switch|p2a: Moonblast|Ribombee, M, shiny|100\/100\n|turn|1\n|\n|t:|1700931441\n|move|p2a: Moonblast|Moonblast|p1a: Cyclizar\n|-supereffective|p1a: Cyclizar\n|-enditem|p1a: Cyclizar|Focus Sash\n|-damage|p1a: Cyclizar|1\/100\n|move|p1a: Cyclizar|Shed Tail|p1a: Cyclizar\n|-fail|p1a: Cyclizar|move: Shed Tail|[weak]\n|\n|upkeep\n|turn|2\n|inactive|Battle timer is ON: inactive players will automatically lose when time's up. (requested by Anne Frankkkk)\n|\n|t:|1700931446\n|move|p2a: Moonblast|Sticky Web|p1a: Cyclizar\n|-sidestart|p1: howthef|move: Sticky Web\n|move|p1a: Cyclizar|Taunt|p2a: Moonblast\n|-start|p2a: Moonblast|move: Taunt\n|\n|upkeep\n|turn|3\n|\n|t:|1700931449\n|move|p2a: Moonblast|Moonblast|p1a: Cyclizar\n|-supereffective|p1a: Cyclizar\n|-damage|p1a: Cyclizar|0 fnt\n|faint|p1a: Cyclizar\n|\n|upkeep\n|\n|t:|1700931451\n|switch|p1a: Koraidon|Koraidon|100\/100\n|-activate|p1a: Koraidon|move: Sticky Web\n|-unboost|p1a: Koraidon|spe|1\n|-weather|SunnyDay|[from] ability: Orichalcum Pulse|[of] p1a: Koraidon\n|-activate|p1a: Koraidon|Orichalcum Pulse|[source]\n|turn|4\n|\n|t:|1700931455\n|move|p2a: Moonblast|Moonblast|p1a: Koraidon\n|-supereffective|p1a: Koraidon\n|-damage|p1a: Koraidon|0 fnt\n|faint|p1a: Koraidon\n|\n|-weather|SunnyDay|[upkeep]\n|upkeep\n|\n|t:|1700931458\n|switch|p1a: Lurantis|Lurantis, M|100\/100\n|-activate|p1a: Lurantis|move: Sticky Web\n|-boost|p1a: Lurantis|spe|1\n|turn|5\n|\n|t:|1700931464\n|move|p2a: Moonblast|Bug Buzz|p1a: Lurantis\n|-supereffective|p1a: Lurantis\n|-damage|p1a: Lurantis|46\/100\n|move|p1a: Lurantis|Superpower|p2a: Moonblast\n|-resisted|p2a: Moonblast\n|-damage|p2a: Moonblast|81\/100\n|-boost|p1a: Lurantis|atk|1\n|-boost|p1a: Lurantis|def|1\n|\n|-weather|SunnyDay|[upkeep]\n|-end|p2a: Moonblast|move: Taunt\n|upkeep\n|turn|6\n|\n|t:|1700931471\n|move|p2a: Moonblast|Bug Buzz|p1a: Lurantis\n|-supereffective|p1a: Lurantis\n|-damage|p1a: Lurantis|0 fnt\n|faint|p1a: Lurantis\n|\n|-weather|SunnyDay|[upkeep]\n|upkeep\n|\n|t:|1700931474\n|switch|p1a: Volcarona|Volcarona, M|100\/100\n|turn|7\n|\n|t:|1700931479\n|move|p2a: Moonblast|Stun Spore|p1a: Volcarona\n|-status|p1a: Volcarona|par\n|move|p1a: Volcarona|Flamethrower|p2a: Moonblast\n|-supereffective|p2a: Moonblast\n|-damage|p2a: Moonblast|0 fnt\n|faint|p2a: Moonblast\n|\n|-weather|SunnyDay|[upkeep]\n|upkeep\n|-message|howthef forfeited.\n|\n|win|Anne Frankkkk\n|raw|howthef's rating: 1102 &rarr; <strong>1083<\/strong><br \/>(-19 for losing)\n|raw|Anne Frankkkk's rating: 1186 &rarr; <strong>1205<\/strong><br \/>(+19 for winning)\n|l|\u2606howthef\n","uploadtime":1700931486,"views":0,"p1id":"howthef","p2id":"annefrankkkk","formatid":"gen9ubers","rating":1083,"private":0,"password":""}