{"id":"gen9ubers-1997389723","p1":"david nutter","p2":"Holiss77","format":"[Gen 9] Ubers","log":"|j|\u2606david nutter\n|j|\u2606Holiss77\n|t:|1700797865\n|gametype|singles\n|player|p1|david nutter|red|\n|player|p2|Holiss77|lucas|\n|teamsize|p1|6\n|teamsize|p2|6\n|gen|9\n|tier|[Gen 9] Ubers\n|rule|Sleep Clause Mod: Limit one foe put to sleep\n|rule|Species Clause: Limit one of each Pok\u00e9mon\n|rule|OHKO Clause: OHKO moves are banned\n|rule|Evasion Items Clause: Evasion items are banned\n|rule|Evasion Moves Clause: Evasion moves are banned\n|rule|Endless Battle Clause: Forcing endless battles is banned\n|rule|HP Percentage Mod: HP is shown in percentages\n|clearpoke\n|poke|p1|Ursaluna-Bloodmoon, M|\n|poke|p1|Ninetales-Alola, M|\n|poke|p1|Kommo-o, M|\n|poke|p1|Azelf|\n|poke|p1|Brambleghast, M|\n|poke|p1|Cetitan, M|\n|poke|p2|Electrode-Hisui|\n|poke|p2|Roaring Moon|\n|poke|p2|Ogerpon-Hearthflame, F|\n|poke|p2|Ninetales, F|\n|poke|p2|Shiftry, F|\n|poke|p2|Gyarados, M|\n|teampreview\n|j| NEdgyman\n|c| NEdgyman|Damn this match Grinchin\n|j| BPLD\n|c| NEdgyman|The holidays jolly till you find out she wit anotha grinch\n|\n|t:|1700797978\n|start\n|switch|p1a: Azelf|Azelf|100\/100\n|switch|p2a: Razor|Roaring Moon|100\/100\n|turn|1\n|\n|t:|1700797995\n|move|p2a: Razor|Iron Head|p1a: Azelf\n|-damage|p1a: Azelf|48\/100\n|cant|p1a: Azelf|flinch\n|\n|upkeep\n|turn|2\n|c| NEdgyman|oh wow okay\n|\n|t:|1700798006\n|switch|p1a: Ursaluna|Ursaluna-Bloodmoon, M|100\/100\n|move|p2a: Razor|Jaw Lock|p1a: Ursaluna\n|-crit|p1a: Ursaluna\n|-damage|p1a: Ursaluna|57\/100\n|-activate|p2a: Razor|trapped\n|-activate|p1a: Ursaluna|trapped\n|\n|upkeep\n|turn|3\n|\n|t:|1700798020\n|move|p2a: Razor|Outrage|p1a: Ursaluna\n|-damage|p1a: Ursaluna|15\/100\n|move|p1a: Ursaluna|Blood Moon|p2a: Razor\n|-damage|p2a: Razor|24\/100\n|\n|upkeep\n|turn|4\n|-enditem|p1a: Ursaluna|Custap Berry|[eat]\n|-activate|p1a: Ursaluna|item: Custap Berry|[consumed]\n|\n|t:|1700798045\n|move|p1a: Ursaluna|Earth Power|p2a: Razor\n|-damage|p2a: Razor|0 fnt\n|faint|p2a: Razor\n|-end|p2a: Razor|Protosynthesis|[silent]\n|\n|upkeep\n|\n|t:|1700798055\n|switch|p2a: Elexplode|Electrode-Hisui|100\/100\n|turn|5\n|c| NEdgyman|the roaring goat went insane tho\n|\n|t:|1700798081\n|-terastallize|p2a: Elexplode|Fairy\n|move|p2a: Elexplode|Tera Blast|p1a: Ursaluna|[anim] Tera Blast Fairy\n|-damage|p1a: Ursaluna|0 fnt\n|faint|p1a: Ursaluna\n|\n|upkeep\n|\n|t:|1700798116\n|switch|p1a: Ninetales|Ninetales-Alola, M, shiny|100\/100\n|-weather|Snow|[from] ability: Snow Warning|[of] p1a: Ninetales\n|turn|6\n|\n|t:|1700798146\n|move|p2a: Elexplode|Thunder Wave|p1a: Ninetales\n|-status|p1a: Ninetales|par\n|cant|p1a: Ninetales|par\n|\n|-weather|Snow|[upkeep]\n|upkeep\n|turn|7\n|\n|t:|1700798164\n|move|p2a: Elexplode|Tera Blast|p1a: Ninetales|[anim] Tera Blast Fairy\n|-damage|p1a: Ninetales|68\/100 par\n|move|p1a: Ninetales|Snowscape||[still]\n|-fail|p1a: Ninetales\n|\n|-weather|Snow|[upkeep]\n|upkeep\n|turn|8\n|\n|t:|1700798171\n|move|p2a: Elexplode|Volt Switch|p1a: Ninetales\n|-damage|p1a: Ninetales|40\/100 par\n|\n|t:|1700798175\n|switch|p2a: Okami|Ninetales, F, shiny|100\/100|[from] Volt Switch\n|-weather|SunnyDay|[from] ability: Drought|[of] p2a: Okami\n|move|p1a: Ninetales|Aurora Veil||[still]\n|-fail|p1a: Ninetales\n|\n|-weather|SunnyDay|[upkeep]\n|upkeep\n|turn|9\n|\n|t:|1700798190\n|switch|p1a: Kommo-o|Kommo-o, M|100\/100\n|move|p2a: Okami|Extrasensory|p1a: Kommo-o\n|-supereffective|p1a: Kommo-o\n|-damage|p1a: Kommo-o|59\/100\n|\n|-weather|SunnyDay|[upkeep]\n|upkeep\n|turn|10\n|\n|t:|1700798209\n|switch|p2a: Sukiyaki|Shiftry, F|100\/100\n|move|p1a: Kommo-o|Clangorous Soul|p1a: Kommo-o\n|-boost|p1a: Kommo-o|atk|1\n|-boost|p1a: Kommo-o|def|1\n|-boost|p1a: Kommo-o|spa|1\n|-boost|p1a: Kommo-o|spd|1\n|-boost|p1a: Kommo-o|spe|1\n|-damage|p1a: Kommo-o|26\/100\n|-enditem|p1a: Kommo-o|Sitrus Berry|[eat]\n|-heal|p1a: Kommo-o|50\/100|[from] item: Sitrus Berry\n|\n|-weather|SunnyDay|[upkeep]\n|upkeep\n|turn|11\n|\n|t:|1700798222\n|move|p1a: Kommo-o|Vacuum Wave|p2a: Sukiyaki\n|-supereffective|p2a: Sukiyaki\n|-damage|p2a: Sukiyaki|22\/100\n|move|p2a: Sukiyaki|Extrasensory|p1a: Kommo-o\n|-supereffective|p1a: Kommo-o\n|-damage|p1a: Kommo-o|13\/100\n|\n|-weather|SunnyDay|[upkeep]\n|upkeep\n|turn|12\n|\n|t:|1700798236\n|move|p1a: Kommo-o|Vacuum Wave|p2a: Sukiyaki\n|-supereffective|p2a: Sukiyaki\n|-damage|p2a: Sukiyaki|0 fnt\n|faint|p2a: Sukiyaki\n|\n|-weather|none\n|upkeep\n|\n|t:|1700798255\n|switch|p2a: Kaido|Gyarados, M|100\/100\n|turn|13\n|\n|t:|1700798264\n|move|p1a: Kommo-o|Clangorous Soul||[still]\n|-fail|p1a: Kommo-o\n|move|p2a: Kaido|Ice Fang|p1a: Kommo-o\n|-supereffective|p1a: Kommo-o\n|-damage|p1a: Kommo-o|0 fnt\n|faint|p1a: Kommo-o\n|-ability|p2a: Kaido|Moxie|boost\n|-boost|p2a: Kaido|atk|1\n|\n|upkeep\n|c|\u2606david nutter|lol i thought that said clanging scale\n|\n|t:|1700798289\n|switch|p1a: Azelf|Azelf|48\/100\n|turn|14\n|c| NEdgyman|oh i thought it was a failed strategic sac\n|\n|t:|1700798302\n|move|p1a: Azelf|Stealth Rock|p2a: Kaido\n|-sidestart|p2: Holiss77|move: Stealth Rock\n|move|p2a: Kaido|Dragon Dance|p2a: Kaido\n|-boost|p2a: Kaido|atk|1\n|-boost|p2a: Kaido|spe|1\n|\n|upkeep\n|turn|15\n|\n|t:|1700798315\n|move|p2a: Kaido|Crunch|p1a: Azelf\n|-supereffective|p1a: Azelf\n|-damage|p1a: Azelf|0 fnt\n|faint|p1a: Azelf\n|-ability|p2a: Kaido|Moxie|boost\n|-boost|p2a: Kaido|atk|1\n|\n|upkeep\n|c| NEdgyman|remember that if you never admit to anything, people will think you just failed to make a good play\n|\n|t:|1700798321\n|switch|p1a: Ninetales|Ninetales-Alola, M, shiny|40\/100 par\n|-weather|Snow|[from] ability: Snow Warning|[of] p1a: Ninetales\n|turn|16\n|\n|t:|1700798329\n|move|p2a: Kaido|Earthquake|p1a: Ninetales\n|-damage|p1a: Ninetales|0 fnt\n|faint|p1a: Ninetales\n|-ability|p2a: Kaido|Moxie|boost\n|-boost|p2a: Kaido|atk|1\n|\n|-weather|Snow|[upkeep]\n|upkeep\n|\n|t:|1700798334\n|switch|p1a: Cetitan|Cetitan, M|100\/100\n|turn|17\n|\n|t:|1700798342\n|move|p1a: Cetitan|Ice Spinner|p2a: Kaido\n|-damage|p2a: Kaido|20\/100\n|move|p2a: Kaido|Earthquake|p1a: Cetitan\n|-damage|p1a: Cetitan|37\/100\n|\n|-weather|Snow|[upkeep]\n|upkeep\n|turn|18\n|\n|t:|1700798370\n|move|p1a: Cetitan|Ice Spinner|p2a: Kaido\n|-damage|p2a: Kaido|0 fnt\n|faint|p2a: Kaido\n|\n|-weather|Snow|[upkeep]\n|upkeep\n|\n|t:|1700798372\n|switch|p2a: Okami|Ninetales, F, shiny|100\/100\n|-weather|SunnyDay|[from] ability: Drought|[of] p2a: Okami\n|turn|19\n|\n|t:|1700798377\n|move|p2a: Okami|Flamethrower|p1a: Cetitan\n|-supereffective|p1a: Cetitan\n|-damage|p1a: Cetitan|0 fnt\n|faint|p1a: Cetitan\n|\n|-weather|SunnyDay|[upkeep]\n|upkeep\n|\n|t:|1700798380\n|switch|p1a: Brambleghast|Brambleghast, M|100\/100\n|turn|20\n|\n|t:|1700798404\n|-terastallize|p1a: Brambleghast|Fighting\n|move|p1a: Brambleghast|Rapid Spin|p2a: Okami\n|-damage|p2a: Okami|86\/100\n|-boost|p1a: Brambleghast|spe|1\n|move|p2a: Okami|Dark Pulse|p1a: Brambleghast\n|-resisted|p1a: Brambleghast\n|-damage|p1a: Brambleghast|82\/100\n|\n|-weather|SunnyDay|[upkeep]\n|upkeep\n|turn|21\n|\n|t:|1700798416\n|move|p1a: Brambleghast|Poltergeist|p2a: Okami\n|-activate|p2a: Okami|move: Poltergeist|Heavy-Duty Boots\n|-damage|p2a: Okami|35\/100\n|move|p2a: Okami|Extrasensory|p1a: Brambleghast\n|-supereffective|p1a: Brambleghast\n|-damage|p1a: Brambleghast|17\/100\n|\n|-weather|SunnyDay|[upkeep]\n|upkeep\n|turn|22\n|\n|t:|1700798429\n|move|p1a: Brambleghast|Poltergeist|p2a: Okami\n|-activate|p2a: Okami|move: Poltergeist|Heavy-Duty Boots\n|-damage|p2a: Okami|0 fnt\n|faint|p2a: Okami\n|\n|-weather|SunnyDay|[upkeep]\n|upkeep\n|\n|t:|1700798431\n|switch|p2a: Elexplode|Electrode-Hisui, tera:Fairy|100\/100\n|turn|23\n|\n|t:|1700798438\n|move|p1a: Brambleghast|Power Whip|p2a: Elexplode\n|-damage|p2a: Elexplode|0 fnt\n|faint|p2a: Elexplode\n|\n|-weather|none\n|upkeep\n|\n|t:|1700798443\n|switch|p2a: Unga bunga|Ogerpon-Hearthflame, F|100\/100\n|-damage|p2a: Unga bunga|76\/100|[from] Stealth Rock\n|-ability|p2a: Unga bunga|Mold Breaker\n|turn|24\n|\n|t:|1700798450\n|move|p1a: Brambleghast|Poltergeist|p2a: Unga bunga\n|-activate|p2a: Unga bunga|move: Poltergeist|Hearthflame Mask\n|-damage|p2a: Unga bunga|0 fnt\n|faint|p2a: Unga bunga\n|\n|win|david nutter\n|c|\u2606david nutter|brooo\n|c|\u2606Holiss77|Gg\n|c|\u2606david nutter|ggs\n|l|\u2606Holiss77\n","uploadtime":1700798489,"views":29,"p1id":"davidnutter","p2id":"holiss77","formatid":"gen9ubers","rating":0,"private":0,"password":""}