{"id":"gen9ubers-1997895295","p1":"doggyfly","p2":"superiax","format":"[Gen 9] Ubers","log":"|j|\u2606doggyfly\n|j|\u2606superiax\n|t:|1700864721\n|gametype|singles\n|player|p1|doggyfly|266|1119\n|player|p2|superiax|whitney|1226\n|teamsize|p1|6\n|teamsize|p2|6\n|gen|9\n|tier|[Gen 9] Ubers\n|rated|\n|rule|Sleep Clause Mod: Limit one foe put to sleep\n|rule|Species Clause: Limit one of each Pok\u00e9mon\n|rule|OHKO Clause: OHKO moves are banned\n|rule|Evasion Items Clause: Evasion items are banned\n|rule|Evasion Moves Clause: Evasion moves are banned\n|rule|Endless Battle Clause: Forcing endless battles is banned\n|rule|HP Percentage Mod: HP is shown in percentages\n|clearpoke\n|poke|p1|Quaquaval, M|\n|poke|p1|Skeledirge, M|\n|poke|p1|Great Tusk|\n|poke|p1|Polteageist-Antique|\n|poke|p1|Baxcalibur, F|\n|poke|p1|Jolteon, F|\n|poke|p2|Kyogre|\n|poke|p2|Qwilfish-Hisui, F|\n|poke|p2|Arceus-Fairy|\n|poke|p2|Iron Treads|\n|poke|p2|Giratina-Origin|\n|poke|p2|Palafin, M|\n|teampreview\n|inactive|Battle timer is ON: inactive players will automatically lose when time's up. (requested by superiax)\n|\n|t:|1700864728\n|start\n|switch|p1a: Baxcalibur|Baxcalibur, F|100\/100\n|switch|p2a: Free Willy|Kyogre, shiny|100\/100\n|-weather|RainDance|[from] ability: Drizzle|[of] p2a: Free Willy\n|turn|1\n|\n|t:|1700864738\n|move|p1a: Baxcalibur|Swords Dance|p1a: Baxcalibur\n|-boost|p1a: Baxcalibur|atk|2\n|move|p2a: Free Willy|Thunder Wave|p1a: Baxcalibur\n|-status|p1a: Baxcalibur|par\n|\n|-weather|RainDance|[upkeep]\n|upkeep\n|turn|2\n|\n|t:|1700864750\n|move|p2a: Free Willy|Ice Beam|p1a: Baxcalibur\n|-damage|p1a: Baxcalibur|72\/100 par\n|move|p1a: Baxcalibur|Scale Shot|p2a: Free Willy\n|-damage|p2a: Free Willy|81\/100\n|-damage|p2a: Free Willy|63\/100\n|-damage|p2a: Free Willy|46\/100\n|-damage|p2a: Free Willy|26\/100\n|-hitcount|p2a: Free Willy|4\n|-unboost|p1a: Baxcalibur|def|1\n|-boost|p1a: Baxcalibur|spe|1\n|\n|-weather|RainDance|[upkeep]\n|upkeep\n|turn|3\n|\n|t:|1700864765\n|switch|p2a: Finding Nemo|Qwilfish-Hisui, F|100\/100\n|cant|p1a: Baxcalibur|par\n|\n|-weather|RainDance|[upkeep]\n|upkeep\n|turn|4\n|\n|t:|1700864772\n|move|p2a: Finding Nemo|Toxic Spikes|p1a: Baxcalibur\n|-sidestart|p1: doggyfly|move: Toxic Spikes\n|cant|p1a: Baxcalibur|par\n|\n|-weather|RainDance|[upkeep]\n|upkeep\n|turn|5\n|\n|t:|1700864778\n|move|p2a: Finding Nemo|Spikes|p1a: Baxcalibur\n|-sidestart|p1: doggyfly|Spikes\n|move|p1a: Baxcalibur|Scale Shot|p2a: Finding Nemo\n|-damage|p2a: Finding Nemo|75\/100\n|-damage|p2a: Finding Nemo|51\/100\n|-damage|p2a: Finding Nemo|25\/100\n|-damage|p2a: Finding Nemo|0 fnt\n|faint|p2a: Finding Nemo\n|-hitcount|p2: Finding Nemo|4\n|-unboost|p1a: Baxcalibur|def|1\n|-boost|p1a: Baxcalibur|spe|1\n|\n|-weather|RainDance|[upkeep]\n|upkeep\n|\n|t:|1700864793\n|switch|p2a: Dumbo|Iron Treads|100\/100\n|turn|6\n|\n|t:|1700864800\n|cant|p1a: Baxcalibur|par\n|move|p2a: Dumbo|Stealth Rock|p1a: Baxcalibur\n|-sidestart|p1: doggyfly|move: Stealth Rock\n|\n|-weather|RainDance|[upkeep]\n|upkeep\n|turn|7\n|\n|t:|1700864807\n|cant|p1a: Baxcalibur|par\n|move|p2a: Dumbo|Knock Off|p1a: Baxcalibur\n|-damage|p1a: Baxcalibur|25\/100 par\n|-enditem|p1a: Baxcalibur|Loaded Dice|[from] move: Knock Off|[of] p2a: Dumbo\n|\n|-weather|RainDance|[upkeep]\n|upkeep\n|turn|8\n|\n|t:|1700864815\n|move|p1a: Baxcalibur|Icicle Spear|p2a: Dumbo\n|-damage|p2a: Dumbo|78\/100\n|-damage|p2a: Dumbo|55\/100\n|-damage|p2a: Dumbo|31\/100\n|-hitcount|p2a: Dumbo|3\n|move|p2a: Dumbo|Rapid Spin|p1a: Baxcalibur\n|-damage|p1a: Baxcalibur|0 fnt\n|-boost|p2a: Dumbo|spe|1\n|faint|p1a: Baxcalibur\n|\n|-weather|none\n|-heal|p2a: Dumbo|37\/100|[from] item: Leftovers\n|upkeep\n|\n|t:|1700864829\n|switch|p1a: Great Tusk|Great Tusk, shiny|100\/100\n|-status|p1a: Great Tusk|psn\n|-damage|p1a: Great Tusk|88\/100 psn|[from] Spikes\n|-damage|p1a: Great Tusk|85\/100 psn|[from] Stealth Rock\n|turn|9\n|\n|t:|1700864835\n|-end|p2a: Dumbo|Quark Drive|[silent]\n|switch|p2a: Jeepers Creepers|Giratina-Origin|100\/100\n|move|p1a: Great Tusk|Rapid Spin|p2a: Jeepers Creepers\n|-immune|p2a: Jeepers Creepers\n|\n|-damage|p1a: Great Tusk|73\/100 psn|[from] psn\n|upkeep\n|turn|10\n|\n|t:|1700864852\n|move|p1a: Great Tusk|Sunny Day|p1a: Great Tusk\n|-weather|SunnyDay\n|-activate|p1a: Great Tusk|ability: Protosynthesis\n|-start|p1a: Great Tusk|protosynthesisatk\n|move|p2a: Jeepers Creepers|Dragon Tail|p1a: Great Tusk\n|-damage|p1a: Great Tusk|50\/100 psn\n|-end|p1a: Great Tusk|Protosynthesis|[silent]\n|drag|p1a: Skeledirge|Skeledirge, M, shiny|100\/100\n|-status|p1a: Skeledirge|psn\n|-damage|p1a: Skeledirge|88\/100 psn|[from] Spikes\n|-damage|p1a: Skeledirge|63\/100 psn|[from] Stealth Rock\n|\n|-weather|SunnyDay|[upkeep]\n|-damage|p1a: Skeledirge|51\/100 psn|[from] psn\n|upkeep\n|turn|11\n|\n|t:|1700864869\n|move|p2a: Jeepers Creepers|Earthquake|p1a: Skeledirge\n|-supereffective|p1a: Skeledirge\n|-damage|p1a: Skeledirge|0 fnt\n|faint|p1a: Skeledirge\n|\n|-weather|SunnyDay|[upkeep]\n|upkeep\n|\n|t:|1700864881\n|switch|p1a: Polteageist|Polteageist-Antique|100\/100\n|-status|p1a: Polteageist|psn\n|-damage|p1a: Polteageist|88\/100 psn|[from] Spikes\n|-damage|p1a: Polteageist|76\/100 psn|[from] Stealth Rock\n|turn|12\n|\n|t:|1700864888\n|move|p2a: Jeepers Creepers|Shadow Sneak|p1a: Polteageist\n|-supereffective|p1a: Polteageist\n|-damage|p1a: Polteageist|0 fnt\n|faint|p1a: Polteageist\n|\n|-weather|SunnyDay|[upkeep]\n|upkeep\n|\n|t:|1700864895\n|switch|p1a: Jolteon|Jolteon, F|100\/100\n|-status|p1a: Jolteon|psn\n|-damage|p1a: Jolteon|88\/100 psn|[from] Spikes\n|-damage|p1a: Jolteon|76\/100 psn|[from] Stealth Rock\n|turn|13\n|c|\u2606superiax|gg\n|\n|t:|1700864908\n|move|p1a: Jolteon|Electro Ball|p2a: Jeepers Creepers\n|-resisted|p2a: Jeepers Creepers\n|-damage|p2a: Jeepers Creepers|90\/100\n|move|p2a: Jeepers Creepers|Earthquake|p1a: Jolteon\n|-supereffective|p1a: Jolteon\n|-damage|p1a: Jolteon|0 fnt\n|faint|p1a: Jolteon\n|\n|-weather|SunnyDay|[upkeep]\n|upkeep\n|\n|t:|1700864918\n|switch|p1a: Quaquaval|Quaquaval, M, shiny|100\/100\n|-status|p1a: Quaquaval|psn\n|-damage|p1a: Quaquaval|88\/100 psn|[from] Spikes\n|-damage|p1a: Quaquaval|82\/100 psn|[from] Stealth Rock\n|turn|14\n|\n|t:|1700864927\n|move|p1a: Quaquaval|Aqua Step|p2a: Jeepers Creepers\n|-resisted|p2a: Jeepers Creepers\n|-damage|p2a: Jeepers Creepers|85\/100\n|-boost|p1a: Quaquaval|spe|1\n|move|p2a: Jeepers Creepers|Dragon Tail|p1a: Quaquaval|[miss]\n|-miss|p2a: Jeepers Creepers|p1a: Quaquaval\n|\n|-weather|SunnyDay|[upkeep]\n|-damage|p1a: Quaquaval|69\/100 psn|[from] psn\n|upkeep\n|turn|15\n|\n|t:|1700864942\n|move|p1a: Quaquaval|Aqua Step|p2a: Jeepers Creepers\n|-resisted|p2a: Jeepers Creepers\n|-damage|p2a: Jeepers Creepers|78\/100\n|-boost|p1a: Quaquaval|spe|1\n|move|p2a: Jeepers Creepers|Earthquake|p1a: Quaquaval\n|-damage|p1a: Quaquaval|26\/100 psn\n|\n|-weather|SunnyDay|[upkeep]\n|-damage|p1a: Quaquaval|13\/100 psn|[from] psn\n|upkeep\n|turn|16\n|\n|t:|1700864955\n|move|p2a: Jeepers Creepers|Shadow Sneak|p1a: Quaquaval\n|-damage|p1a: Quaquaval|0 fnt\n|faint|p1a: Quaquaval\n|\n|-weather|SunnyDay|[upkeep]\n|upkeep\n|\n|t:|1700864961\n|switch|p1a: Great Tusk|Great Tusk, shiny|50\/100 psn\n|-damage|p1a: Great Tusk|37\/100 psn|[from] Spikes\n|-damage|p1a: Great Tusk|34\/100 psn|[from] Stealth Rock\n|-activate|p1a: Great Tusk|ability: Protosynthesis\n|-start|p1a: Great Tusk|protosynthesisatk\n|turn|17\n|\n|t:|1700864970\n|move|p2a: Jeepers Creepers|Shadow Sneak|p1a: Great Tusk\n|-damage|p1a: Great Tusk|20\/100 psn\n|move|p1a: Great Tusk|Ice Spinner|p2a: Jeepers Creepers\n|-supereffective|p2a: Jeepers Creepers\n|-damage|p2a: Jeepers Creepers|35\/100\n|\n|-weather|none\n|-end|p1a: Great Tusk|Protosynthesis\n|-damage|p1a: Great Tusk|8\/100 psn|[from] psn\n|upkeep\n|turn|18\n|\n|t:|1700864984\n|move|p2a: Jeepers Creepers|Shadow Sneak|p1a: Great Tusk\n|-damage|p1a: Great Tusk|0 fnt\n|faint|p1a: Great Tusk\n|-end|p1a: Great Tusk|Protosynthesis|[silent]\n|\n|win|superiax\n|raw|doggyfly's rating: 1119 &rarr; <strong>1101<\/strong><br \/>(-18 for losing)\n|raw|superiax's rating: 1226 &rarr; <strong>1244<\/strong><br \/>(+18 for winning)\n|l|\u2606doggyfly\n","uploadtime":1700864990,"views":1,"p1id":"doggyfly","p2id":"superiax","formatid":"gen9ubers","rating":1101,"private":0,"password":""}