{"id":"gen9ubers-1988413072","p1":"InfernoFlare","p2":"Rpeezy","format":"[Gen 9] Ubers","log":"|j|\u2606InfernoFlare\n|j|\u2606Rpeezy\n|t:|1699720206\n|gametype|singles\n|player|p1|InfernoFlare|lance|\n|player|p2|Rpeezy|lady|\n|teamsize|p1|6\n|teamsize|p2|6\n|gen|9\n|tier|[Gen 9] Ubers\n|rule|Sleep Clause Mod: Limit one foe put to sleep\n|rule|Species Clause: Limit one of each Pok\u00e9mon\n|rule|OHKO Clause: OHKO moves are banned\n|rule|Evasion Items Clause: Evasion items are banned\n|rule|Evasion Moves Clause: Evasion moves are banned\n|rule|Endless Battle Clause: Forcing endless battles is banned\n|rule|HP Percentage Mod: HP is shown in percentages\n|clearpoke\n|poke|p1|Copperajah, F|\n|poke|p1|Quagsire, F|\n|poke|p1|Zapdos-Galar|\n|poke|p1|Wo-Chien|\n|poke|p1|Iron Moth|\n|poke|p1|Dragapult, M|\n|poke|p2|Illumise, F|\n|poke|p2|Meowscarada, F|\n|poke|p2|Tauros-Paldea-Blaze, M|\n|poke|p2|Sneasler, F|\n|poke|p2|Skeledirge, M|\n|poke|p2|Enamorus, F|\n|teampreview\n|inactive|Battle timer is ON: inactive players will automatically lose when time's up. (requested by Rpeezy)\n|c|\u2606Rpeezy|glhf\n|inactiveoff|Battle timer is now OFF.\n|c|\u2606InfernoFlare|glhf\n|\n|t:|1699720264\n|start\n|switch|p1a: Dragapult|Dragapult, M|100\/100\n|switch|p2a: Scarf Superpower|Enamorus, F|100\/100\n|turn|1\n|\n|t:|1699720295\n|move|p1a: Dragapult|Thunder Wave|p2a: Scarf Superpower|[miss]\n|-miss|p1a: Dragapult|p2a: Scarf Superpower\n|move|p2a: Scarf Superpower|Earth Power|p1a: Dragapult\n|-damage|p1a: Dragapult|35\/100\n|\n|upkeep\n|turn|2\n|\n|t:|1699720334\n|switch|p1a: Wo-Chien|Wo-Chien|100\/100\n|-ability|p1a: Wo-Chien|Tablets of Ruin\n|move|p2a: Scarf Superpower|Earth Power|p1a: Wo-Chien\n|-resisted|p1a: Wo-Chien\n|-damage|p1a: Wo-Chien|88\/100\n|\n|upkeep\n|turn|3\n|\n|t:|1699720343\n|switch|p2a: @RpeezySPL on twt|Meowscarada, F|100\/100\n|move|p1a: Wo-Chien|Protect||[still]\n|-fail|p1a: Wo-Chien\n|\n|upkeep\n|turn|4\n|\n|t:|1699720358\n|switch|p1a: Zapdos|Zapdos-Galar|100\/100\n|move|p2a: @RpeezySPL on twt|Trick|p1a: Zapdos\n|-activate|p2a: @RpeezySPL on twt|move: Trick|[of] p1a: Zapdos\n|-item|p1a: Zapdos|Choice Band|[from] move: Trick\n|-item|p2a: @RpeezySPL on twt|Choice Scarf|[from] move: Trick\n|\n|upkeep\n|turn|5\n|c|\u2606Rpeezy|well then\n|c|\u2606InfernoFlare|sure\n|c|\u2606InfernoFlare|ill take it lmao\n|\n|t:|1699720436\n|move|p2a: @RpeezySPL on twt|Trick|p1a: Zapdos\n|-activate|p2a: @RpeezySPL on twt|move: Trick|[of] p1a: Zapdos\n|-item|p1a: Zapdos|Choice Scarf|[from] move: Trick\n|-item|p2a: @RpeezySPL on twt|Choice Band|[from] move: Trick\n|move|p1a: Zapdos|Brave Bird|p2a: @RpeezySPL on twt\n|-supereffective|p2a: @RpeezySPL on twt\n|-damage|p2a: @RpeezySPL on twt|0 fnt\n|faint|p2a: @RpeezySPL on twt\n|-damage|p1a: Zapdos|70\/100|[from] Recoil\n|\n|upkeep\n|c|\u2606Rpeezy|give it back\n|\n|t:|1699720445\n|switch|p2a: :Clueless:|Skeledirge, M|100\/100\n|turn|6\n|\n|t:|1699720511\n|switch|p1a: Quagsire|Quagsire, F|100\/100\n|move|p2a: :Clueless:|Will-O-Wisp|p1a: Quagsire\n|-status|p1a: Quagsire|brn\n|\n|-damage|p1a: Quagsire|94\/100 brn|[from] brn\n|upkeep\n|turn|7\n|\n|t:|1699720521\n|switch|p2a: Scarf Superpower|Enamorus, F|100\/100\n|move|p1a: Quagsire|Stealth Rock|p2a: Scarf Superpower\n|-sidestart|p2: Rpeezy|move: Stealth Rock\n|\n|-heal|p1a: Quagsire|100\/100 brn|[from] item: Leftovers\n|-damage|p1a: Quagsire|94\/100 brn|[from] brn\n|upkeep\n|turn|8\n|\n|t:|1699720667\n|switch|p1a: Whopper|Copperajah, F|100\/100\n|move|p2a: Scarf Superpower|Earth Power|p1a: Whopper\n|-supereffective|p1a: Whopper\n|-damage|p1a: Whopper|36\/100\n|\n|upkeep\n|turn|9\n|\n|t:|1699720728\n|switch|p2a: BuzzGang|Tauros-Paldea-Blaze, M|100\/100\n|-damage|p2a: BuzzGang|88\/100|[from] Stealth Rock\n|-ability|p2a: BuzzGang|Intimidate|boost\n|-unboost|p1a: Whopper|atk|1\n|switch|p1a: Zapdos|Zapdos-Galar|70\/100\n|\n|-heal|p2a: BuzzGang|94\/100|[from] item: Leftovers\n|upkeep\n|turn|10\n|\n|t:|1699720785\n|-terastallize|p2a: BuzzGang|Water\n|move|p1a: Zapdos|Brave Bird|p2a: BuzzGang\n|-damage|p2a: BuzzGang|30\/100\n|-damage|p1a: Zapdos|50\/100|[from] Recoil\n|move|p2a: BuzzGang|Raging Bull|p1a: Zapdos\n|-damage|p1a: Zapdos|0 fnt\n|faint|p1a: Zapdos\n|\n|-heal|p2a: BuzzGang|36\/100|[from] item: Leftovers\n|upkeep\n|c|\u2606Rpeezy|shoutout to my goat buzzgang\n|c|\u2606InfernoFlare|i forgot tera could do that\n|c|\u2606InfernoFlare|silly silly\n|\n|t:|1699720825\n|switch|p1a: Dragapult|Dragapult, M|35\/100\n|turn|11\n|c|\u2606Rpeezy|totally balanced feature\n|\n|t:|1699720841\n|move|p1a: Dragapult|Shadow Ball|p2a: BuzzGang\n|-damage|p2a: BuzzGang|0 fnt\n|faint|p2a: BuzzGang\n|\n|upkeep\n|\n|t:|1699720857\n|switch|p2a: Scarf Superpower|Enamorus, F|100\/100\n|-damage|p2a: Scarf Superpower|76\/100|[from] Stealth Rock\n|turn|12\n|\n|t:|1699720986\n|switch|p1a: Wo-Chien|Wo-Chien|88\/100\n|-ability|p1a: Wo-Chien|Tablets of Ruin\n|move|p2a: Scarf Superpower|Moonblast|p1a: Wo-Chien\n|-supereffective|p1a: Wo-Chien\n|-damage|p1a: Wo-Chien|13\/100\n|\n|upkeep\n|turn|13\n|\n|t:|1699721003\n|switch|p2a: sgrg32|Illumise, F|100\/100\n|-damage|p2a: sgrg32|76\/100|[from] Stealth Rock\n|move|p1a: Wo-Chien|Leech Seed|p2a: sgrg32\n|-start|p2a: sgrg32|move: Leech Seed\n|\n|-damage|p2a: sgrg32|63\/100|[from] Leech Seed|[of] p1a: Wo-Chien\n|-heal|p1a: Wo-Chien|24\/100|[silent]\n|upkeep\n|turn|14\n|\n|t:|1699721054\n|move|p1a: Wo-Chien|Protect|p1a: Wo-Chien\n|-singleturn|p1a: Wo-Chien|Protect\n|move|p2a: sgrg32|Wish|p2a: sgrg32\n|\n|-damage|p2a: sgrg32|51\/100|[from] Leech Seed|[of] p1a: Wo-Chien\n|-heal|p1a: Wo-Chien|35\/100|[silent]\n|upkeep\n|turn|15\n|c|\u2606Rpeezy|stop seeding sgrg32\n|c|\u2606Rpeezy|there are kids here\n|\n|t:|1699721230\n|switch|p1a: Dragapult|Dragapult, M|35\/100\n|move|p2a: sgrg32|Thunder Wave|p1a: Dragapult\n|-status|p1a: Dragapult|par\n|\n|-heal|p2a: sgrg32|100\/100|[from] move: Wish|[wisher] sgrg32\n|-damage|p2a: sgrg32|88\/100|[from] Leech Seed|[of] p1a: Dragapult\n|-heal|p1a: Dragapult|48\/100 par|[silent]\n|upkeep\n|turn|16\n|\n|t:|1699721251\n|move|p2a: sgrg32|Wish|p2a: sgrg32\n|move|p1a: Dragapult|Thunder Wave|p2a: sgrg32\n|-status|p2a: sgrg32|par\n|\n|-damage|p2a: sgrg32|76\/100 par|[from] Leech Seed|[of] p1a: Dragapult\n|-heal|p1a: Dragapult|61\/100 par|[silent]\n|upkeep\n|turn|17\n|\n|t:|1699721259\n|move|p2a: sgrg32|Encore|p1a: Dragapult\n|-start|p1a: Dragapult|Encore\n|move|p1a: Dragapult|Thunder Wave|p2a: sgrg32\n|-fail|p2a: sgrg32|par\n|\n|-heal|p2a: sgrg32|100\/100 par|[from] move: Wish|[wisher] sgrg32\n|-damage|p2a: sgrg32|88\/100 par|[from] Leech Seed|[of] p1a: Dragapult\n|-heal|p1a: Dragapult|74\/100 par|[silent]\n|upkeep\n|turn|18\n|\n|t:|1699721290\n|switch|p2a: :Clueless:|Skeledirge, M|100\/100\n|-damage|p2a: :Clueless:|75\/100|[from] Stealth Rock\n|move|p1a: Dragapult|Thunder Wave|p2a: :Clueless:\n|-status|p2a: :Clueless:|par\n|\n|-heal|p2a: :Clueless:|82\/100 par|[from] item: Leftovers\n|upkeep\n|turn|19\n|\n|t:|1699721298\n|switch|p1a: Quagsire|Quagsire, F|94\/100 brn\n|cant|p2a: :Clueless:|par\n|\n|-heal|p1a: Quagsire|100\/100 brn|[from] item: Leftovers\n|-heal|p2a: :Clueless:|88\/100 par|[from] item: Leftovers\n|-damage|p1a: Quagsire|94\/100 brn|[from] brn\n|upkeep\n|turn|20\n|\n|t:|1699721320\n|switch|p2a: MaseReloaded|Sneasler, F|100\/100\n|-damage|p2a: MaseReloaded|95\/100|[from] Stealth Rock\n|move|p1a: Quagsire|Toxic|p2a: MaseReloaded\n|-immune|p2a: MaseReloaded\n|\n|-heal|p1a: Quagsire|100\/100 brn|[from] item: Leftovers\n|-damage|p1a: Quagsire|94\/100 brn|[from] brn\n|upkeep\n|turn|21\n|\n|t:|1699721342\n|-terastallize|p1a: Quagsire|Poison\n|move|p2a: MaseReloaded|Dire Claw|p1a: Quagsire\n|-resisted|p1a: Quagsire\n|-damage|p1a: Quagsire|78\/100 brn\n|move|p1a: Quagsire|Earthquake|p2a: MaseReloaded\n|-supereffective|p2a: MaseReloaded\n|-damage|p2a: MaseReloaded|47\/100\n|\n|-heal|p1a: Quagsire|84\/100 brn|[from] item: Leftovers\n|-damage|p1a: Quagsire|78\/100 brn|[from] brn\n|upkeep\n|turn|22\n|\n|t:|1699721442\n|switch|p2a: sgrg32|Illumise, F|88\/100 par\n|-damage|p2a: sgrg32|63\/100 par|[from] Stealth Rock\n|move|p1a: Quagsire|Toxic||[still]\n|-fail|p1a: Quagsire\n|\n|-heal|p1a: Quagsire|84\/100 brn|[from] item: Leftovers\n|-damage|p1a: Quagsire|78\/100 brn|[from] brn\n|upkeep\n|turn|23\n|\n|t:|1699721460\n|switch|p1a: Dragapult|Dragapult, M|74\/100 par\n|move|p2a: sgrg32|Thunder Wave|p1a: Dragapult\n|-fail|p1a: Dragapult|par\n|\n|upkeep\n|turn|24\n|\n|t:|1699721469\n|move|p2a: sgrg32|Wish|p2a: sgrg32\n|move|p1a: Dragapult|Shadow Ball|p2a: sgrg32\n|-damage|p2a: sgrg32|4\/100 par\n|\n|upkeep\n|turn|25\n|\n|t:|1699721478\n|switch|p2a: Scarf Superpower|Enamorus, F|76\/100\n|-damage|p2a: Scarf Superpower|51\/100|[from] Stealth Rock\n|cant|p1a: Dragapult|par\n|\n|-heal|p2a: Scarf Superpower|100\/100|[from] move: Wish|[wisher] sgrg32\n|upkeep\n|turn|26\n|c|\u2606InfernoFlare|you are one lucky fella\n|\n|t:|1699721521\n|switch|p1a: Whopper|Copperajah, F|36\/100\n|move|p2a: Scarf Superpower|Earth Power|p1a: Whopper\n|-supereffective|p1a: Whopper\n|-damage|p1a: Whopper|0 fnt\n|faint|p1a: Whopper\n|\n|upkeep\n|\n|t:|1699721532\n|switch|p1a: Wo-Chien|Wo-Chien|35\/100\n|-ability|p1a: Wo-Chien|Tablets of Ruin\n|turn|27\n|\n|t:|1699721537\n|switch|p2a: sgrg32|Illumise, F|4\/100 par\n|-damage|p2a: sgrg32|0 fnt|[from] Stealth Rock\n|faint|p2a: sgrg32\n|move|p1a: Wo-Chien|Leech Seed|p2: sgrg32|[notarget]\n|-fail|p1a: Wo-Chien\n|\n|upkeep\n|\n|t:|1699721551\n|switch|p2a: MaseReloaded|Sneasler, F|47\/100\n|-damage|p2a: MaseReloaded|41\/100|[from] Stealth Rock\n|turn|28\n|\n|t:|1699721571\n|switch|p2a: Scarf Superpower|Enamorus, F|100\/100\n|-damage|p2a: Scarf Superpower|76\/100|[from] Stealth Rock\n|switch|p1a: Quagsire|Quagsire, F, tera:Poison|78\/100 brn\n|\n|-heal|p1a: Quagsire|84\/100 brn|[from] item: Leftovers\n|-damage|p1a: Quagsire|78\/100 brn|[from] brn\n|upkeep\n|turn|29\n|\n|t:|1699721674\n|switch|p1a: Wo-Chien|Wo-Chien|35\/100\n|-ability|p1a: Wo-Chien|Tablets of Ruin\n|move|p2a: Scarf Superpower|Earth Power|p1a: Wo-Chien\n|-resisted|p1a: Wo-Chien\n|-damage|p1a: Wo-Chien|21\/100\n|\n|upkeep\n|turn|30\n|\n|t:|1699721759\n|switch|p2a: MaseReloaded|Sneasler, F|41\/100\n|-damage|p2a: MaseReloaded|35\/100|[from] Stealth Rock\n|move|p1a: Wo-Chien|Leech Seed|p2a: MaseReloaded\n|-start|p2a: MaseReloaded|move: Leech Seed\n|\n|-damage|p2a: MaseReloaded|22\/100|[from] Leech Seed|[of] p1a: Wo-Chien\n|-heal|p1a: Wo-Chien|31\/100|[silent]\n|upkeep\n|turn|31\n|\n|t:|1699721903\n|switch|p1a: Iron Moth|Iron Moth|100\/100\n|-enditem|p1a: Iron Moth|Booster Energy\n|-activate|p1a: Iron Moth|ability: Quark Drive|[fromitem]\n|-start|p1a: Iron Moth|quarkdrivespe\n|move|p2a: MaseReloaded|Fake Out|p1a: Iron Moth\n|-enditem|p2a: MaseReloaded|Normal Gem|[from] gem\n|-damage|p1a: Iron Moth|72\/100\n|\n|-damage|p2a: MaseReloaded|10\/100|[from] Leech Seed|[of] p1a: Iron Moth\n|-heal|p1a: Iron Moth|85\/100|[silent]\n|upkeep\n|turn|32\n|\n|t:|1699721943\n|move|p2a: MaseReloaded|Acrobatics|p1a: Iron Moth\n|-damage|p1a: Iron Moth|25\/100\n|move|p1a: Iron Moth|Psychic|p2a: MaseReloaded\n|-supereffective|p2a: MaseReloaded\n|-damage|p2a: MaseReloaded|0 fnt\n|faint|p2a: MaseReloaded\n|\n|upkeep\n|\n|t:|1699721950\n|switch|p2a: :Clueless:|Skeledirge, M|88\/100 par\n|-damage|p2a: :Clueless:|63\/100 par|[from] Stealth Rock\n|turn|33\n|\n|t:|1699721956\n|-end|p1a: Iron Moth|Quark Drive|[silent]\n|switch|p1a: Quagsire|Quagsire, F, tera:Poison|78\/100 brn\n|move|p2a: :Clueless:|Earth Power|p1a: Quagsire\n|-supereffective|p1a: Quagsire\n|-damage|p1a: Quagsire|19\/100 brn\n|-unboost|p1a: Quagsire|spd|1\n|\n|-heal|p1a: Quagsire|25\/100 brn|[from] item: Leftovers\n|-heal|p2a: :Clueless:|69\/100 par|[from] item: Leftovers\n|-damage|p1a: Quagsire|19\/100 brn|[from] brn\n|upkeep\n|turn|34\n|c|\u2606Rpeezy|i lost i think\n|c|\u2606InfernoFlare|idk\n|\n|t:|1699722108\n|move|p1a: Quagsire|Earthquake|p2a: :Clueless:\n|-supereffective|p2a: :Clueless:\n|-damage|p2a: :Clueless:|50\/100 par\n|move|p2a: :Clueless:|Torch Song|p1a: Quagsire\n|-damage|p1a: Quagsire|0 fnt\n|-boost|p2a: :Clueless:|spa|1\n|faint|p1a: Quagsire\n|\n|-heal|p2a: :Clueless:|56\/100 par|[from] item: Leftovers\n|upkeep\n|\n|t:|1699722117\n|switch|p1a: Dragapult|Dragapult, M|74\/100 par\n|turn|35\n|c|\u2606InfernoFlare|theres no way i get caught with para\n|\n|t:|1699722136\n|move|p1a: Dragapult|Shadow Ball|p2a: :Clueless:\n|-supereffective|p2a: :Clueless:\n|-damage|p2a: :Clueless:|0 fnt\n|faint|p2a: :Clueless:\n|\n|upkeep\n|\n|t:|1699722139\n|switch|p2a: Scarf Superpower|Enamorus, F|76\/100\n|-damage|p2a: Scarf Superpower|51\/100|[from] Stealth Rock\n|turn|36\n|\n|t:|1699722151\n|move|p2a: Scarf Superpower|Moonblast|p1a: Dragapult\n|-supereffective|p1a: Dragapult\n|-damage|p1a: Dragapult|0 fnt\n|faint|p1a: Dragapult\n|\n|upkeep\n|c|\u2606Rpeezy|yeah that's ggs\n|\n|t:|1699722156\n|switch|p1a: Iron Moth|Iron Moth|25\/100\n|turn|37\n|c|\u2606InfernoFlare|gg man\n|\n|t:|1699722167\n|move|p1a: Iron Moth|Sludge Wave|p2a: Scarf Superpower\n|-supereffective|p2a: Scarf Superpower\n|-damage|p2a: Scarf Superpower|0 fnt\n|faint|p2a: Scarf Superpower\n|\n|win|InfernoFlare\n|c|\u2606Rpeezy|ggs\n","uploadtime":1699722179,"views":27,"p1id":"infernoflare","p2id":"rpeezy","formatid":"gen9ubers","rating":0,"private":0,"password":""}