{"id":"gen9ubers-1979570367","p1":"whaud","p2":"angl3r","format":"[Gen 9] Ubers","log":"|j|\u2606whaud\n|j|\u203dangl3r\n|t:|1698693156\n|gametype|singles\n|player|p1|whaud|alain|\n|player|p2|angl3r|iris|\n|teamsize|p1|6\n|teamsize|p2|6\n|gen|9\n|tier|[Gen 9] Ubers\n|rule|Sleep Clause Mod: Limit one foe put to sleep\n|rule|Species Clause: Limit one of each Pok\u00e9mon\n|rule|OHKO Clause: OHKO moves are banned\n|rule|Evasion Items Clause: Evasion items are banned\n|rule|Evasion Moves Clause: Evasion moves are banned\n|rule|Endless Battle Clause: Forcing endless battles is banned\n|rule|HP Percentage Mod: HP is shown in percentages\n|clearpoke\n|poke|p1|Cyclizar, M|\n|poke|p1|Palkia-Origin|\n|poke|p1|Magearna|\n|poke|p1|Palafin, F|\n|poke|p1|Zacian-*|\n|poke|p1|Arceus-Fighting|\n|poke|p2|Basculegion-F, F|\n|poke|p2|Magearna|\n|poke|p2|Cyclizar, M|\n|poke|p2|Zacian-*|\n|poke|p2|Palkia-Origin|\n|poke|p2|Arceus-Poison|\n|teampreview\n|inactive|Battle timer is ON: inactive players will automatically lose when time's up. (requested by whaud)\n|\n|t:|1698693169\n|start\n|switch|p1a: Arceus|Arceus-Fighting|100\/100\n|switch|p2a: Arceus|Arceus-Poison|100\/100\n|turn|1\n|\n|t:|1698693173\n|move|p2a: Arceus|Cosmic Power|p2a: Arceus\n|-boost|p2a: Arceus|def|1\n|-boost|p2a: Arceus|spd|1\n|move|p1a: Arceus|Cosmic Power|p1a: Arceus\n|-boost|p1a: Arceus|def|1\n|-boost|p1a: Arceus|spd|1\n|\n|upkeep\n|turn|2\n|j| Adampadum\n|\n|t:|1698693176\n|move|p2a: Arceus|Cosmic Power|p2a: Arceus\n|-boost|p2a: Arceus|def|1\n|-boost|p2a: Arceus|spd|1\n|move|p1a: Arceus|Cosmic Power|p1a: Arceus\n|-boost|p1a: Arceus|def|1\n|-boost|p1a: Arceus|spd|1\n|\n|upkeep\n|turn|3\n|\n|t:|1698693178\n|move|p2a: Arceus|Cosmic Power|p2a: Arceus\n|-boost|p2a: Arceus|def|1\n|-boost|p2a: Arceus|spd|1\n|move|p1a: Arceus|Stored Power|p2a: Arceus\n|-supereffective|p2a: Arceus\n|-damage|p2a: Arceus|86\/100\n|\n|upkeep\n|turn|4\n|\n|t:|1698693183\n|move|p2a: Arceus|Cosmic Power|p2a: Arceus\n|-boost|p2a: Arceus|def|1\n|-boost|p2a: Arceus|spd|1\n|move|p1a: Arceus|Cosmic Power|p1a: Arceus\n|-boost|p1a: Arceus|def|1\n|-boost|p1a: Arceus|spd|1\n|\n|upkeep\n|turn|5\n|\n|t:|1698693188\n|move|p2a: Arceus|Cosmic Power|p2a: Arceus\n|-boost|p2a: Arceus|def|1\n|-boost|p2a: Arceus|spd|1\n|move|p1a: Arceus|Cosmic Power|p1a: Arceus\n|-boost|p1a: Arceus|def|1\n|-boost|p1a: Arceus|spd|1\n|\n|upkeep\n|turn|6\n|\n|t:|1698693190\n|move|p2a: Arceus|Cosmic Power|p2a: Arceus\n|-boost|p2a: Arceus|def|1\n|-boost|p2a: Arceus|spd|1\n|move|p1a: Arceus|Cosmic Power|p1a: Arceus\n|-boost|p1a: Arceus|def|1\n|-boost|p1a: Arceus|spd|1\n|\n|upkeep\n|turn|7\n|\n|t:|1698693193\n|-terastallize|p2a: Arceus|Psychic\n|move|p2a: Arceus|Stored Power|p1a: Arceus\n|-supereffective|p1a: Arceus\n|-damage|p1a: Arceus|59\/100\n|move|p1a: Arceus|Stored Power|p2a: Arceus\n|-resisted|p2a: Arceus\n|-damage|p2a: Arceus|82\/100\n|\n|upkeep\n|turn|8\n|\n|t:|1698693200\n|move|p2a: Arceus|Stored Power|p1a: Arceus\n|-supereffective|p1a: Arceus\n|-damage|p1a: Arceus|17\/100\n|move|p1a: Arceus|Cosmic Power|p1a: Arceus\n|-boost|p1a: Arceus|def|1\n|-boost|p1a: Arceus|spd|1\n|\n|upkeep\n|turn|9\n|\n|t:|1698693205\n|move|p2a: Arceus|Stored Power|p1a: Arceus\n|-supereffective|p1a: Arceus\n|-damage|p1a: Arceus|0 fnt\n|faint|p1a: Arceus\n|\n|upkeep\n|\n|t:|1698693213\n|switch|p1a: Zacian|Zacian|100\/100\n|-ability|p1a: Zacian|Intrepid Sword|boost\n|-boost|p1a: Zacian|atk|1\n|turn|10\n|\n|t:|1698693216\n|-terastallize|p1a: Zacian|Dark\n|move|p1a: Zacian|Crunch|p2a: Arceus\n|-supereffective|p2a: Arceus\n|-damage|p2a: Arceus|53\/100\n|-unboost|p2a: Arceus|def|1\n|move|p2a: Arceus|Recover|p2a: Arceus\n|-heal|p2a: Arceus|100\/100\n|\n|upkeep\n|turn|11\n|\n|t:|1698693222\n|move|p1a: Zacian|Crunch|p2a: Arceus\n|-supereffective|p2a: Arceus\n|-damage|p2a: Arceus|68\/100\n|move|p2a: Arceus|Judgment|p1a: Zacian\n|-damage|p1a: Zacian|57\/100\n|\n|upkeep\n|turn|12\n|\n|t:|1698693225\n|move|p1a: Zacian|Crunch|p2a: Arceus\n|-supereffective|p2a: Arceus\n|-damage|p2a: Arceus|36\/100\n|move|p2a: Arceus|Judgment|p1a: Zacian\n|-damage|p1a: Zacian|10\/100\n|\n|upkeep\n|turn|13\n|\n|t:|1698693230\n|move|p1a: Zacian|Crunch|p2a: Arceus\n|-supereffective|p2a: Arceus\n|-damage|p2a: Arceus|0 fnt\n|faint|p2a: Arceus\n|\n|upkeep\n|\n|t:|1698693237\n|switch|p2a: Basculegion|Basculegion-F, F|100\/100\n|turn|14\n|\n|t:|1698693241\n|move|p2a: Basculegion|Flip Turn|p1a: Zacian\n|-damage|p1a: Zacian|0 fnt\n|faint|p1a: Zacian\n|\n|t:|1698693244\n|switch|p2a: Cyclizar|Cyclizar, M|100\/100|[from] Flip Turn\n|\n|upkeep\n|\n|t:|1698693248\n|switch|p1a: Palafin|Palafin, F|100\/100\n|turn|15\n|\n|t:|1698693250\n|detailschange|p1a: Palafin|Palafin-Hero, F\n|switch|p1a: Magearna|Magearna|100\/100\n|move|p2a: Cyclizar|Shed Tail|p2a: Cyclizar\n|-start|p2a: Cyclizar|Substitute|[from] move: Shed Tail\n|-damage|p2a: Cyclizar|50\/100\n|\n|t:|1698693256\n|switch|p2a: Palkia|Palkia-Origin|100\/100|[from] Shed Tail\n|-ability|p2a: Palkia|Pressure\n|\n|upkeep\n|turn|16\n|\n|t:|1698693269\n|switch|p1a: Cyclizar|Cyclizar, M|100\/100\n|move|p2a: Palkia|Fire Blast|p1a: Cyclizar\n|-resisted|p1a: Cyclizar\n|-damage|p1a: Cyclizar|72\/100\n|\n|upkeep\n|turn|17\n|\n|t:|1698693273\n|move|p1a: Cyclizar|Shed Tail|p1a: Cyclizar\n|-start|p1a: Cyclizar|Substitute|[from] move: Shed Tail\n|-damage|p1a: Cyclizar|22\/100\n|\n|t:|1698693276\n|switch|p1a: Magearna|Magearna|100\/100|[from] Shed Tail\n|move|p2a: Palkia|Spacial Rend|p1a: Magearna\n|-immune|p1a: Magearna\n|\n|upkeep\n|turn|18\n|\n|t:|1698693279\n|move|p2a: Palkia|Fire Blast|p1a: Magearna\n|-supereffective|p1a: Magearna\n|-end|p1a: Magearna|Substitute\n|move|p1a: Magearna|Calm Mind|p1a: Magearna\n|-boost|p1a: Magearna|spa|1\n|-boost|p1a: Magearna|spd|1\n|\n|upkeep\n|turn|19\n|\n|t:|1698693281\n|move|p2a: Palkia|Fire Blast|p1a: Magearna\n|-supereffective|p1a: Magearna\n|-damage|p1a: Magearna|56\/100\n|move|p1a: Magearna|Draining Kiss|p2a: Palkia\n|-supereffective|p2a: Palkia\n|-end|p2a: Palkia|Substitute\n|-heal|p1a: Magearna|74\/100|[from] drain|[of] p2a: Palkia\n|\n|-heal|p1a: Magearna|80\/100|[from] item: Leftovers\n|upkeep\n|turn|20\n|\n|t:|1698693288\n|switch|p2a: Zacian|Zacian|100\/100\n|-ability|p2a: Zacian|Intrepid Sword|boost\n|-boost|p2a: Zacian|atk|1\n|move|p1a: Magearna|Draining Kiss|p2a: Zacian\n|-damage|p2a: Zacian|70\/100\n|-heal|p1a: Magearna|99\/100|[from] drain|[of] p2a: Zacian\n|\n|-heal|p1a: Magearna|100\/100|[from] item: Leftovers\n|upkeep\n|turn|21\n|\n|t:|1698693292\n|move|p2a: Zacian|Close Combat|p1a: Magearna\n|-damage|p1a: Magearna|42\/100\n|-unboost|p2a: Zacian|def|1\n|-unboost|p2a: Zacian|spd|1\n|move|p1a: Magearna|Iron Defense|p1a: Magearna\n|-boost|p1a: Magearna|def|2\n|\n|-heal|p1a: Magearna|48\/100|[from] item: Leftovers\n|upkeep\n|turn|22\n|\n|t:|1698693296\n|move|p2a: Zacian|Close Combat|p1a: Magearna\n|-damage|p1a: Magearna|22\/100\n|-unboost|p2a: Zacian|def|1\n|-unboost|p2a: Zacian|spd|1\n|move|p1a: Magearna|Draining Kiss|p2a: Zacian\n|-damage|p2a: Zacian|7\/100\n|-heal|p1a: Magearna|64\/100|[from] drain|[of] p2a: Zacian\n|\n|-heal|p1a: Magearna|70\/100|[from] item: Leftovers\n|upkeep\n|turn|23\n|\n|t:|1698693299\n|move|p2a: Zacian|Close Combat|p1a: Magearna\n|-damage|p1a: Magearna|44\/100\n|-unboost|p2a: Zacian|def|1\n|-unboost|p2a: Zacian|spd|1\n|move|p1a: Magearna|Draining Kiss|p2a: Zacian\n|-damage|p2a: Zacian|0 fnt\n|-heal|p1a: Magearna|48\/100|[from] drain|[of] p2a: Zacian\n|faint|p2a: Zacian\n|-ability|p1a: Magearna|Soul-Heart|boost\n|-boost|p1a: Magearna|spa|1\n|\n|-heal|p1a: Magearna|54\/100|[from] item: Leftovers\n|upkeep\n|\n|t:|1698693303\n|switch|p2a: Magearna|Magearna|100\/100\n|turn|24\n|\n|t:|1698693308\n|move|p1a: Magearna|Stored Power|p2a: Magearna\n|-resisted|p2a: Magearna\n|-damage|p2a: Magearna|71\/100\n|move|p2a: Magearna|Calm Mind|p2a: Magearna\n|-boost|p2a: Magearna|spa|1\n|-boost|p2a: Magearna|spd|1\n|\n|-heal|p2a: Magearna|77\/100|[from] item: Leftovers\n|-heal|p1a: Magearna|61\/100|[from] item: Leftovers\n|upkeep\n|turn|25\n|\n|t:|1698693313\n|move|p2a: Magearna|Calm Mind|p2a: Magearna\n|-boost|p2a: Magearna|spa|1\n|-boost|p2a: Magearna|spd|1\n|move|p1a: Magearna|Calm Mind|p1a: Magearna\n|-boost|p1a: Magearna|spa|1\n|-boost|p1a: Magearna|spd|1\n|\n|-heal|p1a: Magearna|67\/100|[from] item: Leftovers\n|-heal|p2a: Magearna|83\/100|[from] item: Leftovers\n|upkeep\n|turn|26\n|\n|t:|1698693316\n|move|p2a: Magearna|Calm Mind|p2a: Magearna\n|-boost|p2a: Magearna|spa|1\n|-boost|p2a: Magearna|spd|1\n|move|p1a: Magearna|Stored Power|p2a: Magearna\n|-resisted|p2a: Magearna\n|-damage|p2a: Magearna|63\/100\n|\n|-heal|p1a: Magearna|73\/100|[from] item: Leftovers\n|-heal|p2a: Magearna|69\/100|[from] item: Leftovers\n|upkeep\n|turn|27\n|\n|t:|1698693318\n|move|p2a: Magearna|Calm Mind|p2a: Magearna\n|-boost|p2a: Magearna|spa|1\n|-boost|p2a: Magearna|spd|1\n|move|p1a: Magearna|Calm Mind|p1a: Magearna\n|-boost|p1a: Magearna|spa|1\n|-boost|p1a: Magearna|spd|1\n|\n|-heal|p2a: Magearna|75\/100|[from] item: Leftovers\n|-heal|p1a: Magearna|79\/100|[from] item: Leftovers\n|upkeep\n|turn|28\n|\n|t:|1698693321\n|move|p1a: Magearna|Calm Mind|p1a: Magearna\n|-boost|p1a: Magearna|spa|1\n|-boost|p1a: Magearna|spd|1\n|move|p2a: Magearna|Calm Mind|p2a: Magearna\n|-boost|p2a: Magearna|spa|1\n|-boost|p2a: Magearna|spd|1\n|\n|-heal|p1a: Magearna|85\/100|[from] item: Leftovers\n|-heal|p2a: Magearna|81\/100|[from] item: Leftovers\n|upkeep\n|turn|29\n|\n|t:|1698693323\n|move|p1a: Magearna|Calm Mind|p1a: Magearna\n|-boost|p1a: Magearna|spa|1\n|-boost|p1a: Magearna|spd|1\n|move|p2a: Magearna|Shift Gear|p2a: Magearna\n|-boost|p2a: Magearna|spe|2\n|-boost|p2a: Magearna|atk|1\n|\n|-heal|p2a: Magearna|87\/100|[from] item: Leftovers\n|-heal|p1a: Magearna|91\/100|[from] item: Leftovers\n|upkeep\n|turn|30\n|\n|t:|1698693327\n|move|p2a: Magearna|Calm Mind|p2a: Magearna\n|-boost|p2a: Magearna|spa|1\n|-boost|p2a: Magearna|spd|1\n|move|p1a: Magearna|Stored Power|p2a: Magearna\n|-resisted|p2a: Magearna\n|-damage|p2a: Magearna|55\/100\n|\n|-heal|p2a: Magearna|61\/100|[from] item: Leftovers\n|-heal|p1a: Magearna|97\/100|[from] item: Leftovers\n|upkeep\n|turn|31\n|\n|t:|1698693329\n|move|p2a: Magearna|Shift Gear|p2a: Magearna\n|-boost|p2a: Magearna|spe|2\n|-boost|p2a: Magearna|atk|1\n|move|p1a: Magearna|Stored Power|p2a: Magearna\n|-resisted|p2a: Magearna\n|-damage|p2a: Magearna|31\/100\n|\n|-heal|p2a: Magearna|37\/100|[from] item: Leftovers\n|-heal|p1a: Magearna|100\/100|[from] item: Leftovers\n|upkeep\n|turn|32\n|\n|t:|1698693332\n|move|p2a: Magearna|Calm Mind|p2a: Magearna\n|-boost|p2a: Magearna|spa|0\n|-boost|p2a: Magearna|spd|0\n|move|p1a: Magearna|Stored Power|p2a: Magearna\n|-resisted|p2a: Magearna\n|-damage|p2a: Magearna|6\/100\n|\n|-heal|p2a: Magearna|12\/100|[from] item: Leftovers\n|upkeep\n|turn|33\n|\n|t:|1698693334\n|move|p2a: Magearna|Stored Power|p1a: Magearna\n|-resisted|p1a: Magearna\n|-damage|p1a: Magearna|29\/100\n|move|p1a: Magearna|Stored Power|p2a: Magearna\n|-resisted|p2a: Magearna\n|-damage|p2a: Magearna|0 fnt\n|faint|p2a: Magearna\n|\n|-heal|p1a: Magearna|35\/100|[from] item: Leftovers\n|upkeep\n|\n|t:|1698693339\n|switch|p2a: Basculegion|Basculegion-F, F|100\/100\n|turn|34\n|\n|t:|1698693342\n|move|p2a: Basculegion|Last Respects|p1a: Magearna\n|-damage|p1a: Magearna|4\/100\n|move|p1a: Magearna|Draining Kiss|p2a: Basculegion\n|-crit|p2a: Basculegion\n|-damage|p2a: Basculegion|0 fnt\n|-heal|p1a: Magearna|82\/100|[from] drain|[of] p2a: Basculegion\n|faint|p2a: Basculegion\n|\n|-heal|p1a: Magearna|88\/100|[from] item: Leftovers\n|upkeep\n|\n|t:|1698693347\n|switch|p2a: Palkia|Palkia-Origin|100\/100\n|-ability|p2a: Palkia|Pressure\n|turn|35\n|\n|t:|1698693348\n|move|p2a: Palkia|Fire Blast|p1a: Magearna\n|-supereffective|p1a: Magearna\n|-damage|p1a: Magearna|70\/100\n|move|p1a: Magearna|Draining Kiss|p2a: Palkia\n|-supereffective|p2a: Palkia\n|-damage|p2a: Palkia|0 fnt\n|-heal|p1a: Magearna|100\/100|[from] drain|[of] p2a: Palkia\n|faint|p2a: Palkia\n|\n|upkeep\n|\n|t:|1698693351\n|switch|p2a: Cyclizar|Cyclizar, M|84\/100\n|turn|36\n|\n|t:|1698693354\n|move|p2a: Cyclizar|Knock Off|p1a: Magearna\n|-resisted|p1a: Magearna\n|-damage|p1a: Magearna|97\/100\n|-enditem|p1a: Magearna|Leftovers|[from] move: Knock Off|[of] p2a: Cyclizar\n|move|p1a: Magearna|Draining Kiss|p2a: Cyclizar\n|-supereffective|p2a: Cyclizar\n|-damage|p2a: Cyclizar|0 fnt\n|-heal|p1a: Magearna|100\/100|[from] drain|[of] p2a: Cyclizar\n|faint|p2a: Cyclizar\n|\n|win|whaud\n|player|p1|whaud|alain\n","uploadtime":1698693360,"views":20,"p1id":"whaud","p2id":"angl3r","formatid":"gen9ubers","rating":0,"private":0,"password":""}