{"id":"gen9ubers-1976875172","p1":"idkimbadatpokemon","p2":"SzymonSmellz","format":"[Gen 9] Ubers","log":"|j|\u2606idkimbadatpokemon\n|j|\u2606SzymonSmellz\n|t:|1698348521\n|gametype|singles\n|player|p1|idkimbadatpokemon|gambler|1253\n|player|p2|SzymonSmellz|ghetsis|1147\n|teamsize|p1|6\n|teamsize|p2|6\n|gen|9\n|tier|[Gen 9] Ubers\n|rated|\n|rule|Sleep Clause Mod: Limit one foe put to sleep\n|rule|Species Clause: Limit one of each Pok\u00e9mon\n|rule|OHKO Clause: OHKO moves are banned\n|rule|Evasion Items Clause: Evasion items are banned\n|rule|Evasion Moves Clause: Evasion moves are banned\n|rule|Endless Battle Clause: Forcing endless battles is banned\n|rule|HP Percentage Mod: HP is shown in percentages\n|clearpoke\n|poke|p1|Calyrex-Ice|\n|poke|p1|Pawmot, F|\n|poke|p1|Skeledirge, F|\n|poke|p1|Cresselia, F|\n|poke|p1|Ditto|\n|poke|p1|Arceus|\n|poke|p2|Calyrex-Ice|\n|poke|p2|Grimmsnarl, M|\n|poke|p2|Magearna|\n|poke|p2|Espathra, M|\n|poke|p2|Arceus|\n|poke|p2|Miraidon|\n|teampreview\n|inactive|Battle timer is ON: inactive players will automatically lose when time's up. (requested by SzymonSmellz)\n|c|\u2606idkimbadatpokemon|horse user spotted\n|\n|t:|1698348544\n|start\n|switch|p1a: Ditto|Ditto|100\/100\n|switch|p2a: Grimmsnarl|Grimmsnarl, M|100\/100\n|turn|1\n|c|\u2606SzymonSmellz|...\n|c|\u2606idkimbadatpokemon|i know\n|c|\u2606SzymonSmellz|did u forget imposter\n|c|\u2606idkimbadatpokemon|...\n|inactive|idkimbadatpokemon has 120 seconds left.\n|c|\u2606idkimbadatpokemon|yes.\n|\n|t:|1698348581\n|move|p2a: Grimmsnarl|Taunt|p1a: Ditto\n|-start|p1a: Ditto|move: Taunt\n|cant|p1a: Ditto|move: Taunt|Transform\n|\n|upkeep\n|turn|2\n|inactive|idkimbadatpokemon has 120 seconds left.\n|inactive|idkimbadatpokemon has 90 seconds left.\n|c|\u2606idkimbadatpokemon|i\n|c|\u2606idkimbadatpokemon|im sorry\n|\n|t:|1698348645\n|switch|p1a: slay queen slayyy|Arceus|100\/100\n|move|p2a: Grimmsnarl|Reflect|p2a: Grimmsnarl\n|-sidestart|p2: SzymonSmellz|Reflect\n|\n|upkeep\n|turn|3\n|\n|t:|1698348652\n|switch|p1a: MY BELOVED|Pawmot, F|100\/100\n|move|p2a: Grimmsnarl|Light Screen|p2a: Grimmsnarl\n|-sidestart|p2: SzymonSmellz|move: Light Screen\n|\n|upkeep\n|turn|4\n|\n|t:|1698348666\n|switch|p2a: Magearna|Magearna|100\/100\n|move|p1a: MY BELOVED|Brick Break|p2a: Magearna\n|-sideend|p2: SzymonSmellz|Reflect\n|-sideend|p2: SzymonSmellz|move: Light Screen\n|-damage|p2a: Magearna|70\/100\n|\n|upkeep\n|turn|5\n|\n|t:|1698348680\n|switch|p1a: Ditto|Ditto|100\/100\n|-terastallize|p2a: Magearna|Psychic\n|move|p2a: Magearna|Shift Gear|p2a: Magearna\n|-boost|p2a: Magearna|spe|2\n|-boost|p2a: Magearna|atk|1\n|\n|upkeep\n|turn|6\n|\n|t:|1698348699\n|move|p2a: Magearna|Stored Power|p1a: Ditto\n|-damage|p1a: Ditto|0 fnt\n|faint|p1a: Ditto\n|-ability|p2a: Magearna|Soul-Heart|boost\n|-boost|p2a: Magearna|spa|1\n|\n|upkeep\n|c|\u2606idkimbadatpokemon|why did you do that that was mean\n|inactive|idkimbadatpokemon has 60 seconds left.\n|c|\u2606SzymonSmellz|u have skeledirge\n|c|\u2606SzymonSmellz|why arent you using it\n|c|\u2606idkimbadatpokemon|he didn't do anything to you\n|inactive|idkimbadatpokemon has 30 seconds left.\n|\n|t:|1698348754\n|switch|p1a: MY BELOVED|Pawmot, F|100\/100\n|turn|7\n|\n|t:|1698348760\n|move|p1a: MY BELOVED|Revival Blessing|p1a: MY BELOVED\n|\n|t:|1698348762\n|-heal|p1: Ditto|50\/100|[from] move: Revival Blessing\n|move|p2a: Magearna|Shift Gear|p2a: Magearna\n|-boost|p2a: Magearna|spe|2\n|-boost|p2a: Magearna|atk|1\n|\n|upkeep\n|turn|8\n|c|\u2606idkimbadatpokemon|im bringing my precious blob back\n|inactive|idkimbadatpokemon has 30 seconds left.\n|\n|t:|1698348788\n|move|p2a: Magearna|Shift Gear|p2a: Magearna\n|-boost|p2a: Magearna|spe|2\n|-boost|p2a: Magearna|atk|1\n|-activate|p1a: MY BELOVED|move: Struggle\n|move|p1a: MY BELOVED|Struggle|p2a: Magearna\n|-damage|p2a: Magearna|56\/100\n|-damage|p1a: MY BELOVED|76\/100|[from] recoil\n|\n|upkeep\n|turn|9\n|\n|t:|1698348797\n|move|p2a: Magearna|Calm Mind|p2a: Magearna\n|-boost|p2a: Magearna|spa|1\n|-boost|p2a: Magearna|spd|1\n|-activate|p1a: MY BELOVED|move: Struggle\n|move|p1a: MY BELOVED|Struggle|p2a: Magearna\n|-damage|p2a: Magearna|42\/100\n|-damage|p1a: MY BELOVED|51\/100|[from] recoil\n|\n|upkeep\n|turn|10\n|\n|t:|1698348804\n|move|p2a: Magearna|Stored Power|p1a: MY BELOVED\n|-supereffective|p1a: MY BELOVED\n|-damage|p1a: MY BELOVED|0 fnt\n|faint|p1a: MY BELOVED\n|-ability|p2a: Magearna|Soul-Heart|boost\n|-boost|p2a: Magearna|spa|1\n|\n|upkeep\n|\n|t:|1698348815\n|switch|p1a: slay queen slayyy|Arceus|100\/100\n|turn|11\n|\n|t:|1698348819\n|-terastallize|p1a: slay queen slayyy|Normal\n|move|p1a: slay queen slayyy|Extreme Speed|p2a: Magearna\n|-crit|p2a: Magearna\n|-damage|p2a: Magearna|0 fnt\n|faint|p2a: Magearna\n|\n|upkeep\n|\n|t:|1698348825\n|switch|p2a: Miraidon|Miraidon|100\/100\n|-fieldstart|move: Electric Terrain|[from] ability: Hadron Engine|[of] p2a: Miraidon\n|turn|12\n|\n|t:|1698348829\n|move|p1a: slay queen slayyy|Extreme Speed|p2a: Miraidon\n|-damage|p2a: Miraidon|54\/100\n|move|p2a: Miraidon|Calm Mind|p2a: Miraidon\n|-boost|p2a: Miraidon|spa|1\n|-boost|p2a: Miraidon|spd|1\n|\n|-heal|p2a: Miraidon|60\/100|[from] item: Leftovers\n|upkeep\n|turn|13\n|\n|t:|1698348836\n|move|p1a: slay queen slayyy|Extreme Speed|p2a: Miraidon\n|-damage|p2a: Miraidon|11\/100\n|move|p2a: Miraidon|Parabolic Charge|p1a: slay queen slayyy\n|-damage|p1a: slay queen slayyy|25\/100\n|-heal|p2a: Miraidon|47\/100|[from] drain|[of] p1a: slay queen slayyy\n|\n|-heal|p2a: Miraidon|53\/100|[from] item: Leftovers\n|upkeep\n|turn|14\n|\n|t:|1698348847\n|move|p1a: slay queen slayyy|Extreme Speed|p2a: Miraidon\n|-crit|p2a: Miraidon\n|-damage|p2a: Miraidon|0 fnt\n|faint|p2a: Miraidon\n|\n|upkeep\n|\n|t:|1698348854\n|switch|p2a: Calyrex|Calyrex-Ice|100\/100\n|-ability|p2a: Calyrex|As One\n|-ability|p2a: Calyrex|Unnerve\n|turn|15\n|c|\u2606idkimbadatpokemon|we always get it baby let's go\n|\n|t:|1698348874\n|move|p1a: slay queen slayyy|Swords Dance|p1a: slay queen slayyy\n|-boost|p1a: slay queen slayyy|atk|2\n|move|p2a: Calyrex|Trick Room|p2a: Calyrex\n|-fieldstart|move: Trick Room|[of] p2a: Calyrex\n|\n|upkeep\n|turn|16\n|\n|t:|1698348879\n|move|p1a: slay queen slayyy|Extreme Speed|p2a: Calyrex\n|-damage|p2a: Calyrex|32\/100\n|move|p2a: Calyrex|Glacial Lance|p1a: slay queen slayyy\n|-damage|p1a: slay queen slayyy|0 fnt\n|faint|p1a: slay queen slayyy\n|-ability|p2a: Calyrex|Chilling Neigh|boost\n|-boost|p2a: Calyrex|atk|1\n|\n|-fieldend|move: Electric Terrain\n|upkeep\n|\n|t:|1698348895\n|switch|p1a: CROCODIIIIILE|Skeledirge, F|100\/100\n|turn|17\n|\n|t:|1698348900\n|move|p2a: Calyrex|High Horsepower|p1a: CROCODIIIIILE\n|-supereffective|p1a: CROCODIIIIILE\n|-damage|p1a: CROCODIIIIILE|49\/100\n|move|p1a: CROCODIIIIILE|Yawn|p2a: Calyrex\n|-start|p2a: Calyrex|move: Yawn|[of] p1a: CROCODIIIIILE\n|\n|upkeep\n|turn|18\n|c|\u2606idkimbadatpokemon|they are eepy\n|\n|t:|1698348923\n|move|p2a: Calyrex|High Horsepower|p1a: CROCODIIIIILE\n|-supereffective|p1a: CROCODIIIIILE\n|-damage|p1a: CROCODIIIIILE|0 fnt\n|faint|p1a: CROCODIIIIILE\n|-ability|p2a: Calyrex|Chilling Neigh|boost\n|-boost|p2a: Calyrex|atk|1\n|\n|-end|p2a: Calyrex|move: Yawn|[silent]\n|-status|p2a: Calyrex|slp\n|upkeep\n|\n|t:|1698348930\n|switch|p1a: Ditto|Ditto|50\/100\n|turn|19\n|inactive|SzymonSmellz has 120 seconds left.\n|\n|t:|1698348964\n|switch|p2a: Arceus|Arceus|100\/100\n|move|p1a: Ditto|Transform|p2a: Arceus\n|-transform|p1a: Ditto|p2a: Arceus\n|\n|-fieldend|move: Trick Room\n|upkeep\n|turn|20\n|\n|t:|1698348975\n|move|p1a: Ditto|Extreme Speed|p2a: Arceus\n|-damage|p2a: Arceus|69\/100\n|move|p2a: Arceus|Extreme Speed|p1a: Ditto\n|-damage|p1a: Ditto|0 fnt\n|faint|p1a: Ditto\n|\n|upkeep\n|\n|t:|1698348983\n|switch|p1a: BIG HORSE|Calyrex-Ice|100\/100\n|-ability|p1a: BIG HORSE|As One\n|-ability|p1a: BIG HORSE|Unnerve\n|turn|21\n|\n|t:|1698348988\n|move|p2a: Arceus|Shadow Claw|p1a: BIG HORSE\n|-supereffective|p1a: BIG HORSE\n|-damage|p1a: BIG HORSE|72\/100\n|move|p1a: BIG HORSE|Trick Room|p1a: BIG HORSE\n|-fieldstart|move: Trick Room|[of] p1a: BIG HORSE\n|\n|upkeep\n|turn|22\n|\n|t:|1698348999\n|move|p2a: Arceus|Extreme Speed|p1a: BIG HORSE\n|-damage|p1a: BIG HORSE|38\/100\n|move|p1a: BIG HORSE|Glacial Lance|p2a: Arceus\n|-damage|p2a: Arceus|17\/100\n|\n|upkeep\n|turn|23\n|\n|t:|1698349007\n|move|p2a: Arceus|Extreme Speed|p1a: BIG HORSE\n|-damage|p1a: BIG HORSE|6\/100\n|move|p1a: BIG HORSE|Glacial Lance|p2a: Arceus\n|-damage|p2a: Arceus|0 fnt\n|faint|p2a: Arceus\n|-ability|p1a: BIG HORSE|Chilling Neigh|boost\n|-boost|p1a: BIG HORSE|atk|1\n|\n|upkeep\n|\n|t:|1698349012\n|switch|p2a: Grimmsnarl|Grimmsnarl, M|100\/100\n|turn|24\n|inactive|idkimbadatpokemon has 90 seconds left.\n|\n|t:|1698349028\n|move|p2a: Grimmsnarl|Reflect|p2a: Grimmsnarl\n|-sidestart|p2: SzymonSmellz|Reflect\n|move|p1a: BIG HORSE|Glacial Lance|p2a: Grimmsnarl\n|-damage|p2a: Grimmsnarl|23\/100\n|\n|upkeep\n|turn|25\n|\n|t:|1698349035\n|switch|p1a: do it again.|Cresselia, F|100\/100\n|switch|p2a: Calyrex|Calyrex-Ice|32\/100 slp\n|-ability|p2a: Calyrex|As One\n|-ability|p2a: Calyrex|Unnerve\n|\n|-fieldend|move: Trick Room\n|upkeep\n|turn|26\n|\n|t:|1698349048\n|switch|p2a: Espathra|Espathra, M, shiny|100\/100\n|move|p1a: do it again.|Psychic|p2a: Espathra\n|-resisted|p2a: Espathra\n|-damage|p2a: Espathra|85\/100\n|\n|upkeep\n|turn|27\n|\n|t:|1698349058\n|move|p2a: Espathra|Calm Mind|p2a: Espathra\n|-boost|p2a: Espathra|spa|1\n|-boost|p2a: Espathra|spd|1\n|move|p1a: do it again.|Trick Room|p1a: do it again.\n|-fieldstart|move: Trick Room|[of] p1a: do it again.\n|\n|-ability|p2a: Espathra|Speed Boost|boost\n|-boost|p2a: Espathra|spe|1\n|upkeep\n|turn|28\n|\n|t:|1698349066\n|move|p1a: do it again.|Lunar Dance|p1a: do it again.\n|faint|p1a: do it again.\n|move|p2a: Espathra|Calm Mind|p2a: Espathra\n|-boost|p2a: Espathra|spa|1\n|-boost|p2a: Espathra|spd|1\n|\n|-ability|p2a: Espathra|Speed Boost|boost\n|-boost|p2a: Espathra|spe|1\n|upkeep\n|\n|t:|1698349073\n|switch|p1a: BIG HORSE|Calyrex-Ice|6\/100\n|-ability|p1a: BIG HORSE|As One\n|-ability|p1a: BIG HORSE|Unnerve\n|-heal|p1a: BIG HORSE|100\/100|[from] move: Lunar Dance\n|turn|29\n|inactive|idkimbadatpokemon has 90 seconds left.\n|c|\u2606idkimbadatpokemon|this the greatest game of pokemon i ever did play btw\n|\n|t:|1698349112\n|move|p2a: Espathra|Protect|p2a: Espathra\n|-singleturn|p2a: Espathra|Protect\n|move|p1a: BIG HORSE|Crunch|p2a: Espathra\n|-activate|p2a: Espathra|move: Protect\n|\n|-ability|p2a: Espathra|Speed Boost|boost\n|-boost|p2a: Espathra|spe|1\n|upkeep\n|turn|30\n|\n|t:|1698349120\n|move|p1a: BIG HORSE|Crunch|p2a: Espathra\n|-supereffective|p2a: Espathra\n|-damage|p2a: Espathra|50\/100\n|move|p2a: Espathra|Roost|p2a: Espathra\n|-heal|p2a: Espathra|99\/100\n|-singleturn|p2a: Espathra|move: Roost\n|\n|-ability|p2a: Espathra|Speed Boost|boost\n|-boost|p2a: Espathra|spe|1\n|upkeep\n|turn|31\n|inactive|idkimbadatpokemon has 90 seconds left.\n|\n|t:|1698349130\n|move|p1a: BIG HORSE|Crunch|p2a: Espathra\n|-supereffective|p2a: Espathra\n|-crit|p2a: Espathra\n|-damage|p2a: Espathra|0 fnt\n|faint|p2a: Espathra\n|-ability|p1a: BIG HORSE|Chilling Neigh|boost\n|-boost|p1a: BIG HORSE|atk|1\n|\n|-sideend|p2: SzymonSmellz|Reflect\n|-fieldend|move: Trick Room\n|upkeep\n|c|\u2606SzymonSmellz|ISTG\n|c|\u2606SzymonSmellz|CRITS\n|c|\u2606SzymonSmellz|MAKE ME WANNA KMS\n|inactive|SzymonSmellz has 120 seconds left.\n|\n|t:|1698349163\n|switch|p2a: Calyrex|Calyrex-Ice|32\/100 slp\n|-ability|p2a: Calyrex|As One\n|-ability|p2a: Calyrex|Unnerve\n|turn|32\n|inactive|SzymonSmellz has 120 seconds left.\n|\n|t:|1698349175\n|cant|p2a: Calyrex|slp\n|move|p1a: BIG HORSE|Crunch|p2a: Calyrex\n|-supereffective|p2a: Calyrex\n|-damage|p2a: Calyrex|0 fnt\n|faint|p2a: Calyrex\n|-ability|p1a: BIG HORSE|Chilling Neigh|boost\n|-boost|p1a: BIG HORSE|atk|1\n|\n|upkeep\n|inactive|SzymonSmellz has 120 seconds left.\n|\n|t:|1698349203\n|switch|p2a: Grimmsnarl|Grimmsnarl, M|23\/100\n|turn|33\n|l|\u2606SzymonSmellz\n|inactive|SzymonSmellz disconnected and has a minute to reconnect!\n|player|p2|\n|\n|t:|1698349220\n|move|p2a: Grimmsnarl|Reflect|p2a: Grimmsnarl\n|-sidestart|p2: SzymonSmellz|Reflect\n|move|p1a: BIG HORSE|Glacial Lance|p2a: Grimmsnarl\n|-damage|p2a: Grimmsnarl|0 fnt\n|faint|p2a: Grimmsnarl\n|\n|win|idkimbadatpokemon\n|raw|idkimbadatpokemon's rating: 1253 &rarr; <strong>1271<\/strong><br \/>(+18 for winning)\n|raw|SzymonSmellz's rating: 1147 &rarr; <strong>1129<\/strong><br \/>(-18 for losing)\n","uploadtime":1698349562,"views":8,"p1id":"idkimbadatpokemon","p2id":"szymonsmellz","formatid":"gen9ubers","rating":1129,"private":0,"password":""}