{"id":"gen9ubers-1989431193","p1":"cyhtia","p2":"399186330qqcom","format":"[Gen 9] Ubers","log":"|j|\u2606cyhtia\n|j|\u2606399186330qqcom\n|t:|1699849460\n|gametype|singles\n|player|p1|cyhtia|1|1146\n|player|p2|399186330qqcom|266|1105\n|teamsize|p1|6\n|teamsize|p2|6\n|gen|9\n|tier|[Gen 9] Ubers\n|rated|\n|rule|Sleep Clause Mod: Limit one foe put to sleep\n|rule|Species Clause: Limit one of each Pok\u00e9mon\n|rule|OHKO Clause: OHKO moves are banned\n|rule|Evasion Items Clause: Evasion items are banned\n|rule|Evasion Moves Clause: Evasion moves are banned\n|rule|Endless Battle Clause: Forcing endless battles is banned\n|rule|HP Percentage Mod: HP is shown in percentages\n|clearpoke\n|poke|p1|Ursaluna-Bloodmoon, M|\n|poke|p1|Zapdos|\n|poke|p1|Zacian-*|\n|poke|p1|Eternatus|\n|poke|p1|Urshifu-*, M|\n|poke|p1|Ogerpon-Hearthflame, F|\n|poke|p2|Toxapex, F|\n|poke|p2|Zacian-*|\n|poke|p2|Volcanion|\n|poke|p2|Calyrex-Ice|\n|poke|p2|Eternatus|\n|poke|p2|Cryogonal|\n|teampreview\n|\n|t:|1699849469\n|start\n|switch|p1a: Ogerpon|Ogerpon-Hearthflame, F|100\/100\n|switch|p2a: Toxapex|Toxapex, F|100\/100\n|-ability|p1a: Ogerpon|Mold Breaker\n|turn|1\n|\n|t:|1699849481\n|-terastallize|p1a: Ogerpon|Fire\n|detailschange|p1a: Ogerpon|Ogerpon-Hearthflame-Tera, F, tera:Fire\n|-ability|p1a: Ogerpon|Embody Aspect (Hearthflame)|boost\n|-boost|p1a: Ogerpon|atk|1\n|move|p1a: Ogerpon|Power Whip|p2a: Toxapex\n|-damage|p2a: Toxapex|37\/100\n|move|p2a: Toxapex|Toxic Spikes|p1a: Ogerpon\n|-sidestart|p1: cyhtia|move: Toxic Spikes\n|\n|-heal|p2a: Toxapex|43\/100|[from] item: Leftovers\n|upkeep\n|turn|2\n|\n|t:|1699849498\n|move|p2a: Toxapex|Baneful Bunker|p2a: Toxapex\n|-singleturn|p2a: Toxapex|move: Protect\n|move|p1a: Ogerpon|Power Whip|p2a: Toxapex\n|-activate|p2a: Toxapex|move: Protect\n|-status|p1a: Ogerpon|psn\n|\n|-heal|p2a: Toxapex|50\/100|[from] item: Leftovers\n|-damage|p1a: Ogerpon|88\/100 psn|[from] psn\n|upkeep\n|turn|3\n|\n|t:|1699849511\n|move|p2a: Toxapex|Protect||[still]\n|-fail|p2a: Toxapex\n|move|p1a: Ogerpon|Power Whip|p2a: Toxapex\n|-damage|p2a: Toxapex|0 fnt\n|faint|p2a: Toxapex\n|\n|-damage|p1a: Ogerpon|76\/100 psn|[from] psn\n|upkeep\n|\n|t:|1699849525\n|switch|p2a: Volcanion|Volcanion|100\/100\n|turn|4\n|\n|t:|1699849531\n|switch|p1a: Zapdos|Zapdos, shiny|100\/100\n|move|p2a: Volcanion|Steam Eruption|p1a: Zapdos\n|-damage|p1a: Zapdos|42\/100\n|-status|p1a: Zapdos|brn\n|\n|-damage|p1a: Zapdos|36\/100 brn|[from] brn\n|upkeep\n|turn|5\n|\n|t:|1699849556\n|move|p1a: Zapdos|Thunder|p2a: Volcanion\n|-supereffective|p2a: Volcanion\n|-enditem|p2a: Volcanion|Focus Sash\n|-damage|p2a: Volcanion|1\/100\n|move|p2a: Volcanion|Focus Blast|p1a: Zapdos\n|-resisted|p1a: Zapdos\n|-damage|p1a: Zapdos|14\/100 brn\n|\n|-damage|p1a: Zapdos|8\/100 brn|[from] brn\n|upkeep\n|turn|6\n|\n|t:|1699849573\n|switch|p2a: Zacian|Zacian-Crowned|100\/100\n|-ability|p2a: Zacian|Intrepid Sword|boost\n|-boost|p2a: Zacian|atk|1\n|move|p1a: Zapdos|U-turn|p2a: Zacian\n|-resisted|p2a: Zacian\n|-damage|p2a: Zacian|99\/100\n|\n|t:|1699849582\n|switch|p1a: Ogerpon|Ogerpon-Hearthflame-Tera, F, tera:Fire|76\/100 psn|[from] U-turn\n|-ability|p1a: Ogerpon|Embody Aspect (Hearthflame)|boost\n|-boost|p1a: Ogerpon|atk|1\n|\n|-damage|p1a: Ogerpon|63\/100 psn|[from] psn\n|upkeep\n|turn|7\n|\n|t:|1699849604\n|-terastallize|p2a: Zacian|Ground\n|move|p2a: Zacian|Close Combat|p1a: Ogerpon\n|-damage|p1a: Ogerpon|0 fnt\n|-unboost|p2a: Zacian|def|1\n|-unboost|p2a: Zacian|spd|1\n|faint|p1a: Ogerpon\n|\n|upkeep\n|\n|t:|1699849613\n|switch|p1a: Urshifu|Urshifu-Rapid-Strike, M|100\/100\n|-status|p1a: Urshifu|psn\n|turn|8\n|\n|t:|1699849621\n|move|p2a: Zacian|Wild Charge|p1a: Urshifu\n|-supereffective|p1a: Urshifu\n|-damage|p1a: Urshifu|0 fnt\n|faint|p1a: Urshifu\n|-damage|p2a: Zacian|71\/100|[from] Recoil\n|\n|upkeep\n|\n|t:|1699849628\n|switch|p1a: Ursaluna|Ursaluna-Bloodmoon, M|100\/100\n|-status|p1a: Ursaluna|psn\n|turn|9\n|\n|t:|1699849637\n|move|p2a: Zacian|Close Combat|p1a: Ursaluna\n|-supereffective|p1a: Ursaluna\n|-damage|p1a: Ursaluna|4\/100 psn\n|-unboost|p2a: Zacian|def|1\n|-unboost|p2a: Zacian|spd|1\n|move|p1a: Ursaluna|Moonblast|p2a: Zacian\n|-damage|p2a: Zacian|15\/100\n|\n|-damage|p1a: Ursaluna|0 fnt|[from] psn\n|faint|p1a: Ursaluna\n|upkeep\n|l|\u2606cyhtia\n|player|p1|\n|inactive|Battle timer is ON: inactive players will automatically lose when time's up. (requested by 399186330qqcom)\n|inactive|cyhtia has 30 seconds to reconnect!\n|inactive|cyhtia has 20 seconds to reconnect!\n|inactive|cyhtia has 15 seconds to reconnect!\n|inactive|cyhtia has 10 seconds to reconnect!\n|inactive|cyhtia has 5 seconds to reconnect!\n|-message|cyhtia lost due to inactivity.\n|\n|win|399186330qqcom\n|raw|cyhtia's rating: 1146 &rarr; <strong>1118<\/strong><br \/>(-28 for losing)\n|raw|399186330qqcom's rating: 1105 &rarr; <strong>1133<\/strong><br \/>(+28 for winning)\n","uploadtime":1699849735,"views":17,"p1id":"cyhtia","p2id":"399186330qqcom","formatid":"gen9ubers","rating":1118,"private":0,"password":""}