{"id":"gen9ubers-1992085539","p1":"WARIOROFLIBERATION","p2":"LEONERROR500","format":"[Gen 9] Ubers","log":"|j|\u2606WARIOROFLIBERATION\n|j|\u2606LEONERROR500\n|t:|1700153852\n|gametype|singles\n|player|p1|WARIOROFLIBERATION|red-gen2|1560\n|player|p2|LEONERROR500|blackbelt-gen4dp|1445\n|teamsize|p1|6\n|teamsize|p2|6\n|gen|9\n|tier|[Gen 9] Ubers\n|rated|\n|rule|Sleep Clause Mod: Limit one foe put to sleep\n|rule|Species Clause: Limit one of each Pok\u00e9mon\n|rule|OHKO Clause: OHKO moves are banned\n|rule|Evasion Items Clause: Evasion items are banned\n|rule|Evasion Moves Clause: Evasion moves are banned\n|rule|Endless Battle Clause: Forcing endless battles is banned\n|rule|HP Percentage Mod: HP is shown in percentages\n|clearpoke\n|poke|p1|Ursaluna, M|\n|poke|p1|Magearna|\n|poke|p1|Calyrex-Ice|\n|poke|p1|Basculegion, M|\n|poke|p1|Hatterene, F|\n|poke|p1|Dialga-Origin|\n|poke|p2|Miraidon|\n|poke|p2|Skeledirge, M|\n|poke|p2|Clodsire, F|\n|poke|p2|Zacian-*|\n|poke|p2|Glimmora, M|\n|poke|p2|Chien-Pao|\n|teampreview\n|inactive|Battle timer is ON: inactive players will automatically lose when time's up. (requested by LEONERROR500)\n|\n|t:|1700153911\n|start\n|switch|p1a: PERONA|Hatterene, F|100\/100\n|switch|p2a: Zacian|Zacian-Crowned|100\/100\n|-ability|p2a: Zacian|Intrepid Sword|boost\n|-boost|p2a: Zacian|atk|1\n|turn|1\n|\n|t:|1700153920\n|move|p2a: Zacian|Behemoth Blade|p1a: PERONA\n|-supereffective|p1a: PERONA\n|-enditem|p1a: PERONA|Focus Sash\n|-damage|p1a: PERONA|1\/100\n|move|p1a: PERONA|Trick Room|p1a: PERONA\n|-fieldstart|move: Trick Room|[of] p1a: PERONA\n|\n|upkeep\n|turn|2\n|\n|t:|1700153923\n|move|p1a: PERONA|Healing Wish|p1a: PERONA\n|faint|p1a: PERONA\n|move|p2a: Zacian|Behemoth Blade|p1: PERONA|[notarget]\n|-fail|p2a: Zacian\n|\n|upkeep\n|\n|t:|1700153939\n|switch|p1a: KAIDO|Dialga-Origin, shiny|100\/100\n|-ability|p1a: KAIDO|Pressure\n|turn|3\n|\n|t:|1700153943\n|switch|p2a: Clodsire|Clodsire, F|100\/100\n|move|p1a: KAIDO|Stealth Rock|p2a: Clodsire\n|-sidestart|p2: LEONERROR500|move: Stealth Rock\n|\n|upkeep\n|turn|4\n|\n|t:|1700153970\n|switch|p1a: BROOK|Basculegion, M, shiny|100\/100\n|move|p2a: Clodsire|Spikes|p1a: BROOK\n|-sidestart|p1: WARIOROFLIBERATION|Spikes\n|\n|upkeep\n|turn|5\n|\n|t:|1700153974\n|switch|p2a: Skeledirge|Skeledirge, M|100\/100\n|move|p1a: BROOK|Last Respects|p2a: Skeledirge\n|-supereffective|p2a: Skeledirge\n|-damage|p2a: Skeledirge|0 fnt\n|faint|p2a: Skeledirge\n|\n|-fieldend|move: Trick Room\n|upkeep\n|\n|t:|1700153980\n|switch|p2a: Glimmora|Glimmora, M|100\/100\n|-damage|p2a: Glimmora|88\/100|[from] Stealth Rock\n|turn|6\n|\n|t:|1700153992\n|switch|p1a: REIJU|Magearna|100\/100\n|-damage|p1a: REIJU|88\/100|[from] Spikes\n|move|p2a: Glimmora|Stealth Rock|p1a: REIJU\n|-sidestart|p1: WARIOROFLIBERATION|move: Stealth Rock\n|\n|upkeep\n|turn|7\n|\n|t:|1700154001\n|move|p2a: Glimmora|Spikes|p1a: REIJU\n|-sidestart|p1: WARIOROFLIBERATION|Spikes\n|move|p1a: REIJU|Trick Room|p1a: REIJU\n|-fieldstart|move: Trick Room|[of] p1a: REIJU\n|\n|upkeep\n|turn|8\n|\n|t:|1700154005\n|move|p1a: REIJU|Steel Beam|p2a: Glimmora\n|-supereffective|p2a: Glimmora\n|-damage|p2a: Glimmora|0 fnt\n|-damage|p1a: REIJU|38\/100|[from] steelbeam\n|faint|p2a: Glimmora\n|-ability|p1a: REIJU|Soul-Heart|boost\n|-boost|p1a: REIJU|spa|1\n|\n|upkeep\n|\n|t:|1700154009\n|switch|p2a: Clodsire|Clodsire, F|100\/100\n|-damage|p2a: Clodsire|94\/100|[from] Stealth Rock\n|turn|9\n|j| Itsmeheats\n|\n|t:|1700154034\n|move|p2a: Clodsire|Spikes|p1a: REIJU\n|-sidestart|p1: WARIOROFLIBERATION|Spikes\n|move|p1a: REIJU|Steel Beam|p2a: Clodsire\n|-damage|p2a: Clodsire|49\/100\n|-damage|p1a: REIJU|0 fnt|[from] steelbeam\n|faint|p1a: REIJU\n|\n|-heal|p2a: Clodsire|55\/100|[from] item: Leftovers\n|upkeep\n|inactive|WARIOROFLIBERATION has 120 seconds left.\n|\n|t:|1700154069\n|switch|p1a: KUMA|Ursaluna, M, shiny|100\/100\n|-damage|p1a: KUMA|75\/100|[from] Spikes\n|-damage|p1a: KUMA|69\/100|[from] Stealth Rock\n|turn|10\n|\n|t:|1700154076\n|move|p2a: Clodsire|Toxic|p1a: KUMA\n|-status|p1a: KUMA|tox\n|move|p1a: KUMA|Headlong Rush|p2a: Clodsire\n|-supereffective|p2a: Clodsire\n|-damage|p2a: Clodsire|0 fnt\n|-unboost|p1a: KUMA|def|1\n|-unboost|p1a: KUMA|spd|1\n|faint|p2a: Clodsire\n|\n|-damage|p1a: KUMA|63\/100 tox|[from] psn\n|upkeep\n|\n|t:|1700154090\n|switch|p2a: Zacian|Zacian-Crowned|100\/100\n|-damage|p2a: Zacian|94\/100|[from] Stealth Rock\n|turn|11\n|\n|t:|1700154107\n|move|p1a: KUMA|Fling|p2a: Zacian\n|-resisted|p2a: Zacian\n|-damage|p2a: Zacian|85\/100\n|-status|p2a: Zacian|brn\n|-enditem|p1a: KUMA|Flame Orb|[from] move: Fling\n|move|p2a: Zacian|Behemoth Blade|p1a: KUMA\n|-damage|p1a: KUMA|31\/100 tox\n|\n|-damage|p1a: KUMA|18\/100 tox|[from] psn\n|-damage|p2a: Zacian|79\/100 brn|[from] brn\n|-fieldend|move: Trick Room\n|upkeep\n|turn|12\n|inactive|WARIOROFLIBERATION has 90 seconds left.\n|\n|t:|1700154140\n|switch|p1a: KAIDO|Dialga-Origin, shiny|100\/100\n|-damage|p1a: KAIDO|76\/100|[from] Spikes\n|-damage|p1a: KAIDO|69\/100|[from] Stealth Rock\n|-ability|p1a: KAIDO|Pressure\n|move|p2a: Zacian|Swords Dance|p2a: Zacian\n|-boost|p2a: Zacian|atk|2\n|\n|-damage|p2a: Zacian|73\/100 brn|[from] brn\n|upkeep\n|turn|13\n|\n|t:|1700154147\n|move|p2a: Zacian|Play Rough|p1a: KAIDO\n|-damage|p1a: KAIDO|33\/100\n|-unboost|p1a: KAIDO|atk|1\n|move|p1a: KAIDO|Trick Room|p1a: KAIDO\n|-fieldstart|move: Trick Room|[of] p1a: KAIDO\n|\n|-damage|p2a: Zacian|67\/100 brn|[from] brn\n|upkeep\n|turn|14\n|inactive|WARIOROFLIBERATION has 90 seconds left.\n|\n|t:|1700154153\n|move|p1a: KAIDO|Steel Beam|p2a: Zacian\n|-damage|p2a: Zacian|0 fnt\n|-damage|p1a: KAIDO|0 fnt|[from] steelbeam\n|faint|p1a: KAIDO\n|faint|p2a: Zacian\n|\n|upkeep\n|inactive|WARIOROFLIBERATION has 90 seconds left.\n|\n|t:|1700154165\n|switch|p1a: BROOK|Basculegion, M, shiny|100\/100\n|switch|p2a: Miraidon|Miraidon|100\/100\n|-damage|p1a: BROOK|76\/100|[from] Spikes\n|-damage|p1a: BROOK|63\/100|[from] Stealth Rock\n|-damage|p2a: Miraidon|88\/100|[from] Stealth Rock\n|-fieldstart|move: Electric Terrain|[from] ability: Hadron Engine|[of] p2a: Miraidon\n|turn|15\n|\n|t:|1700154169\n|-terastallize|p1a: BROOK|Fairy\n|move|p1a: BROOK|Last Respects|p2a: Miraidon\n|-damage|p2a: Miraidon|0 fnt\n|faint|p2a: Miraidon\n|\n|upkeep\n|\n|t:|1700154174\n|switch|p2a: Chien-Pao|Chien-Pao|100\/100\n|-damage|p2a: Chien-Pao|76\/100|[from] Stealth Rock\n|-ability|p2a: Chien-Pao|Sword of Ruin\n|turn|16\n|\n|t:|1700154178\n|move|p2a: Chien-Pao|Ice Shard|p1a: BROOK\n|-damage|p1a: BROOK|33\/100\n|move|p1a: BROOK|Last Respects|p2a: Chien-Pao\n|-resisted|p2a: Chien-Pao\n|-damage|p2a: Chien-Pao|0 fnt\n|faint|p2a: Chien-Pao\n|\n|win|WARIOROFLIBERATION\n|raw|WARIOROFLIBERATION's rating: 1560 &rarr; <strong>1574<\/strong><br \/>(+14 for winning)\n|raw|LEONERROR500's rating: 1445 &rarr; <strong>1431<\/strong><br \/>(-14 for losing)\n","uploadtime":1700154186,"views":7,"p1id":"wariorofliberation","p2id":"leonerror500","formatid":"gen9ubers","rating":1431,"private":0,"password":""}