{"id":"gen9ubers-1983098966","p1":"Citrusfunk","p2":"Seanproh","format":"[Gen 9] Ubers","log":"|j|\u2606Citrusfunk\n|j|\u2606Seanproh\n|t:|1699085691\n|gametype|singles\n|player|p1|Citrusfunk|alec-anime|1120\n|player|p2|Seanproh|265|1000\n|teamsize|p1|6\n|teamsize|p2|6\n|gen|9\n|tier|[Gen 9] Ubers\n|rated|\n|rule|Sleep Clause Mod: Limit one foe put to sleep\n|rule|Species Clause: Limit one of each Pok\u00e9mon\n|rule|OHKO Clause: OHKO moves are banned\n|rule|Evasion Items Clause: Evasion items are banned\n|rule|Evasion Moves Clause: Evasion moves are banned\n|rule|Endless Battle Clause: Forcing endless battles is banned\n|rule|HP Percentage Mod: HP is shown in percentages\n|clearpoke\n|poke|p1|Charizard, M|\n|poke|p1|Crawdaunt, M|\n|poke|p1|Ursaluna-Bloodmoon, M|\n|poke|p1|Kommo-o, M|\n|poke|p1|Ninetales-Alola, M|\n|poke|p1|Sinistcha|\n|poke|p2|Regidrago|\n|poke|p2|Froslass, F|\n|poke|p2|Tinkaton, F|\n|poke|p2|Greninja-*, M|\n|poke|p2|Zamazenta-*|\n|poke|p2|Cresselia, F|\n|teampreview\n|inactive|Battle timer is ON: inactive players will automatically lose when time's up. (requested by Citrusfunk)\n|\n|t:|1699085702\n|start\n|switch|p1a: Cool ass freezer|Ninetales-Alola, M|100\/100\n|switch|p2a: Tinkaton|Tinkaton, F|100\/100\n|-weather|Snow|[from] ability: Snow Warning|[of] p1a: Cool ass freezer\n|-ability|p2a: Tinkaton|Mold Breaker\n|turn|1\n|\n|t:|1699085712\n|move|p1a: Cool ass freezer|Aurora Veil|p1a: Cool ass freezer\n|-sidestart|p1: Citrusfunk|move: Aurora Veil\n|move|p2a: Tinkaton|Gigaton Hammer|p1a: Cool ass freezer\n|-supereffective|p1a: Cool ass freezer\n|-damage|p1a: Cool ass freezer|0 fnt\n|faint|p1a: Cool ass freezer\n|\n|-weather|Snow|[upkeep]\n|upkeep\n|\n|t:|1699085727\n|switch|p1a: Lean|Sinistcha|100\/100\n|turn|2\n|\n|t:|1699085738\n|move|p2a: Tinkaton|Ice Hammer|p1a: Lean|[miss]\n|-miss|p2a: Tinkaton|p1a: Lean\n|move|p1a: Lean|Iron Defense|p1a: Lean\n|-boost|p1a: Lean|def|2\n|\n|-weather|Snow|[upkeep]\n|upkeep\n|turn|3\n|\n|t:|1699085746\n|-terastallize|p1a: Lean|Poison\n|move|p2a: Tinkaton|Rock Slide|p1a: Lean\n|-damage|p1a: Lean|97\/100\n|move|p1a: Lean|Strength Sap|p2a: Tinkaton\n|-unboost|p2a: Tinkaton|atk|1\n|-heal|p1a: Lean|100\/100\n|\n|-weather|Snow|[upkeep]\n|upkeep\n|turn|4\n|\n|t:|1699085758\n|move|p2a: Tinkaton|Gigaton Hammer|p1a: Lean\n|-damage|p1a: Lean|94\/100\n|move|p1a: Lean|Calm Mind|p1a: Lean\n|-boost|p1a: Lean|spa|1\n|-boost|p1a: Lean|spd|1\n|\n|-weather|Snow|[upkeep]\n|-heal|p1a: Lean|99\/100|[from] item: Leftovers\n|upkeep\n|turn|5\n|\n|t:|1699085767\n|move|p2a: Tinkaton|Steel Beam|p1a: Lean\n|-damage|p1a: Lean|84\/100\n|-damage|p2a: Tinkaton|50\/100|[from] steelbeam\n|move|p1a: Lean|Calm Mind|p1a: Lean\n|-boost|p1a: Lean|spa|1\n|-boost|p1a: Lean|spd|1\n|\n|-weather|none\n|-heal|p1a: Lean|90\/100|[from] item: Leftovers\n|upkeep\n|turn|6\n|\n|t:|1699085786\n|switch|p2a: Cresselia|Cresselia, F|100\/100\n|move|p1a: Lean|Iron Defense|p1a: Lean\n|-boost|p1a: Lean|def|2\n|\n|-heal|p1a: Lean|96\/100|[from] item: Leftovers\n|upkeep\n|turn|7\n|\n|t:|1699085796\n|move|p2a: Cresselia|Shadow Ball|p1a: Lean\n|-damage|p1a: Lean|91\/100\n|-unboost|p1a: Lean|spd|1\n|move|p1a: Lean|Matcha Gotcha|p2a: Cresselia|[miss]\n|-miss|p1a: Lean|p2a: Cresselia\n|\n|-heal|p1a: Lean|97\/100|[from] item: Leftovers\n|upkeep\n|turn|8\n|\n|t:|1699085807\n|move|p2a: Cresselia|Psycho Cut|p1a: Lean\n|-supereffective|p1a: Lean\n|-damage|p1a: Lean|90\/100\n|move|p1a: Lean|Calm Mind|p1a: Lean\n|-boost|p1a: Lean|spa|1\n|-boost|p1a: Lean|spd|1\n|\n|-heal|p1a: Lean|96\/100|[from] item: Leftovers\n|-sideend|p1: Citrusfunk|move: Aurora Veil\n|upkeep\n|turn|9\n|\n|t:|1699085821\n|move|p2a: Cresselia|Zen Headbutt|p1a: Lean\n|-supereffective|p1a: Lean\n|-damage|p1a: Lean|78\/100\n|move|p1a: Lean|Strength Sap|p2a: Cresselia\n|-unboost|p2a: Cresselia|atk|1\n|-heal|p1a: Lean|100\/100\n|\n|upkeep\n|turn|10\n|\n|t:|1699085840\n|move|p2a: Cresselia|Moonblast|p1a: Lean\n|-resisted|p1a: Lean\n|-damage|p1a: Lean|95\/100\n|move|p1a: Lean|Calm Mind|p1a: Lean\n|-boost|p1a: Lean|spa|1\n|-boost|p1a: Lean|spd|1\n|\n|-heal|p1a: Lean|100\/100|[from] item: Leftovers\n|upkeep\n|turn|11\n|\n|t:|1699085852\n|move|p2a: Cresselia|Moonblast|p1a: Lean\n|-resisted|p1a: Lean\n|-damage|p1a: Lean|96\/100\n|move|p1a: Lean|Matcha Gotcha|p2a: Cresselia\n|-enditem|p2a: Cresselia|Focus Sash\n|-damage|p2a: Cresselia|1\/100\n|-heal|p1a: Lean|100\/100|[from] drain|[of] p2a: Cresselia\n|\n|upkeep\n|turn|12\n|\n|t:|1699085864\n|move|p2a: Cresselia|Moonblast|p1a: Lean\n|-resisted|p1a: Lean\n|-crit|p1a: Lean\n|-damage|p1a: Lean|83\/100\n|move|p1a: Lean|Matcha Gotcha|p2a: Cresselia\n|-damage|p2a: Cresselia|0 fnt\n|-heal|p1a: Lean|83\/100|[from] drain|[of] p2a: Cresselia\n|faint|p2a: Cresselia\n|\n|-heal|p1a: Lean|89\/100|[from] item: Leftovers\n|upkeep\n|\n|t:|1699085879\n|switch|p2a: Greninja|Greninja, M|100\/100\n|turn|13\n|\n|t:|1699085887\n|move|p2a: Greninja|Dark Pulse|p1a: Lean\n|-damage|p1a: Lean|72\/100\n|move|p1a: Lean|Matcha Gotcha|p2a: Greninja\n|-supereffective|p2a: Greninja\n|-damage|p2a: Greninja|0 fnt\n|-heal|p1a: Lean|100\/100|[from] drain|[of] p2a: Greninja\n|faint|p2a: Greninja\n|\n|upkeep\n|\n|t:|1699085899\n|switch|p2a: Regidrago|Regidrago|100\/100\n|turn|14\n|\n|t:|1699085905\n|move|p2a: Regidrago|Fire Fang|p1a: Lean\n|-damage|p1a: Lean|97\/100\n|move|p1a: Lean|Matcha Gotcha|p2a: Regidrago|[miss]\n|-miss|p1a: Lean|p2a: Regidrago\n|\n|-heal|p1a: Lean|100\/100|[from] item: Leftovers\n|upkeep\n|turn|15\n|\n|t:|1699085920\n|move|p2a: Regidrago|Draco Meteor|p1a: Lean\n|-damage|p1a: Lean|60\/100\n|-unboost|p2a: Regidrago|spa|2\n|move|p1a: Lean|Calm Mind|p1a: Lean\n|-boost|p1a: Lean|spa|1\n|-boost|p1a: Lean|spd|1\n|\n|-heal|p1a: Lean|66\/100|[from] item: Leftovers\n|upkeep\n|turn|16\n|\n|t:|1699085930\n|move|p2a: Regidrago|Draco Meteor|p1a: Lean\n|-damage|p1a: Lean|49\/100\n|-unboost|p2a: Regidrago|spa|2\n|move|p1a: Lean|Calm Mind|p1a: Lean\n|-boost|p1a: Lean|spa|1\n|-boost|p1a: Lean|spd|1\n|\n|-heal|p1a: Lean|55\/100|[from] item: Leftovers\n|upkeep\n|turn|17\n|\n|t:|1699085940\n|move|p2a: Regidrago|Draco Meteor|p1a: Lean\n|-damage|p1a: Lean|46\/100\n|-unboost|p2a: Regidrago|spa|2\n|move|p1a: Lean|Calm Mind|p1a: Lean\n|-boost|p1a: Lean|spa|0\n|-boost|p1a: Lean|spd|1\n|\n|-heal|p1a: Lean|53\/100|[from] item: Leftovers\n|upkeep\n|turn|18\n|\n|t:|1699085950\n|move|p2a: Regidrago|Draco Meteor|p1a: Lean\n|-damage|p1a: Lean|46\/100\n|move|p1a: Lean|Iron Defense|p1a: Lean\n|-boost|p1a: Lean|def|2\n|\n|-heal|p1a: Lean|53\/100|[from] item: Leftovers\n|upkeep\n|turn|19\n|\n|t:|1699085961\n|move|p2a: Regidrago|Fire Fang|p1a: Lean\n|-damage|p1a: Lean|50\/100\n|-status|p1a: Lean|brn\n|move|p1a: Lean|Matcha Gotcha|p2a: Regidrago\n|-resisted|p2a: Regidrago\n|-damage|p2a: Regidrago|19\/100\n|-heal|p1a: Lean|100\/100 brn|[from] drain|[of] p2a: Regidrago\n|\n|-damage|p1a: Lean|98\/100 brn|[from] brn\n|upkeep\n|turn|20\n|\n|t:|1699085973\n|move|p2a: Regidrago|Draco Meteor|p1a: Lean\n|-damage|p1a: Lean|92\/100 brn\n|move|p1a: Lean|Matcha Gotcha|p2a: Regidrago|[miss]\n|-miss|p1a: Lean|p2a: Regidrago\n|\n|-heal|p1a: Lean|98\/100 brn|[from] item: Leftovers\n|-damage|p1a: Lean|95\/100 brn|[from] brn\n|upkeep\n|turn|21\n|\n|t:|1699085983\n|move|p2a: Regidrago|Draco Meteor|p1a: Lean\n|-damage|p1a: Lean|88\/100 brn\n|move|p1a: Lean|Matcha Gotcha|p2a: Regidrago\n|-resisted|p2a: Regidrago\n|-damage|p2a: Regidrago|0 fnt\n|-heal|p1a: Lean|100\/100 brn|[from] drain|[of] p2a: Regidrago\n|faint|p2a: Regidrago\n|\n|-damage|p1a: Lean|98\/100 brn|[from] brn\n|upkeep\n|\n|t:|1699085995\n|switch|p2a: Froslass|Froslass, F|100\/100\n|turn|22\n|\n|t:|1699086003\n|move|p2a: Froslass|Blizzard|p1a: Lean\n|-damage|p1a: Lean|87\/100 brn\n|move|p1a: Lean|Matcha Gotcha|p2a: Froslass\n|-damage|p2a: Froslass|0 fnt\n|-heal|p1a: Lean|100\/100 brn|[from] drain|[of] p2a: Froslass\n|faint|p2a: Froslass\n|\n|-damage|p1a: Lean|98\/100 brn|[from] brn\n|upkeep\n|\n|t:|1699086015\n|switch|p2a: Zamazenta|Zamazenta-Crowned|100\/100\n|-ability|p2a: Zamazenta|Dauntless Shield|boost\n|-boost|p2a: Zamazenta|def|1\n|turn|23\n|\n|t:|1699086024\n|move|p2a: Zamazenta|Protect|p2a: Zamazenta\n|-singleturn|p2a: Zamazenta|Protect\n|move|p1a: Lean|Strength Sap|p2a: Zamazenta\n|-activate|p2a: Zamazenta|move: Protect\n|\n|-heal|p1a: Lean|100\/100 brn|[from] item: Leftovers\n|-damage|p1a: Lean|98\/100 brn|[from] brn\n|upkeep\n|turn|24\n|\n|t:|1699086038\n|move|p2a: Zamazenta|Flash Cannon|p1a: Lean\n|-damage|p1a: Lean|90\/100 brn\n|move|p1a: Lean|Matcha Gotcha|p2a: Zamazenta\n|-resisted|p2a: Zamazenta\n|-damage|p2a: Zamazenta|40\/100\n|-heal|p1a: Lean|100\/100 brn|[from] drain|[of] p2a: Zamazenta\n|\n|-damage|p1a: Lean|98\/100 brn|[from] brn\n|upkeep\n|turn|25\n|\n|t:|1699086049\n|move|p2a: Zamazenta|Protect|p2a: Zamazenta\n|-singleturn|p2a: Zamazenta|Protect\n|move|p1a: Lean|Strength Sap|p2a: Zamazenta\n|-activate|p2a: Zamazenta|move: Protect\n|\n|-heal|p1a: Lean|100\/100 brn|[from] item: Leftovers\n|-damage|p1a: Lean|98\/100 brn|[from] brn\n|upkeep\n|turn|26\n|\n|t:|1699086061\n|move|p2a: Zamazenta|Ice Fang|p1a: Lean\n|-damage|p1a: Lean|93\/100 brn\n|move|p1a: Lean|Matcha Gotcha|p2a: Zamazenta|[miss]\n|-miss|p1a: Lean|p2a: Zamazenta\n|\n|-heal|p1a: Lean|99\/100 brn|[from] item: Leftovers\n|-damage|p1a: Lean|96\/100 brn|[from] brn\n|upkeep\n|turn|27\n|\n|t:|1699086070\n|move|p2a: Zamazenta|Ice Fang|p1a: Lean\n|-damage|p1a: Lean|92\/100 brn\n|move|p1a: Lean|Strength Sap|p2a: Zamazenta\n|-unboost|p2a: Zamazenta|atk|1\n|-heal|p1a: Lean|100\/100 brn\n|\n|-damage|p1a: Lean|98\/100 brn|[from] brn\n|upkeep\n|turn|28\n|\n|t:|1699086080\n|move|p2a: Zamazenta|Protect|p2a: Zamazenta\n|-singleturn|p2a: Zamazenta|Protect\n|move|p1a: Lean|Iron Defense|p1a: Lean\n|-boost|p1a: Lean|def|0\n|\n|-heal|p1a: Lean|100\/100 brn|[from] item: Leftovers\n|-damage|p1a: Lean|98\/100 brn|[from] brn\n|upkeep\n|turn|29\n|\n|t:|1699086091\n|move|p2a: Zamazenta|Ice Fang|p1a: Lean\n|-crit|p1a: Lean\n|-damage|p1a: Lean|69\/100 brn\n|move|p1a: Lean|Matcha Gotcha|p2a: Zamazenta\n|-resisted|p2a: Zamazenta\n|-damage|p2a: Zamazenta|0 fnt\n|-heal|p1a: Lean|88\/100 brn|[from] drain|[of] p2a: Zamazenta\n|faint|p2a: Zamazenta\n|\n|-heal|p1a: Lean|94\/100 brn|[from] item: Leftovers\n|-damage|p1a: Lean|91\/100 brn|[from] brn\n|upkeep\n|\n|t:|1699086103\n|switch|p2a: Tinkaton|Tinkaton, F|50\/100\n|-ability|p2a: Tinkaton|Mold Breaker\n|turn|30\n|\n|t:|1699086109\n|-terastallize|p2a: Tinkaton|Steel\n|move|p2a: Tinkaton|Gigaton Hammer|p1a: Lean\n|-damage|p1a: Lean|74\/100 brn\n|move|p1a: Lean|Strength Sap|p2a: Tinkaton\n|-unboost|p2a: Tinkaton|atk|1\n|-heal|p1a: Lean|100\/100 brn\n|\n|-damage|p1a: Lean|98\/100 brn|[from] brn\n|upkeep\n|turn|31\n|\n|t:|1699086122\n|move|p2a: Tinkaton|Rock Slide|p1a: Lean\n|-damage|p1a: Lean|95\/100 brn\n|cant|p1a: Lean|flinch\n|\n|-heal|p1a: Lean|100\/100 brn|[from] item: Leftovers\n|-damage|p1a: Lean|98\/100 brn|[from] brn\n|upkeep\n|turn|32\n|\n|t:|1699086134\n|move|p2a: Tinkaton|Rock Slide|p1a: Lean\n|-damage|p1a: Lean|95\/100 brn\n|move|p1a: Lean|Matcha Gotcha|p2a: Tinkaton\n|-resisted|p2a: Tinkaton\n|-damage|p2a: Tinkaton|0 fnt\n|-heal|p1a: Lean|100\/100 brn|[from] drain|[of] p2a: Tinkaton\n|faint|p2a: Tinkaton\n|\n|win|Citrusfunk\n|raw|Citrusfunk's rating: 1120 &rarr; <strong>1137<\/strong><br \/>(+17 for winning)\n|raw|Seanproh's rating: 1000 &rarr; <strong>1000<\/strong><br \/>(+0 for losing)\n|c|\u2606Citrusfunk|Gg\n","uploadtime":1699086148,"views":17,"p1id":"citrusfunk","p2id":"seanproh","formatid":"gen9ubers","rating":1000,"private":0,"password":""}