{"id":"gen9ubers-1976322530","p1":"kiemoe","p2":"Meekmillee","format":"[Gen 9] Ubers","log":"|j|\u2606kiemoe\n|j|\u2606Meekmillee\n|t:|1698286511\n|gametype|singles\n|player|p1|kiemoe|169|\n|player|p2|Meekmillee|pokemonranger-gen4|\n|teamsize|p1|6\n|teamsize|p2|6\n|gen|9\n|tier|[Gen 9] Ubers\n|rule|Sleep Clause Mod: Limit one foe put to sleep\n|rule|Species Clause: Limit one of each Pok\u00e9mon\n|rule|OHKO Clause: OHKO moves are banned\n|rule|Evasion Items Clause: Evasion items are banned\n|rule|Evasion Moves Clause: Evasion moves are banned\n|rule|Endless Battle Clause: Forcing endless battles is banned\n|rule|HP Percentage Mod: HP is shown in percentages\n|clearpoke\n|poke|p1|Landorus-Therian, M|\n|poke|p1|Gholdengo|\n|poke|p1|Houndstone, F|\n|poke|p1|Hippowdon, F|\n|poke|p1|Garchomp, F|\n|poke|p1|Grimmsnarl, M|\n|poke|p2|Chansey, F|\n|poke|p2|Cinderace, M|\n|poke|p2|Samurott-Hisui, F|\n|poke|p2|Mewtwo|\n|poke|p2|Goodra-Hisui, F|\n|poke|p2|Gothitelle, M|\n|teampreview\n|inactive|Battle timer is ON: inactive players will automatically lose when time's up. (requested by Meekmillee)\n|j| Du-Gi-Oh\n|inactiveoff|Battle timer is now OFF.\n|j| Haymaker92\n|c|\u2606Meekmillee|Lol doing this on mobile, the timer was auto on\n|c| Du-Gi-Oh|ready when yall are\n|j| seanbonjoviii\n|c| Haymaker92|gl gl\n|c| Du-Gi-Oh|commence or whatever\n|c|\u2606Meekmillee|Dope dope, gl gl!\n|c| seanbonjoviii|why you askin all them questions\n|c|\u2606kiemoe|fat finger a couple wrong moves for me this game if you don't mind lol\n|c|\u2606kiemoe|gl hf\n|\n|t:|1698286594\n|start\n|switch|p1a: Grimmsnarl|Grimmsnarl, M|100\/100\n|switch|p2a: Chansey|Chansey, F, shiny|100\/100\n|turn|1\n|\n|t:|1698286608\n|move|p1a: Grimmsnarl|Reflect|p1a: Grimmsnarl\n|-sidestart|p1: kiemoe|Reflect\n|move|p2a: Chansey|Thunder Wave|p1a: Grimmsnarl\n|-status|p1a: Grimmsnarl|par\n|\n|upkeep\n|turn|2\n|\n|t:|1698286614\n|move|p1a: Grimmsnarl|Light Screen|p1a: Grimmsnarl\n|-sidestart|p1: kiemoe|move: Light Screen\n|move|p2a: Chansey|Stealth Rock|p1a: Grimmsnarl\n|-sidestart|p1: kiemoe|move: Stealth Rock\n|\n|upkeep\n|turn|3\n|\n|t:|1698286618\n|cant|p1a: Grimmsnarl|par\n|move|p2a: Chansey|Brick Break|p1a: Grimmsnarl\n|-sideend|p1: kiemoe|Reflect\n|-sideend|p1: kiemoe|move: Light Screen\n|-damage|p1a: Grimmsnarl|96\/100 par\n|\n|upkeep\n|turn|4\n|\n|t:|1698286625\n|move|p1a: Grimmsnarl|Reflect|p1a: Grimmsnarl\n|-sidestart|p1: kiemoe|Reflect\n|move|p2a: Chansey|Shadow Ball|p1a: Grimmsnarl\n|-resisted|p1a: Grimmsnarl\n|-damage|p1a: Grimmsnarl|93\/100 par\n|\n|upkeep\n|turn|5\n|\n|t:|1698286631\n|move|p1a: Grimmsnarl|Parting Shot|p2a: Chansey\n|-unboost|p2a: Chansey|atk|1\n|-unboost|p2a: Chansey|spa|1\n|j| wash23\n|\n|t:|1698286650\n|switch|p1a: Gholdengo|Gholdengo|100\/100|[from] Parting Shot\n|-damage|p1a: Gholdengo|94\/100|[from] Stealth Rock\n|move|p2a: Chansey|Brick Break|p1a: Gholdengo\n|-immune|p1a: Gholdengo\n|\n|upkeep\n|turn|6\n|l| wash23\n|\n|t:|1698286667\n|move|p1a: Gholdengo|Make It Rain|p2a: Chansey\n|-damage|p2a: Chansey|78\/100\n|-unboost|p1a: Gholdengo|spa|1\n|-enditem|p1a: Gholdengo|White Herb\n|-clearnegativeboost|p1a: Gholdengo|[silent]\n|move|p2a: Chansey|Shadow Ball|p1a: Gholdengo\n|-supereffective|p1a: Gholdengo\n|-damage|p1a: Gholdengo|85\/100\n|\n|upkeep\n|turn|7\n|\n|t:|1698286684\n|move|p1a: Gholdengo|Nasty Plot|p1a: Gholdengo\n|-boost|p1a: Gholdengo|spa|2\n|move|p2a: Chansey|Shadow Ball|p1a: Gholdengo\n|-supereffective|p1a: Gholdengo\n|-damage|p1a: Gholdengo|74\/100\n|\n|upkeep\n|turn|8\n|\n|t:|1698286690\n|move|p1a: Gholdengo|Nasty Plot|p1a: Gholdengo\n|-boost|p1a: Gholdengo|spa|2\n|move|p2a: Chansey|Shadow Ball|p1a: Gholdengo\n|-supereffective|p1a: Gholdengo\n|-damage|p1a: Gholdengo|64\/100\n|\n|upkeep\n|turn|9\n|\n|t:|1698286701\n|move|p1a: Gholdengo|Recover|p1a: Gholdengo\n|-heal|p1a: Gholdengo|100\/100\n|move|p2a: Chansey|Shadow Ball|p1a: Gholdengo\n|-supereffective|p1a: Gholdengo\n|-damage|p1a: Gholdengo|91\/100\n|\n|upkeep\n|turn|10\n|\n|t:|1698286709\n|move|p1a: Gholdengo|Make It Rain|p2a: Chansey\n|-damage|p2a: Chansey|18\/100\n|-unboost|p1a: Gholdengo|spa|1\n|move|p2a: Chansey|Shadow Ball|p1a: Gholdengo\n|-supereffective|p1a: Gholdengo\n|-damage|p1a: Gholdengo|82\/100\n|\n|upkeep\n|turn|11\n|\n|t:|1698286718\n|move|p1a: Gholdengo|Make It Rain|p2a: Chansey\n|-damage|p2a: Chansey|0 fnt\n|-unboost|p1a: Gholdengo|spa|1\n|faint|p2a: Chansey\n|\n|-sideend|p1: kiemoe|Reflect\n|upkeep\n|\n|t:|1698286721\n|switch|p2a: Gothitelle|Gothitelle, M, shiny|100\/100\n|turn|12\n|\n|t:|1698286751\n|move|p2a: Gothitelle|Foul Play|p1a: Gholdengo\n|-supereffective|p1a: Gholdengo\n|-damage|p1a: Gholdengo|62\/100\n|move|p1a: Gholdengo|Shadow Ball|p2a: Gothitelle\n|-supereffective|p2a: Gothitelle\n|-damage|p2a: Gothitelle|0 fnt\n|faint|p2a: Gothitelle\n|\n|upkeep\n|\n|t:|1698286762\n|switch|p2a: Samurott|Samurott-Hisui, F, shiny|100\/100\n|turn|13\n|\n|t:|1698286804\n|switch|p1a: Grimmsnarl|Grimmsnarl, M|93\/100 par\n|-damage|p1a: Grimmsnarl|81\/100 par|[from] Stealth Rock\n|move|p2a: Samurott|Ceaseless Edge|p1a: Grimmsnarl\n|-resisted|p1a: Grimmsnarl\n|-damage|p1a: Grimmsnarl|68\/100 par\n|-sidestart|p1: kiemoe|Spikes\n|\n|upkeep\n|turn|14\n|\n|t:|1698286836\n|move|p1a: Grimmsnarl|Reflect|p1a: Grimmsnarl\n|-sidestart|p1: kiemoe|Reflect\n|move|p2a: Samurott|Aqua Cutter|p1a: Grimmsnarl\n|-damage|p1a: Grimmsnarl|38\/100 par\n|\n|upkeep\n|turn|15\n|\n|t:|1698286846\n|cant|p1a: Grimmsnarl|par\n|move|p2a: Samurott|Sacred Sword|p1a: Grimmsnarl\n|-damage|p1a: Grimmsnarl|14\/100 par\n|\n|upkeep\n|turn|16\n|\n|t:|1698286853\n|move|p1a: Grimmsnarl|Light Screen|p1a: Grimmsnarl\n|-sidestart|p1: kiemoe|move: Light Screen\n|move|p2a: Samurott|Aqua Cutter|p1a: Grimmsnarl\n|-crit|p1a: Grimmsnarl\n|-damage|p1a: Grimmsnarl|0 fnt\n|faint|p1a: Grimmsnarl\n|\n|upkeep\n|\n|t:|1698286916\n|switch|p1a: Garchomp|Garchomp, F|100\/100\n|-damage|p1a: Garchomp|94\/100|[from] Stealth Rock\n|-damage|p1a: Garchomp|82\/100|[from] Spikes\n|turn|17\n|c| seanbonjoviii|kiemoe chop chop\n|c|\u2606kiemoe|not waiting on me\n|\n|t:|1698286977\n|-terastallize|p1a: Garchomp|Water\n|move|p1a: Garchomp|Earthquake|p2a: Samurott\n|-damage|p2a: Samurott|32\/100\n|move|p2a: Samurott|Aqua Cutter|p1a: Garchomp\n|-resisted|p1a: Garchomp\n|-damage|p1a: Garchomp|72\/100\n|\n|upkeep\n|turn|18\n|\n|t:|1698287016\n|move|p1a: Garchomp|Earthquake|p2a: Samurott\n|-damage|p2a: Samurott|0 fnt\n|faint|p2a: Samurott\n|\n|upkeep\n|\n|t:|1698287018\n|switch|p2a: Goodra|Goodra-Hisui, F, shiny|100\/100\n|turn|19\n|\n|t:|1698287032\n|move|p1a: Garchomp|Earthquake|p2a: Goodra\n|-supereffective|p2a: Goodra\n|-damage|p2a: Goodra|4\/100\n|move|p2a: Goodra|Acid Armor|p2a: Goodra\n|-boost|p2a: Goodra|def|2\n|\n|-heal|p2a: Goodra|10\/100|[from] item: Leftovers\n|upkeep\n|turn|20\n|\n|t:|1698287039\n|move|p1a: Garchomp|Earthquake|p2a: Goodra\n|-supereffective|p2a: Goodra\n|-damage|p2a: Goodra|0 fnt\n|faint|p2a: Goodra\n|\n|upkeep\n|\n|t:|1698287045\n|switch|p2a: Mewtwo|Mewtwo, shiny|100\/100\n|-ability|p2a: Mewtwo|Pressure\n|turn|21\n|\n|t:|1698287061\n|move|p2a: Mewtwo|Ice Beam|p1a: Garchomp\n|-resisted|p1a: Garchomp\n|-damage|p1a: Garchomp|66\/100\n|move|p1a: Garchomp|Crunch|p2a: Mewtwo\n|-supereffective|p2a: Mewtwo\n|-damage|p2a: Mewtwo|45\/100\n|\n|-sideend|p1: kiemoe|Reflect\n|upkeep\n|turn|22\n|\n|t:|1698287068\n|move|p2a: Mewtwo|Psystrike|p1a: Garchomp\n|-damage|p1a: Garchomp|38\/100\n|move|p1a: Garchomp|Crunch|p2a: Mewtwo\n|-supereffective|p2a: Mewtwo\n|-damage|p2a: Mewtwo|0 fnt\n|faint|p2a: Mewtwo\n|\n|upkeep\n|\n|t:|1698287071\n|switch|p2a: Cinderace|Cinderace, M, shiny|100\/100\n|turn|23\n|\n|t:|1698287076\n|-terastallize|p2a: Cinderace|Fire\n|move|p2a: Cinderace|Pyro Ball|p1a: Garchomp\n|-resisted|p1a: Garchomp\n|-damage|p1a: Garchomp|0 fnt\n|faint|p1a: Garchomp\n|\n|-sideend|p1: kiemoe|move: Light Screen\n|upkeep\n|\n|t:|1698287086\n|switch|p1a: Landorus|Landorus-Therian, M|100\/100\n|-damage|p1a: Landorus|88\/100|[from] Stealth Rock\n|-ability|p1a: Landorus|Intimidate|boost\n|-unboost|p2a: Cinderace|atk|1\n|turn|24\n|\n|t:|1698287091\n|move|p1a: Landorus|Earthquake|p2a: Cinderace\n|-supereffective|p2a: Cinderace\n|-crit|p2a: Cinderace\n|-damage|p2a: Cinderace|0 fnt\n|faint|p2a: Cinderace\n|\n|win|kiemoe\n|c|\u2606kiemoe|gg\n|c|\u2606Meekmillee|Gg\n|c| Haymaker92|ggs\n","uploadtime":1698287107,"views":14,"p1id":"kiemoe","p2id":"meekmillee","formatid":"gen9ubers","rating":0,"private":0,"password":""}