{"id":"gen9ubers-1979250646","p1":"Aurorecristal","p2":"Asta_RPPLF","format":"[Gen 9] Ubers","log":"|j|\u2606Aurorecristal\n|j|\u2606Asta_RPPLF\n|t:|1698660841\n|gametype|singles\n|player|p1|Aurorecristal|lady|\n|player|p2|Asta_RPPLF|#wcop2023belgium|\n|teamsize|p1|6\n|teamsize|p2|6\n|gen|9\n|tier|[Gen 9] Ubers\n|rule|Sleep Clause Mod: Limit one foe put to sleep\n|rule|Species Clause: Limit one of each Pok\u00e9mon\n|rule|OHKO Clause: OHKO moves are banned\n|rule|Evasion Items Clause: Evasion items are banned\n|rule|Evasion Moves Clause: Evasion moves are banned\n|rule|Endless Battle Clause: Forcing endless battles is banned\n|rule|HP Percentage Mod: HP is shown in percentages\n|clearpoke\n|poke|p1|Ogerpon-Hearthflame, F|\n|poke|p1|Leavanny, F|\n|poke|p1|Iron Leaves|\n|poke|p1|Rotom-Mow|\n|poke|p1|Torkoal, M|\n|poke|p1|Delphox, M|\n|poke|p2|Ribombee, F|\n|poke|p2|Iron Valiant|\n|poke|p2|Diancie|\n|poke|p2|Gholdengo|\n|poke|p2|Lucario, M|\n|poke|p2|Magnezone|\n|teampreview\n|c|\u2606Asta_RPPLF|hf\n|c|\u2606Aurorecristal|Hf\n|\n|t:|1698660917\n|start\n|switch|p1a: Formation...|Torkoal, M|100\/100\n|switch|p2a: Ribombee|Ribombee, F|100\/100\n|-weather|SunnyDay|[from] ability: Drought|[of] p1a: Formation...\n|turn|1\n|\n|t:|1698660935\n|move|p2a: Ribombee|Sticky Web|p1a: Formation...\n|-sidestart|p1: Aurorecristal|move: Sticky Web\n|move|p1a: Formation...|Shell Smash|p1a: Formation...\n|-unboost|p1a: Formation...|def|1\n|-unboost|p1a: Formation...|spd|1\n|-boost|p1a: Formation...|atk|2\n|-boost|p1a: Formation...|spa|2\n|-boost|p1a: Formation...|spe|2\n|-enditem|p1a: Formation...|Eject Pack\n|c|\u2606Aurorecristal|Sacr\u00e9 MU ;-;\n|\n|t:|1698660939\n|switch|p1a: Five nights at..|Delphox, M|100\/100\n|-activate|p1a: Five nights at..|move: Sticky Web\n|-unboost|p1a: Five nights at..|spe|1\n|-enditem|p1a: Five nights at..|White Herb\n|-clearnegativeboost|p1a: Five nights at..|[silent]\n|\n|-weather|SunnyDay|[upkeep]\n|upkeep\n|turn|2\n|\n|t:|1698660953\n|move|p2a: Ribombee|Stun Spore|p1a: Five nights at..\n|-status|p1a: Five nights at..|par\n|move|p1a: Five nights at..|Copycat|p1a: Five nights at..\n|move|p1a: Five nights at..|Stun Spore|p2a: Ribombee|[from]move: Copycat\n|-status|p2a: Ribombee|par\n|\n|-weather|SunnyDay|[upkeep]\n|upkeep\n|turn|3\n|\n|t:|1698660968\n|switch|p2a: Diancie|Diancie|100\/100\n|move|p1a: Five nights at..|Flamethrower|p2a: Diancie\n|-resisted|p2a: Diancie\n|-damage|p2a: Diancie|82\/100\n|\n|-weather|SunnyDay|[upkeep]\n|-heal|p2a: Diancie|89\/100|[from] item: Leftovers\n|upkeep\n|turn|4\n|\n|t:|1698660984\n|-terastallize|p1a: Five nights at..|Ground\n|move|p1a: Five nights at..|Tera Blast|p2a: Diancie|[anim] Tera Blast Ground\n|-supereffective|p2a: Diancie\n|-damage|p2a: Diancie|45\/100\n|move|p2a: Diancie|Iron Defense|p2a: Diancie\n|-boost|p2a: Diancie|def|2\n|\n|-weather|SunnyDay|[upkeep]\n|-heal|p2a: Diancie|51\/100|[from] item: Leftovers\n|upkeep\n|turn|5\n|\n|t:|1698661000\n|-terastallize|p2a: Diancie|Dragon\n|move|p1a: Five nights at..|Tera Blast|p2a: Diancie|[anim] Tera Blast Ground\n|-damage|p2a: Diancie|30\/100\n|move|p2a: Diancie|Calm Mind|p2a: Diancie\n|-boost|p2a: Diancie|spa|1\n|-boost|p2a: Diancie|spd|1\n|\n|-weather|none\n|-heal|p2a: Diancie|36\/100|[from] item: Leftovers\n|upkeep\n|turn|6\n|\n|t:|1698661016\n|cant|p1a: Five nights at..|par\n|move|p2a: Diancie|Draining Kiss|p1a: Five nights at..\n|-damage|p1a: Five nights at..|70\/100 par\n|-heal|p2a: Diancie|58\/100|[from] drain|[of] p1a: Five nights at..\n|\n|-heal|p2a: Diancie|64\/100|[from] item: Leftovers\n|upkeep\n|turn|7\n|\n|t:|1698661025\n|move|p1a: Five nights at..|Copycat|p1a: Five nights at..\n|move|p1a: Five nights at..|Draining Kiss|p2a: Diancie|[from]move: Copycat\n|-supereffective|p2a: Diancie\n|-damage|p2a: Diancie|51\/100\n|-heal|p1a: Five nights at..|81\/100 par|[from] drain|[of] p2a: Diancie\n|move|p2a: Diancie|Calm Mind|p2a: Diancie\n|-boost|p2a: Diancie|spa|1\n|-boost|p2a: Diancie|spd|1\n|\n|-heal|p2a: Diancie|57\/100|[from] item: Leftovers\n|upkeep\n|turn|8\n|\n|t:|1698661041\n|cant|p1a: Five nights at..|par\n|move|p2a: Diancie|Calm Mind|p2a: Diancie\n|-boost|p2a: Diancie|spa|1\n|-boost|p2a: Diancie|spd|1\n|\n|-heal|p2a: Diancie|63\/100|[from] item: Leftovers\n|upkeep\n|turn|9\n|\n|t:|1698661051\n|move|p1a: Five nights at..|Copycat|p1a: Five nights at..\n|move|p1a: Five nights at..|Calm Mind|p1a: Five nights at..|[from]move: Copycat\n|-boost|p1a: Five nights at..|spa|1\n|-boost|p1a: Five nights at..|spd|1\n|move|p2a: Diancie|Iron Defense|p2a: Diancie\n|-boost|p2a: Diancie|def|2\n|\n|-heal|p2a: Diancie|70\/100|[from] item: Leftovers\n|upkeep\n|turn|10\n|c|\u2606Aurorecristal|Wesh j'ai merd\u00e9 sur mon talent jpp\n|\n|t:|1698661060\n|move|p1a: Five nights at..|Copycat|p1a: Five nights at..\n|move|p1a: Five nights at..|Iron Defense|p1a: Five nights at..|[from]move: Copycat\n|-boost|p1a: Five nights at..|def|2\n|move|p2a: Diancie|Draining Kiss|p1a: Five nights at..\n|-damage|p1a: Five nights at..|47\/100 par\n|-heal|p2a: Diancie|94\/100|[from] drain|[of] p1a: Five nights at..\n|\n|-heal|p2a: Diancie|99\/100|[from] item: Leftovers\n|upkeep\n|turn|11\n|\n|t:|1698661071\n|move|p1a: Five nights at..|Copycat|p1a: Five nights at..\n|move|p1a: Five nights at..|Draining Kiss|p2a: Diancie|[from]move: Copycat\n|-supereffective|p2a: Diancie\n|-damage|p2a: Diancie|88\/100\n|-heal|p1a: Five nights at..|57\/100 par|[from] drain|[of] p2a: Diancie\n|move|p2a: Diancie|Draining Kiss|p1a: Five nights at..\n|-damage|p1a: Five nights at..|21\/100 par\n|-heal|p2a: Diancie|100\/100|[from] drain|[of] p1a: Five nights at..\n|\n|upkeep\n|turn|12\n|\n|t:|1698661086\n|move|p1a: Five nights at..|Stored Power|p2a: Diancie\n|-damage|p2a: Diancie|84\/100\n|move|p2a: Diancie|Draining Kiss|p1a: Five nights at..\n|-damage|p1a: Five nights at..|0 fnt\n|-heal|p2a: Diancie|99\/100|[from] drain|[of] p1a: Five nights at..\n|faint|p1a: Five nights at..\n|\n|-heal|p2a: Diancie|100\/100|[from] item: Leftovers\n|upkeep\n|\n|t:|1698661111\n|switch|p1a: Future...|Iron Leaves|100\/100\n|-activate|p1a: Future...|move: Sticky Web\n|-unboost|p1a: Future...|spe|1\n|-enditem|p1a: Future...|Booster Energy\n|-activate|p1a: Future...|ability: Quark Drive|[fromitem]\n|-start|p1a: Future...|quarkdriveatk\n|turn|13\n|\n|t:|1698661123\n|move|p1a: Future...|Swords Dance|p1a: Future...\n|-boost|p1a: Future...|atk|2\n|move|p2a: Diancie|Draining Kiss|p1a: Future...\n|-damage|p1a: Future...|54\/100\n|\n|upkeep\n|turn|14\n|\n|t:|1698661133\n|move|p1a: Future...|Psyblade|p2a: Diancie\n|-damage|p2a: Diancie|72\/100\n|move|p2a: Diancie|Stored Power|p1a: Future...\n|-resisted|p1a: Future...\n|-damage|p1a: Future...|0 fnt\n|faint|p1a: Future...\n|-end|p1a: Future...|Quark Drive|[silent]\n|\n|-heal|p2a: Diancie|78\/100|[from] item: Leftovers\n|upkeep\n|\n|t:|1698661146\n|switch|p1a: On...|Ogerpon-Hearthflame, F|100\/100\n|-activate|p1a: On...|move: Sticky Web\n|-unboost|p1a: On...|spe|1\n|-ability|p1a: On...|Mold Breaker\n|turn|15\n|c|\u2606Aurorecristal|Gg\n|c|\u2606Aurorecristal|\u00c7a me termine de lose sur un miss talent\n|\n|t:|1698661163\n|move|p1a: On...|Ivy Cudgel|p2a: Diancie\n|-resisted|p2a: Diancie\n|-damage|p2a: Diancie|70\/100\n|move|p2a: Diancie|Stored Power|p1a: On...\n|-damage|p1a: On...|0 fnt\n|faint|p1a: On...\n|\n|-heal|p2a: Diancie|76\/100|[from] item: Leftovers\n|upkeep\n|c|\u2606Aurorecristal|'fin de lose aussi facilement\n|-message|Aurorecristal forfeited.\n|\n|win|Asta_RPPLF\n|l|\u2606Aurorecristal\n|c|\u2606Asta_RPPLF|gg\n|j| Le_Crackito\n","uploadtime":1698661228,"views":13,"p1id":"aurorecristal","p2id":"astarpplf","formatid":"gen9ubers","rating":0,"private":0,"password":""}