{"id":"gen9ubers-1998793579","p1":"ImhoPitit","p2":"ImATrollAtThisGame","format":"[Gen 9] Ubers","log":"|j|\u2606ImhoPitit\n|j|\u2606ImATrollAtThisGame\n|t:|1700992148\n|gametype|singles\n|player|p1|ImhoPitit|lucas|1158\n|player|p2|ImATrollAtThisGame|101|1195\n|teamsize|p1|6\n|teamsize|p2|6\n|gen|9\n|tier|[Gen 9] Ubers\n|rated|\n|rule|Sleep Clause Mod: Limit one foe put to sleep\n|rule|Species Clause: Limit one of each Pok\u00e9mon\n|rule|OHKO Clause: OHKO moves are banned\n|rule|Evasion Items Clause: Evasion items are banned\n|rule|Evasion Moves Clause: Evasion moves are banned\n|rule|Endless Battle Clause: Forcing endless battles is banned\n|rule|HP Percentage Mod: HP is shown in percentages\n|clearpoke\n|poke|p1|Dragonite, M|\n|poke|p1|Skeledirge, F|\n|poke|p1|Gliscor, F|\n|poke|p1|Iron Valiant|\n|poke|p1|Dragapult, F|\n|poke|p1|Volcarona, M|\n|poke|p2|Gliscor, M|\n|poke|p2|Calyrex-Ice|\n|poke|p2|Hatterene, F|\n|poke|p2|Ursaluna-Bloodmoon, M|\n|poke|p2|Cetitan, F|\n|poke|p2|Ninetales-Alola, M|\n|teampreview\n|inactive|Battle timer is ON: inactive players will automatically lose when time's up. (requested by ImATrollAtThisGame)\n|inactive|ImhoPitit also wants the timer to be on.\n|c|\u2606ImhoPitit|Ok troll, have fun\n|\n|t:|1700992172\n|start\n|switch|p1a: Pillon|Volcarona, M|100\/100\n|switch|p2a: Ninetales|Ninetales-Alola, M|100\/100\n|-weather|Snow|[from] ability: Snow Warning|[of] p2a: Ninetales\n|turn|1\n|inactive|ImATrollAtThisGame has 120 seconds left.\n|\n|t:|1700992226\n|move|p2a: Ninetales|Aurora Veil|p2a: Ninetales\n|-sidestart|p2: ImATrollAtThisGame|move: Aurora Veil\n|move|p1a: Pillon|Quiver Dance|p1a: Pillon\n|-boost|p1a: Pillon|spa|1\n|-boost|p1a: Pillon|spd|1\n|-boost|p1a: Pillon|spe|1\n|\n|-weather|Snow|[upkeep]\n|upkeep\n|turn|2\n|\n|t:|1700992235\n|move|p1a: Pillon|Fiery Dance|p2a: Ninetales\n|-supereffective|p2a: Ninetales\n|-damage|p2a: Ninetales|22\/100\n|move|p2a: Ninetales|Blizzard|p1a: Pillon\n|-resisted|p1a: Pillon\n|-damage|p1a: Pillon|86\/100\n|\n|-weather|Snow|[upkeep]\n|upkeep\n|turn|3\n|\n|t:|1700992243\n|move|p1a: Pillon|Fiery Dance|p2a: Ninetales\n|-supereffective|p2a: Ninetales\n|-damage|p2a: Ninetales|0 fnt\n|-boost|p1a: Pillon|spa|1\n|faint|p2a: Ninetales\n|\n|-weather|Snow|[upkeep]\n|upkeep\n|\n|t:|1700992253\n|switch|p2a: Hatterene|Hatterene, F|100\/100\n|turn|4\n|\n|t:|1700992256\n|move|p1a: Pillon|Bug Buzz|p2a: Hatterene\n|-crit|p2a: Hatterene\n|-enditem|p2a: Hatterene|Focus Sash\n|-damage|p2a: Hatterene|1\/100\n|move|p2a: Hatterene|Trick Room|p2a: Hatterene\n|-fieldstart|move: Trick Room|[of] p2a: Hatterene\n|\n|-weather|Snow|[upkeep]\n|upkeep\n|turn|5\n|\n|t:|1700992266\n|move|p2a: Hatterene|Light Screen|p2a: Hatterene\n|-sidestart|p2: ImATrollAtThisGame|move: Light Screen\n|move|p1a: Pillon|Quiver Dance|p1a: Pillon\n|-boost|p1a: Pillon|spa|1\n|-boost|p1a: Pillon|spd|1\n|-boost|p1a: Pillon|spe|1\n|\n|-weather|none\n|upkeep\n|turn|6\n|\n|t:|1700992280\n|switch|p2a: Ursaluna|Ursaluna-Bloodmoon, M|100\/100\n|move|p1a: Pillon|Quiver Dance|p1a: Pillon\n|-boost|p1a: Pillon|spa|1\n|-boost|p1a: Pillon|spd|1\n|-boost|p1a: Pillon|spe|1\n|\n|upkeep\n|turn|7\n|\n|t:|1700992287\n|move|p2a: Ursaluna|Blood Moon|p1a: Pillon\n|-damage|p1a: Pillon|52\/100\n|move|p1a: Pillon|Giga Drain|p2a: Ursaluna\n|-supereffective|p2a: Ursaluna\n|-damage|p2a: Ursaluna|7\/100\n|-heal|p1a: Pillon|100\/100|[from] drain|[of] p2a: Ursaluna\n|-enditem|p2a: Ursaluna|Aguav Berry|[eat]\n|-heal|p2a: Ursaluna|40\/100|[from] item: Aguav Berry\n|\n|upkeep\n|turn|8\n|\n|t:|1700992301\n|move|p2a: Ursaluna|Yawn|p1a: Pillon\n|-start|p1a: Pillon|move: Yawn|[of] p2a: Ursaluna\n|move|p1a: Pillon|Giga Drain|p2a: Ursaluna\n|-supereffective|p2a: Ursaluna\n|-damage|p2a: Ursaluna|0 fnt\n|faint|p2a: Ursaluna\n|\n|-sideend|p2: ImATrollAtThisGame|move: Aurora Veil\n|-fieldend|move: Trick Room\n|upkeep\n|\n|t:|1700992306\n|switch|p2a: Hatterene|Hatterene, F|1\/100\n|turn|9\n|\n|t:|1700992317\n|move|p2a: Hatterene|Protect|p2a: Hatterene\n|-singleturn|p2a: Hatterene|Protect\n|move|p1a: Pillon|Fiery Dance|p2a: Hatterene\n|-activate|p2a: Hatterene|move: Protect\n|\n|-end|p1a: Pillon|move: Yawn|[silent]\n|-status|p1a: Pillon|slp\n|-sideend|p2: ImATrollAtThisGame|move: Light Screen\n|upkeep\n|turn|10\n|\n|t:|1700992326\n|switch|p2a: Cetitan|Cetitan, F|100\/100\n|cant|p1a: Pillon|slp\n|\n|upkeep\n|turn|11\n|\n|t:|1700992332\n|-curestatus|p1a: Pillon|slp|[msg]\n|move|p1a: Pillon|Fiery Dance|p2a: Cetitan\n|-supereffective|p2a: Cetitan\n|-damage|p2a: Cetitan|0 fnt\n|-boost|p1a: Pillon|spa|1\n|faint|p2a: Cetitan\n|\n|upkeep\n|\n|t:|1700992342\n|switch|p2a: Hatterene|Hatterene, F|1\/100\n|turn|12\n|\n|t:|1700992349\n|move|p1a: Pillon|Fiery Dance|p2a: Hatterene\n|-damage|p2a: Hatterene|0 fnt\n|-boost|p1a: Pillon|spa|1\n|faint|p2a: Hatterene\n|\n|upkeep\n|\n|t:|1700992354\n|switch|p2a: Gliscor|Gliscor, M|100\/100\n|turn|13\n|\n|t:|1700992358\n|move|p1a: Pillon|Fiery Dance|p2a: Gliscor\n|-damage|p2a: Gliscor|0 fnt\n|faint|p2a: Gliscor\n|\n|upkeep\n|-message|ImATrollAtThisGame forfeited.\n|\n|win|ImhoPitit\n|raw|ImhoPitit's rating: 1158 &rarr; <strong>1186<\/strong><br \/>(+28 for winning)\n|raw|ImATrollAtThisGame's rating: 1195 &rarr; <strong>1167<\/strong><br \/>(-28 for losing)\n|l|\u2606ImATrollAtThisGame\n|c|\u2606ImhoPitit|Ez\n|c|\u2606ImhoPitit|6-0\n","uploadtime":1700992374,"views":17,"p1id":"imhopitit","p2id":"imatrollatthisgame","formatid":"gen9ubers","rating":1167,"private":0,"password":""}