{"id":"gen9ubers-1978411465","p1":"Nitro524","p2":"Kizaco","format":"[Gen 9] Ubers","log":"|j|\u2606Nitro524\n|j|\u2606Kizaco\n|t:|1698535527\n|gametype|singles\n|player|p1|Nitro524|hilbert-wonderlauncher|\n|player|p2|Kizaco|101|\n|teamsize|p1|6\n|teamsize|p2|6\n|gen|9\n|tier|[Gen 9] Ubers\n|rule|Sleep Clause Mod: Limit one foe put to sleep\n|rule|Species Clause: Limit one of each Pok\u00e9mon\n|rule|OHKO Clause: OHKO moves are banned\n|rule|Evasion Items Clause: Evasion items are banned\n|rule|Evasion Moves Clause: Evasion moves are banned\n|rule|Endless Battle Clause: Forcing endless battles is banned\n|rule|HP Percentage Mod: HP is shown in percentages\n|clearpoke\n|poke|p1|Meowscarada, F|\n|poke|p1|Grimmsnarl, M|\n|poke|p1|Zacian-*|\n|poke|p1|Arceus-Poison|\n|poke|p1|Magearna|\n|poke|p1|Basculegion-F, F|\n|poke|p2|Masquerain, F|\n|poke|p2|Chi-Yu|\n|poke|p2|Gholdengo|\n|poke|p2|Zacian-*|\n|poke|p2|Arceus-Grass|\n|poke|p2|Dialga-Origin|\n|teampreview\n|c|\u2606Nitro524|there we go\n|c|\u2606Nitro524|sorry abt that\n|c|\u2606Kizaco|ok cool\n|c|\u2606Kizaco|np\n|\n|t:|1698535548\n|start\n|switch|p1a: Meowscarada|Meowscarada, F|100\/100\n|switch|p2a: Masquerain|Masquerain, F|100\/100\n|-ability|p2a: Masquerain|Intimidate|boost\n|-unboost|p1a: Meowscarada|atk|1\n|turn|1\n|\n|t:|1698535552\n|move|p1a: Meowscarada|Taunt|p2a: Masquerain\n|-start|p1a: Meowscarada|typechange|Dark|[from] ability: Protean\n|-start|p2a: Masquerain|move: Taunt\n|cant|p2a: Masquerain|move: Taunt|Sticky Web\n|\n|upkeep\n|turn|2\n|\n|t:|1698535558\n|move|p1a: Meowscarada|Spikes|p2a: Masquerain\n|-sidestart|p2: Kizaco|Spikes\n|move|p2a: Masquerain|Air Slash|p1a: Meowscarada\n|-damage|p1a: Meowscarada|54\/100\n|\n|upkeep\n|turn|3\n|\n|t:|1698535566\n|move|p1a: Meowscarada|U-turn|p2a: Masquerain\n|-resisted|p2a: Masquerain\n|-damage|p2a: Masquerain|87\/100\n|\n|t:|1698535571\n|switch|p1a: Grimmsnarl|Grimmsnarl, M|100\/100|[from] U-turn\n|move|p2a: Masquerain|Air Slash|p1a: Grimmsnarl\n|-damage|p1a: Grimmsnarl|77\/100\n|\n|-end|p2a: Masquerain|move: Taunt\n|upkeep\n|turn|4\n|\n|t:|1698535578\n|move|p1a: Grimmsnarl|Light Screen|p1a: Grimmsnarl\n|-sidestart|p1: Nitro524|move: Light Screen\n|move|p2a: Masquerain|Air Slash|p1a: Grimmsnarl\n|-damage|p1a: Grimmsnarl|64\/100\n|\n|upkeep\n|turn|5\n|\n|t:|1698535582\n|move|p1a: Grimmsnarl|Reflect|p1a: Grimmsnarl\n|-sidestart|p1: Nitro524|Reflect\n|move|p2a: Masquerain|Sticky Web|p1a: Grimmsnarl\n|-sidestart|p1: Nitro524|move: Sticky Web\n|\n|upkeep\n|turn|6\n|\n|t:|1698535586\n|move|p1a: Grimmsnarl|Parting Shot|p2a: Masquerain\n|-unboost|p2a: Masquerain|atk|1\n|-unboost|p2a: Masquerain|spa|1\n|\n|t:|1698535600\n|switch|p1a: Arceus|Arceus-Poison|100\/100|[from] Parting Shot\n|-activate|p1a: Arceus|move: Sticky Web\n|-unboost|p1a: Arceus|spe|1\n|move|p2a: Masquerain|Stun Spore|p1a: Arceus|[miss]\n|-miss|p2a: Masquerain|p1a: Arceus\n|\n|upkeep\n|turn|7\n|\n|t:|1698535605\n|move|p2a: Masquerain|Stun Spore|p1a: Arceus\n|-status|p1a: Arceus|par\n|move|p1a: Arceus|Taunt|p2a: Masquerain\n|-start|p2a: Masquerain|move: Taunt\n|\n|upkeep\n|turn|8\n|\n|t:|1698535610\n|move|p2a: Masquerain|Air Slash|p1a: Arceus\n|-damage|p1a: Arceus|94\/100 par\n|move|p1a: Arceus|Judgment|p2a: Masquerain\n|-damage|p2a: Masquerain|21\/100\n|\n|upkeep\n|turn|9\n|\n|t:|1698535616\n|switch|p2a: Gholdengo|Gholdengo|100\/100\n|-damage|p2a: Gholdengo|88\/100|[from] Spikes\n|cant|p1a: Arceus|par\n|\n|upkeep\n|turn|10\n|\n|t:|1698535632\n|switch|p2a: Masquerain|Masquerain, F|21\/100\n|-ability|p2a: Masquerain|Intimidate|boost\n|-unboost|p1a: Arceus|atk|1\n|move|p1a: Arceus|Calm Mind|p1a: Arceus\n|-boost|p1a: Arceus|spa|1\n|-boost|p1a: Arceus|spd|1\n|\n|upkeep\n|turn|11\n|\n|t:|1698535637\n|move|p1a: Arceus|Calm Mind|p1a: Arceus\n|-boost|p1a: Arceus|spa|1\n|-boost|p1a: Arceus|spd|1\n|move|p2a: Masquerain|Whirlwind|p1a: Arceus\n|drag|p1a: Grimmsnarl|Grimmsnarl, M|64\/100\n|-activate|p1a: Grimmsnarl|move: Sticky Web\n|-unboost|p1a: Grimmsnarl|spe|1\n|\n|-sideend|p1: Nitro524|move: Light Screen\n|upkeep\n|turn|12\n|\n|t:|1698535643\n|move|p1a: Grimmsnarl|Light Screen|p1a: Grimmsnarl\n|-sidestart|p1: Nitro524|move: Light Screen\n|move|p2a: Masquerain|Air Slash|p1a: Grimmsnarl\n|-damage|p1a: Grimmsnarl|51\/100\n|\n|-sideend|p1: Nitro524|Reflect\n|upkeep\n|turn|13\n|\n|t:|1698535649\n|move|p1a: Grimmsnarl|Parting Shot|p2a: Masquerain\n|-unboost|p2a: Masquerain|atk|1\n|-unboost|p2a: Masquerain|spa|1\n|\n|t:|1698535653\n|switch|p1a: Magearna|Magearna|100\/100|[from] Parting Shot\n|-activate|p1a: Magearna|move: Sticky Web\n|-unboost|p1a: Magearna|spe|1\n|move|p2a: Masquerain|Whirlwind|p1a: Magearna\n|drag|p1a: Arceus|Arceus-Poison|94\/100 par\n|-activate|p1a: Arceus|move: Sticky Web\n|-unboost|p1a: Arceus|spe|1\n|\n|upkeep\n|turn|14\n|\n|t:|1698535663\n|move|p2a: Masquerain|Air Slash|p1a: Arceus\n|-damage|p1a: Arceus|87\/100 par\n|cant|p1a: Arceus|flinch\n|\n|upkeep\n|turn|15\n|\n|t:|1698535667\n|move|p2a: Masquerain|Air Slash|p1a: Arceus\n|-damage|p1a: Arceus|80\/100 par\n|move|p1a: Arceus|Judgment|p2a: Masquerain\n|-damage|p2a: Masquerain|0 fnt\n|faint|p2a: Masquerain\n|\n|upkeep\n|\n|t:|1698535683\n|switch|p2a: Dialga|Dialga-Origin|100\/100\n|-damage|p2a: Dialga|88\/100|[from] Spikes\n|-ability|p2a: Dialga|Pressure\n|turn|16\n|\n|t:|1698535704\n|move|p2a: Dialga|Earth Power|p1a: Arceus\n|-supereffective|p1a: Arceus\n|-damage|p1a: Arceus|55\/100 par\n|cant|p1a: Arceus|par\n|\n|upkeep\n|turn|17\n|\n|t:|1698535711\n|move|p2a: Dialga|Earth Power|p1a: Arceus\n|-supereffective|p1a: Arceus\n|-damage|p1a: Arceus|34\/100 par\n|cant|p1a: Arceus|par\n|\n|upkeep\n|turn|18\n|c|\u2606Nitro524|bruh\n|\n|t:|1698535719\n|move|p2a: Dialga|Earth Power|p1a: Arceus\n|-supereffective|p1a: Arceus\n|-damage|p1a: Arceus|9\/100 par\n|cant|p1a: Arceus|par\n|\n|upkeep\n|turn|19\n|\n|t:|1698535727\n|switch|p1a: Meowscarada|Meowscarada, F|54\/100\n|-activate|p1a: Meowscarada|move: Sticky Web\n|-unboost|p1a: Meowscarada|spe|1\n|move|p2a: Dialga|Earth Power|p1a: Meowscarada\n|-resisted|p1a: Meowscarada\n|-damage|p1a: Meowscarada|41\/100\n|\n|-sideend|p1: Nitro524|move: Light Screen\n|upkeep\n|turn|20\n|c|\u2606Kizaco|this is why masq is the best webs lead\n|c|\u2606Nitro524|real\n|\n|t:|1698535739\n|move|p2a: Dialga|Flash Cannon|p1a: Meowscarada\n|-damage|p1a: Meowscarada|0 fnt\n|faint|p1a: Meowscarada\n|\n|upkeep\n|\n|t:|1698535752\n|switch|p1a: Zacian|Zacian|100\/100\n|-ability|p1a: Zacian|Intrepid Sword|boost\n|-boost|p1a: Zacian|atk|1\n|turn|21\n|\n|t:|1698535764\n|move|p1a: Zacian|Close Combat|p2a: Dialga\n|-supereffective|p2a: Dialga\n|-damage|p2a: Dialga|0 fnt\n|-unboost|p1a: Zacian|def|1\n|-unboost|p1a: Zacian|spd|1\n|faint|p2a: Dialga\n|\n|upkeep\n|\n|t:|1698535768\n|switch|p2a: Gholdengo|Gholdengo|88\/100\n|-damage|p2a: Gholdengo|76\/100|[from] Spikes\n|turn|22\n|\n|t:|1698535776\n|-terastallize|p1a: Zacian|Fire\n|move|p2a: Gholdengo|Make It Rain|p1a: Zacian\n|-resisted|p1a: Zacian\n|-damage|p1a: Zacian|57\/100\n|-unboost|p2a: Gholdengo|spa|1\n|move|p1a: Zacian|Tera Blast|p2a: Gholdengo|[anim] Tera Blast Fire\n|-supereffective|p2a: Gholdengo\n|-damage|p2a: Gholdengo|0 fnt\n|faint|p2a: Gholdengo\n|\n|upkeep\n|\n|t:|1698535786\n|switch|p2a: Chi-Yu|Chi-Yu|100\/100\n|-ability|p2a: Chi-Yu|Beads of Ruin\n|turn|23\n|\n|t:|1698535797\n|move|p1a: Zacian|Play Rough|p2a: Chi-Yu\n|-damage|p2a: Chi-Yu|0 fnt\n|faint|p2a: Chi-Yu\n|\n|upkeep\n|\n|t:|1698535800\n|switch|p2a: Arceus|Arceus-Grass|100\/100\n|-damage|p2a: Arceus|88\/100|[from] Spikes\n|turn|24\n|\n|t:|1698535814\n|-terastallize|p2a: Arceus|Normal\n|move|p1a: Zacian|Tera Blast|p2a: Arceus|[anim] Tera Blast Fire\n|-damage|p2a: Arceus|50\/100\n|move|p2a: Arceus|Swords Dance|p2a: Arceus\n|-boost|p2a: Arceus|atk|2\n|\n|upkeep\n|turn|25\n|\n|t:|1698535819\n|move|p2a: Arceus|Extreme Speed|p1a: Zacian\n|-damage|p1a: Zacian|0 fnt\n|faint|p1a: Zacian\n|\n|upkeep\n|\n|t:|1698535833\n|switch|p1a: Basculegion|Basculegion-F, F|100\/100\n|-activate|p1a: Basculegion|move: Sticky Web\n|-unboost|p1a: Basculegion|spe|1\n|turn|26\n|\n|t:|1698535845\n|move|p1a: Basculegion|Aqua Jet|p2a: Arceus\n|-damage|p2a: Arceus|37\/100\n|move|p2a: Arceus|Wild Charge|p1a: Basculegion\n|-supereffective|p1a: Basculegion\n|-damage|p1a: Basculegion|0 fnt\n|faint|p1a: Basculegion\n|-damage|p2a: Arceus|15\/100|[from] Recoil\n|\n|upkeep\n|\n|t:|1698535877\n|switch|p1a: Grimmsnarl|Grimmsnarl, M|51\/100\n|-activate|p1a: Grimmsnarl|move: Sticky Web\n|-unboost|p1a: Grimmsnarl|spe|1\n|turn|27\n|\n|t:|1698535882\n|move|p2a: Arceus|Extreme Speed|p1a: Grimmsnarl\n|-damage|p1a: Grimmsnarl|0 fnt\n|faint|p1a: Grimmsnarl\n|\n|upkeep\n|\n|t:|1698535888\n|switch|p1a: Magearna|Magearna|100\/100\n|-activate|p1a: Magearna|move: Sticky Web\n|-unboost|p1a: Magearna|spe|1\n|turn|28\n|\n|t:|1698535892\n|move|p2a: Arceus|Earthquake|p1a: Magearna\n|-supereffective|p1a: Magearna\n|-damage|p1a: Magearna|15\/100\n|move|p1a: Magearna|Draining Kiss|p2a: Arceus\n|-damage|p2a: Arceus|0 fnt\n|-heal|p1a: Magearna|29\/100|[from] drain|[of] p2a: Arceus\n|faint|p2a: Arceus\n|-ability|p1a: Magearna|Soul-Heart|boost\n|-boost|p1a: Magearna|spa|1\n|\n|-heal|p1a: Magearna|35\/100|[from] item: Leftovers\n|upkeep\n|\n|t:|1698535896\n|switch|p2a: Zacian|Zacian|100\/100\n|-ability|p2a: Zacian|Intrepid Sword|boost\n|-boost|p2a: Zacian|atk|1\n|turn|29\n|\n|t:|1698535908\n|move|p2a: Zacian|Close Combat|p1a: Magearna\n|-damage|p1a: Magearna|0 fnt\n|-unboost|p2a: Zacian|def|1\n|-unboost|p2a: Zacian|spd|1\n|faint|p1a: Magearna\n|\n|upkeep\n|c|\u2606Nitro524|gg\n|\n|t:|1698535911\n|switch|p1a: Arceus|Arceus-Poison|9\/100 par\n|-activate|p1a: Arceus|move: Sticky Web\n|-unboost|p1a: Arceus|spe|1\n|turn|30\n|c|\u2606Kizaco|gg wp\n|c|\u2606Nitro524|u2\n|\n|t:|1698535925\n|move|p2a: Zacian|Play Rough|p1a: Arceus\n|-resisted|p1a: Arceus\n|-damage|p1a: Arceus|0 fnt\n|faint|p1a: Arceus\n|\n|win|Kizaco\n","uploadtime":1698535931,"views":11,"p1id":"nitro524","p2id":"kizaco","formatid":"gen9ubers","rating":0,"private":0,"password":""}