{"id":"gen9ubers-1986423902","p1":"SaturnAndJupiter<3","p2":"Hannes33","format":"[Gen 9] Ubers","log":"|j|\u2606SaturnAndJupiter<3\n|j|\u2606Hannes33\n|t:|1699477882\n|gametype|singles\n|player|p1|SaturnAndJupiter<3|olympia|1000\n|player|p2|Hannes33|101|1000\n|teamsize|p1|6\n|teamsize|p2|6\n|gen|9\n|tier|[Gen 9] Ubers\n|rated|\n|rule|Sleep Clause Mod: Limit one foe put to sleep\n|rule|Species Clause: Limit one of each Pok\u00e9mon\n|rule|OHKO Clause: OHKO moves are banned\n|rule|Evasion Items Clause: Evasion items are banned\n|rule|Evasion Moves Clause: Evasion moves are banned\n|rule|Endless Battle Clause: Forcing endless battles is banned\n|rule|HP Percentage Mod: HP is shown in percentages\n|clearpoke\n|poke|p1|Regieleki|\n|poke|p1|Volcarona, F|\n|poke|p1|Palafin, M|\n|poke|p1|Blissey, F|\n|poke|p1|Alomomola, F|\n|poke|p1|Zacian-*|\n|poke|p2|Sandslash-Alola, F|\n|poke|p2|Ninetales-Alola, M|\n|poke|p2|Heatran, M|\n|poke|p2|Calyrex-Ice|\n|poke|p2|Avalugg, M|\n|poke|p2|Chien-Pao|\n|teampreview\n|inactive|Battle timer is ON: inactive players will automatically lose when time's up. (requested by SaturnAndJupiter<3)\n|c|\u2606SaturnAndJupiter<3|ICe\n|c|\u2606SaturnAndJupiter<3|and.. a fron\n|c|\u2606SaturnAndJupiter<3|frog\n|\n|t:|1699477902\n|start\n|switch|p1a: spinny spin spin|Regieleki, shiny|100\/100\n|switch|p2a: Ninetales|Ninetales-Alola, M|100\/100\n|-weather|Snow|[from] ability: Snow Warning|[of] p2a: Ninetales\n|turn|1\n|\n|t:|1699477916\n|move|p1a: spinny spin spin|Thunder Wave|p2a: Ninetales|[miss]\n|-miss|p1a: spinny spin spin|p2a: Ninetales\n|move|p2a: Ninetales|Aurora Veil|p2a: Ninetales\n|-sidestart|p2: Hannes33|move: Aurora Veil\n|\n|-weather|Snow|[upkeep]\n|upkeep\n|turn|2\n|c|\u2606SaturnAndJupiter<3|oh sure\n|c|\u2606SaturnAndJupiter<3|fuck me in the ass then\n|\n|t:|1699477938\n|move|p1a: spinny spin spin|Thunder Wave|p2a: Ninetales\n|-status|p2a: Ninetales|par\n|move|p2a: Ninetales|Blizzard|p1a: spinny spin spin\n|-damage|p1a: spinny spin spin|30\/100\n|\n|-weather|Snow|[upkeep]\n|upkeep\n|turn|3\n|\n|t:|1699477946\n|move|p1a: spinny spin spin|Volt Switch|p2a: Ninetales\n|-damage|p2a: Ninetales|85\/100 par\n|\n|t:|1699477950\n|switch|p1a: fish|Alomomola, F, shiny|100\/100|[from] Volt Switch\n|move|p2a: Ninetales|Blizzard|p1a: fish\n|-resisted|p1a: fish\n|-damage|p1a: fish|74\/100\n|\n|-weather|Snow|[upkeep]\n|-heal|p1a: fish|80\/100|[from] item: Leftovers\n|upkeep\n|turn|4\n|\n|t:|1699477961\n|move|p2a: Ninetales|Freeze-Dry|p1a: fish\n|-supereffective|p1a: fish\n|-damage|p1a: fish|12\/100\n|move|p1a: fish|Wish|p1a: fish\n|\n|-weather|Snow|[upkeep]\n|-heal|p1a: fish|19\/100|[from] item: Leftovers\n|upkeep\n|turn|5\n|\n|t:|1699477989\n|switch|p1a: the sun|Volcarona, F, shiny|100\/100\n|move|p2a: Ninetales|Dazzling Gleam|p1a: the sun\n|-resisted|p1a: the sun\n|-damage|p1a: the sun|84\/100\n|\n|-weather|none\n|-heal|p1a: the sun|100\/100|[from] move: Wish|[wisher] fish\n|upkeep\n|turn|6\n|\n|t:|1699478008\n|switch|p2a: Heatran|Heatran, M|100\/100\n|-item|p2a: Heatran|Air Balloon\n|move|p1a: the sun|Quiver Dance|p1a: the sun\n|-boost|p1a: the sun|spa|1\n|-boost|p1a: the sun|spd|1\n|-boost|p1a: the sun|spe|1\n|\n|upkeep\n|turn|7\n|\n|t:|1699478023\n|move|p1a: the sun|Psychic|p2a: Heatran\n|-resisted|p2a: Heatran\n|-damage|p2a: Heatran|86\/100\n|-enditem|p2a: Heatran|Air Balloon\n|-damage|p1a: the sun|91\/100|[from] item: Life Orb\n|move|p2a: Heatran|Earth Power|p1a: the sun\n|-damage|p1a: the sun|66\/100\n|\n|upkeep\n|turn|8\n|\n|t:|1699478038\n|move|p1a: the sun|Fiery Dance|p2a: Heatran\n|-start|p2a: Heatran|ability: Flash Fire\n|move|p2a: Heatran|Magma Storm|p1a: the sun|[miss]\n|-miss|p2a: Heatran|p1a: the sun\n|\n|-sideend|p2: Hannes33|move: Aurora Veil\n|upkeep\n|turn|9\n|\n|t:|1699478048\n|move|p1a: the sun|Psychic|p2a: Heatran\n|-resisted|p2a: Heatran\n|-damage|p2a: Heatran|56\/100\n|-damage|p1a: the sun|56\/100|[from] item: Life Orb\n|move|p2a: Heatran|Earth Power|p1a: the sun\n|-damage|p1a: the sun|31\/100\n|\n|upkeep\n|turn|10\n|\n|t:|1699478062\n|switch|p1a: dolphin|Palafin, M, shiny|100\/100\n|move|p2a: Heatran|Steel Beam|p1a: dolphin\n|-resisted|p1a: dolphin\n|-damage|p1a: dolphin|37\/100\n|-damage|p2a: Heatran|6\/100|[from] steelbeam\n|\n|upkeep\n|turn|11\n|inactive|Hannes33 has 120 seconds left.\n|\n|t:|1699478088\n|move|p1a: dolphin|Flip Turn|p2a: Heatran\n|-supereffective|p2a: Heatran\n|-damage|p2a: Heatran|0 fnt\n|faint|p2a: Heatran\n|\n|t:|1699478092\n|detailschange|p1a: dolphin|Palafin-Hero, M, shiny\n|switch|p1a: fish|Alomomola, F, shiny|52\/100|[from] Flip Turn\n|\n|-heal|p1a: fish|58\/100|[from] item: Leftovers\n|upkeep\n|\n|t:|1699478098\n|switch|p2a: Ninetales|Ninetales-Alola, M|85\/100 par\n|-weather|Snow|[from] ability: Snow Warning|[of] p2a: Ninetales\n|turn|12\n|\n|t:|1699478110\n|move|p1a: fish|Protect|p1a: fish\n|-singleturn|p1a: fish|Protect\n|cant|p2a: Ninetales|par\n|\n|-weather|Snow|[upkeep]\n|-heal|p1a: fish|64\/100|[from] item: Leftovers\n|upkeep\n|turn|13\n|\n|t:|1699478120\n|cant|p2a: Ninetales|par\n|move|p1a: fish|Wish|p1a: fish\n|\n|-weather|Snow|[upkeep]\n|-heal|p1a: fish|71\/100|[from] item: Leftovers\n|upkeep\n|turn|14\n|\n|t:|1699478135\n|move|p2a: Ninetales|Aurora Veil|p2a: Ninetales\n|-sidestart|p2: Hannes33|move: Aurora Veil\n|move|p1a: fish|Flip Turn|p2a: Ninetales\n|-damage|p2a: Ninetales|77\/100 par\n|\n|t:|1699478140\n|switch|p1a: the sun|Volcarona, F, shiny|31\/100|[from] Flip Turn\n|\n|-weather|Snow|[upkeep]\n|-heal|p1a: the sun|100\/100|[from] move: Wish|[wisher] fish\n|upkeep\n|turn|15\n|\n|t:|1699478162\n|move|p1a: the sun|Quiver Dance|p1a: the sun\n|-boost|p1a: the sun|spa|1\n|-boost|p1a: the sun|spd|1\n|-boost|p1a: the sun|spe|1\n|move|p2a: Ninetales|Blizzard|p1a: the sun\n|-resisted|p1a: the sun\n|-damage|p1a: the sun|86\/100\n|\n|-weather|Snow|[upkeep]\n|upkeep\n|turn|16\n|\n|t:|1699478175\n|move|p1a: the sun|Fiery Dance|p2a: Ninetales\n|-supereffective|p2a: Ninetales\n|-damage|p2a: Ninetales|0 fnt\n|-boost|p1a: the sun|spa|1\n|faint|p2a: Ninetales\n|-damage|p1a: the sun|76\/100|[from] item: Life Orb\n|\n|-weather|none\n|upkeep\n|\n|t:|1699478185\n|switch|p2a: Sandslash|Sandslash-Alola, F|100\/100\n|turn|17\n|\n|t:|1699478190\n|move|p1a: the sun|Fiery Dance|p2a: Sandslash\n|-supereffective|p2a: Sandslash\n|-enditem|p2a: Sandslash|Focus Sash\n|-damage|p2a: Sandslash|1\/100\n|-boost|p1a: the sun|spa|1\n|-damage|p1a: the sun|66\/100|[from] item: Life Orb\n|move|p2a: Sandslash|Mirror Coat|p1a: the sun\n|-damage|p1a: the sun|0 fnt\n|faint|p1a: the sun\n|\n|upkeep\n|\n|t:|1699478195\n|switch|p1a: spinny spin spin|Regieleki, shiny|30\/100\n|turn|18\n|\n|t:|1699478210\n|move|p1a: spinny spin spin|Volt Switch|p2a: Sandslash\n|-damage|p2a: Sandslash|0 fnt\n|faint|p2a: Sandslash\n|\n|t:|1699478213\n|switch|p1a: fish|Alomomola, F, shiny|100\/100|[from] Volt Switch\n|\n|upkeep\n|\n|t:|1699478220\n|switch|p2a: Chien-Pao|Chien-Pao|100\/100\n|-ability|p2a: Chien-Pao|Sword of Ruin\n|turn|19\n|\n|t:|1699478228\n|move|p2a: Chien-Pao|Swords Dance|p2a: Chien-Pao\n|-boost|p2a: Chien-Pao|atk|2\n|move|p1a: fish|Scald|p2a: Chien-Pao\n|-damage|p2a: Chien-Pao|89\/100\n|\n|upkeep\n|turn|20\n|\n|t:|1699478239\n|move|p2a: Chien-Pao|Swords Dance|p2a: Chien-Pao\n|-boost|p2a: Chien-Pao|atk|2\n|move|p1a: fish|Scald|p2a: Chien-Pao\n|-damage|p2a: Chien-Pao|79\/100\n|\n|upkeep\n|turn|21\n|\n|t:|1699478250\n|move|p2a: Chien-Pao|Crunch|p1a: fish\n|-damage|p1a: fish|10\/100\n|move|p1a: fish|Scald|p2a: Chien-Pao\n|-damage|p2a: Chien-Pao|67\/100\n|\n|-heal|p1a: fish|16\/100|[from] item: Leftovers\n|-sideend|p2: Hannes33|move: Aurora Veil\n|upkeep\n|turn|22\n|\n|t:|1699478262\n|move|p1a: fish|Protect|p1a: fish\n|-singleturn|p1a: fish|Protect\n|move|p2a: Chien-Pao|Crunch|p1a: fish\n|-activate|p1a: fish|move: Protect\n|\n|-heal|p1a: fish|22\/100|[from] item: Leftovers\n|upkeep\n|turn|23\n|\n|t:|1699478272\n|move|p2a: Chien-Pao|Crunch|p1a: fish\n|-damage|p1a: fish|0 fnt\n|faint|p1a: fish\n|\n|upkeep\n|\n|t:|1699478277\n|switch|p1a: spinny spin spin|Regieleki, shiny|30\/100\n|turn|24\n|\n|t:|1699478287\n|move|p2a: Chien-Pao|Ice Shard|p1a: spinny spin spin\n|-damage|p1a: spinny spin spin|0 fnt\n|faint|p1a: spinny spin spin\n|\n|upkeep\n|\n|t:|1699478292\n|switch|p1a: dolphin|Palafin-Hero, M, shiny|37\/100\n|-activate|p1a: dolphin|ability: Zero to Hero\n|turn|25\n|\n|t:|1699478298\n|move|p2a: Chien-Pao|Crunch|p1a: dolphin\n|-damage|p1a: dolphin|0 fnt\n|faint|p1a: dolphin\n|\n|upkeep\n|\n|t:|1699478302\n|switch|p1a: no sword :(|Zacian, shiny|100\/100\n|-ability|p1a: no sword :(|Intrepid Sword|boost\n|-boost|p1a: no sword :(|atk|1\n|turn|26\n|inactive|Hannes33 has 120 seconds left.\n|c|\u2606Hannes33|!weak fairy\n|c| Hannes33|\/raw <div class=\"infobox\">Fairy:<br \/><span class=\"message-effect-weak\">Weaknesses<\/span>: Poison, Steel<br \/><span class=\"message-effect-resist\">Resistances<\/span>: Bug, Dark, Fighting<br \/><span class=\"message-effect-immune\">Immunities<\/span>: Dragon<\/div>\n|c|\u2606SaturnAndJupiter<3|heh\n|\n|t:|1699478349\n|-terastallize|p1a: no sword :(|Steel\n|move|p1a: no sword :(|Swords Dance|p1a: no sword :(\n|-boost|p1a: no sword :(|atk|2\n|move|p2a: Chien-Pao|Ice Spinner|p1a: no sword :(\n|-resisted|p1a: no sword :(\n|-damage|p1a: no sword :(|25\/100\n|\n|upkeep\n|turn|27\n|\n|t:|1699478358\n|move|p2a: Chien-Pao|Ice Shard|p1a: no sword :(\n|-resisted|p1a: no sword :(\n|-damage|p1a: no sword :(|0 fnt\n|faint|p1a: no sword :(\n|\n|upkeep\n|-message|SaturnAndJupiter<3 forfeited.\n|\n|win|Hannes33\n|raw|SaturnAndJupiter&lt;3's rating: 1000 &rarr; <strong>1000<\/strong><br \/>(+0 for losing)\n|raw|Hannes33's rating: 1000 &rarr; <strong>1040<\/strong><br \/>(+40 for winning)\n|l|\u2606SaturnAndJupiter<3\n","uploadtime":1699477928,"views":5,"p1id":"saturnandjupiter3","p2id":"hannes33","formatid":"gen9ubers","rating":1000,"private":0,"password":""}