{"id":"gen9ubers-1974134001","p1":"iSHATKK","p2":"chfg jvt","format":"[Gen 9] Ubers","log":"|j|\u2606iSHATKK\n|j|\u2606chfg jvt\n|t:|1698060453\n|gametype|singles\n|player|p1|iSHATKK|ghetsis-gen5bw|1242\n|player|p2|chfg jvt|veteran|1165\n|teamsize|p1|6\n|teamsize|p2|6\n|gen|9\n|tier|[Gen 9] Ubers\n|rated|\n|rule|Sleep Clause Mod: Limit one foe put to sleep\n|rule|Species Clause: Limit one of each Pok\u00e9mon\n|rule|OHKO Clause: OHKO moves are banned\n|rule|Evasion Items Clause: Evasion items are banned\n|rule|Evasion Moves Clause: Evasion moves are banned\n|rule|Endless Battle Clause: Forcing endless battles is banned\n|rule|HP Percentage Mod: HP is shown in percentages\n|clearpoke\n|poke|p1|Kyogre|\n|poke|p1|Basculegion, M|\n|poke|p1|Donphan, L25, F|\n|poke|p1|Chien-Pao|\n|poke|p1|Zacian-*|\n|poke|p1|Toxapex, M|\n|poke|p2|Slowking-Galar, F|\n|poke|p2|Ursaluna-Bloodmoon, M|\n|poke|p2|Ceruledge, F|\n|poke|p2|Baxcalibur, F|\n|poke|p2|Annihilape, F|\n|poke|p2|Haxorus, M|\n|teampreview\n|inactive|Battle timer is ON: inactive players will automatically lose when time's up. (requested by iSHATKK)\n|\n|t:|1698060459\n|start\n|switch|p1a: Kyogre|Kyogre|100\/100\n|switch|p2a: Slowking|Slowking-Galar, F|100\/100\n|-weather|RainDance|[from] ability: Drizzle|[of] p1a: Kyogre\n|turn|1\n|\n|t:|1698060472\n|switch|p1a: Zacian|Zacian-Crowned|100\/100\n|-ability|p1a: Zacian|Intrepid Sword|boost\n|-boost|p1a: Zacian|atk|1\n|move|p2a: Slowking|Trick Room|p2a: Slowking\n|-fieldstart|move: Trick Room|[of] p2a: Slowking\n|\n|-weather|RainDance|[upkeep]\n|upkeep\n|turn|2\n|\n|t:|1698060486\n|switch|p2a: Ursaluna|Ursaluna-Bloodmoon, M|100\/100\n|move|p1a: Zacian|Swords Dance|p1a: Zacian\n|-boost|p1a: Zacian|atk|2\n|\n|-weather|RainDance|[upkeep]\n|upkeep\n|turn|3\n|\n|t:|1698060494\n|move|p2a: Ursaluna|Earth Power|p1a: Zacian\n|-supereffective|p1a: Zacian\n|-damage|p1a: Zacian|9\/100\n|move|p1a: Zacian|Trailblaze|p2a: Ursaluna\n|-supereffective|p2a: Ursaluna\n|-damage|p2a: Ursaluna|33\/100\n|-boost|p1a: Zacian|spe|1\n|\n|-weather|RainDance|[upkeep]\n|-heal|p2a: Ursaluna|39\/100|[from] item: Leftovers\n|upkeep\n|turn|4\n|\n|t:|1698060505\n|move|p2a: Ursaluna|Earth Power|p1a: Zacian\n|-supereffective|p1a: Zacian\n|-damage|p1a: Zacian|0 fnt\n|faint|p1a: Zacian\n|\n|-weather|RainDance|[upkeep]\n|-heal|p2a: Ursaluna|45\/100|[from] item: Leftovers\n|upkeep\n|\n|t:|1698060512\n|switch|p1a: Donphan|Donphan, L25, F|100\/100\n|turn|5\n|\n|t:|1698060518\n|move|p1a: Donphan|Endeavor|p2a: Ursaluna\n|-damage|p2a: Ursaluna|21\/100\n|move|p2a: Ursaluna|Moonlight|p2a: Ursaluna\n|-heal|p2a: Ursaluna|46\/100\n|\n|-weather|none\n|-heal|p2a: Ursaluna|52\/100|[from] item: Leftovers\n|-fieldend|move: Trick Room\n|upkeep\n|turn|6\n|\n|t:|1698060527\n|move|p2a: Ursaluna|Moonlight|p2a: Ursaluna\n|-heal|p2a: Ursaluna|100\/100\n|move|p1a: Donphan|Endeavor|p2a: Ursaluna\n|-damage|p2a: Ursaluna|21\/100\n|\n|-heal|p2a: Ursaluna|27\/100|[from] item: Leftovers\n|upkeep\n|turn|7\n|\n|t:|1698060539\n|move|p2a: Ursaluna|Earth Power|p1a: Donphan\n|-ability|p1a: Donphan|Sturdy\n|-damage|p1a: Donphan|2\/100\n|move|p1a: Donphan|Encore|p2a: Ursaluna\n|-start|p2a: Ursaluna|Encore\n|\n|-heal|p2a: Ursaluna|33\/100|[from] item: Leftovers\n|upkeep\n|turn|8\n|\n|t:|1698060547\n|move|p2a: Ursaluna|Earth Power|p1a: Donphan\n|-damage|p1a: Donphan|0 fnt\n|faint|p1a: Donphan\n|\n|-heal|p2a: Ursaluna|39\/100|[from] item: Leftovers\n|upkeep\n|\n|t:|1698060554\n|switch|p1a: Kyogre|Kyogre|100\/100\n|-weather|RainDance|[from] ability: Drizzle|[of] p1a: Kyogre\n|turn|9\n|\n|t:|1698060558\n|move|p1a: Kyogre|Water Spout|p2a: Ursaluna\n|-supereffective|p2a: Ursaluna\n|-damage|p2a: Ursaluna|0 fnt\n|faint|p2a: Ursaluna\n|\n|-weather|RainDance|[upkeep]\n|upkeep\n|\n|t:|1698060560\n|switch|p2a: Slowking|Slowking-Galar, F|100\/100\n|turn|10\n|\n|t:|1698060565\n|move|p1a: Kyogre|Water Spout|p2a: Slowking\n|-damage|p2a: Slowking|22\/100\n|move|p2a: Slowking|Trick Room|p2a: Slowking\n|-fieldstart|move: Trick Room|[of] p2a: Slowking\n|\n|-weather|RainDance|[upkeep]\n|-heal|p2a: Slowking|28\/100|[from] item: Leftovers\n|upkeep\n|turn|11\n|\n|t:|1698060592\n|switch|p2a: Ceruledge|Ceruledge, F|100\/100\n|switch|p1a: Toxapex|Toxapex, M|100\/100\n|\n|-weather|RainDance|[upkeep]\n|upkeep\n|turn|12\n|\n|t:|1698060599\n|move|p1a: Toxapex|Toxic|p2a: Ceruledge\n|-status|p2a: Ceruledge|tox\n|move|p2a: Ceruledge|Shadow Claw|p1a: Toxapex\n|-damage|p1a: Toxapex|57\/100\n|-damage|p2a: Ceruledge|84\/100 tox|[from] item: Rocky Helmet|[of] p1a: Toxapex\n|\n|-weather|RainDance|[upkeep]\n|-damage|p2a: Ceruledge|78\/100 tox|[from] psn\n|upkeep\n|turn|13\n|\n|t:|1698060609\n|move|p1a: Toxapex|Infestation|p2a: Ceruledge\n|-resisted|p2a: Ceruledge\n|-damage|p2a: Ceruledge|77\/100 tox\n|-activate|p2a: Ceruledge|move: Infestation|[of] p1a: Toxapex\n|move|p2a: Ceruledge|Shadow Claw|p1a: Toxapex\n|-damage|p1a: Toxapex|9\/100\n|-damage|p2a: Ceruledge|60\/100 tox|[from] item: Rocky Helmet|[of] p1a: Toxapex\n|\n|-weather|none\n|-damage|p2a: Ceruledge|48\/100 tox|[from] psn\n|-damage|p2a: Ceruledge|36\/100 tox|[from] move: Infestation|[partiallytrapped]\n|upkeep\n|turn|14\n|\n|t:|1698060619\n|move|p1a: Toxapex|Recover|p1a: Toxapex\n|-heal|p1a: Toxapex|59\/100\n|move|p2a: Ceruledge|Shadow Claw|p1a: Toxapex\n|-damage|p1a: Toxapex|13\/100\n|-damage|p2a: Ceruledge|19\/100 tox|[from] item: Rocky Helmet|[of] p1a: Toxapex\n|\n|-damage|p2a: Ceruledge|0 fnt|[from] psn\n|faint|p2a: Ceruledge\n|-fieldend|move: Trick Room\n|upkeep\n|\n|t:|1698060626\n|switch|p2a: Slowking|Slowking-Galar, F|61\/100\n|turn|15\n|\n|t:|1698060634\n|move|p1a: Toxapex|Recover|p1a: Toxapex\n|-heal|p1a: Toxapex|64\/100\n|move|p2a: Slowking|Trick Room|p2a: Slowking\n|-fieldstart|move: Trick Room|[of] p2a: Slowking\n|\n|-heal|p2a: Slowking|68\/100|[from] item: Leftovers\n|upkeep\n|turn|16\n|\n|t:|1698060647\n|switch|p2a: Baxcalibur|Baxcalibur, F|100\/100\n|move|p1a: Toxapex|Infestation|p2a: Baxcalibur\n|-damage|p2a: Baxcalibur|98\/100\n|-activate|p2a: Baxcalibur|move: Infestation|[of] p1a: Toxapex\n|\n|-damage|p2a: Baxcalibur|86\/100|[from] move: Infestation|[partiallytrapped]\n|upkeep\n|turn|17\n|\n|t:|1698060660\n|move|p1a: Toxapex|Toxic|p2a: Baxcalibur\n|-status|p2a: Baxcalibur|tox\n|move|p2a: Baxcalibur|Swords Dance|p2a: Baxcalibur\n|-boost|p2a: Baxcalibur|atk|2\n|\n|-damage|p2a: Baxcalibur|79\/100 tox|[from] psn\n|-damage|p2a: Baxcalibur|67\/100 tox|[from] move: Infestation|[partiallytrapped]\n|upkeep\n|turn|18\n|\n|t:|1698060669\n|move|p1a: Toxapex|Haze|p1a: Toxapex\n|-clearallboost\n|move|p2a: Baxcalibur|Earthquake|p1a: Toxapex\n|-supereffective|p1a: Toxapex\n|-damage|p1a: Toxapex|0 fnt\n|faint|p1a: Toxapex\n|\n|-damage|p2a: Baxcalibur|54\/100 tox|[from] psn\n|-end|p2a: Baxcalibur|Infestation|[partiallytrapped]|[silent]\n|upkeep\n|\n|t:|1698060682\n|switch|p1a: Chien-Pao|Chien-Pao|100\/100\n|-ability|p1a: Chien-Pao|Sword of Ruin\n|turn|19\n|\n|t:|1698060687\n|move|p1a: Chien-Pao|Sucker Punch|p2a: Baxcalibur\n|-damage|p2a: Baxcalibur|1\/100 tox\n|-damage|p1a: Chien-Pao|91\/100|[from] item: Life Orb\n|move|p2a: Baxcalibur|Glaive Rush|p1a: Chien-Pao\n|-damage|p1a: Chien-Pao|0 fnt\n|-singlemove|p2a: Baxcalibur|Glaive Rush|[silent]\n|faint|p1a: Chien-Pao\n|\n|-damage|p2a: Baxcalibur|0 fnt|[from] psn\n|faint|p2a: Baxcalibur\n|-fieldend|move: Trick Room\n|upkeep\n|\n|t:|1698060710\n|switch|p1a: Basculegion|Basculegion, M|100\/100\n|switch|p2a: Slowking|Slowking-Galar, F|100\/100\n|turn|20\n|\n|t:|1698060721\n|-terastallize|p2a: Slowking|Poison\n|move|p1a: Basculegion|Last Respects|p2a: Slowking\n|-damage|p2a: Slowking|0 fnt\n|faint|p2a: Slowking\n|\n|upkeep\n|\n|t:|1698060728\n|switch|p2a: Haxorus|Haxorus, M|100\/100\n|-ability|p2a: Haxorus|Mold Breaker\n|turn|21\n|\n|t:|1698060735\n|move|p1a: Basculegion|Last Respects|p2a: Haxorus\n|-damage|p2a: Haxorus|0 fnt\n|faint|p2a: Haxorus\n|\n|upkeep\n|\n|t:|1698060740\n|switch|p2a: Annihilape|Annihilape, F|100\/100\n|turn|22\n|\n|t:|1698060744\n|-terastallize|p1a: Basculegion|Normal\n|move|p1a: Basculegion|Last Respects|p2a: Annihilape\n|-supereffective|p2a: Annihilape\n|-damage|p2a: Annihilape|0 fnt\n|faint|p2a: Annihilape\n|\n|win|iSHATKK\n|raw|iSHATKK's rating: 1242 &rarr; <strong>1262<\/strong><br \/>(+20 for winning)\n|raw|chfg jvt's rating: 1165 &rarr; <strong>1145<\/strong><br \/>(-20 for losing)\n|l|\u2606chfg jvt\n","uploadtime":1698060754,"views":13,"p1id":"ishatkk","p2id":"chfgjvt","formatid":"gen9ubers","rating":1145,"private":0,"password":""}