{"id":"gen9ubers-1988089129","p1":"Wittytwiggy","p2":"Damien4293","format":"[Gen 9] Ubers","log":"|j|\u2606Wittytwiggy\n|j|\u2606Damien4293\n|t:|1699668183\n|gametype|singles\n|player|p1|Wittytwiggy|101|\n|player|p2|Damien4293|1|\n|teamsize|p1|6\n|teamsize|p2|6\n|gen|9\n|tier|[Gen 9] Ubers\n|rule|Sleep Clause Mod: Limit one foe put to sleep\n|rule|Species Clause: Limit one of each Pok\u00e9mon\n|rule|OHKO Clause: OHKO moves are banned\n|rule|Evasion Items Clause: Evasion items are banned\n|rule|Evasion Moves Clause: Evasion moves are banned\n|rule|Endless Battle Clause: Forcing endless battles is banned\n|rule|HP Percentage Mod: HP is shown in percentages\n|clearpoke\n|poke|p1|Ursaluna-Bloodmoon, M|\n|poke|p1|Mimikyu, F|\n|poke|p1|Copperajah, F|\n|poke|p1|Chandelure, M|\n|poke|p1|Tyranitar, M|\n|poke|p1|Dondozo, M|\n|poke|p2|Ogerpon-Hearthflame, F|\n|poke|p2|Rillaboom, F|\n|poke|p2|Kingambit, F|\n|poke|p2|Alomomola, M|\n|poke|p2|Kommo-o, F|\n|poke|p2|Regieleki|\n|teampreview\n|c|\u2606Damien4293|my b didnt c it again\n|\n|t:|1699668253\n|start\n|switch|p1a: fren shaped|Mimikyu, F|100\/100\n|switch|p2a: Kommo-o|Kommo-o, F|100\/100\n|turn|1\n|\n|t:|1699668277\n|switch|p2a: Kingambit|Kingambit, F|100\/100\n|move|p1a: fren shaped|Swords Dance|p1a: fren shaped\n|-boost|p1a: fren shaped|atk|2\n|\n|upkeep\n|turn|2\n|\n|t:|1699668295\n|move|p1a: fren shaped|Play Rough|p2a: Kingambit\n|-damage|p2a: Kingambit|45\/100\n|move|p2a: Kingambit|Kowtow Cleave|p1a: fren shaped\n|-activate|p1a: fren shaped|ability: Disguise\n|-damage|p1a: fren shaped|100\/100\n|detailschange|p1a: fren shaped|Mimikyu-Busted, F\n|-damage|p1a: fren shaped|88\/100|[from] pokemon: Mimikyu-Busted\n|\n|upkeep\n|turn|3\n|\n|t:|1699668305\n|move|p2a: Kingambit|Sucker Punch|p1a: fren shaped\n|-crit|p1a: fren shaped\n|-damage|p1a: fren shaped|0 fnt\n|faint|p1a: fren shaped\n|\n|upkeep\n|\n|t:|1699668326\n|switch|p1a: Fervor|Tyranitar, M, shiny|100\/100\n|-weather|Sandstorm|[from] ability: Sand Stream|[of] p1a: Fervor\n|turn|4\n|\n|t:|1699668366\n|-end|p2a: Kingambit|fallenundefined|[silent]\n|switch|p2a: Alomomola|Alomomola, M|100\/100\n|move|p1a: Fervor|Stone Edge|p2a: Alomomola|[miss]\n|-miss|p1a: Fervor|p2a: Alomomola\n|\n|-weather|Sandstorm|[upkeep]\n|-damage|p2a: Alomomola|94\/100|[from] Sandstorm\n|-heal|p2a: Alomomola|100\/100|[from] item: Leftovers\n|upkeep\n|turn|5\n|\n|t:|1699668375\n|move|p1a: Fervor|Stone Edge|p2a: Alomomola\n|-damage|p2a: Alomomola|31\/100\n|move|p2a: Alomomola|Flip Turn|p1a: Fervor\n|-supereffective|p1a: Fervor\n|-damage|p1a: Fervor|74\/100\n|\n|t:|1699668381\n|switch|p2a: Kommo-o|Kommo-o, F|100\/100|[from] Flip Turn\n|\n|-weather|Sandstorm|[upkeep]\n|upkeep\n|turn|6\n|\n|t:|1699668397\n|switch|p1a: Yankee|Chandelure, M|100\/100\n|move|p2a: Kommo-o|Clangorous Soul|p2a: Kommo-o\n|-boost|p2a: Kommo-o|atk|1\n|-boost|p2a: Kommo-o|def|1\n|-boost|p2a: Kommo-o|spa|1\n|-boost|p2a: Kommo-o|spd|1\n|-boost|p2a: Kommo-o|spe|1\n|-damage|p2a: Kommo-o|68\/100\n|\n|-weather|Sandstorm|[upkeep]\n|-damage|p1a: Yankee|94\/100|[from] Sandstorm\n|upkeep\n|turn|7\n|\n|t:|1699668412\n|move|p2a: Kommo-o|Draco Meteor|p1a: Yankee\n|-damage|p1a: Yankee|4\/100\n|-unboost|p2a: Kommo-o|spa|2\n|move|p1a: Yankee|Clear Smog|p2a: Kommo-o\n|-damage|p2a: Kommo-o|56\/100\n|-clearboost|p2a: Kommo-o\n|\n|-weather|Sandstorm|[upkeep]\n|-damage|p1a: Yankee|0 fnt|[from] Sandstorm\n|faint|p1a: Yankee\n|upkeep\n|\n|t:|1699668429\n|switch|p1a: Duchess|Copperajah, F|100\/100\n|turn|8\n|\n|t:|1699668442\n|-terastallize|p1a: Duchess|Fairy\n|move|p2a: Kommo-o|Drain Punch|p1a: Duchess\n|-resisted|p1a: Duchess\n|-damage|p1a: Duchess|82\/100\n|-heal|p2a: Kommo-o|67\/100|[from] drain|[of] p1a: Duchess\n|move|p1a: Duchess|Play Rough|p2a: Kommo-o\n|-supereffective|p2a: Kommo-o\n|-crit|p2a: Kommo-o\n|-damage|p2a: Kommo-o|0 fnt\n|faint|p2a: Kommo-o\n|\n|-weather|none\n|upkeep\n|\n|t:|1699668476\n|switch|p2a: Regieleki|Regieleki|100\/100\n|turn|9\n|\n|t:|1699668501\n|move|p2a: Regieleki|Reflect|p2a: Regieleki\n|-sidestart|p2: Damien4293|Reflect\n|move|p1a: Duchess|Earthquake|p2a: Regieleki\n|-supereffective|p2a: Regieleki\n|-damage|p2a: Regieleki|17\/100\n|-damage|p1a: Duchess|72\/100|[from] item: Life Orb\n|\n|upkeep\n|turn|10\n|\n|t:|1699668511\n|move|p2a: Regieleki|Light Screen|p2a: Regieleki\n|-sidestart|p2: Damien4293|move: Light Screen\n|move|p1a: Duchess|Earthquake|p2a: Regieleki\n|-supereffective|p2a: Regieleki\n|-damage|p2a: Regieleki|0 fnt\n|faint|p2a: Regieleki\n|-damage|p1a: Duchess|62\/100|[from] item: Life Orb\n|\n|upkeep\n|\n|t:|1699668518\n|switch|p2a: Rillaboom|Rillaboom, F|100\/100\n|-fieldstart|move: Grassy Terrain|[from] ability: Grassy Surge|[of] p2a: Rillaboom\n|turn|11\n|\n|t:|1699668540\n|move|p2a: Rillaboom|Wood Hammer|p1a: Duchess\n|-crit|p1a: Duchess\n|-damage|p1a: Duchess|0 fnt\n|faint|p1a: Duchess\n|-damage|p2a: Rillaboom|78\/100|[from] Recoil\n|-damage|p2a: Rillaboom|68\/100|[from] item: Life Orb\n|\n|-heal|p2a: Rillaboom|74\/100|[from] Grassy Terrain\n|upkeep\n|\n|t:|1699668556\n|switch|p1a: Fervor|Tyranitar, M, shiny|74\/100\n|-weather|Sandstorm|[from] ability: Sand Stream|[of] p1a: Fervor\n|turn|12\n|\n|t:|1699668566\n|move|p2a: Rillaboom|Wood Hammer|p1a: Fervor\n|-supereffective|p1a: Fervor\n|-damage|p1a: Fervor|0 fnt\n|faint|p1a: Fervor\n|-damage|p2a: Rillaboom|49\/100|[from] Recoil\n|-damage|p2a: Rillaboom|40\/100|[from] item: Life Orb\n|\n|-weather|Sandstorm|[upkeep]\n|-damage|p2a: Rillaboom|34\/100|[from] Sandstorm\n|-heal|p2a: Rillaboom|40\/100|[from] Grassy Terrain\n|upkeep\n|\n|t:|1699668576\n|switch|p1a: Umbra|Ursaluna-Bloodmoon, M|100\/100\n|turn|13\n|\n|t:|1699668582\n|move|p2a: Rillaboom|Wood Hammer|p1a: Umbra\n|-supereffective|p1a: Umbra\n|-damage|p1a: Umbra|0 fnt\n|faint|p1a: Umbra\n|-damage|p2a: Rillaboom|9\/100|[from] Recoil\n|-damage|p2a: Rillaboom|0 fnt|[from] item: Life Orb\n|faint|p2a: Rillaboom\n|\n|-weather|Sandstorm|[upkeep]\n|upkeep\n|c|\u2606Wittytwiggy|GG ;-;\n|\n|t:|1699668592\n|switch|p2a: Ogerpon|Ogerpon-Hearthflame, F|100\/100\n|switch|p1a: Guy Fieri|Dondozo, M|100\/100\n|-ability|p2a: Ogerpon|Mold Breaker\n|turn|14\n|c|\u2606Damien4293|gg\n|\n|t:|1699668607\n|move|p2a: Ogerpon|Horn Leech|p1a: Guy Fieri\n|-supereffective|p1a: Guy Fieri\n|-damage|p1a: Guy Fieri|50\/100\n|move|p1a: Guy Fieri|Liquidation|p2a: Ogerpon\n|-damage|p2a: Ogerpon|82\/100\n|\n|-weather|Sandstorm|[upkeep]\n|-damage|p2a: Ogerpon|76\/100|[from] Sandstorm\n|-damage|p1a: Guy Fieri|44\/100|[from] Sandstorm\n|-heal|p2a: Ogerpon|82\/100|[from] Grassy Terrain\n|-heal|p1a: Guy Fieri|50\/100|[from] Grassy Terrain\n|upkeep\n|turn|15\n|c|\u2606Damien4293|maybe dozo kinda scary\n|\n|t:|1699668618\n|move|p2a: Ogerpon|Horn Leech|p1a: Guy Fieri\n|-supereffective|p1a: Guy Fieri\n|-damage|p1a: Guy Fieri|0 fnt\n|-heal|p2a: Ogerpon|100\/100|[from] drain|[of] p1a: Guy Fieri\n|faint|p1a: Guy Fieri\n|\n|win|Damien4293\n|c|\u2606Damien4293|gg\n","uploadtime":1699668626,"views":8,"p1id":"wittytwiggy","p2id":"damien4293","formatid":"gen9ubers","rating":0,"private":0,"password":""}