{"id":"gen9ubers-1969952097","p1":"theironpikachu","p2":"Dregone","format":"[Gen 9] Ubers","log":"|j|\u2606theironpikachu\n|j|\u2606Dregone\n|inactive|Battle timer is ON: inactive players will automatically lose when time's up.\n|t:|1697578950\n|gametype|singles\n|player|p1|theironpikachu|may-masters|\n|player|p2|Dregone|cynthia-masters|\n|teamsize|p1|3\n|teamsize|p2|3\n|gen|9\n|tier|[Gen 9] Ubers\n|rated|Tournament battle\n|rule|Sleep Clause Mod: Limit one foe put to sleep\n|rule|Species Clause: Limit one of each Pok\u00e9mon\n|rule|OHKO Clause: OHKO moves are banned\n|rule|Evasion Items Clause: Evasion items are banned\n|rule|Evasion Moves Clause: Evasion moves are banned\n|rule|Endless Battle Clause: Forcing endless battles is banned\n|rule|HP Percentage Mod: HP is shown in percentages\n|rule|Terastal Clause: You cannot Terastallize\n|clearpoke\n|poke|p1|Zacian-*|\n|poke|p1|Koraidon|\n|poke|p1|Mimikyu, M|\n|poke|p2|Calyrex-Ice|\n|poke|p2|Koraidon|\n|poke|p2|Arceus-Water|\n|teampreview|1\n|j|*Lady Monita \u263d\n|inactive|theironpikachu also wants the timer to be on.\n|inactive|Dregone also wants the timer to be on.\n|j| happysh\n|c|\u2606Dregone|glhf\n|j| bleahey\n|l| bleahey\n|c|\u2606theironpikachu|glhf\n|\n|t:|1697578974\n|start\n|switch|p1a: Mimikyu|Mimikyu, M|100\/100\n|switch|p2a: Arceus|Arceus-Water|100\/100\n|turn|1\n|\n|t:|1697578986\n|move|p1a: Mimikyu|Protect|p1a: Mimikyu\n|-singleturn|p1a: Mimikyu|Protect\n|move|p2a: Arceus|Taunt|p1a: Mimikyu\n|-activate|p1a: Mimikyu|move: Protect\n|\n|upkeep\n|turn|2\n|\n|t:|1697578988\n|move|p2a: Arceus|Taunt|p1a: Mimikyu\n|-start|p1a: Mimikyu|move: Taunt\n|cant|p1a: Mimikyu|move: Taunt|Substitute\n|\n|upkeep\n|turn|3\n|c|\u2606Dregone|:p\n|\n|t:|1697578994\n|move|p2a: Arceus|Will-O-Wisp|p1a: Mimikyu|[miss]\n|-miss|p2a: Arceus|p1a: Mimikyu\n|move|p1a: Mimikyu|Phantom Force||[still]\n|-prepare|p1a: Mimikyu|Phantom Force\n|\n|upkeep\n|turn|4\n|c|\u2606theironpikachu|w\n|\n|t:|1697579002\n|move|p2a: Arceus|Will-O-Wisp|p1a: Mimikyu|[miss]\n|-miss|p2a: Arceus|p1a: Mimikyu\n|move|p1a: Mimikyu|Phantom Force|p2a: Arceus|[from]lockedmove\n|-damage|p2a: Arceus|84\/100\n|\n|-end|p1a: Mimikyu|move: Taunt\n|upkeep\n|turn|5\n|\n|t:|1697579008\n|move|p1a: Mimikyu|Protect|p1a: Mimikyu\n|-singleturn|p1a: Mimikyu|Protect\n|move|p2a: Arceus|Taunt|p1a: Mimikyu\n|-activate|p1a: Mimikyu|move: Protect\n|\n|upkeep\n|turn|6\n|\n|t:|1697579036\n|move|p2a: Arceus|Taunt|p1a: Mimikyu\n|-start|p1a: Mimikyu|move: Taunt\n|move|p1a: Mimikyu|Phantom Force||[still]\n|-prepare|p1a: Mimikyu|Phantom Force\n|\n|upkeep\n|turn|7\n|\n|t:|1697579042\n|move|p2a: Arceus|Taunt|p1a: Mimikyu|[miss]\n|-miss|p2a: Arceus|p1a: Mimikyu\n|move|p1a: Mimikyu|Phantom Force|p2a: Arceus|[from]lockedmove\n|-damage|p2a: Arceus|68\/100\n|\n|upkeep\n|turn|8\n|\n|t:|1697579047\n|move|p2a: Arceus|Judgment|p1a: Mimikyu\n|-activate|p1a: Mimikyu|ability: Disguise\n|-damage|p1a: Mimikyu|100\/100\n|detailschange|p1a: Mimikyu|Mimikyu-Busted, M\n|-damage|p1a: Mimikyu|88\/100|[from] pokemon: Mimikyu-Busted\n|move|p1a: Mimikyu|Phantom Force||[still]\n|-prepare|p1a: Mimikyu|Phantom Force\n|\n|-end|p1a: Mimikyu|move: Taunt\n|upkeep\n|turn|9\n|\n|t:|1697579054\n|move|p2a: Arceus|Taunt|p1a: Mimikyu|[miss]\n|-miss|p2a: Arceus|p1a: Mimikyu\n|move|p1a: Mimikyu|Phantom Force|p2a: Arceus|[from]lockedmove\n|-damage|p2a: Arceus|50\/100\n|\n|upkeep\n|turn|10\n|inactive|Dregone has 120 seconds left.\n|\n|t:|1697579099\n|move|p2a: Arceus|Taunt|p1a: Mimikyu\n|-start|p1a: Mimikyu|move: Taunt\n|cant|p1a: Mimikyu|move: Taunt|Substitute\n|\n|upkeep\n|turn|11\n|\n|t:|1697579117\n|move|p2a: Arceus|Judgment|p1a: Mimikyu\n|-damage|p1a: Mimikyu|36\/100\n|move|p1a: Mimikyu|Phantom Force||[still]\n|-prepare|p1a: Mimikyu|Phantom Force\n|\n|upkeep\n|turn|12\n|inactive|Dregone has 90 seconds left.\n|\n|t:|1697579144\n|move|p2a: Arceus|Judgment|p1a: Mimikyu|[miss]\n|-miss|p2a: Arceus|p1a: Mimikyu\n|move|p1a: Mimikyu|Phantom Force|p2a: Arceus|[from]lockedmove\n|-damage|p2a: Arceus|33\/100\n|\n|-end|p1a: Mimikyu|move: Taunt\n|upkeep\n|turn|13\n|inactive|Dregone has 90 seconds left.\n|\n|t:|1697579152\n|move|p2a: Arceus|Judgment|p1a: Mimikyu\n|-damage|p1a: Mimikyu|0 fnt\n|faint|p1a: Mimikyu\n|\n|win|Dregone\n|n|\u2606theironpikachu|theironpikachu\n|n|\u2606Dregone|dregone\n|n|*Lady Monita \u263d|ladymonita\n|n| happysh|happysh\n","uploadtime":1697579153,"views":7,"p1id":"theironpikachu","p2id":"dregone","formatid":"gen9ubers","rating":0,"private":0,"password":""}