{"id":"gen9ubers-1969050019","p1":"pronerdgaming","p2":"Underhours","format":"[Gen 9] Ubers","log":"|j|\u2606pronerdgaming\n|j|\u2606Underhours\n|t:|1697485764\n|gametype|singles\n|player|p1|pronerdgaming|169|\n|player|p2|Underhours|brock-gen2|\n|teamsize|p1|6\n|teamsize|p2|6\n|gen|9\n|tier|[Gen 9] Ubers\n|rule|Sleep Clause Mod: Limit one foe put to sleep\n|rule|Species Clause: Limit one of each Pok\u00e9mon\n|rule|OHKO Clause: OHKO moves are banned\n|rule|Evasion Items Clause: Evasion items are banned\n|rule|Evasion Moves Clause: Evasion moves are banned\n|rule|Endless Battle Clause: Forcing endless battles is banned\n|rule|HP Percentage Mod: HP is shown in percentages\n|clearpoke\n|poke|p1|Palafin, F|\n|poke|p1|Gholdengo|\n|poke|p1|Zamazenta-*|\n|poke|p1|Arceus-Ice|\n|poke|p1|Shaymin-Sky|\n|poke|p1|Masquerain, M|\n|poke|p2|Magearna|\n|poke|p2|Palkia-Origin|\n|poke|p2|Arceus-Fighting|\n|poke|p2|Chi-Yu|\n|poke|p2|Espathra, M|\n|poke|p2|Cyclizar, F|\n|teampreview\n|inactive|Battle timer is ON: inactive players will automatically lose when time's up. (requested by Underhours)\n|c|\u2606Underhours|glhf\n|\n|t:|1697485788\n|start\n|switch|p1a: Palafin|Palafin, F|100\/100\n|switch|p2a: Cyclizar|Cyclizar, F|100\/100\n|turn|1\n|c|\u2606pronerdgaming|I don't know what that mean\n|\n|t:|1697485811\n|move|p2a: Cyclizar|Shed Tail|p2a: Cyclizar\n|-start|p2a: Cyclizar|Substitute|[from] move: Shed Tail\n|-damage|p2a: Cyclizar|50\/100\n|c|\u2606Underhours|me either\n|\n|t:|1697485822\n|switch|p2a: Palkia|Palkia-Origin|100\/100|[from] Shed Tail\n|-ability|p2a: Palkia|Pressure\n|move|p1a: Palafin|Flip Turn|p2a: Palkia\n|-resisted|p2a: Palkia\n|-activate|p2a: Palkia|move: Substitute|[damage]\n|c|\u2606pronerdgaming|good luck have fun\n|c|\u2606pronerdgaming|Google\n|c|\u2606Underhours|thanks\n|inactive|pronerdgaming has 270 seconds left.\n|\n|t:|1697485862\n|detailschange|p1a: Palafin|Palafin-Hero, F\n|switch|p1a: Zamazenta|Zamazenta-Crowned|100\/100|[from] Flip Turn\n|-ability|p1a: Zamazenta|Dauntless Shield|boost\n|-boost|p1a: Zamazenta|def|1\n|\n|upkeep\n|turn|2\n|inactive|pronerdgaming has 270 seconds left.\n|\n|t:|1697485876\n|move|p2a: Palkia|Fire Blast|p1a: Zamazenta\n|-supereffective|p1a: Zamazenta\n|-damage|p1a: Zamazenta|49\/100\n|move|p1a: Zamazenta|Iron Defense|p1a: Zamazenta\n|-boost|p1a: Zamazenta|def|2\n|\n|upkeep\n|turn|3\n|\n|t:|1697485883\n|-terastallize|p1a: Zamazenta|Fighting\n|move|p2a: Palkia|Fire Blast|p1a: Zamazenta\n|-damage|p1a: Zamazenta|22\/100\n|move|p1a: Zamazenta|Body Press|p2a: Palkia\n|-end|p2a: Palkia|Substitute\n|\n|upkeep\n|turn|4\n|j| Cw1999\n|\n|t:|1697485895\n|move|p2a: Palkia|Fire Blast|p1a: Zamazenta\n|-damage|p1a: Zamazenta|0 fnt\n|faint|p1a: Zamazenta\n|\n|upkeep\n|\n|t:|1697485902\n|switch|p1a: Shaymin|Shaymin-Sky|100\/100\n|turn|5\n|\n|t:|1697485907\n|move|p1a: Shaymin|Seed Flare|p2a: Palkia\n|-damage|p2a: Palkia|53\/100\n|-unboost|p2a: Palkia|spd|2\n|move|p2a: Palkia|Draco Meteor|p1a: Shaymin\n|-damage|p1a: Shaymin|0 fnt\n|-unboost|p2a: Palkia|spa|2\n|faint|p1a: Shaymin\n|\n|upkeep\n|\n|t:|1697485911\n|switch|p1a: Arceus|Arceus-Ice|100\/100\n|turn|6\n|\n|t:|1697485923\n|switch|p2a: Magearna|Magearna|100\/100\n|move|p1a: Arceus|Judgment|p2a: Magearna\n|-resisted|p2a: Magearna\n|-damage|p2a: Magearna|73\/100\n|\n|-heal|p2a: Magearna|79\/100|[from] item: Leftovers\n|upkeep\n|turn|7\n|\n|t:|1697485930\n|switch|p1a: Gholdengo|Gholdengo|100\/100\n|move|p2a: Magearna|Calm Mind|p2a: Magearna\n|-boost|p2a: Magearna|spa|1\n|-boost|p2a: Magearna|spd|1\n|\n|-heal|p2a: Magearna|85\/100|[from] item: Leftovers\n|upkeep\n|turn|8\n|\n|t:|1697485952\n|switch|p2a: Chi-Yu|Chi-Yu|100\/100\n|-ability|p2a: Chi-Yu|Beads of Ruin\n|move|p1a: Gholdengo|Trick|p2a: Chi-Yu\n|-activate|p1a: Gholdengo|move: Trick|[of] p2a: Chi-Yu\n|-item|p2a: Chi-Yu|Choice Scarf|[from] move: Trick\n|-item|p1a: Gholdengo|Choice Specs|[from] move: Trick\n|\n|upkeep\n|turn|9\n|j| psicopatic\n|inactive|Underhours has 270 seconds left.\n|\n|t:|1697485973\n|switch|p1a: Masquerain|Masquerain, M|100\/100\n|-ability|p1a: Masquerain|Intimidate|boost\n|-unboost|p2a: Chi-Yu|atk|1\n|move|p2a: Chi-Yu|Dark Pulse|p1a: Masquerain\n|-damage|p1a: Masquerain|21\/100\n|\n|upkeep\n|turn|10\n|\n|t:|1697485978\n|move|p2a: Chi-Yu|Dark Pulse|p1a: Masquerain\n|-damage|p1a: Masquerain|0 fnt\n|faint|p1a: Masquerain\n|\n|upkeep\n|\n|t:|1697485980\n|switch|p1a: Palafin|Palafin-Hero, F|100\/100\n|-activate|p1a: Palafin|ability: Zero to Hero\n|turn|11\n|\n|t:|1697485993\n|switch|p2a: Palkia|Palkia-Origin|53\/100\n|-ability|p2a: Palkia|Pressure\n|move|p1a: Palafin|Jet Punch|p2a: Palkia\n|-resisted|p2a: Palkia\n|-damage|p2a: Palkia|44\/100\n|\n|upkeep\n|turn|12\n|\n|t:|1697485996\n|move|p2a: Palkia|Draco Meteor|p1a: Palafin\n|-damage|p1a: Palafin|37\/100\n|-unboost|p2a: Palkia|spa|2\n|move|p1a: Palafin|Close Combat|p2a: Palkia\n|-damage|p2a: Palkia|0 fnt\n|-unboost|p1a: Palafin|def|1\n|-unboost|p1a: Palafin|spd|1\n|faint|p2a: Palkia\n|\n|upkeep\n|l| psicopatic\n|\n|t:|1697486008\n|switch|p2a: Arceus|Arceus-Fighting|100\/100\n|turn|13\n|\n|t:|1697486019\n|switch|p1a: Gholdengo|Gholdengo|100\/100\n|move|p2a: Arceus|Judgment|p1a: Gholdengo\n|-immune|p1a: Gholdengo\n|\n|upkeep\n|turn|14\n|\n|t:|1697486033\n|move|p1a: Gholdengo|Focus Blast|p2a: Arceus|[miss]\n|-miss|p1a: Gholdengo|p2a: Arceus\n|move|p2a: Arceus|Dragon Tail|p1a: Gholdengo\n|-resisted|p1a: Gholdengo\n|-damage|p1a: Gholdengo|88\/100\n|drag|p1a: Arceus|Arceus-Ice|100\/100\n|\n|upkeep\n|turn|15\n|\n|t:|1697486057\n|move|p2a: Arceus|Stealth Rock|p1a: Arceus\n|-sidestart|p1: pronerdgaming|move: Stealth Rock\n|move|p1a: Arceus|Judgment|p2a: Arceus\n|-damage|p2a: Arceus|53\/100\n|\n|upkeep\n|turn|16\n|\n|t:|1697486070\n|move|p2a: Arceus|Recover|p2a: Arceus\n|-heal|p2a: Arceus|100\/100\n|move|p1a: Arceus|Judgment|p2a: Arceus\n|-damage|p2a: Arceus|51\/100\n|\n|upkeep\n|turn|17\n|\n|t:|1697486074\n|move|p2a: Arceus|Recover|p2a: Arceus\n|-heal|p2a: Arceus|100\/100\n|move|p1a: Arceus|Judgment|p2a: Arceus\n|-damage|p2a: Arceus|47\/100\n|\n|upkeep\n|turn|18\n|\n|t:|1697486077\n|move|p2a: Arceus|Recover|p2a: Arceus\n|-heal|p2a: Arceus|98\/100\n|move|p1a: Arceus|Judgment|p2a: Arceus\n|-damage|p2a: Arceus|45\/100\n|\n|upkeep\n|turn|19\n|\n|t:|1697486081\n|move|p2a: Arceus|Recover|p2a: Arceus\n|-heal|p2a: Arceus|95\/100\n|move|p1a: Arceus|Judgment|p2a: Arceus\n|-damage|p2a: Arceus|41\/100\n|\n|upkeep\n|turn|20\n|\n|t:|1697486088\n|move|p2a: Arceus|Recover|p2a: Arceus\n|-heal|p2a: Arceus|91\/100\n|move|p1a: Arceus|Judgment|p2a: Arceus\n|-damage|p2a: Arceus|39\/100\n|\n|upkeep\n|turn|21\n|\n|t:|1697486094\n|move|p2a: Arceus|Recover|p2a: Arceus\n|-heal|p2a: Arceus|89\/100\n|move|p1a: Arceus|Judgment|p2a: Arceus\n|-damage|p2a: Arceus|40\/100\n|\n|upkeep\n|turn|22\n|\n|t:|1697486101\n|move|p2a: Arceus|Recover|p2a: Arceus\n|-heal|p2a: Arceus|90\/100\n|move|p1a: Arceus|Judgment|p2a: Arceus\n|-damage|p2a: Arceus|40\/100\n|\n|upkeep\n|turn|23\n|\n|t:|1697486105\n|move|p2a: Arceus|Recover|p2a: Arceus\n|-heal|p2a: Arceus|90\/100\n|move|p1a: Arceus|Judgment|p2a: Arceus\n|-damage|p2a: Arceus|44\/100\n|\n|upkeep\n|turn|24\n|\n|t:|1697486108\n|move|p2a: Arceus|Judgment|p1a: Arceus\n|-supereffective|p1a: Arceus\n|-damage|p1a: Arceus|46\/100\n|move|p1a: Arceus|Judgment|p2a: Arceus\n|-damage|p2a: Arceus|0 fnt\n|faint|p2a: Arceus\n|\n|upkeep\n|\n|t:|1697486113\n|switch|p2a: Chi-Yu|Chi-Yu|100\/100\n|-ability|p2a: Chi-Yu|Beads of Ruin\n|turn|25\n|\n|t:|1697486123\n|move|p2a: Chi-Yu|Flamethrower|p1a: Arceus\n|-supereffective|p1a: Arceus\n|-damage|p1a: Arceus|0 fnt\n|faint|p1a: Arceus\n|\n|upkeep\n|\n|t:|1697486126\n|switch|p1a: Palafin|Palafin-Hero, F|37\/100\n|-damage|p1a: Palafin|25\/100|[from] Stealth Rock\n|turn|26\n|\n|t:|1697486134\n|switch|p2a: Magearna|Magearna|85\/100\n|move|p1a: Palafin|Wave Crash|p2a: Magearna\n|-damage|p2a: Magearna|43\/100\n|-damage|p1a: Palafin|10\/100|[from] Recoil\n|\n|-heal|p2a: Magearna|50\/100|[from] item: Leftovers\n|upkeep\n|turn|27\n|\n|t:|1697486142\n|move|p1a: Palafin|Flip Turn|p2a: Magearna\n|-damage|p2a: Magearna|25\/100\n|\n|t:|1697486145\n|switch|p1a: Gholdengo|Gholdengo|88\/100|[from] Flip Turn\n|-damage|p1a: Gholdengo|82\/100|[from] Stealth Rock\n|move|p2a: Magearna|Draining Kiss|p1a: Gholdengo\n|-resisted|p1a: Gholdengo\n|-damage|p1a: Gholdengo|69\/100\n|-heal|p2a: Magearna|34\/100|[from] drain|[of] p1a: Gholdengo\n|\n|-heal|p2a: Magearna|40\/100|[from] item: Leftovers\n|upkeep\n|turn|28\n|\n|t:|1697486160\n|switch|p2a: Espathra|Espathra, M|100\/100\n|move|p1a: Gholdengo|Make It Rain|p2a: Espathra\n|-damage|p2a: Espathra|0 fnt\n|-unboost|p1a: Gholdengo|spa|1\n|faint|p2a: Espathra\n|\n|upkeep\n|\n|t:|1697486164\n|switch|p2a: Chi-Yu|Chi-Yu|100\/100\n|-ability|p2a: Chi-Yu|Beads of Ruin\n|turn|29\n|c|\u2606pronerdgaming|gg\n|\n|t:|1697486171\n|move|p2a: Chi-Yu|Flamethrower|p1a: Gholdengo\n|-supereffective|p1a: Gholdengo\n|-damage|p1a: Gholdengo|0 fnt\n|faint|p1a: Gholdengo\n|\n|upkeep\n|\n|t:|1697486174\n|switch|p1a: Palafin|Palafin-Hero, F|10\/100\n|-damage|p1a: Palafin|0 fnt|[from] Stealth Rock\n|faint|p1a: Palafin\n|\n|win|Underhours\n|c|\u2606Underhours|gg\n|c|\u2606pronerdgaming|rematch?\n|l|\u2606Underhours\n|l|\u2606pronerdgaming\n|l| Cw1999\n","uploadtime":1697486753,"views":21,"p1id":"pronerdgaming","p2id":"underhours","formatid":"gen9ubers","rating":0,"private":0,"password":""}