{"id":"gen9ubers-1982254347","p1":"poquise","p2":"khaodk245","format":"[Gen 9] Ubers","log":"|j|\u2606poquise\n|j|\u2606khaodk245\n|t:|1698985069\n|gametype|singles\n|player|p1|poquise|ghetsis-gen5bw|1040\n|player|p2|khaodk245|clerk|1067\n|teamsize|p1|6\n|teamsize|p2|6\n|gen|9\n|tier|[Gen 9] Ubers\n|rated|\n|rule|Sleep Clause Mod: Limit one foe put to sleep\n|rule|Species Clause: Limit one of each Pok\u00e9mon\n|rule|OHKO Clause: OHKO moves are banned\n|rule|Evasion Items Clause: Evasion items are banned\n|rule|Evasion Moves Clause: Evasion moves are banned\n|rule|Endless Battle Clause: Forcing endless battles is banned\n|rule|HP Percentage Mod: HP is shown in percentages\n|clearpoke\n|poke|p1|Darkrai|\n|poke|p1|Giratina|\n|poke|p1|Glimmora, F|\n|poke|p1|Ribombee, M|\n|poke|p1|Heatran, M|\n|poke|p1|Pikachu-Hoenn, M|\n|poke|p2|Gliscor, M|\n|poke|p2|Urshifu-*, M|\n|poke|p2|Torterra, M|\n|poke|p2|Darkrai|\n|poke|p2|Greninja-*, M|\n|poke|p2|Regieleki|\n|teampreview\n|\n|t:|1698985076\n|start\n|switch|p1a: Ribombee|Ribombee, M|100\/100\n|switch|p2a: Regieleki|Regieleki|100\/100\n|turn|1\n|\n|t:|1698985089\n|move|p2a: Regieleki|Light Screen|p2a: Regieleki\n|-sidestart|p2: khaodk245|move: Light Screen\n|move|p1a: Ribombee|Light Screen|p1a: Ribombee\n|-sidestart|p1: poquise|move: Light Screen\n|\n|upkeep\n|turn|2\n|c|\u2606poquise|lol\n|\n|t:|1698985096\n|move|p2a: Regieleki|Thunder Wave|p1a: Ribombee\n|-status|p1a: Ribombee|par\n|cant|p1a: Ribombee|par\n|\n|upkeep\n|turn|3\n|\n|t:|1698985103\n|move|p2a: Regieleki|Electroweb|p1a: Ribombee\n|-damage|p1a: Ribombee|76\/100 par\n|-unboost|p1a: Ribombee|spe|1\n|-damage|p2a: Regieleki|91\/100|[from] item: Life Orb\n|move|p1a: Ribombee|Sticky Web|p2a: Regieleki\n|-sidestart|p2: khaodk245|move: Sticky Web\n|\n|upkeep\n|turn|4\n|\n|t:|1698985112\n|move|p2a: Regieleki|Electroweb|p1a: Ribombee\n|-damage|p1a: Ribombee|53\/100 par\n|-unboost|p1a: Ribombee|spe|1\n|-damage|p2a: Regieleki|81\/100|[from] item: Life Orb\n|move|p1a: Ribombee|Reflect|p1a: Ribombee\n|-sidestart|p1: poquise|Reflect\n|\n|upkeep\n|turn|5\n|\n|t:|1698985124\n|move|p2a: Regieleki|Volt Switch|p1a: Ribombee\n|-damage|p1a: Ribombee|20\/100 par\n|-damage|p2a: Regieleki|71\/100|[from] item: Life Orb\n|\n|t:|1698985133\n|switch|p2a: Gliscor|Gliscor, M|100\/100|[from] Volt Switch\n|move|p1a: Ribombee|U-turn|p2a: Gliscor\n|-resisted|p2a: Gliscor\n|-damage|p2a: Gliscor|94\/100\n|inactive|Battle timer is ON: inactive players will automatically lose when time's up. (requested by khaodk245)\n|\n|t:|1698985157\n|switch|p1a: Pikachu|Pikachu-Hoenn, M|100\/100|[from] U-turn\n|\n|-sideend|p2: khaodk245|move: Light Screen\n|-status|p2a: Gliscor|tox|[from] item: Toxic Orb\n|upkeep\n|turn|6\n|\n|t:|1698985167\n|-terastallize|p1a: Pikachu|Flying\n|move|p1a: Pikachu|Surf|p2a: Gliscor\n|-supereffective|p2a: Gliscor\n|-damage|p2a: Gliscor|25\/100 tox\n|move|p2a: Gliscor|Knock Off|p1a: Pikachu\n|-damage|p1a: Pikachu|58\/100\n|-enditem|p1a: Pikachu|Light Ball|[from] move: Knock Off|[of] p2a: Gliscor\n|\n|-heal|p2a: Gliscor|37\/100 tox|[from] ability: Poison Heal\n|upkeep\n|turn|7\n|\n|t:|1698985184\n|switch|p2a: Torterra|Torterra, M|100\/100\n|-activate|p2a: Torterra|move: Sticky Web\n|-unboost|p2a: Torterra|spe|1\n|move|p1a: Pikachu|Surf|p2a: Torterra\n|-crit|p2a: Torterra\n|-damage|p2a: Torterra|83\/100\n|\n|-heal|p2a: Torterra|89\/100|[from] item: Leftovers\n|upkeep\n|turn|8\n|\n|t:|1698985196\n|move|p1a: Pikachu|Volt Switch|p2a: Torterra\n|-immune|p2a: Torterra\n|move|p2a: Torterra|Earthquake|p1a: Pikachu\n|-immune|p1a: Pikachu\n|\n|-heal|p2a: Torterra|95\/100|[from] item: Leftovers\n|-sideend|p1: poquise|move: Light Screen\n|upkeep\n|turn|9\n|inactive|khaodk245 has 120 seconds left.\n|\n|t:|1698985226\n|switch|p1a: Darkrai|Darkrai|100\/100\n|move|p2a: Torterra|Giga Drain|p1a: Darkrai\n|-damage|p1a: Darkrai|71\/100\n|-heal|p2a: Torterra|100\/100|[from] drain|[of] p1a: Darkrai\n|\n|-heal|p1a: Darkrai|77\/100|[from] item: Leftovers\n|upkeep\n|turn|10\n|inactive|khaodk245 has 120 seconds left.\n|\n|t:|1698985243\n|move|p1a: Darkrai|Hypnosis|p2a: Torterra|[miss]\n|-miss|p1a: Darkrai|p2a: Torterra\n|move|p2a: Torterra|Light Screen|p2a: Torterra\n|-sidestart|p2: khaodk245|move: Light Screen\n|\n|-heal|p1a: Darkrai|83\/100|[from] item: Leftovers\n|upkeep\n|turn|11\n|inactive|khaodk245 has 120 seconds left.\n|\n|t:|1698985263\n|move|p1a: Darkrai|Hypnosis|p2a: Torterra|[miss]\n|-miss|p1a: Darkrai|p2a: Torterra\n|move|p2a: Torterra|Giga Drain|p1a: Darkrai\n|-damage|p1a: Darkrai|55\/100\n|\n|-heal|p1a: Darkrai|61\/100|[from] item: Leftovers\n|-sideend|p1: poquise|Reflect\n|upkeep\n|turn|12\n|\n|t:|1698985278\n|move|p1a: Darkrai|Hypnosis|p2a: Torterra\n|-status|p2a: Torterra|slp|[from] move: Hypnosis\n|cant|p2a: Torterra|slp\n|\n|-heal|p1a: Darkrai|67\/100|[from] item: Leftovers\n|-damage|p2a: Torterra|88\/100 slp|[from] ability: Bad Dreams|[of] p1a: Darkrai\n|upkeep\n|turn|13\n|\n|t:|1698985295\n|switch|p2a: Urshifu|Urshifu-Rapid-Strike, M|100\/100\n|-activate|p2a: Urshifu|move: Sticky Web\n|-unboost|p2a: Urshifu|spe|1\n|move|p1a: Darkrai|Substitute|p1a: Darkrai\n|-start|p1a: Darkrai|Substitute\n|-damage|p1a: Darkrai|42\/100\n|\n|-heal|p1a: Darkrai|48\/100|[from] item: Leftovers\n|upkeep\n|turn|14\n|\n|t:|1698985311\n|move|p1a: Darkrai|Dark Pulse|p2a: Urshifu\n|-resisted|p2a: Urshifu\n|-damage|p2a: Urshifu|86\/100\n|move|p2a: Urshifu|Surging Strikes|p1a: Darkrai\n|-crit|p1a: Darkrai\n|-end|p1a: Darkrai|Substitute\n|-crit|p1a: Darkrai\n|-damage|p1a: Darkrai|19\/100\n|-crit|p1a: Darkrai\n|-damage|p1a: Darkrai|0 fnt\n|faint|p1a: Darkrai\n|-hitcount|p1: Darkrai|3\n|\n|-sideend|p2: khaodk245|move: Light Screen\n|upkeep\n|\n|t:|1698985324\n|switch|p1a: Giratina|Giratina, shiny|100\/100\n|-ability|p1a: Giratina|Pressure\n|turn|15\n|\n|t:|1698985336\n|-terastallize|p2a: Urshifu|Ice\n|move|p1a: Giratina|Thunder Wave|p2a: Urshifu\n|-status|p2a: Urshifu|par\n|move|p2a: Urshifu|Surging Strikes|p1a: Giratina\n|-resisted|p1a: Giratina\n|-crit|p1a: Giratina\n|-damage|p1a: Giratina|95\/100\n|-resisted|p1a: Giratina\n|-crit|p1a: Giratina\n|-damage|p1a: Giratina|90\/100\n|-resisted|p1a: Giratina\n|-crit|p1a: Giratina\n|-damage|p1a: Giratina|84\/100\n|-hitcount|p1a: Giratina|3\n|\n|-heal|p1a: Giratina|91\/100|[from] item: Leftovers\n|upkeep\n|turn|16\n|inactive|khaodk245 has 90 seconds left.\n|\n|t:|1698985359\n|move|p1a: Giratina|Ancient Power|p2a: Urshifu\n|-supereffective|p2a: Urshifu\n|-damage|p2a: Urshifu|49\/100 par\n|-boost|p1a: Giratina|atk|1\n|-boost|p1a: Giratina|def|1\n|-boost|p1a: Giratina|spa|1\n|-boost|p1a: Giratina|spd|1\n|-boost|p1a: Giratina|spe|1\n|cant|p2a: Urshifu|par\n|\n|-heal|p1a: Giratina|97\/100|[from] item: Leftovers\n|upkeep\n|turn|17\n|inactive|khaodk245 has 90 seconds left.\n|\n|t:|1698985372\n|switch|p2a: Greninja|Greninja, M, shiny|100\/100\n|-activate|p2a: Greninja|move: Sticky Web\n|-unboost|p2a: Greninja|spe|1\n|move|p1a: Giratina|Ancient Power|p2a: Greninja\n|-damage|p2a: Greninja|72\/100\n|\n|-heal|p1a: Giratina|100\/100|[from] item: Leftovers\n|upkeep\n|turn|18\n|inactive|khaodk245 has 90 seconds left.\n|\n|t:|1698985385\n|move|p1a: Giratina|Thunder Wave|p2a: Greninja\n|-status|p2a: Greninja|par\n|move|p2a: Greninja|Ice Beam|p1a: Giratina\n|-start|p2a: Greninja|typechange|Ice|[from] ability: Protean\n|-supereffective|p1a: Giratina\n|-damage|p1a: Giratina|76\/100\n|\n|-heal|p1a: Giratina|82\/100|[from] item: Leftovers\n|upkeep\n|turn|19\n|inactive|khaodk245 has 90 seconds left.\n|\n|t:|1698985397\n|move|p1a: Giratina|Ancient Power|p2a: Greninja\n|-supereffective|p2a: Greninja\n|-damage|p2a: Greninja|21\/100 par\n|move|p2a: Greninja|Ice Beam|p1a: Giratina\n|-supereffective|p1a: Giratina\n|-damage|p1a: Giratina|59\/100\n|\n|-heal|p1a: Giratina|65\/100|[from] item: Leftovers\n|upkeep\n|turn|20\n|inactive|khaodk245 has 90 seconds left.\n|\n|t:|1698985410\n|switch|p2a: Torterra|Torterra, M|88\/100 slp\n|-activate|p2a: Torterra|move: Sticky Web\n|-unboost|p2a: Torterra|spe|1\n|move|p1a: Giratina|Ancient Power|p2a: Torterra\n|-resisted|p2a: Torterra\n|-damage|p2a: Torterra|78\/100 slp\n|\n|-heal|p1a: Giratina|71\/100|[from] item: Leftovers\n|-heal|p2a: Torterra|84\/100 slp|[from] item: Leftovers\n|upkeep\n|turn|21\n|inactive|khaodk245 has 90 seconds left.\n|\n|t:|1698985422\n|move|p1a: Giratina|Ancient Power|p2a: Torterra\n|-resisted|p2a: Torterra\n|-crit|p2a: Torterra\n|-damage|p2a: Torterra|68\/100 slp\n|cant|p2a: Torterra|slp\n|\n|-heal|p1a: Giratina|77\/100|[from] item: Leftovers\n|-heal|p2a: Torterra|74\/100 slp|[from] item: Leftovers\n|upkeep\n|turn|22\n|inactive|khaodk245 has 90 seconds left.\n|\n|t:|1698985436\n|move|p1a: Giratina|Ancient Power|p2a: Torterra\n|-resisted|p2a: Torterra\n|-damage|p2a: Torterra|64\/100 slp\n|cant|p2a: Torterra|slp\n|\n|-heal|p1a: Giratina|84\/100|[from] item: Leftovers\n|-heal|p2a: Torterra|70\/100 slp|[from] item: Leftovers\n|upkeep\n|turn|23\n|\n|t:|1698985446\n|move|p1a: Giratina|Hex|p2a: Torterra\n|-damage|p2a: Torterra|0 fnt\n|faint|p2a: Torterra\n|\n|-heal|p1a: Giratina|90\/100|[from] item: Leftovers\n|upkeep\n|\n|t:|1698985455\n|switch|p2a: Gliscor|Gliscor, M|37\/100 tox\n|turn|24\n|\n|t:|1698985460\n|move|p1a: Giratina|Hex|p2a: Gliscor\n|-damage|p2a: Gliscor|0 fnt\n|faint|p2a: Gliscor\n|\n|-heal|p1a: Giratina|96\/100|[from] item: Leftovers\n|upkeep\n|\n|t:|1698985468\n|switch|p2a: Regieleki|Regieleki|71\/100\n|-activate|p2a: Regieleki|move: Sticky Web\n|-unboost|p2a: Regieleki|spe|1\n|turn|25\n|\n|t:|1698985475\n|move|p1a: Giratina|Ancient Power|p2a: Regieleki\n|-damage|p2a: Regieleki|36\/100\n|-boost|p1a: Giratina|atk|1\n|-boost|p1a: Giratina|def|1\n|-boost|p1a: Giratina|spa|1\n|-boost|p1a: Giratina|spd|1\n|-boost|p1a: Giratina|spe|1\n|move|p2a: Regieleki|Thunder Wave|p1a: Giratina\n|-status|p1a: Giratina|par\n|\n|-heal|p1a: Giratina|100\/100 par|[from] item: Leftovers\n|upkeep\n|turn|26\n|\n|t:|1698985488\n|move|p2a: Regieleki|Electroweb|p1a: Giratina\n|-resisted|p1a: Giratina\n|-damage|p1a: Giratina|96\/100 par\n|-unboost|p1a: Giratina|spe|1\n|-damage|p2a: Regieleki|26\/100|[from] item: Life Orb\n|cant|p1a: Giratina|par\n|\n|-heal|p1a: Giratina|100\/100 par|[from] item: Leftovers\n|upkeep\n|turn|27\n|\n|t:|1698985499\n|move|p2a: Regieleki|Light Screen|p2a: Regieleki\n|-sidestart|p2: khaodk245|move: Light Screen\n|move|p1a: Giratina|Hex|p2a: Regieleki\n|-damage|p2a: Regieleki|0 fnt\n|faint|p2a: Regieleki\n|\n|upkeep\n|\n|t:|1698985509\n|switch|p2a: Greninja|Greninja, M, shiny|21\/100 par\n|-activate|p2a: Greninja|move: Sticky Web\n|-unboost|p2a: Greninja|spe|1\n|turn|28\n|\n|t:|1698985519\n|cant|p1a: Giratina|par\n|cant|p2a: Greninja|par\n|\n|upkeep\n|turn|29\n|inactive|khaodk245 has 90 seconds left.\n|\n|t:|1698985546\n|cant|p1a: Giratina|par\n|move|p2a: Greninja|Ice Beam|p1a: Giratina\n|-start|p2a: Greninja|typechange|Ice|[from] ability: Protean\n|-supereffective|p1a: Giratina\n|-damage|p1a: Giratina|81\/100 par\n|\n|-heal|p1a: Giratina|87\/100 par|[from] item: Leftovers\n|upkeep\n|turn|30\n|inactive|khaodk245 has 90 seconds left.\n|\n|t:|1698985559\n|move|p1a: Giratina|Rest|p1a: Giratina\n|-status|p1a: Giratina|slp|[from] move: Rest\n|-heal|p1a: Giratina|100\/100 slp|[silent]\n|move|p2a: Greninja|Hydro Pump|p1a: Giratina\n|-resisted|p1a: Giratina\n|-damage|p1a: Giratina|97\/100 slp\n|\n|-heal|p1a: Giratina|100\/100 slp|[from] item: Leftovers\n|upkeep\n|turn|31\n|inactive|khaodk245 has 90 seconds left.\n|\n|t:|1698985571\n|switch|p2a: Darkrai|Darkrai|100\/100\n|-activate|p2a: Darkrai|move: Sticky Web\n|-unboost|p2a: Darkrai|spe|1\n|cant|p1a: Giratina|slp\n|\n|-sideend|p2: khaodk245|move: Light Screen\n|-damage|p1a: Giratina|88\/100 slp|[from] ability: Bad Dreams|[of] p2a: Darkrai\n|upkeep\n|turn|32\n|inactive|khaodk245 has 90 seconds left.\n|\n|t:|1698985582\n|cant|p1a: Giratina|slp\n|move|p2a: Darkrai|Dream Eater|p1a: Giratina\n|-damage|p1a: Giratina|79\/100 slp\n|\n|-heal|p1a: Giratina|85\/100 slp|[from] item: Leftovers\n|-damage|p1a: Giratina|72\/100 slp|[from] ability: Bad Dreams|[of] p2a: Darkrai\n|upkeep\n|turn|33\n|\n|t:|1698985592\n|-curestatus|p1a: Giratina|slp|[msg]\n|move|p1a: Giratina|Thunder Wave|p2a: Darkrai\n|-status|p2a: Darkrai|par\n|move|p2a: Darkrai|Icy Wind|p1a: Giratina\n|-supereffective|p1a: Giratina\n|-damage|p1a: Giratina|62\/100\n|-unboost|p1a: Giratina|spe|1\n|\n|-heal|p1a: Giratina|69\/100|[from] item: Leftovers\n|upkeep\n|turn|34\n|\n|t:|1698985605\n|move|p1a: Giratina|Ancient Power|p2a: Darkrai\n|-damage|p2a: Darkrai|68\/100 par\n|move|p2a: Darkrai|Icy Wind|p1a: Giratina\n|-supereffective|p1a: Giratina\n|-crit|p1a: Giratina\n|-damage|p1a: Giratina|41\/100\n|-unboost|p1a: Giratina|spe|1\n|\n|-heal|p1a: Giratina|48\/100|[from] item: Leftovers\n|upkeep\n|turn|35\n|\n|t:|1698985617\n|move|p1a: Giratina|Hex|p2a: Darkrai\n|-resisted|p2a: Darkrai\n|-damage|p2a: Darkrai|20\/100 par\n|move|p2a: Darkrai|Hypnosis|p1a: Giratina\n|-status|p1a: Giratina|slp|[from] move: Hypnosis\n|\n|-heal|p1a: Giratina|54\/100 slp|[from] item: Leftovers\n|-damage|p1a: Giratina|41\/100 slp|[from] ability: Bad Dreams|[of] p2a: Darkrai\n|upkeep\n|turn|36\n|\n|t:|1698985628\n|cant|p1a: Giratina|slp\n|move|p2a: Darkrai|Dream Eater|p1a: Giratina\n|-damage|p1a: Giratina|32\/100 slp\n|-heal|p2a: Darkrai|27\/100 par|[from] drain|[of] p1a: Giratina\n|\n|-heal|p1a: Giratina|39\/100 slp|[from] item: Leftovers\n|-damage|p1a: Giratina|26\/100 slp|[from] ability: Bad Dreams|[of] p2a: Darkrai\n|upkeep\n|turn|37\n|\n|t:|1698985638\n|cant|p1a: Giratina|slp\n|move|p2a: Darkrai|Icy Wind|p1a: Giratina\n|-supereffective|p1a: Giratina\n|-damage|p1a: Giratina|16\/100 slp\n|-unboost|p1a: Giratina|spe|1\n|\n|-heal|p1a: Giratina|22\/100 slp|[from] item: Leftovers\n|-damage|p1a: Giratina|10\/100 slp|[from] ability: Bad Dreams|[of] p2a: Darkrai\n|upkeep\n|turn|38\n|\n|t:|1698985649\n|-curestatus|p1a: Giratina|slp|[msg]\n|move|p1a: Giratina|Hex|p2a: Darkrai\n|-resisted|p2a: Darkrai\n|-crit|p2a: Darkrai\n|-damage|p2a: Darkrai|0 fnt\n|faint|p2a: Darkrai\n|\n|-heal|p1a: Giratina|16\/100|[from] item: Leftovers\n|upkeep\n|inactive|khaodk245 has 90 seconds left.\n|\n|t:|1698985660\n|switch|p2a: Greninja|Greninja, M, shiny|21\/100 par\n|-activate|p2a: Greninja|move: Sticky Web\n|-unboost|p2a: Greninja|spe|1\n|turn|39\n|\n|t:|1698985667\n|move|p1a: Giratina|Hex|p2a: Greninja\n|-resisted|p2a: Greninja\n|-damage|p2a: Greninja|0 fnt\n|faint|p2a: Greninja\n|\n|-heal|p1a: Giratina|22\/100|[from] item: Leftovers\n|upkeep\n|\n|t:|1698985675\n|switch|p2a: Urshifu|Urshifu-Rapid-Strike, M, tera:Ice|49\/100 par\n|-activate|p2a: Urshifu|move: Sticky Web\n|-unboost|p2a: Urshifu|spe|1\n|turn|40\n|\n|t:|1698985682\n|move|p1a: Giratina|Hex|p2a: Urshifu\n|-damage|p2a: Urshifu|0 fnt\n|faint|p2a: Urshifu\n|\n|win|poquise\n|raw|poquise's rating: 1040 &rarr; <strong>1077<\/strong><br \/>(+37 for winning)\n|raw|khaodk245's rating: 1067 &rarr; <strong>1045<\/strong><br \/>(-22 for losing)\n","uploadtime":1698985689,"views":13,"p1id":"poquise","p2id":"khaodk245","formatid":"gen9ubers","rating":1045,"private":0,"password":""}