{"id":"gen9ubers-1985614091","p1":"Themainmon","p2":"veesquared","format":"[Gen 9] Ubers","log":"|j|\u2606Themainmon\n|j|\u2606veesquared\n|t:|1699389160\n|gametype|singles\n|player|p1|Themainmon|flannery|\n|player|p2|veesquared|1|\n|teamsize|p1|6\n|teamsize|p2|6\n|gen|9\n|tier|[Gen 9] Ubers\n|rule|Sleep Clause Mod: Limit one foe put to sleep\n|rule|Species Clause: Limit one of each Pok\u00e9mon\n|rule|OHKO Clause: OHKO moves are banned\n|rule|Evasion Items Clause: Evasion items are banned\n|rule|Evasion Moves Clause: Evasion moves are banned\n|rule|Endless Battle Clause: Forcing endless battles is banned\n|rule|HP Percentage Mod: HP is shown in percentages\n|clearpoke\n|poke|p1|Phione|\n|poke|p1|Weezing, M|\n|poke|p1|Ceruledge, F|\n|poke|p1|Carkol, F|\n|poke|p1|Arcanine, M|\n|poke|p1|Dragonite, F|\n|poke|p2|Masquerain, F|\n|poke|p2|Morpeko, F|\n|poke|p2|Walking Wake|\n|poke|p2|Slither Wing|\n|poke|p2|Scream Tail|\n|poke|p2|Ninetales, M|\n|teampreview\n|c|\u2606Themainmon|Glhf\n|c|\u2606veesquared|Glhf\n|\n|t:|1699389198\n|start\n|switch|p1a: Ceruledge|Ceruledge, F|100\/100\n|switch|p2a: Masquerain|Masquerain, F|100\/100\n|-ability|p2a: Masquerain|Intimidate|boost\n|-unboost|p1a: Ceruledge|atk|1\n|turn|1\n|\n|t:|1699389222\n|switch|p1a: Arcanine|Arcanine, M|100\/100\n|-ability|p1a: Arcanine|Intimidate|boost\n|-unboost|p2a: Masquerain|atk|1\n|move|p2a: Masquerain|Hydro Pump|p1a: Arcanine\n|-supereffective|p1a: Arcanine\n|-damage|p1a: Arcanine|65\/100\n|\n|upkeep\n|turn|2\n|\n|t:|1699389230\n|move|p2a: Masquerain|Sticky Web|p1a: Arcanine\n|-sidestart|p1: Themainmon|move: Sticky Web\n|move|p1a: Arcanine|Fire Spin|p2a: Masquerain\n|-supereffective|p2a: Masquerain\n|-damage|p2a: Masquerain|68\/100\n|-activate|p2a: Masquerain|move: Fire Spin|[of] p1a: Arcanine\n|\n|-damage|p2a: Masquerain|55\/100|[from] move: Fire Spin|[partiallytrapped]\n|upkeep\n|turn|3\n|\n|t:|1699389244\n|move|p1a: Arcanine|Extreme Speed|p2a: Masquerain\n|-damage|p2a: Masquerain|22\/100\n|move|p2a: Masquerain|Sticky Web||[still]\n|-fail|p2a: Masquerain\n|\n|-damage|p2a: Masquerain|10\/100|[from] move: Fire Spin|[partiallytrapped]\n|upkeep\n|turn|4\n|\n|t:|1699389260\n|move|p1a: Arcanine|Extreme Speed|p2a: Masquerain\n|-damage|p2a: Masquerain|0 fnt\n|faint|p2a: Masquerain\n|\n|upkeep\n|\n|t:|1699389278\n|switch|p2a: Walking Wake|Walking Wake|100\/100\n|turn|5\n|\n|t:|1699389288\n|move|p2a: Walking Wake|Hydro Steam|p1a: Arcanine\n|-supereffective|p1a: Arcanine\n|-damage|p1a: Arcanine|16\/100\n|move|p1a: Arcanine|Snarl|p2a: Walking Wake\n|-damage|p2a: Walking Wake|85\/100\n|-unboost|p2a: Walking Wake|spa|1\n|\n|-heal|p2a: Walking Wake|91\/100|[from] item: Leftovers\n|upkeep\n|turn|6\n|\n|t:|1699389297\n|switch|p1a: Phione|Phione|100\/100\n|-activate|p1a: Phione|move: Sticky Web\n|-unboost|p1a: Phione|spe|1\n|move|p2a: Walking Wake|Hydro Steam|p1a: Phione\n|-resisted|p1a: Phione\n|-damage|p1a: Phione|85\/100\n|\n|-heal|p2a: Walking Wake|97\/100|[from] item: Leftovers\n|-heal|p1a: Phione|91\/100|[from] item: Leftovers\n|upkeep\n|turn|7\n|\n|t:|1699389308\n|move|p2a: Walking Wake|Draco Meteor|p1a: Phione\n|-damage|p1a: Phione|35\/100\n|-unboost|p2a: Walking Wake|spa|2\n|move|p1a: Phione|Knock Off|p2a: Walking Wake\n|-damage|p2a: Walking Wake|77\/100\n|-enditem|p2a: Walking Wake|Leftovers|[from] move: Knock Off|[of] p1a: Phione\n|\n|-heal|p1a: Phione|41\/100|[from] item: Leftovers\n|upkeep\n|turn|8\n|\n|t:|1699389321\n|move|p2a: Walking Wake|Draco Meteor|p1a: Phione\n|-damage|p1a: Phione|10\/100\n|-unboost|p2a: Walking Wake|spa|2\n|move|p1a: Phione|Aqua Ring|p1a: Phione\n|-start|p1a: Phione|Aqua Ring\n|\n|-heal|p1a: Phione|16\/100|[from] item: Leftovers\n|-heal|p1a: Phione|22\/100|[from] Aqua Ring\n|upkeep\n|turn|9\n|\n|t:|1699389330\n|switch|p1a: Carkol|Carkol, F|100\/100\n|-activate|p1a: Carkol|move: Sticky Web\n|-unboost|p1a: Carkol|spe|1\n|move|p2a: Walking Wake|Draco Meteor|p1a: Carkol\n|-damage|p1a: Carkol|86\/100\n|-unboost|p2a: Walking Wake|spa|1\n|\n|upkeep\n|turn|10\n|\n|t:|1699389342\n|move|p2a: Walking Wake|Hydro Steam|p1a: Carkol\n|-supereffective|p1a: Carkol\n|-damage|p1a: Carkol|56\/100\n|move|p1a: Carkol|Rapid Spin|p2a: Walking Wake\n|-damage|p2a: Walking Wake|67\/100\n|-boost|p1a: Carkol|spe|1\n|-sideend|p1: Themainmon|Sticky Web|[from] move: Rapid Spin|[of] p1a: Carkol\n|\n|upkeep\n|turn|11\n|\n|t:|1699389352\n|-terastallize|p1a: Carkol|Grass\n|move|p2a: Walking Wake|Hydro Steam|p1a: Carkol\n|-resisted|p1a: Carkol\n|-damage|p1a: Carkol|52\/100\n|move|p1a: Carkol|Iron Defense|p1a: Carkol\n|-boost|p1a: Carkol|def|2\n|\n|upkeep\n|turn|12\n|\n|t:|1699389368\n|-end|p2a: Walking Wake|Protosynthesis|[silent]\n|switch|p2a: Ninetales|Ninetales, M|100\/100\n|-weather|SunnyDay|[from] ability: Drought|[of] p2a: Ninetales\n|move|p1a: Carkol|Body Press|p2a: Ninetales\n|-damage|p2a: Ninetales|41\/100\n|\n|-weather|SunnyDay|[upkeep]\n|upkeep\n|turn|13\n|\n|t:|1699389388\n|switch|p1a: Ceruledge|Ceruledge, F|100\/100\n|move|p2a: Ninetales|Solar Beam||[still]\n|-prepare|p2a: Ninetales|Solar Beam\n|-anim|p2a: Ninetales|Solar Beam|p1a: Ceruledge\n|-resisted|p1a: Ceruledge\n|-damage|p1a: Ceruledge|83\/100\n|\n|-weather|SunnyDay|[upkeep]\n|upkeep\n|turn|14\n|\n|t:|1699389398\n|move|p2a: Ninetales|Shadow Ball|p1a: Ceruledge\n|-supereffective|p1a: Ceruledge\n|-damage|p1a: Ceruledge|31\/100\n|-unboost|p1a: Ceruledge|spd|1\n|move|p1a: Ceruledge|Swords Dance|p1a: Ceruledge\n|-boost|p1a: Ceruledge|atk|2\n|\n|-weather|SunnyDay|[upkeep]\n|upkeep\n|turn|15\n|\n|t:|1699389406\n|move|p1a: Ceruledge|Shadow Sneak|p2a: Ninetales\n|-damage|p2a: Ninetales|0 fnt\n|faint|p2a: Ninetales\n|\n|-weather|SunnyDay|[upkeep]\n|upkeep\n|\n|t:|1699389412\n|switch|p2a: Walking Wake|Walking Wake|67\/100\n|-activate|p2a: Walking Wake|ability: Protosynthesis\n|-start|p2a: Walking Wake|protosynthesisspa\n|turn|16\n|\n|t:|1699389420\n|move|p1a: Ceruledge|Shadow Sneak|p2a: Walking Wake\n|-damage|p2a: Walking Wake|15\/100\n|move|p2a: Walking Wake|Hydro Steam|p1a: Ceruledge\n|-supereffective|p1a: Ceruledge\n|-damage|p1a: Ceruledge|0 fnt\n|faint|p1a: Ceruledge\n|\n|-weather|SunnyDay|[upkeep]\n|upkeep\n|\n|t:|1699389427\n|switch|p1a: Arcanine|Arcanine, M|16\/100\n|-ability|p1a: Arcanine|Intimidate|boost\n|-unboost|p2a: Walking Wake|atk|1\n|turn|17\n|\n|t:|1699389436\n|move|p1a: Arcanine|Extreme Speed|p2a: Walking Wake\n|-damage|p2a: Walking Wake|0 fnt\n|faint|p2a: Walking Wake\n|-end|p2a: Walking Wake|Protosynthesis|[silent]\n|\n|-weather|SunnyDay|[upkeep]\n|upkeep\n|\n|t:|1699389448\n|switch|p2a: hampter|Morpeko, F|100\/100\n|turn|18\n|\n|t:|1699389456\n|move|p1a: Arcanine|Extreme Speed|p2a: hampter\n|-crit|p2a: hampter\n|-damage|p2a: hampter|46\/100\n|move|p2a: hampter|Stomping Tantrum|p1a: Arcanine\n|-supereffective|p1a: Arcanine\n|-damage|p1a: Arcanine|0 fnt\n|faint|p1a: Arcanine\n|\n|-weather|SunnyDay|[upkeep]\n|-heal|p2a: hampter|52\/100|[from] item: Leftovers\n|-formechange|p2a: hampter|Morpeko-Hangry||[from] ability: Hunger Switch\n|upkeep\n|\n|t:|1699389461\n|switch|p1a: Dragonite|Dragonite, F, shiny|100\/100\n|turn|19\n|\n|t:|1699389472\n|-terastallize|p2a: hampter|Fairy\n|move|p2a: hampter|Outrage|p1a: Dragonite\n|-supereffective|p1a: Dragonite\n|-damage|p1a: Dragonite|39\/100\n|move|p1a: Dragonite|Fling|p2a: hampter\n|-resisted|p2a: hampter\n|-damage|p2a: hampter|43\/100\n|-status|p2a: hampter|brn\n|-enditem|p1a: Dragonite|Flame Orb|[from] move: Fling\n|\n|-weather|none\n|-heal|p2a: hampter|49\/100 brn|[from] item: Leftovers\n|-damage|p2a: hampter|43\/100 brn|[from] brn\n|upkeep\n|turn|20\n|\n|t:|1699389485\n|switch|p1a: Carkol|Carkol, F, tera:Grass|52\/100\n|move|p2a: hampter|Outrage|p1a: Carkol|[from]lockedmove\n|-damage|p1a: Carkol|43\/100\n|-start|p2a: hampter|confusion|[fatigue]\n|\n|-heal|p2a: hampter|49\/100 brn|[from] item: Leftovers\n|-damage|p2a: hampter|43\/100 brn|[from] brn\n|upkeep\n|turn|21\n|\n|t:|1699389497\n|-activate|p2a: hampter|confusion\n|-damage|p2a: hampter|20\/100 brn|[from] confusion\n|move|p1a: Carkol|Iron Defense|p1a: Carkol\n|-boost|p1a: Carkol|def|2\n|\n|-heal|p2a: hampter|26\/100 brn|[from] item: Leftovers\n|-damage|p2a: hampter|20\/100 brn|[from] brn\n|upkeep\n|turn|22\n|\n|t:|1699389507\n|-activate|p2a: hampter|confusion\n|-damage|p2a: hampter|0 fnt|[from] confusion\n|faint|p2a: hampter\n|move|p1a: Carkol|Will-O-Wisp|p2: hampter|[notarget]\n|-fail|p1a: Carkol\n|\n|upkeep\n|\n|t:|1699389512\n|switch|p2a: Slither Wing|Slither Wing|100\/100\n|turn|23\n|\n|t:|1699389518\n|move|p2a: Slither Wing|First Impression|p1a: Carkol\n|-supereffective|p1a: Carkol\n|-damage|p1a: Carkol|15\/100\n|move|p1a: Carkol|Will-O-Wisp|p2a: Slither Wing\n|-status|p2a: Slither Wing|brn\n|\n|-damage|p2a: Slither Wing|94\/100 brn|[from] brn\n|upkeep\n|turn|24\n|\n|t:|1699389537\n|switch|p1a: Dragonite|Dragonite, F, shiny|39\/100\n|move|p2a: Slither Wing|U-turn|p1a: Dragonite\n|-resisted|p1a: Dragonite\n|-damage|p1a: Dragonite|28\/100\n|\n|t:|1699389542\n|-end|p2a: Slither Wing|Protosynthesis|[silent]\n|switch|p2a: Scream Tail|Scream Tail|100\/100|[from] U-turn\n|\n|upkeep\n|turn|25\n|\n|t:|1699389553\n|switch|p1a: Weezing|Weezing, M|100\/100\n|-ability|p1a: Weezing|Neutralizing Gas\n|-item|p1a: Weezing|Air Balloon\n|move|p2a: Scream Tail|Protect||[still]\n|-fail|p2a: Scream Tail\n|\n|upkeep\n|turn|26\n|\n|t:|1699389567\n|-end|p2a: Scream Tail|Protosynthesis|[silent]\n|switch|p2a: Slither Wing|Slither Wing|94\/100 brn\n|move|p1a: Weezing|Sludge Bomb|p2a: Slither Wing\n|-damage|p2a: Slither Wing|64\/100 brn\n|\n|-damage|p2a: Slither Wing|58\/100 brn|[from] brn\n|upkeep\n|turn|27\n|\n|t:|1699389578\n|move|p1a: Weezing|Protect|p1a: Weezing\n|-singleturn|p1a: Weezing|Protect\n|move|p2a: Slither Wing|Close Combat|p1a: Weezing\n|-activate|p1a: Weezing|move: Protect\n|\n|-damage|p2a: Slither Wing|52\/100 brn|[from] brn\n|upkeep\n|turn|28\n|\n|t:|1699389584\n|move|p2a: Slither Wing|Close Combat|p1a: Weezing\n|-resisted|p1a: Weezing\n|-damage|p1a: Weezing|88\/100\n|-unboost|p2a: Slither Wing|def|1\n|-unboost|p2a: Slither Wing|spd|1\n|-enditem|p1a: Weezing|Air Balloon\n|move|p1a: Weezing|Heat Wave|p2a: Slither Wing\n|-supereffective|p2a: Slither Wing\n|-damage|p2a: Slither Wing|0 fnt\n|faint|p2a: Slither Wing\n|-end|p2a: Slither Wing|Protosynthesis|[silent]\n|\n|upkeep\n|\n|t:|1699389593\n|switch|p2a: Scream Tail|Scream Tail|100\/100\n|turn|29\n|\n|t:|1699389597\n|move|p2a: Scream Tail|Protect|p2a: Scream Tail\n|-singleturn|p2a: Scream Tail|Protect\n|move|p1a: Weezing|Sludge Bomb|p2a: Scream Tail\n|-activate|p2a: Scream Tail|move: Protect\n|\n|upkeep\n|turn|30\n|\n|t:|1699389605\n|move|p2a: Scream Tail|Dazzling Gleam|p1a: Weezing\n|-resisted|p1a: Weezing\n|-crit|p1a: Weezing\n|-damage|p1a: Weezing|70\/100\n|move|p1a: Weezing|Sludge Bomb|p2a: Scream Tail\n|-supereffective|p2a: Scream Tail\n|-damage|p2a: Scream Tail|63\/100\n|-status|p2a: Scream Tail|psn\n|\n|-heal|p2a: Scream Tail|69\/100 psn|[from] item: Leftovers\n|-damage|p2a: Scream Tail|57\/100 psn|[from] psn\n|upkeep\n|turn|31\n|\n|t:|1699389620\n|move|p2a: Scream Tail|Wish|p2a: Scream Tail\n|move|p1a: Weezing|Sludge Bomb|p2a: Scream Tail\n|-supereffective|p2a: Scream Tail\n|-damage|p2a: Scream Tail|24\/100 psn\n|\n|-heal|p2a: Scream Tail|30\/100 psn|[from] item: Leftovers\n|-damage|p2a: Scream Tail|18\/100 psn|[from] psn\n|upkeep\n|turn|32\n|\n|t:|1699389628\n|move|p2a: Scream Tail|Protect|p2a: Scream Tail\n|-singleturn|p2a: Scream Tail|Protect\n|move|p1a: Weezing|Protect||[still]\n|-fail|p1a: Weezing\n|\n|-heal|p2a: Scream Tail|68\/100 psn|[from] move: Wish|[wisher] Scream Tail\n|-heal|p2a: Scream Tail|74\/100 psn|[from] item: Leftovers\n|-damage|p2a: Scream Tail|61\/100 psn|[from] psn\n|upkeep\n|turn|33\n|\n|t:|1699389646\n|move|p2a: Scream Tail|Wish|p2a: Scream Tail\n|move|p1a: Weezing|Sludge Bomb|p2a: Scream Tail\n|-supereffective|p2a: Scream Tail\n|-damage|p2a: Scream Tail|25\/100 psn\n|\n|-heal|p2a: Scream Tail|32\/100 psn|[from] item: Leftovers\n|-damage|p2a: Scream Tail|19\/100 psn|[from] psn\n|upkeep\n|turn|34\n|\n|t:|1699389657\n|-end|p1a: Weezing|ability: Neutralizing Gas\n|switch|p1a: Dragonite|Dragonite, F, shiny|28\/100\n|move|p2a: Scream Tail|Protect||[still]\n|-fail|p2a: Scream Tail\n|\n|-heal|p2a: Scream Tail|69\/100 psn|[from] move: Wish|[wisher] Scream Tail\n|-heal|p2a: Scream Tail|75\/100 psn|[from] item: Leftovers\n|-damage|p2a: Scream Tail|63\/100 psn|[from] psn\n|upkeep\n|turn|35\n|\n|t:|1699389667\n|move|p2a: Scream Tail|Dazzling Gleam|p1a: Dragonite\n|-supereffective|p1a: Dragonite\n|-damage|p1a: Dragonite|0 fnt\n|faint|p1a: Dragonite\n|\n|-heal|p2a: Scream Tail|69\/100 psn|[from] item: Leftovers\n|-damage|p2a: Scream Tail|57\/100 psn|[from] psn\n|upkeep\n|\n|t:|1699389672\n|switch|p1a: Phione|Phione|22\/100\n|turn|36\n|\n|t:|1699389676\n|move|p2a: Scream Tail|Dazzling Gleam|p1a: Phione\n|-damage|p1a: Phione|2\/100\n|move|p1a: Phione|Knock Off|p2a: Scream Tail\n|-damage|p2a: Scream Tail|40\/100 psn\n|-enditem|p2a: Scream Tail|Leftovers|[from] move: Knock Off|[of] p1a: Phione\n|\n|-heal|p1a: Phione|8\/100|[from] item: Leftovers\n|-damage|p2a: Scream Tail|28\/100 psn|[from] psn\n|upkeep\n|turn|37\n|\n|t:|1699389686\n|move|p2a: Scream Tail|Dazzling Gleam|p1a: Phione\n|-damage|p1a: Phione|0 fnt\n|faint|p1a: Phione\n|\n|-damage|p2a: Scream Tail|15\/100 psn|[from] psn\n|upkeep\n|\n|t:|1699389688\n|switch|p1a: Carkol|Carkol, F, tera:Grass|15\/100\n|turn|38\n|\n|t:|1699389695\n|move|p2a: Scream Tail|Protect|p2a: Scream Tail\n|-singleturn|p2a: Scream Tail|Protect\n|move|p1a: Carkol|Body Press|p2a: Scream Tail\n|-activate|p2a: Scream Tail|move: Protect\n|\n|-damage|p2a: Scream Tail|3\/100 psn|[from] psn\n|upkeep\n|turn|39\n|\n|t:|1699389703\n|move|p2a: Scream Tail|Protect|p2a: Scream Tail\n|-singleturn|p2a: Scream Tail|Protect\n|move|p1a: Carkol|Body Press|p2a: Scream Tail\n|-activate|p2a: Scream Tail|move: Protect\n|\n|-damage|p2a: Scream Tail|0 fnt|[from] psn\n|faint|p2a: Scream Tail\n|-end|p2a: Scream Tail|Protosynthesis|[silent]\n|\n|win|Themainmon\n|upkeep\n|c|\u2606Themainmon|Gg\n|l|\u2606Themainmon\n|l|\u2606veesquared\n|j|\u2606veesquared\n|player|p2|veesquared|1\n","uploadtime":1699389712,"views":24,"p1id":"themainmon","p2id":"veesquared","formatid":"gen9ubers","rating":0,"private":0,"password":""}