{"id":"gen9ubers-1980281505","p1":"Dragon Master Rosa","p2":"N-Zoroark stan","format":"[Gen 9] Ubers","log":"|j|\u2606Dragon Master Rosa\n|j|\u2606N-Zoroark stan\n|t:|1698772054\n|gametype|singles\n|player|p1|Dragon Master Rosa|dragontamer-gen9|\n|player|p2|N-Zoroark stan|riley|\n|teamsize|p1|6\n|teamsize|p2|6\n|gen|9\n|tier|[Gen 9] Ubers\n|rule|Sleep Clause Mod: Limit one foe put to sleep\n|rule|Species Clause: Limit one of each Pok\u00e9mon\n|rule|OHKO Clause: OHKO moves are banned\n|rule|Evasion Items Clause: Evasion items are banned\n|rule|Evasion Moves Clause: Evasion moves are banned\n|rule|Endless Battle Clause: Forcing endless battles is banned\n|rule|HP Percentage Mod: HP is shown in percentages\n|clearpoke\n|poke|p1|Enamorus, F|\n|poke|p1|Palafin, F|\n|poke|p1|Zoroark-Hisui, M|\n|poke|p1|Slowking-Galar, M|\n|poke|p1|Lucario, F|\n|poke|p1|Toxapex, F|\n|poke|p2|Zoroark-Hisui, M|\n|poke|p2|Toedscruel, F|\n|poke|p2|Blissey, F|\n|poke|p2|Palafin, F|\n|poke|p2|Slowking-Galar, M|\n|poke|p2|Infernape, F|\n|teampreview\n|inactive|Battle timer is ON: inactive players will automatically lose when time's up. (requested by N-Zoroark stan)\n|c|\u2606N-Zoroark stan|glhf\n|c|\u2606Dragon Master Rosa|glhf\n|inactive|Dragon Master Rosa has 270 seconds left.\n|inactive|Dragon Master Rosa has 240 seconds left.\n|\n|t:|1698772127\n|start\n|switch|p1a: Enamorus|Enamorus, F|100\/100\n|switch|p2a: Palafin|Palafin, F|100\/100\n|turn|1\n|\n|t:|1698772133\n|move|p2a: Palafin|Poltergeist|p1a: Enamorus\n|-activate|p1a: Enamorus|move: Poltergeist|Heavy-Duty Boots\n|-damage|p1a: Enamorus|0 fnt\n|faint|p1a: Enamorus\n|\n|upkeep\n|\n|t:|1698772138\n|switch|p1a: Daniel|Lucario, F|100\/100\n|turn|2\n|\n|t:|1698772147\n|switch|p2a: Slowking|Slowking-Galar, M|100\/100\n|move|p1a: Daniel|U-turn|p2a: Slowking\n|-damage|p2a: Slowking|80\/100\n|\n|t:|1698772151\n|switch|p1a: Palafin|Palafin, F|100\/100|[from] U-turn\n|\n|upkeep\n|turn|3\n|\n|t:|1698772154\n|detailschange|p1a: Palafin|Palafin-Hero, F\n|switch|p1a: Daniel|Lucario, F|100\/100\n|move|p2a: Slowking|Chilly Reception|p2a: Slowking\n|-weather|Snow\n|\n|t:|1698772157\n|switch|p2a: Palafin|Palafin, F|100\/100|[from] Chilly Reception\n|\n|-weather|Snow|[upkeep]\n|upkeep\n|turn|4\n|\n|t:|1698772169\n|detailschange|p2a: Palafin|Palafin-Hero, F\n|switch|p2a: Blissey|Blissey, F|100\/100\n|switch|p1a: Palafin|Palafin-Hero, F|100\/100\n|\n|-weather|Snow|[upkeep]\n|upkeep\n|turn|5\n|\n|t:|1698772174\n|move|p1a: Palafin|Trick|p2a: Blissey\n|-activate|p1a: Palafin|move: Trick|[of] p2a: Blissey\n|-item|p2a: Blissey|Choice Band|[from] move: Trick\n|-item|p1a: Palafin|Heavy-Duty Boots|[from] move: Trick\n|move|p2a: Blissey|Stealth Rock|p1a: Palafin\n|-sidestart|p1: Dragon Master Rosa|move: Stealth Rock\n|\n|-weather|Snow|[upkeep]\n|upkeep\n|turn|6\n|\n|t:|1698772183\n|switch|p2a: Slowking|Slowking-Galar, M|100\/100\n|move|p1a: Palafin|Poltergeist|p2a: Slowking\n|-activate|p2a: Slowking|move: Poltergeist|Heavy-Duty Boots\n|-supereffective|p2a: Slowking\n|-damage|p2a: Slowking|26\/100\n|\n|-weather|Snow|[upkeep]\n|upkeep\n|turn|7\n|\n|t:|1698772186\n|switch|p2a: Blissey|Blissey, F|100\/100\n|move|p1a: Palafin|Crunch|p2a: Blissey\n|-damage|p2a: Blissey|82\/100\n|\n|-weather|none\n|upkeep\n|turn|8\n|\n|t:|1698772206\n|switch|p2a: Infernape|Infernape, F|100\/100\n|move|p1a: Palafin|U-turn|p2a: Infernape\n|-resisted|p2a: Infernape\n|-damage|p2a: Infernape|92\/100\n|\n|t:|1698772209\n|switch|p1a: Toxapex|Toxapex, F|100\/100|[from] U-turn\n|\n|upkeep\n|turn|9\n|\n|t:|1698772217\n|move|p2a: Infernape|Switcheroo|p1a: Toxapex\n|-activate|p2a: Infernape|move: Trick|[of] p1a: Toxapex\n|-item|p1a: Toxapex|Choice Scarf|[from] move: Switcheroo\n|-item|p2a: Infernape|Heavy-Duty Boots|[from] move: Switcheroo\n|move|p1a: Toxapex|Hex|p2a: Infernape\n|-damage|p2a: Infernape|78\/100\n|\n|upkeep\n|turn|10\n|\n|t:|1698772226\n|switch|p1a: Palafin|Palafin-Hero, F|100\/100\n|move|p2a: Infernape|U-turn|p1a: Palafin\n|-resisted|p1a: Palafin\n|-damage|p1a: Palafin|79\/100\n|replace|p1a: Zoroark|Zoroark-Hisui, M\n|-end|p1a: Zoroark|Illusion\n|\n|t:|1698772233\n|switch|p2a: Palafin|Palafin-Hero, F|100\/100|[from] U-turn\n|-activate|p2a: Palafin|ability: Zero to Hero\n|\n|upkeep\n|turn|11\n|inactive|Dragon Master Rosa has 270 seconds left.\n|inactive|N-Zoroark stan has 270 seconds left.\n|\n|t:|1698772269\n|move|p1a: Zoroark|Crunch|p2a: Palafin\n|-damage|p2a: Palafin|76\/100\n|move|p2a: Palafin|Surf|p1a: Zoroark\n|-damage|p1a: Zoroark|0 fnt\n|faint|p1a: Zoroark\n|\n|upkeep\n|inactive|Dragon Master Rosa has 270 seconds left.\n|\n|t:|1698772276\n|switch|p1a: Toxapex|Toxapex, F|100\/100\n|-damage|p1a: Toxapex|88\/100|[from] Stealth Rock\n|turn|12\n|\n|t:|1698772280\n|switch|p2a: Slowking|Slowking-Galar, M|59\/100\n|switch|p1a: Daniel|Lucario, F|100\/100\n|-damage|p1a: Daniel|98\/100|[from] Stealth Rock\n|\n|upkeep\n|turn|13\n|\n|t:|1698772284\n|move|p1a: Daniel|Swords Dance|p1a: Daniel\n|-boost|p1a: Daniel|atk|2\n|move|p2a: Slowking|Chilly Reception|p2a: Slowking\n|-weather|Snow\n|\n|t:|1698772289\n|switch|p2a: Palafin|Palafin-Hero, F|100\/100|[from] Chilly Reception\n|\n|-weather|Snow|[upkeep]\n|upkeep\n|turn|14\n|\n|t:|1698772296\n|-terastallize|p1a: Daniel|Normal\n|-singleturn|p2a: Palafin|move: Focus Punch\n|move|p1a: Daniel|Meteor Mash|p2a: Palafin\n|-damage|p2a: Palafin|0 fnt\n|-boost|p1a: Daniel|atk|1\n|replace|p2a: Zoroark|Zoroark-Hisui, M, shiny\n|-end|p2a: Zoroark|Illusion\n|faint|p2a: Zoroark\n|-damage|p1a: Daniel|88\/100|[from] item: Life Orb\n|\n|-weather|Snow|[upkeep]\n|upkeep\n|c|\u2606N-Zoroark stan|naurrr\n|inactive|N-Zoroark stan has 270 seconds left.\n|\n|t:|1698772330\n|switch|p2a: Blissey|Blissey, F|82\/100\n|turn|15\n|\n|t:|1698772338\n|-terastallize|p2a: Blissey|Ghost\n|move|p1a: Daniel|Meteor Mash|p2a: Blissey\n|-crit|p2a: Blissey\n|-damage|p2a: Blissey|0 fnt\n|faint|p2a: Blissey\n|-damage|p1a: Daniel|78\/100|[from] item: Life Orb\n|\n|-weather|Snow|[upkeep]\n|upkeep\n|c|\u2606N-Zoroark stan|naurrrrrr\n|\n|t:|1698772349\n|switch|p2a: Palafin|Palafin-Hero, F|76\/100\n|turn|16\n|\n|t:|1698772354\n|move|p1a: Daniel|Extreme Speed|p2a: Palafin\n|-damage|p2a: Palafin|0 fnt\n|faint|p2a: Palafin\n|-damage|p1a: Daniel|68\/100|[from] item: Life Orb\n|\n|-weather|Snow|[upkeep]\n|upkeep\n|\n|t:|1698772359\n|switch|p2a: Toedscruel|Toedscruel, F|100\/100\n|turn|17\n|\n|t:|1698772364\n|move|p1a: Daniel|Extreme Speed|p2a: Toedscruel\n|-damage|p2a: Toedscruel|2\/100\n|-damage|p1a: Daniel|58\/100|[from] item: Life Orb\n|move|p2a: Toedscruel|Leech Seed|p1a: Daniel\n|-start|p1a: Daniel|move: Leech Seed\n|\n|-weather|none\n|-damage|p1a: Daniel|45\/100|[from] Leech Seed|[of] p2a: Toedscruel\n|-heal|p2a: Toedscruel|11\/100|[silent]\n|upkeep\n|turn|18\n|\n|t:|1698772374\n|switch|p2a: Infernape|Infernape, F|78\/100\n|move|p1a: Daniel|Extreme Speed|p2a: Infernape\n|-damage|p2a: Infernape|0 fnt\n|faint|p2a: Infernape\n|-damage|p1a: Daniel|35\/100|[from] item: Life Orb\n|\n|upkeep\n|\n|t:|1698772376\n|switch|p2a: Slowking|Slowking-Galar, M|92\/100\n|turn|19\n|\n|t:|1698772379\n|move|p1a: Daniel|Meteor Mash|p2a: Slowking\n|-damage|p2a: Slowking|0 fnt\n|faint|p2a: Slowking\n|-damage|p1a: Daniel|25\/100|[from] item: Life Orb\n|\n|upkeep\n|c|\u2606N-Zoroark stan|yeah gg lmao\n|\n|t:|1698772387\n|switch|p2a: Toedscruel|Toedscruel, F|11\/100\n|turn|20\n|c|\u2606Dragon Master Rosa|ggwp\n|\n|t:|1698772390\n|move|p1a: Daniel|Extreme Speed|p2a: Toedscruel\n|-damage|p2a: Toedscruel|0 fnt\n|faint|p2a: Toedscruel\n|-damage|p1a: Daniel|15\/100|[from] item: Life Orb\n|\n|win|Dragon Master Rosa\n|c|\u2606Dragon Master Rosa|daniel makin waves again...\n","uploadtime":1698772398,"views":11,"p1id":"dragonmasterrosa","p2id":"nzoroarkstan","formatid":"gen9ubers","rating":0,"private":0,"password":""}