{"id":"gen9ubers-1994186485","p1":"SanjaDreams","p2":"Nelsonesstilo","format":"[Gen 9] Ubers","log":"|j|\u2606SanjaDreams\n|j|\u2606Nelsonesstilo\n|t:|1700416683\n|gametype|singles\n|player|p1|SanjaDreams|marnie|1132\n|player|p2|Nelsonesstilo|gambler|1050\n|teamsize|p1|6\n|teamsize|p2|6\n|gen|9\n|tier|[Gen 9] Ubers\n|rated|\n|rule|Sleep Clause Mod: Limit one foe put to sleep\n|rule|Species Clause: Limit one of each Pok\u00e9mon\n|rule|OHKO Clause: OHKO moves are banned\n|rule|Evasion Items Clause: Evasion items are banned\n|rule|Evasion Moves Clause: Evasion moves are banned\n|rule|Endless Battle Clause: Forcing endless battles is banned\n|rule|HP Percentage Mod: HP is shown in percentages\n|clearpoke\n|poke|p1|Iron Valiant|\n|poke|p1|Cinderace, M|\n|poke|p1|Great Tusk|\n|poke|p1|Chien-Pao|\n|poke|p1|Roaring Moon|\n|poke|p1|Quaquaval, M|\n|poke|p2|Toxapex, F|\n|poke|p2|Greninja-*, M|\n|poke|p2|Dragapult, M|\n|poke|p2|Grimmsnarl, M|\n|poke|p2|Cinderace, M|\n|poke|p2|Gholdengo|\n|teampreview\n|inactive|Battle timer is ON: inactive players will automatically lose when time's up. (requested by SanjaDreams)\n|\n|t:|1700416721\n|start\n|switch|p1a: Roaring Moon|Roaring Moon|100\/100\n|switch|p2a: El Cuji|Toxapex, F, shiny|100\/100\n|turn|1\n|\n|t:|1700416731\n|-terastallize|p1a: Roaring Moon|Steel\n|move|p1a: Roaring Moon|Dragon Dance|p1a: Roaring Moon\n|-boost|p1a: Roaring Moon|atk|1\n|-boost|p1a: Roaring Moon|spe|1\n|move|p2a: El Cuji|Toxic Spikes|p1a: Roaring Moon\n|-sidestart|p1: SanjaDreams|move: Toxic Spikes\n|\n|upkeep\n|turn|2\n|\n|t:|1700416740\n|move|p1a: Roaring Moon|Dragon Dance|p1a: Roaring Moon\n|-boost|p1a: Roaring Moon|atk|1\n|-boost|p1a: Roaring Moon|spe|1\n|move|p2a: El Cuji|Toxic Spikes|p1a: Roaring Moon\n|-sidestart|p1: SanjaDreams|move: Toxic Spikes\n|\n|upkeep\n|turn|3\n|\n|t:|1700416746\n|move|p2a: El Cuji|Baneful Bunker|p2a: El Cuji\n|-singleturn|p2a: El Cuji|move: Protect\n|move|p1a: Roaring Moon|Dragon Dance|p1a: Roaring Moon\n|-boost|p1a: Roaring Moon|atk|1\n|-boost|p1a: Roaring Moon|spe|1\n|\n|upkeep\n|turn|4\n|\n|t:|1700416752\n|move|p1a: Roaring Moon|Earthquake|p2a: El Cuji\n|-supereffective|p2a: El Cuji\n|-damage|p2a: El Cuji|0 fnt\n|faint|p2a: El Cuji\n|\n|upkeep\n|\n|t:|1700416758\n|switch|p2a: F-35|Dragapult, M, shiny|100\/100\n|turn|5\n|\n|t:|1700416761\n|move|p1a: Roaring Moon|Jaw Lock|p2a: F-35\n|-supereffective|p2a: F-35\n|-damage|p2a: F-35|0 fnt\n|faint|p2a: F-35\n|\n|upkeep\n|\n|t:|1700416766\n|switch|p2a: Furbo|Cinderace, M, shiny|100\/100\n|turn|6\n|\n|t:|1700416769\n|move|p1a: Roaring Moon|Earthquake|p2a: Furbo\n|-supereffective|p2a: Furbo\n|-damage|p2a: Furbo|0 fnt\n|faint|p2a: Furbo\n|\n|upkeep\n|\n|t:|1700416773\n|switch|p2a: Er Sapo|Greninja, M|100\/100\n|turn|7\n|\n|t:|1700416778\n|move|p1a: Roaring Moon|Jaw Lock|p2a: Er Sapo\n|-resisted|p2a: Er Sapo\n|-damage|p2a: Er Sapo|0 fnt\n|faint|p2a: Er Sapo\n|\n|upkeep\n|\n|t:|1700416781\n|switch|p2a: Er Diablo|Grimmsnarl, M, shiny|100\/100\n|turn|8\n|\n|t:|1700416784\n|move|p1a: Roaring Moon|Earthquake|p2a: Er Diablo\n|-damage|p2a: Er Diablo|0 fnt\n|faint|p2a: Er Diablo\n|\n|upkeep\n|\n|t:|1700416787\n|switch|p2a: Gholdengo|Gholdengo, shiny|100\/100\n|turn|9\n|\n|t:|1700416796\n|move|p1a: Roaring Moon|Jaw Lock|p2a: Gholdengo\n|-supereffective|p2a: Gholdengo\n|-damage|p2a: Gholdengo|0 fnt\n|faint|p2a: Gholdengo\n|\n|win|SanjaDreams\n|raw|SanjaDreams's rating: 1101 &rarr; <strong>1122<\/strong><br \/>(+21 for winning)\n|raw|Nelsonesstilo's rating: 1050 &rarr; <strong>1035<\/strong><br \/>(-15 for losing)\n","uploadtime":1700416801,"views":10,"p1id":"sanjadreams","p2id":"nelsonesstilo","formatid":"gen9ubers","rating":1035,"private":0,"password":""}