{"id":"gen9ubers-1971471948","p1":"GratedsShtickface","p2":"Albaz Brand","format":"[Gen 9] Ubers","log":"|j|\u2606GratedsShtickface\n|j|\u2606Albaz Brand\n|t:|1697741143\n|gametype|singles\n|player|p1|GratedsShtickface|hiker-gen4|\n|player|p2|Albaz Brand|bellelba|\n|teamsize|p1|6\n|teamsize|p2|6\n|gen|9\n|tier|[Gen 9] Ubers\n|rule|Sleep Clause Mod: Limit one foe put to sleep\n|rule|Species Clause: Limit one of each Pok\u00e9mon\n|rule|OHKO Clause: OHKO moves are banned\n|rule|Evasion Items Clause: Evasion items are banned\n|rule|Evasion Moves Clause: Evasion moves are banned\n|rule|Endless Battle Clause: Forcing endless battles is banned\n|rule|HP Percentage Mod: HP is shown in percentages\n|clearpoke\n|poke|p1|Garganacl, M|\n|poke|p1|Moltres|\n|poke|p1|Blissey, F|\n|poke|p1|Dondozo, M|\n|poke|p1|Giratina|\n|poke|p1|Shaymin-Sky|\n|poke|p2|Ogerpon, F|\n|poke|p2|Palkia-Origin|\n|poke|p2|Magearna-Original|\n|poke|p2|Arceus-Fire|\n|poke|p2|Roaring Moon|\n|poke|p2|Iron Moth|\n|teampreview\n|inactive|Battle timer is ON: inactive players will automatically lose when time's up. (requested by GratedsShtickface)\n|c|\u2606GratedsShtickface|glhf\n|inactive|Albaz Brand has 270 seconds left.\n|c|\u2606Albaz Brand|GLHF\n|\n|t:|1697741192\n|start\n|switch|p1a: Gargasalt|Garganacl, M|100\/100\n|switch|p2a: Roaring Moon|Roaring Moon|100\/100\n|-enditem|p2a: Roaring Moon|Booster Energy\n|-activate|p2a: Roaring Moon|ability: Protosynthesis|[fromitem]\n|-start|p2a: Roaring Moon|protosynthesisatk\n|turn|1\n|\n|t:|1697741215\n|move|p2a: Roaring Moon|Iron Head|p1a: Gargasalt\n|-supereffective|p1a: Gargasalt\n|-damage|p1a: Gargasalt|50\/100\n|move|p1a: Gargasalt|Salt Cure|p2a: Roaring Moon\n|-damage|p2a: Roaring Moon|81\/100\n|-start|p2a: Roaring Moon|Salt Cure\n|\n|-heal|p1a: Gargasalt|56\/100|[from] item: Leftovers\n|-damage|p2a: Roaring Moon|69\/100|[from] Salt Cure\n|upkeep\n|turn|2\n|\n|t:|1697741233\n|switch|p1a: Donbozo|Dondozo, M|100\/100\n|move|p2a: Roaring Moon|Dragon Dance|p2a: Roaring Moon\n|-boost|p2a: Roaring Moon|atk|1\n|-boost|p2a: Roaring Moon|spe|1\n|\n|-damage|p2a: Roaring Moon|57\/100|[from] Salt Cure\n|upkeep\n|turn|3\n|\n|t:|1697741245\n|move|p2a: Roaring Moon|Knock Off|p1a: Donbozo\n|-damage|p1a: Donbozo|64\/100\n|-enditem|p1a: Donbozo|Leftovers|[from] move: Knock Off|[of] p2a: Roaring Moon\n|move|p1a: Donbozo|Liquidation|p2a: Roaring Moon\n|-resisted|p2a: Roaring Moon\n|-damage|p2a: Roaring Moon|37\/100\n|-unboost|p2a: Roaring Moon|def|1\n|\n|-damage|p2a: Roaring Moon|25\/100|[from] Salt Cure\n|upkeep\n|turn|4\n|\n|t:|1697741268\n|move|p2a: Roaring Moon|Iron Head|p1a: Donbozo\n|-resisted|p1a: Donbozo\n|-damage|p1a: Donbozo|54\/100\n|move|p1a: Donbozo|Rest|p1a: Donbozo\n|-status|p1a: Donbozo|slp|[from] move: Rest\n|-heal|p1a: Donbozo|100\/100 slp|[silent]\n|\n|-damage|p2a: Roaring Moon|13\/100|[from] Salt Cure\n|upkeep\n|turn|5\n|\n|t:|1697741277\n|move|p2a: Roaring Moon|Iron Head|p1a: Donbozo\n|-resisted|p1a: Donbozo\n|-crit|p1a: Donbozo\n|-damage|p1a: Donbozo|87\/100 slp\n|cant|p1a: Donbozo|slp\n|cant|p1a: Donbozo|flinch\n|\n|-damage|p2a: Roaring Moon|0 fnt|[from] Salt Cure\n|faint|p2a: Roaring Moon\n|-end|p2a: Roaring Moon|Protosynthesis|[silent]\n|upkeep\n|inactive|Albaz Brand has 270 seconds left.\n|\n|t:|1697741308\n|switch|p2a: Ogerpon|Ogerpon, F|100\/100\n|turn|6\n|\n|t:|1697741314\n|switch|p1a: Chicken for KFC|Moltres|100\/100\n|-terastallize|p2a: Ogerpon|Grass\n|detailschange|p2a: Ogerpon|Ogerpon-Teal-Tera, F, tera:Grass\n|-ability|p2a: Ogerpon|Embody Aspect (Teal)|boost\n|-boost|p2a: Ogerpon|spe|1\n|move|p2a: Ogerpon|Swords Dance|p2a: Ogerpon\n|-boost|p2a: Ogerpon|atk|2\n|\n|upkeep\n|turn|7\n|\n|t:|1697741320\n|move|p2a: Ogerpon|Play Rough|p1a: Chicken for KFC\n|-resisted|p1a: Chicken for KFC\n|-damage|p1a: Chicken for KFC|78\/100\n|move|p1a: Chicken for KFC|Will-O-Wisp|p2a: Ogerpon|[miss]\n|-miss|p1a: Chicken for KFC|p2a: Ogerpon\n|\n|upkeep\n|turn|8\n|\n|t:|1697741326\n|move|p2a: Ogerpon|Ivy Cudgel|p1a: Chicken for KFC\n|-resisted|p1a: Chicken for KFC\n|-damage|p1a: Chicken for KFC|52\/100\n|move|p1a: Chicken for KFC|Will-O-Wisp|p2a: Ogerpon\n|-status|p2a: Ogerpon|brn\n|-enditem|p2a: Ogerpon|Lum Berry|[eat]\n|-curestatus|p2a: Ogerpon|brn|[msg]\n|\n|upkeep\n|turn|9\n|\n|t:|1697741344\n|switch|p2a: Magearna|Magearna-Original|100\/100\n|move|p1a: Chicken for KFC|Roost|p1a: Chicken for KFC\n|-heal|p1a: Chicken for KFC|100\/100\n|-singleturn|p1a: Chicken for KFC|move: Roost\n|\n|upkeep\n|turn|10\n|\n|t:|1697741363\n|move|p1a: Chicken for KFC|Will-O-Wisp|p2a: Magearna\n|-status|p2a: Magearna|brn\n|move|p2a: Magearna|Thunder Wave|p1a: Chicken for KFC\n|-status|p1a: Chicken for KFC|par\n|\n|-damage|p2a: Magearna|94\/100 brn|[from] brn\n|upkeep\n|turn|11\n|\n|t:|1697741372\n|move|p2a: Magearna|Volt Switch|p1a: Chicken for KFC\n|-supereffective|p1a: Chicken for KFC\n|-damage|p1a: Chicken for KFC|42\/100 par\n|\n|t:|1697741379\n|switch|p2a: Iron Moth|Iron Moth|100\/100|[from] Volt Switch\n|-enditem|p2a: Iron Moth|Booster Energy\n|-activate|p2a: Iron Moth|ability: Quark Drive|[fromitem]\n|-start|p2a: Iron Moth|quarkdrivespe\n|move|p1a: Chicken for KFC|Flamethrower|p2a: Iron Moth\n|-resisted|p2a: Iron Moth\n|-damage|p2a: Iron Moth|82\/100\n|\n|upkeep\n|turn|12\n|\n|t:|1697741394\n|switch|p1a: Ivanovna Robotnik|Blissey, F|100\/100\n|move|p2a: Iron Moth|Sludge Wave|p1a: Ivanovna Robotnik\n|-damage|p1a: Ivanovna Robotnik|83\/100\n|\n|upkeep\n|turn|13\n|\n|t:|1697741401\n|move|p2a: Iron Moth|Fiery Dance|p1a: Ivanovna Robotnik\n|-damage|p1a: Ivanovna Robotnik|69\/100\n|move|p1a: Ivanovna Robotnik|Thunder Wave|p2a: Iron Moth\n|-status|p2a: Iron Moth|par\n|\n|upkeep\n|turn|14\n|\n|t:|1697741410\n|move|p2a: Iron Moth|Fiery Dance|p1a: Ivanovna Robotnik\n|-damage|p1a: Ivanovna Robotnik|55\/100\n|-boost|p2a: Iron Moth|spa|1\n|move|p1a: Ivanovna Robotnik|Seismic Toss|p2a: Iron Moth\n|-damage|p2a: Iron Moth|49\/100 par\n|\n|upkeep\n|turn|15\n|\n|t:|1697741425\n|move|p2a: Iron Moth|Fiery Dance|p1a: Ivanovna Robotnik\n|-damage|p1a: Ivanovna Robotnik|34\/100\n|-boost|p2a: Iron Moth|spa|1\n|move|p1a: Ivanovna Robotnik|Soft-Boiled|p1a: Ivanovna Robotnik\n|-heal|p1a: Ivanovna Robotnik|85\/100\n|\n|upkeep\n|turn|16\n|\n|t:|1697741447\n|move|p2a: Iron Moth|Fiery Dance|p1a: Ivanovna Robotnik\n|-damage|p1a: Ivanovna Robotnik|55\/100\n|move|p1a: Ivanovna Robotnik|Seismic Toss|p2a: Iron Moth\n|-damage|p2a: Iron Moth|16\/100 par\n|\n|upkeep\n|turn|17\n|\n|t:|1697741459\n|move|p2a: Iron Moth|Fiery Dance|p1a: Ivanovna Robotnik\n|-crit|p1a: Ivanovna Robotnik\n|-damage|p1a: Ivanovna Robotnik|18\/100\n|move|p1a: Ivanovna Robotnik|Soft-Boiled|p1a: Ivanovna Robotnik\n|-heal|p1a: Ivanovna Robotnik|68\/100\n|\n|upkeep\n|turn|18\n|\n|t:|1697741472\n|cant|p2a: Iron Moth|par\n|move|p1a: Ivanovna Robotnik|Seismic Toss|p2a: Iron Moth\n|-damage|p2a: Iron Moth|0 fnt\n|faint|p2a: Iron Moth\n|-end|p2a: Iron Moth|Quark Drive|[silent]\n|\n|upkeep\n|\n|t:|1697741492\n|switch|p2a: Ogerpon|Ogerpon-Teal-Tera, F, tera:Grass|100\/100\n|-ability|p2a: Ogerpon|Embody Aspect (Teal)|boost\n|-boost|p2a: Ogerpon|spe|1\n|turn|19\n|\n|t:|1697741505\n|switch|p1a: Hecker|Giratina, shiny|100\/100\n|-ability|p1a: Hecker|Pressure\n|move|p2a: Ogerpon|Ivy Cudgel|p1a: Hecker\n|-resisted|p1a: Hecker\n|-damage|p1a: Hecker|81\/100\n|\n|upkeep\n|turn|20\n|\n|t:|1697741519\n|move|p2a: Ogerpon|Play Rough|p1a: Hecker|[miss]\n|-miss|p2a: Ogerpon|p1a: Hecker\n|move|p1a: Hecker|Will-O-Wisp|p2a: Ogerpon\n|-status|p2a: Ogerpon|brn\n|\n|-damage|p2a: Ogerpon|95\/100 brn|[from] brn\n|upkeep\n|turn|21\n|c|\u2606Albaz Brand|dies of miss\n|\n|t:|1697741527\n|move|p2a: Ogerpon|Play Rough|p1a: Hecker\n|-supereffective|p1a: Hecker\n|-damage|p1a: Hecker|61\/100\n|-unboost|p1a: Hecker|atk|1\n|move|p1a: Hecker|Shadow Ball|p2a: Ogerpon\n|-damage|p2a: Ogerpon|64\/100 brn\n|\n|-damage|p2a: Ogerpon|58\/100 brn|[from] brn\n|upkeep\n|turn|22\n|\n|t:|1697741539\n|move|p2a: Ogerpon|Play Rough|p1a: Hecker\n|-supereffective|p1a: Hecker\n|-crit|p1a: Hecker\n|-damage|p1a: Hecker|37\/100\n|move|p1a: Hecker|Shadow Ball|p2a: Ogerpon\n|-damage|p2a: Ogerpon|28\/100 brn\n|\n|-damage|p2a: Ogerpon|22\/100 brn|[from] brn\n|upkeep\n|turn|23\n|\n|t:|1697741550\n|move|p2a: Ogerpon|Play Rough|p1a: Hecker\n|-supereffective|p1a: Hecker\n|-damage|p1a: Hecker|19\/100\n|move|p1a: Hecker|Shadow Ball|p2a: Ogerpon\n|-damage|p2a: Ogerpon|0 fnt\n|faint|p2a: Ogerpon\n|\n|upkeep\n|\n|t:|1697741567\n|switch|p2a: Palkia|Palkia-Origin|100\/100\n|-ability|p2a: Palkia|Pressure\n|turn|24\n|\n|t:|1697741579\n|switch|p1a: Chicken for KFC|Moltres|42\/100 par\n|move|p2a: Palkia|Spacial Rend|p1a: Chicken for KFC\n|-damage|p1a: Chicken for KFC|0 fnt\n|faint|p1a: Chicken for KFC\n|\n|upkeep\n|\n|t:|1697741585\n|switch|p1a: Haxmin|Shaymin-Sky|100\/100\n|turn|25\n|\n|t:|1697741591\n|move|p1a: Haxmin|Leech Seed|p2a: Palkia|[miss]\n|-miss|p1a: Haxmin|p2a: Palkia\n|move|p2a: Palkia|Ice Beam|p1a: Haxmin\n|-supereffective|p1a: Haxmin\n|-damage|p1a: Haxmin|0 fnt\n|faint|p1a: Haxmin\n|\n|upkeep\n|c|\u2606Albaz Brand|yikes\n|c|\u2606GratedsShtickface|oof\n|\n|t:|1697741600\n|switch|p1a: Ivanovna Robotnik|Blissey, F|68\/100\n|turn|26\n|\n|t:|1697741604\n|switch|p2a: Magearna|Magearna-Original|94\/100 brn\n|move|p1a: Ivanovna Robotnik|Thunder Wave||[still]\n|-fail|p1a: Ivanovna Robotnik\n|\n|-heal|p2a: Magearna|100\/100 brn|[from] item: Leftovers\n|-damage|p2a: Magearna|94\/100 brn|[from] brn\n|upkeep\n|turn|27\n|\n|t:|1697741609\n|move|p2a: Magearna|Spikes|p1a: Ivanovna Robotnik\n|-sidestart|p1: GratedsShtickface|Spikes\n|move|p1a: Ivanovna Robotnik|Seismic Toss|p2a: Magearna\n|-damage|p2a: Magearna|67\/100 brn\n|\n|-heal|p2a: Magearna|73\/100 brn|[from] item: Leftovers\n|-damage|p2a: Magearna|67\/100 brn|[from] brn\n|upkeep\n|turn|28\n|\n|t:|1697741614\n|switch|p1a: Gargasalt|Garganacl, M|56\/100\n|-damage|p1a: Gargasalt|44\/100|[from] Spikes\n|move|p2a: Magearna|Thunder Wave|p1a: Gargasalt\n|-immune|p1a: Gargasalt|[from] ability: Purifying Salt\n|\n|-heal|p2a: Magearna|73\/100 brn|[from] item: Leftovers\n|-heal|p1a: Gargasalt|50\/100|[from] item: Leftovers\n|-damage|p2a: Magearna|67\/100 brn|[from] brn\n|upkeep\n|turn|29\n|\n|t:|1697741620\n|move|p2a: Magearna|Draining Kiss|p1a: Gargasalt\n|-damage|p1a: Gargasalt|30\/100\n|-heal|p2a: Magearna|84\/100 brn|[from] drain|[of] p1a: Gargasalt\n|move|p1a: Gargasalt|Salt Cure|p2a: Magearna\n|-resisted|p2a: Magearna\n|-damage|p2a: Magearna|78\/100 brn\n|-start|p2a: Magearna|Salt Cure\n|\n|-heal|p2a: Magearna|84\/100 brn|[from] item: Leftovers\n|-heal|p1a: Gargasalt|36\/100|[from] item: Leftovers\n|-damage|p2a: Magearna|78\/100 brn|[from] brn\n|-damage|p2a: Magearna|53\/100 brn|[from] Salt Cure\n|upkeep\n|turn|30\n|\n|t:|1697741624\n|move|p2a: Magearna|Draining Kiss|p1a: Gargasalt\n|-damage|p1a: Gargasalt|17\/100\n|-heal|p2a: Magearna|69\/100 brn|[from] drain|[of] p1a: Gargasalt\n|move|p1a: Gargasalt|Recover|p1a: Gargasalt\n|-heal|p1a: Gargasalt|67\/100\n|\n|-heal|p2a: Magearna|75\/100 brn|[from] item: Leftovers\n|-heal|p1a: Gargasalt|73\/100|[from] item: Leftovers\n|-damage|p2a: Magearna|69\/100 brn|[from] brn\n|-damage|p2a: Magearna|44\/100 brn|[from] Salt Cure\n|upkeep\n|turn|31\n|\n|t:|1697741632\n|move|p2a: Magearna|Spikes|p1a: Gargasalt\n|-sidestart|p1: GratedsShtickface|Spikes\n|move|p1a: Gargasalt|Stealth Rock|p2a: Magearna\n|-sidestart|p2: Albaz Brand|move: Stealth Rock\n|\n|-heal|p2a: Magearna|50\/100 brn|[from] item: Leftovers\n|-heal|p1a: Gargasalt|79\/100|[from] item: Leftovers\n|-damage|p2a: Magearna|44\/100 brn|[from] brn\n|-damage|p2a: Magearna|19\/100 brn|[from] Salt Cure\n|upkeep\n|turn|32\n|\n|t:|1697741647\n|move|p2a: Magearna|Spikes|p1a: Gargasalt\n|-sidestart|p1: GratedsShtickface|Spikes\n|move|p1a: Gargasalt|Block|p2a: Magearna\n|-activate|p2a: Magearna|trapped\n|\n|-heal|p2a: Magearna|25\/100 brn|[from] item: Leftovers\n|-heal|p1a: Gargasalt|85\/100|[from] item: Leftovers\n|-damage|p2a: Magearna|19\/100 brn|[from] brn\n|-damage|p2a: Magearna|0 fnt|[from] Salt Cure\n|faint|p2a: Magearna\n|upkeep\n|\n|t:|1697741660\n|switch|p2a: Palkia|Palkia-Origin|100\/100\n|-damage|p2a: Palkia|88\/100|[from] Stealth Rock\n|-ability|p2a: Palkia|Pressure\n|turn|33\n|\n|t:|1697741666\n|-terastallize|p1a: Gargasalt|Fairy\n|move|p2a: Palkia|Spacial Rend|p1a: Gargasalt\n|-immune|p1a: Gargasalt\n|move|p1a: Gargasalt|Salt Cure|p2a: Palkia\n|-damage|p2a: Palkia|72\/100\n|-start|p2a: Palkia|Salt Cure\n|\n|-heal|p1a: Gargasalt|92\/100|[from] item: Leftovers\n|-damage|p2a: Palkia|47\/100|[from] Salt Cure\n|upkeep\n|turn|34\n|\n|t:|1697741674\n|move|p2a: Palkia|Flamethrower|p1a: Gargasalt\n|-damage|p1a: Gargasalt|67\/100\n|move|p1a: Gargasalt|Block|p2a: Palkia\n|-activate|p2a: Palkia|trapped\n|\n|-heal|p1a: Gargasalt|73\/100|[from] item: Leftovers\n|-damage|p2a: Palkia|22\/100|[from] Salt Cure\n|upkeep\n|turn|35\n|\n|t:|1697741679\n|move|p2a: Palkia|Flamethrower|p1a: Gargasalt\n|-damage|p1a: Gargasalt|48\/100\n|move|p1a: Gargasalt|Recover|p1a: Gargasalt\n|-heal|p1a: Gargasalt|98\/100\n|\n|-heal|p1a: Gargasalt|100\/100|[from] item: Leftovers\n|-damage|p2a: Palkia|0 fnt|[from] Salt Cure\n|faint|p2a: Palkia\n|upkeep\n|\n|t:|1697741683\n|switch|p2a: Arceus|Arceus-Fire|100\/100\n|-damage|p2a: Arceus|76\/100|[from] Stealth Rock\n|turn|36\n|\n|t:|1697741691\n|move|p2a: Arceus|Flare Blitz|p1a: Gargasalt\n|-damage|p1a: Gargasalt|56\/100\n|-damage|p2a: Arceus|60\/100|[from] Recoil\n|move|p1a: Gargasalt|Salt Cure|p2a: Arceus\n|-supereffective|p2a: Arceus\n|-damage|p2a: Arceus|39\/100\n|-start|p2a: Arceus|Salt Cure\n|\n|-heal|p1a: Gargasalt|62\/100|[from] item: Leftovers\n|-damage|p2a: Arceus|26\/100|[from] Salt Cure\n|upkeep\n|turn|37\n|c|\u2606Albaz Brand|GGs\n|\n|t:|1697741697\n|move|p2a: Arceus|Flare Blitz|p1a: Gargasalt\n|-damage|p1a: Gargasalt|18\/100\n|-damage|p2a: Arceus|11\/100|[from] Recoil\n|move|p1a: Gargasalt|Recover|p1a: Gargasalt\n|-heal|p1a: Gargasalt|68\/100\n|\n|-heal|p1a: Gargasalt|74\/100|[from] item: Leftovers\n|-damage|p2a: Arceus|0 fnt|[from] Salt Cure\n|faint|p2a: Arceus\n|\n|win|GratedsShtickface\n|upkeep\n|c|\u2606Albaz Brand|Garg wins\n|c|\u2606GratedsShtickface|gg\n","uploadtime":1697741712,"views":10,"p1id":"gratedsshtickface","p2id":"albazbrand","formatid":"gen9ubers","rating":0,"private":0,"password":""}