{"id":"gen9ubers-1998012103","p1":"MichaeltheMink","p2":"Mackacide","format":"[Gen 9] Ubers","log":"|j|\u2606MichaeltheMink\n|j|\u2606Mackacide\n|t:|1700878815\n|gametype|singles\n|player|p1|MichaeltheMink|1|\n|player|p2|Mackacide|n-masters3|\n|teamsize|p1|6\n|teamsize|p2|6\n|gen|9\n|tier|[Gen 9] Ubers\n|rule|Sleep Clause Mod: Limit one foe put to sleep\n|rule|Species Clause: Limit one of each Pok\u00e9mon\n|rule|OHKO Clause: OHKO moves are banned\n|rule|Evasion Items Clause: Evasion items are banned\n|rule|Evasion Moves Clause: Evasion moves are banned\n|rule|Endless Battle Clause: Forcing endless battles is banned\n|rule|HP Percentage Mod: HP is shown in percentages\n|clearpoke\n|poke|p1|Orthworm, F|\n|poke|p1|Azumarill, M|\n|poke|p1|Slither Wing|\n|poke|p1|Gyarados, M|\n|poke|p1|Donphan, M|\n|poke|p1|Iron Jugulis|\n|poke|p2|Sneasler, M|\n|poke|p2|Indeedee-F, F|\n|poke|p2|Clodsire, M|\n|poke|p2|Mew|\n|poke|p2|Ogerpon-Hearthflame, F|\n|poke|p2|Scyther, M|\n|teampreview\n|inactive|Battle timer is ON: inactive players will automatically lose when time's up. (requested by Mackacide)\n|\n|t:|1700878834\n|start\n|switch|p1a: Blue Worm|Gyarados, M|100\/100\n|switch|p2a: Amaterasu|Ogerpon-Hearthflame, F|100\/100\n|-ability|p2a: Amaterasu|Mold Breaker\n|-ability|p1a: Blue Worm|Intimidate|boost\n|-unboost|p2a: Amaterasu|atk|1\n|turn|1\n|\n|t:|1700878846\n|switch|p1a: Big Bug|Slither Wing|100\/100\n|move|p2a: Amaterasu|Taunt|p1a: Big Bug\n|-start|p1a: Big Bug|move: Taunt\n|\n|upkeep\n|turn|2\n|\n|t:|1700878859\n|switch|p2a: Clod This|Clodsire, M, shiny|100\/100\n|-end|p1a: Big Bug|Protosynthesis|[silent]\n|switch|p1a: Blue Worm|Gyarados, M|100\/100\n|-ability|p1a: Blue Worm|Intimidate|boost\n|-unboost|p2a: Clod This|atk|1\n|\n|upkeep\n|turn|3\n|\n|t:|1700878881\n|switch|p1a: The A Train|Orthworm, F|100\/100\n|move|p2a: Clod This|Toxic|p1a: The A Train\n|-immune|p1a: The A Train\n|\n|upkeep\n|turn|4\n|\n|t:|1700878892\n|switch|p2a: Chidori|Mew, shiny|100\/100\n|move|p1a: The A Train|Stealth Rock|p2a: Chidori\n|-sidestart|p2: Mackacide|move: Stealth Rock\n|\n|upkeep\n|turn|5\n|\n|t:|1700878899\n|switch|p1a: Three Headed Robot|Iron Jugulis|100\/100\n|-enditem|p1a: Three Headed Robot|Booster Energy\n|-activate|p1a: Three Headed Robot|ability: Quark Drive|[fromitem]\n|-start|p1a: Three Headed Robot|quarkdrivespe\n|move|p2a: Chidori|Taunt|p1a: Three Headed Robot\n|-start|p1a: Three Headed Robot|move: Taunt\n|\n|upkeep\n|turn|6\n|\n|t:|1700878910\n|move|p1a: Three Headed Robot|Hurricane|p2a: Chidori|[miss]\n|-miss|p1a: Three Headed Robot|p2a: Chidori\n|move|p2a: Chidori|Volt Switch|p1a: Three Headed Robot\n|-supereffective|p1a: Three Headed Robot\n|-damage|p1a: Three Headed Robot|32\/100\n|\n|t:|1700878929\n|switch|p2a: Mind of 34th|Indeedee-F, F|100\/100|[from] Volt Switch\n|-damage|p2a: Mind of 34th|88\/100|[from] Stealth Rock\n|-fieldstart|move: Psychic Terrain|[from] ability: Psychic Surge|[of] p2a: Mind of 34th\n|\n|upkeep\n|turn|7\n|\n|t:|1700878956\n|move|p1a: Three Headed Robot|Dark Pulse|p2a: Mind of 34th\n|-supereffective|p2a: Mind of 34th\n|-damage|p2a: Mind of 34th|8\/100\n|move|p2a: Mind of 34th|Reflect|p2a: Mind of 34th\n|-sidestart|p2: Mackacide|Reflect\n|\n|-end|p1a: Three Headed Robot|move: Taunt\n|upkeep\n|turn|8\n|\n|t:|1700878971\n|switch|p2a: Punk Monk|Sneasler, M|100\/100\n|-damage|p2a: Punk Monk|94\/100|[from] Stealth Rock\n|-enditem|p2a: Punk Monk|Psychic Seed\n|-boost|p2a: Punk Monk|spd|1|[from] item: Psychic Seed\n|move|p1a: Three Headed Robot|Dark Pulse|p2a: Punk Monk\n|-resisted|p2a: Punk Monk\n|-damage|p2a: Punk Monk|77\/100\n|\n|upkeep\n|turn|9\n|\n|t:|1700878983\n|-end|p1a: Three Headed Robot|Quark Drive|[silent]\n|switch|p1a: Blue Worm|Gyarados, M|100\/100\n|-ability|p1a: Blue Worm|Intimidate|boost\n|-unboost|p2a: Punk Monk|atk|1\n|-terastallize|p2a: Punk Monk|Ice\n|move|p2a: Punk Monk|Swords Dance|p2a: Punk Monk\n|-boost|p2a: Punk Monk|atk|2\n|\n|upkeep\n|turn|10\n|\n|t:|1700878993\n|move|p2a: Punk Monk|Dire Claw|p1a: Blue Worm\n|-damage|p1a: Blue Worm|37\/100\n|-status|p1a: Blue Worm|slp\n|-damage|p2a: Punk Monk|60\/100|[from] item: Rocky Helmet|[of] p1a: Blue Worm\n|cant|p1a: Blue Worm|slp\n|\n|upkeep\n|turn|11\n|\n|t:|1700879015\n|switch|p1a: Warrior Elephant|Donphan, M|100\/100\n|move|p2a: Punk Monk|Tera Blast|p1a: Warrior Elephant|[anim] Tera Blast Ice\n|-supereffective|p1a: Warrior Elephant\n|-damage|p1a: Warrior Elephant|6\/100\n|\n|-heal|p1a: Warrior Elephant|12\/100|[from] item: Leftovers\n|-sideend|p2: Mackacide|Reflect\n|upkeep\n|turn|12\n|\n|t:|1700879023\n|switch|p1a: Blue Worm|Gyarados, M|37\/100 slp\n|-ability|p1a: Blue Worm|Intimidate|boost\n|-unboost|p2a: Punk Monk|atk|1\n|move|p2a: Punk Monk|Tera Blast|p1a: Blue Worm|[anim] Tera Blast Ice\n|-damage|p1a: Blue Worm|0 fnt\n|faint|p1a: Blue Worm\n|\n|upkeep\n|inactive|MichaeltheMink has 270 seconds left.\n|\n|t:|1700879066\n|switch|p1a: Big Bug|Slither Wing|100\/100\n|turn|13\n|\n|t:|1700879073\n|move|p1a: Big Bug|First Impression|p2a: Punk Monk\n|-activate|p2a: Punk Monk|move: Psychic Terrain\n|move|p2a: Punk Monk|Dire Claw|p1a: Big Bug\n|-damage|p1a: Big Bug|43\/100\n|\n|-fieldend|move: Psychic Terrain\n|upkeep\n|turn|14\n|\n|t:|1700879089\n|switch|p2a: Shikamaru|Scyther, M, shiny|100\/100\n|-damage|p2a: Shikamaru|51\/100|[from] Stealth Rock\n|-end|p1a: Big Bug|Protosynthesis|[silent]\n|switch|p1a: Warrior Elephant|Donphan, M|12\/100\n|\n|-heal|p1a: Warrior Elephant|19\/100|[from] item: Leftovers\n|upkeep\n|turn|15\n|\n|t:|1700879102\n|switch|p1a: The A Train|Orthworm, F|100\/100\n|move|p2a: Shikamaru|Defog|p1a: The A Train\n|-unboost|p1a: The A Train|evasion|1\n|-sideend|p2: Mackacide|Stealth Rock|[from] move: Defog|[of] p2a: Shikamaru\n|\n|upkeep\n|turn|16\n|inactive|MichaeltheMink has 240 seconds left.\n|\n|t:|1700879124\n|move|p2a: Shikamaru|Close Combat|p1a: The A Train\n|-supereffective|p1a: The A Train\n|-damage|p1a: The A Train|52\/100\n|-unboost|p2a: Shikamaru|def|1\n|-unboost|p2a: Shikamaru|spd|1\n|move|p1a: The A Train|Shed Tail|p1a: The A Train\n|-start|p1a: The A Train|Substitute|[from] move: Shed Tail\n|-damage|p1a: The A Train|2\/100\n|\n|t:|1700879133\n|switch|p1a: Zu Zu|Azumarill, M|100\/100|[from] Shed Tail\n|\n|upkeep\n|turn|17\n|\n|t:|1700879140\n|switch|p2a: Clod This|Clodsire, M, shiny|100\/100\n|move|p1a: Zu Zu|Belly Drum|p1a: Zu Zu\n|-damage|p1a: Zu Zu|50\/100\n|-setboost|p1a: Zu Zu|atk|6|[from] move: Belly Drum\n|-enditem|p1a: Zu Zu|Sitrus Berry|[eat]\n|-heal|p1a: Zu Zu|75\/100|[from] item: Sitrus Berry\n|\n|upkeep\n|turn|18\n|\n|t:|1700879151\n|move|p1a: Zu Zu|Play Rough|p2a: Clod This\n|-resisted|p2a: Clod This\n|-damage|p2a: Clod This|16\/100\n|move|p2a: Clod This|Earthquake|p1a: Zu Zu\n|-end|p1a: Zu Zu|Substitute\n|\n|-heal|p2a: Clod This|22\/100|[from] item: Leftovers\n|upkeep\n|turn|19\n|\n|t:|1700879162\n|move|p1a: Zu Zu|Play Rough|p2a: Clod This\n|-resisted|p2a: Clod This\n|-damage|p2a: Clod This|0 fnt\n|faint|p2a: Clod This\n|\n|upkeep\n|\n|t:|1700879167\n|switch|p2a: Mind of 34th|Indeedee-F, F|8\/100\n|-fieldstart|move: Psychic Terrain|[from] ability: Psychic Surge|[of] p2a: Mind of 34th\n|turn|20\n|\n|t:|1700879178\n|move|p2a: Mind of 34th|Reflect|p2a: Mind of 34th\n|-sidestart|p2: Mackacide|Reflect\n|move|p1a: Zu Zu|Liquidation|p2a: Mind of 34th\n|-damage|p2a: Mind of 34th|0 fnt\n|faint|p2a: Mind of 34th\n|\n|upkeep\n|\n|t:|1700879188\n|switch|p2a: Punk Monk|Sneasler, M, tera:Ice|60\/100\n|turn|21\n|inactive|MichaeltheMink has 240 seconds left.\n|\n|t:|1700879223\n|switch|p1a: Warrior Elephant|Donphan, M|19\/100\n|move|p2a: Punk Monk|Dire Claw|p1a: Warrior Elephant\n|-resisted|p1a: Warrior Elephant\n|-damage|p1a: Warrior Elephant|2\/100\n|-status|p1a: Warrior Elephant|slp\n|\n|-heal|p1a: Warrior Elephant|9\/100 slp|[from] item: Leftovers\n|upkeep\n|turn|22\n|inactive|MichaeltheMink has 240 seconds left.\n|\n|t:|1700879238\n|move|p2a: Punk Monk|Tera Blast|p1a: Warrior Elephant|[anim] Tera Blast Ice\n|-supereffective|p1a: Warrior Elephant\n|-damage|p1a: Warrior Elephant|0 fnt\n|faint|p1a: Warrior Elephant\n|\n|upkeep\n|inactive|MichaeltheMink has 240 seconds left.\n|\n|t:|1700879254\n|switch|p1a: Big Bug|Slither Wing|43\/100\n|turn|23\n|\n|t:|1700879271\n|-end|p1a: Big Bug|Protosynthesis|[silent]\n|switch|p1a: Zu Zu|Azumarill, M|75\/100\n|move|p2a: Punk Monk|Dire Claw|p1a: Zu Zu\n|-supereffective|p1a: Zu Zu\n|-damage|p1a: Zu Zu|0 fnt\n|faint|p1a: Zu Zu\n|\n|upkeep\n|\n|t:|1700879279\n|switch|p1a: The A Train|Orthworm, F|2\/100\n|turn|24\n|\n|t:|1700879293\n|move|p2a: Punk Monk|Close Combat|p1a: The A Train\n|-supereffective|p1a: The A Train\n|-damage|p1a: The A Train|0 fnt\n|-unboost|p2a: Punk Monk|def|1\n|-unboost|p2a: Punk Monk|spd|1\n|faint|p1a: The A Train\n|\n|-sideend|p2: Mackacide|Reflect\n|upkeep\n|\n|t:|1700879300\n|switch|p1a: Big Bug|Slither Wing|43\/100\n|turn|25\n|\n|t:|1700879322\n|move|p1a: Big Bug|First Impression|p2a: Punk Monk\n|-activate|p2a: Punk Monk|move: Psychic Terrain\n|move|p2a: Punk Monk|Dire Claw|p1a: Big Bug\n|-damage|p1a: Big Bug|0 fnt\n|faint|p1a: Big Bug\n|-end|p1a: Big Bug|Protosynthesis|[silent]\n|\n|upkeep\n|c|\u2606Mackacide|gg\n|\n|t:|1700879329\n|switch|p1a: Three Headed Robot|Iron Jugulis|32\/100\n|turn|26\n|c|\u2606MichaeltheMink|gg\n|\n|t:|1700879336\n|-terastallize|p1a: Three Headed Robot|Ghost\n|move|p1a: Three Headed Robot|Hurricane|p2a: Punk Monk|[miss]\n|-miss|p1a: Three Headed Robot|p2a: Punk Monk\n|move|p2a: Punk Monk|Tera Blast|p1a: Three Headed Robot|[anim] Tera Blast Ice\n|-damage|p1a: Three Headed Robot|0 fnt\n|faint|p1a: Three Headed Robot\n|-end|p1a: Three Headed Robot|Quark Drive|[silent]\n|\n|win|Mackacide\n","uploadtime":1700879346,"views":32,"p1id":"michaelthemink","p2id":"mackacide","formatid":"gen9ubers","rating":0,"private":0,"password":""}