{"id":"gen9ubers-1995075953","p1":"Rei_darkness","p2":"Dang Rope Fan","format":"[Gen 9] Ubers","log":"|j|\u2606Rei_darkness\n|j|\u2606Dang Rope Fan\n|t:|1700519905\n|gametype|singles\n|player|p1|Rei_darkness|drayden|\n|player|p2|Dang Rope Fan|lusamine-masters|\n|teamsize|p1|6\n|teamsize|p2|6\n|gen|9\n|tier|[Gen 9] Ubers\n|rule|Sleep Clause Mod: Limit one foe put to sleep\n|rule|Species Clause: Limit one of each Pok\u00e9mon\n|rule|OHKO Clause: OHKO moves are banned\n|rule|Evasion Items Clause: Evasion items are banned\n|rule|Evasion Moves Clause: Evasion moves are banned\n|rule|Endless Battle Clause: Forcing endless battles is banned\n|rule|HP Percentage Mod: HP is shown in percentages\n|clearpoke\n|poke|p1|Ribombee, F|\n|poke|p1|Iron Jugulis|\n|poke|p1|Weezing-Galar, M|\n|poke|p1|Annihilape, F|\n|poke|p1|Thundurus, M|\n|poke|p1|Clefable, F|\n|poke|p2|Darkrai|\n|poke|p2|Weezing-Galar, F|\n|poke|p2|Greninja-*, F|\n|poke|p2|Infernape, M|\n|poke|p2|Slowbro-Galar, F|\n|poke|p2|Garchomp, F|\n|teampreview\n|inactive|Battle timer is ON: inactive players will automatically lose when time's up. (requested by Dang Rope Fan)\n|c|\u2606Dang Rope Fan|glhf\n|\n|t:|1700519920\n|start\n|switch|p1a: Annihilape|Annihilape, F|100\/100\n|switch|p2a: Mii Gunner|Slowbro-Galar, F|100\/100\n|turn|1\n|c|\u2606Rei_darkness|glowbro goated\n|\n|t:|1700519933\n|move|p1a: Annihilape|Stealth Rock|p2a: Mii Gunner\n|-sidestart|p2: Dang Rope Fan|move: Stealth Rock\n|move|p2a: Mii Gunner|Psyshock|p1a: Annihilape\n|-supereffective|p1a: Annihilape\n|-damage|p1a: Annihilape|29\/100\n|-enditem|p1a: Annihilape|Sitrus Berry|[eat]\n|-heal|p1a: Annihilape|54\/100|[from] item: Sitrus Berry\n|\n|upkeep\n|turn|2\n|c|\u2606Dang Rope Fan|so true\n|\n|t:|1700519942\n|move|p1a: Annihilape|Final Gambit|p2a: Mii Gunner\n|-damage|p2a: Mii Gunner|43\/100\n|faint|p1a: Annihilape\n|move|p2a: Mii Gunner|Psyshock|p1: Annihilape|[notarget]\n|-fail|p2a: Mii Gunner\n|\n|upkeep\n|\n|t:|1700519950\n|switch|p1a: Iron Jugulis|Iron Jugulis|100\/100\n|-enditem|p1a: Iron Jugulis|Booster Energy\n|-activate|p1a: Iron Jugulis|ability: Quark Drive|[fromitem]\n|-start|p1a: Iron Jugulis|quarkdrivespe\n|turn|3\n|\n|t:|1700519959\n|switch|p2a: Mach Jet|Garchomp, F|100\/100\n|-damage|p2a: Mach Jet|94\/100|[from] Stealth Rock\n|-terastallize|p1a: Iron Jugulis|Flying\n|move|p1a: Iron Jugulis|Acrobatics|p2a: Mach Jet\n|-damage|p2a: Mach Jet|29\/100\n|-damage|p1a: Iron Jugulis|88\/100|[from] ability: Rough Skin|[of] p2a: Mach Jet\n|-damage|p1a: Iron Jugulis|71\/100|[from] item: Rocky Helmet|[of] p2a: Mach Jet\n|\n|upkeep\n|turn|4\n|\n|t:|1700519963\n|move|p1a: Iron Jugulis|Acrobatics|p2a: Mach Jet\n|-damage|p2a: Mach Jet|0 fnt\n|-damage|p1a: Iron Jugulis|59\/100|[from] ability: Rough Skin|[of] p2a: Mach Jet\n|-damage|p1a: Iron Jugulis|42\/100|[from] item: Rocky Helmet|[of] p2a: Mach Jet\n|faint|p2a: Mach Jet\n|\n|upkeep\n|\n|t:|1700519971\n|switch|p2a: Britanic|Weezing-Galar, F|100\/100\n|-ability|p2a: Britanic|Neutralizing Gas\n|-damage|p2a: Britanic|88\/100|[from] Stealth Rock\n|turn|5\n|\n|t:|1700519983\n|move|p1a: Iron Jugulis|Acrobatics|p2a: Britanic\n|-damage|p2a: Britanic|36\/100\n|move|p2a: Britanic|Will-O-Wisp|p1a: Iron Jugulis|[miss]\n|-miss|p2a: Britanic|p1a: Iron Jugulis\n|\n|-heal|p2a: Britanic|42\/100|[from] item: Leftovers\n|upkeep\n|turn|6\n|\n|t:|1700519989\n|move|p1a: Iron Jugulis|Acrobatics|p2a: Britanic\n|-damage|p2a: Britanic|0 fnt\n|faint|p2a: Britanic\n|-end|p2a: Britanic|ability: Neutralizing Gas\n|\n|upkeep\n|\n|t:|1700519992\n|switch|p2a: Knightmare|Darkrai|100\/100\n|-damage|p2a: Knightmare|88\/100|[from] Stealth Rock\n|turn|7\n|\n|t:|1700519996\n|move|p2a: Knightmare|Sucker Punch|p1a: Iron Jugulis\n|-damage|p1a: Iron Jugulis|11\/100\n|move|p1a: Iron Jugulis|Acrobatics|p2a: Knightmare\n|-damage|p2a: Knightmare|3\/100\n|\n|upkeep\n|turn|8\n|\n|t:|1700520006\n|move|p2a: Knightmare|Sucker Punch||[still]\n|-fail|p2a: Knightmare\n|move|p1a: Iron Jugulis|Taunt|p2a: Knightmare\n|-start|p2a: Knightmare|move: Taunt\n|\n|upkeep\n|turn|9\n|\n|t:|1700520011\n|-end|p1a: Iron Jugulis|Quark Drive|[silent]\n|switch|p1a: Ribombee|Ribombee, F|100\/100\n|move|p2a: Knightmare|Sucker Punch||[still]\n|-fail|p2a: Knightmare\n|\n|upkeep\n|turn|10\n|\n|t:|1700520018\n|move|p2a: Knightmare|Knock Off|p1a: Ribombee\n|-resisted|p1a: Ribombee\n|-damage|p1a: Ribombee|63\/100\n|-enditem|p1a: Ribombee|Focus Sash|[from] move: Knock Off|[of] p2a: Knightmare\n|move|p1a: Ribombee|U-turn|p2a: Knightmare\n|-supereffective|p2a: Knightmare\n|-damage|p2a: Knightmare|0 fnt\n|faint|p2a: Knightmare\n|\n|t:|1700520025\n|switch|p1a: Weezing|Weezing-Galar, M|100\/100|[from] U-turn\n|-fieldstart|move: Misty Terrain|[from] ability: Misty Surge|[of] p1a: Weezing\n|\n|upkeep\n|\n|t:|1700520032\n|switch|p2a: Mii Gunner|Slowbro-Galar, F|76\/100\n|turn|11\n|\n|t:|1700520053\n|switch|p1a: Clefable|Clefable, F|100\/100\n|move|p2a: Mii Gunner|Sludge Bomb|p1a: Clefable\n|-supereffective|p1a: Clefable\n|-damage|p1a: Clefable|38\/100\n|\n|-heal|p1a: Clefable|44\/100|[from] item: Leftovers\n|upkeep\n|turn|12\n|\n|t:|1700520067\n|move|p1a: Clefable|Knock Off|p2a: Mii Gunner\n|-supereffective|p2a: Mii Gunner\n|-damage|p2a: Mii Gunner|47\/100\n|-enditem|p2a: Mii Gunner|Heavy-Duty Boots|[from] move: Knock Off|[of] p1a: Clefable\n|move|p2a: Mii Gunner|Slack Off|p2a: Mii Gunner\n|-heal|p2a: Mii Gunner|97\/100\n|\n|-heal|p1a: Clefable|50\/100|[from] item: Leftovers\n|upkeep\n|turn|13\n|\n|t:|1700520079\n|move|p1a: Clefable|Protect|p1a: Clefable\n|-singleturn|p1a: Clefable|Protect\n|move|p2a: Mii Gunner|Sludge Bomb|p1a: Clefable\n|-activate|p1a: Clefable|move: Protect\n|\n|-heal|p1a: Clefable|56\/100|[from] item: Leftovers\n|upkeep\n|turn|14\n|\n|t:|1700520085\n|switch|p1a: Ribombee|Ribombee, F|63\/100\n|move|p2a: Mii Gunner|Sludge Bomb|p1a: Ribombee\n|-supereffective|p1a: Ribombee\n|-damage|p1a: Ribombee|0 fnt\n|faint|p1a: Ribombee\n|\n|-fieldend|Misty Terrain\n|upkeep\n|\n|t:|1700520103\n|switch|p1a: Weezing|Weezing-Galar, M|100\/100\n|-fieldstart|move: Misty Terrain|[from] ability: Misty Surge|[of] p1a: Weezing\n|turn|15\n|\n|t:|1700520106\n|switch|p1a: Clefable|Clefable, F|56\/100\n|move|p2a: Mii Gunner|Psyshock|p1a: Clefable\n|-damage|p1a: Clefable|15\/100\n|\n|-heal|p1a: Clefable|21\/100|[from] item: Leftovers\n|upkeep\n|turn|16\n|\n|t:|1700520113\n|move|p1a: Clefable|Thunder Wave|p2a: Mii Gunner\n|-activate|p2a: Mii Gunner|move: Misty Terrain\n|move|p2a: Mii Gunner|Sludge Bomb|p1a: Clefable\n|-supereffective|p1a: Clefable\n|-damage|p1a: Clefable|0 fnt\n|faint|p1a: Clefable\n|\n|upkeep\n|c|\u2606Rei_darkness|my dumb ass\n|\n|t:|1700520124\n|switch|p1a: Thundurus|Thundurus, M|100\/100\n|-enditem|p1a: Thundurus|Misty Seed\n|-boost|p1a: Thundurus|spd|1|[from] item: Misty Seed\n|turn|17\n|\n|t:|1700520138\n|move|p1a: Thundurus|Bulk Up|p1a: Thundurus\n|-boost|p1a: Thundurus|atk|1\n|-boost|p1a: Thundurus|def|1\n|move|p2a: Mii Gunner|Psyshock|p1a: Thundurus\n|-crit|p1a: Thundurus\n|-damage|p1a: Thundurus|5\/100\n|\n|upkeep\n|turn|18\n|\n|t:|1700520142\n|move|p1a: Thundurus|Knock Off|p2a: Mii Gunner\n|-supereffective|p2a: Mii Gunner\n|-damage|p2a: Mii Gunner|37\/100\n|move|p2a: Mii Gunner|Psyshock|p1a: Thundurus\n|-damage|p1a: Thundurus|0 fnt\n|faint|p1a: Thundurus\n|\n|upkeep\n|\n|t:|1700520148\n|switch|p1a: Iron Jugulis|Iron Jugulis, tera:Flying|11\/100\n|turn|19\n|c|\u2606Dang Rope Fan|i forget about terrain effects too sometimes\n|c|\u2606Dang Rope Fan|it's fine\n|\n|t:|1700520158\n|switch|p2a: Son Goku|Infernape, M|100\/100\n|move|p1a: Iron Jugulis|Acrobatics|p2a: Son Goku\n|-supereffective|p2a: Son Goku\n|-damage|p2a: Son Goku|0 fnt\n|faint|p2a: Son Goku\n|\n|-fieldend|Misty Terrain\n|upkeep\n|\n|t:|1700520163\n|switch|p2a: Trickster|Greninja, F|100\/100\n|-damage|p2a: Trickster|88\/100|[from] Stealth Rock\n|turn|20\n|\n|t:|1700520168\n|-end|p1a: Iron Jugulis|Quark Drive|[silent]\n|switch|p1a: Weezing|Weezing-Galar, M|100\/100\n|-fieldstart|move: Misty Terrain|[from] ability: Misty Surge|[of] p1a: Weezing\n|move|p2a: Trickster|Liquidation|p1a: Weezing\n|-start|p2a: Trickster|typechange|Water|[from] ability: Protean\n|-damage|p1a: Weezing|78\/100\n|\n|-heal|p1a: Weezing|84\/100|[from] item: Leftovers\n|upkeep\n|turn|21\n|\n|t:|1700520176\n|-terastallize|p2a: Trickster|Poison\n|move|p2a: Trickster|Swords Dance|p2a: Trickster\n|-boost|p2a: Trickster|atk|2\n|move|p1a: Weezing|Strange Steam|p2a: Trickster\n|-resisted|p2a: Trickster\n|-damage|p2a: Trickster|67\/100\n|\n|-heal|p1a: Weezing|90\/100|[from] item: Leftovers\n|upkeep\n|turn|22\n|\n|t:|1700520181\n|move|p2a: Trickster|Gunk Shot|p1a: Weezing\n|-damage|p1a: Weezing|30\/100\n|move|p1a: Weezing|Clear Smog|p2a: Trickster\n|-resisted|p2a: Trickster\n|-crit|p2a: Trickster\n|-damage|p2a: Trickster|49\/100\n|-clearboost|p2a: Trickster\n|\n|-heal|p1a: Weezing|36\/100|[from] item: Leftovers\n|upkeep\n|turn|23\n|\n|t:|1700520192\n|move|p2a: Trickster|Liquidation|p1a: Weezing\n|-damage|p1a: Weezing|11\/100\n|move|p1a: Weezing|Pain Split|p2a: Trickster\n|-sethp|p2a: Trickster|31\/100|[from] move: Pain Split|[silent]\n|-sethp|p1a: Weezing|27\/100|[from] move: Pain Split\n|\n|-heal|p1a: Weezing|33\/100|[from] item: Leftovers\n|upkeep\n|turn|24\n|\n|t:|1700520202\n|move|p2a: Trickster|Gunk Shot|p1a: Weezing\n|-damage|p1a: Weezing|0 fnt\n|faint|p1a: Weezing\n|\n|-fieldend|Misty Terrain\n|upkeep\n|\n|t:|1700520205\n|switch|p1a: Iron Jugulis|Iron Jugulis, tera:Flying|11\/100\n|turn|25\n|\n|t:|1700520208\n|move|p2a: Trickster|Liquidation|p1a: Iron Jugulis\n|-damage|p1a: Iron Jugulis|0 fnt\n|faint|p1a: Iron Jugulis\n|-end|p1a: Iron Jugulis|Quark Drive|[silent]\n|\n|win|Dang Rope Fan\n|c|\u2606Dang Rope Fan|gg\n","uploadtime":1700520214,"views":16,"p1id":"reidarkness","p2id":"dangropefan","formatid":"gen9ubers","rating":0,"private":0,"password":""}