{"id":"gen9ubers-1989339526","p1":"ItsmeBlankKnight","p2":"Leo Justice","format":"[Gen 9] Ubers","log":"|j|\u2606ItsmeBlankKnight\n|j|\u2606Leo Justice\n|t:|1699838194\n|gametype|singles\n|player|p1|ItsmeBlankKnight|larry|\n|player|p2|Leo Justice|102|\n|teamsize|p1|6\n|teamsize|p2|6\n|gen|9\n|tier|[Gen 9] Ubers\n|rule|Sleep Clause Mod: Limit one foe put to sleep\n|rule|Species Clause: Limit one of each Pok\u00e9mon\n|rule|OHKO Clause: OHKO moves are banned\n|rule|Evasion Items Clause: Evasion items are banned\n|rule|Evasion Moves Clause: Evasion moves are banned\n|rule|Endless Battle Clause: Forcing endless battles is banned\n|rule|HP Percentage Mod: HP is shown in percentages\n|clearpoke\n|poke|p1|Chi-Yu|\n|poke|p1|Cyclizar, F|\n|poke|p1|Houndstone, F|\n|poke|p1|Espathra, F|\n|poke|p1|Regidrago|\n|poke|p1|Arceus-Poison|\n|poke|p2|Arceus-Bug|\n|poke|p2|Magearna|\n|poke|p2|Palkia-Origin|\n|poke|p2|Moltres|\n|poke|p2|Landorus, M|\n|poke|p2|Meowscarada, M|\n|teampreview\n|inactive|Battle timer is ON: inactive players will automatically lose when time's up. (requested by ItsmeBlankKnight)\n|\n|t:|1699838215\n|start\n|switch|p1a: Cyclizar|Cyclizar, F|100\/100\n|switch|p2a: Meowscarada|Meowscarada, M|100\/100\n|turn|1\n|\n|t:|1699838224\n|move|p2a: Meowscarada|Play Rough|p1a: Cyclizar\n|-start|p2a: Meowscarada|typechange|Fairy|[from] ability: Protean\n|-supereffective|p1a: Cyclizar\n|-damage|p1a: Cyclizar|0 fnt\n|faint|p1a: Cyclizar\n|\n|upkeep\n|\n|t:|1699838234\n|switch|p1a: Arceus|Arceus-Poison|100\/100\n|turn|2\n|\n|t:|1699838242\n|switch|p2a: Landorus|Landorus, M|100\/100\n|move|p1a: Arceus|Swords Dance|p1a: Arceus\n|-boost|p1a: Arceus|atk|2\n|\n|upkeep\n|turn|3\n|\n|t:|1699838248\n|-terastallize|p1a: Arceus|Normal\n|move|p2a: Landorus|Earth Power|p1a: Arceus\n|-damage|p1a: Arceus|56\/100\n|move|p1a: Arceus|Gunk Shot|p2a: Landorus\n|-resisted|p2a: Landorus\n|-damage|p2a: Landorus|4\/100\n|\n|upkeep\n|turn|4\n|\n|t:|1699838257\n|switch|p2a: Moltres|Moltres|100\/100\n|move|p1a: Arceus|Extreme Speed|p2a: Moltres\n|-damage|p2a: Moltres|46\/100\n|\n|upkeep\n|turn|5\n|\n|t:|1699838264\n|move|p1a: Arceus|Extreme Speed|p2a: Moltres\n|-damage|p2a: Moltres|0 fnt\n|faint|p2a: Moltres\n|\n|upkeep\n|\n|t:|1699838270\n|switch|p2a: Magearna|Magearna|100\/100\n|turn|6\n|\n|t:|1699838273\n|move|p1a: Arceus|Earthquake|p2a: Magearna\n|-supereffective|p2a: Magearna\n|-damage|p2a: Magearna|0 fnt\n|faint|p2a: Magearna\n|\n|upkeep\n|\n|t:|1699838291\n|switch|p2a: Arceus|Arceus-Bug|100\/100\n|turn|7\n|c|\u2606ItsmeBlankKnight|yo\n|c|\u2606ItsmeBlankKnight|do u know if shadow tag is legal\n|\n|t:|1699838302\n|move|p2a: Arceus|X-Scissor|p1a: Arceus\n|-damage|p1a: Arceus|21\/100\n|move|p1a: Arceus|Gunk Shot|p2a: Arceus\n|-damage|p2a: Arceus|0 fnt\n|faint|p2a: Arceus\n|\n|upkeep\n|c|\u2606Leo Justice|Damn\n|c|\u2606Leo Justice|it is\n|\n|t:|1699838314\n|switch|p2a: Palkia|Palkia-Origin|100\/100\n|-ability|p2a: Palkia|Pressure\n|turn|8\n|\n|t:|1699838318\n|move|p1a: Arceus|Extreme Speed|p2a: Palkia\n|-damage|p2a: Palkia|8\/100\n|move|p2a: Palkia|Spacial Rend|p1a: Arceus\n|-damage|p1a: Arceus|0 fnt\n|faint|p1a: Arceus\n|\n|upkeep\n|\n|t:|1699838324\n|switch|p1a: Regidrago|Regidrago|100\/100\n|turn|9\n|\n|t:|1699838327\n|move|p1a: Regidrago|Dragon Energy|p2a: Palkia\n|-supereffective|p2a: Palkia\n|-damage|p2a: Palkia|0 fnt\n|faint|p2a: Palkia\n|\n|upkeep\n|\n|t:|1699838329\n|switch|p2a: Meowscarada|Meowscarada, M|100\/100\n|turn|10\n|\n|t:|1699838333\n|switch|p1a: Houndstone|Houndstone, F|100\/100\n|move|p2a: Meowscarada|Play Rough|p1a: Houndstone\n|-start|p2a: Meowscarada|typechange|Fairy|[from] ability: Protean\n|-damage|p1a: Houndstone|81\/100\n|\n|upkeep\n|turn|11\n|\n|t:|1699838341\n|switch|p2a: Landorus|Landorus, M|4\/100\n|move|p1a: Houndstone|Last Respects|p2a: Landorus\n|-crit|p2a: Landorus\n|-damage|p2a: Landorus|0 fnt\n|faint|p2a: Landorus\n|\n|upkeep\n|\n|t:|1699838344\n|switch|p2a: Meowscarada|Meowscarada, M|100\/100\n|turn|12\n|\n|t:|1699838348\n|move|p2a: Meowscarada|Knock Off|p1a: Houndstone\n|-start|p2a: Meowscarada|typechange|Dark|[from] ability: Protean\n|-supereffective|p1a: Houndstone\n|-damage|p1a: Houndstone|37\/100\n|-enditem|p1a: Houndstone|Choice Band|[from] move: Knock Off|[of] p2a: Meowscarada\n|move|p1a: Houndstone|Last Respects|p2a: Meowscarada\n|-resisted|p2a: Meowscarada\n|-damage|p2a: Meowscarada|42\/100\n|\n|upkeep\n|turn|13\n|\n|t:|1699838355\n|move|p1a: Houndstone|Shadow Sneak|p2a: Meowscarada\n|-resisted|p2a: Meowscarada\n|-damage|p2a: Meowscarada|27\/100\n|move|p2a: Meowscarada|Knock Off|p1a: Houndstone\n|-supereffective|p1a: Houndstone\n|-damage|p1a: Houndstone|9\/100\n|\n|upkeep\n|turn|14\n|c|\u2606ItsmeBlankKnight|fluffy\n|c|\u2606ItsmeBlankKnight|is stronk\n|\n|t:|1699838363\n|move|p1a: Houndstone|Shadow Sneak|p2a: Meowscarada\n|-resisted|p2a: Meowscarada\n|-crit|p2a: Meowscarada\n|-damage|p2a: Meowscarada|4\/100\n|move|p2a: Meowscarada|Knock Off|p1a: Houndstone\n|-supereffective|p1a: Houndstone\n|-damage|p1a: Houndstone|0 fnt\n|faint|p1a: Houndstone\n|\n|upkeep\n|c|\u2606Leo Justice|yeah\n|\n|t:|1699838369\n|switch|p1a: Regidrago|Regidrago|100\/100\n|turn|15\n|c|\u2606Leo Justice|This got cooked\n|\n|t:|1699838379\n|move|p2a: Meowscarada|Knock Off|p1a: Regidrago\n|-damage|p1a: Regidrago|55\/100\n|-enditem|p1a: Regidrago|Choice Scarf|[from] move: Knock Off|[of] p2a: Meowscarada\n|move|p1a: Regidrago|Dragon Pulse|p2a: Meowscarada\n|-damage|p2a: Meowscarada|0 fnt\n|faint|p2a: Meowscarada\n|\n|win|ItsmeBlankKnight\n|l|\u2606Leo Justice\n","uploadtime":1699838402,"views":18,"p1id":"itsmeblankknight","p2id":"leojustice","formatid":"gen9ubers","rating":0,"private":0,"password":""}