{"id":"gen9ubers-1970071108","p1":"Coffe Capital","p2":"krabbyfattypatty","format":"[Gen 9] Ubers","log":"|j|\u2606Coffe Capital\n|j|\u203dkrabbyfattypatty\n|t:|1697591182\n|gametype|singles\n|player|p1|Coffe Capital|169|1040\n|player|p2|krabbyfattypatty|101|1052\n|teamsize|p1|6\n|teamsize|p2|6\n|gen|9\n|tier|[Gen 9] Ubers\n|rated|\n|rule|Sleep Clause Mod: Limit one foe put to sleep\n|rule|Species Clause: Limit one of each Pok\u00e9mon\n|rule|OHKO Clause: OHKO moves are banned\n|rule|Evasion Items Clause: Evasion items are banned\n|rule|Evasion Moves Clause: Evasion moves are banned\n|rule|Endless Battle Clause: Forcing endless battles is banned\n|rule|HP Percentage Mod: HP is shown in percentages\n|clearpoke\n|poke|p1|Arcanine-Hisui, M|\n|poke|p1|Fezandipiti, M|\n|poke|p1|Flutter Mane|\n|poke|p1|Great Tusk|\n|poke|p1|Groudon|\n|poke|p1|Toxapex, F|\n|poke|p2|Rayquaza|\n|poke|p2|Landorus, M|\n|poke|p2|Ogerpon-Hearthflame, F|\n|poke|p2|Giratina-Origin|\n|poke|p2|Kyogre|\n|poke|p2|Urshifu-*, F|\n|teampreview\n|\n|t:|1697591191\n|start\n|switch|p1a: EmoPhase|Toxapex, F|100\/100\n|switch|p2a: Landorus|Landorus, M|100\/100\n|turn|1\n|\n|t:|1697591196\n|move|p2a: Landorus|Sandsear Storm|p1a: EmoPhase|[miss]\n|-miss|p2a: Landorus|p1a: EmoPhase\n|move|p1a: EmoPhase|Toxic Spikes|p2a: Landorus\n|-sidestart|p2: krabbyfattypatty|move: Toxic Spikes\n|\n|upkeep\n|turn|2\n|\n|t:|1697591200\n|move|p2a: Landorus|Sandsear Storm|p1a: EmoPhase\n|-supereffective|p1a: EmoPhase\n|-damage|p1a: EmoPhase|0 fnt\n|faint|p1a: EmoPhase\n|\n|upkeep\n|\n|t:|1697591205\n|switch|p1a: MetaSlave|Fezandipiti, M|100\/100\n|turn|3\n|\n|t:|1697591211\n|move|p2a: Landorus|Sandsear Storm|p1a: MetaSlave\n|-supereffective|p1a: MetaSlave\n|-damage|p1a: MetaSlave|0 fnt\n|faint|p1a: MetaSlave\n|\n|upkeep\n|\n|t:|1697591216\n|switch|p1a: SoCreative|Groudon|100\/100\n|-weather|SunnyDay|[from] ability: Drought|[of] p1a: SoCreative\n|turn|4\n|\n|t:|1697591222\n|move|p2a: Landorus|Sandsear Storm|p1a: SoCreative\n|-damage|p1a: SoCreative|22\/100\n|move|p1a: SoCreative|Ancient Power|p2a: Landorus\n|-damage|p2a: Landorus|83\/100\n|\n|-weather|SunnyDay|[upkeep]\n|-heal|p1a: SoCreative|28\/100|[from] item: Leftovers\n|upkeep\n|turn|5\n|\n|t:|1697591228\n|move|p1a: SoCreative|Protect|p1a: SoCreative\n|-singleturn|p1a: SoCreative|Protect\n|move|p2a: Landorus|Sandsear Storm|p1a: SoCreative\n|-activate|p1a: SoCreative|move: Protect\n|\n|-weather|SunnyDay|[upkeep]\n|-heal|p1a: SoCreative|35\/100|[from] item: Leftovers\n|upkeep\n|turn|6\n|\n|t:|1697591235\n|move|p2a: Landorus|Sandsear Storm|p1a: SoCreative\n|-damage|p1a: SoCreative|0 fnt\n|faint|p1a: SoCreative\n|\n|-weather|SunnyDay|[upkeep]\n|upkeep\n|\n|t:|1697591240\n|switch|p1a: NotGengar|Flutter Mane|100\/100\n|-activate|p1a: NotGengar|ability: Protosynthesis\n|-start|p1a: NotGengar|protosynthesisspe\n|turn|7\n|\n|t:|1697591245\n|move|p1a: NotGengar|Moonblast|p2a: Landorus\n|-damage|p2a: Landorus|0 fnt\n|faint|p2a: Landorus\n|\n|-weather|SunnyDay|[upkeep]\n|upkeep\n|\n|t:|1697591253\n|switch|p2a: Kyogre|Kyogre|100\/100\n|-status|p2a: Kyogre|psn\n|-weather|RainDance|[from] ability: Drizzle|[of] p2a: Kyogre\n|-end|p1a: NotGengar|Protosynthesis\n|turn|8\n|\n|t:|1697591258\n|move|p2a: Kyogre|Water Spout|p1a: NotGengar\n|-damage|p1a: NotGengar|0 fnt\n|faint|p1a: NotGengar\n|-end|p1a: NotGengar|Protosynthesis|[silent]\n|\n|-weather|RainDance|[upkeep]\n|-damage|p2a: Kyogre|88\/100 psn|[from] psn\n|upkeep\n|\n|t:|1697591264\n|switch|p1a: WutDaDogDoin|Arcanine-Hisui, M, shiny|100\/100\n|turn|9\n|\n|t:|1697591267\n|move|p2a: Kyogre|Water Spout|p1a: WutDaDogDoin\n|-supereffective|p1a: WutDaDogDoin\n|-damage|p1a: WutDaDogDoin|0 fnt\n|faint|p1a: WutDaDogDoin\n|\n|-weather|RainDance|[upkeep]\n|-damage|p2a: Kyogre|76\/100 psn|[from] psn\n|upkeep\n|-message|Coffe Capital forfeited.\n|\n|win|krabbyfattypatty\n|raw|Coffe Capital's rating: 1040 &rarr; <strong>1025<\/strong><br \/>(-15 for losing)\n|raw|krabbyfattypatty's rating: 1052 &rarr; <strong>1083<\/strong><br \/>(+31 for winning)\n|l|\u2606Coffe Capital\n","uploadtime":1697591275,"views":8,"p1id":"coffecapital","p2id":"krabbyfattypatty","formatid":"gen9ubers","rating":1025,"private":0,"password":""}