{"id":"gen9ubers-1994340657","p1":"BlastOfiicialYT","p2":"YoungEsq","format":"[Gen 9] Ubers","log":"|j|\u2606BlastOfiicialYT\n|j|\u2606YoungEsq\n|t:|1700432927\n|gametype|singles\n|player|p1|BlastOfiicialYT|red|1128\n|player|p2|YoungEsq|169|1185\n|teamsize|p1|6\n|teamsize|p2|6\n|gen|9\n|tier|[Gen 9] Ubers\n|rated|\n|rule|Sleep Clause Mod: Limit one foe put to sleep\n|rule|Species Clause: Limit one of each Pok\u00e9mon\n|rule|OHKO Clause: OHKO moves are banned\n|rule|Evasion Items Clause: Evasion items are banned\n|rule|Evasion Moves Clause: Evasion moves are banned\n|rule|Endless Battle Clause: Forcing endless battles is banned\n|rule|HP Percentage Mod: HP is shown in percentages\n|clearpoke\n|poke|p1|Garchomp, F|\n|poke|p1|Roaring Moon|\n|poke|p1|Baxcalibur, F|\n|poke|p1|Dragonite, F|\n|poke|p1|Dragapult, M|\n|poke|p1|Ribombee, F|\n|poke|p2|Ting-Lu|\n|poke|p2|Gholdengo|\n|poke|p2|Roaring Moon|\n|poke|p2|Chi-Yu|\n|poke|p2|Samurott-Hisui, F|\n|poke|p2|Mandibuzz, F|\n|teampreview\n|inactive|Battle timer is ON: inactive players will automatically lose when time's up. (requested by YoungEsq)\n|\n|t:|1700432936\n|start\n|switch|p1a: Ribombee|Ribombee, F, shiny|100\/100\n|switch|p2a: Ting-Lu|Ting-Lu|100\/100\n|-ability|p2a: Ting-Lu|Vessel of Ruin\n|turn|1\n|\n|t:|1700432944\n|move|p1a: Ribombee|Sticky Web|p2a: Ting-Lu\n|-sidestart|p2: YoungEsq|move: Sticky Web\n|move|p2a: Ting-Lu|Stealth Rock|p1a: Ribombee\n|-sidestart|p1: BlastOfiicialYT|move: Stealth Rock\n|\n|upkeep\n|turn|2\n|\n|t:|1700432953\n|move|p1a: Ribombee|Reflect|p1a: Ribombee\n|-sidestart|p1: BlastOfiicialYT|Reflect\n|move|p2a: Ting-Lu|Whirlwind|p1a: Ribombee\n|drag|p1a: Roaring Moon|Roaring Moon|100\/100\n|-damage|p1a: Roaring Moon|88\/100|[from] Stealth Rock\n|-enditem|p1a: Roaring Moon|Booster Energy\n|-activate|p1a: Roaring Moon|ability: Protosynthesis|[fromitem]\n|-start|p1a: Roaring Moon|protosynthesisatk\n|\n|upkeep\n|turn|3\n|\n|t:|1700432967\n|move|p1a: Roaring Moon|Dragon Dance|p1a: Roaring Moon\n|-boost|p1a: Roaring Moon|atk|1\n|-boost|p1a: Roaring Moon|spe|1\n|move|p2a: Ting-Lu|Whirlwind|p1a: Roaring Moon\n|-end|p1a: Roaring Moon|Protosynthesis|[silent]\n|drag|p1a: Dragonite|Dragonite, F|100\/100\n|-damage|p1a: Dragonite|76\/100|[from] Stealth Rock\n|\n|upkeep\n|turn|4\n|\n|t:|1700432982\n|move|p1a: Dragonite|Extreme Speed|p2a: Ting-Lu\n|-damage|p2a: Ting-Lu|83\/100\n|move|p2a: Ting-Lu|Ruination|p1a: Dragonite\n|-damage|p1a: Dragonite|38\/100\n|\n|-heal|p2a: Ting-Lu|90\/100|[from] item: Leftovers\n|upkeep\n|turn|5\n|\n|t:|1700432995\n|move|p1a: Dragonite|Dragon Claw|p2a: Ting-Lu\n|-damage|p2a: Ting-Lu|64\/100\n|move|p2a: Ting-Lu|Ruination|p1a: Dragonite\n|-damage|p1a: Dragonite|19\/100\n|\n|-heal|p2a: Ting-Lu|70\/100|[from] item: Leftovers\n|upkeep\n|turn|6\n|\n|t:|1700433005\n|move|p1a: Dragonite|Iron Head|p2a: Ting-Lu\n|-damage|p2a: Ting-Lu|52\/100\n|move|p2a: Ting-Lu|Whirlwind|p1a: Dragonite\n|drag|p1a: Roaring Moon|Roaring Moon|88\/100\n|-damage|p1a: Roaring Moon|76\/100|[from] Stealth Rock\n|\n|-heal|p2a: Ting-Lu|59\/100|[from] item: Leftovers\n|-sideend|p1: BlastOfiicialYT|Reflect\n|upkeep\n|turn|7\n|\n|t:|1700433016\n|move|p1a: Roaring Moon|Earthquake|p2a: Ting-Lu\n|-crit|p2a: Ting-Lu\n|-damage|p2a: Ting-Lu|25\/100\n|move|p2a: Ting-Lu|Earthquake|p1a: Roaring Moon\n|-damage|p1a: Roaring Moon|32\/100\n|\n|-heal|p2a: Ting-Lu|32\/100|[from] item: Leftovers\n|upkeep\n|turn|8\n|\n|t:|1700433029\n|switch|p2a: Mandibuzz|Mandibuzz, F|100\/100\n|-terastallize|p1a: Roaring Moon|Ground\n|move|p1a: Roaring Moon|Earthquake|p2a: Mandibuzz\n|-immune|p2a: Mandibuzz\n|\n|upkeep\n|turn|9\n|\n|t:|1700433039\n|move|p1a: Roaring Moon|Dragon Claw|p2a: Mandibuzz\n|-damage|p2a: Mandibuzz|64\/100\n|move|p2a: Mandibuzz|Defog|p1a: Roaring Moon\n|-unboost|p1a: Roaring Moon|evasion|1\n|-sideend|p1: BlastOfiicialYT|Stealth Rock|[from] move: Defog|[of] p2a: Mandibuzz\n|-sideend|p2: YoungEsq|Sticky Web|[from] move: Defog|[of] p2a: Mandibuzz\n|\n|upkeep\n|turn|10\n|\n|t:|1700433050\n|move|p1a: Roaring Moon|Dragon Claw|p2a: Mandibuzz\n|-crit|p2a: Mandibuzz\n|-damage|p2a: Mandibuzz|11\/100\n|move|p2a: Mandibuzz|Roost|p2a: Mandibuzz\n|-heal|p2a: Mandibuzz|61\/100\n|-singleturn|p2a: Mandibuzz|move: Roost\n|\n|upkeep\n|turn|11\n|\n|t:|1700433059\n|move|p1a: Roaring Moon|Dragon Claw|p2a: Mandibuzz\n|-damage|p2a: Mandibuzz|27\/100\n|move|p2a: Mandibuzz|Roost|p2a: Mandibuzz\n|-heal|p2a: Mandibuzz|77\/100\n|-singleturn|p2a: Mandibuzz|move: Roost\n|\n|upkeep\n|turn|12\n|\n|t:|1700433069\n|switch|p2a: Samurott|Samurott-Hisui, F|100\/100\n|move|p1a: Roaring Moon|Dragon Dance|p1a: Roaring Moon\n|-boost|p1a: Roaring Moon|atk|1\n|-boost|p1a: Roaring Moon|spe|1\n|\n|upkeep\n|turn|13\n|\n|t:|1700433083\n|move|p2a: Samurott|Aqua Jet|p1a: Roaring Moon\n|-supereffective|p1a: Roaring Moon\n|-damage|p1a: Roaring Moon|0 fnt\n|faint|p1a: Roaring Moon\n|-end|p1a: Roaring Moon|Protosynthesis|[silent]\n|\n|upkeep\n|\n|t:|1700433090\n|switch|p1a: Dragonite|Dragonite, F|19\/100\n|turn|14\n|\n|t:|1700433100\n|move|p1a: Dragonite|Extreme Speed|p2a: Samurott\n|-damage|p2a: Samurott|66\/100\n|move|p2a: Samurott|Aqua Jet|p1a: Dragonite\n|-resisted|p1a: Dragonite\n|-damage|p1a: Dragonite|9\/100\n|\n|upkeep\n|turn|15\n|\n|t:|1700433124\n|move|p1a: Dragonite|Dragon Claw|p2a: Samurott\n|-damage|p2a: Samurott|12\/100\n|move|p2a: Samurott|Ceaseless Edge|p1a: Dragonite\n|-damage|p1a: Dragonite|0 fnt\n|-sidestart|p1: BlastOfiicialYT|Spikes\n|faint|p1a: Dragonite\n|\n|upkeep\n|\n|t:|1700433136\n|switch|p1a: Baxcalibur|Baxcalibur, F|100\/100\n|-damage|p1a: Baxcalibur|88\/100|[from] Spikes\n|turn|16\n|\n|t:|1700433146\n|move|p1a: Baxcalibur|Ice Shard|p2a: Samurott\n|-resisted|p2a: Samurott\n|-damage|p2a: Samurott|0 fnt\n|faint|p2a: Samurott\n|-damage|p1a: Baxcalibur|78\/100|[from] item: Life Orb\n|\n|upkeep\n|\n|t:|1700433154\n|switch|p2a: Gholdengo|Gholdengo|100\/100\n|-item|p2a: Gholdengo|Air Balloon\n|turn|17\n|\n|t:|1700433164\n|move|p2a: Gholdengo|Nasty Plot|p2a: Gholdengo\n|-boost|p2a: Gholdengo|spa|2\n|move|p1a: Baxcalibur|Glaive Rush|p2a: Gholdengo\n|-resisted|p2a: Gholdengo\n|-damage|p2a: Gholdengo|45\/100\n|-singlemove|p1a: Baxcalibur|Glaive Rush|[silent]\n|-enditem|p2a: Gholdengo|Air Balloon\n|-damage|p1a: Baxcalibur|68\/100|[from] item: Life Orb\n|\n|upkeep\n|turn|18\n|\n|t:|1700433174\n|move|p1a: Baxcalibur|Ice Shard|p2a: Gholdengo\n|-resisted|p2a: Gholdengo\n|-damage|p2a: Gholdengo|26\/100\n|-damage|p1a: Baxcalibur|58\/100|[from] item: Life Orb\n|move|p2a: Gholdengo|Make It Rain|p1a: Baxcalibur\n|-supereffective|p1a: Baxcalibur\n|-damage|p1a: Baxcalibur|0 fnt\n|-unboost|p2a: Gholdengo|spa|1\n|faint|p1a: Baxcalibur\n|\n|upkeep\n|\n|t:|1700433186\n|switch|p1a: Ribombee|Ribombee, F, shiny|100\/100\n|-damage|p1a: Ribombee|88\/100|[from] Spikes\n|turn|19\n|\n|t:|1700433195\n|move|p1a: Ribombee|Dazzling Gleam|p2a: Gholdengo\n|-resisted|p2a: Gholdengo\n|-damage|p2a: Gholdengo|11\/100\n|move|p2a: Gholdengo|Make It Rain|p1a: Ribombee\n|-supereffective|p1a: Ribombee\n|-damage|p1a: Ribombee|0 fnt\n|-unboost|p2a: Gholdengo|spa|1\n|faint|p1a: Ribombee\n|\n|upkeep\n|\n|t:|1700433206\n|switch|p1a: Dragapult|Dragapult, M|100\/100\n|-damage|p1a: Dragapult|88\/100|[from] Spikes\n|turn|20\n|\n|t:|1700433215\n|move|p1a: Dragapult|Dragon Darts|p2a: Gholdengo\n|-resisted|p2a: Gholdengo\n|-damage|p2a: Gholdengo|0 fnt\n|faint|p2a: Gholdengo\n|-damage|p1a: Dragapult|78\/100|[from] item: Life Orb\n|\n|upkeep\n|\n|t:|1700433228\n|switch|p2a: Chi-Yu|Chi-Yu|100\/100\n|-ability|p2a: Chi-Yu|Beads of Ruin\n|turn|21\n|\n|t:|1700433235\n|move|p2a: Chi-Yu|Dark Pulse|p1a: Dragapult\n|-supereffective|p1a: Dragapult\n|-damage|p1a: Dragapult|0 fnt\n|faint|p1a: Dragapult\n|\n|upkeep\n|\n|t:|1700433242\n|switch|p1a: Garchomp|Garchomp, F, shiny|100\/100\n|-damage|p1a: Garchomp|88\/100|[from] Spikes\n|turn|22\n|\n|t:|1700433249\n|switch|p2a: Mandibuzz|Mandibuzz, F|77\/100\n|move|p1a: Garchomp|Earthquake|p2a: Mandibuzz\n|-immune|p2a: Mandibuzz\n|\n|upkeep\n|turn|23\n|\n|t:|1700433260\n|move|p1a: Garchomp|Dragon Claw|p2a: Mandibuzz\n|-damage|p2a: Mandibuzz|34\/100\n|-damage|p1a: Garchomp|78\/100|[from] item: Life Orb\n|move|p2a: Mandibuzz|Toxic|p1a: Garchomp\n|-status|p1a: Garchomp|tox\n|\n|-damage|p1a: Garchomp|72\/100 tox|[from] psn\n|upkeep\n|turn|24\n|\n|t:|1700433272\n|move|p1a: Garchomp|Dragon Claw|p2a: Mandibuzz\n|-damage|p2a: Mandibuzz|0 fnt\n|faint|p2a: Mandibuzz\n|-damage|p1a: Garchomp|62\/100 tox|[from] item: Life Orb\n|\n|-damage|p1a: Garchomp|50\/100 tox|[from] psn\n|upkeep\n|\n|t:|1700433277\n|switch|p2a: Chi-Yu|Chi-Yu|100\/100\n|-ability|p2a: Chi-Yu|Beads of Ruin\n|turn|25\n|\n|t:|1700433293\n|move|p2a: Chi-Yu|Dark Pulse|p1a: Garchomp\n|-damage|p1a: Garchomp|0 fnt\n|faint|p1a: Garchomp\n|\n|win|YoungEsq\n|raw|BlastOfiicialYT's rating: 1128 &rarr; <strong>1107<\/strong><br \/>(-21 for losing)\n|raw|YoungEsq's rating: 1185 &rarr; <strong>1206<\/strong><br \/>(+21 for winning)\n","uploadtime":1700433300,"views":4,"p1id":"blastofiicialyt","p2id":"youngesq","formatid":"gen9ubers","rating":1107,"private":0,"password":""}