{"id":"gen9ubers-1981501919","p1":"It's Draco 101","p2":"Suareazy88","format":"[Gen 9] Ubers","log":"|j|\u2606It's Draco 101\n|j|\u2606Suareazy88\n|t:|1698907794\n|gametype|singles\n|player|p1|It's Draco 101|2|\n|player|p2|Suareazy88|265|\n|teamsize|p1|6\n|teamsize|p2|6\n|gen|9\n|tier|[Gen 9] Ubers\n|rule|Sleep Clause Mod: Limit one foe put to sleep\n|rule|Species Clause: Limit one of each Pok\u00e9mon\n|rule|OHKO Clause: OHKO moves are banned\n|rule|Evasion Items Clause: Evasion items are banned\n|rule|Evasion Moves Clause: Evasion moves are banned\n|rule|Endless Battle Clause: Forcing endless battles is banned\n|rule|HP Percentage Mod: HP is shown in percentages\n|clearpoke\n|poke|p1|Dragapult, M|\n|poke|p1|Arcanine-Hisui, M|\n|poke|p1|Ursaluna-Bloodmoon, M|\n|poke|p1|Samurott-Hisui, M|\n|poke|p1|Enamorus, F|\n|poke|p1|Slowking-Galar, F|\n|poke|p2|Snorlax, M|\n|poke|p2|Iron Valiant|\n|poke|p2|Dragonite, M|\n|poke|p2|Baxcalibur, F|\n|poke|p2|Milotic, F|\n|poke|p2|Greninja-*, F|\n|teampreview\n|inactive|Battle timer is ON: inactive players will automatically lose when time's up. (requested by Suareazy88)\n|\n|t:|1698907827\n|start\n|switch|p1a: Arcanine|Arcanine-Hisui, M|100\/100\n|switch|p2a: Iron Valiant|Iron Valiant|100\/100\n|-enditem|p2a: Iron Valiant|Booster Energy\n|-activate|p2a: Iron Valiant|ability: Quark Drive|[fromitem]\n|-start|p2a: Iron Valiant|quarkdrivespa\n|turn|1\n|\n|t:|1698907850\n|-end|p2a: Iron Valiant|Quark Drive|[silent]\n|switch|p2a: Milotic|Milotic, F, shiny|100\/100\n|switch|p1a: Slowking|Slowking-Galar, F|100\/100\n|\n|upkeep\n|turn|2\n|\n|t:|1698907861\n|move|p2a: Milotic|Scald|p1a: Slowking\n|-crit|p1a: Slowking\n|-damage|p1a: Slowking|70\/100\n|move|p1a: Slowking|Toxic|p2a: Milotic\n|-status|p2a: Milotic|tox\n|\n|-heal|p1a: Slowking|76\/100|[from] item: Black Sludge\n|-damage|p2a: Milotic|94\/100 tox|[from] psn\n|upkeep\n|turn|3\n|\n|t:|1698907877\n|move|p2a: Milotic|Scald|p1a: Slowking\n|-damage|p1a: Slowking|54\/100\n|move|p1a: Slowking|Future Sight|p2a: Milotic\n|-start|p1a: Slowking|move: Future Sight\n|\n|-heal|p2a: Milotic|100\/100 tox|[from] item: Leftovers\n|-heal|p1a: Slowking|61\/100|[from] item: Black Sludge\n|-damage|p2a: Milotic|88\/100 tox|[from] psn\n|upkeep\n|turn|4\n|\n|t:|1698907887\n|move|p2a: Milotic|Ice Beam|p1a: Slowking\n|-damage|p1a: Slowking|46\/100\n|move|p1a: Slowking|Chilly Reception|p1a: Slowking\n|-weather|Snow\n|\n|t:|1698907897\n|switch|p1a: Samurott|Samurott-Hisui, M|100\/100|[from] Chilly Reception\n|\n|-weather|Snow|[upkeep]\n|-heal|p2a: Milotic|94\/100 tox|[from] item: Leftovers\n|-damage|p2a: Milotic|76\/100 tox|[from] psn\n|upkeep\n|turn|5\n|\n|t:|1698907907\n|switch|p1a: Slowking|Slowking-Galar, F|79\/100\n|switch|p2a: Iron Valiant|Iron Valiant|100\/100\n|\n|-weather|Snow|[upkeep]\n|-end|p2a: Iron Valiant|move: Future Sight\n|-supereffective|p2a: Iron Valiant\n|-damage|p2a: Iron Valiant|0 fnt\n|faint|p2a: Iron Valiant\n|-end|p2a: Iron Valiant|Quark Drive|[silent]\n|-heal|p1a: Slowking|85\/100|[from] item: Black Sludge\n|upkeep\n|inactive|Suareazy88 has 270 seconds left.\n|\n|t:|1698907930\n|switch|p2a: Dragonite|Dragonite, M, shiny|100\/100\n|turn|6\n|\n|t:|1698907939\n|move|p2a: Dragonite|Thunder Wave|p1a: Slowking\n|-status|p1a: Slowking|par\n|move|p1a: Slowking|Toxic|p2a: Dragonite\n|-status|p2a: Dragonite|tox\n|\n|-weather|Snow|[upkeep]\n|-heal|p1a: Slowking|92\/100 par|[from] item: Black Sludge\n|-damage|p2a: Dragonite|94\/100 tox|[from] psn\n|upkeep\n|turn|7\n|\n|t:|1698907951\n|move|p2a: Dragonite|Fire Spin|p1a: Slowking\n|-damage|p1a: Slowking|85\/100 par\n|-activate|p1a: Slowking|move: Fire Spin|[of] p2a: Dragonite\n|move|p1a: Slowking|Chilly Reception|p1a: Slowking\n|\n|t:|1698907959\n|switch|p1a: Enamorus|Enamorus, F|100\/100|[from] Chilly Reception\n|\n|-weather|Snow|[upkeep]\n|-damage|p2a: Dragonite|82\/100 tox|[from] psn\n|upkeep\n|turn|8\n|\n|t:|1698907964\n|move|p1a: Enamorus|Moonblast|p2a: Dragonite\n|-supereffective|p2a: Dragonite\n|-crit|p2a: Dragonite\n|-damage|p2a: Dragonite|0 fnt\n|faint|p2a: Dragonite\n|\n|-weather|none\n|upkeep\n|\n|t:|1698907968\n|switch|p2a: Baxcalibur|Baxcalibur, F|100\/100\n|turn|9\n|\n|t:|1698907980\n|move|p1a: Enamorus|Moonblast|p2a: Baxcalibur\n|-supereffective|p2a: Baxcalibur\n|-damage|p2a: Baxcalibur|0 fnt\n|faint|p2a: Baxcalibur\n|\n|upkeep\n|\n|t:|1698907983\n|switch|p2a: Snorlax|Snorlax, M|100\/100\n|turn|10\n|\n|t:|1698907988\n|switch|p1a: Samurott|Samurott-Hisui, M|100\/100\n|move|p2a: Snorlax|Curse|p2a: Snorlax\n|-unboost|p2a: Snorlax|spe|1\n|-boost|p2a: Snorlax|atk|1\n|-boost|p2a: Snorlax|def|1\n|\n|upkeep\n|turn|11\n|\n|t:|1698907992\n|move|p1a: Samurott|Encore|p2a: Snorlax\n|-start|p2a: Snorlax|Encore\n|move|p2a: Snorlax|Curse|p2a: Snorlax\n|-unboost|p2a: Snorlax|spe|1\n|-boost|p2a: Snorlax|atk|1\n|-boost|p2a: Snorlax|def|1\n|\n|upkeep\n|turn|12\n|\n|t:|1698907996\n|move|p1a: Samurott|Ceaseless Edge|p2a: Snorlax\n|-damage|p2a: Snorlax|87\/100\n|-sidestart|p2: Suareazy88|Spikes\n|move|p2a: Snorlax|Curse|p2a: Snorlax\n|-unboost|p2a: Snorlax|spe|1\n|-boost|p2a: Snorlax|atk|1\n|-boost|p2a: Snorlax|def|1\n|\n|upkeep\n|turn|13\n|\n|t:|1698908000\n|move|p1a: Samurott|Ceaseless Edge|p2a: Snorlax\n|-damage|p2a: Snorlax|76\/100\n|-sidestart|p2: Suareazy88|Spikes\n|move|p2a: Snorlax|Curse|p2a: Snorlax\n|-unboost|p2a: Snorlax|spe|1\n|-boost|p2a: Snorlax|atk|1\n|-boost|p2a: Snorlax|def|1\n|\n|-end|p2a: Snorlax|Encore\n|upkeep\n|turn|14\n|\n|t:|1698908003\n|move|p1a: Samurott|Encore|p2a: Snorlax\n|-start|p2a: Snorlax|Encore\n|move|p2a: Snorlax|Curse|p2a: Snorlax\n|-unboost|p2a: Snorlax|spe|1\n|-boost|p2a: Snorlax|atk|1\n|-boost|p2a: Snorlax|def|1\n|\n|upkeep\n|turn|15\n|\n|t:|1698908005\n|move|p1a: Samurott|Ceaseless Edge|p2a: Snorlax\n|-damage|p2a: Snorlax|69\/100\n|-sidestart|p2: Suareazy88|Spikes\n|move|p2a: Snorlax|Curse|p2a: Snorlax\n|-unboost|p2a: Snorlax|spe|1\n|-boost|p2a: Snorlax|atk|1\n|-boost|p2a: Snorlax|def|1\n|\n|upkeep\n|turn|16\n|\n|t:|1698908009\n|move|p1a: Samurott|Ceaseless Edge|p2a: Snorlax\n|-damage|p2a: Snorlax|61\/100\n|move|p2a: Snorlax|Curse|p2a: Snorlax\n|\n|-end|p2a: Snorlax|Encore\n|upkeep\n|turn|17\n|\n|t:|1698908015\n|move|p1a: Samurott|Encore|p2a: Snorlax\n|-start|p2a: Snorlax|Encore\n|move|p2a: Snorlax|Curse|p2a: Snorlax\n|\n|upkeep\n|turn|18\n|\n|t:|1698908018\n|move|p1a: Samurott|Sacred Sword|p2a: Snorlax\n|-supereffective|p2a: Snorlax\n|-damage|p2a: Snorlax|12\/100\n|-enditem|p2a: Snorlax|Figy Berry|[eat]\n|-heal|p2a: Snorlax|45\/100|[from] item: Figy Berry\n|move|p2a: Snorlax|Curse|p2a: Snorlax\n|\n|upkeep\n|turn|19\n|\n|t:|1698908027\n|move|p1a: Samurott|Sacred Sword|p2a: Snorlax\n|-supereffective|p2a: Snorlax\n|-damage|p2a: Snorlax|0 fnt\n|faint|p2a: Snorlax\n|\n|upkeep\n|\n|t:|1698908030\n|switch|p2a: Greninja|Greninja, F, shiny|100\/100\n|-damage|p2a: Greninja|76\/100|[from] Spikes\n|turn|20\n|\n|t:|1698908053\n|-terastallize|p2a: Greninja|Ground\n|move|p2a: Greninja|Tera Blast|p1a: Samurott|[anim] Tera Blast Ground\n|-damage|p1a: Samurott|48\/100\n|move|p1a: Samurott|Sacred Sword|p2a: Greninja\n|-damage|p2a: Greninja|12\/100\n|\n|upkeep\n|turn|21\n|\n|t:|1698908069\n|switch|p1a: Enamorus|Enamorus, F|100\/100\n|move|p2a: Greninja|Tera Blast|p1a: Enamorus|[anim] Tera Blast Ground\n|-immune|p1a: Enamorus\n|\n|upkeep\n|turn|22\n|\n|t:|1698908082\n|move|p1a: Enamorus|Superpower|p2a: Greninja\n|-damage|p2a: Greninja|0 fnt\n|-boost|p1a: Enamorus|atk|1\n|-boost|p1a: Enamorus|def|1\n|faint|p2a: Greninja\n|\n|upkeep\n|\n|t:|1698908084\n|switch|p2a: Milotic|Milotic, F, shiny|76\/100 tox\n|-damage|p2a: Milotic|51\/100 tox|[from] Spikes\n|turn|23\n|\n|t:|1698908095\n|switch|p1a: Slowking|Slowking-Galar, F|100\/100 par\n|move|p2a: Milotic|Scald|p1a: Slowking\n|-damage|p1a: Slowking|78\/100 par\n|\n|-heal|p2a: Milotic|57\/100 tox|[from] item: Leftovers\n|-heal|p1a: Slowking|84\/100 par|[from] item: Black Sludge\n|-damage|p2a: Milotic|51\/100 tox|[from] psn\n|upkeep\n|turn|24\n|\n|t:|1698908102\n|move|p2a: Milotic|Attract|p1a: Slowking\n|-immune|p1a: Slowking\n|move|p1a: Slowking|Sludge Bomb|p2a: Milotic\n|-damage|p2a: Milotic|28\/100 tox\n|\n|-heal|p2a: Milotic|34\/100 tox|[from] item: Leftovers\n|-heal|p1a: Slowking|90\/100 par|[from] item: Black Sludge\n|-damage|p2a: Milotic|22\/100 tox|[from] psn\n|upkeep\n|turn|25\n|\n|t:|1698908108\n|move|p2a: Milotic|Recover|p2a: Milotic\n|-heal|p2a: Milotic|72\/100 tox\n|move|p1a: Slowking|Sludge Bomb|p2a: Milotic\n|-damage|p2a: Milotic|48\/100 tox\n|\n|-heal|p2a: Milotic|54\/100 tox|[from] item: Leftovers\n|-heal|p1a: Slowking|96\/100 par|[from] item: Black Sludge\n|-damage|p2a: Milotic|36\/100 tox|[from] psn\n|upkeep\n|turn|26\n|\n|t:|1698908113\n|move|p2a: Milotic|Recover|p2a: Milotic\n|-heal|p2a: Milotic|86\/100 tox\n|cant|p1a: Slowking|par\n|\n|-heal|p2a: Milotic|92\/100 tox|[from] item: Leftovers\n|-heal|p1a: Slowking|100\/100 par|[from] item: Black Sludge\n|-damage|p2a: Milotic|67\/100 tox|[from] psn\n|upkeep\n|turn|27\n|\n|t:|1698908117\n|move|p2a: Milotic|Scald|p1a: Slowking\n|-damage|p1a: Slowking|81\/100 par\n|cant|p1a: Slowking|par\n|\n|-heal|p2a: Milotic|73\/100 tox|[from] item: Leftovers\n|-heal|p1a: Slowking|87\/100 par|[from] item: Black Sludge\n|-damage|p2a: Milotic|43\/100 tox|[from] psn\n|upkeep\n|turn|28\n|\n|t:|1698908121\n|move|p2a: Milotic|Recover|p2a: Milotic\n|-heal|p2a: Milotic|93\/100 tox\n|move|p1a: Slowking|Chilly Reception|p1a: Slowking\n|-weather|Snow\n|\n|t:|1698908127\n|switch|p1a: Dragapult|Dragapult, M|100\/100|[from] Chilly Reception\n|\n|-weather|Snow|[upkeep]\n|-heal|p2a: Milotic|99\/100 tox|[from] item: Leftovers\n|-damage|p2a: Milotic|62\/100 tox|[from] psn\n|upkeep\n|turn|29\n|\n|t:|1698908137\n|move|p1a: Dragapult|Substitute|p1a: Dragapult\n|-start|p1a: Dragapult|Substitute\n|-damage|p1a: Dragapult|76\/100\n|move|p2a: Milotic|Ice Beam|p1a: Dragapult\n|-supereffective|p1a: Dragapult\n|-end|p1a: Dragapult|Substitute\n|\n|-weather|Snow|[upkeep]\n|-heal|p1a: Dragapult|82\/100|[from] item: Leftovers\n|-heal|p2a: Milotic|69\/100 tox|[from] item: Leftovers\n|-damage|p2a: Milotic|26\/100 tox|[from] psn\n|upkeep\n|turn|30\n|\n|t:|1698908146\n|move|p1a: Dragapult|Substitute|p1a: Dragapult\n|-start|p1a: Dragapult|Substitute\n|-damage|p1a: Dragapult|57\/100\n|move|p2a: Milotic|Ice Beam|p1a: Dragapult\n|-supereffective|p1a: Dragapult\n|-end|p1a: Dragapult|Substitute\n|\n|-weather|Snow|[upkeep]\n|-heal|p1a: Dragapult|63\/100|[from] item: Leftovers\n|-heal|p2a: Milotic|32\/100 tox|[from] item: Leftovers\n|-damage|p2a: Milotic|0 fnt|[from] psn\n|faint|p2a: Milotic\n|\n|win|It's Draco 101\n|upkeep\n","uploadtime":1698908157,"views":22,"p1id":"itsdraco101","p2id":"suareazy88","formatid":"gen9ubers","rating":0,"private":0,"password":""}