{"id":"gen9ubers-1999617296","p1":"SadaShidz\ufe0f","p2":"DarkMullet666","format":"[Gen 9] Ubers","log":"|j|\u2606SadaShidz\ufe0f\n|j|\u2606DarkMullet666\n|t:|1701101607\n|gametype|singles\n|player|p1|SadaShidz\ufe0f|sada-ai|1330\n|player|p2|DarkMullet666|169|1499\n|teamsize|p1|6\n|teamsize|p2|6\n|gen|9\n|tier|[Gen 9] Ubers\n|rated|\n|rule|Sleep Clause Mod: Limit one foe put to sleep\n|rule|Species Clause: Limit one of each Pok\u00e9mon\n|rule|OHKO Clause: OHKO moves are banned\n|rule|Evasion Items Clause: Evasion items are banned\n|rule|Evasion Moves Clause: Evasion moves are banned\n|rule|Endless Battle Clause: Forcing endless battles is banned\n|rule|HP Percentage Mod: HP is shown in percentages\n|clearpoke\n|poke|p1|Baxcalibur, M|\n|poke|p1|Ninetales-Alola, F|\n|poke|p1|Iron Valiant|\n|poke|p1|Flutter Mane|\n|poke|p1|Ribombee, M|\n|poke|p1|Arceus-Ghost|\n|poke|p2|Groudon|\n|poke|p2|Eternatus|\n|poke|p2|Zacian-*|\n|poke|p2|Zamazenta-*|\n|poke|p2|Clodsire, M|\n|poke|p2|Giratina|\n|teampreview\n|\n|t:|1701101615\n|start\n|switch|p1a: Gucci|Flutter Mane, shiny|100\/100\n|switch|p2a: Clodsire|Clodsire, M|100\/100\n|-enditem|p1a: Gucci|Booster Energy\n|-activate|p1a: Gucci|ability: Protosynthesis|[fromitem]\n|-start|p1a: Gucci|protosynthesisspe\n|turn|1\n|\n|t:|1701101633\n|-end|p1a: Gucci|Protosynthesis|[silent]\n|switch|p1a: Shinobu|Ribombee, M, shiny|100\/100\n|move|p2a: Clodsire|Toxic|p1a: Shinobu\n|-status|p1a: Shinobu|tox\n|\n|-damage|p1a: Shinobu|94\/100 tox|[from] psn\n|upkeep\n|turn|2\n|\n|t:|1701101637\n|move|p1a: Shinobu|Stun Spore|p2a: Clodsire\n|-status|p2a: Clodsire|par\n|cant|p2a: Clodsire|par\n|\n|-damage|p1a: Shinobu|82\/100 tox|[from] psn\n|upkeep\n|turn|3\n|\n|t:|1701101639\n|move|p1a: Shinobu|Sticky Web|p2a: Clodsire\n|-sidestart|p2: DarkMullet666|move: Sticky Web\n|move|p2a: Clodsire|Toxic Spikes|p1a: Shinobu\n|-sidestart|p1: SadaShidz\ufe0f|move: Toxic Spikes\n|\n|-damage|p1a: Shinobu|63\/100 tox|[from] psn\n|upkeep\n|turn|4\n|inactive|Battle timer is ON: inactive players will automatically lose when time's up. (requested by SadaShidz\ufe0f)\n|\n|t:|1701101643\n|move|p1a: Shinobu|U-turn|p2a: Clodsire\n|-resisted|p2a: Clodsire\n|-damage|p2a: Clodsire|96\/100 par\n|-damage|p1a: Shinobu|47\/100 tox|[from] item: Rocky Helmet|[of] p2a: Clodsire\n|\n|t:|1701101645\n|switch|p1a: Jumbotron|Baxcalibur, M, shiny|100\/100|[from] U-turn\n|-status|p1a: Jumbotron|psn\n|move|p2a: Clodsire|Stealth Rock|p1a: Jumbotron\n|-sidestart|p1: SadaShidz\ufe0f|move: Stealth Rock\n|\n|-damage|p1a: Jumbotron|88\/100 psn|[from] psn\n|upkeep\n|turn|5\n|\n|t:|1701101658\n|switch|p2a: Zacian|Zacian-Crowned|100\/100\n|-activate|p2a: Zacian|move: Sticky Web\n|-unboost|p2a: Zacian|spe|1\n|-ability|p2a: Zacian|Intrepid Sword|boost\n|-boost|p2a: Zacian|atk|1\n|move|p1a: Jumbotron|Dragon Dance|p1a: Jumbotron\n|-boost|p1a: Jumbotron|atk|1\n|-boost|p1a: Jumbotron|spe|1\n|\n|-damage|p1a: Jumbotron|76\/100 psn|[from] psn\n|upkeep\n|turn|6\n|\n|t:|1701101662\n|-terastallize|p1a: Jumbotron|Fairy\n|move|p1a: Jumbotron|Dragon Dance|p1a: Jumbotron\n|-boost|p1a: Jumbotron|atk|1\n|-boost|p1a: Jumbotron|spe|1\n|move|p2a: Zacian|Trailblaze|p1a: Jumbotron\n|-damage|p1a: Jumbotron|50\/100 psn\n|-boost|p2a: Zacian|spe|1\n|\n|-damage|p1a: Jumbotron|38\/100 psn|[from] psn\n|upkeep\n|turn|7\n|\n|t:|1701101673\n|move|p1a: Jumbotron|Earthquake|p2a: Zacian\n|-supereffective|p2a: Zacian\n|-damage|p2a: Zacian|0 fnt\n|faint|p2a: Zacian\n|\n|-damage|p1a: Jumbotron|25\/100 psn|[from] psn\n|upkeep\n|\n|t:|1701101696\n|switch|p2a: Clodsire|Clodsire, M|96\/100 par\n|-activate|p2a: Clodsire|move: Sticky Web\n|-unboost|p2a: Clodsire|spe|1\n|turn|8\n|\n|t:|1701101698\n|move|p1a: Jumbotron|Icicle Spear|p2a: Clodsire\n|-supereffective|p2a: Clodsire\n|-damage|p2a: Clodsire|75\/100 par\n|-supereffective|p2a: Clodsire\n|-damage|p2a: Clodsire|55\/100 par\n|-supereffective|p2a: Clodsire\n|-damage|p2a: Clodsire|34\/100 par\n|-supereffective|p2a: Clodsire\n|-damage|p2a: Clodsire|13\/100 par\n|-supereffective|p2a: Clodsire\n|-damage|p2a: Clodsire|0 fnt\n|faint|p2a: Clodsire\n|-hitcount|p2: Clodsire|5\n|\n|-damage|p1a: Jumbotron|13\/100 psn|[from] psn\n|upkeep\n|j| Weirdmenace\n|inactive|DarkMullet666 has 120 seconds left.\n|c|\u2606DarkMullet666|no way\n|c|\u2606SadaShidz\ufe0f|Ikr\n|l| Weirdmenace\n|c|\u2606SadaShidz\ufe0f|crazy turn of events\n|\n|t:|1701101736\n|switch|p2a: Zamazenta|Zamazenta-Crowned|100\/100\n|-activate|p2a: Zamazenta|move: Sticky Web\n|-unboost|p2a: Zamazenta|spe|1\n|-ability|p2a: Zamazenta|Dauntless Shield|boost\n|-boost|p2a: Zamazenta|def|1\n|turn|9\n|\n|t:|1701101744\n|move|p1a: Jumbotron|Scale Shot|p2a: Zamazenta\n|-resisted|p2a: Zamazenta\n|-damage|p2a: Zamazenta|95\/100\n|-resisted|p2a: Zamazenta\n|-damage|p2a: Zamazenta|89\/100\n|-resisted|p2a: Zamazenta\n|-damage|p2a: Zamazenta|84\/100\n|-resisted|p2a: Zamazenta\n|-damage|p2a: Zamazenta|79\/100\n|-hitcount|p2a: Zamazenta|4\n|-unboost|p1a: Jumbotron|def|1\n|-boost|p1a: Jumbotron|spe|1\n|move|p2a: Zamazenta|Body Press|p1a: Jumbotron\n|-resisted|p1a: Jumbotron\n|-crit|p1a: Jumbotron\n|-damage|p1a: Jumbotron|0 fnt\n|faint|p1a: Jumbotron\n|\n|upkeep\n|\n|t:|1701101752\n|switch|p1a: Shinobu|Ribombee, M, shiny|47\/100 tox\n|-damage|p1a: Shinobu|22\/100 tox|[from] Stealth Rock\n|turn|10\n|\n|t:|1701101755\n|move|p1a: Shinobu|Moonblast|p2a: Zamazenta\n|-damage|p2a: Zamazenta|58\/100\n|-unboost|p2a: Zamazenta|spa|1\n|move|p2a: Zamazenta|Agility|p2a: Zamazenta\n|-boost|p2a: Zamazenta|spe|2\n|\n|-damage|p1a: Shinobu|16\/100 tox|[from] psn\n|upkeep\n|turn|11\n|\n|t:|1701101761\n|move|p2a: Zamazenta|Body Press|p1a: Shinobu\n|-resisted|p1a: Shinobu\n|-damage|p1a: Shinobu|0 fnt\n|faint|p1a: Shinobu\n|\n|upkeep\n|\n|t:|1701101765\n|switch|p1a: XJ9|Iron Valiant|100\/100\n|-status|p1a: XJ9|psn\n|-damage|p1a: XJ9|94\/100 psn|[from] Stealth Rock\n|-enditem|p1a: XJ9|Booster Energy\n|-activate|p1a: XJ9|ability: Quark Drive|[fromitem]\n|-start|p1a: XJ9|quarkdrivespe\n|turn|12\n|\n|t:|1701101770\n|move|p1a: XJ9|Destiny Bond|p1a: XJ9\n|-singlemove|p1a: XJ9|Destiny Bond\n|move|p2a: Zamazenta|Crunch|p1a: XJ9\n|-resisted|p1a: XJ9\n|-damage|p1a: XJ9|88\/100 psn\n|\n|-damage|p1a: XJ9|75\/100 psn|[from] psn\n|upkeep\n|turn|13\n|\n|t:|1701101783\n|move|p1a: XJ9|Moonblast|p2a: Zamazenta\n|-damage|p2a: Zamazenta|30\/100\n|-unboost|p2a: Zamazenta|spa|1\n|move|p2a: Zamazenta|Agility|p2a: Zamazenta\n|-boost|p2a: Zamazenta|spe|2\n|\n|-damage|p1a: XJ9|63\/100 psn|[from] psn\n|upkeep\n|turn|14\n|\n|t:|1701101797\n|move|p2a: Zamazenta|Body Press|p1a: XJ9\n|-resisted|p1a: XJ9\n|-damage|p1a: XJ9|19\/100 psn\n|move|p1a: XJ9|Moonblast|p2a: Zamazenta\n|-damage|p2a: Zamazenta|4\/100\n|\n|-damage|p1a: XJ9|7\/100 psn|[from] psn\n|upkeep\n|turn|15\n|\n|t:|1701101809\n|move|p2a: Zamazenta|Body Press|p1a: XJ9\n|-resisted|p1a: XJ9\n|-crit|p1a: XJ9\n|-damage|p1a: XJ9|0 fnt\n|faint|p1a: XJ9\n|-end|p1a: XJ9|Quark Drive|[silent]\n|\n|upkeep\n|\n|t:|1701101819\n|switch|p1a: Yamato|Ninetales-Alola, F, shiny|100\/100\n|-status|p1a: Yamato|psn\n|-damage|p1a: Yamato|76\/100 psn|[from] Stealth Rock\n|-weather|Snow|[from] ability: Snow Warning|[of] p1a: Yamato\n|turn|16\n|\n|t:|1701101822\n|move|p2a: Zamazenta|Body Press|p1a: Yamato\n|-damage|p1a: Yamato|14\/100 psn\n|move|p1a: Yamato|Aurora Veil|p1a: Yamato\n|-sidestart|p1: SadaShidz\ufe0f|move: Aurora Veil\n|\n|-weather|Snow|[upkeep]\n|-damage|p1a: Yamato|2\/100 psn|[from] psn\n|upkeep\n|turn|17\n|\n|t:|1701101827\n|move|p2a: Zamazenta|Body Press|p1a: Yamato\n|-damage|p1a: Yamato|0 fnt\n|faint|p1a: Yamato\n|\n|-weather|Snow|[upkeep]\n|upkeep\n|\n|t:|1701101834\n|switch|p1a: Gucci|Flutter Mane, shiny|100\/100\n|-status|p1a: Gucci|psn\n|-damage|p1a: Gucci|88\/100 psn|[from] Stealth Rock\n|turn|18\n|\n|t:|1701101839\n|move|p2a: Zamazenta|Crunch|p1a: Gucci\n|-damage|p1a: Gucci|64\/100 psn\n|move|p1a: Gucci|Calm Mind|p1a: Gucci\n|-boost|p1a: Gucci|spa|1\n|-boost|p1a: Gucci|spd|1\n|\n|-weather|Snow|[upkeep]\n|-damage|p1a: Gucci|51\/100 psn|[from] psn\n|upkeep\n|turn|19\n|\n|t:|1701101844\n|move|p2a: Zamazenta|Crunch|p1a: Gucci\n|-damage|p1a: Gucci|26\/100 psn\n|move|p1a: Gucci|Draining Kiss|p2a: Zamazenta\n|-damage|p2a: Zamazenta|0 fnt\n|-heal|p1a: Gucci|30\/100 psn|[from] drain|[of] p2a: Zamazenta\n|faint|p2a: Zamazenta\n|\n|-weather|Snow|[upkeep]\n|-damage|p1a: Gucci|18\/100 psn|[from] psn\n|upkeep\n|\n|t:|1701101850\n|switch|p2a: Eternatus|Eternatus|100\/100\n|-activate|p2a: Eternatus|move: Sticky Web\n|-unboost|p2a: Eternatus|spe|1\n|-ability|p2a: Eternatus|Pressure\n|turn|20\n|\n|t:|1701101853\n|move|p1a: Gucci|Shadow Ball|p2a: Eternatus\n|-damage|p2a: Eternatus|62\/100\n|move|p2a: Eternatus|Cosmic Power|p2a: Eternatus\n|-boost|p2a: Eternatus|def|1\n|-boost|p2a: Eternatus|spd|1\n|\n|-weather|none\n|-heal|p2a: Eternatus|68\/100|[from] item: Black Sludge\n|-damage|p1a: Gucci|6\/100 psn|[from] psn\n|upkeep\n|turn|21\n|\n|t:|1701101869\n|move|p1a: Gucci|Shadow Ball|p2a: Eternatus\n|-damage|p2a: Eternatus|41\/100\n|move|p2a: Eternatus|Cosmic Power|p2a: Eternatus\n|-boost|p2a: Eternatus|def|1\n|-boost|p2a: Eternatus|spd|1\n|\n|-heal|p2a: Eternatus|47\/100|[from] item: Black Sludge\n|-damage|p1a: Gucci|0 fnt|[from] psn\n|faint|p1a: Gucci\n|-end|p1a: Gucci|Protosynthesis|[silent]\n|upkeep\n|\n|t:|1701101872\n|switch|p1a: Yamz|Arceus-Ghost, shiny|100\/100\n|-status|p1a: Yamz|psn\n|-damage|p1a: Yamz|88\/100 psn|[from] Stealth Rock\n|turn|22\n|\n|t:|1701101878\n|move|p1a: Yamz|Calm Mind|p1a: Yamz\n|-boost|p1a: Yamz|spa|1\n|-boost|p1a: Yamz|spd|1\n|move|p2a: Eternatus|Cosmic Power|p2a: Eternatus\n|-boost|p2a: Eternatus|def|1\n|-boost|p2a: Eternatus|spd|1\n|\n|-heal|p2a: Eternatus|53\/100|[from] item: Black Sludge\n|-damage|p1a: Yamz|76\/100 psn|[from] psn\n|upkeep\n|turn|23\n|\n|t:|1701101880\n|move|p1a: Yamz|Calm Mind|p1a: Yamz\n|-boost|p1a: Yamz|spa|1\n|-boost|p1a: Yamz|spd|1\n|move|p2a: Eternatus|Cosmic Power|p2a: Eternatus\n|-boost|p2a: Eternatus|def|1\n|-boost|p2a: Eternatus|spd|1\n|\n|-heal|p2a: Eternatus|59\/100|[from] item: Black Sludge\n|-damage|p1a: Yamz|63\/100 psn|[from] psn\n|-sideend|p1: SadaShidz\ufe0f|move: Aurora Veil\n|upkeep\n|turn|24\n|j| angrrry\n|\n|t:|1701101881\n|move|p1a: Yamz|Calm Mind|p1a: Yamz\n|-boost|p1a: Yamz|spa|1\n|-boost|p1a: Yamz|spd|1\n|move|p2a: Eternatus|Cosmic Power|p2a: Eternatus\n|-boost|p2a: Eternatus|def|1\n|-boost|p2a: Eternatus|spd|1\n|\n|-heal|p2a: Eternatus|65\/100|[from] item: Black Sludge\n|-damage|p1a: Yamz|51\/100 psn|[from] psn\n|upkeep\n|turn|25\n|\n|t:|1701101883\n|move|p1a: Yamz|Recover|p1a: Yamz\n|-heal|p1a: Yamz|100\/100 psn\n|move|p2a: Eternatus|Cosmic Power|p2a: Eternatus\n|-boost|p2a: Eternatus|def|1\n|-boost|p2a: Eternatus|spd|1\n|\n|-heal|p2a: Eternatus|72\/100|[from] item: Black Sludge\n|-damage|p1a: Yamz|88\/100 psn|[from] psn\n|upkeep\n|turn|26\n|\n|t:|1701101885\n|move|p1a: Yamz|Judgment|p2a: Eternatus\n|-damage|p2a: Eternatus|52\/100\n|move|p2a: Eternatus|Cosmic Power|p2a: Eternatus\n|-boost|p2a: Eternatus|def|0\n|-boost|p2a: Eternatus|spd|0\n|\n|-heal|p2a: Eternatus|59\/100|[from] item: Black Sludge\n|-damage|p1a: Yamz|76\/100 psn|[from] psn\n|upkeep\n|turn|27\n|\n|t:|1701101889\n|move|p1a: Yamz|Calm Mind|p1a: Yamz\n|-boost|p1a: Yamz|spa|1\n|-boost|p1a: Yamz|spd|1\n|move|p2a: Eternatus|Dragon Tail|p1a: Yamz\n|-damage|p1a: Yamz|65\/100 psn\n|\n|-heal|p2a: Eternatus|65\/100|[from] item: Black Sludge\n|-damage|p1a: Yamz|53\/100 psn|[from] psn\n|upkeep\n|turn|28\n|\n|t:|1701101894\n|move|p1a: Yamz|Recover|p1a: Yamz\n|-heal|p1a: Yamz|100\/100 psn\n|move|p2a: Eternatus|Sludge Bomb|p1a: Yamz\n|-resisted|p1a: Yamz\n|-damage|p1a: Yamz|95\/100 psn\n|\n|-heal|p2a: Eternatus|71\/100|[from] item: Black Sludge\n|-damage|p1a: Yamz|83\/100 psn|[from] psn\n|upkeep\n|turn|29\n|\n|t:|1701101899\n|move|p1a: Yamz|Judgment|p2a: Eternatus\n|-damage|p2a: Eternatus|47\/100\n|move|p2a: Eternatus|Sludge Bomb|p1a: Yamz\n|-resisted|p1a: Yamz\n|-damage|p1a: Yamz|78\/100 psn\n|\n|-heal|p2a: Eternatus|53\/100|[from] item: Black Sludge\n|-damage|p1a: Yamz|66\/100 psn|[from] psn\n|upkeep\n|turn|30\n|\n|t:|1701101906\n|move|p1a: Yamz|Judgment|p2a: Eternatus\n|-crit|p2a: Eternatus\n|-damage|p2a: Eternatus|0 fnt\n|faint|p2a: Eternatus\n|\n|-damage|p1a: Yamz|53\/100 psn|[from] psn\n|upkeep\n|c|\u2606SadaShidz\ufe0f|Man\n|\n|t:|1701101913\n|switch|p2a: Giratina|Giratina|100\/100\n|-activate|p2a: Giratina|move: Sticky Web\n|-unboost|p2a: Giratina|spe|1\n|-ability|p2a: Giratina|Pressure\n|turn|31\n|\n|t:|1701101916\n|move|p1a: Yamz|Judgment|p2a: Giratina\n|-supereffective|p2a: Giratina\n|-damage|p2a: Giratina|0 fnt\n|faint|p2a: Giratina\n|\n|-damage|p1a: Yamz|41\/100 psn|[from] psn\n|upkeep\n|\n|t:|1701101921\n|switch|p2a: Groudon|Groudon|100\/100\n|-activate|p2a: Groudon|move: Sticky Web\n|-unboost|p2a: Groudon|spe|1\n|-weather|SunnyDay|[from] ability: Drought|[of] p2a: Groudon\n|turn|32\n|\n|t:|1701101923\n|move|p1a: Yamz|Judgment|p2a: Groudon\n|-damage|p2a: Groudon|0 fnt\n|faint|p2a: Groudon\n|\n|win|SadaShidz\ufe0f\n|raw|SadaShidz\ufe0f's rating: 1330 &rarr; <strong>1359<\/strong><br \/>(+29 for winning)\n|raw|DarkMullet666's rating: 1499 &rarr; <strong>1470<\/strong><br \/>(-29 for losing)\n|l|\u2606DarkMullet666\n|c|\u2606SadaShidz\ufe0f|Gg\n|c|\u2606SadaShidz\ufe0f|Crazy\n","uploadtime":1701101936,"views":4,"p1id":"sadashidz","p2id":"darkmullet666","formatid":"gen9ubers","rating":1359,"private":0,"password":""}