{"id":"gen9ubers-1991416054","p1":"KamilouSensei","p2":"Kakabum","format":"[Gen 9] Ubers","log":"|j|\u2606KamilouSensei\n|j|\u2606Kakabum\n|t:|1700075255\n|gametype|singles\n|player|p1|KamilouSensei|benga|1153\n|player|p2|Kakabum|zinzolin|1092\n|teamsize|p1|6\n|teamsize|p2|6\n|gen|9\n|tier|[Gen 9] Ubers\n|rated|\n|rule|Sleep Clause Mod: Limit one foe put to sleep\n|rule|Species Clause: Limit one of each Pok\u00e9mon\n|rule|OHKO Clause: OHKO moves are banned\n|rule|Evasion Items Clause: Evasion items are banned\n|rule|Evasion Moves Clause: Evasion moves are banned\n|rule|Endless Battle Clause: Forcing endless battles is banned\n|rule|HP Percentage Mod: HP is shown in percentages\n|clearpoke\n|poke|p1|Eternatus|\n|poke|p1|Samurott-Hisui, M|\n|poke|p1|Miraidon|\n|poke|p1|Arceus-Ground|\n|poke|p1|Zacian-*|\n|poke|p1|Koraidon|\n|poke|p2|Ogerpon-Hearthflame, F|\n|poke|p2|Flutter Mane|\n|poke|p2|Dragonite, F|\n|poke|p2|Ursaluna-Bloodmoon, M|\n|poke|p2|Urshifu-*, F|\n|poke|p2|Iron Bundle|\n|teampreview\n|\n|t:|1700075265\n|start\n|switch|p1a: Samurott|Samurott-Hisui, M, shiny|100\/100\n|switch|p2a: Ogerpon|Ogerpon-Hearthflame, F|100\/100\n|-ability|p2a: Ogerpon|Mold Breaker\n|turn|1\n|\n|t:|1700075276\n|move|p2a: Ogerpon|Trailblaze|p1a: Samurott\n|-supereffective|p1a: Samurott\n|-damage|p1a: Samurott|22\/100\n|-boost|p2a: Ogerpon|spe|1\n|move|p1a: Samurott|Aqua Cutter|p2a: Ogerpon\n|-damage|p2a: Ogerpon|34\/100\n|\n|upkeep\n|turn|2\n|inactive|Battle timer is ON: inactive players will automatically lose when time's up. (requested by Kakabum)\n|\n|t:|1700075299\n|switch|p1a: Arceus|Arceus-Ground, shiny|100\/100\n|move|p2a: Ogerpon|Trailblaze|p1a: Arceus\n|-supereffective|p1a: Arceus\n|-damage|p1a: Arceus|59\/100\n|-boost|p2a: Ogerpon|spe|1\n|\n|upkeep\n|turn|3\n|\n|t:|1700075311\n|-terastallize|p1a: Arceus|Fire\n|move|p2a: Ogerpon|Swords Dance|p2a: Ogerpon\n|-boost|p2a: Ogerpon|atk|2\n|move|p1a: Arceus|Tera Blast|p2a: Ogerpon|[anim] Tera Blast Fire\n|-damage|p2a: Ogerpon|0 fnt\n|faint|p2a: Ogerpon\n|\n|upkeep\n|\n|t:|1700075321\n|switch|p2a: Iron Bundle|Iron Bundle|100\/100\n|-enditem|p2a: Iron Bundle|Booster Energy\n|-activate|p2a: Iron Bundle|ability: Quark Drive|[fromitem]\n|-start|p2a: Iron Bundle|quarkdrivespe\n|turn|4\n|\n|t:|1700075332\n|move|p2a: Iron Bundle|Flip Turn|p1a: Arceus\n|-supereffective|p1a: Arceus\n|-damage|p1a: Arceus|32\/100\n|\n|t:|1700075339\n|-end|p2a: Iron Bundle|Quark Drive|[silent]\n|switch|p2a: Urshifu|Urshifu-Rapid-Strike, F|100\/100|[from] Flip Turn\n|move|p1a: Arceus|Tera Blast|p2a: Urshifu|[anim] Tera Blast Fire\n|-resisted|p2a: Urshifu\n|-damage|p2a: Urshifu|79\/100\n|\n|upkeep\n|turn|5\n|\n|t:|1700075354\n|switch|p1a: Miraidon|Miraidon|100\/100\n|-fieldstart|move: Electric Terrain|[from] ability: Hadron Engine|[of] p1a: Miraidon\n|move|p2a: Urshifu|Aqua Jet|p1a: Miraidon\n|-resisted|p1a: Miraidon\n|-damage|p1a: Miraidon|86\/100\n|-damage|p2a: Urshifu|69\/100|[from] item: Life Orb\n|\n|upkeep\n|turn|6\n|\n|t:|1700075365\n|move|p1a: Miraidon|Electro Drift|p2a: Urshifu\n|-supereffective|p2a: Urshifu\n|-damage|p2a: Urshifu|0 fnt\n|faint|p2a: Urshifu\n|\n|upkeep\n|\n|t:|1700075371\n|switch|p2a: Iron Bundle|Iron Bundle|100\/100\n|-activate|p2a: Iron Bundle|ability: Quark Drive\n|-start|p2a: Iron Bundle|quarkdrivespe\n|turn|7\n|\n|t:|1700075376\n|move|p2a: Iron Bundle|Freeze-Dry|p1a: Miraidon\n|-supereffective|p1a: Miraidon\n|-damage|p1a: Miraidon|19\/100\n|move|p1a: Miraidon|Electro Drift|p2a: Iron Bundle\n|-supereffective|p2a: Iron Bundle\n|-damage|p2a: Iron Bundle|0 fnt\n|faint|p2a: Iron Bundle\n|-end|p2a: Iron Bundle|Quark Drive|[silent]\n|\n|upkeep\n|\n|t:|1700075391\n|switch|p2a: Dragonite|Dragonite, F|100\/100\n|turn|8\n|\n|t:|1700075395\n|move|p2a: Dragonite|Extreme Speed|p1a: Miraidon\n|-damage|p1a: Miraidon|0 fnt\n|faint|p1a: Miraidon\n|\n|upkeep\n|\n|t:|1700075422\n|switch|p1a: Zacian|Zacian-Crowned, shiny|100\/100\n|-ability|p1a: Zacian|Intrepid Sword|boost\n|-boost|p1a: Zacian|atk|1\n|turn|9\n|\n|t:|1700075428\n|move|p1a: Zacian|Play Rough|p2a: Dragonite\n|-supereffective|p2a: Dragonite\n|-damage|p2a: Dragonite|22\/100\n|-enditem|p2a: Dragonite|Weakness Policy\n|-boost|p2a: Dragonite|atk|2|[from] item: Weakness Policy\n|-boost|p2a: Dragonite|spa|2|[from] item: Weakness Policy\n|move|p2a: Dragonite|Body Slam|p1a: Zacian\n|-resisted|p1a: Zacian\n|-crit|p1a: Zacian\n|-damage|p1a: Zacian|54\/100\n|-status|p1a: Zacian|par\n|\n|-fieldend|move: Electric Terrain\n|upkeep\n|turn|10\n|\n|t:|1700075442\n|move|p1a: Zacian|Play Rough|p2a: Dragonite\n|-supereffective|p2a: Dragonite\n|-damage|p2a: Dragonite|0 fnt\n|faint|p2a: Dragonite\n|\n|upkeep\n|\n|t:|1700075446\n|switch|p2a: Ursaluna|Ursaluna-Bloodmoon, M|100\/100\n|turn|11\n|\n|t:|1700075461\n|move|p1a: Zacian|Play Rough|p2a: Ursaluna\n|-damage|p2a: Ursaluna|42\/100\n|-unboost|p2a: Ursaluna|atk|1\n|move|p2a: Ursaluna|Calm Mind|p2a: Ursaluna\n|-boost|p2a: Ursaluna|spa|1\n|-boost|p2a: Ursaluna|spd|1\n|\n|-heal|p2a: Ursaluna|48\/100|[from] item: Leftovers\n|upkeep\n|turn|12\n|\n|t:|1700075471\n|move|p1a: Zacian|Play Rough|p2a: Ursaluna\n|-damage|p2a: Ursaluna|0 fnt\n|faint|p2a: Ursaluna\n|\n|upkeep\n|\n|t:|1700075475\n|switch|p2a: Flutter Mane|Flutter Mane|100\/100\n|turn|13\n|\n|t:|1700075483\n|-terastallize|p2a: Flutter Mane|Ghost\n|move|p2a: Flutter Mane|Thunderbolt|p1a: Zacian\n|-damage|p1a: Zacian|8\/100 par\n|move|p1a: Zacian|Behemoth Blade|p2a: Flutter Mane\n|-damage|p2a: Flutter Mane|0 fnt\n|faint|p2a: Flutter Mane\n|-end|p2a: Flutter Mane|Protosynthesis|[silent]\n|\n|win|KamilouSensei\n|raw|KamilouSensei's rating: 1153 &rarr; <strong>1174<\/strong><br \/>(+21 for winning)\n|raw|Kakabum's rating: 1092 &rarr; <strong>1072<\/strong><br \/>(-20 for losing)\n|l|\u2606Kakabum\n","uploadtime":1700075501,"views":10,"p1id":"kamilousensei","p2id":"kakabum","formatid":"gen9ubers","rating":1072,"private":0,"password":""}