{"id":"gen9ubers-1978882742","p1":"MaseReloaded","p2":"Sussymatd","format":"[Gen 9] Ubers","log":"|j|\u2606MaseReloaded\n|j|\u2606Sussymatd\n|t:|1698606158\n|gametype|singles\n|player|p1|MaseReloaded|gentleman-gen4|\n|player|p2|Sussymatd|steven|\n|teamsize|p1|6\n|teamsize|p2|6\n|gen|9\n|tier|[Gen 9] Ubers\n|rule|Sleep Clause Mod: Limit one foe put to sleep\n|rule|Species Clause: Limit one of each Pok\u00e9mon\n|rule|OHKO Clause: OHKO moves are banned\n|rule|Evasion Items Clause: Evasion items are banned\n|rule|Evasion Moves Clause: Evasion moves are banned\n|rule|Endless Battle Clause: Forcing endless battles is banned\n|rule|HP Percentage Mod: HP is shown in percentages\n|clearpoke\n|poke|p1|Gengar, M|\n|poke|p1|Hatterene, F|\n|poke|p1|Ursaluna-Bloodmoon, M|\n|poke|p1|Rabsca, F|\n|poke|p1|Goodra-Hisui, M|\n|poke|p1|Iron Leaves|\n|poke|p2|Iron Valiant|\n|poke|p2|Pincurchin, M|\n|poke|p2|Milotic, M|\n|poke|p2|Iron Treads|\n|poke|p2|Raichu-Alola, F|\n|poke|p2|Krookodile, M|\n|teampreview\n|c|\u2606MaseReloaded|Hf\n|c|\u2606Sussymatd|god\n|j| sgrg32\n|c|\u2606Sussymatd|welcome sg to my execution\n|c| sgrg32|no way!!!\n|\n|t:|1698606238\n|start\n|switch|p1a: Mad Donkey|Gengar, M|100\/100\n|switch|p2a: Having fun today?|Milotic, M|100\/100\n|turn|1\n|\n|t:|1698606256\n|move|p1a: Mad Donkey|Toxic Spikes|p2a: Having fun today?\n|-sidestart|p2: Sussymatd|move: Toxic Spikes\n|move|p2a: Having fun today?|Scald|p1a: Mad Donkey\n|-damage|p1a: Mad Donkey|55\/100\n|\n|-status|p2a: Having fun today?|brn|[from] item: Flame Orb\n|upkeep\n|turn|2\n|\n|t:|1698606303\n|move|p1a: Mad Donkey|Energy Ball|p2a: Having fun today?\n|-supereffective|p2a: Having fun today?\n|-damage|p2a: Having fun today?|57\/100 brn\n|move|p2a: Having fun today?|Scald|p1a: Mad Donkey\n|-damage|p1a: Mad Donkey|10\/100\n|\n|-damage|p2a: Having fun today?|51\/100 brn|[from] brn\n|upkeep\n|turn|3\n|\n|t:|1698606314\n|move|p1a: Mad Donkey|Destiny Bond|p1a: Mad Donkey\n|-singlemove|p1a: Mad Donkey|Destiny Bond\n|move|p2a: Having fun today?|Recover|p2a: Having fun today?\n|-heal|p2a: Having fun today?|100\/100 brn\n|\n|-damage|p2a: Having fun today?|94\/100 brn|[from] brn\n|upkeep\n|turn|4\n|\n|t:|1698606328\n|switch|p1a: Sophia Monad|Hatterene, F|100\/100\n|move|p2a: Having fun today?|Recover|p2a: Having fun today?\n|-heal|p2a: Having fun today?|100\/100 brn\n|\n|-damage|p2a: Having fun today?|94\/100 brn|[from] brn\n|upkeep\n|turn|5\n|\n|t:|1698606339\n|move|p2a: Having fun today?|Scald|p1a: Sophia Monad\n|-damage|p1a: Sophia Monad|73\/100\n|-status|p1a: Sophia Monad|brn\n|move|p1a: Sophia Monad|Trick Room|p1a: Sophia Monad\n|-fieldstart|move: Trick Room|[of] p1a: Sophia Monad\n|\n|-damage|p1a: Sophia Monad|67\/100 brn|[from] brn\n|-damage|p2a: Having fun today?|88\/100 brn|[from] brn\n|upkeep\n|turn|6\n|\n|t:|1698606404\n|move|p1a: Sophia Monad|Healing Wish|p1a: Sophia Monad\n|faint|p1a: Sophia Monad\n|move|p2a: Having fun today?|Scald|p1: Sophia Monad|[notarget]\n|-fail|p2a: Having fun today?\n|\n|-damage|p2a: Having fun today?|82\/100 brn|[from] brn\n|upkeep\n|\n|t:|1698606412\n|switch|p1a: King of Puppets|Goodra-Hisui, M|100\/100\n|turn|7\n|\n|t:|1698606420\n|move|p1a: King of Puppets|Curse|p1a: King of Puppets\n|-unboost|p1a: King of Puppets|spe|1\n|-boost|p1a: King of Puppets|atk|1\n|-boost|p1a: King of Puppets|def|1\n|move|p2a: Having fun today?|Ice Beam|p1a: King of Puppets\n|-damage|p1a: King of Puppets|86\/100\n|\n|-damage|p2a: Having fun today?|76\/100 brn|[from] brn\n|upkeep\n|turn|8\n|c|\u2606Sussymatd|oh brother\n|c|\u2606Sussymatd|we are gonna have fun!\n|\n|t:|1698606431\n|move|p1a: King of Puppets|Earthquake|p2a: Having fun today?\n|-damage|p2a: Having fun today?|55\/100 brn\n|move|p2a: Having fun today?|Haze|p2a: Having fun today?\n|-clearallboost\n|\n|-damage|p2a: Having fun today?|48\/100 brn|[from] brn\n|upkeep\n|turn|9\n|\n|t:|1698606498\n|move|p1a: King of Puppets|Curse|p1a: King of Puppets\n|-unboost|p1a: King of Puppets|spe|1\n|-boost|p1a: King of Puppets|atk|1\n|-boost|p1a: King of Puppets|def|1\n|move|p2a: Having fun today?|Recover|p2a: Having fun today?\n|-heal|p2a: Having fun today?|98\/100 brn\n|\n|-damage|p2a: Having fun today?|92\/100 brn|[from] brn\n|-fieldend|move: Trick Room\n|upkeep\n|turn|10\n|\n|t:|1698606510\n|switch|p1a: Laxasia - Complete|Iron Leaves|100\/100\n|move|p2a: Having fun today?|Scald|p1a: Laxasia - Complete\n|-resisted|p1a: Laxasia - Complete\n|-damage|p1a: Laxasia - Complete|87\/100\n|\n|-damage|p2a: Having fun today?|86\/100 brn|[from] brn\n|upkeep\n|turn|11\n|\n|t:|1698606574\n|move|p1a: Laxasia - Complete|Leaf Blade|p2a: Having fun today?\n|-supereffective|p2a: Having fun today?\n|-crit|p2a: Having fun today?\n|-damage|p2a: Having fun today?|22\/100 brn\n|move|p2a: Having fun today?|Ice Beam|p1a: Laxasia - Complete\n|-supereffective|p1a: Laxasia - Complete\n|-damage|p1a: Laxasia - Complete|50\/100\n|-status|p1a: Laxasia - Complete|frz\n|\n|-damage|p2a: Having fun today?|16\/100 brn|[from] brn\n|upkeep\n|turn|12\n|c|\u2606Sussymatd|LES GO\n|\n|t:|1698606603\n|cant|p1a: Laxasia - Complete|frz\n|move|p2a: Having fun today?|Recover|p2a: Having fun today?\n|-heal|p2a: Having fun today?|66\/100 brn\n|\n|-damage|p2a: Having fun today?|60\/100 brn|[from] brn\n|upkeep\n|turn|13\n|\n|t:|1698606611\n|cant|p1a: Laxasia - Complete|frz\n|move|p2a: Having fun today?|Ice Beam|p1a: Laxasia - Complete\n|-supereffective|p1a: Laxasia - Complete\n|-damage|p1a: Laxasia - Complete|12\/100 frz\n|\n|-damage|p2a: Having fun today?|54\/100 brn|[from] brn\n|upkeep\n|turn|14\n|\n|t:|1698606626\n|-end|p1a: Laxasia - Complete|Quark Drive|[silent]\n|switch|p1a: Gemini|Rabsca, F|100\/100\n|move|p2a: Having fun today?|Ice Beam|p1a: Gemini\n|-damage|p1a: Gemini|81\/100\n|\n|-damage|p2a: Having fun today?|48\/100 brn|[from] brn\n|upkeep\n|turn|15\n|\n|t:|1698606645\n|move|p2a: Having fun today?|Recover|p2a: Having fun today?\n|-heal|p2a: Having fun today?|98\/100 brn\n|move|p1a: Gemini|Trick Room|p1a: Gemini\n|-fieldstart|move: Trick Room|[of] p1a: Gemini\n|\n|-damage|p2a: Having fun today?|92\/100 brn|[from] brn\n|upkeep\n|turn|16\n|\n|t:|1698606652\n|move|p1a: Gemini|Revival Blessing|p1a: Gemini\n|-enditem|p1a: Gemini|Leppa Berry|[eat]\n|-activate|p1a: Gemini|item: Leppa Berry|Revival Blessing|[consumed]\n|\n|t:|1698606655\n|-heal|p1: Sophia Monad|50\/100|[from] move: Revival Blessing\n|move|p2a: Having fun today?|Scald|p1a: Gemini\n|-damage|p1a: Gemini|53\/100\n|\n|-damage|p2a: Having fun today?|86\/100 brn|[from] brn\n|upkeep\n|turn|17\n|\n|t:|1698606697\n|switch|p2a: Dey see me rolin|Iron Treads|100\/100\n|move|p1a: Gemini|Psychic|p2a: Dey see me rolin\n|-resisted|p2a: Dey see me rolin\n|-damage|p2a: Dey see me rolin|78\/100\n|\n|upkeep\n|turn|18\n|\n|t:|1698606707\n|switch|p1a: Pinocchio|Ursaluna-Bloodmoon, M|100\/100\n|move|p2a: Dey see me rolin|Rapid Spin|p1a: Pinocchio\n|-damage|p1a: Pinocchio|89\/100\n|-boost|p2a: Dey see me rolin|spe|1\n|-sideend|p2: Sussymatd|Toxic Spikes|[from] move: Rapid Spin|[of] p2a: Dey see me rolin\n|\n|-heal|p1a: Pinocchio|95\/100|[from] item: Leftovers\n|upkeep\n|turn|19\n|\n|t:|1698606724\n|move|p1a: Pinocchio|Blood Moon|p2a: Dey see me rolin\n|-resisted|p2a: Dey see me rolin\n|-damage|p2a: Dey see me rolin|23\/100\n|move|p2a: Dey see me rolin|Knock Off|p1a: Pinocchio\n|-damage|p1a: Pinocchio|75\/100\n|-enditem|p1a: Pinocchio|Leftovers|[from] move: Knock Off|[of] p2a: Dey see me rolin\n|\n|-fieldend|move: Trick Room\n|upkeep\n|turn|20\n|\n|t:|1698606733\n|move|p1a: Pinocchio|Vacuum Wave|p2a: Dey see me rolin\n|-supereffective|p2a: Dey see me rolin\n|-crit|p2a: Dey see me rolin\n|-damage|p2a: Dey see me rolin|0 fnt\n|faint|p2a: Dey see me rolin\n|-end|p2a: Dey see me rolin|Quark Drive|[silent]\n|\n|upkeep\n|\n|t:|1698606737\n|switch|p2a: Fear.|Pincurchin, M|100\/100\n|-fieldstart|move: Electric Terrain|[from] ability: Electric Surge|[of] p2a: Fear.\n|turn|21\n|\n|t:|1698606745\n|-terastallize|p2a: Fear.|Flying\n|move|p1a: Pinocchio|Earth Power|p2a: Fear.\n|-immune|p2a: Fear.\n|move|p2a: Fear.|Liquidation|p1a: Pinocchio\n|-supereffective|p1a: Pinocchio\n|-damage|p1a: Pinocchio|36\/100\n|\n|upkeep\n|turn|22\n|l| sgrg32\n|c|\u2606Sussymatd|okay\n|\n|t:|1698606792\n|move|p2a: Fear.|Sucker Punch||[still]\n|-fail|p2a: Fear.\n|move|p1a: Pinocchio|Moonlight|p1a: Pinocchio\n|-heal|p1a: Pinocchio|86\/100\n|\n|upkeep\n|turn|23\n|\n|t:|1698606799\n|move|p1a: Pinocchio|Blood Moon|p2a: Fear.\n|-crit|p2a: Fear.\n|-damage|p2a: Fear.|0 fnt\n|faint|p2a: Fear.\n|\n|upkeep\n|\n|t:|1698606835\n|switch|p2a: Surf4Life|Raichu-Alola, F|100\/100\n|turn|24\n|\n|t:|1698606844\n|move|p2a: Surf4Life|Surf|p1a: Pinocchio\n|-supereffective|p1a: Pinocchio\n|-damage|p1a: Pinocchio|26\/100\n|move|p1a: Pinocchio|Earth Power|p2a: Surf4Life\n|-supereffective|p2a: Surf4Life\n|-enditem|p2a: Surf4Life|Focus Sash\n|-damage|p2a: Surf4Life|1\/100\n|\n|upkeep\n|turn|25\n|j| sgrg32\n|\n|t:|1698606857\n|switch|p2a: Having fun today?|Milotic, M|86\/100 brn\n|move|p1a: Pinocchio|Vacuum Wave|p2a: Having fun today?\n|-damage|p2a: Having fun today?|75\/100 brn\n|\n|-damage|p2a: Having fun today?|69\/100 brn|[from] brn\n|upkeep\n|turn|26\n|\n|t:|1698606874\n|move|p2a: Having fun today?|Scald|p1a: Pinocchio\n|-supereffective|p1a: Pinocchio\n|-damage|p1a: Pinocchio|0 fnt\n|faint|p1a: Pinocchio\n|\n|-damage|p2a: Having fun today?|63\/100 brn|[from] brn\n|upkeep\n|\n|t:|1698606882\n|switch|p1a: Laxasia - Complete|Iron Leaves|12\/100 frz\n|-heal|p1a: Laxasia - Complete|100\/100|[from] move: Healing Wish\n|-activate|p1a: Laxasia - Complete|ability: Quark Drive\n|-start|p1a: Laxasia - Complete|quarkdrivespe\n|turn|27\n|c|\u2606MaseReloaded|2nd phase\n|c| sgrg32|HEALING WISH CLUTCH?!?!\n|c|\u2606Sussymatd|fr\n|\n|t:|1698606920\n|move|p1a: Laxasia - Complete|Leaf Blade|p2a: Having fun today?\n|-supereffective|p2a: Having fun today?\n|-damage|p2a: Having fun today?|21\/100 brn\n|move|p2a: Having fun today?|Recover|p2a: Having fun today?\n|-heal|p2a: Having fun today?|71\/100 brn\n|\n|-damage|p2a: Having fun today?|65\/100 brn|[from] brn\n|upkeep\n|turn|28\n|c|\u2606Sussymatd|watch me freeze again\n|\n|t:|1698606934\n|move|p1a: Laxasia - Complete|Leaf Blade|p2a: Having fun today?\n|-supereffective|p2a: Having fun today?\n|-damage|p2a: Having fun today?|19\/100 brn\n|move|p2a: Having fun today?|Ice Beam|p1a: Laxasia - Complete\n|-supereffective|p1a: Laxasia - Complete\n|-damage|p1a: Laxasia - Complete|59\/100\n|\n|-damage|p2a: Having fun today?|13\/100 brn|[from] brn\n|-fieldend|move: Electric Terrain\n|-end|p1a: Laxasia - Complete|Quark Drive\n|upkeep\n|turn|29\n|\n|t:|1698606945\n|move|p1a: Laxasia - Complete|Leaf Blade|p2a: Having fun today?\n|-supereffective|p2a: Having fun today?\n|-damage|p2a: Having fun today?|0 fnt\n|faint|p2a: Having fun today?\n|\n|upkeep\n|c|\u2606MaseReloaded|I would\u2019ve been upset lol\n|\n|t:|1698606993\n|switch|p2a: Fusion dance|Iron Valiant|100\/100\n|turn|30\n|c|\u2606Sussymatd|interior crocodile alligator\n|c|\u2606MaseReloaded|I drive a Chevrolet movie theatre\n|\n|t:|1698607119\n|-end|p1a: Laxasia - Complete|Quark Drive|[silent]\n|switch|p1a: Sophia Monad|Hatterene, F|50\/100\n|move|p2a: Fusion dance|Poison Jab|p1a: Sophia Monad\n|-supereffective|p1a: Sophia Monad\n|-damage|p1a: Sophia Monad|0 fnt\n|faint|p1a: Sophia Monad\n|-damage|p2a: Fusion dance|91\/100|[from] item: Life Orb\n|\n|upkeep\n|\n|t:|1698607150\n|switch|p1a: King of Puppets|Goodra-Hisui, M|86\/100\n|turn|31\n|\n|t:|1698607170\n|move|p2a: Fusion dance|Close Combat|p1a: King of Puppets\n|-supereffective|p1a: King of Puppets\n|-damage|p1a: King of Puppets|0 fnt\n|-unboost|p2a: Fusion dance|def|1\n|-unboost|p2a: Fusion dance|spd|1\n|faint|p1a: King of Puppets\n|-damage|p2a: Fusion dance|81\/100|[from] item: Life Orb\n|\n|upkeep\n|\n|t:|1698607210\n|switch|p1a: Laxasia - Complete|Iron Leaves|59\/100\n|turn|32\n|\n|t:|1698607218\n|-end|p2a: Fusion dance|Quark Drive|[silent]\n|switch|p2a: Surf4Life|Raichu-Alola, F|1\/100\n|move|p1a: Laxasia - Complete|Leaf Blade|p2a: Surf4Life\n|-damage|p2a: Surf4Life|0 fnt\n|faint|p2a: Surf4Life\n|\n|upkeep\n|\n|t:|1698607225\n|switch|p2a: Fusion dance|Iron Valiant|81\/100\n|turn|33\n|\n|t:|1698607241\n|-end|p1a: Laxasia - Complete|Quark Drive|[silent]\n|switch|p1a: Mad Donkey|Gengar, M|10\/100\n|move|p2a: Fusion dance|Poison Jab|p1a: Mad Donkey\n|-resisted|p1a: Mad Donkey\n|-damage|p1a: Mad Donkey|0 fnt\n|faint|p1a: Mad Donkey\n|-damage|p2a: Fusion dance|71\/100|[from] item: Life Orb\n|\n|upkeep\n|\n|t:|1698607258\n|switch|p1a: Gemini|Rabsca, F|53\/100\n|turn|34\n|\n|t:|1698607312\n|move|p2a: Fusion dance|Spirit Break|p1a: Gemini\n|-damage|p1a: Gemini|16\/100\n|-unboost|p1a: Gemini|spa|1\n|-damage|p2a: Fusion dance|62\/100|[from] item: Life Orb\n|move|p1a: Gemini|Revival Blessing|p1a: Gemini\n|\n|t:|1698607334\n|-heal|p1: Pinocchio|50\/100|[from] move: Revival Blessing\n|\n|upkeep\n|turn|35\n|\n|t:|1698607350\n|move|p2a: Fusion dance|Spirit Break|p1a: Gemini\n|-damage|p1a: Gemini|0 fnt\n|faint|p1a: Gemini\n|-damage|p2a: Fusion dance|52\/100|[from] item: Life Orb\n|\n|upkeep\n|\n|t:|1698607362\n|switch|p1a: Laxasia - Complete|Iron Leaves|59\/100\n|turn|36\n|\n|t:|1698607365\n|move|p1a: Laxasia - Complete|Leaf Blade|p2a: Fusion dance\n|-damage|p2a: Fusion dance|0 fnt\n|faint|p2a: Fusion dance\n|-end|p2a: Fusion dance|Quark Drive|[silent]\n|\n|upkeep\n|c|\u2606Sussymatd|ggs\n|\n|t:|1698607372\n|switch|p2a: Cya l8r alligator|Krookodile, M|100\/100\n|turn|37\n|\n|t:|1698607380\n|move|p1a: Laxasia - Complete|Leaf Blade|p2a: Cya l8r alligator\n|-supereffective|p2a: Cya l8r alligator\n|-damage|p2a: Cya l8r alligator|0 fnt\n|faint|p2a: Cya l8r alligator\n|\n|win|MaseReloaded\n|c|\u2606MaseReloaded|Gg well played\n|c|\u2606Sussymatd|tue\n|c|\u2606Sussymatd|true\n|c|\u2606MaseReloaded|Scarf didn\u2019t guarantee ko until you were knocked down enough from life orb\n|c|\u2606MaseReloaded|I was scared to pay blade on krook\n|c|\u2606Sussymatd|well ofc\n","uploadtime":1698607456,"views":44,"p1id":"masereloaded","p2id":"sussymatd","formatid":"gen9ubers","rating":0,"private":0,"password":""}