{"id":"gen9ubers-1994213416","p1":"Draking 3","p2":"Anne Frankkkk","format":"[Gen 9] Ubers","log":"|j|\u2606Draking 3\n|j|\u2606Anne Frankkkk\n|t:|1700419606\n|gametype|singles\n|player|p1|Draking 3|juan|1151\n|player|p2|Anne Frankkkk|hilbert|1291\n|teamsize|p1|6\n|teamsize|p2|6\n|gen|9\n|tier|[Gen 9] Ubers\n|rated|\n|rule|Sleep Clause Mod: Limit one foe put to sleep\n|rule|Species Clause: Limit one of each Pok\u00e9mon\n|rule|OHKO Clause: OHKO moves are banned\n|rule|Evasion Items Clause: Evasion items are banned\n|rule|Evasion Moves Clause: Evasion moves are banned\n|rule|Endless Battle Clause: Forcing endless battles is banned\n|rule|HP Percentage Mod: HP is shown in percentages\n|clearpoke\n|poke|p1|Salamence, M|\n|poke|p1|Miraidon|\n|poke|p1|Gyarados, F|\n|poke|p1|Zacian-*|\n|poke|p1|Haxorus, M|\n|poke|p1|Torterra, F|\n|poke|p2|Regieleki|\n|poke|p2|Kyogre|\n|poke|p2|Chien-Pao|\n|poke|p2|Ribombee, F|\n|poke|p2|Miraidon|\n|poke|p2|Flutter Mane|\n|teampreview\n|inactive|Battle timer is ON: inactive players will automatically lose when time's up. (requested by Anne Frankkkk)\n|\n|t:|1700419612\n|start\n|switch|p1a: Zacian|Zacian-Crowned|100\/100\n|switch|p2a: Moonblast|Ribombee, F, shiny|100\/100\n|-ability|p1a: Zacian|Intrepid Sword|boost\n|-boost|p1a: Zacian|atk|1\n|turn|1\n|\n|t:|1700419620\n|move|p1a: Zacian|Behemoth Blade|p2a: Moonblast\n|-supereffective|p2a: Moonblast\n|-enditem|p2a: Moonblast|Focus Sash\n|-damage|p2a: Moonblast|1\/100\n|move|p2a: Moonblast|Stun Spore|p1a: Zacian\n|-status|p1a: Zacian|par\n|\n|upkeep\n|turn|2\n|\n|t:|1700419629\n|move|p2a: Moonblast|Sticky Web|p1a: Zacian\n|-sidestart|p1: Draking 3|move: Sticky Web\n|move|p1a: Zacian|Behemoth Blade|p2a: Moonblast\n|-supereffective|p2a: Moonblast\n|-damage|p2a: Moonblast|0 fnt\n|faint|p2a: Moonblast\n|\n|upkeep\n|\n|t:|1700419634\n|switch|p2a: Bzzzzt|Regieleki, shiny|100\/100\n|turn|3\n|\n|t:|1700419639\n|move|p2a: Bzzzzt|Thunderbolt|p1a: Zacian\n|-damage|p1a: Zacian|43\/100 par\n|cant|p1a: Zacian|par\n|\n|upkeep\n|turn|4\n|\n|t:|1700419644\n|move|p2a: Bzzzzt|Thunderbolt|p1a: Zacian\n|-damage|p1a: Zacian|0 fnt\n|faint|p1a: Zacian\n|\n|upkeep\n|\n|t:|1700419654\n|switch|p1a: Gyarados|Gyarados, F, shiny|100\/100\n|-ability|p1a: Gyarados|Intimidate|boost\n|-unboost|p2a: Bzzzzt|atk|1\n|turn|5\n|\n|t:|1700419661\n|-terastallize|p1a: Gyarados|Ground\n|move|p2a: Bzzzzt|Thunderbolt|p1a: Gyarados\n|-immune|p1a: Gyarados\n|move|p1a: Gyarados|Dragon Dance|p1a: Gyarados\n|-boost|p1a: Gyarados|atk|1\n|-boost|p1a: Gyarados|spe|1\n|\n|upkeep\n|turn|6\n|\n|t:|1700419671\n|switch|p2a: Misdreavius|Flutter Mane, shiny|100\/100\n|-enditem|p2a: Misdreavius|Booster Energy\n|-activate|p2a: Misdreavius|ability: Protosynthesis|[fromitem]\n|-start|p2a: Misdreavius|protosynthesisspe\n|move|p1a: Gyarados|Earthquake|p2a: Misdreavius\n|-damage|p2a: Misdreavius|0 fnt\n|faint|p2a: Misdreavius\n|-end|p2a: Misdreavius|Protosynthesis|[silent]\n|\n|upkeep\n|\n|t:|1700419673\n|switch|p2a: Ice Cat|Chien-Pao|100\/100\n|-ability|p2a: Ice Cat|Sword of Ruin\n|turn|7\n|\n|t:|1700419684\n|move|p2a: Ice Cat|Ice Spinner|p1a: Gyarados\n|-supereffective|p1a: Gyarados\n|-damage|p1a: Gyarados|0 fnt\n|faint|p1a: Gyarados\n|\n|upkeep\n|\n|t:|1700419690\n|switch|p1a: Haxorus|Haxorus, M, shiny|100\/100\n|-activate|p1a: Haxorus|move: Sticky Web\n|-unboost|p1a: Haxorus|spe|1\n|-ability|p1a: Haxorus|Mold Breaker\n|turn|8\n|\n|t:|1700419696\n|move|p2a: Ice Cat|Ice Spinner|p1a: Haxorus\n|-supereffective|p1a: Haxorus\n|-enditem|p1a: Haxorus|Focus Sash\n|-damage|p1a: Haxorus|1\/100\n|move|p1a: Haxorus|Close Combat|p2a: Ice Cat\n|-supereffective|p2a: Ice Cat\n|-enditem|p2a: Ice Cat|Focus Sash\n|-damage|p2a: Ice Cat|1\/100\n|-unboost|p1a: Haxorus|def|1\n|-unboost|p1a: Haxorus|spd|1\n|\n|upkeep\n|turn|9\n|\n|t:|1700419710\n|move|p2a: Ice Cat|Ice Spinner|p1a: Haxorus\n|-supereffective|p1a: Haxorus\n|-crit|p1a: Haxorus\n|-damage|p1a: Haxorus|0 fnt\n|faint|p1a: Haxorus\n|\n|upkeep\n|\n|t:|1700419728\n|switch|p1a: Miraidon|Miraidon|100\/100\n|-activate|p1a: Miraidon|move: Sticky Web\n|-unboost|p1a: Miraidon|spe|1\n|-fieldstart|move: Electric Terrain|[from] ability: Hadron Engine|[of] p1a: Miraidon\n|turn|10\n|\n|t:|1700419734\n|move|p2a: Ice Cat|Ice Spinner|p1a: Miraidon\n|-supereffective|p1a: Miraidon\n|-damage|p1a: Miraidon|0 fnt\n|-fieldend|move: Electric Terrain\n|faint|p1a: Miraidon\n|\n|upkeep\n|-message|Draking 3 forfeited.\n|\n|win|Anne Frankkkk\n|raw|Draking 3's rating: 1151 &rarr; <strong>1136<\/strong><br \/>(-15 for losing)\n|raw|Anne Frankkkk's rating: 1291 &rarr; <strong>1306<\/strong><br \/>(+15 for winning)\n|l|\u2606Draking 3\n","uploadtime":1700419740,"views":6,"p1id":"draking3","p2id":"annefrankkkk","formatid":"gen9ubers","rating":1136,"private":0,"password":""}