{"id":"gen9ubers-1971479546","p1":"soutrainerpepega","p2":"Turkitty","format":"[Gen 9] Ubers","log":"|j|\u2606soutrainerpepega\n|j|\u2606Turkitty\n|t:|1697741745\n|gametype|singles\n|player|p1|soutrainerpepega|102|1126\n|player|p2|Turkitty|102|1223\n|teamsize|p1|6\n|teamsize|p2|6\n|gen|9\n|tier|[Gen 9] Ubers\n|rated|\n|rule|Sleep Clause Mod: Limit one foe put to sleep\n|rule|Species Clause: Limit one of each Pok\u00e9mon\n|rule|OHKO Clause: OHKO moves are banned\n|rule|Evasion Items Clause: Evasion items are banned\n|rule|Evasion Moves Clause: Evasion moves are banned\n|rule|Endless Battle Clause: Forcing endless battles is banned\n|rule|HP Percentage Mod: HP is shown in percentages\n|clearpoke\n|poke|p1|Slowking-Galar, F|\n|poke|p1|Great Tusk|\n|poke|p1|Flutter Mane|\n|poke|p1|Samurott-Hisui, F|\n|poke|p1|Miraidon|\n|poke|p1|Ursaluna, M|\n|poke|p2|Zacian-*|\n|poke|p2|Rayquaza|\n|poke|p2|Ribombee, F|\n|poke|p2|Arceus|\n|poke|p2|Spectrier|\n|poke|p2|Dialga-Origin|\n|teampreview\n|inactive|Battle timer is ON: inactive players will automatically lose when time's up. (requested by soutrainerpepega)\n|\n|t:|1697741761\n|start\n|switch|p1a: Samurott|Samurott-Hisui, F|100\/100\n|switch|p2a: Ribombee|Ribombee, F|100\/100\n|turn|1\n|\n|t:|1697741771\n|move|p2a: Ribombee|Trick|p1a: Samurott\n|-activate|p2a: Ribombee|move: Trick|[of] p1a: Samurott\n|-item|p1a: Samurott|Choice Scarf|[from] move: Trick\n|-item|p2a: Ribombee|Choice Scarf|[from] move: Trick\n|move|p1a: Samurott|Ceaseless Edge|p2a: Ribombee\n|-resisted|p2a: Ribombee\n|-damage|p2a: Ribombee|55\/100\n|-sidestart|p2: Turkitty|Spikes\n|\n|upkeep\n|turn|2\n|\n|t:|1697741778\n|move|p2a: Ribombee|Sticky Web|p1a: Samurott\n|-sidestart|p1: soutrainerpepega|move: Sticky Web\n|move|p1a: Samurott|Ceaseless Edge|p2a: Ribombee\n|-resisted|p2a: Ribombee\n|-damage|p2a: Ribombee|13\/100\n|-sidestart|p2: Turkitty|Spikes\n|\n|upkeep\n|turn|3\n|\n|t:|1697741786\n|move|p2a: Ribombee|Sticky Web||[still]\n|-fail|p2a: Ribombee\n|move|p1a: Samurott|Ceaseless Edge|p2a: Ribombee\n|-resisted|p2a: Ribombee\n|-damage|p2a: Ribombee|0 fnt\n|-sidestart|p2: Turkitty|Spikes\n|faint|p2a: Ribombee\n|\n|upkeep\n|\n|t:|1697741794\n|switch|p2a: Zacian|Zacian-Crowned|100\/100\n|-damage|p2a: Zacian|76\/100|[from] Spikes\n|-ability|p2a: Zacian|Intrepid Sword|boost\n|-boost|p2a: Zacian|atk|1\n|turn|4\n|inactive|soutrainerpepega has 120 seconds left.\n|\n|t:|1697741848\n|switch|p1a: Slowking|Slowking-Galar, F|100\/100\n|-activate|p1a: Slowking|move: Sticky Web\n|-unboost|p1a: Slowking|spe|1\n|move|p2a: Zacian|Swords Dance|p2a: Zacian\n|-boost|p2a: Zacian|atk|2\n|\n|upkeep\n|turn|5\n|\n|t:|1697741860\n|move|p2a: Zacian|Behemoth Blade|p1a: Slowking\n|-damage|p1a: Slowking|0 fnt\n|faint|p1a: Slowking\n|\n|upkeep\n|inactive|soutrainerpepega has 90 seconds left.\n|\n|t:|1697741876\n|switch|p1a: Miraidon|Miraidon|100\/100\n|-activate|p1a: Miraidon|move: Sticky Web\n|-unboost|p1a: Miraidon|spe|1\n|-fieldstart|move: Electric Terrain|[from] ability: Hadron Engine|[of] p1a: Miraidon\n|turn|6\n|inactive|soutrainerpepega has 90 seconds left.\n|\n|t:|1697741886\n|move|p2a: Zacian|Play Rough|p1a: Miraidon\n|-supereffective|p1a: Miraidon\n|-damage|p1a: Miraidon|0 fnt\n|faint|p1a: Miraidon\n|\n|upkeep\n|inactive|soutrainerpepega has 90 seconds left.\n|\n|t:|1697741904\n|switch|p1a: Great Tusk|Great Tusk|100\/100\n|turn|7\n|\n|t:|1697741909\n|move|p2a: Zacian|Play Rough|p1a: Great Tusk\n|-supereffective|p1a: Great Tusk\n|-damage|p1a: Great Tusk|0 fnt\n|faint|p1a: Great Tusk\n|-end|p1a: Great Tusk|Protosynthesis|[silent]\n|\n|upkeep\n|\n|t:|1697741914\n|switch|p1a: Ursaluna|Ursaluna, M|100\/100\n|-activate|p1a: Ursaluna|move: Sticky Web\n|-unboost|p1a: Ursaluna|spe|1\n|turn|8\n|\n|t:|1697741919\n|move|p2a: Zacian|Close Combat|p1a: Ursaluna\n|-supereffective|p1a: Ursaluna\n|-damage|p1a: Ursaluna|0 fnt\n|-unboost|p2a: Zacian|def|1\n|-unboost|p2a: Zacian|spd|1\n|faint|p1a: Ursaluna\n|\n|upkeep\n|\n|t:|1697741926\n|switch|p1a: Flutter Mane|Flutter Mane|100\/100\n|-activate|p1a: Flutter Mane|move: Sticky Web\n|-unboost|p1a: Flutter Mane|spe|1\n|turn|9\n|\n|t:|1697741932\n|-terastallize|p1a: Flutter Mane|Fairy\n|move|p2a: Zacian|Behemoth Blade|p1a: Flutter Mane\n|-supereffective|p1a: Flutter Mane\n|-damage|p1a: Flutter Mane|0 fnt\n|faint|p1a: Flutter Mane\n|-end|p1a: Flutter Mane|Protosynthesis|[silent]\n|\n|upkeep\n|\n|t:|1697741937\n|switch|p1a: Samurott|Samurott-Hisui, F|100\/100\n|-activate|p1a: Samurott|move: Sticky Web\n|-unboost|p1a: Samurott|spe|1\n|turn|10\n|\n|t:|1697741945\n|move|p2a: Zacian|Close Combat|p1a: Samurott\n|-supereffective|p1a: Samurott\n|-damage|p1a: Samurott|0 fnt\n|-unboost|p2a: Zacian|def|1\n|-unboost|p2a: Zacian|spd|1\n|faint|p1a: Samurott\n|\n|win|Turkitty\n|raw|soutrainerpepega's rating: 1126 &rarr; <strong>1108<\/strong><br \/>(-18 for losing)\n|raw|Turkitty's rating: 1223 &rarr; <strong>1241<\/strong><br \/>(+18 for winning)\n","uploadtime":1697741953,"views":7,"p1id":"soutrainerpepega","p2id":"turkitty","formatid":"gen9ubers","rating":1108,"private":0,"password":""}