{"id":"gen9ubers-1979245449","p1":"Vario 64\u2606\u5f61","p2":"ateup","format":"[Gen 9] Ubers","log":"|j|\u2606Vario 64\u2606\u5f61\n|j|\u2606ateup\n|t:|1698659887\n|gametype|singles\n|player|p1|Vario 64\u2606\u5f61|ghetsis|\n|player|p2|ateup|pokemaniac|\n|teamsize|p1|6\n|teamsize|p2|6\n|gen|9\n|tier|[Gen 9] Ubers\n|rule|Sleep Clause Mod: Limit one foe put to sleep\n|rule|Species Clause: Limit one of each Pok\u00e9mon\n|rule|OHKO Clause: OHKO moves are banned\n|rule|Evasion Items Clause: Evasion items are banned\n|rule|Evasion Moves Clause: Evasion moves are banned\n|rule|Endless Battle Clause: Forcing endless battles is banned\n|rule|HP Percentage Mod: HP is shown in percentages\n|clearpoke\n|poke|p1|Landorus, M|\n|poke|p1|Gholdengo|\n|poke|p1|Darkrai|\n|poke|p1|Arceus-Fire|\n|poke|p1|Cyclizar, F|\n|poke|p1|Zacian-*|\n|poke|p2|Dialga|\n|poke|p2|Shaymin-Sky|\n|poke|p2|Palkia-Origin|\n|poke|p2|Magearna|\n|poke|p2|Urshifu-*, M|\n|poke|p2|Cyclizar, M|\n|teampreview\n|inactive|Battle timer is ON: inactive players will automatically lose when time's up. (requested by ateup)\n|\n|t:|1698659901\n|start\n|switch|p1a: Landorus|Landorus, M|100\/100\n|switch|p2a: Urshifu|Urshifu, M|100\/100\n|turn|1\n|\n|t:|1698659911\n|move|p1a: Landorus|Stealth Rock|p2a: Urshifu\n|-sidestart|p2: ateup|move: Stealth Rock\n|move|p2a: Urshifu|Wicked Blow|p1a: Landorus\n|-crit|p1a: Landorus\n|-damage|p1a: Landorus|0 fnt\n|faint|p1a: Landorus\n|\n|upkeep\n|\n|t:|1698659930\n|switch|p1a: Cyclizar|Cyclizar, F|100\/100\n|turn|2\n|\n|t:|1698659936\n|move|p1a: Cyclizar|Shed Tail|p1a: Cyclizar\n|-start|p1a: Cyclizar|Substitute|[from] move: Shed Tail\n|-damage|p1a: Cyclizar|50\/100\n|\n|t:|1698659942\n|switch|p1a: Zacian|Zacian|100\/100|[from] Shed Tail\n|-ability|p1a: Zacian|Intrepid Sword|boost\n|-boost|p1a: Zacian|atk|1\n|move|p2a: Urshifu|Wicked Blow|p1a: Zacian\n|-resisted|p1a: Zacian\n|-crit|p1a: Zacian\n|-end|p1a: Zacian|Substitute\n|\n|upkeep\n|turn|3\n|\n|t:|1698659959\n|switch|p2a: fight me|Magearna|100\/100\n|-damage|p2a: fight me|94\/100|[from] Stealth Rock\n|move|p1a: Zacian|Swords Dance|p1a: Zacian\n|-boost|p1a: Zacian|atk|2\n|\n|-heal|p2a: fight me|100\/100|[from] item: Leftovers\n|upkeep\n|turn|4\n|\n|t:|1698659974\n|-terastallize|p1a: Zacian|Fighting\n|move|p1a: Zacian|Close Combat|p2a: fight me\n|-damage|p2a: fight me|0 fnt\n|-unboost|p1a: Zacian|def|1\n|-unboost|p1a: Zacian|spd|1\n|faint|p2a: fight me\n|\n|upkeep\n|inactive|ateup has 270 seconds left.\n|\n|t:|1698659999\n|switch|p2a: Urshifu|Urshifu, M|100\/100\n|-damage|p2a: Urshifu|94\/100|[from] Stealth Rock\n|turn|5\n|\n|t:|1698660005\n|-terastallize|p2a: Urshifu|Dark\n|move|p2a: Urshifu|Sucker Punch|p1a: Zacian\n|-resisted|p1a: Zacian\n|-damage|p1a: Zacian|40\/100\n|move|p1a: Zacian|Play Rough|p2a: Urshifu\n|-supereffective|p2a: Urshifu\n|-damage|p2a: Urshifu|0 fnt\n|faint|p2a: Urshifu\n|\n|upkeep\n|\n|t:|1698660015\n|switch|p2a: annoying|Dialga|100\/100\n|-damage|p2a: annoying|94\/100|[from] Stealth Rock\n|-ability|p2a: annoying|Pressure\n|turn|6\n|\n|t:|1698660029\n|move|p1a: Zacian|Close Combat|p2a: annoying\n|-supereffective|p2a: annoying\n|-damage|p2a: annoying|0 fnt\n|-unboost|p1a: Zacian|def|1\n|-unboost|p1a: Zacian|spd|1\n|faint|p2a: annoying\n|\n|upkeep\n|\n|t:|1698660036\n|switch|p2a: Cyclizar|Cyclizar, M|100\/100\n|turn|7\n|\n|t:|1698660042\n|move|p1a: Zacian|Play Rough|p2a: Cyclizar\n|-supereffective|p2a: Cyclizar\n|-damage|p2a: Cyclizar|0 fnt\n|faint|p2a: Cyclizar\n|\n|upkeep\n|\n|t:|1698660047\n|switch|p2a: Palkia|Palkia-Origin|100\/100\n|-damage|p2a: Palkia|88\/100|[from] Stealth Rock\n|-ability|p2a: Palkia|Pressure\n|turn|8\n|\n|t:|1698660053\n|move|p1a: Zacian|Play Rough|p2a: Palkia\n|-supereffective|p2a: Palkia\n|-damage|p2a: Palkia|0 fnt\n|faint|p2a: Palkia\n|\n|upkeep\n|c|\u2606ateup|i'm so dumb\n|c|\u2606ateup|i forgot zacian was a thing\n|\n|t:|1698660065\n|switch|p2a: Shaymin|Shaymin-Sky|100\/100\n|turn|9\n|c|\u2606Vario 64\u2606\u5f61|Its all good man\n|-message|ateup forfeited.\n|\n|win|Vario 64\u2606\u5f61\n|c|\u2606ateup|lemme build\n|c|\u2606Vario 64\u2606\u5f61|Happens literally to the best of us\n|c|\u2606Vario 64\u2606\u5f61|Yee\n|l|\u2606Vario 64\u2606\u5f61\n|l|\u2606ateup\n|j|\u2606ateup\n|player|p2|ateup|pokemaniac\n","uploadtime":1698660661,"views":18,"p1id":"vario64","p2id":"ateup","formatid":"gen9ubers","rating":0,"private":0,"password":""}