{"id":"gen9ubers-1971686724","p1":"password=rishe2912","p2":"Dillanspyxword","format":"[Gen 9] Ubers","log":"|j|\u2606password=rishe2912\n|j|\u2606Dillanspyxword\n|t:|1697761119\n|gametype|singles\n|player|p1|password=rishe2912|102|1056\n|player|p2|Dillanspyxword|hilbert-wonderlauncher|1204\n|teamsize|p1|6\n|teamsize|p2|6\n|gen|9\n|tier|[Gen 9] Ubers\n|rated|\n|rule|Sleep Clause Mod: Limit one foe put to sleep\n|rule|Species Clause: Limit one of each Pok\u00e9mon\n|rule|OHKO Clause: OHKO moves are banned\n|rule|Evasion Items Clause: Evasion items are banned\n|rule|Evasion Moves Clause: Evasion moves are banned\n|rule|Endless Battle Clause: Forcing endless battles is banned\n|rule|HP Percentage Mod: HP is shown in percentages\n|clearpoke\n|poke|p1|Miraidon|\n|poke|p1|Iron Bundle|\n|poke|p1|Ogerpon-Hearthflame, F|\n|poke|p1|Baxcalibur, F|\n|poke|p1|Ting-Lu|\n|poke|p1|Espathra, M|\n|poke|p2|Giratina|\n|poke|p2|Palkia-Origin|\n|poke|p2|Kyogre|\n|poke|p2|Dialga|\n|poke|p2|Forretress, F|\n|poke|p2|Ogerpon-Hearthflame, F|\n|teampreview\n|\n|t:|1697761132\n|start\n|switch|p1a: Ting-Lu|Ting-Lu|100\/100\n|switch|p2a: Forretress|Forretress, F|100\/100\n|-ability|p1a: Ting-Lu|Vessel of Ruin\n|turn|1\n|\n|t:|1697761138\n|move|p1a: Ting-Lu|Stealth Rock|p2a: Forretress\n|-sidestart|p2: Dillanspyxword|move: Stealth Rock\n|move|p2a: Forretress|Stealth Rock|p1a: Ting-Lu\n|-sidestart|p1: password=rishe2912|move: Stealth Rock\n|\n|upkeep\n|turn|2\n|\n|t:|1697761142\n|move|p1a: Ting-Lu|Spikes|p2a: Forretress\n|-sidestart|p2: Dillanspyxword|Spikes\n|move|p2a: Forretress|Rapid Spin|p1a: Ting-Lu\n|-damage|p1a: Ting-Lu|96\/100\n|-boost|p2a: Forretress|spe|1\n|-sideend|p2: Dillanspyxword|Spikes|[from] move: Rapid Spin|[of] p2a: Forretress\n|-sideend|p2: Dillanspyxword|Stealth Rock|[from] move: Rapid Spin|[of] p2a: Forretress\n|\n|upkeep\n|turn|3\n|\n|t:|1697761149\n|move|p2a: Forretress|Spikes|p1a: Ting-Lu\n|-sidestart|p1: password=rishe2912|Spikes\n|move|p1a: Ting-Lu|Whirlwind|p2a: Forretress\n|drag|p2a: Dialga|Dialga|100\/100\n|-ability|p2a: Dialga|Pressure\n|\n|upkeep\n|turn|4\n|\n|t:|1697761155\n|move|p2a: Dialga|Dragon Pulse|p1a: Ting-Lu\n|-damage|p1a: Ting-Lu|65\/100\n|move|p1a: Ting-Lu|Stealth Rock|p2a: Dialga\n|-sidestart|p2: Dillanspyxword|move: Stealth Rock\n|\n|upkeep\n|turn|5\n|\n|t:|1697761160\n|move|p2a: Dialga|Dragon Pulse|p1a: Ting-Lu\n|-damage|p1a: Ting-Lu|35\/100\n|move|p1a: Ting-Lu|Spikes|p2a: Dialga\n|-sidestart|p2: Dillanspyxword|Spikes\n|\n|upkeep\n|turn|6\n|\n|t:|1697761164\n|move|p2a: Dialga|Dragon Pulse|p1a: Ting-Lu\n|-damage|p1a: Ting-Lu|6\/100\n|move|p1a: Ting-Lu|Spikes|p2a: Dialga\n|-sidestart|p2: Dillanspyxword|Spikes\n|\n|upkeep\n|turn|7\n|\n|t:|1697761178\n|move|p2a: Dialga|Dragon Pulse|p1a: Ting-Lu\n|-damage|p1a: Ting-Lu|0 fnt\n|faint|p1a: Ting-Lu\n|\n|upkeep\n|\n|t:|1697761190\n|switch|p1a: Miraidon|Miraidon|100\/100\n|-damage|p1a: Miraidon|88\/100|[from] Stealth Rock\n|-damage|p1a: Miraidon|76\/100|[from] Spikes\n|-fieldstart|move: Electric Terrain|[from] ability: Hadron Engine|[of] p1a: Miraidon\n|turn|8\n|\n|t:|1697761201\n|move|p2a: Dialga|Dragon Pulse|p1a: Miraidon\n|-supereffective|p1a: Miraidon\n|-damage|p1a: Miraidon|0 fnt\n|faint|p1a: Miraidon\n|\n|upkeep\n|\n|t:|1697761209\n|switch|p1a: Iron Bundle|Iron Bundle|100\/100\n|-activate|p1a: Iron Bundle|ability: Quark Drive\n|-start|p1a: Iron Bundle|quarkdrivespe\n|turn|9\n|\n|t:|1697761216\n|move|p1a: Iron Bundle|Ice Beam|p2a: Dialga\n|-damage|p2a: Dialga|57\/100\n|-status|p2a: Dialga|frz\n|cant|p2a: Dialga|frz\n|\n|upkeep\n|turn|10\n|\n|t:|1697761222\n|move|p1a: Iron Bundle|Ice Beam|p2a: Dialga\n|-damage|p2a: Dialga|10\/100 frz\n|cant|p2a: Dialga|frz\n|\n|upkeep\n|turn|11\n|c|\u2606Dillanspyxword|Bruuuh 1ma000\n|\n|t:|1697761239\n|move|p1a: Iron Bundle|Ice Beam|p2a: Dialga\n|-damage|p2a: Dialga|0 fnt\n|faint|p2a: Dialga\n|\n|upkeep\n|\n|t:|1697761250\n|switch|p2a: Palkia|Palkia-Origin|100\/100\n|-damage|p2a: Palkia|88\/100|[from] Stealth Rock\n|-damage|p2a: Palkia|72\/100|[from] Spikes\n|-ability|p2a: Palkia|Pressure\n|turn|12\n|\n|t:|1697761256\n|move|p1a: Iron Bundle|Freeze-Dry|p2a: Palkia\n|-supereffective|p2a: Palkia\n|-damage|p2a: Palkia|0 fnt\n|faint|p2a: Palkia\n|\n|-fieldend|move: Electric Terrain\n|-end|p1a: Iron Bundle|Quark Drive\n|upkeep\n|\n|t:|1697761262\n|switch|p2a: Kyogre|Kyogre|100\/100\n|-damage|p2a: Kyogre|88\/100|[from] Stealth Rock\n|-damage|p2a: Kyogre|72\/100|[from] Spikes\n|-weather|RainDance|[from] ability: Drizzle|[of] p2a: Kyogre\n|turn|13\n|\n|t:|1697761268\n|move|p2a: Kyogre|Thunder|p1a: Iron Bundle\n|-supereffective|p1a: Iron Bundle\n|-damage|p1a: Iron Bundle|0 fnt\n|faint|p1a: Iron Bundle\n|-end|p1a: Iron Bundle|Quark Drive|[silent]\n|\n|-weather|RainDance|[upkeep]\n|upkeep\n|\n|t:|1697761287\n|switch|p1a: Ogerpon|Ogerpon-Hearthflame, F|100\/100\n|-damage|p1a: Ogerpon|76\/100|[from] Stealth Rock\n|-damage|p1a: Ogerpon|63\/100|[from] Spikes\n|-ability|p1a: Ogerpon|Mold Breaker\n|turn|14\n|\n|t:|1697761292\n|move|p2a: Kyogre|Thunder|p1a: Ogerpon\n|-resisted|p1a: Ogerpon\n|-damage|p1a: Ogerpon|38\/100\n|move|p1a: Ogerpon|Horn Leech|p2a: Kyogre\n|-supereffective|p2a: Kyogre\n|-damage|p2a: Kyogre|0 fnt\n|-heal|p1a: Ogerpon|79\/100|[from] drain|[of] p2a: Kyogre\n|faint|p2a: Kyogre\n|\n|-weather|RainDance|[upkeep]\n|upkeep\n|\n|t:|1697761300\n|switch|p2a: Giratina|Giratina|100\/100\n|-damage|p2a: Giratina|88\/100|[from] Stealth Rock\n|-damage|p2a: Giratina|71\/100|[from] Spikes\n|-ability|p2a: Giratina|Pressure\n|turn|15\n|inactive|Battle timer is ON: inactive players will automatically lose when time's up. (requested by password=rishe2912)\n|\n|t:|1697761306\n|move|p1a: Ogerpon|Trailblaze|p2a: Giratina\n|-resisted|p2a: Giratina\n|-damage|p2a: Giratina|62\/100\n|-boost|p1a: Ogerpon|spe|1\n|move|p2a: Giratina|Shadow Force||[still]\n|-prepare|p2a: Giratina|Shadow Force\n|\n|-weather|RainDance|[upkeep]\n|-heal|p2a: Giratina|69\/100|[from] item: Leftovers\n|upkeep\n|turn|16\n|\n|t:|1697761334\n|move|p1a: Ogerpon|Swords Dance|p1a: Ogerpon\n|-boost|p1a: Ogerpon|atk|2\n|move|p2a: Giratina|Shadow Force|p1a: Ogerpon|[from]lockedmove\n|-damage|p1a: Ogerpon|21\/100\n|\n|-weather|RainDance|[upkeep]\n|-heal|p2a: Giratina|75\/100|[from] item: Leftovers\n|upkeep\n|turn|17\n|\n|t:|1697761342\n|move|p1a: Ogerpon|Horn Leech|p2a: Giratina\n|-resisted|p2a: Giratina\n|-damage|p2a: Giratina|47\/100\n|-heal|p1a: Ogerpon|45\/100|[from] drain|[of] p2a: Giratina\n|move|p2a: Giratina|Shadow Force||[still]\n|-prepare|p2a: Giratina|Shadow Force\n|\n|-weather|none\n|-heal|p2a: Giratina|53\/100|[from] item: Leftovers\n|upkeep\n|turn|18\n|\n|t:|1697761353\n|move|p1a: Ogerpon|Horn Leech|p2a: Giratina|[miss]\n|-miss|p1a: Ogerpon|p2a: Giratina\n|move|p2a: Giratina|Shadow Force|p1a: Ogerpon|[from]lockedmove\n|-damage|p1a: Ogerpon|0 fnt\n|faint|p1a: Ogerpon\n|\n|-heal|p2a: Giratina|59\/100|[from] item: Leftovers\n|upkeep\n|\n|t:|1697761365\n|switch|p1a: Espathra|Espathra, M, shiny|100\/100\n|-damage|p1a: Espathra|88\/100|[from] Stealth Rock\n|-damage|p1a: Espathra|76\/100|[from] Spikes\n|turn|19\n|\n|t:|1697761372\n|move|p1a: Espathra|Calm Mind|p1a: Espathra\n|-boost|p1a: Espathra|spa|1\n|-boost|p1a: Espathra|spd|1\n|move|p2a: Giratina|Shadow Force||[still]\n|-prepare|p2a: Giratina|Shadow Force\n|\n|-heal|p2a: Giratina|65\/100|[from] item: Leftovers\n|-ability|p1a: Espathra|Speed Boost|boost\n|-boost|p1a: Espathra|spe|1\n|upkeep\n|turn|20\n|\n|t:|1697761380\n|move|p1a: Espathra|Roost|p1a: Espathra\n|-heal|p1a: Espathra|100\/100\n|-singleturn|p1a: Espathra|move: Roost\n|move|p2a: Giratina|Shadow Force|p1a: Espathra|[from]lockedmove\n|-supereffective|p1a: Espathra\n|-damage|p1a: Espathra|0 fnt\n|faint|p1a: Espathra\n|\n|-heal|p2a: Giratina|72\/100|[from] item: Leftovers\n|upkeep\n|\n|t:|1697761388\n|switch|p1a: Baxcalibur|Baxcalibur, F|100\/100\n|turn|21\n|\n|t:|1697761394\n|-terastallize|p2a: Giratina|Fighting\n|move|p1a: Baxcalibur|Dragon Dance|p1a: Baxcalibur\n|-boost|p1a: Baxcalibur|atk|1\n|-boost|p1a: Baxcalibur|spe|1\n|move|p2a: Giratina|Will-O-Wisp|p1a: Baxcalibur|[miss]\n|-miss|p2a: Giratina|p1a: Baxcalibur\n|\n|-heal|p2a: Giratina|78\/100|[from] item: Leftovers\n|upkeep\n|turn|22\n|\n|t:|1697761413\n|move|p1a: Baxcalibur|Scale Shot|p2a: Giratina\n|-damage|p2a: Giratina|66\/100\n|-damage|p2a: Giratina|52\/100\n|-damage|p2a: Giratina|39\/100\n|-damage|p2a: Giratina|25\/100\n|-damage|p2a: Giratina|13\/100\n|-hitcount|p2a: Giratina|5\n|-unboost|p1a: Baxcalibur|def|1\n|-boost|p1a: Baxcalibur|spe|1\n|move|p2a: Giratina|Will-O-Wisp|p1a: Baxcalibur\n|-immune|p1a: Baxcalibur|[from] ability: Thermal Exchange\n|\n|-heal|p2a: Giratina|19\/100|[from] item: Leftovers\n|upkeep\n|turn|23\n|\n|t:|1697761427\n|move|p1a: Baxcalibur|Scale Shot|p2a: Giratina|[miss]\n|-miss|p1a: Baxcalibur|p2a: Giratina\n|move|p2a: Giratina|Aura Sphere|p1a: Baxcalibur\n|-supereffective|p1a: Baxcalibur\n|-damage|p1a: Baxcalibur|47\/100\n|\n|-heal|p2a: Giratina|25\/100|[from] item: Leftovers\n|upkeep\n|turn|24\n|\n|t:|1697761435\n|move|p1a: Baxcalibur|Scale Shot|p2a: Giratina\n|-damage|p2a: Giratina|12\/100\n|-damage|p2a: Giratina|0 fnt\n|faint|p2a: Giratina\n|-hitcount|p2: Giratina|2\n|-unboost|p1a: Baxcalibur|def|1\n|-boost|p1a: Baxcalibur|spe|1\n|\n|upkeep\n|\n|t:|1697761440\n|switch|p2a: Forretress|Forretress, F|100\/100\n|-damage|p2a: Forretress|88\/100|[from] Stealth Rock\n|-damage|p2a: Forretress|71\/100|[from] Spikes\n|turn|25\n|\n|t:|1697761449\n|move|p1a: Baxcalibur|Scale Shot|p2a: Forretress\n|-resisted|p2a: Forretress\n|-crit|p2a: Forretress\n|-damage|p2a: Forretress|63\/100\n|-resisted|p2a: Forretress\n|-damage|p2a: Forretress|57\/100\n|-resisted|p2a: Forretress\n|-damage|p2a: Forretress|52\/100\n|-hitcount|p2a: Forretress|3\n|-unboost|p1a: Baxcalibur|def|1\n|-boost|p1a: Baxcalibur|spe|1\n|move|p2a: Forretress|Gyro Ball|p1a: Baxcalibur\n|-supereffective|p1a: Baxcalibur\n|-damage|p1a: Baxcalibur|0 fnt\n|faint|p1a: Baxcalibur\n|\n|win|Dillanspyxword\n|raw|password=rishe2912's rating: 1056 &rarr; <strong>1045<\/strong><br \/>(-11 for losing)\n|raw|Dillanspyxword's rating: 1204 &rarr; <strong>1219<\/strong><br \/>(+15 for winning)\n|l|\u2606password=rishe2912\n|c|\u2606Dillanspyxword|ggs\n","uploadtime":1697761462,"views":7,"p1id":"passwordrishe2912","p2id":"dillanspyxword","formatid":"gen9ubers","rating":1045,"private":0,"password":""}