{"id":"gen9ubers-1995054956","p1":"OreoSpeedruns","p2":"Alexander90281","format":"[Gen 9] Ubers","log":"|j|\u2606OreoSpeedruns\n|j|\u2606Alexander90281\n|inactive|Battle timer is ON: inactive players will automatically lose when time's up.\n|t:|1700517680\n|gametype|singles\n|player|p1|OreoSpeedruns|hilbert-masters|\n|player|p2|Alexander90281|tateandliza-gen6|\n|teamsize|p1|6\n|teamsize|p2|6\n|gen|9\n|tier|[Gen 9] Ubers\n|rated|Tournament battle\n|rule|Sleep Clause Mod: Limit one foe put to sleep\n|rule|Species Clause: Limit one of each Pok\u00e9mon\n|rule|OHKO Clause: OHKO moves are banned\n|rule|Evasion Items Clause: Evasion items are banned\n|rule|Evasion Moves Clause: Evasion moves are banned\n|rule|Endless Battle Clause: Forcing endless battles is banned\n|rule|HP Percentage Mod: HP is shown in percentages\n|clearpoke\n|poke|p1|Ribombee, F|\n|poke|p1|Koraidon|\n|poke|p1|Flutter Mane|\n|poke|p1|Ogerpon-Hearthflame, F|\n|poke|p1|Arceus-Ground|\n|poke|p1|Rayquaza|\n|poke|p2|Mimikyu, F|\n|poke|p2|Hatterene, F|\n|poke|p2|Kyogre|\n|poke|p2|Annihilape, M|\n|poke|p2|Basculegion, M|\n|poke|p2|Calyrex-Ice|\n|teampreview\n|j|*Lady Monita \u2746\n|j| BB-8-NU\n|j| Goomy Guy12345\n|\n|t:|1700517694\n|start\n|switch|p1a: Ribombee|Ribombee, F, shiny|100\/100\n|switch|p2a: Calyrex|Calyrex-Ice|100\/100\n|-ability|p2a: Calyrex|As One\n|-ability|p2a: Calyrex|Unnerve\n|turn|1\n|j| Blitz0\n|l| Blitz0\n|\n|t:|1700517709\n|move|p1a: Ribombee|Moonblast|p2a: Calyrex\n|-damage|p2a: Calyrex|74\/100\n|move|p2a: Calyrex|Icicle Spear|p1a: Ribombee\n|-damage|p1a: Ribombee|68\/100\n|-damage|p1a: Ribombee|36\/100\n|-damage|p1a: Ribombee|3\/100\n|-damage|p1a: Ribombee|0 fnt\n|faint|p1a: Ribombee\n|-ability|p2a: Calyrex|Chilling Neigh|boost\n|-boost|p2a: Calyrex|atk|1\n|-hitcount|p1: Ribombee|4\n|\n|upkeep\n|j| bwahahaha\n|\n|t:|1700517727\n|switch|p1a: Koraidon|Koraidon|100\/100\n|-weather|SunnyDay|[from] ability: Orichalcum Pulse|[of] p1a: Koraidon\n|-activate|p1a: Koraidon|Orichalcum Pulse|[source]\n|turn|2\n|\n|t:|1700517739\n|switch|p2a: Kyogre|Kyogre|100\/100\n|-weather|RainDance|[from] ability: Drizzle|[of] p2a: Kyogre\n|move|p1a: Koraidon|Flare Blitz|p2a: Kyogre\n|-resisted|p2a: Kyogre\n|-damage|p2a: Kyogre|90\/100\n|-damage|p1a: Koraidon|97\/100|[from] Recoil\n|\n|-weather|RainDance|[upkeep]\n|upkeep\n|turn|3\n|j| IcedOut06\n|\n|t:|1700517761\n|switch|p1a: Flutter Mane|Flutter Mane, shiny|100\/100\n|move|p2a: Kyogre|Ice Beam|p1a: Flutter Mane\n|-crit|p1a: Flutter Mane\n|-damage|p1a: Flutter Mane|44\/100\n|\n|-weather|RainDance|[upkeep]\n|upkeep\n|turn|4\n|\n|t:|1700517766\n|move|p1a: Flutter Mane|Moonblast|p2a: Kyogre\n|-damage|p2a: Kyogre|45\/100\n|-damage|p1a: Flutter Mane|34\/100|[from] item: Life Orb\n|move|p2a: Kyogre|Origin Pulse|p1a: Flutter Mane\n|-damage|p1a: Flutter Mane|0 fnt\n|faint|p1a: Flutter Mane\n|-end|p1a: Flutter Mane|Protosynthesis|[silent]\n|\n|-weather|RainDance|[upkeep]\n|upkeep\n|j| Drageen\n|\n|t:|1700517789\n|switch|p1a: Koraidon|Koraidon|97\/100\n|-weather|SunnyDay|[from] ability: Orichalcum Pulse|[of] p1a: Koraidon\n|-activate|p1a: Koraidon|Orichalcum Pulse|[source]\n|turn|5\n|\n|t:|1700517794\n|switch|p2a: Annihilape|Annihilape, M|100\/100\n|move|p1a: Koraidon|Flare Blitz|p2a: Annihilape\n|-damage|p2a: Annihilape|5\/100\n|-damage|p1a: Koraidon|61\/100|[from] Recoil\n|\n|-weather|SunnyDay|[upkeep]\n|upkeep\n|turn|6\n|\n|t:|1700517803\n|move|p2a: Annihilape|Rage Fist|p1a: Koraidon\n|-damage|p1a: Koraidon|30\/100\n|move|p1a: Koraidon|Scale Shot|p2a: Annihilape\n|-damage|p2a: Annihilape|0 fnt\n|faint|p2a: Annihilape\n|-hitcount|p2: Annihilape|1\n|-unboost|p1a: Koraidon|def|1\n|-boost|p1a: Koraidon|spe|1\n|\n|-weather|SunnyDay|[upkeep]\n|upkeep\n|\n|t:|1700517809\n|switch|p2a: Hatterene|Hatterene, F|100\/100\n|turn|7\n|\n|t:|1700517812\n|move|p1a: Koraidon|Flare Blitz|p2a: Hatterene\n|-enditem|p2a: Hatterene|Focus Sash\n|-damage|p2a: Hatterene|1\/100\n|-damage|p1a: Koraidon|3\/100|[from] Recoil\n|move|p2a: Hatterene|Trick Room|p2a: Hatterene\n|-fieldstart|move: Trick Room|[of] p2a: Hatterene\n|\n|-weather|SunnyDay|[upkeep]\n|upkeep\n|turn|8\n|\n|t:|1700517816\n|move|p2a: Hatterene|Psyshock|p1a: Koraidon\n|-supereffective|p1a: Koraidon\n|-damage|p1a: Koraidon|0 fnt\n|faint|p1a: Koraidon\n|\n|-weather|SunnyDay|[upkeep]\n|upkeep\n|\n|t:|1700517820\n|switch|p1a: Arceus|Arceus-Ground|100\/100\n|turn|9\n|\n|t:|1700517824\n|move|p2a: Hatterene|Healing Wish|p2a: Hatterene\n|faint|p2a: Hatterene\n|move|p1a: Arceus|Stealth Rock|p2: Hatterene\n|-sidestart|p2: Alexander90281|move: Stealth Rock\n|\n|-weather|none\n|upkeep\n|\n|t:|1700517826\n|switch|p2a: Kyogre|Kyogre|45\/100\n|-heal|p2a: Kyogre|100\/100|[from] move: Healing Wish\n|-damage|p2a: Kyogre|88\/100|[from] Stealth Rock\n|-weather|RainDance|[from] ability: Drizzle|[of] p2a: Kyogre\n|turn|10\n|\n|t:|1700517830\n|switch|p1a: Rayquaza|Rayquaza, shiny|100\/100\n|-ability|p1a: Rayquaza|Air Lock\n|move|p2a: Kyogre|Water Spout|p1a: Rayquaza\n|-resisted|p1a: Rayquaza\n|-damage|p1a: Rayquaza|46\/100\n|\n|-weather|RainDance|[upkeep]\n|upkeep\n|turn|11\n|\n|t:|1700517840\n|-terastallize|p1a: Rayquaza|Normal\n|move|p1a: Rayquaza|Extreme Speed|p2a: Kyogre\n|-damage|p2a: Kyogre|27\/100\n|-damage|p1a: Rayquaza|36\/100|[from] item: Life Orb\n|move|p2a: Kyogre|Ice Beam|p1a: Rayquaza\n|-damage|p1a: Rayquaza|0 fnt\n|faint|p1a: Rayquaza\n|\n|-weather|RainDance|[upkeep]\n|-fieldend|move: Trick Room\n|upkeep\n|j| foyersemeric\n|\n|t:|1700517853\n|switch|p1a: Ogerpon|Ogerpon-Hearthflame, F|100\/100\n|-ability|p1a: Ogerpon|Mold Breaker\n|turn|12\n|\n|t:|1700517860\n|move|p1a: Ogerpon|Horn Leech|p2a: Kyogre\n|-supereffective|p2a: Kyogre\n|-damage|p2a: Kyogre|0 fnt\n|faint|p2a: Kyogre\n|\n|-weather|RainDance|[upkeep]\n|upkeep\n|\n|t:|1700517867\n|switch|p2a: Calyrex|Calyrex-Ice|74\/100\n|-ability|p2a: Calyrex|As One\n|-ability|p2a: Calyrex|Unnerve\n|-damage|p2a: Calyrex|49\/100|[from] Stealth Rock\n|turn|13\n|\n|t:|1700517871\n|move|p1a: Ogerpon|Throat Chop|p2a: Calyrex\n|-supereffective|p2a: Calyrex\n|-damage|p2a: Calyrex|7\/100\n|-start|p2a: Calyrex|Throat Chop|[silent]\n|move|p2a: Calyrex|Trick Room|p2a: Calyrex\n|-fieldstart|move: Trick Room|[of] p2a: Calyrex\n|\n|-weather|RainDance|[upkeep]\n|upkeep\n|turn|14\n|\n|t:|1700517874\n|move|p2a: Calyrex|Icicle Spear|p1a: Ogerpon\n|-damage|p1a: Ogerpon|80\/100\n|-damage|p1a: Ogerpon|59\/100\n|-damage|p1a: Ogerpon|40\/100\n|-damage|p1a: Ogerpon|21\/100\n|-damage|p1a: Ogerpon|0 fnt\n|faint|p1a: Ogerpon\n|-ability|p2a: Calyrex|Chilling Neigh|boost\n|-boost|p2a: Calyrex|atk|1\n|-hitcount|p1: Ogerpon|5\n|\n|-weather|none\n|-end|p2a: Calyrex|Throat Chop|[silent]\n|upkeep\n|\n|t:|1700517877\n|switch|p1a: Arceus|Arceus-Ground|100\/100\n|turn|15\n|c| IcedOut06|thats a cool caly set\n|c| IcedOut06|ba dum tsss\n|inactive|Alexander90281 has 120 seconds left.\n|c| Drageen|*chuckle*\n|l| foyersemeric\n|\n|t:|1700517935\n|move|p2a: Calyrex|Icicle Spear|p1a: Arceus\n|-supereffective|p1a: Arceus\n|-damage|p1a: Arceus|65\/100\n|-supereffective|p1a: Arceus\n|-damage|p1a: Arceus|30\/100\n|-supereffective|p1a: Arceus\n|-damage|p1a: Arceus|0 fnt\n|faint|p1a: Arceus\n|-hitcount|p1: Arceus|3\n|\n|win|Alexander90281\n|n|\u2606OreoSpeedruns|oreospeedruns\n|n|\u2606Alexander90281|alexander90281\n|n|*Lady Monita \u2746|ladymonita\n|n| BB-8-NU|bb8nu\n|n| Goomy Guy12345|goomyguy12345\n|n| bwahahaha|bwahahaha\n|n| IcedOut06|icedout06\n|n| Drageen|drageen\n","uploadtime":1700517936,"views":2,"p1id":"oreospeedruns","p2id":"alexander90281","formatid":"gen9ubers","rating":0,"private":0,"password":""}