{"id":"gen9ubers-1986117889","p1":"Dylan in the MA","p2":"Aaron MA","format":"[Gen 9] Ubers","log":"|j|\u2606Dylan in the MA\n|j|\u2606Aaron MA\n|t:|1699451894\n|gametype|singles\n|player|p1|Dylan in the MA|striker|\n|player|p2|Aaron MA|265|\n|teamsize|p1|6\n|teamsize|p2|6\n|gen|9\n|tier|[Gen 9] Ubers\n|rule|Sleep Clause Mod: Limit one foe put to sleep\n|rule|Species Clause: Limit one of each Pok\u00e9mon\n|rule|OHKO Clause: OHKO moves are banned\n|rule|Evasion Items Clause: Evasion items are banned\n|rule|Evasion Moves Clause: Evasion moves are banned\n|rule|Endless Battle Clause: Forcing endless battles is banned\n|rule|HP Percentage Mod: HP is shown in percentages\n|clearpoke\n|poke|p1|Ninetales-Alola, F|\n|poke|p1|Rillaboom, F|\n|poke|p1|Hatterene, F|\n|poke|p1|Clefable, F|\n|poke|p1|Slowking-Galar, M|\n|poke|p1|Great Tusk|\n|poke|p2|Dondozo, F|\n|poke|p2|Gliscor, M|\n|poke|p2|Goodra-Hisui, M|\n|poke|p2|Dragonite, F|\n|poke|p2|Ogerpon-Hearthflame, F|\n|poke|p2|Iron Valiant|\n|teampreview\n|\n|t:|1699451936\n|start\n|switch|p1a: Great Tusk|Great Tusk|100\/100\n|switch|p2a: Ogerpon|Ogerpon-Hearthflame, F|100\/100\n|-ability|p2a: Ogerpon|Mold Breaker\n|turn|1\n|\n|t:|1699451964\n|switch|p2a: Gliscor|Gliscor, M|100\/100\n|move|p1a: Great Tusk|Headlong Rush|p2a: Gliscor\n|-immune|p2a: Gliscor\n|\n|-status|p2a: Gliscor|tox|[from] item: Toxic Orb\n|upkeep\n|turn|2\n|\n|t:|1699451982\n|-end|p1a: Great Tusk|Protosynthesis|[silent]\n|switch|p1a: Rillaboom|Rillaboom, F|100\/100\n|-fieldstart|move: Grassy Terrain|[from] ability: Grassy Surge|[of] p1a: Rillaboom\n|move|p2a: Gliscor|Spikes|p1a: Rillaboom\n|-sidestart|p1: Dylan in the MA|Spikes\n|\n|upkeep\n|turn|3\n|\n|t:|1699452001\n|move|p2a: Gliscor|Protect|p2a: Gliscor\n|-singleturn|p2a: Gliscor|Protect\n|move|p1a: Rillaboom|Knock Off|p2a: Gliscor\n|-activate|p2a: Gliscor|move: Protect\n|\n|upkeep\n|turn|4\n|\n|t:|1699452008\n|move|p1a: Rillaboom|Wood Hammer|p2a: Gliscor\n|-damage|p2a: Gliscor|53\/100 tox\n|-damage|p1a: Rillaboom|84\/100|[from] Recoil\n|move|p2a: Gliscor|Toxic|p1a: Rillaboom\n|-status|p1a: Rillaboom|tox\n|\n|-heal|p1a: Rillaboom|90\/100 tox|[from] Grassy Terrain\n|-damage|p1a: Rillaboom|84\/100 tox|[from] psn\n|-heal|p2a: Gliscor|65\/100 tox|[from] ability: Poison Heal\n|upkeep\n|turn|5\n|\n|t:|1699452028\n|move|p2a: Gliscor|Protect|p2a: Gliscor\n|-singleturn|p2a: Gliscor|Protect\n|move|p1a: Rillaboom|Wood Hammer|p2a: Gliscor\n|-activate|p2a: Gliscor|move: Protect\n|\n|-heal|p1a: Rillaboom|90\/100 tox|[from] Grassy Terrain\n|-damage|p1a: Rillaboom|78\/100 tox|[from] psn\n|-heal|p2a: Gliscor|78\/100 tox|[from] ability: Poison Heal\n|upkeep\n|turn|6\n|\n|t:|1699452052\n|switch|p1a: Hatterene|Hatterene, F|100\/100\n|-damage|p1a: Hatterene|88\/100|[from] Spikes\n|-enditem|p1a: Hatterene|Grassy Seed\n|-boost|p1a: Hatterene|def|1|[from] item: Grassy Seed\n|move|p2a: Gliscor|Spikes|p1a: Hatterene\n|move|p1a: Hatterene|Spikes|p2a: Gliscor|[from]ability: Magic Bounce\n|-sidestart|p2: Aaron MA|Spikes\n|\n|-heal|p1a: Hatterene|94\/100|[from] Grassy Terrain\n|-heal|p2a: Gliscor|90\/100 tox|[from] ability: Poison Heal\n|-fieldend|move: Grassy Terrain\n|upkeep\n|turn|7\n|\n|t:|1699452069\n|switch|p2a: Goodra|Goodra-Hisui, M|100\/100\n|-damage|p2a: Goodra|88\/100|[from] Spikes\n|move|p1a: Hatterene|Calm Mind|p1a: Hatterene\n|-boost|p1a: Hatterene|spa|1\n|-boost|p1a: Hatterene|spd|1\n|\n|upkeep\n|turn|8\n|\n|t:|1699452084\n|move|p2a: Goodra|Flash Cannon|p1a: Hatterene\n|-supereffective|p1a: Hatterene\n|-damage|p1a: Hatterene|52\/100\n|move|p1a: Hatterene|Calm Mind|p1a: Hatterene\n|-boost|p1a: Hatterene|spa|1\n|-boost|p1a: Hatterene|spd|1\n|\n|upkeep\n|turn|9\n|\n|t:|1699452101\n|-terastallize|p1a: Hatterene|Water\n|move|p2a: Goodra|Flash Cannon|p1a: Hatterene\n|-resisted|p1a: Hatterene\n|-damage|p1a: Hatterene|45\/100\n|move|p1a: Hatterene|Mystical Fire|p2a: Goodra\n|-damage|p2a: Goodra|63\/100\n|-unboost|p2a: Goodra|spa|1\n|\n|upkeep\n|turn|10\n|\n|t:|1699452111\n|move|p1a: Hatterene|Draining Kiss|p2a: Goodra\n|-damage|p2a: Goodra|35\/100\n|-heal|p1a: Hatterene|68\/100|[from] drain|[of] p2a: Goodra\n|move|p2a: Goodra|Dragon Tail|p1a: Hatterene\n|-damage|p1a: Hatterene|57\/100\n|drag|p1a: Slowking|Slowking-Galar, M|100\/100\n|-damage|p1a: Slowking|88\/100|[from] Spikes\n|\n|upkeep\n|turn|11\n|\n|t:|1699452134\n|move|p2a: Goodra|Earthquake|p1a: Slowking\n|-supereffective|p1a: Slowking\n|-crit|p1a: Slowking\n|-damage|p1a: Slowking|11\/100\n|-enditem|p1a: Slowking|Sitrus Berry|[eat]\n|-heal|p1a: Slowking|36\/100|[from] item: Sitrus Berry\n|move|p1a: Slowking|Chilly Reception|p1a: Slowking\n|-weather|Snow\n|\n|t:|1699452159\n|switch|p1a: Great Tusk|Great Tusk|100\/100|[from] Chilly Reception\n|-damage|p1a: Great Tusk|88\/100|[from] Spikes\n|\n|-weather|Snow|[upkeep]\n|upkeep\n|turn|12\n|\n|t:|1699452168\n|move|p1a: Great Tusk|Ice Spinner|p2a: Goodra\n|-damage|p2a: Goodra|12\/100\n|move|p2a: Goodra|Rest|p2a: Goodra\n|-status|p2a: Goodra|slp|[from] move: Rest\n|-heal|p2a: Goodra|100\/100 slp|[silent]\n|-enditem|p2a: Goodra|Chesto Berry|[eat]\n|-curestatus|p2a: Goodra|slp|[msg]\n|\n|-weather|Snow|[upkeep]\n|upkeep\n|turn|13\n|\n|t:|1699452187\n|-end|p1a: Great Tusk|Protosynthesis|[silent]\n|switch|p1a: Rillaboom|Rillaboom, F|78\/100 tox\n|-damage|p1a: Rillaboom|66\/100 tox|[from] Spikes\n|-fieldstart|move: Grassy Terrain|[from] ability: Grassy Surge|[of] p1a: Rillaboom\n|switch|p2a: Iron Valiant|Iron Valiant|100\/100\n|-damage|p2a: Iron Valiant|88\/100|[from] Spikes\n|-enditem|p2a: Iron Valiant|Booster Energy\n|-activate|p2a: Iron Valiant|ability: Quark Drive|[fromitem]\n|-start|p2a: Iron Valiant|quarkdrivespe\n|\n|-weather|Snow|[upkeep]\n|-heal|p2a: Iron Valiant|94\/100|[from] Grassy Terrain\n|-heal|p1a: Rillaboom|72\/100 tox|[from] Grassy Terrain\n|-damage|p1a: Rillaboom|66\/100 tox|[from] psn\n|upkeep\n|turn|14\n|\n|t:|1699452204\n|move|p1a: Rillaboom|Grassy Glide|p2a: Iron Valiant\n|-damage|p2a: Iron Valiant|47\/100\n|move|p2a: Iron Valiant|Moonblast|p1a: Rillaboom\n|-damage|p1a: Rillaboom|2\/100 tox\n|-unboost|p1a: Rillaboom|spa|1\n|-enditem|p1a: Rillaboom|Eject Button\n|\n|t:|1699452227\n|switch|p1a: Hatterene|Hatterene, F, tera:Water|57\/100\n|-damage|p1a: Hatterene|45\/100|[from] Spikes\n|\n|-weather|Snow|[upkeep]\n|-heal|p2a: Iron Valiant|53\/100|[from] Grassy Terrain\n|-heal|p1a: Hatterene|51\/100|[from] Grassy Terrain\n|upkeep\n|turn|15\n|\n|t:|1699452237\n|move|p2a: Iron Valiant|Thunderbolt|p1a: Hatterene\n|-supereffective|p1a: Hatterene\n|-damage|p1a: Hatterene|0 fnt\n|faint|p1a: Hatterene\n|\n|-weather|none\n|-heal|p2a: Iron Valiant|60\/100|[from] Grassy Terrain\n|upkeep\n|\n|t:|1699452251\n|switch|p1a: Clefable|Clefable, F|100\/100\n|turn|16\n|\n|t:|1699452261\n|move|p2a: Iron Valiant|Moonblast|p1a: Clefable\n|-damage|p1a: Clefable|51\/100\n|move|p1a: Clefable|Calm Mind|p1a: Clefable\n|-boost|p1a: Clefable|spa|1\n|-boost|p1a: Clefable|spd|1\n|\n|-heal|p2a: Iron Valiant|66\/100|[from] Grassy Terrain\n|-heal|p1a: Clefable|57\/100|[from] Grassy Terrain\n|-heal|p1a: Clefable|63\/100|[from] item: Leftovers\n|upkeep\n|turn|17\n|\n|t:|1699452274\n|move|p2a: Iron Valiant|Moonblast|p1a: Clefable\n|-damage|p1a: Clefable|32\/100\n|move|p1a: Clefable|Moonlight|p1a: Clefable\n|-heal|p1a: Clefable|82\/100\n|\n|-heal|p2a: Iron Valiant|72\/100|[from] Grassy Terrain\n|-heal|p1a: Clefable|88\/100|[from] Grassy Terrain\n|-heal|p1a: Clefable|95\/100|[from] item: Leftovers\n|-fieldend|move: Grassy Terrain\n|upkeep\n|turn|18\n|\n|t:|1699452288\n|move|p2a: Iron Valiant|Moonblast|p1a: Clefable\n|-damage|p1a: Clefable|61\/100\n|move|p1a: Clefable|Calm Mind|p1a: Clefable\n|-boost|p1a: Clefable|spa|1\n|-boost|p1a: Clefable|spd|1\n|\n|-heal|p1a: Clefable|68\/100|[from] item: Leftovers\n|upkeep\n|turn|19\n|\n|t:|1699452301\n|move|p2a: Iron Valiant|Destiny Bond|p2a: Iron Valiant\n|-singlemove|p2a: Iron Valiant|Destiny Bond\n|move|p1a: Clefable|Moonlight|p1a: Clefable\n|-heal|p1a: Clefable|100\/100\n|\n|upkeep\n|turn|20\n|\n|t:|1699452315\n|-end|p2a: Iron Valiant|Quark Drive|[silent]\n|switch|p2a: Goodra|Goodra-Hisui, M|100\/100\n|-damage|p2a: Goodra|88\/100|[from] Spikes\n|move|p1a: Clefable|Moonblast|p2a: Goodra\n|-damage|p2a: Goodra|50\/100\n|\n|upkeep\n|turn|21\n|\n|t:|1699452326\n|move|p1a: Clefable|Calm Mind|p1a: Clefable\n|-boost|p1a: Clefable|spa|1\n|-boost|p1a: Clefable|spd|1\n|move|p2a: Goodra|Flash Cannon|p1a: Clefable\n|-supereffective|p1a: Clefable\n|-damage|p1a: Clefable|75\/100\n|\n|-heal|p1a: Clefable|81\/100|[from] item: Leftovers\n|upkeep\n|turn|22\n|\n|t:|1699452335\n|move|p1a: Clefable|Calm Mind|p1a: Clefable\n|-boost|p1a: Clefable|spa|1\n|-boost|p1a: Clefable|spd|1\n|move|p2a: Goodra|Flash Cannon|p1a: Clefable\n|-supereffective|p1a: Clefable\n|-damage|p1a: Clefable|60\/100\n|\n|-heal|p1a: Clefable|66\/100|[from] item: Leftovers\n|upkeep\n|turn|23\n|\n|t:|1699452345\n|move|p1a: Clefable|Calm Mind|p1a: Clefable\n|-boost|p1a: Clefable|spa|1\n|-boost|p1a: Clefable|spd|1\n|move|p2a: Goodra|Flash Cannon|p1a: Clefable\n|-supereffective|p1a: Clefable\n|-damage|p1a: Clefable|50\/100\n|\n|-heal|p1a: Clefable|56\/100|[from] item: Leftovers\n|upkeep\n|turn|24\n|\n|t:|1699452360\n|move|p1a: Clefable|Calm Mind|p1a: Clefable\n|-boost|p1a: Clefable|spa|1\n|-boost|p1a: Clefable|spd|1\n|move|p2a: Goodra|Earthquake|p1a: Clefable\n|-damage|p1a: Clefable|39\/100\n|\n|-heal|p1a: Clefable|45\/100|[from] item: Leftovers\n|upkeep\n|turn|25\n|\n|t:|1699452371\n|move|p1a: Clefable|Moonlight|p1a: Clefable\n|-heal|p1a: Clefable|95\/100\n|move|p2a: Goodra|Earthquake|p1a: Clefable\n|-damage|p1a: Clefable|76\/100\n|\n|-heal|p1a: Clefable|82\/100|[from] item: Leftovers\n|upkeep\n|turn|26\n|\n|t:|1699452382\n|move|p1a: Clefable|Moonblast|p2a: Goodra\n|-damage|p2a: Goodra|0 fnt\n|faint|p2a: Goodra\n|\n|-heal|p1a: Clefable|88\/100|[from] item: Leftovers\n|upkeep\n|\n|t:|1699452404\n|switch|p2a: Gliscor|Gliscor, M|90\/100 tox\n|turn|27\n|\n|t:|1699452410\n|move|p2a: Gliscor|Toxic|p1a: Clefable\n|-status|p1a: Clefable|tox\n|move|p1a: Clefable|Moonblast|p2a: Gliscor\n|-damage|p2a: Gliscor|0 fnt\n|faint|p2a: Gliscor\n|\n|-heal|p1a: Clefable|94\/100 tox|[from] item: Leftovers\n|upkeep\n|\n|t:|1699452426\n|switch|p2a: Iron Valiant|Iron Valiant|72\/100\n|-damage|p2a: Iron Valiant|60\/100|[from] Spikes\n|turn|28\n|\n|t:|1699452432\n|move|p2a: Iron Valiant|Moonblast|p1a: Clefable\n|-damage|p1a: Clefable|83\/100 tox\n|move|p1a: Clefable|Moonblast|p2a: Iron Valiant\n|-supereffective|p2a: Iron Valiant\n|-damage|p2a: Iron Valiant|0 fnt\n|faint|p2a: Iron Valiant\n|-end|p2a: Iron Valiant|Quark Drive|[silent]\n|\n|-heal|p1a: Clefable|89\/100 tox|[from] item: Leftovers\n|upkeep\n|\n|t:|1699452442\n|switch|p2a: Dragonite|Dragonite, F|100\/100\n|turn|29\n|\n|t:|1699452452\n|move|p2a: Dragonite|Dragon Dance|p2a: Dragonite\n|-boost|p2a: Dragonite|atk|1\n|-boost|p2a: Dragonite|spe|1\n|move|p1a: Clefable|Moonblast|p2a: Dragonite\n|-supereffective|p2a: Dragonite\n|-damage|p2a: Dragonite|0 fnt\n|faint|p2a: Dragonite\n|\n|-heal|p1a: Clefable|95\/100 tox|[from] item: Leftovers\n|upkeep\n|\n|t:|1699452462\n|switch|p2a: Dondozo|Dondozo, F|100\/100\n|-damage|p2a: Dondozo|88\/100|[from] Spikes\n|turn|30\n|\n|t:|1699452469\n|-terastallize|p2a: Dondozo|Steel\n|move|p1a: Clefable|Moonblast|p2a: Dondozo\n|-resisted|p2a: Dondozo\n|-damage|p2a: Dondozo|78\/100\n|move|p2a: Dondozo|Curse|p2a: Dondozo\n|-unboost|p2a: Dondozo|spe|1\n|-boost|p2a: Dondozo|atk|1\n|-boost|p2a: Dondozo|def|1\n|\n|-heal|p1a: Clefable|100\/100 tox|[from] item: Leftovers\n|upkeep\n|turn|31\n|\n|t:|1699452484\n|move|p1a: Clefable|Flamethrower|p2a: Dondozo\n|-supereffective|p2a: Dondozo\n|-damage|p2a: Dondozo|55\/100\n|move|p2a: Dondozo|Curse|p2a: Dondozo\n|-unboost|p2a: Dondozo|spe|1\n|-boost|p2a: Dondozo|atk|1\n|-boost|p2a: Dondozo|def|1\n|\n|upkeep\n|turn|32\n|\n|t:|1699452493\n|move|p1a: Clefable|Flamethrower|p2a: Dondozo\n|-supereffective|p2a: Dondozo\n|-damage|p2a: Dondozo|31\/100\n|-enditem|p2a: Dondozo|Sitrus Berry|[eat]\n|-heal|p2a: Dondozo|56\/100|[from] item: Sitrus Berry\n|move|p2a: Dondozo|Curse|p2a: Dondozo\n|-unboost|p2a: Dondozo|spe|1\n|-boost|p2a: Dondozo|atk|1\n|-boost|p2a: Dondozo|def|1\n|\n|upkeep\n|turn|33\n|\n|t:|1699452512\n|switch|p1a: Ninetales|Ninetales-Alola, F|100\/100\n|-damage|p1a: Ninetales|88\/100|[from] Spikes\n|-weather|Snow|[from] ability: Snow Warning|[of] p1a: Ninetales\n|move|p2a: Dondozo|Body Press|p1a: Ninetales\n|-damage|p1a: Ninetales|33\/100\n|\n|-weather|Snow|[upkeep]\n|upkeep\n|turn|34\n|\n|t:|1699452529\n|move|p1a: Ninetales|Aurora Veil|p1a: Ninetales\n|-sidestart|p1: Dylan in the MA|move: Aurora Veil\n|move|p2a: Dondozo|Rest|p2a: Dondozo\n|-status|p2a: Dondozo|slp|[from] move: Rest\n|-heal|p2a: Dondozo|100\/100 slp|[silent]\n|\n|-weather|Snow|[upkeep]\n|upkeep\n|turn|35\n|\n|t:|1699452552\n|move|p1a: Ninetales|Freeze-Dry|p2a: Dondozo\n|-resisted|p2a: Dondozo\n|-damage|p2a: Dondozo|91\/100 slp\n|cant|p2a: Dondozo|slp\n|\n|-weather|Snow|[upkeep]\n|upkeep\n|turn|36\n|\n|t:|1699452560\n|move|p1a: Ninetales|Freeze-Dry|p2a: Dondozo\n|-resisted|p2a: Dondozo\n|-damage|p2a: Dondozo|83\/100 slp\n|cant|p2a: Dondozo|slp\n|\n|-weather|Snow|[upkeep]\n|upkeep\n|turn|37\n|\n|t:|1699452575\n|move|p1a: Ninetales|Encore|p2a: Dondozo\n|-start|p2a: Dondozo|Encore\n|-curestatus|p2a: Dondozo|slp|[msg]\n|move|p2a: Dondozo|Rest|p2a: Dondozo\n|-status|p2a: Dondozo|slp|[from] move: Rest\n|-heal|p2a: Dondozo|100\/100 slp|[silent]\n|\n|-weather|none\n|upkeep\n|turn|38\n|\n|t:|1699452598\n|move|p1a: Ninetales|Freeze-Dry|p2a: Dondozo\n|-resisted|p2a: Dondozo\n|-damage|p2a: Dondozo|91\/100 slp\n|cant|p2a: Dondozo|slp\n|\n|upkeep\n|turn|39\n|\n|t:|1699452605\n|move|p1a: Ninetales|Freeze-Dry|p2a: Dondozo\n|-resisted|p2a: Dondozo\n|-damage|p2a: Dondozo|83\/100 slp\n|cant|p2a: Dondozo|slp\n|\n|-end|p2a: Dondozo|Encore\n|upkeep\n|turn|40\n|\n|t:|1699452614\n|move|p1a: Ninetales|Encore|p2a: Dondozo\n|-start|p2a: Dondozo|Encore\n|-curestatus|p2a: Dondozo|slp|[msg]\n|move|p2a: Dondozo|Rest|p2a: Dondozo\n|-status|p2a: Dondozo|slp|[from] move: Rest\n|-heal|p2a: Dondozo|100\/100 slp|[silent]\n|\n|upkeep\n|turn|41\n|\n|t:|1699452631\n|switch|p1a: Clefable|Clefable, F|100\/100 tox\n|cant|p2a: Dondozo|slp\n|\n|-sideend|p1: Dylan in the MA|move: Aurora Veil\n|upkeep\n|turn|42\n|\n|t:|1699452641\n|move|p1a: Clefable|Flamethrower|p2a: Dondozo\n|-supereffective|p2a: Dondozo\n|-damage|p2a: Dondozo|76\/100 slp\n|cant|p2a: Dondozo|slp\n|\n|-end|p2a: Dondozo|Encore\n|upkeep\n|turn|43\n|\n|t:|1699452651\n|move|p1a: Clefable|Flamethrower|p2a: Dondozo\n|-supereffective|p2a: Dondozo\n|-damage|p2a: Dondozo|51\/100 slp\n|-curestatus|p2a: Dondozo|slp|[msg]\n|move|p2a: Dondozo|Avalanche|p1a: Clefable\n|-damage|p1a: Clefable|42\/100 tox\n|\n|-heal|p1a: Clefable|48\/100 tox|[from] item: Leftovers\n|upkeep\n|turn|44\n|\n|t:|1699452662\n|move|p1a: Clefable|Moonlight|p1a: Clefable\n|-heal|p1a: Clefable|98\/100 tox\n|move|p2a: Dondozo|Avalanche|p1a: Clefable\n|-damage|p1a: Clefable|70\/100 tox\n|\n|-heal|p1a: Clefable|76\/100 tox|[from] item: Leftovers\n|upkeep\n|turn|45\n|\n|t:|1699452673\n|move|p1a: Clefable|Flamethrower|p2a: Dondozo\n|-supereffective|p2a: Dondozo\n|-damage|p2a: Dondozo|27\/100\n|move|p2a: Dondozo|Body Press|p1a: Clefable\n|-resisted|p1a: Clefable\n|-damage|p1a: Clefable|55\/100 tox\n|\n|-heal|p1a: Clefable|61\/100 tox|[from] item: Leftovers\n|upkeep\n|turn|46\n|\n|t:|1699452682\n|move|p1a: Clefable|Flamethrower|p2a: Dondozo\n|-supereffective|p2a: Dondozo\n|-damage|p2a: Dondozo|1\/100\n|move|p2a: Dondozo|Rest|p2a: Dondozo\n|-status|p2a: Dondozo|slp|[from] move: Rest\n|-heal|p2a: Dondozo|100\/100 slp|[silent]\n|\n|-heal|p1a: Clefable|67\/100 tox|[from] item: Leftovers\n|upkeep\n|turn|47\n|\n|t:|1699452693\n|move|p1a: Clefable|Flamethrower|p2a: Dondozo\n|-supereffective|p2a: Dondozo\n|-damage|p2a: Dondozo|73\/100 slp\n|cant|p2a: Dondozo|slp\n|\n|-heal|p1a: Clefable|73\/100 tox|[from] item: Leftovers\n|upkeep\n|turn|48\n|\n|t:|1699452701\n|move|p1a: Clefable|Flamethrower|p2a: Dondozo\n|-supereffective|p2a: Dondozo\n|-damage|p2a: Dondozo|47\/100 slp\n|cant|p2a: Dondozo|slp\n|\n|-heal|p1a: Clefable|80\/100 tox|[from] item: Leftovers\n|upkeep\n|turn|49\n|\n|t:|1699452714\n|move|p1a: Clefable|Flamethrower|p2a: Dondozo\n|-supereffective|p2a: Dondozo\n|-damage|p2a: Dondozo|22\/100 slp\n|-curestatus|p2a: Dondozo|slp|[msg]\n|move|p2a: Dondozo|Avalanche|p1a: Clefable\n|-damage|p1a: Clefable|21\/100 tox\n|\n|-heal|p1a: Clefable|27\/100 tox|[from] item: Leftovers\n|upkeep\n|turn|50\n|\n|t:|1699452735\n|move|p1a: Clefable|Flamethrower|p2a: Dondozo\n|-supereffective|p2a: Dondozo\n|-damage|p2a: Dondozo|0 fnt\n|faint|p2a: Dondozo\n|\n|-heal|p1a: Clefable|33\/100 tox|[from] item: Leftovers\n|upkeep\n|\n|t:|1699452742\n|switch|p2a: Ogerpon|Ogerpon-Hearthflame, F|100\/100\n|-damage|p2a: Ogerpon|88\/100|[from] Spikes\n|-ability|p2a: Ogerpon|Mold Breaker\n|turn|51\n|\n|t:|1699452767\n|move|p2a: Ogerpon|Swords Dance|p2a: Ogerpon\n|-boost|p2a: Ogerpon|atk|2\n|move|p1a: Clefable|Flamethrower|p2a: Ogerpon\n|-damage|p2a: Ogerpon|65\/100\n|\n|-heal|p1a: Clefable|39\/100 tox|[from] item: Leftovers\n|upkeep\n|turn|52\n|\n|t:|1699452778\n|switch|p1a: Rillaboom|Rillaboom, F|2\/100 tox\n|-damage|p1a: Rillaboom|0 fnt|[from] Spikes\n|faint|p1a: Rillaboom\n|move|p2a: Ogerpon|Ivy Cudgel|p1: Rillaboom|[notarget]\n|-fail|p2a: Ogerpon\n|\n|upkeep\n|\n|t:|1699452795\n|switch|p1a: Great Tusk|Great Tusk|88\/100\n|-damage|p1a: Great Tusk|76\/100|[from] Spikes\n|turn|53\n|\n|t:|1699452818\n|move|p1a: Great Tusk|Headlong Rush|p2a: Ogerpon\n|-damage|p2a: Ogerpon|0 fnt\n|-unboost|p1a: Great Tusk|def|1\n|-unboost|p1a: Great Tusk|spd|1\n|faint|p2a: Ogerpon\n|\n|win|Dylan in the MA\n","uploadtime":1699452826,"views":8,"p1id":"dylaninthema","p2id":"aaronma","formatid":"gen9ubers","rating":0,"private":0,"password":""}