{"id":"gen9ubers-1970752171","p1":"Lord Femboy","p2":"GratedsShtickface","format":"[Gen 9] Ubers","log":"|j|\u2606Lord Femboy\n|j|\u2606GratedsShtickface\n|t:|1697663821\n|gametype|singles\n|player|p1|Lord Femboy|acetrainer|\n|player|p2|GratedsShtickface|hiker-gen4|\n|teamsize|p1|6\n|teamsize|p2|6\n|gen|9\n|tier|[Gen 9] Ubers\n|rule|Sleep Clause Mod: Limit one foe put to sleep\n|rule|Species Clause: Limit one of each Pok\u00e9mon\n|rule|OHKO Clause: OHKO moves are banned\n|rule|Evasion Items Clause: Evasion items are banned\n|rule|Evasion Moves Clause: Evasion moves are banned\n|rule|Endless Battle Clause: Forcing endless battles is banned\n|rule|HP Percentage Mod: HP is shown in percentages\n|clearpoke\n|poke|p1|Magearna|\n|poke|p1|Cyclizar, M|\n|poke|p1|Ursaluna, M|\n|poke|p1|Dialga-Origin|\n|poke|p1|Hatterene, F|\n|poke|p1|Zacian-*|\n|poke|p2|Rillaboom, M|\n|poke|p2|Sneasler, M|\n|poke|p2|Espathra, M|\n|poke|p2|Orthworm, M|\n|poke|p2|Giratina|\n|poke|p2|Arceus-Fire|\n|teampreview\n|inactive|Battle timer is ON: inactive players will automatically lose when time's up. (requested by GratedsShtickface)\n|\n|t:|1697663833\n|start\n|switch|p1a: Magearna|Magearna|100\/100\n|switch|p2a: Harambe|Rillaboom, M|100\/100\n|-fieldstart|move: Grassy Terrain|[from] ability: Grassy Surge|[of] p2a: Harambe\n|turn|1\n|\n|t:|1697663851\n|move|p2a: Harambe|Knock Off|p1a: Magearna\n|-resisted|p1a: Magearna\n|-damage|p1a: Magearna|86\/100\n|-enditem|p1a: Magearna|Mental Herb|[from] move: Knock Off|[of] p2a: Harambe\n|move|p1a: Magearna|Trick Room|p1a: Magearna\n|-fieldstart|move: Trick Room|[of] p1a: Magearna\n|\n|-heal|p1a: Magearna|92\/100|[from] Grassy Terrain\n|upkeep\n|turn|2\n|\n|t:|1697663876\n|switch|p2a: Wormy|Orthworm, M, shiny|100\/100\n|move|p1a: Magearna|Volt Switch|p2a: Wormy\n|-damage|p2a: Wormy|67\/100\n|inactive|Lord Femboy has 270 seconds left.\n|\n|t:|1697663904\n|switch|p1a: Dialga|Dialga-Origin|100\/100|[from] Volt Switch\n|-ability|p1a: Dialga|Pressure\n|\n|-heal|p2a: Wormy|73\/100|[from] Grassy Terrain\n|upkeep\n|turn|3\n|\n|t:|1697663913\n|move|p1a: Dialga|Draco Meteor|p2a: Wormy\n|-resisted|p2a: Wormy\n|-damage|p2a: Wormy|0 fnt\n|-unboost|p1a: Dialga|spa|2\n|faint|p2a: Wormy\n|\n|upkeep\n|\n|t:|1697663920\n|switch|p2a: Harambe|Rillaboom, M|100\/100\n|turn|4\n|\n|t:|1697663925\n|move|p1a: Dialga|Flash Cannon|p2a: Harambe\n|-damage|p2a: Harambe|78\/100\n|move|p2a: Harambe|High Horsepower|p1a: Dialga\n|-supereffective|p1a: Dialga\n|-damage|p1a: Dialga|48\/100\n|\n|-heal|p1a: Dialga|54\/100|[from] Grassy Terrain\n|-heal|p2a: Harambe|84\/100|[from] Grassy Terrain\n|upkeep\n|turn|5\n|\n|t:|1697663938\n|switch|p1a: Cyclizar|Cyclizar, M|100\/100\n|move|p2a: Harambe|U-turn|p1a: Cyclizar\n|-damage|p1a: Cyclizar|66\/100\n|\n|t:|1697663949\n|switch|p2a: Haha Long Boi|Sneasler, M, shiny|100\/100|[from] U-turn\n|-enditem|p2a: Haha Long Boi|Grassy Seed\n|-boost|p2a: Haha Long Boi|def|1|[from] item: Grassy Seed\n|\n|-heal|p1a: Cyclizar|73\/100|[from] Grassy Terrain\n|-fieldend|move: Trick Room\n|-fieldend|move: Grassy Terrain\n|upkeep\n|turn|6\n|\n|t:|1697663956\n|move|p2a: Haha Long Boi|Close Combat|p1a: Cyclizar\n|-supereffective|p1a: Cyclizar\n|-damage|p1a: Cyclizar|0 fnt\n|-unboost|p2a: Haha Long Boi|def|1\n|-unboost|p2a: Haha Long Boi|spd|1\n|faint|p1a: Cyclizar\n|\n|upkeep\n|\n|t:|1697663964\n|switch|p1a: Magearna|Magearna|92\/100\n|turn|7\n|\n|t:|1697663973\n|move|p2a: Haha Long Boi|Swords Dance|p2a: Haha Long Boi\n|-boost|p2a: Haha Long Boi|atk|2\n|move|p1a: Magearna|Trick Room|p1a: Magearna\n|-fieldstart|move: Trick Room|[of] p1a: Magearna\n|\n|upkeep\n|turn|8\n|\n|t:|1697664001\n|move|p1a: Magearna|Volt Switch|p2a: Haha Long Boi\n|-damage|p2a: Haha Long Boi|58\/100\n|\n|t:|1697664003\n|switch|p1a: Hatterene|Hatterene, F, shiny|100\/100|[from] Volt Switch\n|move|p2a: Haha Long Boi|Close Combat|p1a: Hatterene\n|-resisted|p1a: Hatterene\n|-damage|p1a: Hatterene|63\/100\n|-unboost|p2a: Haha Long Boi|def|1\n|-unboost|p2a: Haha Long Boi|spd|1\n|\n|-heal|p1a: Hatterene|69\/100|[from] item: Leftovers\n|upkeep\n|turn|9\n|\n|t:|1697664012\n|move|p1a: Hatterene|Psyshock|p2a: Haha Long Boi\n|-supereffective|p2a: Haha Long Boi\n|-crit|p2a: Haha Long Boi\n|-damage|p2a: Haha Long Boi|0 fnt\n|faint|p2a: Haha Long Boi\n|\n|-heal|p1a: Hatterene|75\/100|[from] item: Leftovers\n|upkeep\n|\n|t:|1697664018\n|switch|p2a: Hecker|Giratina, shiny|100\/100\n|-ability|p2a: Hecker|Pressure\n|turn|10\n|\n|t:|1697664031\n|switch|p1a: Magearna|Magearna|92\/100\n|move|p2a: Hecker|Shadow Ball|p1a: Magearna\n|-damage|p1a: Magearna|74\/100\n|\n|upkeep\n|turn|11\n|\n|t:|1697664041\n|move|p1a: Magearna|Fleur Cannon|p2a: Hecker|[miss]\n|-miss|p1a: Magearna|p2a: Hecker\n|move|p2a: Hecker|Thunder Wave|p1a: Magearna\n|-status|p1a: Magearna|par\n|\n|-fieldend|move: Trick Room\n|upkeep\n|turn|12\n|\n|t:|1697664050\n|move|p2a: Hecker|Roar|p1a: Magearna\n|drag|p1a: Ursaluna|Ursaluna, M, shiny|100\/100\n|\n|-status|p1a: Ursaluna|brn|[from] item: Flame Orb\n|upkeep\n|turn|13\n|\n|t:|1697664061\n|move|p2a: Hecker|Shadow Ball|p1a: Ursaluna\n|-immune|p1a: Ursaluna\n|move|p1a: Ursaluna|Swords Dance|p1a: Ursaluna\n|-boost|p1a: Ursaluna|atk|2\n|\n|-damage|p1a: Ursaluna|94\/100 brn|[from] brn\n|upkeep\n|turn|14\n|\n|t:|1697664066\n|move|p1a: Ursaluna|Crunch|p2a: Hecker\n|-supereffective|p2a: Hecker\n|-damage|p2a: Hecker|0 fnt\n|faint|p2a: Hecker\n|\n|-damage|p1a: Ursaluna|88\/100 brn|[from] brn\n|upkeep\n|\n|t:|1697664071\n|switch|p2a: Harambe|Rillaboom, M|84\/100\n|-fieldstart|move: Grassy Terrain|[from] ability: Grassy Surge|[of] p2a: Harambe\n|turn|15\n|\n|t:|1697664080\n|-terastallize|p1a: Ursaluna|Normal\n|move|p2a: Harambe|Grassy Glide|p1a: Ursaluna\n|-damage|p1a: Ursaluna|62\/100 brn\n|move|p1a: Ursaluna|Facade|p2a: Harambe\n|-damage|p2a: Harambe|0 fnt\n|faint|p2a: Harambe\n|\n|-heal|p1a: Ursaluna|68\/100 brn|[from] Grassy Terrain\n|-damage|p1a: Ursaluna|62\/100 brn|[from] brn\n|upkeep\n|\n|t:|1697664087\n|switch|p2a: Ar\u0441eus-Fighting|Arceus-Fire|100\/100\n|turn|16\n|inactive|Lord Femboy has 270 seconds left.\n|inactive|Lord Femboy has 240 seconds left.\n|\n|t:|1697664151\n|move|p2a: Ar\u0441eus-Fighting|Dragon Dance|p2a: Ar\u0441eus-Fighting\n|-boost|p2a: Ar\u0441eus-Fighting|atk|1\n|-boost|p2a: Ar\u0441eus-Fighting|spe|1\n|move|p1a: Ursaluna|Headlong Rush|p2a: Ar\u0441eus-Fighting\n|-supereffective|p2a: Ar\u0441eus-Fighting\n|-crit|p2a: Ar\u0441eus-Fighting\n|-damage|p2a: Ar\u0441eus-Fighting|0 fnt\n|-unboost|p1a: Ursaluna|def|1\n|-unboost|p1a: Ursaluna|spd|1\n|faint|p2a: Ar\u0441eus-Fighting\n|\n|-heal|p1a: Ursaluna|68\/100 brn|[from] Grassy Terrain\n|-damage|p1a: Ursaluna|62\/100 brn|[from] brn\n|upkeep\n|\n|t:|1697664157\n|switch|p2a: The Ostrich|Espathra, M, shiny|100\/100\n|-enditem|p2a: The Ostrich|Grassy Seed\n|-boost|p2a: The Ostrich|def|1|[from] item: Grassy Seed\n|turn|17\n|c|\u2606GratedsShtickface|gg\n|\n|t:|1697664161\n|move|p2a: The Ostrich|Stored Power|p1a: Ursaluna\n|-damage|p1a: Ursaluna|42\/100 brn\n|move|p1a: Ursaluna|Facade|p2a: The Ostrich\n|-damage|p2a: The Ostrich|0 fnt\n|faint|p2a: The Ostrich\n|\n|win|Lord Femboy\n|c|\u2606Lord Femboy|gg\n|l|\u2606GratedsShtickface\n|j|\u2606GratedsShtickface\n|player|p2|GratedsShtickface|hiker-gen4\n|l|\u2606GratedsShtickface\n|player|p2|\n|j|\u2606GratedsShtickface\n|player|p2|GratedsShtickface|hiker-gen4\n|l|\u2606GratedsShtickface\n|player|p2|\n","uploadtime":1697664179,"views":23,"p1id":"lordfemboy","p2id":"gratedsshtickface","formatid":"gen9ubers","rating":0,"private":0,"password":""}