{"id":"gen9ubers-1980804690","p1":"gndu36","p2":"PabloTheCommunist","format":"[Gen 9] Ubers","log":"|j|\u2606gndu36\n|j|\u2606PabloTheCommunist\n|t:|1698836008\n|gametype|singles\n|player|p1|gndu36|1|1174\n|player|p2|PabloTheCommunist|steven|1180\n|teamsize|p1|6\n|teamsize|p2|6\n|gen|9\n|tier|[Gen 9] Ubers\n|rated|\n|rule|Sleep Clause Mod: Limit one foe put to sleep\n|rule|Species Clause: Limit one of each Pok\u00e9mon\n|rule|OHKO Clause: OHKO moves are banned\n|rule|Evasion Items Clause: Evasion items are banned\n|rule|Evasion Moves Clause: Evasion moves are banned\n|rule|Endless Battle Clause: Forcing endless battles is banned\n|rule|HP Percentage Mod: HP is shown in percentages\n|clearpoke\n|poke|p1|Zacian-*|\n|poke|p1|Corviknight, F|\n|poke|p1|Toxapex, F|\n|poke|p1|Great Tusk|\n|poke|p1|Cinderace, F|\n|poke|p1|Greninja-*, M|\n|poke|p2|Palafin, F|\n|poke|p2|Urshifu-*, F|\n|poke|p2|Ogerpon-Wellspring, F|\n|poke|p2|Pelipper, M|\n|poke|p2|Cyclizar, M|\n|poke|p2|Palkia-Origin|\n|teampreview\n|\n|t:|1698836023\n|start\n|switch|p1a: Greninja|Greninja, M|100\/100\n|switch|p2a: Pelipper|Pelipper, M|100\/100\n|-weather|RainDance|[from] ability: Drizzle|[of] p2a: Pelipper\n|turn|1\n|\n|t:|1698836031\n|move|p1a: Greninja|Dark Pulse|p2a: Pelipper\n|-damage|p2a: Pelipper|32\/100\n|move|p2a: Pelipper|Tailwind|p2a: Pelipper\n|-sidestart|p2: PabloTheCommunist|move: Tailwind\n|\n|-weather|RainDance|[upkeep]\n|upkeep\n|turn|2\n|\n|t:|1698836036\n|move|p2a: Pelipper|U-turn|p1a: Greninja\n|-supereffective|p1a: Greninja\n|-damage|p1a: Greninja|71\/100\n|\n|t:|1698836039\n|switch|p2a: Urshifu|Urshifu-Rapid-Strike, F|100\/100|[from] U-turn\n|move|p1a: Greninja|Dark Pulse|p2a: Urshifu\n|-resisted|p2a: Urshifu\n|-damage|p2a: Urshifu|70\/100\n|\n|-weather|RainDance|[upkeep]\n|upkeep\n|turn|3\n|\n|t:|1698836047\n|switch|p1a: Toxapex|Toxapex, F|100\/100\n|move|p2a: Urshifu|Surging Strikes|p1a: Toxapex\n|-resisted|p1a: Toxapex\n|-crit|p1a: Toxapex\n|-damage|p1a: Toxapex|88\/100\n|-damage|p2a: Urshifu|53\/100|[from] item: Rocky Helmet|[of] p1a: Toxapex\n|-resisted|p1a: Toxapex\n|-crit|p1a: Toxapex\n|-damage|p1a: Toxapex|76\/100\n|-damage|p2a: Urshifu|36\/100|[from] item: Rocky Helmet|[of] p1a: Toxapex\n|-resisted|p1a: Toxapex\n|-crit|p1a: Toxapex\n|-damage|p1a: Toxapex|65\/100\n|-damage|p2a: Urshifu|20\/100|[from] item: Rocky Helmet|[of] p1a: Toxapex\n|-hitcount|p1a: Toxapex|3\n|-damage|p2a: Urshifu|10\/100|[from] item: Life Orb\n|\n|-weather|RainDance|[upkeep]\n|upkeep\n|turn|4\n|\n|t:|1698836064\n|switch|p2a: Palkia|Palkia-Origin|100\/100\n|-ability|p2a: Palkia|Pressure\n|move|p1a: Toxapex|Recover|p1a: Toxapex\n|-heal|p1a: Toxapex|100\/100\n|\n|-weather|RainDance|[upkeep]\n|-sideend|p2: PabloTheCommunist|move: Tailwind\n|upkeep\n|turn|5\n|\n|t:|1698836081\n|move|p1a: Toxapex|Baneful Bunker|p1a: Toxapex\n|-singleturn|p1a: Toxapex|move: Protect\n|move|p2a: Palkia|Thunder Wave|p1a: Toxapex\n|-activate|p1a: Toxapex|move: Protect\n|\n|-weather|RainDance|[upkeep]\n|upkeep\n|turn|6\n|\n|t:|1698836094\n|switch|p1a: Corviknight|Corviknight, F|100\/100\n|-ability|p1a: Corviknight|Pressure\n|move|p2a: Palkia|Thunder Wave|p1a: Corviknight\n|-status|p1a: Corviknight|par\n|\n|-weather|RainDance|[upkeep]\n|upkeep\n|turn|7\n|\n|t:|1698836107\n|move|p2a: Palkia|Surf|p1a: Corviknight\n|-damage|p1a: Corviknight|31\/100 par\n|move|p1a: Corviknight|Iron Defense|p1a: Corviknight\n|-boost|p1a: Corviknight|def|2\n|\n|-weather|RainDance|[upkeep]\n|-heal|p1a: Corviknight|37\/100 par|[from] item: Leftovers\n|upkeep\n|turn|8\n|\n|t:|1698836123\n|switch|p1a: Greninja|Greninja, M|71\/100\n|move|p2a: Palkia|Thunder|p1a: Greninja\n|-supereffective|p1a: Greninja\n|-damage|p1a: Greninja|0 fnt\n|faint|p1a: Greninja\n|\n|-weather|none\n|upkeep\n|\n|t:|1698836130\n|switch|p1a: Zacian|Zacian-Crowned|100\/100\n|-ability|p1a: Zacian|Intrepid Sword|boost\n|-boost|p1a: Zacian|atk|1\n|turn|9\n|\n|t:|1698836146\n|switch|p2a: Pelipper|Pelipper, M|32\/100\n|-weather|RainDance|[from] ability: Drizzle|[of] p2a: Pelipper\n|-terastallize|p1a: Zacian|Water\n|move|p1a: Zacian|Swords Dance|p1a: Zacian\n|-boost|p1a: Zacian|atk|2\n|\n|-weather|RainDance|[upkeep]\n|upkeep\n|turn|10\n|\n|t:|1698836158\n|move|p1a: Zacian|Play Rough|p2a: Pelipper\n|-damage|p2a: Pelipper|0 fnt\n|faint|p2a: Pelipper\n|\n|-weather|RainDance|[upkeep]\n|upkeep\n|\n|t:|1698836174\n|switch|p2a: Cyclizar|Cyclizar, M|100\/100\n|turn|11\n|\n|t:|1698836184\n|-terastallize|p2a: Cyclizar|Steel\n|move|p1a: Zacian|Play Rough|p2a: Cyclizar\n|-resisted|p2a: Cyclizar\n|-damage|p2a: Cyclizar|0 fnt\n|faint|p2a: Cyclizar\n|\n|-weather|RainDance|[upkeep]\n|upkeep\n|\n|t:|1698836193\n|switch|p2a: Palafin|Palafin, F|100\/100\n|turn|12\n|\n|t:|1698836198\n|detailschange|p2a: Palafin|Palafin-Hero, F\n|switch|p2a: Urshifu|Urshifu-Rapid-Strike, F|10\/100\n|move|p1a: Zacian|Play Rough|p2a: Urshifu\n|-supereffective|p2a: Urshifu\n|-damage|p2a: Urshifu|0 fnt\n|faint|p2a: Urshifu\n|\n|-weather|RainDance|[upkeep]\n|upkeep\n|\n|t:|1698836214\n|switch|p2a: Ogerpon|Ogerpon-Wellspring, F|100\/100\n|turn|13\n|\n|t:|1698836218\n|move|p1a: Zacian|Play Rough|p2a: Ogerpon\n|-damage|p2a: Ogerpon|0 fnt\n|faint|p2a: Ogerpon\n|\n|-weather|RainDance|[upkeep]\n|upkeep\n|\n|t:|1698836225\n|switch|p2a: Palafin|Palafin-Hero, F|100\/100\n|-activate|p2a: Palafin|ability: Zero to Hero\n|turn|14\n|\n|t:|1698836228\n|move|p2a: Palafin|Jet Punch|p1a: Zacian\n|-resisted|p1a: Zacian\n|-damage|p1a: Zacian|64\/100\n|move|p1a: Zacian|Play Rough|p2a: Palafin\n|-damage|p2a: Palafin|0 fnt\n|faint|p2a: Palafin\n|\n|-weather|RainDance|[upkeep]\n|upkeep\n|-message|PabloTheCommunist forfeited.\n|\n|win|gndu36\n|raw|gndu36's rating: 1174 &rarr; <strong>1199<\/strong><br \/>(+25 for winning)\n|raw|PabloTheCommunist's rating: 1180 &rarr; <strong>1155<\/strong><br \/>(-25 for losing)\n|l|\u2606PabloTheCommunist\n","uploadtime":1698836241,"views":7,"p1id":"gndu36","p2id":"pablothecommunist","formatid":"gen9ubers","rating":1155,"private":0,"password":""}