{"id":"gen9ubers-1987293357","p1":"Anne Frankkkk","p2":"carlos the man","format":"[Gen 9] Ubers","log":"|j|\u2606Anne Frankkkk\n|j|\u2606carlos the man\n|t:|1699574078\n|gametype|singles\n|player|p1|Anne Frankkkk|hilbert|1180\n|player|p2|carlos the man|102|1024\n|teamsize|p1|6\n|teamsize|p2|6\n|gen|9\n|tier|[Gen 9] Ubers\n|rated|\n|rule|Sleep Clause Mod: Limit one foe put to sleep\n|rule|Species Clause: Limit one of each Pok\u00e9mon\n|rule|OHKO Clause: OHKO moves are banned\n|rule|Evasion Items Clause: Evasion items are banned\n|rule|Evasion Moves Clause: Evasion moves are banned\n|rule|Endless Battle Clause: Forcing endless battles is banned\n|rule|HP Percentage Mod: HP is shown in percentages\n|clearpoke\n|poke|p1|Iron Hands|\n|poke|p1|Kyogre|\n|poke|p1|Chien-Pao|\n|poke|p1|Ribombee, M|\n|poke|p1|Miraidon|\n|poke|p1|Flutter Mane|\n|poke|p2|Miraidon|\n|poke|p2|Koraidon|\n|poke|p2|Charizard, M|\n|poke|p2|Ceruledge, M|\n|poke|p2|Iron Leaves|\n|poke|p2|Iron Valiant|\n|teampreview\n|\n|t:|1699574099\n|start\n|switch|p1a: Moonblast|Ribombee, M, shiny|100\/100\n|switch|p2a: Koraidon|Koraidon|100\/100\n|-weather|SunnyDay|[from] ability: Orichalcum Pulse|[of] p2a: Koraidon\n|-activate|p2a: Koraidon|Orichalcum Pulse|[source]\n|turn|1\n|inactive|Battle timer is ON: inactive players will automatically lose when time's up. (requested by Anne Frankkkk)\n|\n|t:|1699574107\n|move|p1a: Moonblast|Stun Spore|p2a: Koraidon\n|-status|p2a: Koraidon|par\n|move|p2a: Koraidon|Scale Shot|p1a: Moonblast\n|-immune|p1a: Moonblast\n|\n|-weather|SunnyDay|[upkeep]\n|upkeep\n|turn|2\n|\n|t:|1699574114\n|move|p1a: Moonblast|Sticky Web|p2a: Koraidon\n|-sidestart|p2: carlos the man|move: Sticky Web\n|move|p2a: Koraidon|Close Combat|p1a: Moonblast\n|-resisted|p1a: Moonblast\n|-damage|p1a: Moonblast|63\/100\n|-unboost|p2a: Koraidon|def|1\n|-unboost|p2a: Koraidon|spd|1\n|\n|-weather|SunnyDay|[upkeep]\n|upkeep\n|turn|3\n|\n|t:|1699574122\n|move|p1a: Moonblast|Moonblast|p2a: Koraidon\n|-supereffective|p2a: Koraidon\n|-damage|p2a: Koraidon|0 fnt\n|faint|p2a: Koraidon\n|\n|-weather|SunnyDay|[upkeep]\n|upkeep\n|\n|t:|1699574130\n|switch|p2a: Ceruledge|Ceruledge, M, shiny|100\/100\n|-activate|p2a: Ceruledge|move: Sticky Web\n|-unboost|p2a: Ceruledge|spe|1\n|turn|4\n|\n|t:|1699574139\n|move|p1a: Moonblast|Stun Spore|p2a: Ceruledge\n|-status|p2a: Ceruledge|par\n|cant|p2a: Ceruledge|par\n|\n|-weather|SunnyDay|[upkeep]\n|upkeep\n|turn|5\n|\n|t:|1699574154\n|move|p1a: Moonblast|Moonblast|p2a: Ceruledge\n|-resisted|p2a: Ceruledge\n|-damage|p2a: Ceruledge|76\/100 par\n|move|p2a: Ceruledge|Bitter Blade|p1a: Moonblast\n|-supereffective|p1a: Moonblast\n|-damage|p1a: Moonblast|0 fnt\n|-heal|p2a: Ceruledge|100\/100 par|[from] drain|[of] p1a: Moonblast\n|faint|p1a: Moonblast\n|\n|-weather|none\n|upkeep\n|\n|t:|1699574166\n|switch|p1a: Cyber Lizard|Miraidon|100\/100\n|-fieldstart|move: Electric Terrain|[from] ability: Hadron Engine|[of] p1a: Cyber Lizard\n|-item|p1a: Cyber Lizard|Air Balloon\n|turn|6\n|\n|t:|1699574178\n|move|p1a: Cyber Lizard|Calm Mind|p1a: Cyber Lizard\n|-boost|p1a: Cyber Lizard|spa|1\n|-boost|p1a: Cyber Lizard|spd|1\n|move|p2a: Ceruledge|Bitter Blade|p1a: Cyber Lizard\n|-resisted|p1a: Cyber Lizard\n|-damage|p1a: Cyber Lizard|82\/100\n|-enditem|p1a: Cyber Lizard|Air Balloon\n|\n|upkeep\n|turn|7\n|\n|t:|1699574187\n|switch|p2a: Miraidon|Miraidon|100\/100\n|-activate|p2a: Miraidon|move: Sticky Web\n|-unboost|p2a: Miraidon|spe|1\n|-activate|p2a: Miraidon|ability: Hadron Engine\n|move|p1a: Cyber Lizard|Calm Mind|p1a: Cyber Lizard\n|-boost|p1a: Cyber Lizard|spa|1\n|-boost|p1a: Cyber Lizard|spd|1\n|\n|upkeep\n|turn|8\n|\n|t:|1699574196\n|-terastallize|p1a: Cyber Lizard|Fairy\n|-terastallize|p2a: Miraidon|Electric\n|move|p1a: Cyber Lizard|Dragon Pulse|p2a: Miraidon\n|-damage|p2a: Miraidon|0 fnt\n|faint|p2a: Miraidon\n|\n|upkeep\n|\n|t:|1699574208\n|switch|p2a: Iron Valiant|Iron Valiant, shiny|100\/100\n|-activate|p2a: Iron Valiant|move: Sticky Web\n|-unboost|p2a: Iron Valiant|spe|1\n|-activate|p2a: Iron Valiant|ability: Quark Drive\n|-start|p2a: Iron Valiant|quarkdriveatk\n|turn|9\n|\n|t:|1699574220\n|move|p1a: Cyber Lizard|Electro Drift|p2a: Iron Valiant\n|-damage|p2a: Iron Valiant|0 fnt\n|faint|p2a: Iron Valiant\n|-end|p2a: Iron Valiant|Quark Drive|[silent]\n|\n|upkeep\n|\n|t:|1699574226\n|switch|p2a: Iron Leaves|Iron Leaves|100\/100\n|-activate|p2a: Iron Leaves|move: Sticky Web\n|-unboost|p2a: Iron Leaves|spe|1\n|-activate|p2a: Iron Leaves|ability: Quark Drive\n|-start|p2a: Iron Leaves|quarkdriveatk\n|turn|10\n|\n|t:|1699574236\n|move|p1a: Cyber Lizard|Dragon Pulse|p2a: Iron Leaves\n|-damage|p2a: Iron Leaves|0 fnt\n|faint|p2a: Iron Leaves\n|-end|p2a: Iron Leaves|Quark Drive|[silent]\n|\n|-fieldend|move: Electric Terrain\n|upkeep\n|\n|t:|1699574241\n|switch|p2a: Ceruledge|Ceruledge, M, shiny|100\/100 par\n|-activate|p2a: Ceruledge|move: Sticky Web\n|-unboost|p2a: Ceruledge|spe|1\n|turn|11\n|\n|t:|1699574246\n|move|p1a: Cyber Lizard|Electro Drift|p2a: Ceruledge\n|-damage|p2a: Ceruledge|0 fnt\n|faint|p2a: Ceruledge\n|\n|upkeep\n|\n|t:|1699574251\n|switch|p2a: Charizard|Charizard, M, shiny|100\/100\n|turn|12\n|\n|t:|1699574257\n|move|p1a: Cyber Lizard|Electro Drift|p2a: Charizard\n|-supereffective|p2a: Charizard\n|-damage|p2a: Charizard|0 fnt\n|faint|p2a: Charizard\n|\n|win|Anne Frankkkk\n|raw|Anne Frankkkk's rating: 1202 &rarr; <strong>1215<\/strong><br \/>(+13 for winning)\n|raw|carlos the man's rating: 1024 &rarr; <strong>1017<\/strong><br \/>(-7 for losing)\n","uploadtime":1699574265,"views":11,"p1id":"annefrankkkk","p2id":"carlostheman","formatid":"gen9ubers","rating":1017,"private":0,"password":""}