{"id":"gen9ubers-1983931658","p1":"Wynaughtdjduhff","p2":"Kanthrour","format":"[Gen 9] Ubers","log":"|j|\u2606Wynaughtdjduhff\n|j|\u2606Kanthrour\n|t:|1699201319\n|gametype|singles\n|player|p1|Wynaughtdjduhff|richboy-gen4|1047\n|player|p2|Kanthrour|169|1040\n|teamsize|p1|6\n|teamsize|p2|6\n|gen|9\n|tier|[Gen 9] Ubers\n|rated|\n|rule|Sleep Clause Mod: Limit one foe put to sleep\n|rule|Species Clause: Limit one of each Pok\u00e9mon\n|rule|OHKO Clause: OHKO moves are banned\n|rule|Evasion Items Clause: Evasion items are banned\n|rule|Evasion Moves Clause: Evasion moves are banned\n|rule|Endless Battle Clause: Forcing endless battles is banned\n|rule|HP Percentage Mod: HP is shown in percentages\n|clearpoke\n|poke|p1|Kingambit, F|\n|poke|p1|Garganacl, F|\n|poke|p1|Dragapult, M|\n|poke|p1|Urshifu-*, F|\n|poke|p1|Arceus-Grass|\n|poke|p1|Rayquaza|\n|poke|p2|Sableye, F|\n|poke|p2|Clodsire, M|\n|poke|p2|Skeledirge, F|\n|poke|p2|Groudon|\n|poke|p2|Annihilape, M|\n|poke|p2|Corviknight, F|\n|teampreview\n|inactive|Battle timer is ON: inactive players will automatically lose when time's up. (requested by Wynaughtdjduhff)\n|\n|t:|1699201346\n|start\n|switch|p1a: Urshifu|Urshifu-Rapid-Strike, F|100\/100\n|switch|p2a: Sableye|Sableye, F|100\/100\n|turn|1\n|\n|t:|1699201352\n|move|p2a: Sableye|Will-O-Wisp|p1a: Urshifu\n|-status|p1a: Urshifu|brn\n|move|p1a: Urshifu|Liquidation|p2a: Sableye\n|-damage|p2a: Sableye|81\/100\n|\n|-heal|p2a: Sableye|88\/100|[from] item: Leftovers\n|-damage|p1a: Urshifu|94\/100 brn|[from] brn\n|upkeep\n|turn|2\n|\n|t:|1699201368\n|switch|p1a: Arceus|Arceus-Grass|100\/100\n|move|p2a: Sableye|Foul Play|p1a: Arceus\n|-damage|p1a: Arceus|74\/100\n|\n|-heal|p2a: Sableye|94\/100|[from] item: Leftovers\n|upkeep\n|turn|3\n|\n|t:|1699201377\n|move|p2a: Sableye|Taunt|p1a: Arceus\n|-start|p1a: Arceus|move: Taunt\n|move|p1a: Arceus|Giga Drain|p2a: Sableye\n|-damage|p2a: Sableye|37\/100\n|-heal|p1a: Arceus|97\/100|[from] drain|[of] p2a: Sableye\n|\n|-heal|p2a: Sableye|43\/100|[from] item: Leftovers\n|upkeep\n|turn|4\n|\n|t:|1699201388\n|switch|p2a: Skeledirge|Skeledirge, F|100\/100\n|move|p1a: Arceus|Giga Drain|p2a: Skeledirge\n|-resisted|p2a: Skeledirge\n|-damage|p2a: Skeledirge|84\/100\n|-heal|p1a: Arceus|100\/100|[from] drain|[of] p2a: Skeledirge\n|\n|upkeep\n|turn|5\n|\n|t:|1699201400\n|switch|p1a: Garganacl|Garganacl, F|100\/100\n|move|p2a: Skeledirge|Torch Song|p1a: Garganacl\n|-resisted|p1a: Garganacl\n|-damage|p1a: Garganacl|85\/100\n|-boost|p2a: Skeledirge|spa|1\n|\n|upkeep\n|turn|6\n|\n|t:|1699201415\n|move|p2a: Skeledirge|Will-O-Wisp|p1a: Garganacl\n|-immune|p1a: Garganacl|[from] ability: Purifying Salt\n|move|p1a: Garganacl|Earthquake|p2a: Skeledirge\n|-supereffective|p2a: Skeledirge\n|-damage|p2a: Skeledirge|49\/100\n|\n|upkeep\n|turn|7\n|\n|t:|1699201431\n|move|p2a: Skeledirge|Torch Song|p1a: Garganacl\n|-resisted|p1a: Garganacl\n|-damage|p1a: Garganacl|63\/100\n|-boost|p2a: Skeledirge|spa|1\n|move|p1a: Garganacl|Body Press|p2a: Skeledirge\n|-immune|p2a: Skeledirge\n|\n|upkeep\n|turn|8\n|\n|t:|1699201442\n|move|p2a: Skeledirge|Torch Song|p1a: Garganacl\n|-resisted|p1a: Garganacl\n|-damage|p1a: Garganacl|34\/100\n|-boost|p2a: Skeledirge|spa|1\n|move|p1a: Garganacl|Earthquake|p2a: Skeledirge\n|-supereffective|p2a: Skeledirge\n|-damage|p2a: Skeledirge|13\/100\n|\n|upkeep\n|turn|9\n|\n|t:|1699201453\n|move|p2a: Skeledirge|Slack Off|p2a: Skeledirge\n|-heal|p2a: Skeledirge|63\/100\n|move|p1a: Garganacl|Earthquake|p2a: Skeledirge\n|-supereffective|p2a: Skeledirge\n|-damage|p2a: Skeledirge|27\/100\n|\n|upkeep\n|turn|10\n|\n|t:|1699201460\n|-terastallize|p2a: Skeledirge|Water\n|move|p2a: Skeledirge|Slack Off|p2a: Skeledirge\n|-heal|p2a: Skeledirge|77\/100\n|move|p1a: Garganacl|Earthquake|p2a: Skeledirge\n|-damage|p2a: Skeledirge|59\/100\n|\n|upkeep\n|turn|11\n|\n|t:|1699201469\n|move|p2a: Skeledirge|Torch Song|p1a: Garganacl\n|-resisted|p1a: Garganacl\n|-damage|p1a: Garganacl|0 fnt\n|-boost|p2a: Skeledirge|spa|1\n|faint|p1a: Garganacl\n|\n|upkeep\n|\n|t:|1699201476\n|switch|p1a: Arceus|Arceus-Grass|100\/100\n|turn|12\n|\n|t:|1699201482\n|move|p1a: Arceus|Giga Drain|p2a: Skeledirge\n|-supereffective|p2a: Skeledirge\n|-damage|p2a: Skeledirge|0 fnt\n|faint|p2a: Skeledirge\n|\n|upkeep\n|\n|t:|1699201488\n|switch|p2a: Clodsire|Clodsire, M|100\/100\n|turn|13\n|\n|t:|1699201498\n|move|p1a: Arceus|Judgment|p2a: Clodsire\n|-damage|p2a: Clodsire|71\/100\n|move|p2a: Clodsire|Toxic|p1a: Arceus\n|-status|p1a: Arceus|tox\n|\n|-heal|p2a: Clodsire|77\/100|[from] item: Leftovers\n|-damage|p1a: Arceus|94\/100 tox|[from] psn\n|upkeep\n|turn|14\n|\n|t:|1699201508\n|move|p1a: Arceus|Draco Meteor|p2a: Clodsire\n|-damage|p2a: Clodsire|56\/100\n|-unboost|p1a: Arceus|spa|2\n|move|p2a: Clodsire|Recover|p2a: Clodsire\n|-heal|p2a: Clodsire|100\/100\n|\n|-damage|p1a: Arceus|82\/100 tox|[from] psn\n|upkeep\n|turn|15\n|\n|t:|1699201517\n|switch|p1a: Urshifu|Urshifu-Rapid-Strike, F|94\/100 brn\n|switch|p2a: Sableye|Sableye, F|43\/100\n|\n|-heal|p2a: Sableye|49\/100|[from] item: Leftovers\n|-damage|p1a: Urshifu|88\/100 brn|[from] brn\n|upkeep\n|turn|16\n|\n|t:|1699201532\n|switch|p1a: Rayquaza|Rayquaza, shiny|100\/100\n|-ability|p1a: Rayquaza|Air Lock\n|move|p2a: Sableye|Recover|p2a: Sableye\n|-heal|p2a: Sableye|99\/100\n|\n|-heal|p2a: Sableye|100\/100|[from] item: Leftovers\n|upkeep\n|turn|17\n|\n|t:|1699201546\n|move|p2a: Sableye|Taunt|p1a: Rayquaza\n|-start|p1a: Rayquaza|move: Taunt\n|move|p1a: Rayquaza|Ancient Power|p2a: Sableye\n|-damage|p2a: Sableye|69\/100\n|\n|-heal|p2a: Sableye|75\/100|[from] item: Leftovers\n|upkeep\n|turn|18\n|\n|t:|1699201556\n|move|p2a: Sableye|Will-O-Wisp|p1a: Rayquaza\n|-status|p1a: Rayquaza|brn\n|move|p1a: Rayquaza|Dragon Ascent|p2a: Sableye\n|-crit|p2a: Sableye\n|-damage|p2a: Sableye|35\/100\n|-unboost|p1a: Rayquaza|def|1\n|-unboost|p1a: Rayquaza|spd|1\n|\n|-heal|p2a: Sableye|41\/100|[from] item: Leftovers\n|-damage|p1a: Rayquaza|94\/100 brn|[from] brn\n|upkeep\n|turn|19\n|\n|t:|1699201569\n|move|p2a: Sableye|Recover|p2a: Sableye\n|-heal|p2a: Sableye|91\/100\n|move|p1a: Rayquaza|Ancient Power|p2a: Sableye\n|-damage|p2a: Sableye|60\/100\n|\n|-heal|p2a: Sableye|66\/100|[from] item: Leftovers\n|-damage|p1a: Rayquaza|88\/100 brn|[from] brn\n|-end|p1a: Rayquaza|move: Taunt\n|upkeep\n|turn|20\n|\n|t:|1699201586\n|move|p1a: Rayquaza|Dragon Dance|p1a: Rayquaza\n|-boost|p1a: Rayquaza|atk|1\n|-boost|p1a: Rayquaza|spe|1\n|move|p2a: Sableye|Foul Play|p1a: Rayquaza\n|-damage|p1a: Rayquaza|0 fnt\n|faint|p1a: Rayquaza\n|\n|-heal|p2a: Sableye|72\/100|[from] item: Leftovers\n|upkeep\n|\n|t:|1699201596\n|switch|p1a: Kingambit|Kingambit, F, shiny|100\/100\n|-activate|p1a: Kingambit|ability: Supreme Overlord\n|-start|p1a: Kingambit|fallen2|[silent]\n|turn|21\n|\n|t:|1699201605\n|move|p2a: Sableye|Will-O-Wisp|p1a: Kingambit\n|-hint|Since gen 7, Dark is immune to Prankster moves.\n|-immune|p1a: Kingambit\n|move|p1a: Kingambit|Flash Cannon|p2a: Sableye\n|-damage|p2a: Sableye|38\/100\n|-unboost|p2a: Sableye|spd|1\n|\n|-heal|p2a: Sableye|44\/100|[from] item: Leftovers\n|upkeep\n|turn|22\n|c|\u2606Kanthrour|Why a special kingambit?\n|\n|t:|1699201629\n|switch|p2a: Groudon|Groudon|100\/100\n|-weather|SunnyDay|[from] ability: Drought|[of] p2a: Groudon\n|move|p1a: Kingambit|Grass Knot|p2a: Groudon\n|-supereffective|p2a: Groudon\n|-damage|p2a: Groudon|64\/100\n|\n|-weather|SunnyDay|[upkeep]\n|-heal|p2a: Groudon|70\/100|[from] item: Leftovers\n|upkeep\n|turn|23\n|\n|t:|1699201641\n|-end|p1a: Kingambit|fallen2|[silent]\n|switch|p1a: Urshifu|Urshifu-Rapid-Strike, F|88\/100 brn\n|move|p2a: Groudon|Precipice Blades|p1a: Urshifu|[miss]\n|-miss|p2a: Groudon|p1a: Urshifu\n|\n|-weather|SunnyDay|[upkeep]\n|-heal|p2a: Groudon|76\/100|[from] item: Leftovers\n|-damage|p1a: Urshifu|82\/100 brn|[from] brn\n|upkeep\n|turn|24\n|\n|t:|1699201650\n|move|p1a: Urshifu|Liquidation|p2a: Groudon\n|-supereffective|p2a: Groudon\n|-damage|p2a: Groudon|64\/100\n|move|p2a: Groudon|Stealth Rock|p1a: Urshifu\n|-sidestart|p1: Wynaughtdjduhff|move: Stealth Rock\n|\n|-weather|SunnyDay|[upkeep]\n|-heal|p2a: Groudon|70\/100|[from] item: Leftovers\n|-damage|p1a: Urshifu|76\/100 brn|[from] brn\n|upkeep\n|turn|25\n|\n|t:|1699201659\n|move|p1a: Urshifu|Bulk Up|p1a: Urshifu\n|-boost|p1a: Urshifu|atk|1\n|-boost|p1a: Urshifu|def|1\n|move|p2a: Groudon|Thunder Punch|p1a: Urshifu\n|-supereffective|p1a: Urshifu\n|-damage|p1a: Urshifu|39\/100 brn\n|\n|-weather|SunnyDay|[upkeep]\n|-heal|p2a: Groudon|76\/100|[from] item: Leftovers\n|-damage|p1a: Urshifu|33\/100 brn|[from] brn\n|upkeep\n|turn|26\n|\n|t:|1699201669\n|move|p1a: Urshifu|Liquidation|p2a: Groudon\n|-supereffective|p2a: Groudon\n|-damage|p2a: Groudon|57\/100\n|move|p2a: Groudon|Roar|p1a: Urshifu\n|drag|p1a: Dragapult|Dragapult, M, shiny|100\/100\n|-damage|p1a: Dragapult|88\/100|[from] Stealth Rock\n|\n|-weather|none\n|-heal|p1a: Dragapult|94\/100|[from] item: Leftovers\n|-heal|p2a: Groudon|63\/100|[from] item: Leftovers\n|upkeep\n|turn|27\n|\n|t:|1699201684\n|move|p1a: Dragapult|Dragon Claw|p2a: Groudon\n|-damage|p2a: Groudon|40\/100\n|move|p2a: Groudon|Precipice Blades|p1a: Dragapult\n|-damage|p1a: Dragapult|12\/100\n|\n|-heal|p1a: Dragapult|18\/100|[from] item: Leftovers\n|-heal|p2a: Groudon|46\/100|[from] item: Leftovers\n|upkeep\n|turn|28\n|\n|t:|1699201702\n|move|p1a: Dragapult|Dragon Claw|p2a: Groudon\n|-damage|p2a: Groudon|25\/100\n|move|p2a: Groudon|Thunder Punch|p1a: Dragapult\n|-resisted|p1a: Dragapult\n|-crit|p1a: Dragapult\n|-damage|p1a: Dragapult|0 fnt\n|faint|p1a: Dragapult\n|\n|-heal|p2a: Groudon|32\/100|[from] item: Leftovers\n|upkeep\n|\n|t:|1699201713\n|switch|p1a: Urshifu|Urshifu-Rapid-Strike, F|33\/100 brn\n|-damage|p1a: Urshifu|27\/100 brn|[from] Stealth Rock\n|turn|29\n|\n|t:|1699201720\n|switch|p2a: Sableye|Sableye, F|44\/100\n|move|p1a: Urshifu|Close Combat|p2a: Sableye\n|-immune|p2a: Sableye\n|\n|-heal|p2a: Sableye|50\/100|[from] item: Leftovers\n|-damage|p1a: Urshifu|21\/100 brn|[from] brn\n|upkeep\n|turn|30\n|\n|t:|1699201738\n|move|p2a: Sableye|Recover|p2a: Sableye\n|-heal|p2a: Sableye|99\/100\n|move|p1a: Urshifu|Liquidation|p2a: Sableye\n|-crit|p2a: Sableye\n|-damage|p2a: Sableye|72\/100\n|\n|-heal|p2a: Sableye|78\/100|[from] item: Leftovers\n|-damage|p1a: Urshifu|15\/100 brn|[from] brn\n|upkeep\n|turn|31\n|\n|t:|1699201756\n|switch|p2a: Groudon|Groudon|32\/100\n|-weather|SunnyDay|[from] ability: Drought|[of] p2a: Groudon\n|move|p1a: Urshifu|Surging Strikes|p2a: Groudon\n|-supereffective|p2a: Groudon\n|-crit|p2a: Groudon\n|-damage|p2a: Groudon|26\/100\n|-supereffective|p2a: Groudon\n|-crit|p2a: Groudon\n|-damage|p2a: Groudon|22\/100\n|-supereffective|p2a: Groudon\n|-crit|p2a: Groudon\n|-damage|p2a: Groudon|16\/100\n|-hitcount|p2a: Groudon|3\n|\n|-weather|SunnyDay|[upkeep]\n|-heal|p2a: Groudon|22\/100|[from] item: Leftovers\n|-damage|p1a: Urshifu|9\/100 brn|[from] brn\n|upkeep\n|turn|32\n|\n|t:|1699201779\n|move|p1a: Urshifu|Liquidation|p2a: Groudon\n|-supereffective|p2a: Groudon\n|-damage|p2a: Groudon|11\/100\n|move|p2a: Groudon|Thunder Punch|p1a: Urshifu\n|-supereffective|p1a: Urshifu\n|-damage|p1a: Urshifu|0 fnt\n|faint|p1a: Urshifu\n|\n|-weather|SunnyDay|[upkeep]\n|-heal|p2a: Groudon|17\/100|[from] item: Leftovers\n|upkeep\n|\n|t:|1699201788\n|switch|p1a: Arceus|Arceus-Grass|82\/100 tox\n|-damage|p1a: Arceus|69\/100 tox|[from] Stealth Rock\n|turn|33\n|\n|t:|1699201807\n|move|p1a: Arceus|Giga Drain|p2a: Groudon\n|-supereffective|p2a: Groudon\n|-damage|p2a: Groudon|0 fnt\n|-heal|p1a: Arceus|78\/100 tox|[from] drain|[of] p2a: Groudon\n|faint|p2a: Groudon\n|\n|-weather|SunnyDay|[upkeep]\n|-damage|p1a: Arceus|72\/100 tox|[from] psn\n|upkeep\n|inactive|Kanthrour has 120 seconds left.\n|\n|t:|1699201821\n|switch|p2a: Corviknight|Corviknight, F|100\/100\n|-ability|p2a: Corviknight|Pressure\n|turn|34\n|\n|t:|1699201826\n|move|p1a: Arceus|Flamethrower|p2a: Corviknight\n|-supereffective|p2a: Corviknight\n|-damage|p2a: Corviknight|34\/100\n|move|p2a: Corviknight|Drill Peck|p1a: Arceus\n|-supereffective|p1a: Arceus\n|-damage|p1a: Arceus|34\/100 tox\n|\n|-weather|SunnyDay|[upkeep]\n|-damage|p1a: Arceus|22\/100 tox|[from] psn\n|upkeep\n|turn|35\n|\n|t:|1699201836\n|switch|p2a: Clodsire|Clodsire, M|100\/100\n|move|p1a: Arceus|Flamethrower|p2a: Clodsire\n|-damage|p2a: Clodsire|79\/100\n|\n|-weather|none\n|-heal|p2a: Clodsire|85\/100|[from] item: Leftovers\n|-damage|p1a: Arceus|3\/100 tox|[from] psn\n|upkeep\n|turn|36\n|\n|t:|1699201846\n|move|p1a: Arceus|Giga Drain|p2a: Clodsire\n|-damage|p2a: Clodsire|64\/100\n|-heal|p1a: Arceus|16\/100 tox|[from] drain|[of] p2a: Clodsire\n|move|p2a: Clodsire|Recover|p2a: Clodsire\n|-heal|p2a: Clodsire|100\/100\n|\n|-damage|p1a: Arceus|0 fnt|[from] psn\n|faint|p1a: Arceus\n|upkeep\n|\n|t:|1699201854\n|switch|p1a: Kingambit|Kingambit, F, shiny|100\/100\n|-damage|p1a: Kingambit|94\/100|[from] Stealth Rock\n|-activate|p1a: Kingambit|ability: Supreme Overlord\n|-start|p1a: Kingambit|fallen5|[silent]\n|turn|37\n|\n|t:|1699201871\n|move|p1a: Kingambit|Grass Knot|p2a: Clodsire\n|-damage|p2a: Clodsire|85\/100\n|move|p2a: Clodsire|Earthquake|p1a: Kingambit\n|-supereffective|p1a: Kingambit\n|-damage|p1a: Kingambit|52\/100\n|\n|-heal|p1a: Kingambit|58\/100|[from] item: Leftovers\n|-heal|p2a: Clodsire|91\/100|[from] item: Leftovers\n|upkeep\n|turn|38\n|\n|t:|1699201880\n|move|p1a: Kingambit|Flash Cannon|p2a: Clodsire\n|-damage|p2a: Clodsire|75\/100\n|move|p2a: Clodsire|Earthquake|p1a: Kingambit\n|-supereffective|p1a: Kingambit\n|-damage|p1a: Kingambit|10\/100\n|\n|-heal|p1a: Kingambit|16\/100|[from] item: Leftovers\n|-heal|p2a: Clodsire|82\/100|[from] item: Leftovers\n|upkeep\n|turn|39\n|c|\u2606Kanthrour|Gg\n|\n|t:|1699201889\n|move|p1a: Kingambit|Grass Knot|p2a: Clodsire\n|-damage|p2a: Clodsire|67\/100\n|move|p2a: Clodsire|Earthquake|p1a: Kingambit\n|-supereffective|p1a: Kingambit\n|-damage|p1a: Kingambit|0 fnt\n|faint|p1a: Kingambit\n|-end|p1a: Kingambit|fallen5|[silent]\n|\n|win|Kanthrour\n|raw|Wynaughtdjduhff's rating: 1047 &rarr; <strong>1030<\/strong><br \/>(-17 for losing)\n|raw|Kanthrour's rating: 1040 &rarr; <strong>1075<\/strong><br \/>(+35 for winning)\n|l|\u2606Wynaughtdjduhff\n","uploadtime":1699201903,"views":3,"p1id":"wynaughtdjduhff","p2id":"kanthrour","formatid":"gen9ubers","rating":1030,"private":0,"password":""}