{"id":"gen9ubers-1984542066","p1":"Lxnatic","p2":"ByakkoLeo","format":"[Gen 9] Ubers","log":"|j|\u2606Lxnatic\n|j|\u2606ByakkoLeo\n|t:|1699277990\n|gametype|singles\n|player|p1|Lxnatic|unknown|\n|player|p2|ByakkoLeo|chuck|\n|teamsize|p1|6\n|teamsize|p2|6\n|gen|9\n|tier|[Gen 9] Ubers\n|rule|Sleep Clause Mod: Limit one foe put to sleep\n|rule|Species Clause: Limit one of each Pok\u00e9mon\n|rule|OHKO Clause: OHKO moves are banned\n|rule|Evasion Items Clause: Evasion items are banned\n|rule|Evasion Moves Clause: Evasion moves are banned\n|rule|Endless Battle Clause: Forcing endless battles is banned\n|rule|HP Percentage Mod: HP is shown in percentages\n|clearpoke\n|poke|p1|Palafin, M|\n|poke|p1|Clodsire, F|\n|poke|p1|Breloom, F|\n|poke|p1|Regieleki|\n|poke|p1|Gardevoir, F|\n|poke|p1|Landorus-Therian, M|\n|poke|p2|Iron Hands|\n|poke|p2|Iron Moth|\n|poke|p2|Abomasnow, F|\n|poke|p2|Garchomp, F|\n|poke|p2|Chien-Pao|\n|poke|p2|Grimmsnarl, M|\n|teampreview\n|inactive|Battle timer is ON: inactive players will automatically lose when time's up. (requested by Lxnatic)\n|inactive|ByakkoLeo has 270 seconds left.\n|\n|t:|1699278048\n|start\n|switch|p1a: Palafin|Palafin, M, shiny|100\/100\n|switch|p2a: Crazy Diamond|Grimmsnarl, M, shiny|100\/100\n|turn|1\n|\n|t:|1699278055\n|move|p2a: Crazy Diamond|Reflect|p2a: Crazy Diamond\n|-sidestart|p2: ByakkoLeo|Reflect\n|move|p1a: Palafin|Flip Turn|p2a: Crazy Diamond\n|-damage|p2a: Crazy Diamond|86\/100\n|\n|t:|1699278065\n|detailschange|p1a: Palafin|Palafin-Hero, M, shiny\n|switch|p1a: Regieleki|Regieleki, shiny|100\/100|[from] Flip Turn\n|\n|upkeep\n|turn|2\n|\n|t:|1699278071\n|move|p2a: Crazy Diamond|Light Screen|p2a: Crazy Diamond\n|-sidestart|p2: ByakkoLeo|move: Light Screen\n|move|p1a: Regieleki|Thunder Wave|p2a: Crazy Diamond\n|-status|p2a: Crazy Diamond|par\n|\n|upkeep\n|turn|3\n|\n|t:|1699278090\n|move|p1a: Regieleki|Thunderbolt|p2a: Crazy Diamond\n|-damage|p2a: Crazy Diamond|58\/100 par\n|move|p2a: Crazy Diamond|Spirit Break|p1a: Regieleki\n|-damage|p1a: Regieleki|41\/100\n|-unboost|p1a: Regieleki|spa|1\n|\n|upkeep\n|turn|4\n|\n|t:|1699278104\n|switch|p1a: Clodsire|Clodsire, F, shiny|100\/100\n|move|p2a: Crazy Diamond|Spirit Break|p1a: Clodsire\n|-resisted|p1a: Clodsire\n|-damage|p1a: Clodsire|85\/100\n|-unboost|p1a: Clodsire|spa|1\n|\n|-heal|p1a: Clodsire|91\/100|[from] item: Black Sludge\n|upkeep\n|turn|5\n|\n|t:|1699278114\n|switch|p2a: Cephalos|Garchomp, F|100\/100\n|move|p1a: Clodsire|Toxic Spikes|p2a: Cephalos\n|-sidestart|p2: ByakkoLeo|move: Toxic Spikes\n|\n|-heal|p1a: Clodsire|97\/100|[from] item: Black Sludge\n|upkeep\n|turn|6\n|\n|t:|1699278120\n|move|p2a: Cephalos|Stealth Rock|p1a: Clodsire\n|-sidestart|p1: Lxnatic|move: Stealth Rock\n|move|p1a: Clodsire|Spikes|p2a: Cephalos\n|-sidestart|p2: ByakkoLeo|Spikes\n|\n|-heal|p1a: Clodsire|100\/100|[from] item: Black Sludge\n|upkeep\n|turn|7\n|\n|t:|1699278138\n|move|p2a: Cephalos|Earthquake|p1a: Clodsire\n|-supereffective|p1a: Clodsire\n|-damage|p1a: Clodsire|0 fnt\n|faint|p1a: Clodsire\n|\n|upkeep\n|\n|t:|1699278144\n|switch|p1a: Palafin|Palafin-Hero, M, shiny|100\/100\n|-damage|p1a: Palafin|88\/100|[from] Stealth Rock\n|-activate|p1a: Palafin|ability: Zero to Hero\n|turn|8\n|\n|t:|1699278159\n|move|p1a: Palafin|Ice Punch|p2a: Cephalos\n|-supereffective|p2a: Cephalos\n|-damage|p2a: Cephalos|43\/100\n|-damage|p1a: Palafin|76\/100|[from] ability: Rough Skin|[of] p2a: Cephalos\n|-damage|p1a: Palafin|59\/100|[from] item: Rocky Helmet|[of] p2a: Cephalos\n|move|p2a: Cephalos|Earthquake|p1a: Palafin\n|-damage|p1a: Palafin|8\/100\n|\n|-sideend|p2: ByakkoLeo|Reflect\n|upkeep\n|turn|9\n|\n|t:|1699278171\n|move|p1a: Palafin|Ice Punch|p2a: Cephalos\n|-supereffective|p2a: Cephalos\n|-damage|p2a: Cephalos|0 fnt\n|-damage|p1a: Palafin|0 fnt|[from] ability: Rough Skin|[of] p2a: Cephalos\n|faint|p2a: Cephalos\n|faint|p1a: Palafin\n|\n|-sideend|p2: ByakkoLeo|move: Light Screen\n|upkeep\n|\n|t:|1699278189\n|switch|p1a: Breloom|Breloom, F, shiny|100\/100\n|switch|p2a: Mecha Mothra|Iron Moth, shiny|100\/100\n|-sideend|p2: ByakkoLeo|move: Toxic Spikes|[of] p2a: Mecha Mothra\n|-damage|p2a: Mecha Mothra|88\/100|[from] Spikes\n|-damage|p1a: Breloom|94\/100|[from] Stealth Rock\n|turn|10\n|\n|t:|1699278202\n|switch|p1a: Landorus|Landorus-Therian, M, shiny|100\/100\n|-damage|p1a: Landorus|88\/100|[from] Stealth Rock\n|-ability|p1a: Landorus|Intimidate|boost\n|-unboost|p2a: Mecha Mothra|atk|1\n|move|p2a: Mecha Mothra|Fiery Dance|p1a: Landorus\n|-damage|p1a: Landorus|30\/100\n|\n|upkeep\n|turn|11\n|\n|t:|1699278213\n|move|p2a: Mecha Mothra|Fiery Dance|p1a: Landorus\n|-crit|p1a: Landorus\n|-damage|p1a: Landorus|0 fnt\n|faint|p1a: Landorus\n|\n|upkeep\n|\n|t:|1699278218\n|switch|p1a: Regieleki|Regieleki, shiny|41\/100\n|-damage|p1a: Regieleki|29\/100|[from] Stealth Rock\n|turn|12\n|\n|t:|1699278224\n|move|p1a: Regieleki|Thunder|p2a: Mecha Mothra\n|-damage|p2a: Mecha Mothra|11\/100\n|-status|p2a: Mecha Mothra|par\n|cant|p2a: Mecha Mothra|par\n|\n|upkeep\n|turn|13\n|\n|t:|1699278230\n|move|p1a: Regieleki|Thunderbolt|p2a: Mecha Mothra\n|-damage|p2a: Mecha Mothra|0 fnt\n|faint|p2a: Mecha Mothra\n|-end|p2a: Mecha Mothra|Quark Drive|[silent]\n|\n|upkeep\n|\n|t:|1699278236\n|switch|p2a: Crazy Diamond|Grimmsnarl, M, shiny|58\/100 par\n|-damage|p2a: Crazy Diamond|45\/100 par|[from] Spikes\n|turn|14\n|\n|t:|1699278241\n|cant|p2a: Crazy Diamond|par\n|move|p1a: Regieleki|Thunder|p2a: Crazy Diamond|[miss]\n|-miss|p1a: Regieleki|p2a: Crazy Diamond\n|\n|upkeep\n|turn|15\n|\n|t:|1699278247\n|move|p2a: Crazy Diamond|Light Screen|p2a: Crazy Diamond\n|-sidestart|p2: ByakkoLeo|move: Light Screen\n|move|p1a: Regieleki|Thunder|p2a: Crazy Diamond|[miss]\n|-miss|p1a: Regieleki|p2a: Crazy Diamond\n|\n|upkeep\n|turn|16\n|\n|t:|1699278253\n|move|p2a: Crazy Diamond|Reflect|p2a: Crazy Diamond\n|-sidestart|p2: ByakkoLeo|Reflect\n|move|p1a: Regieleki|Thunder|p2a: Crazy Diamond\n|-damage|p2a: Crazy Diamond|10\/100 par\n|\n|upkeep\n|turn|17\n|\n|t:|1699278258\n|move|p2a: Crazy Diamond|Sucker Punch|p1a: Regieleki\n|-damage|p1a: Regieleki|0 fnt\n|faint|p1a: Regieleki\n|\n|upkeep\n|\n|t:|1699278264\n|switch|p1a: Breloom|Breloom, F, shiny|94\/100\n|-damage|p1a: Breloom|88\/100|[from] Stealth Rock\n|turn|18\n|\n|t:|1699278270\n|move|p1a: Breloom|Mach Punch|p2a: Crazy Diamond\n|-damage|p2a: Crazy Diamond|0 fnt\n|faint|p2a: Crazy Diamond\n|\n|upkeep\n|\n|t:|1699278278\n|switch|p2a: Abominable|Abomasnow, F, shiny|100\/100\n|-damage|p2a: Abominable|88\/100|[from] Spikes\n|-weather|Snow|[from] ability: Snow Warning|[of] p2a: Abominable\n|turn|19\n|\n|t:|1699278288\n|move|p1a: Breloom|Close Combat|p2a: Abominable\n|-supereffective|p2a: Abominable\n|-damage|p2a: Abominable|42\/100\n|-unboost|p1a: Breloom|def|1\n|-unboost|p1a: Breloom|spd|1\n|move|p2a: Abominable|Aurora Veil|p2a: Abominable\n|-sidestart|p2: ByakkoLeo|move: Aurora Veil\n|\n|-weather|Snow|[upkeep]\n|upkeep\n|turn|20\n|\n|t:|1699278300\n|move|p1a: Breloom|Close Combat|p2a: Abominable\n|-supereffective|p2a: Abominable\n|-damage|p2a: Abominable|0 fnt\n|-unboost|p1a: Breloom|def|1\n|-unboost|p1a: Breloom|spd|1\n|faint|p2a: Abominable\n|\n|-weather|Snow|[upkeep]\n|upkeep\n|\n|t:|1699278306\n|switch|p2a: Golden Gloves|Iron Hands|100\/100\n|-damage|p2a: Golden Gloves|88\/100|[from] Spikes\n|turn|21\n|\n|t:|1699278313\n|switch|p1a: Gardevoir|Gardevoir, F, shiny|100\/100\n|-damage|p1a: Gardevoir|88\/100|[from] Stealth Rock\n|move|p2a: Golden Gloves|Fake Out|p1a: Gardevoir\n|-damage|p1a: Gardevoir|62\/100\n|\n|-weather|Snow|[upkeep]\n|upkeep\n|turn|22\n|\n|t:|1699278323\n|move|p1a: Gardevoir|Moonblast|p2a: Golden Gloves\n|-supereffective|p2a: Golden Gloves\n|-damage|p2a: Golden Gloves|50\/100\n|-unboost|p2a: Golden Gloves|spa|1\n|move|p2a: Golden Gloves|Wild Charge|p1a: Gardevoir\n|-damage|p1a: Gardevoir|0 fnt\n|faint|p1a: Gardevoir\n|-damage|p2a: Golden Gloves|41\/100|[from] Recoil\n|\n|-weather|Snow|[upkeep]\n|-sideend|p2: ByakkoLeo|move: Light Screen\n|upkeep\n|\n|t:|1699278332\n|switch|p1a: Breloom|Breloom, F, shiny|88\/100\n|-damage|p1a: Breloom|82\/100|[from] Stealth Rock\n|turn|23\n|\n|t:|1699278347\n|move|p1a: Breloom|Swords Dance|p1a: Breloom\n|-boost|p1a: Breloom|atk|2\n|move|p2a: Golden Gloves|Drain Punch|p1a: Breloom\n|-crit|p1a: Breloom\n|-damage|p1a: Breloom|0 fnt\n|-heal|p2a: Golden Gloves|64\/100|[from] drain|[of] p1a: Breloom\n|faint|p1a: Breloom\n|\n|win|ByakkoLeo\n|c|\u2606ByakkoLeo|GG!\n|c|\u2606Lxnatic|gg\n","uploadtime":1699278361,"views":39,"p1id":"lxnatic","p2id":"byakkoleo","formatid":"gen9ubers","rating":0,"private":0,"password":""}