{"id":"gen9ubers-1988658369","p1":"Psyc0x","p2":"Sinnerofgod","format":"[Gen 9] Ubers","log":"|j|\u2606Psyc0x\n|j|\u2606Sinnerofgod\n|t:|1699747184\n|gametype|singles\n|player|p1|Psyc0x|doubleteam|1115\n|player|p2|Sinnerofgod|richboy-gen4|1053\n|teamsize|p1|6\n|teamsize|p2|6\n|gen|9\n|tier|[Gen 9] Ubers\n|rated|\n|rule|Sleep Clause Mod: Limit one foe put to sleep\n|rule|Species Clause: Limit one of each Pok\u00e9mon\n|rule|OHKO Clause: OHKO moves are banned\n|rule|Evasion Items Clause: Evasion items are banned\n|rule|Evasion Moves Clause: Evasion moves are banned\n|rule|Endless Battle Clause: Forcing endless battles is banned\n|rule|HP Percentage Mod: HP is shown in percentages\n|clearpoke\n|poke|p1|Ogerpon-Hearthflame, F|\n|poke|p1|Annihilape, M|\n|poke|p1|Gliscor, M|\n|poke|p1|Kyogre|\n|poke|p1|Kleavor, F|\n|poke|p1|Regieleki|\n|poke|p2|Annihilape, M|\n|poke|p2|Arceus|\n|poke|p2|Kingambit, M|\n|poke|p2|Palafin, M|\n|poke|p2|Espathra, M|\n|poke|p2|Eternatus|\n|teampreview\n|\n|t:|1699747203\n|start\n|switch|p1a: Regieleki|Regieleki|100\/100\n|switch|p2a: Arceus|Arceus, shiny|100\/100\n|turn|1\n|\n|t:|1699747210\n|move|p1a: Regieleki|Volt Switch|p2a: Arceus\n|-damage|p2a: Arceus|74\/100\n|\n|t:|1699747214\n|switch|p1a: Annihilape|Annihilape, M|100\/100|[from] Volt Switch\n|move|p2a: Arceus|Cosmic Power|p2a: Arceus\n|-boost|p2a: Arceus|def|1\n|-boost|p2a: Arceus|spd|1\n|\n|upkeep\n|turn|2\n|\n|t:|1699747220\n|-terastallize|p2a: Arceus|Ghost\n|move|p2a: Arceus|Cosmic Power|p2a: Arceus\n|-boost|p2a: Arceus|def|1\n|-boost|p2a: Arceus|spd|1\n|move|p1a: Annihilape|Bulk Up|p1a: Annihilape\n|-boost|p1a: Annihilape|atk|1\n|-boost|p1a: Annihilape|def|1\n|\n|upkeep\n|turn|3\n|\n|t:|1699747227\n|move|p2a: Arceus|Stored Power|p1a: Annihilape\n|-supereffective|p1a: Annihilape\n|-damage|p1a: Annihilape|69\/100\n|move|p1a: Annihilape|Bulk Up|p1a: Annihilape\n|-boost|p1a: Annihilape|atk|1\n|-boost|p1a: Annihilape|def|1\n|\n|-heal|p1a: Annihilape|75\/100|[from] item: Leftovers\n|upkeep\n|turn|4\n|\n|t:|1699747235\n|move|p2a: Arceus|Dazzling Gleam|p1a: Annihilape\n|-supereffective|p1a: Annihilape\n|-crit|p1a: Annihilape\n|-damage|p1a: Annihilape|35\/100\n|move|p1a: Annihilape|Rage Fist|p2a: Arceus\n|-supereffective|p2a: Arceus\n|-damage|p2a: Arceus|0 fnt\n|faint|p2a: Arceus\n|\n|-heal|p1a: Annihilape|41\/100|[from] item: Leftovers\n|upkeep\n|\n|t:|1699747244\n|switch|p2a: Palafin|Palafin, M, shiny|100\/100\n|turn|5\n|\n|t:|1699747249\n|-terastallize|p1a: Annihilape|Water\n|move|p2a: Palafin|Flip Turn|p1a: Annihilape\n|-resisted|p1a: Annihilape\n|-damage|p1a: Annihilape|36\/100\n|\n|t:|1699747255\n|detailschange|p2a: Palafin|Palafin-Hero, M, shiny\n|switch|p2a: Espathra|Espathra, M, shiny|100\/100|[from] Flip Turn\n|move|p1a: Annihilape|Drain Punch|p2a: Espathra\n|-resisted|p2a: Espathra\n|-damage|p2a: Espathra|54\/100\n|-heal|p1a: Annihilape|54\/100|[from] drain|[of] p2a: Espathra\n|\n|-heal|p2a: Espathra|60\/100|[from] item: Leftovers\n|-heal|p1a: Annihilape|61\/100|[from] item: Leftovers\n|upkeep\n|turn|6\n|\n|t:|1699747265\n|move|p2a: Espathra|Dazzling Gleam|p1a: Annihilape\n|-damage|p1a: Annihilape|45\/100\n|move|p1a: Annihilape|Rage Fist|p2a: Espathra\n|-supereffective|p2a: Espathra\n|-damage|p2a: Espathra|0 fnt\n|faint|p2a: Espathra\n|\n|-heal|p1a: Annihilape|51\/100|[from] item: Leftovers\n|upkeep\n|\n|t:|1699747270\n|switch|p2a: Eternatus|Eternatus|100\/100\n|-ability|p2a: Eternatus|Pressure\n|turn|7\n|\n|t:|1699747276\n|move|p2a: Eternatus|Toxic Spikes|p1a: Annihilape\n|-sidestart|p1: Psyc0x|move: Toxic Spikes\n|move|p1a: Annihilape|Rage Fist|p2a: Eternatus\n|-damage|p2a: Eternatus|0 fnt\n|faint|p2a: Eternatus\n|\n|-heal|p1a: Annihilape|57\/100|[from] item: Leftovers\n|upkeep\n|\n|t:|1699747281\n|switch|p2a: Palafin|Palafin-Hero, M, shiny|100\/100\n|-activate|p2a: Palafin|ability: Zero to Hero\n|turn|8\n|\n|t:|1699747287\n|move|p2a: Palafin|Close Combat|p1a: Annihilape\n|-damage|p1a: Annihilape|31\/100\n|-unboost|p2a: Palafin|def|1\n|-unboost|p2a: Palafin|spd|1\n|move|p1a: Annihilape|Rage Fist|p2a: Palafin\n|-damage|p2a: Palafin|0 fnt\n|faint|p2a: Palafin\n|\n|-heal|p1a: Annihilape|38\/100|[from] item: Leftovers\n|upkeep\n|\n|t:|1699747291\n|switch|p2a: Annihilape|Annihilape, M, shiny|100\/100\n|turn|9\n|\n|t:|1699747297\n|move|p1a: Annihilape|Rage Fist|p2a: Annihilape\n|-supereffective|p2a: Annihilape\n|-damage|p2a: Annihilape|0 fnt\n|faint|p2a: Annihilape\n|\n|-heal|p1a: Annihilape|44\/100|[from] item: Leftovers\n|upkeep\n|\n|t:|1699747300\n|switch|p2a: Kingambit|Kingambit, M|100\/100\n|-activate|p2a: Kingambit|ability: Supreme Overlord\n|-start|p2a: Kingambit|fallen5|[silent]\n|turn|10\n|\n|t:|1699747306\n|move|p2a: Kingambit|Sucker Punch|p1a: Annihilape\n|-damage|p1a: Annihilape|5\/100\n|move|p1a: Annihilape|Drain Punch|p2a: Kingambit\n|-supereffective|p2a: Kingambit\n|-damage|p2a: Kingambit|0 fnt\n|-heal|p1a: Annihilape|46\/100|[from] drain|[of] p2a: Kingambit\n|faint|p2a: Kingambit\n|-end|p2a: Kingambit|fallen5|[silent]\n|\n|win|Psyc0x\n|raw|Psyc0x's rating: 1115 &rarr; <strong>1136<\/strong><br \/>(+21 for winning)\n|raw|Sinnerofgod's rating: 1053 &rarr; <strong>1038<\/strong><br \/>(-15 for losing)\n|l|\u2606Sinnerofgod\n","uploadtime":1699747316,"views":6,"p1id":"psyc0x","p2id":"sinnerofgod","formatid":"gen9ubers","rating":1038,"private":0,"password":""}