{"id":"gen9ubers-1985900935","p1":"Misty Monotype","p2":"NotWarriors","format":"[Gen 9] Ubers","log":"|j|\u2606Misty Monotype\n|j|\u2606NotWarriors\n|t:|1699419735\n|gametype|singles\n|player|p1|Misty Monotype|misty|1285\n|player|p2|NotWarriors|n|1246\n|teamsize|p1|6\n|teamsize|p2|6\n|gen|9\n|tier|[Gen 9] Ubers\n|rated|\n|rule|Sleep Clause Mod: Limit one foe put to sleep\n|rule|Species Clause: Limit one of each Pok\u00e9mon\n|rule|OHKO Clause: OHKO moves are banned\n|rule|Evasion Items Clause: Evasion items are banned\n|rule|Evasion Moves Clause: Evasion moves are banned\n|rule|Endless Battle Clause: Forcing endless battles is banned\n|rule|HP Percentage Mod: HP is shown in percentages\n|clearpoke\n|poke|p1|Mewtwo|\n|poke|p1|Magearna|\n|poke|p1|Miraidon|\n|poke|p1|Groudon|\n|poke|p1|Giratina-Origin|\n|poke|p1|Zacian-*|\n|poke|p2|Eternatus|\n|poke|p2|Zacian-*|\n|poke|p2|Kyogre|\n|poke|p2|Miraidon|\n|poke|p2|Arceus-Ground|\n|poke|p2|Skeledirge, F|\n|teampreview\n|inactive|Battle timer is ON: inactive players will automatically lose when time's up. (requested by Misty Monotype)\n|inactive|NotWarriors has 120 seconds left.\n|\n|t:|1699419777\n|start\n|switch|p1a: Mewtwo|Mewtwo|100\/100\n|switch|p2a: bungus|Eternatus|100\/100\n|-ability|p1a: Mewtwo|Pressure\n|-ability|p2a: bungus|Pressure\n|turn|1\n|\n|t:|1699419788\n|move|p1a: Mewtwo|Psystrike|p2a: bungus\n|-supereffective|p2a: bungus\n|-damage|p2a: bungus|10\/100\n|move|p2a: bungus|Dynamax Cannon|p1a: Mewtwo\n|-damage|p1a: Mewtwo|52\/100\n|\n|-heal|p2a: bungus|16\/100|[from] item: Leftovers\n|upkeep\n|turn|2\n|\n|t:|1699419816\n|move|p1a: Mewtwo|Psystrike|p2a: bungus\n|-supereffective|p2a: bungus\n|-damage|p2a: bungus|0 fnt\n|faint|p2a: bungus\n|\n|upkeep\n|inactive|NotWarriors has 120 seconds left.\n|\n|t:|1699419830\n|switch|p2a: *future*|Miraidon|100\/100\n|-fieldstart|move: Electric Terrain|[from] ability: Hadron Engine|[of] p2a: *future*\n|turn|3\n|\n|t:|1699419847\n|switch|p1a: Groudon|Groudon|100\/100\n|-weather|SunnyDay|[from] ability: Drought|[of] p1a: Groudon\n|move|p2a: *future*|U-turn|p1a: Groudon\n|-damage|p1a: Groudon|92\/100\n|\n|t:|1699419853\n|switch|p2a: OCEAN|Kyogre|100\/100|[from] U-turn\n|-weather|RainDance|[from] ability: Drizzle|[of] p2a: OCEAN\n|\n|-weather|RainDance|[upkeep]\n|upkeep\n|turn|4\n|\n|t:|1699419871\n|move|p2a: OCEAN|Water Spout|p1a: Groudon\n|-supereffective|p1a: Groudon\n|-damage|p1a: Groudon|0 fnt\n|faint|p1a: Groudon\n|\n|-weather|RainDance|[upkeep]\n|upkeep\n|\n|t:|1699419889\n|switch|p1a: Mewtwo|Mewtwo|52\/100\n|-ability|p1a: Mewtwo|Pressure\n|turn|5\n|\n|t:|1699419900\n|move|p1a: Mewtwo|Psystrike|p2a: OCEAN\n|-damage|p2a: OCEAN|31\/100\n|move|p2a: OCEAN|Water Spout|p1a: Mewtwo\n|-damage|p1a: Mewtwo|8\/100\n|\n|-weather|RainDance|[upkeep]\n|upkeep\n|turn|6\n|inactive|NotWarriors has 120 seconds left.\n|\n|t:|1699419936\n|switch|p2a: what are you doing|Skeledirge, F|100\/100\n|move|p1a: Mewtwo|Psystrike|p2a: what are you doing\n|-damage|p2a: what are you doing|67\/100\n|\n|-weather|RainDance|[upkeep]\n|upkeep\n|turn|7\n|inactive|NotWarriors has 120 seconds left.\n|inactive|Misty Monotype has 120 seconds left.\n|\n|t:|1699419990\n|move|p1a: Mewtwo|Psystrike|p2a: what are you doing\n|-damage|p2a: what are you doing|33\/100\n|move|p2a: what are you doing|Torch Song|p1a: Mewtwo\n|-damage|p1a: Mewtwo|0 fnt\n|-boost|p2a: what are you doing|spa|1\n|faint|p1a: Mewtwo\n|\n|-weather|none\n|-fieldend|move: Electric Terrain\n|upkeep\n|\n|t:|1699419999\n|switch|p1a: Zacian|Zacian-Crowned|100\/100\n|-ability|p1a: Zacian|Intrepid Sword|boost\n|-boost|p1a: Zacian|atk|1\n|turn|8\n|\n|t:|1699420010\n|move|p1a: Zacian|Crunch|p2a: what are you doing\n|-supereffective|p2a: what are you doing\n|-damage|p2a: what are you doing|0 fnt\n|faint|p2a: what are you doing\n|\n|upkeep\n|inactive|NotWarriors has 120 seconds left.\n|inactive|NotWarriors has 90 seconds left.\n|\n|t:|1699420051\n|switch|p2a: OCEAN|Kyogre|31\/100\n|-weather|RainDance|[from] ability: Drizzle|[of] p2a: OCEAN\n|turn|9\n|\n|t:|1699420078\n|move|p2a: OCEAN|Origin Pulse|p1a: Zacian\n|-damage|p1a: Zacian|27\/100\n|move|p1a: Zacian|Play Rough|p2a: OCEAN\n|-damage|p2a: OCEAN|0 fnt\n|faint|p2a: OCEAN\n|\n|-weather|RainDance|[upkeep]\n|upkeep\n|\n|t:|1699420087\n|switch|p2a: arceus - flying|Arceus-Ground|100\/100\n|turn|10\n|inactive|Misty Monotype has 90 seconds left.\n|inactive|Misty Monotype has 60 seconds left.\n|\n|t:|1699420146\n|-terastallize|p2a: arceus - flying|Fire\n|move|p2a: arceus - flying|Dragon Dance|p2a: arceus - flying\n|-boost|p2a: arceus - flying|atk|1\n|-boost|p2a: arceus - flying|spe|1\n|move|p1a: Zacian|Play Rough|p2a: arceus - flying\n|-resisted|p2a: arceus - flying\n|-damage|p2a: arceus - flying|65\/100\n|\n|-weather|RainDance|[upkeep]\n|upkeep\n|turn|11\n|\n|t:|1699420156\n|move|p2a: arceus - flying|Earthquake|p1a: Zacian\n|-supereffective|p1a: Zacian\n|-damage|p1a: Zacian|0 fnt\n|faint|p1a: Zacian\n|\n|-weather|RainDance|[upkeep]\n|upkeep\n|\n|t:|1699420159\n|switch|p1a: Miraidon|Miraidon|100\/100\n|-fieldstart|move: Electric Terrain|[from] ability: Hadron Engine|[of] p1a: Miraidon\n|turn|12\n|\n|t:|1699420163\n|move|p2a: arceus - flying|Dragon Claw|p1a: Miraidon\n|-supereffective|p1a: Miraidon\n|-damage|p1a: Miraidon|14\/100\n|move|p1a: Miraidon|Draco Meteor|p2a: arceus - flying\n|-damage|p2a: arceus - flying|0 fnt\n|-unboost|p1a: Miraidon|spa|2\n|faint|p2a: arceus - flying\n|-damage|p1a: Miraidon|4\/100|[from] item: Life Orb\n|\n|-weather|RainDance|[upkeep]\n|upkeep\n|inactive|NotWarriors has 120 seconds left.\n|\n|t:|1699420188\n|switch|p2a: jerk|Zacian-Crowned|100\/100\n|-ability|p2a: jerk|Intrepid Sword|boost\n|-boost|p2a: jerk|atk|1\n|turn|13\n|inactive|Misty Monotype has 90 seconds left.\n|\n|t:|1699420213\n|move|p2a: jerk|Behemoth Blade|p1a: Miraidon\n|-resisted|p1a: Miraidon\n|-damage|p1a: Miraidon|0 fnt\n|faint|p1a: Miraidon\n|\n|-weather|none\n|upkeep\n|\n|t:|1699420215\n|switch|p1a: Giratina|Giratina-Origin|100\/100\n|turn|14\n|\n|t:|1699420220\n|move|p2a: jerk|Play Rough|p1a: Giratina|[miss]\n|-miss|p2a: jerk|p1a: Giratina\n|move|p1a: Giratina|Will-O-Wisp|p2a: jerk\n|-status|p2a: jerk|brn\n|\n|-damage|p2a: jerk|94\/100 brn|[from] brn\n|upkeep\n|turn|15\n|\n|t:|1699420228\n|switch|p1a: Magearna|Magearna|100\/100\n|move|p2a: jerk|Play Rough|p1a: Magearna\n|-resisted|p1a: Magearna\n|-damage|p1a: Magearna|84\/100\n|-unboost|p1a: Magearna|atk|1\n|\n|-damage|p2a: jerk|88\/100 brn|[from] brn\n|upkeep\n|turn|16\n|inactive|Misty Monotype has 90 seconds left.\n|\n|t:|1699420246\n|move|p2a: jerk|Swords Dance|p2a: jerk\n|-boost|p2a: jerk|atk|2\n|move|p1a: Magearna|Iron Defense|p1a: Magearna\n|-boost|p1a: Magearna|def|2\n|\n|-damage|p2a: jerk|82\/100 brn|[from] brn\n|-fieldend|move: Electric Terrain\n|upkeep\n|turn|17\n|\n|t:|1699420254\n|-terastallize|p1a: Magearna|Water\n|move|p2a: jerk|Behemoth Blade|p1a: Magearna\n|-resisted|p1a: Magearna\n|-damage|p1a: Magearna|68\/100\n|move|p1a: Magearna|Calm Mind|p1a: Magearna\n|-boost|p1a: Magearna|spa|1\n|-boost|p1a: Magearna|spd|1\n|\n|-damage|p2a: jerk|76\/100 brn|[from] brn\n|upkeep\n|turn|18\n|\n|t:|1699420263\n|move|p2a: jerk|Play Rough|p1a: Magearna\n|-damage|p1a: Magearna|40\/100\n|move|p1a: Magearna|Calm Mind|p1a: Magearna\n|-boost|p1a: Magearna|spa|1\n|-boost|p1a: Magearna|spd|1\n|\n|-damage|p2a: jerk|70\/100 brn|[from] brn\n|upkeep\n|turn|19\n|\n|t:|1699420270\n|move|p2a: jerk|Play Rough|p1a: Magearna\n|-damage|p1a: Magearna|14\/100\n|-enditem|p1a: Magearna|Wiki Berry|[eat]\n|-heal|p1a: Magearna|47\/100|[from] item: Wiki Berry\n|move|p1a: Magearna|Draining Kiss|p2a: jerk\n|-resisted|p2a: jerk\n|-damage|p2a: jerk|42\/100 brn\n|-heal|p1a: Magearna|66\/100|[from] drain|[of] p2a: jerk\n|\n|-damage|p2a: jerk|36\/100 brn|[from] brn\n|upkeep\n|turn|20\n|\n|t:|1699420280\n|move|p2a: jerk|Play Rough|p1a: Magearna|[miss]\n|-miss|p2a: jerk|p1a: Magearna\n|move|p1a: Magearna|Iron Defense|p1a: Magearna\n|-boost|p1a: Magearna|def|2\n|\n|-damage|p2a: jerk|29\/100 brn|[from] brn\n|upkeep\n|turn|21\n|inactive|Misty Monotype has 120 seconds left.\n|\n|t:|1699420309\n|move|p2a: jerk|Swords Dance|p2a: jerk\n|-boost|p2a: jerk|atk|2\n|move|p1a: Magearna|Draining Kiss|p2a: jerk\n|-resisted|p2a: jerk\n|-damage|p2a: jerk|1\/100 brn\n|-heal|p1a: Magearna|85\/100|[from] drain|[of] p2a: jerk\n|\n|-damage|p2a: jerk|0 fnt|[from] brn\n|faint|p2a: jerk\n|-ability|p1a: Magearna|Soul-Heart|boost\n|-boost|p1a: Magearna|spa|1\n|upkeep\n|\n|t:|1699420318\n|switch|p2a: *future*|Miraidon|100\/100\n|-fieldstart|move: Electric Terrain|[from] ability: Hadron Engine|[of] p2a: *future*\n|turn|22\n|\n|t:|1699420328\n|move|p2a: *future*|Electro Drift|p1a: Magearna\n|-supereffective|p1a: Magearna\n|-damage|p1a: Magearna|0 fnt\n|faint|p1a: Magearna\n|\n|upkeep\n|\n|t:|1699420333\n|switch|p1a: Giratina|Giratina-Origin|100\/100\n|turn|23\n|\n|t:|1699420336\n|move|p2a: *future*|Electro Drift|p1a: Giratina\n|-resisted|p1a: Giratina\n|-damage|p1a: Giratina|69\/100\n|move|p1a: Giratina|Dragon Tail|p2a: *future*|[miss]\n|-miss|p1a: Giratina|p2a: *future*\n|\n|upkeep\n|turn|24\n|\n|t:|1699420342\n|move|p2a: *future*|Electro Drift|p1a: Giratina\n|-resisted|p1a: Giratina\n|-damage|p1a: Giratina|34\/100\n|move|p1a: Giratina|Dragon Tail|p2a: *future*\n|-supereffective|p2a: *future*\n|-damage|p2a: *future*|40\/100\n|\n|upkeep\n|turn|25\n|\n|t:|1699420348\n|move|p2a: *future*|Electro Drift|p1a: Giratina\n|-resisted|p1a: Giratina\n|-crit|p1a: Giratina\n|-damage|p1a: Giratina|0 fnt\n|faint|p1a: Giratina\n|\n|win|NotWarriors\n|raw|Misty Monotype's rating: 1285 &rarr; <strong>1257<\/strong><br \/>(-28 for losing)\n|raw|NotWarriors's rating: 1246 &rarr; <strong>1274<\/strong><br \/>(+28 for winning)\n|l|\u2606Misty Monotype\n","uploadtime":1699420371,"views":14,"p1id":"mistymonotype","p2id":"notwarriors","formatid":"gen9ubers","rating":1257,"private":0,"password":""}