{"id":"gen9ubers-1981198123","p1":"WARIOROFLIBERATION","p2":"St4ll is g00d","format":"[Gen 9] Ubers","log":"|j|\u2606WARIOROFLIBERATION\n|j|\u2606St4ll is g00d\n|t:|1698871698\n|gametype|singles\n|player|p1|WARIOROFLIBERATION|red-gen2|1422\n|player|p2|St4ll is g00d|lucas|1640\n|teamsize|p1|6\n|teamsize|p2|6\n|gen|9\n|tier|[Gen 9] Ubers\n|rated|\n|rule|Sleep Clause Mod: Limit one foe put to sleep\n|rule|Species Clause: Limit one of each Pok\u00e9mon\n|rule|OHKO Clause: OHKO moves are banned\n|rule|Evasion Items Clause: Evasion items are banned\n|rule|Evasion Moves Clause: Evasion moves are banned\n|rule|Endless Battle Clause: Forcing endless battles is banned\n|rule|HP Percentage Mod: HP is shown in percentages\n|clearpoke\n|poke|p1|Ursaluna-Bloodmoon, M|\n|poke|p1|Calyrex-Ice|\n|poke|p1|Magearna|\n|poke|p1|Basculegion, M|\n|poke|p1|Hatterene, F|\n|poke|p1|Dialga-Origin|\n|poke|p2|Ribombee, M|\n|poke|p2|Arceus-Psychic|\n|poke|p2|Chi-Yu|\n|poke|p2|Koraidon|\n|poke|p2|Miraidon|\n|poke|p2|Ditto|\n|teampreview\n|inactive|Battle timer is ON: inactive players will automatically lose when time's up. (requested by St4ll is g00d)\n|inactive|WARIOROFLIBERATION has 120 seconds left.\n|inactive|WARIOROFLIBERATION has 90 seconds left.\n|\n|t:|1698871773\n|start\n|switch|p1a: BAJRANGAAAAA GUN\ud83d\udd2b|Hatterene, F|100\/100\n|switch|p2a: Ribombee|Ribombee, M|100\/100\n|turn|1\n|\n|t:|1698871781\n|move|p2a: Ribombee|Trick|p1a: BAJRANGAAAAA GUN\ud83d\udd2b\n|-activate|p2a: Ribombee|move: Trick|[of] p1a: BAJRANGAAAAA GUN\ud83d\udd2b\n|-item|p1a: BAJRANGAAAAA GUN\ud83d\udd2b|Choice Scarf|[from] move: Trick\n|-item|p2a: Ribombee|Focus Sash|[from] move: Trick\n|move|p1a: BAJRANGAAAAA GUN\ud83d\udd2b|Trick Room|p1a: BAJRANGAAAAA GUN\ud83d\udd2b\n|-fieldstart|move: Trick Room|[of] p1a: BAJRANGAAAAA GUN\ud83d\udd2b\n|\n|upkeep\n|turn|2\n|\n|t:|1698871796\n|switch|p1a: BAJRANGA GUNN\ud83d\udd2b|Dialga-Origin, shiny|100\/100\n|-ability|p1a: BAJRANGA GUNN\ud83d\udd2b|Pressure\n|move|p2a: Ribombee|Stun Spore|p1a: BAJRANGA GUNN\ud83d\udd2b\n|-status|p1a: BAJRANGA GUNN\ud83d\udd2b|par\n|\n|upkeep\n|turn|3\n|\n|t:|1698871802\n|cant|p1a: BAJRANGA GUNN\ud83d\udd2b|par\n|move|p2a: Ribombee|Moonblast|p1a: BAJRANGA GUNN\ud83d\udd2b\n|-damage|p1a: BAJRANGA GUNN\ud83d\udd2b|75\/100 par\n|\n|upkeep\n|turn|4\n|\n|t:|1698871804\n|cant|p1a: BAJRANGA GUNN\ud83d\udd2b|par\n|move|p2a: Ribombee|Moonblast|p1a: BAJRANGA GUNN\ud83d\udd2b\n|-crit|p1a: BAJRANGA GUNN\ud83d\udd2b\n|-damage|p1a: BAJRANGA GUNN\ud83d\udd2b|34\/100 par\n|-unboost|p1a: BAJRANGA GUNN\ud83d\udd2b|spa|1\n|\n|upkeep\n|turn|5\n|\n|t:|1698871809\n|move|p1a: BAJRANGA GUNN\ud83d\udd2b|Stealth Rock|p2a: Ribombee\n|-sidestart|p2: St4ll is g00d|move: Stealth Rock\n|move|p2a: Ribombee|Moonblast|p1a: BAJRANGA GUNN\ud83d\udd2b\n|-damage|p1a: BAJRANGA GUNN\ud83d\udd2b|4\/100 par\n|\n|-fieldend|move: Trick Room\n|upkeep\n|turn|6\n|\n|t:|1698871817\n|switch|p1a: BAJRANGAAAAA GUN\ud83d\udd2b|Hatterene, F|100\/100\n|move|p2a: Ribombee|Moonblast|p1a: BAJRANGAAAAA GUN\ud83d\udd2b\n|-damage|p1a: BAJRANGAAAAA GUN\ud83d\udd2b|64\/100\n|\n|upkeep\n|turn|7\n|\n|t:|1698871820\n|move|p2a: Ribombee|Moonblast|p1a: BAJRANGAAAAA GUN\ud83d\udd2b\n|-damage|p1a: BAJRANGAAAAA GUN\ud83d\udd2b|28\/100\n|move|p1a: BAJRANGAAAAA GUN\ud83d\udd2b|Trick Room|p1a: BAJRANGAAAAA GUN\ud83d\udd2b\n|-fieldstart|move: Trick Room|[of] p1a: BAJRANGAAAAA GUN\ud83d\udd2b\n|\n|upkeep\n|turn|8\n|\n|t:|1698871827\n|switch|p1a: BAJRANGA GUNN\ud83d\udd2b|Dialga-Origin, shiny|4\/100 par\n|-ability|p1a: BAJRANGA GUNN\ud83d\udd2b|Pressure\n|move|p2a: Ribombee|Sticky Web|p1a: BAJRANGA GUNN\ud83d\udd2b\n|-sidestart|p1: WARIOROFLIBERATION|move: Sticky Web\n|\n|upkeep\n|turn|9\n|\n|t:|1698871836\n|move|p1a: BAJRANGA GUNN\ud83d\udd2b|Steel Beam|p2a: Ribombee\n|-supereffective|p2a: Ribombee\n|-enditem|p2a: Ribombee|Focus Sash\n|-damage|p2a: Ribombee|1\/100\n|-damage|p1a: BAJRANGA GUNN\ud83d\udd2b|0 fnt|[from] steelbeam\n|faint|p1a: BAJRANGA GUNN\ud83d\udd2b\n|move|p2a: Ribombee|Moonblast|p1: BAJRANGA GUNN\ud83d\udd2b|[notarget]\n|-fail|p2a: Ribombee\n|\n|upkeep\n|inactive|WARIOROFLIBERATION has 120 seconds left.\n|\n|t:|1698871872\n|switch|p1a: BAJRANGAAAAA GUN\ud83d\udd2b|Hatterene, F|28\/100\n|-activate|p1a: BAJRANGAAAAA GUN\ud83d\udd2b|move: Sticky Web\n|-unboost|p1a: BAJRANGAAAAA GUN\ud83d\udd2b|spe|1\n|turn|10\n|\n|t:|1698871881\n|move|p1a: BAJRANGAAAAA GUN\ud83d\udd2b|Healing Wish|p1a: BAJRANGAAAAA GUN\ud83d\udd2b\n|faint|p1a: BAJRANGAAAAA GUN\ud83d\udd2b\n|move|p2a: Ribombee|Stun Spore|p1: BAJRANGAAAAA GUN\ud83d\udd2b|[notarget]\n|-fail|p2a: Ribombee\n|\n|upkeep\n|inactive|WARIOROFLIBERATION has 120 seconds left.\n|\n|t:|1698871913\n|switch|p1a: BAJRANGAA GUN\ud83d\udd2b|Calyrex-Ice|100\/100\n|-ability|p1a: BAJRANGAA GUN\ud83d\udd2b|As One\n|-ability|p1a: BAJRANGAA GUN\ud83d\udd2b|Unnerve\n|-activate|p1a: BAJRANGAA GUN\ud83d\udd2b|move: Sticky Web\n|-unboost|p1a: BAJRANGAA GUN\ud83d\udd2b|spe|1\n|turn|11\n|\n|t:|1698871929\n|move|p1a: BAJRANGAA GUN\ud83d\udd2b|Stomping Tantrum|p2a: Ribombee\n|-resisted|p2a: Ribombee\n|-damage|p2a: Ribombee|0 fnt\n|faint|p2a: Ribombee\n|-ability|p1a: BAJRANGAA GUN\ud83d\udd2b|Chilling Neigh|boost\n|-boost|p1a: BAJRANGAA GUN\ud83d\udd2b|atk|1\n|-damage|p1a: BAJRANGAA GUN\ud83d\udd2b|91\/100|[from] item: Life Orb\n|\n|-fieldend|move: Trick Room\n|upkeep\n|\n|t:|1698871935\n|switch|p2a: Chi-Yu|Chi-Yu|100\/100\n|-damage|p2a: Chi-Yu|76\/100|[from] Stealth Rock\n|-ability|p2a: Chi-Yu|Beads of Ruin\n|-item|p2a: Chi-Yu|Air Balloon\n|turn|12\n|\n|t:|1698871952\n|-terastallize|p1a: BAJRANGAA GUN\ud83d\udd2b|Fire\n|move|p2a: Chi-Yu|Taunt|p1a: BAJRANGAA GUN\ud83d\udd2b\n|-start|p1a: BAJRANGAA GUN\ud83d\udd2b|move: Taunt\n|cant|p1a: BAJRANGAA GUN\ud83d\udd2b|move: Taunt|Trick Room\n|\n|upkeep\n|turn|13\n|\n|t:|1698871963\n|move|p2a: Chi-Yu|Dark Pulse|p1a: BAJRANGAA GUN\ud83d\udd2b\n|-damage|p1a: BAJRANGAA GUN\ud83d\udd2b|54\/100\n|move|p1a: BAJRANGAA GUN\ud83d\udd2b|Glacial Lance|p2a: Chi-Yu\n|-resisted|p2a: Chi-Yu\n|-damage|p2a: Chi-Yu|0 fnt\n|-enditem|p2a: Chi-Yu|Air Balloon\n|faint|p2a: Chi-Yu\n|-ability|p1a: BAJRANGAA GUN\ud83d\udd2b|Chilling Neigh|boost\n|-boost|p1a: BAJRANGAA GUN\ud83d\udd2b|atk|1\n|-damage|p1a: BAJRANGAA GUN\ud83d\udd2b|44\/100|[from] item: Life Orb\n|\n|upkeep\n|\n|t:|1698871979\n|switch|p2a: Koraidon|Koraidon|100\/100\n|-damage|p2a: Koraidon|94\/100|[from] Stealth Rock\n|-weather|SunnyDay|[from] ability: Orichalcum Pulse|[of] p2a: Koraidon\n|-activate|p2a: Koraidon|Orichalcum Pulse|[source]\n|turn|14\n|\n|t:|1698871997\n|move|p2a: Koraidon|Low Kick|p1a: BAJRANGAA GUN\ud83d\udd2b\n|-damage|p1a: BAJRANGAA GUN\ud83d\udd2b|0 fnt\n|faint|p1a: BAJRANGAA GUN\ud83d\udd2b\n|\n|-weather|SunnyDay|[upkeep]\n|upkeep\n|\n|t:|1698872004\n|switch|p1a: BAJRANGAAAA GUN\ud83d\udd2b|Basculegion, M, shiny|100\/100\n|-activate|p1a: BAJRANGAAAA GUN\ud83d\udd2b|move: Sticky Web\n|-unboost|p1a: BAJRANGAAAA GUN\ud83d\udd2b|spe|1\n|turn|15\n|\n|t:|1698872026\n|move|p2a: Koraidon|Scale Shot|p1a: BAJRANGAAAA GUN\ud83d\udd2b\n|-damage|p1a: BAJRANGAAAA GUN\ud83d\udd2b|81\/100\n|-damage|p1a: BAJRANGAAAA GUN\ud83d\udd2b|61\/100\n|-damage|p1a: BAJRANGAAAA GUN\ud83d\udd2b|42\/100\n|-damage|p1a: BAJRANGAAAA GUN\ud83d\udd2b|23\/100\n|-hitcount|p1a: BAJRANGAAAA GUN\ud83d\udd2b|4\n|-unboost|p2a: Koraidon|def|1\n|-boost|p2a: Koraidon|spe|1\n|move|p1a: BAJRANGAAAA GUN\ud83d\udd2b|Last Respects|p2a: Koraidon\n|-damage|p2a: Koraidon|0 fnt\n|faint|p2a: Koraidon\n|\n|-weather|SunnyDay|[upkeep]\n|upkeep\n|\n|t:|1698872035\n|switch|p2a: Ditto|Ditto|100\/100\n|-damage|p2a: Ditto|88\/100|[from] Stealth Rock\n|-transform|p2a: Ditto|p1a: BAJRANGAAAA GUN\ud83d\udd2b|[from] ability: Imposter\n|turn|16\n|inactive|WARIOROFLIBERATION has 90 seconds left.\n|\n|t:|1698872073\n|switch|p1a: BAJRANGAAA GUUN\ud83d\udd2b|Ursaluna-Bloodmoon, M|100\/100\n|-activate|p1a: BAJRANGAAA GUUN\ud83d\udd2b|move: Sticky Web\n|-unboost|p1a: BAJRANGAAA GUUN\ud83d\udd2b|spe|1\n|move|p2a: Ditto|Last Respects|p1a: BAJRANGAAA GUUN\ud83d\udd2b\n|-immune|p1a: BAJRANGAAA GUUN\ud83d\udd2b\n|\n|-weather|SunnyDay|[upkeep]\n|upkeep\n|turn|17\n|inactive|WARIOROFLIBERATION has 90 seconds left.\n|inactive|St4ll is g00d has 120 seconds left.\n|\n|t:|1698872109\n|switch|p2a: Arceus|Arceus-Psychic|100\/100\n|-damage|p2a: Arceus|88\/100|[from] Stealth Rock\n|move|p1a: BAJRANGAAA GUUN\ud83d\udd2b|Blood Moon|p2a: Arceus\n|-damage|p2a: Arceus|24\/100\n|-damage|p1a: BAJRANGAAA GUUN\ud83d\udd2b|90\/100|[from] item: Life Orb\n|\n|-weather|SunnyDay|[upkeep]\n|upkeep\n|turn|18\n|\n|t:|1698872124\n|switch|p1a: BAJRANGAAAA GUN\ud83d\udd2b|Basculegion, M, shiny|23\/100\n|-heal|p1a: BAJRANGAAAA GUN\ud83d\udd2b|100\/100|[from] move: Healing Wish\n|-activate|p1a: BAJRANGAAAA GUN\ud83d\udd2b|move: Sticky Web\n|-unboost|p1a: BAJRANGAAAA GUN\ud83d\udd2b|spe|1\n|move|p2a: Arceus|Recover|p2a: Arceus\n|-heal|p2a: Arceus|74\/100\n|\n|-weather|none\n|upkeep\n|turn|19\n|inactive|St4ll is g00d has 90 seconds left.\n|inactive|St4ll is g00d has 60 seconds left.\n|\n|t:|1698872198\n|move|p2a: Arceus|Stored Power|p1a: BAJRANGAAAA GUN\ud83d\udd2b\n|-damage|p1a: BAJRANGAAAA GUN\ud83d\udd2b|91\/100\n|move|p1a: BAJRANGAAAA GUN\ud83d\udd2b|Last Respects|p2a: Arceus\n|-supereffective|p2a: Arceus\n|-damage|p2a: Arceus|0 fnt\n|faint|p2a: Arceus\n|\n|upkeep\n|\n|t:|1698872200\n|switch|p2a: Miraidon|Miraidon|100\/100\n|-fieldstart|move: Electric Terrain|[from] ability: Hadron Engine|[of] p2a: Miraidon\n|turn|20\n|inactive|WARIOROFLIBERATION has 90 seconds left.\n|\n|t:|1698872229\n|switch|p1a: BAJRANGAAA GUUN\ud83d\udd2b|Ursaluna-Bloodmoon, M|90\/100\n|-activate|p1a: BAJRANGAAA GUUN\ud83d\udd2b|move: Sticky Web\n|-unboost|p1a: BAJRANGAAA GUUN\ud83d\udd2b|spe|1\n|move|p2a: Miraidon|Electro Drift|p1a: BAJRANGAAA GUUN\ud83d\udd2b\n|-immune|p1a: BAJRANGAAA GUUN\ud83d\udd2b\n|\n|upkeep\n|turn|21\n|inactive|St4ll is g00d has 60 seconds left.\n|\n|t:|1698872255\n|-terastallize|p2a: Miraidon|Fairy\n|move|p2a: Miraidon|Dragon Pulse|p1a: BAJRANGAAA GUUN\ud83d\udd2b\n|-damage|p1a: BAJRANGAAA GUUN\ud83d\udd2b|24\/100\n|move|p1a: BAJRANGAAA GUUN\ud83d\udd2b|Blood Moon|p2a: Miraidon\n|-damage|p2a: Miraidon|8\/100\n|-damage|p1a: BAJRANGAAA GUUN\ud83d\udd2b|14\/100|[from] item: Life Orb\n|\n|upkeep\n|turn|22\n|inactive|WARIOROFLIBERATION has 60 seconds left.\n|\n|t:|1698872295\n|switch|p1a: BAJRANGAAAA GUN\ud83d\udd2b|Basculegion, M, shiny|91\/100\n|-activate|p1a: BAJRANGAAAA GUN\ud83d\udd2b|move: Sticky Web\n|-unboost|p1a: BAJRANGAAAA GUN\ud83d\udd2b|spe|1\n|move|p2a: Miraidon|Dragon Pulse|p1a: BAJRANGAAAA GUN\ud83d\udd2b\n|-damage|p1a: BAJRANGAAAA GUN\ud83d\udd2b|32\/100\n|\n|upkeep\n|turn|23\n|inactive|St4ll is g00d has 60 seconds left.\n|\n|t:|1698872309\n|switch|p2a: Ditto|Ditto|88\/100\n|-damage|p2a: Ditto|76\/100|[from] Stealth Rock\n|-transform|p2a: Ditto|p1a: BAJRANGAAAA GUN\ud83d\udd2b|[from] ability: Imposter\n|move|p1a: BAJRANGAAAA GUN\ud83d\udd2b|Aqua Jet|p2a: Ditto\n|-resisted|p2a: Ditto\n|-damage|p2a: Ditto|42\/100\n|\n|upkeep\n|turn|24\n|inactive|St4ll is g00d has 60 seconds left.\n|\n|t:|1698872320\n|move|p1a: BAJRANGAAAA GUN\ud83d\udd2b|Aqua Jet|p2a: Ditto\n|-resisted|p2a: Ditto\n|-damage|p2a: Ditto|10\/100\n|move|p2a: Ditto|Wave Crash|p1a: BAJRANGAAAA GUN\ud83d\udd2b\n|-resisted|p1a: BAJRANGAAAA GUN\ud83d\udd2b\n|-damage|p1a: BAJRANGAAAA GUN\ud83d\udd2b|0 fnt\n|faint|p1a: BAJRANGAAAA GUN\ud83d\udd2b\n|-damage|p2a: Ditto|0 fnt|[from] Recoil\n|faint|p2a: Ditto\n|\n|-fieldend|move: Electric Terrain\n|upkeep\n|\n|t:|1698872331\n|switch|p1a: BAJRANGAAA GUUN\ud83d\udd2b|Ursaluna-Bloodmoon, M|14\/100\n|switch|p2a: Miraidon|Miraidon, tera:Fairy|8\/100\n|-fieldstart|move: Electric Terrain|[from] ability: Hadron Engine|[of] p2a: Miraidon\n|-activate|p1a: BAJRANGAAA GUUN\ud83d\udd2b|move: Sticky Web\n|-unboost|p1a: BAJRANGAAA GUUN\ud83d\udd2b|spe|1\n|turn|25\n|j| JeffJustDied\n|\n|t:|1698872347\n|move|p1a: BAJRANGAAA GUUN\ud83d\udd2b|Vacuum Wave|p2a: Miraidon\n|-resisted|p2a: Miraidon\n|-crit|p2a: Miraidon\n|-damage|p2a: Miraidon|0 fnt\n|faint|p2a: Miraidon\n|-damage|p1a: BAJRANGAAA GUUN\ud83d\udd2b|4\/100|[from] item: Life Orb\n|\n|win|WARIOROFLIBERATION\n|raw|WARIOROFLIBERATION's rating: 1422 &rarr; <strong>1453<\/strong><br \/>(+31 for winning)\n|raw|St4ll is g00d's rating: 1626 &rarr; <strong>1595<\/strong><br \/>(-31 for losing)\n|l|\u2606St4ll is g00d\n","uploadtime":1698872356,"views":12,"p1id":"wariorofliberation","p2id":"st4llisg00d","formatid":"gen9ubers","rating":1453,"private":0,"password":""}