{"id":"gen9ubers-1975302895","p1":"sgrg32","p2":"ayafungamer","format":"[Gen 9] Ubers","log":"|j|\u2606sgrg32\n|j|\u2606ayafungamer\n|t:|1698178014\n|gametype|singles\n|player|p1|sgrg32|alec-anime|\n|player|p2|ayafungamer|266|\n|teamsize|p1|6\n|teamsize|p2|6\n|gen|9\n|tier|[Gen 9] Ubers\n|rule|Sleep Clause Mod: Limit one foe put to sleep\n|rule|Species Clause: Limit one of each Pok\u00e9mon\n|rule|OHKO Clause: OHKO moves are banned\n|rule|Evasion Items Clause: Evasion items are banned\n|rule|Evasion Moves Clause: Evasion moves are banned\n|rule|Endless Battle Clause: Forcing endless battles is banned\n|rule|HP Percentage Mod: HP is shown in percentages\n|clearpoke\n|poke|p1|Lilligant-Hisui, F|\n|poke|p1|Fezandipiti, M|\n|poke|p1|Umbreon, F|\n|poke|p1|Enamorus, F|\n|poke|p1|Cutiefly, F|\n|poke|p1|Cinderace, M|\n|poke|p2|Roaring Moon|\n|poke|p2|Leafeon, F|\n|poke|p2|Ninetales, M|\n|poke|p2|Scream Tail|\n|poke|p2|Ditto|\n|poke|p2|Sandy Shocks|\n|teampreview\n|c|\u2606sgrg32|this guy didnt bring drought ninetails\n|\n|t:|1698178026\n|start\n|switch|p1a: lil bitch|Cutiefly, F|100\/100\n|switch|p2a: Ninetales|Ninetales, M|100\/100\n|-weather|SunnyDay|[from] ability: Drought|[of] p2a: Ninetales\n|turn|1\n|\n|t:|1698178069\n|move|p2a: Ninetales|Weather Ball|p1a: lil bitch\n|-supereffective|p1a: lil bitch\n|-enditem|p1a: lil bitch|Focus Sash\n|-damage|p1a: lil bitch|1\/100\n|move|p1a: lil bitch|Sticky Web|p2a: Ninetales\n|-sidestart|p2: ayafungamer|move: Sticky Web\n|\n|-weather|SunnyDay|[upkeep]\n|upkeep\n|turn|2\n|\n|t:|1698178083\n|move|p2a: Ninetales|Weather Ball|p1a: lil bitch\n|-supereffective|p1a: lil bitch\n|-damage|p1a: lil bitch|0 fnt\n|faint|p1a: lil bitch\n|\n|-weather|SunnyDay|[upkeep]\n|upkeep\n|\n|t:|1698178112\n|switch|p1a: therealfurrybait|Cinderace, M|100\/100\n|turn|3\n|\n|t:|1698178184\n|switch|p2a: Scream Tail|Scream Tail|100\/100\n|-activate|p2a: Scream Tail|move: Sticky Web\n|-unboost|p2a: Scream Tail|spe|1\n|-activate|p2a: Scream Tail|ability: Protosynthesis\n|-start|p2a: Scream Tail|protosynthesisdef\n|move|p1a: therealfurrybait|Pyro Ball|p2a: Scream Tail|[miss]\n|-miss|p1a: therealfurrybait|p2a: Scream Tail\n|\n|-weather|SunnyDay|[upkeep]\n|upkeep\n|turn|4\n|c|\u2606sgrg32|this is so sad\n|\n|t:|1698178199\n|switch|p1a: lord shen|Fezandipiti, M|100\/100\n|move|p2a: Scream Tail|Reflect|p2a: Scream Tail\n|-sidestart|p2: ayafungamer|Reflect\n|\n|-weather|SunnyDay|[upkeep]\n|upkeep\n|turn|5\n|\n|t:|1698178222\n|move|p1a: lord shen|Beat Up|p2a: Scream Tail\n|-damage|p2a: Scream Tail|99\/100\n|-damage|p2a: Scream Tail|99\/100\n|-status|p2a: Scream Tail|tox|[from] ability: Toxic Chain|[of] p1a: lord shen\n|-damage|p2a: Scream Tail|99\/100 tox\n|-damage|p2a: Scream Tail|98\/100 tox\n|-damage|p2a: Scream Tail|97\/100 tox\n|-hitcount|p2a: Scream Tail|5\n|move|p2a: Scream Tail|Thunder Wave|p1a: lord shen\n|-status|p1a: lord shen|par\n|\n|-weather|SunnyDay|[upkeep]\n|-damage|p2a: Scream Tail|91\/100 tox|[from] psn\n|upkeep\n|turn|6\n|\n|t:|1698178236\n|move|p2a: Scream Tail|Light Screen|p2a: Scream Tail\n|-sidestart|p2: ayafungamer|move: Light Screen\n|move|p1a: lord shen|Gunk Shot|p2a: Scream Tail\n|-supereffective|p2a: Scream Tail\n|-damage|p2a: Scream Tail|74\/100 tox\n|\n|-weather|SunnyDay|[upkeep]\n|-damage|p2a: Scream Tail|61\/100 tox|[from] psn\n|upkeep\n|turn|7\n|\n|t:|1698178256\n|-end|p2a: Scream Tail|Protosynthesis|[silent]\n|switch|p2a: Sandy Shocks|Sandy Shocks|100\/100\n|-activate|p2a: Sandy Shocks|move: Sticky Web\n|-unboost|p2a: Sandy Shocks|spe|1\n|-activate|p2a: Sandy Shocks|ability: Protosynthesis\n|-start|p2a: Sandy Shocks|protosynthesisspa\n|switch|p1a: therealfurrybait|Cinderace, M|100\/100\n|\n|-weather|SunnyDay|[upkeep]\n|upkeep\n|turn|8\n|\n|t:|1698178307\n|-terastallize|p2a: Sandy Shocks|Flying\n|move|p1a: therealfurrybait|Pyro Ball|p2a: Sandy Shocks\n|-damage|p2a: Sandy Shocks|54\/100\n|move|p2a: Sandy Shocks|Tera Blast|p1a: therealfurrybait|[anim] Tera Blast Flying\n|-damage|p1a: therealfurrybait|7\/100\n|-damage|p2a: Sandy Shocks|44\/100|[from] item: Life Orb\n|\n|-weather|none\n|-end|p2a: Sandy Shocks|Protosynthesis\n|upkeep\n|turn|9\n|c|\u2606ayafungamer|why no hkj :(\n|c|\u2606sgrg32|why would i\n|c|\u2606sgrg32|youre not steel\n|c|\u2606ayafungamer|but\n|c|\u2606ayafungamer|it would be fun\n|c|\u2606sgrg32|this is not halal\n|c|\u2606ayafungamer|i coudl've terra'd steel\n|c|\u2606ayafungamer|then you would have the biggest flex to brag with that read\n|c|\u2606sgrg32|fire still is good\n|c|\u2606sgrg32|wdym\n|c|\u2606sgrg32|:sob:\n|\n|t:|1698178416\n|switch|p1a: mfw|Umbreon, F|100\/100\n|move|p2a: Sandy Shocks|Tera Blast|p1a: mfw|[anim] Tera Blast Flying\n|-damage|p1a: mfw|73\/100\n|-damage|p2a: Sandy Shocks|34\/100|[from] item: Life Orb\n|\n|-heal|p1a: mfw|79\/100|[from] item: Leftovers\n|upkeep\n|turn|10\n|\n|t:|1698178428\n|-end|p2a: Sandy Shocks|Protosynthesis|[silent]\n|switch|p2a: Ninetales|Ninetales, M|100\/100\n|-activate|p2a: Ninetales|move: Sticky Web\n|-unboost|p2a: Ninetales|spe|1\n|-weather|SunnyDay|[from] ability: Drought|[of] p2a: Ninetales\n|move|p1a: mfw|Toxic|p2a: Ninetales\n|-status|p2a: Ninetales|tox\n|\n|-weather|SunnyDay|[upkeep]\n|-heal|p1a: mfw|85\/100|[from] item: Leftovers\n|-damage|p2a: Ninetales|95\/100 tox|[from] psn\n|upkeep\n|turn|11\n|\n|t:|1698178470\n|switch|p2a: Roaring Moon|Roaring Moon|100\/100\n|-activate|p2a: Roaring Moon|move: Sticky Web\n|-unboost|p2a: Roaring Moon|spe|1\n|-activate|p2a: Roaring Moon|ability: Protosynthesis\n|-start|p2a: Roaring Moon|protosynthesisatk\n|move|p1a: mfw|Wish|p1a: mfw\n|\n|-weather|SunnyDay|[upkeep]\n|-heal|p1a: mfw|91\/100|[from] item: Leftovers\n|-sideend|p2: ayafungamer|Reflect\n|upkeep\n|turn|12\n|\n|t:|1698178478\n|switch|p1a: therealfurrybait|Cinderace, M|7\/100\n|move|p2a: Roaring Moon|U-turn|p1a: therealfurrybait\n|-resisted|p1a: therealfurrybait\n|-damage|p1a: therealfurrybait|0 fnt\n|faint|p1a: therealfurrybait\n|c|\u2606sgrg32|this is so sad\n|\n|t:|1698178488\n|-end|p2a: Roaring Moon|Protosynthesis|[silent]\n|switch|p2a: Scream Tail|Scream Tail|61\/100 tox|[from] U-turn\n|-activate|p2a: Scream Tail|move: Sticky Web\n|-unboost|p2a: Scream Tail|spe|1\n|-activate|p2a: Scream Tail|ability: Protosynthesis\n|-start|p2a: Scream Tail|protosynthesisdef\n|\n|-weather|SunnyDay|[upkeep]\n|-damage|p2a: Scream Tail|55\/100 tox|[from] psn\n|upkeep\n|\n|t:|1698178501\n|switch|p1a: trap house|Enamorus, F|100\/100\n|turn|13\n|\n|t:|1698178507\n|move|p1a: trap house|Moonblast|p2a: Scream Tail\n|-damage|p2a: Scream Tail|39\/100 tox\n|-unboost|p2a: Scream Tail|spa|1\n|move|p2a: Scream Tail|Thunder Wave|p1a: trap house|[miss]\n|-miss|p2a: Scream Tail|p1a: trap house\n|\n|-weather|SunnyDay|[upkeep]\n|-damage|p2a: Scream Tail|26\/100 tox|[from] psn\n|-sideend|p2: ayafungamer|move: Light Screen\n|upkeep\n|turn|14\n|c|\u2606ayafungamer|that is also very sad\n|c|\u2606sgrg32|i was mirror herb cinderace\n|c|\u2606sgrg32|i was hoping to catch a dd :pensive:\n|\n|t:|1698178547\n|move|p1a: trap house|Moonblast|p2a: Scream Tail\n|-damage|p2a: Scream Tail|0 fnt\n|faint|p2a: Scream Tail\n|-end|p2a: Scream Tail|Protosynthesis|[silent]\n|\n|-weather|SunnyDay|[upkeep]\n|upkeep\n|\n|t:|1698178559\n|switch|p2a: Ditto|Ditto|100\/100\n|-activate|p2a: Ditto|move: Sticky Web\n|-unboost|p2a: Ditto|spe|1\n|-transform|p2a: Ditto|p1a: trap house|[from] ability: Imposter\n|turn|15\n|\n|t:|1698178574\n|move|p1a: trap house|Moonblast|p2a: Ditto\n|-damage|p2a: Ditto|36\/100\n|move|p2a: Ditto|Moonblast|p1a: trap house\n|-damage|p1a: trap house|24\/100\n|\n|-weather|SunnyDay|[upkeep]\n|upkeep\n|turn|16\n|\n|t:|1698178587\n|switch|p1a: lord shen|Fezandipiti, M|100\/100 par\n|move|p2a: Ditto|Moonblast|p1a: lord shen\n|-resisted|p1a: lord shen\n|-damage|p1a: lord shen|81\/100 par\n|-unboost|p1a: lord shen|spa|1\n|\n|-weather|SunnyDay|[upkeep]\n|-heal|p1a: lord shen|87\/100 par|[from] item: Black Sludge\n|upkeep\n|turn|17\n|\n|t:|1698178605\n|switch|p2a: Sandy Shocks|Sandy Shocks, tera:Flying|34\/100\n|-activate|p2a: Sandy Shocks|ability: Protosynthesis\n|-start|p2a: Sandy Shocks|protosynthesisspe\n|move|p1a: lord shen|Beat Up|p2a: Sandy Shocks\n|-damage|p2a: Sandy Shocks|30\/100\n|-status|p2a: Sandy Shocks|tox|[from] ability: Toxic Chain|[of] p1a: lord shen\n|-damage|p2a: Sandy Shocks|27\/100 tox\n|-damage|p2a: Sandy Shocks|24\/100 tox\n|-damage|p2a: Sandy Shocks|20\/100 tox\n|-hitcount|p2a: Sandy Shocks|4\n|\n|-weather|none\n|-end|p2a: Sandy Shocks|Protosynthesis\n|-heal|p1a: lord shen|93\/100 par|[from] item: Black Sludge\n|-damage|p2a: Sandy Shocks|14\/100 tox|[from] psn\n|upkeep\n|turn|18\n|\n|t:|1698178630\n|switch|p1a: mfw|Umbreon, F|91\/100\n|move|p2a: Sandy Shocks|Earth Power|p1a: mfw\n|-damage|p1a: mfw|60\/100\n|-damage|p2a: Sandy Shocks|4\/100 tox|[from] item: Life Orb\n|\n|-heal|p1a: mfw|66\/100|[from] item: Leftovers\n|-damage|p2a: Sandy Shocks|0 fnt|[from] psn\n|faint|p2a: Sandy Shocks\n|-end|p2a: Sandy Shocks|Protosynthesis|[silent]\n|upkeep\n|\n|t:|1698178633\n|switch|p2a: Ninetales|Ninetales, M|95\/100 tox\n|-activate|p2a: Ninetales|move: Sticky Web\n|-unboost|p2a: Ninetales|spe|1\n|-weather|SunnyDay|[from] ability: Drought|[of] p2a: Ninetales\n|turn|19\n|\n|t:|1698178638\n|switch|p2a: Roaring Moon|Roaring Moon|100\/100\n|-activate|p2a: Roaring Moon|move: Sticky Web\n|-unboost|p2a: Roaring Moon|spe|1\n|-activate|p2a: Roaring Moon|ability: Protosynthesis\n|-start|p2a: Roaring Moon|protosynthesisatk\n|move|p1a: mfw|Wish|p1a: mfw\n|\n|-weather|SunnyDay|[upkeep]\n|-heal|p1a: mfw|73\/100|[from] item: Leftovers\n|upkeep\n|turn|20\n|\n|t:|1698178654\n|switch|p1a: trap house|Enamorus, F|24\/100\n|move|p2a: Roaring Moon|U-turn|p1a: trap house\n|-resisted|p1a: trap house\n|-damage|p1a: trap house|7\/100\n|\n|t:|1698178661\n|-end|p2a: Roaring Moon|Protosynthesis|[silent]\n|switch|p2a: Ditto|Ditto|36\/100|[from] U-turn\n|-activate|p2a: Ditto|move: Sticky Web\n|-unboost|p2a: Ditto|spe|1\n|-transform|p2a: Ditto|p1a: trap house|[from] ability: Imposter\n|\n|-weather|SunnyDay|[upkeep]\n|-heal|p1a: trap house|75\/100|[from] move: Wish|[wisher] mfw\n|upkeep\n|turn|21\n|c|\u2606sgrg32|oh\n|\n|t:|1698178676\n|move|p1a: trap house|Moonblast|p2a: Ditto\n|-damage|p2a: Ditto|0 fnt\n|faint|p2a: Ditto\n|\n|-weather|SunnyDay|[upkeep]\n|upkeep\n|c|\u2606sgrg32|i forgot abt wish\n|c|\u2606sgrg32|we ballin\n|c|\u2606ayafungamer|man the speed tie\n|c|\u2606sgrg32|are you jolly\n|c|\u2606sgrg32|or timid\n|c|\u2606sgrg32|i forget which one is for which\n|c|\u2606ayafungamer|i should be max speed man\n|c|\u2606ayafungamer|w scarf\n|c|\u2606sgrg32|i think i take one either way\n|\n|t:|1698178836\n|switch|p2a: Ninetales|Ninetales, M|95\/100 tox\n|-activate|p2a: Ninetales|move: Sticky Web\n|-unboost|p2a: Ninetales|spe|1\n|turn|22\n|\n|t:|1698178843\n|switch|p1a: mfw|Umbreon, F|73\/100\n|move|p2a: Ninetales|Weather Ball|p1a: mfw\n|-damage|p1a: mfw|41\/100\n|\n|-weather|SunnyDay|[upkeep]\n|-heal|p1a: mfw|47\/100|[from] item: Leftovers\n|-damage|p2a: Ninetales|89\/100 tox|[from] psn\n|upkeep\n|turn|23\n|\n|t:|1698178851\n|switch|p2a: Roaring Moon|Roaring Moon|100\/100\n|-activate|p2a: Roaring Moon|move: Sticky Web\n|-unboost|p2a: Roaring Moon|spe|1\n|-activate|p2a: Roaring Moon|ability: Protosynthesis\n|-start|p2a: Roaring Moon|protosynthesisatk\n|move|p1a: mfw|Wish|p1a: mfw\n|\n|-weather|SunnyDay|[upkeep]\n|-heal|p1a: mfw|54\/100|[from] item: Leftovers\n|upkeep\n|turn|24\n|\n|t:|1698178860\n|switch|p1a: trap house|Enamorus, F|75\/100\n|move|p2a: Roaring Moon|Iron Head|p1a: trap house\n|-supereffective|p1a: trap house\n|-damage|p1a: trap house|0 fnt\n|faint|p1a: trap house\n|\n|-weather|SunnyDay|[upkeep]\n|upkeep\n|\n|t:|1698178862\n|switch|p1a: lord shen|Fezandipiti, M|93\/100 par\n|turn|25\n|\n|t:|1698178907\n|move|p2a: Roaring Moon|Iron Head|p1a: lord shen\n|-supereffective|p1a: lord shen\n|-damage|p1a: lord shen|15\/100 par\n|move|p1a: lord shen|Play Rough|p2a: Roaring Moon\n|-supereffective|p2a: Roaring Moon\n|-damage|p2a: Roaring Moon|0 fnt\n|faint|p2a: Roaring Moon\n|-end|p2a: Roaring Moon|Protosynthesis|[silent]\n|\n|-weather|SunnyDay|[upkeep]\n|-heal|p1a: lord shen|21\/100 par|[from] item: Black Sludge\n|upkeep\n|\n|t:|1698178919\n|switch|p2a: Leafeon|Leafeon, F|100\/100\n|-activate|p2a: Leafeon|move: Sticky Web\n|-unboost|p2a: Leafeon|spe|1\n|turn|26\n|\n|t:|1698178929\n|move|p2a: Leafeon|Tera Blast|p1a: lord shen\n|-damage|p1a: lord shen|10\/100 par\n|-damage|p2a: Leafeon|91\/100|[from] item: Life Orb\n|cant|p1a: lord shen|par\n|\n|-weather|none\n|-heal|p1a: lord shen|16\/100 par|[from] item: Black Sludge\n|upkeep\n|turn|27\n|\n|t:|1698178936\n|switch|p2a: Ninetales|Ninetales, M|89\/100 tox\n|-activate|p2a: Ninetales|move: Sticky Web\n|-unboost|p2a: Ninetales|spe|1\n|-weather|SunnyDay|[from] ability: Drought|[of] p2a: Ninetales\n|move|p1a: lord shen|Roost|p1a: lord shen\n|-heal|p1a: lord shen|66\/100 par\n|-singleturn|p1a: lord shen|move: Roost\n|\n|-weather|SunnyDay|[upkeep]\n|-heal|p1a: lord shen|72\/100 par|[from] item: Black Sludge\n|-damage|p2a: Ninetales|83\/100 tox|[from] psn\n|upkeep\n|turn|28\n|c|\u2606sgrg32|wtf\n|\n|t:|1698178961\n|switch|p1a: mfw|Umbreon, F|54\/100\n|move|p2a: Ninetales|Weather Ball|p1a: mfw\n|-damage|p1a: mfw|20\/100\n|\n|-weather|SunnyDay|[upkeep]\n|-heal|p1a: mfw|26\/100|[from] item: Leftovers\n|-damage|p2a: Ninetales|71\/100 tox|[from] psn\n|upkeep\n|turn|29\n|\n|t:|1698178966\n|move|p1a: mfw|Protect|p1a: mfw\n|-singleturn|p1a: mfw|Protect\n|move|p2a: Ninetales|Weather Ball|p1a: mfw\n|-activate|p1a: mfw|move: Protect\n|\n|-weather|SunnyDay|[upkeep]\n|-heal|p1a: mfw|32\/100|[from] item: Leftovers\n|-damage|p2a: Ninetales|53\/100 tox|[from] psn\n|upkeep\n|turn|30\n|\n|t:|1698178969\n|move|p2a: Ninetales|Weather Ball|p1a: mfw\n|-damage|p1a: mfw|0 fnt\n|faint|p1a: mfw\n|\n|-weather|SunnyDay|[upkeep]\n|-damage|p2a: Ninetales|29\/100 tox|[from] psn\n|upkeep\n|\n|t:|1698178973\n|switch|p1a: chesci wesci|Lilligant-Hisui, F|100\/100\n|turn|31\n|\n|t:|1698178985\n|move|p1a: chesci wesci|Victory Dance|p1a: chesci wesci\n|-boost|p1a: chesci wesci|atk|1\n|-boost|p1a: chesci wesci|def|1\n|-boost|p1a: chesci wesci|spe|1\n|move|p2a: Ninetales|Weather Ball|p1a: chesci wesci\n|-supereffective|p1a: chesci wesci\n|-enditem|p1a: chesci wesci|Focus Sash\n|-damage|p1a: chesci wesci|1\/100\n|\n|-weather|SunnyDay|[upkeep]\n|-damage|p2a: Ninetales|0 fnt|[from] psn\n|faint|p2a: Ninetales\n|upkeep\n|\n|t:|1698178995\n|switch|p2a: Leafeon|Leafeon, F|91\/100\n|-activate|p2a: Leafeon|move: Sticky Web\n|-unboost|p2a: Leafeon|spe|1\n|turn|32\n|\n|t:|1698179010\n|move|p1a: chesci wesci|Close Combat|p2a: Leafeon\n|-damage|p2a: Leafeon|18\/100\n|-unboost|p1a: chesci wesci|def|1\n|-unboost|p1a: chesci wesci|spd|1\n|move|p2a: Leafeon|Solar Blade||[still]\n|-prepare|p2a: Leafeon|Solar Blade\n|-anim|p2a: Leafeon|Solar Blade|p1a: chesci wesci\n|-resisted|p1a: chesci wesci\n|-damage|p1a: chesci wesci|0 fnt\n|faint|p1a: chesci wesci\n|-damage|p2a: Leafeon|9\/100|[from] item: Life Orb\n|\n|-weather|SunnyDay|[upkeep]\n|upkeep\n|c|\u2606sgrg32|DAMN\n|c|\u2606sgrg32|shawty tanked\n|\n|t:|1698179020\n|switch|p1a: lord shen|Fezandipiti, M|72\/100 par\n|turn|33\n|c|\u2606ayafungamer|man'\n|c|\u2606sgrg32|ggs aya\n|\n|t:|1698179034\n|move|p2a: Leafeon|Solar Blade||[still]\n|-prepare|p2a: Leafeon|Solar Blade\n|-anim|p2a: Leafeon|Solar Blade|p1a: lord shen\n|-resisted|p1a: lord shen\n|-crit|p1a: lord shen\n|-damage|p1a: lord shen|28\/100 par\n|-damage|p2a: Leafeon|0 fnt|[from] item: Life Orb\n|faint|p2a: Leafeon\n|\n|win|sgrg32\n|c|\u2606ayafungamer|ggs\n|c|\u2606sgrg32|ill post replay\n|c|\u2606ayafungamer|why did i think terra blast would kill\n|c|\u2606sgrg32|good question :sob:\n|c|\u2606sgrg32|im max def hp tho\n","uploadtime":1698179097,"views":30,"p1id":"sgrg32","p2id":"ayafungamer","formatid":"gen9ubers","rating":0,"private":0,"password":""}