{"id":"gen9ubers-1994242654","p1":"SolChimera","p2":"yciuj","format":"[Gen 9] Ubers","log":"|j|\u2606SolChimera\n|j|\u2606yciuj\n|t:|1700422650\n|gametype|singles\n|player|p1|SolChimera|cheryl|\n|player|p2|yciuj|169|\n|teamsize|p1|6\n|teamsize|p2|6\n|gen|9\n|tier|[Gen 9] Ubers\n|rule|Sleep Clause Mod: Limit one foe put to sleep\n|rule|Species Clause: Limit one of each Pok\u00e9mon\n|rule|OHKO Clause: OHKO moves are banned\n|rule|Evasion Items Clause: Evasion items are banned\n|rule|Evasion Moves Clause: Evasion moves are banned\n|rule|Endless Battle Clause: Forcing endless battles is banned\n|rule|HP Percentage Mod: HP is shown in percentages\n|clearpoke\n|poke|p1|Baxcalibur, F|\n|poke|p1|Ursaluna-Bloodmoon, M|\n|poke|p1|Mimikyu, M|\n|poke|p1|Talonflame, F|\n|poke|p1|Glaceon, F|\n|poke|p1|Ogerpon-Wellspring, F|\n|poke|p2|Torterra, F|\n|poke|p2|Ninetales-Alola, M|\n|poke|p2|Roaring Moon|\n|poke|p2|Goodra-Hisui, F|\n|poke|p2|Glimmora, M|\n|poke|p2|Manaphy|\n|teampreview\n|\n|t:|1700422668\n|start\n|switch|p1a: Apricot|Talonflame, F|100\/100\n|switch|p2a: Ninetales|Ninetales-Alola, M, shiny|100\/100\n|-weather|Snow|[from] ability: Snow Warning|[of] p2a: Ninetales\n|turn|1\n|\n|t:|1700422713\n|move|p1a: Apricot|U-turn|p2a: Ninetales\n|-resisted|p2a: Ninetales\n|-damage|p2a: Ninetales|94\/100\n|\n|t:|1700422737\n|switch|p1a: Melon|Baxcalibur, F|100\/100|[from] U-turn\n|move|p2a: Ninetales|Aurora Veil|p2a: Ninetales\n|-sidestart|p2: yciuj|move: Aurora Veil\n|\n|-weather|Snow|[upkeep]\n|upkeep\n|turn|2\n|\n|t:|1700422770\n|move|p1a: Melon|Protect|p1a: Melon\n|-singleturn|p1a: Melon|Protect\n|move|p2a: Ninetales|Calm Mind|p2a: Ninetales\n|-boost|p2a: Ninetales|spa|1\n|-boost|p2a: Ninetales|spd|1\n|\n|-weather|Snow|[upkeep]\n|upkeep\n|turn|3\n|\n|t:|1700422812\n|switch|p1a: Currant|Mimikyu, M, shiny|100\/100\n|move|p2a: Ninetales|Moonblast|p1a: Currant\n|-activate|p1a: Currant|ability: Disguise\n|-damage|p1a: Currant|100\/100\n|detailschange|p1a: Currant|Mimikyu-Busted, M, shiny\n|-damage|p1a: Currant|88\/100|[from] pokemon: Mimikyu-Busted\n|\n|-weather|Snow|[upkeep]\n|upkeep\n|turn|4\n|\n|t:|1700422826\n|move|p1a: Currant|Shadow Sneak|p2a: Ninetales\n|-damage|p2a: Ninetales|84\/100\n|move|p2a: Ninetales|Blizzard|p1a: Currant\n|-damage|p1a: Currant|5\/100\n|\n|-weather|Snow|[upkeep]\n|upkeep\n|turn|5\n|\n|t:|1700422833\n|move|p1a: Currant|Shadow Sneak|p2a: Ninetales\n|-damage|p2a: Ninetales|74\/100\n|move|p2a: Ninetales|Moonblast|p1a: Currant\n|-crit|p1a: Currant\n|-damage|p1a: Currant|0 fnt\n|faint|p1a: Currant\n|\n|-weather|none\n|upkeep\n|\n|t:|1700422852\n|switch|p1a: Apricot|Talonflame, F|100\/100\n|turn|6\n|\n|t:|1700422866\n|move|p1a: Apricot|Flare Blitz|p2a: Ninetales\n|-supereffective|p2a: Ninetales\n|-damage|p2a: Ninetales|22\/100\n|-damage|p1a: Apricot|87\/100|[from] Recoil\n|move|p2a: Ninetales|Blizzard|p1a: Apricot\n|-damage|p1a: Apricot|5\/100\n|-status|p1a: Apricot|frz\n|\n|upkeep\n|turn|7\n|\n|t:|1700422898\n|switch|p2a: Glimmora|Glimmora, M|100\/100\n|-curestatus|p1a: Apricot|frz|[from] move: Flare Blitz\n|move|p1a: Apricot|Flare Blitz|p2a: Glimmora\n|-resisted|p2a: Glimmora\n|-damage|p2a: Glimmora|90\/100\n|-activate|p2a: Glimmora|ability: Toxic Debris\n|-sidestart|p1: SolChimera|move: Toxic Spikes\n|-damage|p1a: Apricot|2\/100|[from] Recoil\n|\n|-heal|p2a: Glimmora|96\/100|[from] item: Leftovers\n|upkeep\n|turn|8\n|\n|t:|1700422923\n|move|p1a: Apricot|Defog|p2a: Glimmora\n|-unboost|p2a: Glimmora|evasion|1\n|-sideend|p2: yciuj|move: Aurora Veil\n|-sideend|p1: SolChimera|Toxic Spikes|[from] move: Defog|[of] p1a: Apricot\n|move|p2a: Glimmora|Stealth Rock|p1a: Apricot\n|-sidestart|p1: SolChimera|move: Stealth Rock\n|\n|-heal|p2a: Glimmora|100\/100|[from] item: Leftovers\n|upkeep\n|turn|9\n|\n|t:|1700422937\n|move|p1a: Apricot|Will-O-Wisp|p2a: Glimmora\n|-status|p2a: Glimmora|brn\n|move|p2a: Glimmora|Mortal Spin|p1a: Apricot\n|-damage|p1a: Apricot|0 fnt\n|faint|p1a: Apricot\n|\n|-damage|p2a: Glimmora|94\/100 brn|[from] brn\n|upkeep\n|\n|t:|1700422958\n|switch|p1a: Papaya|Ursaluna-Bloodmoon, M|100\/100\n|-damage|p1a: Papaya|94\/100|[from] Stealth Rock\n|turn|10\n|\n|t:|1700422986\n|move|p2a: Glimmora|Mortal Spin|p1a: Papaya\n|-resisted|p1a: Papaya\n|-damage|p1a: Papaya|94\/100\n|-status|p1a: Papaya|psn\n|move|p1a: Papaya|Calm Mind|p1a: Papaya\n|-boost|p1a: Papaya|spa|1\n|-boost|p1a: Papaya|spd|1\n|\n|-heal|p2a: Glimmora|100\/100 brn|[from] item: Leftovers\n|-heal|p1a: Papaya|99\/100 psn|[from] item: Leftovers\n|-damage|p1a: Papaya|87\/100 psn|[from] psn\n|-damage|p2a: Glimmora|94\/100 brn|[from] brn\n|upkeep\n|turn|11\n|\n|t:|1700423010\n|move|p2a: Glimmora|Earth Power|p1a: Papaya\n|-damage|p1a: Papaya|63\/100 psn\n|move|p1a: Papaya|Calm Mind|p1a: Papaya\n|-boost|p1a: Papaya|spa|1\n|-boost|p1a: Papaya|spd|1\n|\n|-heal|p2a: Glimmora|100\/100 brn|[from] item: Leftovers\n|-heal|p1a: Papaya|69\/100 psn|[from] item: Leftovers\n|-damage|p1a: Papaya|56\/100 psn|[from] psn\n|-damage|p2a: Glimmora|94\/100 brn|[from] brn\n|upkeep\n|turn|12\n|\n|t:|1700423030\n|move|p2a: Glimmora|Earth Power|p1a: Papaya\n|-damage|p1a: Papaya|39\/100 psn\n|move|p1a: Papaya|Moonlight|p1a: Papaya\n|-heal|p1a: Papaya|89\/100 psn\n|\n|-heal|p2a: Glimmora|100\/100 brn|[from] item: Leftovers\n|-heal|p1a: Papaya|95\/100 psn|[from] item: Leftovers\n|-damage|p1a: Papaya|83\/100 psn|[from] psn\n|-damage|p2a: Glimmora|94\/100 brn|[from] brn\n|upkeep\n|turn|13\n|\n|t:|1700423060\n|switch|p2a: Manaphy|Manaphy|100\/100\n|move|p1a: Papaya|Earth Power|p2a: Manaphy\n|-damage|p2a: Manaphy|0 fnt\n|faint|p2a: Manaphy\n|\n|-heal|p1a: Papaya|89\/100 psn|[from] item: Leftovers\n|-damage|p1a: Papaya|77\/100 psn|[from] psn\n|upkeep\n|\n|t:|1700423072\n|switch|p2a: Ninetales|Ninetales-Alola, M, shiny|22\/100\n|-weather|Snow|[from] ability: Snow Warning|[of] p2a: Ninetales\n|turn|14\n|\n|t:|1700423084\n|move|p2a: Ninetales|Aurora Veil|p2a: Ninetales\n|-sidestart|p2: yciuj|move: Aurora Veil\n|move|p1a: Papaya|Earth Power|p2a: Ninetales\n|-damage|p2a: Ninetales|0 fnt\n|faint|p2a: Ninetales\n|\n|-weather|Snow|[upkeep]\n|-heal|p1a: Papaya|83\/100 psn|[from] item: Leftovers\n|-damage|p1a: Papaya|70\/100 psn|[from] psn\n|upkeep\n|\n|t:|1700423122\n|switch|p2a: Goodra|Goodra-Hisui, F|100\/100\n|turn|15\n|\n|t:|1700423130\n|move|p2a: Goodra|Blizzard|p1a: Papaya\n|-supereffective|p1a: Papaya\n|-damage|p1a: Papaya|29\/100 psn\n|move|p1a: Papaya|Earth Power|p2a: Goodra\n|-supereffective|p2a: Goodra\n|-damage|p2a: Goodra|53\/100\n|\n|-weather|Snow|[upkeep]\n|-heal|p1a: Papaya|35\/100 psn|[from] item: Leftovers\n|-damage|p1a: Papaya|23\/100 psn|[from] psn\n|upkeep\n|turn|16\n|\n|t:|1700423187\n|move|p2a: Goodra|Dragon Pulse|p1a: Papaya\n|-damage|p1a: Papaya|0 fnt\n|faint|p1a: Papaya\n|\n|-weather|Snow|[upkeep]\n|upkeep\n|\n|t:|1700423206\n|switch|p1a: Melon|Baxcalibur, F|100\/100\n|-damage|p1a: Melon|76\/100|[from] Stealth Rock\n|turn|17\n|\n|t:|1700423236\n|move|p1a: Melon|Dragon Dance|p1a: Melon\n|-boost|p1a: Melon|atk|1\n|-boost|p1a: Melon|spe|1\n|move|p2a: Goodra|Dragon Pulse|p1a: Melon\n|-supereffective|p1a: Melon\n|-damage|p1a: Melon|0 fnt\n|faint|p1a: Melon\n|\n|-weather|Snow|[upkeep]\n|upkeep\n|\n|t:|1700423262\n|switch|p1a: Rambutan|Ogerpon-Wellspring, F|100\/100\n|-damage|p1a: Rambutan|88\/100|[from] Stealth Rock\n|turn|18\n|\n|t:|1700423290\n|move|p1a: Rambutan|Swords Dance|p1a: Rambutan\n|-boost|p1a: Rambutan|atk|2\n|move|p2a: Goodra|Dragon Pulse|p1a: Rambutan\n|-damage|p1a: Rambutan|37\/100\n|\n|-weather|none\n|upkeep\n|turn|19\n|\n|t:|1700423299\n|move|p1a: Rambutan|Spiky Shield|p1a: Rambutan\n|-singleturn|p1a: Rambutan|move: Protect\n|move|p2a: Goodra|Dragon Pulse|p1a: Rambutan\n|-activate|p1a: Rambutan|move: Protect\n|\n|upkeep\n|turn|20\n|\n|t:|1700423309\n|move|p1a: Rambutan|Ivy Cudgel|p2a: Goodra|[anim] Ivy Cudgel Water\n|-resisted|p2a: Goodra\n|-damage|p2a: Goodra|24\/100\n|move|p2a: Goodra|Dragon Pulse|p1a: Rambutan\n|-damage|p1a: Rambutan|0 fnt\n|faint|p1a: Rambutan\n|\n|upkeep\n|\n|t:|1700423316\n|switch|p1a: Snowberry|Glaceon, F, shiny|100\/100\n|-damage|p1a: Snowberry|76\/100|[from] Stealth Rock\n|turn|21\n|\n|t:|1700423330\n|move|p1a: Snowberry|Blizzard|p2a: Goodra|[miss]\n|-miss|p1a: Snowberry|p2a: Goodra\n|move|p2a: Goodra|Flash Cannon|p1a: Snowberry\n|-supereffective|p1a: Snowberry\n|-damage|p1a: Snowberry|0 fnt\n|faint|p1a: Snowberry\n|\n|win|yciuj\n|c|\u2606SolChimera|ggwp\n|c|\u2606yciuj|hhswp\n","uploadtime":1700423358,"views":50,"p1id":"solchimera","p2id":"yciuj","formatid":"gen9ubers","rating":0,"private":0,"password":""}