{"id":"gen9ubers-1999558836","p1":"bruc3wi11is","p2":"Stall hate acc","format":"[Gen 9] Ubers","log":"|j|\u2606bruc3wi11is\n|j|\u2606Stall hate acc\n|t:|1701096052\n|gametype|singles\n|player|p1|bruc3wi11is|red|1234\n|player|p2|Stall hate acc|2|1358\n|teamsize|p1|6\n|teamsize|p2|6\n|gen|9\n|tier|[Gen 9] Ubers\n|rated|\n|rule|Sleep Clause Mod: Limit one foe put to sleep\n|rule|Species Clause: Limit one of each Pok\u00e9mon\n|rule|OHKO Clause: OHKO moves are banned\n|rule|Evasion Items Clause: Evasion items are banned\n|rule|Evasion Moves Clause: Evasion moves are banned\n|rule|Endless Battle Clause: Forcing endless battles is banned\n|rule|HP Percentage Mod: HP is shown in percentages\n|clearpoke\n|poke|p1|Annihilape, M|\n|poke|p1|Amoonguss, F|\n|poke|p1|Zacian-*|\n|poke|p1|Mewtwo|\n|poke|p1|Rayquaza|\n|poke|p1|Kyogre|\n|poke|p2|Regieleki|\n|poke|p2|Iron Treads|\n|poke|p2|Cinderace, M|\n|poke|p2|Miraidon|\n|poke|p2|Chien-Pao|\n|poke|p2|Clodsire, M|\n|teampreview\n|inactive|Battle timer is ON: inactive players will automatically lose when time's up. (requested by Stall hate acc)\n|\n|t:|1701096064\n|start\n|switch|p1a: Amoonguss|Amoonguss, F|100\/100\n|switch|p2a: Miraidon|Miraidon|100\/100\n|-fieldstart|move: Electric Terrain|[from] ability: Hadron Engine|[of] p2a: Miraidon\n|turn|1\n|\n|t:|1701096078\n|move|p2a: Miraidon|Volt Switch|p1a: Amoonguss\n|-resisted|p1a: Amoonguss\n|-damage|p1a: Amoonguss|72\/100\n|\n|t:|1701096086\n|switch|p2a: Clodsire|Clodsire, M|100\/100|[from] Volt Switch\n|move|p1a: Amoonguss|Sludge Bomb|p2a: Clodsire\n|-resisted|p2a: Clodsire\n|-damage|p2a: Clodsire|97\/100\n|\n|-heal|p2a: Clodsire|100\/100|[from] item: Leftovers\n|upkeep\n|turn|2\n|\n|t:|1701096093\n|move|p1a: Amoonguss|Giga Drain|p2a: Clodsire\n|-damage|p2a: Clodsire|90\/100\n|-heal|p1a: Amoonguss|78\/100|[from] drain|[of] p2a: Clodsire\n|move|p2a: Clodsire|Stealth Rock|p1a: Amoonguss\n|-sidestart|p1: bruc3wi11is|move: Stealth Rock\n|\n|-heal|p2a: Clodsire|96\/100|[from] item: Leftovers\n|upkeep\n|turn|3\n|\n|t:|1701096108\n|move|p1a: Amoonguss|Foul Play|p2a: Clodsire\n|-damage|p2a: Clodsire|77\/100\n|move|p2a: Clodsire|Earthquake|p1a: Amoonguss\n|-damage|p1a: Amoonguss|58\/100\n|\n|-heal|p2a: Clodsire|83\/100|[from] item: Leftovers\n|upkeep\n|turn|4\n|\n|t:|1701096123\n|move|p1a: Amoonguss|Foul Play|p2a: Clodsire\n|-damage|p2a: Clodsire|64\/100\n|move|p2a: Clodsire|Toxic|p1a: Amoonguss\n|-immune|p1a: Amoonguss\n|\n|-heal|p2a: Clodsire|70\/100|[from] item: Leftovers\n|upkeep\n|turn|5\n|\n|t:|1701096131\n|move|p1a: Amoonguss|Foul Play|p2a: Clodsire\n|-damage|p2a: Clodsire|52\/100\n|move|p2a: Clodsire|Toxic|p1a: Amoonguss\n|-immune|p1a: Amoonguss\n|\n|-heal|p2a: Clodsire|58\/100|[from] item: Leftovers\n|-fieldend|move: Electric Terrain\n|upkeep\n|turn|6\n|\n|t:|1701096136\n|move|p1a: Amoonguss|Spore|p2a: Clodsire\n|-status|p2a: Clodsire|slp|[from] move: Spore\n|cant|p2a: Clodsire|slp\n|\n|-heal|p2a: Clodsire|64\/100 slp|[from] item: Leftovers\n|upkeep\n|turn|7\n|\n|t:|1701096148\n|switch|p1a: Rayquaza|Rayquaza|100\/100\n|-ability|p1a: Rayquaza|Air Lock\n|switch|p2a: Cinderace|Cinderace, M|100\/100\n|\n|upkeep\n|turn|8\n|\n|t:|1701096155\n|-terastallize|p1a: Rayquaza|Fire\n|move|p2a: Cinderace|U-turn|p1a: Rayquaza\n|-resisted|p1a: Rayquaza\n|-damage|p1a: Rayquaza|88\/100\n|\n|t:|1701096163\n|switch|p2a: Clodsire|Clodsire, M|64\/100 slp|[from] U-turn\n|move|p1a: Rayquaza|Substitute|p1a: Rayquaza\n|-start|p1a: Rayquaza|Substitute\n|-damage|p1a: Rayquaza|63\/100\n|\n|-heal|p2a: Clodsire|70\/100 slp|[from] item: Leftovers\n|upkeep\n|turn|9\n|\n|t:|1701096170\n|move|p1a: Rayquaza|Dragon Dance|p1a: Rayquaza\n|-boost|p1a: Rayquaza|atk|1\n|-boost|p1a: Rayquaza|spe|1\n|cant|p2a: Clodsire|slp\n|\n|-heal|p2a: Clodsire|77\/100 slp|[from] item: Leftovers\n|upkeep\n|turn|10\n|\n|t:|1701096175\n|move|p1a: Rayquaza|Earthquake|p2a: Clodsire\n|-supereffective|p2a: Clodsire\n|-damage|p2a: Clodsire|0 fnt\n|faint|p2a: Clodsire\n|\n|upkeep\n|\n|t:|1701096182\n|switch|p2a: Miraidon|Miraidon|100\/100\n|-fieldstart|move: Electric Terrain|[from] ability: Hadron Engine|[of] p2a: Miraidon\n|turn|11\n|\n|t:|1701096184\n|move|p2a: Miraidon|Volt Switch|p1a: Rayquaza\n|-end|p1a: Rayquaza|Substitute\n|\n|t:|1701096193\n|switch|p2a: Iron Treads|Iron Treads|100\/100|[from] Volt Switch\n|-activate|p2a: Iron Treads|ability: Quark Drive\n|-start|p2a: Iron Treads|quarkdrivespe\n|-item|p2a: Iron Treads|Air Balloon\n|move|p1a: Rayquaza|Earthquake|p2a: Iron Treads\n|-immune|p2a: Iron Treads\n|\n|upkeep\n|turn|12\n|\n|t:|1701096209\n|move|p2a: Iron Treads|Knock Off|p1a: Rayquaza\n|-damage|p1a: Rayquaza|37\/100\n|-enditem|p1a: Rayquaza|Heavy-Duty Boots|[from] move: Knock Off|[of] p2a: Iron Treads\n|move|p1a: Rayquaza|Dragon Ascent|p2a: Iron Treads\n|-resisted|p2a: Iron Treads\n|-damage|p2a: Iron Treads|65\/100\n|-unboost|p1a: Rayquaza|def|1\n|-unboost|p1a: Rayquaza|spd|1\n|-enditem|p2a: Iron Treads|Air Balloon\n|\n|upkeep\n|turn|13\n|\n|t:|1701096226\n|move|p2a: Iron Treads|Volt Switch|p1a: Rayquaza\n|-damage|p1a: Rayquaza|13\/100\n|\n|t:|1701096234\n|-end|p2a: Iron Treads|Quark Drive|[silent]\n|switch|p2a: Cinderace|Cinderace, M|100\/100|[from] Volt Switch\n|move|p1a: Rayquaza|Earthquake|p2a: Cinderace\n|-supereffective|p2a: Cinderace\n|-damage|p2a: Cinderace|0 fnt\n|faint|p2a: Cinderace\n|\n|upkeep\n|\n|t:|1701096241\n|switch|p2a: Iron Treads|Iron Treads|65\/100\n|-activate|p2a: Iron Treads|ability: Quark Drive\n|-start|p2a: Iron Treads|quarkdrivespe\n|turn|14\n|\n|t:|1701096248\n|move|p2a: Iron Treads|Volt Switch|p1a: Rayquaza\n|-damage|p1a: Rayquaza|0 fnt\n|faint|p1a: Rayquaza\n|\n|t:|1701096266\n|-end|p2a: Iron Treads|Quark Drive|[silent]\n|switch|p2a: Regieleki|Regieleki|100\/100|[from] Volt Switch\n|\n|upkeep\n|\n|t:|1701096277\n|switch|p1a: Amoonguss|Amoonguss, F|58\/100\n|-damage|p1a: Amoonguss|45\/100|[from] Stealth Rock\n|turn|15\n|\n|t:|1701096287\n|move|p2a: Regieleki|Substitute|p2a: Regieleki\n|-start|p2a: Regieleki|Substitute\n|-damage|p2a: Regieleki|76\/100\n|move|p1a: Amoonguss|Sludge Bomb|p2a: Regieleki\n|-end|p2a: Regieleki|Substitute\n|\n|-fieldend|move: Electric Terrain\n|upkeep\n|turn|16\n|\n|t:|1701096307\n|move|p2a: Regieleki|Tera Blast|p1a: Amoonguss\n|-damage|p1a: Amoonguss|24\/100\n|move|p1a: Amoonguss|Spore|p2a: Regieleki\n|-status|p2a: Regieleki|slp|[from] move: Spore\n|\n|upkeep\n|turn|17\n|\n|t:|1701096327\n|switch|p2a: Iron Treads|Iron Treads|65\/100\n|move|p1a: Amoonguss|Giga Drain|p2a: Iron Treads\n|-damage|p2a: Iron Treads|33\/100\n|-heal|p1a: Amoonguss|36\/100|[from] drain|[of] p2a: Iron Treads\n|\n|upkeep\n|turn|18\n|\n|t:|1701096334\n|move|p2a: Iron Treads|Knock Off|p1a: Amoonguss\n|-damage|p1a: Amoonguss|16\/100\n|-damage|p2a: Iron Treads|17\/100|[from] item: Rocky Helmet|[of] p1a: Amoonguss\n|-enditem|p1a: Amoonguss|Rocky Helmet|[from] move: Knock Off|[of] p2a: Iron Treads\n|move|p1a: Amoonguss|Giga Drain|p2a: Iron Treads\n|-damage|p2a: Iron Treads|0 fnt\n|-heal|p1a: Amoonguss|22\/100|[from] drain|[of] p2a: Iron Treads\n|faint|p2a: Iron Treads\n|-end|p2a: Iron Treads|Quark Drive|[silent]\n|\n|upkeep\n|inactive|Stall hate acc has 120 seconds left.\n|\n|t:|1701096358\n|switch|p2a: Chien-Pao|Chien-Pao|100\/100\n|-ability|p2a: Chien-Pao|Sword of Ruin\n|turn|19\n|\n|t:|1701096364\n|move|p2a: Chien-Pao|Ice Spinner|p1a: Amoonguss\n|-supereffective|p1a: Amoonguss\n|-damage|p1a: Amoonguss|0 fnt\n|faint|p1a: Amoonguss\n|\n|upkeep\n|\n|t:|1701096368\n|switch|p1a: Kyogre|Kyogre|100\/100\n|-damage|p1a: Kyogre|88\/100|[from] Stealth Rock\n|-weather|RainDance|[from] ability: Drizzle|[of] p1a: Kyogre\n|turn|20\n|\n|t:|1701096384\n|move|p1a: Kyogre|Water Spout|p2a: Chien-Pao\n|-enditem|p2a: Chien-Pao|Focus Sash\n|-damage|p2a: Chien-Pao|1\/100\n|move|p2a: Chien-Pao|Sacred Sword|p1a: Kyogre\n|-damage|p1a: Kyogre|40\/100\n|\n|-weather|RainDance|[upkeep]\n|upkeep\n|turn|21\n|\n|t:|1701096392\n|move|p2a: Chien-Pao|Sucker Punch|p1a: Kyogre\n|-damage|p1a: Kyogre|0 fnt\n|faint|p1a: Kyogre\n|\n|-weather|RainDance|[upkeep]\n|upkeep\n|\n|t:|1701096397\n|switch|p1a: Zacian|Zacian-Crowned|100\/100\n|-damage|p1a: Zacian|94\/100|[from] Stealth Rock\n|-ability|p1a: Zacian|Intrepid Sword|boost\n|-boost|p1a: Zacian|atk|1\n|turn|22\n|\n|t:|1701096404\n|move|p1a: Zacian|Behemoth Blade|p2a: Chien-Pao\n|-supereffective|p2a: Chien-Pao\n|-damage|p2a: Chien-Pao|0 fnt\n|faint|p2a: Chien-Pao\n|\n|-weather|RainDance|[upkeep]\n|upkeep\n|\n|t:|1701096413\n|switch|p2a: Miraidon|Miraidon|100\/100\n|-fieldstart|move: Electric Terrain|[from] ability: Hadron Engine|[of] p2a: Miraidon\n|turn|23\n|\n|t:|1701096417\n|move|p2a: Miraidon|Volt Switch|p1a: Zacian\n|-damage|p1a: Zacian|36\/100\n|\n|t:|1701096420\n|switch|p2a: Regieleki|Regieleki|76\/100 slp|[from] Volt Switch\n|move|p1a: Zacian|Play Rough|p2a: Regieleki\n|-damage|p2a: Regieleki|0 fnt\n|faint|p2a: Regieleki\n|\n|-weather|RainDance|[upkeep]\n|upkeep\n|\n|t:|1701096423\n|switch|p2a: Miraidon|Miraidon|100\/100\n|-activate|p2a: Miraidon|ability: Hadron Engine\n|turn|24\n|\n|t:|1701096432\n|move|p2a: Miraidon|Volt Switch|p1a: Zacian\n|-damage|p1a: Zacian|0 fnt\n|faint|p1a: Zacian\n|\n|-weather|none\n|upkeep\n|\n|t:|1701096435\n|switch|p1a: Annihilape|Annihilape, M, shiny|100\/100\n|-damage|p1a: Annihilape|94\/100|[from] Stealth Rock\n|turn|25\n|\n|t:|1701096439\n|-terastallize|p2a: Miraidon|Fairy\n|move|p2a: Miraidon|Volt Switch|p1a: Annihilape\n|-damage|p1a: Annihilape|54\/100\n|move|p1a: Annihilape|Rage Fist|p2a: Miraidon\n|-damage|p2a: Miraidon|59\/100\n|\n|-heal|p1a: Annihilape|60\/100|[from] item: Leftovers\n|upkeep\n|turn|26\n|\n|t:|1701096445\n|move|p2a: Miraidon|Volt Switch|p1a: Annihilape\n|-damage|p1a: Annihilape|20\/100\n|move|p1a: Annihilape|Rage Fist|p2a: Miraidon\n|-damage|p2a: Miraidon|1\/100\n|\n|-heal|p1a: Annihilape|27\/100|[from] item: Leftovers\n|upkeep\n|turn|27\n|\n|t:|1701096449\n|move|p2a: Miraidon|Volt Switch|p1a: Annihilape\n|-damage|p1a: Annihilape|0 fnt\n|faint|p1a: Annihilape\n|\n|-fieldend|move: Electric Terrain\n|upkeep\n|\n|t:|1701096451\n|switch|p1a: Mewtwo|Mewtwo|100\/100\n|-ability|p1a: Mewtwo|Pressure\n|turn|28\n|\n|t:|1701096454\n|move|p2a: Miraidon|Volt Switch|p1a: Mewtwo\n|-crit|p1a: Mewtwo\n|-damage|p1a: Mewtwo|38\/100\n|move|p1a: Mewtwo|Psystrike|p2a: Miraidon\n|-damage|p2a: Miraidon|0 fnt\n|faint|p2a: Miraidon\n|\n|win|bruc3wi11is\n|raw|bruc3wi11is's rating: 1234 &rarr; <strong>1268<\/strong><br \/>(+34 for winning)\n|raw|Stall hate acc's rating: 1358 &rarr; <strong>1331<\/strong><br \/>(-27 for losing)\n|l|\u2606Stall hate acc\n","uploadtime":1701096516,"views":9,"p1id":"bruc3wi11is","p2id":"stallhateacc","formatid":"gen9ubers","rating":1268,"private":0,"password":""}