{"id":"gen9ubers-1968959491","p1":"Electricratman","p2":"Ceykan_78","format":"[Gen 9] Ubers","log":"|j|\u2606Electricratman\n|j|\u203dCeykan_78\n|t:|1697478579\n|gametype|singles\n|player|p1|Electricratman|170|1123\n|player|p2|Ceykan_78|steven|1000\n|teamsize|p1|6\n|teamsize|p2|6\n|gen|9\n|tier|[Gen 9] Ubers\n|rated|\n|rule|Sleep Clause Mod: Limit one foe put to sleep\n|rule|Species Clause: Limit one of each Pok\u00e9mon\n|rule|OHKO Clause: OHKO moves are banned\n|rule|Evasion Items Clause: Evasion items are banned\n|rule|Evasion Moves Clause: Evasion moves are banned\n|rule|Endless Battle Clause: Forcing endless battles is banned\n|rule|HP Percentage Mod: HP is shown in percentages\n|clearpoke\n|poke|p1|Rillaboom, M|\n|poke|p1|Greninja-*, M|\n|poke|p1|Magearna|\n|poke|p1|Hawlucha, M|\n|poke|p1|Leavanny, M|\n|poke|p1|Charizard, F|\n|poke|p2|Arceus|\n|poke|p2|Darkrai|\n|poke|p2|Gliscor, M|\n|poke|p2|Ditto|\n|poke|p2|Regieleki|\n|poke|p2|Magearna|\n|teampreview\n|\n|t:|1697478598\n|start\n|switch|p1a: Greninja|Greninja, M, shiny|100\/100\n|switch|p2a: Gliscor|Gliscor, M|100\/100\n|turn|1\n|\n|t:|1697478613\n|move|p1a: Greninja|Ice Beam|p2a: Gliscor\n|-start|p1a: Greninja|typechange|Ice|[from] ability: Protean\n|-supereffective|p2a: Gliscor\n|-damage|p2a: Gliscor|0 fnt\n|faint|p2a: Gliscor\n|\n|upkeep\n|\n|t:|1697478620\n|switch|p2a: Magearna|Magearna|100\/100\n|turn|2\n|\n|t:|1697478640\n|switch|p1a: Rillaboom|Rillaboom, M|100\/100\n|-fieldstart|move: Grassy Terrain|[from] ability: Grassy Surge|[of] p1a: Rillaboom\n|move|p2a: Magearna|Agility|p2a: Magearna\n|-boost|p2a: Magearna|spe|2\n|\n|upkeep\n|turn|3\n|\n|t:|1697478650\n|move|p2a: Magearna|Dazzling Gleam|p1a: Rillaboom\n|-damage|p1a: Rillaboom|62\/100\n|move|p1a: Rillaboom|High Horsepower|p2a: Magearna\n|-supereffective|p2a: Magearna\n|-damage|p2a: Magearna|40\/100\n|\n|-heal|p2a: Magearna|46\/100|[from] Grassy Terrain\n|-heal|p2a: Magearna|52\/100|[from] item: Leftovers\n|-heal|p1a: Rillaboom|69\/100|[from] Grassy Terrain\n|upkeep\n|turn|4\n|\n|t:|1697478669\n|move|p2a: Magearna|Dazzling Gleam|p1a: Rillaboom\n|-damage|p1a: Rillaboom|28\/100\n|move|p1a: Rillaboom|High Horsepower|p2a: Magearna\n|-supereffective|p2a: Magearna\n|-damage|p2a: Magearna|0 fnt\n|faint|p2a: Magearna\n|\n|-heal|p1a: Rillaboom|34\/100|[from] Grassy Terrain\n|upkeep\n|\n|t:|1697478685\n|switch|p2a: Arceus|Arceus, shiny|100\/100\n|turn|5\n|\n|t:|1697478703\n|move|p1a: Rillaboom|Drain Punch|p2a: Arceus\n|-supereffective|p2a: Arceus\n|-damage|p2a: Arceus|66\/100\n|-heal|p1a: Rillaboom|56\/100|[from] drain|[of] p2a: Arceus\n|move|p2a: Arceus|Swords Dance|p2a: Arceus\n|-boost|p2a: Arceus|atk|2\n|\n|-heal|p1a: Rillaboom|62\/100|[from] Grassy Terrain\n|-heal|p2a: Arceus|72\/100|[from] Grassy Terrain\n|-heal|p2a: Arceus|78\/100|[from] item: Leftovers\n|upkeep\n|turn|6\n|\n|t:|1697478724\n|switch|p1a: Magearna|Magearna|100\/100\n|move|p2a: Arceus|Extreme Speed|p1a: Magearna\n|-resisted|p1a: Magearna\n|-damage|p1a: Magearna|68\/100\n|\n|-heal|p2a: Arceus|85\/100|[from] Grassy Terrain\n|-heal|p2a: Arceus|91\/100|[from] item: Leftovers\n|-heal|p1a: Magearna|74\/100|[from] Grassy Terrain\n|-heal|p1a: Magearna|80\/100|[from] item: Leftovers\n|-fieldend|move: Grassy Terrain\n|upkeep\n|turn|7\n|\n|t:|1697478738\n|move|p2a: Arceus|Earthquake|p1a: Magearna\n|-supereffective|p1a: Magearna\n|-damage|p1a: Magearna|0 fnt\n|faint|p1a: Magearna\n|\n|-heal|p2a: Arceus|97\/100|[from] item: Leftovers\n|upkeep\n|\n|t:|1697478749\n|switch|p1a: Rillaboom|Rillaboom, M|62\/100\n|-fieldstart|move: Grassy Terrain|[from] ability: Grassy Surge|[of] p1a: Rillaboom\n|turn|8\n|\n|t:|1697478757\n|move|p2a: Arceus|Extreme Speed|p1a: Rillaboom\n|-damage|p1a: Rillaboom|0 fnt\n|faint|p1a: Rillaboom\n|\n|-heal|p2a: Arceus|100\/100|[from] Grassy Terrain\n|upkeep\n|\n|t:|1697478810\n|switch|p1a: Hawlucha|Hawlucha, M, shiny|100\/100\n|-enditem|p1a: Hawlucha|Grassy Seed\n|-boost|p1a: Hawlucha|def|1|[from] item: Grassy Seed\n|turn|9\n|\n|t:|1697478835\n|move|p2a: Arceus|Extreme Speed|p1a: Hawlucha\n|-damage|p1a: Hawlucha|41\/100\n|move|p1a: Hawlucha|Close Combat|p2a: Arceus\n|-supereffective|p2a: Arceus\n|-damage|p2a: Arceus|30\/100\n|-unboost|p1a: Hawlucha|def|1\n|-unboost|p1a: Hawlucha|spd|1\n|\n|-heal|p2a: Arceus|36\/100|[from] Grassy Terrain\n|-heal|p2a: Arceus|42\/100|[from] item: Leftovers\n|upkeep\n|turn|10\n|\n|t:|1697478852\n|move|p2a: Arceus|Extreme Speed|p1a: Hawlucha\n|-damage|p1a: Hawlucha|0 fnt\n|faint|p1a: Hawlucha\n|\n|-heal|p2a: Arceus|48\/100|[from] Grassy Terrain\n|-heal|p2a: Arceus|54\/100|[from] item: Leftovers\n|upkeep\n|\n|t:|1697478866\n|switch|p1a: Greninja|Greninja, M, shiny|100\/100\n|turn|11\n|\n|t:|1697478875\n|move|p1a: Greninja|Water Shuriken|p2a: Arceus\n|-start|p1a: Greninja|typechange|Water|[from] ability: Protean\n|-damage|p2a: Arceus|49\/100\n|-damage|p2a: Arceus|45\/100\n|-damage|p2a: Arceus|40\/100\n|-hitcount|p2a: Arceus|3\n|move|p2a: Arceus|Swords Dance|p2a: Arceus\n|-boost|p2a: Arceus|atk|2\n|\n|-heal|p2a: Arceus|46\/100|[from] Grassy Terrain\n|-heal|p2a: Arceus|52\/100|[from] item: Leftovers\n|upkeep\n|turn|12\n|\n|t:|1697478895\n|move|p1a: Greninja|Grass Knot|p2a: Arceus\n|-damage|p2a: Arceus|19\/100\n|move|p2a: Arceus|Swords Dance|p2a: Arceus\n|-boost|p2a: Arceus|atk|2\n|\n|-heal|p2a: Arceus|25\/100|[from] Grassy Terrain\n|-heal|p2a: Arceus|32\/100|[from] item: Leftovers\n|-fieldend|move: Grassy Terrain\n|upkeep\n|turn|13\n|\n|t:|1697478907\n|move|p1a: Greninja|Water Shuriken|p2a: Arceus\n|-damage|p2a: Arceus|27\/100\n|-damage|p2a: Arceus|23\/100\n|-hitcount|p2a: Arceus|2\n|move|p2a: Arceus|Swords Dance|p2a: Arceus\n|-boost|p2a: Arceus|atk|0\n|\n|-heal|p2a: Arceus|29\/100|[from] item: Leftovers\n|upkeep\n|turn|14\n|\n|t:|1697478918\n|move|p2a: Arceus|Extreme Speed|p1a: Greninja\n|-damage|p1a: Greninja|0 fnt\n|faint|p1a: Greninja\n|\n|-heal|p2a: Arceus|35\/100|[from] item: Leftovers\n|upkeep\n|\n|t:|1697478926\n|switch|p1a: Leavanny|Leavanny, M|100\/100\n|turn|15\n|\n|t:|1697478953\n|move|p1a: Leavanny|Sunny Day|p1a: Leavanny\n|-weather|SunnyDay\n|move|p2a: Arceus|Swords Dance|p2a: Arceus\n|-boost|p2a: Arceus|atk|0\n|\n|-weather|SunnyDay|[upkeep]\n|-heal|p2a: Arceus|41\/100|[from] item: Leftovers\n|upkeep\n|turn|16\n|\n|t:|1697478969\n|move|p1a: Leavanny|Sticky Web|p2a: Arceus\n|-sidestart|p2: Ceykan_78|move: Sticky Web\n|move|p2a: Arceus|Swords Dance|p2a: Arceus\n|-boost|p2a: Arceus|atk|0\n|\n|-weather|SunnyDay|[upkeep]\n|-heal|p2a: Arceus|47\/100|[from] item: Leftovers\n|upkeep\n|turn|17\n|\n|t:|1697478986\n|move|p1a: Leavanny|Lunge|p2a: Arceus\n|-damage|p2a: Arceus|24\/100\n|-unboost|p2a: Arceus|atk|1\n|move|p2a: Arceus|Swords Dance|p2a: Arceus\n|-boost|p2a: Arceus|atk|1\n|\n|-weather|SunnyDay|[upkeep]\n|-heal|p2a: Arceus|30\/100|[from] item: Leftovers\n|upkeep\n|turn|18\n|\n|t:|1697478997\n|move|p1a: Leavanny|Lunge|p2a: Arceus\n|-damage|p2a: Arceus|6\/100\n|-unboost|p2a: Arceus|atk|1\n|move|p2a: Arceus|Swords Dance|p2a: Arceus\n|-boost|p2a: Arceus|atk|1\n|\n|-weather|SunnyDay|[upkeep]\n|-heal|p2a: Arceus|12\/100|[from] item: Leftovers\n|upkeep\n|turn|19\n|\n|t:|1697479007\n|move|p2a: Arceus|Extreme Speed|p1a: Leavanny\n|-crit|p1a: Leavanny\n|-enditem|p1a: Leavanny|Focus Sash\n|-damage|p1a: Leavanny|1\/100\n|move|p1a: Leavanny|Lunge|p2a: Arceus\n|-damage|p2a: Arceus|0 fnt\n|faint|p2a: Arceus\n|\n|-weather|none\n|upkeep\n|\n|t:|1697479017\n|switch|p2a: Darkrai|Darkrai, shiny|100\/100\n|-activate|p2a: Darkrai|move: Sticky Web\n|-unboost|p2a: Darkrai|spe|1\n|turn|20\n|\n|t:|1697479035\n|move|p1a: Leavanny|Sunny Day|p1a: Leavanny\n|-weather|SunnyDay\n|move|p2a: Darkrai|Ice Beam|p1a: Leavanny\n|-supereffective|p1a: Leavanny\n|-damage|p1a: Leavanny|0 fnt\n|faint|p1a: Leavanny\n|-damage|p2a: Darkrai|91\/100|[from] item: Life Orb\n|\n|-weather|SunnyDay|[upkeep]\n|upkeep\n|\n|t:|1697479050\n|switch|p1a: Charizard|Charizard, F|100\/100\n|turn|21\n|\n|t:|1697479065\n|-terastallize|p1a: Charizard|Dragon\n|move|p1a: Charizard|Focus Blast|p2a: Darkrai\n|-supereffective|p2a: Darkrai\n|-damage|p2a: Darkrai|0 fnt\n|faint|p2a: Darkrai\n|\n|-weather|SunnyDay|[upkeep]\n|-damage|p1a: Charizard|88\/100|[from] ability: Solar Power|[of] p1a: Charizard\n|upkeep\n|\n|t:|1697479074\n|switch|p2a: Regieleki|Regieleki, shiny|100\/100\n|-activate|p2a: Regieleki|move: Sticky Web\n|-unboost|p2a: Regieleki|spe|1\n|turn|22\n|\n|t:|1697479082\n|-terastallize|p2a: Regieleki|Ice\n|move|p1a: Charizard|Focus Blast|p2a: Regieleki|[miss]\n|-miss|p1a: Charizard|p2a: Regieleki\n|move|p2a: Regieleki|Tera Blast|p1a: Charizard|[anim] Tera Blast Ice\n|-supereffective|p1a: Charizard\n|-crit|p1a: Charizard\n|-damage|p1a: Charizard|0 fnt\n|faint|p1a: Charizard\n|-damage|p2a: Regieleki|91\/100|[from] item: Life Orb\n|\n|win|Ceykan_78\n|raw|Electricratman's rating: 1123 &rarr; <strong>1090<\/strong><br \/>(-33 for losing)\n|raw|Ceykan_78's rating: 1000 &rarr; <strong>1054<\/strong><br \/>(+54 for winning)\n|l|\u203dCeykan_78\n|c|\u2606Electricratman|Gg\n","uploadtime":1697479104,"views":10,"p1id":"electricratman","p2id":"ceykan78","formatid":"gen9ubers","rating":1054,"private":0,"password":""}