{"id":"gen9ubers-1970994587","p1":"73noname","p2":"Sweg177","format":"[Gen 9] Ubers","log":"|j|\u260673noname\n|j|\u2606Sweg177\n|t:|1697689772\n|gametype|singles\n|player|p1|73noname|lucas|1050\n|player|p2|Sweg177|1|1115\n|teamsize|p1|6\n|teamsize|p2|6\n|gen|9\n|tier|[Gen 9] Ubers\n|rated|\n|rule|Sleep Clause Mod: Limit one foe put to sleep\n|rule|Species Clause: Limit one of each Pok\u00e9mon\n|rule|OHKO Clause: OHKO moves are banned\n|rule|Evasion Items Clause: Evasion items are banned\n|rule|Evasion Moves Clause: Evasion moves are banned\n|rule|Endless Battle Clause: Forcing endless battles is banned\n|rule|HP Percentage Mod: HP is shown in percentages\n|clearpoke\n|poke|p1|Giratina|\n|poke|p1|Garchomp, M|\n|poke|p1|Iron Moth|\n|poke|p1|Shaymin-Sky|\n|poke|p1|Toxapex, M|\n|poke|p1|Uxie|\n|poke|p2|Grimmsnarl, M|\n|poke|p2|Orthworm, M|\n|poke|p2|Chi-Yu|\n|poke|p2|Miraidon|\n|poke|p2|Koraidon|\n|poke|p2|Arceus|\n|teampreview\n|inactive|Battle timer is ON: inactive players will automatically lose when time's up. (requested by Sweg177)\n|\n|t:|1697689800\n|start\n|switch|p1a: Yeet|Garchomp, M|100\/100\n|switch|p2a: Grimmsnarl|Grimmsnarl, M|100\/100\n|turn|1\n|\n|t:|1697689815\n|move|p2a: Grimmsnarl|Reflect|p2a: Grimmsnarl\n|-sidestart|p2: Sweg177|Reflect\n|move|p1a: Yeet|Earthquake|p2a: Grimmsnarl\n|-damage|p2a: Grimmsnarl|70\/100\n|\n|upkeep\n|turn|2\n|\n|t:|1697689822\n|move|p1a: Yeet|Iron Head|p2a: Grimmsnarl\n|-supereffective|p2a: Grimmsnarl\n|-damage|p2a: Grimmsnarl|39\/100\n|cant|p2a: Grimmsnarl|flinch\n|\n|upkeep\n|turn|3\n|\n|t:|1697689832\n|move|p1a: Yeet|Iron Head|p2a: Grimmsnarl\n|-supereffective|p2a: Grimmsnarl\n|-damage|p2a: Grimmsnarl|4\/100\n|cant|p2a: Grimmsnarl|flinch\n|\n|upkeep\n|turn|4\n|\n|t:|1697689846\n|move|p2a: Grimmsnarl|Light Screen|p2a: Grimmsnarl\n|-sidestart|p2: Sweg177|move: Light Screen\n|move|p1a: Yeet|Liquidation|p2a: Grimmsnarl\n|-damage|p2a: Grimmsnarl|0 fnt\n|faint|p2a: Grimmsnarl\n|\n|upkeep\n|\n|t:|1697689865\n|switch|p2a: Orthworm|Orthworm, M|100\/100\n|turn|5\n|\n|t:|1697689877\n|move|p1a: Yeet|Liquidation|p2a: Orthworm\n|-damage|p2a: Orthworm|92\/100\n|move|p2a: Orthworm|Stealth Rock|p1a: Yeet\n|-sidestart|p1: 73noname|move: Stealth Rock\n|\n|upkeep\n|turn|6\n|\n|t:|1697689883\n|move|p1a: Yeet|Liquidation|p2a: Orthworm\n|-damage|p2a: Orthworm|83\/100\n|move|p2a: Orthworm|Shed Tail|p2a: Orthworm\n|-start|p2a: Orthworm|Substitute|[from] move: Shed Tail\n|-damage|p2a: Orthworm|33\/100\n|-enditem|p2a: Orthworm|Sitrus Berry|[eat]\n|-heal|p2a: Orthworm|58\/100|[from] item: Sitrus Berry\n|\n|t:|1697689895\n|switch|p2a: Koraidon|Koraidon|100\/100|[from] Shed Tail\n|-weather|SunnyDay|[from] ability: Orichalcum Pulse|[of] p2a: Koraidon\n|-activate|p2a: Koraidon|Orichalcum Pulse|[source]\n|\n|-weather|SunnyDay|[upkeep]\n|upkeep\n|turn|7\n|inactive|73noname has 120 seconds left.\n|\n|t:|1697689926\n|switch|p1a: Im blind|Uxie|100\/100\n|-damage|p1a: Im blind|88\/100|[from] Stealth Rock\n|move|p2a: Koraidon|Swords Dance|p2a: Koraidon\n|-boost|p2a: Koraidon|atk|2\n|\n|-weather|SunnyDay|[upkeep]\n|-heal|p1a: Im blind|94\/100|[from] item: Leftovers\n|upkeep\n|turn|8\n|inactive|73noname has 120 seconds left.\n|\n|t:|1697689944\n|-terastallize|p2a: Koraidon|Fire\n|move|p2a: Koraidon|Flame Charge|p1a: Im blind\n|-damage|p1a: Im blind|0 fnt\n|-boost|p2a: Koraidon|spe|1\n|faint|p1a: Im blind\n|\n|-weather|SunnyDay|[upkeep]\n|-sideend|p2: Sweg177|Reflect\n|upkeep\n|inactive|73noname has 120 seconds left.\n|\n|t:|1697689963\n|switch|p1a: Protecc|Toxapex, M|100\/100\n|turn|9\n|\n|t:|1697689972\n|move|p2a: Koraidon|Collision Course|p1a: Protecc\n|-resisted|p1a: Protecc\n|-damage|p1a: Protecc|46\/100\n|move|p1a: Protecc|Toxic||[still]\n|-fail|p1a: Protecc\n|\n|-weather|SunnyDay|[upkeep]\n|upkeep\n|turn|10\n|inactive|73noname has 120 seconds left.\n|\n|t:|1697689982\n|move|p1a: Protecc|Baneful Bunker|p1a: Protecc\n|-singleturn|p1a: Protecc|move: Protect\n|move|p2a: Koraidon|Flame Charge|p1a: Protecc\n|-activate|p1a: Protecc|move: Protect\n|-status|p2a: Koraidon|psn\n|\n|-weather|none\n|-damage|p2a: Koraidon|88\/100 psn|[from] psn\n|upkeep\n|turn|11\n|inactive|73noname has 120 seconds left.\n|\n|t:|1697689998\n|switch|p1a: Dragoon|Giratina|100\/100\n|-damage|p1a: Dragoon|88\/100|[from] Stealth Rock\n|-ability|p1a: Dragoon|Pressure\n|move|p2a: Koraidon|Collision Course|p1a: Dragoon\n|-immune|p1a: Dragoon\n|\n|-heal|p2a: Koraidon|94\/100 psn|[from] item: Leftovers\n|-damage|p2a: Koraidon|82\/100 psn|[from] psn\n|-sideend|p2: Sweg177|move: Light Screen\n|upkeep\n|turn|12\n|inactive|73noname has 120 seconds left.\n|\n|t:|1697690024\n|-terastallize|p1a: Dragoon|Electric\n|move|p2a: Koraidon|Dragon Claw|p1a: Dragoon\n|-damage|p1a: Dragoon|33\/100\n|move|p1a: Dragoon|Dragon Claw|p2a: Koraidon\n|-end|p2a: Koraidon|Substitute\n|\n|-heal|p2a: Koraidon|88\/100 psn|[from] item: Leftovers\n|-damage|p2a: Koraidon|76\/100 psn|[from] psn\n|upkeep\n|turn|13\n|\n|t:|1697690037\n|move|p1a: Dragoon|Shadow Sneak|p2a: Koraidon\n|-damage|p2a: Koraidon|58\/100 psn\n|move|p2a: Koraidon|Collision Course|p1a: Dragoon\n|-damage|p1a: Dragoon|0 fnt\n|faint|p1a: Dragoon\n|\n|-heal|p2a: Koraidon|64\/100 psn|[from] item: Leftovers\n|-damage|p2a: Koraidon|52\/100 psn|[from] psn\n|upkeep\n|\n|t:|1697690048\n|switch|p1a: SPEED|Iron Moth|100\/100\n|-damage|p1a: SPEED|76\/100|[from] Stealth Rock\n|turn|14\n|inactive|73noname has 90 seconds left.\n|\n|t:|1697690071\n|move|p2a: Koraidon|Collision Course|p1a: SPEED\n|-resisted|p1a: SPEED\n|-damage|p1a: SPEED|0 fnt\n|faint|p1a: SPEED\n|-end|p1a: SPEED|Quark Drive|[silent]\n|\n|-heal|p2a: Koraidon|58\/100 psn|[from] item: Leftovers\n|-damage|p2a: Koraidon|46\/100 psn|[from] psn\n|upkeep\n|\n|t:|1697690081\n|switch|p1a: Protecc|Toxapex, M|79\/100\n|turn|15\n|\n|t:|1697690095\n|move|p1a: Protecc|Baneful Bunker|p1a: Protecc\n|-singleturn|p1a: Protecc|move: Protect\n|move|p2a: Koraidon|Collision Course|p1a: Protecc\n|-activate|p1a: Protecc|move: Protect\n|\n|-heal|p2a: Koraidon|52\/100 psn|[from] item: Leftovers\n|-damage|p2a: Koraidon|40\/100 psn|[from] psn\n|upkeep\n|turn|16\n|inactive|73noname has 90 seconds left.\n|\n|t:|1697690107\n|move|p2a: Koraidon|Flame Charge|p1a: Protecc\n|-resisted|p1a: Protecc\n|-damage|p1a: Protecc|56\/100\n|-boost|p2a: Koraidon|spe|1\n|move|p1a: Protecc|Chilling Water|p2a: Koraidon\n|-supereffective|p2a: Koraidon\n|-damage|p2a: Koraidon|17\/100 psn\n|-unboost|p2a: Koraidon|atk|1\n|\n|-heal|p2a: Koraidon|23\/100 psn|[from] item: Leftovers\n|-damage|p2a: Koraidon|11\/100 psn|[from] psn\n|upkeep\n|turn|17\n|inactive|73noname has 90 seconds left.\n|\n|t:|1697690120\n|move|p1a: Protecc|Baneful Bunker|p1a: Protecc\n|-singleturn|p1a: Protecc|move: Protect\n|move|p2a: Koraidon|Collision Course|p1a: Protecc\n|-activate|p1a: Protecc|move: Protect\n|\n|-heal|p2a: Koraidon|17\/100 psn|[from] item: Leftovers\n|-damage|p2a: Koraidon|5\/100 psn|[from] psn\n|upkeep\n|turn|18\n|inactive|73noname has 90 seconds left.\n|\n|t:|1697690133\n|move|p1a: Protecc|Baneful Bunker||[still]\n|-fail|p1a: Protecc\n|move|p2a: Koraidon|Dragon Claw|p1a: Protecc\n|-damage|p1a: Protecc|6\/100\n|\n|-heal|p2a: Koraidon|11\/100 psn|[from] item: Leftovers\n|-damage|p2a: Koraidon|0 fnt|[from] psn\n|faint|p2a: Koraidon\n|upkeep\n|\n|t:|1697690151\n|switch|p2a: Orthworm|Orthworm, M|58\/100\n|turn|19\n|\n|t:|1697690157\n|switch|p1a: Mega man|Shaymin-Sky|100\/100\n|-damage|p1a: Mega man|76\/100|[from] Stealth Rock\n|move|p2a: Orthworm|Shed Tail|p2a: Orthworm\n|-start|p2a: Orthworm|Substitute|[from] move: Shed Tail\n|-damage|p2a: Orthworm|7\/100\n|\n|t:|1697690167\n|switch|p2a: Chi-Yu|Chi-Yu|100\/100|[from] Shed Tail\n|-ability|p2a: Chi-Yu|Beads of Ruin\n|\n|upkeep\n|turn|20\n|\n|t:|1697690182\n|move|p1a: Mega man|Dazzling Gleam|p2a: Chi-Yu\n|-activate|p2a: Chi-Yu|move: Substitute|[damage]\n|move|p2a: Chi-Yu|Flamethrower|p1a: Mega man\n|-supereffective|p1a: Mega man\n|-damage|p1a: Mega man|0 fnt\n|faint|p1a: Mega man\n|\n|upkeep\n|inactive|73noname has 90 seconds left.\n|\n|t:|1697690194\n|switch|p1a: Protecc|Toxapex, M|40\/100\n|turn|21\n|inactive|73noname has 90 seconds left.\n|\n|t:|1697690206\n|move|p1a: Protecc|Baneful Bunker|p1a: Protecc\n|-singleturn|p1a: Protecc|move: Protect\n|move|p2a: Chi-Yu|Flamethrower|p1a: Protecc\n|-activate|p1a: Protecc|move: Protect\n|\n|upkeep\n|turn|22\n|\n|t:|1697690213\n|switch|p1a: Yeet|Garchomp, M|100\/100\n|-damage|p1a: Yeet|94\/100|[from] Stealth Rock\n|move|p2a: Chi-Yu|Flamethrower|p1a: Yeet\n|-resisted|p1a: Yeet\n|-damage|p1a: Yeet|41\/100\n|\n|upkeep\n|turn|23\n|inactive|73noname has 90 seconds left.\n|\n|t:|1697690232\n|move|p1a: Yeet|Earthquake|p2a: Chi-Yu\n|-supereffective|p2a: Chi-Yu\n|-end|p2a: Chi-Yu|Substitute\n|move|p2a: Chi-Yu|Flamethrower|p1a: Yeet\n|-resisted|p1a: Yeet\n|-damage|p1a: Yeet|0 fnt\n|faint|p1a: Yeet\n|\n|upkeep\n|inactive|73noname has 90 seconds left.\n|\n|t:|1697690241\n|switch|p1a: Protecc|Toxapex, M|73\/100\n|turn|24\n|\n|t:|1697690245\n|move|p2a: Chi-Yu|Flamethrower|p1a: Protecc\n|-resisted|p1a: Protecc\n|-damage|p1a: Protecc|30\/100\n|move|p1a: Protecc|Chilling Water|p2a: Chi-Yu\n|-supereffective|p2a: Chi-Yu\n|-damage|p2a: Chi-Yu|76\/100\n|-unboost|p2a: Chi-Yu|atk|1\n|\n|upkeep\n|turn|25\n|\n|t:|1697690254\n|move|p1a: Protecc|Baneful Bunker|p1a: Protecc\n|-singleturn|p1a: Protecc|move: Protect\n|move|p2a: Chi-Yu|Flamethrower|p1a: Protecc\n|-activate|p1a: Protecc|move: Protect\n|\n|upkeep\n|turn|26\n|n|!Sweg177|sweg177\n|inactive|Sweg177 has 120 seconds left.\n|\n|t:|1697690292\n|move|p2a: Chi-Yu|Flamethrower|p1a: Protecc\n|-resisted|p1a: Protecc\n|-damage|p1a: Protecc|0 fnt\n|faint|p1a: Protecc\n|\n|win|Sweg177\n|raw|73noname's rating: 1050 &rarr; <strong>1036<\/strong><br \/>(-14 for losing)\n|raw|Sweg177's rating: 1115 &rarr; <strong>1135<\/strong><br \/>(+20 for winning)\n","uploadtime":1697690282,"views":11,"p1id":"73noname","p2id":"sweg177","formatid":"gen9ubers","rating":1036,"private":0,"password":""}