{"id":"gen9ubers-1988636700","p1":"Profesor Turo","p2":"godiamsosorry","format":"[Gen 9] Ubers","log":"|j|\u2606Profesor Turo\n|j|\u2606godiamsosorry\n|t:|1699744678\n|gametype|singles\n|player|p1|Profesor Turo|turo-ai|\n|player|p2|godiamsosorry|lady|\n|teamsize|p1|6\n|teamsize|p2|6\n|gen|9\n|tier|[Gen 9] Ubers\n|rule|Sleep Clause Mod: Limit one foe put to sleep\n|rule|Species Clause: Limit one of each Pok\u00e9mon\n|rule|OHKO Clause: OHKO moves are banned\n|rule|Evasion Items Clause: Evasion items are banned\n|rule|Evasion Moves Clause: Evasion moves are banned\n|rule|Endless Battle Clause: Forcing endless battles is banned\n|rule|HP Percentage Mod: HP is shown in percentages\n|clearpoke\n|poke|p1|Wo-Chien|\n|poke|p1|Fezandipiti, M|\n|poke|p1|Landorus-Therian, M|\n|poke|p1|Slowpoke, M|\n|poke|p1|Yanma, F|\n|poke|p1|Polteageist|\n|poke|p2|Slowking-Galar, M|\n|poke|p2|Moltres|\n|poke|p2|Palafin, F|\n|poke|p2|Zoroark-Hisui, F|\n|poke|p2|Weezing-Galar, M|\n|poke|p2|Landorus-Therian, M|\n|teampreview\n|inactive|Battle timer is ON: inactive players will automatically lose when time's up. (requested by Profesor Turo)\n|c|\u2606godiamsosorry|Oh, brother.\n|inactive|godiamsosorry has 270 seconds left.\n|\n|t:|1699744712\n|start\n|switch|p1a: Yanma|Yanma, F|100\/100\n|switch|p2a: Landorus|Landorus-Therian, M|100\/100\n|-ability|p2a: Landorus|Intimidate|boost\n|-unboost|p1a: Yanma|atk|1\n|turn|1\n|c|\u2606Profesor Turo|be ready\n|\n|t:|1699744718\n|move|p1a: Yanma|Hypnosis|p2a: Landorus\n|-status|p2a: Landorus|slp|[from] move: Hypnosis\n|cant|p2a: Landorus|slp\n|\n|-ability|p1a: Yanma|Speed Boost|boost\n|-boost|p1a: Yanma|spe|1\n|upkeep\n|turn|2\n|\n|t:|1699744720\n|move|p1a: Yanma|Swords Dance|p1a: Yanma\n|-boost|p1a: Yanma|atk|2\n|cant|p2a: Landorus|slp\n|\n|-ability|p1a: Yanma|Speed Boost|boost\n|-boost|p1a: Yanma|spe|1\n|upkeep\n|turn|3\n|\n|t:|1699744724\n|move|p1a: Yanma|Swords Dance|p1a: Yanma\n|-boost|p1a: Yanma|atk|2\n|cant|p2a: Landorus|slp\n|\n|-ability|p1a: Yanma|Speed Boost|boost\n|-boost|p1a: Yanma|spe|1\n|upkeep\n|turn|4\n|\n|t:|1699744733\n|switch|p2a: Moltres|Moltres|100\/100\n|move|p1a: Yanma|Wing Attack|p2a: Moltres\n|-damage|p2a: Moltres|62\/100\n|\n|-ability|p1a: Yanma|Speed Boost|boost\n|-boost|p1a: Yanma|spe|1\n|upkeep\n|turn|5\n|j| Dragon Master Rosa\n|c|\u2606godiamsosorry|LMAO\n|\n|t:|1699744748\n|move|p1a: Yanma|Wing Attack|p2a: Moltres\n|-damage|p2a: Moltres|28\/100\n|move|p2a: Moltres|Brave Bird|p1a: Yanma\n|-supereffective|p1a: Yanma\n|-damage|p1a: Yanma|0 fnt\n|faint|p1a: Yanma\n|-damage|p2a: Moltres|0 fnt|[from] Recoil\n|faint|p2a: Moltres\n|\n|upkeep\n|\n|t:|1699744764\n|switch|p1a: Wo-Chien|Wo-Chien|100\/100\n|switch|p2a: Palafin|Palafin, F|100\/100\n|-ability|p1a: Wo-Chien|Tablets of Ruin\n|turn|6\n|\n|t:|1699744769\n|detailschange|p2a: Palafin|Palafin-Hero, F\n|switch|p2a: Weezing|Weezing-Galar, M|100\/100\n|switch|p1a: Landorus|Landorus-Therian, M|100\/100\n|-ability|p1a: Landorus|Intimidate|boost\n|-unboost|p2a: Weezing|atk|1\n|\n|upkeep\n|turn|7\n|\n|t:|1699744774\n|move|p1a: Landorus|Psychic|p2a: Weezing\n|-supereffective|p2a: Weezing\n|-crit|p2a: Weezing\n|-damage|p2a: Weezing|0 fnt\n|faint|p2a: Weezing\n|\n|upkeep\n|\n|t:|1699744777\n|switch|p2a: Landorus|Landorus-Therian, M|100\/100 slp\n|-ability|p2a: Landorus|Intimidate|boost\n|-unboost|p1a: Landorus|atk|1\n|turn|8\n|\n|t:|1699744783\n|switch|p1a: Polteageist|Polteageist|100\/100\n|-curestatus|p2a: Landorus|slp|[msg]\n|move|p2a: Landorus|Substitute|p2a: Landorus\n|-start|p2a: Landorus|Substitute\n|-damage|p2a: Landorus|76\/100\n|\n|-heal|p2a: Landorus|82\/100|[from] item: Leftovers\n|upkeep\n|turn|9\n|\n|t:|1699744785\n|move|p1a: Polteageist|Shell Smash|p1a: Polteageist\n|-unboost|p1a: Polteageist|def|1\n|-unboost|p1a: Polteageist|spd|1\n|-boost|p1a: Polteageist|atk|2\n|-boost|p1a: Polteageist|spa|2\n|-boost|p1a: Polteageist|spe|2\n|move|p2a: Landorus|Nasty Plot|p2a: Landorus\n|-boost|p2a: Landorus|spa|2\n|\n|-heal|p2a: Landorus|88\/100|[from] item: Leftovers\n|upkeep\n|turn|10\n|\n|t:|1699744790\n|move|p1a: Polteageist|Poltergeist|p2a: Landorus\n|-activate|p2a: Landorus|move: Poltergeist|Leftovers\n|-end|p2a: Landorus|Substitute\n|move|p2a: Landorus|Earth Power|p1a: Polteageist\n|-enditem|p1a: Polteageist|Focus Sash\n|-damage|p1a: Polteageist|1\/100\n|\n|-heal|p2a: Landorus|94\/100|[from] item: Leftovers\n|upkeep\n|turn|11\n|\n|t:|1699744809\n|move|p1a: Polteageist|Poltergeist|p2a: Landorus\n|-activate|p2a: Landorus|move: Poltergeist|Leftovers\n|-damage|p2a: Landorus|22\/100\n|move|p2a: Landorus|Earth Power|p1a: Polteageist\n|-damage|p1a: Polteageist|0 fnt\n|faint|p1a: Polteageist\n|\n|-heal|p2a: Landorus|28\/100|[from] item: Leftovers\n|upkeep\n|\n|t:|1699744824\n|switch|p1a: Wo-Chien|Wo-Chien|100\/100\n|-ability|p1a: Wo-Chien|Tablets of Ruin\n|turn|12\n|\n|t:|1699744827\n|move|p1a: Wo-Chien|Trailblaze|p2a: Landorus\n|-damage|p2a: Landorus|7\/100\n|-boost|p1a: Wo-Chien|spe|1\n|move|p2a: Landorus|Tera Blast|p1a: Wo-Chien\n|-damage|p1a: Wo-Chien|58\/100\n|\n|-heal|p1a: Wo-Chien|64\/100|[from] item: Leftovers\n|-heal|p2a: Landorus|13\/100|[from] item: Leftovers\n|upkeep\n|turn|13\n|\n|t:|1699744840\n|move|p1a: Wo-Chien|Trailblaze|p2a: Landorus\n|-damage|p2a: Landorus|0 fnt\n|-boost|p1a: Wo-Chien|spe|1\n|faint|p2a: Landorus\n|\n|-heal|p1a: Wo-Chien|70\/100|[from] item: Leftovers\n|upkeep\n|\n|t:|1699744846\n|switch|p2a: Slowking|Slowking-Galar, M|100\/100\n|turn|14\n|\n|t:|1699744862\n|move|p1a: Wo-Chien|Growth|p1a: Wo-Chien\n|-boost|p1a: Wo-Chien|atk|1\n|-boost|p1a: Wo-Chien|spa|1\n|move|p2a: Slowking|Toxic|p1a: Wo-Chien\n|-status|p1a: Wo-Chien|tox\n|\n|-heal|p1a: Wo-Chien|76\/100 tox|[from] item: Leftovers\n|-damage|p1a: Wo-Chien|70\/100 tox|[from] psn\n|upkeep\n|turn|15\n|\n|t:|1699744868\n|-terastallize|p1a: Wo-Chien|Dark\n|-terastallize|p2a: Slowking|Dark\n|move|p1a: Wo-Chien|Knock Off|p2a: Slowking\n|-resisted|p2a: Slowking\n|-damage|p2a: Slowking|72\/100\n|-enditem|p2a: Slowking|Heavy-Duty Boots|[from] move: Knock Off|[of] p1a: Wo-Chien\n|move|p2a: Slowking|Foul Play|p1a: Wo-Chien\n|-resisted|p1a: Wo-Chien\n|-damage|p1a: Wo-Chien|47\/100 tox\n|\n|-heal|p1a: Wo-Chien|53\/100 tox|[from] item: Leftovers\n|-damage|p1a: Wo-Chien|41\/100 tox|[from] psn\n|upkeep\n|turn|16\n|\n|t:|1699744876\n|move|p1a: Wo-Chien|Power Whip|p2a: Slowking\n|-damage|p2a: Slowking|15\/100\n|move|p2a: Slowking|Foul Play|p1a: Wo-Chien\n|-resisted|p1a: Wo-Chien\n|-damage|p1a: Wo-Chien|14\/100 tox\n|\n|-heal|p1a: Wo-Chien|20\/100 tox|[from] item: Leftovers\n|-damage|p1a: Wo-Chien|2\/100 tox|[from] psn\n|upkeep\n|turn|17\n|\n|t:|1699744880\n|switch|p2a: Slowking|Slowking-Galar, M|100\/100\n|move|p1a: Wo-Chien|Power Whip|p2a: Slowking\n|-damage|p2a: Slowking|0 fnt\n|replace|p2a: Zoroark|Zoroark-Hisui, F\n|-end|p2a: Zoroark|Illusion\n|faint|p2a: Zoroark\n|\n|-heal|p1a: Wo-Chien|8\/100 tox|[from] item: Leftovers\n|-damage|p1a: Wo-Chien|0 fnt|[from] psn\n|faint|p1a: Wo-Chien\n|upkeep\n|\n|t:|1699744892\n|switch|p2a: Palafin|Palafin-Hero, F|100\/100\n|switch|p1a: Fezandipiti|Fezandipiti, M|100\/100\n|-activate|p2a: Palafin|ability: Zero to Hero\n|turn|18\n|\n|t:|1699744895\n|move|p2a: Palafin|Boomburst|p1a: Fezandipiti\n|-damage|p1a: Fezandipiti|41\/100\n|move|p1a: Fezandipiti|Moonblast|p2a: Palafin\n|-damage|p2a: Palafin|66\/100\n|-unboost|p2a: Palafin|spa|1\n|-status|p2a: Palafin|tox|[from] ability: Toxic Chain|[of] p1a: Fezandipiti\n|\n|-heal|p1a: Fezandipiti|47\/100|[from] item: Leftovers\n|-damage|p2a: Palafin|60\/100 tox|[from] psn\n|upkeep\n|turn|19\n|\n|t:|1699744902\n|move|p2a: Palafin|Boomburst|p1a: Fezandipiti\n|-damage|p1a: Fezandipiti|10\/100\n|move|p1a: Fezandipiti|Roost|p1a: Fezandipiti\n|-heal|p1a: Fezandipiti|60\/100\n|-singleturn|p1a: Fezandipiti|move: Roost\n|\n|-heal|p1a: Fezandipiti|66\/100|[from] item: Leftovers\n|-damage|p2a: Palafin|47\/100 tox|[from] psn\n|upkeep\n|turn|20\n|\n|t:|1699744908\n|switch|p2a: Slowking|Slowking-Galar, M, tera:Dark|48\/100\n|move|p1a: Fezandipiti|Roost|p1a: Fezandipiti\n|-heal|p1a: Fezandipiti|100\/100\n|-singleturn|p1a: Fezandipiti|move: Roost\n|\n|upkeep\n|turn|21\n|\n|t:|1699744912\n|move|p1a: Fezandipiti|Moonblast|p2a: Slowking\n|-supereffective|p2a: Slowking\n|-damage|p2a: Slowking|0 fnt\n|faint|p2a: Slowking\n|\n|upkeep\n|\n|t:|1699744914\n|switch|p2a: Palafin|Palafin-Hero, F|47\/100 tox\n|turn|22\n|\n|t:|1699744917\n|move|p2a: Palafin|Boomburst|p1a: Fezandipiti\n|-damage|p1a: Fezandipiti|41\/100\n|move|p1a: Fezandipiti|Moonblast|p2a: Palafin\n|-damage|p2a: Palafin|9\/100 tox\n|\n|-heal|p1a: Fezandipiti|47\/100|[from] item: Leftovers\n|-damage|p2a: Palafin|3\/100 tox|[from] psn\n|upkeep\n|turn|23\n|c|\u2606godiamsosorry|Gg LOL\n|c|\u2606Profesor Turo|Gg wp\n|\n|t:|1699744922\n|switch|p1a: Slowpoke|Slowpoke, M|100\/100\n|move|p2a: Palafin|Boomburst|p1a: Slowpoke\n|-crit|p1a: Slowpoke\n|-damage|p1a: Slowpoke|18\/100\n|\n|-damage|p2a: Palafin|0 fnt|[from] psn\n|faint|p2a: Palafin\n|\n|win|Profesor Turo\n|upkeep\n|l|\u2606godiamsosorry\n","uploadtime":1699744931,"views":40,"p1id":"profesorturo","p2id":"godiamsosorry","formatid":"gen9ubers","rating":0,"private":0,"password":""}