{"id":"gen9ubers-1989818086","p1":"corvere\u2665","p2":"KeshBa45","format":"[Gen 9] Ubers","log":"|j|\u2606corvere\u2665\n|j|\u2606KeshBa45\n|t:|1699898285\n|gametype|singles\n|player|p1|corvere\u2665|anthea|\n|player|p2|KeshBa45|red|\n|teamsize|p1|6\n|teamsize|p2|6\n|gen|9\n|tier|[Gen 9] Ubers\n|rated|Tournament battle\n|rule|Sleep Clause Mod: Limit one foe put to sleep\n|rule|Species Clause: Limit one of each Pok\u00e9mon\n|rule|OHKO Clause: OHKO moves are banned\n|rule|Evasion Items Clause: Evasion items are banned\n|rule|Evasion Moves Clause: Evasion moves are banned\n|rule|Endless Battle Clause: Forcing endless battles is banned\n|rule|HP Percentage Mod: HP is shown in percentages\n|clearpoke\n|poke|p1|Grimmsnarl, M|\n|poke|p1|Maushold-Four|\n|poke|p1|Koraidon|\n|poke|p1|Arceus-Ground|\n|poke|p1|Zacian-*|\n|poke|p1|Miraidon|\n|poke|p2|Gliscor, F|\n|poke|p2|Skeledirge, M|\n|poke|p2|Dondozo, F|\n|poke|p2|Clodsire, M|\n|poke|p2|Blissey, F|\n|poke|p2|Eternatus|\n|teampreview\n|inactive|Battle timer is ON: inactive players will automatically lose when time's up. (requested by corvere\u2665)\n|c|\u2606KeshBa45|glgl\n|c|\u2606KeshBa45|maus\n|\n|t:|1699898302\n|start\n|switch|p1a: accela|Maushold-Four|100\/100\n|switch|p2a: Temptation|Gliscor, F|100\/100\n|turn|1\n|\n|t:|1699898311\n|move|p2a: Temptation|Protect|p2a: Temptation\n|-singleturn|p2a: Temptation|Protect\n|move|p1a: accela|Tidy Up|p1a: accela\n|-boost|p1a: accela|atk|1\n|-boost|p1a: accela|spe|1\n|\n|-status|p2a: Temptation|tox|[from] item: Toxic Orb\n|upkeep\n|turn|2\n|\n|t:|1699898317\n|switch|p2a: Salvation|Skeledirge, M|100\/100\n|move|p1a: accela|Population Bomb|p2a: Salvation\n|-immune|p2a: Salvation\n|\n|upkeep\n|turn|3\n|j| pjs wizards\n|\n|t:|1699898327\n|move|p1a: accela|Taunt|p2a: Salvation\n|-start|p2a: Salvation|move: Taunt\n|cant|p2a: Salvation|move: Taunt|Will-O-Wisp\n|\n|upkeep\n|turn|4\n|\n|t:|1699898330\n|move|p1a: accela|Beat Up|p2a: Salvation\n|-supereffective|p2a: Salvation\n|-damage|p2a: Salvation|94\/100\n|-supereffective|p2a: Salvation\n|-damage|p2a: Salvation|86\/100\n|-supereffective|p2a: Salvation\n|-damage|p2a: Salvation|78\/100\n|-supereffective|p2a: Salvation\n|-damage|p2a: Salvation|69\/100\n|-supereffective|p2a: Salvation\n|-damage|p2a: Salvation|58\/100\n|-supereffective|p2a: Salvation\n|-damage|p2a: Salvation|51\/100\n|-hitcount|p2a: Salvation|6\n|move|p2a: Salvation|Torch Song|p1a: accela\n|-damage|p1a: accela|56\/100\n|-boost|p2a: Salvation|spa|1\n|\n|upkeep\n|turn|5\n|c|\u2606KeshBa45|taunt maus :o\n|\n|t:|1699898353\n|switch|p2a: Fraudbozo|Dondozo, F|100\/100\n|move|p1a: accela|Population Bomb|p2a: Fraudbozo\n|-damage|p2a: Fraudbozo|95\/100\n|-damage|p2a: Fraudbozo|89\/100\n|-damage|p2a: Fraudbozo|83\/100\n|-damage|p2a: Fraudbozo|78\/100\n|-damage|p2a: Fraudbozo|72\/100\n|-damage|p2a: Fraudbozo|67\/100\n|-damage|p2a: Fraudbozo|61\/100\n|-damage|p2a: Fraudbozo|55\/100\n|-damage|p2a: Fraudbozo|50\/100\n|-crit|p2a: Fraudbozo\n|-damage|p2a: Fraudbozo|41\/100\n|-hitcount|p2a: Fraudbozo|10\n|\n|upkeep\n|turn|6\n|c|\u2606KeshBa45|knew it\n|\n|t:|1699898366\n|move|p1a: accela|Population Bomb|p2a: Fraudbozo\n|-damage|p2a: Fraudbozo|35\/100\n|-damage|p2a: Fraudbozo|30\/100\n|-damage|p2a: Fraudbozo|24\/100\n|-damage|p2a: Fraudbozo|18\/100\n|-damage|p2a: Fraudbozo|13\/100\n|-damage|p2a: Fraudbozo|7\/100\n|-damage|p2a: Fraudbozo|2\/100\n|-damage|p2a: Fraudbozo|0 fnt\n|faint|p2a: Fraudbozo\n|-hitcount|p2: Fraudbozo|8\n|\n|upkeep\n|\n|t:|1699898372\n|switch|p2a: Salvation|Skeledirge, M|51\/100\n|turn|7\n|\n|t:|1699898380\n|move|p1a: accela|Population Bomb|p2a: Salvation\n|-immune|p2a: Salvation\n|move|p2a: Salvation|Will-O-Wisp|p1a: accela|[miss]\n|-miss|p2a: Salvation|p1a: accela\n|\n|upkeep\n|turn|8\n|\n|t:|1699898386\n|move|p1a: accela|Beat Up|p2a: Salvation\n|-supereffective|p2a: Salvation\n|-damage|p2a: Salvation|44\/100\n|-supereffective|p2a: Salvation\n|-damage|p2a: Salvation|36\/100\n|-supereffective|p2a: Salvation\n|-damage|p2a: Salvation|28\/100\n|-supereffective|p2a: Salvation\n|-damage|p2a: Salvation|20\/100\n|-supereffective|p2a: Salvation\n|-damage|p2a: Salvation|10\/100\n|-supereffective|p2a: Salvation\n|-damage|p2a: Salvation|3\/100\n|-hitcount|p2a: Salvation|6\n|move|p2a: Salvation|Torch Song|p1a: accela\n|-damage|p1a: accela|15\/100\n|-boost|p2a: Salvation|spa|1\n|\n|upkeep\n|turn|9\n|-message|KeshBa45 forfeited.\n|\n|win|corvere\u2665\n|n|\u2606corvere\u2665|corvere\n|n|\u2606KeshBa45|keshba45\n|n| pjs wizards|pjswizards\n","uploadtime":1699898392,"views":10,"p1id":"corvere","p2id":"keshba45","formatid":"gen9ubers","rating":0,"private":0,"password":""}