{"id":"gen9ubers-1982023616","p1":"newer_noob","p2":"Kman102","format":"[Gen 9] Ubers","log":"|j|\u2606newer_noob\n|j|\u2606Kman102\n|t:|1698960528\n|gametype|singles\n|player|p1|newer_noob|170|1523\n|player|p2|Kman102|1|1435\n|teamsize|p1|6\n|teamsize|p2|6\n|gen|9\n|tier|[Gen 9] Ubers\n|rated|\n|rule|Sleep Clause Mod: Limit one foe put to sleep\n|rule|Species Clause: Limit one of each Pok\u00e9mon\n|rule|OHKO Clause: OHKO moves are banned\n|rule|Evasion Items Clause: Evasion items are banned\n|rule|Evasion Moves Clause: Evasion moves are banned\n|rule|Endless Battle Clause: Forcing endless battles is banned\n|rule|HP Percentage Mod: HP is shown in percentages\n|clearpoke\n|poke|p1|Koraidon|\n|poke|p1|Arceus-Ground|\n|poke|p1|Torkoal, M|\n|poke|p1|Miraidon|\n|poke|p1|Kyogre|\n|poke|p1|Kingambit, M|\n|poke|p2|Kyogre|\n|poke|p2|Arceus|\n|poke|p2|Ribombee, M|\n|poke|p2|Zacian-*|\n|poke|p2|Hippowdon, M|\n|poke|p2|Koraidon|\n|teampreview\n|inactive|Battle timer is ON: inactive players will automatically lose when time's up. (requested by Kman102)\n|\n|t:|1698960534\n|start\n|switch|p1a: Torkoal|Torkoal, M|100\/100\n|switch|p2a: Ribombee|Ribombee, M|100\/100\n|-weather|SunnyDay|[from] ability: Drought|[of] p1a: Torkoal\n|turn|1\n|\n|t:|1698960545\n|move|p2a: Ribombee|Stun Spore|p1a: Torkoal\n|-status|p1a: Torkoal|par\n|move|p1a: Torkoal|Rapid Spin|p2a: Ribombee\n|-damage|p2a: Ribombee|82\/100\n|-boost|p1a: Torkoal|spe|1\n|\n|-weather|SunnyDay|[upkeep]\n|upkeep\n|turn|2\n|\n|t:|1698960552\n|switch|p2a: Kyogre|Kyogre|100\/100\n|-weather|RainDance|[from] ability: Drizzle|[of] p2a: Kyogre\n|cant|p1a: Torkoal|par\n|\n|-weather|RainDance|[upkeep]\n|upkeep\n|turn|3\n|\n|t:|1698960562\n|switch|p1a: Koraidon|Koraidon|100\/100\n|-weather|SunnyDay|[from] ability: Orichalcum Pulse|[of] p1a: Koraidon\n|-activate|p1a: Koraidon|Orichalcum Pulse|[source]\n|move|p2a: Kyogre|Calm Mind|p2a: Kyogre\n|-boost|p2a: Kyogre|spa|1\n|-boost|p2a: Kyogre|spd|1\n|\n|-weather|SunnyDay|[upkeep]\n|upkeep\n|turn|4\n|\n|t:|1698960576\n|move|p1a: Koraidon|U-turn|p2a: Kyogre\n|-damage|p2a: Kyogre|77\/100\n|\n|t:|1698960584\n|switch|p1a: Torkoal|Torkoal, M|100\/100 par|[from] U-turn\n|move|p2a: Kyogre|Thunder Wave|p1a: Torkoal|[miss]\n|-miss|p2a: Kyogre|p1a: Torkoal\n|\n|-weather|SunnyDay|[upkeep]\n|-heal|p2a: Kyogre|83\/100|[from] item: Leftovers\n|upkeep\n|turn|5\n|\n|t:|1698960595\n|move|p2a: Kyogre|Origin Pulse|p1a: Torkoal\n|-supereffective|p1a: Torkoal\n|-crit|p1a: Torkoal\n|-damage|p1a: Torkoal|0 fnt\n|faint|p1a: Torkoal\n|\n|-weather|SunnyDay|[upkeep]\n|-heal|p2a: Kyogre|89\/100|[from] item: Leftovers\n|upkeep\n|\n|t:|1698960601\n|switch|p1a: Koraidon|Koraidon|100\/100\n|-activate|p1a: Koraidon|ability: Orichalcum Pulse\n|turn|6\n|\n|t:|1698960604\n|move|p1a: Koraidon|Close Combat|p2a: Kyogre\n|-damage|p2a: Kyogre|36\/100\n|-unboost|p1a: Koraidon|def|1\n|-unboost|p1a: Koraidon|spd|1\n|move|p2a: Kyogre|Thunder Wave|p1a: Koraidon\n|-status|p1a: Koraidon|par\n|\n|-weather|SunnyDay|[upkeep]\n|-heal|p2a: Kyogre|42\/100|[from] item: Leftovers\n|upkeep\n|turn|7\n|\n|t:|1698960610\n|move|p1a: Koraidon|Close Combat|p2a: Kyogre\n|-damage|p2a: Kyogre|0 fnt\n|-unboost|p1a: Koraidon|def|1\n|-unboost|p1a: Koraidon|spd|1\n|faint|p2a: Kyogre\n|\n|-weather|none\n|upkeep\n|\n|t:|1698960617\n|switch|p2a: Ribombee|Ribombee, M|82\/100\n|turn|8\n|\n|t:|1698960629\n|switch|p1a: Miraidon|Miraidon|100\/100\n|-fieldstart|move: Electric Terrain|[from] ability: Hadron Engine|[of] p1a: Miraidon\n|move|p2a: Ribombee|Moonblast|p1a: Miraidon\n|-supereffective|p1a: Miraidon\n|-crit|p1a: Miraidon\n|-damage|p1a: Miraidon|0 fnt\n|faint|p1a: Miraidon\n|\n|upkeep\n|c|\u2606newer_noob|Fuuuck you dual crit\n|\n|t:|1698960648\n|switch|p1a: Koraidon|Koraidon|100\/100 par\n|-weather|SunnyDay|[from] ability: Orichalcum Pulse|[of] p1a: Koraidon\n|-activate|p1a: Koraidon|Orichalcum Pulse|[source]\n|turn|9\n|\n|t:|1698960653\n|move|p2a: Ribombee|Moonblast|p1a: Koraidon\n|-supereffective|p1a: Koraidon\n|-damage|p1a: Koraidon|0 fnt\n|faint|p1a: Koraidon\n|\n|-weather|SunnyDay|[upkeep]\n|upkeep\n|\n|t:|1698960662\n|switch|p1a: Arceus|Arceus-Ground|100\/100\n|turn|10\n|c|\u2606Kman102|Why did u do that\n|\n|t:|1698960669\n|switch|p2a: Hippowdon|Hippowdon, M|100\/100\n|-weather|Sandstorm|[from] ability: Sand Stream|[of] p2a: Hippowdon\n|move|p1a: Arceus|Calm Mind|p1a: Arceus\n|-boost|p1a: Arceus|spa|1\n|-boost|p1a: Arceus|spd|1\n|\n|-weather|Sandstorm|[upkeep]\n|upkeep\n|turn|11\n|\n|t:|1698960673\n|move|p1a: Arceus|Ice Beam|p2a: Hippowdon\n|-supereffective|p2a: Hippowdon\n|-damage|p2a: Hippowdon|20\/100\n|move|p2a: Hippowdon|Whirlwind|p1a: Arceus\n|drag|p1a: Kingambit|Kingambit, M|100\/100\n|-activate|p1a: Kingambit|ability: Supreme Overlord\n|-start|p1a: Kingambit|fallen3|[silent]\n|\n|-weather|Sandstorm|[upkeep]\n|-heal|p2a: Hippowdon|27\/100|[from] item: Leftovers\n|upkeep\n|turn|12\n|\n|t:|1698960689\n|move|p1a: Kingambit|Iron Head|p2a: Hippowdon\n|-damage|p2a: Hippowdon|0 fnt\n|faint|p2a: Hippowdon\n|\n|-weather|Sandstorm|[upkeep]\n|-fieldend|move: Electric Terrain\n|upkeep\n|\n|t:|1698960698\n|switch|p2a: Koraidon|Koraidon|100\/100\n|-weather|SunnyDay|[from] ability: Orichalcum Pulse|[of] p2a: Koraidon\n|-activate|p2a: Koraidon|Orichalcum Pulse|[source]\n|turn|13\n|\n|t:|1698960727\n|-terastallize|p1a: Kingambit|Flying\n|move|p2a: Koraidon|Close Combat|p1a: Kingambit\n|-resisted|p1a: Kingambit\n|-damage|p1a: Kingambit|64\/100\n|-unboost|p2a: Koraidon|def|1\n|-unboost|p2a: Koraidon|spd|1\n|move|p1a: Kingambit|Iron Head|p2a: Koraidon\n|-damage|p2a: Koraidon|25\/100\n|\n|-weather|SunnyDay|[upkeep]\n|-heal|p1a: Kingambit|70\/100|[from] item: Leftovers\n|upkeep\n|turn|14\n|\n|t:|1698960739\n|switch|p2a: Zacian|Zacian-Crowned|100\/100\n|-ability|p2a: Zacian|Intrepid Sword|boost\n|-boost|p2a: Zacian|atk|1\n|move|p1a: Kingambit|Sucker Punch||[still]\n|-fail|p1a: Kingambit\n|\n|-weather|SunnyDay|[upkeep]\n|-heal|p1a: Kingambit|76\/100|[from] item: Leftovers\n|upkeep\n|turn|15\n|\n|t:|1698960747\n|-end|p1a: Kingambit|fallen3|[silent]\n|switch|p1a: Arceus|Arceus-Ground|100\/100\n|move|p2a: Zacian|Wild Charge|p1a: Arceus\n|-immune|p1a: Arceus\n|\n|-weather|SunnyDay|[upkeep]\n|upkeep\n|turn|16\n|\n|t:|1698960755\n|-terastallize|p2a: Zacian|Fairy\n|move|p2a: Zacian|Play Rough|p1a: Arceus\n|-damage|p1a: Arceus|35\/100\n|move|p1a: Arceus|Judgment|p2a: Zacian\n|-damage|p2a: Zacian|52\/100\n|\n|-weather|SunnyDay|[upkeep]\n|upkeep\n|turn|17\n|\n|t:|1698960764\n|move|p2a: Zacian|Play Rough|p1a: Arceus\n|-damage|p1a: Arceus|0 fnt\n|faint|p1a: Arceus\n|\n|-weather|none\n|upkeep\n|\n|t:|1698960771\n|switch|p1a: Kyogre|Kyogre|100\/100\n|-weather|RainDance|[from] ability: Drizzle|[of] p1a: Kyogre\n|turn|18\n|\n|t:|1698960775\n|move|p2a: Zacian|Wild Charge|p1a: Kyogre\n|-supereffective|p1a: Kyogre\n|-damage|p1a: Kyogre|0 fnt\n|faint|p1a: Kyogre\n|-damage|p2a: Zacian|25\/100|[from] Recoil\n|\n|-weather|RainDance|[upkeep]\n|upkeep\n|\n|t:|1698960777\n|switch|p1a: Kingambit|Kingambit, M, tera:Flying|76\/100\n|-activate|p1a: Kingambit|ability: Supreme Overlord\n|-start|p1a: Kingambit|fallen5|[silent]\n|turn|19\n|\n|t:|1698960779\n|move|p1a: Kingambit|Sucker Punch|p2a: Zacian\n|-resisted|p2a: Zacian\n|-damage|p2a: Zacian|0 fnt\n|faint|p2a: Zacian\n|\n|-weather|RainDance|[upkeep]\n|-heal|p1a: Kingambit|83\/100|[from] item: Leftovers\n|upkeep\n|\n|t:|1698960786\n|switch|p2a: Arceus|Arceus|100\/100\n|turn|20\n|\n|t:|1698960796\n|move|p2a: Arceus|Swords Dance|p2a: Arceus\n|-boost|p2a: Arceus|atk|2\n|move|p1a: Kingambit|Kowtow Cleave|p2a: Arceus\n|-damage|p2a: Arceus|49\/100\n|\n|-weather|RainDance|[upkeep]\n|-heal|p2a: Arceus|55\/100|[from] item: Leftovers\n|-heal|p1a: Kingambit|89\/100|[from] item: Leftovers\n|upkeep\n|turn|21\n|\n|t:|1698960809\n|move|p2a: Arceus|Recover|p2a: Arceus\n|-heal|p2a: Arceus|100\/100\n|move|p1a: Kingambit|Kowtow Cleave|p2a: Arceus\n|-damage|p2a: Arceus|51\/100\n|\n|-weather|RainDance|[upkeep]\n|-heal|p2a: Arceus|57\/100|[from] item: Leftovers\n|-heal|p1a: Kingambit|95\/100|[from] item: Leftovers\n|upkeep\n|turn|22\n|\n|t:|1698960815\n|move|p2a: Arceus|Swords Dance|p2a: Arceus\n|-boost|p2a: Arceus|atk|2\n|move|p1a: Kingambit|Kowtow Cleave|p2a: Arceus\n|-damage|p2a: Arceus|8\/100\n|\n|-weather|none\n|-heal|p2a: Arceus|14\/100|[from] item: Leftovers\n|-heal|p1a: Kingambit|100\/100|[from] item: Leftovers\n|upkeep\n|turn|23\n|\n|t:|1698960822\n|move|p2a: Arceus|Recover|p2a: Arceus\n|-heal|p2a: Arceus|64\/100\n|move|p1a: Kingambit|Kowtow Cleave|p2a: Arceus\n|-damage|p2a: Arceus|12\/100\n|\n|-heal|p2a: Arceus|18\/100|[from] item: Leftovers\n|upkeep\n|turn|24\n|\n|t:|1698960825\n|move|p2a: Arceus|Recover|p2a: Arceus\n|-heal|p2a: Arceus|68\/100\n|move|p1a: Kingambit|Kowtow Cleave|p2a: Arceus\n|-damage|p2a: Arceus|15\/100\n|\n|-heal|p2a: Arceus|21\/100|[from] item: Leftovers\n|upkeep\n|turn|25\n|\n|t:|1698960832\n|move|p2a: Arceus|Recover|p2a: Arceus\n|-heal|p2a: Arceus|71\/100\n|move|p1a: Kingambit|Kowtow Cleave|p2a: Arceus\n|-damage|p2a: Arceus|24\/100\n|\n|-heal|p2a: Arceus|30\/100|[from] item: Leftovers\n|upkeep\n|turn|26\n|\n|t:|1698960836\n|move|p2a: Arceus|Recover|p2a: Arceus\n|-heal|p2a: Arceus|80\/100\n|move|p1a: Kingambit|Kowtow Cleave|p2a: Arceus\n|-damage|p2a: Arceus|29\/100\n|\n|-heal|p2a: Arceus|35\/100|[from] item: Leftovers\n|upkeep\n|turn|27\n|\n|t:|1698960839\n|move|p2a: Arceus|Recover|p2a: Arceus\n|-heal|p2a: Arceus|85\/100\n|move|p1a: Kingambit|Kowtow Cleave|p2a: Arceus\n|-damage|p2a: Arceus|39\/100\n|\n|-heal|p2a: Arceus|45\/100|[from] item: Leftovers\n|upkeep\n|turn|28\n|\n|t:|1698960843\n|move|p2a: Arceus|Recover|p2a: Arceus\n|-heal|p2a: Arceus|95\/100\n|move|p1a: Kingambit|Kowtow Cleave|p2a: Arceus\n|-damage|p2a: Arceus|50\/100\n|\n|-heal|p2a: Arceus|56\/100|[from] item: Leftovers\n|upkeep\n|turn|29\n|\n|t:|1698960851\n|move|p2a: Arceus|Extreme Speed|p1a: Kingambit\n|-damage|p1a: Kingambit|32\/100\n|move|p1a: Kingambit|Kowtow Cleave|p2a: Arceus\n|-damage|p2a: Arceus|9\/100\n|\n|-heal|p2a: Arceus|15\/100|[from] item: Leftovers\n|-heal|p1a: Kingambit|38\/100|[from] item: Leftovers\n|upkeep\n|turn|30\n|\n|t:|1698960854\n|move|p2a: Arceus|Extreme Speed|p1a: Kingambit\n|-damage|p1a: Kingambit|0 fnt\n|faint|p1a: Kingambit\n|-end|p1a: Kingambit|fallen5|[silent]\n|\n|win|Kman102\n|raw|newer_noob's rating: 1523 &rarr; <strong>1498<\/strong><br \/>(-25 for losing)\n|raw|Kman102's rating: 1435 &rarr; <strong>1460<\/strong><br \/>(+25 for winning)\n","uploadtime":1698960641,"views":4,"p1id":"newernoob","p2id":"kman102","formatid":"gen9ubers","rating":1460,"private":0,"password":""}