{"id":"gen9ubers-1983222009","p1":"XxFeopardoxX","p2":"WhiteAmfiny","format":"[Gen 9] Ubers","log":"|j|\u2606XxFeopardoxX\n|j|\u2606WhiteAmfiny\n|t:|1699107085\n|gametype|singles\n|player|p1|XxFeopardoxX|red-gen3|\n|player|p2|WhiteAmfiny|backersf|\n|teamsize|p1|6\n|teamsize|p2|6\n|gen|9\n|tier|[Gen 9] Ubers\n|rule|Sleep Clause Mod: Limit one foe put to sleep\n|rule|Species Clause: Limit one of each Pok\u00e9mon\n|rule|OHKO Clause: OHKO moves are banned\n|rule|Evasion Items Clause: Evasion items are banned\n|rule|Evasion Moves Clause: Evasion moves are banned\n|rule|Endless Battle Clause: Forcing endless battles is banned\n|rule|HP Percentage Mod: HP is shown in percentages\n|clearpoke\n|poke|p1|Chi-Yu|\n|poke|p1|Spectrier|\n|poke|p1|Landorus-Therian, M|\n|poke|p1|Corviknight, M|\n|poke|p1|Hoopa-Unbound|\n|poke|p1|Sneasler, F|\n|poke|p2|Vikavolt, F|\n|poke|p2|Zoroark-Hisui, M|\n|poke|p2|Zapdos-Galar|\n|poke|p2|Groudon|\n|poke|p2|Toxapex, F|\n|poke|p2|Dialga-Origin|\n|teampreview\n|c|\u2606WhiteAmfiny|hf <3\n|c|\u2606XxFeopardoxX|gl hf\n|\n|t:|1699107353\n|start\n|switch|p1a: Stier|Landorus-Therian, M|100\/100\n|switch|p2a: Vikavolt|Vikavolt, F, shiny|100\/100\n|-ability|p1a: Stier|Intimidate|boost\n|-unboost|p2a: Vikavolt|atk|1\n|turn|1\n|\n|t:|1699107421\n|move|p2a: Vikavolt|Shadow Ball|p1a: Stier\n|-damage|p1a: Stier|38\/100\n|move|p1a: Stier|Stealth Rock|p2a: Vikavolt\n|-sidestart|p2: WhiteAmfiny|move: Stealth Rock\n|\n|upkeep\n|turn|2\n|\n|t:|1699107512\n|switch|p1a: Hyper|Hoopa-Unbound|100\/100\n|move|p2a: Vikavolt|Shadow Ball|p1a: Hyper\n|-crit|p1a: Hyper\n|-damage|p1a: Hyper|58\/100\n|\n|upkeep\n|turn|3\n|\n|t:|1699107572\n|switch|p2a: Groudon|Groudon|100\/100\n|-damage|p2a: Groudon|94\/100|[from] Stealth Rock\n|-weather|SunnyDay|[from] ability: Drought|[of] p2a: Groudon\n|move|p1a: Hyper|Hyperspace Fury|p2a: Groudon\n|-damage|p2a: Groudon|61\/100\n|-unboost|p1a: Hyper|def|1\n|\n|-weather|SunnyDay|[upkeep]\n|-heal|p2a: Groudon|67\/100|[from] item: Leftovers\n|upkeep\n|turn|4\n|\n|t:|1699107657\n|switch|p1a: Fisch|Chi-Yu|100\/100\n|-ability|p1a: Fisch|Beads of Ruin\n|move|p2a: Groudon|Stealth Rock|p1a: Fisch\n|-sidestart|p1: XxFeopardoxX|move: Stealth Rock\n|\n|-weather|SunnyDay|[upkeep]\n|-heal|p2a: Groudon|74\/100|[from] item: Leftovers\n|upkeep\n|turn|5\n|\n|t:|1699107699\n|move|p1a: Fisch|Flamethrower|p2a: Groudon\n|-damage|p2a: Groudon|0 fnt\n|faint|p2a: Groudon\n|-damage|p1a: Fisch|91\/100|[from] item: Life Orb\n|\n|-weather|SunnyDay|[upkeep]\n|upkeep\n|\n|t:|1699107771\n|switch|p2a: Zapdos|Zapdos-Galar|100\/100\n|-damage|p2a: Zapdos|88\/100|[from] Stealth Rock\n|turn|6\n|\n|t:|1699107839\n|switch|p1a: birb|Corviknight, M|100\/100\n|-damage|p1a: birb|88\/100|[from] Stealth Rock\n|-ability|p1a: birb|Pressure\n|move|p2a: Zapdos|Thunderous Kick|p1a: birb\n|-damage|p1a: birb|60\/100\n|-unboost|p1a: birb|def|1\n|\n|-weather|SunnyDay|[upkeep]\n|upkeep\n|turn|7\n|\n|t:|1699107894\n|-terastallize|p2a: Zapdos|Steel\n|move|p2a: Zapdos|Knock Off|p1a: birb\n|-damage|p1a: birb|30\/100\n|-enditem|p1a: birb|Sitrus Berry|[from] move: Knock Off|[of] p2a: Zapdos\n|move|p1a: birb|Roost|p1a: birb\n|-heal|p1a: birb|80\/100\n|-singleturn|p1a: birb|move: Roost\n|\n|-weather|none\n|upkeep\n|turn|8\n|\n|t:|1699107910\n|move|p2a: Zapdos|Thunderous Kick|p1a: birb\n|-damage|p1a: birb|37\/100\n|-unboost|p1a: birb|def|1\n|move|p1a: birb|U-turn|p2a: Zapdos\n|-resisted|p2a: Zapdos\n|-damage|p2a: Zapdos|79\/100\n|\n|t:|1699107934\n|switch|p1a: Bo$$|Sneasler, F|100\/100|[from] U-turn\n|-damage|p1a: Bo$$|94\/100|[from] Stealth Rock\n|\n|upkeep\n|turn|9\n|\n|t:|1699107952\n|switch|p2a: Toxapex|Toxapex, F|100\/100\n|-damage|p2a: Toxapex|88\/100|[from] Stealth Rock\n|move|p1a: Bo$$|U-turn|p2a: Toxapex\n|-resisted|p2a: Toxapex\n|-damage|p2a: Toxapex|81\/100\n|\n|t:|1699107977\n|switch|p1a: Hyper|Hoopa-Unbound|58\/100|[from] U-turn\n|-damage|p1a: Hyper|45\/100|[from] Stealth Rock\n|\n|-heal|p2a: Toxapex|87\/100|[from] item: Black Sludge\n|upkeep\n|turn|10\n|\n|t:|1699108010\n|switch|p2a: Dialga|Dialga-Origin|100\/100\n|-damage|p2a: Dialga|94\/100|[from] Stealth Rock\n|-ability|p2a: Dialga|Pressure\n|move|p1a: Hyper|Psychic|p2a: Dialga\n|-resisted|p2a: Dialga\n|-damage|p2a: Dialga|81\/100\n|\n|upkeep\n|turn|11\n|\n|t:|1699108055\n|move|p2a: Dialga|Ice Beam|p1a: Hyper\n|-damage|p1a: Hyper|30\/100\n|move|p1a: Hyper|Drain Punch|p2a: Dialga\n|-supereffective|p2a: Dialga\n|-damage|p2a: Dialga|32\/100\n|-heal|p1a: Hyper|58\/100|[from] drain|[of] p2a: Dialga\n|\n|upkeep\n|turn|12\n|\n|t:|1699108119\n|switch|p2a: Vikavolt|Vikavolt, F, shiny|100\/100\n|-damage|p2a: Vikavolt|88\/100|[from] Stealth Rock\n|move|p1a: Hyper|Drain Punch|p2a: Vikavolt\n|-immune|p2a: Vikavolt\n|\n|upkeep\n|turn|13\n|\n|t:|1699108155\n|move|p2a: Vikavolt|U-turn|p1a: Hyper\n|-supereffective|p1a: Hyper\n|-damage|p1a: Hyper|0 fnt\n|faint|p1a: Hyper\n|\n|t:|1699108160\n|switch|p2a: Zapdos|Zapdos-Galar, tera:Steel|79\/100|[from] U-turn\n|-damage|p2a: Zapdos|73\/100|[from] Stealth Rock\n|\n|upkeep\n|\n|t:|1699108242\n|switch|p1a: Bo$$|Sneasler, F|94\/100\n|-damage|p1a: Bo$$|88\/100|[from] Stealth Rock\n|turn|14\n|\n|t:|1699108277\n|switch|p2a: Toxapex|Toxapex, F|100\/100\n|-damage|p2a: Toxapex|88\/100|[from] Stealth Rock\n|move|p1a: Bo$$|Close Combat|p2a: Toxapex\n|-resisted|p2a: Toxapex\n|-damage|p2a: Toxapex|71\/100\n|-unboost|p1a: Bo$$|def|1\n|-unboost|p1a: Bo$$|spd|1\n|\n|-heal|p2a: Toxapex|77\/100|[from] item: Black Sludge\n|upkeep\n|turn|15\n|\n|t:|1699108359\n|switch|p1a: Pferd|Spectrier|100\/100\n|-damage|p1a: Pferd|88\/100|[from] Stealth Rock\n|move|p2a: Toxapex|Liquidation|p1a: Pferd\n|-damage|p1a: Pferd|60\/100\n|\n|-heal|p1a: Pferd|66\/100|[from] item: Leftovers\n|-heal|p2a: Toxapex|83\/100|[from] item: Black Sludge\n|upkeep\n|turn|16\n|\n|t:|1699108403\n|move|p1a: Pferd|Calm Mind|p1a: Pferd\n|-boost|p1a: Pferd|spa|1\n|-boost|p1a: Pferd|spd|1\n|move|p2a: Toxapex|Liquidation|p1a: Pferd\n|-damage|p1a: Pferd|34\/100\n|\n|-heal|p1a: Pferd|40\/100|[from] item: Leftovers\n|-heal|p2a: Toxapex|89\/100|[from] item: Black Sludge\n|upkeep\n|turn|17\n|\n|t:|1699108426\n|move|p1a: Pferd|Shadow Ball|p2a: Toxapex\n|-damage|p2a: Toxapex|29\/100\n|move|p2a: Toxapex|Liquidation|p1a: Pferd\n|-damage|p1a: Pferd|12\/100\n|\n|-heal|p1a: Pferd|18\/100|[from] item: Leftovers\n|-heal|p2a: Toxapex|35\/100|[from] item: Black Sludge\n|upkeep\n|turn|18\n|\n|t:|1699108439\n|switch|p2a: Vikavolt|Vikavolt, F, shiny|88\/100\n|-damage|p2a: Vikavolt|76\/100|[from] Stealth Rock\n|move|p1a: Pferd|Shadow Ball|p2a: Vikavolt\n|-immune|p2a: Vikavolt\n|\n|-heal|p1a: Pferd|24\/100|[from] item: Leftovers\n|upkeep\n|turn|19\n|\n|t:|1699108479\n|move|p1a: Pferd|Dark Pulse|p2a: Vikavolt\n|-supereffective|p2a: Vikavolt\n|-damage|p2a: Vikavolt|0 fnt\n|replace|p2a: Zoroark|Zoroark-Hisui, M, shiny\n|-end|p2a: Zoroark|Illusion\n|faint|p2a: Zoroark\n|-ability|p1a: Pferd|Grim Neigh|boost\n|-boost|p1a: Pferd|spa|1\n|\n|-heal|p1a: Pferd|30\/100|[from] item: Leftovers\n|upkeep\n|\n|t:|1699108540\n|switch|p2a: Vikavolt|Vikavolt, F, shiny|100\/100\n|turn|20\n|\n|t:|1699108596\n|move|p1a: Pferd|Shadow Ball|p2a: Vikavolt\n|-damage|p2a: Vikavolt|0 fnt\n|faint|p2a: Vikavolt\n|-ability|p1a: Pferd|Grim Neigh|boost\n|-boost|p1a: Pferd|spa|1\n|\n|-heal|p1a: Pferd|36\/100|[from] item: Leftovers\n|upkeep\n|c|\u2606WhiteAmfiny|gg\n|c|\u2606WhiteAmfiny|Ich hab seine F\u00e4higkeit vergessen\n|\n|t:|1699108622\n|switch|p2a: Dialga|Dialga-Origin|32\/100\n|-damage|p2a: Dialga|26\/100|[from] Stealth Rock\n|-ability|p2a: Dialga|Pressure\n|turn|21\n|\n|t:|1699108635\n|move|p1a: Pferd|Shadow Ball|p2a: Dialga\n|-damage|p2a: Dialga|0 fnt\n|faint|p2a: Dialga\n|-ability|p1a: Pferd|Grim Neigh|boost\n|-boost|p1a: Pferd|spa|1\n|\n|-heal|p1a: Pferd|42\/100|[from] item: Leftovers\n|upkeep\n|\n|t:|1699108637\n|switch|p2a: Toxapex|Toxapex, F|68\/100\n|-damage|p2a: Toxapex|56\/100|[from] Stealth Rock\n|turn|22\n|c|\u2606XxFeopardoxX|ok mies\n|\n|t:|1699108650\n|move|p1a: Pferd|Shadow Ball|p2a: Toxapex\n|-damage|p2a: Toxapex|0 fnt\n|faint|p2a: Toxapex\n|-ability|p1a: Pferd|Grim Neigh|boost\n|-boost|p1a: Pferd|spa|1\n|\n|-heal|p1a: Pferd|48\/100|[from] item: Leftovers\n|upkeep\n|c|\u2606WhiteAmfiny|Aber keinen Yuyu switch in im Kader zu haben hat sowieso schon mein Schicksal besiegelt\n|\n|t:|1699108670\n|switch|p2a: Zapdos|Zapdos-Galar, tera:Steel|73\/100\n|-damage|p2a: Zapdos|67\/100|[from] Stealth Rock\n|turn|23\n|\n|t:|1699108683\n|move|p1a: Pferd|Shadow Ball|p2a: Zapdos\n|-damage|p2a: Zapdos|0 fnt\n|faint|p2a: Zapdos\n|\n|win|XxFeopardoxX\n|c|\u2606XxFeopardoxX|gg\n|c|\u2606WhiteAmfiny|mit Webs\n|c|\u2606WhiteAmfiny|h\u00e4tte Zapdos gewonnen\n|c|\u2606XxFeopardoxX|jup\n|c|\u2606WhiteAmfiny|einfach so\n|c|\u2606XxFeopardoxX|hatte defog auf corvi\n|c|\u2606XxFeopardoxX|aber wei\u00df nicht ob ich den noch weggekriegt h\u00e4t\n|c|\u2606WhiteAmfiny|Dann danke ich dir f\u00fcr den SD boost\n|c|\u2606WhiteAmfiny|!showteam\n|c| WhiteAmfiny|\/raw <div class=\"infobox\"><details><summary>View team<\/summary>Vikavolt (F) @ Heavy-Duty Boots  <br \/>Ability: Levitate  <br \/>Shiny: Yes  <br \/>Tera Type: Bug  <br \/>EVs: 248 HP &#x2f; 8 Def &#x2f; 252 SpA  <br \/>Modest Nature  <br \/>IVs: 0 Atk  <br \/>- Thunderbolt  <br \/>- Energy Ball  <br \/>- Volt Switch  <br \/>- Sticky Web  <br \/><br \/>Zoroark (Zoroark-Hisui) (M) @ Choice Specs  <br \/>Ability: Illusion  <br \/>Shiny: Yes  <br \/>Tera Type: Normal  <br \/>EVs: 80 HP &#x2f; 252 SpA &#x2f; 176 Spe  <br \/>Timid Nature  <br \/>- Shadow Ball  <br \/>- Hyper Voice  <br \/>- Flamethrower  <br \/>- U-turn  <br \/><br \/>Zapdos (Zapdos-Galar) @ Protective Pads  <br \/>Ability: Defiant  <br \/>Tera Type: Steel  <br \/>EVs: 252 Atk &#x2f; 4 Def &#x2f; 252 Spe  <br \/>Jolly Nature  <br \/>- Thunderous Kick  <br \/>- Knock Off  <br \/>- Tera Blast  <br \/>- U-turn  <br \/><br \/>Groudon @ Leftovers  <br \/>Ability: Drought  <br \/>Tera Type: Ground  <br \/>EVs: 248 HP &#x2f; 8 Atk &#x2f; 252 Def  <br \/>Impish Nature  <br \/>- Stealth Rock  <br \/>- Will-O-Wisp  <br \/>- Earthquake  <br \/>- Heat Crash  <br \/><br \/>Toxapex (F) @ Black Sludge  <br \/>Ability: Regenerator  <br \/>Tera Type: Poison  <br \/>EVs: 248 HP &#x2f; 252 Def &#x2f; 8 SpD  <br \/>Impish Nature  <br \/>- Liquidation  <br \/>- Ice Beam  <br \/>- Recover  <br \/>- Haze  <br \/><br \/>Dialga (Dialga-Origin) @ Adamant Crystal  <br \/>Ability: Pressure  <br \/>Tera Type: Steel  <br \/>EVs: 248 HP &#x2f; 8 SpA &#x2f; 252 SpD  <br \/>Calm Nature  <br \/>IVs: 0 Atk  <br \/>- Flash Cannon  <br \/>- Earth Power  <br \/>- Thunderbolt  <br \/>- Ice Beam  <br \/><br \/><\/details><\/div>\n|c|\u2606XxFeopardoxX|!showteam\n|c| XxFeopardoxX|\/raw <div class=\"infobox\"><details><summary>View team<\/summary>Fisch (Chi-Yu) @ Life Orb  <br \/>Ability: Beads of Ruin  <br \/>Tera Type: Dark  <br \/>EVs: 252 SpA &#x2f; 4 SpD &#x2f; 252 Spe  <br \/>Timid Nature  <br \/>IVs: 0 Atk  <br \/>- Flamethrower  <br \/>- Dark Pulse  <br \/>- Nasty Plot  <br \/>- Taunt  <br \/><br \/>Pferd (Spectrier) @ Leftovers  <br \/>Ability: Grim Neigh  <br \/>Tera Type: Ghost  <br \/>EVs: 40 HP &#x2f; 252 SpA &#x2f; 216 Spe  <br \/>Timid Nature  <br \/>IVs: 0 Atk  <br \/>- Substitute  <br \/>- Calm Mind  <br \/>- Shadow Ball  <br \/>- Dark Pulse  <br \/><br \/>Stier (Landorus-Therian) (M) @ Rocky Helmet  <br \/>Ability: Intimidate  <br \/>Tera Type: Water  <br \/>EVs: 252 HP &#x2f; 252 Def &#x2f; 4 SpD  <br \/>Impish Nature  <br \/>- U-turn  <br \/>- Stealth Rock  <br \/>- Earthquake  <br \/>- Stone Edge  <br \/><br \/>birb (Corviknight) (M) @ Sitrus Berry  <br \/>Ability: Pressure  <br \/>Tera Type: Flying  <br \/>EVs: 252 HP &#x2f; 252 Def &#x2f; 4 SpD  <br \/>Impish Nature  <br \/>- Defog  <br \/>- Brave Bird  <br \/>- U-turn  <br \/>- Roost  <br \/><br \/>Hyper (Hoopa-Unbound) @ Assault Vest  <br \/>Ability: Magician  <br \/>Tera Type: Psychic  <br \/>EVs: 252 HP &#x2f; 252 Atk  <br \/>Lonely Nature  <br \/>- Drain Punch  <br \/>- Psychic  <br \/>- Gunk Shot  <br \/>- Hyperspace Fury  <br \/><br \/>Bo$$ (Sneasler) (F) @ Choice Scarf  <br \/>Ability: Poison Touch  <br \/>Tera Type: Fighting  <br \/>EVs: 80 HP &#x2f; 252 Atk &#x2f; 176 Spe  <br \/>Jolly Nature  <br \/>- Dire Claw  <br \/>- Rock Slide  <br \/>- U-turn  <br \/>- Close Combat  <br \/><br \/><\/details><\/div>\n","uploadtime":1699108826,"views":23,"p1id":"xxfeopardoxx","p2id":"whiteamfiny","formatid":"gen9ubers","rating":0,"private":0,"password":""}