{"id":"gen9ubers-1985735803","p1":"red1998poke","p2":"Kingcam4khd","format":"[Gen 9] Ubers","log":"|j|\u2606red1998poke\n|j|\u2606Kingcam4khd\n|t:|1699400738\n|gametype|singles\n|player|p1|red1998poke|266|1047\n|player|p2|Kingcam4khd|265|1061\n|teamsize|p1|6\n|teamsize|p2|6\n|gen|9\n|tier|[Gen 9] Ubers\n|rated|\n|rule|Sleep Clause Mod: Limit one foe put to sleep\n|rule|Species Clause: Limit one of each Pok\u00e9mon\n|rule|OHKO Clause: OHKO moves are banned\n|rule|Evasion Items Clause: Evasion items are banned\n|rule|Evasion Moves Clause: Evasion moves are banned\n|rule|Endless Battle Clause: Forcing endless battles is banned\n|rule|HP Percentage Mod: HP is shown in percentages\n|clearpoke\n|poke|p1|Bonsly, F|\n|poke|p1|Magnemite|\n|poke|p1|Drifloon, F|\n|poke|p1|Stunky, M|\n|poke|p1|Seedot, M|\n|poke|p1|Basculegion, M|\n|poke|p2|Samurott-Hisui, F|\n|poke|p2|Kyogre|\n|poke|p2|Baxcalibur, F|\n|poke|p2|Flutter Mane|\n|poke|p2|Zacian-*|\n|poke|p2|Chi-Yu|\n|teampreview\n|\n|t:|1699400746\n|start\n|switch|p1a: Drifloon|Drifloon, F|100\/100\n|switch|p2a: Fish|Chi-Yu|100\/100\n|-ability|p2a: Fish|Beads of Ruin\n|turn|1\n|\n|t:|1699400762\n|move|p2a: Fish|Flamethrower|p1a: Drifloon\n|-enditem|p1a: Drifloon|Focus Sash\n|-damage|p1a: Drifloon|1\/100\n|move|p1a: Drifloon|Explosion|p2a: Fish\n|-damage|p2a: Fish|25\/100\n|faint|p1a: Drifloon\n|\n|upkeep\n|\n|t:|1699400784\n|switch|p1a: Stunky|Stunky, M|100\/100\n|turn|2\n|\n|t:|1699400793\n|move|p2a: Fish|Flamethrower|p1a: Stunky\n|-enditem|p1a: Stunky|Focus Sash\n|-damage|p1a: Stunky|1\/100\n|move|p1a: Stunky|Explosion|p2a: Fish\n|-damage|p2a: Fish|0 fnt\n|faint|p1a: Stunky\n|faint|p2a: Fish\n|\n|upkeep\n|\n|t:|1699400802\n|switch|p2a: Flutter Mane|Flutter Mane, shiny|100\/100\n|switch|p1a: Bonsly|Bonsly, F|100\/100\n|-enditem|p2a: Flutter Mane|Booster Energy\n|-activate|p2a: Flutter Mane|ability: Protosynthesis|[fromitem]\n|-start|p2a: Flutter Mane|protosynthesisspa\n|turn|3\n|\n|t:|1699400809\n|move|p2a: Flutter Mane|Moonblast|p1a: Bonsly\n|-ability|p1a: Bonsly|Sturdy\n|-damage|p1a: Bonsly|1\/100\n|move|p1a: Bonsly|Stealth Rock|p2a: Flutter Mane\n|-sidestart|p2: Kingcam4khd|move: Stealth Rock\n|\n|-damage|p1a: Bonsly|0 fnt|[from] item: Black Sludge\n|faint|p1a: Bonsly\n|upkeep\n|\n|t:|1699400820\n|switch|p1a: Seedot|Seedot, M|100\/100\n|turn|4\n|\n|t:|1699400824\n|move|p2a: Flutter Mane|Moonblast|p1a: Seedot\n|-enditem|p1a: Seedot|Focus Sash\n|-damage|p1a: Seedot|1\/100\n|move|p1a: Seedot|Explosion|p2a: Flutter Mane\n|-immune|p2a: Flutter Mane\n|faint|p1a: Seedot\n|\n|upkeep\n|\n|t:|1699400827\n|switch|p1a: Magnemite|Magnemite|100\/100\n|turn|5\n|\n|t:|1699400834\n|move|p2a: Flutter Mane|Moonblast|p1a: Magnemite\n|-resisted|p1a: Magnemite\n|-damage|p1a: Magnemite|14\/100\n|move|p1a: Magnemite|Rain Dance|p1a: Magnemite\n|-weather|RainDance\n|\n|-weather|RainDance|[upkeep]\n|upkeep\n|turn|6\n|\n|t:|1699400840\n|move|p2a: Flutter Mane|Calm Mind|p2a: Flutter Mane\n|-boost|p2a: Flutter Mane|spa|1\n|-boost|p2a: Flutter Mane|spd|1\n|move|p1a: Magnemite|Rain Dance||[still]\n|-fail|p1a: Magnemite\n|\n|-weather|RainDance|[upkeep]\n|upkeep\n|turn|7\n|\n|t:|1699400846\n|move|p2a: Flutter Mane|Calm Mind|p2a: Flutter Mane\n|-boost|p2a: Flutter Mane|spa|1\n|-boost|p2a: Flutter Mane|spd|1\n|move|p1a: Magnemite|Rain Dance||[still]\n|-fail|p1a: Magnemite\n|\n|-weather|RainDance|[upkeep]\n|upkeep\n|turn|8\n|\n|t:|1699400851\n|switch|p1a: Basculegion|Basculegion, M|100\/100\n|move|p2a: Flutter Mane|Calm Mind|p2a: Flutter Mane\n|-boost|p2a: Flutter Mane|spa|1\n|-boost|p2a: Flutter Mane|spd|1\n|\n|-weather|RainDance|[upkeep]\n|upkeep\n|turn|9\n|\n|t:|1699400858\n|-terastallize|p1a: Basculegion|Ghost\n|move|p1a: Basculegion|Last Respects|p2a: Flutter Mane\n|-supereffective|p2a: Flutter Mane\n|-damage|p2a: Flutter Mane|0 fnt\n|faint|p2a: Flutter Mane\n|-end|p2a: Flutter Mane|Protosynthesis|[silent]\n|\n|-weather|RainDance|[upkeep]\n|upkeep\n|\n|t:|1699400864\n|switch|p2a: White blade|Samurott-Hisui, F, shiny|100\/100\n|-damage|p2a: White blade|88\/100|[from] Stealth Rock\n|turn|10\n|\n|t:|1699400869\n|-terastallize|p2a: White blade|Water\n|move|p1a: Basculegion|Last Respects|p2a: White blade\n|-damage|p2a: White blade|0 fnt\n|faint|p2a: White blade\n|\n|-weather|RainDance|[upkeep]\n|upkeep\n|\n|t:|1699400875\n|switch|p2a: OP|Zacian-Crowned, shiny|100\/100\n|-damage|p2a: OP|94\/100|[from] Stealth Rock\n|-ability|p2a: OP|Intrepid Sword|boost\n|-boost|p2a: OP|atk|1\n|turn|11\n|\n|t:|1699400882\n|move|p1a: Basculegion|Last Respects|p2a: OP\n|-crit|p2a: OP\n|-damage|p2a: OP|0 fnt\n|faint|p2a: OP\n|\n|-weather|RainDance|[upkeep]\n|upkeep\n|\n|t:|1699400887\n|switch|p2a: Xcalibur|Baxcalibur, F, shiny|100\/100\n|-damage|p2a: Xcalibur|76\/100|[from] Stealth Rock\n|turn|12\n|\n|t:|1699400890\n|move|p1a: Basculegion|Last Respects|p2a: Xcalibur\n|-damage|p2a: Xcalibur|0 fnt\n|faint|p2a: Xcalibur\n|\n|-weather|none\n|upkeep\n|\n|t:|1699400896\n|switch|p2a: Moby|Kyogre, shiny|100\/100\n|-damage|p2a: Moby|88\/100|[from] Stealth Rock\n|-weather|RainDance|[from] ability: Drizzle|[of] p2a: Moby\n|turn|13\n|\n|t:|1699400901\n|move|p1a: Basculegion|Last Respects|p2a: Moby\n|-damage|p2a: Moby|0 fnt\n|faint|p2a: Moby\n|\n|win|red1998poke\n|raw|red1998poke's rating: 1047 &rarr; <strong>1081<\/strong><br \/>(+34 for winning)\n|raw|Kingcam4khd's rating: 1061 &rarr; <strong>1041<\/strong><br \/>(-20 for losing)\n","uploadtime":1699400925,"views":15,"p1id":"red1998poke","p2id":"kingcam4khd","formatid":"gen9ubers","rating":1041,"private":0,"password":""}